{"version":"0bce55e37f6ffee9fb94668e0d2bda0f","result":{"pages":4,"data":[{"SECUCODE":"00580.HK","SECURITY_CODE":"00580","SECURITY_NAME_ABBR":"赛晶科技","ORG_CODE":"10149563","STD_REPORT_DATE":"2024-06-30 00:00:00","REPORT_DATE":"2024-06-30 00:00:00","DATE_TYPE_CODE":"002","REPORT_TYPE":"2024年中报","PER_NETCASH_OPERATE":-0.144135005533,"PER_OI":0.408594365299,"BPS":1.170535560833,"BASIC_EPS":0.0209,"DILUTED_EPS":0.0209,"OPERATE_INCOME":655758000,"OPERATE_INCOME_YOY":42.7174196918,"GROSS_PROFIT":234784000,"GROSS_PROFIT_YOY":89.064437680179,"HOLDER_PROFIT":33722000,"HOLDER_PROFIT_YOY":653.9093298292,"GROSS_PROFIT_RATIO":35.803451883164,"EPS_TTM":0.044461627803,"OPERATE_INCOME_QOQ":18.609806371847,"NET_PROFIT_RATIO":3.1921837019,"ROE_AVG":1.816047261819,"GROSS_PROFIT_QOQ":32.96356786915,"ROA":1.175320227013,"HOLDER_PROFIT_QOQ":126.19266491267,"ROE_YEARLY":3.632094523639,"ROIC_YEARLY":3.110177641759,"TOTAL_ASSETS":2900898000,"TOTAL_LIABILITIES":969808000,"TAX_EBT":42.411070455859,"OCF_SALES":-35.275818213426,"TOTAL_PARENT_EQUITY":1866131000,"DEBT_ASSET_RATIO":33.4313029965,"OPERATE_PROFIT":44897000,"PRETAX_PROFIT":36349000,"NETCASH_OPERATE":-231324000,"NETCASH_INVEST":-84118000,"NETCASH_FINANCE":-19124000,"END_CASH":463093000,"DIVI_RATIO":null,"DIVIDEND_RATE":null,"CURRENT_RATIO":2.506022145956,"COMMON_ACS":2000000000,"CURRENTDEBT_DEBT":79.618852391401,"ISSUED_COMMON_SHARES":1594254000,"HK_COMMON_SHARES":1594254000,"PER_SHARES":2000,"TOTAL_MARKET_CAP":2088472740,"HKSK_MARKET_CAP":2088472740,"PE_TTM":26.651211949797,"PB_TTM":1.021422022539,"REPORT_DATE_SQ":"2023-06-30 00:00:00","REPORT_TYPE_SQ":"2023年中报","OPERATE_INCOME_SQ":459480000,"DPS_HKD":null,"OPERATE_INCOME_QOQ_SQ":4.297108239447,"NET_PROFIT_RATIO_SQ":-2.9124227387,"HOLDER_PROFIT_SQ":-6088000,"HOLDER_PROFIT_QOQ_SQ":4.423413657967,"ROE_AVG_SQ":-0.332905262807,"PE_TTM_SQ":64.098693786957,"PB_TTM_SQ":0.925652164628,"ROA_SQ":-0.24099137391,"START_DATE":"2024-01-01 00:00:00","FISCAL_YEAR":"12-31","CURRENCY":"HKD","IS_CNY_CODE":0,"DPS_HKD_LY":null,"ORG_TYPE":"一般企业","PREMIUM_INCOME":null,"PREMIUM_INCOME_YOY":null,"NET_INTEREST_INCOME":null,"NET_INTEREST_INCOME_YOY":null,"FEE_COMMISSION_INCOME":null,"FEE_COMMISSION_INCOME_YOY":null,"ACCOUNTS_RECE_TDAYS":0.694254039355,"INVENTORY_TDAYS":1.535975422875,"CURRENT_ASSETS_TDAYS":0.333850330473,"TOTAL_ASSETS_TDAYS":0.228552767163,"PREMIUM_EXPENSE":null,"LOAN_DEPOSIT":null,"LOAN_EQUITY":null,"LOAN_ASSETS":null,"DEPOSIT_EQUITY":null,"DEPOSIT_ASSETS":null,"EQUITY_MULTIPLIER":1.502207561532,"EQUITY_RATIO":0.519689132221},{"SECUCODE":"00580.HK","SECURITY_CODE":"00580","SECURITY_NAME_ABBR":"赛晶科技","ORG_CODE":"10149563","STD_REPORT_DATE":"2023-12-31 00:00:00","REPORT_DATE":"2023-12-31 00:00:00","DATE_TYPE_CODE":"001","REPORT_TYPE":"2023年年报","PER_NETCASH_OPERATE":0.021755125432,"PER_OI":0.649931291171,"BPS":1.158942677892,"BASIC_EPS":0.0194,"DILUTED_EPS":0.0193,"OPERATE_INCOME":1054702000,"OPERATE_INCOME_YOY":14.9188258624,"GROSS_PROFIT":335528000,"GROSS_PROFIT_YOY":28.357580881481,"HOLDER_PROFIT":31547000,"HOLDER_PROFIT_YOY":31.5225548236,"GROSS_PROFIT_RATIO":31.812587821015,"EPS_TTM":0.01943997683,"OPERATE_INCOME_QOQ":10.184095994852,"NET_PROFIT_RATIO":2.3667348692,"ROE_AVG":1.71513167266,"GROSS_PROFIT_QOQ":24.320739266884,"ROA":1.182847788445,"HOLDER_PROFIT_QOQ":25.951211721963,"ROE_YEARLY":1.71513167266,"ROIC_YEARLY":1.678448402223,"TOTAL_ASSETS":2837453000,"TOTAL_LIABILITIES":915792000,"TAX_EBT":46.855439642325,"OCF_SALES":3.347296203098,"TOTAL_PARENT_EQUITY":1847649000,"DEBT_ASSET_RATIO":32.275142531,"OPERATE_PROFIT":61647000,"PRETAX_PROFIT":46970000,"NETCASH_OPERATE":35304000,"NETCASH_INVEST":-79841000,"NETCASH_FINANCE":221455000,"END_CASH":799300000,"DIVI_RATIO":null,"DIVIDEND_RATE":null,"CURRENT_RATIO":2.882116083886,"COMMON_ACS":2000000000,"CURRENTDEBT_DEBT":75.525337631253,"ISSUED_COMMON_SHARES":1594254000,"HK_COMMON_SHARES":1594254000,"PER_SHARES":2000,"TOTAL_MARKET_CAP":2104415280,"HKSK_MARKET_CAP":2104415280,"PE_TTM":26.854656315826,"PB_TTM":1.029219137215,"REPORT_DATE_SQ":"2022-12-31 00:00:00","REPORT_TYPE_SQ":"2022年年报","OPERATE_INCOME_SQ":917780000,"DPS_HKD":null,"OPERATE_INCOME_QOQ_SQ":6.687590816623,"NET_PROFIT_RATIO_SQ":2.5089890824,"HOLDER_PROFIT_SQ":23986000,"HOLDER_PROFIT_QOQ_SQ":24.492655836404,"ROE_AVG_SQ":1.34156190783,"PE_TTM_SQ":72.040124875607,"PB_TTM_SQ":1.040334733697,"ROA_SQ":0.984290581161,"START_DATE":"2023-01-01 00:00:00","FISCAL_YEAR":"12-31","CURRENCY":"HKD","IS_CNY_CODE":0,"DPS_HKD_LY":null,"ORG_TYPE":"一般企业","PREMIUM_INCOME":null,"PREMIUM_INCOME_YOY":null,"NET_INTEREST_INCOME":null,"NET_INTEREST_INCOME_YOY":null,"FEE_COMMISSION_INCOME":null,"FEE_COMMISSION_INCOME_YOY":null,"ACCOUNTS_RECE_TDAYS":1.307874450739,"INVENTORY_TDAYS":3.65961127946,"CURRENT_ASSETS_TDAYS":0.56453841565,"TOTAL_ASSETS_TDAYS":0.395458182448,"PREMIUM_EXPENSE":null,"LOAN_DEPOSIT":null,"LOAN_EQUITY":null,"LOAN_ASSETS":null,"DEPOSIT_EQUITY":null,"DEPOSIT_ASSETS":null,"EQUITY_MULTIPLIER":1.476562723602,"EQUITY_RATIO":0.495652583364},{"SECUCODE":"00580.HK","SECURITY_CODE":"00580","SECURITY_NAME_ABBR":"赛晶科技","ORG_CODE":"10149563","STD_REPORT_DATE":"2023-06-30 00:00:00","REPORT_DATE":"2023-06-30 00:00:00","DATE_TYPE_CODE":"002","REPORT_TYPE":"2023年中报","PER_NETCASH_OPERATE":-0.06046105137,"PER_OI":0.281602439721,"BPS":1.145663112653,"BASIC_EPS":-0.0037,"DILUTED_EPS":-0.0037,"OPERATE_INCOME":459480000,"OPERATE_INCOME_YOY":9.3890610939,"GROSS_PROFIT":124182000,"GROSS_PROFIT_YOY":7.336594810448,"HOLDER_PROFIT":-6088000,"HOLDER_PROFIT_YOY":14.8412365366,"GROSS_PROFIT_RATIO":27.026638809089,"EPS_TTM":0.015350605701,"OPERATE_INCOME_QOQ":4.297108239447,"NET_PROFIT_RATIO":-2.9124227387,"ROE_AVG":-0.332905262807,"GROSS_PROFIT_QOQ":3.247118411942,"ROA":-0.24099137391,"HOLDER_PROFIT_QOQ":4.423413657967,"ROE_YEARLY":-0.665810525614,"ROIC_YEARLY":-0.650348836091,"TOTAL_ASSETS":2555840000,"TOTAL_LIABILITIES":653843000,"TAX_EBT":-169.255533199195,"OCF_SALES":-21.470357795769,"TOTAL_PARENT_EQUITY":1826478000,"DEBT_ASSET_RATIO":25.5823134469,"OPERATE_PROFIT":-505000,"PRETAX_PROFIT":-4970000,"NETCASH_OPERATE":-98652000,"NETCASH_INVEST":-80298000,"NETCASH_FINANCE":88775000,"END_CASH":530795000,"DIVI_RATIO":null,"DIVIDEND_RATE":null,"CURRENT_RATIO":4.142471056141,"COMMON_ACS":2000000000,"CURRENTDEBT_DEBT":64.79613607548,"ISSUED_COMMON_SHARES":1594254000,"HK_COMMON_SHARES":1594254000,"PER_SHARES":2000,"TOTAL_MARKET_CAP":2104415280,"HKSK_MARKET_CAP":2104415280,"PE_TTM":26.854656315826,"PB_TTM":1.029219137215,"REPORT_DATE_SQ":"2022-06-30 00:00:00","REPORT_TYPE_SQ":"2022年中报","OPERATE_INCOME_SQ":420042000,"DPS_HKD":null,"OPERATE_INCOME_QOQ_SQ":-7.598561534363,"NET_PROFIT_RATIO_SQ":-2.5990258117,"HOLDER_PROFIT_SQ":-7149000,"HOLDER_PROFIT_QOQ_SQ":24.632899928844,"ROE_AVG_SQ":-0.410859943828,"PE_TTM_SQ":72.040124875607,"PB_TTM_SQ":1.040334733697,"ROA_SQ":-0.299645090949,"START_DATE":"2023-01-01 00:00:00","FISCAL_YEAR":"12-31","CURRENCY":"HKD","IS_CNY_CODE":0,"DPS_HKD_LY":null,"ORG_TYPE":"一般企业","PREMIUM_INCOME":null,"PREMIUM_INCOME_YOY":null,"NET_INTEREST_INCOME":null,"NET_INTEREST_INCOME_YOY":null,"FEE_COMMISSION_INCOME":null,"FEE_COMMISSION_INCOME_YOY":null,"ACCOUNTS_RECE_TDAYS":0.55476037112,"INVENTORY_TDAYS":1.851702742779,"CURRENT_ASSETS_TDAYS":0.26270253489,"TOTAL_ASSETS_TDAYS":0.181883568469,"PREMIUM_EXPENSE":null,"LOAN_DEPOSIT":null,"LOAN_EQUITY":null,"LOAN_ASSETS":null,"DEPOSIT_EQUITY":null,"DEPOSIT_ASSETS":null,"EQUITY_MULTIPLIER":1.343766577971,"EQUITY_RATIO":0.357980222045},{"SECUCODE":"00580.HK","SECURITY_CODE":"00580","SECURITY_NAME_ABBR":"赛晶科技","ORG_CODE":"10149563","STD_REPORT_DATE":"2022-12-31 00:00:00","REPORT_DATE":"2022-12-31 00:00:00","DATE_TYPE_CODE":"001","REPORT_TYPE":"2022年年报","PER_NETCASH_OPERATE":0.05513553101,"PER_OI":0.562941935611,"BPS":1.148511466805,"BASIC_EPS":0.0147,"DILUTED_EPS":0.0146,"OPERATE_INCOME":917780000,"OPERATE_INCOME_YOY":-1.4191314211,"GROSS_PROFIT":261401000,"GROSS_PROFIT_YOY":-7.897073435419,"HOLDER_PROFIT":23986000,"HOLDER_PROFIT_YOY":55.1588071673,"GROSS_PROFIT_RATIO":28.481880189152,"EPS_TTM":0.014712376896,"OPERATE_INCOME_QOQ":6.687590816623,"NET_PROFIT_RATIO":2.5089890824,"ROE_AVG":1.34156190783,"GROSS_PROFIT_QOQ":-4.159899100632,"ROA":0.984290581161,"HOLDER_PROFIT_QOQ":24.492655836404,"ROE_YEARLY":1.34156190783,"ROIC_YEARLY":1.358922040445,"TOTAL_ASSETS":2496623000,"TOTAL_LIABILITIES":582675000,"TAX_EBT":40.783315331996,"OCF_SALES":9.794177253808,"TOTAL_PARENT_EQUITY":1831019000,"DEBT_ASSET_RATIO":23.3385256805,"OPERATE_PROFIT":50384000,"PRETAX_PROFIT":38886000,"NETCASH_OPERATE":89889000,"NETCASH_INVEST":-89954000,"NETCASH_FINANCE":29009000,"END_CASH":618768000,"DIVI_RATIO":null,"DIVIDEND_RATE":null,"CURRENT_RATIO":4.263177203456,"COMMON_ACS":2000000000,"CURRENTDEBT_DEBT":70.171021581499,"ISSUED_COMMON_SHARES":1594254000,"HK_COMMON_SHARES":1594254000,"PER_SHARES":2000,"TOTAL_MARKET_CAP":2104415280,"HKSK_MARKET_CAP":2104415280,"PE_TTM":26.854656315826,"PB_TTM":1.029219137215,"REPORT_DATE_SQ":"2021-12-31 00:00:00","REPORT_TYPE_SQ":"2021年年报","OPERATE_INCOME_SQ":930992000,"DPS_HKD":null,"OPERATE_INCOME_QOQ_SQ":-8.624776344704,"NET_PROFIT_RATIO_SQ":1.9926057367,"HOLDER_PROFIT_SQ":15459000,"HOLDER_PROFIT_QOQ_SQ":-79.285254864126,"ROE_AVG_SQ":0.8825330222,"PE_TTM_SQ":72.040124875607,"PB_TTM_SQ":1.040334733697,"ROA_SQ":0.631468915811,"START_DATE":"2022-01-01 00:00:00","FISCAL_YEAR":"12-31","CURRENCY":"HKD","IS_CNY_CODE":0,"DPS_HKD_LY":null,"ORG_TYPE":"一般企业","PREMIUM_INCOME":null,"PREMIUM_INCOME_YOY":null,"NET_INTEREST_INCOME":null,"NET_INTEREST_INCOME_YOY":null,"FEE_COMMISSION_INCOME":null,"FEE_COMMISSION_INCOME_YOY":null,"ACCOUNTS_RECE_TDAYS":1.285777128976,"INVENTORY_TDAYS":3.552113125759,"CURRENT_ASSETS_TDAYS":0.539458220025,"TOTAL_ASSETS_TDAYS":0.376620616017,"PREMIUM_EXPENSE":null,"LOAN_DEPOSIT":null,"LOAN_EQUITY":null,"LOAN_ASSETS":null,"DEPOSIT_EQUITY":null,"DEPOSIT_ASSETS":null,"EQUITY_MULTIPLIER":1.30443617068,"EQUITY_RATIO":0.318224442237},{"SECUCODE":"00580.HK","SECURITY_CODE":"00580","SECURITY_NAME_ABBR":"赛晶科技","ORG_CODE":"10149563","STD_REPORT_DATE":"2022-06-30 00:00:00","REPORT_DATE":"2022-06-30 00:00:00","DATE_TYPE_CODE":"002","REPORT_TYPE":"2022年中报","PER_NETCASH_OPERATE":0.008529610966,"PER_OI":0.256757549751,"BPS":1.088411884179,"BASIC_EPS":-0.0044,"DILUTED_EPS":-0.0044,"OPERATE_INCOME":420042000,"OPERATE_INCOME_YOY":-14.4140803286,"GROSS_PROFIT":115694000,"GROSS_PROFIT_YOY":-8.730603261255,"HOLDER_PROFIT":-7149000,"HOLDER_PROFIT_YOY":34.7540385142,"GROSS_PROFIT_RATIO":27.543436132577,"EPS_TTM":0.011777269204,"OPERATE_INCOME_QOQ":-7.598561534363,"NET_PROFIT_RATIO":-2.5990258117,"ROE_AVG":-0.410859943828,"GROSS_PROFIT_QOQ":-3.89938480836,"ROA":-0.299645090949,"HOLDER_PROFIT_QOQ":24.632899928844,"ROE_YEARLY":-0.821719887656,"ROIC_YEARLY":-0.809735171066,"TOTAL_ASSETS":2394504000,"TOTAL_LIABILITIES":608230000,"TAX_EBT":-162.933526011561,"OCF_SALES":3.322048747506,"TOTAL_PARENT_EQUITY":1735205000,"DEBT_ASSET_RATIO":25.4010851517,"OPERATE_PROFIT":3175000,"PRETAX_PROFIT":-4152000,"NETCASH_OPERATE":13954000,"NETCASH_INVEST":-44938000,"NETCASH_FINANCE":-9261000,"END_CASH":547135000,"DIVI_RATIO":null,"DIVIDEND_RATE":null,"CURRENT_RATIO":3.836668921799,"COMMON_ACS":2000000000,"CURRENTDEBT_DEBT":70.961313976621,"ISSUED_COMMON_SHARES":1594254000,"HK_COMMON_SHARES":1594254000,"PER_SHARES":2000,"TOTAL_MARKET_CAP":2104415280,"HKSK_MARKET_CAP":2104415280,"PE_TTM":26.854656315826,"PB_TTM":1.029219137215,"REPORT_DATE_SQ":"2021-06-30 00:00:00","REPORT_TYPE_SQ":"2021年中报","OPERATE_INCOME_SQ":490784000,"DPS_HKD":null,"OPERATE_INCOME_QOQ_SQ":-16.198570337001,"NET_PROFIT_RATIO_SQ":-2.5903452435,"HOLDER_PROFIT_SQ":-10957000,"HOLDER_PROFIT_QOQ_SQ":-57.893192653821,"ROE_AVG_SQ":-0.631509360396,"PE_TTM_SQ":72.040124875607,"PB_TTM_SQ":1.040334733697,"ROA_SQ":-0.436223033906,"START_DATE":"2022-01-01 00:00:00","FISCAL_YEAR":"12-31","CURRENCY":"HKD","IS_CNY_CODE":0,"DPS_HKD_LY":null,"ORG_TYPE":"一般企业","PREMIUM_INCOME":null,"PREMIUM_INCOME_YOY":null,"NET_INTEREST_INCOME":null,"NET_INTEREST_INCOME_YOY":null,"FEE_COMMISSION_INCOME":null,"FEE_COMMISSION_INCOME_YOY":null,"ACCOUNTS_RECE_TDAYS":0.606490532474,"INVENTORY_TDAYS":1.552178214792,"CURRENT_ASSETS_TDAYS":0.253384226298,"TOTAL_ASSETS_TDAYS":0.176057523139,"PREMIUM_EXPENSE":null,"LOAN_DEPOSIT":null,"LOAN_EQUITY":null,"LOAN_ASSETS":null,"DEPOSIT_EQUITY":null,"DEPOSIT_ASSETS":null,"EQUITY_MULTIPLIER":1.340502073031,"EQUITY_RATIO":0.350523425186},{"SECUCODE":"00580.HK","SECURITY_CODE":"00580","SECURITY_NAME_ABBR":"赛晶科技","ORG_CODE":"10149563","STD_REPORT_DATE":"2021-12-31 00:00:00","REPORT_DATE":"2021-12-31 00:00:00","DATE_TYPE_CODE":"001","REPORT_TYPE":"2021年年报","PER_NETCASH_OPERATE":0.21063719644,"PER_OI":0.568672358529,"BPS":1.094438527361,"BASIC_EPS":0.0095,"DILUTED_EPS":0.0095,"OPERATE_INCOME":930992000,"OPERATE_INCOME_YOY":-23.4262562191,"GROSS_PROFIT":283814000,"GROSS_PROFIT_YOY":-31.395683314116,"HOLDER_PROFIT":15459000,"HOLDER_PROFIT_YOY":-91.2776821734,"GROSS_PROFIT_RATIO":30.485116950522,"EPS_TTM":0.009442729895,"OPERATE_INCOME_QOQ":-8.624776344704,"NET_PROFIT_RATIO":1.9926057367,"ROE_AVG":0.8825330222,"GROSS_PROFIT_QOQ":-14.481657250471,"ROA":0.631468915811,"HOLDER_PROFIT_QOQ":-79.285254864126,"ROE_YEARLY":0.8825330222,"ROIC_YEARLY":0.868337528791,"TOTAL_ASSETS":2377141000,"TOTAL_LIABILITIES":577588000,"TAX_EBT":49.346039374164,"OCF_SALES":37.040167906921,"TOTAL_PARENT_EQUITY":1744813000,"DEBT_ASSET_RATIO":24.2975910979,"OPERATE_PROFIT":49243000,"PRETAX_PROFIT":36623000,"NETCASH_OPERATE":344841000,"NETCASH_INVEST":-253885000,"NETCASH_FINANCE":-179554000,"END_CASH":587176000,"DIVI_RATIO":null,"DIVIDEND_RATE":null,"CURRENT_RATIO":4.159943648979,"COMMON_ACS":2000000000,"CURRENTDEBT_DEBT":69.067916923482,"ISSUED_COMMON_SHARES":1594254000,"HK_COMMON_SHARES":1594254000,"PER_SHARES":2000,"TOTAL_MARKET_CAP":2104415280,"HKSK_MARKET_CAP":2104415280,"PE_TTM":26.854656315826,"PB_TTM":1.029219137215,"REPORT_DATE_SQ":"2020-12-31 00:00:00","REPORT_TYPE_SQ":"2020年年报","OPERATE_INCOME_SQ":1215811000,"DPS_HKD":null,"OPERATE_INCOME_QOQ_SQ":-16.497242813079,"NET_PROFIT_RATIO_SQ":14.3715593953,"HOLDER_PROFIT_SQ":177235000,"HOLDER_PROFIT_QOQ_SQ":1.704300921011,"ROE_AVG_SQ":10.333040660531,"PE_TTM_SQ":72.040124875607,"PB_TTM_SQ":1.040334733697,"ROA_SQ":6.970356076708,"START_DATE":"2021-01-01 00:00:00","FISCAL_YEAR":"12-31","CURRENCY":"HKD","IS_CNY_CODE":0,"DPS_HKD_LY":0.03,"ORG_TYPE":"一般企业","PREMIUM_INCOME":null,"PREMIUM_INCOME_YOY":null,"NET_INTEREST_INCOME":null,"NET_INTEREST_INCOME_YOY":null,"FEE_COMMISSION_INCOME":null,"FEE_COMMISSION_INCOME_YOY":null,"ACCOUNTS_RECE_TDAYS":1.311623962209,"INVENTORY_TDAYS":2.639673537311,"CURRENT_ASSETS_TDAYS":0.520166689435,"TOTAL_ASSETS_TDAYS":0.38029142174,"PREMIUM_EXPENSE":null,"LOAN_DEPOSIT":null,"LOAN_EQUITY":null,"LOAN_ASSETS":null,"DEPOSIT_EQUITY":null,"DEPOSIT_ASSETS":null,"EQUITY_MULTIPLIER":1.320961927768,"EQUITY_RATIO":0.331031462971},{"SECUCODE":"00580.HK","SECURITY_CODE":"00580","SECURITY_NAME_ABBR":"赛晶科技","ORG_CODE":"10149563","STD_REPORT_DATE":"2021-06-30 00:00:00","REPORT_DATE":"2021-06-30 00:00:00","DATE_TYPE_CODE":"002","REPORT_TYPE":"2021年中报","PER_NETCASH_OPERATE":0.146115391703,"PER_OI":0.299989944997,"BPS":1.073597431777,"BASIC_EPS":-0.0067,"DILUTED_EPS":-0.0067,"OPERATE_INCOME":490784000,"OPERATE_INCOME_YOY":-28.6369029616,"GROSS_PROFIT":126761000,"GROSS_PROFIT_YOY":-39.227549704434,"HOLDER_PROFIT":-10957000,"HOLDER_PROFIT_YOY":-111.9552645936,"GROSS_PROFIT_RATIO":25.828266610158,"EPS_TTM":0.045616095095,"OPERATE_INCOME_QOQ":-16.198570337001,"NET_PROFIT_RATIO":-2.5903452435,"ROE_AVG":-0.631509360396,"GROSS_PROFIT_QOQ":-19.778243497052,"ROA":-0.436223033906,"HOLDER_PROFIT_QOQ":-57.893192653821,"ROE_YEARLY":-1.263018720792,"ROIC_YEARLY":-1.16729393046,"TOTAL_ASSETS":2504515000,"TOTAL_LIABILITIES":779386000,"TAX_EBT":-54.904349945169,"OCF_SALES":48.70676305666,"TOTAL_PARENT_EQUITY":1711587000,"DEBT_ASSET_RATIO":31.119238655,"OPERATE_PROFIT":219000,"PRETAX_PROFIT":-8207000,"NETCASH_OPERATE":239045000,"NETCASH_INVEST":-284518000,"NETCASH_FINANCE":-69349000,"END_CASH":561678000,"DIVI_RATIO":null,"DIVIDEND_RATE":null,"CURRENT_RATIO":2.79837739647,"COMMON_ACS":2000000000,"CURRENTDEBT_DEBT":83.628907883898,"ISSUED_COMMON_SHARES":1594254000,"HK_COMMON_SHARES":1594254000,"PER_SHARES":2000,"TOTAL_MARKET_CAP":2104415280,"HKSK_MARKET_CAP":2104415280,"PE_TTM":26.854656315826,"PB_TTM":1.029219137215,"REPORT_DATE_SQ":"2020-06-30 00:00:00","REPORT_TYPE_SQ":"2020年中报","OPERATE_INCOME_SQ":687728000,"DPS_HKD":null,"OPERATE_INCOME_QOQ_SQ":4.325978513053,"NET_PROFIT_RATIO_SQ":12.5351883303,"HOLDER_PROFIT_SQ":91650000,"HOLDER_PROFIT_QOQ_SQ":-10.927045690365,"ROE_AVG_SQ":5.444684912252,"PE_TTM_SQ":72.040124875607,"PB_TTM_SQ":1.040334733697,"ROA_SQ":3.592915077248,"START_DATE":"2021-01-01 00:00:00","FISCAL_YEAR":"12-31","CURRENCY":"HKD","IS_CNY_CODE":0,"DPS_HKD_LY":0.03,"ORG_TYPE":"一般企业","PREMIUM_INCOME":null,"PREMIUM_INCOME_YOY":null,"NET_INTEREST_INCOME":null,"NET_INTEREST_INCOME_YOY":null,"FEE_COMMISSION_INCOME":null,"FEE_COMMISSION_INCOME_YOY":null,"ACCOUNTS_RECE_TDAYS":0.622625986602,"INVENTORY_TDAYS":1.541014211148,"CURRENT_ASSETS_TDAYS":0.26216862939,"TOTAL_ASSETS_TDAYS":0.195392247397,"PREMIUM_EXPENSE":null,"LOAN_DEPOSIT":null,"LOAN_EQUITY":null,"LOAN_ASSETS":null,"DEPOSIT_EQUITY":null,"DEPOSIT_ASSETS":null,"EQUITY_MULTIPLIER":1.451784185415,"EQUITY_RATIO":0.455358681738},{"SECUCODE":"00580.HK","SECURITY_CODE":"00580","SECURITY_NAME_ABBR":"赛晶科技","ORG_CODE":"10149563","STD_REPORT_DATE":"2020-12-31 00:00:00","REPORT_DATE":"2020-12-31 00:00:00","DATE_TYPE_CODE":"001","REPORT_TYPE":"2020年年报","PER_NETCASH_OPERATE":0.051692886897,"PER_OI":0.745006881355,"BPS":1.103031261016,"BASIC_EPS":0.1093,"DILUTED_EPS":0.1089,"OPERATE_INCOME":1215811000,"OPERATE_INCOME_YOY":-12.8849314794,"GROSS_PROFIT":413697000,"GROSS_PROFIT_YOY":-2.384368171929,"HOLDER_PROFIT":177235000,"HOLDER_PROFIT_YOY":-9.4089745097,"GROSS_PROFIT_RATIO":34.026423514839,"EPS_TTM":0.108603470948,"OPERATE_INCOME_QOQ":-16.497242813079,"NET_PROFIT_RATIO":14.3715593953,"ROE_AVG":10.333040660531,"GROSS_PROFIT_QOQ":-5.405442484857,"ROA":6.970356076708,"HOLDER_PROFIT_QOQ":1.704300921011,"ROE_YEARLY":10.333040660531,"ROIC_YEARLY":9.371582850218,"TOTAL_ASSETS":2519062000,"TOTAL_LIABILITIES":745227000,"TAX_EBT":14.271065362235,"OCF_SALES":6.938578446815,"TOTAL_PARENT_EQUITY":1758512000,"DEBT_ASSET_RATIO":29.5835116404,"OPERATE_PROFIT":228478000,"PRETAX_PROFIT":203818000,"NETCASH_OPERATE":84360000,"NETCASH_INVEST":182603000,"NETCASH_FINANCE":-182563000,"END_CASH":678367000,"DIVI_RATIO":null,"DIVIDEND_RATE":null,"CURRENT_RATIO":2.978459729498,"COMMON_ACS":2000000000,"CURRENTDEBT_DEBT":86.50424635715,"ISSUED_COMMON_SHARES":1594254000,"HK_COMMON_SHARES":1594254000,"PER_SHARES":2000,"TOTAL_MARKET_CAP":2104415280,"HKSK_MARKET_CAP":2104415280,"PE_TTM":26.854656315826,"PB_TTM":1.029219137215,"REPORT_DATE_SQ":"2019-12-31 00:00:00","REPORT_TYPE_SQ":"2019年年报","OPERATE_INCOME_SQ":1395638000,"DPS_HKD":null,"OPERATE_INCOME_QOQ_SQ":4.942210418592,"NET_PROFIT_RATIO_SQ":14.3323698552,"HOLDER_PROFIT_SQ":195643000,"HOLDER_PROFIT_QOQ_SQ":-8.763920237274,"ROE_AVG_SQ":12.093510006478,"PE_TTM_SQ":72.040124875607,"PB_TTM_SQ":1.040334733697,"ROA_SQ":7.739847935129,"START_DATE":"2020-01-01 00:00:00","FISCAL_YEAR":"12-31","CURRENCY":"HKD","IS_CNY_CODE":0,"DPS_HKD_LY":0.05,"ORG_TYPE":"一般企业","PREMIUM_INCOME":null,"PREMIUM_INCOME_YOY":null,"NET_INTEREST_INCOME":null,"NET_INTEREST_INCOME_YOY":null,"FEE_COMMISSION_INCOME":null,"FEE_COMMISSION_INCOME_YOY":null,"ACCOUNTS_RECE_TDAYS":1.456908178348,"INVENTORY_TDAYS":3.322428590364,"CURRENT_ASSETS_TDAYS":0.622331295001,"TOTAL_ASSETS_TDAYS":0.478158128585,"PREMIUM_EXPENSE":null,"LOAN_DEPOSIT":null,"LOAN_EQUITY":null,"LOAN_ASSETS":null,"DEPOSIT_EQUITY":null,"DEPOSIT_ASSETS":null,"EQUITY_MULTIPLIER":1.420121939187,"EQUITY_RATIO":0.423782720846},{"SECUCODE":"00580.HK","SECURITY_CODE":"00580","SECURITY_NAME_ABBR":"赛晶科技","ORG_CODE":"10149563","STD_REPORT_DATE":"2020-06-30 00:00:00","REPORT_DATE":"2020-06-30 00:00:00","DATE_TYPE_CODE":"002","REPORT_TYPE":"2020年中报","PER_NETCASH_OPERATE":-0.032048078556,"PER_OI":0.421704026965,"BPS":1.062971145125,"BASIC_EPS":0.0569,"DILUTED_EPS":0.0566,"OPERATE_INCOME":687728000,"OPERATE_INCOME_YOY":9.6237684366,"GROSS_PROFIT":208583000,"GROSS_PROFIT_YOY":6.939317501333,"HOLDER_PROFIT":91650000,"HOLDER_PROFIT_YOY":-18.9138974413,"GROSS_PROFIT_RATIO":30.32928716004,"EPS_TTM":0.106856565763,"OPERATE_INCOME_QOQ":4.325978513053,"NET_PROFIT_RATIO":12.5351883303,"ROE_AVG":5.444684912252,"GROSS_PROFIT_QOQ":3.193708382688,"ROA":3.592915077248,"HOLDER_PROFIT_QOQ":-10.927045690365,"ROE_YEARLY":10.889369824505,"ROIC_YEARLY":9.296725300787,"TOTAL_ASSETS":2535376000,"TOTAL_LIABILITIES":826460000,"TAX_EBT":9.78746559789,"OCF_SALES":-7.599661494079,"TOTAL_PARENT_EQUITY":1694646000,"DEBT_ASSET_RATIO":32.597137466,"OPERATE_PROFIT":109863000,"PRETAX_PROFIT":95561000,"NETCASH_OPERATE":-52265000,"NETCASH_INVEST":57715000,"NETCASH_FINANCE":-64831000,"END_CASH":534802000,"DIVI_RATIO":null,"DIVIDEND_RATE":null,"CURRENT_RATIO":2.396546805069,"COMMON_ACS":2000000000,"CURRENTDEBT_DEBT":97.542772789972,"ISSUED_COMMON_SHARES":1594254000,"HK_COMMON_SHARES":1594254000,"PER_SHARES":2000,"TOTAL_MARKET_CAP":2104415280,"HKSK_MARKET_CAP":2104415280,"PE_TTM":26.854656315826,"PB_TTM":1.029219137215,"REPORT_DATE_SQ":"2019-06-30 00:00:00","REPORT_TYPE_SQ":"2019年中报","OPERATE_INCOME_SQ":627353000,"DPS_HKD":null,"OPERATE_INCOME_QOQ_SQ":3.054731148633,"NET_PROFIT_RATIO_SQ":18.6352818907,"HOLDER_PROFIT_SQ":113028000,"HOLDER_PROFIT_QOQ_SQ":16.985722936591,"ROE_AVG_SQ":7.067587226343,"PE_TTM_SQ":72.040124875607,"PB_TTM_SQ":1.040334733697,"ROA_SQ":4.611477285941,"START_DATE":"2020-01-01 00:00:00","FISCAL_YEAR":"12-31","CURRENCY":"HKD","IS_CNY_CODE":0,"DPS_HKD_LY":0.05,"ORG_TYPE":"一般企业","PREMIUM_INCOME":null,"PREMIUM_INCOME_YOY":null,"NET_INTEREST_INCOME":null,"NET_INTEREST_INCOME_YOY":null,"FEE_COMMISSION_INCOME":null,"FEE_COMMISSION_INCOME_YOY":null,"ACCOUNTS_RECE_TDAYS":0.758103924464,"INVENTORY_TDAYS":2.236695920082,"CURRENT_ASSETS_TDAYS":0.350954419884,"TOTAL_ASSETS_TDAYS":0.269607015848,"PREMIUM_EXPENSE":null,"LOAN_DEPOSIT":null,"LOAN_EQUITY":null,"LOAN_ASSETS":null,"DEPOSIT_EQUITY":null,"DEPOSIT_ASSETS":null,"EQUITY_MULTIPLIER":1.483616514796,"EQUITY_RATIO":0.487688874255}],"count":33},"success":true,"message":"ok","code":0}