{"version":"0743ea1a45378233b06c9e748024651c","result":{"pages":3,"data":[{"SECUCODE":"00586.HK","SECURITY_CODE":"00586","SECURITY_NAME_ABBR":"海螺创业","ORG_CODE":"10359101","STD_REPORT_DATE":"2024-06-30 00:00:00","REPORT_DATE":"2024-06-30 00:00:00","DATE_TYPE_CODE":"002","REPORT_TYPE":"2024年中报","PER_NETCASH_OPERATE":0.52380049848,"PER_OI":1.74938848876,"BPS":26.281554076825,"BASIC_EPS":0.67,"DILUTED_EPS":0.67,"OPERATE_INCOME":3134976000,"OPERATE_INCOME_YOY":-29.3532744163,"GROSS_PROFIT":1150885000,"GROSS_PROFIT_YOY":-2.533369354141,"HOLDER_PROFIT":1175881000,"HOLDER_PROFIT_YOY":-35.3188317707,"GROSS_PROFIT_RATIO":36.711126337171,"EPS_TTM":1.016506843329,"OPERATE_INCOME_QOQ":-16.2511379925,"NET_PROFIT_RATIO":38.9362151417,"ROE_AVG":2.51759219792,"GROSS_PROFIT_QOQ":-1.373012416046,"ROA":1.448462117706,"HOLDER_PROFIT_QOQ":-26.061713532378,"ROE_YEARLY":5.03518439584,"ROIC_YEARLY":3.082457341459,"TOTAL_ASSETS":81902307000,"TOTAL_LIABILITIES":33397214000,"TAX_EBT":2.471917473847,"OCF_SALES":29.94191981055,"TOTAL_PARENT_EQUITY":47097624000,"DEBT_ASSET_RATIO":40.7768904483,"OPERATE_PROFIT":904244000,"PRETAX_PROFIT":1251579000,"NETCASH_OPERATE":938672000,"NETCASH_INVEST":-1306090000,"NETCASH_FINANCE":435860000,"END_CASH":3163418000,"DIVI_RATIO":0.178300816359,"DIVIDEND_RATE":3.007518796992,"CURRENT_RATIO":1.249302684634,"COMMON_ACS":15000000000,"CURRENTDEBT_DEBT":19.73515515396,"ISSUED_COMMON_SHARES":1792041059,"HK_COMMON_SHARES":1792041059,"PER_SHARES":500,"TOTAL_MARKET_CAP":11917073042.35,"HKSK_MARKET_CAP":11917073042.35,"PE_TTM":5.855366556801,"PB_TTM":0.230934669322,"REPORT_DATE_SQ":"2023-06-30 00:00:00","REPORT_TYPE_SQ":"2023年中报","OPERATE_INCOME_SQ":4437539000,"DPS_HKD":0.2,"OPERATE_INCOME_QOQ_SQ":7.76548879339,"NET_PROFIT_RATIO_SQ":44.0852238144,"HOLDER_PROFIT_SQ":1817965000,"HOLDER_PROFIT_QOQ_SQ":-79.694524558518,"ROE_AVG_SQ":4.011588727625,"PE_TTM_SQ":4.730720940049,"PB_TTM_SQ":0.270594146829,"ROA_SQ":2.282285010247,"START_DATE":"2024-01-01 00:00:00","FISCAL_YEAR":"12-31","CURRENCY":"HKD","IS_CNY_CODE":0,"DPS_HKD_LY":0.2,"ORG_TYPE":"一般企业","PREMIUM_INCOME":null,"PREMIUM_INCOME_YOY":null,"NET_INTEREST_INCOME":null,"NET_INTEREST_INCOME_YOY":null,"FEE_COMMISSION_INCOME":null,"FEE_COMMISSION_INCOME_YOY":null,"ACCOUNTS_RECE_TDAYS":0.962472643386,"INVENTORY_TDAYS":6.358430462664,"CURRENT_ASSETS_TDAYS":0.383331892516,"TOTAL_ASSETS_TDAYS":0.038616951681,"PREMIUM_EXPENSE":null,"LOAN_DEPOSIT":null,"LOAN_EQUITY":null,"LOAN_ASSETS":null,"DEPOSIT_EQUITY":null,"DEPOSIT_ASSETS":null,"EQUITY_MULTIPLIER":1.688530047763,"EQUITY_RATIO":0.709106132403},{"SECUCODE":"00586.HK","SECURITY_CODE":"00586","SECURITY_NAME_ABBR":"海螺创业","ORG_CODE":"10359101","STD_REPORT_DATE":"2023-12-31 00:00:00","REPORT_DATE":"2023-12-31 00:00:00","DATE_TYPE_CODE":"001","REPORT_TYPE":"2023年年报","PER_NETCASH_OPERATE":1.095297498533,"PER_OI":4.42100223618,"BPS":25.845121554216,"BASIC_EPS":1.36,"DILUTED_EPS":1.36,"OPERATE_INCOME":8015211000,"OPERATE_INCOME_YOY":1.5056250239,"GROSS_PROFIT":2178713000,"GROSS_PROFIT_YOY":-2.245201689016,"HOLDER_PROFIT":2463706000,"HOLDER_PROFIT_YOY":-84.5624601953,"GROSS_PROFIT_RATIO":27.182228889545,"EPS_TTM":1.358922395841,"OPERATE_INCOME_QOQ":-5.808783349453,"NET_PROFIT_RATIO":33.4703228649,"ROE_AVG":5.404195410773,"GROSS_PROFIT_QOQ":-4.330462137273,"ROA":3.161835155096,"HOLDER_PROFIT_QOQ":-23.973512222624,"ROE_YEARLY":5.404195410773,"ROIC_YEARLY":3.432624152013,"TOTAL_ASSETS":80460379000,"TOTAL_LIABILITIES":32707661000,"TAX_EBT":6.594016094125,"OCF_SALES":24.774868684056,"TOTAL_PARENT_EQUITY":46315519000,"DEBT_ASSET_RATIO":40.6506424734,"OPERATE_PROFIT":1937548000,"PRETAX_PROFIT":2872104000,"NETCASH_OPERATE":1985758000,"NETCASH_INVEST":-4574381000,"NETCASH_FINANCE":1378171000,"END_CASH":3094524000,"DIVI_RATIO":0.133373326214,"DIVIDEND_RATE":3.025718608169,"CURRENT_RATIO":1.259725622452,"COMMON_ACS":15000000000,"CURRENTDEBT_DEBT":19.713072726295,"ISSUED_COMMON_SHARES":1792041059,"HK_COMMON_SHARES":1792041059,"PER_SHARES":500,"TOTAL_MARKET_CAP":11845391399.99,"HKSK_MARKET_CAP":11845391399.99,"PE_TTM":5.820146306836,"PB_TTM":0.229545588604,"REPORT_DATE_SQ":"2022-12-31 00:00:00","REPORT_TYPE_SQ":"2022年年报","OPERATE_INCOME_SQ":7896322000,"DPS_HKD":0.2,"OPERATE_INCOME_QOQ_SQ":7.323847104005,"NET_PROFIT_RATIO_SQ":205.026922661,"HOLDER_PROFIT_SQ":15959188000,"HOLDER_PROFIT_QOQ_SQ":-13.817566806799,"ROE_AVG_SQ":35.412999098088,"PE_TTM_SQ":4.302976941422,"PB_TTM_SQ":0.246127469585,"ROA_SQ":22.119618714047,"START_DATE":"2023-01-01 00:00:00","FISCAL_YEAR":"12-31","CURRENCY":"HKD","IS_CNY_CODE":0,"DPS_HKD_LY":0.4,"ORG_TYPE":"一般企业","PREMIUM_INCOME":null,"PREMIUM_INCOME_YOY":null,"NET_INTEREST_INCOME":null,"NET_INTEREST_INCOME_YOY":null,"FEE_COMMISSION_INCOME":null,"FEE_COMMISSION_INCOME_YOY":null,"ACCOUNTS_RECE_TDAYS":2.651060057085,"INVENTORY_TDAYS":15.195256443634,"CURRENT_ASSETS_TDAYS":0.916754427055,"TOTAL_ASSETS_TDAYS":0.10286444858,"PREMIUM_EXPENSE":null,"LOAN_DEPOSIT":null,"LOAN_EQUITY":null,"LOAN_ASSETS":null,"DEPOSIT_EQUITY":null,"DEPOSIT_ASSETS":null,"EQUITY_MULTIPLIER":1.684938206032,"EQUITY_RATIO":0.70619225923},{"SECUCODE":"00586.HK","SECURITY_CODE":"00586","SECURITY_NAME_ABBR":"海螺创业","ORG_CODE":"10359101","STD_REPORT_DATE":"2023-06-30 00:00:00","REPORT_DATE":"2023-06-30 00:00:00","DATE_TYPE_CODE":"002","REPORT_TYPE":"2023年中报","PER_NETCASH_OPERATE":0.516270663872,"PER_OI":2.447642344305,"BPS":25.542745669869,"BASIC_EPS":1,"DILUTED_EPS":1,"OPERATE_INCOME":4437539000,"OPERATE_INCOME_YOY":16.0337793262,"GROSS_PROFIT":1180799000,"GROSS_PROFIT_YOY":4.290597233753,"HOLDER_PROFIT":1817965000,"HOLDER_PROFIT_YOY":-87.4938465514,"GROSS_PROFIT_RATIO":26.609321067375,"EPS_TTM":1.787432821861,"OPERATE_INCOME_QOQ":7.76548879339,"NET_PROFIT_RATIO":44.0852238144,"ROE_AVG":4.011588727625,"GROSS_PROFIT_QOQ":2.179649337544,"ROA":2.282285010247,"HOLDER_PROFIT_QOQ":-79.694524558518,"ROE_YEARLY":8.023177455249,"ROIC_YEARLY":5.169700131216,"TOTAL_ASSETS":83931076000,"TOTAL_LIABILITIES":35649170000,"TAX_EBT":5.279383112481,"OCF_SALES":21.092569552628,"TOTAL_PARENT_EQUITY":45773649000,"DEBT_ASSET_RATIO":42.4743393019,"OPERATE_PROFIT":1152786000,"PRETAX_PROFIT":2065336000,"NETCASH_OPERATE":935991000,"NETCASH_INVEST":-2519033000,"NETCASH_FINANCE":5625961000,"END_CASH":8407577000,"DIVI_RATIO":0.101399055552,"DIVIDEND_RATE":3.025718608169,"CURRENT_RATIO":1.249235728327,"COMMON_ACS":15000000000,"CURRENTDEBT_DEBT":31.504110754893,"ISSUED_COMMON_SHARES":1792041059,"HK_COMMON_SHARES":1792041059,"PER_SHARES":500,"TOTAL_MARKET_CAP":11845391399.99,"HKSK_MARKET_CAP":11845391399.99,"PE_TTM":5.820146306836,"PB_TTM":0.229545588604,"REPORT_DATE_SQ":"2022-06-30 00:00:00","REPORT_TYPE_SQ":"2022年中报","OPERATE_INCOME_SQ":3824351000,"DPS_HKD":0.2,"OPERATE_INCOME_QOQ_SQ":10.129629391244,"NET_PROFIT_RATIO_SQ":383.2006790172,"HOLDER_PROFIT_SQ":14536564000,"HOLDER_PROFIT_QOQ_SQ":148.291669398585,"ROE_AVG_SQ":32.755308467672,"PE_TTM_SQ":4.302976941422,"PB_TTM_SQ":0.246127469585,"ROA_SQ":20.599668862118,"START_DATE":"2023-01-01 00:00:00","FISCAL_YEAR":"12-31","CURRENCY":"HKD","IS_CNY_CODE":0,"DPS_HKD_LY":0.4,"ORG_TYPE":"一般企业","PREMIUM_INCOME":null,"PREMIUM_INCOME_YOY":null,"NET_INTEREST_INCOME":null,"NET_INTEREST_INCOME_YOY":null,"FEE_COMMISSION_INCOME":null,"FEE_COMMISSION_INCOME_YOY":null,"ACCOUNTS_RECE_TDAYS":1.426596737518,"INVENTORY_TDAYS":7.537659482135,"CURRENT_ASSETS_TDAYS":0.379376480677,"TOTAL_ASSETS_TDAYS":0.055709151398,"PREMIUM_EXPENSE":null,"LOAN_DEPOSIT":null,"LOAN_EQUITY":null,"LOAN_ASSETS":null,"DEPOSIT_EQUITY":null,"DEPOSIT_ASSETS":null,"EQUITY_MULTIPLIER":1.738354654018,"EQUITY_RATIO":0.778814247472},{"SECUCODE":"00586.HK","SECURITY_CODE":"00586","SECURITY_NAME_ABBR":"海螺创业","ORG_CODE":"10359101","STD_REPORT_DATE":"2022-12-31 00:00:00","REPORT_DATE":"2022-12-31 00:00:00","DATE_TYPE_CODE":"001","REPORT_TYPE":"2022年年报","PER_NETCASH_OPERATE":0.998564765337,"PER_OI":4.355425854615,"BPS":25.034031879289,"BASIC_EPS":8.75,"DILUTED_EPS":8.75,"OPERATE_INCOME":7896322000,"OPERATE_INCOME_YOY":18.1953550641,"GROSS_PROFIT":2228753000,"GROSS_PROFIT_YOY":35.28452353204,"HOLDER_PROFIT":15959188000,"HOLDER_PROFIT_YOY":113.9838021037,"GROSS_PROFIT_RATIO":28.225204088688,"EPS_TTM":8.802713470128,"OPERATE_INCOME_QOQ":7.323847104005,"NET_PROFIT_RATIO":205.026922661,"ROE_AVG":35.412999098088,"GROSS_PROFIT_QOQ":12.94587271125,"ROA":22.119618714047,"HOLDER_PROFIT_QOQ":-13.817566806799,"ROE_YEARLY":35.412999098088,"ROIC_YEARLY":24.213748240128,"TOTAL_ASSETS":75379877000,"TOTAL_LIABILITIES":28207473000,"TAX_EBT":6.602170197398,"OCF_SALES":22.926914581244,"TOTAL_PARENT_EQUITY":44862013000,"DEBT_ASSET_RATIO":37.4204285316,"OPERATE_PROFIT":2034882000,"PRETAX_PROFIT":4372229000,"NETCASH_OPERATE":1810383000,"NETCASH_INVEST":-4848238000,"NETCASH_FINANCE":4779923000,"END_CASH":4361637000,"DIVI_RATIO":0.020589560323,"DIVIDEND_RATE":3.025718608169,"CURRENT_RATIO":0.904389499215,"COMMON_ACS":15000000000,"CURRENTDEBT_DEBT":36.705393638062,"ISSUED_COMMON_SHARES":1792041059,"HK_COMMON_SHARES":1792041059,"PER_SHARES":500,"TOTAL_MARKET_CAP":11845391399.99,"HKSK_MARKET_CAP":11845391399.99,"PE_TTM":5.820146306836,"PB_TTM":0.229545588604,"REPORT_DATE_SQ":"2021-12-31 00:00:00","REPORT_TYPE_SQ":"2021年年报","OPERATE_INCOME_SQ":6680738000,"DPS_HKD":0.2,"OPERATE_INCOME_QOQ_SQ":-12.863829949854,"NET_PROFIT_RATIO_SQ":113.4179487356,"HOLDER_PROFIT_SQ":7458129000,"HOLDER_PROFIT_QOQ_SQ":-2.200297878735,"ROE_AVG_SQ":17.792446259088,"PE_TTM_SQ":4.302976941422,"PB_TTM_SQ":0.246127469585,"ROA_SQ":12.102770706005,"START_DATE":"2022-01-01 00:00:00","FISCAL_YEAR":"12-31","CURRENCY":"HKD","IS_CNY_CODE":0,"DPS_HKD_LY":0.7,"ORG_TYPE":"一般企业","PREMIUM_INCOME":null,"PREMIUM_INCOME_YOY":null,"NET_INTEREST_INCOME":null,"NET_INTEREST_INCOME_YOY":null,"FEE_COMMISSION_INCOME":null,"FEE_COMMISSION_INCOME_YOY":null,"ACCOUNTS_RECE_TDAYS":3.589093708979,"INVENTORY_TDAYS":13.777687831903,"CURRENT_ASSETS_TDAYS":0.69884197067,"TOTAL_ASSETS_TDAYS":0.109443934042,"PREMIUM_EXPENSE":null,"LOAN_DEPOSIT":null,"LOAN_EQUITY":null,"LOAN_ASSETS":null,"DEPOSIT_EQUITY":null,"DEPOSIT_ASSETS":null,"EQUITY_MULTIPLIER":1.597965560542,"EQUITY_RATIO":0.628760751329},{"SECUCODE":"00586.HK","SECURITY_CODE":"00586","SECURITY_NAME_ABBR":"海螺创业","ORG_CODE":"10359101","STD_REPORT_DATE":"2022-06-30 00:00:00","REPORT_DATE":"2022-06-30 00:00:00","DATE_TYPE_CODE":"002","REPORT_TYPE":"2022年中报","PER_NETCASH_OPERATE":0.477950436325,"PER_OI":2.10942223766,"BPS":24.267707919744,"BASIC_EPS":7.96,"DILUTED_EPS":7.96,"OPERATE_INCOME":3824351000,"OPERATE_INCOME_YOY":21.4998838804,"GROSS_PROFIT":1132220000,"GROSS_PROFIT_YOY":40.407225846775,"HOLDER_PROFIT":14536564000,"HOLDER_PROFIT_YOY":318.1042228729,"GROSS_PROFIT_RATIO":29.605546143646,"EPS_TTM":10.214046115865,"OPERATE_INCOME_QOQ":10.129629391244,"NET_PROFIT_RATIO":383.2006790172,"ROE_AVG":32.755308467672,"GROSS_PROFIT_QOQ":19.778191344716,"ROA":20.599668862118,"HOLDER_PROFIT_QOQ":148.291669398585,"ROE_YEARLY":65.510616935345,"ROIC_YEARLY":45.653210628026,"TOTAL_ASSETS":72214892000,"TOTAL_LIABILITIES":26631769000,"TAX_EBT":4.921803282296,"OCF_SALES":22.65788365137,"TOTAL_PARENT_EQUITY":43488729000,"DEBT_ASSET_RATIO":36.8785000745,"OPERATE_PROFIT":1072047000,"PRETAX_PROFIT":2680867000,"NETCASH_OPERATE":866517000,"NETCASH_INVEST":-2257870000,"NETCASH_FINANCE":4395077000,"END_CASH":5573690000,"DIVI_RATIO":0.01774458407,"DIVIDEND_RATE":3.025718608169,"CURRENT_RATIO":1.35089043673,"COMMON_ACS":15000000000,"CURRENTDEBT_DEBT":28.461781866612,"ISSUED_COMMON_SHARES":1792041059,"HK_COMMON_SHARES":1792041059,"PER_SHARES":500,"TOTAL_MARKET_CAP":11845391399.99,"HKSK_MARKET_CAP":11845391399.99,"PE_TTM":5.820146306836,"PB_TTM":0.229545588604,"REPORT_DATE_SQ":"2021-06-30 00:00:00","REPORT_TYPE_SQ":"2021年中报","OPERATE_INCOME_SQ":3147617000,"DPS_HKD":0.2,"OPERATE_INCOME_QOQ_SQ":16.08636924749,"NET_PROFIT_RATIO_SQ":91.3336137881,"HOLDER_PROFIT_SQ":3476780000,"HOLDER_PROFIT_QOQ_SQ":0.108892178627,"ROE_AVG_SQ":8.715774132803,"PE_TTM_SQ":4.302976941422,"PB_TTM_SQ":0.246127469585,"ROA_SQ":6.023068234577,"START_DATE":"2022-01-01 00:00:00","FISCAL_YEAR":"12-31","CURRENCY":"HKD","IS_CNY_CODE":0,"DPS_HKD_LY":0.7,"ORG_TYPE":"一般企业","PREMIUM_INCOME":null,"PREMIUM_INCOME_YOY":null,"NET_INTEREST_INCOME":null,"NET_INTEREST_INCOME_YOY":null,"FEE_COMMISSION_INCOME":null,"FEE_COMMISSION_INCOME_YOY":null,"ACCOUNTS_RECE_TDAYS":1.76457945704,"INVENTORY_TDAYS":6.864178990311,"CURRENT_ASSETS_TDAYS":0.325835210505,"TOTAL_ASSETS_TDAYS":0.054194625506,"PREMIUM_EXPENSE":null,"LOAN_DEPOSIT":null,"LOAN_EQUITY":null,"LOAN_ASSETS":null,"DEPOSIT_EQUITY":null,"DEPOSIT_ASSETS":null,"EQUITY_MULTIPLIER":1.584246257108,"EQUITY_RATIO":0.612383245323},{"SECUCODE":"00586.HK","SECURITY_CODE":"00586","SECURITY_NAME_ABBR":"海螺创业","ORG_CODE":"10359101","STD_REPORT_DATE":"2021-12-31 00:00:00","REPORT_DATE":"2021-12-31 00:00:00","DATE_TYPE_CODE":"001","REPORT_TYPE":"2021年年报","PER_NETCASH_OPERATE":0.71595906302,"PER_OI":3.657141331386,"BPS":25.261583027155,"BASIC_EPS":4.1,"DILUTED_EPS":3.95,"OPERATE_INCOME":6680738000,"OPERATE_INCOME_YOY":22.1971920431,"GROSS_PROFIT":1647456000,"GROSS_PROFIT_YOY":16.679733729382,"HOLDER_PROFIT":7458129000,"HOLDER_PROFIT_YOY":-2.0938016524,"GROSS_PROFIT_RATIO":24.659790580023,"EPS_TTM":4.082697423654,"OPERATE_INCOME_QOQ":-12.863829949854,"NET_PROFIT_RATIO":113.4179487356,"ROE_AVG":17.792446259088,"GROSS_PROFIT_QOQ":-34.783223144716,"ROA":12.102770706005,"HOLDER_PROFIT_QOQ":-2.200297878735,"ROE_YEARLY":17.792446259088,"ROIC_YEARLY":13.23483589185,"TOTAL_ASSETS":68919066000,"TOTAL_LIABILITIES":22261630000,"TAX_EBT":4.203398731782,"OCF_SALES":19.577013796979,"TOTAL_PARENT_EQUITY":45269794000,"DEBT_ASSET_RATIO":32.3011196931,"OPERATE_PROFIT":1411168000,"PRETAX_PROFIT":7258531000,"NETCASH_OPERATE":1307889000,"NETCASH_INVEST":-7007927000,"NETCASH_FINANCE":5518323000,"END_CASH":3156158000,"DIVI_RATIO":0.0443931992,"DIVIDEND_RATE":3.025718608169,"CURRENT_RATIO":1.467534257558,"COMMON_ACS":15000000000,"CURRENTDEBT_DEBT":40.510191751458,"ISSUED_COMMON_SHARES":1792041059,"HK_COMMON_SHARES":1792041059,"PER_SHARES":500,"TOTAL_MARKET_CAP":11845391399.99,"HKSK_MARKET_CAP":11845391399.99,"PE_TTM":5.820146306836,"PB_TTM":0.229545588604,"REPORT_DATE_SQ":"2020-12-31 00:00:00","REPORT_TYPE_SQ":"2020年年报","OPERATE_INCOME_SQ":5467178000,"DPS_HKD":0.2,"OPERATE_INCOME_QOQ_SQ":13.209846345194,"NET_PROFIT_RATIO_SQ":117.382516629,"HOLDER_PROFIT_SQ":7617627000,"HOLDER_PROFIT_QOQ_SQ":4.013282346397,"ROE_AVG_SQ":21.635473359579,"PE_TTM_SQ":4.302976941422,"PB_TTM_SQ":0.246127469585,"ROA_SQ":15.787969825594,"START_DATE":"2021-01-01 00:00:00","FISCAL_YEAR":"12-31","CURRENCY":"HKD","IS_CNY_CODE":0,"DPS_HKD_LY":0.7,"ORG_TYPE":"一般企业","PREMIUM_INCOME":null,"PREMIUM_INCOME_YOY":null,"NET_INTEREST_INCOME":null,"NET_INTEREST_INCOME_YOY":null,"FEE_COMMISSION_INCOME":null,"FEE_COMMISSION_INCOME_YOY":null,"ACCOUNTS_RECE_TDAYS":3.858365129084,"INVENTORY_TDAYS":15.52808735718,"CURRENT_ASSETS_TDAYS":0.680301332052,"TOTAL_ASSETS_TDAYS":0.108412498846,"PREMIUM_EXPENSE":null,"LOAN_DEPOSIT":null,"LOAN_EQUITY":null,"LOAN_ASSETS":null,"DEPOSIT_EQUITY":null,"DEPOSIT_ASSETS":null,"EQUITY_MULTIPLIER":1.477129304749,"EQUITY_RATIO":0.491754612358},{"SECUCODE":"00586.HK","SECURITY_CODE":"00586","SECURITY_NAME_ABBR":"海螺创业","ORG_CODE":"10359101","STD_REPORT_DATE":"2021-06-30 00:00:00","REPORT_DATE":"2021-06-30 00:00:00","DATE_TYPE_CODE":"002","REPORT_TYPE":"2021年中报","PER_NETCASH_OPERATE":0.331788697739,"PER_OI":1.72305518134,"BPS":22.999662196914,"BASIC_EPS":1.93,"DILUTED_EPS":1.85,"OPERATE_INCOME":3147617000,"OPERATE_INCOME_YOY":37.7154525168,"GROSS_PROFIT":806383000,"GROSS_PROFIT_YOY":-13.530453170456,"HOLDER_PROFIT":3476780000,"HOLDER_PROFIT_YOY":0.2391534056,"GROSS_PROFIT_RATIO":32.690890943838,"EPS_TTM":4.174549957822,"OPERATE_INCOME_QOQ":16.08636924749,"NET_PROFIT_RATIO":91.3336137881,"ROE_AVG":8.715774132803,"GROSS_PROFIT_QOQ":15.323279787772,"ROA":6.023068234577,"HOLDER_PROFIT_QOQ":0.108892178627,"ROE_YEARLY":17.431548265607,"ROIC_YEARLY":13.328389467073,"TOTAL_ASSETS":61121228000,"TOTAL_LIABILITIES":18591892000,"TAX_EBT":3.296906336217,"OCF_SALES":15.623493651361,"TOTAL_PARENT_EQUITY":41216339000,"DEBT_ASSET_RATIO":30.4180603178,"OPERATE_PROFIT":741287000,"PRETAX_PROFIT":3344772000,"NETCASH_OPERATE":606100000,"NETCASH_INVEST":-3196096000,"NETCASH_FINANCE":2630721000,"END_CASH":3377601000,"DIVI_RATIO":0.043416416579,"DIVIDEND_RATE":3.025718608169,"CURRENT_RATIO":1.189795298862,"COMMON_ACS":15000000000,"CURRENTDEBT_DEBT":37.882890025394,"ISSUED_COMMON_SHARES":1792041059,"HK_COMMON_SHARES":1792041059,"PER_SHARES":500,"TOTAL_MARKET_CAP":11845391399.99,"HKSK_MARKET_CAP":11845391399.99,"PE_TTM":5.820146306836,"PB_TTM":0.229545588604,"REPORT_DATE_SQ":"2020-06-30 00:00:00","REPORT_TYPE_SQ":"2020年中报","OPERATE_INCOME_SQ":2816978000,"DPS_HKD":0.2,"OPERATE_INCOME_QOQ_SQ":13.937516319905,"NET_PROFIT_RATIO_SQ":125.6148610319,"HOLDER_PROFIT_SQ":3468485000,"HOLDER_PROFIT_QOQ_SQ":4.686719847864,"ROE_AVG_SQ":10.493185322056,"PE_TTM_SQ":4.302976941422,"PB_TTM_SQ":0.246127469585,"ROA_SQ":7.627506298685,"START_DATE":"2021-01-01 00:00:00","FISCAL_YEAR":"12-31","CURRENCY":"HKD","IS_CNY_CODE":0,"DPS_HKD_LY":0.7,"ORG_TYPE":"一般企业","PREMIUM_INCOME":null,"PREMIUM_INCOME_YOY":null,"NET_INTEREST_INCOME":null,"NET_INTEREST_INCOME_YOY":null,"FEE_COMMISSION_INCOME":null,"FEE_COMMISSION_INCOME_YOY":null,"ACCOUNTS_RECE_TDAYS":1.188534382956,"INVENTORY_TDAYS":8.292679751016,"CURRENT_ASSETS_TDAYS":0.524746196841,"TOTAL_ASSETS_TDAYS":0.067205791658,"PREMIUM_EXPENSE":null,"LOAN_DEPOSIT":null,"LOAN_EQUITY":null,"LOAN_ASSETS":null,"DEPOSIT_EQUITY":null,"DEPOSIT_ASSETS":null,"EQUITY_MULTIPLIER":1.43715453258,"EQUITY_RATIO":0.451080626059},{"SECUCODE":"00586.HK","SECURITY_CODE":"00586","SECURITY_NAME_ABBR":"海螺创业","ORG_CODE":"10359101","STD_REPORT_DATE":"2020-12-31 00:00:00","REPORT_DATE":"2020-12-31 00:00:00","DATE_TYPE_CODE":"001","REPORT_TYPE":"2020年年报","PER_NETCASH_OPERATE":0.396223299626,"PER_OI":3.029327053609,"BPS":21.520145872952,"BASIC_EPS":4.22,"DILUTED_EPS":4.06,"OPERATE_INCOME":5467178000,"OPERATE_INCOME_YOY":28.9884871553,"GROSS_PROFIT":1411947000,"GROSS_PROFIT_YOY":-19.392440531139,"HOLDER_PROFIT":7617627000,"HOLDER_PROFIT_YOY":8.8880934945,"GROSS_PROFIT_RATIO":33.165974545213,"EPS_TTM":4.220876575703,"OPERATE_INCOME_QOQ":13.209846345194,"NET_PROFIT_RATIO":117.382516629,"ROE_AVG":21.635473359579,"GROSS_PROFIT_QOQ":10.927110732093,"ROA":15.787969825594,"HOLDER_PROFIT_QOQ":4.013282346397,"ROE_YEARLY":21.635473359579,"ROIC_YEARLY":17.645632589378,"TOTAL_ASSETS":54327572000,"TOTAL_LIABILITIES":14350393000,"TAX_EBT":3.789217769623,"OCF_SALES":10.827104189779,"TOTAL_PARENT_EQUITY":38564985000,"DEBT_ASSET_RATIO":26.4145671741,"OPERATE_PROFIT":1320280000,"PRETAX_PROFIT":7472888000,"NETCASH_OPERATE":715084000,"NETCASH_INVEST":-3124103000,"NETCASH_FINANCE":2849706000,"END_CASH":3350539000,"DIVI_RATIO":0.042939895718,"DIVIDEND_RATE":3.025718608169,"CURRENT_RATIO":1.126276561965,"COMMON_ACS":15000000000,"CURRENTDEBT_DEBT":39.634719411517,"ISSUED_COMMON_SHARES":1792041059,"HK_COMMON_SHARES":1792041059,"PER_SHARES":500,"TOTAL_MARKET_CAP":11845391399.99,"HKSK_MARKET_CAP":11845391399.99,"PE_TTM":5.820146306836,"PB_TTM":0.229545588604,"REPORT_DATE_SQ":"2019-12-31 00:00:00","REPORT_TYPE_SQ":"2019年年报","OPERATE_INCOME_SQ":5120281000,"DPS_HKD":0.2,"OPERATE_INCOME_QOQ_SQ":28.875581984786,"NET_PROFIT_RATIO_SQ":139.5728671922,"HOLDER_PROFIT_SQ":6995831000,"HOLDER_PROFIT_QOQ_SQ":6.683462550623,"ROE_AVG_SQ":24.28864720129,"PE_TTM_SQ":4.302976941422,"PB_TTM_SQ":0.246127469585,"ROA_SQ":18.559568401614,"START_DATE":"2020-01-01 00:00:00","FISCAL_YEAR":"12-31","CURRENCY":"HKD","IS_CNY_CODE":0,"DPS_HKD_LY":0.65,"ORG_TYPE":"一般企业","PREMIUM_INCOME":null,"PREMIUM_INCOME_YOY":null,"NET_INTEREST_INCOME":null,"NET_INTEREST_INCOME_YOY":null,"FEE_COMMISSION_INCOME":null,"FEE_COMMISSION_INCOME_YOY":null,"ACCOUNTS_RECE_TDAYS":3.412883324329,"INVENTORY_TDAYS":17.521840266751,"CURRENT_ASSETS_TDAYS":1.112764162735,"TOTAL_ASSETS_TDAYS":0.136883571793,"PREMIUM_EXPENSE":null,"LOAN_DEPOSIT":null,"LOAN_EQUITY":null,"LOAN_ASSETS":null,"DEPOSIT_EQUITY":null,"DEPOSIT_ASSETS":null,"EQUITY_MULTIPLIER":1.358964623292,"EQUITY_RATIO":0.372109388867},{"SECUCODE":"00586.HK","SECURITY_CODE":"00586","SECURITY_NAME_ABBR":"海螺创业","ORG_CODE":"10359101","STD_REPORT_DATE":"2020-06-30 00:00:00","REPORT_DATE":"2020-06-30 00:00:00","DATE_TYPE_CODE":"002","REPORT_TYPE":"2020年中报","PER_NETCASH_OPERATE":0.03852611165,"PER_OI":1.560868818396,"BPS":19.115820381435,"BASIC_EPS":1.92,"DILUTED_EPS":1.85,"OPERATE_INCOME":2816978000,"OPERATE_INCOME_YOY":33.9289263067,"GROSS_PROFIT":932563000,"GROSS_PROFIT_YOY":31.439464411557,"HOLDER_PROFIT":3468485000,"HOLDER_PROFIT_YOY":10.439850857,"GROSS_PROFIT_RATIO":33.105086372702,"EPS_TTM":4.058016899848,"OPERATE_INCOME_QOQ":13.937516319905,"NET_PROFIT_RATIO":125.6148610319,"ROE_AVG":10.493185322056,"GROSS_PROFIT_QOQ":12.734588506369,"ROA":7.627506298685,"HOLDER_PROFIT_QOQ":4.686719847864,"ROE_YEARLY":20.986370644112,"ROIC_YEARLY":17.245351134033,"TOTAL_ASSETS":48775201000,"TOTAL_LIABILITIES":13219311000,"TAX_EBT":3.265980738723,"OCF_SALES":2.46824788834,"TOTAL_PARENT_EQUITY":34256335000,"DEBT_ASSET_RATIO":27.1025249081,"OPERATE_PROFIT":856187000,"PRETAX_PROFIT":3658013000,"NETCASH_OPERATE":69530000,"NETCASH_INVEST":-1103338000,"NETCASH_FINANCE":2160010000,"END_CASH":4132272000,"DIVI_RATIO":0.044663194973,"DIVIDEND_RATE":3.025718608169,"CURRENT_RATIO":1.077634097054,"COMMON_ACS":15000000000,"CURRENTDEBT_DEBT":45.381949180256,"ISSUED_COMMON_SHARES":1792041059,"HK_COMMON_SHARES":1792041059,"PER_SHARES":500,"TOTAL_MARKET_CAP":11845391399.99,"HKSK_MARKET_CAP":11845391399.99,"PE_TTM":5.820146306836,"PB_TTM":0.229545588604,"REPORT_DATE_SQ":"2019-06-30 00:00:00","REPORT_TYPE_SQ":"2019年中报","OPERATE_INCOME_SQ":2103338000,"DPS_HKD":0.2,"OPERATE_INCOME_QOQ_SQ":37.494912776613,"NET_PROFIT_RATIO_SQ":151.786683833,"HOLDER_PROFIT_SQ":3140610000,"HOLDER_PROFIT_QOQ_SQ":10.261684817014,"ROE_AVG_SQ":11.680910642471,"PE_TTM_SQ":4.302976941422,"PB_TTM_SQ":0.246127469585,"ROA_SQ":8.85038635212,"START_DATE":"2020-01-01 00:00:00","FISCAL_YEAR":"12-31","CURRENCY":"HKD","IS_CNY_CODE":0,"DPS_HKD_LY":0.65,"ORG_TYPE":"一般企业","PREMIUM_INCOME":null,"PREMIUM_INCOME_YOY":null,"NET_INTEREST_INCOME":null,"NET_INTEREST_INCOME_YOY":null,"FEE_COMMISSION_INCOME":null,"FEE_COMMISSION_INCOME_YOY":null,"ACCOUNTS_RECE_TDAYS":1.979080040256,"INVENTORY_TDAYS":7.368551737622,"CURRENT_ASSETS_TDAYS":0.472269856131,"TOTAL_ASSETS_TDAYS":0.061947845928,"PREMIUM_EXPENSE":null,"LOAN_DEPOSIT":null,"LOAN_EQUITY":null,"LOAN_ASSETS":null,"DEPOSIT_EQUITY":null,"DEPOSIT_ASSETS":null,"EQUITY_MULTIPLIER":1.371789624729,"EQUITY_RATIO":0.385893908382}],"count":27},"success":true,"message":"ok","code":0}