{"version":"44ac3039d2cddeb5ddba96f48e10e5d8","result":{"pages":6,"data":[{"SECUCODE":"00582.HK","SECURITY_CODE":"00582","SECURITY_NAME_ABBR":"神话世界","ORG_CODE":"10008979","STD_REPORT_DATE":"2024-06-30 00:00:00","REPORT_DATE":"2024-06-30 00:00:00","DATE_TYPE_CODE":"002","REPORT_TYPE":"2024年中报","PER_NETCASH_OPERATE":-0.057622178072,"PER_OI":0.314769328512,"BPS":4.053395725076,"BASIC_EPS":-0.416364616,"DILUTED_EPS":-0.416364616,"OPERATE_INCOME":478906013,"OPERATE_INCOME_YOY":25.5040732467,"GROSS_PROFIT":426997338,"GROSS_PROFIT_YOY":24.848917051815,"HOLDER_PROFIT":-211321927.2,"HOLDER_PROFIT_YOY":31.6868227026,"GROSS_PROFIT_RATIO":89.160989089523,"EPS_TTM":-0.244682013208,"OPERATE_INCOME_QOQ":9.949208973801,"NET_PROFIT_RATIO":-44.1259707466,"ROE_AVG":-3.269694742349,"GROSS_PROFIT_QOQ":10.378948803219,"ROA":-2.619872104438,"HOLDER_PROFIT_QOQ":21.369561916508,"ROE_YEARLY":-6.539389484699,"ROIC_YEARLY":-5.383695556829,"TOTAL_ASSETS":7734601578.72,"TOTAL_LIABILITIES":1567559843.8,"TAX_EBT":-0.008638562543,"OCF_SALES":-18.306160369718,"TOTAL_PARENT_EQUITY":6167041734.92,"DEBT_ASSET_RATIO":20.2668466869,"OPERATE_PROFIT":-164726875.16,"PRETAX_PROFIT":-211303673.6,"NETCASH_OPERATE":-87669302.76,"NETCASH_INVEST":-10399075.92,"NETCASH_FINANCE":53870024.32,"END_CASH":188537783.68,"DIVI_RATIO":null,"DIVIDEND_RATE":null,"CURRENT_RATIO":0.450155389713,"COMMON_ACS":1000000000000,"CURRENTDEBT_DEBT":96.389010995409,"ISSUED_COMMON_SHARES":1521450693,"HK_COMMON_SHARES":1521450693,"PER_SHARES":6000,"TOTAL_MARKET_CAP":254082265.731,"HKSK_MARKET_CAP":254082265.731,"PE_TTM":-0.612187417432,"PB_TTM":0.037602437644,"REPORT_DATE_SQ":"2023-06-30 00:00:00","REPORT_TYPE_SQ":"2023年中报","OPERATE_INCOME_SQ":385474306.12,"DPS_HKD":null,"OPERATE_INCOME_QOQ_SQ":-16.623986722765,"NET_PROFIT_RATIO_SQ":-81.0676546423,"HOLDER_PROFIT_SQ":-312494979.22,"HOLDER_PROFIT_QOQ_SQ":-114.777956792967,"ROE_AVG_SQ":-4.343867313135,"PE_TTM_SQ":-0.394019421033,"PB_TTM_SQ":0.023704877527,"ROA_SQ":-3.483457101393,"START_DATE":"2024-01-01 00:00:00","FISCAL_YEAR":"12-31","CURRENCY":"HKD","IS_CNY_CODE":0,"DPS_HKD_LY":null,"ORG_TYPE":"一般企业","PREMIUM_INCOME":null,"PREMIUM_INCOME_YOY":null,"NET_INTEREST_INCOME":null,"NET_INTEREST_INCOME_YOY":null,"FEE_COMMISSION_INCOME":null,"FEE_COMMISSION_INCOME_YOY":null,"ACCOUNTS_RECE_TDAYS":null,"INVENTORY_TDAYS":0.118880775385,"CURRENT_ASSETS_TDAYS":0.66114374813,"TOTAL_ASSETS_TDAYS":0.059372565863,"PREMIUM_EXPENSE":null,"LOAN_DEPOSIT":null,"LOAN_EQUITY":null,"LOAN_ASSETS":null,"DEPOSIT_EQUITY":null,"DEPOSIT_ASSETS":null,"EQUITY_MULTIPLIER":1.254183433676,"EQUITY_RATIO":0.254183433675},{"SECUCODE":"00582.HK","SECURITY_CODE":"00582","SECURITY_NAME_ABBR":"神话世界","ORG_CODE":"10008979","STD_REPORT_DATE":"2023-12-31 00:00:00","REPORT_DATE":"2023-12-31 00:00:00","DATE_TYPE_CODE":"001","REPORT_TYPE":"2023年年报","PER_NETCASH_OPERATE":-0.024317024059,"PER_OI":0.222203199922,"BPS":4.411061439912,"BASIC_EPS":-0.112008792,"DILUTED_EPS":-0.112008792,"OPERATE_INCOME":939086786.96,"OPERATE_INCOME_YOY":-25.2763195847,"GROSS_PROFIT":818831392.96,"GROSS_PROFIT_YOY":-20.029862879617,"HOLDER_PROFIT":-473444670.58,"HOLDER_PROFIT_YOY":-140.854083011,"GROSS_PROFIT_RATIO":87.194432328317,"EPS_TTM":-0.112024705543,"OPERATE_INCOME_QOQ":-9.078200333107,"NET_PROFIT_RATIO":-50.4154330733,"ROE_AVG":-6.731115117183,"GROSS_PROFIT_QOQ":-6.0267878217,"ROA":-5.425939225501,"HOLDER_PROFIT_QOQ":-13.766710374833,"ROE_YEARLY":-6.731115117183,"ROIC_YEARLY":-5.651769459205,"TOTAL_ASSETS":8338191842.96,"TOTAL_LIABILITIES":1626979358.34,"TAX_EBT":0.059110699611,"OCF_SALES":-10.943597602165,"TOTAL_PARENT_EQUITY":6711212484.62,"DEBT_ASSET_RATIO":19.512376172,"OPERATE_PROFIT":-380313347.4,"PRETAX_PROFIT":-473724692.56,"NETCASH_OPERATE":-102769879.1,"NETCASH_INVEST":-19202801.8,"NETCASH_FINANCE":-91349694.66,"END_CASH":241093487.46,"DIVI_RATIO":null,"DIVIDEND_RATE":null,"CURRENT_RATIO":2.694218260583,"COMMON_ACS":1000000000000,"CURRENTDEBT_DEBT":17.409057970409,"ISSUED_COMMON_SHARES":1521450693,"HK_COMMON_SHARES":1521450693,"PER_SHARES":6000,"TOTAL_MARKET_CAP":276904026.126,"HKSK_MARKET_CAP":276904026.126,"PE_TTM":-0.667174311213,"PB_TTM":0.040979902103,"REPORT_DATE_SQ":"2022-12-31 00:00:00","REPORT_TYPE_SQ":"2022年年报","OPERATE_INCOME_SQ":1238786836,"DPS_HKD":null,"OPERATE_INCOME_QOQ_SQ":-4.604136431686,"NET_PROFIT_RATIO_SQ":-15.6411162388,"HOLDER_PROFIT_SQ":-193760088.97,"HOLDER_PROFIT_QOQ_SQ":55.385876549648,"ROE_AVG_SQ":-2.562790802635,"PE_TTM_SQ":-0.394019421033,"PB_TTM_SQ":0.023704877527,"ROA_SQ":-2.011602154763,"START_DATE":"2023-01-01 00:00:00","FISCAL_YEAR":"12-31","CURRENCY":"HKD","IS_CNY_CODE":0,"DPS_HKD_LY":null,"ORG_TYPE":"一般企业","PREMIUM_INCOME":null,"PREMIUM_INCOME_YOY":null,"NET_INTEREST_INCOME":null,"NET_INTEREST_INCOME_YOY":null,"FEE_COMMISSION_INCOME":null,"FEE_COMMISSION_INCOME_YOY":null,"ACCOUNTS_RECE_TDAYS":null,"INVENTORY_TDAYS":0.23514651914,"CURRENT_ASSETS_TDAYS":0.960313003316,"TOTAL_ASSETS_TDAYS":0.107624568406,"PREMIUM_EXPENSE":null,"LOAN_DEPOSIT":null,"LOAN_EQUITY":null,"LOAN_ASSETS":null,"DEPOSIT_EQUITY":null,"DEPOSIT_ASSETS":null,"EQUITY_MULTIPLIER":1.242427037152,"EQUITY_RATIO":0.242427037151},{"SECUCODE":"00582.HK","SECURITY_CODE":"00582","SECURITY_NAME_ABBR":"神话世界","ORG_CODE":"10008979","STD_REPORT_DATE":"2023-06-30 00:00:00","REPORT_DATE":"2023-06-30 00:00:00","DATE_TYPE_CODE":"002","REPORT_TYPE":"2023年中报","PER_NETCASH_OPERATE":-0.018757878732,"PER_OI":0.091209487235,"BPS":4.537646018608,"BASIC_EPS":-0.685399932,"DILUTED_EPS":-0.685399932,"OPERATE_INCOME":385474306.12,"OPERATE_INCOME_YOY":-39.5428267352,"GROSS_PROFIT":342011246.94,"GROSS_PROFIT_YOY":-30.849146127326,"HOLDER_PROFIT":-312494979.22,"HOLDER_PROFIT_YOY":-221.7021963211,"GROSS_PROFIT_RATIO":88.724784378633,"EPS_TTM":-0.098468792122,"OPERATE_INCOME_QOQ":-16.623986722765,"NET_PROFIT_RATIO":-81.0676546423,"ROE_AVG":-4.343867313135,"GROSS_PROFIT_QOQ":-14.901134837605,"ROA":-3.483457101393,"HOLDER_PROFIT_QOQ":-114.777956792967,"ROE_YEARLY":-8.68773462627,"ROIC_YEARLY":-7.272348863075,"TOTAL_ASSETS":8670206800.02,"TOTAL_LIABILITIES":1766402120.42,"TAX_EBT":-0.289085755203,"OCF_SALES":-20.56571010347,"TOTAL_PARENT_EQUITY":6903804679.6,"DEBT_ASSET_RATIO":20.3732409291,"OPERATE_PROFIT":-260376371.8,"PRETAX_PROFIT":-311594204.76,"NETCASH_OPERATE":-133895467.48,"NETCASH_INVEST":-17583080.58,"NETCASH_FINANCE":-14641964.38,"END_CASH":289395692.3,"DIVI_RATIO":null,"DIVIDEND_RATE":null,"CURRENT_RATIO":2.695830314112,"COMMON_ACS":1000000000000,"CURRENTDEBT_DEBT":21.465551843305,"ISSUED_COMMON_SHARES":1521450693,"HK_COMMON_SHARES":1521450693,"PER_SHARES":6000,"TOTAL_MARKET_CAP":261689519.196,"HKSK_MARKET_CAP":261689519.196,"PE_TTM":-0.630516382026,"PB_TTM":0.038728259131,"REPORT_DATE_SQ":"2022-06-30 00:00:00","REPORT_TYPE_SQ":"2022年中报","OPERATE_INCOME_SQ":591410065.26,"DPS_HKD":null,"OPERATE_INCOME_QOQ_SQ":17.650471872602,"NET_PROFIT_RATIO_SQ":-15.2349635748,"HOLDER_PROFIT_SQ":-90101108.02,"HOLDER_PROFIT_QOQ_SQ":49.686630173802,"ROE_AVG_SQ":-1.248223918751,"PE_TTM_SQ":-0.506596398471,"PB_TTM_SQ":0.030477699678,"ROA_SQ":-0.972933673725,"START_DATE":"2023-01-01 00:00:00","FISCAL_YEAR":"12-31","CURRENCY":"HKD","IS_CNY_CODE":0,"DPS_HKD_LY":null,"ORG_TYPE":"一般企业","PREMIUM_INCOME":null,"PREMIUM_INCOME_YOY":null,"NET_INTEREST_INCOME":null,"NET_INTEREST_INCOME_YOY":null,"FEE_COMMISSION_INCOME":null,"FEE_COMMISSION_INCOME_YOY":null,"ACCOUNTS_RECE_TDAYS":null,"INVENTORY_TDAYS":0.079710046905,"CURRENT_ASSETS_TDAYS":0.344852074813,"TOTAL_ASSETS_TDAYS":0.042969753063,"PREMIUM_EXPENSE":null,"LOAN_DEPOSIT":null,"LOAN_EQUITY":null,"LOAN_ASSETS":null,"DEPOSIT_EQUITY":null,"DEPOSIT_ASSETS":null,"EQUITY_MULTIPLIER":1.255859225803,"EQUITY_RATIO":0.255859225803},{"SECUCODE":"00582.HK","SECURITY_CODE":"00582","SECURITY_NAME_ABBR":"神话世界","ORG_CODE":"10008979","STD_REPORT_DATE":"2022-12-31 00:00:00","REPORT_DATE":"2022-12-31 00:00:00","DATE_TYPE_CODE":"001","REPORT_TYPE":"2022年年报","PER_NETCASH_OPERATE":0.032656728585,"PER_OI":0.293117103555,"BPS":4.765855867542,"BASIC_EPS":-0.045824751,"DILUTED_EPS":-0.045824751,"OPERATE_INCOME":1238786836,"OPERATE_INCOME_YOY":2.7262302999,"GROSS_PROFIT":1023921456.74,"GROSS_PROFIT_YOY":13.322443272901,"HOLDER_PROFIT":-193760088.97,"HOLDER_PROFIT_YOY":79.4546329395,"GROSS_PROFIT_RATIO":82.65517738679,"EPS_TTM":-0.045846786883,"OPERATE_INCOME_QOQ":-4.604136431686,"NET_PROFIT_RATIO":-15.6411162388,"ROE_AVG":-2.562790802635,"GROSS_PROFIT_QOQ":-2.456938651787,"ROA":-2.011602154763,"HOLDER_PROFIT_QOQ":55.385876549648,"ROE_YEARLY":-2.562790802635,"ROIC_YEARLY":-2.143213974193,"TOTAL_ASSETS":8982742771.94,"TOTAL_LIABILITIES":1731728059.53,"TAX_EBT":7.716688860621,"OCF_SALES":11.141188347274,"TOTAL_PARENT_EQUITY":7251014712.41,"DEBT_ASSET_RATIO":19.2783886113,"OPERATE_PROFIT":-121840241.46,"PRETAX_PROFIT":-209962220.23,"NETCASH_OPERATE":138087929.49,"NETCASH_INVEST":-10257419.41,"NETCASH_FINANCE":-386989575.56,"END_CASH":449690876.67,"DIVI_RATIO":null,"DIVIDEND_RATE":null,"CURRENT_RATIO":3.69277691576,"COMMON_ACS":1000000000000,"CURRENTDEBT_DEBT":18.383979688844,"ISSUED_COMMON_SHARES":1521450693,"HK_COMMON_SHARES":1521450693,"PER_SHARES":6000,"TOTAL_MARKET_CAP":276904026.126,"HKSK_MARKET_CAP":276904026.126,"PE_TTM":-0.667174311213,"PB_TTM":0.040979902103,"REPORT_DATE_SQ":"2021-12-31 00:00:00","REPORT_TYPE_SQ":"2021年年报","OPERATE_INCOME_SQ":1103756729.6,"DPS_HKD":null,"OPERATE_INCOME_QOQ_SQ":34.544270507508,"NET_PROFIT_RATIO_SQ":-78.2051206078,"HOLDER_PROFIT_SQ":-863194281.6,"HOLDER_PROFIT_QOQ_SQ":45.208148493117,"ROE_AVG_SQ":-10.965037457641,"PE_TTM_SQ":-0.394019421033,"PB_TTM_SQ":0.023704877527,"ROA_SQ":-8.426405492361,"START_DATE":"2022-01-01 00:00:00","FISCAL_YEAR":"12-31","CURRENCY":"HKD","IS_CNY_CODE":0,"DPS_HKD_LY":null,"ORG_TYPE":"一般企业","PREMIUM_INCOME":null,"PREMIUM_INCOME_YOY":null,"NET_INTEREST_INCOME":null,"NET_INTEREST_INCOME_YOY":null,"FEE_COMMISSION_INCOME":null,"FEE_COMMISSION_INCOME_YOY":null,"ACCOUNTS_RECE_TDAYS":null,"INVENTORY_TDAYS":0.341396395821,"CURRENT_ASSETS_TDAYS":0.873323121053,"TOTAL_ASSETS_TDAYS":0.128609884617,"PREMIUM_EXPENSE":null,"LOAN_DEPOSIT":null,"LOAN_EQUITY":null,"LOAN_ASSETS":null,"DEPOSIT_EQUITY":null,"DEPOSIT_ASSETS":null,"EQUITY_MULTIPLIER":1.238825616581,"EQUITY_RATIO":0.238825616581},{"SECUCODE":"00582.HK","SECURITY_CODE":"00582","SECURITY_NAME_ABBR":"神话世界","ORG_CODE":"10008979","STD_REPORT_DATE":"2022-06-30 00:00:00","REPORT_DATE":"2022-06-30 00:00:00","DATE_TYPE_CODE":"002","REPORT_TYPE":"2022年中报","PER_NETCASH_OPERATE":0.02912308621,"PER_OI":0.139937235612,"BPS":4.536577829072,"BASIC_EPS":-0.021294231,"DILUTED_EPS":-0.021294231,"OPERATE_INCOME":591410065.26,"OPERATE_INCOME_YOY":45.0933329417,"GROSS_PROFIT":494587163.84,"GROSS_PROFIT_YOY":41.950673469771,"HOLDER_PROFIT":-90101108.02,"HOLDER_PROFIT_YOY":83.1083962612,"GROSS_PROFIT_RATIO":83.628465745264,"EPS_TTM":-0.102762944416,"OPERATE_INCOME_QOQ":17.650471872602,"NET_PROFIT_RATIO":-15.2349635748,"ROE_AVG":-1.248223918751,"GROSS_PROFIT_QOQ":16.176836882696,"ROA":-0.972933673725,"HOLDER_PROFIT_QOQ":49.686630173802,"ROE_YEARLY":-2.496447837502,"ROIC_YEARLY":-2.073680837613,"TOTAL_ASSETS":8678318461.75,"TOTAL_LIABILITIES":1776138979.86,"TAX_EBT":-28.071476326506,"OCF_SALES":20.811534601781,"TOTAL_PARENT_EQUITY":6902179481.89,"DEBT_ASSET_RATIO":20.4663955084,"OPERATE_PROFIT":-22251188.61,"PRETAX_PROFIT":-70352205.35,"NETCASH_OPERATE":123081510.37,"NETCASH_INVEST":-3533645.08,"NETCASH_FINANCE":-378521632.23,"END_CASH":439553976.96,"DIVI_RATIO":null,"DIVIDEND_RATE":null,"CURRENT_RATIO":2.828458111071,"COMMON_ACS":1000000000000,"CURRENTDEBT_DEBT":24.000887864282,"ISSUED_COMMON_SHARES":1521450693,"HK_COMMON_SHARES":1521450693,"PER_SHARES":6000,"TOTAL_MARKET_CAP":261689519.196,"HKSK_MARKET_CAP":261689519.196,"PE_TTM":-0.630516382026,"PB_TTM":0.038728259131,"REPORT_DATE_SQ":"2021-06-30 00:00:00","REPORT_TYPE_SQ":"2021年中报","OPERATE_INCOME_SQ":396591794.16,"DPS_HKD":null,"OPERATE_INCOME_QOQ_SQ":23.694249114211,"NET_PROFIT_RATIO_SQ":-130.8633375784,"HOLDER_PROFIT_SQ":-518993258.4,"HOLDER_PROFIT_QOQ_SQ":11.497480653982,"ROE_AVG_SQ":-6.215282671899,"PE_TTM_SQ":-0.506596398471,"PB_TTM_SQ":0.030477699678,"ROA_SQ":-4.757047415155,"START_DATE":"2022-01-01 00:00:00","FISCAL_YEAR":"12-31","CURRENCY":"HKD","IS_CNY_CODE":0,"DPS_HKD_LY":null,"ORG_TYPE":"一般企业","PREMIUM_INCOME":null,"PREMIUM_INCOME_YOY":null,"NET_INTEREST_INCOME":null,"NET_INTEREST_INCOME_YOY":null,"FEE_COMMISSION_INCOME":null,"FEE_COMMISSION_INCOME_YOY":null,"ACCOUNTS_RECE_TDAYS":null,"INVENTORY_TDAYS":0.152062932226,"CURRENT_ASSETS_TDAYS":0.423004639843,"TOTAL_ASSETS_TDAYS":0.063861896942,"PREMIUM_EXPENSE":null,"LOAN_DEPOSIT":null,"LOAN_EQUITY":null,"LOAN_ASSETS":null,"DEPOSIT_EQUITY":null,"DEPOSIT_ASSETS":null,"EQUITY_MULTIPLIER":1.257330164265,"EQUITY_RATIO":0.257330164265},{"SECUCODE":"00582.HK","SECURITY_CODE":"00582","SECURITY_NAME_ABBR":"神话世界","ORG_CODE":"10008979","STD_REPORT_DATE":"2021-12-31 00:00:00","REPORT_DATE":"2021-12-31 00:00:00","DATE_TYPE_CODE":"001","REPORT_TYPE":"2021年年报","PER_NETCASH_OPERATE":0.053415730307,"PER_OI":0.261166785284,"BPS":4.734514190398,"BASIC_EPS":-0.21944384,"DILUTED_EPS":-0.21944384,"OPERATE_INCOME":1103756729.6,"OPERATE_INCOME_YOY":71.3168978606,"GROSS_PROFIT":903546929.6,"GROSS_PROFIT_YOY":58.528751238964,"HOLDER_PROFIT":-863194281.6,"HOLDER_PROFIT_YOY":50.0820094175,"GROSS_PROFIT_RATIO":81.861057366096,"EPS_TTM":-0.204245799418,"OPERATE_INCOME_QOQ":34.544270507508,"NET_PROFIT_RATIO":-78.2051206078,"ROE_AVG":-10.965037457641,"GROSS_PROFIT_QOQ":27.799881980734,"ROA":-8.426405492361,"HOLDER_PROFIT_QOQ":45.208148493117,"ROE_YEARLY":-10.965037457641,"ROIC_YEARLY":-8.950894353112,"TOTAL_ASSETS":9410553107.2,"TOTAL_LIABILITIES":2207223211.2,"TAX_EBT":-1.465911526334,"OCF_SALES":20.45272726734,"TOTAL_PARENT_EQUITY":7203329896,"DEBT_ASSET_RATIO":23.4547660064,"OPERATE_PROFIT":-740802832,"PRETAX_PROFIT":-850723428.8,"NETCASH_OPERATE":225748353.6,"NETCASH_INVEST":-23866561.6,"NETCASH_FINANCE":-80341464,"END_CASH":671181739.2,"DIVI_RATIO":null,"DIVIDEND_RATE":null,"CURRENT_RATIO":0.704016210657,"COMMON_ACS":1000000000000,"CURRENTDEBT_DEBT":97.854600451839,"ISSUED_COMMON_SHARES":1521450693,"HK_COMMON_SHARES":1521450693,"PER_SHARES":6000,"TOTAL_MARKET_CAP":276904026.126,"HKSK_MARKET_CAP":276904026.126,"PE_TTM":-0.667174311213,"PB_TTM":0.040979902103,"REPORT_DATE_SQ":"2020-12-31 00:00:00","REPORT_TYPE_SQ":"2020年年报","OPERATE_INCOME_SQ":663221578.04,"DPS_HKD":null,"OPERATE_INCOME_QOQ_SQ":-0.169622774867,"NET_PROFIT_RATIO_SQ":-268.3973954678,"HOLDER_PROFIT_SQ":-1780069441.64,"HOLDER_PROFIT_QOQ_SQ":6.272141018483,"ROE_AVG_SQ":-18.941960784876,"PE_TTM_SQ":-0.394019421033,"PB_TTM_SQ":0.023704877527,"ROA_SQ":-14.754938035917,"START_DATE":"2021-01-01 00:00:00","FISCAL_YEAR":"12-31","CURRENCY":"HKD","IS_CNY_CODE":0,"DPS_HKD_LY":null,"ORG_TYPE":"一般企业","PREMIUM_INCOME":null,"PREMIUM_INCOME_YOY":null,"NET_INTEREST_INCOME":null,"NET_INTEREST_INCOME_YOY":null,"FEE_COMMISSION_INCOME":null,"FEE_COMMISSION_INCOME_YOY":null,"ACCOUNTS_RECE_TDAYS":null,"INVENTORY_TDAYS":0.263807402013,"CURRENT_ASSETS_TDAYS":0.692873264123,"TOTAL_ASSETS_TDAYS":0.107747490534,"PREMIUM_EXPENSE":null,"LOAN_DEPOSIT":null,"LOAN_EQUITY":null,"LOAN_ASSETS":null,"DEPOSIT_EQUITY":null,"DEPOSIT_ASSETS":null,"EQUITY_MULTIPLIER":1.306417065867,"EQUITY_RATIO":0.306417065866},{"SECUCODE":"00582.HK","SECURITY_CODE":"00582","SECURITY_NAME_ABBR":"神话世界","ORG_CODE":"10008979","STD_REPORT_DATE":"2021-06-30 00:00:00","REPORT_DATE":"2021-06-30 00:00:00","DATE_TYPE_CODE":"002","REPORT_TYPE":"2021年中报","PER_NETCASH_OPERATE":0.01414865007,"PER_OI":0.093840065635,"BPS":5.263483726028,"BASIC_EPS":-0.142784928,"DILUTED_EPS":-0.142784928,"OPERATE_INCOME":396591794.16,"OPERATE_INCOME_YOY":81.8236265769,"GROSS_PROFIT":348421850.88,"GROSS_PROFIT_YOY":64.833360279154,"HOLDER_PROFIT":-518993258.4,"HOLDER_PROFIT_YOY":21.2692746569,"GROSS_PROFIT_RATIO":87.854024216001,"EPS_TTM":-0.372766741406,"OPERATE_INCOME_QOQ":23.694249114211,"NET_PROFIT_RATIO":-130.8633375784,"ROE_AVG":-6.215282671899,"GROSS_PROFIT_QOQ":24.044520841469,"ROA":-4.757047415155,"HOLDER_PROFIT_QOQ":11.497480653982,"ROE_YEARLY":-12.430565343798,"ROIC_YEARLY":-10.053538926939,"TOTAL_ASSETS":10546503333.36,"TOTAL_LIABILITIES":2538372370.8,"TAX_EBT":-5.199155343867,"OCF_SALES":15.077408539592,"TOTAL_PARENT_EQUITY":8008130962.56,"DEBT_ASSET_RATIO":24.0683787846,"OPERATE_PROFIT":-436966812,"PRETAX_PROFIT":-493343560.32,"NETCASH_OPERATE":59795765.04,"NETCASH_INVEST":-16768076.16,"NETCASH_FINANCE":36988452.24,"END_CASH":632093732.4,"DIVI_RATIO":null,"DIVIDEND_RATE":null,"CURRENT_RATIO":0.721777150461,"COMMON_ACS":1000000000000,"CURRENTDEBT_DEBT":97.44869510774,"ISSUED_COMMON_SHARES":1521450693,"HK_COMMON_SHARES":1521450693,"PER_SHARES":6000,"TOTAL_MARKET_CAP":261689519.196,"HKSK_MARKET_CAP":261689519.196,"PE_TTM":-0.630516382026,"PB_TTM":0.038728259131,"REPORT_DATE_SQ":"2020-06-30 00:00:00","REPORT_TYPE_SQ":"2020年中报","OPERATE_INCOME_SQ":239446421.28,"DPS_HKD":null,"OPERATE_INCOME_QOQ_SQ":-9.060401066386,"NET_PROFIT_RATIO_SQ":-302.2205945746,"HOLDER_PROFIT_SQ":-723656398.08,"HOLDER_PROFIT_QOQ_SQ":0.595612189986,"ROE_AVG_SQ":-6.993868870609,"PE_TTM_SQ":-0.506596398471,"PB_TTM_SQ":0.030477699678,"ROA_SQ":-5.490496097432,"START_DATE":"2021-01-01 00:00:00","FISCAL_YEAR":"12-31","CURRENCY":"HKD","IS_CNY_CODE":0,"DPS_HKD_LY":null,"ORG_TYPE":"一般企业","PREMIUM_INCOME":null,"PREMIUM_INCOME_YOY":null,"NET_INTEREST_INCOME":null,"NET_INTEREST_INCOME_YOY":null,"FEE_COMMISSION_INCOME":null,"FEE_COMMISSION_INCOME_YOY":null,"ACCOUNTS_RECE_TDAYS":null,"INVENTORY_TDAYS":0.055806407456,"CURRENT_ASSETS_TDAYS":0.227904312388,"TOTAL_ASSETS_TDAYS":0.036351261577,"PREMIUM_EXPENSE":null,"LOAN_DEPOSIT":null,"LOAN_EQUITY":null,"LOAN_ASSETS":null,"DEPOSIT_EQUITY":null,"DEPOSIT_ASSETS":null,"EQUITY_MULTIPLIER":1.316974382996,"EQUITY_RATIO":0.316974382995},{"SECUCODE":"00582.HK","SECURITY_CODE":"00582","SECURITY_NAME_ABBR":"神话世界","ORG_CODE":"10008979","STD_REPORT_DATE":"2020-12-31 00:00:00","REPORT_DATE":"2020-12-31 00:00:00","DATE_TYPE_CODE":"001","REPORT_TYPE":"2020年年报","PER_NETCASH_OPERATE":0.004160790373,"PER_OI":0.188314777035,"BPS":5.778886409091,"BASIC_EPS":-0.532589792,"DILUTED_EPS":-0.532589792,"OPERATE_INCOME":663221578.04,"OPERATE_INCOME_YOY":-3.3747254863,"GROSS_PROFIT":569957766.36,"GROSS_PROFIT_YOY":-9.86862754018,"HOLDER_PROFIT":-1780069441.64,"HOLDER_PROFIT_YOY":0.8370939422,"GROSS_PROFIT_RATIO":85.937759752085,"EPS_TTM":-0.505431956843,"OPERATE_INCOME_QOQ":-0.169622774867,"NET_PROFIT_RATIO":-268.3973954678,"ROE_AVG":-18.941960784876,"GROSS_PROFIT_QOQ":-3.657291290919,"ROA":-14.754938035917,"HOLDER_PROFIT_QOQ":6.272141018483,"ROE_YEARLY":-18.941960784876,"ROIC_YEARLY":-15.313371343541,"TOTAL_ASSETS":11402994888.88,"TOTAL_LIABILITIES":2610704157,"TAX_EBT":-0.687770940428,"OCF_SALES":2.209486923406,"TOTAL_PARENT_EQUITY":8792290731.88,"DEBT_ASSET_RATIO":22.8948989493,"OPERATE_PROFIT":-1662688435.76,"PRETAX_PROFIT":-1767910268.56,"NETCASH_OPERATE":14653794.04,"NETCASH_INVEST":223010192.44,"NETCASH_FINANCE":-55945494.08,"END_CASH":544892885.52,"DIVI_RATIO":null,"DIVIDEND_RATE":null,"CURRENT_RATIO":1.546756733772,"COMMON_ACS":1000000000000,"CURRENTDEBT_DEBT":42.455700895412,"ISSUED_COMMON_SHARES":1521450693,"HK_COMMON_SHARES":1521450693,"PER_SHARES":6000,"TOTAL_MARKET_CAP":276904026.126,"HKSK_MARKET_CAP":276904026.126,"PE_TTM":-0.667174311213,"PB_TTM":0.040979902103,"REPORT_DATE_SQ":"2019-12-31 00:00:00","REPORT_TYPE_SQ":"2019年年报","OPERATE_INCOME_SQ":730538150.74,"DPS_HKD":null,"OPERATE_INCOME_QOQ_SQ":9.480135566552,"NET_PROFIT_RATIO_SQ":-261.528963267,"HOLDER_PROFIT_SQ":-1910568851.9,"HOLDER_PROFIT_QOQ_SQ":-20.444619491669,"ROE_AVG_SQ":-16.104902369568,"PE_TTM_SQ":-0.394019421033,"PB_TTM_SQ":0.023704877527,"ROA_SQ":-13.008838835238,"START_DATE":"2020-01-01 00:00:00","FISCAL_YEAR":"12-31","CURRENCY":"HKD","IS_CNY_CODE":0,"DPS_HKD_LY":null,"ORG_TYPE":"一般企业","PREMIUM_INCOME":null,"PREMIUM_INCOME_YOY":null,"NET_INTEREST_INCOME":null,"NET_INTEREST_INCOME_YOY":null,"FEE_COMMISSION_INCOME":null,"FEE_COMMISSION_INCOME_YOY":null,"ACCOUNTS_RECE_TDAYS":null,"INVENTORY_TDAYS":0.093729554389,"CURRENT_ASSETS_TDAYS":0.345667601813,"TOTAL_ASSETS_TDAYS":0.054974222124,"PREMIUM_EXPENSE":null,"LOAN_DEPOSIT":null,"LOAN_EQUITY":null,"LOAN_ASSETS":null,"DEPOSIT_EQUITY":null,"DEPOSIT_ASSETS":null,"EQUITY_MULTIPLIER":1.296931054331,"EQUITY_RATIO":0.296931054331},{"SECUCODE":"00582.HK","SECURITY_CODE":"00582","SECURITY_NAME_ABBR":"神话世界","ORG_CODE":"10008979","STD_REPORT_DATE":"2020-06-30 00:00:00","REPORT_DATE":"2020-06-30 00:00:00","DATE_TYPE_CODE":"002","REPORT_TYPE":"2020年中报","PER_NETCASH_OPERATE":-0.064336734846,"PER_OI":0.067988287668,"BPS":6.466197659052,"BASIC_EPS":-0.228999408,"DILUTED_EPS":-0.228999408,"OPERATE_INCOME":239446421.28,"OPERATE_INCOME_YOY":-24.5536022657,"GROSS_PROFIT":211378236.96,"GROSS_PROFIT_YOY":-16.168815666186,"HOLDER_PROFIT":-723656398.08,"HOLDER_PROFIT_YOY":5.1890219019,"GROSS_PROFIT_RATIO":88.277885227953,"EPS_TTM":-0.539254776899,"OPERATE_INCOME_QOQ":-9.060401066386,"NET_PROFIT_RATIO":-302.2205945746,"ROE_AVG":-6.993868870609,"GROSS_PROFIT_QOQ":-6.447126443182,"ROA":-5.490496097432,"HOLDER_PROFIT_QOQ":0.595612189986,"ROE_YEARLY":-13.987737741217,"ROIC_YEARLY":-11.368444556246,"TOTAL_ASSETS":12549261642.72,"TOTAL_LIABILITIES":2711260733.28,"TAX_EBT":-3.233170884262,"OCF_SALES":-94.629144302407,"TOTAL_PARENT_EQUITY":9838000909.44,"DEBT_ASSET_RATIO":21.6049422705,"OPERATE_PROFIT":-645269544.48,"PRETAX_PROFIT":-700992124.8,"NETCASH_OPERATE":-226586099.52,"NETCASH_INVEST":379685951.04,"NETCASH_FINANCE":26845088.16,"END_CASH":534817293.12,"DIVI_RATIO":null,"DIVIDEND_RATE":null,"CURRENT_RATIO":1.881946015586,"COMMON_ACS":1000000000000,"CURRENTDEBT_DEBT":42.886785771921,"ISSUED_COMMON_SHARES":1521450693,"HK_COMMON_SHARES":1521450693,"PER_SHARES":6000,"TOTAL_MARKET_CAP":261689519.196,"HKSK_MARKET_CAP":261689519.196,"PE_TTM":-0.630516382026,"PB_TTM":0.038728259131,"REPORT_DATE_SQ":"2019-06-30 00:00:00","REPORT_TYPE_SQ":"2019年中报","OPERATE_INCOME_SQ":305636107.68,"DPS_HKD":null,"OPERATE_INCOME_QOQ_SQ":-63.718376323247,"NET_PROFIT_RATIO_SQ":-240.4938292924,"HOLDER_PROFIT_SQ":-735035979.06,"HOLDER_PROFIT_QOQ_SQ":-158.064133822151,"ROE_AVG_SQ":-5.993409760412,"PE_TTM_SQ":-0.506596398471,"PB_TTM_SQ":0.030477699678,"ROA_SQ":-4.7373688599,"START_DATE":"2020-01-01 00:00:00","FISCAL_YEAR":"12-31","CURRENCY":"HKD","IS_CNY_CODE":0,"DPS_HKD_LY":null,"ORG_TYPE":"一般企业","PREMIUM_INCOME":null,"PREMIUM_INCOME_YOY":null,"NET_INTEREST_INCOME":null,"NET_INTEREST_INCOME_YOY":null,"FEE_COMMISSION_INCOME":null,"FEE_COMMISSION_INCOME_YOY":null,"ACCOUNTS_RECE_TDAYS":null,"INVENTORY_TDAYS":0.024159018041,"CURRENT_ASSETS_TDAYS":0.106602938955,"TOTAL_ASSETS_TDAYS":0.018167180516,"PREMIUM_EXPENSE":null,"LOAN_DEPOSIT":null,"LOAN_EQUITY":null,"LOAN_ASSETS":null,"DEPOSIT_EQUITY":null,"DEPOSIT_ASSETS":null,"EQUITY_MULTIPLIER":1.275590616248,"EQUITY_RATIO":0.275590616248}],"count":46},"success":true,"message":"ok","code":0}