{"version":"19f4ffe4c37d700f95699a82675ff03f","result":{"pages":6,"data":[{"SECUCODE":"00592.HK","SECURITY_CODE":"00592","SECURITY_NAME_ABBR":"BOSSINI INT\u0027L","ORG_CODE":"10008987","STD_REPORT_DATE":"2024-06-30 00:00:00","REPORT_DATE":"2024-06-30 00:00:00","DATE_TYPE_CODE":"002","REPORT_TYPE":"2024年中报","PER_NETCASH_OPERATE":-0.007740441876,"PER_OI":0.072809046418,"BPS":0.043180293975,"BASIC_EPS":-0.014237808,"DILUTED_EPS":-0.014237808,"OPERATE_INCOME":241924087.6,"OPERATE_INCOME_YOY":-11.1805841769,"GROSS_PROFIT":118422055.36,"GROSS_PROFIT_YOY":-18.226029438042,"HOLDER_PROFIT":-47443844.44,"HOLDER_PROFIT_YOY":36.887793507,"GROSS_PROFIT_RATIO":48.950088655827,"EPS_TTM":-0.052344037251,"OPERATE_INCOME_QOQ":-6.068544149394,"NET_PROFIT_RATIO":-19.6110461388,"ROE_AVG":-28.574255520895,"GROSS_PROFIT_QOQ":-9.552093577135,"ROA":-11.163019424637,"HOLDER_PROFIT_QOQ":14.077602489672,"ROE_YEARLY":-57.14851104179,"ROIC_YEARLY":-32.598784671052,"TOTAL_ASSETS":357031289.2,"TOTAL_LIABILITIES":213555255.16,"TAX_EBT":-0.594086229584,"OCF_SALES":-10.631154034783,"TOTAL_PARENT_EQUITY":143476034.04,"DEBT_ASSET_RATIO":59.8141568036,"OPERATE_PROFIT":-43950105.4,"PRETAX_PROFIT":-47163651.68,"NETCASH_OPERATE":-25719322.4,"NETCASH_INVEST":182536,"NETCASH_FINANCE":-42795565.2,"END_CASH":99322401,"DIVI_RATIO":null,"DIVIDEND_RATE":null,"CURRENT_RATIO":1.680043206633,"COMMON_ACS":10000000000,"CURRENTDEBT_DEBT":73.196374157539,"ISSUED_COMMON_SHARES":3322720177,"HK_COMMON_SHARES":3322720177,"PER_SHARES":2000,"TOTAL_MARKET_CAP":352208338.762,"HKSK_MARKET_CAP":352208338.762,"PE_TTM":-1.825055516035,"PB_TTM":2.240468303798,"REPORT_DATE_SQ":"2023-06-30 00:00:00","REPORT_TYPE_SQ":"2023年中报","OPERATE_INCOME_SQ":275152945.26,"DPS_HKD":null,"OPERATE_INCOME_QOQ_SQ":4.427901009389,"NET_PROFIT_RATIO_SQ":-27.5991247734,"HOLDER_PROFIT_SQ":-75939804.68,"HOLDER_PROFIT_QOQ_SQ":-80.100862661331,"ROE_AVG_SQ":-35.088930070079,"PE_TTM_SQ":-1.728278176429,"PB_TTM_SQ":1.170484558309,"ROA_SQ":-12.661134869078,"START_DATE":"2024-01-01 00:00:00","FISCAL_YEAR":"12-31","CURRENCY":"HKD","IS_CNY_CODE":0,"DPS_HKD_LY":null,"ORG_TYPE":"一般企业","PREMIUM_INCOME":null,"PREMIUM_INCOME_YOY":null,"NET_INTEREST_INCOME":null,"NET_INTEREST_INCOME_YOY":null,"FEE_COMMISSION_INCOME":null,"FEE_COMMISSION_INCOME_YOY":null,"ACCOUNTS_RECE_TDAYS":16.178095150905,"INVENTORY_TDAYS":1.129551411543,"CURRENT_ASSETS_TDAYS":0.736865368551,"TOTAL_ASSETS_TDAYS":0.569221006654,"PREMIUM_EXPENSE":null,"LOAN_DEPOSIT":null,"LOAN_EQUITY":null,"LOAN_ASSETS":null,"DEPOSIT_EQUITY":null,"DEPOSIT_ASSETS":null,"EQUITY_MULTIPLIER":2.488438515804,"EQUITY_RATIO":1.488438515804},{"SECUCODE":"00592.HK","SECURITY_CODE":"00592","SECURITY_NAME_ABBR":"BOSSINI INT\u0027L","ORG_CODE":"10008987","STD_REPORT_DATE":"2023-12-31 00:00:00","REPORT_DATE":"2023-12-31 00:00:00","DATE_TYPE_CODE":"001","REPORT_TYPE":"2023年年报","PER_NETCASH_OPERATE":-0.019870062654,"PER_OI":0.164792380306,"BPS":0.056358376049,"BASIC_EPS":-0.066244682,"DILUTED_EPS":-0.066244682,"OPERATE_INCOME":547558967.06,"OPERATE_INCOME_YOY":3.2586237834,"GROSS_PROFIT":276319165.08,"GROSS_PROFIT_YOY":13.216419000451,"HOLDER_PROFIT":-202420548.96,"HOLDER_PROFIT_YOY":-68.8931903761,"GROSS_PROFIT_RATIO":50.463818821859,"EPS_TTM":-0.060920131151,"OPERATE_INCOME_QOQ":0.313798947318,"NET_PROFIT_RATIO":-36.967808243,"ROE_AVG":-136.639495939684,"GROSS_PROFIT_QOQ":0.195416288395,"ROA":-42.387071798881,"HOLDER_PROFIT_QOQ":4.86348455333,"ROE_YEARLY":-136.639495939684,"ROIC_YEARLY":-57.55898450787,"TOTAL_ASSETS":489497451.66,"TOTAL_LIABILITIES":302234338.42,"TAX_EBT":-0.221200224341,"OCF_SALES":-12.057634350232,"TOTAL_PARENT_EQUITY":187263113.24,"DEBT_ASSET_RATIO":61.743802219,"OPERATE_PROFIT":-193228759.5,"PRETAX_PROFIT":-201973782.5,"NETCASH_OPERATE":-66022658.1,"NETCASH_INVEST":-25678649.92,"NETCASH_FINANCE":174975676.26,"END_CASH":167348022.52,"DIVI_RATIO":null,"DIVIDEND_RATE":null,"CURRENT_RATIO":1.673938162558,"COMMON_ACS":10000000000,"CURRENTDEBT_DEBT":77.329383438627,"ISSUED_COMMON_SHARES":3322720177,"HK_COMMON_SHARES":3322720177,"PER_SHARES":2000,"TOTAL_MARKET_CAP":348885618.585,"HKSK_MARKET_CAP":348885618.585,"PE_TTM":-1.807838011167,"PB_TTM":2.219331810366,"REPORT_DATE_SQ":"2022-12-31 00:00:00","REPORT_TYPE_SQ":"2022年年报","OPERATE_INCOME_SQ":522701406.85,"DPS_HKD":null,"OPERATE_INCOME_QOQ_SQ":-41.122492660182,"NET_PROFIT_RATIO_SQ":-22.6015329272,"HOLDER_PROFIT_SQ":-118138530.58,"HOLDER_PROFIT_QOQ_SQ":41.819594119547,"ROE_AVG_SQ":-69.731600772956,"PE_TTM_SQ":-1.686125050174,"PB_TTM_SQ":1.141936154448,"ROA_SQ":-21.031857728755,"START_DATE":"2023-01-01 00:00:00","FISCAL_YEAR":"12-31","CURRENCY":"HKD","IS_CNY_CODE":0,"DPS_HKD_LY":null,"ORG_TYPE":"一般企业","PREMIUM_INCOME":null,"PREMIUM_INCOME_YOY":null,"NET_INTEREST_INCOME":null,"NET_INTEREST_INCOME_YOY":null,"FEE_COMMISSION_INCOME":null,"FEE_COMMISSION_INCOME_YOY":null,"ACCOUNTS_RECE_TDAYS":26.377796695261,"INVENTORY_TDAYS":1.889708249942,"CURRENT_ASSETS_TDAYS":1.529810160875,"TOTAL_ASSETS_TDAYS":1.146594126443,"PREMIUM_EXPENSE":null,"LOAN_DEPOSIT":null,"LOAN_EQUITY":null,"LOAN_ASSETS":null,"DEPOSIT_EQUITY":null,"DEPOSIT_ASSETS":null,"EQUITY_MULTIPLIER":2.613955536629,"EQUITY_RATIO":1.613955536629},{"SECUCODE":"00592.HK","SECURITY_CODE":"00592","SECURITY_NAME_ABBR":"BOSSINI INT\u0027L","ORG_CODE":"10008987","STD_REPORT_DATE":"2023-06-30 00:00:00","REPORT_DATE":"2023-06-30 00:00:00","DATE_TYPE_CODE":"002","REPORT_TYPE":"2023年中报","PER_NETCASH_OPERATE":-0.017341787141,"PER_OI":0.082809544771,"BPS":0.096885977004,"BASIC_EPS":-0.027290608,"DILUTED_EPS":-0.027290608,"OPERATE_INCOME":275152945.26,"OPERATE_INCOME_YOY":1.2745986338,"GROSS_PROFIT":144816320.58,"GROSS_PROFIT_YOY":28.043994583412,"HOLDER_PROFIT":-75939804.68,"HOLDER_PROFIT_YOY":-476.8748570121,"GROSS_PROFIT_RATIO":52.631208596789,"EPS_TTM":-0.064034436057,"OPERATE_INCOME_QOQ":4.427901009389,"NET_PROFIT_RATIO":-27.5991247734,"ROE_AVG":-35.088930070079,"GROSS_PROFIT_QOQ":12.995607178853,"ROA":-12.661134869078,"HOLDER_PROFIT_QOQ":-80.100862661331,"ROE_YEARLY":-70.177860140158,"ROIC_YEARLY":-39.025476530037,"TOTAL_ASSETS":725868400.14,"TOTAL_LIABILITIES":403943409.48,"TAX_EBT":-0.332549669278,"OCF_SALES":-20.941773305589,"TOTAL_PARENT_EQUITY":321924990.66,"DEBT_ASSET_RATIO":55.6496755338,"OPERATE_PROFIT":-70808985.98,"PRETAX_PROFIT":-75688104.14,"NETCASH_OPERATE":-57621906.04,"NETCASH_INVEST":-15850680.16,"NETCASH_FINANCE":324051998.52,"END_CASH":335337033.72,"DIVI_RATIO":null,"DIVIDEND_RATE":null,"CURRENT_RATIO":1.705875589929,"COMMON_ACS":10000000000,"CURRENTDEBT_DEBT":81.394621638524,"ISSUED_COMMON_SHARES":3322720177,"HK_COMMON_SHARES":3322720177,"PER_SHARES":2000,"TOTAL_MARKET_CAP":348885618.585,"HKSK_MARKET_CAP":348885618.585,"PE_TTM":-1.807838011167,"PB_TTM":2.219331810366,"REPORT_DATE_SQ":"2022-06-30 00:00:00","REPORT_TYPE_SQ":"2022年中报","OPERATE_INCOME_SQ":252008244.39,"DPS_HKD":null,"OPERATE_INCOME_QOQ_SQ":-6.72131635997,"NET_PROFIT_RATIO_SQ":7.4164944465,"HOLDER_PROFIT_SQ":18690177.45,"HOLDER_PROFIT_QOQ_SQ":27.048003724285,"ROE_AVG_SQ":8.0892762957,"PE_TTM_SQ":-1.686125050174,"PB_TTM_SQ":1.141936154448,"ROA_SQ":3.001481170186,"START_DATE":"2023-01-01 00:00:00","FISCAL_YEAR":"12-31","CURRENCY":"HKD","IS_CNY_CODE":0,"DPS_HKD_LY":null,"ORG_TYPE":"一般企业","PREMIUM_INCOME":null,"PREMIUM_INCOME_YOY":null,"NET_INTEREST_INCOME":null,"NET_INTEREST_INCOME_YOY":null,"FEE_COMMISSION_INCOME":null,"FEE_COMMISSION_INCOME_YOY":null,"ACCOUNTS_RECE_TDAYS":15.169491956185,"INVENTORY_TDAYS":0.865052411286,"CURRENT_ASSETS_TDAYS":0.617527836003,"TOTAL_ASSETS_TDAYS":0.458751318132,"PREMIUM_EXPENSE":null,"LOAN_DEPOSIT":null,"LOAN_EQUITY":null,"LOAN_ASSETS":null,"DEPOSIT_EQUITY":null,"DEPOSIT_ASSETS":null,"EQUITY_MULTIPLIER":2.254774935778,"EQUITY_RATIO":1.254774935776},{"SECUCODE":"00592.HK","SECURITY_CODE":"00592","SECURITY_NAME_ABBR":"BOSSINI INT\u0027L","ORG_CODE":"10008987","STD_REPORT_DATE":"2022-12-31 00:00:00","REPORT_DATE":"2022-12-31 00:00:00","DATE_TYPE_CODE":"001","REPORT_TYPE":"2022年年报","PER_NETCASH_OPERATE":-0.065046664427,"PER_OI":0.211589327375,"BPS":0.032341893113,"BASIC_EPS":-0.047521964,"DILUTED_EPS":-0.047521964,"OPERATE_INCOME":522701406.85,"OPERATE_INCOME_YOY":-49.7321907953,"GROSS_PROFIT":244062802.48,"GROSS_PROFIT_YOY":-49.935974890198,"HOLDER_PROFIT":-118138530.58,"HOLDER_PROFIT_YOY":61.1516962022,"GROSS_PROFIT_RATIO":46.69258572515,"EPS_TTM":-0.047822431497,"OPERATE_INCOME_QOQ":-41.122492660182,"NET_PROFIT_RATIO":-22.6015329272,"ROE_AVG":-69.731600772956,"GROSS_PROFIT_QOQ":-44.906831954867,"ROA":-21.031857728755,"HOLDER_PROFIT_QOQ":41.819594119547,"ROE_YEARLY":-69.731600772956,"ROIC_YEARLY":-29.459925132844,"TOTAL_ASSETS":458954086.57,"TOTAL_LIABILITIES":351491025.76,"TAX_EBT":-0.28130994897,"OCF_SALES":-30.741940169699,"TOTAL_PARENT_EQUITY":107463060.81,"DEBT_ASSET_RATIO":76.5852262885,"OPERATE_PROFIT":-109024496.77,"PRETAX_PROFIT":-117807127.41,"NETCASH_OPERATE":-160688553.76,"NETCASH_INVEST":123126550.26,"NETCASH_FINANCE":-112327809.23,"END_CASH":83200954.34,"DIVI_RATIO":null,"DIVIDEND_RATE":null,"CURRENT_RATIO":1.444482080067,"COMMON_ACS":10000000000,"CURRENTDEBT_DEBT":63.024031228398,"ISSUED_COMMON_SHARES":3322720177,"HK_COMMON_SHARES":3322720177,"PER_SHARES":2000,"TOTAL_MARKET_CAP":348885618.585,"HKSK_MARKET_CAP":348885618.585,"PE_TTM":-1.807838011167,"PB_TTM":2.219331810366,"REPORT_DATE_SQ":"2021-12-31 00:00:00","REPORT_TYPE_SQ":"2021年年报","OPERATE_INCOME_SQ":951747720,"DPS_HKD":null,"OPERATE_INCOME_QOQ_SQ":51.677708963457,"NET_PROFIT_RATIO_SQ":-29.2452805876,"HOLDER_PROFIT_SQ":-278341291.2,"HOLDER_PROFIT_QOQ_SQ":-147.726688303457,"ROE_AVG_SQ":-97.4539906278,"PE_TTM_SQ":-1.686125050174,"PB_TTM_SQ":1.141936154448,"ROA_SQ":-44.706077015051,"START_DATE":"2022-01-01 00:00:00","FISCAL_YEAR":"12-31","CURRENCY":"HKD","IS_CNY_CODE":0,"DPS_HKD_LY":null,"ORG_TYPE":"一般企业","PREMIUM_INCOME":null,"PREMIUM_INCOME_YOY":null,"NET_INTEREST_INCOME":null,"NET_INTEREST_INCOME_YOY":null,"FEE_COMMISSION_INCOME":null,"FEE_COMMISSION_INCOME_YOY":null,"ACCOUNTS_RECE_TDAYS":23.428691543882,"INVENTORY_TDAYS":1.740404733609,"CURRENT_ASSETS_TDAYS":1.266833873309,"TOTAL_ASSETS_TDAYS":0.930550055898,"PREMIUM_EXPENSE":null,"LOAN_DEPOSIT":null,"LOAN_EQUITY":null,"LOAN_ASSETS":null,"DEPOSIT_EQUITY":null,"DEPOSIT_ASSETS":null,"EQUITY_MULTIPLIER":4.270807876776,"EQUITY_RATIO":3.270807876778},{"SECUCODE":"00592.HK","SECURITY_CODE":"00592","SECURITY_NAME_ABBR":"BOSSINI INT\u0027L","ORG_CODE":"10008987","STD_REPORT_DATE":"2022-06-30 00:00:00","REPORT_DATE":"2022-06-30 00:00:00","DATE_TYPE_CODE":"002","REPORT_TYPE":"2022年中报","PER_NETCASH_OPERATE":-0.031526715506,"PER_OI":0.102120650429,"BPS":0.072406436273,"BASIC_EPS":0.007525672,"DILUTED_EPS":0.007354634,"OPERATE_INCOME":252008244.39,"OPERATE_INCOME_YOY":-22.4002949348,"GROSS_PROFIT":113098877.5,"GROSS_PROFIT_YOY":-28.236804036696,"HOLDER_PROFIT":18690177.45,"HOLDER_PROFIT_YOY":132.1316729641,"GROSS_PROFIT_RATIO":44.879038689295,"EPS_TTM":-0.082283667674,"OPERATE_INCOME_QOQ":-6.72131635997,"NET_PROFIT_RATIO":7.4164944465,"ROE_AVG":8.0892762957,"GROSS_PROFIT_QOQ":-9.128433004998,"ROA":3.001481170186,"HOLDER_PROFIT_QOQ":27.048003724285,"ROE_YEARLY":16.1785525914,"ROIC_YEARLY":9.344575613886,"TOTAL_ASSETS":609252749.42,"TOTAL_LIABILITIES":368666422.67,"TAX_EBT":-1.382381592986,"OCF_SALES":-30.872027718109,"TOTAL_PARENT_EQUITY":240586326.75,"DEBT_ASSET_RATIO":60.5112448029,"OPERATE_PROFIT":22786537.55,"PRETAX_PROFIT":18435330.83,"NETCASH_OPERATE":-77800055.06,"NETCASH_INVEST":135667341.6,"NETCASH_FINANCE":-65005557.47,"END_CASH":217312330.9,"DIVI_RATIO":null,"DIVIDEND_RATE":null,"CURRENT_RATIO":1.881852897486,"COMMON_ACS":10000000000,"CURRENTDEBT_DEBT":59.651629694753,"ISSUED_COMMON_SHARES":3322720177,"HK_COMMON_SHARES":3322720177,"PER_SHARES":2000,"TOTAL_MARKET_CAP":348885618.585,"HKSK_MARKET_CAP":348885618.585,"PE_TTM":-1.807838011167,"PB_TTM":2.219331810366,"REPORT_DATE_SQ":"2021-06-30 00:00:00","REPORT_TYPE_SQ":"2021年中报","OPERATE_INCOME_SQ":315978219.6,"DPS_HKD":null,"OPERATE_INCOME_QOQ_SQ":-24.541896751331,"NET_PROFIT_RATIO_SQ":-17.9112299043,"HOLDER_PROFIT_SQ":-56595585.36,"HOLDER_PROFIT_QOQ_SQ":65.46141578692,"ROE_AVG_SQ":null,"PE_TTM_SQ":-1.686125050174,"PB_TTM_SQ":1.141936154448,"ROA_SQ":null,"START_DATE":"2022-01-01 00:00:00","FISCAL_YEAR":"12-31","CURRENCY":"HKD","IS_CNY_CODE":0,"DPS_HKD_LY":null,"ORG_TYPE":"一般企业","PREMIUM_INCOME":null,"PREMIUM_INCOME_YOY":null,"NET_INTEREST_INCOME":null,"NET_INTEREST_INCOME_YOY":null,"FEE_COMMISSION_INCOME":null,"FEE_COMMISSION_INCOME_YOY":null,"ACCOUNTS_RECE_TDAYS":13.508492058035,"INVENTORY_TDAYS":0.961081839079,"CURRENT_ASSETS_TDAYS":0.56155759862,"TOTAL_ASSETS_TDAYS":0.404703487857,"PREMIUM_EXPENSE":null,"LOAN_DEPOSIT":null,"LOAN_EQUITY":null,"LOAN_ASSETS":null,"DEPOSIT_EQUITY":null,"DEPOSIT_ASSETS":null,"EQUITY_MULTIPLIER":2.532366480049,"EQUITY_RATIO":1.53236648005},{"SECUCODE":"00592.HK","SECURITY_CODE":"00592","SECURITY_NAME_ABBR":"BOSSINI INT\u0027L","ORG_CODE":"10008987","STD_REPORT_DATE":"2021-12-31 00:00:00","REPORT_DATE":"2021-12-31 00:00:00","DATE_TYPE_CODE":"001","REPORT_TYPE":"2021年年报","PER_NETCASH_OPERATE":0.040898069747,"PER_OI":0.385987097181,"BPS":0.063735355588,"BASIC_EPS":-0.13506752,"DILUTED_EPS":-0.13506752,"OPERATE_INCOME":951747720,"OPERATE_INCOME_YOY":37.2791469429,"GROSS_PROFIT":487501358.4,"GROSS_PROFIT_YOY":35.781630078149,"HOLDER_PROFIT":-278341291.2,"HOLDER_PROFIT_YOY":-119.4300852101,"GROSS_PROFIT_RATIO":51.221699632756,"EPS_TTM":-0.112883009603,"OPERATE_INCOME_QOQ":51.677708963457,"NET_PROFIT_RATIO":-29.2452805876,"ROE_AVG":-97.4539906278,"GROSS_PROFIT_QOQ":55.808029590908,"ROA":-44.706077015051,"HOLDER_PROFIT_QOQ":-147.726688303457,"ROE_YEARLY":-97.4539906278,"ROIC_YEARLY":-76.893210462122,"TOTAL_ASSETS":608182388.8,"TOTAL_LIABILITIES":396407636.8,"TAX_EBT":-0.857735187607,"OCF_SALES":10.595709039366,"TOTAL_PARENT_EQUITY":211774752,"DEBT_ASSET_RATIO":65.1790719528,"OPERATE_PROFIT":-263593422.4,"PRETAX_PROFIT":-275667739.2,"NETCASH_OPERATE":100844419.2,"NETCASH_INVEST":-33802854.4,"NETCASH_FINANCE":193771.2,"END_CASH":218017128,"DIVI_RATIO":null,"DIVIDEND_RATE":null,"CURRENT_RATIO":1.738465037792,"COMMON_ACS":10000000000,"CURRENTDEBT_DEBT":67.101515335892,"ISSUED_COMMON_SHARES":3322720177,"HK_COMMON_SHARES":3322720177,"PER_SHARES":2000,"TOTAL_MARKET_CAP":348885618.585,"HKSK_MARKET_CAP":348885618.585,"PE_TTM":-1.807838011167,"PB_TTM":2.219331810366,"REPORT_DATE_SQ":"2020-12-31 00:00:00","REPORT_TYPE_SQ":"2020年年报","OPERATE_INCOME_SQ":705572220.96,"DPS_HKD":null,"OPERATE_INCOME_QOQ_SQ":-16.605326123174,"NET_PROFIT_RATIO_SQ":-18.296338751,"HOLDER_PROFIT_SQ":-129093883.68,"HOLDER_PROFIT_QOQ_SQ":3.153190722623,"ROE_AVG_SQ":-43.030250921506,"PE_TTM_SQ":-1.686125050174,"PB_TTM_SQ":1.141936154448,"ROA_SQ":-19.977401711933,"START_DATE":"2021-01-01 00:00:00","FISCAL_YEAR":"12-31","CURRENCY":"HKD","IS_CNY_CODE":0,"DPS_HKD_LY":null,"ORG_TYPE":"一般企业","PREMIUM_INCOME":null,"PREMIUM_INCOME_YOY":null,"NET_INTEREST_INCOME":null,"NET_INTEREST_INCOME_YOY":null,"FEE_COMMISSION_INCOME":null,"FEE_COMMISSION_INCOME_YOY":null,"ACCOUNTS_RECE_TDAYS":52.382720215997,"INVENTORY_TDAYS":3.327284073962,"CURRENT_ASSETS_TDAYS":1.963959282526,"TOTAL_ASSETS_TDAYS":1.528659534695,"PREMIUM_EXPENSE":null,"LOAN_DEPOSIT":null,"LOAN_EQUITY":null,"LOAN_ASSETS":null,"DEPOSIT_EQUITY":null,"DEPOSIT_ASSETS":null,"EQUITY_MULTIPLIER":2.871836151651,"EQUITY_RATIO":1.871836151649},{"SECUCODE":"00592.HK","SECURITY_CODE":"00592","SECURITY_NAME_ABBR":"BOSSINI INT\u0027L","ORG_CODE":"10008987","STD_REPORT_DATE":"2021-06-30 00:00:00","REPORT_DATE":"2021-06-30 00:00:00","DATE_TYPE_CODE":"002","REPORT_TYPE":"2021年中报","PER_NETCASH_OPERATE":0.004141924178,"PER_OI":0.128146895646,"BPS":null,"BASIC_EPS":-0.027791472,"DILUTED_EPS":-0.027791472,"OPERATE_INCOME":315978219.6,"OPERATE_INCOME_YOY":-18.8955121237,"GROSS_PROFIT":157600112.4,"GROSS_PROFIT_YOY":-22.649332015303,"HOLDER_PROFIT":-56595585.36,"HOLDER_PROFIT_YOY":21.9352913496,"GROSS_PROFIT_RATIO":49.87689107164,"EPS_TTM":-0.045567560918,"OPERATE_INCOME_QOQ":-24.541896751331,"NET_PROFIT_RATIO":-17.9112299043,"ROE_AVG":null,"GROSS_PROFIT_QOQ":-23.341674922844,"ROA":null,"HOLDER_PROFIT_QOQ":65.46141578692,"ROE_YEARLY":null,"ROIC_YEARLY":null,"TOTAL_ASSETS":null,"TOTAL_LIABILITIES":null,"TAX_EBT":2.336569393382,"OCF_SALES":3.232168955483,"TOTAL_PARENT_EQUITY":null,"DEBT_ASSET_RATIO":null,"OPERATE_PROFIT":-54482102.16,"PRETAX_PROFIT":-57939394.56,"NETCASH_OPERATE":10212949.92,"NETCASH_INVEST":-6955356.72,"NETCASH_FINANCE":99060788.16,"END_CASH":308590181.28,"DIVI_RATIO":null,"DIVIDEND_RATE":null,"CURRENT_RATIO":null,"COMMON_ACS":10000000000,"CURRENTDEBT_DEBT":null,"ISSUED_COMMON_SHARES":3322720177,"HK_COMMON_SHARES":3322720177,"PER_SHARES":2000,"TOTAL_MARKET_CAP":348885618.585,"HKSK_MARKET_CAP":348885618.585,"PE_TTM":-1.807838011167,"PB_TTM":2.219331810366,"REPORT_DATE_SQ":"2020-06-30 00:00:00","REPORT_TYPE_SQ":"2020年中报","OPERATE_INCOME_SQ":394070155.88,"DPS_HKD":null,"OPERATE_INCOME_QOQ_SQ":-23.482819656187,"NET_PROFIT_RATIO_SQ":-18.608679309,"HOLDER_PROFIT_SQ":-73331251.56,"HOLDER_PROFIT_QOQ_SQ":-82.827061066192,"ROE_AVG_SQ":-35.753444894006,"PE_TTM_SQ":-1.686125050174,"PB_TTM_SQ":1.141936154448,"ROA_SQ":-11.75048179821,"START_DATE":"2021-01-01 00:00:00","FISCAL_YEAR":"12-31","CURRENCY":"HKD","IS_CNY_CODE":0,"DPS_HKD_LY":null,"ORG_TYPE":"一般企业","PREMIUM_INCOME":null,"PREMIUM_INCOME_YOY":null,"NET_INTEREST_INCOME":null,"NET_INTEREST_INCOME_YOY":null,"FEE_COMMISSION_INCOME":null,"FEE_COMMISSION_INCOME_YOY":null,"ACCOUNTS_RECE_TDAYS":null,"INVENTORY_TDAYS":null,"CURRENT_ASSETS_TDAYS":1.225280309752,"TOTAL_ASSETS_TDAYS":0.974782387716,"PREMIUM_EXPENSE":null,"LOAN_DEPOSIT":null,"LOAN_EQUITY":null,"LOAN_ASSETS":null,"DEPOSIT_EQUITY":null,"DEPOSIT_ASSETS":null,"EQUITY_MULTIPLIER":null,"EQUITY_RATIO":null},{"SECUCODE":"00592.HK","SECURITY_CODE":"00592","SECURITY_NAME_ABBR":"BOSSINI INT\u0027L","ORG_CODE":"10008987","STD_REPORT_DATE":"2020-12-31 00:00:00","REPORT_DATE":"2021-06-30 00:00:00","DATE_TYPE_CODE":"001","REPORT_TYPE":"2020年年报","PER_NETCASH_OPERATE":0.04729534784,"PER_OI":0.286149120925,"BPS":0.110095733578,"BASIC_EPS":-0.06947868,"DILUTED_EPS":-0.06947868,"OPERATE_INCOME":705572220.96,"OPERATE_INCOME_YOY":-22.3215537118,"GROSS_PROFIT":359033367.12,"GROSS_PROFIT_YOY":-26.410070754964,"HOLDER_PROFIT":-129093883.68,"HOLDER_PROFIT_YOY":57.8103797572,"GROSS_PROFIT_RATIO":50.885417035197,"EPS_TTM":-0.197898503758,"OPERATE_INCOME_QOQ":-16.605326123174,"NET_PROFIT_RATIO":-18.296338751,"ROE_AVG":-43.030250921506,"GROSS_PROFIT_QOQ":-16.341467499493,"ROA":-19.977401711933,"HOLDER_PROFIT_QOQ":3.153190722623,"ROE_YEARLY":-43.030250921506,"ROIC_YEARLY":-30.843828590173,"TOTAL_ASSETS":648305147.04,"TOTAL_LIABILITIES":282487831.68,"TAX_EBT":-0.680559802729,"OCF_SALES":16.528217066331,"TOTAL_PARENT_EQUITY":365817315.36,"DEBT_ASSET_RATIO":43.5732822684,"OPERATE_PROFIT":-118932522.72,"PRETAX_PROFIT":-127888199.76,"NETCASH_OPERATE":116618508.24,"NETCASH_INVEST":-9300158.16,"NETCASH_FINANCE":49147637.28,"END_CASH":308590181.28,"DIVI_RATIO":null,"DIVIDEND_RATE":null,"CURRENT_RATIO":2.452500969368,"COMMON_ACS":10000000000,"CURRENTDEBT_DEBT":74.44623795273,"ISSUED_COMMON_SHARES":3322720177,"HK_COMMON_SHARES":3322720177,"PER_SHARES":2000,"TOTAL_MARKET_CAP":348885618.585,"HKSK_MARKET_CAP":348885618.585,"PE_TTM":-1.807838011167,"PB_TTM":2.219331810366,"REPORT_DATE_SQ":"2019-12-31 00:00:00","REPORT_TYPE_SQ":"2019年年报","OPERATE_INCOME_SQ":997139420.64,"DPS_HKD":null,"OPERATE_INCOME_QOQ_SQ":-9.733157848861,"NET_PROFIT_RATIO_SQ":-33.6867494602,"HOLDER_PROFIT_SQ":-335903858.4,"HOLDER_PROFIT_QOQ_SQ":-50.147093496164,"ROE_AVG_SQ":-74.938228206657,"PE_TTM_SQ":-1.686125050174,"PB_TTM_SQ":1.141936154448,"ROA_SQ":-42.954276796853,"START_DATE":"2020-07-01 00:00:00","FISCAL_YEAR":"6-30","CURRENCY":"HKD","IS_CNY_CODE":0,"DPS_HKD_LY":null,"ORG_TYPE":"一般企业","PREMIUM_INCOME":null,"PREMIUM_INCOME_YOY":null,"NET_INTEREST_INCOME":null,"NET_INTEREST_INCOME_YOY":null,"FEE_COMMISSION_INCOME":null,"FEE_COMMISSION_INCOME_YOY":null,"ACCOUNTS_RECE_TDAYS":25.127405805046,"INVENTORY_TDAYS":2.285826408632,"CURRENT_ASSETS_TDAYS":1.475251460747,"TOTAL_ASSETS_TDAYS":1.091879746204,"PREMIUM_EXPENSE":null,"LOAN_DEPOSIT":null,"LOAN_EQUITY":null,"LOAN_ASSETS":null,"DEPOSIT_EQUITY":null,"DEPOSIT_ASSETS":null,"EQUITY_MULTIPLIER":1.772210116414,"EQUITY_RATIO":0.772210116413},{"SECUCODE":"00592.HK","SECURITY_CODE":"00592","SECURITY_NAME_ABBR":"BOSSINI INT\u0027L","ORG_CODE":"10008987","STD_REPORT_DATE":"2020-06-30 00:00:00","REPORT_DATE":"2020-12-31 00:00:00","DATE_TYPE_CODE":"002","REPORT_TYPE":"2020年中报","PER_NETCASH_OPERATE":0.065473838135,"PER_OI":0.2397263356,"BPS":0.05216125123,"BASIC_EPS":-0.04460692,"DILUTED_EPS":-0.04460692,"OPERATE_INCOME":394070155.88,"OPERATE_INCOME_YOY":-25.0566216521,"GROSS_PROFIT":203747577.76,"GROSS_PROFIT_YOY":-28.125016451189,"HOLDER_PROFIT":-73331251.56,"HOLDER_PROFIT_YOY":6.9999039354,"GROSS_PROFIT_RATIO":51.70337685304,"EPS_TTM":-0.204653033703,"OPERATE_INCOME_QOQ":-23.482819656187,"NET_PROFIT_RATIO":-18.608679309,"ROE_AVG":-35.753444894006,"GROSS_PROFIT_QOQ":-26.30678909858,"ROA":-11.75048179821,"HOLDER_PROFIT_QOQ":-82.827061066192,"ROE_YEARLY":-71.506889788013,"ROIC_YEARLY":-32.903638777117,"TOTAL_ASSETS":596646170.76,"TOTAL_LIABILITIES":423328928.84,"TAX_EBT":-3.179682388628,"OCF_SALES":27.311908794427,"TOTAL_PARENT_EQUITY":173317241.92,"DEBT_ASSET_RATIO":70.9514197168,"OPERATE_PROFIT":-65190909.48,"PRETAX_PROFIT":-70752466.6,"NETCASH_OPERATE":107628081.56,"NETCASH_INVEST":-2371741.52,"NETCASH_FINANCE":-50486617.04,"END_CASH":208259609.8,"DIVI_RATIO":null,"DIVIDEND_RATE":null,"CURRENT_RATIO":1.368897312216,"COMMON_ACS":10000000000,"CURRENTDEBT_DEBT":79.095830657619,"ISSUED_COMMON_SHARES":3322720177,"HK_COMMON_SHARES":3322720177,"PER_SHARES":2000,"TOTAL_MARKET_CAP":348885618.585,"HKSK_MARKET_CAP":348885618.585,"PE_TTM":-1.807838011167,"PB_TTM":2.219331810366,"REPORT_DATE_SQ":"2019-06-30 00:00:00","REPORT_TYPE_SQ":"2019年中报","OPERATE_INCOME_SQ":559648408.58,"DPS_HKD":null,"OPERATE_INCOME_QOQ_SQ":-9.972727040689,"NET_PROFIT_RATIO_SQ":-13.3950707306,"HOLDER_PROFIT_SQ":-83922940.86,"HOLDER_PROFIT_QOQ_SQ":-229.784520102085,"ROE_AVG_SQ":-14.86836811697,"PE_TTM_SQ":-1.686125050174,"PB_TTM_SQ":1.141936154448,"ROA_SQ":-8.858126449573,"START_DATE":"2020-07-01 00:00:00","FISCAL_YEAR":"6-30","CURRENCY":"HKD","IS_CNY_CODE":0,"DPS_HKD_LY":null,"ORG_TYPE":"一般企业","PREMIUM_INCOME":null,"PREMIUM_INCOME_YOY":null,"NET_INTEREST_INCOME":null,"NET_INTEREST_INCOME_YOY":null,"FEE_COMMISSION_INCOME":null,"FEE_COMMISSION_INCOME_YOY":null,"ACCOUNTS_RECE_TDAYS":10.533447317803,"INVENTORY_TDAYS":1.168452762334,"CURRENT_ASSETS_TDAYS":0.871643841609,"TOTAL_ASSETS_TDAYS":0.631451679247,"PREMIUM_EXPENSE":null,"LOAN_DEPOSIT":null,"LOAN_EQUITY":null,"LOAN_ASSETS":null,"DEPOSIT_EQUITY":null,"DEPOSIT_ASSETS":null,"EQUITY_MULTIPLIER":3.442509032286,"EQUITY_RATIO":2.442509032283}],"count":47},"success":true,"message":"ok","code":0}