{"version":"a8877990a9a05aba7de993f18529a1c7","result":{"pages":6,"data":[{"SECUCODE":"00599.HK","SECURITY_CODE":"00599","SECURITY_NAME_ABBR":"怡邦行控股","ORG_CODE":"10008991","STD_REPORT_DATE":"2024-06-30 00:00:00","REPORT_DATE":"2024-09-30 00:00:00","DATE_TYPE_CODE":"002","REPORT_TYPE":"2024年中报","PER_NETCASH_OPERATE":0.057875523193,"PER_OI":0.296731548358,"BPS":0.632621344017,"BASIC_EPS":0.01082148,"DILUTED_EPS":0.01082148,"OPERATE_INCOME":213302192.28,"OPERATE_INCOME_YOY":10.5429189664,"GROSS_PROFIT":74757489.21,"GROSS_PROFIT_YOY":-13.263623361664,"HOLDER_PROFIT":8013305.94,"HOLDER_PROFIT_YOY":5.6473665438,"GROSS_PROFIT_RATIO":35.047689107605,"EPS_TTM":0.010773841256,"OPERATE_INCOME_QOQ":0,"NET_PROFIT_RATIO":3.7567855512,"ROE_AVG":1.777607072019,"GROSS_PROFIT_QOQ":0,"ROA":1.268407503388,"HOLDER_PROFIT_QOQ":0,"ROE_YEARLY":3.555214144039,"ROIC_YEARLY":2.891770933081,"TOTAL_ASSETS":622263957.28,"TOTAL_LIABILITIES":167511099.66,"TAX_EBT":26.312297868812,"OCF_SALES":19.504337679468,"TOTAL_PARENT_EQUITY":454752857.62,"DEBT_ASSET_RATIO":26.919621119,"OPERATE_PROFIT":12367148.06,"PRETAX_PROFIT":10874685.61,"NETCASH_OPERATE":41603179.86,"NETCASH_INVEST":-6611022.49,"NETCASH_FINANCE":-40692371.96,"END_CASH":45737887.01,"DIVI_RATIO":null,"DIVIDEND_RATE":null,"CURRENT_RATIO":2.436143405685,"COMMON_ACS":1000000000,"CURRENTDEBT_DEBT":80.756269044004,"ISSUED_COMMON_SHARES":718838942,"HK_COMMON_SHARES":718838942,"PER_SHARES":16000,"TOTAL_MARKET_CAP":129391009.56,"HKSK_MARKET_CAP":129391009.56,"PE_TTM":14.348082674651,"PB_TTM":0.256586663626,"REPORT_DATE_SQ":"2023-06-30 00:00:00","REPORT_TYPE_SQ":"2023年中报","OPERATE_INCOME_SQ":196348043.99,"DPS_HKD":null,"OPERATE_INCOME_QOQ_SQ":0,"NET_PROFIT_RATIO_SQ":3.9308697826,"HOLDER_PROFIT_SQ":7718185.93,"HOLDER_PROFIT_QOQ_SQ":0,"ROE_AVG_SQ":1.684897520931,"PE_TTM_SQ":14.864752793782,"PB_TTM_SQ":0.207763545559,"ROA_SQ":1.117426054055,"START_DATE":"2024-04-01 00:00:00","FISCAL_YEAR":"3-31","CURRENCY":"HKD","IS_CNY_CODE":0,"DPS_HKD_LY":null,"ORG_TYPE":"一般企业","PREMIUM_INCOME":null,"PREMIUM_INCOME_YOY":null,"NET_INTEREST_INCOME":null,"NET_INTEREST_INCOME_YOY":null,"FEE_COMMISSION_INCOME":null,"FEE_COMMISSION_INCOME_YOY":null,"ACCOUNTS_RECE_TDAYS":1.911593681684,"INVENTORY_TDAYS":0.984391519136,"CURRENT_ASSETS_TDAYS":0.633951341101,"TOTAL_ASSETS_TDAYS":0.337631064136,"PREMIUM_EXPENSE":null,"LOAN_DEPOSIT":null,"LOAN_EQUITY":null,"LOAN_ASSETS":null,"DEPOSIT_EQUITY":null,"DEPOSIT_ASSETS":null,"EQUITY_MULTIPLIER":1.368356343128,"EQUITY_RATIO":0.368356343128},{"SECUCODE":"00599.HK","SECURITY_CODE":"00599","SECURITY_NAME_ABBR":"怡邦行控股","ORG_CODE":"10008991","STD_REPORT_DATE":"2023-12-31 00:00:00","REPORT_DATE":"2024-03-31 00:00:00","DATE_TYPE_CODE":"001","REPORT_TYPE":"2023年年报","PER_NETCASH_OPERATE":-0.002848894697,"PER_OI":0.579928520901,"BPS":0.624881531738,"BASIC_EPS":0.010787945,"DILUTED_EPS":0.010787945,"OPERATE_INCOME":416875204.4,"OPERATE_INCOME_YOY":1.1179424932,"GROSS_PROFIT":162462825.5,"GROSS_PROFIT_YOY":2.75674164615,"HOLDER_PROFIT":7744656.65,"HOLDER_PROFIT_YOY":-39.2951041,"GROSS_PROFIT_RATIO":38.971573215497,"EPS_TTM":0.008408469306,"OPERATE_INCOME_QOQ":0,"NET_PROFIT_RATIO":1.8577877907,"ROE_AVG":1.722017963975,"GROSS_PROFIT_QOQ":0,"ROA":1.176990882213,"HOLDER_PROFIT_QOQ":0,"ROE_YEARLY":1.722017963975,"ROIC_YEARLY":1.403573913536,"TOTAL_ASSETS":644643172.25,"TOTAL_LIABILITIES":195453993.1,"TAX_EBT":21.349659362917,"OCF_SALES":-0.491249282372,"TOTAL_PARENT_EQUITY":449189179.15,"DEBT_ASSET_RATIO":30.3197181811,"OPERATE_PROFIT":13124124.35,"PRETAX_PROFIT":9846946.1,"NETCASH_OPERATE":-2047896.45,"NETCASH_INVEST":-15002495.95,"NETCASH_FINANCE":-43119144.2,"END_CASH":52015119.35,"DIVI_RATIO":null,"DIVIDEND_RATE":null,"CURRENT_RATIO":2.152457292738,"COMMON_ACS":1000000000,"CURRENTDEBT_DEBT":82.050259274033,"ISSUED_COMMON_SHARES":718838942,"HK_COMMON_SHARES":718838942,"PER_SHARES":16000,"TOTAL_MARKET_CAP":129391009.56,"HKSK_MARKET_CAP":129391009.56,"PE_TTM":14.348082674651,"PB_TTM":0.256586663626,"REPORT_DATE_SQ":"2022-12-31 00:00:00","REPORT_TYPE_SQ":"2022年年报","OPERATE_INCOME_SQ":398104953.24,"DPS_HKD":null,"OPERATE_INCOME_QOQ_SQ":0,"NET_PROFIT_RATIO_SQ":3.0945721297,"HOLDER_PROFIT_SQ":12319644.93,"HOLDER_PROFIT_QOQ_SQ":0,"ROE_AVG_SQ":2.909941317321,"PE_TTM_SQ":17.222610133485,"PB_TTM_SQ":0.24071914244,"ROA_SQ":1.95079418657,"START_DATE":"2023-04-01 00:00:00","FISCAL_YEAR":"3-31","CURRENCY":"HKD","IS_CNY_CODE":0,"DPS_HKD_LY":0.005,"ORG_TYPE":"一般企业","PREMIUM_INCOME":null,"PREMIUM_INCOME_YOY":null,"NET_INTEREST_INCOME":null,"NET_INTEREST_INCOME_YOY":null,"FEE_COMMISSION_INCOME":null,"FEE_COMMISSION_INCOME_YOY":null,"ACCOUNTS_RECE_TDAYS":4.391151769216,"INVENTORY_TDAYS":1.783975004847,"CURRENT_ASSETS_TDAYS":1.189287187531,"TOTAL_ASSETS_TDAYS":0.633544309029,"PREMIUM_EXPENSE":null,"LOAN_DEPOSIT":null,"LOAN_EQUITY":null,"LOAN_ASSETS":null,"DEPOSIT_EQUITY":null,"DEPOSIT_ASSETS":null,"EQUITY_MULTIPLIER":1.435126227817,"EQUITY_RATIO":0.435126227818},{"SECUCODE":"00599.HK","SECURITY_CODE":"00599","SECURITY_NAME_ABBR":"怡邦行控股","ORG_CODE":"10008991","STD_REPORT_DATE":"2023-06-30 00:00:00","REPORT_DATE":"2023-09-30 00:00:00","DATE_TYPE_CODE":"002","REPORT_TYPE":"2023年中报","PER_NETCASH_OPERATE":-0.035859415543,"PER_OI":0.273146086721,"BPS":0.640422022267,"BASIC_EPS":0.01101156,"DILUTED_EPS":0.01101156,"OPERATE_INCOME":196348043.99,"OPERATE_INCOME_YOY":-8.5167149081,"GROSS_PROFIT":86189315.38,"GROSS_PROFIT_YOY":0.396949113603,"HOLDER_PROFIT":7718185.93,"HOLDER_PROFIT_YOY":-45.6372802482,"GROSS_PROFIT_RATIO":43.89619251027,"EPS_TTM":0.017138254775,"OPERATE_INCOME_QOQ":0,"NET_PROFIT_RATIO":3.9308697826,"ROE_AVG":1.684897520931,"GROSS_PROFIT_QOQ":0,"ROA":1.117426054055,"HOLDER_PROFIT_QOQ":0,"ROE_YEARLY":3.369795041862,"ROIC_YEARLY":2.68828115886,"TOTAL_ASSETS":701850223.13,"TOTAL_LIABILITIES":241489934.21,"TAX_EBT":21.038302666166,"OCF_SALES":-13.128291887294,"TOTAL_PARENT_EQUITY":460360288.92,"DEBT_ASSET_RATIO":34.4076166469,"OPERATE_PROFIT":11344659.69,"PRETAX_PROFIT":9774594.76,"NETCASH_OPERATE":-25419268.63,"NETCASH_INVEST":-2618916.02,"NETCASH_FINANCE":-5573684.62,"END_CASH":79716353.36,"DIVI_RATIO":null,"DIVIDEND_RATE":null,"CURRENT_RATIO":1.853749874224,"COMMON_ACS":1000000000,"CURRENTDEBT_DEBT":86.857774720995,"ISSUED_COMMON_SHARES":718838942,"HK_COMMON_SHARES":718838942,"PER_SHARES":16000,"TOTAL_MARKET_CAP":129391009.56,"HKSK_MARKET_CAP":129391009.56,"PE_TTM":14.348082674651,"PB_TTM":0.256586663626,"REPORT_DATE_SQ":"2022-06-30 00:00:00","REPORT_TYPE_SQ":"2022年中报","OPERATE_INCOME_SQ":211542184.92,"DPS_HKD":null,"OPERATE_INCOME_QOQ_SQ":0,"NET_PROFIT_RATIO_SQ":6.6149906154,"HOLDER_PROFIT_SQ":13993495.68,"HOLDER_PROFIT_QOQ_SQ":0,"ROE_AVG_SQ":3.240212816977,"PE_TTM_SQ":17.222610133485,"PB_TTM_SQ":0.24071914244,"ROA_SQ":2.131627149865,"START_DATE":"2023-04-01 00:00:00","FISCAL_YEAR":"3-31","CURRENCY":"HKD","IS_CNY_CODE":0,"DPS_HKD_LY":0.005,"ORG_TYPE":"一般企业","PREMIUM_INCOME":null,"PREMIUM_INCOME_YOY":null,"NET_INTEREST_INCOME":null,"NET_INTEREST_INCOME_YOY":null,"FEE_COMMISSION_INCOME":null,"FEE_COMMISSION_INCOME_YOY":null,"ACCOUNTS_RECE_TDAYS":2.132585837445,"INVENTORY_TDAYS":0.691752069402,"CURRENT_ASSETS_TDAYS":0.524266944351,"TOTAL_ASSETS_TDAYS":0.284269415128,"PREMIUM_EXPENSE":null,"LOAN_DEPOSIT":null,"LOAN_EQUITY":null,"LOAN_ASSETS":null,"DEPOSIT_EQUITY":null,"DEPOSIT_ASSETS":null,"EQUITY_MULTIPLIER":1.524567257477,"EQUITY_RATIO":0.524567257477},{"SECUCODE":"00599.HK","SECURITY_CODE":"00599","SECURITY_NAME_ABBR":"怡邦行控股","ORG_CODE":"10008991","STD_REPORT_DATE":"2022-12-31 00:00:00","REPORT_DATE":"2023-03-31 00:00:00","DATE_TYPE_CODE":"001","REPORT_TYPE":"2022年年报","PER_NETCASH_OPERATE":0.116238846017,"PER_OI":0.55381662008,"BPS":0.604905011045,"BASIC_EPS":0.019434102,"DILUTED_EPS":0.019434102,"OPERATE_INCOME":398104953.24,"OPERATE_INCOME_YOY":-8.0526979814,"GROSS_PROFIT":158104298.46,"GROSS_PROFIT_YOY":6.240686093304,"HOLDER_PROFIT":12319644.93,"HOLDER_PROFIT_YOY":18.3201614259,"GROSS_PROFIT_RATIO":39.714225400428,"EPS_TTM":0.019648959558,"OPERATE_INCOME_QOQ":0,"NET_PROFIT_RATIO":3.0945721297,"ROE_AVG":2.909941317321,"GROSS_PROFIT_QOQ":0,"ROA":1.95079418657,"HOLDER_PROFIT_QOQ":0,"ROE_YEARLY":2.909941317321,"ROIC_YEARLY":2.3613664145,"TOTAL_ASSETS":648305009.93,"TOTAL_LIABILITIES":213475731.78,"TAX_EBT":15.573819665247,"OCF_SALES":20.988688638503,"TOTAL_PARENT_EQUITY":434829278.15,"DEBT_ASSET_RATIO":32.9282866105,"OPERATE_PROFIT":15998117.75,"PRETAX_PROFIT":14592209.29,"NETCASH_OPERATE":83557009.09,"NETCASH_INVEST":-56307246.61,"NETCASH_FINANCE":-10201152.73,"END_CASH":107934551.36,"DIVI_RATIO":null,"DIVIDEND_RATE":null,"CURRENT_RATIO":1.85008200739,"COMMON_ACS":1000000000,"CURRENTDEBT_DEBT":87.008012859943,"ISSUED_COMMON_SHARES":718838942,"HK_COMMON_SHARES":718838942,"PER_SHARES":16000,"TOTAL_MARKET_CAP":129391009.56,"HKSK_MARKET_CAP":129391009.56,"PE_TTM":14.348082674651,"PB_TTM":0.256586663626,"REPORT_DATE_SQ":"2021-12-31 00:00:00","REPORT_TYPE_SQ":"2021年年报","OPERATE_INCOME_SQ":401119057.92,"DPS_HKD":null,"OPERATE_INCOME_QOQ_SQ":0,"NET_PROFIT_RATIO_SQ":2.4048104296,"HOLDER_PROFIT_SQ":9646152.94,"HOLDER_PROFIT_QOQ_SQ":0,"ROE_AVG_SQ":2.553037124646,"PE_TTM_SQ":17.222610133485,"PB_TTM_SQ":0.24071914244,"ROA_SQ":1.693214188605,"START_DATE":"2022-04-01 00:00:00","FISCAL_YEAR":"3-31","CURRENCY":"HKD","IS_CNY_CODE":0,"DPS_HKD_LY":0.01,"ORG_TYPE":"一般企业","PREMIUM_INCOME":null,"PREMIUM_INCOME_YOY":null,"NET_INTEREST_INCOME":null,"NET_INTEREST_INCOME_YOY":null,"FEE_COMMISSION_INCOME":null,"FEE_COMMISSION_INCOME_YOY":null,"ACCOUNTS_RECE_TDAYS":3.743730113975,"INVENTORY_TDAYS":2.10624248547,"CURRENT_ASSETS_TDAYS":1.183841933657,"TOTAL_ASSETS_TDAYS":0.630392217339,"PREMIUM_EXPENSE":null,"LOAN_DEPOSIT":null,"LOAN_EQUITY":null,"LOAN_ASSETS":null,"DEPOSIT_EQUITY":null,"DEPOSIT_ASSETS":null,"EQUITY_MULTIPLIER":1.49094148556,"EQUITY_RATIO":0.49094148556},{"SECUCODE":"00599.HK","SECURITY_CODE":"00599","SECURITY_NAME_ABBR":"怡邦行控股","ORG_CODE":"10008991","STD_REPORT_DATE":"2022-06-30 00:00:00","REPORT_DATE":"2022-09-30 00:00:00","DATE_TYPE_CODE":"002","REPORT_TYPE":"2022年中报","PER_NETCASH_OPERATE":0.118807515485,"PER_OI":0.35221809011,"BPS":0.609568091986,"BASIC_EPS":0.022611,"DILUTED_EPS":0.022611,"OPERATE_INCOME":211542184.92,"OPERATE_INCOME_YOY":-7.1344625231,"GROSS_PROFIT":85848540.36,"GROSS_PROFIT_YOY":17.119241614563,"HOLDER_PROFIT":13993495.68,"HOLDER_PROFIT_YOY":35.4578882858,"GROSS_PROFIT_RATIO":40.582232046278,"EPS_TTM":0.016060860706,"OPERATE_INCOME_QOQ":0,"NET_PROFIT_RATIO":6.6149906154,"ROE_AVG":3.240212816977,"GROSS_PROFIT_QOQ":0,"ROA":2.131627149865,"HOLDER_PROFIT_QOQ":0,"ROE_YEARLY":6.480425633954,"ROIC_YEARLY":5.247307160105,"TOTAL_ASSETS":677820800.28,"TOTAL_LIABILITIES":239639517.96,"TAX_EBT":20.210406889794,"OCF_SALES":33.731236078036,"TOTAL_PARENT_EQUITY":438181282.32,"DEBT_ASSET_RATIO":35.3544060408,"OPERATE_PROFIT":18389978.52,"PRETAX_PROFIT":17537996.04,"NETCASH_OPERATE":71355793.8,"NETCASH_INVEST":-2905061.28,"NETCASH_FINANCE":-11070345.6,"END_CASH":151980288.72,"DIVI_RATIO":null,"DIVIDEND_RATE":null,"CURRENT_RATIO":1.864835256695,"COMMON_ACS":1000000000,"CURRENTDEBT_DEBT":85.784215671104,"ISSUED_COMMON_SHARES":718838942,"HK_COMMON_SHARES":718838942,"PER_SHARES":16000,"TOTAL_MARKET_CAP":129391009.56,"HKSK_MARKET_CAP":129391009.56,"PE_TTM":14.348082674651,"PB_TTM":0.256586663626,"REPORT_DATE_SQ":"2021-06-30 00:00:00","REPORT_TYPE_SQ":"2021年中报","OPERATE_INCOME_SQ":209816157.72,"DPS_HKD":null,"OPERATE_INCOME_QOQ_SQ":0,"NET_PROFIT_RATIO_SQ":4.5350231476,"HOLDER_PROFIT_SQ":9515211.32,"HOLDER_PROFIT_QOQ_SQ":0,"ROE_AVG_SQ":2.453658253654,"PE_TTM_SQ":17.222610133485,"PB_TTM_SQ":0.24071914244,"ROA_SQ":1.614054226683,"START_DATE":"2022-04-01 00:00:00","FISCAL_YEAR":"3-31","CURRENCY":"HKD","IS_CNY_CODE":0,"DPS_HKD_LY":0.01,"ORG_TYPE":"一般企业","PREMIUM_INCOME":null,"PREMIUM_INCOME_YOY":null,"NET_INTEREST_INCOME":null,"NET_INTEREST_INCOME_YOY":null,"FEE_COMMISSION_INCOME":null,"FEE_COMMISSION_INCOME_YOY":null,"ACCOUNTS_RECE_TDAYS":1.734931090243,"INVENTORY_TDAYS":1.132060409573,"CURRENT_ASSETS_TDAYS":0.585020622657,"TOTAL_ASSETS_TDAYS":0.322241900829,"PREMIUM_EXPENSE":null,"LOAN_DEPOSIT":null,"LOAN_EQUITY":null,"LOAN_ASSETS":null,"DEPOSIT_EQUITY":null,"DEPOSIT_ASSETS":null,"EQUITY_MULTIPLIER":1.546895834279,"EQUITY_RATIO":0.546895834279},{"SECUCODE":"00599.HK","SECURITY_CODE":"00599","SECURITY_NAME_ABBR":"怡邦行控股","ORG_CODE":"10008991","STD_REPORT_DATE":"2021-12-31 00:00:00","REPORT_DATE":"2022-03-31 00:00:00","DATE_TYPE_CODE":"001","REPORT_TYPE":"2021年年报","PER_NETCASH_OPERATE":0.097950455178,"PER_OI":0.667863899301,"BPS":0.530852203344,"BASIC_EPS":0.015814695,"DILUTED_EPS":0.015814695,"OPERATE_INCOME":401119057.92,"OPERATE_INCOME_YOY":17.0759419961,"GROSS_PROFIT":148817090.96,"GROSS_PROFIT_YOY":11.030294753003,"HOLDER_PROFIT":9646152.94,"HOLDER_PROFIT_YOY":10.4466524283,"GROSS_PROFIT_RATIO":37.100478778468,"EPS_TTM":0.018533365068,"OPERATE_INCOME_QOQ":0,"NET_PROFIT_RATIO":2.4048104296,"ROE_AVG":2.553037124646,"GROSS_PROFIT_QOQ":0,"ROA":1.693214188605,"HOLDER_PROFIT_QOQ":0,"ROE_YEARLY":2.553037124646,"ROIC_YEARLY":1.986075430457,"TOTAL_ASSETS":569510686.24,"TOTAL_LIABILITIES":187913450.03,"TAX_EBT":23.668335258632,"OCF_SALES":14.666229943064,"TOTAL_PARENT_EQUITY":381597236.21,"DEBT_ASSET_RATIO":32.9955968466,"OPERATE_PROFIT":15537329.58,"PRETAX_PROFIT":12637157.82,"NETCASH_OPERATE":58829043.38,"NETCASH_INVEST":-6644604.93,"NETCASH_FINANCE":-51207171.4,"END_CASH":84506430.99,"DIVI_RATIO":null,"DIVIDEND_RATE":null,"CURRENT_RATIO":2.023283739614,"COMMON_ACS":1000000000,"CURRENTDEBT_DEBT":80.14958805022,"ISSUED_COMMON_SHARES":718838942,"HK_COMMON_SHARES":718838942,"PER_SHARES":16000,"TOTAL_MARKET_CAP":129391009.56,"HKSK_MARKET_CAP":129391009.56,"PE_TTM":14.348082674651,"PB_TTM":0.256586663626,"REPORT_DATE_SQ":"2020-12-31 00:00:00","REPORT_TYPE_SQ":"2020年年报","OPERATE_INCOME_SQ":357049671.72,"DPS_HKD":null,"OPERATE_INCOME_QOQ_SQ":0,"NET_PROFIT_RATIO_SQ":2.5491532806,"HOLDER_PROFIT_SQ":9101743.42,"HOLDER_PROFIT_QOQ_SQ":0,"ROE_AVG_SQ":2.363154193123,"PE_TTM_SQ":17.222610133485,"PB_TTM_SQ":0.24071914244,"ROA_SQ":1.55925690238,"START_DATE":"2021-04-01 00:00:00","FISCAL_YEAR":"3-31","CURRENCY":"HKD","IS_CNY_CODE":0,"DPS_HKD_LY":0.01,"ORG_TYPE":"一般企业","PREMIUM_INCOME":null,"PREMIUM_INCOME_YOY":null,"NET_INTEREST_INCOME":null,"NET_INTEREST_INCOME_YOY":null,"FEE_COMMISSION_INCOME":null,"FEE_COMMISSION_INCOME_YOY":null,"ACCOUNTS_RECE_TDAYS":4.091628818902,"INVENTORY_TDAYS":2.412803300875,"CURRENT_ASSETS_TDAYS":1.36969101143,"TOTAL_ASSETS_TDAYS":0.704094662831,"PREMIUM_EXPENSE":null,"LOAN_DEPOSIT":null,"LOAN_EQUITY":null,"LOAN_ASSETS":null,"DEPOSIT_EQUITY":null,"DEPOSIT_ASSETS":null,"EQUITY_MULTIPLIER":1.492439232256,"EQUITY_RATIO":0.492439232255},{"SECUCODE":"00599.HK","SECURITY_CODE":"00599","SECURITY_NAME_ABBR":"怡邦行控股","ORG_CODE":"10008991","STD_REPORT_DATE":"2021-06-30 00:00:00","REPORT_DATE":"2021-09-30 00:00:00","DATE_TYPE_CODE":"002","REPORT_TYPE":"2021年中报","PER_NETCASH_OPERATE":0.017640454679,"PER_OI":0.349344251948,"BPS":0.544433394317,"BASIC_EPS":0.01582814,"DILUTED_EPS":0.01582814,"OPERATE_INCOME":209816157.72,"OPERATE_INCOME_YOY":12.9360171829,"GROSS_PROFIT":73300116.34,"GROSS_PROFIT_YOY":9.541464265048,"HOLDER_PROFIT":9515211.32,"HOLDER_PROFIT_YOY":34.0767695739,"GROSS_PROFIT_RATIO":34.935401132366,"EPS_TTM":0.015154417949,"OPERATE_INCOME_QOQ":0,"NET_PROFIT_RATIO":4.5350231476,"ROE_AVG":2.453658253654,"GROSS_PROFIT_QOQ":0,"ROA":1.614054226683,"HOLDER_PROFIT_QOQ":0,"ROE_YEARLY":4.907316507307,"ROIC_YEARLY":3.720702965943,"TOTAL_ASSETS":593671878.4,"TOTAL_LIABILITIES":202311953.24,"TAX_EBT":22.761698674601,"OCF_SALES":5.049590648847,"TOTAL_PARENT_EQUITY":391359925.16,"DEBT_ASSET_RATIO":34.0780758868,"OPERATE_PROFIT":13928763.2,"PRETAX_PROFIT":12319291.28,"NETCASH_OPERATE":10594857.08,"NETCASH_INVEST":-2065988.8,"NETCASH_FINANCE":-23997126.36,"END_CASH":70321926.84,"DIVI_RATIO":null,"DIVIDEND_RATE":null,"CURRENT_RATIO":1.980530140583,"COMMON_ACS":1000000000,"CURRENTDEBT_DEBT":77.003878873727,"ISSUED_COMMON_SHARES":718838942,"HK_COMMON_SHARES":718838942,"PER_SHARES":16000,"TOTAL_MARKET_CAP":129391009.56,"HKSK_MARKET_CAP":129391009.56,"PE_TTM":14.348082674651,"PB_TTM":0.256586663626,"REPORT_DATE_SQ":"2020-06-30 00:00:00","REPORT_TYPE_SQ":"2020年中报","OPERATE_INCOME_SQ":195965983.36,"DPS_HKD":null,"OPERATE_INCOME_QOQ_SQ":0,"NET_PROFIT_RATIO_SQ":3.8199566841,"HOLDER_PROFIT_SQ":7485815.68,"HOLDER_PROFIT_QOQ_SQ":0,"ROE_AVG_SQ":1.880032352711,"PE_TTM_SQ":17.222610133485,"PB_TTM_SQ":0.24071914244,"ROA_SQ":1.210819630657,"START_DATE":"2021-04-01 00:00:00","FISCAL_YEAR":"3-31","CURRENCY":"HKD","IS_CNY_CODE":0,"DPS_HKD_LY":0.01,"ORG_TYPE":"一般企业","PREMIUM_INCOME":null,"PREMIUM_INCOME_YOY":null,"NET_INTEREST_INCOME":null,"NET_INTEREST_INCOME_YOY":null,"FEE_COMMISSION_INCOME":null,"FEE_COMMISSION_INCOME_YOY":null,"ACCOUNTS_RECE_TDAYS":2.128147497212,"INVENTORY_TDAYS":1.174392730322,"CURRENT_ASSETS_TDAYS":0.702714466272,"TOTAL_ASSETS_TDAYS":0.355908707442,"PREMIUM_EXPENSE":null,"LOAN_DEPOSIT":null,"LOAN_EQUITY":null,"LOAN_ASSETS":null,"DEPOSIT_EQUITY":null,"DEPOSIT_ASSETS":null,"EQUITY_MULTIPLIER":1.516946013716,"EQUITY_RATIO":0.516946013717},{"SECUCODE":"00599.HK","SECURITY_CODE":"00599","SECURITY_NAME_ABBR":"怡邦行控股","ORG_CODE":"10008991","STD_REPORT_DATE":"2020-12-31 00:00:00","REPORT_DATE":"2021-03-31 00:00:00","DATE_TYPE_CODE":"001","REPORT_TYPE":"2020年年报","PER_NETCASH_OPERATE":0.125044704662,"PER_OI":0.594488297902,"BPS":0.542296805284,"BASIC_EPS":0.015128722,"DILUTED_EPS":0.015128722,"OPERATE_INCOME":357049671.72,"OPERATE_INCOME_YOY":-17.2366369143,"GROSS_PROFIT":134032870.3,"GROSS_PROFIT_YOY":-29.041538854304,"HOLDER_PROFIT":9101743.42,"HOLDER_PROFIT_YOY":-4.9178880452,"GROSS_PROFIT_RATIO":37.538998328812,"EPS_TTM":0.014135128671,"OPERATE_INCOME_QOQ":0,"NET_PROFIT_RATIO":2.5491532806,"ROE_AVG":2.363154193123,"GROSS_PROFIT_QOQ":0,"ROA":1.55925690238,"HOLDER_PROFIT_QOQ":0,"ROE_YEARLY":2.363154193123,"ROIC_YEARLY":1.802492424059,"TOTAL_ASSETS":593889392.04,"TOTAL_LIABILITIES":204065330.28,"TAX_EBT":14.497816593887,"OCF_SALES":21.0340060693,"TOTAL_PARENT_EQUITY":389824061.76,"DEBT_ASSET_RATIO":34.3608309923,"OPERATE_PROFIT":14149158.38,"PRETAX_PROFIT":10645042.1,"NETCASH_OPERATE":75101849.62,"NETCASH_INVEST":-30956407.86,"NETCASH_FINANCE":-27857132.8,"END_CASH":87023113.52,"DIVI_RATIO":null,"DIVIDEND_RATE":null,"CURRENT_RATIO":1.963462737319,"COMMON_ACS":1000000000,"CURRENTDEBT_DEBT":73.080523181167,"ISSUED_COMMON_SHARES":718838942,"HK_COMMON_SHARES":718838942,"PER_SHARES":16000,"TOTAL_MARKET_CAP":129391009.56,"HKSK_MARKET_CAP":129391009.56,"PE_TTM":14.348082674651,"PB_TTM":0.256586663626,"REPORT_DATE_SQ":"2019-12-31 00:00:00","REPORT_TYPE_SQ":"2019年年报","OPERATE_INCOME_SQ":466385373.2,"DPS_HKD":null,"OPERATE_INCOME_QOQ_SQ":0,"NET_PROFIT_RATIO_SQ":2.2188873826,"HOLDER_PROFIT_SQ":10348566.2,"HOLDER_PROFIT_QOQ_SQ":0,"ROE_AVG_SQ":2.480907461013,"PE_TTM_SQ":17.222610133485,"PB_TTM_SQ":0.24071914244,"ROA_SQ":1.743886159309,"START_DATE":"2020-04-01 00:00:00","FISCAL_YEAR":"3-31","CURRENCY":"HKD","IS_CNY_CODE":0,"DPS_HKD_LY":0.01,"ORG_TYPE":"一般企业","PREMIUM_INCOME":null,"PREMIUM_INCOME_YOY":null,"NET_INTEREST_INCOME":null,"NET_INTEREST_INCOME_YOY":null,"FEE_COMMISSION_INCOME":null,"FEE_COMMISSION_INCOME_YOY":null,"ACCOUNTS_RECE_TDAYS":3.42163600358,"INVENTORY_TDAYS":1.836754013803,"CURRENT_ASSETS_TDAYS":1.151715902771,"TOTAL_ASSETS_TDAYS":0.611676400258,"PREMIUM_EXPENSE":null,"LOAN_DEPOSIT":null,"LOAN_EQUITY":null,"LOAN_ASSETS":null,"DEPOSIT_EQUITY":null,"DEPOSIT_ASSETS":null,"EQUITY_MULTIPLIER":1.523480591113,"EQUITY_RATIO":0.523480591112},{"SECUCODE":"00599.HK","SECURITY_CODE":"00599","SECURITY_NAME_ABBR":"怡邦行控股","ORG_CODE":"10008991","STD_REPORT_DATE":"2020-06-30 00:00:00","REPORT_DATE":"2020-09-30 00:00:00","DATE_TYPE_CODE":"002","REPORT_TYPE":"2020年中报","PER_NETCASH_OPERATE":0.114267250616,"PER_OI":0.326283688578,"BPS":0.557524236743,"BASIC_EPS":0.01230208,"DILUTED_EPS":0.01230208,"OPERATE_INCOME":195965983.36,"OPERATE_INCOME_YOY":-14.8597367296,"GROSS_PROFIT":66915406.72,"GROSS_PROFIT_YOY":-27.489494975349,"HOLDER_PROFIT":7485815.68,"HOLDER_PROFIT_YOY":-17.7702702703,"GROSS_PROFIT_RATIO":34.146439893639,"EPS_TTM":0.017230379953,"OPERATE_INCOME_QOQ":0,"NET_PROFIT_RATIO":3.8199566841,"ROE_AVG":1.880032352711,"GROSS_PROFIT_QOQ":0,"ROA":1.210819630657,"HOLDER_PROFIT_QOQ":0,"ROE_YEARLY":3.760064705422,"ROIC_YEARLY":2.980455954833,"TOTAL_ASSETS":640169488,"TOTAL_LIABILITIES":239399355.52,"TAX_EBT":20.988684845112,"OCF_SALES":35.020828382202,"TOTAL_PARENT_EQUITY":400770132.48,"DEBT_ASSET_RATIO":37.3962458392,"OPERATE_PROFIT":11242343.68,"PRETAX_PROFIT":9474359.04,"NETCASH_OPERATE":66105226.88,"NETCASH_INVEST":-848843.52,"NETCASH_FINANCE":19806348.8,"END_CASH":158518451.84,"DIVI_RATIO":null,"DIVIDEND_RATE":null,"CURRENT_RATIO":2.159412458942,"COMMON_ACS":1000000000,"CURRENTDEBT_DEBT":77.440987222922,"ISSUED_COMMON_SHARES":718838942,"HK_COMMON_SHARES":718838942,"PER_SHARES":16000,"TOTAL_MARKET_CAP":129391009.56,"HKSK_MARKET_CAP":129391009.56,"PE_TTM":14.348082674651,"PB_TTM":0.256586663626,"REPORT_DATE_SQ":"2019-06-30 00:00:00","REPORT_TYPE_SQ":"2019年中报","OPERATE_INCOME_SQ":236268891.36,"DPS_HKD":null,"OPERATE_INCOME_QOQ_SQ":0,"NET_PROFIT_RATIO_SQ":3.9551646204,"HOLDER_PROFIT_SQ":9344823.6,"HOLDER_PROFIT_QOQ_SQ":0,"ROE_AVG_SQ":2.23797735236,"PE_TTM_SQ":17.222610133485,"PB_TTM_SQ":0.24071914244,"ROA_SQ":1.523574222771,"START_DATE":"2020-04-01 00:00:00","FISCAL_YEAR":"3-31","CURRENCY":"HKD","IS_CNY_CODE":0,"DPS_HKD_LY":0.01,"ORG_TYPE":"一般企业","PREMIUM_INCOME":null,"PREMIUM_INCOME_YOY":null,"NET_INTEREST_INCOME":null,"NET_INTEREST_INCOME_YOY":null,"FEE_COMMISSION_INCOME":null,"FEE_COMMISSION_INCOME_YOY":null,"ACCOUNTS_RECE_TDAYS":1.496239491711,"INVENTORY_TDAYS":1.078155282786,"CURRENT_ASSETS_TDAYS":0.529250667458,"TOTAL_ASSETS_TDAYS":0.31697208392,"PREMIUM_EXPENSE":null,"LOAN_DEPOSIT":null,"LOAN_EQUITY":null,"LOAN_ASSETS":null,"DEPOSIT_EQUITY":null,"DEPOSIT_ASSETS":null,"EQUITY_MULTIPLIER":1.59734829549,"EQUITY_RATIO":0.597348295489}],"count":47},"success":true,"message":"ok","code":0}