{"version":"ead3c077ad6e7469c284ff799b5e6c6c","result":{"pages":4,"data":[{"SECUCODE":"00591.HK","SECURITY_CODE":"00591","SECURITY_NAME_ABBR":"中国高精密","ORG_CODE":"10151781","STD_REPORT_DATE":"2023-12-31 00:00:00","REPORT_DATE":"2024-06-30 00:00:00","DATE_TYPE_CODE":"001","REPORT_TYPE":"2023年年报","PER_NETCASH_OPERATE":-0.006178313253,"PER_OI":0.134171566265,"BPS":1.629578795181,"BASIC_EPS":-0.0316,"DILUTED_EPS":-0.0316,"OPERATE_INCOME":139203000,"OPERATE_INCOME_YOY":-1.6483438842,"GROSS_PROFIT":35026000,"GROSS_PROFIT_YOY":0.091444247585,"HOLDER_PROFIT":-32735000,"HOLDER_PROFIT_YOY":-44.2578882426,"GROSS_PROFIT_RATIO":25.161814041364,"EPS_TTM":-0.024371084337,"OPERATE_INCOME_QOQ":1.257630567488,"NET_PROFIT_RATIO":-23.5160161778,"ROE_AVG":-1.919220937595,"GROSS_PROFIT_QOQ":-2.237526433103,"ROA":-1.821353766324,"HOLDER_PROFIT_QOQ":-11.426934602503,"ROE_YEARLY":-1.919220937595,"ROIC_YEARLY":-8.931823731884,"TOTAL_ASSETS":1780518000,"TOTAL_LIABILITIES":89830000,"TAX_EBT":1.602140194782,"OCF_SALES":-4.604785816398,"TOTAL_PARENT_EQUITY":1690688000,"DEBT_ASSET_RATIO":5.0451610149,"OPERATE_PROFIT":-33236000,"PRETAX_PROFIT":-33268000,"NETCASH_OPERATE":-6410000,"NETCASH_INVEST":-27988000,"NETCASH_FINANCE":6820000,"END_CASH":1417002000,"DIVI_RATIO":null,"DIVIDEND_RATE":null,"CURRENT_RATIO":21.066476494113,"COMMON_ACS":10000000000,"CURRENTDEBT_DEBT":79.610375153067,"ISSUED_COMMON_SHARES":1037500000,"HK_COMMON_SHARES":1037500000,"PER_SHARES":1000,"TOTAL_MARKET_CAP":160812500,"HKSK_MARKET_CAP":160812500,"PE_TTM":-4.483591034061,"PB_TTM":0.086811021608,"REPORT_DATE_SQ":"2022-12-31 00:00:00","REPORT_TYPE_SQ":"2022年年报","OPERATE_INCOME_SQ":141536000,"DPS_HKD":null,"OPERATE_INCOME_QOQ_SQ":0.073729254612,"NET_PROFIT_RATIO_SQ":-16.0326701334,"HOLDER_PROFIT_SQ":-22692000,"HOLDER_PROFIT_QOQ_SQ":-3.037565488797,"ROE_AVG_SQ":-1.311453050333,"PE_TTM_SQ":-5.311380023797,"PB_TTM_SQ":0.070049050269,"ROA_SQ":-1.248275109008,"START_DATE":"2023-07-01 00:00:00","FISCAL_YEAR":"6-30","CURRENCY":"HKD","IS_CNY_CODE":0,"DPS_HKD_LY":null,"ORG_TYPE":"一般企业","PREMIUM_INCOME":null,"PREMIUM_INCOME_YOY":null,"NET_INTEREST_INCOME":null,"NET_INTEREST_INCOME_YOY":null,"FEE_COMMISSION_INCOME":null,"FEE_COMMISSION_INCOME_YOY":null,"ACCOUNTS_RECE_TDAYS":1.896253209734,"INVENTORY_TDAYS":5.365661456053,"CURRENT_ASSETS_TDAYS":0.091363571924,"TOTAL_ASSETS_TDAYS":0.077451629245,"PREMIUM_EXPENSE":null,"LOAN_DEPOSIT":null,"LOAN_EQUITY":null,"LOAN_ASSETS":null,"DEPOSIT_EQUITY":null,"DEPOSIT_ASSETS":null,"EQUITY_MULTIPLIER":1.053132215997,"EQUITY_RATIO":0.053132215997},{"SECUCODE":"00591.HK","SECURITY_CODE":"00591","SECURITY_NAME_ABBR":"中国高精密","ORG_CODE":"10151781","STD_REPORT_DATE":"2023-06-30 00:00:00","REPORT_DATE":"2023-12-31 00:00:00","DATE_TYPE_CODE":"002","REPORT_TYPE":"2023年中报","PER_NETCASH_OPERATE":-0.008986987952,"PER_OI":0.069914216867,"BPS":1.65225253012,"BASIC_EPS":-0.0055,"DILUTED_EPS":-0.0055,"OPERATE_INCOME":72536000,"OPERATE_INCOME_YOY":2.5156877155,"GROSS_PROFIT":18154000,"GROSS_PROFIT_YOY":-4.134762633997,"HOLDER_PROFIT":-5680000,"HOLDER_PROFIT_YOY":-83.9974084872,"GROSS_PROFIT_RATIO":25.027572515716,"EPS_TTM":-0.021871807229,"OPERATE_INCOME_QOQ":2.231917137368,"NET_PROFIT_RATIO":-7.8305944634,"ROE_AVG":-0.330732117466,"GROSS_PROFIT_QOQ":16.712803922223,"ROA":-0.314259844757,"HOLDER_PROFIT_QOQ":38.627143398064,"ROE_YEARLY":-0.661464234932,"ROIC_YEARLY":-2.986691345431,"TOTAL_ASSETS":1800782000,"TOTAL_LIABILITIES":86570000,"TAX_EBT":null,"OCF_SALES":-12.854306826955,"TOTAL_PARENT_EQUITY":1714212000,"DEBT_ASSET_RATIO":4.8073559154,"OPERATE_PROFIT":-5667000,"PRETAX_PROFIT":-5680000,"NETCASH_OPERATE":-9324000,"NETCASH_INVEST":-28645000,"NETCASH_FINANCE":2944000,"END_CASH":1409555000,"DIVI_RATIO":null,"DIVIDEND_RATE":null,"CURRENT_RATIO":22.393629343629,"COMMON_ACS":10000000000,"CURRENTDEBT_DEBT":77.786762157791,"ISSUED_COMMON_SHARES":1037500000,"HK_COMMON_SHARES":1037500000,"PER_SHARES":1000,"TOTAL_MARKET_CAP":133837500,"HKSK_MARKET_CAP":133837500,"PE_TTM":-3.73150479609,"PB_TTM":0.072249172822,"REPORT_DATE_SQ":"2022-06-30 00:00:00","REPORT_TYPE_SQ":"2022年中报","OPERATE_INCOME_SQ":70756000,"DPS_HKD":null,"OPERATE_INCOME_QOQ_SQ":-4.857400262711,"NET_PROFIT_RATIO_SQ":-4.3628808864,"HOLDER_PROFIT_SQ":-3087000,"HOLDER_PROFIT_QOQ_SQ":-151.042395410662,"ROE_AVG_SQ":-0.177503309859,"PE_TTM_SQ":-6.280917647188,"PB_TTM_SQ":0.082835781667,"ROA_SQ":-0.169924282686,"START_DATE":"2023-07-01 00:00:00","FISCAL_YEAR":"6-30","CURRENCY":"HKD","IS_CNY_CODE":0,"DPS_HKD_LY":null,"ORG_TYPE":"一般企业","PREMIUM_INCOME":null,"PREMIUM_INCOME_YOY":null,"NET_INTEREST_INCOME":null,"NET_INTEREST_INCOME_YOY":null,"FEE_COMMISSION_INCOME":null,"FEE_COMMISSION_INCOME_YOY":null,"ACCOUNTS_RECE_TDAYS":0.969220799177,"INVENTORY_TDAYS":2.424682881156,"CURRENT_ASSETS_TDAYS":0.047585324884,"TOTAL_ASSETS_TDAYS":0.040132310034,"PREMIUM_EXPENSE":null,"LOAN_DEPOSIT":null,"LOAN_EQUITY":null,"LOAN_ASSETS":null,"DEPOSIT_EQUITY":null,"DEPOSIT_ASSETS":null,"EQUITY_MULTIPLIER":1.050501338224,"EQUITY_RATIO":0.050501338224},{"SECUCODE":"00591.HK","SECURITY_CODE":"00591","SECURITY_NAME_ABBR":"中国高精密","ORG_CODE":"10151781","STD_REPORT_DATE":"2022-12-31 00:00:00","REPORT_DATE":"2023-06-30 00:00:00","DATE_TYPE_CODE":"001","REPORT_TYPE":"2022年年报","PER_NETCASH_OPERATE":0.001421686747,"PER_OI":0.136420240964,"BPS":1.658401927711,"BASIC_EPS":-0.0219,"DILUTED_EPS":-0.0219,"OPERATE_INCOME":141536000,"OPERATE_INCOME_YOY":2.3072919678,"GROSS_PROFIT":34994000,"GROSS_PROFIT_YOY":7.869671095219,"HOLDER_PROFIT":-22692000,"HOLDER_PROFIT_YOY":36.7629026864,"GROSS_PROFIT_RATIO":24.724451729595,"EPS_TTM":-0.035637590361,"OPERATE_INCOME_QOQ":0.073729254612,"NET_PROFIT_RATIO":-16.0326701334,"ROE_AVG":-1.311453050333,"GROSS_PROFIT_QOQ":-7.576831786936,"ROA":-1.248275109008,"HOLDER_PROFIT_QOQ":-3.037565488797,"ROE_YEARLY":-1.311453050333,"ROIC_YEARLY":-5.991374132166,"TOTAL_ASSETS":1814061000,"TOTAL_LIABILITIES":93469000,"TAX_EBT":-4.302261445119,"OCF_SALES":1.042137689351,"TOTAL_PARENT_EQUITY":1720592000,"DEBT_ASSET_RATIO":5.152472822,"OPERATE_PROFIT":-21734000,"PRETAX_PROFIT":-21756000,"NETCASH_OPERATE":1475000,"NETCASH_INVEST":3552000,"NETCASH_FINANCE":5885000,"END_CASH":1444580000,"DIVI_RATIO":null,"DIVIDEND_RATE":null,"CURRENT_RATIO":20.640150043539,"COMMON_ACS":10000000000,"CURRENTDEBT_DEBT":79.860702478897,"ISSUED_COMMON_SHARES":1037500000,"HK_COMMON_SHARES":1037500000,"PER_SHARES":1000,"TOTAL_MARKET_CAP":133837500,"HKSK_MARKET_CAP":133837500,"PE_TTM":-3.73150479609,"PB_TTM":0.072249172822,"REPORT_DATE_SQ":"2021-12-31 00:00:00","REPORT_TYPE_SQ":"2021年年报","OPERATE_INCOME_SQ":138344000,"DPS_HKD":null,"OPERATE_INCOME_QOQ_SQ":13.529149977748,"NET_PROFIT_RATIO_SQ":-25.9382409067,"HOLDER_PROFIT_SQ":-35884000,"HOLDER_PROFIT_QOQ_SQ":44.810810810811,"ROE_AVG_SQ":-2.04180685454,"PE_TTM_SQ":-6.280917647188,"PB_TTM_SQ":0.082835781667,"ROA_SQ":-1.94960496105,"START_DATE":"2022-07-01 00:00:00","FISCAL_YEAR":"6-30","CURRENCY":"HKD","IS_CNY_CODE":0,"DPS_HKD_LY":null,"ORG_TYPE":"一般企业","PREMIUM_INCOME":null,"PREMIUM_INCOME_YOY":null,"NET_INTEREST_INCOME":null,"NET_INTEREST_INCOME_YOY":null,"FEE_COMMISSION_INCOME":null,"FEE_COMMISSION_INCOME_YOY":null,"ACCOUNTS_RECE_TDAYS":1.919509598497,"INVENTORY_TDAYS":5.118274404304,"CURRENT_ASSETS_TDAYS":0.092285493248,"TOTAL_ASSETS_TDAYS":0.077858216917,"PREMIUM_EXPENSE":null,"LOAN_DEPOSIT":null,"LOAN_EQUITY":null,"LOAN_ASSETS":null,"DEPOSIT_EQUITY":null,"DEPOSIT_ASSETS":null,"EQUITY_MULTIPLIER":1.054323744385,"EQUITY_RATIO":0.054323744386},{"SECUCODE":"00591.HK","SECURITY_CODE":"00591","SECURITY_NAME_ABBR":"中国高精密","ORG_CODE":"10151781","STD_REPORT_DATE":"2022-06-30 00:00:00","REPORT_DATE":"2022-12-31 00:00:00","DATE_TYPE_CODE":"002","REPORT_TYPE":"2022年中报","PER_NETCASH_OPERATE":0.001919036145,"PER_OI":0.068198554217,"BPS":1.675419759036,"BASIC_EPS":-0.003,"DILUTED_EPS":-0.003,"OPERATE_INCOME":70756000,"OPERATE_INCOME_YOY":0.1443654995,"GROSS_PROFIT":18937000,"GROSS_PROFIT_YOY":-11.488665576069,"HOLDER_PROFIT":-3087000,"HOLDER_PROFIT_YOY":-54.5818728092,"GROSS_PROFIT_RATIO":26.763808016281,"EPS_TTM":-0.034586987952,"OPERATE_INCOME_QOQ":-4.857400262711,"NET_PROFIT_RATIO":-4.3628808864,"ROE_AVG":-0.177503309859,"GROSS_PROFIT_QOQ":2.298814328961,"ROA":-0.169924282686,"HOLDER_PROFIT_QOQ":-151.042395410662,"ROE_YEARLY":-0.355006619718,"ROIC_YEARLY":-1.619781589217,"TOTAL_ASSETS":1811707000,"TOTAL_LIABILITIES":73459000,"TAX_EBT":null,"OCF_SALES":2.813895641359,"TOTAL_PARENT_EQUITY":1738248000,"DEBT_ASSET_RATIO":4.0546843391,"OPERATE_PROFIT":-3073000,"PRETAX_PROFIT":-3087000,"NETCASH_OPERATE":1991000,"NETCASH_INVEST":1992000,"NETCASH_FINANCE":-261000,"END_CASH":1437390000,"DIVI_RATIO":null,"DIVIDEND_RATE":null,"CURRENT_RATIO":27.652018959404,"COMMON_ACS":10000000000,"CURRENTDEBT_DEBT":75.247416926449,"ISSUED_COMMON_SHARES":1037500000,"HK_COMMON_SHARES":1037500000,"PER_SHARES":1000,"TOTAL_MARKET_CAP":133837500,"HKSK_MARKET_CAP":133837500,"PE_TTM":-3.73150479609,"PB_TTM":0.072249172822,"REPORT_DATE_SQ":"2021-06-30 00:00:00","REPORT_TYPE_SQ":"2021年中报","OPERATE_INCOME_SQ":70654000,"DPS_HKD":null,"OPERATE_INCOME_QOQ_SQ":48.102451433858,"NET_PROFIT_RATIO_SQ":-2.8264500241,"HOLDER_PROFIT_SQ":-1997000,"HOLDER_PROFIT_QOQ_SQ":68.368343917929,"ROE_AVG_SQ":-0.112601659366,"PE_TTM_SQ":-6.280917647188,"PB_TTM_SQ":0.082835781667,"ROA_SQ":-0.107741382915,"START_DATE":"2022-07-01 00:00:00","FISCAL_YEAR":"6-30","CURRENCY":"HKD","IS_CNY_CODE":0,"DPS_HKD_LY":null,"ORG_TYPE":"一般企业","PREMIUM_INCOME":null,"PREMIUM_INCOME_YOY":null,"NET_INTEREST_INCOME":null,"NET_INTEREST_INCOME_YOY":null,"FEE_COMMISSION_INCOME":null,"FEE_COMMISSION_INCOME_YOY":null,"ACCOUNTS_RECE_TDAYS":0.984321745058,"INVENTORY_TDAYS":2.569367314558,"CURRENT_ASSETS_TDAYS":0.046319014389,"TOTAL_ASSETS_TDAYS":0.038947724476,"PREMIUM_EXPENSE":null,"LOAN_DEPOSIT":null,"LOAN_EQUITY":null,"LOAN_ASSETS":null,"DEPOSIT_EQUITY":null,"DEPOSIT_ASSETS":null,"EQUITY_MULTIPLIER":1.04226036791,"EQUITY_RATIO":0.042260367911},{"SECUCODE":"00591.HK","SECURITY_CODE":"00591","SECURITY_NAME_ABBR":"中国高精密","ORG_CODE":"10151781","STD_REPORT_DATE":"2021-12-31 00:00:00","REPORT_DATE":"2022-06-30 00:00:00","DATE_TYPE_CODE":"001","REPORT_TYPE":"2021年年报","PER_NETCASH_OPERATE":0.010072289157,"PER_OI":0.133343614458,"BPS":1.677105542169,"BASIC_EPS":-0.0346,"DILUTED_EPS":-0.0346,"OPERATE_INCOME":138344000,"OPERATE_INCOME_YOY":8.0145847485,"GROSS_PROFIT":32441000,"GROSS_PROFIT_YOY":196.508545836761,"HOLDER_PROFIT":-35884000,"HOLDER_PROFIT_YOY":-38.5482625483,"GROSS_PROFIT_RATIO":23.449517145666,"EPS_TTM":-0.013777349398,"OPERATE_INCOME_QOQ":13.529149977748,"NET_PROFIT_RATIO":-25.9382409067,"ROE_AVG":-2.04180685454,"GROSS_PROFIT_QOQ":189.84553514304,"ROA":-1.94960496105,"HOLDER_PROFIT_QOQ":44.810810810811,"ROE_YEARLY":-2.04180685454,"ROIC_YEARLY":-8.653336034185,"TOTAL_ASSETS":1821676000,"TOTAL_LIABILITIES":81679000,"TAX_EBT":-1.533586101522,"OCF_SALES":7.553634418551,"TOTAL_PARENT_EQUITY":1739997000,"DEBT_ASSET_RATIO":4.4837281712,"OPERATE_PROFIT":-35273000,"PRETAX_PROFIT":-35342000,"NETCASH_OPERATE":10450000,"NETCASH_INVEST":6033000,"NETCASH_FINANCE":-935000,"END_CASH":1433668000,"DIVI_RATIO":null,"DIVIDEND_RATE":null,"CURRENT_RATIO":24.10615654261,"COMMON_ACS":10000000000,"CURRENTDEBT_DEBT":77.536453678424,"ISSUED_COMMON_SHARES":1037500000,"HK_COMMON_SHARES":1037500000,"PER_SHARES":1000,"TOTAL_MARKET_CAP":133837500,"HKSK_MARKET_CAP":133837500,"PE_TTM":-3.73150479609,"PB_TTM":0.072249172822,"REPORT_DATE_SQ":"2020-12-31 00:00:00","REPORT_TYPE_SQ":"2020年年报","OPERATE_INCOME_SQ":128079000,"DPS_HKD":null,"OPERATE_INCOME_QOQ_SQ":-12.827853154043,"NET_PROFIT_RATIO_SQ":-20.2218942996,"HOLDER_PROFIT_SQ":-25900000,"HOLDER_PROFIT_QOQ_SQ":6.891062087787,"ROE_AVG_SQ":-1.445858327656,"PE_TTM_SQ":-6.280917647188,"PB_TTM_SQ":0.082835781667,"ROA_SQ":-1.383498231366,"START_DATE":"2021-07-01 00:00:00","FISCAL_YEAR":"6-30","CURRENCY":"HKD","IS_CNY_CODE":0,"DPS_HKD_LY":null,"ORG_TYPE":"一般企业","PREMIUM_INCOME":null,"PREMIUM_INCOME_YOY":null,"NET_INTEREST_INCOME":null,"NET_INTEREST_INCOME_YOY":null,"FEE_COMMISSION_INCOME":null,"FEE_COMMISSION_INCOME_YOY":null,"ACCOUNTS_RECE_TDAYS":1.848530197755,"INVENTORY_TDAYS":3.600795620686,"CURRENT_ASSETS_TDAYS":0.090412346542,"TOTAL_ASSETS_TDAYS":0.075163345427,"PREMIUM_EXPENSE":null,"LOAN_DEPOSIT":null,"LOAN_EQUITY":null,"LOAN_ASSETS":null,"DEPOSIT_EQUITY":null,"DEPOSIT_ASSETS":null,"EQUITY_MULTIPLIER":1.046942034958,"EQUITY_RATIO":0.046942034958},{"SECUCODE":"00591.HK","SECURITY_CODE":"00591","SECURITY_NAME_ABBR":"中国高精密","ORG_CODE":"10151781","STD_REPORT_DATE":"2021-06-30 00:00:00","REPORT_DATE":"2021-12-31 00:00:00","DATE_TYPE_CODE":"002","REPORT_TYPE":"2021年中报","PER_NETCASH_OPERATE":0.002508915663,"PER_OI":0.068100240964,"BPS":1.708036626506,"BASIC_EPS":-0.0019,"DILUTED_EPS":-0.0019,"OPERATE_INCOME":70654000,"OPERATE_INCOME_YOY":32.4944679893,"GROSS_PROFIT":21395000,"GROSS_PROFIT_YOY":3328.6858974359,"HOLDER_PROFIT":-1997000,"HOLDER_PROFIT_YOY":85.319414835,"GROSS_PROFIT_RATIO":30.281371189175,"EPS_TTM":-0.024963855422,"OPERATE_INCOME_QOQ":48.102451433858,"NET_PROFIT_RATIO":-2.8264500241,"ROE_AVG":-0.112601659366,"GROSS_PROFIT_QOQ":306.628895184136,"ROA":-0.107741382915,"HOLDER_PROFIT_QOQ":68.368343917929,"ROE_YEARLY":-0.225203318732,"ROIC_YEARLY":-0.921740876346,"TOTAL_ASSETS":1847545000,"TOTAL_LIABILITIES":75457000,"TAX_EBT":null,"OCF_SALES":3.684150932714,"TOTAL_PARENT_EQUITY":1772088000,"DEBT_ASSET_RATIO":4.0841765694,"OPERATE_PROFIT":-1962000,"PRETAX_PROFIT":-1997000,"NETCASH_OPERATE":2603000,"NETCASH_INVEST":2060000,"NETCASH_FINANCE":-499000,"END_CASH":1422284000,"DIVI_RATIO":null,"DIVIDEND_RATE":null,"CURRENT_RATIO":26.895022878281,"COMMON_ACS":10000000000,"CURRENTDEBT_DEBT":75.594046940642,"ISSUED_COMMON_SHARES":1037500000,"HK_COMMON_SHARES":1037500000,"PER_SHARES":1000,"TOTAL_MARKET_CAP":133837500,"HKSK_MARKET_CAP":133837500,"PE_TTM":-3.73150479609,"PB_TTM":0.072249172822,"REPORT_DATE_SQ":"2020-06-30 00:00:00","REPORT_TYPE_SQ":"2020年中报","OPERATE_INCOME_SQ":53326000,"DPS_HKD":null,"OPERATE_INCOME_QOQ_SQ":-22.100336864257,"NET_PROFIT_RATIO_SQ":-25.5091325057,"HOLDER_PROFIT_SQ":-13603000,"HOLDER_PROFIT_QOQ_SQ":-73.008066102695,"ROE_AVG_SQ":-0.756342212742,"PE_TTM_SQ":-6.280917647188,"PB_TTM_SQ":0.082835781667,"ROA_SQ":-0.72419403268,"START_DATE":"2021-07-01 00:00:00","FISCAL_YEAR":"6-30","CURRENCY":"HKD","IS_CNY_CODE":0,"DPS_HKD_LY":null,"ORG_TYPE":"一般企业","PREMIUM_INCOME":null,"PREMIUM_INCOME_YOY":null,"NET_INTEREST_INCOME":null,"NET_INTEREST_INCOME_YOY":null,"FEE_COMMISSION_INCOME":null,"FEE_COMMISSION_INCOME_YOY":null,"ACCOUNTS_RECE_TDAYS":0.935938534905,"INVENTORY_TDAYS":1.290211896592,"CURRENT_ASSETS_TDAYS":0.046062543721,"TOTAL_ASSETS_TDAYS":0.038118976808,"PREMIUM_EXPENSE":null,"LOAN_DEPOSIT":null,"LOAN_EQUITY":null,"LOAN_ASSETS":null,"DEPOSIT_EQUITY":null,"DEPOSIT_ASSETS":null,"EQUITY_MULTIPLIER":1.042580842486,"EQUITY_RATIO":0.042580842486},{"SECUCODE":"00591.HK","SECURITY_CODE":"00591","SECURITY_NAME_ABBR":"中国高精密","ORG_CODE":"10151781","STD_REPORT_DATE":"2020-12-31 00:00:00","REPORT_DATE":"2021-06-30 00:00:00","DATE_TYPE_CODE":"001","REPORT_TYPE":"2020年年报","PER_NETCASH_OPERATE":-0.044943614458,"PER_OI":0.123449638554,"BPS":1.710774939759,"BASIC_EPS":-0.025,"DILUTED_EPS":-0.025,"OPERATE_INCOME":128079000,"OPERATE_INCOME_YOY":29.1040864464,"GROSS_PROFIT":10941000,"GROSS_PROFIT_YOY":290.543364681296,"HOLDER_PROFIT":-25900000,"HOLDER_PROFIT_YOY":70.5481009779,"GROSS_PROFIT_RATIO":8.542383997377,"EPS_TTM":-0.078920481928,"OPERATE_INCOME_QOQ":-12.827853154043,"NET_PROFIT_RATIO":-20.2218942996,"ROE_AVG":-1.445858327656,"GROSS_PROFIT_QOQ":7.784743991641,"ROA":-1.383498231366,"HOLDER_PROFIT_QOQ":6.891062087787,"ROE_YEARLY":-1.445858327656,"ROIC_YEARLY":-5.996279528493,"TOTAL_ASSETS":1859480000,"TOTAL_LIABILITIES":84551000,"TAX_EBT":4.582964927793,"OCF_SALES":-36.406436652379,"TOTAL_PARENT_EQUITY":1774929000,"DEBT_ASSET_RATIO":4.5470238992,"OPERATE_PROFIT":-27024000,"PRETAX_PROFIT":-27144000,"NETCASH_OPERATE":-46629000,"NETCASH_INVEST":3810000,"NETCASH_FINANCE":-1204000,"END_CASH":1418120000,"DIVI_RATIO":null,"DIVIDEND_RATE":null,"CURRENT_RATIO":23.381250762288,"COMMON_ACS":10000000000,"CURRENTDEBT_DEBT":77.576847110028,"ISSUED_COMMON_SHARES":1037500000,"HK_COMMON_SHARES":1037500000,"PER_SHARES":1000,"TOTAL_MARKET_CAP":133837500,"HKSK_MARKET_CAP":133837500,"PE_TTM":-3.73150479609,"PB_TTM":0.072249172822,"REPORT_DATE_SQ":"2019-12-31 00:00:00","REPORT_TYPE_SQ":"2019年年报","OPERATE_INCOME_SQ":99206000,"DPS_HKD":null,"OPERATE_INCOME_QOQ_SQ":-3.68468420774,"NET_PROFIT_RATIO_SQ":-88.6438320263,"HOLDER_PROFIT_SQ":-87940000,"HOLDER_PROFIT_QOQ_SQ":-7.051093045786,"ROE_AVG_SQ":-4.750850469223,"PE_TTM_SQ":-6.280917647188,"PB_TTM_SQ":0.082835781667,"ROA_SQ":-4.557936168162,"START_DATE":"2020-07-01 00:00:00","FISCAL_YEAR":"6-30","CURRENCY":"HKD","IS_CNY_CODE":0,"DPS_HKD_LY":null,"ORG_TYPE":"一般企业","PREMIUM_INCOME":null,"PREMIUM_INCOME_YOY":null,"NET_INTEREST_INCOME":null,"NET_INTEREST_INCOME_YOY":null,"FEE_COMMISSION_INCOME":null,"FEE_COMMISSION_INCOME_YOY":null,"ACCOUNTS_RECE_TDAYS":2.504428931777,"INVENTORY_TDAYS":2.945978572506,"CURRENT_ASSETS_TDAYS":0.083655201761,"TOTAL_ASSETS_TDAYS":0.068415857133,"PREMIUM_EXPENSE":null,"LOAN_DEPOSIT":null,"LOAN_EQUITY":null,"LOAN_ASSETS":null,"DEPOSIT_EQUITY":null,"DEPOSIT_ASSETS":null,"EQUITY_MULTIPLIER":1.047636271649,"EQUITY_RATIO":0.047636271648},{"SECUCODE":"00591.HK","SECURITY_CODE":"00591","SECURITY_NAME_ABBR":"中国高精密","ORG_CODE":"10151781","STD_REPORT_DATE":"2020-06-30 00:00:00","REPORT_DATE":"2020-12-31 00:00:00","DATE_TYPE_CODE":"002","REPORT_TYPE":"2020年中报","PER_NETCASH_OPERATE":-0.027652048193,"PER_OI":0.051398554217,"BPS":1.724656385542,"BASIC_EPS":-0.0131,"DILUTED_EPS":-0.0131,"OPERATE_INCOME":53326000,"OPERATE_INCOME_YOY":-19.2666384061,"GROSS_PROFIT":624000,"GROSS_PROFIT_YOY":252.542372881356,"HOLDER_PROFIT":-13603000,"HOLDER_PROFIT_YOY":30.8193052942,"GROSS_PROFIT_RATIO":1.170160897123,"EPS_TTM":-0.084761445783,"OPERATE_INCOME_QOQ":-22.100336864257,"NET_PROFIT_RATIO":-25.5091325057,"ROE_AVG":-0.756342212742,"GROSS_PROFIT_QOQ":-343.740340030912,"ROA":-0.72419403268,"HOLDER_PROFIT_QOQ":-73.008066102695,"ROE_YEARLY":-1.512684425483,"ROIC_YEARLY":-6.325763080339,"TOTAL_ASSETS":1872076000,"TOTAL_LIABILITIES":82745000,"TAX_EBT":null,"OCF_SALES":-53.799272399955,"TOTAL_PARENT_EQUITY":1789331000,"DEBT_ASSET_RATIO":4.4199594461,"OPERATE_PROFIT":-13535000,"PRETAX_PROFIT":-13603000,"NETCASH_OPERATE":-28689000,"NETCASH_INVEST":1701000,"NETCASH_FINANCE":-735000,"END_CASH":1434420000,"DIVI_RATIO":null,"DIVIDEND_RATE":null,"CURRENT_RATIO":24.167091355228,"COMMON_ACS":10000000000,"CURRENTDEBT_DEBT":76.833645537495,"ISSUED_COMMON_SHARES":1037500000,"HK_COMMON_SHARES":1037500000,"PER_SHARES":1000,"TOTAL_MARKET_CAP":133837500,"HKSK_MARKET_CAP":133837500,"PE_TTM":-3.73150479609,"PB_TTM":0.072249172822,"REPORT_DATE_SQ":"2019-06-30 00:00:00","REPORT_TYPE_SQ":"2019年中报","OPERATE_INCOME_SQ":66052000,"DPS_HKD":null,"OPERATE_INCOME_QOQ_SQ":8.359079845603,"NET_PROFIT_RATIO_SQ":-29.7689699025,"HOLDER_PROFIT_SQ":-19663000,"HOLDER_PROFIT_QOQ_SQ":-1.57663921275,"ROE_AVG_SQ":-1.043038396364,"PE_TTM_SQ":-6.280917647188,"PB_TTM_SQ":0.082835781667,"ROA_SQ":-1.000124869377,"START_DATE":"2020-07-01 00:00:00","FISCAL_YEAR":"6-30","CURRENCY":"HKD","IS_CNY_CODE":0,"DPS_HKD_LY":null,"ORG_TYPE":"一般企业","PREMIUM_INCOME":null,"PREMIUM_INCOME_YOY":null,"NET_INTEREST_INCOME":null,"NET_INTEREST_INCOME_YOY":null,"FEE_COMMISSION_INCOME":null,"FEE_COMMISSION_INCOME_YOY":null,"ACCOUNTS_RECE_TDAYS":1.32658341211,"INVENTORY_TDAYS":1.198671731071,"CURRENT_ASSETS_TDAYS":0.034797952163,"TOTAL_ASSETS_TDAYS":0.028389598608,"PREMIUM_EXPENSE":null,"LOAN_DEPOSIT":null,"LOAN_EQUITY":null,"LOAN_ASSETS":null,"DEPOSIT_EQUITY":null,"DEPOSIT_ASSETS":null,"EQUITY_MULTIPLIER":1.046243540184,"EQUITY_RATIO":0.046243540183},{"SECUCODE":"00591.HK","SECURITY_CODE":"00591","SECURITY_NAME_ABBR":"中国高精密","ORG_CODE":"10151781","STD_REPORT_DATE":"2019-12-31 00:00:00","REPORT_DATE":"2020-06-30 00:00:00","DATE_TYPE_CODE":"001","REPORT_TYPE":"2019年年报","PER_NETCASH_OPERATE":0.020525301205,"PER_OI":0.095620240964,"BPS":1.742378795181,"BASIC_EPS":-0.0848,"DILUTED_EPS":-0.0848,"OPERATE_INCOME":99206000,"OPERATE_INCOME_YOY":-24.9706934497,"GROSS_PROFIT":-5742000,"GROSS_PROFIT_YOY":-243.657743307481,"HOLDER_PROFIT":-87940000,"HOLDER_PROFIT_YOY":-85.2070258203,"GROSS_PROFIT_RATIO":-5.787956373606,"EPS_TTM":-0.048992771084,"OPERATE_INCOME_QOQ":-3.68468420774,"NET_PROFIT_RATIO":-88.6438320263,"ROE_AVG":-4.750850469223,"GROSS_PROFIT_QOQ":-132.374280710533,"ROA":-4.557936168162,"HOLDER_PROFIT_QOQ":-7.051093045786,"ROE_YEARLY":-4.750850469223,"ROIC_YEARLY":-18.362723295852,"TOTAL_ASSETS":1884652000,"TOTAL_LIABILITIES":76934000,"TAX_EBT":8.894068894069,"OCF_SALES":21.465435558333,"TOTAL_PARENT_EQUITY":1807718000,"DEBT_ASSET_RATIO":4.0821329349,"OPERATE_PROFIT":-96325000,"PRETAX_PROFIT":-96525000,"NETCASH_OPERATE":21295000,"NETCASH_INVEST":3859000,"NETCASH_FINANCE":-1822000,"END_CASH":1462143000,"DIVI_RATIO":null,"DIVIDEND_RATE":null,"CURRENT_RATIO":26.735105824733,"COMMON_ACS":10000000000,"CURRENTDEBT_DEBT":74.310447916396,"ISSUED_COMMON_SHARES":1037500000,"HK_COMMON_SHARES":1037500000,"PER_SHARES":1000,"TOTAL_MARKET_CAP":133837500,"HKSK_MARKET_CAP":133837500,"PE_TTM":-3.73150479609,"PB_TTM":0.072249172822,"REPORT_DATE_SQ":"2018-12-31 00:00:00","REPORT_TYPE_SQ":"2018年年报","OPERATE_INCOME_SQ":132223000,"DPS_HKD":null,"OPERATE_INCOME_QOQ_SQ":14.210969674279,"NET_PROFIT_RATIO_SQ":-35.910545064,"HOLDER_PROFIT_SQ":-47482000,"HOLDER_PROFIT_QOQ_SQ":21.113473741056,"ROE_AVG_SQ":-2.477040218125,"PE_TTM_SQ":-6.280917647188,"PB_TTM_SQ":0.082835781667,"ROA_SQ":-2.372685879216,"START_DATE":"2019-07-01 00:00:00","FISCAL_YEAR":"6-30","CURRENCY":"HKD","IS_CNY_CODE":0,"DPS_HKD_LY":null,"ORG_TYPE":"一般企业","PREMIUM_INCOME":null,"PREMIUM_INCOME_YOY":null,"NET_INTEREST_INCOME":null,"NET_INTEREST_INCOME_YOY":null,"FEE_COMMISSION_INCOME":null,"FEE_COMMISSION_INCOME_YOY":null,"ACCOUNTS_RECE_TDAYS":2.245139973295,"INVENTORY_TDAYS":2.500577800546,"CURRENT_ASSETS_TDAYS":0.064560612534,"TOTAL_ASSETS_TDAYS":0.051418537127,"PREMIUM_EXPENSE":null,"LOAN_DEPOSIT":null,"LOAN_EQUITY":null,"LOAN_ASSETS":null,"DEPOSIT_EQUITY":null,"DEPOSIT_ASSETS":null,"EQUITY_MULTIPLIER":1.042558629167,"EQUITY_RATIO":0.042558629167}],"count":34},"success":true,"message":"ok","code":0}