{"version":"678e8368f7a9cbbc4dfeb63527319b68","result":{"pages":6,"data":[{"SECUCODE":"00596.HK","SECURITY_CODE":"00596","SECURITY_NAME_ABBR":"浪潮数字企业","ORG_CODE":"10010739","STD_REPORT_DATE":"2024-06-30 00:00:00","REPORT_DATE":"2024-06-30 00:00:00","DATE_TYPE_CODE":"002","REPORT_TYPE":"2024年中报","PER_NETCASH_OPERATE":-0.650003086773,"PER_OI":3.626496032149,"BPS":1.870019469854,"BASIC_EPS":0.0926,"DILUTED_EPS":0.0926,"OPERATE_INCOME":4141171000,"OPERATE_INCOME_YOY":1.0867660161,"GROSS_PROFIT":911681000,"GROSS_PROFIT_YOY":8.712698914281,"HOLDER_PROFIT":105702000,"HOLDER_PROFIT_YOY":114.662577933,"GROSS_PROFIT_RATIO":22.015053230113,"EPS_TTM":0.226014812582,"OPERATE_INCOME_QOQ":0.536756764707,"NET_PROFIT_RATIO":2.5589621873,"ROE_AVG":5.053911352152,"GROSS_PROFIT_QOQ":3.809882354904,"ROA":1.670679303212,"HOLDER_PROFIT_QOQ":28.002281406537,"ROE_YEARLY":10.107822704303,"ROIC_YEARLY":3.929410973109,"TOTAL_ASSETS":6329356000,"TOTAL_LIABILITIES":4143566000,"TAX_EBT":0.690669865427,"OCF_SALES":-17.923722541281,"TOTAL_PARENT_EQUITY":2135414000,"DEBT_ASSET_RATIO":65.4658388626,"OPERATE_PROFIT":116153000,"PRETAX_PROFIT":106708000,"NETCASH_OPERATE":-742252000,"NETCASH_INVEST":-4156000,"NETCASH_FINANCE":10722000,"END_CASH":528702000,"DIVI_RATIO":0.12028680638,"DIVIDEND_RATE":0.549450549451,"CURRENT_RATIO":1.188446963328,"COMMON_ACS":2000000000,"CURRENTDEBT_DEBT":93.299105166902,"ISSUED_COMMON_SHARES":1141920731,"HK_COMMON_SHARES":1141920731,"PER_SHARES":2000,"TOTAL_MARKET_CAP":6234887191.26,"HKSK_MARKET_CAP":6234887191.26,"PE_TTM":21.884266936148,"PB_TTM":2.664802629242,"REPORT_DATE_SQ":"2023-06-30 00:00:00","REPORT_TYPE_SQ":"2023年中报","OPERATE_INCOME_SQ":4096650000,"DPS_HKD":0.03,"OPERATE_INCOME_QOQ_SQ":28.895384973136,"NET_PROFIT_RATIO_SQ":1.1562374135,"HOLDER_PROFIT_SQ":49241000,"HOLDER_PROFIT_QOQ_SQ":17.887774875727,"ROE_AVG_SQ":2.65030800324,"PE_TTM_SQ":15.694072828875,"PB_TTM_SQ":1.182741903674,"ROA_SQ":1.012570507324,"START_DATE":"2024-01-01 00:00:00","FISCAL_YEAR":"12-31","CURRENCY":"HKD","IS_CNY_CODE":0,"DPS_HKD_LY":0.03,"ORG_TYPE":"一般企业","PREMIUM_INCOME":null,"PREMIUM_INCOME_YOY":null,"NET_INTEREST_INCOME":null,"NET_INTEREST_INCOME_YOY":null,"FEE_COMMISSION_INCOME":null,"FEE_COMMISSION_INCOME_YOY":null,"ACCOUNTS_RECE_TDAYS":2.345612028794,"INVENTORY_TDAYS":1676.78608515057,"CURRENT_ASSETS_TDAYS":0.904182846563,"TOTAL_ASSETS_TDAYS":0.654535267144,"PREMIUM_EXPENSE":null,"LOAN_DEPOSIT":null,"LOAN_EQUITY":null,"LOAN_ASSETS":null,"DEPOSIT_EQUITY":null,"DEPOSIT_ASSETS":null,"EQUITY_MULTIPLIER":2.89568348286,"EQUITY_RATIO":1.940404062163},{"SECUCODE":"00596.HK","SECURITY_CODE":"00596","SECURITY_NAME_ABBR":"浪潮数字企业","ORG_CODE":"10010739","STD_REPORT_DATE":"2023-12-31 00:00:00","REPORT_DATE":"2023-12-31 00:00:00","DATE_TYPE_CODE":"001","REPORT_TYPE":"2023年年报","PER_NETCASH_OPERATE":0.21022124696,"PER_OI":7.26359174926,"BPS":1.793087684998,"BASIC_EPS":0.1766,"DILUTED_EPS":0.1765,"OPERATE_INCOME":8294446000,"OPERATE_INCOME_YOY":19.0603437263,"GROSS_PROFIT":1917802000,"GROSS_PROFIT_YOY":33.067586995498,"HOLDER_PROFIT":201630000,"HOLDER_PROFIT_YOY":69.8795180723,"GROSS_PROFIT_RATIO":23.121520111168,"EPS_TTM":0.17657092522,"OPERATE_INCOME_QOQ":-7.630250880522,"NET_PROFIT_RATIO":2.5369385731,"ROE_AVG":10.379391119992,"GROSS_PROFIT_QOQ":14.135722456112,"ROA":3.619132887136,"HOLDER_PROFIT_QOQ":44.102743691083,"ROE_YEARLY":10.379391119992,"ROIC_YEARLY":4.692160591832,"TOTAL_ASSETS":6324419000,"TOTAL_LIABILITIES":4226748000,"TAX_EBT":24.48791375994,"OCF_SALES":2.894177621989,"TOTAL_PARENT_EQUITY":2047564000,"DEBT_ASSET_RATIO":66.8321943881,"OPERATE_PROFIT":276459000,"PRETAX_PROFIT":278664000,"NETCASH_OPERATE":240056000,"NETCASH_INVEST":-278741000,"NETCASH_FINANCE":110850000,"END_CASH":1264504000,"DIVI_RATIO":0.153969856397,"DIVIDEND_RATE":0.826446280992,"CURRENT_RATIO":1.166158375389,"COMMON_ACS":2000000000,"CURRENTDEBT_DEBT":92.626245993374,"ISSUED_COMMON_SHARES":1141920731,"HK_COMMON_SHARES":1141920731,"PER_SHARES":2000,"TOTAL_MARKET_CAP":4145172253.53,"HKSK_MARKET_CAP":4145172253.53,"PE_TTM":14.549430215791,"PB_TTM":1.771654495265,"REPORT_DATE_SQ":"2022-12-31 00:00:00","REPORT_TYPE_SQ":"2022年年报","OPERATE_INCOME_SQ":6966590000,"DPS_HKD":0.03,"OPERATE_INCOME_QOQ_SQ":70.296537519111,"NET_PROFIT_RATIO_SQ":1.7915364619,"HOLDER_PROFIT_SQ":118690000,"HOLDER_PROFIT_QOQ_SQ":79.540705106676,"ROE_AVG_SQ":6.673991619414,"PE_TTM_SQ":16.289108765515,"PB_TTM_SQ":1.2275851986,"ROA_SQ":2.474537428916,"START_DATE":"2023-01-01 00:00:00","FISCAL_YEAR":"12-31","CURRENCY":"HKD","IS_CNY_CODE":0,"DPS_HKD_LY":0.02,"ORG_TYPE":"一般企业","PREMIUM_INCOME":null,"PREMIUM_INCOME_YOY":null,"NET_INTEREST_INCOME":null,"NET_INTEREST_INCOME_YOY":null,"FEE_COMMISSION_INCOME":null,"FEE_COMMISSION_INCOME_YOY":null,"ACCOUNTS_RECE_TDAYS":6.241679368461,"INVENTORY_TDAYS":6601.08074534161,"CURRENT_ASSETS_TDAYS":2.124848503169,"TOTAL_ASSETS_TDAYS":1.488801383682,"PREMIUM_EXPENSE":null,"LOAN_DEPOSIT":null,"LOAN_EQUITY":null,"LOAN_ASSETS":null,"DEPOSIT_EQUITY":null,"DEPOSIT_ASSETS":null,"EQUITY_MULTIPLIER":3.014971842579,"EQUITY_RATIO":2.064281263003},{"SECUCODE":"00596.HK","SECURITY_CODE":"00596","SECURITY_NAME_ABBR":"浪潮数字企业","ORG_CODE":"10010739","STD_REPORT_DATE":"2023-06-30 00:00:00","REPORT_DATE":"2023-06-30 00:00:00","DATE_TYPE_CODE":"002","REPORT_TYPE":"2023年中报","PER_NETCASH_OPERATE":-0.515789742677,"PER_OI":3.587508212074,"BPS":1.644803311658,"BASIC_EPS":0.0431,"DILUTED_EPS":0.0431,"OPERATE_INCOME":4096650000,"OPERATE_INCOME_YOY":96.611485645,"GROSS_PROFIT":838615000,"GROSS_PROFIT_YOY":39.872439150906,"HOLDER_PROFIT":49241000,"HOLDER_PROFIT_YOY":75.797929311,"GROSS_PROFIT_RATIO":20.470750491255,"EPS_TTM":0.122531272269,"OPERATE_INCOME_QOQ":28.895384973136,"NET_PROFIT_RATIO":1.1562374135,"ROE_AVG":2.65030800324,"GROSS_PROFIT_QOQ":16.587150921717,"ROA":1.012570507324,"HOLDER_PROFIT_QOQ":17.887774875727,"ROE_YEARLY":5.30061600648,"ROIC_YEARLY":2.47116613186,"TOTAL_ASSETS":4907911000,"TOTAL_LIABILITIES":2986808000,"TAX_EBT":2.559091563638,"OCF_SALES":-14.377381519046,"TOTAL_PARENT_EQUITY":1878235000,"DEBT_ASSET_RATIO":60.8570122808,"OPERATE_PROFIT":50449000,"PRETAX_PROFIT":48611000,"NETCASH_OPERATE":-588991000,"NETCASH_INVEST":-222912000,"NETCASH_FINANCE":97738000,"END_CASH":479082000,"DIVI_RATIO":0.221874787526,"DIVIDEND_RATE":0.826446280992,"CURRENT_RATIO":1.179736758521,"COMMON_ACS":2000000000,"CURRENTDEBT_DEBT":89.177543384108,"ISSUED_COMMON_SHARES":1141920731,"HK_COMMON_SHARES":1141920731,"PER_SHARES":2000,"TOTAL_MARKET_CAP":4145172253.53,"HKSK_MARKET_CAP":4145172253.53,"PE_TTM":14.549430215791,"PB_TTM":1.771654495265,"REPORT_DATE_SQ":"2022-06-30 00:00:00","REPORT_TYPE_SQ":"2022年中报","OPERATE_INCOME_SQ":2083627000,"DPS_HKD":0.03,"OPERATE_INCOME_QOQ_SQ":27.776421222369,"NET_PROFIT_RATIO_SQ":1.0664367615,"HOLDER_PROFIT_SQ":28010000,"HOLDER_PROFIT_QOQ_SQ":24.836944045222,"ROE_AVG_SQ":1.802443959304,"PE_TTM_SQ":16.289108765515,"PB_TTM_SQ":1.2275851986,"ROA_SQ":0.693463622674,"START_DATE":"2023-01-01 00:00:00","FISCAL_YEAR":"12-31","CURRENCY":"HKD","IS_CNY_CODE":0,"DPS_HKD_LY":0.02,"ORG_TYPE":"一般企业","PREMIUM_INCOME":null,"PREMIUM_INCOME_YOY":null,"NET_INTEREST_INCOME":null,"NET_INTEREST_INCOME_YOY":null,"FEE_COMMISSION_INCOME":null,"FEE_COMMISSION_INCOME_YOY":null,"ACCOUNTS_RECE_TDAYS":3.71262195401,"INVENTORY_TDAYS":6731.47727272727,"CURRENT_ASSETS_TDAYS":1.283452867769,"TOTAL_ASSETS_TDAYS":0.8424172882,"PREMIUM_EXPENSE":null,"LOAN_DEPOSIT":null,"LOAN_EQUITY":null,"LOAN_ASSETS":null,"DEPOSIT_EQUITY":null,"DEPOSIT_ASSETS":null,"EQUITY_MULTIPLIER":2.554736003224,"EQUITY_RATIO":1.590220606048},{"SECUCODE":"00596.HK","SECURITY_CODE":"00596","SECURITY_NAME_ABBR":"浪潮数字企业","ORG_CODE":"10010739","STD_REPORT_DATE":"2022-12-31 00:00:00","REPORT_DATE":"2022-12-31 00:00:00","DATE_TYPE_CODE":"001","REPORT_TYPE":"2022年年报","PER_NETCASH_OPERATE":0.168564239859,"PER_OI":6.100764975078,"BPS":1.609249180012,"BASIC_EPS":0.1039,"DILUTED_EPS":0.1039,"OPERATE_INCOME":6966590000,"OPERATE_INCOME_YOY":114.330170339,"GROSS_PROFIT":1441224000,"GROSS_PROFIT_YOY":39.817557230432,"HOLDER_PROFIT":118690000,"HOLDER_PROFIT_YOY":120.7734231134,"GROSS_PROFIT_RATIO":20.687653500493,"EPS_TTM":0.103938913427,"OPERATE_INCOME_QOQ":70.296537519111,"NET_PROFIT_RATIO":1.7915364619,"ROE_AVG":6.673991619414,"GROSS_PROFIT_QOQ":19.523847496022,"ROA":2.474537428916,"HOLDER_PROFIT_QOQ":79.540705106676,"ROE_YEARLY":6.673991619414,"ROIC_YEARLY":3.368510795539,"TOTAL_ASSETS":4818029000,"TOTAL_LIABILITIES":2940062000,"TAX_EBT":16.032696447793,"OCF_SALES":2.763001698105,"TOTAL_PARENT_EQUITY":1837635000,"DEBT_ASSET_RATIO":61.0220901535,"OPERATE_PROFIT":100973000,"PRETAX_PROFIT":148640000,"NETCASH_OPERATE":187577000,"NETCASH_INVEST":2894000,"NETCASH_FINANCE":-28037000,"END_CASH":1193170000,"DIVI_RATIO":0.261563250024,"DIVIDEND_RATE":0.826446280992,"CURRENT_RATIO":1.233252891768,"COMMON_ACS":2000000000,"CURRENTDEBT_DEBT":89.399781365155,"ISSUED_COMMON_SHARES":1141920731,"HK_COMMON_SHARES":1141920731,"PER_SHARES":2000,"TOTAL_MARKET_CAP":4145172253.53,"HKSK_MARKET_CAP":4145172253.53,"PE_TTM":14.549430215791,"PB_TTM":1.771654495265,"REPORT_DATE_SQ":"2021-12-31 00:00:00","REPORT_TYPE_SQ":"2021年年报","OPERATE_INCOME_SQ":3250401000,"DPS_HKD":0.03,"OPERATE_INCOME_QOQ_SQ":36.204123187341,"NET_PROFIT_RATIO_SQ":1.6156765082,"HOLDER_PROFIT_SQ":53761000,"HOLDER_PROFIT_QOQ_SQ":174.030421687205,"ROE_AVG_SQ":3.181712118644,"PE_TTM_SQ":16.289108765515,"PB_TTM_SQ":1.2275851986,"ROA_SQ":1.450082971908,"START_DATE":"2022-01-01 00:00:00","FISCAL_YEAR":"12-31","CURRENCY":"HKD","IS_CNY_CODE":0,"DPS_HKD_LY":null,"ORG_TYPE":"一般企业","PREMIUM_INCOME":null,"PREMIUM_INCOME_YOY":null,"NET_INTEREST_INCOME":null,"NET_INTEREST_INCOME_YOY":null,"FEE_COMMISSION_INCOME":null,"FEE_COMMISSION_INCOME_YOY":null,"ACCOUNTS_RECE_TDAYS":8.591489891734,"INVENTORY_TDAYS":4392.18282988871,"CURRENT_ASSETS_TDAYS":2.292856133159,"TOTAL_ASSETS_TDAYS":1.452446516717,"PREMIUM_EXPENSE":null,"LOAN_DEPOSIT":null,"LOAN_EQUITY":null,"LOAN_ASSETS":null,"DEPOSIT_EQUITY":null,"DEPOSIT_ASSETS":null,"EQUITY_MULTIPLIER":2.56555573128,"EQUITY_RATIO":1.599916196633},{"SECUCODE":"00596.HK","SECURITY_CODE":"00596","SECURITY_NAME_ABBR":"浪潮数字企业","ORG_CODE":"10010739","STD_REPORT_DATE":"2022-06-30 00:00:00","REPORT_DATE":"2022-06-30 00:00:00","DATE_TYPE_CODE":"002","REPORT_TYPE":"2022年中报","PER_NETCASH_OPERATE":-0.063648676249,"PER_OI":1.824668686219,"BPS":1.524080579994,"BASIC_EPS":0.0245,"DILUTED_EPS":0.0245,"OPERATE_INCOME":2083627000,"OPERATE_INCOME_YOY":65.7937777766,"GROSS_PROFIT":599557000,"GROSS_PROFIT_YOY":39.797935364671,"HOLDER_PROFIT":28010000,"HOLDER_PROFIT_YOY":78.3835081984,"GROSS_PROFIT_RATIO":28.774642627276,"EPS_TTM":0.057891559112,"OPERATE_INCOME_QOQ":27.776421222369,"NET_PROFIT_RATIO":1.0664367615,"ROE_AVG":1.802443959304,"GROSS_PROFIT_QOQ":18.762733739857,"ROA":0.693463622674,"HOLDER_PROFIT_QOQ":24.836944045222,"ROE_YEARLY":3.604887918607,"ROIC_YEARLY":1.852333175249,"TOTAL_ASSETS":4261496433.81,"TOTAL_LIABILITIES":2489210940.09,"TAX_EBT":35.314664958957,"OCF_SALES":-3.376625956503,"TOTAL_PARENT_EQUITY":1740379210.01,"DEBT_ASSET_RATIO":58.4116631036,"OPERATE_PROFIT":42911000,"PRETAX_PROFIT":34354000,"NETCASH_OPERATE":-71431000,"NETCASH_INVEST":-21097000,"NETCASH_FINANCE":null,"END_CASH":940680000,"DIVI_RATIO":0.469612503394,"DIVIDEND_RATE":0.826446280992,"CURRENT_RATIO":1.251256532631,"COMMON_ACS":2000000000,"CURRENTDEBT_DEBT":87.275033488381,"ISSUED_COMMON_SHARES":1141920731,"HK_COMMON_SHARES":1141920731,"PER_SHARES":2000,"TOTAL_MARKET_CAP":4145172253.53,"HKSK_MARKET_CAP":4145172253.53,"PE_TTM":14.549430215791,"PB_TTM":1.771654495265,"REPORT_DATE_SQ":"2021-06-30 00:00:00","REPORT_TYPE_SQ":"2021年中报","OPERATE_INCOME_SQ":1263213099.12,"DPS_HKD":0.03,"OPERATE_INCOME_QOQ_SQ":9.234248902278,"NET_PROFIT_RATIO_SQ":1.2954676746,"HOLDER_PROFIT_SQ":15782061.36,"HOLDER_PROFIT_QOQ_SQ":45.880953633928,"ROE_AVG_SQ":0.947742970627,"PE_TTM_SQ":16.289108765515,"PB_TTM_SQ":1.2275851986,"ROA_SQ":0.438628187856,"START_DATE":"2022-01-01 00:00:00","FISCAL_YEAR":"12-31","CURRENCY":"HKD","IS_CNY_CODE":0,"DPS_HKD_LY":null,"ORG_TYPE":"一般企业","PREMIUM_INCOME":null,"PREMIUM_INCOME_YOY":null,"NET_INTEREST_INCOME":null,"NET_INTEREST_INCOME_YOY":null,"FEE_COMMISSION_INCOME":null,"FEE_COMMISSION_INCOME_YOY":null,"ACCOUNTS_RECE_TDAYS":2.799872075078,"INVENTORY_TDAYS":892.126399601891,"CURRENT_ASSETS_TDAYS":0.837056524046,"TOTAL_ASSETS_TDAYS":0.515881677897,"PREMIUM_EXPENSE":null,"LOAN_DEPOSIT":null,"LOAN_EQUITY":null,"LOAN_ASSETS":null,"DEPOSIT_EQUITY":null,"DEPOSIT_ASSETS":null,"EQUITY_MULTIPLIER":2.404520292531,"EQUITY_RATIO":1.430269291757},{"SECUCODE":"00596.HK","SECURITY_CODE":"00596","SECURITY_NAME_ABBR":"浪潮数字企业","ORG_CODE":"10010739","STD_REPORT_DATE":"2021-12-31 00:00:00","REPORT_DATE":"2021-12-31 00:00:00","DATE_TYPE_CODE":"001","REPORT_TYPE":"2021年年报","PER_NETCASH_OPERATE":0.076117972851,"PER_OI":2.846433129516,"BPS":1.508752846698,"BASIC_EPS":0.0472,"DILUTED_EPS":0.047,"OPERATE_INCOME":3250401000,"OPERATE_INCOME_YOY":53.1561943874,"GROSS_PROFIT":1030789000,"GROSS_PROFIT_YOY":63.311545667598,"HOLDER_PROFIT":53761000,"HOLDER_PROFIT_YOY":141.2425816968,"GROSS_PROFIT_RATIO":31.712685538997,"EPS_TTM":0.046373739405,"OPERATE_INCOME_QOQ":36.204123187341,"NET_PROFIT_RATIO":1.6156765082,"ROE_AVG":3.181712118644,"GROSS_PROFIT_QOQ":44.274738171309,"ROA":1.450082971908,"HOLDER_PROFIT_QOQ":174.030421687205,"ROE_YEARLY":3.181712118644,"ROIC_YEARLY":1.980470492078,"TOTAL_ASSETS":3895514000,"TOTAL_LIABILITIES":2138816000,"TAX_EBT":-5.14786857017,"OCF_SALES":2.7149351311,"TOTAL_PARENT_EQUITY":1719157000,"DEBT_ASSET_RATIO":54.9045577109,"OPERATE_PROFIT":61181000,"PRETAX_PROFIT":49943000,"NETCASH_OPERATE":88102000,"NETCASH_INVEST":89880000,"NETCASH_FINANCE":-12373000,"END_CASH":1033139000,"DIVI_RATIO":0.586249898091,"DIVIDEND_RATE":0.826446280992,"CURRENT_RATIO":1.255154468032,"COMMON_ACS":2000000000,"CURRENTDEBT_DEBT":86.164681767857,"ISSUED_COMMON_SHARES":1141920731,"HK_COMMON_SHARES":1141920731,"PER_SHARES":2000,"TOTAL_MARKET_CAP":4145172253.53,"HKSK_MARKET_CAP":4145172253.53,"PE_TTM":14.549430215791,"PB_TTM":1.771654495265,"REPORT_DATE_SQ":"2020-12-31 00:00:00","REPORT_TYPE_SQ":"2020年年报","OPERATE_INCOME_SQ":2151863070,"DPS_HKD":0.03,"OPERATE_INCOME_QOQ_SQ":-11.680063555614,"NET_PROFIT_RATIO_SQ":-6.5123301066,"HOLDER_PROFIT_SQ":-132174512.16,"HOLDER_PROFIT_QOQ_SQ":-453.16089514168,"ROE_AVG_SQ":-7.871852078715,"PE_TTM_SQ":16.289108765515,"PB_TTM_SQ":1.2275851986,"ROA_SQ":-3.822827742107,"START_DATE":"2021-01-01 00:00:00","FISCAL_YEAR":"12-31","CURRENCY":"HKD","IS_CNY_CODE":0,"DPS_HKD_LY":null,"ORG_TYPE":"一般企业","PREMIUM_INCOME":null,"PREMIUM_INCOME_YOY":null,"NET_INTEREST_INCOME":null,"NET_INTEREST_INCOME_YOY":null,"FEE_COMMISSION_INCOME":null,"FEE_COMMISSION_INCOME_YOY":null,"ACCOUNTS_RECE_TDAYS":6.884495592878,"INVENTORY_TDAYS":1612.30569791981,"CURRENT_ASSETS_TDAYS":1.576186818072,"TOTAL_ASSETS_TDAYS":0.876694923982,"PREMIUM_EXPENSE":null,"LOAN_DEPOSIT":null,"LOAN_EQUITY":null,"LOAN_ASSETS":null,"DEPOSIT_EQUITY":null,"DEPOSIT_ASSETS":null,"EQUITY_MULTIPLIER":2.217518998016,"EQUITY_RATIO":1.244107431724},{"SECUCODE":"00596.HK","SECURITY_CODE":"00596","SECURITY_NAME_ABBR":"浪潮数字企业","ORG_CODE":"10010739","STD_REPORT_DATE":"2021-06-30 00:00:00","REPORT_DATE":"2021-06-30 00:00:00","DATE_TYPE_CODE":"002","REPORT_TYPE":"2021年中报","PER_NETCASH_OPERATE":-0.035962385094,"PER_OI":1.109131711046,"BPS":1.485364445529,"BASIC_EPS":0.013895736,"DILUTED_EPS":0.013812528,"OPERATE_INCOME":1263213099.12,"OPERATE_INCOME_YOY":30.2698690556,"GROSS_PROFIT":428874001.92,"GROSS_PROFIT_YOY":20.36105637383,"HOLDER_PROFIT":15782061.36,"HOLDER_PROFIT_YOY":138.6198892328,"GROSS_PROFIT_RATIO":33.951041373682,"EPS_TTM":-0.062806465431,"OPERATE_INCOME_QOQ":9.234248902278,"NET_PROFIT_RATIO":1.2954676746,"ROE_AVG":0.947742970627,"GROSS_PROFIT_QOQ":11.494528193024,"ROA":0.438628187856,"HOLDER_PROFIT_QOQ":45.880953633928,"ROE_YEARLY":1.895485941255,"ROIC_YEARLY":1.177389673646,"TOTAL_ASSETS":3736087460.64,"TOTAL_LIABILITIES":2000331137.04,"TAX_EBT":11.373980442522,"OCF_SALES":-3.242390848269,"TOTAL_PARENT_EQUITY":1696168453.44,"DEBT_ASSET_RATIO":53.5408005865,"OPERATE_PROFIT":8586233.52,"PRETAX_PROFIT":18464687.28,"NETCASH_OPERATE":-40958305.92,"NETCASH_INVEST":58915424.4,"NETCASH_FINANCE":null,"END_CASH":896150160,"DIVI_RATIO":-0.432863078881,"DIVIDEND_RATE":0.826446280992,"CURRENT_RATIO":1.22465996071,"COMMON_ACS":2000000000,"CURRENTDEBT_DEBT":86.560929579,"ISSUED_COMMON_SHARES":1141920731,"HK_COMMON_SHARES":1141920731,"PER_SHARES":2000,"TOTAL_MARKET_CAP":4145172253.53,"HKSK_MARKET_CAP":4145172253.53,"PE_TTM":14.549430215791,"PB_TTM":1.771654495265,"REPORT_DATE_SQ":"2020-06-30 00:00:00","REPORT_TYPE_SQ":"2020年中报","OPERATE_INCOME_SQ":1064504707.2,"DPS_HKD":0.03,"OPERATE_INCOME_QOQ_SQ":-6.13536382197,"NET_PROFIT_RATIO_SQ":-4.5396351405,"HOLDER_PROFIT_SQ":-44860865.28,"HOLDER_PROFIT_QOQ_SQ":-79.424447664281,"ROE_AVG_SQ":-2.475894910582,"PE_TTM_SQ":16.289108765515,"PB_TTM_SQ":1.2275851986,"ROA_SQ":-1.231796409476,"START_DATE":"2021-01-01 00:00:00","FISCAL_YEAR":"12-31","CURRENCY":"HKD","IS_CNY_CODE":0,"DPS_HKD_LY":null,"ORG_TYPE":"一般企业","PREMIUM_INCOME":null,"PREMIUM_INCOME_YOY":null,"NET_INTEREST_INCOME":null,"NET_INTEREST_INCOME_YOY":null,"FEE_COMMISSION_INCOME":null,"FEE_COMMISSION_INCOME_YOY":null,"ACCOUNTS_RECE_TDAYS":3.842772111319,"INVENTORY_TDAYS":789.228650137741,"CURRENT_ASSETS_TDAYS":0.648516835118,"TOTAL_ASSETS_TDAYS":0.351082700735,"PREMIUM_EXPENSE":null,"LOAN_DEPOSIT":null,"LOAN_EQUITY":null,"LOAN_ASSETS":null,"DEPOSIT_EQUITY":null,"DEPOSIT_ASSETS":null,"EQUITY_MULTIPLIER":2.152426242002,"EQUITY_RATIO":1.179323393843},{"SECUCODE":"00596.HK","SECURITY_CODE":"00596","SECURITY_NAME_ABBR":"浪潮数字企业","ORG_CODE":"10010739","STD_REPORT_DATE":"2020-12-31 00:00:00","REPORT_DATE":"2020-12-31 00:00:00","DATE_TYPE_CODE":"001","REPORT_TYPE":"2020年年报","PER_NETCASH_OPERATE":0.062136420766,"PER_OI":1.889387919132,"BPS":1.447613682179,"BASIC_EPS":-0.116062156,"DILUTED_EPS":-0.116062156,"OPERATE_INCOME":2151863070,"OPERATE_INCOME_YOY":-11.7660456901,"GROSS_PROFIT":631179501.6,"GROSS_PROFIT_YOY":-31.89209515583,"HOLDER_PROFIT":-132174512.16,"HOLDER_PROFIT_YOY":-177.3390984886,"GROSS_PROFIT_RATIO":29.331768847169,"EPS_TTM":-0.116052424512,"OPERATE_INCOME_QOQ":-11.680063555614,"NET_PROFIT_RATIO":-6.5123301066,"ROE_AVG":-7.871852078715,"GROSS_PROFIT_QOQ":-24.105256636567,"ROA":-3.822827742107,"HOLDER_PROFIT_QOQ":-453.16089514168,"ROE_YEARLY":-7.871852078715,"ROIC_YEARLY":-5.003980554945,"TOTAL_ASSETS":3499765521.16,"TOTAL_LIABILITIES":1807710582.52,"TAX_EBT":-11.741651454955,"OCF_SALES":3.288706365503,"TOTAL_PARENT_EQUITY":1653060074.16,"DEBT_ASSET_RATIO":51.6523341804,"OPERATE_PROFIT":-144494438.48,"PRETAX_PROFIT":-125411093.12,"NETCASH_OPERATE":70768457.76,"NETCASH_INVEST":86630846.84,"NETCASH_FINANCE":-9829513.56,"END_CASH":869979702.08,"DIVI_RATIO":-0.234261370361,"DIVIDEND_RATE":0.826446280992,"CURRENT_RATIO":1.186062064978,"COMMON_ACS":2000000000,"CURRENTDEBT_DEBT":83.747275755258,"ISSUED_COMMON_SHARES":1141920731,"HK_COMMON_SHARES":1141920731,"PER_SHARES":2000,"TOTAL_MARKET_CAP":4145172253.53,"HKSK_MARKET_CAP":4145172253.53,"PE_TTM":14.549430215791,"PB_TTM":1.771654495265,"REPORT_DATE_SQ":"2019-12-31 00:00:00","REPORT_TYPE_SQ":"2019年年报","OPERATE_INCOME_SQ":2595696331.32,"DPS_HKD":0.03,"OPERATE_INCOME_QOQ_SQ":7.098135255658,"NET_PROFIT_RATIO_SQ":6.5880317245,"HOLDER_PROFIT_SQ":181896191.02,"HOLDER_PROFIT_QOQ_SQ":-32.453870282047,"ROE_AVG_SQ":9.954211675349,"PE_TTM_SQ":16.289108765515,"PB_TTM_SQ":1.2275851986,"ROA_SQ":5.247311727926,"START_DATE":"2020-01-01 00:00:00","FISCAL_YEAR":"12-31","CURRENCY":"HKD","IS_CNY_CODE":0,"DPS_HKD_LY":null,"ORG_TYPE":"一般企业","PREMIUM_INCOME":null,"PREMIUM_INCOME_YOY":null,"NET_INTEREST_INCOME":null,"NET_INTEREST_INCOME_YOY":null,"FEE_COMMISSION_INCOME":null,"FEE_COMMISSION_INCOME_YOY":null,"ACCOUNTS_RECE_TDAYS":7.022061095433,"INVENTORY_TDAYS":1710.99431818182,"CURRENT_ASSETS_TDAYS":1.251894305699,"TOTAL_ASSETS_TDAYS":0.622374291895,"PREMIUM_EXPENSE":null,"LOAN_DEPOSIT":null,"LOAN_EQUITY":null,"LOAN_ASSETS":null,"DEPOSIT_EQUITY":null,"DEPOSIT_ASSETS":null,"EQUITY_MULTIPLIER":2.068352180085,"EQUITY_RATIO":1.093554076332},{"SECUCODE":"00596.HK","SECURITY_CODE":"00596","SECURITY_NAME_ABBR":"浪潮数字企业","ORG_CODE":"10010739","STD_REPORT_DATE":"2020-06-30 00:00:00","REPORT_DATE":"2020-06-30 00:00:00","DATE_TYPE_CODE":"002","REPORT_TYPE":"2020年中报","PER_NETCASH_OPERATE":-0.131610280716,"PER_OI":0.934660927864,"BPS":1.552869403577,"BASIC_EPS":-0.039369264,"DILUTED_EPS":-0.039186576,"OPERATE_INCOME":1064504707.2,"OPERATE_INCOME_YOY":-16.2304643416,"GROSS_PROFIT":356322896.16,"GROSS_PROFIT_YOY":-21.063823001066,"HOLDER_PROFIT":-44860865.28,"HOLDER_PROFIT_YOY":-143.3713659967,"GROSS_PROFIT_RATIO":33.473116065146,"EPS_TTM":0.032861063076,"OPERATE_INCOME_QOQ":-6.13536382197,"NET_PROFIT_RATIO":-4.5396351405,"ROE_AVG":-2.475894910582,"GROSS_PROFIT_QOQ":-10.260049871932,"ROA":-1.231796409476,"HOLDER_PROFIT_QOQ":-79.424447664281,"ROE_YEARLY":-4.951789821164,"ROIC_YEARLY":-3.017748443336,"TOTAL_ASSETS":3577210987.68,"TOTAL_LIABILITIES":1760430893.76,"TAX_EBT":7.558972566836,"OCF_SALES":-14.081072268273,"TOTAL_PARENT_EQUITY":1773253764.48,"DEBT_ASSET_RATIO":49.2123864045,"OPERATE_PROFIT":-61884646.56,"PRETAX_PROFIT":-52276171.2,"NETCASH_OPERATE":-149893677.12,"NETCASH_INVEST":-65737536.48,"NETCASH_FINANCE":303262.08,"END_CASH":509050977.6,"DIVI_RATIO":0.827319552538,"DIVIDEND_RATE":0.826446280992,"CURRENT_RATIO":1.125800680624,"COMMON_ACS":2000000000,"CURRENTDEBT_DEBT":85.444056673381,"ISSUED_COMMON_SHARES":1141920731,"HK_COMMON_SHARES":1141920731,"PER_SHARES":2000,"TOTAL_MARKET_CAP":4145172253.53,"HKSK_MARKET_CAP":4145172253.53,"PE_TTM":14.549430215791,"PB_TTM":1.771654495265,"REPORT_DATE_SQ":"2019-06-30 00:00:00","REPORT_TYPE_SQ":"2019年中报","OPERATE_INCOME_SQ":1223760120.84,"DPS_HKD":0.03,"OPERATE_INCOME_QOQ_SQ":13.243563666584,"NET_PROFIT_RATIO_SQ":8.0278958635,"HOLDER_PROFIT_SQ":99609179.76,"HOLDER_PROFIT_QOQ_SQ":-5.15058306553,"ROE_AVG_SQ":5.386888239052,"PE_TTM_SQ":16.289108765515,"PB_TTM_SQ":1.2275851986,"ROA_SQ":3.038785194389,"START_DATE":"2020-01-01 00:00:00","FISCAL_YEAR":"12-31","CURRENCY":"HKD","IS_CNY_CODE":0,"DPS_HKD_LY":null,"ORG_TYPE":"一般企业","PREMIUM_INCOME":null,"PREMIUM_INCOME_YOY":null,"NET_INTEREST_INCOME":null,"NET_INTEREST_INCOME_YOY":null,"FEE_COMMISSION_INCOME":null,"FEE_COMMISSION_INCOME_YOY":null,"ACCOUNTS_RECE_TDAYS":3.339738381715,"INVENTORY_TDAYS":43.528774352928,"CURRENT_ASSETS_TDAYS":0.612543534228,"TOTAL_ASSETS_TDAYS":0.292293309105,"PREMIUM_EXPENSE":null,"LOAN_DEPOSIT":null,"LOAN_EQUITY":null,"LOAN_ASSETS":null,"DEPOSIT_EQUITY":null,"DEPOSIT_ASSETS":null,"EQUITY_MULTIPLIER":1.968984028201,"EQUITY_RATIO":0.9927687334}],"count":54},"success":true,"message":"ok","code":0}