{"version":"efd1a98baf2ae74a0c1171d1b4607f7e","result":{"pages":6,"data":[{"SECUCODE":"00593.HK","SECURITY_CODE":"00593","SECURITY_NAME_ABBR":"梦东方","ORG_CODE":"10008988","STD_REPORT_DATE":"2023-06-30 00:00:00","REPORT_DATE":"2023-06-30 00:00:00","DATE_TYPE_CODE":"002","REPORT_TYPE":"2023年中报","PER_NETCASH_OPERATE":-0.036747974948,"PER_OI":0.02726629339,"BPS":-2.283932326823,"BASIC_EPS":-1.2170136,"DILUTED_EPS":-1.2170136,"OPERATE_INCOME":7784277.14,"OPERATE_INCOME_YOY":24.4179192455,"GROSS_PROFIT":5015571.2,"GROSS_PROFIT_YOY":106.363893158583,"HOLDER_PROFIT":-347270220.86,"HOLDER_PROFIT_YOY":-1911.1971379752,"GROSS_PROFIT_RATIO":64.432073907379,"EPS_TTM":-3.987748529975,"OPERATE_INCOME_QOQ":8.843704322421,"NET_PROFIT_RATIO":-4480.1018595286,"ROE_AVG":32.130608303473,"GROSS_PROFIT_QOQ":15.674579331193,"ROA":-5.114126818619,"HOLDER_PROFIT_QOQ":-41.036857481334,"ROE_YEARLY":64.261216606946,"ROIC_YEARLY":-10.44782008614,"TOTAL_ASSETS":6405096477.8,"TOTAL_LIABILITIES":7514618273.56,"TAX_EBT":null,"OCF_SALES":-134.774369300012,"TOTAL_PARENT_EQUITY":-1246561215.04,"DEBT_ASSET_RATIO":117.3224837378,"OPERATE_PROFIT":-130940521.58,"PRETAX_PROFIT":-348743544.9,"NETCASH_OPERATE":-10491210.42,"NETCASH_INVEST":1742542.2,"NETCASH_FINANCE":7304847.54,"END_CASH":1827364.36,"DIVI_RATIO":null,"DIVIDEND_RATE":null,"CURRENT_RATIO":0.554702050691,"COMMON_ACS":3000000000,"CURRENTDEBT_DEBT":94.194739919725,"ISSUED_COMMON_SHARES":545796038,"HK_COMMON_SHARES":545796038,"PER_SHARES":500,"TOTAL_MARKET_CAP":103701247.22,"HKSK_MARKET_CAP":103701247.22,"PE_TTM":-0.082198980349,"PB_TTM":-0.076699382877,"REPORT_DATE_SQ":"2022-06-30 00:00:00","REPORT_TYPE_SQ":"2022年中报","OPERATE_INCOME_SQ":5803319.34,"DPS_HKD":null,"OPERATE_INCOME_QOQ_SQ":-59.867649687274,"NET_PROFIT_RATIO_SQ":-415.7235484822,"HOLDER_PROFIT_SQ":-16015998.32,"HOLDER_PROFIT_QOQ_SQ":50.321451948435,"ROE_AVG_SQ":16.691994028387,"PE_TTM_SQ":-0.094745140507,"PB_TTM_SQ":-0.08840613079,"ROA_SQ":-0.205676034766,"START_DATE":"2023-01-01 00:00:00","FISCAL_YEAR":"12-31","CURRENCY":"HKD","IS_CNY_CODE":0,"DPS_HKD_LY":null,"ORG_TYPE":"一般企业","PREMIUM_INCOME":null,"PREMIUM_INCOME_YOY":null,"NET_INTEREST_INCOME":null,"NET_INTEREST_INCOME_YOY":null,"FEE_COMMISSION_INCOME":null,"FEE_COMMISSION_INCOME_YOY":null,"ACCOUNTS_RECE_TDAYS":0.545642550166,"INVENTORY_TDAYS":0.000809029992,"CURRENT_ASSETS_TDAYS":0.00184160496,"TOTAL_ASSETS_TDAYS":0.001146363209,"PREMIUM_EXPENSE":null,"LOAN_DEPOSIT":null,"LOAN_EQUITY":null,"LOAN_ASSETS":null,"DEPOSIT_EQUITY":null,"DEPOSIT_ASSETS":null,"EQUITY_MULTIPLIER":-5.772844212969,"EQUITY_RATIO":-6.028278581825},{"SECUCODE":"00593.HK","SECURITY_CODE":"00593","SECURITY_NAME_ABBR":"梦东方","ORG_CODE":"10008988","STD_REPORT_DATE":"2022-12-31 00:00:00","REPORT_DATE":"2022-12-31 00:00:00","DATE_TYPE_CODE":"001","REPORT_TYPE":"2022年年报","PER_NETCASH_OPERATE":-0.07232433688,"PER_OI":0.078460093948,"BPS":-1.624344237233,"BASIC_EPS":-2.8316659,"DILUTED_EPS":-2.8316659,"OPERATE_INCOME":22399638.52,"OPERATE_INCOME_YOY":-51.0310888924,"GROSS_PROFIT":16492444.01,"GROSS_PROFIT_YOY":92.478778070428,"HOLDER_PROFIT":-807211474.93,"HOLDER_PROFIT_YOY":-4.9975135015,"GROSS_PROFIT_RATIO":73.628170362099,"EPS_TTM":-2.827451349377,"OPERATE_INCOME_QOQ":33.311531705597,"NET_PROFIT_RATIO":-3631.8352209284,"ROE_AVG":168.209447668331,"GROSS_PROFIT_QOQ":89.825528563138,"ROA":-10.66703259896,"HOLDER_PROFIT_QOQ":-130.914915406049,"ROE_YEARLY":168.209447668331,"ROIC_YEARLY":-10.899518871214,"TOTAL_ASSETS":6952276639.77,"TOTAL_LIABILITIES":7700027597.15,"TAX_EBT":16.418199472474,"OCF_SALES":-92.179773488595,"TOTAL_PARENT_EQUITY":-886560649.03,"DEBT_ASSET_RATIO":110.7554833636,"OPERATE_PROFIT":-635713460.9,"PRETAX_PROFIT":-973319497.78,"NETCASH_OPERATE":-20647936.05,"NETCASH_INVEST":-886123.84,"NETCASH_FINANCE":17639402.69,"END_CASH":3168428.69,"DIVI_RATIO":null,"DIVIDEND_RATE":null,"CURRENT_RATIO":0.601280234354,"COMMON_ACS":3000000000,"CURRENTDEBT_DEBT":94.741802391983,"ISSUED_COMMON_SHARES":545796038,"HK_COMMON_SHARES":545796038,"PER_SHARES":500,"TOTAL_MARKET_CAP":103701247.22,"HKSK_MARKET_CAP":103701247.22,"PE_TTM":-0.082198980349,"PB_TTM":-0.076699382877,"REPORT_DATE_SQ":"2021-12-31 00:00:00","REPORT_TYPE_SQ":"2021年年报","OPERATE_INCOME_SQ":41867660.8,"DPS_HKD":null,"OPERATE_INCOME_QOQ_SQ":14.456527317327,"NET_PROFIT_RATIO_SQ":-1689.0485861584,"HOLDER_PROFIT_SQ":-703665804.8,"HOLDER_PROFIT_QOQ_SQ":57.731513411623,"ROE_AVG_SQ":-255.676497849181,"PE_TTM_SQ":-0.076574839588,"PB_TTM_SQ":-0.071451530364,"ROA_SQ":-9.452722193168,"START_DATE":"2022-01-01 00:00:00","FISCAL_YEAR":"12-31","CURRENCY":"HKD","IS_CNY_CODE":0,"DPS_HKD_LY":null,"ORG_TYPE":"一般企业","PREMIUM_INCOME":null,"PREMIUM_INCOME_YOY":null,"NET_INTEREST_INCOME":null,"NET_INTEREST_INCOME_YOY":null,"FEE_COMMISSION_INCOME":null,"FEE_COMMISSION_INCOME_YOY":null,"ACCOUNTS_RECE_TDAYS":2.36398774452,"INVENTORY_TDAYS":0.001646091969,"CURRENT_ASSETS_TDAYS":0.005098126638,"TOTAL_ASSETS_TDAYS":0.002960038128,"PREMIUM_EXPENSE":null,"LOAN_DEPOSIT":null,"LOAN_EQUITY":null,"LOAN_ASSETS":null,"DEPOSIT_EQUITY":null,"DEPOSIT_ASSETS":null,"EQUITY_MULTIPLIER":-9.297583067111,"EQUITY_RATIO":-8.685280139125},{"SECUCODE":"00593.HK","SECURITY_CODE":"00593","SECURITY_NAME_ABBR":"梦东方","ORG_CODE":"10008988","STD_REPORT_DATE":"2022-06-30 00:00:00","REPORT_DATE":"2022-06-30 00:00:00","DATE_TYPE_CODE":"002","REPORT_TYPE":"2022年中报","PER_NETCASH_OPERATE":0.016250628807,"PER_OI":0.02032751467,"BPS":-0.223183020632,"BASIC_EPS":-0.0598633,"DILUTED_EPS":-0.0598633,"OPERATE_INCOME":5803319.34,"OPERATE_INCOME_YOY":-81.7079087821,"GROSS_PROFIT":2430449.98,"GROSS_PROFIT_YOY":5.183041387152,"HOLDER_PROFIT":-16015998.32,"HOLDER_PROFIT_YOY":95.789587277,"GROSS_PROFIT_RATIO":41.880341880342,"EPS_TTM":-1.224455918928,"OPERATE_INCOME_QOQ":-59.867649687274,"NET_PROFIT_RATIO":-415.7235484822,"ROE_AVG":16.691994028387,"GROSS_PROFIT_QOQ":1.397730604189,"ROA":-0.205676034766,"HOLDER_PROFIT_QOQ":50.321451948435,"ROE_YEARLY":33.383988056775,"ROIC_YEARLY":-0.420252687924,"TOTAL_ASSETS":7740401657.1,"TOTAL_LIABILITIES":7710322059.23,"TAX_EBT":13.431324413895,"OCF_SALES":79.944002357796,"TOTAL_PARENT_EQUITY":-121812408.41,"DEBT_ASSET_RATIO":99.6113948707,"OPERATE_PROFIT":-27572180.79,"PRETAX_PROFIT":-27868931.72,"NETCASH_OPERATE":4639405.75,"NETCASH_INVEST":584094.77,"NETCASH_FINANCE":-6891121.02,"END_CASH":4818140.46,"DIVI_RATIO":null,"DIVIDEND_RATE":null,"CURRENT_RATIO":0.563402462526,"COMMON_ACS":3000000000,"CURRENTDEBT_DEBT":93.163978772209,"ISSUED_COMMON_SHARES":545796038,"HK_COMMON_SHARES":545796038,"PER_SHARES":500,"TOTAL_MARKET_CAP":103701247.22,"HKSK_MARKET_CAP":103701247.22,"PE_TTM":-0.082198980349,"PB_TTM":-0.076699382877,"REPORT_DATE_SQ":"2021-06-30 00:00:00","REPORT_TYPE_SQ":"2021年中报","OPERATE_INCOME_SQ":30868503.84,"DPS_HKD":null,"OPERATE_INCOME_QOQ_SQ":129.315706411779,"NET_PROFIT_RATIO_SQ":-1208.6527575611,"HOLDER_PROFIT_SQ":-370110848.16,"HOLDER_PROFIT_QOQ_SQ":-12.058858025684,"ROE_AVG_SQ":-82.644615814816,"PE_TTM_SQ":-0.076574839588,"PB_TTM_SQ":-0.071451530364,"ROA_SQ":-4.899269414053,"START_DATE":"2022-01-01 00:00:00","FISCAL_YEAR":"12-31","CURRENCY":"HKD","IS_CNY_CODE":0,"DPS_HKD_LY":null,"ORG_TYPE":"一般企业","PREMIUM_INCOME":null,"PREMIUM_INCOME_YOY":null,"NET_INTEREST_INCOME":null,"NET_INTEREST_INCOME_YOY":null,"FEE_COMMISSION_INCOME":null,"FEE_COMMISSION_INCOME_YOY":null,"ACCOUNTS_RECE_TDAYS":1.110002453586,"INVENTORY_TDAYS":0.000940182554,"CURRENT_ASSETS_TDAYS":0.001405091126,"TOTAL_ASSETS_TDAYS":0.00074525714,"PREMIUM_EXPENSE":null,"LOAN_DEPOSIT":null,"LOAN_EQUITY":null,"LOAN_ASSETS":null,"DEPOSIT_EQUITY":null,"DEPOSIT_ASSETS":null,"EQUITY_MULTIPLIER":257.330622938846,"EQUITY_RATIO":-63.296688406967},{"SECUCODE":"00593.HK","SECURITY_CODE":"00593","SECURITY_NAME_ABBR":"梦东方","ORG_CODE":"10008988","STD_REPORT_DATE":"2021-12-31 00:00:00","REPORT_DATE":"2021-12-31 00:00:00","DATE_TYPE_CODE":"001","REPORT_TYPE":"2021年年报","PER_NETCASH_OPERATE":-0.030250738163,"PER_OI":0.146651500506,"BPS":-0.12276971787,"BASIC_EPS":-2.460976,"DILUTED_EPS":-2.460976,"OPERATE_INCOME":41867660.8,"OPERATE_INCOME_YOY":170.184139714,"GROSS_PROFIT":8568448,"GROSS_PROFIT_YOY":25.671606133676,"HOLDER_PROFIT":-703665804.8,"HOLDER_PROFIT_YOY":51.241720166,"GROSS_PROFIT_RATIO":20.46555225746,"EPS_TTM":-2.4647578622,"OPERATE_INCOME_QOQ":14.456527317327,"NET_PROFIT_RATIO":-1689.0485861584,"ROE_AVG":-255.676497849181,"GROSS_PROFIT_QOQ":66.500052252011,"ROA":-9.452722193168,"HOLDER_PROFIT_QOQ":57.731513411623,"ROE_YEARLY":-255.676497849181,"ROIC_YEARLY":-9.669764934788,"TOTAL_ASSETS":7489276502.4,"TOTAL_LIABILITIES":7397433859.2,"TAX_EBT":-2.708280639006,"OCF_SALES":-20.627636306827,"TOTAL_PARENT_EQUITY":-67007225.6,"DEBT_ASSET_RATIO":98.7736780292,"OPERATE_PROFIT":-199236856,"PRETAX_PROFIT":-688518129.6,"NETCASH_OPERATE":-8636308.8,"NETCASH_INVEST":2232865.6,"NETCASH_FINANCE":3743790.4,"END_CASH":6674886.4,"DIVI_RATIO":null,"DIVIDEND_RATE":null,"CURRENT_RATIO":0.584473804621,"COMMON_ACS":3000000000,"CURRENTDEBT_DEBT":93.166703913529,"ISSUED_COMMON_SHARES":545796038,"HK_COMMON_SHARES":545796038,"PER_SHARES":500,"TOTAL_MARKET_CAP":103701247.22,"HKSK_MARKET_CAP":103701247.22,"PE_TTM":-0.082198980349,"PB_TTM":-0.076699382877,"REPORT_DATE_SQ":"2020-12-31 00:00:00","REPORT_TYPE_SQ":"2020年年报","OPERATE_INCOME_SQ":15951602.92,"DPS_HKD":null,"OPERATE_INCOME_QOQ_SQ":-81.021140553093,"NET_PROFIT_RATIO_SQ":-9508.4683163615,"HOLDER_PROFIT_SQ":-1485605696.48,"HOLDER_PROFIT_QOQ_SQ":-294.408573626645,"ROE_AVG_SQ":-110.856672727216,"PE_TTM_SQ":-0.076574839588,"PB_TTM_SQ":-0.071451530364,"ROA_SQ":-18.189717446705,"START_DATE":"2021-01-01 00:00:00","FISCAL_YEAR":"12-31","CURRENCY":"HKD","IS_CNY_CODE":0,"DPS_HKD_LY":null,"ORG_TYPE":"一般企业","PREMIUM_INCOME":null,"PREMIUM_INCOME_YOY":null,"NET_INTEREST_INCOME":null,"NET_INTEREST_INCOME_YOY":null,"FEE_COMMISSION_INCOME":null,"FEE_COMMISSION_INCOME_YOY":null,"ACCOUNTS_RECE_TDAYS":18.220245507917,"INVENTORY_TDAYS":0.009595891353,"CURRENT_ASSETS_TDAYS":0.010462044698,"TOTAL_ASSETS_TDAYS":0.005624308638,"PREMIUM_EXPENSE":null,"LOAN_DEPOSIT":null,"LOAN_EQUITY":null,"LOAN_ASSETS":null,"DEPOSIT_EQUITY":null,"DEPOSIT_ASSETS":null,"EQUITY_MULTIPLIER":81.544653346432,"EQUITY_RATIO":-110.397554785495},{"SECUCODE":"00593.HK","SECURITY_CODE":"00593","SECURITY_NAME_ABBR":"梦东方","ORG_CODE":"10008988","STD_REPORT_DATE":"2021-06-30 00:00:00","REPORT_DATE":"2021-06-30 00:00:00","DATE_TYPE_CODE":"002","REPORT_TYPE":"2021年中报","PER_NETCASH_OPERATE":-0.015928066625,"PER_OI":0.108124321255,"BPS":0.489727913049,"BASIC_EPS":-1.29638064,"DILUTED_EPS":-1.29638064,"OPERATE_INCOME":30868503.84,"OPERATE_INCOME_YOY":230.9071447685,"GROSS_PROFIT":2310686.16,"GROSS_PROFIT_YOY":-41.980437696153,"HOLDER_PROFIT":-370110848.16,"HOLDER_PROFIT_YOY":-112.7628432029,"GROSS_PROFIT_RATIO":7.485578737398,"EPS_TTM":-5.831194966129,"OPERATE_INCOME_QOQ":129.315706411779,"NET_PROFIT_RATIO":-1208.6527575611,"ROE_AVG":-82.644615814816,"GROSS_PROFIT_QOQ":-24.521581564754,"ROA":-4.899269414053,"HOLDER_PROFIT_QOQ":-12.058858025684,"ROE_YEARLY":-165.289231629632,"ROIC_YEARLY":-10.025107733362,"TOTAL_ASSETS":7578949091.04,"TOTAL_LIABILITIES":7150809815.76,"TAX_EBT":0.756522739949,"OCF_SALES":-14.731252358618,"TOTAL_PARENT_EQUITY":267291554.64,"DEBT_ASSET_RATIO":94.3509414018,"OPERATE_PROFIT":-138801761.04,"PRETAX_PROFIT":-375937072.32,"NETCASH_OPERATE":-4547317.2,"NETCASH_INVEST":-13254202.32,"NETCASH_FINANCE":17602652.4,"END_CASH":8980639.44,"DIVI_RATIO":null,"DIVIDEND_RATE":null,"CURRENT_RATIO":0.613649062066,"COMMON_ACS":3000000000,"CURRENTDEBT_DEBT":93.217454200347,"ISSUED_COMMON_SHARES":545796038,"HK_COMMON_SHARES":545796038,"PER_SHARES":500,"TOTAL_MARKET_CAP":103701247.22,"HKSK_MARKET_CAP":103701247.22,"PE_TTM":-0.082198980349,"PB_TTM":-0.076699382877,"REPORT_DATE_SQ":"2020-06-30 00:00:00","REPORT_TYPE_SQ":"2020年中报","OPERATE_INCOME_SQ":10240575.84,"DPS_HKD":null,"OPERATE_INCOME_QOQ_SQ":-21.808624824733,"NET_PROFIT_RATIO_SQ":-1870.653822139,"HOLDER_PROFIT_SQ":-190963766.4,"HOLDER_PROFIT_QOQ_SQ":-110.44290116936,"ROE_AVG_SQ":-8.970551352502,"PE_TTM_SQ":-0.076574839588,"PB_TTM_SQ":-0.071451530364,"ROA_SQ":-2.078649532043,"START_DATE":"2021-01-01 00:00:00","FISCAL_YEAR":"12-31","CURRENCY":"HKD","IS_CNY_CODE":0,"DPS_HKD_LY":null,"ORG_TYPE":"一般企业","PREMIUM_INCOME":null,"PREMIUM_INCOME_YOY":null,"NET_INTEREST_INCOME":null,"NET_INTEREST_INCOME_YOY":null,"FEE_COMMISSION_INCOME":null,"FEE_COMMISSION_INCOME_YOY":null,"ACCOUNTS_RECE_TDAYS":10.853715623171,"INVENTORY_TDAYS":0.008113662672,"CURRENT_ASSETS_TDAYS":0.007587721913,"TOTAL_ASSETS_TDAYS":0.004086157363,"PREMIUM_EXPENSE":null,"LOAN_DEPOSIT":null,"LOAN_EQUITY":null,"LOAN_ASSETS":null,"DEPOSIT_EQUITY":null,"DEPOSIT_ASSETS":null,"EQUITY_MULTIPLIER":17.702064558485,"EQUITY_RATIO":26.752846065006},{"SECUCODE":"00593.HK","SECURITY_CODE":"00593","SECURITY_NAME_ABBR":"梦东方","ORG_CODE":"10008988","STD_REPORT_DATE":"2020-12-31 00:00:00","REPORT_DATE":"2020-12-31 00:00:00","DATE_TYPE_CODE":"001","REPORT_TYPE":"2020年年报","PER_NETCASH_OPERATE":0.694376740242,"PER_OI":0.055874306302,"BPS":1.164531041026,"BASIC_EPS":-5.203691792,"DILUTED_EPS":-5.203691792,"OPERATE_INCOME":15951602.92,"OPERATE_INCOME_YOY":-84.2055700928,"GROSS_PROFIT":6818125.64,"GROSS_PROFIT_YOY":-83.509080078337,"HOLDER_PROFIT":-1485605696.48,"HOLDER_PROFIT_YOY":-783.3963926091,"GROSS_PROFIT_RATIO":42.742573735029,"EPS_TTM":-5.203689443982,"OPERATE_INCOME_QOQ":-81.021140553093,"NET_PROFIT_RATIO":-9508.4683163615,"ROE_AVG":-110.856672727216,"GROSS_PROFIT_QOQ":-67.852384028691,"ROA":-18.189717446705,"HOLDER_PROFIT_QOQ":-294.408573626645,"ROE_YEARLY":-110.856672727216,"ROIC_YEARLY":-18.643127878016,"TOTAL_ASSETS":7616381622.92,"TOTAL_LIABILITIES":6816245416.24,"TAX_EBT":16.527092774643,"OCF_SALES":1242.7478499446,"TOTAL_PARENT_EQUITY":635596428.32,"DEBT_ASSET_RATIO":89.4945362996,"OPERATE_PROFIT":-1678921146.44,"PRETAX_PROFIT":-1817060361.28,"NETCASH_OPERATE":198238202.32,"NETCASH_INVEST":151724967.72,"NETCASH_FINANCE":-374303398.84,"END_CASH":9065304.44,"DIVI_RATIO":null,"DIVIDEND_RATE":null,"CURRENT_RATIO":0.683769004466,"COMMON_ACS":3000000000,"CURRENTDEBT_DEBT":87.80706838548,"ISSUED_COMMON_SHARES":545796038,"HK_COMMON_SHARES":545796038,"PER_SHARES":500,"TOTAL_MARKET_CAP":103701247.22,"HKSK_MARKET_CAP":103701247.22,"PE_TTM":-0.082198980349,"PB_TTM":-0.076699382877,"REPORT_DATE_SQ":"2019-12-31 00:00:00","REPORT_TYPE_SQ":"2019年年报","OPERATE_INCOME_SQ":107491808.44,"DPS_HKD":null,"OPERATE_INCOME_QOQ_SQ":10.1461169911,"NET_PROFIT_RATIO_SQ":-167.6452940882,"HOLDER_PROFIT_SQ":-178987593.36,"HOLDER_PROFIT_QOQ_SQ":-1029.47658252146,"ROE_AVG_SQ":-7.91344839092,"PE_TTM_SQ":-0.076574839588,"PB_TTM_SQ":-0.071451530364,"ROA_SQ":-1.898043565178,"START_DATE":"2020-01-01 00:00:00","FISCAL_YEAR":"12-31","CURRENCY":"HKD","IS_CNY_CODE":0,"DPS_HKD_LY":null,"ORG_TYPE":"一般企业","PREMIUM_INCOME":null,"PREMIUM_INCOME_YOY":null,"NET_INTEREST_INCOME":null,"NET_INTEREST_INCOME_YOY":null,"FEE_COMMISSION_INCOME":null,"FEE_COMMISSION_INCOME_YOY":null,"ACCOUNTS_RECE_TDAYS":7.674832962138,"INVENTORY_TDAYS":0.002363198218,"CURRENT_ASSETS_TDAYS":0.003491749859,"TOTAL_ASSETS_TDAYS":0.001953110106,"PREMIUM_EXPENSE":null,"LOAN_DEPOSIT":null,"LOAN_EQUITY":null,"LOAN_ASSETS":null,"DEPOSIT_EQUITY":null,"DEPOSIT_ASSETS":null,"EQUITY_MULTIPLIER":9.518856363874,"EQUITY_RATIO":10.724171994258},{"SECUCODE":"00593.HK","SECURITY_CODE":"00593","SECURITY_NAME_ABBR":"梦东方","ORG_CODE":"10008988","STD_REPORT_DATE":"2020-06-30 00:00:00","REPORT_DATE":"2020-06-30 00:00:00","DATE_TYPE_CODE":"002","REPORT_TYPE":"2020年中报","PER_NETCASH_OPERATE":0.350231485426,"PER_OI":0.035870067357,"BPS":3.734933988803,"BASIC_EPS":-0.668912112,"DILUTED_EPS":-0.668912112,"OPERATE_INCOME":10240575.84,"OPERATE_INCOME_YOY":-70.7215794834,"GROSS_PROFIT":3982598.4,"GROSS_PROFIT_YOY":-83.487383346625,"HOLDER_PROFIT":-190963766.4,"HOLDER_PROFIT_YOY":-2838.5381189416,"GROSS_PROFIT_RATIO":38.890375524039,"EPS_TTM":-1.319365194355,"OPERATE_INCOME_QOQ":-21.808624824733,"NET_PROFIT_RATIO":-1870.653822139,"ROE_AVG":-8.970551352502,"GROSS_PROFIT_QOQ":-48.702510517793,"ROA":-2.078649532043,"HOLDER_PROFIT_QOQ":-110.44290116936,"ROE_YEARLY":-17.941102705004,"ROIC_YEARLY":-4.273421067653,"TOTAL_ASSETS":8911900631.04,"TOTAL_LIABILITIES":6670903472.64,"TAX_EBT":3.813184242752,"OCF_SALES":976.389260547676,"TOTAL_PARENT_EQUITY":2038512173.28,"DEBT_ASSET_RATIO":74.8538807693,"OPERATE_PROFIT":-131024747.04,"PRETAX_PROFIT":-199160063.52,"NETCASH_OPERATE":99987882.72,"NETCASH_INVEST":480735251.04,"NETCASH_FINANCE":-587337352.8,"END_CASH":54048244.8,"DIVI_RATIO":null,"DIVIDEND_RATE":null,"CURRENT_RATIO":0.984520376394,"COMMON_ACS":3000000000,"CURRENTDEBT_DEBT":75.870936769484,"ISSUED_COMMON_SHARES":545796038,"HK_COMMON_SHARES":545796038,"PER_SHARES":500,"TOTAL_MARKET_CAP":103701247.22,"HKSK_MARKET_CAP":103701247.22,"PE_TTM":-0.082198980349,"PB_TTM":-0.076699382877,"REPORT_DATE_SQ":"2019-06-30 00:00:00","REPORT_TYPE_SQ":"2019年中报","OPERATE_INCOME_SQ":33683061.06,"DPS_HKD":null,"OPERATE_INCOME_QOQ_SQ":-30.317197374453,"NET_PROFIT_RATIO_SQ":15.0244182706,"HOLDER_PROFIT_SQ":6715324.44,"HOLDER_PROFIT_QOQ_SQ":-111.308554109703,"ROE_AVG_SQ":0.290899779234,"PE_TTM_SQ":-0.076574839588,"PB_TTM_SQ":-0.071451530364,"ROA_SQ":0.070773140471,"START_DATE":"2020-01-01 00:00:00","FISCAL_YEAR":"12-31","CURRENCY":"HKD","IS_CNY_CODE":0,"DPS_HKD_LY":null,"ORG_TYPE":"一般企业","PREMIUM_INCOME":null,"PREMIUM_INCOME_YOY":null,"NET_INTEREST_INCOME":null,"NET_INTEREST_INCOME_YOY":null,"FEE_COMMISSION_INCOME":null,"FEE_COMMISSION_INCOME_YOY":null,"ACCOUNTS_RECE_TDAYS":null,"INVENTORY_TDAYS":0.001365504576,"CURRENT_ASSETS_TDAYS":0.001958506085,"TOTAL_ASSETS_TDAYS":0.001114691472,"PREMIUM_EXPENSE":null,"LOAN_DEPOSIT":null,"LOAN_EQUITY":null,"LOAN_ASSETS":null,"DEPOSIT_EQUITY":null,"DEPOSIT_ASSETS":null,"EQUITY_MULTIPLIER":3.976756774378,"EQUITY_RATIO":3.272437398255},{"SECUCODE":"00593.HK","SECURITY_CODE":"00593","SECURITY_NAME_ABBR":"梦东方","ORG_CODE":"10008988","STD_REPORT_DATE":"2019-12-31 00:00:00","REPORT_DATE":"2019-12-31 00:00:00","DATE_TYPE_CODE":"001","REPORT_TYPE":"2019年年报","PER_NETCASH_OPERATE":0.18691182409,"PER_OI":0.376515780883,"BPS":3.987123073913,"BASIC_EPS":-0.626956422,"DILUTED_EPS":-0.626956422,"OPERATE_INCOME":107491808.44,"OPERATE_INCOME_YOY":-24.9247671065,"GROSS_PROFIT":41344725.9,"GROSS_PROFIT_YOY":-36.969661202907,"HOLDER_PROFIT":-178987593.36,"HOLDER_PROFIT_YOY":-224.935597629,"GROSS_PROFIT_RATIO":38.463141052351,"EPS_TTM":-0.626946875862,"OPERATE_INCOME_QOQ":10.1461169911,"NET_PROFIT_RATIO":-167.6452940882,"ROE_AVG":-7.91344839092,"GROSS_PROFIT_QOQ":-30.35336384722,"ROA":-1.898043565178,"HOLDER_PROFIT_QOQ":-1029.47658252146,"ROE_YEARLY":-7.91344839092,"ROIC_YEARLY":-1.961743970086,"TOTAL_ASSETS":9278997147.26,"TOTAL_LIABILITIES":6901502970.36,"TAX_EBT":-23.76326555723,"OCF_SALES":49.642494041567,"TOTAL_PARENT_EQUITY":2176155976.76,"DEBT_ASSET_RATIO":74.3776817778,"OPERATE_PROFIT":-22120391.32,"PRETAX_PROFIT":-145604560.1,"NETCASH_OPERATE":53361614.6,"NETCASH_INVEST":52346695.86,"NETCASH_FINANCE":-240358376.94,"END_CASH":36709064.4,"DIVI_RATIO":null,"DIVIDEND_RATE":null,"CURRENT_RATIO":1.237437729591,"COMMON_ACS":3000000000,"CURRENTDEBT_DEBT":62.864765897995,"ISSUED_COMMON_SHARES":545796038,"HK_COMMON_SHARES":545796038,"PER_SHARES":500,"TOTAL_MARKET_CAP":103701247.22,"HKSK_MARKET_CAP":103701247.22,"PE_TTM":-0.082198980349,"PB_TTM":-0.076699382877,"REPORT_DATE_SQ":"2018-12-31 00:00:00","REPORT_TYPE_SQ":"2018年年报","OPERATE_INCOME_SQ":140049179.4,"DPS_HKD":null,"OPERATE_INCOME_QOQ_SQ":-40.42766016718,"NET_PROFIT_RATIO_SQ":99.1316153331,"HOLDER_PROFIT_SQ":140132418.4,"HOLDER_PROFIT_QOQ_SQ":13.935327804123,"ROE_AVG_SQ":5.653716742895,"PE_TTM_SQ":-0.076574839588,"PB_TTM_SQ":-0.071451530364,"ROA_SQ":1.459678672091,"START_DATE":"2019-01-01 00:00:00","FISCAL_YEAR":"12-31","CURRENCY":"HKD","IS_CNY_CODE":0,"DPS_HKD_LY":null,"ORG_TYPE":"一般企业","PREMIUM_INCOME":null,"PREMIUM_INCOME_YOY":null,"NET_INTEREST_INCOME":null,"NET_INTEREST_INCOME_YOY":null,"FEE_COMMISSION_INCOME":null,"FEE_COMMISSION_INCOME_YOY":null,"ACCOUNTS_RECE_TDAYS":15.677815521296,"INVENTORY_TDAYS":0.020747736709,"CURRENT_ASSETS_TDAYS":0.025246308139,"TOTAL_ASSETS_TDAYS":0.011398786446,"PREMIUM_EXPENSE":null,"LOAN_DEPOSIT":null,"LOAN_EQUITY":null,"LOAN_ASSETS":null,"DEPOSIT_EQUITY":null,"DEPOSIT_ASSETS":null,"EQUITY_MULTIPLIER":3.902847475891,"EQUITY_RATIO":3.171419256737},{"SECUCODE":"00593.HK","SECURITY_CODE":"00593","SECURITY_NAME_ABBR":"梦东方","ORG_CODE":"10008988","STD_REPORT_DATE":"2019-06-30 00:00:00","REPORT_DATE":"2019-06-30 00:00:00","DATE_TYPE_CODE":"002","REPORT_TYPE":"2019年中报","PER_NETCASH_OPERATE":-0.006985124935,"PER_OI":0.117982981416,"BPS":4.235469545493,"BASIC_EPS":0.02375082,"DILUTED_EPS":0.02375082,"OPERATE_INCOME":33683061.06,"OPERATE_INCOME_YOY":-57.6014261671,"GROSS_PROFIT":24118517.88,"GROSS_PROFIT_YOY":-20.531840587962,"HOLDER_PROFIT":6715324.44,"HOLDER_PROFIT_YOY":-96.043985656,"GROSS_PROFIT_RATIO":71.6042934371,"EPS_TTM":-0.055507735668,"OPERATE_INCOME_QOQ":-30.317197374453,"NET_PROFIT_RATIO":15.0244182706,"ROE_AVG":0.290899779234,"GROSS_PROFIT_QOQ":-9.499808922821,"ROA":0.070773140471,"HOLDER_PROFIT_QOQ":-111.308554109703,"ROE_YEARLY":0.581799558468,"ROIC_YEARLY":0.14678421389,"TOTAL_ASSETS":9568238631.66,"TOTAL_LIABILITIES":7053775384.32,"TAX_EBT":85.066839714471,"OCF_SALES":-5.92045128098,"TOTAL_PARENT_EQUITY":2311702497,"DEBT_ASSET_RATIO":73.7207301768,"OPERATE_PROFIT":82962493.92,"PRETAX_PROFIT":33888901.5,"NETCASH_OPERATE":-1994189.22,"NETCASH_INVEST":-378551125.08,"NETCASH_FINANCE":310730218.74,"END_CASH":106795122.3,"DIVI_RATIO":null,"DIVIDEND_RATE":null,"CURRENT_RATIO":0.728247472358,"COMMON_ACS":3000000000,"CURRENTDEBT_DEBT":57.763190581278,"ISSUED_COMMON_SHARES":545796038,"HK_COMMON_SHARES":545796038,"PER_SHARES":500,"TOTAL_MARKET_CAP":103701247.22,"HKSK_MARKET_CAP":103701247.22,"PE_TTM":-0.082198980349,"PB_TTM":-0.076699382877,"REPORT_DATE_SQ":"2018-06-30 00:00:00","REPORT_TYPE_SQ":"2018年中报","OPERATE_INCOME_SQ":76142047.2,"DPS_HKD":null,"OPERATE_INCOME_QOQ_SQ":-77.998905824992,"NET_PROFIT_RATIO_SQ":212.2508636726,"HOLDER_PROFIT_SQ":162694693.2,"HOLDER_PROFIT_QOQ_SQ":27.308320290793,"ROE_AVG_SQ":6.188749946081,"PE_TTM_SQ":-0.076574839588,"PB_TTM_SQ":-0.071451530364,"ROA_SQ":1.640450364713,"START_DATE":"2019-01-01 00:00:00","FISCAL_YEAR":"12-31","CURRENCY":"HKD","IS_CNY_CODE":0,"DPS_HKD_LY":null,"ORG_TYPE":"一般企业","PREMIUM_INCOME":null,"PREMIUM_INCOME_YOY":null,"NET_INTEREST_INCOME":null,"NET_INTEREST_INCOME_YOY":null,"FEE_COMMISSION_INCOME":null,"FEE_COMMISSION_INCOME_YOY":null,"ACCOUNTS_RECE_TDAYS":2.608467590858,"INVENTORY_TDAYS":0.005359608378,"CURRENT_ASSETS_TDAYS":0.011121492966,"TOTAL_ASSETS_TDAYS":0.003549874668,"PREMIUM_EXPENSE":null,"LOAN_DEPOSIT":null,"LOAN_EQUITY":null,"LOAN_ASSETS":null,"DEPOSIT_EQUITY":null,"DEPOSIT_ASSETS":null,"EQUITY_MULTIPLIER":3.805280765895,"EQUITY_RATIO":3.051333548964}],"count":46},"success":true,"message":"ok","code":0}