{"version":"f35417fc8b790a9aed9fb20c8eff2e03","result":{"pages":9,"data":[{"SECUCODE":"00598.HK","SECURITY_CODE":"00598","SECURITY_NAME_ABBR":"中国外运","ORG_CODE":"10041661","STD_REPORT_DATE":"2024-09-30 00:00:00","REPORT_DATE":"2024-09-30 00:00:00","DATE_TYPE_CODE":"004","REPORT_TYPE":"2024年三季报","PER_NETCASH_OPERATE":0.056926792305,"PER_OI":11.772652715298,"BPS":5.278199382067,"BASIC_EPS":0.3891,"DILUTED_EPS":0.3883,"OPERATE_INCOME":85872282099.44,"OPERATE_INCOME_YOY":17.9301253504,"GROSS_PROFIT":4187227004.89,"GROSS_PROFIT_YOY":-4.737010181835,"HOLDER_PROFIT":2825229326,"HOLDER_PROFIT_YOY":-10.4141855871,"GROSS_PROFIT_RATIO":4.876110081762,"EPS_TTM":0.533767348075,"OPERATE_INCOME_QOQ":4.35304452598,"NET_PROFIT_RATIO":3.5372667908,"ROE_AVG":7.405381889117,"GROSS_PROFIT_QOQ":-1.703862012775,"ROA":3.591255128428,"HOLDER_PROFIT_QOQ":-2.200281441253,"ROE_YEARLY":9.873842518823,"ROIC_YEARLY":4.458143331104,"TOTAL_ASSETS":81452760516.92,"TOTAL_LIABILITIES":40595290207.01,"TAX_EBT":16.624199258101,"OCF_SALES":0.483551105104,"TOTAL_PARENT_EQUITY":38500331002.29,"DEBT_ASSET_RATIO":49.8390600262,"OPERATE_PROFIT":3892431577.54,"PRETAX_PROFIT":3643181462.98,"NETCASH_OPERATE":415236369.07,"NETCASH_INVEST":473613564.19,"NETCASH_FINANCE":-2751720708.75,"END_CASH":11894694996.8,"DIVI_RATIO":0.538506154483,"DIVIDEND_RATE":8.450534759358,"CURRENT_RATIO":1.268868365225,"COMMON_ACS":null,"CURRENTDEBT_DEBT":79.148434474159,"ISSUED_COMMON_SHARES":7294216875,"HK_COMMON_SHARES":2038300000,"PER_SHARES":1000,"TOTAL_MARKET_CAP":27280371112.5,"HKSK_MARKET_CAP":7623242000,"PE_TTM":6.264278521517,"PB_TTM":0.638985827526,"REPORT_DATE_SQ":"2023-09-30 00:00:00","REPORT_TYPE_SQ":"2023年三季报","OPERATE_INCOME_SQ":72816239145.24,"DPS_HKD":0.31605,"OPERATE_INCOME_QOQ_SQ":-0.584556696969,"NET_PROFIT_RATIO_SQ":4.5318993616,"HOLDER_PROFIT_SQ":3153657020.94,"HOLDER_PROFIT_QOQ_SQ":-6.556352526504,"ROE_AVG_SQ":8.849485729868,"PE_TTM_SQ":6.181581592305,"PB_TTM_SQ":0.625621130462,"ROA_SQ":4.014571936207,"START_DATE":"2024-01-01 00:00:00","FISCAL_YEAR":"12-31","CURRENCY":"HKD","IS_CNY_CODE":0,"DPS_HKD_LY":0.31605,"ORG_TYPE":"一般企业","PREMIUM_INCOME":null,"PREMIUM_INCOME_YOY":null,"NET_INTEREST_INCOME":null,"NET_INTEREST_INCOME_YOY":null,"FEE_COMMISSION_INCOME":null,"FEE_COMMISSION_INCOME_YOY":null,"ACCOUNTS_RECE_TDAYS":5.277243483192,"INVENTORY_TDAYS":1382.8461396494,"CURRENT_ASSETS_TDAYS":2.278057455871,"TOTAL_ASSETS_TDAYS":1.091554836421,"PREMIUM_EXPENSE":null,"LOAN_DEPOSIT":null,"LOAN_EQUITY":null,"LOAN_ASSETS":null,"DEPOSIT_EQUITY":null,"DEPOSIT_ASSETS":null,"EQUITY_MULTIPLIER":1.993583055904,"EQUITY_RATIO":1.054414056975},{"SECUCODE":"00598.HK","SECURITY_CODE":"00598","SECURITY_NAME_ABBR":"中国外运","ORG_CODE":"10041661","STD_REPORT_DATE":"2024-06-30 00:00:00","REPORT_DATE":"2024-06-30 00:00:00","DATE_TYPE_CODE":"002","REPORT_TYPE":"2024年中报","PER_NETCASH_OPERATE":-0.225988794147,"PER_OI":7.727724417067,"BPS":5.289534417623,"BASIC_EPS":0.268,"DILUTED_EPS":0.2674,"OPERATE_INCOME":56367697848.32,"OPERATE_INCOME_YOY":17.1913712276,"GROSS_PROFIT":2904287923.97,"GROSS_PROFIT_YOY":-3.682938700296,"HOLDER_PROFIT":1945058469.75,"HOLDER_PROFIT_YOY":-11.017663487,"GROSS_PROFIT_RATIO":5.152397622811,"EPS_TTM":0.545775955126,"OPERATE_INCOME_QOQ":6.231726116519,"NET_PROFIT_RATIO":3.6974283507,"ROE_AVG":5.092793562781,"GROSS_PROFIT_QOQ":3.204739165683,"ROA":2.536302657488,"HOLDER_PROFIT_QOQ":-2.147705348566,"ROE_YEARLY":10.185587125563,"ROIC_YEARLY":6.184769861846,"TOTAL_ASSETS":77490851391.63,"TOTAL_LIABILITIES":36555058381.85,"TAX_EBT":16.558666346199,"OCF_SALES":-2.924389923225,"TOTAL_PARENT_EQUITY":38583011209.92,"DEBT_ASSET_RATIO":47.1733859228,"OPERATE_PROFIT":2624357405.29,"PRETAX_PROFIT":2497749196.48,"NETCASH_OPERATE":-1648411275.83,"NETCASH_INVEST":-622975331.9,"NETCASH_FINANCE":-2656413638.26,"END_CASH":8896466960.95,"DIVI_RATIO":0.526657503505,"DIVIDEND_RATE":8.927966101695,"CURRENT_RATIO":1.18432146297,"COMMON_ACS":null,"CURRENTDEBT_DEBT":82.536501747103,"ISSUED_COMMON_SHARES":7294216875,"HK_COMMON_SHARES":2038300000,"PER_SHARES":1000,"TOTAL_MARKET_CAP":25821527737.5,"HKSK_MARKET_CAP":7215582000,"PE_TTM":5.929290365286,"PB_TTM":0.604815462418,"REPORT_DATE_SQ":"2023-06-30 00:00:00","REPORT_TYPE_SQ":"2023年中报","OPERATE_INCOME_SQ":48098846577.08,"DPS_HKD":0.31605,"OPERATE_INCOME_QOQ_SQ":-0.073557600095,"NET_PROFIT_RATIO_SQ":4.7756350203,"HOLDER_PROFIT_SQ":2185892780.49,"HOLDER_PROFIT_QOQ_SQ":-3.333933366987,"ROE_AVG_SQ":6.088958351634,"PE_TTM_SQ":5.857183724487,"PB_TTM_SQ":0.592789700875,"ROA_SQ":2.788677205641,"START_DATE":"2024-01-01 00:00:00","FISCAL_YEAR":"12-31","CURRENCY":"HKD","IS_CNY_CODE":0,"DPS_HKD_LY":0.31605,"ORG_TYPE":"一般企业","PREMIUM_INCOME":null,"PREMIUM_INCOME_YOY":null,"NET_INTEREST_INCOME":null,"NET_INTEREST_INCOME_YOY":null,"FEE_COMMISSION_INCOME":null,"FEE_COMMISSION_INCOME_YOY":null,"ACCOUNTS_RECE_TDAYS":3.669698159401,"INVENTORY_TDAYS":873.436231012235,"CURRENT_ASSETS_TDAYS":1.602405436018,"TOTAL_ASSETS_TDAYS":0.735019250437,"PREMIUM_EXPENSE":null,"LOAN_DEPOSIT":null,"LOAN_EQUITY":null,"LOAN_ASSETS":null,"DEPOSIT_EQUITY":null,"DEPOSIT_ASSETS":null,"EQUITY_MULTIPLIER":1.892985226232,"EQUITY_RATIO":0.947439228705},{"SECUCODE":"00598.HK","SECURITY_CODE":"00598","SECURITY_NAME_ABBR":"中国外运","ORG_CODE":"10041661","STD_REPORT_DATE":"2024-03-31 00:00:00","REPORT_DATE":"2024-03-31 00:00:00","DATE_TYPE_CODE":"003","REPORT_TYPE":"2024年一季报","PER_NETCASH_OPERATE":-0.371573176121,"PER_OI":3.329573326071,"BPS":5.301719789269,"BASIC_EPS":0.11,"DILUTED_EPS":0.11,"OPERATE_INCOME":24286629941.58,"OPERATE_INCOME_YOY":8.0895090076,"GROSS_PROFIT":1250808130.94,"GROSS_PROFIT_YOY":-18.722241331988,"HOLDER_PROFIT":802732725.54,"HOLDER_PROFIT_YOY":-16.0488363479,"GROSS_PROFIT_RATIO":5.150192241364,"EPS_TTM":0.557754886659,"OPERATE_INCOME_QOQ":1.787168235792,"NET_PROFIT_RATIO":3.468147911,"ROE_AVG":2.099371611515,"GROSS_PROFIT_QOQ":-4.956218402916,"ROA":1.032860457643,"HOLDER_PROFIT_QOQ":-3.634843945016,"ROE_YEARLY":8.397486446059,"ROIC_YEARLY":5.09862195322,"TOTAL_ASSETS":79552134204.19,"TOTAL_LIABILITIES":38525930809.19,"TAX_EBT":17.253415360865,"OCF_SALES":-11.159783543783,"TOTAL_PARENT_EQUITY":38671893953.41,"DEBT_ASSET_RATIO":48.4285320496,"OPERATE_PROFIT":1102509555.69,"PRETAX_PROFIT":1017922676.39,"NETCASH_OPERATE":-2710335331.56,"NETCASH_INVEST":-347601577.37,"NETCASH_FINANCE":-16251524.95,"END_CASH":10763741600.59,"DIVI_RATIO":0.515346452134,"DIVIDEND_RATE":8.927966101695,"CURRENT_RATIO":1.242020068531,"COMMON_ACS":null,"CURRENTDEBT_DEBT":79.505255839798,"ISSUED_COMMON_SHARES":7294216875,"HK_COMMON_SHARES":2038300000,"PER_SHARES":1000,"TOTAL_MARKET_CAP":25821527737.5,"HKSK_MARKET_CAP":7215582000,"PE_TTM":5.929290365286,"PB_TTM":0.604815462418,"REPORT_DATE_SQ":"2023-03-31 00:00:00","REPORT_TYPE_SQ":"2023年一季报","OPERATE_INCOME_SQ":22468998300.17,"DPS_HKD":0.31605,"OPERATE_INCOME_QOQ_SQ":-6.690395354947,"NET_PROFIT_RATIO_SQ":4.4906250311,"HOLDER_PROFIT_SQ":956190111.75,"HOLDER_PROFIT_QOQ_SQ":-0.532842603058,"ROE_AVG_SQ":2.720384201809,"PE_TTM_SQ":5.857183724487,"PB_TTM_SQ":0.592789700875,"ROA_SQ":1.232348444076,"START_DATE":"2024-01-01 00:00:00","FISCAL_YEAR":"12-31","CURRENCY":"HKD","IS_CNY_CODE":0,"DPS_HKD_LY":0.31605,"ORG_TYPE":"一般企业","PREMIUM_INCOME":null,"PREMIUM_INCOME_YOY":null,"NET_INTEREST_INCOME":null,"NET_INTEREST_INCOME_YOY":null,"FEE_COMMISSION_INCOME":null,"FEE_COMMISSION_INCOME_YOY":null,"ACCOUNTS_RECE_TDAYS":1.607778677629,"INVENTORY_TDAYS":391.624092687291,"CURRENT_ASSETS_TDAYS":0.668458160019,"TOTAL_ASSETS_TDAYS":0.312491305237,"PREMIUM_EXPENSE":null,"LOAN_DEPOSIT":null,"LOAN_EQUITY":null,"LOAN_ASSETS":null,"DEPOSIT_EQUITY":null,"DEPOSIT_ASSETS":null,"EQUITY_MULTIPLIER":1.939056691118,"EQUITY_RATIO":0.996225601353},{"SECUCODE":"00598.HK","SECURITY_CODE":"00598","SECURITY_NAME_ABBR":"中国外运","ORG_CODE":"10041661","STD_REPORT_DATE":"2023-12-31 00:00:00","REPORT_DATE":"2023-12-31 00:00:00","DATE_TYPE_CODE":"001","REPORT_TYPE":"2023年年报","PER_NETCASH_OPERATE":0.526049720763,"PER_OI":13.943177805364,"BPS":5.18242408485,"BASIC_EPS":0.5827,"DILUTED_EPS":0.5822,"OPERATE_INCOME":101704562839.01,"OPERATE_INCOME_YOY":-6.9436316211,"GROSS_PROFIT":5813348781.21,"GROSS_PROFIT_YOY":-4.641553877518,"HOLDER_PROFIT":4221842492.59,"HOLDER_PROFIT_YOY":3.4970038936,"GROSS_PROFIT_RATIO":5.715917377682,"EPS_TTM":0.578793113084,"OPERATE_INCOME_QOQ":0.828699106414,"NET_PROFIT_RATIO":4.3780610875,"ROE_AVG":11.629433837909,"GROSS_PROFIT_QOQ":8.946407533472,"ROA":5.493171262176,"HOLDER_PROFIT_QOQ":15.502072414883,"ROE_YEARLY":11.629433837909,"ROIC_YEARLY":7.08842447156,"TOTAL_ASSETS":75886622231.81,"TOTAL_LIABILITIES":35767341420.01,"TAX_EBT":19.1925193019,"OCF_SALES":3.772810819072,"TOTAL_PARENT_EQUITY":37801725213.12,"DEBT_ASSET_RATIO":47.1326043617,"OPERATE_PROFIT":5769321444.55,"PRETAX_PROFIT":5510242184.7,"NETCASH_OPERATE":3837120750.28,"NETCASH_INVEST":210024406.53,"NETCASH_FINANCE":-6704816117.56,"END_CASH":13821461962.17,"DIVI_RATIO":0.496614412823,"DIVIDEND_RATE":8.927966101695,"CURRENT_RATIO":1.234826015612,"COMMON_ACS":null,"CURRENTDEBT_DEBT":78.388412661122,"ISSUED_COMMON_SHARES":7294216875,"HK_COMMON_SHARES":2038300000,"PER_SHARES":1000,"TOTAL_MARKET_CAP":25821527737.5,"HKSK_MARKET_CAP":7215582000,"PE_TTM":5.929290365286,"PB_TTM":0.604815462418,"REPORT_DATE_SQ":"2022-12-31 00:00:00","REPORT_TYPE_SQ":"2022年年报","OPERATE_INCOME_SQ":109293500929.37,"DPS_HKD":0.31605,"OPERATE_INCOME_QOQ_SQ":1.771504799458,"NET_PROFIT_RATIO_SQ":3.8970668681,"HOLDER_PROFIT_SQ":4079192956.09,"HOLDER_PROFIT_QOQ_SQ":-2.598248645914,"ROE_AVG_SQ":11.971237573276,"PE_TTM_SQ":5.857183724487,"PB_TTM_SQ":0.592789700875,"ROA_SQ":5.348446569098,"START_DATE":"2023-01-01 00:00:00","FISCAL_YEAR":"12-31","CURRENCY":"HKD","IS_CNY_CODE":0,"DPS_HKD_LY":0.26965,"ORG_TYPE":"一般企业","PREMIUM_INCOME":null,"PREMIUM_INCOME_YOY":null,"NET_INTEREST_INCOME":null,"NET_INTEREST_INCOME_YOY":null,"FEE_COMMISSION_INCOME":null,"FEE_COMMISSION_INCOME_YOY":null,"ACCOUNTS_RECE_TDAYS":7.564452119092,"INVENTORY_TDAYS":1544.84526900913,"CURRENT_ASSETS_TDAYS":2.78806987644,"TOTAL_ASSETS_TDAYS":1.323309864828,"PREMIUM_EXPENSE":null,"LOAN_DEPOSIT":null,"LOAN_EQUITY":null,"LOAN_ASSETS":null,"DEPOSIT_EQUITY":null,"DEPOSIT_ASSETS":null,"EQUITY_MULTIPLIER":1.891524989885,"EQUITY_RATIO":0.946182779182},{"SECUCODE":"00598.HK","SECURITY_CODE":"00598","SECURITY_NAME_ABBR":"中国外运","ORG_CODE":"10041661","STD_REPORT_DATE":"2023-09-30 00:00:00","REPORT_DATE":"2023-09-30 00:00:00","DATE_TYPE_CODE":"004","REPORT_TYPE":"2023年三季报","PER_NETCASH_OPERATE":0.109745513251,"PER_OI":9.982735692273,"BPS":5.03095363431,"BASIC_EPS":0.4301,"DILUTED_EPS":0.4301,"OPERATE_INCOME":72816239145.24,"OPERATE_INCOME_YOY":-9.8463258982,"GROSS_PROFIT":4395439417.64,"GROSS_PROFIT_YOY":-13.82557005955,"HOLDER_PROFIT":3153657020.94,"HOLDER_PROFIT_YOY":-11.5480565614,"GROSS_PROFIT_RATIO":6.049698858658,"EPS_TTM":0.501110587007,"OPERATE_INCOME_QOQ":-0.584556696969,"NET_PROFIT_RATIO":4.5318993616,"ROE_AVG":8.849485729868,"GROSS_PROFIT_QOQ":-4.941907578652,"ROA":4.014571936207,"HOLDER_PROFIT_QOQ":-6.556352526504,"ROE_YEARLY":11.799314306491,"ROIC_YEARLY":5.1765591733,"TOTAL_ASSETS":79787477418.46,"TOTAL_LIABILITIES":40788109105.97,"TAX_EBT":20.076615554327,"OCF_SALES":1.1000063063,"TOTAL_PARENT_EQUITY":36696866896.73,"DEBT_ASSET_RATIO":51.1209408114,"OPERATE_PROFIT":4303653661.62,"PRETAX_PROFIT":4113824128.4,"NETCASH_OPERATE":795253657.61,"NETCASH_INVEST":119485047.65,"NETCASH_FINANCE":-2736440993.7,"END_CASH":14648108932.72,"DIVI_RATIO":0.573599938721,"DIVIDEND_RATE":8.927966101695,"CURRENT_RATIO":1.221227670048,"COMMON_ACS":null,"CURRENTDEBT_DEBT":80.333868562968,"ISSUED_COMMON_SHARES":7294216875,"HK_COMMON_SHARES":2038300000,"PER_SHARES":1000,"TOTAL_MARKET_CAP":25821527737.5,"HKSK_MARKET_CAP":7215582000,"PE_TTM":5.929290365286,"PB_TTM":0.604815462418,"REPORT_DATE_SQ":"2022-09-30 00:00:00","REPORT_TYPE_SQ":"2022年三季报","OPERATE_INCOME_SQ":80721057017.57,"DPS_HKD":0.31605,"OPERATE_INCOME_QOQ_SQ":-9.280096913443,"NET_PROFIT_RATIO_SQ":4.6491775469,"HOLDER_PROFIT_SQ":3576799431.19,"HOLDER_PROFIT_QOQ_SQ":7.718046490948,"ROE_AVG_SQ":10.512540773185,"PE_TTM_SQ":5.857183724487,"PB_TTM_SQ":0.592789700875,"ROA_SQ":4.525855403156,"START_DATE":"2023-01-01 00:00:00","FISCAL_YEAR":"12-31","CURRENCY":"HKD","IS_CNY_CODE":0,"DPS_HKD_LY":0.26965,"ORG_TYPE":"一般企业","PREMIUM_INCOME":null,"PREMIUM_INCOME_YOY":null,"NET_INTEREST_INCOME":null,"NET_INTEREST_INCOME_YOY":null,"FEE_COMMISSION_INCOME":null,"FEE_COMMISSION_INCOME_YOY":null,"ACCOUNTS_RECE_TDAYS":4.791163762722,"INVENTORY_TDAYS":1016.44567899695,"CURRENT_ASSETS_TDAYS":1.857611422375,"TOTAL_ASSETS_TDAYS":0.923437586952,"PREMIUM_EXPENSE":null,"LOAN_DEPOSIT":null,"LOAN_EQUITY":null,"LOAN_ASSETS":null,"DEPOSIT_EQUITY":null,"DEPOSIT_ASSETS":null,"EQUITY_MULTIPLIER":2.045865891447,"EQUITY_RATIO":1.111487507115},{"SECUCODE":"00598.HK","SECURITY_CODE":"00598","SECURITY_NAME_ABBR":"中国外运","ORG_CODE":"10041661","STD_REPORT_DATE":"2023-06-30 00:00:00","REPORT_DATE":"2023-06-30 00:00:00","DATE_TYPE_CODE":"002","REPORT_TYPE":"2023年中报","PER_NETCASH_OPERATE":0.099477852779,"PER_OI":6.594107003033,"BPS":5.00766831489,"BASIC_EPS":0.3017,"DILUTED_EPS":0.3017,"OPERATE_INCOME":48098846577.08,"OPERATE_INCOME_YOY":-13.3261982804,"GROSS_PROFIT":3015341087.84,"GROSS_PROFIT_YOY":-11.340144773528,"HOLDER_PROFIT":2185892780.49,"HOLDER_PROFIT_YOY":-6.7255317104,"GROSS_PROFIT_RATIO":6.230243997677,"EPS_TTM":0.536270362466,"OPERATE_INCOME_QOQ":-0.073557600095,"NET_PROFIT_RATIO":4.7756350203,"ROE_AVG":6.088958351634,"GROSS_PROFIT_QOQ":-3.536779639529,"ROA":2.788677205641,"HOLDER_PROFIT_QOQ":-3.333933366987,"ROE_YEARLY":12.177916703268,"ROIC_YEARLY":7.216546748134,"TOTAL_ASSETS":77923424895.13,"TOTAL_LIABILITIES":39292993790.28,"TAX_EBT":18.919395134199,"OCF_SALES":1.516852575604,"TOTAL_PARENT_EQUITY":36527018726.87,"DEBT_ASSET_RATIO":50.4251370408,"OPERATE_PROFIT":2895050317.95,"PRETAX_PROFIT":2854975019.86,"NETCASH_OPERATE":678373850.02,"NETCASH_INVEST":-797301429.64,"NETCASH_FINANCE":-1463280051.6,"END_CASH":15018132575.26,"DIVI_RATIO":0.535992704647,"DIVIDEND_RATE":8.927966101695,"CURRENT_RATIO":1.206708811636,"COMMON_ACS":null,"CURRENTDEBT_DEBT":78.578848117315,"ISSUED_COMMON_SHARES":7294216875,"HK_COMMON_SHARES":2038300000,"PER_SHARES":1000,"TOTAL_MARKET_CAP":25821527737.5,"HKSK_MARKET_CAP":7215582000,"PE_TTM":5.929290365286,"PB_TTM":0.604815462418,"REPORT_DATE_SQ":"2022-06-30 00:00:00","REPORT_TYPE_SQ":"2022年中报","OPERATE_INCOME_SQ":55191710612.25,"DPS_HKD":0.31605,"OPERATE_INCOME_QOQ_SQ":-5.775686266987,"NET_PROFIT_RATIO_SQ":4.4340547615,"HOLDER_PROFIT_SQ":2328258949.22,"HOLDER_PROFIT_QOQ_SQ":0.427078143215,"ROE_AVG_SQ":6.946739672274,"PE_TTM_SQ":5.857183724487,"PB_TTM_SQ":0.592789700875,"ROA_SQ":3.025055531713,"START_DATE":"2023-01-01 00:00:00","FISCAL_YEAR":"12-31","CURRENCY":"HKD","IS_CNY_CODE":0,"DPS_HKD_LY":0.26965,"ORG_TYPE":"一般企业","PREMIUM_INCOME":null,"PREMIUM_INCOME_YOY":null,"NET_INTEREST_INCOME":null,"NET_INTEREST_INCOME_YOY":null,"FEE_COMMISSION_INCOME":null,"FEE_COMMISSION_INCOME_YOY":null,"ACCOUNTS_RECE_TDAYS":3.362528546648,"INVENTORY_TDAYS":710.849651132661,"CURRENT_ASSETS_TDAYS":1.265624480201,"TOTAL_ASSETS_TDAYS":0.614279305822,"PREMIUM_EXPENSE":null,"LOAN_DEPOSIT":null,"LOAN_EQUITY":null,"LOAN_ASSETS":null,"DEPOSIT_EQUITY":null,"DEPOSIT_ASSETS":null,"EQUITY_MULTIPLIER":2.017151314817,"EQUITY_RATIO":1.075724084796},{"SECUCODE":"00598.HK","SECURITY_CODE":"00598","SECURITY_NAME_ABBR":"中国外运","ORG_CODE":"10041661","STD_REPORT_DATE":"2023-03-31 00:00:00","REPORT_DATE":"2023-03-31 00:00:00","DATE_TYPE_CODE":"003","REPORT_TYPE":"2023年一季报","PER_NETCASH_OPERATE":-0.015767963007,"PER_OI":3.080385281274,"BPS":4.913760233682,"BASIC_EPS":0.13,"DILUTED_EPS":0.13,"OPERATE_INCOME":22468998300.17,"OPERATE_INCOME_YOY":-24.5611036926,"GROSS_PROFIT":1538930393.06,"GROSS_PROFIT_YOY":-11.830110481025,"HOLDER_PROFIT":956190111.75,"HOLDER_PROFIT_YOY":-2.2061176106,"GROSS_PROFIT_RATIO":6.844678611133,"EPS_TTM":0.554765887498,"OPERATE_INCOME_QOQ":-6.690395354947,"NET_PROFIT_RATIO":4.4906250311,"ROE_AVG":2.720384201809,"GROSS_PROFIT_QOQ":-3.560846986675,"ROA":1.232348444076,"HOLDER_PROFIT_QOQ":-0.532842603058,"ROE_YEARLY":10.881536807234,"ROIC_YEARLY":6.399868025313,"TOTAL_ASSETS":78124867479.18,"TOTAL_LIABILITIES":40150765579.15,"TAX_EBT":18.580609737756,"OCF_SALES":-0.514350764614,"TOTAL_PARENT_EQUITY":35842032816.23,"DEBT_ASSET_RATIO":51.3930671176,"OPERATE_PROFIT":1386823470.83,"PRETAX_PROFIT":1227495793.19,"NETCASH_OPERATE":-153592684.72,"NETCASH_INVEST":-464940520.4,"NETCASH_FINANCE":-186507818.06,"END_CASH":15492947074.09,"DIVI_RATIO":0.518123065022,"DIVIDEND_RATE":8.927966101695,"CURRENT_RATIO":1.40121847839,"COMMON_ACS":null,"CURRENTDEBT_DEBT":68.777205317649,"ISSUED_COMMON_SHARES":7294216875,"HK_COMMON_SHARES":2038300000,"PER_SHARES":1000,"TOTAL_MARKET_CAP":25821527737.5,"HKSK_MARKET_CAP":7215582000,"PE_TTM":5.929290365286,"PB_TTM":0.604815462418,"REPORT_DATE_SQ":"2022-03-31 00:00:00","REPORT_TYPE_SQ":"2022年一季报","OPERATE_INCOME_SQ":29641457088.27,"DPS_HKD":0.31605,"OPERATE_INCOME_QOQ_SQ":0.59437749057,"NET_PROFIT_RATIO_SQ":3.3669789959,"HOLDER_PROFIT_SQ":982605053.6,"HOLDER_PROFIT_QOQ_SQ":3.97533742872,"ROE_AVG_SQ":2.924485552305,"PE_TTM_SQ":5.857183724487,"PB_TTM_SQ":0.592789700875,"ROA_SQ":1.294297618154,"START_DATE":"2023-01-01 00:00:00","FISCAL_YEAR":"12-31","CURRENCY":"HKD","IS_CNY_CODE":0,"DPS_HKD_LY":0.26965,"ORG_TYPE":"一般企业","PREMIUM_INCOME":null,"PREMIUM_INCOME_YOY":null,"NET_INTEREST_INCOME":null,"NET_INTEREST_INCOME_YOY":null,"FEE_COMMISSION_INCOME":null,"FEE_COMMISSION_INCOME_YOY":null,"ACCOUNTS_RECE_TDAYS":1.549371560832,"INVENTORY_TDAYS":328.389813300129,"CURRENT_ASSETS_TDAYS":0.580586544884,"TOTAL_ASSETS_TDAYS":0.286772639899,"PREMIUM_EXPENSE":null,"LOAN_DEPOSIT":null,"LOAN_EQUITY":null,"LOAN_ASSETS":null,"DEPOSIT_EQUITY":null,"DEPOSIT_ASSETS":null,"EQUITY_MULTIPLIER":2.057319688159,"EQUITY_RATIO":1.120214519779},{"SECUCODE":"00598.HK","SECURITY_CODE":"00598","SECURITY_NAME_ABBR":"中国外运","ORG_CODE":"10041661","STD_REPORT_DATE":"2022-12-31 00:00:00","REPORT_DATE":"2022-12-31 00:00:00","DATE_TYPE_CODE":"001","REPORT_TYPE":"2022年年报","PER_NETCASH_OPERATE":0.695876900056,"PER_OI":14.859543512542,"BPS":4.779954727768,"BASIC_EPS":0.5549,"DILUTED_EPS":0.5549,"OPERATE_INCOME":109293500929.37,"OPERATE_INCOME_YOY":-12.4904476459,"GROSS_PROFIT":6096312406.08,"GROSS_PROFIT_YOY":8.321527077585,"HOLDER_PROFIT":4079192956.09,"HOLDER_PROFIT_YOY":9.5526647977,"GROSS_PROFIT_RATIO":5.545153620532,"EPS_TTM":0.553120613578,"OPERATE_INCOME_QOQ":1.771504799458,"NET_PROFIT_RATIO":3.8970668681,"ROE_AVG":11.971237573276,"GROSS_PROFIT_QOQ":-7.70506263563,"ROA":5.348446569098,"HOLDER_PROFIT_QOQ":-2.598248645914,"ROE_YEARLY":11.971237573276,"ROIC_YEARLY":6.932188492674,"TOTAL_ASSETS":78502439538.13,"TOTAL_LIABILITIES":41572733686.39,"TAX_EBT":18.452208688765,"OCF_SALES":4.703548698666,"TOTAL_PARENT_EQUITY":34804431740.59,"DEBT_ASSET_RATIO":52.6269463836,"OPERATE_PROFIT":5193058965.79,"PRETAX_PROFIT":5243485725.04,"NETCASH_OPERATE":5245412077.65,"NETCASH_INVEST":1014980345.46,"NETCASH_FINANCE":-4598913735.77,"END_CASH":16405563975.61,"DIVI_RATIO":0.51966423768,"DIVIDEND_RATE":8.927966101695,"CURRENT_RATIO":1.366947231511,"COMMON_ACS":null,"CURRENTDEBT_DEBT":68.896938869519,"ISSUED_COMMON_SHARES":7294216875,"HK_COMMON_SHARES":2038300000,"PER_SHARES":1000,"TOTAL_MARKET_CAP":25821527737.5,"HKSK_MARKET_CAP":7215582000,"PE_TTM":5.929290365286,"PB_TTM":0.604815462418,"REPORT_DATE_SQ":"2021-12-31 00:00:00","REPORT_TYPE_SQ":"2021年年报","OPERATE_INCOME_SQ":124348394578.39,"DPS_HKD":0.31605,"OPERATE_INCOME_QOQ_SQ":3.571198282565,"NET_PROFIT_RATIO_SQ":3.1627377304,"HOLDER_PROFIT_SQ":3713520003.28,"HOLDER_PROFIT_QOQ_SQ":-1.025291588234,"ROE_AVG_SQ":11.687116399815,"PE_TTM_SQ":5.857183724487,"PB_TTM_SQ":0.592789700875,"ROA_SQ":5.300260917826,"START_DATE":"2022-01-01 00:00:00","FISCAL_YEAR":"12-31","CURRENCY":"HKD","IS_CNY_CODE":0,"DPS_HKD_LY":0.3364,"ORG_TYPE":"一般企业","PREMIUM_INCOME":null,"PREMIUM_INCOME_YOY":null,"NET_INTEREST_INCOME":null,"NET_INTEREST_INCOME_YOY":null,"FEE_COMMISSION_INCOME":null,"FEE_COMMISSION_INCOME_YOY":null,"ACCOUNTS_RECE_TDAYS":7.622127967491,"INVENTORY_TDAYS":1528.84023693023,"CURRENT_ASSETS_TDAYS":2.913702290542,"TOTAL_ASSETS_TDAYS":1.430588049578,"PREMIUM_EXPENSE":null,"LOAN_DEPOSIT":null,"LOAN_EQUITY":null,"LOAN_ASSETS":null,"DEPOSIT_EQUITY":null,"DEPOSIT_ASSETS":null,"EQUITY_MULTIPLIER":2.110904667656,"EQUITY_RATIO":1.194466670114},{"SECUCODE":"00598.HK","SECURITY_CODE":"00598","SECURITY_NAME_ABBR":"中国外运","ORG_CODE":"10041661","STD_REPORT_DATE":"2022-09-30 00:00:00","REPORT_DATE":"2022-09-30 00:00:00","DATE_TYPE_CODE":"004","REPORT_TYPE":"2022年三季报","PER_NETCASH_OPERATE":0.262127045993,"PER_OI":10.974834266734,"BPS":4.702321020999,"BASIC_EPS":0.4833,"DILUTED_EPS":0.4833,"OPERATE_INCOME":80721057017.57,"OPERATE_INCOME_YOY":-17.8119504006,"GROSS_PROFIT":5100630686.71,"GROSS_PROFIT_YOY":23.000748054068,"HOLDER_PROFIT":3576799431.19,"HOLDER_PROFIT_YOY":15.0476903315,"GROSS_PROFIT_RATIO":6.290029919857,"EPS_TTM":0.567875429228,"OPERATE_INCOME_QOQ":-9.280096913443,"NET_PROFIT_RATIO":4.6491775469,"ROE_AVG":10.512540773185,"GROSS_PROFIT_QOQ":5.340834216663,"ROA":4.525855403156,"HOLDER_PROFIT_QOQ":7.718046490948,"ROE_YEARLY":14.016721030914,"ROIC_YEARLY":5.803427537412,"TOTAL_ASSETS":82254343686.8,"TOTAL_LIABILITIES":45761858515.96,"TAX_EBT":16.707699429541,"OCF_SALES":2.398180748003,"TOTAL_PARENT_EQUITY":34299749343.04,"DEBT_ASSET_RATIO":55.6345798469,"OPERATE_PROFIT":4384815632.29,"PRETAX_PROFIT":4528198200.24,"NETCASH_OPERATE":1996582606.27,"NETCASH_INVEST":1147916023.4,"NETCASH_FINANCE":-2032095521.55,"END_CASH":15852156743.64,"DIVI_RATIO":0.506162068661,"DIVIDEND_RATE":8.927966101695,"CURRENT_RATIO":1.445782391556,"COMMON_ACS":null,"CURRENTDEBT_DEBT":66.868044193415,"ISSUED_COMMON_SHARES":7294216875,"HK_COMMON_SHARES":2038300000,"PER_SHARES":1000,"TOTAL_MARKET_CAP":25821527737.5,"HKSK_MARKET_CAP":7215582000,"PE_TTM":5.929290365286,"PB_TTM":0.604815462418,"REPORT_DATE_SQ":"2021-09-30 00:00:00","REPORT_TYPE_SQ":"2021年三季报","OPERATE_INCOME_SQ":97816048905.66,"DPS_HKD":0.31605,"OPERATE_INCOME_QOQ_SQ":12.709488094564,"NET_PROFIT_RATIO_SQ":3.304313883,"HOLDER_PROFIT_SQ":3079398682.26,"HOLDER_PROFIT_QOQ_SQ":1.358463940052,"ROE_AVG_SQ":9.77679044319,"PE_TTM_SQ":5.857183724487,"PB_TTM_SQ":0.592789700875,"ROA_SQ":4.3905603276,"START_DATE":"2022-01-01 00:00:00","FISCAL_YEAR":"12-31","CURRENCY":"HKD","IS_CNY_CODE":0,"DPS_HKD_LY":0.3364,"ORG_TYPE":"一般企业","PREMIUM_INCOME":null,"PREMIUM_INCOME_YOY":null,"NET_INTEREST_INCOME":null,"NET_INTEREST_INCOME_YOY":null,"FEE_COMMISSION_INCOME":null,"FEE_COMMISSION_INCOME_YOY":null,"ACCOUNTS_RECE_TDAYS":4.879185047362,"INVENTORY_TDAYS":1169.02894381874,"CURRENT_ASSETS_TDAYS":1.994902455077,"TOTAL_ASSETS_TDAYS":1.02701229142,"PREMIUM_EXPENSE":null,"LOAN_DEPOSIT":null,"LOAN_EQUITY":null,"LOAN_ASSETS":null,"DEPOSIT_EQUITY":null,"DEPOSIT_ASSETS":null,"EQUITY_MULTIPLIER":2.254007730681,"EQUITY_RATIO":1.33417472117}],"count":75},"success":true,"message":"ok","code":0}