{"version":"e1b1cac72158881773449a1039abcc6b","result":{"pages":6,"data":[{"SECUCODE":"00590.HK","SECURITY_CODE":"00590","SECURITY_NAME_ABBR":"六福集团","ORG_CODE":"10008986","STD_REPORT_DATE":"2024-06-30 00:00:00","REPORT_DATE":"2024-09-30 00:00:00","DATE_TYPE_CODE":"002","REPORT_TYPE":"2024年中报","PER_NETCASH_OPERATE":1.173913359649,"PER_OI":8.369030757909,"BPS":20.304930427553,"BASIC_EPS":0.6673246,"DILUTED_EPS":0.6673246,"OPERATE_INCOME":4913523654.86,"OPERATE_INCOME_YOY":-27.2159840108,"GROSS_PROFIT":1606676858.87,"GROSS_PROFIT_YOY":-15.880592680156,"HOLDER_PROFIT":391799799.51,"HOLDER_PROFIT_YOY":-53.9098775687,"GROSS_PROFIT_RATIO":32.699076502478,"EPS_TTM":2.728885924026,"OPERATE_INCOME_QOQ":0,"NET_PROFIT_RATIO":7.6578092784,"ROE_AVG":3.327947469676,"GROSS_PROFIT_QOQ":0,"ROA":2.559539685932,"HOLDER_PROFIT_QOQ":0,"ROE_YEARLY":6.655894939351,"ROIC_YEARLY":5.77486143082,"TOTAL_ASSETS":15416037826.49,"TOTAL_LIABILITIES":3540180449.54,"TAX_EBT":20.361502123396,"OCF_SALES":14.02687352463,"TOTAL_PARENT_EQUITY":11921184047.72,"DEBT_ASSET_RATIO":22.9642693498,"OPERATE_PROFIT":483630878.79,"PRETAX_PROFIT":472470325.75,"NETCASH_OPERATE":689213748.67,"NETCASH_INVEST":-28615600.28,"NETCASH_FINANCE":-726282728.41,"END_CASH":1694497678.02,"DIVI_RATIO":0.394364781072,"DIVIDEND_RATE":8.018867924528,"CURRENT_RATIO":3.592597864483,"COMMON_ACS":800000000,"CURRENTDEBT_DEBT":88.941867058475,"ISSUED_COMMON_SHARES":587107850,"HK_COMMON_SHARES":587107850,"PER_SHARES":1000,"TOTAL_MARKET_CAP":8712680494,"HKSK_MARKET_CAP":8712680494,"PE_TTM":6.919642079447,"PB_TTM":0.659079510159,"REPORT_DATE_SQ":"2023-06-30 00:00:00","REPORT_TYPE_SQ":"2023年中报","OPERATE_INCOME_SQ":6869406626.53,"DPS_HKD":1.19,"OPERATE_INCOME_QOQ_SQ":0,"NET_PROFIT_RATIO_SQ":12.5918661037,"HOLDER_PROFIT_SQ":865004837.13,"HOLDER_PROFIT_QOQ_SQ":0,"ROE_AVG_SQ":7.641224909791,"PE_TTM_SQ":7.872785686302,"PB_TTM_SQ":0.992554069115,"ROA_SQ":6.099745634438,"START_DATE":"2024-04-01 00:00:00","FISCAL_YEAR":"3-31","CURRENCY":"HKD","IS_CNY_CODE":0,"DPS_HKD_LY":1.19,"ORG_TYPE":"一般企业","PREMIUM_INCOME":null,"PREMIUM_INCOME_YOY":null,"NET_INTEREST_INCOME":null,"NET_INTEREST_INCOME_YOY":null,"FEE_COMMISSION_INCOME":null,"FEE_COMMISSION_INCOME_YOY":null,"ACCOUNTS_RECE_TDAYS":22.439399461731,"INVENTORY_TDAYS":0.377453175286,"CURRENT_ASSETS_TDAYS":0.438058707589,"TOTAL_ASSETS_TDAYS":0.320989413678,"PREMIUM_EXPENSE":null,"LOAN_DEPOSIT":null,"LOAN_EQUITY":null,"LOAN_ASSETS":null,"DEPOSIT_EQUITY":null,"DEPOSIT_ASSETS":null,"EQUITY_MULTIPLIER":1.298098936117,"EQUITY_RATIO":0.296965505722},{"SECUCODE":"00590.HK","SECURITY_CODE":"00590","SECURITY_NAME_ABBR":"六福集团","ORG_CODE":"10008986","STD_REPORT_DATE":"2023-12-31 00:00:00","REPORT_DATE":"2024-03-31 00:00:00","DATE_TYPE_CODE":"001","REPORT_TYPE":"2023年年报","PER_NETCASH_OPERATE":2.567694811354,"PER_OI":23.664733576804,"BPS":19.904705980341,"BASIC_EPS":2.7287155,"DILUTED_EPS":2.7287155,"OPERATE_INCOME":13893750851.1,"OPERATE_INCOME_YOY":27.9525931378,"GROSS_PROFIT":3784247020.45,"GROSS_PROFIT_YOY":33.817242397128,"HOLDER_PROFIT":1602150347.75,"HOLDER_PROFIT_YOY":37.5594762278,"GROSS_PROFIT_RATIO":27.237043912806,"EPS_TTM":2.375914303616,"OPERATE_INCOME_QOQ":0,"NET_PROFIT_RATIO":11.4696747911,"ROE_AVG":14.075214138092,"GROSS_PROFIT_QOQ":0,"ROA":11.121221474538,"HOLDER_PROFIT_QOQ":0,"ROE_YEARLY":14.075214138092,"ROIC_YEARLY":12.869900262742,"TOTAL_ASSETS":15279051719.2,"TOTAL_LIABILITIES":3617284987.3,"TAX_EBT":15.69138476473,"OCF_SALES":10.850300946851,"TOTAL_PARENT_EQUITY":11686209133,"DEBT_ASSET_RATIO":23.674800333,"OPERATE_PROFIT":1917918030.65,"PRETAX_PROFIT":1890160376.2,"NETCASH_OPERATE":1507513780.15,"NETCASH_INVEST":-704693950.8,"NETCASH_FINANCE":-1139837044.25,"END_CASH":1750195402.05,"DIVI_RATIO":0.452952574242,"DIVIDEND_RATE":8.275382475661,"CURRENT_RATIO":3.506675511806,"COMMON_ACS":800000000,"CURRENTDEBT_DEBT":88.136909592233,"ISSUED_COMMON_SHARES":587107850,"HK_COMMON_SHARES":587107850,"PER_SHARES":1000,"TOTAL_MARKET_CAP":8442610883,"HKSK_MARKET_CAP":8442610883,"PE_TTM":6.705151826311,"PB_TTM":0.638649821839,"REPORT_DATE_SQ":"2022-12-31 00:00:00","REPORT_TYPE_SQ":"2022年年报","OPERATE_INCOME_SQ":10485524416.04,"DPS_HKD":1.19,"OPERATE_INCOME_QOQ_SQ":0,"NET_PROFIT_RATIO_SQ":10.7258618496,"HOLDER_PROFIT_SQ":1124689125.37,"HOLDER_PROFIT_QOQ_SQ":0,"ROE_AVG_SQ":10.573941965486,"PE_TTM_SQ":7.498781615694,"PB_TTM_SQ":0.945401856805,"ROA_SQ":8.249165496877,"START_DATE":"2023-04-01 00:00:00","FISCAL_YEAR":"3-31","CURRENCY":"HKD","IS_CNY_CODE":0,"DPS_HKD_LY":1.27,"ORG_TYPE":"一般企业","PREMIUM_INCOME":null,"PREMIUM_INCOME_YOY":null,"NET_INTEREST_INCOME":null,"NET_INTEREST_INCOME_YOY":null,"FEE_COMMISSION_INCOME":null,"FEE_COMMISSION_INCOME_YOY":null,"ACCOUNTS_RECE_TDAYS":63.911967572707,"INVENTORY_TDAYS":1.210838324871,"CURRENT_ASSETS_TDAYS":1.261125608002,"TOTAL_ASSETS_TDAYS":0.964425595539,"PREMIUM_EXPENSE":null,"LOAN_DEPOSIT":null,"LOAN_EQUITY":null,"LOAN_ASSETS":null,"DEPOSIT_EQUITY":null,"DEPOSIT_ASSETS":null,"EQUITY_MULTIPLIER":1.310183274152,"EQUITY_RATIO":0.309534507395},{"SECUCODE":"00590.HK","SECURITY_CODE":"00590","SECURITY_NAME_ABBR":"六福集团","ORG_CODE":"10008986","STD_REPORT_DATE":"2023-06-30 00:00:00","REPORT_DATE":"2023-09-30 00:00:00","DATE_TYPE_CODE":"002","REPORT_TYPE":"2023年中报","PER_NETCASH_OPERATE":0.648418603703,"PER_OI":11.700416927708,"BPS":19.461016886693,"BASIC_EPS":1.4773843,"DILUTED_EPS":1.4773843,"OPERATE_INCOME":6869406626.53,"OPERATE_INCOME_YOY":34.3223371057,"GROSS_PROFIT":1909995457.72,"GROSS_PROFIT_YOY":45.017532654864,"HOLDER_PROFIT":865004837.13,"HOLDER_PROFIT_YOY":43.3432479038,"GROSS_PROFIT_RATIO":27.804373238636,"EPS_TTM":1.915643140132,"OPERATE_INCOME_QOQ":0,"NET_PROFIT_RATIO":12.5918661037,"ROE_AVG":7.641224909791,"GROSS_PROFIT_QOQ":0,"ROA":6.099745634438,"HOLDER_PROFIT_QOQ":0,"ROE_YEARLY":15.282449819583,"ROIC_YEARLY":14.332889034264,"TOTAL_ASSETS":14663152045.99,"TOTAL_LIABILITIES":3237911595.17,"TAX_EBT":17.128280780477,"OCF_SALES":5.541841865202,"TOTAL_PARENT_EQUITY":11425715783.16,"DEBT_ASSET_RATIO":22.0819615388,"OPERATE_PROFIT":1046401935.53,"PRETAX_PROFIT":1043765584.54,"NETCASH_OPERATE":380708169.66,"NETCASH_INVEST":-561110557.14,"NETCASH_FINANCE":161454245.61,"END_CASH":2068236163.07,"DIVI_RATIO":0.561783391413,"DIVIDEND_RATE":8.275382475661,"CURRENT_RATIO":3.913849060351,"COMMON_ACS":800000000,"CURRENTDEBT_DEBT":90.185597009998,"ISSUED_COMMON_SHARES":587107850,"HK_COMMON_SHARES":587107850,"PER_SHARES":1000,"TOTAL_MARKET_CAP":8442610883,"HKSK_MARKET_CAP":8442610883,"PE_TTM":6.705151826311,"PB_TTM":0.638649821839,"REPORT_DATE_SQ":"2022-06-30 00:00:00","REPORT_TYPE_SQ":"2022年中报","OPERATE_INCOME_SQ":5040610536.96,"DPS_HKD":1.19,"OPERATE_INCOME_QOQ_SQ":0,"NET_PROFIT_RATIO_SQ":11.7993233312,"HOLDER_PROFIT_SQ":594776023.92,"HOLDER_PROFIT_QOQ_SQ":0,"ROE_AVG_SQ":5.528662167634,"PE_TTM_SQ":7.498781615694,"PB_TTM_SQ":0.945401856805,"ROA_SQ":4.309809263064,"START_DATE":"2023-04-01 00:00:00","FISCAL_YEAR":"3-31","CURRENCY":"HKD","IS_CNY_CODE":0,"DPS_HKD_LY":1.27,"ORG_TYPE":"一般企业","PREMIUM_INCOME":null,"PREMIUM_INCOME_YOY":null,"NET_INTEREST_INCOME":null,"NET_INTEREST_INCOME_YOY":null,"FEE_COMMISSION_INCOME":null,"FEE_COMMISSION_INCOME_YOY":null,"ACCOUNTS_RECE_TDAYS":37.32890035778,"INVENTORY_TDAYS":0.590981534052,"CURRENT_ASSETS_TDAYS":0.61291186088,"TOTAL_ASSETS_TDAYS":0.484409234293,"PREMIUM_EXPENSE":null,"LOAN_DEPOSIT":null,"LOAN_EQUITY":null,"LOAN_ASSETS":null,"DEPOSIT_EQUITY":null,"DEPOSIT_ASSETS":null,"EQUITY_MULTIPLIER":1.283399864459,"EQUITY_RATIO":0.283388074465},{"SECUCODE":"00590.HK","SECURITY_CODE":"00590","SECURITY_NAME_ABBR":"六福集团","ORG_CODE":"10008986","STD_REPORT_DATE":"2022-12-31 00:00:00","REPORT_DATE":"2023-03-31 00:00:00","DATE_TYPE_CODE":"001","REPORT_TYPE":"2022年年报","PER_NETCASH_OPERATE":2.000206824198,"PER_OI":17.859622241535,"BPS":18.222837235782,"BASIC_EPS":1.9171479,"DILUTED_EPS":1.9171479,"OPERATE_INCOME":10485524416.04,"OPERATE_INCOME_YOY":2.0450249506,"GROSS_PROFIT":2827921837.77,"GROSS_PROFIT_YOY":7.826227195521,"HOLDER_PROFIT":1124689125.37,"HOLDER_PROFIT_YOY":-7.7283670075,"GROSS_PROFIT_RATIO":26.969770185686,"EPS_TTM":2.008589025849,"OPERATE_INCOME_QOQ":0,"NET_PROFIT_RATIO":10.7258618496,"ROE_AVG":10.573941965486,"GROSS_PROFIT_QOQ":0,"ROA":8.249165496877,"HOLDER_PROFIT_QOQ":0,"ROE_YEARLY":10.573941965486,"ROIC_YEARLY":10.152147844179,"TOTAL_ASSETS":13068563437.46,"TOTAL_LIABILITIES":2370228601.24,"TAX_EBT":17.929322450429,"OCF_SALES":11.19960320071,"TOTAL_PARENT_EQUITY":10698770790.4,"DEBT_ASSET_RATIO":18.1368718343,"OPERATE_PROFIT":1379799356.75,"PRETAX_PROFIT":1370358935.31,"NETCASH_OPERATE":1174337128.11,"NETCASH_INVEST":-56403541.71,"NETCASH_FINANCE":-2020883109.59,"END_CASH":2055157161.91,"DIVI_RATIO":0.535787304496,"DIVIDEND_RATE":8.275382475661,"CURRENT_RATIO":4.854343381185,"COMMON_ACS":800000000,"CURRENTDEBT_DEBT":91.094097868047,"ISSUED_COMMON_SHARES":587107850,"HK_COMMON_SHARES":587107850,"PER_SHARES":1000,"TOTAL_MARKET_CAP":8442610883,"HKSK_MARKET_CAP":8442610883,"PE_TTM":6.705151826311,"PB_TTM":0.638649821839,"REPORT_DATE_SQ":"2021-12-31 00:00:00","REPORT_TYPE_SQ":"2021年年报","OPERATE_INCOME_SQ":9519475611.03,"DPS_HKD":1.19,"OPERATE_INCOME_QOQ_SQ":0,"NET_PROFIT_RATIO_SQ":11.861989846,"HOLDER_PROFIT_SQ":1129221127.64,"HOLDER_PROFIT_QOQ_SQ":0,"ROE_AVG_SQ":11.898685423618,"PE_TTM_SQ":7.498781615694,"PB_TTM_SQ":0.945401856805,"ROA_SQ":9.061239396664,"START_DATE":"2022-04-01 00:00:00","FISCAL_YEAR":"3-31","CURRENCY":"HKD","IS_CNY_CODE":0,"DPS_HKD_LY":1.1,"ORG_TYPE":"一般企业","PREMIUM_INCOME":null,"PREMIUM_INCOME_YOY":null,"NET_INTEREST_INCOME":null,"NET_INTEREST_INCOME_YOY":null,"FEE_COMMISSION_INCOME":null,"FEE_COMMISSION_INCOME_YOY":null,"ACCOUNTS_RECE_TDAYS":57.275591567783,"INVENTORY_TDAYS":0.992791873074,"CURRENT_ASSETS_TDAYS":0.959190201654,"TOTAL_ASSETS_TDAYS":0.769073197903,"PREMIUM_EXPENSE":null,"LOAN_DEPOSIT":null,"LOAN_EQUITY":null,"LOAN_ASSETS":null,"DEPOSIT_EQUITY":null,"DEPOSIT_ASSETS":null,"EQUITY_MULTIPLIER":1.221551170114,"EQUITY_RATIO":0.221542142333},{"SECUCODE":"00590.HK","SECURITY_CODE":"00590","SECURITY_NAME_ABBR":"六福集团","ORG_CODE":"10008986","STD_REPORT_DATE":"2022-06-30 00:00:00","REPORT_DATE":"2022-09-30 00:00:00","DATE_TYPE_CODE":"002","REPORT_TYPE":"2022年中报","PER_NETCASH_OPERATE":1.455428002606,"PER_OI":8.585493341573,"BPS":18.039896808193,"BASIC_EPS":1.0129728,"DILUTED_EPS":1.0129728,"OPERATE_INCOME":5040610536.96,"OPERATE_INCOME_YOY":-0.3229159047,"GROSS_PROFIT":1317078992.28,"GROSS_PROFIT_YOY":5.432028467014,"HOLDER_PROFIT":594776023.92,"HOLDER_PROFIT_YOY":0.5684346713,"GROSS_PROFIT_RATIO":26.129354422894,"EPS_TTM":1.923362339032,"OPERATE_INCOME_QOQ":0,"NET_PROFIT_RATIO":11.7993233312,"ROE_AVG":5.528662167634,"GROSS_PROFIT_QOQ":0,"ROA":4.309809263064,"HOLDER_PROFIT_QOQ":0,"ROE_YEARLY":11.057324335267,"ROIC_YEARLY":10.690303033998,"TOTAL_ASSETS":12930776871.12,"TOTAL_LIABILITIES":2339853208.56,"TAX_EBT":18.228934809262,"OCF_SALES":16.952176709041,"TOTAL_PARENT_EQUITY":10591365029.28,"DEBT_ASSET_RATIO":18.0952253053,"OPERATE_PROFIT":740250675.72,"PRETAX_PROFIT":727345221.36,"NETCASH_OPERATE":854493205.44,"NETCASH_INVEST":-21337548.48,"NETCASH_FINANCE":-1674830234.28,"END_CASH":2188777359.84,"DIVI_RATIO":0.559528736817,"DIVIDEND_RATE":8.275382475661,"CURRENT_RATIO":4.776500933742,"COMMON_ACS":800000000,"CURRENTDEBT_DEBT":91.817551411363,"ISSUED_COMMON_SHARES":587107850,"HK_COMMON_SHARES":587107850,"PER_SHARES":1000,"TOTAL_MARKET_CAP":8442610883,"HKSK_MARKET_CAP":8442610883,"PE_TTM":6.705151826311,"PB_TTM":0.638649821839,"REPORT_DATE_SQ":"2021-06-30 00:00:00","REPORT_TYPE_SQ":"2021年中报","OPERATE_INCOME_SQ":4657837561.34,"DPS_HKD":1.19,"OPERATE_INCOME_QOQ_SQ":0,"NET_PROFIT_RATIO_SQ":11.6948318611,"HOLDER_PROFIT_SQ":544738767.06,"HOLDER_PROFIT_QOQ_SQ":0,"ROE_AVG_SQ":5.730269301652,"PE_TTM_SQ":7.498781615694,"PB_TTM_SQ":0.945401856805,"ROA_SQ":4.28430861756,"START_DATE":"2022-04-01 00:00:00","FISCAL_YEAR":"3-31","CURRENCY":"HKD","IS_CNY_CODE":0,"DPS_HKD_LY":1.1,"ORG_TYPE":"一般企业","PREMIUM_INCOME":null,"PREMIUM_INCOME_YOY":null,"NET_INTEREST_INCOME":null,"NET_INTEREST_INCOME_YOY":null,"FEE_COMMISSION_INCOME":null,"FEE_COMMISSION_INCOME_YOY":null,"ACCOUNTS_RECE_TDAYS":28.779228826819,"INVENTORY_TDAYS":0.484813352994,"CURRENT_ASSETS_TDAYS":0.457793065884,"TOTAL_ASSETS_TDAYS":0.365247910306,"PREMIUM_EXPENSE":null,"LOAN_DEPOSIT":null,"LOAN_EQUITY":null,"LOAN_ASSETS":null,"DEPOSIT_EQUITY":null,"DEPOSIT_ASSETS":null,"EQUITY_MULTIPLIER":1.220930041902,"EQUITY_RATIO":0.220920835236},{"SECUCODE":"00590.HK","SECURITY_CODE":"00590","SECURITY_NAME_ABBR":"六福集团","ORG_CODE":"10008986","STD_REPORT_DATE":"2021-12-31 00:00:00","REPORT_DATE":"2022-03-31 00:00:00","DATE_TYPE_CODE":"001","REPORT_TYPE":"2021年年报","PER_NETCASH_OPERATE":1.020742794326,"PER_OI":16.214185538534,"BPS":16.685497470286,"BASIC_EPS":1.9220937,"DILUTED_EPS":1.9220937,"OPERATE_INCOME":9519475611.03,"OPERATE_INCOME_YOY":32.4608876653,"GROSS_PROFIT":2622666035.27,"GROSS_PROFIT_YOY":17.884287212866,"HOLDER_PROFIT":1129221127.64,"HOLDER_PROFIT_YOY":36.8638649019,"GROSS_PROFIT_RATIO":27.550530537955,"EPS_TTM":1.956530826219,"OPERATE_INCOME_QOQ":0,"NET_PROFIT_RATIO":11.861989846,"ROE_AVG":11.898685423618,"GROSS_PROFIT_QOQ":0,"ROA":9.061239396664,"HOLDER_PROFIT_QOQ":0,"ROE_YEARLY":11.898685423618,"ROIC_YEARLY":11.752470401667,"TOTAL_ASSETS":13154800361.69,"TOTAL_LIABILITIES":3358993368.41,"TAX_EBT":17.301632838035,"OCF_SALES":6.295368903363,"TOTAL_PARENT_EQUITY":9796186545.96,"DEBT_ASSET_RATIO":25.5343545782,"OPERATE_PROFIT":1332671096.24,"PRETAX_PROFIT":1365443199.33,"NETCASH_OPERATE":599286107.38,"NETCASH_INVEST":-324231254.87,"NETCASH_FINANCE":-373173275.34,"END_CASH":2832076927.37,"DIVI_RATIO":0.550043211984,"DIVIDEND_RATE":8.275382475661,"CURRENT_RATIO":3.326524221291,"COMMON_ACS":800000000,"CURRENTDEBT_DEBT":94.37060405274,"ISSUED_COMMON_SHARES":587107850,"HK_COMMON_SHARES":587107850,"PER_SHARES":1000,"TOTAL_MARKET_CAP":8442610883,"HKSK_MARKET_CAP":8442610883,"PE_TTM":6.705151826311,"PB_TTM":0.638649821839,"REPORT_DATE_SQ":"2020-12-31 00:00:00","REPORT_TYPE_SQ":"2020年年报","OPERATE_INCOME_SQ":7489423115.3,"DPS_HKD":1.19,"OPERATE_INCOME_QOQ_SQ":0,"NET_PROFIT_RATIO_SQ":11.5009081589,"HOLDER_PROFIT_SQ":859831195.3,"HOLDER_PROFIT_QOQ_SQ":0,"ROE_AVG_SQ":9.377928197205,"PE_TTM_SQ":7.498781615694,"PB_TTM_SQ":0.945401856805,"ROA_SQ":7.154987428916,"START_DATE":"2021-04-01 00:00:00","FISCAL_YEAR":"3-31","CURRENCY":"HKD","IS_CNY_CODE":0,"DPS_HKD_LY":1.05,"ORG_TYPE":"一般企业","PREMIUM_INCOME":null,"PREMIUM_INCOME_YOY":null,"NET_INTEREST_INCOME":null,"NET_INTEREST_INCOME_YOY":null,"FEE_COMMISSION_INCOME":null,"FEE_COMMISSION_INCOME_YOY":null,"ACCOUNTS_RECE_TDAYS":48.728030919447,"INVENTORY_TDAYS":1.056990782005,"CURRENT_ASSETS_TDAYS":0.949094819382,"TOTAL_ASSETS_TDAYS":0.763873835964,"PREMIUM_EXPENSE":null,"LOAN_DEPOSIT":null,"LOAN_EQUITY":null,"LOAN_ASSETS":null,"DEPOSIT_EQUITY":null,"DEPOSIT_ASSETS":null,"EQUITY_MULTIPLIER":1.342901138284,"EQUITY_RATIO":0.3428878526},{"SECUCODE":"00590.HK","SECURITY_CODE":"00590","SECURITY_NAME_ABBR":"六福集团","ORG_CODE":"10008986","STD_REPORT_DATE":"2021-06-30 00:00:00","REPORT_DATE":"2021-09-30 00:00:00","DATE_TYPE_CODE":"002","REPORT_TYPE":"2021年中报","PER_NETCASH_OPERATE":0.642001002746,"PER_OI":7.933529693633,"BPS":16.314805768514,"BASIC_EPS":0.9246966,"DILUTED_EPS":0.9246966,"OPERATE_INCOME":4657837561.34,"OPERATE_INCOME_YOY":67.2133240983,"GROSS_PROFIT":1249220954.42,"GROSS_PROFIT_YOY":28.109577163941,"HOLDER_PROFIT":544738767.06,"HOLDER_PROFIT_YOY":124.5608552462,"GROSS_PROFIT_RATIO":26.819762131435,"EPS_TTM":1.464520011613,"OPERATE_INCOME_QOQ":0,"NET_PROFIT_RATIO":11.6948318611,"ROE_AVG":5.730269301652,"GROSS_PROFIT_QOQ":0,"ROA":4.28430861756,"HOLDER_PROFIT_QOQ":0,"ROE_YEARLY":11.460538603304,"ROIC_YEARLY":11.504851242976,"TOTAL_ASSETS":13340083850.18,"TOTAL_LIABILITIES":3761913187.62,"TAX_EBT":18.999130389541,"OCF_SALES":8.092249320768,"TOTAL_PARENT_EQUITY":9578550537.92,"DEBT_ASSET_RATIO":28.2000715278,"OPERATE_PROFIT":649724320.5,"PRETAX_PROFIT":672494349.48,"NETCASH_OPERATE":376923828.42,"NETCASH_INVEST":-50606728.88,"NETCASH_FINANCE":218414169.98,"END_CASH":3536462992.88,"DIVI_RATIO":0.734832225894,"DIVIDEND_RATE":8.275382475661,"CURRENT_RATIO":3.12651670062,"COMMON_ACS":800000000,"CURRENTDEBT_DEBT":93.28622737571,"ISSUED_COMMON_SHARES":587107850,"HK_COMMON_SHARES":587107850,"PER_SHARES":1000,"TOTAL_MARKET_CAP":8442610883,"HKSK_MARKET_CAP":8442610883,"PE_TTM":6.705151826311,"PB_TTM":0.638649821839,"REPORT_DATE_SQ":"2020-06-30 00:00:00","REPORT_TYPE_SQ":"2020年中报","OPERATE_INCOME_SQ":2938242846.72,"DPS_HKD":1.19,"OPERATE_INCOME_QOQ_SQ":0,"NET_PROFIT_RATIO_SQ":8.7626384064,"HOLDER_PROFIT_SQ":255875355.52,"HOLDER_PROFIT_QOQ_SQ":0,"ROE_AVG_SQ":2.772785488133,"PE_TTM_SQ":7.498781615694,"PB_TTM_SQ":0.945401856805,"ROA_SQ":2.136674495023,"START_DATE":"2021-04-01 00:00:00","FISCAL_YEAR":"3-31","CURRENCY":"HKD","IS_CNY_CODE":0,"DPS_HKD_LY":1.05,"ORG_TYPE":"一般企业","PREMIUM_INCOME":null,"PREMIUM_INCOME_YOY":null,"NET_INTEREST_INCOME":null,"NET_INTEREST_INCOME_YOY":null,"FEE_COMMISSION_INCOME":null,"FEE_COMMISSION_INCOME_YOY":null,"ACCOUNTS_RECE_TDAYS":24.175351362102,"INVENTORY_TDAYS":0.530854143495,"CURRENT_ASSETS_TDAYS":0.449032673501,"TOTAL_ASSETS_TDAYS":0.366333641186,"PREMIUM_EXPENSE":null,"LOAN_DEPOSIT":null,"LOAN_EQUITY":null,"LOAN_ASSETS":null,"DEPOSIT_EQUITY":null,"DEPOSIT_ASSETS":null,"EQUITY_MULTIPLIER":1.392759047646,"EQUITY_RATIO":0.392743471231},{"SECUCODE":"00590.HK","SECURITY_CODE":"00590","SECURITY_NAME_ABBR":"六福集团","ORG_CODE":"10008986","STD_REPORT_DATE":"2020-12-31 00:00:00","REPORT_DATE":"2021-03-31 00:00:00","DATE_TYPE_CODE":"001","REPORT_TYPE":"2020年年报","PER_NETCASH_OPERATE":3.521041037145,"PER_OI":12.75646904619,"BPS":16.302593066504,"BASIC_EPS":1.4621614,"DILUTED_EPS":1.4621614,"OPERATE_INCOME":7489423115.3,"OPERATE_INCOME_YOY":-21.1187854906,"GROSS_PROFIT":2224779991.7,"GROSS_PROFIT_YOY":-26.725900474538,"HOLDER_PROFIT":859831195.3,"HOLDER_PROFIT_YOY":17.4324581705,"GROSS_PROFIT_RATIO":29.705625619616,"EPS_TTM":1.021545022759,"OPERATE_INCOME_QOQ":0,"NET_PROFIT_RATIO":11.5009081589,"ROE_AVG":9.377928197205,"GROSS_PROFIT_QOQ":0,"ROA":7.154987428916,"HOLDER_PROFIT_QOQ":0,"ROE_YEARLY":9.377928197205,"ROIC_YEARLY":9.191454491081,"TOTAL_ASSETS":12265285122.02,"TOTAL_LIABILITIES":2694277481.7,"TAX_EBT":18.822370218498,"OCF_SALES":27.602003535585,"TOTAL_PARENT_EQUITY":9571380364.7,"DEBT_ASSET_RATIO":21.9666926198,"OPERATE_PROFIT":1051499425.34,"PRETAX_PROFIT":1061070243.66,"NETCASH_OPERATE":2067230833.08,"NETCASH_INVEST":-173980303,"NETCASH_FINANCE":-1300371973.32,"END_CASH":2997303247.82,"DIVI_RATIO":1.053479265254,"DIVIDEND_RATE":8.275382475661,"CURRENT_RATIO":3.981552016919,"COMMON_ACS":800000000,"CURRENTDEBT_DEBT":92.438613909527,"ISSUED_COMMON_SHARES":587107850,"HK_COMMON_SHARES":587107850,"PER_SHARES":1000,"TOTAL_MARKET_CAP":8442610883,"HKSK_MARKET_CAP":8442610883,"PE_TTM":6.705151826311,"PB_TTM":0.638649821839,"REPORT_DATE_SQ":"2019-12-31 00:00:00","REPORT_TYPE_SQ":"2019年年报","OPERATE_INCOME_SQ":10264296562.7,"DPS_HKD":1.19,"OPERATE_INCOME_QOQ_SQ":0,"NET_PROFIT_RATIO_SQ":7.7236041219,"HOLDER_PROFIT_SQ":791552015.5,"HOLDER_PROFIT_QOQ_SQ":0,"ROE_AVG_SQ":8.294471126515,"PE_TTM_SQ":7.498781615694,"PB_TTM_SQ":0.945401856805,"ROA_SQ":6.111867173781,"START_DATE":"2020-04-01 00:00:00","FISCAL_YEAR":"3-31","CURRENCY":"HKD","IS_CNY_CODE":0,"DPS_HKD_LY":0.775,"ORG_TYPE":"一般企业","PREMIUM_INCOME":null,"PREMIUM_INCOME_YOY":null,"NET_INTEREST_INCOME":null,"NET_INTEREST_INCOME_YOY":null,"FEE_COMMISSION_INCOME":null,"FEE_COMMISSION_INCOME_YOY":null,"ACCOUNTS_RECE_TDAYS":34.842769150314,"INVENTORY_TDAYS":0.838656430666,"CURRENT_ASSETS_TDAYS":0.776860667009,"TOTAL_ASSETS_TDAYS":0.623223820358,"PREMIUM_EXPENSE":null,"LOAN_DEPOSIT":null,"LOAN_EQUITY":null,"LOAN_ASSETS":null,"DEPOSIT_EQUITY":null,"DEPOSIT_ASSETS":null,"EQUITY_MULTIPLIER":1.281504057143,"EQUITY_RATIO":0.281493094939},{"SECUCODE":"00590.HK","SECURITY_CODE":"00590","SECURITY_NAME_ABBR":"六福集团","ORG_CODE":"10008986","STD_REPORT_DATE":"2020-06-30 00:00:00","REPORT_DATE":"2020-09-30 00:00:00","DATE_TYPE_CODE":"002","REPORT_TYPE":"2020年中报","PER_NETCASH_OPERATE":2.204950052703,"PER_OI":5.004604940506,"BPS":15.912529363046,"BASIC_EPS":0.43936,"DILUTED_EPS":0.43936,"OPERATE_INCOME":2938242846.72,"OPERATE_INCOME_YOY":-46.9686694525,"GROSS_PROFIT":975119098.88,"GROSS_PROFIT_YOY":-42.687590226718,"HOLDER_PROFIT":255875355.52,"HOLDER_PROFIT_YOY":-41.3279790773,"GROSS_PROFIT_RATIO":33.187151292431,"EPS_TTM":1.348222503753,"OPERATE_INCOME_QOQ":0,"NET_PROFIT_RATIO":8.7626384064,"ROE_AVG":2.772785488133,"GROSS_PROFIT_QOQ":0,"ROA":2.136674495023,"HOLDER_PROFIT_QOQ":0,"ROE_YEARLY":5.545570976266,"ROIC_YEARLY":5.327402511878,"TOTAL_ASSETS":11714585382.4,"TOTAL_LIABILITIES":2372590572.16,"TAX_EBT":19.974490422984,"OCF_SALES":44.058423770013,"TOTAL_PARENT_EQUITY":9342370902.4,"DEBT_ASSET_RATIO":20.2533038491,"OPERATE_PROFIT":340170086.4,"PRETAX_PROFIT":321731904.64,"NETCASH_OPERATE":1294543484.8,"NETCASH_INVEST":-126716696.32,"NETCASH_FINANCE":-1295533802.24,"END_CASH":2318607287.68,"DIVI_RATIO":0.798218763598,"DIVIDEND_RATE":8.275382475661,"CURRENT_RATIO":4.402537866021,"COMMON_ACS":800000000,"CURRENTDEBT_DEBT":87.470431135981,"ISSUED_COMMON_SHARES":587107850,"HK_COMMON_SHARES":587107850,"PER_SHARES":1000,"TOTAL_MARKET_CAP":8442610883,"HKSK_MARKET_CAP":8442610883,"PE_TTM":6.705151826311,"PB_TTM":0.638649821839,"REPORT_DATE_SQ":"2019-06-30 00:00:00","REPORT_TYPE_SQ":"2019年中报","OPERATE_INCOME_SQ":5687429220.84,"DPS_HKD":1.19,"OPERATE_INCOME_QOQ_SQ":0,"NET_PROFIT_RATIO_SQ":7.8868929615,"HOLDER_PROFIT_SQ":447670269.03,"HOLDER_PROFIT_QOQ_SQ":0,"ROE_AVG_SQ":4.766321069662,"PE_TTM_SQ":7.498781615694,"PB_TTM_SQ":0.945401856805,"ROA_SQ":3.446948481072,"START_DATE":"2020-04-01 00:00:00","FISCAL_YEAR":"3-31","CURRENCY":"HKD","IS_CNY_CODE":0,"DPS_HKD_LY":0.775,"ORG_TYPE":"一般企业","PREMIUM_INCOME":null,"PREMIUM_INCOME_YOY":null,"NET_INTEREST_INCOME":null,"NET_INTEREST_INCOME_YOY":null,"FEE_COMMISSION_INCOME":null,"FEE_COMMISSION_INCOME_YOY":null,"ACCOUNTS_RECE_TDAYS":15.686290699011,"INVENTORY_TDAYS":0.309042294409,"CURRENT_ASSETS_TDAYS":0.311365378832,"TOTAL_ASSETS_TDAYS":0.245356515011,"PREMIUM_EXPENSE":null,"LOAN_DEPOSIT":null,"LOAN_EQUITY":null,"LOAN_ASSETS":null,"DEPOSIT_EQUITY":null,"DEPOSIT_ASSETS":null,"EQUITY_MULTIPLIER":1.253970444252,"EQUITY_RATIO":0.253960220264}],"count":48},"success":true,"message":"ok","code":0}