{"version":"8d7346bbd2939e6f53e498f73a2e229d","result":{"pages":6,"data":[{"SECUCODE":"00595.HK","SECURITY_CODE":"00595","SECURITY_NAME_ABBR":"AV CONCEPT HOLD","ORG_CODE":"10008989","STD_REPORT_DATE":"2024-06-30 00:00:00","REPORT_DATE":"2024-09-30 00:00:00","DATE_TYPE_CODE":"002","REPORT_TYPE":"2024年中报","PER_NETCASH_OPERATE":0.006125313818,"PER_OI":0.624541840009,"BPS":1.738103448014,"BASIC_EPS":0.05591098,"DILUTED_EPS":0.05591098,"OPERATE_INCOME":567498250.58,"OPERATE_INCOME_YOY":55.1001998822,"GROSS_PROFIT":8715800.35,"GROSS_PROFIT_YOY":-7.945685895201,"HOLDER_PROFIT":50786107.43,"HOLDER_PROFIT_YOY":77.9986725244,"GROSS_PROFIT_RATIO":1.535828584686,"EPS_TTM":0.108909116757,"OPERATE_INCOME_QOQ":0,"NET_PROFIT_RATIO":8.9491214075,"ROE_AVG":3.254510875627,"GROSS_PROFIT_QOQ":0,"ROA":2.952842708182,"HOLDER_PROFIT_QOQ":0,"ROE_YEARLY":6.509021751254,"ROIC_YEARLY":6.184783545754,"TOTAL_ASSETS":1751556636.69,"TOTAL_LIABILITIES":172205818.4,"TAX_EBT":0.196710852768,"OCF_SALES":0.980769169651,"TOTAL_PARENT_EQUITY":1579350818.29,"DEBT_ASSET_RATIO":9.8315872175,"OPERATE_PROFIT":-25749711.66,"PRETAX_PROFIT":50886206.12,"NETCASH_OPERATE":5565847.88,"NETCASH_INVEST":881048.83,"NETCASH_FINANCE":10507657.08,"END_CASH":86379758.73,"DIVI_RATIO":0.249280324811,"DIVIDEND_RATE":6.25,"CURRENT_RATIO":1.416848786713,"COMMON_ACS":2000000000,"CURRENTDEBT_DEBT":92.731985756179,"ISSUED_COMMON_SHARES":908663302,"HK_COMMON_SHARES":908663302,"PER_SHARES":2000,"TOTAL_MARKET_CAP":436158384.96,"HKSK_MARKET_CAP":436158384.96,"PE_TTM":3.258780082038,"PB_TTM":0.249041103103,"REPORT_DATE_SQ":"2023-06-30 00:00:00","REPORT_TYPE_SQ":"2023年中报","OPERATE_INCOME_SQ":372318278.57,"DPS_HKD":0.03,"OPERATE_INCOME_QOQ_SQ":0,"NET_PROFIT_RATIO_SQ":7.7978700593,"HOLDER_PROFIT_SQ":29032895.57,"HOLDER_PROFIT_QOQ_SQ":0,"ROE_AVG_SQ":1.96024189059,"PE_TTM_SQ":10.751503307105,"PB_TTM_SQ":0.223787336061,"ROA_SQ":1.778768512441,"START_DATE":"2024-04-01 00:00:00","FISCAL_YEAR":"3-31","CURRENCY":"HKD","IS_CNY_CODE":0,"DPS_HKD_LY":0.03,"ORG_TYPE":"一般企业","PREMIUM_INCOME":null,"PREMIUM_INCOME_YOY":null,"NET_INTEREST_INCOME":null,"NET_INTEREST_INCOME_YOY":null,"FEE_COMMISSION_INCOME":null,"FEE_COMMISSION_INCOME_YOY":null,"ACCOUNTS_RECE_TDAYS":24.713884579889,"INVENTORY_TDAYS":6.15953597487,"CURRENT_ASSETS_TDAYS":2.648711214371,"TOTAL_ASSETS_TDAYS":0.329958950573,"PREMIUM_EXPENSE":null,"LOAN_DEPOSIT":null,"LOAN_EQUITY":null,"LOAN_ASSETS":null,"DEPOSIT_EQUITY":null,"DEPOSIT_ASSETS":null,"EQUITY_MULTIPLIER":1.109035824344,"EQUITY_RATIO":0.109035824344},{"SECUCODE":"00595.HK","SECURITY_CODE":"00595","SECURITY_NAME_ABBR":"AV CONCEPT HOLD","ORG_CODE":"10008989","STD_REPORT_DATE":"2023-12-31 00:00:00","REPORT_DATE":"2024-03-31 00:00:00","DATE_TYPE_CODE":"001","REPORT_TYPE":"2023年年报","PER_NETCASH_OPERATE":-0.033796216027,"PER_OI":0.982004801708,"BPS":1.705531154872,"BASIC_EPS":0.108876655,"DILUTED_EPS":0.108876655,"OPERATE_INCOME":892311725.7,"OPERATE_INCOME_YOY":49.1336468649,"GROSS_PROFIT":32934054.95,"GROSS_PROFIT_YOY":778.386450629692,"HOLDER_PROFIT":98961717.65,"HOLDER_PROFIT_YOY":168.0951913159,"GROSS_PROFIT_RATIO":3.690868785139,"EPS_TTM":0.03280728235,"OPERATE_INCOME_QOQ":0,"NET_PROFIT_RATIO":11.0904871918,"ROE_AVG":6.589137577665,"GROSS_PROFIT_QOQ":0,"ROA":6.021616767392,"HOLDER_PROFIT_QOQ":0,"ROE_YEARLY":6.589137577665,"ROIC_YEARLY":6.386475272687,"TOTAL_ASSETS":1697165853.25,"TOTAL_LIABILITIES":147412282.4,"TAX_EBT":1.013773904843,"OCF_SALES":-3.441553031919,"TOTAL_PARENT_EQUITY":1549753570.85,"DEBT_ASSET_RATIO":8.6857912041,"OPERATE_PROFIT":-67142719.2,"PRETAX_PROFIT":99975240.55,"NETCASH_OPERATE":-30709381.25,"NETCASH_INVEST":-13424192.4,"NETCASH_FINANCE":4078568.45,"END_CASH":69210559.75,"DIVI_RATIO":0.827526636013,"DIVIDEND_RATE":6.521739130435,"CURRENT_RATIO":1.508133115464,"COMMON_ACS":2000000000,"CURRENTDEBT_DEBT":91.454909967529,"ISSUED_COMMON_SHARES":908663302,"HK_COMMON_SHARES":908663302,"PER_SHARES":2000,"TOTAL_MARKET_CAP":417985118.92,"HKSK_MARKET_CAP":417985118.92,"PE_TTM":3.122997578619,"PB_TTM":0.238664390473,"REPORT_DATE_SQ":"2022-12-31 00:00:00","REPORT_TYPE_SQ":"2022年年报","OPERATE_INCOME_SQ":577777603.28,"DPS_HKD":0.03,"OPERATE_INCOME_QOQ_SQ":0,"NET_PROFIT_RATIO_SQ":6.1693191598,"HOLDER_PROFIT_SQ":35644944.38,"HOLDER_PROFIT_QOQ_SQ":0,"ROE_AVG_SQ":2.531796687735,"PE_TTM_SQ":11.020290889783,"PB_TTM_SQ":0.229382019462,"ROA_SQ":2.327372577666,"START_DATE":"2023-04-01 00:00:00","FISCAL_YEAR":"3-31","CURRENCY":"HKD","IS_CNY_CODE":0,"DPS_HKD_LY":0.01,"ORG_TYPE":"一般企业","PREMIUM_INCOME":null,"PREMIUM_INCOME_YOY":null,"NET_INTEREST_INCOME":null,"NET_INTEREST_INCOME_YOY":null,"FEE_COMMISSION_INCOME":null,"FEE_COMMISSION_INCOME_YOY":null,"ACCOUNTS_RECE_TDAYS":53.420205693197,"INVENTORY_TDAYS":17.970730135259,"CURRENT_ASSETS_TDAYS":4.569291832045,"TOTAL_ASSETS_TDAYS":0.542953313343,"PREMIUM_EXPENSE":null,"LOAN_DEPOSIT":null,"LOAN_EQUITY":null,"LOAN_ASSETS":null,"DEPOSIT_EQUITY":null,"DEPOSIT_ASSETS":null,"EQUITY_MULTIPLIER":1.095119821095,"EQUITY_RATIO":0.095119821095},{"SECUCODE":"00595.HK","SECURITY_CODE":"00595","SECURITY_NAME_ABBR":"AV CONCEPT HOLD","ORG_CODE":"10008989","STD_REPORT_DATE":"2023-06-30 00:00:00","REPORT_DATE":"2023-09-30 00:00:00","DATE_TYPE_CODE":"002","REPORT_TYPE":"2023年中报","PER_NETCASH_OPERATE":-0.068389271464,"PER_OI":0.409742836263,"BPS":1.640182176797,"BASIC_EPS":0.031933524,"DILUTED_EPS":0.031933524,"OPERATE_INCOME":372318278.57,"OPERATE_INCOME_YOY":5.053311308,"GROSS_PROFIT":9468106.34,"GROSS_PROFIT_YOY":348.126894652154,"HOLDER_PROFIT":29032895.57,"HOLDER_PROFIT_YOY":-17.9294959923,"GROSS_PROFIT_RATIO":2.543014105127,"EPS_TTM":0.039227890354,"OPERATE_INCOME_QOQ":0,"NET_PROFIT_RATIO":7.7978700593,"ROE_AVG":1.96024189059,"GROSS_PROFIT_QOQ":0,"ROA":1.778768512441,"HOLDER_PROFIT_QOQ":0,"ROE_YEARLY":3.920483781181,"ROIC_YEARLY":3.766744924734,"TOTAL_ASSETS":1655235676.08,"TOTAL_LIABILITIES":156218248.83,"TAX_EBT":0.465599144304,"OCF_SALES":-16.690779047614,"TOTAL_PARENT_EQUITY":1490373352.65,"DEBT_ASSET_RATIO":9.437825144,"OPERATE_PROFIT":-34131247.85,"PRETAX_PROFIT":29168704.81,"NETCASH_OPERATE":-62142821.23,"NETCASH_INVEST":-14532506.31,"NETCASH_FINANCE":18732498.82,"END_CASH":52644433.1,"DIVI_RATIO":0.692081571419,"DIVIDEND_RATE":6.521739130435,"CURRENT_RATIO":1.207458145029,"COMMON_ACS":2000000000,"CURRENTDEBT_DEBT":91.503221903067,"ISSUED_COMMON_SHARES":908663302,"HK_COMMON_SHARES":908663302,"PER_SHARES":2000,"TOTAL_MARKET_CAP":417985118.92,"HKSK_MARKET_CAP":417985118.92,"PE_TTM":3.122997578619,"PB_TTM":0.238664390473,"REPORT_DATE_SQ":"2022-06-30 00:00:00","REPORT_TYPE_SQ":"2022年中报","OPERATE_INCOME_SQ":349314625.68,"DPS_HKD":0.03,"OPERATE_INCOME_QOQ_SQ":0,"NET_PROFIT_RATIO_SQ":9.9815650067,"HOLDER_PROFIT_SQ":34867066.44,"HOLDER_PROFIT_QOQ_SQ":0,"ROE_AVG_SQ":2.393642451871,"PE_TTM_SQ":11.020290889783,"PB_TTM_SQ":0.229382019462,"ROA_SQ":2.222556605982,"START_DATE":"2023-04-01 00:00:00","FISCAL_YEAR":"3-31","CURRENCY":"HKD","IS_CNY_CODE":0,"DPS_HKD_LY":0.01,"ORG_TYPE":"一般企业","PREMIUM_INCOME":null,"PREMIUM_INCOME_YOY":null,"NET_INTEREST_INCOME":null,"NET_INTEREST_INCOME_YOY":null,"FEE_COMMISSION_INCOME":null,"FEE_COMMISSION_INCOME_YOY":null,"ACCOUNTS_RECE_TDAYS":40.843466881417,"INVENTORY_TDAYS":19.642880206652,"CURRENT_ASSETS_TDAYS":2.056227891467,"TOTAL_ASSETS_TDAYS":0.2281095349,"PREMIUM_EXPENSE":null,"LOAN_DEPOSIT":null,"LOAN_EQUITY":null,"LOAN_ASSETS":null,"DEPOSIT_EQUITY":null,"DEPOSIT_ASSETS":null,"EQUITY_MULTIPLIER":1.10421376429,"EQUITY_RATIO":0.104818197771},{"SECUCODE":"00595.HK","SECURITY_CODE":"00595","SECURITY_NAME_ABBR":"AV CONCEPT HOLD","ORG_CODE":"10008989","STD_REPORT_DATE":"2022-12-31 00:00:00","REPORT_DATE":"2023-03-31 00:00:00","DATE_TYPE_CODE":"001","REPORT_TYPE":"2022年年报","PER_NETCASH_OPERATE":-0.008404737842,"PER_OI":0.635854449066,"BPS":1.545219337536,"BASIC_EPS":0.039218368,"DILUTED_EPS":0.039218368,"OPERATE_INCOME":577777603.28,"OPERATE_INCOME_YOY":-36.6867827587,"GROSS_PROFIT":3749381.03,"GROSS_PROFIT_YOY":-87.754348364664,"HOLDER_PROFIT":35644944.38,"HOLDER_PROFIT_YOY":-82.3747624675,"GROSS_PROFIT_RATIO":0.648931528103,"EPS_TTM":0.128477568108,"OPERATE_INCOME_QOQ":0,"NET_PROFIT_RATIO":6.1693191598,"ROE_AVG":2.531796687735,"GROSS_PROFIT_QOQ":0,"ROA":2.327372577666,"HOLDER_PROFIT_QOQ":0,"ROE_YEARLY":2.531796687735,"ROIC_YEARLY":2.539629078684,"TOTAL_ASSETS":1535109346.49,"TOTAL_LIABILITIES":122778878.73,"TAX_EBT":0.301167943978,"OCF_SALES":-1.321802159974,"TOTAL_PARENT_EQUITY":1404084105.56,"DEBT_ASSET_RATIO":7.9980542761,"OPERATE_PROFIT":-68431675.11,"PRETAX_PROFIT":35752619.81,"NETCASH_OPERATE":-7637076.84,"NETCASH_INVEST":11553661.18,"NETCASH_FINANCE":-29728048.19,"END_CASH":106249387.11,"DIVI_RATIO":0.211312374602,"DIVIDEND_RATE":6.521739130435,"CURRENT_RATIO":1.643192973803,"COMMON_ACS":2000000000,"CURRENTDEBT_DEBT":89.624464360834,"ISSUED_COMMON_SHARES":908663302,"HK_COMMON_SHARES":908663302,"PER_SHARES":2000,"TOTAL_MARKET_CAP":417985118.92,"HKSK_MARKET_CAP":417985118.92,"PE_TTM":3.122997578619,"PB_TTM":0.238664390473,"REPORT_DATE_SQ":"2021-12-31 00:00:00","REPORT_TYPE_SQ":"2021年年报","OPERATE_INCOME_SQ":845436563.49,"DPS_HKD":0.03,"OPERATE_INCOME_QOQ_SQ":0,"NET_PROFIT_RATIO_SQ":22.1613719232,"HOLDER_PROFIT_SQ":187360341.21,"HOLDER_PROFIT_QOQ_SQ":0,"ROE_AVG_SQ":15.261225642474,"PE_TTM_SQ":11.020290889783,"PB_TTM_SQ":0.229382019462,"ROA_SQ":13.866477955655,"START_DATE":"2022-04-01 00:00:00","FISCAL_YEAR":"3-31","CURRENCY":"HKD","IS_CNY_CODE":0,"DPS_HKD_LY":0.05,"ORG_TYPE":"一般企业","PREMIUM_INCOME":null,"PREMIUM_INCOME_YOY":null,"NET_INTEREST_INCOME":null,"NET_INTEREST_INCOME_YOY":null,"FEE_COMMISSION_INCOME":null,"FEE_COMMISSION_INCOME_YOY":null,"ACCOUNTS_RECE_TDAYS":74.514027660175,"INVENTORY_TDAYS":21.622178622657,"CURRENT_ASSETS_TDAYS":2.837584642834,"TOTAL_ASSETS_TDAYS":0.377249501508,"PREMIUM_EXPENSE":null,"LOAN_DEPOSIT":null,"LOAN_EQUITY":null,"LOAN_ASSETS":null,"DEPOSIT_EQUITY":null,"DEPOSIT_ASSETS":null,"EQUITY_MULTIPLIER":1.086933533994,"EQUITY_RATIO":0.087444105552},{"SECUCODE":"00595.HK","SECURITY_CODE":"00595","SECURITY_NAME_ABBR":"AV CONCEPT HOLD","ORG_CODE":"10008989","STD_REPORT_DATE":"2022-06-30 00:00:00","REPORT_DATE":"2022-09-30 00:00:00","DATE_TYPE_CODE":"002","REPORT_TYPE":"2022年中报","PER_NETCASH_OPERATE":-0.001160580644,"PER_OI":0.384426910288,"BPS":1.601025974834,"BASIC_EPS":0.038348256,"DILUTED_EPS":0.038348256,"OPERATE_INCOME":349314625.68,"OPERATE_INCOME_YOY":-15.7393873019,"GROSS_PROFIT":-3815832.36,"GROSS_PROFIT_YOY":-122.720740259948,"HOLDER_PROFIT":34867066.44,"HOLDER_PROFIT_YOY":-69.554504316,"GROSS_PROFIT_RATIO":-1.092376923117,"EPS_TTM":0.206193362049,"OPERATE_INCOME_QOQ":0,"NET_PROFIT_RATIO":9.9815650067,"ROE_AVG":2.393642451871,"GROSS_PROFIT_QOQ":0,"ROA":2.222556605982,"HOLDER_PROFIT_QOQ":0,"ROE_YEARLY":4.787284903741,"ROIC_YEARLY":4.840825116387,"TOTAL_ASSETS":1558896401.76,"TOTAL_LIABILITIES":95583028.08,"TAX_EBT":0.222584569195,"OCF_SALES":-0.301898907882,"TOTAL_PARENT_EQUITY":1454793548.88,"DEBT_ASSET_RATIO":6.1314547889,"OPERATE_PROFIT":-40030514.4,"PRETAX_PROFIT":34944848.28,"NETCASH_OPERATE":-1054577.04,"NETCASH_INVEST":-906248.88,"NETCASH_FINANCE":-34414846.44,"END_CASH":101754926.64,"DIVI_RATIO":0.131667187198,"DIVIDEND_RATE":6.976744186047,"CURRENT_RATIO":2.09935597512,"COMMON_ACS":2000000000,"CURRENTDEBT_DEBT":85.951249976344,"ISSUED_COMMON_SHARES":908663302,"HK_COMMON_SHARES":908663302,"PER_SHARES":2000,"TOTAL_MARKET_CAP":390725219.86,"HKSK_MARKET_CAP":390725219.86,"PE_TTM":2.919323823492,"PB_TTM":0.223099321529,"REPORT_DATE_SQ":"2021-06-30 00:00:00","REPORT_TYPE_SQ":"2021年中报","OPERATE_INCOME_SQ":381846379.96,"DPS_HKD":0.03,"OPERATE_INCOME_QOQ_SQ":0,"NET_PROFIT_RATIO_SQ":27.624867464,"HOLDER_PROFIT_SQ":105484556.38,"HOLDER_PROFIT_QOQ_SQ":0,"ROE_AVG_SQ":8.650565600504,"PE_TTM_SQ":10.348321933089,"PB_TTM_SQ":0.215395310959,"ROA_SQ":7.773458950731,"START_DATE":"2022-04-01 00:00:00","FISCAL_YEAR":"3-31","CURRENCY":"HKD","IS_CNY_CODE":0,"DPS_HKD_LY":0.05,"ORG_TYPE":"一般企业","PREMIUM_INCOME":null,"PREMIUM_INCOME_YOY":null,"NET_INTEREST_INCOME":null,"NET_INTEREST_INCOME_YOY":null,"FEE_COMMISSION_INCOME":null,"FEE_COMMISSION_INCOME_YOY":null,"ACCOUNTS_RECE_TDAYS":72.170793235541,"INVENTORY_TDAYS":11.611282935823,"CURRENT_ASSETS_TDAYS":1.719086470198,"TOTAL_ASSETS_TDAYS":0.222666145489,"PREMIUM_EXPENSE":null,"LOAN_DEPOSIT":null,"LOAN_EQUITY":null,"LOAN_ASSETS":null,"DEPOSIT_EQUITY":null,"DEPOSIT_ASSETS":null,"EQUITY_MULTIPLIER":1.065319588954,"EQUITY_RATIO":0.065702125332},{"SECUCODE":"00595.HK","SECURITY_CODE":"00595","SECURITY_NAME_ABBR":"AV CONCEPT HOLD","ORG_CODE":"10008989","STD_REPORT_DATE":"2021-12-31 00:00:00","REPORT_DATE":"2022-03-31 00:00:00","DATE_TYPE_CODE":"001","REPORT_TYPE":"2021年年报","PER_NETCASH_OPERATE":0.070000299506,"PER_OI":0.93041785844,"BPS":1.439307692147,"BASIC_EPS":0.206158742,"DILUTED_EPS":0.206158742,"OPERATE_INCOME":845436563.49,"OPERATE_INCOME_YOY":-16.0101034516,"GROSS_PROFIT":30618060.53,"GROSS_PROFIT_YOY":-34.105763801091,"HOLDER_PROFIT":187360341.21,"HOLDER_PROFIT_YOY":-14.3694308123,"GROSS_PROFIT_RATIO":3.621568057526,"EPS_TTM":0.269537084904,"OPERATE_INCOME_QOQ":0,"NET_PROFIT_RATIO":22.1613719232,"ROE_AVG":15.261225642474,"GROSS_PROFIT_QOQ":0,"ROA":13.866477955655,"HOLDER_PROFIT_QOQ":0,"ROE_YEARLY":15.261225642474,"ROIC_YEARLY":15.218468930631,"TOTAL_ASSETS":1415588758.64,"TOTAL_LIABILITIES":100099720.26,"TAX_EBT":2.123846564478,"OCF_SALES":7.523533525381,"TOTAL_PARENT_EQUITY":1307846080.14,"DEBT_ASSET_RATIO":7.0712429474,"OPERATE_PROFIT":-26426760.85,"PRETAX_PROFIT":191425934.34,"NETCASH_OPERATE":63606703.29,"NETCASH_INVEST":-16335363.42,"NETCASH_FINANCE":-25048854.86,"END_CASH":123458430.28,"DIVI_RATIO":0.100724173112,"DIVIDEND_RATE":6.521739130435,"CURRENT_RATIO":2.386827364089,"COMMON_ACS":2000000000,"CURRENTDEBT_DEBT":87.794305899891,"ISSUED_COMMON_SHARES":908663302,"HK_COMMON_SHARES":908663302,"PER_SHARES":2000,"TOTAL_MARKET_CAP":417985118.92,"HKSK_MARKET_CAP":417985118.92,"PE_TTM":3.122997578619,"PB_TTM":0.238664390473,"REPORT_DATE_SQ":"2020-12-31 00:00:00","REPORT_TYPE_SQ":"2020年年报","OPERATE_INCOME_SQ":1049003608.8,"DPS_HKD":0.03,"OPERATE_INCOME_QOQ_SQ":0,"NET_PROFIT_RATIO_SQ":21.7156530987,"HOLDER_PROFIT_SQ":228019421.84,"HOLDER_PROFIT_QOQ_SQ":0,"ROE_AVG_SQ":20.877957955123,"PE_TTM_SQ":11.020290889783,"PB_TTM_SQ":0.229382019462,"ROA_SQ":18.103934492784,"START_DATE":"2021-04-01 00:00:00","FISCAL_YEAR":"3-31","CURRENCY":"HKD","IS_CNY_CODE":0,"DPS_HKD_LY":0.04,"ORG_TYPE":"一般企业","PREMIUM_INCOME":null,"PREMIUM_INCOME_YOY":null,"NET_INTEREST_INCOME":null,"NET_INTEREST_INCOME_YOY":null,"FEE_COMMISSION_INCOME":null,"FEE_COMMISSION_INCOME_YOY":null,"ACCOUNTS_RECE_TDAYS":47.945222490514,"INVENTORY_TDAYS":25.586594170603,"CURRENT_ASSETS_TDAYS":4.042262614512,"TOTAL_ASSETS_TDAYS":0.625704852736,"PREMIUM_EXPENSE":null,"LOAN_DEPOSIT":null,"LOAN_EQUITY":null,"LOAN_ASSETS":null,"DEPOSIT_EQUITY":null,"DEPOSIT_ASSETS":null,"EQUITY_MULTIPLIER":1.076093161812,"EQUITY_RATIO":0.076537844766},{"SECUCODE":"00595.HK","SECURITY_CODE":"00595","SECURITY_NAME_ABBR":"AV CONCEPT HOLD","ORG_CODE":"10008989","STD_REPORT_DATE":"2021-06-30 00:00:00","REPORT_DATE":"2021-09-30 00:00:00","DATE_TYPE_CODE":"002","REPORT_TYPE":"2021年中报","PER_NETCASH_OPERATE":0.022653142803,"PER_OI":0.420228679996,"BPS":1.386717238659,"BASIC_EPS":0.116128564,"DILUTED_EPS":0.116128564,"OPERATE_INCOME":381846379.96,"OPERATE_INCOME_YOY":-15.6700807118,"GROSS_PROFIT":16794489.6,"GROSS_PROFIT_YOY":-22.7186640414,"HOLDER_PROFIT":105484556.38,"HOLDER_PROFIT_YOY":25.6031028052,"GROSS_PROFIT_RATIO":4.398231980557,"EPS_TTM":0.250939397836,"OPERATE_INCOME_QOQ":0,"NET_PROFIT_RATIO":27.624867464,"ROE_AVG":8.650565600504,"GROSS_PROFIT_QOQ":0,"ROA":7.773458950731,"HOLDER_PROFIT_QOQ":0,"ROE_YEARLY":17.301131201008,"ROIC_YEARLY":16.924837164789,"TOTAL_ASSETS":1392221534.84,"TOTAL_LIABILITIES":123775221.74,"TAX_EBT":1.729128993954,"OCF_SALES":5.390670337678,"TOTAL_PARENT_EQUITY":1260059065.02,"DEBT_ASSET_RATIO":8.8904832056,"OPERATE_PROFIT":-12673341.78,"PRETAX_PROFIT":107340614.06,"NETCASH_OPERATE":20584079.54,"NETCASH_INVEST":-181607.08,"NETCASH_FINANCE":-23116581.94,"END_CASH":100632814.94,"DIVI_RATIO":0.108189069688,"DIVIDEND_RATE":6.976744186047,"CURRENT_RATIO":1.842785070129,"COMMON_ACS":2000000000,"CURRENTDEBT_DEBT":89.78186688563,"ISSUED_COMMON_SHARES":908663302,"HK_COMMON_SHARES":908663302,"PER_SHARES":2000,"TOTAL_MARKET_CAP":390725219.86,"HKSK_MARKET_CAP":390725219.86,"PE_TTM":2.919323823492,"PB_TTM":0.223099321529,"REPORT_DATE_SQ":"2020-06-30 00:00:00","REPORT_TYPE_SQ":"2020年中报","OPERATE_INCOME_SQ":477618590.08,"DPS_HKD":0.03,"OPERATE_INCOME_QOQ_SQ":0,"NET_PROFIT_RATIO_SQ":18.4154218924,"HOLDER_PROFIT_SQ":88585520.64,"HOLDER_PROFIT_QOQ_SQ":0,"ROE_AVG_SQ":8.330403303008,"PE_TTM_SQ":10.348321933089,"PB_TTM_SQ":0.215395310959,"ROA_SQ":7.221521009403,"START_DATE":"2021-04-01 00:00:00","FISCAL_YEAR":"3-31","CURRENCY":"HKD","IS_CNY_CODE":0,"DPS_HKD_LY":0.04,"ORG_TYPE":"一般企业","PREMIUM_INCOME":null,"PREMIUM_INCOME_YOY":null,"NET_INTEREST_INCOME":null,"NET_INTEREST_INCOME_YOY":null,"FEE_COMMISSION_INCOME":null,"FEE_COMMISSION_INCOME_YOY":null,"ACCOUNTS_RECE_TDAYS":13.829740371415,"INVENTORY_TDAYS":9.453466798982,"CURRENT_ASSETS_TDAYS":1.822681019091,"TOTAL_ASSETS_TDAYS":0.281393529249,"PREMIUM_EXPENSE":null,"LOAN_DEPOSIT":null,"LOAN_EQUITY":null,"LOAN_ASSETS":null,"DEPOSIT_EQUITY":null,"DEPOSIT_ASSETS":null,"EQUITY_MULTIPLIER":1.097580181724,"EQUITY_RATIO":0.098229698255},{"SECUCODE":"00595.HK","SECURITY_CODE":"00595","SECURITY_NAME_ABBR":"AV CONCEPT HOLD","ORG_CODE":"10008989","STD_REPORT_DATE":"2020-12-31 00:00:00","REPORT_DATE":"2021-03-31 00:00:00","DATE_TYPE_CODE":"001","REPORT_TYPE":"2020年年报","PER_NETCASH_OPERATE":0.16038605567,"PER_OI":1.154446984368,"BPS":1.3160868627,"BASIC_EPS":0.250933942,"DILUTED_EPS":0.250933942,"OPERATE_INCOME":1049003608.8,"OPERATE_INCOME_YOY":-7.1909167996,"GROSS_PROFIT":46465460.86,"GROSS_PROFIT_YOY":67.868806602956,"HOLDER_PROFIT":228019421.84,"HOLDER_PROFIT_YOY":188.7193262203,"GROSS_PROFIT_RATIO":4.429485320184,"EPS_TTM":0.139540774378,"OPERATE_INCOME_QOQ":0,"NET_PROFIT_RATIO":21.7156530987,"ROE_AVG":20.877957955123,"GROSS_PROFIT_QOQ":0,"ROA":18.103934492784,"HOLDER_PROFIT_QOQ":0,"ROE_YEARLY":20.877957955123,"ROIC_YEARLY":19.643710729489,"TOTAL_ASSETS":1340975265.7,"TOTAL_LIABILITIES":136586159.08,"TAX_EBT":2.599035841543,"OCF_SALES":13.89289052177,"TOTAL_PARENT_EQUITY":1195879834.38,"DEBT_ASSET_RATIO":10.1855837743,"OPERATE_PROFIT":-33223180.62,"PRETAX_PROFIT":233876519.24,"NETCASH_OPERATE":145736922.94,"NETCASH_INVEST":327084.66,"NETCASH_FINANCE":-116491159.4,"END_CASH":105054183.64,"DIVI_RATIO":0.194558903095,"DIVIDEND_RATE":6.521739130435,"CURRENT_RATIO":1.755613969208,"COMMON_ACS":2000000000,"CURRENTDEBT_DEBT":90.630917168917,"ISSUED_COMMON_SHARES":908663302,"HK_COMMON_SHARES":908663302,"PER_SHARES":2000,"TOTAL_MARKET_CAP":417985118.92,"HKSK_MARKET_CAP":417985118.92,"PE_TTM":3.122997578619,"PB_TTM":0.238664390473,"REPORT_DATE_SQ":"2019-12-31 00:00:00","REPORT_TYPE_SQ":"2019年年报","OPERATE_INCOME_SQ":1221914766.2,"DPS_HKD":0.03,"OPERATE_INCOME_QOQ_SQ":0,"NET_PROFIT_RATIO_SQ":6.7860043101,"HOLDER_PROFIT_SQ":85378869.1,"HOLDER_PROFIT_QOQ_SQ":0,"ROE_AVG_SQ":8.229350554763,"PE_TTM_SQ":11.020290889783,"PB_TTM_SQ":0.229382019462,"ROA_SQ":6.894030554389,"START_DATE":"2020-04-01 00:00:00","FISCAL_YEAR":"3-31","CURRENCY":"HKD","IS_CNY_CODE":0,"DPS_HKD_LY":0.035,"ORG_TYPE":"一般企业","PREMIUM_INCOME":null,"PREMIUM_INCOME_YOY":null,"NET_INTEREST_INCOME":null,"NET_INTEREST_INCOME_YOY":null,"FEE_COMMISSION_INCOME":null,"FEE_COMMISSION_INCOME_YOY":null,"ACCOUNTS_RECE_TDAYS":21.808980768048,"INVENTORY_TDAYS":20.378700156339,"CURRENT_ASSETS_TDAYS":4.136372725455,"TOTAL_ASSETS_TDAYS":0.83287171168,"PREMIUM_EXPENSE":null,"LOAN_DEPOSIT":null,"LOAN_EQUITY":null,"LOAN_ASSETS":null,"DEPOSIT_EQUITY":null,"DEPOSIT_ASSETS":null,"EQUITY_MULTIPLIER":1.113407003044,"EQUITY_RATIO":0.114213949557},{"SECUCODE":"00595.HK","SECURITY_CODE":"00595","SECURITY_NAME_ABBR":"AV CONCEPT HOLD","ORG_CODE":"10008989","STD_REPORT_DATE":"2020-06-30 00:00:00","REPORT_DATE":"2020-09-30 00:00:00","DATE_TYPE_CODE":"002","REPORT_TYPE":"2020年中报","PER_NETCASH_OPERATE":0.07439588258,"PER_OI":0.525627687427,"BPS":1.209631541519,"BASIC_EPS":0.097450048,"DILUTED_EPS":0.097450048,"OPERATE_INCOME":477618590.08,"OPERATE_INCOME_YOY":-25.103793045,"GROSS_PROFIT":21731624.32,"GROSS_PROFIT_YOY":36.446977339767,"HOLDER_PROFIT":88585520.64,"HOLDER_PROFIT_YOY":92.7829728644,"GROSS_PROFIT_RATIO":4.549995492504,"EPS_TTM":0.093960952216,"OPERATE_INCOME_QOQ":0,"NET_PROFIT_RATIO":18.4154218924,"ROE_AVG":8.330403303008,"GROSS_PROFIT_QOQ":0,"ROA":7.221521009403,"HOLDER_PROFIT_QOQ":0,"ROE_YEARLY":16.660806606017,"ROIC_YEARLY":15.414343036104,"TOTAL_ASSETS":1228598184.96,"TOTAL_LIABILITIES":120016456.32,"TAX_EBT":0.127715195115,"OCF_SALES":14.153722180009,"TOTAL_PARENT_EQUITY":1099147790.72,"DEBT_ASSET_RATIO":9.768568584,"OPERATE_PROFIT":-13303820.8,"PRETAX_PROFIT":88067954.56,"NETCASH_OPERATE":67600808.32,"NETCASH_INVEST":951653.76,"NETCASH_FINANCE":-88267424,"END_CASH":57941918.08,"DIVI_RATIO":0.288938110562,"DIVIDEND_RATE":6.521739130435,"CURRENT_RATIO":2.21059709298,"COMMON_ACS":2000000000,"CURRENTDEBT_DEBT":88.201872881294,"ISSUED_COMMON_SHARES":908663302,"HK_COMMON_SHARES":908663302,"PER_SHARES":2000,"TOTAL_MARKET_CAP":417985118.92,"HKSK_MARKET_CAP":417985118.92,"PE_TTM":3.122997578619,"PB_TTM":0.238664390473,"REPORT_DATE_SQ":"2019-06-30 00:00:00","REPORT_TYPE_SQ":"2019年中报","OPERATE_INCOME_SQ":654609403.23,"DPS_HKD":0.03,"OPERATE_INCOME_QOQ_SQ":0,"NET_PROFIT_RATIO_SQ":6.9689123812,"HOLDER_PROFIT_SQ":47168808.93,"HOLDER_PROFIT_QOQ_SQ":0,"ROE_AVG_SQ":4.680179248905,"PE_TTM_SQ":11.020290889783,"PB_TTM_SQ":0.229382019462,"ROA_SQ":3.939234262517,"START_DATE":"2020-04-01 00:00:00","FISCAL_YEAR":"3-31","CURRENCY":"HKD","IS_CNY_CODE":0,"DPS_HKD_LY":0.035,"ORG_TYPE":"一般企业","PREMIUM_INCOME":null,"PREMIUM_INCOME_YOY":null,"NET_INTEREST_INCOME":null,"NET_INTEREST_INCOME_YOY":null,"FEE_COMMISSION_INCOME":null,"FEE_COMMISSION_INCOME_YOY":null,"ACCOUNTS_RECE_TDAYS":8.461528881555,"INVENTORY_TDAYS":7.96010801522,"CURRENT_ASSETS_TDAYS":1.784177597458,"TOTAL_ASSETS_TDAYS":0.389356257978,"PREMIUM_EXPENSE":null,"LOAN_DEPOSIT":null,"LOAN_EQUITY":null,"LOAN_ASSETS":null,"DEPOSIT_EQUITY":null,"DEPOSIT_ASSETS":null,"EQUITY_MULTIPLIER":1.108261261411,"EQUITY_RATIO":0.109190463133}],"count":47},"success":true,"message":"ok","code":0}