{"version":"2da801de3c1ff41a21c91147058ad49d","result":{"pages":6,"data":[{"SECUCODE":"00605.HK","SECURITY_CODE":"00605","SECURITY_NAME_ABBR":"中国金融投资管理","ORG_CODE":"10008995","STD_REPORT_DATE":"2024-06-30 00:00:00","REPORT_DATE":"2024-06-30 00:00:00","DATE_TYPE_CODE":"002","REPORT_TYPE":"2024年中报","PER_NETCASH_OPERATE":0.010762752974,"PER_OI":0.220815233725,"BPS":2.611725047325,"BASIC_EPS":-0.0821412,"DILUTED_EPS":null,"OPERATE_INCOME":46213551.8,"OPERATE_INCOME_YOY":-13.0147223033,"GROSS_PROFIT":null,"GROSS_PROFIT_YOY":null,"HOLDER_PROFIT":-16723035.64,"HOLDER_PROFIT_YOY":84.3526900085,"GROSS_PROFIT_RATIO":null,"EPS_TTM":-0.256725181232,"OPERATE_INCOME_QOQ":-6.213431217298,"NET_PROFIT_RATIO":-35.3806655475,"ROE_AVG":-3.004738411636,"GROSS_PROFIT_QOQ":null,"ROA":-0.859539442976,"HOLDER_PROFIT_QOQ":62.937802284939,"ROE_YEARLY":-6.009476823272,"ROIC_YEARLY":-2.199189721672,"TOTAL_ASSETS":1869894220.6,"TOTAL_LIABILITIES":1253126980.92,"TAX_EBT":-28.708958976938,"OCF_SALES":4.874098943419,"TOTAL_PARENT_EQUITY":546597663.24,"DEBT_ASSET_RATIO":67.0159288753,"OPERATE_PROFIT":-11866665.36,"PRETAX_PROFIT":-12703592.92,"NETCASH_OPERATE":2252494.24,"NETCASH_INVEST":1273188.6,"NETCASH_FINANCE":-123307631.4,"END_CASH":292718380.32,"DIVI_RATIO":null,"DIVIDEND_RATE":null,"CURRENT_RATIO":1.13041714087,"COMMON_ACS":null,"CURRENTDEBT_DEBT":96.568729201854,"ISSUED_COMMON_SHARES":209286067,"HK_COMMON_SHARES":209286067,"PER_SHARES":2000,"TOTAL_MARKET_CAP":311836239.83,"HKSK_MARKET_CAP":311836239.83,"PE_TTM":-5.095779717787,"PB_TTM":0.520687735255,"REPORT_DATE_SQ":"2023-06-30 00:00:00","REPORT_TYPE_SQ":"2023年中报","OPERATE_INCOME_SQ":53669377.78,"DPS_HKD":null,"OPERATE_INCOME_QOQ_SQ":-10.307420904623,"NET_PROFIT_RATIO_SQ":-128.2794132367,"HOLDER_PROFIT_SQ":-107963858,"HOLDER_PROFIT_QOQ_SQ":-155.597853272054,"ROE_AVG_SQ":-16.209452145434,"PE_TTM_SQ":-0.974783730787,"PB_TTM_SQ":0.19167994462,"ROA_SQ":-4.707581215826,"START_DATE":"2024-01-01 00:00:00","FISCAL_YEAR":"12-31","CURRENCY":"HKD","IS_CNY_CODE":0,"DPS_HKD_LY":null,"ORG_TYPE":"证券","PREMIUM_INCOME":null,"PREMIUM_INCOME_YOY":null,"NET_INTEREST_INCOME":46817745.96,"NET_INTEREST_INCOME_YOY":null,"FEE_COMMISSION_INCOME":null,"FEE_COMMISSION_INCOME_YOY":null,"ACCOUNTS_RECE_TDAYS":null,"INVENTORY_TDAYS":null,"CURRENT_ASSETS_TDAYS":0.032499541085,"TOTAL_ASSETS_TDAYS":0.023753086119,"PREMIUM_EXPENSE":null,"LOAN_DEPOSIT":null,"LOAN_EQUITY":null,"LOAN_ASSETS":null,"DEPOSIT_EQUITY":null,"DEPOSIT_ASSETS":null,"EQUITY_MULTIPLIER":3.031766443322,"EQUITY_RATIO":2.292594837475},{"SECUCODE":"00605.HK","SECURITY_CODE":"00605","SECURITY_NAME_ABBR":"中国金融投资管理","ORG_CODE":"10008995","STD_REPORT_DATE":"2023-12-31 00:00:00","REPORT_DATE":"2023-12-31 00:00:00","DATE_TYPE_CODE":"001","REPORT_TYPE":"2023年年报","PER_NETCASH_OPERATE":1.241963447476,"PER_OI":0.573355458297,"BPS":2.687725222912,"BASIC_EPS":-0.7159138,"DILUTED_EPS":null,"OPERATE_INCOME":119995308.86,"OPERATE_INCOME_YOY":-42.4095997773,"GROSS_PROFIT":null,"GROSS_PROFIT_YOY":null,"HOLDER_PROFIT":-144969825.84,"HOLDER_PROFIT_YOY":-204.4012710977,"GROSS_PROFIT_RATIO":null,"EPS_TTM":-0.692687420229,"OPERATE_INCOME_QOQ":-46.970909215836,"NET_PROFIT_RATIO":-119.0124836685,"ROE_AVG":-22.684001222315,"GROSS_PROFIT_QOQ":null,"ROA":-6.584486128793,"HOLDER_PROFIT_QOQ":-20.820367859643,"ROE_YEARLY":-22.684001222315,"ROIC_YEARLY":-8.347158560374,"TOTAL_ASSETS":2006961029.22,"TOTAL_LIABILITIES":1372657777.54,"TAX_EBT":-1.360364822188,"OCF_SALES":216.613172422647,"TOTAL_PARENT_EQUITY":562503441.08,"DEBT_ASSET_RATIO":68.3948396384,"OPERATE_PROFIT":-145960324.3,"PRETAX_PROFIT":-140892742.06,"NETCASH_OPERATE":259925645.28,"NETCASH_INVEST":-17189180.96,"NETCASH_FINANCE":-200270995.12,"END_CASH":411357725.94,"DIVI_RATIO":null,"DIVIDEND_RATE":null,"CURRENT_RATIO":1.103488933832,"COMMON_ACS":null,"CURRENTDEBT_DEBT":96.754553851009,"ISSUED_COMMON_SHARES":209286067,"HK_COMMON_SHARES":209286067,"PER_SHARES":2000,"TOTAL_MARKET_CAP":370436338.59,"HKSK_MARKET_CAP":370436338.59,"PE_TTM":-6.053375906365,"PB_TTM":0.6185350949,"REPORT_DATE_SQ":"2022-12-31 00:00:00","REPORT_TYPE_SQ":"2022年年报","OPERATE_INCOME_SQ":205382424.94,"DPS_HKD":null,"OPERATE_INCOME_QOQ_SQ":7.204713799968,"NET_PROFIT_RATIO_SQ":-17.262330489,"HOLDER_PROFIT_SQ":-46944018.31,"HOLDER_PROFIT_QOQ_SQ":69.837284347901,"ROE_AVG_SQ":-6.133844399495,"PE_TTM_SQ":-0.479268667637,"PB_TTM_SQ":0.094242639438,"ROA_SQ":-1.747954959552,"START_DATE":"2023-01-01 00:00:00","FISCAL_YEAR":"12-31","CURRENCY":"HKD","IS_CNY_CODE":0,"DPS_HKD_LY":null,"ORG_TYPE":"证券","PREMIUM_INCOME":null,"PREMIUM_INCOME_YOY":null,"NET_INTEREST_INCOME":119143462.06,"NET_INTEREST_INCOME_YOY":null,"FEE_COMMISSION_INCOME":null,"FEE_COMMISSION_INCOME_YOY":null,"ACCOUNTS_RECE_TDAYS":null,"INVENTORY_TDAYS":null,"CURRENT_ASSETS_TDAYS":0.07453219317,"TOTAL_ASSETS_TDAYS":0.054501510375,"PREMIUM_EXPENSE":null,"LOAN_DEPOSIT":null,"LOAN_EQUITY":null,"LOAN_ASSETS":null,"DEPOSIT_EQUITY":null,"DEPOSIT_ASSETS":null,"EQUITY_MULTIPLIER":3.164040266079,"EQUITY_RATIO":2.44026556514},{"SECUCODE":"00605.HK","SECURITY_CODE":"00605","SECURITY_NAME_ABBR":"中国金融投资管理","ORG_CODE":"10008995","STD_REPORT_DATE":"2023-06-30 00:00:00","REPORT_DATE":"2023-06-30 00:00:00","DATE_TYPE_CODE":"002","REPORT_TYPE":"2023年中报","PER_NETCASH_OPERATE":0.842533482938,"PER_OI":0.256440280757,"BPS":2.885998329645,"BASIC_EPS":-0.5347484,"DILUTED_EPS":null,"OPERATE_INCOME":53669377.78,"OPERATE_INCOME_YOY":-29.3921333051,"GROSS_PROFIT":null,"GROSS_PROFIT_YOY":null,"HOLDER_PROFIT":-107963858,"HOLDER_PROFIT_YOY":-186.7778512478,"GROSS_PROFIT_RATIO":null,"EPS_TTM":-0.573320072186,"OPERATE_INCOME_QOQ":-10.307420904623,"NET_PROFIT_RATIO":-128.2794132367,"ROE_AVG":-16.209452145434,"GROSS_PROFIT_QOQ":null,"ROA":-4.707581215826,"HOLDER_PROFIT_QOQ":-155.597853272054,"ROE_YEARLY":-32.418904290868,"ROIC_YEARLY":-11.824666749638,"TOTAL_ASSETS":2148717723.06,"TOTAL_LIABILITIES":1473514889.86,"TAX_EBT":-13.430296593502,"OCF_SALES":212.698377392484,"TOTAL_PARENT_EQUITY":603999239.78,"DEBT_ASSET_RATIO":68.5764758231,"OPERATE_PROFIT":-101163333.52,"PRETAX_PROFIT":-93754302.24,"NETCASH_OPERATE":176330518.96,"NETCASH_INVEST":5723651.84,"NETCASH_FINANCE":-140144647.92,"END_CASH":408973732.36,"DIVI_RATIO":null,"DIVIDEND_RATE":null,"CURRENT_RATIO":1.092718018791,"COMMON_ACS":null,"CURRENTDEBT_DEBT":96.344653727584,"ISSUED_COMMON_SHARES":209286067,"HK_COMMON_SHARES":209286067,"PER_SHARES":2000,"TOTAL_MARKET_CAP":370436338.59,"HKSK_MARKET_CAP":370436338.59,"PE_TTM":-6.053375906365,"PB_TTM":0.6185350949,"REPORT_DATE_SQ":"2022-06-30 00:00:00","REPORT_TYPE_SQ":"2022年中报","OPERATE_INCOME_SQ":108905880.93,"DPS_HKD":null,"OPERATE_INCOME_QOQ_SQ":-8.194351218427,"NET_PROFIT_RATIO_SQ":-30.5001295672,"HOLDER_PROFIT_SQ":-34919973.27,"HOLDER_PROFIT_QOQ_SQ":23.876976726756,"ROE_AVG_SQ":-4.632422761756,"PE_TTM_SQ":-0.479268667637,"PB_TTM_SQ":0.094242639438,"ROA_SQ":-1.285340125021,"START_DATE":"2023-01-01 00:00:00","FISCAL_YEAR":"12-31","CURRENCY":"HKD","IS_CNY_CODE":0,"DPS_HKD_LY":null,"ORG_TYPE":"证券","PREMIUM_INCOME":null,"PREMIUM_INCOME_YOY":null,"NET_INTEREST_INCOME":62412514.12,"NET_INTEREST_INCOME_YOY":null,"FEE_COMMISSION_INCOME":null,"FEE_COMMISSION_INCOME_YOY":null,"ACCOUNTS_RECE_TDAYS":0.765873746809,"INVENTORY_TDAYS":null,"CURRENT_ASSETS_TDAYS":0.049698315302,"TOTAL_ASSETS_TDAYS":0.03614787192,"PREMIUM_EXPENSE":null,"LOAN_DEPOSIT":null,"LOAN_EQUITY":null,"LOAN_ASSETS":null,"DEPOSIT_EQUITY":null,"DEPOSIT_ASSETS":null,"EQUITY_MULTIPLIER":3.182329245983,"EQUITY_RATIO":2.43959725909},{"SECUCODE":"00605.HK","SECURITY_CODE":"00605","SECURITY_NAME_ABBR":"中国金融投资管理","ORG_CODE":"10008995","STD_REPORT_DATE":"2022-12-31 00:00:00","REPORT_DATE":"2022-12-31 00:00:00","DATE_TYPE_CODE":"001","REPORT_TYPE":"2022年年报","PER_NETCASH_OPERATE":1.054973871911,"PER_OI":0.981347816814,"BPS":3.370686165888,"BASIC_EPS":-0.2322502,"DILUTED_EPS":null,"OPERATE_INCOME":205382424.94,"OPERATE_INCOME_YOY":-9.9172947439,"GROSS_PROFIT":null,"GROSS_PROFIT_YOY":null,"HOLDER_PROFIT":-46944018.31,"HOLDER_PROFIT_YOY":78.9842640913,"GROSS_PROFIT_RATIO":null,"EPS_TTM":-0.224305511508,"OPERATE_INCOME_QOQ":7.204713799968,"NET_PROFIT_RATIO":-17.262330489,"ROE_AVG":-6.133844399495,"GROSS_PROFIT_QOQ":null,"ROA":-1.747954959552,"HOLDER_PROFIT_QOQ":69.837284347901,"ROE_YEARLY":-6.133844399495,"ROIC_YEARLY":-2.162749658836,"TOTAL_ASSETS":2362169440.89,"TOTAL_LIABILITIES":1584075888.15,"TAX_EBT":-154.046167474337,"OCF_SALES":87.516198704104,"TOTAL_PARENT_EQUITY":705437650.75,"DEBT_ASSET_RATIO":67.060214256,"OPERATE_PROFIT":-16298604.42,"PRETAX_PROFIT":-17142744.57,"NETCASH_OPERATE":220791332.44,"NETCASH_INVEST":18772962.32,"NETCASH_FINANCE":-363032074.16,"END_CASH":367665465.65,"DIVI_RATIO":null,"DIVIDEND_RATE":null,"CURRENT_RATIO":1.191475114826,"COMMON_ACS":null,"CURRENTDEBT_DEBT":91.62588216055,"ISSUED_COMMON_SHARES":209286067,"HK_COMMON_SHARES":209286067,"PER_SHARES":2000,"TOTAL_MARKET_CAP":370436338.59,"HKSK_MARKET_CAP":370436338.59,"PE_TTM":-6.053375906365,"PB_TTM":0.6185350949,"REPORT_DATE_SQ":"2021-12-31 00:00:00","REPORT_TYPE_SQ":"2021年年报","OPERATE_INCOME_SQ":256336404.8,"DPS_HKD":null,"OPERATE_INCOME_QOQ_SQ":-31.226054653778,"NET_PROFIT_RATIO_SQ":-78.5046073175,"HOLDER_PROFIT_SQ":-204453144,"HOLDER_PROFIT_QOQ_SQ":77.074125566866,"ROE_AVG_SQ":-24.189780442906,"PE_TTM_SQ":-0.479268667637,"PB_TTM_SQ":0.094242639438,"ROA_SQ":-6.74302733115,"START_DATE":"2022-01-01 00:00:00","FISCAL_YEAR":"12-31","CURRENCY":"HKD","IS_CNY_CODE":0,"DPS_HKD_LY":null,"ORG_TYPE":"证券","PREMIUM_INCOME":null,"PREMIUM_INCOME_YOY":null,"NET_INTEREST_INCOME":179391841.02,"NET_INTEREST_INCOME_YOY":null,"FEE_COMMISSION_INCOME":null,"FEE_COMMISSION_INCOME_YOY":null,"ACCOUNTS_RECE_TDAYS":null,"INVENTORY_TDAYS":null,"CURRENT_ASSETS_TDAYS":0.126375287128,"TOTAL_ASSETS_TDAYS":0.093938484811,"PREMIUM_EXPENSE":null,"LOAN_DEPOSIT":null,"LOAN_EQUITY":null,"LOAN_ASSETS":null,"DEPOSIT_EQUITY":null,"DEPOSIT_ASSETS":null,"EQUITY_MULTIPLIER":3.035842454386,"EQUITY_RATIO":2.245522175441},{"SECUCODE":"00605.HK","SECURITY_CODE":"00605","SECURITY_NAME_ABBR":"中国金融投资管理","ORG_CODE":"10008995","STD_REPORT_DATE":"2022-06-30 00:00:00","REPORT_DATE":"2022-06-30 00:00:00","DATE_TYPE_CODE":"002","REPORT_TYPE":"2022年中报","PER_NETCASH_OPERATE":0.109371903577,"PER_OI":0.520368519945,"BPS":3.4287719925,"BASIC_EPS":-0.171038,"DILUTED_EPS":null,"OPERATE_INCOME":108905880.93,"OPERATE_INCOME_YOY":-18.4342334495,"GROSS_PROFIT":null,"GROSS_PROFIT_YOY":null,"HOLDER_PROFIT":-34919973.27,"HOLDER_PROFIT_YOY":59.4250566398,"GROSS_PROFIT_RATIO":null,"EPS_TTM":-0.743651579969,"OPERATE_INCOME_QOQ":-8.194351218427,"NET_PROFIT_RATIO":-30.5001295672,"ROE_AVG":-4.632422761756,"GROSS_PROFIT_QOQ":null,"ROA":-1.285340125021,"HOLDER_PROFIT_QOQ":23.876976726756,"ROE_YEARLY":-9.264845523512,"ROIC_YEARLY":-3.154337996899,"TOTAL_ASSETS":2552718204.68,"TOTAL_LIABILITIES":1763993571.48,"TAX_EBT":-104.071875164189,"OCF_SALES":21.018162972037,"TOTAL_PARENT_EQUITY":717594204.95,"DEBT_ASSET_RATIO":69.1025577459,"OPERATE_PROFIT":-16941313.9,"PRETAX_PROFIT":-16276831.27,"NETCASH_OPERATE":22890015.54,"NETCASH_INVEST":9119746.16,"NETCASH_FINANCE":-125602610.49,"END_CASH":369563516.98,"DIVI_RATIO":null,"DIVIDEND_RATE":null,"CURRENT_RATIO":1.171645898882,"COMMON_ACS":null,"CURRENTDEBT_DEBT":91.773081002884,"ISSUED_COMMON_SHARES":209286067,"HK_COMMON_SHARES":209286067,"PER_SHARES":2000,"TOTAL_MARKET_CAP":370436338.59,"HKSK_MARKET_CAP":370436338.59,"PE_TTM":-6.053375906365,"PB_TTM":0.6185350949,"REPORT_DATE_SQ":"2021-06-30 00:00:00","REPORT_TYPE_SQ":"2021年中报","OPERATE_INCOME_SQ":129910986.24,"DPS_HKD":null,"OPERATE_INCOME_QOQ_SQ":-41.50491776306,"NET_PROFIT_RATIO_SQ":-63.3390551342,"HOLDER_PROFIT_SQ":-83737202.88,"HOLDER_PROFIT_QOQ_SQ":12.907194399308,"ROE_AVG_SQ":-9.151551774389,"PE_TTM_SQ":-0.479268667637,"PB_TTM_SQ":0.094242639438,"ROA_SQ":-2.607019570392,"START_DATE":"2022-01-01 00:00:00","FISCAL_YEAR":"12-31","CURRENCY":"HKD","IS_CNY_CODE":0,"DPS_HKD_LY":null,"ORG_TYPE":"证券","PREMIUM_INCOME":null,"PREMIUM_INCOME_YOY":null,"NET_INTEREST_INCOME":97421534.42,"NET_INTEREST_INCOME_YOY":null,"FEE_COMMISSION_INCOME":null,"FEE_COMMISSION_INCOME_YOY":null,"ACCOUNTS_RECE_TDAYS":null,"INVENTORY_TDAYS":null,"CURRENT_ASSETS_TDAYS":0.053601012193,"TOTAL_ASSETS_TDAYS":0.040086255945,"PREMIUM_EXPENSE":null,"LOAN_DEPOSIT":null,"LOAN_EQUITY":null,"LOAN_ASSETS":null,"DEPOSIT_EQUITY":null,"DEPOSIT_ASSETS":null,"EQUITY_MULTIPLIER":3.236513856959,"EQUITY_RATIO":2.458204873049},{"SECUCODE":"00605.HK","SECURITY_CODE":"00605","SECURITY_NAME_ABBR":"中国金融投资管理","ORG_CODE":"10008995","STD_REPORT_DATE":"2021-12-31 00:00:00","REPORT_DATE":"2021-12-31 00:00:00","DATE_TYPE_CODE":"001","REPORT_TYPE":"2021年年报","PER_NETCASH_OPERATE":2.307742708931,"PER_OI":1.224813521867,"BPS":3.608996958216,"BASIC_EPS":-1.013824,"DILUTED_EPS":null,"OPERATE_INCOME":256336404.8,"OPERATE_INCOME_YOY":-58.5877544982,"GROSS_PROFIT":null,"GROSS_PROFIT_YOY":null,"HOLDER_PROFIT":-204453144,"HOLDER_PROFIT_YOY":79.4461266842,"GROSS_PROFIT_RATIO":null,"EPS_TTM":-0.976907574072,"OPERATE_INCOME_QOQ":-31.226054653778,"NET_PROFIT_RATIO":-78.5046073175,"ROE_AVG":-24.189780442906,"GROSS_PROFIT_QOQ":null,"ROA":-6.74302733115,"HOLDER_PROFIT_QOQ":77.074125566866,"ROE_YEARLY":-24.189780442906,"ROIC_YEARLY":-8.231648154936,"TOTAL_ASSETS":2754230315.2,"TOTAL_LIABILITIES":1926435660.8,"TAX_EBT":-15.371995350058,"OCF_SALES":188.415841899956,"TOTAL_PARENT_EQUITY":755312779.2,"DEBT_ASSET_RATIO":69.9446103025,"OPERATE_PROFIT":-174219931.2,"PRETAX_PROFIT":-174423513.6,"NETCASH_OPERATE":482978395.2,"NETCASH_INVEST":5387984,"NETCASH_FINANCE":-518230036.8,"END_CASH":467395756.8,"DIVI_RATIO":null,"DIVIDEND_RATE":null,"CURRENT_RATIO":1.184877392033,"COMMON_ACS":null,"CURRENTDEBT_DEBT":90.756036818481,"ISSUED_COMMON_SHARES":209286067,"HK_COMMON_SHARES":209286067,"PER_SHARES":2000,"TOTAL_MARKET_CAP":370436338.59,"HKSK_MARKET_CAP":370436338.59,"PE_TTM":-6.053375906365,"PB_TTM":0.6185350949,"REPORT_DATE_SQ":"2020-12-31 00:00:00","REPORT_TYPE_SQ":"2020年年报","OPERATE_INCOME_SQ":637187127.92,"DPS_HKD":null,"OPERATE_INCOME_QOQ_SQ":0.177865730544,"NET_PROFIT_RATIO_SQ":-179.2903769493,"HOLDER_PROFIT_SQ":-1023966156.48,"HOLDER_PROFIT_QOQ_SQ":-1066.1007157292,"ROE_AVG_SQ":-71.820982379647,"PE_TTM_SQ":-0.479268667637,"PB_TTM_SQ":0.094242639438,"ROA_SQ":-24.25679143885,"START_DATE":"2021-01-01 00:00:00","FISCAL_YEAR":"12-31","CURRENCY":"HKD","IS_CNY_CODE":0,"DPS_HKD_LY":null,"ORG_TYPE":"证券","PREMIUM_INCOME":null,"PREMIUM_INCOME_YOY":null,"NET_INTEREST_INCOME":249035236.8,"NET_INTEREST_INCOME_YOY":null,"FEE_COMMISSION_INCOME":null,"FEE_COMMISSION_INCOME_YOY":null,"ACCOUNTS_RECE_TDAYS":9.983537129028,"INVENTORY_TDAYS":null,"CURRENT_ASSETS_TDAYS":0.114866163259,"TOTAL_ASSETS_TDAYS":0.084541785454,"PREMIUM_EXPENSE":null,"LOAN_DEPOSIT":null,"LOAN_EQUITY":null,"LOAN_ASSETS":null,"DEPOSIT_EQUITY":null,"DEPOSIT_ASSETS":null,"EQUITY_MULTIPLIER":3.327190264591,"EQUITY_RATIO":2.550513792234},{"SECUCODE":"00605.HK","SECURITY_CODE":"00605","SECURITY_NAME_ABBR":"中国金融投资管理","ORG_CODE":"10008995","STD_REPORT_DATE":"2021-06-30 00:00:00","REPORT_DATE":"2021-06-30 00:00:00","DATE_TYPE_CODE":"002","REPORT_TYPE":"2021年中报","PER_NETCASH_OPERATE":1.408905016118,"PER_OI":0.620734041698,"BPS":4.196904483661,"BASIC_EPS":-0.41604,"DILUTED_EPS":-0.41604,"OPERATE_INCOME":129910986.24,"OPERATE_INCOME_YOY":-63.8380810984,"GROSS_PROFIT":null,"GROSS_PROFIT_YOY":null,"HOLDER_PROFIT":-83737202.88,"HOLDER_PROFIT_YOY":57.4229360049,"GROSS_PROFIT_RATIO":null,"EPS_TTM":-4.261157309053,"OPERATE_INCOME_QOQ":-41.50491776306,"NET_PROFIT_RATIO":-63.3390551342,"ROE_AVG":-9.151551774389,"GROSS_PROFIT_QOQ":null,"ROA":-2.607019570392,"HOLDER_PROFIT_QOQ":12.907194399308,"ROE_YEARLY":-18.303103548777,"ROIC_YEARLY":-6.421529825663,"TOTAL_ASSETS":3055455173.52,"TOTAL_LIABILITIES":2106355602.72,"TAX_EBT":-9.327496047671,"OCF_SALES":226.974021315843,"TOTAL_PARENT_EQUITY":878353632.96,"DEBT_ASSET_RATIO":68.9375390277,"OPERATE_PROFIT":-76376623.2,"PRETAX_PROFIT":-75264132.24,"NETCASH_OPERATE":294864189.6,"NETCASH_INVEST":6362915.76,"NETCASH_FINANCE":-225646782.72,"END_CASH":570577225.92,"DIVI_RATIO":null,"DIVIDEND_RATE":null,"CURRENT_RATIO":1.280737407327,"COMMON_ACS":null,"CURRENTDEBT_DEBT":85.412852952121,"ISSUED_COMMON_SHARES":209286067,"HK_COMMON_SHARES":209286067,"PER_SHARES":2000,"TOTAL_MARKET_CAP":370436338.59,"HKSK_MARKET_CAP":370436338.59,"PE_TTM":-6.053375906365,"PB_TTM":0.6185350949,"REPORT_DATE_SQ":"2020-06-30 00:00:00","REPORT_TYPE_SQ":"2020年中报","OPERATE_INCOME_SQ":394374979.68,"DPS_HKD":null,"OPERATE_INCOME_QOQ_SQ":-10.912563075342,"NET_PROFIT_RATIO_SQ":21.7772568364,"HOLDER_PROFIT_SQ":-215902505.28,"HOLDER_PROFIT_QOQ_SQ":-35.148096135401,"ROE_AVG_SQ":2.36265144488,"PE_TTM_SQ":-0.479268667637,"PB_TTM_SQ":0.094242639438,"ROA_SQ":1.229445076296,"START_DATE":"2021-01-01 00:00:00","FISCAL_YEAR":"12-31","CURRENCY":"HKD","IS_CNY_CODE":0,"DPS_HKD_LY":null,"ORG_TYPE":"证券","PREMIUM_INCOME":null,"PREMIUM_INCOME_YOY":null,"NET_INTEREST_INCOME":132280750.08,"NET_INTEREST_INCOME_YOY":null,"FEE_COMMISSION_INCOME":null,"FEE_COMMISSION_INCOME_YOY":null,"ACCOUNTS_RECE_TDAYS":434.29207232267,"INVENTORY_TDAYS":null,"CURRENT_ASSETS_TDAYS":0.054836051698,"TOTAL_ASSETS_TDAYS":0.040445640873,"PREMIUM_EXPENSE":null,"LOAN_DEPOSIT":null,"LOAN_EQUITY":null,"LOAN_ASSETS":null,"DEPOSIT_EQUITY":null,"DEPOSIT_ASSETS":null,"EQUITY_MULTIPLIER":3.219319940206,"EQUITY_RATIO":2.398072397813},{"SECUCODE":"00605.HK","SECURITY_CODE":"00605","SECURITY_NAME_ABBR":"中国金融投资管理","ORG_CODE":"10008995","STD_REPORT_DATE":"2020-12-31 00:00:00","REPORT_DATE":"2020-12-31 00:00:00","DATE_TYPE_CODE":"001","REPORT_TYPE":"2020年年报","PER_NETCASH_OPERATE":0.232724528635,"PER_OI":0.152228749861,"BPS":4.59940432996,"BASIC_EPS":-4.9993416,"DILUTED_EPS":-4.9993416,"OPERATE_INCOME":637187127.92,"OPERATE_INCOME_YOY":-22.9825177137,"GROSS_PROFIT":null,"GROSS_PROFIT_YOY":null,"HOLDER_PROFIT":-1023966156.48,"HOLDER_PROFIT_YOY":-84.053456698,"GROSS_PROFIT_RATIO":null,"EPS_TTM":-0.244633140047,"OPERATE_INCOME_QOQ":0.177865730544,"NET_PROFIT_RATIO":-179.2903769493,"ROE_AVG":-71.820982379647,"GROSS_PROFIT_QOQ":null,"ROA":-24.25679143885,"HOLDER_PROFIT_QOQ":-1066.1007157292,"ROE_YEARLY":-71.820982379647,"ROIC_YEARLY":-28.493176607029,"TOTAL_ASSETS":3407226361.52,"TOTAL_LIABILITIES":2372689206.64,"TAX_EBT":-9.192532193813,"OCF_SALES":152.878171073522,"TOTAL_PARENT_EQUITY":962591242.76,"DEBT_ASSET_RATIO":69.6369702182,"OPERATE_PROFIT":-1044809371.08,"PRETAX_PROFIT":-1046239317.44,"NETCASH_OPERATE":974120027.48,"NETCASH_INVEST":2497987.52,"NETCASH_FINANCE":-1101847313.88,"END_CASH":501192411.8,"DIVI_RATIO":null,"DIVIDEND_RATE":null,"CURRENT_RATIO":1.316490515564,"COMMON_ACS":null,"CURRENTDEBT_DEBT":78.817193697621,"ISSUED_COMMON_SHARES":209286067,"HK_COMMON_SHARES":209286067,"PER_SHARES":2000,"TOTAL_MARKET_CAP":370436338.59,"HKSK_MARKET_CAP":370436338.59,"PE_TTM":-6.053375906365,"PB_TTM":0.6185350949,"REPORT_DATE_SQ":"2019-12-31 00:00:00","REPORT_TYPE_SQ":"2019年年报","OPERATE_INCOME_SQ":880547261.1,"DPS_HKD":null,"OPERATE_INCOME_QOQ_SQ":-4.519854812165,"NET_PROFIT_RATIO_SQ":26.8432377499,"HOLDER_PROFIT_SQ":-592129391.38,"HOLDER_PROFIT_QOQ_SQ":-23.754894962383,"ROE_AVG_SQ":5.3908569237,"PE_TTM_SQ":-0.479268667637,"PB_TTM_SQ":0.094242639438,"ROA_SQ":2.999220062725,"START_DATE":"2020-01-01 00:00:00","FISCAL_YEAR":"12-31","CURRENCY":"HKD","IS_CNY_CODE":0,"DPS_HKD_LY":null,"ORG_TYPE":"证券","PREMIUM_INCOME":null,"PREMIUM_INCOME_YOY":null,"NET_INTEREST_INCOME":600879619.96,"NET_INTEREST_INCOME_YOY":null,"FEE_COMMISSION_INCOME":null,"FEE_COMMISSION_INCOME_YOY":null,"ACCOUNTS_RECE_TDAYS":149.916435643564,"INVENTORY_TDAYS":null,"CURRENT_ASSETS_TDAYS":0.199206938107,"TOTAL_ASSETS_TDAYS":0.150943614412,"PREMIUM_EXPENSE":null,"LOAN_DEPOSIT":null,"LOAN_EQUITY":null,"LOAN_ASSETS":null,"DEPOSIT_EQUITY":null,"DEPOSIT_ASSETS":null,"EQUITY_MULTIPLIER":3.293478968293,"EQUITY_RATIO":2.464897976671},{"SECUCODE":"00605.HK","SECURITY_CODE":"00605","SECURITY_NAME_ABBR":"中国金融投资管理","ORG_CODE":"10008995","STD_REPORT_DATE":"2020-06-30 00:00:00","REPORT_DATE":"2020-06-30 00:00:00","DATE_TYPE_CODE":"002","REPORT_TYPE":"2020年中报","PER_NETCASH_OPERATE":0.103752819277,"PER_OI":0.093492305772,"BPS":16.27670333544,"BASIC_EPS":-1.0413216,"DILUTED_EPS":-1.0413216,"OPERATE_INCOME":394374979.68,"OPERATE_INCOME_YOY":-22.8399716335,"GROSS_PROFIT":null,"GROSS_PROFIT_YOY":null,"HOLDER_PROFIT":-215902505.28,"HOLDER_PROFIT_YOY":-49.078143153,"GROSS_PROFIT_RATIO":null,"EPS_TTM":0.025126367966,"OPERATE_INCOME_QOQ":-10.912563075342,"NET_PROFIT_RATIO":21.7772568364,"ROE_AVG":2.36265144488,"GROSS_PROFIT_QOQ":null,"ROA":1.229445076296,"HOLDER_PROFIT_QOQ":-35.148096135401,"ROE_YEARLY":4.725302889759,"ROIC_YEARLY":2.856612847026,"TOTAL_ASSETS":5020756757.28,"TOTAL_LIABILITIES":1542178107.36,"TAX_EBT":-21.04674512595,"OCF_SALES":139.354084380871,"TOTAL_PARENT_EQUITY":3406487224.8,"DEBT_ASSET_RATIO":30.7160490323,"OPERATE_PROFIT":-286510503.84,"PRETAX_PROFIT":-287485144.32,"NETCASH_OPERATE":543442907.04,"NETCASH_INVEST":-13365454.08,"NETCASH_FINANCE":-519778416.96,"END_CASH":647513866.56,"DIVI_RATIO":null,"DIVIDEND_RATE":null,"CURRENT_RATIO":3.343196090811,"COMMON_ACS":null,"CURRENTDEBT_DEBT":76.0853251074,"ISSUED_COMMON_SHARES":209286067,"HK_COMMON_SHARES":209286067,"PER_SHARES":2000,"TOTAL_MARKET_CAP":370436338.59,"HKSK_MARKET_CAP":370436338.59,"PE_TTM":-6.053375906365,"PB_TTM":0.6185350949,"REPORT_DATE_SQ":"2019-06-30 00:00:00","REPORT_TYPE_SQ":"2019年中报","OPERATE_INCOME_SQ":391972977.36,"DPS_HKD":null,"OPERATE_INCOME_QOQ_SQ":0.929234130222,"NET_PROFIT_RATIO_SQ":35.7348360398,"HOLDER_PROFIT_SQ":121902403.14,"HOLDER_PROFIT_QOQ_SQ":-9.536121704918,"ROE_AVG_SQ":4.064037350233,"PE_TTM_SQ":-0.479268667637,"PB_TTM_SQ":0.094242639438,"ROA_SQ":2.236659235292,"START_DATE":"2020-01-01 00:00:00","FISCAL_YEAR":"12-31","CURRENCY":"HKD","IS_CNY_CODE":0,"DPS_HKD_LY":null,"ORG_TYPE":"证券","PREMIUM_INCOME":null,"PREMIUM_INCOME_YOY":null,"NET_INTEREST_INCOME":361408930.08,"NET_INTEREST_INCOME_YOY":null,"FEE_COMMISSION_INCOME":null,"FEE_COMMISSION_INCOME_YOY":null,"ACCOUNTS_RECE_TDAYS":37.012173167595,"INVENTORY_TDAYS":null,"CURRENT_ASSETS_TDAYS":0.07665801365,"TOTAL_ASSETS_TDAYS":0.059901974722,"PREMIUM_EXPENSE":null,"LOAN_DEPOSIT":null,"LOAN_EQUITY":null,"LOAN_ASSETS":null,"DEPOSIT_EQUITY":null,"DEPOSIT_ASSETS":null,"EQUITY_MULTIPLIER":1.443335701895,"EQUITY_RATIO":0.452718007023}],"count":47},"success":true,"message":"ok","code":0}