{"version":"818add9f6cbd0a37f75bc3a7419f2267","result":{"pages":5,"data":[{"SECUCODE":"00602.HK","SECURITY_CODE":"00602","SECURITY_NAME_ABBR":"佳华百货控股","ORG_CODE":"10078170","STD_REPORT_DATE":"2024-06-30 00:00:00","REPORT_DATE":"2024-06-30 00:00:00","DATE_TYPE_CODE":"002","REPORT_TYPE":"2024年中报","PER_NETCASH_OPERATE":0.061277108316,"PER_OI":0.20025349359,"BPS":-0.037238554145,"BASIC_EPS":-0.0245,"DILUTED_EPS":-0.0245,"OPERATE_INCOME":207763000,"OPERATE_INCOME_YOY":30.5322744807,"GROSS_PROFIT":124507000,"GROSS_PROFIT_YOY":37.244678623001,"HOLDER_PROFIT":-25467000,"HOLDER_PROFIT_YOY":25.0132501031,"GROSS_PROFIT_RATIO":59.927417297594,"EPS_TTM":-0.138875180455,"OPERATE_INCOME_QOQ":13.729284733562,"NET_PROFIT_RATIO":-12.2577167253,"ROE_AVG":98.322490975426,"GROSS_PROFIT_QOQ":15.730201073572,"ROA":-2.909874113409,"HOLDER_PROFIT_QOQ":5.567644090236,"ROE_YEARLY":196.644981950852,"ROIC_YEARLY":-6.088778245654,"TOTAL_ASSETS":853010000,"TOTAL_LIABILITIES":891645000,"TAX_EBT":-1.994473146702,"OCF_SALES":30.599769930161,"TOTAL_PARENT_EQUITY":-38635000,"DEBT_ASSET_RATIO":104.5292552256,"OPERATE_PROFIT":35000,"PRETAX_PROFIT":-24969000,"NETCASH_OPERATE":63575000,"NETCASH_INVEST":-14072000,"NETCASH_FINANCE":-52167000,"END_CASH":37338000,"DIVI_RATIO":null,"DIVIDEND_RATE":null,"CURRENT_RATIO":0.40686707984,"COMMON_ACS":10000000000,"CURRENTDEBT_DEBT":29.550886283218,"ISSUED_COMMON_SHARES":1037500002,"HK_COMMON_SHARES":1037500002,"PER_SHARES":2500,"TOTAL_MARKET_CAP":26975000.052,"HKSK_MARKET_CAP":26975000.052,"PE_TTM":-0.169191099197,"PB_TTM":-0.637234193023,"REPORT_DATE_SQ":"2023-06-30 00:00:00","REPORT_TYPE_SQ":"2023年中报","OPERATE_INCOME_SQ":159166000,"DPS_HKD":null,"OPERATE_INCOME_QOQ_SQ":-2.846047388389,"NET_PROFIT_RATIO_SQ":-21.3374715706,"HOLDER_PROFIT_SQ":-33962000,"HOLDER_PROFIT_QOQ_SQ":-7.068778557328,"ROE_AVG_SQ":-28.677218743799,"PE_TTM_SQ":-0.319028401637,"PB_TTM_SQ":0.382829803092,"ROA_SQ":-3.808554051425,"START_DATE":"2024-01-01 00:00:00","FISCAL_YEAR":"12-31","CURRENCY":"HKD","IS_CNY_CODE":0,"DPS_HKD_LY":null,"ORG_TYPE":"一般企业","PREMIUM_INCOME":null,"PREMIUM_INCOME_YOY":null,"NET_INTEREST_INCOME":null,"NET_INTEREST_INCOME_YOY":null,"FEE_COMMISSION_INCOME":null,"FEE_COMMISSION_INCOME_YOY":null,"ACCOUNTS_RECE_TDAYS":6.7507026465,"INVENTORY_TDAYS":15.224650269727,"CURRENT_ASSETS_TDAYS":1.949444290667,"TOTAL_ASSETS_TDAYS":0.237391202507,"PREMIUM_EXPENSE":null,"LOAN_DEPOSIT":null,"LOAN_EQUITY":null,"LOAN_ASSETS":null,"DEPOSIT_EQUITY":null,"DEPOSIT_ASSETS":null,"EQUITY_MULTIPLIER":-22.078685130126,"EQUITY_RATIO":-23.078685130063},{"SECUCODE":"00602.HK","SECURITY_CODE":"00602","SECURITY_NAME_ABBR":"佳华百货控股","ORG_CODE":"10078170","STD_REPORT_DATE":"2023-12-31 00:00:00","REPORT_DATE":"2023-12-31 00:00:00","DATE_TYPE_CODE":"001","REPORT_TYPE":"2023年年报","PER_NETCASH_OPERATE":0.103776385342,"PER_OI":0.341172047535,"BPS":-0.012692048168,"BASIC_EPS":-0.1471,"DILUTED_EPS":-0.1471,"OPERATE_INCOME":353966000,"OPERATE_INCOME_YOY":5.575771314,"GROSS_PROFIT":214797000,"GROSS_PROFIT_YOY":28.414879116149,"HOLDER_PROFIT":-152578000,"HOLDER_PROFIT_YOY":-46.8211429836,"GROSS_PROFIT_RATIO":60.682946949707,"EPS_TTM":-0.147063132247,"OPERATE_INCOME_QOQ":8.668529149909,"NET_PROFIT_RATIO":-43.1052699977,"ROE_AVG":-241.723039875794,"GROSS_PROFIT_QOQ":24.033214572374,"ROA":-17.011697507137,"HOLDER_PROFIT_QOQ":-32.074720404418,"ROE_YEARLY":-241.723039875794,"ROIC_YEARLY":-18.081946969356,"TOTAL_ASSETS":897375000,"TOTAL_LIABILITIES":910543000,"TAX_EBT":2.401299797866,"OCF_SALES":30.417610730974,"TOTAL_PARENT_EQUITY":-13168000,"DEBT_ASSET_RATIO":101.4673910015,"OPERATE_PROFIT":-96873000,"PRETAX_PROFIT":-156332000,"NETCASH_OPERATE":107668000,"NETCASH_INVEST":-34652000,"NETCASH_FINANCE":-99185000,"END_CASH":40002000,"DIVI_RATIO":null,"DIVIDEND_RATE":null,"CURRENT_RATIO":0.432676364646,"COMMON_ACS":10000000000,"CURRENTDEBT_DEBT":26.89186562304,"ISSUED_COMMON_SHARES":1037500002,"HK_COMMON_SHARES":1037500002,"PER_SHARES":2500,"TOTAL_MARKET_CAP":33200000.064,"HKSK_MARKET_CAP":33200000.064,"PE_TTM":-0.208235199011,"PB_TTM":-0.784288237567,"REPORT_DATE_SQ":"2022-12-31 00:00:00","REPORT_TYPE_SQ":"2022年年报","OPERATE_INCOME_SQ":335272000,"DPS_HKD":null,"OPERATE_INCOME_QOQ_SQ":-7.094957824848,"NET_PROFIT_RATIO_SQ":-32.1819298957,"HOLDER_PROFIT_SQ":-103921000,"HOLDER_PROFIT_QOQ_SQ":-12.293281989905,"ROE_AVG_SQ":-58.210215394575,"PE_TTM_SQ":-0.409010771329,"PB_TTM_SQ":0.490807439862,"ROA_SQ":-11.228878272557,"START_DATE":"2023-01-01 00:00:00","FISCAL_YEAR":"12-31","CURRENCY":"HKD","IS_CNY_CODE":0,"DPS_HKD_LY":null,"ORG_TYPE":"一般企业","PREMIUM_INCOME":null,"PREMIUM_INCOME_YOY":null,"NET_INTEREST_INCOME":null,"NET_INTEREST_INCOME_YOY":null,"FEE_COMMISSION_INCOME":null,"FEE_COMMISSION_INCOME_YOY":null,"ACCOUNTS_RECE_TDAYS":8.449791718886,"INVENTORY_TDAYS":14.7299957663,"CURRENT_ASSETS_TDAYS":2.579673282877,"TOTAL_ASSETS_TDAYS":0.3946547025,"PREMIUM_EXPENSE":null,"LOAN_DEPOSIT":null,"LOAN_EQUITY":null,"LOAN_ASSETS":null,"DEPOSIT_EQUITY":null,"DEPOSIT_ASSETS":null,"EQUITY_MULTIPLIER":-68.148162212919,"EQUITY_RATIO":-69.148162211422},{"SECUCODE":"00602.HK","SECURITY_CODE":"00602","SECURITY_NAME_ABBR":"佳华百货控股","ORG_CODE":"10078170","STD_REPORT_DATE":"2023-06-30 00:00:00","REPORT_DATE":"2023-06-30 00:00:00","DATE_TYPE_CODE":"002","REPORT_TYPE":"2023年中报","PER_NETCASH_OPERATE":-0.040980240885,"PER_OI":0.153413011752,"BPS":0.093924819096,"BASIC_EPS":-0.0327,"DILUTED_EPS":-0.0327,"OPERATE_INCOME":159166000,"OPERATE_INCOME_YOY":-5.6559262157,"GROSS_PROFIT":90719000,"GROSS_PROFIT_YOY":6.967338757222,"HOLDER_PROFIT":-33962000,"HOLDER_PROFIT_YOY":-28.9614581356,"GROSS_PROFIT_RATIO":56.996469095159,"EPS_TTM":-0.11134843352,"OPERATE_INCOME_QOQ":-2.846047388389,"NET_PROFIT_RATIO":-21.3374715706,"ROE_AVG":-28.677218743799,"GROSS_PROFIT_QOQ":3.532654183705,"ROA":-3.808554051425,"HOLDER_PROFIT_QOQ":-7.068778557328,"ROE_YEARLY":-57.354437487598,"ROIC_YEARLY":-8.104188528214,"TOTAL_ASSETS":887033000,"TOTAL_LIABILITIES":789586000,"TAX_EBT":-2.7687838533,"OCF_SALES":-26.712363193144,"TOTAL_PARENT_EQUITY":97447000,"DEBT_ASSET_RATIO":89.0142756808,"OPERATE_PROFIT":-12654000,"PRETAX_PROFIT":-33047000,"NETCASH_OPERATE":-42517000,"NETCASH_INVEST":-5281000,"NETCASH_FINANCE":22646000,"END_CASH":41019000,"DIVI_RATIO":null,"DIVIDEND_RATE":null,"CURRENT_RATIO":0.634165049225,"COMMON_ACS":10000000000,"CURRENTDEBT_DEBT":27.079380840086,"ISSUED_COMMON_SHARES":1037500002,"HK_COMMON_SHARES":1037500002,"PER_SHARES":2500,"TOTAL_MARKET_CAP":33200000.064,"HKSK_MARKET_CAP":33200000.064,"PE_TTM":-0.208235199011,"PB_TTM":-0.784288237567,"REPORT_DATE_SQ":"2022-06-30 00:00:00","REPORT_TYPE_SQ":"2022年中报","OPERATE_INCOME_SQ":168708000,"DPS_HKD":null,"OPERATE_INCOME_QOQ_SQ":-16.894230569942,"NET_PROFIT_RATIO_SQ":-11.8981462656,"HOLDER_PROFIT_SQ":-26335000,"HOLDER_PROFIT_QOQ_SQ":4.024412170126,"ROE_AVG_SQ":-11.645518122743,"PE_TTM_SQ":-0.409010771329,"PB_TTM_SQ":0.490807439862,"ROA_SQ":-2.641943651912,"START_DATE":"2023-01-01 00:00:00","FISCAL_YEAR":"12-31","CURRENCY":"HKD","IS_CNY_CODE":0,"DPS_HKD_LY":null,"ORG_TYPE":"一般企业","PREMIUM_INCOME":null,"PREMIUM_INCOME_YOY":null,"NET_INTEREST_INCOME":null,"NET_INTEREST_INCOME_YOY":null,"FEE_COMMISSION_INCOME":null,"FEE_COMMISSION_INCOME_YOY":null,"ACCOUNTS_RECE_TDAYS":3.077931621287,"INVENTORY_TDAYS":6.538689338938,"CURRENT_ASSETS_TDAYS":1.046886458933,"TOTAL_ASSETS_TDAYS":0.178491347432,"PREMIUM_EXPENSE":null,"LOAN_DEPOSIT":null,"LOAN_EQUITY":null,"LOAN_ASSETS":null,"DEPOSIT_EQUITY":null,"DEPOSIT_ASSETS":null,"EQUITY_MULTIPLIER":9.102722505536,"EQUITY_RATIO":8.102722505567},{"SECUCODE":"00602.HK","SECURITY_CODE":"00602","SECURITY_NAME_ABBR":"佳华百货控股","ORG_CODE":"10078170","STD_REPORT_DATE":"2022-12-31 00:00:00","REPORT_DATE":"2022-12-31 00:00:00","DATE_TYPE_CODE":"001","REPORT_TYPE":"2022年年报","PER_NETCASH_OPERATE":0.069791807094,"PER_OI":0.323153734317,"BPS":0.126659276864,"BASIC_EPS":-0.1002,"DILUTED_EPS":-0.1002,"OPERATE_INCOME":335272000,"OPERATE_INCOME_YOY":-22.790549861,"GROSS_PROFIT":167268000,"GROSS_PROFIT_YOY":-15.380607170501,"HOLDER_PROFIT":-103921000,"HOLDER_PROFIT_YOY":-7.7741374833,"GROSS_PROFIT_RATIO":49.890238373619,"EPS_TTM":-0.103997108233,"OPERATE_INCOME_QOQ":-7.094957824848,"NET_PROFIT_RATIO":-32.1819298957,"ROE_AVG":-58.210215394575,"GROSS_PROFIT_QOQ":-7.97467031244,"ROA":-11.228878272557,"HOLDER_PROFIT_QOQ":-12.293281989905,"ROE_YEARLY":-58.210215394575,"ROIC_YEARLY":-11.795289733276,"TOTAL_ASSETS":975879000,"TOTAL_LIABILITIES":836469000,"TAX_EBT":5.859279457192,"OCF_SALES":21.597091316901,"TOTAL_PARENT_EQUITY":139410000,"DEBT_ASSET_RATIO":85.3407866349,"OPERATE_PROFIT":-55351000,"PRETAX_PROFIT":-110389000,"NETCASH_OPERATE":72409000,"NETCASH_INVEST":-10738000,"NETCASH_FINANCE":-21613000,"END_CASH":66171000,"DIVI_RATIO":null,"DIVIDEND_RATE":null,"CURRENT_RATIO":0.701817015463,"COMMON_ACS":10000000000,"CURRENTDEBT_DEBT":28.699688810942,"ISSUED_COMMON_SHARES":1037500002,"HK_COMMON_SHARES":1037500002,"PER_SHARES":2500,"TOTAL_MARKET_CAP":33200000.064,"HKSK_MARKET_CAP":33200000.064,"PE_TTM":-0.208235199011,"PB_TTM":-0.784288237567,"REPORT_DATE_SQ":"2021-12-31 00:00:00","REPORT_TYPE_SQ":"2021年年报","OPERATE_INCOME_SQ":434237000,"DPS_HKD":null,"OPERATE_INCOME_QOQ_SQ":-3.59351098856,"NET_PROFIT_RATIO_SQ":-23.0551519101,"HOLDER_PROFIT_SQ":-100114000,"HOLDER_PROFIT_QOQ_SQ":42.282103612485,"ROE_AVG_SQ":-34.598065405736,"PE_TTM_SQ":-0.409010771329,"PB_TTM_SQ":0.490807439862,"ROA_SQ":-9.029508655075,"START_DATE":"2022-01-01 00:00:00","FISCAL_YEAR":"12-31","CURRENCY":"HKD","IS_CNY_CODE":0,"DPS_HKD_LY":null,"ORG_TYPE":"一般企业","PREMIUM_INCOME":null,"PREMIUM_INCOME_YOY":null,"NET_INTEREST_INCOME":null,"NET_INTEREST_INCOME_YOY":null,"FEE_COMMISSION_INCOME":null,"FEE_COMMISSION_INCOME_YOY":null,"ACCOUNTS_RECE_TDAYS":6.331979829647,"INVENTORY_TDAYS":9.108129354043,"CURRENT_ASSETS_TDAYS":2.061201843125,"TOTAL_ASSETS_TDAYS":0.348918735108,"PREMIUM_EXPENSE":null,"LOAN_DEPOSIT":null,"LOAN_EQUITY":null,"LOAN_ASSETS":null,"DEPOSIT_EQUITY":null,"DEPOSIT_ASSETS":null,"EQUITY_MULTIPLIER":6.821648441115,"EQUITY_RATIO":6.000064557779},{"SECUCODE":"00602.HK","SECURITY_CODE":"00602","SECURITY_NAME_ABBR":"佳华百货控股","ORG_CODE":"10078170","STD_REPORT_DATE":"2022-06-30 00:00:00","REPORT_DATE":"2022-06-30 00:00:00","DATE_TYPE_CODE":"002","REPORT_TYPE":"2022年中报","PER_NETCASH_OPERATE":0.030270843315,"PER_OI":0.162610120168,"BPS":0.205273252616,"BASIC_EPS":-0.0254,"DILUTED_EPS":-0.0254,"OPERATE_INCOME":168708000,"OPERATE_INCOME_YOY":-24.8936199092,"GROSS_PROFIT":84810000,"GROSS_PROFIT_YOY":-44.694059877272,"HOLDER_PROFIT":-26335000,"HOLDER_PROFIT_YOY":13.2690027664,"GROSS_PROFIT_RATIO":62.094905054284,"EPS_TTM":-0.092612048014,"OPERATE_INCOME_QOQ":-16.894230569942,"NET_PROFIT_RATIO":-11.8981462656,"ROE_AVG":-11.645518122743,"GROSS_PROFIT_QOQ":-8.047715648729,"ROA":-2.641943651912,"HOLDER_PROFIT_QOQ":4.024412170126,"ROE_YEARLY":-23.291036245487,"ROIC_YEARLY":-5.440160302426,"TOTAL_ASSETS":968257000,"TOTAL_LIABILITIES":755286000,"TAX_EBT":-5.117151638526,"OCF_SALES":14.1892227689,"TOTAL_PARENT_EQUITY":212971000,"DEBT_ASSET_RATIO":78.0047032967,"OPERATE_PROFIT":-5252000,"PRETAX_PROFIT":-25053000,"NETCASH_OPERATE":31406000,"NETCASH_INVEST":-5504000,"NETCASH_FINANCE":-20860000,"END_CASH":31155000,"DIVI_RATIO":null,"DIVIDEND_RATE":null,"CURRENT_RATIO":0.650517074687,"COMMON_ACS":10000000000,"CURRENTDEBT_DEBT":30.675532182511,"ISSUED_COMMON_SHARES":1037500002,"HK_COMMON_SHARES":1037500002,"PER_SHARES":2500,"TOTAL_MARKET_CAP":33200000.064,"HKSK_MARKET_CAP":33200000.064,"PE_TTM":-0.208235199011,"PB_TTM":-0.784288237567,"REPORT_DATE_SQ":"2021-06-30 00:00:00","REPORT_TYPE_SQ":"2021年中报","OPERATE_INCOME_SQ":294698000,"DPS_HKD":null,"OPERATE_INCOME_QOQ_SQ":5.225005081099,"NET_PROFIT_RATIO_SQ":-12.2932169491,"HOLDER_PROFIT_SQ":-30364000,"HOLDER_PROFIT_QOQ_SQ":10.802680228941,"ROE_AVG_SQ":-9.364725911213,"PE_TTM_SQ":-0.409010771329,"PB_TTM_SQ":0.490807439862,"ROA_SQ":-2.618219319413,"START_DATE":"2022-01-01 00:00:00","FISCAL_YEAR":"12-31","CURRENCY":"HKD","IS_CNY_CODE":0,"DPS_HKD_LY":null,"ORG_TYPE":"一般企业","PREMIUM_INCOME":null,"PREMIUM_INCOME_YOY":null,"NET_INTEREST_INCOME":null,"NET_INTEREST_INCOME_YOY":null,"FEE_COMMISSION_INCOME":null,"FEE_COMMISSION_INCOME_YOY":null,"ACCOUNTS_RECE_TDAYS":3.197983110446,"INVENTORY_TDAYS":4.409765840582,"CURRENT_ASSETS_TDAYS":1.439342162164,"TOTAL_ASSETS_TDAYS":0.222046661129,"PREMIUM_EXPENSE":null,"LOAN_DEPOSIT":null,"LOAN_EQUITY":null,"LOAN_ASSETS":null,"DEPOSIT_EQUITY":null,"DEPOSIT_ASSETS":null,"EQUITY_MULTIPLIER":4.546426508763,"EQUITY_RATIO":3.546426508773},{"SECUCODE":"00602.HK","SECURITY_CODE":"00602","SECURITY_NAME_ABBR":"佳华百货控股","ORG_CODE":"10078170","STD_REPORT_DATE":"2021-12-31 00:00:00","REPORT_DATE":"2021-12-31 00:00:00","DATE_TYPE_CODE":"001","REPORT_TYPE":"2021年年报","PER_NETCASH_OPERATE":0.067314698665,"PER_OI":0.41854168594,"BPS":0.230656385098,"BASIC_EPS":-0.0965,"DILUTED_EPS":-0.0965,"OPERATE_INCOME":434237000,"OPERATE_INCOME_YOY":1.4437329608,"GROSS_PROFIT":197671000,"GROSS_PROFIT_YOY":-10.504679159517,"HOLDER_PROFIT":-100114000,"HOLDER_PROFIT_YOY":48.5171833941,"GROSS_PROFIT_RATIO":45.521454873721,"EPS_TTM":-0.096495421501,"OPERATE_INCOME_QOQ":-3.59351098856,"NET_PROFIT_RATIO":-23.0551519101,"ROE_AVG":-34.598065405736,"GROSS_PROFIT_QOQ":-5.594028196997,"ROA":-9.029508655075,"HOLDER_PROFIT_QOQ":42.282103612485,"ROE_YEARLY":-34.598065405736,"ROIC_YEARLY":-9.468173040003,"TOTAL_ASSETS":1025351000,"TOTAL_LIABILITIES":786045000,"TAX_EBT":0.148609157915,"OCF_SALES":16.083152748384,"TOTAL_PARENT_EQUITY":239306000,"DEBT_ASSET_RATIO":76.6610653327,"OPERATE_PROFIT":-58197000,"PRETAX_PROFIT":-100263000,"NETCASH_OPERATE":69839000,"NETCASH_INVEST":-41884000,"NETCASH_FINANCE":-78466000,"END_CASH":26113000,"DIVI_RATIO":null,"DIVIDEND_RATE":null,"CURRENT_RATIO":0.605878921567,"COMMON_ACS":10000000000,"CURRENTDEBT_DEBT":32.931575164272,"ISSUED_COMMON_SHARES":1037500002,"HK_COMMON_SHARES":1037500002,"PER_SHARES":2500,"TOTAL_MARKET_CAP":33200000.064,"HKSK_MARKET_CAP":33200000.064,"PE_TTM":-0.208235199011,"PB_TTM":-0.784288237567,"REPORT_DATE_SQ":"2020-12-31 00:00:00","REPORT_TYPE_SQ":"2020年年报","OPERATE_INCOME_SQ":428057000,"DPS_HKD":null,"OPERATE_INCOME_QOQ_SQ":-13.227585088484,"NET_PROFIT_RATIO_SQ":-45.4287629918,"HOLDER_PROFIT_SQ":-194461000,"HOLDER_PROFIT_QOQ_SQ":-74.057929503589,"ROE_AVG_SQ":-44.534702238976,"PE_TTM_SQ":-0.409010771329,"PB_TTM_SQ":0.490807439862,"ROA_SQ":-14.416730022801,"START_DATE":"2021-01-01 00:00:00","FISCAL_YEAR":"12-31","CURRENCY":"HKD","IS_CNY_CODE":0,"DPS_HKD_LY":null,"ORG_TYPE":"一般企业","PREMIUM_INCOME":null,"PREMIUM_INCOME_YOY":null,"NET_INTEREST_INCOME":null,"NET_INTEREST_INCOME_YOY":null,"FEE_COMMISSION_INCOME":null,"FEE_COMMISSION_INCOME_YOY":null,"ACCOUNTS_RECE_TDAYS":7.71565387349,"INVENTORY_TDAYS":9.308857671271,"CURRENT_ASSETS_TDAYS":2.302661197738,"TOTAL_ASSETS_TDAYS":0.391648196042,"PREMIUM_EXPENSE":null,"LOAN_DEPOSIT":null,"LOAN_EQUITY":null,"LOAN_ASSETS":null,"DEPOSIT_EQUITY":null,"DEPOSIT_ASSETS":null,"EQUITY_MULTIPLIER":4.284685716187,"EQUITY_RATIO":3.284685716196},{"SECUCODE":"00602.HK","SECURITY_CODE":"00602","SECURITY_NAME_ABBR":"佳华百货控股","ORG_CODE":"10078170","STD_REPORT_DATE":"2021-06-30 00:00:00","REPORT_DATE":"2021-06-30 00:00:00","DATE_TYPE_CODE":"002","REPORT_TYPE":"2021年中报","PER_NETCASH_OPERATE":0.015728192741,"PER_OI":0.284046264513,"BPS":0.297885300631,"BASIC_EPS":-0.0293,"DILUTED_EPS":-0.0293,"OPERATE_INCOME":294698000,"OPERATE_INCOME_YOY":9.9567292282,"GROSS_PROFIT":153347000,"GROSS_PROFIT_YOY":30.913638847152,"HOLDER_PROFIT":-30364000,"HOLDER_PROFIT_YOY":40.8927215744,"GROSS_PROFIT_RATIO":42.772411112641,"EPS_TTM":-0.167184577991,"OPERATE_INCOME_QOQ":5.225005081099,"NET_PROFIT_RATIO":-12.2932169491,"ROE_AVG":-9.364725911213,"GROSS_PROFIT_QOQ":-5.201631706908,"ROA":-2.618219319413,"HOLDER_PROFIT_QOQ":10.802680228941,"ROE_YEARLY":-18.729451822427,"ROIC_YEARLY":-5.583955415158,"TOTAL_ASSETS":1127305000,"TOTAL_LIABILITIES":818249000,"TAX_EBT":-3.797901069976,"OCF_SALES":6.606531226974,"TOTAL_PARENT_EQUITY":309056000,"DEBT_ASSET_RATIO":72.584526814,"OPERATE_PROFIT":-7488000,"PRETAX_PROFIT":-29253000,"NETCASH_OPERATE":16318000,"NETCASH_INVEST":1044000,"NETCASH_FINANCE":-26260000,"END_CASH":67726000,"DIVI_RATIO":null,"DIVIDEND_RATE":null,"CURRENT_RATIO":0.760209580723,"COMMON_ACS":10000000000,"CURRENTDEBT_DEBT":31.862061548502,"ISSUED_COMMON_SHARES":1037500002,"HK_COMMON_SHARES":1037500002,"PER_SHARES":2500,"TOTAL_MARKET_CAP":33200000.064,"HKSK_MARKET_CAP":33200000.064,"PE_TTM":-0.208235199011,"PB_TTM":-0.784288237567,"REPORT_DATE_SQ":"2020-06-30 00:00:00","REPORT_TYPE_SQ":"2020年中报","OPERATE_INCOME_SQ":224632000,"DPS_HKD":null,"OPERATE_INCOME_QOQ_SQ":-23.556821404276,"NET_PROFIT_RATIO_SQ":-22.8689590085,"HOLDER_PROFIT_SQ":-51371000,"HOLDER_PROFIT_QOQ_SQ":-113.446180887242,"ROE_AVG_SQ":-10.10851138981,"PE_TTM_SQ":-0.409010771329,"PB_TTM_SQ":0.490807439862,"ROA_SQ":-3.684669576856,"START_DATE":"2021-01-01 00:00:00","FISCAL_YEAR":"12-31","CURRENCY":"HKD","IS_CNY_CODE":0,"DPS_HKD_LY":null,"ORG_TYPE":"一般企业","PREMIUM_INCOME":null,"PREMIUM_INCOME_YOY":null,"NET_INTEREST_INCOME":null,"NET_INTEREST_INCOME_YOY":null,"FEE_COMMISSION_INCOME":null,"FEE_COMMISSION_INCOME_YOY":null,"ACCOUNTS_RECE_TDAYS":4.778202041329,"INVENTORY_TDAYS":4.513122605364,"CURRENT_ASSETS_TDAYS":1.180340246583,"TOTAL_ASSETS_TDAYS":0.212980811308,"PREMIUM_EXPENSE":null,"LOAN_DEPOSIT":null,"LOAN_EQUITY":null,"LOAN_ASSETS":null,"DEPOSIT_EQUITY":null,"DEPOSIT_ASSETS":null,"EQUITY_MULTIPLIER":3.647575196735,"EQUITY_RATIO":2.647575196728},{"SECUCODE":"00602.HK","SECURITY_CODE":"00602","SECURITY_NAME_ABBR":"佳华百货控股","ORG_CODE":"10078170","STD_REPORT_DATE":"2020-12-31 00:00:00","REPORT_DATE":"2020-12-31 00:00:00","DATE_TYPE_CODE":"001","REPORT_TYPE":"2020年年报","PER_NETCASH_OPERATE":0.074956144434,"PER_OI":0.412585059446,"BPS":0.327151806598,"BASIC_EPS":-0.1874,"DILUTED_EPS":-0.1874,"OPERATE_INCOME":428057000,"OPERATE_INCOME_YOY":-33.6684078974,"GROSS_PROFIT":220873000,"GROSS_PROFIT_YOY":-24.123656800506,"HOLDER_PROFIT":-194461000,"HOLDER_PROFIT_YOY":-271.5200030568,"GROSS_PROFIT_RATIO":51.598969296145,"EPS_TTM":-0.187432288795,"OPERATE_INCOME_QOQ":-13.227585088484,"NET_PROFIT_RATIO":-45.4287629918,"ROE_AVG":-44.534702238976,"GROSS_PROFIT_QOQ":-10.077882317498,"ROA":-14.416730022801,"HOLDER_PROFIT_QOQ":-74.057929503589,"ROE_YEARLY":-44.534702238976,"ROIC_YEARLY":-15.536049265145,"TOTAL_ASSETS":1192134000,"TOTAL_LIABILITIES":852714000,"TAX_EBT":-0.482619996176,"OCF_SALES":18.167440317528,"TOTAL_PARENT_EQUITY":339420000,"DEBT_ASSET_RATIO":71.5283684552,"OPERATE_PROFIT":-147622000,"PRETAX_PROFIT":-193527000,"NETCASH_OPERATE":77767000,"NETCASH_INVEST":-58449000,"NETCASH_FINANCE":-40431000,"END_CASH":76624000,"DIVI_RATIO":null,"DIVIDEND_RATE":null,"CURRENT_RATIO":0.754454991234,"COMMON_ACS":10000000000,"CURRENTDEBT_DEBT":34.247356088911,"ISSUED_COMMON_SHARES":1037500002,"HK_COMMON_SHARES":1037500002,"PER_SHARES":2500,"TOTAL_MARKET_CAP":33200000.064,"HKSK_MARKET_CAP":33200000.064,"PE_TTM":-0.208235199011,"PB_TTM":-0.784288237567,"REPORT_DATE_SQ":"2019-12-31 00:00:00","REPORT_TYPE_SQ":"2019年年报","OPERATE_INCOME_SQ":645329000,"DPS_HKD":null,"OPERATE_INCOME_QOQ_SQ":-10.15622063293,"NET_PROFIT_RATIO_SQ":-8.1109015711,"HOLDER_PROFIT_SQ":-52342000,"HOLDER_PROFIT_QOQ_SQ":-444.423241429229,"ROE_AVG_SQ":-9.185957639857,"PE_TTM_SQ":-0.409010771329,"PB_TTM_SQ":0.490807439862,"ROA_SQ":-4.267014927867,"START_DATE":"2020-01-01 00:00:00","FISCAL_YEAR":"12-31","CURRENCY":"HKD","IS_CNY_CODE":0,"DPS_HKD_LY":null,"ORG_TYPE":"一般企业","PREMIUM_INCOME":null,"PREMIUM_INCOME_YOY":null,"NET_INTEREST_INCOME":null,"NET_INTEREST_INCOME_YOY":null,"FEE_COMMISSION_INCOME":null,"FEE_COMMISSION_INCOME_YOY":null,"ACCOUNTS_RECE_TDAYS":6.548318010066,"INVENTORY_TDAYS":7.598760338156,"CURRENT_ASSETS_TDAYS":1.750676354088,"TOTAL_ASSETS_TDAYS":0.317348064824,"PREMIUM_EXPENSE":null,"LOAN_DEPOSIT":null,"LOAN_EQUITY":null,"LOAN_ASSETS":null,"DEPOSIT_EQUITY":null,"DEPOSIT_ASSETS":null,"EQUITY_MULTIPLIER":3.512267986562,"EQUITY_RATIO":2.512267986565},{"SECUCODE":"00602.HK","SECURITY_CODE":"00602","SECURITY_NAME_ABBR":"佳华百货控股","ORG_CODE":"10078170","STD_REPORT_DATE":"2020-06-30 00:00:00","REPORT_DATE":"2020-06-30 00:00:00","DATE_TYPE_CODE":"002","REPORT_TYPE":"2020年中报","PER_NETCASH_OPERATE":-0.005410120471,"PER_OI":0.216512770667,"BPS":0.465069878622,"BASIC_EPS":-0.0495,"DILUTED_EPS":-0.0495,"OPERATE_INCOME":224632000,"OPERATE_INCOME_YOY":-40.3607052683,"GROSS_PROFIT":117136000,"GROSS_PROFIT_YOY":-27.962854770764,"HOLDER_PROFIT":-51371000,"HOLDER_PROFIT_YOY":-741.4159071045,"GROSS_PROFIT_RATIO":52.145731685601,"EPS_TTM":-0.107683855214,"OPERATE_INCOME_QOQ":-23.556821404276,"NET_PROFIT_RATIO":-22.8689590085,"ROE_AVG":-10.10851138981,"GROSS_PROFIT_QOQ":-15.619932943084,"ROA":-3.684669576856,"HOLDER_PROFIT_QOQ":-113.446180887242,"ROE_YEARLY":-20.217022779619,"ROIC_YEARLY":-7.86428140322,"TOTAL_ASSETS":1282785000,"TOTAL_LIABILITIES":800275000,"TAX_EBT":-2.265443035455,"OCF_SALES":-2.498753516863,"TOTAL_PARENT_EQUITY":482510000,"DEBT_ASSET_RATIO":62.3857466372,"OPERATE_PROFIT":-25129000,"PRETAX_PROFIT":-50233000,"NETCASH_OPERATE":-5613000,"NETCASH_INVEST":13978000,"NETCASH_FINANCE":-68352000,"END_CASH":57750000,"DIVI_RATIO":null,"DIVIDEND_RATE":null,"CURRENT_RATIO":0.693300490457,"COMMON_ACS":10000000000,"CURRENTDEBT_DEBT":34.292961794383,"ISSUED_COMMON_SHARES":1037500002,"HK_COMMON_SHARES":1037500002,"PER_SHARES":2500,"TOTAL_MARKET_CAP":33200000.064,"HKSK_MARKET_CAP":33200000.064,"PE_TTM":-0.208235199011,"PB_TTM":-0.784288237567,"REPORT_DATE_SQ":"2019-06-30 00:00:00","REPORT_TYPE_SQ":"2019年中报","OPERATE_INCOME_SQ":376651000,"DPS_HKD":null,"OPERATE_INCOME_QOQ_SQ":1.118203216506,"NET_PROFIT_RATIO_SQ":2.1263716278,"HOLDER_PROFIT_SQ":8009000,"HOLDER_PROFIT_QOQ_SQ":-39.70162282268,"ROE_AVG_SQ":1.334877829261,"PE_TTM_SQ":-0.409010771329,"PB_TTM_SQ":0.490807439862,"ROA_SQ":0.587569842239,"START_DATE":"2020-01-01 00:00:00","FISCAL_YEAR":"12-31","CURRENCY":"HKD","IS_CNY_CODE":0,"DPS_HKD_LY":null,"ORG_TYPE":"一般企业","PREMIUM_INCOME":null,"PREMIUM_INCOME_YOY":null,"NET_INTEREST_INCOME":null,"NET_INTEREST_INCOME_YOY":null,"FEE_COMMISSION_INCOME":null,"FEE_COMMISSION_INCOME_YOY":null,"ACCOUNTS_RECE_TDAYS":3.075591823322,"INVENTORY_TDAYS":4.674755381605,"CURRENT_ASSETS_TDAYS":0.978869710346,"TOTAL_ASSETS_TDAYS":0.161121001419,"PREMIUM_EXPENSE":null,"LOAN_DEPOSIT":null,"LOAN_EQUITY":null,"LOAN_ASSETS":null,"DEPOSIT_EQUITY":null,"DEPOSIT_ASSETS":null,"EQUITY_MULTIPLIER":2.658566661831,"EQUITY_RATIO":1.658566661831}],"count":39},"success":true,"message":"ok","code":0}