{"version":"09af63e76932fea03863affe84c749a9","result":{"pages":6,"data":[{"SECUCODE":"00603.HK","SECURITY_CODE":"00603","SECURITY_NAME_ABBR":"中油燃气","ORG_CODE":"10008994","STD_REPORT_DATE":"2024-06-30 00:00:00","REPORT_DATE":"2024-06-30 00:00:00","DATE_TYPE_CODE":"002","REPORT_TYPE":"2024年中报","PER_NETCASH_OPERATE":0.103214957627,"PER_OI":1.504526406544,"BPS":0.633012805086,"BASIC_EPS":0.0500878784,"DILUTED_EPS":0.0500878784,"OPERATE_INCOME":8480720216.76,"OPERATE_INCOME_YOY":-1.6436499016,"GROSS_PROFIT":1035837951.88,"GROSS_PROFIT_YOY":-8.098818305683,"HOLDER_PROFIT":245484452.28,"HOLDER_PROFIT_YOY":-19.5884517763,"GROSS_PROFIT_RATIO":12.214032834534,"EPS_TTM":-0.048538841698,"OPERATE_INCOME_QOQ":-1.367360624687,"NET_PROFIT_RATIO":6.3581489107,"ROE_AVG":6.961157084576,"GROSS_PROFIT_QOQ":-5.110281107559,"ROA":1.310682013825,"HOLDER_PROFIT_QOQ":-29.859343051762,"ROE_YEARLY":13.922314169151,"ROIC_YEARLY":3.952240763552,"TOTAL_ASSETS":18437829934.08,"TOTAL_LIABILITIES":11640686704.68,"TAX_EBT":22.610215138273,"OCF_SALES":6.860295517475,"TOTAL_PARENT_EQUITY":3568169006.68,"DEBT_ASSET_RATIO":63.1347981096,"OPERATE_PROFIT":817459182.92,"PRETAX_PROFIT":696754514.88,"NETCASH_OPERATE":581802468.88,"NETCASH_INVEST":65721174.12,"NETCASH_FINANCE":-229557273.6,"END_CASH":2279337071.48,"DIVI_RATIO":null,"DIVIDEND_RATE":null,"CURRENT_RATIO":1.003509389849,"COMMON_ACS":125000000000,"CURRENTDEBT_DEBT":45.500278688117,"ISSUED_COMMON_SHARES":5636803834,"HK_COMMON_SHARES":5636803834,"PER_SHARES":20000,"TOTAL_MARKET_CAP":901888613.44,"HKSK_MARKET_CAP":901888613.44,"PE_TTM":-3.026289061198,"PB_TTM":0.230688540306,"REPORT_DATE_SQ":"2023-06-30 00:00:00","REPORT_TYPE_SQ":"2023年中报","OPERATE_INCOME_SQ":8710303710.22,"DPS_HKD":null,"OPERATE_INCOME_QOQ_SQ":9.854156416695,"NET_PROFIT_RATIO_SQ":8.2995655118,"HOLDER_PROFIT_SQ":308395856.14,"HOLDER_PROFIT_QOQ_SQ":-12.414361873351,"ROE_AVG_SQ":8.554590250687,"PE_TTM_SQ":1.599368016644,"PB_TTM_SQ":0.237293414636,"ROA_SQ":1.812190940451,"START_DATE":"2024-01-01 00:00:00","FISCAL_YEAR":"12-31","CURRENCY":"HKD","IS_CNY_CODE":0,"DPS_HKD_LY":null,"ORG_TYPE":"一般企业","PREMIUM_INCOME":null,"PREMIUM_INCOME_YOY":null,"NET_INTEREST_INCOME":null,"NET_INTEREST_INCOME_YOY":null,"FEE_COMMISSION_INCOME":null,"FEE_COMMISSION_INCOME_YOY":null,"ACCOUNTS_RECE_TDAYS":null,"INVENTORY_TDAYS":14.934175259242,"CURRENT_ASSETS_TDAYS":1.593920358247,"TOTAL_ASSETS_TDAYS":0.452799651838,"PREMIUM_EXPENSE":null,"LOAN_DEPOSIT":null,"LOAN_EQUITY":null,"LOAN_ASSETS":null,"DEPOSIT_EQUITY":null,"DEPOSIT_ASSETS":null,"EQUITY_MULTIPLIER":2.71258517171,"EQUITY_RATIO":3.262369770851},{"SECUCODE":"00603.HK","SECURITY_CODE":"00603","SECURITY_NAME_ABBR":"中油燃气","ORG_CODE":"10008994","STD_REPORT_DATE":"2023-12-31 00:00:00","REPORT_DATE":"2023-12-31 00:00:00","DATE_TYPE_CODE":"001","REPORT_TYPE":"2023年年报","PER_NETCASH_OPERATE":0.261649947125,"PER_OI":2.978685623155,"BPS":0.613848522216,"BASIC_EPS":-0.04259234,"DILUTED_EPS":-0.04259234,"OPERATE_INCOME":16790266540.88,"OPERATE_INCOME_YOY":7.1177206024,"GROSS_PROFIT":1786271991.28,"GROSS_PROFIT_YOY":-5.710021936651,"HOLDER_PROFIT":-210692525.12,"HOLDER_PROFIT_YOY":-131.8424858658,"GROSS_PROFIT_RATIO":10.638735167967,"EPS_TTM":-0.037378012669,"OPERATE_INCOME_QOQ":-1.78056459899,"NET_PROFIT_RATIO":2.0518027933,"ROE_AVG":-5.782839569829,"GROSS_PROFIT_QOQ":-12.299579588071,"ROA":-1.061898464135,"HOLDER_PROFIT_QOQ":-129.307383359092,"ROE_YEARLY":-5.782839569829,"ROIC_YEARLY":-1.612147857512,"TOTAL_ASSETS":18886577237.22,"TOTAL_LIABILITIES":12033794157.98,"TAX_EBT":47.240329808657,"OCF_SALES":8.784073924789,"TOTAL_PARENT_EQUITY":3460143703.52,"DEBT_ASSET_RATIO":63.7161196909,"OPERATE_PROFIT":946774251.22,"PRETAX_PROFIT":652966852.58,"NETCASH_OPERATE":1474869425.12,"NETCASH_INVEST":-1272302068.52,"NETCASH_FINANCE":-1274687239.56,"END_CASH":1898903356.42,"DIVI_RATIO":null,"DIVIDEND_RATE":null,"CURRENT_RATIO":0.67609986167,"COMMON_ACS":125000000000,"CURRENTDEBT_DEBT":65.000897274057,"ISSUED_COMMON_SHARES":5636803834,"HK_COMMON_SHARES":5636803834,"PER_SHARES":20000,"TOTAL_MARKET_CAP":924435828.776,"HKSK_MARKET_CAP":924435828.776,"PE_TTM":-3.101946287728,"PB_TTM":0.236455753813,"REPORT_DATE_SQ":"2022-12-31 00:00:00","REPORT_TYPE_SQ":"2022年年报","OPERATE_INCOME_SQ":15450600877.25,"DPS_HKD":null,"OPERATE_INCOME_QOQ_SQ":20.285785362411,"NET_PROFIT_RATIO_SQ":8.0714390025,"HOLDER_PROFIT_SQ":652215730.88,"HOLDER_PROFIT_QOQ_SQ":-13.984085367799,"ROE_AVG_SQ":18.817110992132,"PE_TTM_SQ":1.533339061829,"PB_TTM_SQ":0.227496897518,"ROA_SQ":4.030478421901,"START_DATE":"2023-01-01 00:00:00","FISCAL_YEAR":"12-31","CURRENCY":"HKD","IS_CNY_CODE":0,"DPS_HKD_LY":null,"ORG_TYPE":"一般企业","PREMIUM_INCOME":null,"PREMIUM_INCOME_YOY":null,"NET_INTEREST_INCOME":null,"NET_INTEREST_INCOME_YOY":null,"FEE_COMMISSION_INCOME":null,"FEE_COMMISSION_INCOME_YOY":null,"ACCOUNTS_RECE_TDAYS":null,"INVENTORY_TDAYS":27.708278420278,"CURRENT_ASSETS_TDAYS":2.885309673793,"TOTAL_ASSETS_TDAYS":0.846235918527,"PREMIUM_EXPENSE":null,"LOAN_DEPOSIT":null,"LOAN_EQUITY":null,"LOAN_ASSETS":null,"DEPOSIT_EQUITY":null,"DEPOSIT_ASSETS":null,"EQUITY_MULTIPLIER":2.756044809654,"EQUITY_RATIO":3.477830746087},{"SECUCODE":"00603.HK","SECURITY_CODE":"00603","SECURITY_NAME_ABBR":"中油燃气","ORG_CODE":"10008994","STD_REPORT_DATE":"2023-06-30 00:00:00","REPORT_DATE":"2023-06-30 00:00:00","DATE_TYPE_CODE":"002","REPORT_TYPE":"2023年中报","PER_NETCASH_OPERATE":0.114851432387,"PER_OI":1.545255780888,"BPS":0.847017353214,"BASIC_EPS":0.0629159152,"DILUTED_EPS":0.0629159152,"OPERATE_INCOME":8710303710.22,"OPERATE_INCOME_YOY":13.0887021007,"GROSS_PROFIT":1127121471.98,"GROSS_PROFIT_YOY":4.906728032836,"HOLDER_PROFIT":308395856.14,"HOLDER_PROFIT_YOY":-27.2416057958,"GROSS_PROFIT_RATIO":12.958227644484,"EPS_TTM":0.127537870614,"OPERATE_INCOME_QOQ":9.854156416695,"NET_PROFIT_RATIO":8.2995655118,"ROE_AVG":8.554590250687,"GROSS_PROFIT_QOQ":1.533667093318,"ROA":1.812190940451,"HOLDER_PROFIT_QOQ":-12.414361873351,"ROE_YEARLY":17.109180501374,"ROIC_YEARLY":5.429139636108,"TOTAL_ASSETS":19759225364.1,"TOTAL_LIABILITIES":11404540403.64,"TAX_EBT":22.109929214667,"OCF_SALES":7.590776379548,"TOTAL_PARENT_EQUITY":4774470664.06,"DEBT_ASSET_RATIO":57.7175480996,"OPERATE_PROFIT":876384401.08,"PRETAX_PROFIT":837378193.22,"NETCASH_OPERATE":645379546.14,"NETCASH_INVEST":223838304.4,"NETCASH_FINANCE":-1141446275.24,"END_CASH":2685901994.22,"DIVI_RATIO":null,"DIVIDEND_RATE":null,"CURRENT_RATIO":0.732406677174,"COMMON_ACS":125000000000,"CURRENTDEBT_DEBT":63.68832893627,"ISSUED_COMMON_SHARES":5636803834,"HK_COMMON_SHARES":5636803834,"PER_SHARES":20000,"TOTAL_MARKET_CAP":924435828.776,"HKSK_MARKET_CAP":924435828.776,"PE_TTM":-3.101946287728,"PB_TTM":0.236455753813,"REPORT_DATE_SQ":"2022-06-30 00:00:00","REPORT_TYPE_SQ":"2022年中报","OPERATE_INCOME_SQ":6995278886.05,"DPS_HKD":null,"OPERATE_INCOME_QOQ_SQ":10.326624089059,"NET_PROFIT_RATIO_SQ":10.8186941115,"HOLDER_PROFIT_SQ":472640422.87,"HOLDER_PROFIT_QOQ_SQ":29.081389848026,"ROE_AVG_SQ":11.315297106576,"PE_TTM_SQ":1.533339061829,"PB_TTM_SQ":0.227496897518,"ROA_SQ":2.435809515415,"START_DATE":"2023-01-01 00:00:00","FISCAL_YEAR":"12-31","CURRENCY":"HKD","IS_CNY_CODE":0,"DPS_HKD_LY":null,"ORG_TYPE":"一般企业","PREMIUM_INCOME":null,"PREMIUM_INCOME_YOY":null,"NET_INTEREST_INCOME":null,"NET_INTEREST_INCOME_YOY":null,"FEE_COMMISSION_INCOME":null,"FEE_COMMISSION_INCOME_YOY":null,"ACCOUNTS_RECE_TDAYS":null,"INVENTORY_TDAYS":13.522915148115,"CURRENT_ASSETS_TDAYS":1.447983763289,"TOTAL_ASSETS_TDAYS":0.416883052854,"PREMIUM_EXPENSE":null,"LOAN_DEPOSIT":null,"LOAN_EQUITY":null,"LOAN_ASSETS":null,"DEPOSIT_EQUITY":null,"DEPOSIT_ASSETS":null,"EQUITY_MULTIPLIER":2.365047330641,"EQUITY_RATIO":2.388650220325},{"SECUCODE":"00603.HK","SECURITY_CODE":"00603","SECURITY_NAME_ABBR":"中油燃气","ORG_CODE":"10008994","STD_REPORT_DATE":"2022-12-31 00:00:00","REPORT_DATE":"2022-12-31 00:00:00","DATE_TYPE_CODE":"001","REPORT_TYPE":"2022年年报","PER_NETCASH_OPERATE":0.452911099056,"PER_OI":2.741021566877,"BPS":0.788384561717,"BASIC_EPS":0.13309723,"DILUTED_EPS":0.13309723,"OPERATE_INCOME":15450600877.25,"OPERATE_INCOME_YOY":21.4654522524,"GROSS_PROFIT":1894445229.46,"GROSS_PROFIT_YOY":8.549676030225,"HOLDER_PROFIT":652215730.88,"HOLDER_PROFIT_YOY":1.6250047004,"GROSS_PROFIT_RATIO":12.89116531133,"EPS_TTM":0.145615049844,"OPERATE_INCOME_QOQ":20.285785362411,"NET_PROFIT_RATIO":8.0714390025,"ROE_AVG":18.817110992132,"GROSS_PROFIT_QOQ":9.364026873488,"ROA":4.030478421901,"HOLDER_PROFIT_QOQ":-13.984085367799,"ROE_YEARLY":18.817110992132,"ROIC_YEARLY":6.157367882452,"TOTAL_ASSETS":19392547791.05,"TOTAL_LIABILITIES":12379890565.63,"TAX_EBT":24.655106466789,"OCF_SALES":16.405981638198,"TOTAL_PARENT_EQUITY":3771991577.06,"DEBT_ASSET_RATIO":60.8681796466,"OPERATE_PROFIT":1538920196.38,"PRETAX_PROFIT":1408241048.27,"NETCASH_OPERATE":2552971019.62,"NETCASH_INVEST":-613345086.83,"NETCASH_FINANCE":-1266253101.96,"END_CASH":2974334518.05,"DIVI_RATIO":null,"DIVIDEND_RATE":null,"CURRENT_RATIO":0.736698322895,"COMMON_ACS":125000000000,"CURRENTDEBT_DEBT":67.844939656481,"ISSUED_COMMON_SHARES":5636803834,"HK_COMMON_SHARES":5636803834,"PER_SHARES":20000,"TOTAL_MARKET_CAP":924435828.776,"HKSK_MARKET_CAP":924435828.776,"PE_TTM":-3.101946287728,"PB_TTM":0.236455753813,"REPORT_DATE_SQ":"2021-12-31 00:00:00","REPORT_TYPE_SQ":"2021年年报","OPERATE_INCOME_SQ":11725976684.8,"DPS_HKD":null,"OPERATE_INCOME_QOQ_SQ":13.690295644186,"NET_PROFIT_RATIO_SQ":10.5559858396,"HOLDER_PROFIT_SQ":739259203.2,"HOLDER_PROFIT_QOQ_SQ":581.09633817423,"ROE_AVG_SQ":21.102165500563,"PE_TTM_SQ":1.533339061829,"PB_TTM_SQ":0.227496897518,"ROA_SQ":4.313951827915,"START_DATE":"2022-01-01 00:00:00","FISCAL_YEAR":"12-31","CURRENCY":"HKD","IS_CNY_CODE":0,"DPS_HKD_LY":null,"ORG_TYPE":"一般企业","PREMIUM_INCOME":null,"PREMIUM_INCOME_YOY":null,"NET_INTEREST_INCOME":null,"NET_INTEREST_INCOME_YOY":null,"FEE_COMMISSION_INCOME":null,"FEE_COMMISSION_INCOME_YOY":null,"ACCOUNTS_RECE_TDAYS":null,"INVENTORY_TDAYS":30.094677982808,"CURRENT_ASSETS_TDAYS":2.513112594666,"TOTAL_ASSETS_TDAYS":0.764119142587,"PREMIUM_EXPENSE":null,"LOAN_DEPOSIT":null,"LOAN_EQUITY":null,"LOAN_ASSETS":null,"DEPOSIT_EQUITY":null,"DEPOSIT_ASSETS":null,"EQUITY_MULTIPLIER":2.555465069013,"EQUITY_RATIO":3.282056789554},{"SECUCODE":"00603.HK","SECURITY_CODE":"00603","SECURITY_NAME_ABBR":"中油燃气","ORG_CODE":"10008994","STD_REPORT_DATE":"2022-06-30 00:00:00","REPORT_DATE":"2022-06-30 00:00:00","DATE_TYPE_CODE":"002","REPORT_TYPE":"2022年中报","PER_NETCASH_OPERATE":0.146865124457,"PER_OI":1.212974807788,"BPS":0.755112927836,"BASIC_EPS":0.0937715835,"DILUTED_EPS":0.0937715835,"OPERATE_INCOME":6995278886.05,"OPERATE_INCOME_YOY":17.6658904072,"GROSS_PROFIT":1074403418.27,"GROSS_PROFIT_YOY":9.03498607851,"HOLDER_PROFIT":472640422.87,"HOLDER_PROFIT_YOY":78.4831261101,"GROSS_PROFIT_RATIO":15.358979045318,"EPS_TTM":0.165465372128,"OPERATE_INCOME_QOQ":10.326624089059,"NET_PROFIT_RATIO":10.8186941115,"ROE_AVG":11.315297106576,"GROSS_PROFIT_QOQ":5.101236687545,"ROA":2.435809515415,"HOLDER_PROFIT_QOQ":29.081389848026,"ROE_YEARLY":22.630594213152,"ROIC_YEARLY":7.431966682938,"TOTAL_ASSETS":19438784265.11,"TOTAL_LIABILITIES":11632868212.49,"TAX_EBT":16.186851060324,"OCF_SALES":12.10784622353,"TOTAL_PARENT_EQUITY":4256423446.73,"DEBT_ASSET_RATIO":59.8435995474,"OPERATE_PROFIT":929639420.64,"PRETAX_PROFIT":902958347.83,"NETCASH_OPERATE":846977610.43,"NETCASH_INVEST":-181495263.32,"NETCASH_FINANCE":-263198405.54,"END_CASH":2704454566.38,"DIVI_RATIO":null,"DIVIDEND_RATE":null,"CURRENT_RATIO":1.115687592029,"COMMON_ACS":125000000000,"CURRENTDEBT_DEBT":45.21827367581,"ISSUED_COMMON_SHARES":5636803834,"HK_COMMON_SHARES":5636803834,"PER_SHARES":20000,"TOTAL_MARKET_CAP":924435828.776,"HKSK_MARKET_CAP":924435828.776,"PE_TTM":-3.101946287728,"PB_TTM":0.236455753813,"REPORT_DATE_SQ":"2021-06-30 00:00:00","REPORT_TYPE_SQ":"2021年中报","OPERATE_INCOME_SQ":5784381353.04,"DPS_HKD":null,"OPERATE_INCOME_QOQ_SQ":17.462526632605,"NET_PROFIT_RATIO_SQ":9.60140328,"HOLDER_PROFIT_SQ":257653572,"HOLDER_PROFIT_QOQ_SQ":348.454358637905,"ROE_AVG_SQ":7.774394186014,"PE_TTM_SQ":1.533339061829,"PB_TTM_SQ":0.227496897518,"ROA_SQ":1.470115911981,"START_DATE":"2022-01-01 00:00:00","FISCAL_YEAR":"12-31","CURRENCY":"HKD","IS_CNY_CODE":0,"DPS_HKD_LY":null,"ORG_TYPE":"一般企业","PREMIUM_INCOME":null,"PREMIUM_INCOME_YOY":null,"NET_INTEREST_INCOME":null,"NET_INTEREST_INCOME_YOY":null,"FEE_COMMISSION_INCOME":null,"FEE_COMMISSION_INCOME_YOY":null,"ACCOUNTS_RECE_TDAYS":null,"INVENTORY_TDAYS":14.093346157565,"CURRENT_ASSETS_TDAYS":1.192468251742,"TOTAL_ASSETS_TDAYS":0.360510147866,"PREMIUM_EXPENSE":null,"LOAN_DEPOSIT":null,"LOAN_EQUITY":null,"LOAN_ASSETS":null,"DEPOSIT_EQUITY":null,"DEPOSIT_ASSETS":null,"EQUITY_MULTIPLIER":2.490263043323,"EQUITY_RATIO":2.733014785319},{"SECUCODE":"00603.HK","SECURITY_CODE":"00603","SECURITY_NAME_ABBR":"中油燃气","ORG_CODE":"10008994","STD_REPORT_DATE":"2021-12-31 00:00:00","REPORT_DATE":"2021-12-31 00:00:00","DATE_TYPE_CODE":"001","REPORT_TYPE":"2021年年报","PER_NETCASH_OPERATE":0.302637436412,"PER_OI":2.03327337581,"BPS":0.694981574411,"BASIC_EPS":0.147168,"DILUTED_EPS":0.147168,"OPERATE_INCOME":11725976684.8,"OPERATE_INCOME_YOY":37.4700906575,"GROSS_PROFIT":1745233425.6,"GROSS_PROFIT_YOY":23.492404601484,"HOLDER_PROFIT":739259203.2,"HOLDER_PROFIT_YOY":3044.2153214869,"GROSS_PROFIT_RATIO":14.88348026363,"EPS_TTM":0.128186853521,"OPERATE_INCOME_QOQ":13.690295644186,"NET_PROFIT_RATIO":10.5559858396,"ROE_AVG":21.102165500563,"GROSS_PROFIT_QOQ":1.783879853712,"ROA":4.313951827915,"HOLDER_PROFIT_QOQ":581.09633817423,"ROE_YEARLY":21.102165500563,"ROIC_YEARLY":6.749129050552,"TOTAL_ASSETS":18517520705.6,"TOTAL_LIABILITIES":11307098129.6,"TAX_EBT":23.944317177076,"OCF_SALES":14.884247244517,"TOTAL_PARENT_EQUITY":3917474803.2,"DEBT_ASSET_RATIO":61.0616200158,"OPERATE_PROFIT":1797813281.6,"PRETAX_PROFIT":1627481856,"NETCASH_OPERATE":1745323361.6,"NETCASH_INVEST":-2169896500.8,"NETCASH_FINANCE":233524547.2,"END_CASH":2278331518.4,"DIVI_RATIO":null,"DIVIDEND_RATE":null,"CURRENT_RATIO":1.165541065435,"COMMON_ACS":125000000000,"CURRENTDEBT_DEBT":42.537550378279,"ISSUED_COMMON_SHARES":5636803834,"HK_COMMON_SHARES":5636803834,"PER_SHARES":20000,"TOTAL_MARKET_CAP":924435828.776,"HKSK_MARKET_CAP":924435828.776,"PE_TTM":-3.101946287728,"PB_TTM":0.236455753813,"REPORT_DATE_SQ":"2020-12-31 00:00:00","REPORT_TYPE_SQ":"2020年年报","OPERATE_INCOME_SQ":8780642434.28,"DPS_HKD":null,"OPERATE_INCOME_QOQ_SQ":-1.502995125967,"NET_PROFIT_RATIO_SQ":4.939384787,"HOLDER_PROFIT_SQ":24203041.48,"HOLDER_PROFIT_QOQ_SQ":-91.690339858356,"ROE_AVG_SQ":0.794785486411,"PE_TTM_SQ":1.533339061829,"PB_TTM_SQ":0.227496897518,"ROA_SQ":0.159306119558,"START_DATE":"2021-01-01 00:00:00","FISCAL_YEAR":"12-31","CURRENCY":"HKD","IS_CNY_CODE":0,"DPS_HKD_LY":null,"ORG_TYPE":"一般企业","PREMIUM_INCOME":null,"PREMIUM_INCOME_YOY":null,"NET_INTEREST_INCOME":null,"NET_INTEREST_INCOME_YOY":null,"FEE_COMMISSION_INCOME":null,"FEE_COMMISSION_INCOME_YOY":null,"ACCOUNTS_RECE_TDAYS":null,"INVENTORY_TDAYS":33.144407473626,"CURRENT_ASSETS_TDAYS":2.188601119133,"TOTAL_ASSETS_TDAYS":0.684270122503,"PREMIUM_EXPENSE":null,"LOAN_DEPOSIT":null,"LOAN_EQUITY":null,"LOAN_ASSETS":null,"DEPOSIT_EQUITY":null,"DEPOSIT_ASSETS":null,"EQUITY_MULTIPLIER":2.568160258351,"EQUITY_RATIO":2.886323128451},{"SECUCODE":"00603.HK","SECURITY_CODE":"00603","SECURITY_NAME_ABBR":"中油燃气","ORG_CODE":"10008994","STD_REPORT_DATE":"2021-06-30 00:00:00","REPORT_DATE":"2021-06-30 00:00:00","DATE_TYPE_CODE":"002","REPORT_TYPE":"2021年中报","PER_NETCASH_OPERATE":0.092286161375,"PER_OI":1.003006309565,"BPS":0.6181785713,"BASIC_EPS":0.05013282,"DILUTED_EPS":0.05013282,"OPERATE_INCOME":5784381353.04,"OPERATE_INCOME_YOY":49.3738908498,"GROSS_PROFIT":985374930.48,"GROSS_PROFIT_YOY":44.069061627721,"HOLDER_PROFIT":257653572,"HOLDER_PROFIT_YOY":63.1961463258,"GROSS_PROFIT_RATIO":17.035096241747,"EPS_TTM":0.018820664029,"OPERATE_INCOME_QOQ":17.462526632605,"NET_PROFIT_RATIO":9.60140328,"ROE_AVG":7.774394186014,"GROSS_PROFIT_QOQ":21.328057821113,"ROA":1.470115911981,"HOLDER_PROFIT_QOQ":348.454358637905,"ROE_YEARLY":15.548788372027,"ROIC_YEARLY":5.077419164154,"TOTAL_ASSETS":19017683487.6,"TOTAL_LIABILITIES":12284793340.56,"TAX_EBT":20.15049647087,"OCF_SALES":9.2009552178,"TOTAL_PARENT_EQUITY":3484551340.8,"DEBT_ASSET_RATIO":64.5966862818,"OPERATE_PROFIT":741151129.68,"PRETAX_PROFIT":695535672,"NETCASH_OPERATE":532218337.92,"NETCASH_INVEST":-298003627.44,"NETCASH_FINANCE":2263997319.12,"END_CASH":4953442966.8,"DIVI_RATIO":null,"DIVIDEND_RATE":null,"CURRENT_RATIO":1.241168943992,"COMMON_ACS":125000000000,"CURRENTDEBT_DEBT":51.247175807949,"ISSUED_COMMON_SHARES":5636803834,"HK_COMMON_SHARES":5636803834,"PER_SHARES":20000,"TOTAL_MARKET_CAP":924435828.776,"HKSK_MARKET_CAP":924435828.776,"PE_TTM":-3.101946287728,"PB_TTM":0.236455753813,"REPORT_DATE_SQ":"2020-06-30 00:00:00","REPORT_TYPE_SQ":"2020年中报","OPERATE_INCOME_SQ":4251059329.44,"DPS_HKD":null,"OPERATE_INCOME_QOQ_SQ":-3.010021545753,"NET_PROFIT_RATIO_SQ":9.1487335034,"HOLDER_PROFIT_SQ":173317019.04,"HOLDER_PROFIT_QOQ_SQ":-1.7622693817,"ROE_AVG_SQ":5.536713948118,"PE_TTM_SQ":1.533339061829,"PB_TTM_SQ":0.227496897518,"ROA_SQ":1.115409077092,"START_DATE":"2021-01-01 00:00:00","FISCAL_YEAR":"12-31","CURRENCY":"HKD","IS_CNY_CODE":0,"DPS_HKD_LY":null,"ORG_TYPE":"一般企业","PREMIUM_INCOME":null,"PREMIUM_INCOME_YOY":null,"NET_INTEREST_INCOME":null,"NET_INTEREST_INCOME_YOY":null,"FEE_COMMISSION_INCOME":null,"FEE_COMMISSION_INCOME_YOY":null,"ACCOUNTS_RECE_TDAYS":null,"INVENTORY_TDAYS":15.077694484566,"CURRENT_ASSETS_TDAYS":0.888952272405,"TOTAL_ASSETS_TDAYS":0.330044369347,"PREMIUM_EXPENSE":null,"LOAN_DEPOSIT":null,"LOAN_EQUITY":null,"LOAN_ASSETS":null,"DEPOSIT_EQUITY":null,"DEPOSIT_ASSETS":null,"EQUITY_MULTIPLIER":2.824594352833,"EQUITY_RATIO":3.525502177775},{"SECUCODE":"00603.HK","SECURITY_CODE":"00603","SECURITY_NAME_ABBR":"中油燃气","ORG_CODE":"10008994","STD_REPORT_DATE":"2020-12-31 00:00:00","REPORT_DATE":"2020-12-31 00:00:00","DATE_TYPE_CODE":"001","REPORT_TYPE":"2020年年报","PER_NETCASH_OPERATE":0.240597026036,"PER_OI":1.522555175064,"BPS":0.564119098944,"BASIC_EPS":0.0049067612,"DILUTED_EPS":0.0049067612,"OPERATE_INCOME":8780642434.28,"OPERATE_INCOME_YOY":1.6775051571,"GROSS_PROFIT":1413231389.6,"GROSS_PROFIT_YOY":4.798020121163,"HOLDER_PROFIT":24203041.48,"HOLDER_PROFIT_YOY":-91.3116646122,"GROSS_PROFIT_RATIO":16.094851830917,"EPS_TTM":0.004196784727,"OPERATE_INCOME_QOQ":-1.502995125967,"NET_PROFIT_RATIO":4.939384787,"ROE_AVG":0.794785486411,"GROSS_PROFIT_QOQ":5.405017882431,"ROA":0.159306119558,"HOLDER_PROFIT_QOQ":-91.690339858356,"ROE_YEARLY":0.794785486411,"ROIC_YEARLY":0.250385118293,"TOTAL_ASSETS":16218684749.4,"TOTAL_LIABILITIES":10035817198.44,"TAX_EBT":18.322724419733,"OCF_SALES":15.802187662978,"TOTAL_PARENT_EQUITY":3179828699.76,"DEBT_ASSET_RATIO":61.8781199185,"OPERATE_PROFIT":544443449.76,"PRETAX_PROFIT":531004142.24,"NETCASH_OPERATE":1387533595.48,"NETCASH_INVEST":-1259097648.2,"NETCASH_FINANCE":83654807.8,"END_CASH":2463003911.76,"DIVI_RATIO":null,"DIVIDEND_RATE":null,"CURRENT_RATIO":1.213652946772,"COMMON_ACS":125000000000,"CURRENTDEBT_DEBT":43.183577221332,"ISSUED_COMMON_SHARES":5636803834,"HK_COMMON_SHARES":5636803834,"PER_SHARES":20000,"TOTAL_MARKET_CAP":924435828.776,"HKSK_MARKET_CAP":924435828.776,"PE_TTM":-3.101946287728,"PB_TTM":0.236455753813,"REPORT_DATE_SQ":"2019-12-31 00:00:00","REPORT_TYPE_SQ":"2019年年报","OPERATE_INCOME_SQ":9191288640.12,"DPS_HKD":null,"OPERATE_INCOME_QOQ_SQ":7.07997795924,"NET_PROFIT_RATIO_SQ":7.5932684213,"HOLDER_PROFIT_SQ":296488847.52,"HOLDER_PROFIT_QOQ_SQ":21.860553687626,"ROE_AVG_SQ":9.948136445137,"PE_TTM_SQ":1.533339061829,"PB_TTM_SQ":0.227496897518,"ROA_SQ":2.014502256793,"START_DATE":"2020-01-01 00:00:00","FISCAL_YEAR":"12-31","CURRENCY":"HKD","IS_CNY_CODE":0,"DPS_HKD_LY":null,"ORG_TYPE":"一般企业","PREMIUM_INCOME":null,"PREMIUM_INCOME_YOY":null,"NET_INTEREST_INCOME":null,"NET_INTEREST_INCOME_YOY":null,"FEE_COMMISSION_INCOME":null,"FEE_COMMISSION_INCOME_YOY":null,"ACCOUNTS_RECE_TDAYS":null,"INVENTORY_TDAYS":29.611312572306,"CURRENT_ASSETS_TDAYS":1.877552963314,"TOTAL_ASSETS_TDAYS":0.577948054416,"PREMIUM_EXPENSE":null,"LOAN_DEPOSIT":null,"LOAN_EQUITY":null,"LOAN_ASSETS":null,"DEPOSIT_EQUITY":null,"DEPOSIT_ASSETS":null,"EQUITY_MULTIPLIER":2.623165483607,"EQUITY_RATIO":3.156087370114},{"SECUCODE":"00603.HK","SECURITY_CODE":"00603","SECURITY_NAME_ABBR":"中油燃气","ORG_CODE":"10008994","STD_REPORT_DATE":"2020-06-30 00:00:00","REPORT_DATE":"2020-06-30 00:00:00","DATE_TYPE_CODE":"002","REPORT_TYPE":"2020年中报","PER_NETCASH_OPERATE":0.086834269427,"PER_OI":0.737129706623,"BPS":0.550260529304,"BASIC_EPS":0.0351400368,"DILUTED_EPS":0.0351400368,"OPERATE_INCOME":4251059329.44,"OPERATE_INCOME_YOY":-9.5824969439,"GROSS_PROFIT":683960122.56,"GROSS_PROFIT_YOY":-1.122669570005,"HOLDER_PROFIT":173317019.04,"HOLDER_PROFIT_YOY":-6.5163302409,"GROSS_PROFIT_RATIO":16.089169064834,"EPS_TTM":0.050504890152,"OPERATE_INCOME_QOQ":-3.010021545753,"NET_PROFIT_RATIO":9.1487335034,"ROE_AVG":5.536713948118,"GROSS_PROFIT_QOQ":-0.57587178814,"ROA":1.115409077092,"HOLDER_PROFIT_QOQ":-1.7622693817,"ROE_YEARLY":11.073427896236,"ROIC_YEARLY":3.456929826507,"TOTAL_ASSETS":15701388711.36,"TOTAL_LIABILITIES":9761347764.96,"TAX_EBT":19.753288853707,"OCF_SALES":11.780052906153,"TOTAL_PARENT_EQUITY":3101710661.28,"DEBT_ASSET_RATIO":62.1686905815,"OPERATE_PROFIT":507318181.92,"PRETAX_PROFIT":484652995.2,"NETCASH_OPERATE":500777038.08,"NETCASH_INVEST":-572895866.4,"NETCASH_FINANCE":267830655.84,"END_CASH":2427734437.92,"DIVI_RATIO":null,"DIVIDEND_RATE":null,"CURRENT_RATIO":1.090881480547,"COMMON_ACS":125000000000,"CURRENTDEBT_DEBT":45.076456817519,"ISSUED_COMMON_SHARES":5636803834,"HK_COMMON_SHARES":5636803834,"PER_SHARES":20000,"TOTAL_MARKET_CAP":924435828.776,"HKSK_MARKET_CAP":924435828.776,"PE_TTM":-3.101946287728,"PB_TTM":0.236455753813,"REPORT_DATE_SQ":"2019-06-30 00:00:00","REPORT_TYPE_SQ":"2019年中报","OPERATE_INCOME_SQ":4527719097.84,"DPS_HKD":null,"OPERATE_INCOME_QOQ_SQ":4.104430674631,"NET_PROFIT_RATIO_SQ":9.3496873205,"HOLDER_PROFIT_SQ":178541951.22,"HOLDER_PROFIT_QOQ_SQ":-1.498979980448,"ROE_AVG_SQ":6.254683107961,"PE_TTM_SQ":1.533339061829,"PB_TTM_SQ":0.227496897518,"ROA_SQ":1.269534582068,"START_DATE":"2020-01-01 00:00:00","FISCAL_YEAR":"12-31","CURRENCY":"HKD","IS_CNY_CODE":0,"DPS_HKD_LY":null,"ORG_TYPE":"一般企业","PREMIUM_INCOME":null,"PREMIUM_INCOME_YOY":null,"NET_INTEREST_INCOME":null,"NET_INTEREST_INCOME_YOY":null,"FEE_COMMISSION_INCOME":null,"FEE_COMMISSION_INCOME_YOY":null,"ACCOUNTS_RECE_TDAYS":null,"INVENTORY_TDAYS":16.120401655332,"CURRENT_ASSETS_TDAYS":0.919874353638,"TOTAL_ASSETS_TDAYS":0.273583643982,"PREMIUM_EXPENSE":null,"LOAN_DEPOSIT":null,"LOAN_EQUITY":null,"LOAN_ASSETS":null,"DEPOSIT_EQUITY":null,"DEPOSIT_ASSETS":null,"EQUITY_MULTIPLIER":2.643313211652,"EQUITY_RATIO":3.147085215528}],"count":46},"success":true,"message":"ok","code":0}