{"version":"82b2ff1352b5665abb8daaeb85dfa573","result":{"pages":5,"data":[{"SECUCODE":"00608.HK","SECURITY_CODE":"00608","SECURITY_NAME_ABBR":"达利国际","ORG_CODE":"10008997","STD_REPORT_DATE":"2024-06-30 00:00:00","REPORT_DATE":"2024-06-30 00:00:00","DATE_TYPE_CODE":"002","REPORT_TYPE":"2024年中报","PER_NETCASH_OPERATE":-0.134858389802,"PER_OI":4.906736415983,"BPS":9.238140147379,"BASIC_EPS":0.159171392,"DILUTED_EPS":0.159171392,"OPERATE_INCOME":1499574310.6,"OPERATE_INCOME_YOY":1.8981183164,"GROSS_PROFIT":308470324.44,"GROSS_PROFIT_YOY":-1.188206046327,"HOLDER_PROFIT":48650407.4,"HOLDER_PROFIT_YOY":-7.9345066409,"GROSS_PROFIT_RATIO":20.570526065933,"EPS_TTM":0.321552705096,"OPERATE_INCOME_QOQ":0.431725934978,"NET_PROFIT_RATIO":3.2306479737,"ROE_AVG":1.714735060485,"GROSS_PROFIT_QOQ":-0.591371806571,"ROA":0.821638858547,"HOLDER_PROFIT_QOQ":-4.593383526545,"ROE_YEARLY":3.429470120971,"ROIC_YEARLY":1.827318958344,"TOTAL_ASSETS":6046805271.72,"TOTAL_LIABILITIES":3250682316.52,"TAX_EBT":21.183999524856,"OCF_SALES":-2.748433548686,"TOTAL_PARENT_EQUITY":2823318081.16,"DEBT_ASSET_RATIO":53.7586737202,"OPERATE_PROFIT":99301409.36,"PRETAX_PROFIT":61467172.64,"NETCASH_OPERATE":-41214803.44,"NETCASH_INVEST":-42045342.24,"NETCASH_FINANCE":185611731.6,"END_CASH":579414898,"DIVI_RATIO":0.43753387165,"DIVIDEND_RATE":8.611111111111,"CURRENT_RATIO":1.129952714382,"COMMON_ACS":1000000000,"CURRENTDEBT_DEBT":62.44037590031,"ISSUED_COMMON_SHARES":305615420,"HK_COMMON_SHARES":305615420,"PER_SHARES":2000,"TOTAL_MARKET_CAP":550107756,"HKSK_MARKET_CAP":550107756,"PE_TTM":5.043713609858,"PB_TTM":0.177830599427,"REPORT_DATE_SQ":"2023-06-30 00:00:00","REPORT_TYPE_SQ":"2023年中报","OPERATE_INCOME_SQ":1486636509.22,"DPS_HKD":0.155,"OPERATE_INCOME_QOQ_SQ":-1.848809213709,"NET_PROFIT_RATIO_SQ":3.63536233,"HOLDER_PROFIT_SQ":53381720.02,"HOLDER_PROFIT_QOQ_SQ":-8.185163034394,"ROE_AVG_SQ":1.867648828216,"PE_TTM_SQ":3.070700804541,"PB_TTM_SQ":0.138024572997,"ROA_SQ":0.938611022985,"START_DATE":"2024-01-01 00:00:00","FISCAL_YEAR":"12-31","CURRENCY":"HKD","IS_CNY_CODE":0,"DPS_HKD_LY":0.155,"ORG_TYPE":"一般企业","PREMIUM_INCOME":null,"PREMIUM_INCOME_YOY":null,"NET_INTEREST_INCOME":null,"NET_INTEREST_INCOME_YOY":null,"FEE_COMMISSION_INCOME":null,"FEE_COMMISSION_INCOME_YOY":null,"ACCOUNTS_RECE_TDAYS":2.564056747904,"INVENTORY_TDAYS":2.054748171479,"CURRENT_ASSETS_TDAYS":0.683237174736,"TOTAL_ASSETS_TDAYS":0.253257596537,"PREMIUM_EXPENSE":null,"LOAN_DEPOSIT":null,"LOAN_EQUITY":null,"LOAN_ASSETS":null,"DEPOSIT_EQUITY":null,"DEPOSIT_ASSETS":null,"EQUITY_MULTIPLIER":2.16256772989,"EQUITY_RATIO":1.15136949613},{"SECUCODE":"00608.HK","SECURITY_CODE":"00608","SECURITY_NAME_ABBR":"达利国际","ORG_CODE":"10008997","STD_REPORT_DATE":"2023-12-31 00:00:00","REPORT_DATE":"2023-12-31 00:00:00","DATE_TYPE_CODE":"001","REPORT_TYPE":"2023年年报","PER_NETCASH_OPERATE":0.819144776792,"PER_OI":9.805665584675,"BPS":9.26293361441,"BASIC_EPS":0.3353014,"DILUTED_EPS":0.3353014,"OPERATE_INCOME":2996762606.04,"OPERATE_INCOME_YOY":-5.931692081,"GROSS_PROFIT":627242891.66,"GROSS_PROFIT_YOY":3.207143678315,"HOLDER_PROFIT":103002777.64,"HOLDER_PROFIT_YOY":-26.2141090475,"GROSS_PROFIT_RATIO":20.930683344613,"EPS_TTM":0.337033967854,"OPERATE_INCOME_QOQ":-2.77036549332,"NET_PROFIT_RATIO":3.4119753895,"ROE_AVG":3.613718535513,"GROSS_PROFIT_QOQ":-0.774685388469,"ROA":1.807380601245,"HOLDER_PROFIT_QOQ":-18.471143268988,"ROE_YEARLY":3.613718535513,"ROIC_YEARLY":2.014066320552,"TOTAL_ASSETS":5754458938.76,"TOTAL_LIABILITIES":2950363235.82,"TAX_EBT":20.679109986291,"OCF_SALES":8.353790670487,"TOTAL_PARENT_EQUITY":2830895347,"DEBT_ASSET_RATIO":51.2709060438,"OPERATE_PROFIT":202042655.22,"PRETAX_PROFIT":128905263.9,"NETCASH_OPERATE":250343275,"NETCASH_INVEST":-107579188.64,"NETCASH_FINANCE":-178476404.12,"END_CASH":505418830.84,"DIVI_RATIO":0.417436262866,"DIVIDEND_RATE":8.959537572254,"CURRENT_RATIO":1.091878130356,"COMMON_ACS":1000000000,"CURRENTDEBT_DEBT":64.606913269451,"ISSUED_COMMON_SHARES":305615420,"HK_COMMON_SHARES":305615420,"PER_SHARES":2000,"TOTAL_MARKET_CAP":528714676.6,"HKSK_MARKET_CAP":528714676.6,"PE_TTM":4.847569191697,"PB_TTM":0.170914965005,"REPORT_DATE_SQ":"2022-12-31 00:00:00","REPORT_TYPE_SQ":"2022年年报","OPERATE_INCOME_SQ":3140205824.35,"DPS_HKD":0.155,"OPERATE_INCOME_QOQ_SQ":8.326171081147,"NET_PROFIT_RATIO_SQ":4.4204010633,"HOLDER_PROFIT_SQ":137601990.61,"HOLDER_PROFIT_QOQ_SQ":2.69991670337,"ROE_AVG_SQ":4.87518500356,"PE_TTM_SQ":3.362081172855,"PB_TTM_SQ":0.151121795252,"ROA_SQ":2.485726392756,"START_DATE":"2023-01-01 00:00:00","FISCAL_YEAR":"12-31","CURRENCY":"HKD","IS_CNY_CODE":0,"DPS_HKD_LY":0.155,"ORG_TYPE":"一般企业","PREMIUM_INCOME":null,"PREMIUM_INCOME_YOY":null,"NET_INTEREST_INCOME":null,"NET_INTEREST_INCOME_YOY":null,"FEE_COMMISSION_INCOME":null,"FEE_COMMISSION_INCOME_YOY":null,"ACCOUNTS_RECE_TDAYS":5.582823131979,"INVENTORY_TDAYS":4.641018609485,"CURRENT_ASSETS_TDAYS":1.428962742151,"TOTAL_ASSETS_TDAYS":0.525839275871,"PREMIUM_EXPENSE":null,"LOAN_DEPOSIT":null,"LOAN_EQUITY":null,"LOAN_ASSETS":null,"DEPOSIT_EQUITY":null,"DEPOSIT_ASSETS":null,"EQUITY_MULTIPLIER":2.052162104427,"EQUITY_RATIO":1.042201450134},{"SECUCODE":"00608.HK","SECURITY_CODE":"00608","SECURITY_NAME_ABBR":"达利国际","ORG_CODE":"10008997","STD_REPORT_DATE":"2023-06-30 00:00:00","REPORT_DATE":"2023-06-30 00:00:00","DATE_TYPE_CODE":"002","REPORT_TYPE":"2023年中报","PER_NETCASH_OPERATE":0.30320932059,"PER_OI":4.864402814557,"BPS":9.151360316309,"BASIC_EPS":0.17471521,"DILUTED_EPS":0.17471521,"OPERATE_INCOME":1486636509.22,"OPERATE_INCOME_YOY":-10.7303667197,"GROSS_PROFIT":312179662.06,"GROSS_PROFIT_YOY":8.474395948891,"HOLDER_PROFIT":53381720.02,"HOLDER_PROFIT_YOY":-23.4049027001,"GROSS_PROFIT_RATIO":20.999057948859,"EPS_TTM":0.413392240941,"OPERATE_INCOME_QOQ":-1.848809213709,"NET_PROFIT_RATIO":3.63536233,"ROE_AVG":1.867648828216,"GROSS_PROFIT_QOQ":4.012916544909,"ROA":0.938611022985,"HOLDER_PROFIT_QOQ":-8.185163034394,"ROE_YEARLY":3.735297656431,"ROIC_YEARLY":2.13223216432,"TOTAL_ASSETS":5632915178.3,"TOTAL_LIABILITIES":2861954075.22,"TAX_EBT":3.68861212888,"OCF_SALES":6.233228047697,"TOTAL_PARENT_EQUITY":2796796826.64,"DEBT_ASSET_RATIO":50.807689884,"OPERATE_PROFIT":87133563.86,"PRETAX_PROFIT":56114468.74,"NETCASH_OPERATE":92665443.86,"NETCASH_INVEST":-93654728.4,"NETCASH_FINANCE":1502827.4,"END_CASH":542771469.96,"DIVI_RATIO":0.340331012696,"DIVIDEND_RATE":8.959537572254,"CURRENT_RATIO":1.153393117458,"COMMON_ACS":1000000000,"CURRENTDEBT_DEBT":61.214075787199,"ISSUED_COMMON_SHARES":305615420,"HK_COMMON_SHARES":305615420,"PER_SHARES":2000,"TOTAL_MARKET_CAP":528714676.6,"HKSK_MARKET_CAP":528714676.6,"PE_TTM":4.847569191697,"PB_TTM":0.170914965005,"REPORT_DATE_SQ":"2022-06-30 00:00:00","REPORT_TYPE_SQ":"2022年中报","OPERATE_INCOME_SQ":1544692923.83,"DPS_HKD":0.155,"OPERATE_INCOME_QOQ_SQ":22.774367063519,"NET_PROFIT_RATIO_SQ":4.2355545197,"HOLDER_PROFIT_SQ":64644667.29,"HOLDER_PROFIT_QOQ_SQ":11.317803739697,"ROE_AVG_SQ":2.416114719023,"PE_TTM_SQ":3.362081172855,"PB_TTM_SQ":0.151121795252,"ROA_SQ":1.214509037722,"START_DATE":"2023-01-01 00:00:00","FISCAL_YEAR":"12-31","CURRENCY":"HKD","IS_CNY_CODE":0,"DPS_HKD_LY":0.155,"ORG_TYPE":"一般企业","PREMIUM_INCOME":null,"PREMIUM_INCOME_YOY":null,"NET_INTEREST_INCOME":null,"NET_INTEREST_INCOME_YOY":null,"FEE_COMMISSION_INCOME":null,"FEE_COMMISSION_INCOME_YOY":null,"ACCOUNTS_RECE_TDAYS":2.826165410107,"INVENTORY_TDAYS":2.525184605168,"CURRENT_ASSETS_TDAYS":0.712938769618,"TOTAL_ASSETS_TDAYS":0.261395364219,"PREMIUM_EXPENSE":null,"LOAN_DEPOSIT":null,"LOAN_EQUITY":null,"LOAN_ASSETS":null,"DEPOSIT_EQUITY":null,"DEPOSIT_ASSETS":null,"EQUITY_MULTIPLIER":2.032838054651,"EQUITY_RATIO":1.023297097579},{"SECUCODE":"00608.HK","SECURITY_CODE":"00608","SECURITY_NAME_ABBR":"达利国际","ORG_CODE":"10008997","STD_REPORT_DATE":"2022-12-31 00:00:00","REPORT_DATE":"2022-12-31 00:00:00","DATE_TYPE_CODE":"001","REPORT_TYPE":"2022年年报","PER_NETCASH_OPERATE":0.779251065342,"PER_OI":10.275024160594,"BPS":9.255908881103,"BASIC_EPS":0.446635,"DILUTED_EPS":0.446635,"OPERATE_INCOME":3140205824.35,"OPERATE_INCOME_YOY":21.7304509221,"GROSS_PROFIT":607751430.09,"GROSS_PROFIT_YOY":49.104951710139,"HOLDER_PROFIT":137601990.61,"HOLDER_PROFIT_YOY":4.6388251117,"GROSS_PROFIT_RATIO":19.353872455663,"EPS_TTM":0.450245575338,"OPERATE_INCOME_QOQ":8.326171081147,"NET_PROFIT_RATIO":4.4204010633,"ROE_AVG":4.87518500356,"GROSS_PROFIT_QOQ":8.15836210928,"ROA":2.485726392756,"HOLDER_PROFIT_QOQ":2.69991670337,"ROE_YEARLY":4.87518500356,"ROIC_YEARLY":2.729379513238,"TOTAL_ASSETS":5562911279.87,"TOTAL_LIABILITIES":2759836272.76,"TAX_EBT":26.074897957242,"OCF_SALES":7.583934141301,"TOTAL_PARENT_EQUITY":2828748480.18,"DEBT_ASSET_RATIO":49.6113659541,"OPERATE_PROFIT":227223769.71,"PRETAX_PROFIT":187770713.62,"NETCASH_OPERATE":238151141.62,"NETCASH_INVEST":-11033671.04,"NETCASH_FINANCE":-33897809.96,"END_CASH":546011287.5,"DIVI_RATIO":0.31247436445,"DIVIDEND_RATE":8.959537572254,"CURRENT_RATIO":1.553395134723,"COMMON_ACS":1000000000,"CURRENTDEBT_DEBT":48.583985955409,"ISSUED_COMMON_SHARES":305615420,"HK_COMMON_SHARES":305615420,"PER_SHARES":2000,"TOTAL_MARKET_CAP":528714676.6,"HKSK_MARKET_CAP":528714676.6,"PE_TTM":4.847569191697,"PB_TTM":0.170914965005,"REPORT_DATE_SQ":"2021-12-31 00:00:00","REPORT_TYPE_SQ":"2021年年报","OPERATE_INCOME_SQ":2361114336,"DPS_HKD":0.155,"OPERATE_INCOME_QOQ_SQ":25.97562385717,"NET_PROFIT_RATIO_SQ":5.1115358778,"HOLDER_PROFIT_SQ":120362166.4,"HOLDER_PROFIT_QOQ_SQ":-27.529005878908,"ROE_AVG_SQ":4.862948582513,"PE_TTM_SQ":3.362081172855,"PB_TTM_SQ":0.151121795252,"ROA_SQ":2.485441417242,"START_DATE":"2022-01-01 00:00:00","FISCAL_YEAR":"12-31","CURRENCY":"HKD","IS_CNY_CODE":0,"DPS_HKD_LY":0.09,"ORG_TYPE":"一般企业","PREMIUM_INCOME":null,"PREMIUM_INCOME_YOY":null,"NET_INTEREST_INCOME":null,"NET_INTEREST_INCOME_YOY":null,"FEE_COMMISSION_INCOME":null,"FEE_COMMISSION_INCOME_YOY":null,"ACCOUNTS_RECE_TDAYS":6.576357398345,"INVENTORY_TDAYS":5.007865865183,"CURRENT_ASSETS_TDAYS":1.499082637271,"TOTAL_ASSETS_TDAYS":0.56726595754,"PREMIUM_EXPENSE":null,"LOAN_DEPOSIT":null,"LOAN_EQUITY":null,"LOAN_ASSETS":null,"DEPOSIT_EQUITY":null,"DEPOSIT_ASSETS":null,"EQUITY_MULTIPLIER":1.984574535379,"EQUITY_RATIO":0.975638623263},{"SECUCODE":"00608.HK","SECURITY_CODE":"00608","SECURITY_NAME_ABBR":"达利国际","ORG_CODE":"10008997","STD_REPORT_DATE":"2022-06-30 00:00:00","REPORT_DATE":"2022-06-30 00:00:00","DATE_TYPE_CODE":"002","REPORT_TYPE":"2022年中报","PER_NETCASH_OPERATE":0.268355491323,"PER_OI":5.054368407949,"BPS":8.687175501256,"BASIC_EPS":0.211488487,"DILUTED_EPS":0.211488487,"OPERATE_INCOME":1544692923.83,"OPERATE_INCOME_YOY":49.2556047586,"GROSS_PROFIT":287791104.37,"GROSS_PROFIT_YOY":82.606510314582,"HOLDER_PROFIT":64644667.29,"HOLDER_PROFIT_YOY":23.2750044847,"GROSS_PROFIT_RATIO":20.192420015535,"EPS_TTM":0.438408900212,"OPERATE_INCOME_QOQ":22.774367063519,"NET_PROFIT_RATIO":4.2355545197,"ROE_AVG":2.416114719023,"GROSS_PROFIT_QOQ":37.857997109357,"ROA":1.214509037722,"HOLDER_PROFIT_QOQ":11.317803739697,"ROE_YEARLY":4.832229438046,"ROIC_YEARLY":2.587040447255,"TOTAL_ASSETS":5371764810.3,"TOTAL_LIABILITIES":2741783609.88,"TAX_EBT":13.935855466685,"OCF_SALES":5.309377347742,"TOTAL_PARENT_EQUITY":2654934789.43,"DEBT_ASSET_RATIO":51.0406487757,"OPERATE_PROFIT":87488502.57,"PRETAX_PROFIT":76020404.67,"NETCASH_OPERATE":82013576.19,"NETCASH_INVEST":-152277696.97,"NETCASH_FINANCE":21298506.95,"END_CASH":321325669.84,"DIVI_RATIO":0.320910912009,"DIVIDEND_RATE":8.959537572254,"CURRENT_RATIO":1.372997684227,"COMMON_ACS":1000000000,"CURRENTDEBT_DEBT":54.616550199435,"ISSUED_COMMON_SHARES":305615420,"HK_COMMON_SHARES":305615420,"PER_SHARES":2000,"TOTAL_MARKET_CAP":528714676.6,"HKSK_MARKET_CAP":528714676.6,"PE_TTM":4.847569191697,"PB_TTM":0.170914965005,"REPORT_DATE_SQ":"2021-06-30 00:00:00","REPORT_TYPE_SQ":"2021年中报","OPERATE_INCOME_SQ":1006964078.16,"DPS_HKD":0.155,"OPERATE_INCOME_QOQ_SQ":3.236590371248,"NET_PROFIT_RATIO_SQ":5.076778025,"HOLDER_PROFIT_SQ":51022313.52,"HOLDER_PROFIT_QOQ_SQ":58.477376487704,"ROE_AVG_SQ":2.065685281719,"PE_TTM_SQ":3.362081172855,"PB_TTM_SQ":0.151121795252,"ROA_SQ":1.064241895784,"START_DATE":"2022-01-01 00:00:00","FISCAL_YEAR":"12-31","CURRENCY":"HKD","IS_CNY_CODE":0,"DPS_HKD_LY":0.09,"ORG_TYPE":"一般企业","PREMIUM_INCOME":null,"PREMIUM_INCOME_YOY":null,"NET_INTEREST_INCOME":null,"NET_INTEREST_INCOME_YOY":null,"FEE_COMMISSION_INCOME":null,"FEE_COMMISSION_INCOME_YOY":null,"ACCOUNTS_RECE_TDAYS":3.120905797821,"INVENTORY_TDAYS":2.514866011809,"CURRENT_ASSETS_TDAYS":0.758528982309,"TOTAL_ASSETS_TDAYS":0.290208550085,"PREMIUM_EXPENSE":null,"LOAN_DEPOSIT":null,"LOAN_EQUITY":null,"LOAN_ASSETS":null,"DEPOSIT_EQUITY":null,"DEPOSIT_ASSETS":null,"EQUITY_MULTIPLIER":2.042510725722,"EQUITY_RATIO":1.03271222359},{"SECUCODE":"00608.HK","SECURITY_CODE":"00608","SECURITY_NAME_ABBR":"达利国际","ORG_CODE":"10008997","STD_REPORT_DATE":"2021-12-31 00:00:00","REPORT_DATE":"2021-12-31 00:00:00","DATE_TYPE_CODE":"001","REPORT_TYPE":"2021年年报","PER_NETCASH_OPERATE":0.101338760983,"PER_OI":7.725769648665,"BPS":8.434389228135,"BASIC_EPS":0.392448,"DILUTED_EPS":0.392448,"OPERATE_INCOME":2361114336,"OPERATE_INCOME_YOY":33.8769023796,"GROSS_PROFIT":407599763.2,"GROSS_PROFIT_YOY":25.239476869347,"HOLDER_PROFIT":120362166.4,"HOLDER_PROFIT_YOY":18.2270836345,"GROSS_PROFIT_RATIO":17.263025215904,"EPS_TTM":0.393835384353,"OPERATE_INCOME_QOQ":25.97562385717,"NET_PROFIT_RATIO":5.1115358778,"ROE_AVG":4.862948582513,"GROSS_PROFIT_QOQ":30.461436496279,"ROA":2.485441417242,"HOLDER_PROFIT_QOQ":-27.529005878908,"ROE_YEARLY":4.862948582513,"ROIC_YEARLY":2.740110018356,"TOTAL_ASSETS":5041830964.8,"TOTAL_LIABILITIES":2488755595.2,"TAX_EBT":20.575290281619,"OCF_SALES":1.311697935495,"TOTAL_PARENT_EQUITY":2577679406.4,"DEBT_ASSET_RATIO":49.3621387265,"OPERATE_PROFIT":175645008,"PRETAX_PROFIT":151954230.4,"NETCASH_OPERATE":30970688,"NETCASH_INVEST":-204979678.4,"NETCASH_FINANCE":-69602288,"END_CASH":341370075.2,"DIVI_RATIO":0.35723097921,"DIVIDEND_RATE":8.959537572254,"CURRENT_RATIO":1.472940554848,"COMMON_ACS":1000000000,"CURRENTDEBT_DEBT":52.599707553638,"ISSUED_COMMON_SHARES":305615420,"HK_COMMON_SHARES":305615420,"PER_SHARES":2000,"TOTAL_MARKET_CAP":528714676.6,"HKSK_MARKET_CAP":528714676.6,"PE_TTM":4.847569191697,"PB_TTM":0.170914965005,"REPORT_DATE_SQ":"2020-12-31 00:00:00","REPORT_TYPE_SQ":"2020年年报","OPERATE_INCOME_SQ":1815502485.64,"DPS_HKD":0.155,"OPERATE_INCOME_QOQ_SQ":-23.051089384723,"NET_PROFIT_RATIO_SQ":5.8024172257,"HOLDER_PROFIT_SQ":104799329.52,"HOLDER_PROFIT_QOQ_SQ":324.798172557157,"ROE_AVG_SQ":4.601091317167,"PE_TTM_SQ":3.362081172855,"PB_TTM_SQ":0.151121795252,"ROA_SQ":2.328376695963,"START_DATE":"2021-01-01 00:00:00","FISCAL_YEAR":"12-31","CURRENCY":"HKD","IS_CNY_CODE":0,"DPS_HKD_LY":0.05,"ORG_TYPE":"一般企业","PREMIUM_INCOME":null,"PREMIUM_INCOME_YOY":null,"NET_INTEREST_INCOME":null,"NET_INTEREST_INCOME_YOY":null,"FEE_COMMISSION_INCOME":null,"FEE_COMMISSION_INCOME_YOY":null,"ACCOUNTS_RECE_TDAYS":5.947740552252,"INVENTORY_TDAYS":5.039925750928,"CURRENT_ASSETS_TDAYS":1.233850588746,"TOTAL_ASSETS_TDAYS":0.487562789626,"PREMIUM_EXPENSE":null,"LOAN_DEPOSIT":null,"LOAN_EQUITY":null,"LOAN_ASSETS":null,"DEPOSIT_EQUITY":null,"DEPOSIT_ASSETS":null,"EQUITY_MULTIPLIER":1.974806942574,"EQUITY_RATIO":0.965502377457},{"SECUCODE":"00608.HK","SECURITY_CODE":"00608","SECURITY_NAME_ABBR":"达利国际","ORG_CODE":"10008997","STD_REPORT_DATE":"2021-06-30 00:00:00","REPORT_DATE":"2021-06-30 00:00:00","DATE_TYPE_CODE":"002","REPORT_TYPE":"2021年中报","PER_NETCASH_OPERATE":-0.005042324631,"PER_OI":3.29487326968,"BPS":8.263583228621,"BASIC_EPS":0.166915248,"DILUTED_EPS":0.166915248,"OPERATE_INCOME":1006964078.16,"OPERATE_INCOME_YOY":16.5808654237,"GROSS_PROFIT":157601776.56,"GROSS_PROFIT_YOY":-7.634696618028,"HOLDER_PROFIT":51022313.52,"HOLDER_PROFIT_YOY":645.8340751291,"GROSS_PROFIT_RATIO":15.651181604013,"EPS_TTM":0.54343863932,"OPERATE_INCOME_QOQ":3.236590371248,"NET_PROFIT_RATIO":5.076778025,"ROE_AVG":2.065685281719,"GROSS_PROFIT_QOQ":-4.002684446205,"ROA":1.064241895784,"HOLDER_PROFIT_QOQ":58.477376487704,"ROE_YEARLY":4.131370563437,"ROIC_YEARLY":2.417578431632,"TOTAL_ASSETS":4862697154.08,"TOTAL_LIABILITIES":2362492292.88,"TAX_EBT":23.215937210988,"OCF_SALES":-0.15303546506,"TOTAL_PARENT_EQUITY":2525478459.12,"DEBT_ASSET_RATIO":48.5839898727,"OPERATE_PROFIT":80689293.84,"PRETAX_PROFIT":66578049.12,"NETCASH_OPERATE":-1541012.16,"NETCASH_INVEST":-33101806.56,"NETCASH_FINANCE":-8579576.88,"END_CASH":551469340.8,"DIVI_RATIO":0.258888841942,"DIVIDEND_RATE":8.959537572254,"CURRENT_RATIO":1.682476535223,"COMMON_ACS":1000000000,"CURRENTDEBT_DEBT":47.754045859116,"ISSUED_COMMON_SHARES":305615420,"HK_COMMON_SHARES":305615420,"PER_SHARES":2000,"TOTAL_MARKET_CAP":528714676.6,"HKSK_MARKET_CAP":528714676.6,"PE_TTM":4.847569191697,"PB_TTM":0.170914965005,"REPORT_DATE_SQ":"2020-06-30 00:00:00","REPORT_TYPE_SQ":"2020年中报","OPERATE_INCOME_SQ":948203699.52,"DPS_HKD":0.155,"OPERATE_INCOME_QOQ_SQ":-9.604526120401,"NET_PROFIT_RATIO_SQ":-1.1301873306,"HOLDER_PROFIT_SQ":-10261584.96,"HOLDER_PROFIT_QOQ_SQ":-61.729934307096,"ROE_AVG_SQ":-0.445112734289,"PE_TTM_SQ":3.362081172855,"PB_TTM_SQ":0.151121795252,"ROA_SQ":-0.225856872405,"START_DATE":"2021-01-01 00:00:00","FISCAL_YEAR":"12-31","CURRENCY":"HKD","IS_CNY_CODE":0,"DPS_HKD_LY":0.05,"ORG_TYPE":"一般企业","PREMIUM_INCOME":null,"PREMIUM_INCOME_YOY":null,"NET_INTEREST_INCOME":null,"NET_INTEREST_INCOME_YOY":null,"FEE_COMMISSION_INCOME":null,"FEE_COMMISSION_INCOME_YOY":null,"ACCOUNTS_RECE_TDAYS":2.644614680272,"INVENTORY_TDAYS":2.865065966097,"CURRENT_ASSETS_TDAYS":0.525718195443,"TOTAL_ASSETS_TDAYS":0.210036214667,"PREMIUM_EXPENSE":null,"LOAN_DEPOSIT":null,"LOAN_EQUITY":null,"LOAN_ASSETS":null,"DEPOSIT_EQUITY":null,"DEPOSIT_ASSETS":null,"EQUITY_MULTIPLIER":1.944919486215,"EQUITY_RATIO":0.93546325226},{"SECUCODE":"00608.HK","SECURITY_CODE":"00608","SECURITY_NAME_ABBR":"达利国际","ORG_CODE":"10008997","STD_REPORT_DATE":"2020-12-31 00:00:00","REPORT_DATE":"2020-12-31 00:00:00","DATE_TYPE_CODE":"001","REPORT_TYPE":"2020年年报","PER_NETCASH_OPERATE":0.295269648109,"PER_OI":5.940480639491,"BPS":7.991257752243,"BASIC_EPS":0.3450724,"DILUTED_EPS":0.3450724,"OPERATE_INCOME":1815502485.64,"OPERATE_INCOME_YOY":-25.967203325,"GROSS_PROFIT":325456296.52,"GROSS_PROFIT_YOY":-37.262710364865,"HOLDER_PROFIT":104799329.52,"HOLDER_PROFIT_YOY":73.028180757,"GROSS_PROFIT_RATIO":17.926513408505,"EPS_TTM":0.342912440478,"OPERATE_INCOME_QOQ":-23.051089384723,"NET_PROFIT_RATIO":5.8024172257,"ROE_AVG":4.601091317167,"GROSS_PROFIT_QOQ":-28.615008021015,"ROA":2.328376695963,"HOLDER_PROFIT_QOQ":324.798172557157,"ROE_YEARLY":4.601091317167,"ROIC_YEARLY":2.575263342072,"TOTAL_ASSETS":4780079230.48,"TOTAL_LIABILITIES":2363491764.72,"TAX_EBT":22.579128702827,"OCF_SALES":4.970467307743,"TOTAL_PARENT_EQUITY":2442251594.28,"DEBT_ASSET_RATIO":49.4446148434,"OPERATE_PROFIT":164468238.96,"PRETAX_PROFIT":136065413.88,"NETCASH_OPERATE":90238957.52,"NETCASH_INVEST":-148757345.08,"NETCASH_FINANCE":335951547.32,"END_CASH":597630889.56,"DIVI_RATIO":0.410280244729,"DIVIDEND_RATE":8.959537572254,"CURRENT_RATIO":1.63960387373,"COMMON_ACS":1000000000,"CURRENTDEBT_DEBT":50.445837508609,"ISSUED_COMMON_SHARES":305615420,"HK_COMMON_SHARES":305615420,"PER_SHARES":2000,"TOTAL_MARKET_CAP":528714676.6,"HKSK_MARKET_CAP":528714676.6,"PE_TTM":4.847569191697,"PB_TTM":0.170914965005,"REPORT_DATE_SQ":"2019-12-31 00:00:00","REPORT_TYPE_SQ":"2019年年报","OPERATE_INCOME_SQ":2610043143.8,"DPS_HKD":0.155,"OPERATE_INCOME_QOQ_SQ":0.942687541091,"NET_PROFIT_RATIO_SQ":2.2400993922,"HOLDER_PROFIT_SQ":64463911.92,"HOLDER_PROFIT_QOQ_SQ":34.632393235229,"ROE_AVG_SQ":2.858476912905,"PE_TTM_SQ":3.362081172855,"PB_TTM_SQ":0.151121795252,"ROA_SQ":1.425035064488,"START_DATE":"2020-01-01 00:00:00","FISCAL_YEAR":"12-31","CURRENCY":"HKD","IS_CNY_CODE":0,"DPS_HKD_LY":0.03,"ORG_TYPE":"一般企业","PREMIUM_INCOME":null,"PREMIUM_INCOME_YOY":null,"NET_INTEREST_INCOME":null,"NET_INTEREST_INCOME_YOY":null,"FEE_COMMISSION_INCOME":null,"FEE_COMMISSION_INCOME_YOY":null,"ACCOUNTS_RECE_TDAYS":4.361476038784,"INVENTORY_TDAYS":4.706810674288,"CURRENT_ASSETS_TDAYS":0.954019264803,"TOTAL_ASSETS_TDAYS":0.403358847656,"PREMIUM_EXPENSE":null,"LOAN_DEPOSIT":null,"LOAN_EQUITY":null,"LOAN_ASSETS":null,"DEPOSIT_EQUITY":null,"DEPOSIT_ASSETS":null,"EQUITY_MULTIPLIER":1.978028645024,"EQUITY_RATIO":0.967751140077},{"SECUCODE":"00608.HK","SECURITY_CODE":"00608","SECURITY_NAME_ABBR":"达利国际","ORG_CODE":"10008997","STD_REPORT_DATE":"2020-06-30 00:00:00","REPORT_DATE":"2020-06-30 00:00:00","DATE_TYPE_CODE":"002","REPORT_TYPE":"2020年中报","PER_NETCASH_OPERATE":0.422130854523,"PER_OI":3.102604245296,"BPS":7.582559285785,"BASIC_EPS":-0.033614592,"DILUTED_EPS":-0.033614592,"OPERATE_INCOME":948203699.52,"OPERATE_INCOME_YOY":-23.8344497053,"GROSS_PROFIT":170628765.12,"GROSS_PROFIT_YOY":-26.916918811418,"HOLDER_PROFIT":-10261584.96,"HOLDER_PROFIT_YOY":-133.4624091505,"GROSS_PROFIT_RATIO":17.994948259153,"EPS_TTM":0.080723614797,"OPERATE_INCOME_QOQ":-9.604526120401,"NET_PROFIT_RATIO":-1.1301873306,"ROE_AVG":-0.445112734289,"GROSS_PROFIT_QOQ":-12.114174288058,"ROA":-0.225856872405,"HOLDER_PROFIT_QOQ":-61.729934307096,"ROE_YEARLY":-0.890225468579,"ROIC_YEARLY":-0.498543013148,"TOTAL_ASSETS":4504796519.52,"TOTAL_LIABILITIES":2216348893.44,"TAX_EBT":-1115.75129533679,"OCF_SALES":13.605694479499,"TOTAL_PARENT_EQUITY":2317347040.8,"DEBT_ASSET_RATIO":49.1997559454,"OPERATE_PROFIT":16532350.56,"PRETAX_PROFIT":-881469.6,"NETCASH_OPERATE":129009698.4,"NETCASH_INVEST":-2581381.44,"NETCASH_FINANCE":32888407.2,"END_CASH":486242380.8,"DIVI_RATIO":1.742862981971,"DIVIDEND_RATE":8.959537572254,"CURRENT_RATIO":1.112511164164,"COMMON_ACS":1000000000,"CURRENTDEBT_DEBT":75.078100014178,"ISSUED_COMMON_SHARES":305615420,"HK_COMMON_SHARES":305615420,"PER_SHARES":2000,"TOTAL_MARKET_CAP":528714676.6,"HKSK_MARKET_CAP":528714676.6,"PE_TTM":4.847569191697,"PB_TTM":0.170914965005,"REPORT_DATE_SQ":"2019-06-30 00:00:00","REPORT_TYPE_SQ":"2019年中报","OPERATE_INCOME_SQ":1198885975.02,"DPS_HKD":0.155,"OPERATE_INCOME_QOQ_SQ":-4.024480831594,"NET_PROFIT_RATIO_SQ":2.2579842791,"HOLDER_PROFIT_SQ":29531945.52,"HOLDER_PROFIT_QOQ_SQ":25.221557142741,"ROE_AVG_SQ":1.327374670993,"PE_TTM_SQ":3.362081172855,"PB_TTM_SQ":0.151121795252,"ROA_SQ":0.655317294144,"START_DATE":"2020-01-01 00:00:00","FISCAL_YEAR":"12-31","CURRENCY":"HKD","IS_CNY_CODE":0,"DPS_HKD_LY":0.03,"ORG_TYPE":"一般企业","PREMIUM_INCOME":null,"PREMIUM_INCOME_YOY":null,"NET_INTEREST_INCOME":null,"NET_INTEREST_INCOME_YOY":null,"FEE_COMMISSION_INCOME":null,"FEE_COMMISSION_INCOME_YOY":null,"ACCOUNTS_RECE_TDAYS":2.070754815782,"INVENTORY_TDAYS":2.399686529213,"CURRENT_ASSETS_TDAYS":0.491263406352,"TOTAL_ASSETS_TDAYS":0.208699068235,"PREMIUM_EXPENSE":null,"LOAN_DEPOSIT":null,"LOAN_EQUITY":null,"LOAN_ASSETS":null,"DEPOSIT_EQUITY":null,"DEPOSIT_ASSETS":null,"EQUITY_MULTIPLIER":1.968494479919,"EQUITY_RATIO":0.956416477298}],"count":45},"success":true,"message":"ok","code":0}