{"version":"b4e23c8ce818535a70d13c5eec1590cb","result":{"pages":5,"data":[{"SECUCODE":"00609.HK","SECURITY_CODE":"00609","SECURITY_NAME_ABBR":"天德化工","ORG_CODE":"10097422","STD_REPORT_DATE":"2024-06-30 00:00:00","REPORT_DATE":"2024-06-30 00:00:00","DATE_TYPE_CODE":"002","REPORT_TYPE":"2024年中报","PER_NETCASH_OPERATE":0.174651318468,"PER_OI":1.136122095471,"BPS":2.741574711255,"BASIC_EPS":0.049,"DILUTED_EPS":0.049,"OPERATE_INCOME":987765000,"OPERATE_INCOME_YOY":-14.3244856078,"GROSS_PROFIT":144084000,"GROSS_PROFIT_YOY":-52.973047071341,"HOLDER_PROFIT":42357000,"HOLDER_PROFIT_YOY":-74.498789871,"GROSS_PROFIT_RATIO":14.58687035884,"EPS_TTM":0.100446505593,"OPERATE_INCOME_QOQ":-7.938768005345,"NET_PROFIT_RATIO":3.4269284698,"ROE_AVG":1.747248177965,"GROSS_PROFIT_QOQ":-36.983985197473,"ROA":1.432889199814,"HOLDER_PROFIT_QOQ":-58.62529670111,"ROE_YEARLY":3.494496355929,"ROIC_YEARLY":3.872361189994,"TOTAL_ASSETS":2990293000,"TOTAL_LIABILITIES":478782000,"TAX_EBT":19.397085436708,"OCF_SALES":15.372583559855,"TOTAL_PARENT_EQUITY":2405507000,"DEBT_ASSET_RATIO":16.0112069286,"OPERATE_PROFIT":42634000,"PRETAX_PROFIT":41996000,"NETCASH_OPERATE":151845000,"NETCASH_INVEST":-209339000,"NETCASH_FINANCE":25381000,"END_CASH":144371000,"DIVI_RATIO":1.083916253301,"DIVIDEND_RATE":10.619469026549,"CURRENT_RATIO":3.094789720922,"COMMON_ACS":100000000000,"CURRENTDEBT_DEBT":90.347590343831,"ISSUED_COMMON_SHARES":877418000,"HK_COMMON_SHARES":877418000,"PER_SHARES":4000,"TOTAL_MARKET_CAP":991482340,"HKSK_MARKET_CAP":991482340,"PE_TTM":9.9978521465,"PB_TTM":0.376181030473,"REPORT_DATE_SQ":"2023-06-30 00:00:00","REPORT_TYPE_SQ":"2023年中报","OPERATE_INCOME_SQ":1152914000,"DPS_HKD":0.12,"OPERATE_INCOME_QOQ_SQ":-19.920706877903,"NET_PROFIT_RATIO_SQ":15.9471565095,"HOLDER_PROFIT_SQ":166098000,"HOLDER_PROFIT_QOQ_SQ":-38.572137178445,"ROE_AVG_SQ":6.876731753515,"PE_TTM_SQ":1.729359252947,"PB_TTM_SQ":0.374154526009,"ROA_SQ":5.547098809013,"START_DATE":"2024-01-01 00:00:00","FISCAL_YEAR":"12-31","CURRENCY":"HKD","IS_CNY_CODE":0,"DPS_HKD_LY":0.12,"ORG_TYPE":"一般企业","PREMIUM_INCOME":null,"PREMIUM_INCOME_YOY":null,"NET_INTEREST_INCOME":null,"NET_INTEREST_INCOME_YOY":null,"FEE_COMMISSION_INCOME":null,"FEE_COMMISSION_INCOME_YOY":null,"ACCOUNTS_RECE_TDAYS":2.228915322813,"INVENTORY_TDAYS":5.936064674097,"CURRENT_ASSETS_TDAYS":0.765500718215,"TOTAL_ASSETS_TDAYS":0.334149680207,"PREMIUM_EXPENSE":null,"LOAN_DEPOSIT":null,"LOAN_EQUITY":null,"LOAN_ASSETS":null,"DEPOSIT_EQUITY":null,"DEPOSIT_ASSETS":null,"EQUITY_MULTIPLIER":1.190635040022,"EQUITY_RATIO":0.19903579578},{"SECUCODE":"00609.HK","SECURITY_CODE":"00609","SECURITY_NAME_ABBR":"天德化工","ORG_CODE":"10097422","STD_REPORT_DATE":"2023-12-31 00:00:00","REPORT_DATE":"2023-12-31 00:00:00","DATE_TYPE_CODE":"001","REPORT_TYPE":"2023年年报","PER_NETCASH_OPERATE":0.746744373822,"PER_OI":2.39273283967,"BPS":2.78421117415,"BASIC_EPS":0.243,"DILUTED_EPS":0.242,"OPERATE_INCOME":2080285000,"OPERATE_INCOME_YOY":-40.9112005654,"GROSS_PROFIT":438844000,"GROSS_PROFIT_YOY":-70.316990601548,"HOLDER_PROFIT":211071000,"HOLDER_PROFIT_YOY":-75.7647050719,"GROSS_PROFIT_RATIO":21.095378758199,"EPS_TTM":0.242772751427,"OPERATE_INCOME_QOQ":-26.212136582487,"NET_PROFIT_RATIO":11.1271772858,"ROE_AVG":8.6990478365,"GROSS_PROFIT_QOQ":-54.851347430756,"ROA":7.176789704941,"HOLDER_PROFIT_QOQ":-60.546739191387,"ROE_YEARLY":8.6990478365,"ROIC_YEARLY":9.245634768713,"TOTAL_ASSETS":2921818000,"TOTAL_LIABILITIES":364242000,"TAX_EBT":22.35025360277,"OCF_SALES":31.208848787546,"TOTAL_PARENT_EQUITY":2442917000,"DEBT_ASSET_RATIO":12.4662795561,"OPERATE_PROFIT":299680000,"PRETAX_PROFIT":298104000,"NETCASH_OPERATE":649233000,"NETCASH_INVEST":-543418000,"NETCASH_FINANCE":-232546000,"END_CASH":175605000,"DIVI_RATIO":0.448467133812,"DIVIDEND_RATE":11.111111111111,"CURRENT_RATIO":3.907921274956,"COMMON_ACS":100000000000,"CURRENTDEBT_DEBT":87.253803789788,"ISSUED_COMMON_SHARES":877418000,"HK_COMMON_SHARES":877418000,"PER_SHARES":4000,"TOTAL_MARKET_CAP":947611440,"HKSK_MARKET_CAP":947611440,"PE_TTM":9.555469308159,"PB_TTM":0.359535852134,"REPORT_DATE_SQ":"2022-12-31 00:00:00","REPORT_TYPE_SQ":"2022年年报","OPERATE_INCOME_SQ":3520608000,"DPS_HKD":0.12,"OPERATE_INCOME_QOQ_SQ":3.411125996739,"NET_PROFIT_RATIO_SQ":27.2108397186,"HOLDER_PROFIT_SQ":870924000,"HOLDER_PROFIT_QOQ_SQ":11.694870693248,"ROE_AVG_SQ":41.902783314116,"PE_TTM_SQ":2.157873050137,"PB_TTM_SQ":0.466865382011,"ROA_SQ":33.008562887937,"START_DATE":"2023-01-01 00:00:00","FISCAL_YEAR":"12-31","CURRENCY":"HKD","IS_CNY_CODE":0,"DPS_HKD_LY":0.23,"ORG_TYPE":"一般企业","PREMIUM_INCOME":null,"PREMIUM_INCOME_YOY":null,"NET_INTEREST_INCOME":null,"NET_INTEREST_INCOME_YOY":null,"FEE_COMMISSION_INCOME":null,"FEE_COMMISSION_INCOME_YOY":null,"ACCOUNTS_RECE_TDAYS":3.400127977667,"INVENTORY_TDAYS":10.01434332465,"CURRENT_ASSETS_TDAYS":1.48086177195,"TOTAL_ASSETS_TDAYS":0.707333928931,"PREMIUM_EXPENSE":null,"LOAN_DEPOSIT":null,"LOAN_EQUITY":null,"LOAN_ASSETS":null,"DEPOSIT_EQUITY":null,"DEPOSIT_ASSETS":null,"EQUITY_MULTIPLIER":1.142416882236,"EQUITY_RATIO":0.149101258864},{"SECUCODE":"00609.HK","SECURITY_CODE":"00609","SECURITY_NAME_ABBR":"天德化工","ORG_CODE":"10097422","STD_REPORT_DATE":"2023-06-30 00:00:00","REPORT_DATE":"2023-06-30 00:00:00","DATE_TYPE_CODE":"002","REPORT_TYPE":"2023年中报","PER_NETCASH_OPERATE":0.494060394425,"PER_OI":1.3260756046,"BPS":2.759122789822,"BASIC_EPS":0.191,"DILUTED_EPS":0.19,"OPERATE_INCOME":1152914000,"OPERATE_INCOME_YOY":-37.8229618109,"GROSS_PROFIT":306386000,"GROSS_PROFIT_YOY":-62.305938685298,"HOLDER_PROFIT":166098000,"HOLDER_PROFIT_YOY":-66.914858017,"GROSS_PROFIT_RATIO":26.574922327251,"EPS_TTM":0.615342677515,"OPERATE_INCOME_QOQ":-19.920706877903,"NET_PROFIT_RATIO":15.9471565095,"ROE_AVG":6.876731753515,"GROSS_PROFIT_QOQ":-34.254938499156,"ROA":5.547098809013,"HOLDER_PROFIT_QOQ":-38.572137178445,"ROE_YEARLY":13.753463507031,"ROIC_YEARLY":14.455141852034,"TOTAL_ASSETS":3028417000,"TOTAL_LIABILITIES":495594000,"TAX_EBT":25.158855830955,"OCF_SALES":37.25733229018,"TOTAL_PARENT_EQUITY":2420904000,"DEBT_ASSET_RATIO":16.36478728,"OPERATE_PROFIT":245793000,"PRETAX_PROFIT":245663000,"NETCASH_OPERATE":429545000,"NETCASH_INVEST":-260576000,"NETCASH_FINANCE":-30000000,"END_CASH":441699000,"DIVI_RATIO":0.176934907944,"DIVIDEND_RATE":11.111111111111,"CURRENT_RATIO":3.443651645646,"COMMON_ACS":100000000000,"CURRENTDEBT_DEBT":90.408883077681,"ISSUED_COMMON_SHARES":877418000,"HK_COMMON_SHARES":877418000,"PER_SHARES":4000,"TOTAL_MARKET_CAP":947611440,"HKSK_MARKET_CAP":947611440,"PE_TTM":9.555469308159,"PB_TTM":0.359535852134,"REPORT_DATE_SQ":"2022-06-30 00:00:00","REPORT_TYPE_SQ":"2022年中报","OPERATE_INCOME_SQ":1854244000,"DPS_HKD":0.12,"OPERATE_INCOME_QOQ_SQ":31.714944417814,"NET_PROFIT_RATIO_SQ":29.7480806194,"HOLDER_PROFIT_SQ":502032000,"HOLDER_PROFIT_QOQ_SQ":105.384212176048,"ROE_AVG_SQ":26.044002220343,"PE_TTM_SQ":2.157873050137,"PB_TTM_SQ":0.466865382011,"ROA_SQ":19.636724200818,"START_DATE":"2023-01-01 00:00:00","FISCAL_YEAR":"12-31","CURRENCY":"HKD","IS_CNY_CODE":0,"DPS_HKD_LY":0.23,"ORG_TYPE":"一般企业","PREMIUM_INCOME":null,"PREMIUM_INCOME_YOY":null,"NET_INTEREST_INCOME":null,"NET_INTEREST_INCOME_YOY":null,"FEE_COMMISSION_INCOME":null,"FEE_COMMISSION_INCOME_YOY":null,"ACCOUNTS_RECE_TDAYS":1.660182878537,"INVENTORY_TDAYS":5.009693569577,"CURRENT_ASSETS_TDAYS":0.741297463776,"TOTAL_ASSETS_TDAYS":0.385033406561,"PREMIUM_EXPENSE":null,"LOAN_DEPOSIT":null,"LOAN_EQUITY":null,"LOAN_ASSETS":null,"DEPOSIT_EQUITY":null,"DEPOSIT_ASSETS":null,"EQUITY_MULTIPLIER":1.195668627457,"EQUITY_RATIO":0.204714437252},{"SECUCODE":"00609.HK","SECURITY_CODE":"00609","SECURITY_NAME_ABBR":"天德化工","ORG_CODE":"10097422","STD_REPORT_DATE":"2022-12-31 00:00:00","REPORT_DATE":"2022-12-31 00:00:00","DATE_TYPE_CODE":"001","REPORT_TYPE":"2022年年报","PER_NETCASH_OPERATE":0.983234761645,"PER_OI":4.04938476084,"BPS":2.746491410024,"BASIC_EPS":1.014,"DILUTED_EPS":1.004,"OPERATE_INCOME":3520608000,"OPERATE_INCOME_YOY":36.2079071284,"GROSS_PROFIT":1478435000,"GROSS_PROFIT_YOY":90.061964081402,"HOLDER_PROFIT":870924000,"HOLDER_PROFIT_YOY":129.4036302144,"GROSS_PROFIT_RATIO":41.993740853853,"EPS_TTM":1.00173219326,"OPERATE_INCOME_QOQ":3.411125996739,"NET_PROFIT_RATIO":27.2108397186,"ROE_AVG":41.902783314116,"GROSS_PROFIT_QOQ":8.948382651501,"ROA":33.008562887937,"HOLDER_PROFIT_QOQ":11.694870693248,"ROE_YEARLY":41.902783314116,"ROIC_YEARLY":39.086560275524,"TOTAL_ASSETS":2960227000,"TOTAL_LIABILITIES":456065000,"TAX_EBT":25.445639561353,"OCF_SALES":24.28109008444,"TOTAL_PARENT_EQUITY":2409821000,"DEBT_ASSET_RATIO":15.4064198455,"OPERATE_PROFIT":1288418000,"PRETAX_PROFIT":1284951000,"NETCASH_OPERATE":854842000,"NETCASH_INVEST":-469451000,"NETCASH_FINANCE":-337125000,"END_CASH":294667000,"DIVI_RATIO":0.108687332535,"DIVIDEND_RATE":11.111111111111,"CURRENT_RATIO":3.838944780228,"COMMON_ACS":100000000000,"CURRENTDEBT_DEBT":89.533728744806,"ISSUED_COMMON_SHARES":877418000,"HK_COMMON_SHARES":877418000,"PER_SHARES":4000,"TOTAL_MARKET_CAP":947611440,"HKSK_MARKET_CAP":947611440,"PE_TTM":9.555469308159,"PB_TTM":0.359535852134,"REPORT_DATE_SQ":"2021-12-31 00:00:00","REPORT_TYPE_SQ":"2021年年报","OPERATE_INCOME_SQ":2584731000,"DPS_HKD":0.12,"OPERATE_INCOME_QOQ_SQ":50.146298958742,"NET_PROFIT_RATIO_SQ":15.183398195,"HOLDER_PROFIT_SQ":379647000,"HOLDER_PROFIT_QOQ_SQ":155.257478266131,"ROE_AVG_SQ":24.218683715462,"PE_TTM_SQ":2.157873050137,"PB_TTM_SQ":0.466865382011,"ROA_SQ":17.926336411503,"START_DATE":"2022-01-01 00:00:00","FISCAL_YEAR":"12-31","CURRENCY":"HKD","IS_CNY_CODE":0,"DPS_HKD_LY":0.32,"ORG_TYPE":"一般企业","PREMIUM_INCOME":null,"PREMIUM_INCOME_YOY":null,"NET_INTEREST_INCOME":null,"NET_INTEREST_INCOME_YOY":null,"FEE_COMMISSION_INCOME":null,"FEE_COMMISSION_INCOME_YOY":null,"ACCOUNTS_RECE_TDAYS":5.395915139365,"INVENTORY_TDAYS":10.283621622983,"CURRENT_ASSETS_TDAYS":2.665139522833,"TOTAL_ASSETS_TDAYS":1.334332393777,"PREMIUM_EXPENSE":null,"LOAN_DEPOSIT":null,"LOAN_EQUITY":null,"LOAN_ASSETS":null,"DEPOSIT_EQUITY":null,"DEPOSIT_ASSETS":null,"EQUITY_MULTIPLIER":1.182122801959,"EQUITY_RATIO":0.189252645736},{"SECUCODE":"00609.HK","SECURITY_CODE":"00609","SECURITY_NAME_ABBR":"天德化工","ORG_CODE":"10097422","STD_REPORT_DATE":"2022-06-30 00:00:00","REPORT_DATE":"2022-06-30 00:00:00","DATE_TYPE_CODE":"002","REPORT_TYPE":"2022年中报","PER_NETCASH_OPERATE":0.367603348238,"PER_OI":2.164731428838,"BPS":2.402733930692,"BASIC_EPS":0.589,"DILUTED_EPS":0.584,"OPERATE_INCOME":1854244000,"OPERATE_INCOME_YOY":79.2409458501,"GROSS_PROFIT":812823000,"GROSS_PROFIT_YOY":247.82402177262,"HOLDER_PROFIT":502032000,"HOLDER_PROFIT_YOY":392.4586047242,"GROSS_PROFIT_RATIO":43.83581664549,"EPS_TTM":0.910299216643,"OPERATE_INCOME_QOQ":31.714944417814,"NET_PROFIT_RATIO":29.7480806194,"ROE_AVG":26.044002220343,"GROSS_PROFIT_QOQ":74.45138647846,"ROA":19.636724200818,"HOLDER_PROFIT_QOQ":105.384212176048,"ROE_YEARLY":52.088004440686,"ROIC_YEARLY":45.014471857885,"TOTAL_ASSETS":2796464000,"TOTAL_LIABILITIES":631176000,"TAX_EBT":23.684228730653,"OCF_SALES":16.981476008551,"TOTAL_PARENT_EQUITY":2108202000,"DEBT_ASSET_RATIO":22.5705033213,"OPERATE_PROFIT":724499000,"PRETAX_PROFIT":722789000,"NETCASH_OPERATE":314878000,"NETCASH_INVEST":-114955000,"NETCASH_FINANCE":-65586000,"END_CASH":360936000,"DIVI_RATIO":0.11960418949,"DIVIDEND_RATE":11.111111111111,"CURRENT_RATIO":2.515314592189,"COMMON_ACS":100000000000,"CURRENTDEBT_DEBT":95.533892289948,"ISSUED_COMMON_SHARES":877418000,"HK_COMMON_SHARES":877418000,"PER_SHARES":4000,"TOTAL_MARKET_CAP":947611440,"HKSK_MARKET_CAP":947611440,"PE_TTM":9.555469308159,"PB_TTM":0.359535852134,"REPORT_DATE_SQ":"2021-06-30 00:00:00","REPORT_TYPE_SQ":"2021年中报","OPERATE_INCOME_SQ":1034498000,"DPS_HKD":0.12,"OPERATE_INCOME_QOQ_SQ":26.635564549766,"NET_PROFIT_RATIO_SQ":8.9020955091,"HOLDER_PROFIT_SQ":101944000,"HOLDER_PROFIT_QOQ_SQ":56.854494257601,"ROE_AVG_SQ":7.136699108648,"PE_TTM_SQ":2.157873050137,"PB_TTM_SQ":0.466865382011,"ROA_SQ":5.256280000134,"START_DATE":"2022-01-01 00:00:00","FISCAL_YEAR":"12-31","CURRENCY":"HKD","IS_CNY_CODE":0,"DPS_HKD_LY":0.32,"ORG_TYPE":"一般企业","PREMIUM_INCOME":null,"PREMIUM_INCOME_YOY":null,"NET_INTEREST_INCOME":null,"NET_INTEREST_INCOME_YOY":null,"FEE_COMMISSION_INCOME":null,"FEE_COMMISSION_INCOME_YOY":null,"ACCOUNTS_RECE_TDAYS":2.663162211053,"INVENTORY_TDAYS":5.264381470398,"CURRENT_ASSETS_TDAYS":1.431236919201,"TOTAL_ASSETS_TDAYS":0.725278030664,"PREMIUM_EXPENSE":null,"LOAN_DEPOSIT":null,"LOAN_EQUITY":null,"LOAN_ASSETS":null,"DEPOSIT_EQUITY":null,"DEPOSIT_ASSETS":null,"EQUITY_MULTIPLIER":1.29149748209,"EQUITY_RATIO":0.2993906656},{"SECUCODE":"00609.HK","SECURITY_CODE":"00609","SECURITY_NAME_ABBR":"天德化工","ORG_CODE":"10097422","STD_REPORT_DATE":"2021-12-31 00:00:00","REPORT_DATE":"2021-12-31 00:00:00","DATE_TYPE_CODE":"001","REPORT_TYPE":"2021年年报","PER_NETCASH_OPERATE":0.322002126875,"PER_OI":3.033885632323,"BPS":1.991135353959,"BASIC_EPS":0.446,"DILUTED_EPS":0.446,"OPERATE_INCOME":2584731000,"OPERATE_INCOME_YOY":90.138613337,"GROSS_PROFIT":777870000,"GROSS_PROFIT_YOY":329.444499652191,"HOLDER_PROFIT":379647000,"HOLDER_PROFIT_YOY":300.382826589,"GROSS_PROFIT_RATIO":30.094814508744,"EPS_TTM":0.445619129671,"OPERATE_INCOME_QOQ":50.146298958742,"NET_PROFIT_RATIO":15.183398195,"ROE_AVG":24.218683715462,"GROSS_PROFIT_QOQ":169.002794223427,"ROA":17.926336411503,"HOLDER_PROFIT_QOQ":155.257478266131,"ROE_YEARLY":24.218683715462,"ROIC_YEARLY":19.562238321112,"TOTAL_ASSETS":2316731000,"TOTAL_LIABILITIES":561921000,"TAX_EBT":26.816669650316,"OCF_SALES":10.613522258216,"TOTAL_PARENT_EQUITY":1747058000,"DEBT_ASSET_RATIO":24.2549091802,"OPERATE_PROFIT":544006000,"PRETAX_PROFIT":536256000,"NETCASH_OPERATE":274331000,"NETCASH_INVEST":-84390000,"NETCASH_FINANCE":-88769000,"END_CASH":226349000,"DIVI_RATIO":0.244324340565,"DIVIDEND_RATE":11.111111111111,"CURRENT_RATIO":1.976706106161,"COMMON_ACS":100000000000,"CURRENTDEBT_DEBT":96.72765388729,"ISSUED_COMMON_SHARES":877418000,"HK_COMMON_SHARES":877418000,"PER_SHARES":4000,"TOTAL_MARKET_CAP":947611440,"HKSK_MARKET_CAP":947611440,"PE_TTM":9.555469308159,"PB_TTM":0.359535852134,"REPORT_DATE_SQ":"2020-12-31 00:00:00","REPORT_TYPE_SQ":"2020年年报","OPERATE_INCOME_SQ":1359393000,"DPS_HKD":0.12,"OPERATE_INCOME_QOQ_SQ":-0.44140264534,"NET_PROFIT_RATIO_SQ":5.7364573747,"HOLDER_PROFIT_SQ":94821000,"HOLDER_PROFIT_QOQ_SQ":16.941690099156,"ROE_AVG_SQ":7.074483483098,"PE_TTM_SQ":2.157873050137,"PB_TTM_SQ":0.466865382011,"ROA_SQ":4.953723246415,"START_DATE":"2021-01-01 00:00:00","FISCAL_YEAR":"12-31","CURRENCY":"HKD","IS_CNY_CODE":0,"DPS_HKD_LY":0.03,"ORG_TYPE":"一般企业","PREMIUM_INCOME":null,"PREMIUM_INCOME_YOY":null,"NET_INTEREST_INCOME":null,"NET_INTEREST_INCOME_YOY":null,"FEE_COMMISSION_INCOME":null,"FEE_COMMISSION_INCOME_YOY":null,"ACCOUNTS_RECE_TDAYS":6.766993532071,"INVENTORY_TDAYS":11.151569949546,"CURRENT_ASSETS_TDAYS":2.864072592128,"TOTAL_ASSETS_TDAYS":1.220469473991,"PREMIUM_EXPENSE":null,"LOAN_DEPOSIT":null,"LOAN_EQUITY":null,"LOAN_ASSETS":null,"DEPOSIT_EQUITY":null,"DEPOSIT_ASSETS":null,"EQUITY_MULTIPLIER":1.320217573412,"EQUITY_RATIO":0.321638434442},{"SECUCODE":"00609.HK","SECURITY_CODE":"00609","SECURITY_NAME_ABBR":"天德化工","ORG_CODE":"10097422","STD_REPORT_DATE":"2021-06-30 00:00:00","REPORT_DATE":"2021-06-30 00:00:00","DATE_TYPE_CODE":"002","REPORT_TYPE":"2021年中报","PER_NETCASH_OPERATE":0.149929456285,"PER_OI":1.21426508943,"BPS":1.673996886319,"BASIC_EPS":0.12,"DILUTED_EPS":0.12,"OPERATE_INCOME":1034498000,"OPERATE_INCOME_YOY":53.8479155761,"GROSS_PROFIT":233688000,"GROSS_PROFIT_YOY":85.977366418896,"HOLDER_PROFIT":101944000,"HOLDER_PROFIT_YOY":112.2330016238,"GROSS_PROFIT_RATIO":22.589507181261,"EPS_TTM":0.174576326891,"OPERATE_INCOME_QOQ":26.635564549766,"NET_PROFIT_RATIO":8.9020955091,"ROE_AVG":7.136699108648,"GROSS_PROFIT_QOQ":59.643137125001,"ROA":5.256280000134,"HOLDER_PROFIT_QOQ":56.854494257601,"ROE_YEARLY":14.273398217295,"ROIC_YEARLY":11.10497157826,"TOTAL_ASSETS":1960038000,"TOTAL_LIABILITIES":506237000,"TAX_EBT":30.151843817787,"OCF_SALES":12.347341415837,"TOTAL_PARENT_EQUITY":1468795000,"DEBT_ASSET_RATIO":25.827917622,"OPERATE_PROFIT":135536000,"PRETAX_PROFIT":131846000,"NETCASH_OPERATE":127733000,"NETCASH_INVEST":-110054000,"NETCASH_FINANCE":-41158000,"END_CASH":101816000,"DIVI_RATIO":0.623656150516,"DIVIDEND_RATE":11.111111111111,"CURRENT_RATIO":1.519873516292,"COMMON_ACS":100000000000,"CURRENTDEBT_DEBT":96.141333012008,"ISSUED_COMMON_SHARES":877418000,"HK_COMMON_SHARES":877418000,"PER_SHARES":4000,"TOTAL_MARKET_CAP":947611440,"HKSK_MARKET_CAP":947611440,"PE_TTM":9.555469308159,"PB_TTM":0.359535852134,"REPORT_DATE_SQ":"2020-06-30 00:00:00","REPORT_TYPE_SQ":"2020年中报","OPERATE_INCOME_SQ":672416000,"DPS_HKD":0.12,"OPERATE_INCOME_QOQ_SQ":-1.138047030782,"NET_PROFIT_RATIO_SQ":6.0096725836,"HOLDER_PROFIT_SQ":48034000,"HOLDER_PROFIT_QOQ_SQ":277.012135583763,"ROE_AVG_SQ":3.648823005041,"PE_TTM_SQ":2.157873050137,"PB_TTM_SQ":0.466865382011,"ROA_SQ":2.522939213153,"START_DATE":"2021-01-01 00:00:00","FISCAL_YEAR":"12-31","CURRENCY":"HKD","IS_CNY_CODE":0,"DPS_HKD_LY":0.03,"ORG_TYPE":"一般企业","PREMIUM_INCOME":null,"PREMIUM_INCOME_YOY":null,"NET_INTEREST_INCOME":null,"NET_INTEREST_INCOME_YOY":null,"FEE_COMMISSION_INCOME":null,"FEE_COMMISSION_INCOME_YOY":null,"ACCOUNTS_RECE_TDAYS":3.527254873213,"INVENTORY_TDAYS":6.463357546408,"CURRENT_ASSETS_TDAYS":1.407235202577,"TOTAL_ASSETS_TDAYS":0.533391974768,"PREMIUM_EXPENSE":null,"LOAN_DEPOSIT":null,"LOAN_EQUITY":null,"LOAN_ASSETS":null,"DEPOSIT_EQUITY":null,"DEPOSIT_ASSETS":null,"EQUITY_MULTIPLIER":1.348216158883,"EQUITY_RATIO":0.34466144016},{"SECUCODE":"00609.HK","SECURITY_CODE":"00609","SECURITY_NAME_ABBR":"天德化工","ORG_CODE":"10097422","STD_REPORT_DATE":"2020-12-31 00:00:00","REPORT_DATE":"2020-12-31 00:00:00","DATE_TYPE_CODE":"001","REPORT_TYPE":"2020年年报","PER_NETCASH_OPERATE":0.200165736648,"PER_OI":1.595617838522,"BPS":1.582028178132,"BASIC_EPS":0.111,"DILUTED_EPS":0.111,"OPERATE_INCOME":1359393000,"OPERATE_INCOME_YOY":-1.5744263064,"GROSS_PROFIT":181134000,"GROSS_PROFIT_YOY":-2.294119868168,"HOLDER_PROFIT":94821000,"HOLDER_PROFIT_YOY":340.8843632306,"GROSS_PROFIT_RATIO":13.324623563605,"EPS_TTM":0.111298262582,"OPERATE_INCOME_QOQ":-0.44140264534,"NET_PROFIT_RATIO":5.7364573747,"ROE_AVG":7.074483483098,"GROSS_PROFIT_QOQ":-10.605851231838,"ROA":4.953723246415,"HOLDER_PROFIT_QOQ":16.941690099156,"ROE_YEARLY":7.074483483098,"ROIC_YEARLY":5.368685583318,"TOTAL_ASSETS":1918903000,"TOTAL_LIABILITIES":536011000,"TAX_EBT":29.822082632133,"OCF_SALES":12.544716649269,"TOTAL_PARENT_EQUITY":1388100000,"DEBT_ASSET_RATIO":27.9331993332,"OPERATE_PROFIT":122526000,"PRETAX_PROFIT":111119000,"NETCASH_OPERATE":170532000,"NETCASH_INVEST":-180602000,"NETCASH_FINANCE":-29439000,"END_CASH":125314000,"DIVI_RATIO":0.978232700798,"DIVIDEND_RATE":11.111111111111,"CURRENT_RATIO":1.414991535568,"COMMON_ACS":100000000000,"CURRENTDEBT_DEBT":96.318545701488,"ISSUED_COMMON_SHARES":877418000,"HK_COMMON_SHARES":877418000,"PER_SHARES":4000,"TOTAL_MARKET_CAP":947611440,"HKSK_MARKET_CAP":947611440,"PE_TTM":9.555469308159,"PB_TTM":0.359535852134,"REPORT_DATE_SQ":"2019-12-31 00:00:00","REPORT_TYPE_SQ":"2019年年报","OPERATE_INCOME_SQ":1381138000,"DPS_HKD":0.12,"OPERATE_INCOME_QOQ_SQ":5.800035697241,"NET_PROFIT_RATIO_SQ":0.8432900985,"HOLDER_PROFIT_SQ":21507000,"HOLDER_PROFIT_QOQ_SQ":158.730202075369,"ROE_AVG_SQ":1.67783166762,"PE_TTM_SQ":2.157873050137,"PB_TTM_SQ":0.466865382011,"ROA_SQ":1.194600386258,"START_DATE":"2020-01-01 00:00:00","FISCAL_YEAR":"12-31","CURRENCY":"HKD","IS_CNY_CODE":0,"DPS_HKD_LY":null,"ORG_TYPE":"一般企业","PREMIUM_INCOME":null,"PREMIUM_INCOME_YOY":null,"NET_INTEREST_INCOME":null,"NET_INTEREST_INCOME_YOY":null,"FEE_COMMISSION_INCOME":null,"FEE_COMMISSION_INCOME_YOY":null,"ACCOUNTS_RECE_TDAYS":5.023281852497,"INVENTORY_TDAYS":11.053708463891,"CURRENT_ASSETS_TDAYS":1.997496137307,"TOTAL_ASSETS_TDAYS":0.710186214564,"PREMIUM_EXPENSE":null,"LOAN_DEPOSIT":null,"LOAN_EQUITY":null,"LOAN_ASSETS":null,"DEPOSIT_EQUITY":null,"DEPOSIT_ASSETS":null,"EQUITY_MULTIPLIER":1.387601490211,"EQUITY_RATIO":0.386147251639},{"SECUCODE":"00609.HK","SECURITY_CODE":"00609","SECURITY_NAME_ABBR":"天德化工","ORG_CODE":"10097422","STD_REPORT_DATE":"2020-06-30 00:00:00","REPORT_DATE":"2020-06-30 00:00:00","DATE_TYPE_CODE":"002","REPORT_TYPE":"2020年中报","PER_NETCASH_OPERATE":0.051892473068,"PER_OI":0.789263270083,"BPS":1.527551292542,"BASIC_EPS":0.056,"DILUTED_EPS":0.056,"OPERATE_INCOME":672416000,"OPERATE_INCOME_YOY":-2.2841481456,"GROSS_PROFIT":125654000,"GROSS_PROFIT_YOY":15.89879815896,"HOLDER_PROFIT":48034000,"HOLDER_PROFIT_YOY":516.1309884779,"GROSS_PROFIT_RATIO":18.686943796697,"EPS_TTM":0.095174152595,"OPERATE_INCOME_QOQ":-1.138047030782,"NET_PROFIT_RATIO":6.0096725836,"ROE_AVG":3.648823005041,"GROSS_PROFIT_QOQ":9.297847206115,"ROA":2.522939213153,"HOLDER_PROFIT_QOQ":277.012135583763,"ROE_YEARLY":7.297646010083,"ROIC_YEARLY":5.450643472439,"TOTAL_ASSETS":1898412000,"TOTAL_LIABILITIES":554587000,"TAX_EBT":32.015477792732,"OCF_SALES":6.574798933993,"TOTAL_PARENT_EQUITY":1340301000,"DEBT_ASSET_RATIO":29.2132055634,"OPERATE_PROFIT":66026000,"PRETAX_PROFIT":59440000,"NETCASH_OPERATE":44210000,"NETCASH_INVEST":-139797000,"NETCASH_FINANCE":34460000,"END_CASH":103449000,"DIVI_RATIO":1.143961853416,"DIVIDEND_RATE":11.111111111111,"CURRENT_RATIO":1.104871742455,"COMMON_ACS":100000000000,"CURRENTDEBT_DEBT":95.262240189547,"ISSUED_COMMON_SHARES":877418000,"HK_COMMON_SHARES":877418000,"PER_SHARES":4000,"TOTAL_MARKET_CAP":947611440,"HKSK_MARKET_CAP":947611440,"PE_TTM":9.555469308159,"PB_TTM":0.359535852134,"REPORT_DATE_SQ":"2019-06-30 00:00:00","REPORT_TYPE_SQ":"2019年中报","OPERATE_INCOME_SQ":688134000,"DPS_HKD":0.12,"OPERATE_INCOME_QOQ_SQ":10.694734164335,"NET_PROFIT_RATIO_SQ":-2.0533791384,"HOLDER_PROFIT_SQ":-11543000,"HOLDER_PROFIT_QOQ_SQ":40.024239247928,"ROE_AVG_SQ":-0.912214290936,"PE_TTM_SQ":2.157873050137,"PB_TTM_SQ":0.466865382011,"ROA_SQ":-0.68969122829,"START_DATE":"2020-01-01 00:00:00","FISCAL_YEAR":"12-31","CURRENCY":"HKD","IS_CNY_CODE":0,"DPS_HKD_LY":null,"ORG_TYPE":"一般企业","PREMIUM_INCOME":null,"PREMIUM_INCOME_YOY":null,"NET_INTEREST_INCOME":null,"NET_INTEREST_INCOME_YOY":null,"FEE_COMMISSION_INCOME":null,"FEE_COMMISSION_INCOME_YOY":null,"ACCOUNTS_RECE_TDAYS":2.344460889682,"INVENTORY_TDAYS":4.801043166731,"CURRENT_ASSETS_TDAYS":1.107509357358,"TOTAL_ASSETS_TDAYS":0.353179975424,"PREMIUM_EXPENSE":null,"LOAN_DEPOSIT":null,"LOAN_EQUITY":null,"LOAN_ASSETS":null,"DEPOSIT_EQUITY":null,"DEPOSIT_ASSETS":null,"EQUITY_MULTIPLIER":1.412692872956,"EQUITY_RATIO":0.413777949878}],"count":41},"success":true,"message":"ok","code":0}