{"version":"d46d3b4e52e02dd4e1130690c9c4e4a0","result":{"pages":6,"data":[{"SECUCODE":"00601.HK","SECURITY_CODE":"00601","SECURITY_NAME_ABBR":"稀镁科技","ORG_CODE":"10008993","STD_REPORT_DATE":"2024-06-30 00:00:00","REPORT_DATE":"2024-06-30 00:00:00","DATE_TYPE_CODE":"002","REPORT_TYPE":"2024年中报","PER_NETCASH_OPERATE":0.020859669372,"PER_OI":0.163954167404,"BPS":0.766810009296,"BASIC_EPS":-0.1186484,"DILUTED_EPS":-0.1186484,"OPERATE_INCOME":97158436.72,"OPERATE_INCOME_YOY":3.3493844899,"GROSS_PROFIT":-22271217.36,"GROSS_PROFIT_YOY":31.060083477026,"HOLDER_PROFIT":-72642939.24,"HOLDER_PROFIT_YOY":29.7117575372,"GROSS_PROFIT_RATIO":-22.92257688767,"EPS_TTM":-0.594190802822,"OPERATE_INCOME_QOQ":0.917497835407,"NET_PROFIT_RATIO":-74.7675052135,"ROE_AVG":-14.330184976468,"GROSS_PROFIT_QOQ":12.983443578777,"ROA":-5.738740336654,"HOLDER_PROFIT_QOQ":8.273591457915,"ROE_YEARLY":-28.660369952937,"ROIC_YEARLY":-11.823233062212,"TOTAL_ASSETS":1215099256.04,"TOTAL_LIABILITIES":760691399.6,"TAX_EBT":0.264397774548,"OCF_SALES":12.722866214515,"TOTAL_PARENT_EQUITY":454407856.44,"DEBT_ASSET_RATIO":62.6032314495,"OPERATE_PROFIT":-44768779.36,"PRETAX_PROFIT":-72835514.72,"NETCASH_OPERATE":12361337.92,"NETCASH_INVEST":-7322431.64,"NETCASH_FINANCE":-1229379.96,"END_CASH":37569559.52,"DIVI_RATIO":null,"DIVIDEND_RATE":null,"CURRENT_RATIO":1.657208250761,"COMMON_ACS":130000000000,"CURRENTDEBT_DEBT":21.492675201267,"ISSUED_COMMON_SHARES":592595103,"HK_COMMON_SHARES":592595103,"PER_SHARES":10000,"TOTAL_MARKET_CAP":46222418.034,"HKSK_MARKET_CAP":46222418.034,"PE_TTM":-0.11853269745,"PB_TTM":0.092837911787,"REPORT_DATE_SQ":"2023-06-30 00:00:00","REPORT_TYPE_SQ":"2023年中报","OPERATE_INCOME_SQ":94967627.92,"DPS_HKD":null,"OPERATE_INCOME_QOQ_SQ":-31.892659706897,"NET_PROFIT_RATIO_SQ":-109.935536484,"HOLDER_PROFIT_SQ":-104403171.24,"HOLDER_PROFIT_QOQ_SQ":-1765.66889532958,"ROE_AVG_SQ":-11.293437593031,"PE_TTM_SQ":-2.310386123162,"PB_TTM_SQ":0.039748523829,"ROA_SQ":-6.31076144828,"START_DATE":"2024-01-01 00:00:00","FISCAL_YEAR":"12-31","CURRENCY":"HKD","IS_CNY_CODE":0,"DPS_HKD_LY":null,"ORG_TYPE":"一般企业","PREMIUM_INCOME":null,"PREMIUM_INCOME_YOY":null,"NET_INTEREST_INCOME":null,"NET_INTEREST_INCOME_YOY":null,"FEE_COMMISSION_INCOME":null,"FEE_COMMISSION_INCOME_YOY":null,"ACCOUNTS_RECE_TDAYS":56.95773140717,"INVENTORY_TDAYS":1.32010431221,"CURRENT_ASSETS_TDAYS":0.333661915545,"TOTAL_ASSETS_TDAYS":0.076754471348,"PREMIUM_EXPENSE":null,"LOAN_DEPOSIT":null,"LOAN_EQUITY":null,"LOAN_ASSETS":null,"DEPOSIT_EQUITY":null,"DEPOSIT_ASSETS":null,"EQUITY_MULTIPLIER":2.674027833848,"EQUITY_RATIO":1.674027833849},{"SECUCODE":"00601.HK","SECURITY_CODE":"00601","SECURITY_NAME_ABBR":"稀镁科技","ORG_CODE":"10008993","STD_REPORT_DATE":"2023-12-31 00:00:00","REPORT_DATE":"2023-12-31 00:00:00","DATE_TYPE_CODE":"001","REPORT_TYPE":"2023年年报","PER_NETCASH_OPERATE":0.054720786749,"PER_OI":0.402940916675,"BPS":0.937364339678,"BASIC_EPS":-0.719810546,"DILUTED_EPS":-0.719810546,"OPERATE_INCOME":238780814.02,"OPERATE_INCOME_YOY":-31.3644995168,"GROSS_PROFIT":-77283347.82,"GROSS_PROFIT_YOY":-285.603775557907,"HOLDER_PROFIT":-383874792,"HOLDER_PROFIT_YOY":-30270.9401709402,"GROSS_PROFIT_RATIO":-32.365811355986,"EPS_TTM":-0.647785967276,"OPERATE_INCOME_QOQ":2.23645407536,"NET_PROFIT_RATIO":-160.7645042905,"ROE_AVG":-49.575373351364,"GROSS_PROFIT_QOQ":-94.360796226016,"ROA":-25.551127135858,"HOLDER_PROFIT_QOQ":-1737.60033705383,"ROE_YEARLY":-49.575373351364,"ROIC_YEARLY":-26.090555662316,"TOTAL_ASSETS":1307250442.82,"TOTAL_LIABILITIES":751772925.4,"TAX_EBT":0.542601623344,"OCF_SALES":13.580349992979,"TOTAL_PARENT_EQUITY":555477517.42,"DEBT_ASSET_RATIO":57.5079495692,"OPERATE_PROFIT":-341751873.96,"PRETAX_PROFIT":-385969066.42,"NETCASH_OPERATE":32427270.26,"NETCASH_INVEST":-11647645.66,"NETCASH_FINANCE":-633447.78,"END_CASH":36207113.88,"DIVI_RATIO":null,"DIVIDEND_RATE":null,"CURRENT_RATIO":1.846977824207,"COMMON_ACS":130000000000,"CURRENTDEBT_DEBT":22.270694456164,"ISSUED_COMMON_SHARES":592595103,"HK_COMMON_SHARES":592595103,"PER_SHARES":10000,"TOTAL_MARKET_CAP":56296534.785,"HKSK_MARKET_CAP":56296534.785,"PE_TTM":-0.144366746894,"PB_TTM":0.113071815637,"REPORT_DATE_SQ":"2022-12-31 00:00:00","REPORT_TYPE_SQ":"2022年年报","OPERATE_INCOME_SQ":342925459.73,"DPS_HKD":null,"OPERATE_INCOME_QOQ_SQ":-12.639781801893,"NET_PROFIT_RATIO_SQ":0.3657211923,"HOLDER_PROFIT_SQ":1254151.08,"HOLDER_PROFIT_QOQ_SQ":100.398414040448,"ROE_AVG_SQ":0.122894103621,"PE_TTM_SQ":-2.764888311326,"PB_TTM_SQ":0.047567905566,"ROA_SQ":0.066323507077,"START_DATE":"2023-01-01 00:00:00","FISCAL_YEAR":"12-31","CURRENCY":"HKD","IS_CNY_CODE":0,"DPS_HKD_LY":null,"ORG_TYPE":"一般企业","PREMIUM_INCOME":null,"PREMIUM_INCOME_YOY":null,"NET_INTEREST_INCOME":null,"NET_INTEREST_INCOME_YOY":null,"FEE_COMMISSION_INCOME":null,"FEE_COMMISSION_INCOME_YOY":null,"ACCOUNTS_RECE_TDAYS":112.052307038061,"INVENTORY_TDAYS":2.359269568864,"CURRENT_ASSETS_TDAYS":0.685343678431,"TOTAL_ASSETS_TDAYS":0.158935128427,"PREMIUM_EXPENSE":null,"LOAN_DEPOSIT":null,"LOAN_EQUITY":null,"LOAN_ASSETS":null,"DEPOSIT_EQUITY":null,"DEPOSIT_ASSETS":null,"EQUITY_MULTIPLIER":2.353381373367,"EQUITY_RATIO":1.353381373366},{"SECUCODE":"00601.HK","SECURITY_CODE":"00601","SECURITY_NAME_ABBR":"稀镁科技","ORG_CODE":"10008993","STD_REPORT_DATE":"2023-06-30 00:00:00","REPORT_DATE":"2023-06-30 00:00:00","DATE_TYPE_CODE":"002","REPORT_TYPE":"2023年中报","PER_NETCASH_OPERATE":0.01023350247,"PER_OI":0.240385789823,"BPS":1.414914934759,"BASIC_EPS":-0.2581544,"DILUTED_EPS":-0.2581544,"OPERATE_INCOME":94967627.92,"OPERATE_INCOME_YOY":-56.8905480966,"GROSS_PROFIT":-32305257.22,"GROSS_PROFIT_YOY":-165.799568037677,"HOLDER_PROFIT":-104403171.24,"HOLDER_PROFIT_YOY":-17.72570383,"GROSS_PROFIT_RATIO":-34.017125548522,"EPS_TTM":-0.052877599733,"OPERATE_INCOME_QOQ":-31.892659706897,"NET_PROFIT_RATIO":-109.935536484,"ROE_AVG":-11.293437593031,"GROSS_PROFIT_QOQ":-195.494451124842,"ROA":-6.31076144828,"HOLDER_PROFIT_QOQ":-1765.66889532958,"ROE_YEARLY":-22.586875186062,"ROIC_YEARLY":-12.840733649292,"TOTAL_ASSETS":1581705554.94,"TOTAL_LIABILITIES":743233893.44,"TAX_EBT":0.038841122155,"OCF_SALES":4.257116228496,"TOTAL_PARENT_EQUITY":838471661.5,"DEBT_ASSET_RATIO":46.989396422,"OPERATE_PROFIT":-82534727.62,"PRETAX_PROFIT":-104443738.36,"NETCASH_OPERATE":4042882.3,"NETCASH_INVEST":-4190399.1,"NETCASH_FINANCE":3824373.04,"END_CASH":30117398.68,"DIVI_RATIO":null,"DIVIDEND_RATE":null,"CURRENT_RATIO":2.113322788794,"COMMON_ACS":130000000000,"CURRENTDEBT_DEBT":22.66600341385,"ISSUED_COMMON_SHARES":592595103,"HK_COMMON_SHARES":592595103,"PER_SHARES":10000,"TOTAL_MARKET_CAP":56296534.785,"HKSK_MARKET_CAP":56296534.785,"PE_TTM":-0.144366746894,"PB_TTM":0.113071815637,"REPORT_DATE_SQ":"2022-06-30 00:00:00","REPORT_TYPE_SQ":"2022年中报","OPERATE_INCOME_SQ":204335677.84,"DPS_HKD":null,"OPERATE_INCOME_QOQ_SQ":15.39557935297,"NET_PROFIT_RATIO_SQ":-40.2568051696,"HOLDER_PROFIT_SQ":-82259015.72,"HOLDER_PROFIT_QOQ_SQ":-16.0083718437,"ROE_AVG_SQ":-8.798349509102,"PE_TTM_SQ":-2.764888311326,"PB_TTM_SQ":0.047567905566,"ROA_SQ":-4.287277165819,"START_DATE":"2023-01-01 00:00:00","FISCAL_YEAR":"12-31","CURRENCY":"HKD","IS_CNY_CODE":0,"DPS_HKD_LY":null,"ORG_TYPE":"一般企业","PREMIUM_INCOME":null,"PREMIUM_INCOME_YOY":null,"NET_INTEREST_INCOME":null,"NET_INTEREST_INCOME_YOY":null,"FEE_COMMISSION_INCOME":null,"FEE_COMMISSION_INCOME_YOY":null,"ACCOUNTS_RECE_TDAYS":64.904851921865,"INVENTORY_TDAYS":0.775557328419,"CURRENT_ASSETS_TDAYS":0.253130836528,"TOTAL_ASSETS_TDAYS":0.057404199316,"PREMIUM_EXPENSE":null,"LOAN_DEPOSIT":null,"LOAN_EQUITY":null,"LOAN_ASSETS":null,"DEPOSIT_EQUITY":null,"DEPOSIT_ASSETS":null,"EQUITY_MULTIPLIER":1.886415042471,"EQUITY_RATIO":0.886415042472},{"SECUCODE":"00601.HK","SECURITY_CODE":"00601","SECURITY_NAME_ABBR":"稀镁科技","ORG_CODE":"10008993","STD_REPORT_DATE":"2022-12-31 00:00:00","REPORT_DATE":"2022-12-31 00:00:00","DATE_TYPE_CODE":"001","REPORT_TYPE":"2022年年报","PER_NETCASH_OPERATE":0.063495651617,"PER_OI":0.868026392711,"BPS":1.652023511642,"BASIC_EPS":0.00267981,"DILUTED_EPS":0.00267981,"OPERATE_INCOME":342925459.73,"OPERATE_INCOME_YOY":-7.7298947267,"GROSS_PROFIT":41638887.78,"GROSS_PROFIT_YOY":-25.949560807278,"HOLDER_PROFIT":1254151.08,"HOLDER_PROFIT_YOY":100.4230406499,"GROSS_PROFIT_RATIO":12.142256166335,"EPS_TTM":0.003174556473,"OPERATE_INCOME_QOQ":-12.639781801893,"NET_PROFIT_RATIO":0.3657211923,"ROE_AVG":0.122894103621,"GROSS_PROFIT_QOQ":-52.634532108352,"ROA":0.066323507077,"HOLDER_PROFIT_QOQ":100.398414040448,"ROE_YEARLY":0.122894103621,"ROIC_YEARLY":0.067175169302,"TOTAL_ASSETS":1673250138.98,"TOTAL_LIABILITIES":694269095.94,"TAX_EBT":75.071022727273,"OCF_SALES":7.314944816215,"TOTAL_PARENT_EQUITY":978981043.04,"DEBT_ASSET_RATIO":41.4922479172,"OPERATE_PROFIT":-215123534.29,"PRETAX_PROFIT":5030896.64,"NETCASH_OPERATE":25084808.14,"NETCASH_INVEST":-1268443.4,"NETCASH_FINANCE":-19632288.06,"END_CASH":25546628.73,"DIVI_RATIO":null,"DIVIDEND_RATE":null,"CURRENT_RATIO":2.475774801162,"COMMON_ACS":130000000000,"CURRENTDEBT_DEBT":22.227111430196,"ISSUED_COMMON_SHARES":592595103,"HK_COMMON_SHARES":592595103,"PER_SHARES":10000,"TOTAL_MARKET_CAP":47407608.24,"HKSK_MARKET_CAP":47407608.24,"PE_TTM":-0.121571997384,"PB_TTM":0.095218371063,"REPORT_DATE_SQ":"2021-12-31 00:00:00","REPORT_TYPE_SQ":"2021年年报","OPERATE_INCOME_SQ":340170656,"DPS_HKD":null,"OPERATE_INCOME_QOQ_SQ":-23.132170703438,"NET_PROFIT_RATIO_SQ":-79.7680622987,"HOLDER_PROFIT_SQ":-271347540.8,"HOLDER_PROFIT_QOQ_SQ":-202.343436669261,"ROE_AVG_SQ":-25.134425703103,"PE_TTM_SQ":-2.310386123162,"PB_TTM_SQ":0.039748523829,"ROA_SQ":-13.498172122102,"START_DATE":"2022-01-01 00:00:00","FISCAL_YEAR":"12-31","CURRENCY":"HKD","IS_CNY_CODE":0,"DPS_HKD_LY":null,"ORG_TYPE":"一般企业","PREMIUM_INCOME":null,"PREMIUM_INCOME_YOY":null,"NET_INTEREST_INCOME":null,"NET_INTEREST_INCOME_YOY":null,"FEE_COMMISSION_INCOME":null,"FEE_COMMISSION_INCOME_YOY":null,"ACCOUNTS_RECE_TDAYS":5.084687620032,"INVENTORY_TDAYS":1.654639377557,"CURRENT_ASSETS_TDAYS":0.739797407908,"TOTAL_ASSETS_TDAYS":0.18134991484,"PREMIUM_EXPENSE":null,"LOAN_DEPOSIT":null,"LOAN_EQUITY":null,"LOAN_ASSETS":null,"DEPOSIT_EQUITY":null,"DEPOSIT_ASSETS":null,"EQUITY_MULTIPLIER":1.709175219354,"EQUITY_RATIO":0.709175219353},{"SECUCODE":"00601.HK","SECURITY_CODE":"00601","SECURITY_NAME_ABBR":"稀镁科技","ORG_CODE":"10008993","STD_REPORT_DATE":"2022-06-30 00:00:00","REPORT_DATE":"2022-06-30 00:00:00","DATE_TYPE_CODE":"002","REPORT_TYPE":"2022年中报","PER_NETCASH_OPERATE":0.004371549189,"PER_OI":0.031033349489,"BPS":1.439604338428,"BASIC_EPS":-0.012485774,"DILUTED_EPS":-0.012485774,"OPERATE_INCOME":204335677.84,"OPERATE_INCOME_YOY":30.8292084629,"GROSS_PROFIT":49096457.9,"GROSS_PROFIT_YOY":181.886548042822,"HOLDER_PROFIT":-82259015.72,"HOLDER_PROFIT_YOY":-106.1686850284,"GROSS_PROFIT_RATIO":24.027354605417,"EPS_TTM":-0.047807900405,"OPERATE_INCOME_QOQ":15.39557935297,"NET_PROFIT_RATIO":-40.2568051696,"ROE_AVG":-8.798349509102,"GROSS_PROFIT_QOQ":56.33845180653,"ROA":-4.287277165819,"HOLDER_PROFIT_QOQ":-16.0083718437,"ROE_YEARLY":-17.596699018203,"ROIC_YEARLY":-8.673849185147,"TOTAL_ASSETS":1818576928.42,"TOTAL_LIABILITIES":965474447.21,"TAX_EBT":-11.430590470453,"OCF_SALES":14.08661733686,"TOTAL_PARENT_EQUITY":853102481.21,"DEBT_ASSET_RATIO":53.0895576713,"OPERATE_PROFIT":-52435974.85,"PRETAX_PROFIT":-73820855.99,"NETCASH_OPERATE":28783985.02,"NETCASH_INVEST":1847210.4,"NETCASH_FINANCE":-24691045.68,"END_CASH":22482089.91,"DIVI_RATIO":null,"DIVIDEND_RATE":null,"CURRENT_RATIO":0.495361430929,"COMMON_ACS":130000000000,"CURRENTDEBT_DEBT":93.397545880763,"ISSUED_COMMON_SHARES":592595103,"HK_COMMON_SHARES":592595103,"PER_SHARES":10000,"TOTAL_MARKET_CAP":56296534.785,"HKSK_MARKET_CAP":56296534.785,"PE_TTM":-0.144366746894,"PB_TTM":0.113071815637,"REPORT_DATE_SQ":"2021-06-30 00:00:00","REPORT_TYPE_SQ":"2021年中报","OPERATE_INCOME_SQ":151964434.56,"DPS_HKD":null,"OPERATE_INCOME_QOQ_SQ":-29.406420500274,"NET_PROFIT_RATIO_SQ":-25.5459065224,"HOLDER_PROFIT_SQ":-38820692.4,"HOLDER_PROFIT_QOQ_SQ":-44.079669882819,"ROE_AVG_SQ":-3.238497969995,"PE_TTM_SQ":-2.764888311326,"PB_TTM_SQ":0.047567905566,"ROA_SQ":-1.836675442266,"START_DATE":"2022-01-01 00:00:00","FISCAL_YEAR":"12-31","CURRENCY":"HKD","IS_CNY_CODE":0,"DPS_HKD_LY":null,"ORG_TYPE":"一般企业","PREMIUM_INCOME":null,"PREMIUM_INCOME_YOY":null,"NET_INTEREST_INCOME":null,"NET_INTEREST_INCOME_YOY":null,"FEE_COMMISSION_INCOME":null,"FEE_COMMISSION_INCOME_YOY":null,"ACCOUNTS_RECE_TDAYS":2.253889944864,"INVENTORY_TDAYS":0.881358894745,"CURRENT_ASSETS_TDAYS":0.421973954231,"TOTAL_ASSETS_TDAYS":0.106498196957,"PREMIUM_EXPENSE":null,"LOAN_DEPOSIT":null,"LOAN_EQUITY":null,"LOAN_ASSETS":null,"DEPOSIT_EQUITY":null,"DEPOSIT_ASSETS":null,"EQUITY_MULTIPLIER":2.131721532261,"EQUITY_RATIO":1.13172153226},{"SECUCODE":"00601.HK","SECURITY_CODE":"00601","SECURITY_NAME_ABBR":"稀镁科技","ORG_CODE":"10008993","STD_REPORT_DATE":"2021-12-31 00:00:00","REPORT_DATE":"2021-12-31 00:00:00","DATE_TYPE_CODE":"001","REPORT_TYPE":"2021年年报","PER_NETCASH_OPERATE":0.01324907875,"PER_OI":0.051663199325,"BPS":1.640376328253,"BASIC_EPS":-0.825776,"DILUTED_EPS":-0.825776,"OPERATE_INCOME":340170656,"OPERATE_INCOME_YOY":-44.1407235955,"GROSS_PROFIT":56230440,"GROSS_PROFIT_YOY":-48.674773694152,"HOLDER_PROFIT":-271347540.8,"HOLDER_PROFIT_YOY":-348.4238829363,"GROSS_PROFIT_RATIO":16.530067778686,"EPS_TTM":-0.041210733023,"OPERATE_INCOME_QOQ":-23.132170703438,"NET_PROFIT_RATIO":-79.7680622987,"ROE_AVG":-25.134425703103,"GROSS_PROFIT_QOQ":-3.12023354805,"ROA":-13.498172122102,"HOLDER_PROFIT_QOQ":-202.343436669261,"ROE_YEARLY":-25.134425703103,"ROIC_YEARLY":-13.668229663555,"TOTAL_ASSETS":1930042094.4,"TOTAL_LIABILITIES":957963115.2,"TAX_EBT":-1.578697681536,"OCF_SALES":25.645099264529,"TOTAL_PARENT_EQUITY":972078979.2,"DEBT_ASSET_RATIO":49.6343120173,"OPERATE_PROFIT":-210388102.4,"PRETAX_PROFIT":-267130360,"NETCASH_OPERATE":87237102.4,"NETCASH_INVEST":-86520884.8,"NETCASH_FINANCE":-12314691.2,"END_CASH":20503772.8,"DIVI_RATIO":null,"DIVIDEND_RATE":null,"CURRENT_RATIO":0.557894380724,"COMMON_ACS":130000000000,"CURRENTDEBT_DEBT":93.341765691398,"ISSUED_COMMON_SHARES":592595103,"HK_COMMON_SHARES":592595103,"PER_SHARES":10000,"TOTAL_MARKET_CAP":56296534.785,"HKSK_MARKET_CAP":56296534.785,"PE_TTM":-0.144366746894,"PB_TTM":0.113071815637,"REPORT_DATE_SQ":"2020-12-31 00:00:00","REPORT_TYPE_SQ":"2020年年报","OPERATE_INCOME_SQ":626883771.04,"DPS_HKD":null,"OPERATE_INCOME_QOQ_SQ":-40.570796607777,"NET_PROFIT_RATIO_SQ":-9.9365497908,"HOLDER_PROFIT_SQ":-62290618.04,"HOLDER_PROFIT_QOQ_SQ":-183.937767285892,"ROE_AVG_SQ":-5.212392805291,"PE_TTM_SQ":-2.764888311326,"PB_TTM_SQ":0.047567905566,"ROA_SQ":-2.896057173759,"START_DATE":"2021-01-01 00:00:00","FISCAL_YEAR":"12-31","CURRENCY":"HKD","IS_CNY_CODE":0,"DPS_HKD_LY":null,"ORG_TYPE":"一般企业","PREMIUM_INCOME":null,"PREMIUM_INCOME_YOY":null,"NET_INTEREST_INCOME":null,"NET_INTEREST_INCOME_YOY":null,"FEE_COMMISSION_INCOME":null,"FEE_COMMISSION_INCOME_YOY":null,"ACCOUNTS_RECE_TDAYS":2.585861850365,"INVENTORY_TDAYS":1.382105085117,"CURRENT_ASSETS_TDAYS":0.601652715687,"TOTAL_ASSETS_TDAYS":0.169217751229,"PREMIUM_EXPENSE":null,"LOAN_DEPOSIT":null,"LOAN_EQUITY":null,"LOAN_ASSETS":null,"DEPOSIT_EQUITY":null,"DEPOSIT_ASSETS":null,"EQUITY_MULTIPLIER":1.985478686092,"EQUITY_RATIO":0.985478686092},{"SECUCODE":"00601.HK","SECURITY_CODE":"00601","SECURITY_NAME_ABBR":"稀镁科技","ORG_CODE":"10008993","STD_REPORT_DATE":"2021-06-30 00:00:00","REPORT_DATE":"2021-06-30 00:00:00","DATE_TYPE_CODE":"002","REPORT_TYPE":"2021年中报","PER_NETCASH_OPERATE":0.006746348623,"PER_OI":0.02307950064,"BPS":2.006994668263,"BASIC_EPS":-0.005907768,"DILUTED_EPS":-0.005907768,"OPERATE_INCOME":151964434.56,"OPERATE_INCOME_YOY":-50.395732499,"GROSS_PROFIT":17417098.56,"GROSS_PROFIT_YOY":-74.733202054079,"HOLDER_PROFIT":-38820692.4,"HOLDER_PROFIT_YOY":-275.040192926,"GROSS_PROFIT_RATIO":11.46129922467,"EPS_TTM":-0.013630437451,"OPERATE_INCOME_QOQ":-29.406420500274,"NET_PROFIT_RATIO":-25.5459065224,"ROE_AVG":-3.238497969995,"GROSS_PROFIT_QOQ":-47.021727874103,"ROA":-1.836675442266,"HOLDER_PROFIT_QOQ":-44.079669882819,"ROE_YEARLY":-6.47699593999,"ROIC_YEARLY":-3.704847052471,"TOTAL_ASSETS":2099789659.44,"TOTAL_LIABILITIES":910454447.28,"TAX_EBT":-2.226166217489,"OCF_SALES":29.230912435937,"TOTAL_PARENT_EQUITY":1189335212.16,"DEBT_ASSET_RATIO":43.3593166433,"OPERATE_PROFIT":-16647424.56,"PRETAX_PROFIT":-37975299.12,"NETCASH_OPERATE":44420590.8,"NETCASH_INVEST":-68141527.44,"NETCASH_FINANCE":-705603.84,"END_CASH":5896118.88,"DIVI_RATIO":null,"DIVIDEND_RATE":null,"CURRENT_RATIO":0.680386003113,"COMMON_ACS":130000000000,"CURRENTDEBT_DEBT":93.010452471278,"ISSUED_COMMON_SHARES":592595103,"HK_COMMON_SHARES":592595103,"PER_SHARES":10000,"TOTAL_MARKET_CAP":56296534.785,"HKSK_MARKET_CAP":56296534.785,"PE_TTM":-0.144366746894,"PB_TTM":0.113071815637,"REPORT_DATE_SQ":"2020-06-30 00:00:00","REPORT_TYPE_SQ":"2020年中报","OPERATE_INCOME_SQ":336308512.32,"DPS_HKD":null,"OPERATE_INCOME_QOQ_SQ":-22.287708992054,"NET_PROFIT_RATIO_SQ":-3.3788004715,"HOLDER_PROFIT_SQ":-11363193.6,"HOLDER_PROFIT_QOQ_SQ":-60.499811612407,"ROE_AVG_SQ":-0.913811220853,"PE_TTM_SQ":-2.764888311326,"PB_TTM_SQ":0.047567905566,"ROA_SQ":-0.504036648813,"START_DATE":"2021-01-01 00:00:00","FISCAL_YEAR":"12-31","CURRENCY":"HKD","IS_CNY_CODE":0,"DPS_HKD_LY":null,"ORG_TYPE":"一般企业","PREMIUM_INCOME":null,"PREMIUM_INCOME_YOY":null,"NET_INTEREST_INCOME":null,"NET_INTEREST_INCOME_YOY":null,"FEE_COMMISSION_INCOME":null,"FEE_COMMISSION_INCOME_YOY":null,"ACCOUNTS_RECE_TDAYS":1.10999212931,"INVENTORY_TDAYS":0.57571425774,"CURRENT_ASSETS_TDAYS":0.249268261058,"TOTAL_ASSETS_TDAYS":0.071897054843,"PREMIUM_EXPENSE":null,"LOAN_DEPOSIT":null,"LOAN_EQUITY":null,"LOAN_ASSETS":null,"DEPOSIT_EQUITY":null,"DEPOSIT_ASSETS":null,"EQUITY_MULTIPLIER":1.765515422373,"EQUITY_RATIO":0.765515422373},{"SECUCODE":"00601.HK","SECURITY_CODE":"00601","SECURITY_NAME_ABBR":"稀镁科技","ORG_CODE":"10008993","STD_REPORT_DATE":"2020-12-31 00:00:00","REPORT_DATE":"2020-12-31 00:00:00","DATE_TYPE_CODE":"001","REPORT_TYPE":"2020年年报","PER_NETCASH_OPERATE":0.003807607402,"PER_OI":0.095207569041,"BPS":2.062108893397,"BASIC_EPS":-0.009426368,"DILUTED_EPS":-0.009426368,"OPERATE_INCOME":626883771.04,"OPERATE_INCOME_YOY":-50.8453491772,"GROSS_PROFIT":109557120.44,"GROSS_PROFIT_YOY":-70.614647116602,"HOLDER_PROFIT":-62290618.04,"HOLDER_PROFIT_YOY":-135.2883680125,"GROSS_PROFIT_RATIO":17.476464617715,"EPS_TTM":-0.009460347502,"OPERATE_INCOME_QOQ":-40.570796607777,"NET_PROFIT_RATIO":-9.9365497908,"ROE_AVG":-5.212392805291,"GROSS_PROFIT_QOQ":-57.906693133269,"ROA":-2.896057173759,"HOLDER_PROFIT_QOQ":-183.937767285892,"ROE_YEARLY":-5.212392805291,"ROIC_YEARLY":-3.070843582652,"TOTAL_ASSETS":2151932084.48,"TOTAL_LIABILITIES":929936452.4,"TAX_EBT":-7.812317911665,"OCF_SALES":3.99926963788,"TOTAL_PARENT_EQUITY":1221995632.08,"DEBT_ASSET_RATIO":43.21402423,"OPERATE_PROFIT":24583462.76,"PRETAX_PROFIT":-57776902.72,"NETCASH_OPERATE":25070772.32,"NETCASH_INVEST":-78578876.96,"NETCASH_FINANCE":-124571136.4,"END_CASH":30386570.56,"DIVI_RATIO":null,"DIVIDEND_RATE":null,"CURRENT_RATIO":0.810423305222,"COMMON_ACS":130000000000,"CURRENTDEBT_DEBT":86.315537012064,"ISSUED_COMMON_SHARES":592595103,"HK_COMMON_SHARES":592595103,"PER_SHARES":10000,"TOTAL_MARKET_CAP":56296534.785,"HKSK_MARKET_CAP":56296534.785,"PE_TTM":-0.144366746894,"PB_TTM":0.113071815637,"REPORT_DATE_SQ":"2019-12-31 00:00:00","REPORT_TYPE_SQ":"2019年年报","OPERATE_INCOME_SQ":1357367371.98,"DPS_HKD":null,"OPERATE_INCOME_QOQ_SQ":3.18764714516,"NET_PROFIT_RATIO_SQ":13.8410377941,"HOLDER_PROFIT_SQ":187873730.96,"HOLDER_PROFIT_QOQ_SQ":-29.1394552913,"ROE_AVG_SQ":15.774636870164,"PE_TTM_SQ":-2.764888311326,"PB_TTM_SQ":0.047567905566,"ROA_SQ":8.514369714092,"START_DATE":"2020-01-01 00:00:00","FISCAL_YEAR":"12-31","CURRENCY":"HKD","IS_CNY_CODE":0,"DPS_HKD_LY":0.006,"ORG_TYPE":"一般企业","PREMIUM_INCOME":null,"PREMIUM_INCOME_YOY":null,"NET_INTEREST_INCOME":null,"NET_INTEREST_INCOME_YOY":null,"FEE_COMMISSION_INCOME":null,"FEE_COMMISSION_INCOME_YOY":null,"ACCOUNTS_RECE_TDAYS":4.601118719557,"INVENTORY_TDAYS":2.593840596529,"CURRENT_ASSETS_TDAYS":0.89674128314,"TOTAL_ASSETS_TDAYS":0.291455005482,"PREMIUM_EXPENSE":null,"LOAN_DEPOSIT":null,"LOAN_EQUITY":null,"LOAN_ASSETS":null,"DEPOSIT_EQUITY":null,"DEPOSIT_ASSETS":null,"EQUITY_MULTIPLIER":1.760998180343,"EQUITY_RATIO":0.760998180343},{"SECUCODE":"00601.HK","SECURITY_CODE":"00601","SECURITY_NAME_ABBR":"稀镁科技","ORG_CODE":"10008993","STD_REPORT_DATE":"2020-06-30 00:00:00","REPORT_DATE":"2020-06-30 00:00:00","DATE_TYPE_CODE":"002","REPORT_TYPE":"2020年中报","PER_NETCASH_OPERATE":-0.009162853055,"PER_OI":0.051076638741,"BPS":2.057455053657,"BASIC_EPS":-0.001735536,"DILUTED_EPS":-0.001735536,"OPERATE_INCOME":336308512.32,"OPERATE_INCOME_YOY":-49.3027681351,"GROSS_PROFIT":68932749.6,"GROSS_PROFIT_YOY":-62.018366505588,"HOLDER_PROFIT":-11363193.6,"HOLDER_PROFIT_YOY":-110.69693452,"GROSS_PROFIT_RATIO":20.496879226896,"EPS_TTM":0.011270668506,"OPERATE_INCOME_QOQ":-22.287708992054,"NET_PROFIT_RATIO":-3.3788004715,"ROE_AVG":-0.913811220853,"GROSS_PROFIT_QOQ":-30.189963510272,"ROA":-0.504036648813,"HOLDER_PROFIT_QOQ":-60.499811612407,"ROE_YEARLY":-1.827622441705,"ROIC_YEARLY":-1.070418523747,"TOTAL_ASSETS":2175654228,"TOTAL_LIABILITIES":956416438.56,"TAX_EBT":-345.080500894454,"OCF_SALES":-17.939420606337,"TOTAL_PARENT_EQUITY":1219237789.44,"DEBT_ASSET_RATIO":43.9599466795,"OPERATE_PROFIT":39254170.56,"PRETAX_PROFIT":-2553064.8,"NETCASH_OPERATE":-60331798.56,"NETCASH_INVEST":603783.84,"NETCASH_FINANCE":-134977201.92,"END_CASH":29857613.28,"DIVI_RATIO":null,"DIVIDEND_RATE":null,"CURRENT_RATIO":1.597574379306,"COMMON_ACS":130000000000,"CURRENTDEBT_DEBT":47.792223668615,"ISSUED_COMMON_SHARES":592595103,"HK_COMMON_SHARES":592595103,"PER_SHARES":10000,"TOTAL_MARKET_CAP":56296534.785,"HKSK_MARKET_CAP":56296534.785,"PE_TTM":-0.144366746894,"PB_TTM":0.113071815637,"REPORT_DATE_SQ":"2019-06-30 00:00:00","REPORT_TYPE_SQ":"2019年中报","OPERATE_INCOME_SQ":638834602.14,"DPS_HKD":null,"OPERATE_INCOME_QOQ_SQ":-2.372547690833,"NET_PROFIT_RATIO_SQ":16.0135439372,"HOLDER_PROFIT_SQ":102300059.7,"HOLDER_PROFIT_QOQ_SQ":5.886026327407,"ROE_AVG_SQ":8.834307453194,"PE_TTM_SQ":-2.764888311326,"PB_TTM_SQ":0.047567905566,"ROA_SQ":4.774542016339,"START_DATE":"2020-01-01 00:00:00","FISCAL_YEAR":"12-31","CURRENCY":"HKD","IS_CNY_CODE":0,"DPS_HKD_LY":0.006,"ORG_TYPE":"一般企业","PREMIUM_INCOME":null,"PREMIUM_INCOME_YOY":null,"NET_INTEREST_INCOME":null,"NET_INTEREST_INCOME_YOY":null,"FEE_COMMISSION_INCOME":null,"FEE_COMMISSION_INCOME_YOY":null,"ACCOUNTS_RECE_TDAYS":2.136594707521,"INVENTORY_TDAYS":1.244170996844,"CURRENT_ASSETS_TDAYS":0.436297835504,"TOTAL_ASSETS_TDAYS":0.149176210037,"PREMIUM_EXPENSE":null,"LOAN_DEPOSIT":null,"LOAN_EQUITY":null,"LOAN_ASSETS":null,"DEPOSIT_EQUITY":null,"DEPOSIT_ASSETS":null,"EQUITY_MULTIPLIER":1.784437988096,"EQUITY_RATIO":0.784437988097}],"count":48},"success":true,"message":"ok","code":0}