{"version":"dd721f863df4cd0a67a04ae027856f7e","result":{"pages":2,"data":[{"SECUCODE":"00606.HK","SECURITY_CODE":"00606","SECURITY_NAME_ABBR":"中骏商管","ORG_CODE":"10000167811","STD_REPORT_DATE":"2024-06-30 00:00:00","REPORT_DATE":"2024-06-30 00:00:00","DATE_TYPE_CODE":"002","REPORT_TYPE":"2024年中报","PER_NETCASH_OPERATE":0.038842894057,"PER_OI":0.321709043928,"BPS":1.414218087855,"BASIC_EPS":0.0416,"DILUTED_EPS":0.0416,"OPERATE_INCOME":622507000,"OPERATE_INCOME_YOY":0.3614584089,"GROSS_PROFIT":209147000,"GROSS_PROFIT_YOY":-1.268912125003,"HOLDER_PROFIT":80432000,"HOLDER_PROFIT_YOY":-41.6309262041,"GROSS_PROFIT_RATIO":33.597533842993,"EPS_TTM":0.103194315245,"OPERATE_INCOME_QOQ":0.179693223113,"NET_PROFIT_RATIO":13.4634630615,"ROE_AVG":2.98324059851,"GROSS_PROFIT_QOQ":-0.656027373523,"ROA":2.314060524283,"HOLDER_PROFIT_QOQ":-22.317621611528,"ROE_YEARLY":5.96648119702,"ROIC_YEARLY":6.722885745546,"TOTAL_ASSETS":3555251000,"TOTAL_LIABILITIES":794652000,"TAX_EBT":29.282966013028,"OCF_SALES":12.073920453907,"TOTAL_PARENT_EQUITY":2736512000,"DEBT_ASSET_RATIO":22.3515020458,"OPERATE_PROFIT":118003000,"PRETAX_PROFIT":118516000,"NETCASH_OPERATE":75161000,"NETCASH_INVEST":384400000,"NETCASH_FINANCE":-2753000,"END_CASH":661359000,"DIVI_RATIO":null,"DIVIDEND_RATE":null,"CURRENT_RATIO":3.085205125322,"COMMON_ACS":5000000000,"CURRENTDEBT_DEBT":99.596175432768,"ISSUED_COMMON_SHARES":1935000000,"HK_COMMON_SHARES":1935000000,"PER_SHARES":1000,"TOTAL_MARKET_CAP":493425000,"HKSK_MARKET_CAP":493425000,"PE_TTM":2.219476105286,"PB_TTM":0.164566838735,"REPORT_DATE_SQ":"2023-06-30 00:00:00","REPORT_TYPE_SQ":"2023年中报","OPERATE_INCOME_SQ":620265000,"DPS_HKD":null,"OPERATE_INCOME_QOQ_SQ":1.322935017858,"NET_PROFIT_RATIO_SQ":22.778489839,"HOLDER_PROFIT_SQ":137799000,"HOLDER_PROFIT_QOQ_SQ":1.7220249052,"ROE_AVG_SQ":5.305390381196,"PE_TTM_SQ":3.862334897378,"PB_TTM_SQ":0.306273921508,"ROA_SQ":4.260009626826,"START_DATE":"2024-01-01 00:00:00","FISCAL_YEAR":"12-31","CURRENCY":"HKD","IS_CNY_CODE":0,"DPS_HKD_LY":null,"ORG_TYPE":"一般企业","PREMIUM_INCOME":null,"PREMIUM_INCOME_YOY":null,"NET_INTEREST_INCOME":null,"NET_INTEREST_INCOME_YOY":null,"FEE_COMMISSION_INCOME":null,"FEE_COMMISSION_INCOME_YOY":null,"ACCOUNTS_RECE_TDAYS":1.897490920341,"INVENTORY_TDAYS":null,"CURRENT_ASSETS_TDAYS":0.264213799827,"TOTAL_ASSETS_TDAYS":0.179097731598,"PREMIUM_EXPENSE":null,"LOAN_DEPOSIT":null,"LOAN_EQUITY":null,"LOAN_ASSETS":null,"DEPOSIT_EQUITY":null,"DEPOSIT_ASSETS":null,"EQUITY_MULTIPLIER":1.287854918443,"EQUITY_RATIO":0.290388640722},{"SECUCODE":"00606.HK","SECURITY_CODE":"00606","SECURITY_NAME_ABBR":"中骏商管","ORG_CODE":"10000167811","STD_REPORT_DATE":"2023-12-31 00:00:00","REPORT_DATE":"2023-12-31 00:00:00","DATE_TYPE_CODE":"001","REPORT_TYPE":"2023年年报","PER_NETCASH_OPERATE":0.111324547804,"PER_OI":0.644796899225,"BPS":1.372478036176,"BASIC_EPS":0.129,"DILUTED_EPS":0.129,"OPERATE_INCOME":1247682000,"OPERATE_INCOME_YOY":5.523731553,"GROSS_PROFIT":409739000,"GROSS_PROFIT_YOY":-4.702552342322,"HOLDER_PROFIT":257048000,"HOLDER_PROFIT_YOY":23.5397872821,"GROSS_PROFIT_RATIO":32.840018530363,"EPS_TTM":0.132841343669,"OPERATE_INCOME_QOQ":4.145948332781,"NET_PROFIT_RATIO":21.0988056252,"ROE_AVG":9.831264659283,"GROSS_PROFIT_QOQ":5.051315644413,"ROA":7.811485997487,"HOLDER_PROFIT_QOQ":21.448415323266,"ROE_YEARLY":9.831264659283,"ROIC_YEARLY":12.353910447991,"TOTAL_ASSETS":3396339000,"TOTAL_LIABILITIES":719886000,"TAX_EBT":24.806622259292,"OCF_SALES":17.265056320441,"TOTAL_PARENT_EQUITY":2655745000,"DEBT_ASSET_RATIO":21.1959406879,"OPERATE_PROFIT":349881000,"PRETAX_PROFIT":350092000,"NETCASH_OPERATE":215413000,"NETCASH_INVEST":-84094000,"NETCASH_FINANCE":-192865000,"END_CASH":204872000,"DIVI_RATIO":null,"DIVIDEND_RATE":null,"CURRENT_RATIO":3.154245845293,"COMMON_ACS":5000000000,"CURRENTDEBT_DEBT":99.986108911689,"ISSUED_COMMON_SHARES":1935000000,"HK_COMMON_SHARES":1935000000,"PER_SHARES":1000,"TOTAL_MARKET_CAP":476010000,"HKSK_MARKET_CAP":476010000,"PE_TTM":2.141141654511,"PB_TTM":0.158758597368,"REPORT_DATE_SQ":"2022-12-31 00:00:00","REPORT_TYPE_SQ":"2022年年报","OPERATE_INCOME_SQ":1182371000,"DPS_HKD":null,"OPERATE_INCOME_QOQ_SQ":-5.840740805629,"NET_PROFIT_RATIO_SQ":17.9818348048,"HOLDER_PROFIT_SQ":208069000,"HOLDER_PROFIT_QOQ_SQ":-21.281103515071,"ROE_AVG_SQ":8.312812888098,"PE_TTM_SQ":4.377312883695,"PB_TTM_SQ":0.347110444376,"ROA_SQ":6.664949729951,"START_DATE":"2023-01-01 00:00:00","FISCAL_YEAR":"12-31","CURRENCY":"HKD","IS_CNY_CODE":0,"DPS_HKD_LY":null,"ORG_TYPE":"一般企业","PREMIUM_INCOME":null,"PREMIUM_INCOME_YOY":null,"NET_INTEREST_INCOME":null,"NET_INTEREST_INCOME_YOY":null,"FEE_COMMISSION_INCOME":null,"FEE_COMMISSION_INCOME_YOY":null,"ACCOUNTS_RECE_TDAYS":5.469746521354,"INVENTORY_TDAYS":null,"CURRENT_ASSETS_TDAYS":0.52678640038,"TOTAL_ASSETS_TDAYS":0.379160719878,"PREMIUM_EXPENSE":null,"LOAN_DEPOSIT":null,"LOAN_EQUITY":null,"LOAN_ASSETS":null,"DEPOSIT_EQUITY":null,"DEPOSIT_ASSETS":null,"EQUITY_MULTIPLIER":1.268970163123,"EQUITY_RATIO":0.271067440586},{"SECUCODE":"00606.HK","SECURITY_CODE":"00606","SECURITY_NAME_ABBR":"中骏商管","ORG_CODE":"10000167811","STD_REPORT_DATE":"2023-06-30 00:00:00","REPORT_DATE":"2023-06-30 00:00:00","DATE_TYPE_CODE":"002","REPORT_TYPE":"2023年中报","PER_NETCASH_OPERATE":0.061509677419,"PER_OI":0.30782382134,"BPS":1.354640310078,"BASIC_EPS":0.0682,"DILUTED_EPS":0.0682,"OPERATE_INCOME":620265000,"OPERATE_INCOME_YOY":2.5870666515,"GROSS_PROFIT":211835000,"GROSS_PROFIT_YOY":-15.857020289487,"HOLDER_PROFIT":137799000,"HOLDER_PROFIT_YOY":2.6695773976,"GROSS_PROFIT_RATIO":34.152338113548,"EPS_TTM":0.1050382134,"OPERATE_INCOME_QOQ":1.322935017858,"NET_PROFIT_RATIO":22.778489839,"ROE_AVG":5.305390381196,"GROSS_PROFIT_QOQ":-9.284860381712,"ROA":4.260009626826,"HOLDER_PROFIT_QOQ":1.7220249052,"ROE_YEARLY":10.610780762392,"ROIC_YEARLY":18.091776387697,"TOTAL_ASSETS":3284478000,"TOTAL_LIABILITIES":645251000,"TAX_EBT":28.209284364139,"OCF_SALES":19.98210442311,"TOTAL_PARENT_EQUITY":2621229000,"DEBT_ASSET_RATIO":19.6454657331,"OPERATE_PROFIT":196534000,"PRETAX_PROFIT":196804000,"NETCASH_OPERATE":123942000,"NETCASH_INVEST":904064000,"NETCASH_FINANCE":-106684000,"END_CASH":1200458000,"DIVI_RATIO":null,"DIVIDEND_RATE":null,"CURRENT_RATIO":3.814129154266,"COMMON_ACS":5000000000,"CURRENTDEBT_DEBT":99.979697823018,"ISSUED_COMMON_SHARES":1935000000,"HK_COMMON_SHARES":1935000000,"PER_SHARES":1000,"TOTAL_MARKET_CAP":503100000,"HKSK_MARKET_CAP":503100000,"PE_TTM":2.262995244605,"PB_TTM":0.167793639494,"REPORT_DATE_SQ":"2022-06-30 00:00:00","REPORT_TYPE_SQ":"2022年中报","OPERATE_INCOME_SQ":604623000,"DPS_HKD":null,"OPERATE_INCOME_QOQ_SQ":2.08641925125,"NET_PROFIT_RATIO_SQ":22.6827295687,"HOLDER_PROFIT_SQ":134216000,"HOLDER_PROFIT_QOQ_SQ":-5.805230765941,"ROE_AVG_SQ":5.451935765005,"PE_TTM_SQ":4.72063154124,"PB_TTM_SQ":0.374334792954,"ROA_SQ":4.335754109996,"START_DATE":"2023-01-01 00:00:00","FISCAL_YEAR":"12-31","CURRENCY":"HKD","IS_CNY_CODE":0,"DPS_HKD_LY":null,"ORG_TYPE":"一般企业","PREMIUM_INCOME":null,"PREMIUM_INCOME_YOY":null,"NET_INTEREST_INCOME":null,"NET_INTEREST_INCOME_YOY":null,"FEE_COMMISSION_INCOME":null,"FEE_COMMISSION_INCOME_YOY":null,"ACCOUNTS_RECE_TDAYS":2.957938911276,"INVENTORY_TDAYS":null,"CURRENT_ASSETS_TDAYS":0.25177460781,"TOTAL_ASSETS_TDAYS":0.191752833561,"PREMIUM_EXPENSE":null,"LOAN_DEPOSIT":null,"LOAN_EQUITY":null,"LOAN_ASSETS":null,"DEPOSIT_EQUITY":null,"DEPOSIT_ASSETS":null,"EQUITY_MULTIPLIER":1.244484843479,"EQUITY_RATIO":0.246163536265},{"SECUCODE":"00606.HK","SECURITY_CODE":"00606","SECURITY_NAME_ABBR":"中骏商管","ORG_CODE":"10000167811","STD_REPORT_DATE":"2022-12-31 00:00:00","REPORT_DATE":"2022-12-31 00:00:00","DATE_TYPE_CODE":"001","REPORT_TYPE":"2022年年报","PER_NETCASH_OPERATE":0.052529156627,"PER_OI":0.569817349398,"BPS":1.329948320413,"BASIC_EPS":0.1,"DILUTED_EPS":0.1,"OPERATE_INCOME":1182371000,"OPERATE_INCOME_YOY":-3.876183895,"GROSS_PROFIT":429958000,"GROSS_PROFIT_YOY":-25.980212405895,"HOLDER_PROFIT":208069000,"HOLDER_PROFIT_YOY":-25.8509171124,"GROSS_PROFIT_RATIO":36.364051554039,"EPS_TTM":0.100274216867,"OPERATE_INCOME_QOQ":-5.840740805629,"NET_PROFIT_RATIO":17.9818348048,"ROE_AVG":8.312812888098,"GROSS_PROFIT_QOQ":-21.389314484428,"ROA":6.664949729951,"HOLDER_PROFIT_QOQ":-21.281103515071,"ROE_YEARLY":8.312812888098,"ROIC_YEARLY":19.889012145002,"TOTAL_ASSETS":3184944000,"TOTAL_LIABILITIES":596984000,"TAX_EBT":24.185467680798,"OCF_SALES":9.218595516974,"TOTAL_PARENT_EQUITY":2573450000,"DEBT_ASSET_RATIO":18.7439402388,"OPERATE_PROFIT":280538000,"PRETAX_PROFIT":280437000,"NETCASH_OPERATE":108998000,"NETCASH_INVEST":-2623452000,"NETCASH_FINANCE":-139976000,"END_CASH":264790000,"DIVI_RATIO":null,"DIVIDEND_RATE":null,"CURRENT_RATIO":4.137464019485,"COMMON_ACS":5000000000,"CURRENTDEBT_DEBT":99.861302815486,"ISSUED_COMMON_SHARES":1935000000,"HK_COMMON_SHARES":1935000000,"PER_SHARES":1000,"TOTAL_MARKET_CAP":476010000,"HKSK_MARKET_CAP":476010000,"PE_TTM":2.141141654511,"PB_TTM":0.158758597368,"REPORT_DATE_SQ":"2021-12-31 00:00:00","REPORT_TYPE_SQ":"2021年年报","OPERATE_INCOME_SQ":1230050000,"DPS_HKD":null,"OPERATE_INCOME_QOQ_SQ":19.500875818378,"NET_PROFIT_RATIO_SQ":23.2615747327,"HOLDER_PROFIT_SQ":280609000,"HOLDER_PROFIT_QOQ_SQ":23.231946176682,"ROE_AVG_SQ":18.997021909512,"PE_TTM_SQ":4.377312883695,"PB_TTM_SQ":0.347110444376,"ROA_SQ":13.437866943525,"START_DATE":"2022-01-01 00:00:00","FISCAL_YEAR":"12-31","CURRENCY":"HKD","IS_CNY_CODE":0,"DPS_HKD_LY":0.05,"ORG_TYPE":"一般企业","PREMIUM_INCOME":null,"PREMIUM_INCOME_YOY":null,"NET_INTEREST_INCOME":null,"NET_INTEREST_INCOME_YOY":null,"FEE_COMMISSION_INCOME":null,"FEE_COMMISSION_INCOME_YOY":null,"ACCOUNTS_RECE_TDAYS":9.326678393664,"INVENTORY_TDAYS":null,"CURRENT_ASSETS_TDAYS":0.43270652051,"TOTAL_ASSETS_TDAYS":0.378741824931,"PREMIUM_EXPENSE":null,"LOAN_DEPOSIT":null,"LOAN_EQUITY":null,"LOAN_ASSETS":null,"DEPOSIT_EQUITY":null,"DEPOSIT_ASSETS":null,"EQUITY_MULTIPLIER":1.230677444782,"EQUITY_RATIO":0.231978083895},{"SECUCODE":"00606.HK","SECURITY_CODE":"00606","SECURITY_NAME_ABBR":"中骏商管","ORG_CODE":"10000167811","STD_REPORT_DATE":"2022-06-30 00:00:00","REPORT_DATE":"2022-06-30 00:00:00","DATE_TYPE_CODE":"002","REPORT_TYPE":"2022年中报","PER_NETCASH_OPERATE":0.026364337349,"PER_OI":0.291384578313,"BPS":1.287377777778,"BASIC_EPS":0.0647,"DILUTED_EPS":0.0647,"OPERATE_INCOME":604623000,"OPERATE_INCOME_YOY":4.4327836686,"GROSS_PROFIT":251756000,"GROSS_PROFIT_YOY":-11.874516502788,"HOLDER_PROFIT":134216000,"HOLDER_PROFIT_YOY":-10.8234887646,"GROSS_PROFIT_RATIO":41.638508624383,"EPS_TTM":0.127382650602,"OPERATE_INCOME_QOQ":2.08641925125,"NET_PROFIT_RATIO":22.6827295687,"ROE_AVG":5.451935765005,"GROSS_PROFIT_QOQ":-5.840043107826,"ROA":4.335754109996,"HOLDER_PROFIT_QOQ":-5.805230765941,"ROE_YEARLY":10.90387153001,"ROIC_YEARLY":157.443663706641,"TOTAL_ASSETS":3132392000,"TOTAL_LIABILITIES":628420000,"TAX_EBT":26.360356103481,"OCF_SALES":9.047952195004,"TOTAL_PARENT_EQUITY":2491076000,"DEBT_ASSET_RATIO":20.0619845792,"OPERATE_PROFIT":186366000,"PRETAX_PROFIT":186238000,"NETCASH_OPERATE":54706000,"NETCASH_INVEST":-1603147000,"NETCASH_FINANCE":-35769000,"END_CASH":1327665000,"DIVI_RATIO":null,"DIVIDEND_RATE":null,"CURRENT_RATIO":4.920236169111,"COMMON_ACS":5000000000,"CURRENTDEBT_DEBT":99.532796537348,"ISSUED_COMMON_SHARES":1935000000,"HK_COMMON_SHARES":1935000000,"PER_SHARES":1000,"TOTAL_MARKET_CAP":503100000,"HKSK_MARKET_CAP":503100000,"PE_TTM":2.262995244605,"PB_TTM":0.167793639494,"REPORT_DATE_SQ":"2021-06-30 00:00:00","REPORT_TYPE_SQ":"2021年中报","OPERATE_INCOME_SQ":578959000,"DPS_HKD":null,"OPERATE_INCOME_QOQ_SQ":27.82111652535,"NET_PROFIT_RATIO_SQ":26.62796502,"HOLDER_PROFIT_SQ":150506000,"HOLDER_PROFIT_QOQ_SQ":46.220678229488,"ROE_AVG_SQ":26.59382076126,"PE_TTM_SQ":4.72063154124,"PB_TTM_SQ":0.374334792954,"ROA_SQ":13.546187507763,"START_DATE":"2022-01-01 00:00:00","FISCAL_YEAR":"12-31","CURRENCY":"HKD","IS_CNY_CODE":0,"DPS_HKD_LY":0.05,"ORG_TYPE":"一般企业","PREMIUM_INCOME":null,"PREMIUM_INCOME_YOY":null,"NET_INTEREST_INCOME":null,"NET_INTEREST_INCOME_YOY":null,"FEE_COMMISSION_INCOME":null,"FEE_COMMISSION_INCOME_YOY":null,"ACCOUNTS_RECE_TDAYS":6.284605070317,"INVENTORY_TDAYS":null,"CURRENT_ASSETS_TDAYS":0.199021487479,"TOTAL_ASSETS_TDAYS":0.195319235952,"PREMIUM_EXPENSE":null,"LOAN_DEPOSIT":null,"LOAN_EQUITY":null,"LOAN_ASSETS":null,"DEPOSIT_EQUITY":null,"DEPOSIT_ASSETS":null,"EQUITY_MULTIPLIER":1.25096926004,"EQUITY_RATIO":0.252268497629},{"SECUCODE":"00606.HK","SECURITY_CODE":"00606","SECURITY_NAME_ABBR":"中骏商管","ORG_CODE":"10000167811","STD_REPORT_DATE":"2021-12-31 00:00:00","REPORT_DATE":"2021-12-31 00:00:00","DATE_TYPE_CODE":"001","REPORT_TYPE":"2021年年报","PER_NETCASH_OPERATE":0.222898313253,"PER_OI":0.592795180723,"BPS":1.257122997416,"BASIC_EPS":0.157,"DILUTED_EPS":0.157,"OPERATE_INCOME":1230050000,"OPERATE_INCOME_YOY":52.7473537286,"GROSS_PROFIT":580869000,"GROSS_PROFIT_YOY":62.901421011451,"HOLDER_PROFIT":280609000,"HOLDER_PROFIT_YOY":80.1905874949,"GROSS_PROFIT_RATIO":47.223202308849,"EPS_TTM":0.135233253012,"OPERATE_INCOME_QOQ":19.500875818378,"NET_PROFIT_RATIO":23.2615747327,"ROE_AVG":18.997021909512,"GROSS_PROFIT_QOQ":20.024671562408,"ROA":13.437866943525,"HOLDER_PROFIT_QOQ":23.231946176682,"ROE_YEARLY":18.997021909512,"ROIC_YEARLY":75.140046271502,"TOTAL_ASSETS":3058734000,"TOTAL_LIABILITIES":616234000,"TAX_EBT":25.416540679186,"OCF_SALES":37.601235722125,"TOTAL_PARENT_EQUITY":2432533000,"DEBT_ASSET_RATIO":20.1467012169,"OPERATE_PROFIT":384016000,"PRETAX_PROFIT":383636000,"NETCASH_OPERATE":462514000,"NETCASH_INVEST":398413000,"NETCASH_FINANCE":1569824000,"END_CASH":2899610000,"DIVI_RATIO":null,"DIVIDEND_RATE":null,"CURRENT_RATIO":4.933296478741,"COMMON_ACS":5000000000,"CURRENTDEBT_DEBT":98.630390403645,"ISSUED_COMMON_SHARES":1935000000,"HK_COMMON_SHARES":1935000000,"PER_SHARES":1000,"TOTAL_MARKET_CAP":476010000,"HKSK_MARKET_CAP":476010000,"PE_TTM":2.141141654511,"PB_TTM":0.158758597368,"REPORT_DATE_SQ":"2020-12-31 00:00:00","REPORT_TYPE_SQ":"2020年年报","OPERATE_INCOME_SQ":805284000,"DPS_HKD":null,"OPERATE_INCOME_QOQ_SQ":13.69250317662,"NET_PROFIT_RATIO_SQ":20.1804580744,"HOLDER_PROFIT_SQ":155729000,"HOLDER_PROFIT_QOQ_SQ":13.091313125445,"ROE_AVG_SQ":36.107388463554,"PE_TTM_SQ":4.377312883695,"PB_TTM_SQ":0.347110444376,"ROA_SQ":14.052357617788,"START_DATE":"2021-01-01 00:00:00","FISCAL_YEAR":"12-31","CURRENCY":"HKD","IS_CNY_CODE":0,"DPS_HKD_LY":null,"ORG_TYPE":"一般企业","PREMIUM_INCOME":null,"PREMIUM_INCOME_YOY":null,"NET_INTEREST_INCOME":null,"NET_INTEREST_INCOME_YOY":null,"FEE_COMMISSION_INCOME":null,"FEE_COMMISSION_INCOME_YOY":null,"ACCOUNTS_RECE_TDAYS":16.929545673507,"INVENTORY_TDAYS":null,"CURRENT_ASSETS_TDAYS":0.601497766358,"TOTAL_ASSETS_TDAYS":0.589049112248,"PREMIUM_EXPENSE":null,"LOAN_DEPOSIT":null,"LOAN_EQUITY":null,"LOAN_ASSETS":null,"DEPOSIT_EQUITY":null,"DEPOSIT_ASSETS":null,"EQUITY_MULTIPLIER":1.252296417605,"EQUITY_RATIO":0.253330170649},{"SECUCODE":"00606.HK","SECURITY_CODE":"00606","SECURITY_NAME_ABBR":"中骏商管","ORG_CODE":"10000167811","STD_REPORT_DATE":"2021-06-30 00:00:00","REPORT_DATE":"2021-06-30 00:00:00","DATE_TYPE_CODE":"002","REPORT_TYPE":"2021年中报","PER_NETCASH_OPERATE":119.106089528625,"PER_OI":497.823694302568,"BPS":0.3153374677,"BASIC_EPS":0.1003,"DILUTED_EPS":0.1003,"OPERATE_INCOME":578959000,"OPERATE_INCOME_YOY":63.1238025471,"GROSS_PROFIT":285679000,"GROSS_PROFIT_YOY":80.469115213079,"HOLDER_PROFIT":150506000,"HOLDER_PROFIT_YOY":91.6614667567,"GROSS_PROFIT_RATIO":49.343563188412,"EPS_TTM":195.797004247709,"OPERATE_INCOME_QOQ":27.82111652535,"NET_PROFIT_RATIO":26.62796502,"ROE_AVG":26.59382076126,"GROSS_PROFIT_QOQ":35.723279964776,"ROA":13.546187507763,"HOLDER_PROFIT_QOQ":46.220678229488,"ROE_YEARLY":53.18764152252,"ROIC_YEARLY":77.072488778847,"TOTAL_ASSETS":1104458000,"TOTAL_LIABILITIES":486174000,"TAX_EBT":25.766221259179,"OCF_SALES":23.92535568149,"TOTAL_PARENT_EQUITY":610178000,"DEBT_ASSET_RATIO":44.0192383957,"OPERATE_PROFIT":207645000,"PRETAX_PROFIT":207675000,"NETCASH_OPERATE":138518000,"NETCASH_INVEST":435615000,"NETCASH_FINANCE":-162833000,"END_CASH":912977000,"DIVI_RATIO":null,"DIVIDEND_RATE":null,"CURRENT_RATIO":2.207144095932,"COMMON_ACS":5000000000,"CURRENTDEBT_DEBT":99.623591553641,"ISSUED_COMMON_SHARES":1935000000,"HK_COMMON_SHARES":1935000000,"PER_SHARES":1000,"TOTAL_MARKET_CAP":503100000,"HKSK_MARKET_CAP":503100000,"PE_TTM":2.262995244605,"PB_TTM":0.167793639494,"REPORT_DATE_SQ":"2020-06-30 00:00:00","REPORT_TYPE_SQ":"2020年中报","OPERATE_INCOME_SQ":354920000,"DPS_HKD":null,"OPERATE_INCOME_QOQ_SQ":0,"NET_PROFIT_RATIO_SQ":22.8727600586,"HOLDER_PROFIT_SQ":78527000,"HOLDER_PROFIT_QOQ_SQ":0,"ROE_AVG_SQ":null,"PE_TTM_SQ":4.72063154124,"PB_TTM_SQ":0.374334792954,"ROA_SQ":null,"START_DATE":"2021-01-01 00:00:00","FISCAL_YEAR":"12-31","CURRENCY":"HKD","IS_CNY_CODE":0,"DPS_HKD_LY":null,"ORG_TYPE":"一般企业","PREMIUM_INCOME":null,"PREMIUM_INCOME_YOY":null,"NET_INTEREST_INCOME":null,"NET_INTEREST_INCOME_YOY":null,"FEE_COMMISSION_INCOME":null,"FEE_COMMISSION_INCOME_YOY":null,"ACCOUNTS_RECE_TDAYS":5.631239544022,"INVENTORY_TDAYS":null,"CURRENT_ASSETS_TDAYS":0.535937675014,"TOTAL_ASSETS_TDAYS":0.521088008007,"PREMIUM_EXPENSE":null,"LOAN_DEPOSIT":null,"LOAN_EQUITY":null,"LOAN_ASSETS":null,"DEPOSIT_EQUITY":null,"DEPOSIT_ASSETS":null,"EQUITY_MULTIPLIER":1.78632796579,"EQUITY_RATIO":0.796774056095},{"SECUCODE":"00606.HK","SECURITY_CODE":"00606","SECURITY_NAME_ABBR":"中骏商管","ORG_CODE":"10000167811","STD_REPORT_DATE":"2020-12-31 00:00:00","REPORT_DATE":"2020-12-31 00:00:00","DATE_TYPE_CODE":"001","REPORT_TYPE":"2020年年报","PER_NETCASH_OPERATE":363.079888971429,"PER_OI":968.227465371429,"BPS":0.269617054264,"BASIC_EPS":0.115,"DILUTED_EPS":0.115,"OPERATE_INCOME":805284000,"OPERATE_INCOME_YOY":40.167131695,"GROSS_PROFIT":356577000,"GROSS_PROFIT_YOY":67.966932026944,"HOLDER_PROFIT":155729000,"HOLDER_PROFIT_YOY":122.314379934,"GROSS_PROFIT_RATIO":44.279657859836,"EPS_TTM":187.2396508,"OPERATE_INCOME_QOQ":13.69250317662,"NET_PROFIT_RATIO":20.1804580744,"ROE_AVG":36.107388463554,"GROSS_PROFIT_QOQ":18.844342531088,"ROA":14.052357617788,"HOLDER_PROFIT_QOQ":13.091313125445,"ROE_YEARLY":36.107388463554,"ROIC_YEARLY":19.312589910214,"TOTAL_ASSETS":1117658000,"TOTAL_LIABILITIES":579974000,"TAX_EBT":27.020837075624,"OCF_SALES":37.499441190934,"TOTAL_PARENT_EQUITY":521709000,"DEBT_ASSET_RATIO":51.8919025319,"OPERATE_PROFIT":222748000,"PRETAX_PROFIT":222680000,"NETCASH_OPERATE":301977000,"NETCASH_INVEST":554880000,"NETCASH_FINANCE":-426411000,"END_CASH":503944000,"DIVI_RATIO":null,"DIVIDEND_RATE":null,"CURRENT_RATIO":1.882972447057,"COMMON_ACS":5000000000,"CURRENTDEBT_DEBT":99.94999775852,"ISSUED_COMMON_SHARES":1935000000,"HK_COMMON_SHARES":1935000000,"PER_SHARES":1000,"TOTAL_MARKET_CAP":476010000,"HKSK_MARKET_CAP":476010000,"PE_TTM":2.141141654511,"PB_TTM":0.158758597368,"REPORT_DATE_SQ":"2019-12-31 00:00:00","REPORT_TYPE_SQ":"2019年年报","OPERATE_INCOME_SQ":574517000,"DPS_HKD":null,"OPERATE_INCOME_QOQ_SQ":44.894541584386,"NET_PROFIT_RATIO_SQ":13.4544321578,"HOLDER_PROFIT_SQ":70049000,"HOLDER_PROFIT_QOQ_SQ":155.587988470099,"ROE_AVG_SQ":22.534336803875,"PE_TTM_SQ":4.377312883695,"PB_TTM_SQ":0.347110444376,"ROA_SQ":5.752412783596,"START_DATE":"2020-01-01 00:00:00","FISCAL_YEAR":"12-31","CURRENCY":"HKD","IS_CNY_CODE":0,"DPS_HKD_LY":null,"ORG_TYPE":"一般企业","PREMIUM_INCOME":null,"PREMIUM_INCOME_YOY":null,"NET_INTEREST_INCOME":null,"NET_INTEREST_INCOME_YOY":null,"FEE_COMMISSION_INCOME":null,"FEE_COMMISSION_INCOME_YOY":null,"ACCOUNTS_RECE_TDAYS":9.353435158836,"INVENTORY_TDAYS":null,"CURRENT_ASSETS_TDAYS":0.742174661969,"TOTAL_ASSETS_TDAYS":0.726655841358,"PREMIUM_EXPENSE":null,"LOAN_DEPOSIT":null,"LOAN_EQUITY":null,"LOAN_ASSETS":null,"DEPOSIT_EQUITY":null,"DEPOSIT_ASSETS":null,"EQUITY_MULTIPLIER":2.078652145126,"EQUITY_RATIO":1.111681032913},{"SECUCODE":"00606.HK","SECURITY_CODE":"00606","SECURITY_NAME_ABBR":"中骏商管","ORG_CODE":"10000167811","STD_REPORT_DATE":"2020-09-30 00:00:00","REPORT_DATE":"2020-09-30 00:00:00","DATE_TYPE_CODE":"004","REPORT_TYPE":"2020年三季报","PER_NETCASH_OPERATE":84.697310171429,"PER_OI":665.877696914286,"BPS":0.253219638243,"BASIC_EPS":null,"DILUTED_EPS":null,"OPERATE_INCOME":530447000,"OPERATE_INCOME_YOY":33.727033459,"GROSS_PROFIT":235110000,"GROSS_PROFIT_YOY":59.544797540767,"HOLDER_PROFIT":118561000,"HOLDER_PROFIT_YOY":132.8926691286,"GROSS_PROFIT_RATIO":44.322995511333,"EPS_TTM":172.859287771429,"OPERATE_INCOME_QOQ":23.286169077677,"NET_PROFIT_RATIO":23.2500136677,"ROE_AVG":28.539379124497,"GROSS_PROFIT_QOQ":41.333553158415,"ROA":8.188027458943,"HOLDER_PROFIT_QOQ":96.579537181116,"ROE_YEARLY":38.052505499329,"ROIC_YEARLY":8.918816957796,"TOTAL_ASSETS":1797207000,"TOTAL_LIABILITIES":1293265000,"TAX_EBT":26.080806506716,"OCF_SALES":12.719649653971,"TOTAL_PARENT_EQUITY":489980000,"DEBT_ASSET_RATIO":71.9597130436,"OPERATE_PROFIT":null,"PRETAX_PROFIT":166843000,"NETCASH_OPERATE":67471000,"NETCASH_INVEST":-392577000,"NETCASH_FINANCE":394099000,"END_CASH":139555000,"DIVI_RATIO":null,"DIVIDEND_RATE":null,"CURRENT_RATIO":1.373116031645,"COMMON_ACS":5000000000,"CURRENTDEBT_DEBT":99.975565719323,"ISSUED_COMMON_SHARES":1935000000,"HK_COMMON_SHARES":1935000000,"PER_SHARES":1000,"TOTAL_MARKET_CAP":503100000,"HKSK_MARKET_CAP":503100000,"PE_TTM":2.262995244605,"PB_TTM":0.167793639494,"REPORT_DATE_SQ":"2019-09-30 00:00:00","REPORT_TYPE_SQ":"2019年三季报","OPERATE_INCOME_SQ":396664000,"DPS_HKD":null,"OPERATE_INCOME_QOQ_SQ":0,"NET_PROFIT_RATIO_SQ":14.4185002924,"HOLDER_PROFIT_SQ":50908000,"HOLDER_PROFIT_QOQ_SQ":0,"ROE_AVG_SQ":null,"PE_TTM_SQ":4.72063154124,"PB_TTM_SQ":0.374334792954,"ROA_SQ":null,"START_DATE":"2020-01-01 00:00:00","FISCAL_YEAR":"12-31","CURRENCY":"HKD","IS_CNY_CODE":0,"DPS_HKD_LY":null,"ORG_TYPE":"一般企业","PREMIUM_INCOME":null,"PREMIUM_INCOME_YOY":null,"NET_INTEREST_INCOME":null,"NET_INTEREST_INCOME_YOY":null,"FEE_COMMISSION_INCOME":null,"FEE_COMMISSION_INCOME_YOY":null,"ACCOUNTS_RECE_TDAYS":4.07523614531,"INVENTORY_TDAYS":null,"CURRENT_ASSETS_TDAYS":0.371734037491,"TOTAL_ASSETS_TDAYS":0.366335860993,"PREMIUM_EXPENSE":null,"LOAN_DEPOSIT":null,"LOAN_EQUITY":null,"LOAN_ASSETS":null,"DEPOSIT_EQUITY":null,"DEPOSIT_ASSETS":null,"EQUITY_MULTIPLIER":3.566297311989,"EQUITY_RATIO":2.639424058125}],"count":13},"success":true,"message":"ok","code":0}