{"version":"2db906eb0f9f3789ce626c7f3196383a","result":{"pages":6,"data":[{"SECUCODE":"00604.HK","SECURITY_CODE":"00604","SECURITY_NAME_ABBR":"深圳控股","ORG_CODE":"10007768","STD_REPORT_DATE":"2024-06-30 00:00:00","REPORT_DATE":"2024-06-30 00:00:00","DATE_TYPE_CODE":"002","REPORT_TYPE":"2024年中报","PER_NETCASH_OPERATE":-0.16569665503,"PER_OI":0.385317860066,"BPS":4.11195816483,"BASIC_EPS":-0.112898516,"DILUTED_EPS":-0.112898516,"OPERATE_INCOME":3428863920.24,"OPERATE_INCOME_YOY":-37.9830601084,"GROSS_PROFIT":991021713.16,"GROSS_PROFIT_YOY":-48.403916702953,"HOLDER_PROFIT":-1004992105.92,"HOLDER_PROFIT_YOY":-844.255884749,"GROSS_PROFIT_RATIO":28.902334307004,"EPS_TTM":-0.127473308223,"OPERATE_INCOME_QOQ":-15.029833310543,"NET_PROFIT_RATIO":-30.393583251,"ROE_AVG":-2.671709074421,"GROSS_PROFIT_QOQ":-20.073984676094,"ROA":-0.633768329233,"HOLDER_PROFIT_QOQ":-378.868340434174,"ROE_YEARLY":-5.343418148842,"ROIC_YEARLY":-1.382349935197,"TOTAL_ASSETS":157964515990.76,"TOTAL_LIABILITIES":116780676132.44,"TAX_EBT":-20.723242878635,"OCF_SALES":-43.002588824137,"TOTAL_PARENT_EQUITY":36591465006.36,"DEBT_ASSET_RATIO":73.9284233551,"OPERATE_PROFIT":224274681.76,"PRETAX_PROFIT":-863259290.68,"NETCASH_OPERATE":-1474500252.96,"NETCASH_INVEST":-407437692.92,"NETCASH_FINANCE":-1168647494.76,"END_CASH":6966678102.8,"DIVI_RATIO":-0.497636727911,"DIVIDEND_RATE":8.536585365854,"CURRENT_RATIO":1.196796522969,"COMMON_ACS":null,"CURRENTDEBT_DEBT":75.865566812615,"ISSUED_COMMON_SHARES":8898793115,"HK_COMMON_SHARES":8898793115,"PER_SHARES":2000,"TOTAL_MARKET_CAP":7297010354.3,"HKSK_MARKET_CAP":7297010354.3,"PE_TTM":-5.85669642844,"PB_TTM":0.182005159099,"REPORT_DATE_SQ":"2023-06-30 00:00:00","REPORT_TYPE_SQ":"2023年中报","OPERATE_INCOME_SQ":5585253422.2,"DPS_HKD":0.07,"OPERATE_INCOME_QOQ_SQ":-27.328769347579,"NET_PROFIT_RATIO_SQ":-0.5945469462,"HOLDER_PROFIT_SQ":-107516697.7,"HOLDER_PROFIT_QOQ_SQ":-114.149841612614,"ROE_AVG_SQ":-0.269988802694,"PE_TTM_SQ":-24.745671268193,"PB_TTM_SQ":0.232309838581,"ROA_SQ":-0.070931680368,"START_DATE":"2024-01-01 00:00:00","FISCAL_YEAR":"12-31","CURRENCY":"HKD","IS_CNY_CODE":0,"DPS_HKD_LY":0.07,"ORG_TYPE":"一般企业","PREMIUM_INCOME":null,"PREMIUM_INCOME_YOY":null,"NET_INTEREST_INCOME":null,"NET_INTEREST_INCOME_YOY":null,"FEE_COMMISSION_INCOME":null,"FEE_COMMISSION_INCOME_YOY":null,"ACCOUNTS_RECE_TDAYS":0.313718773831,"INVENTORY_TDAYS":0.029128431353,"CURRENT_ASSETS_TDAYS":0.03226700271,"TOTAL_ASSETS_TDAYS":0.02162310873,"PREMIUM_EXPENSE":null,"LOAN_DEPOSIT":null,"LOAN_EQUITY":null,"LOAN_ASSETS":null,"DEPOSIT_EQUITY":null,"DEPOSIT_ASSETS":null,"EQUITY_MULTIPLIER":3.83559465398,"EQUITY_RATIO":3.191473096585},{"SECUCODE":"00604.HK","SECURITY_CODE":"00604","SECURITY_NAME_ABBR":"深圳控股","ORG_CODE":"10007768","STD_REPORT_DATE":"2023-12-31 00:00:00","REPORT_DATE":"2023-12-31 00:00:00","DATE_TYPE_CODE":"001","REPORT_TYPE":"2023年年报","PER_NETCASH_OPERATE":0.447757631947,"PER_OI":1.612285449906,"BPS":4.311504359467,"BASIC_EPS":-0.026642868,"DILUTED_EPS":-0.026642868,"OPERATE_INCOME":14347394661.04,"OPERATE_INCOME_YOY":-49.8033653912,"GROSS_PROFIT":4631411304.24,"GROSS_PROFIT_YOY":-51.510411276342,"HOLDER_PROFIT":-236883189.34,"HOLDER_PROFIT_YOY":-112.5345134644,"GROSS_PROFIT_RATIO":32.280503977607,"EPS_TTM":-0.026619698456,"OPERATE_INCOME_QOQ":-29.925020335686,"NET_PROFIT_RATIO":1.2215411039,"ROE_AVG":-0.601123748665,"GROSS_PROFIT_QOQ":-16.210769283377,"ROA":-0.154727280316,"HOLDER_PROFIT_QOQ":10.131644083827,"ROE_YEARLY":-0.601123748665,"ROIC_YEARLY":-0.171356695001,"TOTAL_ASSETS":158056873286.76,"TOTAL_LIABILITIES":115029356474.34,"TAX_EBT":89.11004599327,"OCF_SALES":27.771610292284,"TOTAL_PARENT_EQUITY":38367185309.32,"DEBT_ASSET_RATIO":72.7771934762,"OPERATE_PROFIT":3171719251.68,"PRETAX_PROFIT":1609366972.64,"NETCASH_OPERATE":3984502532.36,"NETCASH_INVEST":320113152.8,"NETCASH_FINANCE":-4726797302.78,"END_CASH":10017227196.76,"DIVI_RATIO":-2.383024740337,"DIVIDEND_RATE":7.692307692308,"CURRENT_RATIO":1.244996141933,"COMMON_ACS":null,"CURRENTDEBT_DEBT":73.838616795659,"ISSUED_COMMON_SHARES":8898793115,"HK_COMMON_SHARES":8898793115,"PER_SHARES":2000,"TOTAL_MARKET_CAP":8097901734.65,"HKSK_MARKET_CAP":8097901734.65,"PE_TTM":-6.499504573024,"PB_TTM":0.201981335098,"REPORT_DATE_SQ":"2022-12-31 00:00:00","REPORT_TYPE_SQ":"2022年年报","OPERATE_INCOME_SQ":28173937679.02,"DPS_HKD":0.07,"OPERATE_INCOME_QOQ_SQ":20.692207968256,"NET_PROFIT_RATIO_SQ":7.784801542,"HOLDER_PROFIT_SQ":1862841336.86,"HOLDER_PROFIT_QOQ_SQ":236.409586585343,"ROE_AVG_SQ":4.446199494329,"PE_TTM_SQ":-24.518646761145,"PB_TTM_SQ":0.230178555658,"ROA_SQ":1.278481980358,"START_DATE":"2023-01-01 00:00:00","FISCAL_YEAR":"12-31","CURRENCY":"HKD","IS_CNY_CODE":0,"DPS_HKD_LY":0.14,"ORG_TYPE":"一般企业","PREMIUM_INCOME":null,"PREMIUM_INCOME_YOY":null,"NET_INTEREST_INCOME":null,"NET_INTEREST_INCOME_YOY":null,"FEE_COMMISSION_INCOME":null,"FEE_COMMISSION_INCOME_YOY":null,"ACCOUNTS_RECE_TDAYS":1.711706005917,"INVENTORY_TDAYS":0.123576067872,"CURRENT_ASSETS_TDAYS":0.144037021646,"TOTAL_ASSETS_TDAYS":0.093714263208,"PREMIUM_EXPENSE":null,"LOAN_DEPOSIT":null,"LOAN_EQUITY":null,"LOAN_ASSETS":null,"DEPOSIT_EQUITY":null,"DEPOSIT_ASSETS":null,"EQUITY_MULTIPLIER":3.673390541588,"EQUITY_RATIO":2.998118197803},{"SECUCODE":"00604.HK","SECURITY_CODE":"00604","SECURITY_NAME_ABBR":"深圳控股","ORG_CODE":"10007768","STD_REPORT_DATE":"2023-06-30 00:00:00","REPORT_DATE":"2023-06-30 00:00:00","DATE_TYPE_CODE":"002","REPORT_TYPE":"2023年中报","PER_NETCASH_OPERATE":0.078722179591,"PER_OI":0.627641675677,"BPS":4.325939039604,"BASIC_EPS":-0.012077938,"DILUTED_EPS":-0.012077938,"OPERATE_INCOME":5585253422.2,"OPERATE_INCOME_YOY":-61.0033282957,"GROSS_PROFIT":1920730508.66,"GROSS_PROFIT_YOY":-67.689645355403,"HOLDER_PROFIT":-107516697.7,"HOLDER_PROFIT_YOY":-104.9396851377,"GROSS_PROFIT_RATIO":34.389317072446,"EPS_TTM":-0.029620769385,"OPERATE_INCOME_QOQ":-27.328769347579,"NET_PROFIT_RATIO":-0.5945469462,"ROE_AVG":-0.269988802694,"GROSS_PROFIT_QOQ":-42.129091878584,"ROA":-0.070931680368,"HOLDER_PROFIT_QOQ":-114.149841612614,"ROE_YEARLY":-0.539977605388,"ROIC_YEARLY":-0.157630168994,"TOTAL_ASSETS":152441800494.7,"TOTAL_LIABILITIES":109469815522.1,"TAX_EBT":106.910399079048,"OCF_SALES":12.542535437256,"TOTAL_PARENT_EQUITY":38495636541.54,"DEBT_ASSET_RATIO":71.8108912167,"OPERATE_PROFIT":1226797651.76,"PRETAX_PROFIT":480535976,"NETCASH_OPERATE":700532389.74,"NETCASH_INVEST":-347030506.06,"NETCASH_FINANCE":-495528292.78,"END_CASH":10547725950.04,"DIVI_RATIO":-2.141585155217,"DIVIDEND_RATE":7.692307692308,"CURRENT_RATIO":1.305593898946,"COMMON_ACS":null,"CURRENTDEBT_DEBT":68.725677388405,"ISSUED_COMMON_SHARES":8898793115,"HK_COMMON_SHARES":8898793115,"PER_SHARES":2000,"TOTAL_MARKET_CAP":8097901734.65,"HKSK_MARKET_CAP":8097901734.65,"PE_TTM":-6.499504573024,"PB_TTM":0.201981335098,"REPORT_DATE_SQ":"2022-06-30 00:00:00","REPORT_TYPE_SQ":"2022年中报","OPERATE_INCOME_SQ":13284843866.63,"DPS_HKD":0.07,"OPERATE_INCOME_QOQ_SQ":-10.916913855032,"NET_PROFIT_RATIO_SQ":15.8560784253,"HOLDER_PROFIT_SQ":2018913737.82,"HOLDER_PROFIT_QOQ_SQ":38.635081870279,"ROE_AVG_SQ":4.863715146806,"PE_TTM_SQ":-24.518646761145,"PB_TTM_SQ":0.230178555658,"ROA_SQ":1.4006555821,"START_DATE":"2023-01-01 00:00:00","FISCAL_YEAR":"12-31","CURRENCY":"HKD","IS_CNY_CODE":0,"DPS_HKD_LY":0.14,"ORG_TYPE":"一般企业","PREMIUM_INCOME":null,"PREMIUM_INCOME_YOY":null,"NET_INTEREST_INCOME":null,"NET_INTEREST_INCOME_YOY":null,"FEE_COMMISSION_INCOME":null,"FEE_COMMISSION_INCOME_YOY":null,"ACCOUNTS_RECE_TDAYS":0.845634788299,"INVENTORY_TDAYS":0.047649235467,"CURRENT_ASSETS_TDAYS":0.057781416477,"TOTAL_ASSETS_TDAYS":0.03684743105,"PREMIUM_EXPENSE":null,"LOAN_DEPOSIT":null,"LOAN_EQUITY":null,"LOAN_ASSETS":null,"DEPOSIT_EQUITY":null,"DEPOSIT_ASSETS":null,"EQUITY_MULTIPLIER":3.547469370839,"EQUITY_RATIO":2.843694126319},{"SECUCODE":"00604.HK","SECURITY_CODE":"00604","SECURITY_NAME_ABBR":"深圳控股","ORG_CODE":"10007768","STD_REPORT_DATE":"2022-12-31 00:00:00","REPORT_DATE":"2022-12-31 00:00:00","DATE_TYPE_CODE":"001","REPORT_TYPE":"2022年年报","PER_NETCASH_OPERATE":-1.329021922591,"PER_OI":3.166040306244,"BPS":4.480190076884,"BASIC_EPS":0.209293161,"DILUTED_EPS":0.209293161,"OPERATE_INCOME":28173937679.02,"OPERATE_INCOME_YOY":-1.5914980656,"GROSS_PROFIT":9551352003.9,"GROSS_PROFIT_YOY":-5.984059219815,"HOLDER_PROFIT":1862841336.86,"HOLDER_PROFIT_YOY":176.6166547754,"GROSS_PROFIT_RATIO":33.901374073857,"EPS_TTM":0.209336402452,"OPERATE_INCOME_QOQ":20.692207968256,"NET_PROFIT_RATIO":7.784801542,"ROE_AVG":4.446199494329,"GROSS_PROFIT_QOQ":-4.765824700876,"ROA":1.278481980358,"HOLDER_PROFIT_QOQ":236.409586585343,"ROE_YEARLY":4.446199494329,"ROIC_YEARLY":1.465879696958,"TOTAL_ASSETS":146020693226.03,"TOTAL_LIABILITIES":101752935954.32,"TAX_EBT":66.671222997462,"OCF_SALES":-41.977416395177,"TOTAL_PARENT_EQUITY":39868284610.07,"DEBT_ASSET_RATIO":69.6839151399,"OPERATE_PROFIT":6905598815.92,"PRETAX_PROFIT":6580754927.53,"NETCASH_OPERATE":-11826691134.44,"NETCASH_INVEST":275978446.31,"NETCASH_FINANCE":6777835301.09,"END_CASH":10422912863.09,"DIVI_RATIO":0.303030907462,"DIVIDEND_RATE":7.692307692308,"CURRENT_RATIO":1.339127315519,"COMMON_ACS":null,"CURRENTDEBT_DEBT":67.618684460455,"ISSUED_COMMON_SHARES":8898793115,"HK_COMMON_SHARES":8898793115,"PER_SHARES":2000,"TOTAL_MARKET_CAP":8097901734.65,"HKSK_MARKET_CAP":8097901734.65,"PE_TTM":-6.499504573024,"PB_TTM":0.201981335098,"REPORT_DATE_SQ":"2021-12-31 00:00:00","REPORT_TYPE_SQ":"2021年年报","OPERATE_INCOME_SQ":26204330185.6,"DPS_HKD":0.07,"OPERATE_INCOME_QOQ_SQ":-7.096885174217,"NET_PROFIT_RATIO_SQ":-6.5529889169,"HOLDER_PROFIT_SQ":-2225413993.6,"HOLDER_PROFIT_QOQ_SQ":-155.66650730709,"ROE_AVG_SQ":-5.45472448675,"PE_TTM_SQ":-24.518646761145,"PB_TTM_SQ":0.230178555658,"ROA_SQ":-1.727952855714,"START_DATE":"2022-01-01 00:00:00","FISCAL_YEAR":"12-31","CURRENCY":"HKD","IS_CNY_CODE":0,"DPS_HKD_LY":0.11,"ORG_TYPE":"一般企业","PREMIUM_INCOME":null,"PREMIUM_INCOME_YOY":null,"NET_INTEREST_INCOME":null,"NET_INTEREST_INCOME_YOY":null,"FEE_COMMISSION_INCOME":null,"FEE_COMMISSION_INCOME_YOY":null,"ACCOUNTS_RECE_TDAYS":4.522691481162,"INVENTORY_TDAYS":0.273196030232,"CURRENT_ASSETS_TDAYS":0.311175766496,"TOTAL_ASSETS_TDAYS":0.19335984727,"PREMIUM_EXPENSE":null,"LOAN_DEPOSIT":null,"LOAN_EQUITY":null,"LOAN_ASSETS":null,"DEPOSIT_EQUITY":null,"DEPOSIT_ASSETS":null,"EQUITY_MULTIPLIER":3.298578970915,"EQUITY_RATIO":2.552227590164},{"SECUCODE":"00604.HK","SECURITY_CODE":"00604","SECURITY_NAME_ABBR":"深圳控股","ORG_CODE":"10007768","STD_REPORT_DATE":"2022-06-30 00:00:00","REPORT_DATE":"2022-06-30 00:00:00","DATE_TYPE_CODE":"002","REPORT_TYPE":"2022年中报","PER_NETCASH_OPERATE":-1.864794902077,"PER_OI":1.492881528422,"BPS":4.603489659549,"BASIC_EPS":0.226881907,"DILUTED_EPS":0.226881907,"OPERATE_INCOME":13284843866.63,"OPERATE_INCOME_YOY":-19.9417424622,"GROSS_PROFIT":5944628370.03,"GROSS_PROFIT_YOY":-2.13936434292,"HOLDER_PROFIT":2018913737.82,"HOLDER_PROFIT_YOY":69.4691405793,"GROSS_PROFIT_RATIO":44.747446260639,"EPS_TTM":-0.153461650088,"OPERATE_INCOME_QOQ":-10.916913855032,"NET_PROFIT_RATIO":15.8560784253,"ROE_AVG":4.863715146806,"GROSS_PROFIT_QOQ":-1.279198895893,"ROA":1.4006555821,"HOLDER_PROFIT_QOQ":38.635081870279,"ROE_YEARLY":9.727430293611,"ROIC_YEARLY":3.280201302417,"TOTAL_ASSETS":149085508732.44,"TOTAL_LIABILITIES":103782982396.03,"TAX_EBT":57.524540095765,"OCF_SALES":-124.91245062483,"TOTAL_PARENT_EQUITY":40965502087.37,"DEBT_ASSET_RATIO":69.6130584913,"OPERATE_PROFIT":5127484917.94,"PRETAX_PROFIT":4959228851.01,"NETCASH_OPERATE":-16594424035.49,"NETCASH_INVEST":-232630494.18,"NETCASH_FINANCE":16847623559.55,"END_CASH":16274635997.27,"DIVI_RATIO":-0.413363208095,"DIVIDEND_RATE":7.692307692308,"CURRENT_RATIO":1.39690119535,"COMMON_ACS":null,"CURRENTDEBT_DEBT":66.611194903168,"ISSUED_COMMON_SHARES":8898793115,"HK_COMMON_SHARES":8898793115,"PER_SHARES":2000,"TOTAL_MARKET_CAP":8097901734.65,"HKSK_MARKET_CAP":8097901734.65,"PE_TTM":-6.499504573024,"PB_TTM":0.201981335098,"REPORT_DATE_SQ":"2021-06-30 00:00:00","REPORT_TYPE_SQ":"2021年中报","OPERATE_INCOME_SQ":16145548019.28,"DPS_HKD":0.07,"OPERATE_INCOME_QOQ_SQ":78.233370588417,"NET_PROFIT_RATIO_SQ":9.5591743923,"HOLDER_PROFIT_SQ":1159123219.44,"HOLDER_PROFIT_QOQ_SQ":27.58929440987,"ROE_AVG_SQ":2.721413752098,"PE_TTM_SQ":-24.518646761145,"PB_TTM_SQ":0.230178555658,"ROA_SQ":0.91653086682,"START_DATE":"2022-01-01 00:00:00","FISCAL_YEAR":"12-31","CURRENCY":"HKD","IS_CNY_CODE":0,"DPS_HKD_LY":0.11,"ORG_TYPE":"一般企业","PREMIUM_INCOME":null,"PREMIUM_INCOME_YOY":null,"NET_INTEREST_INCOME":null,"NET_INTEREST_INCOME_YOY":null,"FEE_COMMISSION_INCOME":null,"FEE_COMMISSION_INCOME_YOY":null,"ACCOUNTS_RECE_TDAYS":2.20616176508,"INVENTORY_TDAYS":0.111550380411,"CURRENT_ASSETS_TDAYS":0.146211527396,"TOTAL_ASSETS_TDAYS":0.092165853204,"PREMIUM_EXPENSE":null,"LOAN_DEPOSIT":null,"LOAN_EQUITY":null,"LOAN_ASSETS":null,"DEPOSIT_EQUITY":null,"DEPOSIT_ASSETS":null,"EQUITY_MULTIPLIER":3.290887303395,"EQUITY_RATIO":2.533423908114},{"SECUCODE":"00604.HK","SECURITY_CODE":"00604","SECURITY_NAME_ABBR":"深圳控股","ORG_CODE":"10007768","STD_REPORT_DATE":"2021-12-31 00:00:00","REPORT_DATE":"2021-12-31 00:00:00","DATE_TYPE_CODE":"001","REPORT_TYPE":"2021年年报","PER_NETCASH_OPERATE":-0.672945244916,"PER_OI":2.944342122653,"BPS":4.518075538786,"BASIC_EPS":-0.25002208,"DILUTED_EPS":-0.25002208,"OPERATE_INCOME":26204330185.6,"OPERATE_INCOME_YOY":70.4530513757,"GROSS_PROFIT":10159289929.6,"GROSS_PROFIT_YOY":36.941589079937,"HOLDER_PROFIT":-2225413993.6,"HOLDER_PROFIT_YOY":-173.1128466962,"GROSS_PROFIT_RATIO":38.769508160078,"EPS_TTM":-0.250049519117,"OPERATE_INCOME_QOQ":-7.096885174217,"NET_PROFIT_RATIO":-6.5529889169,"ROE_AVG":-5.45472448675,"GROSS_PROFIT_QOQ":-15.781194110605,"ROA":-1.727952855714,"HOLDER_PROFIT_QOQ":-155.66650730709,"ROE_YEARLY":-5.45472448675,"ROIC_YEARLY":-2.023846603282,"TOTAL_ASSETS":133077376129.6,"TOTAL_LIABILITIES":88624562241.6,"TAX_EBT":157.573071986728,"OCF_SALES":-22.85553841514,"TOTAL_PARENT_EQUITY":40205419497.6,"DEBT_ASSET_RATIO":66.5962651347,"OPERATE_PROFIT":2693283140.8,"PRETAX_PROFIT":2982586812.8,"NETCASH_OPERATE":-5446852017.6,"NETCASH_INVEST":-138118803.2,"NETCASH_FINANCE":7787534529.6,"END_CASH":16284348505.6,"DIVI_RATIO":-0.253691349713,"DIVIDEND_RATE":7.692307692308,"CURRENT_RATIO":1.432638646478,"COMMON_ACS":null,"CURRENTDEBT_DEBT":64.118041967069,"ISSUED_COMMON_SHARES":8898793115,"HK_COMMON_SHARES":8898793115,"PER_SHARES":2000,"TOTAL_MARKET_CAP":8097901734.65,"HKSK_MARKET_CAP":8097901734.65,"PE_TTM":-6.499504573024,"PB_TTM":0.201981335098,"REPORT_DATE_SQ":"2020-12-31 00:00:00","REPORT_TYPE_SQ":"2020年年报","OPERATE_INCOME_SQ":15825366178.04,"DPS_HKD":0.07,"OPERATE_INCOME_QOQ_SQ":19.389203123861,"NET_PROFIT_RATIO_SQ":21.0790176105,"HOLDER_PROFIT_SQ":3133304523.84,"HOLDER_PROFIT_QOQ_SQ":-11.507847395127,"ROE_AVG_SQ":7.829437343577,"PE_TTM_SQ":-24.518646761145,"PB_TTM_SQ":0.230178555658,"ROA_SQ":2.682668005934,"START_DATE":"2021-01-01 00:00:00","FISCAL_YEAR":"12-31","CURRENCY":"HKD","IS_CNY_CODE":0,"DPS_HKD_LY":0.18,"ORG_TYPE":"一般企业","PREMIUM_INCOME":null,"PREMIUM_INCOME_YOY":null,"NET_INTEREST_INCOME":null,"NET_INTEREST_INCOME_YOY":null,"FEE_COMMISSION_INCOME":null,"FEE_COMMISSION_INCOME_YOY":null,"ACCOUNTS_RECE_TDAYS":4.088309707997,"INVENTORY_TDAYS":0.306249803664,"CURRENT_ASSETS_TDAYS":0.345861543644,"TOTAL_ASSETS_TDAYS":0.203467073122,"PREMIUM_EXPENSE":null,"LOAN_DEPOSIT":null,"LOAN_EQUITY":null,"LOAN_ASSETS":null,"DEPOSIT_EQUITY":null,"DEPOSIT_ASSETS":null,"EQUITY_MULTIPLIER":2.993677216133,"EQUITY_RATIO":2.204293932237},{"SECUCODE":"00604.HK","SECURITY_CODE":"00604","SECURITY_NAME_ABBR":"深圳控股","ORG_CODE":"10007768","STD_REPORT_DATE":"2021-06-30 00:00:00","REPORT_DATE":"2021-06-30 00:00:00","DATE_TYPE_CODE":"002","REPORT_TYPE":"2021年中报","PER_NETCASH_OPERATE":-0.040472389795,"PER_OI":1.814128305886,"BPS":4.839073879613,"BASIC_EPS":0.13022052,"DILUTED_EPS":0.13022052,"OPERATE_INCOME":16145548019.28,"OPERATE_INCOME_YOY":370.7846426481,"GROSS_PROFIT":6074585894.64,"GROSS_PROFIT_YOY":324.701699502538,"HOLDER_PROFIT":1159123219.44,"HOLDER_PROFIT_YOY":331.8308069066,"GROSS_PROFIT_RATIO":37.623906524487,"EPS_TTM":0.449192038828,"OPERATE_INCOME_QOQ":78.233370588417,"NET_PROFIT_RATIO":9.5591743923,"ROE_AVG":2.721413752098,"GROSS_PROFIT_QOQ":62.602149999352,"ROA":0.91653086682,"HOLDER_PROFIT_QOQ":27.58929440987,"ROE_YEARLY":5.442827504197,"ROIC_YEARLY":2.153992871571,"TOTAL_ASSETS":126231413652.96,"TOTAL_LIABILITIES":78744179531.76,"TAX_EBT":67.203205191905,"OCF_SALES":-2.230955201086,"TOTAL_PARENT_EQUITY":43061917322.88,"DEBT_ASSET_RATIO":62.3808109669,"OPERATE_PROFIT":4807140836.64,"PRETAX_PROFIT":4705890013.92,"NETCASH_OPERATE":-360199943.28,"NETCASH_INVEST":-48402925.68,"NETCASH_FINANCE":2587729692.24,"END_CASH":15830247944.88,"DIVI_RATIO":0.141221113726,"DIVIDEND_RATE":8.536585365854,"CURRENT_RATIO":1.433545962711,"COMMON_ACS":null,"CURRENTDEBT_DEBT":63.115027200143,"ISSUED_COMMON_SHARES":8898793115,"HK_COMMON_SHARES":8898793115,"PER_SHARES":2000,"TOTAL_MARKET_CAP":7297010354.3,"HKSK_MARKET_CAP":7297010354.3,"PE_TTM":-5.85669642844,"PB_TTM":0.182005159099,"REPORT_DATE_SQ":"2020-06-30 00:00:00","REPORT_TYPE_SQ":"2020年中报","OPERATE_INCOME_SQ":3764830650.24,"DPS_HKD":0.07,"OPERATE_INCOME_QOQ_SQ":-0.817776406414,"NET_PROFIT_RATIO_SQ":8.9409539411,"HOLDER_PROFIT_SQ":294666609.6,"HOLDER_PROFIT_QOQ_SQ":-2.709268627988,"ROE_AVG_SQ":0.739719274483,"PE_TTM_SQ":-25.426744789336,"PB_TTM_SQ":0.238703687349,"ROA_SQ":0.250165894172,"START_DATE":"2021-01-01 00:00:00","FISCAL_YEAR":"12-31","CURRENCY":"HKD","IS_CNY_CODE":0,"DPS_HKD_LY":0.18,"ORG_TYPE":"一般企业","PREMIUM_INCOME":null,"PREMIUM_INCOME_YOY":null,"NET_INTEREST_INCOME":null,"NET_INTEREST_INCOME_YOY":null,"FEE_COMMISSION_INCOME":null,"FEE_COMMISSION_INCOME_YOY":null,"ACCOUNTS_RECE_TDAYS":2.000788195748,"INVENTORY_TDAYS":0.216706118768,"CURRENT_ASSETS_TDAYS":0.226428930367,"TOTAL_ASSETS_TDAYS":0.127664538793,"PREMIUM_EXPENSE":null,"LOAN_DEPOSIT":null,"LOAN_EQUITY":null,"LOAN_ASSETS":null,"DEPOSIT_EQUITY":null,"DEPOSIT_ASSETS":null,"EQUITY_MULTIPLIER":2.658217855574,"EQUITY_RATIO":1.828626880251},{"SECUCODE":"00604.HK","SECURITY_CODE":"00604","SECURITY_NAME_ABBR":"深圳控股","ORG_CODE":"10007768","STD_REPORT_DATE":"2020-12-31 00:00:00","REPORT_DATE":"2020-12-31 00:00:00","DATE_TYPE_CODE":"001","REPORT_TYPE":"2020年年报","PER_NETCASH_OPERATE":-0.376447869891,"PER_OI":1.778152386051,"BPS":4.788000201463,"BASIC_EPS":0.353741292,"DILUTED_EPS":0.353741292,"OPERATE_INCOME":15825366178.04,"OPERATE_INCOME_YOY":26.0299860437,"GROSS_PROFIT":7418703111.2,"GROSS_PROFIT_YOY":61.592891528056,"HOLDER_PROFIT":3133304523.84,"HOLDER_PROFIT_YOY":-8.3671442032,"GROSS_PROFIT_RATIO":46.878555780242,"EPS_TTM":0.352060916165,"OPERATE_INCOME_QOQ":19.389203123861,"NET_PROFIT_RATIO":21.0790176105,"ROE_AVG":7.829437343577,"GROSS_PROFIT_QOQ":57.241977716993,"ROA":2.682668005934,"HOLDER_PROFIT_QOQ":-11.507847395127,"ROE_YEARLY":7.829437343577,"ROIC_YEARLY":3.063450488117,"TOTAL_ASSETS":128161426194.64,"TOTAL_LIABILITIES":81529648283.92,"TAX_EBT":51.27018124686,"OCF_SALES":-21.170731645054,"TOTAL_PARENT_EQUITY":42607423227.4,"DEBT_ASSET_RATIO":63.6148104033,"OPERATE_PROFIT":6447299056,"PRETAX_PROFIT":6845565628.92,"NETCASH_OPERATE":-3350345805.4,"NETCASH_INVEST":355459920.88,"NETCASH_FINANCE":7971040302.52,"END_CASH":13606348652.44,"DIVI_RATIO":0.18018302256,"DIVIDEND_RATE":7.692307692308,"CURRENT_RATIO":1.279842367759,"COMMON_ACS":null,"CURRENTDEBT_DEBT":69.177972766753,"ISSUED_COMMON_SHARES":8898793115,"HK_COMMON_SHARES":8898793115,"PER_SHARES":2000,"TOTAL_MARKET_CAP":8097901734.65,"HKSK_MARKET_CAP":8097901734.65,"PE_TTM":-6.499504573024,"PB_TTM":0.201981335098,"REPORT_DATE_SQ":"2019-12-31 00:00:00","REPORT_TYPE_SQ":"2019年年报","OPERATE_INCOME_SQ":13364566419.72,"DPS_HKD":0.07,"OPERATE_INCOME_QOQ_SQ":49.72739771556,"NET_PROFIT_RATIO_SQ":29.3394391786,"HOLDER_PROFIT_SQ":3639371400.88,"HOLDER_PROFIT_QOQ_SQ":13.641276246963,"ROE_AVG_SQ":9.428778231578,"PE_TTM_SQ":-24.518646761145,"PB_TTM_SQ":0.230178555658,"ROA_SQ":3.339836723929,"START_DATE":"2020-01-01 00:00:00","FISCAL_YEAR":"12-31","CURRENCY":"HKD","IS_CNY_CODE":0,"DPS_HKD_LY":0.18,"ORG_TYPE":"一般企业","PREMIUM_INCOME":null,"PREMIUM_INCOME_YOY":null,"NET_INTEREST_INCOME":null,"NET_INTEREST_INCOME_YOY":null,"FEE_COMMISSION_INCOME":null,"FEE_COMMISSION_INCOME_YOY":null,"ACCOUNTS_RECE_TDAYS":4.106203261201,"INVENTORY_TDAYS":0.195057922409,"CURRENT_ASSETS_TDAYS":0.255248249751,"TOTAL_ASSETS_TDAYS":0.135493384716,"PREMIUM_EXPENSE":null,"LOAN_DEPOSIT":null,"LOAN_EQUITY":null,"LOAN_ASSETS":null,"DEPOSIT_EQUITY":null,"DEPOSIT_ASSETS":null,"EQUITY_MULTIPLIER":2.748371002279,"EQUITY_RATIO":1.913508072262},{"SECUCODE":"00604.HK","SECURITY_CODE":"00604","SECURITY_NAME_ABBR":"深圳控股","ORG_CODE":"10007768","STD_REPORT_DATE":"2020-06-30 00:00:00","REPORT_DATE":"2020-06-30 00:00:00","DATE_TYPE_CODE":"002","REPORT_TYPE":"2020年中报","PER_NETCASH_OPERATE":0.41846625162,"PER_OI":0.426202239262,"BPS":4.387664416212,"BASIC_EPS":0.03334056,"DILUTED_EPS":0.03334056,"OPERATE_INCOME":3764830650.24,"OPERATE_INCOME_YOY":-6.4148657369,"GROSS_PROFIT":1430318244.96,"GROSS_PROFIT_YOY":9.747165883745,"HOLDER_PROFIT":294666609.6,"HOLDER_PROFIT_YOY":-27.8430302393,"GROSS_PROFIT_RATIO":37.991569285296,"EPS_TTM":0.400837299685,"OPERATE_INCOME_QOQ":-0.817776406414,"NET_PROFIT_RATIO":8.9409539411,"ROE_AVG":0.739719274483,"GROSS_PROFIT_QOQ":2.767017989874,"ROA":0.250165894172,"HOLDER_PROFIT_QOQ":-2.709268627988,"ROE_YEARLY":1.479438548966,"ROIC_YEARLY":0.578060683282,"TOTAL_ASSETS":121147648158.24,"TOTAL_LIABILITIES":78569191752.48,"TAX_EBT":49.044735710444,"OCF_SALES":98.184902159261,"TOTAL_PARENT_EQUITY":39044917897.92,"DEBT_ASSET_RATIO":64.8540792553,"OPERATE_PROFIT":1072626102.24,"PRETAX_PROFIT":660602548.32,"NETCASH_OPERATE":3696495290.4,"NETCASH_INVEST":-457963191.84,"NETCASH_FINANCE":3849754993.92,"END_CASH":15765389798.4,"DIVI_RATIO":0.158257228182,"DIVIDEND_RATE":8.536585365854,"CURRENT_RATIO":1.230417056682,"COMMON_ACS":null,"CURRENTDEBT_DEBT":68.222618488204,"ISSUED_COMMON_SHARES":8898793115,"HK_COMMON_SHARES":8898793115,"PER_SHARES":2000,"TOTAL_MARKET_CAP":7297010354.3,"HKSK_MARKET_CAP":7297010354.3,"PE_TTM":-5.85669642844,"PB_TTM":0.182005159099,"REPORT_DATE_SQ":"2019-06-30 00:00:00","REPORT_TYPE_SQ":"2019年中报","OPERATE_INCOME_SQ":3874122921.24,"DPS_HKD":0.07,"OPERATE_INCOME_QOQ_SQ":-38.789649345188,"NET_PROFIT_RATIO_SQ":12.6088697976,"HOLDER_PROFIT_SQ":393266957.22,"HOLDER_PROFIT_QOQ_SQ":7.020742591996,"ROE_AVG_SQ":1.080199445486,"PE_TTM_SQ":-25.426744789336,"PB_TTM_SQ":0.238703687349,"ROA_SQ":0.379253312513,"START_DATE":"2020-01-01 00:00:00","FISCAL_YEAR":"12-31","CURRENCY":"HKD","IS_CNY_CODE":0,"DPS_HKD_LY":0.18,"ORG_TYPE":"一般企业","PREMIUM_INCOME":null,"PREMIUM_INCOME_YOY":null,"NET_INTEREST_INCOME":null,"NET_INTEREST_INCOME_YOY":null,"FEE_COMMISSION_INCOME":null,"FEE_COMMISSION_INCOME_YOY":null,"ACCOUNTS_RECE_TDAYS":6.483437848773,"INVENTORY_TDAYS":0.058047773987,"CURRENT_ASSETS_TDAYS":0.061622996344,"TOTAL_ASSETS_TDAYS":0.031962638295,"PREMIUM_EXPENSE":null,"LOAN_DEPOSIT":null,"LOAN_EQUITY":null,"LOAN_ASSETS":null,"DEPOSIT_EQUITY":null,"DEPOSIT_ASSETS":null,"EQUITY_MULTIPLIER":2.84528041608,"EQUITY_RATIO":2.012277038407}],"count":49},"success":true,"message":"ok","code":0}