{"version":"91f16a1efaefe48b40e6c609355d965b","result":{"pages":6,"data":[{"SECUCODE":"00607.HK","SECURITY_CODE":"00607","SECURITY_NAME_ABBR":"丰盛控股","ORG_CODE":"10008996","STD_REPORT_DATE":"2024-06-30 00:00:00","REPORT_DATE":"2024-06-30 00:00:00","DATE_TYPE_CODE":"002","REPORT_TYPE":"2024年中报","PER_NETCASH_OPERATE":-1.342967078283,"PER_OI":16.76472304727,"BPS":14.342500434392,"BASIC_EPS":-2.349,"DILUTED_EPS":-2.349,"OPERATE_INCOME":10675171000,"OPERATE_INCOME_YOY":-7.5863988403,"GROSS_PROFIT":1430489000,"GROSS_PROFIT_YOY":-22.850711067894,"HOLDER_PROFIT":-1495728000,"HOLDER_PROFIT_YOY":-766.8675816024,"GROSS_PROFIT_RATIO":13.400150686111,"EPS_TTM":-3.57074557555,"OPERATE_INCOME_QOQ":-3.527129074771,"NET_PROFIT_RATIO":-14.3036584613,"ROE_AVG":-14.92979722926,"GROSS_PROFIT_QOQ":-11.962934424855,"ROA":-2.718416876864,"HOLDER_PROFIT_QOQ":-139.203693066453,"ROE_YEARLY":-29.859594458521,"ROIC_YEARLY":-6.957983246051,"TOTAL_ASSETS":55533955000,"TOTAL_LIABILITIES":39791874000,"TAX_EBT":9.902393374409,"OCF_SALES":-8.010672615923,"TOTAL_PARENT_EQUITY":9132787000,"DEBT_ASSET_RATIO":71.6532326934,"OPERATE_PROFIT":-1091062000,"PRETAX_PROFIT":-1694762000,"NETCASH_OPERATE":-855153000,"NETCASH_INVEST":-936844000,"NETCASH_FINANCE":1315874000,"END_CASH":5220635000,"DIVI_RATIO":null,"DIVIDEND_RATE":null,"CURRENT_RATIO":0.997281369371,"COMMON_ACS":1600000000,"CURRENTDEBT_DEBT":80.196408945203,"ISSUED_COMMON_SHARES":636763934,"HK_COMMON_SHARES":636763934,"PER_SHARES":4000,"TOTAL_MARKET_CAP":324749606.34,"HKSK_MARKET_CAP":324749606.34,"PE_TTM":-0.12986919971,"PB_TTM":0.032453671668,"REPORT_DATE_SQ":"2023-06-30 00:00:00","REPORT_TYPE_SQ":"2023年中报","OPERATE_INCOME_SQ":11551515000,"DPS_HKD":null,"OPERATE_INCOME_QOQ_SQ":7.23527561068,"NET_PROFIT_RATIO_SQ":1.4717723173,"HOLDER_PROFIT_SQ":-172544000,"HOLDER_PROFIT_QOQ_SQ":-136.206757319187,"ROE_AVG_SQ":-1.460680858409,"PE_TTM_SQ":-0.965719575859,"PB_TTM_SQ":0.032429668472,"ROA_SQ":-0.308840311379,"START_DATE":"2024-01-01 00:00:00","FISCAL_YEAR":"12-31","CURRENCY":"HKD","IS_CNY_CODE":0,"DPS_HKD_LY":null,"ORG_TYPE":"一般企业","PREMIUM_INCOME":null,"PREMIUM_INCOME_YOY":null,"NET_INTEREST_INCOME":null,"NET_INTEREST_INCOME_YOY":null,"FEE_COMMISSION_INCOME":null,"FEE_COMMISSION_INCOME_YOY":null,"ACCOUNTS_RECE_TDAYS":1.212952190281,"INVENTORY_TDAYS":1.307357529542,"CURRENT_ASSETS_TDAYS":0.338416972263,"TOTAL_ASSETS_TDAYS":0.194016325226,"PREMIUM_EXPENSE":null,"LOAN_DEPOSIT":null,"LOAN_EQUITY":null,"LOAN_ASSETS":null,"DEPOSIT_EQUITY":null,"DEPOSIT_ASSETS":null,"EQUITY_MULTIPLIER":3.527739121657,"EQUITY_RATIO":4.357035152577},{"SECUCODE":"00607.HK","SECURITY_CODE":"00607","SECURITY_NAME_ABBR":"丰盛控股","ORG_CODE":"10008996","STD_REPORT_DATE":"2023-12-31 00:00:00","REPORT_DATE":"2023-12-31 00:00:00","DATE_TYPE_CODE":"001","REPORT_TYPE":"2023年年报","PER_NETCASH_OPERATE":1.235603899639,"PER_OI":39.018880739562,"BPS":17.124130965621,"BASIC_EPS":-1.722,"DILUTED_EPS":-1.722,"OPERATE_INCOME":24845816000,"OPERATE_INCOME_YOY":14.3999980477,"GROSS_PROFIT":3541723000,"GROSS_PROFIT_YOY":6.860452626523,"HOLDER_PROFIT":-950538000,"HOLDER_PROFIT_YOY":-490.4659556097,"GROSS_PROFIT_RATIO":14.254806523561,"EPS_TTM":-1.492763564715,"OPERATE_INCOME_QOQ":6.681311160208,"NET_PROFIT_RATIO":-1.8331013962,"ROE_AVG":-8.286056897699,"GROSS_PROFIT_QOQ":-4.669616164259,"ROA":-1.732346680599,"HOLDER_PROFIT_QOQ":-149.978435126549,"ROE_YEARLY":-8.286056897699,"ROIC_YEARLY":-2.187732638688,"TOTAL_ASSETS":54510094000,"TOTAL_LIABILITIES":37072084000,"TAX_EBT":-2.380299420042,"OCF_SALES":3.166682068321,"TOTAL_PARENT_EQUITY":10904029000,"DEBT_ASSET_RATIO":68.0095763548,"OPERATE_PROFIT":687031000,"PRETAX_PROFIT":-444860000,"NETCASH_OPERATE":786788000,"NETCASH_INVEST":-498520000,"NETCASH_FINANCE":852473000,"END_CASH":5693844000,"DIVI_RATIO":null,"DIVIDEND_RATE":null,"CURRENT_RATIO":1.059395259614,"COMMON_ACS":1600000000,"CURRENTDEBT_DEBT":79.604758664228,"ISSUED_COMMON_SHARES":636763934,"HK_COMMON_SHARES":636763934,"PER_SHARES":4000,"TOTAL_MARKET_CAP":375690721.06,"HKSK_MARKET_CAP":375690721.06,"PE_TTM":-0.15024083888,"PB_TTM":0.037544443695,"REPORT_DATE_SQ":"2022-12-31 00:00:00","REPORT_TYPE_SQ":"2022年年报","OPERATE_INCOME_SQ":21718371000,"DPS_HKD":null,"OPERATE_INCOME_QOQ_SQ":6.669127968007,"NET_PROFIT_RATIO_SQ":1.8817985935,"HOLDER_PROFIT_SQ":-160981000,"HOLDER_PROFIT_QOQ_SQ":92.17564208621,"ROE_AVG_SQ":-1.227938267233,"PE_TTM_SQ":null,"PB_TTM_SQ":null,"ROA_SQ":-0.319311282095,"START_DATE":"2023-01-01 00:00:00","FISCAL_YEAR":"12-31","CURRENCY":"HKD","IS_CNY_CODE":0,"DPS_HKD_LY":null,"ORG_TYPE":"一般企业","PREMIUM_INCOME":null,"PREMIUM_INCOME_YOY":null,"NET_INTEREST_INCOME":null,"NET_INTEREST_INCOME_YOY":null,"FEE_COMMISSION_INCOME":null,"FEE_COMMISSION_INCOME_YOY":null,"ACCOUNTS_RECE_TDAYS":3.108903133163,"INVENTORY_TDAYS":3.004137439534,"CURRENT_ASSETS_TDAYS":0.761868233965,"TOTAL_ASSETS_TDAYS":0.452812690017,"PREMIUM_EXPENSE":null,"LOAN_DEPOSIT":null,"LOAN_EQUITY":null,"LOAN_ASSETS":null,"DEPOSIT_EQUITY":null,"DEPOSIT_ASSETS":null,"EQUITY_MULTIPLIER":3.125935470848,"EQUITY_RATIO":3.399851926293},{"SECUCODE":"00607.HK","SECURITY_CODE":"00607","SECURITY_NAME_ABBR":"丰盛控股","ORG_CODE":"10008996","STD_REPORT_DATE":"2023-06-30 00:00:00","REPORT_DATE":"2023-06-30 00:00:00","DATE_TYPE_CODE":"002","REPORT_TYPE":"2023年中报","PER_NETCASH_OPERATE":-0.004536789819,"PER_OI":0.435377255684,"BPS":18.195289307953,"BASIC_EPS":-0.325,"DILUTED_EPS":-0.325,"OPERATE_INCOME":11551515000,"OPERATE_INCOME_YOY":15.7451239868,"GROSS_PROFIT":1854183000,"GROSS_PROFIT_YOY":27.582745139054,"HOLDER_PROFIT":-172544000,"HOLDER_PROFIT_YOY":-469.2913554352,"GROSS_PROFIT_RATIO":16.051427020612,"EPS_TTM":-0.014331568692,"OPERATE_INCOME_QOQ":7.23527561068,"NET_PROFIT_RATIO":1.4717723173,"ROE_AVG":-1.460680858409,"GROSS_PROFIT_QOQ":12.094851952604,"ROA":-0.308840311379,"HOLDER_PROFIT_QOQ":-136.206757319187,"ROE_YEARLY":-2.921361716818,"ROIC_YEARLY":-0.764813795939,"TOTAL_ASSETS":56506875000,"TOTAL_LIABILITIES":38544867000,"TAX_EBT":5.552037154317,"OCF_SALES":-1.042036477466,"TOTAL_PARENT_EQUITY":11586104000,"DEBT_ASSET_RATIO":68.2127033215,"OPERATE_PROFIT":781198000,"PRETAX_PROFIT":180006000,"NETCASH_OPERATE":-120371000,"NETCASH_INVEST":-1158181000,"NETCASH_FINANCE":1205574000,"END_CASH":4504742000,"DIVI_RATIO":null,"DIVIDEND_RATE":null,"CURRENT_RATIO":1.150321455446,"COMMON_ACS":1600000000,"CURRENTDEBT_DEBT":77.315547618831,"ISSUED_COMMON_SHARES":636763934,"HK_COMMON_SHARES":636763934,"PER_SHARES":4000,"TOTAL_MARKET_CAP":375690721.06,"HKSK_MARKET_CAP":375690721.06,"PE_TTM":-0.15024083888,"PB_TTM":0.037544443695,"REPORT_DATE_SQ":"2022-06-30 00:00:00","REPORT_TYPE_SQ":"2022年中报","OPERATE_INCOME_SQ":9980131000,"DPS_HKD":null,"OPERATE_INCOME_QOQ_SQ":-4.374307100713,"NET_PROFIT_RATIO_SQ":2.0650630738,"HOLDER_PROFIT_SQ":46723000,"HOLDER_PROFIT_QOQ_SQ":23.382851508038,"ROE_AVG_SQ":0.354046113288,"PE_TTM_SQ":null,"PB_TTM_SQ":null,"ROA_SQ":0.095784391043,"START_DATE":"2023-01-01 00:00:00","FISCAL_YEAR":"12-31","CURRENCY":"HKD","IS_CNY_CODE":0,"DPS_HKD_LY":null,"ORG_TYPE":"一般企业","PREMIUM_INCOME":null,"PREMIUM_INCOME_YOY":null,"NET_INTEREST_INCOME":null,"NET_INTEREST_INCOME_YOY":null,"FEE_COMMISSION_INCOME":null,"FEE_COMMISSION_INCOME_YOY":null,"ACCOUNTS_RECE_TDAYS":1.576007417587,"INVENTORY_TDAYS":1.158691233935,"CURRENT_ASSETS_TDAYS":0.338553753233,"TOTAL_ASSETS_TDAYS":0.206763114886,"PREMIUM_EXPENSE":null,"LOAN_DEPOSIT":null,"LOAN_EQUITY":null,"LOAN_ASSETS":null,"DEPOSIT_EQUITY":null,"DEPOSIT_ASSETS":null,"EQUITY_MULTIPLIER":3.1459108024,"EQUITY_RATIO":3.32681866139},{"SECUCODE":"00607.HK","SECURITY_CODE":"00607","SECURITY_NAME_ABBR":"丰盛控股","ORG_CODE":"10008996","STD_REPORT_DATE":"2022-12-31 00:00:00","REPORT_DATE":"2022-12-31 00:00:00","DATE_TYPE_CODE":"001","REPORT_TYPE":"2022年年报","PER_NETCASH_OPERATE":0.02721855289,"PER_OI":0.818566635104,"BPS":18.906603149418,"BASIC_EPS":-0.356,"DILUTED_EPS":-0.356,"OPERATE_INCOME":21718371000,"OPERATE_INCOME_YOY":4.4878743119,"GROSS_PROFIT":3314344000,"GROSS_PROFIT_YOY":0.593329782278,"HOLDER_PROFIT":-160981000,"HOLDER_PROFIT_YOY":94.0052000786,"GROSS_PROFIT_RATIO":15.260555223041,"EPS_TTM":-0.006067383023,"OPERATE_INCOME_QOQ":6.669127968007,"NET_PROFIT_RATIO":1.8817985935,"ROE_AVG":-1.227938267233,"GROSS_PROFIT_QOQ":10.761572196584,"ROA":-0.319311282095,"HOLDER_PROFIT_QOQ":92.17564208621,"ROE_YEARLY":-1.227938267233,"ROIC_YEARLY":-0.388248220465,"TOTAL_ASSETS":55229834000,"TOTAL_LIABILITIES":37109586000,"TAX_EBT":62.625974320337,"OCF_SALES":3.325148096973,"TOTAL_PARENT_EQUITY":12039043000,"DEBT_ASSET_RATIO":67.1911959757,"OPERATE_PROFIT":1662306000,"PRETAX_PROFIT":714729000,"NETCASH_OPERATE":722168000,"NETCASH_INVEST":-5640903000,"NETCASH_FINANCE":5898551000,"END_CASH":4533808000,"DIVI_RATIO":null,"DIVIDEND_RATE":null,"CURRENT_RATIO":1.125173218625,"COMMON_ACS":1600000000,"CURRENTDEBT_DEBT":81.330769898646,"ISSUED_COMMON_SHARES":636763934,"HK_COMMON_SHARES":636763934,"PER_SHARES":4000,"TOTAL_MARKET_CAP":375690721.06,"HKSK_MARKET_CAP":375690721.06,"PE_TTM":-0.15024083888,"PB_TTM":0.037544443695,"REPORT_DATE_SQ":"2021-12-31 00:00:00","REPORT_TYPE_SQ":"2021年年报","OPERATE_INCOME_SQ":20785542000,"DPS_HKD":null,"OPERATE_INCOME_QOQ_SQ":-1.148539815338,"NET_PROFIT_RATIO_SQ":-10.9701846362,"HOLDER_PROFIT_SQ":-2685344000,"HOLDER_PROFIT_QOQ_SQ":-223.271351835489,"ROE_AVG_SQ":-17.127895503244,"PE_TTM_SQ":null,"PB_TTM_SQ":null,"ROA_SQ":-6.023329347529,"START_DATE":"2022-01-01 00:00:00","FISCAL_YEAR":"12-31","CURRENCY":"HKD","IS_CNY_CODE":0,"DPS_HKD_LY":null,"ORG_TYPE":"一般企业","PREMIUM_INCOME":null,"PREMIUM_INCOME_YOY":null,"NET_INTEREST_INCOME":null,"NET_INTEREST_INCOME_YOY":null,"FEE_COMMISSION_INCOME":null,"FEE_COMMISSION_INCOME_YOY":null,"ACCOUNTS_RECE_TDAYS":3.291634551751,"INVENTORY_TDAYS":2.68325082563,"CURRENT_ASSETS_TDAYS":0.739836777449,"TOTAL_ASSETS_TDAYS":0.430791266611,"PREMIUM_EXPENSE":null,"LOAN_DEPOSIT":null,"LOAN_EQUITY":null,"LOAN_ASSETS":null,"DEPOSIT_EQUITY":null,"DEPOSIT_ASSETS":null,"EQUITY_MULTIPLIER":3.047962367843,"EQUITY_RATIO":3.082436535861},{"SECUCODE":"00607.HK","SECURITY_CODE":"00607","SECURITY_NAME_ABBR":"丰盛控股","ORG_CODE":"10008996","STD_REPORT_DATE":"2022-06-30 00:00:00","REPORT_DATE":"2022-06-30 00:00:00","DATE_TYPE_CODE":"002","REPORT_TYPE":"2022年中报","PER_NETCASH_OPERATE":0.006771045758,"PER_OI":0.440406176182,"BPS":19.179883388308,"BASIC_EPS":0.002,"DILUTED_EPS":0.002,"OPERATE_INCOME":9980131000,"OPERATE_INCOME_YOY":-8.5356893546,"GROSS_PROFIT":1453318000,"GROSS_PROFIT_YOY":-22.559919006767,"HOLDER_PROFIT":46723000,"HOLDER_PROFIT_YOY":108.039236941,"GROSS_PROFIT_RATIO":14.56211346324,"EPS_TTM":-0.090791056819,"OPERATE_INCOME_QOQ":-4.374307100713,"NET_PROFIT_RATIO":2.0650630738,"ROE_AVG":0.354046113288,"GROSS_PROFIT_QOQ":-12.395157075918,"ROA":0.095784391043,"HOLDER_PROFIT_QOQ":23.382851508038,"ROE_YEARLY":0.708092226576,"ROIC_YEARLY":0.23632917858,"TOTAL_ASSETS":51958391000,"TOTAL_LIABILITIES":34135303000,"TAX_EBT":84.687620141536,"OCF_SALES":1.53745476888,"TOTAL_PARENT_EQUITY":12213058000,"DEBT_ASSET_RATIO":65.6973827384,"OPERATE_PROFIT":792280000,"PRETAX_PROFIT":421378000,"NETCASH_OPERATE":153440000,"NETCASH_INVEST":-2276875000,"NETCASH_FINANCE":4190912000,"END_CASH":5579164000,"DIVI_RATIO":null,"DIVIDEND_RATE":null,"CURRENT_RATIO":1.100270515571,"COMMON_ACS":1600000000,"CURRENTDEBT_DEBT":84.159516615394,"ISSUED_COMMON_SHARES":636763934,"HK_COMMON_SHARES":636763934,"PER_SHARES":4000,"TOTAL_MARKET_CAP":375690721.06,"HKSK_MARKET_CAP":375690721.06,"PE_TTM":-0.15024083888,"PB_TTM":0.037544443695,"REPORT_DATE_SQ":"2021-06-30 00:00:00","REPORT_TYPE_SQ":"2021年中报","OPERATE_INCOME_SQ":10911503000,"DPS_HKD":null,"OPERATE_INCOME_QOQ_SQ":33.193741015376,"NET_PROFIT_RATIO_SQ":-3.2803864709,"HOLDER_PROFIT_SQ":-581187000,"HOLDER_PROFIT_QOQ_SQ":7.114686823846,"ROE_AVG_SQ":-3.462998372408,"PE_TTM_SQ":null,"PB_TTM_SQ":null,"ROA_SQ":-1.298192118705,"START_DATE":"2022-01-01 00:00:00","FISCAL_YEAR":"12-31","CURRENCY":"HKD","IS_CNY_CODE":0,"DPS_HKD_LY":null,"ORG_TYPE":"一般企业","PREMIUM_INCOME":null,"PREMIUM_INCOME_YOY":null,"NET_INTEREST_INCOME":null,"NET_INTEREST_INCOME_YOY":null,"FEE_COMMISSION_INCOME":null,"FEE_COMMISSION_INCOME_YOY":null,"ACCOUNTS_RECE_TDAYS":1.70094520523,"INVENTORY_TDAYS":1.319490322339,"CURRENT_ASSETS_TDAYS":0.354153331014,"TOTAL_ASSETS_TDAYS":0.204597472416,"PREMIUM_EXPENSE":null,"LOAN_DEPOSIT":null,"LOAN_EQUITY":null,"LOAN_ASSETS":null,"DEPOSIT_EQUITY":null,"DEPOSIT_ASSETS":null,"EQUITY_MULTIPLIER":2.915229448452,"EQUITY_RATIO":2.794984106356},{"SECUCODE":"00607.HK","SECURITY_CODE":"00607","SECURITY_NAME_ABBR":"丰盛控股","ORG_CODE":"10008996","STD_REPORT_DATE":"2021-12-31 00:00:00","REPORT_DATE":"2021-12-31 00:00:00","DATE_TYPE_CODE":"001","REPORT_TYPE":"2021年年报","PER_NETCASH_OPERATE":-0.052765152512,"PER_OI":1.054814960481,"BPS":22.269915494303,"BASIC_EPS":-0.136,"DILUTED_EPS":-0.136,"OPERATE_INCOME":20785542000,"OPERATE_INCOME_YOY":31.6639578683,"GROSS_PROFIT":3294795000,"GROSS_PROFIT_YOY":-4.080989212152,"HOLDER_PROFIT":-2685344000,"HOLDER_PROFIT_YOY":-200.2716075612,"GROSS_PROFIT_RATIO":16.042293128247,"EPS_TTM":-0.13627458092,"OPERATE_INCOME_QOQ":-1.148539815338,"NET_PROFIT_RATIO":-10.9701846362,"ROE_AVG":-17.127895503244,"GROSS_PROFIT_QOQ":-17.841779812348,"ROA":-6.023329347529,"HOLDER_PROFIT_QOQ":-223.271351835489,"ROE_YEARLY":-17.127895503244,"ROIC_YEARLY":-7.0886465029,"TOTAL_ASSETS":45600302000,"TOTAL_LIABILITIES":27604447000,"TAX_EBT":-12.988186266977,"OCF_SALES":-4.883355740159,"TOTAL_PARENT_EQUITY":14180679000,"DEBT_ASSET_RATIO":60.5356670664,"OPERATE_PROFIT":-249004000,"PRETAX_PROFIT":-2095358000,"NETCASH_OPERATE":-1039758000,"NETCASH_INVEST":-559982000,"NETCASH_FINANCE":2602983000,"END_CASH":3473102000,"DIVI_RATIO":null,"DIVIDEND_RATE":null,"CURRENT_RATIO":1.069290314766,"COMMON_ACS":1600000000,"CURRENTDEBT_DEBT":83.855677311703,"ISSUED_COMMON_SHARES":636763934,"HK_COMMON_SHARES":636763934,"PER_SHARES":4000,"TOTAL_MARKET_CAP":375690721.06,"HKSK_MARKET_CAP":375690721.06,"PE_TTM":-0.15024083888,"PB_TTM":0.037544443695,"REPORT_DATE_SQ":"2020-12-31 00:00:00","REPORT_TYPE_SQ":"2020年年报","OPERATE_INCOME_SQ":16171377000,"DPS_HKD":null,"OPERATE_INCOME_QOQ_SQ":33.177571940648,"NET_PROFIT_RATIO_SQ":-4.317999636,"HOLDER_PROFIT_SQ":-894305000,"HOLDER_PROFIT_QOQ_SQ":-1.335954629666,"ROE_AVG_SQ":-5.142009780918,"PE_TTM_SQ":null,"PB_TTM_SQ":null,"ROA_SQ":-2.04748145449,"START_DATE":"2021-01-01 00:00:00","FISCAL_YEAR":"12-31","CURRENCY":"HKD","IS_CNY_CODE":0,"DPS_HKD_LY":null,"ORG_TYPE":"一般企业","PREMIUM_INCOME":null,"PREMIUM_INCOME_YOY":null,"NET_INTEREST_INCOME":null,"NET_INTEREST_INCOME_YOY":null,"FEE_COMMISSION_INCOME":null,"FEE_COMMISSION_INCOME_YOY":null,"ACCOUNTS_RECE_TDAYS":4.538963204239,"INVENTORY_TDAYS":3.256803906233,"CURRENT_ASSETS_TDAYS":0.910524064156,"TOTAL_ASSETS_TDAYS":0.477584903653,"PREMIUM_EXPENSE":null,"LOAN_DEPOSIT":null,"LOAN_EQUITY":null,"LOAN_ASSETS":null,"DEPOSIT_EQUITY":null,"DEPOSIT_ASSETS":null,"EQUITY_MULTIPLIER":2.533933619713,"EQUITY_RATIO":1.946623782966},{"SECUCODE":"00607.HK","SECURITY_CODE":"00607","SECURITY_NAME_ABBR":"丰盛控股","ORG_CODE":"10008996","STD_REPORT_DATE":"2021-06-30 00:00:00","REPORT_DATE":"2021-06-30 00:00:00","DATE_TYPE_CODE":"002","REPORT_TYPE":"2021年中报","PER_NETCASH_OPERATE":0.011805905875,"PER_OI":0.553731849077,"BPS":25.739265565879,"BASIC_EPS":-0.03,"DILUTED_EPS":-0.03,"OPERATE_INCOME":10911503000,"OPERATE_INCOME_YOY":92.8140373519,"GROSS_PROFIT":1876700000,"GROSS_PROFIT_YOY":55.958103139938,"HOLDER_PROFIT":-581187000,"HOLDER_PROFIT_YOY":9.8674966735,"GROSS_PROFIT_RATIO":17.269915469572,"EPS_TTM":-0.042154858495,"OPERATE_INCOME_QOQ":33.193741015376,"NET_PROFIT_RATIO":-3.2803864709,"ROE_AVG":-3.462998372408,"GROSS_PROFIT_QOQ":21.033509404433,"ROA":-1.298192118705,"HOLDER_PROFIT_QOQ":7.114686823846,"ROE_YEARLY":-6.925996744816,"ROIC_YEARLY":-3.038882540458,"TOTAL_ASSETS":45973431000,"TOTAL_LIABILITIES":25915230000,"TAX_EBT":-75.830171225765,"OCF_SALES":2.086201254752,"TOTAL_PARENT_EQUITY":16389836000,"DEBT_ASSET_RATIO":56.3700151072,"OPERATE_PROFIT":65154000,"PRETAX_PROFIT":-211884000,"NETCASH_OPERATE":232640000,"NETCASH_INVEST":-956095000,"NETCASH_FINANCE":1494258000,"END_CASH":3257595000,"DIVI_RATIO":null,"DIVIDEND_RATE":null,"CURRENT_RATIO":1.099126154257,"COMMON_ACS":1600000000,"CURRENTDEBT_DEBT":83.481728697758,"ISSUED_COMMON_SHARES":636763934,"HK_COMMON_SHARES":636763934,"PER_SHARES":4000,"TOTAL_MARKET_CAP":375690721.06,"HKSK_MARKET_CAP":375690721.06,"PE_TTM":-0.15024083888,"PB_TTM":0.037544443695,"REPORT_DATE_SQ":"2020-06-30 00:00:00","REPORT_TYPE_SQ":"2020年中报","OPERATE_INCOME_SQ":5783484000,"DPS_HKD":null,"OPERATE_INCOME_QOQ_SQ":8.775472196216,"NET_PROFIT_RATIO_SQ":-10.1527902558,"HOLDER_PROFIT_SQ":-644814000,"HOLDER_PROFIT_QOQ_SQ":69.295196702238,"ROE_AVG_SQ":-3.738128561758,"PE_TTM_SQ":null,"PB_TTM_SQ":null,"ROA_SQ":-1.47476226636,"START_DATE":"2021-01-01 00:00:00","FISCAL_YEAR":"12-31","CURRENCY":"HKD","IS_CNY_CODE":0,"DPS_HKD_LY":null,"ORG_TYPE":"一般企业","PREMIUM_INCOME":null,"PREMIUM_INCOME_YOY":null,"NET_INTEREST_INCOME":null,"NET_INTEREST_INCOME_YOY":null,"FEE_COMMISSION_INCOME":null,"FEE_COMMISSION_INCOME_YOY":null,"ACCOUNTS_RECE_TDAYS":2.613932786144,"INVENTORY_TDAYS":1.881910608432,"CURRENT_ASSETS_TDAYS":0.487006131593,"TOTAL_ASSETS_TDAYS":0.249087115654,"PREMIUM_EXPENSE":null,"LOAN_DEPOSIT":null,"LOAN_EQUITY":null,"LOAN_ASSETS":null,"DEPOSIT_EQUITY":null,"DEPOSIT_ASSETS":null,"EQUITY_MULTIPLIER":2.292001710422,"EQUITY_RATIO":1.581176895242},{"SECUCODE":"00607.HK","SECURITY_CODE":"00607","SECURITY_NAME_ABBR":"丰盛控股","ORG_CODE":"10008996","STD_REPORT_DATE":"2020-12-31 00:00:00","REPORT_DATE":"2020-12-31 00:00:00","DATE_TYPE_CODE":"001","REPORT_TYPE":"2020年年报","PER_NETCASH_OPERATE":0.044008818086,"PER_OI":0.820657473891,"BPS":26.97341994875,"BASIC_EPS":-0.045,"DILUTED_EPS":-0.045,"OPERATE_INCOME":16171377000,"OPERATE_INCOME_YOY":44.8645327379,"GROSS_PROFIT":3434976000,"GROSS_PROFIT_YOY":49.021139024028,"HOLDER_PROFIT":-894305000,"HOLDER_PROFIT_YOY":68.8849944611,"GROSS_PROFIT_RATIO":21.241085406642,"EPS_TTM":-0.045383771721,"OPERATE_INCOME_QOQ":33.177571940648,"NET_PROFIT_RATIO":-4.317999636,"ROE_AVG":-5.142009780918,"GROSS_PROFIT_QOQ":33.261329037905,"ROA":-2.04748145449,"HOLDER_PROFIT_QOQ":-1.335954629666,"ROE_YEARLY":-5.142009780918,"ROIC_YEARLY":-2.378835288535,"TOTAL_ASSETS":43564472000,"TOTAL_LIABILITIES":22767492000,"TAX_EBT":-134.769628015815,"OCF_SALES":5.362629292484,"TOTAL_PARENT_EQUITY":17175701000,"DEBT_ASSET_RATIO":52.2616043642,"OPERATE_PROFIT":328153000,"PRETAX_PROFIT":-297432000,"NETCASH_OPERATE":867211000,"NETCASH_INVEST":2392098000,"NETCASH_FINANCE":-3518121000,"END_CASH":2490570000,"DIVI_RATIO":null,"DIVIDEND_RATE":null,"CURRENT_RATIO":1.195086864359,"COMMON_ACS":1600000000,"CURRENTDEBT_DEBT":80.916128135677,"ISSUED_COMMON_SHARES":636763934,"HK_COMMON_SHARES":636763934,"PER_SHARES":4000,"TOTAL_MARKET_CAP":375690721.06,"HKSK_MARKET_CAP":375690721.06,"PE_TTM":-0.15024083888,"PB_TTM":0.037544443695,"REPORT_DATE_SQ":"2019-12-31 00:00:00","REPORT_TYPE_SQ":"2019年年报","OPERATE_INCOME_SQ":11163103000,"DPS_HKD":null,"OPERATE_INCOME_QOQ_SQ":-0.406195867613,"NET_PROFIT_RATIO_SQ":-25.4778442876,"HOLDER_PROFIT_SQ":-2874192000,"HOLDER_PROFIT_QOQ_SQ":53.574237975416,"ROE_AVG_SQ":-15.007245446422,"PE_TTM_SQ":null,"PB_TTM_SQ":null,"ROA_SQ":-6.125153067984,"START_DATE":"2020-01-01 00:00:00","FISCAL_YEAR":"12-31","CURRENCY":"HKD","IS_CNY_CODE":0,"DPS_HKD_LY":null,"ORG_TYPE":"一般企业","PREMIUM_INCOME":null,"PREMIUM_INCOME_YOY":null,"NET_INTEREST_INCOME":null,"NET_INTEREST_INCOME_YOY":null,"FEE_COMMISSION_INCOME":null,"FEE_COMMISSION_INCOME_YOY":null,"ACCOUNTS_RECE_TDAYS":5.445085916947,"INVENTORY_TDAYS":3.115714598667,"CURRENT_ASSETS_TDAYS":0.738075515811,"TOTAL_ASSETS_TDAYS":0.370238280017,"PREMIUM_EXPENSE":null,"LOAN_DEPOSIT":null,"LOAN_EQUITY":null,"LOAN_ASSETS":null,"DEPOSIT_EQUITY":null,"DEPOSIT_ASSETS":null,"EQUITY_MULTIPLIER":2.094749910804,"EQUITY_RATIO":1.325564062858},{"SECUCODE":"00607.HK","SECURITY_CODE":"00607","SECURITY_NAME_ABBR":"丰盛控股","ORG_CODE":"10008996","STD_REPORT_DATE":"2020-06-30 00:00:00","REPORT_DATE":"2020-06-30 00:00:00","DATE_TYPE_CODE":"002","REPORT_TYPE":"2020年中报","PER_NETCASH_OPERATE":0.047325676786,"PER_OI":0.293497540112,"BPS":26.52590088433,"BASIC_EPS":-0.033,"DILUTED_EPS":-0.033,"OPERATE_INCOME":5783484000,"OPERATE_INCOME_YOY":20.3922088633,"GROSS_PROFIT":1203336000,"GROSS_PROFIT_YOY":29.288371163528,"HOLDER_PROFIT":-644814000,"HOLDER_PROFIT_YOY":75.5427194707,"GROSS_PROFIT_RATIO":20.806420489795,"EPS_TTM":-0.044785458318,"OPERATE_INCOME_QOQ":8.775472196216,"NET_PROFIT_RATIO":-10.1527902558,"ROE_AVG":-3.738128561758,"GROSS_PROFIT_QOQ":11.826244042367,"ROA":-1.47476226636,"HOLDER_PROFIT_QOQ":69.295196702238,"ROE_YEARLY":-7.476257123515,"ROIC_YEARLY":-3.459175036586,"TOTAL_ASSETS":43654382000,"TOTAL_LIABILITIES":23598494000,"TAX_EBT":7.098771780215,"OCF_SALES":16.124726894723,"TOTAL_PARENT_EQUITY":16890737000,"DEBT_ASSET_RATIO":54.0575605904,"OPERATE_PROFIT":-290825000,"PRETAX_PROFIT":-632053000,"NETCASH_OPERATE":932571000,"NETCASH_INVEST":1053467000,"NETCASH_FINANCE":-1131938000,"END_CASH":3662335000,"DIVI_RATIO":null,"DIVIDEND_RATE":null,"CURRENT_RATIO":1.139124155312,"COMMON_ACS":1600000000,"CURRENTDEBT_DEBT":82.94508115645,"ISSUED_COMMON_SHARES":636763934,"HK_COMMON_SHARES":636763934,"PER_SHARES":4000,"TOTAL_MARKET_CAP":375690721.06,"HKSK_MARKET_CAP":375690721.06,"PE_TTM":-0.15024083888,"PB_TTM":0.037544443695,"REPORT_DATE_SQ":"2019-06-30 00:00:00","REPORT_TYPE_SQ":"2019年中报","OPERATE_INCOME_SQ":4803869000,"DPS_HKD":null,"OPERATE_INCOME_QOQ_SQ":8.941706740757,"NET_PROFIT_RATIO_SQ":-54.7764936971,"HOLDER_PROFIT_SQ":-2636491000,"HOLDER_PROFIT_QOQ_SQ":-104.324620109744,"ROE_AVG_SQ":-13.655798783954,"PE_TTM_SQ":null,"PB_TTM_SQ":null,"ROA_SQ":-5.523051523512,"START_DATE":"2020-01-01 00:00:00","FISCAL_YEAR":"12-31","CURRENCY":"HKD","IS_CNY_CODE":0,"DPS_HKD_LY":null,"ORG_TYPE":"一般企业","PREMIUM_INCOME":null,"PREMIUM_INCOME_YOY":null,"NET_INTEREST_INCOME":null,"NET_INTEREST_INCOME_YOY":null,"FEE_COMMISSION_INCOME":null,"FEE_COMMISSION_INCOME_YOY":null,"ACCOUNTS_RECE_TDAYS":2.302447305022,"INVENTORY_TDAYS":1.369195735601,"CURRENT_ASSETS_TDAYS":0.262284837178,"TOTAL_ASSETS_TDAYS":0.132274795077,"PREMIUM_EXPENSE":null,"LOAN_DEPOSIT":null,"LOAN_EQUITY":null,"LOAN_ASSETS":null,"DEPOSIT_EQUITY":null,"DEPOSIT_ASSETS":null,"EQUITY_MULTIPLIER":2.176636706389,"EQUITY_RATIO":1.397126365771}],"count":48},"success":true,"message":"ok","code":0}