{"version":"341f4722df0fadef09a0cec2534c3699","result":{"pages":6,"data":[{"SECUCODE":"00618.HK","SECURITY_CODE":"00618","SECURITY_NAME_ABBR":"北大资源","ORG_CODE":"10009005","STD_REPORT_DATE":"2024-06-30 00:00:00","REPORT_DATE":"2024-09-30 00:00:00","DATE_TYPE_CODE":"002","REPORT_TYPE":"2024年中报","PER_NETCASH_OPERATE":-0.048638182064,"PER_OI":0.272705592139,"BPS":-0.080666912456,"BASIC_EPS":-0.468,"DILUTED_EPS":-0.468,"OPERATE_INCOME":746509000,"OPERATE_INCOME_YOY":-2.1732606642,"GROSS_PROFIT":19516000,"GROSS_PROFIT_YOY":-63.687784910224,"HOLDER_PROFIT":-1265687000,"HOLDER_PROFIT_YOY":-912.4784152111,"GROSS_PROFIT_RATIO":2.614302037886,"EPS_TTM":-0.286996434934,"OPERATE_INCOME_QOQ":0,"NET_PROFIT_RATIO":-181.4811341859,"ROE_AVG":-311.099995698581,"GROSS_PROFIT_QOQ":0,"ROA":-11.322257737023,"HOLDER_PROFIT_QOQ":0,"ROE_YEARLY":-622.199991397162,"ROIC_YEARLY":-28.689779702186,"TOTAL_ASSETS":10834553000,"TOTAL_LIABILITIES":9315213000,"TAX_EBT":1.596938897803,"OCF_SALES":-17.835417925303,"TOTAL_PARENT_EQUITY":-220819000,"DEBT_ASSET_RATIO":85.976901862,"OPERATE_PROFIT":-1291312000,"PRETAX_PROFIT":-1376759000,"NETCASH_OPERATE":-133143000,"NETCASH_INVEST":-141836000,"NETCASH_FINANCE":-7096000,"END_CASH":607387000,"DIVI_RATIO":null,"DIVIDEND_RATE":null,"CURRENT_RATIO":1.082941934238,"COMMON_ACS":150000000000,"CURRENTDEBT_DEBT":87.617384594426,"ISSUED_COMMON_SHARES":2737417279,"HK_COMMON_SHARES":2737417279,"PER_SHARES":8000,"TOTAL_MARKET_CAP":427037095.524,"HKSK_MARKET_CAP":427037095.524,"PE_TTM":-0.1750219445,"PB_TTM":-1.743952206887,"REPORT_DATE_SQ":"2023-06-30 00:00:00","REPORT_TYPE_SQ":"2023年中报","OPERATE_INCOME_SQ":763093000,"DPS_HKD":null,"OPERATE_INCOME_QOQ_SQ":0,"NET_PROFIT_RATIO_SQ":13.0446736907,"HOLDER_PROFIT_SQ":155781000,"HOLDER_PROFIT_QOQ_SQ":0,"ROE_AVG_SQ":9.776300624649,"PE_TTM_SQ":0.500482063171,"PB_TTM_SQ":0.313743582938,"ROA_SQ":1.266499272711,"START_DATE":"2024-04-01 00:00:00","FISCAL_YEAR":"3-31","CURRENCY":"HKD","IS_CNY_CODE":0,"DPS_HKD_LY":null,"ORG_TYPE":"一般企业","PREMIUM_INCOME":null,"PREMIUM_INCOME_YOY":null,"NET_INTEREST_INCOME":null,"NET_INTEREST_INCOME_YOY":null,"FEE_COMMISSION_INCOME":null,"FEE_COMMISSION_INCOME_YOY":null,"ACCOUNTS_RECE_TDAYS":4.22464184354,"INVENTORY_TDAYS":0.194189277336,"CURRENT_ASSETS_TDAYS":0.080569907853,"TOTAL_ASSETS_TDAYS":0.066779285092,"PREMIUM_EXPENSE":null,"LOAN_DEPOSIT":null,"LOAN_EQUITY":null,"LOAN_ASSETS":null,"DEPOSIT_EQUITY":null,"DEPOSIT_ASSETS":null,"EQUITY_MULTIPLIER":7.131091789839,"EQUITY_RATIO":-42.184834638324},{"SECUCODE":"00618.HK","SECURITY_CODE":"00618","SECURITY_NAME_ABBR":"北大资源","ORG_CODE":"10009005","STD_REPORT_DATE":"2023-12-31 00:00:00","REPORT_DATE":"2024-03-31 00:00:00","DATE_TYPE_CODE":"001","REPORT_TYPE":"2023年年报","PER_NETCASH_OPERATE":-0.012253725078,"PER_OI":0.139229765111,"BPS":0.377912424217,"BASIC_EPS":-0.0824,"DILUTED_EPS":-0.0824,"OPERATE_INCOME":1440982000,"OPERATE_INCOME_YOY":-72.154237691,"GROSS_PROFIT":130789000,"GROSS_PROFIT_YOY":-82.809197589931,"HOLDER_PROFIT":-785629000,"HOLDER_PROFIT_YOY":-181.2700038275,"GROSS_PROFIT_RATIO":9.076379857625,"EPS_TTM":0.100125809665,"OPERATE_INCOME_QOQ":0,"NET_PROFIT_RATIO":-52.0646337012,"ROE_AVG":-62.951092108247,"GROSS_PROFIT_QOQ":0,"ROA":-6.500437249142,"HOLDER_PROFIT_QOQ":0,"ROE_YEARLY":-62.951092108247,"ROIC_YEARLY":-7.841406226841,"TOTAL_ASSETS":11522949000,"TOTAL_LIABILITIES":9015207000,"TAX_EBT":-1.006372119386,"OCF_SALES":-8.80108148471,"TOTAL_PARENT_EQUITY":1034504000,"DEBT_ASSET_RATIO":78.2369773571,"OPERATE_PROFIT":-630333000,"PRETAX_PROFIT":-742767000,"NETCASH_OPERATE":-126822000,"NETCASH_INVEST":-124678000,"NETCASH_FINANCE":442454000,"END_CASH":890197000,"DIVI_RATIO":null,"DIVIDEND_RATE":null,"CURRENT_RATIO":1.262554262897,"COMMON_ACS":150000000000,"CURRENTDEBT_DEBT":85.150745845326,"ISSUED_COMMON_SHARES":2737417279,"HK_COMMON_SHARES":2737417279,"PER_SHARES":8000,"TOTAL_MARKET_CAP":539271203.963,"HKSK_MARKET_CAP":539271203.963,"PE_TTM":-0.221021301708,"PB_TTM":-2.202298620236,"REPORT_DATE_SQ":"2022-12-31 00:00:00","REPORT_TYPE_SQ":"2022年年报","OPERATE_INCOME_SQ":5174870000,"DPS_HKD":null,"OPERATE_INCOME_QOQ_SQ":0,"NET_PROFIT_RATIO_SQ":19.6885139144,"HOLDER_PROFIT_SQ":966690000,"HOLDER_PROFIT_QOQ_SQ":0,"ROE_AVG_SQ":193.451556063409,"PE_TTM_SQ":0.825356384879,"PB_TTM_SQ":0.517401698178,"ROA_SQ":6.253652233435,"START_DATE":"2023-04-01 00:00:00","FISCAL_YEAR":"3-31","CURRENCY":"HKD","IS_CNY_CODE":0,"DPS_HKD_LY":null,"ORG_TYPE":"一般企业","PREMIUM_INCOME":null,"PREMIUM_INCOME_YOY":null,"NET_INTEREST_INCOME":null,"NET_INTEREST_INCOME_YOY":null,"FEE_COMMISSION_INCOME":null,"FEE_COMMISSION_INCOME_YOY":null,"ACCOUNTS_RECE_TDAYS":9.38836115346,"INVENTORY_TDAYS":0.280935290942,"CURRENT_ASSETS_TDAYS":0.139213948233,"TOTAL_ASSETS_TDAYS":0.119229471775,"PREMIUM_EXPENSE":null,"LOAN_DEPOSIT":null,"LOAN_EQUITY":null,"LOAN_ASSETS":null,"DEPOSIT_EQUITY":null,"DEPOSIT_ASSETS":null,"EQUITY_MULTIPLIER":4.594949958967,"EQUITY_RATIO":8.714521161832},{"SECUCODE":"00618.HK","SECURITY_CODE":"00618","SECURITY_NAME_ABBR":"北大资源","ORG_CODE":"10009005","STD_REPORT_DATE":"2023-06-30 00:00:00","REPORT_DATE":"2023-09-30 00:00:00","DATE_TYPE_CODE":"002","REPORT_TYPE":"2023年中报","PER_NETCASH_OPERATE":0.000919967624,"PER_OI":0.083583861617,"BPS":0.630308361548,"BASIC_EPS":0.0683,"DILUTED_EPS":0.0683,"OPERATE_INCOME":763093000,"OPERATE_INCOME_YOY":-66.9042796862,"GROSS_PROFIT":53745000,"GROSS_PROFIT_YOY":-89.192509863381,"HOLDER_PROFIT":155781000,"HOLDER_PROFIT_YOY":80.7162246816,"GROSS_PROFIT_RATIO":4.242225231821,"EPS_TTM":0.105884450763,"OPERATE_INCOME_QOQ":0,"NET_PROFIT_RATIO":13.0446736907,"ROE_AVG":9.776300624649,"GROSS_PROFIT_QOQ":0,"ROA":1.266499272711,"HOLDER_PROFIT_QOQ":0,"ROE_YEARLY":19.552601249298,"ROIC_YEARLY":3.007518071201,"TOTAL_ASSETS":11951626000,"TOTAL_LIABILITIES":8780917000,"TAX_EBT":8.884694314279,"OCF_SALES":0.659798706012,"TOTAL_PARENT_EQUITY":1725417000,"DEBT_ASSET_RATIO":73.4704800836,"OPERATE_PROFIT":240139000,"PRETAX_PROFIT":182246000,"NETCASH_OPERATE":8399000,"NETCASH_INVEST":-77914000,"NETCASH_FINANCE":33977000,"END_CASH":665904000,"DIVI_RATIO":null,"DIVIDEND_RATE":null,"CURRENT_RATIO":1.294952365771,"COMMON_ACS":150000000000,"CURRENTDEBT_DEBT":90.662250878809,"ISSUED_COMMON_SHARES":2737417279,"HK_COMMON_SHARES":2737417279,"PER_SHARES":8000,"TOTAL_MARKET_CAP":457148685.593,"HKSK_MARKET_CAP":457148685.593,"PE_TTM":-0.187363235458,"PB_TTM":-1.866923195834,"REPORT_DATE_SQ":"2022-06-30 00:00:00","REPORT_TYPE_SQ":"2022年中报","OPERATE_INCOME_SQ":3846310000,"DPS_HKD":null,"OPERATE_INCOME_QOQ_SQ":0,"NET_PROFIT_RATIO_SQ":1.6840816263,"HOLDER_PROFIT_SQ":86202000,"HOLDER_PROFIT_QOQ_SQ":0,"ROE_AVG_SQ":-42.529824457535,"PE_TTM_SQ":0.878038707318,"PB_TTM_SQ":0.550427338488,"ROA_SQ":0.489909268294,"START_DATE":"2023-04-01 00:00:00","FISCAL_YEAR":"3-31","CURRENCY":"HKD","IS_CNY_CODE":0,"DPS_HKD_LY":null,"ORG_TYPE":"一般企业","PREMIUM_INCOME":null,"PREMIUM_INCOME_YOY":null,"NET_INTEREST_INCOME":null,"NET_INTEREST_INCOME_YOY":null,"FEE_COMMISSION_INCOME":null,"FEE_COMMISSION_INCOME_YOY":null,"ACCOUNTS_RECE_TDAYS":4.631514739532,"INVENTORY_TDAYS":0.225747018597,"CURRENT_ASSETS_TDAYS":0.119421966327,"TOTAL_ASSETS_TDAYS":0.103491952176,"PREMIUM_EXPENSE":null,"LOAN_DEPOSIT":null,"LOAN_EQUITY":null,"LOAN_ASSETS":null,"DEPOSIT_EQUITY":null,"DEPOSIT_ASSETS":null,"EQUITY_MULTIPLIER":3.769385963829,"EQUITY_RATIO":5.089156418419},{"SECUCODE":"00618.HK","SECURITY_CODE":"00618","SECURITY_NAME_ABBR":"北大资源","ORG_CODE":"10009005","STD_REPORT_DATE":"2022-12-31 00:00:00","REPORT_DATE":"2023-03-31 00:00:00","DATE_TYPE_CODE":"001","REPORT_TYPE":"2022年年报","PER_NETCASH_OPERATE":-0.011828358578,"PER_OI":0.566819008909,"BPS":0.533895219853,"BASIC_EPS":0.1371,"DILUTED_EPS":0.1371,"OPERATE_INCOME":5174870000,"OPERATE_INCOME_YOY":null,"GROSS_PROFIT":760808000,"GROSS_PROFIT_YOY":null,"HOLDER_PROFIT":966690000,"HOLDER_PROFIT_YOY":null,"GROSS_PROFIT_RATIO":14.701973189665,"EPS_TTM":-0.317151936219,"OPERATE_INCOME_QOQ":0,"NET_PROFIT_RATIO":19.6885139144,"ROE_AVG":193.451556063409,"GROSS_PROFIT_QOQ":0,"ROA":6.253652233435,"HOLDER_PROFIT_QOQ":0,"ROE_YEARLY":193.451556063409,"ROIC_YEARLY":7.536583055494,"TOTAL_ASSETS":12648625000,"TOTAL_LIABILITIES":10113068000,"TAX_EBT":36.183519475566,"OCF_SALES":-2.086796383291,"TOTAL_PARENT_EQUITY":1461494000,"DEBT_ASSET_RATIO":79.9538922215,"OPERATE_PROFIT":1863018000,"PRETAX_PROFIT":1596539000,"NETCASH_OPERATE":-107989000,"NETCASH_INVEST":-158345000,"NETCASH_FINANCE":316976000,"END_CASH":696114000,"DIVI_RATIO":null,"DIVIDEND_RATE":null,"CURRENT_RATIO":1.18129147653,"COMMON_ACS":150000000000,"CURRENTDEBT_DEBT":92.158284706481,"ISSUED_COMMON_SHARES":2737417279,"HK_COMMON_SHARES":2737417279,"PER_SHARES":8000,"TOTAL_MARKET_CAP":421562260.966,"HKSK_MARKET_CAP":421562260.966,"PE_TTM":-0.172778073416,"PB_TTM":-1.72159384526,"REPORT_DATE_SQ":"2021-12-31 00:00:00","REPORT_TYPE_SQ":"2021年年报","OPERATE_INCOME_SQ":null,"DPS_HKD":null,"OPERATE_INCOME_QOQ_SQ":0,"NET_PROFIT_RATIO_SQ":null,"HOLDER_PROFIT_SQ":null,"HOLDER_PROFIT_QOQ_SQ":0,"ROE_AVG_SQ":null,"PE_TTM_SQ":1.124687811915,"PB_TTM_SQ":0.660512806185,"ROA_SQ":null,"START_DATE":"2022-04-01 00:00:00","FISCAL_YEAR":"3-31","CURRENCY":"HKD","IS_CNY_CODE":0,"DPS_HKD_LY":null,"ORG_TYPE":"一般企业","PREMIUM_INCOME":null,"PREMIUM_INCOME_YOY":null,"NET_INTEREST_INCOME":null,"NET_INTEREST_INCOME_YOY":null,"FEE_COMMISSION_INCOME":null,"FEE_COMMISSION_INCOME_YOY":null,"ACCOUNTS_RECE_TDAYS":13.85186563219,"INVENTORY_TDAYS":0.648855295101,"CURRENT_ASSETS_TDAYS":0.362848651535,"TOTAL_ASSETS_TDAYS":0.334769546941,"PREMIUM_EXPENSE":null,"LOAN_DEPOSIT":null,"LOAN_EQUITY":null,"LOAN_ASSETS":null,"DEPOSIT_EQUITY":null,"DEPOSIT_ASSETS":null,"EQUITY_MULTIPLIER":4.988499568343,"EQUITY_RATIO":6.919678082839},{"SECUCODE":"00618.HK","SECURITY_CODE":"00618","SECURITY_NAME_ABBR":"北大资源","ORG_CODE":"10009005","STD_REPORT_DATE":"2022-06-30 00:00:00","REPORT_DATE":"2022-09-30 00:00:00","DATE_TYPE_CODE":"002","REPORT_TYPE":"2022年中报","PER_NETCASH_OPERATE":-0.021296397332,"PER_OI":0.599472676726,"BPS":0.020716242436,"BASIC_EPS":0.0134,"DILUTED_EPS":null,"OPERATE_INCOME":3846310000,"OPERATE_INCOME_YOY":-20.06263957,"GROSS_PROFIT":497294000,"GROSS_PROFIT_YOY":59.944293814748,"HOLDER_PROFIT":86202000,"HOLDER_PROFIT_YOY":109.3575364414,"GROSS_PROFIT_RATIO":12.929119077765,"EPS_TTM":-0.387851096032,"OPERATE_INCOME_QOQ":0,"NET_PROFIT_RATIO":1.6840816263,"ROE_AVG":-42.529824457535,"GROSS_PROFIT_QOQ":0,"ROA":0.489909268294,"HOLDER_PROFIT_QOQ":0,"ROE_YEARLY":-85.059648915071,"ROIC_YEARLY":1.231718091133,"TOTAL_ASSETS":16923617000,"TOTAL_LIABILITIES":13969930000,"TAX_EBT":69.866907328238,"OCF_SALES":-3.552521767616,"TOTAL_PARENT_EQUITY":56709000,"DEBT_ASSET_RATIO":82.5469519902,"OPERATE_PROFIT":353391000,"PRETAX_PROFIT":214963000,"NETCASH_OPERATE":-136641000,"NETCASH_INVEST":100093000,"NETCASH_FINANCE":201672000,"END_CASH":807393000,"DIVI_RATIO":null,"DIVIDEND_RATE":null,"CURRENT_RATIO":1.347803139321,"COMMON_ACS":150000000000,"CURRENTDEBT_DEBT":85.891360944543,"ISSUED_COMMON_SHARES":2737417279,"HK_COMMON_SHARES":2737417279,"PER_SHARES":8000,"TOTAL_MARKET_CAP":421562260.966,"HKSK_MARKET_CAP":421562260.966,"PE_TTM":-0.172778073416,"PB_TTM":-1.72159384526,"REPORT_DATE_SQ":"2021-06-30 00:00:00","REPORT_TYPE_SQ":"2021年中报","OPERATE_INCOME_SQ":4811655000,"DPS_HKD":null,"OPERATE_INCOME_QOQ_SQ":23.738003007462,"NET_PROFIT_RATIO_SQ":-20.2600144857,"HOLDER_PROFIT_SQ":-921204000,"HOLDER_PROFIT_QOQ_SQ":-22.865685819987,"ROE_AVG_SQ":39.85566014328,"PE_TTM_SQ":1.124687811915,"PB_TTM_SQ":0.660512806185,"ROA_SQ":-2.463214417485,"START_DATE":"2022-04-01 00:00:00","FISCAL_YEAR":"3-31","CURRENCY":"HKD","IS_CNY_CODE":0,"DPS_HKD_LY":null,"ORG_TYPE":"一般企业","PREMIUM_INCOME":null,"PREMIUM_INCOME_YOY":null,"NET_INTEREST_INCOME":null,"NET_INTEREST_INCOME_YOY":null,"FEE_COMMISSION_INCOME":null,"FEE_COMMISSION_INCOME_YOY":null,"ACCOUNTS_RECE_TDAYS":5.840959808293,"INVENTORY_TDAYS":0.385615538309,"CURRENT_ASSETS_TDAYS":0.228361568634,"TOTAL_ASSETS_TDAYS":0.218596194721,"PREMIUM_EXPENSE":null,"LOAN_DEPOSIT":null,"LOAN_EQUITY":null,"LOAN_ASSETS":null,"DEPOSIT_EQUITY":null,"DEPOSIT_ASSETS":null,"EQUITY_MULTIPLIER":5.729658220378,"EQUITY_RATIO":246.344142905006},{"SECUCODE":"00618.HK","SECURITY_CODE":"00618","SECURITY_NAME_ABBR":"北大资源","ORG_CODE":"10009005","STD_REPORT_DATE":"2021-06-30 00:00:00","REPORT_DATE":"2021-06-30 00:00:00","DATE_TYPE_CODE":"002","REPORT_TYPE":"2021年中报","PER_NETCASH_OPERATE":-0.027950070083,"PER_OI":0.749928035529,"BPS":-1.015031950487,"BASIC_EPS":-0.1436,"DILUTED_EPS":null,"OPERATE_INCOME":4811655000,"OPERATE_INCOME_YOY":81.2325374148,"GROSS_PROFIT":310917000,"GROSS_PROFIT_YOY":14.891895187664,"HOLDER_PROFIT":-921204000,"HOLDER_PROFIT_YOY":-101.0993616891,"GROSS_PROFIT_RATIO":6.415942123864,"EPS_TTM":-0.387851096032,"OPERATE_INCOME_QOQ":23.738003007462,"NET_PROFIT_RATIO":-20.2600144857,"ROE_AVG":39.85566014328,"GROSS_PROFIT_QOQ":7.117594635647,"ROA":-2.463214417485,"HOLDER_PROFIT_QOQ":-22.865685819987,"ROE_YEARLY":79.71132028656,"ROIC_YEARLY":-5.263259007882,"TOTAL_ASSETS":36606327000,"TOTAL_LIABILITIES":38302090000,"TAX_EBT":-21.515310917708,"OCF_SALES":-3.727033629801,"TOTAL_PARENT_EQUITY":-2778566000,"DEBT_ASSET_RATIO":104.6324314373,"OPERATE_PROFIT":-131862000,"PRETAX_PROFIT":-802238000,"NETCASH_OPERATE":-179332000,"NETCASH_INVEST":-181000,"NETCASH_FINANCE":-56477000,"END_CASH":1165906000,"DIVI_RATIO":null,"DIVIDEND_RATE":null,"CURRENT_RATIO":0.907798012033,"COMMON_ACS":150000000000,"CURRENTDEBT_DEBT":99.436735697713,"ISSUED_COMMON_SHARES":2737417279,"HK_COMMON_SHARES":2737417279,"PER_SHARES":8000,"TOTAL_MARKET_CAP":421562260.966,"HKSK_MARKET_CAP":421562260.966,"PE_TTM":-0.172778073416,"PB_TTM":-1.72159384526,"REPORT_DATE_SQ":"2020-06-30 00:00:00","REPORT_TYPE_SQ":"2020年中报","OPERATE_INCOME_SQ":2654962000,"DPS_HKD":null,"OPERATE_INCOME_QOQ_SQ":-24.58264043107,"NET_PROFIT_RATIO_SQ":-18.4909614526,"HOLDER_PROFIT_SQ":-458084000,"HOLDER_PROFIT_QOQ_SQ":-24.244005785595,"ROE_AVG_SQ":474.95191734449,"PE_TTM_SQ":1.124687811915,"PB_TTM_SQ":0.660512806185,"ROA_SQ":-1.173229927726,"START_DATE":"2021-01-01 00:00:00","FISCAL_YEAR":"12-31","CURRENCY":"HKD","IS_CNY_CODE":0,"DPS_HKD_LY":null,"ORG_TYPE":"一般企业","PREMIUM_INCOME":null,"PREMIUM_INCOME_YOY":null,"NET_INTEREST_INCOME":null,"NET_INTEREST_INCOME_YOY":null,"FEE_COMMISSION_INCOME":null,"FEE_COMMISSION_INCOME_YOY":null,"ACCOUNTS_RECE_TDAYS":4.589027508481,"INVENTORY_TDAYS":0.151835443732,"CURRENT_ASSETS_TDAYS":0.135495715021,"TOTAL_ASSETS_TDAYS":0.128659210858,"PREMIUM_EXPENSE":null,"LOAN_DEPOSIT":null,"LOAN_EQUITY":null,"LOAN_ASSETS":null,"DEPOSIT_EQUITY":null,"DEPOSIT_ASSETS":null,"EQUITY_MULTIPLIER":-21.586935792467,"EQUITY_RATIO":-13.784840813571},{"SECUCODE":"00618.HK","SECURITY_CODE":"00618","SECURITY_NAME_ABBR":"北大资源","ORG_CODE":"10009005","STD_REPORT_DATE":"2020-12-31 00:00:00","REPORT_DATE":"2020-12-31 00:00:00","DATE_TYPE_CODE":"001","REPORT_TYPE":"2020年年报","PER_NETCASH_OPERATE":0.091684184793,"PER_OI":1.416019576185,"BPS":-0.673676977985,"BASIC_EPS":-0.3157,"DILUTED_EPS":null,"OPERATE_INCOME":9085402000,"OPERATE_INCOME_YOY":-62.3505869278,"GROSS_PROFIT":535237000,"GROSS_PROFIT_YOY":-74.532400664434,"HOLDER_PROFIT":-2025393000,"HOLDER_PROFIT_YOY":16.3709387388,"GROSS_PROFIT_RATIO":5.89117575645,"EPS_TTM":-0.31567080218,"OPERATE_INCOME_QOQ":-50.078584973753,"NET_PROFIT_RATIO":-20.3077200106,"ROE_AVG":237.814294268907,"GROSS_PROFIT_QOQ":-33.638625799548,"ROA":-5.279136203762,"HOLDER_PROFIT_QOQ":32.689661177314,"ROE_YEARLY":237.814294268907,"ROIC_YEARLY":-5.651670814793,"TOTAL_ASSETS":38190572000,"TOTAL_LIABILITIES":38898530000,"TAX_EBT":-44.495689104936,"OCF_SALES":6.474782293618,"TOTAL_PARENT_EQUITY":-1844135000,"DEBT_ASSET_RATIO":101.853750711,"OPERATE_PROFIT":-242303000,"PRETAX_PROFIT":-1276881000,"NETCASH_OPERATE":588260000,"NETCASH_INVEST":-5316000,"NETCASH_FINANCE":-737611000,"END_CASH":1401854000,"DIVI_RATIO":null,"DIVIDEND_RATE":null,"CURRENT_RATIO":0.942262136045,"COMMON_ACS":150000000000,"CURRENTDEBT_DEBT":99.442498212657,"ISSUED_COMMON_SHARES":2737417279,"HK_COMMON_SHARES":2737417279,"PER_SHARES":8000,"TOTAL_MARKET_CAP":421562260.966,"HKSK_MARKET_CAP":421562260.966,"PE_TTM":-0.172778073416,"PB_TTM":-1.72159384526,"REPORT_DATE_SQ":"2019-12-31 00:00:00","REPORT_TYPE_SQ":"2019年年报","OPERATE_INCOME_SQ":24131590000,"DPS_HKD":null,"OPERATE_INCOME_QOQ_SQ":-9.300024994409,"NET_PROFIT_RATIO_SQ":-7.0170510936,"HOLDER_PROFIT_SQ":-2421877000,"HOLDER_PROFIT_QOQ_SQ":-478.700531489876,"ROE_AVG_SQ":-172.418477051765,"PE_TTM_SQ":1.124687811915,"PB_TTM_SQ":0.660512806185,"ROA_SQ":-5.965019541049,"START_DATE":"2020-01-01 00:00:00","FISCAL_YEAR":"12-31","CURRENCY":"HKD","IS_CNY_CODE":0,"DPS_HKD_LY":null,"ORG_TYPE":"一般企业","PREMIUM_INCOME":null,"PREMIUM_INCOME_YOY":null,"NET_INTEREST_INCOME":null,"NET_INTEREST_INCOME_YOY":null,"FEE_COMMISSION_INCOME":null,"FEE_COMMISSION_INCOME_YOY":null,"ACCOUNTS_RECE_TDAYS":7.844666078954,"INVENTORY_TDAYS":0.277962518144,"CURRENT_ASSETS_TDAYS":0.246101172144,"TOTAL_ASSETS_TDAYS":0.236808731066,"PREMIUM_EXPENSE":null,"LOAN_DEPOSIT":null,"LOAN_EQUITY":null,"LOAN_ASSETS":null,"DEPOSIT_EQUITY":null,"DEPOSIT_ASSETS":null,"EQUITY_MULTIPLIER":-53.944685985342,"EQUITY_RATIO":-21.093103270639},{"SECUCODE":"00618.HK","SECURITY_CODE":"00618","SECURITY_NAME_ABBR":"北大资源","ORG_CODE":"10009005","STD_REPORT_DATE":"2020-06-30 00:00:00","REPORT_DATE":"2020-06-30 00:00:00","DATE_TYPE_CODE":"002","REPORT_TYPE":"2020年中报","PER_NETCASH_OPERATE":-0.002833160696,"PER_OI":0.413793265948,"BPS":-0.121900304553,"BASIC_EPS":-0.0714,"DILUTED_EPS":-0.0714,"OPERATE_INCOME":2654962000,"OPERATE_INCOME_YOY":-69.082130217,"GROSS_PROFIT":270617000,"GROSS_PROFIT_YOY":-82.715987090816,"HOLDER_PROFIT":-458084000,"HOLDER_PROFIT_YOY":-454.894790666,"GROSS_PROFIT_RATIO":10.192876583544,"EPS_TTM":-0.468978180323,"OPERATE_INCOME_QOQ":-24.58264043107,"NET_PROFIT_RATIO":-18.4909614526,"ROE_AVG":474.95191734449,"GROSS_PROFIT_QOQ":-61.622857208112,"ROA":-1.173229927726,"HOLDER_PROFIT_QOQ":-24.244005785595,"ROE_YEARLY":949.903834688979,"ROIC_YEARLY":-2.487577527897,"TOTAL_ASSETS":39547969000,"TOTAL_LIABILITIES":38957421000,"TAX_EBT":-24.704196873555,"OCF_SALES":-0.684680232711,"TOTAL_PARENT_EQUITY":-333692000,"DEBT_ASSET_RATIO":98.5067551762,"OPERATE_PROFIT":-74640000,"PRETAX_PROFIT":-393674000,"NETCASH_OPERATE":-18178000,"NETCASH_INVEST":-2793000,"NETCASH_FINANCE":-550216000,"END_CASH":985867000,"DIVI_RATIO":null,"DIVIDEND_RATE":null,"CURRENT_RATIO":0.990482175336,"COMMON_ACS":150000000000,"CURRENTDEBT_DEBT":99.684483734177,"ISSUED_COMMON_SHARES":2737417279,"HK_COMMON_SHARES":2737417279,"PER_SHARES":8000,"TOTAL_MARKET_CAP":421562260.966,"HKSK_MARKET_CAP":421562260.966,"PE_TTM":-0.172778073416,"PB_TTM":-1.72159384526,"REPORT_DATE_SQ":"2019-06-30 00:00:00","REPORT_TYPE_SQ":"2019年中报","OPERATE_INCOME_SQ":8587144000,"DPS_HKD":null,"OPERATE_INCOME_QOQ_SQ":6.800292390736,"NET_PROFIT_RATIO_SQ":4.9686251913,"HOLDER_PROFIT_SQ":129076000,"HOLDER_PROFIT_QOQ_SQ":-10.719800086555,"ROE_AVG_SQ":4.815679275074,"PE_TTM_SQ":1.124687811915,"PB_TTM_SQ":0.660512806185,"ROA_SQ":0.283556349251,"START_DATE":"2020-01-01 00:00:00","FISCAL_YEAR":"12-31","CURRENCY":"HKD","IS_CNY_CODE":0,"DPS_HKD_LY":null,"ORG_TYPE":"一般企业","PREMIUM_INCOME":null,"PREMIUM_INCOME_YOY":null,"NET_INTEREST_INCOME":null,"NET_INTEREST_INCOME_YOY":null,"FEE_COMMISSION_INCOME":null,"FEE_COMMISSION_INCOME_YOY":null,"ACCOUNTS_RECE_TDAYS":2.495329531543,"INVENTORY_TDAYS":0.075286821335,"CURRENT_ASSETS_TDAYS":0.070004388323,"TOTAL_ASSETS_TDAYS":0.067998028208,"PREMIUM_EXPENSE":null,"LOAN_DEPOSIT":null,"LOAN_EQUITY":null,"LOAN_ASSETS":null,"DEPOSIT_EQUITY":null,"DEPOSIT_ASSETS":null,"EQUITY_MULTIPLIER":66.968254907806,"EQUITY_RATIO":-116.746643611474},{"SECUCODE":"00618.HK","SECURITY_CODE":"00618","SECURITY_NAME_ABBR":"北大资源","ORG_CODE":"10009005","STD_REPORT_DATE":"2019-12-31 00:00:00","REPORT_DATE":"2019-12-31 00:00:00","DATE_TYPE_CODE":"001","REPORT_TYPE":"2019年年报","PER_NETCASH_OPERATE":0.015690392431,"PER_OI":3.761066801938,"BPS":0.051433517674,"BASIC_EPS":-0.3775,"DILUTED_EPS":-0.3775,"OPERATE_INCOME":24131590000,"OPERATE_INCOME_YOY":-3.1321614957,"GROSS_PROFIT":2101639000,"GROSS_PROFIT_YOY":-34.677969546997,"HOLDER_PROFIT":-2421877000,"HOLDER_PROFIT_YOY":-438.1045915874,"GROSS_PROFIT_RATIO":8.709078017652,"EPS_TTM":-0.377465437755,"OPERATE_INCOME_QOQ":-9.300024994409,"NET_PROFIT_RATIO":-7.0170510936,"ROE_AVG":-172.418477051765,"GROSS_PROFIT_QOQ":-45.579292963426,"ROA":-5.965019541049,"HOLDER_PROFIT_QOQ":-478.700531489876,"ROE_YEARLY":-172.418477051765,"ROIC_YEARLY":-6.506572845467,"TOTAL_ASSETS":38541413000,"TOTAL_LIABILITIES":37437773000,"TAX_EBT":733.566182385537,"OCF_SALES":0.41717930729,"TOTAL_PARENT_EQUITY":140795000,"DEBT_ASSET_RATIO":97.136482775,"OPERATE_PROFIT":1093635000,"PRETAX_PROFIT":267269000,"NETCASH_OPERATE":100672000,"NETCASH_INVEST":-21577000,"NETCASH_FINANCE":-2424885000,"END_CASH":1556977000,"DIVI_RATIO":null,"DIVIDEND_RATE":null,"CURRENT_RATIO":1.008952361794,"COMMON_ACS":150000000000,"CURRENTDEBT_DEBT":98.976750032648,"ISSUED_COMMON_SHARES":2737417279,"HK_COMMON_SHARES":2737417279,"PER_SHARES":8000,"TOTAL_MARKET_CAP":421562260.966,"HKSK_MARKET_CAP":421562260.966,"PE_TTM":-0.172778073416,"PB_TTM":-1.72159384526,"REPORT_DATE_SQ":"2018-12-31 00:00:00","REPORT_TYPE_SQ":"2018年年报","OPERATE_INCOME_SQ":24911870000,"DPS_HKD":null,"OPERATE_INCOME_QOQ_SQ":38.677186860246,"NET_PROFIT_RATIO_SQ":3.1978570858,"HOLDER_PROFIT_SQ":716310000,"HOLDER_PROFIT_QOQ_SQ":52.282936598204,"ROE_AVG_SQ":30.843829404098,"PE_TTM_SQ":1.124687811915,"PB_TTM_SQ":0.660512806185,"ROA_SQ":1.595923493926,"START_DATE":"2019-01-01 00:00:00","FISCAL_YEAR":"12-31","CURRENCY":"HKD","IS_CNY_CODE":0,"DPS_HKD_LY":0.0175,"ORG_TYPE":"一般企业","PREMIUM_INCOME":null,"PREMIUM_INCOME_YOY":null,"NET_INTEREST_INCOME":null,"NET_INTEREST_INCOME_YOY":null,"FEE_COMMISSION_INCOME":null,"FEE_COMMISSION_INCOME_YOY":null,"ACCOUNTS_RECE_TDAYS":19.542708086164,"INVENTORY_TDAYS":0.704791018761,"CURRENT_ASSETS_TDAYS":0.611703657344,"TOTAL_ASSETS_TDAYS":0.594354733567,"PREMIUM_EXPENSE":null,"LOAN_DEPOSIT":null,"LOAN_EQUITY":null,"LOAN_ASSETS":null,"DEPOSIT_EQUITY":null,"DEPOSIT_ASSETS":null,"EQUITY_MULTIPLIER":34.922087818068,"EQUITY_RATIO":265.902716715792}],"count":48},"success":true,"message":"ok","code":0}