{"version":"e22458b9c3e01f807902cdeea84212bb","result":{"pages":6,"data":[{"SECUCODE":"00611.HK","SECURITY_CODE":"00611","SECURITY_NAME_ABBR":"中国核能科技","ORG_CODE":"10008999","STD_REPORT_DATE":"2024-06-30 00:00:00","REPORT_DATE":"2024-06-30 00:00:00","DATE_TYPE_CODE":"002","REPORT_TYPE":"2024年中报","PER_NETCASH_OPERATE":0.114495196263,"PER_OI":0.404636885845,"BPS":0.884118445257,"BASIC_EPS":0.035046912,"DILUTED_EPS":0.035046912,"OPERATE_INCOME":749402460.68,"OPERATE_INCOME_YOY":-9.7503767266,"GROSS_PROFIT":232876690.76,"GROSS_PROFIT_YOY":28.53716157977,"HOLDER_PROFIT":64918015.72,"HOLDER_PROFIT_YOY":16.7599599468,"GROSS_PROFIT_RATIO":31.07498346732,"EPS_TTM":0.057418855568,"OPERATE_INCOME_QOQ":-5.693174402146,"NET_PROFIT_RATIO":9.4132146959,"ROE_AVG":4.027518650114,"GROSS_PROFIT_QOQ":13.215369809706,"ROA":0.637127955553,"HOLDER_PROFIT_QOQ":8.968052847653,"ROE_YEARLY":8.055037300228,"ROIC_YEARLY":1.460949501128,"TOTAL_ASSETS":9939806217.2,"TOTAL_LIABILITIES":8265040242.56,"TAX_EBT":23.766126168777,"OCF_SALES":28.295788216066,"TOTAL_PARENT_EQUITY":1637420021.72,"DEBT_ASSET_RATIO":83.150919263,"OPERATE_PROFIT":195852001.2,"PRETAX_PROFIT":92534799.84,"NETCASH_OPERATE":212049333.16,"NETCASH_INVEST":-512814813.04,"NETCASH_FINANCE":-406371682.68,"END_CASH":910241319.04,"DIVI_RATIO":null,"DIVIDEND_RATE":null,"CURRENT_RATIO":1.162588439647,"COMMON_ACS":5000000000,"CURRENTDEBT_DEBT":36.465634369694,"ISSUED_COMMON_SHARES":1852036942,"HK_COMMON_SHARES":1852036942,"PER_SHARES":2000,"TOTAL_MARKET_CAP":685253668.54,"HKSK_MARKET_CAP":685253668.54,"PE_TTM":5.812209336296,"PB_TTM":0.381952895352,"REPORT_DATE_SQ":"2023-06-30 00:00:00","REPORT_TYPE_SQ":"2023年中报","OPERATE_INCOME_SQ":838827545.78,"DPS_HKD":null,"OPERATE_INCOME_QOQ_SQ":-10.894149754323,"NET_PROFIT_RATIO_SQ":6.0664247849,"HOLDER_PROFIT_SQ":56166099.62,"HOLDER_PROFIT_QOQ_SQ":21.3561627608,"ROE_AVG_SQ":3.687500397236,"PE_TTM_SQ":4.970208891007,"PB_TTM_SQ":0.326696719217,"ROA_SQ":0.643728240992,"START_DATE":"2024-01-01 00:00:00","FISCAL_YEAR":"12-31","CURRENCY":"HKD","IS_CNY_CODE":0,"DPS_HKD_LY":null,"ORG_TYPE":"一般企业","PREMIUM_INCOME":null,"PREMIUM_INCOME_YOY":null,"NET_INTEREST_INCOME":null,"NET_INTEREST_INCOME_YOY":null,"FEE_COMMISSION_INCOME":null,"FEE_COMMISSION_INCOME_YOY":null,"ACCOUNTS_RECE_TDAYS":0.537642632108,"INVENTORY_TDAYS":null,"CURRENT_ASSETS_TDAYS":0.190152603589,"TOTAL_ASSETS_TDAYS":0.073548960541,"PREMIUM_EXPENSE":null,"LOAN_DEPOSIT":null,"LOAN_EQUITY":null,"LOAN_ASSETS":null,"DEPOSIT_EQUITY":null,"DEPOSIT_ASSETS":null,"EQUITY_MULTIPLIER":5.935041891063,"EQUITY_RATIO":5.047599353206},{"SECUCODE":"00611.HK","SECURITY_CODE":"00611","SECURITY_NAME_ABBR":"中国核能科技","ORG_CODE":"10008999","STD_REPORT_DATE":"2023-12-31 00:00:00","REPORT_DATE":"2023-12-31 00:00:00","DATE_TYPE_CODE":"001","REPORT_TYPE":"2023年年报","PER_NETCASH_OPERATE":0.144180542712,"PER_OI":0.848115946383,"BPS":0.850455336986,"BASIC_EPS":0.052651382,"DILUTED_EPS":0.052651382,"OPERATE_INCOME":1570742063.8,"OPERATE_INCOME_YOY":-18.9476460405,"GROSS_PROFIT":391226954.86,"GROSS_PROFIT_YOY":5.673864377008,"HOLDER_PROFIT":97589925.58,"HOLDER_PROFIT_YOY":16.7449020522,"GROSS_PROFIT_RATIO":24.907141909317,"EPS_TTM":0.052693293188,"OPERATE_INCOME_QOQ":-7.719421636054,"NET_PROFIT_RATIO":6.7047060792,"ROE_AVG":6.338099458882,"GROSS_PROFIT_QOQ":1.361027579755,"ROA":1.032684098339,"HOLDER_PROFIT_QOQ":-2.405131464377,"ROE_YEARLY":6.338099458882,"ROIC_YEARLY":1.196286976903,"TOTAL_ASSETS":10364638414.62,"TOTAL_LIABILITIES":8757176316.42,"TAX_EBT":24.825181610593,"OCF_SALES":17.000098079375,"TOTAL_PARENT_EQUITY":1575074701.62,"DEBT_ASSET_RATIO":84.4909003682,"OPERATE_PROFIT":326376945.44,"PRETAX_PROFIT":140091643.58,"NETCASH_OPERATE":267027691.42,"NETCASH_INVEST":-1284497977.28,"NETCASH_FINANCE":1675750306.3,"END_CASH":1612430902.46,"DIVI_RATIO":null,"DIVIDEND_RATE":null,"CURRENT_RATIO":1.207758238477,"COMMON_ACS":5000000000,"CURRENTDEBT_DEBT":41.102267098026,"ISSUED_COMMON_SHARES":1852036942,"HK_COMMON_SHARES":1852036942,"PER_SHARES":2000,"TOTAL_MARKET_CAP":703774037.96,"HKSK_MARKET_CAP":703774037.96,"PE_TTM":5.969296075115,"PB_TTM":0.392275946578,"REPORT_DATE_SQ":"2022-12-31 00:00:00","REPORT_TYPE_SQ":"2022年年报","OPERATE_INCOME_SQ":1910241816.14,"DPS_HKD":null,"OPERATE_INCOME_QOQ_SQ":-16.716727986612,"NET_PROFIT_RATIO_SQ":4.5992437626,"HOLDER_PROFIT_SQ":82397904.61,"HOLDER_PROFIT_QOQ_SQ":0.676345062929,"ROE_AVG_SQ":6.372932223818,"PE_TTM_SQ":4.627435864041,"PB_TTM_SQ":0.304165910995,"ROA_SQ":1.060111931032,"START_DATE":"2023-01-01 00:00:00","FISCAL_YEAR":"12-31","CURRENCY":"HKD","IS_CNY_CODE":0,"DPS_HKD_LY":null,"ORG_TYPE":"一般企业","PREMIUM_INCOME":null,"PREMIUM_INCOME_YOY":null,"NET_INTEREST_INCOME":null,"NET_INTEREST_INCOME_YOY":null,"FEE_COMMISSION_INCOME":null,"FEE_COMMISSION_INCOME_YOY":null,"ACCOUNTS_RECE_TDAYS":1.137577588286,"INVENTORY_TDAYS":null,"CURRENT_ASSETS_TDAYS":0.32281705649,"TOTAL_ASSETS_TDAYS":0.166213914217,"PREMIUM_EXPENSE":null,"LOAN_DEPOSIT":null,"LOAN_EQUITY":null,"LOAN_ASSETS":null,"DEPOSIT_EQUITY":null,"DEPOSIT_ASSETS":null,"EQUITY_MULTIPLIER":6.447827557633,"EQUITY_RATIO":5.559848245555},{"SECUCODE":"00611.HK","SECURITY_CODE":"00611","SECURITY_NAME_ABBR":"中国核能科技","ORG_CODE":"10008999","STD_REPORT_DATE":"2023-06-30 00:00:00","REPORT_DATE":"2023-06-30 00:00:00","DATE_TYPE_CODE":"002","REPORT_TYPE":"2023年中报","PER_NETCASH_OPERATE":-0.115232257889,"PER_OI":0.452921605805,"BPS":0.818417156562,"BASIC_EPS":0.030333142,"DILUTED_EPS":0.030333142,"OPERATE_INCOME":838827545.78,"OPERATE_INCOME_YOY":-25.6817866216,"GROSS_PROFIT":181174601.88,"GROSS_PROFIT_YOY":9.52269814582,"HOLDER_PROFIT":56166099.62,"HOLDER_PROFIT_YOY":35.0753880266,"GROSS_PROFIT_RATIO":21.598551787129,"EPS_TTM":0.053991868608,"OPERATE_INCOME_QOQ":-10.894149754323,"NET_PROFIT_RATIO":6.0664247849,"ROE_AVG":3.687500397236,"GROSS_PROFIT_QOQ":4.254926079808,"ROA":0.643728240992,"HOLDER_PROFIT_QOQ":21.3561627608,"ROE_YEARLY":7.375000794472,"ROIC_YEARLY":1.511671101421,"TOTAL_ASSETS":8766200591.68,"TOTAL_LIABILITIES":7231704100.66,"TAX_EBT":23.852818630833,"OCF_SALES":-25.441987401779,"TOTAL_PARENT_EQUITY":1515738807.92,"DEBT_ASSET_RATIO":82.4953071177,"OPERATE_PROFIT":149012251.56,"PRETAX_PROFIT":66826954.36,"NETCASH_OPERATE":-213414398.52,"NETCASH_INVEST":328118852.3,"NETCASH_FINANCE":631054742.88,"END_CASH":1613199469.76,"DIVI_RATIO":null,"DIVIDEND_RATE":null,"CURRENT_RATIO":1.189805560289,"COMMON_ACS":5000000000,"CURRENTDEBT_DEBT":62.623910474527,"ISSUED_COMMON_SHARES":1852036942,"HK_COMMON_SHARES":1852036942,"PER_SHARES":2000,"TOTAL_MARKET_CAP":703774037.96,"HKSK_MARKET_CAP":703774037.96,"PE_TTM":5.969296075115,"PB_TTM":0.392275946578,"REPORT_DATE_SQ":"2022-06-30 00:00:00","REPORT_TYPE_SQ":"2022年中报","OPERATE_INCOME_SQ":1046932149.9,"DPS_HKD":null,"OPERATE_INCOME_QOQ_SQ":8.455441305205,"NET_PROFIT_RATIO_SQ":3.8596319259,"HOLDER_PROFIT_SQ":38569069,"HOLDER_PROFIT_QOQ_SQ":11.493331930968,"ROE_AVG_SQ":3.090996256879,"PE_TTM_SQ":4.627435864041,"PB_TTM_SQ":0.304165910995,"ROA_SQ":0.519328012582,"START_DATE":"2023-01-01 00:00:00","FISCAL_YEAR":"12-31","CURRENCY":"HKD","IS_CNY_CODE":0,"DPS_HKD_LY":null,"ORG_TYPE":"一般企业","PREMIUM_INCOME":null,"PREMIUM_INCOME_YOY":null,"NET_INTEREST_INCOME":null,"NET_INTEREST_INCOME_YOY":null,"FEE_COMMISSION_INCOME":null,"FEE_COMMISSION_INCOME_YOY":null,"ACCOUNTS_RECE_TDAYS":0.582707913024,"INVENTORY_TDAYS":null,"CURRENT_ASSETS_TDAYS":0.154391125452,"TOTAL_ASSETS_TDAYS":0.096139305416,"PREMIUM_EXPENSE":null,"LOAN_DEPOSIT":null,"LOAN_EQUITY":null,"LOAN_ASSETS":null,"DEPOSIT_EQUITY":null,"DEPOSIT_ASSETS":null,"EQUITY_MULTIPLIER":5.712753755372,"EQUITY_RATIO":4.771075374512},{"SECUCODE":"00611.HK","SECURITY_CODE":"00611","SECURITY_NAME_ABBR":"中国核能科技","ORG_CODE":"10008999","STD_REPORT_DATE":"2022-12-31 00:00:00","REPORT_DATE":"2022-12-31 00:00:00","DATE_TYPE_CODE":"001","REPORT_TYPE":"2022年年报","PER_NETCASH_OPERATE":0.023506230212,"PER_OI":1.031427490899,"BPS":0.800684342823,"BASIC_EPS":0.049576485,"DILUTED_EPS":0.049576485,"OPERATE_INCOME":1910241816.14,"OPERATE_INCOME_YOY":-17.3263219588,"GROSS_PROFIT":370221111.12,"GROSS_PROFIT_YOY":25.453527311298,"HOLDER_PROFIT":82397904.61,"HOLDER_PROFIT_YOY":2.738795331,"GROSS_PROFIT_RATIO":19.380850528553,"EPS_TTM":0.04449042173,"OPERATE_INCOME_QOQ":-16.716727986612,"NET_PROFIT_RATIO":4.5992437626,"ROE_AVG":6.372932223818,"GROSS_PROFIT_QOQ":-14.929517446646,"ROA":1.060111931032,"HOLDER_PROFIT_QOQ":0.676345062929,"ROE_YEARLY":6.372932223818,"ROIC_YEARLY":1.184040338213,"TOTAL_ASSETS":8413634202.05,"TOTAL_LIABILITIES":6900943985.95,"TAX_EBT":29.394620282697,"OCF_SALES":2.278999776477,"TOTAL_PARENT_EQUITY":1482896981.79,"DEBT_ASSET_RATIO":82.0209652598,"OPERATE_PROFIT":267431638.95,"PRETAX_PROFIT":124433404.27,"NETCASH_OPERATE":43534406.72,"NETCASH_INVEST":-1339923758.67,"NETCASH_FINANCE":1576326770.9,"END_CASH":896733207.79,"DIVI_RATIO":null,"DIVIDEND_RATE":null,"CURRENT_RATIO":1.150014797489,"COMMON_ACS":5000000000,"CURRENTDEBT_DEBT":66.874985842313,"ISSUED_COMMON_SHARES":1852036942,"HK_COMMON_SHARES":1852036942,"PER_SHARES":2000,"TOTAL_MARKET_CAP":611172190.86,"HKSK_MARKET_CAP":611172190.86,"PE_TTM":5.183862381021,"PB_TTM":0.340660690449,"REPORT_DATE_SQ":"2021-12-31 00:00:00","REPORT_TYPE_SQ":"2021年年报","OPERATE_INCOME_SQ":2114848310.4,"DPS_HKD":null,"OPERATE_INCOME_QOQ_SQ":16.689444388634,"NET_PROFIT_RATIO_SQ":4.0853550572,"HOLDER_PROFIT_SQ":73407398.4,"HOLDER_PROFIT_QOQ_SQ":40.424610006971,"ROE_AVG_SQ":7.668589565102,"PE_TTM_SQ":4.798822377524,"PB_TTM_SQ":0.315431315106,"ROA_SQ":1.177019720363,"START_DATE":"2022-01-01 00:00:00","FISCAL_YEAR":"12-31","CURRENCY":"HKD","IS_CNY_CODE":0,"DPS_HKD_LY":null,"ORG_TYPE":"一般企业","PREMIUM_INCOME":null,"PREMIUM_INCOME_YOY":null,"NET_INTEREST_INCOME":null,"NET_INTEREST_INCOME_YOY":null,"FEE_COMMISSION_INCOME":null,"FEE_COMMISSION_INCOME_YOY":null,"ACCOUNTS_RECE_TDAYS":1.152877041407,"INVENTORY_TDAYS":null,"CURRENT_ASSETS_TDAYS":0.379824936263,"TOTAL_ASSETS_TDAYS":0.245767189109,"PREMIUM_EXPENSE":null,"LOAN_DEPOSIT":null,"LOAN_EQUITY":null,"LOAN_ASSETS":null,"DEPOSIT_EQUITY":null,"DEPOSIT_ASSETS":null,"EQUITY_MULTIPLIER":5.562033860272,"EQUITY_RATIO":4.653690762537},{"SECUCODE":"00611.HK","SECURITY_CODE":"00611","SECURITY_NAME_ABBR":"中国核能科技","ORG_CODE":"10008999","STD_REPORT_DATE":"2022-06-30 00:00:00","REPORT_DATE":"2022-06-30 00:00:00","DATE_TYPE_CODE":"002","REPORT_TYPE":"2022年中报","PER_NETCASH_OPERATE":0.124687631911,"PER_OI":0.56528686127,"BPS":0.777317572357,"BASIC_EPS":0.026254333,"DILUTED_EPS":0.026254333,"OPERATE_INCOME":1046932149.9,"OPERATE_INCOME_YOY":17.3397207334,"GROSS_PROFIT":165421967.27,"GROSS_PROFIT_YOY":14.80954948946,"HOLDER_PROFIT":38569069,"HOLDER_PROFIT_YOY":24.5409107227,"GROSS_PROFIT_RATIO":15.800638779294,"EPS_TTM":0.044191534469,"OPERATE_INCOME_QOQ":8.455441305205,"NET_PROFIT_RATIO":3.8596319259,"ROE_AVG":3.090996256879,"GROSS_PROFIT_QOQ":5.155948582394,"ROA":0.519328012582,"HOLDER_PROFIT_QOQ":11.493331930968,"ROE_YEARLY":6.181992513758,"ROIC_YEARLY":1.155062313499,"TOTAL_ASSETS":8025968412.28,"TOTAL_LIABILITIES":6547306418.73,"TAX_EBT":19.544340008173,"OCF_SALES":22.057408451164,"TOTAL_PARENT_EQUITY":1439620859.67,"DEBT_ASSET_RATIO":81.5765286182,"OPERATE_PROFIT":118017075.19,"PRETAX_PROFIT":50223598.32,"NETCASH_OPERATE":230926100.51,"NETCASH_INVEST":-506186961,"NETCASH_FINANCE":430967014.17,"END_CASH":787225485.13,"DIVI_RATIO":null,"DIVIDEND_RATE":null,"CURRENT_RATIO":1.20970377757,"COMMON_ACS":5000000000,"CURRENTDEBT_DEBT":68.321402116806,"ISSUED_COMMON_SHARES":1852036942,"HK_COMMON_SHARES":1852036942,"PER_SHARES":2000,"TOTAL_MARKET_CAP":611172190.86,"HKSK_MARKET_CAP":611172190.86,"PE_TTM":5.183862381021,"PB_TTM":0.340660690449,"REPORT_DATE_SQ":"2021-06-30 00:00:00","REPORT_TYPE_SQ":"2021年中报","OPERATE_INCOME_SQ":868112392.32,"DPS_HKD":null,"OPERATE_INCOME_QOQ_SQ":-0.820331401517,"NET_PROFIT_RATIO_SQ":3.8119282587,"HOLDER_PROFIT_SQ":30132113.04,"HOLDER_PROFIT_QOQ_SQ":8.844885686556,"ROE_AVG_SQ":3.197655423555,"PE_TTM_SQ":4.798822377524,"PB_TTM_SQ":0.315431315106,"ROA_SQ":0.492007410069,"START_DATE":"2022-01-01 00:00:00","FISCAL_YEAR":"12-31","CURRENCY":"HKD","IS_CNY_CODE":0,"DPS_HKD_LY":null,"ORG_TYPE":"一般企业","PREMIUM_INCOME":null,"PREMIUM_INCOME_YOY":null,"NET_INTEREST_INCOME":null,"NET_INTEREST_INCOME_YOY":null,"FEE_COMMISSION_INCOME":null,"FEE_COMMISSION_INCOME_YOY":null,"ACCOUNTS_RECE_TDAYS":0.559049140164,"INVENTORY_TDAYS":null,"CURRENT_ASSETS_TDAYS":0.210228795821,"TOTAL_ASSETS_TDAYS":0.14096819208,"PREMIUM_EXPENSE":null,"LOAN_DEPOSIT":null,"LOAN_EQUITY":null,"LOAN_ASSETS":null,"DEPOSIT_EQUITY":null,"DEPOSIT_ASSETS":null,"EQUITY_MULTIPLIER":5.42785873127,"EQUITY_RATIO":4.547938003782},{"SECUCODE":"00611.HK","SECURITY_CODE":"00611","SECURITY_NAME_ABBR":"中国核能科技","ORG_CODE":"10008999","STD_REPORT_DATE":"2021-12-31 00:00:00","REPORT_DATE":"2021-12-31 00:00:00","DATE_TYPE_CODE":"001","REPORT_TYPE":"2021年年报","PER_NETCASH_OPERATE":0.180252612982,"PER_OI":1.610583858557,"BPS":0.545096997315,"BASIC_EPS":0.05592384,"DILUTED_EPS":0.05592384,"OPERATE_INCOME":2114848310.4,"OPERATE_INCOME_YOY":22.9066487754,"GROSS_PROFIT":295106179.2,"GROSS_PROFIT_YOY":14.820241392538,"HOLDER_PROFIT":73407398.4,"HOLDER_PROFIT_YOY":57.3391279966,"GROSS_PROFIT_RATIO":19.569026240077,"EPS_TTM":0.055904137607,"OPERATE_INCOME_QOQ":20.415106202784,"NET_PROFIT_RATIO":4.0853550572,"ROE_AVG":7.668589565102,"GROSS_PROFIT_QOQ":26.360455019486,"ROA":1.177019720363,"HOLDER_PROFIT_QOQ":40.424610006971,"ROE_YEARLY":7.668589565102,"ROIC_YEARLY":1.276656554446,"TOTAL_ASSETS":6527380731.2,"TOTAL_LIABILITIES":5482768368,"TAX_EBT":23.437108822936,"OCF_SALES":11.191755835918,"TOTAL_PARENT_EQUITY":1009539776,"DEBT_ASSET_RATIO":83.9964542254,"OPERATE_PROFIT":199683265.6,"PRETAX_PROFIT":101239320,"NETCASH_OPERATE":236688659.2,"NETCASH_INVEST":155884433.6,"NETCASH_FINANCE":-94850593.6,"END_CASH":606101596.8,"DIVI_RATIO":null,"DIVIDEND_RATE":null,"CURRENT_RATIO":1.130151539619,"COMMON_ACS":5000000000,"CURRENTDEBT_DEBT":70.182062741484,"ISSUED_COMMON_SHARES":1852036942,"HK_COMMON_SHARES":1852036942,"PER_SHARES":2000,"TOTAL_MARKET_CAP":611172190.86,"HKSK_MARKET_CAP":611172190.86,"PE_TTM":5.183862381021,"PB_TTM":0.340660690449,"REPORT_DATE_SQ":"2020-12-31 00:00:00","REPORT_TYPE_SQ":"2020年年报","OPERATE_INCOME_SQ":1771288611.52,"DPS_HKD":null,"OPERATE_INCOME_QOQ_SQ":-30.854081330281,"NET_PROFIT_RATIO_SQ":3.3435840515,"HOLDER_PROFIT_SQ":48027344.96,"HOLDER_PROFIT_QOQ_SQ":-38.935955321485,"ROE_AVG_SQ":5.606585950326,"PE_TTM_SQ":4.798822377524,"PB_TTM_SQ":0.315431315106,"ROA_SQ":0.880688771959,"START_DATE":"2021-01-01 00:00:00","FISCAL_YEAR":"12-31","CURRENCY":"HKD","IS_CNY_CODE":0,"DPS_HKD_LY":null,"ORG_TYPE":"一般企业","PREMIUM_INCOME":null,"PREMIUM_INCOME_YOY":null,"NET_INTEREST_INCOME":null,"NET_INTEREST_INCOME_YOY":null,"FEE_COMMISSION_INCOME":null,"FEE_COMMISSION_INCOME_YOY":null,"ACCOUNTS_RECE_TDAYS":1.413049760536,"INVENTORY_TDAYS":null,"CURRENT_ASSETS_TDAYS":0.532175790457,"TOTAL_ASSETS_TDAYS":0.339096361017,"PREMIUM_EXPENSE":null,"LOAN_DEPOSIT":null,"LOAN_EQUITY":null,"LOAN_ASSETS":null,"DEPOSIT_EQUITY":null,"DEPOSIT_ASSETS":null,"EQUITY_MULTIPLIER":6.248615238675,"EQUITY_RATIO":5.430958242897},{"SECUCODE":"00611.HK","SECURITY_CODE":"00611","SECURITY_NAME_ABBR":"中国核能科技","ORG_CODE":"10008999","STD_REPORT_DATE":"2021-06-30 00:00:00","REPORT_DATE":"2021-06-30 00:00:00","DATE_TYPE_CODE":"002","REPORT_TYPE":"2021年中报","PER_NETCASH_OPERATE":0.074542176271,"PER_OI":0.661119664994,"BPS":0.520321773495,"BASIC_EPS":0.022965408,"DILUTED_EPS":0.022965408,"OPERATE_INCOME":868112392.32,"OPERATE_INCOME_YOY":7.9144548753,"GROSS_PROFIT":144083804.88,"GROSS_PROFIT_YOY":12.448008810257,"HOLDER_PROFIT":30132113.04,"HOLDER_PROFIT_YOY":27.7940501817,"GROSS_PROFIT_RATIO":22.881537883493,"EPS_TTM":0.039810783597,"OPERATE_INCOME_QOQ":-0.820331401517,"NET_PROFIT_RATIO":3.8119282587,"ROE_AVG":3.197655423555,"GROSS_PROFIT_QOQ":28.408572293637,"ROA":0.492007410069,"HOLDER_PROFIT_QOQ":8.844885686556,"ROE_YEARLY":6.39531084711,"ROIC_YEARLY":1.057830815862,"TOTAL_ASSETS":6197280251.04,"TOTAL_LIABILITIES":5213843234.88,"TAX_EBT":21.850048336854,"OCF_SALES":11.275141281927,"TOTAL_PARENT_EQUITY":963655146.24,"DEBT_ASSET_RATIO":84.1311514677,"OPERATE_PROFIT":98236196.88,"PRETAX_PROFIT":46478324.64,"NETCASH_OPERATE":97880898.72,"NETCASH_INVEST":282075.12,"NETCASH_FINANCE":90338093.52,"END_CASH":496732622.16,"DIVI_RATIO":null,"DIVIDEND_RATE":null,"CURRENT_RATIO":1.067426033702,"COMMON_ACS":5000000000,"CURRENTDEBT_DEBT":70.275561774621,"ISSUED_COMMON_SHARES":1852036942,"HK_COMMON_SHARES":1852036942,"PER_SHARES":2000,"TOTAL_MARKET_CAP":611172190.86,"HKSK_MARKET_CAP":611172190.86,"PE_TTM":5.183862381021,"PB_TTM":0.340660690449,"REPORT_DATE_SQ":"2020-06-30 00:00:00","REPORT_TYPE_SQ":"2020年中报","OPERATE_INCOME_SQ":883102830.72,"DPS_HKD":null,"OPERATE_INCOME_QOQ_SQ":-1.136418652567,"NET_PROFIT_RATIO_SQ":3.4044692321,"HOLDER_PROFIT_SQ":25884149.28,"HOLDER_PROFIT_QOQ_SQ":-9.314767350294,"ROE_AVG_SQ":3.047089178731,"PE_TTM_SQ":4.798822377524,"PB_TTM_SQ":0.315431315106,"ROA_SQ":0.477160349502,"START_DATE":"2021-01-01 00:00:00","FISCAL_YEAR":"12-31","CURRENCY":"HKD","IS_CNY_CODE":0,"DPS_HKD_LY":null,"ORG_TYPE":"一般企业","PREMIUM_INCOME":null,"PREMIUM_INCOME_YOY":null,"NET_INTEREST_INCOME":null,"NET_INTEREST_INCOME_YOY":null,"FEE_COMMISSION_INCOME":null,"FEE_COMMISSION_INCOME_YOY":null,"ACCOUNTS_RECE_TDAYS":0.639032726337,"INVENTORY_TDAYS":268.685924194356,"CURRENT_ASSETS_TDAYS":0.229233271149,"TOTAL_ASSETS_TDAYS":0.141748349751,"PREMIUM_EXPENSE":null,"LOAN_DEPOSIT":null,"LOAN_EQUITY":null,"LOAN_ASSETS":null,"DEPOSIT_EQUITY":null,"DEPOSIT_ASSETS":null,"EQUITY_MULTIPLIER":6.301654451894,"EQUITY_RATIO":5.41048657834},{"SECUCODE":"00611.HK","SECURITY_CODE":"00611","SECURITY_NAME_ABBR":"中国核能科技","ORG_CODE":"10008999","STD_REPORT_DATE":"2020-12-31 00:00:00","REPORT_DATE":"2020-12-31 00:00:00","DATE_TYPE_CODE":"001","REPORT_TYPE":"2020年年报","PER_NETCASH_OPERATE":0.247327625405,"PER_OI":1.348942537642,"BPS":0.502994385821,"BASIC_EPS":0.03661134,"DILUTED_EPS":0.03661134,"OPERATE_INCOME":1771288611.52,"OPERATE_INCOME_YOY":-24.939137337,"GROSS_PROFIT":257015815,"GROSS_PROFIT_YOY":-19.350104132397,"HOLDER_PROFIT":48027344.96,"HOLDER_PROFIT_YOY":-41.0617640983,"GROSS_PROFIT_RATIO":13.581190810218,"EPS_TTM":0.036575704357,"OPERATE_INCOME_QOQ":-28.665073430661,"NET_PROFIT_RATIO":3.2409816903,"ROE_AVG":5.606585950326,"GROSS_PROFIT_QOQ":-19.109499907259,"ROA":0.880688771959,"HOLDER_PROFIT_QOQ":-38.935955321485,"ROE_YEARLY":5.606585950326,"ROIC_YEARLY":0.943532169158,"TOTAL_ASSETS":6120887498.08,"TOTAL_LIABILITIES":5172506505.08,"TAX_EBT":17.940297679065,"OCF_SALES":17.772294875539,"TOTAL_PARENT_EQUITY":931564184.16,"DEBT_ASSET_RATIO":84.5058254494,"OPERATE_PROFIT":108297185.36,"PRETAX_PROFIT":90983808.92,"NETCASH_OPERATE":324764468.44,"NETCASH_INVEST":-968226022.56,"NETCASH_FINANCE":552519827.2,"END_CASH":325271135.72,"DIVI_RATIO":null,"DIVIDEND_RATE":null,"CURRENT_RATIO":1.033724516465,"COMMON_ACS":5000000000,"CURRENTDEBT_DEBT":69.292374059655,"ISSUED_COMMON_SHARES":1852036942,"HK_COMMON_SHARES":1852036942,"PER_SHARES":2000,"TOTAL_MARKET_CAP":611172190.86,"HKSK_MARKET_CAP":611172190.86,"PE_TTM":5.183862381021,"PB_TTM":0.340660690449,"REPORT_DATE_SQ":"2019-12-31 00:00:00","REPORT_TYPE_SQ":"2019年年报","OPERATE_INCOME_SQ":2591113520.84,"DPS_HKD":null,"OPERATE_INCOME_QOQ_SQ":28.016155542551,"NET_PROFIT_RATIO_SQ":3.5961346591,"HOLDER_PROFIT_SQ":86729419.6,"HOLDER_PROFIT_QOQ_SQ":-4.660535671279,"ROE_AVG_SQ":10.783934810769,"PE_TTM_SQ":4.798822377524,"PB_TTM_SQ":0.315431315106,"ROA_SQ":1.931562979986,"START_DATE":"2020-01-01 00:00:00","FISCAL_YEAR":"12-31","CURRENCY":"HKD","IS_CNY_CODE":0,"DPS_HKD_LY":null,"ORG_TYPE":"一般企业","PREMIUM_INCOME":null,"PREMIUM_INCOME_YOY":null,"NET_INTEREST_INCOME":null,"NET_INTEREST_INCOME_YOY":null,"FEE_COMMISSION_INCOME":null,"FEE_COMMISSION_INCOME_YOY":null,"ACCOUNTS_RECE_TDAYS":1.370696886805,"INVENTORY_TDAYS":477.313660646146,"CURRENT_ASSETS_TDAYS":0.504443867222,"TOTAL_ASSETS_TDAYS":0.335088002514,"PREMIUM_EXPENSE":null,"LOAN_DEPOSIT":null,"LOAN_EQUITY":null,"LOAN_ASSETS":null,"DEPOSIT_EQUITY":null,"DEPOSIT_ASSETS":null,"EQUITY_MULTIPLIER":6.454038559681,"EQUITY_RATIO":5.552496106046},{"SECUCODE":"00611.HK","SECURITY_CODE":"00611","SECURITY_NAME_ABBR":"中国核能科技","ORG_CODE":"10008999","STD_REPORT_DATE":"2020-06-30 00:00:00","REPORT_DATE":"2020-06-30 00:00:00","DATE_TYPE_CODE":"002","REPORT_TYPE":"2020年中报","PER_NETCASH_OPERATE":-0.178427321351,"PER_OI":0.672535783115,"BPS":0.459264229342,"BASIC_EPS":0.019730304,"DILUTED_EPS":0.019730304,"OPERATE_INCOME":883102830.72,"OPERATE_INCOME_YOY":-6.805553949,"GROSS_PROFIT":128133709.44,"GROSS_PROFIT_YOY":-8.480867300242,"HOLDER_PROFIT":25884149.28,"HOLDER_PROFIT_YOY":-26.6051956798,"GROSS_PROFIT_RATIO":14.509489153775,"EPS_TTM":0.059897284155,"OPERATE_INCOME_QOQ":-1.136418652567,"NET_PROFIT_RATIO":3.4044692321,"ROE_AVG":3.047089178731,"GROSS_PROFIT_QOQ":-3.72593894827,"ROA":0.477160349502,"HOLDER_PROFIT_QOQ":-9.314767350294,"ROE_YEARLY":6.094178357462,"ROIC_YEARLY":1.047080952841,"TOTAL_ASSETS":5655082377.12,"TOTAL_LIABILITIES":4793079096.96,"TAX_EBT":19.745440358919,"OCF_SALES":-26.530532029773,"TOTAL_PARENT_EQUITY":850574318.88,"DEBT_ASSET_RATIO":84.757016385,"OPERATE_PROFIT":63435667.68,"PRETAX_PROFIT":37462001.28,"NETCASH_OPERATE":-234291879.36,"NETCASH_INVEST":-310625319.84,"NETCASH_FINANCE":658803984.96,"END_CASH":532559269.44,"DIVI_RATIO":null,"DIVIDEND_RATE":null,"CURRENT_RATIO":1.055539709168,"COMMON_ACS":5000000000,"CURRENTDEBT_DEBT":77.770633340982,"ISSUED_COMMON_SHARES":1852036942,"HK_COMMON_SHARES":1852036942,"PER_SHARES":2000,"TOTAL_MARKET_CAP":611172190.86,"HKSK_MARKET_CAP":611172190.86,"PE_TTM":5.183862381021,"PB_TTM":0.340660690449,"REPORT_DATE_SQ":"2019-06-30 00:00:00","REPORT_TYPE_SQ":"2019年中报","OPERATE_INCOME_SQ":912548728.08,"DPS_HKD":null,"OPERATE_INCOME_QOQ_SQ":2.382970768251,"NET_PROFIT_RATIO_SQ":3.9600419515,"HOLDER_PROFIT_SQ":33962792.94,"HOLDER_PROFIT_QOQ_SQ":14.140568697644,"ROE_AVG_SQ":4.394469949572,"PE_TTM_SQ":4.798822377524,"PB_TTM_SQ":0.315431315106,"ROA_SQ":0.823611138813,"START_DATE":"2020-01-01 00:00:00","FISCAL_YEAR":"12-31","CURRENCY":"HKD","IS_CNY_CODE":0,"DPS_HKD_LY":null,"ORG_TYPE":"一般企业","PREMIUM_INCOME":null,"PREMIUM_INCOME_YOY":null,"NET_INTEREST_INCOME":null,"NET_INTEREST_INCOME_YOY":null,"FEE_COMMISSION_INCOME":null,"FEE_COMMISSION_INCOME_YOY":null,"ACCOUNTS_RECE_TDAYS":0.613009299241,"INVENTORY_TDAYS":132.167905972655,"CURRENT_ASSETS_TDAYS":0.22711582346,"TOTAL_ASSETS_TDAYS":0.162795250017,"PREMIUM_EXPENSE":null,"LOAN_DEPOSIT":null,"LOAN_EQUITY":null,"LOAN_ASSETS":null,"DEPOSIT_EQUITY":null,"DEPOSIT_ASSETS":null,"EQUITY_MULTIPLIER":6.56039542689,"EQUITY_RATIO":5.635109114594}],"count":49},"success":true,"message":"ok","code":0}