{"version":"9c4815e0a37112d7d7405888fdb470d6","result":{"pages":6,"data":[{"SECUCODE":"00613.HK","SECURITY_CODE":"00613","SECURITY_NAME_ABBR":"梧桐国际","ORG_CODE":"10009001","STD_REPORT_DATE":"2024-06-30 00:00:00","REPORT_DATE":"2024-06-30 00:00:00","DATE_TYPE_CODE":"002","REPORT_TYPE":"2024年中报","PER_NETCASH_OPERATE":-0.027913387347,"PER_OI":0.051589283497,"BPS":1.406731246444,"BASIC_EPS":-0.087891084,"DILUTED_EPS":-0.087891084,"OPERATE_INCOME":48779095.28,"OPERATE_INCOME_YOY":-17.9848387196,"GROSS_PROFIT":48779095.28,"GROSS_PROFIT_YOY":-18.812124560819,"HOLDER_PROFIT":-83099514,"HOLDER_PROFIT_YOY":-196.6764418377,"GROSS_PROFIT_RATIO":null,"EPS_TTM":-0.192280093441,"OPERATE_INCOME_QOQ":-10.999088384961,"NET_PROFIT_RATIO":-176.4229315571,"ROE_AVG":-5.925759121959,"GROSS_PROFIT_QOQ":-10.999088384961,"ROA":-4.331519930582,"HOLDER_PROFIT_QOQ":-43.151966643186,"ROE_YEARLY":-11.851518243919,"ROIC_YEARLY":-10.299872792895,"TOTAL_ASSETS":1843284122.52,"TOTAL_LIABILITIES":250155548.52,"TAX_EBT":-0.092352766337,"OCF_SALES":-54.106949070089,"TOTAL_PARENT_EQUITY":1330103324.8,"DEBT_ASSET_RATIO":13.5711877222,"OPERATE_PROFIT":-36210579,"PRETAX_PROFIT":-85978106.72,"NETCASH_OPERATE":-26392880.24,"NETCASH_INVEST":46429856.96,"NETCASH_FINANCE":-16370741.16,"END_CASH":38819931.12,"DIVI_RATIO":null,"DIVIDEND_RATE":null,"CURRENT_RATIO":4.031819213313,"COMMON_ACS":5000000000,"CURRENTDEBT_DEBT":96.465016837597,"ISSUED_COMMON_SHARES":945527675,"HK_COMMON_SHARES":945527675,"PER_SHARES":2000,"TOTAL_MARKET_CAP":198560811.75,"HKSK_MARKET_CAP":198560811.75,"PE_TTM":-0.990303542306,"PB_TTM":0.136246920287,"REPORT_DATE_SQ":"2023-06-30 00:00:00","REPORT_TYPE_SQ":"2023年中报","OPERATE_INCOME_SQ":60081748.68,"DPS_HKD":null,"OPERATE_INCOME_QOQ_SQ":-1.809356123305,"NET_PROFIT_RATIO_SQ":-47.7518951601,"HOLDER_PROFIT_SQ":-28295566.2,"HOLDER_PROFIT_QOQ_SQ":-200.839640122176,"ROE_AVG_SQ":-1.777661931448,"PE_TTM_SQ":-6.700721726806,"PB_TTM_SQ":0.198934211265,"ROA_SQ":-1.281491858623,"START_DATE":"2024-01-01 00:00:00","FISCAL_YEAR":"12-31","CURRENCY":"HKD","IS_CNY_CODE":0,"DPS_HKD_LY":null,"ORG_TYPE":"一般企业","PREMIUM_INCOME":null,"PREMIUM_INCOME_YOY":null,"NET_INTEREST_INCOME":null,"NET_INTEREST_INCOME_YOY":null,"FEE_COMMISSION_INCOME":null,"FEE_COMMISSION_INCOME_YOY":null,"ACCOUNTS_RECE_TDAYS":0.055770776952,"INVENTORY_TDAYS":null,"CURRENT_ASSETS_TDAYS":0.050141005747,"TOTAL_ASSETS_TDAYS":0.025425855487,"PREMIUM_EXPENSE":null,"LOAN_DEPOSIT":null,"LOAN_EQUITY":null,"LOAN_ASSETS":null,"DEPOSIT_EQUITY":null,"DEPOSIT_ASSETS":null,"EQUITY_MULTIPLIER":1.157021569133,"EQUITY_RATIO":0.188072267662},{"SECUCODE":"00613.HK","SECURITY_CODE":"00613","SECURITY_NAME_ABBR":"梧桐国际","ORG_CODE":"10009001","STD_REPORT_DATE":"2023-12-31 00:00:00","REPORT_DATE":"2023-12-31 00:00:00","DATE_TYPE_CODE":"001","REPORT_TYPE":"2023年年报","PER_NETCASH_OPERATE":0.134403204285,"PER_OI":0.108679960827,"BPS":1.548497277015,"BASIC_EPS":-0.134301804,"DILUTED_EPS":-0.134301804,"OPERATE_INCOME":102759910.68,"OPERATE_INCOME_YOY":-26.9965942817,"GROSS_PROFIT":102759910.68,"GROSS_PROFIT_YOY":-25.938242267175,"HOLDER_PROFIT":-127002201.9,"HOLDER_PROFIT_YOY":-716.1250873515,"GROSS_PROFIT_RATIO":null,"EPS_TTM":-0.134318862639,"OPERATE_INCOME_QOQ":-24.573508423237,"NET_PROFIT_RATIO":-155.6872497663,"ROE_AVG":-8.348309995157,"GROSS_PROFIT_QOQ":-24.573508423237,"ROA":-6.097011857295,"HOLDER_PROFIT_QOQ":-175.215292222452,"ROE_YEARLY":-8.348309995157,"ROIC_YEARLY":-7.673852638703,"TOTAL_ASSETS":1979572342.16,"TOTAL_LIABILITIES":251324711.26,"TAX_EBT":-8.337987026934,"OCF_SALES":123.668800818385,"TOTAL_PARENT_EQUITY":1464147030.08,"DEBT_ASSET_RATIO":12.6959094097,"OPERATE_PROFIT":-113442432.04,"PRETAX_PROFIT":-147671267.66,"NETCASH_OPERATE":127081949.26,"NETCASH_INVEST":-223617940.98,"NETCASH_FINANCE":-76362628.3,"END_CASH":34904875.74,"DIVI_RATIO":null,"DIVIDEND_RATE":null,"CURRENT_RATIO":3.910731059383,"COMMON_ACS":5000000000,"CURRENTDEBT_DEBT":98.270310421046,"ISSUED_COMMON_SHARES":945527675,"HK_COMMON_SHARES":945527675,"PER_SHARES":2000,"TOTAL_MARKET_CAP":192887645.7,"HKSK_MARKET_CAP":192887645.7,"PE_TTM":-0.962009155383,"PB_TTM":0.132354151136,"REPORT_DATE_SQ":"2022-12-31 00:00:00","REPORT_TYPE_SQ":"2022年年报","OPERATE_INCOME_SQ":138748949.29,"DPS_HKD":null,"OPERATE_INCOME_QOQ_SQ":0.046596411596,"NET_PROFIT_RATIO_SQ":-0.9863063086,"HOLDER_PROFIT_SQ":-15339232.44,"HOLDER_PROFIT_QOQ_SQ":39.837953954828,"ROE_AVG_SQ":-0.984814009685,"PE_TTM_SQ":-6.514590567728,"PB_TTM_SQ":0.193408260952,"ROA_SQ":-0.737246625139,"START_DATE":"2023-01-01 00:00:00","FISCAL_YEAR":"12-31","CURRENCY":"HKD","IS_CNY_CODE":0,"DPS_HKD_LY":null,"ORG_TYPE":"一般企业","PREMIUM_INCOME":null,"PREMIUM_INCOME_YOY":null,"NET_INTEREST_INCOME":null,"NET_INTEREST_INCOME_YOY":null,"FEE_COMMISSION_INCOME":null,"FEE_COMMISSION_INCOME_YOY":null,"ACCOUNTS_RECE_TDAYS":0.101822211167,"INVENTORY_TDAYS":null,"CURRENT_ASSETS_TDAYS":0.083392350884,"TOTAL_ASSETS_TDAYS":0.04933208909,"PREMIUM_EXPENSE":null,"LOAN_DEPOSIT":null,"LOAN_EQUITY":null,"LOAN_ASSETS":null,"DEPOSIT_EQUITY":null,"DEPOSIT_ASSETS":null,"EQUITY_MULTIPLIER":1.145421701593,"EQUITY_RATIO":0.1716526456},{"SECUCODE":"00613.HK","SECURITY_CODE":"00613","SECURITY_NAME_ABBR":"梧桐国际","ORG_CODE":"10009001","STD_REPORT_DATE":"2023-06-30 00:00:00","REPORT_DATE":"2023-06-30 00:00:00","DATE_TYPE_CODE":"002","REPORT_TYPE":"2023年中报","PER_NETCASH_OPERATE":-0.022129797629,"PER_OI":0.063543088445,"BPS":1.668455103273,"BASIC_EPS":-0.02996435,"DILUTED_EPS":-0.02996435,"OPERATE_INCOME":60081748.68,"OPERATE_INCOME_YOY":-10.9644628438,"GROSS_PROFIT":60081748.68,"GROSS_PROFIT_YOY":-4.010822685859,"HOLDER_PROFIT":-28295566.2,"HOLDER_PROFIT_YOY":-1144.9438202247,"GROSS_PROFIT_RATIO":null,"EPS_TTM":-0.048805014269,"OPERATE_INCOME_QOQ":-1.809356123305,"NET_PROFIT_RATIO":-47.7518951601,"ROE_AVG":-1.777661931448,"GROSS_PROFIT_QOQ":-1.809356123305,"ROA":-1.281491858623,"HOLDER_PROFIT_QOQ":-200.839640122176,"ROE_YEARLY":-3.555323862896,"ROIC_YEARLY":-3.348876492311,"TOTAL_ASSETS":2191535396.24,"TOTAL_LIABILITIES":265431588.14,"TAX_EBT":-2.073082726497,"OCF_SALES":-34.826443237271,"TOTAL_PARENT_EQUITY":1577570474.64,"DEBT_ASSET_RATIO":12.111672419,"OPERATE_PROFIT":-7733568.24,"PRETAX_PROFIT":-28107482.28,"NETCASH_OPERATE":-20924336.1,"NETCASH_INVEST":-57638501.68,"NETCASH_FINANCE":-15486498.06,"END_CASH":117368054,"DIVI_RATIO":null,"DIVIDEND_RATE":null,"CURRENT_RATIO":5.357611280767,"COMMON_ACS":5000000000,"CURRENTDEBT_DEBT":98.729736395119,"ISSUED_COMMON_SHARES":945527675,"HK_COMMON_SHARES":945527675,"PER_SHARES":2000,"TOTAL_MARKET_CAP":192887645.7,"HKSK_MARKET_CAP":192887645.7,"PE_TTM":-0.962009155383,"PB_TTM":0.132354151136,"REPORT_DATE_SQ":"2022-06-30 00:00:00","REPORT_TYPE_SQ":"2022年中报","OPERATE_INCOME_SQ":62592211.29,"DPS_HKD":null,"OPERATE_INCOME_QOQ_SQ":-13.15422798191,"NET_PROFIT_RATIO_SQ":12.9852030987,"HOLDER_PROFIT_SQ":2511693.03,"HOLDER_PROFIT_QOQ_SQ":-40.769186383736,"ROE_AVG_SQ":0.168001324791,"PE_TTM_SQ":-6.514590567728,"PB_TTM_SQ":0.193408260952,"ROA_SQ":0.124597323045,"START_DATE":"2023-01-01 00:00:00","FISCAL_YEAR":"12-31","CURRENCY":"HKD","IS_CNY_CODE":0,"DPS_HKD_LY":null,"ORG_TYPE":"一般企业","PREMIUM_INCOME":null,"PREMIUM_INCOME_YOY":null,"NET_INTEREST_INCOME":null,"NET_INTEREST_INCOME_YOY":null,"FEE_COMMISSION_INCOME":null,"FEE_COMMISSION_INCOME_YOY":null,"ACCOUNTS_RECE_TDAYS":0.052373613877,"INVENTORY_TDAYS":null,"CURRENT_ASSETS_TDAYS":0.041029534956,"TOTAL_ASSETS_TDAYS":0.027210719602,"PREMIUM_EXPENSE":null,"LOAN_DEPOSIT":null,"LOAN_EQUITY":null,"LOAN_ASSETS":null,"DEPOSIT_EQUITY":null,"DEPOSIT_ASSETS":null,"EQUITY_MULTIPLIER":1.137807519523,"EQUITY_RATIO":0.168253394956},{"SECUCODE":"00613.HK","SECURITY_CODE":"00613","SECURITY_NAME_ABBR":"梧桐国际","ORG_CODE":"10009001","STD_REPORT_DATE":"2022-12-31 00:00:00","REPORT_DATE":"2022-12-31 00:00:00","DATE_TYPE_CODE":"001","REPORT_TYPE":"2022年年报","PER_NETCASH_OPERATE":-0.427170845602,"PER_OI":0.146742346056,"BPS":1.645516729206,"BASIC_EPS":-0.016257514,"DILUTED_EPS":-0.016257514,"OPERATE_INCOME":138748949.29,"OPERATE_INCOME_YOY":-20.4740011059,"GROSS_PROFIT":138748949.29,"GROSS_PROFIT_YOY":-13.113760968527,"HOLDER_PROFIT":-15339232.44,"HOLDER_PROFIT_YOY":22.48453934,"GROSS_PROFIT_RATIO":null,"EPS_TTM":-0.016222933337,"OPERATE_INCOME_QOQ":0.046596411596,"NET_PROFIT_RATIO":-0.9863063086,"ROE_AVG":-0.984814009685,"GROSS_PROFIT_QOQ":0.046596411596,"ROA":-0.737246625139,"HOLDER_PROFIT_QOQ":39.837953954828,"ROE_YEARLY":-0.984814009685,"ROIC_YEARLY":-1.003420112929,"TOTAL_ASSETS":2155230046.34,"TOTAL_LIABILITIES":261285941.35,"TAX_EBT":123.825816485226,"OCF_SALES":-291.102641524011,"TOTAL_PARENT_EQUITY":1555881607.14,"DEBT_ASSET_RATIO":12.1233434822,"OPERATE_PROFIT":91824582.92,"PRETAX_PROFIT":5743726.1,"NETCASH_OPERATE":-403901856.47,"NETCASH_INVEST":92299802.56,"NETCASH_FINANCE":131371432.36,"END_CASH":204833957.16,"DIVI_RATIO":null,"DIVIDEND_RATE":null,"CURRENT_RATIO":5.757419089795,"COMMON_ACS":5000000000,"CURRENTDEBT_DEBT":98.197295772722,"ISSUED_COMMON_SHARES":945527675,"HK_COMMON_SHARES":945527675,"PER_SHARES":2000,"TOTAL_MARKET_CAP":192887645.7,"HKSK_MARKET_CAP":192887645.7,"PE_TTM":-0.962009155383,"PB_TTM":0.132354151136,"REPORT_DATE_SQ":"2021-12-31 00:00:00","REPORT_TYPE_SQ":"2021年年报","OPERATE_INCOME_SQ":159690361.6,"DPS_HKD":null,"OPERATE_INCOME_QOQ_SQ":-20.105709234071,"NET_PROFIT_RATIO_SQ":-7.8124680006,"HOLDER_PROFIT_SQ":-18112292.8,"HOLDER_PROFIT_QOQ_SQ":-116.042991676899,"ROE_AVG_SQ":-1.26192075926,"PE_TTM_SQ":-6.514590567728,"PB_TTM_SQ":0.193408260952,"ROA_SQ":-0.972732917127,"START_DATE":"2022-01-01 00:00:00","FISCAL_YEAR":"12-31","CURRENCY":"HKD","IS_CNY_CODE":0,"DPS_HKD_LY":null,"ORG_TYPE":"一般企业","PREMIUM_INCOME":null,"PREMIUM_INCOME_YOY":null,"NET_INTEREST_INCOME":null,"NET_INTEREST_INCOME_YOY":null,"FEE_COMMISSION_INCOME":null,"FEE_COMMISSION_INCOME_YOY":null,"ACCOUNTS_RECE_TDAYS":0.137893534157,"INVENTORY_TDAYS":null,"CURRENT_ASSETS_TDAYS":0.097324511112,"TOTAL_ASSETS_TDAYS":0.066686644854,"PREMIUM_EXPENSE":null,"LOAN_DEPOSIT":null,"LOAN_EQUITY":null,"LOAN_ASSETS":null,"DEPOSIT_EQUITY":null,"DEPOSIT_ASSETS":null,"EQUITY_MULTIPLIER":1.137958633869,"EQUITY_RATIO":0.167934333918},{"SECUCODE":"00613.HK","SECURITY_CODE":"00613","SECURITY_NAME_ABBR":"梧桐国际","ORG_CODE":"10009001","STD_REPORT_DATE":"2022-06-30 00:00:00","REPORT_DATE":"2022-06-30 00:00:00","DATE_TYPE_CODE":"002","REPORT_TYPE":"2022年中报","PER_NETCASH_OPERATE":-0.328199743186,"PER_OI":0.066198180069,"BPS":1.583546644005,"BASIC_EPS":0.002651089,"DILUTED_EPS":0.002651089,"OPERATE_INCOME":62592211.29,"OPERATE_INCOME_YOY":-27.1506633887,"GROSS_PROFIT":62592211.29,"GROSS_PROFIT_YOY":-25.127362541328,"HOLDER_PROFIT":2511693.03,"HOLDER_PROFIT_YOY":-75.3048011435,"GROSS_PROFIT_RATIO":null,"EPS_TTM":-0.026965394968,"OPERATE_INCOME_QOQ":-13.15422798191,"NET_PROFIT_RATIO":12.9852030987,"ROE_AVG":0.168001324791,"GROSS_PROFIT_QOQ":-13.15422798191,"ROA":0.124597323045,"HOLDER_PROFIT_QOQ":-40.769186383736,"ROE_YEARLY":0.336002649582,"ROIC_YEARLY":0.341779487645,"TOTAL_ASSETS":2111220380.85,"TOTAL_LIABILITIES":298041411.71,"TAX_EBT":0.084104289319,"OCF_SALES":-495.783634599882,"TOTAL_PARENT_EQUITY":1497287176.56,"DEBT_ASSET_RATIO":14.1170203932,"OPERATE_PROFIT":38603276.6,"PRETAX_PROFIT":8134567.28,"NETCASH_OPERATE":-310321940.11,"NETCASH_INVEST":85372762.51,"NETCASH_FINANCE":95393878.93,"END_CASH":239094020.2,"DIVI_RATIO":null,"DIVIDEND_RATE":null,"CURRENT_RATIO":5.234736545408,"COMMON_ACS":5000000000,"CURRENTDEBT_DEBT":98.74608690163,"ISSUED_COMMON_SHARES":945527675,"HK_COMMON_SHARES":945527675,"PER_SHARES":2000,"TOTAL_MARKET_CAP":192887645.7,"HKSK_MARKET_CAP":192887645.7,"PE_TTM":-0.962009155383,"PB_TTM":0.132354151136,"REPORT_DATE_SQ":"2021-06-30 00:00:00","REPORT_TYPE_SQ":"2021年中报","OPERATE_INCOME_SQ":83598245.52,"DPS_HKD":null,"OPERATE_INCOME_QOQ_SQ":34.342457386984,"NET_PROFIT_RATIO_SQ":13.4996864705,"HOLDER_PROFIT_SQ":9895927.44,"HOLDER_PROFIT_QOQ_SQ":221.203608305691,"ROE_AVG_SQ":0.670965063047,"PE_TTM_SQ":-6.514590567728,"PB_TTM_SQ":0.193408260952,"ROA_SQ":0.518060234031,"START_DATE":"2022-01-01 00:00:00","FISCAL_YEAR":"12-31","CURRENCY":"HKD","IS_CNY_CODE":0,"DPS_HKD_LY":null,"ORG_TYPE":"一般企业","PREMIUM_INCOME":null,"PREMIUM_INCOME_YOY":null,"NET_INTEREST_INCOME":null,"NET_INTEREST_INCOME_YOY":null,"FEE_COMMISSION_INCOME":null,"FEE_COMMISSION_INCOME_YOY":null,"ACCOUNTS_RECE_TDAYS":0.061769821732,"INVENTORY_TDAYS":null,"CURRENT_ASSETS_TDAYS":0.043830856765,"TOTAL_ASSETS_TDAYS":0.031050060167,"PREMIUM_EXPENSE":null,"LOAN_DEPOSIT":null,"LOAN_EQUITY":null,"LOAN_ASSETS":null,"DEPOSIT_EQUITY":null,"DEPOSIT_ASSETS":null,"EQUITY_MULTIPLIER":1.164375065442,"EQUITY_RATIO":0.199054273873},{"SECUCODE":"00613.HK","SECURITY_CODE":"00613","SECURITY_NAME_ABBR":"梧桐国际","ORG_CODE":"10009001","STD_REPORT_DATE":"2021-12-31 00:00:00","REPORT_DATE":"2021-12-31 00:00:00","DATE_TYPE_CODE":"001","REPORT_TYPE":"2021年年报","PER_NETCASH_OPERATE":0.004256599892,"PER_OI":0.169427769429,"BPS":1.509404529275,"BASIC_EPS":-0.0192136,"DILUTED_EPS":-0.01937712,"OPERATE_INCOME":159690361.6,"OPERATE_INCOME_YOY":10.4878490293,"GROSS_PROFIT":159690361.6,"GROSS_PROFIT_YOY":7.331953526852,"HOLDER_PROFIT":-18112292.8,"HOLDER_PROFIT_YOY":-153.0458311384,"GROSS_PROFIT_RATIO":null,"EPS_TTM":-0.019216722522,"OPERATE_INCOME_QOQ":-20.105709234071,"NET_PROFIT_RATIO":-7.8124680006,"ROE_AVG":-1.26192075926,"GROSS_PROFIT_QOQ":-20.105709234071,"ROA":-0.972732917127,"HOLDER_PROFIT_QOQ":-116.042991676899,"ROE_YEARLY":-1.26192075926,"ROIC_YEARLY":-1.294965458625,"TOTAL_ASSETS":1836061427.2,"TOTAL_LIABILITIES":253119148.8,"TAX_EBT":-83.622141997593,"OCF_SALES":2.512338978886,"TOTAL_PARENT_EQUITY":1427183755.2,"DEBT_ASSET_RATIO":13.7859847743,"OPERATE_PROFIT":42648468.8,"PRETAX_PROFIT":-6794256,"NETCASH_OPERATE":4011963.2,"NETCASH_INVEST":78074259.2,"NETCASH_FINANCE":65485672,"END_CASH":352445284.8,"DIVI_RATIO":null,"DIVIDEND_RATE":null,"CURRENT_RATIO":5.072197344905,"COMMON_ACS":5000000000,"CURRENTDEBT_DEBT":97.957931185963,"ISSUED_COMMON_SHARES":945527675,"HK_COMMON_SHARES":945527675,"PER_SHARES":2000,"TOTAL_MARKET_CAP":192887645.7,"HKSK_MARKET_CAP":192887645.7,"PE_TTM":-0.962009155383,"PB_TTM":0.132354151136,"REPORT_DATE_SQ":"2020-12-31 00:00:00","REPORT_TYPE_SQ":"2020年年报","OPERATE_INCOME_SQ":148781752.64,"DPS_HKD":null,"OPERATE_INCOME_QOQ_SQ":3372.97563876579,"NET_PROFIT_RATIO_SQ":23.1043806852,"HOLDER_PROFIT_SQ":35148569.68,"HOLDER_PROFIT_QOQ_SQ":146.170787544259,"ROE_AVG_SQ":2.436073629366,"PE_TTM_SQ":-6.514590567728,"PB_TTM_SQ":0.193408260952,"ROA_SQ":1.920276918627,"START_DATE":"2021-01-01 00:00:00","FISCAL_YEAR":"12-31","CURRENCY":"HKD","IS_CNY_CODE":0,"DPS_HKD_LY":null,"ORG_TYPE":"一般企业","PREMIUM_INCOME":null,"PREMIUM_INCOME_YOY":null,"NET_INTEREST_INCOME":null,"NET_INTEREST_INCOME_YOY":null,"FEE_COMMISSION_INCOME":null,"FEE_COMMISSION_INCOME_YOY":null,"ACCOUNTS_RECE_TDAYS":0.191434286963,"INVENTORY_TDAYS":null,"CURRENT_ASSETS_TDAYS":0.127699874305,"TOTAL_ASSETS_TDAYS":0.085762787181,"PREMIUM_EXPENSE":null,"LOAN_DEPOSIT":null,"LOAN_EQUITY":null,"LOAN_ASSETS":null,"DEPOSIT_EQUITY":null,"DEPOSIT_ASSETS":null,"EQUITY_MULTIPLIER":1.159904219032,"EQUITY_RATIO":0.17735568239},{"SECUCODE":"00613.HK","SECURITY_CODE":"00613","SECURITY_NAME_ABBR":"梧桐国际","ORG_CODE":"10009001","STD_REPORT_DATE":"2021-06-30 00:00:00","REPORT_DATE":"2021-06-30 00:00:00","DATE_TYPE_CODE":"002","REPORT_TYPE":"2021年中报","PER_NETCASH_OPERATE":-0.230846203047,"PER_OI":0.088695799325,"BPS":1.566097688087,"BASIC_EPS":0.010484208,"DILUTED_EPS":0.010484208,"OPERATE_INCOME":83598245.52,"OPERATE_INCOME_YOY":182.3511227271,"GROSS_PROFIT":83598245.52,"GROSS_PROFIT_YOY":157.202139383871,"HOLDER_PROFIT":9895927.44,"HOLDER_PROFIT_YOY":116.0101771579,"GROSS_PROFIT_RATIO":null,"EPS_TTM":0.11978266217,"OPERATE_INCOME_QOQ":34.342457386984,"NET_PROFIT_RATIO":13.4996864705,"ROE_AVG":0.670965063047,"GROSS_PROFIT_QOQ":34.342457386984,"ROA":0.518060234031,"HOLDER_PROFIT_QOQ":221.203608305691,"ROE_YEARLY":1.341930126094,"ROIC_YEARLY":1.262507775893,"TOTAL_ASSETS":1899001266.72,"TOTAL_LIABILITIES":268455634.56,"TAX_EBT":36.101950438142,"OCF_SALES":-260.267346146573,"TOTAL_PARENT_EQUITY":1480788705.84,"DEBT_ASSET_RATIO":14.1366748546,"OPERATE_PROFIT":42752270.4,"PRETAX_PROFIT":17661730.08,"NETCASH_OPERATE":-217578935.04,"NETCASH_INVEST":125400280.56,"NETCASH_FINANCE":-6678274.08,"END_CASH":109644845.76,"DIVI_RATIO":null,"DIVIDEND_RATE":null,"CURRENT_RATIO":4.849051196235,"COMMON_ACS":5000000000,"CURRENTDEBT_DEBT":97.332874606363,"ISSUED_COMMON_SHARES":945527675,"HK_COMMON_SHARES":945527675,"PER_SHARES":2000,"TOTAL_MARKET_CAP":192887645.7,"HKSK_MARKET_CAP":192887645.7,"PE_TTM":-0.962009155383,"PB_TTM":0.132354151136,"REPORT_DATE_SQ":"2020-06-30 00:00:00","REPORT_TYPE_SQ":"2020年中报","OPERATE_INCOME_SQ":32502935.52,"DPS_HKD":null,"OPERATE_INCOME_QOQ_SQ":-17.799803687434,"NET_PROFIT_RATIO_SQ":-205.3087148357,"HOLDER_PROFIT_SQ":-67853976.96,"HOLDER_PROFIT_QOQ_SQ":-480.890824881362,"ROE_AVG_SQ":-4.531713115547,"PE_TTM_SQ":-6.514590567728,"PB_TTM_SQ":0.193408260952,"ROA_SQ":-3.653595976736,"START_DATE":"2021-01-01 00:00:00","FISCAL_YEAR":"12-31","CURRENCY":"HKD","IS_CNY_CODE":0,"DPS_HKD_LY":null,"ORG_TYPE":"一般企业","PREMIUM_INCOME":null,"PREMIUM_INCOME_YOY":null,"NET_INTEREST_INCOME":null,"NET_INTEREST_INCOME_YOY":null,"FEE_COMMISSION_INCOME":null,"FEE_COMMISSION_INCOME_YOY":null,"ACCOUNTS_RECE_TDAYS":0.082801140948,"INVENTORY_TDAYS":null,"CURRENT_ASSETS_TDAYS":0.066022165978,"TOTAL_ASSETS_TDAYS":0.04376439389,"PREMIUM_EXPENSE":null,"LOAN_DEPOSIT":null,"LOAN_EQUITY":null,"LOAN_ASSETS":null,"DEPOSIT_EQUITY":null,"DEPOSIT_ASSETS":null,"EQUITY_MULTIPLIER":1.16464159559,"EQUITY_RATIO":0.181292329892},{"SECUCODE":"00613.HK","SECURITY_CODE":"00613","SECURITY_NAME_ABBR":"梧桐国际","ORG_CODE":"10009001","STD_REPORT_DATE":"2020-12-31 00:00:00","REPORT_DATE":"2020-12-31 00:00:00","DATE_TYPE_CODE":"001","REPORT_TYPE":"2020年年报","PER_NETCASH_OPERATE":-0.420693836102,"PER_OI":0.158358030954,"BPS":1.571448544645,"BASIC_EPS":0.037621308,"DILUTED_EPS":0.037537144,"OPERATE_INCOME":148781752.64,"OPERATE_INCOME_YOY":2938.4324510141,"GROSS_PROFIT":148781752.64,"GROSS_PROFIT_YOY":2754.79279295307,"HOLDER_PROFIT":35148569.68,"HOLDER_PROFIT_YOY":87.1728217999,"GROSS_PROFIT_RATIO":null,"EPS_TTM":0.037410893383,"OPERATE_INCOME_QOQ":3372.97563876579,"NET_PROFIT_RATIO":23.1043806852,"ROE_AVG":2.436073629366,"GROSS_PROFIT_QOQ":3372.97563876579,"ROA":1.920276918627,"HOLDER_PROFIT_QOQ":146.170787544259,"ROE_YEARLY":2.436073629366,"ROIC_YEARLY":2.420323250682,"TOTAL_ASSETS":1943451123.36,"TOTAL_LIABILITIES":391695047.8,"TAX_EBT":17.165919646298,"OCF_SALES":-265.659931212382,"TOTAL_PARENT_EQUITY":1485848088.8,"DEBT_ASSET_RATIO":20.1546127449,"OPERATE_PROFIT":8253121.84,"PRETAX_PROFIT":41498743.48,"NETCASH_OPERATE":-395253501.72,"NETCASH_INVEST":319154096.2,"NETCASH_FINANCE":91522458.52,"END_CASH":210897309.56,"DIVI_RATIO":null,"DIVIDEND_RATE":null,"CURRENT_RATIO":3.315846622797,"COMMON_ACS":5000000000,"CURRENTDEBT_DEBT":98.547255557107,"ISSUED_COMMON_SHARES":945527675,"HK_COMMON_SHARES":945527675,"PER_SHARES":2000,"TOTAL_MARKET_CAP":192887645.7,"HKSK_MARKET_CAP":192887645.7,"PE_TTM":-0.962009155383,"PB_TTM":0.132354151136,"REPORT_DATE_SQ":"2019-12-31 00:00:00","REPORT_TYPE_SQ":"2019年年报","OPERATE_INCOME_SQ":5211648.04,"DPS_HKD":null,"OPERATE_INCOME_QOQ_SQ":-90.922130072674,"NET_PROFIT_RATIO_SQ":362.2378824338,"HOLDER_PROFIT_SQ":19986643.36,"HOLDER_PROFIT_QOQ_SQ":-72.443216061958,"ROE_AVG_SQ":1.354051519136,"PE_TTM_SQ":-6.514590567728,"PB_TTM_SQ":0.193408260952,"ROA_SQ":1.210207354863,"START_DATE":"2020-01-01 00:00:00","FISCAL_YEAR":"12-31","CURRENCY":"HKD","IS_CNY_CODE":0,"DPS_HKD_LY":null,"ORG_TYPE":"一般企业","PREMIUM_INCOME":null,"PREMIUM_INCOME_YOY":null,"NET_INTEREST_INCOME":null,"NET_INTEREST_INCOME_YOY":null,"FEE_COMMISSION_INCOME":null,"FEE_COMMISSION_INCOME_YOY":null,"ACCOUNTS_RECE_TDAYS":0.242543651436,"INVENTORY_TDAYS":null,"CURRENT_ASSETS_TDAYS":0.131038562294,"TOTAL_ASSETS_TDAYS":0.081284151278,"PREMIUM_EXPENSE":null,"LOAN_DEPOSIT":null,"LOAN_EQUITY":null,"LOAN_ASSETS":null,"DEPOSIT_EQUITY":null,"DEPOSIT_ASSETS":null,"EQUITY_MULTIPLIER":1.252420502145,"EQUITY_RATIO":0.263617156257},{"SECUCODE":"00613.HK","SECURITY_CODE":"00613","SECURITY_NAME_ABBR":"梧桐国际","ORG_CODE":"10009001","STD_REPORT_DATE":"2020-06-30 00:00:00","REPORT_DATE":"2020-06-30 00:00:00","DATE_TYPE_CODE":"002","REPORT_TYPE":"2020年中报","PER_NETCASH_OPERATE":-0.192910656152,"PER_OI":0.034817323996,"BPS":1.56038131914,"BASIC_EPS":-0.072892512,"DILUTED_EPS":-0.072892512,"OPERATE_INCOME":32502935.52,"OPERATE_INCOME_YOY":-6.370382065,"GROSS_PROFIT":32502935.52,"GROSS_PROFIT_YOY":-2.774892337375,"HOLDER_PROFIT":-67853976.96,"HOLDER_PROFIT_YOY":-331.2270435162,"GROSS_PROFIT_RATIO":null,"EPS_TTM":-0.081547974204,"OPERATE_INCOME_QOQ":-17.799803687434,"NET_PROFIT_RATIO":-205.3087148357,"ROE_AVG":-4.531713115547,"GROSS_PROFIT_QOQ":-17.799803687434,"ROA":-3.653595976736,"HOLDER_PROFIT_QOQ":-480.890824881362,"ROE_YEARLY":-9.063426231093,"ROIC_YEARLY":-9.179788992385,"TOTAL_ASSETS":1850531701.92,"TOTAL_LIABILITIES":272537612.16,"TAX_EBT":-0.026014568158,"OCF_SALES":-554.065143467386,"TOTAL_PARENT_EQUITY":1475383720.8,"DEBT_ASSET_RATIO":14.7275300324,"OPERATE_PROFIT":-62384298.24,"PRETAX_PROFIT":-66714003.84,"NETCASH_OPERATE":-180087436.32,"NETCASH_INVEST":70966980.48,"NETCASH_FINANCE":190829490.72,"END_CASH":293859128.64,"DIVI_RATIO":null,"DIVIDEND_RATE":null,"CURRENT_RATIO":4.947073608618,"COMMON_ACS":5000000000,"CURRENTDEBT_DEBT":98.009478355298,"ISSUED_COMMON_SHARES":945527675,"HK_COMMON_SHARES":945527675,"PER_SHARES":2000,"TOTAL_MARKET_CAP":192887645.7,"HKSK_MARKET_CAP":192887645.7,"PE_TTM":-0.962009155383,"PB_TTM":0.132354151136,"REPORT_DATE_SQ":"2019-06-30 00:00:00","REPORT_TYPE_SQ":"2019年中报","OPERATE_INCOME_SQ":33430598.64,"DPS_HKD":null,"OPERATE_INCOME_QOQ_SQ":-0.660860013849,"NET_PROFIT_RATIO_SQ":84.5332070308,"HOLDER_PROFIT_SQ":28259957.16,"HOLDER_PROFIT_QOQ_SQ":-24.183279799166,"ROE_AVG_SQ":1.948870509244,"PE_TTM_SQ":-6.514590567728,"PB_TTM_SQ":0.193408260952,"ROA_SQ":1.934194286402,"START_DATE":"2020-01-01 00:00:00","FISCAL_YEAR":"12-31","CURRENCY":"HKD","IS_CNY_CODE":0,"DPS_HKD_LY":null,"ORG_TYPE":"一般企业","PREMIUM_INCOME":null,"PREMIUM_INCOME_YOY":null,"NET_INTEREST_INCOME":null,"NET_INTEREST_INCOME_YOY":null,"FEE_COMMISSION_INCOME":null,"FEE_COMMISSION_INCOME_YOY":null,"ACCOUNTS_RECE_TDAYS":0.06306683138,"INVENTORY_TDAYS":null,"CURRENT_ASSETS_TDAYS":0.027121561119,"TOTAL_ASSETS_TDAYS":0.017501198864,"PREMIUM_EXPENSE":null,"LOAN_DEPOSIT":null,"LOAN_EQUITY":null,"LOAN_ASSETS":null,"DEPOSIT_EQUITY":null,"DEPOSIT_ASSETS":null,"EQUITY_MULTIPLIER":1.172711427709,"EQUITY_RATIO":0.184723206795}],"count":48},"success":true,"message":"ok","code":0}