{"version":"dc54844be10a9e379fbe589eddc62d4a","result":{"pages":6,"data":[{"SECUCODE":"00619.HK","SECURITY_CODE":"00619","SECURITY_NAME_ABBR":"南华金融","ORG_CODE":"10009006","STD_REPORT_DATE":"2024-06-30 00:00:00","REPORT_DATE":"2024-06-30 00:00:00","DATE_TYPE_CODE":"002","REPORT_TYPE":"2024年中报","PER_NETCASH_OPERATE":-0.086291631155,"PER_OI":0.057040025383,"BPS":0.525844266077,"BASIC_EPS":-0.144751048,"DILUTED_EPS":-0.144751048,"OPERATE_INCOME":17184851.72,"OPERATE_INCOME_YOY":-12.8811363531,"GROSS_PROFIT":null,"GROSS_PROFIT_YOY":null,"HOLDER_PROFIT":-43614239.16,"HOLDER_PROFIT_YOY":-7.9322416714,"GROSS_PROFIT_RATIO":null,"EPS_TTM":-0.427067749364,"OPERATE_INCOME_QOQ":-4.30893391425,"NET_PROFIT_RATIO":-253.7946784216,"ROE_AVG":-24.193438149458,"GROSS_PROFIT_QOQ":null,"ROA":-4.359063823383,"HOLDER_PROFIT_QOQ":-2.219374785082,"ROE_YEARLY":-48.386876298916,"ROIC_YEARLY":-9.127233485814,"TOTAL_ASSETS":988634142.28,"TOTAL_LIABILITIES":830209322.52,"TAX_EBT":0.891350932385,"OCF_SALES":-151.282595995539,"TOTAL_PARENT_EQUITY":158424819.76,"DEBT_ASSET_RATIO":83.9753845245,"OPERATE_PROFIT":-33857689.96,"PRETAX_PROFIT":-40035620.88,"NETCASH_OPERATE":-25997689.8,"NETCASH_INVEST":550346.04,"NETCASH_FINANCE":18469905.16,"END_CASH":40737471.8,"DIVI_RATIO":null,"DIVIDEND_RATE":null,"CURRENT_RATIO":0.796225554011,"COMMON_ACS":null,"CURRENTDEBT_DEBT":66.96601618884,"ISSUED_COMMON_SHARES":301277070,"HK_COMMON_SHARES":301277070,"PER_SHARES":2000,"TOTAL_MARKET_CAP":53024764.32,"HKSK_MARKET_CAP":53024764.32,"PE_TTM":-0.372338770592,"PB_TTM":0.305473864341,"REPORT_DATE_SQ":"2023-06-30 00:00:00","REPORT_TYPE_SQ":"2023年中报","OPERATE_INCOME_SQ":19926753.74,"DPS_HKD":null,"OPERATE_INCOME_QOQ_SQ":23.057562688735,"NET_PROFIT_RATIO_SQ":-132.0543981481,"HOLDER_PROFIT_SQ":-40820664.5,"HOLDER_PROFIT_QOQ_SQ":15.488728279245,"ROE_AVG_SQ":-14.267806157634,"PE_TTM_SQ":-0.396111555736,"PB_TTM_SQ":0.169510729557,"ROA_SQ":-3.5752657022,"START_DATE":"2024-01-01 00:00:00","FISCAL_YEAR":"12-31","CURRENCY":"HKD","IS_CNY_CODE":0,"DPS_HKD_LY":null,"ORG_TYPE":"证券","PREMIUM_INCOME":null,"PREMIUM_INCOME_YOY":null,"NET_INTEREST_INCOME":null,"NET_INTEREST_INCOME_YOY":null,"FEE_COMMISSION_INCOME":null,"FEE_COMMISSION_INCOME_YOY":null,"ACCOUNTS_RECE_TDAYS":0.474778420767,"INVENTORY_TDAYS":null,"CURRENT_ASSETS_TDAYS":0.038262392756,"TOTAL_ASSETS_TDAYS":0.0171755525,"PREMIUM_EXPENSE":null,"LOAN_DEPOSIT":null,"LOAN_EQUITY":null,"LOAN_ASSETS":null,"DEPOSIT_EQUITY":null,"DEPOSIT_ASSETS":null,"EQUITY_MULTIPLIER":6.240399350168,"EQUITY_RATIO":5.240399350163},{"SECUCODE":"00619.HK","SECURITY_CODE":"00619","SECURITY_NAME_ABBR":"南华金融","ORG_CODE":"10009006","STD_REPORT_DATE":"2023-12-31 00:00:00","REPORT_DATE":"2023-12-31 00:00:00","DATE_TYPE_CODE":"001","REPORT_TYPE":"2023年年报","PER_NETCASH_OPERATE":0.184142398159,"PER_OI":0.211210750158,"BPS":0.666132922031,"BASIC_EPS":-0.41776742,"DILUTED_EPS":-0.41776742,"OPERATE_INCOME":63632955.96,"OPERATE_INCOME_YOY":25.6473114431,"GROSS_PROFIT":null,"GROSS_PROFIT_YOY":null,"HOLDER_PROFIT":-125872145.56,"HOLDER_PROFIT_YOY":8.0888288932,"GROSS_PROFIT_RATIO":null,"EPS_TTM":-0.417795305697,"OPERATE_INCOME_QOQ":-24.204136765742,"NET_PROFIT_RATIO":-199.3762283175,"ROE_AVG":-50.129295021826,"GROSS_PROFIT_QOQ":null,"ROA":-11.687589351603,"HOLDER_PROFIT_QOQ":-10.332778933323,"ROE_YEARLY":-50.129295021826,"ROIC_YEARLY":-12.236997672382,"TOTAL_ASSETS":1005282533.08,"TOTAL_LIABILITIES":804591958.1,"TAX_EBT":2.579972035516,"OCF_SALES":87.184197784044,"TOTAL_PARENT_EQUITY":200690574.98,"DEBT_ASSET_RATIO":80.0364008748,"OPERATE_PROFIT":-114129346.8,"PRETAX_PROFIT":-127680054.46,"NETCASH_OPERATE":55477882.18,"NETCASH_INVEST":-1752629.48,"NETCASH_FINANCE":-54526351.18,"END_CASH":47151532.82,"DIVI_RATIO":null,"DIVIDEND_RATE":null,"CURRENT_RATIO":0.821687179327,"COMMON_ACS":null,"CURRENTDEBT_DEBT":68.424573832439,"ISSUED_COMMON_SHARES":301277070,"HK_COMMON_SHARES":301277070,"PER_SHARES":2000,"TOTAL_MARKET_CAP":48204331.2,"HKSK_MARKET_CAP":48204331.2,"PE_TTM":-0.338489791447,"PB_TTM":0.277703513037,"REPORT_DATE_SQ":"2022-12-31 00:00:00","REPORT_TYPE_SQ":"2022年年报","OPERATE_INCOME_SQ":49920393.95,"DPS_HKD":null,"OPERATE_INCOME_QOQ_SQ":16.046618351508,"NET_PROFIT_RATIO_SQ":-198.5741220834,"HOLDER_PROFIT_SQ":-134992748.94,"HOLDER_PROFIT_QOQ_SQ":-4.163430741401,"ROE_AVG_SQ":-36.960214245098,"PE_TTM_SQ":-0.647960260926,"PB_TTM_SQ":0.277286069955,"ROA_SQ":-10.495811489053,"START_DATE":"2023-01-01 00:00:00","FISCAL_YEAR":"12-31","CURRENCY":"HKD","IS_CNY_CODE":0,"DPS_HKD_LY":null,"ORG_TYPE":"证券","PREMIUM_INCOME":null,"PREMIUM_INCOME_YOY":null,"NET_INTEREST_INCOME":null,"NET_INTEREST_INCOME_YOY":null,"FEE_COMMISSION_INCOME":null,"FEE_COMMISSION_INCOME_YOY":null,"ACCOUNTS_RECE_TDAYS":1.702791182676,"INVENTORY_TDAYS":null,"CURRENT_ASSETS_TDAYS":0.11689021878,"TOTAL_ASSETS_TDAYS":0.059085022757,"PREMIUM_EXPENSE":null,"LOAN_DEPOSIT":null,"LOAN_EQUITY":null,"LOAN_ASSETS":null,"DEPOSIT_EQUITY":null,"DEPOSIT_ASSETS":null,"EQUITY_MULTIPLIER":5.009116811696,"EQUITY_RATIO":4.00911681169},{"SECUCODE":"00619.HK","SECURITY_CODE":"00619","SECURITY_NAME_ABBR":"南华金融","ORG_CODE":"10009006","STD_REPORT_DATE":"2023-06-30 00:00:00","REPORT_DATE":"2023-06-30 00:00:00","DATE_TYPE_CODE":"002","REPORT_TYPE":"2023年中报","PER_NETCASH_OPERATE":0.088049211843,"PER_OI":0.066140957027,"BPS":0.881128648257,"BASIC_EPS":-0.13553106,"DILUTED_EPS":-0.13553106,"OPERATE_INCOME":19926753.74,"OPERATE_INCOME_YOY":83.1963954413,"GROSS_PROFIT":null,"GROSS_PROFIT_YOY":null,"HOLDER_PROFIT":-40820664.5,"HOLDER_PROFIT_YOY":38.6619932947,"GROSS_PROFIT_RATIO":null,"EPS_TTM":-0.378668342931,"OPERATE_INCOME_QOQ":23.057562688735,"NET_PROFIT_RATIO":-132.0543981481,"ROE_AVG":-14.267806157634,"GROSS_PROFIT_QOQ":null,"ROA":-3.5752657022,"HOLDER_PROFIT_QOQ":15.488728279245,"ROE_YEARLY":-28.535612315268,"ROIC_YEARLY":-7.43738278038,"TOTAL_ASSETS":1114864669.86,"TOTAL_LIABILITIES":849092871.1,"TAX_EBT":null,"OCF_SALES":83.252314814815,"TOTAL_PARENT_EQUITY":265463857.44,"DEBT_ASSET_RATIO":76.1610708506,"OPERATE_PROFIT":-23210846.5,"PRETAX_PROFIT":-29949598.32,"NETCASH_OPERATE":26527208.56,"NETCASH_INVEST":-242480.74,"NETCASH_FINANCE":-38996066.08,"END_CASH":36027290.48,"DIVI_RATIO":null,"DIVIDEND_RATE":null,"CURRENT_RATIO":0.865505742868,"COMMON_ACS":null,"CURRENTDEBT_DEBT":70.043379354902,"ISSUED_COMMON_SHARES":301277070,"HK_COMMON_SHARES":301277070,"PER_SHARES":2000,"TOTAL_MARKET_CAP":48204331.2,"HKSK_MARKET_CAP":48204331.2,"PE_TTM":-0.338489791447,"PB_TTM":0.277703513037,"REPORT_DATE_SQ":"2022-06-30 00:00:00","REPORT_TYPE_SQ":"2022年中报","OPERATE_INCOME_SQ":16133159.35,"DPS_HKD":null,"OPERATE_INCOME_QOQ_SQ":-33.733634037877,"NET_PROFIT_RATIO_SQ":-232.8443200463,"HOLDER_PROFIT_SQ":-61729324.58,"HOLDER_PROFIT_QOQ_SQ":-105.232320298438,"ROE_AVG_SQ":-16.189060015386,"PE_TTM_SQ":-0.647960260926,"PB_TTM_SQ":0.277286069955,"ROA_SQ":-4.791633129594,"START_DATE":"2023-01-01 00:00:00","FISCAL_YEAR":"12-31","CURRENCY":"HKD","IS_CNY_CODE":0,"DPS_HKD_LY":null,"ORG_TYPE":"证券","PREMIUM_INCOME":null,"PREMIUM_INCOME_YOY":null,"NET_INTEREST_INCOME":null,"NET_INTEREST_INCOME_YOY":null,"FEE_COMMISSION_INCOME":null,"FEE_COMMISSION_INCOME_YOY":null,"ACCOUNTS_RECE_TDAYS":0.539596544665,"INVENTORY_TDAYS":null,"CURRENT_ASSETS_TDAYS":0.05483299023,"TOTAL_ASSETS_TDAYS":0.02790766407,"PREMIUM_EXPENSE":null,"LOAN_DEPOSIT":null,"LOAN_EQUITY":null,"LOAN_ASSETS":null,"DEPOSIT_EQUITY":null,"DEPOSIT_ASSETS":null,"EQUITY_MULTIPLIER":4.194819296341,"EQUITY_RATIO":3.198525325776},{"SECUCODE":"00619.HK","SECURITY_CODE":"00619","SECURITY_NAME_ABBR":"南华金融","ORG_CODE":"10009006","STD_REPORT_DATE":"2022-12-31 00:00:00","REPORT_DATE":"2022-12-31 00:00:00","DATE_TYPE_CODE":"001","REPORT_TYPE":"2022年年报","PER_NETCASH_OPERATE":0.117186493748,"PER_OI":0.165695962026,"BPS":0.986437265206,"BASIC_EPS":-0.44842154,"DILUTED_EPS":-0.44842154,"OPERATE_INCOME":49920393.95,"OPERATE_INCOME_YOY":-29.6144063111,"GROSS_PROFIT":null,"GROSS_PROFIT_YOY":null,"HOLDER_PROFIT":-134992748.94,"HOLDER_PROFIT_YOY":-95.6677111117,"GROSS_PROFIT_RATIO":null,"EPS_TTM":-0.448068447227,"OPERATE_INCOME_QOQ":16.046618351508,"NET_PROFIT_RATIO":-198.5741220834,"ROE_AVG":-36.960214245098,"GROSS_PROFIT_QOQ":null,"ROA":-10.495811489053,"HOLDER_PROFIT_QOQ":-4.163430741401,"ROE_YEARLY":-36.960214245098,"ROIC_YEARLY":-11.060986494899,"TOTAL_ASSETS":1132248309.64,"TOTAL_LIABILITIES":833492371.6,"TAX_EBT":2.436901653612,"OCF_SALES":51.750595752481,"TOTAL_PARENT_EQUITY":297190929,"DEBT_ASSET_RATIO":73.6139205953,"OPERATE_PROFIT":-127500893.45,"PRETAX_PROFIT":-137533208.82,"NETCASH_OPERATE":35305603.48,"NETCASH_INVEST":1697213,"NETCASH_FINANCE":-54889654.96,"END_CASH":47281674.37,"DIVI_RATIO":null,"DIVIDEND_RATE":null,"CURRENT_RATIO":0.903465391117,"COMMON_ACS":null,"CURRENTDEBT_DEBT":83.303253740301,"ISSUED_COMMON_SHARES":301277070,"HK_COMMON_SHARES":301277070,"PER_SHARES":2000,"TOTAL_MARKET_CAP":48204331.2,"HKSK_MARKET_CAP":48204331.2,"PE_TTM":-0.338489791447,"PB_TTM":0.277703513037,"REPORT_DATE_SQ":"2021-12-31 00:00:00","REPORT_TYPE_SQ":"2021年年报","OPERATE_INCOME_SQ":88716140.8,"DPS_HKD":null,"OPERATE_INCOME_QOQ_SQ":-18.092327383753,"NET_PROFIT_RATIO_SQ":-71.4491097431,"HOLDER_PROFIT_SQ":-63146518.4,"HOLDER_PROFIT_QOQ_SQ":4.515321510005,"ROE_AVG_SQ":-14.739031697868,"PE_TTM_SQ":-0.647960260926,"PB_TTM_SQ":0.277286069955,"ROA_SQ":-4.280026588766,"START_DATE":"2022-01-01 00:00:00","FISCAL_YEAR":"12-31","CURRENCY":"HKD","IS_CNY_CODE":0,"DPS_HKD_LY":null,"ORG_TYPE":"证券","PREMIUM_INCOME":null,"PREMIUM_INCOME_YOY":null,"NET_INTEREST_INCOME":null,"NET_INTEREST_INCOME_YOY":null,"FEE_COMMISSION_INCOME":null,"FEE_COMMISSION_INCOME_YOY":null,"ACCOUNTS_RECE_TDAYS":1.093447338042,"INVENTORY_TDAYS":null,"CURRENT_ASSETS_TDAYS":0.090118887691,"TOTAL_ASSETS_TDAYS":0.05304370685,"PREMIUM_EXPENSE":null,"LOAN_DEPOSIT":null,"LOAN_EQUITY":null,"LOAN_ASSETS":null,"DEPOSIT_EQUITY":null,"DEPOSIT_ASSETS":null,"EQUITY_MULTIPLIER":3.78987717221,"EQUITY_RATIO":2.804568680493},{"SECUCODE":"00619.HK","SECURITY_CODE":"00619","SECURITY_NAME_ABBR":"南华金融","ORG_CODE":"10009006","STD_REPORT_DATE":"2022-06-30 00:00:00","REPORT_DATE":"2022-06-30 00:00:00","DATE_TYPE_CODE":"002","REPORT_TYPE":"2022年中报","PER_NETCASH_OPERATE":0.000615965331,"PER_OI":0.053549244056,"BPS":1.154389993138,"BASIC_EPS":-0.204903524,"DILUTED_EPS":-0.204903524,"OPERATE_INCOME":16133159.35,"OPERATE_INCOME_YOY":-54.2311486755,"GROSS_PROFIT":null,"GROSS_PROFIT_YOY":null,"HOLDER_PROFIT":-61729324.58,"HOLDER_PROFIT_YOY":-1372.1536834685,"GROSS_PROFIT_RATIO":null,"EPS_TTM":-0.430159072179,"OPERATE_INCOME_QOQ":-33.733634037877,"NET_PROFIT_RATIO":-232.8443200463,"ROE_AVG":-16.189060015386,"GROSS_PROFIT_QOQ":null,"ROA":-4.791633129594,"HOLDER_PROFIT_QOQ":-105.232320298438,"ROE_YEARLY":-32.378120030771,"ROIC_YEARLY":-10.004754136307,"TOTAL_ASSETS":1197868053.76,"TOTAL_LIABILITIES":848417750.39,"TAX_EBT":-0.02229623333,"OCF_SALES":0.698130811054,"TOTAL_PARENT_EQUITY":347791234.77,"DEBT_ASSET_RATIO":70.8273125514,"OPERATE_PROFIT":-57630398.91,"PRETAX_PROFIT":-61369289.59,"NETCASH_OPERATE":185576.23,"NETCASH_INVEST":998006.73,"NETCASH_FINANCE":-33784280.95,"END_CASH":26614367.99,"DIVI_RATIO":null,"DIVIDEND_RATE":null,"CURRENT_RATIO":0.928021753344,"COMMON_ACS":null,"CURRENTDEBT_DEBT":87.261624806845,"ISSUED_COMMON_SHARES":301277070,"HK_COMMON_SHARES":301277070,"PER_SHARES":2000,"TOTAL_MARKET_CAP":48204331.2,"HKSK_MARKET_CAP":48204331.2,"PE_TTM":-0.338489791447,"PB_TTM":0.277703513037,"REPORT_DATE_SQ":"2021-06-30 00:00:00","REPORT_TYPE_SQ":"2021年中报","OPERATE_INCOME_SQ":56509049.04,"DPS_HKD":null,"OPERATE_INCOME_QOQ_SQ":27.039260051782,"NET_PROFIT_RATIO_SQ":8.3371372197,"HOLDER_PROFIT_SQ":4721221.92,"HOLDER_PROFIT_QOQ_SQ":70.705666441316,"ROE_AVG_SQ":1.002803041282,"PE_TTM_SQ":-0.647960260926,"PB_TTM_SQ":0.277286069955,"ROA_SQ":0.274639106595,"START_DATE":"2022-01-01 00:00:00","FISCAL_YEAR":"12-31","CURRENCY":"HKD","IS_CNY_CODE":0,"DPS_HKD_LY":null,"ORG_TYPE":"证券","PREMIUM_INCOME":null,"PREMIUM_INCOME_YOY":null,"NET_INTEREST_INCOME":null,"NET_INTEREST_INCOME_YOY":null,"FEE_COMMISSION_INCOME":null,"FEE_COMMISSION_INCOME_YOY":null,"ACCOUNTS_RECE_TDAYS":0.29940404866,"INVENTORY_TDAYS":null,"CURRENT_ASSETS_TDAYS":0.034611581512,"TOTAL_ASSETS_TDAYS":0.020633722059,"PREMIUM_EXPENSE":null,"LOAN_DEPOSIT":null,"LOAN_EQUITY":null,"LOAN_ASSETS":null,"DEPOSIT_EQUITY":null,"DEPOSIT_ASSETS":null,"EQUITY_MULTIPLIER":3.42786382558,"EQUITY_RATIO":2.439445464895},{"SECUCODE":"00619.HK","SECURITY_CODE":"00619","SECURITY_NAME_ABBR":"南华金融","ORG_CODE":"10009006","STD_REPORT_DATE":"2021-12-31 00:00:00","REPORT_DATE":"2021-12-31 00:00:00","DATE_TYPE_CODE":"001","REPORT_TYPE":"2021年年报","PER_NETCASH_OPERATE":0.094179057172,"PER_OI":0.294466952961,"BPS":1.316333061789,"BASIC_EPS":-0.2093056,"DILUTED_EPS":-0.2093056,"OPERATE_INCOME":88716140.8,"OPERATE_INCOME_YOY":7.114441121,"GROSS_PROFIT":null,"GROSS_PROFIT_YOY":null,"HOLDER_PROFIT":-63146518.4,"HOLDER_PROFIT_YOY":71.2059471571,"GROSS_PROFIT_RATIO":null,"EPS_TTM":-0.209596164753,"OPERATE_INCOME_QOQ":-18.092327383753,"NET_PROFIT_RATIO":-71.4491097431,"ROE_AVG":-14.739031697868,"GROSS_PROFIT_QOQ":null,"ROA":-4.280026588766,"HOLDER_PROFIT_QOQ":4.515321510005,"ROE_YEARLY":-14.739031697868,"ROIC_YEARLY":-4.507715334689,"TOTAL_ASSETS":1318078305.6,"TOTAL_LIABILITIES":919712516.8,"TAX_EBT":2.433867760691,"OCF_SALES":31.982895270395,"TOTAL_PARENT_EQUITY":396580968,"DEBT_ASSET_RATIO":69.7767737237,"OPERATE_PROFIT":-56900872,"PRETAX_PROFIT":-64968131.2,"NETCASH_OPERATE":28373990.4,"NETCASH_INVEST":-1855952,"NETCASH_FINANCE":-23720211.2,"END_CASH":60029827.2,"DIVI_RATIO":null,"DIVIDEND_RATE":null,"CURRENT_RATIO":1.050001216369,"COMMON_ACS":null,"CURRENTDEBT_DEBT":84.046838232614,"ISSUED_COMMON_SHARES":301277070,"HK_COMMON_SHARES":301277070,"PER_SHARES":2000,"TOTAL_MARKET_CAP":48204331.2,"HKSK_MARKET_CAP":48204331.2,"PE_TTM":-0.338489791447,"PB_TTM":0.277703513037,"REPORT_DATE_SQ":"2020-12-31 00:00:00","REPORT_TYPE_SQ":"2020年年报","OPERATE_INCOME_SQ":85258973.64,"DPS_HKD":null,"OPERATE_INCOME_QOQ_SQ":-16.421897538862,"NET_PROFIT_RATIO_SQ":-265.1958026081,"HOLDER_PROFIT_SQ":-225752255.56,"HOLDER_PROFIT_QOQ_SQ":8.431134903066,"ROE_AVG_SQ":-38.425691143564,"PE_TTM_SQ":-0.647960260926,"PB_TTM_SQ":0.277286069955,"ROA_SQ":-13.157619778052,"START_DATE":"2021-01-01 00:00:00","FISCAL_YEAR":"12-31","CURRENCY":"HKD","IS_CNY_CODE":0,"DPS_HKD_LY":null,"ORG_TYPE":"证券","PREMIUM_INCOME":null,"PREMIUM_INCOME_YOY":null,"NET_INTEREST_INCOME":null,"NET_INTEREST_INCOME_YOY":null,"FEE_COMMISSION_INCOME":null,"FEE_COMMISSION_INCOME_YOY":null,"ACCOUNTS_RECE_TDAYS":0.834904916343,"INVENTORY_TDAYS":null,"CURRENT_ASSETS_TDAYS":0.091658585538,"TOTAL_ASSETS_TDAYS":0.060131176049,"PREMIUM_EXPENSE":null,"LOAN_DEPOSIT":null,"LOAN_EQUITY":null,"LOAN_ASSETS":null,"DEPOSIT_EQUITY":null,"DEPOSIT_ASSETS":null,"EQUITY_MULTIPLIER":3.308713606079,"EQUITY_RATIO":2.319104019132},{"SECUCODE":"00619.HK","SECURITY_CODE":"00619","SECURITY_NAME_ABBR":"南华金融","ORG_CODE":"10009006","STD_REPORT_DATE":"2021-06-30 00:00:00","REPORT_DATE":"2021-06-30 00:00:00","DATE_TYPE_CODE":"002","REPORT_TYPE":"2021年中报","PER_NETCASH_OPERATE":-0.38066483586,"PER_OI":0.187565051134,"BPS":1.570557988499,"BASIC_EPS":0.01580952,"DILUTED_EPS":0.00915288,"OPERATE_INCOME":56509049.04,"OPERATE_INCOME_YOY":85.4229236062,"GROSS_PROFIT":null,"GROSS_PROFIT_YOY":null,"HOLDER_PROFIT":4721221.92,"HOLDER_PROFIT_YOY":103.345972626,"GROSS_PROFIT_RATIO":null,"EPS_TTM":-0.219507640459,"OPERATE_INCOME_QOQ":27.039260051782,"NET_PROFIT_RATIO":8.3371372197,"ROE_AVG":1.002803041282,"GROSS_PROFIT_QOQ":null,"ROA":0.274639106595,"HOLDER_PROFIT_QOQ":70.705666441316,"ROE_YEARLY":2.005606082564,"ROIC_YEARLY":0.575454930388,"TOTAL_ASSETS":1776537396.48,"TOTAL_LIABILITIES":1301366463.36,"TAX_EBT":1.871750433276,"OCF_SALES":-202.950834155464,"TOTAL_PARENT_EQUITY":473173109.04,"DEBT_ASSET_RATIO":73.2529732241,"OPERATE_PROFIT":8594554.32,"PRETAX_PROFIT":4801101.6,"NETCASH_OPERATE":-114685586.4,"NETCASH_INVEST":-3949051.68,"NETCASH_FINANCE":123770235.84,"END_CASH":63169017.36,"DIVI_RATIO":null,"DIVIDEND_RATE":null,"CURRENT_RATIO":1.07034101239,"COMMON_ACS":null,"CURRENTDEBT_DEBT":90.383134952097,"ISSUED_COMMON_SHARES":301277070,"HK_COMMON_SHARES":301277070,"PER_SHARES":2000,"TOTAL_MARKET_CAP":48204331.2,"HKSK_MARKET_CAP":48204331.2,"PE_TTM":-0.338489791447,"PB_TTM":0.277703513037,"REPORT_DATE_SQ":"2020-06-30 00:00:00","REPORT_TYPE_SQ":"2020年中报","OPERATE_INCOME_SQ":33455653.44,"DPS_HKD":null,"OPERATE_INCOME_QOQ_SQ":-45.313517360236,"NET_PROFIT_RATIO_SQ":-463.534101458,"HOLDER_PROFIT_SQ":-154898414.88,"HOLDER_PROFIT_QOQ_SQ":-254.827366543828,"ROE_AVG_SQ":-22.848361829168,"PE_TTM_SQ":-0.647960260926,"PB_TTM_SQ":0.277286069955,"ROA_SQ":-8.48486364711,"START_DATE":"2021-01-01 00:00:00","FISCAL_YEAR":"12-31","CURRENCY":"HKD","IS_CNY_CODE":0,"DPS_HKD_LY":null,"ORG_TYPE":"证券","PREMIUM_INCOME":null,"PREMIUM_INCOME_YOY":null,"NET_INTEREST_INCOME":null,"NET_INTEREST_INCOME_YOY":null,"FEE_COMMISSION_INCOME":null,"FEE_COMMISSION_INCOME_YOY":null,"ACCOUNTS_RECE_TDAYS":0.354205185844,"INVENTORY_TDAYS":null,"CURRENT_ASSETS_TDAYS":0.047031749703,"TOTAL_ASSETS_TDAYS":0.032871987392,"PREMIUM_EXPENSE":null,"LOAN_DEPOSIT":null,"LOAN_EQUITY":null,"LOAN_ASSETS":null,"DEPOSIT_EQUITY":null,"DEPOSIT_ASSETS":null,"EQUITY_MULTIPLIER":3.73873331185,"EQUITY_RATIO":2.750296748689},{"SECUCODE":"00619.HK","SECURITY_CODE":"00619","SECURITY_NAME_ABBR":"南华金融","ORG_CODE":"10009006","STD_REPORT_DATE":"2020-12-31 00:00:00","REPORT_DATE":"2020-12-31 00:00:00","DATE_TYPE_CODE":"001","REPORT_TYPE":"2020年年报","PER_NETCASH_OPERATE":0.001935947266,"PER_OI":0.282991910536,"BPS":1.572684780159,"BASIC_EPS":-0.7490596,"DILUTED_EPS":-0.7490596,"OPERATE_INCOME":85258973.64,"OPERATE_INCOME_YOY":-51.3539600751,"GROSS_PROFIT":null,"GROSS_PROFIT_YOY":null,"HOLDER_PROFIT":-225752255.56,"HOLDER_PROFIT_YOY":-245.811899697,"GROSS_PROFIT_RATIO":null,"EPS_TTM":-0.749317747813,"OPERATE_INCOME_QOQ":-16.421897538862,"NET_PROFIT_RATIO":-265.1958026081,"ROE_AVG":-38.425691143564,"GROSS_PROFIT_QOQ":null,"ROA":-13.157619778052,"HOLDER_PROFIT_QOQ":8.431134903066,"ROE_YEARLY":-38.425691143564,"ROIC_YEARLY":-13.772488910546,"TOTAL_ASSETS":1680681015.68,"TOTAL_LIABILITIES":1204814393.12,"TAX_EBT":-4.982492887736,"OCF_SALES":0.684099860811,"TOTAL_PARENT_EQUITY":473813862.6,"DEBT_ASSET_RATIO":71.6860833126,"OPERATE_PROFIT":-203818275.52,"PRETAX_PROFIT":-215372309.44,"NETCASH_OPERATE":583256.52,"NETCASH_INVEST":3782330.16,"NETCASH_FINANCE":16798292.76,"END_CASH":58352584.48,"DIVI_RATIO":null,"DIVIDEND_RATE":null,"CURRENT_RATIO":1.087864102635,"COMMON_ACS":null,"CURRENTDEBT_DEBT":88.291158694188,"ISSUED_COMMON_SHARES":301277070,"HK_COMMON_SHARES":301277070,"PER_SHARES":2000,"TOTAL_MARKET_CAP":48204331.2,"HKSK_MARKET_CAP":48204331.2,"PE_TTM":-0.338489791447,"PB_TTM":0.277703513037,"REPORT_DATE_SQ":"2019-12-31 00:00:00","REPORT_TYPE_SQ":"2019年年报","OPERATE_INCOME_SQ":186538122.98,"DPS_HKD":null,"OPERATE_INCOME_QOQ_SQ":-0.854991963235,"NET_PROFIT_RATIO_SQ":-37.0661877344,"HOLDER_PROFIT_SQ":-69481175.7,"HOLDER_PROFIT_QOQ_SQ":25.972923070936,"ROE_AVG_SQ":-8.881542788048,"PE_TTM_SQ":-0.647960260926,"PB_TTM_SQ":0.277286069955,"ROA_SQ":-3.551793148403,"START_DATE":"2020-01-01 00:00:00","FISCAL_YEAR":"12-31","CURRENCY":"HKD","IS_CNY_CODE":0,"DPS_HKD_LY":null,"ORG_TYPE":"证券","PREMIUM_INCOME":null,"PREMIUM_INCOME_YOY":null,"NET_INTEREST_INCOME":null,"NET_INTEREST_INCOME_YOY":null,"FEE_COMMISSION_INCOME":null,"FEE_COMMISSION_INCOME_YOY":null,"ACCOUNTS_RECE_TDAYS":0.664837779214,"INVENTORY_TDAYS":null,"CURRENT_ASSETS_TDAYS":0.073924394262,"TOTAL_ASSETS_TDAYS":0.049691869303,"PREMIUM_EXPENSE":null,"LOAN_DEPOSIT":null,"LOAN_EQUITY":null,"LOAN_ASSETS":null,"DEPOSIT_EQUITY":null,"DEPOSIT_ASSETS":null,"EQUITY_MULTIPLIER":3.531832105888,"EQUITY_RATIO":2.542801062233},{"SECUCODE":"00619.HK","SECURITY_CODE":"00619","SECURITY_NAME_ABBR":"南华金融","ORG_CODE":"10009006","STD_REPORT_DATE":"2020-06-30 00:00:00","REPORT_DATE":"2020-06-30 00:00:00","DATE_TYPE_CODE":"002","REPORT_TYPE":"2020年中报","PER_NETCASH_OPERATE":0.079954064343,"PER_OI":0.111046132518,"BPS":1.974496407841,"BASIC_EPS":-0.51426672,"DILUTED_EPS":-0.51426672,"OPERATE_INCOME":33455653.44,"OPERATE_INCOME_YOY":-72.6922302662,"GROSS_PROFIT":null,"GROSS_PROFIT_YOY":null,"HOLDER_PROFIT":-154898414.88,"HOLDER_PROFIT_YOY":-773.1917427551,"GROSS_PROFIT_RATIO":null,"EPS_TTM":-0.818310620121,"OPERATE_INCOME_QOQ":-45.313517360236,"NET_PROFIT_RATIO":-463.534101458,"ROE_AVG":-22.848361829168,"GROSS_PROFIT_QOQ":null,"ROA":-8.48486364711,"HOLDER_PROFIT_QOQ":-254.827366543828,"ROE_YEARLY":-45.696723658336,"ROIC_YEARLY":-17.871105611113,"TOTAL_ASSETS":1750983183.84,"TOTAL_LIABILITIES":1153867455.84,"TAX_EBT":-0.053039768039,"OCF_SALES":72.000764484246,"TOTAL_PARENT_EQUITY":594870492.48,"DEBT_ASSET_RATIO":65.898260274,"OPERATE_PROFIT":-147516906.24,"PRETAX_PROFIT":-154996152.96,"NETCASH_OPERATE":24088326.24,"NETCASH_INVEST":1448715.84,"NETCASH_FINANCE":13882461.12,"END_CASH":76607472.48,"DIVI_RATIO":null,"DIVIDEND_RATE":null,"CURRENT_RATIO":1.180727352396,"COMMON_ACS":null,"CURRENTDEBT_DEBT":82.744925432093,"ISSUED_COMMON_SHARES":301277070,"HK_COMMON_SHARES":301277070,"PER_SHARES":2000,"TOTAL_MARKET_CAP":48204331.2,"HKSK_MARKET_CAP":48204331.2,"PE_TTM":-0.338489791447,"PB_TTM":0.277703513037,"REPORT_DATE_SQ":"2019-06-30 00:00:00","REPORT_TYPE_SQ":"2019年中报","OPERATE_INCOME_SQ":117982638.18,"DPS_HKD":null,"OPERATE_INCOME_QOQ_SQ":46.547632672817,"NET_PROFIT_RATIO_SQ":18.7626283337,"HOLDER_PROFIT_SQ":22158635.4,"HOLDER_PROFIT_QOQ_SQ":55.31984274687,"ROE_AVG_SQ":2.717391304348,"PE_TTM_SQ":-0.647960260926,"PB_TTM_SQ":0.277286069955,"ROA_SQ":1.097401936856,"START_DATE":"2020-01-01 00:00:00","FISCAL_YEAR":"12-31","CURRENCY":"HKD","IS_CNY_CODE":0,"DPS_HKD_LY":null,"ORG_TYPE":"证券","PREMIUM_INCOME":null,"PREMIUM_INCOME_YOY":null,"NET_INTEREST_INCOME":null,"NET_INTEREST_INCOME_YOY":null,"FEE_COMMISSION_INCOME":null,"FEE_COMMISSION_INCOME_YOY":null,"ACCOUNTS_RECE_TDAYS":0.312433889514,"INVENTORY_TDAYS":null,"CURRENT_ASSETS_TDAYS":0.028175298265,"TOTAL_ASSETS_TDAYS":0.018325988544,"PREMIUM_EXPENSE":null,"LOAN_DEPOSIT":null,"LOAN_EQUITY":null,"LOAN_ASSETS":null,"DEPOSIT_EQUITY":null,"DEPOSIT_ASSETS":null,"EQUITY_MULTIPLIER":2.932401713328,"EQUITY_RATIO":1.939695228502}],"count":47},"success":true,"message":"ok","code":0}