{"version":"30f099cefdf004469e2b8fe59817002f","result":{"pages":6,"data":[{"SECUCODE":"00610.HK","SECURITY_CODE":"00610","SECURITY_NAME_ABBR":"WAI KEE HOLD","ORG_CODE":"10008998","STD_REPORT_DATE":"2024-06-30 00:00:00","REPORT_DATE":"2024-06-30 00:00:00","DATE_TYPE_CODE":"002","REPORT_TYPE":"2024年中报","PER_NETCASH_OPERATE":0.147988689043,"PER_OI":7.533872020275,"BPS":8.601376069156,"BASIC_EPS":-0.477240372,"DILUTED_EPS":null,"OPERATE_INCOME":5975294968.36,"OPERATE_INCOME_YOY":7.7327612578,"GROSS_PROFIT":557455817.2,"GROSS_PROFIT_YOY":-20.127534945242,"HOLDER_PROFIT":-378482007.24,"HOLDER_PROFIT_YOY":4.2341372844,"GROSS_PROFIT_RATIO":9.32934390941,"EPS_TTM":-1.790660209548,"OPERATE_INCOME_QOQ":3.232559609352,"NET_PROFIT_RATIO":-5.4300175486,"ROE_AVG":-5.3258072982,"GROSS_PROFIT_QOQ":-10.608154643257,"ROA":-2.645507354134,"HOLDER_PROFIT_QOQ":1.440769083964,"ROE_YEARLY":-10.6516145964,"ROIC_YEARLY":-6.350868350801,"TOTAL_ASSETS":13685783541.48,"TOTAL_LIABILITIES":5937045462.24,"TAX_EBT":-6.677589430126,"OCF_SALES":1.964311162236,"TOTAL_PARENT_EQUITY":6821958085.92,"DEBT_ASSET_RATIO":43.3811147476,"OPERATE_PROFIT":192935075.92,"PRETAX_PROFIT":-304149697.32,"NETCASH_OPERATE":117373386.04,"NETCASH_INVEST":2472450.12,"NETCASH_FINANCE":-263585634.72,"END_CASH":1380963330.48,"DIVI_RATIO":null,"DIVIDEND_RATE":null,"CURRENT_RATIO":1.223371169461,"COMMON_ACS":1000000000,"CURRENTDEBT_DEBT":96.939278728524,"ISSUED_COMMON_SHARES":793124034,"HK_COMMON_SHARES":793124034,"PER_SHARES":2000,"TOTAL_MARKET_CAP":507599381.76,"HKSK_MARKET_CAP":507599381.76,"PE_TTM":-0.3229494699,"PB_TTM":0.067909506026,"REPORT_DATE_SQ":"2023-06-30 00:00:00","REPORT_TYPE_SQ":"2023年中报","OPERATE_INCOME_SQ":5602921324.94,"DPS_HKD":null,"OPERATE_INCOME_QOQ_SQ":4.834644924164,"NET_PROFIT_RATIO_SQ":-5.4638490071,"HOLDER_PROFIT_SQ":-399243155.44,"HOLDER_PROFIT_QOQ_SQ":-7216.89312559595,"ROE_AVG_SQ":-4.454974055569,"PE_TTM_SQ":-1.561012250999,"PB_TTM_SQ":0.079681092006,"ROA_SQ":-2.491313830791,"START_DATE":"2024-01-01 00:00:00","FISCAL_YEAR":"12-31","CURRENCY":"HKD","IS_CNY_CODE":0,"DPS_HKD_LY":null,"ORG_TYPE":"一般企业","PREMIUM_INCOME":null,"PREMIUM_INCOME_YOY":null,"NET_INTEREST_INCOME":null,"NET_INTEREST_INCOME_YOY":null,"FEE_COMMISSION_INCOME":null,"FEE_COMMISSION_INCOME_YOY":null,"ACCOUNTS_RECE_TDAYS":6.51353002333,"INVENTORY_TDAYS":12.487088387121,"CURRENT_ASSETS_TDAYS":0.863949511495,"TOTAL_ASSETS_TDAYS":0.417660192018,"PREMIUM_EXPENSE":null,"LOAN_DEPOSIT":null,"LOAN_EQUITY":null,"LOAN_ASSETS":null,"DEPOSIT_EQUITY":null,"DEPOSIT_ASSETS":null,"EQUITY_MULTIPLIER":1.766195140618,"EQUITY_RATIO":0.870284658373},{"SECUCODE":"00610.HK","SECURITY_CODE":"00610","SECURITY_NAME_ABBR":"WAI KEE HOLD","ORG_CODE":"10008998","STD_REPORT_DATE":"2023-12-31 00:00:00","REPORT_DATE":"2023-12-31 00:00:00","DATE_TYPE_CODE":"001","REPORT_TYPE":"2023年年报","PER_NETCASH_OPERATE":0.356633781848,"PER_OI":14.52416859245,"BPS":9.253103335134,"BASIC_EPS":-1.816880478,"DILUTED_EPS":null,"OPERATE_INCOME":11519467184.54,"OPERATE_INCOME_YOY":0.64476015,"GROSS_PROFIT":1324232099.4,"GROSS_PROFIT_YOY":30.579479267717,"HOLDER_PROFIT":-1440976797.12,"HOLDER_PROFIT_YOY":-23415.173025732,"GROSS_PROFIT_RATIO":11.495601994311,"EPS_TTM":-1.816836630019,"OPERATE_INCOME_QOQ":-2.604871559486,"NET_PROFIT_RATIO":-11.0045527861,"ROE_AVG":-17.587146098718,"GROSS_PROFIT_QOQ":6.746828639455,"ROA":-9.36792477174,"HOLDER_PROFIT_QOQ":-226.04110857802,"ROE_YEARLY":-17.587146098718,"ROIC_YEARLY":-11.440865968022,"TOTAL_ASSETS":14821748270.28,"TOTAL_LIABILITIES":6574810968.88,"TAX_EBT":-14.163971406163,"OCF_SALES":2.455450579343,"TOTAL_PARENT_EQUITY":7338858644.18,"DEBT_ASSET_RATIO":44.3592135623,"OPERATE_PROFIT":586526427.06,"PRETAX_PROFIT":-1110390459.78,"NETCASH_OPERATE":282854823.72,"NETCASH_INVEST":-537811664.74,"NETCASH_FINANCE":-346042825.66,"END_CASH":1508434001.48,"DIVI_RATIO":null,"DIVIDEND_RATE":null,"CURRENT_RATIO":1.305063174146,"COMMON_ACS":1000000000,"CURRENTDEBT_DEBT":78.590994822475,"ISSUED_COMMON_SHARES":793124034,"HK_COMMON_SHARES":793124034,"PER_SHARES":2000,"TOTAL_MARKET_CAP":578980544.82,"HKSK_MARKET_CAP":578980544.82,"PE_TTM":-0.368364239105,"PB_TTM":0.077459280311,"REPORT_DATE_SQ":"2022-12-31 00:00:00","REPORT_TYPE_SQ":"2022年年报","OPERATE_INCOME_SQ":11282109972.21,"DPS_HKD":null,"OPERATE_INCOME_QOQ_SQ":19.53764071691,"NET_PROFIT_RATIO_SQ":1.3932801763,"HOLDER_PROFIT_SQ":-6040291.74,"HOLDER_PROFIT_QOQ_SQ":-101.624962669002,"ROE_AVG_SQ":-0.065461945501,"PE_TTM_SQ":-1.791056161673,"PB_TTM_SQ":0.091423568723,"ROA_SQ":-0.037571259753,"START_DATE":"2023-01-01 00:00:00","FISCAL_YEAR":"12-31","CURRENCY":"HKD","IS_CNY_CODE":0,"DPS_HKD_LY":null,"ORG_TYPE":"一般企业","PREMIUM_INCOME":null,"PREMIUM_INCOME_YOY":null,"NET_INTEREST_INCOME":null,"NET_INTEREST_INCOME_YOY":null,"FEE_COMMISSION_INCOME":null,"FEE_COMMISSION_INCOME_YOY":null,"ACCOUNTS_RECE_TDAYS":13.371789086128,"INVENTORY_TDAYS":36.279896290516,"CURRENT_ASSETS_TDAYS":1.733813522212,"TOTAL_ASSETS_TDAYS":0.748891322962,"PREMIUM_EXPENSE":null,"LOAN_DEPOSIT":null,"LOAN_EQUITY":null,"LOAN_ASSETS":null,"DEPOSIT_EQUITY":null,"DEPOSIT_ASSETS":null,"EQUITY_MULTIPLIER":1.797242749471,"EQUITY_RATIO":0.895890122382},{"SECUCODE":"00610.HK","SECURITY_CODE":"00610","SECURITY_NAME_ABBR":"WAI KEE HOLD","ORG_CODE":"10008998","STD_REPORT_DATE":"2023-06-30 00:00:00","REPORT_DATE":"2023-06-30 00:00:00","DATE_TYPE_CODE":"002","REPORT_TYPE":"2023年中报","PER_NETCASH_OPERATE":0.139873763427,"PER_OI":7.064369612761,"BPS":10.992331780908,"BASIC_EPS":-0.50340108,"DILUTED_EPS":null,"OPERATE_INCOME":5602921324.94,"OPERATE_INCOME_YOY":2.7595526912,"GROSS_PROFIT":697932406.14,"GROSS_PROFIT_YOY":48.018596454506,"HOLDER_PROFIT":-399243155.44,"HOLDER_PROFIT_YOY":-1109.6481615333,"GROSS_PROFIT_RATIO":12.456580516905,"EPS_TTM":-0.557241581573,"OPERATE_INCOME_QOQ":4.834644924164,"NET_PROFIT_RATIO":-5.4638490071,"ROE_AVG":-4.454974055569,"GROSS_PROFIT_QOQ":22.32633131309,"ROA":-2.491313830791,"HOLDER_PROFIT_QOQ":-7216.89312559595,"ROE_YEARLY":-8.909948111139,"ROIC_YEARLY":-6.054465342612,"TOTAL_ASSETS":15831253119.42,"TOTAL_LIABILITIES":6256275076.1,"TAX_EBT":-33.075097990494,"OCF_SALES":1.979989313899,"TOTAL_PARENT_EQUITY":8718282525.14,"DEBT_ASSET_RATIO":39.518508288,"OPERATE_PROFIT":317643315.54,"PRETAX_PROFIT":-230046917.72,"NETCASH_OPERATE":110937243.5,"NETCASH_INVEST":-546556197.86,"NETCASH_FINANCE":-106309825.88,"END_CASH":1606660787.6,"DIVI_RATIO":null,"DIVIDEND_RATE":null,"CURRENT_RATIO":1.397505679929,"COMMON_ACS":1000000000,"CURRENTDEBT_DEBT":75.67665508102,"ISSUED_COMMON_SHARES":793124034,"HK_COMMON_SHARES":793124034,"PER_SHARES":2000,"TOTAL_MARKET_CAP":578980544.82,"HKSK_MARKET_CAP":578980544.82,"PE_TTM":-0.368364239105,"PB_TTM":0.077459280311,"REPORT_DATE_SQ":"2022-06-30 00:00:00","REPORT_TYPE_SQ":"2022年中报","OPERATE_INCOME_SQ":5057471367.83,"DPS_HKD":null,"OPERATE_INCOME_QOQ_SQ":12.327152135473,"NET_PROFIT_RATIO_SQ":2.1281880844,"HOLDER_PROFIT_SQ":36678243.91,"HOLDER_PROFIT_QOQ_SQ":-32.761044674392,"ROE_AVG_SQ":0.406469700384,"PE_TTM_SQ":-1.791056161673,"PB_TTM_SQ":0.091423568723,"ROA_SQ":0.237864205821,"START_DATE":"2023-01-01 00:00:00","FISCAL_YEAR":"12-31","CURRENCY":"HKD","IS_CNY_CODE":0,"DPS_HKD_LY":null,"ORG_TYPE":"一般企业","PREMIUM_INCOME":null,"PREMIUM_INCOME_YOY":null,"NET_INTEREST_INCOME":null,"NET_INTEREST_INCOME_YOY":null,"FEE_COMMISSION_INCOME":null,"FEE_COMMISSION_INCOME_YOY":null,"ACCOUNTS_RECE_TDAYS":null,"INVENTORY_TDAYS":17.435902478033,"CURRENT_ASSETS_TDAYS":0.844141594523,"TOTAL_ASSETS_TDAYS":0.349627418766,"PREMIUM_EXPENSE":null,"LOAN_DEPOSIT":null,"LOAN_EQUITY":null,"LOAN_ASSETS":null,"DEPOSIT_EQUITY":null,"DEPOSIT_ASSETS":null,"EQUITY_MULTIPLIER":1.653398373112,"EQUITY_RATIO":0.717604076039},{"SECUCODE":"00610.HK","SECURITY_CODE":"00610","SECURITY_NAME_ABBR":"WAI KEE HOLD","ORG_CODE":"10008998","STD_REPORT_DATE":"2022-12-31 00:00:00","REPORT_DATE":"2022-12-31 00:00:00","DATE_TYPE_CODE":"001","REPORT_TYPE":"2022年年报","PER_NETCASH_OPERATE":1.224335232678,"PER_OI":14.224899875131,"BPS":11.244837151411,"BASIC_EPS":-0.007592795,"DILUTED_EPS":null,"OPERATE_INCOME":11282109972.21,"OPERATE_INCOME_YOY":22.8987773491,"GROSS_PROFIT":1014119605.03,"GROSS_PROFIT_YOY":37.469541322538,"HOLDER_PROFIT":-6040291.74,"HOLDER_PROFIT_YOY":-101.0000517625,"GROSS_PROFIT_RATIO":8.988740648052,"EPS_TTM":-0.007615822344,"OPERATE_INCOME_QOQ":19.53764071691,"NET_PROFIT_RATIO":1.3932801763,"ROE_AVG":-0.065461945501,"GROSS_PROFIT_QOQ":19.378039337738,"ROA":-0.037571259753,"HOLDER_PROFIT_QOQ":-101.624962669002,"ROE_YEARLY":-0.065461945501,"ROIC_YEARLY":-0.045542667964,"TOTAL_ASSETS":15714489807.38,"TOTAL_LIABILITIES":5996013239.37,"TAX_EBT":40.951828089767,"OCF_SALES":8.606986646132,"TOTAL_PARENT_EQUITY":8918550603.2,"DEBT_ASSET_RATIO":38.1559523272,"OPERATE_PROFIT":493134169.85,"PRETAX_PROFIT":266208752.32,"NETCASH_OPERATE":971049698.71,"NETCASH_INVEST":-26012915.67,"NETCASH_FINANCE":-709101844.29,"END_CASH":2070604326.35,"DIVI_RATIO":null,"DIVIDEND_RATE":null,"CURRENT_RATIO":1.365567692286,"COMMON_ACS":1000000000,"CURRENTDEBT_DEBT":78.785852696288,"ISSUED_COMMON_SHARES":793124034,"HK_COMMON_SHARES":793124034,"PER_SHARES":2000,"TOTAL_MARKET_CAP":578980544.82,"HKSK_MARKET_CAP":578980544.82,"PE_TTM":-0.368364239105,"PB_TTM":0.077459280311,"REPORT_DATE_SQ":"2021-12-31 00:00:00","REPORT_TYPE_SQ":"2021年年报","OPERATE_INCOME_SQ":8402352560,"DPS_HKD":null,"OPERATE_INCOME_QOQ_SQ":17.025309569769,"NET_PROFIT_RATIO_SQ":7.791375762,"HOLDER_PROFIT_SQ":552832504,"HOLDER_PROFIT_QOQ_SQ":-27.326440573681,"ROE_AVG_SQ":6.587056766866,"PE_TTM_SQ":-1.791056161673,"PB_TTM_SQ":0.091423568723,"ROA_SQ":4.006259971916,"START_DATE":"2022-01-01 00:00:00","FISCAL_YEAR":"12-31","CURRENCY":"HKD","IS_CNY_CODE":0,"DPS_HKD_LY":0.11,"ORG_TYPE":"一般企业","PREMIUM_INCOME":null,"PREMIUM_INCOME_YOY":null,"NET_INTEREST_INCOME":null,"NET_INTEREST_INCOME_YOY":null,"FEE_COMMISSION_INCOME":null,"FEE_COMMISSION_INCOME_YOY":null,"ACCOUNTS_RECE_TDAYS":14.780423326862,"INVENTORY_TDAYS":129.101766681267,"CURRENT_ASSETS_TDAYS":1.790767005829,"TOTAL_ASSETS_TDAYS":0.701759290073,"PREMIUM_EXPENSE":null,"LOAN_DEPOSIT":null,"LOAN_EQUITY":null,"LOAN_ASSETS":null,"DEPOSIT_EQUITY":null,"DEPOSIT_ASSETS":null,"EQUITY_MULTIPLIER":1.616970488883,"EQUITY_RATIO":0.672308035929},{"SECUCODE":"00610.HK","SECURITY_CODE":"00610","SECURITY_NAME_ABBR":"WAI KEE HOLD","ORG_CODE":"10008998","STD_REPORT_DATE":"2022-06-30 00:00:00","REPORT_DATE":"2022-06-30 00:00:00","DATE_TYPE_CODE":"002","REPORT_TYPE":"2022年中报","PER_NETCASH_OPERATE":0.708602266679,"PER_OI":6.376646212981,"BPS":11.244044806225,"BASIC_EPS":0.046265779,"DILUTED_EPS":null,"OPERATE_INCOME":5057471367.83,"OPERATE_INCOME_YOY":22.3562527543,"GROSS_PROFIT":471516703.21,"GROSS_PROFIT_YOY":31.079176203308,"HOLDER_PROFIT":36678243.91,"HOLDER_PROFIT_YOY":-83.6141420625,"GROSS_PROFIT_RATIO":9.32317098638,"EPS_TTM":0.468676757298,"OPERATE_INCOME_QOQ":12.327152135473,"NET_PROFIT_RATIO":2.1281880844,"ROE_AVG":0.406469700384,"GROSS_PROFIT_QOQ":15.154799061171,"ROA":0.237864205821,"HOLDER_PROFIT_QOQ":-32.761044674392,"ROE_YEARLY":0.812939400769,"ROIC_YEARLY":0.5683180917,"TOTAL_ASSETS":15101156251.93,"TOTAL_LIABILITIES":5471921242.34,"TAX_EBT":34.403177217433,"OCF_SALES":11.112460108521,"TOTAL_PARENT_EQUITY":8917922175.19,"DEBT_ASSET_RATIO":36.2351143916,"OPERATE_PROFIT":130158207.62,"PRETAX_PROFIT":164081884.54,"NETCASH_OPERATE":562009488.25,"NETCASH_INVEST":274515.99,"NETCASH_FINANCE":-512628252.08,"END_CASH":1793265014.8,"DIVI_RATIO":null,"DIVIDEND_RATE":null,"CURRENT_RATIO":1.27996888653,"COMMON_ACS":1000000000,"CURRENTDEBT_DEBT":79.124327223659,"ISSUED_COMMON_SHARES":793124034,"HK_COMMON_SHARES":793124034,"PER_SHARES":2000,"TOTAL_MARKET_CAP":578980544.82,"HKSK_MARKET_CAP":578980544.82,"PE_TTM":-0.368364239105,"PB_TTM":0.077459280311,"REPORT_DATE_SQ":"2021-06-30 00:00:00","REPORT_TYPE_SQ":"2021年中报","OPERATE_INCOME_SQ":4021700584.8,"DPS_HKD":null,"OPERATE_INCOME_QOQ_SQ":6.944287648886,"NET_PROFIT_RATIO_SQ":6.7195151977,"HOLDER_PROFIT_SQ":217791947.52,"HOLDER_PROFIT_QOQ_SQ":-16.578674492518,"ROE_AVG_SQ":2.608533163513,"PE_TTM_SQ":-1.791056161673,"PB_TTM_SQ":0.091423568723,"ROA_SQ":1.617088560379,"START_DATE":"2022-01-01 00:00:00","FISCAL_YEAR":"12-31","CURRENCY":"HKD","IS_CNY_CODE":0,"DPS_HKD_LY":0.11,"ORG_TYPE":"一般企业","PREMIUM_INCOME":null,"PREMIUM_INCOME_YOY":null,"NET_INTEREST_INCOME":null,"NET_INTEREST_INCOME_YOY":null,"FEE_COMMISSION_INCOME":null,"FEE_COMMISSION_INCOME_YOY":null,"ACCOUNTS_RECE_TDAYS":null,"INVENTORY_TDAYS":87.860111903923,"CURRENT_ASSETS_TDAYS":0.885025203026,"TOTAL_ASSETS_TDAYS":0.327985007495,"PREMIUM_EXPENSE":null,"LOAN_DEPOSIT":null,"LOAN_EQUITY":null,"LOAN_ASSETS":null,"DEPOSIT_EQUITY":null,"DEPOSIT_ASSETS":null,"EQUITY_MULTIPLIER":1.568261262384,"EQUITY_RATIO":0.613587014424},{"SECUCODE":"00610.HK","SECURITY_CODE":"00610","SECURITY_NAME_ABBR":"WAI KEE HOLD","ORG_CODE":"10008998","STD_REPORT_DATE":"2021-12-31 00:00:00","REPORT_DATE":"2021-12-31 00:00:00","DATE_TYPE_CODE":"001","REPORT_TYPE":"2021年年报","PER_NETCASH_OPERATE":-0.53200014665,"PER_OI":10.593995642301,"BPS":11.004608907867,"BASIC_EPS":0.697004,"DILUTED_EPS":null,"OPERATE_INCOME":8402352560,"OPERATE_INCOME_YOY":28.8317409337,"GROSS_PROFIT":737704945.6,"GROSS_PROFIT_YOY":9.565118278373,"HOLDER_PROFIT":552832504,"HOLDER_PROFIT_YOY":-37.5921813594,"GROSS_PROFIT_RATIO":8.779742820028,"EPS_TTM":0.697031586865,"OPERATE_INCOME_QOQ":17.025309569769,"NET_PROFIT_RATIO":7.791375762,"ROE_AVG":6.587056766866,"GROSS_PROFIT_QOQ":21.611688668399,"ROA":4.006259971916,"HOLDER_PROFIT_QOQ":-27.326440573681,"ROE_YEARLY":6.587056766866,"ROIC_YEARLY":4.744117493218,"TOTAL_ASSETS":15046705688,"TOTAL_LIABILITIES":5673167785.6,"TAX_EBT":9.593167673812,"OCF_SALES":-5.021713852007,"TOTAL_PARENT_EQUITY":8728019809.6,"DEBT_ASSET_RATIO":37.7037200251,"OPERATE_PROFIT":371727563.2,"PRETAX_PROFIT":724125427.2,"NETCASH_OPERATE":-421942102.4,"NETCASH_INVEST":180900540.8,"NETCASH_FINANCE":564104755.2,"END_CASH":1669557187.2,"DIVI_RATIO":null,"DIVIDEND_RATE":null,"CURRENT_RATIO":1.232636561786,"COMMON_ACS":1000000000,"CURRENTDEBT_DEBT":80.487233682567,"ISSUED_COMMON_SHARES":793124034,"HK_COMMON_SHARES":793124034,"PER_SHARES":2000,"TOTAL_MARKET_CAP":578980544.82,"HKSK_MARKET_CAP":578980544.82,"PE_TTM":-0.368364239105,"PB_TTM":0.077459280311,"REPORT_DATE_SQ":"2020-12-31 00:00:00","REPORT_TYPE_SQ":"2020年年报","OPERATE_INCOME_SQ":6713724406.2,"DPS_HKD":null,"OPERATE_INCOME_QOQ_SQ":-8.626342795783,"NET_PROFIT_RATIO_SQ":15.9380365064,"HOLDER_PROFIT_SQ":911884957.68,"HOLDER_PROFIT_QOQ_SQ":-20.833992097872,"ROE_AVG_SQ":11.79791440185,"PE_TTM_SQ":-1.791056161673,"PB_TTM_SQ":0.091423568723,"ROA_SQ":7.294877890335,"START_DATE":"2021-01-01 00:00:00","FISCAL_YEAR":"12-31","CURRENCY":"HKD","IS_CNY_CODE":0,"DPS_HKD_LY":0.31,"ORG_TYPE":"一般企业","PREMIUM_INCOME":null,"PREMIUM_INCOME_YOY":null,"NET_INTEREST_INCOME":null,"NET_INTEREST_INCOME_YOY":null,"FEE_COMMISSION_INCOME":null,"FEE_COMMISSION_INCOME_YOY":null,"ACCOUNTS_RECE_TDAYS":null,"INVENTORY_TDAYS":238.927744928127,"CURRENT_ASSETS_TDAYS":1.731360437542,"TOTAL_ASSETS_TDAYS":0.608900679455,"PREMIUM_EXPENSE":null,"LOAN_DEPOSIT":null,"LOAN_EQUITY":null,"LOAN_ASSETS":null,"DEPOSIT_EQUITY":null,"DEPOSIT_ASSETS":null,"EQUITY_MULTIPLIER":1.60523228739,"EQUITY_RATIO":0.649994833806},{"SECUCODE":"00610.HK","SECURITY_CODE":"00610","SECURITY_NAME_ABBR":"WAI KEE HOLD","ORG_CODE":"10008998","STD_REPORT_DATE":"2021-06-30 00:00:00","REPORT_DATE":"2021-06-30 00:00:00","DATE_TYPE_CODE":"002","REPORT_TYPE":"2021年中报","PER_NETCASH_OPERATE":-0.031181858952,"PER_OI":5.070708252929,"BPS":10.71500135637,"BASIC_EPS":0.2745864,"DILUTED_EPS":null,"OPERATE_INCOME":4021700584.8,"OPERATE_INCOME_YOY":24.1727804929,"GROSS_PROFIT":359719001.04,"GROSS_PROFIT_YOY":-15.641061216642,"HOLDER_PROFIT":217791947.52,"HOLDER_PROFIT_YOY":-35.2014556798,"GROSS_PROFIT_RATIO":8.944450076656,"EPS_TTM":0.959126802606,"OPERATE_INCOME_QOQ":6.944287648886,"NET_PROFIT_RATIO":6.7195151977,"ROE_AVG":2.608533163513,"GROSS_PROFIT_QOQ":-9.905766889623,"ROA":1.617088560379,"HOLDER_PROFIT_QOQ":-16.578674492518,"ROE_YEARLY":5.217066327026,"ROIC_YEARLY":3.846699733367,"TOTAL_ASSETS":14162280346.8,"TOTAL_LIABILITIES":5061681597.36,"TAX_EBT":10.837581777401,"OCF_SALES":-0.614940899715,"TOTAL_PARENT_EQUITY":8498325100.08,"DEBT_ASSET_RATIO":35.7405832494,"OPERATE_PROFIT":202881073.92,"PRETAX_PROFIT":303085972.08,"NETCASH_OPERATE":-24731081.76,"NETCASH_INVEST":-705131218.56,"NETCASH_FINANCE":830519850,"END_CASH":1472481219.12,"DIVI_RATIO":null,"DIVIDEND_RATE":null,"CURRENT_RATIO":1.251368113464,"COMMON_ACS":1000000000,"CURRENTDEBT_DEBT":82.652818835978,"ISSUED_COMMON_SHARES":793124034,"HK_COMMON_SHARES":793124034,"PER_SHARES":2000,"TOTAL_MARKET_CAP":578980544.82,"HKSK_MARKET_CAP":578980544.82,"PE_TTM":-0.368364239105,"PB_TTM":0.077459280311,"REPORT_DATE_SQ":"2020-06-30 00:00:00","REPORT_TYPE_SQ":"2020年中报","OPERATE_INCOME_SQ":3555480250.08,"DPS_HKD":null,"OPERATE_INCOME_QOQ_SQ":3.773971874847,"NET_PROFIT_RATIO_SQ":12.6542008582,"HOLDER_PROFIT_SQ":368970386.4,"HOLDER_PROFIT_QOQ_SQ":1.691957238469,"ROE_AVG_SQ":4.724566658865,"PE_TTM_SQ":-1.791056161673,"PB_TTM_SQ":0.091423568723,"ROA_SQ":2.873119995214,"START_DATE":"2021-01-01 00:00:00","FISCAL_YEAR":"12-31","CURRENCY":"HKD","IS_CNY_CODE":0,"DPS_HKD_LY":0.31,"ORG_TYPE":"一般企业","PREMIUM_INCOME":null,"PREMIUM_INCOME_YOY":null,"NET_INTEREST_INCOME":null,"NET_INTEREST_INCOME_YOY":null,"FEE_COMMISSION_INCOME":null,"FEE_COMMISSION_INCOME_YOY":null,"ACCOUNTS_RECE_TDAYS":null,"INVENTORY_TDAYS":137.413066895637,"CURRENT_ASSETS_TDAYS":0.857039226668,"TOTAL_ASSETS_TDAYS":0.298608193875,"PREMIUM_EXPENSE":null,"LOAN_DEPOSIT":null,"LOAN_EQUITY":null,"LOAN_ASSETS":null,"DEPOSIT_EQUITY":null,"DEPOSIT_ASSETS":null,"EQUITY_MULTIPLIER":1.556192151387,"EQUITY_RATIO":0.595609315689},{"SECUCODE":"00610.HK","SECURITY_CODE":"00610","SECURITY_NAME_ABBR":"WAI KEE HOLD","ORG_CODE":"10008998","STD_REPORT_DATE":"2020-12-31 00:00:00","REPORT_DATE":"2020-12-31 00:00:00","DATE_TYPE_CODE":"001","REPORT_TYPE":"2020年年报","PER_NETCASH_OPERATE":0.086194652676,"PER_OI":8.464911058539,"BPS":10.457772686737,"BASIC_EPS":1.1530468,"DILUTED_EPS":null,"OPERATE_INCOME":6713724406.2,"OPERATE_INCOME_YOY":0.9216729788,"GROSS_PROFIT":673302741.96,"GROSS_PROFIT_YOY":-5.649148905267,"HOLDER_PROFIT":911884957.68,"HOLDER_PROFIT_YOY":-14.3158790463,"GROSS_PROFIT_RATIO":10.028751572499,"EPS_TTM":1.149738147615,"OPERATE_INCOME_QOQ":-8.626342795783,"NET_PROFIT_RATIO":15.9380365064,"ROE_AVG":11.79791440185,"GROSS_PROFIT_QOQ":-17.326997709008,"ROA":7.294877890335,"HOLDER_PROFIT_QOQ":-20.833992097872,"ROE_YEARLY":11.79791440185,"ROIC_YEARLY":8.78255993973,"TOTAL_ASSETS":12920788265.52,"TOTAL_LIABILITIES":4063352914.36,"TAX_EBT":2.109010048808,"OCF_SALES":1.018258220085,"TOTAL_PARENT_EQUITY":8294310859.96,"DEBT_ASSET_RATIO":31.4481812631,"OPERATE_PROFIT":501036708.4,"PRETAX_PROFIT":1093089208.04,"NETCASH_OPERATE":68363050.64,"NETCASH_INVEST":-99109001.48,"NETCASH_FINANCE":-329029899.96,"END_CASH":1388399643.04,"DIVI_RATIO":null,"DIVIDEND_RATE":null,"CURRENT_RATIO":1.138335202666,"COMMON_ACS":1000000000,"CURRENTDEBT_DEBT":90.748418722098,"ISSUED_COMMON_SHARES":793124034,"HK_COMMON_SHARES":793124034,"PER_SHARES":2000,"TOTAL_MARKET_CAP":578980544.82,"HKSK_MARKET_CAP":578980544.82,"PE_TTM":-0.368364239105,"PB_TTM":0.077459280311,"REPORT_DATE_SQ":"2019-12-31 00:00:00","REPORT_TYPE_SQ":"2019年年报","OPERATE_INCOME_SQ":7080339176.9,"DPS_HKD":null,"OPERATE_INCOME_QOQ_SQ":11.675847600788,"NET_PROFIT_RATIO_SQ":17.5557131389,"HOLDER_PROFIT_SQ":1132699477.52,"HOLDER_PROFIT_QOQ_SQ":2.191526353578,"ROE_AVG_SQ":15.515983536529,"PE_TTM_SQ":-1.791056161673,"PB_TTM_SQ":0.091423568723,"ROA_SQ":9.290667481738,"START_DATE":"2020-01-01 00:00:00","FISCAL_YEAR":"12-31","CURRENCY":"HKD","IS_CNY_CODE":0,"DPS_HKD_LY":0.32,"ORG_TYPE":"一般企业","PREMIUM_INCOME":null,"PREMIUM_INCOME_YOY":null,"NET_INTEREST_INCOME":null,"NET_INTEREST_INCOME_YOY":null,"FEE_COMMISSION_INCOME":null,"FEE_COMMISSION_INCOME_YOY":null,"ACCOUNTS_RECE_TDAYS":null,"INVENTORY_TDAYS":179.549834884419,"CURRENT_ASSETS_TDAYS":1.553322975192,"TOTAL_ASSETS_TDAYS":0.537083097162,"PREMIUM_EXPENSE":null,"LOAN_DEPOSIT":null,"LOAN_EQUITY":null,"LOAN_ASSETS":null,"DEPOSIT_EQUITY":null,"DEPOSIT_ASSETS":null,"EQUITY_MULTIPLIER":1.458750502066,"EQUITY_RATIO":0.489896385964},{"SECUCODE":"00610.HK","SECURITY_CODE":"00610","SECURITY_NAME_ABBR":"WAI KEE HOLD","ORG_CODE":"10008998","STD_REPORT_DATE":"2020-06-30 00:00:00","REPORT_DATE":"2020-06-30 00:00:00","DATE_TYPE_CODE":"002","REPORT_TYPE":"2020年中报","PER_NETCASH_OPERATE":-0.043560703798,"PER_OI":4.482880479801,"BPS":9.889955483861,"BASIC_EPS":0.4658544,"DILUTED_EPS":null,"OPERATE_INCOME":3555480250.08,"OPERATE_INCOME_YOY":4.1275348672,"GROSS_PROFIT":426414801.12,"GROSS_PROFIT_YOY":30.957119401155,"HOLDER_PROFIT":368970386.4,"HOLDER_PROFIT_YOY":1.57798119,"GROSS_PROFIT_RATIO":11.993170292829,"EPS_TTM":1.452312903079,"OPERATE_INCOME_QOQ":3.773971874847,"NET_PROFIT_RATIO":12.6542008582,"ROE_AVG":4.724566658865,"GROSS_PROFIT_QOQ":14.125347429185,"ROA":2.873119995214,"HOLDER_PROFIT_QOQ":1.691957238469,"ROE_YEARLY":9.44913331773,"ROIC_YEARLY":7.05854938584,"TOTAL_ASSETS":12573865149.12,"TOTAL_LIABILITIES":4222533511.68,"TAX_EBT":2.607081136873,"OCF_SALES":-0.971712362042,"TOTAL_PARENT_EQUITY":7843961389.44,"DEBT_ASSET_RATIO":33.5818259668,"OPERATE_PROFIT":333017388,"PRETAX_PROFIT":461961318.72,"NETCASH_OPERATE":197022613.92,"NETCASH_INVEST":118278605.28,"NETCASH_FINANCE":-333695160.48,"END_CASH":1862044699.68,"DIVI_RATIO":null,"DIVIDEND_RATE":null,"CURRENT_RATIO":1.17684639979,"COMMON_ACS":1000000000,"CURRENTDEBT_DEBT":86.820609379164,"ISSUED_COMMON_SHARES":793124034,"HK_COMMON_SHARES":793124034,"PER_SHARES":2000,"TOTAL_MARKET_CAP":578980544.82,"HKSK_MARKET_CAP":578980544.82,"PE_TTM":-0.368364239105,"PB_TTM":0.077459280311,"REPORT_DATE_SQ":"2019-06-30 00:00:00","REPORT_TYPE_SQ":"2019年中报","OPERATE_INCOME_SQ":3288270240.9,"DPS_HKD":null,"OPERATE_INCOME_QOQ_SQ":7.423542868521,"NET_PROFIT_RATIO_SQ":12.3069514983,"HOLDER_PROFIT_SQ":349805595.6,"HOLDER_PROFIT_QOQ_SQ":4.492934890267,"ROE_AVG_SQ":5.036034953877,"PE_TTM_SQ":-1.791056161673,"PB_TTM_SQ":0.091423568723,"ROA_SQ":3.022629435254,"START_DATE":"2020-01-01 00:00:00","FISCAL_YEAR":"12-31","CURRENCY":"HKD","IS_CNY_CODE":0,"DPS_HKD_LY":0.32,"ORG_TYPE":"一般企业","PREMIUM_INCOME":null,"PREMIUM_INCOME_YOY":null,"NET_INTEREST_INCOME":null,"NET_INTEREST_INCOME_YOY":null,"FEE_COMMISSION_INCOME":null,"FEE_COMMISSION_INCOME_YOY":null,"ACCOUNTS_RECE_TDAYS":null,"INVENTORY_TDAYS":67.581755050505,"CURRENT_ASSETS_TDAYS":0.77796039992,"TOTAL_ASSETS_TDAYS":0.276860197339,"PREMIUM_EXPENSE":null,"LOAN_DEPOSIT":null,"LOAN_EQUITY":null,"LOAN_ASSETS":null,"DEPOSIT_EQUITY":null,"DEPOSIT_ASSETS":null,"EQUITY_MULTIPLIER":1.505612002372,"EQUITY_RATIO":0.538316457978}],"count":47},"success":true,"message":"ok","code":0}