{"version":"ba6d581603782a92d113df07056a7c47","result":{"pages":6,"data":[{"SECUCODE":"00617.HK","SECURITY_CODE":"00617","SECURITY_NAME_ABBR":"百利保控股","ORG_CODE":"10009004","STD_REPORT_DATE":"2024-06-30 00:00:00","REPORT_DATE":"2024-06-30 00:00:00","DATE_TYPE_CODE":"002","REPORT_TYPE":"2024年中报","PER_NETCASH_OPERATE":0.01719588174,"PER_OI":1.139841303907,"BPS":7.786049596408,"BASIC_EPS":-0.586214364,"DILUTED_EPS":-0.586214364,"OPERATE_INCOME":1270450560,"OPERATE_INCOME_YOY":-13.1086142322,"GROSS_PROFIT":378032056,"GROSS_PROFIT_YOY":-36.113747256496,"HOLDER_PROFIT":-617245484,"HOLDER_PROFIT_YOY":-76.5335421561,"GROSS_PROFIT_RATIO":29.755747126437,"EPS_TTM":-1.084094682899,"OPERATE_INCOME_QOQ":-8.122055523178,"NET_PROFIT_RATIO":-73.3692528736,"ROE_AVG":-6.839223141917,"GROSS_PROFIT_QOQ":-20.964514863972,"ROA":-1.738185070576,"HOLDER_PROFIT_QOQ":-27.961473215331,"ROE_YEARLY":-13.678446283833,"ROIC_YEARLY":-4.207258656514,"TOTAL_ASSETS":34674812364,"TOTAL_LIABILITIES":20999123976,"TAX_EBT":-9.405463310123,"OCF_SALES":1.508620689655,"TOTAL_PARENT_EQUITY":8678217780,"DEBT_ASSET_RATIO":60.5601661389,"OPERATE_PROFIT":-254272648,"PRETAX_PROFIT":-851986780,"NETCASH_OPERATE":19166280,"NETCASH_INVEST":309307252,"NETCASH_FINANCE":-872157008,"END_CASH":720834664,"DIVI_RATIO":null,"DIVIDEND_RATE":null,"CURRENT_RATIO":2.450366617135,"COMMON_ACS":2000000000,"CURRENTDEBT_DEBT":17.841899844403,"ISSUED_COMMON_SHARES":1114585474,"HK_COMMON_SHARES":1114585474,"PER_SHARES":2000,"TOTAL_MARKET_CAP":590730301.22,"HKSK_MARKET_CAP":590730301.22,"PE_TTM":-0.442428326258,"PB_TTM":0.062126550057,"REPORT_DATE_SQ":"2023-06-30 00:00:00","REPORT_TYPE_SQ":"2023年中报","OPERATE_INCOME_SQ":1477011960,"DPS_HKD":null,"OPERATE_INCOME_QOQ_SQ":-28.474197068004,"NET_PROFIT_RATIO_SQ":-40.3558052434,"HOLDER_PROFIT_SQ":-353210538,"HOLDER_PROFIT_QOQ_SQ":-283.173965310209,"ROE_AVG_SQ":-3.336192595237,"PE_TTM_SQ":-0.951491747673,"PB_TTM_SQ":0.070649188171,"ROA_SQ":-0.927451324541,"START_DATE":"2024-01-01 00:00:00","FISCAL_YEAR":"12-31","CURRENCY":"HKD","IS_CNY_CODE":0,"DPS_HKD_LY":null,"ORG_TYPE":"一般企业","PREMIUM_INCOME":null,"PREMIUM_INCOME_YOY":null,"NET_INTEREST_INCOME":null,"NET_INTEREST_INCOME_YOY":null,"FEE_COMMISSION_INCOME":null,"FEE_COMMISSION_INCOME_YOY":null,"ACCOUNTS_RECE_TDAYS":3.495730788548,"INVENTORY_TDAYS":0.123427648147,"CURRENT_ASSETS_TDAYS":0.131620626238,"TOTAL_ASSETS_TDAYS":0.035776336215,"PREMIUM_EXPENSE":null,"LOAN_DEPOSIT":null,"LOAN_EQUITY":null,"LOAN_ASSETS":null,"DEPOSIT_EQUITY":null,"DEPOSIT_ASSETS":null,"EQUITY_MULTIPLIER":2.535507638095,"EQUITY_RATIO":2.41975074933},{"SECUCODE":"00617.HK","SECURITY_CODE":"00617","SECURITY_NAME_ABBR":"百利保控股","ORG_CODE":"10009004","STD_REPORT_DATE":"2023-12-31 00:00:00","REPORT_DATE":"2023-12-31 00:00:00","DATE_TYPE_CODE":"001","REPORT_TYPE":"2023年年报","PER_NETCASH_OPERATE":0.507265410495,"PER_OI":2.281759333246,"BPS":8.348943090568,"BASIC_EPS":-0.9152822,"DILUTED_EPS":-0.9152822,"OPERATE_INCOME":2543215808,"OPERATE_INCOME_YOY":-29.9048380248,"GROSS_PROFIT":1019316256,"GROSS_PROFIT_YOY":-33.845060058722,"HOLDER_PROFIT":-944281240,"HOLDER_PROFIT_YOY":-378.6403307304,"GROSS_PROFIT_RATIO":40.079817559863,"EPS_TTM":-0.847203971366,"OPERATE_INCOME_QOQ":-0.579442099159,"NET_PROFIT_RATIO":-59.2609749145,"ROE_AVG":-9.458238970305,"GROSS_PROFIT_QOQ":3.741479322412,"ROA":-2.553555433841,"HOLDER_PROFIT_QOQ":-26.72555169682,"ROE_YEARLY":-9.458238970305,"ROIC_YEARLY":-3.170888685679,"TOTAL_ASSETS":36089758390,"TOTAL_LIABILITIES":21471795436,"TAX_EBT":0.858420268256,"OCF_SALES":22.231328392246,"TOTAL_PARENT_EQUITY":9305610692,"DEBT_ASSET_RATIO":59.4955366671,"OPERATE_PROFIT":-408523976,"PRETAX_PROFIT":-1520184050,"NETCASH_OPERATE":565390658,"NETCASH_INVEST":73131954,"NETCASH_FINANCE":-1183251454,"END_CASH":1260461398,"DIVI_RATIO":null,"DIVIDEND_RATE":null,"CURRENT_RATIO":1.419920124933,"COMMON_ACS":2000000000,"CURRENTDEBT_DEBT":29.376461352759,"ISSUED_COMMON_SHARES":1114585474,"HK_COMMON_SHARES":1114585474,"PER_SHARES":2000,"TOTAL_MARKET_CAP":624167865.44,"HKSK_MARKET_CAP":624167865.44,"PE_TTM":-0.467471439065,"PB_TTM":0.06564314723,"REPORT_DATE_SQ":"2022-12-31 00:00:00","REPORT_TYPE_SQ":"2022年年报","OPERATE_INCOME_SQ":3576385099,"DPS_HKD":null,"OPERATE_INCOME_QOQ_SQ":-26.320706038348,"NET_PROFIT_RATIO_SQ":-9.401303794,"HOLDER_PROFIT_SQ":-194464879,"HOLDER_PROFIT_QOQ_SQ":-1285.38169741974,"ROE_AVG_SQ":-1.809522226286,"PE_TTM_SQ":-1.031899500998,"PB_TTM_SQ":0.076619542101,"ROA_SQ":-0.504493397787,"START_DATE":"2023-01-01 00:00:00","FISCAL_YEAR":"12-31","CURRENCY":"HKD","IS_CNY_CODE":0,"DPS_HKD_LY":null,"ORG_TYPE":"一般企业","PREMIUM_INCOME":null,"PREMIUM_INCOME_YOY":null,"NET_INTEREST_INCOME":null,"NET_INTEREST_INCOME_YOY":null,"FEE_COMMISSION_INCOME":null,"FEE_COMMISSION_INCOME_YOY":null,"ACCOUNTS_RECE_TDAYS":5.639871382637,"INVENTORY_TDAYS":0.194998637468,"CURRENT_ASSETS_TDAYS":0.237461236129,"TOTAL_ASSETS_TDAYS":0.068774452683,"PREMIUM_EXPENSE":null,"LOAN_DEPOSIT":null,"LOAN_EQUITY":null,"LOAN_ASSETS":null,"DEPOSIT_EQUITY":null,"DEPOSIT_ASSETS":null,"EQUITY_MULTIPLIER":2.46886371949,"EQUITY_RATIO":2.307403151355},{"SECUCODE":"00617.HK","SECURITY_CODE":"00617","SECURITY_NAME_ABBR":"百利保控股","ORG_CODE":"10009004","STD_REPORT_DATE":"2023-06-30 00:00:00","REPORT_DATE":"2023-06-30 00:00:00","DATE_TYPE_CODE":"002","REPORT_TYPE":"2023年中报","PER_NETCASH_OPERATE":0.304490634336,"PER_OI":1.325167063859,"BPS":9.265581345626,"BASIC_EPS":-0.349799212,"DILUTED_EPS":-0.349799212,"OPERATE_INCOME":1477011960,"OPERATE_INCOME_YOY":-45.0975016279,"GROSS_PROFIT":591726764,"GROSS_PROFIT_YOY":-48.544335123934,"HOLDER_PROFIT":-353210538,"HOLDER_PROFIT_YOY":-265.9159809441,"GROSS_PROFIT_RATIO":40.062421972534,"EPS_TTM":-0.668534451042,"OPERATE_INCOME_QOQ":-28.474197068004,"NET_PROFIT_RATIO":-40.3558052434,"ROE_AVG":-3.336192595237,"GROSS_PROFIT_QOQ":-36.230965305904,"ROA":-0.927451324541,"HOLDER_PROFIT_QOQ":-283.173965310209,"ROE_YEARLY":-6.672385190475,"ROIC_YEARLY":-2.321266001875,"TOTAL_ASSETS":37641032074,"TOTAL_LIABILITIES":21504906906,"TAX_EBT":-5.966235043436,"OCF_SALES":22.977528089888,"TOTAL_PARENT_EQUITY":10327282376,"DEBT_ASSET_RATIO":57.1315549046,"OPERATE_PROFIT":-73113014,"PRETAX_PROFIT":-562499998,"NETCASH_OPERATE":339380838,"NETCASH_INVEST":-31992706,"NETCASH_FINANCE":-615513848,"END_CASH":1531961968,"DIVI_RATIO":null,"DIVIDEND_RATE":null,"CURRENT_RATIO":1.554132440534,"COMMON_ACS":2000000000,"CURRENTDEBT_DEBT":33.038367052953,"ISSUED_COMMON_SHARES":1114585474,"HK_COMMON_SHARES":1114585474,"PER_SHARES":2000,"TOTAL_MARKET_CAP":601876155.96,"HKSK_MARKET_CAP":601876155.96,"PE_TTM":-0.450776030527,"PB_TTM":0.063298749115,"REPORT_DATE_SQ":"2022-06-30 00:00:00","REPORT_TYPE_SQ":"2022年中报","OPERATE_INCOME_SQ":2495358901,"DPS_HKD":null,"OPERATE_INCOME_QOQ_SQ":47.845289775209,"NET_PROFIT_RATIO_SQ":10.4664313376,"HOLDER_PROFIT_SQ":197463371,"HOLDER_PROFIT_QOQ_SQ":95.680895457175,"ROE_AVG_SQ":1.889610416181,"PE_TTM_SQ":-0.911287871011,"PB_TTM_SQ":0.067664011206,"ROA_SQ":0.532506169138,"START_DATE":"2023-01-01 00:00:00","FISCAL_YEAR":"12-31","CURRENCY":"HKD","IS_CNY_CODE":0,"DPS_HKD_LY":null,"ORG_TYPE":"一般企业","PREMIUM_INCOME":null,"PREMIUM_INCOME_YOY":null,"NET_INTEREST_INCOME":null,"NET_INTEREST_INCOME_YOY":null,"FEE_COMMISSION_INCOME":null,"FEE_COMMISSION_INCOME_YOY":null,"ACCOUNTS_RECE_TDAYS":null,"INVENTORY_TDAYS":0.107687994168,"CURRENT_ASSETS_TDAYS":0.13066724306,"TOTAL_ASSETS_TDAYS":0.03878300762,"PREMIUM_EXPENSE":null,"LOAN_DEPOSIT":null,"LOAN_EQUITY":null,"LOAN_ASSETS":null,"DEPOSIT_EQUITY":null,"DEPOSIT_ASSETS":null,"EQUITY_MULTIPLIER":2.332718151486,"EQUITY_RATIO":2.082339392208},{"SECUCODE":"00617.HK","SECURITY_CODE":"00617","SECURITY_NAME_ABBR":"百利保控股","ORG_CODE":"10009004","STD_REPORT_DATE":"2022-12-31 00:00:00","REPORT_DATE":"2022-12-31 00:00:00","DATE_TYPE_CODE":"001","REPORT_TYPE":"2022年年报","PER_NETCASH_OPERATE":0.565814497597,"PER_OI":3.20871317851,"BPS":9.428986042034,"BASIC_EPS":-0.2411829,"DILUTED_EPS":-0.2411829,"OPERATE_INCOME":3576385099,"OPERATE_INCOME_YOY":-0.2963442574,"GROSS_PROFIT":1540801423,"GROSS_PROFIT_YOY":26.360591248271,"HOLDER_PROFIT":-194464879,"HOLDER_PROFIT_YOY":45.2327044025,"GROSS_PROFIT_RATIO":43.082648550091,"EPS_TTM":-0.174472827375,"OPERATE_INCOME_QOQ":-26.320706038348,"NET_PROFIT_RATIO":-9.401303794,"ROE_AVG":-1.809522226286,"GROSS_PROFIT_QOQ":-22.859757346509,"ROA":-0.504493397787,"HOLDER_PROFIT_QOQ":-1285.38169741974,"ROE_YEARLY":-1.809522226286,"ROIC_YEARLY":-0.63957647522,"TOTAL_ASSETS":37327252144,"TOTAL_LIABILITIES":20894925205,"TAX_EBT":-43.554538520214,"OCF_SALES":17.633688837825,"TOTAL_PARENT_EQUITY":10509410877,"DEBT_ASSET_RATIO":55.9776678026,"OPERATE_PROFIT":312733827,"PRETAX_PROFIT":-234215394,"NETCASH_OPERATE":630648620,"NETCASH_INVEST":41715709,"NETCASH_FINANCE":-1167682544,"END_CASH":1791185004,"DIVI_RATIO":null,"DIVIDEND_RATE":null,"CURRENT_RATIO":1.263662647204,"COMMON_ACS":2000000000,"CURRENTDEBT_DEBT":42.437210097685,"ISSUED_COMMON_SHARES":1114585474,"HK_COMMON_SHARES":1114585474,"PER_SHARES":2000,"TOTAL_MARKET_CAP":624167865.44,"HKSK_MARKET_CAP":624167865.44,"PE_TTM":-0.467471439065,"PB_TTM":0.06564314723,"REPORT_DATE_SQ":"2021-12-31 00:00:00","REPORT_TYPE_SQ":"2021年年报","OPERATE_INCOME_SQ":3283154560,"DPS_HKD":null,"OPERATE_INCOME_QOQ_SQ":137.681285961122,"NET_PROFIT_RATIO_SQ":-14.8346448849,"HOLDER_PROFIT_SQ":-324996000,"HOLDER_PROFIT_QOQ_SQ":4.082060395117,"ROE_AVG_SQ":-3.12939148097,"PE_TTM_SQ":-1.031899500998,"PB_TTM_SQ":0.076619542101,"ROA_SQ":-0.870688040689,"START_DATE":"2022-01-01 00:00:00","FISCAL_YEAR":"12-31","CURRENCY":"HKD","IS_CNY_CODE":0,"DPS_HKD_LY":null,"ORG_TYPE":"一般企业","PREMIUM_INCOME":null,"PREMIUM_INCOME_YOY":null,"NET_INTEREST_INCOME":null,"NET_INTEREST_INCOME_YOY":null,"FEE_COMMISSION_INCOME":null,"FEE_COMMISSION_INCOME_YOY":null,"ACCOUNTS_RECE_TDAYS":7.04009143661,"INVENTORY_TDAYS":0.235799320168,"CURRENT_ASSETS_TDAYS":0.297036828204,"TOTAL_ASSETS_TDAYS":0.09278090109,"PREMIUM_EXPENSE":null,"LOAN_DEPOSIT":null,"LOAN_EQUITY":null,"LOAN_ASSETS":null,"DEPOSIT_EQUITY":null,"DEPOSIT_ASSETS":null,"EQUITY_MULTIPLIER":2.271574335308,"EQUITY_RATIO":1.988210894935},{"SECUCODE":"00617.HK","SECURITY_CODE":"00617","SECURITY_NAME_ABBR":"百利保控股","ORG_CODE":"10009004","STD_REPORT_DATE":"2022-06-30 00:00:00","REPORT_DATE":"2022-06-30 00:00:00","DATE_TYPE_CODE":"002","REPORT_TYPE":"2022年中报","PER_NETCASH_OPERATE":0.274529849112,"PER_OI":2.238822377655,"BPS":9.316521072838,"BASIC_EPS":0.146665085,"DILUTED_EPS":0.146665085,"OPERATE_INCOME":2495358901,"OPERATE_INCOME_YOY":162.6136261363,"GROSS_PROFIT":1149973993,"GROSS_PROFIT_YOY":209.182861493485,"HOLDER_PROFIT":197463371,"HOLDER_PROFIT_YOY":269.2815249267,"GROSS_PROFIT_RATIO":46.084512834573,"EPS_TTM":-0.01259384527,"OPERATE_INCOME_QOQ":47.845289775209,"NET_PROFIT_RATIO":10.4664313376,"ROE_AVG":1.889610416181,"GROSS_PROFIT_QOQ":63.806318079494,"ROA":0.532506169138,"HOLDER_PROFIT_QOQ":95.680895457175,"ROE_YEARLY":3.779220832362,"ROIC_YEARLY":1.348777980279,"TOTAL_ASSETS":36093122912,"TOTAL_LIABILITIES":19792773917,"TAX_EBT":31.738936075101,"OCF_SALES":12.262243394222,"TOTAL_PARENT_EQUITY":10384059056,"DEBT_ASSET_RATIO":54.83807529,"OPERATE_PROFIT":550742360,"PRETAX_PROFIT":382612006,"NETCASH_OPERATE":305986982,"NETCASH_INVEST":5216659,"NETCASH_FINANCE":-1037003394,"END_CASH":1475031712,"DIVI_RATIO":null,"DIVIDEND_RATE":null,"CURRENT_RATIO":2.361537323918,"COMMON_ACS":2000000000,"CURRENTDEBT_DEBT":23.37249344331,"ISSUED_COMMON_SHARES":1114585474,"HK_COMMON_SHARES":1114585474,"PER_SHARES":2000,"TOTAL_MARKET_CAP":624167865.44,"HKSK_MARKET_CAP":624167865.44,"PE_TTM":-0.467471439065,"PB_TTM":0.06564314723,"REPORT_DATE_SQ":"2021-06-30 00:00:00","REPORT_TYPE_SQ":"2021年中报","OPERATE_INCOME_SQ":924524088,"DPS_HKD":null,"OPERATE_INCOME_QOQ_SQ":13.753256527017,"NET_PROFIT_RATIO_SQ":-22.0592205922,"HOLDER_PROFIT_SQ":-113495712,"HOLDER_PROFIT_QOQ_SQ":53.948794354729,"ROE_AVG_SQ":-1.044914468695,"PE_TTM_SQ":-1.031899500998,"PB_TTM_SQ":0.076619542101,"ROA_SQ":-0.288692828925,"START_DATE":"2022-01-01 00:00:00","FISCAL_YEAR":"12-31","CURRENCY":"HKD","IS_CNY_CODE":0,"DPS_HKD_LY":null,"ORG_TYPE":"一般企业","PREMIUM_INCOME":null,"PREMIUM_INCOME_YOY":null,"NET_INTEREST_INCOME":null,"NET_INTEREST_INCOME_YOY":null,"FEE_COMMISSION_INCOME":null,"FEE_COMMISSION_INCOME_YOY":null,"ACCOUNTS_RECE_TDAYS":null,"INVENTORY_TDAYS":0.162175535534,"CURRENT_ASSETS_TDAYS":0.214645377941,"TOTAL_ASSETS_TDAYS":0.067293189733,"PREMIUM_EXPENSE":null,"LOAN_DEPOSIT":null,"LOAN_EQUITY":null,"LOAN_ASSETS":null,"DEPOSIT_EQUITY":null,"DEPOSIT_ASSETS":null,"EQUITY_MULTIPLIER":2.214254610319,"EQUITY_RATIO":1.90607293451},{"SECUCODE":"00617.HK","SECURITY_CODE":"00617","SECURITY_NAME_ABBR":"百利保控股","ORG_CODE":"10009004","STD_REPORT_DATE":"2021-12-31 00:00:00","REPORT_DATE":"2021-12-31 00:00:00","DATE_TYPE_CODE":"001","REPORT_TYPE":"2021年年报","PER_NETCASH_OPERATE":0.525365827619,"PER_OI":2.945628340389,"BPS":9.020051520966,"BASIC_EPS":-0.34927872,"DILUTED_EPS":-0.34927872,"OPERATE_INCOME":3283154560,"OPERATE_INCOME_YOY":178.3199334627,"GROSS_PROFIT":1219368640,"GROSS_PROFIT_YOY":271.201824852453,"HOLDER_PROFIT":-324996000,"HOLDER_PROFIT_YOY":54.5298558682,"GROSS_PROFIT_RATIO":37.140153401733,"EPS_TTM":-0.291584636245,"OPERATE_INCOME_QOQ":137.681285961122,"NET_PROFIT_RATIO":-14.8346448849,"ROE_AVG":-3.12939148097,"GROSS_PROFIT_QOQ":138.673952449837,"ROA":-0.870688040689,"HOLDER_PROFIT_QOQ":4.082060395117,"ROE_YEARLY":-3.12939148097,"ROIC_YEARLY":-1.112429546129,"TOTAL_ASSETS":36397262720,"TOTAL_LIABILITIES":20621997760,"TAX_EBT":-51.077859497844,"OCF_SALES":17.835441777069,"TOTAL_PARENT_EQUITY":10053618400,"DEBT_ASSET_RATIO":56.6581006892,"OPERATE_PROFIT":-35892640,"PRETAX_PROFIT":-322379680,"NETCASH_OPERATE":585565120,"NETCASH_INVEST":57722560,"NETCASH_FINANCE":-742544320,"END_CASH":2112841920,"DIVI_RATIO":null,"DIVIDEND_RATE":null,"CURRENT_RATIO":2.175013958261,"COMMON_ACS":2000000000,"CURRENTDEBT_DEBT":26.273659337261,"ISSUED_COMMON_SHARES":1114585474,"HK_COMMON_SHARES":1114585474,"PER_SHARES":2000,"TOTAL_MARKET_CAP":624167865.44,"HKSK_MARKET_CAP":624167865.44,"PE_TTM":-0.467471439065,"PB_TTM":0.06564314723,"REPORT_DATE_SQ":"2020-12-31 00:00:00","REPORT_TYPE_SQ":"2020年年报","OPERATE_INCOME_SQ":1214318192,"DPS_HKD":null,"OPERATE_INCOME_QOQ_SQ":-43.034223568747,"NET_PROFIT_RATIO_SQ":-86.4568893818,"HOLDER_PROFIT_SQ":-735761688,"HOLDER_PROFIT_QOQ_SQ":-109.743782775634,"ROE_AVG_SQ":-6.498903468015,"PE_TTM_SQ":-1.031899500998,"PB_TTM_SQ":0.076619542101,"ROA_SQ":-1.874829100384,"START_DATE":"2021-01-01 00:00:00","FISCAL_YEAR":"12-31","CURRENCY":"HKD","IS_CNY_CODE":0,"DPS_HKD_LY":null,"ORG_TYPE":"一般企业","PREMIUM_INCOME":null,"PREMIUM_INCOME_YOY":null,"NET_INTEREST_INCOME":null,"NET_INTEREST_INCOME_YOY":null,"FEE_COMMISSION_INCOME":null,"FEE_COMMISSION_INCOME_YOY":null,"ACCOUNTS_RECE_TDAYS":null,"INVENTORY_TDAYS":0.236819514483,"CURRENT_ASSETS_TDAYS":0.268509510102,"TOTAL_ASSETS_TDAYS":0.087958110596,"PREMIUM_EXPENSE":null,"LOAN_DEPOSIT":null,"LOAN_EQUITY":null,"LOAN_ASSETS":null,"DEPOSIT_EQUITY":null,"DEPOSIT_ASSETS":null,"EQUITY_MULTIPLIER":2.307236221535,"EQUITY_RATIO":2.05120156142},{"SECUCODE":"00617.HK","SECURITY_CODE":"00617","SECURITY_NAME_ABBR":"百利保控股","ORG_CODE":"10009004","STD_REPORT_DATE":"2021-06-30 00:00:00","REPORT_DATE":"2021-06-30 00:00:00","DATE_TYPE_CODE":"002","REPORT_TYPE":"2021年中报","PER_NETCASH_OPERATE":0.198429702485,"PER_OI":0.829477962495,"BPS":9.704690596031,"BASIC_EPS":-0.131219016,"DILUTED_EPS":-0.131219016,"OPERATE_INCOME":924524088,"OPERATE_INCOME_YOY":33.9804654528,"GROSS_PROFIT":371939760,"GROSS_PROFIT_YOY":96.234100880664,"HOLDER_PROFIT":-113495712,"HOLDER_PROFIT_YOY":75.5905511811,"GROSS_PROFIT_RATIO":40.230402304023,"EPS_TTM":-0.303993848748,"OPERATE_INCOME_QOQ":13.753256527017,"NET_PROFIT_RATIO":-22.0592205922,"ROE_AVG":-1.044914468695,"GROSS_PROFIT_QOQ":55.526743091277,"ROA":-0.288692828925,"HOLDER_PROFIT_QOQ":53.948794354729,"ROE_YEARLY":-2.089828937389,"ROIC_YEARLY":-0.74386137129,"TOTAL_ASSETS":39694376400,"TOTAL_LIABILITIES":22859317800,"TAX_EBT":4.704510108865,"OCF_SALES":23.922239222392,"TOTAL_PARENT_EQUITY":10816707168,"DEBT_ASSET_RATIO":57.5883031129,"OPERATE_PROFIT":-66316776,"PRETAX_PROFIT":-214010976,"NETCASH_OPERATE":221166864,"NETCASH_INVEST":-73389456,"NETCASH_FINANCE":658674528,"END_CASH":3040503528,"DIVI_RATIO":null,"DIVIDEND_RATE":null,"CURRENT_RATIO":1.038262900536,"COMMON_ACS":2000000000,"CURRENTDEBT_DEBT":58.287014287014,"ISSUED_COMMON_SHARES":1114585474,"HK_COMMON_SHARES":1114585474,"PER_SHARES":2000,"TOTAL_MARKET_CAP":624167865.44,"HKSK_MARKET_CAP":624167865.44,"PE_TTM":-0.467471439065,"PB_TTM":0.06564314723,"REPORT_DATE_SQ":"2020-06-30 00:00:00","REPORT_TYPE_SQ":"2020年中报","OPERATE_INCOME_SQ":757515792,"DPS_HKD":null,"OPERATE_INCOME_QOQ_SQ":-17.928191134341,"NET_PROFIT_RATIO_SQ":-97.3953937055,"HOLDER_PROFIT_SQ":-510430272,"HOLDER_PROFIT_QOQ_SQ":-238.57170296828,"ROE_AVG_SQ":-3.780196586458,"PE_TTM_SQ":-1.031899500998,"PB_TTM_SQ":0.076619542101,"ROA_SQ":-1.195625312252,"START_DATE":"2021-01-01 00:00:00","FISCAL_YEAR":"12-31","CURRENCY":"HKD","IS_CNY_CODE":0,"DPS_HKD_LY":null,"ORG_TYPE":"一般企业","PREMIUM_INCOME":null,"PREMIUM_INCOME_YOY":null,"NET_INTEREST_INCOME":null,"NET_INTEREST_INCOME_YOY":null,"FEE_COMMISSION_INCOME":null,"FEE_COMMISSION_INCOME_YOY":null,"ACCOUNTS_RECE_TDAYS":null,"INVENTORY_TDAYS":0.059959551455,"CURRENT_ASSETS_TDAYS":0.069179355152,"TOTAL_ASSETS_TDAYS":0.023516613066,"PREMIUM_EXPENSE":null,"LOAN_DEPOSIT":null,"LOAN_EQUITY":null,"LOAN_ASSETS":null,"DEPOSIT_EQUITY":null,"DEPOSIT_ASSETS":null,"EQUITY_MULTIPLIER":2.357840108737,"EQUITY_RATIO":2.113334256439},{"SECUCODE":"00617.HK","SECURITY_CODE":"00617","SECURITY_NAME_ABBR":"百利保控股","ORG_CODE":"10009004","STD_REPORT_DATE":"2020-12-31 00:00:00","REPORT_DATE":"2020-12-31 00:00:00","DATE_TYPE_CODE":"001","REPORT_TYPE":"2020年年报","PER_NETCASH_OPERATE":1.733139515149,"PER_OI":1.089479649903,"BPS":9.897893925002,"BASIC_EPS":-0.718508068,"DILUTED_EPS":-0.718508068,"OPERATE_INCOME":1214318192,"OPERATE_INCOME_YOY":-50.2396964994,"GROSS_PROFIT":328492092,"GROSS_PROFIT_YOY":-71.665068848605,"HOLDER_PROFIT":-735761688,"HOLDER_PROFIT_YOY":-409.3418259023,"GROSS_PROFIT_RATIO":27.051566398669,"EPS_TTM":-0.660121368135,"OPERATE_INCOME_QOQ":-43.034223568747,"NET_PROFIT_RATIO":-86.4568893818,"ROE_AVG":-6.498903468015,"GROSS_PROFIT_QOQ":-55.748610850794,"ROA":-1.874829100384,"HOLDER_PROFIT_QOQ":-109.743782775634,"ROE_YEARLY":-6.498903468015,"ROIC_YEARLY":-2.325668011024,"TOTAL_ASSETS":39380251436,"TOTAL_LIABILITIES":21979596928,"TAX_EBT":0.740033420864,"OCF_SALES":159.079567507624,"TOTAL_PARENT_EQUITY":11032048792,"DEBT_ASSET_RATIO":55.8137546778,"OPERATE_PROFIT":-723221252,"PRETAX_PROFIT":-1057688988,"NETCASH_OPERATE":1931732128,"NETCASH_INVEST":-476284076,"NETCASH_FINANCE":-902238080,"END_CASH":2248441260,"DIVI_RATIO":null,"DIVIDEND_RATE":null,"CURRENT_RATIO":0.959857043754,"COMMON_ACS":2000000000,"CURRENTDEBT_DEBT":61.821467957358,"ISSUED_COMMON_SHARES":1114585474,"HK_COMMON_SHARES":1114585474,"PER_SHARES":2000,"TOTAL_MARKET_CAP":624167865.44,"HKSK_MARKET_CAP":624167865.44,"PE_TTM":-0.467471439065,"PB_TTM":0.06564314723,"REPORT_DATE_SQ":"2019-12-31 00:00:00","REPORT_TYPE_SQ":"2019年年报","OPERATE_INCOME_SQ":2597314110,"DPS_HKD":null,"OPERATE_INCOME_QOQ_SQ":-27.320487076516,"NET_PROFIT_RATIO_SQ":11.2847042594,"HOLDER_PROFIT_SQ":253147428,"HOLDER_PROFIT_QOQ_SQ":34.758408802535,"ROE_AVG_SQ":1.821328100076,"PE_TTM_SQ":-1.031899500998,"PB_TTM_SQ":0.076619542101,"ROA_SQ":0.618555347133,"START_DATE":"2020-01-01 00:00:00","FISCAL_YEAR":"12-31","CURRENCY":"HKD","IS_CNY_CODE":0,"DPS_HKD_LY":0.03,"ORG_TYPE":"一般企业","PREMIUM_INCOME":null,"PREMIUM_INCOME_YOY":null,"NET_INTEREST_INCOME":null,"NET_INTEREST_INCOME_YOY":null,"FEE_COMMISSION_INCOME":null,"FEE_COMMISSION_INCOME_YOY":null,"ACCOUNTS_RECE_TDAYS":null,"INVENTORY_TDAYS":0.101353466,"CURRENT_ASSETS_TDAYS":0.094091868044,"TOTAL_ASSETS_TDAYS":0.03094261526,"PREMIUM_EXPENSE":null,"LOAN_DEPOSIT":null,"LOAN_EQUITY":null,"LOAN_ASSETS":null,"DEPOSIT_EQUITY":null,"DEPOSIT_ASSETS":null,"EQUITY_MULTIPLIER":2.263147711936,"EQUITY_RATIO":1.992340438518},{"SECUCODE":"00617.HK","SECURITY_CODE":"00617","SECURITY_NAME_ABBR":"百利保控股","ORG_CODE":"10009004","STD_REPORT_DATE":"2020-06-30 00:00:00","REPORT_DATE":"2020-06-30 00:00:00","DATE_TYPE_CODE":"002","REPORT_TYPE":"2020年中报","PER_NETCASH_OPERATE":0.676524804593,"PER_OI":0.679639031434,"BPS":11.503380278218,"BASIC_EPS":-0.489695184,"DILUTED_EPS":-0.489695184,"OPERATE_INCOME":757515792,"OPERATE_INCOME_YOY":-40.3595828839,"GROSS_PROFIT":189538800,"GROSS_PROFIT_YOY":-68.750072647391,"HOLDER_PROFIT":-510430272,"HOLDER_PROFIT_YOY":-625.6820319849,"GROSS_PROFIT_RATIO":25.02110213433,"EPS_TTM":-0.314727502002,"OPERATE_INCOME_QOQ":-17.928191134341,"NET_PROFIT_RATIO":-97.3953937055,"ROE_AVG":-3.780196586458,"GROSS_PROFIT_QOQ":-35.968267446123,"ROA":-1.195625312252,"HOLDER_PROFIT_QOQ":-238.57170296828,"ROE_YEARLY":-7.560393172916,"ROIC_YEARLY":-2.874156635879,"TOTAL_ASSETS":42938530800,"TOTAL_LIABILITIES":22916656752,"TAX_EBT":0.66412495388,"OCF_SALES":99.541782225974,"TOTAL_PARENT_EQUITY":14404400736,"DEBT_ASSET_RATIO":53.3708450779,"OPERATE_PROFIT":-517646448,"PRETAX_PROFIT":-742718064,"NETCASH_OPERATE":754044720,"NETCASH_INVEST":-381087168,"NETCASH_FINANCE":-552083136,"END_CASH":1567189008,"DIVI_RATIO":null,"DIVIDEND_RATE":null,"CURRENT_RATIO":2.789886054457,"COMMON_ACS":2000000000,"CURRENTDEBT_DEBT":19.484381165723,"ISSUED_COMMON_SHARES":1114585474,"HK_COMMON_SHARES":1114585474,"PER_SHARES":2000,"TOTAL_MARKET_CAP":624167865.44,"HKSK_MARKET_CAP":624167865.44,"PE_TTM":-0.467471439065,"PB_TTM":0.06564314723,"REPORT_DATE_SQ":"2019-06-30 00:00:00","REPORT_TYPE_SQ":"2019年中报","OPERATE_INCOME_SQ":1223167230,"DPS_HKD":null,"OPERATE_INCOME_QOQ_SQ":-30.804638643558,"NET_PROFIT_RATIO_SQ":12.1395181589,"HOLDER_PROFIT_SQ":93507858,"HOLDER_PROFIT_QOQ_SQ":-33.210319839067,"ROE_AVG_SQ":0.679995778013,"PE_TTM_SQ":-1.031899500998,"PB_TTM_SQ":0.076619542101,"ROA_SQ":0.234018289971,"START_DATE":"2020-01-01 00:00:00","FISCAL_YEAR":"12-31","CURRENCY":"HKD","IS_CNY_CODE":0,"DPS_HKD_LY":0.03,"ORG_TYPE":"一般企业","PREMIUM_INCOME":null,"PREMIUM_INCOME_YOY":null,"NET_INTEREST_INCOME":null,"NET_INTEREST_INCOME_YOY":null,"FEE_COMMISSION_INCOME":null,"FEE_COMMISSION_INCOME_YOY":null,"ACCOUNTS_RECE_TDAYS":1.393313172043,"INVENTORY_TDAYS":0.064658018561,"CURRENT_ASSETS_TDAYS":0.057572286438,"TOTAL_ASSETS_TDAYS":0.017743952603,"PREMIUM_EXPENSE":null,"LOAN_DEPOSIT":null,"LOAN_EQUITY":null,"LOAN_ASSETS":null,"DEPOSIT_EQUITY":null,"DEPOSIT_ASSETS":null,"EQUITY_MULTIPLIER":2.144581006605,"EQUITY_RATIO":1.590948292262}],"count":48},"success":true,"message":"ok","code":0}