{"version":"f617c5cf03ca2f9f12fffbdf46017e3b","result":{"pages":6,"data":[{"SECUCODE":"00616.HK","SECURITY_CODE":"00616","SECURITY_NAME_ABBR":"高山企业","ORG_CODE":"10009003","STD_REPORT_DATE":"2024-06-30 00:00:00","REPORT_DATE":"2024-09-30 00:00:00","DATE_TYPE_CODE":"002","REPORT_TYPE":"2024年中报","PER_NETCASH_OPERATE":-0.232325226499,"PER_OI":0.044661721936,"BPS":2.610611478541,"BASIC_EPS":-0.6943783,"DILUTED_EPS":-0.6943783,"OPERATE_INCOME":15102277.13,"OPERATE_INCOME_YOY":9.7732039853,"GROSS_PROFIT":12918141.75,"GROSS_PROFIT_YOY":2.562464408703,"HOLDER_PROFIT":-219466828.72,"HOLDER_PROFIT_YOY":-53.7744134763,"GROSS_PROFIT_RATIO":85.537708246253,"EPS_TTM":-0.571436648046,"OPERATE_INCOME_QOQ":0,"NET_PROFIT_RATIO":-1453.2035588464,"ROE_AVG":-8.134048292319,"GROSS_PROFIT_QOQ":0,"ROA":-4.611922667558,"HOLDER_PROFIT_QOQ":0,"ROE_YEARLY":-16.268096584638,"ROIC_YEARLY":-9.684847875863,"TOTAL_ASSETS":4639760050.24,"TOTAL_LIABILITIES":1991439991.01,"TAX_EBT":2.695489506625,"OCF_SALES":-520.188690511733,"TOTAL_PARENT_EQUITY":2648320059.23,"DEBT_ASSET_RATIO":42.92118492,"OPERATE_PROFIT":-173855192.31,"PRETAX_PROFIT":-220304591.63,"NETCASH_OPERATE":-78560337.64,"NETCASH_INVEST":14533247.64,"NETCASH_FINANCE":-93743775.87,"END_CASH":114804179.53,"DIVI_RATIO":null,"DIVIDEND_RATE":null,"CURRENT_RATIO":3.417056477508,"COMMON_ACS":40000000000,"CURRENTDEBT_DEBT":52.67223621225,"ISSUED_COMMON_SHARES":1014444348,"HK_COMMON_SHARES":1014444348,"PER_SHARES":5000,"TOTAL_MARKET_CAP":169412206.116,"HKSK_MARKET_CAP":169412206.116,"PE_TTM":-0.568013190489,"PB_TTM":0.05768722433,"REPORT_DATE_SQ":"2023-06-30 00:00:00","REPORT_TYPE_SQ":"2023年中报","OPERATE_INCOME_SQ":13999363.28,"DPS_HKD":null,"OPERATE_INCOME_QOQ_SQ":0,"NET_PROFIT_RATIO_SQ":-1037.382013634,"HOLDER_PROFIT_SQ":-145226876.69,"HOLDER_PROFIT_QOQ_SQ":0,"ROE_AVG_SQ":-5.008975061151,"PE_TTM_SQ":-0.140920748221,"PB_TTM_SQ":0.007224355898,"ROA_SQ":-2.794896523152,"START_DATE":"2024-04-01 00:00:00","FISCAL_YEAR":"3-31","CURRENCY":"HKD","IS_CNY_CODE":0,"DPS_HKD_LY":null,"ORG_TYPE":"一般企业","PREMIUM_INCOME":null,"PREMIUM_INCOME_YOY":null,"NET_INTEREST_INCOME":null,"NET_INTEREST_INCOME_YOY":null,"FEE_COMMISSION_INCOME":null,"FEE_COMMISSION_INCOME_YOY":null,"ACCOUNTS_RECE_TDAYS":0.49069706115,"INVENTORY_TDAYS":0.000675539138,"CURRENT_ASSETS_TDAYS":0.004160993451,"TOTAL_ASSETS_TDAYS":0.003173624672,"PREMIUM_EXPENSE":null,"LOAN_DEPOSIT":null,"LOAN_EQUITY":null,"LOAN_ASSETS":null,"DEPOSIT_EQUITY":null,"DEPOSIT_ASSETS":null,"EQUITY_MULTIPLIER":1.751963488728,"EQUITY_RATIO":0.751963488729},{"SECUCODE":"00616.HK","SECURITY_CODE":"00616","SECURITY_NAME_ABBR":"高山企业","ORG_CODE":"10009003","STD_REPORT_DATE":"2023-12-31 00:00:00","REPORT_DATE":"2024-03-31 00:00:00","DATE_TYPE_CODE":"001","REPORT_TYPE":"2023年年报","PER_NETCASH_OPERATE":-3.418718299712,"PER_OI":0.269755185349,"BPS":2.723102099436,"BASIC_EPS":-2.2391785,"DILUTED_EPS":-2.2391785,"OPERATE_INCOME":27824739.15,"OPERATE_INCOME_YOY":12.8668088549,"GROSS_PROFIT":24633683.15,"GROSS_PROFIT_YOY":16.159320257886,"HOLDER_PROFIT":-193230225.95,"HOLDER_PROFIT_YOY":-435.2875479771,"GROSS_PROFIT_RATIO":88.531587006809,"EPS_TTM":-1.424433786556,"OPERATE_INCOME_QOQ":0,"NET_PROFIT_RATIO":-694.454761672,"ROE_AVG":-6.785632537571,"GROSS_PROFIT_QOQ":0,"ROA":-3.863818913931,"HOLDER_PROFIT_QOQ":0,"ROE_YEARLY":-6.785632537571,"ROIC_YEARLY":-4.119548843989,"TOTAL_ASSETS":4903353985.85,"TOTAL_LIABILITIES":2140918452.05,"TAX_EBT":-6.567828598425,"OCF_SALES":-1267.34108754439,"TOTAL_PARENT_EQUITY":2762435533.8,"DEBT_ASSET_RATIO":43.6623270159,"OPERATE_PROFIT":-136333334.85,"PRETAX_PROFIT":-186131939.45,"NETCASH_OPERATE":-352634351.75,"NETCASH_INVEST":220999665.55,"NETCASH_FINANCE":92737345.35,"END_CASH":271708446.35,"DIVI_RATIO":null,"DIVIDEND_RATE":null,"CURRENT_RATIO":3.190344174248,"COMMON_ACS":40000000000,"CURRENTDEBT_DEBT":54.084267053295,"ISSUED_COMMON_SHARES":1014444348,"HK_COMMON_SHARES":1014444348,"PER_SHARES":5000,"TOTAL_MARKET_CAP":144051097.416,"HKSK_MARKET_CAP":144051097.416,"PE_TTM":-0.482981275745,"PB_TTM":0.049051412304,"REPORT_DATE_SQ":"2022-12-31 00:00:00","REPORT_TYPE_SQ":"2022年年报","OPERATE_INCOME_SQ":23805899.54,"DPS_HKD":null,"OPERATE_INCOME_QOQ_SQ":0,"NET_PROFIT_RATIO_SQ":233.7721556226,"HOLDER_PROFIT_SQ":55651564.52,"HOLDER_PROFIT_QOQ_SQ":0,"ROE_AVG_SQ":2.034189108999,"PE_TTM_SQ":-0.130482174279,"PB_TTM_SQ":0.006689218424,"ROA_SQ":1.210425477731,"START_DATE":"2023-04-01 00:00:00","FISCAL_YEAR":"3-31","CURRENCY":"HKD","IS_CNY_CODE":0,"DPS_HKD_LY":null,"ORG_TYPE":"一般企业","PREMIUM_INCOME":null,"PREMIUM_INCOME_YOY":null,"NET_INTEREST_INCOME":null,"NET_INTEREST_INCOME_YOY":null,"FEE_COMMISSION_INCOME":null,"FEE_COMMISSION_INCOME_YOY":null,"ACCOUNTS_RECE_TDAYS":0.7513678258,"INVENTORY_TDAYS":0.001021094152,"CURRENT_ASSETS_TDAYS":0.007430783533,"TOTAL_ASSETS_TDAYS":0.005563816576,"PREMIUM_EXPENSE":null,"LOAN_DEPOSIT":null,"LOAN_EQUITY":null,"LOAN_ASSETS":null,"DEPOSIT_EQUITY":null,"DEPOSIT_ASSETS":null,"EQUITY_MULTIPLIER":1.775011190615,"EQUITY_RATIO":0.775011190616},{"SECUCODE":"00616.HK","SECURITY_CODE":"00616","SECURITY_NAME_ABBR":"高山企业","ORG_CODE":"10009003","STD_REPORT_DATE":"2023-06-30 00:00:00","REPORT_DATE":"2023-09-30 00:00:00","DATE_TYPE_CODE":"002","REPORT_TYPE":"2023年中报","PER_NETCASH_OPERATE":-1.931541900096,"PER_OI":0.135720978946,"BPS":2.789685821119,"BASIC_EPS":-2.0921964,"DILUTED_EPS":-2.0921964,"OPERATE_INCOME":13999363.28,"OPERATE_INCOME_YOY":14.5087442768,"GROSS_PROFIT":12595389.38,"GROSS_PROFIT_YOY":17.164518150713,"HOLDER_PROFIT":-145226876.69,"HOLDER_PROFIT_YOY":-349.5789440484,"GROSS_PROFIT_RATIO":89.971158888306,"EPS_TTM":0.026177580583,"OPERATE_INCOME_QOQ":0,"NET_PROFIT_RATIO":-1037.382013634,"ROE_AVG":-5.008975061151,"GROSS_PROFIT_QOQ":0,"ROA":-2.794896523152,"HOLDER_PROFIT_QOQ":0,"ROE_YEARLY":-10.017950122302,"ROIC_YEARLY":-5.991232886876,"TOTAL_ASSETS":5231293926.25,"TOTAL_LIABILITIES":2401312912.32,"TAX_EBT":0.374056509251,"OCF_SALES":-1423.17121132669,"TOTAL_PARENT_EQUITY":2829981013.93,"DEBT_ASSET_RATIO":45.902848247,"OPERATE_PROFIT":-115497499.95,"PRETAX_PROFIT":-137378387.3,"NETCASH_OPERATE":-199234907.97,"NETCASH_INVEST":155802562.44,"NETCASH_FINANCE":98553462,"END_CASH":371487823.42,"DIVI_RATIO":null,"DIVIDEND_RATE":null,"CURRENT_RATIO":2.84330913663,"COMMON_ACS":40000000000,"CURRENTDEBT_DEBT":58.475946782103,"ISSUED_COMMON_SHARES":1014444348,"HK_COMMON_SHARES":1014444348,"PER_SHARES":5000,"TOTAL_MARKET_CAP":144051097.416,"HKSK_MARKET_CAP":144051097.416,"PE_TTM":-0.482981275745,"PB_TTM":0.049051412304,"REPORT_DATE_SQ":"2022-06-30 00:00:00","REPORT_TYPE_SQ":"2022年中报","OPERATE_INCOME_SQ":12049854.12,"DPS_HKD":null,"OPERATE_INCOME_QOQ_SQ":0,"NET_PROFIT_RATIO_SQ":240.3244144622,"HOLDER_PROFIT_SQ":57352349.28,"HOLDER_PROFIT_QOQ_SQ":0,"ROE_AVG_SQ":2.051415103419,"PE_TTM_SQ":-0.130482174279,"PB_TTM_SQ":0.006689218424,"ROA_SQ":1.279021124866,"START_DATE":"2023-04-01 00:00:00","FISCAL_YEAR":"3-31","CURRENCY":"HKD","IS_CNY_CODE":0,"DPS_HKD_LY":null,"ORG_TYPE":"一般企业","PREMIUM_INCOME":null,"PREMIUM_INCOME_YOY":null,"NET_INTEREST_INCOME":null,"NET_INTEREST_INCOME_YOY":null,"FEE_COMMISSION_INCOME":null,"FEE_COMMISSION_INCOME_YOY":null,"ACCOUNTS_RECE_TDAYS":0.279255367831,"INVENTORY_TDAYS":0.000454012132,"CURRENT_ASSETS_TDAYS":0.003574057859,"TOTAL_ASSETS_TDAYS":0.002694182554,"PREMIUM_EXPENSE":null,"LOAN_DEPOSIT":null,"LOAN_EQUITY":null,"LOAN_ASSETS":null,"DEPOSIT_EQUITY":null,"DEPOSIT_ASSETS":null,"EQUITY_MULTIPLIER":1.84852615636,"EQUITY_RATIO":0.848526156359},{"SECUCODE":"00616.HK","SECURITY_CODE":"00616","SECURITY_NAME_ABBR":"高山企业","ORG_CODE":"10009003","STD_REPORT_DATE":"2022-12-31 00:00:00","REPORT_DATE":"2023-03-31 00:00:00","DATE_TYPE_CODE":"001","REPORT_TYPE":"2022年年报","PER_NETCASH_OPERATE":-0.047417113813,"PER_OI":0.01119790358,"BPS":2.791771351128,"BASIC_EPS":1.313115,"DILUTED_EPS":1.1993117,"OPERATE_INCOME":23805899.54,"OPERATE_INCOME_YOY":-26.6632507214,"GROSS_PROFIT":21206807.25,"GROSS_PROFIT_YOY":-23.477105071084,"HOLDER_PROFIT":55651564.52,"HOLDER_PROFIT_YOY":-45.4069233213,"GROSS_PROFIT_RATIO":89.082150474369,"EPS_TTM":0.039352390795,"OPERATE_INCOME_QOQ":0,"NET_PROFIT_RATIO":233.7721556226,"ROE_AVG":2.034189108999,"GROSS_PROFIT_QOQ":0,"ROA":1.210425477731,"HOLDER_PROFIT_QOQ":0,"ROE_YEARLY":2.034189108999,"ROIC_YEARLY":1.262855863553,"TOTAL_ASSETS":4923539574.47,"TOTAL_LIABILITIES":2091442906.41,"TAX_EBT":-2.876781633258,"OCF_SALES":-423.446348459219,"TOTAL_PARENT_EQUITY":2832096668.06,"DEBT_ASSET_RATIO":42.4784420797,"OPERATE_PROFIT":70201754.13,"PRETAX_PROFIT":50179376.61,"NETCASH_OPERATE":-100805212.32,"NETCASH_INVEST":169300792.36,"NETCASH_FINANCE":167892257.67,"END_CASH":309896890.82,"DIVI_RATIO":null,"DIVIDEND_RATE":null,"CURRENT_RATIO":4.823187620979,"COMMON_ACS":40000000000,"CURRENTDEBT_DEBT":36.328309267796,"ISSUED_COMMON_SHARES":1014444348,"HK_COMMON_SHARES":1014444348,"PER_SHARES":5000,"TOTAL_MARKET_CAP":144051097.416,"HKSK_MARKET_CAP":144051097.416,"PE_TTM":-0.482981275745,"PB_TTM":0.049051412304,"REPORT_DATE_SQ":"2021-12-31 00:00:00","REPORT_TYPE_SQ":"2021年年报","OPERATE_INCOME_SQ":30073061.81,"DPS_HKD":null,"OPERATE_INCOME_QOQ_SQ":0,"NET_PROFIT_RATIO_SQ":180.6079875921,"HOLDER_PROFIT_SQ":94439681.47,"HOLDER_PROFIT_QOQ_SQ":0,"ROE_AVG_SQ":3.94971237077,"PE_TTM_SQ":-0.130482174279,"PB_TTM_SQ":0.006689218424,"ROA_SQ":2.453286029024,"START_DATE":"2022-04-01 00:00:00","FISCAL_YEAR":"3-31","CURRENCY":"HKD","IS_CNY_CODE":0,"DPS_HKD_LY":null,"ORG_TYPE":"一般企业","PREMIUM_INCOME":null,"PREMIUM_INCOME_YOY":null,"NET_INTEREST_INCOME":null,"NET_INTEREST_INCOME_YOY":null,"FEE_COMMISSION_INCOME":null,"FEE_COMMISSION_INCOME_YOY":null,"ACCOUNTS_RECE_TDAYS":0.327301394347,"INVENTORY_TDAYS":0.000938284636,"CURRENT_ASSETS_TDAYS":0.007184664965,"TOTAL_ASSETS_TDAYS":0.005177800044,"PREMIUM_EXPENSE":null,"LOAN_DEPOSIT":null,"LOAN_EQUITY":null,"LOAN_ASSETS":null,"DEPOSIT_EQUITY":null,"DEPOSIT_ASSETS":null,"EQUITY_MULTIPLIER":1.738478643756,"EQUITY_RATIO":0.738478643754},{"SECUCODE":"00616.HK","SECURITY_CODE":"00616","SECURITY_NAME_ABBR":"高山企业","ORG_CODE":"10009003","STD_REPORT_DATE":"2022-06-30 00:00:00","REPORT_DATE":"2022-09-30 00:00:00","DATE_TYPE_CODE":"002","REPORT_TYPE":"2022年中报","PER_NETCASH_OPERATE":-0.010139786796,"PER_OI":0.00566805318,"BPS":2.823649862831,"BASIC_EPS":1.8179244,"DILUTED_EPS":1.6189476,"OPERATE_INCOME":12049854.12,"OPERATE_INCOME_YOY":-27.5826106049,"GROSS_PROFIT":10750173.84,"GROSS_PROFIT_YOY":-63.03829156837,"HOLDER_PROFIT":57352349.28,"HOLDER_PROFIT_YOY":-22.4649996943,"GROSS_PROFIT_RATIO":94.553930114455,"EPS_TTM":0.084491786649,"OPERATE_INCOME_QOQ":0,"NET_PROFIT_RATIO":240.3244144622,"ROE_AVG":2.051415103419,"GROSS_PROFIT_QOQ":0,"ROA":1.279021124866,"HOLDER_PROFIT_QOQ":0,"ROE_YEARLY":4.102830206838,"ROIC_YEARLY":2.641478781567,"TOTAL_ASSETS":4554669396,"TOTAL_LIABILITIES":1690233751.92,"TAX_EBT":1.361606732695,"OCF_SALES":-90.328204350792,"TOTAL_PARENT_EQUITY":2864435644.08,"DEBT_ASSET_RATIO":37.1099108402,"OPERATE_PROFIT":57949279.68,"PRETAX_PROFIT":49220529.24,"NETCASH_OPERATE":-21556422.96,"NETCASH_INVEST":27200128.56,"NETCASH_FINANCE":132040100.04,"END_CASH":209024223.96,"DIVI_RATIO":null,"DIVIDEND_RATE":null,"CURRENT_RATIO":5.037732900726,"COMMON_ACS":40000000000,"CURRENTDEBT_DEBT":37.668087529123,"ISSUED_COMMON_SHARES":1014444348,"HK_COMMON_SHARES":1014444348,"PER_SHARES":5000,"TOTAL_MARKET_CAP":144051097.416,"HKSK_MARKET_CAP":144051097.416,"PE_TTM":-0.482981275745,"PB_TTM":0.049051412304,"REPORT_DATE_SQ":"2021-06-30 00:00:00","REPORT_TYPE_SQ":"2021年中报","OPERATE_INCOME_SQ":30353374.16,"DPS_HKD":null,"OPERATE_INCOME_QOQ_SQ":0,"NET_PROFIT_RATIO_SQ":224.4620704797,"HOLDER_PROFIT_SQ":68131812.1,"HOLDER_PROFIT_QOQ_SQ":0,"ROE_AVG_SQ":2.797583853544,"PE_TTM_SQ":-0.130482174279,"PB_TTM_SQ":0.006689218424,"ROA_SQ":1.753169923506,"START_DATE":"2022-04-01 00:00:00","FISCAL_YEAR":"3-31","CURRENCY":"HKD","IS_CNY_CODE":0,"DPS_HKD_LY":null,"ORG_TYPE":"一般企业","PREMIUM_INCOME":null,"PREMIUM_INCOME_YOY":null,"NET_INTEREST_INCOME":null,"NET_INTEREST_INCOME_YOY":null,"FEE_COMMISSION_INCOME":null,"FEE_COMMISSION_INCOME_YOY":null,"ACCOUNTS_RECE_TDAYS":0.11189827277,"INVENTORY_TDAYS":0.000469191244,"CURRENT_ASSETS_TDAYS":0.007614817119,"TOTAL_ASSETS_TDAYS":0.005322060714,"PREMIUM_EXPENSE":null,"LOAN_DEPOSIT":null,"LOAN_EQUITY":null,"LOAN_ASSETS":null,"DEPOSIT_EQUITY":null,"DEPOSIT_ASSETS":null,"EQUITY_MULTIPLIER":1.590075659551,"EQUITY_RATIO":0.59007565955},{"SECUCODE":"00616.HK","SECURITY_CODE":"00616","SECURITY_NAME_ABBR":"高山企业","ORG_CODE":"10009003","STD_REPORT_DATE":"2021-12-31 00:00:00","REPORT_DATE":"2022-03-31 00:00:00","DATE_TYPE_CODE":"001","REPORT_TYPE":"2021年年报","PER_NETCASH_OPERATE":-0.094835417433,"PER_OI":0.032286009125,"BPS":2.410528299252,"BASIC_EPS":0.10137625,"DILUTED_EPS":0.079235677,"OPERATE_INCOME":30073061.81,"OPERATE_INCOME_YOY":-19.6603242246,"GROSS_PROFIT":27713022.71,"GROSS_PROFIT_YOY":-57.146321850541,"HOLDER_PROFIT":94439681.47,"HOLDER_PROFIT_YOY":164.4090202607,"GROSS_PROFIT_RATIO":95.486622721985,"EPS_TTM":-0.030004231967,"OPERATE_INCOME_QOQ":0,"NET_PROFIT_RATIO":180.6079875921,"ROE_AVG":3.94971237077,"GROSS_PROFIT_QOQ":0,"ROA":2.453286029024,"HOLDER_PROFIT_QOQ":0,"ROE_YEARLY":3.94971237077,"ROIC_YEARLY":2.504563498934,"TOTAL_ASSETS":3957573086.08,"TOTAL_LIABILITIES":1512226277.21,"TAX_EBT":0.797991263372,"OCF_SALES":-168.93369523071,"TOTAL_PARENT_EQUITY":2445346808.87,"DEBT_ASSET_RATIO":38.210950103,"OPERATE_PROFIT":87349021.04,"PRETAX_PROFIT":70735481.19,"NETCASH_OPERATE":-88335209.2,"NETCASH_INVEST":-26026121.91,"NETCASH_FINANCE":89684729.84,"END_CASH":66583109.99,"DIVI_RATIO":null,"DIVIDEND_RATE":null,"CURRENT_RATIO":3.752077359608,"COMMON_ACS":40000000000,"CURRENTDEBT_DEBT":48.367255329635,"ISSUED_COMMON_SHARES":1014444348,"HK_COMMON_SHARES":1014444348,"PER_SHARES":5000,"TOTAL_MARKET_CAP":144051097.416,"HKSK_MARKET_CAP":144051097.416,"PE_TTM":-0.482981275745,"PB_TTM":0.049051412304,"REPORT_DATE_SQ":"2020-12-31 00:00:00","REPORT_TYPE_SQ":"2020年年报","OPERATE_INCOME_SQ":67828230.54,"DPS_HKD":null,"OPERATE_INCOME_QOQ_SQ":0,"NET_PROFIT_RATIO_SQ":-225.2788057767,"HOLDER_PROFIT_SQ":-152802627.74,"HOLDER_PROFIT_QOQ_SQ":0,"ROE_AVG_SQ":-6.209444284737,"PE_TTM_SQ":-0.130482174279,"PB_TTM_SQ":0.006689218424,"ROA_SQ":-3.923318717971,"START_DATE":"2021-04-01 00:00:00","FISCAL_YEAR":"3-31","CURRENCY":"HKD","IS_CNY_CODE":0,"DPS_HKD_LY":null,"ORG_TYPE":"一般企业","PREMIUM_INCOME":null,"PREMIUM_INCOME_YOY":null,"NET_INTEREST_INCOME":null,"NET_INTEREST_INCOME_YOY":null,"FEE_COMMISSION_INCOME":null,"FEE_COMMISSION_INCOME_YOY":null,"ACCOUNTS_RECE_TDAYS":0.507260552253,"INVENTORY_TDAYS":0.001007848578,"CURRENT_ASSETS_TDAYS":0.019716709342,"TOTAL_ASSETS_TDAYS":0.013583485768,"PREMIUM_EXPENSE":null,"LOAN_DEPOSIT":null,"LOAN_EQUITY":null,"LOAN_ASSETS":null,"DEPOSIT_EQUITY":null,"DEPOSIT_ASSETS":null,"EQUITY_MULTIPLIER":1.618409737109,"EQUITY_RATIO":0.618409737108},{"SECUCODE":"00616.HK","SECURITY_CODE":"00616","SECURITY_NAME_ABBR":"高山企业","ORG_CODE":"10009003","STD_REPORT_DATE":"2021-06-30 00:00:00","REPORT_DATE":"2021-09-30 00:00:00","DATE_TYPE_CODE":"002","REPORT_TYPE":"2021年中报","PER_NETCASH_OPERATE":-0.079718894789,"PER_OI":0.032586948455,"BPS":2.435294840127,"BASIC_EPS":0.073142668,"DILUTED_EPS":0.055481796,"OPERATE_INCOME":30353374.16,"OPERATE_INCOME_YOY":-11.8988321203,"GROSS_PROFIT":29084623.78,"GROSS_PROFIT_YOY":-16.326180886954,"HOLDER_PROFIT":68131812.1,"HOLDER_PROFIT_YOY":226.6963068534,"GROSS_PROFIT_RATIO":95.820068064552,"EPS_TTM":-0.164046716116,"OPERATE_INCOME_QOQ":0,"NET_PROFIT_RATIO":224.4620704797,"ROE_AVG":2.797583853544,"GROSS_PROFIT_QOQ":0,"ROA":1.753169923506,"HOLDER_PROFIT_QOQ":0,"ROE_YEARLY":5.595167707088,"ROIC_YEARLY":3.566179700835,"TOTAL_ASSETS":3929227457.2,"TOTAL_LIABILITIES":1458756370.92,"TAX_EBT":2.145301395104,"OCF_SALES":-244.634427489296,"TOTAL_PARENT_EQUITY":2470471086.28,"DEBT_ASSET_RATIO":37.1257807498,"OPERATE_PROFIT":78046892.22,"PRETAX_PROFIT":69625488.68,"NETCASH_OPERATE":-74254803.1,"NETCASH_INVEST":-3753768.36,"NETCASH_FINANCE":21304676.44,"END_CASH":36900392.7,"DIVI_RATIO":null,"DIVIDEND_RATE":null,"CURRENT_RATIO":4.910118109211,"COMMON_ACS":40000000000,"CURRENTDEBT_DEBT":37.274153923117,"ISSUED_COMMON_SHARES":1014444348,"HK_COMMON_SHARES":1014444348,"PER_SHARES":5000,"TOTAL_MARKET_CAP":144051097.416,"HKSK_MARKET_CAP":144051097.416,"PE_TTM":-0.482981275745,"PB_TTM":0.049051412304,"REPORT_DATE_SQ":"2020-06-30 00:00:00","REPORT_TYPE_SQ":"2020年中报","OPERATE_INCOME_SQ":36341223.04,"DPS_HKD":null,"OPERATE_INCOME_QOQ_SQ":0,"NET_PROFIT_RATIO_SQ":-156.0848224001,"HOLDER_PROFIT_SQ":-56723133.44,"HOLDER_PROFIT_QOQ_SQ":0,"ROE_AVG_SQ":-2.208449632572,"PE_TTM_SQ":-0.130482174279,"PB_TTM_SQ":0.006689218424,"ROA_SQ":-1.390866823618,"START_DATE":"2021-04-01 00:00:00","FISCAL_YEAR":"3-31","CURRENCY":"HKD","IS_CNY_CODE":0,"DPS_HKD_LY":null,"ORG_TYPE":"一般企业","PREMIUM_INCOME":null,"PREMIUM_INCOME_YOY":null,"NET_INTEREST_INCOME":null,"NET_INTEREST_INCOME_YOY":null,"FEE_COMMISSION_INCOME":null,"FEE_COMMISSION_INCOME_YOY":null,"ACCOUNTS_RECE_TDAYS":1.222458942142,"INVENTORY_TDAYS":0.000536560069,"CURRENT_ASSETS_TDAYS":0.011455869467,"TOTAL_ASSETS_TDAYS":0.007810539748,"PREMIUM_EXPENSE":null,"LOAN_DEPOSIT":null,"LOAN_EQUITY":null,"LOAN_ASSETS":null,"DEPOSIT_EQUITY":null,"DEPOSIT_ASSETS":null,"EQUITY_MULTIPLIER":1.590477006196,"EQUITY_RATIO":0.590477006196},{"SECUCODE":"00616.HK","SECURITY_CODE":"00616","SECURITY_NAME_ABBR":"高山企业","ORG_CODE":"10009003","STD_REPORT_DATE":"2020-12-31 00:00:00","REPORT_DATE":"2021-03-31 00:00:00","DATE_TYPE_CODE":"001","REPORT_TYPE":"2020年年报","PER_NETCASH_OPERATE":-0.089984196496,"PER_OI":0.072819418387,"BPS":2.400537025556,"BASIC_EPS":-0.164049438,"DILUTED_EPS":-0.164049438,"OPERATE_INCOME":67828230.54,"OPERATE_INCOME_YOY":-0.5317171116,"GROSS_PROFIT":64668947.7,"GROSS_PROFIT_YOY":-7.426586796857,"HOLDER_PROFIT":-152802627.74,"HOLDER_PROFIT_YOY":12.3181306743,"GROSS_PROFIT_RATIO":95.342230197002,"EPS_TTM":-0.251180192385,"OPERATE_INCOME_QOQ":0,"NET_PROFIT_RATIO":-225.2788057767,"ROE_AVG":-6.209444284737,"GROSS_PROFIT_QOQ":0,"ROA":-3.923318717971,"HOLDER_PROFIT_QOQ":0,"ROE_YEARLY":-6.209444284737,"ROIC_YEARLY":-4.134158169457,"TOTAL_ASSETS":3899100165.66,"TOTAL_LIABILITIES":1463888947.92,"TAX_EBT":5.216443067373,"OCF_SALES":-123.571704484568,"TOTAL_PARENT_EQUITY":2435211217.74,"DEBT_ASSET_RATIO":37.5442765183,"OPERATE_PROFIT":-136969870.8,"PRETAX_PROFIT":-161212168.74,"NETCASH_OPERATE":-83276430.58,"NETCASH_INVEST":-162302450.94,"NETCASH_FINANCE":36548118.74,"END_CASH":94879906.8,"DIVI_RATIO":null,"DIVIDEND_RATE":null,"CURRENT_RATIO":5.533223706701,"COMMON_ACS":40000000000,"CURRENTDEBT_DEBT":32.933401229992,"ISSUED_COMMON_SHARES":1014444348,"HK_COMMON_SHARES":1014444348,"PER_SHARES":5000,"TOTAL_MARKET_CAP":144051097.416,"HKSK_MARKET_CAP":144051097.416,"PE_TTM":-0.482981275745,"PB_TTM":0.049051412304,"REPORT_DATE_SQ":"2019-12-31 00:00:00","REPORT_TYPE_SQ":"2019年年报","OPERATE_INCOME_SQ":73719143.4,"DPS_HKD":null,"OPERATE_INCOME_QOQ_SQ":0,"NET_PROFIT_RATIO_SQ":-255.5613395801,"HOLDER_PROFIT_SQ":-188397630.4,"HOLDER_PROFIT_QOQ_SQ":0,"ROE_AVG_SQ":-7.265348247255,"PE_TTM_SQ":-0.130482174279,"PB_TTM_SQ":0.006689218424,"ROA_SQ":-4.774323424105,"START_DATE":"2020-04-01 00:00:00","FISCAL_YEAR":"3-31","CURRENCY":"HKD","IS_CNY_CODE":0,"DPS_HKD_LY":null,"ORG_TYPE":"一般企业","PREMIUM_INCOME":null,"PREMIUM_INCOME_YOY":null,"NET_INTEREST_INCOME":null,"NET_INTEREST_INCOME_YOY":null,"FEE_COMMISSION_INCOME":null,"FEE_COMMISSION_INCOME_YOY":null,"ACCOUNTS_RECE_TDAYS":3.577373125014,"INVENTORY_TDAYS":0.001439013156,"CURRENT_ASSETS_TDAYS":0.025240530909,"TOTAL_ASSETS_TDAYS":0.017415392027,"PREMIUM_EXPENSE":null,"LOAN_DEPOSIT":null,"LOAN_EQUITY":null,"LOAN_ASSETS":null,"DEPOSIT_EQUITY":null,"DEPOSIT_ASSETS":null,"EQUITY_MULTIPLIER":1.601134282422,"EQUITY_RATIO":0.601134282421},{"SECUCODE":"00616.HK","SECURITY_CODE":"00616","SECURITY_NAME_ABBR":"高山企业","ORG_CODE":"10009003","STD_REPORT_DATE":"2020-06-30 00:00:00","REPORT_DATE":"2020-09-30 00:00:00","DATE_TYPE_CODE":"002","REPORT_TYPE":"2020年中报","PER_NETCASH_OPERATE":-0.110317113876,"PER_OI":0.039015417388,"BPS":2.515504957242,"BASIC_EPS":-0.060895296,"DILUTED_EPS":-0.060895296,"OPERATE_INCOME":36341223.04,"OPERATE_INCOME_YOY":3.521902378,"GROSS_PROFIT":34759527.04,"GROSS_PROFIT_YOY":1.779181753828,"HOLDER_PROFIT":-56723133.44,"HOLDER_PROFIT_YOY":-421.8853585577,"GROSS_PROFIT_RATIO":95.64765335977,"EPS_TTM":-0.202261001975,"OPERATE_INCOME_QOQ":0,"NET_PROFIT_RATIO":-156.0848224001,"ROE_AVG":-2.208449632572,"GROSS_PROFIT_QOQ":0,"ROA":-1.390866823618,"HOLDER_PROFIT_QOQ":0,"ROE_YEARLY":-4.416899265144,"ROIC_YEARLY":-2.947836666596,"TOTAL_ASSETS":4111773406.72,"TOTAL_LIABILITIES":1559933620.48,"TAX_EBT":2.328607525987,"OCF_SALES":-282.75261745291,"TOTAL_PARENT_EQUITY":2551839786.24,"DEBT_ASSET_RATIO":37.9382195023,"OPERATE_PROFIT":-44004540.16,"PRETAX_PROFIT":-58075483.52,"NETCASH_OPERATE":-102755759.36,"NETCASH_INVEST":-140559172.48,"NETCASH_FINANCE":73517230.08,"END_CASH":145221660.8,"DIVI_RATIO":null,"DIVIDEND_RATE":null,"CURRENT_RATIO":5.917883603713,"COMMON_ACS":40000000000,"CURRENTDEBT_DEBT":30.677927529554,"ISSUED_COMMON_SHARES":1014444348,"HK_COMMON_SHARES":1014444348,"PER_SHARES":5000,"TOTAL_MARKET_CAP":144051097.416,"HKSK_MARKET_CAP":144051097.416,"PE_TTM":-0.482981275745,"PB_TTM":0.049051412304,"REPORT_DATE_SQ":"2019-06-30 00:00:00","REPORT_TYPE_SQ":"2019年中报","OPERATE_INCOME_SQ":36035299.5,"DPS_HKD":null,"OPERATE_INCOME_QOQ_SQ":0,"NET_PROFIT_RATIO_SQ":-30.9612015019,"HOLDER_PROFIT_SQ":-11156961.69,"HOLDER_PROFIT_QOQ_SQ":0,"ROE_AVG_SQ":-0.447907204375,"PE_TTM_SQ":-0.130482174279,"PB_TTM_SQ":0.006689218424,"ROA_SQ":-0.309880086503,"START_DATE":"2020-04-01 00:00:00","FISCAL_YEAR":"3-31","CURRENCY":"HKD","IS_CNY_CODE":0,"DPS_HKD_LY":null,"ORG_TYPE":"一般企业","PREMIUM_INCOME":null,"PREMIUM_INCOME_YOY":null,"NET_INTEREST_INCOME":null,"NET_INTEREST_INCOME_YOY":null,"FEE_COMMISSION_INCOME":null,"FEE_COMMISSION_INCOME_YOY":null,"ACCOUNTS_RECE_TDAYS":1.932389496309,"INVENTORY_TDAYS":0.000705071245,"CURRENT_ASSETS_TDAYS":0.012872371882,"TOTAL_ASSETS_TDAYS":0.008910967782,"PREMIUM_EXPENSE":null,"LOAN_DEPOSIT":null,"LOAN_EQUITY":null,"LOAN_ASSETS":null,"DEPOSIT_EQUITY":null,"DEPOSIT_ASSETS":null,"EQUITY_MULTIPLIER":1.611297632747,"EQUITY_RATIO":0.611297632748}],"count":48},"success":true,"message":"ok","code":0}