{"version":"aaf88b4329620d9b16f8f96560c1d54e","result":{"pages":6,"data":[{"SECUCODE":"00627.HK","SECURITY_CODE":"00627","SECURITY_NAME_ABBR":"日本共生","ORG_CODE":"10009012","STD_REPORT_DATE":"2024-06-30 00:00:00","REPORT_DATE":"2024-06-30 00:00:00","DATE_TYPE_CODE":"002","REPORT_TYPE":"2024年中报","PER_NETCASH_OPERATE":0.003563803258,"PER_OI":0.042734667868,"BPS":-0.929762694443,"BASIC_EPS":-0.2129,"DILUTED_EPS":-0.2129,"OPERATE_INCOME":60712000,"OPERATE_INCOME_YOY":-67.7665634905,"GROSS_PROFIT":-63781000,"GROSS_PROFIT_YOY":49.781903502142,"HOLDER_PROFIT":-302399000,"HOLDER_PROFIT_YOY":-17.7506590398,"GROSS_PROFIT_RATIO":-105.055013835815,"EPS_TTM":-0.376629879869,"OPERATE_INCOME_QOQ":-51.384667410094,"NET_PROFIT_RATIO":-513.9214652787,"ROE_AVG":25.910390366512,"GROSS_PROFIT_QOQ":26.921946919988,"ROA":-4.638077314274,"HOLDER_PROFIT_QOQ":-9.313110594465,"ROE_YEARLY":51.820780733025,"ROIC_YEARLY":-9.765123619721,"TOTAL_ASSETS":6394953000,"TOTAL_LIABILITIES":7457926000,"TAX_EBT":6.139503821961,"OCF_SALES":8.339372776387,"TOTAL_PARENT_EQUITY":-1320889000,"DEBT_ASSET_RATIO":116.6220611786,"OPERATE_PROFIT":-147056000,"PRETAX_PROFIT":-332421000,"NETCASH_OPERATE":5063000,"NETCASH_INVEST":144000,"NETCASH_FINANCE":666000,"END_CASH":50493000,"DIVI_RATIO":null,"DIVIDEND_RATE":null,"CURRENT_RATIO":0.792080317328,"COMMON_ACS":500000000,"CURRENTDEBT_DEBT":97.766832226547,"ISSUED_COMMON_SHARES":1420673262,"HK_COMMON_SHARES":1420673262,"PER_SHARES":20000,"TOTAL_MARKET_CAP":710336631,"HKSK_MARKET_CAP":710336631,"PE_TTM":-1.198027783203,"PB_TTM":-0.490813411559,"REPORT_DATE_SQ":"2023-06-30 00:00:00","REPORT_TYPE_SQ":"2023年中报","OPERATE_INCOME_SQ":188351000,"DPS_HKD":null,"OPERATE_INCOME_QOQ_SQ":-69.221686476976,"NET_PROFIT_RATIO_SQ":-147.2612303625,"HOLDER_PROFIT_SQ":-256813000,"HOLDER_PROFIT_QOQ_SQ":7.165204339059,"ROE_AVG_SQ":30.77864348318,"PE_TTM_SQ":-1.408959897941,"PB_TTM_SQ":-0.868371830961,"ROA_SQ":-3.051342778314,"START_DATE":"2024-01-01 00:00:00","FISCAL_YEAR":"12-31","CURRENCY":"HKD","IS_CNY_CODE":0,"DPS_HKD_LY":null,"ORG_TYPE":"一般企业","PREMIUM_INCOME":null,"PREMIUM_INCOME_YOY":null,"NET_INTEREST_INCOME":null,"NET_INTEREST_INCOME_YOY":null,"FEE_COMMISSION_INCOME":null,"FEE_COMMISSION_INCOME_YOY":null,"ACCOUNTS_RECE_TDAYS":0.017982205874,"INVENTORY_TDAYS":0.056735070831,"CURRENT_ASSETS_TDAYS":0.010290740715,"TOTAL_ASSETS_TDAYS":0.009311768554,"PREMIUM_EXPENSE":null,"LOAN_DEPOSIT":null,"LOAN_EQUITY":null,"LOAN_ASSETS":null,"DEPOSIT_EQUITY":null,"DEPOSIT_ASSETS":null,"EQUITY_MULTIPLIER":-6.016101067462,"EQUITY_RATIO":-5.646141348743},{"SECUCODE":"00627.HK","SECURITY_CODE":"00627","SECURITY_NAME_ABBR":"日本共生","ORG_CODE":"10009012","STD_REPORT_DATE":"2023-12-31 00:00:00","REPORT_DATE":"2023-12-31 00:00:00","DATE_TYPE_CODE":"001","REPORT_TYPE":"2023年年报","PER_NETCASH_OPERATE":-0.042809984271,"PER_OI":0.174845973838,"BPS":-0.713254783562,"BASIC_EPS":-0.7167,"DILUTED_EPS":-0.7167,"OPERATE_INCOME":248399000,"OPERATE_INCOME_YOY":-86.1520724867,"GROSS_PROFIT":-234853000,"GROSS_PROFIT_YOY":21.714622861638,"HOLDER_PROFIT":-489482000,"HOLDER_PROFIT_YOY":26.2332831993,"GROSS_PROFIT_RATIO":-94.546676918989,"EPS_TTM":-0.344542276604,"OPERATE_INCOME_QOQ":-55.007516890362,"NET_PROFIT_RATIO":-276.4697120359,"ROE_AVG":58.045462118755,"GROSS_PROFIT_QOQ":32.85156339349,"ROA":-6.486196250629,"HOLDER_PROFIT_QOQ":20.539797308156,"ROE_YEARLY":58.045462118755,"ROIC_YEARLY":-7.164300652919,"TOTAL_ASSETS":6644890000,"TOTAL_LIABILITIES":7357668000,"TAX_EBT":-1.651142033739,"OCF_SALES":-24.484398085339,"TOTAL_PARENT_EQUITY":-1013302000,"DEBT_ASSET_RATIO":110.7267087943,"OPERATE_PROFIT":-903420000,"PRETAX_PROFIT":-675593000,"NETCASH_OPERATE":-60819000,"NETCASH_INVEST":-38785000,"NETCASH_FINANCE":-39479000,"END_CASH":44011000,"DIVI_RATIO":null,"DIVIDEND_RATE":null,"CURRENT_RATIO":0.837751983198,"COMMON_ACS":500000000,"CURRENTDEBT_DEBT":97.73012318577,"ISSUED_COMMON_SHARES":1420673262,"HK_COMMON_SHARES":1420673262,"PER_SHARES":20000,"TOTAL_MARKET_CAP":710336631,"HKSK_MARKET_CAP":710336631,"PE_TTM":-1.198027783203,"PB_TTM":-0.490813411559,"REPORT_DATE_SQ":"2022-12-31 00:00:00","REPORT_TYPE_SQ":"2022年年报","OPERATE_INCOME_SQ":1793763000,"DPS_HKD":null,"OPERATE_INCOME_QOQ_SQ":-40.502906422323,"NET_PROFIT_RATIO_SQ":-40.854784049,"HOLDER_PROFIT_SQ":-663554000,"HOLDER_PROFIT_QOQ_SQ":7.252320250475,"ROE_AVG_SQ":191.016204110185,"PE_TTM_SQ":-1.408959897941,"PB_TTM_SQ":-0.868371830961,"ROA_SQ":-7.206544030356,"START_DATE":"2023-01-01 00:00:00","FISCAL_YEAR":"12-31","CURRENCY":"HKD","IS_CNY_CODE":0,"DPS_HKD_LY":null,"ORG_TYPE":"一般企业","PREMIUM_INCOME":null,"PREMIUM_INCOME_YOY":null,"NET_INTEREST_INCOME":null,"NET_INTEREST_INCOME_YOY":null,"FEE_COMMISSION_INCOME":null,"FEE_COMMISSION_INCOME_YOY":null,"ACCOUNTS_RECE_TDAYS":0.112558145647,"INVENTORY_TDAYS":0.117950431491,"CURRENT_ASSETS_TDAYS":0.036422170135,"TOTAL_ASSETS_TDAYS":0.032915708084,"PREMIUM_EXPENSE":null,"LOAN_DEPOSIT":null,"LOAN_EQUITY":null,"LOAN_ASSETS":null,"DEPOSIT_EQUITY":null,"DEPOSIT_ASSETS":null,"EQUITY_MULTIPLIER":-9.322523983604,"EQUITY_RATIO":-7.261081099218},{"SECUCODE":"00627.HK","SECURITY_CODE":"00627","SECURITY_NAME_ABBR":"日本共生","ORG_CODE":"10009012","STD_REPORT_DATE":"2023-06-30 00:00:00","REPORT_DATE":"2023-06-30 00:00:00","DATE_TYPE_CODE":"002","REPORT_TYPE":"2023年中报","PER_NETCASH_OPERATE":-0.004185691513,"PER_OI":0.016572336293,"BPS":-0.700744517848,"BASIC_EPS":-0.0226,"DILUTED_EPS":-0.0226,"OPERATE_INCOME":188351000,"OPERATE_INCOME_YOY":-86.8288224533,"GROSS_PROFIT":-127008000,"GROSS_PROFIT_YOY":-64.407393983327,"HOLDER_PROFIT":-256813000,"HOLDER_PROFIT_YOY":15.6214063701,"GROSS_PROFIT_RATIO":-67.431550668698,"EPS_TTM":-0.054200446546,"OPERATE_INCOME_QOQ":-69.221686476976,"NET_PROFIT_RATIO":-147.2612303625,"ROE_AVG":30.77864348318,"GROSS_PROFIT_QOQ":-16.58555447406,"ROA":-3.051342778314,"HOLDER_PROFIT_QOQ":7.165204339059,"ROE_YEARLY":61.55728696636,"ROIC_YEARLY":-6.96155076416,"TOTAL_ASSETS":8384639000,"TOTAL_LIABILITIES":8500144000,"TAX_EBT":-3.161786310704,"OCF_SALES":-25.257099776481,"TOTAL_PARENT_EQUITY":-995529000,"DEBT_ASSET_RATIO":101.3775786888,"OPERATE_PROFIT":-179166000,"PRETAX_PROFIT":-268867000,"NETCASH_OPERATE":-47572000,"NETCASH_INVEST":6202000,"NETCASH_FINANCE":-9668000,"END_CASH":112654000,"DIVI_RATIO":null,"DIVIDEND_RATE":null,"CURRENT_RATIO":0.92172492098,"COMMON_ACS":500000000,"CURRENTDEBT_DEBT":96.314050679612,"ISSUED_COMMON_SHARES":1420673262,"HK_COMMON_SHARES":1420673262,"PER_SHARES":20000,"TOTAL_MARKET_CAP":710336631,"HKSK_MARKET_CAP":710336631,"PE_TTM":-1.198027783203,"PB_TTM":-0.490813411559,"REPORT_DATE_SQ":"2022-06-30 00:00:00","REPORT_TYPE_SQ":"2022年中报","OPERATE_INCOME_SQ":1430024000,"DPS_HKD":null,"OPERATE_INCOME_QOQ_SQ":37.027564816953,"NET_PROFIT_RATIO_SQ":-22.1578798678,"HOLDER_PROFIT_SQ":-304358000,"HOLDER_PROFIT_QOQ_SQ":-23.404064482522,"ROE_AVG_SQ":147.665959124265,"PE_TTM_SQ":-1.408959897941,"PB_TTM_SQ":-0.868371830961,"ROA_SQ":-3.088175101369,"START_DATE":"2023-01-01 00:00:00","FISCAL_YEAR":"12-31","CURRENCY":"HKD","IS_CNY_CODE":0,"DPS_HKD_LY":null,"ORG_TYPE":"一般企业","PREMIUM_INCOME":null,"PREMIUM_INCOME_YOY":null,"NET_INTEREST_INCOME":null,"NET_INTEREST_INCOME_YOY":null,"FEE_COMMISSION_INCOME":null,"FEE_COMMISSION_INCOME_YOY":null,"ACCOUNTS_RECE_TDAYS":0.181054677549,"INVENTORY_TDAYS":0.053241434616,"CURRENT_ASSETS_TDAYS":0.024845124416,"TOTAL_ASSETS_TDAYS":0.022379064286,"PREMIUM_EXPENSE":null,"LOAN_DEPOSIT":null,"LOAN_EQUITY":null,"LOAN_ASSETS":null,"DEPOSIT_EQUITY":null,"DEPOSIT_ASSETS":null,"EQUITY_MULTIPLIER":-72.591134584921,"EQUITY_RATIO":-8.53831882346},{"SECUCODE":"00627.HK","SECURITY_CODE":"00627","SECURITY_NAME_ABBR":"日本共生","ORG_CODE":"10009012","STD_REPORT_DATE":"2022-12-31 00:00:00","REPORT_DATE":"2022-12-31 00:00:00","DATE_TYPE_CODE":"001","REPORT_TYPE":"2022年年报","PER_NETCASH_OPERATE":-0.018588721822,"PER_OI":0.157826842786,"BPS":-0.473891511868,"BASIC_EPS":-5.8384,"DILUTED_EPS":-5.8384,"OPERATE_INCOME":1793763000,"OPERATE_INCOME_YOY":-18.4725815336,"GROSS_PROFIT":-299996000,"GROSS_PROFIT_YOY":-222.426859178668,"HOLDER_PROFIT":-663554000,"HOLDER_PROFIT_YOY":-14.4544065241,"GROSS_PROFIT_RATIO":-16.724394471288,"EPS_TTM":-0.058383762425,"OPERATE_INCOME_QOQ":-40.502906422323,"NET_PROFIT_RATIO":-40.854784049,"ROE_AVG":191.016204110185,"GROSS_PROFIT_QOQ":-790.090197009257,"ROA":-7.206544030356,"HOLDER_PROFIT_QOQ":7.252320250475,"ROE_YEARLY":191.016204110185,"ROIC_YEARLY":-8.250973824781,"TOTAL_ASSETS":8448147000,"TOTAL_LIABILITIES":8220813000,"TAX_EBT":-7.858960527846,"OCF_SALES":-11.777921609488,"TOTAL_PARENT_EQUITY":-673245000,"DEBT_ASSET_RATIO":97.3090667101,"OPERATE_PROFIT":-805738000,"PRETAX_PROFIT":-679441000,"NETCASH_OPERATE":-211268000,"NETCASH_INVEST":192233000,"NETCASH_FINANCE":-75107000,"END_CASH":183449000,"DIVI_RATIO":null,"DIVIDEND_RATE":null,"CURRENT_RATIO":0.962026606803,"COMMON_ACS":500000000,"CURRENTDEBT_DEBT":96.299745536117,"ISSUED_COMMON_SHARES":1420673262,"HK_COMMON_SHARES":1420673262,"PER_SHARES":20000,"TOTAL_MARKET_CAP":710336631,"HKSK_MARKET_CAP":710336631,"PE_TTM":-1.198027783203,"PB_TTM":-0.490813411559,"REPORT_DATE_SQ":"2021-12-31 00:00:00","REPORT_TYPE_SQ":"2021年年报","OPERATE_INCOME_SQ":2200196000,"DPS_HKD":null,"OPERATE_INCOME_QOQ_SQ":100.96656305632,"NET_PROFIT_RATIO_SQ":-22.1508901934,"HOLDER_PROFIT_SQ":-579754000,"HOLDER_PROFIT_QOQ_SQ":50.174249267122,"ROE_AVG_SQ":-209.238176184727,"PE_TTM_SQ":-1.408959897941,"PB_TTM_SQ":-0.868371830961,"ROA_SQ":-5.140729776422,"START_DATE":"2022-01-01 00:00:00","FISCAL_YEAR":"12-31","CURRENCY":"HKD","IS_CNY_CODE":0,"DPS_HKD_LY":null,"ORG_TYPE":"一般企业","PREMIUM_INCOME":null,"PREMIUM_INCOME_YOY":null,"NET_INTEREST_INCOME":null,"NET_INTEREST_INCOME_YOY":null,"FEE_COMMISSION_INCOME":null,"FEE_COMMISSION_INCOME_YOY":null,"ACCOUNTS_RECE_TDAYS":1.699311043902,"INVENTORY_TDAYS":0.323218222344,"CURRENT_ASSETS_TDAYS":0.214785029733,"TOTAL_ASSETS_TDAYS":0.194812058092,"PREMIUM_EXPENSE":null,"LOAN_DEPOSIT":null,"LOAN_EQUITY":null,"LOAN_ASSETS":null,"DEPOSIT_EQUITY":null,"DEPOSIT_ASSETS":null,"EQUITY_MULTIPLIER":37.16182797074,"EQUITY_RATIO":-12.210730120536},{"SECUCODE":"00627.HK","SECURITY_CODE":"00627","SECURITY_NAME_ABBR":"日本共生","ORG_CODE":"10009012","STD_REPORT_DATE":"2022-06-30 00:00:00","REPORT_DATE":"2022-06-30 00:00:00","DATE_TYPE_CODE":"002","REPORT_TYPE":"2022年中报","PER_NETCASH_OPERATE":-0.01265500346,"PER_OI":0.125822738583,"BPS":-0.275016086,"BASIC_EPS":-0.0268,"DILUTED_EPS":-0.0268,"OPERATE_INCOME":1430024000,"OPERATE_INCOME_YOY":132.3938603548,"GROSS_PROFIT":-77252000,"GROSS_PROFIT_YOY":-138.339793441956,"HOLDER_PROFIT":-304358000,"HOLDER_PROFIT_YOY":-80.4437013849,"GROSS_PROFIT_RATIO":-5.402147096832,"EPS_TTM":-0.062949027493,"OPERATE_INCOME_QOQ":37.027564816953,"NET_PROFIT_RATIO":-22.1578798678,"ROE_AVG":147.665959124265,"GROSS_PROFIT_QOQ":-113.754432931632,"ROA":-3.088175101369,"HOLDER_PROFIT_QOQ":-23.404064482522,"ROE_YEARLY":295.331918248529,"ROIC_YEARLY":-7.013213863355,"TOTAL_ASSETS":9744017000,"TOTAL_LIABILITIES":9177367000,"TAX_EBT":-79.624496182038,"OCF_SALES":-10.05780322568,"TOTAL_PARENT_EQUITY":-390708000,"DEBT_ASSET_RATIO":94.1846365826,"OPERATE_PROFIT":-80146000,"PRETAX_PROFIT":-176403000,"NETCASH_OPERATE":-143829000,"NETCASH_INVEST":122638000,"NETCASH_FINANCE":-99837000,"END_CASH":147682000,"DIVI_RATIO":null,"DIVIDEND_RATE":null,"CURRENT_RATIO":1.002932621511,"COMMON_ACS":500000000,"CURRENTDEBT_DEBT":96.512027905172,"ISSUED_COMMON_SHARES":1420673262,"HK_COMMON_SHARES":1420673262,"PER_SHARES":20000,"TOTAL_MARKET_CAP":710336631,"HKSK_MARKET_CAP":710336631,"PE_TTM":-1.198027783203,"PB_TTM":-0.490813411559,"REPORT_DATE_SQ":"2021-06-30 00:00:00","REPORT_TYPE_SQ":"2021年中报","OPERATE_INCOME_SQ":615345000,"DPS_HKD":null,"OPERATE_INCOME_QOQ_SQ":-5.997151082769,"NET_PROFIT_RATIO_SQ":-11.812722944,"HOLDER_PROFIT_SQ":-168672000,"HOLDER_PROFIT_QOQ_SQ":14.893397591983,"ROE_AVG_SQ":-34.759778712232,"PE_TTM_SQ":-1.408959897941,"PB_TTM_SQ":-0.868371830961,"ROA_SQ":-1.375411494274,"START_DATE":"2022-01-01 00:00:00","FISCAL_YEAR":"12-31","CURRENCY":"HKD","IS_CNY_CODE":0,"DPS_HKD_LY":null,"ORG_TYPE":"一般企业","PREMIUM_INCOME":null,"PREMIUM_INCOME_YOY":null,"NET_INTEREST_INCOME":null,"NET_INTEREST_INCOME_YOY":null,"FEE_COMMISSION_INCOME":null,"FEE_COMMISSION_INCOME_YOY":null,"ACCOUNTS_RECE_TDAYS":1.197572235214,"INVENTORY_TDAYS":0.217025100469,"CURRENT_ASSETS_TDAYS":0.159155886958,"TOTAL_ASSETS_TDAYS":0.145097697815,"PREMIUM_EXPENSE":null,"LOAN_DEPOSIT":null,"LOAN_EQUITY":null,"LOAN_ASSETS":null,"DEPOSIT_EQUITY":null,"DEPOSIT_ASSETS":null,"EQUITY_MULTIPLIER":17.195829877251,"EQUITY_RATIO":-23.489068562712},{"SECUCODE":"00627.HK","SECURITY_CODE":"00627","SECURITY_NAME_ABBR":"日本共生","ORG_CODE":"10009012","STD_REPORT_DATE":"2021-12-31 00:00:00","REPORT_DATE":"2021-12-31 00:00:00","DATE_TYPE_CODE":"001","REPORT_TYPE":"2021年年报","PER_NETCASH_OPERATE":-0.009397920965,"PER_OI":0.193587440588,"BPS":-0.015145635929,"BASIC_EPS":-0.051,"DILUTED_EPS":-0.051,"OPERATE_INCOME":2200196000,"OPERATE_INCOME_YOY":88.914294644,"GROSS_PROFIT":245041000,"GROSS_PROFIT_YOY":216.165106996236,"HOLDER_PROFIT":-579754000,"HOLDER_PROFIT_YOY":57.594996427,"GROSS_PROFIT_RATIO":11.137235046332,"EPS_TTM":-0.051010497715,"OPERATE_INCOME_QOQ":100.96656305632,"NET_PROFIT_RATIO":-22.1508901934,"ROE_AVG":-209.238176184727,"GROSS_PROFIT_QOQ":410.989415437724,"ROA":-5.140729776422,"HOLDER_PROFIT_QOQ":50.174249267122,"ROE_YEARLY":-209.238176184727,"ROIC_YEARLY":-5.841677083287,"TOTAL_ASSETS":9967171000,"TOTAL_LIABILITIES":9018825000,"TAX_EBT":-31.650346439039,"OCF_SALES":-4.854612952664,"TOTAL_PARENT_EQUITY":-21517000,"DEBT_ASSET_RATIO":90.4853042052,"OPERATE_PROFIT":-248059000,"PRETAX_PROFIT":-370195000,"NETCASH_OPERATE":-106811000,"NETCASH_INVEST":833502000,"NETCASH_FINANCE":-1025797000,"END_CASH":277348000,"DIVI_RATIO":null,"DIVIDEND_RATE":null,"CURRENT_RATIO":1.044627407323,"COMMON_ACS":500000000,"CURRENTDEBT_DEBT":96.450125154884,"ISSUED_COMMON_SHARES":1420673262,"HK_COMMON_SHARES":1420673262,"PER_SHARES":20000,"TOTAL_MARKET_CAP":710336631,"HKSK_MARKET_CAP":710336631,"PE_TTM":-1.198027783203,"PB_TTM":-0.490813411559,"REPORT_DATE_SQ":"2020-12-31 00:00:00","REPORT_TYPE_SQ":"2020年年报","OPERATE_INCOME_SQ":1164653000,"DPS_HKD":null,"OPERATE_INCOME_QOQ_SQ":-41.237695972649,"NET_PROFIT_RATIO_SQ":-119.6129662655,"HOLDER_PROFIT_SQ":-1367183000,"HOLDER_PROFIT_QOQ_SQ":-288.774259593647,"ROE_AVG_SQ":-108.356522118178,"PE_TTM_SQ":-1.408959897941,"PB_TTM_SQ":-0.868371830961,"ROA_SQ":-10.320797582917,"START_DATE":"2021-01-01 00:00:00","FISCAL_YEAR":"12-31","CURRENCY":"HKD","IS_CNY_CODE":0,"DPS_HKD_LY":null,"ORG_TYPE":"一般企业","PREMIUM_INCOME":null,"PREMIUM_INCOME_YOY":null,"NET_INTEREST_INCOME":null,"NET_INTEREST_INCOME_YOY":null,"FEE_COMMISSION_INCOME":null,"FEE_COMMISSION_INCOME_YOY":null,"ACCOUNTS_RECE_TDAYS":2.847120038769,"INVENTORY_TDAYS":0.246253775697,"CURRENT_ASSETS_TDAYS":0.213719885787,"TOTAL_ASSETS_TDAYS":0.195093317013,"PREMIUM_EXPENSE":null,"LOAN_DEPOSIT":null,"LOAN_EQUITY":null,"LOAN_ASSETS":null,"DEPOSIT_EQUITY":null,"DEPOSIT_ASSETS":null,"EQUITY_MULTIPLIER":10.510057510683,"EQUITY_RATIO":-419.148812566808},{"SECUCODE":"00627.HK","SECURITY_CODE":"00627","SECURITY_NAME_ABBR":"日本共生","ORG_CODE":"10009012","STD_REPORT_DATE":"2021-06-30 00:00:00","REPORT_DATE":"2021-06-30 00:00:00","DATE_TYPE_CODE":"002","REPORT_TYPE":"2021年中报","PER_NETCASH_OPERATE":-0.005671518734,"PER_OI":0.054142023542,"BPS":0.277915415571,"BASIC_EPS":-0.0148,"DILUTED_EPS":-0.0148,"OPERATE_INCOME":615345000,"OPERATE_INCOME_YOY":-10.1936540322,"GROSS_PROFIT":201493000,"GROSS_PROFIT_YOY":190.566010527075,"HOLDER_PROFIT":-168672000,"HOLDER_PROFIT_YOY":54.6936275827,"GROSS_PROFIT_RATIO":32.744720441378,"EPS_TTM":-0.102377780494,"OPERATE_INCOME_QOQ":-5.997151082769,"NET_PROFIT_RATIO":-11.812722944,"ROE_AVG":-34.759778712232,"GROSS_PROFIT_QOQ":62.646604279849,"ROA":-1.375411494274,"HOLDER_PROFIT_QOQ":14.893397591983,"ROE_YEARLY":-69.519557424464,"ROIC_YEARLY":-3.112427331003,"TOTAL_ASSETS":11938621000,"TOTAL_LIABILITIES":10570339000,"TAX_EBT":-135.186203772608,"OCF_SALES":-10.475261844981,"TOTAL_PARENT_EQUITY":394827000,"DEBT_ASSET_RATIO":88.5390280837,"OPERATE_PROFIT":4242000,"PRETAX_PROFIT":-30907000,"NETCASH_OPERATE":-64459000,"NETCASH_INVEST":107772000,"NETCASH_FINANCE":-208174000,"END_CASH":417039000,"DIVI_RATIO":null,"DIVIDEND_RATE":null,"CURRENT_RATIO":1.077496321534,"COMMON_ACS":500000000,"CURRENTDEBT_DEBT":97.138492909262,"ISSUED_COMMON_SHARES":1420673262,"HK_COMMON_SHARES":1420673262,"PER_SHARES":20000,"TOTAL_MARKET_CAP":710336631,"HKSK_MARKET_CAP":710336631,"PE_TTM":-1.198027783203,"PB_TTM":-0.490813411559,"REPORT_DATE_SQ":"2020-06-30 00:00:00","REPORT_TYPE_SQ":"2020年中报","OPERATE_INCOME_SQ":685191000,"DPS_HKD":null,"OPERATE_INCOME_QOQ_SQ":24.169690028888,"NET_PROFIT_RATIO_SQ":-56.3022573268,"HOLDER_PROFIT_SQ":-372292000,"HOLDER_PROFIT_QOQ_SQ":-356.907308377897,"ROE_AVG_SQ":-21.099976819565,"PE_TTM_SQ":-1.408959897941,"PB_TTM_SQ":-0.868371830961,"ROA_SQ":-2.711360974054,"START_DATE":"2021-01-01 00:00:00","FISCAL_YEAR":"12-31","CURRENCY":"HKD","IS_CNY_CODE":0,"DPS_HKD_LY":null,"ORG_TYPE":"一般企业","PREMIUM_INCOME":null,"PREMIUM_INCOME_YOY":null,"NET_INTEREST_INCOME":null,"NET_INTEREST_INCOME_YOY":null,"FEE_COMMISSION_INCOME":null,"FEE_COMMISSION_INCOME_YOY":null,"ACCOUNTS_RECE_TDAYS":1.14750078322,"INVENTORY_TDAYS":0.04732706037,"CURRENT_ASSETS_TDAYS":0.054536745644,"TOTAL_ASSETS_TDAYS":0.050177420434,"PREMIUM_EXPENSE":null,"LOAN_DEPOSIT":null,"LOAN_EQUITY":null,"LOAN_ASSETS":null,"DEPOSIT_EQUITY":null,"DEPOSIT_ASSETS":null,"EQUITY_MULTIPLIER":8.7252635056,"EQUITY_RATIO":26.772077390857},{"SECUCODE":"00627.HK","SECURITY_CODE":"00627","SECURITY_NAME_ABBR":"日本共生","ORG_CODE":"10009012","STD_REPORT_DATE":"2020-12-31 00:00:00","REPORT_DATE":"2020-12-31 00:00:00","DATE_TYPE_CODE":"001","REPORT_TYPE":"2020年年报","PER_NETCASH_OPERATE":0.034183528629,"PER_OI":0.102473685727,"BPS":0.40521210288,"BASIC_EPS":-0.1203,"DILUTED_EPS":-0.1203,"OPERATE_INCOME":1164653000,"OPERATE_INCOME_YOY":-27.0350292354,"GROSS_PROFIT":-210942000,"GROSS_PROFIT_YOY":-153.67125839003,"HOLDER_PROFIT":-1367183000,"HOLDER_PROFIT_YOY":-1098.7894859881,"GROSS_PROFIT_RATIO":-18.112004176351,"EPS_TTM":-0.120293581929,"OPERATE_INCOME_QOQ":-41.237695972649,"NET_PROFIT_RATIO":-119.6129662655,"ROE_AVG":-108.356522118178,"GROSS_PROFIT_QOQ":-154.708990043338,"ROA":-10.320797582917,"HOLDER_PROFIT_QOQ":-288.774259593647,"ROE_YEARLY":-108.356522118178,"ROIC_YEARLY":-11.759952742844,"TOTAL_ASSETS":12588148000,"TOTAL_LIABILITIES":11135002000,"TAX_EBT":-0.183455888963,"OCF_SALES":33.358347937111,"TOTAL_PARENT_EQUITY":575674000,"DEBT_ASSET_RATIO":88.4562367713,"OPERATE_PROFIT":-1170636000,"PRETAX_PROFIT":-1390525000,"NETCASH_OPERATE":388509000,"NETCASH_INVEST":70221000,"NETCASH_FINANCE":-755377000,"END_CASH":582121000,"DIVI_RATIO":null,"DIVIDEND_RATE":null,"CURRENT_RATIO":1.06325778864,"COMMON_ACS":500000000,"CURRENTDEBT_DEBT":97.155977161028,"ISSUED_COMMON_SHARES":1420673262,"HK_COMMON_SHARES":1420673262,"PER_SHARES":20000,"TOTAL_MARKET_CAP":710336631,"HKSK_MARKET_CAP":710336631,"PE_TTM":-1.198027783203,"PB_TTM":-0.490813411559,"REPORT_DATE_SQ":"2019-12-31 00:00:00","REPORT_TYPE_SQ":"2019年年报","OPERATE_INCOME_SQ":1596181000,"DPS_HKD":null,"OPERATE_INCOME_QOQ_SQ":240.17825365128,"NET_PROFIT_RATIO_SQ":7.7613378433,"HOLDER_PROFIT_SQ":136884000,"HOLDER_PROFIT_QOQ_SQ":103.042116120189,"ROE_AVG_SQ":7.373537004642,"PE_TTM_SQ":-1.408959897941,"PB_TTM_SQ":-0.868371830961,"ROA_SQ":1.07016974923,"START_DATE":"2020-01-01 00:00:00","FISCAL_YEAR":"12-31","CURRENCY":"HKD","IS_CNY_CODE":0,"DPS_HKD_LY":null,"ORG_TYPE":"一般企业","PREMIUM_INCOME":null,"PREMIUM_INCOME_YOY":null,"NET_INTEREST_INCOME":null,"NET_INTEREST_INCOME_YOY":null,"FEE_COMMISSION_INCOME":null,"FEE_COMMISSION_INCOME_YOY":null,"ACCOUNTS_RECE_TDAYS":2.620035634103,"INVENTORY_TDAYS":0.152797854291,"CURRENT_ASSETS_TDAYS":0.103165178173,"TOTAL_ASSETS_TDAYS":0.087919085209,"PREMIUM_EXPENSE":null,"LOAN_DEPOSIT":null,"LOAN_EQUITY":null,"LOAN_ASSETS":null,"DEPOSIT_EQUITY":null,"DEPOSIT_ASSETS":null,"EQUITY_MULTIPLIER":8.662686337102,"EQUITY_RATIO":19.342548039342},{"SECUCODE":"00627.HK","SECURITY_CODE":"00627","SECURITY_NAME_ABBR":"日本共生","ORG_CODE":"10009012","STD_REPORT_DATE":"2020-06-30 00:00:00","REPORT_DATE":"2020-06-30 00:00:00","DATE_TYPE_CODE":"002","REPORT_TYPE":"2020年中报","PER_NETCASH_OPERATE":0.046150126085,"PER_OI":0.060287525295,"BPS":1.112868132518,"BASIC_EPS":-0.0328,"DILUTED_EPS":-0.0328,"OPERATE_INCOME":685191000,"OPERATE_INCOME_YOY":128.8554737992,"GROSS_PROFIT":69345000,"GROSS_PROFIT_YOY":-9.70703125,"HOLDER_PROFIT":-372292000,"HOLDER_PROFIT_YOY":-420.2319000146,"GROSS_PROFIT_RATIO":10.120535733832,"EPS_TTM":-0.030941755777,"OPERATE_INCOME_QOQ":24.169690028888,"NET_PROFIT_RATIO":-56.3022573268,"ROE_AVG":-21.099976819565,"GROSS_PROFIT_QOQ":-1.89682107545,"ROA":-2.711360974054,"HOLDER_PROFIT_QOQ":-356.907308377897,"ROE_YEARLY":-42.19995363913,"ROIC_YEARLY":-6.208347221328,"TOTAL_ASSETS":13556034000,"TOTAL_LIABILITIES":11085133000,"TAX_EBT":-5.950366920069,"OCF_SALES":76.550042250993,"TOTAL_PARENT_EQUITY":1581022000,"DEBT_ASSET_RATIO":81.7726851379,"OPERATE_PROFIT":-298813000,"PRETAX_PROFIT":-364112000,"NETCASH_OPERATE":524514000,"NETCASH_INVEST":-219736000,"NETCASH_FINANCE":-381620000,"END_CASH":802366000,"DIVI_RATIO":null,"DIVIDEND_RATE":null,"CURRENT_RATIO":1.048903487238,"COMMON_ACS":500000000,"CURRENTDEBT_DEBT":96.831837741595,"ISSUED_COMMON_SHARES":1420673262,"HK_COMMON_SHARES":1420673262,"PER_SHARES":20000,"TOTAL_MARKET_CAP":710336631,"HKSK_MARKET_CAP":710336631,"PE_TTM":-1.198027783203,"PB_TTM":-0.490813411559,"REPORT_DATE_SQ":"2019-06-30 00:00:00","REPORT_TYPE_SQ":"2019年中报","OPERATE_INCOME_SQ":299399000,"DPS_HKD":null,"OPERATE_INCOME_QOQ_SQ":0,"NET_PROFIT_RATIO_SQ":35.1844862541,"HOLDER_PROFIT_SQ":116257000,"HOLDER_PROFIT_QOQ_SQ":0,"ROE_AVG_SQ":6.377663885807,"PE_TTM_SQ":-1.408959897941,"PB_TTM_SQ":-0.868371830961,"ROA_SQ":0.898692147326,"START_DATE":"2020-01-01 00:00:00","FISCAL_YEAR":"12-31","CURRENCY":"HKD","IS_CNY_CODE":0,"DPS_HKD_LY":null,"ORG_TYPE":"一般企业","PREMIUM_INCOME":null,"PREMIUM_INCOME_YOY":null,"NET_INTEREST_INCOME":null,"NET_INTEREST_INCOME_YOY":null,"FEE_COMMISSION_INCOME":null,"FEE_COMMISSION_INCOME_YOY":null,"ACCOUNTS_RECE_TDAYS":1.258522043711,"INVENTORY_TDAYS":0.067912971804,"CURRENT_ASSETS_TDAYS":0.061356866908,"TOTAL_ASSETS_TDAYS":0.049901693756,"PREMIUM_EXPENSE":null,"LOAN_DEPOSIT":null,"LOAN_EQUITY":null,"LOAN_ASSETS":null,"DEPOSIT_EQUITY":null,"DEPOSIT_ASSETS":null,"EQUITY_MULTIPLIER":5.486271607012,"EQUITY_RATIO":7.011371758268}],"count":46},"success":true,"message":"ok","code":0}