{"version":"85886e619b10e7cfbda8a2facc51f79a","result":{"pages":6,"data":[{"SECUCODE":"00626.HK","SECURITY_CODE":"00626","SECURITY_NAME_ABBR":"大众金融控股","ORG_CODE":"10009011","STD_REPORT_DATE":"2024-12-31 00:00:00","REPORT_DATE":"2024-12-31 00:00:00","DATE_TYPE_CODE":"001","REPORT_TYPE":"2024年年报","PER_NETCASH_OPERATE":null,"PER_OI":1.043045568106,"BPS":6.495179468629,"BASIC_EPS":-0.8426964,"DILUTED_EPS":-0.8426964,"OPERATE_INCOME":1145178105.6,"OPERATE_INCOME_YOY":-0.1605807712,"GROSS_PROFIT":null,"GROSS_PROFIT_YOY":null,"HOLDER_PROFIT":-925472337.48,"HOLDER_PROFIT_YOY":-7049.3567902093,"GROSS_PROFIT_RATIO":null,"EPS_TTM":-0.842934225945,"OPERATE_INCOME_QOQ":6.75648607671,"NET_PROFIT_RATIO":-80.8147075948,"ROE_AVG":-12.203167431064,"GROSS_PROFIT_QOQ":null,"ROA":-2.385209181318,"HOLDER_PROFIT_QOQ":-650.423261733011,"ROE_YEARLY":-12.203167431064,"ROIC_YEARLY":-2.696369202876,"TOTAL_ASSETS":39675254055.84,"TOTAL_LIABILITIES":32544082085.16,"TAX_EBT":1.577983277691,"OCF_SALES":null,"TOTAL_PARENT_EQUITY":7131171970.68,"DEBT_ASSET_RATIO":82.0261466741,"OPERATE_PROFIT":-940310276.4,"PRETAX_PROFIT":-940310276.4,"NETCASH_OPERATE":null,"NETCASH_INVEST":null,"NETCASH_FINANCE":null,"END_CASH":null,"DIVI_RATIO":null,"DIVIDEND_RATE":null,"CURRENT_RATIO":null,"COMMON_ACS":2000000000,"CURRENTDEBT_DEBT":null,"ISSUED_COMMON_SHARES":1097917618,"HK_COMMON_SHARES":1097917618,"PER_SHARES":2000,"TOTAL_MARKET_CAP":1493167960.48,"HKSK_MARKET_CAP":1493167960.48,"PE_TTM":-1.49408383387,"PB_TTM":0.193899861595,"REPORT_DATE_SQ":"2023-12-31 00:00:00","REPORT_TYPE_SQ":"2023年年报","OPERATE_INCOME_SQ":1122470372.38,"DPS_HKD":null,"OPERATE_INCOME_QOQ_SQ":-7.112922743283,"NET_PROFIT_RATIO_SQ":1.1610417647,"HOLDER_PROFIT_SQ":13032349.82,"HOLDER_PROFIT_QOQ_SQ":-94.410763243431,"ROE_AVG_SQ":0.166033558614,"PE_TTM_SQ":5.596876241255,"PB_TTM_SQ":0.16066919234,"ROA_SQ":0.034706274471,"START_DATE":"2024-01-01 00:00:00","FISCAL_YEAR":"12-31","CURRENCY":"HKD","IS_CNY_CODE":0,"DPS_HKD_LY":null,"ORG_TYPE":"银行","PREMIUM_INCOME":null,"PREMIUM_INCOME_YOY":null,"NET_INTEREST_INCOME":910566797.64,"NET_INTEREST_INCOME_YOY":-2.162533270317,"FEE_COMMISSION_INCOME":202118416.44,"FEE_COMMISSION_INCOME_YOY":null,"ACCOUNTS_RECE_TDAYS":null,"INVENTORY_TDAYS":null,"CURRENT_ASSETS_TDAYS":null,"TOTAL_ASSETS_TDAYS":0.029514543235,"PREMIUM_EXPENSE":null,"LOAN_DEPOSIT":75.194741687705,"LOAN_EQUITY":3.141628630165,"LOAN_ASSETS":56.467172203078,"DEPOSIT_EQUITY":4.177989789782,"DEPOSIT_ASSETS":75.094575678702,"EQUITY_MULTIPLIER":5.563637256119,"EQUITY_RATIO":4.563637256115},{"SECUCODE":"00626.HK","SECURITY_CODE":"00626","SECURITY_NAME_ABBR":"大众金融控股","ORG_CODE":"10009011","STD_REPORT_DATE":"2024-06-30 00:00:00","REPORT_DATE":"2024-06-30 00:00:00","DATE_TYPE_CODE":"002","REPORT_TYPE":"2024年中报","PER_NETCASH_OPERATE":1.950644924108,"PER_OI":0.493706319339,"BPS":7.16346539476,"BASIC_EPS":-0.02829308,"DILUTED_EPS":-0.02829308,"OPERATE_INCOME":542048866.12,"OPERATE_INCOME_YOY":-7.4762540524,"GROSS_PROFIT":null,"GROSS_PROFIT_YOY":null,"HOLDER_PROFIT":-31481071.24,"HOLDER_PROFIT_YOY":-130.3227167635,"GROSS_PROFIT_RATIO":null,"EPS_TTM":-0.112327838025,"OPERATE_INCOME_QOQ":-4.433896441692,"NET_PROFIT_RATIO":-5.8077921028,"ROE_AVG":-0.398860138599,"GROSS_PROFIT_QOQ":null,"ROA":-0.082040676744,"HOLDER_PROFIT_QOQ":-1046.31216981866,"ROE_YEARLY":-0.797720277198,"ROIC_YEARLY":-0.180467690866,"TOTAL_ASSETS":39366502315.52,"TOTAL_LIABILITIES":31501607452.68,"TAX_EBT":-24.952001449013,"OCF_SALES":395.102279978919,"TOTAL_PARENT_EQUITY":7864894862.84,"DEBT_ASSET_RATIO":80.0213521643,"OPERATE_PROFIT":-25194531.4,"PRETAX_PROFIT":-25194531.4,"NETCASH_OPERATE":2141647428.64,"NETCASH_INVEST":-24250820.28,"NETCASH_FINANCE":-111558701.76,"END_CASH":5816464006,"DIVI_RATIO":null,"DIVIDEND_RATE":null,"CURRENT_RATIO":null,"COMMON_ACS":2000000000,"CURRENTDEBT_DEBT":null,"ISSUED_COMMON_SHARES":1097917618,"HK_COMMON_SHARES":1097917618,"PER_SHARES":2000,"TOTAL_MARKET_CAP":1471209608.12,"HKSK_MARKET_CAP":1471209608.12,"PE_TTM":-1.472112012784,"PB_TTM":0.191048393042,"REPORT_DATE_SQ":"2023-06-30 00:00:00","REPORT_TYPE_SQ":"2023年中报","OPERATE_INCOME_SQ":591818040.02,"DPS_HKD":null,"OPERATE_INCOME_QOQ_SQ":-1.538191529172,"NET_PROFIT_RATIO_SQ":17.7213237597,"HOLDER_PROFIT_SQ":104877990.94,"HOLDER_PROFIT_QOQ_SQ":-20.586976087358,"ROE_AVG_SQ":1.307646657327,"PE_TTM_SQ":5.861295591235,"PB_TTM_SQ":0.168259862844,"ROA_SQ":0.277854944101,"START_DATE":"2024-01-01 00:00:00","FISCAL_YEAR":"12-31","CURRENCY":"HKD","IS_CNY_CODE":0,"DPS_HKD_LY":null,"ORG_TYPE":"银行","PREMIUM_INCOME":null,"PREMIUM_INCOME_YOY":null,"NET_INTEREST_INCOME":429607602.8,"NET_INTEREST_INCOME_YOY":-7.173902754551,"FEE_COMMISSION_INCOME":96627256.96,"FEE_COMMISSION_INCOME_YOY":null,"ACCOUNTS_RECE_TDAYS":null,"INVENTORY_TDAYS":null,"CURRENT_ASSETS_TDAYS":null,"TOTAL_ASSETS_TDAYS":0.01412596651,"PREMIUM_EXPENSE":null,"LOAN_DEPOSIT":76.915582910146,"LOAN_EQUITY":2.833570316116,"LOAN_ASSETS":56.610903463308,"DEPOSIT_EQUITY":3.684000314249,"DEPOSIT_ASSETS":73.601344904897,"EQUITY_MULTIPLIER":5.005343746102,"EQUITY_RATIO":4.005343746109},{"SECUCODE":"00626.HK","SECURITY_CODE":"00626","SECURITY_NAME_ABBR":"大众金融控股","ORG_CODE":"10009011","STD_REPORT_DATE":"2023-12-31 00:00:00","REPORT_DATE":"2023-12-31 00:00:00","DATE_TYPE_CODE":"001","REPORT_TYPE":"2023年年报","PER_NETCASH_OPERATE":0.06577851496,"PER_OI":1.022363020665,"BPS":7.163161669276,"BASIC_EPS":0.01178086,"DILUTED_EPS":0.01178086,"OPERATE_INCOME":1122470372.38,"OPERATE_INCOME_YOY":-9.8486546759,"GROSS_PROFIT":null,"GROSS_PROFIT_YOY":null,"HOLDER_PROFIT":13032349.82,"HOLDER_PROFIT_YOY":-95.6248459828,"GROSS_PROFIT_RATIO":null,"EPS_TTM":0.011870061657,"OPERATE_INCOME_QOQ":-7.112922743283,"NET_PROFIT_RATIO":1.1610417647,"ROE_AVG":0.166033558614,"GROSS_PROFIT_QOQ":null,"ROA":0.034706274471,"HOLDER_PROFIT_QOQ":-94.410763243431,"ROE_YEARLY":0.166033558614,"ROIC_YEARLY":0.037970810926,"TOTAL_ASSETS":37113960984.24,"TOTAL_LIABILITIES":29249399586.96,"TAX_EBT":64.605842829367,"OCF_SALES":6.433968524877,"TOTAL_PARENT_EQUITY":7864561397.28,"DEBT_ASSET_RATIO":78.809695358,"OPERATE_PROFIT":36820624.82,"PRETAX_PROFIT":36820624.82,"NETCASH_OPERATE":72219390.46,"NETCASH_INVEST":-50730195.6,"NETCASH_FINANCE":-136259239.2,"END_CASH":3783654275.1,"DIVI_RATIO":null,"DIVIDEND_RATE":null,"CURRENT_RATIO":null,"COMMON_ACS":2000000000,"CURRENTDEBT_DEBT":null,"ISSUED_COMMON_SHARES":1097917618,"HK_COMMON_SHARES":1097917618,"PER_SHARES":2000,"TOTAL_MARKET_CAP":1471209608.12,"HKSK_MARKET_CAP":1471209608.12,"PE_TTM":-1.472112012784,"PB_TTM":0.191048393042,"REPORT_DATE_SQ":"2022-12-31 00:00:00","REPORT_TYPE_SQ":"2022年年报","OPERATE_INCOME_SQ":1227302956.88,"DPS_HKD":null,"OPERATE_INCOME_QOQ_SQ":1.391289446859,"NET_PROFIT_RATIO_SQ":23.9236096959,"HOLDER_PROFIT_SQ":293615169.19,"HOLDER_PROFIT_QOQ_SQ":-19.830705028324,"ROE_AVG_SQ":3.818974539628,"PE_TTM_SQ":5.861295591235,"PB_TTM_SQ":0.168259862844,"ROA_SQ":0.7693670405,"START_DATE":"2023-01-01 00:00:00","FISCAL_YEAR":"12-31","CURRENCY":"HKD","IS_CNY_CODE":0,"DPS_HKD_LY":0.14,"ORG_TYPE":"银行","PREMIUM_INCOME":null,"PREMIUM_INCOME_YOY":null,"NET_INTEREST_INCOME":910773755.5,"NET_INTEREST_INCOME_YOY":-12.675849521206,"FEE_COMMISSION_INCOME":178658554.34,"FEE_COMMISSION_INCOME_YOY":null,"ACCOUNTS_RECE_TDAYS":null,"INVENTORY_TDAYS":null,"CURRENT_ASSETS_TDAYS":null,"TOTAL_ASSETS_TDAYS":0.029892356611,"PREMIUM_EXPENSE":null,"LOAN_DEPOSIT":81.07673775174,"LOAN_EQUITY":2.759392949688,"LOAN_ASSETS":58.472377230917,"DEPOSIT_EQUITY":3.403433618823,"DEPOSIT_ASSETS":72.119795211743,"EQUITY_MULTIPLIER":4.719139327605,"EQUITY_RATIO":3.719139327601},{"SECUCODE":"00626.HK","SECURITY_CODE":"00626","SECURITY_NAME_ABBR":"大众金融控股","ORG_CODE":"10009011","STD_REPORT_DATE":"2023-06-30 00:00:00","REPORT_DATE":"2023-06-30 00:00:00","DATE_TYPE_CODE":"002","REPORT_TYPE":"2023年中报","PER_NETCASH_OPERATE":-1.189599637047,"PER_OI":0.539036836933,"BPS":7.350818756148,"BASIC_EPS":0.09588592,"DILUTED_EPS":0.09588592,"OPERATE_INCOME":591818040.02,"OPERATE_INCOME_YOY":-10.1115240595,"GROSS_PROFIT":null,"GROSS_PROFIT_YOY":null,"HOLDER_PROFIT":104877990.94,"HOLDER_PROFIT_YOY":-41.1578789462,"GROSS_PROFIT_RATIO":null,"EPS_TTM":0.212373570382,"OPERATE_INCOME_QOQ":-1.538191529172,"NET_PROFIT_RATIO":17.7213237597,"ROE_AVG":1.307646657327,"GROSS_PROFIT_QOQ":null,"ROA":0.277854944101,"HOLDER_PROFIT_QOQ":-20.586976087358,"ROE_YEARLY":2.615293314653,"ROIC_YEARLY":0.594306984429,"TOTAL_ASSETS":36843688096.34,"TOTAL_LIABILITIES":28773094677.24,"TAX_EBT":20.664379071292,"OCF_SALES":-220.689859308084,"TOTAL_PARENT_EQUITY":8070593419.1,"DEBT_ASSET_RATIO":78.0950446709,"OPERATE_PROFIT":132195336.36,"PRETAX_PROFIT":132195336.36,"NETCASH_OPERATE":-1306082399.88,"NETCASH_INVEST":-10748442.84,"NETCASH_FINANCE":-173918619.28,"END_CASH":2475472044.96,"DIVI_RATIO":null,"DIVIDEND_RATE":null,"CURRENT_RATIO":null,"COMMON_ACS":2000000000,"CURRENTDEBT_DEBT":null,"ISSUED_COMMON_SHARES":1097917618,"HK_COMMON_SHARES":1097917618,"PER_SHARES":2000,"TOTAL_MARKET_CAP":1471209608.12,"HKSK_MARKET_CAP":1471209608.12,"PE_TTM":-1.472112012784,"PB_TTM":0.191048393042,"REPORT_DATE_SQ":"2022-06-30 00:00:00","REPORT_TYPE_SQ":"2022年中报","OPERATE_INCOME_SQ":610696310.14,"DPS_HKD":null,"OPERATE_INCOME_QOQ_SQ":-2.283779651649,"NET_PROFIT_RATIO_SQ":27.0714711821,"HOLDER_PROFIT_SQ":165324475.61,"HOLDER_PROFIT_QOQ_SQ":-9.771361498546,"ROE_AVG_SQ":2.243438211015,"PE_TTM_SQ":5.861295591235,"PB_TTM_SQ":0.168259862844,"ROA_SQ":0.445588755109,"START_DATE":"2023-01-01 00:00:00","FISCAL_YEAR":"12-31","CURRENCY":"HKD","IS_CNY_CODE":0,"DPS_HKD_LY":0.14,"ORG_TYPE":"银行","PREMIUM_INCOME":null,"PREMIUM_INCOME_YOY":null,"NET_INTEREST_INCOME":467524994.24,"NET_INTEREST_INCOME_YOY":-16.318245727525,"FEE_COMMISSION_INCOME":106855638.04,"FEE_COMMISSION_INCOME_YOY":null,"ACCOUNTS_RECE_TDAYS":null,"INVENTORY_TDAYS":null,"CURRENT_ASSETS_TDAYS":null,"TOTAL_ASSETS_TDAYS":0.015679130288,"PREMIUM_EXPENSE":null,"LOAN_DEPOSIT":85.108021757991,"LOAN_EQUITY":2.779999303139,"LOAN_ASSETS":60.895760550228,"DEPOSIT_EQUITY":3.266436283814,"DEPOSIT_ASSETS":71.551140882334,"EQUITY_MULTIPLIER":4.565177079688,"EQUITY_RATIO":3.565177079686},{"SECUCODE":"00626.HK","SECURITY_CODE":"00626","SECURITY_NAME_ABBR":"大众金融控股","ORG_CODE":"10009011","STD_REPORT_DATE":"2022-12-31 00:00:00","REPORT_DATE":"2022-12-31 00:00:00","DATE_TYPE_CODE":"001","REPORT_TYPE":"2022年年报","PER_NETCASH_OPERATE":-0.305138055586,"PER_OI":1.117846126848,"BPS":7.033263561857,"BASIC_EPS":0.26708773,"DILUTED_EPS":0.26708773,"OPERATE_INCOME":1227302956.88,"OPERATE_INCOME_YOY":-9.3170915869,"GROSS_PROFIT":null,"GROSS_PROFIT_YOY":null,"HOLDER_PROFIT":293615169.19,"HOLDER_PROFIT_YOY":-33.7919796318,"GROSS_PROFIT_RATIO":null,"EPS_TTM":0.267429144388,"OPERATE_INCOME_QOQ":1.391289446859,"NET_PROFIT_RATIO":23.9236096959,"ROE_AVG":3.818974539628,"GROSS_PROFIT_QOQ":null,"ROA":0.7693670405,"HOLDER_PROFIT_QOQ":-19.830705028324,"ROE_YEARLY":3.818974539628,"ROIC_YEARLY":0.845858115772,"TOTAL_ASSETS":37444030224.37,"TOTAL_LIABILITIES":29722086247.77,"TAX_EBT":19.141519621952,"OCF_SALES":-27.296964068405,"TOTAL_PARENT_EQUITY":7721943976.6,"DEBT_ASSET_RATIO":79.3773695558,"OPERATE_PROFIT":363122294.43,"PRETAX_PROFIT":363122294.43,"NETCASH_OPERATE":-335016447.15,"NETCASH_INVEST":-164685043.74,"NETCASH_FINANCE":-272276735.43,"END_CASH":3842715336.04,"DIVI_RATIO":null,"DIVIDEND_RATE":null,"CURRENT_RATIO":null,"COMMON_ACS":2000000000,"CURRENTDEBT_DEBT":null,"ISSUED_COMMON_SHARES":1097917618,"HK_COMMON_SHARES":1097917618,"PER_SHARES":2000,"TOTAL_MARKET_CAP":1471209608.12,"HKSK_MARKET_CAP":1471209608.12,"PE_TTM":-1.472112012784,"PB_TTM":0.191048393042,"REPORT_DATE_SQ":"2021-12-31 00:00:00","REPORT_TYPE_SQ":"2021年年报","OPERATE_INCOME_SQ":1238752300.8,"DPS_HKD":null,"OPERATE_INCOME_QOQ_SQ":-3.220192986502,"NET_PROFIT_RATIO_SQ":32.7673670788,"HOLDER_PROFIT_SQ":405906513.6,"HOLDER_PROFIT_QOQ_SQ":-1.048225928099,"ROE_AVG_SQ":5.89815562125,"PE_TTM_SQ":5.861295591235,"PB_TTM_SQ":0.168259862844,"ROA_SQ":1.116063101297,"START_DATE":"2022-01-01 00:00:00","FISCAL_YEAR":"12-31","CURRENCY":"HKD","IS_CNY_CODE":0,"DPS_HKD_LY":0.2,"ORG_TYPE":"银行","PREMIUM_INCOME":null,"PREMIUM_INCOME_YOY":null,"NET_INTEREST_INCOME":1028076055.51,"NET_INTEREST_INCOME_YOY":-10.218962158839,"FEE_COMMISSION_INCOME":159203939.02,"FEE_COMMISSION_INCOME_YOY":null,"ACCOUNTS_RECE_TDAYS":null,"INVENTORY_TDAYS":null,"CURRENT_ASSETS_TDAYS":null,"TOTAL_ASSETS_TDAYS":0.032159320867,"PREMIUM_EXPENSE":null,"LOAN_DEPOSIT":81.05908177292,"LOAN_EQUITY":2.854919730051,"LOAN_ASSETS":58.875954540791,"DEPOSIT_EQUITY":3.522023279326,"DEPOSIT_ASSETS":72.633384505547,"EQUITY_MULTIPLIER":4.849041943053,"EQUITY_RATIO":3.849041943044},{"SECUCODE":"00626.HK","SECURITY_CODE":"00626","SECURITY_NAME_ABBR":"大众金融控股","ORG_CODE":"10009011","STD_REPORT_DATE":"2022-06-30 00:00:00","REPORT_DATE":"2022-06-30 00:00:00","DATE_TYPE_CODE":"002","REPORT_TYPE":"2022年中报","PER_NETCASH_OPERATE":0.369435528523,"PER_OI":0.556231451366,"BPS":6.74923593781,"BASIC_EPS":0.15051344,"DILUTED_EPS":0.15051344,"OPERATE_INCOME":610696310.14,"OPERATE_INCOME_YOY":-7.0100619971,"GROSS_PROFIT":null,"GROSS_PROFIT_YOY":null,"HOLDER_PROFIT":165324475.61,"HOLDER_PROFIT_YOY":-21.5282823568,"GROSS_PROFIT_RATIO":null,"EPS_TTM":0.333580511694,"OPERATE_INCOME_QOQ":-2.283779651649,"NET_PROFIT_RATIO":27.0714711821,"ROE_AVG":2.243438211015,"GROSS_PROFIT_QOQ":null,"ROA":0.445588755109,"HOLDER_PROFIT_QOQ":-9.771361498546,"ROE_YEARLY":4.486876422029,"ROIC_YEARLY":0.990003597948,"TOTAL_ASSETS":36980118283.29,"TOTAL_LIABILITIES":29570013239.13,"TAX_EBT":18.684355532748,"OCF_SALES":66.417590665812,"TOTAL_PARENT_EQUITY":7410105044.16,"DEBT_ASSET_RATIO":79.9619217348,"OPERATE_PROFIT":203312015.41,"PRETAX_PROFIT":203312015.41,"NETCASH_OPERATE":405609775.48,"NETCASH_INVEST":-73720798.76,"NETCASH_FINANCE":-189657196.68,"END_CASH":4560201472.96,"DIVI_RATIO":null,"DIVIDEND_RATE":null,"CURRENT_RATIO":null,"COMMON_ACS":2000000000,"CURRENTDEBT_DEBT":null,"ISSUED_COMMON_SHARES":1097917618,"HK_COMMON_SHARES":1097917618,"PER_SHARES":2000,"TOTAL_MARKET_CAP":1471209608.12,"HKSK_MARKET_CAP":1471209608.12,"PE_TTM":-1.472112012784,"PB_TTM":0.191048393042,"REPORT_DATE_SQ":"2021-06-30 00:00:00","REPORT_TYPE_SQ":"2021年中报","OPERATE_INCOME_SQ":638986683.12,"DPS_HKD":null,"OPERATE_INCOME_QOQ_SQ":-2.383134814933,"NET_PROFIT_RATIO_SQ":32.0800219809,"HOLDER_PROFIT_SQ":204987068.4,"HOLDER_PROFIT_QOQ_SQ":22.769035224117,"ROE_AVG_SQ":2.944696119445,"PE_TTM_SQ":5.861295591235,"PB_TTM_SQ":0.168259862844,"ROA_SQ":0.543972121282,"START_DATE":"2022-01-01 00:00:00","FISCAL_YEAR":"12-31","CURRENCY":"HKD","IS_CNY_CODE":0,"DPS_HKD_LY":0.2,"ORG_TYPE":"银行","PREMIUM_INCOME":null,"PREMIUM_INCOME_YOY":null,"NET_INTEREST_INCOME":518221194.68,"NET_INTEREST_INCOME_YOY":-4.972697990534,"FEE_COMMISSION_INCOME":74711108.78,"FEE_COMMISSION_INCOME_YOY":null,"ACCOUNTS_RECE_TDAYS":null,"INVENTORY_TDAYS":null,"CURRENT_ASSETS_TDAYS":null,"TOTAL_ASSETS_TDAYS":0.016459717025,"PREMIUM_EXPENSE":null,"LOAN_DEPOSIT":78.57526215415,"LOAN_EQUITY":2.884026800651,"LOAN_ASSETS":57.790354750317,"DEPOSIT_EQUITY":3.670400481762,"DEPOSIT_ASSETS":73.547772118078,"EQUITY_MULTIPLIER":4.990498523687,"EQUITY_RATIO":3.990498523693},{"SECUCODE":"00626.HK","SECURITY_CODE":"00626","SECURITY_NAME_ABBR":"大众金融控股","ORG_CODE":"10009011","STD_REPORT_DATE":"2021-12-31 00:00:00","REPORT_DATE":"2021-12-31 00:00:00","DATE_TYPE_CODE":"001","REPORT_TYPE":"2021年年报","PER_NETCASH_OPERATE":-0.547758635202,"PER_OI":1.128274362749,"BPS":6.381413419308,"BASIC_EPS":0.3695552,"DILUTED_EPS":0.3695552,"OPERATE_INCOME":1238752300.8,"OPERATE_INCOME_YOY":-2.7487720902,"GROSS_PROFIT":null,"GROSS_PROFIT_YOY":null,"HOLDER_PROFIT":405906513.6,"HOLDER_PROFIT_YOY":25.0540936078,"GROSS_PROFIT_RATIO":null,"EPS_TTM":0.369705802098,"OPERATE_INCOME_QOQ":-3.220192986502,"NET_PROFIT_RATIO":32.7673670788,"ROE_AVG":5.89815562125,"GROSS_PROFIT_QOQ":null,"ROA":1.116063101297,"HOLDER_PROFIT_QOQ":-1.048225928099,"ROE_YEARLY":5.89815562125,"ROIC_YEARLY":1.26613965531,"TOTAL_ASSETS":35588617075.2,"TOTAL_LIABILITIES":28582350854.4,"TAX_EBT":17.555224901773,"OCF_SALES":-48.548354308736,"TOTAL_PARENT_EQUITY":7006266220.8,"DEBT_ASSET_RATIO":80.3131821447,"OPERATE_PROFIT":492337462.4,"PRETAX_PROFIT":492337462.4,"NETCASH_OPERATE":-601393856,"NETCASH_INVEST":-23905806.4,"NETCASH_FINANCE":-198990758.4,"END_CASH":4223777196.8,"DIVI_RATIO":null,"DIVIDEND_RATE":null,"CURRENT_RATIO":null,"COMMON_ACS":2000000000,"CURRENTDEBT_DEBT":null,"ISSUED_COMMON_SHARES":1097917618,"HK_COMMON_SHARES":1097917618,"PER_SHARES":2000,"TOTAL_MARKET_CAP":1471209608.12,"HKSK_MARKET_CAP":1471209608.12,"PE_TTM":-1.472112012784,"PB_TTM":0.191048393042,"REPORT_DATE_SQ":"2020-12-31 00:00:00","REPORT_TYPE_SQ":"2020年年报","OPERATE_INCOME_SQ":1311217888.48,"DPS_HKD":null,"OPERATE_INCOME_QOQ_SQ":-6.066601373152,"NET_PROFIT_RATIO_SQ":25.4823060313,"HOLDER_PROFIT_SQ":334128555.08,"HOLDER_PROFIT_QOQ_SQ":4.219424956005,"ROE_AVG_SQ":4.888364969318,"PE_TTM_SQ":5.861295591235,"PB_TTM_SQ":0.168259862844,"ROA_SQ":0.87578183836,"START_DATE":"2021-01-01 00:00:00","FISCAL_YEAR":"12-31","CURRENCY":"HKD","IS_CNY_CODE":0,"DPS_HKD_LY":0.17,"ORG_TYPE":"银行","PREMIUM_INCOME":null,"PREMIUM_INCOME_YOY":null,"NET_INTEREST_INCOME":1048090433.6,"NET_INTEREST_INCOME_YOY":3.96918989239,"FEE_COMMISSION_INCOME":151182416,"FEE_COMMISSION_INCOME_YOY":null,"ACCOUNTS_RECE_TDAYS":null,"INVENTORY_TDAYS":null,"CURRENT_ASSETS_TDAYS":null,"TOTAL_ASSETS_TDAYS":0.034060200767,"PREMIUM_EXPENSE":null,"LOAN_DEPOSIT":81.016099380715,"LOAN_EQUITY":3.041926255889,"LOAN_ASSETS":59.885848128816,"DEPOSIT_EQUITY":3.754718233958,"DEPOSIT_ASSETS":73.918453969744,"EQUITY_MULTIPLIER":5.079541078452,"EQUITY_RATIO":4.079541078463},{"SECUCODE":"00626.HK","SECURITY_CODE":"00626","SECURITY_NAME_ABBR":"大众金融控股","ORG_CODE":"10009011","STD_REPORT_DATE":"2021-06-30 00:00:00","REPORT_DATE":"2021-06-30 00:00:00","DATE_TYPE_CODE":"002","REPORT_TYPE":"2021年中报","PER_NETCASH_OPERATE":0.006654107995,"PER_OI":0.581998751677,"BPS":6.416876161359,"BASIC_EPS":0.18638592,"DILUTED_EPS":0.18638592,"OPERATE_INCOME":638986683.12,"OPERATE_INCOME_YOY":4.6597742004,"GROSS_PROFIT":null,"GROSS_PROFIT_YOY":null,"HOLDER_PROFIT":204987068.4,"HOLDER_PROFIT_YOY":74.5651018601,"GROSS_PROFIT_RATIO":null,"EPS_TTM":0.373622206944,"OPERATE_INCOME_QOQ":-2.383134814933,"NET_PROFIT_RATIO":32.0800219809,"ROE_AVG":2.944696119445,"GROSS_PROFIT_QOQ":null,"ROA":0.543972121282,"HOLDER_PROFIT_QOQ":22.769035224117,"ROE_YEARLY":5.88939223889,"ROIC_YEARLY":1.256472730581,"TOTAL_ASSETS":37558435360.8,"TOTAL_LIABILITIES":30513233970.72,"TAX_EBT":18.132726305995,"OCF_SALES":1.143319977238,"TOTAL_PARENT_EQUITY":7045201390.08,"DEBT_ASSET_RATIO":81.2420263986,"OPERATE_PROFIT":250389513.6,"PRETAX_PROFIT":250389513.6,"NETCASH_OPERATE":7305662.4,"NETCASH_INVEST":-10336929.84,"NETCASH_FINANCE":-166385213.04,"END_CASH":4968054291.6,"DIVI_RATIO":null,"DIVIDEND_RATE":null,"CURRENT_RATIO":null,"COMMON_ACS":2000000000,"CURRENTDEBT_DEBT":null,"ISSUED_COMMON_SHARES":1097917618,"HK_COMMON_SHARES":1097917618,"PER_SHARES":2000,"TOTAL_MARKET_CAP":1471209608.12,"HKSK_MARKET_CAP":1471209608.12,"PE_TTM":-1.472112012784,"PB_TTM":0.191048393042,"REPORT_DATE_SQ":"2020-06-30 00:00:00","REPORT_TYPE_SQ":"2020年中报","OPERATE_INCOME_SQ":670234773.12,"DPS_HKD":null,"OPERATE_INCOME_QOQ_SQ":-2.932768320572,"NET_PROFIT_RATIO_SQ":19.2334425443,"HOLDER_PROFIT_SQ":128909220,"HOLDER_PROFIT_QOQ_SQ":-23.253091576443,"ROE_AVG_SQ":1.75935238379,"PE_TTM_SQ":5.861295591235,"PB_TTM_SQ":0.168259862844,"ROA_SQ":0.314561271392,"START_DATE":"2021-01-01 00:00:00","FISCAL_YEAR":"12-31","CURRENCY":"HKD","IS_CNY_CODE":0,"DPS_HKD_LY":0.17,"ORG_TYPE":"银行","PREMIUM_INCOME":null,"PREMIUM_INCOME_YOY":null,"NET_INTEREST_INCOME":530602438.56,"NET_INTEREST_INCOME_YOY":5.697587302008,"FEE_COMMISSION_INCOME":86696079.36,"FEE_COMMISSION_INCOME_YOY":null,"ACCOUNTS_RECE_TDAYS":null,"INVENTORY_TDAYS":null,"CURRENT_ASSETS_TDAYS":null,"TOTAL_ASSETS_TDAYS":0.016956725329,"PREMIUM_EXPENSE":null,"LOAN_DEPOSIT":77.00713873982,"LOAN_EQUITY":3.030061145798,"LOAN_ASSETS":56.837806983516,"DEPOSIT_EQUITY":3.934779548212,"DEPOSIT_ASSETS":73.808490892709,"EQUITY_MULTIPLIER":5.33106625081,"EQUITY_RATIO":4.331066250808},{"SECUCODE":"00626.HK","SECURITY_CODE":"00626","SECURITY_NAME_ABBR":"大众金融控股","ORG_CODE":"10009011","STD_REPORT_DATE":"2020-12-31 00:00:00","REPORT_DATE":"2020-12-31 00:00:00","DATE_TYPE_CODE":"001","REPORT_TYPE":"2020年年报","PER_NETCASH_OPERATE":1.098004828446,"PER_OI":1.194277117867,"BPS":6.335879083452,"BASIC_EPS":0.30467368,"DILUTED_EPS":0.30467368,"OPERATE_INCOME":1311217888.48,"OPERATE_INCOME_YOY":-2.9562268631,"GROSS_PROFIT":null,"GROSS_PROFIT_YOY":null,"HOLDER_PROFIT":334128555.08,"HOLDER_PROFIT_YOY":-14.8696230218,"GROSS_PROFIT_RATIO":null,"EPS_TTM":0.304329350037,"OPERATE_INCOME_QOQ":-6.066601373152,"NET_PROFIT_RATIO":25.4823060313,"ROE_AVG":4.888364969318,"GROSS_PROFIT_QOQ":null,"ROA":0.87578183836,"HOLDER_PROFIT_QOQ":4.219424956005,"ROE_YEARLY":4.888364969318,"ROIC_YEARLY":0.992590704443,"TOTAL_ASSETS":38242710169.72,"TOTAL_LIABILITIES":31286436898.48,"TAX_EBT":17.343435416003,"OCF_SALES":91.938865110929,"TOTAL_PARENT_EQUITY":6956273271.24,"DEBT_ASSET_RATIO":81.8101979688,"OPERATE_PROFIT":404237167.08,"PRETAX_PROFIT":404237167.08,"NETCASH_OPERATE":1205518845.8,"NETCASH_INVEST":-47311950.96,"NETCASH_FINANCE":-193830533.64,"END_CASH":5196496611.64,"DIVI_RATIO":null,"DIVIDEND_RATE":null,"CURRENT_RATIO":null,"COMMON_ACS":2000000000,"CURRENTDEBT_DEBT":null,"ISSUED_COMMON_SHARES":1097917618,"HK_COMMON_SHARES":1097917618,"PER_SHARES":2000,"TOTAL_MARKET_CAP":1471209608.12,"HKSK_MARKET_CAP":1471209608.12,"PE_TTM":-1.472112012784,"PB_TTM":0.191048393042,"REPORT_DATE_SQ":"2019-12-31 00:00:00","REPORT_TYPE_SQ":"2019年年报","OPERATE_INCOME_SQ":1438077149.98,"DPS_HKD":null,"OPERATE_INCOME_QOQ_SQ":-0.239686125177,"NET_PROFIT_RATIO_SQ":29.048375131,"HOLDER_PROFIT_SQ":417738045.2,"HOLDER_PROFIT_QOQ_SQ":-7.861037650007,"ROE_AVG_SQ":5.931118442021,"PE_TTM_SQ":5.861295591235,"PB_TTM_SQ":0.168259862844,"ROA_SQ":1.025219038507,"START_DATE":"2020-01-01 00:00:00","FISCAL_YEAR":"12-31","CURRENCY":"HKD","IS_CNY_CODE":0,"DPS_HKD_LY":0.18,"ORG_TYPE":"银行","PREMIUM_INCOME":null,"PREMIUM_INCOME_YOY":null,"NET_INTEREST_INCOME":1037718554.08,"NET_INTEREST_INCOME_YOY":-9.35842243316,"FEE_COMMISSION_INCOME":null,"FEE_COMMISSION_INCOME_YOY":null,"ACCOUNTS_RECE_TDAYS":null,"INVENTORY_TDAYS":null,"CURRENT_ASSETS_TDAYS":null,"TOTAL_ASSETS_TDAYS":0.034368233286,"PREMIUM_EXPENSE":null,"LOAN_DEPOSIT":76.269098823794,"LOAN_EQUITY":3.155239577885,"LOAN_ASSETS":57.393183282755,"DEPOSIT_EQUITY":4.136982902046,"DEPOSIT_ASSETS":75.250899994703,"EQUITY_MULTIPLIER":5.497585945602,"EQUITY_RATIO":4.4975859456}],"count":51},"success":true,"message":"ok","code":0}