{"version":"cbb77521a823afee9461a6647f3fc868","result":{"pages":6,"data":[{"SECUCODE":"00620.HK","SECURITY_CODE":"00620","SECURITY_NAME_ABBR":"大唐西市","ORG_CODE":"10009007","STD_REPORT_DATE":"2024-06-30 00:00:00","REPORT_DATE":"2024-06-30 00:00:00","DATE_TYPE_CODE":"002","REPORT_TYPE":"2024年中报","PER_NETCASH_OPERATE":-0.112239673518,"PER_OI":0.035391503929,"BPS":1.193598124344,"BASIC_EPS":-0.010313284,"DILUTED_EPS":-0.010313284,"OPERATE_INCOME":23624721.8,"OPERATE_INCOME_YOY":13.1139660898,"GROSS_PROFIT":23624721.8,"GROSS_PROFIT_YOY":11.972987018026,"HOLDER_PROFIT":-6896210.08,"HOLDER_PROFIT_YOY":8.8979985532,"GROSS_PROFIT_RATIO":null,"EPS_TTM":-0.408951952333,"OPERATE_INCOME_QOQ":6.265137670303,"NET_PROFIT_RATIO":-59.5943596678,"ROE_AVG":-0.858439800432,"GROSS_PROFIT_QOQ":6.265137670303,"ROA":-0.21366871819,"HOLDER_PROFIT_QOQ":0.274238988885,"ROE_YEARLY":-1.716879600864,"ROIC_YEARLY":-0.43957782843,"TOTAL_ASSETS":3279805935.32,"TOTAL_LIABILITIES":2412355618.08,"TAX_EBT":-21.092707433865,"OCF_SALES":-317.137338226772,"TOTAL_PARENT_EQUITY":796756862.48,"DEBT_ASSET_RATIO":73.5517791495,"OPERATE_PROFIT":12023646.32,"PRETAX_PROFIT":-11626630.52,"NETCASH_OPERATE":-74922813.88,"NETCASH_INVEST":4563400,"NETCASH_FINANCE":59395389.04,"END_CASH":8343720.56,"DIVI_RATIO":null,"DIVIDEND_RATE":null,"CURRENT_RATIO":1.997878355987,"COMMON_ACS":5000000000,"CURRENTDEBT_DEBT":65.301480502853,"ISSUED_COMMON_SHARES":667525230,"HK_COMMON_SHARES":667525230,"PER_SHARES":2000,"TOTAL_MARKET_CAP":150860701.98,"HKSK_MARKET_CAP":150860701.98,"PE_TTM":-0.500656106609,"PB_TTM":0.172809990057,"REPORT_DATE_SQ":"2023-06-30 00:00:00","REPORT_TYPE_SQ":"2023年中报","OPERATE_INCOME_SQ":21098590.32,"DPS_HKD":null,"OPERATE_INCOME_QOQ_SQ":-45.540440540728,"NET_PROFIT_RATIO_SQ":-69.2317776612,"HOLDER_PROFIT_SQ":-7646902.12,"HOLDER_PROFIT_QOQ_SQ":-82.404411140917,"ROE_AVG_SQ":-0.697278311063,"PE_TTM_SQ":11.864622430843,"PB_TTM_SQ":0.156646187983,"ROA_SQ":-0.226786635174,"START_DATE":"2024-01-01 00:00:00","FISCAL_YEAR":"12-31","CURRENCY":"HKD","IS_CNY_CODE":0,"DPS_HKD_LY":null,"ORG_TYPE":"一般企业","PREMIUM_INCOME":null,"PREMIUM_INCOME_YOY":null,"NET_INTEREST_INCOME":null,"NET_INTEREST_INCOME_YOY":null,"FEE_COMMISSION_INCOME":null,"FEE_COMMISSION_INCOME_YOY":null,"ACCOUNTS_RECE_TDAYS":0.029510665623,"INVENTORY_TDAYS":null,"CURRENT_ASSETS_TDAYS":0.007639545665,"TOTAL_ASSETS_TDAYS":0.007319765445,"PREMIUM_EXPENSE":null,"LOAN_DEPOSIT":null,"LOAN_EQUITY":null,"LOAN_ASSETS":null,"DEPOSIT_EQUITY":null,"DEPOSIT_ASSETS":null,"EQUITY_MULTIPLIER":3.780972662216,"EQUITY_RATIO":3.027718657573},{"SECUCODE":"00620.HK","SECURITY_CODE":"00620","SECURITY_NAME_ABBR":"大唐西市","ORG_CODE":"10009007","STD_REPORT_DATE":"2023-12-31 00:00:00","REPORT_DATE":"2023-12-31 00:00:00","DATE_TYPE_CODE":"001","REPORT_TYPE":"2023年年报","PER_NETCASH_OPERATE":0.169582311218,"PER_OI":0.060402880143,"BPS":1.204741030897,"BASIC_EPS":-0.41006455,"DILUTED_EPS":-0.41006455,"OPERATE_INCOME":40320446.46,"OPERATE_INCOME_YOY":-96.0773682317,"GROSS_PROFIT":40320446.46,"GROSS_PROFIT_YOY":-96.020500676125,"HOLDER_PROFIT":-273736438.08,"HOLDER_PROFIT_YOY":-383.7667217796,"GROSS_PROFIT_RATIO":null,"EPS_TTM":-0.410076542096,"OPERATE_INCOME_QOQ":-92.692744187821,"NET_PROFIT_RATIO":-805.6390892949,"ROE_AVG":-28.843432443323,"GROSS_PROFIT_QOQ":-82.992668395705,"ROA":-8.581242962634,"HOLDER_PROFIT_QOQ":-1736.09512800906,"ROE_YEARLY":-28.843432443323,"ROIC_YEARLY":-9.044593272668,"TOTAL_ASSETS":3152768379.04,"TOTAL_LIABILITIES":2269492057,"TAX_EBT":3.49535316986,"OCF_SALES":280.752028408963,"TOTAL_PARENT_EQUITY":804195033.74,"DEBT_ASSET_RATIO":71.9841036242,"OPERATE_PROFIT":-330107853.18,"PRETAX_PROFIT":-336602731.92,"NETCASH_OPERATE":113200471.3,"NETCASH_INVEST":-19936.84,"NETCASH_FINANCE":-183412584.46,"END_CASH":20914651.38,"DIVI_RATIO":null,"DIVIDEND_RATE":null,"CURRENT_RATIO":1.334826499182,"COMMON_ACS":5000000000,"CURRENTDEBT_DEBT":99.561163575379,"ISSUED_COMMON_SHARES":667525230,"HK_COMMON_SHARES":667525230,"PER_SHARES":2000,"TOTAL_MARKET_CAP":166881307.5,"HKSK_MARKET_CAP":166881307.5,"PE_TTM":-0.55382312678,"PB_TTM":0.191161493426,"REPORT_DATE_SQ":"2022-12-31 00:00:00","REPORT_TYPE_SQ":"2022年年报","OPERATE_INCOME_SQ":1013204003.28,"DPS_HKD":null,"OPERATE_INCOME_QOQ_SQ":100.645469890424,"NET_PROFIT_RATIO_SQ":16.4352390625,"HOLDER_PROFIT_SQ":95086804.96,"HOLDER_PROFIT_QOQ_SQ":137.057318507948,"ROE_AVG_SQ":9.041494401515,"PE_TTM_SQ":12.727504062177,"PB_TTM_SQ":0.168038638018,"ROA_SQ":2.955188834423,"START_DATE":"2023-01-01 00:00:00","FISCAL_YEAR":"12-31","CURRENCY":"HKD","IS_CNY_CODE":0,"DPS_HKD_LY":null,"ORG_TYPE":"一般企业","PREMIUM_INCOME":null,"PREMIUM_INCOME_YOY":null,"NET_INTEREST_INCOME":null,"NET_INTEREST_INCOME_YOY":null,"FEE_COMMISSION_INCOME":null,"FEE_COMMISSION_INCOME_YOY":null,"ACCOUNTS_RECE_TDAYS":0.038399250191,"INVENTORY_TDAYS":null,"CURRENT_ASSETS_TDAYS":0.013672119269,"TOTAL_ASSETS_TDAYS":0.01263987907,"PREMIUM_EXPENSE":null,"LOAN_DEPOSIT":null,"LOAN_EQUITY":null,"LOAN_ASSETS":null,"DEPOSIT_EQUITY":null,"DEPOSIT_ASSETS":null,"EQUITY_MULTIPLIER":3.569402122945,"EQUITY_RATIO":2.822066739763},{"SECUCODE":"00620.HK","SECURITY_CODE":"00620","SECURITY_NAME_ABBR":"大唐西市","ORG_CODE":"10009007","STD_REPORT_DATE":"2023-06-30 00:00:00","REPORT_DATE":"2023-06-30 00:00:00","DATE_TYPE_CODE":"002","REPORT_TYPE":"2023年中报","PER_NETCASH_OPERATE":-0.080038651153,"PER_OI":0.031607180331,"BPS":1.61858072172,"BASIC_EPS":-0.011432552,"DILUTED_EPS":-0.011432552,"OPERATE_INCOME":21098590.32,"OPERATE_INCOME_YOY":-95.9441424548,"GROSS_PROFIT":21098590.32,"GROSS_PROFIT_YOY":-95.627381588294,"HOLDER_PROFIT":-7646902.12,"HOLDER_PROFIT_YOY":-110.0312038896,"GROSS_PROFIT_RATIO":null,"EPS_TTM":0.025064345897,"OPERATE_INCOME_QOQ":-45.540440540728,"NET_PROFIT_RATIO":-69.2317776612,"ROE_AVG":-0.697278311063,"GROSS_PROFIT_QOQ":-93.074710846076,"ROA":-0.226786635174,"HOLDER_PROFIT_QOQ":-82.404411140917,"ROE_YEARLY":-1.394556622126,"ROIC_YEARLY":-0.479551208527,"TOTAL_ASSETS":3460464768.06,"TOTAL_LIABILITIES":2256736899.86,"TAX_EBT":9.375357510582,"OCF_SALES":-253.229330536619,"TOTAL_PARENT_EQUITY":1080443468.54,"DEBT_ASSET_RATIO":65.2148497707,"OPERATE_PROFIT":10437735.58,"PRETAX_PROFIT":-16118054.36,"NETCASH_OPERATE":-53427819.02,"NETCASH_INVEST":null,"NETCASH_FINANCE":-28518685.36,"END_CASH":11243546.1,"DIVI_RATIO":null,"DIVIDEND_RATE":null,"CURRENT_RATIO":1.607946705321,"COMMON_ACS":5000000000,"CURRENTDEBT_DEBT":86.187971027578,"ISSUED_COMMON_SHARES":667525230,"HK_COMMON_SHARES":667525230,"PER_SHARES":2000,"TOTAL_MARKET_CAP":166881307.5,"HKSK_MARKET_CAP":166881307.5,"PE_TTM":-0.55382312678,"PB_TTM":0.191161493426,"REPORT_DATE_SQ":"2022-06-30 00:00:00","REPORT_TYPE_SQ":"2022年中报","OPERATE_INCOME_SQ":482516156.99,"DPS_HKD":null,"OPERATE_INCOME_QOQ_SQ":475.05078356371,"NET_PROFIT_RATIO_SQ":23.032995936,"HOLDER_PROFIT_SQ":70708819.58,"HOLDER_PROFIT_QOQ_SQ":245.768439805036,"ROE_AVG_SQ":7.025543026162,"PE_TTM_SQ":12.727504062177,"PB_TTM_SQ":0.168038638018,"ROA_SQ":2.224937996961,"START_DATE":"2023-01-01 00:00:00","FISCAL_YEAR":"12-31","CURRENCY":"HKD","IS_CNY_CODE":0,"DPS_HKD_LY":null,"ORG_TYPE":"一般企业","PREMIUM_INCOME":null,"PREMIUM_INCOME_YOY":null,"NET_INTEREST_INCOME":null,"NET_INTEREST_INCOME_YOY":null,"FEE_COMMISSION_INCOME":null,"FEE_COMMISSION_INCOME_YOY":null,"ACCOUNTS_RECE_TDAYS":0.013625374253,"INVENTORY_TDAYS":null,"CURRENT_ASSETS_TDAYS":0.00696351579,"TOTAL_ASSETS_TDAYS":0.006257276778,"PREMIUM_EXPENSE":null,"LOAN_DEPOSIT":null,"LOAN_EQUITY":null,"LOAN_ASSETS":null,"DEPOSIT_EQUITY":null,"DEPOSIT_ASSETS":null,"EQUITY_MULTIPLIER":2.874789941708,"EQUITY_RATIO":2.088713538071},{"SECUCODE":"00620.HK","SECURITY_CODE":"00620","SECURITY_NAME_ABBR":"大唐西市","ORG_CODE":"10009007","STD_REPORT_DATE":"2022-12-31 00:00:00","REPORT_DATE":"2022-12-31 00:00:00","DATE_TYPE_CODE":"001","REPORT_TYPE":"2022年年报","PER_NETCASH_OPERATE":0.255127004024,"PER_OI":1.51785124778,"BPS":1.61530700131,"BASIC_EPS":0.142476565,"DILUTED_EPS":0.142476565,"OPERATE_INCOME":1013204003.28,"OPERATE_INCOME_YOY":956.0723995382,"GROSS_PROFIT":1013204003.28,"GROSS_PROFIT_YOY":1053.81334678997,"HOLDER_PROFIT":95086804.96,"HOLDER_PROFIT_YOY":416.2823864987,"GROSS_PROFIT_RATIO":null,"EPS_TTM":0.142446758095,"OPERATE_INCOME_QOQ":100.645469890424,"NET_PROFIT_RATIO":16.4352390625,"ROE_AVG":9.041494401515,"GROSS_PROFIT_QOQ":111.654364370765,"ROA":2.955188834423,"HOLDER_PROFIT_QOQ":137.057318507948,"ROE_YEARLY":9.041494401515,"ROIC_YEARLY":3.108407341294,"TOTAL_ASSETS":3180994319.09,"TOTAL_LIABILITIES":1970974350.17,"TAX_EBT":53.10095851468,"OCF_SALES":16.808432604755,"TOTAL_PARENT_EQUITY":1078258177.57,"DEBT_ASSET_RATIO":61.9609515912,"OPERATE_PROFIT":373547648.6,"PRETAX_PROFIT":355065892.3,"NETCASH_OPERATE":170303712.04,"NETCASH_INVEST":-409117.66,"NETCASH_FINANCE":-99321798.03,"END_CASH":91838875.24,"DIVI_RATIO":null,"DIVIDEND_RATE":null,"CURRENT_RATIO":2.328071139897,"COMMON_ACS":5000000000,"CURRENTDEBT_DEBT":61.913208920489,"ISSUED_COMMON_SHARES":667525230,"HK_COMMON_SHARES":667525230,"PER_SHARES":2000,"TOTAL_MARKET_CAP":166881307.5,"HKSK_MARKET_CAP":166881307.5,"PE_TTM":-0.55382312678,"PB_TTM":0.191161493426,"REPORT_DATE_SQ":"2021-12-31 00:00:00","REPORT_TYPE_SQ":"2021年年报","OPERATE_INCOME_SQ":87813510.4,"DPS_HKD":null,"OPERATE_INCOME_QOQ_SQ":-5.902297344472,"NET_PROFIT_RATIO_SQ":-31.996015046,"HOLDER_PROFIT_SQ":-27517145.6,"HOLDER_PROFIT_QOQ_SQ":-628.019530398259,"ROE_AVG_SQ":-2.919082539366,"PE_TTM_SQ":12.727504062177,"PB_TTM_SQ":0.168038638018,"ROA_SQ":-1.102081006359,"START_DATE":"2022-01-01 00:00:00","FISCAL_YEAR":"12-31","CURRENCY":"HKD","IS_CNY_CODE":0,"DPS_HKD_LY":null,"ORG_TYPE":"一般企业","PREMIUM_INCOME":null,"PREMIUM_INCOME_YOY":null,"NET_INTEREST_INCOME":null,"NET_INTEREST_INCOME_YOY":null,"FEE_COMMISSION_INCOME":null,"FEE_COMMISSION_INCOME_YOY":null,"ACCOUNTS_RECE_TDAYS":0.840969247263,"INVENTORY_TDAYS":null,"CURRENT_ASSETS_TDAYS":0.354321750479,"TOTAL_ASSETS_TDAYS":0.314892182858,"PREMIUM_EXPENSE":null,"LOAN_DEPOSIT":null,"LOAN_EQUITY":null,"LOAN_ASSETS":null,"DEPOSIT_EQUITY":null,"DEPOSIT_ASSETS":null,"EQUITY_MULTIPLIER":2.628877539872,"EQUITY_RATIO":1.82792432385},{"SECUCODE":"00620.HK","SECURITY_CODE":"00620","SECURITY_NAME_ABBR":"大唐西市","ORG_CODE":"10009007","STD_REPORT_DATE":"2022-06-30 00:00:00","REPORT_DATE":"2022-06-30 00:00:00","DATE_TYPE_CODE":"002","REPORT_TYPE":"2022年中报","PER_NETCASH_OPERATE":0.471000350309,"PER_OI":0.722843325323,"BPS":1.545292342134,"BASIC_EPS":0.105958041,"DILUTED_EPS":0.105958041,"OPERATE_INCOME":482516156.99,"OPERATE_INCOME_YOY":618.3227876303,"GROSS_PROFIT":482516156.99,"GROSS_PROFIT_YOY":638.273320778756,"HOLDER_PROFIT":70708819.58,"HOLDER_PROFIT_YOY":2133.4413830362,"GROSS_PROFIT_RATIO":null,"EPS_TTM":0.060089584659,"OPERATE_INCOME_QOQ":475.05078356371,"NET_PROFIT_RATIO":23.032995936,"ROE_AVG":7.025543026162,"GROSS_PROFIT_QOQ":677.776728674354,"ROA":2.224937996961,"HOLDER_PROFIT_QOQ":245.768439805036,"ROE_YEARLY":14.051086052323,"ROIC_YEARLY":4.742393812783,"TOTAL_ASSETS":3240504762.18,"TOTAL_LIABILITIES":2107018832.38,"TAX_EBT":51.887379215875,"OCF_SALES":65.159396761198,"TOTAL_PARENT_EQUITY":1031521626.1,"DEBT_ASSET_RATIO":65.0213157213,"OPERATE_PROFIT":232899023.84,"PRETAX_PROFIT":230995370.9,"NETCASH_OPERATE":314404617.17,"NETCASH_INVEST":-46101582.52,"NETCASH_FINANCE":-54573094.66,"END_CASH":200471929.42,"DIVI_RATIO":null,"DIVIDEND_RATE":null,"CURRENT_RATIO":2.715146668512,"COMMON_ACS":5000000000,"CURRENTDEBT_DEBT":50.449386760787,"ISSUED_COMMON_SHARES":667525230,"HK_COMMON_SHARES":667525230,"PER_SHARES":2000,"TOTAL_MARKET_CAP":166881307.5,"HKSK_MARKET_CAP":166881307.5,"PE_TTM":-0.55382312678,"PB_TTM":0.191161493426,"REPORT_DATE_SQ":"2021-06-30 00:00:00","REPORT_TYPE_SQ":"2021年中报","OPERATE_INCOME_SQ":65357387.76,"DPS_HKD":null,"OPERATE_INCOME_QOQ_SQ":-42.602689794519,"NET_PROFIT_RATIO_SQ":8.6699682992,"HOLDER_PROFIT_SQ":3080360.16,"HOLDER_PROFIT_QOQ_SQ":-80.980636106646,"ROE_AVG_SQ":0.317591724771,"PE_TTM_SQ":12.727504062177,"PB_TTM_SQ":0.168038638018,"ROA_SQ":0.137894068525,"START_DATE":"2022-01-01 00:00:00","FISCAL_YEAR":"12-31","CURRENCY":"HKD","IS_CNY_CODE":0,"DPS_HKD_LY":null,"ORG_TYPE":"一般企业","PREMIUM_INCOME":null,"PREMIUM_INCOME_YOY":null,"NET_INTEREST_INCOME":null,"NET_INTEREST_INCOME_YOY":null,"FEE_COMMISSION_INCOME":null,"FEE_COMMISSION_INCOME_YOY":null,"ACCOUNTS_RECE_TDAYS":0.462243402811,"INVENTORY_TDAYS":null,"CURRENT_ASSETS_TDAYS":0.171055497743,"TOTAL_ASSETS_TDAYS":0.151829508428,"PREMIUM_EXPENSE":null,"LOAN_DEPOSIT":null,"LOAN_EQUITY":null,"LOAN_ASSETS":null,"DEPOSIT_EQUITY":null,"DEPOSIT_ASSETS":null,"EQUITY_MULTIPLIER":2.858883976402,"EQUITY_RATIO":2.042631757849},{"SECUCODE":"00620.HK","SECURITY_CODE":"00620","SECURITY_NAME_ABBR":"大唐西市","ORG_CODE":"10009007","STD_REPORT_DATE":"2021-12-31 00:00:00","REPORT_DATE":"2021-12-31 00:00:00","DATE_TYPE_CODE":"001","REPORT_TYPE":"2021年年报","PER_NETCASH_OPERATE":-1.152705062549,"PER_OI":0.131550848498,"BPS":1.405562343164,"BASIC_EPS":-0.04120704,"DILUTED_EPS":-0.04120704,"OPERATE_INCOME":87813510.4,"OPERATE_INCOME_YOY":-44.4023998219,"GROSS_PROFIT":87813510.4,"GROSS_PROFIT_YOY":-45.990449710576,"HOLDER_PROFIT":-27517145.6,"HOLDER_PROFIT_YOY":-203.3787934636,"GROSS_PROFIT_RATIO":null,"EPS_TTM":-0.041222630042,"OPERATE_INCOME_QOQ":-5.902297344472,"NET_PROFIT_RATIO":-31.996015046,"ROE_AVG":-2.919082539366,"GROSS_PROFIT_QOQ":24.082642796025,"ROA":-1.102081006359,"HOLDER_PROFIT_QOQ":-628.019530398259,"ROE_YEARLY":-2.919082539366,"ROIC_YEARLY":-1.175512142901,"TOTAL_ASSETS":2978578120,"TOTAL_LIABILITIES":1977650124.8,"TAX_EBT":-20.494389901823,"OCF_SALES":-876.242970466649,"TOTAL_PARENT_EQUITY":938248326.4,"DEBT_ASSET_RATIO":66.3957782917,"OPERATE_PROFIT":-21860171.2,"PRETAX_PROFIT":-23317952,"NETCASH_OPERATE":-769459712,"NETCASH_INVEST":-11291873.6,"NETCASH_FINANCE":646551539.2,"END_CASH":22994182.4,"DIVI_RATIO":null,"DIVIDEND_RATE":null,"CURRENT_RATIO":3.200846583763,"COMMON_ACS":5000000000,"CURRENTDEBT_DEBT":41.616256995065,"ISSUED_COMMON_SHARES":667525230,"HK_COMMON_SHARES":667525230,"PER_SHARES":2000,"TOTAL_MARKET_CAP":166881307.5,"HKSK_MARKET_CAP":166881307.5,"PE_TTM":-0.55382312678,"PB_TTM":0.191161493426,"REPORT_DATE_SQ":"2020-12-31 00:00:00","REPORT_TYPE_SQ":"2020年年报","OPERATE_INCOME_SQ":162588856.84,"DPS_HKD":null,"OPERATE_INCOME_QOQ_SQ":-39.269452339029,"NET_PROFIT_RATIO_SQ":15.6526780584,"HOLDER_PROFIT_SQ":27400431.84,"HOLDER_PROFIT_QOQ_SQ":-13.659559475201,"ROE_AVG_SQ":2.686833599285,"PE_TTM_SQ":12.727504062177,"PB_TTM_SQ":0.168038638018,"ROA_SQ":1.687429978731,"START_DATE":"2021-01-01 00:00:00","FISCAL_YEAR":"12-31","CURRENCY":"HKD","IS_CNY_CODE":0,"DPS_HKD_LY":null,"ORG_TYPE":"一般企业","PREMIUM_INCOME":null,"PREMIUM_INCOME_YOY":null,"NET_INTEREST_INCOME":null,"NET_INTEREST_INCOME_YOY":null,"FEE_COMMISSION_INCOME":null,"FEE_COMMISSION_INCOME_YOY":null,"ACCOUNTS_RECE_TDAYS":0.118687239829,"INVENTORY_TDAYS":null,"CURRENT_ASSETS_TDAYS":0.04073943493,"TOTAL_ASSETS_TDAYS":0.035169927623,"PREMIUM_EXPENSE":null,"LOAN_DEPOSIT":null,"LOAN_EQUITY":null,"LOAN_ASSETS":null,"DEPOSIT_EQUITY":null,"DEPOSIT_ASSETS":null,"EQUITY_MULTIPLIER":2.975816576502,"EQUITY_RATIO":2.107810980477},{"SECUCODE":"00620.HK","SECURITY_CODE":"00620","SECURITY_NAME_ABBR":"大唐西市","ORG_CODE":"10009007","STD_REPORT_DATE":"2021-06-30 00:00:00","REPORT_DATE":"2021-06-30 00:00:00","DATE_TYPE_CODE":"002","REPORT_TYPE":"2021年中报","PER_NETCASH_OPERATE":-0.577260949373,"PER_OI":0.097909988751,"BPS":1.462073219794,"BASIC_EPS":0.00457644,"DILUTED_EPS":0.00457644,"OPERATE_INCOME":65357387.76,"OPERATE_INCOME_YOY":-46.7051607388,"GROSS_PROFIT":65357387.76,"GROSS_PROFIT_YOY":-51.452126190563,"HOLDER_PROFIT":3080360.16,"HOLDER_PROFIT_YOY":-86.6179872759,"GROSS_PROFIT_RATIO":null,"EPS_TTM":0.007807027519,"OPERATE_INCOME_QOQ":-42.602689794519,"NET_PROFIT_RATIO":8.6699682992,"ROE_AVG":0.317591724771,"GROSS_PROFIT_QOQ":-100.477727932156,"ROA":0.137894068525,"HOLDER_PROFIT_QOQ":-80.980636106646,"ROE_YEARLY":0.635183449542,"ROIC_YEARLY":0.297698505878,"TOTAL_ASSETS":2416939447.68,"TOTAL_LIABILITIES":1375187768.88,"TAX_EBT":64.806201550388,"OCF_SALES":-589.583306809935,"TOTAL_PARENT_EQUITY":975970762.32,"DEBT_ASSET_RATIO":56.8978991261,"OPERATE_PROFIT":16272988.56,"PRETAX_PROFIT":16100748,"NETCASH_OPERATE":-385336248,"NETCASH_INVEST":-84855518.4,"NETCASH_FINANCE":344851395.6,"END_CASH":32764814.16,"DIVI_RATIO":null,"DIVIDEND_RATE":null,"CURRENT_RATIO":2.047524767074,"COMMON_ACS":5000000000,"CURRENTDEBT_DEBT":73.864940694411,"ISSUED_COMMON_SHARES":667525230,"HK_COMMON_SHARES":667525230,"PER_SHARES":2000,"TOTAL_MARKET_CAP":166881307.5,"HKSK_MARKET_CAP":166881307.5,"PE_TTM":-0.55382312678,"PB_TTM":0.191161493426,"REPORT_DATE_SQ":"2020-06-30 00:00:00","REPORT_TYPE_SQ":"2020年中报","OPERATE_INCOME_SQ":134624614.08,"DPS_HKD":null,"OPERATE_INCOME_QOQ_SQ":26.951260722077,"NET_PROFIT_RATIO_SQ":18.2206782375,"HOLDER_PROFIT_SQ":25269404.16,"HOLDER_PROFIT_QOQ_SQ":244.425474649911,"ROE_AVG_SQ":2.334006604469,"PE_TTM_SQ":12.727504062177,"PB_TTM_SQ":0.168038638018,"ROA_SQ":1.490895588266,"START_DATE":"2021-01-01 00:00:00","FISCAL_YEAR":"12-31","CURRENCY":"HKD","IS_CNY_CODE":0,"DPS_HKD_LY":null,"ORG_TYPE":"一般企业","PREMIUM_INCOME":null,"PREMIUM_INCOME_YOY":null,"NET_INTEREST_INCOME":null,"NET_INTEREST_INCOME_YOY":null,"FEE_COMMISSION_INCOME":null,"FEE_COMMISSION_INCOME_YOY":null,"ACCOUNTS_RECE_TDAYS":0.093980192215,"INVENTORY_TDAYS":null,"CURRENT_ASSETS_TDAYS":0.034524537643,"TOTAL_ASSETS_TDAYS":0.02925760508,"PREMIUM_EXPENSE":null,"LOAN_DEPOSIT":null,"LOAN_EQUITY":null,"LOAN_ASSETS":null,"DEPOSIT_EQUITY":null,"DEPOSIT_ASSETS":null,"EQUITY_MULTIPLIER":2.32007252483,"EQUITY_RATIO":1.409046071842},{"SECUCODE":"00620.HK","SECURITY_CODE":"00620","SECURITY_NAME_ABBR":"大唐西市","ORG_CODE":"10009007","STD_REPORT_DATE":"2020-12-31 00:00:00","REPORT_DATE":"2020-12-31 00:00:00","DATE_TYPE_CODE":"001","REPORT_TYPE":"2020年年报","PER_NETCASH_OPERATE":-0.118901900622,"PER_OI":0.243569605362,"BPS":1.460509830078,"BASIC_EPS":0.041072032,"DILUTED_EPS":0.04081954,"OPERATE_INCOME":162588856.84,"OPERATE_INCOME_YOY":-17.9423246015,"GROSS_PROFIT":162588856.84,"GROSS_PROFIT_YOY":-22.901804100975,"HOLDER_PROFIT":27400431.84,"HOLDER_PROFIT_YOY":216.5078747813,"GROSS_PROFIT_RATIO":null,"EPS_TTM":0.041047784576,"OPERATE_INCOME_QOQ":-39.269452339029,"NET_PROFIT_RATIO":15.6526780584,"ROE_AVG":2.686833599285,"GROSS_PROFIT_QOQ":125.080184552375,"ROA":1.687429978731,"HOLDER_PROFIT_QOQ":-13.659559475201,"ROE_YEARLY":2.686833599285,"ROIC_YEARLY":2.019586064261,"TOTAL_ASSETS":2074342134.52,"TOTAL_LIABILITIES":1029264280.28,"TAX_EBT":-11.644091895532,"OCF_SALES":-48.816394987085,"TOTAL_PARENT_EQUITY":974927160.24,"DEBT_ASSET_RATIO":49.6188291773,"OPERATE_PROFIT":13483072.8,"PRETAX_PROFIT":11246835.32,"NETCASH_OPERATE":-79370018.56,"NETCASH_INVEST":-53934816.12,"NETCASH_FINANCE":-7252411.88,"END_CASH":162769809.44,"DIVI_RATIO":null,"DIVIDEND_RATE":null,"CURRENT_RATIO":1.705180197223,"COMMON_ACS":5000000000,"CURRENTDEBT_DEBT":98.337758508889,"ISSUED_COMMON_SHARES":667525230,"HK_COMMON_SHARES":667525230,"PER_SHARES":2000,"TOTAL_MARKET_CAP":166881307.5,"HKSK_MARKET_CAP":166881307.5,"PE_TTM":-0.55382312678,"PB_TTM":0.191161493426,"REPORT_DATE_SQ":"2019-12-31 00:00:00","REPORT_TYPE_SQ":"2019年年报","OPERATE_INCOME_SQ":210885423.38,"DPS_HKD":null,"OPERATE_INCOME_QOQ_SQ":33.5771311166,"NET_PROFIT_RATIO_SQ":3.4691042855,"HOLDER_PROFIT_SQ":9213993.08,"HOLDER_PROFIT_QOQ_SQ":111.516999867789,"ROE_AVG_SQ":1.070715524438,"PE_TTM_SQ":12.727504062177,"PB_TTM_SQ":0.168038638018,"ROA_SQ":0.925123959955,"START_DATE":"2020-01-01 00:00:00","FISCAL_YEAR":"12-31","CURRENCY":"HKD","IS_CNY_CODE":0,"DPS_HKD_LY":null,"ORG_TYPE":"一般企业","PREMIUM_INCOME":null,"PREMIUM_INCOME_YOY":null,"NET_INTEREST_INCOME":null,"NET_INTEREST_INCOME_YOY":null,"FEE_COMMISSION_INCOME":null,"FEE_COMMISSION_INCOME_YOY":null,"ACCOUNTS_RECE_TDAYS":0.340100807907,"INVENTORY_TDAYS":null,"CURRENT_ASSETS_TDAYS":0.128862202273,"TOTAL_ASSETS_TDAYS":0.100128827473,"PREMIUM_EXPENSE":null,"LOAN_DEPOSIT":null,"LOAN_EQUITY":null,"LOAN_ASSETS":null,"DEPOSIT_EQUITY":null,"DEPOSIT_ASSETS":null,"EQUITY_MULTIPLIER":1.984868520661,"EQUITY_RATIO":1.055734543314},{"SECUCODE":"00620.HK","SECURITY_CODE":"00620","SECURITY_NAME_ABBR":"大唐西市","ORG_CODE":"10009007","STD_REPORT_DATE":"2020-06-30 00:00:00","REPORT_DATE":"2020-06-30 00:00:00","DATE_TYPE_CODE":"002","REPORT_TYPE":"2020年中报","PER_NETCASH_OPERATE":-0.098827795988,"PER_OI":0.201689882276,"BPS":1.512775990445,"BASIC_EPS":0.037816416,"DILUTED_EPS":0.037542384,"OPERATE_INCOME":134624614.08,"OPERATE_INCOME_YOY":66.6651588827,"GROSS_PROFIT":134624614.08,"GROSS_PROFIT_YOY":73.065301059322,"HOLDER_PROFIT":25269404.16,"HOLDER_PROFIT_YOY":785.5313700384,"GROSS_PROFIT_RATIO":null,"EPS_TTM":0.047544774121,"OPERATE_INCOME_QOQ":26.951260722077,"NET_PROFIT_RATIO":18.2206782375,"ROE_AVG":2.334006604469,"GROSS_PROFIT_QOQ":26.951260722077,"ROA":1.490895588266,"HOLDER_PROFIT_QOQ":244.425474649911,"ROE_YEARLY":4.668013208938,"ROIC_YEARLY":3.437990893003,"TOTAL_ASSETS":2116487978.88,"TOTAL_LIABILITIES":1035248137.44,"TAX_EBT":-16.338880484115,"OCF_SALES":-48.999877868396,"TOTAL_PARENT_EQUITY":1009816140.96,"DEBT_ASSET_RATIO":48.9134900727,"OPERATE_PROFIT":9706213.44,"PRETAX_PROFIT":9056757.6,"NETCASH_OPERATE":-65965896.48,"NETCASH_INVEST":-220332689.28,"NETCASH_FINANCE":35780358.24,"END_CASH":51486959.04,"DIVI_RATIO":null,"DIVIDEND_RATE":null,"CURRENT_RATIO":1.73172739077,"COMMON_ACS":5000000000,"CURRENTDEBT_DEBT":97.987472548222,"ISSUED_COMMON_SHARES":667525230,"HK_COMMON_SHARES":667525230,"PER_SHARES":2000,"TOTAL_MARKET_CAP":166881307.5,"HKSK_MARKET_CAP":166881307.5,"PE_TTM":-0.55382312678,"PB_TTM":0.191161493426,"REPORT_DATE_SQ":"2019-06-30 00:00:00","REPORT_TYPE_SQ":"2019年中报","OPERATE_INCOME_SQ":77788333.8,"DPS_HKD":null,"OPERATE_INCOME_QOQ_SQ":20.255161565991,"NET_PROFIT_RATIO_SQ":2.5605566054,"HOLDER_PROFIT_SQ":2748057.84,"HOLDER_PROFIT_QOQ_SQ":28.052973608372,"ROE_AVG_SQ":0.47476121365,"PE_TTM_SQ":12.727504062177,"PB_TTM_SQ":0.168038638018,"ROA_SQ":0.387110364868,"START_DATE":"2020-01-01 00:00:00","FISCAL_YEAR":"12-31","CURRENCY":"HKD","IS_CNY_CODE":0,"DPS_HKD_LY":null,"ORG_TYPE":"一般企业","PREMIUM_INCOME":null,"PREMIUM_INCOME_YOY":null,"NET_INTEREST_INCOME":null,"NET_INTEREST_INCOME_YOY":null,"FEE_COMMISSION_INCOME":null,"FEE_COMMISSION_INCOME_YOY":null,"ACCOUNTS_RECE_TDAYS":0.267850149162,"INVENTORY_TDAYS":null,"CURRENT_ASSETS_TDAYS":0.102677857644,"TOTAL_ASSETS_TDAYS":0.079428561882,"PREMIUM_EXPENSE":null,"LOAN_DEPOSIT":null,"LOAN_EQUITY":null,"LOAN_ASSETS":null,"DEPOSIT_EQUITY":null,"DEPOSIT_ASSETS":null,"EQUITY_MULTIPLIER":1.957463920364,"EQUITY_RATIO":1.025184779138}],"count":47},"success":true,"message":"ok","code":0}