{"version":"0e3a3110c3edfa4feec4c606eb7eefc6","result":{"pages":5,"data":[{"SECUCODE":"00623.HK","SECURITY_CODE":"00623","SECURITY_NAME_ABBR":"中视金桥","ORG_CODE":"10125500","STD_REPORT_DATE":"2024-06-30 00:00:00","REPORT_DATE":"2024-06-30 00:00:00","DATE_TYPE_CODE":"002","REPORT_TYPE":"2024年中报","PER_NETCASH_OPERATE":0.190669965345,"PER_OI":0.721608485069,"BPS":3.561661663837,"BASIC_EPS":0.065,"DILUTED_EPS":0.065,"OPERATE_INCOME":333120000,"OPERATE_INCOME_YOY":-10.7149079194,"GROSS_PROFIT":70523000,"GROSS_PROFIT_YOY":71.551241820526,"HOLDER_PROFIT":29879000,"HOLDER_PROFIT_YOY":-29.6468095126,"GROSS_PROFIT_RATIO":21.170449087416,"EPS_TTM":0.182366875398,"OPERATE_INCOME_QOQ":-5.261266904964,"NET_PROFIT_RATIO":8.9448246878,"ROE_AVG":1.797209840595,"GROSS_PROFIT_QOQ":24.116359343101,"ROA":1.545416623457,"HOLDER_PROFIT_QOQ":-13.010188265928,"ROE_YEARLY":3.594419681189,"ROIC_YEARLY":6.150255059902,"TOTAL_ASSETS":1990417000,"TOTAL_LIABILITIES":355144000,"TAX_EBT":20.943991934414,"OCF_SALES":26.422910662824,"TOTAL_PARENT_EQUITY":1644189000,"DEBT_ASSET_RATIO":17.8426932648,"OPERATE_PROFIT":20863000,"PRETAX_PROFIT":37691000,"NETCASH_OPERATE":88020000,"NETCASH_INVEST":9168000,"NETCASH_FINANCE":-452000,"END_CASH":510612000,"DIVI_RATIO":0.347844968345,"DIVIDEND_RATE":3.703703703704,"CURRENT_RATIO":3.314238012366,"COMMON_ACS":null,"CURRENTDEBT_DEBT":99.504707949452,"ISSUED_COMMON_SHARES":461635370,"HK_COMMON_SHARES":461635370,"PER_SHARES":1000,"TOTAL_MARKET_CAP":872490849.3,"HKSK_MARKET_CAP":872490849.3,"PE_TTM":9.334767697819,"PB_TTM":0.484314728014,"REPORT_DATE_SQ":"2023-06-30 00:00:00","REPORT_TYPE_SQ":"2023年中报","OPERATE_INCOME_SQ":373097000,"DPS_HKD":0.07,"OPERATE_INCOME_QOQ_SQ":2.83061613087,"NET_PROFIT_RATIO_SQ":11.4069531516,"HOLDER_PROFIT_SQ":42470000,"HOLDER_PROFIT_QOQ_SQ":156.979443772672,"ROE_AVG_SQ":2.601398335828,"PE_TTM_SQ":3.464344266725,"PB_TTM_SQ":0.229921381812,"ROA_SQ":2.247433602281,"START_DATE":"2024-01-01 00:00:00","FISCAL_YEAR":"12-31","CURRENCY":"HKD","IS_CNY_CODE":0,"DPS_HKD_LY":0.07,"ORG_TYPE":"一般企业","PREMIUM_INCOME":null,"PREMIUM_INCOME_YOY":null,"NET_INTEREST_INCOME":null,"NET_INTEREST_INCOME_YOY":null,"FEE_COMMISSION_INCOME":null,"FEE_COMMISSION_INCOME_YOY":null,"ACCOUNTS_RECE_TDAYS":null,"INVENTORY_TDAYS":354.621201890614,"CURRENT_ASSETS_TDAYS":0.299953807546,"TOTAL_ASSETS_TDAYS":0.172297997124,"PREMIUM_EXPENSE":null,"LOAN_DEPOSIT":null,"LOAN_EQUITY":null,"LOAN_ASSETS":null,"DEPOSIT_EQUITY":null,"DEPOSIT_ASSETS":null,"EQUITY_MULTIPLIER":1.217177193044,"EQUITY_RATIO":0.215999498841},{"SECUCODE":"00623.HK","SECURITY_CODE":"00623","SECURITY_NAME_ABBR":"中视金桥","ORG_CODE":"10125500","STD_REPORT_DATE":"2023-12-31 00:00:00","REPORT_DATE":"2023-12-31 00:00:00","DATE_TYPE_CODE":"001","REPORT_TYPE":"2023年年报","PER_NETCASH_OPERATE":0.045791551891,"PER_OI":1.645965732652,"BPS":3.641085820612,"BASIC_EPS":0.21,"DILUTED_EPS":0.21,"OPERATE_INCOME":759836000,"OPERATE_INCOME_YOY":5.6075831492,"GROSS_PROFIT":121967000,"GROSS_PROFIT_YOY":-14.328561594763,"HOLDER_PROFIT":96778000,"HOLDER_PROFIT_YOY":134.045949214,"GROSS_PROFIT_RATIO":16.051753273075,"EPS_TTM":0.209641648559,"OPERATE_INCOME_QOQ":2.700525507666,"NET_PROFIT_RATIO":12.7062945162,"ROE_AVG":5.868002385327,"GROSS_PROFIT_QOQ":-27.748520517271,"ROA":5.22951326372,"HOLDER_PROFIT_QOQ":-8.924252547972,"ROE_YEARLY":5.868002385327,"ROIC_YEARLY":9.930155029772,"TOTAL_ASSETS":1876372000,"TOTAL_LIABILITIES":204352000,"TAX_EBT":25.329858157125,"OCF_SALES":2.782047705031,"TOTAL_PARENT_EQUITY":1680854000,"DEBT_ASSET_RATIO":10.8908041689,"OPERATE_PROFIT":99064000,"PRETAX_PROFIT":129298000,"NETCASH_OPERATE":21139000,"NETCASH_INVEST":-294330000,"NETCASH_FINANCE":-20432000,"END_CASH":416005000,"DIVI_RATIO":0.30258968309,"DIVIDEND_RATE":5.833333333333,"CURRENT_RATIO":5.303611207929,"COMMON_ACS":null,"CURRENTDEBT_DEBT":96.875489351707,"ISSUED_COMMON_SHARES":461635370,"HK_COMMON_SHARES":461635370,"PER_SHARES":1000,"TOTAL_MARKET_CAP":553962444,"HKSK_MARKET_CAP":553962444,"PE_TTM":5.926836633536,"PB_TTM":0.307501414612,"REPORT_DATE_SQ":"2022-12-31 00:00:00","REPORT_TYPE_SQ":"2022年年报","OPERATE_INCOME_SQ":719490000,"DPS_HKD":0.07,"OPERATE_INCOME_QOQ_SQ":-22.898706030487,"NET_PROFIT_RATIO_SQ":5.7012606152,"HOLDER_PROFIT_SQ":41350000,"HOLDER_PROFIT_QOQ_SQ":258.885686839577,"ROE_AVG_SQ":2.518930815905,"PE_TTM_SQ":3.542194699685,"PB_TTM_SQ":0.235088154437,"ROA_SQ":2.141380296971,"START_DATE":"2023-01-01 00:00:00","FISCAL_YEAR":"12-31","CURRENCY":"HKD","IS_CNY_CODE":0,"DPS_HKD_LY":0.045,"ORG_TYPE":"一般企业","PREMIUM_INCOME":null,"PREMIUM_INCOME_YOY":null,"NET_INTEREST_INCOME":null,"NET_INTEREST_INCOME_YOY":null,"FEE_COMMISSION_INCOME":null,"FEE_COMMISSION_INCOME_YOY":null,"ACCOUNTS_RECE_TDAYS":null,"INVENTORY_TDAYS":990.479813664596,"CURRENT_ASSETS_TDAYS":0.747895474797,"TOTAL_ASSETS_TDAYS":0.410586335764,"PREMIUM_EXPENSE":null,"LOAN_DEPOSIT":null,"LOAN_EQUITY":null,"LOAN_ASSETS":null,"DEPOSIT_EQUITY":null,"DEPOSIT_ASSETS":null,"EQUITY_MULTIPLIER":1.122218633748,"EQUITY_RATIO":0.121576293955},{"SECUCODE":"00623.HK","SECURITY_CODE":"00623","SECURITY_NAME_ABBR":"中视金桥","ORG_CODE":"10125500","STD_REPORT_DATE":"2023-06-30 00:00:00","REPORT_DATE":"2023-06-30 00:00:00","DATE_TYPE_CODE":"002","REPORT_TYPE":"2023年中报","PER_NETCASH_OPERATE":0.099903523424,"PER_OI":0.808207135428,"BPS":3.568881647869,"BASIC_EPS":0.092,"DILUTED_EPS":0.092,"OPERATE_INCOME":373097000,"OPERATE_INCOME_YOY":5.7738049675,"GROSS_PROFIT":41109000,"GROSS_PROFIT_YOY":180.301377335333,"HOLDER_PROFIT":42470000,"HOLDER_PROFIT_YOY":289.2518158727,"GROSS_PROFIT_RATIO":11.01831427216,"EPS_TTM":0.23018383535,"OPERATE_INCOME_QOQ":2.83061613087,"NET_PROFIT_RATIO":11.4069531516,"ROE_AVG":2.601398335828,"GROSS_PROFIT_QOQ":18.573957265077,"ROA":2.247433602281,"HOLDER_PROFIT_QOQ":156.979443772672,"ROE_YEARLY":5.202796671656,"ROIC_YEARLY":8.530930397692,"TOTAL_ASSETS":1954570000,"TOTAL_LIABILITIES":315680000,"TAX_EBT":33.796375515284,"OCF_SALES":12.361128607306,"TOTAL_PARENT_EQUITY":1647522000,"DEBT_ASSET_RATIO":16.1508669426,"OPERATE_PROFIT":51183000,"PRETAX_PROFIT":64285000,"NETCASH_OPERATE":46119000,"NETCASH_INVEST":-302165000,"NETCASH_FINANCE":-1026000,"END_CASH":459607000,"DIVI_RATIO":0.275585815587,"DIVIDEND_RATE":5.833333333333,"CURRENT_RATIO":3.509240129286,"COMMON_ACS":null,"CURRENTDEBT_DEBT":99.968322351749,"ISSUED_COMMON_SHARES":461635370,"HK_COMMON_SHARES":461635370,"PER_SHARES":1000,"TOTAL_MARKET_CAP":553962444,"HKSK_MARKET_CAP":553962444,"PE_TTM":5.926836633536,"PB_TTM":0.307501414612,"REPORT_DATE_SQ":"2022-06-30 00:00:00","REPORT_TYPE_SQ":"2022年中报","OPERATE_INCOME_SQ":352731000,"DPS_HKD":0.07,"OPERATE_INCOME_QOQ_SQ":-21.149447431416,"NET_PROFIT_RATIO_SQ":-6.3793655789,"HOLDER_PROFIT_SQ":-22441000,"HOLDER_PROFIT_QOQ_SQ":-170.189870003776,"ROE_AVG_SQ":-1.356265528518,"PE_TTM_SQ":3.542194699685,"PB_TTM_SQ":0.235088154437,"ROA_SQ":-1.129010632804,"START_DATE":"2023-01-01 00:00:00","FISCAL_YEAR":"12-31","CURRENCY":"HKD","IS_CNY_CODE":0,"DPS_HKD_LY":0.045,"ORG_TYPE":"一般企业","PREMIUM_INCOME":null,"PREMIUM_INCOME_YOY":null,"NET_INTEREST_INCOME":null,"NET_INTEREST_INCOME_YOY":null,"FEE_COMMISSION_INCOME":null,"FEE_COMMISSION_INCOME_YOY":null,"ACCOUNTS_RECE_TDAYS":null,"INVENTORY_TDAYS":396.167064439141,"CURRENT_ASSETS_TDAYS":0.357126824116,"TOTAL_ASSETS_TDAYS":0.197436010057,"PREMIUM_EXPENSE":null,"LOAN_DEPOSIT":null,"LOAN_EQUITY":null,"LOAN_ASSETS":null,"DEPOSIT_EQUITY":null,"DEPOSIT_ASSETS":null,"EQUITY_MULTIPLIER":1.192618174496,"EQUITY_RATIO":0.191608973962},{"SECUCODE":"00623.HK","SECURITY_CODE":"00623","SECURITY_NAME_ABBR":"中视金桥","ORG_CODE":"10125500","STD_REPORT_DATE":"2022-12-31 00:00:00","REPORT_DATE":"2022-12-31 00:00:00","DATE_TYPE_CODE":"001","REPORT_TYPE":"2022年年报","PER_NETCASH_OPERATE":-0.021283031237,"PER_OI":1.558567750127,"BPS":3.504161737,"BASIC_EPS":0.09,"DILUTED_EPS":0.09,"OPERATE_INCOME":719490000,"OPERATE_INCOME_YOY":-39.2052036675,"GROSS_PROFIT":142366000,"GROSS_PROFIT_YOY":-4.642424161236,"HOLDER_PROFIT":41350000,"HOLDER_PROFIT_YOY":11.5216570473,"GROSS_PROFIT_RATIO":19.787071397796,"EPS_TTM":0.089572859203,"OPERATE_INCOME_QOQ":-22.898706030487,"NET_PROFIT_RATIO":5.7012606152,"ROE_AVG":2.518930815905,"GROSS_PROFIT_QOQ":110.435605220759,"ROA":2.141380296971,"HOLDER_PROFIT_QOQ":258.885686839577,"ROE_YEARLY":2.518930815905,"ROIC_YEARLY":3.79152394964,"TOTAL_ASSETS":1824852000,"TOTAL_LIABILITIES":215628000,"TAX_EBT":33.1301044944,"OCF_SALES":-1.36555059834,"TOTAL_PARENT_EQUITY":1617645000,"DEBT_ASSET_RATIO":11.8161911213,"OPERATE_PROFIT":49046000,"PRETAX_PROFIT":61343000,"NETCASH_OPERATE":-9825000,"NETCASH_INVEST":-142176000,"NETCASH_FINANCE":-16711000,"END_CASH":704635000,"DIVI_RATIO":0.708198896012,"DIVIDEND_RATE":5.833333333333,"CURRENT_RATIO":4.897197799732,"COMMON_ACS":null,"CURRENTDEBT_DEBT":92.993952547907,"ISSUED_COMMON_SHARES":461635370,"HK_COMMON_SHARES":461635370,"PER_SHARES":1000,"TOTAL_MARKET_CAP":553962444,"HKSK_MARKET_CAP":553962444,"PE_TTM":5.926836633536,"PB_TTM":0.307501414612,"REPORT_DATE_SQ":"2021-12-31 00:00:00","REPORT_TYPE_SQ":"2021年年报","OPERATE_INCOME_SQ":1183473000,"DPS_HKD":0.07,"OPERATE_INCOME_QOQ_SQ":-4.283134279228,"NET_PROFIT_RATIO_SQ":3.0651311859,"HOLDER_PROFIT_SQ":37078000,"HOLDER_PROFIT_QOQ_SQ":-67.893943854666,"ROE_AVG_SQ":2.251351992187,"PE_TTM_SQ":3.542194699685,"PB_TTM_SQ":0.235088154437,"ROA_SQ":1.803831500012,"START_DATE":"2022-01-01 00:00:00","FISCAL_YEAR":"12-31","CURRENCY":"HKD","IS_CNY_CODE":0,"DPS_HKD_LY":0.04,"ORG_TYPE":"一般企业","PREMIUM_INCOME":null,"PREMIUM_INCOME_YOY":null,"NET_INTEREST_INCOME":null,"NET_INTEREST_INCOME_YOY":null,"FEE_COMMISSION_INCOME":null,"FEE_COMMISSION_INCOME_YOY":null,"ACCOUNTS_RECE_TDAYS":null,"INVENTORY_TDAYS":139.756386971788,"CURRENT_ASSETS_TDAYS":0.704340343551,"TOTAL_ASSETS_TDAYS":0.372600171673,"PREMIUM_EXPENSE":null,"LOAN_DEPOSIT":null,"LOAN_EQUITY":null,"LOAN_ASSETS":null,"DEPOSIT_EQUITY":null,"DEPOSIT_ASSETS":null,"EQUITY_MULTIPLIER":1.133995018718,"EQUITY_RATIO":0.133297478742},{"SECUCODE":"00623.HK","SECURITY_CODE":"00623","SECURITY_NAME_ABBR":"中视金桥","ORG_CODE":"10125500","STD_REPORT_DATE":"2022-06-30 00:00:00","REPORT_DATE":"2022-06-30 00:00:00","DATE_TYPE_CODE":"002","REPORT_TYPE":"2022年中报","PER_NETCASH_OPERATE":-0.008283594041,"PER_OI":0.764090065282,"BPS":3.560689034725,"BASIC_EPS":-0.048,"DILUTED_EPS":-0.048,"OPERATE_INCOME":352731000,"OPERATE_INCOME_YOY":-41.5067932056,"GROSS_PROFIT":14666000,"GROSS_PROFIT_YOY":-84.772090125636,"HOLDER_PROFIT":-22441000,"HOLDER_PROFIT_YOY":-155.189120063,"GROSS_PROFIT_RATIO":4.157842661972,"EPS_TTM":-0.056375662896,"OPERATE_INCOME_QOQ":-21.149447431416,"NET_PROFIT_RATIO":-6.3793655789,"ROE_AVG":-1.356265528518,"GROSS_PROFIT_QOQ":-54.685626636838,"ROA":-1.129010632804,"HOLDER_PROFIT_QOQ":-170.189870003776,"ROE_YEARLY":-2.712531057036,"ROIC_YEARLY":-3.902809758677,"TOTAL_ASSETS":1938196000,"TOTAL_LIABILITIES":302488000,"TAX_EBT":9.148901808786,"OCF_SALES":-1.084112255515,"TOTAL_PARENT_EQUITY":1643740000,"DEBT_ASSET_RATIO":15.6066775496,"OPERATE_PROFIT":-30747000,"PRETAX_PROFIT":-24768000,"NETCASH_OPERATE":-3824000,"NETCASH_INVEST":-3489000,"NETCASH_FINANCE":-15937000,"END_CASH":841710000,"DIVI_RATIO":-1.125226680119,"DIVIDEND_RATE":5.833333333333,"CURRENT_RATIO":3.348265237036,"COMMON_ACS":null,"CURRENTDEBT_DEBT":95.703631218429,"ISSUED_COMMON_SHARES":461635370,"HK_COMMON_SHARES":461635370,"PER_SHARES":1000,"TOTAL_MARKET_CAP":553962444,"HKSK_MARKET_CAP":553962444,"PE_TTM":5.926836633536,"PB_TTM":0.307501414612,"REPORT_DATE_SQ":"2021-06-30 00:00:00","REPORT_TYPE_SQ":"2021年中报","OPERATE_INCOME_SQ":603029000,"DPS_HKD":0.07,"OPERATE_INCOME_QOQ_SQ":5.143429083113,"NET_PROFIT_RATIO_SQ":6.769657844,"HOLDER_PROFIT_SQ":40662000,"HOLDER_PROFIT_QOQ_SQ":32.418332129384,"ROE_AVG_SQ":2.460253521919,"PE_TTM_SQ":3.542194699685,"PB_TTM_SQ":0.235088154437,"ROA_SQ":1.956482671233,"START_DATE":"2022-01-01 00:00:00","FISCAL_YEAR":"12-31","CURRENCY":"HKD","IS_CNY_CODE":0,"DPS_HKD_LY":0.04,"ORG_TYPE":"一般企业","PREMIUM_INCOME":null,"PREMIUM_INCOME_YOY":null,"NET_INTEREST_INCOME":null,"NET_INTEREST_INCOME_YOY":null,"FEE_COMMISSION_INCOME":null,"FEE_COMMISSION_INCOME_YOY":null,"ACCOUNTS_RECE_TDAYS":2.905383588949,"INVENTORY_TDAYS":48.485478666189,"CURRENT_ASSETS_TDAYS":0.347462940626,"TOTAL_ASSETS_TDAYS":0.177459582692,"PREMIUM_EXPENSE":null,"LOAN_DEPOSIT":null,"LOAN_EQUITY":null,"LOAN_ASSETS":null,"DEPOSIT_EQUITY":null,"DEPOSIT_ASSETS":null,"EQUITY_MULTIPLIER":1.184927872211,"EQUITY_RATIO":0.18402423741},{"SECUCODE":"00623.HK","SECURITY_CODE":"00623","SECURITY_NAME_ABBR":"中视金桥","ORG_CODE":"10125500","STD_REPORT_DATE":"2021-12-31 00:00:00","REPORT_DATE":"2021-12-31 00:00:00","DATE_TYPE_CODE":"001","REPORT_TYPE":"2021年年报","PER_NETCASH_OPERATE":0.092003348877,"PER_OI":2.563653214007,"BPS":3.607812806891,"BASIC_EPS":0.08,"DILUTED_EPS":0.08,"OPERATE_INCOME":1183473000,"OPERATE_INCOME_YOY":0.6399948297,"GROSS_PROFIT":149297000,"GROSS_PROFIT_YOY":-30.941764188908,"HOLDER_PROFIT":37078000,"HOLDER_PROFIT_YOY":-57.4856959398,"GROSS_PROFIT_RATIO":12.615158943212,"EPS_TTM":0.080318802262,"OPERATE_INCOME_QOQ":-4.283134279228,"NET_PROFIT_RATIO":3.0651311859,"ROE_AVG":2.251351992187,"GROSS_PROFIT_QOQ":-44.670387500371,"ROA":1.803831500012,"HOLDER_PROFIT_QOQ":-67.893943854666,"ROE_YEARLY":2.251351992187,"ROIC_YEARLY":3.045657342603,"TOTAL_ASSETS":2037143000,"TOTAL_LIABILITIES":379620000,"TAX_EBT":33.537925980213,"OCF_SALES":3.588759523876,"TOTAL_PARENT_EQUITY":1665494000,"DEBT_ASSET_RATIO":18.6349215544,"OPERATE_PROFIT":40625000,"PRETAX_PROFIT":54580000,"NETCASH_OPERATE":42472000,"NETCASH_INVEST":71203000,"NETCASH_FINANCE":-43391000,"END_CASH":849648000,"DIVI_RATIO":0.789795144023,"DIVIDEND_RATE":5.833333333333,"CURRENT_RATIO":2.904345184001,"COMMON_ACS":null,"CURRENTDEBT_DEBT":96.234128865708,"ISSUED_COMMON_SHARES":461635370,"HK_COMMON_SHARES":461635370,"PER_SHARES":1000,"TOTAL_MARKET_CAP":553962444,"HKSK_MARKET_CAP":553962444,"PE_TTM":5.926836633536,"PB_TTM":0.307501414612,"REPORT_DATE_SQ":"2020-12-31 00:00:00","REPORT_TYPE_SQ":"2020年年报","OPERATE_INCOME_SQ":1175947000,"DPS_HKD":0.07,"OPERATE_INCOME_QOQ_SQ":-14.949401292017,"NET_PROFIT_RATIO_SQ":7.4244842667,"HOLDER_PROFIT_SQ":87213000,"HOLDER_PROFIT_QOQ_SQ":-35.676038470616,"ROE_AVG_SQ":5.434183897274,"PE_TTM_SQ":3.542194699685,"PB_TTM_SQ":0.235088154437,"ROA_SQ":4.30923543472,"START_DATE":"2021-01-01 00:00:00","FISCAL_YEAR":"12-31","CURRENCY":"HKD","IS_CNY_CODE":0,"DPS_HKD_LY":0.09,"ORG_TYPE":"一般企业","PREMIUM_INCOME":null,"PREMIUM_INCOME_YOY":null,"NET_INTEREST_INCOME":null,"NET_INTEREST_INCOME_YOY":null,"FEE_COMMISSION_INCOME":null,"FEE_COMMISSION_INCOME_YOY":null,"ACCOUNTS_RECE_TDAYS":null,"INVENTORY_TDAYS":133.184288473921,"CURRENT_ASSETS_TDAYS":1.104139989672,"TOTAL_ASSETS_TDAYS":0.575755401266,"PREMIUM_EXPENSE":null,"LOAN_DEPOSIT":null,"LOAN_EQUITY":null,"LOAN_ASSETS":null,"DEPOSIT_EQUITY":null,"DEPOSIT_ASSETS":null,"EQUITY_MULTIPLIER":1.229028496136,"EQUITY_RATIO":0.227932373218},{"SECUCODE":"00623.HK","SECURITY_CODE":"00623","SECURITY_NAME_ABBR":"中视金桥","ORG_CODE":"10125500","STD_REPORT_DATE":"2021-06-30 00:00:00","REPORT_DATE":"2021-06-30 00:00:00","DATE_TYPE_CODE":"002","REPORT_TYPE":"2021年中报","PER_NETCASH_OPERATE":0.079526152326,"PER_OI":1.300552587493,"BPS":3.633092498956,"BASIC_EPS":0.087,"DILUTED_EPS":0.087,"OPERATE_INCOME":603029000,"OPERATE_INCOME_YOY":11.1481996885,"GROSS_PROFIT":96310000,"GROSS_PROFIT_YOY":125.719508765351,"HOLDER_PROFIT":40662000,"HOLDER_PROFIT_YOY":228.2105093228,"GROSS_PROFIT_RATIO":15.971039535412,"EPS_TTM":0.249068645321,"OPERATE_INCOME_QOQ":5.143429083113,"NET_PROFIT_RATIO":6.769657844,"ROE_AVG":2.460253521919,"GROSS_PROFIT_QOQ":24.812433507563,"ROA":1.956482671233,"HOLDER_PROFIT_QOQ":32.418332129384,"ROE_YEARLY":4.920507043839,"ROIC_YEARLY":6.565725883932,"TOTAL_ASSETS":2082759000,"TOTAL_LIABILITIES":412602000,"TAX_EBT":38.152592188589,"OCF_SALES":6.114797132476,"TOTAL_PARENT_EQUITY":1677164000,"DEBT_ASSET_RATIO":19.8103573193,"OPERATE_PROFIT":58934000,"PRETAX_PROFIT":66006000,"NETCASH_OPERATE":36874000,"NETCASH_INVEST":68426000,"NETCASH_FINANCE":-38445000,"END_CASH":851883000,"DIVI_RATIO":0.254690428489,"DIVIDEND_RATE":5.833333333333,"CURRENT_RATIO":2.73006797127,"COMMON_ACS":null,"CURRENTDEBT_DEBT":94.312436682323,"ISSUED_COMMON_SHARES":461635370,"HK_COMMON_SHARES":461635370,"PER_SHARES":1000,"TOTAL_MARKET_CAP":553962444,"HKSK_MARKET_CAP":553962444,"PE_TTM":5.926836633536,"PB_TTM":0.307501414612,"REPORT_DATE_SQ":"2020-06-30 00:00:00","REPORT_TYPE_SQ":"2020年中报","OPERATE_INCOME_SQ":542545000,"DPS_HKD":0.07,"OPERATE_INCOME_QOQ_SQ":-7.627472503245,"NET_PROFIT_RATIO_SQ":2.2704107493,"HOLDER_PROFIT_SQ":12389000,"HOLDER_PROFIT_QOQ_SQ":413.51740332538,"ROE_AVG_SQ":0.783651916607,"PE_TTM_SQ":3.542194699685,"PB_TTM_SQ":0.235088154437,"ROA_SQ":0.638829038593,"START_DATE":"2021-01-01 00:00:00","FISCAL_YEAR":"12-31","CURRENCY":"HKD","IS_CNY_CODE":0,"DPS_HKD_LY":0.09,"ORG_TYPE":"一般企业","PREMIUM_INCOME":null,"PREMIUM_INCOME_YOY":null,"NET_INTEREST_INCOME":null,"NET_INTEREST_INCOME_YOY":null,"FEE_COMMISSION_INCOME":null,"FEE_COMMISSION_INCOME_YOY":null,"ACCOUNTS_RECE_TDAYS":2.724495789207,"INVENTORY_TDAYS":66.577190907896,"CURRENT_ASSETS_TDAYS":0.562254579054,"TOTAL_ASSETS_TDAYS":0.290151932701,"PREMIUM_EXPENSE":null,"LOAN_DEPOSIT":null,"LOAN_EQUITY":null,"LOAN_ASSETS":null,"DEPOSIT_EQUITY":null,"DEPOSIT_ASSETS":null,"EQUITY_MULTIPLIER":1.247043840789,"EQUITY_RATIO":0.246011719784},{"SECUCODE":"00623.HK","SECURITY_CODE":"00623","SECURITY_NAME_ABBR":"中视金桥","ORG_CODE":"10125500","STD_REPORT_DATE":"2020-12-31 00:00:00","REPORT_DATE":"2020-12-31 00:00:00","DATE_TYPE_CODE":"001","REPORT_TYPE":"2020年年报","PER_NETCASH_OPERATE":0.61918310701,"PER_OI":2.50966472548,"BPS":3.527348868437,"BASIC_EPS":0.181,"DILUTED_EPS":0.181,"OPERATE_INCOME":1175947000,"OPERATE_INCOME_YOY":-21.4366123223,"GROSS_PROFIT":216190000,"GROSS_PROFIT_YOY":67.870232326997,"HOLDER_PROFIT":87213000,"HOLDER_PROFIT_YOY":230.3147369617,"GROSS_PROFIT_RATIO":18.384331946933,"EPS_TTM":0.186126917032,"OPERATE_INCOME_QOQ":-14.949401292017,"NET_PROFIT_RATIO":7.4244842667,"ROE_AVG":5.434183897274,"GROSS_PROFIT_QOQ":3.175587965791,"ROA":4.30923543472,"HOLDER_PROFIT_QOQ":-35.676038470616,"ROE_YEARLY":5.434183897274,"ROIC_YEARLY":6.695504738551,"TOTAL_ASSETS":2073884000,"TOTAL_LIABILITIES":452103000,"TAX_EBT":37.443665049761,"OCF_SALES":24.671945249233,"TOTAL_PARENT_EQUITY":1628349000,"DEBT_ASSET_RATIO":21.7998210122,"OPERATE_PROFIT":125385000,"PRETAX_PROFIT":139567000,"NETCASH_OPERATE":290129000,"NETCASH_INVEST":-45211000,"NETCASH_FINANCE":-30770000,"END_CASH":788084000,"DIVI_RATIO":0.34081798061,"DIVIDEND_RATE":5.833333333333,"CURRENT_RATIO":2.49050310429,"COMMON_ACS":null,"CURRENTDEBT_DEBT":96.155300893823,"ISSUED_COMMON_SHARES":461635370,"HK_COMMON_SHARES":461635370,"PER_SHARES":1000,"TOTAL_MARKET_CAP":553962444,"HKSK_MARKET_CAP":553962444,"PE_TTM":5.926836633536,"PB_TTM":0.307501414612,"REPORT_DATE_SQ":"2019-12-31 00:00:00","REPORT_TYPE_SQ":"2019年年报","OPERATE_INCOME_SQ":1496813000,"DPS_HKD":0.07,"OPERATE_INCOME_QOQ_SQ":2.990397371043,"NET_PROFIT_RATIO_SQ":1.8280172607,"HOLDER_PROFIT_SQ":26403000,"HOLDER_PROFIT_QOQ_SQ":146.692132208605,"ROE_AVG_SQ":1.661713560685,"PE_TTM_SQ":3.542194699685,"PB_TTM_SQ":0.235088154437,"ROA_SQ":1.332262262358,"START_DATE":"2020-01-01 00:00:00","FISCAL_YEAR":"12-31","CURRENCY":"HKD","IS_CNY_CODE":0,"DPS_HKD_LY":0.0241,"ORG_TYPE":"一般企业","PREMIUM_INCOME":null,"PREMIUM_INCOME_YOY":null,"NET_INTEREST_INCOME":null,"NET_INTEREST_INCOME_YOY":null,"FEE_COMMISSION_INCOME":null,"FEE_COMMISSION_INCOME_YOY":null,"ACCOUNTS_RECE_TDAYS":4.134195131555,"INVENTORY_TDAYS":null,"CURRENT_ASSETS_TDAYS":1.160174428643,"TOTAL_ASSETS_TDAYS":0.581040955104,"PREMIUM_EXPENSE":null,"LOAN_DEPOSIT":null,"LOAN_EQUITY":null,"LOAN_ASSETS":null,"DEPOSIT_EQUITY":null,"DEPOSIT_ASSETS":null,"EQUITY_MULTIPLIER":1.27876945161,"EQUITY_RATIO":0.277645025729},{"SECUCODE":"00623.HK","SECURITY_CODE":"00623","SECURITY_NAME_ABBR":"中视金桥","ORG_CODE":"10125500","STD_REPORT_DATE":"2020-06-30 00:00:00","REPORT_DATE":"2020-06-30 00:00:00","DATE_TYPE_CODE":"002","REPORT_TYPE":"2020年中报","PER_NETCASH_OPERATE":0.31854860185,"PER_OI":1.121277272962,"BPS":3.4235245016,"BASIC_EPS":0.025,"DILUTED_EPS":0.025,"OPERATE_INCOME":542545000,"OPERATE_INCOME_YOY":-17.384889008,"GROSS_PROFIT":42668000,"GROSS_PROFIT_YOY":212.036550782481,"HOLDER_PROFIT":12389000,"HOLDER_PROFIT_YOY":112.7996115381,"GROSS_PROFIT_RATIO":7.864416776489,"EPS_TTM":0.280211333212,"OPERATE_INCOME_QOQ":-7.627472503245,"NET_PROFIT_RATIO":2.2704107493,"ROE_AVG":0.783651916607,"GROSS_PROFIT_QOQ":62.703441421295,"ROA":0.638829038593,"HOLDER_PROFIT_QOQ":413.51740332538,"ROE_YEARLY":1.567303833215,"ROIC_YEARLY":1.949372794928,"TOTAL_ASSETS":1904818000,"TOTAL_LIABILITIES":330877000,"TAX_EBT":67.131840862396,"OCF_SALES":28.409440691556,"TOTAL_PARENT_EQUITY":1580420000,"DEBT_ASSET_RATIO":17.3705309379,"OPERATE_PROFIT":31279000,"PRETAX_PROFIT":37477000,"NETCASH_OPERATE":154134000,"NETCASH_INVEST":-33492000,"NETCASH_FINANCE":-7232000,"END_CASH":697471000,"DIVI_RATIO":0.226384133978,"DIVIDEND_RATE":5.833333333333,"CURRENT_RATIO":2.880220254734,"COMMON_ACS":null,"CURRENTDEBT_DEBT":93.088065958045,"ISSUED_COMMON_SHARES":461635370,"HK_COMMON_SHARES":461635370,"PER_SHARES":1000,"TOTAL_MARKET_CAP":553962444,"HKSK_MARKET_CAP":553962444,"PE_TTM":5.926836633536,"PB_TTM":0.307501414612,"REPORT_DATE_SQ":"2019-06-30 00:00:00","REPORT_TYPE_SQ":"2019年中报","OPERATE_INCOME_SQ":656714000,"DPS_HKD":0.07,"OPERATE_INCOME_QOQ_SQ":-10.048375197437,"NET_PROFIT_RATIO_SQ":-14.726197401,"HOLDER_PROFIT_SQ":-96792000,"HOLDER_PROFIT_QOQ_SQ":-168.853117732293,"ROE_AVG_SQ":-6.338416928115,"PE_TTM_SQ":3.542194699685,"PB_TTM_SQ":0.235088154437,"ROA_SQ":-5.017454981078,"START_DATE":"2020-01-01 00:00:00","FISCAL_YEAR":"12-31","CURRENCY":"HKD","IS_CNY_CODE":0,"DPS_HKD_LY":0.0241,"ORG_TYPE":"一般企业","PREMIUM_INCOME":null,"PREMIUM_INCOME_YOY":null,"NET_INTEREST_INCOME":null,"NET_INTEREST_INCOME_YOY":null,"FEE_COMMISSION_INCOME":null,"FEE_COMMISSION_INCOME_YOY":null,"ACCOUNTS_RECE_TDAYS":2.259620290332,"INVENTORY_TDAYS":null,"CURRENT_ASSETS_TDAYS":0.592413154521,"TOTAL_ASSETS_TDAYS":0.279759061057,"PREMIUM_EXPENSE":null,"LOAN_DEPOSIT":null,"LOAN_EQUITY":null,"LOAN_ASSETS":null,"DEPOSIT_EQUITY":null,"DEPOSIT_ASSETS":null,"EQUITY_MULTIPLIER":1.210221984179,"EQUITY_RATIO":0.209360170081}],"count":37},"success":true,"message":"ok","code":0}