{"version":"cb02b08246ea631cf15215a7c81aa0a8","result":{"pages":6,"data":[{"SECUCODE":"00628.HK","SECURITY_CODE":"00628","SECURITY_NAME_ABBR":"通通AI社交","ORG_CODE":"10009013","STD_REPORT_DATE":"2024-06-30 00:00:00","REPORT_DATE":"2024-06-30 00:00:00","DATE_TYPE_CODE":"002","REPORT_TYPE":"2024年中报","PER_NETCASH_OPERATE":-0.017125339652,"PER_OI":0.011690551944,"BPS":0.430574694798,"BASIC_EPS":0.0089,"DILUTED_EPS":null,"OPERATE_INCOME":60804000,"OPERATE_INCOME_YOY":53.7123644361,"GROSS_PROFIT":60804000,"GROSS_PROFIT_YOY":53.71236443613,"HOLDER_PROFIT":25275000,"HOLDER_PROFIT_YOY":1233.9165545087,"GROSS_PROFIT_RATIO":null,"EPS_TTM":0.012401359959,"OPERATE_INCOME_QOQ":25.903394128548,"NET_PROFIT_RATIO":41.7538319847,"ROE_AVG":1.288335959279,"GROSS_PROFIT_QOQ":25.903394128548,"ROA":1.205623859666,"HOLDER_PROFIT_QOQ":74.341162796984,"ROE_YEARLY":2.576671918558,"ROIC_YEARLY":2.87327166741,"TOTAL_ASSETS":2490644000,"TOTAL_LIABILITIES":55401000,"TAX_EBT":24.431479938088,"OCF_SALES":-146.48871784751,"TOTAL_PARENT_EQUITY":2239472000,"DEBT_ASSET_RATIO":2.2243644616,"OPERATE_PROFIT":33603000,"PRETAX_PROFIT":33596000,"NETCASH_OPERATE":-89071000,"NETCASH_INVEST":-7689000,"NETCASH_FINANCE":-670000,"END_CASH":194058000,"DIVI_RATIO":null,"DIVIDEND_RATE":null,"CURRENT_RATIO":26.051623616902,"COMMON_ACS":60000000000,"CURRENTDEBT_DEBT":100,"ISSUED_COMMON_SHARES":5201123120,"HK_COMMON_SHARES":5201123120,"PER_SHARES":2000,"TOTAL_MARKET_CAP":1352292011.2,"HKSK_MARKET_CAP":1352292011.2,"PE_TTM":19.063438160998,"PB_TTM":0.551116456371,"REPORT_DATE_SQ":"2023-06-30 00:00:00","REPORT_TYPE_SQ":"2023年中报","OPERATE_INCOME_SQ":39557000,"DPS_HKD":null,"OPERATE_INCOME_QOQ_SQ":0.163302958152,"NET_PROFIT_RATIO_SQ":-5.6349065905,"HOLDER_PROFIT_SQ":-2229000,"HOLDER_PROFIT_QOQ_SQ":-87.974459028024,"ROE_AVG_SQ":-0.135311836417,"PE_TTM_SQ":-53.693023612013,"PB_TTM_SQ":0.355062939449,"ROA_SQ":-0.113530994751,"START_DATE":"2024-01-01 00:00:00","FISCAL_YEAR":"12-31","CURRENCY":"HKD","IS_CNY_CODE":0,"DPS_HKD_LY":null,"ORG_TYPE":"一般企业","PREMIUM_INCOME":null,"PREMIUM_INCOME_YOY":null,"NET_INTEREST_INCOME":null,"NET_INTEREST_INCOME_YOY":null,"FEE_COMMISSION_INCOME":null,"FEE_COMMISSION_INCOME_YOY":null,"ACCOUNTS_RECE_TDAYS":0.053814588193,"INVENTORY_TDAYS":null,"CURRENT_ASSETS_TDAYS":0.043839148308,"TOTAL_ASSETS_TDAYS":0.029003660994,"PREMIUM_EXPENSE":null,"LOAN_DEPOSIT":null,"LOAN_EQUITY":null,"LOAN_ASSETS":null,"DEPOSIT_EQUITY":null,"DEPOSIT_ASSETS":null,"EQUITY_MULTIPLIER":1.022749680422,"EQUITY_RATIO":0.024738420485},{"SECUCODE":"00628.HK","SECURITY_CODE":"00628","SECURITY_NAME_ABBR":"通通AI社交","ORG_CODE":"10009013","STD_REPORT_DATE":"2023-12-31 00:00:00","REPORT_DATE":"2023-12-31 00:00:00","DATE_TYPE_CODE":"001","REPORT_TYPE":"2023年年报","PER_NETCASH_OPERATE":-0.031189988852,"PER_OI":0.030366627642,"BPS":0.323813522799,"BASIC_EPS":0.0137,"DILUTED_EPS":null,"OPERATE_INCOME":82024000,"OPERATE_INCOME_YOY":2.2500903776,"GROSS_PROFIT":82024000,"GROSS_PROFIT_YOY":2.250090377591,"HOLDER_PROFIT":36997000,"HOLDER_PROFIT_YOY":756.207875133,"GROSS_PROFIT_RATIO":null,"EPS_TTM":0.01369689509,"OPERATE_INCOME_QOQ":2.083385189795,"NET_PROFIT_RATIO":45.1050911928,"ROE_AVG":2.231081607522,"GROSS_PROFIT_QOQ":2.083385189795,"ROA":1.979420913582,"HOLDER_PROFIT_QOQ":449.094168711078,"ROE_YEARLY":2.231081607522,"ROIC_YEARLY":2.348508147921,"TOTAL_ASSETS":1702206000,"TOTAL_LIABILITIES":18011000,"TAX_EBT":19.718340421838,"OCF_SALES":-102.711401541012,"TOTAL_PARENT_EQUITY":1684194000,"DEBT_ASSET_RATIO":1.0580975511,"OPERATE_PROFIT":46084000,"PRETAX_PROFIT":46084000,"NETCASH_OPERATE":-84248000,"NETCASH_INVEST":443163000,"NETCASH_FINANCE":-391744000,"END_CASH":284383000,"DIVI_RATIO":null,"DIVIDEND_RATE":null,"CURRENT_RATIO":73.881128199434,"COMMON_ACS":60000000000,"CURRENTDEBT_DEBT":100,"ISSUED_COMMON_SHARES":5201123120,"HK_COMMON_SHARES":5201123120,"PER_SHARES":2000,"TOTAL_MARKET_CAP":1638353782.8,"HKSK_MARKET_CAP":1638353782.8,"PE_TTM":23.096088541209,"PB_TTM":0.66769878368,"REPORT_DATE_SQ":"2022-12-31 00:00:00","REPORT_TYPE_SQ":"2022年年报","OPERATE_INCOME_SQ":80219000,"DPS_HKD":null,"OPERATE_INCOME_QOQ_SQ":0.503652104188,"NET_PROFIT_RATIO_SQ":-7.0282601379,"HOLDER_PROFIT_SQ":-5638000,"HOLDER_PROFIT_QOQ_SQ":95.797805736092,"ROE_AVG_SQ":-0.354105580366,"PE_TTM_SQ":-62.302031617315,"PB_TTM_SQ":0.41199286223,"ROA_SQ":-0.251746665518,"START_DATE":"2023-01-01 00:00:00","FISCAL_YEAR":"12-31","CURRENCY":"HKD","IS_CNY_CODE":0,"DPS_HKD_LY":null,"ORG_TYPE":"一般企业","PREMIUM_INCOME":null,"PREMIUM_INCOME_YOY":null,"NET_INTEREST_INCOME":null,"NET_INTEREST_INCOME_YOY":null,"FEE_COMMISSION_INCOME":null,"FEE_COMMISSION_INCOME_YOY":null,"ACCOUNTS_RECE_TDAYS":0.083496757558,"INVENTORY_TDAYS":null,"CURRENT_ASSETS_TDAYS":0.054778273012,"TOTAL_ASSETS_TDAYS":0.043884644975,"PREMIUM_EXPENSE":null,"LOAN_DEPOSIT":null,"LOAN_EQUITY":null,"LOAN_ASSETS":null,"DEPOSIT_EQUITY":null,"DEPOSIT_ASSETS":null,"EQUITY_MULTIPLIER":1.010694129837,"EQUITY_RATIO":0.010694136186},{"SECUCODE":"00628.HK","SECURITY_CODE":"00628","SECURITY_NAME_ABBR":"通通AI社交","ORG_CODE":"10009013","STD_REPORT_DATE":"2023-06-30 00:00:00","REPORT_DATE":"2023-06-30 00:00:00","DATE_TYPE_CODE":"002","REPORT_TYPE":"2023年中报","PER_NETCASH_OPERATE":-0.045199716776,"PER_OI":0.014644649001,"BPS":0.319603662834,"BASIC_EPS":-0.0008,"DILUTED_EPS":null,"OPERATE_INCOME":39557000,"OPERATE_INCOME_YOY":0.3322680465,"GROSS_PROFIT":39557000,"GROSS_PROFIT_YOY":0.332268046467,"HOLDER_PROFIT":-2229000,"HOLDER_PROFIT_YOY":-181.6184547785,"GROSS_PROFIT_RATIO":null,"EPS_TTM":-0.003923553103,"OPERATE_INCOME_QOQ":0.163302958152,"NET_PROFIT_RATIO":-5.6349065905,"ROE_AVG":-0.135311836417,"GROSS_PROFIT_QOQ":0.163302958152,"ROA":-0.113530994751,"HOLDER_PROFIT_QOQ":-87.974459028024,"ROE_YEARLY":-0.270623672833,"ROIC_YEARLY":-0.262001727284,"TOTAL_ASSETS":1890723000,"TOTAL_LIABILITIES":228425000,"TAX_EBT":163.576725613234,"OCF_SALES":-308.643223702505,"TOTAL_PARENT_EQUITY":1662298000,"DEBT_ASSET_RATIO":12.0813572374,"OPERATE_PROFIT":8078000,"PRETAX_PROFIT":3506000,"NETCASH_OPERATE":-122090000,"NETCASH_INVEST":190217000,"NETCASH_FINANCE":-177365000,"END_CASH":220551000,"DIVI_RATIO":null,"DIVIDEND_RATE":null,"CURRENT_RATIO":6.64924592317,"COMMON_ACS":60000000000,"CURRENTDEBT_DEBT":100,"ISSUED_COMMON_SHARES":5201123120,"HK_COMMON_SHARES":5201123120,"PER_SHARES":2000,"TOTAL_MARKET_CAP":1638353782.8,"HKSK_MARKET_CAP":1638353782.8,"PE_TTM":23.096088541209,"PB_TTM":0.66769878368,"REPORT_DATE_SQ":"2022-06-30 00:00:00","REPORT_TYPE_SQ":"2022年中报","OPERATE_INCOME_SQ":39426000,"DPS_HKD":null,"OPERATE_INCOME_QOQ_SQ":3.121406700172,"NET_PROFIT_RATIO_SQ":6.9269010298,"HOLDER_PROFIT_SQ":2731000,"HOLDER_PROFIT_QOQ_SQ":-4.832673089395,"ROE_AVG_SQ":0.173433328983,"PE_TTM_SQ":-62.302031617315,"PB_TTM_SQ":0.41199286223,"ROA_SQ":0.110663890142,"START_DATE":"2023-01-01 00:00:00","FISCAL_YEAR":"12-31","CURRENCY":"HKD","IS_CNY_CODE":0,"DPS_HKD_LY":null,"ORG_TYPE":"一般企业","PREMIUM_INCOME":null,"PREMIUM_INCOME_YOY":null,"NET_INTEREST_INCOME":null,"NET_INTEREST_INCOME_YOY":null,"FEE_COMMISSION_INCOME":null,"FEE_COMMISSION_INCOME_YOY":null,"ACCOUNTS_RECE_TDAYS":0.040445817053,"INVENTORY_TDAYS":null,"CURRENT_ASSETS_TDAYS":0.024855597568,"TOTAL_ASSETS_TDAYS":0.020147804214,"PREMIUM_EXPENSE":null,"LOAN_DEPOSIT":null,"LOAN_EQUITY":null,"LOAN_ASSETS":null,"DEPOSIT_EQUITY":null,"DEPOSIT_ASSETS":null,"EQUITY_MULTIPLIER":1.137415192703,"EQUITY_RATIO":0.137415192703},{"SECUCODE":"00628.HK","SECURITY_CODE":"00628","SECURITY_NAME_ABBR":"通通AI社交","ORG_CODE":"10009013","STD_REPORT_DATE":"2022-12-31 00:00:00","REPORT_DATE":"2022-12-31 00:00:00","DATE_TYPE_CODE":"001","REPORT_TYPE":"2022年年报","PER_NETCASH_OPERATE":-0.008016295088,"PER_OI":0.029698387092,"BPS":0.313838754119,"BASIC_EPS":-0.0021,"DILUTED_EPS":null,"OPERATE_INCOME":80219000,"OPERATE_INCOME_YOY":3.6407798349,"GROSS_PROFIT":80219000,"GROSS_PROFIT_YOY":3.640779834886,"HOLDER_PROFIT":-5638000,"HOLDER_PROFIT_YOY":95.5947274247,"GROSS_PROFIT_RATIO":null,"EPS_TTM":-0.002087279902,"OPERATE_INCOME_QOQ":0.503652104188,"NET_PROFIT_RATIO":-7.0282601379,"ROE_AVG":-0.354105580366,"GROSS_PROFIT_QOQ":0.503652104188,"ROA":-0.251746665518,"HOLDER_PROFIT_QOQ":95.797805736092,"ROE_YEARLY":-0.354105580366,"ROIC_YEARLY":-0.286996337462,"TOTAL_ASSETS":2035958000,"TOTAL_LIABILITIES":403644000,"TAX_EBT":260.718358038769,"OCF_SALES":-26.992358418829,"TOTAL_PARENT_EQUITY":1632314000,"DEBT_ASSET_RATIO":19.8257527906,"OPERATE_PROFIT":54508000,"PRETAX_PROFIT":3508000,"NETCASH_OPERATE":-21653000,"NETCASH_INVEST":585587000,"NETCASH_FINANCE":-527643000,"END_CASH":303099000,"DIVI_RATIO":null,"DIVIDEND_RATE":null,"CURRENT_RATIO":4.128459007934,"COMMON_ACS":60000000000,"CURRENTDEBT_DEBT":99.859777427634,"ISSUED_COMMON_SHARES":5201123120,"HK_COMMON_SHARES":5201123120,"PER_SHARES":2000,"TOTAL_MARKET_CAP":1638353782.8,"HKSK_MARKET_CAP":1638353782.8,"PE_TTM":23.096088541209,"PB_TTM":0.66769878368,"REPORT_DATE_SQ":"2021-12-31 00:00:00","REPORT_TYPE_SQ":"2021年年报","OPERATE_INCOME_SQ":77401000,"DPS_HKD":null,"OPERATE_INCOME_QOQ_SQ":0.863978732831,"NET_PROFIT_RATIO_SQ":-165.3505768659,"HOLDER_PROFIT_SQ":-127983000,"HOLDER_PROFIT_QOQ_SQ":-1052.04195492078,"ROE_AVG_SQ":-7.868040354883,"PE_TTM_SQ":-62.302031617315,"PB_TTM_SQ":0.41199286223,"ROA_SQ":-5.107641887588,"START_DATE":"2022-01-01 00:00:00","FISCAL_YEAR":"12-31","CURRENCY":"HKD","IS_CNY_CODE":0,"DPS_HKD_LY":null,"ORG_TYPE":"一般企业","PREMIUM_INCOME":null,"PREMIUM_INCOME_YOY":null,"NET_INTEREST_INCOME":null,"NET_INTEREST_INCOME_YOY":null,"FEE_COMMISSION_INCOME":null,"FEE_COMMISSION_INCOME_YOY":null,"ACCOUNTS_RECE_TDAYS":0.091525303833,"INVENTORY_TDAYS":null,"CURRENT_ASSETS_TDAYS":0.043549425577,"TOTAL_ASSETS_TDAYS":0.035819201421,"PREMIUM_EXPENSE":null,"LOAN_DEPOSIT":null,"LOAN_EQUITY":null,"LOAN_ASSETS":null,"DEPOSIT_EQUITY":null,"DEPOSIT_ASSETS":null,"EQUITY_MULTIPLIER":1.247283304561,"EQUITY_RATIO":0.24728330456},{"SECUCODE":"00628.HK","SECURITY_CODE":"00628","SECURITY_NAME_ABBR":"通通AI社交","ORG_CODE":"10009013","STD_REPORT_DATE":"2022-06-30 00:00:00","REPORT_DATE":"2022-06-30 00:00:00","DATE_TYPE_CODE":"002","REPORT_TYPE":"2022年中报","PER_NETCASH_OPERATE":-0.001770374688,"PER_OI":0.014596150656,"BPS":0.307104823929,"BASIC_EPS":0.001,"DILUTED_EPS":null,"OPERATE_INCOME":39426000,"OPERATE_INCOME_YOY":6.5279654148,"GROSS_PROFIT":39426000,"GROSS_PROFIT_YOY":6.527965414753,"HOLDER_PROFIT":2731000,"HOLDER_PROFIT_YOY":-69.3696724989,"GROSS_PROFIT_RATIO":null,"EPS_TTM":-0.049671190109,"OPERATE_INCOME_QOQ":3.121406700172,"NET_PROFIT_RATIO":6.9269010298,"ROE_AVG":0.173433328983,"GROSS_PROFIT_QOQ":3.121406700172,"ROA":0.110663890142,"HOLDER_PROFIT_QOQ":-4.832673089395,"ROE_YEARLY":0.346866657966,"ROIC_YEARLY":0.244651057583,"TOTAL_ASSETS":2492518000,"TOTAL_LIABILITIES":895228000,"TAX_EBT":63.508818813469,"OCF_SALES":-12.129051894689,"TOTAL_PARENT_EQUITY":1597290000,"DEBT_ASSET_RATIO":35.9166112341,"OPERATE_PROFIT":28484000,"PRETAX_PROFIT":7484000,"NETCASH_OPERATE":-4782000,"NETCASH_INVEST":-3489000,"NETCASH_FINANCE":-15923000,"END_CASH":223494000,"DIVI_RATIO":null,"DIVIDEND_RATE":null,"CURRENT_RATIO":2.33616925717,"COMMON_ACS":60000000000,"CURRENTDEBT_DEBT":99.981680644484,"ISSUED_COMMON_SHARES":5201123120,"HK_COMMON_SHARES":5201123120,"PER_SHARES":2000,"TOTAL_MARKET_CAP":1638353782.8,"HKSK_MARKET_CAP":1638353782.8,"PE_TTM":23.096088541209,"PB_TTM":0.66769878368,"REPORT_DATE_SQ":"2021-06-30 00:00:00","REPORT_TYPE_SQ":"2021年中报","OPERATE_INCOME_SQ":37010000,"DPS_HKD":null,"OPERATE_INCOME_QOQ_SQ":-11.453429336287,"NET_PROFIT_RATIO_SQ":24.090786274,"HOLDER_PROFIT_SQ":8916000,"HOLDER_PROFIT_QOQ_SQ":-6.098072087175,"ROE_AVG_SQ":0.523424355318,"PE_TTM_SQ":-62.302031617315,"PB_TTM_SQ":0.41199286223,"ROA_SQ":0.347775820336,"START_DATE":"2022-01-01 00:00:00","FISCAL_YEAR":"12-31","CURRENCY":"HKD","IS_CNY_CODE":0,"DPS_HKD_LY":null,"ORG_TYPE":"一般企业","PREMIUM_INCOME":null,"PREMIUM_INCOME_YOY":null,"NET_INTEREST_INCOME":null,"NET_INTEREST_INCOME_YOY":null,"FEE_COMMISSION_INCOME":null,"FEE_COMMISSION_INCOME_YOY":null,"ACCOUNTS_RECE_TDAYS":0.046253068551,"INVENTORY_TDAYS":null,"CURRENT_ASSETS_TDAYS":0.019180855924,"TOTAL_ASSETS_TDAYS":0.015975959475,"PREMIUM_EXPENSE":null,"LOAN_DEPOSIT":null,"LOAN_EQUITY":null,"LOAN_ASSETS":null,"DEPOSIT_EQUITY":null,"DEPOSIT_ASSETS":null,"EQUITY_MULTIPLIER":1.560466790627,"EQUITY_RATIO":0.560466790627},{"SECUCODE":"00628.HK","SECURITY_CODE":"00628","SECURITY_NAME_ABBR":"通通AI社交","ORG_CODE":"10009013","STD_REPORT_DATE":"2021-12-31 00:00:00","REPORT_DATE":"2021-12-31 00:00:00","DATE_TYPE_CODE":"001","REPORT_TYPE":"2021年年报","PER_NETCASH_OPERATE":-0.019397116559,"PER_OI":0.028655117357,"BPS":0.298406125791,"BASIC_EPS":-0.0474,"DILUTED_EPS":null,"OPERATE_INCOME":77401000,"OPERATE_INCOME_YOY":-10.6884057971,"GROSS_PROFIT":77401000,"GROSS_PROFIT_YOY":-10.688405797101,"HOLDER_PROFIT":-127983000,"HOLDER_PROFIT_YOY":-993.9857502096,"GROSS_PROFIT_RATIO":null,"EPS_TTM":-0.047381401852,"OPERATE_INCOME_QOQ":0.863978732831,"NET_PROFIT_RATIO":-165.3505768659,"ROE_AVG":-7.868040354883,"GROSS_PROFIT_QOQ":0.863978732831,"ROA":-5.107641887588,"HOLDER_PROFIT_QOQ":-1052.04195492078,"ROE_YEARLY":-7.868040354883,"ROIC_YEARLY":-5.798738470928,"TOTAL_ASSETS":2443148000,"TOTAL_LIABILITIES":891101000,"TAX_EBT":-3.590536395056,"OCF_SALES":-67.691631891061,"TOTAL_PARENT_EQUITY":1552047000,"DEBT_ASSET_RATIO":36.4734760236,"OPERATE_PROFIT":33453000,"PRETAX_PROFIT":-123547000,"NETCASH_OPERATE":-52394000,"NETCASH_INVEST":-60283000,"NETCASH_FINANCE":151000,"END_CASH":247037000,"DIVI_RATIO":null,"DIVIDEND_RATE":null,"CURRENT_RATIO":2.308098299852,"COMMON_ACS":60000000000,"CURRENTDEBT_DEBT":98.210977206849,"ISSUED_COMMON_SHARES":5201123120,"HK_COMMON_SHARES":5201123120,"PER_SHARES":2000,"TOTAL_MARKET_CAP":1638353782.8,"HKSK_MARKET_CAP":1638353782.8,"PE_TTM":23.096088541209,"PB_TTM":0.66769878368,"REPORT_DATE_SQ":"2020-12-31 00:00:00","REPORT_TYPE_SQ":"2020年年报","OPERATE_INCOME_SQ":86664000,"DPS_HKD":null,"OPERATE_INCOME_QOQ_SQ":-5.711861087538,"NET_PROFIT_RATIO_SQ":16.5189698145,"HOLDER_PROFIT_SQ":14316000,"HOLDER_PROFIT_QOQ_SQ":383.372921615202,"ROE_AVG_SQ":0.830258623589,"PE_TTM_SQ":-62.302031617315,"PB_TTM_SQ":0.41199286223,"ROA_SQ":0.541116909752,"START_DATE":"2021-01-01 00:00:00","FISCAL_YEAR":"12-31","CURRENCY":"HKD","IS_CNY_CODE":0,"DPS_HKD_LY":null,"ORG_TYPE":"一般企业","PREMIUM_INCOME":null,"PREMIUM_INCOME_YOY":null,"NET_INTEREST_INCOME":null,"NET_INTEREST_INCOME_YOY":null,"FEE_COMMISSION_INCOME":null,"FEE_COMMISSION_INCOME_YOY":null,"ACCOUNTS_RECE_TDAYS":0.098430098365,"INVENTORY_TDAYS":null,"CURRENT_ASSETS_TDAYS":0.038657252199,"TOTAL_ASSETS_TDAYS":0.030889773622,"PREMIUM_EXPENSE":null,"LOAN_DEPOSIT":null,"LOAN_EQUITY":null,"LOAN_ASSETS":null,"DEPOSIT_EQUITY":null,"DEPOSIT_ASSETS":null,"EQUITY_MULTIPLIER":1.574145628323,"EQUITY_RATIO":0.574145628322},{"SECUCODE":"00628.HK","SECURITY_CODE":"00628","SECURITY_NAME_ABBR":"通通AI社交","ORG_CODE":"10009013","STD_REPORT_DATE":"2021-06-30 00:00:00","REPORT_DATE":"2021-06-30 00:00:00","DATE_TYPE_CODE":"002","REPORT_TYPE":"2021年中报","PER_NETCASH_OPERATE":-0.048353960259,"PER_OI":0.013701707903,"BPS":0.327930325941,"BASIC_EPS":0.0033,"DILUTED_EPS":0.0033,"OPERATE_INCOME":37010000,"OPERATE_INCOME_YOY":-21.1479461394,"GROSS_PROFIT":37010000,"GROSS_PROFIT_YOY":-21.147946139424,"HOLDER_PROFIT":8916000,"HOLDER_PROFIT_YOY":-8.91817346,"GROSS_PROFIT_RATIO":null,"EPS_TTM":0.00497681868,"OPERATE_INCOME_QOQ":-11.453429336287,"NET_PROFIT_RATIO":24.090786274,"ROE_AVG":0.523424355318,"GROSS_PROFIT_QOQ":-11.453429336287,"ROA":0.347775820336,"HOLDER_PROFIT_QOQ":-6.098072087175,"ROE_YEARLY":1.046848710636,"ROIC_YEARLY":0.778479868752,"TOTAL_ASSETS":2559157000,"TOTAL_LIABILITIES":853551000,"TAX_EBT":30.544519747605,"OCF_SALES":-352.904620372872,"TOTAL_PARENT_EQUITY":1705606000,"DEBT_ASSET_RATIO":33.3528189165,"OPERATE_PROFIT":12837000,"PRETAX_PROFIT":12837000,"NETCASH_OPERATE":-130610000,"NETCASH_INVEST":-2209000,"NETCASH_FINANCE":-21675000,"END_CASH":195977000,"DIVI_RATIO":null,"DIVIDEND_RATE":null,"CURRENT_RATIO":2.393889352649,"COMMON_ACS":60000000000,"CURRENTDEBT_DEBT":96.699435651765,"ISSUED_COMMON_SHARES":5201123120,"HK_COMMON_SHARES":5201123120,"PER_SHARES":2000,"TOTAL_MARKET_CAP":1638353782.8,"HKSK_MARKET_CAP":1638353782.8,"PE_TTM":23.096088541209,"PB_TTM":0.66769878368,"REPORT_DATE_SQ":"2020-06-30 00:00:00","REPORT_TYPE_SQ":"2020年中报","OPERATE_INCOME_SQ":46936000,"DPS_HKD":null,"OPERATE_INCOME_QOQ_SQ":31.519903843402,"NET_PROFIT_RATIO_SQ":20.8560593148,"HOLDER_PROFIT_SQ":9789000,"HOLDER_PROFIT_QOQ_SQ":84.196696696697,"ROE_AVG_SQ":0.555559023819,"PE_TTM_SQ":-62.302031617315,"PB_TTM_SQ":0.41199286223,"ROA_SQ":0.357381792294,"START_DATE":"2021-01-01 00:00:00","FISCAL_YEAR":"12-31","CURRENCY":"HKD","IS_CNY_CODE":0,"DPS_HKD_LY":null,"ORG_TYPE":"一般企业","PREMIUM_INCOME":null,"PREMIUM_INCOME_YOY":null,"NET_INTEREST_INCOME":null,"NET_INTEREST_INCOME_YOY":null,"FEE_COMMISSION_INCOME":null,"FEE_COMMISSION_INCOME_YOY":null,"ACCOUNTS_RECE_TDAYS":0.045512258858,"INVENTORY_TDAYS":null,"CURRENT_ASSETS_TDAYS":0.018690087941,"TOTAL_ASSETS_TDAYS":0.014436051044,"PREMIUM_EXPENSE":null,"LOAN_DEPOSIT":null,"LOAN_EQUITY":null,"LOAN_ASSETS":null,"DEPOSIT_EQUITY":null,"DEPOSIT_ASSETS":null,"EQUITY_MULTIPLIER":1.500438553803,"EQUITY_RATIO":0.500438553804},{"SECUCODE":"00628.HK","SECURITY_CODE":"00628","SECURITY_NAME_ABBR":"通通AI社交","ORG_CODE":"10009013","STD_REPORT_DATE":"2020-12-31 00:00:00","REPORT_DATE":"2020-12-31 00:00:00","DATE_TYPE_CODE":"001","REPORT_TYPE":"2020年年报","PER_NETCASH_OPERATE":0.029267455235,"PER_OI":0.032084431605,"BPS":0.327081278553,"BASIC_EPS":0.0053,"DILUTED_EPS":0.0053,"OPERATE_INCOME":86664000,"OPERATE_INCOME_YOY":24.0076696334,"GROSS_PROFIT":86664000,"GROSS_PROFIT_YOY":24.007669633403,"HOLDER_PROFIT":14316000,"HOLDER_PROFIT_YOY":144.7822822823,"GROSS_PROFIT_RATIO":null,"EPS_TTM":0.005300017572,"OPERATE_INCOME_QOQ":-5.711861087538,"NET_PROFIT_RATIO":16.5189698145,"ROE_AVG":0.830258623589,"GROSS_PROFIT_QOQ":-5.711861087538,"ROA":0.541116909752,"HOLDER_PROFIT_QOQ":383.372921615202,"ROE_YEARLY":0.830258623589,"ROIC_YEARLY":0.619121004727,"TOTAL_ASSETS":2568284000,"TOTAL_LIABILITIES":867094000,"TAX_EBT":36.595951990788,"OCF_SALES":91.220114465061,"TOTAL_PARENT_EQUITY":1701190000,"DEBT_ASSET_RATIO":33.7616089186,"OPERATE_PROFIT":22579000,"PRETAX_PROFIT":22579000,"NETCASH_OPERATE":79055000,"NETCASH_INVEST":118902000,"NETCASH_FINANCE":-155134000,"END_CASH":350228000,"DIVI_RATIO":null,"DIVIDEND_RATE":null,"CURRENT_RATIO":2.367540302617,"COMMON_ACS":60000000000,"CURRENTDEBT_DEBT":96.670141876198,"ISSUED_COMMON_SHARES":5201123120,"HK_COMMON_SHARES":5201123120,"PER_SHARES":2000,"TOTAL_MARKET_CAP":1638353782.8,"HKSK_MARKET_CAP":1638353782.8,"PE_TTM":23.096088541209,"PB_TTM":0.66769878368,"REPORT_DATE_SQ":"2019-12-31 00:00:00","REPORT_TYPE_SQ":"2019年年报","OPERATE_INCOME_SQ":69886000,"DPS_HKD":null,"OPERATE_INCOME_QOQ_SQ":4.141147719314,"NET_PROFIT_RATIO_SQ":-45.743067281,"HOLDER_PROFIT_SQ":-31968000,"HOLDER_PROFIT_QOQ_SQ":-62.952390661637,"ROE_AVG_SQ":-1.824126018075,"PE_TTM_SQ":-62.302031617315,"PB_TTM_SQ":0.41199286223,"ROA_SQ":-1.205925512371,"START_DATE":"2020-01-01 00:00:00","FISCAL_YEAR":"12-31","CURRENCY":"HKD","IS_CNY_CODE":0,"DPS_HKD_LY":null,"ORG_TYPE":"一般企业","PREMIUM_INCOME":null,"PREMIUM_INCOME_YOY":null,"NET_INTEREST_INCOME":null,"NET_INTEREST_INCOME_YOY":null,"FEE_COMMISSION_INCOME":null,"FEE_COMMISSION_INCOME_YOY":null,"ACCOUNTS_RECE_TDAYS":0.117194678747,"INVENTORY_TDAYS":null,"CURRENT_ASSETS_TDAYS":0.037192591094,"TOTAL_ASSETS_TDAYS":0.032757303623,"PREMIUM_EXPENSE":null,"LOAN_DEPOSIT":null,"LOAN_EQUITY":null,"LOAN_ASSETS":null,"DEPOSIT_EQUITY":null,"DEPOSIT_ASSETS":null,"EQUITY_MULTIPLIER":1.509698505163,"EQUITY_RATIO":0.509698505164},{"SECUCODE":"00628.HK","SECURITY_CODE":"00628","SECURITY_NAME_ABBR":"通通AI社交","ORG_CODE":"10009013","STD_REPORT_DATE":"2020-06-30 00:00:00","REPORT_DATE":"2020-06-30 00:00:00","DATE_TYPE_CODE":"002","REPORT_TYPE":"2020年中报","PER_NETCASH_OPERATE":-0.059245355687,"PER_OI":0.017376475605,"BPS":0.341588529825,"BASIC_EPS":0.0036,"DILUTED_EPS":0.0036,"OPERATE_INCOME":46936000,"OPERATE_INCOME_YOY":88.4374498153,"GROSS_PROFIT":46936000,"GROSS_PROFIT_YOY":88.43744981532,"HOLDER_PROFIT":9789000,"HOLDER_PROFIT_YOY":157.1553687161,"GROSS_PROFIT_RATIO":null,"EPS_TTM":-0.001870333108,"OPERATE_INCOME_QOQ":31.519903843402,"NET_PROFIT_RATIO":20.8560593148,"ROE_AVG":0.555559023819,"GROSS_PROFIT_QOQ":31.519903843402,"ROA":0.357381792294,"HOLDER_PROFIT_QOQ":84.196696696697,"ROE_YEARLY":1.111118047638,"ROIC_YEARLY":0.779538022785,"TOTAL_ASSETS":2755181000,"TOTAL_LIABILITIES":978537000,"TAX_EBT":22.616600790514,"OCF_SALES":-340.951508437021,"TOTAL_PARENT_EQUITY":1776644000,"DEBT_ASSET_RATIO":35.5162510194,"OPERATE_PROFIT":33368000,"PRETAX_PROFIT":12650000,"NETCASH_OPERATE":-160029000,"NETCASH_INVEST":5847000,"NETCASH_FINANCE":-19397000,"END_CASH":138771000,"DIVI_RATIO":null,"DIVIDEND_RATE":null,"CURRENT_RATIO":2.896169789841,"COMMON_ACS":60000000000,"CURRENTDEBT_DEBT":96.859597542045,"ISSUED_COMMON_SHARES":5201123120,"HK_COMMON_SHARES":5201123120,"PER_SHARES":2000,"TOTAL_MARKET_CAP":1638353782.8,"HKSK_MARKET_CAP":1638353782.8,"PE_TTM":23.096088541209,"PB_TTM":0.66769878368,"REPORT_DATE_SQ":"2019-06-30 00:00:00","REPORT_TYPE_SQ":"2019年中报","OPERATE_INCOME_SQ":24908000,"DPS_HKD":null,"OPERATE_INCOME_QOQ_SQ":-2.749115993276,"NET_PROFIT_RATIO_SQ":-68.7610406295,"HOLDER_PROFIT_SQ":-17127000,"HOLDER_PROFIT_QOQ_SQ":-1463.30785267547,"ROE_AVG_SQ":-0.979693118724,"PE_TTM_SQ":-62.302031617315,"PB_TTM_SQ":0.41199286223,"ROA_SQ":-0.666293974644,"START_DATE":"2020-01-01 00:00:00","FISCAL_YEAR":"12-31","CURRENCY":"HKD","IS_CNY_CODE":0,"DPS_HKD_LY":null,"ORG_TYPE":"一般企业","PREMIUM_INCOME":null,"PREMIUM_INCOME_YOY":null,"NET_INTEREST_INCOME":null,"NET_INTEREST_INCOME_YOY":null,"FEE_COMMISSION_INCOME":null,"FEE_COMMISSION_INCOME_YOY":null,"ACCOUNTS_RECE_TDAYS":0.055250934072,"INVENTORY_TDAYS":null,"CURRENT_ASSETS_TDAYS":0.017317093823,"TOTAL_ASSETS_TDAYS":0.017135633674,"PREMIUM_EXPENSE":null,"LOAN_DEPOSIT":null,"LOAN_EQUITY":null,"LOAN_ASSETS":null,"DEPOSIT_EQUITY":null,"DEPOSIT_ASSETS":null,"EQUITY_MULTIPLIER":1.550778321373,"EQUITY_RATIO":0.550778321374}],"count":47},"success":true,"message":"ok","code":0}