{"version":"3ee079ed7e56f1c5bcab2c5a9ae5360b","result":{"pages":6,"data":[{"SECUCODE":"00629.HK","SECURITY_CODE":"00629","SECURITY_NAME_ABBR":"悦达国际控股","ORG_CODE":"10009014","STD_REPORT_DATE":"2024-06-30 00:00:00","REPORT_DATE":"2024-06-30 00:00:00","DATE_TYPE_CODE":"002","REPORT_TYPE":"2024年中报","PER_NETCASH_OPERATE":-0.056270330255,"PER_OI":0.032772660449,"BPS":0.381191932496,"BASIC_EPS":0.0157,"DILUTED_EPS":null,"OPERATE_INCOME":38299000,"OPERATE_INCOME_YOY":-20.7486653147,"GROSS_PROFIT":38299000,"GROSS_PROFIT_YOY":-20.748665314737,"HOLDER_PROFIT":18342000,"HOLDER_PROFIT_YOY":10.0564022561,"GROSS_PROFIT_RATIO":null,"EPS_TTM":0.014434038394,"OPERATE_INCOME_QOQ":-11.331608032818,"NET_PROFIT_RATIO":47.8915898587,"ROE_AVG":4.18209033835,"GROSS_PROFIT_QOQ":-11.331608032818,"ROA":2.401275653144,"HOLDER_PROFIT_QOQ":11.032122169563,"ROE_YEARLY":8.3641806767,"ROIC_YEARLY":4.972116219354,"TOTAL_ASSETS":793469000,"TOTAL_LIABILITIES":347998000,"TAX_EBT":29.98702191007,"OCF_SALES":-171.69899997389,"TOTAL_PARENT_EQUITY":445471000,"DEBT_ASSET_RATIO":43.8577940663,"OPERATE_PROFIT":27994000,"PRETAX_PROFIT":26198000,"NETCASH_OPERATE":-65759000,"NETCASH_INVEST":-382000,"NETCASH_FINANCE":36118000,"END_CASH":11038000,"DIVI_RATIO":0.269969213998,"DIVIDEND_RATE":2.15,"CURRENT_RATIO":2.137355980591,"COMMON_ACS":2000000000,"CURRENTDEBT_DEBT":95.822964499796,"ISSUED_COMMON_SHARES":1168626516,"HK_COMMON_SHARES":1168626516,"PER_SHARES":1000,"TOTAL_MARKET_CAP":233725303.2,"HKSK_MARKET_CAP":233725303.2,"PE_TTM":12.442333016696,"PB_TTM":0.478855884501,"REPORT_DATE_SQ":"2023-06-30 00:00:00","REPORT_TYPE_SQ":"2023年中报","OPERATE_INCOME_SQ":48326000,"DPS_HKD":0.0043,"OPERATE_INCOME_QOQ_SQ":9.312206435518,"NET_PROFIT_RATIO_SQ":34.4866117618,"HOLDER_PROFIT_SQ":16666000,"HOLDER_PROFIT_QOQ_SQ":19.205709982647,"ROE_AVG_SQ":3.842438355217,"PE_TTM_SQ":6.515317121618,"PB_TTM_SQ":0.538642269569,"ROA_SQ":2.044107889059,"START_DATE":"2024-01-01 00:00:00","FISCAL_YEAR":"12-31","CURRENCY":"HKD","IS_CNY_CODE":0,"DPS_HKD_LY":0.0043,"ORG_TYPE":"一般企业","PREMIUM_INCOME":null,"PREMIUM_INCOME_YOY":null,"NET_INTEREST_INCOME":null,"NET_INTEREST_INCOME_YOY":null,"FEE_COMMISSION_INCOME":null,"FEE_COMMISSION_INCOME_YOY":null,"ACCOUNTS_RECE_TDAYS":0.060341133246,"INVENTORY_TDAYS":null,"CURRENT_ASSETS_TDAYS":0.057192947612,"TOTAL_ASSETS_TDAYS":0.050139819125,"PREMIUM_EXPENSE":null,"LOAN_DEPOSIT":null,"LOAN_EQUITY":null,"LOAN_ASSETS":null,"DEPOSIT_EQUITY":null,"DEPOSIT_ASSETS":null,"EQUITY_MULTIPLIER":1.781191143755,"EQUITY_RATIO":0.781191143756},{"SECUCODE":"00629.HK","SECURITY_CODE":"00629","SECURITY_NAME_ABBR":"悦达国际控股","ORG_CODE":"10009014","STD_REPORT_DATE":"2023-12-31 00:00:00","REPORT_DATE":"2023-12-31 00:00:00","DATE_TYPE_CODE":"001","REPORT_TYPE":"2023年年报","PER_NETCASH_OPERATE":0.142191707723,"PER_OI":0.075718802191,"BPS":0.369406302261,"BASIC_EPS":0.013,"DILUTED_EPS":null,"OPERATE_INCOME":88487000,"OPERATE_INCOME_YOY":-13.7704886082,"GROSS_PROFIT":88487000,"GROSS_PROFIT_YOY":-13.770488608236,"HOLDER_PROFIT":15192000,"HOLDER_PROFIT_YOY":-50.2602887732,"GROSS_PROFIT_RATIO":null,"EPS_TTM":0.012999876173,"OPERATE_INCOME_QOQ":-21.116301460231,"NET_PROFIT_RATIO":17.1686236396,"ROE_AVG":3.544977248862,"GROSS_PROFIT_QOQ":-21.116301460231,"ROA":1.853427688321,"HOLDER_PROFIT_QOQ":-58.274053118734,"ROE_YEARLY":3.544977248862,"ROIC_YEARLY":1.932808443696,"TOTAL_ASSETS":734219000,"TOTAL_LIABILITIES":302521000,"TAX_EBT":42.621898251313,"OCF_SALES":187.78916677026,"TOTAL_PARENT_EQUITY":431698000,"DEBT_ASSET_RATIO":41.2031015269,"OPERATE_PROFIT":38656000,"PRETAX_PROFIT":26477000,"NETCASH_OPERATE":166169000,"NETCASH_INVEST":-16367000,"NETCASH_FINANCE":-134937000,"END_CASH":41061000,"DIVI_RATIO":0.299752547506,"DIVIDEND_RATE":2.205128205128,"CURRENT_RATIO":2.54473235318,"COMMON_ACS":2000000000,"CURRENTDEBT_DEBT":81.389391149705,"ISSUED_COMMON_SHARES":1168626516,"HK_COMMON_SHARES":1168626516,"PER_SHARES":1000,"TOTAL_MARKET_CAP":227882170.62,"HKSK_MARKET_CAP":227882170.62,"PE_TTM":12.131274691279,"PB_TTM":0.466884487389,"REPORT_DATE_SQ":"2022-12-31 00:00:00","REPORT_TYPE_SQ":"2022年年报","OPERATE_INCOME_SQ":102618000,"DPS_HKD":0.0043,"OPERATE_INCOME_QOQ_SQ":48.020251849929,"NET_PROFIT_RATIO_SQ":29.7637841314,"HOLDER_PROFIT_SQ":30543000,"HOLDER_PROFIT_QOQ_SQ":203.698916177787,"ROE_AVG_SQ":7.447141824371,"PE_TTM_SQ":7.134419653536,"PB_TTM_SQ":0.589825471655,"ROA_SQ":3.787421761896,"START_DATE":"2023-01-01 00:00:00","FISCAL_YEAR":"12-31","CURRENCY":"HKD","IS_CNY_CODE":0,"DPS_HKD_LY":0.0084,"ORG_TYPE":"一般企业","PREMIUM_INCOME":null,"PREMIUM_INCOME_YOY":null,"NET_INTEREST_INCOME":null,"NET_INTEREST_INCOME_YOY":null,"FEE_COMMISSION_INCOME":null,"FEE_COMMISSION_INCOME_YOY":null,"ACCOUNTS_RECE_TDAYS":0.146291664118,"INVENTORY_TDAYS":null,"CURRENT_ASSETS_TDAYS":0.136799850967,"TOTAL_ASSETS_TDAYS":0.107954354829,"PREMIUM_EXPENSE":null,"LOAN_DEPOSIT":null,"LOAN_EQUITY":null,"LOAN_ASSETS":null,"DEPOSIT_EQUITY":null,"DEPOSIT_ASSETS":null,"EQUITY_MULTIPLIER":1.700769982719,"EQUITY_RATIO":0.700769982719},{"SECUCODE":"00629.HK","SECURITY_CODE":"00629","SECURITY_NAME_ABBR":"悦达国际控股","ORG_CODE":"10009014","STD_REPORT_DATE":"2023-06-30 00:00:00","REPORT_DATE":"2023-06-30 00:00:00","DATE_TYPE_CODE":"002","REPORT_TYPE":"2023年中报","PER_NETCASH_OPERATE":0.148087517809,"PER_OI":0.04135281832,"BPS":0.378279967079,"BASIC_EPS":0.0143,"DILUTED_EPS":null,"OPERATE_INCOME":48326000,"OPERATE_INCOME_YOY":24.6479236523,"GROSS_PROFIT":48326000,"GROSS_PROFIT_YOY":24.647923652309,"HOLDER_PROFIT":16666000,"HOLDER_PROFIT_YOY":54.3148148148,"GROSS_PROFIT_RATIO":null,"EPS_TTM":0.031155377275,"OPERATE_INCOME_QOQ":9.312206435518,"NET_PROFIT_RATIO":34.4866117618,"ROE_AVG":3.842438355217,"GROSS_PROFIT_QOQ":9.312206435518,"ROA":2.044107889059,"HOLDER_PROFIT_QOQ":19.205709982647,"ROE_YEARLY":7.684876710434,"ROIC_YEARLY":4.264121737017,"TOTAL_ASSETS":725516000,"TOTAL_LIABILITIES":283448000,"TAX_EBT":40.973968478838,"OCF_SALES":358.10743699044,"TOTAL_PARENT_EQUITY":442068000,"DEBT_ASSET_RATIO":39.068469889,"OPERATE_PROFIT":28472000,"PRETAX_PROFIT":28235000,"NETCASH_OPERATE":173059000,"NETCASH_INVEST":-5943000,"NETCASH_FINANCE":-152382000,"END_CASH":41001000,"DIVI_RATIO":0.125074588748,"DIVIDEND_RATE":2.205128205128,"CURRENT_RATIO":2.302701046204,"COMMON_ACS":2000000000,"CURRENTDEBT_DEBT":90.947545934351,"ISSUED_COMMON_SHARES":1168626516,"HK_COMMON_SHARES":1168626516,"PER_SHARES":1000,"TOTAL_MARKET_CAP":227882170.62,"HKSK_MARKET_CAP":227882170.62,"PE_TTM":12.131274691279,"PB_TTM":0.466884487389,"REPORT_DATE_SQ":"2022-06-30 00:00:00","REPORT_TYPE_SQ":"2022年中报","OPERATE_INCOME_SQ":38770000,"DPS_HKD":0.0043,"OPERATE_INCOME_QOQ_SQ":18.930556508612,"NET_PROFIT_RATIO_SQ":27.856590147,"HOLDER_PROFIT_SQ":10800000,"HOLDER_PROFIT_QOQ_SQ":-33.459044594416,"ROE_AVG_SQ":2.698252881259,"PE_TTM_SQ":7.134419653536,"PB_TTM_SQ":0.589825471655,"ROA_SQ":1.490092951446,"START_DATE":"2023-01-01 00:00:00","FISCAL_YEAR":"12-31","CURRENCY":"HKD","IS_CNY_CODE":0,"DPS_HKD_LY":0.0084,"ORG_TYPE":"一般企业","PREMIUM_INCOME":null,"PREMIUM_INCOME_YOY":null,"NET_INTEREST_INCOME":null,"NET_INTEREST_INCOME_YOY":null,"FEE_COMMISSION_INCOME":null,"FEE_COMMISSION_INCOME_YOY":null,"ACCOUNTS_RECE_TDAYS":0.082496858953,"INVENTORY_TDAYS":null,"CURRENT_ASSETS_TDAYS":0.076664250054,"TOTAL_ASSETS_TDAYS":0.059272505608,"PREMIUM_EXPENSE":null,"LOAN_DEPOSIT":null,"LOAN_EQUITY":null,"LOAN_ASSETS":null,"DEPOSIT_EQUITY":null,"DEPOSIT_ASSETS":null,"EQUITY_MULTIPLIER":1.641186423808,"EQUITY_RATIO":0.641186423808},{"SECUCODE":"00629.HK","SECURITY_CODE":"00629","SECURITY_NAME_ABBR":"悦达国际控股","ORG_CODE":"10009014","STD_REPORT_DATE":"2022-12-31 00:00:00","REPORT_DATE":"2022-12-31 00:00:00","DATE_TYPE_CODE":"001","REPORT_TYPE":"2022年年报","PER_NETCASH_OPERATE":-0.046768577686,"PER_OI":0.087810774952,"BPS":0.364018781172,"BASIC_EPS":0.0261,"DILUTED_EPS":null,"OPERATE_INCOME":102618000,"OPERATE_INCOME_YOY":76.0413092706,"GROSS_PROFIT":102618000,"GROSS_PROFIT_YOY":76.041309270569,"HOLDER_PROFIT":30543000,"HOLDER_PROFIT_YOY":102.0841603811,"GROSS_PROFIT_RATIO":null,"EPS_TTM":0.026135809501,"OPERATE_INCOME_QOQ":48.020251849929,"NET_PROFIT_RATIO":29.7637841314,"ROE_AVG":7.447141824371,"GROSS_PROFIT_QOQ":130.80452531432,"ROA":3.787421761896,"HOLDER_PROFIT_QOQ":203.698916177787,"ROE_YEARLY":7.447141824371,"ROIC_YEARLY":3.910394944384,"TOTAL_ASSETS":905122000,"TOTAL_LIABILITIES":479720000,"TAX_EBT":39.686018957346,"OCF_SALES":-53.260636535501,"TOTAL_PARENT_EQUITY":425402000,"DEBT_ASSET_RATIO":53.0005899757,"OPERATE_PROFIT":62424000,"PRETAX_PROFIT":50640000,"NETCASH_OPERATE":-54655000,"NETCASH_INVEST":-71730000,"NETCASH_FINANCE":128169000,"END_CASH":26267000,"DIVI_RATIO":0.149096051525,"DIVIDEND_RATE":2.205128205128,"CURRENT_RATIO":1.683109038889,"COMMON_ACS":2000000000,"CURRENTDEBT_DEBT":82.621946135246,"ISSUED_COMMON_SHARES":1168626516,"HK_COMMON_SHARES":1168626516,"PER_SHARES":1000,"TOTAL_MARKET_CAP":227882170.62,"HKSK_MARKET_CAP":227882170.62,"PE_TTM":12.131274691279,"PB_TTM":0.466884487389,"REPORT_DATE_SQ":"2021-12-31 00:00:00","REPORT_TYPE_SQ":"2021年年报","OPERATE_INCOME_SQ":58292000,"DPS_HKD":0.0043,"OPERATE_INCOME_QOQ_SQ":7.653098914087,"NET_PROFIT_RATIO_SQ":25.9280861868,"HOLDER_PROFIT_SQ":15114000,"HOLDER_PROFIT_QOQ_SQ":-35.665943046865,"ROE_AVG_SQ":3.902381087627,"PE_TTM_SQ":7.134419653536,"PB_TTM_SQ":0.589825471655,"ROA_SQ":2.044176888791,"START_DATE":"2022-01-01 00:00:00","FISCAL_YEAR":"12-31","CURRENCY":"HKD","IS_CNY_CODE":0,"DPS_HKD_LY":null,"ORG_TYPE":"一般企业","PREMIUM_INCOME":null,"PREMIUM_INCOME_YOY":null,"NET_INTEREST_INCOME":null,"NET_INTEREST_INCOME_YOY":null,"FEE_COMMISSION_INCOME":null,"FEE_COMMISSION_INCOME_YOY":null,"ACCOUNTS_RECE_TDAYS":0.185364716976,"INVENTORY_TDAYS":null,"CURRENT_ASSETS_TDAYS":0.17507540912,"TOTAL_ASSETS_TDAYS":0.127249335809,"PREMIUM_EXPENSE":null,"LOAN_DEPOSIT":null,"LOAN_EQUITY":null,"LOAN_ASSETS":null,"DEPOSIT_EQUITY":null,"DEPOSIT_ASSETS":null,"EQUITY_MULTIPLIER":2.127686282621,"EQUITY_RATIO":1.127686282622},{"SECUCODE":"00629.HK","SECURITY_CODE":"00629","SECURITY_NAME_ABBR":"悦达国际控股","ORG_CODE":"10009014","STD_REPORT_DATE":"2022-06-30 00:00:00","REPORT_DATE":"2022-06-30 00:00:00","DATE_TYPE_CODE":"002","REPORT_TYPE":"2022年中报","PER_NETCASH_OPERATE":0.031009051655,"PER_OI":0.033175697684,"BPS":0.347124589804,"BASIC_EPS":0.0092,"DILUTED_EPS":null,"OPERATE_INCOME":38770000,"OPERATE_INCOME_YOY":39.7872723995,"GROSS_PROFIT":38770000,"GROSS_PROFIT_YOY":66.544954680184,"HOLDER_PROFIT":10800000,"HOLDER_PROFIT_YOY":-31.8912782998,"GROSS_PROFIT_RATIO":68.720660304359,"EPS_TTM":0.008605829033,"OPERATE_INCOME_QOQ":18.930556508612,"NET_PROFIT_RATIO":27.856590147,"ROE_AVG":2.698252881259,"GROSS_PROFIT_QOQ":8.185512324501,"ROA":1.490092951446,"HOLDER_PROFIT_QOQ":-33.459044594416,"ROE_YEARLY":5.396505762519,"ROIC_YEARLY":3.134050295703,"TOTAL_ASSETS":741831000,"TOTAL_LIABILITIES":336172000,"TAX_EBT":42.611190817791,"OCF_SALES":93.469177198865,"TOTAL_PARENT_EQUITY":405659000,"DEBT_ASSET_RATIO":45.3165208787,"OPERATE_PROFIT":23644000,"PRETAX_PROFIT":18819000,"NETCASH_OPERATE":36238000,"NETCASH_INVEST":-28036000,"NETCASH_FINANCE":14056000,"END_CASH":46712000,"DIVI_RATIO":0.452803092544,"DIVIDEND_RATE":2.205128205128,"CURRENT_RATIO":1.680362499605,"COMMON_ACS":2000000000,"CURRENTDEBT_DEBT":94.204752329165,"ISSUED_COMMON_SHARES":1168626516,"HK_COMMON_SHARES":1168626516,"PER_SHARES":1000,"TOTAL_MARKET_CAP":227882170.62,"HKSK_MARKET_CAP":227882170.62,"PE_TTM":12.131274691279,"PB_TTM":0.466884487389,"REPORT_DATE_SQ":"2021-06-30 00:00:00","REPORT_TYPE_SQ":"2021年中报","OPERATE_INCOME_SQ":27735000,"DPS_HKD":0.0043,"OPERATE_INCOME_QOQ_SQ":13.617860590037,"NET_PROFIT_RATIO_SQ":57.1732468001,"HOLDER_PROFIT_SQ":15857000,"HOLDER_PROFIT_QOQ_SQ":123.764168016002,"ROE_AVG_SQ":4.090297634479,"PE_TTM_SQ":7.134419653536,"PB_TTM_SQ":0.589825471655,"ROA_SQ":2.517030072771,"START_DATE":"2022-01-01 00:00:00","FISCAL_YEAR":"12-31","CURRENCY":"HKD","IS_CNY_CODE":0,"DPS_HKD_LY":null,"ORG_TYPE":"一般企业","PREMIUM_INCOME":null,"PREMIUM_INCOME_YOY":null,"NET_INTEREST_INCOME":null,"NET_INTEREST_INCOME_YOY":null,"FEE_COMMISSION_INCOME":null,"FEE_COMMISSION_INCOME_YOY":null,"ACCOUNTS_RECE_TDAYS":null,"INVENTORY_TDAYS":null,"CURRENT_ASSETS_TDAYS":0.074750390189,"TOTAL_ASSETS_TDAYS":0.053491577526,"PREMIUM_EXPENSE":null,"LOAN_DEPOSIT":null,"LOAN_EQUITY":null,"LOAN_ASSETS":null,"DEPOSIT_EQUITY":null,"DEPOSIT_ASSETS":null,"EQUITY_MULTIPLIER":1.828705883512,"EQUITY_RATIO":0.828705883513},{"SECUCODE":"00629.HK","SECURITY_CODE":"00629","SECURITY_NAME_ABBR":"悦达国际控股","ORG_CODE":"10009014","STD_REPORT_DATE":"2021-12-31 00:00:00","REPORT_DATE":"2021-12-31 00:00:00","DATE_TYPE_CODE":"001","REPORT_TYPE":"2021年年报","PER_NETCASH_OPERATE":-0.121234627197,"PER_OI":0.049880778163,"BPS":0.337882971671,"BASIC_EPS":0.0129,"DILUTED_EPS":null,"OPERATE_INCOME":58292000,"OPERATE_INCOME_YOY":22.3131478451,"GROSS_PROFIT":58292000,"GROSS_PROFIT_YOY":40.96877947329,"HOLDER_PROFIT":15114000,"HOLDER_PROFIT_YOY":43.9565672921,"GROSS_PROFIT_RATIO":70.501955671447,"EPS_TTM":0.012933131153,"OPERATE_INCOME_QOQ":7.653098914087,"NET_PROFIT_RATIO":25.9280861868,"ROE_AVG":3.902381087627,"GROSS_PROFIT_QOQ":-8.004835135317,"ROA":2.044176888791,"HOLDER_PROFIT_QOQ":-35.665943046865,"ROE_YEARLY":3.902381087627,"ROIC_YEARLY":2.109092583638,"TOTAL_ASSETS":707743000,"TOTAL_LIABILITIES":312884000,"TAX_EBT":45.578280282299,"OCF_SALES":-243.048788856104,"TOTAL_PARENT_EQUITY":394859000,"DEBT_ASSET_RATIO":44.2087028766,"OPERATE_PROFIT":23483000,"PRETAX_PROFIT":27772000,"NETCASH_OPERATE":-138681000,"NETCASH_INVEST":216201000,"NETCASH_FINANCE":-74139000,"END_CASH":24454000,"DIVI_RATIO":0.301299503885,"DIVIDEND_RATE":2.205128205128,"CURRENT_RATIO":1.668918695695,"COMMON_ACS":2000000000,"CURRENTDEBT_DEBT":96.741923524373,"ISSUED_COMMON_SHARES":1168626516,"HK_COMMON_SHARES":1168626516,"PER_SHARES":1000,"TOTAL_MARKET_CAP":227882170.62,"HKSK_MARKET_CAP":227882170.62,"PE_TTM":12.131274691279,"PB_TTM":0.466884487389,"REPORT_DATE_SQ":"2020-12-31 00:00:00","REPORT_TYPE_SQ":"2020年年报","OPERATE_INCOME_SQ":47658000,"DPS_HKD":0.0043,"OPERATE_INCOME_QOQ_SQ":2.813133710144,"NET_PROFIT_RATIO_SQ":22.0298795585,"HOLDER_PROFIT_SQ":10499000,"HOLDER_PROFIT_QOQ_SQ":-63.940788569859,"ROE_AVG_SQ":2.803504982036,"PE_TTM_SQ":7.134419653536,"PB_TTM_SQ":0.589825471655,"ROA_SQ":1.376724839924,"START_DATE":"2021-01-01 00:00:00","FISCAL_YEAR":"12-31","CURRENCY":"HKD","IS_CNY_CODE":0,"DPS_HKD_LY":null,"ORG_TYPE":"一般企业","PREMIUM_INCOME":null,"PREMIUM_INCOME_YOY":null,"NET_INTEREST_INCOME":null,"NET_INTEREST_INCOME_YOY":null,"FEE_COMMISSION_INCOME":null,"FEE_COMMISSION_INCOME_YOY":null,"ACCOUNTS_RECE_TDAYS":0.122902672182,"INVENTORY_TDAYS":null,"CURRENT_ASSETS_TDAYS":0.096009935016,"TOTAL_ASSETS_TDAYS":0.078840253541,"PREMIUM_EXPENSE":null,"LOAN_DEPOSIT":null,"LOAN_EQUITY":null,"LOAN_ASSETS":null,"DEPOSIT_EQUITY":null,"DEPOSIT_ASSETS":null,"EQUITY_MULTIPLIER":1.79239424706,"EQUITY_RATIO":0.79239424706},{"SECUCODE":"00629.HK","SECURITY_CODE":"00629","SECURITY_NAME_ABBR":"悦达国际控股","ORG_CODE":"10009014","STD_REPORT_DATE":"2021-06-30 00:00:00","REPORT_DATE":"2021-06-30 00:00:00","DATE_TYPE_CODE":"002","REPORT_TYPE":"2021年中报","PER_NETCASH_OPERATE":0.04688837644,"PER_OI":0.023732988787,"BPS":0.338518760771,"BASIC_EPS":0.0136,"DILUTED_EPS":0.0136,"OPERATE_INCOME":27735000,"OPERATE_INCOME_YOY":30.548364321,"GROSS_PROFIT":23279000,"GROSS_PROFIT_YOY":16.645788445157,"HOLDER_PROFIT":15857000,"HOLDER_PROFIT_YOY":453.8595878449,"GROSS_PROFIT_RATIO":83.933657833063,"EPS_TTM":0.020103086554,"OPERATE_INCOME_QOQ":13.617860590037,"NET_PROFIT_RATIO":57.1732468001,"ROE_AVG":4.090297634479,"GROSS_PROFIT_QOQ":8.033663031124,"ROA":2.517030072771,"HOLDER_PROFIT_QOQ":123.764168016002,"ROE_YEARLY":8.180595268957,"ROIC_YEARLY":5.176895772409,"TOTAL_ASSETS":488983000,"TOTAL_LIABILITIES":93381000,"TAX_EBT":38.792604315436,"OCF_SALES":197.566252028123,"TOTAL_PARENT_EQUITY":395602000,"DEBT_ASSET_RATIO":19.0969829217,"OPERATE_PROFIT":29150000,"PRETAX_PROFIT":25907000,"NETCASH_OPERATE":54795000,"NETCASH_INVEST":217586000,"NETCASH_FINANCE":-279737000,"END_CASH":13704000,"DIVI_RATIO":0.193838194429,"DIVIDEND_RATE":2.205128205128,"CURRENT_RATIO":4.526927698071,"COMMON_ACS":2000000000,"CURRENTDEBT_DEBT":90.91142737816,"ISSUED_COMMON_SHARES":1168626516,"HK_COMMON_SHARES":1168626516,"PER_SHARES":1000,"TOTAL_MARKET_CAP":227882170.62,"HKSK_MARKET_CAP":227882170.62,"PE_TTM":12.131274691279,"PB_TTM":0.466884487389,"REPORT_DATE_SQ":"2020-06-30 00:00:00","REPORT_TYPE_SQ":"2020年中报","OPERATE_INCOME_SQ":21245000,"DPS_HKD":0.0043,"OPERATE_INCOME_QOQ_SQ":-8.552151354337,"NET_PROFIT_RATIO_SQ":13.4761120264,"HOLDER_PROFIT_SQ":2863000,"HOLDER_PROFIT_QOQ_SQ":-3.515922722603,"ROE_AVG_SQ":0.772369512582,"PE_TTM_SQ":7.134419653536,"PB_TTM_SQ":0.589825471655,"ROA_SQ":0.364572423273,"START_DATE":"2021-01-01 00:00:00","FISCAL_YEAR":"12-31","CURRENCY":"HKD","IS_CNY_CODE":0,"DPS_HKD_LY":null,"ORG_TYPE":"一般企业","PREMIUM_INCOME":null,"PREMIUM_INCOME_YOY":null,"NET_INTEREST_INCOME":null,"NET_INTEREST_INCOME_YOY":null,"FEE_COMMISSION_INCOME":null,"FEE_COMMISSION_INCOME_YOY":null,"ACCOUNTS_RECE_TDAYS":null,"INVENTORY_TDAYS":null,"CURRENT_ASSETS_TDAYS":0.050730038823,"TOTAL_ASSETS_TDAYS":0.044024613148,"PREMIUM_EXPENSE":null,"LOAN_DEPOSIT":null,"LOAN_EQUITY":null,"LOAN_ASSETS":null,"DEPOSIT_EQUITY":null,"DEPOSIT_ASSETS":null,"EQUITY_MULTIPLIER":1.236047846068,"EQUITY_RATIO":0.236047846068},{"SECUCODE":"00629.HK","SECURITY_CODE":"00629","SECURITY_NAME_ABBR":"悦达国际控股","ORG_CODE":"10009014","STD_REPORT_DATE":"2020-12-31 00:00:00","REPORT_DATE":"2020-12-31 00:00:00","DATE_TYPE_CODE":"001","REPORT_TYPE":"2020年年报","PER_NETCASH_OPERATE":0.027403964878,"PER_OI":0.040781207124,"BPS":0.324949840519,"BASIC_EPS":0.009,"DILUTED_EPS":0.009,"OPERATE_INCOME":47658000,"OPERATE_INCOME_YOY":-5.9796010969,"GROSS_PROFIT":41351000,"GROSS_PROFIT_YOY":4.158690176322,"HOLDER_PROFIT":10499000,"HOLDER_PROFIT_YOY":-65.2086025781,"GROSS_PROFIT_RATIO":86.766125309497,"EPS_TTM":0.008984050812,"OPERATE_INCOME_QOQ":2.813133710144,"NET_PROFIT_RATIO":22.0298795585,"ROE_AVG":2.803504982036,"GROSS_PROFIT_QOQ":16.475128161794,"ROA":1.376724839924,"HOLDER_PROFIT_QOQ":-63.940788569859,"ROE_YEARLY":2.803504982036,"ROIC_YEARLY":1.618024973897,"TOTAL_ASSETS":770994000,"TOTAL_LIABILITIES":391249000,"TAX_EBT":36.954302528073,"OCF_SALES":67.197532418482,"TOTAL_PARENT_EQUITY":379745000,"DEBT_ASSET_RATIO":50.7460499044,"OPERATE_PROFIT":22840000,"PRETAX_PROFIT":16653000,"NETCASH_OPERATE":32025000,"NETCASH_INVEST":-210112000,"NETCASH_FINANCE":-6782000,"END_CASH":21060000,"DIVI_RATIO":0.433740423061,"DIVIDEND_RATE":2.205128205128,"CURRENT_RATIO":1.841029754997,"COMMON_ACS":2000000000,"CURRENTDEBT_DEBT":98.448558334973,"ISSUED_COMMON_SHARES":1168626516,"HK_COMMON_SHARES":1168626516,"PER_SHARES":1000,"TOTAL_MARKET_CAP":227882170.62,"HKSK_MARKET_CAP":227882170.62,"PE_TTM":12.131274691279,"PB_TTM":0.466884487389,"REPORT_DATE_SQ":"2019-12-31 00:00:00","REPORT_TYPE_SQ":"2019年年报","OPERATE_INCOME_SQ":50689000,"DPS_HKD":0.0043,"OPERATE_INCOME_QOQ_SQ":-37.180567604412,"NET_PROFIT_RATIO_SQ":59.5336266251,"HOLDER_PROFIT_SQ":30177000,"HOLDER_PROFIT_QOQ_SQ":219.688256058383,"ROE_AVG_SQ":8.547720310502,"PE_TTM_SQ":7.134419653536,"PB_TTM_SQ":0.589825471655,"ROA_SQ":3.146625096778,"START_DATE":"2020-01-01 00:00:00","FISCAL_YEAR":"12-31","CURRENCY":"HKD","IS_CNY_CODE":0,"DPS_HKD_LY":null,"ORG_TYPE":"一般企业","PREMIUM_INCOME":null,"PREMIUM_INCOME_YOY":null,"NET_INTEREST_INCOME":null,"NET_INTEREST_INCOME_YOY":null,"FEE_COMMISSION_INCOME":null,"FEE_COMMISSION_INCOME_YOY":null,"ACCOUNTS_RECE_TDAYS":null,"INVENTORY_TDAYS":null,"CURRENT_ASSETS_TDAYS":0.065212750818,"TOTAL_ASSETS_TDAYS":0.062493525499,"PREMIUM_EXPENSE":null,"LOAN_DEPOSIT":null,"LOAN_EQUITY":null,"LOAN_ASSETS":null,"DEPOSIT_EQUITY":null,"DEPOSIT_ASSETS":null,"EQUITY_MULTIPLIER":2.030294013087,"EQUITY_RATIO":1.030294013088},{"SECUCODE":"00629.HK","SECURITY_CODE":"00629","SECURITY_NAME_ABBR":"悦达国际控股","ORG_CODE":"10009014","STD_REPORT_DATE":"2020-06-30 00:00:00","REPORT_DATE":"2020-06-30 00:00:00","DATE_TYPE_CODE":"002","REPORT_TYPE":"2020年中报","PER_NETCASH_OPERATE":0.019253371109,"PER_OI":0.018179460854,"BPS":0.318415674217,"BASIC_EPS":0.0025,"DILUTED_EPS":0.0025,"OPERATE_INCOME":21245000,"OPERATE_INCOME_YOY":-16.9468334636,"GROSS_PROFIT":19957000,"GROSS_PROFIT_YOY":-17.379424549783,"HOLDER_PROFIT":2863000,"HOLDER_PROFIT_YOY":-27.0387359837,"GROSS_PROFIT_RATIO":93.937397034596,"EPS_TTM":0.02491471792,"OPERATE_INCOME_QOQ":-8.552151354337,"NET_PROFIT_RATIO":13.4761120264,"ROE_AVG":0.772369512582,"GROSS_PROFIT_QOQ":-10.574307304786,"ROA":0.364572423273,"HOLDER_PROFIT_QOQ":-3.515922722603,"ROE_YEARLY":1.544739025163,"ROIC_YEARLY":0.876610154961,"TOTAL_ASSETS":816387000,"TOTAL_LIABILITIES":444278000,"TAX_EBT":59.297696900768,"OCF_SALES":105.907272299365,"TOTAL_PARENT_EQUITY":372109000,"DEBT_ASSET_RATIO":54.4200238367,"OPERATE_PROFIT":9769000,"PRETAX_PROFIT":7034000,"NETCASH_OPERATE":22500000,"NETCASH_INVEST":-218677000,"NETCASH_FINANCE":47590000,"END_CASH":57812000,"DIVI_RATIO":0.15640337621,"DIVIDEND_RATE":2.205128205128,"CURRENT_RATIO":1.852501302228,"COMMON_ACS":2000000000,"CURRENTDEBT_DEBT":98.954033285465,"ISSUED_COMMON_SHARES":1168626516,"HK_COMMON_SHARES":1168626516,"PER_SHARES":1000,"TOTAL_MARKET_CAP":227882170.62,"HKSK_MARKET_CAP":227882170.62,"PE_TTM":12.131274691279,"PB_TTM":0.466884487389,"REPORT_DATE_SQ":"2019-06-30 00:00:00","REPORT_TYPE_SQ":"2019年中报","OPERATE_INCOME_SQ":25580000,"DPS_HKD":0.0043,"OPERATE_INCOME_QOQ_SQ":-7.707968751787,"NET_PROFIT_RATIO_SQ":9.2216582064,"HOLDER_PROFIT_SQ":3924000,"HOLDER_PROFIT_QOQ_SQ":45.795979791465,"ROE_AVG_SQ":1.158208849495,"PE_TTM_SQ":7.134419653536,"PB_TTM_SQ":0.589825471655,"ROA_SQ":0.354505009732,"START_DATE":"2020-01-01 00:00:00","FISCAL_YEAR":"12-31","CURRENCY":"HKD","IS_CNY_CODE":0,"DPS_HKD_LY":null,"ORG_TYPE":"一般企业","PREMIUM_INCOME":null,"PREMIUM_INCOME_YOY":null,"NET_INTEREST_INCOME":null,"NET_INTEREST_INCOME_YOY":null,"FEE_COMMISSION_INCOME":null,"FEE_COMMISSION_INCOME_YOY":null,"ACCOUNTS_RECE_TDAYS":null,"INVENTORY_TDAYS":null,"CURRENT_ASSETS_TDAYS":0.027117116715,"TOTAL_ASSETS_TDAYS":0.027053234832,"PREMIUM_EXPENSE":null,"LOAN_DEPOSIT":null,"LOAN_EQUITY":null,"LOAN_ASSETS":null,"DEPOSIT_EQUITY":null,"DEPOSIT_ASSETS":null,"EQUITY_MULTIPLIER":2.193945859948,"EQUITY_RATIO":1.19394585995}],"count":48},"success":true,"message":"ok","code":0}