{"version":"286bb001e3b938969b178a92060a206a","result":{"pages":6,"data":[{"SECUCODE":"00622.HK","SECURITY_CODE":"00622","SECURITY_NAME_ABBR":"威华达控股","ORG_CODE":"10009009","STD_REPORT_DATE":"2024-06-30 00:00:00","REPORT_DATE":"2024-06-30 00:00:00","DATE_TYPE_CODE":"002","REPORT_TYPE":"2024年中报","PER_NETCASH_OPERATE":-0.028067571106,"PER_OI":0.003278957719,"BPS":0.468444167717,"BASIC_EPS":-0.016519508,"DILUTED_EPS":-0.016519508,"OPERATE_INCOME":20277924.24,"OPERATE_INCOME_YOY":-44.3966164473,"GROSS_PROFIT":20277924.24,"GROSS_PROFIT_YOY":-44.957487037782,"HOLDER_PROFIT":-101913499.52,"HOLDER_PROFIT_YOY":-1047.8312537136,"GROSS_PROFIT_RATIO":null,"EPS_TTM":-0.030616157015,"OPERATE_INCOME_QOQ":-30.347577587588,"NET_PROFIT_RATIO":-502.5834908633,"ROE_AVG":-3.234450911087,"GROSS_PROFIT_QOQ":-30.347577587588,"ROA":-3.082552497238,"HOLDER_PROFIT_QOQ":-147.297635798682,"ROE_YEARLY":-6.468901822174,"ROIC_YEARLY":-6.910114793156,"TOTAL_ASSETS":3063424110.2,"TOTAL_LIABILITIES":166924608.6,"TAX_EBT":-0.215393452039,"OCF_SALES":-855.990638221262,"TOTAL_PARENT_EQUITY":2896499501.6,"DEBT_ASSET_RATIO":5.4489552408,"OPERATE_PROFIT":-64608617.2,"PRETAX_PROFIT":-101694456.32,"NETCASH_OPERATE":-173577133.12,"NETCASH_INVEST":105147124.76,"NETCASH_FINANCE":-4202891.4,"END_CASH":244989779.72,"DIVI_RATIO":null,"DIVIDEND_RATE":null,"CURRENT_RATIO":6.637996739925,"COMMON_ACS":20000000000,"CURRENTDEBT_DEBT":97.274392410946,"ISSUED_COMMON_SHARES":6183233139,"HK_COMMON_SHARES":6183233139,"PER_SHARES":3000,"TOTAL_MARKET_CAP":1168631063.271,"HKSK_MARKET_CAP":1168631063.271,"PE_TTM":-5.620282994219,"PB_TTM":0.368232826637,"REPORT_DATE_SQ":"2023-06-30 00:00:00","REPORT_TYPE_SQ":"2023年中报","OPERATE_INCOME_SQ":36840476.84,"DPS_HKD":null,"OPERATE_INCOME_QOQ_SQ":-26.455880121117,"NET_PROFIT_RATIO_SQ":29.4834576305,"HOLDER_PROFIT_SQ":10861846.38,"HOLDER_PROFIT_QOQ_SQ":61.571303862796,"ROE_AVG_SQ":0.230043065952,"PE_TTM_SQ":-39.560368931241,"PB_TTM_SQ":0.237946440715,"ROA_SQ":0.213531316975,"START_DATE":"2024-01-01 00:00:00","FISCAL_YEAR":"12-31","CURRENCY":"HKD","IS_CNY_CODE":0,"DPS_HKD_LY":null,"ORG_TYPE":"一般企业","PREMIUM_INCOME":null,"PREMIUM_INCOME_YOY":null,"NET_INTEREST_INCOME":null,"NET_INTEREST_INCOME_YOY":null,"FEE_COMMISSION_INCOME":null,"FEE_COMMISSION_INCOME_YOY":null,"ACCOUNTS_RECE_TDAYS":0.040190078922,"INVENTORY_TDAYS":null,"CURRENT_ASSETS_TDAYS":0.019108847238,"TOTAL_ASSETS_TDAYS":0.006133413758,"PREMIUM_EXPENSE":null,"LOAN_DEPOSIT":null,"LOAN_EQUITY":null,"LOAN_ASSETS":null,"DEPOSIT_EQUITY":null,"DEPOSIT_ASSETS":null,"EQUITY_MULTIPLIER":1.057629772941,"EQUITY_RATIO":0.057629772941},{"SECUCODE":"00622.HK","SECURITY_CODE":"00622","SECURITY_NAME_ABBR":"威华达控股","ORG_CODE":"10009009","STD_REPORT_DATE":"2023-12-31 00:00:00","REPORT_DATE":"2023-12-31 00:00:00","DATE_TYPE_CODE":"001","REPORT_TYPE":"2023年年报","PER_NETCASH_OPERATE":0.051981357084,"PER_OI":0.008933357063,"BPS":0.546825184154,"BASIC_EPS":-0.012505836,"DILUTED_EPS":-0.012505836,"OPERATE_INCOME":54576193.28,"OPERATE_INCOME_YOY":-44.846281355,"GROSS_PROFIT":54576193.28,"GROSS_PROFIT_YOY":-44.046701545509,"HOLDER_PROFIT":-76562902.92,"HOLDER_PROFIT_YOY":-4.1905090766,"GROSS_PROFIT_RATIO":null,"EPS_TTM":-0.012532272928,"OPERATE_INCOME_QOQ":-23.91873266464,"NET_PROFIT_RATIO":-140.2862646121,"ROE_AVG":-1.875516129892,"GROSS_PROFIT_QOQ":-23.91873266464,"ROA":-1.752362763111,"HOLDER_PROFIT_QOQ":-175.05744508359,"ROE_YEARLY":-1.875516129892,"ROIC_YEARLY":-1.926488521698,"TOTAL_ASSETS":3523736785.8,"TOTAL_LIABILITIES":142589185.9,"TAX_EBT":-1.914377736764,"OCF_SALES":581.879317215728,"TOTAL_PARENT_EQUITY":3381147599.9,"DEBT_ASSET_RATIO":4.0465333981,"OPERATE_PROFIT":-41619965.94,"PRETAX_PROFIT":-75124731.78,"NETCASH_OPERATE":317567580.82,"NETCASH_INVEST":-220964528.82,"NETCASH_FINANCE":-113921822.42,"END_CASH":315409871,"DIVI_RATIO":null,"DIVIDEND_RATE":null,"CURRENT_RATIO":7.528180131823,"COMMON_ACS":20000000000,"CURRENTDEBT_DEBT":96.616988147065,"ISSUED_COMMON_SHARES":6183233139,"HK_COMMON_SHARES":6183233139,"PER_SHARES":3000,"TOTAL_MARKET_CAP":1020233467.935,"HKSK_MARKET_CAP":1020233467.935,"PE_TTM":-4.906596264795,"PB_TTM":0.321473102619,"REPORT_DATE_SQ":"2022-12-31 00:00:00","REPORT_TYPE_SQ":"2022年年报","OPERATE_INCOME_SQ":97538831.11,"DPS_HKD":null,"OPERATE_INCOME_QOQ_SQ":103.751427565374,"NET_PROFIT_RATIO_SQ":-74.2611705879,"HOLDER_PROFIT_SQ":-72433477.76,"HOLDER_PROFIT_QOQ_SQ":97.840496567144,"ROE_AVG_SQ":-1.471763594343,"PE_TTM_SQ":-42.763586310235,"PB_TTM_SQ":0.257213050071,"ROA_SQ":-1.344391136117,"START_DATE":"2023-01-01 00:00:00","FISCAL_YEAR":"12-31","CURRENCY":"HKD","IS_CNY_CODE":0,"DPS_HKD_LY":null,"ORG_TYPE":"一般企业","PREMIUM_INCOME":null,"PREMIUM_INCOME_YOY":null,"NET_INTEREST_INCOME":null,"NET_INTEREST_INCOME_YOY":null,"FEE_COMMISSION_INCOME":null,"FEE_COMMISSION_INCOME_YOY":null,"ACCOUNTS_RECE_TDAYS":0.081257560047,"INVENTORY_TDAYS":null,"CURRENT_ASSETS_TDAYS":0.040455962559,"TOTAL_ASSETS_TDAYS":0.012491335256,"PREMIUM_EXPENSE":null,"LOAN_DEPOSIT":null,"LOAN_EQUITY":null,"LOAN_ASSETS":null,"DEPOSIT_EQUITY":null,"DEPOSIT_ASSETS":null,"EQUITY_MULTIPLIER":1.042171831216,"EQUITY_RATIO":0.042171831216},{"SECUCODE":"00622.HK","SECURITY_CODE":"00622","SECURITY_NAME_ABBR":"威华达控股","ORG_CODE":"10009009","STD_REPORT_DATE":"2023-06-30 00:00:00","REPORT_DATE":"2023-06-30 00:00:00","DATE_TYPE_CODE":"002","REPORT_TYPE":"2023年中报","PER_NETCASH_OPERATE":0.032909320775,"PER_OI":0.006030269138,"BPS":0.740197667598,"BASIC_EPS":0.001751762,"DILUTED_EPS":0.001751762,"OPERATE_INCOME":36840476.84,"OPERATE_INCOME_YOY":-45.4520633967,"GROSS_PROFIT":36840476.84,"GROSS_PROFIT_YOY":-41.191891170978,"HOLDER_PROFIT":10861846.38,"HOLDER_PROFIT_YOY":129.8638748764,"GROSS_PROFIT_RATIO":null,"EPS_TTM":-0.004556238398,"OPERATE_INCOME_QOQ":-26.455880121117,"NET_PROFIT_RATIO":29.4834576305,"ROE_AVG":0.230043065952,"GROSS_PROFIT_QOQ":-26.455880121117,"ROA":0.213531316975,"HOLDER_PROFIT_QOQ":61.571303862796,"ROE_YEARLY":0.460086131904,"ROIC_YEARLY":0.468747435512,"TOTAL_ASSETS":4868342979.74,"TOTAL_LIABILITIES":291528232.04,"TAX_EBT":16.847826086957,"OCF_SALES":545.735522298413,"TOTAL_PARENT_EQUITY":4576814747.7,"DEBT_ASSET_RATIO":5.9882435,"OPERATE_PROFIT":11161489.88,"PRETAX_PROFIT":13062612.64,"NETCASH_OPERATE":201051568.7,"NETCASH_INVEST":26309621.28,"NETCASH_FINANCE":-111656387.9,"END_CASH":454057632.38,"DIVI_RATIO":null,"DIVIDEND_RATE":null,"CURRENT_RATIO":5.437751029418,"COMMON_ACS":20000000000,"CURRENTDEBT_DEBT":100,"ISSUED_COMMON_SHARES":6183233139,"HK_COMMON_SHARES":6183233139,"PER_SHARES":3000,"TOTAL_MARKET_CAP":1020233467.935,"HKSK_MARKET_CAP":1020233467.935,"PE_TTM":-4.906596264795,"PB_TTM":0.321473102619,"REPORT_DATE_SQ":"2022-06-30 00:00:00","REPORT_TYPE_SQ":"2022年中报","OPERATE_INCOME_SQ":62645233.07,"DPS_HKD":null,"OPERATE_INCOME_QOQ_SQ":-2.522362731444,"NET_PROFIT_RATIO_SQ":-53.8530845153,"HOLDER_PROFIT_SQ":-33736390.31,"HOLDER_PROFIT_QOQ_SQ":-30.413751480475,"ROE_AVG_SQ":-0.707275974517,"PE_TTM_SQ":-42.763586310235,"PB_TTM_SQ":0.257213050071,"ROA_SQ":-0.647062764957,"START_DATE":"2023-01-01 00:00:00","FISCAL_YEAR":"12-31","CURRENCY":"HKD","IS_CNY_CODE":0,"DPS_HKD_LY":null,"ORG_TYPE":"一般企业","PREMIUM_INCOME":null,"PREMIUM_INCOME_YOY":null,"NET_INTEREST_INCOME":null,"NET_INTEREST_INCOME_YOY":null,"FEE_COMMISSION_INCOME":null,"FEE_COMMISSION_INCOME_YOY":null,"ACCOUNTS_RECE_TDAYS":0.0444283099,"INVENTORY_TDAYS":null,"CURRENT_ASSETS_TDAYS":0.022497486782,"TOTAL_ASSETS_TDAYS":0.00724241097,"PREMIUM_EXPENSE":null,"LOAN_DEPOSIT":null,"LOAN_EQUITY":null,"LOAN_ASSETS":null,"DEPOSIT_EQUITY":null,"DEPOSIT_ASSETS":null,"EQUITY_MULTIPLIER":1.063696751587,"EQUITY_RATIO":0.063696751586},{"SECUCODE":"00622.HK","SECURITY_CODE":"00622","SECURITY_NAME_ABBR":"威华达控股","ORG_CODE":"10009009","STD_REPORT_DATE":"2022-12-31 00:00:00","REPORT_DATE":"2022-12-31 00:00:00","DATE_TYPE_CODE":"001","REPORT_TYPE":"2022年年报","PER_NETCASH_OPERATE":0.066492057886,"PER_OI":0.015965738053,"BPS":0.76253965103,"BASIC_EPS":-0.011880491,"DILUTED_EPS":-0.011880491,"OPERATE_INCOME":97538831.11,"OPERATE_INCOME_YOY":103.5202483675,"GROSS_PROFIT":97538831.11,"GROSS_PROFIT_YOY":103.84605217618,"HOLDER_PROFIT":-72433477.76,"HOLDER_PROFIT_YOY":97.422281901,"GROSS_PROFIT_RATIO":null,"EPS_TTM":-0.011856343971,"OPERATE_INCOME_QOQ":103.751427565374,"NET_PROFIT_RATIO":-74.2611705879,"ROE_AVG":-1.471763594343,"GROSS_PROFIT_QOQ":103.751427565374,"ROA":-1.344391136117,"HOLDER_PROFIT_QOQ":97.840496567144,"ROE_YEARLY":-1.471763594343,"ROIC_YEARLY":-1.505988070661,"TOTAL_ASSETS":5139995278.18,"TOTAL_LIABILITIES":425034838.13,"TAX_EBT":-2.270204822924,"OCF_SALES":416.467172804118,"TOTAL_PARENT_EQUITY":4714960440.05,"DEBT_ASSET_RATIO":8.2691678713,"OPERATE_PROFIT":-86568582.24,"PRETAX_PROFIT":-70825591.76,"NETCASH_OPERATE":406217212.31,"NETCASH_INVEST":-861541049.6,"NETCASH_FINANCE":25811929.92,"END_CASH":329454948.13,"DIVI_RATIO":null,"DIVIDEND_RATE":null,"CURRENT_RATIO":3.86255447748,"COMMON_ACS":20000000000,"CURRENTDEBT_DEBT":99.724475062997,"ISSUED_COMMON_SHARES":6183233139,"HK_COMMON_SHARES":6183233139,"PER_SHARES":3000,"TOTAL_MARKET_CAP":1020233467.935,"HKSK_MARKET_CAP":1020233467.935,"PE_TTM":-4.906596264795,"PB_TTM":0.321473102619,"REPORT_DATE_SQ":"2021-12-31 00:00:00","REPORT_TYPE_SQ":"2021年年报","OPERATE_INCOME_SQ":-2536076648,"DPS_HKD":null,"OPERATE_INCOME_QOQ_SQ":-944.824850742939,"NET_PROFIT_RATIO_SQ":null,"HOLDER_PROFIT_SQ":-2571947212.8,"HOLDER_PROFIT_QOQ_SQ":-182.303523578489,"ROE_AVG_SQ":-40.133782336419,"PE_TTM_SQ":-42.763586310235,"PB_TTM_SQ":0.257213050071,"ROA_SQ":-36.553645980794,"START_DATE":"2022-01-01 00:00:00","FISCAL_YEAR":"12-31","CURRENCY":"HKD","IS_CNY_CODE":0,"DPS_HKD_LY":null,"ORG_TYPE":"一般企业","PREMIUM_INCOME":null,"PREMIUM_INCOME_YOY":null,"NET_INTEREST_INCOME":null,"NET_INTEREST_INCOME_YOY":null,"FEE_COMMISSION_INCOME":null,"FEE_COMMISSION_INCOME_YOY":null,"ACCOUNTS_RECE_TDAYS":0.084360024074,"INVENTORY_TDAYS":null,"CURRENT_ASSETS_TDAYS":0.043610571768,"TOTAL_ASSETS_TDAYS":0.018103554327,"PREMIUM_EXPENSE":null,"LOAN_DEPOSIT":null,"LOAN_EQUITY":null,"LOAN_ASSETS":null,"DEPOSIT_EQUITY":null,"DEPOSIT_ASSETS":null,"EQUITY_MULTIPLIER":1.090146003033,"EQUITY_RATIO":0.090146003033},{"SECUCODE":"00622.HK","SECURITY_CODE":"00622","SECURITY_NAME_ABBR":"威华达控股","ORG_CODE":"10009009","STD_REPORT_DATE":"2022-06-30 00:00:00","REPORT_DATE":"2022-06-30 00:00:00","DATE_TYPE_CODE":"002","REPORT_TYPE":"2022年中报","PER_NETCASH_OPERATE":0.061356474872,"PER_OI":0.010254145657,"BPS":0.748846971615,"BASIC_EPS":-0.005558735,"DILUTED_EPS":-0.005558735,"OPERATE_INCOME":62645233.07,"OPERATE_INCOME_YOY":-51.8598109959,"GROSS_PROFIT":62645233.07,"GROSS_PROFIT_YOY":-50.522776374353,"HOLDER_PROFIT":-33736390.31,"HOLDER_PROFIT_YOY":-104.3854636814,"GROSS_PROFIT_RATIO":null,"EPS_TTM":-0.549031031422,"OPERATE_INCOME_QOQ":-2.522362731444,"NET_PROFIT_RATIO":-53.8530845153,"ROE_AVG":-0.707275974517,"GROSS_PROFIT_QOQ":-2.522362731444,"ROA":-0.647062764957,"HOLDER_PROFIT_QOQ":-30.413751480475,"ROE_YEARLY":-1.414551949034,"ROIC_YEARLY":-1.472312178402,"TOTAL_ASSETS":5032135508.89,"TOTAL_LIABILITIES":401840097.96,"TAX_EBT":-6.219876679501,"OCF_SALES":598.357746440419,"TOTAL_PARENT_EQUITY":4630295410.93,"DEBT_ASSET_RATIO":7.9854784763,"OPERATE_PROFIT":-42328484.24,"PRETAX_PROFIT":-31760901.41,"NETCASH_OPERATE":374842604.85,"NETCASH_INVEST":-580886952.31,"NETCASH_FINANCE":-25318755.14,"END_CASH":493944916.15,"DIVI_RATIO":null,"DIVIDEND_RATE":null,"CURRENT_RATIO":4.712635130659,"COMMON_ACS":20000000000,"CURRENTDEBT_DEBT":99.593303879255,"ISSUED_COMMON_SHARES":6183233139,"HK_COMMON_SHARES":6183233139,"PER_SHARES":3000,"TOTAL_MARKET_CAP":1020233467.935,"HKSK_MARKET_CAP":1020233467.935,"PE_TTM":-4.906596264795,"PB_TTM":0.321473102619,"REPORT_DATE_SQ":"2021-06-30 00:00:00","REPORT_TYPE_SQ":"2021年中报","OPERATE_INCOME_SQ":126614285.28,"DPS_HKD":null,"OPERATE_INCOME_QOQ_SQ":27.174472808224,"NET_PROFIT_RATIO_SQ":591.1570258796,"HOLDER_PROFIT_SQ":748489243.2,"HOLDER_PROFIT_QOQ_SQ":31.685113938047,"ROE_AVG_SQ":8.613746430051,"PE_TTM_SQ":-42.763586310235,"PB_TTM_SQ":0.257213050071,"ROA_SQ":7.838996011745,"START_DATE":"2022-01-01 00:00:00","FISCAL_YEAR":"12-31","CURRENCY":"HKD","IS_CNY_CODE":0,"DPS_HKD_LY":null,"ORG_TYPE":"一般企业","PREMIUM_INCOME":null,"PREMIUM_INCOME_YOY":null,"NET_INTEREST_INCOME":null,"NET_INTEREST_INCOME_YOY":null,"FEE_COMMISSION_INCOME":null,"FEE_COMMISSION_INCOME_YOY":null,"ACCOUNTS_RECE_TDAYS":0.054685517031,"INVENTORY_TDAYS":null,"CURRENT_ASSETS_TDAYS":0.027230525489,"TOTAL_ASSETS_TDAYS":0.012015333398,"PREMIUM_EXPENSE":null,"LOAN_DEPOSIT":null,"LOAN_EQUITY":null,"LOAN_ASSETS":null,"DEPOSIT_EQUITY":null,"DEPOSIT_ASSETS":null,"EQUITY_MULTIPLIER":1.086784980719,"EQUITY_RATIO":0.086784980719},{"SECUCODE":"00622.HK","SECURITY_CODE":"00622","SECURITY_NAME_ABBR":"威华达控股","ORG_CODE":"10009009","STD_REPORT_DATE":"2021-12-31 00:00:00","REPORT_DATE":"2021-12-31 00:00:00","DATE_TYPE_CODE":"001","REPORT_TYPE":"2021年年报","PER_NETCASH_OPERATE":0.066815522392,"PER_OI":-0.41512016274,"BPS":0.759103786657,"BASIC_EPS":-0.42073696,"DILUTED_EPS":-0.42073696,"OPERATE_INCOME":-2536076648,"OPERATE_INCOME_YOY":-1205.992319733,"GROSS_PROFIT":-2536076648,"GROSS_PROFIT_YOY":-1174.4015500852,"HOLDER_PROFIT":-2571947212.8,"HOLDER_PROFIT_YOY":-211.568243925,"GROSS_PROFIT_RATIO":null,"EPS_TTM":-0.420991670885,"OPERATE_INCOME_QOQ":-944.824850742939,"NET_PROFIT_RATIO":null,"ROE_AVG":-40.133782336419,"GROSS_PROFIT_QOQ":-944.824850742939,"ROA":-36.553645980794,"HOLDER_PROFIT_QOQ":-182.303523578489,"ROE_YEARLY":-40.133782336419,"ROIC_YEARLY":-40.219083828242,"TOTAL_ASSETS":5158256387.2,"TOTAL_LIABILITIES":464540697.6,"TAX_EBT":11.415068118579,"OCF_SALES":null,"TOTAL_PARENT_EQUITY":4693715689.6,"DEBT_ASSET_RATIO":9.0057698325,"OPERATE_PROFIT":-2649760657.6,"PRETAX_PROFIT":-2903368731.2,"NETCASH_OPERATE":408193340.8,"NETCASH_INVEST":-257502302.4,"NETCASH_FINANCE":-15438740.8,"END_CASH":693852152,"DIVI_RATIO":null,"DIVIDEND_RATE":null,"CURRENT_RATIO":5.627597477989,"COMMON_ACS":20000000000,"CURRENTDEBT_DEBT":99.291944749514,"ISSUED_COMMON_SHARES":6183233139,"HK_COMMON_SHARES":6183233139,"PER_SHARES":3000,"TOTAL_MARKET_CAP":1020233467.935,"HKSK_MARKET_CAP":1020233467.935,"PE_TTM":-4.906596264795,"PB_TTM":0.321473102619,"REPORT_DATE_SQ":"2020-12-31 00:00:00","REPORT_TYPE_SQ":"2020年年报","OPERATE_INCOME_SQ":236045512.76,"DPS_HKD":null,"OPERATE_INCOME_QOQ_SQ":94.949699755873,"NET_PROFIT_RATIO_SQ":1005.3013096388,"HOLDER_PROFIT_SQ":2373050270.2,"HOLDER_PROFIT_QOQ_SQ":1669.9196257595,"ROE_AVG_SQ":35.013605926231,"PE_TTM_SQ":-42.763586310235,"PB_TTM_SQ":0.257213050071,"ROA_SQ":31.782599312768,"START_DATE":"2021-01-01 00:00:00","FISCAL_YEAR":"12-31","CURRENCY":"HKD","IS_CNY_CODE":0,"DPS_HKD_LY":null,"ORG_TYPE":"一般企业","PREMIUM_INCOME":null,"PREMIUM_INCOME_YOY":null,"NET_INTEREST_INCOME":null,"NET_INTEREST_INCOME_YOY":null,"FEE_COMMISSION_INCOME":null,"FEE_COMMISSION_INCOME_YOY":null,"ACCOUNTS_RECE_TDAYS":-1.73973288075,"INVENTORY_TDAYS":null,"CURRENT_ASSETS_TDAYS":-0.603724680502,"TOTAL_ASSETS_TDAYS":-0.360438377233,"PREMIUM_EXPENSE":null,"LOAN_DEPOSIT":null,"LOAN_EQUITY":null,"LOAN_ASSETS":null,"DEPOSIT_EQUITY":null,"DEPOSIT_ASSETS":null,"EQUITY_MULTIPLIER":1.098970778872,"EQUITY_RATIO":0.098970778871},{"SECUCODE":"00622.HK","SECURITY_CODE":"00622","SECURITY_NAME_ABBR":"威华达控股","ORG_CODE":"10009009","STD_REPORT_DATE":"2021-06-30 00:00:00","REPORT_DATE":"2021-06-30 00:00:00","DATE_TYPE_CODE":"002","REPORT_TYPE":"2021年中报","PER_NETCASH_OPERATE":-0.033998779352,"PER_OI":0.020710235542,"BPS":1.473651374619,"BASIC_EPS":0.122398968,"DILUTED_EPS":0.122398968,"OPERATE_INCOME":126614285.28,"OPERATE_INCOME_YOY":122.4974411464,"GROSS_PROFIT":126614285.28,"GROSS_PROFIT_YOY":102.679618616514,"HOLDER_PROFIT":748489243.2,"HOLDER_PROFIT_YOY":24164.7405029428,"GROSS_PROFIT_RATIO":null,"EPS_TTM":0.511147160551,"OPERATE_INCOME_QOQ":27.174472808224,"NET_PROFIT_RATIO":591.1570258796,"ROE_AVG":8.613746430051,"GROSS_PROFIT_QOQ":27.174472808224,"ROA":7.838996011745,"HOLDER_PROFIT_QOQ":31.685113938047,"ROE_YEARLY":17.227492860101,"ROIC_YEARLY":16.658625541167,"TOTAL_ASSETS":10024767539.28,"TOTAL_LIABILITIES":912837524.4,"TAX_EBT":-2.72063399622,"OCF_SALES":-164.1641365351,"TOTAL_PARENT_EQUITY":9111930014.88,"DEBT_ASSET_RATIO":9.1058223627,"OPERATE_PROFIT":-97256838.72,"PRETAX_PROFIT":728664937.2,"NETCASH_OPERATE":-207855248.16,"NETCASH_INVEST":180701149.44,"NETCASH_FINANCE":-10897751.76,"END_CASH":530411060.16,"DIVI_RATIO":null,"DIVIDEND_RATE":null,"CURRENT_RATIO":9.716926953049,"COMMON_ACS":20000000000,"CURRENTDEBT_DEBT":65.774004038084,"ISSUED_COMMON_SHARES":6183233139,"HK_COMMON_SHARES":6183233139,"PER_SHARES":3000,"TOTAL_MARKET_CAP":1020233467.935,"HKSK_MARKET_CAP":1020233467.935,"PE_TTM":-4.906596264795,"PB_TTM":0.321473102619,"REPORT_DATE_SQ":"2020-06-30 00:00:00","REPORT_TYPE_SQ":"2020年中报","OPERATE_INCOME_SQ":62470161.6,"DPS_HKD":null,"OPERATE_INCOME_QOQ_SQ":-52.124847144877,"NET_PROFIT_RATIO_SQ":-5.1334702259,"HOLDER_PROFIT_SQ":-3414438.72,"HOLDER_PROFIT_QOQ_SQ":53.130722248923,"ROE_AVG_SQ":-0.058011423346,"PE_TTM_SQ":-42.763586310235,"PB_TTM_SQ":0.257213050071,"ROA_SQ":-0.052370001768,"START_DATE":"2021-01-01 00:00:00","FISCAL_YEAR":"12-31","CURRENCY":"HKD","IS_CNY_CODE":0,"DPS_HKD_LY":null,"ORG_TYPE":"一般企业","PREMIUM_INCOME":null,"PREMIUM_INCOME_YOY":null,"NET_INTEREST_INCOME":null,"NET_INTEREST_INCOME_YOY":null,"FEE_COMMISSION_INCOME":null,"FEE_COMMISSION_INCOME_YOY":null,"ACCOUNTS_RECE_TDAYS":0.069279068084,"INVENTORY_TDAYS":null,"CURRENT_ASSETS_TDAYS":0.021564846605,"TOTAL_ASSETS_TDAYS":0.01326042941,"PREMIUM_EXPENSE":null,"LOAN_DEPOSIT":null,"LOAN_EQUITY":null,"LOAN_ASSETS":null,"DEPOSIT_EQUITY":null,"DEPOSIT_ASSETS":null,"EQUITY_MULTIPLIER":1.100180480196,"EQUITY_RATIO":0.100180480196},{"SECUCODE":"00622.HK","SECURITY_CODE":"00622","SECURITY_NAME_ABBR":"威华达控股","ORG_CODE":"10009009","STD_REPORT_DATE":"2020-12-31 00:00:00","REPORT_DATE":"2020-12-31 00:00:00","DATE_TYPE_CODE":"001","REPORT_TYPE":"2020年年报","PER_NETCASH_OPERATE":-0.106585088419,"PER_OI":0.038609846883,"BPS":1.352366887837,"BASIC_EPS":0.394897488,"DILUTED_EPS":0.39388752,"OPERATE_INCOME":236045512.76,"OPERATE_INCOME_YOY":-0.663755211,"GROSS_PROFIT":236045512.76,"GROSS_PROFIT_YOY":-6.667533251272,"HOLDER_PROFIT":2373050270.2,"HOLDER_PROFIT_YOY":883.1422849699,"GROSS_PROFIT_RATIO":null,"EPS_TTM":0.388158650029,"OPERATE_INCOME_QOQ":94.949699755873,"NET_PROFIT_RATIO":1005.3013096388,"ROE_AVG":35.013605926231,"GROSS_PROFIT_QOQ":94.949699755873,"ROA":31.782599312768,"HOLDER_PROFIT_QOQ":1669.9196257595,"ROE_YEARLY":35.013605926231,"ROIC_YEARLY":34.532618787228,"TOTAL_ASSETS":9176019657.08,"TOTAL_LIABILITIES":812500739.92,"TAX_EBT":12.141483143659,"OCF_SALES":-276.056749827961,"TOTAL_PARENT_EQUITY":8361999756.96,"DEBT_ASSET_RATIO":8.8546098448,"OPERATE_PROFIT":518195223.08,"PRETAX_PROFIT":2700897665.96,"NETCASH_OPERATE":-651619570.64,"NETCASH_INVEST":573720738.8,"NETCASH_FINANCE":57430147.04,"END_CASH":575091770.36,"DIVI_RATIO":null,"DIVIDEND_RATE":null,"CURRENT_RATIO":12.803390123889,"COMMON_ACS":20000000000,"CURRENTDEBT_DEBT":57.450138702146,"ISSUED_COMMON_SHARES":6183233139,"HK_COMMON_SHARES":6183233139,"PER_SHARES":3000,"TOTAL_MARKET_CAP":1020233467.935,"HKSK_MARKET_CAP":1020233467.935,"PE_TTM":-4.906596264795,"PB_TTM":0.321473102619,"REPORT_DATE_SQ":"2019-12-31 00:00:00","REPORT_TYPE_SQ":"2019年年报","OPERATE_INCOME_SQ":252908254.74,"DPS_HKD":null,"OPERATE_INCOME_QOQ_SQ":-20.257297696446,"NET_PROFIT_RATIO_SQ":-127.513964007,"HOLDER_PROFIT_SQ":-322508569.18,"HOLDER_PROFIT_QOQ_SQ":-2637.73260392438,"ROE_AVG_SQ":-5.721983389718,"PE_TTM_SQ":-42.763586310235,"PB_TTM_SQ":0.257213050071,"ROA_SQ":-5.103588974192,"START_DATE":"2020-01-01 00:00:00","FISCAL_YEAR":"12-31","CURRENCY":"HKD","IS_CNY_CODE":0,"DPS_HKD_LY":null,"ORG_TYPE":"一般企业","PREMIUM_INCOME":null,"PREMIUM_INCOME_YOY":null,"NET_INTEREST_INCOME":null,"NET_INTEREST_INCOME_YOY":null,"FEE_COMMISSION_INCOME":null,"FEE_COMMISSION_INCOME_YOY":null,"ACCOUNTS_RECE_TDAYS":0.227241900944,"INVENTORY_TDAYS":null,"CURRENT_ASSETS_TDAYS":0.053731056196,"TOTAL_ASSETS_TDAYS":0.031613910779,"PREMIUM_EXPENSE":null,"LOAN_DEPOSIT":null,"LOAN_EQUITY":null,"LOAN_ASSETS":null,"DEPOSIT_EQUITY":null,"DEPOSIT_ASSETS":null,"EQUITY_MULTIPLIER":1.097148191803,"EQUITY_RATIO":0.097165841131},{"SECUCODE":"00622.HK","SECURITY_CODE":"00622","SECURITY_NAME_ABBR":"威华达控股","ORG_CODE":"10009009","STD_REPORT_DATE":"2020-06-30 00:00:00","REPORT_DATE":"2020-06-30 00:00:00","DATE_TYPE_CODE":"002","REPORT_TYPE":"2020年中报","PER_NETCASH_OPERATE":-0.008398836359,"PER_OI":0.010218213199,"BPS":0.992292450993,"BASIC_EPS":-0.000548064,"DILUTED_EPS":-0.000548064,"OPERATE_INCOME":62470161.6,"OPERATE_INCOME_YOY":-67.7801360496,"GROSS_PROFIT":62470161.6,"GROSS_PROFIT_YOY":-68.466929781841,"HOLDER_PROFIT":-3414438.72,"HOLDER_PROFIT_YOY":98.1185258262,"GROSS_PROFIT_RATIO":null,"EPS_TTM":-0.024724746647,"OPERATE_INCOME_QOQ":-52.124847144877,"NET_PROFIT_RATIO":-5.1334702259,"ROE_AVG":-0.058011423346,"GROSS_PROFIT_QOQ":-52.124847144877,"ROA":-0.052370001768,"HOLDER_PROFIT_QOQ":53.130722248923,"ROE_YEARLY":-0.116022846693,"ROIC_YEARLY":-0.116331858567,"TOTAL_ASSETS":6791550627.84,"TOTAL_LIABILITIES":651391419.36,"TAX_EBT":109.507401735579,"OCF_SALES":-77.467855518653,"TOTAL_PARENT_EQUITY":6135575566.56,"DEBT_ASSET_RATIO":9.5912031737,"OPERATE_PROFIT":47491572.48,"PRETAX_PROFIT":35788579.2,"NETCASH_OPERATE":-51347202.72,"NETCASH_INVEST":47457775.2,"NETCASH_FINANCE":-423836.16,"END_CASH":628503353.28,"DIVI_RATIO":null,"DIVIDEND_RATE":null,"CURRENT_RATIO":5.700628990991,"COMMON_ACS":20000000000,"CURRENTDEBT_DEBT":90.871509523656,"ISSUED_COMMON_SHARES":6183233139,"HK_COMMON_SHARES":6183233139,"PER_SHARES":3000,"TOTAL_MARKET_CAP":1020233467.935,"HKSK_MARKET_CAP":1020233467.935,"PE_TTM":-4.906596264795,"PB_TTM":0.321473102619,"REPORT_DATE_SQ":"2019-06-30 00:00:00","REPORT_TYPE_SQ":"2019年中报","OPERATE_INCOME_SQ":198109987.92,"DPS_HKD":null,"OPERATE_INCOME_QOQ_SQ":483.062086221281,"NET_PROFIT_RATIO_SQ":-96.6227716128,"HOLDER_PROFIT_SQ":-174765570.84,"HOLDER_PROFIT_QOQ_SQ":-31.047560811979,"ROE_AVG_SQ":-3.102232564698,"PE_TTM_SQ":-42.763586310235,"PB_TTM_SQ":0.257213050071,"ROA_SQ":-2.726127534013,"START_DATE":"2020-01-01 00:00:00","FISCAL_YEAR":"12-31","CURRENCY":"HKD","IS_CNY_CODE":0,"DPS_HKD_LY":null,"ORG_TYPE":"一般企业","PREMIUM_INCOME":null,"PREMIUM_INCOME_YOY":null,"NET_INTEREST_INCOME":null,"NET_INTEREST_INCOME_YOY":null,"FEE_COMMISSION_INCOME":null,"FEE_COMMISSION_INCOME_YOY":null,"ACCOUNTS_RECE_TDAYS":0.122305728554,"INVENTORY_TDAYS":null,"CURRENT_ASSETS_TDAYS":0.020636194747,"TOTAL_ASSETS_TDAYS":0.010166196999,"PREMIUM_EXPENSE":null,"LOAN_DEPOSIT":null,"LOAN_EQUITY":null,"LOAN_ASSETS":null,"DEPOSIT_EQUITY":null,"DEPOSIT_ASSETS":null,"EQUITY_MULTIPLIER":1.106087056906,"EQUITY_RATIO":0.106166310282}],"count":47},"success":true,"message":"ok","code":0}