{"version":"aab6e69a6558800ce462c1b134453187","result":{"pages":4,"data":[{"SECUCODE":"00631.HK","SECURITY_CODE":"00631","SECURITY_NAME_ABBR":"三一国际","ORG_CODE":"10132009","STD_REPORT_DATE":"2024-06-30 00:00:00","REPORT_DATE":"2024-06-30 00:00:00","DATE_TYPE_CODE":"002","REPORT_TYPE":"2024年中报","PER_NETCASH_OPERATE":-0.04790170379,"PER_OI":3.368683529412,"BPS":3.752175433867,"BASIC_EPS":0.31,"DILUTED_EPS":0.28,"OPERATE_INCOME":10756056000,"OPERATE_INCOME_YOY":-0.7669578201,"GROSS_PROFIT":2625569000,"GROSS_PROFIT_YOY":-7.287298711379,"HOLDER_PROFIT":1032749000,"HOLDER_PROFIT_YOY":-14.0771363843,"GROSS_PROFIT_RATIO":24.410146246914,"EPS_TTM":0.551148332213,"OPERATE_INCOME_QOQ":-0.409962666827,"NET_PROFIT_RATIO":9.1758075637,"ROE_AVG":8.734145955733,"GROSS_PROFIT_QOQ":-3.78869018005,"ROA":2.823518340741,"HOLDER_PROFIT_QOQ":-8.771420513926,"ROE_YEARLY":17.468291911467,"ROIC_YEARLY":6.302100600021,"TOTAL_ASSETS":38190330000,"TOTAL_LIABILITIES":26189304000,"TAX_EBT":14.366591903934,"OCF_SALES":-1.421971027298,"TOTAL_PARENT_EQUITY":12059081000,"DEBT_ASSET_RATIO":68.5757467924,"OPERATE_PROFIT":1265865000,"PRETAX_PROFIT":1152535000,"NETCASH_OPERATE":-152948000,"NETCASH_INVEST":-346730000,"NETCASH_FINANCE":1734039000,"END_CASH":4471881000,"DIVI_RATIO":0.312405553889,"DIVIDEND_RATE":4.086021505376,"CURRENT_RATIO":1.355675974292,"COMMON_ACS":4461067880,"CURRENTDEBT_DEBT":67.901563936178,"ISSUED_COMMON_SHARES":3213890505,"HK_COMMON_SHARES":3213890505,"PER_SHARES":1000,"TOTAL_MARKET_CAP":14944590848.25,"HKSK_MARKET_CAP":14944590848.25,"PE_TTM":7.638395091012,"PB_TTM":1.131067050249,"REPORT_DATE_SQ":"2023-06-30 00:00:00","REPORT_TYPE_SQ":"2023年中报","OPERATE_INCOME_SQ":10839188000,"DPS_HKD":0.19,"OPERATE_INCOME_QOQ_SQ":20.644298318898,"NET_PROFIT_RATIO_SQ":10.9169155475,"HOLDER_PROFIT_SQ":1201949000,"HOLDER_PROFIT_QOQ_SQ":17.788338235497,"ROE_AVG_SQ":11.526084818898,"PE_TTM_SQ":8.956268791648,"PB_TTM_SQ":1.609585079264,"ROA_SQ":3.944686130537,"START_DATE":"2024-01-01 00:00:00","FISCAL_YEAR":"12-31","CURRENCY":"HKD","IS_CNY_CODE":0,"DPS_HKD_LY":0.19,"ORG_TYPE":"一般企业","PREMIUM_INCOME":null,"PREMIUM_INCOME_YOY":null,"NET_INTEREST_INCOME":null,"NET_INTEREST_INCOME_YOY":null,"FEE_COMMISSION_INCOME":null,"FEE_COMMISSION_INCOME_YOY":null,"ACCOUNTS_RECE_TDAYS":1.03559946079,"INVENTORY_TDAYS":1.889122581841,"CURRENT_ASSETS_TDAYS":0.479258765748,"TOTAL_ASSETS_TDAYS":0.294068756203,"PREMIUM_EXPENSE":null,"LOAN_DEPOSIT":null,"LOAN_EQUITY":null,"LOAN_ASSETS":null,"DEPOSIT_EQUITY":null,"DEPOSIT_ASSETS":null,"EQUITY_MULTIPLIER":3.182255417157,"EQUITY_RATIO":2.171749571962},{"SECUCODE":"00631.HK","SECURITY_CODE":"00631","SECURITY_NAME_ABBR":"三一国际","ORG_CODE":"10132009","STD_REPORT_DATE":"2023-12-31 00:00:00","REPORT_DATE":"2023-12-31 00:00:00","DATE_TYPE_CODE":"001","REPORT_TYPE":"2023年年报","PER_NETCASH_OPERATE":0.791316863235,"PER_OI":6.357399208466,"BPS":3.606052845288,"BASIC_EPS":0.58,"DILUTED_EPS":0.52,"OPERATE_INCOME":20277944000,"OPERATE_INCOME_YOY":30.5162815617,"GROSS_PROFIT":5447054000,"GROSS_PROFIT_YOY":50.125070831211,"HOLDER_PROFIT":1928992000,"HOLDER_PROFIT_YOY":15.8615685763,"GROSS_PROFIT_RATIO":26.861963915079,"EPS_TTM":0.604764083279,"OPERATE_INCOME_QOQ":8.182718437879,"NET_PROFIT_RATIO":9.0677536145,"ROE_AVG":17.836727889093,"GROSS_PROFIT_QOQ":17.267140811316,"ROA":6.43895782582,"HOLDER_PROFIT_QOQ":-1.635789831169,"ROE_YEARLY":17.836727889093,"ROIC_YEARLY":7.148034367625,"TOTAL_ASSETS":34963011000,"TOTAL_LIABILITIES":23424614000,"TAX_EBT":18.655400473357,"OCF_SALES":12.447179063124,"TOTAL_PARENT_EQUITY":11589459000,"DEBT_ASSET_RATIO":66.9982742619,"OPERATE_PROFIT":2418861000,"PRETAX_PROFIT":2260450000,"NETCASH_OPERATE":2524032000,"NETCASH_INVEST":-4965140000,"NETCASH_FINANCE":2960577000,"END_CASH":3241068000,"DIVI_RATIO":0.284709037393,"DIVIDEND_RATE":3.869653767821,"CURRENT_RATIO":1.284783805701,"COMMON_ACS":4461067880,"CURRENTDEBT_DEBT":69.04107363306,"ISSUED_COMMON_SHARES":3213890505,"HK_COMMON_SHARES":3213890505,"PER_SHARES":1000,"TOTAL_MARKET_CAP":15780202379.55,"HKSK_MARKET_CAP":15780202379.55,"PE_TTM":8.065488149864,"PB_TTM":1.194309508972,"REPORT_DATE_SQ":"2022-12-31 00:00:00","REPORT_TYPE_SQ":"2022年年报","OPERATE_INCOME_SQ":15536716000,"DPS_HKD":0.19,"OPERATE_INCOME_QOQ_SQ":20.982118349415,"NET_PROFIT_RATIO_SQ":10.7427721534,"HOLDER_PROFIT_SQ":1664911000,"HOLDER_PROFIT_QOQ_SQ":22.983207647379,"ROE_AVG_SQ":17.767545922624,"PE_TTM_SQ":8.820109299883,"PB_TTM_SQ":1.58511503583,"ROA_SQ":7.280146780852,"START_DATE":"2023-01-01 00:00:00","FISCAL_YEAR":"12-31","CURRENCY":"HKD","IS_CNY_CODE":0,"DPS_HKD_LY":0.19,"ORG_TYPE":"一般企业","PREMIUM_INCOME":null,"PREMIUM_INCOME_YOY":null,"NET_INTEREST_INCOME":null,"NET_INTEREST_INCOME_YOY":null,"FEE_COMMISSION_INCOME":null,"FEE_COMMISSION_INCOME_YOY":null,"ACCOUNTS_RECE_TDAYS":2.406842201966,"INVENTORY_TDAYS":3.529519697608,"CURRENT_ASSETS_TDAYS":1.068131918607,"TOTAL_ASSETS_TDAYS":0.67687593422,"PREMIUM_EXPENSE":null,"LOAN_DEPOSIT":null,"LOAN_EQUITY":null,"LOAN_ASSETS":null,"DEPOSIT_EQUITY":null,"DEPOSIT_ASSETS":null,"EQUITY_MULTIPLIER":3.030144568608,"EQUITY_RATIO":2.0211999542},{"SECUCODE":"00631.HK","SECURITY_CODE":"00631","SECURITY_NAME_ABBR":"三一国际","ORG_CODE":"10132009","STD_REPORT_DATE":"2023-06-30 00:00:00","REPORT_DATE":"2023-06-30 00:00:00","DATE_TYPE_CODE":"002","REPORT_TYPE":"2023年中报","PER_NETCASH_OPERATE":0.309462049291,"PER_OI":3.404910902224,"BPS":3.365446017272,"BASIC_EPS":0.38,"DILUTED_EPS":0.33,"OPERATE_INCOME":10839188000,"OPERATE_INCOME_YOY":42.027704815,"GROSS_PROFIT":2831941000,"GROSS_PROFIT_YOY":56.004966702272,"HOLDER_PROFIT":1201949000,"HOLDER_PROFIT_YOY":32.6963564362,"GROSS_PROFIT_RATIO":26.126874079498,"EPS_TTM":0.616030649891,"OPERATE_INCOME_QOQ":20.644298318898,"NET_PROFIT_RATIO":10.9169155475,"ROE_AVG":11.526084818898,"GROSS_PROFIT_QOQ":28.019724700855,"ROA":3.944686130537,"HOLDER_PROFIT_QOQ":17.788338235497,"ROE_YEARLY":23.052169637796,"ROIC_YEARLY":9.085064223623,"TOTAL_ASSETS":35986890000,"TOTAL_LIABILITIES":25127048000,"TAX_EBT":17.860380590892,"OCF_SALES":9.088697419032,"TOTAL_PARENT_EQUITY":10816175000,"DEBT_ASSET_RATIO":69.8227826856,"OPERATE_PROFIT":1514526000,"PRETAX_PROFIT":1440602000,"NETCASH_OPERATE":985141000,"NETCASH_INVEST":-776531000,"NETCASH_FINANCE":2225393000,"END_CASH":5223094000,"DIVI_RATIO":0.279502002101,"DIVIDEND_RATE":3.869653767821,"CURRENT_RATIO":1.284499887171,"COMMON_ACS":4461067880,"CURRENTDEBT_DEBT":73.790347357955,"ISSUED_COMMON_SHARES":3213890505,"HK_COMMON_SHARES":3213890505,"PER_SHARES":1000,"TOTAL_MARKET_CAP":15780202379.55,"HKSK_MARKET_CAP":15780202379.55,"PE_TTM":8.065488149864,"PB_TTM":1.194309508972,"REPORT_DATE_SQ":"2022-06-30 00:00:00","REPORT_TYPE_SQ":"2022年中报","OPERATE_INCOME_SQ":7631742000,"DPS_HKD":0.19,"OPERATE_INCOME_QOQ_SQ":25.970012014185,"NET_PROFIT_RATIO_SQ":11.9581610594,"HOLDER_PROFIT_SQ":905789000,"HOLDER_PROFIT_QOQ_SQ":7.521418569723,"ROE_AVG_SQ":10.129818250423,"PE_TTM_SQ":8.820109299883,"PB_TTM_SQ":1.58511503583,"ROA_SQ":4.124138344895,"START_DATE":"2023-01-01 00:00:00","FISCAL_YEAR":"12-31","CURRENCY":"HKD","IS_CNY_CODE":0,"DPS_HKD_LY":0.19,"ORG_TYPE":"一般企业","PREMIUM_INCOME":null,"PREMIUM_INCOME_YOY":null,"NET_INTEREST_INCOME":null,"NET_INTEREST_INCOME_YOY":null,"FEE_COMMISSION_INCOME":null,"FEE_COMMISSION_INCOME_YOY":null,"ACCOUNTS_RECE_TDAYS":1.200001882063,"INVENTORY_TDAYS":1.901049699864,"CURRENT_ASSETS_TDAYS":0.528650220983,"TOTAL_ASSETS_TDAYS":0.35573218639,"PREMIUM_EXPENSE":null,"LOAN_DEPOSIT":null,"LOAN_EQUITY":null,"LOAN_ASSETS":null,"DEPOSIT_EQUITY":null,"DEPOSIT_ASSETS":null,"EQUITY_MULTIPLIER":3.313758155968,"EQUITY_RATIO":2.323099247192},{"SECUCODE":"00631.HK","SECURITY_CODE":"00631","SECURITY_NAME_ABBR":"三一国际","ORG_CODE":"10132009","STD_REPORT_DATE":"2022-12-31 00:00:00","REPORT_DATE":"2022-12-31 00:00:00","DATE_TYPE_CODE":"001","REPORT_TYPE":"2022年年报","PER_NETCASH_OPERATE":0.342852484367,"PER_OI":4.912038935847,"BPS":3.123933122295,"BASIC_EPS":0.53,"DILUTED_EPS":0.46,"OPERATE_INCOME":15536716000,"OPERATE_INCOME_YOY":52.4011890198,"GROSS_PROFIT":3628344000,"GROSS_PROFIT_YOY":51.836427244271,"HOLDER_PROFIT":1664911000,"HOLDER_PROFIT_YOY":32.233289465,"GROSS_PROFIT_RATIO":23.353352149837,"EPS_TTM":0.526372990066,"OPERATE_INCOME_QOQ":20.982118349415,"NET_PROFIT_RATIO":10.7427721534,"ROE_AVG":17.767545922624,"GROSS_PROFIT_QOQ":21.357861708636,"ROA":7.280146780852,"HOLDER_PROFIT_QOQ":22.983207647379,"ROE_YEARLY":17.767545922624,"ROIC_YEARLY":8.013366142883,"TOTAL_ASSETS":24953269000,"TOTAL_LIABILITIES":14849495000,"TAX_EBT":13.111284984953,"OCF_SALES":6.979840527432,"TOTAL_PARENT_EQUITY":10039979000,"DEBT_ASSET_RATIO":59.5092170088,"OPERATE_PROFIT":2052900000,"PRETAX_PROFIT":1920933000,"NETCASH_OPERATE":1084438000,"NETCASH_INVEST":639245000,"NETCASH_FINANCE":-376814000,"END_CASH":2689823000,"DIVI_RATIO":0.327109869332,"DIVIDEND_RATE":3.869653767821,"CURRENT_RATIO":1.586474639846,"COMMON_ACS":4461067880,"CURRENTDEBT_DEBT":72.970683514827,"ISSUED_COMMON_SHARES":3213890505,"HK_COMMON_SHARES":3213890505,"PER_SHARES":1000,"TOTAL_MARKET_CAP":15780202379.55,"HKSK_MARKET_CAP":15780202379.55,"PE_TTM":8.065488149864,"PB_TTM":1.194309508972,"REPORT_DATE_SQ":"2021-12-31 00:00:00","REPORT_TYPE_SQ":"2021年年报","OPERATE_INCOME_SQ":10194616000,"DPS_HKD":0.19,"OPERATE_INCOME_QOQ_SQ":19.473075180517,"NET_PROFIT_RATIO_SQ":12.8416607354,"HOLDER_PROFIT_SQ":1259071000,"HOLDER_PROFIT_QOQ_SQ":3.497083503216,"ROE_AVG_SQ":15.224751946669,"PE_TTM_SQ":8.820109299883,"PB_TTM_SQ":1.58511503583,"ROA_SQ":6.583501186153,"START_DATE":"2022-01-01 00:00:00","FISCAL_YEAR":"12-31","CURRENCY":"HKD","IS_CNY_CODE":0,"DPS_HKD_LY":0.15,"ORG_TYPE":"一般企业","PREMIUM_INCOME":null,"PREMIUM_INCOME_YOY":null,"NET_INTEREST_INCOME":null,"NET_INTEREST_INCOME_YOY":null,"FEE_COMMISSION_INCOME":null,"FEE_COMMISSION_INCOME_YOY":null,"ACCOUNTS_RECE_TDAYS":2.505916074874,"INVENTORY_TDAYS":3.079248214225,"CURRENT_ASSETS_TDAYS":0.989355147643,"TOTAL_ASSETS_TDAYS":0.679373089447,"PREMIUM_EXPENSE":null,"LOAN_DEPOSIT":null,"LOAN_EQUITY":null,"LOAN_ASSETS":null,"DEPOSIT_EQUITY":null,"DEPOSIT_ASSETS":null,"EQUITY_MULTIPLIER":2.469697857454,"EQUITY_RATIO":1.479036460136},{"SECUCODE":"00631.HK","SECURITY_CODE":"00631","SECURITY_NAME_ABBR":"三一国际","ORG_CODE":"10132009","STD_REPORT_DATE":"2022-06-30 00:00:00","REPORT_DATE":"2022-06-30 00:00:00","DATE_TYPE_CODE":"002","REPORT_TYPE":"2022年中报","PER_NETCASH_OPERATE":0.031363881257,"PER_OI":2.413497719914,"BPS":2.857148364487,"BASIC_EPS":0.29,"DILUTED_EPS":0.25,"OPERATE_INCOME":7631742000,"OPERATE_INCOME_YOY":53.1187257973,"GROSS_PROFIT":1815289000,"GROSS_PROFIT_YOY":49.389288477048,"HOLDER_PROFIT":905789000,"HOLDER_PROFIT_YOY":11.6756607475,"GROSS_PROFIT_RATIO":23.786037316251,"EPS_TTM":0.428122861305,"OPERATE_INCOME_QOQ":25.970012014185,"NET_PROFIT_RATIO":11.9581610594,"ROE_AVG":10.129818250423,"GROSS_PROFIT_QOQ":25.114619775364,"ROA":4.124138344895,"HOLDER_PROFIT_QOQ":7.521418569723,"ROE_YEARLY":20.259636500847,"ROIC_YEARLY":8.917858442538,"TOTAL_ASSETS":23141096000,"TOTAL_LIABILITIES":13862870000,"TAX_EBT":10.874558579956,"OCF_SALES":1.299519821294,"TOTAL_PARENT_EQUITY":9182562000,"DEBT_ASSET_RATIO":59.9058488846,"OPERATE_PROFIT":1096527000,"PRETAX_PROFIT":1023968000,"NETCASH_OPERATE":99176000,"NETCASH_INVEST":-1191000,"NETCASH_FINANCE":341563000,"END_CASH":1771035000,"DIVI_RATIO":0.402178476232,"DIVIDEND_RATE":3.869653767821,"CURRENT_RATIO":1.395124370592,"COMMON_ACS":4461067880,"CURRENTDEBT_DEBT":84.501874431485,"ISSUED_COMMON_SHARES":3213890505,"HK_COMMON_SHARES":3213890505,"PER_SHARES":1000,"TOTAL_MARKET_CAP":15780202379.55,"HKSK_MARKET_CAP":15780202379.55,"PE_TTM":8.065488149864,"PB_TTM":1.194309508972,"REPORT_DATE_SQ":"2021-06-30 00:00:00","REPORT_TYPE_SQ":"2021年中报","OPERATE_INCOME_SQ":4984199000,"DPS_HKD":0.19,"OPERATE_INCOME_QOQ_SQ":15.876498993259,"NET_PROFIT_RATIO_SQ":16.6314787993,"HOLDER_PROFIT_SQ":811089000,"HOLDER_PROFIT_QOQ_SQ":16.398123129444,"ROE_AVG_SQ":10.09504481036,"PE_TTM_SQ":8.820109299883,"PB_TTM_SQ":1.58511503583,"ROA_SQ":4.43200849672,"START_DATE":"2022-01-01 00:00:00","FISCAL_YEAR":"12-31","CURRENCY":"HKD","IS_CNY_CODE":0,"DPS_HKD_LY":0.15,"ORG_TYPE":"一般企业","PREMIUM_INCOME":null,"PREMIUM_INCOME_YOY":null,"NET_INTEREST_INCOME":null,"NET_INTEREST_INCOME_YOY":null,"FEE_COMMISSION_INCOME":null,"FEE_COMMISSION_INCOME_YOY":null,"ACCOUNTS_RECE_TDAYS":1.27725558837,"INVENTORY_TDAYS":1.592295652257,"CURRENT_ASSETS_TDAYS":0.499457920622,"TOTAL_ASSETS_TDAYS":0.34748004028,"PREMIUM_EXPENSE":null,"LOAN_DEPOSIT":null,"LOAN_EQUITY":null,"LOAN_ASSETS":null,"DEPOSIT_EQUITY":null,"DEPOSIT_ASSETS":null,"EQUITY_MULTIPLIER":2.494129373438,"EQUITY_RATIO":1.509695224492},{"SECUCODE":"00631.HK","SECURITY_CODE":"00631","SECURITY_NAME_ABBR":"三一国际","ORG_CODE":"10132009","STD_REPORT_DATE":"2021-12-31 00:00:00","REPORT_DATE":"2021-12-31 00:00:00","DATE_TYPE_CODE":"001","REPORT_TYPE":"2021年年报","PER_NETCASH_OPERATE":0.292568804767,"PER_OI":3.232155486004,"BPS":2.707328076816,"BASIC_EPS":0.4,"DILUTED_EPS":0.35,"OPERATE_INCOME":10194616000,"OPERATE_INCOME_YOY":38.4412167588,"GROSS_PROFIT":2389640000,"GROSS_PROFIT_YOY":21.872405358706,"HOLDER_PROFIT":1259071000,"HOLDER_PROFIT_YOY":20.4686626915,"GROSS_PROFIT_RATIO":23.440215894351,"EPS_TTM":0.399182592058,"OPERATE_INCOME_QOQ":19.473075180517,"NET_PROFIT_RATIO":12.8416607354,"ROE_AVG":15.224751946669,"GROSS_PROFIT_QOQ":11.362763629314,"ROA":6.583501186153,"HOLDER_PROFIT_QOQ":3.497083503216,"ROE_YEARLY":15.224751946669,"ROIC_YEARLY":7.022883408219,"TOTAL_ASSETS":20785122000,"TOTAL_LIABILITIES":12001974000,"TAX_EBT":8.963033995317,"OCF_SALES":9.051817155251,"TOTAL_PARENT_EQUITY":8701056000,"DEBT_ASSET_RATIO":57.7431010508,"OPERATE_PROFIT":1557717000,"PRETAX_PROFIT":1438051000,"NETCASH_OPERATE":922798000,"NETCASH_INVEST":-296011000,"NETCASH_FINANCE":-226702000,"END_CASH":1349332000,"DIVI_RATIO":0.431335943565,"DIVIDEND_RATE":3.869653767821,"CURRENT_RATIO":1.550421922546,"COMMON_ACS":4461067880,"CURRENTDEBT_DEBT":76.402523451559,"ISSUED_COMMON_SHARES":3213890505,"HK_COMMON_SHARES":3213890505,"PER_SHARES":1000,"TOTAL_MARKET_CAP":15780202379.55,"HKSK_MARKET_CAP":15780202379.55,"PE_TTM":8.065488149864,"PB_TTM":1.194309508972,"REPORT_DATE_SQ":"2020-12-31 00:00:00","REPORT_TYPE_SQ":"2020年年报","OPERATE_INCOME_SQ":7363859000,"DPS_HKD":0.19,"OPERATE_INCOME_QOQ_SQ":14.569188886265,"NET_PROFIT_RATIO_SQ":14.2798633162,"HOLDER_PROFIT_SQ":1045144000,"HOLDER_PROFIT_QOQ_SQ":3.717949863002,"ROE_AVG_SQ":13.962678827086,"PE_TTM_SQ":8.820109299883,"PB_TTM_SQ":1.58511503583,"ROA_SQ":6.332172665644,"START_DATE":"2021-01-01 00:00:00","FISCAL_YEAR":"12-31","CURRENCY":"HKD","IS_CNY_CODE":0,"DPS_HKD_LY":0.15,"ORG_TYPE":"一般企业","PREMIUM_INCOME":null,"PREMIUM_INCOME_YOY":null,"NET_INTEREST_INCOME":null,"NET_INTEREST_INCOME_YOY":null,"FEE_COMMISSION_INCOME":null,"FEE_COMMISSION_INCOME_YOY":null,"ACCOUNTS_RECE_TDAYS":2.302597041068,"INVENTORY_TDAYS":2.488514220125,"CURRENT_ASSETS_TDAYS":0.777235437522,"TOTAL_ASSETS_TDAYS":0.533061809289,"PREMIUM_EXPENSE":null,"LOAN_DEPOSIT":null,"LOAN_EQUITY":null,"LOAN_ASSETS":null,"DEPOSIT_EQUITY":null,"DEPOSIT_ASSETS":null,"EQUITY_MULTIPLIER":2.366477486202,"EQUITY_RATIO":1.379369814423},{"SECUCODE":"00631.HK","SECURITY_CODE":"00631","SECURITY_NAME_ABBR":"三一国际","ORG_CODE":"10132009","STD_REPORT_DATE":"2021-06-30 00:00:00","REPORT_DATE":"2021-06-30 00:00:00","DATE_TYPE_CODE":"002","REPORT_TYPE":"2021年中报","PER_NETCASH_OPERATE":0.265722029835,"PER_OI":1.584345542459,"BPS":2.560858245543,"BASIC_EPS":0.26,"DILUTED_EPS":0.22,"OPERATE_INCOME":4984199000,"OPERATE_INCOME_YOY":30.6448154637,"GROSS_PROFIT":1215140000,"GROSS_PROFIT_YOY":17.963762600767,"HOLDER_PROFIT":811089000,"HOLDER_PROFIT_YOY":26.7910990222,"GROSS_PROFIT_RATIO":24.379845186759,"EPS_TTM":0.386702199105,"OPERATE_INCOME_QOQ":15.876498993259,"NET_PROFIT_RATIO":16.6314787993,"ROE_AVG":10.09504481036,"GROSS_PROFIT_QOQ":9.437303266265,"ROA":4.43200849672,"HOLDER_PROFIT_QOQ":16.398123129444,"ROE_YEARLY":20.190089620719,"ROIC_YEARLY":9.614584304799,"TOTAL_ASSETS":19137258000,"TOTAL_LIABILITIES":10861278000,"TAX_EBT":12.369033914019,"OCF_SALES":16.771721995851,"TOTAL_PARENT_EQUITY":8230318000,"DEBT_ASSET_RATIO":56.7546197057,"OPERATE_PROFIT":1004509000,"PRETAX_PROFIT":945951000,"NETCASH_OPERATE":835936000,"NETCASH_INVEST":111761000,"NETCASH_FINANCE":-47662000,"END_CASH":1850028000,"DIVI_RATIO":0.445256842083,"DIVIDEND_RATE":3.869653767821,"CURRENT_RATIO":1.670782412401,"COMMON_ACS":4461067880,"CURRENTDEBT_DEBT":72.583207979761,"ISSUED_COMMON_SHARES":3213890505,"HK_COMMON_SHARES":3213890505,"PER_SHARES":1000,"TOTAL_MARKET_CAP":15780202379.55,"HKSK_MARKET_CAP":15780202379.55,"PE_TTM":8.065488149864,"PB_TTM":1.194309508972,"REPORT_DATE_SQ":"2020-06-30 00:00:00","REPORT_TYPE_SQ":"2020年中报","OPERATE_INCOME_SQ":3815076000,"DPS_HKD":0.19,"OPERATE_INCOME_QOQ_SQ":13.637929132344,"NET_PROFIT_RATIO_SQ":16.7393519815,"HOLDER_PROFIT_SQ":639705000,"HOLDER_PROFIT_QOQ_SQ":9.565339358447,"ROE_AVG_SQ":8.806007861197,"PE_TTM_SQ":8.820109299883,"PB_TTM_SQ":1.58511503583,"ROA_SQ":3.884470189308,"START_DATE":"2021-01-01 00:00:00","FISCAL_YEAR":"12-31","CURRENCY":"HKD","IS_CNY_CODE":0,"DPS_HKD_LY":0.15,"ORG_TYPE":"一般企业","PREMIUM_INCOME":null,"PREMIUM_INCOME_YOY":null,"NET_INTEREST_INCOME":null,"NET_INTEREST_INCOME_YOY":null,"FEE_COMMISSION_INCOME":null,"FEE_COMMISSION_INCOME_YOY":null,"ACCOUNTS_RECE_TDAYS":1.181506137352,"INVENTORY_TDAYS":1.384507896696,"CURRENT_ASSETS_TDAYS":0.395767725382,"TOTAL_ASSETS_TDAYS":0.272350041948,"PREMIUM_EXPENSE":null,"LOAN_DEPOSIT":null,"LOAN_EQUITY":null,"LOAN_ASSETS":null,"DEPOSIT_EQUITY":null,"DEPOSIT_ASSETS":null,"EQUITY_MULTIPLIER":2.312385723503,"EQUITY_RATIO":1.319666870709},{"SECUCODE":"00631.HK","SECURITY_CODE":"00631","SECURITY_NAME_ABBR":"三一国际","ORG_CODE":"10132009","STD_REPORT_DATE":"2020-12-31 00:00:00","REPORT_DATE":"2020-12-31 00:00:00","DATE_TYPE_CODE":"001","REPORT_TYPE":"2020年年报","PER_NETCASH_OPERATE":0.34241280238,"PER_OI":2.35569519171,"BPS":2.439017131357,"BASIC_EPS":0.34,"DILUTED_EPS":0.29,"OPERATE_INCOME":7363859000,"OPERATE_INCOME_YOY":30.1940536741,"GROSS_PROFIT":1960772000,"GROSS_PROFIT_YOY":17.47973373756,"HOLDER_PROFIT":1045144000,"HOLDER_PROFIT_YOY":13.638923743,"GROSS_PROFIT_RATIO":26.626962846518,"EPS_TTM":0.334341096896,"OPERATE_INCOME_QOQ":14.569188886265,"NET_PROFIT_RATIO":14.2798633162,"ROE_AVG":13.962678827086,"GROSS_PROFIT_QOQ":11.716434025228,"ROA":6.332172665644,"HOLDER_PROFIT_QOQ":3.717949863002,"ROE_YEARLY":13.962678827086,"ROIC_YEARLY":6.757677781806,"TOTAL_ASSETS":17464161000,"TOTAL_LIABILITIES":9605260000,"TAX_EBT":11.655102131689,"OCF_SALES":14.535530894875,"TOTAL_PARENT_EQUITY":7838734000,"DEBT_ASSET_RATIO":54.9998365223,"OPERATE_PROFIT":1353915000,"PRETAX_PROFIT":1190277000,"NETCASH_OPERATE":1070376000,"NETCASH_INVEST":-647370000,"NETCASH_FINANCE":-601723000,"END_CASH":941451000,"DIVI_RATIO":0.514988440245,"DIVIDEND_RATE":3.869653767821,"CURRENT_RATIO":1.513635951947,"COMMON_ACS":4461067880,"CURRENTDEBT_DEBT":82.647039226424,"ISSUED_COMMON_SHARES":3213890505,"HK_COMMON_SHARES":3213890505,"PER_SHARES":1000,"TOTAL_MARKET_CAP":15780202379.55,"HKSK_MARKET_CAP":15780202379.55,"PE_TTM":8.065488149864,"PB_TTM":1.194309508972,"REPORT_DATE_SQ":"2019-12-31 00:00:00","REPORT_TYPE_SQ":"2019年年报","OPERATE_INCOME_SQ":5656064000,"DPS_HKD":0.19,"OPERATE_INCOME_QOQ_SQ":7.43563574641,"NET_PROFIT_RATIO_SQ":16.2994442779,"HOLDER_PROFIT_SQ":919706000,"HOLDER_PROFIT_QOQ_SQ":15.840305916168,"ROE_AVG_SQ":13.562675795102,"PE_TTM_SQ":8.820109299883,"PB_TTM_SQ":1.58511503583,"ROA_SQ":6.46062168941,"START_DATE":"2020-01-01 00:00:00","FISCAL_YEAR":"12-31","CURRENCY":"HKD","IS_CNY_CODE":0,"DPS_HKD_LY":0.12,"ORG_TYPE":"一般企业","PREMIUM_INCOME":null,"PREMIUM_INCOME_YOY":null,"NET_INTEREST_INCOME":null,"NET_INTEREST_INCOME_YOY":null,"FEE_COMMISSION_INCOME":null,"FEE_COMMISSION_INCOME_YOY":null,"ACCOUNTS_RECE_TDAYS":2.121592267622,"INVENTORY_TDAYS":2.204024615495,"CURRENT_ASSETS_TDAYS":0.658846281169,"TOTAL_ASSETS_TDAYS":0.446151216229,"PREMIUM_EXPENSE":null,"LOAN_DEPOSIT":null,"LOAN_EQUITY":null,"LOAN_ASSETS":null,"DEPOSIT_EQUITY":null,"DEPOSIT_ASSETS":null,"EQUITY_MULTIPLIER":2.222214149279,"EQUITY_RATIO":1.22535858469},{"SECUCODE":"00631.HK","SECURITY_CODE":"00631","SECURITY_NAME_ABBR":"三一国际","ORG_CODE":"10132009","STD_REPORT_DATE":"2020-06-30 00:00:00","REPORT_DATE":"2020-06-30 00:00:00","DATE_TYPE_CODE":"002","REPORT_TYPE":"2020年中报","PER_NETCASH_OPERATE":0.208431895475,"PER_OI":1.225992318982,"BPS":2.30158058854,"BASIC_EPS":0.21,"DILUTED_EPS":0.18,"OPERATE_INCOME":3815076000,"OPERATE_INCOME_YOY":25.3431178964,"GROSS_PROFIT":1030096000,"GROSS_PROFIT_YOY":9.121148144107,"HOLDER_PROFIT":639705000,"HOLDER_PROFIT_YOY":15.9448790355,"GROSS_PROFIT_RATIO":27.000667876603,"EPS_TTM":0.323822307603,"OPERATE_INCOME_QOQ":13.637929132344,"NET_PROFIT_RATIO":16.7393519815,"ROE_AVG":8.806007861197,"GROSS_PROFIT_QOQ":5.158864729813,"ROA":3.884470189308,"HOLDER_PROFIT_QOQ":9.565339358447,"ROE_YEARLY":17.612015722394,"ROIC_YEARLY":8.316770939139,"TOTAL_ASSETS":17390102000,"TOTAL_LIABILITIES":9980398000,"TAX_EBT":15.297127668605,"OCF_SALES":17.001076780646,"TOTAL_PARENT_EQUITY":7397028000,"DEBT_ASSET_RATIO":57.3912562445,"OPERATE_PROFIT":830903000,"PRETAX_PROFIT":753952000,"NETCASH_OPERATE":648604000,"NETCASH_INVEST":-1180500000,"NETCASH_FINANCE":466877000,"END_CASH":1039940000,"DIVI_RATIO":0.531716919921,"DIVIDEND_RATE":3.869653767821,"CURRENT_RATIO":1.450152633947,"COMMON_ACS":4461067880,"CURRENTDEBT_DEBT":84.924809611801,"ISSUED_COMMON_SHARES":3213890505,"HK_COMMON_SHARES":3213890505,"PER_SHARES":1000,"TOTAL_MARKET_CAP":15780202379.55,"HKSK_MARKET_CAP":15780202379.55,"PE_TTM":8.065488149864,"PB_TTM":1.194309508972,"REPORT_DATE_SQ":"2019-06-30 00:00:00","REPORT_TYPE_SQ":"2019年中报","OPERATE_INCOME_SQ":3043706000,"DPS_HKD":0.19,"OPERATE_INCOME_QOQ_SQ":19.191164751013,"NET_PROFIT_RATIO_SQ":18.1608539064,"HOLDER_PROFIT_SQ":551732000,"HOLDER_PROFIT_QOQ_SQ":32.277756581457,"ROE_AVG_SQ":8.364520329707,"PE_TTM_SQ":8.820109299883,"PB_TTM_SQ":1.58511503583,"ROA_SQ":4.202534734788,"START_DATE":"2020-01-01 00:00:00","FISCAL_YEAR":"12-31","CURRENCY":"HKD","IS_CNY_CODE":0,"DPS_HKD_LY":0.12,"ORG_TYPE":"一般企业","PREMIUM_INCOME":null,"PREMIUM_INCOME_YOY":null,"NET_INTEREST_INCOME":null,"NET_INTEREST_INCOME_YOY":null,"FEE_COMMISSION_INCOME":null,"FEE_COMMISSION_INCOME_YOY":null,"ACCOUNTS_RECE_TDAYS":1.068765345687,"INVENTORY_TDAYS":1.359292674653,"CURRENT_ASSETS_TDAYS":0.33718303548,"TOTAL_ASSETS_TDAYS":0.23166223481,"PREMIUM_EXPENSE":null,"LOAN_DEPOSIT":null,"LOAN_EQUITY":null,"LOAN_ASSETS":null,"DEPOSIT_EQUITY":null,"DEPOSIT_ASSETS":null,"EQUITY_MULTIPLIER":2.346936125923,"EQUITY_RATIO":1.349244318123}],"count":35},"success":true,"message":"ok","code":0}