{"version":"71abb3a9b1f73710d8d7cc10b31d27a1","result":{"pages":5,"data":[{"SECUCODE":"00637.HK","SECURITY_CODE":"00637","SECURITY_NAME_ABBR":"利记","ORG_CODE":"10094192","STD_REPORT_DATE":"2024-06-30 00:00:00","REPORT_DATE":"2024-09-30 00:00:00","DATE_TYPE_CODE":"002","REPORT_TYPE":"2024年中报","PER_NETCASH_OPERATE":-0.066024629659,"PER_OI":1.096379687976,"BPS":0.867110121762,"BASIC_EPS":-0.019568843,"DILUTED_EPS":-0.019568843,"OPERATE_INCOME":908624666.41,"OPERATE_INCOME_YOY":19.299556347,"GROSS_PROFIT":35689241.04,"GROSS_PROFIT_YOY":6.488636350145,"HOLDER_PROFIT":-16224103.89,"HOLDER_PROFIT_YOY":-22.8138439484,"GROSS_PROFIT_RATIO":3.927830969085,"EPS_TTM":-0.054359089834,"OPERATE_INCOME_QOQ":0,"NET_PROFIT_RATIO":-1.7715732464,"ROE_AVG":-2.235196991411,"GROSS_PROFIT_QOQ":0,"ROA":-2.083271817122,"HOLDER_PROFIT_QOQ":0,"ROE_YEARLY":-4.470393982821,"ROIC_YEARLY":-5.765329829677,"TOTAL_ASSETS":778267314.75,"TOTAL_LIABILITIES":59805811.01,"TAX_EBT":-9.241126070991,"OCF_SALES":-6.022058816232,"TOTAL_PARENT_EQUITY":718617513.41,"DEBT_ASSET_RATIO":7.6844819096,"OPERATE_PROFIT":-15417903.63,"PRETAX_PROFIT":-14735248.6,"NETCASH_OPERATE":-54717911.83,"NETCASH_INVEST":-2460984.91,"NETCASH_FINANCE":11151535.14,"END_CASH":193772126.25,"DIVI_RATIO":null,"DIVIDEND_RATE":null,"CURRENT_RATIO":14.801441187162,"COMMON_ACS":8000000000,"CURRENTDEBT_DEBT":70.518252687767,"ISSUED_COMMON_SHARES":828750000,"HK_COMMON_SHARES":828750000,"PER_SHARES":2000,"TOTAL_MARKET_CAP":108566250,"HKSK_MARKET_CAP":108566250,"PE_TTM":-2.047029376273,"PB_TTM":0.136239316132,"REPORT_DATE_SQ":"2023-06-30 00:00:00","REPORT_TYPE_SQ":"2023年中报","OPERATE_INCOME_SQ":775011027.77,"DPS_HKD":null,"OPERATE_INCOME_QOQ_SQ":0,"NET_PROFIT_RATIO_SQ":-1.7420513652,"HOLDER_PROFIT_SQ":-13442361.87,"HOLDER_PROFIT_QOQ_SQ":0,"ROE_AVG_SQ":-1.705702558729,"PE_TTM_SQ":-2.385578583765,"PB_TTM_SQ":0.147277825957,"ROA_SQ":-1.613734756601,"START_DATE":"2024-04-01 00:00:00","FISCAL_YEAR":"3-31","CURRENCY":"HKD","IS_CNY_CODE":0,"DPS_HKD_LY":null,"ORG_TYPE":"一般企业","PREMIUM_INCOME":null,"PREMIUM_INCOME_YOY":null,"NET_INTEREST_INCOME":null,"NET_INTEREST_INCOME_YOY":null,"FEE_COMMISSION_INCOME":null,"FEE_COMMISSION_INCOME_YOY":null,"ACCOUNTS_RECE_TDAYS":3.928872511747,"INVENTORY_TDAYS":5.101397873546,"CURRENT_ASSETS_TDAYS":1.465808248035,"TOTAL_ASSETS_TDAYS":1.166728327622,"PREMIUM_EXPENSE":null,"LOAN_DEPOSIT":null,"LOAN_EQUITY":null,"LOAN_ASSETS":null,"DEPOSIT_EQUITY":null,"DEPOSIT_ASSETS":null,"EQUITY_MULTIPLIER":1.083241496864,"EQUITY_RATIO":0.083223425388},{"SECUCODE":"00637.HK","SECURITY_CODE":"00637","SECURITY_NAME_ABBR":"利记","ORG_CODE":"10094192","STD_REPORT_DATE":"2023-12-31 00:00:00","REPORT_DATE":"2024-03-31 00:00:00","DATE_TYPE_CODE":"001","REPORT_TYPE":"2023年年报","PER_NETCASH_OPERATE":0.057791673725,"PER_OI":1.859032960543,"BPS":0.889225186848,"BASIC_EPS":-0.054393,"DILUTED_EPS":-0.054393,"OPERATE_INCOME":1540673566.05,"OPERATE_INCOME_YOY":-22.9141464517,"GROSS_PROFIT":61348051.6,"GROSS_PROFIT_YOY":-9.395157021264,"HOLDER_PROFIT":-45050095.7,"HOLDER_PROFIT_YOY":-11.7497582586,"GROSS_PROFIT_RATIO":3.981898109493,"EPS_TTM":-0.055544680109,"OPERATE_INCOME_QOQ":0,"NET_PROFIT_RATIO":-2.9332311851,"ROE_AVG":-5.89317246311,"GROSS_PROFIT_QOQ":0,"ROA":-5.552718646537,"HOLDER_PROFIT_QOQ":0,"ROE_YEARLY":-5.89317246311,"ROIC_YEARLY":-7.617158610076,"TOTAL_ASSETS":783406061.1,"TOTAL_LIABILITIES":46745344.2,"TAX_EBT":-8.828537746147,"OCF_SALES":3.108695485884,"TOTAL_PARENT_EQUITY":736945373.6,"DEBT_ASSET_RATIO":5.9669367549,"OPERATE_PROFIT":-43571512.65,"PRETAX_PROFIT":-41525429.3,"NETCASH_OPERATE":47894849.6,"NETCASH_INVEST":-5491879.9,"NETCASH_FINANCE":55299.55,"END_CASH":239854092.45,"DIVI_RATIO":null,"DIVIDEND_RATE":null,"CURRENT_RATIO":21.436418454194,"COMMON_ACS":8000000000,"CURRENTDEBT_DEBT":61.75044604763,"ISSUED_COMMON_SHARES":828750000,"HK_COMMON_SHARES":828750000,"PER_SHARES":2000,"TOTAL_MARKET_CAP":112710000,"HKSK_MARKET_CAP":112710000,"PE_TTM":-2.125160268497,"PB_TTM":0.14143929003,"REPORT_DATE_SQ":"2022-12-31 00:00:00","REPORT_TYPE_SQ":"2022年年报","OPERATE_INCOME_SQ":1929992790.93,"DPS_HKD":null,"OPERATE_INCOME_QOQ_SQ":0,"NET_PROFIT_RATIO_SQ":-2.0226582355,"HOLDER_PROFIT_SQ":-38928607.29,"HOLDER_PROFIT_QOQ_SQ":0,"ROE_AVG_SQ":-4.949675681542,"PE_TTM_SQ":-2.735463442717,"PB_TTM_SQ":0.168878573764,"ROA_SQ":-4.353544762877,"START_DATE":"2023-04-01 00:00:00","FISCAL_YEAR":"3-31","CURRENCY":"HKD","IS_CNY_CODE":0,"DPS_HKD_LY":null,"ORG_TYPE":"一般企业","PREMIUM_INCOME":null,"PREMIUM_INCOME_YOY":null,"NET_INTEREST_INCOME":null,"NET_INTEREST_INCOME_YOY":null,"FEE_COMMISSION_INCOME":null,"FEE_COMMISSION_INCOME_YOY":null,"ACCOUNTS_RECE_TDAYS":7.396101522312,"INVENTORY_TDAYS":7.122659071813,"CURRENT_ASSETS_TDAYS":2.415331145146,"TOTAL_ASSETS_TDAYS":1.898980835779,"PREMIUM_EXPENSE":null,"LOAN_DEPOSIT":null,"LOAN_EQUITY":null,"LOAN_ASSETS":null,"DEPOSIT_EQUITY":null,"DEPOSIT_ASSETS":null,"EQUITY_MULTIPLIER":1.063455730878,"EQUITY_RATIO":0.063431220107},{"SECUCODE":"00637.HK","SECURITY_CODE":"00637","SECURITY_NAME_ABBR":"利记","ORG_CODE":"10094192","STD_REPORT_DATE":"2023-06-30 00:00:00","REPORT_DATE":"2023-09-30 00:00:00","DATE_TYPE_CODE":"002","REPORT_TYPE":"2023年中报","PER_NETCASH_OPERATE":0.059877641195,"PER_OI":0.935156594594,"BPS":0.934590791964,"BASIC_EPS":-0.016242051,"DILUTED_EPS":-0.016242051,"OPERATE_INCOME":775011027.77,"OPERATE_INCOME_YOY":-35.256347849,"GROSS_PROFIT":33514600.49,"GROSS_PROFIT_YOY":-30.065230100769,"HOLDER_PROFIT":-13442361.87,"HOLDER_PROFIT_YOY":-109.0325342466,"GROSS_PROFIT_RATIO":4.324403045778,"EPS_TTM":-0.04697267848,"OPERATE_INCOME_QOQ":0,"NET_PROFIT_RATIO":-1.7420513652,"ROE_AVG":-1.705702558729,"GROSS_PROFIT_QOQ":0,"ROA":-1.613734756601,"HOLDER_PROFIT_QOQ":0,"ROE_YEARLY":-3.411405117457,"ROIC_YEARLY":-4.411811209777,"TOTAL_ASSETS":816510844.52,"TOTAL_LIABILITIES":42172439.54,"TAX_EBT":-14.13389186254,"OCF_SALES":6.402953424132,"TOTAL_PARENT_EQUITY":774542118.84,"DEBT_ASSET_RATIO":5.1649576761,"OPERATE_PROFIT":-12588965.97,"PRETAX_PROFIT":-11829168.33,"NETCASH_OPERATE":49623595.14,"NETCASH_INVEST":-1537030.25,"NETCASH_FINANCE":-1955469.53,"END_CASH":244785143.54,"DIVI_RATIO":null,"DIVIDEND_RATE":null,"CURRENT_RATIO":27.376327468696,"COMMON_ACS":8000000000,"CURRENTDEBT_DEBT":54.911005700857,"ISSUED_COMMON_SHARES":828750000,"HK_COMMON_SHARES":828750000,"PER_SHARES":2000,"TOTAL_MARKET_CAP":112710000,"HKSK_MARKET_CAP":112710000,"PE_TTM":-2.125160268497,"PB_TTM":0.14143929003,"REPORT_DATE_SQ":"2022-06-30 00:00:00","REPORT_TYPE_SQ":"2022年中报","OPERATE_INCOME_SQ":1179839266.68,"DPS_HKD":null,"OPERATE_INCOME_QOQ_SQ":0,"NET_PROFIT_RATIO_SQ":-0.5527034558,"HOLDER_PROFIT_SQ":-6338315.52,"HOLDER_PROFIT_QOQ_SQ":0,"ROE_AVG_SQ":-0.778125437196,"PE_TTM_SQ":-2.735463442717,"PB_TTM_SQ":0.168878573764,"ROA_SQ":-0.649390362558,"START_DATE":"2023-04-01 00:00:00","FISCAL_YEAR":"3-31","CURRENCY":"HKD","IS_CNY_CODE":0,"DPS_HKD_LY":null,"ORG_TYPE":"一般企业","PREMIUM_INCOME":null,"PREMIUM_INCOME_YOY":null,"NET_INTEREST_INCOME":null,"NET_INTEREST_INCOME_YOY":null,"FEE_COMMISSION_INCOME":null,"FEE_COMMISSION_INCOME_YOY":null,"ACCOUNTS_RECE_TDAYS":3.744473040764,"INVENTORY_TDAYS":3.440029289309,"CURRENT_ASSETS_TDAYS":1.193274770145,"TOTAL_ASSETS_TDAYS":0.930388754861,"PREMIUM_EXPENSE":null,"LOAN_DEPOSIT":null,"LOAN_EQUITY":null,"LOAN_ASSETS":null,"DEPOSIT_EQUITY":null,"DEPOSIT_ASSETS":null,"EQUITY_MULTIPLIER":1.054462544114,"EQUITY_RATIO":0.054448219812},{"SECUCODE":"00637.HK","SECURITY_CODE":"00637","SECURITY_NAME_ABBR":"利记","ORG_CODE":"10094192","STD_REPORT_DATE":"2022-12-31 00:00:00","REPORT_DATE":"2023-03-31 00:00:00","DATE_TYPE_CODE":"001","REPORT_TYPE":"2022年年报","PER_NETCASH_OPERATE":0.195991491342,"PER_OI":2.328799747729,"BPS":0.922766115982,"BASIC_EPS":-0.047009517,"DILUTED_EPS":-0.047009517,"OPERATE_INCOME":1929992790.93,"OPERATE_INCOME_YOY":-13.5344025282,"GROSS_PROFIT":67709461.86,"GROSS_PROFIT_YOY":-42.676389446763,"HOLDER_PROFIT":-38928607.29,"HOLDER_PROFIT_YOY":-338.3502170767,"GROSS_PROFIT_RATIO":3.508275376893,"EPS_TTM":0.002526772356,"OPERATE_INCOME_QOQ":0,"NET_PROFIT_RATIO":-2.0226582355,"ROE_AVG":-4.949675681542,"GROSS_PROFIT_QOQ":0,"ROA":-4.353544762877,"HOLDER_PROFIT_QOQ":0,"ROE_YEARLY":-4.949675681542,"ROIC_YEARLY":-5.512700757254,"TOTAL_ASSETS":810398551.76,"TOTAL_LIABILITIES":45794447.92,"TAX_EBT":-26.8720837601,"OCF_SALES":8.415987314218,"TOTAL_PARENT_EQUITY":764742418.62,"DEBT_ASSET_RATIO":5.6508551034,"OPERATE_PROFIT":-26706132.87,"PRETAX_PROFIT":-30768910.68,"NETCASH_OPERATE":162427948.45,"NETCASH_INVEST":-16754471.99,"NETCASH_FINANCE":-130310906.37,"END_CASH":193465610,"DIVI_RATIO":null,"DIVIDEND_RATE":null,"CURRENT_RATIO":22.984332381859,"COMMON_ACS":8000000000,"CURRENTDEBT_DEBT":60.272977519498,"ISSUED_COMMON_SHARES":828750000,"HK_COMMON_SHARES":828750000,"PER_SHARES":2000,"TOTAL_MARKET_CAP":112710000,"HKSK_MARKET_CAP":112710000,"PE_TTM":-2.125160268497,"PB_TTM":0.14143929003,"REPORT_DATE_SQ":"2021-12-31 00:00:00","REPORT_TYPE_SQ":"2021年年报","OPERATE_INCOME_SQ":2067888156.69,"DPS_HKD":null,"OPERATE_INCOME_QOQ_SQ":0,"NET_PROFIT_RATIO_SQ":0.7270854732,"HOLDER_PROFIT_SQ":15131013.57,"HOLDER_PROFIT_QOQ_SQ":0,"ROE_AVG_SQ":2.044471669487,"PE_TTM_SQ":-2.735463442717,"PB_TTM_SQ":0.168878573764,"ROA_SQ":1.732945138265,"START_DATE":"2022-04-01 00:00:00","FISCAL_YEAR":"3-31","CURRENCY":"HKD","IS_CNY_CODE":0,"DPS_HKD_LY":0.01,"ORG_TYPE":"一般企业","PREMIUM_INCOME":null,"PREMIUM_INCOME_YOY":null,"NET_INTEREST_INCOME":null,"NET_INTEREST_INCOME_YOY":null,"FEE_COMMISSION_INCOME":null,"FEE_COMMISSION_INCOME_YOY":null,"ACCOUNTS_RECE_TDAYS":7.972693542788,"INVENTORY_TDAYS":6.160977495761,"CURRENT_ASSETS_TDAYS":2.63159226591,"TOTAL_ASSETS_TDAYS":2.158389573187,"PREMIUM_EXPENSE":null,"LOAN_DEPOSIT":null,"LOAN_EQUITY":null,"LOAN_ASSETS":null,"DEPOSIT_EQUITY":null,"DEPOSIT_ASSETS":null,"EQUITY_MULTIPLIER":1.05989301874,"EQUITY_RATIO":0.059882186217},{"SECUCODE":"00637.HK","SECURITY_CODE":"00637","SECURITY_NAME_ABBR":"利记","ORG_CODE":"10094192","STD_REPORT_DATE":"2022-06-30 00:00:00","REPORT_DATE":"2022-09-30 00:00:00","DATE_TYPE_CODE":"002","REPORT_TYPE":"2022年中报","PER_NETCASH_OPERATE":0.162137853828,"PER_OI":1.423637124199,"BPS":0.958176013466,"BASIC_EPS":-0.00768774,"DILUTED_EPS":-0.00768774,"OPERATE_INCOME":1179839266.68,"OPERATE_INCOME_YOY":4.8763388949,"GROSS_PROFIT":47922657.84,"GROSS_PROFIT_YOY":-10.675210082127,"HOLDER_PROFIT":-6338315.52,"HOLDER_PROFIT_YOY":-187.1533391369,"GROSS_PROFIT_RATIO":4.061795465992,"EPS_TTM":0.018257633267,"OPERATE_INCOME_QOQ":0,"NET_PROFIT_RATIO":-0.5527034558,"ROE_AVG":-0.778125437196,"GROSS_PROFIT_QOQ":0,"ROA":-0.649390362558,"HOLDER_PROFIT_QOQ":0,"ROE_YEARLY":-1.556250874392,"ROIC_YEARLY":-1.708415126836,"TOTAL_ASSETS":941685743.64,"TOTAL_LIABILITIES":147810820.32,"TAX_EBT":-109.653969177086,"OCF_SALES":11.388987479465,"TOTAL_PARENT_EQUITY":794088371.16,"DEBT_ASSET_RATIO":15.6964062925,"OPERATE_PROFIT":-317458.44,"PRETAX_PROFIT":-3110369.16,"NETCASH_OPERATE":134371746.36,"NETCASH_INVEST":-7064580.84,"NETCASH_FINANCE":-25142527.56,"END_CASH":279501806.52,"DIVI_RATIO":null,"DIVIDEND_RATE":null,"CURRENT_RATIO":5.79136533707,"COMMON_ACS":8000000000,"CURRENTDEBT_DEBT":92.563085884916,"ISSUED_COMMON_SHARES":828750000,"HK_COMMON_SHARES":828750000,"PER_SHARES":2000,"TOTAL_MARKET_CAP":112710000,"HKSK_MARKET_CAP":112710000,"PE_TTM":-2.125160268497,"PB_TTM":0.14143929003,"REPORT_DATE_SQ":"2021-06-30 00:00:00","REPORT_TYPE_SQ":"2021年中报","OPERATE_INCOME_SQ":1036195849.58,"DPS_HKD":null,"OPERATE_INCOME_QOQ_SQ":0,"NET_PROFIT_RATIO_SQ":0.6405149203,"HOLDER_PROFIT_SQ":6698635.46,"HOLDER_PROFIT_QOQ_SQ":0,"ROE_AVG_SQ":0.888804391739,"PE_TTM_SQ":-2.735463442717,"PB_TTM_SQ":0.168878573764,"ROA_SQ":0.762062354347,"START_DATE":"2022-04-01 00:00:00","FISCAL_YEAR":"3-31","CURRENCY":"HKD","IS_CNY_CODE":0,"DPS_HKD_LY":0.01,"ORG_TYPE":"一般企业","PREMIUM_INCOME":null,"PREMIUM_INCOME_YOY":null,"NET_INTEREST_INCOME":null,"NET_INTEREST_INCOME_YOY":null,"FEE_COMMISSION_INCOME":null,"FEE_COMMISSION_INCOME_YOY":null,"ACCOUNTS_RECE_TDAYS":4.486592640871,"INVENTORY_TDAYS":3.536565619459,"CURRENT_ASSETS_TDAYS":1.428075514661,"TOTAL_ASSETS_TDAYS":1.20880105563,"PREMIUM_EXPENSE":null,"LOAN_DEPOSIT":null,"LOAN_EQUITY":null,"LOAN_ASSETS":null,"DEPOSIT_EQUITY":null,"DEPOSIT_ASSETS":null,"EQUITY_MULTIPLIER":1.186189053185,"EQUITY_RATIO":0.186139006297},{"SECUCODE":"00637.HK","SECURITY_CODE":"00637","SECURITY_NAME_ABBR":"利记","ORG_CODE":"10094192","STD_REPORT_DATE":"2021-12-31 00:00:00","REPORT_DATE":"2022-03-31 00:00:00","DATE_TYPE_CODE":"001","REPORT_TYPE":"2021年年报","PER_NETCASH_OPERATE":-0.074980871445,"PER_OI":2.495189329339,"BPS":0.903499880097,"BASIC_EPS":0.018247725,"DILUTED_EPS":0.018247725,"OPERATE_INCOME":2067888156.69,"OPERATE_INCOME_YOY":30.6315094327,"GROSS_PROFIT":118117929.43,"GROSS_PROFIT_YOY":23.905951383304,"HOLDER_PROFIT":15131013.57,"HOLDER_PROFIT_YOY":10.5141570904,"GROSS_PROFIT_RATIO":5.71200763677,"EPS_TTM":0.019577088845,"OPERATE_INCOME_QOQ":0,"NET_PROFIT_RATIO":0.7270854732,"ROE_AVG":2.044471669487,"GROSS_PROFIT_QOQ":0,"ROA":1.732945138265,"HOLDER_PROFIT_QOQ":0,"ROE_YEARLY":2.044471669487,"ROIC_YEARLY":2.252995571174,"TOTAL_ASSETS":906020632.51,"TOTAL_LIABILITIES":157272681.22,"TAX_EBT":29.771194787484,"OCF_SALES":-3.005017317255,"TOTAL_PARENT_EQUITY":748775525.63,"DEBT_ASSET_RATIO":17.358620276,"OPERATE_PROFIT":23330324.67,"PRETAX_PROFIT":21409041.98,"NETCASH_OPERATE":-62140397.21,"NETCASH_INVEST":-38074486.47,"NETCASH_FINANCE":33656915,"END_CASH":169298337.5,"DIVI_RATIO":null,"DIVIDEND_RATE":null,"CURRENT_RATIO":5.254691851983,"COMMON_ACS":8000000000,"CURRENTDEBT_DEBT":93.311743897031,"ISSUED_COMMON_SHARES":828750000,"HK_COMMON_SHARES":828750000,"PER_SHARES":2000,"TOTAL_MARKET_CAP":112710000,"HKSK_MARKET_CAP":112710000,"PE_TTM":-2.125160268497,"PB_TTM":0.14143929003,"REPORT_DATE_SQ":"2020-12-31 00:00:00","REPORT_TYPE_SQ":"2020年年报","OPERATE_INCOME_SQ":1649689093.22,"DPS_HKD":null,"OPERATE_INCOME_QOQ_SQ":0,"NET_PROFIT_RATIO_SQ":0.8628608638,"HOLDER_PROFIT_SQ":14268328.76,"HOLDER_PROFIT_QOQ_SQ":0,"ROE_AVG_SQ":1.913469946609,"PE_TTM_SQ":-2.735463442717,"PB_TTM_SQ":0.168878573764,"ROA_SQ":1.613504426098,"START_DATE":"2021-04-01 00:00:00","FISCAL_YEAR":"3-31","CURRENCY":"HKD","IS_CNY_CODE":0,"DPS_HKD_LY":0.01,"ORG_TYPE":"一般企业","PREMIUM_INCOME":null,"PREMIUM_INCOME_YOY":null,"NET_INTEREST_INCOME":null,"NET_INTEREST_INCOME_YOY":null,"FEE_COMMISSION_INCOME":null,"FEE_COMMISSION_INCOME_YOY":null,"ACCOUNTS_RECE_TDAYS":8.944141407409,"INVENTORY_TDAYS":6.027636921603,"CURRENT_ASSETS_TDAYS":2.73068946517,"TOTAL_ASSETS_TDAYS":2.368338849895,"PREMIUM_EXPENSE":null,"LOAN_DEPOSIT":null,"LOAN_EQUITY":null,"LOAN_ASSETS":null,"DEPOSIT_EQUITY":null,"DEPOSIT_ASSETS":null,"EQUITY_MULTIPLIER":1.21004756133,"EQUITY_RATIO":0.210039826138},{"SECUCODE":"00637.HK","SECURITY_CODE":"00637","SECURITY_NAME_ABBR":"利记","ORG_CODE":"10094192","STD_REPORT_DATE":"2021-06-30 00:00:00","REPORT_DATE":"2021-09-30 00:00:00","DATE_TYPE_CODE":"002","REPORT_TYPE":"2021年中报","PER_NETCASH_OPERATE":-0.09058666797,"PER_OI":1.250311734033,"BPS":0.912262771137,"BASIC_EPS":0.008080682,"DILUTED_EPS":0.008080682,"OPERATE_INCOME":1036195849.58,"OPERATE_INCOME_YOY":43.9561457011,"GROSS_PROFIT":53649897.06,"GROSS_PROFIT_YOY":27.030353500206,"HOLDER_PROFIT":6698635.46,"HOLDER_PROFIT_YOY":48.9901797295,"GROSS_PROFIT_RATIO":5.177582701354,"EPS_TTM":0.017216686287,"OPERATE_INCOME_QOQ":0,"NET_PROFIT_RATIO":0.6405149203,"ROE_AVG":0.888804391739,"GROSS_PROFIT_QOQ":0,"ROA":0.762062354347,"HOLDER_PROFIT_QOQ":0,"ROE_YEARLY":1.777608783479,"ROIC_YEARLY":1.952601870525,"TOTAL_ASSETS":894926367.84,"TOTAL_LIABILITIES":138880265.66,"TAX_EBT":34.427983539095,"OCF_SALES":-7.245126595559,"TOTAL_PARENT_EQUITY":756037771.58,"DEBT_ASSET_RATIO":15.5186248445,"OPERATE_PROFIT":10783961.7,"PRETAX_PROFIT":10121679,"NETCASH_OPERATE":-75073701.08,"NETCASH_INVEST":-36103154.28,"NETCASH_FINANCE":15823141.64,"END_CASH":145598894.56,"DIVI_RATIO":null,"DIVIDEND_RATE":null,"CURRENT_RATIO":5.683782539446,"COMMON_ACS":8000000000,"CURRENTDEBT_DEBT":96.411154632868,"ISSUED_COMMON_SHARES":828750000,"HK_COMMON_SHARES":828750000,"PER_SHARES":2000,"TOTAL_MARKET_CAP":112710000,"HKSK_MARKET_CAP":112710000,"PE_TTM":-2.125160268497,"PB_TTM":0.14143929003,"REPORT_DATE_SQ":"2020-06-30 00:00:00","REPORT_TYPE_SQ":"2020年中报","OPERATE_INCOME_SQ":759251864.96,"DPS_HKD":null,"OPERATE_INCOME_QOQ_SQ":0,"NET_PROFIT_RATIO_SQ":0.6271678609,"HOLDER_PROFIT_SQ":4742451.84,"HOLDER_PROFIT_QOQ_SQ":0,"ROE_AVG_SQ":0.62013918373,"PE_TTM_SQ":-2.735463442717,"PB_TTM_SQ":0.168878573764,"ROA_SQ":0.527339942752,"START_DATE":"2021-04-01 00:00:00","FISCAL_YEAR":"3-31","CURRENCY":"HKD","IS_CNY_CODE":0,"DPS_HKD_LY":0.01,"ORG_TYPE":"一般企业","PREMIUM_INCOME":null,"PREMIUM_INCOME_YOY":null,"NET_INTEREST_INCOME":null,"NET_INTEREST_INCOME_YOY":null,"FEE_COMMISSION_INCOME":null,"FEE_COMMISSION_INCOME_YOY":null,"ACCOUNTS_RECE_TDAYS":4.736915665404,"INVENTORY_TDAYS":2.809807532417,"CURRENT_ASSETS_TDAYS":1.359252360551,"TOTAL_ASSETS_TDAYS":1.178815974404,"PREMIUM_EXPENSE":null,"LOAN_DEPOSIT":null,"LOAN_EQUITY":null,"LOAN_ASSETS":null,"DEPOSIT_EQUITY":null,"DEPOSIT_ASSETS":null,"EQUITY_MULTIPLIER":1.183692853199,"EQUITY_RATIO":0.183694877268},{"SECUCODE":"00637.HK","SECURITY_CODE":"00637","SECURITY_NAME_ABBR":"利记","ORG_CODE":"10094192","STD_REPORT_DATE":"2020-12-31 00:00:00","REPORT_DATE":"2021-03-31 00:00:00","DATE_TYPE_CODE":"001","REPORT_TYPE":"2020年年报","PER_NETCASH_OPERATE":0.017521613973,"PER_OI":1.990575074775,"BPS":0.919733289557,"BASIC_EPS":0.017241672,"DILUTED_EPS":0.017241672,"OPERATE_INCOME":1649689093.22,"OPERATE_INCOME_YOY":4.7052140206,"GROSS_PROFIT":95328697.38,"GROSS_PROFIT_YOY":5449.60642722249,"HOLDER_PROFIT":14268328.76,"HOLDER_PROFIT_YOY":113.1831918599,"GROSS_PROFIT_RATIO":5.778585660279,"EPS_TTM":-0.075040661152,"OPERATE_INCOME_QOQ":0,"NET_PROFIT_RATIO":0.8628608638,"ROE_AVG":1.913469946609,"GROSS_PROFIT_QOQ":0,"ROA":1.613504426098,"HOLDER_PROFIT_QOQ":0,"ROE_YEARLY":1.913469946609,"ROIC_YEARLY":2.253867869299,"TOTAL_ASSETS":875658881.16,"TOTAL_LIABILITIES":113358922.32,"TAX_EBT":24.502420656267,"OCF_SALES":0.880228743687,"TOTAL_PARENT_EQUITY":762228963.72,"DEBT_ASSET_RATIO":12.9455573122,"OPERATE_PROFIT":19650435,"PRETAX_PROFIT":18854275.44,"NETCASH_OPERATE":14521037.58,"NETCASH_INVEST":-6349837.34,"NETCASH_FINANCE":-28232392.72,"END_CASH":243596089.24,"DIVI_RATIO":null,"DIVIDEND_RATE":null,"CURRENT_RATIO":7.118680396999,"COMMON_ACS":8000000000,"CURRENTDEBT_DEBT":96.005189227879,"ISSUED_COMMON_SHARES":828750000,"HK_COMMON_SHARES":828750000,"PER_SHARES":2000,"TOTAL_MARKET_CAP":112710000,"HKSK_MARKET_CAP":112710000,"PE_TTM":-2.125160268497,"PB_TTM":0.14143929003,"REPORT_DATE_SQ":"2019-12-31 00:00:00","REPORT_TYPE_SQ":"2019年年报","OPERATE_INCOME_SQ":1703288474.2,"DPS_HKD":null,"OPERATE_INCOME_QOQ_SQ":0,"NET_PROFIT_RATIO_SQ":-6.874763299,"HOLDER_PROFIT_SQ":-117005680.9,"HOLDER_PROFIT_QOQ_SQ":0,"ROE_AVG_SQ":-13.676634952065,"PE_TTM_SQ":-2.735463442717,"PB_TTM_SQ":0.168878573764,"ROA_SQ":-10.860543989796,"START_DATE":"2020-04-01 00:00:00","FISCAL_YEAR":"3-31","CURRENCY":"HKD","IS_CNY_CODE":0,"DPS_HKD_LY":null,"ORG_TYPE":"一般企业","PREMIUM_INCOME":null,"PREMIUM_INCOME_YOY":null,"NET_INTEREST_INCOME":null,"NET_INTEREST_INCOME_YOY":null,"FEE_COMMISSION_INCOME":null,"FEE_COMMISSION_INCOME_YOY":null,"ACCOUNTS_RECE_TDAYS":9.263650731124,"INVENTORY_TDAYS":4.361904536021,"CURRENT_ASSETS_TDAYS":2.093991951792,"TOTAL_ASSETS_TDAYS":1.865516766798,"PREMIUM_EXPENSE":null,"LOAN_DEPOSIT":null,"LOAN_EQUITY":null,"LOAN_ASSETS":null,"DEPOSIT_EQUITY":null,"DEPOSIT_ASSETS":null,"EQUITY_MULTIPLIER":1.148706452106,"EQUITY_RATIO":0.148720302843},{"SECUCODE":"00637.HK","SECURITY_CODE":"00637","SECURITY_NAME_ABBR":"利记","ORG_CODE":"10094192","STD_REPORT_DATE":"2020-06-30 00:00:00","REPORT_DATE":"2020-09-30 00:00:00","DATE_TYPE_CODE":"002","REPORT_TYPE":"2020年中报","PER_NETCASH_OPERATE":0.145738694081,"PER_OI":0.916141013526,"BPS":0.930820806468,"BASIC_EPS":0.00571168,"DILUTED_EPS":0.00571168,"OPERATE_INCOME":759251864.96,"OPERATE_INCOME_YOY":-16.2981806416,"GROSS_PROFIT":42233919.36,"GROSS_PROFIT_YOY":1070.25763348301,"HOLDER_PROFIT":4742451.84,"HOLDER_PROFIT_YOY":109.7220470881,"GROSS_PROFIT_RATIO":5.562570381335,"EPS_TTM":-0.14118332537,"OPERATE_INCOME_QOQ":0,"NET_PROFIT_RATIO":0.6271678609,"ROE_AVG":0.62013918373,"GROSS_PROFIT_QOQ":0,"ROA":0.527339942752,"HOLDER_PROFIT_QOQ":0,"ROE_YEARLY":1.240278367461,"ROIC_YEARLY":1.594782752589,"TOTAL_ASSETS":870241230.72,"TOTAL_LIABILITIES":98695194.24,"TAX_EBT":29.47683498178,"OCF_SALES":15.907888843495,"TOTAL_PARENT_EQUITY":771417743.36,"DEBT_ASSET_RATIO":11.3411305689,"OPERATE_PROFIT":7011306.88,"PRETAX_PROFIT":6752084.48,"NETCASH_OPERATE":120780942.72,"NETCASH_INVEST":-275039.36,"NETCASH_FINANCE":-47781278.72,"END_CASH":339913500.16,"DIVI_RATIO":null,"DIVIDEND_RATE":null,"CURRENT_RATIO":9.442993244042,"COMMON_ACS":8000000000,"CURRENTDEBT_DEBT":82.893061602429,"ISSUED_COMMON_SHARES":828750000,"HK_COMMON_SHARES":828750000,"PER_SHARES":2000,"TOTAL_MARKET_CAP":112710000,"HKSK_MARKET_CAP":112710000,"PE_TTM":-2.125160268497,"PB_TTM":0.14143929003,"REPORT_DATE_SQ":"2019-06-30 00:00:00","REPORT_TYPE_SQ":"2019年中报","OPERATE_INCOME_SQ":931133196.87,"DPS_HKD":null,"OPERATE_INCOME_QOQ_SQ":0,"NET_PROFIT_RATIO_SQ":-5.3824178741,"HOLDER_PROFIT_SQ":-50073281.13,"HOLDER_PROFIT_QOQ_SQ":0,"ROE_AVG_SQ":-5.694964009588,"PE_TTM_SQ":-2.735463442717,"PB_TTM_SQ":0.168878573764,"ROA_SQ":-4.620309871124,"START_DATE":"2020-04-01 00:00:00","FISCAL_YEAR":"3-31","CURRENCY":"HKD","IS_CNY_CODE":0,"DPS_HKD_LY":null,"ORG_TYPE":"一般企业","PREMIUM_INCOME":null,"PREMIUM_INCOME_YOY":null,"NET_INTEREST_INCOME":null,"NET_INTEREST_INCOME_YOY":null,"FEE_COMMISSION_INCOME":null,"FEE_COMMISSION_INCOME_YOY":null,"ACCOUNTS_RECE_TDAYS":4.358570419693,"INVENTORY_TDAYS":2.227089551119,"CURRENT_ASSETS_TDAYS":0.945967058118,"TOTAL_ASSETS_TDAYS":0.844254930804,"PREMIUM_EXPENSE":null,"LOAN_DEPOSIT":null,"LOAN_EQUITY":null,"LOAN_ASSETS":null,"DEPOSIT_EQUITY":null,"DEPOSIT_ASSETS":null,"EQUITY_MULTIPLIER":1.127918736633,"EQUITY_RATIO":0.127940010571}],"count":40},"success":true,"message":"ok","code":0}