{"version":"3f27823bc5b65f1758e8fd688816d98b","result":{"pages":6,"data":[{"SECUCODE":"00639.HK","SECURITY_CODE":"00639","SECURITY_NAME_ABBR":"首钢资源","ORG_CODE":"10009020","STD_REPORT_DATE":"2024-06-30 00:00:00","REPORT_DATE":"2024-06-30 00:00:00","DATE_TYPE_CODE":"002","REPORT_TYPE":"2024年中报","PER_NETCASH_OPERATE":0.2186469423,"PER_OI":0.462717129126,"BPS":2.887972274725,"BASIC_EPS":0.1551556,"DILUTED_EPS":0.1551556,"OPERATE_INCOME":2279732261.92,"OPERATE_INCOME_YOY":-27.4368773249,"GROSS_PROFIT":1283437996.4,"GROSS_PROFIT_YOY":-37.650560849443,"HOLDER_PROFIT":764233510.68,"HOLDER_PROFIT_YOY":-32.0687075912,"GROSS_PROFIT_RATIO":56.297751180618,"EPS_TTM":0.271945993529,"OPERATE_INCOME_QOQ":-16.746028770256,"NET_PROFIT_RATIO":39.335603024,"ROE_AVG":5.170207587276,"GROSS_PROFIT_QOQ":-24.674484132854,"ROA":3.670025099768,"HOLDER_PROFIT_QOQ":-21.742035177192,"ROE_YEARLY":10.340415174552,"ROIC_YEARLY":13.987247874667,"TOTAL_ASSETS":21119735550.68,"TOTAL_LIABILITIES":4288439634.44,"TAX_EBT":29.509883260443,"OCF_SALES":47.252830841318,"TOTAL_PARENT_EQUITY":14702856792.56,"DEBT_ASSET_RATIO":20.3053661546,"OPERATE_PROFIT":1186830818.4,"PRETAX_PROFIT":1272159096.96,"NETCASH_OPERATE":1077238029.36,"NETCASH_INVEST":-822321941.96,"NETCASH_FINANCE":-59082339.8,"END_CASH":6168172545.44,"DIVI_RATIO":0.901873187456,"DIVIDEND_RATE":11.489361702128,"CURRENT_RATIO":3.44298330479,"COMMON_ACS":null,"CURRENTDEBT_DEBT":67.864230634088,"ISSUED_COMMON_SHARES":5091065770,"HK_COMMON_SHARES":5091065770,"PER_SHARES":2000,"TOTAL_MARKET_CAP":11964004559.5,"HKSK_MARKET_CAP":11964004559.5,"PE_TTM":8.00828175399,"PB_TTM":0.742665716971,"REPORT_DATE_SQ":"2023-06-30 00:00:00","REPORT_TYPE_SQ":"2023年中报","OPERATE_INCOME_SQ":3173736363.9,"DPS_HKD":0.27,"OPERATE_INCOME_QOQ_SQ":-11.092999163902,"NET_PROFIT_RATIO_SQ":44.1301104928,"HOLDER_PROFIT_SQ":1136473115.12,"HOLDER_PROFIT_QOQ_SQ":-9.79393968433,"ROE_AVG_SQ":7.430108478364,"PE_TTM_SQ":6.565410751896,"PB_TTM_SQ":0.936671060686,"ROA_SQ":5.174591195755,"START_DATE":"2024-01-01 00:00:00","FISCAL_YEAR":"12-31","CURRENCY":"HKD","IS_CNY_CODE":0,"DPS_HKD_LY":0.27,"ORG_TYPE":"一般企业","PREMIUM_INCOME":null,"PREMIUM_INCOME_YOY":null,"NET_INTEREST_INCOME":null,"NET_INTEREST_INCOME_YOY":null,"FEE_COMMISSION_INCOME":null,"FEE_COMMISSION_INCOME_YOY":null,"ACCOUNTS_RECE_TDAYS":3.861132752118,"INVENTORY_TDAYS":7.832179974242,"CURRENT_ASSETS_TDAYS":0.237857522159,"TOTAL_ASSETS_TDAYS":0.109477986834,"PREMIUM_EXPENSE":null,"LOAN_DEPOSIT":null,"LOAN_EQUITY":null,"LOAN_ASSETS":null,"DEPOSIT_EQUITY":null,"DEPOSIT_ASSETS":null,"EQUITY_MULTIPLIER":1.254789628546,"EQUITY_RATIO":0.291673903578},{"SECUCODE":"00639.HK","SECURITY_CODE":"00639","SECURITY_NAME_ABBR":"首钢资源","ORG_CODE":"10009020","STD_REPORT_DATE":"2023-12-31 00:00:00","REPORT_DATE":"2023-12-31 00:00:00","DATE_TYPE_CODE":"001","REPORT_TYPE":"2023年年报","PER_NETCASH_OPERATE":0.835620647654,"PER_OI":1.083576081488,"BPS":2.898201506071,"BASIC_EPS":0.341282452,"DILUTED_EPS":0.341282452,"OPERATE_INCOME":5338603642.96,"OPERATE_INCOME_YOY":-28.2864331695,"GROSS_PROFIT":3140983894.16,"GROSS_PROFIT_YOY":-33.524651694999,"HOLDER_PROFIT":1712073416.34,"HOLDER_PROFIT_YOY":-30.4240594482,"GROSS_PROFIT_RATIO":58.835307961137,"EPS_TTM":0.34749944513,"OPERATE_INCOME_QOQ":-18.169301647656,"NET_PROFIT_RATIO":39.0580791123,"ROE_AVG":11.432478693302,"GROSS_PROFIT_QOQ":-25.429133622713,"ROA":8.222155799796,"HOLDER_PROFIT_QOQ":-21.751816517865,"ROE_YEARLY":11.432478693302,"ROIC_YEARLY":13.543251374758,"TOTAL_ASSETS":20382287003.68,"TOTAL_LIABILITIES":3643934181.72,"TAX_EBT":28.518256295518,"OCF_SALES":77.116933635803,"TOTAL_PARENT_EQUITY":14754934482.12,"DEBT_ASSET_RATIO":17.8779455959,"OPERATE_PROFIT":2762452175.28,"PRETAX_PROFIT":2917046963.74,"NETCASH_OPERATE":4116967428.42,"NETCASH_INVEST":688102814.42,"NETCASH_FINANCE":-2122575670.6,"END_CASH":5937772745.24,"DIVI_RATIO":0.705787601785,"DIVIDEND_RATE":11.297071129707,"CURRENT_RATIO":3.97370122521,"COMMON_ACS":null,"CURRENTDEBT_DEBT":62.734958689648,"ISSUED_COMMON_SHARES":5091065770,"HK_COMMON_SHARES":5091065770,"PER_SHARES":2000,"TOTAL_MARKET_CAP":12167647190.3,"HKSK_MARKET_CAP":12167647190.3,"PE_TTM":8.144592932781,"PB_TTM":0.755306835557,"REPORT_DATE_SQ":"2022-12-31 00:00:00","REPORT_TYPE_SQ":"2022年年报","OPERATE_INCOME_SQ":7337962041.13,"DPS_HKD":0.27,"OPERATE_INCOME_QOQ_SQ":-5.184012452099,"NET_PROFIT_RATIO_SQ":40.2710670931,"HOLDER_PROFIT_SQ":2425562132.98,"HOLDER_PROFIT_QOQ_SQ":-16.047019223936,"ROE_AVG_SQ":15.940550815469,"PE_TTM_SQ":6.354980920105,"PB_TTM_SQ":0.906649552331,"ROA_SQ":11.256961850229,"START_DATE":"2023-01-01 00:00:00","FISCAL_YEAR":"12-31","CURRENCY":"HKD","IS_CNY_CODE":0,"DPS_HKD_LY":0.38,"ORG_TYPE":"一般企业","PREMIUM_INCOME":null,"PREMIUM_INCOME_YOY":null,"NET_INTEREST_INCOME":null,"NET_INTEREST_INCOME_YOY":null,"FEE_COMMISSION_INCOME":null,"FEE_COMMISSION_INCOME_YOY":null,"ACCOUNTS_RECE_TDAYS":3.293309086152,"INVENTORY_TDAYS":28.924273326893,"CURRENT_ASSETS_TDAYS":0.575670084556,"TOTAL_ASSETS_TDAYS":0.256384045724,"PREMIUM_EXPENSE":null,"LOAN_DEPOSIT":null,"LOAN_EQUITY":null,"LOAN_ASSETS":null,"DEPOSIT_EQUITY":null,"DEPOSIT_ASSETS":null,"EQUITY_MULTIPLIER":1.217699687686,"EQUITY_RATIO":0.246963765657},{"SECUCODE":"00639.HK","SECURITY_CODE":"00639","SECURITY_NAME_ABBR":"首钢资源","ORG_CODE":"10009020","STD_REPORT_DATE":"2023-06-30 00:00:00","REPORT_DATE":"2023-06-30 00:00:00","DATE_TYPE_CODE":"002","REPORT_TYPE":"2023年中报","PER_NETCASH_OPERATE":0.496505086681,"PER_OI":0.628234013672,"BPS":2.971998272468,"BASIC_EPS":0.22496312,"DILUTED_EPS":0.22496312,"OPERATE_INCOME":3173736363.9,"OPERATE_INCOME_YOY":-26.1780495447,"GROSS_PROFIT":2058459568.98,"GROSS_PROFIT_YOY":-19.948405630698,"HOLDER_PROFIT":1136473115.12,"HOLDER_PROFIT_YOY":-23.2808675189,"GROSS_PROFIT_RATIO":64.859185923386,"EPS_TTM":0.433110505345,"OPERATE_INCOME_QOQ":-11.092999163902,"NET_PROFIT_RATIO":44.1301104928,"ROE_AVG":7.430108478364,"GROSS_PROFIT_QOQ":-10.85614056209,"ROA":5.174591195755,"HOLDER_PROFIT_QOQ":-9.79393968433,"ROE_YEARLY":14.860216956728,"ROIC_YEARLY":16.972506718503,"TOTAL_ASSETS":22292273216.1,"TOTAL_LIABILITIES":5156105845.46,"TAX_EBT":28.38365342639,"OCF_SALES":79.031869633865,"TOTAL_PARENT_EQUITY":15130638673.46,"DEBT_ASSET_RATIO":23.1295650985,"OPERATE_PROFIT":1879767859.24,"PRETAX_PROFIT":1955661564.92,"NETCASH_OPERATE":2508263185.64,"NETCASH_INVEST":-1225879359.68,"NETCASH_FINANCE":-115303740.78,"END_CASH":4634998139.56,"DIVI_RATIO":0.566277651946,"DIVIDEND_RATE":11.297071129707,"CURRENT_RATIO":2.829787017959,"COMMON_ACS":null,"CURRENTDEBT_DEBT":72.187871205114,"ISSUED_COMMON_SHARES":5091065770,"HK_COMMON_SHARES":5091065770,"PER_SHARES":2000,"TOTAL_MARKET_CAP":12167647190.3,"HKSK_MARKET_CAP":12167647190.3,"PE_TTM":8.144592932781,"PB_TTM":0.755306835557,"REPORT_DATE_SQ":"2022-06-30 00:00:00","REPORT_TYPE_SQ":"2022年中报","OPERATE_INCOME_SQ":3987736431.77,"DPS_HKD":0.27,"OPERATE_INCOME_QOQ_SQ":33.775428753696,"NET_PROFIT_RATIO_SQ":41.5242560395,"HOLDER_PROFIT_SQ":1374031207.43,"HOLDER_PROFIT_QOQ_SQ":39.206363444546,"ROE_AVG_SQ":9.356760939203,"PE_TTM_SQ":6.354980920105,"PB_TTM_SQ":0.906649552331,"ROA_SQ":6.365342710283,"START_DATE":"2023-01-01 00:00:00","FISCAL_YEAR":"12-31","CURRENCY":"HKD","IS_CNY_CODE":0,"DPS_HKD_LY":0.38,"ORG_TYPE":"一般企业","PREMIUM_INCOME":null,"PREMIUM_INCOME_YOY":null,"NET_INTEREST_INCOME":null,"NET_INTEREST_INCOME_YOY":null,"FEE_COMMISSION_INCOME":null,"FEE_COMMISSION_INCOME_YOY":null,"ACCOUNTS_RECE_TDAYS":1.588651425056,"INVENTORY_TDAYS":16.869281455915,"CURRENT_ASSETS_TDAYS":0.314842934552,"TOTAL_ASSETS_TDAYS":0.144506614611,"PREMIUM_EXPENSE":null,"LOAN_DEPOSIT":null,"LOAN_EQUITY":null,"LOAN_ASSETS":null,"DEPOSIT_EQUITY":null,"DEPOSIT_ASSETS":null,"EQUITY_MULTIPLIER":1.30089025941,"EQUITY_RATIO":0.34077251838},{"SECUCODE":"00639.HK","SECURITY_CODE":"00639","SECURITY_NAME_ABBR":"首钢资源","ORG_CODE":"10009020","STD_REPORT_DATE":"2022-12-31 00:00:00","REPORT_DATE":"2022-12-31 00:00:00","DATE_TYPE_CODE":"001","REPORT_TYPE":"2022年年报","PER_NETCASH_OPERATE":0.680329691552,"PER_OI":1.45253317122,"BPS":2.942204398941,"BASIC_EPS":0.480132625,"DILUTED_EPS":0.480132625,"OPERATE_INCOME":7337962041.13,"OPERATE_INCOME_YOY":16.0956796797,"GROSS_PROFIT":4725035632.38,"GROSS_PROFIT_YOY":31.506561744533,"HOLDER_PROFIT":2425562132.98,"HOLDER_PROFIT_YOY":6.9678687569,"GROSS_PROFIT_RATIO":64.391660871175,"EPS_TTM":0.480134598307,"OPERATE_INCOME_QOQ":-5.184012452099,"NET_PROFIT_RATIO":40.2710670931,"ROE_AVG":15.940550815469,"GROSS_PROFIT_QOQ":-8.272118053265,"ROA":11.256961850229,"HOLDER_PROFIT_QOQ":-16.047019223936,"ROE_YEARLY":15.940550815469,"ROIC_YEARLY":16.946052355466,"TOTAL_ASSETS":20959226352.68,"TOTAL_LIABILITIES":4275426936.55,"TAX_EBT":28.486132299212,"OCF_SALES":46.837463338673,"TOTAL_PARENT_EQUITY":14978956103.79,"DEBT_ASSET_RATIO":20.3987822098,"OPERATE_PROFIT":4038020782.11,"PRETAX_PROFIT":4132171440.11,"NETCASH_OPERATE":3436915280.82,"NETCASH_INVEST":-1027995661.21,"NETCASH_FINANCE":-2518388964.84,"END_CASH":3424728398.21,"DIVI_RATIO":0.510816760269,"DIVIDEND_RATE":11.297071129707,"CURRENT_RATIO":3.228434809008,"COMMON_ACS":null,"CURRENTDEBT_DEBT":67.5815902379,"ISSUED_COMMON_SHARES":5091065770,"HK_COMMON_SHARES":5091065770,"PER_SHARES":2000,"TOTAL_MARKET_CAP":12167647190.3,"HKSK_MARKET_CAP":12167647190.3,"PE_TTM":8.144592932781,"PB_TTM":0.755306835557,"REPORT_DATE_SQ":"2021-12-31 00:00:00","REPORT_TYPE_SQ":"2021年年报","OPERATE_INCOME_SQ":5785188796.8,"DPS_HKD":0.27,"OPERATE_INCOME_QOQ_SQ":54.868605316961,"NET_PROFIT_RATIO_SQ":43.2576275987,"HOLDER_PROFIT_SQ":2075473512,"HOLDER_PROFIT_QOQ_SQ":114.382816132994,"ROE_AVG_SQ":15.321096811627,"PE_TTM_SQ":6.354980920105,"PB_TTM_SQ":0.906649552331,"ROA_SQ":10.985916425553,"START_DATE":"2022-01-01 00:00:00","FISCAL_YEAR":"12-31","CURRENCY":"HKD","IS_CNY_CODE":0,"DPS_HKD_LY":0.47,"ORG_TYPE":"一般企业","PREMIUM_INCOME":null,"PREMIUM_INCOME_YOY":null,"NET_INTEREST_INCOME":null,"NET_INTEREST_INCOME_YOY":null,"FEE_COMMISSION_INCOME":null,"FEE_COMMISSION_INCOME_YOY":null,"ACCOUNTS_RECE_TDAYS":2.722803187794,"INVENTORY_TDAYS":31.673650814276,"CURRENT_ASSETS_TDAYS":0.781738515557,"TOTAL_ASSETS_TDAYS":0.34055263987,"PREMIUM_EXPENSE":null,"LOAN_DEPOSIT":null,"LOAN_EQUITY":null,"LOAN_ASSETS":null,"DEPOSIT_EQUITY":null,"DEPOSIT_ASSETS":null,"EQUITY_MULTIPLIER":1.256262187641,"EQUITY_RATIO":0.285428898177},{"SECUCODE":"00639.HK","SECURITY_CODE":"00639","SECURITY_NAME_ABBR":"首钢资源","ORG_CODE":"10009020","STD_REPORT_DATE":"2022-06-30 00:00:00","REPORT_DATE":"2022-06-30 00:00:00","DATE_TYPE_CODE":"002","REPORT_TYPE":"2022年中报","PER_NETCASH_OPERATE":0.318173055377,"PER_OI":0.789363506211,"BPS":2.862847856601,"BASIC_EPS":0.27195042,"DILUTED_EPS":0.27195042,"OPERATE_INCOME":3987736431.77,"OPERATE_INCOME_YOY":90.7780195754,"GROSS_PROFIT":2571416078.84,"GROSS_PROFIT_YOY":153.772672883687,"HOLDER_PROFIT":1374031207.43,"HOLDER_PROFIT_YOY":138.5986406074,"GROSS_PROFIT_RATIO":64.483100195733,"EPS_TTM":0.571908935059,"OPERATE_INCOME_QOQ":33.775428753696,"NET_PROFIT_RATIO":41.5242560395,"ROE_AVG":9.356760939203,"GROSS_PROFIT_QOQ":43.365963492863,"ROA":6.365342710283,"HOLDER_PROFIT_QOQ":39.206363444546,"ROE_YEARLY":18.713521878407,"ROIC_YEARLY":19.454932133285,"TOTAL_ASSETS":21980673198.82,"TOTAL_LIABILITIES":5889281328.42,"TAX_EBT":29.580641149014,"OCF_SALES":40.307545620475,"TOTAL_PARENT_EQUITY":14574946727.46,"DEBT_ASSET_RATIO":26.7929979903,"OPERATE_PROFIT":2312417511.39,"PRETAX_PROFIT":2351452658.94,"NETCASH_OPERATE":1607358681.46,"NETCASH_INVEST":-121903913.74,"NETCASH_FINANCE":-90965705.11,"END_CASH":5015789407.23,"DIVI_RATIO":0.428845896549,"DIVIDEND_RATE":11.297071129707,"CURRENT_RATIO":2.277345394132,"COMMON_ACS":null,"CURRENTDEBT_DEBT":76.487319135737,"ISSUED_COMMON_SHARES":5091065770,"HK_COMMON_SHARES":5091065770,"PER_SHARES":2000,"TOTAL_MARKET_CAP":12167647190.3,"HKSK_MARKET_CAP":12167647190.3,"PE_TTM":8.144592932781,"PB_TTM":0.755306835557,"REPORT_DATE_SQ":"2021-06-30 00:00:00","REPORT_TYPE_SQ":"2021年中报","OPERATE_INCOME_SQ":2033764111.44,"DPS_HKD":0.27,"OPERATE_INCOME_QOQ_SQ":11.044986949196,"NET_PROFIT_RATIO_SQ":31.6508966354,"HOLDER_PROFIT_SQ":560313519.12,"HOLDER_PROFIT_QOQ_SQ":6.502698947785,"ROE_AVG_SQ":4.176666190008,"PE_TTM_SQ":6.354980920105,"PB_TTM_SQ":0.906649552331,"ROA_SQ":3.048017998899,"START_DATE":"2022-01-01 00:00:00","FISCAL_YEAR":"12-31","CURRENCY":"HKD","IS_CNY_CODE":0,"DPS_HKD_LY":0.47,"ORG_TYPE":"一般企业","PREMIUM_INCOME":null,"PREMIUM_INCOME_YOY":null,"NET_INTEREST_INCOME":null,"NET_INTEREST_INCOME_YOY":null,"FEE_COMMISSION_INCOME":null,"FEE_COMMISSION_INCOME_YOY":null,"ACCOUNTS_RECE_TDAYS":1.456155143076,"INVENTORY_TDAYS":12.692775493468,"CURRENT_ASSETS_TDAYS":0.413216049731,"TOTAL_ASSETS_TDAYS":0.184736044489,"PREMIUM_EXPENSE":null,"LOAN_DEPOSIT":null,"LOAN_EQUITY":null,"LOAN_ASSETS":null,"DEPOSIT_EQUITY":null,"DEPOSIT_ASSETS":null,"EQUITY_MULTIPLIER":1.36598955366,"EQUITY_RATIO":0.404068806463},{"SECUCODE":"00639.HK","SECURITY_CODE":"00639","SECURITY_NAME_ABBR":"首钢资源","ORG_CODE":"10009020","STD_REPORT_DATE":"2021-12-31 00:00:00","REPORT_DATE":"2021-12-31 00:00:00","DATE_TYPE_CODE":"001","REPORT_TYPE":"2021年年报","PER_NETCASH_OPERATE":0.624401191221,"PER_OI":1.145165181017,"BPS":2.778307823904,"BASIC_EPS":0.410844,"DILUTED_EPS":0.410844,"OPERATE_INCOME":5785188796.8,"OPERATE_INCOME_YOY":77.0303914159,"GROSS_PROFIT":3593003702.4,"GROSS_PROFIT_YOY":128.388324408545,"HOLDER_PROFIT":2075473512,"HOLDER_PROFIT_YOY":135.0369106358,"GROSS_PROFIT_RATIO":62.106939437956,"EPS_TTM":0.410835338923,"OPERATE_INCOME_QOQ":54.868605316961,"NET_PROFIT_RATIO":43.2576275987,"ROE_AVG":15.321096811627,"GROSS_PROFIT_QOQ":108.8787876143,"ROA":10.985916425553,"HOLDER_PROFIT_QOQ":114.382816132994,"ROE_YEARLY":15.321096811627,"ROIC_YEARLY":15.658324991411,"TOTAL_ASSETS":20260109195.2,"TOTAL_LIABILITIES":4604526158.4,"TAX_EBT":25.926591885743,"OCF_SALES":54.524989195596,"TOTAL_PARENT_EQUITY":14144547860.8,"DEBT_ASSET_RATIO":22.7270549928,"OPERATE_PROFIT":3323412366.4,"PRETAX_PROFIT":3378453198.4,"NETCASH_OPERATE":3169589920,"NETCASH_INVEST":-1608789067.2,"NETCASH_FINANCE":-747146590.4,"END_CASH":3605786878.4,"DIVI_RATIO":0.596980777367,"DIVIDEND_RATE":11.297071129707,"CURRENT_RATIO":2.69303859771,"COMMON_ACS":null,"CURRENTDEBT_DEBT":69.717489686615,"ISSUED_COMMON_SHARES":5091065770,"HK_COMMON_SHARES":5091065770,"PER_SHARES":2000,"TOTAL_MARKET_CAP":12167647190.3,"HKSK_MARKET_CAP":12167647190.3,"PE_TTM":8.144592932781,"PB_TTM":0.755306835557,"REPORT_DATE_SQ":"2020-12-31 00:00:00","REPORT_TYPE_SQ":"2020年年报","OPERATE_INCOME_SQ":3363993839.64,"DPS_HKD":0.27,"OPERATE_INCOME_QOQ_SQ":-1.18047515057,"NET_PROFIT_RATIO_SQ":29.7047174209,"HOLDER_PROFIT_SQ":909005707.24,"HOLDER_PROFIT_QOQ_SQ":-5.25654606867,"ROE_AVG_SQ":6.853324684935,"PE_TTM_SQ":6.354980920105,"PB_TTM_SQ":0.906649552331,"ROA_SQ":5.034410286439,"START_DATE":"2021-01-01 00:00:00","FISCAL_YEAR":"12-31","CURRENCY":"HKD","IS_CNY_CODE":0,"DPS_HKD_LY":0.17,"ORG_TYPE":"一般企业","PREMIUM_INCOME":null,"PREMIUM_INCOME_YOY":null,"NET_INTEREST_INCOME":null,"NET_INTEREST_INCOME_YOY":null,"FEE_COMMISSION_INCOME":null,"FEE_COMMISSION_INCOME_YOY":null,"ACCOUNTS_RECE_TDAYS":2.724929646214,"INVENTORY_TDAYS":19.583417327666,"CURRENT_ASSETS_TDAYS":0.809811005095,"TOTAL_ASSETS_TDAYS":0.306222171761,"PREMIUM_EXPENSE":null,"LOAN_DEPOSIT":null,"LOAN_EQUITY":null,"LOAN_ASSETS":null,"DEPOSIT_EQUITY":null,"DEPOSIT_ASSETS":null,"EQUITY_MULTIPLIER":1.294114000582,"EQUITY_RATIO":0.325533640503},{"SECUCODE":"00639.HK","SECURITY_CODE":"00639","SECURITY_NAME_ABBR":"首钢资源","ORG_CODE":"10009020","STD_REPORT_DATE":"2021-06-30 00:00:00","REPORT_DATE":"2021-06-30 00:00:00","DATE_TYPE_CODE":"002","REPORT_TYPE":"2021年中报","PER_NETCASH_OPERATE":0.172219570669,"PER_OI":0.402579056385,"BPS":2.681731083132,"BASIC_EPS":0.110916264,"DILUTED_EPS":0.110916264,"OPERATE_INCOME":2033764111.44,"OPERATE_INCOME_YOY":34.3164661512,"GROSS_PROFIT":1013275404.96,"GROSS_PROFIT_YOY":16.960931667557,"HOLDER_PROFIT":560313519.12,"HOLDER_PROFIT_YOY":22.7246632489,"GROSS_PROFIT_RATIO":49.822661303751,"EPS_TTM":0.191636319708,"OPERATE_INCOME_QOQ":11.044986949196,"NET_PROFIT_RATIO":31.6508966354,"ROE_AVG":4.176666190008,"GROSS_PROFIT_QOQ":9.340123531486,"ROA":3.048017998899,"HOLDER_PROFIT_QOQ":6.502698947785,"ROE_YEARLY":8.353332380016,"ROIC_YEARLY":8.340381301858,"TOTAL_ASSETS":18931253673.84,"TOTAL_LIABILITIES":3955332219.84,"TAX_EBT":26.767161853481,"OCF_SALES":42.779068592374,"TOTAL_PARENT_EQUITY":13652869321.68,"DEBT_ASSET_RATIO":20.8931341156,"OPERATE_PROFIT":854122631.28,"PRETAX_PROFIT":878983517.52,"NETCASH_OPERATE":873401924.88,"NETCASH_INVEST":-1694904523.92,"NETCASH_FINANCE":-38896411.68,"END_CASH":2006258042.88,"DIVI_RATIO":1.279824202293,"DIVIDEND_RATE":11.297071129707,"CURRENT_RATIO":2.577015362164,"COMMON_ACS":null,"CURRENTDEBT_DEBT":64.178209623633,"ISSUED_COMMON_SHARES":5091065770,"HK_COMMON_SHARES":5091065770,"PER_SHARES":2000,"TOTAL_MARKET_CAP":12167647190.3,"HKSK_MARKET_CAP":12167647190.3,"PE_TTM":8.144592932781,"PB_TTM":0.755306835557,"REPORT_DATE_SQ":"2020-06-30 00:00:00","REPORT_TYPE_SQ":"2020年中报","OPERATE_INCOME_SQ":1662211430.88,"DPS_HKD":0.27,"OPERATE_INCOME_QOQ_SQ":-1.785012113613,"NET_PROFIT_RATIO_SQ":32.1441073304,"HOLDER_PROFIT_SQ":501203614.56,"HOLDER_PROFIT_QOQ_SQ":-6.080910056537,"ROE_AVG_SQ":3.530887617022,"PE_TTM_SQ":6.354980920105,"PB_TTM_SQ":0.906649552331,"ROA_SQ":2.564371952291,"START_DATE":"2021-01-01 00:00:00","FISCAL_YEAR":"12-31","CURRENCY":"HKD","IS_CNY_CODE":0,"DPS_HKD_LY":0.17,"ORG_TYPE":"一般企业","PREMIUM_INCOME":null,"PREMIUM_INCOME_YOY":null,"NET_INTEREST_INCOME":null,"NET_INTEREST_INCOME_YOY":null,"FEE_COMMISSION_INCOME":null,"FEE_COMMISSION_INCOME_YOY":null,"ACCOUNTS_RECE_TDAYS":1.145528783356,"INVENTORY_TDAYS":8.489908796705,"CURRENT_ASSETS_TDAYS":0.331117253667,"TOTAL_ASSETS_TDAYS":0.110633590047,"PREMIUM_EXPENSE":null,"LOAN_DEPOSIT":null,"LOAN_EQUITY":null,"LOAN_ASSETS":null,"DEPOSIT_EQUITY":null,"DEPOSIT_ASSETS":null,"EQUITY_MULTIPLIER":1.264112778101,"EQUITY_RATIO":0.28970702983},{"SECUCODE":"00639.HK","SECURITY_CODE":"00639","SECURITY_NAME_ABBR":"首钢资源","ORG_CODE":"10009020","STD_REPORT_DATE":"2020-12-31 00:00:00","REPORT_DATE":"2020-12-31 00:00:00","DATE_TYPE_CODE":"001","REPORT_TYPE":"2020年年报","PER_NETCASH_OPERATE":0.139414510827,"PER_OI":0.665895055394,"BPS":2.618153642953,"BASIC_EPS":0.173546168,"DILUTED_EPS":0.173546168,"OPERATE_INCOME":3363993839.64,"OPERATE_INCOME_YOY":3.2988586073,"GROSS_PROFIT":1573199379.48,"GROSS_PROFIT_YOY":-11.691249343057,"HOLDER_PROFIT":909005707.24,"HOLDER_PROFIT_YOY":-5.2938716062,"GROSS_PROFIT_RATIO":46.765822248009,"EPS_TTM":0.179935646327,"OPERATE_INCOME_QOQ":-1.18047515057,"NET_PROFIT_RATIO":29.7047174209,"ROE_AVG":6.853324684935,"GROSS_PROFIT_QOQ":-8.075333851411,"ROA":5.034410286439,"HOLDER_PROFIT_QOQ":-5.25654606867,"ROE_YEARLY":6.853324684935,"ROIC_YEARLY":6.909228751114,"TOTAL_ASSETS":18039413819.44,"TOTAL_LIABILITIES":3486557664.64,"TAX_EBT":26.375251610119,"OCF_SALES":20.936408777591,"TOTAL_PARENT_EQUITY":13329192392.24,"DEBT_ASSET_RATIO":19.3274443368,"OPERATE_PROFIT":1277411734.6,"PRETAX_PROFIT":1357240446.96,"NETCASH_OPERATE":704299501.52,"NETCASH_INVEST":190490064.48,"NETCASH_FINANCE":-1254584774.52,"END_CASH":2866301808.6,"DIVI_RATIO":1.363047317229,"DIVIDEND_RATE":11.297071129707,"CURRENT_RATIO":2.773696997221,"COMMON_ACS":null,"CURRENTDEBT_DEBT":60.063955374627,"ISSUED_COMMON_SHARES":5091065770,"HK_COMMON_SHARES":5091065770,"PER_SHARES":2000,"TOTAL_MARKET_CAP":12167647190.3,"HKSK_MARKET_CAP":12167647190.3,"PE_TTM":8.144592932781,"PB_TTM":0.755306835557,"REPORT_DATE_SQ":"2019-12-31 00:00:00","REPORT_TYPE_SQ":"2019年年报","OPERATE_INCOME_SQ":3466048720.24,"DPS_HKD":0.27,"OPERATE_INCOME_QOQ_SQ":5.475582592055,"NET_PROFIT_RATIO_SQ":30.3966755813,"HOLDER_PROFIT_SQ":1021559157.14,"HOLDER_PROFIT_QOQ_SQ":3.225793861706,"ROE_AVG_SQ":7.341943988636,"PE_TTM_SQ":6.354980920105,"PB_TTM_SQ":0.906649552331,"ROA_SQ":5.338543300223,"START_DATE":"2020-01-01 00:00:00","FISCAL_YEAR":"12-31","CURRENCY":"HKD","IS_CNY_CODE":0,"DPS_HKD_LY":0.162,"ORG_TYPE":"一般企业","PREMIUM_INCOME":null,"PREMIUM_INCOME_YOY":null,"NET_INTEREST_INCOME":null,"NET_INTEREST_INCOME_YOY":null,"FEE_COMMISSION_INCOME":null,"FEE_COMMISSION_INCOME_YOY":null,"ACCOUNTS_RECE_TDAYS":2.078247470468,"INVENTORY_TDAYS":16.707844522968,"CURRENT_ASSETS_TDAYS":0.557974147905,"TOTAL_ASSETS_TDAYS":0.186310438481,"PREMIUM_EXPENSE":null,"LOAN_DEPOSIT":null,"LOAN_EQUITY":null,"LOAN_ASSETS":null,"DEPOSIT_EQUITY":null,"DEPOSIT_ASSETS":null,"EQUITY_MULTIPLIER":1.239578927157,"EQUITY_RATIO":0.261573061746},{"SECUCODE":"00639.HK","SECURITY_CODE":"00639","SECURITY_NAME_ABBR":"首钢资源","ORG_CODE":"10009020","STD_REPORT_DATE":"2020-06-30 00:00:00","REPORT_DATE":"2020-06-30 00:00:00","DATE_TYPE_CODE":"002","REPORT_TYPE":"2020年中报","PER_NETCASH_OPERATE":0.089121701659,"PER_OI":0.313516082614,"BPS":2.762777969863,"BASIC_EPS":0.09454104,"DILUTED_EPS":0.09454104,"OPERATE_INCOME":1662211430.88,"OPERATE_INCOME_YOY":-7.1539434881,"GROSS_PROFIT":866336639.52,"GROSS_PROFIT_YOY":-7.483404123611,"HOLDER_PROFIT":501203614.56,"HOLDER_PROFIT_YOY":-14.3177261285,"GROSS_PROFIT_RATIO":52.119521224887,"EPS_TTM":0.180963487042,"OPERATE_INCOME_QOQ":-1.785012113613,"NET_PROFIT_RATIO":32.1441073304,"ROE_AVG":3.530887617022,"GROSS_PROFIT_QOQ":-3.933563909606,"ROA":2.564371952291,"HOLDER_PROFIT_QOQ":-6.080910056537,"ROE_YEARLY":7.061775234044,"ROIC_YEARLY":7.272471590489,"TOTAL_ASSETS":19475742887.04,"TOTAL_LIABILITIES":4130558324.64,"TAX_EBT":27.121528699243,"OCF_SALES":28.426516724762,"TOTAL_PARENT_EQUITY":14065484352.48,"DEBT_ASSET_RATIO":21.208733082,"OPERATE_PROFIT":679416672,"PRETAX_PROFIT":733142472.48,"NETCASH_OPERATE":472508810.4,"NETCASH_INVEST":-1574891134.08,"NETCASH_FINANCE":-78167628,"END_CASH":2207430978.72,"DIVI_RATIO":1.355305448679,"DIVIDEND_RATE":11.297071129707,"CURRENT_RATIO":2.634247563687,"COMMON_ACS":null,"CURRENTDEBT_DEBT":64.795539830884,"ISSUED_COMMON_SHARES":5091065770,"HK_COMMON_SHARES":5091065770,"PER_SHARES":2000,"TOTAL_MARKET_CAP":12167647190.3,"HKSK_MARKET_CAP":12167647190.3,"PE_TTM":8.144592932781,"PB_TTM":0.755306835557,"REPORT_DATE_SQ":"2019-06-30 00:00:00","REPORT_TYPE_SQ":"2019年中报","OPERATE_INCOME_SQ":1724080820.4,"DPS_HKD":0.27,"OPERATE_INCOME_QOQ_SQ":1.742736451019,"NET_PROFIT_RATIO_SQ":33.675877833,"HOLDER_PROFIT_SQ":563323708.08,"HOLDER_PROFIT_QOQ_SQ":2.632930479593,"ROE_AVG_SQ":4.085143669904,"PE_TTM_SQ":6.354980920105,"PB_TTM_SQ":0.906649552331,"ROA_SQ":2.951126897447,"START_DATE":"2020-01-01 00:00:00","FISCAL_YEAR":"12-31","CURRENCY":"HKD","IS_CNY_CODE":0,"DPS_HKD_LY":0.162,"ORG_TYPE":"一般企业","PREMIUM_INCOME":null,"PREMIUM_INCOME_YOY":null,"NET_INTEREST_INCOME":null,"NET_INTEREST_INCOME_YOY":null,"FEE_COMMISSION_INCOME":null,"FEE_COMMISSION_INCOME_YOY":null,"ACCOUNTS_RECE_TDAYS":1.014911679677,"INVENTORY_TDAYS":6.570250052786,"CURRENT_ASSETS_TDAYS":0.240329353437,"TOTAL_ASSETS_TDAYS":0.085045842614,"PREMIUM_EXPENSE":null,"LOAN_DEPOSIT":null,"LOAN_EQUITY":null,"LOAN_ASSETS":null,"DEPOSIT_EQUITY":null,"DEPOSIT_ASSETS":null,"EQUITY_MULTIPLIER":1.269176190606,"EQUITY_RATIO":0.293666269936}],"count":48},"success":true,"message":"ok","code":0}