{"version":"4c260bb2179126915811cbd6efe2d909","result":{"pages":6,"data":[{"SECUCODE":"00630.HK","SECURITY_CODE":"00630","SECURITY_NAME_ABBR":"隽泰控股","ORG_CODE":"10009015","STD_REPORT_DATE":"2024-06-30 00:00:00","REPORT_DATE":"2024-06-30 00:00:00","DATE_TYPE_CODE":"002","REPORT_TYPE":"2024年中报","PER_NETCASH_OPERATE":-0.003167561122,"PER_OI":0.020758939135,"BPS":0.03389422461,"BASIC_EPS":-0.024003484,"DILUTED_EPS":-0.024003484,"OPERATE_INCOME":20085348.76,"OPERATE_INCOME_YOY":-5.3828625478,"GROSS_PROFIT":6189795.76,"GROSS_PROFIT_YOY":36.844477296849,"HOLDER_PROFIT":-23208539.72,"HOLDER_PROFIT_YOY":14.302564621,"GROSS_PROFIT_RATIO":30.817467169537,"EPS_TTM":0.001710036789,"OPERATE_INCOME_QOQ":-4.367862582549,"NET_PROFIT_RATIO":-115.5495978552,"ROE_AVG":-52.273030947756,"GROSS_PROFIT_QOQ":12.419136353295,"ROA":-16.826579497631,"HOLDER_PROFIT_QOQ":166.319282862661,"ROE_YEARLY":-104.546061895511,"ROIC_YEARLY":-35.081741049872,"TOTAL_ASSETS":121870160.4,"TOTAL_LIABILITIES":89075742.64,"TAX_EBT":null,"OCF_SALES":-15.25878129686,"TOTAL_PARENT_EQUITY":32794417.76,"DEBT_ASSET_RATIO":73.0906912304,"OPERATE_PROFIT":-1265887.16,"PRETAX_PROFIT":-23208539.72,"NETCASH_OPERATE":-3064779.44,"NETCASH_INVEST":213567.12,"NETCASH_FINANCE":null,"END_CASH":4191026.56,"DIVI_RATIO":null,"DIVIDEND_RATE":null,"CURRENT_RATIO":2.002009055744,"COMMON_ACS":8000000000,"CURRENTDEBT_DEBT":68.339515153999,"ISSUED_COMMON_SHARES":967551792,"HK_COMMON_SHARES":967551792,"PER_SHARES":10000,"TOTAL_MARKET_CAP":67728625.44,"HKSK_MARKET_CAP":67728625.44,"PE_TTM":45.424966760563,"PB_TTM":1.884911094289,"REPORT_DATE_SQ":"2023-06-30 00:00:00","REPORT_TYPE_SQ":"2023年中报","OPERATE_INCOME_SQ":21444332.82,"DPS_HKD":null,"OPERATE_INCOME_QOQ_SQ":0.062967942303,"NET_PROFIT_RATIO_SQ":-127.5764220302,"HOLDER_PROFIT_SQ":-27357912.54,"HOLDER_PROFIT_QOQ_SQ":-1.64330846157,"ROE_AVG_SQ":-107.653237070764,"PE_TTM_SQ":-1.072746219064,"PB_TTM_SQ":3.045280422574,"ROA_SQ":-17.709197467131,"START_DATE":"2024-01-01 00:00:00","FISCAL_YEAR":"12-31","CURRENCY":"HKD","IS_CNY_CODE":0,"DPS_HKD_LY":null,"ORG_TYPE":"一般企业","PREMIUM_INCOME":null,"PREMIUM_INCOME_YOY":null,"NET_INTEREST_INCOME":null,"NET_INTEREST_INCOME_YOY":null,"FEE_COMMISSION_INCOME":null,"FEE_COMMISSION_INCOME_YOY":null,"ACCOUNTS_RECE_TDAYS":0.216969505763,"INVENTORY_TDAYS":1.86821277379,"CURRENT_ASSETS_TDAYS":0.145622138112,"TOTAL_ASSETS_TDAYS":0.145622138112,"PREMIUM_EXPENSE":null,"LOAN_DEPOSIT":null,"LOAN_EQUITY":null,"LOAN_ASSETS":null,"DEPOSIT_EQUITY":null,"DEPOSIT_ASSETS":null,"EQUITY_MULTIPLIER":3.716186129351,"EQUITY_RATIO":2.716186129355},{"SECUCODE":"00630.HK","SECURITY_CODE":"00630","SECURITY_NAME_ABBR":"隽泰控股","ORG_CODE":"10009015","STD_REPORT_DATE":"2023-12-31 00:00:00","REPORT_DATE":"2023-12-31 00:00:00","DATE_TYPE_CODE":"001","REPORT_TYPE":"2023年年报","PER_NETCASH_OPERATE":-0.008215954852,"PER_OI":0.032156677831,"BPS":0.057471409675,"BASIC_EPS":-0.00271866,"DILUTED_EPS":-0.00271866,"OPERATE_INCOME":31113251.26,"OPERATE_INCOME_YOY":-48.3628870941,"GROSS_PROFIT":13419305.76,"GROSS_PROFIT_YOY":2.278567305511,"HOLDER_PROFIT":-2494823.66,"HOLDER_PROFIT_YOY":97.3592579448,"GROSS_PROFIT_RATIO":43.130515830251,"EPS_TTM":-0.002578491075,"OPERATE_INCOME_QOQ":-49.703328734031,"NET_PROFIT_RATIO":-8.0185244517,"ROE_AVG":-6.886804252658,"GROSS_PROFIT_QOQ":-0.241982799439,"ROA":-1.612024897675,"HOLDER_PROFIT_QOQ":97.364287215554,"ROE_YEARLY":-6.886804252658,"ROIC_YEARLY":-1.667878347268,"TOTAL_ASSETS":152895625.96,"TOTAL_LIABILITIES":97289060.54,"TAX_EBT":null,"OCF_SALES":-25.549762619055,"TOTAL_PARENT_EQUITY":55606565.42,"DEBT_ASSET_RATIO":63.6310292915,"OPERATE_PROFIT":538294.68,"PRETAX_PROFIT":-1552354.86,"NETCASH_OPERATE":-7949361.84,"NETCASH_INVEST":12687.08,"NETCASH_FINANCE":11556117.44,"END_CASH":6992393.52,"DIVI_RATIO":null,"DIVIDEND_RATE":null,"CURRENT_RATIO":2.206704422093,"COMMON_ACS":8000000000,"CURRENTDEBT_DEBT":71.217526570228,"ISSUED_COMMON_SHARES":967551792,"HK_COMMON_SHARES":967551792,"PER_SHARES":10000,"TOTAL_MARKET_CAP":69663729.024,"HKSK_MARKET_CAP":69663729.024,"PE_TTM":46.722822953722,"PB_TTM":1.938765696983,"REPORT_DATE_SQ":"2022-12-31 00:00:00","REPORT_TYPE_SQ":"2022年年报","OPERATE_INCOME_SQ":59392629.03,"DPS_HKD":null,"OPERATE_INCOME_QOQ_SQ":11.69009974889,"NET_PROFIT_RATIO_SQ":-150.6364963082,"HOLDER_PROFIT_SQ":-93124290.77,"HOLDER_PROFIT_QOQ_SQ":-135.181625879716,"ROE_AVG_SQ":-156.283120835301,"PE_TTM_SQ":-0.513052539552,"PB_TTM_SQ":1.45643846297,"ROA_SQ":-58.303156729126,"START_DATE":"2023-01-01 00:00:00","FISCAL_YEAR":"12-31","CURRENCY":"HKD","IS_CNY_CODE":0,"DPS_HKD_LY":null,"ORG_TYPE":"一般企业","PREMIUM_INCOME":null,"PREMIUM_INCOME_YOY":null,"NET_INTEREST_INCOME":null,"NET_INTEREST_INCOME_YOY":null,"FEE_COMMISSION_INCOME":null,"FEE_COMMISSION_INCOME_YOY":null,"ACCOUNTS_RECE_TDAYS":0.292179581555,"INVENTORY_TDAYS":5.375825991189,"CURRENT_ASSETS_TDAYS":0.204843502023,"TOTAL_ASSETS_TDAYS":0.2010375983,"PREMIUM_EXPENSE":null,"LOAN_DEPOSIT":null,"LOAN_EQUITY":null,"LOAN_ASSETS":null,"DEPOSIT_EQUITY":null,"DEPOSIT_ASSETS":null,"EQUITY_MULTIPLIER":2.749596649339,"EQUITY_RATIO":1.749596649338},{"SECUCODE":"00630.HK","SECURITY_CODE":"00630","SECURITY_NAME_ABBR":"隽泰控股","ORG_CODE":"10009015","STD_REPORT_DATE":"2023-06-30 00:00:00","REPORT_DATE":"2023-06-30 00:00:00","DATE_TYPE_CODE":"002","REPORT_TYPE":"2023年中报","PER_NETCASH_OPERATE":-0.008026275807,"PER_OI":0.022163498634,"BPS":0.034817056326,"BASIC_EPS":-0.030978528,"DILUTED_EPS":-0.030978528,"OPERATE_INCOME":21444332.82,"OPERATE_INCOME_YOY":-7.0755093887,"GROSS_PROFIT":4523233.88,"GROSS_PROFIT_YOY":-25.199311904311,"HOLDER_PROFIT":-27357912.54,"HOLDER_PROFIT_YOY":1.7482864806,"GROSS_PROFIT_RATIO":21.092910271293,"EPS_TTM":-0.097828985386,"OPERATE_INCOME_QOQ":0.062967942303,"NET_PROFIT_RATIO":-127.5764220302,"ROE_AVG":-107.653237070764,"GROSS_PROFIT_QOQ":-10.175267298781,"ROA":-17.709197467131,"HOLDER_PROFIT_QOQ":-1.64330846157,"ROE_YEARLY":-215.306474141528,"ROIC_YEARLY":-37.027377773341,"TOTAL_ASSETS":149613382.52,"TOTAL_LIABILITIES":115926077.28,"TAX_EBT":null,"OCF_SALES":-36.213938690399,"TOTAL_PARENT_EQUITY":33687305.24,"DEBT_ASSET_RATIO":77.4837620321,"OPERATE_PROFIT":-7322365.16,"PRETAX_PROFIT":-27357912.54,"NETCASH_OPERATE":-7765837.54,"NETCASH_INVEST":1237297.16,"NETCASH_FINANCE":13091194.02,"END_CASH":9994263.2,"DIVI_RATIO":null,"DIVIDEND_RATE":null,"CURRENT_RATIO":1.631964196085,"COMMON_ACS":8000000000,"CURRENTDEBT_DEBT":76.05777183941,"ISSUED_COMMON_SHARES":967551792,"HK_COMMON_SHARES":967551792,"PER_SHARES":10000,"TOTAL_MARKET_CAP":69663729.024,"HKSK_MARKET_CAP":69663729.024,"PE_TTM":46.722822953722,"PB_TTM":1.938765696983,"REPORT_DATE_SQ":"2022-06-30 00:00:00","REPORT_TYPE_SQ":"2022年中报","OPERATE_INCOME_SQ":21405405.7,"DPS_HKD":null,"OPERATE_INCOME_QOQ_SQ":-5.832143218502,"NET_PROFIT_RATIO_SQ":-120.6592089493,"HOLDER_PROFIT_SQ":-25827593.19,"HOLDER_PROFIT_QOQ_SQ":-167.453460296603,"ROE_AVG_SQ":-28.936614624004,"PE_TTM_SQ":-0.513052539552,"PB_TTM_SQ":1.45643846297,"ROA_SQ":-16.815046184169,"START_DATE":"2023-01-01 00:00:00","FISCAL_YEAR":"12-31","CURRENCY":"HKD","IS_CNY_CODE":0,"DPS_HKD_LY":null,"ORG_TYPE":"一般企业","PREMIUM_INCOME":null,"PREMIUM_INCOME_YOY":null,"NET_INTEREST_INCOME":null,"NET_INTEREST_INCOME_YOY":null,"FEE_COMMISSION_INCOME":null,"FEE_COMMISSION_INCOME_YOY":null,"ACCOUNTS_RECE_TDAYS":0.18783691566,"INVENTORY_TDAYS":85.962529274005,"CURRENT_ASSETS_TDAYS":0.144214135577,"TOTAL_ASSETS_TDAYS":0.138812463818,"PREMIUM_EXPENSE":null,"LOAN_DEPOSIT":null,"LOAN_EQUITY":null,"LOAN_ASSETS":null,"DEPOSIT_EQUITY":null,"DEPOSIT_ASSETS":null,"EQUITY_MULTIPLIER":4.441239257755,"EQUITY_RATIO":3.441239257759},{"SECUCODE":"00630.HK","SECURITY_CODE":"00630","SECURITY_NAME_ABBR":"隽泰控股","ORG_CODE":"10009015","STD_REPORT_DATE":"2022-12-31 00:00:00","REPORT_DATE":"2022-12-31 00:00:00","DATE_TYPE_CODE":"001","REPORT_TYPE":"2022年年报","PER_NETCASH_OPERATE":-0.027730048088,"PER_OI":0.061384444245,"BPS":0.017161867889,"BASIC_EPS":-0.170882551,"DILUTED_EPS":-0.170882551,"OPERATE_INCOME":59392629.03,"OPERATE_INCOME_YOY":-3.7334297756,"GROSS_PROFIT":13120349.76,"GROSS_PROFIT_YOY":13.690361463322,"HOLDER_PROFIT":-93124290.77,"HOLDER_PROFIT_YOY":-475.7179147338,"GROSS_PROFIT_RATIO":24.224428164781,"EPS_TTM":-0.096247344628,"OPERATE_INCOME_QOQ":11.69009974889,"NET_PROFIT_RATIO":-150.6364963082,"ROE_AVG":-156.283120835301,"GROSS_PROFIT_QOQ":49.387767004482,"ROA":-58.303156729126,"HOLDER_PROFIT_QOQ":-135.181625879716,"ROE_YEARLY":-156.283120835301,"ROIC_YEARLY":-59.712922497093,"TOTAL_ASSETS":154392786.8,"TOTAL_LIABILITIES":137787790.77,"TAX_EBT":null,"OCF_SALES":-43.400234080368,"TOTAL_PARENT_EQUITY":16604996.03,"DEBT_ASSET_RATIO":89.244966443,"OPERATE_PROFIT":-92114002.4,"PRETAX_PROFIT":-93161808.11,"NETCASH_OPERATE":-26830257.72,"NETCASH_INVEST":1786.54,"NETCASH_FINANCE":25874458.82,"END_CASH":3324750.94,"DIVI_RATIO":null,"DIVIDEND_RATE":null,"CURRENT_RATIO":1.677791885846,"COMMON_ACS":8000000000,"CURRENTDEBT_DEBT":64.332808215182,"ISSUED_COMMON_SHARES":967551792,"HK_COMMON_SHARES":967551792,"PER_SHARES":10000,"TOTAL_MARKET_CAP":111268456.08,"HKSK_MARKET_CAP":111268456.08,"PE_TTM":74.62673110664,"PB_TTM":3.096639654904,"REPORT_DATE_SQ":"2021-12-31 00:00:00","REPORT_TYPE_SQ":"2021年年报","OPERATE_INCOME_SQ":58778081.6,"DPS_HKD":null,"OPERATE_INCOME_QOQ_SQ":31.161055653974,"NET_PROFIT_RATIO_SQ":-25.1881320332,"HOLDER_PROFIT_SQ":-14805100.8,"HOLDER_PROFIT_QOQ_SQ":24.76900338754,"ROE_AVG_SQ":-14.667276858216,"PE_TTM_SQ":-1.305951918861,"PB_TTM_SQ":3.707297905742,"ROA_SQ":-9.110187078809,"START_DATE":"2022-01-01 00:00:00","FISCAL_YEAR":"12-31","CURRENCY":"HKD","IS_CNY_CODE":0,"DPS_HKD_LY":null,"ORG_TYPE":"一般企业","PREMIUM_INCOME":null,"PREMIUM_INCOME_YOY":null,"NET_INTEREST_INCOME":null,"NET_INTEREST_INCOME_YOY":null,"FEE_COMMISSION_INCOME":null,"FEE_COMMISSION_INCOME_YOY":null,"ACCOUNTS_RECE_TDAYS":0.550800034793,"INVENTORY_TDAYS":26221,"CURRENT_ASSETS_TDAYS":0.421358011537,"TOTAL_ASSETS_TDAYS":0.387045358582,"PREMIUM_EXPENSE":null,"LOAN_DEPOSIT":null,"LOAN_EQUITY":null,"LOAN_ASSETS":null,"DEPOSIT_EQUITY":null,"DEPOSIT_ASSETS":null,"EQUITY_MULTIPLIER":9.297971918917,"EQUITY_RATIO":8.297971918877},{"SECUCODE":"00630.HK","SECURITY_CODE":"00630","SECURITY_NAME_ABBR":"隽泰控股","ORG_CODE":"10009015","STD_REPORT_DATE":"2022-06-30 00:00:00","REPORT_DATE":"2022-06-30 00:00:00","DATE_TYPE_CODE":"002","REPORT_TYPE":"2022年中报","PER_NETCASH_OPERATE":-0.006426088427,"PER_OI":0.008849306412,"BPS":0.083008650818,"BASIC_EPS":-0.053363856,"DILUTED_EPS":-0.053363856,"OPERATE_INCOME":21405405.7,"OPERATE_INCOME_YOY":-16.133355671,"GROSS_PROFIT":6047048.49,"GROSS_PROFIT_YOY":-20.041937066086,"HOLDER_PROFIT":-25827593.19,"HOLDER_PROFIT_YOY":-2325.7831325301,"GROSS_PROFIT_RATIO":28.250099880144,"EPS_TTM":-0.016369874854,"OPERATE_INCOME_QOQ":-5.832143218502,"NET_PROFIT_RATIO":-120.6592089493,"ROE_AVG":-28.936614624004,"GROSS_PROFIT_QOQ":-13.13406361846,"ROA":-16.815046184169,"HOLDER_PROFIT_QOQ":-167.453460296603,"ROE_YEARLY":-57.873229248008,"ROIC_YEARLY":-34.203976930068,"TOTAL_ASSETS":149176778.03,"TOTAL_LIABILITIES":68861609.18,"TAX_EBT":null,"OCF_SALES":-72.616859768278,"TOTAL_PARENT_EQUITY":80315168.85,"DEBT_ASSET_RATIO":46.1610782116,"OPERATE_PROFIT":-24298513.47,"PRETAX_PROFIT":-25827593.19,"NETCASH_OPERATE":-15543933.44,"NETCASH_INVEST":-1241735.88,"NETCASH_FINANCE":13865195.47,"END_CASH":1116878.14,"DIVI_RATIO":null,"DIVIDEND_RATE":null,"CURRENT_RATIO":5.031365924748,"COMMON_ACS":8000000000,"CURRENTDEBT_DEBT":37.495342887658,"ISSUED_COMMON_SHARES":967551792,"HK_COMMON_SHARES":967551792,"PER_SHARES":10000,"TOTAL_MARKET_CAP":69663729.024,"HKSK_MARKET_CAP":69663729.024,"PE_TTM":46.722822953722,"PB_TTM":1.938765696983,"REPORT_DATE_SQ":"2021-06-30 00:00:00","REPORT_TYPE_SQ":"2021年中报","OPERATE_INCOME_SQ":24833427.6,"DPS_HKD":null,"OPERATE_INCOME_QOQ_SQ":-0.971487879697,"NET_PROFIT_RATIO_SQ":-4.171553024,"HOLDER_PROFIT_SQ":-1035939.6,"HOLDER_PROFIT_QOQ_SQ":33.134057159964,"ROE_AVG_SQ":-0.949721948875,"PE_TTM_SQ":-0.513052539552,"PB_TTM_SQ":1.45643846297,"ROA_SQ":-0.591090906933,"START_DATE":"2022-01-01 00:00:00","FISCAL_YEAR":"12-31","CURRENCY":"HKD","IS_CNY_CODE":0,"DPS_HKD_LY":null,"ORG_TYPE":"一般企业","PREMIUM_INCOME":null,"PREMIUM_INCOME_YOY":null,"NET_INTEREST_INCOME":null,"NET_INTEREST_INCOME_YOY":null,"FEE_COMMISSION_INCOME":null,"FEE_COMMISSION_INCOME_YOY":null,"ACCOUNTS_RECE_TDAYS":0.211234324101,"INVENTORY_TDAYS":8979.5,"CURRENT_ASSETS_TDAYS":0.159473476305,"TOTAL_ASSETS_TDAYS":0.139359824506,"PREMIUM_EXPENSE":null,"LOAN_DEPOSIT":null,"LOAN_EQUITY":null,"LOAN_ASSETS":null,"DEPOSIT_EQUITY":null,"DEPOSIT_ASSETS":null,"EQUITY_MULTIPLIER":1.857392322845,"EQUITY_RATIO":0.857392322845},{"SECUCODE":"00630.HK","SECURITY_CODE":"00630","SECURITY_NAME_ABBR":"隽泰控股","ORG_CODE":"10009015","STD_REPORT_DATE":"2021-12-31 00:00:00","REPORT_DATE":"2021-12-31 00:00:00","DATE_TYPE_CODE":"001","REPORT_TYPE":"2021年年报","PER_NETCASH_OPERATE":0.001824903818,"PER_OI":0.024299714831,"BPS":0.097028503462,"BASIC_EPS":-0.02714432,"DILUTED_EPS":-0.02714432,"OPERATE_INCOME":58778081.6,"OPERATE_INCOME_YOY":33.7059217378,"GROSS_PROFIT":11540424,"GROSS_PROFIT_YOY":3.096460794589,"HOLDER_PROFIT":-14805100.8,"HOLDER_PROFIT_YOY":48.2169921931,"GROSS_PROFIT_RATIO":19.633890194878,"EPS_TTM":-0.006120644255,"OPERATE_INCOME_QOQ":31.161055653974,"NET_PROFIT_RATIO":-25.1881320332,"ROE_AVG":-14.667276858216,"GROSS_PROFIT_QOQ":-0.847479243397,"ROA":-9.110187078809,"HOLDER_PROFIT_QOQ":24.76900338754,"ROE_YEARLY":-14.667276858216,"ROIC_YEARLY":-9.31766667267,"TOTAL_ASSETS":151073675.2,"TOTAL_LIABILITIES":57193572.8,"TAX_EBT":null,"OCF_SALES":7.509980386975,"TOTAL_PARENT_EQUITY":93880102.4,"DEBT_ASSET_RATIO":37.8580667507,"OPERATE_PROFIT":-12324502.4,"PRETAX_PROFIT":-14805100.8,"NETCASH_OPERATE":4414222.4,"NETCASH_INVEST":-1073508.8,"NETCASH_FINANCE":-2814996.8,"END_CASH":3859889.6,"DIVI_RATIO":null,"DIVIDEND_RATE":null,"CURRENT_RATIO":2.330480191041,"COMMON_ACS":8000000000,"CURRENTDEBT_DEBT":99.372435778308,"ISSUED_COMMON_SHARES":967551792,"HK_COMMON_SHARES":967551792,"PER_SHARES":10000,"TOTAL_MARKET_CAP":69663729.024,"HKSK_MARKET_CAP":69663729.024,"PE_TTM":46.722822953722,"PB_TTM":1.938765696983,"REPORT_DATE_SQ":"2020-12-31 00:00:00","REPORT_TYPE_SQ":"2020年年报","OPERATE_INCOME_SQ":45253299.52,"DPS_HKD":null,"OPERATE_INCOME_QOQ_SQ":-1.50516810844,"NET_PROFIT_RATIO_SQ":-65.0368248773,"HOLDER_PROFIT_SQ":-29431309.16,"HOLDER_PROFIT_QOQ_SQ":-7.998860554452,"ROE_AVG_SQ":-29.33887071063,"PE_TTM_SQ":-0.513052539552,"PB_TTM_SQ":1.45643846297,"ROA_SQ":-17.244244562631,"START_DATE":"2021-01-01 00:00:00","FISCAL_YEAR":"12-31","CURRENCY":"HKD","IS_CNY_CODE":0,"DPS_HKD_LY":null,"ORG_TYPE":"一般企业","PREMIUM_INCOME":null,"PREMIUM_INCOME_YOY":null,"NET_INTEREST_INCOME":null,"NET_INTEREST_INCOME_YOY":null,"FEE_COMMISSION_INCOME":null,"FEE_COMMISSION_INCOME_YOY":null,"ACCOUNTS_RECE_TDAYS":0.54632570864,"INVENTORY_TDAYS":3209.77777777778,"CURRENT_ASSETS_TDAYS":0.42460037386,"TOTAL_ASSETS_TDAYS":0.361685696533,"PREMIUM_EXPENSE":null,"LOAN_DEPOSIT":null,"LOAN_EQUITY":null,"LOAN_ASSETS":null,"DEPOSIT_EQUITY":null,"DEPOSIT_ASSETS":null,"EQUITY_MULTIPLIER":1.609219326969,"EQUITY_RATIO":0.60921932697},{"SECUCODE":"00630.HK","SECURITY_CODE":"00630","SECURITY_NAME_ABBR":"隽泰控股","ORG_CODE":"10009015","STD_REPORT_DATE":"2021-06-30 00:00:00","REPORT_DATE":"2021-06-30 00:00:00","DATE_TYPE_CODE":"002","REPORT_TYPE":"2021年中报","PER_NETCASH_OPERATE":-0.000059854954,"PER_OI":0.010266500582,"BPS":0.111874584921,"BASIC_EPS":-0.00041604,"DILUTED_EPS":-0.00041604,"OPERATE_INCOME":24833427.6,"OPERATE_INCOME_YOY":7.8682955038,"GROSS_PROFIT":7562775.12,"GROSS_PROFIT_YOY":6.255695238578,"HOLDER_PROFIT":-1035939.6,"HOLDER_PROFIT_YOY":89.4580863675,"GROSS_PROFIT_RATIO":30.454012397387,"EPS_TTM":-0.008135801107,"OPERATE_INCOME_QOQ":-0.971487879697,"NET_PROFIT_RATIO":-4.171553024,"ROE_AVG":-0.949721948875,"GROSS_PROFIT_QOQ":3.977649794369,"ROA":-0.591090906933,"HOLDER_PROFIT_QOQ":33.134057159964,"ROE_YEARLY":-1.89944389775,"ROIC_YEARLY":-1.204953374595,"TOTAL_ASSETS":173487847.92,"TOTAL_LIABILITIES":65243392.8,"TAX_EBT":null,"OCF_SALES":-0.583012229854,"TOTAL_PARENT_EQUITY":108244455.12,"DEBT_ASSET_RATIO":37.6068949971,"OPERATE_PROFIT":202195.44,"PRETAX_PROFIT":-1035939.6,"NETCASH_OPERATE":-144781.92,"NETCASH_INVEST":832.08,"NETCASH_FINANCE":-106506.24,"END_CASH":3186866.4,"DIVI_RATIO":null,"DIVIDEND_RATE":null,"CURRENT_RATIO":2.201862007397,"COMMON_ACS":8000000000,"CURRENTDEBT_DEBT":100,"ISSUED_COMMON_SHARES":967551792,"HK_COMMON_SHARES":967551792,"PER_SHARES":10000,"TOTAL_MARKET_CAP":69663729.024,"HKSK_MARKET_CAP":69663729.024,"PE_TTM":46.722822953722,"PB_TTM":1.938765696983,"REPORT_DATE_SQ":"2020-06-30 00:00:00","REPORT_TYPE_SQ":"2020年中报","OPERATE_INCOME_SQ":25273057.92,"DPS_HKD":null,"OPERATE_INCOME_QOQ_SQ":-24.246644662477,"NET_PROFIT_RATIO_SQ":-42.6846898945,"HOLDER_PROFIT_SQ":-10787726.4,"HOLDER_PROFIT_QOQ_SQ":11.937445983706,"ROE_AVG_SQ":-10.558453691659,"PE_TTM_SQ":-0.513052539552,"PB_TTM_SQ":1.45643846297,"ROA_SQ":-6.448389677116,"START_DATE":"2021-01-01 00:00:00","FISCAL_YEAR":"12-31","CURRENCY":"HKD","IS_CNY_CODE":0,"DPS_HKD_LY":null,"ORG_TYPE":"一般企业","PREMIUM_INCOME":null,"PREMIUM_INCOME_YOY":null,"NET_INTEREST_INCOME":null,"NET_INTEREST_INCOME_YOY":null,"FEE_COMMISSION_INCOME":null,"FEE_COMMISSION_INCOME_YOY":null,"ACCOUNTS_RECE_TDAYS":0.212272622202,"INVENTORY_TDAYS":null,"CURRENT_ASSETS_TDAYS":0.170896368488,"TOTAL_ASSETS_TDAYS":0.141695647529,"PREMIUM_EXPENSE":null,"LOAN_DEPOSIT":null,"LOAN_EQUITY":null,"LOAN_ASSETS":null,"DEPOSIT_EQUITY":null,"DEPOSIT_ASSETS":null,"EQUITY_MULTIPLIER":1.602741200255,"EQUITY_RATIO":0.602741200255},{"SECUCODE":"00630.HK","SECURITY_CODE":"00630","SECURITY_NAME_ABBR":"隽泰控股","ORG_CODE":"10009015","STD_REPORT_DATE":"2020-12-31 00:00:00","REPORT_DATE":"2020-12-31 00:00:00","DATE_TYPE_CODE":"001","REPORT_TYPE":"2020年年报","PER_NETCASH_OPERATE":-0.009374367371,"PER_OI":0.018708372978,"BPS":0.11490315396,"BASIC_EPS":-0.014392044,"DILUTED_EPS":-0.014392044,"OPERATE_INCOME":45253299.52,"OPERATE_INCOME_YOY":-20.5872361794,"GROSS_PROFIT":11193812,"GROSS_PROFIT_YOY":-33.506294875414,"HOLDER_PROFIT":-29431309.16,"HOLDER_PROFIT_YOY":-1.2244543507,"GROSS_PROFIT_RATIO":24.735902395477,"EPS_TTM":-0.012167331771,"OPERATE_INCOME_QOQ":-1.50516810844,"NET_PROFIT_RATIO":-65.0368248773,"ROE_AVG":-29.33887071063,"GROSS_PROFIT_QOQ":-19.018236953684,"ROA":-17.244244562631,"HOLDER_PROFIT_QOQ":-7.998860554452,"ROE_YEARLY":-29.33887071063,"ROIC_YEARLY":-17.971805506303,"TOTAL_ASSETS":179063959.84,"TOTAL_LIABILITIES":67889207.32,"TAX_EBT":1.609408851749,"OCF_SALES":-50.107870852552,"TOTAL_PARENT_EQUITY":111174752.52,"DEBT_ASSET_RATIO":37.9133843464,"OPERATE_PROFIT":-27333942.28,"PRETAX_PROFIT":-29912727.24,"NETCASH_OPERATE":-22675464.88,"NETCASH_INVEST":-28404508.36,"NETCASH_FINANCE":45120320.4,"END_CASH":3476814.84,"DIVI_RATIO":null,"DIVIDEND_RATE":null,"CURRENT_RATIO":3.758762316188,"COMMON_ACS":8000000000,"CURRENTDEBT_DEBT":58.255953783023,"ISSUED_COMMON_SHARES":967551792,"HK_COMMON_SHARES":967551792,"PER_SHARES":10000,"TOTAL_MARKET_CAP":111268456.08,"HKSK_MARKET_CAP":111268456.08,"PE_TTM":74.62673110664,"PB_TTM":3.096639654904,"REPORT_DATE_SQ":"2019-12-31 00:00:00","REPORT_TYPE_SQ":"2019年年报","OPERATE_INCOME_SQ":60650576.46,"DPS_HKD":null,"OPERATE_INCOME_QOQ_SQ":-33.943345754301,"NET_PROFIT_RATIO_SQ":-51.0227893719,"HOLDER_PROFIT_SQ":-30945615.88,"HOLDER_PROFIT_QOQ_SQ":24.052998404545,"ROE_AVG_SQ":-28.536027292026,"PE_TTM_SQ":-1.305951918861,"PB_TTM_SQ":3.707297905742,"ROA_SQ":-16.184207444192,"START_DATE":"2020-01-01 00:00:00","FISCAL_YEAR":"12-31","CURRENCY":"HKD","IS_CNY_CODE":0,"DPS_HKD_LY":null,"ORG_TYPE":"一般企业","PREMIUM_INCOME":null,"PREMIUM_INCOME_YOY":null,"NET_INTEREST_INCOME":null,"NET_INTEREST_INCOME_YOY":null,"FEE_COMMISSION_INCOME":null,"FEE_COMMISSION_INCOME_YOY":null,"ACCOUNTS_RECE_TDAYS":0.347958893117,"INVENTORY_TDAYS":1190.23529411765,"CURRENT_ASSETS_TDAYS":0.295606422545,"TOTAL_ASSETS_TDAYS":0.26514585537,"PREMIUM_EXPENSE":null,"LOAN_DEPOSIT":null,"LOAN_EQUITY":null,"LOAN_ASSETS":null,"DEPOSIT_EQUITY":null,"DEPOSIT_ASSETS":null,"EQUITY_MULTIPLIER":1.610653100467,"EQUITY_RATIO":0.610653100467},{"SECUCODE":"00630.HK","SECURITY_CODE":"00630","SECURITY_NAME_ABBR":"隽泰控股","ORG_CODE":"10009015","STD_REPORT_DATE":"2020-06-30 00:00:00","REPORT_DATE":"2020-06-30 00:00:00","DATE_TYPE_CODE":"002","REPORT_TYPE":"2020年中报","PER_NETCASH_OPERATE":-0.000785542193,"PER_OI":0.012335063216,"BPS":0.110853109556,"BASIC_EPS":-0.005663328,"DILUTED_EPS":-0.005663328,"OPERATE_INCOME":25273057.92,"OPERATE_INCOME_YOY":-39.1216335152,"GROSS_PROFIT":7117524.48,"GROSS_PROFIT_YOY":-29.733198836179,"HOLDER_PROFIT":-10787726.4,"HOLDER_PROFIT_YOY":28.2633784851,"GROSS_PROFIT_RATIO":28.162498192858,"EPS_TTM":-0.013300684571,"OPERATE_INCOME_QOQ":-24.246644662477,"NET_PROFIT_RATIO":-42.6846898945,"ROE_AVG":-10.558453691659,"GROSS_PROFIT_QOQ":-17.890519268448,"ROA":-6.448389677116,"HOLDER_PROFIT_QOQ":11.937445983706,"ROE_YEARLY":-21.116907383318,"ROIC_YEARLY":-14.475611475078,"TOTAL_ASSETS":158459917.44,"TOTAL_LIABILITIES":51203792.64,"TAX_EBT":2.798353909465,"OCF_SALES":-6.368367789504,"TOTAL_PARENT_EQUITY":107256124.8,"DEBT_ASSET_RATIO":32.3134035832,"OPERATE_PROFIT":-9696165.6,"PRETAX_PROFIT":-11098296,"NETCASH_OPERATE":-1609481.28,"NETCASH_INVEST":913.44,"NETCASH_FINANCE":15652707.84,"END_CASH":25268490.72,"DIVI_RATIO":null,"DIVIDEND_RATE":null,"CURRENT_RATIO":7.274849814665,"COMMON_ACS":8000000000,"CURRENTDEBT_DEBT":41.870629370629,"ISSUED_COMMON_SHARES":967551792,"HK_COMMON_SHARES":967551792,"PER_SHARES":10000,"TOTAL_MARKET_CAP":69663729.024,"HKSK_MARKET_CAP":69663729.024,"PE_TTM":46.722822953722,"PB_TTM":1.938765696983,"REPORT_DATE_SQ":"2019-06-30 00:00:00","REPORT_TYPE_SQ":"2019年中报","OPERATE_INCOME_SQ":39978787.68,"DPS_HKD":null,"OPERATE_INCOME_QOQ_SQ":-6.671008012638,"NET_PROFIT_RATIO_SQ":-36.2238162295,"HOLDER_PROFIT_SQ":-14481842.58,"HOLDER_PROFIT_QOQ_SQ":-73.831706383672,"ROE_AVG_SQ":-12.653869064776,"PE_TTM_SQ":-0.513052539552,"PB_TTM_SQ":1.45643846297,"ROA_SQ":-7.271659168859,"START_DATE":"2020-01-01 00:00:00","FISCAL_YEAR":"12-31","CURRENCY":"HKD","IS_CNY_CODE":0,"DPS_HKD_LY":null,"ORG_TYPE":"一般企业","PREMIUM_INCOME":null,"PREMIUM_INCOME_YOY":null,"NET_INTEREST_INCOME":null,"NET_INTEREST_INCOME_YOY":null,"FEE_COMMISSION_INCOME":null,"FEE_COMMISSION_INCOME_YOY":null,"ACCOUNTS_RECE_TDAYS":0.190199252759,"INVENTORY_TDAYS":584.588235294118,"CURRENT_ASSETS_TDAYS":0.154612588397,"TOTAL_ASSETS_TDAYS":0.151070318024,"PREMIUM_EXPENSE":null,"LOAN_DEPOSIT":null,"LOAN_EQUITY":null,"LOAN_ASSETS":null,"DEPOSIT_EQUITY":null,"DEPOSIT_ASSETS":null,"EQUITY_MULTIPLIER":1.477397376937,"EQUITY_RATIO":0.477397376937}],"count":48},"success":true,"message":"ok","code":0}