{"version":"8550c44d9d074a8c1b4337d5e2eda11d","result":{"pages":3,"data":[{"SECUCODE":"00636.HK","SECURITY_CODE":"00636","SECURITY_NAME_ABBR":"嘉里物流","ORG_CODE":"10358810","STD_REPORT_DATE":"2024-06-30 00:00:00","REPORT_DATE":"2024-06-30 00:00:00","DATE_TYPE_CODE":"002","REPORT_TYPE":"2024年中报","PER_NETCASH_OPERATE":0.478508426738,"PER_OI":12.842395887053,"BPS":7.845249011632,"BASIC_EPS":0.4198328,"DILUTED_EPS":0.4198328,"OPERATE_INCOME":23211723147.84,"OPERATE_INCOME_YOY":9.6367859708,"GROSS_PROFIT":2298459542.84,"GROSS_PROFIT_YOY":2.446269544695,"HOLDER_PROFIT":758549339.64,"HOLDER_PROFIT_YOY":126.0827106325,"GROSS_PROFIT_RATIO":9.902149565548,"EPS_TTM":0.628838701414,"OPERATE_INCOME_QOQ":4.246847913278,"NET_PROFIT_RATIO":3.5393863156,"ROE_AVG":5.138533146733,"GROSS_PROFIT_QOQ":1.235699454251,"ROA":2.010210551816,"HOLDER_PROFIT_QOQ":58.525773679713,"ROE_YEARLY":10.277066293466,"ROIC_YEARLY":5.194356913317,"TOTAL_ASSETS":37026723923.72,"TOTAL_LIABILITIES":20060845127.36,"TAX_EBT":25.967215011129,"OCF_SALES":3.726005886644,"TOTAL_PARENT_EQUITY":14179733258.92,"DEBT_ASSET_RATIO":54.1793683089,"OPERATE_PROFIT":1127057579.84,"PRETAX_PROFIT":915213599.68,"NETCASH_OPERATE":864870170.88,"NETCASH_INVEST":-331098399.68,"NETCASH_FINANCE":-1230978062.68,"END_CASH":5195663633.4,"DIVI_RATIO":0.332480490673,"DIVIDEND_RATE":3.34788937409,"CURRENT_RATIO":1.465630343198,"COMMON_ACS":6000000000,"CURRENTDEBT_DEBT":63.57268139001,"ISSUED_COMMON_SHARES":1807429342,"HK_COMMON_SHARES":1807429342,"PER_SHARES":500,"TOTAL_MARKET_CAP":12417039579.54,"HKSK_MARKET_CAP":12417039579.54,"PE_TTM":9.89666563814,"PB_TTM":0.79922403874,"REPORT_DATE_SQ":"2023-06-30 00:00:00","REPORT_TYPE_SQ":"2023年中报","OPERATE_INCOME_SQ":21387206017.22,"DPS_HKD":0.23,"OPERATE_INCOME_QOQ_SQ":-22.918067712972,"NET_PROFIT_RATIO_SQ":1.1857928913,"HOLDER_PROFIT_SQ":338937365.62,"HOLDER_PROFIT_QOQ_SQ":-52.974463890528,"ROE_AVG_SQ":1.988960218199,"PE_TTM_SQ":10.165383386482,"PB_TTM_SQ":0.860966002638,"ROA_SQ":0.83770332397,"START_DATE":"2024-01-01 00:00:00","FISCAL_YEAR":"12-31","CURRENCY":"HKD","IS_CNY_CODE":0,"DPS_HKD_LY":0.23,"ORG_TYPE":"一般企业","PREMIUM_INCOME":null,"PREMIUM_INCOME_YOY":null,"NET_INTEREST_INCOME":null,"NET_INTEREST_INCOME_YOY":null,"FEE_COMMISSION_INCOME":null,"FEE_COMMISSION_INCOME_YOY":null,"ACCOUNTS_RECE_TDAYS":2.022006629752,"INVENTORY_TDAYS":57.330173360655,"CURRENT_ASSETS_TDAYS":1.213925315814,"TOTAL_ASSETS_TDAYS":0.615127432841,"PREMIUM_EXPENSE":null,"LOAN_DEPOSIT":null,"LOAN_EQUITY":null,"LOAN_ASSETS":null,"DEPOSIT_EQUITY":null,"DEPOSIT_ASSETS":null,"EQUITY_MULTIPLIER":2.182422989586,"EQUITY_RATIO":1.414754760266},{"SECUCODE":"00636.HK","SECURITY_CODE":"00636","SECURITY_NAME_ABBR":"嘉里物流","ORG_CODE":"10358810","STD_REPORT_DATE":"2023-12-31 00:00:00","REPORT_DATE":"2023-12-31 00:00:00","DATE_TYPE_CODE":"001","REPORT_TYPE":"2023年年报","PER_NETCASH_OPERATE":1.477226930468,"PER_OI":23.769492460182,"BPS":8.42944347607,"BASIC_EPS":0.3987368,"DILUTED_EPS":0.3987368,"OPERATE_INCOME":42961678116.98,"OPERATE_INCOME_YOY":-42.4173333116,"GROSS_PROFIT":4441525590.32,"GROSS_PROFIT_YOY":-43.332581771613,"HOLDER_PROFIT":716969546.3,"HOLDER_PROFIT_YOY":-77.8954238542,"GROSS_PROFIT_RATIO":10.338342879033,"EPS_TTM":0.396679156213,"OPERATE_INCOME_QOQ":-27.992120877338,"NET_PROFIT_RATIO":1.2780345852,"ROE_AVG":4.489978299086,"GROSS_PROFIT_QOQ":-9.369733142541,"ROA":1.809307892193,"HOLDER_PROFIT_QOQ":-52.313073716108,"ROE_YEARLY":4.489978299086,"ROIC_YEARLY":2.412912556688,"TOTAL_ASSETS":38170815591.3,"TOTAL_LIABILITIES":19949215340.32,"TAX_EBT":24.341786438808,"OCF_SALES":6.214802158449,"TOTAL_PARENT_EQUITY":15235623475.38,"DEBT_ASSET_RATIO":52.2630052077,"OPERATE_PROFIT":2073454015.5,"PRETAX_PROFIT":1727867924.72,"NETCASH_OPERATE":2669983298.92,"NETCASH_INVEST":-1584928937.9,"NETCASH_FINANCE":-3347412654.18,"END_CASH":6003674876.08,"DIVI_RATIO":0.527067270173,"DIVIDEND_RATE":3.392330383481,"CURRENT_RATIO":1.461735540574,"COMMON_ACS":6000000000,"CURRENTDEBT_DEBT":66.571404586317,"ISSUED_COMMON_SHARES":1807429342,"HK_COMMON_SHARES":1807429342,"PER_SHARES":500,"TOTAL_MARKET_CAP":12254370938.76,"HKSK_MARKET_CAP":12254370938.76,"PE_TTM":9.767014996593,"PB_TTM":0.788753854827,"REPORT_DATE_SQ":"2022-12-31 00:00:00","REPORT_TYPE_SQ":"2022年年报","OPERATE_INCOME_SQ":73542530527.55,"DPS_HKD":0.23,"OPERATE_INCOME_QOQ_SQ":0.786922154953,"NET_PROFIT_RATIO_SQ":4.4085881986,"HOLDER_PROFIT_SQ":3197183944.57,"HOLDER_PROFIT_QOQ_SQ":-44.012690522241,"ROE_AVG_SQ":18.134890800368,"PE_TTM_SQ":10.591339428724,"PB_TTM_SQ":0.897042720755,"ROA_SQ":7.656314305584,"START_DATE":"2023-01-01 00:00:00","FISCAL_YEAR":"12-31","CURRENCY":"HKD","IS_CNY_CODE":0,"DPS_HKD_LY":0.47,"ORG_TYPE":"一般企业","PREMIUM_INCOME":null,"PREMIUM_INCOME_YOY":null,"NET_INTEREST_INCOME":null,"NET_INTEREST_INCOME_YOY":null,"FEE_COMMISSION_INCOME":null,"FEE_COMMISSION_INCOME_YOY":null,"ACCOUNTS_RECE_TDAYS":3.743547476959,"INVENTORY_TDAYS":95.21777055974,"CURRENT_ASSETS_TDAYS":2.091990683035,"TOTAL_ASSETS_TDAYS":1.084159064775,"PREMIUM_EXPENSE":null,"LOAN_DEPOSIT":null,"LOAN_EQUITY":null,"LOAN_ASSETS":null,"DEPOSIT_EQUITY":null,"DEPOSIT_ASSETS":null,"EQUITY_MULTIPLIER":2.094811381301,"EQUITY_RATIO":1.309379650433},{"SECUCODE":"00636.HK","SECURITY_CODE":"00636","SECURITY_NAME_ABBR":"嘉里物流","ORG_CODE":"10358810","STD_REPORT_DATE":"2023-06-30 00:00:00","REPORT_DATE":"2023-06-30 00:00:00","DATE_TYPE_CODE":"002","REPORT_TYPE":"2023年中报","PER_NETCASH_OPERATE":0.579576479079,"PER_OI":11.832941692511,"BPS":9.45575478597,"BASIC_EPS":0.184396,"DILUTED_EPS":0.184396,"OPERATE_INCOME":21387206017.22,"OPERATE_INCOME_YOY":-47.2988877703,"GROSS_PROFIT":2243575635.36,"GROSS_PROFIT_YOY":-50.388300019801,"HOLDER_PROFIT":338937365.62,"HOLDER_PROFIT_YOY":-84.5331252117,"GROSS_PROFIT_RATIO":8.409325313673,"EPS_TTM":0.831840479405,"OPERATE_INCOME_QOQ":-22.918067712972,"NET_PROFIT_RATIO":1.1857928913,"ROE_AVG":1.988960218199,"GROSS_PROFIT_QOQ":-34.309310008312,"ROA":0.83770332397,"HOLDER_PROFIT_QOQ":-52.974463890528,"ROE_YEARLY":3.977920436397,"ROIC_YEARLY":2.253580477523,"TOTAL_ASSETS":39123512297.38,"TOTAL_LIABILITIES":19546164083.92,"TAX_EBT":24.219426393864,"OCF_SALES":4.488271462704,"TOTAL_PARENT_EQUITY":17090608650.92,"DEBT_ASSET_RATIO":49.9601465619,"OPERATE_PROFIT":1027826991.92,"PRETAX_PROFIT":859380323.94,"NETCASH_OPERATE":1047543534.22,"NETCASH_INVEST":-991570128.42,"NETCASH_FINANCE":-1303015894.4,"END_CASH":7111697339.9,"DIVI_RATIO":0.251342180594,"DIVIDEND_RATE":3.392330383481,"CURRENT_RATIO":1.55010368871,"COMMON_ACS":6000000000,"CURRENTDEBT_DEBT":63.289791928417,"ISSUED_COMMON_SHARES":1807429342,"HK_COMMON_SHARES":1807429342,"PER_SHARES":500,"TOTAL_MARKET_CAP":12254370938.76,"HKSK_MARKET_CAP":12254370938.76,"PE_TTM":9.767014996593,"PB_TTM":0.788753854827,"REPORT_DATE_SQ":"2022-06-30 00:00:00","REPORT_TYPE_SQ":"2022年中报","OPERATE_INCOME_SQ":41078473541.56,"DPS_HKD":0.23,"OPERATE_INCOME_QOQ_SQ":18.96670656242,"NET_PROFIT_RATIO_SQ":5.6097219147,"HOLDER_PROFIT_SQ":2032628419.85,"HOLDER_PROFIT_QOQ_SQ":-12.018710332882,"ROE_AVG_SQ":12.101929086646,"PE_TTM_SQ":10.591339428724,"PB_TTM_SQ":0.897042720755,"ROA_SQ":4.76044614961,"START_DATE":"2023-01-01 00:00:00","FISCAL_YEAR":"12-31","CURRENCY":"HKD","IS_CNY_CODE":0,"DPS_HKD_LY":0.47,"ORG_TYPE":"一般企业","PREMIUM_INCOME":null,"PREMIUM_INCOME_YOY":null,"NET_INTEREST_INCOME":null,"NET_INTEREST_INCOME_YOY":null,"FEE_COMMISSION_INCOME":null,"FEE_COMMISSION_INCOME_YOY":null,"ACCOUNTS_RECE_TDAYS":null,"INVENTORY_TDAYS":46.768545880341,"CURRENT_ASSETS_TDAYS":1.132643018557,"TOTAL_ASSETS_TDAYS":0.576851137513,"PREMIUM_EXPENSE":null,"LOAN_DEPOSIT":null,"LOAN_EQUITY":null,"LOAN_ASSETS":null,"DEPOSIT_EQUITY":null,"DEPOSIT_ASSETS":null,"EQUITY_MULTIPLIER":1.998407132101,"EQUITY_RATIO":1.143678641478},{"SECUCODE":"00636.HK","SECURITY_CODE":"00636","SECURITY_NAME_ABBR":"嘉里物流","ORG_CODE":"10358810","STD_REPORT_DATE":"2022-12-31 00:00:00","REPORT_DATE":"2022-12-31 00:00:00","DATE_TYPE_CODE":"001","REPORT_TYPE":"2022年年报","PER_NETCASH_OPERATE":2.660850377003,"PER_OI":40.689122346118,"BPS":9.108049988369,"BASIC_EPS":1.7686746,"DILUTED_EPS":1.7686746,"OPERATE_INCOME":73542530527.55,"OPERATE_INCOME_YOY":9.7457613809,"GROSS_PROFIT":7837882383.17,"GROSS_PROFIT_YOY":6.46947738048,"HOLDER_PROFIT":3197183944.57,"HOLDER_PROFIT_YOY":-54.9143790515,"GROSS_PROFIT_RATIO":9.638433650766,"EPS_TTM":1.76891667652,"OPERATE_INCOME_QOQ":0.786922154953,"NET_PROFIT_RATIO":4.4085881986,"ROE_AVG":18.134890800368,"GROSS_PROFIT_QOQ":-16.89808184694,"ROA":7.656314305584,"HOLDER_PROFIT_QOQ":-44.012690522241,"ROE_YEARLY":18.134890800368,"ROIC_YEARLY":10.441269759264,"TOTAL_ASSETS":40495567388.71,"TOTAL_LIABILITIES":21513843403.36,"TAX_EBT":23.97658693016,"OCF_SALES":6.213439545494,"TOTAL_PARENT_EQUITY":16462156797.38,"DEBT_ASSET_RATIO":53.126415533,"OPERATE_PROFIT":5490032060.38,"PRETAX_PROFIT":5308097972.94,"NETCASH_OPERATE":4809287072.24,"NETCASH_INVEST":-512767351.18,"NETCASH_FINANCE":-3703830609.71,"END_CASH":8179283924.28,"DIVI_RATIO":0.118194713621,"DIVIDEND_RATE":3.392330383481,"CURRENT_RATIO":1.578162561584,"COMMON_ACS":6000000000,"CURRENTDEBT_DEBT":62.883643033523,"ISSUED_COMMON_SHARES":1807429342,"HK_COMMON_SHARES":1807429342,"PER_SHARES":500,"TOTAL_MARKET_CAP":12254370938.76,"HKSK_MARKET_CAP":12254370938.76,"PE_TTM":9.767014996593,"PB_TTM":0.788753854827,"REPORT_DATE_SQ":"2021-12-31 00:00:00","REPORT_TYPE_SQ":"2021年年报","OPERATE_INCOME_SQ":64553382342.4,"DPS_HKD":0.23,"OPERATE_INCOME_QOQ_SQ":16.387122877303,"NET_PROFIT_RATIO_SQ":11.4376892762,"HOLDER_PROFIT_SQ":6490642692.8,"HOLDER_PROFIT_QOQ_SQ":52.008471273964,"ROE_AVG_SQ":32.718643266422,"PE_TTM_SQ":10.591339428724,"PB_TTM_SQ":0.897042720755,"ROA_SQ":15.112259499288,"START_DATE":"2022-01-01 00:00:00","FISCAL_YEAR":"12-31","CURRENCY":"HKD","IS_CNY_CODE":0,"DPS_HKD_LY":0.78,"ORG_TYPE":"一般企业","PREMIUM_INCOME":null,"PREMIUM_INCOME_YOY":null,"NET_INTEREST_INCOME":null,"NET_INTEREST_INCOME_YOY":null,"FEE_COMMISSION_INCOME":null,"FEE_COMMISSION_INCOME_YOY":null,"ACCOUNTS_RECE_TDAYS":6.140831193827,"INVENTORY_TDAYS":182.765868745696,"CURRENT_ASSETS_TDAYS":3.40360754783,"TOTAL_ASSETS_TDAYS":1.853534843874,"PREMIUM_EXPENSE":null,"LOAN_DEPOSIT":null,"LOAN_EQUITY":null,"LOAN_ASSETS":null,"DEPOSIT_EQUITY":null,"DEPOSIT_ASSETS":null,"EQUITY_MULTIPLIER":2.133397757758,"EQUITY_RATIO":1.306866631642},{"SECUCODE":"00636.HK","SECURITY_CODE":"00636","SECURITY_NAME_ABBR":"嘉里物流","ORG_CODE":"10358810","STD_REPORT_DATE":"2022-06-30 00:00:00","REPORT_DATE":"2022-06-30 00:00:00","DATE_TYPE_CODE":"002","REPORT_TYPE":"2022年中报","PER_NETCASH_OPERATE":1.076500183043,"PER_OI":22.728253479562,"BPS":8.628435082864,"BASIC_EPS":1.1288508,"DILUTED_EPS":1.1202989,"OPERATE_INCOME":41078473541.56,"OPERATE_INCOME_YOY":38.6115683868,"GROSS_PROFIT":4522271230.89,"GROSS_PROFIT_YOY":55.584679020594,"HOLDER_PROFIT":2032628419.85,"HOLDER_PROFIT_YOY":-29.6872688847,"GROSS_PROFIT_RATIO":11.008858998411,"EPS_TTM":3.159583178933,"OPERATE_INCOME_QOQ":18.96670656242,"NET_PROFIT_RATIO":5.6097219147,"ROE_AVG":12.101929086646,"GROSS_PROFIT_QOQ":21.946802752842,"ROA":4.76044614961,"HOLDER_PROFIT_QOQ":-12.018710332882,"ROE_YEARLY":24.203858173292,"ROIC_YEARLY":12.72311139563,"TOTAL_ASSETS":44208568998.79,"TOTAL_LIABILITIES":25863281123.89,"TAX_EBT":24.320161549664,"OCF_SALES":4.736396415197,"TOTAL_PARENT_EQUITY":15595286744.31,"DEBT_ASSET_RATIO":58.5028688094,"OPERATE_PROFIT":3094632438.31,"PRETAX_PROFIT":3044916822.85,"NETCASH_OPERATE":1945639348.24,"NETCASH_INVEST":-881244218.54,"NETCASH_FINANCE":-866468245.72,"END_CASH":7571038974.31,"DIVI_RATIO":0.066172209484,"DIVIDEND_RATE":3.392330383481,"CURRENT_RATIO":1.45649589858,"COMMON_ACS":6000000000,"CURRENTDEBT_DEBT":63.988787917335,"ISSUED_COMMON_SHARES":1807429342,"HK_COMMON_SHARES":1807429342,"PER_SHARES":500,"TOTAL_MARKET_CAP":12254370938.76,"HKSK_MARKET_CAP":12254370938.76,"PE_TTM":9.767014996593,"PB_TTM":0.788753854827,"REPORT_DATE_SQ":"2021-06-30 00:00:00","REPORT_TYPE_SQ":"2021年中报","OPERATE_INCOME_SQ":28834822936.56,"DPS_HKD":0.23,"OPERATE_INCOME_QOQ_SQ":23.500150394066,"NET_PROFIT_RATIO_SQ":10.4982031663,"HOLDER_PROFIT_SQ":2812719963.84,"HOLDER_PROFIT_QOQ_SQ":75.198921391942,"ROE_AVG_SQ":11.73707899734,"PE_TTM_SQ":10.591339428724,"PB_TTM_SQ":0.897042720755,"ROA_SQ":5.760205552052,"START_DATE":"2022-01-01 00:00:00","FISCAL_YEAR":"12-31","CURRENCY":"HKD","IS_CNY_CODE":0,"DPS_HKD_LY":0.78,"ORG_TYPE":"一般企业","PREMIUM_INCOME":null,"PREMIUM_INCOME_YOY":null,"NET_INTEREST_INCOME":null,"NET_INTEREST_INCOME_YOY":null,"FEE_COMMISSION_INCOME":null,"FEE_COMMISSION_INCOME_YOY":null,"ACCOUNTS_RECE_TDAYS":null,"INVENTORY_TDAYS":101.096771599632,"CURRENT_ASSETS_TDAYS":1.740348204972,"TOTAL_ASSETS_TDAYS":0.962063992086,"PREMIUM_EXPENSE":null,"LOAN_DEPOSIT":null,"LOAN_EQUITY":null,"LOAN_ASSETS":null,"DEPOSIT_EQUITY":null,"DEPOSIT_ASSETS":null,"EQUITY_MULTIPLIER":2.409805139076,"EQUITY_RATIO":1.658403692598},{"SECUCODE":"00636.HK","SECURITY_CODE":"00636","SECURITY_NAME_ABBR":"嘉里物流","ORG_CODE":"10358810","STD_REPORT_DATE":"2021-12-31 00:00:00","REPORT_DATE":"2021-12-31 00:00:00","DATE_TYPE_CODE":"001","REPORT_TYPE":"2021年年报","PER_NETCASH_OPERATE":2.611614519167,"PER_OI":35.717938807307,"BPS":9.519310996778,"BASIC_EPS":3.605616,"DILUTED_EPS":3.589264,"OPERATE_INCOME":64553382342.4,"OPERATE_INCOME_YOY":59.1278902557,"GROSS_PROFIT":7361623796.8,"GROSS_PROFIT_YOY":88.931161773007,"HOLDER_PROFIT":6490642692.8,"HOLDER_PROFIT_YOY":174.1477617079,"GROSS_PROFIT_RATIO":11.403931954724,"EPS_TTM":3.591328139738,"OPERATE_INCOME_QOQ":16.387122877303,"NET_PROFIT_RATIO":11.4376892762,"ROE_AVG":32.718643266422,"GROSS_PROFIT_QOQ":17.403957277922,"ROA":15.112259499288,"HOLDER_PROFIT_QOQ":52.008471273964,"ROE_YEARLY":32.718643266422,"ROIC_YEARLY":20.169954346937,"TOTAL_ASSETS":39377558617.6,"TOTAL_LIABILITIES":19071059616,"TAX_EBT":23.348436278195,"OCF_SALES":7.311772757258,"TOTAL_PARENT_EQUITY":17205482011.2,"DEBT_ASSET_RATIO":48.4312900178,"OPERATE_PROFIT":4625208168,"PRETAX_PROFIT":4549336523.2,"NETCASH_OPERATE":4719996624,"NETCASH_INVEST":8831400424,"NETCASH_FINANCE":-12851776728,"END_CASH":7264297510.4,"DIVI_RATIO":0.058217069525,"DIVIDEND_RATE":3.392330383481,"CURRENT_RATIO":1.514221639285,"COMMON_ACS":6000000000,"CURRENTDEBT_DEBT":76.485295592922,"ISSUED_COMMON_SHARES":1807429342,"HK_COMMON_SHARES":1807429342,"PER_SHARES":500,"TOTAL_MARKET_CAP":12254370938.76,"HKSK_MARKET_CAP":12254370938.76,"PE_TTM":9.767014996593,"PB_TTM":0.788753854827,"REPORT_DATE_SQ":"2020-12-31 00:00:00","REPORT_TYPE_SQ":"2020年年报","OPERATE_INCOME_SQ":41759778126,"DPS_HKD":0.23,"OPERATE_INCOME_QOQ_SQ":13.939904717017,"NET_PROFIT_RATIO_SQ":6.5020312763,"HOLDER_PROFIT_SQ":2437184921.48,"HOLDER_PROFIT_QOQ_SQ":26.972362120662,"ROE_AVG_SQ":11.469196681702,"PE_TTM_SQ":10.591339428724,"PB_TTM_SQ":0.897042720755,"ROA_SQ":5.458336280127,"START_DATE":"2021-01-01 00:00:00","FISCAL_YEAR":"12-31","CURRENCY":"HKD","IS_CNY_CODE":0,"DPS_HKD_LY":7.729,"ORG_TYPE":"一般企业","PREMIUM_INCOME":null,"PREMIUM_INCOME_YOY":null,"NET_INTEREST_INCOME":null,"NET_INTEREST_INCOME_YOY":null,"FEE_COMMISSION_INCOME":null,"FEE_COMMISSION_INCOME_YOY":null,"ACCOUNTS_RECE_TDAYS":null,"INVENTORY_TDAYS":179.440574921696,"CURRENT_ASSETS_TDAYS":3.23942107152,"TOTAL_ASSETS_TDAYS":1.503005960561,"PREMIUM_EXPENSE":null,"LOAN_DEPOSIT":null,"LOAN_EQUITY":null,"LOAN_ASSETS":null,"DEPOSIT_EQUITY":null,"DEPOSIT_ASSETS":null,"EQUITY_MULTIPLIER":1.939160394637,"EQUITY_RATIO":1.108429255489},{"SECUCODE":"00636.HK","SECURITY_CODE":"00636","SECURITY_NAME_ABBR":"嘉里物流","ORG_CODE":"10358810","STD_REPORT_DATE":"2021-06-30 00:00:00","REPORT_DATE":"2021-06-30 00:00:00","DATE_TYPE_CODE":"002","REPORT_TYPE":"2021年中报","PER_NETCASH_OPERATE":0.909805259691,"PER_OI":15.983648887067,"BPS":13.865448940178,"BASIC_EPS":1.5643104,"DILUTED_EPS":1.5559896,"OPERATE_INCOME":28834822936.56,"OPERATE_INCOME_YOY":67.7349524904,"GROSS_PROFIT":2906630176.8,"GROSS_PROFIT_YOY":17.386816474186,"HOLDER_PROFIT":2812719963.84,"HOLDER_PROFIT_YOY":215.0814327086,"GROSS_PROFIT_RATIO":11.625634974822,"EPS_TTM":2.366892603935,"OPERATE_INCOME_QOQ":23.500150394066,"NET_PROFIT_RATIO":10.4982031663,"ROE_AVG":11.73707899734,"GROSS_PROFIT_QOQ":20.689113903524,"ROA":5.760205552052,"HOLDER_PROFIT_QOQ":75.198921391942,"ROE_YEARLY":23.47415799468,"ROIC_YEARLY":14.767725893266,"TOTAL_ASSETS":50315011404.72,"TOTAL_LIABILITIES":20931663026.4,"TAX_EBT":20.722953673774,"OCF_SALES":5.373475237055,"TOTAL_PARENT_EQUITY":25060819254.48,"DEBT_ASSET_RATIO":41.6012288222,"OPERATE_PROFIT":1572253435.68,"PRETAX_PROFIT":1539895508.64,"NETCASH_OPERATE":1641306922.8,"NETCASH_INVEST":-1663987759.44,"NETCASH_FINANCE":-987949386,"END_CASH":5742350496,"DIVI_RATIO":0.088333792438,"DIVIDEND_RATE":3.392330383481,"CURRENT_RATIO":1.349090027364,"COMMON_ACS":6000000000,"CURRENTDEBT_DEBT":67.249667373329,"ISSUED_COMMON_SHARES":1807429342,"HK_COMMON_SHARES":1807429342,"PER_SHARES":500,"TOTAL_MARKET_CAP":12254370938.76,"HKSK_MARKET_CAP":12254370938.76,"PE_TTM":9.767014996593,"PB_TTM":0.788753854827,"REPORT_DATE_SQ":"2020-06-30 00:00:00","REPORT_TYPE_SQ":"2020年中报","OPERATE_INCOME_SQ":19990604256.48,"DPS_HKD":0.23,"OPERATE_INCOME_QOQ_SQ":6.958317431891,"NET_PROFIT_RATIO_SQ":6.1018552141,"HOLDER_PROFIT_SQ":979983190.56,"HOLDER_PROFIT_QOQ_SQ":-43.437197259724,"ROE_AVG_SQ":4.536174892167,"PE_TTM_SQ":10.591339428724,"PB_TTM_SQ":0.897042720755,"ROA_SQ":2.183018735491,"START_DATE":"2021-01-01 00:00:00","FISCAL_YEAR":"12-31","CURRENCY":"HKD","IS_CNY_CODE":0,"DPS_HKD_LY":7.729,"ORG_TYPE":"一般企业","PREMIUM_INCOME":null,"PREMIUM_INCOME_YOY":null,"NET_INTEREST_INCOME":null,"NET_INTEREST_INCOME_YOY":null,"FEE_COMMISSION_INCOME":null,"FEE_COMMISSION_INCOME_YOY":null,"ACCOUNTS_RECE_TDAYS":null,"INVENTORY_TDAYS":78.424872207388,"CURRENT_ASSETS_TDAYS":1.647821660698,"TOTAL_ASSETS_TDAYS":0.625526964078,"PREMIUM_EXPENSE":null,"LOAN_DEPOSIT":null,"LOAN_EQUITY":null,"LOAN_ASSETS":null,"DEPOSIT_EQUITY":null,"DEPOSIT_ASSETS":null,"EQUITY_MULTIPLIER":1.712364797806,"EQUITY_RATIO":0.835234587259},{"SECUCODE":"00636.HK","SECURITY_CODE":"00636","SECURITY_NAME_ABBR":"嘉里物流","ORG_CODE":"10358810","STD_REPORT_DATE":"2020-12-31 00:00:00","REPORT_DATE":"2020-12-31 00:00:00","DATE_TYPE_CODE":"001","REPORT_TYPE":"2020年年报","PER_NETCASH_OPERATE":2.025978976557,"PER_OI":23.236021116229,"BPS":12.79757198628,"BASIC_EPS":1.3718732,"DILUTED_EPS":1.3718732,"OPERATE_INCOME":41759778126,"OPERATE_INCOME_YOY":29.7075954648,"GROSS_PROFIT":3896458227.28,"GROSS_PROFIT_YOY":-19.485554379356,"HOLDER_PROFIT":2437184921.48,"HOLDER_PROFIT_YOY":-23.5609793568,"GROSS_PROFIT_RATIO":11.568477380476,"EPS_TTM":1.356101081974,"OPERATE_INCOME_QOQ":13.939904717017,"NET_PROFIT_RATIO":6.5020312763,"ROE_AVG":11.469196681702,"GROSS_PROFIT_QOQ":1.994536915167,"ROA":5.458336280127,"HOLDER_PROFIT_QOQ":26.972362120662,"ROE_YEARLY":11.469196681702,"ROIC_YEARLY":6.998830026606,"TOTAL_ASSETS":47889355557.08,"TOTAL_LIABILITIES":20552943063.68,"TAX_EBT":28.227948908233,"OCF_SALES":8.107459182385,"TOTAL_PARENT_EQUITY":23130707114.36,"DEBT_ASSET_RATIO":42.9175603317,"OPERATE_PROFIT":1879003382,"PRETAX_PROFIT":1768091221.16,"NETCASH_OPERATE":3641089501.76,"NETCASH_INVEST":-1330779285.36,"NETCASH_FINANCE":-215329385.8,"END_CASH":6943511483.92,"DIVI_RATIO":0.154174790345,"DIVIDEND_RATE":3.392330383481,"CURRENT_RATIO":1.457640110776,"COMMON_ACS":6000000000,"CURRENTDEBT_DEBT":61.050629088024,"ISSUED_COMMON_SHARES":1807429342,"HK_COMMON_SHARES":1807429342,"PER_SHARES":500,"TOTAL_MARKET_CAP":12254370938.76,"HKSK_MARKET_CAP":12254370938.76,"PE_TTM":9.767014996593,"PB_TTM":0.788753854827,"REPORT_DATE_SQ":"2019-12-31 00:00:00","REPORT_TYPE_SQ":"2019年年报","OPERATE_INCOME_SQ":36851584789.56,"DPS_HKD":0.23,"OPERATE_INCOME_QOQ_SQ":2.02042423724,"NET_PROFIT_RATIO_SQ":10.5481155131,"HOLDER_PROFIT_SQ":3393503976.94,"HOLDER_PROFIT_QOQ_SQ":-10.523841173536,"ROE_AVG_SQ":17.596935495776,"PE_TTM_SQ":10.591339428724,"PB_TTM_SQ":0.897042720755,"ROA_SQ":8.214355228798,"START_DATE":"2020-01-01 00:00:00","FISCAL_YEAR":"12-31","CURRENCY":"HKD","IS_CNY_CODE":0,"DPS_HKD_LY":0.29,"ORG_TYPE":"一般企业","PREMIUM_INCOME":null,"PREMIUM_INCOME_YOY":null,"NET_INTEREST_INCOME":null,"NET_INTEREST_INCOME_YOY":null,"FEE_COMMISSION_INCOME":null,"FEE_COMMISSION_INCOME_YOY":null,"ACCOUNTS_RECE_TDAYS":null,"INVENTORY_TDAYS":103.760184706723,"CURRENT_ASSETS_TDAYS":2.755520137634,"TOTAL_ASSETS_TDAYS":1.00581565169,"PREMIUM_EXPENSE":null,"LOAN_DEPOSIT":null,"LOAN_EQUITY":null,"LOAN_ASSETS":null,"DEPOSIT_EQUITY":null,"DEPOSIT_ASSETS":null,"EQUITY_MULTIPLIER":1.751852243546,"EQUITY_RATIO":0.888556625704},{"SECUCODE":"00636.HK","SECURITY_CODE":"00636","SECURITY_NAME_ABBR":"嘉里物流","ORG_CODE":"10358810","STD_REPORT_DATE":"2020-06-30 00:00:00","REPORT_DATE":"2020-06-30 00:00:00","DATE_TYPE_CODE":"002","REPORT_TYPE":"2020年中报","PER_NETCASH_OPERATE":1.120483997653,"PER_OI":11.143112083261,"BPS":12.274978297879,"BASIC_EPS":0.5571984,"DILUTED_EPS":0.5571984,"OPERATE_INCOME":19990604256.48,"OPERATE_INCOME_YOY":10.4725065394,"GROSS_PROFIT":2476112960.64,"GROSS_PROFIT_YOY":11.45034337869,"HOLDER_PROFIT":979983190.56,"HOLDER_PROFIT_YOY":-61.5431021628,"GROSS_PROFIT_RATIO":12.386383767451,"EPS_TTM":1.069941075689,"OPERATE_INCOME_QOQ":6.958317431891,"NET_PROFIT_RATIO":6.1018552141,"ROE_AVG":4.536174892167,"GROSS_PROFIT_QOQ":5.256677522651,"ROA":2.183018735491,"HOLDER_PROFIT_QOQ":-43.437197259724,"ROE_YEARLY":9.072349784334,"ROIC_YEARLY":5.453449042869,"TOTAL_ASSETS":44837515926.72,"TOTAL_LIABILITIES":19271512318.08,"TAX_EBT":17.274957410562,"OCF_SALES":10.055395559884,"TOTAL_PARENT_EQUITY":22186155948,"DEBT_ASSET_RATIO":42.9807760751,"OPERATE_PROFIT":1582699219.2,"PRETAX_PROFIT":1474520520,"NETCASH_OPERATE":2010134332.8,"NETCASH_INVEST":-817853984.64,"NETCASH_FINANCE":-836347490.88,"END_CASH":5354984453.28,"DIVI_RATIO":0.19540945268,"DIVIDEND_RATE":3.392330383481,"CURRENT_RATIO":1.371329199862,"COMMON_ACS":6000000000,"CURRENTDEBT_DEBT":57.633066909751,"ISSUED_COMMON_SHARES":1807429342,"HK_COMMON_SHARES":1807429342,"PER_SHARES":500,"TOTAL_MARKET_CAP":12254370938.76,"HKSK_MARKET_CAP":12254370938.76,"PE_TTM":9.767014996593,"PB_TTM":0.788753854827,"REPORT_DATE_SQ":"2019-06-30 00:00:00","REPORT_TYPE_SQ":"2019年中报","OPERATE_INCOME_SQ":17426354008.14,"DPS_HKD":0.23,"OPERATE_INCOME_QOQ_SQ":8.094069743626,"NET_PROFIT_RATIO_SQ":15.436093969,"HOLDER_PROFIT_SQ":2454026207.04,"HOLDER_PROFIT_QOQ_SQ":77.414047955069,"ROE_AVG_SQ":13.043521763594,"PE_TTM_SQ":10.591339428724,"PB_TTM_SQ":0.897042720755,"ROA_SQ":6.16915161262,"START_DATE":"2020-01-01 00:00:00","FISCAL_YEAR":"12-31","CURRENCY":"HKD","IS_CNY_CODE":0,"DPS_HKD_LY":0.29,"ORG_TYPE":"一般企业","PREMIUM_INCOME":null,"PREMIUM_INCOME_YOY":null,"NET_INTEREST_INCOME":null,"NET_INTEREST_INCOME_YOY":null,"FEE_COMMISSION_INCOME":null,"FEE_COMMISSION_INCOME_YOY":null,"ACCOUNTS_RECE_TDAYS":null,"INVENTORY_TDAYS":37.502405240187,"CURRENT_ASSETS_TDAYS":1.299857772716,"TOTAL_ASSETS_TDAYS":0.44531236909,"PREMIUM_EXPENSE":null,"LOAN_DEPOSIT":null,"LOAN_EQUITY":null,"LOAN_ASSETS":null,"DEPOSIT_EQUITY":null,"DEPOSIT_ASSETS":null,"EQUITY_MULTIPLIER":1.753794476959,"EQUITY_RATIO":0.868627821929}],"count":27},"success":true,"message":"ok","code":0}