{"version":"6eebc5e340218266047a767c3ab7977a","result":{"pages":6,"data":[{"SECUCODE":"00632.HK","SECURITY_CODE":"00632","SECURITY_NAME_ABBR":"中港石油","ORG_CODE":"10009016","STD_REPORT_DATE":"2024-06-30 00:00:00","REPORT_DATE":"2024-06-30 00:00:00","DATE_TYPE_CODE":"002","REPORT_TYPE":"2024年中报","PER_NETCASH_OPERATE":0.045985275883,"PER_OI":0.039791823077,"BPS":0.252713759131,"BASIC_EPS":-0.013416396,"DILUTED_EPS":-0.013416396,"OPERATE_INCOME":33499919.4,"OPERATE_INCOME_YOY":-8.1272527032,"GROSS_PROFIT":110434.28,"GROSS_PROFIT_YOY":-75.654578331505,"HOLDER_PROFIT":-11307192.52,"HOLDER_PROFIT_YOY":-62.5853018373,"GROSS_PROFIT_RATIO":0.329655360305,"EPS_TTM":-0.05842489265,"OPERATE_INCOME_QOQ":-2.278772998752,"NET_PROFIT_RATIO":-33.752894701,"ROE_AVG":-5.059791220819,"GROSS_PROFIT_QOQ":-25.095678129,"ROA":-2.889842398739,"HOLDER_PROFIT_QOQ":-9.535026474763,"ROE_YEARLY":-10.119582441638,"ROIC_YEARLY":-6.089082754807,"TOTAL_ASSETS":296050575,"TOTAL_LIABILITIES":78471313.72,"TAX_EBT":null,"OCF_SALES":115.56463697044,"TOTAL_PARENT_EQUITY":216652891.08,"DEBT_ASSET_RATIO":26.5060500963,"OPERATE_PROFIT":-11172115.88,"PRETAX_PROFIT":-11307192.52,"NETCASH_OPERATE":38714060.24,"NETCASH_INVEST":-49284.72,"NETCASH_FINANCE":-2959821.24,"END_CASH":36767313.8,"DIVI_RATIO":null,"DIVIDEND_RATE":null,"CURRENT_RATIO":2.06361890309,"COMMON_ACS":100000000000,"CURRENTDEBT_DEBT":98.100699007897,"ISSUED_COMMON_SHARES":857305482,"HK_COMMON_SHARES":857305482,"PER_SHARES":2000,"TOTAL_MARKET_CAP":420079686.18,"HKSK_MARKET_CAP":420079686.18,"PE_TTM":-7.733283374386,"PB_TTM":1.769643257801,"REPORT_DATE_SQ":"2023-06-30 00:00:00","REPORT_TYPE_SQ":"2023年中报","OPERATE_INCOME_SQ":36834944.96,"DPS_HKD":null,"OPERATE_INCOME_QOQ_SQ":-87.61858116539,"NET_PROFIT_RATIO_SQ":-19.072887465,"HOLDER_PROFIT_SQ":-7025487.6,"HOLDER_PROFIT_QOQ_SQ":-1540.54886408622,"ROE_AVG_SQ":-2.077010195612,"PE_TTM_SQ":-5.486357826623,"PB_TTM_SQ":0.242793386999,"ROA_SQ":-1.403604426696,"START_DATE":"2024-01-01 00:00:00","FISCAL_YEAR":"12-31","CURRENCY":"HKD","IS_CNY_CODE":0,"DPS_HKD_LY":null,"ORG_TYPE":"一般企业","PREMIUM_INCOME":null,"PREMIUM_INCOME_YOY":null,"NET_INTEREST_INCOME":null,"NET_INTEREST_INCOME_YOY":null,"FEE_COMMISSION_INCOME":null,"FEE_COMMISSION_INCOME_YOY":null,"ACCOUNTS_RECE_TDAYS":4.908726178536,"INVENTORY_TDAYS":null,"CURRENT_ASSETS_TDAYS":0.203954058244,"TOTAL_ASSETS_TDAYS":0.085617616632,"PREMIUM_EXPENSE":null,"LOAN_DEPOSIT":null,"LOAN_EQUITY":null,"LOAN_ASSETS":null,"DEPOSIT_EQUITY":null,"DEPOSIT_ASSETS":null,"EQUITY_MULTIPLIER":1.360656219063,"EQUITY_RATIO":0.362198322528},{"SECUCODE":"00632.HK","SECURITY_CODE":"00632","SECURITY_NAME_ABBR":"中港石油","ORG_CODE":"10009016","STD_REPORT_DATE":"2023-12-31 00:00:00","REPORT_DATE":"2023-12-31 00:00:00","DATE_TYPE_CODE":"001","REPORT_TYPE":"2023年年报","PER_NETCASH_OPERATE":-0.030849259942,"PER_OI":0.173839384935,"BPS":0.430495615307,"BASIC_EPS":-0.033711384,"DILUTED_EPS":-0.033711384,"OPERATE_INCOME":146351811.34,"OPERATE_INCOME_YOY":-54.5433563107,"GROSS_PROFIT":1367485.98,"GROSS_PROFIT_YOY":-89.979207826516,"HOLDER_PROFIT":-28350186.48,"HOLDER_PROFIT_YOY":71.5866672018,"GROSS_PROFIT_RATIO":0.934382682031,"EPS_TTM":-0.053339004454,"OPERATE_INCOME_QOQ":272.458461703693,"NET_PROFIT_RATIO":-30.6829229026,"ROE_AVG":-14.286249715296,"GROSS_PROFIT_QOQ":117.19342606619,"ROA":-9.121063191415,"HOLDER_PROFIT_QOQ":-156.851713836956,"ROE_YEARLY":-14.286249715296,"ROIC_YEARLY":-9.278436417189,"TOTAL_ASSETS":305506698.84,"TOTAL_LIABILITIES":75926736.48,"TAX_EBT":13.529948312557,"OCF_SALES":-17.745840480009,"TOTAL_PARENT_EQUITY":228660149.06,"DEBT_ASSET_RATIO":23.4067859568,"OPERATE_PROFIT":-32560484.6,"PRETAX_PROFIT":-32786133.38,"NETCASH_OPERATE":-25971358.98,"NETCASH_INVEST":-79747.36,"NETCASH_FINANCE":13492709.58,"END_CASH":1134587.44,"DIVI_RATIO":null,"DIVIDEND_RATE":null,"CURRENT_RATIO":2.290043983392,"COMMON_ACS":100000000000,"CURRENTDEBT_DEBT":96.876491931634,"ISSUED_COMMON_SHARES":857305482,"HK_COMMON_SHARES":857305482,"PER_SHARES":2000,"TOTAL_MARKET_CAP":471518015.1,"HKSK_MARKET_CAP":471518015.1,"PE_TTM":-8.680216032474,"PB_TTM":1.98633426896,"REPORT_DATE_SQ":"2022-12-31 00:00:00","REPORT_TYPE_SQ":"2022年年报","OPERATE_INCOME_SQ":317358285.79,"DPS_HKD":null,"OPERATE_INCOME_QOQ_SQ":-68.104315645853,"NET_PROFIT_RATIO_SQ":-0.3357943239,"HOLDER_PROFIT_SQ":-155783608.19,"HOLDER_PROFIT_QOQ_SQ":-101.01624695692,"ROE_AVG_SQ":-0.256411083063,"PE_TTM_SQ":-6.804784901238,"PB_TTM_SQ":0.301139084649,"ROA_SQ":-0.203750860348,"START_DATE":"2023-01-01 00:00:00","FISCAL_YEAR":"12-31","CURRENCY":"HKD","IS_CNY_CODE":0,"DPS_HKD_LY":null,"ORG_TYPE":"一般企业","PREMIUM_INCOME":null,"PREMIUM_INCOME_YOY":null,"NET_INTEREST_INCOME":null,"NET_INTEREST_INCOME_YOY":null,"FEE_COMMISSION_INCOME":null,"FEE_COMMISSION_INCOME_YOY":null,"ACCOUNTS_RECE_TDAYS":12.85445934652,"INVENTORY_TDAYS":null,"CURRENT_ASSETS_TDAYS":0.937755673818,"TOTAL_ASSETS_TDAYS":0.297268393248,"PREMIUM_EXPENSE":null,"LOAN_DEPOSIT":null,"LOAN_EQUITY":null,"LOAN_ASSETS":null,"DEPOSIT_EQUITY":null,"DEPOSIT_ASSETS":null,"EQUITY_MULTIPLIER":1.305598691075,"EQUITY_RATIO":0.332050585955},{"SECUCODE":"00632.HK","SECURITY_CODE":"00632","SECURITY_NAME_ABBR":"中港石油","ORG_CODE":"10009016","STD_REPORT_DATE":"2023-06-30 00:00:00","REPORT_DATE":"2023-06-30 00:00:00","DATE_TYPE_CODE":"002","REPORT_TYPE":"2023年中报","PER_NETCASH_OPERATE":-0.014957488701,"PER_OI":0.043753228042,"BPS":0.481048296761,"BASIC_EPS":-0.008390018,"DILUTED_EPS":-0.008390018,"OPERATE_INCOME":36834944.96,"OPERATE_INCOME_YOY":-89.1500236271,"GROSS_PROFIT":453614.16,"GROSS_PROFIT_YOY":-97.943132445441,"HOLDER_PROFIT":-7025487.6,"HOLDER_PROFIT_YOY":-169.3862684393,"GROSS_PROFIT_RATIO":1.231477773328,"EPS_TTM":-0.020766458458,"OPERATE_INCOME_QOQ":-87.61858116539,"NET_PROFIT_RATIO":-19.072887465,"ROE_AVG":-2.077010195612,"GROSS_PROFIT_QOQ":-158.282695577408,"ROA":-1.403604426696,"HOLDER_PROFIT_QOQ":-1540.54886408622,"ROE_YEARLY":-4.154020391225,"ROIC_YEARLY":-2.867526485577,"TOTAL_ASSETS":288817610.84,"TOTAL_LIABILITIES":35167083.14,"TAX_EBT":-0.131406044678,"OCF_SALES":-34.186023227873,"TOTAL_PARENT_EQUITY":252714718,"DEBT_ASSET_RATIO":15.7735243613,"OPERATE_PROFIT":-6905630.2,"PRETAX_PROFIT":-7016267.8,"NETCASH_OPERATE":-12592402.84,"NETCASH_INVEST":101417.8,"NETCASH_FINANCE":-1006802.16,"END_CASH":5220250.76,"DIVI_RATIO":null,"DIVIDEND_RATE":null,"CURRENT_RATIO":4.588055739881,"COMMON_ACS":100000000000,"CURRENTDEBT_DEBT":79.018430642582,"ISSUED_COMMON_SHARES":857305482,"HK_COMMON_SHARES":857305482,"PER_SHARES":2000,"TOTAL_MARKET_CAP":471518015.1,"HKSK_MARKET_CAP":471518015.1,"PE_TTM":-8.680216032474,"PB_TTM":1.98633426896,"REPORT_DATE_SQ":"2022-06-30 00:00:00","REPORT_TYPE_SQ":"2022年中报","OPERATE_INCOME_SQ":314899772.18,"DPS_HKD":null,"OPERATE_INCOME_QOQ_SQ":-20.359274873509,"NET_PROFIT_RATIO_SQ":2.9824399411,"HOLDER_PROFIT_SQ":9391696.58,"HOLDER_PROFIT_QOQ_SQ":-13.233944663089,"ROE_AVG_SQ":2.320924565725,"PE_TTM_SQ":-6.804784901238,"PB_TTM_SQ":0.301139084649,"ROA_SQ":1.855239929385,"START_DATE":"2023-01-01 00:00:00","FISCAL_YEAR":"12-31","CURRENCY":"HKD","IS_CNY_CODE":0,"DPS_HKD_LY":null,"ORG_TYPE":"一般企业","PREMIUM_INCOME":null,"PREMIUM_INCOME_YOY":null,"NET_INTEREST_INCOME":null,"NET_INTEREST_INCOME_YOY":null,"FEE_COMMISSION_INCOME":null,"FEE_COMMISSION_INCOME_YOY":null,"ACCOUNTS_RECE_TDAYS":3.129317772382,"INVENTORY_TDAYS":null,"CURRENT_ASSETS_TDAYS":0.269181144114,"TOTAL_ASSETS_TDAYS":0.073591606372,"PREMIUM_EXPENSE":null,"LOAN_DEPOSIT":null,"LOAN_EQUITY":null,"LOAN_ASSETS":null,"DEPOSIT_EQUITY":null,"DEPOSIT_ASSETS":null,"EQUITY_MULTIPLIER":1.187275132216,"EQUITY_RATIO":0.139157241883},{"SECUCODE":"00632.HK","SECURITY_CODE":"00632","SECURITY_NAME_ABBR":"中港石油","ORG_CODE":"10009016","STD_REPORT_DATE":"2022-12-31 00:00:00","REPORT_DATE":"2022-12-31 00:00:00","DATE_TYPE_CODE":"001","REPORT_TYPE":"2022年年报","PER_NETCASH_OPERATE":0.009519674266,"PER_OI":0.376964034135,"BPS":0.478929488159,"BASIC_EPS":-0.230642314,"DILUTED_EPS":-0.230642314,"OPERATE_INCOME":317358285.79,"OPERATE_INCOME_YOY":-76.7498764778,"GROSS_PROFIT":13646485.79,"GROSS_PROFIT_YOY":-82.578614007956,"HOLDER_PROFIT":-155783608.19,"HOLDER_PROFIT_YOY":-100.8070626438,"GROSS_PROFIT_RATIO":4.300025050876,"EPS_TTM":-0.00126582383,"OPERATE_INCOME_QOQ":-68.104315645853,"NET_PROFIT_RATIO":-0.3357943239,"ROE_AVG":-0.256411083063,"GROSS_PROFIT_QOQ":-77.087618163632,"ROA":-0.203750860348,"HOLDER_PROFIT_QOQ":-101.01624695692,"ROE_YEARLY":-0.256411083063,"ROIC_YEARLY":-0.208422141315,"TOTAL_ASSETS":298779163.06,"TOTAL_LIABILITIES":42001555.4,"TAX_EBT":16.781825296088,"OCF_SALES":2.525353456599,"TOTAL_PARENT_EQUITY":255870938.61,"DEBT_ASSET_RATIO":16.7725989976,"OPERATE_PROFIT":-187088255.34,"PRETAX_PROFIT":-187199020.82,"NETCASH_OPERATE":8014418.44,"NETCASH_INVEST":-139350.12,"NETCASH_FINANCE":-3113045.95,"END_CASH":13530360.69,"DIVI_RATIO":null,"DIVIDEND_RATE":null,"CURRENT_RATIO":4.161491824362,"COMMON_ACS":100000000000,"CURRENTDEBT_DEBT":81.031475967673,"ISSUED_COMMON_SHARES":857305482,"HK_COMMON_SHARES":857305482,"PER_SHARES":2000,"TOTAL_MARKET_CAP":471518015.1,"HKSK_MARKET_CAP":471518015.1,"PE_TTM":-8.680216032474,"PB_TTM":1.98633426896,"REPORT_DATE_SQ":"2021-12-31 00:00:00","REPORT_TYPE_SQ":"2021年年报","OPERATE_INCOME_SQ":1249345944,"DPS_HKD":null,"OPERATE_INCOME_QOQ_SQ":12.607625769817,"NET_PROFIT_RATIO_SQ":9.6736722587,"HOLDER_PROFIT_SQ":120857632,"HOLDER_PROFIT_QOQ_SQ":168.937535747296,"ROE_AVG_SQ":37.516623859172,"PE_TTM_SQ":-6.804784901238,"PB_TTM_SQ":0.301139084649,"ROA_SQ":25.482735972169,"START_DATE":"2022-01-01 00:00:00","FISCAL_YEAR":"12-31","CURRENCY":"HKD","IS_CNY_CODE":0,"DPS_HKD_LY":null,"ORG_TYPE":"一般企业","PREMIUM_INCOME":null,"PREMIUM_INCOME_YOY":null,"NET_INTEREST_INCOME":null,"NET_INTEREST_INCOME_YOY":null,"FEE_COMMISSION_INCOME":null,"FEE_COMMISSION_INCOME_YOY":null,"ACCOUNTS_RECE_TDAYS":7.724924441739,"INVENTORY_TDAYS":null,"CURRENT_ASSETS_TDAYS":1.8105823746,"TOTAL_ASSETS_TDAYS":0.606772794734,"PREMIUM_EXPENSE":null,"LOAN_DEPOSIT":null,"LOAN_EQUITY":null,"LOAN_ASSETS":null,"DEPOSIT_EQUITY":null,"DEPOSIT_ASSETS":null,"EQUITY_MULTIPLIER":1.201527367136,"EQUITY_RATIO":0.164151332028},{"SECUCODE":"00632.HK","SECURITY_CODE":"00632","SECURITY_NAME_ABBR":"中港石油","ORG_CODE":"10009016","STD_REPORT_DATE":"2022-06-30 00:00:00","REPORT_DATE":"2022-06-30 00:00:00","DATE_TYPE_CODE":"002","REPORT_TYPE":"2022年中报","PER_NETCASH_OPERATE":0.018813825884,"PER_OI":0.374043766255,"BPS":0.474283765084,"BASIC_EPS":0.01111747,"DILUTED_EPS":0.01111747,"OPERATE_INCOME":314899772.18,"OPERATE_INCOME_YOY":-46.1772332483,"GROSS_PROFIT":22053639.72,"GROSS_PROFIT_YOY":-45.981391978072,"HOLDER_PROFIT":9391696.58,"HOLDER_PROFIT_YOY":-64.0040643744,"GROSS_PROFIT_RATIO":7.003383828234,"EPS_TTM":0.124558683401,"OPERATE_INCOME_QOQ":-20.359274873509,"NET_PROFIT_RATIO":2.9824399411,"ROE_AVG":2.320924565725,"GROSS_PROFIT_QOQ":-23.965190016205,"ROA":1.855239929385,"HOLDER_PROFIT_QOQ":-13.233944663089,"ROE_YEARLY":4.64184913145,"ROIC_YEARLY":3.826204203006,"TOTAL_ASSETS":484336856.5,"TOTAL_LIABILITIES":76862766.82,"TAX_EBT":31.168912566594,"OCF_SALES":5.029846125435,"TOTAL_PARENT_EQUITY":406606071.83,"DEBT_ASSET_RATIO":15.8696918866,"OPERATE_PROFIT":13685605.57,"PRETAX_PROFIT":13644556.45,"NETCASH_OPERATE":15838973.99,"NETCASH_INVEST":-59008.11,"NETCASH_FINANCE":-2372297.06,"END_CASH":21130034.52,"DIVI_RATIO":null,"DIVIDEND_RATE":null,"CURRENT_RATIO":4.624662783955,"COMMON_ACS":100000000000,"CURRENTDEBT_DEBT":44.12982042324,"ISSUED_COMMON_SHARES":857305482,"HK_COMMON_SHARES":857305482,"PER_SHARES":2000,"TOTAL_MARKET_CAP":471518015.1,"HKSK_MARKET_CAP":471518015.1,"PE_TTM":-8.680216032474,"PB_TTM":1.98633426896,"REPORT_DATE_SQ":"2021-06-30 00:00:00","REPORT_TYPE_SQ":"2021年中报","OPERATE_INCOME_SQ":569257547.04,"DPS_HKD":null,"OPERATE_INCOME_QOQ_SQ":78.921002761679,"NET_PROFIT_RATIO_SQ":4.4594803972,"HOLDER_PROFIT_SQ":25385928.72,"HOLDER_PROFIT_QOQ_SQ":512.602930937149,"ROE_AVG_SQ":9.166679185758,"PE_TTM_SQ":-6.804784901238,"PB_TTM_SQ":0.301139084649,"ROA_SQ":5.776666123883,"START_DATE":"2022-01-01 00:00:00","FISCAL_YEAR":"12-31","CURRENCY":"HKD","IS_CNY_CODE":0,"DPS_HKD_LY":null,"ORG_TYPE":"一般企业","PREMIUM_INCOME":null,"PREMIUM_INCOME_YOY":null,"NET_INTEREST_INCOME":null,"NET_INTEREST_INCOME_YOY":null,"FEE_COMMISSION_INCOME":null,"FEE_COMMISSION_INCOME_YOY":null,"ACCOUNTS_RECE_TDAYS":7.378015548609,"INVENTORY_TDAYS":null,"CURRENT_ASSETS_TDAYS":1.764715467416,"TOTAL_ASSETS_TDAYS":0.622054413839,"PREMIUM_EXPENSE":null,"LOAN_DEPOSIT":null,"LOAN_EQUITY":null,"LOAN_ASSETS":null,"DEPOSIT_EQUITY":null,"DEPOSIT_ASSETS":null,"EQUITY_MULTIPLIER":1.188632280595,"EQUITY_RATIO":0.189034970565},{"SECUCODE":"00632.HK","SECURITY_CODE":"00632","SECURITY_NAME_ABBR":"中港石油","ORG_CODE":"10009016","STD_REPORT_DATE":"2021-12-31 00:00:00","REPORT_DATE":"2021-12-31 00:00:00","DATE_TYPE_CODE":"001","REPORT_TYPE":"2021年年报","PER_NETCASH_OPERATE":-0.022430891361,"PER_OI":1.483996190324,"BPS":0.449081070964,"BASIC_EPS":0.14357056,"DILUTED_EPS":0.14357056,"OPERATE_INCOME":1249345944,"OPERATE_INCOME_YOY":107.402797647,"GROSS_PROFIT":78331803.2,"GROSS_PROFIT_YOY":120.133961817542,"HOLDER_PROFIT":120857632,"HOLDER_PROFIT_YOY":1595.9614502065,"GROSS_PROFIT_RATIO":6.269824909281,"EPS_TTM":0.143556927784,"OPERATE_INCOME_QOQ":12.607625769817,"NET_PROFIT_RATIO":9.6736722587,"ROE_AVG":37.516623859172,"GROSS_PROFIT_QOQ":4.801980196086,"ROA":25.482735972169,"HOLDER_PROFIT_QOQ":168.937535747296,"ROE_YEARLY":37.516623859172,"ROIC_YEARLY":26.37027020518,"TOTAL_ASSETS":504900704,"TOTAL_LIABILITIES":119071176,"TAX_EBT":22.251150558843,"OCF_SALES":-1.511519470703,"TOTAL_PARENT_EQUITY":384999664,"DEBT_ASSET_RATIO":23.5830877352,"OPERATE_PROFIT":155632612.8,"PRETAX_PROFIT":155446200,"NETCASH_OPERATE":-18884107.2,"NETCASH_INVEST":193771.2,"NETCASH_FINANCE":162702.4,"END_CASH":7414814.4,"DIVI_RATIO":null,"DIVIDEND_RATE":null,"CURRENT_RATIO":2.451142318172,"COMMON_ACS":100000000000,"CURRENTDEBT_DEBT":65.519964294297,"ISSUED_COMMON_SHARES":857305482,"HK_COMMON_SHARES":857305482,"PER_SHARES":2000,"TOTAL_MARKET_CAP":471518015.1,"HKSK_MARKET_CAP":471518015.1,"PE_TTM":-8.680216032474,"PB_TTM":1.98633426896,"REPORT_DATE_SQ":"2020-12-31 00:00:00","REPORT_TYPE_SQ":"2020年年报","OPERATE_INCOME_SQ":620088369.68,"DPS_HKD":null,"OPERATE_INCOME_QOQ_SQ":269.472300822886,"NET_PROFIT_RATIO_SQ":1.1830143248,"HOLDER_PROFIT_SQ":7335734.24,"HOLDER_PROFIT_QOQ_SQ":103.175089512215,"ROE_AVG_SQ":3.018120496279,"PE_TTM_SQ":-6.804784901238,"PB_TTM_SQ":0.301139084649,"ROA_SQ":1.968627539554,"START_DATE":"2021-01-01 00:00:00","FISCAL_YEAR":"12-31","CURRENCY":"HKD","IS_CNY_CODE":0,"DPS_HKD_LY":null,"ORG_TYPE":"一般企业","PREMIUM_INCOME":null,"PREMIUM_INCOME_YOY":null,"NET_INTEREST_INCOME":null,"NET_INTEREST_INCOME_YOY":null,"FEE_COMMISSION_INCOME":null,"FEE_COMMISSION_INCOME_YOY":null,"ACCOUNTS_RECE_TDAYS":23.336005864297,"INVENTORY_TDAYS":null,"CURRENT_ASSETS_TDAYS":6.080168868711,"TOTAL_ASSETS_TDAYS":2.634236026472,"PREMIUM_EXPENSE":null,"LOAN_DEPOSIT":null,"LOAN_EQUITY":null,"LOAN_ASSETS":null,"DEPOSIT_EQUITY":null,"DEPOSIT_ASSETS":null,"EQUITY_MULTIPLIER":1.308610843284,"EQUITY_RATIO":0.309276051732},{"SECUCODE":"00632.HK","SECURITY_CODE":"00632","SECURITY_NAME_ABBR":"中港石油","ORG_CODE":"10009016","STD_REPORT_DATE":"2021-06-30 00:00:00","REPORT_DATE":"2021-06-30 00:00:00","DATE_TYPE_CODE":"002","REPORT_TYPE":"2021年中报","PER_NETCASH_OPERATE":-0.003994951097,"PER_OI":0.676174629755,"BPS":0.338261214198,"BASIC_EPS":0.030121296,"DILUTED_EPS":0.030121296,"OPERATE_INCOME":569257547.04,"OPERATE_INCOME_YOY":682.3458780747,"GROSS_PROFIT":40826005.2,"GROSS_PROFIT_YOY":2349.02936243422,"HOLDER_PROFIT":25385928.72,"HOLDER_PROFIT_YOY":328.1046728972,"GROSS_PROFIT_RATIO":7.171798672198,"EPS_TTM":0.053379282808,"OPERATE_INCOME_QOQ":78.921002761679,"NET_PROFIT_RATIO":4.4594803972,"ROE_AVG":9.166679185758,"GROSS_PROFIT_QOQ":110.047521435825,"ROA":5.776666123883,"HOLDER_PROFIT_QOQ":512.602930937149,"ROE_YEARLY":18.333358371517,"ROIC_YEARLY":12.167923647865,"TOTAL_ASSETS":427411205.28,"TOTAL_LIABILITIES":136573450.8,"TAX_EBT":24.375976005751,"OCF_SALES":-0.5908164727,"TOTAL_PARENT_EQUITY":289993193.28,"DEBT_ASSET_RATIO":31.9536430287,"OPERATE_PROFIT":33683430.48,"PRETAX_PROFIT":33568603.44,"NETCASH_OPERATE":-3363267.36,"NETCASH_INVEST":204691.68,"NETCASH_FINANCE":-857874.48,"END_CASH":19449037.92,"DIVI_RATIO":null,"DIVIDEND_RATE":null,"CURRENT_RATIO":1.787195330254,"COMMON_ACS":100000000000,"CURRENTDEBT_DEBT":82.038565814726,"ISSUED_COMMON_SHARES":857305482,"HK_COMMON_SHARES":857305482,"PER_SHARES":2000,"TOTAL_MARKET_CAP":471518015.1,"HKSK_MARKET_CAP":471518015.1,"PE_TTM":-8.680216032474,"PB_TTM":1.98633426896,"REPORT_DATE_SQ":"2020-06-30 00:00:00","REPORT_TYPE_SQ":"2020年中报","OPERATE_INCOME_SQ":79877587.68,"DPS_HKD":null,"OPERATE_INCOME_QOQ_SQ":6.776305019636,"NET_PROFIT_RATIO_SQ":-15.2949786728,"HOLDER_PROFIT_SQ":-12217260,"HOLDER_PROFIT_QOQ_SQ":4.06197982679,"ROE_AVG_SQ":-5.275520205735,"PE_TTM_SQ":-6.804784901238,"PB_TTM_SQ":0.301139084649,"ROA_SQ":-4.068824740888,"START_DATE":"2021-01-01 00:00:00","FISCAL_YEAR":"12-31","CURRENCY":"HKD","IS_CNY_CODE":0,"DPS_HKD_LY":null,"ORG_TYPE":"一般企业","PREMIUM_INCOME":null,"PREMIUM_INCOME_YOY":null,"NET_INTEREST_INCOME":null,"NET_INTEREST_INCOME_YOY":null,"FEE_COMMISSION_INCOME":null,"FEE_COMMISSION_INCOME_YOY":null,"ACCOUNTS_RECE_TDAYS":21.209635416667,"INVENTORY_TDAYS":null,"CURRENT_ASSETS_TDAYS":2.68603308965,"TOTAL_ASSETS_TDAYS":1.295367533731,"PREMIUM_EXPENSE":null,"LOAN_DEPOSIT":null,"LOAN_EQUITY":null,"LOAN_ASSETS":null,"DEPOSIT_EQUITY":null,"DEPOSIT_ASSETS":null,"EQUITY_MULTIPLIER":1.469586388617,"EQUITY_RATIO":0.470953987765},{"SECUCODE":"00632.HK","SECURITY_CODE":"00632","SECURITY_NAME_ABBR":"中港石油","ORG_CODE":"10009016","STD_REPORT_DATE":"2020-12-31 00:00:00","REPORT_DATE":"2020-12-31 00:00:00","DATE_TYPE_CODE":"001","REPORT_TYPE":"2020年年报","PER_NETCASH_OPERATE":-0.034055309831,"PER_OI":0.736552419839,"BPS":0.31133903301,"BASIC_EPS":0.011614632,"DILUTED_EPS":0.011614632,"OPERATE_INCOME":620088369.68,"OPERATE_INCOME_YOY":319.8863603983,"GROSS_PROFIT":35583697.56,"GROSS_PROFIT_YOY":141770.363418314,"HOLDER_PROFIT":7335734.24,"HOLDER_PROFIT_YOY":103.2420650124,"GROSS_PROFIT_RATIO":5.738488141354,"EPS_TTM":0.008713520637,"OPERATE_INCOME_QOQ":269.472300822886,"NET_PROFIT_RATIO":1.1830143248,"ROE_AVG":3.018120496279,"GROSS_PROFIT_QOQ":1643.15827634472,"ROA":1.968627539554,"HOLDER_PROFIT_QOQ":103.175089512215,"ROE_YEARLY":3.018120496279,"ROIC_YEARLY":2.174588303978,"TOTAL_ASSETS":456689013.52,"TOTAL_LIABILITIES":188922089.16,"TAX_EBT":54.568673442794,"OCF_SALES":-4.623609795293,"TOTAL_PARENT_EQUITY":266912659.76,"DEBT_ASSET_RATIO":41.3677762256,"OPERATE_PROFIT":19664076.96,"PRETAX_PROFIT":16146863.4,"NETCASH_OPERATE":-28670466.6,"NETCASH_INVEST":-127087.64,"NETCASH_FINANCE":4473316.6,"END_CASH":23522154.72,"DIVI_RATIO":null,"DIVIDEND_RATE":null,"CURRENT_RATIO":1.384258400808,"COMMON_ACS":100000000000,"CURRENTDEBT_DEBT":86.492121406519,"ISSUED_COMMON_SHARES":857305482,"HK_COMMON_SHARES":857305482,"PER_SHARES":2000,"TOTAL_MARKET_CAP":471518015.1,"HKSK_MARKET_CAP":471518015.1,"PE_TTM":-8.680216032474,"PB_TTM":1.98633426896,"REPORT_DATE_SQ":"2019-12-31 00:00:00","REPORT_TYPE_SQ":"2019年年报","OPERATE_INCOME_SQ":157179829.26,"DPS_HKD":null,"OPERATE_INCOME_QOQ_SQ":53.564564343371,"NET_PROFIT_RATIO_SQ":-153.2875127517,"HOLDER_PROFIT_SQ":-240822390.98,"HOLDER_PROFIT_QOQ_SQ":-338.252503679012,"ROE_AVG_SQ":-135.239374412065,"PE_TTM_SQ":-6.804784901238,"PB_TTM_SQ":0.301139084649,"ROA_SQ":-81.234712269617,"START_DATE":"2020-01-01 00:00:00","FISCAL_YEAR":"12-31","CURRENCY":"HKD","IS_CNY_CODE":0,"DPS_HKD_LY":null,"ORG_TYPE":"一般企业","PREMIUM_INCOME":null,"PREMIUM_INCOME_YOY":null,"NET_INTEREST_INCOME":null,"NET_INTEREST_INCOME_YOY":null,"FEE_COMMISSION_INCOME":null,"FEE_COMMISSION_INCOME_YOY":null,"ACCOUNTS_RECE_TDAYS":24.450742553721,"INVENTORY_TDAYS":null,"CURRENT_ASSETS_TDAYS":4.393739433281,"TOTAL_ASSETS_TDAYS":1.664077516403,"PREMIUM_EXPENSE":null,"LOAN_DEPOSIT":null,"LOAN_EQUITY":null,"LOAN_ASSETS":null,"DEPOSIT_EQUITY":null,"DEPOSIT_ASSETS":null,"EQUITY_MULTIPLIER":1.705546772109,"EQUITY_RATIO":0.707804902659},{"SECUCODE":"00632.HK","SECURITY_CODE":"00632","SECURITY_NAME_ABBR":"中港石油","ORG_CODE":"10009016","STD_REPORT_DATE":"2020-06-30 00:00:00","REPORT_DATE":"2020-06-30 00:00:00","DATE_TYPE_CODE":"002","REPORT_TYPE":"2020年中报","PER_NETCASH_OPERATE":-0.039242312732,"PER_OI":0.130460101941,"BPS":0.262762819473,"BASIC_EPS":-0.019912992,"DILUTED_EPS":-0.019912992,"OPERATE_INCOME":79877587.68,"OPERATE_INCOME_YOY":11.1185941014,"GROSS_PROFIT":1667028,"GROSS_PROFIT_YOY":577.350677795079,"HOLDER_PROFIT":-12217260,"HOLDER_PROFIT_YOY":46.5192530689,"GROSS_PROFIT_RATIO":2.086978398344,"EPS_TTM":-0.377346554406,"OPERATE_INCOME_QOQ":6.776305019636,"NET_PROFIT_RATIO":-15.2949786728,"ROE_AVG":-5.275520205735,"GROSS_PROFIT_QOQ":8038.69660280107,"ROA":-4.068824740888,"HOLDER_PROFIT_QOQ":4.06197982679,"ROE_YEARLY":-10.551040411471,"ROIC_YEARLY":-9.106739497887,"TOTAL_ASSETS":287337167.04,"TOTAL_LIABILITIES":61142019.84,"TAX_EBT":-1.364153088291,"OCF_SALES":-30.079934131531,"TOTAL_PARENT_EQUITY":225268005.6,"DEBT_ASSET_RATIO":21.2788413242,"OPERATE_PROFIT":-10033224.96,"PRETAX_PROFIT":-12052840.8,"NETCASH_OPERATE":-24027125.76,"NETCASH_INVEST":-7307.52,"NETCASH_FINANCE":-11949622.08,"END_CASH":12826524.48,"DIVI_RATIO":null,"DIVIDEND_RATE":null,"CURRENT_RATIO":1.088465401491,"COMMON_ACS":100000000000,"CURRENTDEBT_DEBT":56.52264850006,"ISSUED_COMMON_SHARES":857305482,"HK_COMMON_SHARES":857305482,"PER_SHARES":2000,"TOTAL_MARKET_CAP":471518015.1,"HKSK_MARKET_CAP":471518015.1,"PE_TTM":-8.680216032474,"PB_TTM":1.98633426896,"REPORT_DATE_SQ":"2019-06-30 00:00:00","REPORT_TYPE_SQ":"2019年中报","OPERATE_INCOME_SQ":69226603.02,"DPS_HKD":null,"OPERATE_INCOME_QOQ_SQ":57.782780498686,"NET_PROFIT_RATIO_SQ":-31.7242080384,"HOLDER_PROFIT_SQ":-21999416.94,"HOLDER_PROFIT_QOQ_SQ":-7.360574850865,"ROE_AVG_SQ":-20.066677632503,"PE_TTM_SQ":-6.804784901238,"PB_TTM_SQ":0.301139084649,"ROA_SQ":-7.771464440477,"START_DATE":"2020-01-01 00:00:00","FISCAL_YEAR":"12-31","CURRENCY":"HKD","IS_CNY_CODE":0,"DPS_HKD_LY":null,"ORG_TYPE":"一般企业","PREMIUM_INCOME":null,"PREMIUM_INCOME_YOY":null,"NET_INTEREST_INCOME":null,"NET_INTEREST_INCOME_YOY":null,"FEE_COMMISSION_INCOME":null,"FEE_COMMISSION_INCOME_YOY":null,"ACCOUNTS_RECE_TDAYS":null,"INVENTORY_TDAYS":null,"CURRENT_ASSETS_TDAYS":1.622408371135,"TOTAL_ASSETS_TDAYS":0.266023564199,"PREMIUM_EXPENSE":null,"LOAN_DEPOSIT":null,"LOAN_EQUITY":null,"LOAN_ASSETS":null,"DEPOSIT_EQUITY":null,"DEPOSIT_ASSETS":null,"EQUITY_MULTIPLIER":1.270306505673,"EQUITY_RATIO":0.271419013442}],"count":50},"success":true,"message":"ok","code":0}