{"version":"e512deb8340a6b9d3273aae87f7bbdc7","result":{"pages":6,"data":[{"SECUCODE":"00635.HK","SECURITY_CODE":"00635","SECURITY_NAME_ABBR":"彩星集团","ORG_CODE":"10009017","STD_REPORT_DATE":"2024-06-30 00:00:00","REPORT_DATE":"2024-06-30 00:00:00","DATE_TYPE_CODE":"002","REPORT_TYPE":"2024年中报","PER_NETCASH_OPERATE":0.074503481855,"PER_OI":0.2322461455,"BPS":2.321667263443,"BASIC_EPS":-0.070458896,"DILUTED_EPS":-0.070458896,"OPERATE_INCOME":480677524.88,"OPERATE_INCOME_YOY":23.3392505023,"GROSS_PROFIT":295833357.16,"GROSS_PROFIT_YOY":23.441886937146,"HOLDER_PROFIT":-145919278.4,"HOLDER_PROFIT_YOY":-266.0383628792,"GROSS_PROFIT_RATIO":61.545077905162,"EPS_TTM":-0.10887009155,"OPERATE_INCOME_QOQ":7.548684513591,"NET_PROFIT_RATIO":-21.8162934383,"ROE_AVG":-2.973349670515,"GROSS_PROFIT_QOQ":7.906438966506,"ROA":-2.428965704685,"HOLDER_PROFIT_QOQ":-2504.69338105909,"ROE_YEARLY":-5.94669934103,"ROIC_YEARLY":-6.549379600104,"TOTAL_ASSETS":5829146607.28,"TOTAL_LIABILITIES":496225028.68,"TAX_EBT":-42.884323625239,"OCF_SALES":32.079534277892,"TOTAL_PARENT_EQUITY":4801207900.8,"DEBT_ASSET_RATIO":8.5128246399,"OPERATE_PROFIT":-110508207.08,"PRETAX_PROFIT":-73392249.52,"NETCASH_OPERATE":154199111.36,"NETCASH_INVEST":3129579.72,"NETCASH_FINANCE":-134972594.48,"END_CASH":459550808.24,"DIVI_RATIO":-0.250606016874,"DIVIDEND_RATE":5.555555555556,"CURRENT_RATIO":3.084769230455,"COMMON_ACS":30000000000,"CURRENTDEBT_DEBT":89.930127036735,"ISSUED_COMMON_SHARES":2068000000,"HK_COMMON_SHARES":2068000000,"PER_SHARES":2000,"TOTAL_MARKET_CAP":1116720000,"HKSK_MARKET_CAP":1116720000,"PE_TTM":-4.542632947025,"PB_TTM":0.212281582189,"REPORT_DATE_SQ":"2023-06-30 00:00:00","REPORT_TYPE_SQ":"2023年中报","OPERATE_INCOME_SQ":393690991.88,"DPS_HKD":0.03,"OPERATE_INCOME_QOQ_SQ":10.860843652808,"NET_PROFIT_RATIO_SQ":32.5613691611,"HOLDER_PROFIT_SQ":88778376.18,"HOLDER_PROFIT_QOQ_SQ":72.904670094484,"ROE_AVG_SQ":1.722136693561,"PE_TTM_SQ":-20.605498918752,"PB_TTM_SQ":0.214091752385,"ROA_SQ":1.431699009411,"START_DATE":"2024-01-01 00:00:00","FISCAL_YEAR":"12-31","CURRENCY":"HKD","IS_CNY_CODE":0,"DPS_HKD_LY":0.03,"ORG_TYPE":"一般企业","PREMIUM_INCOME":null,"PREMIUM_INCOME_YOY":null,"NET_INTEREST_INCOME":null,"NET_INTEREST_INCOME_YOY":null,"FEE_COMMISSION_INCOME":null,"FEE_COMMISSION_INCOME_YOY":null,"ACCOUNTS_RECE_TDAYS":2.259719308182,"INVENTORY_TDAYS":3.655164323485,"CURRENT_ASSETS_TDAYS":0.334809463507,"TOTAL_ASSETS_TDAYS":0.080013363261,"PREMIUM_EXPENSE":null,"LOAN_DEPOSIT":null,"LOAN_EQUITY":null,"LOAN_ASSETS":null,"DEPOSIT_EQUITY":null,"DEPOSIT_ASSETS":null,"EQUITY_MULTIPLIER":1.093049376663,"EQUITY_RATIO":0.103354205636},{"SECUCODE":"00635.HK","SECURITY_CODE":"00635","SECURITY_NAME_ABBR":"彩星集团","ORG_CODE":"10009017","STD_REPORT_DATE":"2023-12-31 00:00:00","REPORT_DATE":"2023-12-31 00:00:00","DATE_TYPE_CODE":"001","REPORT_TYPE":"2023年年报","PER_NETCASH_OPERATE":0.07568644371,"PER_OI":0.556686130338,"BPS":2.407372991789,"BASIC_EPS":0.0045311,"DILUTED_EPS":0.0045311,"OPERATE_INCOME":1152340289.8,"OPERATE_INCOME_YOY":76.7007722035,"GROSS_PROFIT":710552602.48,"GROSS_PROFIT_YOY":81.587037744073,"HOLDER_PROFIT":9370314.8,"HOLDER_PROFIT_YOY":104.8595021125,"GROSS_PROFIT_RATIO":61.661699132582,"EPS_TTM":0.004526722126,"OPERATE_INCOME_QOQ":61.700425302973,"NET_PROFIT_RATIO":9.4665733452,"ROE_AVG":0.186836501167,"GROSS_PROFIT_QOQ":65.723602863859,"ROA":0.153979456847,"HOLDER_PROFIT_QOQ":118.194839377992,"ROE_YEARLY":0.186836501167,"ROIC_YEARLY":0.202852072676,"TOTAL_ASSETS":6142001203.1,"TOTAL_LIABILITIES":644791841.96,"TAX_EBT":28.98464370203,"OCF_SALES":13.595891757563,"TOTAL_PARENT_EQUITY":4978447347.02,"DEBT_ASSET_RATIO":10.4980741722,"OPERATE_PROFIT":127404563.58,"PRETAX_PROFIT":153610633.54,"NETCASH_OPERATE":156670938.48,"NETCASH_INVEST":-499535650.6,"NETCASH_FINANCE":-208209482.32,"END_CASH":434546083.3,"DIVI_RATIO":6.027208925788,"DIVIDEND_RATE":5.660377358491,"CURRENT_RATIO":2.517060238372,"COMMON_ACS":30000000000,"CURRENTDEBT_DEBT":91.447440542615,"ISSUED_COMMON_SHARES":2068000000,"HK_COMMON_SHARES":2068000000,"PER_SHARES":2000,"TOTAL_MARKET_CAP":1096040000,"HKSK_MARKET_CAP":1096040000,"PE_TTM":-4.458510114672,"PB_TTM":0.208350441778,"REPORT_DATE_SQ":"2022-12-31 00:00:00","REPORT_TYPE_SQ":"2022年年报","OPERATE_INCOME_SQ":642822996.83,"DPS_HKD":0.03,"OPERATE_INCOME_QOQ_SQ":-14.912230776969,"NET_PROFIT_RATIO_SQ":-28.9037823656,"HOLDER_PROFIT_SQ":-190069097.33,"HOLDER_PROFIT_QOQ_SQ":-421.535253621812,"ROE_AVG_SQ":-3.70176616725,"PE_TTM_SQ":-20.605498918752,"PB_TTM_SQ":0.214091752385,"ROA_SQ":-2.998815646878,"START_DATE":"2023-01-01 00:00:00","FISCAL_YEAR":"12-31","CURRENCY":"HKD","IS_CNY_CODE":0,"DPS_HKD_LY":0.03,"ORG_TYPE":"一般企业","PREMIUM_INCOME":null,"PREMIUM_INCOME_YOY":null,"NET_INTEREST_INCOME":null,"NET_INTEREST_INCOME_YOY":null,"FEE_COMMISSION_INCOME":null,"FEE_COMMISSION_INCOME_YOY":null,"ACCOUNTS_RECE_TDAYS":6.422366334333,"INVENTORY_TDAYS":11.806020390865,"CURRENT_ASSETS_TDAYS":0.849140202056,"TOTAL_ASSETS_TDAYS":0.189360481172,"PREMIUM_EXPENSE":null,"LOAN_DEPOSIT":null,"LOAN_EQUITY":null,"LOAN_ASSETS":null,"DEPOSIT_EQUITY":null,"DEPOSIT_ASSETS":null,"EQUITY_MULTIPLIER":1.117294394228,"EQUITY_RATIO":0.129516653891},{"SECUCODE":"00635.HK","SECURITY_CODE":"00635","SECURITY_NAME_ABBR":"彩星集团","ORG_CODE":"10009017","STD_REPORT_DATE":"2023-06-30 00:00:00","REPORT_DATE":"2023-06-30 00:00:00","DATE_TYPE_CODE":"002","REPORT_TYPE":"2023年中报","PER_NETCASH_OPERATE":0.018032948918,"PER_OI":0.190188884966,"BPS":2.50016901087,"BASIC_EPS":0.04287207,"DILUTED_EPS":0.04287207,"OPERATE_INCOME":393690991.88,"OPERATE_INCOME_YOY":12.7506819076,"GROSS_PROFIT":239653949.32,"GROSS_PROFIT_YOY":18.524565785814,"HOLDER_PROFIT":88778376.18,"HOLDER_PROFIT_YOY":265.3859365875,"GROSS_PROFIT_RATIO":60.873617700922,"EPS_TTM":-0.024879154092,"OPERATE_INCOME_QOQ":10.860843652808,"NET_PROFIT_RATIO":32.5613691611,"ROE_AVG":1.722136693561,"GROSS_PROFIT_QOQ":9.572224237271,"ROA":1.431699009411,"HOLDER_PROFIT_QOQ":72.904670094484,"ROE_YEARLY":3.444273387121,"ROIC_YEARLY":3.744283164258,"TOTAL_ASSETS":6268111455.34,"TOTAL_LIABILITIES":621847850.6,"TAX_EBT":3.79987684303,"OCF_SALES":9.481599790167,"TOTAL_PARENT_EQUITY":5170349514.48,"DEBT_ASSET_RATIO":9.9208167409,"OPERATE_PROFIT":110839513.62,"PRETAX_PROFIT":133254691.38,"NETCASH_OPERATE":37328204.26,"NETCASH_INVEST":35826298.84,"NETCASH_FINANCE":-79317939.4,"END_CASH":995755917.62,"DIVI_RATIO":-1.096640983023,"DIVIDEND_RATE":5.660377358491,"CURRENT_RATIO":2.43805376404,"COMMON_ACS":30000000000,"CURRENTDEBT_DEBT":90.529452755497,"ISSUED_COMMON_SHARES":2068000000,"HK_COMMON_SHARES":2068000000,"PER_SHARES":2000,"TOTAL_MARKET_CAP":1096040000,"HKSK_MARKET_CAP":1096040000,"PE_TTM":-4.458510114672,"PB_TTM":0.208350441778,"REPORT_DATE_SQ":"2022-06-30 00:00:00","REPORT_TYPE_SQ":"2022年中报","OPERATE_INCOME_SQ":323874991.23,"DPS_HKD":0.03,"OPERATE_INCOME_QOQ_SQ":7.349442681063,"NET_PROFIT_RATIO_SQ":-15.5567349762,"HOLDER_PROFIT_SQ":-49790872.18,"HOLDER_PROFIT_QOQ_SQ":9.822882573669,"ROE_AVG_SQ":-0.996876776942,"PE_TTM_SQ":-20.605498918752,"PB_TTM_SQ":0.214091752385,"ROA_SQ":-0.78359560857,"START_DATE":"2023-01-01 00:00:00","FISCAL_YEAR":"12-31","CURRENCY":"HKD","IS_CNY_CODE":0,"DPS_HKD_LY":0.03,"ORG_TYPE":"一般企业","PREMIUM_INCOME":null,"PREMIUM_INCOME_YOY":null,"NET_INTEREST_INCOME":null,"NET_INTEREST_INCOME_YOY":null,"FEE_COMMISSION_INCOME":null,"FEE_COMMISSION_INCOME_YOY":null,"ACCOUNTS_RECE_TDAYS":3.546885512796,"INVENTORY_TDAYS":3.911090302569,"CURRENT_ASSETS_TDAYS":0.300084612833,"TOTAL_ASSETS_TDAYS":0.063489221964,"PREMIUM_EXPENSE":null,"LOAN_DEPOSIT":null,"LOAN_EQUITY":null,"LOAN_ASSETS":null,"DEPOSIT_EQUITY":null,"DEPOSIT_ASSETS":null,"EQUITY_MULTIPLIER":1.110134399336,"EQUITY_RATIO":0.120271917567},{"SECUCODE":"00635.HK","SECURITY_CODE":"00635","SECURITY_NAME_ABBR":"彩星集团","ORG_CODE":"10009017","STD_REPORT_DATE":"2022-12-31 00:00:00","REPORT_DATE":"2022-12-31 00:00:00","DATE_TYPE_CODE":"001","REPORT_TYPE":"2022年年报","PER_NETCASH_OPERATE":0.090938641759,"PER_OI":0.310019820125,"BPS":2.408053767988,"BASIC_EPS":-0.091470848,"DILUTED_EPS":-0.091470848,"OPERATE_INCOME":642822996.83,"OPERATE_INCOME_YOY":-16.3963832089,"GROSS_PROFIT":391301389.85,"GROSS_PROFIT_YOY":-8.643660699904,"HOLDER_PROFIT":-190069097.33,"HOLDER_PROFIT_YOY":-330.465304471,"GROSS_PROFIT_RATIO":60.872338385474,"EPS_TTM":-0.091666271518,"OPERATE_INCOME_QOQ":-14.912230776969,"NET_PROFIT_RATIO":-28.9037823656,"ROE_AVG":-3.70176616725,"GROSS_PROFIT_QOQ":-13.203133922662,"ROA":-2.998815646878,"HOLDER_PROFIT_QOQ":-421.535253621812,"ROE_YEARLY":-3.70176616725,"ROIC_YEARLY":-3.988863822721,"TOTAL_ASSETS":5942709138.66,"TOTAL_LIABILITIES":529583158.93,"TAX_EBT":-17.601827351471,"OCF_SALES":29.333170286356,"TOTAL_PARENT_EQUITY":4979855192.2,"DEBT_ASSET_RATIO":8.9114770145,"OPERATE_PROFIT":-113983931.81,"PRETAX_PROFIT":-157990878.36,"NETCASH_OPERATE":188560364.3,"NETCASH_INVEST":-20731903.43,"NETCASH_FINANCE":-507606037.12,"END_CASH":967700829.48,"DIVI_RATIO":-0.297639464856,"DIVIDEND_RATE":5.660377358491,"CURRENT_RATIO":3.806535298803,"COMMON_ACS":30000000000,"CURRENTDEBT_DEBT":60.141787507654,"ISSUED_COMMON_SHARES":2068000000,"HK_COMMON_SHARES":2068000000,"PER_SHARES":2000,"TOTAL_MARKET_CAP":1096040000,"HKSK_MARKET_CAP":1096040000,"PE_TTM":-4.458510114672,"PB_TTM":0.208350441778,"REPORT_DATE_SQ":"2021-12-31 00:00:00","REPORT_TYPE_SQ":"2021年年报","OPERATE_INCOME_SQ":703759828.8,"DPS_HKD":0.03,"OPERATE_INCOME_QOQ_SQ":32.134162906907,"NET_PROFIT_RATIO_SQ":-3.0892359453,"HOLDER_PROFIT_SQ":-40413968,"HOLDER_PROFIT_QOQ_SQ":83.116365719136,"ROE_AVG_SQ":-0.826872434059,"PE_TTM_SQ":-20.605498918752,"PB_TTM_SQ":0.214091752385,"ROA_SQ":-0.659450114927,"START_DATE":"2022-01-01 00:00:00","FISCAL_YEAR":"12-31","CURRENCY":"HKD","IS_CNY_CODE":0,"DPS_HKD_LY":0.03,"ORG_TYPE":"一般企业","PREMIUM_INCOME":null,"PREMIUM_INCOME_YOY":null,"NET_INTEREST_INCOME":null,"NET_INTEREST_INCOME_YOY":null,"FEE_COMMISSION_INCOME":null,"FEE_COMMISSION_INCOME_YOY":null,"ACCOUNTS_RECE_TDAYS":7.405647659329,"INVENTORY_TDAYS":6.892285850662,"CURRENT_ASSETS_TDAYS":0.443686021556,"TOTAL_ASSETS_TDAYS":0.101421414009,"PREMIUM_EXPENSE":null,"LOAN_DEPOSIT":null,"LOAN_EQUITY":null,"LOAN_ASSETS":null,"DEPOSIT_EQUITY":null,"DEPOSIT_ASSETS":null,"EQUITY_MULTIPLIER":1.097833148704,"EQUITY_RATIO":0.106345092074},{"SECUCODE":"00635.HK","SECURITY_CODE":"00635","SECURITY_NAME_ABBR":"彩星集团","ORG_CODE":"10009017","STD_REPORT_DATE":"2022-06-30 00:00:00","REPORT_DATE":"2022-06-30 00:00:00","DATE_TYPE_CODE":"002","REPORT_TYPE":"2022年中报","PER_NETCASH_OPERATE":0.063067384457,"PER_OI":0.155709130399,"BPS":2.381820766818,"BASIC_EPS":-0.02394532,"DILUTED_EPS":-0.02394532,"OPERATE_INCOME":323874991.23,"OPERATE_INCOME_YOY":15.7890392112,"GROSS_PROFIT":202197702.84,"GROSS_PROFIT_YOY":12.521054397591,"HOLDER_PROFIT":-49790872.18,"HOLDER_PROFIT_YOY":9.8870143941,"GROSS_PROFIT_RATIO":62.430786048685,"EPS_TTM":-0.017521226625,"OPERATE_INCOME_QOQ":7.349442681063,"NET_PROFIT_RATIO":-15.5567349762,"ROE_AVG":-0.996876776942,"GROSS_PROFIT_QOQ":5.253038996472,"ROA":-0.78359560857,"HOLDER_PROFIT_QOQ":9.822882573669,"ROE_YEARLY":-1.993753553884,"ROIC_YEARLY":-2.123228929331,"TOTAL_ASSETS":6261790974.95,"TOTAL_LIABILITIES":928370318.68,"TAX_EBT":-18.141530810724,"OCF_SALES":40.503330983294,"TOTAL_PARENT_EQUITY":4925605345.78,"DEBT_ASSET_RATIO":14.8259551044,"OPERATE_PROFIT":-2748580.66,"PRETAX_PROFIT":-42647470.11,"NETCASH_OPERATE":131180159.67,"NETCASH_INVEST":-22049363.77,"NETCASH_FINANCE":-104133920.73,"END_CASH":1249359043.66,"DIVI_RATIO":-1.557168375476,"DIVIDEND_RATE":5.660377358491,"CURRENT_RATIO":2.137268126958,"COMMON_ACS":30000000000,"CURRENTDEBT_DEBT":77.438806454109,"ISSUED_COMMON_SHARES":2068000000,"HK_COMMON_SHARES":2068000000,"PER_SHARES":2000,"TOTAL_MARKET_CAP":1096040000,"HKSK_MARKET_CAP":1096040000,"PE_TTM":-4.458510114672,"PB_TTM":0.208350441778,"REPORT_DATE_SQ":"2021-06-30 00:00:00","REPORT_TYPE_SQ":"2021年中报","OPERATE_INCOME_SQ":272152566,"DPS_HKD":0.03,"OPERATE_INCOME_QOQ_SQ":17.993747684655,"NET_PROFIT_RATIO_SQ":-17.053580983,"HOLDER_PROFIT_SQ":-53760688.8,"HOLDER_PROFIT_QOQ_SQ":43.970393051144,"ROE_AVG_SQ":-1.078682194615,"PE_TTM_SQ":-20.605498918752,"PB_TTM_SQ":0.214091752385,"ROA_SQ":-0.86362451889,"START_DATE":"2022-01-01 00:00:00","FISCAL_YEAR":"12-31","CURRENCY":"HKD","IS_CNY_CODE":0,"DPS_HKD_LY":0.03,"ORG_TYPE":"一般企业","PREMIUM_INCOME":null,"PREMIUM_INCOME_YOY":null,"NET_INTEREST_INCOME":null,"NET_INTEREST_INCOME_YOY":null,"FEE_COMMISSION_INCOME":null,"FEE_COMMISSION_INCOME_YOY":null,"ACCOUNTS_RECE_TDAYS":3.912143421603,"INVENTORY_TDAYS":2.261623563447,"CURRENT_ASSETS_TDAYS":0.205638599461,"TOTAL_ASSETS_TDAYS":0.050970591545,"PREMIUM_EXPENSE":null,"LOAN_DEPOSIT":null,"LOAN_EQUITY":null,"LOAN_ASSETS":null,"DEPOSIT_EQUITY":null,"DEPOSIT_ASSETS":null,"EQUITY_MULTIPLIER":1.174066584751,"EQUITY_RATIO":0.18847842113},{"SECUCODE":"00635.HK","SECURITY_CODE":"00635","SECURITY_NAME_ABBR":"彩星集团","ORG_CODE":"10009017","STD_REPORT_DATE":"2021-12-31 00:00:00","REPORT_DATE":"2021-12-31 00:00:00","DATE_TYPE_CODE":"001","REPORT_TYPE":"2021年年报","PER_NETCASH_OPERATE":0.062540923254,"PER_OI":0.336727190813,"BPS":2.341000711799,"BASIC_EPS":-0.01929536,"DILUTED_EPS":-0.01929536,"OPERATE_INCOME":703759828.8,"OPERATE_INCOME_YOY":60.4942944511,"GROSS_PROFIT":428324288,"GROSS_PROFIT_YOY":37.281875605448,"HOLDER_PROFIT":-40413968,"HOLDER_PROFIT_YOY":90.2620173365,"GROSS_PROFIT_RATIO":60.862281487471,"EPS_TTM":-0.019336826794,"OPERATE_INCOME_QOQ":32.134162906907,"NET_PROFIT_RATIO":-3.0892359453,"ROE_AVG":-0.826872434059,"GROSS_PROFIT_QOQ":22.220104767296,"ROA":-0.659450114927,"HOLDER_PROFIT_QOQ":83.116365719136,"ROE_YEARLY":-0.826872434059,"ROIC_YEARLY":-0.890976104608,"TOTAL_ASSETS":6163159553.6,"TOTAL_LIABILITIES":922028777.6,"TAX_EBT":-456.413475622515,"OCF_SALES":18.573172871046,"TOTAL_PARENT_EQUITY":4841189472,"DEBT_ASSET_RATIO":14.9603262674,"OPERATE_PROFIT":11304137.6,"PRETAX_PROFIT":-3907310.4,"NETCASH_OPERATE":143812569.6,"NETCASH_INVEST":-49241595.2,"NETCASH_FINANCE":-100326878.4,"END_CASH":1197529726.4,"DIVI_RATIO":-1.410960561952,"DIVIDEND_RATE":5.660377358491,"CURRENT_RATIO":2.160773269318,"COMMON_ACS":30000000000,"CURRENTDEBT_DEBT":77.423416681002,"ISSUED_COMMON_SHARES":2068000000,"HK_COMMON_SHARES":2068000000,"PER_SHARES":2000,"TOTAL_MARKET_CAP":1096040000,"HKSK_MARKET_CAP":1096040000,"PE_TTM":-4.458510114672,"PB_TTM":0.208350441778,"REPORT_DATE_SQ":"2020-12-31 00:00:00","REPORT_TYPE_SQ":"2020年年报","OPERATE_INCOME_SQ":451388364.8,"DPS_HKD":0.03,"OPERATE_INCOME_QOQ_SQ":-8.274807372334,"NET_PROFIT_RATIO_SQ":-97.4209427208,"HOLDER_PROFIT_SQ":-427216464,"HOLDER_PROFIT_QOQ_SQ":-1745.50636794042,"ROE_AVG_SQ":-8.005148149255,"PE_TTM_SQ":-20.605498918752,"PB_TTM_SQ":0.214091752385,"ROA_SQ":-6.490507441068,"START_DATE":"2021-01-01 00:00:00","FISCAL_YEAR":"12-31","CURRENCY":"HKD","IS_CNY_CODE":0,"DPS_HKD_LY":0.045,"ORG_TYPE":"一般企业","PREMIUM_INCOME":null,"PREMIUM_INCOME_YOY":null,"NET_INTEREST_INCOME":null,"NET_INTEREST_INCOME_YOY":null,"FEE_COMMISSION_INCOME":null,"FEE_COMMISSION_INCOME_YOY":null,"ACCOUNTS_RECE_TDAYS":9.864630547517,"INVENTORY_TDAYS":9.846349447595,"CURRENT_ASSETS_TDAYS":0.484285230832,"TOTAL_ASSETS_TDAYS":0.114835172825,"PREMIUM_EXPENSE":null,"LOAN_DEPOSIT":null,"LOAN_EQUITY":null,"LOAN_ASSETS":null,"DEPOSIT_EQUITY":null,"DEPOSIT_ASSETS":null,"EQUITY_MULTIPLIER":1.17592172701,"EQUITY_RATIO":0.190455007583},{"SECUCODE":"00635.HK","SECURITY_CODE":"00635","SECURITY_NAME_ABBR":"彩星集团","ORG_CODE":"10009017","STD_REPORT_DATE":"2021-06-30 00:00:00","REPORT_DATE":"2021-06-30 00:00:00","DATE_TYPE_CODE":"002","REPORT_TYPE":"2021年中报","PER_NETCASH_OPERATE":0.042233036555,"PER_OI":0.130216538756,"BPS":2.391931046692,"BASIC_EPS":-0.025711272,"DILUTED_EPS":-0.025711272,"OPERATE_INCOME":272152566,"OPERATE_INCOME_YOY":56.477246632,"GROSS_PROFIT":179697660.96,"GROSS_PROFIT_YOY":27.221413599849,"HOLDER_PROFIT":-53760688.8,"HOLDER_PROFIT_YOY":75.5732405815,"GROSS_PROFIT_RATIO":66.028280975312,"EPS_TTM":-0.114530002679,"OPERATE_INCOME_QOQ":17.993747684655,"NET_PROFIT_RATIO":-17.053580983,"ROE_AVG":-1.078682194615,"GROSS_PROFIT_QOQ":12.323480549153,"ROA":-0.86362451889,"HOLDER_PROFIT_QOQ":43.970393051144,"ROE_YEARLY":-2.15736438923,"ROIC_YEARLY":-2.348115479236,"TOTAL_ASSETS":6248383276.32,"TOTAL_LIABILITIES":906527861.76,"TAX_EBT":-34.814134480592,"OCF_SALES":32.432928227471,"TOTAL_PARENT_EQUITY":4946513404.56,"DEBT_ASSET_RATIO":14.5081987079,"OPERATE_PROFIT":-30897626.64,"PRETAX_PROFIT":-34426477.92,"NETCASH_OPERATE":88267046.4,"NETCASH_INVEST":33548633.52,"NETCASH_FINANCE":-67610660.4,"END_CASH":1280899791.6,"DIVI_RATIO":-0.238221421127,"DIVIDEND_RATE":5.660377358491,"CURRENT_RATIO":2.155802082592,"COMMON_ACS":30000000000,"CURRENTDEBT_DEBT":76.044818040298,"ISSUED_COMMON_SHARES":2068000000,"HK_COMMON_SHARES":2068000000,"PER_SHARES":2000,"TOTAL_MARKET_CAP":1096040000,"HKSK_MARKET_CAP":1096040000,"PE_TTM":-4.458510114672,"PB_TTM":0.208350441778,"REPORT_DATE_SQ":"2020-06-30 00:00:00","REPORT_TYPE_SQ":"2020年中报","OPERATE_INCOME_SQ":190930882.56,"DPS_HKD":0.03,"OPERATE_INCOME_QOQ_SQ":-11.75807634409,"NET_PROFIT_RATIO_SQ":-139.16392376,"HOLDER_PROFIT_SQ":-241609447.2,"HOLDER_PROFIT_QOQ_SQ":-106.201401548761,"ROE_AVG_SQ":-4.086450351532,"PE_TTM_SQ":-20.605498918752,"PB_TTM_SQ":0.214091752385,"ROA_SQ":-3.318681224925,"START_DATE":"2021-01-01 00:00:00","FISCAL_YEAR":"12-31","CURRENCY":"HKD","IS_CNY_CODE":0,"DPS_HKD_LY":0.045,"ORG_TYPE":"一般企业","PREMIUM_INCOME":null,"PREMIUM_INCOME_YOY":null,"NET_INTEREST_INCOME":null,"NET_INTEREST_INCOME_YOY":null,"FEE_COMMISSION_INCOME":null,"FEE_COMMISSION_INCOME_YOY":null,"ACCOUNTS_RECE_TDAYS":5.788374583005,"INVENTORY_TDAYS":7.619351299458,"CURRENT_ASSETS_TDAYS":0.189377709738,"TOTAL_ASSETS_TDAYS":0.043719236885,"PREMIUM_EXPENSE":null,"LOAN_DEPOSIT":null,"LOAN_EQUITY":null,"LOAN_ASSETS":null,"DEPOSIT_EQUITY":null,"DEPOSIT_ASSETS":null,"EQUITY_MULTIPLIER":1.169702807622,"EQUITY_RATIO":0.183266027526},{"SECUCODE":"00635.HK","SECURITY_CODE":"00635","SECURITY_NAME_ABBR":"彩星集团","ORG_CODE":"10009017","STD_REPORT_DATE":"2020-12-31 00:00:00","REPORT_DATE":"2020-12-31 00:00:00","DATE_TYPE_CODE":"001","REPORT_TYPE":"2020年年报","PER_NETCASH_OPERATE":0.039195241882,"PER_OI":0.215690458915,"BPS":2.456007672631,"BASIC_EPS":-0.202751076,"DILUTED_EPS":-0.202751076,"OPERATE_INCOME":451388364.8,"OPERATE_INCOME_YOY":-13.8533103318,"GROSS_PROFIT":312003522.76,"GROSS_PROFIT_YOY":-18.341686233522,"HOLDER_PROFIT":-427216464,"HOLDER_PROFIT_YOY":-221.8092854383,"GROSS_PROFIT_RATIO":69.120860680191,"EPS_TTM":-0.204140209102,"OPERATE_INCOME_QOQ":-8.274807372334,"NET_PROFIT_RATIO":-97.4209427208,"ROE_AVG":-8.005148149255,"GROSS_PROFIT_QOQ":-9.280731857495,"ROA":-6.490507441068,"HOLDER_PROFIT_QOQ":-1745.50636794042,"ROE_YEARLY":-8.005148149255,"ROIC_YEARLY":-8.695183705884,"TOTAL_ASSETS":6272883473.88,"TOTAL_LIABILITIES":801472731,"TAX_EBT":-8.447023709451,"OCF_SALES":18.171986873508,"TOTAL_PARENT_EQUITY":5079023867,"DEBT_ASSET_RATIO":12.7767833459,"OPERATE_PROFIT":-406167889.24,"PRETAX_PROFIT":-405494577.24,"NETCASH_OPERATE":82026234.4,"NETCASH_INVEST":-15185710.52,"NETCASH_FINANCE":-118899324.44,"END_CASH":1241849078.04,"DIVI_RATIO":-0.133650788936,"DIVIDEND_RATE":5.660377358491,"CURRENT_RATIO":2.376511181963,"COMMON_ACS":30000000000,"CURRENTDEBT_DEBT":73.71127037883,"ISSUED_COMMON_SHARES":2068000000,"HK_COMMON_SHARES":2068000000,"PER_SHARES":2000,"TOTAL_MARKET_CAP":1096040000,"HKSK_MARKET_CAP":1096040000,"PE_TTM":-4.458510114672,"PB_TTM":0.208350441778,"REPORT_DATE_SQ":"2019-12-31 00:00:00","REPORT_TYPE_SQ":"2019年年报","OPERATE_INCOME_SQ":557682171.48,"DPS_HKD":0.03,"OPERATE_INCOME_QOQ_SQ":-17.613627452262,"NET_PROFIT_RATIO_SQ":63.8324290115,"HOLDER_PROFIT_SQ":373286754.26,"HOLDER_PROFIT_QOQ_SQ":-12.382473904602,"ROE_AVG_SQ":6.33958559027,"PE_TTM_SQ":-20.605498918752,"PB_TTM_SQ":0.214091752385,"ROA_SQ":5.155428530143,"START_DATE":"2020-01-01 00:00:00","FISCAL_YEAR":"12-31","CURRENCY":"HKD","IS_CNY_CODE":0,"DPS_HKD_LY":0.03,"ORG_TYPE":"一般企业","PREMIUM_INCOME":null,"PREMIUM_INCOME_YOY":null,"NET_INTEREST_INCOME":null,"NET_INTEREST_INCOME_YOY":null,"FEE_COMMISSION_INCOME":null,"FEE_COMMISSION_INCOME_YOY":null,"ACCOUNTS_RECE_TDAYS":9.503996030551,"INVENTORY_TDAYS":10.999667906482,"CURRENT_ASSETS_TDAYS":0.310745764921,"TOTAL_ASSETS_TDAYS":0.068577402498,"PREMIUM_EXPENSE":null,"LOAN_DEPOSIT":null,"LOAN_EQUITY":null,"LOAN_ASSETS":null,"DEPOSIT_EQUITY":null,"DEPOSIT_ASSETS":null,"EQUITY_MULTIPLIER":1.146483744077,"EQUITY_RATIO":0.157800544354},{"SECUCODE":"00635.HK","SECURITY_CODE":"00635","SECURITY_NAME_ABBR":"彩星集团","ORG_CODE":"10009017","STD_REPORT_DATE":"2020-06-30 00:00:00","REPORT_DATE":"2020-06-30 00:00:00","DATE_TYPE_CODE":"002","REPORT_TYPE":"2020年中报","PER_NETCASH_OPERATE":0.015489518104,"PER_OI":0.090488569934,"BPS":2.78197295234,"BASIC_EPS":-0.114271344,"DILUTED_EPS":-0.114271344,"OPERATE_INCOME":190930882.56,"OPERATE_INCOME_YOY":-28.3167692065,"GROSS_PROFIT":141247967.52,"GROSS_PROFIT_YOY":-21.270927350618,"HOLDER_PROFIT":-241609447.2,"HOLDER_PROFIT_YOY":-250.2809547348,"GROSS_PROFIT_RATIO":73.978586191059,"EPS_TTM":-0.010971095052,"OPERATE_INCOME_QOQ":-11.75807634409,"NET_PROFIT_RATIO":-139.16392376,"ROE_AVG":-4.086450351532,"GROSS_PROFIT_QOQ":-9.987905063116,"ROA":-3.318681224925,"HOLDER_PROFIT_QOQ":-106.201401548761,"ROE_YEARLY":-8.172900703065,"ROIC_YEARLY":-8.829726942101,"TOTAL_ASSETS":7081197884.64,"TOTAL_LIABILITIES":910630258.56,"TAX_EBT":-6.709562869595,"OCF_SALES":17.117651561543,"TOTAL_PARENT_EQUITY":5753120065.44,"DEBT_ASSET_RATIO":12.8598335112,"OPERATE_PROFIT":-249148067.52,"PRETAX_PROFIT":-249000090.24,"NETCASH_OPERATE":32682883.2,"NETCASH_INVEST":-13122479.04,"NETCASH_FINANCE":-77372935.2,"END_CASH":1348911558.72,"DIVI_RATIO":-2.486852941329,"DIVIDEND_RATE":5.660377358491,"CURRENT_RATIO":2.241964770887,"COMMON_ACS":30000000000,"CURRENTDEBT_DEBT":74.576998848458,"ISSUED_COMMON_SHARES":2068000000,"HK_COMMON_SHARES":2068000000,"PER_SHARES":2000,"TOTAL_MARKET_CAP":1096040000,"HKSK_MARKET_CAP":1096040000,"PE_TTM":-4.458510114672,"PB_TTM":0.208350441778,"REPORT_DATE_SQ":"2019-06-30 00:00:00","REPORT_TYPE_SQ":"2019年中报","OPERATE_INCOME_SQ":256503578.04,"DPS_HKD":0.03,"OPERATE_INCOME_QOQ_SQ":5.315690788323,"NET_PROFIT_RATIO_SQ":56.9507603037,"HOLDER_PROFIT_SQ":154826317.62,"HOLDER_PROFIT_QOQ_SQ":-6.605064723173,"ROE_AVG_SQ":2.699682056057,"PE_TTM_SQ":-20.605498918752,"PB_TTM_SQ":0.214091752385,"ROA_SQ":2.191320710625,"START_DATE":"2020-01-01 00:00:00","FISCAL_YEAR":"12-31","CURRENCY":"HKD","IS_CNY_CODE":0,"DPS_HKD_LY":0.03,"ORG_TYPE":"一般企业","PREMIUM_INCOME":null,"PREMIUM_INCOME_YOY":null,"NET_INTEREST_INCOME":null,"NET_INTEREST_INCOME_YOY":null,"FEE_COMMISSION_INCOME":null,"FEE_COMMISSION_INCOME_YOY":null,"ACCOUNTS_RECE_TDAYS":5.052000628406,"INVENTORY_TDAYS":3.578355263158,"CURRENT_ASSETS_TDAYS":0.121155142503,"TOTAL_ASSETS_TDAYS":0.026225743345,"PREMIUM_EXPENSE":null,"LOAN_DEPOSIT":null,"LOAN_EQUITY":null,"LOAN_ASSETS":null,"DEPOSIT_EQUITY":null,"DEPOSIT_ASSETS":null,"EQUITY_MULTIPLIER":1.147576416587,"EQUITY_RATIO":0.158284591352}],"count":48},"success":true,"message":"ok","code":0}