{"version":"3386a5a9276118a98ef7ea2daab4a28c","result":{"pages":6,"data":[{"SECUCODE":"00641.HK","SECURITY_CODE":"00641","SECURITY_NAME_ABBR":"中国恒天立信国际","ORG_CODE":"10009021","STD_REPORT_DATE":"2024-06-30 00:00:00","REPORT_DATE":"2024-06-30 00:00:00","DATE_TYPE_CODE":"002","REPORT_TYPE":"2024年中报","PER_NETCASH_OPERATE":-0.026876453351,"PER_OI":0.751155352405,"BPS":0.940744719596,"BASIC_EPS":-0.037328612,"DILUTED_EPS":-0.037328612,"OPERATE_INCOME":826433565.36,"OPERATE_INCOME_YOY":6.7827850728,"GROSS_PROFIT":209507519.36,"GROSS_PROFIT_YOY":7.585913826006,"HOLDER_PROFIT":-41060560.52,"HOLDER_PROFIT_YOY":42.3653902817,"GROSS_PROFIT_RATIO":25.350799887797,"EPS_TTM":-0.168454705931,"OPERATE_INCOME_QOQ":2.82846597975,"NET_PROFIT_RATIO":-4.9746991172,"ROE_AVG":-3.881338319341,"GROSS_PROFIT_QOQ":3.329675361702,"ROA":-1.299991851393,"HOLDER_PROFIT_QOQ":14.293179302176,"ROE_YEARLY":-7.762676638681,"ROIC_YEARLY":-2.725419264399,"TOTAL_ASSETS":3169196420.76,"TOTAL_LIABILITIES":2201399675.56,"TAX_EBT":-9.417279992227,"OCF_SALES":-3.578015288757,"TOTAL_PARENT_EQUITY":1035022928.64,"DEBT_ASSET_RATIO":69.4623930893,"OPERATE_PROFIT":-3277433.88,"PRETAX_PROFIT":-37574122.92,"NETCASH_OPERATE":-29569919.32,"NETCASH_INVEST":-19477503.88,"NETCASH_FINANCE":103612909.68,"END_CASH":242598558.12,"DIVI_RATIO":null,"DIVIDEND_RATE":null,"CURRENT_RATIO":0.622657465368,"COMMON_ACS":2000000000,"CURRENTDEBT_DEBT":84.961092728617,"ISSUED_COMMON_SHARES":1100216570,"HK_COMMON_SHARES":1100216570,"PER_SHARES":2000,"TOTAL_MARKET_CAP":308060639.6,"HKSK_MARKET_CAP":308060639.6,"PE_TTM":-1.498692014225,"PB_TTM":0.271646914064,"REPORT_DATE_SQ":"2023-06-30 00:00:00","REPORT_TYPE_SQ":"2023年中报","OPERATE_INCOME_SQ":781825210.3,"DPS_HKD":null,"OPERATE_INCOME_QOQ_SQ":-13.987192372522,"NET_PROFIT_RATIO_SQ":-9.3722176689,"HOLDER_PROFIT_SQ":-71968836.82,"HOLDER_PROFIT_QOQ_SQ":-4.259240751247,"ROE_AVG_SQ":-5.540026422986,"PE_TTM_SQ":-1.15517758809,"PB_TTM_SQ":0.176555181228,"ROA_SQ":-2.053444970337,"START_DATE":"2024-01-01 00:00:00","FISCAL_YEAR":"12-31","CURRENCY":"HKD","IS_CNY_CODE":0,"DPS_HKD_LY":null,"ORG_TYPE":"一般企业","PREMIUM_INCOME":null,"PREMIUM_INCOME_YOY":null,"NET_INTEREST_INCOME":null,"NET_INTEREST_INCOME_YOY":null,"FEE_COMMISSION_INCOME":null,"FEE_COMMISSION_INCOME_YOY":null,"ACCOUNTS_RECE_TDAYS":2.755665382924,"INVENTORY_TDAYS":1.650814661588,"CURRENT_ASSETS_TDAYS":0.725507273084,"TOTAL_ASSETS_TDAYS":0.261651786308,"PREMIUM_EXPENSE":null,"LOAN_DEPOSIT":null,"LOAN_EQUITY":null,"LOAN_ASSETS":null,"DEPOSIT_EQUITY":null,"DEPOSIT_ASSETS":null,"EQUITY_MULTIPLIER":3.274650836014,"EQUITY_RATIO":2.126909090268},{"SECUCODE":"00641.HK","SECURITY_CODE":"00641","SECURITY_NAME_ABBR":"中国恒天立信国际","ORG_CODE":"10009021","STD_REPORT_DATE":"2023-12-31 00:00:00","REPORT_DATE":"2023-12-31 00:00:00","DATE_TYPE_CODE":"001","REPORT_TYPE":"2023年年报","PER_NETCASH_OPERATE":-0.01314254549,"PER_OI":1.433464915548,"BPS":0.975372745077,"BASIC_EPS":-0.196559118,"DILUTED_EPS":-0.196559118,"OPERATE_INCOME":1577121852.6,"OPERATE_INCOME_YOY":-30.0703824666,"GROSS_PROFIT":443659937.84,"GROSS_PROFIT_YOY":-22.81088975473,"HOLDER_PROFIT":-216244935.06,"HOLDER_PROFIT_YOY":-16.6170627648,"GROSS_PROFIT_RATIO":28.130986651957,"EPS_TTM":-0.19654760795,"OPERATE_INCOME_QOQ":-17.519948614284,"NET_PROFIT_RATIO":-13.7210184275,"ROE_AVG":-18.052261024454,"GROSS_PROFIT_QOQ":-11.178491039748,"ROA":-6.437596472019,"HOLDER_PROFIT_QOQ":-13.474541002206,"ROE_YEARLY":-18.052261024454,"ROIC_YEARLY":-6.860383379693,"TOTAL_ASSETS":3125571810.62,"TOTAL_LIABILITIES":2119149252.78,"TAX_EBT":3.900854783407,"OCF_SALES":-0.916837611258,"TOTAL_PARENT_EQUITY":1073121256.06,"DEBT_ASSET_RATIO":67.800370018,"OPERATE_PROFIT":-166982815.86,"PRETAX_PROFIT":-225181170.48,"NETCASH_OPERATE":-14459646.32,"NETCASH_INVEST":9430125.32,"NETCASH_FINANCE":-170820657.56,"END_CASH":187862124.66,"DIVI_RATIO":null,"DIVIDEND_RATE":null,"CURRENT_RATIO":0.564286847305,"COMMON_ACS":2000000000,"CURRENTDEBT_DEBT":92.469966204095,"ISSUED_COMMON_SHARES":1100216570,"HK_COMMON_SHARES":1100216570,"PER_SHARES":2000,"TOTAL_MARKET_CAP":291557391.05,"HKSK_MARKET_CAP":291557391.05,"PE_TTM":-1.418404942034,"PB_TTM":0.25709440081,"REPORT_DATE_SQ":"2022-12-31 00:00:00","REPORT_TYPE_SQ":"2022年年报","OPERATE_INCOME_SQ":2223070329.76,"DPS_HKD":null,"OPERATE_INCOME_QOQ_SQ":-1.765160122689,"NET_PROFIT_RATIO_SQ":-9.9542811313,"HOLDER_PROFIT_SQ":-182781800.67,"HOLDER_PROFIT_QOQ_SQ":-294.32734585103,"ROE_AVG_SQ":-12.331926195633,"PE_TTM_SQ":-1.26645616309,"PB_TTM_SQ":0.193562790429,"ROA_SQ":-4.837274109363,"START_DATE":"2023-01-01 00:00:00","FISCAL_YEAR":"12-31","CURRENCY":"HKD","IS_CNY_CODE":0,"DPS_HKD_LY":null,"ORG_TYPE":"一般企业","PREMIUM_INCOME":null,"PREMIUM_INCOME_YOY":null,"NET_INTEREST_INCOME":null,"NET_INTEREST_INCOME_YOY":null,"FEE_COMMISSION_INCOME":null,"FEE_COMMISSION_INCOME_YOY":null,"ACCOUNTS_RECE_TDAYS":5.183464310127,"INVENTORY_TDAYS":2.743368635541,"CURRENT_ASSETS_TDAYS":1.410970076891,"TOTAL_ASSETS_TDAYS":0.469508063688,"PREMIUM_EXPENSE":null,"LOAN_DEPOSIT":null,"LOAN_EQUITY":null,"LOAN_ASSETS":null,"DEPOSIT_EQUITY":null,"DEPOSIT_ASSETS":null,"EQUITY_MULTIPLIER":3.10562574961,"EQUITY_RATIO":1.97475284439},{"SECUCODE":"00641.HK","SECURITY_CODE":"00641","SECURITY_NAME_ABBR":"中国恒天立信国际","ORG_CODE":"10009021","STD_REPORT_DATE":"2023-06-30 00:00:00","REPORT_DATE":"2023-06-30 00:00:00","DATE_TYPE_CODE":"002","REPORT_TYPE":"2023年中报","PER_NETCASH_OPERATE":-0.092401921105,"PER_OI":0.710610284937,"BPS":1.138406919594,"BASIC_EPS":-0.065368382,"DILUTED_EPS":-0.065368382,"OPERATE_INCOME":781825210.3,"OPERATE_INCOME_YOY":-33.6376300076,"GROSS_PROFIT":194735083.72,"GROSS_PROFIT_YOY":-27.87833602315,"HOLDER_PROFIT":-71968836.82,"HOLDER_PROFIT_YOY":-4.0065554549,"GROSS_PROFIT_RATIO":24.907751905989,"EPS_TTM":-0.173208550758,"OPERATE_INCOME_QOQ":-13.987192372522,"NET_PROFIT_RATIO":-9.3722176689,"ROE_AVG":-5.540026422986,"GROSS_PROFIT_QOQ":-13.0963759242,"ROA":-2.053444970337,"HOLDER_PROFIT_QOQ":-4.259240751247,"ROE_YEARLY":-11.080052845971,"ROIC_YEARLY":-4.390996653974,"TOTAL_ASSETS":3354474869.24,"TOTAL_LIABILITIES":2170128864.6,"TAX_EBT":-2.583193059692,"OCF_SALES":-13.003178122255,"TOTAL_PARENT_EQUITY":1252494156.34,"DEBT_ASSET_RATIO":64.6935496372,"OPERATE_PROFIT":-40015775.96,"PRETAX_PROFIT":-71204515.4,"NETCASH_OPERATE":-101662124.7,"NETCASH_INVEST":28326913.52,"NETCASH_FINANCE":-73781449.5,"END_CASH":220318184.76,"DIVI_RATIO":null,"DIVIDEND_RATE":null,"CURRENT_RATIO":0.473078085919,"COMMON_ACS":2000000000,"CURRENTDEBT_DEBT":95.835446963807,"ISSUED_COMMON_SHARES":1100216570,"HK_COMMON_SHARES":1100216570,"PER_SHARES":2000,"TOTAL_MARKET_CAP":291557391.05,"HKSK_MARKET_CAP":291557391.05,"PE_TTM":-1.418404942034,"PB_TTM":0.25709440081,"REPORT_DATE_SQ":"2022-06-30 00:00:00","REPORT_TYPE_SQ":"2022年中报","OPERATE_INCOME_SQ":1092770333.9,"DPS_HKD":null,"OPERATE_INCOME_QOQ_SQ":3.5701074556,"NET_PROFIT_RATIO_SQ":-5.8709823839,"HOLDER_PROFIT_SQ":-64183719.88,"HOLDER_PROFIT_QOQ_SQ":49.396087643177,"ROE_AVG_SQ":-4.22887015827,"PE_TTM_SQ":-1.26645616309,"PB_TTM_SQ":0.193562790429,"ROA_SQ":-1.652113377524,"START_DATE":"2023-01-01 00:00:00","FISCAL_YEAR":"12-31","CURRENCY":"HKD","IS_CNY_CODE":0,"DPS_HKD_LY":null,"ORG_TYPE":"一般企业","PREMIUM_INCOME":null,"PREMIUM_INCOME_YOY":null,"NET_INTEREST_INCOME":null,"NET_INTEREST_INCOME_YOY":null,"FEE_COMMISSION_INCOME":null,"FEE_COMMISSION_INCOME_YOY":null,"ACCOUNTS_RECE_TDAYS":2.507314361577,"INVENTORY_TDAYS":1.279658768915,"CURRENT_ASSETS_TDAYS":0.7329781611,"TOTAL_ASSETS_TDAYS":0.223073640858,"PREMIUM_EXPENSE":null,"LOAN_DEPOSIT":null,"LOAN_EQUITY":null,"LOAN_ASSETS":null,"DEPOSIT_EQUITY":null,"DEPOSIT_ASSETS":null,"EQUITY_MULTIPLIER":2.832343636147,"EQUITY_RATIO":1.732645899875},{"SECUCODE":"00641.HK","SECURITY_CODE":"00641","SECURITY_NAME_ABBR":"中国恒天立信国际","ORG_CODE":"10009021","STD_REPORT_DATE":"2022-12-31 00:00:00","REPORT_DATE":"2022-12-31 00:00:00","DATE_TYPE_CODE":"001","REPORT_TYPE":"2022年年报","PER_NETCASH_OPERATE":-0.13913919964,"PER_OI":2.020575212533,"BPS":1.184988191788,"BASIC_EPS":-0.16614822,"DILUTED_EPS":-0.16614822,"OPERATE_INCOME":2223070329.76,"OPERATE_INCOME_YOY":-6.8767546989,"GROSS_PROFIT":574770115.15,"GROSS_PROFIT_YOY":9.871563165739,"HOLDER_PROFIT":-182781800.67,"HOLDER_PROFIT_YOY":-365.7243036166,"GROSS_PROFIT_RATIO":25.854787743582,"EPS_TTM":-0.166132564855,"OPERATE_INCOME_QOQ":-1.765160122689,"NET_PROFIT_RATIO":-9.9542811313,"ROE_AVG":-12.331926195633,"GROSS_PROFIT_QOQ":6.658573564972,"ROA":-4.837274109363,"HOLDER_PROFIT_QOQ":-294.32734585103,"ROE_YEARLY":-12.331926195633,"ROIC_YEARLY":-5.194839154862,"TOTAL_ASSETS":3541277801.46,"TOTAL_LIABILITIES":2304052401.42,"TAX_EBT":-5.393834535191,"OCF_SALES":-6.886118308121,"TOTAL_PARENT_EQUITY":1303743643.86,"DEBT_ASSET_RATIO":65.0627409256,"OPERATE_PROFIT":-79335775.05,"PRETAX_PROFIT":-141463596.82,"NETCASH_OPERATE":-153083252.98,"NETCASH_INVEST":-50848501.48,"NETCASH_FINANCE":313744115.37,"END_CASH":358517487.58,"DIVI_RATIO":null,"DIVIDEND_RATE":null,"CURRENT_RATIO":0.503719725211,"COMMON_ACS":2000000000,"CURRENTDEBT_DEBT":95.951221743806,"ISSUED_COMMON_SHARES":1100216570,"HK_COMMON_SHARES":1100216570,"PER_SHARES":2000,"TOTAL_MARKET_CAP":291557391.05,"HKSK_MARKET_CAP":291557391.05,"PE_TTM":-1.418404942034,"PB_TTM":0.25709440081,"REPORT_DATE_SQ":"2021-12-31 00:00:00","REPORT_TYPE_SQ":"2021年年报","OPERATE_INCOME_SQ":2185009019.2,"DPS_HKD":null,"OPERATE_INCOME_QOQ_SQ":10.635769353275,"NET_PROFIT_RATIO_SQ":2.6581432063,"HOLDER_PROFIT_SQ":62959288,"HOLDER_PROFIT_QOQ_SQ":295.879077002622,"ROE_AVG_SQ":4.238682901052,"PE_TTM_SQ":-1.26645616309,"PB_TTM_SQ":0.193562790429,"ROA_SQ":1.692144607881,"START_DATE":"2022-01-01 00:00:00","FISCAL_YEAR":"12-31","CURRENCY":"HKD","IS_CNY_CODE":0,"DPS_HKD_LY":0.01,"ORG_TYPE":"一般企业","PREMIUM_INCOME":null,"PREMIUM_INCOME_YOY":null,"NET_INTEREST_INCOME":null,"NET_INTEREST_INCOME_YOY":null,"FEE_COMMISSION_INCOME":null,"FEE_COMMISSION_INCOME_YOY":null,"ACCOUNTS_RECE_TDAYS":6.548179488394,"INVENTORY_TDAYS":3.292407583852,"CURRENT_ASSETS_TDAYS":1.866730674028,"TOTAL_ASSETS_TDAYS":0.588329938212,"PREMIUM_EXPENSE":null,"LOAN_DEPOSIT":null,"LOAN_EQUITY":null,"LOAN_ASSETS":null,"DEPOSIT_EQUITY":null,"DEPOSIT_ASSETS":null,"EQUITY_MULTIPLIER":2.862273763006,"EQUITY_RATIO":1.767258779953},{"SECUCODE":"00641.HK","SECURITY_CODE":"00641","SECURITY_NAME_ABBR":"中国恒天立信国际","ORG_CODE":"10009021","STD_REPORT_DATE":"2022-06-30 00:00:00","REPORT_DATE":"2022-06-30 00:00:00","DATE_TYPE_CODE":"002","REPORT_TYPE":"2022年中报","PER_NETCASH_OPERATE":-0.204386709909,"PER_OI":0.993232026945,"BPS":1.313987185023,"BASIC_EPS":-0.058323958,"DILUTED_EPS":-0.058323958,"OPERATE_INCOME":1092770333.9,"OPERATE_INCOME_YOY":4.7771719077,"GROSS_PROFIT":270009138.7,"GROSS_PROFIT_YOY":6.198132267144,"HOLDER_PROFIT":-64183719.88,"HOLDER_PROFIT_YOY":34.4592706441,"GROSS_PROFIT_RATIO":24.708681259342,"EPS_TTM":0.085491089341,"OPERATE_INCOME_QOQ":3.5701074556,"NET_PROFIT_RATIO":-5.8709823839,"ROE_AVG":-4.22887015827,"GROSS_PROFIT_QOQ":3.012406310507,"ROA":-1.652113377524,"HOLDER_PROFIT_QOQ":49.396087643177,"ROE_YEARLY":-8.45774031654,"ROIC_YEARLY":-3.552403837677,"TOTAL_ASSETS":3925146786.05,"TOTAL_LIABILITIES":2506534523.92,"TAX_EBT":-2.967416069615,"OCF_SALES":-20.577941947551,"TOTAL_PARENT_EQUITY":1445670473.73,"DEBT_ASSET_RATIO":63.8583640446,"OPERATE_PROFIT":-36372941.08,"PRETAX_PROFIT":-62307433.02,"NETCASH_OPERATE":-224869644.93,"NETCASH_INVEST":-21716694.86,"NETCASH_FINANCE":356078025.87,"END_CASH":351433488.98,"DIVI_RATIO":null,"DIVIDEND_RATE":null,"CURRENT_RATIO":0.587832092725,"COMMON_ACS":2000000000,"CURRENTDEBT_DEBT":96.062256565067,"ISSUED_COMMON_SHARES":1100216570,"HK_COMMON_SHARES":1100216570,"PER_SHARES":2000,"TOTAL_MARKET_CAP":291557391.05,"HKSK_MARKET_CAP":291557391.05,"PE_TTM":-1.418404942034,"PB_TTM":0.25709440081,"REPORT_DATE_SQ":"2021-06-30 00:00:00","REPORT_TYPE_SQ":"2021年中报","OPERATE_INCOME_SQ":1014763164,"DPS_HKD":null,"OPERATE_INCOME_QOQ_SQ":3.123787651157,"NET_PROFIT_RATIO_SQ":-9.9144766512,"HOLDER_PROFIT_SQ":-95283144.96,"HOLDER_PROFIT_QOQ_SQ":-707.244788999699,"ROE_AVG_SQ":-6.606826819752,"PE_TTM_SQ":-1.26645616309,"PB_TTM_SQ":0.193562790429,"ROA_SQ":-2.433339332816,"START_DATE":"2022-01-01 00:00:00","FISCAL_YEAR":"12-31","CURRENCY":"HKD","IS_CNY_CODE":0,"DPS_HKD_LY":0.01,"ORG_TYPE":"一般企业","PREMIUM_INCOME":null,"PREMIUM_INCOME_YOY":null,"NET_INTEREST_INCOME":null,"NET_INTEREST_INCOME_YOY":null,"FEE_COMMISSION_INCOME":null,"FEE_COMMISSION_INCOME_YOY":null,"ACCOUNTS_RECE_TDAYS":2.651963170003,"INVENTORY_TDAYS":1.568180002967,"CURRENT_ASSETS_TDAYS":0.831158102882,"TOTAL_ASSETS_TDAYS":0.281283242943,"PREMIUM_EXPENSE":null,"LOAN_DEPOSIT":null,"LOAN_EQUITY":null,"LOAN_ASSETS":null,"DEPOSIT_EQUITY":null,"DEPOSIT_ASSETS":null,"EQUITY_MULTIPLIER":2.76689190615,"EQUITY_RATIO":1.733821482466},{"SECUCODE":"00641.HK","SECURITY_CODE":"00641","SECURITY_NAME_ABBR":"中国恒天立信国际","ORG_CODE":"10009021","STD_REPORT_DATE":"2021-12-31 00:00:00","REPORT_DATE":"2021-12-31 00:00:00","DATE_TYPE_CODE":"001","REPORT_TYPE":"2021年年报","PER_NETCASH_OPERATE":0.196279751722,"PER_OI":1.985980832119,"BPS":1.381500995209,"BASIC_EPS":0.057232,"DILUTED_EPS":0.057232,"OPERATE_INCOME":2185009019.2,"OPERATE_INCOME_YOY":17.4464518868,"GROSS_PROFIT":523129096,"GROSS_PROFIT_YOY":-8.384325710206,"HOLDER_PROFIT":62959288,"HOLDER_PROFIT_YOY":1124.4394975354,"GROSS_PROFIT_RATIO":23.941736230981,"EPS_TTM":0.05722444991,"OPERATE_INCOME_QOQ":10.635769353275,"NET_PROFIT_RATIO":2.6581432063,"ROE_AVG":4.238682901052,"GROSS_PROFIT_QOQ":-6.672154221939,"ROA":1.692144607881,"HOLDER_PROFIT_QOQ":295.879077002622,"ROE_YEARLY":4.238682901052,"ROIC_YEARLY":1.805496418315,"TOTAL_ASSETS":3675749728,"TOTAL_LIABILITIES":2182834203.2,"TAX_EBT":54.772285976723,"OCF_SALES":9.883265162863,"TOTAL_PARENT_EQUITY":1519950286.4,"DEBT_ASSET_RATIO":59.3847341284,"OPERATE_PROFIT":192279080,"PRETAX_PROFIT":140638646.4,"NETCASH_OPERATE":215950235.2,"NETCASH_INVEST":285599126.4,"NETCASH_FINANCE":-547774830.4,"END_CASH":235911121.6,"DIVI_RATIO":null,"DIVIDEND_RATE":null,"CURRENT_RATIO":0.558325844796,"COMMON_ACS":2000000000,"CURRENTDEBT_DEBT":95.241903253681,"ISSUED_COMMON_SHARES":1100216570,"HK_COMMON_SHARES":1100216570,"PER_SHARES":2000,"TOTAL_MARKET_CAP":291557391.05,"HKSK_MARKET_CAP":291557391.05,"PE_TTM":-1.418404942034,"PB_TTM":0.25709440081,"REPORT_DATE_SQ":"2020-12-31 00:00:00","REPORT_TYPE_SQ":"2020年年报","OPERATE_INCOME_SQ":1915132462.28,"DPS_HKD":null,"OPERATE_INCOME_QOQ_SQ":-13.22209684068,"NET_PROFIT_RATIO_SQ":-0.5115410967,"HOLDER_PROFIT_SQ":5293073.96,"HOLDER_PROFIT_QOQ_SQ":-96.692293574734,"ROE_AVG_SQ":0.362781470745,"PE_TTM_SQ":-1.26645616309,"PB_TTM_SQ":0.193562790429,"ROA_SQ":0.13542624922,"START_DATE":"2021-01-01 00:00:00","FISCAL_YEAR":"12-31","CURRENCY":"HKD","IS_CNY_CODE":0,"DPS_HKD_LY":null,"ORG_TYPE":"一般企业","PREMIUM_INCOME":null,"PREMIUM_INCOME_YOY":null,"NET_INTEREST_INCOME":null,"NET_INTEREST_INCOME_YOY":null,"FEE_COMMISSION_INCOME":null,"FEE_COMMISSION_INCOME_YOY":null,"ACCOUNTS_RECE_TDAYS":6.150020941396,"INVENTORY_TDAYS":3.304461342752,"CURRENT_ASSETS_TDAYS":1.812347033648,"TOTAL_ASSETS_TDAYS":0.587260648502,"PREMIUM_EXPENSE":null,"LOAN_DEPOSIT":null,"LOAN_EQUITY":null,"LOAN_ASSETS":null,"DEPOSIT_EQUITY":null,"DEPOSIT_ASSETS":null,"EQUITY_MULTIPLIER":2.462128410439,"EQUITY_RATIO":1.436122103947},{"SECUCODE":"00641.HK","SECURITY_CODE":"00641","SECURITY_NAME_ABBR":"中国恒天立信国际","ORG_CODE":"10009021","STD_REPORT_DATE":"2021-06-30 00:00:00","REPORT_DATE":"2021-06-30 00:00:00","DATE_TYPE_CODE":"002","REPORT_TYPE":"2021年中报","PER_NETCASH_OPERATE":0.018589545875,"PER_OI":0.922330377191,"BPS":1.279694355012,"BASIC_EPS":-0.08653632,"DILUTED_EPS":-0.08653632,"OPERATE_INCOME":1014763164,"OPERATE_INCOME_YOY":16.6552359744,"GROSS_PROFIT":254250364.8,"GROSS_PROFIT_YOY":-3.957115468241,"HOLDER_PROFIT":-95283144.96,"HOLDER_PROFIT_YOY":-80.8179377862,"GROSS_PROFIT_RATIO":25.055143290558,"EPS_TTM":-0.029214171715,"OPERATE_INCOME_QOQ":3.123787651157,"NET_PROFIT_RATIO":-9.9144766512,"ROE_AVG":-6.606826819752,"GROSS_PROFIT_QOQ":-1.834577316119,"ROA":-2.433339332816,"HOLDER_PROFIT_QOQ":-707.244788999699,"ROE_YEARLY":-13.213653639504,"ROIC_YEARLY":-5.175984817196,"TOTAL_ASSETS":3999171186.72,"TOTAL_LIABILITIES":2618377694.88,"TAX_EBT":-11.019154174089,"OCF_SALES":2.015497519577,"TOTAL_PARENT_EQUITY":1407940933.92,"DEBT_ASSET_RATIO":65.4730085968,"OPERATE_PROFIT":-59300677.44,"PRETAX_PROFIT":-83146426.08,"NETCASH_OPERATE":20452526.4,"NETCASH_INVEST":-32331300.48,"NETCASH_FINANCE":-42047498.64,"END_CASH":232265979.12,"DIVI_RATIO":null,"DIVIDEND_RATE":null,"CURRENT_RATIO":0.551602537655,"COMMON_ACS":2000000000,"CURRENTDEBT_DEBT":93.585105564853,"ISSUED_COMMON_SHARES":1100216570,"HK_COMMON_SHARES":1100216570,"PER_SHARES":2000,"TOTAL_MARKET_CAP":291557391.05,"HKSK_MARKET_CAP":291557391.05,"PE_TTM":-1.418404942034,"PB_TTM":0.25709440081,"REPORT_DATE_SQ":"2020-06-30 00:00:00","REPORT_TYPE_SQ":"2020年中报","OPERATE_INCOME_SQ":954938492.64,"DPS_HKD":null,"OPERATE_INCOME_QOQ_SQ":-7.492935294463,"NET_PROFIT_RATIO_SQ":-6.1934264433,"HOLDER_PROFIT_SQ":-57848155.2,"HOLDER_PROFIT_QOQ_SQ":5.807045930676,"ROE_AVG_SQ":-3.872856796029,"PE_TTM_SQ":-1.26645616309,"PB_TTM_SQ":0.193562790429,"ROA_SQ":-1.372926424216,"START_DATE":"2021-01-01 00:00:00","FISCAL_YEAR":"12-31","CURRENCY":"HKD","IS_CNY_CODE":0,"DPS_HKD_LY":null,"ORG_TYPE":"一般企业","PREMIUM_INCOME":null,"PREMIUM_INCOME_YOY":null,"NET_INTEREST_INCOME":null,"NET_INTEREST_INCOME_YOY":null,"FEE_COMMISSION_INCOME":null,"FEE_COMMISSION_INCOME_YOY":null,"ACCOUNTS_RECE_TDAYS":2.341319474775,"INVENTORY_TDAYS":1.434879089705,"CURRENT_ASSETS_TDAYS":0.77335800537,"TOTAL_ASSETS_TDAYS":0.259150043955,"PREMIUM_EXPENSE":null,"LOAN_DEPOSIT":null,"LOAN_EQUITY":null,"LOAN_ASSETS":null,"DEPOSIT_EQUITY":null,"DEPOSIT_ASSETS":null,"EQUITY_MULTIPLIER":2.896284788681,"EQUITY_RATIO":1.859721265146},{"SECUCODE":"00641.HK","SECURITY_CODE":"00641","SECURITY_NAME_ABBR":"中国恒天立信国际","ORG_CODE":"10009021","STD_REPORT_DATE":"2020-12-31 00:00:00","REPORT_DATE":"2020-12-31 00:00:00","DATE_TYPE_CODE":"001","REPORT_TYPE":"2020年年报","PER_NETCASH_OPERATE":0.426354388137,"PER_OI":1.740686801581,"BPS":1.357375355327,"BASIC_EPS":0.004797348,"DILUTED_EPS":0.004797348,"OPERATE_INCOME":1915132462.28,"OPERATE_INCOME_YOY":-14.5594689754,"GROSS_PROFIT":571003924.88,"GROSS_PROFIT_YOY":-18.412571979721,"HOLDER_PROFIT":5293073.96,"HOLDER_PROFIT_YOY":-96.275083513,"GROSS_PROFIT_RATIO":29.815374974126,"EPS_TTM":0.004810938232,"OPERATE_INCOME_QOQ":-13.22209684068,"NET_PROFIT_RATIO":-0.5115410967,"ROE_AVG":0.362781470745,"GROSS_PROFIT_QOQ":-9.161600212228,"ROA":0.13542624922,"HOLDER_PROFIT_QOQ":-96.692293574734,"ROE_YEARLY":0.362781470745,"ROIC_YEARLY":0.145490449601,"TOTAL_ASSETS":3876331248.32,"TOTAL_LIABILITIES":2404997241.32,"TAX_EBT":59.799596672549,"OCF_SALES":24.49345785521,"TOTAL_PARENT_EQUITY":1493406857.64,"DEBT_ASSET_RATIO":62.0431301469,"OPERATE_PROFIT":81624772.12,"PRETAX_PROFIT":40065430.56,"NETCASH_OPERATE":469082162.52,"NETCASH_INVEST":-89455390.68,"NETCASH_FINANCE":-378421543.36,"END_CASH":288010049.64,"DIVI_RATIO":null,"DIVIDEND_RATE":null,"CURRENT_RATIO":0.576330333515,"COMMON_ACS":2000000000,"CURRENTDEBT_DEBT":92.871913443613,"ISSUED_COMMON_SHARES":1100216570,"HK_COMMON_SHARES":1100216570,"PER_SHARES":2000,"TOTAL_MARKET_CAP":291557391.05,"HKSK_MARKET_CAP":291557391.05,"PE_TTM":-1.418404942034,"PB_TTM":0.25709440081,"REPORT_DATE_SQ":"2019-12-31 00:00:00","REPORT_TYPE_SQ":"2019年年报","OPERATE_INCOME_SQ":2385667273.62,"DPS_HKD":null,"OPERATE_INCOME_QOQ_SQ":-11.278713618457,"NET_PROFIT_RATIO_SQ":5.9650976492,"HOLDER_PROFIT_SQ":151239912.08,"HOLDER_PROFIT_QOQ_SQ":950.840719444057,"ROE_AVG_SQ":10.384740884305,"PE_TTM_SQ":-1.26645616309,"PB_TTM_SQ":0.193562790429,"ROA_SQ":3.569340532646,"START_DATE":"2020-01-01 00:00:00","FISCAL_YEAR":"12-31","CURRENCY":"HKD","IS_CNY_CODE":0,"DPS_HKD_LY":0.02,"ORG_TYPE":"一般企业","PREMIUM_INCOME":null,"PREMIUM_INCOME_YOY":null,"NET_INTEREST_INCOME":null,"NET_INTEREST_INCOME_YOY":null,"FEE_COMMISSION_INCOME":null,"FEE_COMMISSION_INCOME_YOY":null,"ACCOUNTS_RECE_TDAYS":4.760207982712,"INVENTORY_TDAYS":2.32735574026,"CURRENT_ASSETS_TDAYS":1.448049313721,"TOTAL_ASSETS_TDAYS":0.489997321192,"PREMIUM_EXPENSE":null,"LOAN_DEPOSIT":null,"LOAN_EQUITY":null,"LOAN_ASSETS":null,"DEPOSIT_EQUITY":null,"DEPOSIT_ASSETS":null,"EQUITY_MULTIPLIER":2.634569193588,"EQUITY_RATIO":1.610409935522},{"SECUCODE":"00641.HK","SECURITY_CODE":"00641","SECURITY_NAME_ABBR":"中国恒天立信国际","ORG_CODE":"10009021","STD_REPORT_DATE":"2020-06-30 00:00:00","REPORT_DATE":"2020-06-30 00:00:00","DATE_TYPE_CODE":"002","REPORT_TYPE":"2020年中报","PER_NETCASH_OPERATE":0.064536777082,"PER_OI":0.867955017838,"BPS":1.30990902433,"BASIC_EPS":-0.052614144,"DILUTED_EPS":-0.052614144,"OPERATE_INCOME":954938492.64,"OPERATE_INCOME_YOY":-18.8827504869,"GROSS_PROFIT":264725873.28,"GROSS_PROFIT_YOY":-20.958473094669,"HOLDER_PROFIT":-57848155.2,"HOLDER_PROFIT_YOY":16.3916246402,"GROSS_PROFIT_RATIO":27.721772168608,"EPS_TTM":0.145446349022,"OPERATE_INCOME_QOQ":-7.492935294463,"NET_PROFIT_RATIO":-6.1934264433,"ROE_AVG":-3.872856796029,"GROSS_PROFIT_QOQ":-10.045134330319,"ROA":-1.372926424216,"HOLDER_PROFIT_QOQ":5.807045930676,"ROE_YEARLY":-7.745713592058,"ROIC_YEARLY":-2.947264420415,"TOTAL_ASSETS":4150237476,"TOTAL_LIABILITIES":2715190352.16,"TAX_EBT":-23.182791512556,"OCF_SALES":7.435497895127,"TOTAL_PARENT_EQUITY":1441183613.76,"DEBT_ASSET_RATIO":65.4225298639,"OPERATE_PROFIT":-58561551.84,"PRETAX_PROFIT":-46923412.8,"NETCASH_OPERATE":115248724.8,"NETCASH_INVEST":-44442509.76,"NETCASH_FINANCE":-83921386.56,"END_CASH":283767443.52,"DIVI_RATIO":null,"DIVIDEND_RATE":null,"CURRENT_RATIO":0.523689945303,"COMMON_ACS":2000000000,"CURRENTDEBT_DEBT":93.243070033228,"ISSUED_COMMON_SHARES":1100216570,"HK_COMMON_SHARES":1100216570,"PER_SHARES":2000,"TOTAL_MARKET_CAP":291557391.05,"HKSK_MARKET_CAP":291557391.05,"PE_TTM":-1.418404942034,"PB_TTM":0.25709440081,"REPORT_DATE_SQ":"2019-06-30 00:00:00","REPORT_TYPE_SQ":"2019年中报","OPERATE_INCOME_SQ":1133697011.4,"DPS_HKD":null,"OPERATE_INCOME_QOQ_SQ":-11.622480717048,"NET_PROFIT_RATIO_SQ":-6.0700346837,"HOLDER_PROFIT_SQ":-66630726.36,"HOLDER_PROFIT_QOQ_SQ":-114.386111764946,"ROE_AVG_SQ":-5.011963178818,"PE_TTM_SQ":-1.26645616309,"PB_TTM_SQ":0.193562790429,"ROA_SQ":-1.561223387722,"START_DATE":"2020-01-01 00:00:00","FISCAL_YEAR":"12-31","CURRENCY":"HKD","IS_CNY_CODE":0,"DPS_HKD_LY":0.02,"ORG_TYPE":"一般企业","PREMIUM_INCOME":null,"PREMIUM_INCOME_YOY":null,"NET_INTEREST_INCOME":null,"NET_INTEREST_INCOME_YOY":null,"FEE_COMMISSION_INCOME":null,"FEE_COMMISSION_INCOME_YOY":null,"ACCOUNTS_RECE_TDAYS":2.186885976335,"INVENTORY_TDAYS":1.046351398227,"CURRENT_ASSETS_TDAYS":0.682214527724,"TOTAL_ASSETS_TDAYS":0.226638219579,"PREMIUM_EXPENSE":null,"LOAN_DEPOSIT":null,"LOAN_EQUITY":null,"LOAN_ASSETS":null,"DEPOSIT_EQUITY":null,"DEPOSIT_ASSETS":null,"EQUITY_MULTIPLIER":2.892056579223,"EQUITY_RATIO":1.884000294089}],"count":48},"success":true,"message":"ok","code":0}