{"version":"d984146c25d26ee04ce9824b9d5c899e","result":{"pages":6,"data":[{"SECUCODE":"00643.HK","SECURITY_CODE":"00643","SECURITY_NAME_ABBR":"恒富控股","ORG_CODE":"10009022","STD_REPORT_DATE":"2024-06-30 00:00:00","REPORT_DATE":"2024-06-30 00:00:00","DATE_TYPE_CODE":"002","REPORT_TYPE":"2024年中报","PER_NETCASH_OPERATE":0.01631746223,"PER_OI":0.284840533646,"BPS":0.167634336459,"BASIC_EPS":-0.01232118,"DILUTED_EPS":-0.01232118,"OPERATE_INCOME":256312487.8,"OPERATE_INCOME_YOY":23.5971621967,"GROSS_PROFIT":29331709.84,"GROSS_PROFIT_YOY":2.147453592403,"HOLDER_PROFIT":-11105490.24,"HOLDER_PROFIT_YOY":-169.3227091633,"GROSS_PROFIT_RATIO":11.443730304271,"EPS_TTM":-0.016692584937,"OPERATE_INCOME_QOQ":10.478928617691,"NET_PROFIT_RATIO":-4.3327932772,"ROE_AVG":-7.092541698118,"GROSS_PROFIT_QOQ":1.080929443078,"ROA":-4.23278950847,"HOLDER_PROFIT_QOQ":-85.882780678847,"ROE_YEARLY":-14.185083396236,"ROIC_YEARLY":-15.149402390438,"TOTAL_ASSETS":269827453.24,"TOTAL_LIABILITIES":118982440.88,"TAX_EBT":null,"OCF_SALES":5.728630690619,"TOTAL_PARENT_EQUITY":150845012.36,"DEBT_ASSET_RATIO":44.0957506181,"OPERATE_PROFIT":-6919027.08,"PRETAX_PROFIT":-11105490.24,"NETCASH_OPERATE":14683195.84,"NETCASH_INVEST":-1434732.96,"NETCASH_FINANCE":-752048.32,"END_CASH":121850994.12,"DIVI_RATIO":null,"DIVIDEND_RATE":null,"CURRENT_RATIO":2.111101130862,"COMMON_ACS":2000000000,"CURRENTDEBT_DEBT":85.398800300692,"ISSUED_COMMON_SHARES":899845554,"HK_COMMON_SHARES":899845554,"PER_SHARES":10000,"TOTAL_MARKET_CAP":256455982.89,"HKSK_MARKET_CAP":256455982.89,"PE_TTM":-15.479928948512,"PB_TTM":1.551673753093,"REPORT_DATE_SQ":"2023-06-30 00:00:00","REPORT_TYPE_SQ":"2023年中报","OPERATE_INCOME_SQ":209490451.64,"DPS_HKD":null,"OPERATE_INCOME_QOQ_SQ":-0.21685870174,"NET_PROFIT_RATIO_SQ":-1.9883988064,"HOLDER_PROFIT_SQ":-4165505.64,"HOLDER_PROFIT_QOQ_SQ":-109.9105336866,"ROE_AVG_SQ":-2.817296629907,"PE_TTM_SQ":-13.588083368776,"PB_TTM_SQ":1.181489127501,"ROA_SQ":-1.614113309468,"START_DATE":"2024-01-01 00:00:00","FISCAL_YEAR":"12-31","CURRENCY":"HKD","IS_CNY_CODE":0,"DPS_HKD_LY":null,"ORG_TYPE":"一般企业","PREMIUM_INCOME":null,"PREMIUM_INCOME_YOY":null,"NET_INTEREST_INCOME":null,"NET_INTEREST_INCOME_YOY":null,"FEE_COMMISSION_INCOME":null,"FEE_COMMISSION_INCOME_YOY":null,"ACCOUNTS_RECE_TDAYS":8.694447454374,"INVENTORY_TDAYS":3.745577770247,"CURRENT_ASSETS_TDAYS":1.245233407825,"TOTAL_ASSETS_TDAYS":0.976919330713,"PREMIUM_EXPENSE":null,"LOAN_DEPOSIT":null,"LOAN_EQUITY":null,"LOAN_ASSETS":null,"DEPOSIT_EQUITY":null,"DEPOSIT_ASSETS":null,"EQUITY_MULTIPLIER":1.788772787501,"EQUITY_RATIO":0.788772787502},{"SECUCODE":"00643.HK","SECURITY_CODE":"00643","SECURITY_NAME_ABBR":"恒富控股","ORG_CODE":"10009022","STD_REPORT_DATE":"2023-12-31 00:00:00","REPORT_DATE":"2023-12-31 00:00:00","DATE_TYPE_CODE":"001","REPORT_TYPE":"2023年年报","PER_NETCASH_OPERATE":-0.020922168717,"PER_OI":0.496552804216,"BPS":0.179103835057,"BASIC_EPS":-0.009152822,"DILUTED_EPS":-0.009152822,"OPERATE_INCOME":446820833.2,"OPERATE_INCOME_YOY":-1.1951328994,"GROSS_PROFIT":57047455.22,"GROSS_PROFIT_YOY":-20.39238209886,"HOLDER_PROFIT":-8080763.74,"HOLDER_PROFIT_YOY":-16.9442622951,"GROSS_PROFIT_RATIO":12.767411674036,"EPS_TTM":-0.008980167434,"OPERATE_INCOME_QOQ":0.455116210498,"NET_PROFIT_RATIO":-1.8085020079,"ROE_AVG":-5.674828568247,"GROSS_PROFIT_QOQ":-19.630276134557,"ROA":-3.339556535954,"HOLDER_PROFIT_QOQ":43.480855462525,"ROE_YEARLY":-5.674828568247,"ROIC_YEARLY":-5.604897764201,"TOTAL_ASSETS":253104527.34,"TOTAL_LIABILITIES":91938737.66,"TAX_EBT":null,"OCF_SALES":-4.213483146067,"TOTAL_PARENT_EQUITY":161165789.68,"DEBT_ASSET_RATIO":36.3244145122,"OPERATE_PROFIT":-1036715.68,"PRETAX_PROFIT":-8080763.74,"NETCASH_OPERATE":-18826720.5,"NETCASH_INVEST":-1669257.24,"NETCASH_FINANCE":43082605.02,"END_CASH":108883239.22,"DIVI_RATIO":null,"DIVIDEND_RATE":null,"CURRENT_RATIO":2.588210627209,"COMMON_ACS":2000000000,"CURRENTDEBT_DEBT":82.269622386721,"ISSUED_COMMON_SHARES":899845554,"HK_COMMON_SHARES":899845554,"PER_SHARES":10000,"TOTAL_MARKET_CAP":323944399.44,"HKSK_MARKET_CAP":323944399.44,"PE_TTM":-19.553594461278,"PB_TTM":1.960008951276,"REPORT_DATE_SQ":"2022-12-31 00:00:00","REPORT_TYPE_SQ":"2022年年报","OPERATE_INCOME_SQ":445763168.48,"DPS_HKD":null,"OPERATE_INCOME_QOQ_SQ":3.044450253949,"NET_PROFIT_RATIO_SQ":-1.5279826221,"HOLDER_PROFIT_SQ":-6811183.75,"HOLDER_PROFIT_QOQ_SQ":-221.374821795571,"ROE_AVG_SQ":-5.35527415492,"PE_TTM_SQ":-21.055914311119,"PB_TTM_SQ":1.830819928979,"ROA_SQ":-2.803561350195,"START_DATE":"2023-01-01 00:00:00","FISCAL_YEAR":"12-31","CURRENCY":"HKD","IS_CNY_CODE":0,"DPS_HKD_LY":null,"ORG_TYPE":"一般企业","PREMIUM_INCOME":null,"PREMIUM_INCOME_YOY":null,"NET_INTEREST_INCOME":null,"NET_INTEREST_INCOME_YOY":null,"FEE_COMMISSION_INCOME":null,"FEE_COMMISSION_INCOME_YOY":null,"ACCOUNTS_RECE_TDAYS":12.721666774173,"INVENTORY_TDAYS":8.033189208371,"CURRENT_ASSETS_TDAYS":2.45447576189,"TOTAL_ASSETS_TDAYS":1.846587132015,"PREMIUM_EXPENSE":null,"LOAN_DEPOSIT":null,"LOAN_EQUITY":null,"LOAN_ASSETS":null,"DEPOSIT_EQUITY":null,"DEPOSIT_ASSETS":null,"EQUITY_MULTIPLIER":1.570460628417,"EQUITY_RATIO":0.570460628416},{"SECUCODE":"00643.HK","SECURITY_CODE":"00643","SECURITY_NAME_ABBR":"恒富控股","ORG_CODE":"10009022","STD_REPORT_DATE":"2023-06-30 00:00:00","REPORT_DATE":"2023-06-30 00:00:00","DATE_TYPE_CODE":"002","REPORT_TYPE":"2023年中报","PER_NETCASH_OPERATE":-0.013088215492,"PER_OI":0.232807119743,"BPS":0.188845715806,"BASIC_EPS":-0.004794296,"DILUTED_EPS":-0.004794296,"OPERATE_INCOME":209490451.64,"OPERATE_INCOME_YOY":-7.6702398271,"GROSS_PROFIT":28715067.1,"GROSS_PROFIT_YOY":-2.311730030187,"HOLDER_PROFIT":-4165505.64,"HOLDER_PROFIT_YOY":-216.3533350502,"GROSS_PROFIT_RATIO":13.707100669841,"EPS_TTM":-0.015888717899,"OPERATE_INCOME_QOQ":-0.21685870174,"NET_PROFIT_RATIO":-1.9883988064,"ROE_AVG":-2.817296629907,"GROSS_PROFIT_QOQ":-0.948250071854,"ROA":-1.614113309468,"HOLDER_PROFIT_QOQ":-109.9105336866,"ROE_YEARLY":-5.634593259814,"ROIC_YEARLY":-5.442111317556,"TOTAL_ASSETS":281283190.28,"TOTAL_LIABILITIES":111351212.52,"TAX_EBT":null,"OCF_SALES":-5.621913756833,"TOTAL_PARENT_EQUITY":169931977.76,"DEBT_ASSET_RATIO":39.5868705873,"OPERATE_PROFIT":-942263.56,"PRETAX_PROFIT":-4165505.64,"NETCASH_OPERATE":-11777372.52,"NETCASH_INVEST":-770775.28,"NETCASH_FINANCE":44169295.86,"END_CASH":121746537.02,"DIVI_RATIO":null,"DIVIDEND_RATE":null,"CURRENT_RATIO":2.314285160828,"COMMON_ACS":2000000000,"CURRENTDEBT_DEBT":85.487770546641,"ISSUED_COMMON_SHARES":899845554,"HK_COMMON_SHARES":899845554,"PER_SHARES":10000,"TOTAL_MARKET_CAP":323944399.44,"HKSK_MARKET_CAP":323944399.44,"PE_TTM":-19.553594461278,"PB_TTM":1.960008951276,"REPORT_DATE_SQ":"2022-06-30 00:00:00","REPORT_TYPE_SQ":"2022年中报","OPERATE_INCOME_SQ":210457127.86,"DPS_HKD":null,"OPERATE_INCOME_QOQ_SQ":19.931077513593,"NET_PROFIT_RATIO_SQ":1.5778523654,"HOLDER_PROFIT_SQ":3320702.77,"HOLDER_PROFIT_QOQ_SQ":36224.3056056237,"ROE_AVG_SQ":2.584333600663,"PE_TTM_SQ":-21.055914311119,"PB_TTM_SQ":1.830819928979,"ROA_SQ":1.441597303177,"START_DATE":"2023-01-01 00:00:00","FISCAL_YEAR":"12-31","CURRENCY":"HKD","IS_CNY_CODE":0,"DPS_HKD_LY":null,"ORG_TYPE":"一般企业","PREMIUM_INCOME":null,"PREMIUM_INCOME_YOY":null,"NET_INTEREST_INCOME":null,"NET_INTEREST_INCOME_YOY":null,"FEE_COMMISSION_INCOME":null,"FEE_COMMISSION_INCOME_YOY":null,"ACCOUNTS_RECE_TDAYS":5.068153683154,"INVENTORY_TDAYS":3.701131633838,"CURRENT_ASSETS_TDAYS":1.070061834502,"TOTAL_ASSETS_TDAYS":0.811765378377,"PREMIUM_EXPENSE":null,"LOAN_DEPOSIT":null,"LOAN_EQUITY":null,"LOAN_ASSETS":null,"DEPOSIT_EQUITY":null,"DEPOSIT_ASSETS":null,"EQUITY_MULTIPLIER":1.655269325925,"EQUITY_RATIO":0.655269325926},{"SECUCODE":"00643.HK","SECURITY_CODE":"00643","SECURITY_NAME_ABBR":"恒富控股","ORG_CODE":"10009022","STD_REPORT_DATE":"2022-12-31 00:00:00","REPORT_DATE":"2022-12-31 00:00:00","DATE_TYPE_CODE":"001","REPORT_TYPE":"2022年年报","PER_NETCASH_OPERATE":0.036867907334,"PER_OI":0.544915161257,"BPS":0.135424113759,"BASIC_EPS":-0.008307411,"DILUTED_EPS":-0.008307411,"OPERATE_INCOME":445763168.48,"OPERATE_INCOME_YOY":13.1135092742,"GROSS_PROFIT":71660799.21,"GROSS_PROFIT_YOY":43.477849241292,"HOLDER_PROFIT":-6811183.75,"HOLDER_PROFIT_YOY":-40031.5789473684,"GROSS_PROFIT_RATIO":16.075980313572,"EPS_TTM":-0.008326208969,"OPERATE_INCOME_QOQ":3.044450253949,"NET_PROFIT_RATIO":-1.5279826221,"ROE_AVG":-5.35527415492,"GROSS_PROFIT_QOQ":20.411327163545,"ROA":-2.803561350195,"HOLDER_PROFIT_QOQ":-221.374821795571,"ROE_YEARLY":-5.35527415492,"ROIC_YEARLY":-4.348210390655,"TOTAL_ASSETS":227539094.02,"TOTAL_LIABILITIES":105678307.35,"TAX_EBT":null,"OCF_SALES":6.765806854981,"TOTAL_PARENT_EQUITY":121860786.67,"DEBT_ASSET_RATIO":46.4440222043,"OPERATE_PROFIT":-3378347.14,"PRETAX_PROFIT":-6811183.75,"NETCASH_OPERATE":30159475.01,"NETCASH_INVEST":41282473.05,"NETCASH_FINANCE":-29356425.28,"END_CASH":85473433.22,"DIVI_RATIO":null,"DIVIDEND_RATE":null,"CURRENT_RATIO":1.849621589325,"COMMON_ACS":2000000000,"CURRENTDEBT_DEBT":84.882295760957,"ISSUED_COMMON_SHARES":899845554,"HK_COMMON_SHARES":899845554,"PER_SHARES":10000,"TOTAL_MARKET_CAP":323944399.44,"HKSK_MARKET_CAP":323944399.44,"PE_TTM":-19.553594461278,"PB_TTM":1.960008951276,"REPORT_DATE_SQ":"2021-12-31 00:00:00","REPORT_TYPE_SQ":"2021年年报","OPERATE_INCOME_SQ":360701409.6,"DPS_HKD":null,"OPERATE_INCOME_QOQ_SQ":27.61993465734,"NET_PROFIT_RATIO_SQ":-0.0043067201,"HOLDER_PROFIT_SQ":-15534.4,"HOLDER_PROFIT_QOQ_SQ":99.870609204688,"ROE_AVG_SQ":-0.013212933376,"PE_TTM_SQ":-21.055914311119,"PB_TTM_SQ":1.830819928979,"ROA_SQ":-0.007096423589,"START_DATE":"2022-01-01 00:00:00","FISCAL_YEAR":"12-31","CURRENCY":"HKD","IS_CNY_CODE":0,"DPS_HKD_LY":0.002,"ORG_TYPE":"一般企业","PREMIUM_INCOME":null,"PREMIUM_INCOME_YOY":null,"NET_INTEREST_INCOME":null,"NET_INTEREST_INCOME_YOY":null,"FEE_COMMISSION_INCOME":null,"FEE_COMMISSION_INCOME_YOY":null,"ACCOUNTS_RECE_TDAYS":10.595439296785,"INVENTORY_TDAYS":8.028929382782,"CURRENT_ASSETS_TDAYS":2.52539954049,"TOTAL_ASSETS_TDAYS":1.834812326846,"PREMIUM_EXPENSE":null,"LOAN_DEPOSIT":null,"LOAN_EQUITY":null,"LOAN_ASSETS":null,"DEPOSIT_EQUITY":null,"DEPOSIT_ASSETS":null,"EQUITY_MULTIPLIER":1.867205195683,"EQUITY_RATIO":0.867205195681},{"SECUCODE":"00643.HK","SECURITY_CODE":"00643","SECURITY_NAME_ABBR":"恒富控股","ORG_CODE":"10009022","STD_REPORT_DATE":"2022-06-30 00:00:00","REPORT_DATE":"2022-06-30 00:00:00","DATE_TYPE_CODE":"002","REPORT_TYPE":"2022年中报","PER_NETCASH_OPERATE":-0.00316550639,"PER_OI":0.257269527576,"BPS":0.144607037776,"BASIC_EPS":0.004019393,"DILUTED_EPS":0.004019393,"OPERATE_INCOME":210457127.86,"OPERATE_INCOME_YOY":47.7784650121,"GROSS_PROFIT":29394590.68,"GROSS_PROFIT_YOY":48.256841038628,"HOLDER_PROFIT":3320702.77,"HOLDER_PROFIT_YOY":240.0793650794,"GROSS_PROFIT_RATIO":13.967020731915,"EPS_TTM":0.006859914475,"OPERATE_INCOME_QOQ":19.931077513593,"NET_PROFIT_RATIO":1.5778523654,"ROE_AVG":2.584333600663,"GROSS_PROFIT_QOQ":19.1564387015,"ROA":1.441597303177,"HOLDER_PROFIT_QOQ":36224.3056056237,"ROE_YEARLY":5.168667201326,"ROIC_YEARLY":3.929853680506,"TOTAL_ASSETS":213355366.77,"TOTAL_LIABILITIES":83231366.75,"TAX_EBT":null,"OCF_SALES":-1.230424146871,"TOTAL_PARENT_EQUITY":130124000.02,"DEBT_ASSET_RATIO":39.010674074,"OPERATE_PROFIT":4344365.2,"PRETAX_PROFIT":3320702.77,"NETCASH_OPERATE":-2589515.32,"NETCASH_INVEST":39450769.89,"NETCASH_FINANCE":-40425686.49,"END_CASH":38723003.2,"DIVI_RATIO":null,"DIVIDEND_RATE":null,"CURRENT_RATIO":2.150681288623,"COMMON_ACS":2000000000,"CURRENTDEBT_DEBT":81.138453634729,"ISSUED_COMMON_SHARES":899845554,"HK_COMMON_SHARES":899845554,"PER_SHARES":10000,"TOTAL_MARKET_CAP":323944399.44,"HKSK_MARKET_CAP":323944399.44,"PE_TTM":-19.553594461278,"PB_TTM":1.960008951276,"REPORT_DATE_SQ":"2021-06-30 00:00:00","REPORT_TYPE_SQ":"2021年中报","OPERATE_INCOME_SQ":138565450.32,"DPS_HKD":null,"OPERATE_INCOME_QOQ_SQ":15.593760624428,"NET_PROFIT_RATIO_SQ":-1.6645749389,"HOLDER_PROFIT_SQ":-2306525.76,"HOLDER_PROFIT_QOQ_SQ":6.607511524806,"ROE_AVG_SQ":-2.007182992527,"PE_TTM_SQ":-21.055914311119,"PB_TTM_SQ":1.830819928979,"ROA_SQ":-1.014394373258,"START_DATE":"2022-01-01 00:00:00","FISCAL_YEAR":"12-31","CURRENCY":"HKD","IS_CNY_CODE":0,"DPS_HKD_LY":0.002,"ORG_TYPE":"一般企业","PREMIUM_INCOME":null,"PREMIUM_INCOME_YOY":null,"NET_INTEREST_INCOME":null,"NET_INTEREST_INCOME_YOY":null,"FEE_COMMISSION_INCOME":null,"FEE_COMMISSION_INCOME_YOY":null,"ACCOUNTS_RECE_TDAYS":5.048030276613,"INVENTORY_TDAYS":3.143958124513,"CURRENT_ASSETS_TDAYS":1.297621935144,"TOTAL_ASSETS_TDAYS":0.913645240093,"PREMIUM_EXPENSE":null,"LOAN_DEPOSIT":null,"LOAN_EQUITY":null,"LOAN_ASSETS":null,"DEPOSIT_EQUITY":null,"DEPOSIT_ASSETS":null,"EQUITY_MULTIPLIER":1.63963117286,"EQUITY_RATIO":0.63963117286},{"SECUCODE":"00643.HK","SECURITY_CODE":"00643","SECURITY_NAME_ABBR":"恒富控股","ORG_CODE":"10009022","STD_REPORT_DATE":"2021-12-31 00:00:00","REPORT_DATE":"2021-12-31 00:00:00","DATE_TYPE_CODE":"001","REPORT_TYPE":"2021年年报","PER_NETCASH_OPERATE":-0.031655909332,"PER_OI":0.440932945286,"BPS":0.134786321342,"BASIC_EPS":null,"DILUTED_EPS":null,"OPERATE_INCOME":360701409.6,"OPERATE_INCOME_YOY":51.8582517254,"GROSS_PROFIT":49945548.8,"GROSS_PROFIT_YOY":26.197529511033,"HOLDER_PROFIT":-15534.4,"HOLDER_PROFIT_YOY":99.8756056043,"GROSS_PROFIT_RATIO":13.846785033468,"EPS_TTM":-0.000018989748,"OPERATE_INCOME_QOQ":27.61993465734,"NET_PROFIT_RATIO":-0.0043067201,"ROE_AVG":-0.013212933376,"GROSS_PROFIT_QOQ":17.524098130946,"ROA":-0.007096423589,"HOLDER_PROFIT_QOQ":99.870609204688,"ROE_YEARLY":-0.013212933376,"ROIC_YEARLY":-0.010831240719,"TOTAL_ASSETS":236470360,"TOTAL_LIABILITIES":115183488,"TAX_EBT":null,"OCF_SALES":-7.179302356683,"TOTAL_PARENT_EQUITY":121286872,"DEBT_ASSET_RATIO":48.709482237,"OPERATE_PROFIT":1312248,"PRETAX_PROFIT":-15534.4,"NETCASH_OPERATE":-25895844.8,"NETCASH_INVEST":-37857332.8,"NETCASH_FINANCE":36097857.6,"END_CASH":40668241.6,"DIVI_RATIO":null,"DIVIDEND_RATE":null,"CURRENT_RATIO":1.691484636815,"COMMON_ACS":2000000000,"CURRENTDEBT_DEBT":87.901050539466,"ISSUED_COMMON_SHARES":899845554,"HK_COMMON_SHARES":899845554,"PER_SHARES":10000,"TOTAL_MARKET_CAP":323944399.44,"HKSK_MARKET_CAP":323944399.44,"PE_TTM":-19.553594461278,"PB_TTM":1.960008951276,"REPORT_DATE_SQ":"2020-12-31 00:00:00","REPORT_TYPE_SQ":"2020年年报","OPERATE_INCOME_SQ":244509044.6,"DPS_HKD":null,"OPERATE_INCOME_QOQ_SQ":-0.231410196446,"NET_PROFIT_RATIO_SQ":-5.2575598506,"HOLDER_PROFIT_SQ":-12855209.36,"HOLDER_PROFIT_QOQ_SQ":-5.535287655546,"ROE_AVG_SQ":-10.513599741187,"PE_TTM_SQ":-21.055914311119,"PB_TTM_SQ":1.830819928979,"ROA_SQ":-6.415005585935,"START_DATE":"2021-01-01 00:00:00","FISCAL_YEAR":"12-31","CURRENCY":"HKD","IS_CNY_CODE":0,"DPS_HKD_LY":null,"ORG_TYPE":"一般企业","PREMIUM_INCOME":null,"PREMIUM_INCOME_YOY":null,"NET_INTEREST_INCOME":null,"NET_INTEREST_INCOME_YOY":null,"FEE_COMMISSION_INCOME":null,"FEE_COMMISSION_INCOME_YOY":null,"ACCOUNTS_RECE_TDAYS":9.687762137948,"INVENTORY_TDAYS":7.614070935625,"CURRENT_ASSETS_TDAYS":2.321115808248,"TOTAL_ASSETS_TDAYS":1.647755942788,"PREMIUM_EXPENSE":null,"LOAN_DEPOSIT":null,"LOAN_EQUITY":null,"LOAN_ASSETS":null,"DEPOSIT_EQUITY":null,"DEPOSIT_ASSETS":null,"EQUITY_MULTIPLIER":1.949678115204,"EQUITY_RATIO":0.949678115204},{"SECUCODE":"00643.HK","SECURITY_CODE":"00643","SECURITY_NAME_ABBR":"恒富控股","ORG_CODE":"10009022","STD_REPORT_DATE":"2021-06-30 00:00:00","REPORT_DATE":"2021-06-30 00:00:00","DATE_TYPE_CODE":"002","REPORT_TYPE":"2021年中报","PER_NETCASH_OPERATE":-0.028743958859,"PER_OI":0.169386840468,"BPS":0.126642119832,"BASIC_EPS":-0.002829072,"DILUTED_EPS":-0.002829072,"OPERATE_INCOME":138565450.32,"OPERATE_INCOME_YOY":51.451957619,"GROSS_PROFIT":19826802.24,"GROSS_PROFIT_YOY":17.277083798732,"HOLDER_PROFIT":-2306525.76,"HOLDER_PROFIT_YOY":19.7684515195,"GROSS_PROFIT_RATIO":14.308618919227,"EPS_TTM":-0.014676273999,"OPERATE_INCOME_QOQ":15.593760624428,"NET_PROFIT_RATIO":-1.6645749389,"ROE_AVG":-2.007182992527,"GROSS_PROFIT_QOQ":7.380130133331,"ROA":-1.014394373258,"HOLDER_PROFIT_QOQ":6.607511524806,"ROE_YEARLY":-4.014365985055,"ROIC_YEARLY":-2.709326504632,"TOTAL_ASSETS":249854486.16,"TOTAL_LIABILITIES":135896137.68,"TAX_EBT":null,"OCF_SALES":-16.969416738226,"TOTAL_PARENT_EQUITY":113958348.48,"DEBT_ASSET_RATIO":54.3901131289,"OPERATE_PROFIT":-1788972,"PRETAX_PROFIT":-2306525.76,"NETCASH_OPERATE":-23513748.72,"NETCASH_INVEST":-42124050,"NETCASH_FINANCE":37908732.72,"END_CASH":41755438.56,"DIVI_RATIO":null,"DIVIDEND_RATE":null,"CURRENT_RATIO":1.533371294591,"COMMON_ACS":2000000000,"CURRENTDEBT_DEBT":91.399758757294,"ISSUED_COMMON_SHARES":899845554,"HK_COMMON_SHARES":899845554,"PER_SHARES":10000,"TOTAL_MARKET_CAP":323944399.44,"HKSK_MARKET_CAP":323944399.44,"PE_TTM":-19.553594461278,"PB_TTM":1.960008951276,"REPORT_DATE_SQ":"2020-06-30 00:00:00","REPORT_TYPE_SQ":"2020年中报","OPERATE_INCOME_SQ":100437295.2,"DPS_HKD":null,"OPERATE_INCOME_QOQ_SQ":-17.524404850517,"NET_PROFIT_RATIO_SQ":-3.1421945341,"HOLDER_PROFIT_SQ":-3155935.2,"HOLDER_PROFIT_QOQ_SQ":8.275491787857,"ROE_AVG_SQ":-2.313776176477,"PE_TTM_SQ":-21.055914311119,"PB_TTM_SQ":1.830819928979,"ROA_SQ":-1.553901958006,"START_DATE":"2021-01-01 00:00:00","FISCAL_YEAR":"12-31","CURRENCY":"HKD","IS_CNY_CODE":0,"DPS_HKD_LY":null,"ORG_TYPE":"一般企业","PREMIUM_INCOME":null,"PREMIUM_INCOME_YOY":null,"NET_INTEREST_INCOME":null,"NET_INTEREST_INCOME_YOY":null,"FEE_COMMISSION_INCOME":null,"FEE_COMMISSION_INCOME_YOY":null,"ACCOUNTS_RECE_TDAYS":3.46910121137,"INVENTORY_TDAYS":2.611538637507,"CURRENT_ASSETS_TDAYS":0.8335494011,"TOTAL_ASSETS_TDAYS":0.609401445109,"PREMIUM_EXPENSE":null,"LOAN_DEPOSIT":null,"LOAN_EQUITY":null,"LOAN_ASSETS":null,"DEPOSIT_EQUITY":null,"DEPOSIT_ASSETS":null,"EQUITY_MULTIPLIER":2.192507082568,"EQUITY_RATIO":1.192507082567},{"SECUCODE":"00643.HK","SECURITY_CODE":"00643","SECURITY_NAME_ABBR":"恒富控股","ORG_CODE":"10009022","STD_REPORT_DATE":"2020-12-31 00:00:00","REPORT_DATE":"2020-12-31 00:00:00","DATE_TYPE_CODE":"001","REPORT_TYPE":"2020年年报","PER_NETCASH_OPERATE":0.023260188076,"PER_OI":0.298895680236,"BPS":0.130244632269,"BASIC_EPS":-0.015738668,"DILUTED_EPS":-0.015738668,"OPERATE_INCOME":244509044.6,"OPERATE_INCOME_YOY":-12.4221486667,"GROSS_PROFIT":39577279.36,"GROSS_PROFIT_YOY":-1.537887873698,"HOLDER_PROFIT":-12855209.36,"HOLDER_PROFIT_YOY":-3.0286677909,"GROSS_PROFIT_RATIO":16.186427551073,"EPS_TTM":-0.015714619279,"OPERATE_INCOME_QOQ":-0.231410196446,"NET_PROFIT_RATIO":-5.2575598506,"ROE_AVG":-10.513599741187,"GROSS_PROFIT_QOQ":6.498940211843,"ROA":-6.415005585935,"HOLDER_PROFIT_QOQ":-5.535287655546,"ROE_YEARLY":-10.513599741187,"ROIC_YEARLY":-8.945293969511,"TOTAL_ASSETS":207258899.84,"TOTAL_LIABILITIES":90058846.56,"TAX_EBT":null,"OCF_SALES":7.782042235341,"TOTAL_PARENT_EQUITY":117200053.28,"DEBT_ASSET_RATIO":43.452342278,"OPERATE_PROFIT":-12038818.56,"PRETAX_PROFIT":-12855209.36,"NETCASH_OPERATE":19027797.12,"NETCASH_INVEST":-3411166.92,"NETCASH_FINANCE":13931666.92,"END_CASH":70250007.52,"DIVI_RATIO":null,"DIVIDEND_RATE":null,"CURRENT_RATIO":1.851748980123,"COMMON_ACS":2000000000,"CURRENTDEBT_DEBT":86.135097753355,"ISSUED_COMMON_SHARES":899845554,"HK_COMMON_SHARES":899845554,"PER_SHARES":10000,"TOTAL_MARKET_CAP":323944399.44,"HKSK_MARKET_CAP":323944399.44,"PE_TTM":-19.553594461278,"PB_TTM":1.960008951276,"REPORT_DATE_SQ":"2019-12-31 00:00:00","REPORT_TYPE_SQ":"2019年年报","OPERATE_INCOME_SQ":297149933.16,"DPS_HKD":null,"OPERATE_INCOME_QOQ_SQ":-2.98741589629,"NET_PROFIT_RATIO_SQ":-4.469103647,"HOLDER_PROFIT_SQ":-13279938.5,"HOLDER_PROFIT_QOQ_SQ":62.694829633552,"ROE_AVG_SQ":-9.501408387516,"PE_TTM_SQ":-21.055914311119,"PB_TTM_SQ":1.830819928979,"ROA_SQ":-6.269095368481,"START_DATE":"2020-01-01 00:00:00","FISCAL_YEAR":"12-31","CURRENCY":"HKD","IS_CNY_CODE":0,"DPS_HKD_LY":null,"ORG_TYPE":"一般企业","PREMIUM_INCOME":null,"PREMIUM_INCOME_YOY":null,"NET_INTEREST_INCOME":null,"NET_INTEREST_INCOME_YOY":null,"FEE_COMMISSION_INCOME":null,"FEE_COMMISSION_INCOME_YOY":null,"ACCOUNTS_RECE_TDAYS":6.045217137982,"INVENTORY_TDAYS":5.752140891319,"CURRENT_ASSETS_TDAYS":1.815128833129,"TOTAL_ASSETS_TDAYS":1.220148846273,"PREMIUM_EXPENSE":null,"LOAN_DEPOSIT":null,"LOAN_EQUITY":null,"LOAN_ASSETS":null,"DEPOSIT_EQUITY":null,"DEPOSIT_ASSETS":null,"EQUITY_MULTIPLIER":1.768419843163,"EQUITY_RATIO":0.768419843162},{"SECUCODE":"00643.HK","SECURITY_CODE":"00643","SECURITY_NAME_ABBR":"恒富控股","ORG_CODE":"10009022","STD_REPORT_DATE":"2020-06-30 00:00:00","REPORT_DATE":"2020-06-30 00:00:00","DATE_TYPE_CODE":"002","REPORT_TYPE":"2020年中报","PER_NETCASH_OPERATE":0.006666211164,"PER_OI":0.122777763575,"BPS":0.149566958954,"BASIC_EPS":-0.003836448,"DILUTED_EPS":-0.003836448,"OPERATE_INCOME":100437295.2,"OPERATE_INCOME_YOY":-36.579668349,"GROSS_PROFIT":16905947.52,"GROSS_PROFIT_YOY":-15.2127347325,"HOLDER_PROFIT":-3155935.2,"HOLDER_PROFIT_YOY":28.5714285714,"GROSS_PROFIT_RATIO":16.832340502933,"EPS_TTM":-0.014890393184,"OPERATE_INCOME_QOQ":-17.524404850517,"NET_PROFIT_RATIO":-3.1421945341,"ROE_AVG":-2.313776176477,"GROSS_PROFIT_QOQ":-7.546392545835,"ROA":-1.553901958006,"HOLDER_PROFIT_QOQ":8.275491787857,"ROE_YEARLY":-4.627552352953,"ROIC_YEARLY":-4.022025098368,"TOTAL_ASSETS":196158499.68,"TOTAL_LIABILITIES":61571336.64,"TAX_EBT":null,"OCF_SALES":5.429493883862,"TOTAL_PARENT_EQUITY":134587163.04,"DEBT_ASSET_RATIO":31.3885642174,"OPERATE_PROFIT":-2954978.4,"PRETAX_PROFIT":-3155935.2,"NETCASH_OPERATE":5453236.8,"NETCASH_INVEST":-138842.88,"NETCASH_FINANCE":-789212.16,"END_CASH":48849857.76,"DIVI_RATIO":null,"DIVIDEND_RATE":null,"CURRENT_RATIO":2.699405963435,"COMMON_ACS":2000000000,"CURRENTDEBT_DEBT":77.169688158324,"ISSUED_COMMON_SHARES":899845554,"HK_COMMON_SHARES":899845554,"PER_SHARES":10000,"TOTAL_MARKET_CAP":323944399.44,"HKSK_MARKET_CAP":323944399.44,"PE_TTM":-19.553594461278,"PB_TTM":1.960008951276,"REPORT_DATE_SQ":"2019-06-30 00:00:00","REPORT_TYPE_SQ":"2019年中报","OPERATE_INCOME_SQ":152511052.5,"DPS_HKD":null,"OPERATE_INCOME_QOQ_SQ":6.412281552955,"NET_PROFIT_RATIO_SQ":-2.7899062725,"HOLDER_PROFIT_SQ":-4254915.42,"HOLDER_PROFIT_QOQ_SQ":19.731611112555,"ROE_AVG_SQ":-3.054490802427,"PE_TTM_SQ":-21.055914311119,"PB_TTM_SQ":1.830819928979,"ROA_SQ":-1.991789068838,"START_DATE":"2020-01-01 00:00:00","FISCAL_YEAR":"12-31","CURRENCY":"HKD","IS_CNY_CODE":0,"DPS_HKD_LY":null,"ORG_TYPE":"一般企业","PREMIUM_INCOME":null,"PREMIUM_INCOME_YOY":null,"NET_INTEREST_INCOME":null,"NET_INTEREST_INCOME_YOY":null,"FEE_COMMISSION_INCOME":null,"FEE_COMMISSION_INCOME_YOY":null,"ACCOUNTS_RECE_TDAYS":2.315402676437,"INVENTORY_TDAYS":2.037952397932,"CURRENT_ASSETS_TDAYS":0.758710630091,"TOTAL_ASSETS_TDAYS":0.494527611556,"PREMIUM_EXPENSE":null,"LOAN_DEPOSIT":null,"LOAN_EQUITY":null,"LOAN_ASSETS":null,"DEPOSIT_EQUITY":null,"DEPOSIT_ASSETS":null,"EQUITY_MULTIPLIER":1.457482981654,"EQUITY_RATIO":0.457482981655}],"count":48},"success":true,"message":"ok","code":0}