{"version":"f6e3cd812a27f838dfda1e3c363eb770","result":{"pages":6,"data":[{"SECUCODE":"00645.HK","SECURITY_CODE":"00645","SECURITY_NAME_ABBR":"安域亚洲","ORG_CODE":"10009023","STD_REPORT_DATE":"2024-06-30 00:00:00","REPORT_DATE":"2024-09-30 00:00:00","DATE_TYPE_CODE":"002","REPORT_TYPE":"2024年中报","PER_NETCASH_OPERATE":-0.046317693236,"PER_OI":0.045293569713,"BPS":0.086108305881,"BASIC_EPS":-0.00910962,"DILUTED_EPS":-0.00910962,"OPERATE_INCOME":23243545.8,"OPERATE_INCOME_YOY":-88.1238811314,"GROSS_PROFIT":532562.4,"GROSS_PROFIT_YOY":-50.549931752974,"HOLDER_PROFIT":-4568824.8,"HOLDER_PROFIT_YOY":-17.9023508137,"GROSS_PROFIT_RATIO":2.291227012361,"EPS_TTM":-0.017489487966,"OPERATE_INCOME_QOQ":0,"NET_PROFIT_RATIO":-19.6563159481,"ROE_AVG":-9.831121833534,"GROSS_PROFIT_QOQ":0,"ROA":-8.681179681779,"HOLDER_PROFIT_QOQ":0,"ROE_YEARLY":-19.662243667069,"ROIC_YEARLY":-43.51017684351,"TOTAL_ASSETS":50439265.2,"TOTAL_LIABILITIES":6250600.8,"TAX_EBT":null,"OCF_SALES":-102.261079288514,"TOTAL_PARENT_EQUITY":44188664.4,"DEBT_ASSET_RATIO":12.3923312031,"OPERATE_PROFIT":-4540795.2,"PRETAX_PROFIT":-4568824.8,"NETCASH_OPERATE":-23769100.8,"NETCASH_INVEST":null,"NETCASH_FINANCE":-679717.8,"END_CASH":19403490.6,"DIVI_RATIO":null,"DIVIDEND_RATE":null,"CURRENT_RATIO":8.923575129534,"COMMON_ACS":36000000000,"CURRENTDEBT_DEBT":86.547085201794,"ISSUED_COMMON_SHARES":513175401,"HK_COMMON_SHARES":513175401,"PER_SHARES":2000,"TOTAL_MARKET_CAP":37974979.674,"HKSK_MARKET_CAP":37974979.674,"PE_TTM":-3.569100819733,"PB_TTM":0.7749828464,"REPORT_DATE_SQ":"2023-06-30 00:00:00","REPORT_TYPE_SQ":"2023年中报","OPERATE_INCOME_SQ":200531814,"DPS_HKD":null,"OPERATE_INCOME_QOQ_SQ":0,"NET_PROFIT_RATIO_SQ":-1.9799498747,"HOLDER_PROFIT_SQ":-3970429.4,"HOLDER_PROFIT_QOQ_SQ":0,"ROE_AVG_SQ":-6.95903857044,"PE_TTM_SQ":-5.830048686296,"PB_TTM_SQ":0.889322053815,"ROA_SQ":-3.454630641887,"START_DATE":"2024-04-01 00:00:00","FISCAL_YEAR":"3-31","CURRENCY":"HKD","IS_CNY_CODE":0,"DPS_HKD_LY":null,"ORG_TYPE":"一般企业","PREMIUM_INCOME":null,"PREMIUM_INCOME_YOY":null,"NET_INTEREST_INCOME":null,"NET_INTEREST_INCOME_YOY":null,"FEE_COMMISSION_INCOME":null,"FEE_COMMISSION_INCOME_YOY":null,"ACCOUNTS_RECE_TDAYS":1.173536175482,"INVENTORY_TDAYS":null,"CURRENT_ASSETS_TDAYS":0.451907356948,"TOTAL_ASSETS_TDAYS":0.441648358964,"PREMIUM_EXPENSE":null,"LOAN_DEPOSIT":null,"LOAN_EQUITY":null,"LOAN_ASSETS":null,"DEPOSIT_EQUITY":null,"DEPOSIT_ASSETS":null,"EQUITY_MULTIPLIER":1.14145258484,"EQUITY_RATIO":0.14145258484},{"SECUCODE":"00645.HK","SECURITY_CODE":"00645","SECURITY_NAME_ABBR":"安域亚洲","ORG_CODE":"10009023","STD_REPORT_DATE":"2023-12-31 00:00:00","REPORT_DATE":"2024-03-31 00:00:00","DATE_TYPE_CODE":"001","REPORT_TYPE":"2023年年报","PER_NETCASH_OPERATE":-0.016687598399,"PER_OI":0.973079163629,"BPS":0.096199096652,"BASIC_EPS":-0.0177375,"DILUTED_EPS":-0.0177375,"OPERATE_INCOME":499360290,"OPERATE_INCOME_YOY":33.8213484428,"GROSS_PROFIT":2348445,"GROSS_PROFIT_YOY":-67.910230713559,"HOLDER_PROFIT":-8975175,"HOLDER_PROFIT_YOY":-52.5934861279,"GROSS_PROFIT_RATIO":0.470290699327,"EPS_TTM":-0.015877049999,"OPERATE_INCOME_QOQ":0,"NET_PROFIT_RATIO":-1.7973345458,"ROE_AVG":-16.665568803109,"GROSS_PROFIT_QOQ":0,"ROA":-9.373147599289,"HOLDER_PROFIT_QOQ":0,"ROE_YEARLY":-16.665568803109,"ROIC_YEARLY":-19.40332847611,"TOTAL_ASSETS":55504185,"TOTAL_LIABILITIES":6137175,"TAX_EBT":null,"OCF_SALES":-1.714927112046,"TOTAL_PARENT_EQUITY":49367010,"DEBT_ASSET_RATIO":11.0571392049,"OPERATE_PROFIT":-8918415,"PRETAX_PROFIT":-8975175,"NETCASH_OPERATE":-8563665,"NETCASH_INVEST":-141900,"NETCASH_FINANCE":-1489950,"END_CASH":44400510,"DIVI_RATIO":null,"DIVIDEND_RATE":null,"CURRENT_RATIO":9.006936416185,"COMMON_ACS":36000000000,"CURRENTDEBT_DEBT":100,"ISSUED_COMMON_SHARES":513175401,"HK_COMMON_SHARES":513175401,"PER_SHARES":2000,"TOTAL_MARKET_CAP":26685120.852,"HKSK_MARKET_CAP":26685120.852,"PE_TTM":-2.508016792245,"PB_TTM":0.544582540714,"REPORT_DATE_SQ":"2022-12-31 00:00:00","REPORT_TYPE_SQ":"2022年年报","OPERATE_INCOME_SQ":361410189.8,"DPS_HKD":null,"OPERATE_INCOME_QOQ_SQ":0,"NET_PROFIT_RATIO_SQ":-1.576225425,"HOLDER_PROFIT_SQ":-5696639.3,"HOLDER_PROFIT_QOQ_SQ":0,"ROE_AVG_SQ":-9.597684515195,"PE_TTM_SQ":-9.542100408007,"PB_TTM_SQ":1.03469200492,"ROA_SQ":-3.786339034917,"START_DATE":"2023-04-01 00:00:00","FISCAL_YEAR":"3-31","CURRENCY":"HKD","IS_CNY_CODE":0,"DPS_HKD_LY":null,"ORG_TYPE":"一般企业","PREMIUM_INCOME":null,"PREMIUM_INCOME_YOY":null,"NET_INTEREST_INCOME":null,"NET_INTEREST_INCOME_YOY":null,"FEE_COMMISSION_INCOME":null,"FEE_COMMISSION_INCOME_YOY":null,"ACCOUNTS_RECE_TDAYS":10.838004311672,"INVENTORY_TDAYS":null,"CURRENT_ASSETS_TDAYS":5.224898853049,"TOTAL_ASSETS_TDAYS":5.21502667457,"PREMIUM_EXPENSE":null,"LOAN_DEPOSIT":null,"LOAN_EQUITY":null,"LOAN_ASSETS":null,"DEPOSIT_EQUITY":null,"DEPOSIT_ASSETS":null,"EQUITY_MULTIPLIER":1.124317332567,"EQUITY_RATIO":0.124317332567},{"SECUCODE":"00645.HK","SECURITY_CODE":"00645","SECURITY_NAME_ABBR":"安域亚洲","ORG_CODE":"10009023","STD_REPORT_DATE":"2023-06-30 00:00:00","REPORT_DATE":"2023-09-30 00:00:00","DATE_TYPE_CODE":"002","REPORT_TYPE":"2023年中报","PER_NETCASH_OPERATE":-0.044113395451,"PER_OI":0.390766614318,"BPS":0.107310416463,"BASIC_EPS":-0.00789778,"DILUTED_EPS":-0.00789778,"OPERATE_INCOME":200531814,"OPERATE_INCOME_YOY":63.4671661009,"GROSS_PROFIT":1076970,"GROSS_PROFIT_YOY":-70.315031613305,"HOLDER_PROFIT":-3970429.4,"HOLDER_PROFIT_YOY":-158.4112149533,"GROSS_PROFIT_RATIO":0.537056928034,"EPS_TTM":-0.011100764551,"OPERATE_INCOME_QOQ":0,"NET_PROFIT_RATIO":-1.9799498747,"ROE_AVG":-6.95903857044,"GROSS_PROFIT_QOQ":0,"ROA":-3.454630641887,"HOLDER_PROFIT_QOQ":0,"ROE_YEARLY":-13.91807714088,"ROIC_YEARLY":-11.125081728109,"TOTAL_ASSETS":92231710.8,"TOTAL_LIABILITIES":37162644.8,"TAX_EBT":null,"OCF_SALES":-11.288936627283,"TOTAL_PARENT_EQUITY":55069066,"DEBT_ASSET_RATIO":40.2926981161,"OPERATE_PROFIT":-3934530.4,"PRETAX_PROFIT":-3970429.4,"NETCASH_OPERATE":-22637909.4,"NETCASH_INVEST":null,"NETCASH_FINANCE":-753879,"END_CASH":31856772.6,"DIVI_RATIO":null,"DIVIDEND_RATE":null,"CURRENT_RATIO":2.478748068006,"COMMON_ACS":36000000000,"CURRENTDEBT_DEBT":100,"ISSUED_COMMON_SHARES":513175401,"HK_COMMON_SHARES":513175401,"PER_SHARES":2000,"TOTAL_MARKET_CAP":26685120.852,"HKSK_MARKET_CAP":26685120.852,"PE_TTM":-2.508016792245,"PB_TTM":0.544582540714,"REPORT_DATE_SQ":"2022-06-30 00:00:00","REPORT_TYPE_SQ":"2022年中报","OPERATE_INCOME_SQ":121307182.8,"DPS_HKD":null,"OPERATE_INCOME_QOQ_SQ":0,"NET_PROFIT_RATIO_SQ":-1.2524874166,"HOLDER_PROFIT_SQ":-1519357.2,"HOLDER_PROFIT_QOQ_SQ":0,"ROE_AVG_SQ":-2.392397987703,"PE_TTM_SQ":-9.542100408007,"PB_TTM_SQ":1.03469200492,"ROA_SQ":-1.109009405851,"START_DATE":"2023-04-01 00:00:00","FISCAL_YEAR":"3-31","CURRENCY":"HKD","IS_CNY_CODE":0,"DPS_HKD_LY":null,"ORG_TYPE":"一般企业","PREMIUM_INCOME":null,"PREMIUM_INCOME_YOY":null,"NET_INTEREST_INCOME":null,"NET_INTEREST_INCOME_YOY":null,"FEE_COMMISSION_INCOME":null,"FEE_COMMISSION_INCOME_YOY":null,"ACCOUNTS_RECE_TDAYS":2.814389359129,"INVENTORY_TDAYS":null,"CURRENT_ASSETS_TDAYS":1.746716697936,"TOTAL_ASSETS_TDAYS":1.744807121662,"PREMIUM_EXPENSE":null,"LOAN_DEPOSIT":null,"LOAN_EQUITY":null,"LOAN_ASSETS":null,"DEPOSIT_EQUITY":null,"DEPOSIT_ASSETS":null,"EQUITY_MULTIPLIER":1.674837027378,"EQUITY_RATIO":0.674837027379},{"SECUCODE":"00645.HK","SECURITY_CODE":"00645","SECURITY_NAME_ABBR":"安域亚洲","ORG_CODE":"10009023","STD_REPORT_DATE":"2022-12-31 00:00:00","REPORT_DATE":"2023-03-31 00:00:00","DATE_TYPE_CODE":"001","REPORT_TYPE":"2022年年报","PER_NETCASH_OPERATE":-0.023487021741,"PER_OI":0.70426249796,"BPS":0.110110478776,"BASIC_EPS":-0.01099472,"DILUTED_EPS":-0.01099472,"OPERATE_INCOME":361410189.8,"OPERATE_INCOME_YOY":-48.2118240183,"GROSS_PROFIT":7318360.5,"GROSS_PROFIT_YOY":182.555024861146,"HOLDER_PROFIT":-5696639.3,"HOLDER_PROFIT_YOY":61.0432330827,"GROSS_PROFIT_RATIO":2.024945811309,"EPS_TTM":-0.012489355857,"OPERATE_INCOME_QOQ":0,"NET_PROFIT_RATIO":-1.576225425,"ROE_AVG":-9.597684515195,"GROSS_PROFIT_QOQ":0,"ROA":-3.786339034917,"HOLDER_PROFIT_QOQ":0,"ROE_YEARLY":-9.597684515195,"ROIC_YEARLY":-6.070369421155,"TOTAL_ASSETS":131723617.3,"TOTAL_LIABILITIES":75217628.2,"TAX_EBT":-6.967741935484,"OCF_SALES":-3.33498117656,"TOTAL_PARENT_EQUITY":56505989.1,"DEBT_ASSET_RATIO":57.1026135949,"OPERATE_PROFIT":-5201876.9,"PRETAX_PROFIT":-5325567.5,"NETCASH_OPERATE":-12052961.8,"NETCASH_INVEST":6033352.6,"NETCASH_FINANCE":-1443057,"END_CASH":52877731.5,"DIVI_RATIO":null,"DIVIDEND_RATE":null,"CURRENT_RATIO":1.757687012391,"COMMON_ACS":36000000000,"CURRENTDEBT_DEBT":99.534076374932,"ISSUED_COMMON_SHARES":513175401,"HK_COMMON_SHARES":513175401,"PER_SHARES":2000,"TOTAL_MARKET_CAP":30277348.659,"HKSK_MARKET_CAP":30277348.659,"PE_TTM":-2.845634437355,"PB_TTM":0.617891728887,"REPORT_DATE_SQ":"2021-12-31 00:00:00","REPORT_TYPE_SQ":"2021年年报","OPERATE_INCOME_SQ":644697799.2,"DPS_HKD":null,"OPERATE_INCOME_QOQ_SQ":0,"NET_PROFIT_RATIO_SQ":-2.0953956438,"HOLDER_PROFIT_SQ":-13508969.6,"HOLDER_PROFIT_QOQ_SQ":0,"ROE_AVG_SQ":-21.035982601819,"PE_TTM_SQ":-9.778681409858,"PB_TTM_SQ":1.060345525703,"ROA_SQ":-5.893267606414,"START_DATE":"2022-04-01 00:00:00","FISCAL_YEAR":"3-31","CURRENCY":"HKD","IS_CNY_CODE":0,"DPS_HKD_LY":null,"ORG_TYPE":"一般企业","PREMIUM_INCOME":null,"PREMIUM_INCOME_YOY":null,"NET_INTEREST_INCOME":null,"NET_INTEREST_INCOME_YOY":null,"FEE_COMMISSION_INCOME":null,"FEE_COMMISSION_INCOME_YOY":null,"ACCOUNTS_RECE_TDAYS":3.985450687682,"INVENTORY_TDAYS":null,"CURRENT_ASSETS_TDAYS":2.403253444219,"TOTAL_ASSETS_TDAYS":2.402155792551,"PREMIUM_EXPENSE":null,"LOAN_DEPOSIT":null,"LOAN_EQUITY":null,"LOAN_ASSETS":null,"DEPOSIT_EQUITY":null,"DEPOSIT_ASSETS":null,"EQUITY_MULTIPLIER":2.331144351212,"EQUITY_RATIO":1.33114435121},{"SECUCODE":"00645.HK","SECURITY_CODE":"00645","SECURITY_NAME_ABBR":"安域亚洲","ORG_CODE":"10009023","STD_REPORT_DATE":"2022-06-30 00:00:00","REPORT_DATE":"2022-09-30 00:00:00","DATE_TYPE_CODE":"002","REPORT_TYPE":"2022年中报","PER_NETCASH_OPERATE":0.007802960142,"PER_OI":0.236385420197,"BPS":0.122274045634,"BASIC_EPS":-0.00283992,"DILUTED_EPS":-0.00283992,"OPERATE_INCOME":121307182.8,"OPERATE_INCOME_YOY":-76.8294005967,"GROSS_PROFIT":3627997.8,"GROSS_PROFIT_YOY":79.298086115322,"HOLDER_PROFIT":-1519357.2,"HOLDER_PROFIT_YOY":83.8976674191,"GROSS_PROFIT_RATIO":2.990752662999,"EPS_TTM":-0.026324273482,"OPERATE_INCOME_QOQ":0,"NET_PROFIT_RATIO":-1.2524874166,"ROE_AVG":-2.392397987703,"GROSS_PROFIT_QOQ":0,"ROA":-1.109009405851,"HOLDER_PROFIT_QOQ":0,"ROE_YEARLY":-4.784795975405,"ROIC_YEARLY":-4.346942920983,"TOTAL_ASSETS":99205505.4,"TOTAL_LIABILITIES":36457473,"TAX_EBT":null,"OCF_SALES":3.30094814468,"TOTAL_PARENT_EQUITY":62748032.4,"DEBT_ASSET_RATIO":36.7494453589,"OPERATE_PROFIT":-1448359.2,"PRETAX_PROFIT":-1519357.2,"NETCASH_OPERATE":4004287.2,"NETCASH_INVEST":6247824,"NETCASH_FINANCE":-745479,"END_CASH":71849976,"DIVI_RATIO":null,"DIVIDEND_RATE":null,"CURRENT_RATIO":2.801807228916,"COMMON_ACS":36000000000,"CURRENTDEBT_DEBT":96.981499513145,"ISSUED_COMMON_SHARES":513175401,"HK_COMMON_SHARES":513175401,"PER_SHARES":2000,"TOTAL_MARKET_CAP":30277348.659,"HKSK_MARKET_CAP":30277348.659,"PE_TTM":-2.845634437355,"PB_TTM":0.617891728887,"REPORT_DATE_SQ":"2021-06-30 00:00:00","REPORT_TYPE_SQ":"2021年中报","OPERATE_INCOME_SQ":478233396,"DPS_HKD":null,"OPERATE_INCOME_QOQ_SQ":0,"NET_PROFIT_RATIO_SQ":-1.802278275,"HOLDER_PROFIT_SQ":-8619096.6,"HOLDER_PROFIT_QOQ_SQ":0,"ROE_AVG_SQ":-12.638486044411,"PE_TTM_SQ":-9.778681409858,"PB_TTM_SQ":1.060345525703,"ROA_SQ":-4.542657916325,"START_DATE":"2022-04-01 00:00:00","FISCAL_YEAR":"3-31","CURRENCY":"HKD","IS_CNY_CODE":0,"DPS_HKD_LY":null,"ORG_TYPE":"一般企业","PREMIUM_INCOME":null,"PREMIUM_INCOME_YOY":null,"NET_INTEREST_INCOME":null,"NET_INTEREST_INCOME_YOY":null,"FEE_COMMISSION_INCOME":null,"FEE_COMMISSION_INCOME_YOY":null,"ACCOUNTS_RECE_TDAYS":1.820467742795,"INVENTORY_TDAYS":null,"CURRENT_ASSETS_TDAYS":0.885927615887,"TOTAL_ASSETS_TDAYS":0.88544554712,"PREMIUM_EXPENSE":null,"LOAN_DEPOSIT":null,"LOAN_EQUITY":null,"LOAN_ASSETS":null,"DEPOSIT_EQUITY":null,"DEPOSIT_ASSETS":null,"EQUITY_MULTIPLIER":1.581013804028,"EQUITY_RATIO":0.581013804028},{"SECUCODE":"00645.HK","SECURITY_CODE":"00645","SECURITY_NAME_ABBR":"安域亚洲","ORG_CODE":"10009023","STD_REPORT_DATE":"2021-12-31 00:00:00","REPORT_DATE":"2022-03-31 00:00:00","DATE_TYPE_CODE":"001","REPORT_TYPE":"2021年年报","PER_NETCASH_OPERATE":0.385066722245,"PER_OI":1.256291314712,"BPS":0.111977125731,"BASIC_EPS":-0.02602762,"DILUTED_EPS":-0.02602762,"OPERATE_INCOME":644697799.2,"OPERATE_INCOME_YOY":-13.5737749562,"GROSS_PROFIT":2590065.6,"GROSS_PROFIT_YOY":-54.64348343094,"HOLDER_PROFIT":-13508969.6,"HOLDER_PROFIT_YOY":5.9239610964,"GROSS_PROFIT_RATIO":0.401748788846,"EPS_TTM":-0.040227114277,"OPERATE_INCOME_QOQ":0,"NET_PROFIT_RATIO":-2.0953956438,"ROE_AVG":-21.035982601819,"GROSS_PROFIT_QOQ":0,"ROA":-5.893267606414,"HOLDER_PROFIT_QOQ":0,"ROE_YEARLY":-21.035982601819,"ROIC_YEARLY":-7.842703668896,"TOTAL_ASSETS":156292684,"TOTAL_LIABILITIES":98828777.6,"TAX_EBT":null,"OCF_SALES":30.651069360747,"TOTAL_PARENT_EQUITY":57463906.4,"DEBT_ASSET_RATIO":63.2331437855,"OPERATE_PROFIT":-12239329.6,"PRETAX_PROFIT":-13508969.6,"NETCASH_OPERATE":197606769.6,"NETCASH_INVEST":-12696.4,"NETCASH_FINANCE":-200063523,"END_CASH":55743544.2,"DIVI_RATIO":null,"DIVIDEND_RATE":null,"CURRENT_RATIO":1.607823928945,"COMMON_ACS":36000000000,"CURRENTDEBT_DEBT":98.355601233299,"ISSUED_COMMON_SHARES":513175401,"HK_COMMON_SHARES":513175401,"PER_SHARES":2000,"TOTAL_MARKET_CAP":30277348.659,"HKSK_MARKET_CAP":30277348.659,"PE_TTM":-2.845634437355,"PB_TTM":0.617891728887,"REPORT_DATE_SQ":"2020-12-31 00:00:00","REPORT_TYPE_SQ":"2020年年报","OPERATE_INCOME_SQ":772167177.8,"DPS_HKD":null,"OPERATE_INCOME_QOQ_SQ":0,"NET_PROFIT_RATIO_SQ":-1.9250080847,"HOLDER_PROFIT_SQ":-14864280.6,"HOLDER_PROFIT_QOQ_SQ":0,"ROE_AVG_SQ":-18.373812038015,"PE_TTM_SQ":-9.778681409858,"PB_TTM_SQ":1.060345525703,"ROA_SQ":-5.831700525936,"START_DATE":"2021-04-01 00:00:00","FISCAL_YEAR":"3-31","CURRENCY":"HKD","IS_CNY_CODE":0,"DPS_HKD_LY":null,"ORG_TYPE":"一般企业","PREMIUM_INCOME":null,"PREMIUM_INCOME_YOY":null,"NET_INTEREST_INCOME":null,"NET_INTEREST_INCOME_YOY":null,"FEE_COMMISSION_INCOME":null,"FEE_COMMISSION_INCOME_YOY":null,"ACCOUNTS_RECE_TDAYS":3.875591512746,"INVENTORY_TDAYS":null,"CURRENT_ASSETS_TDAYS":2.814784018626,"TOTAL_ASSETS_TDAYS":2.812484422166,"PREMIUM_EXPENSE":null,"LOAN_DEPOSIT":null,"LOAN_EQUITY":null,"LOAN_ASSETS":null,"DEPOSIT_EQUITY":null,"DEPOSIT_ASSETS":null,"EQUITY_MULTIPLIER":2.719840919131,"EQUITY_RATIO":1.719840919134},{"SECUCODE":"00645.HK","SECURITY_CODE":"00645","SECURITY_NAME_ABBR":"安域亚洲","ORG_CODE":"10009023","STD_REPORT_DATE":"2021-06-30 00:00:00","REPORT_DATE":"2021-09-30 00:00:00","DATE_TYPE_CODE":"002","REPORT_TYPE":"2021年中报","PER_NETCASH_OPERATE":0.396371465202,"PER_OI":0.93191021056,"BPS":0.124494812642,"BASIC_EPS":-0.01686204,"DILUTED_EPS":-0.01686204,"OPERATE_INCOME":478233396,"OPERATE_INCOME_YOY":63.3692979152,"GROSS_PROFIT":2023444.8,"GROSS_PROFIT_YOY":-1.287676048488,"HOLDER_PROFIT":-8619096.6,"HOLDER_PROFIT_YOY":-218.7050359712,"GROSS_PROFIT_RATIO":0.423108218063,"EPS_TTM":-0.028965302255,"OPERATE_INCOME_QOQ":0,"NET_PROFIT_RATIO":-1.802278275,"ROE_AVG":-12.638486044411,"GROSS_PROFIT_QOQ":0,"ROA":-4.542657916325,"HOLDER_PROFIT_QOQ":0,"ROE_YEARLY":-25.276972088821,"ROIC_YEARLY":-13.113621786965,"TOTAL_ASSETS":70781655.6,"TOTAL_LIABILITIES":6893980.2,"TAX_EBT":null,"OCF_SALES":42.533224844047,"TOTAL_PARENT_EQUITY":63887675.4,"DEBT_ASSET_RATIO":9.739783764,"OPERATE_PROFIT":-7555491,"PRETAX_PROFIT":-8619096.6,"NETCASH_OPERATE":203408085.6,"NETCASH_INVEST":-3294583.2,"NETCASH_FINANCE":-202487158.8,"END_CASH":57097461.6,"DIVI_RATIO":null,"DIVIDEND_RATE":null,"CURRENT_RATIO":15.325842696629,"COMMON_ACS":36000000000,"CURRENTDEBT_DEBT":66.980244590781,"ISSUED_COMMON_SHARES":513175401,"HK_COMMON_SHARES":513175401,"PER_SHARES":2000,"TOTAL_MARKET_CAP":30277348.659,"HKSK_MARKET_CAP":30277348.659,"PE_TTM":-2.845634437355,"PB_TTM":0.617891728887,"REPORT_DATE_SQ":"2020-06-30 00:00:00","REPORT_TYPE_SQ":"2020年中报","OPERATE_INCOME_SQ":307387483.7,"DPS_HKD":null,"OPERATE_INCOME_QOQ_SQ":0,"NET_PROFIT_RATIO_SQ":-0.9238540444,"HOLDER_PROFIT_SQ":-2839811.7,"HOLDER_PROFIT_QOQ_SQ":0,"ROE_AVG_SQ":-3.151093814939,"PE_TTM_SQ":-9.778681409858,"PB_TTM_SQ":1.060345525703,"ROA_SQ":-1.435727934721,"START_DATE":"2021-04-01 00:00:00","FISCAL_YEAR":"3-31","CURRENCY":"HKD","IS_CNY_CODE":0,"DPS_HKD_LY":null,"ORG_TYPE":"一般企业","PREMIUM_INCOME":null,"PREMIUM_INCOME_YOY":null,"NET_INTEREST_INCOME":null,"NET_INTEREST_INCOME_YOY":null,"FEE_COMMISSION_INCOME":null,"FEE_COMMISSION_INCOME_YOY":null,"ACCOUNTS_RECE_TDAYS":3.863767356563,"INVENTORY_TDAYS":null,"CURRENT_ASSETS_TDAYS":2.523095873537,"TOTAL_ASSETS_TDAYS":2.520508613618,"PREMIUM_EXPENSE":null,"LOAN_DEPOSIT":null,"LOAN_EQUITY":null,"LOAN_ASSETS":null,"DEPOSIT_EQUITY":null,"DEPOSIT_ASSETS":null,"EQUITY_MULTIPLIER":1.107907826617,"EQUITY_RATIO":0.107907826617},{"SECUCODE":"00645.HK","SECURITY_CODE":"00645","SECURITY_NAME_ABBR":"安域亚洲","ORG_CODE":"10009023","STD_REPORT_DATE":"2020-12-31 00:00:00","REPORT_DATE":"2021-03-31 00:00:00","DATE_TYPE_CODE":"001","REPORT_TYPE":"2020年年报","PER_NETCASH_OPERATE":-0.356239924291,"PER_OI":1.504684706818,"BPS":0.143161838734,"BASIC_EPS":-0.02891372,"DILUTED_EPS":-0.02891372,"OPERATE_INCOME":772167177.8,"OPERATE_INCOME_YOY":17.6554223864,"GROSS_PROFIT":5710459.7,"GROSS_PROFIT_YOY":-36.736144065308,"HOLDER_PROFIT":-14864280.6,"HOLDER_PROFIT_YOY":-228.3018867925,"GROSS_PROFIT_RATIO":0.739536704509,"EPS_TTM":-0.013778405563,"OPERATE_INCOME_QOQ":0,"NET_PROFIT_RATIO":-1.9250080847,"ROE_AVG":-18.373812038015,"GROSS_PROFIT_QOQ":0,"ROA":-5.831700525936,"HOLDER_PROFIT_QOQ":0,"ROE_YEARLY":-18.373812038015,"ROIC_YEARLY":-7.802556009727,"TOTAL_ASSETS":312780737.4,"TOTAL_LIABILITIES":239313603.4,"TAX_EBT":null,"OCF_SALES":-23.67538678876,"TOTAL_PARENT_EQUITY":73467134,"DEBT_ASSET_RATIO":76.5116181352,"OPERATE_PROFIT":-13004602.7,"PRETAX_PROFIT":-14864280.6,"NETCASH_OPERATE":-182813566,"NETCASH_INVEST":-5914170,"NETCASH_FINANCE":180480754.5,"END_CASH":60258821,"DIVI_RATIO":null,"DIVIDEND_RATE":null,"CURRENT_RATIO":1.305398429348,"COMMON_ACS":36000000000,"CURRENTDEBT_DEBT":100,"ISSUED_COMMON_SHARES":513175401,"HK_COMMON_SHARES":513175401,"PER_SHARES":2000,"TOTAL_MARKET_CAP":30277348.659,"HKSK_MARKET_CAP":30277348.659,"PE_TTM":-2.845634437355,"PB_TTM":0.617891728887,"REPORT_DATE_SQ":"2019-12-31 00:00:00","REPORT_TYPE_SQ":"2019年年报","OPERATE_INCOME_SQ":707610192.3,"DPS_HKD":null,"OPERATE_INCOME_QOQ_SQ":0,"NET_PROFIT_RATIO_SQ":-0.6898761427,"HOLDER_PROFIT_SQ":-4881633.9,"HOLDER_PROFIT_QOQ_SQ":0,"ROE_AVG_SQ":-6.642244288056,"PE_TTM_SQ":-9.778681409858,"PB_TTM_SQ":1.060345525703,"ROA_SQ":-2.456109081187,"START_DATE":"2020-04-01 00:00:00","FISCAL_YEAR":"3-31","CURRENCY":"HKD","IS_CNY_CODE":0,"DPS_HKD_LY":null,"ORG_TYPE":"一般企业","PREMIUM_INCOME":null,"PREMIUM_INCOME_YOY":null,"NET_INTEREST_INCOME":null,"NET_INTEREST_INCOME_YOY":null,"FEE_COMMISSION_INCOME":null,"FEE_COMMISSION_INCOME_YOY":null,"ACCOUNTS_RECE_TDAYS":4.139794606211,"INVENTORY_TDAYS":null,"CURRENT_ASSETS_TDAYS":3.041675295092,"TOTAL_ASSETS_TDAYS":3.029442095493,"PREMIUM_EXPENSE":null,"LOAN_DEPOSIT":null,"LOAN_EQUITY":null,"LOAN_ASSETS":null,"DEPOSIT_EQUITY":null,"DEPOSIT_ASSETS":null,"EQUITY_MULTIPLIER":4.257423971375,"EQUITY_RATIO":3.257423971377},{"SECUCODE":"00645.HK","SECURITY_CODE":"00645","SECURITY_NAME_ABBR":"安域亚洲","ORG_CODE":"10009023","STD_REPORT_DATE":"2020-06-30 00:00:00","REPORT_DATE":"2020-09-30 00:00:00","DATE_TYPE_CODE":"002","REPORT_TYPE":"2020年中报","PER_NETCASH_OPERATE":-0.106310066682,"PER_OI":0.598991072255,"BPS":0.172848410752,"BASIC_EPS":-0.00544808,"DILUTED_EPS":-0.00544808,"OPERATE_INCOME":307387483.7,"OPERATE_INCOME_YOY":-21.0919198629,"GROSS_PROFIT":2049840.1,"GROSS_PROFIT_YOY":-68.046739513209,"HOLDER_PROFIT":-2839811.7,"HOLDER_PROFIT_YOY":-353.2608695652,"GROSS_PROFIT_RATIO":0.666858674701,"EPS_TTM":-0.00951260308,"OPERATE_INCOME_QOQ":0,"NET_PROFIT_RATIO":-0.9238540444,"ROE_AVG":-3.151093814939,"GROSS_PROFIT_QOQ":0,"ROA":-1.435727934721,"HOLDER_PROFIT_QOQ":0,"ROE_YEARLY":-6.302187629879,"ROIC_YEARLY":-4.457509353287,"TOTAL_ASSETS":191438721.1,"TOTAL_LIABILITIES":102737168.6,"TAX_EBT":null,"OCF_SALES":-17.748188847287,"TOTAL_PARENT_EQUITY":88701552.5,"DEBT_ASSET_RATIO":53.6658247661,"OPERATE_PROFIT":-1893207.8,"PRETAX_PROFIT":-2839811.7,"NETCASH_OPERATE":-54555711.1,"NETCASH_INVEST":null,"NETCASH_FINANCE":53323083,"END_CASH":69762664.4,"DIVI_RATIO":null,"DIVIDEND_RATE":null,"CURRENT_RATIO":1.853042556012,"COMMON_ACS":36000000000,"CURRENTDEBT_DEBT":100,"ISSUED_COMMON_SHARES":513175401,"HK_COMMON_SHARES":513175401,"PER_SHARES":2000,"TOTAL_MARKET_CAP":30277348.659,"HKSK_MARKET_CAP":30277348.659,"PE_TTM":-2.845634437355,"PB_TTM":0.617891728887,"REPORT_DATE_SQ":"2019-06-30 00:00:00","REPORT_TYPE_SQ":"2019年中报","OPERATE_INCOME_SQ":404584025.8,"DPS_HKD":null,"OPERATE_INCOME_QOQ_SQ":0,"NET_PROFIT_RATIO_SQ":-0.1608335373,"HOLDER_PROFIT_SQ":-650706.8,"HOLDER_PROFIT_QOQ_SQ":0,"ROE_AVG_SQ":-1.267479506785,"PE_TTM_SQ":-9.778681409858,"PB_TTM_SQ":1.060345525703,"ROA_SQ":-0.257220342774,"START_DATE":"2020-04-01 00:00:00","FISCAL_YEAR":"3-31","CURRENCY":"HKD","IS_CNY_CODE":0,"DPS_HKD_LY":null,"ORG_TYPE":"一般企业","PREMIUM_INCOME":null,"PREMIUM_INCOME_YOY":null,"NET_INTEREST_INCOME":null,"NET_INTEREST_INCOME_YOY":null,"FEE_COMMISSION_INCOME":null,"FEE_COMMISSION_INCOME_YOY":null,"ACCOUNTS_RECE_TDAYS":2.439178600378,"INVENTORY_TDAYS":null,"CURRENT_ASSETS_TDAYS":1.565110352121,"TOTAL_ASSETS_TDAYS":1.554063592074,"PREMIUM_EXPENSE":null,"LOAN_DEPOSIT":null,"LOAN_EQUITY":null,"LOAN_ASSETS":null,"DEPOSIT_EQUITY":null,"DEPOSIT_ASSETS":null,"EQUITY_MULTIPLIER":2.158234165067,"EQUITY_RATIO":1.158234165067}],"count":48},"success":true,"message":"ok","code":0}