{"version":"32c3e12d06ca67d0eafffc842a92602c","result":{"pages":6,"data":[{"SECUCODE":"00648.HK","SECURITY_CODE":"00648","SECURITY_NAME_ABBR":"京玖康疗","ORG_CODE":"10009026","STD_REPORT_DATE":"2024-06-30 00:00:00","REPORT_DATE":"2024-06-30 00:00:00","DATE_TYPE_CODE":"002","REPORT_TYPE":"2024年中报","PER_NETCASH_OPERATE":-0.032228521252,"PER_OI":0.085950188179,"BPS":-0.923645400942,"BASIC_EPS":-0.01734092,"DILUTED_EPS":-0.01734092,"OPERATE_INCOME":28022926.72,"OPERATE_INCOME_YOY":49.0557794068,"GROSS_PROFIT":9847817.2,"GROSS_PROFIT_YOY":-6.248034639869,"HOLDER_PROFIT":-5560959.24,"HOLDER_PROFIT_YOY":-57.2792978833,"GROSS_PROFIT_RATIO":35.14200104221,"EPS_TTM":0.028673170934,"OPERATE_INCOME_QOQ":19.411060100528,"NET_PROFIT_RATIO":-19.8443199583,"ROE_AVG":1.863829982487,"GROSS_PROFIT_QOQ":-3.428251431037,"ROA":-11.474036062332,"HOLDER_PROFIT_QOQ":-17.545053125424,"ROE_YEARLY":3.727659964975,"ROIC_YEARLY":-25.90396020662,"TOTAL_ASSETS":45754473.76,"TOTAL_LIABILITIES":346896890.48,"TAX_EBT":-27.122887544336,"OCF_SALES":-37.496743095362,"TOTAL_PARENT_EQUITY":-301142416.72,"DEBT_ASSET_RATIO":758.1704300646,"OPERATE_PROFIT":-3930912.76,"PRETAX_PROFIT":-4374475.24,"NETCASH_OPERATE":-10507684.84,"NETCASH_INVEST":null,"NETCASH_FINANCE":6841449.28,"END_CASH":3697266.68,"DIVI_RATIO":null,"DIVIDEND_RATE":null,"CURRENT_RATIO":0.107486200491,"COMMON_ACS":null,"CURRENTDEBT_DEBT":100,"ISSUED_COMMON_SHARES":326036828,"HK_COMMON_SHARES":326036828,"PER_SHARES":5000,"TOTAL_MARKET_CAP":123893994.64,"HKSK_MARKET_CAP":123893994.64,"PE_TTM":12.037892988729,"PB_TTM":-0.375488688241,"REPORT_DATE_SQ":"2023-06-30 00:00:00","REPORT_TYPE_SQ":"2023年中报","OPERATE_INCOME_SQ":18991866.02,"DPS_HKD":null,"OPERATE_INCOME_QOQ_SQ":24.363881987556,"NET_PROFIT_RATIO_SQ":-16.5105102189,"HOLDER_PROFIT_SQ":-3571750.52,"HOLDER_PROFIT_QOQ_SQ":-8.617864117058,"ROE_AVG_SQ":1.14510698799,"PE_TTM_SQ":-5.998837681693,"PB_TTM_SQ":-0.364130642653,"ROA_SQ":-11.710118642787,"START_DATE":"2024-01-01 00:00:00","FISCAL_YEAR":"12-31","CURRENCY":"HKD","IS_CNY_CODE":0,"DPS_HKD_LY":null,"ORG_TYPE":"一般企业","PREMIUM_INCOME":null,"PREMIUM_INCOME_YOY":null,"NET_INTEREST_INCOME":null,"NET_INTEREST_INCOME_YOY":null,"FEE_COMMISSION_INCOME":null,"FEE_COMMISSION_INCOME_YOY":null,"ACCOUNTS_RECE_TDAYS":3.791787588762,"INVENTORY_TDAYS":3.220766618147,"CURRENT_ASSETS_TDAYS":0.808510638298,"TOTAL_ASSETS_TDAYS":0.578202532837,"PREMIUM_EXPENSE":null,"LOAN_DEPOSIT":null,"LOAN_EQUITY":null,"LOAN_ASSETS":null,"DEPOSIT_EQUITY":null,"DEPOSIT_ASSETS":null,"EQUITY_MULTIPLIER":-0.151936330519,"EQUITY_RATIO":-1.151936330519},{"SECUCODE":"00648.HK","SECURITY_CODE":"00648","SECURITY_NAME_ABBR":"京玖康疗","ORG_CODE":"10009026","STD_REPORT_DATE":"2023-12-31 00:00:00","REPORT_DATE":"2023-12-31 00:00:00","DATE_TYPE_CODE":"001","REPORT_TYPE":"2023年年报","PER_NETCASH_OPERATE":-0.012479963767,"PER_OI":0.142699630239,"BPS":-0.900172281826,"BASIC_EPS":0.03443636,"DILUTED_EPS":0.03443636,"OPERATE_INCOME":46525334.8,"OPERATE_INCOME_YOY":52.0509403228,"GROSS_PROFIT":19143897.5,"GROSS_PROFIT_YOY":56.011177021976,"HOLDER_PROFIT":11337718.42,"HOLDER_PROFIT_YOY":165.0767230169,"GROSS_PROFIT_RATIO":41.147253603428,"EPS_TTM":0.034774348927,"OPERATE_INCOME_QOQ":24.035423641435,"NET_PROFIT_RATIO":24.3689131282,"ROE_AVG":-3.789874180782,"GROSS_PROFIT_QOQ":7.765456810625,"ROA":31.001201789055,"HOLDER_PROFIT_QOQ":160.78204547581,"ROE_YEARLY":-3.789874180782,"ROIC_YEARLY":32.440491624747,"TOTAL_ASSETS":50814474.06,"TOTAL_LIABILITIES":344303789.48,"TAX_EBT":12.930614517364,"OCF_SALES":-8.745617452279,"TOTAL_PARENT_EQUITY":-293489315.42,"DEBT_ASSET_RATIO":677.5703101314,"OPERATE_PROFIT":24747961.98,"PRETAX_PROFIT":13021475.18,"NETCASH_OPERATE":-4068927.8,"NETCASH_INVEST":-765755.9,"NETCASH_FINANCE":9340409.54,"END_CASH":7311382.96,"DIVI_RATIO":null,"DIVIDEND_RATE":null,"CURRENT_RATIO":0.093175253791,"COMMON_ACS":null,"CURRENTDEBT_DEBT":99.145641085031,"ISSUED_COMMON_SHARES":326036828,"HK_COMMON_SHARES":326036828,"PER_SHARES":5000,"TOTAL_MARKET_CAP":123893994.64,"HKSK_MARKET_CAP":123893994.64,"PE_TTM":12.037892988729,"PB_TTM":-0.375488688241,"REPORT_DATE_SQ":"2022-12-31 00:00:00","REPORT_TYPE_SQ":"2022年年报","OPERATE_INCOME_SQ":30161261.55,"DPS_HKD":null,"OPERATE_INCOME_QOQ_SQ":131.430873363518,"NET_PROFIT_RATIO_SQ":-56.9376573375,"HOLDER_PROFIT_SQ":-17173115.75,"HOLDER_PROFIT_QOQ_SQ":-12.230150473692,"ROE_AVG_SQ":5.881705067292,"PE_TTM_SQ":-5.998837681693,"PB_TTM_SQ":-0.364130642653,"ROA_SQ":-87.875671351846,"START_DATE":"2023-01-01 00:00:00","FISCAL_YEAR":"12-31","CURRENCY":"HKD","IS_CNY_CODE":0,"DPS_HKD_LY":null,"ORG_TYPE":"一般企业","PREMIUM_INCOME":null,"PREMIUM_INCOME_YOY":null,"NET_INTEREST_INCOME":null,"NET_INTEREST_INCOME_YOY":null,"FEE_COMMISSION_INCOME":null,"FEE_COMMISSION_INCOME_YOY":null,"ACCOUNTS_RECE_TDAYS":12.606507059546,"INVENTORY_TDAYS":12.589583333333,"CURRENT_ASSETS_TDAYS":1.911997467553,"TOTAL_ASSETS_TDAYS":1.272161857446,"PREMIUM_EXPENSE":null,"LOAN_DEPOSIT":null,"LOAN_EQUITY":null,"LOAN_ASSETS":null,"DEPOSIT_EQUITY":null,"DEPOSIT_ASSETS":null,"EQUITY_MULTIPLIER":-0.173139093624,"EQUITY_RATIO":-1.173139093623},{"SECUCODE":"00648.HK","SECURITY_CODE":"00648","SECURITY_NAME_ABBR":"京玖康疗","ORG_CODE":"10009026","STD_REPORT_DATE":"2023-06-30 00:00:00","REPORT_DATE":"2023-06-30 00:00:00","DATE_TYPE_CODE":"002","REPORT_TYPE":"2023年中报","PER_NETCASH_OPERATE":-0.025368553089,"PER_OI":0.05825067719,"BPS":-0.962161265659,"BASIC_EPS":-0.01106376,"DILUTED_EPS":-0.01106376,"OPERATE_INCOME":18991866.02,"OPERATE_INCOME_YOY":51.2963643041,"GROSS_PROFIT":10504118.14,"GROSS_PROFIT_YOY":109.639678849275,"HOLDER_PROFIT":-3571750.52,"HOLDER_PROFIT_YOY":-58.3810302535,"GROSS_PROFIT_RATIO":55.308510121851,"EPS_TTM":-0.057211547678,"OPERATE_INCOME_QOQ":24.363881987556,"NET_PROFIT_RATIO":-16.5105102189,"ROE_AVG":1.14510698799,"GROSS_PROFIT_QOQ":44.769188234531,"ROA":-11.710118642787,"HOLDER_PROFIT_QOQ":-8.617864117058,"ROE_YEARLY":2.290213975981,"ROIC_YEARLY":-21.494756699773,"TOTAL_ASSETS":38285219.5,"TOTAL_LIABILITIES":358540504.38,"TAX_EBT":-27.953348382242,"OCF_SALES":-43.550657798922,"TOTAL_PARENT_EQUITY":-313700007.08,"DEBT_ASSET_RATIO":936.4984948826,"OPERATE_PROFIT":3261043.26,"PRETAX_PROFIT":-2450622.84,"NETCASH_OPERATE":-8271082.58,"NETCASH_INVEST":-118935.42,"NETCASH_FINANCE":10763194.52,"END_CASH":5227626.6,"DIVI_RATIO":null,"DIVIDEND_RATE":null,"CURRENT_RATIO":0.093827468143,"COMMON_ACS":null,"CURRENTDEBT_DEBT":99.063466716039,"ISSUED_COMMON_SHARES":326036828,"HK_COMMON_SHARES":326036828,"PER_SHARES":5000,"TOTAL_MARKET_CAP":123893994.64,"HKSK_MARKET_CAP":123893994.64,"PE_TTM":12.037892988729,"PB_TTM":-0.375488688241,"REPORT_DATE_SQ":"2022-06-30 00:00:00","REPORT_TYPE_SQ":"2022年中报","OPERATE_INCOME_SQ":11643411.85,"DPS_HKD":null,"OPERATE_INCOME_QOQ_SQ":838.196798882501,"NET_PROFIT_RATIO_SQ":-17.9654792508,"HOLDER_PROFIT_SQ":-2091794.74,"HOLDER_PROFIT_QOQ_SQ":28.771148063255,"ROE_AVG_SQ":0.768044814128,"PE_TTM_SQ":-5.998837681693,"PB_TTM_SQ":-0.364130642653,"ROA_SQ":-10.791493867467,"START_DATE":"2023-01-01 00:00:00","FISCAL_YEAR":"12-31","CURRENCY":"HKD","IS_CNY_CODE":0,"DPS_HKD_LY":null,"ORG_TYPE":"一般企业","PREMIUM_INCOME":null,"PREMIUM_INCOME_YOY":null,"NET_INTEREST_INCOME":null,"NET_INTEREST_INCOME_YOY":null,"FEE_COMMISSION_INCOME":null,"FEE_COMMISSION_INCOME_YOY":null,"ACCOUNTS_RECE_TDAYS":3.654248713855,"INVENTORY_TDAYS":4.344502123643,"CURRENT_ASSETS_TDAYS":0.752461142262,"TOTAL_ASSETS_TDAYS":0.622655482506,"PREMIUM_EXPENSE":null,"LOAN_DEPOSIT":null,"LOAN_EQUITY":null,"LOAN_ASSETS":null,"DEPOSIT_EQUITY":null,"DEPOSIT_ASSETS":null,"EQUITY_MULTIPLIER":-0.11954594134,"EQUITY_RATIO":-1.142940695849},{"SECUCODE":"00648.HK","SECURITY_CODE":"00648","SECURITY_NAME_ABBR":"京玖康疗","ORG_CODE":"10009026","STD_REPORT_DATE":"2022-12-31 00:00:00","REPORT_DATE":"2022-12-31 00:00:00","DATE_TYPE_CODE":"001","REPORT_TYPE":"2022年年报","PER_NETCASH_OPERATE":-0.007789201685,"PER_OI":0.092508756557,"BPS":-0.921586123516,"BASIC_EPS":-0.05270293,"DILUTED_EPS":-0.05270293,"OPERATE_INCOME":30161261.55,"OPERATE_INCOME_YOY":1887.3454973514,"GROSS_PROFIT":12270849.99,"GROSS_PROFIT_YOY":1799.79470478585,"HOLDER_PROFIT":-17173115.75,"HOLDER_PROFIT_YOY":26.8315889629,"GROSS_PROFIT_RATIO":40.684140382052,"EPS_TTM":-0.052672318815,"OPERATE_INCOME_QOQ":131.430873363518,"NET_PROFIT_RATIO":-56.9376573375,"ROE_AVG":5.881705067292,"GROSS_PROFIT_QOQ":116.935065318858,"ROA":-87.875671351846,"HOLDER_PROFIT_QOQ":-12.230150473692,"ROE_YEARLY":5.881705067292,"ROIC_YEARLY":-73.723971315719,"TOTAL_ASSETS":22010172.8,"TOTAL_LIABILITIES":329254855.65,"TAX_EBT":-15.590428090428,"OCF_SALES":-8.419961498593,"TOTAL_PARENT_EQUITY":-300471016.44,"DEBT_ASSET_RATIO":1495.9212662338,"OPERATE_PROFIT":-967411.41,"PRETAX_PROFIT":-14856866.64,"NETCASH_OPERATE":-2539566.61,"NETCASH_INVEST":-475219.64,"NETCASH_FINANCE":2501156,"END_CASH":2765563.92,"DIVI_RATIO":null,"DIVIDEND_RATE":null,"CURRENT_RATIO":0.050776868346,"COMMON_ACS":null,"CURRENTDEBT_DEBT":99.406394552286,"ISSUED_COMMON_SHARES":326036828,"HK_COMMON_SHARES":326036828,"PER_SHARES":5000,"TOTAL_MARKET_CAP":123893994.64,"HKSK_MARKET_CAP":123893994.64,"PE_TTM":12.037892988729,"PB_TTM":-0.375488688241,"REPORT_DATE_SQ":"2021-12-31 00:00:00","REPORT_TYPE_SQ":"2021年年报","OPERATE_INCOME_SQ":1389102.4,"DPS_HKD":null,"OPERATE_INCOME_QOQ_SQ":-9.912427845434,"NET_PROFIT_RATIO_SQ":-1454.7969393761,"HOLDER_PROFIT_SQ":-21482440,"HOLDER_PROFIT_QOQ_SQ":9.700977156818,"ROE_AVG_SQ":8.637054690389,"PE_TTM_SQ":-5.998837681693,"PB_TTM_SQ":-0.364130642653,"ROA_SQ":-113.225028009997,"START_DATE":"2022-01-01 00:00:00","FISCAL_YEAR":"12-31","CURRENCY":"HKD","IS_CNY_CODE":0,"DPS_HKD_LY":null,"ORG_TYPE":"一般企业","PREMIUM_INCOME":null,"PREMIUM_INCOME_YOY":null,"NET_INTEREST_INCOME":null,"NET_INTEREST_INCOME_YOY":null,"FEE_COMMISSION_INCOME":null,"FEE_COMMISSION_INCOME_YOY":null,"ACCOUNTS_RECE_TDAYS":24.9925980755,"INVENTORY_TDAYS":10.166497461929,"CURRENT_ASSETS_TDAYS":2.204197538924,"TOTAL_ASSETS_TDAYS":1.543366472403,"PREMIUM_EXPENSE":null,"LOAN_DEPOSIT":null,"LOAN_EQUITY":null,"LOAN_ASSETS":null,"DEPOSIT_EQUITY":null,"DEPOSIT_ASSETS":null,"EQUITY_MULTIPLIER":-0.071637278132,"EQUITY_RATIO":-1.09579572616},{"SECUCODE":"00648.HK","SECURITY_CODE":"00648","SECURITY_NAME_ABBR":"京玖康疗","ORG_CODE":"10009026","STD_REPORT_DATE":"2022-06-30 00:00:00","REPORT_DATE":"2022-06-30 00:00:00","DATE_TYPE_CODE":"002","REPORT_TYPE":"2022年中报","PER_NETCASH_OPERATE":-0.01340083492,"PER_OI":0.035711952915,"BPS":-0.838285307082,"BASIC_EPS":-0.00684152,"DILUTED_EPS":-0.00684152,"OPERATE_INCOME":11643411.85,"OPERATE_INCOME_YOY":null,"GROSS_PROFIT":5010558.21,"GROSS_PROFIT_YOY":null,"HOLDER_PROFIT":-2091794.74,"HOLDER_PROFIT_YOY":75.3973043653,"GROSS_PROFIT_RATIO":43.033419023136,"EPS_TTM":-0.046932413966,"OPERATE_INCOME_QOQ":838.196798882501,"NET_PROFIT_RATIO":-17.9654792508,"ROE_AVG":0.768044814128,"GROSS_PROFIT_QOQ":775.743486648171,"ROA":-10.791493867467,"HOLDER_PROFIT_QOQ":28.771148063255,"ROE_YEARLY":1.536089628255,"ROIC_YEARLY":-17.698666811382,"TOTAL_ASSETS":22420516.23,"TOTAL_LIABILITIES":302217304.48,"TAX_EBT":-0.410509031199,"OCF_SALES":-37.524788835843,"TOTAL_PARENT_EQUITY":-273311882.48,"DEBT_ASSET_RATIO":1347.9498035626,"OPERATE_PROFIT":4278515.57,"PRETAX_PROFIT":-2083242.84,"NETCASH_OPERATE":-4369165.71,"NETCASH_INVEST":175313.95,"NETCASH_FINANCE":2376573.01,"END_CASH":1322123.74,"DIVI_RATIO":null,"DIVIDEND_RATE":null,"CURRENT_RATIO":0.057341641063,"COMMON_ACS":null,"CURRENTDEBT_DEBT":98.91395390954,"ISSUED_COMMON_SHARES":326036828,"HK_COMMON_SHARES":326036828,"PER_SHARES":5000,"TOTAL_MARKET_CAP":123893994.64,"HKSK_MARKET_CAP":123893994.64,"PE_TTM":12.037892988729,"PB_TTM":-0.375488688241,"REPORT_DATE_SQ":"2021-06-30 00:00:00","REPORT_TYPE_SQ":"2021年中报","OPERATE_INCOME_SQ":null,"DPS_HKD":null,"OPERATE_INCOME_QOQ_SQ":-80.949630878818,"NET_PROFIT_RATIO_SQ":null,"HOLDER_PROFIT_SQ":-8272539.36,"HOLDER_PROFIT_QOQ_SQ":44.407347512791,"ROE_AVG_SQ":3.358261891733,"PE_TTM_SQ":-5.998837681693,"PB_TTM_SQ":-0.364130642653,"ROA_SQ":-49.66033966034,"START_DATE":"2022-01-01 00:00:00","FISCAL_YEAR":"12-31","CURRENCY":"HKD","IS_CNY_CODE":0,"DPS_HKD_LY":null,"ORG_TYPE":"一般企业","PREMIUM_INCOME":null,"PREMIUM_INCOME_YOY":null,"NET_INTEREST_INCOME":null,"NET_INTEREST_INCOME_YOY":null,"FEE_COMMISSION_INCOME":null,"FEE_COMMISSION_INCOME_YOY":null,"ACCOUNTS_RECE_TDAYS":8.022981732469,"INVENTORY_TDAYS":9.470085470085,"CURRENT_ASSETS_TDAYS":0.848921311884,"TOTAL_ASSETS_TDAYS":0.600679431748,"PREMIUM_EXPENSE":null,"LOAN_DEPOSIT":null,"LOAN_EQUITY":null,"LOAN_ASSETS":null,"DEPOSIT_EQUITY":null,"DEPOSIT_ASSETS":null,"EQUITY_MULTIPLIER":-0.080131428135,"EQUITY_RATIO":-1.105759843801},{"SECUCODE":"00648.HK","SECURITY_CODE":"00648","SECURITY_NAME_ABBR":"京玖康疗","ORG_CODE":"10009026","STD_REPORT_DATE":"2021-12-31 00:00:00","REPORT_DATE":"2021-12-31 00:00:00","DATE_TYPE_CODE":"001","REPORT_TYPE":"2021年年报","PER_NETCASH_OPERATE":-0.016595906767,"PER_OI":0.004260568993,"BPS":-0.795816109461,"BASIC_EPS":-0.0662256,"DILUTED_EPS":-0.0662256,"OPERATE_INCOME":1389102.4,"OPERATE_INCOME_YOY":-82.3333679942,"GROSS_PROFIT":645904,"GROSS_PROFIT_YOY":-85.312248653745,"HOLDER_PROFIT":-21482440,"HOLDER_PROFIT_YOY":48.3243519648,"GROSS_PROFIT_RATIO":46.497939964685,"EPS_TTM":-0.06588961171,"OPERATE_INCOME_QOQ":-9.912427845434,"NET_PROFIT_RATIO":-1454.7969393761,"ROE_AVG":8.637054690389,"GROSS_PROFIT_QOQ":-23.164626150341,"ROA":-113.225028009997,"HOLDER_PROFIT_QOQ":9.700977156818,"ROE_YEARLY":8.637054690389,"ROIC_YEARLY":-70.556801245989,"TOTAL_ASSETS":15628424,"TOTAL_LIABILITIES":281293644.8,"TAX_EBT":null,"OCF_SALES":-389.523248969982,"TOTAL_PARENT_EQUITY":-259465360,"DEBT_ASSET_RATIO":1799.884907141,"OPERATE_PROFIT":-6907084.8,"PRETAX_PROFIT":-20208619.2,"NETCASH_OPERATE":-5410876.8,"NETCASH_INVEST":-569867.2,"NETCASH_FINANCE":8104868.8,"END_CASH":3001409.6,"DIVI_RATIO":null,"DIVIDEND_RATE":null,"CURRENT_RATIO":0.045000972428,"COMMON_ACS":null,"CURRENTDEBT_DEBT":77.713574850021,"ISSUED_COMMON_SHARES":326036828,"HK_COMMON_SHARES":326036828,"PER_SHARES":5000,"TOTAL_MARKET_CAP":123893994.64,"HKSK_MARKET_CAP":123893994.64,"PE_TTM":12.037892988729,"PB_TTM":-0.375488688241,"REPORT_DATE_SQ":"2020-12-31 00:00:00","REPORT_TYPE_SQ":"2020年年报","OPERATE_INCOME_SQ":8094051.88,"DPS_HKD":null,"OPERATE_INCOME_QOQ_SQ":-62.336416387954,"NET_PROFIT_RATIO_SQ":-545.5963398149,"HOLDER_PROFIT_SQ":-42794027.44,"HOLDER_PROFIT_QOQ_SQ":42.530963766817,"ROE_AVG_SQ":19.140077996778,"PE_TTM_SQ":-5.998837681693,"PB_TTM_SQ":-0.364130642653,"ROA_SQ":-147.362624623232,"START_DATE":"2021-01-01 00:00:00","FISCAL_YEAR":"12-31","CURRENCY":"HKD","IS_CNY_CODE":0,"DPS_HKD_LY":null,"ORG_TYPE":"一般企业","PREMIUM_INCOME":null,"PREMIUM_INCOME_YOY":null,"NET_INTEREST_INCOME":null,"NET_INTEREST_INCOME_YOY":null,"FEE_COMMISSION_INCOME":null,"FEE_COMMISSION_INCOME_YOY":null,"ACCOUNTS_RECE_TDAYS":1.864983534577,"INVENTORY_TDAYS":null,"CURRENT_ASSETS_TDAYS":0.109422296645,"TOTAL_ASSETS_TDAYS":0.073213824011,"PREMIUM_EXPENSE":null,"LOAN_DEPOSIT":null,"LOAN_EQUITY":null,"LOAN_ASSETS":null,"DEPOSIT_EQUITY":null,"DEPOSIT_ASSETS":null,"EQUITY_MULTIPLIER":-0.058827512133,"EQUITY_RATIO":-1.084127934457},{"SECUCODE":"00648.HK","SECURITY_CODE":"00648","SECURITY_NAME_ABBR":"京玖康疗","ORG_CODE":"10009026","STD_REPORT_DATE":"2021-06-30 00:00:00","REPORT_DATE":"2021-06-30 00:00:00","DATE_TYPE_CODE":"002","REPORT_TYPE":"2021年中报","PER_NETCASH_OPERATE":-0.004397275758,"PER_OI":null,"BPS":-0.768226788662,"BASIC_EPS":-0.0249624,"DILUTED_EPS":-0.0249624,"OPERATE_INCOME":null,"OPERATE_INCOME_YOY":null,"GROSS_PROFIT":null,"GROSS_PROFIT_YOY":null,"HOLDER_PROFIT":-8272539.36,"HOLDER_PROFIT_YOY":66.7057365795,"GROSS_PROFIT_RATIO":null,"EPS_TTM":-0.072968244434,"OPERATE_INCOME_QOQ":-80.949630878818,"NET_PROFIT_RATIO":null,"ROE_AVG":3.358261891733,"GROSS_PROFIT_QOQ":-80.884128480986,"ROA":-49.66033966034,"HOLDER_PROFIT_QOQ":44.407347512791,"ROE_YEARLY":6.716523783466,"ROIC_YEARLY":-49.933452198589,"TOTAL_ASSETS":10603195.44,"TOTAL_LIABILITIES":274236094.32,"TAX_EBT":null,"OCF_SALES":null,"TOTAL_PARENT_EQUITY":-250470225.36,"DEBT_ASSET_RATIO":2586.3532920035,"OPERATE_PROFIT":-1419528.48,"PRETAX_PROFIT":-8272539.36,"NETCASH_OPERATE":-1433673.84,"NETCASH_INVEST":-717252.96,"NETCASH_FINANCE":1567638.72,"END_CASH":309533.76,"DIVI_RATIO":null,"DIVIDEND_RATE":null,"CURRENT_RATIO":0.044340057331,"COMMON_ACS":null,"CURRENTDEBT_DEBT":74.410384156758,"ISSUED_COMMON_SHARES":326036828,"HK_COMMON_SHARES":326036828,"PER_SHARES":5000,"TOTAL_MARKET_CAP":123893994.64,"HKSK_MARKET_CAP":123893994.64,"PE_TTM":12.037892988729,"PB_TTM":-0.375488688241,"REPORT_DATE_SQ":"2020-06-30 00:00:00","REPORT_TYPE_SQ":"2020年中报","OPERATE_INCOME_SQ":6552105.12,"DPS_HKD":null,"OPERATE_INCOME_QOQ_SQ":-40.257729831297,"NET_PROFIT_RATIO_SQ":-438.3521539105,"HOLDER_PROFIT_SQ":-27276231.84,"HOLDER_PROFIT_QOQ_SQ":-7.981016700272,"ROE_AVG_SQ":11.702898976717,"PE_TTM_SQ":-5.998837681693,"PB_TTM_SQ":-0.364130642653,"ROA_SQ":-82.512883571202,"START_DATE":"2021-01-01 00:00:00","FISCAL_YEAR":"12-31","CURRENCY":"HKD","IS_CNY_CODE":0,"DPS_HKD_LY":null,"ORG_TYPE":"一般企业","PREMIUM_INCOME":null,"PREMIUM_INCOME_YOY":null,"NET_INTEREST_INCOME":null,"NET_INTEREST_INCOME_YOY":null,"FEE_COMMISSION_INCOME":null,"FEE_COMMISSION_INCOME_YOY":null,"ACCOUNTS_RECE_TDAYS":null,"INVENTORY_TDAYS":null,"CURRENT_ASSETS_TDAYS":null,"TOTAL_ASSETS_TDAYS":null,"PREMIUM_EXPENSE":null,"LOAN_DEPOSIT":null,"LOAN_EQUITY":null,"LOAN_ASSETS":null,"DEPOSIT_EQUITY":null,"DEPOSIT_ASSETS":null,"EQUITY_MULTIPLIER":-0.040219545759,"EQUITY_RATIO":-1.094885006495},{"SECUCODE":"00648.HK","SECURITY_CODE":"00648","SECURITY_NAME_ABBR":"京玖康疗","ORG_CODE":"10009026","STD_REPORT_DATE":"2020-12-31 00:00:00","REPORT_DATE":"2020-12-31 00:00:00","DATE_TYPE_CODE":"001","REPORT_TYPE":"2020年年报","PER_NETCASH_OPERATE":-0.025612910453,"PER_OI":0.024825575471,"BPS":-0.751388622269,"BASIC_EPS":-0.13129584,"DILUTED_EPS":-0.13129584,"OPERATE_INCOME":8094051.88,"OPERATE_INCOME_YOY":-76.0514978709,"GROSS_PROFIT":4397569,"GROSS_PROFIT_YOY":-78.922302599303,"HOLDER_PROFIT":-42794027.44,"HOLDER_PROFIT_YOY":33.9525096124,"GROSS_PROFIT_RATIO":54.330872413435,"EPS_TTM":-0.131255195011,"OPERATE_INCOME_QOQ":-62.336416387954,"NET_PROFIT_RATIO":-545.5963398149,"ROE_AVG":19.140077996778,"GROSS_PROFIT_QOQ":-66.989869667857,"ROA":-147.362624623232,"HOLDER_PROFIT_QOQ":42.530963766817,"ROE_YEARLY":19.140077996778,"ROIC_YEARLY":-89.665996543576,"TOTAL_ASSETS":22974247.08,"TOTAL_LIABILITIES":289187504,"TAX_EBT":null,"OCF_SALES":-103.171467193511,"TOTAL_PARENT_EQUITY":-244980363,"DEBT_ASSET_RATIO":1258.7463823863,"OPERATE_PROFIT":-28926325.16,"PRETAX_PROFIT":-44160850.8,"NETCASH_OPERATE":-8350752.08,"NETCASH_INVEST":256700.2,"NETCASH_FINANCE":6173429.4,"END_CASH":903079.72,"DIVI_RATIO":null,"DIVIDEND_RATE":null,"CURRENT_RATIO":0.093903342055,"COMMON_ACS":null,"CURRENTDEBT_DEBT":58.955180442375,"ISSUED_COMMON_SHARES":326036828,"HK_COMMON_SHARES":326036828,"PER_SHARES":5000,"TOTAL_MARKET_CAP":123893994.64,"HKSK_MARKET_CAP":123893994.64,"PE_TTM":12.037892988729,"PB_TTM":-0.375488688241,"REPORT_DATE_SQ":"2019-12-31 00:00:00","REPORT_TYPE_SQ":"2019年年报","OPERATE_INCOME_SQ":35971837.46,"DPS_HKD":null,"OPERATE_INCOME_QOQ_SQ":-27.614466497837,"NET_PROFIT_RATIO_SQ":-197.0565530294,"HOLDER_PROFIT_SQ":-68960727.52,"HOLDER_PROFIT_QOQ_SQ":-50.438616939836,"ROE_AVG_SQ":49.053610172138,"PE_TTM_SQ":-5.998837681693,"PB_TTM_SQ":-0.364130642653,"ROA_SQ":-66.112466078115,"START_DATE":"2020-01-01 00:00:00","FISCAL_YEAR":"12-31","CURRENCY":"HKD","IS_CNY_CODE":0,"DPS_HKD_LY":null,"ORG_TYPE":"一般企业","PREMIUM_INCOME":null,"PREMIUM_INCOME_YOY":null,"NET_INTEREST_INCOME":null,"NET_INTEREST_INCOME_YOY":null,"FEE_COMMISSION_INCOME":null,"FEE_COMMISSION_INCOME_YOY":null,"ACCOUNTS_RECE_TDAYS":18.710116731518,"INVENTORY_TDAYS":0.690023566379,"CURRENT_ASSETS_TDAYS":0.434460482031,"TOTAL_ASSETS_TDAYS":0.278721307674,"PREMIUM_EXPENSE":null,"LOAN_DEPOSIT":null,"LOAN_EQUITY":null,"LOAN_ASSETS":null,"DEPOSIT_EQUITY":null,"DEPOSIT_ASSETS":null,"EQUITY_MULTIPLIER":-0.086300161554,"EQUITY_RATIO":-1.180451773598},{"SECUCODE":"00648.HK","SECURITY_CODE":"00648","SECURITY_NAME_ABBR":"京玖康疗","ORG_CODE":"10009026","STD_REPORT_DATE":"2020-06-30 00:00:00","REPORT_DATE":"2020-06-30 00:00:00","DATE_TYPE_CODE":"002","REPORT_TYPE":"2020年中报","PER_NETCASH_OPERATE":-0.011052496192,"PER_OI":0.020096211708,"BPS":-0.756693952868,"BASIC_EPS":-0.08769024,"DILUTED_EPS":-0.08769024,"OPERATE_INCOME":6552105.12,"OPERATE_INCOME_YOY":-70.0012546527,"GROSS_PROFIT":3556935.36,"GROSS_PROFIT_YOY":-67.951697910707,"HOLDER_PROFIT":-27276231.84,"HOLDER_PROFIT_YOY":-20.6456304796,"GROSS_PROFIT_RATIO":54.286909242995,"EPS_TTM":-0.228392894008,"OPERATE_INCOME_QOQ":-40.257729831297,"NET_PROFIT_RATIO":-438.3521539105,"ROE_AVG":11.702898976717,"GROSS_PROFIT_QOQ":-36.147791030765,"ROA":-82.512883571202,"HOLDER_PROFIT_QOQ":-7.981016700272,"ROE_YEARLY":23.405797953433,"ROIC_YEARLY":-103.302918918919,"TOTAL_ASSETS":28013377.92,"TOTAL_LIABILITIES":297730287.36,"TAX_EBT":null,"OCF_SALES":-54.99790882476,"TOTAL_PARENT_EQUITY":-246710096.16,"DEBT_ASSET_RATIO":1062.8146602322,"OPERATE_PROFIT":-19617037.44,"PRETAX_PROFIT":-28722207.36,"NETCASH_OPERATE":-3603520.8,"NETCASH_INVEST":null,"NETCASH_FINANCE":2540276.64,"END_CASH":2001347.04,"DIVI_RATIO":null,"DIVIDEND_RATE":null,"CURRENT_RATIO":0.097770762926,"COMMON_ACS":null,"CURRENTDEBT_DEBT":67.45054365167,"ISSUED_COMMON_SHARES":326036828,"HK_COMMON_SHARES":326036828,"PER_SHARES":5000,"TOTAL_MARKET_CAP":123893994.64,"HKSK_MARKET_CAP":123893994.64,"PE_TTM":12.037892988729,"PB_TTM":-0.375488688241,"REPORT_DATE_SQ":"2019-06-30 00:00:00","REPORT_TYPE_SQ":"2019年中报","OPERATE_INCOME_SQ":21033550.26,"DPS_HKD":null,"OPERATE_INCOME_QOQ_SQ":-2.597913074114,"NET_PROFIT_RATIO_SQ":-104.4456526285,"HOLDER_PROFIT_SQ":-21772464.66,"HOLDER_PROFIT_QOQ_SQ":20.826040605978,"ROE_AVG_SQ":28.700305544443,"PE_TTM_SQ":-5.998837681693,"PB_TTM_SQ":-0.364130642653,"ROA_SQ":-13.399198787354,"START_DATE":"2020-01-01 00:00:00","FISCAL_YEAR":"12-31","CURRENCY":"HKD","IS_CNY_CODE":0,"DPS_HKD_LY":null,"ORG_TYPE":"一般企业","PREMIUM_INCOME":null,"PREMIUM_INCOME_YOY":null,"NET_INTEREST_INCOME":null,"NET_INTEREST_INCOME_YOY":null,"FEE_COMMISSION_INCOME":null,"FEE_COMMISSION_INCOME_YOY":null,"ACCOUNTS_RECE_TDAYS":13.246537396122,"INVENTORY_TDAYS":0.499923768867,"CURRENT_ASSETS_TDAYS":0.306905699127,"TOTAL_ASSETS_TDAYS":0.198206662153,"PREMIUM_EXPENSE":null,"LOAN_DEPOSIT":null,"LOAN_EQUITY":null,"LOAN_ASSETS":null,"DEPOSIT_EQUITY":null,"DEPOSIT_ASSETS":null,"EQUITY_MULTIPLIER":-0.103862149311,"EQUITY_RATIO":-1.206802202237}],"count":48},"success":true,"message":"ok","code":0}