{"version":"62267db416d17d01147bbf0f30e20933","result":{"pages":4,"data":[{"SECUCODE":"00640.HK","SECURITY_CODE":"00640","SECURITY_NAME_ABBR":"星谦发展","ORG_CODE":"10129537","STD_REPORT_DATE":"2024-12-31 00:00:00","REPORT_DATE":"2024-09-30 00:00:00","DATE_TYPE_CODE":"001","REPORT_TYPE":"2024年年报","PER_NETCASH_OPERATE":0.155870826223,"PER_OI":1.178700588867,"BPS":0.934144444183,"BASIC_EPS":0.160698978,"DILUTED_EPS":null,"OPERATE_INCOME":664022245.02,"OPERATE_INCOME_YOY":9.6148864905,"GROSS_PROFIT":250192617.6,"GROSS_PROFIT_YOY":30.38883137764,"HOLDER_PROFIT":90549635.69,"HOLDER_PROFIT_YOY":49.7464729919,"GROSS_PROFIT_RATIO":37.678348801773,"EPS_TTM":0.160733935813,"OPERATE_INCOME_QOQ":0,"NET_PROFIT_RATIO":13.6365364819,"ROE_AVG":18.306755893209,"GROSS_PROFIT_QOQ":0,"ROA":12.83680127638,"HOLDER_PROFIT_QOQ":0,"ROE_YEARLY":18.306755893209,"ROIC_YEARLY":22.409493085398,"TOTAL_ASSETS":738952877.91,"TOTAL_LIABILITIES":212701600.14,"TAX_EBT":17.571583371643,"OCF_SALES":13.223954216678,"TOTAL_PARENT_EQUITY":526251277.77,"DEBT_ASSET_RATIO":28.7841899664,"OPERATE_PROFIT":111526172.88,"PRETAX_PROFIT":109852450.64,"NETCASH_OPERATE":87809997.67,"NETCASH_INVEST":-31700623.87,"NETCASH_FINANCE":-85890988.55,"END_CASH":276471679.99,"DIVI_RATIO":0.248714372592,"DIVIDEND_RATE":4.631578947368,"CURRENT_RATIO":2.856422010198,"COMMON_ACS":5000000000,"CURRENTDEBT_DEBT":95.44911093587,"ISSUED_COMMON_SHARES":563351076,"HK_COMMON_SHARES":563351076,"PER_SHARES":4000,"TOTAL_MARKET_CAP":535183522.2,"HKSK_MARKET_CAP":535183522.2,"PE_TTM":5.329929212935,"PB_TTM":0.917096392677,"REPORT_DATE_SQ":"2023-12-31 00:00:00","REPORT_TYPE_SQ":"2023年年报","OPERATE_INCOME_SQ":616417952.5,"DPS_HKD":0.044,"OPERATE_INCOME_QOQ_SQ":0,"NET_PROFIT_RATIO_SQ":9.9819873465,"HOLDER_PROFIT_SQ":61530762.02,"HOLDER_PROFIT_QOQ_SQ":0,"ROE_AVG_SQ":13.401405614664,"PE_TTM_SQ":5.965032122767,"PB_TTM_SQ":0.779048856609,"ROA_SQ":9.296161073937,"START_DATE":"2023-10-01 00:00:00","FISCAL_YEAR":"9-30","CURRENCY":"HKD","IS_CNY_CODE":0,"DPS_HKD_LY":0.044,"ORG_TYPE":"一般企业","PREMIUM_INCOME":null,"PREMIUM_INCOME_YOY":null,"NET_INTEREST_INCOME":null,"NET_INTEREST_INCOME_YOY":null,"FEE_COMMISSION_INCOME":null,"FEE_COMMISSION_INCOME_YOY":null,"ACCOUNTS_RECE_TDAYS":3.714929330182,"INVENTORY_TDAYS":7.565582959641,"CURRENT_ASSETS_TDAYS":1.184522057227,"TOTAL_ASSETS_TDAYS":0.94135349496,"PREMIUM_EXPENSE":null,"LOAN_DEPOSIT":null,"LOAN_EQUITY":null,"LOAN_ASSETS":null,"DEPOSIT_EQUITY":null,"DEPOSIT_ASSETS":null,"EQUITY_MULTIPLIER":1.404182581829,"EQUITY_RATIO":0.404182581829},{"SECUCODE":"00640.HK","SECURITY_CODE":"00640","SECURITY_NAME_ABBR":"星谦发展","ORG_CODE":"10129537","STD_REPORT_DATE":"2024-06-30 00:00:00","REPORT_DATE":"2024-03-31 00:00:00","DATE_TYPE_CODE":"002","REPORT_TYPE":"2024年中报","PER_NETCASH_OPERATE":0.092735534954,"PER_OI":0.535058997384,"BPS":0.855483217982,"BASIC_EPS":0.06599684,"DILUTED_EPS":null,"OPERATE_INCOME":301426061.9,"OPERATE_INCOME_YOY":-7.2933395789,"GROSS_PROFIT":113244412.9,"GROSS_PROFIT_YOY":22.079527235678,"HOLDER_PROFIT":37160391.05,"HOLDER_PROFIT_YOY":48.847089582,"GROSS_PROFIT_RATIO":37.569549290522,"EPS_TTM":0.132392109037,"OPERATE_INCOME_QOQ":0,"NET_PROFIT_RATIO":12.3281944553,"ROE_AVG":7.84488970247,"GROSS_PROFIT_QOQ":0,"ROA":5.484828109895,"HOLDER_PROFIT_QOQ":0,"ROE_YEARLY":15.68977940494,"ROIC_YEARLY":20.759982172883,"TOTAL_ASSETS":679649600.5,"TOTAL_LIABILITIES":197712209.15,"TAX_EBT":19.100436164124,"OCF_SALES":17.331833574939,"TOTAL_PARENT_EQUITY":481937391.35,"DEBT_ASSET_RATIO":29.0903149218,"OPERATE_PROFIT":46482444.7,"PRETAX_PROFIT":45933981.95,"NETCASH_OPERATE":52242663.4,"NETCASH_INVEST":-797764,"NETCASH_FINANCE":-44572343.85,"END_CASH":307465498,"DIVI_RATIO":0.301957875667,"DIVIDEND_RATE":4.583333333333,"CURRENT_RATIO":2.874067728041,"COMMON_ACS":5000000000,"CURRENTDEBT_DEBT":96.337342326439,"ISSUED_COMMON_SHARES":563351076,"HK_COMMON_SHARES":563351076,"PER_SHARES":4000,"TOTAL_MARKET_CAP":540817032.96,"HKSK_MARKET_CAP":540817032.96,"PE_TTM":5.386033730966,"PB_TTM":0.926750038916,"REPORT_DATE_SQ":"2023-06-30 00:00:00","REPORT_TYPE_SQ":"2023年中报","OPERATE_INCOME_SQ":313971048.96,"DPS_HKD":0.044,"OPERATE_INCOME_QOQ_SQ":0,"NET_PROFIT_RATIO_SQ":7.6783882049,"HOLDER_PROFIT_SQ":24107915.99,"HOLDER_PROFIT_QOQ_SQ":0,"ROE_AVG_SQ":5.615442415666,"PE_TTM_SQ":5.271579194182,"PB_TTM_SQ":0.768076337501,"ROA_SQ":3.886894873601,"START_DATE":"2023-10-01 00:00:00","FISCAL_YEAR":"9-30","CURRENCY":"HKD","IS_CNY_CODE":0,"DPS_HKD_LY":0.044,"ORG_TYPE":"一般企业","PREMIUM_INCOME":null,"PREMIUM_INCOME_YOY":null,"NET_INTEREST_INCOME":null,"NET_INTEREST_INCOME_YOY":null,"FEE_COMMISSION_INCOME":null,"FEE_COMMISSION_INCOME_YOY":null,"ACCOUNTS_RECE_TDAYS":1.946618425366,"INVENTORY_TDAYS":3.73947271237,"CURRENT_ASSETS_TDAYS":0.552299323118,"TOTAL_ASSETS_TDAYS":0.444901167789,"PREMIUM_EXPENSE":null,"LOAN_DEPOSIT":null,"LOAN_EQUITY":null,"LOAN_ASSETS":null,"DEPOSIT_EQUITY":null,"DEPOSIT_ASSETS":null,"EQUITY_MULTIPLIER":1.410244593383,"EQUITY_RATIO":0.410244593382},{"SECUCODE":"00640.HK","SECURITY_CODE":"00640","SECURITY_NAME_ABBR":"星谦发展","ORG_CODE":"10129537","STD_REPORT_DATE":"2023-12-31 00:00:00","REPORT_DATE":"2023-09-30 00:00:00","DATE_TYPE_CODE":"001","REPORT_TYPE":"2023年年报","PER_NETCASH_OPERATE":0.360376158153,"PER_OI":1.094198589052,"BPS":0.836298384207,"BASIC_EPS":0.10919797,"DILUTED_EPS":null,"OPERATE_INCOME":616417952.5,"OPERATE_INCOME_YOY":-22.0798955111,"GROSS_PROFIT":191881938.78,"GROSS_PROFIT_YOY":-4.939725647525,"HOLDER_PROFIT":61530762.02,"HOLDER_PROFIT_YOY":-33.8391711889,"GROSS_PROFIT_RATIO":31.128544845553,"EPS_TTM":0.109222764705,"OPERATE_INCOME_QOQ":0,"NET_PROFIT_RATIO":9.9819873465,"ROE_AVG":13.401405614664,"GROSS_PROFIT_QOQ":0,"ROA":9.296161073937,"HOLDER_PROFIT_QOQ":0,"ROE_YEARLY":13.401405614664,"ROIC_YEARLY":13.955235606725,"TOTAL_ASSETS":683629761.85,"TOTAL_LIABILITIES":212500167.25,"TAX_EBT":17.266311321686,"OCF_SALES":32.93516933383,"TOTAL_PARENT_EQUITY":471129594.6,"DEBT_ASSET_RATIO":31.0841012356,"OPERATE_PROFIT":74784092.11,"PRETAX_PROFIT":74372076.24,"NETCASH_OPERATE":203018296.46,"NETCASH_INVEST":-30792909.91,"NETCASH_FINANCE":10661942.97,"END_CASH":304084229.4,"DIVI_RATIO":0.366011976607,"DIVIDEND_RATE":4.489795918367,"CURRENT_RATIO":2.677011458366,"COMMON_ACS":5000000000,"CURRENTDEBT_DEBT":96.816582100831,"ISSUED_COMMON_SHARES":563351076,"HK_COMMON_SHARES":563351076,"PER_SHARES":4000,"TOTAL_MARKET_CAP":552084054.48,"HKSK_MARKET_CAP":552084054.48,"PE_TTM":5.498242767028,"PB_TTM":0.946057331394,"REPORT_DATE_SQ":"2022-12-31 00:00:00","REPORT_TYPE_SQ":"2022年年报","OPERATE_INCOME_SQ":779718628.44,"DPS_HKD":0.044,"OPERATE_INCOME_QOQ_SQ":0,"NET_PROFIT_RATIO_SQ":11.756163141,"HOLDER_PROFIT_SQ":91664994,"HOLDER_PROFIT_QOQ_SQ":0,"ROE_AVG_SQ":22.133097771076,"PE_TTM_SQ":5.628973975005,"PB_TTM_SQ":0.73515878018,"ROA_SQ":15.67839413642,"START_DATE":"2022-10-01 00:00:00","FISCAL_YEAR":"9-30","CURRENCY":"HKD","IS_CNY_CODE":0,"DPS_HKD_LY":0.067,"ORG_TYPE":"一般企业","PREMIUM_INCOME":null,"PREMIUM_INCOME_YOY":null,"NET_INTEREST_INCOME":null,"NET_INTEREST_INCOME_YOY":null,"FEE_COMMISSION_INCOME":null,"FEE_COMMISSION_INCOME_YOY":null,"ACCOUNTS_RECE_TDAYS":2.941227981838,"INVENTORY_TDAYS":5.19556184444,"CURRENT_ASSETS_TDAYS":1.159751320312,"TOTAL_ASSETS_TDAYS":0.931293614313,"PREMIUM_EXPENSE":null,"LOAN_DEPOSIT":null,"LOAN_EQUITY":null,"LOAN_ASSETS":null,"DEPOSIT_EQUITY":null,"DEPOSIT_ASSETS":null,"EQUITY_MULTIPLIER":1.451043979588,"EQUITY_RATIO":0.451043979588},{"SECUCODE":"00640.HK","SECURITY_CODE":"00640","SECURITY_NAME_ABBR":"星谦发展","ORG_CODE":"10129537","STD_REPORT_DATE":"2023-06-30 00:00:00","REPORT_DATE":"2023-03-31 00:00:00","DATE_TYPE_CODE":"002","REPORT_TYPE":"2023年中报","PER_NETCASH_OPERATE":0.221681017576,"PER_OI":0.557327503818,"BPS":0.766943783205,"BASIC_EPS":0.042807549,"DILUTED_EPS":null,"OPERATE_INCOME":313971048.96,"OPERATE_INCOME_YOY":-5.0177037788,"GROSS_PROFIT":92762820.65,"GROSS_PROFIT_YOY":25.983742084112,"HOLDER_PROFIT":24107915.99,"HOLDER_PROFIT_YOY":-49.080117597,"GROSS_PROFIT_RATIO":29.545023643826,"EPS_TTM":0.127648742008,"OPERATE_INCOME_QOQ":0,"NET_PROFIT_RATIO":7.6783882049,"ROE_AVG":5.615442415666,"GROSS_PROFIT_QOQ":0,"ROA":3.886894873601,"HOLDER_PROFIT_QOQ":0,"ROE_YEARLY":11.230884831332,"ROIC_YEARLY":10.987899505347,"TOTAL_ASSETS":629766452.36,"TOTAL_LIABILITIES":197707846.86,"TAX_EBT":19.079102021627,"OCF_SALES":39.775718236974,"TOTAL_PARENT_EQUITY":432058605.5,"DEBT_ASSET_RATIO":31.3938359401,"OPERATE_PROFIT":30420497.5,"PRETAX_PROFIT":29791953.12,"NETCASH_OPERATE":124769561.07,"NETCASH_INVEST":-16050642.35,"NETCASH_FINANCE":15424724.2,"END_CASH":240504015.53,"DIVI_RATIO":0.313178487867,"DIVIDEND_RATE":4.583333333333,"CURRENT_RATIO":2.641350017009,"COMMON_ACS":5000000000,"CURRENTDEBT_DEBT":96.32138713991,"ISSUED_COMMON_SHARES":563351076,"HK_COMMON_SHARES":563351076,"PER_SHARES":4000,"TOTAL_MARKET_CAP":540817032.96,"HKSK_MARKET_CAP":540817032.96,"PE_TTM":5.386033730966,"PB_TTM":0.926750038916,"REPORT_DATE_SQ":"2022-06-30 00:00:00","REPORT_TYPE_SQ":"2022年中报","OPERATE_INCOME_SQ":306239809.03,"DPS_HKD":0.044,"OPERATE_INCOME_QOQ_SQ":0,"NET_PROFIT_RATIO_SQ":14.3227145971,"HOLDER_PROFIT_SQ":43861853.83,"HOLDER_PROFIT_QOQ_SQ":0,"ROE_AVG_SQ":12.014973452114,"PE_TTM_SQ":5.271579194182,"PB_TTM_SQ":0.768076337501,"ROA_SQ":8.347120958631,"START_DATE":"2022-10-01 00:00:00","FISCAL_YEAR":"9-30","CURRENCY":"HKD","IS_CNY_CODE":0,"DPS_HKD_LY":0.067,"ORG_TYPE":"一般企业","PREMIUM_INCOME":null,"PREMIUM_INCOME_YOY":null,"NET_INTEREST_INCOME":null,"NET_INTEREST_INCOME_YOY":null,"FEE_COMMISSION_INCOME":null,"FEE_COMMISSION_INCOME_YOY":null,"ACCOUNTS_RECE_TDAYS":1.551189701293,"INVENTORY_TDAYS":2.365367244066,"CURRENT_ASSETS_TDAYS":0.633199098194,"TOTAL_ASSETS_TDAYS":0.506212341692,"PREMIUM_EXPENSE":null,"LOAN_DEPOSIT":null,"LOAN_EQUITY":null,"LOAN_ASSETS":null,"DEPOSIT_EQUITY":null,"DEPOSIT_ASSETS":null,"EQUITY_MULTIPLIER":1.457594975179,"EQUITY_RATIO":0.45759497518},{"SECUCODE":"00640.HK","SECURITY_CODE":"00640","SECURITY_NAME_ABBR":"星谦发展","ORG_CODE":"10129537","STD_REPORT_DATE":"2022-12-31 00:00:00","REPORT_DATE":"2022-09-30 00:00:00","DATE_TYPE_CODE":"001","REPORT_TYPE":"2022年年报","PER_NETCASH_OPERATE":-0.00569297615,"PER_OI":1.384072315928,"BPS":0.782312214204,"BASIC_EPS":0.162708756,"DILUTED_EPS":null,"OPERATE_INCOME":779718628.44,"OPERATE_INCOME_YOY":33.9818726047,"GROSS_PROFIT":201852919.2,"GROSS_PROFIT_YOY":23.199683954199,"HOLDER_PROFIT":91664994,"HOLDER_PROFIT_YOY":144.4347972891,"GROSS_PROFIT_RATIO":25.887918004967,"EPS_TTM":0.16271379945,"OPERATE_INCOME_QOQ":0,"NET_PROFIT_RATIO":11.756163141,"ROE_AVG":22.133097771076,"GROSS_PROFIT_QOQ":0,"ROA":15.67839413642,"HOLDER_PROFIT_QOQ":0,"ROE_YEARLY":22.133097771076,"ROIC_YEARLY":19.718685278304,"TOTAL_ASSETS":630957241.68,"TOTAL_LIABILITIES":190240814.04,"TAX_EBT":8.553640710999,"OCF_SALES":-0.411320715322,"TOTAL_PARENT_EQUITY":440716427.64,"DEBT_ASSET_RATIO":30.1511420225,"OPERATE_PROFIT":99733503.24,"PRETAX_PROFIT":100239085.2,"NETCASH_OPERATE":-3207144.24,"NETCASH_INVEST":54066518.76,"NETCASH_FINANCE":-34570410.12,"END_CASH":120346595.28,"DIVI_RATIO":0.245688074,"DIVIDEND_RATE":4.583333333333,"CURRENT_RATIO":2.774365728201,"COMMON_ACS":5000000000,"CURRENTDEBT_DEBT":95.661330886513,"ISSUED_COMMON_SHARES":563351076,"HK_COMMON_SHARES":563351076,"PER_SHARES":4000,"TOTAL_MARKET_CAP":540817032.96,"HKSK_MARKET_CAP":540817032.96,"PE_TTM":5.386033730966,"PB_TTM":0.926750038916,"REPORT_DATE_SQ":"2021-12-31 00:00:00","REPORT_TYPE_SQ":"2021年年报","OPERATE_INCOME_SQ":536029124.76,"DPS_HKD":0.044,"OPERATE_INCOME_QOQ_SQ":0,"NET_PROFIT_RATIO_SQ":6.44389739,"HOLDER_PROFIT_SQ":34541166.78,"HOLDER_PROFIT_QOQ_SQ":0,"ROE_AVG_SQ":9.745440528557,"PE_TTM_SQ":5.271579194182,"PB_TTM_SQ":0.768076337501,"ROA_SQ":6.985901159852,"START_DATE":"2021-10-01 00:00:00","FISCAL_YEAR":"9-30","CURRENCY":"HKD","IS_CNY_CODE":0,"DPS_HKD_LY":0.024,"ORG_TYPE":"一般企业","PREMIUM_INCOME":null,"PREMIUM_INCOME_YOY":null,"NET_INTEREST_INCOME":null,"NET_INTEREST_INCOME_YOY":null,"FEE_COMMISSION_INCOME":null,"FEE_COMMISSION_INCOME_YOY":null,"ACCOUNTS_RECE_TDAYS":3.808892855407,"INVENTORY_TDAYS":5.605037261877,"CURRENT_ASSETS_TDAYS":1.66472632267,"TOTAL_ASSETS_TDAYS":1.333631895748,"PREMIUM_EXPENSE":null,"LOAN_DEPOSIT":null,"LOAN_EQUITY":null,"LOAN_ASSETS":null,"DEPOSIT_EQUITY":null,"DEPOSIT_ASSETS":null,"EQUITY_MULTIPLIER":1.431662634086,"EQUITY_RATIO":0.431662634086},{"SECUCODE":"00640.HK","SECURITY_CODE":"00640","SECURITY_NAME_ABBR":"星谦发展","ORG_CODE":"10129537","STD_REPORT_DATE":"2022-06-30 00:00:00","REPORT_DATE":"2022-03-31 00:00:00","DATE_TYPE_CODE":"002","REPORT_TYPE":"2022年中报","PER_NETCASH_OPERATE":-0.011728562794,"PER_OI":0.543603841506,"BPS":0.679093431216,"BASIC_EPS":0.07785696,"DILUTED_EPS":null,"OPERATE_INCOME":306239809.03,"OPERATE_INCOME_YOY":16.195549155,"GROSS_PROFIT":73630786.89,"GROSS_PROFIT_YOY":-21.94944531784,"HOLDER_PROFIT":43861853.83,"HOLDER_PROFIT_YOY":81.7305107527,"GROSS_PROFIT_RATIO":24.043506010281,"EPS_TTM":0.094524473421,"OPERATE_INCOME_QOQ":0,"NET_PROFIT_RATIO":14.3227145971,"ROE_AVG":12.014973452114,"GROSS_PROFIT_QOQ":0,"ROA":8.347120958631,"HOLDER_PROFIT_QOQ":0,"ROE_YEARLY":24.029946904228,"ROIC_YEARLY":22.491661745502,"TOTAL_ASSETS":568200094.08,"TOTAL_LIABILITIES":185632078.9,"TAX_EBT":5.909881697982,"OCF_SALES":-2.157557010935,"TOTAL_PARENT_EQUITY":382568015.18,"DEBT_ASSET_RATIO":32.6701950306,"OPERATE_PROFIT":46702821.86,"PRETAX_PROFIT":46616854.8,"NETCASH_OPERATE":-6607298.47,"NETCASH_INVEST":69291883.39,"NETCASH_FINANCE":-7734602.37,"END_CASH":161056853.88,"DIVI_RATIO":0.422925815434,"DIVIDEND_RATE":4.583333333333,"CURRENT_RATIO":2.634099191887,"COMMON_ACS":5000000000,"CURRENTDEBT_DEBT":96.502686880161,"ISSUED_COMMON_SHARES":563351076,"HK_COMMON_SHARES":563351076,"PER_SHARES":4000,"TOTAL_MARKET_CAP":540817032.96,"HKSK_MARKET_CAP":540817032.96,"PE_TTM":5.386033730966,"PB_TTM":0.926750038916,"REPORT_DATE_SQ":"2021-06-30 00:00:00","REPORT_TYPE_SQ":"2021年中报","OPERATE_INCOME_SQ":274659834.96,"DPS_HKD":0.044,"OPERATE_INCOME_QOQ_SQ":0,"NET_PROFIT_RATIO_SQ":9.157712049,"HOLDER_PROFIT_SQ":25152556.8,"HOLDER_PROFIT_QOQ_SQ":0,"ROE_AVG_SQ":7.010245653047,"PE_TTM_SQ":5.271579194182,"PB_TTM_SQ":0.768076337501,"ROA_SQ":5.070313112279,"START_DATE":"2021-10-01 00:00:00","FISCAL_YEAR":"9-30","CURRENCY":"HKD","IS_CNY_CODE":0,"DPS_HKD_LY":0.024,"ORG_TYPE":"一般企业","PREMIUM_INCOME":null,"PREMIUM_INCOME_YOY":null,"NET_INTEREST_INCOME":null,"NET_INTEREST_INCOME_YOY":null,"FEE_COMMISSION_INCOME":null,"FEE_COMMISSION_INCOME_YOY":null,"ACCOUNTS_RECE_TDAYS":1.80930567967,"INVENTORY_TDAYS":2.633991339845,"CURRENT_ASSETS_TDAYS":0.712918524784,"TOTAL_ASSETS_TDAYS":0.582789030812,"PREMIUM_EXPENSE":null,"LOAN_DEPOSIT":null,"LOAN_EQUITY":null,"LOAN_ASSETS":null,"DEPOSIT_EQUITY":null,"DEPOSIT_ASSETS":null,"EQUITY_MULTIPLIER":1.485226342857,"EQUITY_RATIO":0.485226342857},{"SECUCODE":"00640.HK","SECURITY_CODE":"00640","SECURITY_NAME_ABBR":"星谦发展","ORG_CODE":"10129537","STD_REPORT_DATE":"2021-12-31 00:00:00","REPORT_DATE":"2021-09-30 00:00:00","DATE_TYPE_CODE":"001","REPORT_TYPE":"2021年年报","PER_NETCASH_OPERATE":0.007701372492,"PER_OI":0.951501022357,"BPS":0.633709978962,"BASIC_EPS":0.061313216,"DILUTED_EPS":null,"OPERATE_INCOME":536029124.76,"OPERATE_INCOME_YOY":18.2874727925,"GROSS_PROFIT":163842075.5,"GROSS_PROFIT_YOY":-2.201704386189,"HOLDER_PROFIT":34541166.78,"HOLDER_PROFIT_YOY":-25.9827198401,"GROSS_PROFIT_RATIO":30.565890533161,"EPS_TTM":0.061313749545,"OPERATE_INCOME_QOQ":0,"NET_PROFIT_RATIO":6.44389739,"ROE_AVG":9.745440528557,"GROSS_PROFIT_QOQ":0,"ROA":6.985901159852,"HOLDER_PROFIT_QOQ":0,"ROE_YEARLY":9.745440528557,"ROIC_YEARLY":9.441616389788,"TOTAL_ASSETS":495870634.4,"TOTAL_LIABILITIES":138869435.88,"TAX_EBT":8.802375453646,"OCF_SALES":0.809391930325,"TOTAL_PARENT_EQUITY":357001198.52,"DEBT_ASSET_RATIO":28.0051743834,"OPERATE_PROFIT":40566689.76,"PRETAX_PROFIT":37875072.9,"NETCASH_OPERATE":4338576.48,"NETCASH_INVEST":-2311741.5,"NETCASH_FINANCE":-35499185.78,"END_CASH":105368761.04,"DIVI_RATIO":0.652004489962,"DIVIDEND_RATE":4.583333333333,"CURRENT_RATIO":3.088905421141,"COMMON_ACS":5000000000,"CURRENTDEBT_DEBT":92.730566653469,"ISSUED_COMMON_SHARES":563351076,"HK_COMMON_SHARES":563351076,"PER_SHARES":4000,"TOTAL_MARKET_CAP":540817032.96,"HKSK_MARKET_CAP":540817032.96,"PE_TTM":5.386033730966,"PB_TTM":0.926750038916,"REPORT_DATE_SQ":"2020-12-31 00:00:00","REPORT_TYPE_SQ":"2020年年报","OPERATE_INCOME_SQ":477995560.96,"DPS_HKD":0.044,"OPERATE_INCOME_QOQ_SQ":0,"NET_PROFIT_RATIO_SQ":10.2980322372,"HOLDER_PROFIT_SQ":49224136.96,"HOLDER_PROFIT_QOQ_SQ":0,"ROE_AVG_SQ":13.476231716705,"PE_TTM_SQ":5.271579194182,"PB_TTM_SQ":0.768076337501,"ROA_SQ":9.955463615587,"START_DATE":"2020-10-01 00:00:00","FISCAL_YEAR":"9-30","CURRENCY":"HKD","IS_CNY_CODE":0,"DPS_HKD_LY":0.079,"ORG_TYPE":"一般企业","PREMIUM_INCOME":null,"PREMIUM_INCOME_YOY":null,"NET_INTEREST_INCOME":null,"NET_INTEREST_INCOME_YOY":null,"FEE_COMMISSION_INCOME":null,"FEE_COMMISSION_INCOME_YOY":null,"ACCOUNTS_RECE_TDAYS":3.742999828395,"INVENTORY_TDAYS":6.460616314549,"CURRENT_ASSETS_TDAYS":1.47635059558,"TOTAL_ASSETS_TDAYS":1.084111173263,"PREMIUM_EXPENSE":null,"LOAN_DEPOSIT":null,"LOAN_EQUITY":null,"LOAN_ASSETS":null,"DEPOSIT_EQUITY":null,"DEPOSIT_ASSETS":null,"EQUITY_MULTIPLIER":1.388988710557,"EQUITY_RATIO":0.388988710558},{"SECUCODE":"00640.HK","SECURITY_CODE":"00640","SECURITY_NAME_ABBR":"星谦发展","ORG_CODE":"10129537","STD_REPORT_DATE":"2021-06-30 00:00:00","REPORT_DATE":"2021-03-31 00:00:00","DATE_TYPE_CODE":"002","REPORT_TYPE":"2021年中报","PER_NETCASH_OPERATE":0.015356786999,"PER_OI":0.487546481512,"BPS":0.640112169627,"BASIC_EPS":0.044625504,"DILUTED_EPS":null,"OPERATE_INCOME":274659834.96,"OPERATE_INCOME_YOY":5.912030036,"GROSS_PROFIT":94337301.24,"GROSS_PROFIT_YOY":-1.78497183959,"HOLDER_PROFIT":25152556.8,"HOLDER_PROFIT_YOY":60.4658686509,"GROSS_PROFIT_RATIO":34.346959122632,"EPS_TTM":0.101945688944,"OPERATE_INCOME_QOQ":0,"NET_PROFIT_RATIO":9.157712049,"ROE_AVG":7.010245653047,"GROSS_PROFIT_QOQ":0,"ROA":5.070313112279,"HOLDER_PROFIT_QOQ":0,"ROE_YEARLY":14.020491306094,"ROIC_YEARLY":13.705585509659,"TOTAL_ASSETS":491965755.12,"TOTAL_LIABILITIES":131357875.6,"TAX_EBT":12.583715192104,"OCF_SALES":3.14980982977,"TOTAL_PARENT_EQUITY":360607879.52,"DEBT_ASSET_RATIO":26.7006136571,"OPERATE_PROFIT":30712996.02,"PRETAX_PROFIT":28773307.92,"NETCASH_OPERATE":8651262.48,"NETCASH_INVEST":-648253.06,"NETCASH_FINANCE":-52248182.42,"END_CASH":95347291.34,"DIVI_RATIO":0.392138602566,"DIVIDEND_RATE":4.583333333333,"CURRENT_RATIO":2.764775606675,"COMMON_ACS":5000000000,"CURRENTDEBT_DEBT":90.651782267405,"ISSUED_COMMON_SHARES":563351076,"HK_COMMON_SHARES":563351076,"PER_SHARES":4000,"TOTAL_MARKET_CAP":540817032.96,"HKSK_MARKET_CAP":540817032.96,"PE_TTM":5.386033730966,"PB_TTM":0.926750038916,"REPORT_DATE_SQ":"2020-06-30 00:00:00","REPORT_TYPE_SQ":"2020年中报","OPERATE_INCOME_SQ":280352398.4,"DPS_HKD":0.044,"OPERATE_INCOME_QOQ_SQ":0,"NET_PROFIT_RATIO_SQ":6.0443500026,"HOLDER_PROFIT_SQ":16945480.2,"HOLDER_PROFIT_QOQ_SQ":0,"ROE_AVG_SQ":4.699788527255,"PE_TTM_SQ":5.271579194182,"PB_TTM_SQ":0.768076337501,"ROA_SQ":3.505220692256,"START_DATE":"2020-10-01 00:00:00","FISCAL_YEAR":"9-30","CURRENCY":"HKD","IS_CNY_CODE":0,"DPS_HKD_LY":0.079,"ORG_TYPE":"一般企业","PREMIUM_INCOME":null,"PREMIUM_INCOME_YOY":null,"NET_INTEREST_INCOME":null,"NET_INTEREST_INCOME_YOY":null,"FEE_COMMISSION_INCOME":null,"FEE_COMMISSION_INCOME_YOY":null,"ACCOUNTS_RECE_TDAYS":1.799416938679,"INVENTORY_TDAYS":4.100083595169,"CURRENT_ASSETS_TDAYS":0.829306384933,"TOTAL_ASSETS_TDAYS":0.553665924974,"PREMIUM_EXPENSE":null,"LOAN_DEPOSIT":null,"LOAN_EQUITY":null,"LOAN_ASSETS":null,"DEPOSIT_EQUITY":null,"DEPOSIT_ASSETS":null,"EQUITY_MULTIPLIER":1.364267901674,"EQUITY_RATIO":0.364267901674},{"SECUCODE":"00640.HK","SECURITY_CODE":"00640","SECURITY_NAME_ABBR":"星谦发展","ORG_CODE":"10129537","STD_REPORT_DATE":"2020-12-31 00:00:00","REPORT_DATE":"2020-09-30 00:00:00","DATE_TYPE_CODE":"001","REPORT_TYPE":"2020年年报","PER_NETCASH_OPERATE":0.183712727798,"PER_OI":0.848486106309,"BPS":0.658830506751,"BASIC_EPS":0.086026688,"DILUTED_EPS":null,"OPERATE_INCOME":477995560.96,"OPERATE_INCOME_YOY":-21.3634983737,"GROSS_PROFIT":167530604.16,"GROSS_PROFIT_YOY":-18.632122131306,"HOLDER_PROFIT":49224136.96,"HOLDER_PROFIT_YOY":-15.1692284395,"GROSS_PROFIT_RATIO":35.048569033473,"EPS_TTM":0.087377372756,"OPERATE_INCOME_QOQ":0,"NET_PROFIT_RATIO":10.2980322372,"ROE_AVG":13.476231716705,"GROSS_PROFIT_QOQ":0,"ROA":9.955463615587,"HOLDER_PROFIT_QOQ":0,"ROE_YEARLY":13.476231716705,"ROIC_YEARLY":12.865767041377,"TOTAL_ASSETS":520033525.76,"TOTAL_LIABILITIES":148880650.88,"TAX_EBT":6.460500609481,"OCF_SALES":21.651825107359,"TOTAL_PARENT_EQUITY":371152874.88,"DEBT_ASSET_RATIO":28.6290486104,"OPERATE_PROFIT":55782024.32,"PRETAX_PROFIT":52623904.64,"NETCASH_OPERATE":103494762.88,"NETCASH_INVEST":-12301201.28,"NETCASH_FINANCE":-16113088.64,"END_CASH":142878993.28,"DIVI_RATIO":0.457519363872,"DIVIDEND_RATE":4.583333333333,"CURRENT_RATIO":2.561558556334,"COMMON_ACS":5000000000,"CURRENTDEBT_DEBT":90.826245802076,"ISSUED_COMMON_SHARES":563351076,"HK_COMMON_SHARES":563351076,"PER_SHARES":4000,"TOTAL_MARKET_CAP":540817032.96,"HKSK_MARKET_CAP":540817032.96,"PE_TTM":5.386033730966,"PB_TTM":0.926750038916,"REPORT_DATE_SQ":"2019-12-31 00:00:00","REPORT_TYPE_SQ":"2019年年报","OPERATE_INCOME_SQ":623965417.5,"DPS_HKD":0.044,"OPERATE_INCOME_QOQ_SQ":0,"NET_PROFIT_RATIO_SQ":9.5460787857,"HOLDER_PROFIT_SQ":59564230.35,"HOLDER_PROFIT_QOQ_SQ":0,"ROE_AVG_SQ":16.507058026552,"PE_TTM_SQ":5.271579194182,"PB_TTM_SQ":0.768076337501,"ROA_SQ":11.940139282037,"START_DATE":"2019-10-01 00:00:00","FISCAL_YEAR":"9-30","CURRENCY":"HKD","IS_CNY_CODE":0,"DPS_HKD_LY":0.052,"ORG_TYPE":"一般企业","PREMIUM_INCOME":null,"PREMIUM_INCOME_YOY":null,"NET_INTEREST_INCOME":null,"NET_INTEREST_INCOME_YOY":null,"FEE_COMMISSION_INCOME":null,"FEE_COMMISSION_INCOME_YOY":null,"ACCOUNTS_RECE_TDAYS":3.197178793934,"INVENTORY_TDAYS":6.733015721772,"CURRENT_ASSETS_TDAYS":1.510978152026,"TOTAL_ASSETS_TDAYS":0.966734555329,"PREMIUM_EXPENSE":null,"LOAN_DEPOSIT":null,"LOAN_EQUITY":null,"LOAN_ASSETS":null,"DEPOSIT_EQUITY":null,"DEPOSIT_ASSETS":null,"EQUITY_MULTIPLIER":1.401130264526,"EQUITY_RATIO":0.401130264525}],"count":33},"success":true,"message":"ok","code":0}