{"version":"0d261bc58bb45650ead57f7008c4ef96","result":{"pages":6,"data":[{"SECUCODE":"00646.HK","SECURITY_CODE":"00646","SECURITY_NAME_ABBR":"中国环保科技","ORG_CODE":"10009024","STD_REPORT_DATE":"2024-06-30 00:00:00","REPORT_DATE":"2024-06-30 00:00:00","DATE_TYPE_CODE":"002","REPORT_TYPE":"2024年中报","PER_NETCASH_OPERATE":-0.014633685254,"PER_OI":0.069111957136,"BPS":-1.64919099093,"BASIC_EPS":-0.025372504,"DILUTED_EPS":-0.025372504,"OPERATE_INCOME":17431275.32,"OPERATE_INCOME_YOY":144.2327365729,"GROSS_PROFIT":6413402.36,"GROSS_PROFIT_YOY":217.921332012857,"HOLDER_PROFIT":-5905039.6,"HOLDER_PROFIT_YOY":56.5421816228,"GROSS_PROFIT_RATIO":36.792502225247,"EPS_TTM":-0.12407434407,"OPERATE_INCOME_QOQ":71.745756943695,"NET_PROFIT_RATIO":-33.8761191685,"ROE_AVG":1.046721472593,"GROSS_PROFIT_QOQ":74.334059432873,"ROA":-16.475051882408,"HOLDER_PROFIT_QOQ":19.995817142458,"ROE_YEARLY":2.093442945186,"ROIC_YEARLY":-43.680799351877,"TOTAL_ASSETS":34653546.92,"TOTAL_LIABILITIES":595026289.4,"TAX_EBT":null,"OCF_SALES":-21.173883449395,"TOTAL_PARENT_EQUITY":-565174351.96,"DEBT_ASSET_RATIO":1717.0718217493,"OPERATE_PROFIT":7036762.8,"PRETAX_PROFIT":-5905039.6,"NETCASH_OPERATE":-3690877.92,"NETCASH_INVEST":null,"NETCASH_FINANCE":7844484.6,"END_CASH":6027338.72,"DIVI_RATIO":null,"DIVIDEND_RATE":null,"CURRENT_RATIO":0.064876691732,"COMMON_ACS":1000000000,"CURRENTDEBT_DEBT":86.507964506753,"ISSUED_COMMON_SHARES":342697938,"HK_COMMON_SHARES":342697938,"PER_SHARES":8000,"TOTAL_MARKET_CAP":76078942.236,"HKSK_MARKET_CAP":76078942.236,"PE_TTM":-2.189637134437,"PB_TTM":-0.122857183379,"REPORT_DATE_SQ":"2023-06-30 00:00:00","REPORT_TYPE_SQ":"2023年中报","OPERATE_INCOME_SQ":7209883.6,"DPS_HKD":null,"OPERATE_INCOME_QOQ_SQ":-47.392964659808,"NET_PROFIT_RATIO_SQ":-190.3836317136,"HOLDER_PROFIT_SQ":-13726438.24,"HOLDER_PROFIT_QOQ_SQ":-22.012114537157,"ROE_AVG_SQ":2.550605657486,"PE_TTM_SQ":-1.809569502449,"PB_TTM_SQ":-0.091447313149,"ROA_SQ":-41.681481585173,"START_DATE":"2024-01-01 00:00:00","FISCAL_YEAR":"12-31","CURRENCY":"HKD","IS_CNY_CODE":0,"DPS_HKD_LY":null,"ORG_TYPE":"一般企业","PREMIUM_INCOME":null,"PREMIUM_INCOME_YOY":null,"NET_INTEREST_INCOME":null,"NET_INTEREST_INCOME_YOY":null,"FEE_COMMISSION_INCOME":null,"FEE_COMMISSION_INCOME_YOY":null,"ACCOUNTS_RECE_TDAYS":0.898036910779,"INVENTORY_TDAYS":null,"CURRENT_ASSETS_TDAYS":0.505277917405,"TOTAL_ASSETS_TDAYS":0.486332327515,"PREMIUM_EXPENSE":null,"LOAN_DEPOSIT":null,"LOAN_EQUITY":null,"LOAN_ASSETS":null,"DEPOSIT_EQUITY":null,"DEPOSIT_ASSETS":null,"EQUITY_MULTIPLIER":-0.061840172251,"EQUITY_RATIO":-1.052818988223},{"SECUCODE":"00646.HK","SECURITY_CODE":"00646","SECURITY_NAME_ABBR":"中国环保科技","ORG_CODE":"10009024","STD_REPORT_DATE":"2023-12-31 00:00:00","REPORT_DATE":"2023-12-31 00:00:00","DATE_TYPE_CODE":"001","REPORT_TYPE":"2023年年报","PER_NETCASH_OPERATE":-0.008570236053,"PER_OI":0.063824102792,"BPS":-1.631560160365,"BASIC_EPS":-0.176622278,"DILUTED_EPS":-0.176622278,"OPERATE_INCOME":14246684.62,"OPERATE_INCOME_YOY":-59.0598958333,"GROSS_PROFIT":5913991.72,"GROSS_PROFIT_YOY":-51.354817364927,"HOLDER_PROFIT":-39115173.86,"HOLDER_PROFIT_YOY":-72.541573393,"GROSS_PROFIT_RATIO":41.511354239552,"EPS_TTM":-0.175233111687,"OPERATE_INCOME_QOQ":-21.049295545956,"NET_PROFIT_RATIO":-275.6631257554,"ROE_AVG":7.202380157787,"GROSS_PROFIT_QOQ":4.78041430698,"ROA":-114.410295150624,"HOLDER_PROFIT_QOQ":-43.463589985706,"ROE_YEARLY":7.202380157787,"ROIC_YEARLY":-140.214725421086,"TOTAL_ASSETS":36768970.28,"TOTAL_LIABILITIES":591035777.78,"TAX_EBT":null,"OCF_SALES":-13.427898988614,"TOTAL_PARENT_EQUITY":-559132302.68,"DEBT_ASSET_RATIO":1607.4308670577,"OPERATE_PROFIT":-13761856.92,"PRETAX_PROFIT":-39272856.14,"NETCASH_OPERATE":-1913030.42,"NETCASH_INVEST":906.22,"NETCASH_FINANCE":-218399.02,"END_CASH":1867719.42,"DIVI_RATIO":null,"DIVIDEND_RATE":null,"CURRENT_RATIO":0.075339198285,"COMMON_ACS":1000000000,"CURRENTDEBT_DEBT":79.387579557773,"ISSUED_COMMON_SHARES":342697938,"HK_COMMON_SHARES":342697938,"PER_SHARES":8000,"TOTAL_MARKET_CAP":80876713.368,"HKSK_MARKET_CAP":80876713.368,"PE_TTM":-2.327722359131,"PB_TTM":-0.130604933682,"REPORT_DATE_SQ":"2022-12-31 00:00:00","REPORT_TYPE_SQ":"2022年年报","OPERATE_INCOME_SQ":34301568,"DPS_HKD":null,"OPERATE_INCOME_QOQ_SQ":7.402012211152,"NET_PROFIT_RATIO_SQ":-65.1640625,"HOLDER_PROFIT_SQ":-22346042.32,"HOLDER_PROFIT_QOQ_SQ":40.389720879169,"ROE_AVG_SQ":4.340256240983,"PE_TTM_SQ":-1.998066325621,"PB_TTM_SQ":-0.100973074935,"ROA_SQ":-58.434945106284,"START_DATE":"2023-01-01 00:00:00","FISCAL_YEAR":"12-31","CURRENCY":"HKD","IS_CNY_CODE":0,"DPS_HKD_LY":null,"ORG_TYPE":"一般企业","PREMIUM_INCOME":null,"PREMIUM_INCOME_YOY":null,"NET_INTEREST_INCOME":null,"NET_INTEREST_INCOME_YOY":null,"FEE_COMMISSION_INCOME":null,"FEE_COMMISSION_INCOME_YOY":null,"ACCOUNTS_RECE_TDAYS":0.688415475226,"INVENTORY_TDAYS":null,"CURRENT_ASSETS_TDAYS":0.437654853707,"TOTAL_ASSETS_TDAYS":0.416709739838,"PREMIUM_EXPENSE":null,"LOAN_DEPOSIT":null,"LOAN_EQUITY":null,"LOAN_ASSETS":null,"DEPOSIT_EQUITY":null,"DEPOSIT_ASSETS":null,"EQUITY_MULTIPLIER":-0.066338033926,"EQUITY_RATIO":-1.057058901707},{"SECUCODE":"00646.HK","SECURITY_CODE":"00646","SECURITY_NAME_ABBR":"中国环保科技","ORG_CODE":"10009024","STD_REPORT_DATE":"2023-06-30 00:00:00","REPORT_DATE":"2023-06-30 00:00:00","DATE_TYPE_CODE":"002","REPORT_TYPE":"2023年中报","PER_NETCASH_OPERATE":-0.004650833572,"PER_OI":0.032299750032,"BPS":-1.576084118312,"BASIC_EPS":-0.062510244,"DILUTED_EPS":-0.062510244,"OPERATE_INCOME":7209883.6,"OPERATE_INCOME_YOY":-71.5014577259,"GROSS_PROFIT":2017292.24,"GROSS_PROFIT_YOY":-76.352060825364,"HOLDER_PROFIT":-13726438.24,"HOLDER_PROFIT_YOY":-44.5577240509,"GROSS_PROFIT_RATIO":27.979539641944,"EPS_TTM":-0.12214465824,"OPERATE_INCOME_QOQ":-47.392964659808,"NET_PROFIT_RATIO":-190.3836317136,"ROE_AVG":2.550605657486,"GROSS_PROFIT_QOQ":-53.574164640583,"ROA":-41.681481585173,"HOLDER_PROFIT_QOQ":-22.012114537157,"ROE_YEARLY":5.101211314972,"ROIC_YEARLY":-108.193742959922,"TOTAL_ASSETS":33705744.84,"TOTAL_LIABILITIES":568801731.3,"TAX_EBT":null,"OCF_SALES":-14.398976982097,"TOTAL_PARENT_EQUITY":-540120777.46,"DEBT_ASSET_RATIO":1687.5512883637,"OPERATE_PROFIT":-1054745.12,"PRETAX_PROFIT":-13726438.24,"NETCASH_OPERATE":-1038149.48,"NETCASH_INVEST":null,"NETCASH_FINANCE":4870820.34,"END_CASH":4138768.22,"DIVI_RATIO":null,"DIVIDEND_RATE":null,"CURRENT_RATIO":0.081214577167,"COMMON_ACS":1000000000,"CURRENTDEBT_DEBT":69.439406096266,"ISSUED_COMMON_SHARES":342697938,"HK_COMMON_SHARES":342697938,"PER_SHARES":8000,"TOTAL_MARKET_CAP":80876713.368,"HKSK_MARKET_CAP":80876713.368,"PE_TTM":-2.327722359131,"PB_TTM":-0.130604933682,"REPORT_DATE_SQ":"2022-06-30 00:00:00","REPORT_TYPE_SQ":"2022年中报","OPERATE_INCOME_SQ":23466413.6,"DPS_HKD":null,"OPERATE_INCOME_QOQ_SQ":-12.437386880922,"NET_PROFIT_RATIO_SQ":-38.0174927114,"HOLDER_PROFIT_SQ":-8807601.81,"HOLDER_PROFIT_QOQ_SQ":14.756503187339,"ROE_AVG_SQ":1.801151099771,"PE_TTM_SQ":-1.998066325621,"PB_TTM_SQ":-0.100973074935,"ROA_SQ":-22.383291315309,"START_DATE":"2023-01-01 00:00:00","FISCAL_YEAR":"12-31","CURRENCY":"HKD","IS_CNY_CODE":0,"DPS_HKD_LY":null,"ORG_TYPE":"一般企业","PREMIUM_INCOME":null,"PREMIUM_INCOME_YOY":null,"NET_INTEREST_INCOME":null,"NET_INTEREST_INCOME_YOY":null,"FEE_COMMISSION_INCOME":null,"FEE_COMMISSION_INCOME_YOY":null,"ACCOUNTS_RECE_TDAYS":0.31694564909,"INVENTORY_TDAYS":null,"CURRENT_ASSETS_TDAYS":0.231271995978,"TOTAL_ASSETS_TDAYS":0.218934165768,"PREMIUM_EXPENSE":null,"LOAN_DEPOSIT":null,"LOAN_EQUITY":null,"LOAN_ASSETS":null,"DEPOSIT_EQUITY":null,"DEPOSIT_ASSETS":null,"EQUITY_MULTIPLIER":-0.062990090924,"EQUITY_RATIO":-1.053101000807},{"SECUCODE":"00646.HK","SECURITY_CODE":"00646","SECURITY_NAME_ABBR":"中国环保科技","ORG_CODE":"10009024","STD_REPORT_DATE":"2022-12-31 00:00:00","REPORT_DATE":"2022-12-31 00:00:00","DATE_TYPE_CODE":"001","REPORT_TYPE":"2022年年报","PER_NETCASH_OPERATE":-0.05866957322,"PER_OI":0.156615336229,"BPS":-1.515940703267,"BASIC_EPS":-0.102011434,"DILUTED_EPS":-0.102011434,"OPERATE_INCOME":34301568,"OPERATE_INCOME_YOY":-13.9225751496,"GROSS_PROFIT":12157404.7,"GROSS_PROFIT_YOY":-8.797692935258,"HOLDER_PROFIT":-22346042.32,"HOLDER_PROFIT_YOY":53.4906204101,"GROSS_PROFIT_RATIO":35.442708333333,"EPS_TTM":-0.102028365914,"OPERATE_INCOME_QOQ":7.402012211152,"NET_PROFIT_RATIO":-65.1640625,"ROE_AVG":4.340256240983,"GROSS_PROFIT_QOQ":0.113345665182,"ROA":-58.434945106284,"HOLDER_PROFIT_QOQ":40.389720879169,"ROE_YEARLY":4.340256240983,"ROIC_YEARLY":-69.51592285889,"TOTAL_ASSETS":31156364.33,"TOTAL_LIABILITIES":545604849.65,"TAX_EBT":null,"OCF_SALES":-37.4609375,"TOTAL_PARENT_EQUITY":-519509753.14,"DEBT_ASSET_RATIO":1751.1826600533,"OPERATE_PROFIT":2569937.79,"PRETAX_PROFIT":-22352295.21,"NETCASH_OPERATE":-12849688.95,"NETCASH_INVEST":4466.35,"NETCASH_FINANCE":1280949.18,"END_CASH":705683.3,"DIVI_RATIO":null,"DIVIDEND_RATE":null,"CURRENT_RATIO":0.075951533881,"COMMON_ACS":1000000000,"CURRENTDEBT_DEBT":70.776938252605,"ISSUED_COMMON_SHARES":342697938,"HK_COMMON_SHARES":342697938,"PER_SHARES":8000,"TOTAL_MARKET_CAP":80876713.368,"HKSK_MARKET_CAP":80876713.368,"PE_TTM":-2.327722359131,"PB_TTM":-0.130604933682,"REPORT_DATE_SQ":"2021-12-31 00:00:00","REPORT_TYPE_SQ":"2021年年报","OPERATE_INCOME_SQ":36473953.6,"DPS_HKD":null,"OPERATE_INCOME_QOQ_SQ":-20.478324727987,"NET_PROFIT_RATIO_SQ":-120.2483692363,"HOLDER_PROFIT_SQ":-43976251.2,"HOLDER_PROFIT_QOQ_SQ":16.822436142218,"ROE_AVG_SQ":9.667921883004,"PE_TTM_SQ":-1.998066325621,"PB_TTM_SQ":-0.100973074935,"ROA_SQ":-85.165979210045,"START_DATE":"2022-01-01 00:00:00","FISCAL_YEAR":"12-31","CURRENCY":"HKD","IS_CNY_CODE":0,"DPS_HKD_LY":null,"ORG_TYPE":"一般企业","PREMIUM_INCOME":null,"PREMIUM_INCOME_YOY":null,"NET_INTEREST_INCOME":null,"NET_INTEREST_INCOME_YOY":null,"FEE_COMMISSION_INCOME":null,"FEE_COMMISSION_INCOME_YOY":null,"ACCOUNTS_RECE_TDAYS":1.59375778202,"INVENTORY_TDAYS":null,"CURRENT_ASSETS_TDAYS":0.959076888495,"TOTAL_ASSETS_TDAYS":0.896986685354,"PREMIUM_EXPENSE":null,"LOAN_DEPOSIT":null,"LOAN_EQUITY":null,"LOAN_ASSETS":null,"DEPOSIT_EQUITY":null,"DEPOSIT_ASSETS":null,"EQUITY_MULTIPLIER":-0.060562651498,"EQUITY_RATIO":-1.050230234086},{"SECUCODE":"00646.HK","SECURITY_CODE":"00646","SECURITY_NAME_ABBR":"中国环保科技","ORG_CODE":"10009024","STD_REPORT_DATE":"2022-06-30 00:00:00","REPORT_DATE":"2022-06-30 00:00:00","DATE_TYPE_CODE":"002","REPORT_TYPE":"2022年中报","PER_NETCASH_OPERATE":0.001944519357,"PER_OI":0.107143797509,"BPS":-1.428505294333,"BASIC_EPS":-0.04019393,"DILUTED_EPS":-0.04019393,"OPERATE_INCOME":23466413.6,"OPERATE_INCOME_YOY":-18.4643727343,"GROSS_PROFIT":8530520.25,"GROSS_PROFIT_YOY":-12.210623623623,"HOLDER_PROFIT":-8807601.81,"HOLDER_PROFIT_YOY":43.97845953,"GROSS_PROFIT_RATIO":36.352040816327,"EPS_TTM":-0.171159013879,"OPERATE_INCOME_QOQ":-12.437386880922,"NET_PROFIT_RATIO":-38.0174927114,"ROE_AVG":1.801151099771,"GROSS_PROFIT_QOQ":-8.900949759727,"ROA":-22.383291315309,"HOLDER_PROFIT_QOQ":14.756503187339,"ROE_YEARLY":3.602302199541,"ROIC_YEARLY":-52.782902829028,"TOTAL_ASSETS":35304808.77,"TOTAL_LIABILITIES":519858883.53,"TAX_EBT":null,"OCF_SALES":1.814868804665,"TOTAL_PARENT_EQUITY":-489545818.79,"DEBT_ASSET_RATIO":1472.4874645738,"OPERATE_PROFIT":3114601.98,"PRETAX_PROFIT":-8921342.08,"NETCASH_OPERATE":425884.62,"NETCASH_INVEST":null,"NETCASH_FINANCE":-555873.5,"END_CASH":809864.93,"DIVI_RATIO":null,"DIVIDEND_RATE":null,"CURRENT_RATIO":0.087830820389,"COMMON_ACS":1000000000,"CURRENTDEBT_DEBT":72.227239602097,"ISSUED_COMMON_SHARES":342697938,"HK_COMMON_SHARES":342697938,"PER_SHARES":8000,"TOTAL_MARKET_CAP":80876713.368,"HKSK_MARKET_CAP":80876713.368,"PE_TTM":-2.327722359131,"PB_TTM":-0.130604933682,"REPORT_DATE_SQ":"2021-06-30 00:00:00","REPORT_TYPE_SQ":"2021年中报","OPERATE_INCOME_SQ":28002820.32,"DPS_HKD":null,"OPERATE_INCOME_QOQ_SQ":1.863166128258,"NET_PROFIT_RATIO_SQ":-55.0127770844,"HOLDER_PROFIT_SQ":-15296958.72,"HOLDER_PROFIT_QOQ_SQ":7.689494511168,"ROE_AVG_SQ":3.333928764112,"PE_TTM_SQ":-1.998066325621,"PB_TTM_SQ":-0.100973074935,"ROA_SQ":-28.379786503238,"START_DATE":"2022-01-01 00:00:00","FISCAL_YEAR":"12-31","CURRENCY":"HKD","IS_CNY_CODE":0,"DPS_HKD_LY":null,"ORG_TYPE":"一般企业","PREMIUM_INCOME":null,"PREMIUM_INCOME_YOY":null,"NET_INTEREST_INCOME":null,"NET_INTEREST_INCOME_YOY":null,"FEE_COMMISSION_INCOME":null,"FEE_COMMISSION_INCOME_YOY":null,"ACCOUNTS_RECE_TDAYS":1.138896382842,"INVENTORY_TDAYS":null,"CURRENT_ASSETS_TDAYS":0.639582313591,"TOTAL_ASSETS_TDAYS":0.596366165348,"PREMIUM_EXPENSE":null,"LOAN_DEPOSIT":null,"LOAN_EQUITY":null,"LOAN_ASSETS":null,"DEPOSIT_EQUITY":null,"DEPOSIT_ASSETS":null,"EQUITY_MULTIPLIER":-0.072860410445,"EQUITY_RATIO":-1.061920791837},{"SECUCODE":"00646.HK","SECURITY_CODE":"00646","SECURITY_NAME_ABBR":"中国环保科技","ORG_CODE":"10009024","STD_REPORT_DATE":"2021-12-31 00:00:00","REPORT_DATE":"2021-12-31 00:00:00","DATE_TYPE_CODE":"001","REPORT_TYPE":"2021年年报","PER_NETCASH_OPERATE":-0.033559917818,"PER_OI":0.166534092746,"BPS":-1.36266134639,"BASIC_EPS":-0.23080848,"DILUTED_EPS":-0.23080848,"OPERATE_INCOME":36473953.6,"OPERATE_INCOME_YOY":-16.614953271,"GROSS_PROFIT":13330150.4,"GROSS_PROFIT_YOY":-8.860028408877,"HOLDER_PROFIT":-43976251.2,"HOLDER_PROFIT_YOY":20.9607500257,"GROSS_PROFIT_RATIO":36.547039967721,"EPS_TTM":-0.200788353692,"OPERATE_INCOME_QOQ":-20.478324727987,"NET_PROFIT_RATIO":-120.2483692363,"ROE_AVG":9.667921883004,"GROSS_PROFIT_QOQ":-14.060012692413,"ROA":-85.165979210045,"HOLDER_PROFIT_QOQ":16.822436142218,"ROE_YEARLY":9.667921883004,"ROIC_YEARLY":-94.299464396855,"TOTAL_ASSETS":41485841.6,"TOTAL_LIABILITIES":503492796.8,"TAX_EBT":-0.246673643295,"OCF_SALES":-20.151980453251,"TOTAL_PARENT_EQUITY":-466981233.6,"DEBT_ASSET_RATIO":1213.6497112788,"OPERATE_PROFIT":-22992547.2,"PRETAX_PROFIT":-43751411.2,"NETCASH_OPERATE":-7350224,"NETCASH_INVEST":-255908.8,"NETCASH_FINANCE":7086956.8,"END_CASH":905900.8,"DIVI_RATIO":null,"DIVIDEND_RATE":null,"CURRENT_RATIO":0.091381584801,"COMMON_ACS":1000000000,"CURRENTDEBT_DEBT":83.951102436109,"ISSUED_COMMON_SHARES":342697938,"HK_COMMON_SHARES":342697938,"PER_SHARES":8000,"TOTAL_MARKET_CAP":80876713.368,"HKSK_MARKET_CAP":80876713.368,"PE_TTM":-2.327722359131,"PB_TTM":-0.130604933682,"REPORT_DATE_SQ":"2020-12-31 00:00:00","REPORT_TYPE_SQ":"2020年年报","OPERATE_INCOME_SQ":45027740,"DPS_HKD":null,"OPERATE_INCOME_QOQ_SQ":17.233150250032,"NET_PROFIT_RATIO_SQ":-127.4074766355,"HOLDER_PROFIT_SQ":-57274443.64,"HOLDER_PROFIT_QOQ_SQ":74.736341037482,"ROE_AVG_SQ":13.46579283761,"PE_TTM_SQ":-1.998066325621,"PB_TTM_SQ":-0.100973074935,"ROA_SQ":-92.617897243961,"START_DATE":"2021-01-01 00:00:00","FISCAL_YEAR":"12-31","CURRENCY":"HKD","IS_CNY_CODE":0,"DPS_HKD_LY":null,"ORG_TYPE":"一般企业","PREMIUM_INCOME":null,"PREMIUM_INCOME_YOY":null,"NET_INTEREST_INCOME":null,"NET_INTEREST_INCOME_YOY":null,"FEE_COMMISSION_INCOME":null,"FEE_COMMISSION_INCOME_YOY":null,"ACCOUNTS_RECE_TDAYS":1.473526011561,"INVENTORY_TDAYS":null,"CURRENT_ASSETS_TDAYS":0.754800940731,"TOTAL_ASSETS_TDAYS":0.706367616439,"PREMIUM_EXPENSE":null,"LOAN_DEPOSIT":null,"LOAN_EQUITY":null,"LOAN_ASSETS":null,"DEPOSIT_EQUITY":null,"DEPOSIT_ASSETS":null,"EQUITY_MULTIPLIER":-0.089794842119,"EQUITY_RATIO":-1.078186360763},{"SECUCODE":"00646.HK","SECURITY_CODE":"00646","SECURITY_NAME_ABBR":"中国环保科技","ORG_CODE":"10009024","STD_REPORT_DATE":"2021-06-30 00:00:00","REPORT_DATE":"2021-06-30 00:00:00","DATE_TYPE_CODE":"002","REPORT_TYPE":"2021年中报","PER_NETCASH_OPERATE":0.001395249622,"PER_OI":0.007671251555,"BPS":-1.362885799214,"BASIC_EPS":-0.083790456,"DILUTED_EPS":-0.083790456,"OPERATE_INCOME":28002820.32,"OPERATE_INCOME_YOY":13.1683368081,"GROSS_PROFIT":9717030.24,"GROSS_PROFIT_YOY":10.020083035387,"HOLDER_PROFIT":-15296958.72,"HOLDER_PROFIT_YOY":14.762611276,"GROSS_PROFIT_RATIO":34.700184227729,"EPS_TTM":-0.014483597888,"OPERATE_INCOME_QOQ":1.863166128258,"NET_PROFIT_RATIO":-55.0127770844,"ROE_AVG":3.333928764112,"GROSS_PROFIT_QOQ":6.050715675492,"ROA":-28.379786503238,"HOLDER_PROFIT_QOQ":7.689494511168,"ROE_YEARLY":6.667857528225,"ROIC_YEARLY":-65.651867260667,"TOTAL_ASSETS":44921502.96,"TOTAL_LIABILITIES":508853531.52,"TAX_EBT":null,"OCF_SALES":18.188031140429,"TOTAL_PARENT_EQUITY":-467058153.12,"DEBT_ASSET_RATIO":1132.7615907533,"OPERATE_PROFIT":-5684770.56,"PRETAX_PROFIT":-15405129.12,"NETCASH_OPERATE":5093161.68,"NETCASH_INVEST":-3328.32,"NETCASH_FINANCE":911127.6,"END_CASH":7279867.92,"DIVI_RATIO":null,"DIVIDEND_RATE":null,"CURRENT_RATIO":0.096606071189,"COMMON_ACS":1000000000,"CURRENTDEBT_DEBT":86.156024750468,"ISSUED_COMMON_SHARES":342697938,"HK_COMMON_SHARES":342697938,"PER_SHARES":8000,"TOTAL_MARKET_CAP":80876713.368,"HKSK_MARKET_CAP":80876713.368,"PE_TTM":-2.327722359131,"PB_TTM":-0.130604933682,"REPORT_DATE_SQ":"2020-06-30 00:00:00","REPORT_TYPE_SQ":"2020年中报","OPERATE_INCOME_SQ":27163878.72,"DPS_HKD":null,"OPERATE_INCOME_QOQ_SQ":26.904996301813,"NET_PROFIT_RATIO_SQ":-72.5704485843,"HOLDER_PROFIT_SQ":-19701073.92,"HOLDER_PROFIT_QOQ_SQ":2.989780475612,"ROE_AVG_SQ":4.511152385255,"PE_TTM_SQ":-1.998066325621,"PB_TTM_SQ":-0.100973074935,"ROA_SQ":-33.778376388965,"START_DATE":"2021-01-01 00:00:00","FISCAL_YEAR":"12-31","CURRENCY":"HKD","IS_CNY_CODE":0,"DPS_HKD_LY":null,"ORG_TYPE":"一般企业","PREMIUM_INCOME":null,"PREMIUM_INCOME_YOY":null,"NET_INTEREST_INCOME":null,"NET_INTEREST_INCOME_YOY":null,"FEE_COMMISSION_INCOME":null,"FEE_COMMISSION_INCOME_YOY":null,"ACCOUNTS_RECE_TDAYS":1.431293327096,"INVENTORY_TDAYS":null,"CURRENT_ASSETS_TDAYS":0.552325152015,"TOTAL_ASSETS_TDAYS":0.519524224859,"PREMIUM_EXPENSE":null,"LOAN_DEPOSIT":null,"LOAN_EQUITY":null,"LOAN_ASSETS":null,"DEPOSIT_EQUITY":null,"DEPOSIT_ASSETS":null,"EQUITY_MULTIPLIER":-0.096827768282,"EQUITY_RATIO":-1.089486454997},{"SECUCODE":"00646.HK","SECURITY_CODE":"00646","SECURITY_NAME_ABBR":"中国环保科技","ORG_CODE":"10009024","STD_REPORT_DATE":"2020-12-31 00:00:00","REPORT_DATE":"2020-12-31 00:00:00","DATE_TYPE_CODE":"001","REPORT_TYPE":"2020年年报","PER_NETCASH_OPERATE":-0.003168174965,"PER_OI":0.012335154692,"BPS":-1.329953924497,"BASIC_EPS":-0.313763392,"DILUTED_EPS":-0.313763392,"OPERATE_INCOME":45027740,"OPERATE_INCOME_YOY":58.3449255631,"GROSS_PROFIT":14626019.92,"GROSS_PROFIT_YOY":233.1502137919,"HOLDER_PROFIT":-57274443.64,"HOLDER_PROFIT_YOY":73.9151267043,"GROSS_PROFIT_RATIO":32.482242990654,"EPS_TTM":-0.015690086205,"OPERATE_INCOME_QOQ":17.233150250032,"NET_PROFIT_RATIO":-127.4074766355,"ROE_AVG":13.46579283761,"GROSS_PROFIT_QOQ":39.744014614166,"ROA":-92.617897243961,"HOLDER_PROFIT_QOQ":74.736341037482,"ROE_YEARLY":13.46579283761,"ROIC_YEARLY":-101.12566592613,"TOTAL_ASSETS":63602734.8,"TOTAL_LIABILITIES":516136571.64,"TAX_EBT":null,"OCF_SALES":-25.684112149533,"TOTAL_PARENT_EQUITY":-455772467.56,"DEBT_ASSET_RATIO":811.5005954744,"OPERATE_PROFIT":-30001941.08,"PRETAX_PROFIT":-57368707.32,"NETCASH_OPERATE":-11564975.24,"NETCASH_INVEST":-87530.56,"NETCASH_FINANCE":7661448.92,"END_CASH":1004918.16,"DIVI_RATIO":null,"DIVIDEND_RATE":null,"CURRENT_RATIO":0.133323939428,"COMMON_ACS":1000000000,"CURRENTDEBT_DEBT":86.793172779172,"ISSUED_COMMON_SHARES":342697938,"HK_COMMON_SHARES":342697938,"PER_SHARES":8000,"TOTAL_MARKET_CAP":80876713.368,"HKSK_MARKET_CAP":80876713.368,"PE_TTM":-2.327722359131,"PB_TTM":-0.130604933682,"REPORT_DATE_SQ":"2019-12-31 00:00:00","REPORT_TYPE_SQ":"2019年年报","OPERATE_INCOME_SQ":30265718.86,"DPS_HKD":null,"OPERATE_INCOME_QOQ_SQ":-29.665308114042,"NET_PROFIT_RATIO_SQ":-776.7484535472,"HOLDER_PROFIT_SQ":-233693773.74,"HOLDER_PROFIT_QOQ_SQ":16.05685038792,"ROE_AVG_SQ":76.794214007542,"PE_TTM_SQ":-1.998066325621,"PB_TTM_SQ":-0.100973074935,"ROA_SQ":-239.254402054292,"START_DATE":"2020-01-01 00:00:00","FISCAL_YEAR":"12-31","CURRENCY":"HKD","IS_CNY_CODE":0,"DPS_HKD_LY":null,"ORG_TYPE":"一般企业","PREMIUM_INCOME":null,"PREMIUM_INCOME_YOY":null,"NET_INTEREST_INCOME":null,"NET_INTEREST_INCOME_YOY":null,"FEE_COMMISSION_INCOME":null,"FEE_COMMISSION_INCOME_YOY":null,"ACCOUNTS_RECE_TDAYS":1.667367896156,"INVENTORY_TDAYS":null,"CURRENT_ASSETS_TDAYS":0.807005106004,"TOTAL_ASSETS_TDAYS":0.728138822729,"PREMIUM_EXPENSE":null,"LOAN_DEPOSIT":null,"LOAN_EQUITY":null,"LOAN_ASSETS":null,"DEPOSIT_EQUITY":null,"DEPOSIT_ASSETS":null,"EQUITY_MULTIPLIER":-0.140548020109,"EQUITY_RATIO":-1.132443507181},{"SECUCODE":"00646.HK","SECURITY_CODE":"00646","SECURITY_NAME_ABBR":"中国环保科技","ORG_CODE":"10009024","STD_REPORT_DATE":"2020-06-30 00:00:00","REPORT_DATE":"2020-06-30 00:00:00","DATE_TYPE_CODE":"002","REPORT_TYPE":"2020年中报","PER_NETCASH_OPERATE":0.000016765607,"PER_OI":0.00744142713,"BPS":-1.298102805392,"BASIC_EPS":-0.005389296,"DILUTED_EPS":-0.005389296,"OPERATE_INCOME":27163878.72,"OPERATE_INCOME_YOY":37.5294824955,"GROSS_PROFIT":8832051.36,"GROSS_PROFIT_YOY":220.469237385402,"HOLDER_PROFIT":-19701073.92,"HOLDER_PROFIT_YOY":28.9099838492,"GROSS_PROFIT_RATIO":32.513955208824,"EPS_TTM":-0.062105359435,"OPERATE_INCOME_QOQ":26.904996301813,"NET_PROFIT_RATIO":-72.5704485843,"ROE_AVG":4.511152385255,"GROSS_PROFIT_QOQ":138.400345597434,"ROA":-33.778376388965,"HOLDER_PROFIT_QOQ":2.989780475612,"ROE_YEARLY":9.02230477051,"ROIC_YEARLY":-74.873940098765,"TOTAL_ASSETS":51447681.12,"TOTAL_LIABILITIES":492760688.64,"TAX_EBT":null,"OCF_SALES":0.225300961732,"TOTAL_PARENT_EQUITY":-444857154.72,"DEBT_ASSET_RATIO":957.7898904533,"OPERATE_PROFIT":-7123005.12,"PRETAX_PROFIT":-19712948.64,"NETCASH_OPERATE":61200.48,"NETCASH_INVEST":-14615.04,"NETCASH_FINANCE":-1928271.84,"END_CASH":1168289.76,"DIVI_RATIO":null,"DIVIDEND_RATE":null,"CURRENT_RATIO":0.109771217548,"COMMON_ACS":1000000000,"CURRENTDEBT_DEBT":83.577715328034,"ISSUED_COMMON_SHARES":342697938,"HK_COMMON_SHARES":342697938,"PER_SHARES":8000,"TOTAL_MARKET_CAP":80876713.368,"HKSK_MARKET_CAP":80876713.368,"PE_TTM":-2.327722359131,"PB_TTM":-0.130604933682,"REPORT_DATE_SQ":"2019-06-30 00:00:00","REPORT_TYPE_SQ":"2019年中报","OPERATE_INCOME_SQ":19020888.18,"DPS_HKD":null,"OPERATE_INCOME_QOQ_SQ":-5.037261826919,"NET_PROFIT_RATIO_SQ":-141.3541136753,"HOLDER_PROFIT_SQ":-26688004.74,"HOLDER_PROFIT_QOQ_SQ":-2.198259180898,"ROE_AVG_SQ":13.565453008956,"PE_TTM_SQ":-1.998066325621,"PB_TTM_SQ":-0.100973074935,"ROA_SQ":-12.139946100704,"START_DATE":"2020-01-01 00:00:00","FISCAL_YEAR":"12-31","CURRENCY":"HKD","IS_CNY_CODE":0,"DPS_HKD_LY":null,"ORG_TYPE":"一般企业","PREMIUM_INCOME":null,"PREMIUM_INCOME_YOY":null,"NET_INTEREST_INCOME":null,"NET_INTEREST_INCOME_YOY":null,"FEE_COMMISSION_INCOME":null,"FEE_COMMISSION_INCOME_YOY":null,"ACCOUNTS_RECE_TDAYS":1.068981631259,"INVENTORY_TDAYS":null,"CURRENT_ASSETS_TDAYS":0.53525081445,"TOTAL_ASSETS_TDAYS":0.465736905163,"PREMIUM_EXPENSE":null,"LOAN_DEPOSIT":null,"LOAN_EQUITY":null,"LOAN_ASSETS":null,"DEPOSIT_EQUITY":null,"DEPOSIT_ASSETS":null,"EQUITY_MULTIPLIER":-0.116578664674,"EQUITY_RATIO":-1.107682957128}],"count":49},"success":true,"message":"ok","code":0}