{"version":"ba761bb8fbab058cde170970a5f4b16e","result":{"pages":5,"data":[{"SECUCODE":"00658.HK","SECURITY_CODE":"00658","SECURITY_NAME_ABBR":"中国高速传动","ORG_CODE":"10081708","STD_REPORT_DATE":"2024-06-30 00:00:00","REPORT_DATE":"2024-06-30 00:00:00","DATE_TYPE_CODE":"002","REPORT_TYPE":"2024年中报","PER_NETCASH_OPERATE":-0.673849868518,"PER_OI":6.212772250137,"BPS":5.878168308722,"BASIC_EPS":-0.323,"DILUTED_EPS":-0.323,"OPERATE_INCOME":10159694000,"OPERATE_INCOME_YOY":-9.7525359546,"GROSS_PROFIT":1354468000,"GROSS_PROFIT_YOY":-22.726966729308,"HOLDER_PROFIT":-528733000,"HOLDER_PROFIT_YOY":-352.7803142943,"GROSS_PROFIT_RATIO":13.33177948076,"EPS_TTM":-0.392824752041,"OPERATE_INCOME_QOQ":-4.559929606281,"NET_PROFIT_RATIO":-3.4167466067,"ROE_AVG":-5.317686278002,"GROSS_PROFIT_QOQ":-11.734645934868,"ROA":-1.232343647797,"HOLDER_PROFIT_QOQ":-772.532638169122,"ROE_YEARLY":-10.635372556005,"ROIC_YEARLY":-3.129774724743,"TOTAL_ASSETS":44108949000,"TOTAL_LIABILITIES":30677058000,"TAX_EBT":34.597862703575,"OCF_SALES":-10.846202651379,"TOTAL_PARENT_EQUITY":9612519000,"DEBT_ASSET_RATIO":69.5483766798,"OPERATE_PROFIT":-192051000,"PRETAX_PROFIT":-530764000,"NETCASH_OPERATE":-1101941000,"NETCASH_INVEST":-995475000,"NETCASH_FINANCE":1615969000,"END_CASH":5148591000,"DIVI_RATIO":null,"DIVIDEND_RATE":null,"CURRENT_RATIO":1.26965642606,"COMMON_ACS":3000000000,"CURRENTDEBT_DEBT":78.347506465581,"ISSUED_COMMON_SHARES":1635291556,"HK_COMMON_SHARES":1635291556,"PER_SHARES":1000,"TOTAL_MARKET_CAP":1553526978.2,"HKSK_MARKET_CAP":1553526978.2,"PE_TTM":-2.216838965764,"PB_TTM":0.147502751616,"REPORT_DATE_SQ":"2023-06-30 00:00:00","REPORT_TYPE_SQ":"2023年中报","OPERATE_INCOME_SQ":11257595000,"DPS_HKD":null,"OPERATE_INCOME_QOQ_SQ":7.457470601747,"NET_PROFIT_RATIO_SQ":4.5512474023,"HOLDER_PROFIT_SQ":209167000,"HOLDER_PROFIT_QOQ_SQ":283.34432425516,"ROE_AVG_SQ":2.002441986077,"PE_TTM_SQ":5.253904418066,"PB_TTM_SQ":0.201215842363,"ROA_SQ":0.492912621024,"START_DATE":"2024-01-01 00:00:00","FISCAL_YEAR":"12-31","CURRENCY":"HKD","IS_CNY_CODE":0,"DPS_HKD_LY":null,"ORG_TYPE":"一般企业","PREMIUM_INCOME":null,"PREMIUM_INCOME_YOY":null,"NET_INTEREST_INCOME":null,"NET_INTEREST_INCOME_YOY":null,"FEE_COMMISSION_INCOME":null,"FEE_COMMISSION_INCOME_YOY":null,"ACCOUNTS_RECE_TDAYS":1.177182071464,"INVENTORY_TDAYS":1.255312719883,"CURRENT_ASSETS_TDAYS":0.34051407309,"TOTAL_ASSETS_TDAYS":0.23679691573,"PREMIUM_EXPENSE":null,"LOAN_DEPOSIT":null,"LOAN_EQUITY":null,"LOAN_ASSETS":null,"DEPOSIT_EQUITY":null,"DEPOSIT_ASSETS":null,"EQUITY_MULTIPLIER":3.28389718172,"EQUITY_RATIO":3.191365135403},{"SECUCODE":"00658.HK","SECURITY_CODE":"00658","SECURITY_NAME_ABBR":"中国高速传动","ORG_CODE":"10081708","STD_REPORT_DATE":"2023-12-31 00:00:00","REPORT_DATE":"2023-12-31 00:00:00","DATE_TYPE_CODE":"001","REPORT_TYPE":"2023年年报","PER_NETCASH_OPERATE":0.215278430753,"PER_OI":14.723458891266,"BPS":6.282249769044,"BASIC_EPS":0.058,"DILUTED_EPS":0.058,"OPERATE_INCOME":24077148000,"OPERATE_INCOME_YOY":14.2198444054,"GROSS_PROFIT":3394785000,"GROSS_PROFIT_YOY":4.031371352083,"HOLDER_PROFIT":95517000,"HOLDER_PROFIT_YOY":-5.9862793925,"GROSS_PROFIT_RATIO":14.099614289865,"EPS_TTM":0.058409767756,"OPERATE_INCOME_QOQ":6.293069961353,"NET_PROFIT_RATIO":2.5552694198,"ROE_AVG":0.920678572601,"GROSS_PROFIT_QOQ":-7.309877652211,"ROA":0.229236633395,"HOLDER_PROFIT_QOQ":-75.475384749688,"ROE_YEARLY":0.920678572601,"ROIC_YEARLY":0.286984747312,"TOTAL_ASSETS":41700395000,"TOTAL_LIABILITIES":27788171000,"TAX_EBT":15.455765972387,"OCF_SALES":1.462145765769,"TOTAL_PARENT_EQUITY":10273310000,"DEBT_ASSET_RATIO":66.6376685401,"OPERATE_PROFIT":1370821000,"PRETAX_PROFIT":727709000,"NETCASH_OPERATE":352043000,"NETCASH_INVEST":-303350000,"NETCASH_FINANCE":1177766000,"END_CASH":5627891000,"DIVI_RATIO":null,"DIVIDEND_RATE":null,"CURRENT_RATIO":1.349625663018,"COMMON_ACS":3000000000,"CURRENTDEBT_DEBT":77.744098379127,"ISSUED_COMMON_SHARES":1635291556,"HK_COMMON_SHARES":1635291556,"PER_SHARES":1000,"TOTAL_MARKET_CAP":1373644907.04,"HKSK_MARKET_CAP":1373644907.04,"PE_TTM":-1.960152348676,"PB_TTM":0.13042348564,"REPORT_DATE_SQ":"2022-12-31 00:00:00","REPORT_TYPE_SQ":"2022年年报","OPERATE_INCOME_SQ":21079654000,"DPS_HKD":null,"OPERATE_INCOME_QOQ_SQ":9.251544667538,"NET_PROFIT_RATIO_SQ":3.0560795732,"HOLDER_PROFIT_SQ":101599000,"HOLDER_PROFIT_QOQ_SQ":-80.223461512258,"ROE_AVG_SQ":0.85108589493,"PE_TTM_SQ":6.085457635314,"PB_TTM_SQ":0.233062954104,"ROA_SQ":0.285090435799,"START_DATE":"2023-01-01 00:00:00","FISCAL_YEAR":"12-31","CURRENCY":"HKD","IS_CNY_CODE":0,"DPS_HKD_LY":null,"ORG_TYPE":"一般企业","PREMIUM_INCOME":null,"PREMIUM_INCOME_YOY":null,"NET_INTEREST_INCOME":null,"NET_INTEREST_INCOME_YOY":null,"FEE_COMMISSION_INCOME":null,"FEE_COMMISSION_INCOME_YOY":null,"ACCOUNTS_RECE_TDAYS":3.090810303502,"INVENTORY_TDAYS":3.070091168915,"CURRENT_ASSETS_TDAYS":0.802449908471,"TOTAL_ASSETS_TDAYS":0.577841049161,"PREMIUM_EXPENSE":null,"LOAN_DEPOSIT":null,"LOAN_EQUITY":null,"LOAN_ASSETS":null,"DEPOSIT_EQUITY":null,"DEPOSIT_ASSETS":null,"EQUITY_MULTIPLIER":2.997392437042,"EQUITY_RATIO":2.704889758023},{"SECUCODE":"00658.HK","SECURITY_CODE":"00658","SECURITY_NAME_ABBR":"中国高速传动","ORG_CODE":"10081708","STD_REPORT_DATE":"2023-06-30 00:00:00","REPORT_DATE":"2023-06-30 00:00:00","DATE_TYPE_CODE":"002","REPORT_TYPE":"2023年中报","PER_NETCASH_OPERATE":-0.261519726211,"PER_OI":6.884151611188,"BPS":6.369042243131,"BASIC_EPS":0.128,"DILUTED_EPS":0.128,"OPERATE_INCOME":11257595000,"OPERATE_INCOME_YOY":16.2303963849,"GROSS_PROFIT":1752834000,"GROSS_PROFIT_YOY":29.498447053539,"HOLDER_PROFIT":209167000,"HOLDER_PROFIT_YOY":365.7506225543,"GROSS_PROFIT_RATIO":15.570235027997,"EPS_TTM":0.238167927041,"OPERATE_INCOME_QOQ":7.457470601747,"NET_PROFIT_RATIO":4.5512474023,"ROE_AVG":2.002441986077,"GROSS_PROFIT_QOQ":12.235660841767,"ROA":0.492912621024,"HOLDER_PROFIT_QOQ":283.34432425516,"ROE_YEARLY":4.004883972154,"ROIC_YEARLY":1.203030118415,"TOTAL_ASSETS":43235356000,"TOTAL_LIABILITIES":29398190000,"TAX_EBT":5.588641766017,"OCF_SALES":-3.798866454158,"TOTAL_PARENT_EQUITY":10415241000,"DEBT_ASSET_RATIO":67.9957162837,"OPERATE_PROFIT":885134000,"PRETAX_PROFIT":542690000,"NETCASH_OPERATE":-427661000,"NETCASH_INVEST":-1005532000,"NETCASH_FINANCE":1407062000,"END_CASH":4399027000,"DIVI_RATIO":null,"DIVIDEND_RATE":null,"CURRENT_RATIO":1.369579555391,"COMMON_ACS":3000000000,"CURRENTDEBT_DEBT":77.949336336693,"ISSUED_COMMON_SHARES":1635291556,"HK_COMMON_SHARES":1635291556,"PER_SHARES":1000,"TOTAL_MARKET_CAP":1373644907.04,"HKSK_MARKET_CAP":1373644907.04,"PE_TTM":-1.960152348676,"PB_TTM":0.13042348564,"REPORT_DATE_SQ":"2022-06-30 00:00:00","REPORT_TYPE_SQ":"2022年中报","OPERATE_INCOME_SQ":9685586000,"DPS_HKD":null,"OPERATE_INCOME_QOQ_SQ":-4.531900852061,"NET_PROFIT_RATIO_SQ":1.1753135019,"HOLDER_PROFIT_SQ":-78708000,"HOLDER_PROFIT_QOQ_SQ":-60.939976962467,"ROE_AVG_SQ":-0.656170861864,"PE_TTM_SQ":6.085457635314,"PB_TTM_SQ":0.233062954104,"ROA_SQ":-0.240435030145,"START_DATE":"2023-01-01 00:00:00","FISCAL_YEAR":"12-31","CURRENCY":"HKD","IS_CNY_CODE":0,"DPS_HKD_LY":null,"ORG_TYPE":"一般企业","PREMIUM_INCOME":null,"PREMIUM_INCOME_YOY":null,"NET_INTEREST_INCOME":null,"NET_INTEREST_INCOME_YOY":null,"FEE_COMMISSION_INCOME":null,"FEE_COMMISSION_INCOME_YOY":null,"ACCOUNTS_RECE_TDAYS":1.578434677122,"INVENTORY_TDAYS":1.231839038071,"CURRENT_ASSETS_TDAYS":0.361764726628,"TOTAL_ASSETS_TDAYS":0.265290923419,"PREMIUM_EXPENSE":null,"LOAN_DEPOSIT":null,"LOAN_EQUITY":null,"LOAN_ASSETS":null,"DEPOSIT_EQUITY":null,"DEPOSIT_ASSETS":null,"EQUITY_MULTIPLIER":3.124581724323,"EQUITY_RATIO":2.822612554045},{"SECUCODE":"00658.HK","SECURITY_CODE":"00658","SECURITY_NAME_ABBR":"中国高速传动","ORG_CODE":"10081708","STD_REPORT_DATE":"2022-12-31 00:00:00","REPORT_DATE":"2022-12-31 00:00:00","DATE_TYPE_CODE":"001","REPORT_TYPE":"2022年年报","PER_NETCASH_OPERATE":0.554404501554,"PER_OI":12.890456091856,"BPS":6.40616712143,"BASIC_EPS":0.062,"DILUTED_EPS":0.062,"OPERATE_INCOME":21079654000,"OPERATE_INCOME_YOY":4.3003729839,"GROSS_PROFIT":3263232000,"GROSS_PROFIT_YOY":2.349896967359,"HOLDER_PROFIT":101599000,"HOLDER_PROFIT_YOY":-92.2752795107,"GROSS_PROFIT_RATIO":15.480481795384,"EPS_TTM":0.062128982216,"OPERATE_INCOME_QOQ":9.251544667538,"NET_PROFIT_RATIO":3.0560795732,"ROE_AVG":0.85108589493,"GROSS_PROFIT_QOQ":19.275145236315,"ROA":0.285090435799,"HOLDER_PROFIT_QOQ":-80.223461512258,"ROE_YEARLY":0.85108589493,"ROIC_YEARLY":0.337988567324,"TOTAL_ASSETS":41634453000,"TOTAL_LIABILITIES":28039883000,"TAX_EBT":38.269722783852,"OCF_SALES":4.300891276489,"TOTAL_PARENT_EQUITY":10475951000,"DEBT_ASSET_RATIO":67.3477876604,"OPERATE_PROFIT":1599719000,"PRETAX_PROFIT":1043590000,"NETCASH_OPERATE":906613000,"NETCASH_INVEST":-5459359000,"NETCASH_FINANCE":5574544000,"END_CASH":4383517000,"DIVI_RATIO":null,"DIVIDEND_RATE":null,"CURRENT_RATIO":1.322919844642,"COMMON_ACS":3000000000,"CURRENTDEBT_DEBT":83.171969726122,"ISSUED_COMMON_SHARES":1635291556,"HK_COMMON_SHARES":1635291556,"PER_SHARES":1000,"TOTAL_MARKET_CAP":1373644907.04,"HKSK_MARKET_CAP":1373644907.04,"PE_TTM":-1.960152348676,"PB_TTM":0.13042348564,"REPORT_DATE_SQ":"2021-12-31 00:00:00","REPORT_TYPE_SQ":"2021年年报","OPERATE_INCOME_SQ":20210526000,"DPS_HKD":null,"OPERATE_INCOME_QOQ_SQ":-1.417944744952,"NET_PROFIT_RATIO_SQ":6.911546983,"HOLDER_PROFIT_SQ":1315245000,"HOLDER_PROFIT_QOQ_SQ":4.278672680668,"ROE_AVG_SQ":10.269523206927,"PE_TTM_SQ":6.085457635314,"PB_TTM_SQ":0.233062954104,"ROA_SQ":4.740341384808,"START_DATE":"2022-01-01 00:00:00","FISCAL_YEAR":"12-31","CURRENCY":"HKD","IS_CNY_CODE":0,"DPS_HKD_LY":null,"ORG_TYPE":"一般企业","PREMIUM_INCOME":null,"PREMIUM_INCOME_YOY":null,"NET_INTEREST_INCOME":null,"NET_INTEREST_INCOME_YOY":null,"FEE_COMMISSION_INCOME":null,"FEE_COMMISSION_INCOME_YOY":null,"ACCOUNTS_RECE_TDAYS":3.658262359333,"INVENTORY_TDAYS":2.936243687951,"CURRENT_ASSETS_TDAYS":0.815854448558,"TOTAL_ASSETS_TDAYS":0.591502647207,"PREMIUM_EXPENSE":null,"LOAN_DEPOSIT":null,"LOAN_EQUITY":null,"LOAN_ASSETS":null,"DEPOSIT_EQUITY":null,"DEPOSIT_ASSETS":null,"EQUITY_MULTIPLIER":3.062579618188,"EQUITY_RATIO":2.676595470903},{"SECUCODE":"00658.HK","SECURITY_CODE":"00658","SECURITY_NAME_ABBR":"中国高速传动","ORG_CODE":"10081708","STD_REPORT_DATE":"2022-06-30 00:00:00","REPORT_DATE":"2022-06-30 00:00:00","DATE_TYPE_CODE":"002","REPORT_TYPE":"2022年中报","PER_NETCASH_OPERATE":0.113410969022,"PER_OI":5.922849637707,"BPS":6.476458562475,"BASIC_EPS":-0.048,"DILUTED_EPS":-0.048,"OPERATE_INCOME":9685586000,"OPERATE_INCOME_YOY":-8.6395358698,"GROSS_PROFIT":1353556000,"GROSS_PROFIT_YOY":-25.051440215285,"HOLDER_PROFIT":-78708000,"HOLDER_PROFIT_YOY":-110.8892891829,"GROSS_PROFIT_RATIO":13.974952057625,"EPS_TTM":0.314154988519,"OPERATE_INCOME_QOQ":-4.531900852061,"NET_PROFIT_RATIO":1.1753135019,"ROE_AVG":-0.656170861864,"GROSS_PROFIT_QOQ":-14.190088165831,"ROA":-0.240435030145,"HOLDER_PROFIT_QOQ":-60.939976962467,"ROE_YEARLY":-1.312341723727,"ROIC_YEARLY":-0.586274329355,"TOTAL_ASSETS":35830851000,"TOTAL_LIABILITIES":22463790000,"TAX_EBT":74.052343896023,"OCF_SALES":1.914804122332,"TOTAL_PARENT_EQUITY":10590898000,"DEBT_ASSET_RATIO":62.6939896013,"OPERATE_PROFIT":652324000,"PRETAX_PROFIT":438714000,"NETCASH_OPERATE":185460000,"NETCASH_INVEST":-2476941000,"NETCASH_FINANCE":4311003000,"END_CASH":5341698000,"DIVI_RATIO":null,"DIVIDEND_RATE":null,"CURRENT_RATIO":1.360215098282,"COMMON_ACS":3000000000,"CURRENTDEBT_DEBT":87.091626123642,"ISSUED_COMMON_SHARES":1635291556,"HK_COMMON_SHARES":1635291556,"PER_SHARES":1000,"TOTAL_MARKET_CAP":1373644907.04,"HKSK_MARKET_CAP":1373644907.04,"PE_TTM":-1.960152348676,"PB_TTM":0.13042348564,"REPORT_DATE_SQ":"2021-06-30 00:00:00","REPORT_TYPE_SQ":"2021年中报","OPERATE_INCOME_SQ":10601507000,"DPS_HKD":null,"OPERATE_INCOME_QOQ_SQ":33.397581587442,"NET_PROFIT_RATIO_SQ":7.1765080191,"HOLDER_PROFIT_SQ":722802000,"HOLDER_PROFIT_QOQ_SQ":49.990486451518,"ROE_AVG_SQ":5.771620299662,"PE_TTM_SQ":6.085457635314,"PB_TTM_SQ":0.233062954104,"ROA_SQ":2.653731803694,"START_DATE":"2022-01-01 00:00:00","FISCAL_YEAR":"12-31","CURRENCY":"HKD","IS_CNY_CODE":0,"DPS_HKD_LY":null,"ORG_TYPE":"一般企业","PREMIUM_INCOME":null,"PREMIUM_INCOME_YOY":null,"NET_INTEREST_INCOME":null,"NET_INTEREST_INCOME_YOY":null,"FEE_COMMISSION_INCOME":null,"FEE_COMMISSION_INCOME_YOY":null,"ACCOUNTS_RECE_TDAYS":1.885862108109,"INVENTORY_TDAYS":1.511873343503,"CURRENT_ASSETS_TDAYS":0.408380274196,"TOTAL_ASSETS_TDAYS":0.295872612934,"PREMIUM_EXPENSE":null,"LOAN_DEPOSIT":null,"LOAN_EQUITY":null,"LOAN_ASSETS":null,"DEPOSIT_EQUITY":null,"DEPOSIT_ASSETS":null,"EQUITY_MULTIPLIER":2.680533215192,"EQUITY_RATIO":2.121046770538},{"SECUCODE":"00658.HK","SECURITY_CODE":"00658","SECURITY_NAME_ABBR":"中国高速传动","ORG_CODE":"10081708","STD_REPORT_DATE":"2021-12-31 00:00:00","REPORT_DATE":"2021-12-31 00:00:00","DATE_TYPE_CODE":"001","REPORT_TYPE":"2021年年报","PER_NETCASH_OPERATE":-0.906489117834,"PER_OI":12.358974108223,"BPS":8.193765173456,"BASIC_EPS":0.804,"DILUTED_EPS":0.804,"OPERATE_INCOME":20210526000,"OPERATE_INCOME_YOY":31.5060775894,"GROSS_PROFIT":3188310000,"GROSS_PROFIT_YOY":-0.759483426764,"HOLDER_PROFIT":1315245000,"HOLDER_PROFIT_YOY":56.4080884189,"GROSS_PROFIT_RATIO":15.775492433992,"EPS_TTM":0.804287770688,"OPERATE_INCOME_QOQ":-1.417944744952,"NET_PROFIT_RATIO":6.911546983,"ROE_AVG":10.269523206927,"GROSS_PROFIT_QOQ":-17.090298037639,"ROA":4.740341384808,"HOLDER_PROFIT_QOQ":4.278672680668,"ROE_YEARLY":10.269523206927,"ROIC_YEARLY":5.341491337461,"TOTAL_ASSETS":29640474000,"TOTAL_LIABILITIES":15872439000,"TAX_EBT":14.390987415378,"OCF_SALES":-7.334663135437,"TOTAL_PARENT_EQUITY":13399195000,"DEBT_ASSET_RATIO":53.5498825019,"OPERATE_PROFIT":1826666000,"PRETAX_PROFIT":1631674000,"NETCASH_OPERATE":-1482374000,"NETCASH_INVEST":-25370000,"NETCASH_FINANCE":2639595000,"END_CASH":3284166000,"DIVI_RATIO":null,"DIVIDEND_RATE":null,"CURRENT_RATIO":1.414438020099,"COMMON_ACS":3000000000,"CURRENTDEBT_DEBT":92.749469693977,"ISSUED_COMMON_SHARES":1635291556,"HK_COMMON_SHARES":1635291556,"PER_SHARES":1000,"TOTAL_MARKET_CAP":1373644907.04,"HKSK_MARKET_CAP":1373644907.04,"PE_TTM":-1.960152348676,"PB_TTM":0.13042348564,"REPORT_DATE_SQ":"2020-12-31 00:00:00","REPORT_TYPE_SQ":"2020年年报","OPERATE_INCOME_SQ":15368511000,"DPS_HKD":null,"OPERATE_INCOME_QOQ_SQ":37.935212276113,"NET_PROFIT_RATIO_SQ":5.5376607402,"HOLDER_PROFIT_SQ":840906000,"HOLDER_PROFIT_QOQ_SQ":37.365233073274,"ROE_AVG_SQ":7.180364315714,"PE_TTM_SQ":6.085457635314,"PB_TTM_SQ":0.233062954104,"ROA_SQ":3.316532750468,"START_DATE":"2021-01-01 00:00:00","FISCAL_YEAR":"12-31","CURRENCY":"HKD","IS_CNY_CODE":0,"DPS_HKD_LY":null,"ORG_TYPE":"一般企业","PREMIUM_INCOME":null,"PREMIUM_INCOME_YOY":null,"NET_INTEREST_INCOME":null,"NET_INTEREST_INCOME_YOY":null,"FEE_COMMISSION_INCOME":null,"FEE_COMMISSION_INCOME_YOY":null,"ACCOUNTS_RECE_TDAYS":5.365190746681,"INVENTORY_TDAYS":3.820546996542,"CURRENT_ASSETS_TDAYS":1.059224046077,"TOTAL_ASSETS_TDAYS":0.728417844634,"PREMIUM_EXPENSE":null,"LOAN_DEPOSIT":null,"LOAN_EQUITY":null,"LOAN_ASSETS":null,"DEPOSIT_EQUITY":null,"DEPOSIT_ASSETS":null,"EQUITY_MULTIPLIER":2.152847083844,"EQUITY_RATIO":1.184581536428},{"SECUCODE":"00658.HK","SECURITY_CODE":"00658","SECURITY_NAME_ABBR":"中国高速传动","ORG_CODE":"10081708","STD_REPORT_DATE":"2021-06-30 00:00:00","REPORT_DATE":"2021-06-30 00:00:00","DATE_TYPE_CODE":"002","REPORT_TYPE":"2021年中报","PER_NETCASH_OPERATE":0.08570948678,"PER_OI":6.482946090624,"BPS":7.8465689821,"BASIC_EPS":0.442,"DILUTED_EPS":0.442,"OPERATE_INCOME":10601507000,"OPERATE_INCOME_YOY":93.8544974067,"GROSS_PROFIT":1805980000,"GROSS_PROFIT_YOY":53.940310390063,"HOLDER_PROFIT":722802000,"HOLDER_PROFIT_YOY":138.9989055282,"GROSS_PROFIT_RATIO":17.035125289263,"EPS_TTM":0.771286927626,"OPERATE_INCOME_QOQ":33.397581587442,"NET_PROFIT_RATIO":7.1765080191,"ROE_AVG":5.771620299662,"GROSS_PROFIT_QOQ":19.697109294023,"ROA":2.653731803694,"HOLDER_PROFIT_QOQ":49.990486451518,"ROE_YEARLY":11.543240599324,"ROIC_YEARLY":5.950739081725,"TOTAL_ASSETS":28623283000,"TOTAL_LIABILITIES":15466691000,"TAX_EBT":13.559911289663,"OCF_SALES":1.322076191621,"TOTAL_PARENT_EQUITY":12831428000,"DEBT_ASSET_RATIO":54.0353494741,"OPERATE_PROFIT":974237000,"PRETAX_PROFIT":880168000,"NETCASH_OPERATE":140160000,"NETCASH_INVEST":-883087000,"NETCASH_FINANCE":1540087000,"END_CASH":2971314000,"DIVI_RATIO":null,"DIVIDEND_RATE":null,"CURRENT_RATIO":1.351651900798,"COMMON_ACS":3000000000,"CURRENTDEBT_DEBT":95.269214339383,"ISSUED_COMMON_SHARES":1635291556,"HK_COMMON_SHARES":1635291556,"PER_SHARES":1000,"TOTAL_MARKET_CAP":1373644907.04,"HKSK_MARKET_CAP":1373644907.04,"PE_TTM":-1.960152348676,"PB_TTM":0.13042348564,"REPORT_DATE_SQ":"2020-06-30 00:00:00","REPORT_TYPE_SQ":"2020年中报","OPERATE_INCOME_SQ":5468796000,"DPS_HKD":null,"OPERATE_INCOME_QOQ_SQ":14.593769181528,"NET_PROFIT_RATIO_SQ":5.4531198458,"HOLDER_PROFIT_SQ":302429000,"HOLDER_PROFIT_QOQ_SQ":39.70441910778,"ROE_AVG_SQ":2.69249001308,"PE_TTM_SQ":6.085457635314,"PB_TTM_SQ":0.233062954104,"ROA_SQ":1.196664341032,"START_DATE":"2021-01-01 00:00:00","FISCAL_YEAR":"12-31","CURRENCY":"HKD","IS_CNY_CODE":0,"DPS_HKD_LY":null,"ORG_TYPE":"一般企业","PREMIUM_INCOME":null,"PREMIUM_INCOME_YOY":null,"NET_INTEREST_INCOME":null,"NET_INTEREST_INCOME_YOY":null,"FEE_COMMISSION_INCOME":null,"FEE_COMMISSION_INCOME_YOY":null,"ACCOUNTS_RECE_TDAYS":2.618430587616,"INVENTORY_TDAYS":2.277830795929,"CURRENT_ASSETS_TDAYS":0.569135213532,"TOTAL_ASSETS_TDAYS":0.389229087537,"PREMIUM_EXPENSE":null,"LOAN_DEPOSIT":null,"LOAN_EQUITY":null,"LOAN_ASSETS":null,"DEPOSIT_EQUITY":null,"DEPOSIT_ASSETS":null,"EQUITY_MULTIPLIER":2.175584908312,"EQUITY_RATIO":1.205375660449},{"SECUCODE":"00658.HK","SECURITY_CODE":"00658","SECURITY_NAME_ABBR":"中国高速传动","ORG_CODE":"10081708","STD_REPORT_DATE":"2020-12-31 00:00:00","REPORT_DATE":"2020-12-31 00:00:00","DATE_TYPE_CODE":"001","REPORT_TYPE":"2020年年报","PER_NETCASH_OPERATE":0.71901245725,"PER_OI":9.398025045511,"BPS":7.469820262436,"BASIC_EPS":0.514,"DILUTED_EPS":0.514,"OPERATE_INCOME":15368511000,"OPERATE_INCOME_YOY":58.0651587757,"GROSS_PROFIT":3212710000,"GROSS_PROFIT_YOY":66.040706126902,"HOLDER_PROFIT":840906000,"HOLDER_PROFIT_YOY":91.9053009211,"GROSS_PROFIT_RATIO":20.904497514431,"EPS_TTM":0.514223899044,"OPERATE_INCOME_QOQ":37.935212276113,"NET_PROFIT_RATIO":5.5376607402,"ROE_AVG":7.180364315714,"GROSS_PROFIT_QOQ":37.341842769793,"ROA":3.316532750468,"HOLDER_PROFIT_QOQ":37.365233073274,"ROE_YEARLY":7.180364315714,"ROIC_YEARLY":3.698324676153,"TOTAL_ASSETS":25851099000,"TOTAL_LIABILITIES":13227891000,"TAX_EBT":27.757593866506,"OCF_SALES":7.650676112995,"TOTAL_PARENT_EQUITY":12215334000,"DEBT_ASSET_RATIO":51.1695498903,"OPERATE_PROFIT":1388719000,"PRETAX_PROFIT":1178056000,"NETCASH_OPERATE":1175795000,"NETCASH_INVEST":1858064000,"NETCASH_FINANCE":-3383944000,"END_CASH":2184334000,"DIVI_RATIO":null,"DIVIDEND_RATE":null,"CURRENT_RATIO":1.382080156339,"COMMON_ACS":3000000000,"CURRENTDEBT_DEBT":94.837559517235,"ISSUED_COMMON_SHARES":1635291556,"HK_COMMON_SHARES":1635291556,"PER_SHARES":1000,"TOTAL_MARKET_CAP":1373644907.04,"HKSK_MARKET_CAP":1373644907.04,"PE_TTM":-1.960152348676,"PB_TTM":0.13042348564,"REPORT_DATE_SQ":"2019-12-31 00:00:00","REPORT_TYPE_SQ":"2019年年报","OPERATE_INCOME_SQ":9722896000,"DPS_HKD":null,"OPERATE_INCOME_QOQ_SQ":9.114998652741,"NET_PROFIT_RATIO_SQ":4.2951297638,"HOLDER_PROFIT_SQ":438188000,"HOLDER_PROFIT_QOQ_SQ":127.2358608959,"ROE_AVG_SQ":3.983730986244,"PE_TTM_SQ":6.085457635314,"PB_TTM_SQ":0.233062954104,"ROA_SQ":1.698159994033,"START_DATE":"2020-01-01 00:00:00","FISCAL_YEAR":"12-31","CURRENCY":"HKD","IS_CNY_CODE":0,"DPS_HKD_LY":0.2,"ORG_TYPE":"一般企业","PREMIUM_INCOME":null,"PREMIUM_INCOME_YOY":null,"NET_INTEREST_INCOME":null,"NET_INTEREST_INCOME_YOY":null,"FEE_COMMISSION_INCOME":null,"FEE_COMMISSION_INCOME_YOY":null,"ACCOUNTS_RECE_TDAYS":5.610769120402,"INVENTORY_TDAYS":3.875885149355,"CURRENT_ASSETS_TDAYS":0.924383877099,"TOTAL_ASSETS_TDAYS":0.606133979986,"PREMIUM_EXPENSE":null,"LOAN_DEPOSIT":null,"LOAN_EQUITY":null,"LOAN_ASSETS":null,"DEPOSIT_EQUITY":null,"DEPOSIT_ASSETS":null,"EQUITY_MULTIPLIER":2.047902482474,"EQUITY_RATIO":1.082892289314},{"SECUCODE":"00658.HK","SECURITY_CODE":"00658","SECURITY_NAME_ABBR":"中国高速传动","ORG_CODE":"10081708","STD_REPORT_DATE":"2020-06-30 00:00:00","REPORT_DATE":"2020-06-30 00:00:00","DATE_TYPE_CODE":"002","REPORT_TYPE":"2020年中报","PER_NETCASH_OPERATE":0.68975284307,"PER_OI":3.344233008441,"BPS":6.88414855363,"BASIC_EPS":0.185,"DILUTED_EPS":0.185,"OPERATE_INCOME":5468796000,"OPERATE_INCOME_YOY":35.0367012777,"GROSS_PROFIT":1173169000,"GROSS_PROFIT_YOY":52.586508509407,"HOLDER_PROFIT":302429000,"HOLDER_PROFIT_YOY":135.4467531861,"GROSS_PROFIT_RATIO":21.452052700448,"EPS_TTM":0.374347924536,"OPERATE_INCOME_QOQ":14.593769181528,"NET_PROFIT_RATIO":5.4531198458,"ROE_AVG":2.69249001308,"GROSS_PROFIT_QOQ":20.895935847615,"ROA":1.196664341032,"HOLDER_PROFIT_QOQ":39.70441910778,"ROE_YEARLY":5.384980026159,"ROIC_YEARLY":2.702796782354,"TOTAL_ASSETS":25686487000,"TOTAL_LIABILITIES":14398392000,"TAX_EBT":22.244181741384,"OCF_SALES":20.625143084511,"TOTAL_PARENT_EQUITY":11257590000,"DEBT_ASSET_RATIO":56.054344839,"OPERATE_PROFIT":520489000,"PRETAX_PROFIT":383534000,"NETCASH_OPERATE":1127947000,"NETCASH_INVEST":605972000,"NETCASH_FINANCE":-1146438000,"END_CASH":3114126000,"DIVI_RATIO":null,"DIVIDEND_RATE":null,"CURRENT_RATIO":1.241987258509,"COMMON_ACS":3000000000,"CURRENTDEBT_DEBT":96.481475153614,"ISSUED_COMMON_SHARES":1635291556,"HK_COMMON_SHARES":1635291556,"PER_SHARES":1000,"TOTAL_MARKET_CAP":1373644907.04,"HKSK_MARKET_CAP":1373644907.04,"PE_TTM":-1.960152348676,"PB_TTM":0.13042348564,"REPORT_DATE_SQ":"2019-06-30 00:00:00","REPORT_TYPE_SQ":"2019年中报","OPERATE_INCOME_SQ":4049859000,"DPS_HKD":null,"OPERATE_INCOME_QOQ_SQ":8.620552203328,"NET_PROFIT_RATIO_SQ":2.976498688,"HOLDER_PROFIT_SQ":128449000,"HOLDER_PROFIT_QOQ_SQ":-7.469733830452,"ROE_AVG_SQ":1.184958738991,"PE_TTM_SQ":6.085457635314,"PB_TTM_SQ":0.233062954104,"ROA_SQ":0.490812216096,"START_DATE":"2020-01-01 00:00:00","FISCAL_YEAR":"12-31","CURRENCY":"HKD","IS_CNY_CODE":0,"DPS_HKD_LY":0.2,"ORG_TYPE":"一般企业","PREMIUM_INCOME":null,"PREMIUM_INCOME_YOY":null,"NET_INTEREST_INCOME":null,"NET_INTEREST_INCOME_YOY":null,"FEE_COMMISSION_INCOME":null,"FEE_COMMISSION_INCOME_YOY":null,"ACCOUNTS_RECE_TDAYS":2.339161566001,"INVENTORY_TDAYS":1.55765275143,"CURRENT_ASSETS_TDAYS":0.329777624263,"TOTAL_ASSETS_TDAYS":0.216391720423,"PREMIUM_EXPENSE":null,"LOAN_DEPOSIT":null,"LOAN_EQUITY":null,"LOAN_ASSETS":null,"DEPOSIT_EQUITY":null,"DEPOSIT_ASSETS":null,"EQUITY_MULTIPLIER":2.275537812183,"EQUITY_RATIO":1.278994171932}],"count":38},"success":true,"message":"ok","code":0}