{"version":"3ba4f6a3d8e5cf3367a75f8374ea51c1","result":{"pages":6,"data":[{"SECUCODE":"00657.HK","SECURITY_CODE":"00657","SECURITY_NAME_ABBR":"环科国际","ORG_CODE":"10009032","STD_REPORT_DATE":"2024-06-30 00:00:00","REPORT_DATE":"2024-09-30 00:00:00","DATE_TYPE_CODE":"002","REPORT_TYPE":"2024年中报","PER_NETCASH_OPERATE":-0.001358953346,"PER_OI":0.011227465901,"BPS":0.00142706318,"BASIC_EPS":-0.001533043,"DILUTED_EPS":-0.001533043,"OPERATE_INCOME":21852175.28,"OPERATE_INCOME_YOY":-0.7779870608,"GROSS_PROFIT":15657779.77,"GROSS_PROFIT_YOY":-3.482762961605,"HOLDER_PROFIT":-3064282.42,"HOLDER_PROFIT_YOY":6.4942212438,"GROSS_PROFIT_RATIO":71.653185869924,"EPS_TTM":-0.002902727559,"OPERATE_INCOME_QOQ":0,"NET_PROFIT_RATIO":-14.0227797953,"ROE_AVG":-72.661178231583,"GROSS_PROFIT_QOQ":0,"ROA":-6.862081848198,"HOLDER_PROFIT_QOQ":0,"ROE_YEARLY":-145.322356463167,"ROIC_YEARLY":-85.248369292524,"TOTAL_ASSETS":44405943.18,"TOTAL_LIABILITIES":41628429.98,"TAX_EBT":null,"OCF_SALES":-12.103829646748,"TOTAL_PARENT_EQUITY":2777513.2,"DEBT_ASSET_RATIO":93.7451768815,"OPERATE_PROFIT":-2886629.79,"PRETAX_PROFIT":-3064282.42,"NETCASH_OPERATE":-2644950.07,"NETCASH_INVEST":23753148.6,"NETCASH_FINANCE":2245457.1,"END_CASH":37645223.55,"DIVI_RATIO":null,"DIVIDEND_RATE":null,"CURRENT_RATIO":1.076872918656,"COMMON_ACS":5000000000,"CURRENTDEBT_DEBT":93.02239937611,"ISSUED_COMMON_SHARES":1946314108,"HK_COMMON_SHARES":1946314108,"PER_SHARES":2000,"TOTAL_MARKET_CAP":36979968.052,"HKSK_MARKET_CAP":36979968.052,"PE_TTM":-6.16743963509,"PB_TTM":12.006483133766,"REPORT_DATE_SQ":"2023-06-30 00:00:00","REPORT_TYPE_SQ":"2023年中报","OPERATE_INCOME_SQ":22410359.86,"DPS_HKD":null,"OPERATE_INCOME_QOQ_SQ":0,"NET_PROFIT_RATIO_SQ":-14.8800262059,"HOLDER_PROFIT_SQ":-3334667.42,"HOLDER_PROFIT_QOQ_SQ":0,"ROE_AVG_SQ":-34.043749121739,"PE_TTM_SQ":-1.77556403345,"PB_TTM_SQ":3.988348581967,"ROA_SQ":-12.641538969962,"START_DATE":"2024-04-01 00:00:00","FISCAL_YEAR":"3-31","CURRENCY":"HKD","IS_CNY_CODE":0,"DPS_HKD_LY":null,"ORG_TYPE":"一般企业","PREMIUM_INCOME":null,"PREMIUM_INCOME_YOY":null,"NET_INTEREST_INCOME":null,"NET_INTEREST_INCOME_YOY":null,"FEE_COMMISSION_INCOME":null,"FEE_COMMISSION_INCOME_YOY":null,"ACCOUNTS_RECE_TDAYS":13.098378378378,"INVENTORY_TDAYS":13.034155597723,"CURRENT_ASSETS_TDAYS":0.52194890794,"TOTAL_ASSETS_TDAYS":0.489352464231,"PREMIUM_EXPENSE":null,"LOAN_DEPOSIT":null,"LOAN_EQUITY":null,"LOAN_ASSETS":null,"DEPOSIT_EQUITY":null,"DEPOSIT_ASSETS":null,"EQUITY_MULTIPLIER":15.987662337601,"EQUITY_RATIO":14.987662337662},{"SECUCODE":"00657.HK","SECURITY_CODE":"00657","SECURITY_NAME_ABBR":"环科国际","ORG_CODE":"10009032","STD_REPORT_DATE":"2023-12-31 00:00:00","REPORT_DATE":"2024-03-31 00:00:00","DATE_TYPE_CODE":"001","REPORT_TYPE":"2023年年报","PER_NETCASH_OPERATE":-0.002953963123,"PER_OI":0.023078826673,"BPS":0.002921824451,"BASIC_EPS":-0.00290096,"DILUTED_EPS":-0.00290096,"OPERATE_INCOME":44918645.95,"OPERATE_INCOME_YOY":9.6677807043,"GROSS_PROFIT":32401910.1,"GROSS_PROFIT_YOY":17.573809514132,"HOLDER_PROFIT":-5649619.6,"HOLDER_PROFIT_YOY":71.1881645862,"GROSS_PROFIT_RATIO":72.134654584351,"EPS_TTM":-0.008870880157,"OPERATE_INCOME_QOQ":0,"NET_PROFIT_RATIO":-12.5774485862,"ROE_AVG":-66.164136320204,"GROSS_PROFIT_QOQ":0,"ROA":-15.331250461266,"HOLDER_PROFIT_QOQ":0,"ROE_YEARLY":-66.164136320204,"ROIC_YEARLY":-80.793414144033,"TOTAL_ASSETS":45141657.25,"TOTAL_LIABILITIES":39454869.1,"TAX_EBT":null,"OCF_SALES":-12.799451048457,"TOTAL_PARENT_EQUITY":5686788.15,"DEBT_ASSET_RATIO":87.4023496335,"OPERATE_PROFIT":-5195438.05,"PRETAX_PROFIT":-5649619.6,"NETCASH_OPERATE":-5749340.1,"NETCASH_INVEST":-23553075.55,"NETCASH_FINANCE":21446253.35,"END_CASH":14367004.4,"DIVI_RATIO":null,"DIVIDEND_RATE":null,"CURRENT_RATIO":1.205857242646,"COMMON_ACS":5000000000,"CURRENTDEBT_DEBT":88.812554570103,"ISSUED_COMMON_SHARES":1946314108,"HK_COMMON_SHARES":1946314108,"PER_SHARES":2000,"TOTAL_MARKET_CAP":44765224.484,"HKSK_MARKET_CAP":44765224.484,"PE_TTM":-7.46584797932,"PB_TTM":14.534163793506,"REPORT_DATE_SQ":"2022-12-31 00:00:00","REPORT_TYPE_SQ":"2022年年报","OPERATE_INCOME_SQ":39551899.21,"DPS_HKD":null,"OPERATE_INCOME_QOQ_SQ":0,"NET_PROFIT_RATIO_SQ":-47.8741063721,"HOLDER_PROFIT_SQ":-18935118.3,"HOLDER_PROFIT_QOQ_SQ":0,"ROE_AVG_SQ":-92.156277960036,"PE_TTM_SQ":-2.564703603872,"PB_TTM_SQ":5.76094795173,"ROA_SQ":-50.910289150671,"START_DATE":"2023-04-01 00:00:00","FISCAL_YEAR":"3-31","CURRENCY":"HKD","IS_CNY_CODE":0,"DPS_HKD_LY":null,"ORG_TYPE":"一般企业","PREMIUM_INCOME":null,"PREMIUM_INCOME_YOY":null,"NET_INTEREST_INCOME":null,"NET_INTEREST_INCOME_YOY":null,"FEE_COMMISSION_INCOME":null,"FEE_COMMISSION_INCOME_YOY":null,"ACCOUNTS_RECE_TDAYS":24.731220364362,"INVENTORY_TDAYS":23.362098138748,"CURRENT_ASSETS_TDAYS":1.305243470358,"TOTAL_ASSETS_TDAYS":1.218947575586,"PREMIUM_EXPENSE":null,"LOAN_DEPOSIT":null,"LOAN_EQUITY":null,"LOAN_ASSETS":null,"DEPOSIT_EQUITY":null,"DEPOSIT_ASSETS":null,"EQUITY_MULTIPLIER":7.937988203413,"EQUITY_RATIO":6.937988203411},{"SECUCODE":"00657.HK","SECURITY_CODE":"00657","SECURITY_NAME_ABBR":"环科国际","ORG_CODE":"10009032","STD_REPORT_DATE":"2023-06-30 00:00:00","REPORT_DATE":"2023-09-30 00:00:00","DATE_TYPE_CODE":"002","REPORT_TYPE":"2023年中报","PER_NETCASH_OPERATE":-0.002190924164,"PER_OI":0.011514256495,"BPS":0.004141398291,"BASIC_EPS":-0.001743497,"DILUTED_EPS":-0.001743497,"OPERATE_INCOME":22410359.86,"OPERATE_INCOME_YOY":18.4211802357,"GROSS_PROFIT":16222780.77,"GROSS_PROFIT_YOY":28.129320928106,"HOLDER_PROFIT":-3334667.42,"HOLDER_PROFIT_YOY":34.3213446593,"GROSS_PROFIT_RATIO":72.389648677422,"EPS_TTM":-0.009728706288,"OPERATE_INCOME_QOQ":0,"NET_PROFIT_RATIO":-14.8800262059,"ROE_AVG":-34.043749121739,"GROSS_PROFIT_QOQ":0,"ROA":-12.641538969962,"HOLDER_PROFIT_QOQ":0,"ROE_YEARLY":-68.087498243478,"ROIC_YEARLY":-103.026437026012,"TOTAL_ASSETS":23849203.7,"TOTAL_LIABILITIES":15788741.78,"TAX_EBT":null,"OCF_SALES":-19.027925640816,"TOTAL_PARENT_EQUITY":8060461.92,"DEBT_ASSET_RATIO":66.2023855329,"OPERATE_PROFIT":-3088742.58,"PRETAX_PROFIT":-3334667.42,"NETCASH_OPERATE":-4264226.61,"NETCASH_INVEST":342275.99,"NETCASH_FINANCE":-1265411.77,"END_CASH":17307419.43,"DIVI_RATIO":null,"DIVIDEND_RATE":null,"CURRENT_RATIO":2.222646428904,"COMMON_ACS":5000000000,"CURRENTDEBT_DEBT":62.414274090434,"ISSUED_COMMON_SHARES":1946314108,"HK_COMMON_SHARES":1946314108,"PER_SHARES":2000,"TOTAL_MARKET_CAP":44765224.484,"HKSK_MARKET_CAP":44765224.484,"PE_TTM":-7.46584797932,"PB_TTM":14.534163793506,"REPORT_DATE_SQ":"2022-06-30 00:00:00","REPORT_TYPE_SQ":"2022年中报","OPERATE_INCOME_SQ":18652266.12,"DPS_HKD":null,"OPERATE_INCOME_QOQ_SQ":0,"NET_PROFIT_RATIO_SQ":-26.8292682927,"HOLDER_PROFIT_SQ":-5004266.52,"HOLDER_PROFIT_QOQ_SQ":0,"ROE_AVG_SQ":-17.586853564731,"PE_TTM_SQ":-2.564703603872,"PB_TTM_SQ":5.76094795173,"ROA_SQ":-10.831392048235,"START_DATE":"2023-04-01 00:00:00","FISCAL_YEAR":"3-31","CURRENCY":"HKD","IS_CNY_CODE":0,"DPS_HKD_LY":null,"ORG_TYPE":"一般企业","PREMIUM_INCOME":null,"PREMIUM_INCOME_YOY":null,"NET_INTEREST_INCOME":null,"NET_INTEREST_INCOME_YOY":null,"FEE_COMMISSION_INCOME":null,"FEE_COMMISSION_INCOME_YOY":null,"ACCOUNTS_RECE_TDAYS":null,"INVENTORY_TDAYS":10.326186830015,"CURRENT_ASSETS_TDAYS":0.918431048099,"TOTAL_ASSETS_TDAYS":0.849564294784,"PREMIUM_EXPENSE":null,"LOAN_DEPOSIT":null,"LOAN_EQUITY":null,"LOAN_ASSETS":null,"DEPOSIT_EQUITY":null,"DEPOSIT_ASSETS":null,"EQUITY_MULTIPLIER":2.95878870674,"EQUITY_RATIO":1.95878870674},{"SECUCODE":"00657.HK","SECURITY_CODE":"00657","SECURITY_NAME_ABBR":"环科国际","ORG_CODE":"10009032","STD_REPORT_DATE":"2022-12-31 00:00:00","REPORT_DATE":"2023-03-31 00:00:00","DATE_TYPE_CODE":"001","REPORT_TYPE":"2022年年报","PER_NETCASH_OPERATE":-0.001934496798,"PER_OI":0.020321436837,"BPS":0.005651465303,"BASIC_EPS":-0.009717051,"DILUTED_EPS":-0.009717051,"OPERATE_INCOME":39551899.21,"OPERATE_INCOME_YOY":-60.587768347,"GROSS_PROFIT":27558782.21,"GROSS_PROFIT_YOY":-4.300955357441,"HOLDER_PROFIT":-18935118.3,"HOLDER_PROFIT_YOY":-53.6221590909,"GROSS_PROFIT_RATIO":69.677519311215,"EPS_TTM":-0.003190631818,"OPERATE_INCOME_QOQ":0,"NET_PROFIT_RATIO":-47.8741063721,"ROE_AVG":-92.156277960036,"GROSS_PROFIT_QOQ":0,"ROA":-50.910289150671,"HOLDER_PROFIT_QOQ":0,"ROE_YEARLY":-92.156277960036,"ROIC_YEARLY":-150.626740947075,"TOTAL_ASSETS":27578041.23,"TOTAL_LIABILITIES":16578514.58,"TAX_EBT":-0.203835819513,"OCF_SALES":-9.519488280472,"TOTAL_PARENT_EQUITY":10999526.65,"DEBT_ASSET_RATIO":60.1149096911,"OPERATE_PROFIT":-18344216.55,"PRETAX_PROFIT":-18896600.26,"NETCASH_OPERATE":-3765138.41,"NETCASH_INVEST":-322150.88,"NETCASH_FINANCE":-2138626.63,"END_CASH":21467679.43,"DIVI_RATIO":null,"DIVIDEND_RATE":null,"CURRENT_RATIO":2.674299790165,"COMMON_ACS":5000000000,"CURRENTDEBT_DEBT":57.878339845813,"ISSUED_COMMON_SHARES":1946314108,"HK_COMMON_SHARES":1946314108,"PER_SHARES":2000,"TOTAL_MARKET_CAP":44765224.484,"HKSK_MARKET_CAP":44765224.484,"PE_TTM":-7.46584797932,"PB_TTM":14.534163793506,"REPORT_DATE_SQ":"2021-12-31 00:00:00","REPORT_TYPE_SQ":"2021年年报","OPERATE_INCOME_SQ":92971753.37,"DPS_HKD":null,"OPERATE_INCOME_QOQ_SQ":0,"NET_PROFIT_RATIO_SQ":-12.2822474419,"HOLDER_PROFIT_SQ":-11419020.8,"HOLDER_PROFIT_QOQ_SQ":0,"ROE_AVG_SQ":-33.992008980843,"PE_TTM_SQ":-2.564703603872,"PB_TTM_SQ":5.76094795173,"ROA_SQ":-20.849220745567,"START_DATE":"2022-04-01 00:00:00","FISCAL_YEAR":"3-31","CURRENCY":"HKD","IS_CNY_CODE":0,"DPS_HKD_LY":null,"ORG_TYPE":"一般企业","PREMIUM_INCOME":null,"PREMIUM_INCOME_YOY":null,"NET_INTEREST_INCOME":null,"NET_INTEREST_INCOME_YOY":null,"FEE_COMMISSION_INCOME":null,"FEE_COMMISSION_INCOME_YOY":null,"ACCOUNTS_RECE_TDAYS":27.070701018574,"INVENTORY_TDAYS":19.147449336129,"CURRENT_ASSETS_TDAYS":1.37449423504,"TOTAL_ASSETS_TDAYS":1.063420145223,"PREMIUM_EXPENSE":null,"LOAN_DEPOSIT":null,"LOAN_EQUITY":null,"LOAN_ASSETS":null,"DEPOSIT_EQUITY":null,"DEPOSIT_ASSETS":null,"EQUITY_MULTIPLIER":2.507202546754,"EQUITY_RATIO":1.507202546757},{"SECUCODE":"00657.HK","SECURITY_CODE":"00657","SECURITY_NAME_ABBR":"环科国际","ORG_CODE":"10009032","STD_REPORT_DATE":"2022-06-30 00:00:00","REPORT_DATE":"2022-09-30 00:00:00","DATE_TYPE_CODE":"002","REPORT_TYPE":"2022年中报","PER_NETCASH_OPERATE":-0.001079948273,"PER_OI":0.00958337919,"BPS":0.013264683071,"BASIC_EPS":-0.002532432,"DILUTED_EPS":-0.002532432,"OPERATE_INCOME":18652266.12,"OPERATE_INCOME_YOY":-30.8277990206,"GROSS_PROFIT":12661255.56,"GROSS_PROFIT_YOY":-26.159977761731,"HOLDER_PROFIT":-5004266.52,"HOLDER_PROFIT_YOY":54.8694942904,"GROSS_PROFIT_RATIO":67.880521747563,"EPS_TTM":-0.005866997908,"OPERATE_INCOME_QOQ":0,"NET_PROFIT_RATIO":-26.8292682927,"ROE_AVG":-17.586853564731,"GROSS_PROFIT_QOQ":0,"ROA":-10.831392048235,"HOLDER_PROFIT_QOQ":0,"ROE_YEARLY":-35.173707129462,"ROIC_YEARLY":-52.52391010276,"TOTAL_ASSETS":44042610.24,"TOTAL_LIABILITIES":18225370.44,"TAX_EBT":null,"OCF_SALES":-11.268971536634,"TOTAL_PARENT_EQUITY":25817239.8,"DEBT_ASSET_RATIO":41.381222277,"OPERATE_PROFIT":-4677763.68,"PRETAX_PROFIT":-5004266.52,"NETCASH_OPERATE":-2101918.56,"NETCASH_INVEST":122099.4,"NETCASH_FINANCE":-1000310.64,"END_CASH":25594747.56,"DIVI_RATIO":null,"DIVIDEND_RATE":null,"CURRENT_RATIO":3.119887955182,"COMMON_ACS":5000000000,"CURRENTDEBT_DEBT":53.148727110317,"ISSUED_COMMON_SHARES":1946314108,"HK_COMMON_SHARES":1946314108,"PER_SHARES":2000,"TOTAL_MARKET_CAP":44765224.484,"HKSK_MARKET_CAP":44765224.484,"PE_TTM":-7.46584797932,"PB_TTM":14.534163793506,"REPORT_DATE_SQ":"2021-06-30 00:00:00","REPORT_TYPE_SQ":"2021年中报","OPERATE_INCOME_SQ":24836850.84,"DPS_HKD":null,"OPERATE_INCOME_QOQ_SQ":0,"NET_PROFIT_RATIO_SQ":-41.1216207151,"HOLDER_PROFIT_SQ":-10213315.6,"HOLDER_PROFIT_QOQ_SQ":0,"ROE_AVG_SQ":-28.965647592496,"PE_TTM_SQ":-2.564703603872,"PB_TTM_SQ":5.76094795173,"ROA_SQ":-13.213627496416,"START_DATE":"2022-04-01 00:00:00","FISCAL_YEAR":"3-31","CURRENCY":"HKD","IS_CNY_CODE":0,"DPS_HKD_LY":null,"ORG_TYPE":"一般企业","PREMIUM_INCOME":null,"PREMIUM_INCOME_YOY":null,"NET_INTEREST_INCOME":null,"NET_INTEREST_INCOME_YOY":null,"FEE_COMMISSION_INCOME":null,"FEE_COMMISSION_INCOME_YOY":null,"ACCOUNTS_RECE_TDAYS":9.6279178338,"INVENTORY_TDAYS":9.544668587896,"CURRENT_ASSETS_TDAYS":0.590553097662,"TOTAL_ASSETS_TDAYS":0.403715521798,"PREMIUM_EXPENSE":null,"LOAN_DEPOSIT":null,"LOAN_EQUITY":null,"LOAN_ASSETS":null,"DEPOSIT_EQUITY":null,"DEPOSIT_ASSETS":null,"EQUITY_MULTIPLIER":1.705937992644,"EQUITY_RATIO":0.705937992643},{"SECUCODE":"00657.HK","SECURITY_CODE":"00657","SECURITY_NAME_ABBR":"环科国际","ORG_CODE":"10009032","STD_REPORT_DATE":"2021-12-31 00:00:00","REPORT_DATE":"2022-03-31 00:00:00","DATE_TYPE_CODE":"001","REPORT_TYPE":"2021年年报","PER_NETCASH_OPERATE":0.017128467046,"PER_OI":0.047768113578,"BPS":0.014324558742,"BASIC_EPS":-0.005839272,"DILUTED_EPS":-0.005839272,"OPERATE_INCOME":92971753.37,"OPERATE_INCOME_YOY":208.3878083555,"GROSS_PROFIT":28797343.08,"GROSS_PROFIT_YOY":33.465619172509,"HOLDER_PROFIT":-11419020.8,"HOLDER_PROFIT_YOY":-60.7305936073,"GROSS_PROFIT_RATIO":30.974292767606,"EPS_TTM":-0.005596346548,"OPERATE_INCOME_QOQ":0,"NET_PROFIT_RATIO":-12.2822474419,"ROE_AVG":-33.992008980843,"GROSS_PROFIT_QOQ":0,"ROA":-20.849220745567,"HOLDER_PROFIT_QOQ":0,"ROE_YEARLY":-33.992008980843,"ROIC_YEARLY":-34.396833927786,"TOTAL_ASSETS":43364704.7,"TOTAL_LIABILITIES":15484613.93,"TAX_EBT":-2.206736353078,"OCF_SALES":35.857532908223,"TOTAL_PARENT_EQUITY":27880090.77,"DEBT_ASSET_RATIO":35.707873574,"OPERATE_PROFIT":-10032193.7,"PRETAX_PROFIT":-11172473.76,"NETCASH_OPERATE":33337377.06,"NETCASH_INVEST":-6318578.91,"NETCASH_FINANCE":-17883581.51,"END_CASH":25733347.3,"DIVI_RATIO":null,"DIVIDEND_RATE":null,"CURRENT_RATIO":4.40336032878,"COMMON_ACS":5000000000,"CURRENTDEBT_DEBT":43.330016236317,"ISSUED_COMMON_SHARES":1946314108,"HK_COMMON_SHARES":1946314108,"PER_SHARES":2000,"TOTAL_MARKET_CAP":44765224.484,"HKSK_MARKET_CAP":44765224.484,"PE_TTM":-7.46584797932,"PB_TTM":14.534163793506,"REPORT_DATE_SQ":"2020-12-31 00:00:00","REPORT_TYPE_SQ":"2020年年报","OPERATE_INCOME_SQ":31417876.14,"DPS_HKD":null,"OPERATE_INCOME_QOQ_SQ":0,"NET_PROFIT_RATIO_SQ":-23.5654910822,"HOLDER_PROFIT_SQ":-7403776.8,"HOLDER_PROFIT_QOQ_SQ":0,"ROE_AVG_SQ":-16.746640157526,"PE_TTM_SQ":-2.564703603872,"PB_TTM_SQ":5.76094795173,"ROA_SQ":-9.330911840991,"START_DATE":"2021-04-01 00:00:00","FISCAL_YEAR":"3-31","CURRENCY":"HKD","IS_CNY_CODE":0,"DPS_HKD_LY":null,"ORG_TYPE":"一般企业","PREMIUM_INCOME":null,"PREMIUM_INCOME_YOY":null,"NET_INTEREST_INCOME":null,"NET_INTEREST_INCOME_YOY":null,"FEE_COMMISSION_INCOME":null,"FEE_COMMISSION_INCOME_YOY":null,"ACCOUNTS_RECE_TDAYS":null,"INVENTORY_TDAYS":92.224941724942,"CURRENT_ASSETS_TDAYS":2.016783512047,"TOTAL_ASSETS_TDAYS":1.697508606967,"PREMIUM_EXPENSE":null,"LOAN_DEPOSIT":null,"LOAN_EQUITY":null,"LOAN_ASSETS":null,"DEPOSIT_EQUITY":null,"DEPOSIT_ASSETS":null,"EQUITY_MULTIPLIER":1.555400413068,"EQUITY_RATIO":0.555400413067},{"SECUCODE":"00657.HK","SECURITY_CODE":"00657","SECURITY_NAME_ABBR":"环科国际","ORG_CODE":"10009032","STD_REPORT_DATE":"2021-06-30 00:00:00","REPORT_DATE":"2021-09-30 00:00:00","DATE_TYPE_CODE":"002","REPORT_TYPE":"2021年中报","PER_NETCASH_OPERATE":-0.013834867799,"PER_OI":0.012760967378,"BPS":0.015488306351,"BASIC_EPS":-0.005248278,"DILUTED_EPS":null,"OPERATE_INCOME":24836850.84,"OPERATE_INCOME_YOY":61.733752848,"GROSS_PROFIT":17146873.98,"GROSS_PROFIT_YOY":53.154911650073,"HOLDER_PROFIT":-10213315.6,"HOLDER_PROFIT_YOY":-60.1986149223,"GROSS_PROFIT_RATIO":69.038035822097,"EPS_TTM":-0.003803998938,"OPERATE_INCOME_QOQ":0,"NET_PROFIT_RATIO":-41.1216207151,"ROE_AVG":-28.965647592496,"GROSS_PROFIT_QOQ":0,"ROA":-13.213627496416,"HOLDER_PROFIT_QOQ":0,"ROE_YEARLY":-57.931295184993,"ROIC_YEARLY":-32.201931853253,"TOTAL_ASSETS":86614081.26,"TOTAL_LIABILITIES":56468972.1,"TAX_EBT":-2.039117769455,"OCF_SALES":-108.415509492185,"TOTAL_PARENT_EQUITY":30145109.16,"DEBT_ASSET_RATIO":65.1960642872,"OPERATE_PROFIT":-9246966,"PRETAX_PROFIT":-10009215.9,"NETCASH_OPERATE":-26926998.38,"NETCASH_INVEST":55815.02,"NETCASH_FINANCE":18689701.1,"END_CASH":9838438.6,"DIVI_RATIO":null,"DIVIDEND_RATE":null,"CURRENT_RATIO":1.588262476895,"COMMON_ACS":5000000000,"CURRENTDEBT_DEBT":83.003614368961,"ISSUED_COMMON_SHARES":1946314108,"HK_COMMON_SHARES":1946314108,"PER_SHARES":2000,"TOTAL_MARKET_CAP":44765224.484,"HKSK_MARKET_CAP":44765224.484,"PE_TTM":-7.46584797932,"PB_TTM":14.534163793506,"REPORT_DATE_SQ":"2020-06-30 00:00:00","REPORT_TYPE_SQ":"2020年中报","OPERATE_INCOME_SQ":16198324.48,"DPS_HKD":null,"OPERATE_INCOME_QOQ_SQ":0,"NET_PROFIT_RATIO_SQ":-41.5156775523,"HOLDER_PROFIT_SQ":-6724844.16,"HOLDER_PROFIT_QOQ_SQ":0,"ROE_AVG_SQ":-14.356463503855,"PE_TTM_SQ":-2.564703603872,"PB_TTM_SQ":5.76094795173,"ROA_SQ":-7.355718631508,"START_DATE":"2021-04-01 00:00:00","FISCAL_YEAR":"3-31","CURRENCY":"HKD","IS_CNY_CODE":0,"DPS_HKD_LY":null,"ORG_TYPE":"一般企业","PREMIUM_INCOME":null,"PREMIUM_INCOME_YOY":null,"NET_INTEREST_INCOME":null,"NET_INTEREST_INCOME_YOY":null,"FEE_COMMISSION_INCOME":null,"FEE_COMMISSION_INCOME_YOY":null,"ACCOUNTS_RECE_TDAYS":7.773171685569,"INVENTORY_TDAYS":11.517155333749,"CURRENT_ASSETS_TDAYS":0.357876794546,"TOTAL_ASSETS_TDAYS":0.321330416132,"PREMIUM_EXPENSE":null,"LOAN_DEPOSIT":null,"LOAN_EQUITY":null,"LOAN_ASSETS":null,"DEPOSIT_EQUITY":null,"DEPOSIT_ASSETS":null,"EQUITY_MULTIPLIER":2.873238268947,"EQUITY_RATIO":1.873238268944},{"SECUCODE":"00657.HK","SECURITY_CODE":"00657","SECURITY_NAME_ABBR":"环科国际","ORG_CODE":"10009032","STD_REPORT_DATE":"2020-12-31 00:00:00","REPORT_DATE":"2021-03-31 00:00:00","DATE_TYPE_CODE":"001","REPORT_TYPE":"2020年年报","PER_NETCASH_OPERATE":-0.020715292847,"PER_OI":0.016142243439,"BPS":0.021046188645,"BASIC_EPS":-0.00380331,"DILUTED_EPS":-0.00380331,"OPERATE_INCOME":31417876.14,"OPERATE_INCOME_YOY":-44.8578167416,"GROSS_PROFIT":21576600.22,"GROSS_PROFIT_YOY":-48.757628348619,"HOLDER_PROFIT":-7403776.8,"HOLDER_PROFIT_YOY":62.301501915,"GROSS_PROFIT_RATIO":68.676189707584,"EPS_TTM":-0.009923543775,"OPERATE_INCOME_QOQ":0,"NET_PROFIT_RATIO":-23.5654910822,"ROE_AVG":-16.746640157526,"GROSS_PROFIT_QOQ":0,"ROA":-9.330911840991,"HOLDER_PROFIT_QOQ":0,"ROE_YEARLY":-16.746640157526,"ROIC_YEARLY":-16.005846884707,"TOTAL_ASSETS":68962462.1,"TOTAL_LIABILITIES":27999968.22,"TAX_EBT":-2.853117294822,"OCF_SALES":-128.329701665187,"TOTAL_PARENT_EQUITY":40962493.88,"DEBT_ASSET_RATIO":40.6017525584,"OPERATE_PROFIT":-5344073.14,"PRETAX_PROFIT":-7198398.06,"NETCASH_OPERATE":-40318466.72,"NETCASH_INVEST":307645.52,"NETCASH_FINANCE":9242043.3,"END_CASH":18143479.06,"DIVI_RATIO":null,"DIVIDEND_RATE":null,"CURRENT_RATIO":2.331914636723,"COMMON_ACS":5000000000,"CURRENTDEBT_DEBT":100,"ISSUED_COMMON_SHARES":1946314108,"HK_COMMON_SHARES":1946314108,"PER_SHARES":2000,"TOTAL_MARKET_CAP":44765224.484,"HKSK_MARKET_CAP":44765224.484,"PE_TTM":-7.46584797932,"PB_TTM":14.534163793506,"REPORT_DATE_SQ":"2019-12-31 00:00:00","REPORT_TYPE_SQ":"2019年年报","OPERATE_INCOME_SQ":61595258.1,"DPS_HKD":null,"OPERATE_INCOME_QOQ_SQ":0,"NET_PROFIT_RATIO_SQ":-34.469612686,"HOLDER_PROFIT_SQ":-21231646.9,"HOLDER_PROFIT_QOQ_SQ":0,"ROE_AVG_SQ":-34.061359405462,"PE_TTM_SQ":-2.564703603872,"PB_TTM_SQ":5.76094795173,"ROA_SQ":-23.922252935333,"START_DATE":"2020-04-01 00:00:00","FISCAL_YEAR":"3-31","CURRENCY":"HKD","IS_CNY_CODE":0,"DPS_HKD_LY":null,"ORG_TYPE":"一般企业","PREMIUM_INCOME":null,"PREMIUM_INCOME_YOY":null,"NET_INTEREST_INCOME":null,"NET_INTEREST_INCOME_YOY":null,"FEE_COMMISSION_INCOME":null,"FEE_COMMISSION_INCOME_YOY":null,"ACCOUNTS_RECE_TDAYS":15.0315406389,"INVENTORY_TDAYS":11.50024691358,"CURRENT_ASSETS_TDAYS":0.531430041888,"TOTAL_ASSETS_TDAYS":0.395956604869,"PREMIUM_EXPENSE":null,"LOAN_DEPOSIT":null,"LOAN_EQUITY":null,"LOAN_ASSETS":null,"DEPOSIT_EQUITY":null,"DEPOSIT_ASSETS":null,"EQUITY_MULTIPLIER":1.68355135559,"EQUITY_RATIO":0.683551355589},{"SECUCODE":"00657.HK","SECURITY_CODE":"00657","SECURITY_NAME_ABBR":"环科国际","ORG_CODE":"10009032","STD_REPORT_DATE":"2020-06-30 00:00:00","REPORT_DATE":"2020-09-30 00:00:00","DATE_TYPE_CODE":"002","REPORT_TYPE":"2020年中报","PER_NETCASH_OPERATE":-0.005405558392,"PER_OI":0.008322564386,"BPS":0.022782534668,"BASIC_EPS":-0.003427008,"DILUTED_EPS":null,"OPERATE_INCOME":16198324.48,"OPERATE_INCOME_YOY":-49.6049645972,"GROSS_PROFIT":11195771.52,"GROSS_PROFIT_YOY":-50.302198430179,"HOLDER_PROFIT":-6724844.16,"HOLDER_PROFIT_YOY":20.1231604217,"GROSS_PROFIT_RATIO":69.116849300206,"EPS_TTM":-0.010908643581,"OPERATE_INCOME_QOQ":0,"NET_PROFIT_RATIO":-41.5156775523,"ROE_AVG":-14.356463503855,"GROSS_PROFIT_QOQ":0,"ROA":-7.355718631508,"HOLDER_PROFIT_QOQ":0,"ROE_YEARLY":-28.71292700771,"ROIC_YEARLY":-28.516865864905,"TOTAL_ASSETS":89554748.8,"TOTAL_LIABILITIES":45212780.16,"TAX_EBT":null,"OCF_SALES":-64.950634696756,"TOTAL_PARENT_EQUITY":44341968.64,"DEBT_ASSET_RATIO":50.4861894716,"OPERATE_PROFIT":-5051761.28,"PRETAX_PROFIT":-6724844.16,"NETCASH_OPERATE":-10520914.56,"NETCASH_INVEST":294371.2,"NETCASH_FINANCE":-3088700.8,"END_CASH":38575808,"DIVI_RATIO":null,"DIVIDEND_RATE":null,"CURRENT_RATIO":2.635939843528,"COMMON_ACS":5000000000,"CURRENTDEBT_DEBT":47.944726255029,"ISSUED_COMMON_SHARES":1946314108,"HK_COMMON_SHARES":1946314108,"PER_SHARES":2000,"TOTAL_MARKET_CAP":44765224.484,"HKSK_MARKET_CAP":44765224.484,"PE_TTM":-7.46584797932,"PB_TTM":14.534163793506,"REPORT_DATE_SQ":"2019-06-30 00:00:00","REPORT_TYPE_SQ":"2019年中报","OPERATE_INCOME_SQ":32994623.79,"DPS_HKD":null,"OPERATE_INCOME_QOQ_SQ":0,"NET_PROFIT_RATIO_SQ":-26.1926241833,"HOLDER_PROFIT_SQ":-8642157.81,"HOLDER_PROFIT_QOQ_SQ":0,"ROE_AVG_SQ":-12.680325048307,"PE_TTM_SQ":-2.564703603872,"PB_TTM_SQ":5.76094795173,"ROA_SQ":-8.980980680721,"START_DATE":"2020-04-01 00:00:00","FISCAL_YEAR":"3-31","CURRENCY":"HKD","IS_CNY_CODE":0,"DPS_HKD_LY":null,"ORG_TYPE":"一般企业","PREMIUM_INCOME":null,"PREMIUM_INCOME_YOY":null,"NET_INTEREST_INCOME":null,"NET_INTEREST_INCOME_YOY":null,"FEE_COMMISSION_INCOME":null,"FEE_COMMISSION_INCOME_YOY":null,"ACCOUNTS_RECE_TDAYS":7.118748793203,"INVENTORY_TDAYS":5.28843474222,"CURRENT_ASSETS_TDAYS":0.28877574998,"TOTAL_ASSETS_TDAYS":0.177179298645,"PREMIUM_EXPENSE":null,"LOAN_DEPOSIT":null,"LOAN_EQUITY":null,"LOAN_ASSETS":null,"DEPOSIT_EQUITY":null,"DEPOSIT_ASSETS":null,"EQUITY_MULTIPLIER":2.019638539891,"EQUITY_RATIO":1.019638539891}],"count":50},"success":true,"message":"ok","code":0}