{"version":"44112a247e37960dd3d52e132f82c719","result":{"pages":6,"data":[{"SECUCODE":"00655.HK","SECURITY_CODE":"00655","SECURITY_NAME_ABBR":"香港华人有限公司","ORG_CODE":"10009031","STD_REPORT_DATE":"2024-06-30 00:00:00","REPORT_DATE":"2024-06-30 00:00:00","DATE_TYPE_CODE":"002","REPORT_TYPE":"2024年中报","PER_NETCASH_OPERATE":-0.00655228829,"PER_OI":0.016523221349,"BPS":4.451895780895,"BASIC_EPS":-0.19257548,"DILUTED_EPS":-0.19257548,"OPERATE_INCOME":33018024.36,"OPERATE_INCOME_YOY":-1.8582822419,"GROSS_PROFIT":null,"GROSS_PROFIT_YOY":null,"HOLDER_PROFIT":-384795014.8,"HOLDER_PROFIT_YOY":-575.4338682213,"GROSS_PROFIT_RATIO":null,"EPS_TTM":-0.162224955113,"OPERATE_INCOME_QOQ":-1.617394636248,"NET_PROFIT_RATIO":-1166.395776322,"ROE_AVG":-4.141534162328,"GROSS_PROFIT_QOQ":null,"ROA":-3.925664428085,"HOLDER_PROFIT_QOQ":-327.673076660648,"ROE_YEARLY":-8.283068324656,"ROIC_YEARLY":-7.963376514329,"TOTAL_ASSETS":9420310586.56,"TOTAL_LIABILITIES":509846777.68,"TAX_EBT":-0.716046848558,"OCF_SALES":-39.655029438594,"TOTAL_PARENT_EQUITY":8896134732.88,"DEBT_ASSET_RATIO":5.4122077292,"OPERATE_PROFIT":16869977.12,"PRETAX_PROFIT":-382382801.56,"NETCASH_OPERATE":-13093307.28,"NETCASH_INVEST":-2264359.08,"NETCASH_FINANCE":-2884068.8,"END_CASH":113993732,"DIVI_RATIO":-0.055861935629,"DIVIDEND_RATE":4.310344827586,"CURRENT_RATIO":4.24455336601,"COMMON_ACS":4000000000,"CURRENTDEBT_DEBT":8.947847038985,"ISSUED_COMMON_SHARES":1998280097,"HK_COMMON_SHARES":1998280097,"PER_SHARES":2000,"TOTAL_MARKET_CAP":463600982.504,"HKSK_MARKET_CAP":463600982.504,"PE_TTM":-1.312685059614,"PB_TTM":0.047562155635,"REPORT_DATE_SQ":"2023-06-30 00:00:00","REPORT_TYPE_SQ":"2023年中报","OPERATE_INCOME_SQ":33986026.76,"DPS_HKD":0.01,"OPERATE_INCOME_QOQ_SQ":-18.445734815812,"NET_PROFIT_RATIO_SQ":240.0321237035,"HOLDER_PROFIT_SQ":81760264.42,"HOLDER_PROFIT_QOQ_SQ":-39.476318318146,"ROE_AVG_SQ":0.836774680354,"PE_TTM_SQ":2.103055010524,"PB_TTM_SQ":0.056061613255,"ROA_SQ":0.796086063547,"START_DATE":"2024-01-01 00:00:00","FISCAL_YEAR":"12-31","CURRENCY":"HKD","IS_CNY_CODE":0,"DPS_HKD_LY":0.01,"ORG_TYPE":"证券","PREMIUM_INCOME":null,"PREMIUM_INCOME_YOY":null,"NET_INTEREST_INCOME":null,"NET_INTEREST_INCOME_YOY":null,"FEE_COMMISSION_INCOME":null,"FEE_COMMISSION_INCOME_YOY":null,"ACCOUNTS_RECE_TDAYS":12.21370695476,"INVENTORY_TDAYS":null,"CURRENT_ASSETS_TDAYS":0.160634955875,"TOTAL_ASSETS_TDAYS":0.003368486564,"PREMIUM_EXPENSE":null,"LOAN_DEPOSIT":null,"LOAN_EQUITY":null,"LOAN_ASSETS":null,"DEPOSIT_EQUITY":null,"DEPOSIT_ASSETS":null,"EQUITY_MULTIPLIER":1.057218882049,"EQUITY_RATIO":0.057311044964},{"SECUCODE":"00655.HK","SECURITY_CODE":"00655","SECURITY_NAME_ABBR":"香港华人有限公司","ORG_CODE":"10009031","STD_REPORT_DATE":"2023-12-31 00:00:00","REPORT_DATE":"2023-12-31 00:00:00","DATE_TYPE_CODE":"001","REPORT_TYPE":"2023年年报","PER_NETCASH_OPERATE":-0.019235201991,"PER_OI":0.029950499707,"BPS":4.812914649592,"BASIC_EPS":0.07159138,"DILUTED_EPS":0.07159138,"OPERATE_INCOME":59849487.46,"OPERATE_INCOME_YOY":-24.2547969401,"GROSS_PROFIT":null,"GROSS_PROFIT_YOY":null,"HOLDER_PROFIT":142384380.18,"HOLDER_PROFIT_YOY":-67.8540739165,"GROSS_PROFIT_RATIO":null,"EPS_TTM":0.071253464614,"OPERATE_INCOME_QOQ":-5.776474657904,"NET_PROFIT_RATIO":236.4489802099,"ROE_AVG":1.475769129328,"GROSS_PROFIT_QOQ":null,"ROA":1.404179489277,"HOLDER_PROFIT_QOQ":-46.117033535627,"ROE_YEARLY":1.475769129328,"ROIC_YEARLY":1.428848797243,"TOTAL_ASSETS":10111678882.48,"TOTAL_LIABILITIES":479473752.24,"TAX_EBT":1.780008554105,"OCF_SALES":-64.223309056221,"TOTAL_PARENT_EQUITY":9617551552.84,"DEBT_ASSET_RATIO":4.7417818328,"OPERATE_PROFIT":9760895.62,"PRETAX_PROFIT":144078105.36,"NETCASH_OPERATE":-38437321.3,"NETCASH_INVEST":-1323987.42,"NETCASH_FINANCE":-15491830.9,"END_CASH":131816042.54,"DIVI_RATIO":0.127182587529,"DIVIDEND_RATE":3.846153846154,"CURRENT_RATIO":4.575518982966,"COMMON_ACS":4000000000,"CURRENTDEBT_DEBT":9.841955652325,"ISSUED_COMMON_SHARES":1998280097,"HK_COMMON_SHARES":1998280097,"PER_SHARES":2000,"TOTAL_MARKET_CAP":519552825.22,"HKSK_MARKET_CAP":519552825.22,"PE_TTM":-1.471112566809,"PB_TTM":0.053302415797,"REPORT_DATE_SQ":"2022-12-31 00:00:00","REPORT_TYPE_SQ":"2022年年报","OPERATE_INCOME_SQ":77885104.57,"DPS_HKD":0.01,"OPERATE_INCOME_QOQ_SQ":0.306859036931,"NET_PROFIT_RATIO_SQ":559.2824947529,"HOLDER_PROFIT_SQ":436601791.36,"HOLDER_PROFIT_QOQ_SQ":-33.412276453658,"ROE_AVG_SQ":4.467509196446,"PE_TTM_SQ":2.352570011773,"PB_TTM_SQ":0.062712991099,"ROA_SQ":4.289146542169,"START_DATE":"2023-01-01 00:00:00","FISCAL_YEAR":"12-31","CURRENCY":"HKD","IS_CNY_CODE":0,"DPS_HKD_LY":null,"ORG_TYPE":"证券","PREMIUM_INCOME":null,"PREMIUM_INCOME_YOY":null,"NET_INTEREST_INCOME":null,"NET_INTEREST_INCOME_YOY":null,"FEE_COMMISSION_INCOME":null,"FEE_COMMISSION_INCOME_YOY":null,"ACCOUNTS_RECE_TDAYS":15.79598182253,"INVENTORY_TDAYS":null,"CURRENT_ASSETS_TDAYS":0.243906312322,"TOTAL_ASSETS_TDAYS":0.005902292276,"PREMIUM_EXPENSE":null,"LOAN_DEPOSIT":null,"LOAN_EQUITY":null,"LOAN_ASSETS":null,"DEPOSIT_EQUITY":null,"DEPOSIT_ASSETS":null,"EQUITY_MULTIPLIER":1.049778191573,"EQUITY_RATIO":0.049854035053},{"SECUCODE":"00655.HK","SECURITY_CODE":"00655","SECURITY_NAME_ABBR":"香港华人有限公司","ORG_CODE":"10009031","STD_REPORT_DATE":"2023-06-30 00:00:00","REPORT_DATE":"2023-06-30 00:00:00","DATE_TYPE_CODE":"002","REPORT_TYPE":"2023年中报","PER_NETCASH_OPERATE":-0.01085273961,"PER_OI":0.017007639125,"BPS":4.851521107003,"BASIC_EPS":0.04056712,"DILUTED_EPS":0.04056712,"OPERATE_INCOME":33986026.76,"OPERATE_INCOME_YOY":-34.8717221326,"GROSS_PROFIT":null,"GROSS_PROFIT_YOY":null,"HOLDER_PROFIT":81760264.42,"HOLDER_PROFIT_YOY":-70.156220553,"GROSS_PROFIT_RATIO":null,"EPS_TTM":0.13223745701,"OPERATE_INCOME_QOQ":-18.445734815812,"NET_PROFIT_RATIO":240.0321237035,"ROE_AVG":0.836774680354,"GROSS_PROFIT_QOQ":null,"ROA":0.796086063547,"HOLDER_PROFIT_QOQ":-39.476318318146,"ROE_YEARLY":1.673549360709,"ROIC_YEARLY":1.622629681467,"TOTAL_ASSETS":10195317534.64,"TOTAL_LIABILITIES":485550625.22,"TAX_EBT":2.486203121025,"OCF_SALES":-64.035063839055,"TOTAL_PARENT_EQUITY":9694698068.3,"DEBT_ASSET_RATIO":4.7624865392,"OPERATE_PROFIT":7603569.06,"PRETAX_PROFIT":83364509.62,"NETCASH_OPERATE":-21686813.56,"NETCASH_INVEST":-837157.84,"NETCASH_FINANCE":-3426077.68,"END_CASH":163276204.14,"DIVI_RATIO":0.068529750987,"DIVIDEND_RATE":3.846153846154,"CURRENT_RATIO":5.41515690715,"COMMON_ACS":4000000000,"CURRENTDEBT_DEBT":9.390873064851,"ISSUED_COMMON_SHARES":1998280097,"HK_COMMON_SHARES":1998280097,"PER_SHARES":2000,"TOTAL_MARKET_CAP":519552825.22,"HKSK_MARKET_CAP":519552825.22,"PE_TTM":-1.471112566809,"PB_TTM":0.053302415797,"REPORT_DATE_SQ":"2022-06-30 00:00:00","REPORT_TYPE_SQ":"2022年中报","OPERATE_INCOME_SQ":48233571.19,"DPS_HKD":0.01,"OPERATE_INCOME_QOQ_SQ":22.156339834583,"NET_PROFIT_RATIO_SQ":525.9268452687,"HOLDER_PROFIT_SQ":254114577.36,"HOLDER_PROFIT_QOQ_SQ":19.640797576858,"ROE_AVG_SQ":2.707306636525,"PE_TTM_SQ":2.352570011773,"PB_TTM_SQ":0.062712991099,"ROA_SQ":2.612760729594,"START_DATE":"2023-01-01 00:00:00","FISCAL_YEAR":"12-31","CURRENCY":"HKD","IS_CNY_CODE":0,"DPS_HKD_LY":null,"ORG_TYPE":"证券","PREMIUM_INCOME":null,"PREMIUM_INCOME_YOY":null,"NET_INTEREST_INCOME":null,"NET_INTEREST_INCOME_YOY":null,"FEE_COMMISSION_INCOME":null,"FEE_COMMISSION_INCOME_YOY":null,"ACCOUNTS_RECE_TDAYS":10.641454965358,"INVENTORY_TDAYS":null,"CURRENT_ASSETS_TDAYS":0.128640593947,"TOTAL_ASSETS_TDAYS":0.00329758222,"PREMIUM_EXPENSE":null,"LOAN_DEPOSIT":null,"LOAN_EQUITY":null,"LOAN_ASSETS":null,"DEPOSIT_EQUITY":null,"DEPOSIT_ASSETS":null,"EQUITY_MULTIPLIER":1.050006414134,"EQUITY_RATIO":0.050084141022},{"SECUCODE":"00655.HK","SECURITY_CODE":"00655","SECURITY_NAME_ABBR":"香港华人有限公司","ORG_CODE":"10009031","STD_REPORT_DATE":"2022-12-31 00:00:00","REPORT_DATE":"2022-12-31 00:00:00","DATE_TYPE_CODE":"001","REPORT_TYPE":"2022年年报","PER_NETCASH_OPERATE":-0.015120878732,"PER_OI":0.038976069815,"BPS":4.774322021094,"BASIC_EPS":0.21885115,"DILUTED_EPS":0.21885115,"OPERATE_INCOME":77885104.57,"OPERATE_INCOME_YOY":12.1514200453,"GROSS_PROFIT":null,"GROSS_PROFIT_YOY":null,"HOLDER_PROFIT":436601791.36,"HOLDER_PROFIT_YOY":-27.0825283491,"GROSS_PROFIT_RATIO":null,"EPS_TTM":0.218488785439,"OPERATE_INCOME_QOQ":0.306859036931,"NET_PROFIT_RATIO":559.2824947529,"ROE_AVG":4.467509196446,"GROSS_PROFIT_QOQ":null,"ROA":4.289146542169,"HOLDER_PROFIT_QOQ":-33.412276453658,"ROE_YEARLY":4.467509196446,"ROIC_YEARLY":4.359367782502,"TOTAL_ASSETS":10023095930.33,"TOTAL_LIABILITIES":467144479.2,"TAX_EBT":0.727175010586,"OCF_SALES":-38.795288504548,"TOTAL_PARENT_EQUITY":9540432671.42,"DEBT_ASSET_RATIO":4.6606805167,"OPERATE_PROFIT":28246983.94,"PRETAX_PROFIT":438788516.32,"NETCASH_OPERATE":-30215751.02,"NETCASH_INVEST":-1569475.39,"NETCASH_FINANCE":113756147.96,"END_CASH":185240079.71,"DIVI_RATIO":0.041476728345,"DIVIDEND_RATE":3.846153846154,"CURRENT_RATIO":5.690539627739,"COMMON_ACS":4000000000,"CURRENTDEBT_DEBT":10.191219213707,"ISSUED_COMMON_SHARES":1998280097,"HK_COMMON_SHARES":1998280097,"PER_SHARES":2000,"TOTAL_MARKET_CAP":519552825.22,"HKSK_MARKET_CAP":519552825.22,"PE_TTM":-1.471112566809,"PB_TTM":0.053302415797,"REPORT_DATE_SQ":"2021-12-31 00:00:00","REPORT_TYPE_SQ":"2021年年报","OPERATE_INCOME_SQ":63563494.4,"DPS_HKD":0.01,"OPERATE_INCOME_QOQ_SQ":-29.662753605907,"NET_PROFIT_RATIO_SQ":861.6291932496,"HOLDER_PROFIT_SQ":548039732.8,"HOLDER_PROFIT_QOQ_SQ":248.458499667922,"ROE_AVG_SQ":6.130334180827,"PE_TTM_SQ":2.352570011773,"PB_TTM_SQ":0.062712991099,"ROA_SQ":5.916428156299,"START_DATE":"2022-01-01 00:00:00","FISCAL_YEAR":"12-31","CURRENCY":"HKD","IS_CNY_CODE":0,"DPS_HKD_LY":0.0225,"ORG_TYPE":"证券","PREMIUM_INCOME":null,"PREMIUM_INCOME_YOY":null,"NET_INTEREST_INCOME":null,"NET_INTEREST_INCOME_YOY":null,"FEE_COMMISSION_INCOME":null,"FEE_COMMISSION_INCOME_YOY":null,"ACCOUNTS_RECE_TDAYS":23.539686825054,"INVENTORY_TDAYS":null,"CURRENT_ASSETS_TDAYS":0.31945818403,"TOTAL_ASSETS_TDAYS":0.007651380126,"PREMIUM_EXPENSE":null,"LOAN_DEPOSIT":null,"LOAN_EQUITY":null,"LOAN_ASSETS":null,"DEPOSIT_EQUITY":null,"DEPOSIT_ASSETS":null,"EQUITY_MULTIPLIER":1.04888518758,"EQUITY_RATIO":0.048964705825},{"SECUCODE":"00655.HK","SECURITY_CODE":"00655","SECURITY_NAME_ABBR":"香港华人有限公司","ORG_CODE":"10009031","STD_REPORT_DATE":"2022-06-30 00:00:00","REPORT_DATE":"2022-06-30 00:00:00","DATE_TYPE_CODE":"002","REPORT_TYPE":"2022年中报","PER_NETCASH_OPERATE":-0.009975390207,"PER_OI":0.024137542711,"BPS":4.600860178802,"BASIC_EPS":0.12742331,"DILUTED_EPS":0.12742331,"OPERATE_INCOME":48233571.19,"OPERATE_INCOME_YOY":37.4226402222,"GROSS_PROFIT":null,"GROSS_PROFIT_YOY":null,"HOLDER_PROFIT":254114577.36,"HOLDER_PROFIT_YOY":68.7982503479,"GROSS_PROFIT_RATIO":null,"EPS_TTM":0.328121722447,"OPERATE_INCOME_QOQ":22.156339834583,"NET_PROFIT_RATIO":525.9268452687,"ROE_AVG":2.707306636525,"GROSS_PROFIT_QOQ":null,"ROA":2.612760729594,"HOLDER_PROFIT_QOQ":19.640797576858,"ROE_YEARLY":5.414613273049,"ROIC_YEARLY":5.292875225718,"TOTAL_ASSETS":9557050987.26,"TOTAL_LIABILITIES":347187470.63,"TAX_EBT":0.685692857812,"OCF_SALES":-41.32728143118,"TOTAL_PARENT_EQUITY":9193807324.38,"DEBT_ASSET_RATIO":3.6327887242,"OPERATE_PROFIT":23445033.85,"PRETAX_PROFIT":255424728.44,"NETCASH_OPERATE":-19933623.71,"NETCASH_INVEST":-14538.23,"NETCASH_FINANCE":28131475.05,"END_CASH":109719166.62,"DIVI_RATIO":0.027618409206,"DIVIDEND_RATE":3.846153846154,"CURRENT_RATIO":4.199950655576,"COMMON_ACS":4000000000,"CURRENTDEBT_DEBT":13.977146488594,"ISSUED_COMMON_SHARES":1998280097,"HK_COMMON_SHARES":1998280097,"PER_SHARES":2000,"TOTAL_MARKET_CAP":519552825.22,"HKSK_MARKET_CAP":519552825.22,"PE_TTM":-1.471112566809,"PB_TTM":0.053302415797,"REPORT_DATE_SQ":"2021-06-30 00:00:00","REPORT_TYPE_SQ":"2021年中报","OPERATE_INCOME_SQ":34150227.36,"DPS_HKD":0.01,"OPERATE_INCOME_QOQ_SQ":0,"NET_PROFIT_RATIO_SQ":427.4621119828,"HOLDER_PROFIT_SQ":146475202.8,"HOLDER_PROFIT_QOQ_SQ":0,"ROE_AVG_SQ":1.647038294681,"PE_TTM_SQ":2.352570011773,"PB_TTM_SQ":0.062712991099,"ROA_SQ":1.584488921426,"START_DATE":"2022-01-01 00:00:00","FISCAL_YEAR":"12-31","CURRENCY":"HKD","IS_CNY_CODE":0,"DPS_HKD_LY":0.0225,"ORG_TYPE":"证券","PREMIUM_INCOME":null,"PREMIUM_INCOME_YOY":null,"NET_INTEREST_INCOME":null,"NET_INTEREST_INCOME_YOY":null,"FEE_COMMISSION_INCOME":null,"FEE_COMMISSION_INCOME_YOY":null,"ACCOUNTS_RECE_TDAYS":20.200931232092,"INVENTORY_TDAYS":null,"CURRENT_ASSETS_TDAYS":0.234560944216,"TOTAL_ASSETS_TDAYS":0.004959289702,"PREMIUM_EXPENSE":null,"LOAN_DEPOSIT":null,"LOAN_EQUITY":null,"LOAN_ASSETS":null,"DEPOSIT_EQUITY":null,"DEPOSIT_ASSETS":null,"EQUITY_MULTIPLIER":1.03769735241,"EQUITY_RATIO":0.037763187587},{"SECUCODE":"00655.HK","SECURITY_CODE":"00655","SECURITY_NAME_ABBR":"香港华人有限公司","ORG_CODE":"10009031","STD_REPORT_DATE":"2021-12-31 00:00:00","REPORT_DATE":"2021-12-31 00:00:00","DATE_TYPE_CODE":"001","REPORT_TYPE":"2021年年报","PER_NETCASH_OPERATE":0.005426171845,"PER_OI":0.031809101485,"BPS":4.582771177748,"BASIC_EPS":0.273896,"DILUTED_EPS":0.273896,"OPERATE_INCOME":63563494.4,"OPERATE_INCOME_YOY":null,"GROSS_PROFIT":null,"GROSS_PROFIT_YOY":null,"HOLDER_PROFIT":548039732.8,"HOLDER_PROFIT_YOY":null,"GROSS_PROFIT_RATIO":null,"EPS_TTM":0.274255713012,"OPERATE_INCOME_QOQ":-29.662753605907,"NET_PROFIT_RATIO":861.6291932496,"ROE_AVG":6.130334180827,"GROSS_PROFIT_QOQ":null,"ROA":5.916428156299,"HOLDER_PROFIT_QOQ":248.458499667922,"ROE_YEARLY":6.130334180827,"ROIC_YEARLY":6.012181092578,"TOTAL_ASSETS":9459829859.2,"TOTAL_LIABILITIES":285684974.4,"TAX_EBT":-2.396718975949,"OCF_SALES":17.05855114221,"TOTAL_PARENT_EQUITY":9157660433.6,"DEBT_ASSET_RATIO":3.0199800488,"OPERATE_PROFIT":12145448,"PRETAX_PROFIT":534862473.6,"NETCASH_OPERATE":10843011.2,"NETCASH_INVEST":-33784867.2,"NETCASH_FINANCE":-41094211.2,"END_CASH":99919713.6,"DIVI_RATIO":0.033042885052,"DIVIDEND_RATE":3.846153846154,"CURRENT_RATIO":3.95792204402,"COMMON_ACS":4000000000,"CURRENTDEBT_DEBT":17.540832066945,"ISSUED_COMMON_SHARES":1998280097,"HK_COMMON_SHARES":1998280097,"PER_SHARES":2000,"TOTAL_MARKET_CAP":519552825.22,"HKSK_MARKET_CAP":519552825.22,"PE_TTM":-1.471112566809,"PB_TTM":0.053302415797,"REPORT_DATE_SQ":"2020-12-31 00:00:00","REPORT_TYPE_SQ":"2020年年报","OPERATE_INCOME_SQ":null,"DPS_HKD":0.01,"OPERATE_INCOME_QOQ_SQ":0,"NET_PROFIT_RATIO_SQ":null,"HOLDER_PROFIT_SQ":null,"HOLDER_PROFIT_QOQ_SQ":0,"ROE_AVG_SQ":null,"PE_TTM_SQ":2.352570011773,"PB_TTM_SQ":0.062712991099,"ROA_SQ":null,"START_DATE":"2021-01-01 00:00:00","FISCAL_YEAR":"12-31","CURRENCY":"HKD","IS_CNY_CODE":0,"DPS_HKD_LY":0.0175,"ORG_TYPE":"证券","PREMIUM_INCOME":null,"PREMIUM_INCOME_YOY":null,"NET_INTEREST_INCOME":null,"NET_INTEREST_INCOME_YOY":null,"FEE_COMMISSION_INCOME":null,"FEE_COMMISSION_INCOME_YOY":null,"ACCOUNTS_RECE_TDAYS":20.62175066313,"INVENTORY_TDAYS":null,"CURRENT_ASSETS_TDAYS":0.274568250044,"TOTAL_ASSETS_TDAYS":0.006862072683,"PREMIUM_EXPENSE":null,"LOAN_DEPOSIT":null,"LOAN_EQUITY":null,"LOAN_ASSETS":null,"DEPOSIT_EQUITY":null,"DEPOSIT_ASSETS":null,"EQUITY_MULTIPLIER":1.031140229197,"EQUITY_RATIO":0.031196283862},{"SECUCODE":"00655.HK","SECURITY_CODE":"00655","SECURITY_NAME_ABBR":"香港华人有限公司","ORG_CODE":"10009031","STD_REPORT_DATE":"2021-06-30 00:00:00","REPORT_DATE":"2021-06-30 00:00:00","DATE_TYPE_CODE":"002","REPORT_TYPE":"2021年中报","PER_NETCASH_OPERATE":-0.013812757181,"PER_OI":0.017089810088,"BPS":4.458876441724,"BASIC_EPS":0.07322304,"DILUTED_EPS":0.07322304,"OPERATE_INCOME":34150227.36,"OPERATE_INCOME_YOY":-37.7340170525,"GROSS_PROFIT":null,"GROSS_PROFIT_YOY":null,"HOLDER_PROFIT":146475202.8,"HOLDER_PROFIT_YOY":130.0699157356,"GROSS_PROFIT_RATIO":null,"EPS_TTM":-0.184735608689,"OPERATE_INCOME_QOQ":0,"NET_PROFIT_RATIO":427.4621119828,"ROE_AVG":1.647038294681,"GROSS_PROFIT_QOQ":null,"ROA":1.584488921426,"HOLDER_PROFIT_QOQ":0,"ROE_YEARLY":3.294076589362,"ROIC_YEARLY":3.221216422522,"TOTAL_ASSETS":9261867502.56,"TOTAL_LIABILITIES":335432250,"TAX_EBT":1.226233975351,"OCF_SALES":-80.824521222163,"TOTAL_PARENT_EQUITY":8910084048.48,"DEBT_ASSET_RATIO":3.6216481169,"OPERATE_PROFIT":40562235.84,"PRETAX_PROFIT":147791553.36,"NETCASH_OPERATE":-27601757.76,"NETCASH_INVEST":-33963841.44,"NETCASH_FINANCE":-2570295.12,"END_CASH":101665198.56,"DIVI_RATIO":-0.049054971396,"DIVIDEND_RATE":3.846153846154,"CURRENT_RATIO":3.468045977011,"COMMON_ACS":4000000000,"CURRENTDEBT_DEBT":17.26511627907,"ISSUED_COMMON_SHARES":1998280097,"HK_COMMON_SHARES":1998280097,"PER_SHARES":2000,"TOTAL_MARKET_CAP":519552825.22,"HKSK_MARKET_CAP":519552825.22,"PE_TTM":-1.471112566809,"PB_TTM":0.053302415797,"REPORT_DATE_SQ":"2020-06-30 00:00:00","REPORT_TYPE_SQ":"2020年中报","OPERATE_INCOME_SQ":57919950.08,"DPS_HKD":0.01,"OPERATE_INCOME_QOQ_SQ":0,"NET_PROFIT_RATIO_SQ":-887.495827897,"HOLDER_PROFIT_SQ":-514419383.68,"HOLDER_PROFIT_QOQ_SQ":0,"ROE_AVG_SQ":-5.617181723796,"PE_TTM_SQ":2.352570011773,"PB_TTM_SQ":0.062712991099,"ROA_SQ":-5.302523417435,"START_DATE":"2021-01-01 00:00:00","FISCAL_YEAR":"12-31","CURRENCY":"HKD","IS_CNY_CODE":0,"DPS_HKD_LY":0.0175,"ORG_TYPE":"证券","PREMIUM_INCOME":null,"PREMIUM_INCOME_YOY":null,"NET_INTEREST_INCOME":null,"NET_INTEREST_INCOME_YOY":null,"FEE_COMMISSION_INCOME":null,"FEE_COMMISSION_INCOME_YOY":null,"ACCOUNTS_RECE_TDAYS":12.078281341966,"INVENTORY_TDAYS":null,"CURRENT_ASSETS_TDAYS":0.14525802039,"TOTAL_ASSETS_TDAYS":0.003694185492,"PREMIUM_EXPENSE":null,"LOAN_DEPOSIT":null,"LOAN_EQUITY":null,"LOAN_ASSETS":null,"DEPOSIT_EQUITY":null,"DEPOSIT_ASSETS":null,"EQUITY_MULTIPLIER":1.037577402457,"EQUITY_RATIO":0.037646362052},{"SECUCODE":"00655.HK","SECURITY_CODE":"00655","SECURITY_NAME_ABBR":"香港华人有限公司","ORG_CODE":"10009031","STD_REPORT_DATE":"2020-06-30 00:00:00","REPORT_DATE":"2020-09-30 00:00:00","DATE_TYPE_CODE":"002","REPORT_TYPE":"2020年中报","PER_NETCASH_OPERATE":-0.003291000341,"PER_OI":0.028984900649,"BPS":4.517857476233,"BASIC_EPS":-0.25746496,"DILUTED_EPS":-0.25746496,"OPERATE_INCOME":57919950.08,"OPERATE_INCOME_YOY":81.1371568331,"GROSS_PROFIT":null,"GROSS_PROFIT_YOY":null,"HOLDER_PROFIT":-514419383.68,"HOLDER_PROFIT_YOY":-317.3878654422,"GROSS_PROFIT_RATIO":null,"EPS_TTM":0.194254289568,"OPERATE_INCOME_QOQ":0,"NET_PROFIT_RATIO":-887.495827897,"ROE_AVG":-5.617181723796,"GROSS_PROFIT_QOQ":null,"ROA":-5.302523417435,"HOLDER_PROFIT_QOQ":0,"ROE_YEARLY":-11.234363447592,"ROIC_YEARLY":-10.898760659935,"TOTAL_ASSETS":9580860782.72,"TOTAL_LIABILITIES":535719556.48,"TAX_EBT":-1.09967460759,"OCF_SALES":-11.354188791456,"TOTAL_PARENT_EQUITY":9027944675.84,"DEBT_ASSET_RATIO":5.591559763,"OPERATE_PROFIT":19819529.6,"PRETAX_PROFIT":-625434232.32,"NETCASH_OPERATE":-6576340.48,"NETCASH_INVEST":273367155.84,"NETCASH_FINANCE":-17114829.44,"END_CASH":370759208.32,"DIVI_RATIO":0.046651222067,"DIVIDEND_RATE":3.846153846154,"CURRENT_RATIO":5.447964255234,"COMMON_ACS":4000000000,"CURRENTDEBT_DEBT":16.336181373522,"ISSUED_COMMON_SHARES":1998280097,"HK_COMMON_SHARES":1998280097,"PER_SHARES":2000,"TOTAL_MARKET_CAP":519552825.22,"HKSK_MARKET_CAP":519552825.22,"PE_TTM":-1.471112566809,"PB_TTM":0.053302415797,"REPORT_DATE_SQ":"2019-06-30 00:00:00","REPORT_TYPE_SQ":"2019年中报","OPERATE_INCOME_SQ":32823241.89,"DPS_HKD":0.01,"OPERATE_INCOME_QOQ_SQ":0,"NET_PROFIT_RATIO_SQ":738.4862725699,"HOLDER_PROFIT_SQ":242908586.97,"HOLDER_PROFIT_QOQ_SQ":0,"ROE_AVG_SQ":2.475354073563,"PE_TTM_SQ":2.352570011773,"PB_TTM_SQ":0.062712991099,"ROA_SQ":2.320628818998,"START_DATE":"2020-04-01 00:00:00","FISCAL_YEAR":"3-31","CURRENCY":"HKD","IS_CNY_CODE":0,"DPS_HKD_LY":0.02,"ORG_TYPE":"证券","PREMIUM_INCOME":null,"PREMIUM_INCOME_YOY":null,"NET_INTEREST_INCOME":null,"NET_INTEREST_INCOME_YOY":null,"FEE_COMMISSION_INCOME":null,"FEE_COMMISSION_INCOME_YOY":null,"ACCOUNTS_RECE_TDAYS":21.231760347882,"INVENTORY_TDAYS":null,"CURRENT_ASSETS_TDAYS":0.162687149211,"TOTAL_ASSETS_TDAYS":0.005970262812,"PREMIUM_EXPENSE":null,"LOAN_DEPOSIT":null,"LOAN_EQUITY":null,"LOAN_ASSETS":null,"DEPOSIT_EQUITY":null,"DEPOSIT_ASSETS":null,"EQUITY_MULTIPLIER":1.059227329135,"EQUITY_RATIO":0.059340146148},{"SECUCODE":"00655.HK","SECURITY_CODE":"00655","SECURITY_NAME_ABBR":"香港华人有限公司","ORG_CODE":"10009031","STD_REPORT_DATE":"2019-12-31 00:00:00","REPORT_DATE":"2020-03-31 00:00:00","DATE_TYPE_CODE":"001","REPORT_TYPE":"2019年年报","PER_NETCASH_OPERATE":-0.02979442461,"PER_OI":0.033054568676,"BPS":4.833013601746,"BASIC_EPS":0.1946181,"DILUTED_EPS":0.1946181,"OPERATE_INCOME":66052286.7,"OPERATE_INCOME_YOY":0.3977232802,"GROSS_PROFIT":null,"GROSS_PROFIT_YOY":null,"HOLDER_PROFIT":388174480.6,"HOLDER_PROFIT_YOY":3827.139951932,"GROSS_PROFIT_RATIO":null,"EPS_TTM":0.181704345545,"OPERATE_INCOME_QOQ":0,"NET_PROFIT_RATIO":592.9687281279,"ROE_AVG":3.953223259065,"GROSS_PROFIT_QOQ":null,"ROA":3.700045310179,"HOLDER_PROFIT_QOQ":0,"ROE_YEARLY":3.953223259065,"ROIC_YEARLY":3.813116386896,"TOTAL_ASSETS":10212944795.3,"TOTAL_LIABILITIES":538426049.7,"TAX_EBT":0.67076630668,"OCF_SALES":-91.213359836502,"TOTAL_PARENT_EQUITY":9657714888.9,"DEBT_ASSET_RATIO":5.2719960843,"OPERATE_PROFIT":-5938136.3,"PRETAX_PROFIT":396120015.8,"NETCASH_OPERATE":-59537605.7,"NETCASH_INVEST":2185570.4,"NETCASH_FINANCE":-278093732,"END_CASH":123503915.3,"DIVI_RATIO":0.049873325665,"DIVIDEND_RATE":3.846153846154,"CURRENT_RATIO":3.259743580378,"COMMON_ACS":4000000000,"CURRENTDEBT_DEBT":13.937493318128,"ISSUED_COMMON_SHARES":1998280097,"HK_COMMON_SHARES":1998280097,"PER_SHARES":2000,"TOTAL_MARKET_CAP":519552825.22,"HKSK_MARKET_CAP":519552825.22,"PE_TTM":-1.471112566809,"PB_TTM":0.053302415797,"REPORT_DATE_SQ":"2018-12-31 00:00:00","REPORT_TYPE_SQ":"2018年年报","OPERATE_INCOME_SQ":61036047.45,"DPS_HKD":0.01,"OPERATE_INCOME_QOQ_SQ":0,"NET_PROFIT_RATIO_SQ":14.0467992411,"HOLDER_PROFIT_SQ":9279572.22,"HOLDER_PROFIT_QOQ_SQ":0,"ROE_AVG_SQ":0.097801761218,"PE_TTM_SQ":2.352570011773,"PB_TTM_SQ":0.062712991099,"ROA_SQ":0.089982145806,"START_DATE":"2019-04-01 00:00:00","FISCAL_YEAR":"3-31","CURRENCY":"HKD","IS_CNY_CODE":0,"DPS_HKD_LY":0.02,"ORG_TYPE":"证券","PREMIUM_INCOME":null,"PREMIUM_INCOME_YOY":null,"NET_INTEREST_INCOME":null,"NET_INTEREST_INCOME_YOY":null,"FEE_COMMISSION_INCOME":null,"FEE_COMMISSION_INCOME_YOY":null,"ACCOUNTS_RECE_TDAYS":12.847165452284,"INVENTORY_TDAYS":null,"CURRENT_ASSETS_TDAYS":0.154940773186,"TOTAL_ASSETS_TDAYS":0.006221755984,"PREMIUM_EXPENSE":null,"LOAN_DEPOSIT":null,"LOAN_EQUITY":null,"LOAN_ASSETS":null,"DEPOSIT_EQUITY":null,"DEPOSIT_ASSETS":null,"EQUITY_MULTIPLIER":1.055654039633,"EQUITY_RATIO":0.055750874394}],"count":46},"success":true,"message":"ok","code":0}