{"version":"a8c1b968f7664db9765390175168a4b0","result":{"pages":6,"data":[{"SECUCODE":"00659.HK","SECURITY_CODE":"00659","SECURITY_NAME_ABBR":"周大福创建","ORG_CODE":"10009033","STD_REPORT_DATE":"2023-12-31 00:00:00","REPORT_DATE":"2024-06-30 00:00:00","DATE_TYPE_CODE":"001","REPORT_TYPE":"2023年年报","PER_NETCASH_OPERATE":0.55906369129,"PER_OI":6.032326224441,"BPS":8.880407215729,"BASIC_EPS":0.5111008,"DILUTED_EPS":0.5111008,"OPERATE_INCOME":24114465888,"OPERATE_INCOME_YOY":-2.5802502821,"GROSS_PROFIT":5881218652,"GROSS_PROFIT_YOY":16.049638262731,"HOLDER_PROFIT":1902207656,"HOLDER_PROFIT_YOY":44.0458912157,"GROSS_PROFIT_RATIO":24.388757683108,"EPS_TTM":0.516556563091,"OPERATE_INCOME_QOQ":2.304092317739,"NET_PROFIT_RATIO":9.9161292276,"ROE_AVG":4.948577954586,"GROSS_PROFIT_QOQ":13.302178229261,"ROA":1.314712134688,"HOLDER_PROFIT_QOQ":8.142351635001,"ROE_YEARLY":4.948577954586,"ROIC_YEARLY":1.55447872903,"TOTAL_ASSETS":141541791316,"TOTAL_LIABILITIES":101975561760,"TAX_EBT":21.098596639162,"OCF_SALES":9.26779604566,"TOTAL_PARENT_EQUITY":35499783816,"DEBT_ASSET_RATIO":72.0462563119,"OPERATE_PROFIT":3342781768,"PRETAX_PROFIT":3030645208,"NETCASH_OPERATE":2234879516,"NETCASH_INVEST":2296850488,"NETCASH_FINANCE":-8456254004,"END_CASH":13645204876,"DIVI_RATIO":3.758681892224,"DIVIDEND_RATE":28.269484808454,"CURRENT_RATIO":8.219226373626,"COMMON_ACS":6000000000,"CURRENTDEBT_DEBT":10.180610747145,"ISSUED_COMMON_SHARES":3997540085,"HK_COMMON_SHARES":3997540085,"PER_SHARES":1000,"TOTAL_MARKET_CAP":30261378443.45,"HKSK_MARKET_CAP":30261378443.45,"PE_TTM":14.519421573481,"PB_TTM":0.778003466751,"REPORT_DATE_SQ":"2022-12-31 00:00:00","REPORT_TYPE_SQ":"2022年年报","OPERATE_INCOME_SQ":25005388372,"DPS_HKD":2.14,"OPERATE_INCOME_QOQ_SQ":8.878716517792,"NET_PROFIT_RATIO_SQ":5.8895735373,"HOLDER_PROFIT_SQ":1334012862,"HOLDER_PROFIT_QOQ_SQ":-18.889434461961,"ROE_AVG_SQ":4.880956394831,"PE_TTM_SQ":14.013158895614,"PB_TTM_SQ":0.714716348709,"ROA_SQ":1.304413166933,"START_DATE":"2023-07-01 00:00:00","FISCAL_YEAR":"6-30","CURRENCY":"HKD","IS_CNY_CODE":0,"DPS_HKD_LY":2.1,"ORG_TYPE":"一般企业","PREMIUM_INCOME":null,"PREMIUM_INCOME_YOY":null,"NET_INTEREST_INCOME":null,"NET_INTEREST_INCOME_YOY":null,"FEE_COMMISSION_INCOME":null,"FEE_COMMISSION_INCOME_YOY":null,"ACCOUNTS_RECE_TDAYS":2.851072324584,"INVENTORY_TDAYS":154.865891472868,"CURRENT_ASSETS_TDAYS":0.388556941027,"TOTAL_ASSETS_TDAYS":0.166667297466,"PREMIUM_EXPENSE":null,"LOAN_DEPOSIT":null,"LOAN_EQUITY":null,"LOAN_ASSETS":null,"DEPOSIT_EQUITY":null,"DEPOSIT_ASSETS":null,"EQUITY_MULTIPLIER":3.577338374272,"EQUITY_RATIO":2.872568528545},{"SECUCODE":"00659.HK","SECURITY_CODE":"00659","SECURITY_NAME_ABBR":"周大福创建","ORG_CODE":"10009033","STD_REPORT_DATE":"2023-06-30 00:00:00","REPORT_DATE":"2023-12-31 00:00:00","DATE_TYPE_CODE":"002","REPORT_TYPE":"2023年中报","PER_NETCASH_OPERATE":-0.053373689418,"PER_OI":3.238212315688,"BPS":10.390697071397,"BASIC_EPS":0.2537416,"DILUTED_EPS":0.2537416,"OPERATE_INCOME":12667596270,"OPERATE_INCOME_YOY":6.6580700295,"GROSS_PROFIT":2876432902,"GROSS_PROFIT_YOY":28.506499667265,"HOLDER_PROFIT":914194736,"HOLDER_PROFIT_YOY":18.2510842809,"GROSS_PROFIT_RATIO":22.707014343456,"EPS_TTM":0.477837949193,"OPERATE_INCOME_QOQ":43.776471092552,"NET_PROFIT_RATIO":9.5868655435,"ROE_AVG":2.212916429939,"GROSS_PROFIT_QOQ":22.301651145181,"ROA":0.621329181284,"HOLDER_PROFIT_QOQ":69.765224670421,"ROE_YEARLY":4.425832859879,"ROIC_YEARLY":1.47905960663,"TOTAL_ASSETS":147486308158,"TOTAL_LIABILITIES":103982220216,"TAX_EBT":21.156674707301,"OCF_SALES":-1.648245519906,"TOTAL_PARENT_EQUITY":41537228054,"DEBT_ASSET_RATIO":70.502964997,"OPERATE_PROFIT":1557248448,"PRETAX_PROFIT":1540302134,"NETCASH_OPERATE":-208793088,"NETCASH_INVEST":321889344,"NETCASH_FINANCE":581430752,"END_CASH":18196625734,"DIVI_RATIO":4.06324320469,"DIVIDEND_RATE":27.64857881137,"CURRENT_RATIO":8.192758481521,"COMMON_ACS":6000000000,"CURRENTDEBT_DEBT":10.581143217701,"ISSUED_COMMON_SHARES":3997540085,"HK_COMMON_SHARES":3997540085,"PER_SHARES":1000,"TOTAL_MARKET_CAP":30940960257.9,"HKSK_MARKET_CAP":30940960257.9,"PE_TTM":14.845485201948,"PB_TTM":0.795475143019,"REPORT_DATE_SQ":"2022-06-30 00:00:00","REPORT_TYPE_SQ":"2022年中报","OPERATE_INCOME_SQ":11707107293,"DPS_HKD":2.14,"OPERATE_INCOME_QOQ_SQ":7.315754536909,"NET_PROFIT_RATIO_SQ":8.3591824655,"HOLDER_PROFIT_SQ":762048637,"HOLDER_PROFIT_QOQ_SQ":-22.161880414609,"ROE_AVG_SQ":2.800940233034,"PE_TTM_SQ":14.090366382642,"PB_TTM_SQ":0.718654179831,"ROA_SQ":0.781921627559,"START_DATE":"2023-07-01 00:00:00","FISCAL_YEAR":"6-30","CURRENCY":"HKD","IS_CNY_CODE":0,"DPS_HKD_LY":2.1,"ORG_TYPE":"一般企业","PREMIUM_INCOME":null,"PREMIUM_INCOME_YOY":null,"NET_INTEREST_INCOME":null,"NET_INTEREST_INCOME_YOY":null,"FEE_COMMISSION_INCOME":null,"FEE_COMMISSION_INCOME_YOY":null,"ACCOUNTS_RECE_TDAYS":1.478995064197,"INVENTORY_TDAYS":40.879303821415,"CURRENT_ASSETS_TDAYS":0.196916336794,"TOTAL_ASSETS_TDAYS":0.086094864796,"PREMIUM_EXPENSE":null,"LOAN_DEPOSIT":null,"LOAN_EQUITY":null,"LOAN_ASSETS":null,"DEPOSIT_EQUITY":null,"DEPOSIT_ASSETS":null,"EQUITY_MULTIPLIER":3.390171249071,"EQUITY_RATIO":2.503350008836},{"SECUCODE":"00659.HK","SECURITY_CODE":"00659","SECURITY_NAME_ABBR":"周大福创建","ORG_CODE":"10009033","STD_REPORT_DATE":"2022-12-31 00:00:00","REPORT_DATE":"2023-06-30 00:00:00","DATE_TYPE_CODE":"001","REPORT_TYPE":"2022年年报","PER_NETCASH_OPERATE":1.246146295289,"PER_OI":6.394451154701,"BPS":9.164746791026,"BASIC_EPS":0.368792,"DILUTED_EPS":0.368792,"OPERATE_INCOME":25005388372,"OPERATE_INCOME_YOY":45.2017752885,"GROSS_PROFIT":5067847466,"GROSS_PROFIT_YOY":67.908369679281,"HOLDER_PROFIT":1334012862,"HOLDER_PROFIT_YOY":27.7224602975,"GROSS_PROFIT_RATIO":11.506885066064,"EPS_TTM":0.281473788164,"OPERATE_INCOME_QOQ":8.878716517792,"NET_PROFIT_RATIO":5.8895735373,"ROE_AVG":4.880956394831,"GROSS_PROFIT_QOQ":29.947154514658,"ROA":1.304413166933,"HOLDER_PROFIT_QOQ":-18.889434461961,"ROE_YEARLY":4.880956394831,"ROIC_YEARLY":1.576869571171,"TOTAL_ASSETS":142450612098,"TOTAL_LIABILITIES":91057141948,"TAX_EBT":26.831752722164,"OCF_SALES":11.68979382401,"TOTAL_PARENT_EQUITY":41800821438,"DEBT_ASSET_RATIO":69.0437927498,"OPERATE_PROFIT":2631607514,"PRETAX_PROFIT":2624877060,"NETCASH_OPERATE":4873033092,"NETCASH_INVEST":4094328784,"NETCASH_FINANCE":-3392702004,"END_CASH":17755398642,"DIVI_RATIO":6.897877818978,"DIVIDEND_RATE":27.64857881137,"CURRENT_RATIO":0.60167401804,"COMMON_ACS":6000000000,"CURRENTDEBT_DEBT":12.641830004475,"ISSUED_COMMON_SHARES":3997540085,"HK_COMMON_SHARES":3997540085,"PER_SHARES":1000,"TOTAL_MARKET_CAP":30940960257.9,"HKSK_MARKET_CAP":30940960257.9,"PE_TTM":14.845485201948,"PB_TTM":0.795475143019,"REPORT_DATE_SQ":"2021-12-31 00:00:00","REPORT_TYPE_SQ":"2021年年报","OPERATE_INCOME_SQ":26629419334,"DPS_HKD":2.14,"OPERATE_INCOME_QOQ_SQ":5.761013704423,"NET_PROFIT_RATIO_SQ":7.0147662387,"HOLDER_PROFIT_SQ":1357015492,"HOLDER_PROFIT_QOQ_SQ":82.748292385083,"ROE_AVG_SQ":3.478989146247,"PE_TTM_SQ":14.090366382642,"PB_TTM_SQ":0.718654179831,"ROA_SQ":1.053149609565,"START_DATE":"2022-07-01 00:00:00","FISCAL_YEAR":"6-30","CURRENCY":"HKD","IS_CNY_CODE":0,"DPS_HKD_LY":0.61,"ORG_TYPE":"一般企业","PREMIUM_INCOME":null,"PREMIUM_INCOME_YOY":null,"NET_INTEREST_INCOME":null,"NET_INTEREST_INCOME_YOY":null,"FEE_COMMISSION_INCOME":null,"FEE_COMMISSION_INCOME_YOY":null,"ACCOUNTS_RECE_TDAYS":2.299134901898,"INVENTORY_TDAYS":195.36669921875,"CURRENT_ASSETS_TDAYS":1.076417813087,"TOTAL_ASSETS_TDAYS":0.291002496902,"PREMIUM_EXPENSE":null,"LOAN_DEPOSIT":null,"LOAN_EQUITY":null,"LOAN_ASSETS":null,"DEPOSIT_EQUITY":null,"DEPOSIT_ASSETS":null,"EQUITY_MULTIPLIER":3.230369896149,"EQUITY_RATIO":2.178357716799},{"SECUCODE":"00659.HK","SECURITY_CODE":"00659","SECURITY_NAME_ABBR":"周大福创建","ORG_CODE":"10009033","STD_REPORT_DATE":"2022-06-30 00:00:00","REPORT_DATE":"2022-12-31 00:00:00","DATE_TYPE_CODE":"002","REPORT_TYPE":"2022年中报","PER_NETCASH_OPERATE":0.160930910709,"PER_OI":2.99381749135,"BPS":8.869417376712,"BASIC_EPS":0.2233175,"DILUTED_EPS":0.2233175,"OPERATE_INCOME":11707107293,"OPERATE_INCOME_YOY":7.7630303848,"GROSS_PROFIT":2238355966,"GROSS_PROFIT_YOY":135.522644752472,"HOLDER_PROFIT":762048637,"HOLDER_PROFIT_YOY":-26.5929902116,"GROSS_PROFIT_RATIO":11.814523702468,"EPS_TTM":0.346961816328,"OPERATE_INCOME_QOQ":7.315754536909,"NET_PROFIT_RATIO":8.3591824655,"ROE_AVG":2.800940233034,"GROSS_PROFIT_QOQ":23.892800321259,"ROA":0.781921627559,"HOLDER_PROFIT_QOQ":-22.161880414609,"ROE_YEARLY":5.601880466068,"ROIC_YEARLY":1.896207747633,"TOTAL_ASSETS":132693471960,"TOTAL_LIABILITIES":87956098531,"TAX_EBT":19.792459356624,"OCF_SALES":4.009698404658,"TOTAL_PARENT_EQUITY":35455851494,"DEBT_ASSET_RATIO":66.2851738159,"OPERATE_PROFIT":1034317333,"PRETAX_PROFIT":1291221785,"NETCASH_OPERATE":629308715,"NETCASH_INVEST":4816154532,"NETCASH_FINANCE":-1546697005,"END_CASH":15821776894,"DIVI_RATIO":5.595923553046,"DIVIDEND_RATE":27.64857881137,"CURRENT_RATIO":0.660147713444,"COMMON_ACS":6000000000,"CURRENTDEBT_DEBT":62.92348675117,"ISSUED_COMMON_SHARES":3997540085,"HK_COMMON_SHARES":3997540085,"PER_SHARES":1000,"TOTAL_MARKET_CAP":30940960257.9,"HKSK_MARKET_CAP":30940960257.9,"PE_TTM":14.845485201948,"PB_TTM":0.795475143019,"REPORT_DATE_SQ":"2021-06-30 00:00:00","REPORT_TYPE_SQ":"2021年中报","OPERATE_INCOME_SQ":13330313920,"DPS_HKD":2.14,"OPERATE_INCOME_QOQ_SQ":-8.162843745976,"NET_PROFIT_RATIO_SQ":11.6123452853,"HOLDER_PROFIT_SQ":1294669600,"HOLDER_PROFIT_QOQ_SQ":256.432841123934,"ROE_AVG_SQ":3.121786461039,"PE_TTM_SQ":14.090366382642,"PB_TTM_SQ":0.718654179831,"ROA_SQ":1.029846039534,"START_DATE":"2022-07-01 00:00:00","FISCAL_YEAR":"6-30","CURRENCY":"HKD","IS_CNY_CODE":0,"DPS_HKD_LY":0.61,"ORG_TYPE":"一般企业","PREMIUM_INCOME":null,"PREMIUM_INCOME_YOY":null,"NET_INTEREST_INCOME":null,"NET_INTEREST_INCOME_YOY":null,"FEE_COMMISSION_INCOME":null,"FEE_COMMISSION_INCOME_YOY":null,"ACCOUNTS_RECE_TDAYS":1.100855088533,"INVENTORY_TDAYS":92.862451303566,"CURRENT_ASSETS_TDAYS":0.426431630388,"TOTAL_ASSETS_TDAYS":0.118188960806,"PREMIUM_EXPENSE":null,"LOAN_DEPOSIT":null,"LOAN_EQUITY":null,"LOAN_ASSETS":null,"DEPOSIT_EQUITY":null,"DEPOSIT_ASSETS":null,"EQUITY_MULTIPLIER":2.966054146444,"EQUITY_RATIO":2.480721653121},{"SECUCODE":"00659.HK","SECURITY_CODE":"00659","SECURITY_NAME_ABBR":"周大福创建","ORG_CODE":"10009033","STD_REPORT_DATE":"2021-12-31 00:00:00","REPORT_DATE":"2022-06-30 00:00:00","DATE_TYPE_CODE":"001","REPORT_TYPE":"2021年年报","PER_NETCASH_OPERATE":0.99448684965,"PER_OI":6.808611806104,"BPS":9.264946774136,"BASIC_EPS":0.3506279,"DILUTED_EPS":0.3506279,"OPERATE_INCOME":26629419334,"OPERATE_INCOME_YOY":10.4311405702,"GROSS_PROFIT":3018222067,"GROSS_PROFIT_YOY":-4.32258987532,"HOLDER_PROFIT":1357015492,"HOLDER_PROFIT_YOY":42.5056129322,"GROSS_PROFIT_RATIO":11.334164027927,"EPS_TTM":0.445747942238,"OPERATE_INCOME_QOQ":5.761013704423,"NET_PROFIT_RATIO":7.0147662387,"ROE_AVG":3.478989146247,"GROSS_PROFIT_QOQ":-22.774035394644,"ROA":1.053149609565,"HOLDER_PROFIT_QOQ":82.748292385083,"ROE_YEARLY":3.478989146247,"ROIC_YEARLY":1.239845870937,"TOTAL_ASSETS":127227300452,"TOTAL_LIABILITIES":81143591403,"TAX_EBT":23.439915385241,"OCF_SALES":14.606308568786,"TOTAL_PARENT_EQUITY":37036996115,"DEBT_ASSET_RATIO":63.7784430816,"OPERATE_PROFIT":2679053713,"PRETAX_PROFIT":2102228058,"NETCASH_OPERATE":3889575158,"NETCASH_INVEST":2408728154,"NETCASH_FINANCE":-3977403171,"END_CASH":11516074059,"DIVI_RATIO":4.355761667127,"DIVIDEND_RATE":27.64857881137,"CURRENT_RATIO":0.728854218619,"COMMON_ACS":6000000000,"CURRENTDEBT_DEBT":60.013258336258,"ISSUED_COMMON_SHARES":3997540085,"HK_COMMON_SHARES":3997540085,"PER_SHARES":1000,"TOTAL_MARKET_CAP":30940960257.9,"HKSK_MARKET_CAP":30940960257.9,"PE_TTM":14.845485201948,"PB_TTM":0.795475143019,"REPORT_DATE_SQ":"2020-12-31 00:00:00","REPORT_TYPE_SQ":"2020年年报","OPERATE_INCOME_SQ":23462409384,"DPS_HKD":2.14,"OPERATE_INCOME_QOQ_SQ":7.902319533978,"NET_PROFIT_RATIO_SQ":6.1743500264,"HOLDER_PROFIT_SQ":926521080,"HOLDER_PROFIT_QOQ_SQ":-363.674106140992,"ROE_AVG_SQ":2.432106779352,"PE_TTM_SQ":14.090366382642,"PB_TTM_SQ":0.718654179831,"ROA_SQ":0.757703678712,"START_DATE":"2021-07-01 00:00:00","FISCAL_YEAR":"6-30","CURRENCY":"HKD","IS_CNY_CODE":0,"DPS_HKD_LY":0.6,"ORG_TYPE":"一般企业","PREMIUM_INCOME":null,"PREMIUM_INCOME_YOY":null,"NET_INTEREST_INCOME":null,"NET_INTEREST_INCOME_YOY":null,"FEE_COMMISSION_INCOME":null,"FEE_COMMISSION_INCOME_YOY":null,"ACCOUNTS_RECE_TDAYS":2.119764596161,"INVENTORY_TDAYS":146.468435013263,"CURRENT_ASSETS_TDAYS":0.708148508648,"TOTAL_ASSETS_TDAYS":0.206665014069,"PREMIUM_EXPENSE":null,"LOAN_DEPOSIT":null,"LOAN_EQUITY":null,"LOAN_ASSETS":null,"DEPOSIT_EQUITY":null,"DEPOSIT_ASSETS":null,"EQUITY_MULTIPLIER":2.760786904475,"EQUITY_RATIO":2.190879388573},{"SECUCODE":"00659.HK","SECURITY_CODE":"00659","SECURITY_NAME_ABBR":"周大福创建","ORG_CODE":"10009033","STD_REPORT_DATE":"2021-06-30 00:00:00","REPORT_DATE":"2021-12-31 00:00:00","DATE_TYPE_CODE":"002","REPORT_TYPE":"2021年中报","PER_NETCASH_OPERATE":0.515878845977,"PER_OI":3.408295599555,"BPS":11.103888615541,"BASIC_EPS":0.335216,"DILUTED_EPS":0.335216,"OPERATE_INCOME":13330313920,"OPERATE_INCOME_YOY":14.5561215528,"GROSS_PROFIT":950378240,"GROSS_PROFIT_YOY":-43.050330748529,"HOLDER_PROFIT":1294669600,"HOLDER_PROFIT_YOY":160.7551487414,"GROSS_PROFIT_RATIO":7.129451307025,"EPS_TTM":0.243913601829,"OPERATE_INCOME_QOQ":-8.162843745976,"NET_PROFIT_RATIO":11.6123452853,"ROE_AVG":3.121786461039,"GROSS_PROFIT_QOQ":40.962217288827,"ROA":1.029846039534,"HOLDER_PROFIT_QOQ":256.432841123934,"ROE_YEARLY":6.243572922079,"ROIC_YEARLY":2.396676832475,"TOTAL_ASSETS":128559751040,"TOTAL_LIABILITIES":75552617280,"TAX_EBT":18.044947524589,"OCF_SALES":15.13597723286,"TOTAL_PARENT_EQUITY":44388239840,"DEBT_ASSET_RATIO":58.7684844353,"OPERATE_PROFIT":1158130400,"PRETAX_PROFIT":1487950240,"NETCASH_OPERATE":2017673280,"NETCASH_INVEST":4082603840,"NETCASH_FINANCE":-5450121600,"END_CASH":9565265920,"DIVI_RATIO":7.960080067039,"DIVIDEND_RATE":27.64857881137,"CURRENT_RATIO":0.847823045987,"COMMON_ACS":6000000000,"CURRENTDEBT_DEBT":55.699843519703,"ISSUED_COMMON_SHARES":3997540085,"HK_COMMON_SHARES":3997540085,"PER_SHARES":1000,"TOTAL_MARKET_CAP":30940960257.9,"HKSK_MARKET_CAP":30940960257.9,"PE_TTM":14.845485201948,"PB_TTM":0.795475143019,"REPORT_DATE_SQ":"2020-06-30 00:00:00","REPORT_TYPE_SQ":"2020年中报","OPERATE_INCOME_SQ":11978641300,"DPS_HKD":2.14,"OPERATE_INCOME_QOQ_SQ":2.893440460479,"NET_PROFIT_RATIO_SQ":6.379062006,"HOLDER_PROFIT_SQ":514915352,"HOLDER_PROFIT_QOQ_SQ":-92.079162999081,"ROE_AVG_SQ":1.27767504075,"PE_TTM_SQ":14.090366382642,"PB_TTM_SQ":0.718654179831,"ROA_SQ":0.404626418309,"START_DATE":"2021-07-01 00:00:00","FISCAL_YEAR":"6-30","CURRENCY":"HKD","IS_CNY_CODE":0,"DPS_HKD_LY":0.6,"ORG_TYPE":"一般企业","PREMIUM_INCOME":null,"PREMIUM_INCOME_YOY":null,"NET_INTEREST_INCOME":null,"NET_INTEREST_INCOME_YOY":null,"FEE_COMMISSION_INCOME":null,"FEE_COMMISSION_INCOME_YOY":null,"ACCOUNTS_RECE_TDAYS":1.08308726571,"INVENTORY_TDAYS":76.013052208835,"CURRENT_ASSETS_TDAYS":0.361997801929,"TOTAL_ASSETS_TDAYS":0.105251775828,"PREMIUM_EXPENSE":null,"LOAN_DEPOSIT":null,"LOAN_EQUITY":null,"LOAN_ASSETS":null,"DEPOSIT_EQUITY":null,"DEPOSIT_ASSETS":null,"EQUITY_MULTIPLIER":2.425329232516,"EQUITY_RATIO":1.70208635333},{"SECUCODE":"00659.HK","SECURITY_CODE":"00659","SECURITY_NAME_ABBR":"周大福创建","ORG_CODE":"10009033","STD_REPORT_DATE":"2020-12-31 00:00:00","REPORT_DATE":"2021-06-30 00:00:00","DATE_TYPE_CODE":"001","REPORT_TYPE":"2020年年报","PER_NETCASH_OPERATE":-0.021891591477,"PER_OI":5.998870479597,"BPS":9.973078699472,"BASIC_EPS":0.2413032,"DILUTED_EPS":null,"OPERATE_INCOME":23462409384,"OPERATE_INCOME_YOY":24.6994985008,"GROSS_PROFIT":3154581696,"GROSS_PROFIT_YOY":21.167575411087,"HOLDER_PROFIT":926521080,"HOLDER_PROFIT_YOY":352.804107425,"GROSS_PROFIT_RATIO":13.445258943232,"EPS_TTM":-0.155922247577,"OPERATE_INCOME_QOQ":7.902319533978,"NET_PROFIT_RATIO":6.1743500264,"ROE_AVG":2.432106779352,"GROSS_PROFIT_QOQ":-2.81406601783,"ROA":0.757703678712,"HOLDER_PROFIT_QOQ":-363.674106140992,"ROE_YEARLY":2.432106779352,"ROIC_YEARLY":0.892331783979,"TOTAL_ASSETS":126952858632,"TOTAL_LIABILITIES":78314454312,"TAX_EBT":28.29308227589,"OCF_SALES":-0.364928556989,"TOTAL_PARENT_EQUITY":39867781872,"DEBT_ASSET_RATIO":61.6878226736,"OPERATE_PROFIT":1405799160,"PRETAX_PROFIT":2032771440,"NETCASH_OPERATE":-85621032,"NETCASH_INVEST":4942638408,"NETCASH_FINANCE":-7141909056,"END_CASH":9023075520,"DIVI_RATIO":-12.452179404608,"DIVIDEND_RATE":27.64857881137,"CURRENT_RATIO":0.940944658538,"COMMON_ACS":6000000000,"CURRENTDEBT_DEBT":52.439414400296,"ISSUED_COMMON_SHARES":3997540085,"HK_COMMON_SHARES":3997540085,"PER_SHARES":1000,"TOTAL_MARKET_CAP":30940960257.9,"HKSK_MARKET_CAP":30940960257.9,"PE_TTM":14.845485201948,"PB_TTM":0.795475143019,"REPORT_DATE_SQ":"2019-12-31 00:00:00","REPORT_TYPE_SQ":"2019年年报","OPERATE_INCOME_SQ":20654887968,"DPS_HKD":2.14,"OPERATE_INCOME_QOQ_SQ":-2.513709735044,"NET_PROFIT_RATIO_SQ":3.1924538493,"HOLDER_PROFIT_SQ":231283008,"HOLDER_PROFIT_QOQ_SQ":-17.901999109434,"ROE_AVG_SQ":0.530745286282,"PE_TTM_SQ":14.090366382642,"PB_TTM_SQ":0.718654179831,"ROA_SQ":0.214469944985,"START_DATE":"2020-07-01 00:00:00","FISCAL_YEAR":"6-30","CURRENCY":"HKD","IS_CNY_CODE":0,"DPS_HKD_LY":0.58,"ORG_TYPE":"一般企业","PREMIUM_INCOME":null,"PREMIUM_INCOME_YOY":null,"NET_INTEREST_INCOME":null,"NET_INTEREST_INCOME_YOY":null,"FEE_COMMISSION_INCOME":null,"FEE_COMMISSION_INCOME_YOY":null,"ACCOUNTS_RECE_TDAYS":1.797741132367,"INVENTORY_TDAYS":91.135548917102,"CURRENT_ASSETS_TDAYS":0.653726132075,"TOTAL_ASSETS_TDAYS":0.186351486609,"PREMIUM_EXPENSE":null,"LOAN_DEPOSIT":null,"LOAN_EQUITY":null,"LOAN_ASSETS":null,"DEPOSIT_EQUITY":null,"DEPOSIT_ASSETS":null,"EQUITY_MULTIPLIER":2.610136175453,"EQUITY_RATIO":1.964354439468},{"SECUCODE":"00659.HK","SECURITY_CODE":"00659","SECURITY_NAME_ABBR":"周大福创建","ORG_CODE":"10009033","STD_REPORT_DATE":"2020-06-30 00:00:00","REPORT_DATE":"2020-12-31 00:00:00","DATE_TYPE_CODE":"002","REPORT_TYPE":"2020年中报","PER_NETCASH_OPERATE":-0.029524146798,"PER_OI":3.062699849115,"BPS":10.40079755648,"BASIC_EPS":0.1346624,"DILUTED_EPS":null,"OPERATE_INCOME":11978641300,"OPERATE_INCOME_YOY":26.1343897338,"GROSS_PROFIT":1668803792,"GROSS_PROFIT_YOY":-3.737836213316,"HOLDER_PROFIT":514915352,"HOLDER_PROFIT_YOY":-59.5851499538,"GROSS_PROFIT_RATIO":13.931494818198,"EPS_TTM":0.059134455734,"OPERATE_INCOME_QOQ":2.893440460479,"NET_PROFIT_RATIO":6.379062006,"ROE_AVG":1.27767504075,"GROSS_PROFIT_QOQ":-23.147897781314,"ROA":0.404626418309,"HOLDER_PROFIT_QOQ":-92.079162999081,"ROE_YEARLY":2.555350081499,"ROIC_YEARLY":0.953816748074,"TOTAL_ASSETS":128224190656,"TOTAL_LIABILITIES":77781507224,"TAX_EBT":30.789604370137,"OCF_SALES":-0.963990865976,"TOTAL_PARENT_EQUITY":41577605148,"DEBT_ASSET_RATIO":60.6605561915,"OPERATE_PROFIT":704873500,"PRETAX_PROFIT":1016869448,"NETCASH_OPERATE":-115473008,"NETCASH_INVEST":3055489856,"NETCASH_FINANCE":-5089312916,"END_CASH":9263342332,"DIVI_RATIO":32.833172740174,"DIVIDEND_RATE":27.64857881137,"CURRENT_RATIO":0.94299335972,"COMMON_ACS":6000000000,"CURRENTDEBT_DEBT":52.927287954761,"ISSUED_COMMON_SHARES":3997540085,"HK_COMMON_SHARES":3997540085,"PER_SHARES":1000,"TOTAL_MARKET_CAP":30940960257.9,"HKSK_MARKET_CAP":30940960257.9,"PE_TTM":14.845485201948,"PB_TTM":0.795475143019,"REPORT_DATE_SQ":"2019-06-30 00:00:00","REPORT_TYPE_SQ":"2019年中报","OPERATE_INCOME_SQ":10107623208,"DPS_HKD":2.14,"OPERATE_INCOME_QOQ_SQ":-12.336688104846,"NET_PROFIT_RATIO_SQ":13.6529075707,"HOLDER_PROFIT_SQ":1356031764,"HOLDER_PROFIT_QOQ_SQ":-29.402001170068,"ROE_AVG_SQ":3.119603341755,"PE_TTM_SQ":14.090366382642,"PB_TTM_SQ":0.718654179831,"ROA_SQ":1.284503858475,"START_DATE":"2020-07-01 00:00:00","FISCAL_YEAR":"6-30","CURRENCY":"HKD","IS_CNY_CODE":0,"DPS_HKD_LY":0.58,"ORG_TYPE":"一般企业","PREMIUM_INCOME":null,"PREMIUM_INCOME_YOY":null,"NET_INTEREST_INCOME":null,"NET_INTEREST_INCOME_YOY":null,"FEE_COMMISSION_INCOME":null,"FEE_COMMISSION_INCOME_YOY":null,"ACCOUNTS_RECE_TDAYS":0.889622992371,"INVENTORY_TDAYS":44.47966594045,"CURRENT_ASSETS_TDAYS":0.331177451312,"TOTAL_ASSETS_TDAYS":0.094129543945,"PREMIUM_EXPENSE":null,"LOAN_DEPOSIT":null,"LOAN_EQUITY":null,"LOAN_ASSETS":null,"DEPOSIT_EQUITY":null,"DEPOSIT_ASSETS":null,"EQUITY_MULTIPLIER":2.541977982373,"EQUITY_RATIO":1.870754867846},{"SECUCODE":"00659.HK","SECURITY_CODE":"00659","SECURITY_NAME_ABBR":"周大福创建","ORG_CODE":"10009033","STD_REPORT_DATE":"2019-12-31 00:00:00","REPORT_DATE":"2020-06-30 00:00:00","DATE_TYPE_CODE":"001","REPORT_TYPE":"2019年年报","PER_NETCASH_OPERATE":-0.053412519851,"PER_OI":5.281043206718,"BPS":10.594883748364,"BASIC_EPS":0.0548064,"DILUTED_EPS":0.0548064,"OPERATE_INCOME":20654887968,"OPERATE_INCOME_YOY":-3.4024633387,"GROSS_PROFIT":2603486688,"GROSS_PROFIT_YOY":-7.735797070828,"HOLDER_PROFIT":231283008,"HOLDER_PROFIT_YOY":-93.7376335576,"GROSS_PROFIT_RATIO":9.725506838217,"EPS_TTM":0.746568269576,"OPERATE_INCOME_QOQ":-2.513709735044,"NET_PROFIT_RATIO":3.1924538493,"ROE_AVG":0.530745286282,"GROSS_PROFIT_QOQ":11.934276297666,"ROA":0.214469944985,"HOLDER_PROFIT_QOQ":-17.901999109434,"ROE_YEARLY":0.530745286282,"ROIC_YEARLY":0.257598756364,"TOTAL_ASSETS":137063498880,"TOTAL_LIABILITIES":84579337392,"TAX_EBT":34.674194307222,"OCF_SALES":-0.882313226983,"TOTAL_PARENT_EQUITY":42353472480,"DEBT_ASSET_RATIO":61.7081411777,"OPERATE_PROFIT":1559150736,"PRETAX_PROFIT":1553213376,"NETCASH_OPERATE":-208903728,"NETCASH_INVEST":-12229774128,"NETCASH_FINANCE":11015355648,"END_CASH":12210500544,"DIVI_RATIO":2.60066209498,"DIVIDEND_RATE":27.64857881137,"CURRENT_RATIO":0.849368503218,"COMMON_ACS":6000000000,"CURRENTDEBT_DEBT":50.638754221372,"ISSUED_COMMON_SHARES":3997540085,"HK_COMMON_SHARES":3997540085,"PER_SHARES":1000,"TOTAL_MARKET_CAP":30940960257.9,"HKSK_MARKET_CAP":30940960257.9,"PE_TTM":14.845485201948,"PB_TTM":0.795475143019,"REPORT_DATE_SQ":"2018-12-31 00:00:00","REPORT_TYPE_SQ":"2018年年报","OPERATE_INCOME_SQ":23604356610,"DPS_HKD":2.14,"OPERATE_INCOME_QOQ_SQ":-9.049518078863,"NET_PROFIT_RATIO_SQ":15.8708331004,"HOLDER_PROFIT_SQ":3556641312,"HOLDER_PROFIT_QOQ_SQ":-1.538655156921,"ROE_AVG_SQ":7.554855478261,"PE_TTM_SQ":14.090366382642,"PB_TTM_SQ":0.718654179831,"ROA_SQ":4.924617974271,"START_DATE":"2019-07-01 00:00:00","FISCAL_YEAR":"6-30","CURRENCY":"HKD","IS_CNY_CODE":0,"DPS_HKD_LY":0.58,"ORG_TYPE":"一般企业","PREMIUM_INCOME":null,"PREMIUM_INCOME_YOY":null,"NET_INTEREST_INCOME":null,"NET_INTEREST_INCOME_YOY":null,"FEE_COMMISSION_INCOME":null,"FEE_COMMISSION_INCOME_YOY":null,"ACCOUNTS_RECE_TDAYS":1.497521482144,"INVENTORY_TDAYS":61.80559957739,"CURRENT_ASSETS_TDAYS":0.747948735336,"TOTAL_ASSETS_TDAYS":0.219556406358,"PREMIUM_EXPENSE":null,"LOAN_DEPOSIT":null,"LOAN_EQUITY":null,"LOAN_ASSETS":null,"DEPOSIT_EQUITY":null,"DEPOSIT_ASSETS":null,"EQUITY_MULTIPLIER":2.611521171225,"EQUITY_RATIO":1.996987081329}],"count":46},"success":true,"message":"ok","code":0}