{"version":"c1c586a4ec1caac38354356ef3adca02","result":{"pages":5,"data":[{"SECUCODE":"00656.HK","SECURITY_CODE":"00656","SECURITY_NAME_ABBR":"复星国际","ORG_CODE":"10093907","STD_REPORT_DATE":"2024-06-30 00:00:00","REPORT_DATE":"2024-06-30 00:00:00","DATE_TYPE_CODE":"002","REPORT_TYPE":"2024年中报","PER_NETCASH_OPERATE":1.299819694139,"PER_OI":11.942396002107,"BPS":15.258537203671,"BASIC_EPS":0.09,"DILUTED_EPS":0.09,"OPERATE_INCOME":97838439000,"OPERATE_INCOME_YOY":0.7971913729,"GROSS_PROFIT":42589053000,"GROSS_PROFIT_YOY":0.710446535078,"HOLDER_PROFIT":720117000,"HOLDER_PROFIT_YOY":-47.040329591,"GROSS_PROFIT_RATIO":43.529980072556,"EPS_TTM":0.090261981196,"OPERATE_INCOME_QOQ":0.390408572015,"NET_PROFIT_RATIO":2.5580181221,"ROE_AVG":0.576585411211,"GROSS_PROFIT_QOQ":0.355669525881,"ROA":0.088342976289,"HOLDER_PROFIT_QOQ":-46.380074584712,"ROE_YEARLY":1.153170822423,"ROIC_YEARLY":0.240147116633,"TOTAL_ASSETS":821888026000,"TOTAL_LIABILITIES":612662935000,"TAX_EBT":30.723234237942,"OCF_SALES":10.884077984932,"TOTAL_PARENT_EQUITY":124849969000,"DEBT_ASSET_RATIO":74.5433581727,"OPERATE_PROFIT":7866986000,"PRETAX_PROFIT":3612647000,"NETCASH_OPERATE":10648812000,"NETCASH_INVEST":2594499000,"NETCASH_FINANCE":3792073000,"END_CASH":90253879000,"DIVI_RATIO":0.381515667435,"DIVIDEND_RATE":0.875576036866,"CURRENT_RATIO":2.08882745126,"COMMON_ACS":null,"CURRENTDEBT_DEBT":38.460641331273,"ISSUED_COMMON_SHARES":8182302624,"HK_COMMON_SHARES":8182302624,"PER_SHARES":500,"TOTAL_MARKET_CAP":35511193388.16,"HKSK_MARKET_CAP":35511193388.16,"PE_TTM":42.476378853395,"PB_TTM":0.259594425542,"REPORT_DATE_SQ":"2023-06-30 00:00:00","REPORT_TYPE_SQ":"2023年中报","OPERATE_INCOME_SQ":97064648000,"DPS_HKD":0.038,"OPERATE_INCOME_QOQ_SQ":5.424947557468,"NET_PROFIT_RATIO_SQ":4.71127449,"HOLDER_PROFIT_SQ":1359746000,"HOLDER_PROFIT_QOQ_SQ":-171.224302274858,"ROE_AVG_SQ":1.105594779746,"PE_TTM_SQ":-64.457593659235,"PB_TTM_SQ":0.280295552721,"ROA_SQ":0.164020363168,"START_DATE":"2024-01-01 00:00:00","FISCAL_YEAR":"12-31","CURRENCY":"HKD","IS_CNY_CODE":0,"DPS_HKD_LY":0.038,"ORG_TYPE":"一般企业","PREMIUM_INCOME":null,"PREMIUM_INCOME_YOY":null,"NET_INTEREST_INCOME":null,"NET_INTEREST_INCOME_YOY":null,"FEE_COMMISSION_INCOME":null,"FEE_COMMISSION_INCOME_YOY":null,"ACCOUNTS_RECE_TDAYS":6.744856895623,"INVENTORY_TDAYS":0.624792823748,"CURRENT_ASSETS_TDAYS":0.202272623557,"TOTAL_ASSETS_TDAYS":0.120026869199,"PREMIUM_EXPENSE":null,"LOAN_DEPOSIT":null,"LOAN_EQUITY":null,"LOAN_ASSETS":null,"DEPOSIT_EQUITY":null,"DEPOSIT_ASSETS":null,"EQUITY_MULTIPLIER":3.92824790789,"EQUITY_RATIO":4.907193328979},{"SECUCODE":"00656.HK","SECURITY_CODE":"00656","SECURITY_NAME_ABBR":"复星国际","ORG_CODE":"10093907","STD_REPORT_DATE":"2023-12-31 00:00:00","REPORT_DATE":"2023-12-31 00:00:00","DATE_TYPE_CODE":"001","REPORT_TYPE":"2023年年报","PER_NETCASH_OPERATE":1.197642623199,"PER_OI":24.161446364352,"BPS":15.269147786534,"BASIC_EPS":0.17,"DILUTED_EPS":0.17,"OPERATE_INCOME":198200310000,"OPERATE_INCOME_YOY":8.6470988943,"GROSS_PROFIT":84471111000,"GROSS_PROFIT_YOY":-1.810328924679,"HOLDER_PROFIT":1379103000,"HOLDER_PROFIT_YOY":265.7968292973,"GROSS_PROFIT_RATIO":42.61906098936,"EPS_TTM":0.168118421033,"OPERATE_INCOME_QOQ":7.188363839786,"NET_PROFIT_RATIO":2.6978393727,"ROE_AVG":1.122725719094,"GROSS_PROFIT_QOQ":48.528012160604,"ROA":0.169056028659,"HOLDER_PROFIT_QOQ":459.425951795171,"ROE_YEARLY":1.122725719094,"ROIC_YEARLY":0.22137221942,"TOTAL_ASSETS":808387589000,"TOTAL_LIABILITIES":599812751000,"TAX_EBT":32.071582440759,"OCF_SALES":4.956833316759,"TOTAL_PARENT_EQUITY":124936788000,"DEBT_ASSET_RATIO":74.1986590544,"OPERATE_PROFIT":10706933000,"PRETAX_PROFIT":7871707000,"NETCASH_OPERATE":9824459000,"NETCASH_INVEST":17587039000,"NETCASH_FINANCE":-39666435000,"END_CASH":73218495000,"DIVI_RATIO":0.204833948525,"DIVIDEND_RATE":0.871559633028,"CURRENT_RATIO":2.052521565925,"COMMON_ACS":null,"CURRENTDEBT_DEBT":38.598147774288,"ISSUED_COMMON_SHARES":8182302624,"HK_COMMON_SHARES":8182302624,"PER_SHARES":500,"TOTAL_MARKET_CAP":35674839440.64,"HKSK_MARKET_CAP":35674839440.64,"PE_TTM":42.672122534748,"PB_TTM":0.260790713217,"REPORT_DATE_SQ":"2022-12-31 00:00:00","REPORT_TYPE_SQ":"2022年年报","OPERATE_INCOME_SQ":182425773000,"DPS_HKD":0.038,"OPERATE_INCOME_QOQ_SQ":0.951724420875,"NET_PROFIT_RATIO_SQ":2.6300371053,"HOLDER_PROFIT_SQ":-831803000,"HOLDER_PROFIT_QOQ_SQ":-93.866057183561,"ROE_AVG_SQ":0.426678082449,"PE_TTM_SQ":-63.880672509448,"PB_TTM_SQ":0.277786795825,"ROA_SQ":0.066119543598,"START_DATE":"2023-01-01 00:00:00","FISCAL_YEAR":"12-31","CURRENCY":"HKD","IS_CNY_CODE":0,"DPS_HKD_LY":0.014,"ORG_TYPE":"一般企业","PREMIUM_INCOME":null,"PREMIUM_INCOME_YOY":null,"NET_INTEREST_INCOME":null,"NET_INTEREST_INCOME_YOY":null,"FEE_COMMISSION_INCOME":null,"FEE_COMMISSION_INCOME_YOY":null,"ACCOUNTS_RECE_TDAYS":14.354739013762,"INVENTORY_TDAYS":1.217018188236,"CURRENT_ASSETS_TDAYS":0.465577341186,"TOTAL_ASSETS_TDAYS":0.242961963592,"PREMIUM_EXPENSE":null,"LOAN_DEPOSIT":null,"LOAN_EQUITY":null,"LOAN_ASSETS":null,"DEPOSIT_EQUITY":null,"DEPOSIT_ASSETS":null,"EQUITY_MULTIPLIER":3.875767550642,"EQUITY_RATIO":4.800929819006},{"SECUCODE":"00656.HK","SECURITY_CODE":"00656","SECURITY_NAME_ABBR":"复星国际","ORG_CODE":"10093907","STD_REPORT_DATE":"2023-06-30 00:00:00","REPORT_DATE":"2023-06-30 00:00:00","DATE_TYPE_CODE":"002","REPORT_TYPE":"2023年中报","PER_NETCASH_OPERATE":1.84792587063,"PER_OI":11.830061913878,"BPS":15.306418957501,"BASIC_EPS":0.17,"DILUTED_EPS":0.17,"OPERATE_INCOME":97064648000,"OPERATE_INCOME_YOY":10.8681203478,"GROSS_PROFIT":42288615000,"GROSS_PROFIT_YOY":-1.187767079532,"HOLDER_PROFIT":1359746000,"HOLDER_PROFIT_YOY":-40.4183848876,"GROSS_PROFIT_RATIO":43.567473710923,"EPS_TTM":-0.046764167281,"OPERATE_INCOME_QOQ":5.424947557468,"NET_PROFIT_RATIO":4.71127449,"ROE_AVG":1.105594779746,"GROSS_PROFIT_QOQ":-0.885889759454,"ROA":0.164020363168,"HOLDER_PROFIT_QOQ":-171.224302274858,"ROE_YEARLY":2.211189559492,"ROIC_YEARLY":0.423866889264,"TOTAL_ASSETS":834874896000,"TOTAL_LIABILITIES":629508992000,"TAX_EBT":34.632577319116,"OCF_SALES":15.620593400802,"TOTAL_PARENT_EQUITY":125241752000,"DEBT_ASSET_RATIO":75.4015954984,"OPERATE_PROFIT":10153065000,"PRETAX_PROFIT":6995812000,"NETCASH_OPERATE":15162074000,"NETCASH_INVEST":18365348000,"NETCASH_FINANCE":-21177248000,"END_CASH":97823606000,"DIVI_RATIO":-0.736383474838,"DIVIDEND_RATE":0.871559633028,"CURRENT_RATIO":2.028844564094,"COMMON_ACS":null,"CURRENTDEBT_DEBT":39.970442709737,"ISSUED_COMMON_SHARES":8182302624,"HK_COMMON_SHARES":8182302624,"PER_SHARES":500,"TOTAL_MARKET_CAP":35674839440.64,"HKSK_MARKET_CAP":35674839440.64,"PE_TTM":42.672122534748,"PB_TTM":0.260790713217,"REPORT_DATE_SQ":"2022-06-30 00:00:00","REPORT_TYPE_SQ":"2022年中报","OPERATE_INCOME_SQ":87549647000,"DPS_HKD":0.038,"OPERATE_INCOME_QOQ_SQ":7.718158978857,"NET_PROFIT_RATIO_SQ":5.7858822804,"HOLDER_PROFIT_SQ":2282157000,"HOLDER_PROFIT_QOQ_SQ":-12.95746389318,"ROE_AVG_SQ":2.092086225463,"PE_TTM_SQ":-63.880672509448,"PB_TTM_SQ":0.277786795825,"ROA_SQ":0.325719130598,"START_DATE":"2023-01-01 00:00:00","FISCAL_YEAR":"12-31","CURRENCY":"HKD","IS_CNY_CODE":0,"DPS_HKD_LY":0.014,"ORG_TYPE":"一般企业","PREMIUM_INCOME":null,"PREMIUM_INCOME_YOY":null,"NET_INTEREST_INCOME":null,"NET_INTEREST_INCOME_YOY":null,"FEE_COMMISSION_INCOME":null,"FEE_COMMISSION_INCOME_YOY":null,"ACCOUNTS_RECE_TDAYS":7.090003821669,"INVENTORY_TDAYS":0.551006543727,"CURRENT_ASSETS_TDAYS":0.218930298644,"TOTAL_ASSETS_TDAYS":0.117084946863,"PREMIUM_EXPENSE":null,"LOAN_DEPOSIT":null,"LOAN_EQUITY":null,"LOAN_ASSETS":null,"DEPOSIT_EQUITY":null,"DEPOSIT_ASSETS":null,"EQUITY_MULTIPLIER":4.065304316526,"EQUITY_RATIO":5.026350892951},{"SECUCODE":"00656.HK","SECURITY_CODE":"00656","SECURITY_NAME_ABBR":"复星国际","ORG_CODE":"10093907","STD_REPORT_DATE":"2022-12-31 00:00:00","REPORT_DATE":"2022-12-31 00:00:00","DATE_TYPE_CODE":"001","REPORT_TYPE":"2022年年报","PER_NETCASH_OPERATE":0.214558262307,"PER_OI":22.192349130758,"BPS":14.851672149544,"BASIC_EPS":-0.1,"DILUTED_EPS":-0.1,"OPERATE_INCOME":182425773000,"OPERATE_INCOME_YOY":8.7433390036,"GROSS_PROFIT":86028510000,"GROSS_PROFIT_YOY":54.584648042862,"HOLDER_PROFIT":-831803000,"HOLDER_PROFIT_YOY":-94.6579926333,"GROSS_PROFIT_RATIO":32.715311285425,"EPS_TTM":0.065535429371,"OPERATE_INCOME_QOQ":0.951724420875,"NET_PROFIT_RATIO":2.6300371053,"ROE_AVG":0.426678082449,"GROSS_PROFIT_QOQ":-3.255367644589,"ROA":0.066119543598,"HOLDER_PROFIT_QOQ":-93.866057183561,"ROE_YEARLY":0.426678082449,"ROIC_YEARLY":0.084104472291,"TOTAL_ASSETS":806376233000,"TOTAL_LIABILITIES":607301214000,"TAX_EBT":71.972168232726,"OCF_SALES":1.005575927567,"TOTAL_PARENT_EQUITY":120733722000,"DEBT_ASSET_RATIO":75.747947572,"OPERATE_PROFIT":16213273000,"PRETAX_PROFIT":10691380000,"NETCASH_OPERATE":1763714000,"NETCASH_INVEST":35575061000,"NETCASH_FINANCE":-38123070000,"END_CASH":85473432000,"DIVI_RATIO":0.525461728568,"DIVIDEND_RATE":0.871559633028,"CURRENT_RATIO":1.010322606529,"COMMON_ACS":null,"CURRENTDEBT_DEBT":37.728582574511,"ISSUED_COMMON_SHARES":8182302624,"HK_COMMON_SHARES":8182302624,"PER_SHARES":500,"TOTAL_MARKET_CAP":35674839440.64,"HKSK_MARKET_CAP":35674839440.64,"PE_TTM":42.672122534748,"PB_TTM":0.260790713217,"REPORT_DATE_SQ":"2021-12-31 00:00:00","REPORT_TYPE_SQ":"2021年年报","OPERATE_INCOME_SQ":161291184000,"DPS_HKD":0.038,"OPERATE_INCOME_QOQ_SQ":12.190044324793,"NET_PROFIT_RATIO_SQ":10.5931474841,"HOLDER_PROFIT_SQ":10084505000,"HOLDER_PROFIT_QOQ_SQ":0.217639831506,"ROE_AVG_SQ":7.795059638423,"PE_TTM_SQ":-63.880672509448,"PB_TTM_SQ":0.277786795825,"ROA_SQ":1.282030993089,"START_DATE":"2022-01-01 00:00:00","FISCAL_YEAR":"12-31","CURRENCY":"HKD","IS_CNY_CODE":0,"DPS_HKD_LY":0.3,"ORG_TYPE":"一般企业","PREMIUM_INCOME":null,"PREMIUM_INCOME_YOY":null,"NET_INTEREST_INCOME":null,"NET_INTEREST_INCOME_YOY":null,"FEE_COMMISSION_INCOME":null,"FEE_COMMISSION_INCOME_YOY":null,"ACCOUNTS_RECE_TDAYS":7.547264707857,"INVENTORY_TDAYS":1.369519974569,"CURRENT_ASSETS_TDAYS":0.487892759507,"TOTAL_ASSETS_TDAYS":0.215270278616,"PREMIUM_EXPENSE":null,"LOAN_DEPOSIT":null,"LOAN_EQUITY":null,"LOAN_ASSETS":null,"DEPOSIT_EQUITY":null,"DEPOSIT_ASSETS":null,"EQUITY_MULTIPLIER":4.12336235446,"EQUITY_RATIO":5.030087733069},{"SECUCODE":"00656.HK","SECURITY_CODE":"00656","SECURITY_NAME_ABBR":"复星国际","ORG_CODE":"10093907","STD_REPORT_DATE":"2022-06-30 00:00:00","REPORT_DATE":"2022-06-30 00:00:00","DATE_TYPE_CODE":"002","REPORT_TYPE":"2022年中报","PER_NETCASH_OPERATE":0.956424986007,"PER_OI":10.494085566823,"BPS":15.501544226434,"BASIC_EPS":0.27,"DILUTED_EPS":0.27,"OPERATE_INCOME":87549647000,"OPERATE_INCOME_YOY":17.6720490139,"GROSS_PROFIT":42796943000,"GROSS_PROFIT_YOY":79.771554521319,"HOLDER_PROFIT":2282157000,"HOLDER_PROFIT_YOY":-32.6486610133,"GROSS_PROFIT_RATIO":33.135069282314,"EPS_TTM":1.052711935534,"OPERATE_INCOME_QOQ":7.718158978857,"NET_PROFIT_RATIO":5.7858822804,"ROE_AVG":2.092086225463,"GROSS_PROFIT_QOQ":6.576494859706,"ROA":0.325719130598,"HOLDER_PROFIT_QOQ":-12.95746389318,"ROE_YEARLY":4.184172450926,"ROIC_YEARLY":0.830607455807,"TOTAL_ASSETS":849685331000,"TOTAL_LIABILITIES":651156587000,"TAX_EBT":21.337530134182,"OCF_SALES":9.626090783938,"TOTAL_PARENT_EQUITY":126838326000,"DEBT_ASSET_RATIO":76.6350274911,"OPERATE_PROFIT":8182359000,"PRETAX_PROFIT":5496250000,"NETCASH_OPERATE":7979225000,"NETCASH_INVEST":6617051000,"NETCASH_FINANCE":7344242000,"END_CASH":108198245000,"DIVI_RATIO":0.032712044803,"DIVIDEND_RATE":0.871559633028,"CURRENT_RATIO":1.009023074642,"COMMON_ACS":null,"CURRENTDEBT_DEBT":57.650527921328,"ISSUED_COMMON_SHARES":8182302624,"HK_COMMON_SHARES":8182302624,"PER_SHARES":500,"TOTAL_MARKET_CAP":35674839440.64,"HKSK_MARKET_CAP":35674839440.64,"PE_TTM":42.672122534748,"PB_TTM":0.260790713217,"REPORT_DATE_SQ":"2021-06-30 00:00:00","REPORT_TYPE_SQ":"2021年中报","OPERATE_INCOME_SQ":70442935000,"DPS_HKD":0.038,"OPERATE_INCOME_QOQ_SQ":5.22329287613,"NET_PROFIT_RATIO_SQ":9.2279324231,"HOLDER_PROFIT_SQ":4004446000,"HOLDER_PROFIT_QOQ_SQ":25.568537554534,"ROE_AVG_SQ":3.179423829855,"PE_TTM_SQ":-63.880672509448,"PB_TTM_SQ":0.277786795825,"ROA_SQ":0.525326154844,"START_DATE":"2022-01-01 00:00:00","FISCAL_YEAR":"12-31","CURRENCY":"HKD","IS_CNY_CODE":0,"DPS_HKD_LY":0.3,"ORG_TYPE":"一般企业","PREMIUM_INCOME":null,"PREMIUM_INCOME_YOY":null,"NET_INTEREST_INCOME":null,"NET_INTEREST_INCOME_YOY":null,"FEE_COMMISSION_INCOME":null,"FEE_COMMISSION_INCOME_YOY":null,"ACCOUNTS_RECE_TDAYS":2.335012362013,"INVENTORY_TDAYS":0.699943763739,"CURRENT_ASSETS_TDAYS":0.229762679778,"TOTAL_ASSETS_TDAYS":0.100107208115,"PREMIUM_EXPENSE":null,"LOAN_DEPOSIT":null,"LOAN_EQUITY":null,"LOAN_ASSETS":null,"DEPOSIT_EQUITY":null,"DEPOSIT_ASSETS":null,"EQUITY_MULTIPLIER":4.279910877785,"EQUITY_RATIO":5.133752608813},{"SECUCODE":"00656.HK","SECURITY_CODE":"00656","SECURITY_NAME_ABBR":"复星国际","ORG_CODE":"10093907","STD_REPORT_DATE":"2021-12-31 00:00:00","REPORT_DATE":"2021-12-31 00:00:00","DATE_TYPE_CODE":"001","REPORT_TYPE":"2021年年报","PER_NETCASH_OPERATE":-0.395018889787,"PER_OI":19.388798200692,"BPS":16.018706716561,"BASIC_EPS":1.21,"DILUTED_EPS":1.21,"OPERATE_INCOME":161291184000,"OPERATE_INCOME_YOY":17.953295065,"GROSS_PROFIT":55651393000,"GROSS_PROFIT_YOY":9.998742112359,"HOLDER_PROFIT":10084505000,"HOLDER_PROFIT_YOY":26.1295747013,"GROSS_PROFIT_RATIO":34.503679382749,"EPS_TTM":1.212908583514,"OPERATE_INCOME_QOQ":12.190044324793,"NET_PROFIT_RATIO":10.5931474841,"ROE_AVG":7.795059638423,"GROSS_PROFIT_QOQ":11.604945228712,"ROA":1.282030993089,"HOLDER_PROFIT_QOQ":0.217639831506,"ROE_YEARLY":7.795059638423,"ROIC_YEARLY":1.634474354662,"TOTAL_ASSETS":806277599000,"TOTAL_LIABILITIES":603158243000,"TAX_EBT":30.696267508052,"OCF_SALES":-2.037356238888,"TOTAL_PARENT_EQUITY":130995024000,"DEBT_ASSET_RATIO":74.7989932108,"OPERATE_PROFIT":25651447000,"PRETAX_PROFIT":24643804000,"NETCASH_OPERATE":-3321307000,"NETCASH_INVEST":-536959000,"NETCASH_FINANCE":-3658481000,"END_CASH":86257727000,"DIVI_RATIO":0.028391554374,"DIVIDEND_RATE":0.871559633028,"CURRENT_RATIO":1.014759855259,"COMMON_ACS":null,"CURRENTDEBT_DEBT":56.000810056077,"ISSUED_COMMON_SHARES":8182302624,"HK_COMMON_SHARES":8182302624,"PER_SHARES":500,"TOTAL_MARKET_CAP":35674839440.64,"HKSK_MARKET_CAP":35674839440.64,"PE_TTM":42.672122534748,"PB_TTM":0.260790713217,"REPORT_DATE_SQ":"2020-12-31 00:00:00","REPORT_TYPE_SQ":"2020年年报","OPERATE_INCOME_SQ":136741567000,"DPS_HKD":0.038,"OPERATE_INCOME_QOQ_SQ":-0.832104036525,"NET_PROFIT_RATIO_SQ":8.1245115165,"HOLDER_PROFIT_SQ":7999648000,"HOLDER_PROFIT_QOQ_SQ":-12.888814527186,"ROE_AVG_SQ":6.405016867256,"PE_TTM_SQ":-63.880672509448,"PB_TTM_SQ":0.277786795825,"ROA_SQ":1.081049817545,"START_DATE":"2021-01-01 00:00:00","FISCAL_YEAR":"12-31","CURRENCY":"HKD","IS_CNY_CODE":0,"DPS_HKD_LY":0.22,"ORG_TYPE":"一般企业","PREMIUM_INCOME":null,"PREMIUM_INCOME_YOY":null,"NET_INTEREST_INCOME":null,"NET_INTEREST_INCOME_YOY":null,"FEE_COMMISSION_INCOME":null,"FEE_COMMISSION_INCOME_YOY":null,"ACCOUNTS_RECE_TDAYS":4.795107759512,"INVENTORY_TDAYS":1.493763412294,"CURRENT_ASSETS_TDAYS":0.491594433893,"TOTAL_ASSETS_TDAYS":0.204937458188,"PREMIUM_EXPENSE":null,"LOAN_DEPOSIT":null,"LOAN_EQUITY":null,"LOAN_ASSETS":null,"DEPOSIT_EQUITY":null,"DEPOSIT_ASSETS":null,"EQUITY_MULTIPLIER":3.968095435094,"EQUITY_RATIO":4.604436295229},{"SECUCODE":"00656.HK","SECURITY_CODE":"00656","SECURITY_NAME_ABBR":"复星国际","ORG_CODE":"10093907","STD_REPORT_DATE":"2021-06-30 00:00:00","REPORT_DATE":"2021-06-30 00:00:00","DATE_TYPE_CODE":"002","REPORT_TYPE":"2021年中报","PER_NETCASH_OPERATE":-0.123931369781,"PER_OI":8.407315759301,"BPS":15.60922076206,"BASIC_EPS":0.48,"DILUTED_EPS":0.48,"OPERATE_INCOME":70442935000,"OPERATE_INCOME_YOY":11.2796653856,"GROSS_PROFIT":23806293000,"GROSS_PROFIT_YOY":-3.071250955442,"HOLDER_PROFIT":4004446000,"HOLDER_PROFIT_YOY":101.886526141,"GROSS_PROFIT_RATIO":33.881737543955,"EPS_TTM":1.20161005696,"OPERATE_INCOME_QOQ":5.22329287613,"NET_PROFIT_RATIO":9.2279324231,"ROE_AVG":3.179423829855,"GROSS_PROFIT_QOQ":-1.395882009158,"ROA":0.525326154844,"HOLDER_PROFIT_QOQ":25.568537554534,"ROE_YEARLY":6.358847659709,"ROIC_YEARLY":1.348609204356,"TOTAL_ASSETS":778856141000,"TOTAL_LIABILITIES":585877068000,"TAX_EBT":26.191143460814,"OCF_SALES":-1.474867274061,"TOTAL_PARENT_EQUITY":127719368000,"DEBT_ASSET_RATIO":75.2227577288,"OPERATE_PROFIT":11982024000,"PRETAX_PROFIT":8724243000,"NETCASH_OPERATE":-1041442000,"NETCASH_INVEST":-1908771000,"NETCASH_FINANCE":6718737000,"END_CASH":97542998000,"DIVI_RATIO":0.028658515132,"DIVIDEND_RATE":0.871559633028,"CURRENT_RATIO":1.058274794717,"COMMON_ACS":null,"CURRENTDEBT_DEBT":52.15034547145,"ISSUED_COMMON_SHARES":8182302624,"HK_COMMON_SHARES":8182302624,"PER_SHARES":500,"TOTAL_MARKET_CAP":35674839440.64,"HKSK_MARKET_CAP":35674839440.64,"PE_TTM":42.672122534748,"PB_TTM":0.260790713217,"REPORT_DATE_SQ":"2020-06-30 00:00:00","REPORT_TYPE_SQ":"2020年中报","OPERATE_INCOME_SQ":63269235000,"DPS_HKD":0.038,"OPERATE_INCOME_QOQ_SQ":-3.641159264324,"NET_PROFIT_RATIO_SQ":5.0139518836,"HOLDER_PROFIT_SQ":2012111000,"HOLDER_PROFIT_QOQ_SQ":-37.812886124855,"ROE_AVG_SQ":1.655545591793,"PE_TTM_SQ":-63.880672509448,"PB_TTM_SQ":0.277786795825,"ROA_SQ":0.275505815423,"START_DATE":"2021-01-01 00:00:00","FISCAL_YEAR":"12-31","CURRENCY":"HKD","IS_CNY_CODE":0,"DPS_HKD_LY":0.22,"ORG_TYPE":"一般企业","PREMIUM_INCOME":null,"PREMIUM_INCOME_YOY":null,"NET_INTEREST_INCOME":null,"NET_INTEREST_INCOME_YOY":null,"FEE_COMMISSION_INCOME":null,"FEE_COMMISSION_INCOME_YOY":null,"ACCOUNTS_RECE_TDAYS":2.14567934338,"INVENTORY_TDAYS":0.683853474145,"CURRENT_ASSETS_TDAYS":0.2211309578,"TOTAL_ASSETS_TDAYS":0.09104962215,"PREMIUM_EXPENSE":null,"LOAN_DEPOSIT":null,"LOAN_EQUITY":null,"LOAN_ASSETS":null,"DEPOSIT_EQUITY":null,"DEPOSIT_ASSETS":null,"EQUITY_MULTIPLIER":4.035961666171,"EQUITY_RATIO":4.587221790825},{"SECUCODE":"00656.HK","SECURITY_CODE":"00656","SECURITY_NAME_ABBR":"复星国际","ORG_CODE":"10093907","STD_REPORT_DATE":"2020-12-31 00:00:00","REPORT_DATE":"2020-12-31 00:00:00","DATE_TYPE_CODE":"001","REPORT_TYPE":"2020年年报","PER_NETCASH_OPERATE":1.054586572342,"PER_OI":16.230922310164,"BPS":15.620544958226,"BASIC_EPS":0.94,"DILUTED_EPS":0.94,"OPERATE_INCOME":136741567000,"OPERATE_INCOME_YOY":-4.4429650676,"GROSS_PROFIT":50592754000,"GROSS_PROFIT_YOY":-6.232326965108,"HOLDER_PROFIT":7999648000,"HOLDER_PROFIT_YOY":-45.828067892,"GROSS_PROFIT_RATIO":37.012901066257,"EPS_TTM":0.95171178803,"OPERATE_INCOME_QOQ":-0.832104036525,"NET_PROFIT_RATIO":8.1245115165,"ROE_AVG":6.405016867256,"GROSS_PROFIT_QOQ":-5.98606440803,"ROA":1.081049817545,"HOLDER_PROFIT_QOQ":-12.888814527186,"ROE_YEARLY":6.405016867256,"ROIC_YEARLY":1.381986259982,"TOTAL_ASSETS":767720203000,"TOTAL_LIABILITIES":574635679000,"TAX_EBT":34.649339027076,"OCF_SALES":6.502721718582,"TOTAL_PARENT_EQUITY":127810012000,"DEBT_ASSET_RATIO":74.8480518137,"OPERATE_PROFIT":21964999000,"PRETAX_PROFIT":16958032000,"NETCASH_OPERATE":8887406000,"NETCASH_INVEST":612518000,"NETCASH_FINANCE":2292962000,"END_CASH":93774474000,"DIVI_RATIO":0.036183601415,"DIVIDEND_RATE":0.871559633028,"CURRENT_RATIO":1.060403220372,"COMMON_ACS":null,"CURRENTDEBT_DEBT":51.44558505564,"ISSUED_COMMON_SHARES":8182302624,"HK_COMMON_SHARES":8182302624,"PER_SHARES":500,"TOTAL_MARKET_CAP":35674839440.64,"HKSK_MARKET_CAP":35674839440.64,"PE_TTM":42.672122534748,"PB_TTM":0.260790713217,"REPORT_DATE_SQ":"2019-12-31 00:00:00","REPORT_TYPE_SQ":"2019年年报","OPERATE_INCOME_SQ":142982128000,"DPS_HKD":0.038,"OPERATE_INCOME_QOQ_SQ":6.452580991076,"NET_PROFIT_RATIO_SQ":14.1062224224,"HOLDER_PROFIT_SQ":14800912000,"HOLDER_PROFIT_QOQ_SQ":4.549502057167,"ROE_AVG_SQ":12.81014057484,"PE_TTM_SQ":-63.880672509448,"PB_TTM_SQ":0.277786795825,"ROA_SQ":2.185337968793,"START_DATE":"2020-01-01 00:00:00","FISCAL_YEAR":"12-31","CURRENCY":"HKD","IS_CNY_CODE":0,"DPS_HKD_LY":0.27,"ORG_TYPE":"一般企业","PREMIUM_INCOME":null,"PREMIUM_INCOME_YOY":null,"NET_INTEREST_INCOME":null,"NET_INTEREST_INCOME_YOY":null,"FEE_COMMISSION_INCOME":null,"FEE_COMMISSION_INCOME_YOY":null,"ACCOUNTS_RECE_TDAYS":4.576546132531,"INVENTORY_TDAYS":1.425588083608,"CURRENT_ASSETS_TDAYS":0.460676128755,"TOTAL_ASSETS_TDAYS":0.184215991374,"PREMIUM_EXPENSE":null,"LOAN_DEPOSIT":null,"LOAN_EQUITY":null,"LOAN_ASSETS":null,"DEPOSIT_EQUITY":null,"DEPOSIT_ASSETS":null,"EQUITY_MULTIPLIER":3.975835162322,"EQUITY_RATIO":4.496014592347},{"SECUCODE":"00656.HK","SECURITY_CODE":"00656","SECURITY_NAME_ABBR":"复星国际","ORG_CODE":"10093907","STD_REPORT_DATE":"2020-06-30 00:00:00","REPORT_DATE":"2020-06-30 00:00:00","DATE_TYPE_CODE":"002","REPORT_TYPE":"2020年中报","PER_NETCASH_OPERATE":1.076176812666,"PER_OI":7.44107381211,"BPS":14.729708559848,"BASIC_EPS":0.24,"DILUTED_EPS":0.24,"OPERATE_INCOME":63269235000,"OPERATE_INCOME_YOY":-7.6030279585,"GROSS_PROFIT":24560611000,"GROSS_PROFIT_YOY":-0.667187665631,"HOLDER_PROFIT":2012111000,"HOLDER_PROFIT_YOY":-73.5553466444,"GROSS_PROFIT_RATIO":38.81920020054,"EPS_TTM":1.082509975754,"OPERATE_INCOME_QOQ":-3.641159264324,"NET_PROFIT_RATIO":5.0139518836,"ROE_AVG":1.655545591793,"GROSS_PROFIT_QOQ":-0.305744928412,"ROA":0.275505815423,"HOLDER_PROFIT_QOQ":-37.812886124855,"ROE_YEARLY":3.311091183585,"ROIC_YEARLY":0.707211503939,"TOTAL_ASSETS":744985612000,"TOTAL_LIABILITIES":568531059000,"TAX_EBT":40.953634771195,"OCF_SALES":14.462654716783,"TOTAL_PARENT_EQUITY":120522933000,"DEBT_ASSET_RATIO":76.3143676659,"OPERATE_PROFIT":7438233000,"PRETAX_PROFIT":5372539000,"NETCASH_OPERATE":9150411000,"NETCASH_INVEST":1104294000,"NETCASH_FINANCE":10583793000,"END_CASH":102814843000,"DIVI_RATIO":0.031811586749,"DIVIDEND_RATE":0.871559633028,"CURRENT_RATIO":1.005115510862,"COMMON_ACS":null,"CURRENTDEBT_DEBT":53.655730706526,"ISSUED_COMMON_SHARES":8182302624,"HK_COMMON_SHARES":8182302624,"PER_SHARES":500,"TOTAL_MARKET_CAP":35674839440.64,"HKSK_MARKET_CAP":35674839440.64,"PE_TTM":42.672122534748,"PB_TTM":0.260790713217,"REPORT_DATE_SQ":"2019-06-30 00:00:00","REPORT_TYPE_SQ":"2019年中报","OPERATE_INCOME_SQ":68475442000,"DPS_HKD":0.038,"OPERATE_INCOME_QOQ_SQ":22.828813332577,"NET_PROFIT_RATIO_SQ":16.3822542394,"HOLDER_PROFIT_SQ":7608763000,"HOLDER_PROFIT_QOQ_SQ":5.597646139684,"ROE_AVG_SQ":6.814542058787,"PE_TTM_SQ":-63.880672509448,"PB_TTM_SQ":0.277786795825,"ROA_SQ":1.152498924215,"START_DATE":"2020-01-01 00:00:00","FISCAL_YEAR":"12-31","CURRENCY":"HKD","IS_CNY_CODE":0,"DPS_HKD_LY":0.27,"ORG_TYPE":"一般企业","PREMIUM_INCOME":null,"PREMIUM_INCOME_YOY":null,"NET_INTEREST_INCOME":null,"NET_INTEREST_INCOME_YOY":null,"FEE_COMMISSION_INCOME":null,"FEE_COMMISSION_INCOME_YOY":null,"ACCOUNTS_RECE_TDAYS":2.126466458678,"INVENTORY_TDAYS":0.679590690326,"CURRENT_ASSETS_TDAYS":0.215809934783,"TOTAL_ASSETS_TDAYS":0.086630619185,"PREMIUM_EXPENSE":null,"LOAN_DEPOSIT":null,"LOAN_EQUITY":null,"LOAN_ASSETS":null,"DEPOSIT_EQUITY":null,"DEPOSIT_ASSETS":null,"EQUITY_MULTIPLIER":4.221968769482,"EQUITY_RATIO":4.717202318666}],"count":39},"success":true,"message":"ok","code":0}