{"version":"37b6ac3005becf02442ce552ae8e075b","result":{"pages":6,"data":[{"SECUCODE":"00650.HK","SECURITY_CODE":"00650","SECURITY_NAME_ABBR":"普达特科技","ORG_CODE":"10009028","STD_REPORT_DATE":"2024-06-30 00:00:00","REPORT_DATE":"2024-09-30 00:00:00","DATE_TYPE_CODE":"002","REPORT_TYPE":"2024年中报","PER_NETCASH_OPERATE":-0.004324427337,"PER_OI":0.019737236118,"BPS":0.198889663487,"BASIC_EPS":-0.0195778609,"DILUTED_EPS":-0.0195778609,"OPERATE_INCOME":146080962.1,"OPERATE_INCOME_YOY":-51.8255382044,"GROSS_PROFIT":26830957.87,"GROSS_PROFIT_YOY":-46.57907717578,"HOLDER_PROFIT":-144913144.05,"HOLDER_PROFIT_YOY":-13.4330992129,"GROSS_PROFIT_RATIO":18.367183159454,"EPS_TTM":-0.042561731784,"OPERATE_INCOME_QOQ":0,"NET_PROFIT_RATIO":-101.930983394,"ROE_AVG":-9.439581567395,"GROSS_PROFIT_QOQ":0,"ROA":-6.193681323446,"HOLDER_PROFIT_QOQ":0,"ROE_YEARLY":-18.879163134791,"ROIC_YEARLY":-15.264079402279,"TOTAL_ASSETS":2313867791.19,"TOTAL_LIABILITIES":858513097.9,"TAX_EBT":-4.286589486582,"OCF_SALES":-21.909994444102,"TOTAL_PARENT_EQUITY":1472039611.87,"DEBT_ASSET_RATIO":37.1029451712,"OPERATE_PROFIT":-143594727.07,"PRETAX_PROFIT":-142781312.49,"NETCASH_OPERATE":-32006330.68,"NETCASH_INVEST":-32893692.04,"NETCASH_FINANCE":16090638.97,"END_CASH":312939165.8,"DIVI_RATIO":null,"DIVIDEND_RATE":null,"CURRENT_RATIO":1.650255065065,"COMMON_ACS":11000000000,"CURRENTDEBT_DEBT":89.138454428,"ISSUED_COMMON_SHARES":7401287659,"HK_COMMON_SHARES":7401287659,"PER_SHARES":2000,"TOTAL_MARKET_CAP":1524665257.754,"HKSK_MARKET_CAP":1524665257.754,"PE_TTM":-4.159910010952,"PB_TTM":0.934029133254,"REPORT_DATE_SQ":"2023-06-30 00:00:00","REPORT_TYPE_SQ":"2023年中报","OPERATE_INCOME_SQ":308559510.91,"DPS_HKD":null,"OPERATE_INCOME_QOQ_SQ":0,"NET_PROFIT_RATIO_SQ":-44.5593697678,"HOLDER_PROFIT_SQ":-129996053.95,"HOLDER_PROFIT_QOQ_SQ":0,"ROE_AVG_SQ":-6.792228480469,"PE_TTM_SQ":-7.361132920492,"PB_TTM_SQ":1.203497885302,"ROA_SQ":-5.007930003162,"START_DATE":"2024-04-01 00:00:00","FISCAL_YEAR":"3-31","CURRENCY":"HKD","IS_CNY_CODE":0,"DPS_HKD_LY":null,"ORG_TYPE":"一般企业","PREMIUM_INCOME":null,"PREMIUM_INCOME_YOY":null,"NET_INTEREST_INCOME":null,"NET_INTEREST_INCOME_YOY":null,"FEE_COMMISSION_INCOME":null,"FEE_COMMISSION_INCOME_YOY":null,"ACCOUNTS_RECE_TDAYS":1.396140553492,"INVENTORY_TDAYS":0.299592876125,"CURRENT_ASSETS_TDAYS":0.114473971994,"TOTAL_ASSETS_TDAYS":0.062435946208,"PREMIUM_EXPENSE":null,"LOAN_DEPOSIT":null,"LOAN_EQUITY":null,"LOAN_ASSETS":null,"DEPOSIT_EQUITY":null,"DEPOSIT_ASSETS":null,"EQUITY_MULTIPLIER":1.589899563218,"EQUITY_RATIO":0.583213312317},{"SECUCODE":"00650.HK","SECURITY_CODE":"00650","SECURITY_NAME_ABBR":"普达特科技","ORG_CODE":"10009028","STD_REPORT_DATE":"2023-12-31 00:00:00","REPORT_DATE":"2024-03-31 00:00:00","DATE_TYPE_CODE":"001","REPORT_TYPE":"2023年年报","PER_NETCASH_OPERATE":-0.024804159669,"PER_OI":0.066587741432,"BPS":0.217087442912,"BASIC_EPS":-0.0425081295,"DILUTED_EPS":-0.0425081295,"OPERATE_INCOME":492835028.9,"OPERATE_INCOME_YOY":-4.2066144973,"GROSS_PROFIT":74521129.65,"GROSS_PROFIT_YOY":-26.532853622236,"HOLDER_PROFIT":-315011620.2,"HOLDER_PROFIT_YOY":-56.1634601124,"GROSS_PROFIT_RATIO":15.12090766282,"EPS_TTM":-0.038696054981,"OPERATE_INCOME_QOQ":0,"NET_PROFIT_RATIO":-66.6125252466,"ROE_AVG":-17.465009315938,"GROSS_PROFIT_QOQ":0,"ROA":-12.554583338452,"HOLDER_PROFIT_QOQ":0,"ROE_YEARLY":-17.465009315938,"ROIC_YEARLY":-15.27788006246,"TOTAL_ASSETS":2378004847.35,"TOTAL_LIABILITIES":784080534.3,"TAX_EBT":-3.655244861333,"OCF_SALES":-37.250339380249,"TOTAL_PARENT_EQUITY":1606726612.15,"DEBT_ASSET_RATIO":32.972200842,"OPERATE_PROFIT":-312391690.7,"PRETAX_PROFIT":-316713214.55,"NETCASH_OPERATE":-183582720.85,"NETCASH_INVEST":237387369.9,"NETCASH_FINANCE":84213962.25,"END_CASH":361161361.05,"DIVI_RATIO":null,"DIVIDEND_RATE":null,"CURRENT_RATIO":1.876699831986,"COMMON_ACS":11000000000,"CURRENTDEBT_DEBT":88.083560525653,"ISSUED_COMMON_SHARES":7401287659,"HK_COMMON_SHARES":7401287659,"PER_SHARES":2000,"TOTAL_MARKET_CAP":1124995724.168,"HKSK_MARKET_CAP":1124995724.168,"PE_TTM":-3.069448163421,"PB_TTM":0.689186544925,"REPORT_DATE_SQ":"2022-12-31 00:00:00","REPORT_TYPE_SQ":"2022年年报","OPERATE_INCOME_SQ":496804804.51,"DPS_HKD":null,"OPERATE_INCOME_QOQ_SQ":0,"NET_PROFIT_RATIO_SQ":-40.3856489125,"HOLDER_PROFIT_SQ":-194790105.33,"HOLDER_PROFIT_QOQ_SQ":0,"ROE_AVG_SQ":-9.270789781395,"PE_TTM_SQ":-13.613939380171,"PB_TTM_SQ":1.541981665543,"ROA_SQ":-7.692037788687,"START_DATE":"2023-04-01 00:00:00","FISCAL_YEAR":"3-31","CURRENCY":"HKD","IS_CNY_CODE":0,"DPS_HKD_LY":null,"ORG_TYPE":"一般企业","PREMIUM_INCOME":null,"PREMIUM_INCOME_YOY":null,"NET_INTEREST_INCOME":null,"NET_INTEREST_INCOME_YOY":null,"FEE_COMMISSION_INCOME":null,"FEE_COMMISSION_INCOME_YOY":null,"ACCOUNTS_RECE_TDAYS":6.499970108923,"INVENTORY_TDAYS":0.940798802785,"CURRENT_ASSETS_TDAYS":0.357034821597,"TOTAL_ASSETS_TDAYS":0.196416196917,"PREMIUM_EXPENSE":null,"LOAN_DEPOSIT":null,"LOAN_EQUITY":null,"LOAN_ASSETS":null,"DEPOSIT_EQUITY":null,"DEPOSIT_ASSETS":null,"EQUITY_MULTIPLIER":1.491918297426,"EQUITY_RATIO":0.487998722602},{"SECUCODE":"00650.HK","SECURITY_CODE":"00650","SECURITY_NAME_ABBR":"普达特科技","ORG_CODE":"10009028","STD_REPORT_DATE":"2023-06-30 00:00:00","REPORT_DATE":"2023-09-30 00:00:00","DATE_TYPE_CODE":"002","REPORT_TYPE":"2023年中报","PER_NETCASH_OPERATE":-0.001754999688,"PER_OI":0.041761441508,"BPS":0.243568045553,"BASIC_EPS":-0.0172881492,"DILUTED_EPS":-0.0172881492,"OPERATE_INCOME":308559510.91,"OPERATE_INCOME_YOY":-22.2969132008,"GROSS_PROFIT":50225560.42,"GROSS_PROFIT_YOY":-8.67763111395,"HOLDER_PROFIT":-129996053.95,"HOLDER_PROFIT_YOY":-229.5377887367,"GROSS_PROFIT_RATIO":16.277430655719,"EPS_TTM":-0.025905343603,"OPERATE_INCOME_QOQ":0,"NET_PROFIT_RATIO":-44.5593697678,"ROE_AVG":-6.792228480469,"GROSS_PROFIT_QOQ":0,"ROA":-5.007930003162,"HOLDER_PROFIT_QOQ":0,"ROE_YEARLY":-13.584456960937,"ROIC_YEARLY":-12.751630127566,"TOTAL_ASSETS":2519070534.96,"TOTAL_LIABILITIES":726040785.19,"TAX_EBT":-2.745662758006,"OCF_SALES":-4.202440395293,"TOTAL_PARENT_EQUITY":1802717169.68,"DEBT_ASSET_RATIO":28.8217727576,"OPERATE_PROFIT":-123379024.02,"PRETAX_PROFIT":-133817982.9,"NETCASH_OPERATE":-12967029.53,"NETCASH_INVEST":244970504.8,"NETCASH_FINANCE":-28710807.44,"END_CASH":419938687.42,"DIVI_RATIO":null,"DIVIDEND_RATE":null,"CURRENT_RATIO":2.190248577003,"COMMON_ACS":11000000000,"CURRENTDEBT_DEBT":87.574900816847,"ISSUED_COMMON_SHARES":7401287659,"HK_COMMON_SHARES":7401287659,"PER_SHARES":2000,"TOTAL_MARKET_CAP":1124995724.168,"HKSK_MARKET_CAP":1124995724.168,"PE_TTM":-3.069448163421,"PB_TTM":0.689186544925,"REPORT_DATE_SQ":"2022-06-30 00:00:00","REPORT_TYPE_SQ":"2022年中报","OPERATE_INCOME_SQ":391392792.24,"DPS_HKD":null,"OPERATE_INCOME_QOQ_SQ":0,"NET_PROFIT_RATIO_SQ":-9.9340028562,"HOLDER_PROFIT_SQ":-38880971.16,"HOLDER_PROFIT_QOQ_SQ":0,"ROE_AVG_SQ":-1.688378684774,"PE_TTM_SQ":-13.613939380171,"PB_TTM_SQ":1.541981665543,"ROA_SQ":-1.453990644389,"START_DATE":"2023-04-01 00:00:00","FISCAL_YEAR":"3-31","CURRENCY":"HKD","IS_CNY_CODE":0,"DPS_HKD_LY":null,"ORG_TYPE":"一般企业","PREMIUM_INCOME":null,"PREMIUM_INCOME_YOY":null,"NET_INTEREST_INCOME":null,"NET_INTEREST_INCOME_YOY":null,"FEE_COMMISSION_INCOME":null,"FEE_COMMISSION_INCOME_YOY":null,"ACCOUNTS_RECE_TDAYS":4.9236322105,"INVENTORY_TDAYS":0.555725977425,"CURRENT_ASSETS_TDAYS":0.214642562942,"TOTAL_ASSETS_TDAYS":0.118868564506,"PREMIUM_EXPENSE":null,"LOAN_DEPOSIT":null,"LOAN_EQUITY":null,"LOAN_ASSETS":null,"DEPOSIT_EQUITY":null,"DEPOSIT_ASSETS":null,"EQUITY_MULTIPLIER":1.404924003789,"EQUITY_RATIO":0.402748028033},{"SECUCODE":"00650.HK","SECURITY_CODE":"00650","SECURITY_NAME_ABBR":"普达特科技","ORG_CODE":"10009028","STD_REPORT_DATE":"2022-12-31 00:00:00","REPORT_DATE":"2023-03-31 00:00:00","DATE_TYPE_CODE":"001","REPORT_TYPE":"2022年年报","PER_NETCASH_OPERATE":-0.030795870308,"PER_OI":0.06607060016,"BPS":0.261021834591,"BASIC_EPS":-0.0256057425,"DILUTED_EPS":-0.0256057425,"OPERATE_INCOME":496804804.51,"OPERATE_INCOME_YOY":310.2706649509,"GROSS_PROFIT":101434632.11,"GROSS_PROFIT_YOY":203.793992998657,"HOLDER_PROFIT":-194790105.33,"HOLDER_PROFIT_YOY":44.8899225037,"GROSS_PROFIT_RATIO":20.417401601026,"EPS_TTM":-0.026115551291,"OPERATE_INCOME_QOQ":0,"NET_PROFIT_RATIO":-40.3856489125,"ROE_AVG":-9.270789781395,"GROSS_PROFIT_QOQ":0,"ROA":-7.692037788687,"HOLDER_PROFIT_QOQ":0,"ROE_YEARLY":-9.270789781395,"ROIC_YEARLY":-10.14461731838,"TOTAL_ASSETS":2549574723.35,"TOTAL_LIABILITIES":622391998.52,"TAX_EBT":-4.714584646874,"OCF_SALES":-46.610550280083,"TOTAL_PARENT_EQUITY":1931897683.09,"DEBT_ASSET_RATIO":24.4116006022,"OPERATE_PROFIT":-189432596.13,"PRETAX_PROFIT":-191604488.34,"NETCASH_OPERATE":-231563453.2,"NETCASH_INVEST":91535495.83,"NETCASH_FINANCE":-101101100.9,"END_CASH":230099767.68,"DIVI_RATIO":null,"DIVIDEND_RATE":null,"CURRENT_RATIO":2.716660332749,"COMMON_ACS":11000000000,"CURRENTDEBT_DEBT":83.643519013407,"ISSUED_COMMON_SHARES":7401287659,"HK_COMMON_SHARES":7401287659,"PER_SHARES":2000,"TOTAL_MARKET_CAP":1539467833.072,"HKSK_MARKET_CAP":1539467833.072,"PE_TTM":-4.200297486786,"PB_TTM":0.943097377266,"REPORT_DATE_SQ":"2021-12-31 00:00:00","REPORT_TYPE_SQ":"2021年年报","OPERATE_INCOME_SQ":112183769.26,"DPS_HKD":null,"OPERATE_INCOME_QOQ_SQ":0,"NET_PROFIT_RATIO_SQ":-308.0071714645,"HOLDER_PROFIT_SQ":-327454208.61,"HOLDER_PROFIT_QOQ_SQ":0,"ROE_AVG_SQ":-14.688395319705,"PE_TTM_SQ":-9.661486958146,"PB_TTM_SQ":1.579590974459,"ROA_SQ":-12.464394478462,"START_DATE":"2022-04-01 00:00:00","FISCAL_YEAR":"3-31","CURRENCY":"HKD","IS_CNY_CODE":0,"DPS_HKD_LY":null,"ORG_TYPE":"一般企业","PREMIUM_INCOME":null,"PREMIUM_INCOME_YOY":null,"NET_INTEREST_INCOME":null,"NET_INTEREST_INCOME_YOY":null,"FEE_COMMISSION_INCOME":null,"FEE_COMMISSION_INCOME_YOY":null,"ACCOUNTS_RECE_TDAYS":13.349273743017,"INVENTORY_TDAYS":1.714488536607,"CURRENT_ASSETS_TDAYS":0.323595806736,"TOTAL_ASSETS_TDAYS":0.196182517763,"PREMIUM_EXPENSE":null,"LOAN_DEPOSIT":null,"LOAN_EQUITY":null,"LOAN_ASSETS":null,"DEPOSIT_EQUITY":null,"DEPOSIT_ASSETS":null,"EQUITY_MULTIPLIER":1.322954326281,"EQUITY_RATIO":0.322166129173},{"SECUCODE":"00650.HK","SECURITY_CODE":"00650","SECURITY_NAME_ABBR":"普达特科技","ORG_CODE":"10009028","STD_REPORT_DATE":"2022-06-30 00:00:00","REPORT_DATE":"2022-09-30 00:00:00","DATE_TYPE_CODE":"002","REPORT_TYPE":"2022年中报","PER_NETCASH_OPERATE":-0.007398058918,"PER_OI":0.051741097445,"BPS":0.305364885464,"BASIC_EPS":-0.0051372192,"DILUTED_EPS":-0.0051372192,"OPERATE_INCOME":391392792.24,"OPERATE_INCOME_YOY":563.5987241612,"GROSS_PROFIT":54998091.96,"GROSS_PROFIT_YOY":317.606203451343,"HOLDER_PROFIT":-38880971.16,"HOLDER_PROFIT_YOY":78.4829070524,"GROSS_PROFIT_RATIO":14.051891871906,"EPS_TTM":-0.043288584901,"OPERATE_INCOME_QOQ":0,"NET_PROFIT_RATIO":-9.9340028562,"ROE_AVG":-1.688378684774,"GROSS_PROFIT_QOQ":0,"ROA":-1.453990644389,"HOLDER_PROFIT_QOQ":0,"ROE_YEARLY":-3.376757369548,"ROIC_YEARLY":-4.159317465186,"TOTAL_ASSETS":2749621508.28,"TOTAL_LIABILITIES":489528150,"TAX_EBT":-31.827660226924,"OCF_SALES":-14.298225749054,"TOTAL_PARENT_EQUITY":2260093358.28,"DEBT_ASSET_RATIO":17.8034739882,"OPERATE_PROFIT":-18846720.72,"PRETAX_PROFIT":-29493788.4,"NETCASH_OPERATE":-55962225,"NETCASH_INVEST":4354878.6,"NETCASH_FINANCE":-1496848.2,"END_CASH":434798676.72,"DIVI_RATIO":null,"DIVIDEND_RATE":null,"CURRENT_RATIO":4.010726935084,"COMMON_ACS":11000000000,"CURRENTDEBT_DEBT":78.298937644342,"ISSUED_COMMON_SHARES":7401287659,"HK_COMMON_SHARES":7401287659,"PER_SHARES":2000,"TOTAL_MARKET_CAP":1102791861.191,"HKSK_MARKET_CAP":1102791861.191,"PE_TTM":-3.008866949669,"PB_TTM":0.675584178907,"REPORT_DATE_SQ":"2021-06-30 00:00:00","REPORT_TYPE_SQ":"2021年中报","OPERATE_INCOME_SQ":54325508.72,"DPS_HKD":null,"OPERATE_INCOME_QOQ_SQ":0,"NET_PROFIT_RATIO_SQ":-340.555419248,"HOLDER_PROFIT_SQ":-166437057.4,"HOLDER_PROFIT_QOQ_SQ":0,"ROE_AVG_SQ":-7.123450803657,"PE_TTM_SQ":-15.606223191903,"PB_TTM_SQ":1.767637519038,"ROA_SQ":-6.044097498169,"START_DATE":"2022-04-01 00:00:00","FISCAL_YEAR":"3-31","CURRENCY":"HKD","IS_CNY_CODE":0,"DPS_HKD_LY":null,"ORG_TYPE":"一般企业","PREMIUM_INCOME":null,"PREMIUM_INCOME_YOY":null,"NET_INTEREST_INCOME":null,"NET_INTEREST_INCOME_YOY":null,"FEE_COMMISSION_INCOME":null,"FEE_COMMISSION_INCOME_YOY":null,"ACCOUNTS_RECE_TDAYS":9.573179364658,"INVENTORY_TDAYS":2.856044782996,"CURRENT_ASSETS_TDAYS":0.24097008129,"TOTAL_ASSETS_TDAYS":0.146365031845,"PREMIUM_EXPENSE":null,"LOAN_DEPOSIT":null,"LOAN_EQUITY":null,"LOAN_ASSETS":null,"DEPOSIT_EQUITY":null,"DEPOSIT_ASSETS":null,"EQUITY_MULTIPLIER":1.21659642873,"EQUITY_RATIO":0.21659642873},{"SECUCODE":"00650.HK","SECURITY_CODE":"00650","SECURITY_NAME_ABBR":"普达特科技","ORG_CODE":"10009028","STD_REPORT_DATE":"2021-12-31 00:00:00","REPORT_DATE":"2022-03-31 00:00:00","DATE_TYPE_CODE":"001","REPORT_TYPE":"2021年年报","PER_NETCASH_OPERATE":-0.010067444381,"PER_OI":0.014830399159,"BPS":0.28418259436,"BASIC_EPS":-0.047281883,"DILUTED_EPS":-0.047281883,"OPERATE_INCOME":112183769.26,"OPERATE_INCOME_YOY":53.6818949427,"GROSS_PROFIT":33389281.7,"GROSS_PROFIT_YOY":276.709520945988,"HOLDER_PROFIT":-327454208.61,"HOLDER_PROFIT_YOY":-4.411677239,"GROSS_PROFIT_RATIO":29.763023581973,"EPS_TTM":-0.067717760052,"OPERATE_INCOME_QOQ":0,"NET_PROFIT_RATIO":-308.0071714645,"ROE_AVG":-14.688395319705,"GROSS_PROFIT_QOQ":0,"ROA":-12.464394478462,"HOLDER_PROFIT_QOQ":0,"ROE_YEARLY":-14.688395319705,"ROIC_YEARLY":-18.408844393765,"TOTAL_ASSETS":2330117697.06,"TOTAL_LIABILITIES":226800568.52,"TAX_EBT":-1.658177225847,"OCF_SALES":-67.883839625233,"TOTAL_PARENT_EQUITY":2103317128.54,"DEBT_ASSET_RATIO":9.7334383068,"OPERATE_PROFIT":-388318887.09,"PRETAX_PROFIT":-385310851,"NETCASH_OPERATE":-76154650.01,"NETCASH_INVEST":-266856352.42,"NETCASH_FINANCE":-18482106.89,"END_CASH":442622494.67,"DIVI_RATIO":null,"DIVIDEND_RATE":null,"CURRENT_RATIO":10.586759702762,"COMMON_ACS":11000000000,"CURRENTDEBT_DEBT":63.90513924449,"ISSUED_COMMON_SHARES":7401287659,"HK_COMMON_SHARES":7401287659,"PER_SHARES":2000,"TOTAL_MARKET_CAP":1539467833.072,"HKSK_MARKET_CAP":1539467833.072,"PE_TTM":-4.200297486786,"PB_TTM":0.943097377266,"REPORT_DATE_SQ":"2020-12-31 00:00:00","REPORT_TYPE_SQ":"2020年年报","OPERATE_INCOME_SQ":76072961.44,"DPS_HKD":null,"OPERATE_INCOME_QOQ_SQ":0,"NET_PROFIT_RATIO_SQ":-24.7868379423,"HOLDER_PROFIT_SQ":-326831951.18,"HOLDER_PROFIT_QOQ_SQ":0,"ROE_AVG_SQ":-12.60855984339,"PE_TTM_SQ":-9.661486958146,"PB_TTM_SQ":1.579590974459,"ROA_SQ":-10.285239788162,"START_DATE":"2021-04-01 00:00:00","FISCAL_YEAR":"3-31","CURRENCY":"HKD","IS_CNY_CODE":0,"DPS_HKD_LY":null,"ORG_TYPE":"一般企业","PREMIUM_INCOME":null,"PREMIUM_INCOME_YOY":null,"NET_INTEREST_INCOME":null,"NET_INTEREST_INCOME_YOY":null,"FEE_COMMISSION_INCOME":null,"FEE_COMMISSION_INCOME_YOY":null,"ACCOUNTS_RECE_TDAYS":2.785012482886,"INVENTORY_TDAYS":13.974253865516,"CURRENT_ASSETS_TDAYS":0.089808927329,"TOTAL_ASSETS_TDAYS":0.042702237973,"PREMIUM_EXPENSE":null,"LOAN_DEPOSIT":null,"LOAN_EQUITY":null,"LOAN_ASSETS":null,"DEPOSIT_EQUITY":null,"DEPOSIT_ASSETS":null,"EQUITY_MULTIPLIER":1.107829944159,"EQUITY_RATIO":0.107829944159},{"SECUCODE":"00650.HK","SECURITY_CODE":"00650","SECURITY_NAME_ABBR":"普达特科技","ORG_CODE":"10009028","STD_REPORT_DATE":"2021-06-30 00:00:00","REPORT_DATE":"2021-09-30 00:00:00","DATE_TYPE_CODE":"002","REPORT_TYPE":"2021年中报","PER_NETCASH_OPERATE":-0.00726020828,"PER_OI":0.007882732882,"BPS":0.304478518124,"BASIC_EPS":-0.0241504094,"DILUTED_EPS":-0.0241504094,"OPERATE_INCOME":54325508.72,"OPERATE_INCOME_YOY":50.8280136923,"GROSS_PROFIT":13169845.54,"GROSS_PROFIT_YOY":210.558094013249,"HOLDER_PROFIT":-166437057.4,"HOLDER_PROFIT_YOY":-680.0335766993,"GROSS_PROFIT_RATIO":24.242470710912,"EPS_TTM":-0.047423927157,"OPERATE_INCOME_QOQ":0,"NET_PROFIT_RATIO":-340.555419248,"ROE_AVG":-7.123450803657,"GROSS_PROFIT_QOQ":0,"ROA":-6.044097498169,"HOLDER_PROFIT_QOQ":0,"ROE_YEARLY":-14.246901607314,"ROIC_YEARLY":-17.854290349152,"TOTAL_ASSETS":2503806815.24,"TOTAL_LIABILITIES":250273716.62,"TAX_EBT":-0.589461084753,"OCF_SALES":-92.102680488254,"TOTAL_PARENT_EQUITY":2253533098.62,"DEBT_ASSET_RATIO":9.9957279091,"OPERATE_PROFIT":-232252962.7,"PRETAX_PROFIT":-231067518.32,"NETCASH_OPERATE":-50035249.72,"NETCASH_INVEST":-340237532.14,"NETCASH_FINANCE":-15564059.98,"END_CASH":414419859.02,"DIVI_RATIO":null,"DIVIDEND_RATE":null,"CURRENT_RATIO":6.770802739861,"COMMON_ACS":11000000000,"CURRENTDEBT_DEBT":67.547191164576,"ISSUED_COMMON_SHARES":7401287659,"HK_COMMON_SHARES":7401287659,"PER_SHARES":2000,"TOTAL_MARKET_CAP":1102791861.191,"HKSK_MARKET_CAP":1102791861.191,"PE_TTM":-3.008866949669,"PB_TTM":0.675584178907,"REPORT_DATE_SQ":"2020-06-30 00:00:00","REPORT_TYPE_SQ":"2020年中报","OPERATE_INCOME_SQ":37992337.92,"DPS_HKD":null,"OPERATE_INCOME_QOQ_SQ":0,"NET_PROFIT_RATIO_SQ":-15.3962158224,"HOLDER_PROFIT_SQ":-22506655.36,"HOLDER_PROFIT_QOQ_SQ":0,"ROE_AVG_SQ":-0.793697644674,"PE_TTM_SQ":-15.606223191903,"PB_TTM_SQ":1.767637519038,"ROA_SQ":-0.661578883202,"START_DATE":"2021-04-01 00:00:00","FISCAL_YEAR":"3-31","CURRENCY":"HKD","IS_CNY_CODE":0,"DPS_HKD_LY":null,"ORG_TYPE":"一般企业","PREMIUM_INCOME":null,"PREMIUM_INCOME_YOY":null,"NET_INTEREST_INCOME":null,"NET_INTEREST_INCOME_YOY":null,"FEE_COMMISSION_INCOME":null,"FEE_COMMISSION_INCOME_YOY":null,"ACCOUNTS_RECE_TDAYS":1.289972899729,"INVENTORY_TDAYS":10.56409708115,"CURRENT_ASSETS_TDAYS":0.050897786471,"TOTAL_ASSETS_TDAYS":0.019728098806,"PREMIUM_EXPENSE":null,"LOAN_DEPOSIT":null,"LOAN_EQUITY":null,"LOAN_ASSETS":null,"DEPOSIT_EQUITY":null,"DEPOSIT_ASSETS":null,"EQUITY_MULTIPLIER":1.111058371752,"EQUITY_RATIO":0.111058371751},{"SECUCODE":"00650.HK","SECURITY_CODE":"00650","SECURITY_NAME_ABBR":"普达特科技","ORG_CODE":"10009028","STD_REPORT_DATE":"2020-12-31 00:00:00","REPORT_DATE":"2021-03-31 00:00:00","DATE_TYPE_CODE":"001","REPORT_TYPE":"2020年年报","PER_NETCASH_OPERATE":0.010166501088,"PER_OI":0.01103832893,"BPS":0.331644946127,"BASIC_EPS":-0.0494345782,"DILUTED_EPS":-0.0494345782,"OPERATE_INCOME":76072961.44,"OPERATE_INCOME_YOY":622.8675486356,"GROSS_PROFIT":8863402.66,"GROSS_PROFIT_YOY":-74.381870064655,"HOLDER_PROFIT":-326831951.18,"HOLDER_PROFIT_YOY":-39.7091657936,"GROSS_PROFIT_RATIO":-0.306330817971,"EPS_TTM":-0.042359394096,"OPERATE_INCOME_QOQ":0,"NET_PROFIT_RATIO":-24.7868379423,"ROE_AVG":-12.60855984339,"GROSS_PROFIT_QOQ":0,"ROA":-10.285239788162,"HOLDER_PROFIT_QOQ":0,"ROE_YEARLY":-12.60855984339,"ROIC_YEARLY":-15.267902230403,"TOTAL_ASSETS":3047316774.32,"TOTAL_LIABILITIES":474353049.1,"TAX_EBT":-0.057078261257,"OCF_SALES":4.708792597621,"TOTAL_PARENT_EQUITY":2454599646.94,"DEBT_ASSET_RATIO":15.5662533379,"OPERATE_PROFIT":-308129808.14,"PRETAX_PROFIT":-303551468.08,"NETCASH_OPERATE":70064576.82,"NETCASH_INVEST":-125049452.08,"NETCASH_FINANCE":-54180263.9,"END_CASH":831481322.56,"DIVI_RATIO":null,"DIVIDEND_RATE":null,"CURRENT_RATIO":3.339871797394,"COMMON_ACS":11000000000,"CURRENTDEBT_DEBT":63.402435656442,"ISSUED_COMMON_SHARES":7401287659,"HK_COMMON_SHARES":7401287659,"PER_SHARES":2000,"TOTAL_MARKET_CAP":1539467833.072,"HKSK_MARKET_CAP":1539467833.072,"PE_TTM":-4.200297486786,"PB_TTM":0.943097377266,"REPORT_DATE_SQ":"2019-12-31 00:00:00","REPORT_TYPE_SQ":"2019年年报","OPERATE_INCOME_SQ":222527980.2,"DPS_HKD":null,"OPERATE_INCOME_QOQ_SQ":0,"NET_PROFIT_RATIO_SQ":-121.8353001076,"HOLDER_PROFIT_SQ":-252903023,"HOLDER_PROFIT_QOQ_SQ":0,"ROE_AVG_SQ":-8.173185667352,"PE_TTM_SQ":-9.661486958146,"PB_TTM_SQ":1.579590974459,"ROA_SQ":-7.085571867011,"START_DATE":"2020-04-01 00:00:00","FISCAL_YEAR":"3-31","CURRENCY":"HKD","IS_CNY_CODE":0,"DPS_HKD_LY":null,"ORG_TYPE":"一般企业","PREMIUM_INCOME":null,"PREMIUM_INCOME_YOY":null,"NET_INTEREST_INCOME":null,"NET_INTEREST_INCOME_YOY":null,"FEE_COMMISSION_INCOME":null,"FEE_COMMISSION_INCOME_YOY":null,"ACCOUNTS_RECE_TDAYS":1.990490722926,"INVENTORY_TDAYS":315.059411239964,"CURRENT_ASSETS_TDAYS":1.486682880281,"TOTAL_ASSETS_TDAYS":0.468251153363,"PREMIUM_EXPENSE":null,"LOAN_DEPOSIT":null,"LOAN_EQUITY":null,"LOAN_ASSETS":null,"DEPOSIT_EQUITY":null,"DEPOSIT_ASSETS":null,"EQUITY_MULTIPLIER":1.184360566163,"EQUITY_RATIO":0.193250679267},{"SECUCODE":"00650.HK","SECURITY_CODE":"00650","SECURITY_NAME_ABBR":"普达特科技","ORG_CODE":"10009028","STD_REPORT_DATE":"2020-06-30 00:00:00","REPORT_DATE":"2020-09-30 00:00:00","DATE_TYPE_CODE":"002","REPORT_TYPE":"2020年中报","PER_NETCASH_OPERATE":0.002958876232,"PER_OI":0.005761573265,"BPS":0.382815915152,"BASIC_EPS":-0.0034094336,"DILUTED_EPS":-0.0034094336,"OPERATE_INCOME":37992337.92,"OPERATE_INCOME_YOY":289.0421144351,"GROSS_PROFIT":4240702.72,"GROSS_PROFIT_YOY":-87.634423631399,"HOLDER_PROFIT":-22506655.36,"HOLDER_PROFIT_YOY":-690.5695181001,"GROSS_PROFIT_RATIO":-5.156061492887,"EPS_TTM":-0.038352977886,"OPERATE_INCOME_QOQ":0,"NET_PROFIT_RATIO":-15.3962158224,"ROE_AVG":-0.793697644674,"GROSS_PROFIT_QOQ":0,"ROA":-0.661578883202,"HOLDER_PROFIT_QOQ":0,"ROE_YEARLY":-1.587395289347,"ROIC_YEARLY":-1.937071458485,"TOTAL_ASSETS":3364603941.76,"TOTAL_LIABILITIES":392899437.44,"TAX_EBT":-18.024741846437,"OCF_SALES":6.630672384342,"TOTAL_PARENT_EQUITY":2833330708.48,"DEBT_ASSET_RATIO":11.6774349742,"OPERATE_PROFIT":-9735338.88,"PRETAX_PROFIT":-8594760.32,"NETCASH_OPERATE":19511098.88,"NETCASH_INVEST":-259762812.8,"NETCASH_FINANCE":-58219593.6,"END_CASH":679010669.44,"DIVI_RATIO":null,"DIVIDEND_RATE":null,"CURRENT_RATIO":4.987321697124,"COMMON_ACS":11000000000,"CURRENTDEBT_DEBT":49.075542295589,"ISSUED_COMMON_SHARES":7401287659,"HK_COMMON_SHARES":7401287659,"PER_SHARES":2000,"TOTAL_MARKET_CAP":1102791861.191,"HKSK_MARKET_CAP":1102791861.191,"PE_TTM":-3.008866949669,"PB_TTM":0.675584178907,"REPORT_DATE_SQ":"2019-06-30 00:00:00","REPORT_TYPE_SQ":"2019年中报","OPERATE_INCOME_SQ":77640510.75,"DPS_HKD":null,"OPERATE_INCOME_QOQ_SQ":0,"NET_PROFIT_RATIO_SQ":5.0386291025,"HOLDER_PROFIT_SQ":3912017.37,"HOLDER_PROFIT_QOQ_SQ":0,"ROE_AVG_SQ":0.122863748013,"PE_TTM_SQ":-15.606223191903,"PB_TTM_SQ":1.767637519038,"ROA_SQ":0.110374320881,"START_DATE":"2020-04-01 00:00:00","FISCAL_YEAR":"3-31","CURRENCY":"HKD","IS_CNY_CODE":0,"DPS_HKD_LY":null,"ORG_TYPE":"一般企业","PREMIUM_INCOME":null,"PREMIUM_INCOME_YOY":null,"NET_INTEREST_INCOME":null,"NET_INTEREST_INCOME_YOY":null,"FEE_COMMISSION_INCOME":null,"FEE_COMMISSION_INCOME_YOY":null,"ACCOUNTS_RECE_TDAYS":3.577214247301,"INVENTORY_TDAYS":61.930003517411,"CURRENT_ASSETS_TDAYS":0.294482908422,"TOTAL_ASSETS_TDAYS":0.086495762878,"PREMIUM_EXPENSE":null,"LOAN_DEPOSIT":null,"LOAN_EQUITY":null,"LOAN_ASSETS":null,"DEPOSIT_EQUITY":null,"DEPOSIT_ASSETS":null,"EQUITY_MULTIPLIER":1.132213494601,"EQUITY_RATIO":0.138670518152}],"count":48},"success":true,"message":"ok","code":0}