{"version":"de1f8001211afe5e5f6afb93df504f5b","result":{"pages":5,"data":[{"SECUCODE":"00653.HK","SECURITY_CODE":"00653","SECURITY_NAME_ABBR":"卓悦控股","ORG_CODE":"10009030","STD_REPORT_DATE":"2024-06-30 00:00:00","REPORT_DATE":"2024-06-30 00:00:00","DATE_TYPE_CODE":"002","REPORT_TYPE":"2024年中报","PER_NETCASH_OPERATE":-0.003855307986,"PER_OI":0.010692082304,"BPS":0.575659169892,"BASIC_EPS":null,"DILUTED_EPS":null,"OPERATE_INCOME":50833537.96,"OPERATE_INCOME_YOY":-21.7804679381,"GROSS_PROFIT":13134377.88,"GROSS_PROFIT_YOY":-38.806537051702,"HOLDER_PROFIT":115910.36,"HOLDER_PROFIT_YOY":-99.7389946155,"GROSS_PROFIT_RATIO":25.83801641022,"EPS_TTM":0.000875795202,"OPERATE_INCOME_QOQ":-1.720593511017,"NET_PROFIT_RATIO":0.2280194624,"ROE_AVG":0.044985530245,"GROSS_PROFIT_QOQ":-14.577292101716,"ROA":0.024753584884,"HOLDER_PROFIT_QOQ":-91.486728224417,"ROE_YEARLY":0.08997106049,"ROIC_YEARLY":0.050601036724,"TOTAL_ASSETS":476424436.08,"TOTAL_LIABILITIES":218692730.88,"TAX_EBT":null,"OCF_SALES":-36.057597357129,"TOTAL_PARENT_EQUITY":257731705.2,"DEBT_ASSET_RATIO":45.9029206561,"OPERATE_PROFIT":6845100,"PRETAX_PROFIT":115910.36,"NETCASH_OPERATE":-18329352.44,"NETCASH_INVEST":-4145392.56,"NETCASH_FINANCE":13315088.52,"END_CASH":5542705.64,"DIVI_RATIO":null,"DIVIDEND_RATE":null,"CURRENT_RATIO":0.461926333073,"COMMON_ACS":10000000000,"CURRENTDEBT_DEBT":71.675514155983,"ISSUED_COMMON_SHARES":447715799,"HK_COMMON_SHARES":447715799,"PER_SHARES":12000,"TOTAL_MARKET_CAP":72082243.639,"HKSK_MARKET_CAP":72082243.639,"PE_TTM":13.25041243364,"PB_TTM":0.255257776972,"REPORT_DATE_SQ":"2023-06-30 00:00:00","REPORT_TYPE_SQ":"2023年中报","OPERATE_INCOME_SQ":65650507.88,"DPS_HKD":null,"OPERATE_INCOME_QOQ_SQ":-23.060397520461,"NET_PROFIT_RATIO_SQ":68.3341291464,"HOLDER_PROFIT_SQ":44861702.84,"HOLDER_PROFIT_QOQ_SQ":-114.532102830819,"ROE_AVG_SQ":27.44078502143,"PE_TTM_SQ":-9.215551500969,"PB_TTM_SQ":1.694118181644,"ROA_SQ":10.066502470698,"START_DATE":"2024-01-01 00:00:00","FISCAL_YEAR":"12-31","CURRENCY":"HKD","IS_CNY_CODE":0,"DPS_HKD_LY":null,"ORG_TYPE":"一般企业","PREMIUM_INCOME":null,"PREMIUM_INCOME_YOY":null,"NET_INTEREST_INCOME":null,"NET_INTEREST_INCOME_YOY":null,"FEE_COMMISSION_INCOME":null,"FEE_COMMISSION_INCOME_YOY":null,"ACCOUNTS_RECE_TDAYS":15.238577291382,"INVENTORY_TDAYS":5.236229954998,"CURRENT_ASSETS_TDAYS":0.641267867526,"TOTAL_ASSETS_TDAYS":0.108559087977,"PREMIUM_EXPENSE":null,"LOAN_DEPOSIT":null,"LOAN_EQUITY":null,"LOAN_ASSETS":null,"DEPOSIT_EQUITY":null,"DEPOSIT_ASSETS":null,"EQUITY_MULTIPLIER":1.848528630618,"EQUITY_RATIO":0.848528630617},{"SECUCODE":"00653.HK","SECURITY_CODE":"00653","SECURITY_NAME_ABBR":"卓悦控股","ORG_CODE":"10009030","STD_REPORT_DATE":"2023-12-31 00:00:00","REPORT_DATE":"2023-12-31 00:00:00","DATE_TYPE_CODE":"001","REPORT_TYPE":"2023年年报","PER_NETCASH_OPERATE":-0.01123664797,"PER_OI":0.181131120818,"BPS":0.571272911278,"BASIC_EPS":0.0135933,"DILUTED_EPS":0.0135933,"OPERATE_INCOME":861154585.62,"OPERATE_INCOME_YOY":411.8284840193,"GROSS_PROFIT":57138983.44,"GROSS_PROFIT_YOY":89.50667635176,"HOLDER_PROFIT":48909599.62,"HOLDER_PROFIT_YOY":-67.7247474898,"GROSS_PROFIT_RATIO":6.635159864923,"EPS_TTM":0.010287410351,"OPERATE_INCOME_QOQ":574.878211675036,"NET_PROFIT_RATIO":5.6795377319,"ROE_AVG":24.665466244996,"GROSS_PROFIT_QOQ":86.90296571987,"ROA":10.692461231383,"HOLDER_PROFIT_QOQ":325.316024769341,"ROE_YEARLY":24.665466244996,"ROIC_YEARLY":11.065560746179,"TOTAL_ASSETS":456832751.76,"TOTAL_LIABILITIES":201064843.84,"TAX_EBT":1.171925070041,"OCF_SALES":-6.203598762879,"TOTAL_PARENT_EQUITY":255767907.92,"DEBT_ASSET_RATIO":44.0127909099,"OPERATE_PROFIT":61615710.24,"PRETAX_PROFIT":49489580.42,"NETCASH_OPERATE":-53422575.22,"NETCASH_INVEST":6101579.26,"NETCASH_FINANCE":45673488,"END_CASH":14598297.98,"DIVI_RATIO":null,"DIVIDEND_RATE":null,"CURRENT_RATIO":0.64039926986,"COMMON_ACS":10000000000,"CURRENTDEBT_DEBT":66.420729069013,"ISSUED_COMMON_SHARES":447715799,"HK_COMMON_SHARES":447715799,"PER_SHARES":12000,"TOTAL_MARKET_CAP":76559401.629,"HKSK_MARKET_CAP":76559401.629,"PE_TTM":14.073419417096,"PB_TTM":0.27111229728,"REPORT_DATE_SQ":"2022-12-31 00:00:00","REPORT_TYPE_SQ":"2022年年报","OPERATE_INCOME_SQ":165846294.74,"DPS_HKD":null,"OPERATE_INCOME_QOQ_SQ":-49.301070723656,"NET_PROFIT_RATIO_SQ":90.06743437,"HOLDER_PROFIT_SQ":149373502.67,"HOLDER_PROFIT_QOQ_SQ":6.414064749725,"ROE_AVG_SQ":211.43796428007,"PE_TTM_SQ":-10.513516501106,"PB_TTM_SQ":1.932726376242,"ROA_SQ":27.767196645772,"START_DATE":"2023-01-01 00:00:00","FISCAL_YEAR":"12-31","CURRENCY":"HKD","IS_CNY_CODE":0,"DPS_HKD_LY":null,"ORG_TYPE":"一般企业","PREMIUM_INCOME":null,"PREMIUM_INCOME_YOY":null,"NET_INTEREST_INCOME":null,"NET_INTEREST_INCOME_YOY":null,"FEE_COMMISSION_INCOME":null,"FEE_COMMISSION_INCOME_YOY":null,"ACCOUNTS_RECE_TDAYS":981.178110480124,"INVENTORY_TDAYS":105.721997140133,"CURRENT_ASSETS_TDAYS":10.069416776162,"TOTAL_ASSETS_TDAYS":1.882628787091,"PREMIUM_EXPENSE":null,"LOAN_DEPOSIT":null,"LOAN_EQUITY":null,"LOAN_ASSETS":null,"DEPOSIT_EQUITY":null,"DEPOSIT_ASSETS":null,"EQUITY_MULTIPLIER":1.7861222523,"EQUITY_RATIO":0.786122252299},{"SECUCODE":"00653.HK","SECURITY_CODE":"00653","SECURITY_NAME_ABBR":"卓悦控股","ORG_CODE":"10009030","STD_REPORT_DATE":"2023-06-30 00:00:00","REPORT_DATE":"2023-06-30 00:00:00","DATE_TYPE_CODE":"002","REPORT_TYPE":"2023年中报","PER_NETCASH_OPERATE":-0.009212802273,"PER_OI":0.018690184867,"BPS":0.410319134081,"BASIC_EPS":0.01290772,"DILUTED_EPS":0.01290772,"OPERATE_INCOME":65650507.88,"OPERATE_INCOME_YOY":-41.3884498881,"GROSS_PROFIT":21463694.4,"GROSS_PROFIT_YOY":1.996012401898,"HOLDER_PROFIT":44861702.84,"HOLDER_PROFIT_YOY":-80.7301154815,"GROSS_PROFIT_RATIO":32.693874111732,"EPS_TTM":-0.006179844312,"OPERATE_INCOME_QOQ":-23.060397520461,"NET_PROFIT_RATIO":68.3341291464,"ROE_AVG":27.44078502143,"GROSS_PROFIT_QOQ":1.39308149652,"ROA":10.066502470698,"HOLDER_PROFIT_QOQ":-114.532102830819,"ROE_YEARLY":54.88157004286,"ROIC_YEARLY":20.91957926959,"TOTAL_ASSETS":425331501.52,"TOTAL_LIABILITIES":241625142.56,"TAX_EBT":1.15386178036,"OCF_SALES":-49.292194477993,"TOTAL_PARENT_EQUITY":183706358.96,"DEBT_ASSET_RATIO":56.8086637591,"OPERATE_PROFIT":50934785.1,"PRETAX_PROFIT":45385387.48,"NETCASH_OPERATE":-32360576.02,"NETCASH_INVEST":18393501,"NETCASH_FINANCE":14419767.2,"END_CASH":16982871.6,"DIVI_RATIO":null,"DIVIDEND_RATE":null,"CURRENT_RATIO":0.372586820462,"COMMON_ACS":10000000000,"CURRENTDEBT_DEBT":70.660352880125,"ISSUED_COMMON_SHARES":447715799,"HK_COMMON_SHARES":447715799,"PER_SHARES":12000,"TOTAL_MARKET_CAP":76559401.629,"HKSK_MARKET_CAP":76559401.629,"PE_TTM":14.073419417096,"PB_TTM":0.27111229728,"REPORT_DATE_SQ":"2022-06-30 00:00:00","REPORT_TYPE_SQ":"2022年中报","OPERATE_INCOME_SQ":103895322.72,"DPS_HKD":null,"OPERATE_INCOME_QOQ_SQ":-36.187641557079,"NET_PROFIT_RATIO_SQ":207.8460424075,"HOLDER_PROFIT_SQ":215942316.52,"HOLDER_PROFIT_QOQ_SQ":179.213387902091,"ROE_AVG_SQ":194.193602965492,"PE_TTM_SQ":-10.513516501106,"PB_TTM_SQ":1.932726376242,"ROA_SQ":37.627557102666,"START_DATE":"2023-01-01 00:00:00","FISCAL_YEAR":"12-31","CURRENCY":"HKD","IS_CNY_CODE":0,"DPS_HKD_LY":null,"ORG_TYPE":"一般企业","PREMIUM_INCOME":null,"PREMIUM_INCOME_YOY":null,"NET_INTEREST_INCOME":null,"NET_INTEREST_INCOME_YOY":null,"FEE_COMMISSION_INCOME":null,"FEE_COMMISSION_INCOME_YOY":null,"ACCOUNTS_RECE_TDAYS":63.4917521177,"INVENTORY_TDAYS":7.770733684637,"CURRENT_ASSETS_TDAYS":0.871741193034,"TOTAL_ASSETS_TDAYS":0.14731295469,"PREMIUM_EXPENSE":null,"LOAN_DEPOSIT":null,"LOAN_EQUITY":null,"LOAN_ASSETS":null,"DEPOSIT_EQUITY":null,"DEPOSIT_ASSETS":null,"EQUITY_MULTIPLIER":2.315279143999,"EQUITY_RATIO":1.315279143999},{"SECUCODE":"00653.HK","SECURITY_CODE":"00653","SECURITY_NAME_ABBR":"卓悦控股","ORG_CODE":"10009030","STD_REPORT_DATE":"2022-12-31 00:00:00","REPORT_DATE":"2022-12-31 00:00:00","DATE_TYPE_CODE":"001","REPORT_TYPE":"2022年年报","PER_NETCASH_OPERATE":-0.03204445779,"PER_OI":0.047215139812,"BPS":0.31002577767,"BASIC_EPS":0.04287696,"DILUTED_EPS":0.04287696,"OPERATE_INCOME":165846294.74,"OPERATE_INCOME_YOY":-70.3884106789,"GROSS_PROFIT":30151435.58,"GROSS_PROFIT_YOY":-26.18499011538,"HOLDER_PROFIT":149373502.67,"HOLDER_PROFIT_YOY":177.1535217636,"GROSS_PROFIT_RATIO":18.180349236785,"EPS_TTM":0.042525465062,"OPERATE_INCOME_QOQ":-49.301070723656,"NET_PROFIT_RATIO":90.06743437,"ROE_AVG":211.43796428007,"GROSS_PROFIT_QOQ":-1.915857384935,"ROA":27.767196645772,"HOLDER_PROFIT_QOQ":6.414064749725,"ROE_YEARLY":211.43796428007,"ROIC_YEARLY":29.216895098835,"TOTAL_ASSETS":451464910.89,"TOTAL_LIABILITIES":312661472.13,"TAX_EBT":-1.660901336868,"OCF_SALES":-67.869030819446,"TOTAL_PARENT_EQUITY":138803438.76,"DEBT_ASSET_RATIO":69.254877752,"OPERATE_PROFIT":177861669.51,"PRETAX_PROFIT":146933089.03,"NETCASH_OPERATE":-101180692.9,"NETCASH_INVEST":399515900.77,"NETCASH_FINANCE":-319789766.73,"END_CASH":16015437.83,"DIVI_RATIO":null,"DIVIDEND_RATE":null,"CURRENT_RATIO":0.35731080728,"COMMON_ACS":10000000000,"CURRENTDEBT_DEBT":75.455618123588,"ISSUED_COMMON_SHARES":447715799,"HK_COMMON_SHARES":447715799,"PER_SHARES":12000,"TOTAL_MARKET_CAP":76559401.629,"HKSK_MARKET_CAP":76559401.629,"PE_TTM":14.073419417096,"PB_TTM":0.27111229728,"REPORT_DATE_SQ":"2021-12-31 00:00:00","REPORT_TYPE_SQ":"2021年年报","OPERATE_INCOME_SQ":512627841.6,"DPS_HKD":null,"OPERATE_INCOME_QOQ_SQ":16.778231458907,"NET_PROFIT_RATIO_SQ":-34.4626956368,"HOLDER_PROFIT_SQ":-177204988.8,"HOLDER_PROFIT_QOQ_SQ":6.715886151598,"ROE_AVG_SQ":-247.767114596492,"PE_TTM_SQ":-10.513516501106,"PB_TTM_SQ":1.932726376242,"ROA_SQ":-25.105916926379,"START_DATE":"2022-01-01 00:00:00","FISCAL_YEAR":"12-31","CURRENCY":"HKD","IS_CNY_CODE":0,"DPS_HKD_LY":null,"ORG_TYPE":"一般企业","PREMIUM_INCOME":null,"PREMIUM_INCOME_YOY":null,"NET_INTEREST_INCOME":null,"NET_INTEREST_INCOME_YOY":null,"FEE_COMMISSION_INCOME":null,"FEE_COMMISSION_INCOME_YOY":null,"ACCOUNTS_RECE_TDAYS":76.419839473143,"INVENTORY_TDAYS":9.069134328358,"CURRENT_ASSETS_TDAYS":0.529567132165,"TOTAL_ASSETS_TDAYS":0.308293411931,"PREMIUM_EXPENSE":null,"LOAN_DEPOSIT":null,"LOAN_EQUITY":null,"LOAN_ASSETS":null,"DEPOSIT_EQUITY":null,"DEPOSIT_ASSETS":null,"EQUITY_MULTIPLIER":3.252548459342,"EQUITY_RATIO":2.25254845934},{"SECUCODE":"00653.HK","SECURITY_CODE":"00653","SECURITY_NAME_ABBR":"卓悦控股","ORG_CODE":"10009030","STD_REPORT_DATE":"2022-06-30 00:00:00","REPORT_DATE":"2022-06-30 00:00:00","DATE_TYPE_CODE":"002","REPORT_TYPE":"2022年中报","PER_NETCASH_OPERATE":-0.012577934704,"PER_OI":0.029578183798,"BPS":0.491417964212,"BASIC_EPS":0.06157368,"DILUTED_EPS":0.06157368,"OPERATE_INCOME":103895322.72,"OPERATE_INCOME_YOY":-65.0702832318,"GROSS_PROFIT":21043660.33,"GROSS_PROFIT_YOY":-32.445363673587,"HOLDER_PROFIT":215942316.52,"HOLDER_PROFIT_YOY":306.7314541153,"GROSS_PROFIT_RATIO":20.254675358883,"EPS_TTM":0.039962259841,"OPERATE_INCOME_QOQ":-36.187641557079,"NET_PROFIT_RATIO":207.8460424075,"ROE_AVG":194.193602965492,"GROSS_PROFIT_QOQ":-24.743176708686,"ROA":37.627557102666,"HOLDER_PROFIT_QOQ":179.213387902091,"ROE_YEARLY":388.387205930985,"ROIC_YEARLY":82.718045229777,"TOTAL_ASSETS":549973544.19,"TOTAL_LIABILITIES":329957957.7,"TAX_EBT":null,"OCF_SALES":-42.524364546293,"TOTAL_PARENT_EQUITY":220015586.49,"DEBT_ASSET_RATIO":59.9952418049,"OPERATE_PROFIT":238450917.32,"PRETAX_PROFIT":215942316.52,"NETCASH_OPERATE":-44180825.78,"NETCASH_INVEST":376334056.21,"NETCASH_FINANCE":-300144323.92,"END_CASH":67778938.64,"DIVI_RATIO":null,"DIVIDEND_RATE":null,"CURRENT_RATIO":0.563028368933,"COMMON_ACS":10000000000,"CURRENTDEBT_DEBT":66.191068605344,"ISSUED_COMMON_SHARES":447715799,"HK_COMMON_SHARES":447715799,"PER_SHARES":12000,"TOTAL_MARKET_CAP":76559401.629,"HKSK_MARKET_CAP":76559401.629,"PE_TTM":14.073419417096,"PB_TTM":0.27111229728,"REPORT_DATE_SQ":"2021-06-30 00:00:00","REPORT_TYPE_SQ":"2021年中报","OPERATE_INCOME_SQ":289403248.56,"DPS_HKD":null,"OPERATE_INCOME_QOQ_SQ":-3.195395779226,"NET_PROFIT_RATIO_SQ":-35.123789918,"HOLDER_PROFIT_SQ":-101632747.44,"HOLDER_PROFIT_QOQ_SQ":11.742135560664,"ROE_AVG_SQ":-92.29170838229,"PE_TTM_SQ":-10.513516501106,"PB_TTM_SQ":1.932726376242,"ROA_SQ":-10.717847357349,"START_DATE":"2022-01-01 00:00:00","FISCAL_YEAR":"12-31","CURRENCY":"HKD","IS_CNY_CODE":0,"DPS_HKD_LY":null,"ORG_TYPE":"一般企业","PREMIUM_INCOME":null,"PREMIUM_INCOME_YOY":null,"NET_INTEREST_INCOME":null,"NET_INTEREST_INCOME_YOY":null,"FEE_COMMISSION_INCOME":null,"FEE_COMMISSION_INCOME_YOY":null,"ACCOUNTS_RECE_TDAYS":30.281156530409,"INVENTORY_TDAYS":4.375539145948,"CURRENT_ASSETS_TDAYS":0.323707307715,"TOTAL_ASSETS_TDAYS":0.181035715989,"PREMIUM_EXPENSE":null,"LOAN_DEPOSIT":null,"LOAN_EQUITY":null,"LOAN_ASSETS":null,"DEPOSIT_EQUITY":null,"DEPOSIT_ASSETS":null,"EQUITY_MULTIPLIER":2.499702648178,"EQUITY_RATIO":1.49970264818},{"SECUCODE":"00653.HK","SECURITY_CODE":"00653","SECURITY_NAME_ABBR":"卓悦控股","ORG_CODE":"10009030","STD_REPORT_DATE":"2021-12-31 00:00:00","REPORT_DATE":"2021-12-31 00:00:00","DATE_TYPE_CODE":"001","REPORT_TYPE":"2021年年报","PER_NETCASH_OPERATE":-0.025235608164,"PER_OI":0.145941127297,"BPS":0.005089503665,"BASIC_EPS":-0.0515088,"DILUTED_EPS":-0.0515088,"OPERATE_INCOME":512627841.6,"OPERATE_INCOME_YOY":16.3706318626,"GROSS_PROFIT":40847296,"GROSS_PROFIT_YOY":-71.961651999997,"HOLDER_PROFIT":-177204988.8,"HOLDER_PROFIT_YOY":15.2486568075,"GROSS_PROFIT_RATIO":7.968216449678,"EPS_TTM":-0.050448870954,"OPERATE_INCOME_QOQ":16.778231458907,"NET_PROFIT_RATIO":-34.4626956368,"ROE_AVG":-247.767114596492,"GROSS_PROFIT_QOQ":-55.246791642219,"ROA":-25.105916926379,"HOLDER_PROFIT_QOQ":6.715886151598,"ROE_YEARLY":-247.767114596492,"ROIC_YEARLY":-25.98644553485,"TOTAL_ASSETS":571537556.8,"TOTAL_LIABILITIES":569258905.6,"TAX_EBT":1.817537418552,"OCF_SALES":-17.291635765107,"TOTAL_PARENT_EQUITY":2278651.2,"DEBT_ASSET_RATIO":99.6013120795,"OPERATE_PROFIT":-144540233.6,"PRETAX_PROFIT":-179935772.8,"NETCASH_OPERATE":-88641739.2,"NETCASH_INVEST":118127665.6,"NETCASH_FINANCE":-8283923.2,"END_CASH":34295867.2,"DIVI_RATIO":null,"DIVIDEND_RATE":null,"CURRENT_RATIO":0.916425786146,"COMMON_ACS":10000000000,"CURRENTDEBT_DEBT":95.102088886846,"ISSUED_COMMON_SHARES":447715799,"HK_COMMON_SHARES":447715799,"PER_SHARES":12000,"TOTAL_MARKET_CAP":76559401.629,"HKSK_MARKET_CAP":76559401.629,"PE_TTM":14.073419417096,"PB_TTM":0.27111229728,"REPORT_DATE_SQ":"2020-12-31 00:00:00","REPORT_TYPE_SQ":"2020年年报","OPERATE_INCOME_SQ":453465532.32,"DPS_HKD":null,"OPERATE_INCOME_QOQ_SQ":-48.767506150137,"NET_PROFIT_RATIO_SQ":-47.9637631128,"HOLDER_PROFIT_SQ":-215235963.76,"HOLDER_PROFIT_QOQ_SQ":0.850608236675,"ROE_AVG_SQ":-84.058876120855,"PE_TTM_SQ":-10.513516501106,"PB_TTM_SQ":1.932726376242,"ROA_SQ":-19.923308964219,"START_DATE":"2021-01-01 00:00:00","FISCAL_YEAR":"12-31","CURRENCY":"HKD","IS_CNY_CODE":0,"DPS_HKD_LY":null,"ORG_TYPE":"一般企业","PREMIUM_INCOME":null,"PREMIUM_INCOME_YOY":null,"NET_INTEREST_INCOME":null,"NET_INTEREST_INCOME_YOY":null,"FEE_COMMISSION_INCOME":null,"FEE_COMMISSION_INCOME_YOY":null,"ACCOUNTS_RECE_TDAYS":108.598077422707,"INVENTORY_TDAYS":9.330201874025,"CURRENT_ASSETS_TDAYS":0.993185414697,"TOTAL_ASSETS_TDAYS":0.726277069992,"PREMIUM_EXPENSE":null,"LOAN_DEPOSIT":null,"LOAN_EQUITY":null,"LOAN_ASSETS":null,"DEPOSIT_EQUITY":null,"DEPOSIT_ASSETS":null,"EQUITY_MULTIPLIER":250.822748465992,"EQUITY_RATIO":249.822748475063},{"SECUCODE":"00653.HK","SECURITY_CODE":"00653","SECURITY_NAME_ABBR":"卓悦控股","ORG_CODE":"10009030","STD_REPORT_DATE":"2021-06-30 00:00:00","REPORT_DATE":"2021-06-30 00:00:00","DATE_TYPE_CODE":"002","REPORT_TYPE":"2021年中报","PER_NETCASH_OPERATE":0.0017736067,"PER_OI":0.084805172602,"BPS":0.17195403426,"BASIC_EPS":-0.02995488,"DILUTED_EPS":-0.02995488,"OPERATE_INCOME":289403248.56,"OPERATE_INCOME_YOY":4.5435554313,"GROSS_PROFIT":31150578.96,"GROSS_PROFIT_YOY":-63.592942733799,"HOLDER_PROFIT":-101632747.44,"HOLDER_PROFIT_YOY":12.0843290243,"GROSS_PROFIT_RATIO":10.763728159583,"EPS_TTM":-0.05566563846,"OPERATE_INCOME_QOQ":-3.195395779226,"NET_PROFIT_RATIO":-35.123789918,"ROE_AVG":-92.29170838229,"GROSS_PROFIT_QOQ":-37.348965518071,"ROA":-10.717847357349,"HOLDER_PROFIT_QOQ":11.742135560664,"ROE_YEARLY":-184.58341676458,"ROIC_YEARLY":-22.019283074872,"TOTAL_ASSETS":1041513703.92,"TOTAL_LIABILITIES":967555105.2,"TAX_EBT":-0.00573037755,"OCF_SALES":2.091389765013,"TOTAL_PARENT_EQUITY":76986537.84,"DEBT_ASSET_RATIO":92.8989317719,"OPERATE_PROFIT":-83271238.08,"PRETAX_PROFIT":-101643564.48,"NETCASH_OPERATE":6052549.92,"NETCASH_INVEST":7449612.24,"NETCASH_FINANCE":9102955.2,"END_CASH":39421454.16,"DIVI_RATIO":null,"DIVIDEND_RATE":null,"CURRENT_RATIO":1.051029274392,"COMMON_ACS":10000000000,"CURRENTDEBT_DEBT":86.998791725253,"ISSUED_COMMON_SHARES":447715799,"HK_COMMON_SHARES":447715799,"PER_SHARES":12000,"TOTAL_MARKET_CAP":76559401.629,"HKSK_MARKET_CAP":76559401.629,"PE_TTM":14.073419417096,"PB_TTM":0.27111229728,"REPORT_DATE_SQ":"2020-06-30 00:00:00","REPORT_TYPE_SQ":"2020年中报","OPERATE_INCOME_SQ":303893267.04,"DPS_HKD":null,"OPERATE_INCOME_QOQ_SQ":-32.268088312375,"NET_PROFIT_RATIO_SQ":-42.1036337021,"HOLDER_PROFIT_SQ":-126906046.08,"HOLDER_PROFIT_QOQ_SQ":-86.920787313907,"ROE_AVG_SQ":-37.813063050803,"PE_TTM_SQ":-10.513516501106,"PB_TTM_SQ":1.932726376242,"ROA_SQ":-9.721554558667,"START_DATE":"2021-01-01 00:00:00","FISCAL_YEAR":"12-31","CURRENCY":"HKD","IS_CNY_CODE":0,"DPS_HKD_LY":null,"ORG_TYPE":"一般企业","PREMIUM_INCOME":null,"PREMIUM_INCOME_YOY":null,"NET_INTEREST_INCOME":null,"NET_INTEREST_INCOME_YOY":null,"FEE_COMMISSION_INCOME":null,"FEE_COMMISSION_INCOME_YOY":null,"ACCOUNTS_RECE_TDAYS":39.611297762086,"INVENTORY_TDAYS":1.679595862297,"CURRENT_ASSETS_TDAYS":0.404655186155,"TOTAL_ASSETS_TDAYS":0.305194922003,"PREMIUM_EXPENSE":null,"LOAN_DEPOSIT":null,"LOAN_EQUITY":null,"LOAN_ASSETS":null,"DEPOSIT_EQUITY":null,"DEPOSIT_ASSETS":null,"EQUITY_MULTIPLIER":14.082388281285,"EQUITY_RATIO":12.567847994553},{"SECUCODE":"00653.HK","SECURITY_CODE":"00653","SECURITY_NAME_ABBR":"卓悦控股","ORG_CODE":"10009030","STD_REPORT_DATE":"2020-12-31 00:00:00","REPORT_DATE":"2020-12-31 00:00:00","DATE_TYPE_CODE":"001","REPORT_TYPE":"2020年年报","PER_NETCASH_OPERATE":0.012244176216,"PER_OI":0.132881102506,"BPS":0.323646814706,"BASIC_EPS":-0.063123,"DILUTED_EPS":-0.063123,"OPERATE_INCOME":453465532.32,"OPERATE_INCOME_YOY":-63.0670647945,"GROSS_PROFIT":145683675.8,"GROSS_PROFIT_YOY":-66.839506230459,"HOLDER_PROFIT":-215235963.76,"HOLDER_PROFIT_YOY":-97.25256078,"GROSS_PROFIT_RATIO":32.126736304446,"EPS_TTM":-0.063071590065,"OPERATE_INCOME_QOQ":-48.767506150137,"NET_PROFIT_RATIO":-47.9637631128,"ROE_AVG":-84.058876120855,"GROSS_PROFIT_QOQ":-45.280374263301,"ROA":-19.923308964219,"HOLDER_PROFIT_QOQ":0.850608236675,"ROE_YEARLY":-84.058876120855,"ROIC_YEARLY":-20.854700715302,"TOTAL_ASSETS":864823815.44,"TOTAL_LIABILITIES":722967076.72,"TAX_EBT":0.265908178703,"OCF_SALES":9.214384878654,"TOTAL_PARENT_EQUITY":144901792.24,"DEBT_ASSET_RATIO":83.5970360451,"OPERATE_PROFIT":-182890055.28,"PRETAX_PROFIT":-218079023.68,"NETCASH_OPERATE":41784059.44,"NETCASH_INVEST":1143788.76,"NETCASH_FINANCE":-112175462.48,"END_CASH":14095786.72,"DIVI_RATIO":null,"DIVIDEND_RATE":null,"CURRENT_RATIO":0.849092345142,"COMMON_ACS":10000000000,"CURRENTDEBT_DEBT":89.909406075451,"ISSUED_COMMON_SHARES":447715799,"HK_COMMON_SHARES":447715799,"PER_SHARES":12000,"TOTAL_MARKET_CAP":76559401.629,"HKSK_MARKET_CAP":76559401.629,"PE_TTM":14.073419417096,"PB_TTM":0.27111229728,"REPORT_DATE_SQ":"2019-12-31 00:00:00","REPORT_TYPE_SQ":"2019年年报","OPERATE_INCOME_SQ":1306788945.84,"DPS_HKD":null,"OPERATE_INCOME_QOQ_SQ":-13.511926463007,"NET_PROFIT_RATIO_SQ":-8.9538314318,"HOLDER_PROFIT_SQ":-116136085.44,"HOLDER_PROFIT_QOQ_SQ":-73.537727684649,"ROE_AVG_SQ":-25.028982135807,"PE_TTM_SQ":-10.513516501106,"PB_TTM_SQ":1.932726376242,"ROA_SQ":-8.841252906355,"START_DATE":"2020-01-01 00:00:00","FISCAL_YEAR":"12-31","CURRENCY":"HKD","IS_CNY_CODE":0,"DPS_HKD_LY":null,"ORG_TYPE":"一般企业","PREMIUM_INCOME":null,"PREMIUM_INCOME_YOY":null,"NET_INTEREST_INCOME":null,"NET_INTEREST_INCOME_YOY":null,"FEE_COMMISSION_INCOME":null,"FEE_COMMISSION_INCOME_YOY":null,"ACCOUNTS_RECE_TDAYS":45.308665853761,"INVENTORY_TDAYS":2.563693977272,"CURRENT_ASSETS_TDAYS":1.079989777152,"TOTAL_ASSETS_TDAYS":0.419750200998,"PREMIUM_EXPENSE":null,"LOAN_DEPOSIT":null,"LOAN_EQUITY":null,"LOAN_ASSETS":null,"DEPOSIT_EQUITY":null,"DEPOSIT_ASSETS":null,"EQUITY_MULTIPLIER":6.096459168901,"EQUITY_RATIO":4.989359106908},{"SECUCODE":"00653.HK","SECURITY_CODE":"00653","SECURITY_NAME_ABBR":"卓悦控股","ORG_CODE":"10009030","STD_REPORT_DATE":"2020-06-30 00:00:00","REPORT_DATE":"2020-06-30 00:00:00","DATE_TYPE_CODE":"002","REPORT_TYPE":"2020年中报","PER_NETCASH_OPERATE":0.013957628604,"PER_OI":0.089051249743,"BPS":0.609084046909,"BASIC_EPS":-0.03745104,"DILUTED_EPS":-0.03745104,"OPERATE_INCOME":303893267.04,"OPERATE_INCOME_YOY":-59.6654579313,"GROSS_PROFIT":85561924.8,"GROSS_PROFIT_YOY":-66.920360752334,"HOLDER_PROFIT":-126906046.08,"HOLDER_PROFIT_YOY":-370.7803869743,"GROSS_PROFIT_RATIO":28.155255176726,"EPS_TTM":-0.063612684802,"OPERATE_INCOME_QOQ":-32.268088312375,"NET_PROFIT_RATIO":-42.1036337021,"ROE_AVG":-37.813063050803,"GROSS_PROFIT_QOQ":-39.399267953507,"ROA":-9.721554558667,"HOLDER_PROFIT_QOQ":-86.920787313907,"ROE_YEARLY":-75.626126101606,"ROIC_YEARLY":-20.494445536459,"TOTAL_ASSETS":1204451022.72,"TOTAL_LIABILITIES":933542074.08,"TAX_EBT":-0.928768031358,"OCF_SALES":15.673703226117,"TOTAL_PARENT_EQUITY":272696550.72,"DEBT_ASSET_RATIO":77.5076824603,"OPERATE_PROFIT":-103367610.72,"PRETAX_PROFIT":-126772683.84,"NETCASH_OPERATE":47631328.8,"NETCASH_INVEST":-2755848.48,"NETCASH_FINANCE":-90079799.04,"END_CASH":46217323.68,"DIVI_RATIO":null,"DIVIDEND_RATE":null,"CURRENT_RATIO":0.422296268732,"COMMON_ACS":10000000000,"CURRENTDEBT_DEBT":57.848918843022,"ISSUED_COMMON_SHARES":447715799,"HK_COMMON_SHARES":447715799,"PER_SHARES":12000,"TOTAL_MARKET_CAP":76559401.629,"HKSK_MARKET_CAP":76559401.629,"PE_TTM":14.073419417096,"PB_TTM":0.27111229728,"REPORT_DATE_SQ":"2019-06-30 00:00:00","REPORT_TYPE_SQ":"2019年中报","OPERATE_INCOME_SQ":725569078.14,"DPS_HKD":null,"OPERATE_INCOME_QOQ_SQ":-3.848733040695,"NET_PROFIT_RATIO_SQ":-3.5778324962,"HOLDER_PROFIT_SQ":-25959646.26,"HOLDER_PROFIT_QOQ_SQ":-92.811216206826,"ROE_AVG_SQ":-5.12835217083,"PE_TTM_SQ":-10.513516501106,"PB_TTM_SQ":1.932726376242,"ROA_SQ":-1.841298661189,"START_DATE":"2020-01-01 00:00:00","FISCAL_YEAR":"12-31","CURRENCY":"HKD","IS_CNY_CODE":0,"DPS_HKD_LY":null,"ORG_TYPE":"一般企业","PREMIUM_INCOME":null,"PREMIUM_INCOME_YOY":null,"NET_INTEREST_INCOME":null,"NET_INTEREST_INCOME_YOY":null,"FEE_COMMISSION_INCOME":null,"FEE_COMMISSION_INCOME_YOY":null,"ACCOUNTS_RECE_TDAYS":24.74827047534,"INVENTORY_TDAYS":1.409355173471,"CURRENT_ASSETS_TDAYS":1.124594364369,"TOTAL_ASSETS_TDAYS":0.232795447246,"PREMIUM_EXPENSE":null,"LOAN_DEPOSIT":null,"LOAN_EQUITY":null,"LOAN_ASSETS":null,"DEPOSIT_EQUITY":null,"DEPOSIT_ASSETS":null,"EQUITY_MULTIPLIER":4.445962485791,"EQUITY_RATIO":3.423373238918}],"count":45},"success":true,"message":"ok","code":0}