{"version":"95b0b001675a5af0f6bc21ebefcfd454","result":{"pages":6,"data":[{"SECUCODE":"00663.HK","SECURITY_CODE":"00663","SECURITY_NAME_ABBR":"金山能源","ORG_CODE":"10009037","STD_REPORT_DATE":"2023-06-30 00:00:00","REPORT_DATE":"2023-06-30 00:00:00","DATE_TYPE_CODE":"002","REPORT_TYPE":"2023年中报","PER_NETCASH_OPERATE":-0.01637925092,"PER_OI":0.046456283321,"BPS":0.295653555362,"BASIC_EPS":-0.021021144,"DILUTED_EPS":null,"OPERATE_INCOME":55155609.54,"OPERATE_INCOME_YOY":20.5064158089,"GROSS_PROFIT":8874057.5,"GROSS_PROFIT_YOY":129.980245669765,"HOLDER_PROFIT":-24904523.76,"HOLDER_PROFIT_YOY":-188.6514212439,"GROSS_PROFIT_RATIO":16.089129598984,"EPS_TTM":0.067356031219,"OPERATE_INCOME_QOQ":9.624670515159,"NET_PROFIT_RATIO":-49.370643398,"ROE_AVG":-6.781201320994,"GROSS_PROFIT_QOQ":52.079554870557,"ROA":-5.099302555409,"HOLDER_PROFIT_QOQ":-17.447651168523,"ROE_YEARLY":-13.562402641987,"ROIC_YEARLY":-10.304181639239,"TOTAL_ASSETS":477400322.02,"TOTAL_LIABILITIES":182143602.86,"TAX_EBT":-1.680035804042,"OCF_SALES":-35.25734249369,"TOTAL_PARENT_EQUITY":351017147.58,"DEBT_ASSET_RATIO":38.1532216169,"OPERATE_PROFIT":-20889300.86,"PRETAX_PROFIT":-26780753.06,"NETCASH_OPERATE":-19446402.16,"NETCASH_INVEST":-4270611.36,"NETCASH_FINANCE":200069.66,"END_CASH":48016718.4,"DIVI_RATIO":null,"DIVIDEND_RATE":null,"CURRENT_RATIO":1.564148151247,"COMMON_ACS":null,"CURRENTDEBT_DEBT":96.800923277839,"ISSUED_COMMON_SHARES":1187258334,"HK_COMMON_SHARES":1187258334,"PER_SHARES":10000,"TOTAL_MARKET_CAP":121100350.068,"HKSK_MARKET_CAP":121100350.068,"PE_TTM":1.333836504367,"PB_TTM":0.318081613749,"REPORT_DATE_SQ":"2022-06-30 00:00:00","REPORT_TYPE_SQ":"2022年中报","OPERATE_INCOME_SQ":42454197.17,"DPS_HKD":null,"OPERATE_INCOME_QOQ_SQ":40.498397262709,"NET_PROFIT_RATIO_SQ":-44.1552686179,"HOLDER_PROFIT_SQ":-8002868.02,"HOLDER_PROFIT_QOQ_SQ":-99.474675489671,"ROE_AVG_SQ":-3.621671201173,"PE_TTM_SQ":1.503835274532,"PB_TTM_SQ":0.358621427266,"ROA_SQ":-1.81508373766,"START_DATE":"2023-01-01 00:00:00","FISCAL_YEAR":"12-31","CURRENCY":"HKD","IS_CNY_CODE":0,"DPS_HKD_LY":null,"ORG_TYPE":"一般企业","PREMIUM_INCOME":null,"PREMIUM_INCOME_YOY":null,"NET_INTEREST_INCOME":null,"NET_INTEREST_INCOME_YOY":null,"FEE_COMMISSION_INCOME":null,"FEE_COMMISSION_INCOME_YOY":null,"ACCOUNTS_RECE_TDAYS":0.588994565217,"INVENTORY_TDAYS":6.599355814106,"CURRENT_ASSETS_TDAYS":0.199410664702,"TOTAL_ASSETS_TDAYS":0.112933354351,"PREMIUM_EXPENSE":null,"LOAN_DEPOSIT":null,"LOAN_EQUITY":null,"LOAN_ASSETS":null,"DEPOSIT_EQUITY":null,"DEPOSIT_ASSETS":null,"EQUITY_MULTIPLIER":1.61689909506,"EQUITY_RATIO":0.51890229328},{"SECUCODE":"00663.HK","SECURITY_CODE":"00663","SECURITY_NAME_ABBR":"金山能源","ORG_CODE":"10009037","STD_REPORT_DATE":"2022-12-31 00:00:00","REPORT_DATE":"2022-12-31 00:00:00","DATE_TYPE_CODE":"001","REPORT_TYPE":"2022年年报","PER_NETCASH_OPERATE":-0.023866261334,"PER_OI":0.111152930808,"BPS":0.312954167092,"BASIC_EPS":0.08486065,"DILUTED_EPS":null,"OPERATE_INCOME":131967243.45,"OPERATE_INCOME_YOY":71.8288399358,"GROSS_PROFIT":9630343.87,"GROSS_PROFIT_YOY":-49.909435175449,"HOLDER_PROFIT":96870665.15,"HOLDER_PROFIT_YOY":353.0214652357,"GROSS_PROFIT_RATIO":7.297525975564,"EPS_TTM":0.08159190159,"OPERATE_INCOME_QOQ":33.618488261329,"NET_PROFIT_RATIO":140.4575760653,"ROE_AVG":34.562546113407,"GROSS_PROFIT_QOQ":-36.934641409292,"ROA":21.374116515494,"HOLDER_PROFIT_QOQ":238.583480719723,"ROE_YEARLY":34.562546113407,"ROIC_YEARLY":20.032604127701,"TOTAL_ASSETS":483830762.8,"TOTAL_LIABILITIES":166325087.46,"TAX_EBT":0.903546851197,"OCF_SALES":-21.471553795648,"TOTAL_PARENT_EQUITY":371557443.04,"DEBT_ASSET_RATIO":34.3767077764,"OPERATE_PROFIT":232770976.41,"PRETAX_PROFIT":187048058.19,"NETCASH_OPERATE":-28335417.67,"NETCASH_INVEST":-52227710.36,"NETCASH_FINANCE":74197686.01,"END_CASH":71250788.28,"DIVI_RATIO":null,"DIVIDEND_RATE":null,"CURRENT_RATIO":1.682219215458,"COMMON_ACS":null,"CURRENTDEBT_DEBT":96.056885680834,"ISSUED_COMMON_SHARES":1187258334,"HK_COMMON_SHARES":1187258334,"PER_SHARES":10000,"TOTAL_MARKET_CAP":121100350.068,"HKSK_MARKET_CAP":121100350.068,"PE_TTM":1.333836504367,"PB_TTM":0.318081613749,"REPORT_DATE_SQ":"2021-12-31 00:00:00","REPORT_TYPE_SQ":"2021年年报","OPERATE_INCOME_SQ":70295612.8,"DPS_HKD":null,"OPERATE_INCOME_QOQ_SQ":47.500564574236,"NET_PROFIT_RATIO_SQ":-89.0169578264,"HOLDER_PROFIT_SQ":-35042336,"HOLDER_PROFIT_QOQ_SQ":80.45228990334,"ROE_AVG_SQ":-20.79497349684,"PE_TTM_SQ":1.307682847419,"PB_TTM_SQ":0.311844719361,"ROA_SQ":-9.130260657651,"START_DATE":"2022-01-01 00:00:00","FISCAL_YEAR":"12-31","CURRENCY":"HKD","IS_CNY_CODE":0,"DPS_HKD_LY":null,"ORG_TYPE":"一般企业","PREMIUM_INCOME":null,"PREMIUM_INCOME_YOY":null,"NET_INTEREST_INCOME":null,"NET_INTEREST_INCOME_YOY":null,"FEE_COMMISSION_INCOME":null,"FEE_COMMISSION_INCOME_YOY":null,"ACCOUNTS_RECE_TDAYS":1.507376948821,"INVENTORY_TDAYS":12.054748701699,"CURRENT_ASSETS_TDAYS":0.488385816034,"TOTAL_ASSETS_TDAYS":0.291180331358,"PREMIUM_EXPENSE":null,"LOAN_DEPOSIT":null,"LOAN_EQUITY":null,"LOAN_ASSETS":null,"DEPOSIT_EQUITY":null,"DEPOSIT_ASSETS":null,"EQUITY_MULTIPLIER":1.523849179332,"EQUITY_RATIO":0.447642997269},{"SECUCODE":"00663.HK","SECURITY_CODE":"00663","SECURITY_NAME_ABBR":"金山能源","ORG_CODE":"10009037","STD_REPORT_DATE":"2022-06-30 00:00:00","REPORT_DATE":"2022-06-30 00:00:00","DATE_TYPE_CODE":"002","REPORT_TYPE":"2022年中报","PER_NETCASH_OPERATE":-0.055451362087,"PER_OI":0.035758179963,"BPS":0.219838291057,"BASIC_EPS":-0.007354634,"DILUTED_EPS":null,"OPERATE_INCOME":42454197.17,"OPERATE_INCOME_YOY":195.3534031414,"GROSS_PROFIT":3858617.28,"GROSS_PROFIT_YOY":-50.619579830175,"HOLDER_PROFIT":-8002868.02,"HOLDER_PROFIT_YOY":-128.9945778466,"GROSS_PROFIT_RATIO":9.088894708217,"EPS_TTM":-0.05887563306,"OPERATE_INCOME_QOQ":40.498397262709,"NET_PROFIT_RATIO":-44.1552686179,"ROE_AVG":-3.621671201173,"GROSS_PROFIT_QOQ":-20.573566940867,"ROA":-1.81508373766,"HOLDER_PROFIT_QOQ":-99.474675489671,"ROE_YEARLY":-7.243342402347,"ROIC_YEARLY":-3.088624682428,"TOTAL_ASSETS":477234503.55,"TOTAL_LIABILITIES":365159288.48,"TAX_EBT":1.980950677458,"OCF_SALES":-155.07322281087,"TOTAL_PARENT_EQUITY":261004843.19,"DEBT_ASSET_RATIO":76.5156931789,"OPERATE_PROFIT":1966081.81,"PRETAX_PROFIT":-19124613.97,"NETCASH_OPERATE":-65835091.77,"NETCASH_INVEST":-12968101.16,"NETCASH_FINANCE":72992176.88,"END_CASH":68894961.59,"DIVI_RATIO":null,"DIVIDEND_RATE":null,"CURRENT_RATIO":0.915167846322,"COMMON_ACS":null,"CURRENTDEBT_DEBT":97.775836549631,"ISSUED_COMMON_SHARES":1187258334,"HK_COMMON_SHARES":1187258334,"PER_SHARES":10000,"TOTAL_MARKET_CAP":121100350.068,"HKSK_MARKET_CAP":121100350.068,"PE_TTM":1.333836504367,"PB_TTM":0.318081613749,"REPORT_DATE_SQ":"2021-06-30 00:00:00","REPORT_TYPE_SQ":"2021年中报","OPERATE_INCOME_SQ":13985600.64,"DPS_HKD":null,"OPERATE_INCOME_QOQ_SQ":10.449001812676,"NET_PROFIT_RATIO_SQ":119.2408376963,"HOLDER_PROFIT_SQ":26855382,"HOLDER_PROFIT_QOQ_SQ":20.800312871171,"ROE_AVG_SQ":13.339395129209,"PE_TTM_SQ":1.307682847419,"PB_TTM_SQ":0.311844719361,"ROA_SQ":6.686409962388,"START_DATE":"2022-01-01 00:00:00","FISCAL_YEAR":"12-31","CURRENCY":"HKD","IS_CNY_CODE":0,"DPS_HKD_LY":null,"ORG_TYPE":"一般企业","PREMIUM_INCOME":null,"PREMIUM_INCOME_YOY":null,"NET_INTEREST_INCOME":null,"NET_INTEREST_INCOME_YOY":null,"FEE_COMMISSION_INCOME":null,"FEE_COMMISSION_INCOME_YOY":null,"ACCOUNTS_RECE_TDAYS":0.437267682551,"INVENTORY_TDAYS":2.618187092096,"CURRENT_ASSETS_TDAYS":0.1446904383,"TOTAL_ASSETS_TDAYS":0.096287884151,"PREMIUM_EXPENSE":null,"LOAN_DEPOSIT":null,"LOAN_EQUITY":null,"LOAN_ASSETS":null,"DEPOSIT_EQUITY":null,"DEPOSIT_ASSETS":null,"EQUITY_MULTIPLIER":4.258162728063,"EQUITY_RATIO":1.399051772438},{"SECUCODE":"00663.HK","SECURITY_CODE":"00663","SECURITY_NAME_ABBR":"金山能源","ORG_CODE":"10009037","STD_REPORT_DATE":"2021-12-31 00:00:00","REPORT_DATE":"2021-12-31 00:00:00","DATE_TYPE_CODE":"001","REPORT_TYPE":"2021年年报","PER_NETCASH_OPERATE":-0.0171978861,"PER_OI":0.088812532353,"BPS":0.145701529521,"BASIC_EPS":-0.0392448,"DILUTED_EPS":-0.0392448,"OPERATE_INCOME":70295612.8,"OPERATE_INCOME_YOY":67.7030506359,"GROSS_PROFIT":19225864,"GROSS_PROFIT_YOY":56.923366368616,"HOLDER_PROFIT":-35042336,"HOLDER_PROFIT_YOY":84.0630635655,"GROSS_PROFIT_RATIO":27.3500197725,"EPS_TTM":-0.04427301329,"OPERATE_INCOME_QOQ":47.500564574236,"NET_PROFIT_RATIO":-89.0169578264,"ROE_AVG":-20.79497349684,"GROSS_PROFIT_QOQ":51.212687297618,"ROA":-9.130260657651,"HOLDER_PROFIT_QOQ":80.45228990334,"ROE_YEARLY":-20.79497349684,"ROIC_YEARLY":-7.79610085819,"TOTAL_ASSETS":386800019.2,"TOTAL_LIABILITIES":352956284.8,"TAX_EBT":-1.31181827809,"OCF_SALES":-19.364255972458,"TOTAL_PARENT_EQUITY":172985355.2,"DEBT_ASSET_RATIO":91.2503276318,"OPERATE_PROFIT":-19284731.2,"PRETAX_PROFIT":-61764774.4,"NETCASH_OPERATE":-13415180.8,"NETCASH_INVEST":20359875.2,"NETCASH_FINANCE":12967136,"END_CASH":69469019.2,"DIVI_RATIO":null,"DIVIDEND_RATE":null,"CURRENT_RATIO":0.722506123477,"COMMON_ACS":null,"CURRENTDEBT_DEBT":98.430384203772,"ISSUED_COMMON_SHARES":1187258334,"HK_COMMON_SHARES":1187258334,"PER_SHARES":10000,"TOTAL_MARKET_CAP":121100350.068,"HKSK_MARKET_CAP":121100350.068,"PE_TTM":1.333836504367,"PB_TTM":0.318081613749,"REPORT_DATE_SQ":"2020-12-31 00:00:00","REPORT_TYPE_SQ":"2020年年报","OPERATE_INCOME_SQ":43149199.52,"DPS_HKD":null,"OPERATE_INCOME_QOQ_SQ":247.924607262513,"NET_PROFIT_RATIO_SQ":-585.3495357728,"HOLDER_PROFIT_SQ":-226346453.4,"HOLDER_PROFIT_QOQ_SQ":-118.530248353483,"ROE_AVG_SQ":-83.81549278436,"PE_TTM_SQ":1.307682847419,"PB_TTM_SQ":0.311844719361,"ROA_SQ":-48.577061569599,"START_DATE":"2021-01-01 00:00:00","FISCAL_YEAR":"12-31","CURRENCY":"HKD","IS_CNY_CODE":0,"DPS_HKD_LY":null,"ORG_TYPE":"一般企业","PREMIUM_INCOME":null,"PREMIUM_INCOME_YOY":null,"NET_INTEREST_INCOME":null,"NET_INTEREST_INCOME_YOY":null,"FEE_COMMISSION_INCOME":null,"FEE_COMMISSION_INCOME_YOY":null,"ACCOUNTS_RECE_TDAYS":0.821407928615,"INVENTORY_TDAYS":5.651225911517,"CURRENT_ASSETS_TDAYS":0.310600696502,"TOTAL_ASSETS_TDAYS":0.183154818204,"PREMIUM_EXPENSE":null,"LOAN_DEPOSIT":null,"LOAN_EQUITY":null,"LOAN_ASSETS":null,"DEPOSIT_EQUITY":null,"DEPOSIT_ASSETS":null,"EQUITY_MULTIPLIER":11.428999371844,"EQUITY_RATIO":2.040382461232},{"SECUCODE":"00663.HK","SECURITY_CODE":"00663","SECURITY_NAME_ABBR":"金山能源","ORG_CODE":"10009037","STD_REPORT_DATE":"2021-06-30 00:00:00","REPORT_DATE":"2021-06-30 00:00:00","DATE_TYPE_CODE":"002","REPORT_TYPE":"2021年中报","PER_NETCASH_OPERATE":0.000251882462,"PER_OI":0.001766961776,"BPS":0.198525290251,"BASIC_EPS":0.030703752,"DILUTED_EPS":0.030703752,"OPERATE_INCOME":13985600.64,"OPERATE_INCOME_YOY":62.0048192771,"GROSS_PROFIT":7814063.28,"GROSS_PROFIT_YOY":6.294044064567,"HOLDER_PROFIT":26855382,"HOLDER_PROFIT_YOY":245.7637069822,"GROSS_PROFIT_RATIO":55.872203712518,"EPS_TTM":-0.022648695436,"OPERATE_INCOME_QOQ":10.449001812676,"NET_PROFIT_RATIO":119.2408376963,"ROE_AVG":13.339395129209,"GROSS_PROFIT_QOQ":3.776587251411,"ROA":6.686409962388,"HOLDER_PROFIT_QOQ":20.800312871171,"ROE_YEARLY":26.678790258419,"ROIC_YEARLY":11.792765216184,"TOTAL_ASSETS":415729634.16,"TOTAL_LIABILITIES":300463255.92,"TAX_EBT":0.263747200796,"OCF_SALES":14.255116611138,"TOTAL_PARENT_EQUITY":235700805.36,"DEBT_ASSET_RATIO":72.2737161923,"OPERATE_PROFIT":38442096,"PRETAX_PROFIT":16720647.6,"NETCASH_OPERATE":1993663.68,"NETCASH_INVEST":20966751.84,"NETCASH_FINANCE":2849041.92,"END_CASH":73931972.16,"DIVI_RATIO":null,"DIVIDEND_RATE":null,"CURRENT_RATIO":0.880463751921,"COMMON_ACS":null,"CURRENTDEBT_DEBT":99.127939983218,"ISSUED_COMMON_SHARES":1187258334,"HK_COMMON_SHARES":1187258334,"PER_SHARES":10000,"TOTAL_MARKET_CAP":121100350.068,"HKSK_MARKET_CAP":121100350.068,"PE_TTM":1.333836504367,"PB_TTM":0.318081613749,"REPORT_DATE_SQ":"2020-06-30 00:00:00","REPORT_TYPE_SQ":"2020年中报","OPERATE_INCOME_SQ":9476940,"DPS_HKD":null,"OPERATE_INCOME_QOQ_SQ":-23.369759011839,"NET_PROFIT_RATIO_SQ":-278.9879518072,"HOLDER_PROFIT_SQ":-20225388.48,"HOLDER_PROFIT_QOQ_SQ":-30.794311773556,"ROE_AVG_SQ":-5.020383546238,"PE_TTM_SQ":1.307682847419,"PB_TTM_SQ":0.311844719361,"ROA_SQ":-3.387460490847,"START_DATE":"2021-01-01 00:00:00","FISCAL_YEAR":"12-31","CURRENCY":"HKD","IS_CNY_CODE":0,"DPS_HKD_LY":null,"ORG_TYPE":"一般企业","PREMIUM_INCOME":null,"PREMIUM_INCOME_YOY":null,"NET_INTEREST_INCOME":null,"NET_INTEREST_INCOME_YOY":null,"FEE_COMMISSION_INCOME":null,"FEE_COMMISSION_INCOME_YOY":null,"ACCOUNTS_RECE_TDAYS":0.170189498838,"INVENTORY_TDAYS":0.408650137741,"CURRENT_ASSETS_TDAYS":0.05953232696,"TOTAL_ASSETS_TDAYS":0.034821124291,"PREMIUM_EXPENSE":null,"LOAN_DEPOSIT":null,"LOAN_EQUITY":null,"LOAN_ASSETS":null,"DEPOSIT_EQUITY":null,"DEPOSIT_ASSETS":null,"EQUITY_MULTIPLIER":3.606686012939,"EQUITY_RATIO":1.274765503924},{"SECUCODE":"00663.HK","SECURITY_CODE":"00663","SECURITY_NAME_ABBR":"金山能源","ORG_CODE":"10009037","STD_REPORT_DATE":"2020-12-31 00:00:00","REPORT_DATE":"2020-12-31 00:00:00","DATE_TYPE_CODE":"001","REPORT_TYPE":"2020年年报","PER_NETCASH_OPERATE":-0.012276997996,"PER_OI":0.005918912293,"BPS":0.142231022082,"BASIC_EPS":-0.3114068,"DILUTED_EPS":-0.3114068,"OPERATE_INCOME":43149199.52,"OPERATE_INCOME_YOY":183.7659821775,"GROSS_PROFIT":12251753.48,"GROSS_PROFIT_YOY":48.535949691632,"HOLDER_PROFIT":-226346453.4,"HOLDER_PROFIT_YOY":-204.2113479028,"GROSS_PROFIT_RATIO":28.393929936803,"EPS_TTM":-0.031048659546,"OPERATE_INCOME_QOQ":247.924607262513,"NET_PROFIT_RATIO":-585.3495357728,"ROE_AVG":-83.81549278436,"GROSS_PROFIT_QOQ":14.183193864001,"ROA":-48.577061569599,"HOLDER_PROFIT_QOQ":-118.530248353483,"ROE_YEARLY":-83.81549278436,"ROIC_YEARLY":-47.390178875084,"TOTAL_ASSETS":392005612.96,"TOTAL_LIABILITIES":333263349.16,"TAX_EBT":-0.299799465241,"OCF_SALES":-207.419833034251,"TOTAL_PARENT_EQUITY":168864966.32,"DEBT_ASSET_RATIO":85.0149431901,"OPERATE_PROFIT":-200488747.68,"PRETAX_PROFIT":-251818688,"NETCASH_OPERATE":-89499997.6,"NETCASH_INVEST":-1435837.84,"NETCASH_FINANCE":21253934.92,"END_CASH":48294986.48,"DIVI_RATIO":null,"DIVIDEND_RATE":null,"CURRENT_RATIO":0.635163000036,"COMMON_ACS":null,"CURRENTDEBT_DEBT":99.205240814306,"ISSUED_COMMON_SHARES":1187258334,"HK_COMMON_SHARES":1187258334,"PER_SHARES":10000,"TOTAL_MARKET_CAP":121100350.068,"HKSK_MARKET_CAP":121100350.068,"PE_TTM":1.333836504367,"PB_TTM":0.318081613749,"REPORT_DATE_SQ":"2019-12-31 00:00:00","REPORT_TYPE_SQ":"2019年年报","OPERATE_INCOME_SQ":16184057.26,"DPS_HKD":null,"OPERATE_INCOME_QOQ_SQ":-36.379107753149,"NET_PROFIT_RATIO_SQ":-801.9593734433,"HOLDER_PROFIT_SQ":-79190535.12,"HOLDER_PROFIT_QOQ_SQ":16.371198585798,"ROE_AVG_SQ":-18.177238562377,"PE_TTM_SQ":1.307682847419,"PB_TTM_SQ":0.311844719361,"ROA_SQ":-12.664086690633,"START_DATE":"2020-01-01 00:00:00","FISCAL_YEAR":"12-31","CURRENCY":"HKD","IS_CNY_CODE":0,"DPS_HKD_LY":null,"ORG_TYPE":"一般企业","PREMIUM_INCOME":null,"PREMIUM_INCOME_YOY":null,"NET_INTEREST_INCOME":null,"NET_INTEREST_INCOME_YOY":null,"FEE_COMMISSION_INCOME":null,"FEE_COMMISSION_INCOME_YOY":null,"ACCOUNTS_RECE_TDAYS":0.391777472108,"INVENTORY_TDAYS":6.565501207189,"CURRENT_ASSETS_TDAYS":0.184548375195,"TOTAL_ASSETS_TDAYS":0.092604115959,"PREMIUM_EXPENSE":null,"LOAN_DEPOSIT":null,"LOAN_EQUITY":null,"LOAN_ASSETS":null,"DEPOSIT_EQUITY":null,"DEPOSIT_ASSETS":null,"EQUITY_MULTIPLIER":6.673314707351,"EQUITY_RATIO":1.973549377486},{"SECUCODE":"00663.HK","SECURITY_CODE":"00663","SECURITY_NAME_ABBR":"金山能源","ORG_CODE":"10009037","STD_REPORT_DATE":"2020-06-30 00:00:00","REPORT_DATE":"2020-06-30 00:00:00","DATE_TYPE_CODE":"002","REPORT_TYPE":"2020年中报","PER_NETCASH_OPERATE":-0.00392325128,"PER_OI":0.00129998186,"BPS":0.339284894874,"BASIC_EPS":-0.002831664,"DILUTED_EPS":-0.002831664,"OPERATE_INCOME":9476940,"OPERATE_INCOME_YOY":-31.1683142042,"GROSS_PROFIT":7351365.12,"GROSS_PROFIT_YOY":50.958324807312,"HOLDER_PROFIT":-20225388.48,"HOLDER_PROFIT_YOY":-568.1183932347,"GROSS_PROFIT_RATIO":77.571084337349,"EPS_TTM":-0.014207945939,"OPERATE_INCOME_QOQ":-23.369759011839,"NET_PROFIT_RATIO":-278.9879518072,"ROE_AVG":-5.020383546238,"GROSS_PROFIT_QOQ":30.085649792339,"ROA":-3.387460490847,"HOLDER_PROFIT_QOQ":-30.794311773556,"ROE_YEARLY":-10.040767092477,"ROIC_YEARLY":-7.071890258265,"TOTAL_ASSETS":608172919.2,"TOTAL_LIABILITIES":294156910.08,"TAX_EBT":-3.686058174524,"OCF_SALES":-301.792771084337,"TOTAL_PARENT_EQUITY":402818819.04,"DEBT_ASSET_RATIO":48.3673147543,"OPERATE_PROFIT":-8030964.48,"PRETAX_PROFIT":-25499591.04,"NETCASH_OPERATE":-28600719.84,"NETCASH_INVEST":-423836.16,"NETCASH_FINANCE":1911829.92,"END_CASH":97176314.4,"DIVI_RATIO":null,"DIVIDEND_RATE":null,"CURRENT_RATIO":0.966985794572,"COMMON_ACS":null,"CURRENTDEBT_DEBT":98.959420181845,"ISSUED_COMMON_SHARES":1187258334,"HK_COMMON_SHARES":1187258334,"PER_SHARES":10000,"TOTAL_MARKET_CAP":121100350.068,"HKSK_MARKET_CAP":121100350.068,"PE_TTM":1.333836504367,"PB_TTM":0.318081613749,"REPORT_DATE_SQ":"2019-06-30 00:00:00","REPORT_TYPE_SQ":"2019年中报","OPERATE_INCOME_SQ":13259115.18,"DPS_HKD":null,"OPERATE_INCOME_QOQ_SQ":23.264542982718,"NET_PROFIT_RATIO_SQ":-64.9704770119,"HOLDER_PROFIT_SQ":4160791.8,"HOLDER_PROFIT_QOQ_SQ":24.587433491082,"ROE_AVG_SQ":0.88582502053,"PE_TTM_SQ":1.307682847419,"PB_TTM_SQ":0.311844719361,"ROA_SQ":0.624060775339,"START_DATE":"2020-01-01 00:00:00","FISCAL_YEAR":"12-31","CURRENCY":"HKD","IS_CNY_CODE":0,"DPS_HKD_LY":null,"ORG_TYPE":"一般企业","PREMIUM_INCOME":null,"PREMIUM_INCOME_YOY":null,"NET_INTEREST_INCOME":null,"NET_INTEREST_INCOME_YOY":null,"FEE_COMMISSION_INCOME":null,"FEE_COMMISSION_INCOME_YOY":null,"ACCOUNTS_RECE_TDAYS":0.060890438294,"INVENTORY_TDAYS":5.097480832421,"CURRENT_ASSETS_TDAYS":0.033780538828,"TOTAL_ASSETS_TDAYS":0.015872505913,"PREMIUM_EXPENSE":null,"LOAN_DEPOSIT":null,"LOAN_EQUITY":null,"LOAN_ASSETS":null,"DEPOSIT_EQUITY":null,"DEPOSIT_ASSETS":null,"EQUITY_MULTIPLIER":1.93675768603,"EQUITY_RATIO":0.730246195501},{"SECUCODE":"00663.HK","SECURITY_CODE":"00663","SECURITY_NAME_ABBR":"金山能源","ORG_CODE":"10009037","STD_REPORT_DATE":"2019-12-31 00:00:00","REPORT_DATE":"2019-12-31 00:00:00","DATE_TYPE_CODE":"001","REPORT_TYPE":"2019年年报","PER_NETCASH_OPERATE":-0.004438740004,"PER_OI":0.002308691722,"BPS":0.332802285926,"BASIC_EPS":-0.01164514,"DILUTED_EPS":-0.01164514,"OPERATE_INCOME":16184057.26,"OPERATE_INCOME_YOY":-23.29214962,"GROSS_PROFIT":8248342.24,"GROSS_PROFIT_YOY":-25.435512575681,"HOLDER_PROFIT":-79190535.12,"HOLDER_PROFIT_YOY":38.3118876825,"GROSS_PROFIT_RATIO":50.965849338573,"EPS_TTM":-0.011296705761,"OPERATE_INCOME_QOQ":-36.379107753149,"NET_PROFIT_RATIO":-801.9593734433,"ROE_AVG":-18.177238562377,"GROSS_PROFIT_QOQ":-22.897254096651,"ROA":-12.664086690633,"HOLDER_PROFIT_QOQ":16.371198585798,"ROE_YEARLY":-18.177238562377,"ROIC_YEARLY":-14.714601250685,"TOTAL_ASSETS":574631224.86,"TOTAL_LIABILITIES":263486520.76,"TAX_EBT":0.948878163497,"OCF_SALES":-192.262135384956,"TOTAL_PARENT_EQUITY":395122287.54,"DEBT_ASSET_RATIO":45.8531505705,"OPERATE_PROFIT":-73051754.78,"PRETAX_PROFIT":-131032906.84,"NETCASH_OPERATE":-31115814.08,"NETCASH_INVEST":-2249303.58,"NETCASH_FINANCE":-10171581.9,"END_CASH":124941602.84,"DIVI_RATIO":null,"DIVIDEND_RATE":null,"CURRENT_RATIO":1.048510466299,"COMMON_ACS":null,"CURRENTDEBT_DEBT":99.250362070021,"ISSUED_COMMON_SHARES":1187258334,"HK_COMMON_SHARES":1187258334,"PER_SHARES":10000,"TOTAL_MARKET_CAP":121100350.068,"HKSK_MARKET_CAP":121100350.068,"PE_TTM":1.333836504367,"PB_TTM":0.318081613749,"REPORT_DATE_SQ":"2018-12-31 00:00:00","REPORT_TYPE_SQ":"2018年年报","OPERATE_INCOME_SQ":20637138.6,"DPS_HKD":null,"OPERATE_INCOME_QOQ_SQ":31.219754898481,"NET_PROFIT_RATIO_SQ":-888.0397401605,"HOLDER_PROFIT_SQ":-125566469.6,"HOLDER_PROFIT_QOQ_SQ":-133.880553357778,"ROE_AVG_SQ":-23.525935362284,"PE_TTM_SQ":1.307682847419,"PB_TTM_SQ":0.311844719361,"ROA_SQ":-16.80330559907,"START_DATE":"2019-01-01 00:00:00","FISCAL_YEAR":"12-31","CURRENCY":"HKD","IS_CNY_CODE":0,"DPS_HKD_LY":null,"ORG_TYPE":"一般企业","PREMIUM_INCOME":null,"PREMIUM_INCOME_YOY":null,"NET_INTEREST_INCOME":null,"NET_INTEREST_INCOME_YOY":null,"FEE_COMMISSION_INCOME":null,"FEE_COMMISSION_INCOME_YOY":null,"ACCOUNTS_RECE_TDAYS":0.108440496376,"INVENTORY_TDAYS":29.285950413223,"CURRENT_ASSETS_TDAYS":0.050241656053,"TOTAL_ASSETS_TDAYS":0.025881414217,"PREMIUM_EXPENSE":null,"LOAN_DEPOSIT":null,"LOAN_EQUITY":null,"LOAN_ASSETS":null,"DEPOSIT_EQUITY":null,"DEPOSIT_ASSETS":null,"EQUITY_MULTIPLIER":1.846829521082,"EQUITY_RATIO":0.666848034315},{"SECUCODE":"00663.HK","SECURITY_CODE":"00663","SECURITY_NAME_ABBR":"金山能源","ORG_CODE":"10009037","STD_REPORT_DATE":"2019-06-30 00:00:00","REPORT_DATE":"2019-06-30 00:00:00","DATE_TYPE_CODE":"002","REPORT_TYPE":"2019年中报","PER_NETCASH_OPERATE":0.003710730337,"PER_OI":0.001891442236,"BPS":0.397379772025,"BASIC_EPS":0.000615762,"DILUTED_EPS":0.000615762,"OPERATE_INCOME":13259115.18,"OPERATE_INCOME_YOY":50.2492025518,"GROSS_PROFIT":4869797.76,"GROSS_PROFIT_YOY":-6.957766318948,"HOLDER_PROFIT":4160791.8,"HOLDER_PROFIT_YOY":114.9286706224,"GROSS_PROFIT_RATIO":36.7279241027,"EPS_TTM":-0.01350815218,"OPERATE_INCOME_QOQ":23.264542982718,"NET_PROFIT_RATIO":-64.9704770119,"ROE_AVG":0.88582502053,"GROSS_PROFIT_QOQ":-3.29204679975,"ROA":0.624060775339,"HOLDER_PROFIT_QOQ":24.587433491082,"ROE_YEARLY":1.771650041061,"ROIC_YEARLY":1.575866914208,"TOTAL_ASSETS":669621822.48,"TOTAL_LIABILITIES":244835767.8,"TAX_EBT":-2.943340691685,"OCF_SALES":196.185231871558,"TOTAL_PARENT_EQUITY":471792446.1,"DEBT_ASSET_RATIO":36.5632898422,"OPERATE_PROFIT":15056260.56,"PRETAX_PROFIT":-8368205.58,"NETCASH_OPERATE":26012425.86,"NETCASH_INVEST":2170121.22,"NETCASH_FINANCE":null,"END_CASH":193420520.46,"DIVI_RATIO":null,"DIVIDEND_RATE":null,"CURRENT_RATIO":1.525759001391,"COMMON_ACS":null,"CURRENTDEBT_DEBT":98.898070635577,"ISSUED_COMMON_SHARES":1187258334,"HK_COMMON_SHARES":1187258334,"PER_SHARES":10000,"TOTAL_MARKET_CAP":121100350.068,"HKSK_MARKET_CAP":121100350.068,"PE_TTM":1.333836504367,"PB_TTM":0.318081613749,"REPORT_DATE_SQ":"2018-06-30 00:00:00","REPORT_TYPE_SQ":"2018年中报","OPERATE_INCOME_SQ":8457979.2,"DPS_HKD":null,"OPERATE_INCOME_QOQ_SQ":0.332848817803,"NET_PROFIT_RATIO_SQ":-461.1144338118,"HOLDER_PROFIT_SQ":-26712780.4,"HOLDER_PROFIT_QOQ_SQ":-6.636820422282,"ROE_AVG_SQ":-4.730469680219,"PE_TTM_SQ":1.307682847419,"PB_TTM_SQ":0.311844719361,"ROA_SQ":-3.374395004651,"START_DATE":"2019-01-01 00:00:00","FISCAL_YEAR":"12-31","CURRENCY":"HKD","IS_CNY_CODE":0,"DPS_HKD_LY":null,"ORG_TYPE":"一般企业","PREMIUM_INCOME":null,"PREMIUM_INCOME_YOY":null,"NET_INTEREST_INCOME":null,"NET_INTEREST_INCOME_YOY":null,"FEE_COMMISSION_INCOME":null,"FEE_COMMISSION_INCOME_YOY":null,"ACCOUNTS_RECE_TDAYS":0.08182020508,"INVENTORY_TDAYS":61.928571428571,"CURRENT_ASSETS_TDAYS":0.036185766244,"TOTAL_ASSETS_TDAYS":0.019886824665,"PREMIUM_EXPENSE":null,"LOAN_DEPOSIT":null,"LOAN_EQUITY":null,"LOAN_ASSETS":null,"DEPOSIT_EQUITY":null,"DEPOSIT_ASSETS":null,"EQUITY_MULTIPLIER":1.576374306789,"EQUITY_RATIO":0.518948045531}],"count":46},"success":true,"message":"ok","code":0}