{"version":"df576b8a774a1942220e7f86f97b15bd","result":{"pages":6,"data":[{"SECUCODE":"00668.HK","SECURITY_CODE":"00668","SECURITY_NAME_ABBR":"东银国际控股","ORG_CODE":"10009040","STD_REPORT_DATE":"2024-06-30 00:00:00","REPORT_DATE":"2024-06-30 00:00:00","DATE_TYPE_CODE":"002","REPORT_TYPE":"2024年中报","PER_NETCASH_OPERATE":-0.00033812553,"PER_OI":0.026899605196,"BPS":0.528592644014,"BASIC_EPS":0.007666512,"DILUTED_EPS":0.007666512,"OPERATE_INCOME":34271134,"OPERATE_INCOME_YOY":7.0624126821,"GROSS_PROFIT":32558033.64,"GROSS_PROFIT_YOY":5.962812588851,"HOLDER_PROFIT":9763850.64,"HOLDER_PROFIT_YOY":53.2664756447,"GROSS_PROFIT_RATIO":95.001331557923,"EPS_TTM":0.012062797597,"OPERATE_INCOME_QOQ":2.941120200549,"NET_PROFIT_RATIO":39.7816245007,"ROE_AVG":1.425331001749,"GROSS_PROFIT_QOQ":3.043575686326,"ROA":1.074774594209,"HOLDER_PROFIT_QOQ":27.64468007218,"ROE_YEARLY":2.850662003497,"ROIC_YEARLY":3.212482376841,"TOTAL_ASSETS":901884820.96,"TOTAL_LIABILITIES":63762562.84,"TAX_EBT":30.108080288214,"OCF_SALES":-1.256990679095,"TOTAL_PARENT_EQUITY":673447405.72,"DEBT_ASSET_RATIO":7.0699230498,"OPERATE_PROFIT":18460778.36,"PRETAX_PROFIT":19506709.64,"NETCASH_OPERATE":-430784.96,"NETCASH_INVEST":16219236.28,"NETCASH_FINANCE":-7921149.72,"END_CASH":131506235.84,"DIVI_RATIO":null,"DIVIDEND_RATE":null,"CURRENT_RATIO":10.387263953326,"COMMON_ACS":null,"CURRENTDEBT_DEBT":92.247684754448,"ISSUED_COMMON_SHARES":1274038550,"HK_COMMON_SHARES":1274038550,"PER_SHARES":2000,"TOTAL_MARKET_CAP":439543299.75,"HKSK_MARKET_CAP":439543299.75,"PE_TTM":25.84940600741,"PB_TTM":0.59568479351,"REPORT_DATE_SQ":"2023-06-30 00:00:00","REPORT_TYPE_SQ":"2023年中报","OPERATE_INCOME_SQ":32336604.54,"DPS_HKD":null,"OPERATE_INCOME_QOQ_SQ":-20.464601771576,"NET_PROFIT_RATIO_SQ":30.4194109429,"HOLDER_PROFIT_SQ":6435420.4,"HOLDER_PROFIT_QOQ_SQ":-4.55473525555,"ROE_AVG_SQ":0.934998201669,"PE_TTM_SQ":-13.022656697528,"PB_TTM_SQ":0.333786943577,"ROA_SQ":0.71090035326,"START_DATE":"2024-01-01 00:00:00","FISCAL_YEAR":"12-31","CURRENCY":"HKD","IS_CNY_CODE":0,"DPS_HKD_LY":null,"ORG_TYPE":"一般企业","PREMIUM_INCOME":null,"PREMIUM_INCOME_YOY":null,"NET_INTEREST_INCOME":null,"NET_INTEREST_INCOME_YOY":null,"FEE_COMMISSION_INCOME":null,"FEE_COMMISSION_INCOME_YOY":null,"ACCOUNTS_RECE_TDAYS":5.194356065846,"INVENTORY_TDAYS":null,"CURRENT_ASSETS_TDAYS":0.055731721888,"TOTAL_ASSETS_TDAYS":0.03772460835,"PREMIUM_EXPENSE":null,"LOAN_DEPOSIT":null,"LOAN_EQUITY":null,"LOAN_ASSETS":null,"DEPOSIT_EQUITY":null,"DEPOSIT_ASSETS":null,"EQUITY_MULTIPLIER":1.076077877925,"EQUITY_RATIO":0.094680835205},{"SECUCODE":"00668.HK","SECURITY_CODE":"00668","SECURITY_NAME_ABBR":"东银国际控股","ORG_CODE":"10009040","STD_REPORT_DATE":"2023-12-31 00:00:00","REPORT_DATE":"2023-12-31 00:00:00","DATE_TYPE_CODE":"001","REPORT_TYPE":"2023年年报","PER_NETCASH_OPERATE":0.026881342201,"PER_OI":0.051627370333,"BPS":0.542894710776,"BASIC_EPS":0.009424688,"DILUTED_EPS":0.009424688,"OPERATE_INCOME":65775260.04,"OPERATE_INCOME_YOY":-32.2423450336,"GROSS_PROFIT":60196569.72,"GROSS_PROFIT_YOY":-2.907491443232,"HOLDER_PROFIT":12040038.92,"HOLDER_PROFIT_YOY":176.7222960097,"GROSS_PROFIT_RATIO":91.518558320245,"EPS_TTM":0.009450294043,"OPERATE_INCOME_QOQ":-13.573126798478,"NET_PROFIT_RATIO":27.4048662203,"ROE_AVG":1.739842136106,"GROSS_PROFIT_QOQ":2.472499302863,"ROA":1.323898835236,"HOLDER_PROFIT_QOQ":174.443841963778,"ROE_YEARLY":1.739842136106,"ROIC_YEARLY":1.969641488483,"TOTAL_ASSETS":908549891.62,"TOTAL_LIABILITIES":58634246.44,"TAX_EBT":48.344456852001,"OCF_SALES":52.068005841669,"TOTAL_PARENT_EQUITY":691668790.12,"DEBT_ASSET_RATIO":6.4536077744,"OPERATE_PROFIT":33763944.76,"PRETAX_PROFIT":34895813.54,"NETCASH_OPERATE":34247866.24,"NETCASH_INVEST":-16652698.72,"NETCASH_FINANCE":-5247920.02,"END_CASH":144585588.56,"DIVI_RATIO":null,"DIVIDEND_RATE":null,"CURRENT_RATIO":11.436987687637,"COMMON_ACS":null,"CURRENTDEBT_DEBT":91.635498129888,"ISSUED_COMMON_SHARES":1274038550,"HK_COMMON_SHARES":1274038550,"PER_SHARES":2000,"TOTAL_MARKET_CAP":433173107,"HKSK_MARKET_CAP":433173107,"PE_TTM":25.474776934839,"PB_TTM":0.58705168056,"REPORT_DATE_SQ":"2022-12-31 00:00:00","REPORT_TYPE_SQ":"2022年年报","OPERATE_INCOME_SQ":95687082.4,"DPS_HKD":null,"OPERATE_INCOME_QOQ_SQ":-9.008685078964,"NET_PROFIT_RATIO_SQ":-17.2694174757,"HOLDER_PROFIT_SQ":-15468756.59,"HOLDER_PROFIT_QOQ_SQ":-144.04077404744,"ROE_AVG_SQ":-2.179753854094,"PE_TTM_SQ":-17.045362169539,"PB_TTM_SQ":0.436893905206,"ROA_SQ":-1.655476878102,"START_DATE":"2023-01-01 00:00:00","FISCAL_YEAR":"12-31","CURRENCY":"HKD","IS_CNY_CODE":0,"DPS_HKD_LY":null,"ORG_TYPE":"一般企业","PREMIUM_INCOME":null,"PREMIUM_INCOME_YOY":null,"NET_INTEREST_INCOME":null,"NET_INTEREST_INCOME_YOY":null,"FEE_COMMISSION_INCOME":null,"FEE_COMMISSION_INCOME_YOY":null,"ACCOUNTS_RECE_TDAYS":6.727095787571,"INVENTORY_TDAYS":null,"CURRENT_ASSETS_TDAYS":0.106276557426,"TOTAL_ASSETS_TDAYS":0.07232517331,"PREMIUM_EXPENSE":null,"LOAN_DEPOSIT":null,"LOAN_EQUITY":null,"LOAN_ASSETS":null,"DEPOSIT_EQUITY":null,"DEPOSIT_ASSETS":null,"EQUITY_MULTIPLIER":1.068988312867,"EQUITY_RATIO":0.084772144237},{"SECUCODE":"00668.HK","SECURITY_CODE":"00668","SECURITY_NAME_ABBR":"东银国际控股","ORG_CODE":"10009040","STD_REPORT_DATE":"2023-06-30 00:00:00","REPORT_DATE":"2023-06-30 00:00:00","DATE_TYPE_CODE":"002","REPORT_TYPE":"2023年中报","PER_NETCASH_OPERATE":-0.020858985405,"PER_OI":0.025381182179,"BPS":0.527576597553,"BASIC_EPS":0.00507089,"DILUTED_EPS":0.00507089,"OPERATE_INCOME":32336604.54,"OPERATE_INCOME_YOY":-42.2286279031,"GROSS_PROFIT":30725905.48,"GROSS_PROFIT_YOY":-9.579093017569,"HOLDER_PROFIT":6435420.4,"HOLDER_PROFIT_YOY":-16.3971733142,"GROSS_PROFIT_RATIO":95.01896045391,"EPS_TTM":-0.012694527571,"OPERATE_INCOME_QOQ":-20.464601771576,"NET_PROFIT_RATIO":30.4194109429,"ROE_AVG":0.934998201669,"GROSS_PROFIT_QOQ":-5.250180080213,"ROA":0.71090035326,"HOLDER_PROFIT_QOQ":-4.55473525555,"ROE_YEARLY":1.869996403338,"ROIC_YEARLY":2.030854144375,"TOTAL_ASSETS":884341088.48,"TOTAL_LIABILITIES":55437735.42,"TAX_EBT":40.001124732876,"OCF_SALES":-82.182875716363,"TOTAL_PARENT_EQUITY":672152923.36,"DEBT_ASSET_RATIO":6.2688182357,"OPERATE_PROFIT":15575008.14,"PRETAX_PROFIT":16394648.36,"NETCASH_OPERATE":-26575151.52,"NETCASH_INVEST":-16766206.3,"NETCASH_FINANCE":22801487.38,"END_CASH":87632355.04,"DIVI_RATIO":null,"DIVIDEND_RATE":null,"CURRENT_RATIO":11.016126493275,"COMMON_ACS":null,"CURRENTDEBT_DEBT":95.083902942008,"ISSUED_COMMON_SHARES":1274038550,"HK_COMMON_SHARES":1274038550,"PER_SHARES":2000,"TOTAL_MARKET_CAP":433173107,"HKSK_MARKET_CAP":433173107,"PE_TTM":25.474776934839,"PB_TTM":0.58705168056,"REPORT_DATE_SQ":"2022-06-30 00:00:00","REPORT_TYPE_SQ":"2022年中报","OPERATE_INCOME_SQ":51918584.9,"DPS_HKD":null,"OPERATE_INCOME_QOQ_SQ":-8.762481187979,"NET_PROFIT_RATIO_SQ":22.2549827047,"HOLDER_PROFIT_SQ":7139981.31,"HOLDER_PROFIT_QOQ_SQ":-20.716922116862,"ROE_AVG_SQ":1.043842249668,"PE_TTM_SQ":-17.045362169539,"PB_TTM_SQ":0.436893905206,"ROA_SQ":0.787913934393,"START_DATE":"2023-01-01 00:00:00","FISCAL_YEAR":"12-31","CURRENCY":"HKD","IS_CNY_CODE":0,"DPS_HKD_LY":null,"ORG_TYPE":"一般企业","PREMIUM_INCOME":null,"PREMIUM_INCOME_YOY":null,"NET_INTEREST_INCOME":null,"NET_INTEREST_INCOME_YOY":null,"FEE_COMMISSION_INCOME":null,"FEE_COMMISSION_INCOME_YOY":null,"ACCOUNTS_RECE_TDAYS":3.351137015097,"INVENTORY_TDAYS":null,"CURRENT_ASSETS_TDAYS":0.053236331181,"TOTAL_ASSETS_TDAYS":0.035721215029,"PREMIUM_EXPENSE":null,"LOAN_DEPOSIT":null,"LOAN_EQUITY":null,"LOAN_ASSETS":null,"DEPOSIT_EQUITY":null,"DEPOSIT_ASSETS":null,"EQUITY_MULTIPLIER":1.066880819357,"EQUITY_RATIO":0.082477861054},{"SECUCODE":"00668.HK","SECURITY_CODE":"00668","SECURITY_NAME_ABBR":"东银国际控股","ORG_CODE":"10009040","STD_REPORT_DATE":"2022-12-31 00:00:00","REPORT_DATE":"2022-12-31 00:00:00","DATE_TYPE_CODE":"001","REPORT_TYPE":"2022年年报","PER_NETCASH_OPERATE":0.092999634383,"PER_OI":0.075105327386,"BPS":0.53567865127,"BASIC_EPS":-0.012148472,"DILUTED_EPS":-0.012148472,"OPERATE_INCOME":95687082.4,"OPERATE_INCOME_YOY":-24.0143572574,"GROSS_PROFIT":61999190.89,"GROSS_PROFIT_YOY":4.676384092434,"HOLDER_PROFIT":-15468756.59,"HOLDER_PROFIT_YOY":-131.9590292516,"GROSS_PROFIT_RATIO":64.793689320388,"EPS_TTM":-0.012141513763,"OPERATE_INCOME_QOQ":-9.008685078964,"NET_PROFIT_RATIO":-17.2694174757,"ROE_AVG":-2.179753854094,"GROSS_PROFIT_QOQ":1.480673415858,"ROA":-1.655476878102,"HOLDER_PROFIT_QOQ":-144.04077404744,"ROE_YEARLY":-2.179753854094,"ROIC_YEARLY":-2.263982711262,"TOTAL_ASSETS":897317406.37,"TOTAL_LIABILITIES":57149628.06,"TAX_EBT":-20.17019618033,"OCF_SALES":123.825616131441,"TOTAL_PARENT_EQUITY":682475252.13,"DEBT_ASSET_RATIO":6.3689423223,"OPERATE_PROFIT":-13889455.23,"PRETAX_PROFIT":-13750998.38,"NETCASH_OPERATE":118485119.34,"NETCASH_INVEST":-208131.91,"NETCASH_FINANCE":-7040754.14,"END_CASH":131595643.13,"DIVI_RATIO":null,"DIVIDEND_RATE":null,"CURRENT_RATIO":11.476681517078,"COMMON_ACS":null,"CURRENTDEBT_DEBT":93.674388070899,"ISSUED_COMMON_SHARES":1274038550,"HK_COMMON_SHARES":1274038550,"PER_SHARES":2000,"TOTAL_MARKET_CAP":433173107,"HKSK_MARKET_CAP":433173107,"PE_TTM":25.474776934839,"PB_TTM":0.58705168056,"REPORT_DATE_SQ":"2021-12-31 00:00:00","REPORT_TYPE_SQ":"2021年年报","OPERATE_INCOME_SQ":115260342.4,"DPS_HKD":null,"OPERATE_INCOME_QOQ_SQ":-14.56210037036,"NET_PROFIT_RATIO_SQ":48.9267524508,"HOLDER_PROFIT_SQ":44301656,"HOLDER_PROFIT_QOQ_SQ":-50.934480769502,"ROE_AVG_SQ":6.866731424436,"PE_TTM_SQ":-17.045362169539,"PB_TTM_SQ":0.436893905206,"ROA_SQ":5.120020712532,"START_DATE":"2022-01-01 00:00:00","FISCAL_YEAR":"12-31","CURRENCY":"HKD","IS_CNY_CODE":0,"DPS_HKD_LY":null,"ORG_TYPE":"一般企业","PREMIUM_INCOME":null,"PREMIUM_INCOME_YOY":null,"NET_INTEREST_INCOME":null,"NET_INTEREST_INCOME_YOY":null,"FEE_COMMISSION_INCOME":null,"FEE_COMMISSION_INCOME_YOY":null,"ACCOUNTS_RECE_TDAYS":9.713456655785,"INVENTORY_TDAYS":null,"CURRENT_ASSETS_TDAYS":0.151866575176,"TOTAL_ASSETS_TDAYS":0.102404968056,"PREMIUM_EXPENSE":null,"LOAN_DEPOSIT":null,"LOAN_EQUITY":null,"LOAN_ASSETS":null,"DEPOSIT_EQUITY":null,"DEPOSIT_ASSETS":null,"EQUITY_MULTIPLIER":1.068021685115,"EQUITY_RATIO":0.083738755188},{"SECUCODE":"00668.HK","SECURITY_CODE":"00668","SECURITY_NAME_ABBR":"东银国际控股","ORG_CODE":"10009040","STD_REPORT_DATE":"2022-06-30 00:00:00","REPORT_DATE":"2022-06-30 00:00:00","DATE_TYPE_CODE":"002","REPORT_TYPE":"2022年中报","PER_NETCASH_OPERATE":0.028645984409,"PER_OI":0.040751188337,"BPS":0.52007336457,"BASIC_EPS":0.005644254,"DILUTED_EPS":0.005644254,"OPERATE_INCOME":51918584.9,"OPERATE_INCOME_YOY":-18.5472401857,"GROSS_PROFIT":33980974.65,"GROSS_PROFIT_YOY":5.807681479374,"HOLDER_PROFIT":7139981.31,"HOLDER_PROFIT_YOY":-57.4269542604,"GROSS_PROFIT_RATIO":65.450502388404,"EPS_TTM":0.027568801925,"OPERATE_INCOME_QOQ":-8.762481187979,"NET_PROFIT_RATIO":22.2549827047,"ROE_AVG":1.043842249668,"GROSS_PROFIT_QOQ":3.149083041143,"ROA":0.787913934393,"HOLDER_PROFIT_QOQ":-20.716922116862,"ROE_YEARLY":2.087684499336,"ROIC_YEARLY":2.04079512546,"TOTAL_ASSETS":882309785.28,"TOTAL_LIABILITIES":64708806.54,"TAX_EBT":36.888079222721,"OCF_SALES":70.294844341954,"TOTAL_PARENT_EQUITY":662593515.29,"DEBT_ASSET_RATIO":7.3340234484,"OPERATE_PROFIT":18353232.59,"PRETAX_PROFIT":18307907.52,"NETCASH_OPERATE":36496088.44,"NETCASH_INVEST":2353482.88,"NETCASH_FINANCE":3255708.33,"END_CASH":53996696.6,"DIVI_RATIO":null,"DIVIDEND_RATE":null,"CURRENT_RATIO":9.745184377734,"COMMON_ACS":null,"CURRENTDEBT_DEBT":92.143102582402,"ISSUED_COMMON_SHARES":1274038550,"HK_COMMON_SHARES":1274038550,"PER_SHARES":2000,"TOTAL_MARKET_CAP":433173107,"HKSK_MARKET_CAP":433173107,"PE_TTM":25.474776934839,"PB_TTM":0.58705168056,"REPORT_DATE_SQ":"2021-06-30 00:00:00","REPORT_TYPE_SQ":"2021年中报","OPERATE_INCOME_SQ":62018250.72,"DPS_HKD":null,"OPERATE_INCOME_QOQ_SQ":54.481755812093,"NET_PROFIT_RATIO_SQ":35.7045106931,"HOLDER_PROFIT_SQ":16317920.88,"HOLDER_PROFIT_QOQ_SQ":-6.348547471388,"ROE_AVG_SQ":2.553866449102,"PE_TTM_SQ":-17.045362169539,"PB_TTM_SQ":0.436893905206,"ROA_SQ":1.91054599763,"START_DATE":"2022-01-01 00:00:00","FISCAL_YEAR":"12-31","CURRENCY":"HKD","IS_CNY_CODE":0,"DPS_HKD_LY":null,"ORG_TYPE":"一般企业","PREMIUM_INCOME":null,"PREMIUM_INCOME_YOY":null,"NET_INTEREST_INCOME":null,"NET_INTEREST_INCOME_YOY":null,"FEE_COMMISSION_INCOME":null,"FEE_COMMISSION_INCOME_YOY":null,"ACCOUNTS_RECE_TDAYS":4.197752808989,"INVENTORY_TDAYS":null,"CURRENT_ASSETS_TDAYS":0.086583420509,"TOTAL_ASSETS_TDAYS":0.057293394367,"PREMIUM_EXPENSE":null,"LOAN_DEPOSIT":null,"LOAN_EQUITY":null,"LOAN_ASSETS":null,"DEPOSIT_EQUITY":null,"DEPOSIT_ASSETS":null,"EQUITY_MULTIPLIER":1.079144727346,"EQUITY_RATIO":0.097659885053},{"SECUCODE":"00668.HK","SECURITY_CODE":"00668","SECURITY_NAME_ABBR":"东银国际控股","ORG_CODE":"10009040","STD_REPORT_DATE":"2021-12-31 00:00:00","REPORT_DATE":"2021-12-31 00:00:00","DATE_TYPE_CODE":"001","REPORT_TYPE":"2021年年报","PER_NETCASH_OPERATE":-0.067903668378,"PER_OI":0.090468488885,"BPS":0.529354953663,"BASIC_EPS":0.034748,"DILUTED_EPS":0.034748,"OPERATE_INCOME":115260342.4,"OPERATE_INCOME_YOY":35.866768184,"GROSS_PROFIT":59229396.8,"GROSS_PROFIT_YOY":-0.771576515988,"HOLDER_PROFIT":44301656,"HOLDER_PROFIT_YOY":-52.6983378728,"GROSS_PROFIT_RATIO":51.387489891753,"EPS_TTM":0.034772618144,"OPERATE_INCOME_QOQ":-14.56210037036,"NET_PROFIT_RATIO":48.9267524508,"ROE_AVG":6.866731424436,"GROSS_PROFIT_QOQ":-28.800069108513,"ROA":5.120020712532,"HOLDER_PROFIT_QOQ":-50.934480769502,"ROE_YEARLY":6.866731424436,"ROIC_YEARLY":6.9704721358,"TOTAL_ASSETS":889184968,"TOTAL_LIABILITIES":52679603.2,"TAX_EBT":17.248743266428,"OCF_SALES":-75.057812078823,"TOTAL_PARENT_EQUITY":674418617.6,"DEBT_ASSET_RATIO":5.9244819802,"OPERATE_PROFIT":67846083.2,"PRETAX_PROFIT":68147777.6,"NETCASH_OPERATE":-86511891.2,"NETCASH_INVEST":2268022.4,"NETCASH_FINANCE":-2845248,"END_CASH":32870790.4,"DIVI_RATIO":null,"DIVIDEND_RATE":null,"CURRENT_RATIO":11.99779264103,"COMMON_ACS":null,"CURRENTDEBT_DEBT":93.514092376459,"ISSUED_COMMON_SHARES":1274038550,"HK_COMMON_SHARES":1274038550,"PER_SHARES":2000,"TOTAL_MARKET_CAP":433173107,"HKSK_MARKET_CAP":433173107,"PE_TTM":25.474776934839,"PB_TTM":0.58705168056,"REPORT_DATE_SQ":"2020-12-31 00:00:00","REPORT_TYPE_SQ":"2020年年报","OPERATE_INCOME_SQ":87327724.76,"DPS_HKD":null,"OPERATE_INCOME_QOQ_SQ":194.499616417155,"NET_PROFIT_RATIO_SQ":118.7164486936,"HOLDER_PROFIT_SQ":96411545.28,"HOLDER_PROFIT_QOQ_SQ":238.067665811717,"ROE_AVG_SQ":16.861007668644,"PE_TTM_SQ":-17.045362169539,"PB_TTM_SQ":0.436893905206,"ROA_SQ":11.153063509527,"START_DATE":"2021-01-01 00:00:00","FISCAL_YEAR":"12-31","CURRENCY":"HKD","IS_CNY_CODE":0,"DPS_HKD_LY":null,"ORG_TYPE":"一般企业","PREMIUM_INCOME":null,"PREMIUM_INCOME_YOY":null,"NET_INTEREST_INCOME":null,"NET_INTEREST_INCOME_YOY":null,"FEE_COMMISSION_INCOME":null,"FEE_COMMISSION_INCOME_YOY":null,"ACCOUNTS_RECE_TDAYS":17.10330603579,"INVENTORY_TDAYS":null,"CURRENT_ASSETS_TDAYS":0.202152098037,"TOTAL_ASSETS_TDAYS":0.1332084156,"PREMIUM_EXPENSE":null,"LOAN_DEPOSIT":null,"LOAN_EQUITY":null,"LOAN_ASSETS":null,"DEPOSIT_EQUITY":null,"DEPOSIT_ASSETS":null,"EQUITY_MULTIPLIER":1.062975810337,"EQUITY_RATIO":0.07811113428},{"SECUCODE":"00668.HK","SECURITY_CODE":"00668","SECURITY_NAME_ABBR":"东银国际控股","ORG_CODE":"10009040","STD_REPORT_DATE":"2021-06-30 00:00:00","REPORT_DATE":"2021-06-30 00:00:00","DATE_TYPE_CODE":"002","REPORT_TYPE":"2021年中报","PER_NETCASH_OPERATE":-0.01003168138,"PER_OI":0.048678472657,"BPS":0.51103840624,"BASIC_EPS":0.012814032,"DILUTED_EPS":0.012814032,"OPERATE_INCOME":62018250.72,"OPERATE_INCOME_YOY":371.4656208489,"GROSS_PROFIT":32115791.76,"GROSS_PROFIT_YOY":272.646205291564,"HOLDER_PROFIT":16317920.88,"HOLDER_PROFIT_YOY":-20.1669041319,"GROSS_PROFIT_RATIO":51.784420532911,"EPS_TTM":0.070869764938,"OPERATE_INCOME_QOQ":54.481755812093,"NET_PROFIT_RATIO":35.7045106931,"ROE_AVG":2.553866449102,"GROSS_PROFIT_QOQ":39.365898592292,"ROA":1.91054599763,"HOLDER_PROFIT_QOQ":-6.348547471388,"ROE_YEARLY":5.107732898204,"ROIC_YEARLY":5.232572100953,"TOTAL_ASSETS":851952566.64,"TOTAL_LIABILITIES":45413262.24,"TAX_EBT":10.403339842435,"OCF_SALES":-20.608044650763,"TOTAL_PARENT_EQUITY":651082630.08,"DEBT_ASSET_RATIO":5.3304918628,"OPERATE_PROFIT":24516405.12,"PRETAX_PROFIT":24714440.16,"NETCASH_OPERATE":-12780748.8,"NETCASH_INVEST":-5510033.76,"NETCASH_FINANCE":-79039279.2,"END_CASH":36197976.24,"DIVI_RATIO":null,"DIVIDEND_RATE":null,"CURRENT_RATIO":13.414740409052,"COMMON_ACS":null,"CURRENTDEBT_DEBT":90.838799516289,"ISSUED_COMMON_SHARES":1274038550,"HK_COMMON_SHARES":1274038550,"PER_SHARES":2000,"TOTAL_MARKET_CAP":433173107,"HKSK_MARKET_CAP":433173107,"PE_TTM":25.474776934839,"PB_TTM":0.58705168056,"REPORT_DATE_SQ":"2020-06-30 00:00:00","REPORT_TYPE_SQ":"2020年中报","OPERATE_INCOME_SQ":14440572.96,"DPS_HKD":null,"OPERATE_INCOME_QOQ_SQ":-0.298474186513,"NET_PROFIT_RATIO_SQ":206.4014169144,"HOLDER_PROFIT_SQ":22438653.6,"HOLDER_PROFIT_QOQ_SQ":2.180278337963,"ROE_AVG_SQ":4.055587886893,"PE_TTM_SQ":-17.045362169539,"PB_TTM_SQ":0.436893905206,"ROA_SQ":2.390234338322,"START_DATE":"2021-01-01 00:00:00","FISCAL_YEAR":"12-31","CURRENCY":"HKD","IS_CNY_CODE":0,"DPS_HKD_LY":null,"ORG_TYPE":"一般企业","PREMIUM_INCOME":null,"PREMIUM_INCOME_YOY":null,"NET_INTEREST_INCOME":null,"NET_INTEREST_INCOME_YOY":null,"FEE_COMMISSION_INCOME":null,"FEE_COMMISSION_INCOME_YOY":null,"ACCOUNTS_RECE_TDAYS":7.625741763863,"INVENTORY_TDAYS":null,"CURRENT_ASSETS_TDAYS":0.111502313179,"TOTAL_ASSETS_TDAYS":0.072612633414,"PREMIUM_EXPENSE":null,"LOAN_DEPOSIT":null,"LOAN_EQUITY":null,"LOAN_ASSETS":null,"DEPOSIT_EQUITY":null,"DEPOSIT_ASSETS":null,"EQUITY_MULTIPLIER":1.056306322571,"EQUITY_RATIO":0.06975038212},{"SECUCODE":"00668.HK","SECURITY_CODE":"00668","SECURITY_NAME_ABBR":"东银国际控股","ORG_CODE":"10009040","STD_REPORT_DATE":"2020-12-31 00:00:00","REPORT_DATE":"2020-12-31 00:00:00","DATE_TYPE_CODE":"001","REPORT_TYPE":"2020年年报","PER_NETCASH_OPERATE":-0.253427708228,"PER_OI":0.068544020713,"BPS":0.497644559751,"BASIC_EPS":0.075663436,"DILUTED_EPS":0.075663436,"OPERATE_INCOME":87327724.76,"OPERATE_INCOME_YOY":212.5082826336,"GROSS_PROFIT":59689950.44,"GROSS_PROFIT_YOY":103.862844751124,"HOLDER_PROFIT":96411545.28,"HOLDER_PROFIT_YOY":243.7452158964,"GROSS_PROFIT_RATIO":68.351661060727,"EPS_TTM":0.075673962362,"OPERATE_INCOME_QOQ":194.499616417155,"NET_PROFIT_RATIO":118.7164486936,"ROE_AVG":16.861007668644,"GROSS_PROFIT_QOQ":155.429900249094,"ROA":11.153063509527,"HOLDER_PROFIT_QOQ":238.067665811717,"ROE_YEARLY":16.861007668644,"ROIC_YEARLY":15.203683328268,"TOTAL_ASSETS":866079542.32,"TOTAL_LIABILITIES":82803068.12,"TAX_EBT":19.509788546486,"OCF_SALES":-369.729854759587,"TOTAL_PARENT_EQUITY":634018353.32,"DEBT_ASSET_RATIO":9.5606770595,"OPERATE_PROFIT":33189231.76,"PRETAX_PROFIT":128801219.04,"NETCASH_OPERATE":-322876669.92,"NETCASH_INVEST":635861544.92,"NETCASH_FINANCE":-192749867.88,"END_CASH":122962762.36,"DIVI_RATIO":null,"DIVIDEND_RATE":null,"CURRENT_RATIO":7.223967741935,"COMMON_ACS":null,"CURRENTDEBT_DEBT":94.528526269782,"ISSUED_COMMON_SHARES":1274038550,"HK_COMMON_SHARES":1274038550,"PER_SHARES":2000,"TOTAL_MARKET_CAP":433173107,"HKSK_MARKET_CAP":433173107,"PE_TTM":25.474776934839,"PB_TTM":0.58705168056,"REPORT_DATE_SQ":"2019-12-31 00:00:00","REPORT_TYPE_SQ":"2019年年报","OPERATE_INCOME_SQ":29741687.56,"DPS_HKD":null,"OPERATE_INCOME_QOQ_SQ":8.029161796059,"NET_PROFIT_RATIO_SQ":-251.204746702,"HOLDER_PROFIT_SQ":-71385603.98,"HOLDER_PROFIT_QOQ_SQ":-388.584334445487,"ROE_AVG_SQ":-12.26410666207,"PE_TTM_SQ":-17.045362169539,"PB_TTM_SQ":0.436893905206,"ROA_SQ":-7.138519033423,"START_DATE":"2020-01-01 00:00:00","FISCAL_YEAR":"12-31","CURRENCY":"HKD","IS_CNY_CODE":0,"DPS_HKD_LY":null,"ORG_TYPE":"一般企业","PREMIUM_INCOME":null,"PREMIUM_INCOME_YOY":null,"NET_INTEREST_INCOME":null,"NET_INTEREST_INCOME_YOY":null,"FEE_COMMISSION_INCOME":null,"FEE_COMMISSION_INCOME_YOY":null,"ACCOUNTS_RECE_TDAYS":34.340228363396,"INVENTORY_TDAYS":null,"CURRENT_ASSETS_TDAYS":0.156790478846,"TOTAL_ASSETS_TDAYS":0.101022305738,"PREMIUM_EXPENSE":null,"LOAN_DEPOSIT":null,"LOAN_EQUITY":null,"LOAN_ASSETS":null,"DEPOSIT_EQUITY":null,"DEPOSIT_ASSETS":null,"EQUITY_MULTIPLIER":1.105713717757,"EQUITY_RATIO":0.130600427711},{"SECUCODE":"00668.HK","SECURITY_CODE":"00668","SECURITY_NAME_ABBR":"东银国际控股","ORG_CODE":"10009040","STD_REPORT_DATE":"2020-06-30 00:00:00","REPORT_DATE":"2020-06-30 00:00:00","DATE_TYPE_CODE":"002","REPORT_TYPE":"2020年中报","PER_NETCASH_OPERATE":0.031215903286,"PER_OI":0.011334486668,"BPS":0.434443008903,"BASIC_EPS":0.017629392,"DILUTED_EPS":0.017629392,"OPERATE_INCOME":14440572.96,"OPERATE_INCOME_YOY":-4.2864927045,"GROSS_PROFIT":8618306.4,"GROSS_PROFIT_YOY":-40.683445381267,"HOLDER_PROFIT":22438653.6,"HOLDER_PROFIT_YOY":3.4795062977,"GROSS_PROFIT_RATIO":59.681194256436,"EPS_TTM":-0.054809329843,"OPERATE_INCOME_QOQ":-0.298474186513,"NET_PROFIT_RATIO":206.4014169144,"ROE_AVG":4.055587886893,"GROSS_PROFIT_QOQ":-20.188339520033,"ROA":2.390234338322,"HOLDER_PROFIT_QOQ":2.180278337963,"ROE_YEARLY":8.111175773785,"ROIC_YEARLY":6.152235585668,"TOTAL_ASSETS":941121799.2,"TOTAL_LIABILITIES":204874544.16,"TAX_EBT":4.66590703246,"OCF_SALES":275.406414067936,"TOTAL_PARENT_EQUITY":553497141.12,"DEBT_ASSET_RATIO":21.769184853,"OPERATE_PROFIT":-7015219.2,"PRETAX_PROFIT":31264310.88,"NETCASH_OPERATE":39770264.16,"NETCASH_INVEST":1619529.12,"NETCASH_FINANCE":-39402147.84,"END_CASH":31417768.8,"DIVI_RATIO":null,"DIVIDEND_RATE":null,"CURRENT_RATIO":3.364984682456,"COMMON_ACS":null,"CURRENTDEBT_DEBT":90.814975322018,"ISSUED_COMMON_SHARES":1274038550,"HK_COMMON_SHARES":1274038550,"PER_SHARES":2000,"TOTAL_MARKET_CAP":433173107,"HKSK_MARKET_CAP":433173107,"PE_TTM":25.474776934839,"PB_TTM":0.58705168056,"REPORT_DATE_SQ":"2019-06-30 00:00:00","REPORT_TYPE_SQ":"2019年中报","OPERATE_INCOME_SQ":14529344.22,"DPS_HKD":null,"OPERATE_INCOME_QOQ_SQ":1.492611529077,"NET_PROFIT_RATIO_SQ":182.1275049949,"HOLDER_PROFIT_SQ":20882248.74,"HOLDER_PROFIT_QOQ_SQ":65.55177647281,"ROE_AVG_SQ":3.367826397835,"PE_TTM_SQ":-17.045362169539,"PB_TTM_SQ":0.436893905206,"ROA_SQ":1.951501420529,"START_DATE":"2020-01-01 00:00:00","FISCAL_YEAR":"12-31","CURRENCY":"HKD","IS_CNY_CODE":0,"DPS_HKD_LY":null,"ORG_TYPE":"一般企业","PREMIUM_INCOME":null,"PREMIUM_INCOME_YOY":null,"NET_INTEREST_INCOME":null,"NET_INTEREST_INCOME_YOY":null,"FEE_COMMISSION_INCOME":null,"FEE_COMMISSION_INCOME_YOY":null,"ACCOUNTS_RECE_TDAYS":40.90297542044,"INVENTORY_TDAYS":null,"CURRENT_ASSETS_TDAYS":0.023646432805,"TOTAL_ASSETS_TDAYS":0.015382542094,"PREMIUM_EXPENSE":null,"LOAN_DEPOSIT":null,"LOAN_EQUITY":null,"LOAN_ASSETS":null,"DEPOSIT_EQUITY":null,"DEPOSIT_ASSETS":null,"EQUITY_MULTIPLIER":1.278268669604,"EQUITY_RATIO":0.370145623057}],"count":47},"success":true,"message":"ok","code":0}