{"version":"96b019d05f4a31e9c5d5a73352a24da4","result":{"pages":6,"data":[{"SECUCODE":"00661.HK","SECURITY_CODE":"00661","SECURITY_NAME_ABBR":"中国大冶有色金属","ORG_CODE":"10009035","STD_REPORT_DATE":"2024-06-30 00:00:00","REPORT_DATE":"2024-06-30 00:00:00","DATE_TYPE_CODE":"002","REPORT_TYPE":"2024年中报","PER_NETCASH_OPERATE":-0.012453410488,"PER_OI":1.834260948194,"BPS":0.174392562369,"BASIC_EPS":0.0043,"DILUTED_EPS":0.0043,"OPERATE_INCOME":32825163000,"OPERATE_INCOME_YOY":55.0687897325,"GROSS_PROFIT":821562000,"GROSS_PROFIT_YOY":-1.113487631994,"HOLDER_PROFIT":77442000,"HOLDER_PROFIT_YOY":346.0430825942,"GROSS_PROFIT_RATIO":2.502842103176,"EPS_TTM":0.000209716593,"OPERATE_INCOME_QOQ":26.029038964917,"NET_PROFIT_RATIO":0.4501424715,"ROE_AVG":2.512608954507,"GROSS_PROFIT_QOQ":-0.50990064902,"ROA":0.287989256017,"HOLDER_PROFIT_QOQ":106.662879258615,"ROE_YEARLY":5.025217909014,"ROIC_YEARLY":0.660188000387,"TOTAL_ASSETS":27668218000,"TOTAL_LIABILITIES":22843540000,"TAX_EBT":37.478843680184,"OCF_SALES":-0.678933414588,"TOTAL_PARENT_EQUITY":3120856000,"DEBT_ASSET_RATIO":82.5623825864,"OPERATE_PROFIT":494530000,"PRETAX_PROFIT":236336000,"NETCASH_OPERATE":-222861000,"NETCASH_INVEST":-834870000,"NETCASH_FINANCE":775714000,"END_CASH":709866000,"DIVI_RATIO":null,"DIVIDEND_RATE":null,"CURRENT_RATIO":1.18407659199,"COMMON_ACS":30000000000,"CURRENTDEBT_DEBT":62.88453103153,"ISSUED_COMMON_SHARES":17895579706,"HK_COMMON_SHARES":17895579706,"PER_SHARES":2000,"TOTAL_MARKET_CAP":876883405.594,"HKSK_MARKET_CAP":876883405.594,"PE_TTM":226.936245072281,"PB_TTM":0.256440523567,"REPORT_DATE_SQ":"2023-06-30 00:00:00","REPORT_TYPE_SQ":"2023年中报","OPERATE_INCOME_SQ":21168130000,"DPS_HKD":null,"OPERATE_INCOME_QOQ_SQ":9.548647361637,"NET_PROFIT_RATIO_SQ":0.3982307365,"HOLDER_PROFIT_SQ":17362000,"HOLDER_PROFIT_QOQ_SQ":-29.949508610585,"ROE_AVG_SQ":0.558785078552,"PE_TTM_SQ":11.098111149645,"PB_TTM_SQ":0.27524501501,"ROA_SQ":0.07322294601,"START_DATE":"2024-01-01 00:00:00","FISCAL_YEAR":"12-31","CURRENCY":"HKD","IS_CNY_CODE":0,"DPS_HKD_LY":null,"ORG_TYPE":"一般企业","PREMIUM_INCOME":null,"PREMIUM_INCOME_YOY":null,"NET_INTEREST_INCOME":null,"NET_INTEREST_INCOME_YOY":null,"FEE_COMMISSION_INCOME":null,"FEE_COMMISSION_INCOME_YOY":null,"ACCOUNTS_RECE_TDAYS":140.887179223053,"INVENTORY_TDAYS":2.391109614511,"CURRENT_ASSETS_TDAYS":2.043570512404,"TOTAL_ASSETS_TDAYS":1.220693457169,"PREMIUM_EXPENSE":null,"LOAN_DEPOSIT":null,"LOAN_EQUITY":null,"LOAN_ASSETS":null,"DEPOSIT_EQUITY":null,"DEPOSIT_ASSETS":null,"EQUITY_MULTIPLIER":5.73472841089,"EQUITY_RATIO":7.319639227186},{"SECUCODE":"00661.HK","SECURITY_CODE":"00661","SECURITY_NAME_ABBR":"中国大冶有色金属","ORG_CODE":"10009035","STD_REPORT_DATE":"2023-12-31 00:00:00","REPORT_DATE":"2023-12-31 00:00:00","DATE_TYPE_CODE":"001","REPORT_TYPE":"2023年年报","PER_NETCASH_OPERATE":-0.073486079893,"PER_OI":2.502557823538,"BPS":0.17006512502,"BASIC_EPS":-0.0031,"DILUTED_EPS":-0.0031,"OPERATE_INCOME":44784723000,"OPERATE_INCOME_YOY":33.0561424633,"GROSS_PROFIT":1814275000,"GROSS_PROFIT_YOY":55.626895182216,"HOLDER_PROFIT":-56327000,"HOLDER_PROFIT_YOY":-150.7862230637,"GROSS_PROFIT_RATIO":4.051102426155,"EPS_TTM":-0.003147537041,"OPERATE_INCOME_QOQ":21.458498728956,"NET_PROFIT_RATIO":0.4521541866,"ROE_AVG":-1.83460421102,"GROSS_PROFIT_QOQ":15.571652162945,"ROA":-0.228337101725,"HOLDER_PROFIT_QOQ":-172.499452975172,"ROE_YEARLY":-1.83460421102,"ROIC_YEARLY":-0.259078469104,"TOTAL_ASSETS":26112955000,"TOTAL_LIABILITIES":21436037000,"TAX_EBT":29.878314830077,"OCF_SALES":-2.936438838753,"TOTAL_PARENT_EQUITY":3043414000,"DEBT_ASSET_RATIO":82.0896639235,"OPERATE_PROFIT":842544000,"PRETAX_PROFIT":288778000,"NETCASH_OPERATE":-1315076000,"NETCASH_INVEST":-844590000,"NETCASH_FINANCE":2331509000,"END_CASH":991883000,"DIVI_RATIO":null,"DIVIDEND_RATE":null,"CURRENT_RATIO":1.18774885415,"COMMON_ACS":30000000000,"CURRENTDEBT_DEBT":59.370027211653,"ISSUED_COMMON_SHARES":17895579706,"HK_COMMON_SHARES":17895579706,"PER_SHARES":2000,"TOTAL_MARKET_CAP":858987825.888,"HKSK_MARKET_CAP":858987825.888,"PE_TTM":222.304893132031,"PB_TTM":0.251207043494,"REPORT_DATE_SQ":"2022-12-31 00:00:00","REPORT_TYPE_SQ":"2022年年报","OPERATE_INCOME_SQ":33658516000,"DPS_HKD":null,"OPERATE_INCOME_QOQ_SQ":-8.555265714225,"NET_PROFIT_RATIO_SQ":-0.0190620406,"HOLDER_PROFIT_SQ":110910000,"HOLDER_PROFIT_QOQ_SQ":-47.198788871327,"ROE_AVG_SQ":3.646193933727,"PE_TTM_SQ":11.738386792894,"PB_TTM_SQ":0.291124535106,"ROA_SQ":0.549619146787,"START_DATE":"2023-01-01 00:00:00","FISCAL_YEAR":"12-31","CURRENCY":"HKD","IS_CNY_CODE":0,"DPS_HKD_LY":null,"ORG_TYPE":"一般企业","PREMIUM_INCOME":null,"PREMIUM_INCOME_YOY":null,"NET_INTEREST_INCOME":null,"NET_INTEREST_INCOME_YOY":null,"FEE_COMMISSION_INCOME":null,"FEE_COMMISSION_INCOME_YOY":null,"ACCOUNTS_RECE_TDAYS":224.03171030022,"INVENTORY_TDAYS":3.802145221055,"CURRENT_ASSETS_TDAYS":3.273970523264,"TOTAL_ASSETS_TDAYS":1.815472837423,"PREMIUM_EXPENSE":null,"LOAN_DEPOSIT":null,"LOAN_EQUITY":null,"LOAN_ASSETS":null,"DEPOSIT_EQUITY":null,"DEPOSIT_ASSETS":null,"EQUITY_MULTIPLIER":5.583368149703,"EQUITY_RATIO":7.04341801674},{"SECUCODE":"00661.HK","SECURITY_CODE":"00661","SECURITY_NAME_ABBR":"中国大冶有色金属","ORG_CODE":"10009035","STD_REPORT_DATE":"2023-06-30 00:00:00","REPORT_DATE":"2023-06-30 00:00:00","DATE_TYPE_CODE":"002","REPORT_TYPE":"2023年中报","PER_NETCASH_OPERATE":-0.071646128321,"PER_OI":1.182869197185,"BPS":0.174182845776,"BASIC_EPS":0.001,"DILUTED_EPS":0.001,"OPERATE_INCOME":21168130000,"OPERATE_INCOME_YOY":17.9007337393,"GROSS_PROFIT":830813000,"GROSS_PROFIT_YOY":94.674192951255,"HOLDER_PROFIT":17362000,"HOLDER_PROFIT_YOY":-65.67350086,"GROSS_PROFIT_RATIO":3.924829448799,"EPS_TTM":0.004341463159,"OPERATE_INCOME_QOQ":9.548647361637,"NET_PROFIT_RATIO":0.3982307365,"ROE_AVG":0.558785078552,"GROSS_PROFIT_QOQ":34.658363248798,"ROA":0.07322294601,"HOLDER_PROFIT_QOQ":-29.949508610585,"ROE_YEARLY":1.117570157105,"ROIC_YEARLY":0.167679638595,"TOTAL_ASSETS":24198544000,"TOTAL_LIABILITIES":19822032000,"TAX_EBT":39.189462142198,"OCF_SALES":-6.056978108128,"TOTAL_PARENT_EQUITY":3117103000,"DEBT_ASSET_RATIO":81.9141515291,"OPERATE_PROFIT":378038000,"PRETAX_PROFIT":138624000,"NETCASH_OPERATE":-1282149000,"NETCASH_INVEST":-688029000,"NETCASH_FINANCE":2007728000,"END_CASH":857590000,"DIVI_RATIO":null,"DIVIDEND_RATE":null,"CURRENT_RATIO":1.141913633822,"COMMON_ACS":30000000000,"CURRENTDEBT_DEBT":59.480950288043,"ISSUED_COMMON_SHARES":17895579706,"HK_COMMON_SHARES":17895579706,"PER_SHARES":2000,"TOTAL_MARKET_CAP":858987825.888,"HKSK_MARKET_CAP":858987825.888,"PE_TTM":222.304893132031,"PB_TTM":0.251207043494,"REPORT_DATE_SQ":"2022-06-30 00:00:00","REPORT_TYPE_SQ":"2022年中报","OPERATE_INCOME_SQ":17954197000,"DPS_HKD":null,"OPERATE_INCOME_QOQ_SQ":3.166797168514,"NET_PROFIT_RATIO_SQ":0.1452975034,"HOLDER_PROFIT_SQ":50579000,"HOLDER_PROFIT_QOQ_SQ":-26.667039059336,"ROE_AVG_SQ":1.679360900564,"PE_TTM_SQ":11.738386792894,"PB_TTM_SQ":0.291124535106,"ROA_SQ":0.284491324882,"START_DATE":"2023-01-01 00:00:00","FISCAL_YEAR":"12-31","CURRENCY":"HKD","IS_CNY_CODE":0,"DPS_HKD_LY":null,"ORG_TYPE":"一般企业","PREMIUM_INCOME":null,"PREMIUM_INCOME_YOY":null,"NET_INTEREST_INCOME":null,"NET_INTEREST_INCOME_YOY":null,"FEE_COMMISSION_INCOME":null,"FEE_COMMISSION_INCOME_YOY":null,"ACCOUNTS_RECE_TDAYS":334.562911918572,"INVENTORY_TDAYS":1.99930624555,"CURRENT_ASSETS_TDAYS":1.646965843136,"TOTAL_ASSETS_TDAYS":0.8927501671,"PREMIUM_EXPENSE":null,"LOAN_DEPOSIT":null,"LOAN_EQUITY":null,"LOAN_ASSETS":null,"DEPOSIT_EQUITY":null,"DEPOSIT_ASSETS":null,"EQUITY_MULTIPLIER":5.529184885127,"EQUITY_RATIO":6.359119990581},{"SECUCODE":"00661.HK","SECURITY_CODE":"00661","SECURITY_NAME_ABBR":"中国大冶有色金属","ORG_CODE":"10009035","STD_REPORT_DATE":"2022-12-31 00:00:00","REPORT_DATE":"2022-12-31 00:00:00","DATE_TYPE_CODE":"001","REPORT_TYPE":"2022年年报","PER_NETCASH_OPERATE":-0.127767696692,"PER_OI":1.880828481277,"BPS":0.17306469256,"BASIC_EPS":0.0062,"DILUTED_EPS":0.0062,"OPERATE_INCOME":33658516000,"OPERATE_INCOME_YOY":-5.6593964581,"GROSS_PROFIT":1165785000,"GROSS_PROFIT_YOY":-8.245497218523,"HOLDER_PROFIT":110910000,"HOLDER_PROFIT_YOY":-61.2793084668,"GROSS_PROFIT_RATIO":3.463566248732,"EPS_TTM":0.006197619849,"OPERATE_INCOME_QOQ":-8.555265714225,"NET_PROFIT_RATIO":-0.0190620406,"ROE_AVG":3.646193933727,"GROSS_PROFIT_QOQ":6.649534946057,"ROA":0.549619146787,"HOLDER_PROFIT_QOQ":-47.198788871327,"ROE_YEARLY":3.646193933727,"ROIC_YEARLY":0.633945600597,"TOTAL_ASSETS":23223749000,"TOTAL_LIABILITIES":18950141000,"TAX_EBT":110.127541356232,"OCF_SALES":-6.793160459005,"TOTAL_PARENT_EQUITY":3097093000,"DEBT_ASSET_RATIO":81.5981132073,"OPERATE_PROFIT":390486000,"PRETAX_PROFIT":63352000,"NETCASH_OPERATE":-2286477000,"NETCASH_INVEST":-1057058000,"NETCASH_FINANCE":3348773000,"END_CASH":820040000,"DIVI_RATIO":null,"DIVIDEND_RATE":null,"CURRENT_RATIO":1.024597143531,"COMMON_ACS":30000000000,"CURRENTDEBT_DEBT":63.050591549688,"ISSUED_COMMON_SHARES":17895579706,"HK_COMMON_SHARES":17895579706,"PER_SHARES":2000,"TOTAL_MARKET_CAP":858987825.888,"HKSK_MARKET_CAP":858987825.888,"PE_TTM":222.304893132031,"PB_TTM":0.251207043494,"REPORT_DATE_SQ":"2021-12-31 00:00:00","REPORT_TYPE_SQ":"2021年年报","OPERATE_INCOME_SQ":35677656000,"DPS_HKD":null,"OPERATE_INCOME_QOQ_SQ":4.453969208589,"NET_PROFIT_RATIO_SQ":0.9433803611,"HOLDER_PROFIT_SQ":286436000,"HOLDER_PROFIT_QOQ_SQ":-35.904871870609,"ROE_AVG_SQ":10.091013802765,"PE_TTM_SQ":11.738386792894,"PB_TTM_SQ":0.291124535106,"ROA_SQ":1.790708771166,"START_DATE":"2022-01-01 00:00:00","FISCAL_YEAR":"12-31","CURRENCY":"HKD","IS_CNY_CODE":0,"DPS_HKD_LY":null,"ORG_TYPE":"一般企业","PREMIUM_INCOME":null,"PREMIUM_INCOME_YOY":null,"NET_INTEREST_INCOME":null,"NET_INTEREST_INCOME_YOY":null,"FEE_COMMISSION_INCOME":null,"FEE_COMMISSION_INCOME_YOY":null,"ACCOUNTS_RECE_TDAYS":480.129466641941,"INVENTORY_TDAYS":4.099510566644,"CURRENT_ASSETS_TDAYS":3.378717757219,"TOTAL_ASSETS_TDAYS":1.667961847085,"PREMIUM_EXPENSE":null,"LOAN_DEPOSIT":null,"LOAN_EQUITY":null,"LOAN_ASSETS":null,"DEPOSIT_EQUITY":null,"DEPOSIT_ASSETS":null,"EQUITY_MULTIPLIER":5.434225366481,"EQUITY_RATIO":6.11868645856},{"SECUCODE":"00661.HK","SECURITY_CODE":"00661","SECURITY_NAME_ABBR":"中国大冶有色金属","ORG_CODE":"10009035","STD_REPORT_DATE":"2022-06-30 00:00:00","REPORT_DATE":"2022-06-30 00:00:00","DATE_TYPE_CODE":"002","REPORT_TYPE":"2022年中报","PER_NETCASH_OPERATE":-0.013093903849,"PER_OI":1.003275518031,"BPS":0.169711741664,"BASIC_EPS":0.0028,"DILUTED_EPS":0.0028,"OPERATE_INCOME":17954197000,"OPERATE_INCOME_YOY":6.7154954739,"GROSS_PROFIT":426771000,"GROSS_PROFIT_YOY":-29.368276455596,"HOLDER_PROFIT":50579000,"HOLDER_PROFIT_YOY":-60.1624095209,"GROSS_PROFIT_RATIO":2.376998536888,"EPS_TTM":0.011737647143,"OPERATE_INCOME_QOQ":3.166797168514,"NET_PROFIT_RATIO":0.1452975034,"ROE_AVG":1.679360900564,"GROSS_PROFIT_QOQ":-13.966335785818,"ROA":0.284491324882,"HOLDER_PROFIT_QOQ":-26.667039059336,"ROE_YEARLY":3.358721801129,"ROIC_YEARLY":0.65739807602,"TOTAL_ASSETS":18422392000,"TOTAL_LIABILITIES":14238931000,"TAX_EBT":48.748526522593,"OCF_SALES":-1.305115455734,"TOTAL_PARENT_EQUITY":3037090000,"DEBT_ASSET_RATIO":77.2914342502,"OPERATE_PROFIT":202763000,"PRETAX_PROFIT":50900000,"NETCASH_OPERATE":-234323000,"NETCASH_INVEST":-783740000,"NETCASH_FINANCE":746725000,"END_CASH":545085000,"DIVI_RATIO":null,"DIVIDEND_RATE":null,"CURRENT_RATIO":1.056932603332,"COMMON_ACS":30000000000,"CURRENTDEBT_DEBT":57.895090579482,"ISSUED_COMMON_SHARES":17895579706,"HK_COMMON_SHARES":17895579706,"PER_SHARES":2000,"TOTAL_MARKET_CAP":858987825.888,"HKSK_MARKET_CAP":858987825.888,"PE_TTM":222.304893132031,"PB_TTM":0.251207043494,"REPORT_DATE_SQ":"2021-06-30 00:00:00","REPORT_TYPE_SQ":"2021年中报","OPERATE_INCOME_SQ":16824358000,"DPS_HKD":null,"OPERATE_INCOME_QOQ_SQ":16.227208640172,"NET_PROFIT_RATIO_SQ":0.7982949483,"HOLDER_PROFIT_SQ":126963000,"HOLDER_PROFIT_QOQ_SQ":45.845340469625,"ROE_AVG_SQ":4.610094728745,"PE_TTM_SQ":11.738386792894,"PB_TTM_SQ":0.291124535106,"ROA_SQ":0.800311973096,"START_DATE":"2022-01-01 00:00:00","FISCAL_YEAR":"12-31","CURRENCY":"HKD","IS_CNY_CODE":0,"DPS_HKD_LY":null,"ORG_TYPE":"一般企业","PREMIUM_INCOME":null,"PREMIUM_INCOME_YOY":null,"NET_INTEREST_INCOME":null,"NET_INTEREST_INCOME_YOY":null,"FEE_COMMISSION_INCOME":null,"FEE_COMMISSION_INCOME_YOY":null,"ACCOUNTS_RECE_TDAYS":259.154113741339,"INVENTORY_TDAYS":2.86915344597,"CURRENT_ASSETS_TDAYS":2.190237763352,"TOTAL_ASSETS_TDAYS":1.009868382475,"PREMIUM_EXPENSE":null,"LOAN_DEPOSIT":null,"LOAN_EQUITY":null,"LOAN_ASSETS":null,"DEPOSIT_EQUITY":null,"DEPOSIT_ASSETS":null,"EQUITY_MULTIPLIER":4.403624654317,"EQUITY_RATIO":4.688346739807},{"SECUCODE":"00661.HK","SECURITY_CODE":"00661","SECURITY_NAME_ABBR":"中国大冶有色金属","ORG_CODE":"10009035","STD_REPORT_DATE":"2021-12-31 00:00:00","REPORT_DATE":"2021-12-31 00:00:00","DATE_TYPE_CODE":"001","REPORT_TYPE":"2021年年报","PER_NETCASH_OPERATE":0.032654991322,"PER_OI":1.993657461012,"BPS":0.166885401259,"BASIC_EPS":0.016,"DILUTED_EPS":0.016,"OPERATE_INCOME":35677656000,"OPERATE_INCOME_YOY":21.403932725,"GROSS_PROFIT":1270548000,"GROSS_PROFIT_YOY":26.970745366567,"HOLDER_PROFIT":286436000,"HOLDER_PROFIT_YOY":-6.5202421552,"GROSS_PROFIT_RATIO":3.561186867209,"EPS_TTM":0.016005963747,"OPERATE_INCOME_QOQ":4.453969208589,"NET_PROFIT_RATIO":0.9433803611,"ROE_AVG":10.091013802765,"GROSS_PROFIT_QOQ":-4.220544501276,"ROA":1.790708771166,"HOLDER_PROFIT_QOQ":-35.904871870609,"ROE_YEARLY":10.091013802765,"ROIC_YEARLY":2.084409123907,"TOTAL_ASSETS":17135107000,"TOTAL_LIABILITIES":12977733000,"TAX_EBT":28.618631738343,"OCF_SALES":1.637943927706,"TOTAL_PARENT_EQUITY":2986511000,"DEBT_ASSET_RATIO":75.7376828753,"OPERATE_PROFIT":785884000,"PRETAX_PROFIT":471518000,"NETCASH_OPERATE":584380000,"NETCASH_INVEST":-1426585000,"NETCASH_FINANCE":1275121000,"END_CASH":814802000,"DIVI_RATIO":null,"DIVIDEND_RATE":null,"CURRENT_RATIO":1.091387741515,"COMMON_ACS":30000000000,"CURRENTDEBT_DEBT":54.23548935704,"ISSUED_COMMON_SHARES":17895579706,"HK_COMMON_SHARES":17895579706,"PER_SHARES":2000,"TOTAL_MARKET_CAP":858987825.888,"HKSK_MARKET_CAP":858987825.888,"PE_TTM":222.304893132031,"PB_TTM":0.251207043494,"REPORT_DATE_SQ":"2020-12-31 00:00:00","REPORT_TYPE_SQ":"2020年年报","OPERATE_INCOME_SQ":29387562000,"DPS_HKD":null,"OPERATE_INCOME_QOQ_SQ":6.92648963522,"NET_PROFIT_RATIO_SQ":1.0264070221,"HOLDER_PROFIT_SQ":306415000,"HOLDER_PROFIT_QOQ_SQ":132.363178609074,"ROE_AVG_SQ":12.076265132772,"PE_TTM_SQ":11.738386792894,"PB_TTM_SQ":0.291124535106,"ROA_SQ":1.935928454013,"START_DATE":"2021-01-01 00:00:00","FISCAL_YEAR":"12-31","CURRENCY":"HKD","IS_CNY_CODE":0,"DPS_HKD_LY":null,"ORG_TYPE":"一般企业","PREMIUM_INCOME":null,"PREMIUM_INCOME_YOY":null,"NET_INTEREST_INCOME":null,"NET_INTEREST_INCOME_YOY":null,"FEE_COMMISSION_INCOME":null,"FEE_COMMISSION_INCOME_YOY":null,"ACCOUNTS_RECE_TDAYS":250.701145023417,"INVENTORY_TDAYS":6.632814429251,"CURRENT_ASSETS_TDAYS":5.061065310757,"TOTAL_ASSETS_TDAYS":2.230456071648,"PREMIUM_EXPENSE":null,"LOAN_DEPOSIT":null,"LOAN_EQUITY":null,"LOAN_ASSETS":null,"DEPOSIT_EQUITY":null,"DEPOSIT_ASSETS":null,"EQUITY_MULTIPLIER":4.121617877057,"EQUITY_RATIO":4.345449589839},{"SECUCODE":"00661.HK","SECURITY_CODE":"00661","SECURITY_NAME_ABBR":"中国大冶有色金属","ORG_CODE":"10009035","STD_REPORT_DATE":"2021-06-30 00:00:00","REPORT_DATE":"2021-06-30 00:00:00","DATE_TYPE_CODE":"002","REPORT_TYPE":"2021年中报","PER_NETCASH_OPERATE":0.06866075423,"PER_OI":0.940140430006,"BPS":0.157441281383,"BASIC_EPS":0.0071,"DILUTED_EPS":0.0071,"OPERATE_INCOME":16824358000,"OPERATE_INCOME_YOY":39.5566383923,"GROSS_PROFIT":604220000,"GROSS_PROFIT_YOY":117.07437119854,"HOLDER_PROFIT":126963000,"HOLDER_PROFIT_YOY":1039.4923782744,"GROSS_PROFIT_RATIO":3.591340602714,"EPS_TTM":0.02497220025,"OPERATE_INCOME_QOQ":16.227208640172,"NET_PROFIT_RATIO":0.7982949483,"ROE_AVG":4.610094728745,"GROSS_PROFIT_QOQ":32.565741479141,"ROA":0.800311973096,"HOLDER_PROFIT_QOQ":45.845340469625,"ROE_YEARLY":9.22018945749,"ROIC_YEARLY":1.901049250776,"TOTAL_ASSETS":16872129000,"TOTAL_LIABILITIES":13007023000,"TAX_EBT":33.284984800016,"OCF_SALES":7.303244498245,"TOTAL_PARENT_EQUITY":2817503000,"DEBT_ASSET_RATIO":77.0917706947,"OPERATE_PROFIT":358249000,"PRETAX_PROFIT":201316000,"NETCASH_OPERATE":1228724000,"NETCASH_INVEST":-911659000,"NETCASH_FINANCE":713665000,"END_CASH":1405366000,"DIVI_RATIO":null,"DIVIDEND_RATE":null,"CURRENT_RATIO":1.007451958886,"COMMON_ACS":30000000000,"CURRENTDEBT_DEBT":61.467401110923,"ISSUED_COMMON_SHARES":17895579706,"HK_COMMON_SHARES":17895579706,"PER_SHARES":2000,"TOTAL_MARKET_CAP":858987825.888,"HKSK_MARKET_CAP":858987825.888,"PE_TTM":222.304893132031,"PB_TTM":0.251207043494,"REPORT_DATE_SQ":"2020-06-30 00:00:00","REPORT_TYPE_SQ":"2020年中报","OPERATE_INCOME_SQ":12055577000,"DPS_HKD":null,"OPERATE_INCOME_QOQ_SQ":-16.222163932867,"NET_PROFIT_RATIO_SQ":-0.4186361217,"HOLDER_PROFIT_SQ":-13514000,"HOLDER_PROFIT_QOQ_SQ":-10.087683412426,"ROE_AVG_SQ":-0.568443757971,"PE_TTM_SQ":11.738386792894,"PB_TTM_SQ":0.291124535106,"ROA_SQ":-0.080531498355,"START_DATE":"2021-01-01 00:00:00","FISCAL_YEAR":"12-31","CURRENCY":"HKD","IS_CNY_CODE":0,"DPS_HKD_LY":null,"ORG_TYPE":"一般企业","PREMIUM_INCOME":null,"PREMIUM_INCOME_YOY":null,"NET_INTEREST_INCOME":null,"NET_INTEREST_INCOME_YOY":null,"FEE_COMMISSION_INCOME":null,"FEE_COMMISSION_INCOME_YOY":null,"ACCOUNTS_RECE_TDAYS":107.451703964848,"INVENTORY_TDAYS":3.288783670334,"CURRENT_ASSETS_TDAYS":2.325129975579,"TOTAL_ASSETS_TDAYS":1.060524337567,"PREMIUM_EXPENSE":null,"LOAN_DEPOSIT":null,"LOAN_EQUITY":null,"LOAN_ASSETS":null,"DEPOSIT_EQUITY":null,"DEPOSIT_ASSETS":null,"EQUITY_MULTIPLIER":4.365243540533,"EQUITY_RATIO":4.616507240631},{"SECUCODE":"00661.HK","SECURITY_CODE":"00661","SECURITY_NAME_ABBR":"中国大冶有色金属","ORG_CODE":"10009035","STD_REPORT_DATE":"2020-12-31 00:00:00","REPORT_DATE":"2020-12-31 00:00:00","DATE_TYPE_CODE":"001","REPORT_TYPE":"2020年年报","PER_NETCASH_OPERATE":0.112902796847,"PER_OI":1.642168763616,"BPS":0.150346624373,"BASIC_EPS":0.0171,"DILUTED_EPS":0.0171,"OPERATE_INCOME":29387562000,"OPERATE_INCOME_YOY":-10.4193008011,"GROSS_PROFIT":1000662000,"GROSS_PROFIT_YOY":-1.671075439141,"HOLDER_PROFIT":306415000,"HOLDER_PROFIT_YOY":108.9231167839,"GROSS_PROFIT_RATIO":3.405052790701,"EPS_TTM":0.017122384691,"OPERATE_INCOME_QOQ":6.92648963522,"NET_PROFIT_RATIO":1.0264070221,"ROE_AVG":12.076265132772,"GROSS_PROFIT_QOQ":17.218145078631,"ROA":1.935928454013,"HOLDER_PROFIT_QOQ":132.363178609074,"ROE_YEARLY":12.076265132772,"ROIC_YEARLY":2.245281064616,"TOTAL_ASSETS":14856248000,"TOTAL_LIABILITIES":11385450000,"TAX_EBT":8.794146105467,"OCF_SALES":6.875224967624,"TOTAL_PARENT_EQUITY":2690540000,"DEBT_ASSET_RATIO":76.6374524712,"OPERATE_PROFIT":667476000,"PRETAX_PROFIT":330720000,"NETCASH_OPERATE":2020461000,"NETCASH_INVEST":-827709000,"NETCASH_FINANCE":-2324737000,"END_CASH":374735000,"DIVI_RATIO":null,"DIVIDEND_RATE":null,"CURRENT_RATIO":1.013277088401,"COMMON_ACS":30000000000,"CURRENTDEBT_DEBT":55.62375663676,"ISSUED_COMMON_SHARES":17895579706,"HK_COMMON_SHARES":17895579706,"PER_SHARES":2000,"TOTAL_MARKET_CAP":858987825.888,"HKSK_MARKET_CAP":858987825.888,"PE_TTM":222.304893132031,"PB_TTM":0.251207043494,"REPORT_DATE_SQ":"2019-12-31 00:00:00","REPORT_TYPE_SQ":"2019年年报","OPERATE_INCOME_SQ":32805685000,"DPS_HKD":null,"OPERATE_INCOME_QOQ_SQ":3.252335002563,"NET_PROFIT_RATIO_SQ":0.529018065,"HOLDER_PROFIT_SQ":146664000,"HOLDER_PROFIT_QOQ_SQ":567.216718167628,"ROE_AVG_SQ":6.346912077369,"PE_TTM_SQ":11.738386792894,"PB_TTM_SQ":0.291124535106,"ROA_SQ":0.868573172066,"START_DATE":"2020-01-01 00:00:00","FISCAL_YEAR":"12-31","CURRENCY":"HKD","IS_CNY_CODE":0,"DPS_HKD_LY":null,"ORG_TYPE":"一般企业","PREMIUM_INCOME":null,"PREMIUM_INCOME_YOY":null,"NET_INTEREST_INCOME":null,"NET_INTEREST_INCOME_YOY":null,"FEE_COMMISSION_INCOME":null,"FEE_COMMISSION_INCOME_YOY":null,"ACCOUNTS_RECE_TDAYS":48.535333483075,"INVENTORY_TDAYS":6.027747654623,"CURRENT_ASSETS_TDAYS":3.987017714328,"TOTAL_ASSETS_TDAYS":1.856704713212,"PREMIUM_EXPENSE":null,"LOAN_DEPOSIT":null,"LOAN_EQUITY":null,"LOAN_ASSETS":null,"DEPOSIT_EQUITY":null,"DEPOSIT_ASSETS":null,"EQUITY_MULTIPLIER":4.280355122947,"EQUITY_RATIO":4.231659815502},{"SECUCODE":"00661.HK","SECURITY_CODE":"00661","SECURITY_NAME_ABBR":"中国大冶有色金属","ORG_CODE":"10009035","STD_REPORT_DATE":"2020-06-30 00:00:00","REPORT_DATE":"2020-06-30 00:00:00","DATE_TYPE_CODE":"002","REPORT_TYPE":"2020年中报","PER_NETCASH_OPERATE":0.053373794853,"PER_OI":0.67366227851,"BPS":0.132469081133,"BASIC_EPS":-0.0008,"DILUTED_EPS":-0.0008,"OPERATE_INCOME":12055577000,"OPERATE_INCOME_YOY":-30.6248431509,"GROSS_PROFIT":278347000,"GROSS_PROFIT_YOY":-37.07397024913,"HOLDER_PROFIT":-13514000,"HOLDER_PROFIT_YOY":-1154.9570647931,"GROSS_PROFIT_RATIO":2.308865017411,"EPS_TTM":0.00736880292,"OPERATE_INCOME_QOQ":-16.222163932867,"NET_PROFIT_RATIO":-0.4186361217,"ROE_AVG":-0.568443757971,"GROSS_PROFIT_QOQ":-16.114587468605,"ROA":-0.080531498355,"HOLDER_PROFIT_QOQ":-10.087683412426,"ROE_YEARLY":-1.136887515942,"ROIC_YEARLY":-0.194474346878,"TOTAL_ASSETS":16762659000,"TOTAL_LIABILITIES":13903566000,"TAX_EBT":-4.74658586194,"OCF_SALES":7.922930607137,"TOTAL_PARENT_EQUITY":2370611000,"DEBT_ASSET_RATIO":82.9436785656,"OPERATE_PROFIT":131360000,"PRETAX_PROFIT":-48182000,"NETCASH_OPERATE":955155000,"NETCASH_INVEST":251518000,"NETCASH_FINANCE":-71158000,"END_CASH":2637419000,"DIVI_RATIO":null,"DIVIDEND_RATE":null,"CURRENT_RATIO":1.034096981765,"COMMON_ACS":30000000000,"CURRENTDEBT_DEBT":58.950200257977,"ISSUED_COMMON_SHARES":17895579706,"HK_COMMON_SHARES":17895579706,"PER_SHARES":2000,"TOTAL_MARKET_CAP":858987825.888,"HKSK_MARKET_CAP":858987825.888,"PE_TTM":222.304893132031,"PB_TTM":0.251207043494,"REPORT_DATE_SQ":"2019-06-30 00:00:00","REPORT_TYPE_SQ":"2019年中报","OPERATE_INCOME_SQ":17377369000,"DPS_HKD":null,"OPERATE_INCOME_QOQ_SQ":3.328016088973,"NET_PROFIT_RATIO_SQ":0.0224487378,"HOLDER_PROFIT_SQ":1281000,"HOLDER_PROFIT_QOQ_SQ":68.907180142434,"ROE_AVG_SQ":0.057236010074,"PE_TTM_SQ":11.738386792894,"PB_TTM_SQ":0.291124535106,"ROA_SQ":0.007579551117,"START_DATE":"2020-01-01 00:00:00","FISCAL_YEAR":"12-31","CURRENCY":"HKD","IS_CNY_CODE":0,"DPS_HKD_LY":null,"ORG_TYPE":"一般企业","PREMIUM_INCOME":null,"PREMIUM_INCOME_YOY":null,"NET_INTEREST_INCOME":null,"NET_INTEREST_INCOME_YOY":null,"FEE_COMMISSION_INCOME":null,"FEE_COMMISSION_INCOME_YOY":null,"ACCOUNTS_RECE_TDAYS":17.004198305586,"INVENTORY_TDAYS":2.532441638273,"CURRENT_ASSETS_TDAYS":1.435173044657,"TOTAL_ASSETS_TDAYS":0.7184058601,"PREMIUM_EXPENSE":null,"LOAN_DEPOSIT":null,"LOAN_EQUITY":null,"LOAN_ASSETS":null,"DEPOSIT_EQUITY":null,"DEPOSIT_ASSETS":null,"EQUITY_MULTIPLIER":5.86292890789,"EQUITY_RATIO":5.864971520001}],"count":46},"success":true,"message":"ok","code":0}