{"version":"1e1206383ae930eb5d44bebafdabf37b","result":{"pages":1,"data":[{"SECUCODE":"00666.HK","SECURITY_CODE":"00666","SECURITY_NAME_ABBR":"瑞浦兰钧","ORG_CODE":"10000170973","STD_REPORT_DATE":"2024-06-30 00:00:00","REPORT_DATE":"2024-06-30 00:00:00","DATE_TYPE_CODE":"002","REPORT_TYPE":"2024年中报","PER_NETCASH_OPERATE":0.552922986671,"PER_OI":3.336444982541,"BPS":4.806235988328,"BASIC_EPS":-0.19,"DILUTED_EPS":-0.19,"OPERATE_INCOME":7596665000,"OPERATE_INCOME_YOY":15.191846781,"GROSS_PROFIT":272366000,"GROSS_PROFIT_YOY":1.920414318537,"HOLDER_PROFIT":-442973000,"HOLDER_PROFIT_YOY":37.6283238174,"GROSS_PROFIT_RATIO":3.585336460144,"EPS_TTM":-0.529041121093,"OPERATE_INCOME_QOQ":7.286910078862,"NET_PROFIT_RATIO":-8.6644863239,"ROE_AVG":-3.980972308853,"GROSS_PROFIT_QOQ":1.749452017904,"ROA":-1.185944120663,"HOLDER_PROFIT_QOQ":18.157469550931,"ROE_YEARLY":-7.961944617705,"ROIC_YEARLY":-3.070515976728,"TOTAL_ASSETS":38683075000,"TOTAL_LIABILITIES":27723992000,"TAX_EBT":-0.004861891884,"OCF_SALES":16.572219520013,"TOTAL_PARENT_EQUITY":10943194000,"DEBT_ASSET_RATIO":71.6695660828,"OPERATE_PROFIT":-482986000,"PRETAX_PROFIT":-658180000,"NETCASH_OPERATE":1258936000,"NETCASH_INVEST":-1242061000,"NETCASH_FINANCE":-32796000,"END_CASH":8370717000,"DIVI_RATIO":null,"DIVIDEND_RATE":null,"CURRENT_RATIO":1.147968630742,"COMMON_ACS":null,"CURRENTDEBT_DEBT":67.196589149211,"ISSUED_COMMON_SHARES":2276874050,"HK_COMMON_SHARES":307378138,"PER_SHARES":200,"TOTAL_MARKET_CAP":26639426385,"HKSK_MARKET_CAP":3596324214.6,"PE_TTM":-19.892783186144,"PB_TTM":2.221771054508,"REPORT_DATE_SQ":"2023-06-30 00:00:00","REPORT_TYPE_SQ":"2023年中报","OPERATE_INCOME_SQ":6594794000,"DPS_HKD":null,"OPERATE_INCOME_QOQ_SQ":17.601434156088,"NET_PROFIT_RATIO_SQ":-13.9463643595,"HOLDER_PROFIT_SQ":-710215000,"HOLDER_PROFIT_QOQ_SQ":-28.573566662243,"ROE_AVG_SQ":-6.807779569098,"PE_TTM_SQ":-82.642492358864,"PB_TTM_SQ":3.424062509591,"ROA_SQ":-2.591512730583,"START_DATE":"2024-01-01 00:00:00","FISCAL_YEAR":"12-31","CURRENCY":"HKD","IS_CNY_CODE":0,"DPS_HKD_LY":null,"ORG_TYPE":"一般企业","PREMIUM_INCOME":null,"PREMIUM_INCOME_YOY":null,"NET_INTEREST_INCOME":null,"NET_INTEREST_INCOME_YOY":null,"FEE_COMMISSION_INCOME":null,"FEE_COMMISSION_INCOME_YOY":null,"ACCOUNTS_RECE_TDAYS":1.767079899051,"INVENTORY_TDAYS":2.118147858846,"CURRENT_ASSETS_TDAYS":0.373350457984,"TOTAL_ASSETS_TDAYS":0.203380797326,"PREMIUM_EXPENSE":null,"LOAN_DEPOSIT":null,"LOAN_EQUITY":null,"LOAN_ASSETS":null,"DEPOSIT_EQUITY":null,"DEPOSIT_ASSETS":null,"EQUITY_MULTIPLIER":3.529772974613,"EQUITY_RATIO":2.533446085302},{"SECUCODE":"00666.HK","SECURITY_CODE":"00666","SECURITY_NAME_ABBR":"瑞浦兰钧","ORG_CODE":"10000170973","STD_REPORT_DATE":"2023-12-31 00:00:00","REPORT_DATE":"2023-12-31 00:00:00","DATE_TYPE_CODE":"001","REPORT_TYPE":"2023年年报","PER_NETCASH_OPERATE":0.471965500244,"PER_OI":6.03850441354,"BPS":4.967915989907,"BASIC_EPS":-0.68,"DILUTED_EPS":-0.68,"OPERATE_INCOME":13748914000,"OPERATE_INCOME_YOY":-6.1365211843,"GROSS_PROFIT":293349000,"GROSS_PROFIT_YOY":-73.044910905937,"HOLDER_PROFIT":-1471802000,"HOLDER_PROFIT_YOY":-315.6212142177,"GROSS_PROFIT_RATIO":2.133615789582,"EPS_TTM":-0.646413445662,"OPERATE_INCOME_QOQ":-20.185090012497,"NET_PROFIT_RATIO":-14.1342072545,"ROE_AVG":-13.343465577432,"GROSS_PROFIT_QOQ":-80.401747180007,"ROA":-4.712617722227,"HOLDER_PROFIT_QOQ":-223.255568782313,"ROE_YEARLY":-13.343465577432,"ROIC_YEARLY":-6.100999340925,"TOTAL_ASSETS":36020782000,"TOTAL_LIABILITIES":24478335000,"TAX_EBT":-0.125562700716,"OCF_SALES":7.815933680289,"TOTAL_PARENT_EQUITY":11311319000,"DEBT_ASSET_RATIO":67.9561454274,"OPERATE_PROFIT":-1682371000,"PRETAX_PROFIT":-1940863000,"NETCASH_OPERATE":1074606000,"NETCASH_INVEST":-4388176000,"NETCASH_FINANCE":6797440000,"END_CASH":8379470000,"DIVI_RATIO":null,"DIVIDEND_RATE":null,"CURRENT_RATIO":1.283371397909,"COMMON_ACS":null,"CURRENTDEBT_DEBT":61.462705694648,"ISSUED_COMMON_SHARES":2276874050,"HK_COMMON_SHARES":307378138,"PER_SHARES":200,"TOTAL_MARKET_CAP":31420861890,"HKSK_MARKET_CAP":4241818304.4,"PE_TTM":-23.463282732375,"PB_TTM":2.620550474547,"REPORT_DATE_SQ":"2022-12-31 00:00:00","REPORT_TYPE_SQ":"2022年年报","OPERATE_INCOME_SQ":14647778000,"DPS_HKD":null,"OPERATE_INCOME_QOQ_SQ":168.26493798477,"NET_PROFIT_RATIO_SQ":-3.077756913,"HOLDER_PROFIT_SQ":-354121000,"HOLDER_PROFIT_QOQ_SQ":69.0382221072,"ROE_AVG_SQ":-5.542693977698,"PE_TTM_SQ":null,"PB_TTM_SQ":null,"ROA_SQ":-1.996958104318,"START_DATE":"2023-01-01 00:00:00","FISCAL_YEAR":"12-31","CURRENCY":"HKD","IS_CNY_CODE":0,"DPS_HKD_LY":null,"ORG_TYPE":"一般企业","PREMIUM_INCOME":null,"PREMIUM_INCOME_YOY":null,"NET_INTEREST_INCOME":null,"NET_INTEREST_INCOME_YOY":null,"FEE_COMMISSION_INCOME":null,"FEE_COMMISSION_INCOME_YOY":null,"ACCOUNTS_RECE_TDAYS":3.435934011861,"INVENTORY_TDAYS":4.187312679696,"CURRENT_ASSETS_TDAYS":0.769232800596,"TOTAL_ASSETS_TDAYS":0.440231605731,"PREMIUM_EXPENSE":null,"LOAN_DEPOSIT":null,"LOAN_EQUITY":null,"LOAN_ASSETS":null,"DEPOSIT_EQUITY":null,"DEPOSIT_ASSETS":null,"EQUITY_MULTIPLIER":3.120723188075,"EQUITY_RATIO":2.164056640963},{"SECUCODE":"00666.HK","SECURITY_CODE":"00666","SECURITY_NAME_ABBR":"瑞浦兰钧","ORG_CODE":"10000170973","STD_REPORT_DATE":"2023-06-30 00:00:00","REPORT_DATE":"2023-06-30 00:00:00","DATE_TYPE_CODE":"002","REPORT_TYPE":"2023年中报","PER_NETCASH_OPERATE":0.209874194976,"PER_OI":3.05200934467,"BPS":4.442871576493,"BASIC_EPS":-0.33,"DILUTED_EPS":-0.33,"OPERATE_INCOME":6594794000,"OPERATE_INCOME_YOY":64.1894898016,"GROSS_PROFIT":267234000,"GROSS_PROFIT_YOY":289.138651001486,"HOLDER_PROFIT":-710215000,"HOLDER_PROFIT_YOY":-16.614124099,"GROSS_PROFIT_RATIO":4.052196323342,"EPS_TTM":-0.210711383355,"OPERATE_INCOME_QOQ":17.601434156088,"NET_PROFIT_RATIO":-13.9463643595,"ROE_AVG":-6.807779569098,"GROSS_PROFIT_QOQ":37.538225175689,"ROA":-2.591512730583,"HOLDER_PROFIT_QOQ":-28.573566662243,"ROE_YEARLY":-13.615559138197,"ROIC_YEARLY":-6.356444222742,"TOTAL_ASSETS":28369441000,"TOTAL_LIABILITIES":17760475000,"TAX_EBT":-0.17732157289,"OCF_SALES":6.876590838167,"TOTAL_PARENT_EQUITY":10115859000,"DEBT_ASSET_RATIO":62.6042472955,"OPERATE_PROFIT":-804311000,"PRETAX_PROFIT":-918106000,"NETCASH_OPERATE":453497000,"NETCASH_INVEST":-3902802000,"NETCASH_FINANCE":2570166000,"END_CASH":4021452000,"DIVI_RATIO":null,"DIVIDEND_RATE":null,"CURRENT_RATIO":1.280721365324,"COMMON_ACS":null,"CURRENTDEBT_DEBT":61.310398511301,"ISSUED_COMMON_SHARES":2276874050,"HK_COMMON_SHARES":307378138,"PER_SHARES":200,"TOTAL_MARKET_CAP":31420861890,"HKSK_MARKET_CAP":4241818304.4,"PE_TTM":-23.463282732375,"PB_TTM":2.620550474547,"REPORT_DATE_SQ":"2022-06-30 00:00:00","REPORT_TYPE_SQ":"2022年中报","OPERATE_INCOME_SQ":4016575000,"DPS_HKD":null,"OPERATE_INCOME_QOQ_SQ":158.881849698266,"NET_PROFIT_RATIO_SQ":-17.5640190959,"HOLDER_PROFIT_SQ":-609030000,"HOLDER_PROFIT_QOQ_SQ":-59.466389302132,"ROE_AVG_SQ":-17.723616865708,"PE_TTM_SQ":null,"PB_TTM_SQ":null,"ROA_SQ":-4.471425200981,"START_DATE":"2023-01-01 00:00:00","FISCAL_YEAR":"12-31","CURRENCY":"HKD","IS_CNY_CODE":0,"DPS_HKD_LY":null,"ORG_TYPE":"一般企业","PREMIUM_INCOME":null,"PREMIUM_INCOME_YOY":null,"NET_INTEREST_INCOME":null,"NET_INTEREST_INCOME_YOY":null,"FEE_COMMISSION_INCOME":null,"FEE_COMMISSION_INCOME_YOY":null,"ACCOUNTS_RECE_TDAYS":1.702503791384,"INVENTORY_TDAYS":2.017040523562,"CURRENT_ASSETS_TDAYS":0.434089397629,"TOTAL_ASSETS_TDAYS":0.24063829413,"PREMIUM_EXPENSE":null,"LOAN_DEPOSIT":null,"LOAN_EQUITY":null,"LOAN_ASSETS":null,"DEPOSIT_EQUITY":null,"DEPOSIT_ASSETS":null,"EQUITY_MULTIPLIER":2.674100473126,"EQUITY_RATIO":1.7557060651},{"SECUCODE":"00666.HK","SECURITY_CODE":"00666","SECURITY_NAME_ABBR":"瑞浦兰钧","ORG_CODE":"10000170973","STD_REPORT_DATE":"2022-12-31 00:00:00","REPORT_DATE":"2022-12-31 00:00:00","DATE_TYPE_CODE":"001","REPORT_TYPE":"2022年年报","PER_NETCASH_OPERATE":-1.032242165416,"PER_OI":6.778855463059,"BPS":4.720922968928,"BASIC_EPS":-0.2,"DILUTED_EPS":-0.2,"OPERATE_INCOME":14647778000,"OPERATE_INCOME_YOY":594.4892335469,"GROSS_PROFIT":1088288000,"GROSS_PROFIT_YOY":434.981531642453,"HOLDER_PROFIT":-354121000,"HOLDER_PROFIT_YOY":50.6263707306,"GROSS_PROFIT_RATIO":7.429713912922,"EPS_TTM":-0.163883906176,"OPERATE_INCOME_QOQ":168.26493798477,"NET_PROFIT_RATIO":-3.077756913,"ROE_AVG":-5.542693977698,"GROSS_PROFIT_QOQ":370.545447313533,"ROA":-1.996958104318,"HOLDER_PROFIT_QOQ":69.0382221072,"ROE_YEARLY":-5.542693977698,"ROIC_YEARLY":-2.436504139713,"TOTAL_ASSETS":26441403000,"TOTAL_LIABILITIES":14989830000,"TAX_EBT":-0.005545721143,"OCF_SALES":-15.227381245128,"TOTAL_PARENT_EQUITY":10748947000,"DEBT_ASSET_RATIO":56.6907512434,"OPERATE_PROFIT":-260286000,"PRETAX_PROFIT":-450798000,"NETCASH_OPERATE":-2230473000,"NETCASH_INVEST":-3981731000,"NETCASH_FINANCE":10531636000,"END_CASH":4901062000,"DIVI_RATIO":null,"DIVIDEND_RATE":null,"CURRENT_RATIO":1.580722866774,"COMMON_ACS":null,"CURRENTDEBT_DEBT":69.376917550099,"ISSUED_COMMON_SHARES":2276874050,"HK_COMMON_SHARES":307378138,"PER_SHARES":200,"TOTAL_MARKET_CAP":31420861890,"HKSK_MARKET_CAP":4241818304.4,"PE_TTM":-23.463282732375,"PB_TTM":2.620550474547,"REPORT_DATE_SQ":"2021-12-31 00:00:00","REPORT_TYPE_SQ":"2021年年报","OPERATE_INCOME_SQ":2109144000,"DPS_HKD":null,"OPERATE_INCOME_QOQ_SQ":132.544273009727,"NET_PROFIT_RATIO_SQ":-38.1296393229,"HOLDER_PROFIT_SQ":-717227000,"HOLDER_PROFIT_QOQ_SQ":-1656.0585657273,"ROE_AVG_SQ":-63.546124802478,"PE_TTM_SQ":null,"PB_TTM_SQ":null,"ROA_SQ":-12.281446176602,"START_DATE":"2022-01-01 00:00:00","FISCAL_YEAR":"12-31","CURRENCY":"HKD","IS_CNY_CODE":0,"DPS_HKD_LY":null,"ORG_TYPE":"一般企业","PREMIUM_INCOME":null,"PREMIUM_INCOME_YOY":null,"NET_INTEREST_INCOME":null,"NET_INTEREST_INCOME_YOY":null,"FEE_COMMISSION_INCOME":null,"FEE_COMMISSION_INCOME_YOY":null,"ACCOUNTS_RECE_TDAYS":5.582693084243,"INVENTORY_TDAYS":6.837344499399,"CURRENT_ASSETS_TDAYS":1.442251632318,"TOTAL_ASSETS_TDAYS":0.826017067255,"PREMIUM_EXPENSE":null,"LOAN_DEPOSIT":null,"LOAN_EQUITY":null,"LOAN_ASSETS":null,"DEPOSIT_EQUITY":null,"DEPOSIT_ASSETS":null,"EQUITY_MULTIPLIER":2.308975631556,"EQUITY_RATIO":1.394539390696},{"SECUCODE":"00666.HK","SECURITY_CODE":"00666","SECURITY_NAME_ABBR":"瑞浦兰钧","ORG_CODE":"10000170973","STD_REPORT_DATE":"2022-06-30 00:00:00","REPORT_DATE":"2022-06-30 00:00:00","DATE_TYPE_CODE":"002","REPORT_TYPE":"2022年中报","PER_NETCASH_OPERATE":-0.992810719121,"PER_OI":2.277130025013,"BPS":2.127273574926,"BASIC_EPS":-0.4,"DILUTED_EPS":-0.4,"OPERATE_INCOME":4016575000,"OPERATE_INCOME_YOY":503.5170571336,"GROSS_PROFIT":-141290000,"GROSS_PROFIT_YOY":-121.066136779685,"HOLDER_PROFIT":-609030000,"HOLDER_PROFIT_YOY":-233.6766728212,"GROSS_PROFIT_RATIO":-3.517673639855,"EPS_TTM":-0.648421997918,"OPERATE_INCOME_QOQ":158.881849698266,"NET_PROFIT_RATIO":-17.5640190959,"ROE_AVG":-17.723616865708,"GROSS_PROFIT_QOQ":-23.817101699089,"ROA":-4.471425200981,"HOLDER_PROFIT_QOQ":-59.466389302132,"ROE_YEARLY":-35.447233731416,"ROIC_YEARLY":-10.15859428327,"TOTAL_ASSETS":18216340000,"TOTAL_LIABILITIES":12669920000,"TAX_EBT":null,"OCF_SALES":-43.59921077037,"TOTAL_PARENT_EQUITY":4843534000,"DEBT_ASSET_RATIO":69.552500667,"OPERATE_PROFIT":-627294000,"PRETAX_PROFIT":-705472000,"NETCASH_OPERATE":-1751195000,"NETCASH_INVEST":-1794850000,"NETCASH_FINANCE":4725128000,"END_CASH":1762820000,"DIVI_RATIO":null,"DIVIDEND_RATE":null,"CURRENT_RATIO":1.023569375402,"COMMON_ACS":null,"CURRENTDEBT_DEBT":75.23019877,"ISSUED_COMMON_SHARES":2276874050,"HK_COMMON_SHARES":307378138,"PER_SHARES":200,"TOTAL_MARKET_CAP":31420861890,"HKSK_MARKET_CAP":4241818304.4,"PE_TTM":-23.463282732375,"PB_TTM":2.620550474547,"REPORT_DATE_SQ":"2021-06-30 00:00:00","REPORT_TYPE_SQ":"2021年中报","OPERATE_INCOME_SQ":665528000,"DPS_HKD":null,"OPERATE_INCOME_QOQ_SQ":0,"NET_PROFIT_RATIO_SQ":-32.3926266062,"HOLDER_PROFIT_SQ":-182521000,"HOLDER_PROFIT_QOQ_SQ":0,"ROE_AVG_SQ":null,"PE_TTM_SQ":null,"PB_TTM_SQ":null,"ROA_SQ":null,"START_DATE":"2022-01-01 00:00:00","FISCAL_YEAR":"12-31","CURRENCY":"HKD","IS_CNY_CODE":0,"DPS_HKD_LY":null,"ORG_TYPE":"一般企业","PREMIUM_INCOME":null,"PREMIUM_INCOME_YOY":null,"NET_INTEREST_INCOME":null,"NET_INTEREST_INCOME_YOY":null,"FEE_COMMISSION_INCOME":null,"FEE_COMMISSION_INCOME_YOY":null,"ACCOUNTS_RECE_TDAYS":2.459603157958,"INVENTORY_TDAYS":3.086902695931,"CURRENT_ASSETS_TDAYS":0.58937547469,"TOTAL_ASSETS_TDAYS":0.294892118231,"PREMIUM_EXPENSE":null,"LOAN_DEPOSIT":null,"LOAN_EQUITY":null,"LOAN_ASSETS":null,"DEPOSIT_EQUITY":null,"DEPOSIT_ASSETS":null,"EQUITY_MULTIPLIER":3.28434197194,"EQUITY_RATIO":2.615842069035},{"SECUCODE":"00666.HK","SECURITY_CODE":"00666","SECURITY_NAME_ABBR":"瑞浦兰钧","ORG_CODE":"10000170973","STD_REPORT_DATE":"2021-12-31 00:00:00","REPORT_DATE":"2021-12-31 00:00:00","DATE_TYPE_CODE":"001","REPORT_TYPE":"2021年年报","PER_NETCASH_OPERATE":-1.337483898962,"PER_OI":1.441248039688,"BPS":0.89113010006,"BASIC_EPS":-1.08,"DILUTED_EPS":-1.08,"OPERATE_INCOME":2109144000,"OPERATE_INCOME_YOY":132.5442730097,"GROSS_PROFIT":-324880000,"GROSS_PROFIT_YOY":-392.426506327747,"HOLDER_PROFIT":-717227000,"HOLDER_PROFIT_YOY":-1656.0585657273,"GROSS_PROFIT_RATIO":-15.403405362555,"EPS_TTM":-0.49010499414,"OPERATE_INCOME_QOQ":132.544273009727,"NET_PROFIT_RATIO":-38.1296393229,"ROE_AVG":-63.546124802478,"GROSS_PROFIT_QOQ":-392.426506327747,"ROA":-12.281446176602,"HOLDER_PROFIT_QOQ":-1656.0585657273,"ROE_YEARLY":-63.546124802478,"ROIC_YEARLY":-13.483916870232,"TOTAL_ASSETS":9024639000,"TOTAL_LIABILITIES":6781759000,"TAX_EBT":null,"OCF_SALES":-92.800396748634,"TOTAL_PARENT_EQUITY":2028991000,"DEBT_ASSET_RATIO":75.1471499303,"OPERATE_PROFIT":-771550000,"PRETAX_PROFIT":-804209000,"NETCASH_OPERATE":-1957294000,"NETCASH_INVEST":-2920950000,"NETCASH_FINANCE":5307490000,"END_CASH":580507000,"DIVI_RATIO":null,"DIVIDEND_RATE":null,"CURRENT_RATIO":0.602433824714,"COMMON_ACS":null,"CURRENTDEBT_DEBT":94.813808629885,"ISSUED_COMMON_SHARES":2276874050,"HK_COMMON_SHARES":307378138,"PER_SHARES":200,"TOTAL_MARKET_CAP":31420861890,"HKSK_MARKET_CAP":4241818304.4,"PE_TTM":-23.463282732375,"PB_TTM":2.620550474547,"REPORT_DATE_SQ":"2020-12-31 00:00:00","REPORT_TYPE_SQ":"2020年年报","OPERATE_INCOME_SQ":906986000,"DPS_HKD":null,"OPERATE_INCOME_QOQ_SQ":288.867165727712,"NET_PROFIT_RATIO_SQ":-5.8742913342,"HOLDER_PROFIT_SQ":-40843000,"HOLDER_PROFIT_QOQ_SQ":63.491311498856,"ROE_AVG_SQ":-21.511600347615,"PE_TTM_SQ":null,"PB_TTM_SQ":null,"ROA_SQ":-2.072896233382,"START_DATE":"2021-01-01 00:00:00","FISCAL_YEAR":"12-31","CURRENCY":"HKD","IS_CNY_CODE":0,"DPS_HKD_LY":null,"ORG_TYPE":"一般企业","PREMIUM_INCOME":null,"PREMIUM_INCOME_YOY":null,"NET_INTEREST_INCOME":null,"NET_INTEREST_INCOME_YOY":null,"FEE_COMMISSION_INCOME":null,"FEE_COMMISSION_INCOME_YOY":null,"ACCOUNTS_RECE_TDAYS":2.532995143322,"INVENTORY_TDAYS":5.043438621501,"CURRENT_ASSETS_TDAYS":0.838847647589,"TOTAL_ASSETS_TDAYS":0.361159556385,"PREMIUM_EXPENSE":null,"LOAN_DEPOSIT":null,"LOAN_EQUITY":null,"LOAN_ASSETS":null,"DEPOSIT_EQUITY":null,"DEPOSIT_ASSETS":null,"EQUITY_MULTIPLIER":4.023683389211,"EQUITY_RATIO":3.342429315852},{"SECUCODE":"00666.HK","SECURITY_CODE":"00666","SECURITY_NAME_ABBR":"瑞浦兰钧","ORG_CODE":"10000170973","STD_REPORT_DATE":"2021-06-30 00:00:00","REPORT_DATE":"2021-06-30 00:00:00","DATE_TYPE_CODE":"002","REPORT_TYPE":"2021年中报","PER_NETCASH_OPERATE":null,"PER_OI":null,"BPS":null,"BASIC_EPS":-0.61,"DILUTED_EPS":-0.61,"OPERATE_INCOME":665528000,"OPERATE_INCOME_YOY":null,"GROSS_PROFIT":-63913000,"GROSS_PROFIT_YOY":null,"HOLDER_PROFIT":-182521000,"HOLDER_PROFIT_YOY":null,"GROSS_PROFIT_RATIO":-9.603352526115,"EPS_TTM":-0.136143333333,"OPERATE_INCOME_QOQ":0,"NET_PROFIT_RATIO":-32.3926266062,"ROE_AVG":null,"GROSS_PROFIT_QOQ":0,"ROA":null,"HOLDER_PROFIT_QOQ":0,"ROE_YEARLY":null,"ROIC_YEARLY":null,"TOTAL_ASSETS":null,"TOTAL_LIABILITIES":null,"TAX_EBT":null,"OCF_SALES":-115.979192460723,"TOTAL_PARENT_EQUITY":null,"DEBT_ASSET_RATIO":null,"OPERATE_PROFIT":-206850000,"PRETAX_PROFIT":-215582000,"NETCASH_OPERATE":-771874000,"NETCASH_INVEST":-965788000,"NETCASH_FINANCE":1774498000,"END_CASH":188250000,"DIVI_RATIO":null,"DIVIDEND_RATE":null,"CURRENT_RATIO":null,"COMMON_ACS":null,"CURRENTDEBT_DEBT":null,"ISSUED_COMMON_SHARES":2276874050,"HK_COMMON_SHARES":307378138,"PER_SHARES":200,"TOTAL_MARKET_CAP":31420861890,"HKSK_MARKET_CAP":4241818304.4,"PE_TTM":-23.463282732375,"PB_TTM":2.620550474547,"REPORT_DATE_SQ":"2020-06-30 00:00:00","REPORT_TYPE_SQ":"2020年中报","OPERATE_INCOME_SQ":null,"DPS_HKD":null,"OPERATE_INCOME_QOQ_SQ":0,"NET_PROFIT_RATIO_SQ":null,"HOLDER_PROFIT_SQ":null,"HOLDER_PROFIT_QOQ_SQ":0,"ROE_AVG_SQ":null,"PE_TTM_SQ":null,"PB_TTM_SQ":null,"ROA_SQ":null,"START_DATE":"2021-01-01 00:00:00","FISCAL_YEAR":"12-31","CURRENCY":"HKD","IS_CNY_CODE":0,"DPS_HKD_LY":null,"ORG_TYPE":"一般企业","PREMIUM_INCOME":null,"PREMIUM_INCOME_YOY":null,"NET_INTEREST_INCOME":null,"NET_INTEREST_INCOME_YOY":null,"FEE_COMMISSION_INCOME":null,"FEE_COMMISSION_INCOME_YOY":null,"ACCOUNTS_RECE_TDAYS":null,"INVENTORY_TDAYS":null,"CURRENT_ASSETS_TDAYS":1.152435423907,"TOTAL_ASSETS_TDAYS":0.50130027527,"PREMIUM_EXPENSE":null,"LOAN_DEPOSIT":null,"LOAN_EQUITY":null,"LOAN_ASSETS":null,"DEPOSIT_EQUITY":null,"DEPOSIT_ASSETS":null,"EQUITY_MULTIPLIER":null,"EQUITY_RATIO":null},{"SECUCODE":"00666.HK","SECURITY_CODE":"00666","SECURITY_NAME_ABBR":"瑞浦兰钧","ORG_CODE":"10000170973","STD_REPORT_DATE":"2020-12-31 00:00:00","REPORT_DATE":"2020-12-31 00:00:00","DATE_TYPE_CODE":"001","REPORT_TYPE":"2020年年报","PER_NETCASH_OPERATE":0.588493333333,"PER_OI":3.023286666667,"BPS":0.100291889224,"BASIC_EPS":-0.14,"DILUTED_EPS":-0.14,"OPERATE_INCOME":906986000,"OPERATE_INCOME_YOY":288.8671657277,"GROSS_PROFIT":111098000,"GROSS_PROFIT_YOY":937.969527832252,"HOLDER_PROFIT":-40843000,"HOLDER_PROFIT_YOY":63.4913114989,"GROSS_PROFIT_RATIO":12.249141662606,"EPS_TTM":-0.136143333333,"OPERATE_INCOME_QOQ":288.867165727712,"NET_PROFIT_RATIO":-5.8742913342,"ROE_AVG":-21.511600347615,"GROSS_PROFIT_QOQ":937.969527832252,"ROA":-2.072896233382,"HOLDER_PROFIT_QOQ":63.491311498856,"ROE_YEARLY":-21.511600347615,"ROIC_YEARLY":-2.229777407146,"TOTAL_ASSETS":2655207000,"TOTAL_LIABILITIES":2326094000,"TAX_EBT":null,"OCF_SALES":19.465350071556,"TOTAL_PARENT_EQUITY":228352000,"DEBT_ASSET_RATIO":87.6049965219,"OPERATE_PROFIT":-30504000,"PRETAX_PROFIT":-53279000,"NETCASH_OPERATE":176548000,"NETCASH_INVEST":-689374000,"NETCASH_FINANCE":631197000,"END_CASH":146430000,"DIVI_RATIO":null,"DIVIDEND_RATE":null,"CURRENT_RATIO":0.544254993507,"COMMON_ACS":null,"CURRENTDEBT_DEBT":91.232598510636,"ISSUED_COMMON_SHARES":2276874050,"HK_COMMON_SHARES":307378138,"PER_SHARES":200,"TOTAL_MARKET_CAP":31420861890,"HKSK_MARKET_CAP":4241818304.4,"PE_TTM":-23.463282732375,"PB_TTM":2.620550474547,"REPORT_DATE_SQ":"2019-12-31 00:00:00","REPORT_TYPE_SQ":"2019年年报","OPERATE_INCOME_SQ":233238000,"DPS_HKD":null,"OPERATE_INCOME_QOQ_SQ":null,"NET_PROFIT_RATIO_SQ":-47.9647398794,"HOLDER_PROFIT_SQ":-111872000,"HOLDER_PROFIT_QOQ_SQ":null,"ROE_AVG_SQ":-73.902416467386,"PE_TTM_SQ":null,"PB_TTM_SQ":null,"ROA_SQ":-8.702856480505,"START_DATE":"2020-01-01 00:00:00","FISCAL_YEAR":"12-31","CURRENCY":"HKD","IS_CNY_CODE":0,"DPS_HKD_LY":null,"ORG_TYPE":"一般企业","PREMIUM_INCOME":null,"PREMIUM_INCOME_YOY":null,"NET_INTEREST_INCOME":null,"NET_INTEREST_INCOME_YOY":null,"FEE_COMMISSION_INCOME":null,"FEE_COMMISSION_INCOME_YOY":null,"ACCOUNTS_RECE_TDAYS":2.564302213477,"INVENTORY_TDAYS":4.1152749375,"CURRENT_ASSETS_TDAYS":1.14414782063,"TOTAL_ASSETS_TDAYS":0.460320706885,"PREMIUM_EXPENSE":null,"LOAN_DEPOSIT":null,"LOAN_EQUITY":null,"LOAN_ASSETS":null,"DEPOSIT_EQUITY":null,"DEPOSIT_ASSETS":null,"EQUITY_MULTIPLIER":8.067766997943,"EQUITY_RATIO":10.186440232623},{"SECUCODE":"00666.HK","SECURITY_CODE":"00666","SECURITY_NAME_ABBR":"瑞浦兰钧","ORG_CODE":"10000170973","STD_REPORT_DATE":"2019-12-31 00:00:00","REPORT_DATE":"2019-12-31 00:00:00","DATE_TYPE_CODE":"001","REPORT_TYPE":"2019年年报","PER_NETCASH_OPERATE":-0.344613333333,"PER_OI":0.77746,"BPS":0.066485012643,"BASIC_EPS":-0.37,"DILUTED_EPS":-0.37,"OPERATE_INCOME":233238000,"OPERATE_INCOME_YOY":null,"GROSS_PROFIT":-13258000,"GROSS_PROFIT_YOY":null,"HOLDER_PROFIT":-111872000,"HOLDER_PROFIT_YOY":null,"GROSS_PROFIT_RATIO":-5.684322451745,"EPS_TTM":-0.372906666667,"OPERATE_INCOME_QOQ":null,"NET_PROFIT_RATIO":-47.9647398794,"ROE_AVG":-73.902416467386,"GROSS_PROFIT_QOQ":null,"ROA":-8.702856480505,"HOLDER_PROFIT_QOQ":null,"ROE_YEARLY":-73.902416467386,"ROIC_YEARLY":-8.911270440712,"TOTAL_ASSETS":1285463000,"TOTAL_LIABILITIES":1134085000,"TAX_EBT":null,"OCF_SALES":-44.325538720106,"TOTAL_PARENT_EQUITY":151378000,"DEBT_ASSET_RATIO":88.2238539732,"OPERATE_PROFIT":-85873000,"PRETAX_PROFIT":-111872000,"NETCASH_OPERATE":-103384000,"NETCASH_INVEST":-268219000,"NETCASH_FINANCE":396227000,"END_CASH":30064000,"DIVI_RATIO":null,"DIVIDEND_RATE":null,"CURRENT_RATIO":0.643092346077,"COMMON_ACS":null,"CURRENTDEBT_DEBT":59.01938567215,"ISSUED_COMMON_SHARES":2276874050,"HK_COMMON_SHARES":307378138,"PER_SHARES":200,"TOTAL_MARKET_CAP":31420861890,"HKSK_MARKET_CAP":4241818304.4,"PE_TTM":-23.463282732375,"PB_TTM":2.620550474547,"REPORT_DATE_SQ":"2018-12-31 00:00:00","REPORT_TYPE_SQ":"2018年年报","OPERATE_INCOME_SQ":null,"DPS_HKD":null,"OPERATE_INCOME_QOQ_SQ":null,"NET_PROFIT_RATIO_SQ":null,"HOLDER_PROFIT_SQ":null,"HOLDER_PROFIT_QOQ_SQ":null,"ROE_AVG_SQ":null,"PE_TTM_SQ":null,"PB_TTM_SQ":null,"ROA_SQ":null,"START_DATE":"2019-01-01 00:00:00","FISCAL_YEAR":"12-31","CURRENCY":"HKD","IS_CNY_CODE":0,"DPS_HKD_LY":null,"ORG_TYPE":"一般企业","PREMIUM_INCOME":null,"PREMIUM_INCOME_YOY":null,"NET_INTEREST_INCOME":null,"NET_INTEREST_INCOME_YOY":null,"FEE_COMMISSION_INCOME":null,"FEE_COMMISSION_INCOME_YOY":null,"ACCOUNTS_RECE_TDAYS":2.440544952285,"INVENTORY_TDAYS":1.733116778108,"CURRENT_ASSETS_TDAYS":1.08371646753,"TOTAL_ASSETS_TDAYS":0.362885590639,"PREMIUM_EXPENSE":null,"LOAN_DEPOSIT":null,"LOAN_EQUITY":null,"LOAN_ASSETS":null,"DEPOSIT_EQUITY":null,"DEPOSIT_ASSETS":null,"EQUITY_MULTIPLIER":8.491742525307,"EQUITY_RATIO":7.491742525334}],"count":9},"success":true,"message":"ok","code":0}