{"version":"9f3ac24e66a3289fbeb772d2fdbb942f","result":{"pages":6,"data":[{"SECUCODE":"00660.HK","SECURITY_CODE":"00660","SECURITY_NAME_ABBR":"玮俊生物科技","ORG_CODE":"10009034","STD_REPORT_DATE":"2023-12-31 00:00:00","REPORT_DATE":"2024-06-30 00:00:00","DATE_TYPE_CODE":"001","REPORT_TYPE":"2023年年报","PER_NETCASH_OPERATE":null,"PER_OI":1.969684869327,"BPS":-0.421822511339,"BASIC_EPS":-0.23547144,"DILUTED_EPS":-0.23547144,"OPERATE_INCOME":337754574.92,"OPERATE_INCOME_YOY":-52.1660845804,"GROSS_PROFIT":31196315.08,"GROSS_PROFIT_YOY":-32.881961582289,"HOLDER_PROFIT":-40351408.16,"HOLDER_PROFIT_YOY":-186.4770297415,"GROSS_PROFIT_RATIO":9.236385647001,"EPS_TTM":-0.077772809133,"OPERATE_INCOME_QOQ":-26.547971492666,"NET_PROFIT_RATIO":-17.7553375181,"ROE_AVG":77.389767018502,"GROSS_PROFIT_QOQ":-18.550658134021,"ROA":-19.661618441328,"HOLDER_PROFIT_QOQ":6.273927022476,"ROE_YEARLY":77.389767018502,"ROIC_YEARLY":-23.789141213724,"TOTAL_ASSETS":191204634.64,"TOTAL_LIABILITIES":241621077.84,"TAX_EBT":15.940230532066,"OCF_SALES":null,"TOTAL_PARENT_EQUITY":-72332628.04,"DEBT_ASSET_RATIO":126.3677934873,"OPERATE_PROFIT":-54996271.44,"PRETAX_PROFIT":-71341457.56,"NETCASH_OPERATE":null,"NETCASH_INVEST":null,"NETCASH_FINANCE":null,"END_CASH":null,"DIVI_RATIO":null,"DIVIDEND_RATE":null,"CURRENT_RATIO":0.450657285688,"COMMON_ACS":400000000,"CURRENTDEBT_DEBT":95.886121372829,"ISSUED_COMMON_SHARES":171476453,"HK_COMMON_SHARES":171476453,"PER_SHARES":20000,"TOTAL_MARKET_CAP":27264756.027,"HKSK_MARKET_CAP":27264756.027,"PE_TTM":-0.616682258821,"PB_TTM":-0.34402175346,"REPORT_DATE_SQ":"2022-12-31 00:00:00","REPORT_TYPE_SQ":"2022年年报","OPERATE_INCOME_SQ":713293514.92,"DPS_HKD":null,"OPERATE_INCOME_QOQ_SQ":30.199095040178,"NET_PROFIT_RATIO_SQ":-1.3005813969,"HOLDER_PROFIT_SQ":-14228917.34,"HOLDER_PROFIT_QOQ_SQ":-23.506980524313,"ROE_AVG_SQ":42.439158531555,"PE_TTM_SQ":-1.677764815849,"PB_TTM_SQ":-0.739692741123,"ROA_SQ":-7.23584116126,"START_DATE":"2023-07-01 00:00:00","FISCAL_YEAR":"6-30","CURRENCY":"HKD","IS_CNY_CODE":0,"DPS_HKD_LY":null,"ORG_TYPE":"一般企业","PREMIUM_INCOME":null,"PREMIUM_INCOME_YOY":null,"NET_INTEREST_INCOME":null,"NET_INTEREST_INCOME_YOY":null,"FEE_COMMISSION_INCOME":null,"FEE_COMMISSION_INCOME_YOY":null,"ACCOUNTS_RECE_TDAYS":11.164311034015,"INVENTORY_TDAYS":9.423409269442,"CURRENT_ASSETS_TDAYS":3.038707558402,"TOTAL_ASSETS_TDAYS":1.645742213644,"PREMIUM_EXPENSE":null,"LOAN_DEPOSIT":null,"LOAN_EQUITY":null,"LOAN_ASSETS":null,"DEPOSIT_EQUITY":null,"DEPOSIT_ASSETS":null,"EQUITY_MULTIPLIER":-3.792505430846,"EQUITY_RATIO":-3.340416135667},{"SECUCODE":"00660.HK","SECURITY_CODE":"00660","SECURITY_NAME_ABBR":"玮俊生物科技","ORG_CODE":"10009034","STD_REPORT_DATE":"2023-06-30 00:00:00","REPORT_DATE":"2023-12-31 00:00:00","DATE_TYPE_CODE":"002","REPORT_TYPE":"2023年中报","PER_NETCASH_OPERATE":0.130349770531,"PER_OI":1.005857361652,"BPS":-0.205679412905,"BASIC_EPS":-0.035614446,"DILUTED_EPS":-0.035614446,"OPERATE_INCOME":172480852.6,"OPERATE_INCOME_YOY":-53.0142194134,"GROSS_PROFIT":15219964.9,"GROSS_PROFIT_YOY":-36.163942550374,"HOLDER_PROFIT":-6102485.48,"HOLDER_PROFIT_YOY":14.0084280424,"GROSS_PROFIT_RATIO":8.824147533232,"EPS_TTM":-0.082978841066,"OPERATE_INCOME_QOQ":35.264424276049,"NET_PROFIT_RATIO":-2.1173750854,"ROE_AVG":18.218711108706,"GROSS_PROFIT_QOQ":51.657214945006,"ROA":-2.662817825932,"HOLDER_PROFIT_QOQ":17.243648928606,"ROE_YEARLY":36.437422217413,"ROIC_YEARLY":-6.775823772234,"TOTAL_ASSETS":240645814.78,"TOTAL_LIABILITIES":229735832.2,"TAX_EBT":-41.652021089631,"OCF_SALES":12.959071087059,"TOTAL_PARENT_EQUITY":-35269176.18,"DEBT_ASSET_RATIO":95.4663734377,"OPERATE_PROFIT":5422820.48,"PRETAX_PROFIT":-2578195.9,"NETCASH_OPERATE":22351916.3,"NETCASH_INVEST":-21968585.24,"NETCASH_FINANCE":-1280488.86,"END_CASH":4925305.7,"DIVI_RATIO":null,"DIVIDEND_RATE":null,"CURRENT_RATIO":0.746022018185,"COMMON_ACS":400000000,"CURRENTDEBT_DEBT":70.80115182833,"ISSUED_COMMON_SHARES":171476453,"HK_COMMON_SHARES":171476453,"PER_SHARES":20000,"TOTAL_MARKET_CAP":14575498.505,"HKSK_MARKET_CAP":14575498.505,"PE_TTM":-0.329672905659,"PB_TTM":-0.183911000278,"REPORT_DATE_SQ":"2022-06-30 00:00:00","REPORT_TYPE_SQ":"2022年中报","OPERATE_INCOME_SQ":361845811.6,"DPS_HKD":null,"OPERATE_INCOME_QOQ_SQ":0,"NET_PROFIT_RATIO_SQ":-1.3103584477,"HOLDER_PROFIT_SQ":-6995197.37,"HOLDER_PROFIT_QOQ_SQ":0,"ROE_AVG_SQ":18.477837684784,"PE_TTM_SQ":-1.677764815849,"PB_TTM_SQ":-0.739692741123,"ROA_SQ":-3.335008432278,"START_DATE":"2023-07-01 00:00:00","FISCAL_YEAR":"6-30","CURRENCY":"HKD","IS_CNY_CODE":0,"DPS_HKD_LY":null,"ORG_TYPE":"一般企业","PREMIUM_INCOME":null,"PREMIUM_INCOME_YOY":null,"NET_INTEREST_INCOME":null,"NET_INTEREST_INCOME_YOY":null,"FEE_COMMISSION_INCOME":null,"FEE_COMMISSION_INCOME_YOY":null,"ACCOUNTS_RECE_TDAYS":4.722418648504,"INVENTORY_TDAYS":5.24409591587,"CURRENT_ASSETS_TDAYS":1.446969293811,"TOTAL_ASSETS_TDAYS":0.752619716082,"PREMIUM_EXPENSE":null,"LOAN_DEPOSIT":null,"LOAN_EQUITY":null,"LOAN_ASSETS":null,"DEPOSIT_EQUITY":null,"DEPOSIT_ASSETS":null,"EQUITY_MULTIPLIER":22.057396793897,"EQUITY_RATIO":-6.513785040726},{"SECUCODE":"00660.HK","SECURITY_CODE":"00660","SECURITY_NAME_ABBR":"玮俊生物科技","ORG_CODE":"10009034","STD_REPORT_DATE":"2022-12-31 00:00:00","REPORT_DATE":"2023-06-30 00:00:00","DATE_TYPE_CODE":"001","REPORT_TYPE":"2022年年报","PER_NETCASH_OPERATE":0.263088036816,"PER_OI":4.159716989947,"BPS":-0.188211905106,"BASIC_EPS":-0.08390018,"DILUTED_EPS":-0.08390018,"OPERATE_INCOME":713293514.92,"OPERATE_INCOME_YOY":56.174792128,"GROSS_PROFIT":46479777.74,"GROSS_PROFIT_YOY":51.286806355139,"HOLDER_PROFIT":-14228917.34,"HOLDER_PROFIT_YOY":9.3616021613,"GROSS_PROFIT_RATIO":6.516220429288,"EPS_TTM":-0.01022971765,"OPERATE_INCOME_QOQ":30.199095040178,"NET_PROFIT_RATIO":-1.3005813969,"ROE_AVG":42.439158531555,"GROSS_PROFIT_QOQ":-0.244240664713,"ROA":-7.23584116126,"HOLDER_PROFIT_QOQ":-23.506980524313,"ROE_YEARLY":42.439158531555,"ROIC_YEARLY":-9.071005169409,"TOTAL_ASSETS":221488177.38,"TOTAL_LIABILITIES":211771430.16,"TAX_EBT":-76.588276588277,"OCF_SALES":6.324661928976,"TOTAL_PARENT_EQUITY":-32273909.9,"DEBT_ASSET_RATIO":95.612972514,"OPERATE_PROFIT":10525323.68,"PRETAX_PROFIT":-5253442.04,"NETCASH_OPERATE":45113403.38,"NETCASH_INVEST":-25944517.2,"NETCASH_FINANCE":-19781080.9,"END_CASH":5819537.76,"DIVI_RATIO":null,"DIVIDEND_RATE":null,"CURRENT_RATIO":0.813277172305,"COMMON_ACS":400000000,"CURRENTDEBT_DEBT":69.148686066559,"ISSUED_COMMON_SHARES":171476453,"HK_COMMON_SHARES":171476453,"PER_SHARES":20000,"TOTAL_MARKET_CAP":14575498.505,"HKSK_MARKET_CAP":14575498.505,"PE_TTM":-0.329672905659,"PB_TTM":-0.183911000278,"REPORT_DATE_SQ":"2021-12-31 00:00:00","REPORT_TYPE_SQ":"2021年年报","OPERATE_INCOME_SQ":405020235.2,"DPS_HKD":null,"OPERATE_INCOME_QOQ_SQ":-17.5940623242,"NET_PROFIT_RATIO_SQ":-2.553005085,"HOLDER_PROFIT_SQ":-13921275.2,"HOLDER_PROFIT_QOQ_SQ":-30.696745985552,"ROE_AVG_SQ":37.39485647772,"PE_TTM_SQ":-1.677764815849,"PB_TTM_SQ":-0.739692741123,"ROA_SQ":-9.089283378841,"START_DATE":"2022-07-01 00:00:00","FISCAL_YEAR":"6-30","CURRENCY":"HKD","IS_CNY_CODE":0,"DPS_HKD_LY":null,"ORG_TYPE":"一般企业","PREMIUM_INCOME":null,"PREMIUM_INCOME_YOY":null,"NET_INTEREST_INCOME":null,"NET_INTEREST_INCOME_YOY":null,"FEE_COMMISSION_INCOME":null,"FEE_COMMISSION_INCOME_YOY":null,"ACCOUNTS_RECE_TDAYS":18.07159458544,"INVENTORY_TDAYS":16.750607962573,"CURRENT_ASSETS_TDAYS":6.935832784225,"TOTAL_ASSETS_TDAYS":3.627316437357,"PREMIUM_EXPENSE":null,"LOAN_DEPOSIT":null,"LOAN_EQUITY":null,"LOAN_ASSETS":null,"DEPOSIT_EQUITY":null,"DEPOSIT_ASSETS":null,"EQUITY_MULTIPLIER":22.794477654659,"EQUITY_RATIO":-6.561691186973},{"SECUCODE":"00660.HK","SECURITY_CODE":"00660","SECURITY_NAME_ABBR":"玮俊生物科技","ORG_CODE":"10009034","STD_REPORT_DATE":"2022-06-30 00:00:00","REPORT_DATE":"2022-12-31 00:00:00","DATE_TYPE_CODE":"002","REPORT_TYPE":"2022年中报","PER_NETCASH_OPERATE":0.006306381166,"PER_OI":0.215286438781,"BPS":-0.245024007582,"BASIC_EPS":-0.040822439,"DILUTED_EPS":-0.040822439,"OPERATE_INCOME":361845811.6,"OPERATE_INCOME_YOY":40.7148291087,"GROSS_PROFIT":23842269.57,"GROSS_PROFIT_YOY":-0.313739119411,"HOLDER_PROFIT":-6995197.37,"HOLDER_PROFIT_YOY":-75.0335270451,"GROSS_PROFIT_RATIO":6.589068825911,"EPS_TTM":-0.008282704028,"OPERATE_INCOME_QOQ":0,"NET_PROFIT_RATIO":-1.3103584477,"ROE_AVG":18.477837684784,"GROSS_PROFIT_QOQ":0,"ROA":-3.335008432278,"HOLDER_PROFIT_QOQ":0,"ROE_YEARLY":36.955675369569,"ROIC_YEARLY":-8.407547574952,"TOTAL_ASSETS":253049098.68,"TOTAL_LIABILITIES":254990174.39,"TAX_EBT":-40.460439269648,"OCF_SALES":2.929297916461,"TOTAL_PARENT_EQUITY":-42015847.72,"DEBT_ASSET_RATIO":100.7670747377,"OPERATE_PROFIT":4149239.15,"PRETAX_PROFIT":-3375667.33,"NETCASH_OPERATE":10599541.82,"NETCASH_INVEST":-1926783.39,"NETCASH_FINANCE":604743.79,"END_CASH":15852862.69,"DIVI_RATIO":null,"DIVIDEND_RATE":null,"CURRENT_RATIO":0.667129330552,"COMMON_ACS":400000000,"CURRENTDEBT_DEBT":94.89870628501,"ISSUED_COMMON_SHARES":171476453,"HK_COMMON_SHARES":171476453,"PER_SHARES":20000,"TOTAL_MARKET_CAP":14575498.505,"HKSK_MARKET_CAP":14575498.505,"PE_TTM":-0.329672905659,"PB_TTM":-0.183911000278,"REPORT_DATE_SQ":"2021-06-30 00:00:00","REPORT_TYPE_SQ":"2021年中报","OPERATE_INCOME_SQ":239533365.84,"DPS_HKD":null,"OPERATE_INCOME_QOQ_SQ":2.892904003998,"NET_PROFIT_RATIO_SQ":0.6221493506,"HOLDER_PROFIT_SQ":-3722725.92,"HOLDER_PROFIT_QOQ_SQ":-55.304327883148,"ROE_AVG_SQ":11.342375459501,"PE_TTM_SQ":-1.677764815849,"PB_TTM_SQ":-0.739692741123,"ROA_SQ":-2.256866063524,"START_DATE":"2022-07-01 00:00:00","FISCAL_YEAR":"6-30","CURRENCY":"HKD","IS_CNY_CODE":0,"DPS_HKD_LY":null,"ORG_TYPE":"一般企业","PREMIUM_INCOME":null,"PREMIUM_INCOME_YOY":null,"NET_INTEREST_INCOME":null,"NET_INTEREST_INCOME_YOY":null,"FEE_COMMISSION_INCOME":null,"FEE_COMMISSION_INCOME_YOY":null,"ACCOUNTS_RECE_TDAYS":10.386666666667,"INVENTORY_TDAYS":5.686255062402,"CURRENT_ASSETS_TDAYS":2.949908789356,"TOTAL_ASSETS_TDAYS":1.725124780676,"PREMIUM_EXPENSE":null,"LOAN_DEPOSIT":null,"LOAN_EQUITY":null,"LOAN_ASSETS":null,"DEPOSIT_EQUITY":null,"DEPOSIT_ASSETS":null,"EQUITY_MULTIPLIER":-130.365393468493,"EQUITY_RATIO":-6.068904668764},{"SECUCODE":"00660.HK","SECURITY_CODE":"00660","SECURITY_NAME_ABBR":"玮俊生物科技","ORG_CODE":"10009034","STD_REPORT_DATE":"2021-12-31 00:00:00","REPORT_DATE":"2021-12-31 00:00:00","DATE_TYPE_CODE":"001","REPORT_TYPE":"2021年年报","PER_NETCASH_OPERATE":-0.004572585767,"PER_OI":0.240973810599,"BPS":-0.255459989017,"BASIC_EPS":-0.00833952,"DILUTED_EPS":-0.00833952,"OPERATE_INCOME":405020235.2,"OPERATE_INCOME_YOY":-12.7170502138,"GROSS_PROFIT":30722955.2,"GROSS_PROFIT_YOY":-25.396121843728,"HOLDER_PROFIT":-13921275.2,"HOLDER_PROFIT_YOY":-108.9458829304,"GROSS_PROFIT_RATIO":7.585535864604,"EPS_TTM":-0.008282704028,"OPERATE_INCOME_QOQ":-17.5940623242,"NET_PROFIT_RATIO":-2.553005085,"ROE_AVG":37.39485647772,"GROSS_PROFIT_QOQ":-27.044715097588,"ROA":-9.089283378841,"HOLDER_PROFIT_QOQ":-30.696745985552,"ROE_YEARLY":37.39485647772,"ROIC_YEARLY":-10.9762386705,"TOTAL_ASSETS":213756450.88,"TOTAL_LIABILITIES":208593668.85,"TAX_EBT":-12.919642857143,"OCF_SALES":-1.89754469828,"TOTAL_PARENT_EQUITY":-32262042.75,"DEBT_ASSET_RATIO":112.7605452399,"OPERATE_PROFIT":440686.4,"PRETAX_PROFIT":-9157120,"NETCASH_OPERATE":-7685440,"NETCASH_INVEST":-232198.4,"NETCASH_FINANCE":4575289.6,"END_CASH":3796934.4,"DIVI_RATIO":null,"DIVIDEND_RATE":null,"CURRENT_RATIO":0.600377165505,"COMMON_ACS":400000000,"CURRENTDEBT_DEBT":73.084886128364,"ISSUED_COMMON_SHARES":171476453,"HK_COMMON_SHARES":171476453,"PER_SHARES":20000,"TOTAL_MARKET_CAP":14575498.505,"HKSK_MARKET_CAP":14575498.505,"PE_TTM":-0.329672905659,"PB_TTM":-0.183911000278,"REPORT_DATE_SQ":"2020-12-31 00:00:00","REPORT_TYPE_SQ":"2020年年报","OPERATE_INCOME_SQ":477675306.92,"DPS_HKD":null,"OPERATE_INCOME_QOQ_SQ":-5.912208855627,"NET_PROFIT_RATIO_SQ":0.1753140235,"HOLDER_PROFIT_SQ":-6858524.36,"HOLDER_PROFIT_QOQ_SQ":-423.509214364402,"ROE_AVG_SQ":18.561796729078,"PE_TTM_SQ":-1.677764815849,"PB_TTM_SQ":-0.739692741123,"ROA_SQ":-4.471355124034,"START_DATE":"2021-01-01 00:00:00","FISCAL_YEAR":"12-31","CURRENCY":"HKD","IS_CNY_CODE":0,"DPS_HKD_LY":null,"ORG_TYPE":"一般企业","PREMIUM_INCOME":null,"PREMIUM_INCOME_YOY":null,"NET_INTEREST_INCOME":null,"NET_INTEREST_INCOME_YOY":null,"FEE_COMMISSION_INCOME":null,"FEE_COMMISSION_INCOME_YOY":null,"ACCOUNTS_RECE_TDAYS":15.914448638664,"INVENTORY_TDAYS":9.059247239482,"CURRENT_ASSETS_TDAYS":5.37973762516,"TOTAL_ASSETS_TDAYS":2.644401205356,"PREMIUM_EXPENSE":null,"LOAN_DEPOSIT":null,"LOAN_EQUITY":null,"LOAN_ASSETS":null,"DEPOSIT_EQUITY":null,"DEPOSIT_ASSETS":null,"EQUITY_MULTIPLIER":-7.83665573218,"EQUITY_RATIO":-6.465606361829},{"SECUCODE":"00660.HK","SECURITY_CODE":"00660","SECURITY_NAME_ABBR":"玮俊生物科技","ORG_CODE":"10009034","STD_REPORT_DATE":"2021-06-30 00:00:00","REPORT_DATE":"2021-06-30 00:00:00","DATE_TYPE_CODE":"002","REPORT_TYPE":"2021年中报","PER_NETCASH_OPERATE":-0.002307971685,"PER_OI":0.142514528696,"BPS":-0.200900914133,"BASIC_EPS":-0.002246616,"DILUTED_EPS":-0.002246616,"OPERATE_INCOME":239533365.84,"OPERATE_INCOME_YOY":16.4987211862,"GROSS_PROFIT":23917307.52,"GROSS_PROFIT_YOY":4.048381052891,"HOLDER_PROFIT":-3722725.92,"HOLDER_PROFIT_YOY":-5910.3896103896,"GROSS_PROFIT_RATIO":9.984958644958,"EPS_TTM":-0.006337345253,"OPERATE_INCOME_QOQ":2.892904003998,"NET_PROFIT_RATIO":0.6221493506,"ROE_AVG":11.342375459501,"GROSS_PROFIT_QOQ":2.259731088796,"ROA":-2.256866063524,"HOLDER_PROFIT_QOQ":-55.304327883148,"ROE_YEARLY":22.684750919001,"ROIC_YEARLY":-5.405568678149,"TOTAL_ASSETS":173204108.64,"TOTAL_LIABILITIES":181592307.12,"TAX_EBT":37.443241355222,"OCF_SALES":-1.6194641387,"TOTAL_PARENT_EQUITY":-34449776.16,"DEBT_ASSET_RATIO":104.8429558316,"OPERATE_PROFIT":7611035.76,"PRETAX_PROFIT":2382245.04,"NETCASH_OPERATE":-3879156.96,"NETCASH_INVEST":-178065.12,"NETCASH_FINANCE":218837.04,"END_CASH":3433994.16,"DIVI_RATIO":null,"DIVIDEND_RATE":null,"CURRENT_RATIO":0.669609754923,"COMMON_ACS":400000000,"CURRENTDEBT_DEBT":76.133046797319,"ISSUED_COMMON_SHARES":171476453,"HK_COMMON_SHARES":171476453,"PER_SHARES":20000,"TOTAL_MARKET_CAP":14575498.505,"HKSK_MARKET_CAP":14575498.505,"PE_TTM":-0.329672905659,"PB_TTM":-0.183911000278,"REPORT_DATE_SQ":"2020-06-30 00:00:00","REPORT_TYPE_SQ":"2020年中报","OPERATE_INCOME_SQ":225714677.76,"DPS_HKD":null,"OPERATE_INCOME_QOQ_SQ":-2.153260213362,"NET_PROFIT_RATIO_SQ":3.1399734525,"HOLDER_PROFIT_SQ":70334.88,"HOLDER_PROFIT_QOQ_SQ":174.919184746747,"ROE_AVG_SQ":-0.152279244537,"PE_TTM_SQ":-1.677764815849,"PB_TTM_SQ":-0.739692741123,"ROA_SQ":0.042263570997,"START_DATE":"2021-01-01 00:00:00","FISCAL_YEAR":"12-31","CURRENCY":"HKD","IS_CNY_CODE":0,"DPS_HKD_LY":null,"ORG_TYPE":"一般企业","PREMIUM_INCOME":null,"PREMIUM_INCOME_YOY":null,"NET_INTEREST_INCOME":null,"NET_INTEREST_INCOME_YOY":null,"FEE_COMMISSION_INCOME":null,"FEE_COMMISSION_INCOME_YOY":null,"ACCOUNTS_RECE_TDAYS":12.840008920607,"INVENTORY_TDAYS":5.179524080792,"CURRENT_ASSETS_TDAYS":2.857243528664,"TOTAL_ASSETS_TDAYS":1.452147528621,"PREMIUM_EXPENSE":null,"LOAN_DEPOSIT":null,"LOAN_EQUITY":null,"LOAN_ASSETS":null,"DEPOSIT_EQUITY":null,"DEPOSIT_ASSETS":null,"EQUITY_MULTIPLIER":-20.648546771273,"EQUITY_RATIO":-5.271218781701},{"SECUCODE":"00660.HK","SECURITY_CODE":"00660","SECURITY_NAME_ABBR":"玮俊生物科技","ORG_CODE":"10009034","STD_REPORT_DATE":"2020-12-31 00:00:00","REPORT_DATE":"2020-12-31 00:00:00","DATE_TYPE_CODE":"001","REPORT_TYPE":"2020年年报","PER_NETCASH_OPERATE":-0.000209513539,"PER_OI":0.287917766064,"BPS":-0.186658684852,"BASIC_EPS":-0.004124036,"DILUTED_EPS":-0.004124036,"OPERATE_INCOME":477675306.92,"OPERATE_INCOME_YOY":-2.0161213747,"GROSS_PROFIT":41181445.2,"GROSS_PROFIT_YOY":-6.229787014885,"HOLDER_PROFIT":-6858524.36,"HOLDER_PROFIT_YOY":-157.9613801836,"GROSS_PROFIT_RATIO":8.621221278013,"EPS_TTM":-0.004133960838,"OPERATE_INCOME_QOQ":-5.912208855627,"NET_PROFIT_RATIO":0.1753140235,"ROE_AVG":18.561796729078,"GROSS_PROFIT_QOQ":-20.653303971513,"ROA":-4.471355124034,"HOLDER_PROFIT_QOQ":-423.509214364402,"ROE_YEARLY":18.561796729078,"ROIC_YEARLY":-5.16871749334,"TOTAL_ASSETS":158498486.44,"TOTAL_LIABILITIES":169413715.6,"TAX_EBT":38.237119801366,"OCF_SALES":-0.072768534392,"TOTAL_PARENT_EQUITY":-31551400.32,"DEBT_ASSET_RATIO":106.8866456741,"OPERATE_PROFIT":8017462.64,"PRETAX_PROFIT":1355882.04,"NETCASH_OPERATE":-347597.32,"NETCASH_INVEST":-10539857.72,"NETCASH_FINANCE":9707475.76,"END_CASH":4583571.44,"DIVI_RATIO":null,"DIVIDEND_RATE":null,"CURRENT_RATIO":0.601690790658,"COMMON_ACS":400000000,"CURRENTDEBT_DEBT":74.513885438919,"ISSUED_COMMON_SHARES":171476453,"HK_COMMON_SHARES":171476453,"PER_SHARES":20000,"TOTAL_MARKET_CAP":14575498.505,"HKSK_MARKET_CAP":14575498.505,"PE_TTM":-0.329672905659,"PB_TTM":-0.183911000278,"REPORT_DATE_SQ":"2019-12-31 00:00:00","REPORT_TYPE_SQ":"2019年年报","OPERATE_INCOME_SQ":518863545.18,"DPS_HKD":null,"OPERATE_INCOME_QOQ_SQ":14.454636831562,"NET_PROFIT_RATIO_SQ":1.5517125292,"HOLDER_PROFIT_SQ":-2829769.02,"HOLDER_PROFIT_QOQ_SQ":93.873031822758,"ROE_AVG_SQ":6.48925134294,"PE_TTM_SQ":-1.677764815849,"PB_TTM_SQ":-0.739692741123,"ROA_SQ":-1.956570211079,"START_DATE":"2020-01-01 00:00:00","FISCAL_YEAR":"12-31","CURRENCY":"HKD","IS_CNY_CODE":0,"DPS_HKD_LY":null,"ORG_TYPE":"一般企业","PREMIUM_INCOME":null,"PREMIUM_INCOME_YOY":null,"NET_INTEREST_INCOME":null,"NET_INTEREST_INCOME_YOY":null,"FEE_COMMISSION_INCOME":null,"FEE_COMMISSION_INCOME_YOY":null,"ACCOUNTS_RECE_TDAYS":27.428619756428,"INVENTORY_TDAYS":11.381298279494,"CURRENT_ASSETS_TDAYS":6.053220705948,"TOTAL_ASSETS_TDAYS":3.114162491975,"PREMIUM_EXPENSE":null,"LOAN_DEPOSIT":null,"LOAN_EQUITY":null,"LOAN_ASSETS":null,"DEPOSIT_EQUITY":null,"DEPOSIT_ASSETS":null,"EQUITY_MULTIPLIER":-14.520857429342,"EQUITY_RATIO":-5.369451557832},{"SECUCODE":"00660.HK","SECURITY_CODE":"00660","SECURITY_NAME_ABBR":"玮俊生物科技","ORG_CODE":"10009034","STD_REPORT_DATE":"2020-06-30 00:00:00","REPORT_DATE":"2020-06-30 00:00:00","DATE_TYPE_CODE":"002","REPORT_TYPE":"2020年中报","PER_NETCASH_OPERATE":0.001376434998,"PER_OI":0.013604903754,"BPS":-0.273568900098,"BASIC_EPS":0.00004201824,"DILUTED_EPS":0.00004201824,"OPERATE_INCOME":225714677.76,"OPERATE_INCOME_YOY":-8.2400647619,"GROSS_PROFIT":22986717.6,"GROSS_PROFIT_YOY":53.20922965333,"HOLDER_PROFIT":70334.88,"HOLDER_PROFIT_YOY":101.3881377321,"GROSS_PROFIT_RATIO":10.183971121471,"EPS_TTM":0.000127784949,"OPERATE_INCOME_QOQ":-2.153260213362,"NET_PROFIT_RATIO":3.1399734525,"ROE_AVG":-0.152279244537,"GROSS_PROFIT_QOQ":18.177841899618,"ROA":0.042263570997,"HOLDER_PROFIT_QOQ":174.919184746747,"ROE_YEARLY":-0.304558489073,"ROIC_YEARLY":0.101059815599,"TOTAL_ASSETS":171912148.32,"TOTAL_LIABILITIES":199204822.08,"TAX_EBT":null,"OCF_SALES":10.117197617198,"TOTAL_PARENT_EQUITY":-46415540.16,"DEBT_ASSET_RATIO":115.8759424664,"OPERATE_PROFIT":10500906.24,"PRETAX_PROFIT":7087380.96,"NETCASH_OPERATE":22836000,"NETCASH_INVEST":-3366939.84,"NETCASH_FINANCE":-4919787.84,"END_CASH":17777369.28,"DIVI_RATIO":null,"DIVIDEND_RATE":null,"CURRENT_RATIO":0.495785988757,"COMMON_ACS":400000000,"CURRENTDEBT_DEBT":100,"ISSUED_COMMON_SHARES":171476453,"HK_COMMON_SHARES":171476453,"PER_SHARES":20000,"TOTAL_MARKET_CAP":14575498.505,"HKSK_MARKET_CAP":14575498.505,"PE_TTM":-0.329672905659,"PB_TTM":-0.183911000278,"REPORT_DATE_SQ":"2019-06-30 00:00:00","REPORT_TYPE_SQ":"2019年中报","OPERATE_INCOME_SQ":236887160.04,"DPS_HKD":null,"OPERATE_INCOME_QOQ_SQ":7.598221134166,"NET_PROFIT_RATIO_SQ":-1.3249459698,"HOLDER_PROFIT_SQ":-4879474.02,"HOLDER_PROFIT_QOQ_SQ":1.689568191469,"ROE_AVG_SQ":11.129503114937,"PE_TTM_SQ":-1.677764815849,"PB_TTM_SQ":-0.739692741123,"ROA_SQ":-3.590860686646,"START_DATE":"2020-01-01 00:00:00","FISCAL_YEAR":"12-31","CURRENCY":"HKD","IS_CNY_CODE":0,"DPS_HKD_LY":null,"ORG_TYPE":"一般企业","PREMIUM_INCOME":null,"PREMIUM_INCOME_YOY":null,"NET_INTEREST_INCOME":null,"NET_INTEREST_INCOME_YOY":null,"FEE_COMMISSION_INCOME":null,"FEE_COMMISSION_INCOME_YOY":null,"ACCOUNTS_RECE_TDAYS":11.947491840928,"INVENTORY_TDAYS":5.165035664832,"CURRENT_ASSETS_TDAYS":2.406122806676,"TOTAL_ASSETS_TDAYS":1.356298369834,"PREMIUM_EXPENSE":null,"LOAN_DEPOSIT":null,"LOAN_EQUITY":null,"LOAN_ASSETS":null,"DEPOSIT_EQUITY":null,"DEPOSIT_ASSETS":null,"EQUITY_MULTIPLIER":-6.29883864921,"EQUITY_RATIO":-4.29176998465},{"SECUCODE":"00660.HK","SECURITY_CODE":"00660","SECURITY_NAME_ABBR":"玮俊生物科技","ORG_CODE":"10009034","STD_REPORT_DATE":"2019-12-31 00:00:00","REPORT_DATE":"2019-12-31 00:00:00","DATE_TYPE_CODE":"001","REPORT_TYPE":"2019年年报","PER_NETCASH_OPERATE":0.000770587343,"PER_OI":0.031274388816,"BPS":-0.265678339171,"BASIC_EPS":-0.001701982,"DILUTED_EPS":-0.001701982,"OPERATE_INCOME":518863545.18,"OPERATE_INCOME_YOY":20.4593097252,"GROSS_PROFIT":43917406.06,"GROSS_PROFIT_YOY":222.913166285604,"HOLDER_PROFIT":-2829769.02,"HOLDER_PROFIT_YOY":94.1082119477,"GROSS_PROFIT_RATIO":8.464153334335,"EPS_TTM":-0.00017056372,"OPERATE_INCOME_QOQ":14.454636831562,"NET_PROFIT_RATIO":1.5517125292,"ROE_AVG":6.48925134294,"GROSS_PROFIT_QOQ":103.470095279981,"ROA":-1.956570211079,"HOLDER_PROFIT_QOQ":93.873031822758,"ROE_YEARLY":6.48925134294,"ROIC_YEARLY":-2.124411566913,"TOTAL_ASSETS":157815833.06,"TOTAL_LIABILITIES":190522552.42,"TAX_EBT":0.827540549487,"OCF_SALES":2.463956521664,"TOTAL_PARENT_EQUITY":-45072066.48,"DEBT_ASSET_RATIO":120.7246121798,"OPERATE_PROFIT":13441178.9,"PRETAX_PROFIT":8118454.14,"NETCASH_OPERATE":12784572.16,"NETCASH_INVEST":-11438214.82,"NETCASH_FINANCE":-777537.04,"END_CASH":4845274.02,"DIVI_RATIO":null,"DIVIDEND_RATE":null,"CURRENT_RATIO":0.575310058493,"COMMON_ACS":400000000,"CURRENTDEBT_DEBT":79.496824001241,"ISSUED_COMMON_SHARES":171476453,"HK_COMMON_SHARES":171476453,"PER_SHARES":20000,"TOTAL_MARKET_CAP":14575498.505,"HKSK_MARKET_CAP":14575498.505,"PE_TTM":-0.329672905659,"PB_TTM":-0.183911000278,"REPORT_DATE_SQ":"2018-12-31 00:00:00","REPORT_TYPE_SQ":"2018年年报","OPERATE_INCOME_SQ":421322522.4,"DPS_HKD":null,"OPERATE_INCOME_QOQ_SQ":-3.370877219325,"NET_PROFIT_RATIO_SQ":-11.0541289212,"HOLDER_PROFIT_SQ":-46979215.4,"HOLDER_PROFIT_QOQ_SQ":-217.751179100947,"ROE_AVG_SQ":133.456957598536,"PE_TTM_SQ":-1.677764815849,"PB_TTM_SQ":-0.739692741123,"ROA_SQ":-36.456665340772,"START_DATE":"2019-01-01 00:00:00","FISCAL_YEAR":"12-31","CURRENCY":"HKD","IS_CNY_CODE":0,"DPS_HKD_LY":null,"ORG_TYPE":"一般企业","PREMIUM_INCOME":null,"PREMIUM_INCOME_YOY":null,"NET_INTEREST_INCOME":null,"NET_INTEREST_INCOME_YOY":null,"FEE_COMMISSION_INCOME":null,"FEE_COMMISSION_INCOME_YOY":null,"ACCOUNTS_RECE_TDAYS":23.283328308713,"INVENTORY_TDAYS":15.74824385535,"CURRENT_ASSETS_TDAYS":6.749134847302,"TOTAL_ASSETS_TDAYS":3.587547071648,"PREMIUM_EXPENSE":null,"LOAN_DEPOSIT":null,"LOAN_EQUITY":null,"LOAN_ASSETS":null,"DEPOSIT_EQUITY":null,"DEPOSIT_ASSETS":null,"EQUITY_MULTIPLIER":-4.825180762488,"EQUITY_RATIO":-4.227064949519}],"count":46},"success":true,"message":"ok","code":0}