{"version":"4d319f67f28f932b2de6badae95c1d4d","result":{"pages":6,"data":[{"SECUCODE":"00669.HK","SECURITY_CODE":"00669","SECURITY_NAME_ABBR":"创科实业","ORG_CODE":"10009041","STD_REPORT_DATE":"2024-06-30 00:00:00","REPORT_DATE":"2024-06-30 00:00:00","DATE_TYPE_CODE":"002","REPORT_TYPE":"2024年中报","PER_NETCASH_OPERATE":3.012736579924,"PER_OI":28.427718255354,"BPS":24.320607133701,"BASIC_EPS":2.14659216,"DILUTED_EPS":2.13661464,"OPERATE_INCOME":52111076078.4,"OPERATE_INCOME_YOY":6.2871758614,"GROSS_PROFIT":20815365915.6,"GROSS_PROFIT_YOY":6.626898592422,"HOLDER_PROFIT":3922341282,"HOLDER_PROFIT_YOY":15.6766061554,"GROSS_PROFIT_RATIO":39.944225838445,"EPS_TTM":4.036631196831,"OPERATE_INCOME_QOQ":2.469213544824,"NET_PROFIT_RATIO":7.526885985,"ROE_AVG":9.17244883793,"GROSS_PROFIT_QOQ":3.370222949595,"ROA":4.312590379452,"HOLDER_PROFIT_QOQ":7.005766369183,"ROE_YEARLY":18.34489767586,"ROIC_YEARLY":9.430576459226,"TOTAL_ASSETS":93515417980.8,"TOTAL_LIABILITIES":48952649361.6,"TAX_EBT":7.300077816293,"OCF_SALES":10.597883913376,"TOTAL_PARENT_EQUITY":44562768619.2,"DEBT_ASSET_RATIO":52.3471427692,"OPERATE_PROFIT":4463757151.2,"PRETAX_PROFIT":4231223920.8,"NETCASH_OPERATE":5522671348.8,"NETCASH_INVEST":-1671883138.8,"NETCASH_FINANCE":-1759214946,"END_CASH":8741340906,"DIVI_RATIO":0.464196481826,"DIVIDEND_RATE":1.948912015137,"CURRENT_RATIO":1.541854350961,"COMMON_ACS":null,"CURRENTDEBT_DEBT":74.883560650663,"ISSUED_COMMON_SHARES":1832304941,"HK_COMMON_SHARES":1832304941,"PER_SHARES":500,"TOTAL_MARKET_CAP":193674632263.7,"HKSK_MARKET_CAP":193674632263.7,"PE_TTM":23.620192216427,"PB_TTM":3.966606405847,"REPORT_DATE_SQ":"2023-06-30 00:00:00","REPORT_TYPE_SQ":"2023年中报","OPERATE_INCOME_SQ":49709630971.2,"DPS_HKD":2.06,"OPERATE_INCOME_QOQ_SQ":2.71296248842,"NET_PROFIT_RATIO_SQ":6.9159312412,"HOLDER_PROFIT_SQ":3437883898.2,"HOLDER_PROFIT_QOQ_SQ":-5.881492075156,"ROE_AVG_SQ":8.730511456595,"PE_TTM_SQ":20.075052981812,"PB_TTM_SQ":3.415070556273,"ROA_SQ":3.557782778352,"START_DATE":"2024-01-01 00:00:00","FISCAL_YEAR":"12-31","CURRENCY":"HKD","IS_CNY_CODE":0,"DPS_HKD_LY":2.06,"ORG_TYPE":"一般企业","PREMIUM_INCOME":null,"PREMIUM_INCOME_YOY":null,"NET_INTEREST_INCOME":null,"NET_INTEREST_INCOME_YOY":null,"FEE_COMMISSION_INCOME":null,"FEE_COMMISSION_INCOME_YOY":null,"ACCOUNTS_RECE_TDAYS":3.452975445441,"INVENTORY_TDAYS":1.080944743034,"CURRENT_ASSETS_TDAYS":0.97147244947,"TOTAL_ASSETS_TDAYS":0.572958111498,"PREMIUM_EXPENSE":null,"LOAN_DEPOSIT":null,"LOAN_EQUITY":null,"LOAN_ASSETS":null,"DEPOSIT_EQUITY":null,"DEPOSIT_ASSETS":null,"EQUITY_MULTIPLIER":2.098510053986,"EQUITY_RATIO":1.098510053985},{"SECUCODE":"00669.HK","SECURITY_CODE":"00669","SECURITY_NAME_ABBR":"创科实业","ORG_CODE":"10009041","STD_REPORT_DATE":"2023-12-31 00:00:00","REPORT_DATE":"2023-12-31 00:00:00","DATE_TYPE_CODE":"001","REPORT_TYPE":"2023年年报","PER_NETCASH_OPERATE":8.123518354935,"PER_OI":53.01996045281,"BPS":22.216920051956,"BASIC_EPS":3.77932872,"DILUTED_EPS":3.76587159,"OPERATE_INCOME":97255464689.7,"OPERATE_INCOME_YOY":3.6026632731,"GROSS_PROFIT":38385655897.2,"GROSS_PROFIT_YOY":5.735373539736,"HOLDER_PROFIT":6915123318,"HOLDER_PROFIT_YOY":-9.3589565056,"GROSS_PROFIT_RATIO":39.468893619163,"EPS_TTM":3.769860809533,"OPERATE_INCOME_QOQ":2.576607752021,"NET_PROFIT_RATIO":7.1102671095,"ROE_AVG":17.827759275035,"GROSS_PROFIT_QOQ":2.6609904818,"ROA":7.592782540473,"HOLDER_PROFIT_QOQ":-2.061706744732,"ROE_YEARLY":17.827759275035,"ROIC_YEARLY":8.367883471176,"TOTAL_ASSETS":87839524994.1,"TOTAL_LIABILITIES":47131352609.1,"TAX_EBT":7.509927852552,"OCF_SALES":15.321622810649,"TOTAL_PARENT_EQUITY":40708172385,"DEBT_ASSET_RATIO":53.6562015929,"OPERATE_PROFIT":8036661780.3,"PRETAX_PROFIT":7476611443.2,"NETCASH_OPERATE":14901115462.5,"NETCASH_INVEST":-5515879271.4,"NETCASH_FINANCE":-12760482710.7,"END_CASH":6751512948,"DIVI_RATIO":0.497044876368,"DIVIDEND_RATE":2.023575638507,"CURRENT_RATIO":1.489026896589,"COMMON_ACS":null,"CURRENTDEBT_DEBT":71.883945634437,"ISSUED_COMMON_SHARES":1832304941,"HK_COMMON_SHARES":1832304941,"PER_SHARES":500,"TOTAL_MARKET_CAP":186528642993.8,"HKSK_MARKET_CAP":186528642993.8,"PE_TTM":22.748680866909,"PB_TTM":3.820251013389,"REPORT_DATE_SQ":"2022-12-31 00:00:00","REPORT_TYPE_SQ":"2022年年报","OPERATE_INCOME_SQ":92308230338.2,"DPS_HKD":2.06,"OPERATE_INCOME_QOQ_SQ":2.47306784133,"NET_PROFIT_RATIO_SQ":8.1270314278,"HOLDER_PROFIT_SQ":7501918890,"HOLDER_PROFIT_QOQ_SQ":-0.020910274302,"ROE_AVG_SQ":21.699236673976,"PE_TTM_SQ":22.351726213246,"PB_TTM_SQ":3.802367153994,"ROA_SQ":8.184053097307,"START_DATE":"2023-01-01 00:00:00","FISCAL_YEAR":"12-31","CURRENCY":"HKD","IS_CNY_CODE":0,"DPS_HKD_LY":1.85,"ORG_TYPE":"一般企业","PREMIUM_INCOME":null,"PREMIUM_INCOME_YOY":null,"NET_INTEREST_INCOME":null,"NET_INTEREST_INCOME_YOY":null,"FEE_COMMISSION_INCOME":null,"FEE_COMMISSION_INCOME_YOY":null,"ACCOUNTS_RECE_TDAYS":7.922428756673,"INVENTORY_TDAYS":1.810230562363,"CURRENT_ASSETS_TDAYS":1.753712382792,"TOTAL_ASSETS_TDAYS":1.067861786845,"PREMIUM_EXPENSE":null,"LOAN_DEPOSIT":null,"LOAN_EQUITY":null,"LOAN_ASSETS":null,"DEPOSIT_EQUITY":null,"DEPOSIT_ASSETS":null,"EQUITY_MULTIPLIER":2.15778601317,"EQUITY_RATIO":1.157786013171},{"SECUCODE":"00669.HK","SECURITY_CODE":"00669","SECURITY_NAME_ABBR":"创科实业","ORG_CODE":"10009041","STD_REPORT_DATE":"2023-06-30 00:00:00","REPORT_DATE":"2023-06-30 00:00:00","DATE_TYPE_CODE":"002","REPORT_TYPE":"2023年中报","PER_NETCASH_OPERATE":2.732190511756,"PER_OI":27.09240511574,"BPS":22.453603245182,"BASIC_EPS":1.878708,"DILUTED_EPS":1.87292736,"OPERATE_INCOME":49709630971.2,"OPERATE_INCOME_YOY":-2.1915074572,"GROSS_PROFIT":19521683731.2,"GROSS_PROFIT_YOY":5.897524094072,"HOLDER_PROFIT":3437883898.2,"HOLDER_PROFIT_YOY":-17.6835851263,"GROSS_PROFIT_RATIO":39.271431611533,"EPS_TTM":3.848171509132,"OPERATE_INCOME_QOQ":2.71296248842,"NET_PROFIT_RATIO":6.9159312412,"ROE_AVG":8.730511456595,"GROSS_PROFIT_QOQ":2.994694521754,"ROA":3.557782778352,"HOLDER_PROFIT_QOQ":-5.881492075156,"ROE_YEARLY":17.461022913191,"ROIC_YEARLY":7.985609491244,"TOTAL_ASSETS":97044061998.6,"TOTAL_LIABILITIES":55902213829.2,"TAX_EBT":6.896936347412,"OCF_SALES":10.084710087879,"TOTAL_PARENT_EQUITY":41141848169.4,"DEBT_ASSET_RATIO":57.604981364,"OPERATE_PROFIT":4046245677.6,"PRETAX_PROFIT":3692557219.2,"NETCASH_OPERATE":5013072169.2,"NETCASH_INVEST":-2642742414.6,"NETCASH_FINANCE":-1771310934.6,"END_CASH":10730789902.8,"DIVI_RATIO":0.486929960256,"DIVIDEND_RATE":2.023575638507,"CURRENT_RATIO":1.429545644872,"COMMON_ACS":null,"CURRENTDEBT_DEBT":76.248611447541,"ISSUED_COMMON_SHARES":1832304941,"HK_COMMON_SHARES":1832304941,"PER_SHARES":500,"TOTAL_MARKET_CAP":186528642993.8,"HKSK_MARKET_CAP":186528642993.8,"PE_TTM":22.748680866909,"PB_TTM":3.820251013389,"REPORT_DATE_SQ":"2022-06-30 00:00:00","REPORT_TYPE_SQ":"2022年中报","OPERATE_INCOME_SQ":47205343308.4,"DPS_HKD":2.06,"OPERATE_INCOME_QOQ_SQ":7.010130558083,"NET_PROFIT_RATIO_SQ":8.2175202876,"HOLDER_PROFIT_SQ":3879108663.2,"HOLDER_PROFIT_QOQ_SQ":7.086921623428,"ROE_AVG_SQ":11.82995256766,"PE_TTM_SQ":22.351726213246,"PB_TTM_SQ":3.802367153994,"ROA_SQ":4.357954591508,"START_DATE":"2023-01-01 00:00:00","FISCAL_YEAR":"12-31","CURRENCY":"HKD","IS_CNY_CODE":0,"DPS_HKD_LY":1.85,"ORG_TYPE":"一般企业","PREMIUM_INCOME":null,"PREMIUM_INCOME_YOY":null,"NET_INTEREST_INCOME":null,"NET_INTEREST_INCOME_YOY":null,"FEE_COMMISSION_INCOME":null,"FEE_COMMISSION_INCOME_YOY":null,"ACCOUNTS_RECE_TDAYS":3.742760892936,"INVENTORY_TDAYS":0.864453135831,"CURRENT_ASSETS_TDAYS":0.810782789865,"TOTAL_ASSETS_TDAYS":0.514432930909,"PREMIUM_EXPENSE":null,"LOAN_DEPOSIT":null,"LOAN_EQUITY":null,"LOAN_ASSETS":null,"DEPOSIT_EQUITY":null,"DEPOSIT_ASSETS":null,"EQUITY_MULTIPLIER":2.358767685859,"EQUITY_RATIO":1.358767685861},{"SECUCODE":"00669.HK","SECURITY_CODE":"00669","SECURITY_NAME_ABBR":"创科实业","ORG_CODE":"10009041","STD_REPORT_DATE":"2022-12-31 00:00:00","REPORT_DATE":"2022-12-31 00:00:00","DATE_TYPE_CODE":"001","REPORT_TYPE":"2022年年报","PER_NETCASH_OPERATE":4.680917202708,"PER_OI":50.312494648513,"BPS":19.786058620141,"BASIC_EPS":4.09936356,"DILUTED_EPS":4.08613082,"OPERATE_INCOME":92308230338.2,"OPERATE_INCOME_YOY":0.3844230938,"GROSS_PROFIT":36303513774.2,"GROSS_PROFIT_YOY":11.176764019631,"HOLDER_PROFIT":7501918890,"HOLDER_PROFIT_YOY":-1.9884386121,"GROSS_PROFIT_RATIO":39.32857735566,"EPS_TTM":4.088912252178,"OPERATE_INCOME_QOQ":2.47306784133,"NET_PROFIT_RATIO":8.1270314278,"ROE_AVG":21.699236673976,"GROSS_PROFIT_QOQ":3.240759532055,"ROA":8.184053097307,"HOLDER_PROFIT_QOQ":-0.020910274302,"ROE_YEARLY":21.699236673976,"ROIC_YEARLY":9.358460442683,"TOTAL_ASSETS":92737813830.8,"TOTAL_LIABILITIES":56483720858.2,"TAX_EBT":6.893180637516,"OCF_SALES":9.303687355217,"TOTAL_PARENT_EQUITY":36254092972.6,"DEBT_ASSET_RATIO":60.9068928035,"OPERATE_PROFIT":8363857786,"PRETAX_PROFIT":8057324846.2,"NETCASH_OPERATE":8588069153.8,"NETCASH_INVEST":-6402069258,"NETCASH_FINANCE":-4963942039.4,"END_CASH":9951925878,"DIVI_RATIO":0.458261240261,"DIVIDEND_RATE":2.023575638507,"CURRENT_RATIO":1.372014595854,"COMMON_ACS":null,"CURRENTDEBT_DEBT":76.722875884528,"ISSUED_COMMON_SHARES":1832304941,"HK_COMMON_SHARES":1832304941,"PER_SHARES":500,"TOTAL_MARKET_CAP":186528642993.8,"HKSK_MARKET_CAP":186528642993.8,"PE_TTM":22.748680866909,"PB_TTM":3.820251013389,"REPORT_DATE_SQ":"2021-12-31 00:00:00","REPORT_TYPE_SQ":"2021年年报","OPERATE_INCOME_SQ":84179393587.7,"DPS_HKD":2.06,"OPERATE_INCOME_QOQ_SQ":11.419205765571,"NET_PROFIT_RATIO_SQ":8.3245292548,"HOLDER_PROFIT_SQ":7006913427.1,"HOLDER_PROFIT_QOQ_SQ":11.930772153623,"ROE_AVG_SQ":25.482582331529,"PE_TTM_SQ":22.351726213246,"PB_TTM_SQ":3.802367153994,"ROA_SQ":9.81342620375,"START_DATE":"2022-01-01 00:00:00","FISCAL_YEAR":"12-31","CURRENCY":"HKD","IS_CNY_CODE":0,"DPS_HKD_LY":1.95,"ORG_TYPE":"一般企业","PREMIUM_INCOME":null,"PREMIUM_INCOME_YOY":null,"NET_INTEREST_INCOME":null,"NET_INTEREST_INCOME_YOY":null,"FEE_COMMISSION_INCOME":null,"FEE_COMMISSION_INCOME_YOY":null,"ACCOUNTS_RECE_TDAYS":7.210326161315,"INVENTORY_TDAYS":1.618832012061,"CURRENT_ASSETS_TDAYS":1.506241953931,"TOTAL_ASSETS_TDAYS":1.007016297408,"PREMIUM_EXPENSE":null,"LOAN_DEPOSIT":null,"LOAN_EQUITY":null,"LOAN_ASSETS":null,"DEPOSIT_EQUITY":null,"DEPOSIT_ASSETS":null,"EQUITY_MULTIPLIER":2.55799569723,"EQUITY_RATIO":1.557995697228},{"SECUCODE":"00669.HK","SECURITY_CODE":"00669","SECURITY_NAME_ABBR":"创科实业","ORG_CODE":"10009041","STD_REPORT_DATE":"2022-06-30 00:00:00","REPORT_DATE":"2022-06-30 00:00:00","DATE_TYPE_CODE":"002","REPORT_TYPE":"2022年中报","PER_NETCASH_OPERATE":0.220820042552,"PER_OI":25.729498487713,"BPS":18.493880745912,"BASIC_EPS":2.12013126,"DILUTED_EPS":2.11207758,"OPERATE_INCOME":47205343308.4,"OPERATE_INCOME_YOY":10.0075401771,"GROSS_PROFIT":18434504393,"GROSS_PROFIT_YOY":15.762360429232,"HOLDER_PROFIT":3879108663.2,"HOLDER_PROFIT_YOY":10.3864752752,"GROSS_PROFIT_RATIO":39.051732496816,"EPS_TTM":4.089812016713,"OPERATE_INCOME_QOQ":7.010130558083,"NET_PROFIT_RATIO":8.2175202876,"ROE_AVG":11.82995256766,"GROSS_PROFIT_QOQ":7.686890839961,"ROA":4.357954591508,"HOLDER_PROFIT_QOQ":7.086921623428,"ROE_YEARLY":23.659905135319,"ROIC_YEARLY":9.889825399892,"TOTAL_ASSETS":90725443454,"TOTAL_LIABILITIES":56839014385,"TAX_EBT":6.996188051819,"OCF_SALES":0.858236870248,"TOTAL_PARENT_EQUITY":33886429069,"DEBT_ASSET_RATIO":62.6494754074,"OPERATE_PROFIT":4240853123.2,"PRETAX_PROFIT":4170913623.8,"NETCASH_OPERATE":405133661,"NETCASH_INVEST":-2936257634.2,"NETCASH_FINANCE":-1227488214.4,"END_CASH":8551518229.2,"DIVI_RATIO":0.458160422128,"DIVIDEND_RATE":2.023575638507,"CURRENT_RATIO":1.41064889198,"COMMON_ACS":null,"CURRENTDEBT_DEBT":78.026089189724,"ISSUED_COMMON_SHARES":1832304941,"HK_COMMON_SHARES":1832304941,"PER_SHARES":500,"TOTAL_MARKET_CAP":186528642993.8,"HKSK_MARKET_CAP":186528642993.8,"PE_TTM":22.748680866909,"PB_TTM":3.820251013389,"REPORT_DATE_SQ":"2021-06-30 00:00:00","REPORT_TYPE_SQ":"2021年中报","OPERATE_INCOME_SQ":41304257914.9,"DPS_HKD":2.06,"OPERATE_INCOME_QOQ_SQ":18.009493486801,"NET_PROFIT_RATIO_SQ":8.1908439008,"HOLDER_PROFIT_SQ":3382534200.4,"HOLDER_PROFIT_QOQ_SQ":19.812193965779,"ROE_AVG_SQ":12.819950001108,"PE_TTM_SQ":22.351726213246,"PB_TTM_SQ":3.802367153994,"ROA_SQ":4.835310945935,"START_DATE":"2022-01-01 00:00:00","FISCAL_YEAR":"12-31","CURRENCY":"HKD","IS_CNY_CODE":0,"DPS_HKD_LY":1.95,"ORG_TYPE":"一般企业","PREMIUM_INCOME":null,"PREMIUM_INCOME_YOY":null,"NET_INTEREST_INCOME":null,"NET_INTEREST_INCOME_YOY":null,"FEE_COMMISSION_INCOME":null,"FEE_COMMISSION_INCOME_YOY":null,"ACCOUNTS_RECE_TDAYS":3.341004361979,"INVENTORY_TDAYS":0.850442201632,"CURRENT_ASSETS_TDAYS":0.765221654179,"TOTAL_ASSETS_TDAYS":0.530324774261,"PREMIUM_EXPENSE":null,"LOAN_DEPOSIT":null,"LOAN_EQUITY":null,"LOAN_ASSETS":null,"DEPOSIT_EQUITY":null,"DEPOSIT_ASSETS":null,"EQUITY_MULTIPLIER":2.677338567282,"EQUITY_RATIO":1.677338567285},{"SECUCODE":"00669.HK","SECURITY_CODE":"00669","SECURITY_NAME_ABBR":"创科实业","ORG_CODE":"10009041","STD_REPORT_DATE":"2021-12-31 00:00:00","REPORT_DATE":"2021-12-31 00:00:00","DATE_TYPE_CODE":"001","REPORT_TYPE":"2021年年报","PER_NETCASH_OPERATE":-0.350831559056,"PER_OI":45.887221339317,"BPS":16.432503858319,"BASIC_EPS":3.82797028,"DILUTED_EPS":3.80820561,"OPERATE_INCOME":84179393587.7,"OPERATE_INCOME_YOY":34.5621727648,"GROSS_PROFIT":32653868004.1,"GROSS_PROFIT_YOY":33.343766869995,"HOLDER_PROFIT":7006913427.1,"HOLDER_PROFIT_YOY":37.2449922574,"GROSS_PROFIT_RATIO":38.790809261509,"EPS_TTM":3.819554568302,"OPERATE_INCOME_QOQ":11.419205765571,"NET_PROFIT_RATIO":8.3245292548,"ROE_AVG":25.482582331529,"GROSS_PROFIT_QOQ":12.187244519493,"ROA":9.81342620375,"HOLDER_PROFIT_QOQ":11.930772153623,"ROE_YEARLY":25.482582331529,"ROIC_YEARLY":11.574685904536,"TOTAL_ASSETS":82932204656.5,"TOTAL_LIABILITIES":52822846643.9,"TAX_EBT":6.999682694138,"OCF_SALES":-0.764551761506,"TOTAL_PARENT_EQUITY":30109358012.6,"DEBT_ASSET_RATIO":63.6940098996,"OPERATE_PROFIT":7598559260,"PRETAX_PROFIT":7534961652.5,"NETCASH_OPERATE":-643595036.5,"NETCASH_INVEST":-6534607946.8,"NETCASH_FINANCE":9385712599.9,"END_CASH":11950618455.7,"DIVI_RATIO":0.49057814635,"DIVIDEND_RATE":2.023575638507,"CURRENT_RATIO":1.356728507539,"COMMON_ACS":null,"CURRENTDEBT_DEBT":80.614945491427,"ISSUED_COMMON_SHARES":1832304941,"HK_COMMON_SHARES":1832304941,"PER_SHARES":500,"TOTAL_MARKET_CAP":186528642993.8,"HKSK_MARKET_CAP":186528642993.8,"PE_TTM":22.748680866909,"PB_TTM":3.820251013389,"REPORT_DATE_SQ":"2020-12-31 00:00:00","REPORT_TYPE_SQ":"2020年年报","OPERATE_INCOME_SQ":64021933830.9,"DPS_HKD":2.06,"OPERATE_INCOME_QOQ_SQ":11.094740174702,"NET_PROFIT_RATIO_SQ":8.163481619,"HOLDER_PROFIT_SQ":5224878924,"HOLDER_PROFIT_QOQ_SQ":11.697142099654,"ROE_AVG_SQ":21.945694846971,"PE_TTM_SQ":22.351726213246,"PB_TTM_SQ":3.802367153994,"ROA_SQ":9.371942562618,"START_DATE":"2021-01-01 00:00:00","FISCAL_YEAR":"12-31","CURRENCY":"HKD","IS_CNY_CODE":0,"DPS_HKD_LY":1.67,"ORG_TYPE":"一般企业","PREMIUM_INCOME":null,"PREMIUM_INCOME_YOY":null,"NET_INTEREST_INCOME":null,"NET_INTEREST_INCOME_YOY":null,"FEE_COMMISSION_INCOME":null,"FEE_COMMISSION_INCOME_YOY":null,"ACCOUNTS_RECE_TDAYS":7.75546357611,"INVENTORY_TDAYS":2.001983764247,"CURRENT_ASSETS_TDAYS":1.714519549187,"TOTAL_ASSETS_TDAYS":1.178961714661,"PREMIUM_EXPENSE":null,"LOAN_DEPOSIT":null,"LOAN_EQUITY":null,"LOAN_ASSETS":null,"DEPOSIT_EQUITY":null,"DEPOSIT_ASSETS":null,"EQUITY_MULTIPLIER":2.754366420623,"EQUITY_RATIO":1.754366420626},{"SECUCODE":"00669.HK","SECURITY_CODE":"00669","SECURITY_NAME_ABBR":"创科实业","ORG_CODE":"10009041","STD_REPORT_DATE":"2021-06-30 00:00:00","REPORT_DATE":"2021-06-30 00:00:00","DATE_TYPE_CODE":"002","REPORT_TYPE":"2021年中报","PER_NETCASH_OPERATE":-1.132427069019,"PER_OI":22.528561685533,"BPS":15.039007373173,"BASIC_EPS":1.84888062,"DILUTED_EPS":1.83983648,"OPERATE_INCOME":41304257914.9,"OPERATE_INCOME_YOY":52.0259067641,"GROSS_PROFIT":15924437204.5,"GROSS_PROFIT_YOY":40.845152916358,"HOLDER_PROFIT":3382534200.4,"HOLDER_PROFIT_YOY":57.9151499067,"GROSS_PROFIT_RATIO":38.553984524572,"EPS_TTM":3.414411759651,"OPERATE_INCOME_QOQ":18.009493486801,"NET_PROFIT_RATIO":8.1908439008,"ROE_AVG":12.819950001108,"GROSS_PROFIT_QOQ":18.858224427489,"ROA":4.835310945935,"HOLDER_PROFIT_QOQ":19.812193965779,"ROE_YEARLY":25.639900002216,"ROIC_YEARLY":11.731198970459,"TOTAL_ASSETS":79246750850.9,"TOTAL_LIABILITIES":51690703333.3,"TAX_EBT":6.999928967183,"OCF_SALES":-5.026628352161,"TOTAL_PARENT_EQUITY":27556047517.6,"DEBT_ASSET_RATIO":65.2275364962,"OPERATE_PROFIT":3690997515.3,"PRETAX_PROFIT":3637811512,"NETCASH_OPERATE":-2076211539,"NETCASH_INVEST":-2325597239.4,"NETCASH_FINANCE":9154097362.1,"END_CASH":14666681574.9,"DIVI_RATIO":0.548788526956,"DIVIDEND_RATE":2.023575638507,"CURRENT_RATIO":1.355491415474,"COMMON_ACS":null,"CURRENTDEBT_DEBT":82.74570635402,"ISSUED_COMMON_SHARES":1832304941,"HK_COMMON_SHARES":1832304941,"PER_SHARES":500,"TOTAL_MARKET_CAP":186528642993.8,"HKSK_MARKET_CAP":186528642993.8,"PE_TTM":22.748680866909,"PB_TTM":3.820251013389,"REPORT_DATE_SQ":"2020-06-30 00:00:00","REPORT_TYPE_SQ":"2020年中报","OPERATE_INCOME_SQ":29774231911.5,"DPS_HKD":2.06,"OPERATE_INCOME_QOQ_SQ":7.747377533785,"NET_PROFIT_RATIO_SQ":7.8855656981,"HOLDER_PROFIT_SQ":2347371053.5,"HOLDER_PROFIT_QOQ_SQ":9.04625466847,"ROE_AVG_SQ":9.497922589924,"PE_TTM_SQ":22.351726213246,"PB_TTM_SQ":3.802367153994,"ROA_SQ":4.045166324957,"START_DATE":"2021-01-01 00:00:00","FISCAL_YEAR":"12-31","CURRENCY":"HKD","IS_CNY_CODE":0,"DPS_HKD_LY":1.67,"ORG_TYPE":"一般企业","PREMIUM_INCOME":null,"PREMIUM_INCOME_YOY":null,"NET_INTEREST_INCOME":null,"NET_INTEREST_INCOME_YOY":null,"FEE_COMMISSION_INCOME":null,"FEE_COMMISSION_INCOME_YOY":null,"ACCOUNTS_RECE_TDAYS":3.846965507117,"INVENTORY_TDAYS":1.021104856838,"CURRENT_ASSETS_TDAYS":0.83498494415,"TOTAL_ASSETS_TDAYS":0.590441717887,"PREMIUM_EXPENSE":null,"LOAN_DEPOSIT":null,"LOAN_EQUITY":null,"LOAN_ASSETS":null,"DEPOSIT_EQUITY":null,"DEPOSIT_ASSETS":null,"EQUITY_MULTIPLIER":2.875838808173,"EQUITY_RATIO":1.87583880817},{"SECUCODE":"00669.HK","SECURITY_CODE":"00669","SECURITY_NAME_ABBR":"创科实业","ORG_CODE":"10009041","STD_REPORT_DATE":"2020-12-31 00:00:00","REPORT_DATE":"2020-12-31 00:00:00","DATE_TYPE_CODE":"001","REPORT_TYPE":"2020年年报","PER_NETCASH_OPERATE":4.126759174624,"PER_OI":34.934639163997,"BPS":13.898733095486,"BASIC_EPS":2.8579062,"DILUTED_EPS":2.84681387,"OPERATE_INCOME":64021933830.9,"OPERATE_INCOME_YOY":27.9809321351,"GROSS_PROFIT":24488484741.8,"GROSS_PROFIT_YOY":21.351793954784,"HOLDER_PROFIT":5224878924,"HOLDER_PROFIT_YOY":30.2260530168,"GROSS_PROFIT_RATIO":38.250148467057,"EPS_TTM":2.851042587492,"OPERATE_INCOME_QOQ":11.094740174702,"NET_PROFIT_RATIO":8.163481619,"ROE_AVG":21.945694846971,"GROSS_PROFIT_QOQ":12.11331776998,"ROA":9.371942562618,"HOLDER_PROFIT_QOQ":11.697142099654,"ROE_YEARLY":21.945694846971,"ROIC_YEARLY":11.323613883942,"TOTAL_ASSETS":61271434009.8,"TOTAL_LIABILITIES":35805356125.5,"TAX_EBT":6.996542251183,"OCF_SALES":11.812800341951,"TOTAL_PARENT_EQUITY":25466717324.5,"DEBT_ASSET_RATIO":58.4372745704,"OPERATE_PROFIT":5665290099.3,"PRETAX_PROFIT":5619596224.6,"NETCASH_OPERATE":7562783218.5,"NETCASH_INVEST":-3786177623.4,"NETCASH_FINANCE":-3250007015.7,"END_CASH":10008387512.4,"DIVI_RATIO":0.657229747539,"DIVIDEND_RATE":2.023575638507,"CURRENT_RATIO":1.553384532646,"COMMON_ACS":null,"CURRENTDEBT_DEBT":74.377015377691,"ISSUED_COMMON_SHARES":1832304941,"HK_COMMON_SHARES":1832304941,"PER_SHARES":500,"TOTAL_MARKET_CAP":186528642993.8,"HKSK_MARKET_CAP":186528642993.8,"PE_TTM":22.748680866909,"PB_TTM":3.820251013389,"REPORT_DATE_SQ":"2019-12-31 00:00:00","REPORT_TYPE_SQ":"2019年年报","OPERATE_INCOME_SQ":53484579040.2,"DPS_HKD":2.06,"OPERATE_INCOME_QOQ_SQ":4.629763365044,"NET_PROFIT_RATIO_SQ":8.0216301076,"HOLDER_PROFIT_SQ":4289665380,"HOLDER_PROFIT_QOQ_SQ":5.514150855371,"ROE_AVG_SQ":19.059527470021,"PE_TTM_SQ":22.351726213246,"PB_TTM_SQ":3.802367153994,"ROA_SQ":8.754948507192,"START_DATE":"2020-01-01 00:00:00","FISCAL_YEAR":"12-31","CURRENCY":"HKD","IS_CNY_CODE":0,"DPS_HKD_LY":1.11,"ORG_TYPE":"一般企业","PREMIUM_INCOME":null,"PREMIUM_INCOME_YOY":null,"NET_INTEREST_INCOME":null,"NET_INTEREST_INCOME_YOY":null,"FEE_COMMISSION_INCOME":null,"FEE_COMMISSION_INCOME_YOY":null,"ACCOUNTS_RECE_TDAYS":7.519895615986,"INVENTORY_TDAYS":2.270647719303,"CURRENT_ASSETS_TDAYS":1.726861552812,"TOTAL_ASSETS_TDAYS":1.148370891151,"PREMIUM_EXPENSE":null,"LOAN_DEPOSIT":null,"LOAN_EQUITY":null,"LOAN_ASSETS":null,"DEPOSIT_EQUITY":null,"DEPOSIT_ASSETS":null,"EQUITY_MULTIPLIER":2.406001987752,"EQUITY_RATIO":1.405966684644},{"SECUCODE":"00669.HK","SECURITY_CODE":"00669","SECURITY_NAME_ABBR":"创科实业","ORG_CODE":"10009041","STD_REPORT_DATE":"2020-06-30 00:00:00","REPORT_DATE":"2020-06-30 00:00:00","DATE_TYPE_CODE":"002","REPORT_TYPE":"2020年中报","PER_NETCASH_OPERATE":0.82648595037,"PER_OI":16.259850225763,"BPS":13.860551826673,"BASIC_EPS":1.2842213,"DILUTED_EPS":1.2799736,"OPERATE_INCOME":29774231911.5,"OPERATE_INCOME_YOY":12.8062867079,"GROSS_PROFIT":11306343793,"GROSS_PROFIT_YOY":17.243500819393,"HOLDER_PROFIT":2347371053.5,"HOLDER_PROFIT_YOY":16.3397706699,"GROSS_PROFIT_RATIO":37.973586780027,"EPS_TTM":2.55452492049,"OPERATE_INCOME_QOQ":7.747377533785,"NET_PROFIT_RATIO":7.8855656981,"ROE_AVG":9.497922589924,"GROSS_PROFIT_QOQ":8.240302194747,"ROA":4.045166324957,"HOLDER_PROFIT_QOQ":9.04625466847,"ROE_YEARLY":18.995845179849,"ROIC_YEARLY":9.996597684224,"TOTAL_ASSETS":61559721455,"TOTAL_LIABILITIES":36164832846,"TAX_EBT":6.901740172754,"OCF_SALES":5.082986244611,"TOTAL_PARENT_EQUITY":25396757597,"DEBT_ASSET_RATIO":58.747557642,"OPERATE_PROFIT":2569207186,"PRETAX_PROFIT":2521923205.5,"NETCASH_OPERATE":1513420112.5,"NETCASH_INVEST":-1245907046,"NETCASH_FINANCE":1935145927.5,"END_CASH":12140521278,"DIVI_RATIO":0.73351799584,"DIVIDEND_RATE":2.023575638507,"CURRENT_RATIO":1.556878509102,"COMMON_ACS":null,"CURRENTDEBT_DEBT":74.52225633605,"ISSUED_COMMON_SHARES":1832304941,"HK_COMMON_SHARES":1832304941,"PER_SHARES":500,"TOTAL_MARKET_CAP":186528642993.8,"HKSK_MARKET_CAP":186528642993.8,"PE_TTM":22.748680866909,"PB_TTM":3.820251013389,"REPORT_DATE_SQ":"2019-06-30 00:00:00","REPORT_TYPE_SQ":"2019年中报","OPERATE_INCOME_SQ":25630579650.9,"DPS_HKD":2.06,"OPERATE_INCOME_QOQ_SQ":6.08071866133,"NET_PROFIT_RATIO_SQ":7.6460331089,"HOLDER_PROFIT_SQ":1959316998.8,"HOLDER_PROFIT_QOQ_SQ":7.221741170932,"ROE_AVG_SQ":9.136644128859,"PE_TTM_SQ":22.351726213246,"PB_TTM_SQ":3.802367153994,"ROA_SQ":4.17744756699,"START_DATE":"2020-01-01 00:00:00","FISCAL_YEAR":"12-31","CURRENCY":"HKD","IS_CNY_CODE":0,"DPS_HKD_LY":1.11,"ORG_TYPE":"一般企业","PREMIUM_INCOME":null,"PREMIUM_INCOME_YOY":null,"NET_INTEREST_INCOME":null,"NET_INTEREST_INCOME_YOY":null,"FEE_COMMISSION_INCOME":null,"FEE_COMMISSION_INCOME_YOY":null,"ACCOUNTS_RECE_TDAYS":2.977347591084,"INVENTORY_TDAYS":1.175145668856,"CURRENT_ASSETS_TDAYS":0.768113259392,"TOTAL_ASSETS_TDAYS":0.513091954935,"PREMIUM_EXPENSE":null,"LOAN_DEPOSIT":null,"LOAN_EQUITY":null,"LOAN_ASSETS":null,"DEPOSIT_EQUITY":null,"DEPOSIT_ASSETS":null,"EQUITY_MULTIPLIER":2.42409889655,"EQUITY_RATIO":1.423994094832}],"count":48},"success":true,"message":"ok","code":0}