{"version":"113d4d9f93c49131dfa69bdf18586a58","result":{"pages":6,"data":[{"SECUCODE":"00662.HK","SECURITY_CODE":"00662","SECURITY_NAME_ABBR":"亚洲金融","ORG_CODE":"10009036","STD_REPORT_DATE":"2024-06-30 00:00:00","REPORT_DATE":"2024-06-30 00:00:00","DATE_TYPE_CODE":"002","REPORT_TYPE":"2024年中报","PER_NETCASH_OPERATE":-0.049068225067,"PER_OI":0.41227418106,"BPS":10.37472518527,"BASIC_EPS":0.35503252,"DILUTED_EPS":0.35503252,"OPERATE_INCOME":382637439.28,"OPERATE_INCOME_YOY":12.9942619659,"GROSS_PROFIT":null,"GROSS_PROFIT_YOY":null,"HOLDER_PROFIT":329830687.16,"HOLDER_PROFIT_YOY":20.5732607332,"GROSS_PROFIT_RATIO":null,"EPS_TTM":0.396207424196,"OPERATE_INCOME_QOQ":7.112520965979,"NET_PROFIT_RATIO":86.1992720264,"ROE_AVG":3.399747446311,"GROSS_PROFIT_QOQ":null,"ROA":2.423233814568,"HOLDER_PROFIT_QOQ":17.022686247681,"ROE_YEARLY":6.799494892622,"ROIC_YEARLY":5.897655834108,"TOTAL_ASSETS":13499854197.24,"TOTAL_LIABILITIES":3906864554.68,"TAX_EBT":10.923481158677,"OCF_SALES":-11.901842832132,"TOTAL_PARENT_EQUITY":9592989642.56,"DEBT_ASSET_RATIO":28.9400500005,"OPERATE_PROFIT":309643118.24,"PRETAX_PROFIT":370277926.72,"NETCASH_OPERATE":-45540906.64,"NETCASH_INVEST":-40623386.8,"NETCASH_FINANCE":-46597790.08,"END_CASH":899103885,"DIVI_RATIO":0.241056563223,"DIVIDEND_RATE":2.692307692308,"CURRENT_RATIO":null,"COMMON_ACS":1500000000,"CURRENTDEBT_DEBT":null,"ISSUED_COMMON_SHARES":924650000,"HK_COMMON_SHARES":924650000,"PER_SHARES":2000,"TOTAL_MARKET_CAP":3606135000,"HKSK_MARKET_CAP":3606135000,"PE_TTM":8.829563484291,"PB_TTM":0.343088798637,"REPORT_DATE_SQ":"2023-06-30 00:00:00","REPORT_TYPE_SQ":"2023年中报","OPERATE_INCOME_SQ":342085005.34,"DPS_HKD":0.105,"OPERATE_INCOME_QOQ_SQ":15.729022115365,"NET_PROFIT_RATIO_SQ":80.7809547938,"HOLDER_PROFIT_SQ":276339533.52,"HOLDER_PROFIT_QOQ_SQ":130.583234361573,"ROE_AVG_SQ":2.740301143849,"PE_TTM_SQ":6.929022857359,"PB_TTM_SQ":0.28345796643,"ROA_SQ":1.975131155802,"START_DATE":"2024-01-01 00:00:00","FISCAL_YEAR":"12-31","CURRENCY":"HKD","IS_CNY_CODE":0,"DPS_HKD_LY":0.105,"ORG_TYPE":"保险","PREMIUM_INCOME":1498945474.08,"PREMIUM_INCOME_YOY":31.976143371203,"NET_INTEREST_INCOME":null,"NET_INTEREST_INCOME_YOY":null,"FEE_COMMISSION_INCOME":null,"FEE_COMMISSION_INCOME_YOY":null,"ACCOUNTS_RECE_TDAYS":null,"INVENTORY_TDAYS":null,"CURRENT_ASSETS_TDAYS":null,"TOTAL_ASSETS_TDAYS":0.022207316183,"PREMIUM_EXPENSE":null,"LOAN_DEPOSIT":null,"LOAN_EQUITY":null,"LOAN_ASSETS":null,"DEPOSIT_EQUITY":null,"DEPOSIT_ASSETS":null,"EQUITY_MULTIPLIER":1.407262459384,"EQUITY_RATIO":0.407262459385},{"SECUCODE":"00662.HK","SECURITY_CODE":"00662","SECURITY_NAME_ABBR":"亚洲金融","ORG_CODE":"10009036","STD_REPORT_DATE":"2023-12-31 00:00:00","REPORT_DATE":"2023-12-31 00:00:00","DATE_TYPE_CODE":"001","REPORT_TYPE":"2023年年报","PER_NETCASH_OPERATE":-0.587068869295,"PER_OI":0.613534936942,"BPS":10.534601440675,"BASIC_EPS":0.33711384,"DILUTED_EPS":0.33711384,"OPERATE_INCOME":570155562.76,"OPERATE_INCOME_YOY":62.1896549502,"GROSS_PROFIT":null,"GROSS_PROFIT_YOY":null,"HOLDER_PROFIT":314234503.66,"HOLDER_PROFIT_YOY":181.4599262975,"GROSS_PROFIT_RATIO":null,"EPS_TTM":0.338142533337,"OPERATE_INCOME_QOQ":-63.990834924154,"NET_PROFIT_RATIO":55.1138187864,"ROE_AVG":3.204127638404,"GROSS_PROFIT_QOQ":null,"ROA":2.260728195278,"HOLDER_PROFIT_QOQ":-23.685563307715,"ROE_YEARLY":3.204127638404,"ROIC_YEARLY":2.76716861647,"TOTAL_ASSETS":13625374750.68,"TOTAL_LIABILITIES":3884555528.56,"TAX_EBT":19.591642704758,"OCF_SALES":-95.686298195366,"TOTAL_PARENT_EQUITY":9740819222.12,"DEBT_ASSET_RATIO":28.5097151428,"OPERATE_PROFIT":432579585.9,"PRETAX_PROFIT":390798312.8,"NETCASH_OPERATE":-545560751.96,"NETCASH_INVEST":156873025.54,"NETCASH_FINANCE":-88401761,"END_CASH":1024562363.58,"DIVI_RATIO":0.282450122608,"DIVIDEND_RATE":2.692307692308,"CURRENT_RATIO":null,"COMMON_ACS":1500000000,"CURRENTDEBT_DEBT":null,"ISSUED_COMMON_SHARES":924650000,"HK_COMMON_SHARES":924650000,"PER_SHARES":2000,"TOTAL_MARKET_CAP":3606135000,"HKSK_MARKET_CAP":3606135000,"PE_TTM":8.829563484291,"PB_TTM":0.343088798637,"REPORT_DATE_SQ":"2022-12-31 00:00:00","REPORT_TYPE_SQ":"2022年年报","OPERATE_INCOME_SQ":346512832.05,"DPS_HKD":0.105,"OPERATE_INCOME_QOQ_SQ":13.26727429947,"NET_PROFIT_RATIO_SQ":13.0521305664,"HOLDER_PROFIT_SQ":110049077.46,"HOLDER_PROFIT_QOQ_SQ":-40.68938018781,"ROE_AVG_SQ":1.911513005031,"PE_TTM_SQ":7.032441108962,"PB_TTM_SQ":0.287688682347,"ROA_SQ":1.288317232886,"START_DATE":"2023-01-01 00:00:00","FISCAL_YEAR":"12-31","CURRENCY":"HKD","IS_CNY_CODE":0,"DPS_HKD_LY":0.075,"ORG_TYPE":"保险","PREMIUM_INCOME":2226018871.16,"PREMIUM_INCOME_YOY":19.03853376399,"NET_INTEREST_INCOME":null,"NET_INTEREST_INCOME_YOY":null,"FEE_COMMISSION_INCOME":null,"FEE_COMMISSION_INCOME_YOY":null,"ACCOUNTS_RECE_TDAYS":null,"INVENTORY_TDAYS":null,"CURRENT_ASSETS_TDAYS":null,"TOTAL_ASSETS_TDAYS":0.030425585002,"PREMIUM_EXPENSE":null,"LOAN_DEPOSIT":null,"LOAN_EQUITY":null,"LOAN_ASSETS":null,"DEPOSIT_EQUITY":null,"DEPOSIT_ASSETS":null,"EQUITY_MULTIPLIER":1.398791460962,"EQUITY_RATIO":0.398791460962},{"SECUCODE":"00662.HK","SECURITY_CODE":"00662","SECURITY_NAME_ABBR":"亚洲金融","ORG_CODE":"10009036","STD_REPORT_DATE":"2023-06-30 00:00:00","REPORT_DATE":"2023-06-30 00:00:00","DATE_TYPE_CODE":"002","REPORT_TYPE":"2023年中报","PER_NETCASH_OPERATE":-0.204685337085,"PER_OI":0.367539307629,"BPS":10.948256491386,"BASIC_EPS":0.29595558,"DILUTED_EPS":0.29595558,"OPERATE_INCOME":342085005.34,"OPERATE_INCOME_YOY":150.0694201062,"GROSS_PROFIT":null,"GROSS_PROFIT_YOY":null,"HOLDER_PROFIT":276339533.52,"HOLDER_PROFIT_YOY":494.0068968251,"GROSS_PROFIT_RATIO":null,"EPS_TTM":0.4424018371,"OPERATE_INCOME_QOQ":15.729022115365,"NET_PROFIT_RATIO":80.7809547938,"ROE_AVG":2.740301143849,"GROSS_PROFIT_QOQ":null,"ROA":1.975131155802,"HOLDER_PROFIT_QOQ":130.583234361573,"ROE_YEARLY":5.480602287699,"ROIC_YEARLY":4.798215725361,"TOTAL_ASSETS":13561361408.92,"TOTAL_LIABILITIES":3438056044.16,"TAX_EBT":11.509096384475,"OCF_SALES":-55.690733708322,"TOTAL_PARENT_EQUITY":10123305364.76,"DEBT_ASSET_RATIO":25.3518503083,"OPERATE_PROFIT":280016389.76,"PRETAX_PROFIT":312280157.88,"NETCASH_OPERATE":-190509649.38,"NETCASH_INVEST":751413.7,"NETCASH_FINANCE":-49895713.64,"END_CASH":1288113009.68,"DIVI_RATIO":0.215886083625,"DIVIDEND_RATE":2.692307692308,"CURRENT_RATIO":null,"COMMON_ACS":1500000000,"CURRENTDEBT_DEBT":null,"ISSUED_COMMON_SHARES":924650000,"HK_COMMON_SHARES":924650000,"PER_SHARES":2000,"TOTAL_MARKET_CAP":3606135000,"HKSK_MARKET_CAP":3606135000,"PE_TTM":8.829563484291,"PB_TTM":0.343088798637,"REPORT_DATE_SQ":"2022-06-30 00:00:00","REPORT_TYPE_SQ":"2022年中报","OPERATE_INCOME_SQ":126886250.68,"DPS_HKD":0.105,"OPERATE_INCOME_QOQ_SQ":-12.356569605786,"NET_PROFIT_RATIO_SQ":4.5707964942,"HOLDER_PROFIT_SQ":43151177.02,"HOLDER_PROFIT_QOQ_SQ":-44.65925214979,"ROE_AVG_SQ":0.290439491805,"PE_TTM_SQ":7.032441108962,"PB_TTM_SQ":0.287688682347,"ROA_SQ":0.195128068207,"START_DATE":"2023-01-01 00:00:00","FISCAL_YEAR":"12-31","CURRENCY":"HKD","IS_CNY_CODE":0,"DPS_HKD_LY":0.075,"ORG_TYPE":"保险","PREMIUM_INCOME":1147343259.32,"PREMIUM_INCOME_YOY":21.534353709607,"NET_INTEREST_INCOME":null,"NET_INTEREST_INCOME_YOY":null,"FEE_COMMISSION_INCOME":null,"FEE_COMMISSION_INCOME_YOY":null,"ACCOUNTS_RECE_TDAYS":null,"INVENTORY_TDAYS":null,"CURRENT_ASSETS_TDAYS":null,"TOTAL_ASSETS_TDAYS":0.019645083447,"PREMIUM_EXPENSE":null,"LOAN_DEPOSIT":null,"LOAN_EQUITY":null,"LOAN_ASSETS":null,"DEPOSIT_EQUITY":null,"DEPOSIT_ASSETS":null,"EQUITY_MULTIPLIER":1.339617933104,"EQUITY_RATIO":0.339617933104},{"SECUCODE":"00662.HK","SECURITY_CODE":"00662","SECURITY_NAME_ABBR":"亚洲金融","ORG_CODE":"10009036","STD_REPORT_DATE":"2022-12-31 00:00:00","REPORT_DATE":"2022-12-31 00:00:00","DATE_TYPE_CODE":"001","REPORT_TYPE":"2022年年报","PER_NETCASH_OPERATE":-1.06150467214,"PER_OI":0.369973597836,"BPS":10.136671264608,"BASIC_EPS":0.11701837,"DILUTED_EPS":0.11701837,"OPERATE_INCOME":346512832.05,"OPERATE_INCOME_YOY":-13.9895235389,"GROSS_PROFIT":null,"GROSS_PROFIT_YOY":null,"HOLDER_PROFIT":110049077.46,"HOLDER_PROFIT_YOY":-70.4979796877,"GROSS_PROFIT_RATIO":null,"EPS_TTM":0.190664944426,"OPERATE_INCOME_QOQ":13.26727429947,"NET_PROFIT_RATIO":13.0521305664,"ROE_AVG":1.911513005031,"GROSS_PROFIT_QOQ":null,"ROA":1.288317232886,"HOLDER_PROFIT_QOQ":-40.68938018781,"ROE_YEARLY":1.911513005031,"ROIC_YEARLY":1.572129958056,"TOTAL_ASSETS":13162077081.51,"TOTAL_LIABILITIES":3429634237.05,"TAX_EBT":29.646972829129,"OCF_SALES":-72.666203109749,"TOTAL_PARENT_EQUITY":9732442844.46,"DEBT_ASSET_RATIO":32.9142549231,"OPERATE_PROFIT":228193860.93,"PRETAX_PROFIT":156424082.78,"NETCASH_OPERATE":-994192537.87,"NETCASH_INVEST":225745407.86,"NETCASH_FINANCE":-112039283.02,"END_CASH":1480193053.5,"DIVI_RATIO":0.500922706518,"DIVIDEND_RATE":2.692307692308,"CURRENT_RATIO":null,"COMMON_ACS":1500000000,"CURRENTDEBT_DEBT":null,"ISSUED_COMMON_SHARES":924650000,"HK_COMMON_SHARES":924650000,"PER_SHARES":2000,"TOTAL_MARKET_CAP":3606135000,"HKSK_MARKET_CAP":3606135000,"PE_TTM":8.829563484291,"PB_TTM":0.343088798637,"REPORT_DATE_SQ":"2021-12-31 00:00:00","REPORT_TYPE_SQ":"2021年年报","OPERATE_INCOME_SQ":1455944470.4,"DPS_HKD":0.105,"OPERATE_INCOME_QOQ_SQ":-0.419968859688,"NET_PROFIT_RATIO_SQ":39.4667886358,"HOLDER_PROFIT_SQ":554020476.8,"HOLDER_PROFIT_QOQ_SQ":-5.900262116261,"ROE_AVG_SQ":6.196581007552,"PE_TTM_SQ":7.032441108962,"PB_TTM_SQ":0.287688682347,"ROA_SQ":4.250627642258,"START_DATE":"2022-01-01 00:00:00","FISCAL_YEAR":"12-31","CURRENCY":"HKD","IS_CNY_CODE":0,"DPS_HKD_LY":0.12,"ORG_TYPE":"保险","PREMIUM_INCOME":1843276044.05,"PREMIUM_INCOME_YOY":15.61318524196,"NET_INTEREST_INCOME":null,"NET_INTEREST_INCOME_YOY":null,"FEE_COMMISSION_INCOME":null,"FEE_COMMISSION_INCOME_YOY":null,"ACCOUNTS_RECE_TDAYS":null,"INVENTORY_TDAYS":null,"CURRENT_ASSETS_TDAYS":null,"TOTAL_ASSETS_TDAYS":0.093430597758,"PREMIUM_EXPENSE":null,"LOAN_DEPOSIT":null,"LOAN_EQUITY":null,"LOAN_ASSETS":null,"DEPOSIT_EQUITY":null,"DEPOSIT_ASSETS":null,"EQUITY_MULTIPLIER":1.490629639506,"EQUITY_RATIO":0.352391921726},{"SECUCODE":"00662.HK","SECURITY_CODE":"00662","SECURITY_NAME_ABBR":"亚洲金融","ORG_CODE":"10009036","STD_REPORT_DATE":"2022-06-30 00:00:00","REPORT_DATE":"2022-06-30 00:00:00","DATE_TYPE_CODE":"002","REPORT_TYPE":"2022年中报","PER_NETCASH_OPERATE":-0.207380827926,"PER_OI":0.135187003041,"BPS":9.307820813735,"BASIC_EPS":0.04618026,"DILUTED_EPS":0.04618026,"OPERATE_INCOME":126886250.68,"OPERATE_INCOME_YOY":-25.4956161436,"GROSS_PROFIT":null,"GROSS_PROFIT_YOY":null,"HOLDER_PROFIT":43151177.02,"HOLDER_PROFIT_YOY":-90.7769187369,"GROSS_PROFIT_RATIO":null,"EPS_TTM":0.320780051865,"OPERATE_INCOME_QOQ":-12.356569605786,"NET_PROFIT_RATIO":4.5707964942,"ROE_AVG":0.290439491805,"GROSS_PROFIT_QOQ":null,"ROA":0.195128068207,"HOLDER_PROFIT_QOQ":-44.65925214979,"ROE_YEARLY":0.58087898361,"ROIC_YEARLY":0.47709592391,"TOTAL_ASSETS":12914425159.65,"TOTAL_LIABILITIES":4307948644.23,"TAX_EBT":40.143301145935,"OCF_SALES":-34.967238425908,"TOTAL_PARENT_EQUITY":8606476515.42,"DEBT_ASSET_RATIO":33.3576492254,"OPERATE_PROFIT":75361053.18,"PRETAX_PROFIT":72090806.62,"NETCASH_OPERATE":-194647230.33,"NETCASH_INVEST":33477267.74,"NETCASH_FINANCE":-88867068.85,"END_CASH":2010006933.97,"DIVI_RATIO":0.297737965453,"DIVIDEND_RATE":2.692307692308,"CURRENT_RATIO":null,"COMMON_ACS":1500000000,"CURRENTDEBT_DEBT":null,"ISSUED_COMMON_SHARES":924650000,"HK_COMMON_SHARES":924650000,"PER_SHARES":2000,"TOTAL_MARKET_CAP":3606135000,"HKSK_MARKET_CAP":3606135000,"PE_TTM":8.829563484291,"PB_TTM":0.343088798637,"REPORT_DATE_SQ":"2021-06-30 00:00:00","REPORT_TYPE_SQ":"2021年中报","OPERATE_INCOME_SQ":726955012.8,"DPS_HKD":0.105,"OPERATE_INCOME_QOQ_SQ":23.838620081956,"NET_PROFIT_RATIO_SQ":38.3759983789,"HOLDER_PROFIT_SQ":268414030.56,"HOLDER_PROFIT_QOQ_SQ":103.269468549374,"ROE_AVG_SQ":2.968619701796,"PE_TTM_SQ":7.032441108962,"PB_TTM_SQ":0.287688682347,"ROA_SQ":2.035305327105,"START_DATE":"2022-01-01 00:00:00","FISCAL_YEAR":"12-31","CURRENCY":"HKD","IS_CNY_CODE":0,"DPS_HKD_LY":0.12,"ORG_TYPE":"保险","PREMIUM_INCOME":875659827.84,"PREMIUM_INCOME_YOY":-6.0824581518,"NET_INTEREST_INCOME":null,"NET_INTEREST_INCOME_YOY":null,"FEE_COMMISSION_INCOME":null,"FEE_COMMISSION_INCOME_YOY":null,"ACCOUNTS_RECE_TDAYS":null,"INVENTORY_TDAYS":null,"CURRENT_ASSETS_TDAYS":null,"TOTAL_ASSETS_TDAYS":0.040785648879,"PREMIUM_EXPENSE":null,"LOAN_DEPOSIT":null,"LOAN_EQUITY":null,"LOAN_ASSETS":null,"DEPOSIT_EQUITY":null,"DEPOSIT_ASSETS":null,"EQUITY_MULTIPLIER":1.500547307195,"EQUITY_RATIO":0.500547307195},{"SECUCODE":"00662.HK","SECURITY_CODE":"00662","SECURITY_NAME_ABBR":"亚洲金融","ORG_CODE":"10009036","STD_REPORT_DATE":"2021-12-31 00:00:00","REPORT_DATE":"2021-12-31 00:00:00","DATE_TYPE_CODE":"001","REPORT_TYPE":"2021年年报","PER_NETCASH_OPERATE":-0.096122794229,"PER_OI":1.548933121411,"BPS":9.178511206619,"BASIC_EPS":0.5878544,"DILUTED_EPS":0.5878544,"OPERATE_INCOME":1455944470.4,"OPERATE_INCOME_YOY":26.9444875373,"GROSS_PROFIT":null,"GROSS_PROFIT_YOY":null,"HOLDER_PROFIT":554020476.8,"HOLDER_PROFIT_YOY":96.9001515008,"GROSS_PROFIT_RATIO":null,"EPS_TTM":0.578801714956,"OPERATE_INCOME_QOQ":-0.419968859688,"NET_PROFIT_RATIO":39.4667886358,"ROE_AVG":6.196581007552,"GROSS_PROFIT_QOQ":null,"ROA":4.250627642258,"HOLDER_PROFIT_QOQ":-5.900262116261,"ROE_YEARLY":6.196581007552,"ROIC_YEARLY":5.202552270687,"TOTAL_ASSETS":12623012248,"TOTAL_LIABILITIES":4100550977.6,"TAX_EBT":5.45390349047,"OCF_SALES":-6.555779205101,"TOTAL_PARENT_EQUITY":8522461270.4,"DEBT_ASSET_RATIO":32.5676519392,"OPERATE_PROFIT":401665622.4,"PRETAX_PROFIT":585852097.6,"NETCASH_OPERATE":-90352158.4,"NETCASH_INVEST":152407998.4,"NETCASH_FINANCE":-106811264,"END_CASH":2160703406.4,"DIVI_RATIO":0.165010568442,"DIVIDEND_RATE":2.692307692308,"CURRENT_RATIO":null,"COMMON_ACS":1500000000,"CURRENTDEBT_DEBT":null,"ISSUED_COMMON_SHARES":924650000,"HK_COMMON_SHARES":924650000,"PER_SHARES":2000,"TOTAL_MARKET_CAP":3606135000,"HKSK_MARKET_CAP":3606135000,"PE_TTM":8.829563484291,"PB_TTM":0.343088798637,"REPORT_DATE_SQ":"2020-12-31 00:00:00","REPORT_TYPE_SQ":"2020年年报","OPERATE_INCOME_SQ":1117598606.48,"DPS_HKD":0.105,"OPERATE_INCOME_QOQ_SQ":14.97172312445,"NET_PROFIT_RATIO_SQ":25.9772329168,"HOLDER_PROFIT_SQ":284433921.28,"HOLDER_PROFIT_QOQ_SQ":129.700157023004,"ROE_AVG_SQ":3.17619731686,"PE_TTM_SQ":7.032441108962,"PB_TTM_SQ":0.287688682347,"ROA_SQ":2.196347637497,"START_DATE":"2021-01-01 00:00:00","FISCAL_YEAR":"12-31","CURRENCY":"HKD","IS_CNY_CODE":0,"DPS_HKD_LY":0.11,"ORG_TYPE":"保险","PREMIUM_INCOME":1459288454.4,"PREMIUM_INCOME_YOY":6.943613919583,"NET_INTEREST_INCOME":null,"NET_INTEREST_INCOME_YOY":null,"FEE_COMMISSION_INCOME":123990675.2,"FEE_COMMISSION_INCOME_YOY":null,"ACCOUNTS_RECE_TDAYS":null,"INVENTORY_TDAYS":null,"CURRENT_ASSETS_TDAYS":null,"TOTAL_ASSETS_TDAYS":0.104251359047,"PREMIUM_EXPENSE":310.614007914823,"LOAN_DEPOSIT":null,"LOAN_EQUITY":null,"LOAN_ASSETS":null,"DEPOSIT_EQUITY":null,"DEPOSIT_ASSETS":null,"EQUITY_MULTIPLIER":1.482967787357,"EQUITY_RATIO":0.481146331734},{"SECUCODE":"00662.HK","SECURITY_CODE":"00662","SECURITY_NAME_ABBR":"亚洲金融","ORG_CODE":"10009036","STD_REPORT_DATE":"2021-06-30 00:00:00","REPORT_DATE":"2021-06-30 00:00:00","DATE_TYPE_CODE":"002","REPORT_TYPE":"2021年中报","PER_NETCASH_OPERATE":-0.242417550277,"PER_OI":0.771567017767,"BPS":9.426238504948,"BASIC_EPS":0.28457136,"DILUTED_EPS":0.28457136,"OPERATE_INCOME":726955012.8,"OPERATE_INCOME_YOY":78.1895527618,"GROSS_PROFIT":null,"GROSS_PROFIT_YOY":null,"HOLDER_PROFIT":268414030.56,"HOLDER_PROFIT_YOY":1171.0978791731,"GROSS_PROFIT_RATIO":null,"EPS_TTM":0.613648474984,"OPERATE_INCOME_QOQ":23.838620081956,"NET_PROFIT_RATIO":38.3759983789,"ROE_AVG":2.968619701796,"GROSS_PROFIT_QOQ":null,"ROA":2.035305327105,"HOLDER_PROFIT_QOQ":103.269468549374,"ROE_YEARLY":5.937239403593,"ROIC_YEARLY":4.921089156414,"TOTAL_ASSETS":12937139068.08,"TOTAL_LIABILITIES":4174168427.76,"TAX_EBT":7.481320371412,"OCF_SALES":-32.913857336593,"TOTAL_PARENT_EQUITY":8715971433.6,"DEBT_ASSET_RATIO":32.2650039224,"OPERATE_PROFIT":207587318.4,"PRETAX_PROFIT":289986536.64,"NETCASH_OPERATE":-228400967.52,"NETCASH_INVEST":-6223958.4,"NETCASH_FINANCE":-69899712.48,"END_CASH":1939993687.92,"DIVI_RATIO":0.155640246645,"DIVIDEND_RATE":2.692307692308,"CURRENT_RATIO":null,"COMMON_ACS":1500000000,"CURRENTDEBT_DEBT":null,"ISSUED_COMMON_SHARES":924650000,"HK_COMMON_SHARES":924650000,"PER_SHARES":2000,"TOTAL_MARKET_CAP":3606135000,"HKSK_MARKET_CAP":3606135000,"PE_TTM":8.829563484291,"PB_TTM":0.343088798637,"REPORT_DATE_SQ":"2020-06-30 00:00:00","REPORT_TYPE_SQ":"2020年中报","OPERATE_INCOME_SQ":427515496.32,"DPS_HKD":0.105,"OPERATE_INCOME_QOQ_SQ":-16.74453821328,"NET_PROFIT_RATIO_SQ":-5.3525139357,"HOLDER_PROFIT_SQ":-27306375.36,"HOLDER_PROFIT_QOQ_SQ":-66.198763093191,"ROE_AVG_SQ":-0.310285093502,"PE_TTM_SQ":7.032441108962,"PB_TTM_SQ":0.287688682347,"ROA_SQ":-0.210061513648,"START_DATE":"2021-01-01 00:00:00","FISCAL_YEAR":"12-31","CURRENCY":"HKD","IS_CNY_CODE":0,"DPS_HKD_LY":0.11,"ORG_TYPE":"保险","PREMIUM_INCOME":907175220,"PREMIUM_INCOME_YOY":14.356530148587,"NET_INTEREST_INCOME":null,"NET_INTEREST_INCOME_YOY":null,"FEE_COMMISSION_INCOME":69367181.28,"FEE_COMMISSION_INCOME_YOY":null,"ACCOUNTS_RECE_TDAYS":null,"INVENTORY_TDAYS":null,"CURRENT_ASSETS_TDAYS":null,"TOTAL_ASSETS_TDAYS":0.051344240431,"PREMIUM_EXPENSE":417.418038278794,"LOAN_DEPOSIT":null,"LOAN_EQUITY":null,"LOAN_ASSETS":null,"DEPOSIT_EQUITY":null,"DEPOSIT_ASSETS":null,"EQUITY_MULTIPLIER":1.476341710944,"EQUITY_RATIO":0.478910292394},{"SECUCODE":"00662.HK","SECURITY_CODE":"00662","SECURITY_NAME_ABBR":"亚洲金融","ORG_CODE":"10009036","STD_REPORT_DATE":"2020-12-31 00:00:00","REPORT_DATE":"2020-12-31 00:00:00","DATE_TYPE_CODE":"001","REPORT_TYPE":"2020年年报","PER_NETCASH_OPERATE":-0.015403660392,"PER_OI":1.180620107836,"BPS":10.016520888942,"BASIC_EPS":0.29794056,"DILUTED_EPS":0.29794056,"OPERATE_INCOME":1117598606.48,"OPERATE_INCOME_YOY":1.8776147779,"GROSS_PROFIT":null,"GROSS_PROFIT_YOY":null,"HOLDER_PROFIT":284433921.28,"HOLDER_PROFIT_YOY":-17.3640776106,"GROSS_PROFIT_RATIO":null,"EPS_TTM":0.300473179607,"OPERATE_INCOME_QOQ":14.97172312445,"NET_PROFIT_RATIO":25.9772329168,"ROE_AVG":3.17619731686,"GROSS_PROFIT_QOQ":null,"ROA":2.196347637497,"HOLDER_PROFIT_QOQ":129.700157023004,"ROE_YEARLY":3.17619731686,"ROIC_YEARLY":2.758234898447,"TOTAL_ASSETS":13477324398.8,"TOTAL_LIABILITIES":4091462848.72,"TAX_EBT":7.377135016554,"OCF_SALES":-1.304709303989,"TOTAL_PARENT_EQUITY":9339671505.24,"DEBT_ASSET_RATIO":30.5145643768,"OPERATE_PROFIT":244869266.52,"PRETAX_PROFIT":313444410.44,"NETCASH_OPERATE":-14581413,"NETCASH_INVEST":-333334888.56,"NETCASH_FINANCE":-177431178.24,"END_CASH":2270306225.56,"DIVI_RATIO":0.317859983792,"DIVIDEND_RATE":2.692307692308,"CURRENT_RATIO":null,"COMMON_ACS":1500000000,"CURRENTDEBT_DEBT":null,"ISSUED_COMMON_SHARES":924650000,"HK_COMMON_SHARES":924650000,"PER_SHARES":2000,"TOTAL_MARKET_CAP":3606135000,"HKSK_MARKET_CAP":3606135000,"PE_TTM":8.829563484291,"PB_TTM":0.343088798637,"REPORT_DATE_SQ":"2019-12-31 00:00:00","REPORT_TYPE_SQ":"2019年年报","OPERATE_INCOME_SQ":1167567714.02,"DPS_HKD":0.105,"OPERATE_INCOME_QOQ_SQ":33.208162045698,"NET_PROFIT_RATIO_SQ":31.2693866622,"HOLDER_PROFIT_SQ":366342667.7,"HOLDER_PROFIT_QOQ_SQ":5.89025993115,"ROE_AVG_SQ":4.160507393391,"PE_TTM_SQ":7.032441108962,"PB_TTM_SQ":0.287688682347,"ROA_SQ":2.879552784783,"START_DATE":"2020-01-01 00:00:00","FISCAL_YEAR":"12-31","CURRENCY":"HKD","IS_CNY_CODE":0,"DPS_HKD_LY":0.06,"ORG_TYPE":"保险","PREMIUM_INCOME":1404661811.12,"PREMIUM_INCOME_YOY":7.991857377278,"NET_INTEREST_INCOME":null,"NET_INTEREST_INCOME_YOY":null,"FEE_COMMISSION_INCOME":116259099.76,"FEE_COMMISSION_INCOME_YOY":null,"ACCOUNTS_RECE_TDAYS":null,"INVENTORY_TDAYS":null,"CURRENT_ASSETS_TDAYS":null,"TOTAL_ASSETS_TDAYS":0.081251123716,"PREMIUM_EXPENSE":327.140185743464,"LOAN_DEPOSIT":null,"LOAN_EQUITY":null,"LOAN_ASSETS":null,"DEPOSIT_EQUITY":null,"DEPOSIT_ASSETS":null,"EQUITY_MULTIPLIER":1.439150508349,"EQUITY_RATIO":0.43807352822},{"SECUCODE":"00662.HK","SECURITY_CODE":"00662","SECURITY_NAME_ABBR":"亚洲金融","ORG_CODE":"10009036","STD_REPORT_DATE":"2020-06-30 00:00:00","REPORT_DATE":"2020-06-30 00:00:00","DATE_TYPE_CODE":"002","REPORT_TYPE":"2020年中报","PER_NETCASH_OPERATE":0.147878605391,"PER_OI":0.445656385133,"BPS":8.88385476364,"BASIC_EPS":-0.02831664,"DILUTED_EPS":null,"OPERATE_INCOME":427515496.32,"OPERATE_INCOME_YOY":-31.5575658965,"GROSS_PROFIT":null,"GROSS_PROFIT_YOY":null,"HOLDER_PROFIT":-27306375.36,"HOLDER_PROFIT_YOY":-112.2191384392,"GROSS_PROFIT_RATIO":null,"EPS_TTM":0.129082797349,"OPERATE_INCOME_QOQ":-16.74453821328,"NET_PROFIT_RATIO":-5.3525139357,"ROE_AVG":-0.310285093502,"GROSS_PROFIT_QOQ":null,"ROA":-0.210061513648,"HOLDER_PROFIT_QOQ":-66.198763093191,"ROE_YEARLY":-0.620570187004,"ROIC_YEARLY":-0.553552485665,"TOTAL_ASSETS":12426589391.04,"TOTAL_LIABILITIES":4166309452.8,"TAX_EBT":-33.485107190287,"OCF_SALES":29.535820041118,"TOTAL_PARENT_EQUITY":8214456307.2,"DEBT_ASSET_RATIO":33.5273768344,"OPERATE_PROFIT":-58679385.6,"PRETAX_PROFIT":-19258968.96,"NETCASH_OPERATE":141859058.88,"NETCASH_INVEST":36293711.52,"NETCASH_FINANCE":-150048048.48,"END_CASH":3062254620.48,"DIVI_RATIO":0.739900296256,"DIVIDEND_RATE":2.692307692308,"CURRENT_RATIO":null,"COMMON_ACS":1500000000,"CURRENTDEBT_DEBT":null,"ISSUED_COMMON_SHARES":924650000,"HK_COMMON_SHARES":924650000,"PER_SHARES":2000,"TOTAL_MARKET_CAP":3606135000,"HKSK_MARKET_CAP":3606135000,"PE_TTM":8.829563484291,"PB_TTM":0.343088798637,"REPORT_DATE_SQ":"2019-06-30 00:00:00","REPORT_TYPE_SQ":"2019年中报","OPERATE_INCOME_SQ":675798795,"DPS_HKD":0.105,"OPERATE_INCOME_QOQ_SQ":24.441704973194,"NET_PROFIT_RATIO_SQ":47.7709588336,"HOLDER_PROFIT_SQ":215207939.34,"HOLDER_PROFIT_QOQ_SQ":54.303800653321,"ROE_AVG_SQ":2.583704063555,"PE_TTM_SQ":7.032441108962,"PB_TTM_SQ":0.287688682347,"ROA_SQ":1.79186592086,"START_DATE":"2020-01-01 00:00:00","FISCAL_YEAR":"12-31","CURRENCY":"HKD","IS_CNY_CODE":0,"DPS_HKD_LY":0.06,"ORG_TYPE":"保险","PREMIUM_INCOME":870853600.32,"PREMIUM_INCOME_YOY":1.377787182549,"NET_INTEREST_INCOME":null,"NET_INTEREST_INCOME_YOY":null,"FEE_COMMISSION_INCOME":61782341.28,"FEE_COMMISSION_INCOME_YOY":null,"ACCOUNTS_RECE_TDAYS":null,"INVENTORY_TDAYS":null,"CURRENT_ASSETS_TDAYS":null,"TOTAL_ASSETS_TDAYS":0.033593891169,"PREMIUM_EXPENSE":366.247166839538,"LOAN_DEPOSIT":null,"LOAN_EQUITY":null,"LOAN_ASSETS":null,"DEPOSIT_EQUITY":null,"DEPOSIT_ASSETS":null,"EQUITY_MULTIPLIER":1.504378723717,"EQUITY_RATIO":0.50719235662}],"count":50},"success":true,"message":"ok","code":0}