{"version":"6f13fe3a04a6eb1fb2b8ef8a823be591","result":{"pages":2,"data":[{"SECUCODE":"00667.HK","SECURITY_CODE":"00667","SECURITY_NAME_ABBR":"中国东方教育","ORG_CODE":"10996952","STD_REPORT_DATE":"2024-06-30 00:00:00","REPORT_DATE":"2024-06-30 00:00:00","DATE_TYPE_CODE":"002","REPORT_TYPE":"2024年中报","PER_NETCASH_OPERATE":0.293371557487,"PER_OI":0.910261291433,"BPS":2.522061367591,"BASIC_EPS":0.1246,"DILUTED_EPS":0.1245,"OPERATE_INCOME":1983324000,"OPERATE_INCOME_YOY":1.5514922251,"GROSS_PROFIT":1051124000,"GROSS_PROFIT_YOY":5.387038622651,"HOLDER_PROFIT":271513000,"HOLDER_PROFIT_YOY":33.202345034,"GROSS_PROFIT_RATIO":52.998098142311,"EPS_TTM":0.156183214379,"OPERATE_INCOME_QOQ":0.761589220877,"NET_PROFIT_RATIO":13.689795515,"ROE_AVG":4.890756273761,"GROSS_PROFIT_QOQ":2.815717499634,"ROA":2.92728466324,"HOLDER_PROFIT_QOQ":24.824849058403,"ROE_YEARLY":9.781512547522,"ROIC_YEARLY":8.459421490513,"TOTAL_ASSETS":9259369000,"TOTAL_LIABILITIES":3763823000,"TAX_EBT":21.543907301991,"OCF_SALES":32.22937855842,"TOTAL_PARENT_EQUITY":5495546000,"DEBT_ASSET_RATIO":40.6488066303,"OPERATE_PROFIT":407648000,"PRETAX_PROFIT":346070000,"NETCASH_OPERATE":639213000,"NETCASH_INVEST":-245028000,"NETCASH_FINANCE":-566056000,"END_CASH":1343895000,"DIVI_RATIO":1.160457612047,"DIVIDEND_RATE":7.49063670412,"CURRENT_RATIO":1.491785109533,"COMMON_ACS":3800000000,"CURRENTDEBT_DEBT":66.354794048498,"ISSUED_COMMON_SHARES":2178989802,"HK_COMMON_SHARES":2178989802,"PER_SHARES":500,"TOTAL_MARKET_CAP":5817902771.34,"HKSK_MARKET_CAP":5817902771.34,"PE_TTM":15.422281945328,"PB_TTM":0.966215823022,"REPORT_DATE_SQ":"2023-06-30 00:00:00","REPORT_TYPE_SQ":"2023年中报","OPERATE_INCOME_SQ":1953023000,"DPS_HKD":0.2,"OPERATE_INCOME_QOQ_SQ":1.950604107544,"NET_PROFIT_RATIO_SQ":10.4368970565,"HOLDER_PROFIT_SQ":203835000,"HOLDER_PROFIT_QOQ_SQ":-10.486070949227,"ROE_AVG_SQ":3.63533246746,"PE_TTM_SQ":15.207557716604,"PB_TTM_SQ":0.884006111485,"ROA_SQ":2.173830392385,"START_DATE":"2024-01-01 00:00:00","FISCAL_YEAR":"12-31","CURRENCY":"HKD","IS_CNY_CODE":0,"DPS_HKD_LY":0.2,"ORG_TYPE":"一般企业","PREMIUM_INCOME":null,"PREMIUM_INCOME_YOY":null,"NET_INTEREST_INCOME":null,"NET_INTEREST_INCOME_YOY":null,"FEE_COMMISSION_INCOME":null,"FEE_COMMISSION_INCOME_YOY":null,"ACCOUNTS_RECE_TDAYS":5.596878902254,"INVENTORY_TDAYS":13.677847228336,"CURRENT_ASSETS_TDAYS":0.519629171665,"TOTAL_ASSETS_TDAYS":0.21382968504,"PREMIUM_EXPENSE":null,"LOAN_DEPOSIT":null,"LOAN_EQUITY":null,"LOAN_ASSETS":null,"DEPOSIT_EQUITY":null,"DEPOSIT_ASSETS":null,"EQUITY_MULTIPLIER":1.684886087751,"EQUITY_RATIO":0.684886087752},{"SECUCODE":"00667.HK","SECURITY_CODE":"00667","SECURITY_NAME_ABBR":"中国东方教育","ORG_CODE":"10996952","STD_REPORT_DATE":"2023-12-31 00:00:00","REPORT_DATE":"2023-12-31 00:00:00","DATE_TYPE_CODE":"001","REPORT_TYPE":"2023年年报","PER_NETCASH_OPERATE":0.470335446508,"PER_OI":1.826032825805,"BPS":2.573469134575,"BASIC_EPS":0.1251,"DILUTED_EPS":0.1237,"OPERATE_INCOME":3978654000,"OPERATE_INCOME_YOY":4.1799183142,"GROSS_PROFIT":1908217000,"GROSS_PROFIT_YOY":0.907055498915,"HOLDER_PROFIT":272622000,"HOLDER_PROFIT_YOY":-25.8225926258,"GROSS_PROFIT_RATIO":47.961370855571,"EPS_TTM":0.125121893242,"OPERATE_INCOME_QOQ":2.186661105284,"NET_PROFIT_RATIO":6.8521163187,"ROE_AVG":4.825329982306,"GROSS_PROFIT_QOQ":0.679828125099,"ROA":2.905802983057,"HOLDER_PROFIT_QOQ":-16.917225637165,"ROE_YEARLY":4.825329982306,"ROIC_YEARLY":4.359775251412,"TOTAL_ASSETS":9291133000,"TOTAL_LIABILITIES":3683570000,"TAX_EBT":25.919746527938,"OCF_SALES":25.757228449621,"TOTAL_PARENT_EQUITY":5607563000,"DEBT_ASSET_RATIO":39.6460797623,"OPERATE_PROFIT":507310000,"PRETAX_PROFIT":368009000,"NETCASH_OPERATE":1024791000,"NETCASH_INVEST":-187860000,"NETCASH_FINANCE":-776948000,"END_CASH":1515313000,"DIVI_RATIO":1.448539462625,"DIVIDEND_RATE":6.944444444444,"CURRENT_RATIO":1.674791096498,"COMMON_ACS":3800000000,"CURRENTDEBT_DEBT":63.345450201842,"ISSUED_COMMON_SHARES":2178989802,"HK_COMMON_SHARES":2178989802,"PER_SHARES":500,"TOTAL_MARKET_CAP":6275490629.76,"HKSK_MARKET_CAP":6275490629.76,"PE_TTM":16.635270412938,"PB_TTM":1.042210325957,"REPORT_DATE_SQ":"2022-12-31 00:00:00","REPORT_TYPE_SQ":"2022年年报","OPERATE_INCOME_SQ":3819022000,"DPS_HKD":0.2,"OPERATE_INCOME_QOQ_SQ":-4.923367779639,"NET_PROFIT_RATIO_SQ":9.5985830927,"HOLDER_PROFIT_SQ":367527000,"HOLDER_PROFIT_QOQ_SQ":20.12098214432,"ROE_AVG_SQ":6.409829575737,"PE_TTM_SQ":15.332722800691,"PB_TTM_SQ":0.89128188195,"ROA_SQ":3.836730763595,"START_DATE":"2023-01-01 00:00:00","FISCAL_YEAR":"12-31","CURRENCY":"HKD","IS_CNY_CODE":0,"DPS_HKD_LY":0.2,"ORG_TYPE":"一般企业","PREMIUM_INCOME":null,"PREMIUM_INCOME_YOY":null,"NET_INTEREST_INCOME":null,"NET_INTEREST_INCOME_YOY":null,"FEE_COMMISSION_INCOME":null,"FEE_COMMISSION_INCOME_YOY":null,"ACCOUNTS_RECE_TDAYS":12.155001199109,"INVENTORY_TDAYS":29.679854929113,"CURRENT_ASSETS_TDAYS":0.967643388875,"TOTAL_ASSETS_TDAYS":0.42407379675,"PREMIUM_EXPENSE":null,"LOAN_DEPOSIT":null,"LOAN_EQUITY":null,"LOAN_ASSETS":null,"DEPOSIT_EQUITY":null,"DEPOSIT_ASSETS":null,"EQUITY_MULTIPLIER":1.656893199417,"EQUITY_RATIO":0.656893199417},{"SECUCODE":"00667.HK","SECURITY_CODE":"00667","SECURITY_NAME_ABBR":"中国东方教育","ORG_CODE":"10996952","STD_REPORT_DATE":"2023-06-30 00:00:00","REPORT_DATE":"2023-06-30 00:00:00","DATE_TYPE_CODE":"002","REPORT_TYPE":"2023年中报","PER_NETCASH_OPERATE":0.223920778201,"PER_OI":0.896400500146,"BPS":2.534223425429,"BASIC_EPS":0.0936,"DILUTED_EPS":0.0919,"OPERATE_INCOME":1953023000,"OPERATE_INCOME_YOY":3.9655496402,"GROSS_PROFIT":997394000,"GROSS_PROFIT_YOY":0.429754129889,"HOLDER_PROFIT":203835000,"HOLDER_PROFIT_YOY":-15.8659204042,"GROSS_PROFIT_RATIO":51.069239839981,"EPS_TTM":0.150606820972,"OPERATE_INCOME_QOQ":1.950604107544,"NET_PROFIT_RATIO":10.4368970565,"ROE_AVG":3.63533246746,"GROSS_PROFIT_QOQ":0.225693048993,"ROA":2.173830392385,"HOLDER_PROFIT_QOQ":-10.486070949227,"ROE_YEARLY":7.270664934919,"ROIC_YEARLY":6.445115141989,"TOTAL_ASSETS":9280696000,"TOTAL_LIABILITIES":3758649000,"TAX_EBT":25.868207722494,"OCF_SALES":24.979992555131,"TOTAL_PARENT_EQUITY":5522047000,"DEBT_ASSET_RATIO":40.4996457162,"OPERATE_PROFIT":346533000,"PRETAX_PROFIT":274963000,"NETCASH_OPERATE":487865000,"NETCASH_INVEST":-145166000,"NETCASH_FINANCE":-595240000,"END_CASH":1185870000,"DIVI_RATIO":1.203424910179,"DIVIDEND_RATE":6.944444444444,"CURRENT_RATIO":1.703083746829,"COMMON_ACS":3800000000,"CURRENTDEBT_DEBT":62.658737221805,"ISSUED_COMMON_SHARES":2178989802,"HK_COMMON_SHARES":2178989802,"PER_SHARES":500,"TOTAL_MARKET_CAP":6275490629.76,"HKSK_MARKET_CAP":6275490629.76,"PE_TTM":16.635270412938,"PB_TTM":1.042210325957,"REPORT_DATE_SQ":"2022-06-30 00:00:00","REPORT_TYPE_SQ":"2022年中报","OPERATE_INCOME_SQ":1878529000,"DPS_HKD":0.2,"OPERATE_INCOME_QOQ_SQ":-2.969224823055,"NET_PROFIT_RATIO_SQ":12.5658427418,"HOLDER_PROFIT_SQ":242274000,"HOLDER_PROFIT_QOQ_SQ":0.993824586486,"ROE_AVG_SQ":4.183883647506,"PE_TTM_SQ":15.332722800691,"PB_TTM_SQ":0.89128188195,"ROA_SQ":2.485999775994,"START_DATE":"2023-01-01 00:00:00","FISCAL_YEAR":"12-31","CURRENCY":"HKD","IS_CNY_CODE":0,"DPS_HKD_LY":0.2,"ORG_TYPE":"一般企业","PREMIUM_INCOME":null,"PREMIUM_INCOME_YOY":null,"NET_INTEREST_INCOME":null,"NET_INTEREST_INCOME_YOY":null,"FEE_COMMISSION_INCOME":null,"FEE_COMMISSION_INCOME_YOY":null,"ACCOUNTS_RECE_TDAYS":5.037784226478,"INVENTORY_TDAYS":13.606261879845,"CURRENT_ASSETS_TDAYS":0.469113289045,"TOTAL_ASSETS_TDAYS":0.208283207223,"PREMIUM_EXPENSE":null,"LOAN_DEPOSIT":null,"LOAN_EQUITY":null,"LOAN_ASSETS":null,"DEPOSIT_EQUITY":null,"DEPOSIT_ASSETS":null,"EQUITY_MULTIPLIER":1.680662261657,"EQUITY_RATIO":0.680662261658},{"SECUCODE":"00667.HK","SECURITY_CODE":"00667","SECURITY_NAME_ABBR":"中国东方教育","ORG_CODE":"10996952","STD_REPORT_DATE":"2022-12-31 00:00:00","REPORT_DATE":"2022-12-31 00:00:00","DATE_TYPE_CODE":"001","REPORT_TYPE":"2022年年报","PER_NETCASH_OPERATE":0.285655763315,"PER_OI":1.754689642489,"BPS":2.615467954356,"BASIC_EPS":0.1689,"DILUTED_EPS":0.1673,"OPERATE_INCOME":3819022000,"OPERATE_INCOME_YOY":-7.7464067445,"GROSS_PROFIT":1891064000,"GROSS_PROFIT_YOY":-10.467767593364,"HOLDER_PROFIT":367527000,"HOLDER_PROFIT_YOY":21.3147739984,"GROSS_PROFIT_RATIO":49.516970575189,"EPS_TTM":0.168425343354,"OPERATE_INCOME_QOQ":-4.923367779639,"NET_PROFIT_RATIO":9.5985830927,"ROE_AVG":6.409829575737,"GROSS_PROFIT_QOQ":-5.375642483147,"ROA":3.836730763595,"HOLDER_PROFIT_QOQ":20.12098214432,"ROE_YEARLY":6.409829575737,"ROIC_YEARLY":6.340943421439,"TOTAL_ASSETS":9488677000,"TOTAL_LIABILITIES":3796619000,"TAX_EBT":26.202657713916,"OCF_SALES":16.279560578598,"TOTAL_PARENT_EQUITY":5692058000,"DEBT_ASSET_RATIO":39.8376853735,"OPERATE_PROFIT":654193000,"PRETAX_PROFIT":498022000,"NETCASH_OPERATE":621720000,"NETCASH_INVEST":-638342000,"NETCASH_FINANCE":-879855000,"END_CASH":1435498000,"DIVI_RATIO":1.076108834875,"DIVIDEND_RATE":6.944444444444,"CURRENT_RATIO":1.850314261544,"COMMON_ACS":3800000000,"CURRENTDEBT_DEBT":61.430788814996,"ISSUED_COMMON_SHARES":2178989802,"HK_COMMON_SHARES":2178989802,"PER_SHARES":500,"TOTAL_MARKET_CAP":6275490629.76,"HKSK_MARKET_CAP":6275490629.76,"PE_TTM":16.635270412938,"PB_TTM":1.042210325957,"REPORT_DATE_SQ":"2021-12-31 00:00:00","REPORT_TYPE_SQ":"2021年年报","OPERATE_INCOME_SQ":4139700000,"DPS_HKD":0.2,"OPERATE_INCOME_QOQ_SQ":0.150890427712,"NET_PROFIT_RATIO_SQ":7.2992245815,"HOLDER_PROFIT_SQ":302166000,"HOLDER_PROFIT_QOQ_SQ":21.768951468283,"ROE_AVG_SQ":5.130689389586,"PE_TTM_SQ":15.332722800691,"PB_TTM_SQ":0.89128188195,"ROA_SQ":3.105984848551,"START_DATE":"2022-01-01 00:00:00","FISCAL_YEAR":"12-31","CURRENCY":"HKD","IS_CNY_CODE":0,"DPS_HKD_LY":0.245,"ORG_TYPE":"一般企业","PREMIUM_INCOME":null,"PREMIUM_INCOME_YOY":null,"NET_INTEREST_INCOME":null,"NET_INTEREST_INCOME_YOY":null,"FEE_COMMISSION_INCOME":null,"FEE_COMMISSION_INCOME_YOY":null,"ACCOUNTS_RECE_TDAYS":12.59582285474,"INVENTORY_TDAYS":28.194970714907,"CURRENT_ASSETS_TDAYS":0.7931896164,"TOTAL_ASSETS_TDAYS":0.399718450789,"PREMIUM_EXPENSE":null,"LOAN_DEPOSIT":null,"LOAN_EQUITY":null,"LOAN_ASSETS":null,"DEPOSIT_EQUITY":null,"DEPOSIT_ASSETS":null,"EQUITY_MULTIPLIER":1.662170091374,"EQUITY_RATIO":0.667002866099},{"SECUCODE":"00667.HK","SECURITY_CODE":"00667","SECURITY_NAME_ABBR":"中国东方教育","ORG_CODE":"10996952","STD_REPORT_DATE":"2022-06-30 00:00:00","REPORT_DATE":"2022-06-30 00:00:00","DATE_TYPE_CODE":"002","REPORT_TYPE":"2022年中报","PER_NETCASH_OPERATE":0.164213219856,"PER_OI":0.863480565999,"BPS":2.544843484311,"BASIC_EPS":0.1114,"DILUTED_EPS":0.1103,"OPERATE_INCOME":1878529000,"OPERATE_INCOME_YOY":-6.1414097607,"GROSS_PROFIT":993126000,"GROSS_PROFIT_YOY":-10.269698858862,"HOLDER_PROFIT":242274000,"HOLDER_PROFIT_YOY":1.2885646857,"GROSS_PROFIT_RATIO":52.867216848928,"EPS_TTM":0.140273320692,"OPERATE_INCOME_QOQ":-2.969224823055,"NET_PROFIT_RATIO":12.5658427418,"ROE_AVG":4.183883647506,"GROSS_PROFIT_QOQ":-5.381410499205,"ROA":2.485999775994,"HOLDER_PROFIT_QOQ":0.993824586486,"ROE_YEARLY":8.367767295012,"ROIC_YEARLY":8.176846257673,"TOTAL_ASSETS":9354866000,"TOTAL_LIABILITIES":3809678000,"TAX_EBT":25.671421997239,"OCF_SALES":19.017593020922,"TOTAL_PARENT_EQUITY":5545188000,"DEBT_ASSET_RATIO":40.7240253361,"OPERATE_PROFIT":408356000,"PRETAX_PROFIT":325950000,"NETCASH_OPERATE":357251000,"NETCASH_INVEST":-911250000,"NETCASH_FINANCE":-645811000,"END_CASH":1013082000,"DIVI_RATIO":1.292077489193,"DIVIDEND_RATE":6.944444444444,"CURRENT_RATIO":1.971455657182,"COMMON_ACS":3800000000,"CURRENTDEBT_DEBT":62.161159027088,"ISSUED_COMMON_SHARES":2178989802,"HK_COMMON_SHARES":2178989802,"PER_SHARES":500,"TOTAL_MARKET_CAP":6275490629.76,"HKSK_MARKET_CAP":6275490629.76,"PE_TTM":16.635270412938,"PB_TTM":1.042210325957,"REPORT_DATE_SQ":"2021-06-30 00:00:00","REPORT_TYPE_SQ":"2021年中报","OPERATE_INCOME_SQ":2001446000,"DPS_HKD":0.2,"OPERATE_INCOME_QOQ_SQ":13.279949091395,"NET_PROFIT_RATIO_SQ":11.6440813292,"HOLDER_PROFIT_SQ":233050000,"HOLDER_PROFIT_QOQ_SQ":-3.674877918126,"ROE_AVG_SQ":3.927316750356,"PE_TTM_SQ":15.332722800691,"PB_TTM_SQ":0.89128188195,"ROA_SQ":2.381018425078,"START_DATE":"2022-01-01 00:00:00","FISCAL_YEAR":"12-31","CURRENCY":"HKD","IS_CNY_CODE":0,"DPS_HKD_LY":0.245,"ORG_TYPE":"一般企业","PREMIUM_INCOME":null,"PREMIUM_INCOME_YOY":null,"NET_INTEREST_INCOME":null,"NET_INTEREST_INCOME_YOY":null,"FEE_COMMISSION_INCOME":null,"FEE_COMMISSION_INCOME_YOY":null,"ACCOUNTS_RECE_TDAYS":6.211440314386,"INVENTORY_TDAYS":13.111448414755,"CURRENT_ASSETS_TDAYS":0.376355427103,"TOTAL_ASSETS_TDAYS":0.197837886966,"PREMIUM_EXPENSE":null,"LOAN_DEPOSIT":null,"LOAN_EQUITY":null,"LOAN_ASSETS":null,"DEPOSIT_EQUITY":null,"DEPOSIT_ASSETS":null,"EQUITY_MULTIPLIER":1.687024136963,"EQUITY_RATIO":0.687024136963},{"SECUCODE":"00667.HK","SECURITY_CODE":"00667","SECURITY_NAME_ABBR":"中国东方教育","ORG_CODE":"10996952","STD_REPORT_DATE":"2021-12-31 00:00:00","REPORT_DATE":"2021-12-31 00:00:00","DATE_TYPE_CODE":"001","REPORT_TYPE":"2021年年报","PER_NETCASH_OPERATE":0.449653369565,"PER_OI":1.903588835936,"BPS":2.633665377751,"BASIC_EPS":0.1379,"DILUTED_EPS":0.1328,"OPERATE_INCOME":4139700000,"OPERATE_INCOME_YOY":13.4508776911,"GROSS_PROFIT":2112160000,"GROSS_PROFIT_YOY":7.279794680402,"HOLDER_PROFIT":302166000,"HOLDER_PROFIT_YOY":17.2940911596,"GROSS_PROFIT_RATIO":51.022054738266,"EPS_TTM":0.138947224243,"OPERATE_INCOME_QOQ":0.150890427712,"NET_PROFIT_RATIO":7.2992245815,"ROE_AVG":5.130689389586,"GROSS_PROFIT_QOQ":-4.1648819938,"ROA":3.105984848551,"HOLDER_PROFIT_QOQ":21.768951468283,"ROE_YEARLY":5.130689389586,"ROIC_YEARLY":6.085213040657,"TOTAL_ASSETS":9635723000,"TOTAL_LIABILITIES":3896993000,"TAX_EBT":35.541632801951,"OCF_SALES":23.621349373143,"TOTAL_PARENT_EQUITY":5738730000,"DEBT_ASSET_RATIO":40.4431821048,"OPERATE_PROFIT":629900000,"PRETAX_PROFIT":468777000,"NETCASH_OPERATE":977853000,"NETCASH_INVEST":-627610000,"NETCASH_FINANCE":-1062185000,"END_CASH":2212294000,"DIVI_RATIO":1.30440892927,"DIVIDEND_RATE":6.944444444444,"CURRENT_RATIO":2.087523427431,"COMMON_ACS":3800000000,"CURRENTDEBT_DEBT":65.322852773921,"ISSUED_COMMON_SHARES":2178989802,"HK_COMMON_SHARES":2178989802,"PER_SHARES":500,"TOTAL_MARKET_CAP":6275490629.76,"HKSK_MARKET_CAP":6275490629.76,"PE_TTM":16.635270412938,"PB_TTM":1.042210325957,"REPORT_DATE_SQ":"2020-12-31 00:00:00","REPORT_TYPE_SQ":"2020年年报","OPERATE_INCOME_SQ":3648892000,"DPS_HKD":0.2,"OPERATE_INCOME_QOQ_SQ":1.327178175329,"NET_PROFIT_RATIO_SQ":7.0600609719,"HOLDER_PROFIT_SQ":257614000,"HOLDER_PROFIT_QOQ_SQ":-66.881190155403,"ROE_AVG_SQ":4.23691905885,"PE_TTM_SQ":15.332722800691,"PB_TTM_SQ":0.89128188195,"ROA_SQ":2.642309236359,"START_DATE":"2021-01-01 00:00:00","FISCAL_YEAR":"12-31","CURRENCY":"HKD","IS_CNY_CODE":0,"DPS_HKD_LY":0.135,"ORG_TYPE":"一般企业","PREMIUM_INCOME":null,"PREMIUM_INCOME_YOY":null,"NET_INTEREST_INCOME":null,"NET_INTEREST_INCOME_YOY":null,"FEE_COMMISSION_INCOME":null,"FEE_COMMISSION_INCOME_YOY":null,"ACCOUNTS_RECE_TDAYS":18.180380893407,"INVENTORY_TDAYS":33.407038818955,"CURRENT_ASSETS_TDAYS":0.712451473634,"TOTAL_ASSETS_TDAYS":0.425522576251,"PREMIUM_EXPENSE":null,"LOAN_DEPOSIT":null,"LOAN_EQUITY":null,"LOAN_ASSETS":null,"DEPOSIT_EQUITY":null,"DEPOSIT_ASSETS":null,"EQUITY_MULTIPLIER":1.679068888065,"EQUITY_RATIO":0.679068888064},{"SECUCODE":"00667.HK","SECURITY_CODE":"00667","SECURITY_NAME_ABBR":"中国东方教育","ORG_CODE":"10996952","STD_REPORT_DATE":"2021-06-30 00:00:00","REPORT_DATE":"2021-06-30 00:00:00","DATE_TYPE_CODE":"002","REPORT_TYPE":"2021年中报","PER_NETCASH_OPERATE":0.225522841922,"PER_OI":0.908909622627,"BPS":2.674687139265,"BASIC_EPS":0.106,"DILUTED_EPS":0.1017,"OPERATE_INCOME":2001446000,"OPERATE_INCOME_YOY":31.9453481665,"GROSS_PROFIT":1106790000,"GROSS_PROFIT_YOY":26.973364950767,"HOLDER_PROFIT":233050000,"HOLDER_PROFIT_YOY":-3.9036438683,"GROSS_PROFIT_RATIO":55.299518448162,"EPS_TTM":0.112690123104,"OPERATE_INCOME_QOQ":13.279949091395,"NET_PROFIT_RATIO":11.6440813292,"ROE_AVG":3.927316750356,"GROSS_PROFIT_QOQ":11.942048919334,"ROA":2.381018425078,"HOLDER_PROFIT_QOQ":-3.674877918126,"ROE_YEARLY":7.854633500711,"ROIC_YEARLY":8.555149742194,"TOTAL_ASSETS":9754363000,"TOTAL_LIABILITIES":3926247000,"TAX_EBT":30.497566445579,"OCF_SALES":24.812460590993,"TOTAL_PARENT_EQUITY":5828116000,"DEBT_ASSET_RATIO":40.2511881094,"OPERATE_PROFIT":415617000,"PRETAX_PROFIT":335312000,"NETCASH_OPERATE":496608000,"NETCASH_INVEST":-2032555000,"NETCASH_FINANCE":-667351000,"END_CASH":768325000,"DIVI_RATIO":1.608339710773,"DIVIDEND_RATE":6.944444444444,"CURRENT_RATIO":2.372155587474,"COMMON_ACS":3800000000,"CURRENTDEBT_DEBT":61.443026890565,"ISSUED_COMMON_SHARES":2178989802,"HK_COMMON_SHARES":2178989802,"PER_SHARES":500,"TOTAL_MARKET_CAP":6275490629.76,"HKSK_MARKET_CAP":6275490629.76,"PE_TTM":16.635270412938,"PB_TTM":1.042210325957,"REPORT_DATE_SQ":"2020-06-30 00:00:00","REPORT_TYPE_SQ":"2020年中报","OPERATE_INCOME_SQ":1516875000,"DPS_HKD":0.2,"OPERATE_INCOME_QOQ_SQ":-7.789581661463,"NET_PROFIT_RATIO_SQ":15.9879357231,"HOLDER_PROFIT_SQ":242517000,"HOLDER_PROFIT_QOQ_SQ":-8.252950515323,"ROE_AVG_SQ":4.00806647404,"PE_TTM_SQ":15.332722800691,"PB_TTM_SQ":0.89128188195,"ROA_SQ":2.563803305267,"START_DATE":"2021-01-01 00:00:00","FISCAL_YEAR":"12-31","CURRENCY":"HKD","IS_CNY_CODE":0,"DPS_HKD_LY":0.135,"ORG_TYPE":"一般企业","PREMIUM_INCOME":null,"PREMIUM_INCOME_YOY":null,"NET_INTEREST_INCOME":null,"NET_INTEREST_INCOME_YOY":null,"FEE_COMMISSION_INCOME":null,"FEE_COMMISSION_INCOME_YOY":null,"ACCOUNTS_RECE_TDAYS":8.423080241315,"INVENTORY_TDAYS":15.912916651844,"CURRENT_ASSETS_TDAYS":0.332755034978,"TOTAL_ASSETS_TDAYS":0.204483149659,"PREMIUM_EXPENSE":null,"LOAN_DEPOSIT":null,"LOAN_EQUITY":null,"LOAN_ASSETS":null,"DEPOSIT_EQUITY":null,"DEPOSIT_ASSETS":null,"EQUITY_MULTIPLIER":1.673673447819,"EQUITY_RATIO":0.673673447817},{"SECUCODE":"00667.HK","SECURITY_CODE":"00667","SECURITY_NAME_ABBR":"中国东方教育","ORG_CODE":"10996952","STD_REPORT_DATE":"2020-12-31 00:00:00","REPORT_DATE":"2020-12-31 00:00:00","DATE_TYPE_CODE":"001","REPORT_TYPE":"2020年年报","PER_NETCASH_OPERATE":0.506532332373,"PER_OI":1.66228683867,"BPS":2.771944134138,"BASIC_EPS":0.1175,"DILUTED_EPS":0.1128,"OPERATE_INCOME":3648892000,"OPERATE_INCOME_YOY":-6.5657851139,"GROSS_PROFIT":1968833000,"GROSS_PROFIT_YOY":-13.647637564753,"HOLDER_PROFIT":257614000,"HOLDER_PROFIT_YOY":-69.6144691431,"GROSS_PROFIT_RATIO":53.957009415461,"EPS_TTM":0.117358464339,"OPERATE_INCOME_QOQ":1.327178175329,"NET_PROFIT_RATIO":7.0600609719,"ROE_AVG":4.23691905885,"GROSS_PROFIT_QOQ":-3.703734499095,"ROA":2.642309236359,"HOLDER_PROFIT_QOQ":-66.881190155403,"ROE_YEARLY":4.23691905885,"ROIC_YEARLY":6.023056109341,"TOTAL_ASSETS":9821294000,"TOTAL_LIABILITIES":3781256000,"TAX_EBT":41.945879192695,"OCF_SALES":30.472017258938,"TOTAL_PARENT_EQUITY":6040038000,"DEBT_ASSET_RATIO":38.500588619,"OPERATE_PROFIT":589801000,"PRETAX_PROFIT":443748000,"NETCASH_OPERATE":1111891000,"NETCASH_INVEST":-1077141000,"NETCASH_FINANCE":-804715000,"END_CASH":2972325000,"DIVI_RATIO":1.544362403015,"DIVIDEND_RATE":6.944444444444,"CURRENT_RATIO":2.59879309812,"COMMON_ACS":3800000000,"CURRENTDEBT_DEBT":64.181716339756,"ISSUED_COMMON_SHARES":2178989802,"HK_COMMON_SHARES":2178989802,"PER_SHARES":500,"TOTAL_MARKET_CAP":6275490629.76,"HKSK_MARKET_CAP":6275490629.76,"PE_TTM":16.635270412938,"PB_TTM":1.042210325957,"REPORT_DATE_SQ":"2019-12-31 00:00:00","REPORT_TYPE_SQ":"2019年年报","OPERATE_INCOME_SQ":3905306000,"DPS_HKD":0.2,"OPERATE_INCOME_QOQ_SQ":7.072921501821,"NET_PROFIT_RATIO_SQ":21.7093871773,"HOLDER_PROFIT_SQ":847818000,"HOLDER_PROFIT_QOQ_SQ":38.657643262621,"ROE_AVG_SQ":24.24750462353,"PE_TTM_SQ":15.332722800691,"PB_TTM_SQ":0.89128188195,"ROA_SQ":13.572257409254,"START_DATE":"2020-01-01 00:00:00","FISCAL_YEAR":"12-31","CURRENCY":"HKD","IS_CNY_CODE":0,"DPS_HKD_LY":0.21,"ORG_TYPE":"一般企业","PREMIUM_INCOME":null,"PREMIUM_INCOME_YOY":null,"NET_INTEREST_INCOME":null,"NET_INTEREST_INCOME_YOY":null,"FEE_COMMISSION_INCOME":null,"FEE_COMMISSION_INCOME_YOY":null,"ACCOUNTS_RECE_TDAYS":19.037415968634,"INVENTORY_TDAYS":31.122866167113,"CURRENT_ASSETS_TDAYS":0.569915460559,"TOTAL_ASSETS_TDAYS":0.37426153214,"PREMIUM_EXPENSE":null,"LOAN_DEPOSIT":null,"LOAN_EQUITY":null,"LOAN_ASSETS":null,"DEPOSIT_EQUITY":null,"DEPOSIT_ASSETS":null,"EQUITY_MULTIPLIER":1.626031822979,"EQUITY_RATIO":0.626031822979},{"SECUCODE":"00667.HK","SECURITY_CODE":"00667","SECURITY_NAME_ABBR":"中国东方教育","ORG_CODE":"10996952","STD_REPORT_DATE":"2020-06-30 00:00:00","REPORT_DATE":"2020-06-30 00:00:00","DATE_TYPE_CODE":"002","REPORT_TYPE":"2020年中报","PER_NETCASH_OPERATE":0.080006506608,"PER_OI":0.691954761246,"BPS":2.744870120324,"BASIC_EPS":0.1107,"DILUTED_EPS":0.1064,"OPERATE_INCOME":1516875000,"OPERATE_INCOME_YOY":-16.7047392704,"GROSS_PROFIT":871671000,"GROSS_PROFIT_YOY":-21.266231420127,"HOLDER_PROFIT":242517000,"HOLDER_PROFIT_YOY":-22.3913314794,"GROSS_PROFIT_RATIO":57.464919653894,"EPS_TTM":0.354831892625,"OPERATE_INCOME_QOQ":-7.789581661463,"NET_PROFIT_RATIO":15.9879357231,"ROE_AVG":4.00806647404,"GROSS_PROFIT_QOQ":-10.32636417823,"ROA":2.563803305267,"HOLDER_PROFIT_QOQ":-8.252950515323,"ROE_YEARLY":8.016132948079,"ROIC_YEARLY":11.227699965498,"TOTAL_ASSETS":9240672000,"TOTAL_LIABILITIES":3259628000,"TAX_EBT":29.886496363027,"OCF_SALES":11.562389781623,"TOTAL_PARENT_EQUITY":5981044000,"DEBT_ASSET_RATIO":35.2747938678,"OPERATE_PROFIT":415846000,"PRETAX_PROFIT":345892000,"NETCASH_OPERATE":175387000,"NETCASH_INVEST":-137068000,"NETCASH_FINANCE":-608023000,"END_CASH":3316608000,"DIVI_RATIO":0.510788358564,"DIVIDEND_RATE":6.944444444444,"CURRENT_RATIO":3.00930585813,"COMMON_ACS":3800000000,"CURRENTDEBT_DEBT":61.074116432918,"ISSUED_COMMON_SHARES":2178989802,"HK_COMMON_SHARES":2178989802,"PER_SHARES":500,"TOTAL_MARKET_CAP":6275490629.76,"HKSK_MARKET_CAP":6275490629.76,"PE_TTM":16.635270412938,"PB_TTM":1.042210325957,"REPORT_DATE_SQ":"2019-06-30 00:00:00","REPORT_TYPE_SQ":"2019年中报","OPERATE_INCOME_SQ":1821082000,"DPS_HKD":0.2,"OPERATE_INCOME_QOQ_SQ":11.711277674118,"NET_PROFIT_RATIO_SQ":17.1594140187,"HOLDER_PROFIT_SQ":312487000,"HOLDER_PROFIT_QOQ_SQ":19.869710033268,"ROE_AVG_SQ":9.836335455342,"PE_TTM_SQ":15.332722800691,"PB_TTM_SQ":0.89128188195,"ROA_SQ":5.324523620612,"START_DATE":"2020-01-01 00:00:00","FISCAL_YEAR":"12-31","CURRENCY":"HKD","IS_CNY_CODE":0,"DPS_HKD_LY":0.21,"ORG_TYPE":"一般企业","PREMIUM_INCOME":null,"PREMIUM_INCOME_YOY":null,"NET_INTEREST_INCOME":null,"NET_INTEREST_INCOME_YOY":null,"FEE_COMMISSION_INCOME":null,"FEE_COMMISSION_INCOME_YOY":null,"ACCOUNTS_RECE_TDAYS":7.716029757741,"INVENTORY_TDAYS":12.265186438423,"CURRENT_ASSETS_TDAYS":0.242914230919,"TOTAL_ASSETS_TDAYS":0.160358619754,"PREMIUM_EXPENSE":null,"LOAN_DEPOSIT":null,"LOAN_EQUITY":null,"LOAN_ASSETS":null,"DEPOSIT_EQUITY":null,"DEPOSIT_ASSETS":null,"EQUITY_MULTIPLIER":1.544993148353,"EQUITY_RATIO":0.544993148353}],"count":16},"success":true,"message":"ok","code":0}