{"version":"f8f12c4616d2b4c214888b59c1298b3e","result":{"pages":6,"data":[{"SECUCODE":"00675.HK","SECURITY_CODE":"00675","SECURITY_NAME_ABBR":"坚宝国际","ORG_CODE":"10009044","STD_REPORT_DATE":"2024-06-30 00:00:00","REPORT_DATE":"2024-06-30 00:00:00","DATE_TYPE_CODE":"002","REPORT_TYPE":"2024年中报","PER_NETCASH_OPERATE":-0.026306817067,"PER_OI":0.305352274843,"BPS":0.902824289429,"BASIC_EPS":-0.03696354,"DILUTED_EPS":-0.03696354,"OPERATE_INCOME":81530523.07396,"OPERATE_INCOME_YOY":-6.2252409514,"GROSS_PROFIT":14468138.31356,"GROSS_PROFIT_YOY":67.354368946673,"HOLDER_PROFIT":-9865148.08052,"HOLDER_PROFIT_YOY":55.2308863047,"GROSS_PROFIT_RATIO":17.745670907122,"EPS_TTM":-0.042154302772,"OPERATE_INCOME_QOQ":-3.740914827229,"NET_PROFIT_RATIO":-12.0999445466,"ROE_AVG":-3.833781038298,"GROSS_PROFIT_QOQ":25.051997022972,"ROA":-2.902705423301,"HOLDER_PROFIT_QOQ":52.409261995696,"ROE_YEARLY":-7.667562076596,"ROIC_YEARLY":-7.840165888185,"TOTAL_ASSETS":329554627.92772,"TOTAL_LIABILITIES":88496209.0936,"TAX_EBT":10.020312670783,"OCF_SALES":-8.615235331176,"TOTAL_PARENT_EQUITY":241058418.83412,"DEBT_ASSET_RATIO":26.8532745694,"OPERATE_PROFIT":-10828099.4076,"PRETAX_PROFIT":-10963750.12332,"NETCASH_OPERATE":-7024046.42956,"NETCASH_INVEST":-1429134.58088,"NETCASH_FINANCE":1930246.09828,"END_CASH":38409823.83808,"DIVI_RATIO":-2.152833614419,"DIVIDEND_RATE":22.988505747126,"CURRENT_RATIO":2.45929231049,"COMMON_ACS":900000000,"CURRENTDEBT_DEBT":72.113622286105,"ISSUED_COMMON_SHARES":267004800,"HK_COMMON_SHARES":267004800,"PER_SHARES":2000,"TOTAL_MARKET_CAP":116147088,"HKSK_MARKET_CAP":116147088,"PE_TTM":-9.100299647512,"PB_TTM":0.439748691577,"REPORT_DATE_SQ":"2023-06-30 00:00:00","REPORT_TYPE_SQ":"2023年中报","OPERATE_INCOME_SQ":87828858.48136,"DPS_HKD":0.1,"OPERATE_INCOME_QOQ_SQ":-15.525189029964,"NET_PROFIT_RATIO_SQ":-25.3449150699,"HOLDER_PROFIT_SQ":-22260149.58894,"HOLDER_PROFIT_QOQ_SQ":-6408.59680197154,"ROE_AVG_SQ":-7.401474547083,"PE_TTM_SQ":-3.142163235511,"PB_TTM_SQ":0.335794262336,"ROA_SQ":-5.705587584071,"START_DATE":"2024-01-01 00:00:00","FISCAL_YEAR":"12-31","CURRENCY":"HKD","IS_CNY_CODE":0,"DPS_HKD_LY":0.1,"ORG_TYPE":"一般企业","PREMIUM_INCOME":null,"PREMIUM_INCOME_YOY":null,"NET_INTEREST_INCOME":null,"NET_INTEREST_INCOME_YOY":null,"FEE_COMMISSION_INCOME":null,"FEE_COMMISSION_INCOME_YOY":null,"ACCOUNTS_RECE_TDAYS":2.560295111102,"INVENTORY_TDAYS":1.656879278055,"CURRENT_ASSETS_TDAYS":0.494899584135,"TOTAL_ASSETS_TDAYS":0.239894109607,"PREMIUM_EXPENSE":null,"LOAN_DEPOSIT":null,"LOAN_EQUITY":null,"LOAN_ASSETS":null,"DEPOSIT_EQUITY":null,"DEPOSIT_ASSETS":null,"EQUITY_MULTIPLIER":1.367115197725,"EQUITY_RATIO":0.367115197725},{"SECUCODE":"00675.HK","SECURITY_CODE":"00675","SECURITY_NAME_ABBR":"坚宝国际","ORG_CODE":"10009044","STD_REPORT_DATE":"2023-12-31 00:00:00","REPORT_DATE":"2023-12-31 00:00:00","DATE_TYPE_CODE":"001","REPORT_TYPE":"2023年年报","PER_NETCASH_OPERATE":0.117277893847,"PER_OI":0.63056359765,"BPS":1.017391462217,"BASIC_EPS":-0.088537694,"DILUTED_EPS":-0.088537694,"OPERATE_INCOME":168363507.27784,"OPERATE_INCOME_YOY":-31.7218849604,"GROSS_PROFIT":23243365.82022,"GROSS_PROFIT_YOY":-52.9644690749,"HOLDER_PROFIT":-23650402.6892,"HOLDER_PROFIT_YOY":-5088.0700387249,"GROSS_PROFIT_RATIO":13.805465445587,"EPS_TTM":-0.088576694835,"OPERATE_INCOME_QOQ":-18.001635849857,"NET_PROFIT_RATIO":-14.0472261903,"ROE_AVG":-8.029965920999,"GROSS_PROFIT_QOQ":-30.781012212421,"ROA":-6.360858410369,"HOLDER_PROFIT_QOQ":19.133367940599,"ROE_YEARLY":-8.029965920999,"ROIC_YEARLY":-8.289166004138,"TOTAL_ASSETS":347687800.7351,"TOTAL_LIABILITIES":76039396.84418,"TAX_EBT":1.766843719161,"OCF_SALES":18.598900140103,"TOTAL_PARENT_EQUITY":271648403.89092,"DEBT_ASSET_RATIO":21.8700215203,"OPERATE_PROFIT":-23603863.7611,"PRETAX_PROFIT":-24075784.16964,"NETCASH_OPERATE":31313760.59098,"NETCASH_INVEST":-9030738.76026,"NETCASH_FINANCE":-17430821.80434,"END_CASH":44918381.09122,"DIVI_RATIO":-1.024549405107,"DIVIDEND_RATE":23.809523809524,"CURRENT_RATIO":3.403651125552,"COMMON_ACS":900000000,"CURRENTDEBT_DEBT":66.193017166748,"ISSUED_COMMON_SHARES":267004800,"HK_COMMON_SHARES":267004800,"PER_SHARES":2000,"TOTAL_MARKET_CAP":112142016,"HKSK_MARKET_CAP":112142016,"PE_TTM":-8.786496211391,"PB_TTM":0.424584943591,"REPORT_DATE_SQ":"2022-12-31 00:00:00","REPORT_TYPE_SQ":"2022年年报","OPERATE_INCOME_SQ":243061149.35109,"DPS_HKD":0.1,"OPERATE_INCOME_QOQ_SQ":-19.908589345312,"NET_PROFIT_RATIO_SQ":-0.1848699263,"HOLDER_PROFIT_SQ":-449346.96772,"HOLDER_PROFIT_QOQ_SQ":-101.329904095002,"ROE_AVG_SQ":-0.13504317906,"PE_TTM_SQ":-3.142163235511,"PB_TTM_SQ":0.335794262336,"ROA_SQ":-0.103937531245,"START_DATE":"2023-01-01 00:00:00","FISCAL_YEAR":"12-31","CURRENCY":"HKD","IS_CNY_CODE":0,"DPS_HKD_LY":0.08,"ORG_TYPE":"一般企业","PREMIUM_INCOME":null,"PREMIUM_INCOME_YOY":null,"NET_INTEREST_INCOME":null,"NET_INTEREST_INCOME_YOY":null,"FEE_COMMISSION_INCOME":null,"FEE_COMMISSION_INCOME_YOY":null,"ACCOUNTS_RECE_TDAYS":3.965193288491,"INVENTORY_TDAYS":2.466609352997,"CURRENT_ASSETS_TDAYS":0.879099338232,"TOTAL_ASSETS_TDAYS":0.452819533494,"PREMIUM_EXPENSE":null,"LOAN_DEPOSIT":null,"LOAN_EQUITY":null,"LOAN_ASSETS":null,"DEPOSIT_EQUITY":null,"DEPOSIT_ASSETS":null,"EQUITY_MULTIPLIER":1.279918437786,"EQUITY_RATIO":0.279918437786},{"SECUCODE":"00675.HK","SECURITY_CODE":"00675","SECURITY_NAME_ABBR":"坚宝国际","ORG_CODE":"10009044","STD_REPORT_DATE":"2023-06-30 00:00:00","REPORT_DATE":"2023-06-30 00:00:00","DATE_TYPE_CODE":"002","REPORT_TYPE":"2023年中报","PER_NETCASH_OPERATE":0.071594586371,"PER_OI":0.328941121962,"BPS":1.043354337156,"BASIC_EPS":-0.083346992,"DILUTED_EPS":-0.083346992,"OPERATE_INCOME":87828858.48136,"OPERATE_INCOME_YOY":-35.1199362448,"GROSS_PROFIT":8645211.00024,"GROSS_PROFIT_YOY":-64.687996877838,"HOLDER_PROFIT":-22260149.58894,"HOLDER_PROFIT_YOY":-415.8723278771,"GROSS_PROFIT_RATIO":9.843246456488,"EPS_TTM":-0.109534294405,"OPERATE_INCOME_QOQ":-15.525189029964,"NET_PROFIT_RATIO":-25.3449150699,"ROE_AVG":-7.401474547083,"GROSS_PROFIT_QOQ":-32.048224875168,"ROA":-5.705587584071,"HOLDER_PROFIT_QOQ":-6408.59680197154,"ROE_YEARLY":-14.802949094165,"ROIC_YEARLY":-15.033143749349,"TOTAL_ASSETS":377472111.63116,"TOTAL_LIABILITIES":98891495.50972,"TAX_EBT":9.284828024306,"OCF_SALES":21.765167560679,"TOTAL_PARENT_EQUITY":278580616.12144,"DEBT_ASSET_RATIO":26.1983580939,"OPERATE_PROFIT":-24323404.3759,"PRETAX_PROFIT":-24538507.84178,"NETCASH_OPERATE":19116098.2151,"NETCASH_INVEST":-19299000.6075,"NETCASH_FINANCE":2579495.36044,"END_CASH":44494311.32762,"DIVI_RATIO":-0.828518597695,"DIVIDEND_RATE":23.809523809524,"CURRENT_RATIO":2.661886697274,"COMMON_ACS":900000000,"CURRENTDEBT_DEBT":75.162279171695,"ISSUED_COMMON_SHARES":267004800,"HK_COMMON_SHARES":267004800,"PER_SHARES":2000,"TOTAL_MARKET_CAP":112142016,"HKSK_MARKET_CAP":112142016,"PE_TTM":-8.786496211391,"PB_TTM":0.424584943591,"REPORT_DATE_SQ":"2022-06-30 00:00:00","REPORT_TYPE_SQ":"2022年中报","OPERATE_INCOME_SQ":125564561.37652,"DPS_HKD":0.1,"OPERATE_INCOME_QOQ_SQ":-11.24310222568,"NET_PROFIT_RATIO_SQ":5.2058365374,"HOLDER_PROFIT_SQ":6536685.81412,"HOLDER_PROFIT_QOQ_SQ":-34.711930766325,"ROE_AVG_SQ":1.992560061808,"PE_TTM_SQ":-3.142163235511,"PB_TTM_SQ":0.335794262336,"ROA_SQ":1.487025312391,"START_DATE":"2023-01-01 00:00:00","FISCAL_YEAR":"12-31","CURRENCY":"HKD","IS_CNY_CODE":0,"DPS_HKD_LY":0.08,"ORG_TYPE":"一般企业","PREMIUM_INCOME":null,"PREMIUM_INCOME_YOY":null,"NET_INTEREST_INCOME":null,"NET_INTEREST_INCOME_YOY":null,"FEE_COMMISSION_INCOME":null,"FEE_COMMISSION_INCOME_YOY":null,"ACCOUNTS_RECE_TDAYS":1.993096698908,"INVENTORY_TDAYS":1.209069474175,"CURRENT_ASSETS_TDAYS":0.425054947661,"TOTAL_ASSETS_TDAYS":0.225117644638,"PREMIUM_EXPENSE":null,"LOAN_DEPOSIT":null,"LOAN_EQUITY":null,"LOAN_ASSETS":null,"DEPOSIT_EQUITY":null,"DEPOSIT_ASSETS":null,"EQUITY_MULTIPLIER":1.354983404397,"EQUITY_RATIO":0.354983404397},{"SECUCODE":"00675.HK","SECURITY_CODE":"00675","SECURITY_NAME_ABBR":"坚宝国际","ORG_CODE":"10009044","STD_REPORT_DATE":"2022-12-31 00:00:00","REPORT_DATE":"2022-12-31 00:00:00","DATE_TYPE_CODE":"001","REPORT_TYPE":"2022年年报","PER_NETCASH_OPERATE":0.165701965051,"PER_OI":0.910325017944,"BPS":1.171774665562,"BASIC_EPS":-0.001697213,"DILUTED_EPS":-0.001697213,"OPERATE_INCOME":243061149.35109,"OPERATE_INCOME_YOY":-34.9351861691,"GROSS_PROFIT":49416612.00175,"GROSS_PROFIT_YOY":-43.377719887647,"HOLDER_PROFIT":-449346.96772,"HOLDER_PROFIT_YOY":-100.7947165966,"GROSS_PROFIT_RATIO":20.330938174891,"EPS_TTM":-0.00168291719,"OPERATE_INCOME_QOQ":-19.908589345312,"NET_PROFIT_RATIO":-0.1848699263,"ROE_AVG":-0.13504317906,"GROSS_PROFIT_QOQ":-25.086158432009,"ROA":-0.103937531245,"HOLDER_PROFIT_QOQ":-101.329904095002,"ROE_YEARLY":-0.13504317906,"ROIC_YEARLY":-0.128477878413,"TOTAL_ASSETS":390277222.74401,"TOTAL_LIABILITIES":77407762.52048,"TAX_EBT":138.511849393463,"OCF_SALES":18.202505894586,"TOTAL_PARENT_EQUITY":312869460.22353,"DEBT_ASSET_RATIO":19.83404565,"OPERATE_PROFIT":1584690.45791,"PRETAX_PROFIT":1166775.87495,"NETCASH_OPERATE":44243220.03808,"NETCASH_INVEST":17425187.6113,"NETCASH_FINANCE":-46304132.38493,"END_CASH":40481677.93348,"DIVI_RATIO":-53.924934953292,"DIVIDEND_RATE":23.809523809524,"CURRENT_RATIO":3.902435396899,"COMMON_ACS":900000000,"CURRENTDEBT_DEBT":69.086494761208,"ISSUED_COMMON_SHARES":267004800,"HK_COMMON_SHARES":267004800,"PER_SHARES":2000,"TOTAL_MARKET_CAP":112142016,"HKSK_MARKET_CAP":112142016,"PE_TTM":-8.786496211391,"PB_TTM":0.424584943591,"REPORT_DATE_SQ":"2021-12-31 00:00:00","REPORT_TYPE_SQ":"2021年年报","OPERATE_INCOME_SQ":341922350.1008,"DPS_HKD":0.1,"OPERATE_INCOME_QOQ_SQ":6.187463133621,"NET_PROFIT_RATIO_SQ":15.1356186472,"HOLDER_PROFIT_SQ":51752062.9808,"HOLDER_PROFIT_QOQ_SQ":-24.509286642423,"ROE_AVG_SQ":16.989382203297,"PE_TTM_SQ":-3.142163235511,"PB_TTM_SQ":0.335794262336,"ROA_SQ":12.439148282337,"START_DATE":"2022-01-01 00:00:00","FISCAL_YEAR":"12-31","CURRENCY":"HKD","IS_CNY_CODE":0,"DPS_HKD_LY":0.12,"ORG_TYPE":"一般企业","PREMIUM_INCOME":null,"PREMIUM_INCOME_YOY":null,"NET_INTEREST_INCOME":null,"NET_INTEREST_INCOME_YOY":null,"FEE_COMMISSION_INCOME":null,"FEE_COMMISSION_INCOME_YOY":null,"ACCOUNTS_RECE_TDAYS":3.299667699071,"INVENTORY_TDAYS":2.561672489332,"CURRENT_ASSETS_TDAYS":0.986816492979,"TOTAL_ASSETS_TDAYS":0.562219790497,"PREMIUM_EXPENSE":null,"LOAN_DEPOSIT":null,"LOAN_EQUITY":null,"LOAN_ASSETS":null,"DEPOSIT_EQUITY":null,"DEPOSIT_ASSETS":null,"EQUITY_MULTIPLIER":1.247412331217,"EQUITY_RATIO":0.247412331217},{"SECUCODE":"00675.HK","SECURITY_CODE":"00675","SECURITY_NAME_ABBR":"坚宝国际","ORG_CODE":"10009044","STD_REPORT_DATE":"2022-06-30 00:00:00","REPORT_DATE":"2022-06-30 00:00:00","DATE_TYPE_CODE":"002","REPORT_TYPE":"2022年中报","PER_NETCASH_OPERATE":0.083445018966,"PER_OI":0.470270801785,"BPS":1.192953863622,"BASIC_EPS":0.024458434,"DILUTED_EPS":0.024458434,"OPERATE_INCOME":125564561.37652,"OPERATE_INCOME_YOY":-25.5085322866,"GROSS_PROFIT":24482357.94025,"GROSS_PROFIT_YOY":-46.535626450528,"HOLDER_PROFIT":6536685.81412,"HOLDER_PROFIT_YOY":-74.0415143658,"GROSS_PROFIT_RATIO":19.497824602626,"EPS_TTM":0.126544252046,"OPERATE_INCOME_QOQ":-11.24310222568,"NET_PROFIT_RATIO":5.2058365374,"ROE_AVG":1.992560061808,"GROSS_PROFIT_QOQ":-24.41679811472,"ROA":1.487025312391,"HOLDER_PROFIT_QOQ":-34.711930766325,"ROE_YEARLY":3.985120123617,"ROIC_YEARLY":3.736254392175,"TOTAL_ASSETS":425014140.05799,"TOTAL_LIABILITIES":106489732.29237,"TAX_EBT":18.860368737952,"OCF_SALES":17.744035702327,"TOTAL_PARENT_EQUITY":318524407.76562,"DEBT_ASSET_RATIO":25.0555739811,"OPERATE_PROFIT":8256448.9588,"PRETAX_PROFIT":8056095.0456,"NETCASH_OPERATE":22280220.60012,"NETCASH_INVEST":-642585.49005,"NETCASH_FINANCE":-3449496.09438,"END_CASH":42533086.73712,"DIVI_RATIO":0.717149918171,"DIVIDEND_RATE":23.809523809524,"CURRENT_RATIO":2.957519219301,"COMMON_ACS":900000000,"CURRENTDEBT_DEBT":79.672349217333,"ISSUED_COMMON_SHARES":267004800,"HK_COMMON_SHARES":267004800,"PER_SHARES":2000,"TOTAL_MARKET_CAP":112142016,"HKSK_MARKET_CAP":112142016,"PE_TTM":-8.786496211391,"PB_TTM":0.424584943591,"REPORT_DATE_SQ":"2021-06-30 00:00:00","REPORT_TYPE_SQ":"2021年中报","OPERATE_INCOME_SQ":164007240.7308,"DPS_HKD":0.1,"OPERATE_INCOME_QOQ_SQ":11.946016927587,"NET_PROFIT_RATIO_SQ":14.9388685384,"HOLDER_PROFIT_SQ":24500826.08616,"HOLDER_PROFIT_QOQ_SQ":21.73560432496,"ROE_AVG_SQ":8.2936214397,"PE_TTM_SQ":-3.142163235511,"PB_TTM_SQ":0.335794262336,"ROA_SQ":5.862508145739,"START_DATE":"2022-01-01 00:00:00","FISCAL_YEAR":"12-31","CURRENCY":"HKD","IS_CNY_CODE":0,"DPS_HKD_LY":0.12,"ORG_TYPE":"一般企业","PREMIUM_INCOME":null,"PREMIUM_INCOME_YOY":null,"NET_INTEREST_INCOME":null,"NET_INTEREST_INCOME_YOY":null,"FEE_COMMISSION_INCOME":null,"FEE_COMMISSION_INCOME_YOY":null,"ACCOUNTS_RECE_TDAYS":1.700449830809,"INVENTORY_TDAYS":1.232926222891,"CURRENT_ASSETS_TDAYS":0.480407427645,"TOTAL_ASSETS_TDAYS":0.285645794238,"PREMIUM_EXPENSE":null,"LOAN_DEPOSIT":null,"LOAN_EQUITY":null,"LOAN_ASSETS":null,"DEPOSIT_EQUITY":null,"DEPOSIT_ASSETS":null,"EQUITY_MULTIPLIER":1.334322047844,"EQUITY_RATIO":0.334322047844},{"SECUCODE":"00675.HK","SECURITY_CODE":"00675","SECURITY_NAME_ABBR":"坚宝国际","ORG_CODE":"10009044","STD_REPORT_DATE":"2021-12-31 00:00:00","REPORT_DATE":"2021-12-31 00:00:00","DATE_TYPE_CODE":"001","REPORT_TYPE":"2021年年报","PER_NETCASH_OPERATE":0.10839819685,"PER_OI":1.280585031059,"BPS":1.208765863955,"BASIC_EPS":0.19385296,"DILUTED_EPS":0.19385296,"OPERATE_INCOME":341922350.1008,"OPERATE_INCOME_YOY":22.3678631408,"GROSS_PROFIT":87274147.0384,"GROSS_PROFIT_YOY":-2.028388531675,"HOLDER_PROFIT":51752062.9808,"HOLDER_PROFIT_YOY":-5.3988033005,"GROSS_PROFIT_RATIO":25.524551703821,"EPS_TTM":0.193824466754,"OPERATE_INCOME_QOQ":6.187463133621,"NET_PROFIT_RATIO":15.1356186472,"ROE_AVG":16.989382203297,"GROSS_PROFIT_QOQ":-9.676657296956,"ROA":12.439148282337,"HOLDER_PROFIT_QOQ":-24.509286642423,"ROE_YEARLY":16.989382203297,"ROIC_YEARLY":15.11308447457,"TOTAL_ASSETS":434186377.8,"TOTAL_LIABILITIES":111440090.048,"TAX_EBT":12.850016853784,"OCF_SALES":8.464740272716,"TOTAL_PARENT_EQUITY":322746287.752,"DEBT_ASSET_RATIO":25.6664178671,"OPERATE_PROFIT":59728103.3664,"PRETAX_PROFIT":59382757.3024,"NETCASH_OPERATE":28942838.8704,"NETCASH_INVEST":-23971507.1008,"NETCASH_FINANCE":-19682915.4816,"END_CASH":23226097.9104,"DIVI_RATIO":0.468213335085,"DIVIDEND_RATE":23.809523809524,"CURRENT_RATIO":2.893308523919,"COMMON_ACS":900000000,"CURRENTDEBT_DEBT":80.597124844132,"ISSUED_COMMON_SHARES":267004800,"HK_COMMON_SHARES":267004800,"PER_SHARES":2000,"TOTAL_MARKET_CAP":112142016,"HKSK_MARKET_CAP":112142016,"PE_TTM":-8.786496211391,"PB_TTM":0.424584943591,"REPORT_DATE_SQ":"2020-12-31 00:00:00","REPORT_TYPE_SQ":"2020年年报","OPERATE_INCOME_SQ":287637561.65864,"DPS_HKD":0.1,"OPERATE_INCOME_QOQ_SQ":2.710370462641,"NET_PROFIT_RATIO_SQ":19.5781171464,"HOLDER_PROFIT_SQ":56314018.7786,"HOLDER_PROFIT_QOQ_SQ":125.021469252243,"ROE_AVG_SQ":21.017720936649,"PE_TTM_SQ":-3.142163235511,"PB_TTM_SQ":0.335794262336,"ROA_SQ":15.072205516116,"START_DATE":"2021-01-01 00:00:00","FISCAL_YEAR":"12-31","CURRENCY":"HKD","IS_CNY_CODE":0,"DPS_HKD_LY":0.115,"ORG_TYPE":"一般企业","PREMIUM_INCOME":null,"PREMIUM_INCOME_YOY":null,"NET_INTEREST_INCOME":null,"NET_INTEREST_INCOME_YOY":null,"FEE_COMMISSION_INCOME":null,"FEE_COMMISSION_INCOME_YOY":null,"ACCOUNTS_RECE_TDAYS":4.177496403012,"INVENTORY_TDAYS":4.126415478539,"CURRENT_ASSETS_TDAYS":1.429872620561,"TOTAL_ASSETS_TDAYS":0.821846042259,"PREMIUM_EXPENSE":null,"LOAN_DEPOSIT":null,"LOAN_EQUITY":null,"LOAN_ASSETS":null,"DEPOSIT_EQUITY":null,"DEPOSIT_ASSETS":null,"EQUITY_MULTIPLIER":1.345286977038,"EQUITY_RATIO":0.345286977038},{"SECUCODE":"00675.HK","SECURITY_CODE":"00675","SECURITY_NAME_ABBR":"坚宝国际","ORG_CODE":"10009044","STD_REPORT_DATE":"2021-06-30 00:00:00","REPORT_DATE":"2021-06-30 00:00:00","DATE_TYPE_CODE":"002","REPORT_TYPE":"2021年中报","PER_NETCASH_OPERATE":0.069587120201,"PER_OI":0.614248285914,"BPS":1.120877544246,"BASIC_EPS":0.091778424,"DILUTED_EPS":0.091778424,"OPERATE_INCOME":164007240.7308,"OPERATE_INCOME_YOY":38.873318205,"GROSS_PROFIT":45791910.22896,"GROSS_PROFIT_YOY":19.721062122316,"HOLDER_PROFIT":24500826.08616,"HOLDER_PROFIT_YOY":119.372785246,"GROSS_PROFIT_RATIO":27.9206637615,"EPS_TTM":0.256752729089,"OPERATE_INCOME_QOQ":11.946016927587,"NET_PROFIT_RATIO":14.9388685384,"ROE_AVG":8.2936214397,"GROSS_PROFIT_QOQ":8.467654690799,"ROA":5.862508145739,"HOLDER_PROFIT_QOQ":21.73560432496,"ROE_YEARLY":16.587242879399,"ROIC_YEARLY":14.504809299032,"TOTAL_ASSETS":430903678.85448,"TOTAL_LIABILITIES":131623994.32848,"TAX_EBT":14.268980849597,"OCF_SALES":11.328826110999,"TOTAL_PARENT_EQUITY":299279684.526,"DEBT_ASSET_RATIO":30.5460363389,"OPERATE_PROFIT":28732299.03144,"PRETAX_PROFIT":28578717.86544,"NETCASH_OPERATE":18580095.11184,"NETCASH_INVEST":-19478651.6472,"NETCASH_FINANCE":5567558.77872,"END_CASH":42297093.5172,"DIVI_RATIO":0.353457586691,"DIVIDEND_RATE":23.809523809524,"CURRENT_RATIO":2.327659408989,"COMMON_ACS":900000000,"CURRENTDEBT_DEBT":84.418392276276,"ISSUED_COMMON_SHARES":267004800,"HK_COMMON_SHARES":267004800,"PER_SHARES":2000,"TOTAL_MARKET_CAP":112142016,"HKSK_MARKET_CAP":112142016,"PE_TTM":-8.786496211391,"PB_TTM":0.424584943591,"REPORT_DATE_SQ":"2020-06-30 00:00:00","REPORT_TYPE_SQ":"2020年中报","OPERATE_INCOME_SQ":129646008.92496,"DPS_HKD":0.1,"OPERATE_INCOME_QOQ_SQ":-8.436434015003,"NET_PROFIT_RATIO_SQ":9.4570082694,"HOLDER_PROFIT_SQ":12260633.78496,"HOLDER_PROFIT_QOQ_SQ":67.70744336392,"ROE_AVG_SQ":4.625344758525,"PE_TTM_SQ":-3.142163235511,"PB_TTM_SQ":0.335794262336,"ROA_SQ":3.373563453253,"START_DATE":"2021-01-01 00:00:00","FISCAL_YEAR":"12-31","CURRENCY":"HKD","IS_CNY_CODE":0,"DPS_HKD_LY":0.115,"ORG_TYPE":"一般企业","PREMIUM_INCOME":null,"PREMIUM_INCOME_YOY":null,"NET_INTEREST_INCOME":null,"NET_INTEREST_INCOME_YOY":null,"FEE_COMMISSION_INCOME":null,"FEE_COMMISSION_INCOME_YOY":null,"ACCOUNTS_RECE_TDAYS":2.311157090461,"INVENTORY_TDAYS":1.806159594495,"CURRENT_ASSETS_TDAYS":0.682097132489,"TOTAL_ASSETS_TDAYS":0.392433210767,"PREMIUM_EXPENSE":null,"LOAN_DEPOSIT":null,"LOAN_EQUITY":null,"LOAN_ASSETS":null,"DEPOSIT_EQUITY":null,"DEPOSIT_ASSETS":null,"EQUITY_MULTIPLIER":1.439802636577,"EQUITY_RATIO":0.439802636577},{"SECUCODE":"00675.HK","SECURITY_CODE":"00675","SECURITY_NAME_ABBR":"坚宝国际","ORG_CODE":"10009044","STD_REPORT_DATE":"2020-12-31 00:00:00","REPORT_DATE":"2020-12-31 00:00:00","DATE_TYPE_CODE":"001","REPORT_TYPE":"2020年年报","PER_NETCASH_OPERATE":0.158617609643,"PER_OI":1.077274871683,"BPS":1.10449508778,"BASIC_EPS":0.210914984,"DILUTED_EPS":0.210914984,"OPERATE_INCOME":287637561.65864,"OPERATE_INCOME_YOY":0.0949087215,"GROSS_PROFIT":89081056.98212,"GROSS_PROFIT_YOY":32.436315302711,"HOLDER_PROFIT":56314018.7786,"HOLDER_PROFIT_YOY":301.6532527856,"GROSS_PROFIT_RATIO":30.969897140151,"EPS_TTM":0.210910136367,"OPERATE_INCOME_QOQ":2.710370462641,"NET_PROFIT_RATIO":19.5781171464,"ROE_AVG":21.017720936649,"GROSS_PROFIT_QOQ":16.323733071099,"ROA":15.072205516116,"HOLDER_PROFIT_QOQ":125.021469252243,"ROE_YEARLY":21.017720936649,"ROIC_YEARLY":17.827360747782,"TOTAL_ASSETS":409596755.00756,"TOTAL_LIABILITIES":114691264.99388,"TAX_EBT":13.785469648707,"OCF_SALES":14.723968210223,"TOTAL_PARENT_EQUITY":294905490.01368,"DEBT_ASSET_RATIO":28.0010189514,"OPERATE_PROFIT":65706654.68904,"PRETAX_PROFIT":65318477.69644,"NETCASH_OPERATE":42351663.13928,"NETCASH_INVEST":-16427521.72424,"NETCASH_FINANCE":-11921283.534,"END_CASH":38087088.4088,"DIVI_RATIO":0.430283729191,"DIVIDEND_RATE":23.809523809524,"CURRENT_RATIO":2.39563625072,"COMMON_ACS":900000000,"CURRENTDEBT_DEBT":81.819890043211,"ISSUED_COMMON_SHARES":267004800,"HK_COMMON_SHARES":267004800,"PER_SHARES":2000,"TOTAL_MARKET_CAP":112142016,"HKSK_MARKET_CAP":112142016,"PE_TTM":-8.786496211391,"PB_TTM":0.424584943591,"REPORT_DATE_SQ":"2019-12-31 00:00:00","REPORT_TYPE_SQ":"2019年年报","OPERATE_INCOME_SQ":305850084.4375,"DPS_HKD":0.1,"OPERATE_INCOME_QOQ_SQ":-17.489297420697,"NET_PROFIT_RATIO_SQ":4.8790090336,"HOLDER_PROFIT_SQ":14922453.24892,"HOLDER_PROFIT_QOQ_SQ":620.215791120471,"ROE_AVG_SQ":5.950784546194,"PE_TTM_SQ":-3.142163235511,"PB_TTM_SQ":0.335794262336,"ROA_SQ":4.029864091868,"START_DATE":"2020-01-01 00:00:00","FISCAL_YEAR":"12-31","CURRENCY":"HKD","IS_CNY_CODE":0,"DPS_HKD_LY":0.045,"ORG_TYPE":"一般企业","PREMIUM_INCOME":null,"PREMIUM_INCOME_YOY":null,"NET_INTEREST_INCOME":null,"NET_INTEREST_INCOME_YOY":null,"FEE_COMMISSION_INCOME":null,"FEE_COMMISSION_INCOME_YOY":null,"ACCOUNTS_RECE_TDAYS":4.110887762727,"INVENTORY_TDAYS":4.023737449282,"CURRENT_ASSETS_TDAYS":1.507719688517,"TOTAL_ASSETS_TDAYS":0.769849592962,"PREMIUM_EXPENSE":null,"LOAN_DEPOSIT":null,"LOAN_EQUITY":null,"LOAN_ASSETS":null,"DEPOSIT_EQUITY":null,"DEPOSIT_ASSETS":null,"EQUITY_MULTIPLIER":1.388908544865,"EQUITY_RATIO":0.388908544865},{"SECUCODE":"00675.HK","SECURITY_CODE":"00675","SECURITY_NAME_ABBR":"坚宝国际","ORG_CODE":"10009044","STD_REPORT_DATE":"2020-06-30 00:00:00","REPORT_DATE":"2020-06-30 00:00:00","DATE_TYPE_CODE":"002","REPORT_TYPE":"2020年中报","PER_NETCASH_OPERATE":0.045876110828,"PER_OI":0.485556847386,"BPS":1.006075556993,"BASIC_EPS":0.045946032,"DILUTED_EPS":0.045946032,"OPERATE_INCOME":129646008.92496,"OPERATE_INCOME_YOY":-19.6831886579,"GROSS_PROFIT":38248833.9288,"GROSS_PROFIT_YOY":32.203183001983,"HOLDER_PROFIT":12260633.78496,"HOLDER_PROFIT_YOY":447.3852916,"GROSS_PROFIT_RATIO":29.502515539016,"EPS_TTM":0.093728894877,"OPERATE_INCOME_QOQ":-8.436434015003,"NET_PROFIT_RATIO":9.4570082694,"ROE_AVG":4.625344758525,"GROSS_PROFIT_QOQ":13.851500296817,"ROA":3.373563453253,"HOLDER_PROFIT_QOQ":67.70744336392,"ROE_YEARLY":9.250689517049,"ROIC_YEARLY":7.870996082265,"TOTAL_ASSETS":360400072.1376,"TOTAL_LIABILITIES":91773069.25776,"TAX_EBT":15.754342696993,"OCF_SALES":9.448144141028,"TOTAL_PARENT_EQUITY":268627002.87984,"DEBT_ASSET_RATIO":25.4642205573,"OPERATE_PROFIT":18464855.28096,"PRETAX_PROFIT":14553431.21232,"NETCASH_OPERATE":12249141.79632,"NETCASH_INVEST":-8762231.66016,"NETCASH_FINANCE":-1080913.74336,"END_CASH":28066061.48544,"DIVI_RATIO":0.968230769378,"DIVIDEND_RATE":23.809523809524,"CURRENT_RATIO":2.387956292146,"COMMON_ACS":900000000,"CURRENTDEBT_DEBT":77.107633086181,"ISSUED_COMMON_SHARES":267004800,"HK_COMMON_SHARES":267004800,"PER_SHARES":2000,"TOTAL_MARKET_CAP":112142016,"HKSK_MARKET_CAP":112142016,"PE_TTM":-8.786496211391,"PB_TTM":0.424584943591,"REPORT_DATE_SQ":"2019-06-30 00:00:00","REPORT_TYPE_SQ":"2019年中报","OPERATE_INCOME_SQ":155448849.48336,"DPS_HKD":0.1,"OPERATE_INCOME_QOQ_SQ":-8.756802728239,"NET_PROFIT_RATIO_SQ":1.3557959195,"HOLDER_PROFIT_SQ":2157022.20294,"HOLDER_PROFIT_QOQ_SQ":93.095872625638,"ROE_AVG_SQ":0.892192777523,"PE_TTM_SQ":-3.142163235511,"PB_TTM_SQ":0.335794262336,"ROA_SQ":0.604227501215,"START_DATE":"2020-01-01 00:00:00","FISCAL_YEAR":"12-31","CURRENCY":"HKD","IS_CNY_CODE":0,"DPS_HKD_LY":0.045,"ORG_TYPE":"一般企业","PREMIUM_INCOME":null,"PREMIUM_INCOME_YOY":null,"NET_INTEREST_INCOME":null,"NET_INTEREST_INCOME_YOY":null,"FEE_COMMISSION_INCOME":null,"FEE_COMMISSION_INCOME_YOY":null,"ACCOUNTS_RECE_TDAYS":2.123503655133,"INVENTORY_TDAYS":1.807070113739,"CURRENT_ASSETS_TDAYS":0.764649149674,"TOTAL_ASSETS_TDAYS":0.35672628776,"PREMIUM_EXPENSE":null,"LOAN_DEPOSIT":null,"LOAN_EQUITY":null,"LOAN_ASSETS":null,"DEPOSIT_EQUITY":null,"DEPOSIT_ASSETS":null,"EQUITY_MULTIPLIER":1.341637543039,"EQUITY_RATIO":0.341637543039}],"count":46},"success":true,"message":"ok","code":0}