{"version":"a8bb531eeb7c189c6bde455c2aa81309","result":{"pages":6,"data":[{"SECUCODE":"00676.HK","SECURITY_CODE":"00676","SECURITY_NAME_ABBR":"创信国际","ORG_CODE":"10009045","STD_REPORT_DATE":"2024-06-30 00:00:00","REPORT_DATE":"2024-06-30 00:00:00","DATE_TYPE_CODE":"002","REPORT_TYPE":"2024年中报","PER_NETCASH_OPERATE":0.004857519195,"PER_OI":0.031525104496,"BPS":0.767741638267,"BASIC_EPS":0.00142536,"DILUTED_EPS":null,"OPERATE_INCOME":23033817.6,"OPERATE_INCOME_YOY":4.7649918963,"GROSS_PROFIT":14025542.4,"GROSS_PROFIT_YOY":2.429373022834,"HOLDER_PROFIT":1175922,"HOLDER_PROFIT_YOY":-44.4444444444,"GROSS_PROFIT_RATIO":60.891089108911,"EPS_TTM":0.003044080066,"OPERATE_INCOME_QOQ":1.735287617651,"NET_PROFIT_RATIO":5.1051980198,"ROE_AVG":0.209537113468,"GROSS_PROFIT_QOQ":1.485349461361,"ROA":0.166419558837,"HOLDER_PROFIT_QOQ":-30.371013947761,"ROE_YEARLY":0.419074226935,"ROIC_YEARLY":0.368838716888,"TOTAL_ASSETS":707534450.4,"TOTAL_LIABILITIES":146584022.4,"TAX_EBT":-8.552631578947,"OCF_SALES":15.408415841584,"TOTAL_PARENT_EQUITY":560950428,"DEBT_ASSET_RATIO":20.7175809343,"OPERATE_PROFIT":1211556,"PRETAX_PROFIT":1083273.6,"NETCASH_OPERATE":3549146.4,"NETCASH_INVEST":1168795.2,"NETCASH_FINANCE":-7312096.8,"END_CASH":67676092.8,"DIVI_RATIO":2.976991342023,"DIVIDEND_RATE":1.176470588235,"CURRENT_RATIO":3.574026712134,"COMMON_ACS":1500000000,"CURRENTDEBT_DEBT":17.10910151692,"ISSUED_COMMON_SHARES":730650000,"HK_COMMON_SHARES":730650000,"PER_SHARES":2000,"TOTAL_MARKET_CAP":621052500,"HKSK_MARKET_CAP":621052500,"PE_TTM":249.858257780294,"PB_TTM":1.010467534571,"REPORT_DATE_SQ":"2023-06-30 00:00:00","REPORT_TYPE_SQ":"2023年中报","OPERATE_INCOME_SQ":22291593,"DPS_HKD":0.01,"OPERATE_INCOME_QOQ_SQ":-20.197051846765,"NET_PROFIT_RATIO_SQ":9.6272285251,"HOLDER_PROFIT_SQ":2146062.6,"HOLDER_PROFIT_QOQ_SQ":-9.690053129903,"ROE_AVG_SQ":0.376913119622,"PE_TTM_SQ":52.225263624778,"PB_TTM_SQ":0.978873709151,"ROA_SQ":0.297239277618,"START_DATE":"2024-01-01 00:00:00","FISCAL_YEAR":"12-31","CURRENCY":"HKD","IS_CNY_CODE":0,"DPS_HKD_LY":0.01,"ORG_TYPE":"一般企业","PREMIUM_INCOME":null,"PREMIUM_INCOME_YOY":null,"NET_INTEREST_INCOME":null,"NET_INTEREST_INCOME_YOY":null,"FEE_COMMISSION_INCOME":null,"FEE_COMMISSION_INCOME_YOY":null,"ACCOUNTS_RECE_TDAYS":1.764673764674,"INVENTORY_TDAYS":6.076923076923,"CURRENT_ASSETS_TDAYS":0.262327015949,"TOTAL_ASSETS_TDAYS":0.032598061464,"PREMIUM_EXPENSE":null,"LOAN_DEPOSIT":null,"LOAN_EQUITY":null,"LOAN_ASSETS":null,"DEPOSIT_EQUITY":null,"DEPOSIT_ASSETS":null,"EQUITY_MULTIPLIER":1.26131368314,"EQUITY_RATIO":0.261313683141},{"SECUCODE":"00676.HK","SECURITY_CODE":"00676","SECURITY_NAME_ABBR":"创信国际","ORG_CODE":"10009045","STD_REPORT_DATE":"2023-12-31 00:00:00","REPORT_DATE":"2023-12-31 00:00:00","DATE_TYPE_CODE":"001","REPORT_TYPE":"2023年年报","PER_NETCASH_OPERATE":0.019309845206,"PER_OI":0.058540238555,"BPS":0.763669480599,"BASIC_EPS":0.00424962,"DILUTED_EPS":null,"OPERATE_INCOME":42772425.3,"OPERATE_INCOME_YOY":-34.7417333045,"GROSS_PROFIT":22395497.4,"GROSS_PROFIT_YOY":-28.905182088562,"HOLDER_PROFIT":3194297.7,"HOLDER_PROFIT_YOY":-73.2026143791,"GROSS_PROFIT_RATIO":52.359662195728,"EPS_TTM":0.004371857524,"OPERATE_INCOME_QOQ":-16.839083476733,"NET_PROFIT_RATIO":7.4681238616,"ROE_AVG":0.573328163634,"GROSS_PROFIT_QOQ":-16.865178337326,"ROA":0.454110658007,"HOLDER_PROFIT_QOQ":-69.824150329063,"ROE_YEARLY":0.573328163634,"ROIC_YEARLY":0.500599387293,"TOTAL_ASSETS":701300623.2,"TOTAL_LIABILITIES":143325517.2,"TAX_EBT":-275.833333333333,"OCF_SALES":32.985593641331,"TOTAL_PARENT_EQUITY":557975106,"DEBT_ASSET_RATIO":20.4371010746,"OPERATE_PROFIT":1133232,"PRETAX_PROFIT":849924,"NETCASH_OPERATE":14108738.4,"NETCASH_INVEST":1919411.7,"NETCASH_FINANCE":-7713060.3,"END_CASH":69821256.6,"DIVI_RATIO":2.072848886314,"DIVIDEND_RATE":1.219512195122,"CURRENT_RATIO":3.767645221736,"COMMON_ACS":1500000000,"CURRENTDEBT_DEBT":15.823285234236,"ISSUED_COMMON_SHARES":730650000,"HK_COMMON_SHARES":730650000,"PER_SHARES":2000,"TOTAL_MARKET_CAP":599133000,"HKSK_MARKET_CAP":599133000,"PE_TTM":241.039731035107,"PB_TTM":0.974803974527,"REPORT_DATE_SQ":"2022-12-31 00:00:00","REPORT_TYPE_SQ":"2022年年报","OPERATE_INCOME_SQ":64450408.4,"DPS_HKD":0.01,"OPERATE_INCOME_QOQ_SQ":8.451973557722,"NET_PROFIT_RATIO_SQ":18.1867300627,"HOLDER_PROFIT_SQ":11721421.8,"HOLDER_PROFIT_QOQ_SQ":459.667876573153,"ROE_AVG_SQ":2.128184215019,"PE_TTM_SQ":42.157742926026,"PB_TTM_SQ":0.790175162808,"ROA_SQ":1.670728499174,"START_DATE":"2023-01-01 00:00:00","FISCAL_YEAR":"12-31","CURRENCY":"HKD","IS_CNY_CODE":0,"DPS_HKD_LY":0.01,"ORG_TYPE":"一般企业","PREMIUM_INCOME":null,"PREMIUM_INCOME_YOY":null,"NET_INTEREST_INCOME":null,"NET_INTEREST_INCOME_YOY":null,"FEE_COMMISSION_INCOME":null,"FEE_COMMISSION_INCOME_YOY":null,"ACCOUNTS_RECE_TDAYS":3.475683453237,"INVENTORY_TDAYS":6.400444938821,"CURRENT_ASSETS_TDAYS":0.506287726358,"TOTAL_ASSETS_TDAYS":0.060806524694,"PREMIUM_EXPENSE":null,"LOAN_DEPOSIT":null,"LOAN_EQUITY":null,"LOAN_ASSETS":null,"DEPOSIT_EQUITY":null,"DEPOSIT_ASSETS":null,"EQUITY_MULTIPLIER":1.256867225184,"EQUITY_RATIO":0.256867225184},{"SECUCODE":"00676.HK","SECURITY_CODE":"00676","SECURITY_NAME_ABBR":"创信国际","ORG_CODE":"10009045","STD_REPORT_DATE":"2023-06-30 00:00:00","REPORT_DATE":"2023-06-30 00:00:00","DATE_TYPE_CODE":"002","REPORT_TYPE":"2023年中报","PER_NETCASH_OPERATE":0.01878025621,"PER_OI":0.030509262985,"BPS":0.781759069596,"BASIC_EPS":0.00289032,"DILUTED_EPS":null,"OPERATE_INCOME":22291593,"OPERATE_INCOME_YOY":-41.3609579928,"GROSS_PROFIT":13692891,"GROSS_PROFIT_YOY":-24.991043553637,"HOLDER_PROFIT":2146062.6,"HOLDER_PROFIT_YOY":-39.263803681,"GROSS_PROFIT_RATIO":61.426256077796,"EPS_TTM":0.014487935126,"OPERATE_INCOME_QOQ":-20.197051846765,"NET_PROFIT_RATIO":9.6272285251,"ROE_AVG":0.376913119622,"GROSS_PROFIT_QOQ":-14.482503853908,"ROA":0.297239277618,"HOLDER_PROFIT_QOQ":-9.690053129903,"ROE_YEARLY":0.753826239245,"ROIC_YEARLY":0.657385068284,"TOTAL_ASSETS":724205805,"TOTAL_LIABILITIES":153013540.8,"TAX_EBT":-57.142857142857,"OCF_SALES":61.555915721232,"TOTAL_PARENT_EQUITY":571192264.2,"DEBT_ASSET_RATIO":21.1284609628,"OPERATE_PROFIT":1517418,"PRETAX_PROFIT":1365676.2,"NETCASH_OPERATE":13721794.2,"NETCASH_INVEST":982708.8,"NETCASH_FINANCE":-679225.2,"END_CASH":76123803,"DIVI_RATIO":0.62549976384,"DIVIDEND_RATE":1.219512195122,"CURRENT_RATIO":3.08260977425,"COMMON_ACS":1500000000,"CURRENTDEBT_DEBT":19.035700793351,"ISSUED_COMMON_SHARES":730650000,"HK_COMMON_SHARES":730650000,"PER_SHARES":2000,"TOTAL_MARKET_CAP":599133000,"HKSK_MARKET_CAP":599133000,"PE_TTM":241.039731035107,"PB_TTM":0.974803974527,"REPORT_DATE_SQ":"2022-06-30 00:00:00","REPORT_TYPE_SQ":"2022年中报","OPERATE_INCOME_SQ":35308675.4,"DPS_HKD":0.01,"OPERATE_INCOME_QOQ_SQ":27.544519425533,"NET_PROFIT_RATIO_SQ":9.2948108725,"HOLDER_PROFIT_SQ":3281874.6,"HOLDER_PROFIT_QOQ_SQ":46.588001015939,"ROE_AVG_SQ":0.620483571143,"PE_TTM_SQ":42.157742926026,"PB_TTM_SQ":0.790175162808,"ROA_SQ":0.484333447236,"START_DATE":"2023-01-01 00:00:00","FISCAL_YEAR":"12-31","CURRENCY":"HKD","IS_CNY_CODE":0,"DPS_HKD_LY":0.01,"ORG_TYPE":"一般企业","PREMIUM_INCOME":null,"PREMIUM_INCOME_YOY":null,"NET_INTEREST_INCOME":null,"NET_INTEREST_INCOME_YOY":null,"FEE_COMMISSION_INCOME":null,"FEE_COMMISSION_INCOME_YOY":null,"ACCOUNTS_RECE_TDAYS":1.856197352587,"INVENTORY_TDAYS":3.160690571049,"CURRENT_ASSETS_TDAYS":0.254769179949,"TOTAL_ASSETS_TDAYS":0.030874854258,"PREMIUM_EXPENSE":null,"LOAN_DEPOSIT":null,"LOAN_EQUITY":null,"LOAN_ASSETS":null,"DEPOSIT_EQUITY":null,"DEPOSIT_ASSETS":null,"EQUITY_MULTIPLIER":1.267884476716,"EQUITY_RATIO":0.267884476717},{"SECUCODE":"00676.HK","SECURITY_CODE":"00676","SECURITY_NAME_ABBR":"创信国际","ORG_CODE":"10009045","STD_REPORT_DATE":"2022-12-31 00:00:00","REPORT_DATE":"2022-12-31 00:00:00","DATE_TYPE_CODE":"001","REPORT_TYPE":"2022年年报","PER_NETCASH_OPERATE":0.012915941969,"PER_OI":0.088209687812,"BPS":0.748714755629,"BASIC_EPS":0.01601858,"DILUTED_EPS":null,"OPERATE_INCOME":64450408.4,"OPERATE_INCOME_YOY":26.6283524904,"GROSS_PROFIT":31500885.8,"GROSS_PROFIT_YOY":112.50636143516,"HOLDER_PROFIT":11721421.8,"HOLDER_PROFIT_YOY":275.8620689655,"GROSS_PROFIT_RATIO":48.876161659823,"EPS_TTM":0.016042457812,"OPERATE_INCOME_QOQ":8.451973557722,"NET_PROFIT_RATIO":18.1867300627,"ROE_AVG":2.128184215019,"GROSS_PROFIT_QOQ":32.526461719037,"ROA":1.670728499174,"HOLDER_PROFIT_QOQ":459.667876573153,"ROE_YEARLY":2.128184215019,"ROIC_YEARLY":1.828344224094,"TOTAL_ASSETS":693771664.4,"TOTAL_LIABILITIES":146723228.2,"TAX_EBT":8.183306055646,"OCF_SALES":14.642316835963,"TOTAL_PARENT_EQUITY":547048436.2,"DEBT_ASSET_RATIO":21.1486337262,"OPERATE_PROFIT":13072554.2,"PRETAX_PROFIT":12766111.8,"NETCASH_OPERATE":9437033,"NETCASH_INVEST":745212.2,"NETCASH_FINANCE":-7598378.6,"END_CASH":59811984.8,"DIVI_RATIO":0.564888504396,"DIVIDEND_RATE":1.219512195122,"CURRENT_RATIO":3.022814662907,"COMMON_ACS":1500000000,"CURRENTDEBT_DEBT":18.517112071012,"ISSUED_COMMON_SHARES":730650000,"HK_COMMON_SHARES":730650000,"PER_SHARES":2000,"TOTAL_MARKET_CAP":599133000,"HKSK_MARKET_CAP":599133000,"PE_TTM":241.039731035107,"PB_TTM":0.974803974527,"REPORT_DATE_SQ":"2021-12-31 00:00:00","REPORT_TYPE_SQ":"2021年年报","OPERATE_INCOME_SQ":46593615.6,"DPS_HKD":0.01,"OPERATE_INCOME_QOQ_SQ":35.924252885293,"NET_PROFIT_RATIO_SQ":-13.0952380952,"HOLDER_PROFIT_SQ":-6101544.9,"HOLDER_PROFIT_QOQ_SQ":-142.31005280289,"ROE_AVG_SQ":-1.444190415827,"PE_TTM_SQ":42.157742926026,"PB_TTM_SQ":0.790175162808,"ROA_SQ":-1.127613571424,"START_DATE":"2022-01-01 00:00:00","FISCAL_YEAR":"12-31","CURRENCY":"HKD","IS_CNY_CODE":0,"DPS_HKD_LY":0.01,"ORG_TYPE":"一般企业","PREMIUM_INCOME":null,"PREMIUM_INCOME_YOY":null,"NET_INTEREST_INCOME":null,"NET_INTEREST_INCOME_YOY":null,"FEE_COMMISSION_INCOME":null,"FEE_COMMISSION_INCOME_YOY":null,"ACCOUNTS_RECE_TDAYS":4.405617710069,"INVENTORY_TDAYS":4.920436817473,"CURRENT_ASSETS_TDAYS":0.759177981049,"TOTAL_ASSETS_TDAYS":0.091865249741,"PREMIUM_EXPENSE":null,"LOAN_DEPOSIT":null,"LOAN_EQUITY":null,"LOAN_ASSETS":null,"DEPOSIT_EQUITY":null,"DEPOSIT_ASSETS":null,"EQUITY_MULTIPLIER":1.268208843113,"EQUITY_RATIO":0.268208843113},{"SECUCODE":"00676.HK","SECURITY_CODE":"00676","SECURITY_NAME_ABBR":"创信国际","ORG_CODE":"10009045","STD_REPORT_DATE":"2022-06-30 00:00:00","REPORT_DATE":"2022-06-30 00:00:00","DATE_TYPE_CODE":"002","REPORT_TYPE":"2022年中报","PER_NETCASH_OPERATE":0.01604710299,"PER_OI":0.048325019366,"BPS":0.716498096489,"BASIC_EPS":0.00469798,"DILUTED_EPS":null,"OPERATE_INCOME":35308675.4,"OPERATE_INCOME_YOY":51.2216154067,"GROSS_PROFIT":18255008,"GROSS_PROFIT_YOY":96.100547425906,"HOLDER_PROFIT":3281874.6,"HOLDER_PROFIT_YOY":619.1176470588,"GROSS_PROFIT_RATIO":51.701197490971,"EPS_TTM":-0.004460353247,"OPERATE_INCOME_QOQ":27.544519425533,"NET_PROFIT_RATIO":9.2948108725,"ROE_AVG":0.620483571143,"GROSS_PROFIT_QOQ":60.350135873759,"ROA":0.484333447236,"HOLDER_PROFIT_QOQ":46.588001015939,"ROE_YEARLY":1.240967142286,"ROIC_YEARLY":1.070326351041,"TOTAL_ASSETS":671623220.8,"TOTAL_LIABILITIES":148113886.6,"TAX_EBT":12.05035971223,"OCF_SALES":33.206614712032,"TOTAL_PARENT_EQUITY":523509334.2,"DEBT_ASSET_RATIO":22.0531217523,"OPERATE_PROFIT":3859055,"PRETAX_PROFIT":3731538.4,"NETCASH_OPERATE":11724815.8,"NETCASH_INVEST":120805.2,"NETCASH_FINANCE":-583891.8,"END_CASH":69791848.6,"DIVI_RATIO":-2.031722488768,"DIVIDEND_RATE":1.219512195122,"CURRENT_RATIO":2.391151066455,"COMMON_ACS":1500000000,"CURRENTDEBT_DEBT":25.70574108478,"ISSUED_COMMON_SHARES":730650000,"HK_COMMON_SHARES":730650000,"PER_SHARES":2000,"TOTAL_MARKET_CAP":599133000,"HKSK_MARKET_CAP":599133000,"PE_TTM":241.039731035107,"PB_TTM":0.974803974527,"REPORT_DATE_SQ":"2021-06-30 00:00:00","REPORT_TYPE_SQ":"2021年中报","OPERATE_INCOME_SQ":22474687.9,"DPS_HKD":0.01,"OPERATE_INCOME_QOQ_SQ":56.72980302627,"NET_PROFIT_RATIO_SQ":1.9545846508,"HOLDER_PROFIT_SQ":439286.8,"HOLDER_PROFIT_QOQ_SQ":453.624516544315,"ROE_AVG_SQ":0.126063662149,"PE_TTM_SQ":42.157742926026,"PB_TTM_SQ":0.790175162808,"ROA_SQ":0.097766467539,"START_DATE":"2022-01-01 00:00:00","FISCAL_YEAR":"12-31","CURRENCY":"HKD","IS_CNY_CODE":0,"DPS_HKD_LY":0.01,"ORG_TYPE":"一般企业","PREMIUM_INCOME":null,"PREMIUM_INCOME_YOY":null,"NET_INTEREST_INCOME":null,"NET_INTEREST_INCOME_YOY":null,"FEE_COMMISSION_INCOME":null,"FEE_COMMISSION_INCOME_YOY":null,"ACCOUNTS_RECE_TDAYS":2.832301480485,"INVENTORY_TDAYS":2.169940222032,"CURRENT_ASSETS_TDAYS":0.402340165188,"TOTAL_ASSETS_TDAYS":0.052107939998,"PREMIUM_EXPENSE":null,"LOAN_DEPOSIT":null,"LOAN_EQUITY":null,"LOAN_ASSETS":null,"DEPOSIT_EQUITY":null,"DEPOSIT_ASSETS":null,"EQUITY_MULTIPLIER":1.282925015704,"EQUITY_RATIO":0.282925015705},{"SECUCODE":"00676.HK","SECURITY_CODE":"00676","SECURITY_NAME_ABBR":"创信国际","ORG_CODE":"10009045","STD_REPORT_DATE":"2021-12-31 00:00:00","REPORT_DATE":"2021-12-31 00:00:00","DATE_TYPE_CODE":"001","REPORT_TYPE":"2021年年报","PER_NETCASH_OPERATE":-0.019162440567,"PER_OI":0.063770089099,"BPS":0.694734457264,"BASIC_EPS":-0.00828841,"DILUTED_EPS":null,"OPERATE_INCOME":46593615.6,"OPERATE_INCOME_YOY":118.0190930788,"GROSS_PROFIT":14823502.5,"GROSS_PROFIT_YOY":405.976830030009,"HOLDER_PROFIT":-6101544.9,"HOLDER_PROFIT_YOY":-53.12,"GROSS_PROFIT_RATIO":31.814449917898,"EPS_TTM":-0.008350845001,"OPERATE_INCOME_QOQ":35.924252885293,"NET_PROFIT_RATIO":-13.0952380952,"ROE_AVG":-1.444190415827,"GROSS_PROFIT_QOQ":63.74297115451,"ROA":-1.127613571424,"HOLDER_PROFIT_QOQ":-142.31005280289,"ROE_YEARLY":-1.444190415827,"ROIC_YEARLY":-1.265831156377,"TOTAL_ASSETS":649396923.5,"TOTAL_LIABILITIES":141789192.3,"TAX_EBT":17.641996557659,"OCF_SALES":-30.049261083744,"TOTAL_PARENT_EQUITY":507607731.2,"DEBT_ASSET_RATIO":21.833979677,"OPERATE_PROFIT":-7153535.4,"PRETAX_PROFIT":-7408563.4,"NETCASH_OPERATE":-14001037.2,"NETCASH_INVEST":4354603.1,"NETCASH_FINANCE":-930852.2,"END_CASH":55978646,"DIVI_RATIO":-1.08518359506,"DIVIDEND_RATE":1.219512195122,"CURRENT_RATIO":2.315915363385,"COMMON_ACS":1500000000,"CURRENTDEBT_DEBT":24.439048518369,"ISSUED_COMMON_SHARES":730650000,"HK_COMMON_SHARES":730650000,"PER_SHARES":2000,"TOTAL_MARKET_CAP":599133000,"HKSK_MARKET_CAP":599133000,"PE_TTM":241.039731035107,"PB_TTM":0.974803974527,"REPORT_DATE_SQ":"2020-12-31 00:00:00","REPORT_TYPE_SQ":"2020年年报","OPERATE_INCOME_SQ":21871464.8,"DPS_HKD":0.01,"OPERATE_INCOME_QOQ_SQ":-0.337102779445,"NET_PROFIT_RATIO_SQ":-18.6455847255,"HOLDER_PROFIT_SQ":-4078062.5,"HOLDER_PROFIT_QOQ_SQ":96.264813792349,"ROE_AVG_SQ":-1.365135530655,"PE_TTM_SQ":42.157742926026,"PB_TTM_SQ":0.790175162808,"ROA_SQ":-1.080894115612,"START_DATE":"2021-01-01 00:00:00","FISCAL_YEAR":"12-31","CURRENCY":"HKD","IS_CNY_CODE":0,"DPS_HKD_LY":null,"ORG_TYPE":"一般企业","PREMIUM_INCOME":null,"PREMIUM_INCOME_YOY":null,"NET_INTEREST_INCOME":null,"NET_INTEREST_INCOME_YOY":null,"FEE_COMMISSION_INCOME":null,"FEE_COMMISSION_INCOME_YOY":null,"ACCOUNTS_RECE_TDAYS":4.8655126498,"INVENTORY_TDAYS":3.558014994645,"CURRENT_ASSETS_TDAYS":0.581083767344,"TOTAL_ASSETS_TDAYS":0.086108672727,"PREMIUM_EXPENSE":null,"LOAN_DEPOSIT":null,"LOAN_EQUITY":null,"LOAN_ASSETS":null,"DEPOSIT_EQUITY":null,"DEPOSIT_ASSETS":null,"EQUITY_MULTIPLIER":1.279328275724,"EQUITY_RATIO":0.279328275723},{"SECUCODE":"00676.HK","SECURITY_CODE":"00676","SECURITY_NAME_ABBR":"创信国际","ORG_CODE":"10009045","STD_REPORT_DATE":"2021-06-30 00:00:00","REPORT_DATE":"2021-06-30 00:00:00","DATE_TYPE_CODE":"002","REPORT_TYPE":"2021年中报","PER_NETCASH_OPERATE":0.007303144597,"PER_OI":0.030759854787,"BPS":0.485995095737,"BASIC_EPS":0.00064601,"DILUTED_EPS":null,"OPERATE_INCOME":22474687.9,"OPERATE_INCOME_YOY":144.6554149086,"GROSS_PROFIT":9309004.1,"GROSS_PROFIT_YOY":192.205322095879,"HOLDER_PROFIT":439286.8,"HOLDER_PROFIT_YOY":102.665621325,"GROSS_PROFIT_RATIO":41.419948260995,"EPS_TTM":0.0197372597,"OPERATE_INCOME_QOQ":56.72980302627,"NET_PROFIT_RATIO":1.9545846508,"ROE_AVG":0.126063662149,"GROSS_PROFIT_QOQ":209.006747869844,"ROA":0.097766467539,"HOLDER_PROFIT_QOQ":453.624516544315,"ROE_YEARLY":0.252127324299,"ROIC_YEARLY":0.228752123526,"TOTAL_ASSETS":460107702.3,"TOTAL_LIABILITIES":105015385.6,"TAX_EBT":2.857142857143,"OCF_SALES":23.74245472837,"TOTAL_PARENT_EQUITY":355092316.7,"DEBT_ASSET_RATIO":22.8240877245,"OPERATE_PROFIT":581409,"PRETAX_PROFIT":452207,"NETCASH_OPERATE":5336042.6,"NETCASH_INVEST":58140.9,"NETCASH_FINANCE":-562028.7,"END_CASH":67488664.7,"DIVI_RATIO":0.459141752078,"DIVIDEND_RATE":1.219512195122,"CURRENT_RATIO":1.801438122871,"COMMON_ACS":1500000000,"CURRENTDEBT_DEBT":48.763533464567,"ISSUED_COMMON_SHARES":730650000,"HK_COMMON_SHARES":730650000,"PER_SHARES":2000,"TOTAL_MARKET_CAP":599133000,"HKSK_MARKET_CAP":599133000,"PE_TTM":241.039731035107,"PB_TTM":0.974803974527,"REPORT_DATE_SQ":"2020-06-30 00:00:00","REPORT_TYPE_SQ":"2020年中报","OPERATE_INCOME_SQ":10067049,"DPS_HKD":0.01,"OPERATE_INCOME_QOQ_SQ":-31.539522578227,"NET_PROFIT_RATIO_SQ":-179.3952180028,"HOLDER_PROFIT_SQ":-18059804.5,"HOLDER_PROFIT_QOQ_SQ":28.765129289249,"ROE_AVG_SQ":-6.483752493995,"PE_TTM_SQ":42.157742926026,"PB_TTM_SQ":0.790175162808,"ROA_SQ":-5.265439233818,"START_DATE":"2021-01-01 00:00:00","FISCAL_YEAR":"12-31","CURRENCY":"HKD","IS_CNY_CODE":0,"DPS_HKD_LY":null,"ORG_TYPE":"一般企业","PREMIUM_INCOME":null,"PREMIUM_INCOME_YOY":null,"NET_INTEREST_INCOME":null,"NET_INTEREST_INCOME_YOY":null,"FEE_COMMISSION_INCOME":null,"FEE_COMMISSION_INCOME_YOY":null,"ACCOUNTS_RECE_TDAYS":2.371506475801,"INVENTORY_TDAYS":1.39780521262,"CURRENT_ASSETS_TDAYS":0.259182001043,"TOTAL_ASSETS_TDAYS":0.050019050084,"PREMIUM_EXPENSE":null,"LOAN_DEPOSIT":null,"LOAN_EQUITY":null,"LOAN_ASSETS":null,"DEPOSIT_EQUITY":null,"DEPOSIT_ASSETS":null,"EQUITY_MULTIPLIER":1.295741081013,"EQUITY_RATIO":0.295741081012},{"SECUCODE":"00676.HK","SECURITY_CODE":"00676","SECURITY_NAME_ABBR":"创信国际","ORG_CODE":"10009045","STD_REPORT_DATE":"2020-12-31 00:00:00","REPORT_DATE":"2020-12-31 00:00:00","DATE_TYPE_CODE":"001","REPORT_TYPE":"2020年年报","PER_NETCASH_OPERATE":-0.030809423116,"PER_OI":0.029934256895,"BPS":0.472545108465,"BASIC_EPS":-0.00521992,"DILUTED_EPS":null,"OPERATE_INCOME":21871464.8,"OPERATE_INCOME_YOY":-27.0511425462,"GROSS_PROFIT":2929680.1,"GROSS_PROFIT_YOY":106.368722637426,"HOLDER_PROFIT":-4078062.5,"HOLDER_PROFIT_YOY":97.1552116523,"GROSS_PROFIT_RATIO":13.394988066826,"EPS_TTM":-0.005581417231,"OPERATE_INCOME_QOQ":-0.337102779445,"NET_PROFIT_RATIO":-18.6455847255,"ROE_AVG":-1.365135530655,"GROSS_PROFIT_QOQ":114.848826093921,"ROA":-1.080894115612,"HOLDER_PROFIT_QOQ":96.264813792349,"ROE_YEARLY":-1.365135530655,"ROIC_YEARLY":-1.338731097117,"TOTAL_ASSETS":442936311.6,"TOTAL_LIABILITIES":97671228.1,"TAX_EBT":295.3125,"OCF_SALES":-102.923627684964,"TOTAL_PARENT_EQUITY":345265083.5,"DEBT_ASSET_RATIO":22.0508514525,"OPERATE_PROFIT":9121810.2,"PRETAX_PROFIT":2087968,"NETCASH_OPERATE":-22510905,"NETCASH_INVEST":5167720.8,"NETCASH_FINANCE":-867811.7,"END_CASH":63643874.6,"DIVI_RATIO":-1.623637801039,"DIVIDEND_RATE":1.219512195122,"CURRENT_RATIO":1.821687445636,"COMMON_ACS":1500000000,"CURRENTDEBT_DEBT":46.081902598704,"ISSUED_COMMON_SHARES":730650000,"HK_COMMON_SHARES":730650000,"PER_SHARES":2000,"TOTAL_MARKET_CAP":599133000,"HKSK_MARKET_CAP":599133000,"PE_TTM":241.039731035107,"PB_TTM":0.974803974527,"REPORT_DATE_SQ":"2019-12-31 00:00:00","REPORT_TYPE_SQ":"2019年年报","OPERATE_INCOME_SQ":32055639,"DPS_HKD":0.01,"OPERATE_INCOME_QOQ_SQ":-64.620765169178,"NET_PROFIT_RATIO_SQ":-478.1284004353,"HOLDER_PROFIT_SQ":-153267114,"HOLDER_PROFIT_QOQ_SQ":-15.556709510838,"ROE_AVG_SQ":-41.821331353625,"PE_TTM_SQ":42.157742926026,"PB_TTM_SQ":0.790175162808,"ROA_SQ":-35.167755154309,"START_DATE":"2020-01-01 00:00:00","FISCAL_YEAR":"12-31","CURRENCY":"HKD","IS_CNY_CODE":0,"DPS_HKD_LY":null,"ORG_TYPE":"一般企业","PREMIUM_INCOME":null,"PREMIUM_INCOME_YOY":null,"NET_INTEREST_INCOME":null,"NET_INTEREST_INCOME_YOY":null,"FEE_COMMISSION_INCOME":null,"FEE_COMMISSION_INCOME_YOY":null,"ACCOUNTS_RECE_TDAYS":3.119590507213,"INVENTORY_TDAYS":3.099839829151,"CURRENT_ASSETS_TDAYS":0.246126734709,"TOTAL_ASSETS_TDAYS":0.057970513209,"PREMIUM_EXPENSE":null,"LOAN_DEPOSIT":null,"LOAN_EQUITY":null,"LOAN_ASSETS":null,"DEPOSIT_EQUITY":null,"DEPOSIT_ASSETS":null,"EQUITY_MULTIPLIER":1.282887650005,"EQUITY_RATIO":0.282887650005},{"SECUCODE":"00676.HK","SECURITY_CODE":"00676","SECURITY_NAME_ABBR":"创信国际","ORG_CODE":"10009045","STD_REPORT_DATE":"2020-06-30 00:00:00","REPORT_DATE":"2020-06-30 00:00:00","DATE_TYPE_CODE":"002","REPORT_TYPE":"2020年中报","PER_NETCASH_OPERATE":-0.016965995347,"PER_OI":0.013778209813,"BPS":0.387940903305,"BASIC_EPS":-0.02477825,"DILUTED_EPS":null,"OPERATE_INCOME":10067049,"OPERATE_INCOME_YOY":-51.5502555366,"GROSS_PROFIT":3185775,"GROSS_PROFIT_YOY":113.800049907208,"HOLDER_PROFIT":-18059804.5,"HOLDER_PROFIT_YOY":71.7809734513,"GROSS_PROFIT_RATIO":31.645569620253,"EPS_TTM":-0.149428085267,"OPERATE_INCOME_QOQ":-31.539522578227,"NET_PROFIT_RATIO":-179.3952180028,"ROE_AVG":-6.483752493995,"GROSS_PROFIT_QOQ":57.109588346294,"ROA":-5.265439233818,"HOLDER_PROFIT_QOQ":28.765129289249,"ROE_YEARLY":-12.967504987991,"ROIC_YEARLY":-13.848889130169,"TOTAL_ASSETS":347851232.5,"TOTAL_LIABILITIES":64402211.5,"TAX_EBT":-0.039215686275,"OCF_SALES":-123.136427566807,"TOTAL_PARENT_EQUITY":283449021,"DEBT_ASSET_RATIO":18.5142973441,"OPERATE_PROFIT":-17904055.5,"PRETAX_PROFIT":-18052725,"NETCASH_OPERATE":-12714782,"NETCASH_INVEST":488485.5,"NETCASH_FINANCE":-566360,"END_CASH":75722332,"DIVI_RATIO":-0.060645895207,"DIVIDEND_RATE":1.219512195122,"CURRENT_RATIO":1.978626434072,"COMMON_ACS":1500000000,"CURRENTDEBT_DEBT":69.946136088821,"ISSUED_COMMON_SHARES":730650000,"HK_COMMON_SHARES":730650000,"PER_SHARES":2000,"TOTAL_MARKET_CAP":599133000,"HKSK_MARKET_CAP":599133000,"PE_TTM":241.039731035107,"PB_TTM":0.974803974527,"REPORT_DATE_SQ":"2019-06-30 00:00:00","REPORT_TYPE_SQ":"2019年中报","OPERATE_INCOME_SQ":20177244.5,"DPS_HKD":0.01,"OPERATE_INCOME_QOQ_SQ":-66.119121140798,"NET_PROFIT_RATIO_SQ":-308.0068143101,"HOLDER_PROFIT_SQ":-62147288,"HOLDER_PROFIT_QOQ_SQ":-26.590728792213,"ROE_AVG_SQ":-14.542529660165,"PE_TTM_SQ":42.157742926026,"PB_TTM_SQ":0.790175162808,"ROA_SQ":-12.37144440719,"START_DATE":"2020-01-01 00:00:00","FISCAL_YEAR":"12-31","CURRENCY":"HKD","IS_CNY_CODE":0,"DPS_HKD_LY":null,"ORG_TYPE":"一般企业","PREMIUM_INCOME":null,"PREMIUM_INCOME_YOY":null,"NET_INTEREST_INCOME":null,"NET_INTEREST_INCOME_YOY":null,"FEE_COMMISSION_INCOME":null,"FEE_COMMISSION_INCOME_YOY":null,"ACCOUNTS_RECE_TDAYS":1.743715511956,"INVENTORY_TDAYS":1.283168316832,"CURRENT_ASSETS_TDAYS":0.10432103294,"TOTAL_ASSETS_TDAYS":0.029351056803,"PREMIUM_EXPENSE":null,"LOAN_DEPOSIT":null,"LOAN_EQUITY":null,"LOAN_ASSETS":null,"DEPOSIT_EQUITY":null,"DEPOSIT_ASSETS":null,"EQUITY_MULTIPLIER":1.227209151307,"EQUITY_RATIO":0.227209151306}],"count":48},"success":true,"message":"ok","code":0}