{"version":"57d21a885dc2099c4ae5466a1634fa9c","result":{"pages":9,"data":[{"SECUCODE":"00670.HK","SECURITY_CODE":"00670","SECURITY_NAME_ABBR":"中国东方航空股份","ORG_CODE":"10002338","STD_REPORT_DATE":"2024-09-30 00:00:00","REPORT_DATE":"2024-09-30 00:00:00","DATE_TYPE_CODE":"004","REPORT_TYPE":"2024年三季报","PER_NETCASH_OPERATE":1.183286935202,"PER_OI":4.602020330126,"BPS":0.886579205384,"BASIC_EPS":-0.01,"DILUTED_EPS":-0.01,"OPERATE_INCOME":102585000000,"OPERATE_INCOME_YOY":19.7765245718,"GROSS_PROFIT":6485000000,"GROSS_PROFIT_YOY":38.627618640445,"HOLDER_PROFIT":-138000000,"HOLDER_PROFIT_YOY":94.6841294299,"GROSS_PROFIT_RATIO":6.321586976654,"EPS_TTM":-0.256153785495,"OPERATE_INCOME_QOQ":1.751940761043,"NET_PROFIT_RATIO":-0.1793634547,"ROE_AVG":-0.340850149431,"GROSS_PROFIT_QOQ":-24.481917919545,"ROA":-0.049198737945,"HOLDER_PROFIT_QOQ":-22.060709705002,"ROE_YEARLY":-0.454466865908,"ROIC_YEARLY":-0.050966046641,"TOTAL_ASSETS":276257000000,"TOTAL_LIABILITIES":235438000000,"TAX_EBT":460.78431372549,"OCF_SALES":25.712336111517,"TOTAL_PARENT_EQUITY":40262000000,"DEBT_ASSET_RATIO":85.2242658105,"OPERATE_PROFIT":4040000000,"PRETAX_PROFIT":51000000,"NETCASH_OPERATE":26377000000,"NETCASH_INVEST":-11829000000,"NETCASH_FINANCE":-20105000000,"END_CASH":6293000000,"DIVI_RATIO":null,"DIVIDEND_RATE":null,"CURRENT_RATIO":0.18619772054,"COMMON_ACS":null,"CURRENTDEBT_DEBT":50.757311903771,"ISSUED_COMMON_SHARES":22291296570,"HK_COMMON_SHARES":5176777777,"PER_SHARES":2000,"TOTAL_MARKET_CAP":54613676596.5,"HKSK_MARKET_CAP":12683105553.65,"PE_TTM":-8.617860974201,"PB_TTM":2.492033973484,"REPORT_DATE_SQ":"2023-09-30 00:00:00","REPORT_TYPE_SQ":"2023年三季报","OPERATE_INCOME_SQ":85647000000,"DPS_HKD":null,"OPERATE_INCOME_QOQ_SQ":25.750177207214,"NET_PROFIT_RATIO_SQ":-3.0045126143,"HOLDER_PROFIT_SQ":-2596000000,"HOLDER_PROFIT_QOQ_SQ":52.299289128077,"ROE_AVG_SQ":-8.980519816049,"PE_TTM_SQ":-3.21083576307,"PB_TTM_SQ":1.518583328063,"ROA_SQ":-0.914651795535,"START_DATE":"2024-01-01 00:00:00","FISCAL_YEAR":"12-31","CURRENCY":"HKD","IS_CNY_CODE":0,"DPS_HKD_LY":null,"ORG_TYPE":"一般企业","PREMIUM_INCOME":null,"PREMIUM_INCOME_YOY":null,"NET_INTEREST_INCOME":null,"NET_INTEREST_INCOME_YOY":null,"FEE_COMMISSION_INCOME":null,"FEE_COMMISSION_INCOME_YOY":null,"ACCOUNTS_RECE_TDAYS":41.566045380875,"INVENTORY_TDAYS":55.581260844419,"CURRENT_ASSETS_TDAYS":4.282047000877,"TOTAL_ASSETS_TDAYS":0.365728444357,"PREMIUM_EXPENSE":null,"LOAN_DEPOSIT":null,"LOAN_EQUITY":null,"LOAN_ASSETS":null,"DEPOSIT_EQUITY":null,"DEPOSIT_ASSETS":null,"EQUITY_MULTIPLIER":6.767853205634,"EQUITY_RATIO":5.847647906214},{"SECUCODE":"00670.HK","SECURITY_CODE":"00670","SECURITY_NAME_ABBR":"中国东方航空股份","ORG_CODE":"10002338","STD_REPORT_DATE":"2024-06-30 00:00:00","REPORT_DATE":"2024-06-30 00:00:00","DATE_TYPE_CODE":"002","REPORT_TYPE":"2024年中报","PER_NETCASH_OPERATE":0.480815459358,"PER_OI":2.880002955342,"BPS":0.875588368703,"BASIC_EPS":-0.12,"DILUTED_EPS":-0.12,"OPERATE_INCOME":64199000000,"OPERATE_INCOME_YOY":29.6661347983,"GROSS_PROFIT":1796000000,"GROSS_PROFIT_YOY":247.697368421053,"HOLDER_PROFIT":-2768000000,"HOLDER_PROFIT_YOY":55.7686161713,"GROSS_PROFIT_RATIO":2.797551363728,"EPS_TTM":-0.209857689763,"OPERATE_INCOME_QOQ":3.03168872844,"NET_PROFIT_RATIO":-4.8271779934,"ROE_AVG":-6.870105856219,"GROSS_PROFIT_QOQ":-7.844972851526,"ROA":-0.989186137099,"HOLDER_PROFIT_QOQ":8.828688364841,"ROE_YEARLY":-13.740211712438,"ROIC_YEARLY":-2.037860173196,"TOTAL_ASSETS":274919000000,"TOTAL_LIABILITIES":234778000000,"TAX_EBT":-9.081309398099,"OCF_SALES":16.694964096014,"TOTAL_PARENT_EQUITY":39869000000,"DEBT_ASSET_RATIO":85.3989720609,"OPERATE_PROFIT":40000000,"PRETAX_PROFIT":-2841000000,"NETCASH_OPERATE":10718000000,"NETCASH_INVEST":-7329000000,"NETCASH_FINANCE":-11522000000,"END_CASH":3713000000,"DIVI_RATIO":null,"DIVIDEND_RATE":null,"CURRENT_RATIO":0.159209985617,"COMMON_ACS":null,"CURRENTDEBT_DEBT":49.752532179335,"ISSUED_COMMON_SHARES":22291296570,"HK_COMMON_SHARES":5176777777,"PER_SHARES":2000,"TOTAL_MARKET_CAP":62192717430.3,"HKSK_MARKET_CAP":14443209997.83,"PE_TTM":-9.813809027763,"PB_TTM":2.8378672596,"REPORT_DATE_SQ":"2023-06-30 00:00:00","REPORT_TYPE_SQ":"2023年中报","OPERATE_INCOME_SQ":49511000000,"DPS_HKD":null,"OPERATE_INCOME_QOQ_SQ":36.75480639776,"NET_PROFIT_RATIO_SQ":-13.3070308548,"HOLDER_PROFIT_SQ":-6258000000,"HOLDER_PROFIT_QOQ_SQ":25.516766879057,"ROE_AVG_SQ":-22.052051168946,"PE_TTM_SQ":-3.751435661955,"PB_TTM_SQ":1.774263174115,"ROA_SQ":-2.156359344914,"START_DATE":"2024-01-01 00:00:00","FISCAL_YEAR":"12-31","CURRENCY":"HKD","IS_CNY_CODE":0,"DPS_HKD_LY":null,"ORG_TYPE":"一般企业","PREMIUM_INCOME":null,"PREMIUM_INCOME_YOY":null,"NET_INTEREST_INCOME":null,"NET_INTEREST_INCOME_YOY":null,"FEE_COMMISSION_INCOME":null,"FEE_COMMISSION_INCOME_YOY":null,"ACCOUNTS_RECE_TDAYS":26.462901896125,"INVENTORY_TDAYS":36.217643644806,"CURRENT_ASSETS_TDAYS":2.900994125621,"TOTAL_ASSETS_TDAYS":0.229424713929,"PREMIUM_EXPENSE":null,"LOAN_DEPOSIT":null,"LOAN_EQUITY":null,"LOAN_ASSETS":null,"DEPOSIT_EQUITY":null,"DEPOSIT_ASSETS":null,"EQUITY_MULTIPLIER":6.848832864172,"EQUITY_RATIO":5.88873560912},{"SECUCODE":"00670.HK","SECURITY_CODE":"00670","SECURITY_NAME_ABBR":"中国东方航空股份","ORG_CODE":"10002338","STD_REPORT_DATE":"2024-03-31 00:00:00","REPORT_DATE":"2024-03-31 00:00:00","DATE_TYPE_CODE":"003","REPORT_TYPE":"2024年一季报","PER_NETCASH_OPERATE":0.212549323236,"PER_OI":1.488877055481,"BPS":0.874556575872,"BASIC_EPS":-0.04,"DILUTED_EPS":-0.04,"OPERATE_INCOME":33189000000,"OPERATE_INCOME_YOY":48.9631956912,"GROSS_PROFIT":1507000000,"GROSS_PROFIT_YOY":178.326403326403,"HOLDER_PROFIT":-803000000,"HOLDER_PROFIT_YOY":79.0885416667,"GROSS_PROFIT_RATIO":4.5406610624,"EPS_TTM":-0.230179522483,"OPERATE_INCOME_QOQ":9.591088525686,"NET_PROFIT_RATIO":-2.8051462834,"ROE_AVG":-1.997239183694,"GROSS_PROFIT_QOQ":179.633507853403,"ROA":-0.28775483145,"HOLDER_PROFIT_QOQ":37.181684622919,"ROE_YEARLY":-7.988956734775,"ROIC_YEARLY":-1.189378538605,"TOTAL_ASSETS":273381000000,"TOTAL_LIABILITIES":233199000000,"TAX_EBT":-14.093137254902,"OCF_SALES":14.275814275814,"TOTAL_PARENT_EQUITY":39699000000,"DEBT_ASSET_RATIO":85.3018315099,"OPERATE_PROFIT":600000000,"PRETAX_PROFIT":-816000000,"NETCASH_OPERATE":4738000000,"NETCASH_INVEST":-3674000000,"NETCASH_FINANCE":-8075000000,"END_CASH":4849000000,"DIVI_RATIO":null,"DIVIDEND_RATE":null,"CURRENT_RATIO":0.193597607807,"COMMON_ACS":null,"CURRENTDEBT_DEBT":41.874536340207,"ISSUED_COMMON_SHARES":22291296570,"HK_COMMON_SHARES":5176777777,"PER_SHARES":2000,"TOTAL_MARKET_CAP":62415630396,"HKSK_MARKET_CAP":14494977775.6,"PE_TTM":-9.848983970515,"PB_TTM":2.848038826838,"REPORT_DATE_SQ":"2023-03-31 00:00:00","REPORT_TYPE_SQ":"2023年一季报","OPERATE_INCOME_SQ":22280000000,"DPS_HKD":null,"OPERATE_INCOME_QOQ_SQ":20.810652555789,"NET_PROFIT_RATIO_SQ":-17.9641525538,"HOLDER_PROFIT_SQ":-3840000000,"HOLDER_PROFIT_QOQ_SQ":10.58417589472,"ROE_AVG_SQ":-13.374127411159,"PE_TTM_SQ":-3.866108367778,"PB_TTM_SQ":1.828498292974,"ROA_SQ":-1.3193614471,"START_DATE":"2024-01-01 00:00:00","FISCAL_YEAR":"12-31","CURRENCY":"HKD","IS_CNY_CODE":0,"DPS_HKD_LY":null,"ORG_TYPE":"一般企业","PREMIUM_INCOME":null,"PREMIUM_INCOME_YOY":null,"NET_INTEREST_INCOME":null,"NET_INTEREST_INCOME_YOY":null,"FEE_COMMISSION_INCOME":null,"FEE_COMMISSION_INCOME_YOY":null,"ACCOUNTS_RECE_TDAYS":13.728645294726,"INVENTORY_TDAYS":18.920274708868,"CURRENT_ASSETS_TDAYS":1.489364566505,"TOTAL_ASSETS_TDAYS":0.118932691171,"PREMIUM_EXPENSE":null,"LOAN_DEPOSIT":null,"LOAN_EQUITY":null,"LOAN_ASSETS":null,"DEPOSIT_EQUITY":null,"DEPOSIT_ASSETS":null,"EQUITY_MULTIPLIER":6.803568762146,"EQUITY_RATIO":5.874178190886},{"SECUCODE":"00670.HK","SECURITY_CODE":"00670","SECURITY_NAME_ABBR":"中国东方航空股份","ORG_CODE":"10002338","STD_REPORT_DATE":"2023-12-31 00:00:00","REPORT_DATE":"2023-12-31 00:00:00","DATE_TYPE_CODE":"001","REPORT_TYPE":"2023年年报","PER_NETCASH_OPERATE":1.192079604547,"PER_OI":5.102484713836,"BPS":1.022596416876,"BASIC_EPS":-0.37,"DILUTED_EPS":-0.37,"OPERATE_INCOME":113741000000,"OPERATE_INCOME_YOY":145.6343807364,"GROSS_PROFIT":1910000000,"GROSS_PROFIT_YOY":106.618156618157,"HOLDER_PROFIT":-8168000000,"HOLDER_PROFIT_YOY":78.1347039298,"GROSS_PROFIT_RATIO":1.679253743153,"EPS_TTM":-0.366421036764,"OPERATE_INCOME_QOQ":18.728796751532,"NET_PROFIT_RATIO":-7.5733464626,"ROE_AVG":-21.9245738827,"GROSS_PROFIT_QOQ":148.96180466547,"ROA":-2.85236862185,"HOLDER_PROFIT_QOQ":31.228424686369,"ROE_YEARLY":-21.9245738827,"ROIC_YEARLY":-3.015118041059,"TOTAL_ASSETS":282574000000,"TOTAL_LIABILITIES":241251000000,"TAX_EBT":-4.058951437545,"OCF_SALES":23.362727600426,"TOTAL_PARENT_EQUITY":40712000000,"DEBT_ASSET_RATIO":84.7355241577,"OPERATE_PROFIT":-1919000000,"PRETAX_PROFIT":-8278000000,"NETCASH_OPERATE":26573000000,"NETCASH_INVEST":-16072000000,"NETCASH_FINANCE":-16789000000,"END_CASH":11741000000,"DIVI_RATIO":null,"DIVIDEND_RATE":null,"CURRENT_RATIO":0.241502296168,"COMMON_ACS":null,"CURRENTDEBT_DEBT":44.054532416446,"ISSUED_COMMON_SHARES":22291296570,"HK_COMMON_SHARES":5176777777,"PER_SHARES":2000,"TOTAL_MARKET_CAP":62415630396,"HKSK_MARKET_CAP":14494977775.6,"PE_TTM":-9.848983970515,"PB_TTM":2.848038826838,"REPORT_DATE_SQ":"2022-12-31 00:00:00","REPORT_TYPE_SQ":"2022年年报","OPERATE_INCOME_SQ":46305000000,"DPS_HKD":null,"OPERATE_INCOME_QOQ_SQ":-8.647674142167,"NET_PROFIT_RATIO_SQ":-86.5303289887,"HOLDER_PROFIT_SQ":-37356000000,"HOLDER_PROFIT_QOQ_SQ":-16.221089281273,"ROE_AVG_SQ":-88.032306297609,"PE_TTM_SQ":-3.866108367778,"PB_TTM_SQ":1.828498292974,"ROA_SQ":-12.963829853634,"START_DATE":"2023-01-01 00:00:00","FISCAL_YEAR":"12-31","CURRENCY":"HKD","IS_CNY_CODE":0,"DPS_HKD_LY":null,"ORG_TYPE":"一般企业","PREMIUM_INCOME":null,"PREMIUM_INCOME_YOY":null,"NET_INTEREST_INCOME":null,"NET_INTEREST_INCOME_YOY":null,"FEE_COMMISSION_INCOME":null,"FEE_COMMISSION_INCOME_YOY":null,"ACCOUNTS_RECE_TDAYS":75.625664893617,"INVENTORY_TDAYS":68.607975460123,"CURRENT_ASSETS_TDAYS":4.285967292185,"TOTAL_ASSETS_TDAYS":0.397197917994,"PREMIUM_EXPENSE":null,"LOAN_DEPOSIT":null,"LOAN_EQUITY":null,"LOAN_ASSETS":null,"DEPOSIT_EQUITY":null,"DEPOSIT_ASSETS":null,"EQUITY_MULTIPLIER":6.55115845661,"EQUITY_RATIO":5.925795834152},{"SECUCODE":"00670.HK","SECURITY_CODE":"00670","SECURITY_NAME_ABBR":"中国东方航空股份","ORG_CODE":"10002338","STD_REPORT_DATE":"2023-09-30 00:00:00","REPORT_DATE":"2023-09-30 00:00:00","DATE_TYPE_CODE":"004","REPORT_TYPE":"2023年三季报","PER_NETCASH_OPERATE":1.179563508898,"PER_OI":3.842172200753,"BPS":1.184363588591,"BASIC_EPS":-0.12,"DILUTED_EPS":-0.12,"OPERATE_INCOME":85647000000,"OPERATE_INCOME_YOY":138.59972106,"GROSS_PROFIT":4678000000,"GROSS_PROFIT_YOY":122.841796875,"HOLDER_PROFIT":-2596000000,"HOLDER_PROFIT_YOY":90.7276995305,"GROSS_PROFIT_RATIO":5.349669152891,"EPS_TTM":-0.532808845941,"OPERATE_INCOME_QOQ":25.750177207214,"NET_PROFIT_RATIO":-3.0045126143,"ROE_AVG":-8.980519816049,"GROSS_PROFIT_QOQ":74.853348804229,"ROA":-0.914651795535,"HOLDER_PROFIT_QOQ":52.299289128077,"ROE_YEARLY":-11.974026421399,"ROIC_YEARLY":-0.970758099891,"TOTAL_ASSETS":282069000000,"TOTAL_LIABILITIES":254610000000,"TAX_EBT":16.125860373648,"OCF_SALES":30.739554350113,"TOTAL_PARENT_EQUITY":26401000000,"DEBT_ASSET_RATIO":90.2651478893,"OPERATE_PROFIT":2572000000,"PRETAX_PROFIT":-3051000000,"NETCASH_OPERATE":26281000000,"NETCASH_INVEST":-10761000000,"NETCASH_FINANCE":-20128000000,"END_CASH":13565000000,"DIVI_RATIO":null,"DIVIDEND_RATE":null,"CURRENT_RATIO":0.243281430766,"COMMON_ACS":null,"CURRENTDEBT_DEBT":41.417854758258,"ISSUED_COMMON_SHARES":22291296570,"HK_COMMON_SHARES":5176777777,"PER_SHARES":2000,"TOTAL_MARKET_CAP":62415630396,"HKSK_MARKET_CAP":14494977775.6,"PE_TTM":-9.848983970515,"PB_TTM":2.848038826838,"REPORT_DATE_SQ":"2022-09-30 00:00:00","REPORT_TYPE_SQ":"2022年三季报","OPERATE_INCOME_SQ":35850000000,"DPS_HKD":null,"OPERATE_INCOME_QOQ_SQ":-0.152315391767,"NET_PROFIT_RATIO_SQ":-83.4979079498,"HOLDER_PROFIT_SQ":-28116000000,"HOLDER_PROFIT_QOQ_SQ":-24.963095330588,"ROE_AVG_SQ":-73.042800545561,"PE_TTM_SQ":-3.866108367778,"PB_TTM_SQ":1.828498292974,"ROA_SQ":-9.74752333654,"START_DATE":"2023-01-01 00:00:00","FISCAL_YEAR":"12-31","CURRENCY":"HKD","IS_CNY_CODE":0,"DPS_HKD_LY":null,"ORG_TYPE":"一般企业","PREMIUM_INCOME":null,"PREMIUM_INCOME_YOY":null,"NET_INTEREST_INCOME":null,"NET_INTEREST_INCOME_YOY":null,"FEE_COMMISSION_INCOME":null,"FEE_COMMISSION_INCOME_YOY":null,"ACCOUNTS_RECE_TDAYS":52.463705972435,"INVENTORY_TDAYS":48.816400361773,"CURRENT_ASSETS_TDAYS":3.223712972036,"TOTAL_ASSETS_TDAYS":0.300105428793,"PREMIUM_EXPENSE":null,"LOAN_DEPOSIT":null,"LOAN_EQUITY":null,"LOAN_ASSETS":null,"DEPOSIT_EQUITY":null,"DEPOSIT_ASSETS":null,"EQUITY_MULTIPLIER":10.272369714799,"EQUITY_RATIO":9.643952880573},{"SECUCODE":"00670.HK","SECURITY_CODE":"00670","SECURITY_NAME_ABBR":"中国东方航空股份","ORG_CODE":"10002338","STD_REPORT_DATE":"2023-06-30 00:00:00","REPORT_DATE":"2023-06-30 00:00:00","DATE_TYPE_CODE":"002","REPORT_TYPE":"2023年中报","PER_NETCASH_OPERATE":0.722838169121,"PER_OI":2.2210910812,"BPS":1.122276576485,"BASIC_EPS":-0.28,"DILUTED_EPS":-0.28,"OPERATE_INCOME":49511000000,"OPERATE_INCOME_YOY":155.3735661879,"GROSS_PROFIT":-1216000000,"GROSS_PROFIT_YOY":91.712104689204,"HOLDER_PROFIT":-6258000000,"HOLDER_PROFIT_YOY":66.6470964987,"GROSS_PROFIT_RATIO":-2.484572584724,"EPS_TTM":-1.116983030656,"OPERATE_INCOME_QOQ":36.75480639776,"NET_PROFIT_RATIO":-13.3070308548,"ROE_AVG":-22.052051168946,"GROSS_PROFIT_QOQ":36.288964639205,"ROA":-2.156359344914,"HOLDER_PROFIT_QOQ":25.516766879057,"ROE_YEARLY":-44.104102337892,"ROIC_YEARLY":-4.626995248241,"TOTAL_ASSETS":291604000000,"TOTAL_LIABILITIES":265894000000,"TAX_EBT":5.347901092582,"OCF_SALES":32.60091047041,"TOTAL_PARENT_EQUITY":25017000000,"DEBT_ASSET_RATIO":91.1832485151,"OPERATE_PROFIT":-2567000000,"PRETAX_PROFIT":-6956000000,"NETCASH_OPERATE":16183000000,"NETCASH_INVEST":-6629000000,"NETCASH_FINANCE":-7083000000,"END_CASH":20647000000,"DIVI_RATIO":null,"DIVIDEND_RATE":null,"CURRENT_RATIO":0.286961446308,"COMMON_ACS":null,"CURRENTDEBT_DEBT":43.165697608822,"ISSUED_COMMON_SHARES":22291296570,"HK_COMMON_SHARES":5176777777,"PER_SHARES":2000,"TOTAL_MARKET_CAP":62192717430.3,"HKSK_MARKET_CAP":14443209997.83,"PE_TTM":-9.813809027763,"PB_TTM":2.8378672596,"REPORT_DATE_SQ":"2022-06-30 00:00:00","REPORT_TYPE_SQ":"2022年中报","OPERATE_INCOME_SQ":19354000000,"DPS_HKD":null,"OPERATE_INCOME_QOQ_SQ":-22.028103679383,"NET_PROFIT_RATIO_SQ":-103.2034721505,"HOLDER_PROFIT_SQ":-18736000000,"HOLDER_PROFIT_QOQ_SQ":-59.205887810007,"ROE_AVG_SQ":-42.308734531659,"PE_TTM_SQ":-3.751435661955,"PB_TTM_SQ":1.774263174115,"ROA_SQ":-6.449247800024,"START_DATE":"2023-01-01 00:00:00","FISCAL_YEAR":"12-31","CURRENCY":"HKD","IS_CNY_CODE":0,"DPS_HKD_LY":null,"ORG_TYPE":"一般企业","PREMIUM_INCOME":null,"PREMIUM_INCOME_YOY":null,"NET_INTEREST_INCOME":null,"NET_INTEREST_INCOME_YOY":null,"FEE_COMMISSION_INCOME":null,"FEE_COMMISSION_INCOME_YOY":null,"ACCOUNTS_RECE_TDAYS":32.540913572133,"INVENTORY_TDAYS":30.449654343252,"CURRENT_ASSETS_TDAYS":1.63797246019,"TOTAL_ASSETS_TDAYS":0.170552185345,"PREMIUM_EXPENSE":null,"LOAN_DEPOSIT":null,"LOAN_EQUITY":null,"LOAN_ASSETS":null,"DEPOSIT_EQUITY":null,"DEPOSIT_ASSETS":null,"EQUITY_MULTIPLIER":11.342045896526,"EQUITY_RATIO":10.628532597833},{"SECUCODE":"00670.HK","SECURITY_CODE":"00670","SECURITY_NAME_ABBR":"中国东方航空股份","ORG_CODE":"10002338","STD_REPORT_DATE":"2023-03-31 00:00:00","REPORT_DATE":"2023-03-31 00:00:00","DATE_TYPE_CODE":"003","REPORT_TYPE":"2023年一季报","PER_NETCASH_OPERATE":0.298995618271,"PER_OI":0.999493229568,"BPS":1.13106924583,"BASIC_EPS":-0.17,"DILUTED_EPS":-0.17,"OPERATE_INCOME":22280000000,"OPERATE_INCOME_YOY":75.7678641927,"GROSS_PROFIT":-1924000000,"GROSS_PROFIT_YOY":70.535987748852,"HOLDER_PROFIT":-3840000000,"HOLDER_PROFIT_YOY":50.9922680412,"GROSS_PROFIT_RATIO":-8.633933785544,"EPS_TTM":-1.499643589372,"OPERATE_INCOME_QOQ":20.810652555789,"NET_PROFIT_RATIO":-17.9641525538,"ROE_AVG":-13.374127411159,"GROSS_PROFIT_QOQ":15.913250682046,"ROA":-1.3193614471,"HOLDER_PROFIT_QOQ":10.58417589472,"ROE_YEARLY":-53.496509644634,"ROIC_YEARLY":-5.663260842453,"TOTAL_ASSETS":288507000000,"TOTAL_LIABILITIES":262469000000,"TAX_EBT":-0.648379052369,"OCF_SALES":29.940254256323,"TOTAL_PARENT_EQUITY":25213000000,"DEBT_ASSET_RATIO":90.9749156866,"OPERATE_PROFIT":-2791000000,"PRETAX_PROFIT":-4010000000,"NETCASH_OPERATE":6707000000,"NETCASH_INVEST":-1725000000,"NETCASH_FINANCE":-2650000000,"END_CASH":20504000000,"DIVI_RATIO":null,"DIVIDEND_RATE":null,"CURRENT_RATIO":0.301966503575,"COMMON_ACS":null,"CURRENTDEBT_DEBT":40.492401007357,"ISSUED_COMMON_SHARES":22291296570,"HK_COMMON_SHARES":5176777777,"PER_SHARES":2000,"TOTAL_MARKET_CAP":62415630396,"HKSK_MARKET_CAP":14494977775.6,"PE_TTM":-9.848983970515,"PB_TTM":2.848038826838,"REPORT_DATE_SQ":"2022-03-31 00:00:00","REPORT_TYPE_SQ":"2022年一季报","OPERATE_INCOME_SQ":12665000000,"DPS_HKD":null,"OPERATE_INCOME_QOQ_SQ":-1.087490875505,"NET_PROFIT_RATIO_SQ":-65.2901697592,"HOLDER_PROFIT_SQ":-7760000000,"HOLDER_PROFIT_QOQ_SQ":-32.380874406419,"ROE_AVG_SQ":-15.957884346467,"PE_TTM_SQ":-3.866108367778,"PB_TTM_SQ":1.828498292974,"ROA_SQ":-2.710528797622,"START_DATE":"2023-01-01 00:00:00","FISCAL_YEAR":"12-31","CURRENCY":"HKD","IS_CNY_CODE":0,"DPS_HKD_LY":null,"ORG_TYPE":"一般企业","PREMIUM_INCOME":null,"PREMIUM_INCOME_YOY":null,"NET_INTEREST_INCOME":null,"NET_INTEREST_INCOME_YOY":null,"FEE_COMMISSION_INCOME":null,"FEE_COMMISSION_INCOME_YOY":null,"ACCOUNTS_RECE_TDAYS":18.069748580697,"INVENTORY_TDAYS":14.550541516245,"CURRENT_ASSETS_TDAYS":0.748193459483,"TOTAL_ASSETS_TDAYS":0.077229306268,"PREMIUM_EXPENSE":null,"LOAN_DEPOSIT":null,"LOAN_EQUITY":null,"LOAN_ASSETS":null,"DEPOSIT_EQUITY":null,"DEPOSIT_ASSETS":null,"EQUITY_MULTIPLIER":11.080228896203,"EQUITY_RATIO":10.410066235672},{"SECUCODE":"00670.HK","SECURITY_CODE":"00670","SECURITY_NAME_ABBR":"中国东方航空股份","ORG_CODE":"10002338","STD_REPORT_DATE":"2022-12-31 00:00:00","REPORT_DATE":"2022-12-31 00:00:00","DATE_TYPE_CODE":"001","REPORT_TYPE":"2022年年报","PER_NETCASH_OPERATE":-0.343003552595,"PER_OI":2.453317810152,"BPS":1.405122393919,"BASIC_EPS":-1.98,"DILUTED_EPS":-1.98,"OPERATE_INCOME":46305000000,"OPERATE_INCOME_YOY":-31.3078195063,"GROSS_PROFIT":-28860000000,"GROSS_PROFIT_YOY":-123.132828204732,"HOLDER_PROFIT":-37356000000,"HOLDER_PROFIT_YOY":-206.0913705584,"GROSS_PROFIT_RATIO":-62.798464574613,"EPS_TTM":-1.980773990937,"OPERATE_INCOME_QOQ":-8.647674142167,"NET_PROFIT_RATIO":-86.5303289887,"ROE_AVG":-88.032306297609,"GROSS_PROFIT_QOQ":-9.374881964117,"ROA":-12.963829853634,"HOLDER_PROFIT_QOQ":-16.221089281273,"ROE_YEARLY":-88.032306297609,"ROIC_YEARLY":-13.802575107296,"TOTAL_ASSETS":288431000000,"TOTAL_LIABILITIES":255753000000,"TAX_EBT":0.608266440644,"OCF_SALES":-14.040033831407,"TOTAL_PARENT_EQUITY":31658000000,"DEBT_ASSET_RATIO":88.7691677315,"OPERATE_PROFIT":-31588000000,"PRETAX_PROFIT":-40114000000,"NETCASH_OPERATE":-6435000000,"NETCASH_INVEST":-7272000000,"NETCASH_FINANCE":18340000000,"END_CASH":18015000000,"DIVI_RATIO":null,"DIVIDEND_RATE":null,"CURRENT_RATIO":0.257529639442,"COMMON_ACS":null,"CURRENTDEBT_DEBT":41.658944372109,"ISSUED_COMMON_SHARES":22291296570,"HK_COMMON_SHARES":5176777777,"PER_SHARES":2000,"TOTAL_MARKET_CAP":62415630396,"HKSK_MARKET_CAP":14494977775.6,"PE_TTM":-9.848983970515,"PB_TTM":2.848038826838,"REPORT_DATE_SQ":"2021-12-31 00:00:00","REPORT_TYPE_SQ":"2021年年报","OPERATE_INCOME_SQ":67127000000,"DPS_HKD":null,"OPERATE_INCOME_QOQ_SQ":-2.612871402043,"NET_PROFIT_RATIO_SQ":-19.7893545071,"HOLDER_PROFIT_SQ":-12214000000,"HOLDER_PROFIT_QOQ_SQ":-12.127054071422,"ROE_AVG_SQ":-22.234762979684,"PE_TTM_SQ":-3.866108367778,"PB_TTM_SQ":1.828498292974,"ROA_SQ":-4.259905133929,"START_DATE":"2022-01-01 00:00:00","FISCAL_YEAR":"12-31","CURRENCY":"HKD","IS_CNY_CODE":0,"DPS_HKD_LY":null,"ORG_TYPE":"一般企业","PREMIUM_INCOME":null,"PREMIUM_INCOME_YOY":null,"NET_INTEREST_INCOME":null,"NET_INTEREST_INCOME_YOY":null,"FEE_COMMISSION_INCOME":null,"FEE_COMMISSION_INCOME_YOY":null,"ACCOUNTS_RECE_TDAYS":51.708542713568,"INVENTORY_TDAYS":43.835328467153,"CURRENT_ASSETS_TDAYS":1.666973952967,"TOTAL_ASSETS_TDAYS":0.159892782962,"PREMIUM_EXPENSE":null,"LOAN_DEPOSIT":null,"LOAN_EQUITY":null,"LOAN_ASSETS":null,"DEPOSIT_EQUITY":null,"DEPOSIT_ASSETS":null,"EQUITY_MULTIPLIER":8.904059611012,"EQUITY_RATIO":8.078621517468},{"SECUCODE":"00670.HK","SECURITY_CODE":"00670","SECURITY_NAME_ABBR":"中国东方航空股份","ORG_CODE":"10002338","STD_REPORT_DATE":"2022-09-30 00:00:00","REPORT_DATE":"2022-09-30 00:00:00","DATE_TYPE_CODE":"004","REPORT_TYPE":"2022年三季报","PER_NETCASH_OPERATE":-0.013775243076,"PER_OI":1.89939409338,"BPS":1.048391237657,"BASIC_EPS":-1.4897,"DILUTED_EPS":-1.4897,"OPERATE_INCOME":35850000000,"OPERATE_INCOME_YOY":-31.7155863698,"GROSS_PROFIT":-20480000000,"GROSS_PROFIT_YOY":-195.143392419657,"HOLDER_PROFIT":-28116000000,"HOLDER_PROFIT_YOY":-244.474393531,"GROSS_PROFIT_RATIO":-57.126917712692,"EPS_TTM":-1.70431545874,"OPERATE_INCOME_QOQ":-0.152315391767,"NET_PROFIT_RATIO":-83.4979079498,"ROE_AVG":-73.042800545561,"GROSS_PROFIT_QOQ":-11.057510801628,"ROA":-9.74752333654,"HOLDER_PROFIT_QOQ":-24.963095330588,"ROE_YEARLY":-97.390400727414,"ROIC_YEARLY":-10.508513218802,"TOTAL_ASSETS":288095000000,"TOTAL_LIABILITIES":263011000000,"TAX_EBT":0.023379312648,"OCF_SALES":-0.725244072524,"TOTAL_PARENT_EQUITY":23370000000,"DEBT_ASSET_RATIO":91.293149829,"OPERATE_PROFIT":-22632000000,"PRETAX_PROFIT":-29941000000,"NETCASH_OPERATE":-260000000,"NETCASH_INVEST":-4185000000,"NETCASH_FINANCE":15045000000,"END_CASH":23561000000,"DIVI_RATIO":null,"DIVIDEND_RATE":null,"CURRENT_RATIO":0.314855755291,"COMMON_ACS":null,"CURRENTDEBT_DEBT":41.963263893906,"ISSUED_COMMON_SHARES":22291296570,"HK_COMMON_SHARES":5176777777,"PER_SHARES":2000,"TOTAL_MARKET_CAP":62415630396,"HKSK_MARKET_CAP":14494977775.6,"PE_TTM":-9.848983970515,"PB_TTM":2.848038826838,"REPORT_DATE_SQ":"2021-09-30 00:00:00","REPORT_TYPE_SQ":"2021年三季报","OPERATE_INCOME_SQ":52501000000,"DPS_HKD":null,"OPERATE_INCOME_QOQ_SQ":0.95199039222,"NET_PROFIT_RATIO_SQ":-16.3425458563,"HOLDER_PROFIT_SQ":-8162000000,"HOLDER_PROFIT_QOQ_SQ":-28.122794636556,"ROE_AVG_SQ":-16.140003954914,"PE_TTM_SQ":-3.866108367778,"PB_TTM_SQ":1.828498292974,"ROA_SQ":-2.863266902641,"START_DATE":"2022-01-01 00:00:00","FISCAL_YEAR":"12-31","CURRENCY":"HKD","IS_CNY_CODE":0,"DPS_HKD_LY":null,"ORG_TYPE":"一般企业","PREMIUM_INCOME":null,"PREMIUM_INCOME_YOY":null,"NET_INTEREST_INCOME":null,"NET_INTEREST_INCOME_YOY":null,"FEE_COMMISSION_INCOME":null,"FEE_COMMISSION_INCOME_YOY":null,"ACCOUNTS_RECE_TDAYS":32.051855163165,"INVENTORY_TDAYS":31.583964115503,"CURRENT_ASSETS_TDAYS":1.144270667092,"TOTAL_ASSETS_TDAYS":0.124288203021,"PREMIUM_EXPENSE":null,"LOAN_DEPOSIT":null,"LOAN_EQUITY":null,"LOAN_ASSETS":null,"DEPOSIT_EQUITY":null,"DEPOSIT_ASSETS":null,"EQUITY_MULTIPLIER":11.485209695358,"EQUITY_RATIO":11.254214805306}],"count":80},"success":true,"message":"ok","code":0}