{"version":"99ecf5e2236a11b934cb1d044e46c783","result":{"pages":6,"data":[{"SECUCODE":"00674.HK","SECURITY_CODE":"00674","SECURITY_NAME_ABBR":"中国唐商","ORG_CODE":"10009043","STD_REPORT_DATE":"2024-06-30 00:00:00","REPORT_DATE":"2024-09-30 00:00:00","DATE_TYPE_CODE":"002","REPORT_TYPE":"2024年中报","PER_NETCASH_OPERATE":0.002206023687,"PER_OI":0.086314141304,"BPS":0.165403993386,"BASIC_EPS":-0.010370585,"DILUTED_EPS":-0.010370585,"OPERATE_INCOME":295925147.9774,"OPERATE_INCOME_YOY":-58.1545284442,"GROSS_PROFIT":6184935.7329,"GROSS_PROFIT_YOY":-94.407930723856,"HOLDER_PROFIT":-35519282.48228,"HOLDER_PROFIT_YOY":-168.3355179862,"GROSS_PROFIT_RATIO":2.090033839697,"EPS_TTM":-0.030424251887,"OPERATE_INCOME_QOQ":0,"NET_PROFIT_RATIO":-12.7503424774,"ROE_AVG":-6.086024026687,"GROSS_PROFIT_QOQ":0,"ROA":-1.333839977751,"HOLDER_PROFIT_QOQ":0,"ROE_YEARLY":-12.172048053374,"ROIC_YEARLY":-3.043759383506,"TOTAL_ASSETS":2516725591.46745,"TOTAL_LIABILITIES":1736566233.82382,"TAX_EBT":9.339915391858,"OCF_SALES":2.555807951326,"TOTAL_PARENT_EQUITY":567082061.86994,"DEBT_ASSET_RATIO":69.0010162296,"OPERATE_PROFIT":-22739493.35408,"PRETAX_PROFIT":-41618613.09406,"NETCASH_OPERATE":7563278.46198,"NETCASH_INVEST":null,"NETCASH_FINANCE":-28559216.76204,"END_CASH":104771541.23429,"DIVI_RATIO":null,"DIVIDEND_RATE":null,"CURRENT_RATIO":2.005639672584,"COMMON_ACS":20000000000,"CURRENTDEBT_DEBT":62.657461003998,"ISSUED_COMMON_SHARES":3428466570,"HK_COMMON_SHARES":3428466570,"PER_SHARES":4000,"TOTAL_MARKET_CAP":582839316.9,"HKSK_MARKET_CAP":582839316.9,"PE_TTM":-2.74811482822,"PB_TTM":0.926847634457,"REPORT_DATE_SQ":"2023-06-30 00:00:00","REPORT_TYPE_SQ":"2023年中报","OPERATE_INCOME_SQ":719607358.34092,"DPS_HKD":null,"OPERATE_INCOME_QOQ_SQ":0,"NET_PROFIT_RATIO_SQ":12.7922724317,"HOLDER_PROFIT_SQ":52890769.03824,"HOLDER_PROFIT_QOQ_SQ":0,"ROE_AVG_SQ":7.069172218258,"PE_TTM_SQ":4.767554997227,"PB_TTM_SQ":0.306086726144,"ROA_SQ":1.481396176968,"START_DATE":"2024-04-01 00:00:00","FISCAL_YEAR":"3-31","CURRENCY":"HKD","IS_CNY_CODE":0,"DPS_HKD_LY":null,"ORG_TYPE":"一般企业","PREMIUM_INCOME":null,"PREMIUM_INCOME_YOY":null,"NET_INTEREST_INCOME":null,"NET_INTEREST_INCOME_YOY":null,"FEE_COMMISSION_INCOME":null,"FEE_COMMISSION_INCOME_YOY":null,"ACCOUNTS_RECE_TDAYS":null,"INVENTORY_TDAYS":0.178391160744,"CURRENT_ASSETS_TDAYS":0.12774928648,"TOTAL_ASSETS_TDAYS":0.111127468014,"PREMIUM_EXPENSE":null,"LOAN_DEPOSIT":null,"LOAN_EQUITY":null,"LOAN_ASSETS":null,"DEPOSIT_EQUITY":null,"DEPOSIT_ASSETS":null,"EQUITY_MULTIPLIER":3.225912202176,"EQUITY_RATIO":3.062283839657},{"SECUCODE":"00674.HK","SECURITY_CODE":"00674","SECURITY_NAME_ABBR":"中国唐商","ORG_CODE":"10009043","STD_REPORT_DATE":"2023-12-31 00:00:00","REPORT_DATE":"2024-03-31 00:00:00","DATE_TYPE_CODE":"001","REPORT_TYPE":"2023年年报","PER_NETCASH_OPERATE":-0.058657537871,"PER_OI":0.232019911967,"BPS":0.1759756888,"BASIC_EPS":-0.030423818,"DILUTED_EPS":null,"OPERATE_INCOME":795472511.7519,"OPERATE_INCOME_YOY":34.8361400827,"GROSS_PROFIT":115519955.84015,"GROSS_PROFIT_YOY":-36.702891299279,"HOLDER_PROFIT":-104308530.51245,"HOLDER_PROFIT_YOY":-478.9130491196,"GROSS_PROFIT_RATIO":14.522180733277,"EPS_TTM":0.014002967252,"OPERATE_INCOME_QOQ":0,"NET_PROFIT_RATIO":-12.9376529902,"ROE_AVG":-15.682860459405,"GROSS_PROFIT_QOQ":0,"ROA":-3.10800468281,"HOLDER_PROFIT_QOQ":0,"ROE_YEARLY":-15.682860459405,"ROIC_YEARLY":-3.610339537382,"TOTAL_ASSETS":2823970794.32085,"TOTAL_LIABILITIES":2004783620.8273,"TAX_EBT":35.568251042965,"OCF_SALES":-25.281251670922,"TOTAL_PARENT_EQUITY":603326766.1835,"DEBT_ASSET_RATIO":70.9916556099,"OPERATE_PROFIT":-120531467.58685,"PRETAX_PROFIT":-159727890.16045,"NETCASH_OPERATE":-201105407.669,"NETCASH_INVEST":23262603.33175,"NETCASH_FINANCE":-54365596.8066,"END_CASH":126018670.5954,"DIVI_RATIO":null,"DIVIDEND_RATE":null,"CURRENT_RATIO":1.838360161076,"COMMON_ACS":20000000000,"CURRENTDEBT_DEBT":66.843506105597,"ISSUED_COMMON_SHARES":3428466570,"HK_COMMON_SHARES":3428466570,"PER_SHARES":4000,"TOTAL_MARKET_CAP":791975777.67,"HKSK_MARKET_CAP":791975777.67,"PE_TTM":-3.734203090111,"PB_TTM":1.25942237388,"REPORT_DATE_SQ":"2022-12-31 00:00:00","REPORT_TYPE_SQ":"2022年年报","OPERATE_INCOME_SQ":569690013.31629,"DPS_HKD":null,"OPERATE_INCOME_QOQ_SQ":0,"NET_PROFIT_RATIO_SQ":12.1546123355,"HOLDER_PROFIT_SQ":26582756.08624,"HOLDER_PROFIT_QOQ_SQ":0,"ROE_AVG_SQ":5.110905339136,"PE_TTM_SQ":9.596886130847,"PB_TTM_SQ":0.351586104354,"ROA_SQ":0.972116208898,"START_DATE":"2023-04-01 00:00:00","FISCAL_YEAR":"3-31","CURRENCY":"HKD","IS_CNY_CODE":0,"DPS_HKD_LY":null,"ORG_TYPE":"一般企业","PREMIUM_INCOME":null,"PREMIUM_INCOME_YOY":null,"NET_INTEREST_INCOME":null,"NET_INTEREST_INCOME_YOY":null,"FEE_COMMISSION_INCOME":null,"FEE_COMMISSION_INCOME_YOY":null,"ACCOUNTS_RECE_TDAYS":null,"INVENTORY_TDAYS":0.306259523625,"CURRENT_ASSETS_TDAYS":0.268977796528,"TOTAL_ASSETS_TDAYS":0.237021102629,"PREMIUM_EXPENSE":null,"LOAN_DEPOSIT":null,"LOAN_EQUITY":null,"LOAN_ASSETS":null,"DEPOSIT_EQUITY":null,"DEPOSIT_ASSETS":null,"EQUITY_MULTIPLIER":3.447283948895,"EQUITY_RATIO":3.322881949212},{"SECUCODE":"00674.HK","SECURITY_CODE":"00674","SECURITY_NAME_ABBR":"中国唐商","ORG_CODE":"10009043","STD_REPORT_DATE":"2023-06-30 00:00:00","REPORT_DATE":"2023-09-30 00:00:00","DATE_TYPE_CODE":"002","REPORT_TYPE":"2023年中报","PER_NETCASH_OPERATE":-0.042034031531,"PER_OI":0.209891898797,"BPS":0.221847647089,"BASIC_EPS":0.015416184,"DILUTED_EPS":0.012663294,"OPERATE_INCOME":719607358.34092,"OPERATE_INCOME_YOY":50.9099581693,"GROSS_PROFIT":110601915.45347,"GROSS_PROFIT_YOY":-23.616005186256,"HOLDER_PROFIT":52890769.03824,"HOLDER_PROFIT_YOY":65.6787417643,"GROSS_PROFIT_RATIO":15.369758823543,"EPS_TTM":0.007753540991,"OPERATE_INCOME_QOQ":0,"NET_PROFIT_RATIO":12.7922724317,"ROE_AVG":7.069172218258,"GROSS_PROFIT_QOQ":0,"ROA":1.481396176968,"HOLDER_PROFIT_QOQ":0,"ROE_YEARLY":14.138344436516,"ROIC_YEARLY":3.473009657658,"TOTAL_ASSETS":3204862059.65793,"TOTAL_LIABILITIES":2190122571.04963,"TAX_EBT":-95.692698458129,"OCF_SALES":-20.02651449215,"TOTAL_PARENT_EQUITY":760597241.67651,"DEBT_ASSET_RATIO":68.3374987841,"OPERATE_PROFIT":66018314.07836,"PRETAX_PROFIT":47040147.35476,"NETCASH_OPERATE":-144112271.90472,"NETCASH_INVEST":-109380.57837,"NETCASH_FINANCE":-23415319.78947,"END_CASH":193147353.30289,"DIVI_RATIO":null,"DIVIDEND_RATE":null,"CURRENT_RATIO":1.888032201179,"COMMON_ACS":20000000000,"CURRENTDEBT_DEBT":68.107079890972,"ISSUED_COMMON_SHARES":3428466570,"HK_COMMON_SHARES":3428466570,"PER_SHARES":4000,"TOTAL_MARKET_CAP":791975777.67,"HKSK_MARKET_CAP":791975777.67,"PE_TTM":-3.734203090111,"PB_TTM":1.25942237388,"REPORT_DATE_SQ":"2022-06-30 00:00:00","REPORT_TYPE_SQ":"2022年中报","OPERATE_INCOME_SQ":469991338.84668,"DPS_HKD":null,"OPERATE_INCOME_QOQ_SQ":0,"NET_PROFIT_RATIO_SQ":15.4765382911,"HOLDER_PROFIT_SQ":31464820.02096,"HOLDER_PROFIT_QOQ_SQ":0,"ROE_AVG_SQ":7.557977276807,"PE_TTM_SQ":9.596886130847,"PB_TTM_SQ":0.351586104354,"ROA_SQ":2.076267747941,"START_DATE":"2023-04-01 00:00:00","FISCAL_YEAR":"3-31","CURRENCY":"HKD","IS_CNY_CODE":0,"DPS_HKD_LY":null,"ORG_TYPE":"一般企业","PREMIUM_INCOME":null,"PREMIUM_INCOME_YOY":null,"NET_INTEREST_INCOME":null,"NET_INTEREST_INCOME_YOY":null,"FEE_COMMISSION_INCOME":null,"FEE_COMMISSION_INCOME_YOY":null,"ACCOUNTS_RECE_TDAYS":1.019420730983,"INVENTORY_TDAYS":0.267168450279,"CURRENT_ASSETS_TDAYS":0.228096327995,"TOTAL_ASSETS_TDAYS":0.201551917083,"PREMIUM_EXPENSE":null,"LOAN_DEPOSIT":null,"LOAN_EQUITY":null,"LOAN_ASSETS":null,"DEPOSIT_EQUITY":null,"DEPOSIT_ASSETS":null,"EQUITY_MULTIPLIER":3.158310182702,"EQUITY_RATIO":2.879477404128},{"SECUCODE":"00674.HK","SECURITY_CODE":"00674","SECURITY_NAME_ABBR":"中国唐商","ORG_CODE":"10009043","STD_REPORT_DATE":"2022-12-31 00:00:00","REPORT_DATE":"2023-03-31 00:00:00","DATE_TYPE_CODE":"001","REPORT_TYPE":"2022年年报","PER_NETCASH_OPERATE":0.091209455865,"PER_OI":0.166164669156,"BPS":0.204735148966,"BASIC_EPS":0.0096032477,"DILUTED_EPS":0.0095944936,"OPERATE_INCOME":569690013.31629,"OPERATE_INCOME_YOY":153.3257830029,"GROSS_PROFIT":182504316.88175,"GROSS_PROFIT_YOY":81.186338380169,"HOLDER_PROFIT":26582756.08624,"HOLDER_PROFIT_YOY":278.5788126968,"GROSS_PROFIT_RATIO":32.035723396194,"EPS_TTM":0.014785007813,"OPERATE_INCOME_QOQ":0,"NET_PROFIT_RATIO":12.1546123355,"ROE_AVG":5.110905339136,"GROSS_PROFIT_QOQ":0,"ROA":0.972116208898,"HOLDER_PROFIT_QOQ":0,"ROE_YEARLY":5.110905339136,"ROIC_YEARLY":1.170701493686,"TOTAL_ASSETS":3754717301.7534,"TOTAL_LIABILITIES":2842958820.12034,"TAX_EBT":34.744862652315,"OCF_SALES":54.891004404358,"TOTAL_PARENT_EQUITY":701927613.93234,"DEBT_ASSET_RATIO":75.7169872361,"OPERATE_PROFIT":135885500.61721,"PRETAX_PROFIT":106112124.57282,"NETCASH_OPERATE":312708570.30063,"NETCASH_INVEST":60873499.84871,"NETCASH_FINANCE":-135120291.60506,"END_CASH":358345575.73213,"DIVI_RATIO":null,"DIVIDEND_RATE":null,"CURRENT_RATIO":1.592870000673,"COMMON_ACS":20000000000,"CURRENTDEBT_DEBT":73.594589085268,"ISSUED_COMMON_SHARES":3428466570,"HK_COMMON_SHARES":3428466570,"PER_SHARES":4000,"TOTAL_MARKET_CAP":737120312.55,"HKSK_MARKET_CAP":737120312.55,"PE_TTM":-3.475556988631,"PB_TTM":1.172189655343,"REPORT_DATE_SQ":"2021-12-31 00:00:00","REPORT_TYPE_SQ":"2021年年报","OPERATE_INCOME_SQ":208340603.82502,"DPS_HKD":null,"OPERATE_INCOME_QOQ_SQ":0,"NET_PROFIT_RATIO_SQ":6.1030742998,"HOLDER_PROFIT_SQ":6505166.35868,"HOLDER_PROFIT_QOQ_SQ":0,"ROE_AVG_SQ":2.134942974596,"PE_TTM_SQ":10.613027015289,"PB_TTM_SQ":0.388812868344,"ROA_SQ":0.416138741807,"START_DATE":"2022-04-01 00:00:00","FISCAL_YEAR":"3-31","CURRENCY":"HKD","IS_CNY_CODE":0,"DPS_HKD_LY":null,"ORG_TYPE":"一般企业","PREMIUM_INCOME":null,"PREMIUM_INCOME_YOY":null,"NET_INTEREST_INCOME":null,"NET_INTEREST_INCOME_YOY":null,"FEE_COMMISSION_INCOME":null,"FEE_COMMISSION_INCOME_YOY":null,"ACCOUNTS_RECE_TDAYS":null,"INVENTORY_TDAYS":0.150470109232,"CURRENT_ASSETS_TDAYS":0.249639599573,"TOTAL_ASSETS_TDAYS":0.208332384421,"PREMIUM_EXPENSE":null,"LOAN_DEPOSIT":null,"LOAN_EQUITY":null,"LOAN_ASSETS":null,"DEPOSIT_EQUITY":null,"DEPOSIT_ASSETS":null,"EQUITY_MULTIPLIER":4.118105153273,"EQUITY_RATIO":4.050216523316},{"SECUCODE":"00674.HK","SECURITY_CODE":"00674","SECURITY_NAME_ABBR":"中国唐商","ORG_CODE":"10009043","STD_REPORT_DATE":"2022-06-30 00:00:00","REPORT_DATE":"2022-09-30 00:00:00","DATE_TYPE_CODE":"002","REPORT_TYPE":"2022年中报","PER_NETCASH_OPERATE":0.107991510734,"PER_OI":0.162375804826,"BPS":0.140907740978,"BASIC_EPS":0.01220994,"DILUTED_EPS":0.011667276,"OPERATE_INCOME":469991338.84668,"OPERATE_INCOME_YOY":2017.2800495648,"GROSS_PROFIT":144797238.90216,"GROSS_PROFIT_YOY":608.19394695661,"HOLDER_PROFIT":31464820.02096,"HOLDER_PROFIT_YOY":700.6884144866,"GROSS_PROFIT_RATIO":30.808490909105,"EPS_TTM":0.00281747176,"OPERATE_INCOME_QOQ":0,"NET_PROFIT_RATIO":15.4765382911,"ROE_AVG":7.557977276807,"GROSS_PROFIT_QOQ":0,"ROA":2.076267747941,"HOLDER_PROFIT_QOQ":0,"ROE_YEARLY":15.115954553614,"ROIC_YEARLY":5.319078803694,"TOTAL_ASSETS":1259720241.37368,"TOTAL_LIABILITIES":742946999.48352,"TAX_EBT":26.897512533863,"OCF_SALES":66.507144244522,"TOTAL_PARENT_EQUITY":483097479.39828,"DEBT_ASSET_RATIO":58.9771423116,"OPERATE_PROFIT":115523716.91532,"PRETAX_PROFIT":99501934.9446,"NETCASH_OPERATE":310618264.2906,"NETCASH_INVEST":-43157656.3998,"NETCASH_FINANCE":-118218892.94448,"END_CASH":254198725.48452,"DIVI_RATIO":null,"DIVIDEND_RATE":null,"CURRENT_RATIO":2.272715373485,"COMMON_ACS":20000000000,"CURRENTDEBT_DEBT":48.855935326042,"ISSUED_COMMON_SHARES":3428466570,"HK_COMMON_SHARES":3428466570,"PER_SHARES":4000,"TOTAL_MARKET_CAP":737120312.55,"HKSK_MARKET_CAP":737120312.55,"PE_TTM":-3.475556988631,"PB_TTM":1.172189655343,"REPORT_DATE_SQ":"2021-06-30 00:00:00","REPORT_TYPE_SQ":"2021年中报","OPERATE_INCOME_SQ":20445986.51604,"DPS_HKD":null,"OPERATE_INCOME_QOQ_SQ":0,"NET_PROFIT_RATIO_SQ":-35.9852862096,"HOLDER_PROFIT_SQ":-4824724.47114,"HOLDER_PROFIT_QOQ_SQ":0,"ROE_AVG_SQ":-1.590336239743,"PE_TTM_SQ":10.613027015289,"PB_TTM_SQ":0.388812868344,"ROA_SQ":-0.285899367992,"START_DATE":"2022-04-01 00:00:00","FISCAL_YEAR":"3-31","CURRENCY":"HKD","IS_CNY_CODE":0,"DPS_HKD_LY":null,"ORG_TYPE":"一般企业","PREMIUM_INCOME":null,"PREMIUM_INCOME_YOY":null,"NET_INTEREST_INCOME":null,"NET_INTEREST_INCOME_YOY":null,"FEE_COMMISSION_INCOME":null,"FEE_COMMISSION_INCOME_YOY":null,"ACCOUNTS_RECE_TDAYS":2.301267052894,"INVENTORY_TDAYS":0.867563943535,"CURRENT_ASSETS_TDAYS":0.448215602007,"TOTAL_ASSETS_TDAYS":0.310132985985,"PREMIUM_EXPENSE":null,"LOAN_DEPOSIT":null,"LOAN_EQUITY":null,"LOAN_ASSETS":null,"DEPOSIT_EQUITY":null,"DEPOSIT_ASSETS":null,"EQUITY_MULTIPLIER":2.437665380593,"EQUITY_RATIO":1.537882169058},{"SECUCODE":"00674.HK","SECURITY_CODE":"00674","SECURITY_NAME_ABBR":"中国唐商","ORG_CODE":"10009043","STD_REPORT_DATE":"2021-12-31 00:00:00","REPORT_DATE":"2022-03-31 00:00:00","DATE_TYPE_CODE":"001","REPORT_TYPE":"2021年年报","PER_NETCASH_OPERATE":0.124732576658,"PER_OI":0.090235012509,"BPS":0.091417307698,"BASIC_EPS":0.0028142047,"DILUTED_EPS":null,"OPERATE_INCOME":208340603.82502,"OPERATE_INCOME_YOY":357.4372280815,"GROSS_PROFIT":100727416.04768,"GROSS_PROFIT_YOY":112.218029990744,"HOLDER_PROFIT":6505166.35868,"HOLDER_PROFIT_YOY":160.0942274893,"GROSS_PROFIT_RATIO":null,"EPS_TTM":0.004501117762,"OPERATE_INCOME_QOQ":0,"NET_PROFIT_RATIO":6.1030742998,"ROE_AVG":2.134942974596,"GROSS_PROFIT_QOQ":0,"ROA":0.416138741807,"HOLDER_PROFIT_QOQ":0,"ROE_YEARLY":2.134942974596,"ROIC_YEARLY":0.521674141251,"TOTAL_ASSETS":1588216014.82458,"TOTAL_LIABILITIES":1101308112.29703,"TAX_EBT":36.705946708625,"OCF_SALES":138.230796661215,"TOTAL_PARENT_EQUITY":313421183.36153,"DEBT_ASSET_RATIO":69.3424636206,"OPERATE_PROFIT":49973878.22512,"PRETAX_PROFIT":20089062.37925,"NETCASH_OPERATE":287990876.43611,"NETCASH_INVEST":5488449.34925,"NETCASH_FINANCE":-227808463.36265,"END_CASH":117398187.25136,"DIVI_RATIO":null,"DIVIDEND_RATE":null,"CURRENT_RATIO":1.606866882665,"COMMON_ACS":20000000000,"CURRENTDEBT_DEBT":64.464925940085,"ISSUED_COMMON_SHARES":3428466570,"HK_COMMON_SHARES":3428466570,"PER_SHARES":4000,"TOTAL_MARKET_CAP":737120312.55,"HKSK_MARKET_CAP":737120312.55,"PE_TTM":-3.475556988631,"PB_TTM":1.172189655343,"REPORT_DATE_SQ":"2020-12-31 00:00:00","REPORT_TYPE_SQ":"2020年年报","OPERATE_INCOME_SQ":47464117.94138,"DPS_HKD":null,"OPERATE_INCOME_QOQ_SQ":0,"NET_PROFIT_RATIO_SQ":-84.8144854631,"HOLDER_PROFIT_SQ":-11281027.3723,"HOLDER_PROFIT_QOQ_SQ":0,"ROE_AVG_SQ":-5.734387101273,"PE_TTM_SQ":10.613027015289,"PB_TTM_SQ":0.388812868344,"ROA_SQ":-1.086958469109,"START_DATE":"2021-04-01 00:00:00","FISCAL_YEAR":"3-31","CURRENCY":"HKD","IS_CNY_CODE":0,"DPS_HKD_LY":null,"ORG_TYPE":"一般企业","PREMIUM_INCOME":null,"PREMIUM_INCOME_YOY":null,"NET_INTEREST_INCOME":null,"NET_INTEREST_INCOME_YOY":null,"FEE_COMMISSION_INCOME":null,"FEE_COMMISSION_INCOME_YOY":null,"ACCOUNTS_RECE_TDAYS":0.808390263524,"INVENTORY_TDAYS":null,"CURRENT_ASSETS_TDAYS":0.187814029816,"TOTAL_ASSETS_TDAYS":0.133276525092,"PREMIUM_EXPENSE":null,"LOAN_DEPOSIT":null,"LOAN_EQUITY":null,"LOAN_ASSETS":null,"DEPOSIT_EQUITY":null,"DEPOSIT_ASSETS":null,"EQUITY_MULTIPLIER":3.261840702477,"EQUITY_RATIO":3.513827943872},{"SECUCODE":"00674.HK","SECURITY_CODE":"00674","SECURITY_NAME_ABBR":"中国唐商","ORG_CODE":"10009043","STD_REPORT_DATE":"2021-06-30 00:00:00","REPORT_DATE":"2021-09-30 00:00:00","DATE_TYPE_CODE":"002","REPORT_TYPE":"2021年中报","PER_NETCASH_OPERATE":0.072831501262,"PER_OI":0.008855421436,"BPS":0.08829887941,"BASIC_EPS":-0.00208265,"DILUTED_EPS":-0.00208265,"OPERATE_INCOME":20445986.51604,"OPERATE_INCOME_YOY":-20.3279782438,"GROSS_PROFIT":20445986.51604,"GROSS_PROFIT_YOY":-24.175169669756,"HOLDER_PROFIT":-4824724.47114,"HOLDER_PROFIT_YOY":80.7943130753,"GROSS_PROFIT_RATIO":null,"EPS_TTM":-0.004885958989,"OPERATE_INCOME_QOQ":0,"NET_PROFIT_RATIO":-35.9852862096,"ROE_AVG":-1.590336239743,"GROSS_PROFIT_QOQ":0,"ROA":-0.285899367992,"HOLDER_PROFIT_QOQ":0,"ROE_YEARLY":-3.180672479486,"ROIC_YEARLY":-0.736027477828,"TOTAL_ASSETS":1795073910.0729,"TOTAL_LIABILITIES":1328298280.21356,"TAX_EBT":-4.474939070748,"OCF_SALES":822.450989955114,"TOTAL_PARENT_EQUITY":302729756.22706,"DEBT_ASSET_RATIO":73.9968573305,"OPERATE_PROFIT":6262749.3109,"PRETAX_PROFIT":-7042403.50042,"NETCASH_OPERATE":168158218.50726,"NETCASH_INVEST":-2845179.80816,"NETCASH_FINANCE":-51538092.45918,"END_CASH":164681845.7983,"DIVI_RATIO":null,"DIVIDEND_RATE":null,"CURRENT_RATIO":1.453311809665,"COMMON_ACS":20000000000,"CURRENTDEBT_DEBT":68.033526542167,"ISSUED_COMMON_SHARES":3428466570,"HK_COMMON_SHARES":3428466570,"PER_SHARES":4000,"TOTAL_MARKET_CAP":737120312.55,"HKSK_MARKET_CAP":737120312.55,"PE_TTM":-3.475556988631,"PB_TTM":1.172189655343,"REPORT_DATE_SQ":"2020-06-30 00:00:00","REPORT_TYPE_SQ":"2020年中报","OPERATE_INCOME_SQ":27069264.84992,"DPS_HKD":null,"OPERATE_INCOME_QOQ_SQ":0,"NET_PROFIT_RATIO_SQ":-156.2325208853,"HOLDER_PROFIT_SQ":-26498232.1728,"HOLDER_PROFIT_QOQ_SQ":0,"ROE_AVG_SQ":-13.955776909468,"PE_TTM_SQ":10.613027015289,"PB_TTM_SQ":0.388812868344,"ROA_SQ":-2.834680858367,"START_DATE":"2021-04-01 00:00:00","FISCAL_YEAR":"3-31","CURRENCY":"HKD","IS_CNY_CODE":0,"DPS_HKD_LY":null,"ORG_TYPE":"一般企业","PREMIUM_INCOME":null,"PREMIUM_INCOME_YOY":null,"NET_INTEREST_INCOME":null,"NET_INTEREST_INCOME_YOY":null,"FEE_COMMISSION_INCOME":null,"FEE_COMMISSION_INCOME_YOY":null,"ACCOUNTS_RECE_TDAYS":0.080638453592,"INVENTORY_TDAYS":null,"CURRENT_ASSETS_TDAYS":0.016894573719,"TOTAL_ASSETS_TDAYS":0.012115706623,"PREMIUM_EXPENSE":null,"LOAN_DEPOSIT":null,"LOAN_EQUITY":null,"LOAN_ASSETS":null,"DEPOSIT_EQUITY":null,"DEPOSIT_ASSETS":null,"EQUITY_MULTIPLIER":3.845689010402,"EQUITY_RATIO":4.387736100898},{"SECUCODE":"00674.HK","SECURITY_CODE":"00674","SECURITY_NAME_ABBR":"中国唐商","ORG_CODE":"10009043","STD_REPORT_DATE":"2020-12-31 00:00:00","REPORT_DATE":"2021-03-31 00:00:00","DATE_TYPE_CODE":"001","REPORT_TYPE":"2020年年报","PER_NETCASH_OPERATE":-0.011412232985,"PER_OI":0.020557323909,"BPS":0.089966959035,"BASIC_EPS":-0.005662706,"DILUTED_EPS":null,"OPERATE_INCOME":47464117.94138,"OPERATE_INCOME_YOY":-15.0161010394,"GROSS_PROFIT":47464117.94138,"GROSS_PROFIT_YOY":-21.389195881041,"HOLDER_PROFIT":-11281027.3723,"HOLDER_PROFIT_YOY":64.2243721246,"GROSS_PROFIT_RATIO":null,"EPS_TTM":-0.016832683165,"OPERATE_INCOME_QOQ":0,"NET_PROFIT_RATIO":-84.8144854631,"ROE_AVG":-5.734387101273,"GROSS_PROFIT_QOQ":0,"ROA":-1.086958469109,"HOLDER_PROFIT_QOQ":0,"ROE_YEARLY":-5.734387101273,"ROIC_YEARLY":-1.401890025793,"TOTAL_ASSETS":1603034598.55602,"TOTAL_LIABILITIES":1127948146.20138,"TAX_EBT":-2.528914819432,"OCF_SALES":-55.514195503944,"TOTAL_PARENT_EQUITY":308448711.4576,"DEBT_ASSET_RATIO":70.3633063951,"OPERATE_PROFIT":-22326214.02704,"PRETAX_PROFIT":-38758606.7379,"NETCASH_OPERATE":-26349323.2282,"NETCASH_INVEST":-199889915.41694,"NETCASH_FINANCE":147732399.68144,"END_CASH":52054652.25842,"DIVI_RATIO":null,"DIVIDEND_RATE":null,"CURRENT_RATIO":1.589302381655,"COMMON_ACS":20000000000,"CURRENTDEBT_DEBT":62.655068034045,"ISSUED_COMMON_SHARES":3428466570,"HK_COMMON_SHARES":3428466570,"PER_SHARES":4000,"TOTAL_MARKET_CAP":737120312.55,"HKSK_MARKET_CAP":737120312.55,"PE_TTM":-3.475556988631,"PB_TTM":1.172189655343,"REPORT_DATE_SQ":"2019-12-31 00:00:00","REPORT_TYPE_SQ":"2019年年报","OPERATE_INCOME_SQ":60378619.0376,"DPS_HKD":null,"OPERATE_INCOME_QOQ_SQ":0,"NET_PROFIT_RATIO_SQ":-42.9286686578,"HOLDER_PROFIT_SQ":-34089120.9149,"HOLDER_PROFIT_QOQ_SQ":0,"ROE_AVG_SQ":-37.360891206346,"PE_TTM_SQ":10.613027015289,"PB_TTM_SQ":0.388812868344,"ROA_SQ":-8.324451280686,"START_DATE":"2020-04-01 00:00:00","FISCAL_YEAR":"3-31","CURRENCY":"HKD","IS_CNY_CODE":0,"DPS_HKD_LY":null,"ORG_TYPE":"一般企业","PREMIUM_INCOME":null,"PREMIUM_INCOME_YOY":null,"NET_INTEREST_INCOME":null,"NET_INTEREST_INCOME_YOY":null,"FEE_COMMISSION_INCOME":null,"FEE_COMMISSION_INCOME_YOY":null,"ACCOUNTS_RECE_TDAYS":0.230572185269,"INVENTORY_TDAYS":null,"CURRENT_ASSETS_TDAYS":0.068276295967,"TOTAL_ASSETS_TDAYS":0.04573300221,"PREMIUM_EXPENSE":null,"LOAN_DEPOSIT":null,"LOAN_EQUITY":null,"LOAN_ASSETS":null,"DEPOSIT_EQUITY":null,"DEPOSIT_ASSETS":null,"EQUITY_MULTIPLIER":3.374195560853,"EQUITY_RATIO":3.656841816168},{"SECUCODE":"00674.HK","SECURITY_CODE":"00674","SECURITY_NAME_ABBR":"中国唐商","ORG_CODE":"10009043","STD_REPORT_DATE":"2020-06-30 00:00:00","REPORT_DATE":"2020-09-30 00:00:00","DATE_TYPE_CODE":"002","REPORT_TYPE":"2020年中报","PER_NETCASH_OPERATE":0.0231114295,"PER_OI":0.011724049021,"BPS":0.084985303992,"BASIC_EPS":-0.017486528,"DILUTED_EPS":-0.017486528,"OPERATE_INCOME":27069264.84992,"OPERATE_INCOME_YOY":-26.1340387494,"GROSS_PROFIT":26964763.95264,"GROSS_PROFIT_YOY":-28.319062897983,"HOLDER_PROFIT":-26498232.1728,"HOLDER_PROFIT_YOY":-25.2158386182,"GROSS_PROFIT_RATIO":99.613949998792,"EPS_TTM":-0.031629058012,"OPERATE_INCOME_QOQ":0,"NET_PROFIT_RATIO":-156.2325208853,"ROE_AVG":-13.955776909468,"GROSS_PROFIT_QOQ":0,"ROA":-2.834680858367,"HOLDER_PROFIT_QOQ":0,"ROE_YEARLY":-27.911553818936,"ROIC_YEARLY":-9.155912466821,"TOTAL_ASSETS":1378146168.32064,"TOTAL_LIABILITIES":730128486.66368,"TAX_EBT":-0.383873580271,"OCF_SALES":197.128393600381,"TOTAL_PARENT_EQUITY":291369273.67872,"DEBT_ASSET_RATIO":52.979031067,"OPERATE_PROFIT":-31712921.3216,"PRETAX_PROFIT":-42129271.71648,"NETCASH_OPERATE":53361206.95808,"NETCASH_INVEST":9701226.9696,"NETCASH_FINANCE":2031499.5872,"END_CASH":198325787.67744,"DIVI_RATIO":null,"DIVIDEND_RATE":null,"CURRENT_RATIO":2.816636845283,"COMMON_ACS":20000000000,"CURRENTDEBT_DEBT":54.203448688228,"ISSUED_COMMON_SHARES":3428466570,"HK_COMMON_SHARES":3428466570,"PER_SHARES":4000,"TOTAL_MARKET_CAP":737120312.55,"HKSK_MARKET_CAP":737120312.55,"PE_TTM":-3.475556988631,"PB_TTM":1.172189655343,"REPORT_DATE_SQ":"2019-06-30 00:00:00","REPORT_TYPE_SQ":"2019年中报","OPERATE_INCOME_SQ":37617761.48973,"DPS_HKD":null,"OPERATE_INCOME_QOQ_SQ":0,"NET_PROFIT_RATIO_SQ":-64.596086842,"HOLDER_PROFIT_SQ":-21722933.64408,"HOLDER_PROFIT_QOQ_SQ":0,"ROE_AVG_SQ":-22.100379331997,"PE_TTM_SQ":10.613027015289,"PB_TTM_SQ":0.388812868344,"ROA_SQ":-5.913776413195,"START_DATE":"2020-04-01 00:00:00","FISCAL_YEAR":"3-31","CURRENCY":"HKD","IS_CNY_CODE":0,"DPS_HKD_LY":null,"ORG_TYPE":"一般企业","PREMIUM_INCOME":null,"PREMIUM_INCOME_YOY":null,"NET_INTEREST_INCOME":null,"NET_INTEREST_INCOME_YOY":null,"FEE_COMMISSION_INCOME":null,"FEE_COMMISSION_INCOME_YOY":null,"ACCOUNTS_RECE_TDAYS":0.120994998756,"INVENTORY_TDAYS":0.000347029229,"CURRENT_ASSETS_TDAYS":0.03887956245,"TOTAL_ASSETS_TDAYS":0.028957677788,"PREMIUM_EXPENSE":null,"LOAN_DEPOSIT":null,"LOAN_EQUITY":null,"LOAN_ASSETS":null,"DEPOSIT_EQUITY":null,"DEPOSIT_ASSETS":null,"EQUITY_MULTIPLIER":2.126710747762,"EQUITY_RATIO":2.505852718941}],"count":49},"success":true,"message":"ok","code":0}