{"version":"63c69ab70c80284ca2c00c50502d478e","result":{"pages":6,"data":[{"SECUCODE":"00673.HK","SECURITY_CODE":"00673","SECURITY_NAME_ABBR":"中国卫生集团","ORG_CODE":"10009042","STD_REPORT_DATE":"2024-06-30 00:00:00","REPORT_DATE":"2024-09-30 00:00:00","DATE_TYPE_CODE":"002","REPORT_TYPE":"2024年中报","PER_NETCASH_OPERATE":-0.021163355746,"PER_OI":0.0342634326,"BPS":0.080596104305,"BASIC_EPS":-0.032374261,"DILUTED_EPS":-0.032374261,"OPERATE_INCOME":16845437.2,"OPERATE_INCOME_YOY":-33.9182114051,"GROSS_PROFIT":1797267.47,"GROSS_PROFIT_YOY":-61.100355227302,"HOLDER_PROFIT":-15679422.73,"HOLDER_PROFIT_YOY":-15.4515272244,"GROSS_PROFIT_RATIO":10.669164882227,"EPS_TTM":-0.076058294713,"OPERATE_INCOME_QOQ":0,"NET_PROFIT_RATIO":-94.3468950749,"ROE_AVG":-36.231597153485,"GROSS_PROFIT_QOQ":0,"ROA":-9.163761321622,"HOLDER_PROFIT_QOQ":0,"ROE_YEARLY":-72.463194306969,"ROIC_YEARLY":-19.434632924975,"TOTAL_ASSETS":168776311.03,"TOTAL_LIABILITIES":122407171.02,"TAX_EBT":-0.096552507525,"OCF_SALES":-61.766595289079,"TOTAL_PARENT_EQUITY":39624652.6,"DEBT_ASSET_RATIO":72.5262747319,"OPERATE_PROFIT":-11949619.29,"PRETAX_PROFIT":-15877816.53,"NETCASH_OPERATE":-10404853.02,"NETCASH_INVEST":198393.8,"NETCASH_FINANCE":8808684.72,"END_CASH":2172412.11,"DIVI_RATIO":null,"DIVIDEND_RATE":null,"CURRENT_RATIO":1.083265384015,"COMMON_ACS":100000000000,"CURRENTDEBT_DEBT":84.92979121543,"ISSUED_COMMON_SHARES":491644763,"HK_COMMON_SHARES":491644763,"PER_SHARES":6000,"TOTAL_MARKET_CAP":122911190.75,"HKSK_MARKET_CAP":122911190.75,"PE_TTM":-2.891075663311,"PB_TTM":2.797250586026,"REPORT_DATE_SQ":"2023-06-30 00:00:00","REPORT_TYPE_SQ":"2023年中报","OPERATE_INCOME_SQ":25939564.84,"DPS_HKD":null,"OPERATE_INCOME_QOQ_SQ":0,"NET_PROFIT_RATIO_SQ":-54.5116003164,"HOLDER_PROFIT_SQ":-13819507.8,"HOLDER_PROFIT_QOQ_SQ":0,"ROE_AVG_SQ":-18.635846161461,"PE_TTM_SQ":-16.727059023224,"PB_TTM_SQ":6.552682966185,"ROA_SQ":-5.117757701699,"START_DATE":"2024-04-01 00:00:00","FISCAL_YEAR":"3-31","CURRENCY":"HKD","IS_CNY_CODE":0,"DPS_HKD_LY":null,"ORG_TYPE":"一般企业","PREMIUM_INCOME":null,"PREMIUM_INCOME_YOY":null,"NET_INTEREST_INCOME":null,"NET_INTEREST_INCOME_YOY":null,"FEE_COMMISSION_INCOME":null,"FEE_COMMISSION_INCOME_YOY":null,"ACCOUNTS_RECE_TDAYS":0.692300565181,"INVENTORY_TDAYS":0.886945891357,"CURRENT_ASSETS_TDAYS":0.147165411401,"TOTAL_ASSETS_TDAYS":0.098452327307,"PREMIUM_EXPENSE":null,"LOAN_DEPOSIT":null,"LOAN_EQUITY":null,"LOAN_ASSETS":null,"DEPOSIT_EQUITY":null,"DEPOSIT_ASSETS":null,"EQUITY_MULTIPLIER":3.639841303797,"EQUITY_RATIO":3.089167045972},{"SECUCODE":"00673.HK","SECURITY_CODE":"00673","SECURITY_NAME_ABBR":"中国卫生集团","ORG_CODE":"10009042","STD_REPORT_DATE":"2023-12-31 00:00:00","REPORT_DATE":"2024-03-31 00:00:00","DATE_TYPE_CODE":"001","REPORT_TYPE":"2023年年报","PER_NETCASH_OPERATE":-0.012118378108,"PER_OI":0.113424082467,"BPS":0.095951682801,"BASIC_EPS":-0.076603475,"DILUTED_EPS":-0.076603475,"OPERATE_INCOME":54329541.5,"OPERATE_INCOME_YOY":-21.5719632528,"GROSS_PROFIT":12363528.9,"GROSS_PROFIT_YOY":-48.061453297793,"HOLDER_PROFIT":-36431524.85,"HOLDER_PROFIT_YOY":4.4213480474,"GROSS_PROFIT_RATIO":22.756549307525,"EPS_TTM":-0.053559048661,"OPERATE_INCOME_QOQ":0,"NET_PROFIT_RATIO":-70.9110629067,"ROE_AVG":-58.086710173522,"GROSS_PROFIT_QOQ":0,"ROA":-19.437437878022,"HOLDER_PROFIT_QOQ":0,"ROE_YEARLY":-58.086710173522,"ROIC_YEARLY":-21.003256035163,"TOTAL_ASSETS":174344069.8,"TOTAL_LIABILITIES":120174987.65,"TAX_EBT":-0.479973518702,"OCF_SALES":-10.684131486735,"TOTAL_PARENT_EQUITY":47174142.35,"DEBT_ASSET_RATIO":68.9297822334,"OPERATE_PROFIT":1485835.45,"PRETAX_PROFIT":-38341625.7,"NETCASH_OPERATE":-5804639.65,"NETCASH_INVEST":-272871.55,"NETCASH_FINANCE":-1123215.45,"END_CASH":3637985.15,"DIVI_RATIO":null,"DIVIDEND_RATE":null,"CURRENT_RATIO":1.150534756973,"COMMON_ACS":100000000000,"CURRENTDEBT_DEBT":84.568846510716,"ISSUED_COMMON_SHARES":491644763,"HK_COMMON_SHARES":491644763,"PER_SHARES":6000,"TOTAL_MARKET_CAP":122911190.75,"HKSK_MARKET_CAP":122911190.75,"PE_TTM":-2.891075663311,"PB_TTM":2.797250586026,"REPORT_DATE_SQ":"2022-12-31 00:00:00","REPORT_TYPE_SQ":"2022年年报","OPERATE_INCOME_SQ":66893579.74,"DPS_HKD":null,"OPERATE_INCOME_QOQ_SQ":0,"NET_PROFIT_RATIO_SQ":-51.7706179496,"HOLDER_PROFIT_SQ":-36807488.86,"HOLDER_PROFIT_QOQ_SQ":0,"ROE_AVG_SQ":-50.685311313363,"PE_TTM_SQ":-15.915065866757,"PB_TTM_SQ":6.23459156006,"ROA_SQ":-18.806553622787,"START_DATE":"2023-04-01 00:00:00","FISCAL_YEAR":"3-31","CURRENCY":"HKD","IS_CNY_CODE":0,"DPS_HKD_LY":null,"ORG_TYPE":"一般企业","PREMIUM_INCOME":null,"PREMIUM_INCOME_YOY":null,"NET_INTEREST_INCOME":null,"NET_INTEREST_INCOME_YOY":null,"FEE_COMMISSION_INCOME":null,"FEE_COMMISSION_INCOME_YOY":null,"ACCOUNTS_RECE_TDAYS":1.971576142382,"INVENTORY_TDAYS":3.059515548065,"CURRENT_ASSETS_TDAYS":0.442095323807,"TOTAL_ASSETS_TDAYS":0.289866288111,"PREMIUM_EXPENSE":null,"LOAN_DEPOSIT":null,"LOAN_EQUITY":null,"LOAN_ASSETS":null,"DEPOSIT_EQUITY":null,"DEPOSIT_ASSETS":null,"EQUITY_MULTIPLIER":3.218516225126,"EQUITY_RATIO":2.547475834502},{"SECUCODE":"00673.HK","SECURITY_CODE":"00673","SECURITY_NAME_ABBR":"中国卫生集团","ORG_CODE":"10009042","STD_REPORT_DATE":"2023-06-30 00:00:00","REPORT_DATE":"2023-09-30 00:00:00","DATE_TYPE_CODE":"002","REPORT_TYPE":"2023年中报","PER_NETCASH_OPERATE":-0.028525386404,"PER_OI":0.05415417212,"BPS":0.140528697058,"BASIC_EPS":-0.029272397,"DILUTED_EPS":-0.029272397,"OPERATE_INCOME":25939564.84,"OPERATE_INCOME_YOY":-6.1254795199,"GROSS_PROFIT":4620267.05,"GROSS_PROFIT_YOY":-44.92260404228,"HOLDER_PROFIT":-13819507.8,"HOLDER_PROFIT_YOY":45.4565209518,"GROSS_PROFIT_RATIO":23.434616398629,"EPS_TTM":-0.076843196843,"OPERATE_INCOME_QOQ":0,"NET_PROFIT_RATIO":-54.5116003164,"ROE_AVG":-18.635846161461,"GROSS_PROFIT_QOQ":0,"ROA":-5.117757701699,"HOLDER_PROFIT_QOQ":0,"ROE_YEARLY":-37.271692322922,"ROIC_YEARLY":-10.738389027734,"TOTAL_ASSETS":337095051.02,"TOTAL_LIABILITIES":263225836.02,"TAX_EBT":-0.339702760085,"OCF_SALES":-49.070656472449,"TOTAL_PARENT_EQUITY":69090197.96,"DEBT_ASSET_RATIO":78.0865323367,"OPERATE_PROFIT":-15040873.33,"PRETAX_PROFIT":-15127130.55,"NETCASH_OPERATE":-13663510.7,"NETCASH_INVEST":-248677.73,"NETCASH_FINANCE":6489479.36,"END_CASH":2986885.65,"DIVI_RATIO":null,"DIVIDEND_RATE":null,"CURRENT_RATIO":1.021037847207,"COMMON_ACS":100000000000,"CURRENTDEBT_DEBT":46.662762241419,"ISSUED_COMMON_SHARES":491644763,"HK_COMMON_SHARES":491644763,"PER_SHARES":6000,"TOTAL_MARKET_CAP":122911190.75,"HKSK_MARKET_CAP":122911190.75,"PE_TTM":-2.891075663311,"PB_TTM":2.797250586026,"REPORT_DATE_SQ":"2022-06-30 00:00:00","REPORT_TYPE_SQ":"2022年中报","OPERATE_INCOME_SQ":29235118.56,"DPS_HKD":null,"OPERATE_INCOME_QOQ_SQ":0,"NET_PROFIT_RATIO_SQ":-85.1441653261,"HOLDER_PROFIT_SQ":-24972492.84,"HOLDER_PROFIT_QOQ_SQ":0,"ROE_AVG_SQ":-40.292735604004,"PE_TTM_SQ":-15.915065866757,"PB_TTM_SQ":6.23459156006,"ROA_SQ":-12.390142990803,"START_DATE":"2023-04-01 00:00:00","FISCAL_YEAR":"3-31","CURRENCY":"HKD","IS_CNY_CODE":0,"DPS_HKD_LY":null,"ORG_TYPE":"一般企业","PREMIUM_INCOME":null,"PREMIUM_INCOME_YOY":null,"NET_INTEREST_INCOME":null,"NET_INTEREST_INCOME_YOY":null,"FEE_COMMISSION_INCOME":null,"FEE_COMMISSION_INCOME_YOY":null,"ACCOUNTS_RECE_TDAYS":0.966989361338,"INVENTORY_TDAYS":1.802195244929,"CURRENT_ASSETS_TDAYS":0.217671849501,"TOTAL_ASSETS_TDAYS":0.103116361023,"PREMIUM_EXPENSE":null,"LOAN_DEPOSIT":null,"LOAN_EQUITY":null,"LOAN_ASSETS":null,"DEPOSIT_EQUITY":null,"DEPOSIT_ASSETS":null,"EQUITY_MULTIPLIER":4.563403726717,"EQUITY_RATIO":3.809886840567},{"SECUCODE":"00673.HK","SECURITY_CODE":"00673","SECURITY_NAME_ABBR":"中国卫生集团","ORG_CODE":"10009042","STD_REPORT_DATE":"2022-12-31 00:00:00","REPORT_DATE":"2023-03-31 00:00:00","DATE_TYPE_CODE":"001","REPORT_TYPE":"2022年年报","PER_NETCASH_OPERATE":-0.015476102147,"PER_OI":0.139654094172,"BPS":0.153720535248,"BASIC_EPS":-0.086315426,"DILUTED_EPS":-0.086315426,"OPERATE_INCOME":66893579.74,"OPERATE_INCOME_YOY":-28.6017285681,"GROSS_PROFIT":23804148.72,"GROSS_PROFIT_YOY":2.30833931764,"HOLDER_PROFIT":-36807488.86,"HOLDER_PROFIT_YOY":-244.4981564932,"GROSS_PROFIT_RATIO":35.585102206402,"EPS_TTM":-0.069552370651,"OPERATE_INCOME_QOQ":0,"NET_PROFIT_RATIO":-51.7706179496,"ROE_AVG":-50.685311313363,"GROSS_PROFIT_QOQ":0,"ROA":-18.806553622787,"HOLDER_PROFIT_QOQ":0,"ROE_YEARLY":-50.685311313363,"ROIC_YEARLY":-20.314383516969,"TOTAL_ASSETS":193627560.85,"TOTAL_LIABILITIES":111382791.35,"TAX_EBT":-0.449432496255,"OCF_SALES":-11.08173894836,"TOTAL_PARENT_EQUITY":75575896.12,"DEBT_ASSET_RATIO":57.5242444108,"OPERATE_PROFIT":-10314956.03,"PRETAX_PROFIT":-34476272.03,"NETCASH_OPERATE":-17170291.74,"NETCASH_INVEST":-4286882.77,"NETCASH_FINANCE":23719233.95,"END_CASH":10049706.8,"DIVI_RATIO":null,"DIVIDEND_RATE":null,"CURRENT_RATIO":1.117106142178,"COMMON_ACS":100000000000,"CURRENTDEBT_DEBT":100,"ISSUED_COMMON_SHARES":491644763,"HK_COMMON_SHARES":491644763,"PER_SHARES":6000,"TOTAL_MARKET_CAP":147493428.9,"HKSK_MARKET_CAP":147493428.9,"PE_TTM":-3.469290795973,"PB_TTM":3.356700703232,"REPORT_DATE_SQ":"2021-12-31 00:00:00","REPORT_TYPE_SQ":"2021年年报","OPERATE_INCOME_SQ":86798345.25,"DPS_HKD":null,"OPERATE_INCOME_QOQ_SQ":0,"NET_PROFIT_RATIO_SQ":-8.5157673441,"HOLDER_PROFIT_SQ":-9898377.05,"HOLDER_PROFIT_QOQ_SQ":0,"ROE_AVG_SQ":-13.979165831506,"PE_TTM_SQ":-15.59026860417,"PB_TTM_SQ":6.107354997609,"ROA_SQ":-5.500535181117,"START_DATE":"2022-04-01 00:00:00","FISCAL_YEAR":"3-31","CURRENCY":"HKD","IS_CNY_CODE":0,"DPS_HKD_LY":null,"ORG_TYPE":"一般企业","PREMIUM_INCOME":null,"PREMIUM_INCOME_YOY":null,"NET_INTEREST_INCOME":null,"NET_INTEREST_INCOME_YOY":null,"FEE_COMMISSION_INCOME":null,"FEE_COMMISSION_INCOME_YOY":null,"ACCOUNTS_RECE_TDAYS":2.217887877864,"INVENTORY_TDAYS":3.922071713147,"CURRENT_ASSETS_TDAYS":0.54613026108,"TOTAL_ASSETS_TDAYS":0.341788514611,"PREMIUM_EXPENSE":null,"LOAN_DEPOSIT":null,"LOAN_EQUITY":null,"LOAN_ASSETS":null,"DEPOSIT_EQUITY":null,"DEPOSIT_ASSETS":null,"EQUITY_MULTIPLIER":2.354284193721,"EQUITY_RATIO":1.473787239957},{"SECUCODE":"00673.HK","SECURITY_CODE":"00673","SECURITY_NAME_ABBR":"中国卫生集团","ORG_CODE":"10009042","STD_REPORT_DATE":"2022-06-30 00:00:00","REPORT_DATE":"2022-09-30 00:00:00","DATE_TYPE_CODE":"002","REPORT_TYPE":"2022年中报","PER_NETCASH_OPERATE":-0.010960542598,"PER_OI":0.066595597542,"BPS":0.105730373782,"BASIC_EPS":-0.059783484,"DILUTED_EPS":-0.059783484,"OPERATE_INCOME":29235118.56,"OPERATE_INCOME_YOY":-23.0783875113,"GROSS_PROFIT":8388681,"GROSS_PROFIT_YOY":3.619263924494,"HOLDER_PROFIT":-24972492.84,"HOLDER_PROFIT_YOY":-430.2669483388,"GROSS_PROFIT_RATIO":28.693849771068,"EPS_TTM":-0.002254782488,"OPERATE_INCOME_QOQ":0,"NET_PROFIT_RATIO":-85.1441653261,"ROE_AVG":-40.292735604004,"GROSS_PROFIT_QOQ":0,"ROA":-12.390142990803,"HOLDER_PROFIT_QOQ":0,"ROE_YEARLY":-80.585471208009,"ROIC_YEARLY":-27.350757541988,"TOTAL_ASSETS":198738027.84,"TOTAL_LIABILITIES":142188821.28,"TAX_EBT":-0.090919009346,"OCF_SALES":-16.458359113971,"TOTAL_PARENT_EQUITY":51981784.56,"DEBT_ASSET_RATIO":71.545855026,"OPERATE_PROFIT":-24144930.24,"PRETAX_PROFIT":-24869386.68,"NETCASH_OPERATE":-4811620.8,"NETCASH_INVEST":-4274383.44,"NETCASH_FINANCE":20890755.12,"END_CASH":20572392.24,"DIVI_RATIO":null,"DIVIDEND_RATE":null,"CURRENT_RATIO":1.154733919324,"COMMON_ACS":100000000000,"CURRENTDEBT_DEBT":74.681322036486,"ISSUED_COMMON_SHARES":491644763,"HK_COMMON_SHARES":491644763,"PER_SHARES":6000,"TOTAL_MARKET_CAP":294986857.8,"HKSK_MARKET_CAP":294986857.8,"PE_TTM":-6.938581591946,"PB_TTM":6.713401406463,"REPORT_DATE_SQ":"2021-06-30 00:00:00","REPORT_TYPE_SQ":"2021年中报","OPERATE_INCOME_SQ":35006847.32,"DPS_HKD":null,"OPERATE_INCOME_QOQ_SQ":0,"NET_PROFIT_RATIO_SQ":-11.3845128742,"HOLDER_PROFIT_SQ":-4337743.42,"HOLDER_PROFIT_QOQ_SQ":0,"ROE_AVG_SQ":-5.875880902541,"PE_TTM_SQ":-13.442748902155,"PB_TTM_SQ":7.506957184561,"ROA_SQ":-2.422344934103,"START_DATE":"2022-04-01 00:00:00","FISCAL_YEAR":"3-31","CURRENCY":"HKD","IS_CNY_CODE":0,"DPS_HKD_LY":null,"ORG_TYPE":"一般企业","PREMIUM_INCOME":null,"PREMIUM_INCOME_YOY":null,"NET_INTEREST_INCOME":null,"NET_INTEREST_INCOME_YOY":null,"FEE_COMMISSION_INCOME":null,"FEE_COMMISSION_INCOME_YOY":null,"ACCOUNTS_RECE_TDAYS":1.086393197439,"INVENTORY_TDAYS":1.832776717557,"CURRENT_ASSETS_TDAYS":0.236564963151,"TOTAL_ASSETS_TDAYS":0.145050516836,"PREMIUM_EXPENSE":null,"LOAN_DEPOSIT":null,"LOAN_EQUITY":null,"LOAN_ASSETS":null,"DEPOSIT_EQUITY":null,"DEPOSIT_ASSETS":null,"EQUITY_MULTIPLIER":3.514426460235,"EQUITY_RATIO":2.735358596931},{"SECUCODE":"00673.HK","SECURITY_CODE":"00673","SECURITY_NAME_ABBR":"中国卫生集团","ORG_CODE":"10009042","STD_REPORT_DATE":"2021-12-31 00:00:00","REPORT_DATE":"2022-03-31 00:00:00","DATE_TYPE_CODE":"001","REPORT_TYPE":"2021年年报","PER_NETCASH_OPERATE":0.005901599885,"PER_OI":0.019772068482,"BPS":0.131270703233,"BASIC_EPS":-0.024005896,"DILUTED_EPS":-0.024005896,"OPERATE_INCOME":86798345.25,"OPERATE_INCOME_YOY":21.7729181126,"GROSS_PROFIT":23267065.89,"GROSS_PROFIT_YOY":5.913838975922,"HOLDER_PROFIT":-9898377.05,"HOLDER_PROFIT_YOY":-57.6058884298,"GROSS_PROFIT_RATIO":26.805886475123,"EPS_TTM":-0.001678565822,"OPERATE_INCOME_QOQ":0,"NET_PROFIT_RATIO":-8.5157673441,"ROE_AVG":-13.979165831506,"GROSS_PROFIT_QOQ":0,"ROA":-5.500535181117,"HOLDER_PROFIT_QOQ":0,"ROE_YEARLY":-13.979165831506,"ROIC_YEARLY":-5.809926620222,"TOTAL_ASSETS":183253386.57,"TOTAL_LIABILITIES":114210483.25,"TAX_EBT":-4.650361694798,"OCF_SALES":29.848166316281,"TOTAL_PARENT_EQUITY":64538553.78,"DEBT_ASSET_RATIO":62.3238049717,"OPERATE_PROFIT":-6825460.16,"PRETAX_PROFIT":-7063086.09,"NETCASH_OPERATE":25907714.45,"NETCASH_INVEST":-28612432.8,"NETCASH_FINANCE":10389038.1,"END_CASH":6923592.37,"DIVI_RATIO":null,"DIVIDEND_RATE":null,"CURRENT_RATIO":1.005902333906,"COMMON_ACS":100000000000,"CURRENTDEBT_DEBT":97.209302325581,"ISSUED_COMMON_SHARES":491644763,"HK_COMMON_SHARES":491644763,"PER_SHARES":6000,"TOTAL_MARKET_CAP":294986857.8,"HKSK_MARKET_CAP":294986857.8,"PE_TTM":-6.938581591946,"PB_TTM":6.713401406463,"REPORT_DATE_SQ":"2020-12-31 00:00:00","REPORT_TYPE_SQ":"2020年年报","OPERATE_INCOME_SQ":74282025.02,"DPS_HKD":null,"OPERATE_INCOME_QOQ_SQ":0,"NET_PROFIT_RATIO_SQ":-7.4628224237,"HOLDER_PROFIT_SQ":-6545073.92,"HOLDER_PROFIT_QOQ_SQ":0,"ROE_AVG_SQ":-8.066204540365,"PE_TTM_SQ":-13.442748902155,"PB_TTM_SQ":7.506957184561,"ROA_SQ":-3.73520736816,"START_DATE":"2021-04-01 00:00:00","FISCAL_YEAR":"3-31","CURRENCY":"HKD","IS_CNY_CODE":0,"DPS_HKD_LY":null,"ORG_TYPE":"一般企业","PREMIUM_INCOME":null,"PREMIUM_INCOME_YOY":null,"NET_INTEREST_INCOME":null,"NET_INTEREST_INCOME_YOY":null,"FEE_COMMISSION_INCOME":null,"FEE_COMMISSION_INCOME_YOY":null,"ACCOUNTS_RECE_TDAYS":2.26572671557,"INVENTORY_TDAYS":8.462352814087,"CURRENT_ASSETS_TDAYS":0.708390145749,"TOTAL_ASSETS_TDAYS":0.482339023154,"PREMIUM_EXPENSE":null,"LOAN_DEPOSIT":null,"LOAN_EQUITY":null,"LOAN_ASSETS":null,"DEPOSIT_EQUITY":null,"DEPOSIT_ASSETS":null,"EQUITY_MULTIPLIER":2.65419583705,"EQUITY_RATIO":1.769647389982},{"SECUCODE":"00673.HK","SECURITY_CODE":"00673","SECURITY_NAME_ABBR":"中国卫生集团","ORG_CODE":"10009042","STD_REPORT_DATE":"2021-06-30 00:00:00","REPORT_DATE":"2021-09-30 00:00:00","DATE_TYPE_CODE":"002","REPORT_TYPE":"2021年中报","PER_NETCASH_OPERATE":0.004741257971,"PER_OI":0.008455867179,"BPS":0.139272374676,"BASIC_EPS":-0.010496556,"DILUTED_EPS":-0.010496556,"OPERATE_INCOME":35006847.32,"OPERATE_INCOME_YOY":25.7616567906,"GROSS_PROFIT":8095677.08,"GROSS_PROFIT_YOY":-0.764392267096,"HOLDER_PROFIT":-4337743.42,"HOLDER_PROFIT_YOY":-30.207551888,"GROSS_PROFIT_RATIO":23.125981628671,"EPS_TTM":-0.001580955727,"OPERATE_INCOME_QOQ":0,"NET_PROFIT_RATIO":-11.3845128742,"ROE_AVG":-5.875880902541,"GROSS_PROFIT_QOQ":0,"ROA":-2.422344934103,"HOLDER_PROFIT_QOQ":0,"ROE_YEARLY":-11.751761805081,"ROIC_YEARLY":-5.01449359104,"TOTAL_ASSETS":176688693.76,"TOTAL_LIABILITIES":108216160.12,"TAX_EBT":-1.743938749468,"OCF_SALES":56.070629670173,"TOTAL_PARENT_EQUITY":68472533.64,"DEBT_ASSET_RATIO":61.2467939046,"OPERATE_PROFIT":-3891223.26,"PRETAX_PROFIT":-3917048.12,"NETCASH_OPERATE":19628559.72,"NETCASH_INVEST":-19306165.5,"NETCASH_FINANCE":-441521.8,"END_CASH":4179462.02,"DIVI_RATIO":null,"DIVIDEND_RATE":null,"CURRENT_RATIO":1.079949698732,"COMMON_ACS":100000000000,"CURRENTDEBT_DEBT":99.782143461994,"ISSUED_COMMON_SHARES":491644763,"HK_COMMON_SHARES":491644763,"PER_SHARES":6000,"TOTAL_MARKET_CAP":294986857.8,"HKSK_MARKET_CAP":294986857.8,"PE_TTM":-6.938581591946,"PB_TTM":6.713401406463,"REPORT_DATE_SQ":"2020-06-30 00:00:00","REPORT_TYPE_SQ":"2020年中报","OPERATE_INCOME_SQ":29361550.08,"DPS_HKD":null,"OPERATE_INCOME_QOQ_SQ":0,"NET_PROFIT_RATIO_SQ":-8.9094391572,"HOLDER_PROFIT_SQ":-3514001.28,"HOLDER_PROFIT_QOQ_SQ":0,"ROE_AVG_SQ":-4.154049913003,"PE_TTM_SQ":-13.442748902155,"PB_TTM_SQ":7.506957184561,"ROA_SQ":-1.958570767389,"START_DATE":"2021-04-01 00:00:00","FISCAL_YEAR":"3-31","CURRENCY":"HKD","IS_CNY_CODE":0,"DPS_HKD_LY":null,"ORG_TYPE":"一般企业","PREMIUM_INCOME":null,"PREMIUM_INCOME_YOY":null,"NET_INTEREST_INCOME":null,"NET_INTEREST_INCOME_YOY":null,"FEE_COMMISSION_INCOME":null,"FEE_COMMISSION_INCOME_YOY":null,"ACCOUNTS_RECE_TDAYS":0.955947086457,"INVENTORY_TDAYS":4.592876946044,"CURRENT_ASSETS_TDAYS":0.276058244072,"TOTAL_ASSETS_TDAYS":0.195490260843,"PREMIUM_EXPENSE":null,"LOAN_DEPOSIT":null,"LOAN_EQUITY":null,"LOAN_ASSETS":null,"DEPOSIT_EQUITY":null,"DEPOSIT_ASSETS":null,"EQUITY_MULTIPLIER":2.580431661675,"EQUITY_RATIO":1.580431661678},{"SECUCODE":"00673.HK","SECURITY_CODE":"00673","SECURITY_NAME_ABBR":"中国卫生集团","ORG_CODE":"10009042","STD_REPORT_DATE":"2020-12-31 00:00:00","REPORT_DATE":"2021-03-31 00:00:00","DATE_TYPE_CODE":"001","REPORT_TYPE":"2020年年报","PER_NETCASH_OPERATE":-0.001837983524,"PER_OI":0.017942745075,"BPS":0.163380286062,"BASIC_EPS":-0.001605842,"DILUTED_EPS":-0.001605842,"OPERATE_INCOME":74282025.02,"OPERATE_INCOME_YOY":94.6169176262,"GROSS_PROFIT":21967918.56,"GROSS_PROFIT_YOY":39.362470161743,"HOLDER_PROFIT":-6545073.92,"HOLDER_PROFIT_YOY":78.8871016113,"GROSS_PROFIT_RATIO":29.573666784239,"EPS_TTM":-0.008376838215,"OPERATE_INCOME_QOQ":0,"NET_PROFIT_RATIO":-7.4628224237,"ROE_AVG":-8.066204540365,"GROSS_PROFIT_QOQ":0,"ROA":-3.73520736816,"HOLDER_PROFIT_QOQ":0,"ROE_YEARLY":-8.066204540365,"ROIC_YEARLY":-3.960102377647,"TOTAL_ASSETS":184095417.24,"TOTAL_LIABILITIES":99589249.76,"TAX_EBT":-23.035077846558,"OCF_SALES":-10.243602726166,"TOTAL_PARENT_EQUITY":80325062.02,"DEBT_ASSET_RATIO":54.0965393126,"OPERATE_PROFIT":-4257171.66,"PRETAX_PROFIT":-4505654.58,"NETCASH_OPERATE":-7609155.54,"NETCASH_INVEST":-1548369.76,"NETCASH_FINANCE":2165351.16,"END_CASH":3882756.92,"DIVI_RATIO":null,"DIVIDEND_RATE":null,"CURRENT_RATIO":1.404389223347,"COMMON_ACS":100000000000,"CURRENTDEBT_DEBT":99.383019892729,"ISSUED_COMMON_SHARES":491644763,"HK_COMMON_SHARES":491644763,"PER_SHARES":6000,"TOTAL_MARKET_CAP":294986857.8,"HKSK_MARKET_CAP":294986857.8,"PE_TTM":-6.938581591946,"PB_TTM":6.713401406463,"REPORT_DATE_SQ":"2019-12-31 00:00:00","REPORT_TYPE_SQ":"2019年年报","OPERATE_INCOME_SQ":41262692,"DPS_HKD":null,"OPERATE_INCOME_QOQ_SQ":0,"NET_PROFIT_RATIO_SQ":-79.2183348096,"HOLDER_PROFIT_SQ":-33513602.3,"HOLDER_PROFIT_QOQ_SQ":0,"ROE_AVG_SQ":-32.261015264591,"PE_TTM_SQ":-13.442748902155,"PB_TTM_SQ":7.506957184561,"ROA_SQ":-17.802228736726,"START_DATE":"2020-04-01 00:00:00","FISCAL_YEAR":"3-31","CURRENCY":"HKD","IS_CNY_CODE":0,"DPS_HKD_LY":null,"ORG_TYPE":"一般企业","PREMIUM_INCOME":null,"PREMIUM_INCOME_YOY":null,"NET_INTEREST_INCOME":null,"NET_INTEREST_INCOME_YOY":null,"FEE_COMMISSION_INCOME":null,"FEE_COMMISSION_INCOME_YOY":null,"ACCOUNTS_RECE_TDAYS":1.907416852043,"INVENTORY_TDAYS":10.635223367698,"CURRENT_ASSETS_TDAYS":0.568198862167,"TOTAL_ASSETS_TDAYS":0.42391999016,"PREMIUM_EXPENSE":null,"LOAN_DEPOSIT":null,"LOAN_EQUITY":null,"LOAN_ASSETS":null,"DEPOSIT_EQUITY":null,"DEPOSIT_ASSETS":null,"EQUITY_MULTIPLIER":2.178484987897,"EQUITY_RATIO":1.239827860142},{"SECUCODE":"00673.HK","SECURITY_CODE":"00673","SECURITY_NAME_ABBR":"中国卫生集团","ORG_CODE":"10009042","STD_REPORT_DATE":"2020-06-30 00:00:00","REPORT_DATE":"2020-09-30 00:00:00","DATE_TYPE_CODE":"002","REPORT_TYPE":"2020年中报","PER_NETCASH_OPERATE":-0.00125144895,"PER_OI":0.007092251563,"BPS":0.170800394268,"BASIC_EPS":-0.00087872,"DILUTED_EPS":-0.00087872,"OPERATE_INCOME":29361550.08,"OPERATE_INCOME_YOY":60.1437814522,"GROSS_PROFIT":8158036.48,"GROSS_PROFIT_YOY":9.614423369488,"HOLDER_PROFIT":-3514001.28,"HOLDER_PROFIT_YOY":-53.630426431,"GROSS_PROFIT_RATIO":27.784760878674,"EPS_TTM":-0.008095175414,"OPERATE_INCOME_QOQ":0,"NET_PROFIT_RATIO":-8.9094391572,"ROE_AVG":-4.154049913003,"GROSS_PROFIT_QOQ":0,"ROA":-1.958570767389,"HOLDER_PROFIT_QOQ":0,"ROE_YEARLY":-8.308099826006,"ROIC_YEARLY":-4.149857702116,"TOTAL_ASSETS":185873884.16,"TOTAL_LIABILITIES":97533526.4,"TAX_EBT":-17.25088617566,"OCF_SALES":-17.645298377925,"TOTAL_PARENT_EQUITY":83973119.36,"DEBT_ASSET_RATIO":52.4729586627,"OPERATE_PROFIT":-2099262.08,"PRETAX_PROFIT":-2231070.08,"NETCASH_OPERATE":-5180933.12,"NETCASH_INVEST":-596650.88,"NETCASH_FINANCE":2157257.6,"END_CASH":3447218.56,"DIVI_RATIO":null,"DIVIDEND_RATE":null,"CURRENT_RATIO":1.445754114513,"COMMON_ACS":100000000000,"CURRENTDEBT_DEBT":98.753997927835,"ISSUED_COMMON_SHARES":491644763,"HK_COMMON_SHARES":491644763,"PER_SHARES":6000,"TOTAL_MARKET_CAP":294986857.8,"HKSK_MARKET_CAP":294986857.8,"PE_TTM":-6.938581591946,"PB_TTM":6.713401406463,"REPORT_DATE_SQ":"2019-06-30 00:00:00","REPORT_TYPE_SQ":"2019年中报","OPERATE_INCOME_SQ":18820438.65,"DPS_HKD":null,"OPERATE_INCOME_QOQ_SQ":0,"NET_PROFIT_RATIO_SQ":-11.6606757728,"HOLDER_PROFIT_SQ":-2347932.03,"HOLDER_PROFIT_QOQ_SQ":0,"ROE_AVG_SQ":-2.054548539992,"PE_TTM_SQ":-13.442748902155,"PB_TTM_SQ":7.506957184561,"ROA_SQ":-1.227972100549,"START_DATE":"2020-04-01 00:00:00","FISCAL_YEAR":"3-31","CURRENCY":"HKD","IS_CNY_CODE":0,"DPS_HKD_LY":null,"ORG_TYPE":"一般企业","PREMIUM_INCOME":null,"PREMIUM_INCOME_YOY":null,"NET_INTEREST_INCOME":null,"NET_INTEREST_INCOME_YOY":null,"FEE_COMMISSION_INCOME":null,"FEE_COMMISSION_INCOME_YOY":null,"ACCOUNTS_RECE_TDAYS":0.827478609725,"INVENTORY_TDAYS":3.536049237984,"CURRENT_ASSETS_TDAYS":0.220284733874,"TOTAL_ASSETS_TDAYS":0.163650121584,"PREMIUM_EXPENSE":null,"LOAN_DEPOSIT":null,"LOAN_EQUITY":null,"LOAN_ASSETS":null,"DEPOSIT_EQUITY":null,"DEPOSIT_ASSETS":null,"EQUITY_MULTIPLIER":2.104065331782,"EQUITY_RATIO":1.161485093603}],"count":47},"success":true,"message":"ok","code":0}