{"version":"c591b1fb9903574f46942467c18d1f1d","result":{"pages":6,"data":[{"SECUCODE":"00679.HK","SECURITY_CODE":"00679","SECURITY_NAME_ABBR":"亚洲联网科技","ORG_CODE":"10009048","STD_REPORT_DATE":"2024-06-30 00:00:00","REPORT_DATE":"2024-06-30 00:00:00","DATE_TYPE_CODE":"002","REPORT_TYPE":"2024年中报","PER_NETCASH_OPERATE":0.087731896514,"PER_OI":0.511006036856,"BPS":3.512309108614,"BASIC_EPS":0.069181144,"DILUTED_EPS":null,"OPERATE_INCOME":201312565.64,"OPERATE_INCOME_YOY":-0.3190542257,"GROSS_PROFIT":55531101.92,"GROSS_PROFIT_YOY":1.637305739236,"HOLDER_PROFIT":26522480.8,"HOLDER_PROFIT_YOY":-73.5834992319,"GROSS_PROFIT_RATIO":27.584518504078,"EPS_TTM":0.509581387849,"OPERATE_INCOME_QOQ":-0.758117464592,"NET_PROFIT_RATIO":13.1670694056,"ROE_AVG":1.975810262383,"GROSS_PROFIT_QOQ":1.307575733151,"ROA":1.365507496782,"HOLDER_PROFIT_QOQ":-27.172476877212,"ROE_YEARLY":3.951620524766,"ROIC_YEARLY":3.037948746898,"TOTAL_ASSETS":1935137150.4,"TOTAL_LIABILITIES":591234104,"TAX_EBT":-7.790231591449,"OCF_SALES":17.168465768702,"TOTAL_PARENT_EQUITY":1343926776.08,"DEBT_ASSET_RATIO":30.5525685287,"OPERATE_PROFIT":25253855.6,"PRETAX_PROFIT":24591249.92,"NETCASH_OPERATE":34562278.92,"NETCASH_INVEST":119658736.76,"NETCASH_FINANCE":-12607761.52,"END_CASH":266465140.12,"DIVI_RATIO":0.053477620356,"DIVIDEND_RATE":3.296703296703,"CURRENT_RATIO":1.581432421639,"COMMON_ACS":20000000000,"CURRENTDEBT_DEBT":95.479932077802,"ISSUED_COMMON_SHARES":382633400,"HK_COMMON_SHARES":382633400,"PER_SHARES":10000,"TOTAL_MARKET_CAP":348196394,"HKSK_MARKET_CAP":348196394,"PE_TTM":1.559796059705,"PB_TTM":0.23646517841,"REPORT_DATE_SQ":"2023-06-30 00:00:00","REPORT_TYPE_SQ":"2023年中报","OPERATE_INCOME_SQ":204014812.42,"DPS_HKD":0.03,"OPERATE_INCOME_QOQ_SQ":14.605637444892,"NET_PROFIT_RATIO_SQ":54.9690356827,"HOLDER_PROFIT_SQ":101424253.86,"HOLDER_PROFIT_QOQ_SQ":309.164121181799,"ROE_AVG_SQ":8.978250348293,"PE_TTM_SQ":5.814403809405,"PB_TTM_SQ":0.295556905975,"ROA_SQ":6.247068323814,"START_DATE":"2024-01-01 00:00:00","FISCAL_YEAR":"12-31","CURRENCY":"HKD","IS_CNY_CODE":0,"DPS_HKD_LY":0.03,"ORG_TYPE":"一般企业","PREMIUM_INCOME":null,"PREMIUM_INCOME_YOY":null,"NET_INTEREST_INCOME":null,"NET_INTEREST_INCOME_YOY":null,"FEE_COMMISSION_INCOME":null,"FEE_COMMISSION_INCOME_YOY":null,"ACCOUNTS_RECE_TDAYS":1.925846699205,"INVENTORY_TDAYS":8.592662327183,"CURRENT_ASSETS_TDAYS":0.23972980904,"TOTAL_ASSETS_TDAYS":0.103645590188,"PREMIUM_EXPENSE":null,"LOAN_DEPOSIT":null,"LOAN_EQUITY":null,"LOAN_ASSETS":null,"DEPOSIT_EQUITY":null,"DEPOSIT_ASSETS":null,"EQUITY_MULTIPLIER":1.439938063675,"EQUITY_RATIO":0.4399302957},{"SECUCODE":"00679.HK","SECURITY_CODE":"00679","SECURITY_NAME_ABBR":"亚洲联网科技","ORG_CODE":"10009048","STD_REPORT_DATE":"2023-12-31 00:00:00","REPORT_DATE":"2023-12-31 00:00:00","DATE_TYPE_CODE":"001","REPORT_TYPE":"2023年年报","PER_NETCASH_OPERATE":-0.206313654305,"PER_OI":0.904781378102,"BPS":3.479315783306,"BASIC_EPS":0.6977894,"DILUTED_EPS":null,"OPERATE_INCOME":356441700.16,"OPERATE_INCOME_YOY":23.0407322483,"GROSS_PROFIT":68414172.68,"GROSS_PROFIT_YOY":158.195256373952,"HOLDER_PROFIT":275653093.38,"HOLDER_PROFIT_YOY":1029.4435786965,"GROSS_PROFIT_RATIO":19.193650083391,"EPS_TTM":0.699709898125,"OPERATE_INCOME_QOQ":8.916535872095,"NET_PROFIT_RATIO":77.3151161372,"ROE_AVG":22.928171902307,"GROSS_PROFIT_QOQ":25.193629308247,"ROA":15.413768151193,"HOLDER_PROFIT_QOQ":350.802935256262,"ROE_YEARLY":22.928171902307,"ROIC_YEARLY":18.473134370054,"TOTAL_ASSETS":1935697700.86,"TOTAL_LIABILITIES":604430615.6,"TAX_EBT":26.745003950589,"OCF_SALES":-22.802597323354,"TOTAL_PARENT_EQUITY":1331302427.84,"DEBT_ASSET_RATIO":31.2254653881,"OPERATE_PROFIT":379752397.22,"PRETAX_PROFIT":376197296.16,"NETCASH_OPERATE":-81277965.58,"NETCASH_INVEST":3019525.04,"NETCASH_FINANCE":-14869257.76,"END_CASH":125178887.26,"DIVI_RATIO":0.03894642633,"DIVIDEND_RATE":3.157894736842,"CURRENT_RATIO":1.357367126558,"COMMON_ACS":20000000000,"CURRENTDEBT_DEBT":95.216948034424,"ISSUED_COMMON_SHARES":382633400,"HK_COMMON_SHARES":382633400,"PER_SHARES":10000,"TOTAL_MARKET_CAP":363501730,"HKSK_MARKET_CAP":363501730,"PE_TTM":1.628358523868,"PB_TTM":0.246859252186,"REPORT_DATE_SQ":"2022-12-31 00:00:00","REPORT_TYPE_SQ":"2022年年报","OPERATE_INCOME_SQ":285554300.71,"DPS_HKD":0.03,"OPERATE_INCOME_QOQ_SQ":-3.804689025851,"NET_PROFIT_RATIO_SQ":-10.2654900476,"HOLDER_PROFIT_SQ":-29234047.29,"HOLDER_PROFIT_QOQ_SQ":96.074034032956,"ROE_AVG_SQ":-2.614550873974,"PE_TTM_SQ":5.385974055028,"PB_TTM_SQ":0.273779028693,"ROA_SQ":-1.775377600688,"START_DATE":"2023-01-01 00:00:00","FISCAL_YEAR":"12-31","CURRENCY":"HKD","IS_CNY_CODE":0,"DPS_HKD_LY":0.03,"ORG_TYPE":"一般企业","PREMIUM_INCOME":null,"PREMIUM_INCOME_YOY":null,"NET_INTEREST_INCOME":null,"NET_INTEREST_INCOME_YOY":null,"FEE_COMMISSION_INCOME":null,"FEE_COMMISSION_INCOME_YOY":null,"ACCOUNTS_RECE_TDAYS":3.55722767621,"INVENTORY_TDAYS":13.331963087248,"CURRENT_ASSETS_TDAYS":0.432633630608,"TOTAL_ASSETS_TDAYS":0.199312464022,"PREMIUM_EXPENSE":null,"LOAN_DEPOSIT":null,"LOAN_EQUITY":null,"LOAN_ASSETS":null,"DEPOSIT_EQUITY":null,"DEPOSIT_ASSETS":null,"EQUITY_MULTIPLIER":1.454026560329,"EQUITY_RATIO":0.454014507117},{"SECUCODE":"00679.HK","SECURITY_CODE":"00679","SECURITY_NAME_ABBR":"亚洲联网科技","ORG_CODE":"10009048","STD_REPORT_DATE":"2023-06-30 00:00:00","REPORT_DATE":"2023-06-30 00:00:00","DATE_TYPE_CODE":"002","REPORT_TYPE":"2023年中报","PER_NETCASH_OPERATE":-0.07837522971,"PER_OI":0.5178653425,"BPS":3.051166940837,"BASIC_EPS":0.257416816,"DILUTED_EPS":null,"OPERATE_INCOME":204014812.42,"OPERATE_INCOME_YOY":19.8556237831,"GROSS_PROFIT":54636534.8,"GROSS_PROFIT_YOY":675.624408269394,"HOLDER_PROFIT":101424253.86,"HOLDER_PROFIT_YOY":751.9089289863,"GROSS_PROFIT_RATIO":19.079417600928,"EPS_TTM":0.155214139794,"OPERATE_INCOME_QOQ":14.605637444892,"NET_PROFIT_RATIO":54.9690356827,"ROE_AVG":8.978250348293,"GROSS_PROFIT_QOQ":106.236737284957,"ROA":6.247068323814,"HOLDER_PROFIT_QOQ":309.164121181799,"ROE_YEARLY":17.956500696586,"ROIC_YEARLY":15.483383340306,"TOTAL_ASSETS":1577545581.18,"TOTAL_LIABILITIES":410050605,"TAX_EBT":24.879781420765,"OCF_SALES":-16.738725139827,"TOTAL_PARENT_EQUITY":1167478380.54,"DEBT_ASSET_RATIO":25.9929481526,"OPERATE_PROFIT":136153396.5,"PRETAX_PROFIT":134977872,"NETCASH_OPERATE":4754650.86,"NETCASH_INVEST":-97255060.3,"NETCASH_FINANCE":23809211.52,"END_CASH":151546774.58,"DIVI_RATIO":0.175571633075,"DIVIDEND_RATE":3.157894736842,"CURRENT_RATIO":2.835478441661,"COMMON_ACS":20000000000,"CURRENTDEBT_DEBT":72.673636874649,"ISSUED_COMMON_SHARES":382633400,"HK_COMMON_SHARES":382633400,"PER_SHARES":10000,"TOTAL_MARKET_CAP":363501730,"HKSK_MARKET_CAP":363501730,"PE_TTM":1.628358523868,"PB_TTM":0.246859252186,"REPORT_DATE_SQ":"2022-06-30 00:00:00","REPORT_TYPE_SQ":"2022年中报","OPERATE_INCOME_SQ":142752590.75,"DPS_HKD":0.03,"OPERATE_INCOME_QOQ_SQ":-0.42810830501,"NET_PROFIT_RATIO_SQ":7.7328141381,"HOLDER_PROFIT_SQ":11043068.47,"HOLDER_PROFIT_QOQ_SQ":-8.611077519091,"ROE_AVG_SQ":0.986855177684,"PE_TTM_SQ":5.385974055028,"PB_TTM_SQ":0.273779028693,"ROA_SQ":0.68531373151,"START_DATE":"2023-01-01 00:00:00","FISCAL_YEAR":"12-31","CURRENCY":"HKD","IS_CNY_CODE":0,"DPS_HKD_LY":0.03,"ORG_TYPE":"一般企业","PREMIUM_INCOME":null,"PREMIUM_INCOME_YOY":null,"NET_INTEREST_INCOME":null,"NET_INTEREST_INCOME_YOY":null,"FEE_COMMISSION_INCOME":null,"FEE_COMMISSION_INCOME_YOY":null,"ACCOUNTS_RECE_TDAYS":2.441295233892,"INVENTORY_TDAYS":5.493061446069,"CURRENT_ASSETS_TDAYS":0.213665154795,"TOTAL_ASSETS_TDAYS":0.113615016542,"PREMIUM_EXPENSE":null,"LOAN_DEPOSIT":null,"LOAN_EQUITY":null,"LOAN_ASSETS":null,"DEPOSIT_EQUITY":null,"DEPOSIT_ASSETS":null,"EQUITY_MULTIPLIER":1.351222586277,"EQUITY_RATIO":0.351227578887},{"SECUCODE":"00679.HK","SECURITY_CODE":"00679","SECURITY_NAME_ABBR":"亚洲联网科技","ORG_CODE":"10009048","STD_REPORT_DATE":"2022-12-31 00:00:00","REPORT_DATE":"2022-12-31 00:00:00","DATE_TYPE_CODE":"001","REPORT_TYPE":"2022年年报","PER_NETCASH_OPERATE":0.054575276238,"PER_OI":0.724842838544,"BPS":2.764667444687,"BASIC_EPS":-0.0714616,"DILUTED_EPS":null,"OPERATE_INCOME":285554300.71,"OPERATE_INCOME_YOY":-12.3304464202,"GROSS_PROFIT":26497068.01,"GROSS_PROFIT_YOY":-11.773197712557,"HOLDER_PROFIT":-29234047.29,"HOLDER_PROFIT_YOY":96.097177618,"GROSS_PROFIT_RATIO":9.279169651488,"EPS_TTM":-0.07420686632,"OPERATE_INCOME_QOQ":-3.804689025851,"NET_PROFIT_RATIO":-10.2654900476,"ROE_AVG":-2.614550873974,"GROSS_PROFIT_QOQ":80.221885688738,"ROA":-1.775377600688,"HOLDER_PROFIT_QOQ":96.074034032956,"ROE_YEARLY":-2.614550873974,"ROIC_YEARLY":-3.345407411988,"TOTAL_ASSETS":1617564580.45,"TOTAL_LIABILITIES":559714049.3,"TAX_EBT":-682.264600715137,"OCF_SALES":7.529256458944,"TOTAL_PARENT_EQUITY":1057854104.23,"DEBT_ASSET_RATIO":34.6022691189,"OPERATE_PROFIT":627968.81,"PRETAX_PROFIT":-3747267.65,"NETCASH_OPERATE":21500115.63,"NETCASH_INVEST":-152888520.12,"NETCASH_FINANCE":-49907888.17,"END_CASH":217622010.48,"DIVI_RATIO":-0.367232863366,"DIVIDEND_RATE":3.157894736842,"CURRENT_RATIO":1.823316420796,"COMMON_ACS":20000000000,"CURRENTDEBT_DEBT":83.701144288929,"ISSUED_COMMON_SHARES":382633400,"HK_COMMON_SHARES":382633400,"PER_SHARES":10000,"TOTAL_MARKET_CAP":363501730,"HKSK_MARKET_CAP":363501730,"PE_TTM":1.628358523868,"PB_TTM":0.246859252186,"REPORT_DATE_SQ":"2021-12-31 00:00:00","REPORT_TYPE_SQ":"2021年年报","OPERATE_INCOME_SQ":298124758.4,"DPS_HKD":0.03,"OPERATE_INCOME_QOQ_SQ":-8.44701717724,"NET_PROFIT_RATIO_SQ":-229.9840387896,"HOLDER_PROFIT_SQ":-685596027.2,"HOLDER_PROFIT_QOQ_SQ":-722.745027461322,"ROE_AVG_SQ":-48.860281992805,"PE_TTM_SQ":5.385974055028,"PB_TTM_SQ":0.273779028693,"ROA_SQ":-35.340819603973,"START_DATE":"2022-01-01 00:00:00","FISCAL_YEAR":"12-31","CURRENCY":"HKD","IS_CNY_CODE":0,"DPS_HKD_LY":0.03,"ORG_TYPE":"一般企业","PREMIUM_INCOME":null,"PREMIUM_INCOME_YOY":null,"NET_INTEREST_INCOME":null,"NET_INTEREST_INCOME_YOY":null,"FEE_COMMISSION_INCOME":null,"FEE_COMMISSION_INCOME_YOY":null,"ACCOUNTS_RECE_TDAYS":3.311884214125,"INVENTORY_TDAYS":9.653645789991,"CURRENT_ASSETS_TDAYS":0.233547125783,"TOTAL_ASSETS_TDAYS":0.173416531838,"PREMIUM_EXPENSE":null,"LOAN_DEPOSIT":null,"LOAN_EQUITY":null,"LOAN_ASSETS":null,"DEPOSIT_EQUITY":null,"DEPOSIT_ASSETS":null,"EQUITY_MULTIPLIER":1.529105041608,"EQUITY_RATIO":0.529103254468},{"SECUCODE":"00679.HK","SECURITY_CODE":"00679","SECURITY_NAME_ABBR":"亚洲联网科技","ORG_CODE":"10009048","STD_REPORT_DATE":"2022-06-30 00:00:00","REPORT_DATE":"2022-06-30 00:00:00","DATE_TYPE_CODE":"002","REPORT_TYPE":"2022年中报","PER_NETCASH_OPERATE":-0.01737999493,"PER_OI":0.334735854824,"BPS":2.900593287518,"BASIC_EPS":0.025912257,"DILUTED_EPS":null,"OPERATE_INCOME":142752590.75,"OPERATE_INCOME_YOY":-3.5645165949,"GROSS_PROFIT":7044200.03,"GROSS_PROFIT_YOY":-68.517022841476,"HOLDER_PROFIT":11043068.47,"HOLDER_PROFIT_YOY":-84.6680835401,"GROSS_PROFIT_RATIO":4.93455144526,"EPS_TTM":-1.74606597558,"OPERATE_INCOME_QOQ":-0.42810830501,"NET_PROFIT_RATIO":7.7328141381,"ROE_AVG":0.986855177684,"GROSS_PROFIT_QOQ":-51.045456022017,"ROA":0.68531373151,"HOLDER_PROFIT_QOQ":-8.611077519091,"ROE_YEARLY":1.973710355369,"ROIC_YEARLY":2.649382997211,"TOTAL_ASSETS":1618500951.97,"TOTAL_LIABILITIES":508570375.53,"TAX_EBT":58.138479001135,"OCF_SALES":-5.192152164146,"TOTAL_PARENT_EQUITY":1109863871.62,"DEBT_ASSET_RATIO":31.4223093234,"OPERATE_PROFIT":27571325.6,"PRETAX_PROFIT":26369783.65,"NETCASH_OPERATE":-7411931.73,"NETCASH_INVEST":-138846938.02,"NETCASH_FINANCE":46518915.24,"END_CASH":275166789.59,"DIVI_RATIO":-0.015607199488,"DIVIDEND_RATE":3.157894736842,"CURRENT_RATIO":2.610520478192,"COMMON_ACS":20000000000,"CURRENTDEBT_DEBT":80.049336878055,"ISSUED_COMMON_SHARES":382633400,"HK_COMMON_SHARES":382633400,"PER_SHARES":10000,"TOTAL_MARKET_CAP":363501730,"HKSK_MARKET_CAP":363501730,"PE_TTM":1.628358523868,"PB_TTM":0.246859252186,"REPORT_DATE_SQ":"2021-06-30 00:00:00","REPORT_TYPE_SQ":"2021年中报","OPERATE_INCOME_SQ":144028887.6,"DPS_HKD":0.03,"OPERATE_INCOME_QOQ_SQ":15.459225162672,"NET_PROFIT_RATIO_SQ":48.642075161,"HOLDER_PROFIT_SQ":70080273.84,"HOLDER_PROFIT_QOQ_SQ":-5.739484885911,"ROE_AVG_SQ":3.892470519237,"PE_TTM_SQ":5.385974055028,"PB_TTM_SQ":0.273779028693,"ROA_SQ":2.924143198754,"START_DATE":"2022-01-01 00:00:00","FISCAL_YEAR":"12-31","CURRENCY":"HKD","IS_CNY_CODE":0,"DPS_HKD_LY":0.03,"ORG_TYPE":"一般企业","PREMIUM_INCOME":null,"PREMIUM_INCOME_YOY":null,"NET_INTEREST_INCOME":null,"NET_INTEREST_INCOME_YOY":null,"FEE_COMMISSION_INCOME":null,"FEE_COMMISSION_INCOME_YOY":null,"ACCOUNTS_RECE_TDAYS":2.049479726204,"INVENTORY_TDAYS":5.167307066102,"CURRENT_ASSETS_TDAYS":0.110399986243,"TOTAL_ASSETS_TDAYS":0.088589789075,"PREMIUM_EXPENSE":null,"LOAN_DEPOSIT":null,"LOAN_EQUITY":null,"LOAN_ASSETS":null,"DEPOSIT_EQUITY":null,"DEPOSIT_ASSETS":null,"EQUITY_MULTIPLIER":1.458200167042,"EQUITY_RATIO":0.458227705698},{"SECUCODE":"00679.HK","SECURITY_CODE":"00679","SECURITY_NAME_ABBR":"亚洲联网科技","ORG_CODE":"10009048","STD_REPORT_DATE":"2021-12-31 00:00:00","REPORT_DATE":"2021-12-31 00:00:00","DATE_TYPE_CODE":"001","REPORT_TYPE":"2021年年报","PER_NETCASH_OPERATE":-0.356465850059,"PER_OI":0.699062940454,"BPS":2.818832739641,"BASIC_EPS":-1.610672,"DILUTED_EPS":null,"OPERATE_INCOME":298124758.4,"OPERATE_INCOME_YOY":8.814462678,"GROSS_PROFIT":30032900.8,"GROSS_PROFIT_YOY":-38.252664836118,"HOLDER_PROFIT":-685596027.2,"HOLDER_PROFIT_YOY":-704.2623872251,"GROSS_PROFIT_RATIO":10.07393715342,"EPS_TTM":-1.60763157448,"OPERATE_INCOME_QOQ":-8.44701717724,"NET_PROFIT_RATIO":-229.9840387896,"ROE_AVG":-48.860281992805,"GROSS_PROFIT_QOQ":-45.130082098618,"ROA":-35.340819603973,"HOLDER_PROFIT_QOQ":-722.745027461322,"ROE_YEARLY":-48.860281992805,"ROIC_YEARLY":-66.048515567003,"TOTAL_ASSETS":1533760368,"TOTAL_LIABILITIES":455154649.6,"TAX_EBT":22.368671972924,"OCF_SALES":-50.991953575366,"TOTAL_PARENT_EQUITY":1078579555.2,"DEBT_ASSET_RATIO":29.6757341692,"OPERATE_PROFIT":-880385139.2,"PRETAX_PROFIT":-883199318.4,"NETCASH_OPERATE":-157679065.6,"NETCASH_INVEST":-446211740.8,"NETCASH_FINANCE":146925990.4,"END_CASH":375643867.2,"DIVI_RATIO":-0.016951147534,"DIVIDEND_RATE":3.157894736842,"CURRENT_RATIO":4.11828053943,"COMMON_ACS":20000000000,"CURRENTDEBT_DEBT":77.696085475735,"ISSUED_COMMON_SHARES":382633400,"HK_COMMON_SHARES":382633400,"PER_SHARES":10000,"TOTAL_MARKET_CAP":363501730,"HKSK_MARKET_CAP":363501730,"PE_TTM":1.628358523868,"PB_TTM":0.246859252186,"REPORT_DATE_SQ":"2020-12-31 00:00:00","REPORT_TYPE_SQ":"2020年年报","OPERATE_INCOME_SQ":282031039.08,"DPS_HKD":0.03,"OPERATE_INCOME_QOQ_SQ":19.076593780519,"NET_PROFIT_RATIO_SQ":41.8368412728,"HOLDER_PROFIT_SQ":116796066.08,"HOLDER_PROFIT_QOQ_SQ":-77.870604753573,"ROE_AVG_SQ":6.980628619762,"PE_TTM_SQ":5.385974055028,"PB_TTM_SQ":0.273779028693,"ROA_SQ":5.005109812734,"START_DATE":"2021-01-01 00:00:00","FISCAL_YEAR":"12-31","CURRENCY":"HKD","IS_CNY_CODE":0,"DPS_HKD_LY":0.03,"ORG_TYPE":"一般企业","PREMIUM_INCOME":null,"PREMIUM_INCOME_YOY":null,"NET_INTEREST_INCOME":null,"NET_INTEREST_INCOME_YOY":null,"FEE_COMMISSION_INCOME":null,"FEE_COMMISSION_INCOME_YOY":null,"ACCOUNTS_RECE_TDAYS":4.008971518726,"INVENTORY_TDAYS":9.150427660495,"CURRENT_ASSETS_TDAYS":0.225647740778,"TOTAL_ASSETS_TDAYS":0.153676113748,"PREMIUM_EXPENSE":null,"LOAN_DEPOSIT":null,"LOAN_EQUITY":null,"LOAN_ASSETS":null,"DEPOSIT_EQUITY":null,"DEPOSIT_ASSETS":null,"EQUITY_MULTIPLIER":1.421984272692,"EQUITY_RATIO":0.421994508802},{"SECUCODE":"00679.HK","SECURITY_CODE":"00679","SECURITY_NAME_ABBR":"亚洲联网科技","ORG_CODE":"10009048","STD_REPORT_DATE":"2021-06-30 00:00:00","REPORT_DATE":"2021-06-30 00:00:00","DATE_TYPE_CODE":"002","REPORT_TYPE":"2021年中报","PER_NETCASH_OPERATE":-0.17733897746,"PER_OI":0.337728601329,"BPS":4.815154569779,"BASIC_EPS":0.1643358,"DILUTED_EPS":null,"OPERATE_INCOME":144028887.6,"OPERATE_INCOME_YOY":57.4363778582,"GROSS_PROFIT":22374631.2,"GROSS_PROFIT_YOY":5.105817066584,"HOLDER_PROFIT":70080273.84,"HOLDER_PROFIT_YOY":0.1939091125,"GROSS_PROFIT_RATIO":15.5348219186,"EPS_TTM":0.25815245463,"OPERATE_INCOME_QOQ":15.459225162672,"NET_PROFIT_RATIO":48.642075161,"ROE_AVG":3.892470519237,"GROSS_PROFIT_QOQ":2.026013476804,"ROA":2.924143198754,"HOLDER_PROFIT_QOQ":-5.739484885911,"ROE_YEARLY":7.784941038474,"ROIC_YEARLY":9.321343589176,"TOTAL_ASSETS":2405516653.44,"TOTAL_LIABILITIES":563029428.24,"TAX_EBT":26.363246779371,"OCF_SALES":-52.509315693694,"TOTAL_PARENT_EQUITY":1842438964.56,"DEBT_ASSET_RATIO":23.4057589015,"OPERATE_PROFIT":96827485.44,"PRETAX_PROFIT":95140859.28,"NETCASH_OPERATE":-75628583.28,"NETCASH_INVEST":204021023.52,"NETCASH_FINANCE":-3666976.56,"END_CASH":960758675.76,"DIVI_RATIO":0.105562428368,"DIVIDEND_RATE":3.157894736842,"CURRENT_RATIO":7.446183928452,"COMMON_ACS":20000000000,"CURRENTDEBT_DEBT":35.296082334668,"ISSUED_COMMON_SHARES":382633400,"HK_COMMON_SHARES":382633400,"PER_SHARES":10000,"TOTAL_MARKET_CAP":363501730,"HKSK_MARKET_CAP":363501730,"PE_TTM":1.628358523868,"PB_TTM":0.246859252186,"REPORT_DATE_SQ":"2020-06-30 00:00:00","REPORT_TYPE_SQ":"2020年中报","OPERATE_INCOME_SQ":100429074.24,"DPS_HKD":0.03,"OPERATE_INCOME_QOQ_SQ":-26.081587577073,"NET_PROFIT_RATIO_SQ":77.7981918396,"HOLDER_PROFIT_SQ":76783766.4,"HOLDER_PROFIT_QOQ_SQ":-4.049039072493,"ROE_AVG_SQ":4.467635947728,"PE_TTM_SQ":5.385974055028,"PB_TTM_SQ":0.273779028693,"ROA_SQ":3.163724433053,"START_DATE":"2021-01-01 00:00:00","FISCAL_YEAR":"12-31","CURRENCY":"HKD","IS_CNY_CODE":0,"DPS_HKD_LY":0.03,"ORG_TYPE":"一般企业","PREMIUM_INCOME":null,"PREMIUM_INCOME_YOY":null,"NET_INTEREST_INCOME":null,"NET_INTEREST_INCOME_YOY":null,"FEE_COMMISSION_INCOME":null,"FEE_COMMISSION_INCOME_YOY":null,"ACCOUNTS_RECE_TDAYS":2.037418489136,"INVENTORY_TDAYS":3.747452870087,"CURRENT_ASSETS_TDAYS":0.1072130914,"TOTAL_ASSETS_TDAYS":0.060096952969,"PREMIUM_EXPENSE":null,"LOAN_DEPOSIT":null,"LOAN_EQUITY":null,"LOAN_ASSETS":null,"DEPOSIT_EQUITY":null,"DEPOSIT_ASSETS":null,"EQUITY_MULTIPLIER":1.305581184249,"EQUITY_RATIO":0.305589188608},{"SECUCODE":"00679.HK","SECURITY_CODE":"00679","SECURITY_NAME_ABBR":"亚洲联网科技","ORG_CODE":"10009048","STD_REPORT_DATE":"2020-12-31 00:00:00","REPORT_DATE":"2020-12-31 00:00:00","DATE_TYPE_CODE":"001","REPORT_TYPE":"2020年年报","PER_NETCASH_OPERATE":-0.569522428419,"PER_OI":0.661325307353,"BPS":4.648249553332,"BASIC_EPS":0.2777412,"DILUTED_EPS":null,"OPERATE_INCOME":282031039.08,"OPERATE_INCOME_YOY":-6.318458588,"GROSS_PROFIT":48638375.6,"GROSS_PROFIT_YOY":-45.598315516557,"HOLDER_PROFIT":116796066.08,"HOLDER_PROFIT_YOY":-77.400758237,"GROSS_PROFIT_RATIO":19.021954836958,"EPS_TTM":0.273871253852,"OPERATE_INCOME_QOQ":19.076593780519,"NET_PROFIT_RATIO":41.8368412728,"ROE_AVG":6.980628619762,"GROSS_PROFIT_QOQ":-19.082071243527,"ROA":5.005109812734,"HOLDER_PROFIT_QOQ":-77.870604753573,"ROE_YEARLY":6.980628619762,"ROIC_YEARLY":6.265465061969,"TOTAL_ASSETS":2415133953.48,"TOTAL_LIABILITIES":636510449.36,"TAX_EBT":42.238537855565,"OCF_SALES":-86.118347821676,"TOTAL_PARENT_EQUITY":1778575530.64,"DEBT_ASSET_RATIO":26.3550785017,"OPERATE_PROFIT":208003751.24,"PRETAX_PROFIT":204276127.68,"NETCASH_OPERATE":-242880471.2,"NETCASH_INVEST":938902443.32,"NETCASH_FINANCE":-17596167.48,"END_CASH":834539083.32,"DIVI_RATIO":0.099503688747,"DIVIDEND_RATE":3.157894736842,"CURRENT_RATIO":5.389911307792,"COMMON_ACS":20000000000,"CURRENTDEBT_DEBT":35.586705347533,"ISSUED_COMMON_SHARES":382633400,"HK_COMMON_SHARES":382633400,"PER_SHARES":10000,"TOTAL_MARKET_CAP":363501730,"HKSK_MARKET_CAP":363501730,"PE_TTM":1.628358523868,"PB_TTM":0.246859252186,"REPORT_DATE_SQ":"2019-12-31 00:00:00","REPORT_TYPE_SQ":"2019年年报","OPERATE_INCOME_SQ":320418714.44,"DPS_HKD":0.03,"OPERATE_INCOME_QOQ_SQ":-0.323768909873,"NET_PROFIT_RATIO_SQ":171.4572069176,"HOLDER_PROFIT_SQ":550059083.68,"HOLDER_PROFIT_QOQ_SQ":388.894121789182,"ROE_AVG_SQ":39.09461562165,"PE_TTM_SQ":5.385974055028,"PB_TTM_SQ":0.273779028693,"ROA_SQ":26.808058273832,"START_DATE":"2020-01-01 00:00:00","FISCAL_YEAR":"12-31","CURRENCY":"HKD","IS_CNY_CODE":0,"DPS_HKD_LY":0.03,"ORG_TYPE":"一般企业","PREMIUM_INCOME":null,"PREMIUM_INCOME_YOY":null,"NET_INTEREST_INCOME":null,"NET_INTEREST_INCOME_YOY":null,"FEE_COMMISSION_INCOME":null,"FEE_COMMISSION_INCOME_YOY":null,"ACCOUNTS_RECE_TDAYS":4.622633310572,"INVENTORY_TDAYS":7.648003833091,"CURRENT_ASSETS_TDAYS":0.241993681821,"TOTAL_ASSETS_TDAYS":0.120859920079,"PREMIUM_EXPENSE":null,"LOAN_DEPOSIT":null,"LOAN_EQUITY":null,"LOAN_ASSETS":null,"DEPOSIT_EQUITY":null,"DEPOSIT_ASSETS":null,"EQUITY_MULTIPLIER":1.35786688295,"EQUITY_RATIO":0.357876535685},{"SECUCODE":"00679.HK","SECURITY_CODE":"00679","SECURITY_NAME_ABBR":"亚洲联网科技","ORG_CODE":"10009048","STD_REPORT_DATE":"2020-06-30 00:00:00","REPORT_DATE":"2020-06-30 00:00:00","DATE_TYPE_CODE":"002","REPORT_TYPE":"2020年中报","PER_NETCASH_OPERATE":-0.300465088446,"PER_OI":0.235492833007,"BPS":4.536657576469,"BASIC_EPS":0.180039024,"DILUTED_EPS":null,"OPERATE_INCOME":100429074.24,"OPERATE_INCOME_YOY":-47.4372642479,"GROSS_PROFIT":21287719.2,"GROSS_PROFIT_YOY":-52.048941949732,"HOLDER_PROFIT":76783766.4,"HOLDER_PROFIT_YOY":-25.3509994938,"GROSS_PROFIT_RATIO":21.196769323122,"EPS_TTM":1.237590321842,"OPERATE_INCOME_QOQ":-26.081587577073,"NET_PROFIT_RATIO":77.7981918396,"ROE_AVG":4.467635947728,"GROSS_PROFIT_QOQ":-25.844975766139,"ROA":3.163724433053,"HOLDER_PROFIT_QOQ":-4.049039072493,"ROE_YEARLY":8.935271895455,"ROIC_YEARLY":7.052448284353,"TOTAL_ASSETS":2409959808.96,"TOTAL_LIABILITIES":673746949.92,"TAX_EBT":31.581599596861,"OCF_SALES":-127.589907772907,"TOTAL_PARENT_EQUITY":1735876713.12,"DEBT_ASSET_RATIO":27.9567712049,"OPERATE_PROFIT":116190481.44,"PRETAX_PROFIT":114197355.36,"NETCASH_OPERATE":-128137363.2,"NETCASH_INVEST":411267225.6,"NETCASH_FINANCE":-11778808.8,"END_CASH":385531967.04,"DIVI_RATIO":0.022019564568,"DIVIDEND_RATE":3.157894736842,"CURRENT_RATIO":8.438420396655,"COMMON_ACS":20000000000,"CURRENTDEBT_DEBT":22.40829292035,"ISSUED_COMMON_SHARES":382633400,"HK_COMMON_SHARES":382633400,"PER_SHARES":10000,"TOTAL_MARKET_CAP":363501730,"HKSK_MARKET_CAP":363501730,"PE_TTM":1.628358523868,"PB_TTM":0.246859252186,"REPORT_DATE_SQ":"2019-06-30 00:00:00","REPORT_TYPE_SQ":"2019年中报","OPERATE_INCOME_SQ":183999361.86,"DPS_HKD":0.03,"OPERATE_INCOME_QOQ_SQ":7.039865089469,"NET_PROFIT_RATIO_SQ":53.8984849716,"HOLDER_PROFIT_SQ":99055873.62,"HOLDER_PROFIT_QOQ_SQ":51.938473311001,"ROE_AVG_SQ":8.459688633695,"PE_TTM_SQ":5.385974055028,"PB_TTM_SQ":0.273779028693,"ROA_SQ":5.707721012181,"START_DATE":"2020-01-01 00:00:00","FISCAL_YEAR":"12-31","CURRENCY":"HKD","IS_CNY_CODE":0,"DPS_HKD_LY":0.03,"ORG_TYPE":"一般企业","PREMIUM_INCOME":null,"PREMIUM_INCOME_YOY":null,"NET_INTEREST_INCOME":null,"NET_INTEREST_INCOME_YOY":null,"FEE_COMMISSION_INCOME":null,"FEE_COMMISSION_INCOME_YOY":null,"ACCOUNTS_RECE_TDAYS":2.161206938916,"INVENTORY_TDAYS":2.452161607585,"CURRENT_ASSETS_TDAYS":0.081033761611,"TOTAL_ASSETS_TDAYS":0.041379829469,"PREMIUM_EXPENSE":null,"LOAN_DEPOSIT":null,"LOAN_EQUITY":null,"LOAN_ASSETS":null,"DEPOSIT_EQUITY":null,"DEPOSIT_ASSETS":null,"EQUITY_MULTIPLIER":1.388055500461,"EQUITY_RATIO":0.388130645931}],"count":47},"success":true,"message":"ok","code":0}