{"version":"039377c55b8a3e0dda4dd96855a347fd","result":{"pages":6,"data":[{"SECUCODE":"00677.HK","SECURITY_CODE":"00677","SECURITY_NAME_ABBR":"金源发展国际实业","ORG_CODE":"10009046","STD_REPORT_DATE":"2024-06-30 00:00:00","REPORT_DATE":"2024-09-30 00:00:00","DATE_TYPE_CODE":"002","REPORT_TYPE":"2024年中报","PER_NETCASH_OPERATE":0.100417924338,"PER_OI":0.551611910628,"BPS":0.694455880708,"BASIC_EPS":-0.00270537,"DILUTED_EPS":-0.00270537,"OPERATE_INCOME":936309619.41,"OPERATE_INCOME_YOY":1.0997239492,"GROSS_PROFIT":355172696.87,"GROSS_PROFIT_YOY":-3.075999552403,"HOLDER_PROFIT":-4183403.81,"HOLDER_PROFIT_YOY":-105.6341620414,"GROSS_PROFIT_RATIO":37.933253008103,"EPS_TTM":0.057065326895,"OPERATE_INCOME_QOQ":0,"NET_PROFIT_RATIO":-0.2336558863,"ROE_AVG":-0.353187941818,"GROSS_PROFIT_QOQ":0,"ROA":-0.221121513636,"HOLDER_PROFIT_QOQ":0,"ROE_YEARLY":-0.706375883636,"ROIC_YEARLY":-0.556192663988,"TOTAL_ASSETS":1906981946.77,"TOTAL_LIABILITIES":689310240.2,"TAX_EBT":163.275952008346,"OCF_SALES":18.204451789933,"TOTAL_PARENT_EQUITY":1178773896.71,"DEBT_ASSET_RATIO":36.1466578835,"OPERATE_PROFIT":4237511.21,"PRETAX_PROFIT":3457462.86,"NETCASH_OPERATE":170450033.27,"NETCASH_INVEST":20874634.92,"NETCASH_FINANCE":-91438800.63,"END_CASH":382336415.25,"DIVI_RATIO":0.364464573,"DIVIDEND_RATE":6.764705882353,"CURRENT_RATIO":1.812398111192,"COMMON_ACS":3000000000,"CURRENTDEBT_DEBT":55.853894659724,"ISSUED_COMMON_SHARES":1697406458,"HK_COMMON_SHARES":1697406458,"PER_SHARES":2000,"TOTAL_MARKET_CAP":577118195.72,"HKSK_MARKET_CAP":577118195.72,"PE_TTM":29.041777159823,"PB_TTM":0.441509113131,"REPORT_DATE_SQ":"2023-06-30 00:00:00","REPORT_TYPE_SQ":"2023年中报","OPERATE_INCOME_SQ":942392245.55,"DPS_HKD":0.023,"OPERATE_INCOME_QOQ_SQ":0,"NET_PROFIT_RATIO_SQ":8.0933996115,"HOLDER_PROFIT_SQ":75554901.31,"HOLDER_PROFIT_QOQ_SQ":0,"ROE_AVG_SQ":6.598306447768,"PE_TTM_SQ":5.481452320113,"PB_TTM_SQ":0.589718825077,"ROA_SQ":4.173328700638,"START_DATE":"2024-04-01 00:00:00","FISCAL_YEAR":"3-31","CURRENCY":"HKD","IS_CNY_CODE":0,"DPS_HKD_LY":0.023,"ORG_TYPE":"一般企业","PREMIUM_INCOME":null,"PREMIUM_INCOME_YOY":null,"NET_INTEREST_INCOME":null,"NET_INTEREST_INCOME_YOY":null,"FEE_COMMISSION_INCOME":null,"FEE_COMMISSION_INCOME_YOY":null,"ACCOUNTS_RECE_TDAYS":14.565488507158,"INVENTORY_TDAYS":3.308387944688,"CURRENT_ASSETS_TDAYS":1.36488866921,"TOTAL_ASSETS_TDAYS":0.494903694884,"PREMIUM_EXPENSE":null,"LOAN_DEPOSIT":null,"LOAN_EQUITY":null,"LOAN_ASSETS":null,"DEPOSIT_EQUITY":null,"DEPOSIT_ASSETS":null,"EQUITY_MULTIPLIER":1.566088738434,"EQUITY_RATIO":0.584768836605},{"SECUCODE":"00677.HK","SECURITY_CODE":"00677","SECURITY_NAME_ABBR":"金源发展国际实业","ORG_CODE":"10009046","STD_REPORT_DATE":"2023-12-31 00:00:00","REPORT_DATE":"2024-03-31 00:00:00","DATE_TYPE_CODE":"001","REPORT_TYPE":"2023年年报","PER_NETCASH_OPERATE":0.112853135616,"PER_OI":1.106769752669,"BPS":0.70486798251,"BASIC_EPS":0.05711265,"DILUTED_EPS":0.05711265,"OPERATE_INCOME":1878638125.7,"OPERATE_INCOME_YOY":0.607833675,"GROSS_PROFIT":729343951.85,"GROSS_PROFIT_YOY":5.741879638749,"HOLDER_PROFIT":96863054.4,"HOLDER_PROFIT_YOY":-16.9654722216,"GROSS_PROFIT_RATIO":38.823014495048,"EPS_TTM":0.071039103199,"OPERATE_INCOME_QOQ":0,"NET_PROFIT_RATIO":5.3436915804,"ROE_AVG":8.383470327373,"GROSS_PROFIT_QOQ":0,"ROA":5.376137953729,"HOLDER_PROFIT_QOQ":0,"ROE_YEARLY":8.383470327373,"ROIC_YEARLY":7.106469003144,"TOTAL_ASSETS":1886729991,"TOTAL_LIABILITIES":654119339.4,"TAX_EBT":25.163544454356,"OCF_SALES":10.196622679987,"TOTAL_PARENT_EQUITY":1196447465.55,"DEBT_ASSET_RATIO":34.6694727131,"OPERATE_PROFIT":134982575.35,"PRETAX_PROFIT":134144016.6,"NETCASH_OPERATE":191557641.2,"NETCASH_INVEST":1290927.2,"NETCASH_FINANCE":-175458219.75,"END_CASH":281639701.6,"DIVI_RATIO":0.292772417774,"DIVIDEND_RATE":5.897435897436,"CURRENT_RATIO":1.864303062644,"COMMON_ACS":3000000000,"CURRENTDEBT_DEBT":55.578561648012,"ISSUED_COMMON_SHARES":1697406458,"HK_COMMON_SHARES":1697406458,"PER_SHARES":2000,"TOTAL_MARKET_CAP":661988518.62,"HKSK_MARKET_CAP":661988518.62,"PE_TTM":33.31262674215,"PB_TTM":0.506436923885,"REPORT_DATE_SQ":"2022-12-31 00:00:00","REPORT_TYPE_SQ":"2022年年报","OPERATE_INCOME_SQ":1803146757.34,"DPS_HKD":0.023,"OPERATE_INCOME_QOQ_SQ":0,"NET_PROFIT_RATIO_SQ":6.0708116522,"HOLDER_PROFIT_SQ":112646883.39,"HOLDER_PROFIT_QOQ_SQ":0,"ROE_AVG_SQ":10.846849854087,"PE_TTM_SQ":5.855187705575,"PB_TTM_SQ":0.629926926787,"ROA_SQ":6.942120136081,"START_DATE":"2023-04-01 00:00:00","FISCAL_YEAR":"3-31","CURRENCY":"HKD","IS_CNY_CODE":0,"DPS_HKD_LY":0.0255,"ORG_TYPE":"一般企业","PREMIUM_INCOME":null,"PREMIUM_INCOME_YOY":null,"NET_INTEREST_INCOME":null,"NET_INTEREST_INCOME_YOY":null,"FEE_COMMISSION_INCOME":null,"FEE_COMMISSION_INCOME_YOY":null,"ACCOUNTS_RECE_TDAYS":30.019759238603,"INVENTORY_TDAYS":6.263856636066,"CURRENT_ASSETS_TDAYS":2.518218953107,"TOTAL_ASSETS_TDAYS":1.042690403628,"PREMIUM_EXPENSE":null,"LOAN_DEPOSIT":null,"LOAN_EQUITY":null,"LOAN_ASSETS":null,"DEPOSIT_EQUITY":null,"DEPOSIT_ASSETS":null,"EQUITY_MULTIPLIER":1.530677987043,"EQUITY_RATIO":0.54671797821},{"SECUCODE":"00677.HK","SECURITY_CODE":"00677","SECURITY_NAME_ABBR":"金源发展国际实业","ORG_CODE":"10009046","STD_REPORT_DATE":"2023-06-30 00:00:00","REPORT_DATE":"2023-09-30 00:00:00","DATE_TYPE_CODE":"002","REPORT_TYPE":"2023年中报","PER_NETCASH_OPERATE":0.074753529369,"PER_OI":0.555195393012,"BPS":0.684660524356,"BASIC_EPS":0.04496387,"DILUTED_EPS":0.04496387,"OPERATE_INCOME":942392245.55,"OPERATE_INCOME_YOY":-0.2934928661,"GROSS_PROFIT":366444528.94,"GROSS_PROFIT_YOY":1.233503541591,"HOLDER_PROFIT":75554901.31,"HOLDER_PROFIT_YOY":10.12920657,"GROSS_PROFIT_RATIO":38.884501721057,"EPS_TTM":0.06636411854,"OPERATE_INCOME_QOQ":0,"NET_PROFIT_RATIO":8.0933996115,"ROE_AVG":6.598306447768,"GROSS_PROFIT_QOQ":0,"ROA":4.173328700638,"HOLDER_PROFIT_QOQ":0,"ROE_YEARLY":13.196612895535,"ROIC_YEARLY":11.281332133546,"TOTAL_ASSETS":1883150192.07,"TOTAL_LIABILITIES":688715267.31,"TAX_EBT":26.835966726817,"OCF_SALES":13.464364133848,"TOTAL_PARENT_EQUITY":1162147195.58,"DEBT_ASSET_RATIO":36.5725086724,"OPERATE_PROFIT":105075976.04,"PRETAX_PROFIT":104247356.15,"NETCASH_OPERATE":126887123.51,"NETCASH_INVEST":38263335.74,"NETCASH_FINANCE":-90890333.87,"END_CASH":343163338.21,"DIVI_RATIO":0.313396613372,"DIVIDEND_RATE":5.897435897436,"CURRENT_RATIO":1.784962985777,"COMMON_ACS":3000000000,"CURRENTDEBT_DEBT":60.13201214597,"ISSUED_COMMON_SHARES":1697406458,"HK_COMMON_SHARES":1697406458,"PER_SHARES":2000,"TOTAL_MARKET_CAP":661988518.62,"HKSK_MARKET_CAP":661988518.62,"PE_TTM":33.31262674215,"PB_TTM":0.506436923885,"REPORT_DATE_SQ":"2022-06-30 00:00:00","REPORT_TYPE_SQ":"2022年中报","OPERATE_INCOME_SQ":931580435.52,"DPS_HKD":0.023,"OPERATE_INCOME_QOQ_SQ":0,"NET_PROFIT_RATIO_SQ":7.0267415399,"HOLDER_PROFIT_SQ":67619552.16,"HOLDER_PROFIT_QOQ_SQ":0,"ROE_AVG_SQ":6.406320290308,"PE_TTM_SQ":5.855187705575,"PB_TTM_SQ":0.629926926787,"ROA_SQ":3.986432139503,"START_DATE":"2023-04-01 00:00:00","FISCAL_YEAR":"3-31","CURRENCY":"HKD","IS_CNY_CODE":0,"DPS_HKD_LY":0.0255,"ORG_TYPE":"一般企业","PREMIUM_INCOME":null,"PREMIUM_INCOME_YOY":null,"NET_INTEREST_INCOME":null,"NET_INTEREST_INCOME_YOY":null,"FEE_COMMISSION_INCOME":null,"FEE_COMMISSION_INCOME_YOY":null,"ACCOUNTS_RECE_TDAYS":14.110328719129,"INVENTORY_TDAYS":3.23541889506,"CURRENT_ASSETS_TDAYS":1.205534269602,"TOTAL_ASSETS_TDAYS":0.520537058142,"PREMIUM_EXPENSE":null,"LOAN_DEPOSIT":null,"LOAN_EQUITY":null,"LOAN_ASSETS":null,"DEPOSIT_EQUITY":null,"DEPOSIT_ASSETS":null,"EQUITY_MULTIPLIER":1.576603423955,"EQUITY_RATIO":0.592623094501},{"SECUCODE":"00677.HK","SECURITY_CODE":"00677","SECURITY_NAME_ABBR":"金源发展国际实业","ORG_CODE":"10009046","STD_REPORT_DATE":"2022-12-31 00:00:00","REPORT_DATE":"2023-03-31 00:00:00","DATE_TYPE_CODE":"001","REPORT_TYPE":"2022年年报","PER_NETCASH_OPERATE":0.221375668903,"PER_OI":1.062295214468,"BPS":0.633958122569,"BASIC_EPS":0.06653116,"DILUTED_EPS":0.06653116,"OPERATE_INCOME":1803146757.34,"OPERATE_INCOME_YOY":16.093771224,"GROSS_PROFIT":689739916.05,"GROSS_PROFIT_YOY":33.324496600834,"HOLDER_PROFIT":112646883.39,"HOLDER_PROFIT_YOY":588.2334064288,"GROSS_PROFIT_RATIO":38.25201211395,"EPS_TTM":0.055637340841,"OPERATE_INCOME_QOQ":0,"NET_PROFIT_RATIO":6.0708116522,"ROE_AVG":10.846849854087,"GROSS_PROFIT_QOQ":0,"ROA":6.942120136081,"HOLDER_PROFIT_QOQ":0,"ROE_YEARLY":10.846849854087,"ROIC_YEARLY":9.767663227058,"TOTAL_ASSETS":1657744657.98,"TOTAL_LIABILITIES":549716335.73,"TAX_EBT":12.70489514395,"OCF_SALES":20.839373640021,"TOTAL_PARENT_EQUITY":1076084611.35,"DEBT_ASSET_RATIO":33.1604950789,"OPERATE_PROFIT":126799636.86,"PRETAX_PROFIT":125397230.04,"NETCASH_OPERATE":375764490.04,"NETCASH_INVEST":-316690947.83,"NETCASH_FINANCE":-149086700.05,"END_CASH":262938147.6,"DIVI_RATIO":0.373818908048,"DIVIDEND_RATE":5.822784810127,"CURRENT_RATIO":2.428656408093,"COMMON_ACS":3000000000,"CURRENTDEBT_DEBT":58.895649833666,"ISSUED_COMMON_SHARES":1697406458,"HK_COMMON_SHARES":1697406458,"PER_SHARES":2000,"TOTAL_MARKET_CAP":670475550.91,"HKSK_MARKET_CAP":670475550.91,"PE_TTM":33.739711700382,"PB_TTM":0.512929704961,"REPORT_DATE_SQ":"2021-12-31 00:00:00","REPORT_TYPE_SQ":"2021年年报","OPERATE_INCOME_SQ":1438920705.33,"DPS_HKD":0.023,"OPERATE_INCOME_QOQ_SQ":0,"NET_PROFIT_RATIO_SQ":0.6822102847,"HOLDER_PROFIT_SQ":15163453.97,"HOLDER_PROFIT_QOQ_SQ":0,"ROE_AVG_SQ":1.61587371001,"PE_TTM_SQ":5.730609243754,"PB_TTM_SQ":0.616524226217,"ROA_SQ":1.069203735722,"START_DATE":"2022-04-01 00:00:00","FISCAL_YEAR":"3-31","CURRENCY":"HKD","IS_CNY_CODE":0,"DPS_HKD_LY":0.024,"ORG_TYPE":"一般企业","PREMIUM_INCOME":null,"PREMIUM_INCOME_YOY":null,"NET_INTEREST_INCOME":null,"NET_INTEREST_INCOME_YOY":null,"FEE_COMMISSION_INCOME":null,"FEE_COMMISSION_INCOME_YOY":null,"ACCOUNTS_RECE_TDAYS":26.875614879764,"INVENTORY_TDAYS":6.653269827818,"CURRENT_ASSETS_TDAYS":2.175653665534,"TOTAL_ASSETS_TDAYS":1.111230158859,"PREMIUM_EXPENSE":null,"LOAN_DEPOSIT":null,"LOAN_EQUITY":null,"LOAN_ASSETS":null,"DEPOSIT_EQUITY":null,"DEPOSIT_ASSETS":null,"EQUITY_MULTIPLIER":1.496121195363,"EQUITY_RATIO":0.510848617229},{"SECUCODE":"00677.HK","SECURITY_CODE":"00677","SECURITY_NAME_ABBR":"金源发展国际实业","ORG_CODE":"10009046","STD_REPORT_DATE":"2022-06-30 00:00:00","REPORT_DATE":"2022-09-30 00:00:00","DATE_TYPE_CODE":"002","REPORT_TYPE":"2022年中报","PER_NETCASH_OPERATE":0.101065217321,"PER_OI":0.548825787206,"BPS":0.634423295755,"BASIC_EPS":0.03979536,"DILUTED_EPS":0.03979536,"OPERATE_INCOME":931580435.52,"OPERATE_INCOME_YOY":20.676957324,"GROSS_PROFIT":361979499,"GROSS_PROFIT_YOY":47.619975158055,"HOLDER_PROFIT":67619552.16,"HOLDER_PROFIT_YOY":634.3339050886,"GROSS_PROFIT_RATIO":38.856494318491,"EPS_TTM":0.008933307576,"OPERATE_INCOME_QOQ":0,"NET_PROFIT_RATIO":7.0267415399,"ROE_AVG":6.406320290308,"GROSS_PROFIT_QOQ":0,"ROA":3.986432139503,"HOLDER_PROFIT_QOQ":0,"ROE_YEARLY":12.812640580617,"ROIC_YEARLY":11.392474984105,"TOTAL_ASSETS":1752266578.2,"TOTAL_LIABILITIES":642762897,"TAX_EBT":12.534441920046,"OCF_SALES":18.414808428672,"TOTAL_PARENT_EQUITY":1076874199.32,"DEBT_ASSET_RATIO":36.6817985914,"OPERATE_PROFIT":75408589.44,"PRETAX_PROFIT":74840601.12,"NETCASH_OPERATE":171548752.56,"NETCASH_INVEST":45547598.4,"NETCASH_FINANCE":-43862626.68,"END_CASH":537038383.2,"DIVI_RATIO":2.328173503952,"DIVIDEND_RATE":5.822784810127,"CURRENT_RATIO":2.407817745487,"COMMON_ACS":3000000000,"CURRENTDEBT_DEBT":64.087100291976,"ISSUED_COMMON_SHARES":1697406458,"HK_COMMON_SHARES":1697406458,"PER_SHARES":2000,"TOTAL_MARKET_CAP":670475550.91,"HKSK_MARKET_CAP":670475550.91,"PE_TTM":33.739711700382,"PB_TTM":0.512929704961,"REPORT_DATE_SQ":"2021-06-30 00:00:00","REPORT_TYPE_SQ":"2021年中报","OPERATE_INCOME_SQ":711037536.5,"DPS_HKD":0.023,"OPERATE_INCOME_QOQ_SQ":0,"NET_PROFIT_RATIO_SQ":-2.1856418968,"HOLDER_PROFIT_SQ":-11656175.52,"HOLDER_PROFIT_QOQ_SQ":0,"ROE_AVG_SQ":-1.21419072392,"PE_TTM_SQ":5.730609243754,"PB_TTM_SQ":0.616524226217,"ROA_SQ":-0.783728119383,"START_DATE":"2022-04-01 00:00:00","FISCAL_YEAR":"3-31","CURRENCY":"HKD","IS_CNY_CODE":0,"DPS_HKD_LY":0.024,"ORG_TYPE":"一般企业","PREMIUM_INCOME":null,"PREMIUM_INCOME_YOY":null,"NET_INTEREST_INCOME":null,"NET_INTEREST_INCOME_YOY":null,"FEE_COMMISSION_INCOME":null,"FEE_COMMISSION_INCOME_YOY":null,"ACCOUNTS_RECE_TDAYS":12.9274561976,"INVENTORY_TDAYS":3.123915863304,"CURRENT_ASSETS_TDAYS":0.984752704703,"TOTAL_ASSETS_TDAYS":0.549202422977,"PREMIUM_EXPENSE":null,"LOAN_DEPOSIT":null,"LOAN_EQUITY":null,"LOAN_ASSETS":null,"DEPOSIT_EQUITY":null,"DEPOSIT_ASSETS":null,"EQUITY_MULTIPLIER":1.579324708778,"EQUITY_RATIO":0.596878351627},{"SECUCODE":"00677.HK","SECURITY_CODE":"00677","SECURITY_NAME_ABBR":"金源发展国际实业","ORG_CODE":"10009046","STD_REPORT_DATE":"2021-12-31 00:00:00","REPORT_DATE":"2022-03-31 00:00:00","DATE_TYPE_CODE":"001","REPORT_TYPE":"2021年年报","PER_NETCASH_OPERATE":0.076830649734,"PER_OI":0.847717232692,"BPS":0.546317363646,"BASIC_EPS":0.00892111,"DILUTED_EPS":0.00892111,"OPERATE_INCOME":1438920705.33,"OPERATE_INCOME_YOY":9.9031814465,"GROSS_PROFIT":517339223.95,"GROSS_PROFIT_YOY":2.060258320853,"HOLDER_PROFIT":15163453.97,"HOLDER_PROFIT_YOY":-53.5039291754,"GROSS_PROFIT_RATIO":35.953282347922,"EPS_TTM":-0.002667524999,"OPERATE_INCOME_QOQ":0,"NET_PROFIT_RATIO":0.6822102847,"ROE_AVG":1.61587371001,"GROSS_PROFIT_QOQ":0,"ROA":1.069203735722,"HOLDER_PROFIT_QOQ":0,"ROE_YEARLY":1.61587371001,"ROIC_YEARLY":1.477861909981,"TOTAL_ASSETS":1470781233.18,"TOTAL_LIABILITIES":510624872.16,"TAX_EBT":64.633006077606,"OCF_SALES":9.063240284675,"TOTAL_PARENT_EQUITY":927322621.17,"DEBT_ASSET_RATIO":34.717934975,"OPERATE_PROFIT":28585669.47,"PRETAX_PROFIT":27756006.24,"NETCASH_OPERATE":130412841.03,"NETCASH_INVEST":-7543204.01,"NETCASH_FINANCE":-132020262.85,"END_CASH":331313805.2,"DIVI_RATIO":-7.796849142415,"DIVIDEND_RATE":5.822784810127,"CURRENT_RATIO":2.687991033449,"COMMON_ACS":3000000000,"CURRENTDEBT_DEBT":58.808067139336,"ISSUED_COMMON_SHARES":1697406458,"HK_COMMON_SHARES":1697406458,"PER_SHARES":2000,"TOTAL_MARKET_CAP":670475550.91,"HKSK_MARKET_CAP":670475550.91,"PE_TTM":33.739711700382,"PB_TTM":0.512929704961,"REPORT_DATE_SQ":"2020-12-31 00:00:00","REPORT_TYPE_SQ":"2020年年报","OPERATE_INCOME_SQ":1364424784.8,"DPS_HKD":0.023,"OPERATE_INCOME_QOQ_SQ":0,"NET_PROFIT_RATIO_SQ":2.4935578186,"HOLDER_PROFIT_SQ":33986378.16,"HOLDER_PROFIT_QOQ_SQ":0,"ROE_AVG_SQ":3.444182353576,"PE_TTM_SQ":5.730609243754,"PB_TTM_SQ":0.616524226217,"ROA_SQ":2.388378837082,"START_DATE":"2021-04-01 00:00:00","FISCAL_YEAR":"3-31","CURRENCY":"HKD","IS_CNY_CODE":0,"DPS_HKD_LY":0.024,"ORG_TYPE":"一般企业","PREMIUM_INCOME":null,"PREMIUM_INCOME_YOY":null,"NET_INTEREST_INCOME":null,"NET_INTEREST_INCOME_YOY":null,"FEE_COMMISSION_INCOME":null,"FEE_COMMISSION_INCOME_YOY":null,"ACCOUNTS_RECE_TDAYS":26.073640278043,"INVENTORY_TDAYS":6.333978991491,"CURRENT_ASSETS_TDAYS":1.867555691692,"TOTAL_ASSETS_TDAYS":1.014610125497,"PREMIUM_EXPENSE":null,"LOAN_DEPOSIT":null,"LOAN_EQUITY":null,"LOAN_ASSETS":null,"DEPOSIT_EQUITY":null,"DEPOSIT_ASSETS":null,"EQUITY_MULTIPLIER":1.531814288683,"EQUITY_RATIO":0.550644253146},{"SECUCODE":"00677.HK","SECURITY_CODE":"00677","SECURITY_NAME_ABBR":"金源发展国际实业","ORG_CODE":"10009046","STD_REPORT_DATE":"2021-06-30 00:00:00","REPORT_DATE":"2021-09-30 00:00:00","DATE_TYPE_CODE":"002","REPORT_TYPE":"2021年中报","PER_NETCASH_OPERATE":0.064645583044,"PER_OI":0.418896448254,"BPS":0.556547138906,"BASIC_EPS":-0.00666448,"DILUTED_EPS":-0.00666448,"OPERATE_INCOME":711037536.5,"OPERATE_INCOME_YOY":10.5569393658,"GROSS_PROFIT":245210377.94,"GROSS_PROFIT_YOY":-0.812168396429,"HOLDER_PROFIT":-11656175.52,"HOLDER_PROFIT_YOY":-145.7778504826,"GROSS_PROFIT_RATIO":34.486277496266,"EPS_TTM":0.02002253379,"OPERATE_INCOME_QOQ":0,"NET_PROFIT_RATIO":-2.1856418968,"ROE_AVG":-1.21419072392,"GROSS_PROFIT_QOQ":0,"ROA":-0.783728119383,"HOLDER_PROFIT_QOQ":0,"ROE_YEARLY":-2.428381447839,"ROIC_YEARLY":-2.216041913474,"TOTAL_ASSETS":1571796781.5,"TOTAL_LIABILITIES":588744328.5,"TAX_EBT":-118.034128097242,"OCF_SALES":15.4323540611,"TOTAL_PARENT_EQUITY":944686707.76,"DEBT_ASSET_RATIO":37.4567714751,"OPERATE_PROFIT":-6651151.04,"PRETAX_PROFIT":-7127661.36,"NETCASH_OPERATE":109729830.14,"NETCASH_INVEST":12585870.48,"NETCASH_FINANCE":-70630159.04,"END_CASH":400911791.12,"DIVI_RATIO":1.038744157885,"DIVIDEND_RATE":5.822784810127,"CURRENT_RATIO":2.322913781778,"COMMON_ACS":3000000000,"CURRENTDEBT_DEBT":61.82079309491,"ISSUED_COMMON_SHARES":1697406458,"HK_COMMON_SHARES":1697406458,"PER_SHARES":2000,"TOTAL_MARKET_CAP":670475550.91,"HKSK_MARKET_CAP":670475550.91,"PE_TTM":33.739711700382,"PB_TTM":0.512929704961,"REPORT_DATE_SQ":"2020-06-30 00:00:00","REPORT_TYPE_SQ":"2020年中报","OPERATE_INCOME_SQ":678392050.56,"DPS_HKD":0.023,"OPERATE_INCOME_QOQ_SQ":0,"NET_PROFIT_RATIO_SQ":3.9603742376,"HOLDER_PROFIT_SQ":26858076.8,"HOLDER_PROFIT_QOQ_SQ":0,"ROE_AVG_SQ":2.610263678051,"PE_TTM_SQ":5.730609243754,"PB_TTM_SQ":0.616524226217,"ROA_SQ":1.827532693343,"START_DATE":"2021-04-01 00:00:00","FISCAL_YEAR":"3-31","CURRENCY":"HKD","IS_CNY_CODE":0,"DPS_HKD_LY":0.024,"ORG_TYPE":"一般企业","PREMIUM_INCOME":null,"PREMIUM_INCOME_YOY":null,"NET_INTEREST_INCOME":null,"NET_INTEREST_INCOME_YOY":null,"FEE_COMMISSION_INCOME":null,"FEE_COMMISSION_INCOME_YOY":null,"ACCOUNTS_RECE_TDAYS":13.186028008868,"INVENTORY_TDAYS":3.25249822594,"CURRENT_ASSETS_TDAYS":0.889237674235,"TOTAL_ASSETS_TDAYS":0.47808143446,"PREMIUM_EXPENSE":null,"LOAN_DEPOSIT":null,"LOAN_EQUITY":null,"LOAN_ASSETS":null,"DEPOSIT_EQUITY":null,"DEPOSIT_ASSETS":null,"EQUITY_MULTIPLIER":1.598894114655,"EQUITY_RATIO":0.623216484009},{"SECUCODE":"00677.HK","SECURITY_CODE":"00677","SECURITY_NAME_ABBR":"金源发展国际实业","ORG_CODE":"10009046","STD_REPORT_DATE":"2020-12-31 00:00:00","REPORT_DATE":"2021-03-31 00:00:00","DATE_TYPE_CODE":"001","REPORT_TYPE":"2020年年报","PER_NETCASH_OPERATE":0.152393231474,"PER_OI":0.803829146737,"BPS":0.582944429813,"BASIC_EPS":0.02028432,"DILUTED_EPS":0.02028432,"OPERATE_INCOME":1364424784.8,"OPERATE_INCOME_YOY":-7.0304761466,"GROSS_PROFIT":506895859.82,"GROSS_PROFIT_YOY":-7.167784238197,"HOLDER_PROFIT":33986378.16,"HOLDER_PROFIT_YOY":277.5207487198,"GROSS_PROFIT_RATIO":37.150883322183,"EPS_TTM":-0.009532212632,"OPERATE_INCOME_QOQ":0,"NET_PROFIT_RATIO":2.4935578186,"ROE_AVG":3.444182353576,"GROSS_PROFIT_QOQ":0,"ROA":2.388378837082,"HOLDER_PROFIT_QOQ":0,"ROE_YEARLY":3.444182353576,"ROIC_YEARLY":3.083994206582,"TOTAL_ASSETS":1423157188.18,"TOTAL_LIABILITIES":426444020.8,"TAX_EBT":36.931079323797,"OCF_SALES":18.958410763399,"TOTAL_PARENT_EQUITY":989493639.82,"DEBT_ASSET_RATIO":29.9646465156,"OPERATE_PROFIT":54867395.24,"PRETAX_PROFIT":53945303.86,"NETCASH_OPERATE":258673255.26,"NETCASH_INVEST":5961054.54,"NETCASH_FINANCE":-137774482.16,"END_CASH":351846743.64,"DIVI_RATIO":-2.181895306336,"DIVIDEND_RATE":5.822784810127,"CURRENT_RATIO":2.89709870673,"COMMON_ACS":3000000000,"CURRENTDEBT_DEBT":61.897296654511,"ISSUED_COMMON_SHARES":1697406458,"HK_COMMON_SHARES":1697406458,"PER_SHARES":2000,"TOTAL_MARKET_CAP":670475550.91,"HKSK_MARKET_CAP":670475550.91,"PE_TTM":33.739711700382,"PB_TTM":0.512929704961,"REPORT_DATE_SQ":"2019-12-31 00:00:00","REPORT_TYPE_SQ":"2019年年报","OPERATE_INCOME_SQ":1586585228,"DPS_HKD":0.023,"OPERATE_INCOME_QOQ_SQ":0,"NET_PROFIT_RATIO_SQ":-1.2984612195,"HOLDER_PROFIT_SQ":-20697132.4,"HOLDER_PROFIT_QOQ_SQ":0,"ROE_AVG_SQ":-1.876555114694,"PE_TTM_SQ":5.730609243754,"PB_TTM_SQ":0.616524226217,"ROA_SQ":-1.465650356465,"START_DATE":"2020-04-01 00:00:00","FISCAL_YEAR":"3-31","CURRENCY":"HKD","IS_CNY_CODE":0,"DPS_HKD_LY":0.023,"ORG_TYPE":"一般企业","PREMIUM_INCOME":null,"PREMIUM_INCOME_YOY":null,"NET_INTEREST_INCOME":null,"NET_INTEREST_INCOME_YOY":null,"FEE_COMMISSION_INCOME":null,"FEE_COMMISSION_INCOME_YOY":null,"ACCOUNTS_RECE_TDAYS":26.775691634048,"INVENTORY_TDAYS":5.9530671517,"CURRENT_ASSETS_TDAYS":1.931497384266,"TOTAL_ASSETS_TDAYS":0.958843941965,"PREMIUM_EXPENSE":null,"LOAN_DEPOSIT":null,"LOAN_EQUITY":null,"LOAN_ASSETS":null,"DEPOSIT_EQUITY":null,"DEPOSIT_ASSETS":null,"EQUITY_MULTIPLIER":1.427850293099,"EQUITY_RATIO":0.430971967518},{"SECUCODE":"00677.HK","SECURITY_CODE":"00677","SECURITY_NAME_ABBR":"金源发展国际实业","ORG_CODE":"10009046","STD_REPORT_DATE":"2020-06-30 00:00:00","REPORT_DATE":"2020-09-30 00:00:00","DATE_TYPE_CODE":"002","REPORT_TYPE":"2020年中报","PER_NETCASH_OPERATE":0.09744571178,"PER_OI":0.399663879775,"BPS":0.609619387226,"BASIC_EPS":0.01581696,"DILUTED_EPS":0.01581696,"OPERATE_INCOME":678392050.56,"OPERATE_INCOME_YOY":-7.5444809172,"GROSS_PROFIT":247218206.08,"GROSS_PROFIT_YOY":-2.913639649895,"HOLDER_PROFIT":26858076.8,"HOLDER_PROFIT_YOY":23.4052002584,"GROSS_PROFIT_RATIO":36.441789946673,"EPS_TTM":-0.012193386152,"OPERATE_INCOME_QOQ":0,"NET_PROFIT_RATIO":3.9603742376,"ROE_AVG":2.610263678051,"GROSS_PROFIT_QOQ":0,"ROA":1.827532693343,"HOLDER_PROFIT_QOQ":0,"ROE_YEARLY":5.220527356101,"ROIC_YEARLY":4.679633070224,"TOTAL_ASSETS":1459987128.96,"TOTAL_LIABILITIES":418218875.52,"TAX_EBT":26.669864492145,"OCF_SALES":24.381916082811,"TOTAL_PARENT_EQUITY":1034771884.8,"DEBT_ASSET_RATIO":28.6453809917,"OPERATE_PROFIT":37741902.72,"PRETAX_PROFIT":36638230.4,"NETCASH_OPERATE":165404980.48,"NETCASH_INVEST":26261425.92,"NETCASH_FINANCE":-80666496,"END_CASH":342793065.6,"DIVI_RATIO":-1.70570256203,"DIVIDEND_RATE":5.822784810127,"CURRENT_RATIO":2.905424644411,"COMMON_ACS":3000000000,"CURRENTDEBT_DEBT":63.164972128898,"ISSUED_COMMON_SHARES":1697406458,"HK_COMMON_SHARES":1697406458,"PER_SHARES":2000,"TOTAL_MARKET_CAP":670475550.91,"HKSK_MARKET_CAP":670475550.91,"PE_TTM":33.739711700382,"PB_TTM":0.512929704961,"REPORT_DATE_SQ":"2019-06-30 00:00:00","REPORT_TYPE_SQ":"2019年中报","OPERATE_INCOME_SQ":753197292.21,"DPS_HKD":0.023,"OPERATE_INCOME_QOQ_SQ":0,"NET_PROFIT_RATIO_SQ":2.9733383951,"HOLDER_PROFIT_SQ":22340983.68,"HOLDER_PROFIT_QOQ_SQ":0,"ROE_AVG_SQ":1.992521608176,"PE_TTM_SQ":5.730609243754,"PB_TTM_SQ":0.616524226217,"ROA_SQ":1.55648723304,"START_DATE":"2020-04-01 00:00:00","FISCAL_YEAR":"3-31","CURRENCY":"HKD","IS_CNY_CODE":0,"DPS_HKD_LY":0.023,"ORG_TYPE":"一般企业","PREMIUM_INCOME":null,"PREMIUM_INCOME_YOY":null,"NET_INTEREST_INCOME":null,"NET_INTEREST_INCOME_YOY":null,"FEE_COMMISSION_INCOME":null,"FEE_COMMISSION_INCOME_YOY":null,"ACCOUNTS_RECE_TDAYS":12.133861423486,"INVENTORY_TDAYS":3.046042870711,"CURRENT_ASSETS_TDAYS":0.941332470065,"TOTAL_ASSETS_TDAYS":0.461605520207,"PREMIUM_EXPENSE":null,"LOAN_DEPOSIT":null,"LOAN_EQUITY":null,"LOAN_ASSETS":null,"DEPOSIT_EQUITY":null,"DEPOSIT_ASSETS":null,"EQUITY_MULTIPLIER":1.401450969675,"EQUITY_RATIO":0.40416528673}],"count":48},"success":true,"message":"ok","code":0}