{"version":"7625bf1d9b15caa309a97086719d86fc","result":{"pages":5,"data":[{"SECUCODE":"00672.HK","SECURITY_CODE":"00672","SECURITY_NAME_ABBR":"众安集团","ORG_CODE":"10128329","STD_REPORT_DATE":"2024-06-30 00:00:00","REPORT_DATE":"2024-06-30 00:00:00","DATE_TYPE_CODE":"002","REPORT_TYPE":"2024年中报","PER_NETCASH_OPERATE":0.060625537789,"PER_OI":1.647135607735,"BPS":1.827794472411,"BASIC_EPS":0.0111,"DILUTED_EPS":0.0111,"OPERATE_INCOME":9282943000,"OPERATE_INCOME_YOY":127.6314050385,"GROSS_PROFIT":1830042000,"GROSS_PROFIT_YOY":161.735192993095,"HOLDER_PROFIT":62509000,"HOLDER_PROFIT_YOY":-68.2002940413,"GROSS_PROFIT_RATIO":19.714028191275,"EPS_TTM":0.061283118532,"OPERATE_INCOME_QOQ":35.919949383833,"NET_PROFIT_RATIO":1.270082128,"ROE_AVG":0.609231966077,"GROSS_PROFIT_QOQ":74.134585379796,"ROA":0.13743729282,"HOLDER_PROFIT_QOQ":-27.962089262101,"ROE_YEARLY":1.218463932155,"ROIC_YEARLY":0.29745473816,"TOTAL_ASSETS":42393898000,"TOTAL_LIABILITIES":29298442000,"TAX_EBT":86.175905710862,"OCF_SALES":3.68066463405,"TOTAL_PARENT_EQUITY":10301102000,"DEBT_ASSET_RATIO":69.1100450353,"OPERATE_PROFIT":912411000,"PRETAX_PROFIT":852866000,"NETCASH_OPERATE":341674000,"NETCASH_INVEST":28011000,"NETCASH_FINANCE":-595079000,"END_CASH":587932000,"DIVI_RATIO":null,"DIVIDEND_RATE":null,"CURRENT_RATIO":1.234545001316,"COMMON_ACS":10000000000,"CURRENTDEBT_DEBT":83.248863540252,"ISSUED_COMMON_SHARES":5635809800,"HK_COMMON_SHARES":5635809800,"PER_SHARES":1000,"TOTAL_MARKET_CAP":676297176,"HKSK_MARKET_CAP":676297176,"PE_TTM":1.759627107588,"PB_TTM":0.059920084918,"REPORT_DATE_SQ":"2023-06-30 00:00:00","REPORT_TYPE_SQ":"2023年中报","OPERATE_INCOME_SQ":4078059000,"DPS_HKD":null,"OPERATE_INCOME_QOQ_SQ":-10.805125215407,"NET_PROFIT_RATIO_SQ":3.8269186395,"HOLDER_PROFIT_SQ":196571000,"HOLDER_PROFIT_QOQ_SQ":31.548619962085,"ROE_AVG_SQ":2.047676440226,"PE_TTM_SQ":2.329544163281,"PB_TTM_SQ":0.057718354169,"ROA_SQ":0.334731289554,"START_DATE":"2024-01-01 00:00:00","FISCAL_YEAR":"12-31","CURRENCY":"HKD","IS_CNY_CODE":0,"DPS_HKD_LY":null,"ORG_TYPE":"一般企业","PREMIUM_INCOME":null,"PREMIUM_INCOME_YOY":null,"NET_INTEREST_INCOME":null,"NET_INTEREST_INCOME_YOY":null,"FEE_COMMISSION_INCOME":null,"FEE_COMMISSION_INCOME_YOY":null,"ACCOUNTS_RECE_TDAYS":35.360628823489,"INVENTORY_TDAYS":0.306570058863,"CURRENT_ASSETS_TDAYS":0.283076967646,"TOTAL_ASSETS_TDAYS":0.204102218132,"PREMIUM_EXPENSE":null,"LOAN_DEPOSIT":null,"LOAN_EQUITY":null,"LOAN_ASSETS":null,"DEPOSIT_EQUITY":null,"DEPOSIT_ASSETS":null,"EQUITY_MULTIPLIER":3.237298342269,"EQUITY_RATIO":2.844204629757},{"SECUCODE":"00672.HK","SECURITY_CODE":"00672","SECURITY_NAME_ABBR":"众安集团","ORG_CODE":"10128329","STD_REPORT_DATE":"2023-12-31 00:00:00","REPORT_DATE":"2023-12-31 00:00:00","DATE_TYPE_CODE":"001","REPORT_TYPE":"2023年年报","PER_NETCASH_OPERATE":0.493528010828,"PER_OI":2.571100252532,"BPS":1.813313323668,"BASIC_EPS":0.085,"DILUTED_EPS":0.085,"OPERATE_INCOME":14490232000,"OPERATE_INCOME_YOY":56.6427065178,"GROSS_PROFIT":1525396000,"GROSS_PROFIT_YOY":-38.266295794011,"HOLDER_PROFIT":479442000,"HOLDER_PROFIT_YOY":156.7513147043,"GROSS_PROFIT_RATIO":10.527064024924,"EPS_TTM":0.085070649474,"OPERATE_INCOME_QOQ":75.618505991598,"NET_PROFIT_RATIO":1.9814313532,"ROE_AVG":4.868372526019,"GROSS_PROFIT_QOQ":5.635452165103,"ROA":0.890604720386,"HOLDER_PROFIT_QOQ":95.175984953958,"ROE_YEARLY":4.868372526019,"ROIC_YEARLY":0.975608763471,"TOTAL_ASSETS":48569768000,"TOTAL_LIABILITIES":35614568000,"TAX_EBT":36.367565219511,"OCF_SALES":19.195206812424,"TOTAL_PARENT_EQUITY":10219489000,"DEBT_ASSET_RATIO":73.3266174959,"OPERATE_PROFIT":230853000,"PRETAX_PROFIT":451207000,"NETCASH_OPERATE":2781430000,"NETCASH_INVEST":-25900000,"NETCASH_FINANCE":-4969267000,"END_CASH":787166000,"DIVI_RATIO":null,"DIVIDEND_RATE":null,"CURRENT_RATIO":1.234638600206,"COMMON_ACS":10000000000,"CURRENTDEBT_DEBT":80.677230171653,"ISSUED_COMMON_SHARES":5635809800,"HK_COMMON_SHARES":5635809800,"PER_SHARES":1000,"TOTAL_MARKET_CAP":704476225,"HKSK_MARKET_CAP":704476225,"PE_TTM":1.832944903737,"PB_TTM":0.062416755123,"REPORT_DATE_SQ":"2022-12-31 00:00:00","REPORT_TYPE_SQ":"2022年年报","OPERATE_INCOME_SQ":9250499000,"DPS_HKD":null,"OPERATE_INCOME_QOQ_SQ":14.712590397946,"NET_PROFIT_RATIO_SQ":0.2315334557,"HOLDER_PROFIT_SQ":186734000,"HOLDER_PROFIT_QOQ_SQ":-5.861535281633,"ROE_AVG_SQ":1.994869940695,"PE_TTM_SQ":2.26483460319,"PB_TTM_SQ":0.056115066554,"ROA_SQ":0.321022102301,"START_DATE":"2023-01-01 00:00:00","FISCAL_YEAR":"12-31","CURRENCY":"HKD","IS_CNY_CODE":0,"DPS_HKD_LY":null,"ORG_TYPE":"一般企业","PREMIUM_INCOME":null,"PREMIUM_INCOME_YOY":null,"NET_INTEREST_INCOME":null,"NET_INTEREST_INCOME_YOY":null,"FEE_COMMISSION_INCOME":null,"FEE_COMMISSION_INCOME_YOY":null,"ACCOUNTS_RECE_TDAYS":73.969003961286,"INVENTORY_TDAYS":0.428368022578,"CURRENT_ASSETS_TDAYS":0.357276856714,"TOTAL_ASSETS_TDAYS":0.269168512952,"PREMIUM_EXPENSE":null,"LOAN_DEPOSIT":null,"LOAN_EQUITY":null,"LOAN_ASSETS":null,"DEPOSIT_EQUITY":null,"DEPOSIT_ASSETS":null,"EQUITY_MULTIPLIER":3.749055823146,"EQUITY_RATIO":3.484965637714},{"SECUCODE":"00672.HK","SECURITY_CODE":"00672","SECURITY_NAME_ABBR":"众安集团","ORG_CODE":"10128329","STD_REPORT_DATE":"2023-06-30 00:00:00","REPORT_DATE":"2023-06-30 00:00:00","DATE_TYPE_CODE":"002","REPORT_TYPE":"2023年中报","PER_NETCASH_OPERATE":0.021002660523,"PER_OI":0.723597698418,"BPS":1.725167694623,"BASIC_EPS":0.0349,"DILUTED_EPS":0.0349,"OPERATE_INCOME":4078059000,"OPERATE_INCOME_YOY":-19.6850984533,"GROSS_PROFIT":699196000,"GROSS_PROFIT_YOY":-59.492870078663,"HOLDER_PROFIT":196571000,"HOLDER_PROFIT_YOY":42.7956036293,"GROSS_PROFIT_RATIO":17.145313493503,"EPS_TTM":0.043586637718,"OPERATE_INCOME_QOQ":-10.805125215407,"NET_PROFIT_RATIO":3.8269186395,"ROE_AVG":2.047676440226,"GROSS_PROFIT_QOQ":-41.559672495648,"ROA":0.334731289554,"HOLDER_PROFIT_QOQ":31.548619962085,"ROE_YEARLY":4.095352880452,"ROIC_YEARLY":0.735425887503,"TOTAL_ASSETS":58353178000,"TOTAL_LIABILITIES":45798951000,"TAX_EBT":45.740083373027,"OCF_SALES":2.902532798079,"TOTAL_PARENT_EQUITY":9722717000,"DEBT_ASSET_RATIO":78.4857870123,"OPERATE_PROFIT":221768000,"PRETAX_PROFIT":287623000,"NETCASH_OPERATE":118367000,"NETCASH_INVEST":-6686000,"NETCASH_FINANCE":-1299905000,"END_CASH":1845023000,"DIVI_RATIO":null,"DIVIDEND_RATE":null,"CURRENT_RATIO":1.244242618235,"COMMON_ACS":10000000000,"CURRENTDEBT_DEBT":79.053638149922,"ISSUED_COMMON_SHARES":5635809800,"HK_COMMON_SHARES":5635809800,"PER_SHARES":1000,"TOTAL_MARKET_CAP":704476225,"HKSK_MARKET_CAP":704476225,"PE_TTM":1.832944903737,"PB_TTM":0.062416755123,"REPORT_DATE_SQ":"2022-06-30 00:00:00","REPORT_TYPE_SQ":"2022年中报","OPERATE_INCOME_SQ":5077587000,"DPS_HKD":null,"OPERATE_INCOME_QOQ_SQ":62.297889057903,"NET_PROFIT_RATIO_SQ":1.3831569996,"HOLDER_PROFIT_SQ":137659000,"HOLDER_PROFIT_QOQ_SQ":171.236941420992,"ROE_AVG_SQ":1.475339013741,"PE_TTM_SQ":2.26483460319,"PB_TTM_SQ":0.056115066554,"ROA_SQ":0.234792802247,"START_DATE":"2023-01-01 00:00:00","FISCAL_YEAR":"12-31","CURRENCY":"HKD","IS_CNY_CODE":0,"DPS_HKD_LY":null,"ORG_TYPE":"一般企业","PREMIUM_INCOME":null,"PREMIUM_INCOME_YOY":null,"NET_INTEREST_INCOME":null,"NET_INTEREST_INCOME_YOY":null,"FEE_COMMISSION_INCOME":null,"FEE_COMMISSION_INCOME_YOY":null,"ACCOUNTS_RECE_TDAYS":24.28001393193,"INVENTORY_TDAYS":0.10107470187,"CURRENT_ASSETS_TDAYS":0.089935125911,"TOTAL_ASSETS_TDAYS":0.069443302824,"PREMIUM_EXPENSE":null,"LOAN_DEPOSIT":null,"LOAN_EQUITY":null,"LOAN_ASSETS":null,"DEPOSIT_EQUITY":null,"DEPOSIT_ASSETS":null,"EQUITY_MULTIPLIER":4.648090081528,"EQUITY_RATIO":4.710509521155},{"SECUCODE":"00672.HK","SECURITY_CODE":"00672","SECURITY_NAME_ABBR":"众安集团","ORG_CODE":"10128329","STD_REPORT_DATE":"2022-12-31 00:00:00","REPORT_DATE":"2022-12-31 00:00:00","DATE_TYPE_CODE":"001","REPORT_TYPE":"2022年年报","PER_NETCASH_OPERATE":0.09693318607,"PER_OI":1.64137884852,"BPS":1.681515760166,"BASIC_EPS":0.033,"DILUTED_EPS":0.033,"OPERATE_INCOME":9250499000,"OPERATE_INCOME_YOY":86.1761126995,"GROSS_PROFIT":2470929000,"GROSS_PROFIT_YOY":67.391690196567,"HOLDER_PROFIT":186734000,"HOLDER_PROFIT_YOY":155.3382924028,"GROSS_PROFIT_RATIO":26.711304979331,"EPS_TTM":0.033133481545,"OPERATE_INCOME_QOQ":14.712590397946,"NET_PROFIT_RATIO":0.2315334557,"ROE_AVG":1.994869940695,"GROSS_PROFIT_QOQ":-3.997636199254,"ROA":0.321022102301,"HOLDER_PROFIT_QOQ":-5.861535281633,"ROE_YEARLY":1.994869940695,"ROIC_YEARLY":0.364141942503,"TOTAL_ASSETS":59096852000,"TOTAL_LIABILITIES":46763688000,"TAX_EBT":98.375435381497,"OCF_SALES":5.905594930609,"TOTAL_PARENT_EQUITY":9476703000,"DEBT_ASSET_RATIO":79.130590577,"OPERATE_PROFIT":1567296000,"PRETAX_PROFIT":1318384000,"NETCASH_OPERATE":546297000,"NETCASH_INVEST":-919975000,"NETCASH_FINANCE":-1879527000,"END_CASH":3001572000,"DIVI_RATIO":null,"DIVIDEND_RATE":null,"CURRENT_RATIO":1.250495147789,"COMMON_ACS":10000000000,"CURRENTDEBT_DEBT":78.047071479906,"ISSUED_COMMON_SHARES":5635809800,"HK_COMMON_SHARES":5635809800,"PER_SHARES":1000,"TOTAL_MARKET_CAP":704476225,"HKSK_MARKET_CAP":704476225,"PE_TTM":1.832944903737,"PB_TTM":0.062416755123,"REPORT_DATE_SQ":"2021-12-31 00:00:00","REPORT_TYPE_SQ":"2021年年报","OPERATE_INCOME_SQ":4968682000,"DPS_HKD":null,"OPERATE_INCOME_QOQ_SQ":-40.339953152639,"NET_PROFIT_RATIO_SQ":0.7753766492,"HOLDER_PROFIT_SQ":73132000,"HOLDER_PROFIT_QOQ_SQ":-86.261311611532,"ROE_AVG_SQ":0.796091431861,"PE_TTM_SQ":2.26483460319,"PB_TTM_SQ":0.056115066554,"ROA_SQ":0.147651521211,"START_DATE":"2022-01-01 00:00:00","FISCAL_YEAR":"12-31","CURRENCY":"HKD","IS_CNY_CODE":0,"DPS_HKD_LY":null,"ORG_TYPE":"一般企业","PREMIUM_INCOME":null,"PREMIUM_INCOME_YOY":null,"NET_INTEREST_INCOME":null,"NET_INTEREST_INCOME_YOY":null,"FEE_COMMISSION_INCOME":null,"FEE_COMMISSION_INCOME_YOY":null,"ACCOUNTS_RECE_TDAYS":65.056624341117,"INVENTORY_TDAYS":0.206903189,"CURRENT_ASSETS_TDAYS":0.20776219452,"TOTAL_ASSETS_TDAYS":0.159029134294,"PREMIUM_EXPENSE":null,"LOAN_DEPOSIT":null,"LOAN_EQUITY":null,"LOAN_ASSETS":null,"DEPOSIT_EQUITY":null,"DEPOSIT_ASSETS":null,"EQUITY_MULTIPLIER":4.791702437434,"EQUITY_RATIO":4.934594658079},{"SECUCODE":"00672.HK","SECURITY_CODE":"00672","SECURITY_NAME_ABBR":"众安集团","ORG_CODE":"10128329","STD_REPORT_DATE":"2022-06-30 00:00:00","REPORT_DATE":"2022-06-30 00:00:00","DATE_TYPE_CODE":"002","REPORT_TYPE":"2022年中报","PER_NETCASH_OPERATE":0.016008347194,"PER_OI":0.900950738259,"BPS":1.670854825512,"BASIC_EPS":0.0244,"DILUTED_EPS":0.0244,"OPERATE_INCOME":5077587000,"OPERATE_INCOME_YOY":156.158778894,"GROSS_PROFIT":1726106000,"GROSS_PROFIT_YOY":174.673507091584,"HOLDER_PROFIT":137659000,"HOLDER_PROFIT_YOY":1007.47385358,"GROSS_PROFIT_RATIO":33.994612007633,"EPS_TTM":0.035196539103,"OPERATE_INCOME_QOQ":62.297889057903,"NET_PROFIT_RATIO":1.3831569996,"ROE_AVG":1.475339013741,"GROSS_PROFIT_QOQ":74.36205065116,"ROA":0.234792802247,"HOLDER_PROFIT_QOQ":171.236941420992,"ROE_YEARLY":2.950678027481,"ROIC_YEARLY":0.536647065321,"TOTAL_ASSETS":60019674000,"TOTAL_LIABILITIES":47833267000,"TAX_EBT":93.538976720224,"OCF_SALES":1.776828245385,"TOTAL_PARENT_EQUITY":9416620000,"DEBT_ASSET_RATIO":79.695979355,"OPERATE_PROFIT":1278425000,"PRETAX_PROFIT":1086995000,"NETCASH_OPERATE":90220000,"NETCASH_INVEST":-1844944000,"NETCASH_FINANCE":480287000,"END_CASH":3965444000,"DIVI_RATIO":null,"DIVIDEND_RATE":null,"CURRENT_RATIO":1.371983869616,"COMMON_ACS":10000000000,"CURRENTDEBT_DEBT":70.73120261679,"ISSUED_COMMON_SHARES":5635809800,"HK_COMMON_SHARES":5635809800,"PER_SHARES":1000,"TOTAL_MARKET_CAP":704476225,"HKSK_MARKET_CAP":704476225,"PE_TTM":1.832944903737,"PB_TTM":0.062416755123,"REPORT_DATE_SQ":"2021-06-30 00:00:00","REPORT_TYPE_SQ":"2021年中报","OPERATE_INCOME_SQ":1982203000,"DPS_HKD":null,"OPERATE_INCOME_QOQ_SQ":11.955669000509,"NET_PROFIT_RATIO_SQ":1.7127408242,"HOLDER_PROFIT_SQ":12430000,"HOLDER_PROFIT_QOQ_SQ":-35.701930487006,"ROE_AVG_SQ":0.136397675928,"PE_TTM_SQ":2.26483460319,"PB_TTM_SQ":0.056115066554,"ROA_SQ":0.027189195018,"START_DATE":"2022-01-01 00:00:00","FISCAL_YEAR":"12-31","CURRENCY":"HKD","IS_CNY_CODE":0,"DPS_HKD_LY":null,"ORG_TYPE":"一般企业","PREMIUM_INCOME":null,"PREMIUM_INCOME_YOY":null,"NET_INTEREST_INCOME":null,"NET_INTEREST_INCOME_YOY":null,"FEE_COMMISSION_INCOME":null,"FEE_COMMISSION_INCOME_YOY":null,"ACCOUNTS_RECE_TDAYS":43.547805279679,"INVENTORY_TDAYS":0.102447152796,"CURRENT_ASSETS_TDAYS":0.113052422785,"TOTAL_ASSETS_TDAYS":0.086603918406,"PREMIUM_EXPENSE":null,"LOAN_DEPOSIT":null,"LOAN_EQUITY":null,"LOAN_ASSETS":null,"DEPOSIT_EQUITY":null,"DEPOSIT_ASSETS":null,"EQUITY_MULTIPLIER":4.925132896012,"EQUITY_RATIO":5.079664147008},{"SECUCODE":"00672.HK","SECURITY_CODE":"00672","SECURITY_NAME_ABBR":"众安集团","ORG_CODE":"10128329","STD_REPORT_DATE":"2021-12-31 00:00:00","REPORT_DATE":"2021-12-31 00:00:00","DATE_TYPE_CODE":"001","REPORT_TYPE":"2021年年报","PER_NETCASH_OPERATE":-0.047710623591,"PER_OI":0.881626984644,"BPS":1.640353086437,"BASIC_EPS":0.013,"DILUTED_EPS":0.013,"OPERATE_INCOME":4968682000,"OPERATE_INCOME_YOY":-33.207195426,"GROSS_PROFIT":1476136000,"GROSS_PROFIT_YOY":-34.245906561173,"HOLDER_PROFIT":73132000,"HOLDER_PROFIT_YOY":-91.1662885898,"GROSS_PROFIT_RATIO":29.708804065142,"EPS_TTM":0.012976307327,"OPERATE_INCOME_QOQ":-40.339953152639,"NET_PROFIT_RATIO":0.7753766492,"ROE_AVG":0.796091431861,"GROSS_PROFIT_QOQ":-40.535190376612,"ROA":0.147651521211,"HOLDER_PROFIT_QOQ":-86.261311611532,"ROE_YEARLY":0.796091431861,"ROIC_YEARLY":0.17399162974,"TOTAL_ASSETS":57240309000,"TOTAL_LIABILITIES":45310225000,"TAX_EBT":82.953927021251,"OCF_SALES":-5.411656451349,"TOTAL_PARENT_EQUITY":9244718000,"DEBT_ASSET_RATIO":79.1578972783,"OPERATE_PROFIT":318786000,"PRETAX_PROFIT":226011000,"NETCASH_OPERATE":-268888000,"NETCASH_INVEST":-1326873000,"NETCASH_FINANCE":2040291000,"END_CASH":5232657000,"DIVI_RATIO":null,"DIVIDEND_RATE":null,"CURRENT_RATIO":1.407144913254,"COMMON_ACS":10000000000,"CURRENTDEBT_DEBT":68.083528607505,"ISSUED_COMMON_SHARES":5635809800,"HK_COMMON_SHARES":5635809800,"PER_SHARES":1000,"TOTAL_MARKET_CAP":704476225,"HKSK_MARKET_CAP":704476225,"PE_TTM":1.832944903737,"PB_TTM":0.062416755123,"REPORT_DATE_SQ":"2020-12-31 00:00:00","REPORT_TYPE_SQ":"2020年年报","OPERATE_INCOME_SQ":7438948000,"DPS_HKD":null,"OPERATE_INCOME_QOQ_SQ":91.757093953642,"NET_PROFIT_RATIO_SQ":14.9382009392,"HOLDER_PROFIT_SQ":827874000,"HOLDER_PROFIT_QOQ_SQ":35.269550895562,"ROE_AVG_SQ":9.426759526789,"PE_TTM_SQ":2.26483460319,"PB_TTM_SQ":0.056115066554,"ROA_SQ":2.29989267062,"START_DATE":"2021-01-01 00:00:00","FISCAL_YEAR":"12-31","CURRENCY":"HKD","IS_CNY_CODE":0,"DPS_HKD_LY":null,"ORG_TYPE":"一般企业","PREMIUM_INCOME":null,"PREMIUM_INCOME_YOY":null,"NET_INTEREST_INCOME":null,"NET_INTEREST_INCOME_YOY":null,"FEE_COMMISSION_INCOME":null,"FEE_COMMISSION_INCOME_YOY":null,"ACCOUNTS_RECE_TDAYS":50.177049776315,"INVENTORY_TDAYS":0.134511060852,"CURRENT_ASSETS_TDAYS":0.136386459145,"TOTAL_ASSETS_TDAYS":0.10031633973,"PREMIUM_EXPENSE":null,"LOAN_DEPOSIT":null,"LOAN_EQUITY":null,"LOAN_ASSETS":null,"DEPOSIT_EQUITY":null,"DEPOSIT_ASSETS":null,"EQUITY_MULTIPLIER":4.797980383039,"EQUITY_RATIO":4.901201421179},{"SECUCODE":"00672.HK","SECURITY_CODE":"00672","SECURITY_NAME_ABBR":"众安集团","ORG_CODE":"10128329","STD_REPORT_DATE":"2021-06-30 00:00:00","REPORT_DATE":"2021-06-30 00:00:00","DATE_TYPE_CODE":"002","REPORT_TYPE":"2021年中报","PER_NETCASH_OPERATE":-0.280508046954,"PER_OI":0.351715737462,"BPS":1.614332513493,"BASIC_EPS":0.0022,"DILUTED_EPS":0.0022,"OPERATE_INCOME":1982203000,"OPERATE_INCOME_YOY":81.3830551405,"GROSS_PROFIT":628421000,"GROSS_PROFIT_YOY":60.727238315438,"HOLDER_PROFIT":12430000,"HOLDER_PROFIT_YOY":-95.964246405,"GROSS_PROFIT_RATIO":31.703160574371,"EPS_TTM":0.094450845378,"OPERATE_INCOME_QOQ":11.955669000509,"NET_PROFIT_RATIO":1.7127408242,"ROE_AVG":0.136397675928,"GROSS_PROFIT_QOQ":10.576480199418,"ROA":0.027189195018,"HOLDER_PROFIT_QOQ":-35.701930487006,"ROE_YEARLY":0.272795351857,"ROIC_YEARLY":0.065166174006,"TOTAL_ASSETS":49613416000,"TOTAL_LIABILITIES":37188518000,"TAX_EBT":85.302839430815,"OCF_SALES":-79.754192683595,"TOTAL_PARENT_EQUITY":9098071000,"DEBT_ASSET_RATIO":74.9565762615,"OPERATE_PROFIT":348329000,"PRETAX_PROFIT":230997000,"NETCASH_OPERATE":-1580890000,"NETCASH_INVEST":-661015000,"NETCASH_FINANCE":2178388000,"END_CASH":4730865000,"DIVI_RATIO":null,"DIVIDEND_RATE":null,"CURRENT_RATIO":1.564383281459,"COMMON_ACS":10000000000,"CURRENTDEBT_DEBT":65.234963114153,"ISSUED_COMMON_SHARES":5635809800,"HK_COMMON_SHARES":5635809800,"PER_SHARES":1000,"TOTAL_MARKET_CAP":704476225,"HKSK_MARKET_CAP":704476225,"PE_TTM":1.832944903737,"PB_TTM":0.062416755123,"REPORT_DATE_SQ":"2020-06-30 00:00:00","REPORT_TYPE_SQ":"2020年中报","OPERATE_INCOME_SQ":1092827000,"DPS_HKD":null,"OPERATE_INCOME_QOQ_SQ":-37.476902526688,"NET_PROFIT_RATIO_SQ":29.238296638,"HOLDER_PROFIT_SQ":307997000,"HOLDER_PROFIT_QOQ_SQ":-3.943535527291,"ROE_AVG_SQ":3.60958638132,"PE_TTM_SQ":2.26483460319,"PB_TTM_SQ":0.056115066554,"ROA_SQ":0.935367780096,"START_DATE":"2021-01-01 00:00:00","FISCAL_YEAR":"12-31","CURRENCY":"HKD","IS_CNY_CODE":0,"DPS_HKD_LY":null,"ORG_TYPE":"一般企业","PREMIUM_INCOME":null,"PREMIUM_INCOME_YOY":null,"NET_INTEREST_INCOME":null,"NET_INTEREST_INCOME_YOY":null,"FEE_COMMISSION_INCOME":null,"FEE_COMMISSION_INCOME_YOY":null,"ACCOUNTS_RECE_TDAYS":19.216796979142,"INVENTORY_TDAYS":0.057297580686,"CURRENT_ASSETS_TDAYS":0.058814819098,"TOTAL_ASSETS_TDAYS":0.043358410244,"PREMIUM_EXPENSE":null,"LOAN_DEPOSIT":null,"LOAN_EQUITY":null,"LOAN_ASSETS":null,"DEPOSIT_EQUITY":null,"DEPOSIT_ASSETS":null,"EQUITY_MULTIPLIER":3.99306424889,"EQUITY_RATIO":4.087516793395},{"SECUCODE":"00672.HK","SECURITY_CODE":"00672","SECURITY_NAME_ABBR":"众安集团","ORG_CODE":"10128329","STD_REPORT_DATE":"2020-12-31 00:00:00","REPORT_DATE":"2020-12-31 00:00:00","DATE_TYPE_CODE":"001","REPORT_TYPE":"2020年年报","PER_NETCASH_OPERATE":-1.185442063712,"PER_OI":1.319943054146,"BPS":1.619651181273,"BASIC_EPS":0.146,"DILUTED_EPS":0.146,"OPERATE_INCOME":7438948000,"OPERATE_INCOME_YOY":19.8924747646,"GROSS_PROFIT":2244934000,"GROSS_PROFIT_YOY":-19.50228358476,"HOLDER_PROFIT":827874000,"HOLDER_PROFIT_YOY":29.9351480984,"GROSS_PROFIT_RATIO":30.178111206047,"EPS_TTM":0.14689530509,"OPERATE_INCOME_QOQ":91.757093953642,"NET_PROFIT_RATIO":14.9382009392,"ROE_AVG":9.426759526789,"GROSS_PROFIT_QOQ":38.36247967645,"ROA":2.29989267062,"HOLDER_PROFIT_QOQ":35.269550895562,"ROE_YEARLY":9.426759526789,"ROIC_YEARLY":2.773586751776,"TOTAL_ASSETS":41819964000,"TOTAL_LIABILITIES":30406027000,"TAX_EBT":33.773139277577,"OCF_SALES":-89.810091426906,"TOTAL_PARENT_EQUITY":9128046000,"DEBT_ASSET_RATIO":72.706965984,"OPERATE_PROFIT":1939816000,"PRETAX_PROFIT":1677937000,"NETCASH_OPERATE":-6680926000,"NETCASH_INVEST":-4910000,"NETCASH_FINANCE":8364102000,"END_CASH":4792545000,"DIVI_RATIO":null,"DIVIDEND_RATE":null,"CURRENT_RATIO":1.70438190463,"COMMON_ACS":10000000000,"CURRENTDEBT_DEBT":56.833456077639,"ISSUED_COMMON_SHARES":5635809800,"HK_COMMON_SHARES":5635809800,"PER_SHARES":1000,"TOTAL_MARKET_CAP":704476225,"HKSK_MARKET_CAP":704476225,"PE_TTM":1.832944903737,"PB_TTM":0.062416755123,"REPORT_DATE_SQ":"2019-12-31 00:00:00","REPORT_TYPE_SQ":"2019年年报","OPERATE_INCOME_SQ":6204683000,"DPS_HKD":null,"OPERATE_INCOME_QOQ_SQ":-11.184293775283,"NET_PROFIT_RATIO_SQ":16.1818258886,"HOLDER_PROFIT_SQ":637144000,"HOLDER_PROFIT_QOQ_SQ":13.626984678983,"ROE_AVG_SQ":7.870103226365,"PE_TTM_SQ":2.26483460319,"PB_TTM_SQ":0.056115066554,"ROA_SQ":2.306889089583,"START_DATE":"2020-01-01 00:00:00","FISCAL_YEAR":"12-31","CURRENCY":"HKD","IS_CNY_CODE":0,"DPS_HKD_LY":0.02,"ORG_TYPE":"一般企业","PREMIUM_INCOME":null,"PREMIUM_INCOME_YOY":null,"NET_INTEREST_INCOME":null,"NET_INTEREST_INCOME_YOY":null,"FEE_COMMISSION_INCOME":null,"FEE_COMMISSION_INCOME_YOY":null,"ACCOUNTS_RECE_TDAYS":90.288356737993,"INVENTORY_TDAYS":0.318700622897,"CURRENT_ASSETS_TDAYS":0.310035109356,"TOTAL_ASSETS_TDAYS":0.206659249866,"PREMIUM_EXPENSE":null,"LOAN_DEPOSIT":null,"LOAN_EQUITY":null,"LOAN_ASSETS":null,"DEPOSIT_EQUITY":null,"DEPOSIT_ASSETS":null,"EQUITY_MULTIPLIER":3.663938569137,"EQUITY_RATIO":3.331055408792},{"SECUCODE":"00672.HK","SECURITY_CODE":"00672","SECURITY_NAME_ABBR":"众安集团","ORG_CODE":"10128329","STD_REPORT_DATE":"2020-06-30 00:00:00","REPORT_DATE":"2020-06-30 00:00:00","DATE_TYPE_CODE":"002","REPORT_TYPE":"2020年中报","PER_NETCASH_OPERATE":-0.752349477467,"PER_OI":0.192516432725,"BPS":1.53113896782,"BASIC_EPS":0.0543,"DILUTED_EPS":0.0543,"OPERATE_INCOME":1092827000,"OPERATE_INCOME_YOY":-68.0286997352,"GROSS_PROFIT":390986000,"GROSS_PROFIT_YOY":-74.893357160883,"HOLDER_PROFIT":307997000,"HOLDER_PROFIT_YOY":-7.542559355,"GROSS_PROFIT_RATIO":35.77748353582,"EPS_TTM":0.107815346915,"OPERATE_INCOME_QOQ":-37.476902526688,"NET_PROFIT_RATIO":29.238296638,"ROE_AVG":3.60958638132,"GROSS_PROFIT_QOQ":-41.821137779926,"ROA":0.935367780096,"HOLDER_PROFIT_QOQ":-3.943535527291,"ROE_YEARLY":7.21917276264,"ROIC_YEARLY":2.162491434862,"TOTAL_ASSETS":35683368000,"TOTAL_LIABILITIES":24956135000,"TAX_EBT":14.082893696659,"OCF_SALES":-390.797537030106,"TOTAL_PARENT_EQUITY":8629208000,"DEBT_ASSET_RATIO":69.9377228069,"OPERATE_PROFIT":383871000,"PRETAX_PROFIT":371898000,"NETCASH_OPERATE":-4270741000,"NETCASH_INVEST":-103540000,"NETCASH_FINANCE":2805390000,"END_CASH":1570043000,"DIVI_RATIO":null,"DIVIDEND_RATE":null,"CURRENT_RATIO":1.337792160814,"COMMON_ACS":10000000000,"CURRENTDEBT_DEBT":72.391157524993,"ISSUED_COMMON_SHARES":5635809800,"HK_COMMON_SHARES":5635809800,"PER_SHARES":1000,"TOTAL_MARKET_CAP":704476225,"HKSK_MARKET_CAP":704476225,"PE_TTM":1.832944903737,"PB_TTM":0.062416755123,"REPORT_DATE_SQ":"2019-06-30 00:00:00","REPORT_TYPE_SQ":"2019年中报","OPERATE_INCOME_SQ":3418150000,"DPS_HKD":null,"OPERATE_INCOME_QOQ_SQ":35.142606380005,"NET_PROFIT_RATIO_SQ":18.2748855375,"HOLDER_PROFIT_SQ":333123000,"HOLDER_PROFIT_QOQ_SQ":95.458395641398,"ROE_AVG_SQ":4.191468302338,"PE_TTM_SQ":2.26483460319,"PB_TTM_SQ":0.056115066554,"ROA_SQ":1.281385083561,"START_DATE":"2020-01-01 00:00:00","FISCAL_YEAR":"12-31","CURRENCY":"HKD","IS_CNY_CODE":0,"DPS_HKD_LY":0.02,"ORG_TYPE":"一般企业","PREMIUM_INCOME":null,"PREMIUM_INCOME_YOY":null,"NET_INTEREST_INCOME":null,"NET_INTEREST_INCOME_YOY":null,"FEE_COMMISSION_INCOME":null,"FEE_COMMISSION_INCOME_YOY":null,"ACCOUNTS_RECE_TDAYS":15.143553963514,"INVENTORY_TDAYS":0.047675077394,"CURRENT_ASSETS_TDAYS":0.051182318407,"TOTAL_ASSETS_TDAYS":0.033188477973,"PREMIUM_EXPENSE":null,"LOAN_DEPOSIT":null,"LOAN_EQUITY":null,"LOAN_ASSETS":null,"DEPOSIT_EQUITY":null,"DEPOSIT_ASSETS":null,"EQUITY_MULTIPLIER":3.326427980078,"EQUITY_RATIO":2.892053940524}],"count":38},"success":true,"message":"ok","code":0}