{"version":"b17a9b5c86c4ed68689863d6a43bbf00","result":{"pages":6,"data":[{"SECUCODE":"00684.HK","SECURITY_CODE":"00684","SECURITY_NAME_ABBR":"亚伦国际","ORG_CODE":"10009053","STD_REPORT_DATE":"2024-06-30 00:00:00","REPORT_DATE":"2024-09-30 00:00:00","DATE_TYPE_CODE":"002","REPORT_TYPE":"2024年中报","PER_NETCASH_OPERATE":-0.099692404745,"PER_OI":0.747464240449,"BPS":2.167702616106,"BASIC_EPS":-0.079808415,"DILUTED_EPS":null,"OPERATE_INCOME":248946343.82,"OPERATE_INCOME_YOY":-0.1240950648,"GROSS_PROFIT":18102532.46,"GROSS_PROFIT_YOY":-7.256426894334,"HOLDER_PROFIT":-26594688.89,"HOLDER_PROFIT_YOY":-41.5726561375,"GROSS_PROFIT_RATIO":7.27166030327,"EPS_TTM":-0.188169516661,"OPERATE_INCOME_QOQ":0,"NET_PROFIT_RATIO":-10.6828999703,"ROE_AVG":-3.528484155262,"GROSS_PROFIT_QOQ":0,"ROA":-2.736062004169,"HOLDER_PROFIT_QOQ":0,"ROE_YEARLY":-7.056968310525,"ROIC_YEARLY":-9.268820465515,"TOTAL_ASSETS":958931923.35,"TOTAL_LIABILITIES":236968769.04,"TAX_EBT":-3.252573349205,"OCF_SALES":-13.337414601279,"TOTAL_PARENT_EQUITY":721963154.31,"DEBT_ASSET_RATIO":24.7117405595,"OPERATE_PROFIT":-25544103.54,"PRETAX_PROFIT":-25756925.98,"NETCASH_OPERATE":-33203006.01,"NETCASH_INVEST":-122643.44,"NETCASH_FINANCE":-47574833.24,"END_CASH":304062846.83,"DIVI_RATIO":-0.722153632595,"DIVIDEND_RATE":23.809523809524,"CURRENT_RATIO":2.706620260535,"COMMON_ACS":600000000,"CURRENTDEBT_DEBT":87.581057630834,"ISSUED_COMMON_SHARES":333054520,"HK_COMMON_SHARES":333054520,"PER_SHARES":2000,"TOTAL_MARKET_CAP":209824347.6,"HKSK_MARKET_CAP":209824347.6,"PE_TTM":-2.697283073877,"PB_TTM":0.262087472598,"REPORT_DATE_SQ":"2023-06-30 00:00:00","REPORT_TYPE_SQ":"2023年中报","OPERATE_INCOME_SQ":253633849.63,"DPS_HKD":0.15,"OPERATE_INCOME_QOQ_SQ":0,"NET_PROFIT_RATIO_SQ":-7.5365139779,"HOLDER_PROFIT_SQ":-19115150.53,"HOLDER_PROFIT_QOQ_SQ":0,"ROE_AVG_SQ":-2.11032423783,"PE_TTM_SQ":-8.013823869105,"PB_TTM_SQ":0.310023238111,"ROA_SQ":-1.669884560642,"START_DATE":"2024-04-01 00:00:00","FISCAL_YEAR":"3-31","CURRENCY":"HKD","IS_CNY_CODE":0,"DPS_HKD_LY":0.15,"ORG_TYPE":"一般企业","PREMIUM_INCOME":null,"PREMIUM_INCOME_YOY":null,"NET_INTEREST_INCOME":null,"NET_INTEREST_INCOME_YOY":null,"FEE_COMMISSION_INCOME":null,"FEE_COMMISSION_INCOME_YOY":null,"ACCOUNTS_RECE_TDAYS":2.333689794366,"INVENTORY_TDAYS":6.080091207069,"CURRENT_ASSETS_TDAYS":0.437085914462,"TOTAL_ASSETS_TDAYS":0.25611603701,"PREMIUM_EXPENSE":null,"LOAN_DEPOSIT":null,"LOAN_EQUITY":null,"LOAN_ASSETS":null,"DEPOSIT_EQUITY":null,"DEPOSIT_ASSETS":null,"EQUITY_MULTIPLIER":1.328228341884,"EQUITY_RATIO":0.328228341883},{"SECUCODE":"00684.HK","SECURITY_CODE":"00684","SECURITY_NAME_ABBR":"亚伦国际","ORG_CODE":"10009053","STD_REPORT_DATE":"2023-12-31 00:00:00","REPORT_DATE":"2024-03-31 00:00:00","DATE_TYPE_CODE":"001","REPORT_TYPE":"2023年年报","PER_NETCASH_OPERATE":-0.104541039857,"PER_OI":1.319489366636,"BPS":2.370817233917,"BASIC_EPS":-0.1885624,"DILUTED_EPS":null,"OPERATE_INCOME":439461897.65,"OPERATE_INCOME_YOY":17.281749296,"GROSS_PROFIT":35839547.7,"GROSS_PROFIT_YOY":144.755781855862,"HOLDER_PROFIT":-62670708.05,"HOLDER_PROFIT_YOY":-11.4063784184,"GROSS_PROFIT_RATIO":8.155325385807,"EPS_TTM":-0.096990234692,"OPERATE_INCOME_QOQ":0,"NET_PROFIT_RATIO":-14.2607831043,"ROE_AVG":-7.360837673144,"GROSS_PROFIT_QOQ":0,"ROA":-5.90549802199,"HOLDER_PROFIT_QOQ":0,"ROE_YEARLY":-7.360837673144,"ROIC_YEARLY":-10.572663644129,"TOTAL_ASSETS":990279864.55,"TOTAL_LIABILITIES":200668468.7,"TAX_EBT":4.148468588384,"OCF_SALES":-7.922840645841,"TOTAL_PARENT_EQUITY":789611395.85,"DEBT_ASSET_RATIO":20.2638138857,"OPERATE_PROFIT":-64751240.3,"PRETAX_PROFIT":-65383105.65,"NETCASH_OPERATE":-34817865.85,"NETCASH_INVEST":75193789.75,"NETCASH_FINANCE":-50566452.45,"END_CASH":385512200.6,"DIVI_RATIO":-1.401041047397,"DIVIDEND_RATE":21.12676056338,"CURRENT_RATIO":3.482442781307,"COMMON_ACS":600000000,"CURRENTDEBT_DEBT":83.059714303785,"ISSUED_COMMON_SHARES":333054520,"HK_COMMON_SHARES":333054520,"PER_SHARES":2000,"TOTAL_MARKET_CAP":236468709.2,"HKSK_MARKET_CAP":236468709.2,"PE_TTM":-3.039795210243,"PB_TTM":0.2953684215,"REPORT_DATE_SQ":"2022-12-31 00:00:00","REPORT_TYPE_SQ":"2022年年报","OPERATE_INCOME_SQ":361834966.12,"DPS_HKD":0.15,"OPERATE_INCOME_QOQ_SQ":0,"NET_PROFIT_RATIO_SQ":-15.0128710093,"HOLDER_PROFIT_SQ":-54321816.73,"HOLDER_PROFIT_QOQ_SQ":0,"ROE_AVG_SQ":-5.882118749544,"PE_TTM_SQ":-4.937878239569,"PB_TTM_SQ":0.316912643402,"ROA_SQ":-4.663130473794,"START_DATE":"2023-04-01 00:00:00","FISCAL_YEAR":"3-31","CURRENCY":"HKD","IS_CNY_CODE":0,"DPS_HKD_LY":0.13,"ORG_TYPE":"一般企业","PREMIUM_INCOME":null,"PREMIUM_INCOME_YOY":null,"NET_INTEREST_INCOME":null,"NET_INTEREST_INCOME_YOY":null,"FEE_COMMISSION_INCOME":null,"FEE_COMMISSION_INCOME_YOY":null,"ACCOUNTS_RECE_TDAYS":5.91271733761,"INVENTORY_TDAYS":11.326676503511,"CURRENT_ASSETS_TDAYS":0.719336462369,"TOTAL_ASSETS_TDAYS":0.414107554879,"PREMIUM_EXPENSE":null,"LOAN_DEPOSIT":null,"LOAN_EQUITY":null,"LOAN_ASSETS":null,"DEPOSIT_EQUITY":null,"DEPOSIT_ASSETS":null,"EQUITY_MULTIPLIER":1.254135730252,"EQUITY_RATIO":0.254135730252},{"SECUCODE":"00684.HK","SECURITY_CODE":"00684","SECURITY_NAME_ABBR":"亚伦国际","ORG_CODE":"10009053","STD_REPORT_DATE":"2023-06-30 00:00:00","REPORT_DATE":"2023-09-30 00:00:00","DATE_TYPE_CODE":"002","REPORT_TYPE":"2023年中报","PER_NETCASH_OPERATE":-0.139258553585,"PER_OI":0.761538530178,"BPS":2.663887407383,"BASIC_EPS":-0.057351875,"DILUTED_EPS":null,"OPERATE_INCOME":253633849.63,"OPERATE_INCOME_YOY":12.1811938893,"GROSS_PROFIT":19518907.73,"GROSS_PROFIT_YOY":50.748868140112,"HOLDER_PROFIT":-19115150.53,"HOLDER_PROFIT_YOY":54.1974494283,"GROSS_PROFIT_RATIO":7.695702982261,"EPS_TTM":-0.163101875122,"OPERATE_INCOME_QOQ":0,"NET_PROFIT_RATIO":-7.5365139779,"ROE_AVG":-2.11032423783,"GROSS_PROFIT_QOQ":0,"ROA":-1.669884560642,"HOLDER_PROFIT_QOQ":0,"ROE_YEARLY":-4.22064847566,"ROIC_YEARLY":-5.82051570423,"TOTAL_ASSETS":1143387167.86,"TOTAL_LIABILITIES":256167426.06,"TAX_EBT":-6.951789289932,"OCF_SALES":-18.286475085112,"TOTAL_PARENT_EQUITY":887219741.8,"DEBT_ASSET_RATIO":22.4042593148,"OPERATE_PROFIT":-17542332.71,"PRETAX_PROFIT":-17872679.51,"NETCASH_OPERATE":-46380690.72,"NETCASH_INVEST":59507387.87,"NETCASH_FINANCE":-2681314.86,"END_CASH":409541939.52,"DIVI_RATIO":-0.833143701739,"DIVIDEND_RATE":21.12676056338,"CURRENT_RATIO":3.168865975862,"COMMON_ACS":600000000,"CURRENTDEBT_DEBT":83.935492653012,"ISSUED_COMMON_SHARES":333054520,"HK_COMMON_SHARES":333054520,"PER_SHARES":2000,"TOTAL_MARKET_CAP":236468709.2,"HKSK_MARKET_CAP":236468709.2,"PE_TTM":-3.039795210243,"PB_TTM":0.2953684215,"REPORT_DATE_SQ":"2022-06-30 00:00:00","REPORT_TYPE_SQ":"2022年中报","OPERATE_INCOME_SQ":222843162.72,"DPS_HKD":0.15,"OPERATE_INCOME_QOQ_SQ":0,"NET_PROFIT_RATIO_SQ":-18.45869117,"HOLDER_PROFIT_SQ":-41133931.2,"HOLDER_PROFIT_QOQ_SQ":0,"ROE_AVG_SQ":-4.304305299037,"PE_TTM_SQ":-4.937878239569,"PB_TTM_SQ":0.316912643402,"ROA_SQ":-3.382140616884,"START_DATE":"2023-04-01 00:00:00","FISCAL_YEAR":"3-31","CURRENCY":"HKD","IS_CNY_CODE":0,"DPS_HKD_LY":0.13,"ORG_TYPE":"一般企业","PREMIUM_INCOME":null,"PREMIUM_INCOME_YOY":null,"NET_INTEREST_INCOME":null,"NET_INTEREST_INCOME_YOY":null,"FEE_COMMISSION_INCOME":null,"FEE_COMMISSION_INCOME_YOY":null,"ACCOUNTS_RECE_TDAYS":2.437549055056,"INVENTORY_TDAYS":5.860140342012,"CURRENT_ASSETS_TDAYS":0.381228561143,"TOTAL_ASSETS_TDAYS":0.221572542099,"PREMIUM_EXPENSE":null,"LOAN_DEPOSIT":null,"LOAN_EQUITY":null,"LOAN_ASSETS":null,"DEPOSIT_EQUITY":null,"DEPOSIT_ASSETS":null,"EQUITY_MULTIPLIER":1.288730529755,"EQUITY_RATIO":0.288730529756},{"SECUCODE":"00684.HK","SECURITY_CODE":"00684","SECURITY_NAME_ABBR":"亚伦国际","ORG_CODE":"10009053","STD_REPORT_DATE":"2022-12-31 00:00:00","REPORT_DATE":"2023-03-31 00:00:00","DATE_TYPE_CODE":"001","REPORT_TYPE":"2022年年报","PER_NETCASH_OPERATE":0.142308377079,"PER_OI":1.086413618167,"BPS":2.647718559682,"BASIC_EPS":-0.16282626,"DILUTED_EPS":null,"OPERATE_INCOME":361834966.12,"OPERATE_INCOME_YOY":-47.2246907527,"GROSS_PROFIT":14642983.07,"GROSS_PROFIT_YOY":-64.950802600908,"HOLDER_PROFIT":-54321816.73,"HOLDER_PROFIT_YOY":-129.8684941656,"GROSS_PROFIT_RATIO":4.046867893122,"EPS_TTM":-0.212714165386,"OPERATE_INCOME_QOQ":0,"NET_PROFIT_RATIO":-15.0128710093,"ROE_AVG":-5.882118749544,"GROSS_PROFIT_QOQ":0,"ROA":-4.663130473794,"HOLDER_PROFIT_QOQ":0,"ROE_YEARLY":-5.882118749544,"ROIC_YEARLY":-7.744326042204,"TOTAL_ASSETS":1093282916.21,"TOTAL_LIABILITIES":211448282.22,"TAX_EBT":-2.220574911457,"OCF_SALES":13.098913222301,"TOTAL_PARENT_EQUITY":881834633.99,"DEBT_ASSET_RATIO":19.3406737712,"OPERATE_PROFIT":-52711937.74,"PRETAX_PROFIT":-53141764.05,"NETCASH_OPERATE":47396448.22,"NETCASH_INVEST":-4411190.99,"NETCASH_FINANCE":-10746533.16,"END_CASH":383978462.07,"DIVI_RATIO":-0.638825814694,"DIVIDEND_RATE":21.12676056338,"CURRENT_RATIO":3.646482814779,"COMMON_ACS":600000000,"CURRENTDEBT_DEBT":80.330956935026,"ISSUED_COMMON_SHARES":333054520,"HK_COMMON_SHARES":333054520,"PER_SHARES":2000,"TOTAL_MARKET_CAP":236468709.2,"HKSK_MARKET_CAP":236468709.2,"PE_TTM":-3.039795210243,"PB_TTM":0.2953684215,"REPORT_DATE_SQ":"2021-12-31 00:00:00","REPORT_TYPE_SQ":"2021年年报","OPERATE_INCOME_SQ":635176543.92,"DPS_HKD":0.15,"OPERATE_INCOME_QOQ_SQ":0,"NET_PROFIT_RATIO_SQ":-3.4467921021,"HOLDER_PROFIT_SQ":-21893214.95,"HOLDER_PROFIT_QOQ_SQ":0,"ROE_AVG_SQ":-2.339720074313,"PE_TTM_SQ":-4.937878239569,"PB_TTM_SQ":0.316912643402,"ROA_SQ":-1.801784363889,"START_DATE":"2022-04-01 00:00:00","FISCAL_YEAR":"3-31","CURRENCY":"HKD","IS_CNY_CODE":0,"DPS_HKD_LY":0.02,"ORG_TYPE":"一般企业","PREMIUM_INCOME":null,"PREMIUM_INCOME_YOY":null,"NET_INTEREST_INCOME":null,"NET_INTEREST_INCOME_YOY":null,"FEE_COMMISSION_INCOME":null,"FEE_COMMISSION_INCOME_YOY":null,"ACCOUNTS_RECE_TDAYS":3.465297310893,"INVENTORY_TDAYS":5.808509080258,"CURRENT_ASSETS_TDAYS":0.540152166583,"TOTAL_ASSETS_TDAYS":0.310608841634,"PREMIUM_EXPENSE":null,"LOAN_DEPOSIT":null,"LOAN_EQUITY":null,"LOAN_ASSETS":null,"DEPOSIT_EQUITY":null,"DEPOSIT_ASSETS":null,"EQUITY_MULTIPLIER":1.239782238155,"EQUITY_RATIO":0.239782238154},{"SECUCODE":"00684.HK","SECURITY_CODE":"00684","SECURITY_NAME_ABBR":"亚伦国际","ORG_CODE":"10009053","STD_REPORT_DATE":"2022-06-30 00:00:00","REPORT_DATE":"2022-09-30 00:00:00","DATE_TYPE_CODE":"002","REPORT_TYPE":"2022年中报","PER_NETCASH_OPERATE":0.187916211316,"PER_OI":0.669089141081,"BPS":2.744610239309,"BASIC_EPS":-0.12345606,"DILUTED_EPS":null,"OPERATE_INCOME":222843162.72,"OPERATE_INCOME_YOY":-44.7456471622,"GROSS_PROFIT":12947963.04,"GROSS_PROFIT_YOY":-63.009534869833,"HOLDER_PROFIT":-41133931.2,"HOLDER_PROFIT_YOY":-584.6030900373,"GROSS_PROFIT_RATIO":5.810347906554,"EPS_TTM":-0.065734627922,"OPERATE_INCOME_QOQ":0,"NET_PROFIT_RATIO":-18.45869117,"ROE_AVG":-4.304305299037,"GROSS_PROFIT_QOQ":0,"ROA":-3.382140616884,"HOLDER_PROFIT_QOQ":0,"ROE_YEARLY":-8.608610598074,"ROIC_YEARLY":-11.152293294524,"TOTAL_ASSETS":1154853207.24,"TOTAL_LIABILITIES":240748361.4,"TAX_EBT":-4.252148997135,"OCF_SALES":28.08537753462,"TOTAL_PARENT_EQUITY":914104845.84,"DEBT_ASSET_RATIO":20.8466634453,"OPERATE_PROFIT":-39322337.88,"PRETAX_PROFIT":-39456195,"NETCASH_OPERATE":62586343.56,"NETCASH_INVEST":-97349399.4,"NETCASH_FINANCE":-8475507.24,"END_CASH":312369156.12,"DIVI_RATIO":-2.067210301409,"DIVIDEND_RATE":21.12676056338,"CURRENT_RATIO":3.453946451307,"COMMON_ACS":600000000,"CURRENTDEBT_DEBT":80.848282209741,"ISSUED_COMMON_SHARES":333054520,"HK_COMMON_SHARES":333054520,"PER_SHARES":2000,"TOTAL_MARKET_CAP":236468709.2,"HKSK_MARKET_CAP":236468709.2,"PE_TTM":-3.039795210243,"PB_TTM":0.2953684215,"REPORT_DATE_SQ":"2021-06-30 00:00:00","REPORT_TYPE_SQ":"2021年中报","OPERATE_INCOME_SQ":371474782.96,"DPS_HKD":0.15,"OPERATE_INCOME_QOQ_SQ":0,"NET_PROFIT_RATIO_SQ":2.1046564824,"HOLDER_PROFIT_SQ":7818268.1,"HOLDER_PROFIT_QOQ_SQ":0,"ROE_AVG_SQ":0.800282763734,"PE_TTM_SQ":-4.937878239569,"PB_TTM_SQ":0.316912643402,"ROA_SQ":0.601832494979,"START_DATE":"2022-04-01 00:00:00","FISCAL_YEAR":"3-31","CURRENCY":"HKD","IS_CNY_CODE":0,"DPS_HKD_LY":0.02,"ORG_TYPE":"一般企业","PREMIUM_INCOME":null,"PREMIUM_INCOME_YOY":null,"NET_INTEREST_INCOME":null,"NET_INTEREST_INCOME_YOY":null,"FEE_COMMISSION_INCOME":null,"FEE_COMMISSION_INCOME_YOY":null,"ACCOUNTS_RECE_TDAYS":1.929957310148,"INVENTORY_TDAYS":2.977133217449,"CURRENT_ASSETS_TDAYS":0.314631592389,"TOTAL_ASSETS_TDAYS":0.183227542285,"PREMIUM_EXPENSE":null,"LOAN_DEPOSIT":null,"LOAN_EQUITY":null,"LOAN_ASSETS":null,"DEPOSIT_EQUITY":null,"DEPOSIT_ASSETS":null,"EQUITY_MULTIPLIER":1.263370621539,"EQUITY_RATIO":0.263370621538},{"SECUCODE":"00684.HK","SECURITY_CODE":"00684","SECURITY_NAME_ABBR":"亚伦国际","ORG_CODE":"10009053","STD_REPORT_DATE":"2021-12-31 00:00:00","REPORT_DATE":"2022-03-31 00:00:00","DATE_TYPE_CODE":"001","REPORT_TYPE":"2021年年报","PER_NETCASH_OPERATE":-0.077930394371,"PER_OI":1.90655238272,"BPS":2.684775581097,"BASIC_EPS":-0.06569181,"DILUTED_EPS":null,"OPERATE_INCOME":635176543.92,"OPERATE_INCOME_YOY":-13.8844112919,"GROSS_PROFIT":41778369.14,"GROSS_PROFIT_YOY":-67.705240835318,"HOLDER_PROFIT":-21893214.95,"HOLDER_PROFIT_YOY":-158.1763717081,"GROSS_PROFIT_RATIO":6.577442057631,"EPS_TTM":0.090306555653,"OPERATE_INCOME_QOQ":0,"NET_PROFIT_RATIO":-3.4467921021,"ROE_AVG":-2.339720074313,"GROSS_PROFIT_QOQ":0,"ROA":-1.801784363889,"HOLDER_PROFIT_QOQ":0,"ROE_YEARLY":-2.339720074313,"ROIC_YEARLY":-2.878668315987,"TOTAL_ASSETS":1145592175.5,"TOTAL_LIABILITIES":251415533.03,"TAX_EBT":-26.475824587706,"OCF_SALES":-4.087503447431,"TOTAL_PARENT_EQUITY":894176642.47,"DEBT_ASSET_RATIO":21.9463381827,"OPERATE_PROFIT":-17136641.3,"PRETAX_PROFIT":-17310197.44,"NETCASH_OPERATE":-25962863.13,"NETCASH_INVEST":11160308.61,"NETCASH_FINANCE":-75636414.62,"END_CASH":333630860.77,"DIVI_RATIO":1.50473350487,"DIVIDEND_RATE":21.12676056338,"CURRENT_RATIO":3.203202852516,"COMMON_ACS":600000000,"CURRENTDEBT_DEBT":82.868875462496,"ISSUED_COMMON_SHARES":333054520,"HK_COMMON_SHARES":333054520,"PER_SHARES":2000,"TOTAL_MARKET_CAP":236468709.2,"HKSK_MARKET_CAP":236468709.2,"PE_TTM":-3.039795210243,"PB_TTM":0.2953684215,"REPORT_DATE_SQ":"2020-12-31 00:00:00","REPORT_TYPE_SQ":"2020年年报","OPERATE_INCOME_SQ":768662473.88,"DPS_HKD":0.15,"OPERATE_INCOME_QOQ_SQ":0,"NET_PROFIT_RATIO_SQ":5.1021148674,"HOLDER_PROFIT_SQ":39218042.36,"HOLDER_PROFIT_QOQ_SQ":0,"ROE_AVG_SQ":3.913546401569,"PE_TTM_SQ":-4.937878239569,"PB_TTM_SQ":0.316912643402,"ROA_SQ":3.03410342185,"START_DATE":"2021-04-01 00:00:00","FISCAL_YEAR":"3-31","CURRENCY":"HKD","IS_CNY_CODE":0,"DPS_HKD_LY":0.17,"ORG_TYPE":"一般企业","PREMIUM_INCOME":null,"PREMIUM_INCOME_YOY":null,"NET_INTEREST_INCOME":null,"NET_INTEREST_INCOME_YOY":null,"FEE_COMMISSION_INCOME":null,"FEE_COMMISSION_INCOME_YOY":null,"ACCOUNTS_RECE_TDAYS":3.856340968625,"INVENTORY_TDAYS":7.728231019477,"CURRENT_ASSETS_TDAYS":0.850508007801,"TOTAL_ASSETS_TDAYS":0.522742396563,"PREMIUM_EXPENSE":null,"LOAN_DEPOSIT":null,"LOAN_EQUITY":null,"LOAN_ASSETS":null,"DEPOSIT_EQUITY":null,"DEPOSIT_ASSETS":null,"EQUITY_MULTIPLIER":1.28116987303,"EQUITY_RATIO":0.28116987303},{"SECUCODE":"00684.HK","SECURITY_CODE":"00684","SECURITY_NAME_ABBR":"亚伦国际","ORG_CODE":"10009053","STD_REPORT_DATE":"2021-06-30 00:00:00","REPORT_DATE":"2021-09-30 00:00:00","DATE_TYPE_CODE":"002","REPORT_TYPE":"2021年中报","PER_NETCASH_OPERATE":-0.166204116471,"PER_OI":1.111040608046,"BPS":2.852518310275,"BASIC_EPS":0.02332568,"DILUTED_EPS":null,"OPERATE_INCOME":371474782.96,"OPERATE_INCOME_YOY":1.6309599781,"GROSS_PROFIT":35003515.08,"GROSS_PROFIT_YOY":-44.118367361775,"HOLDER_PROFIT":7818268.1,"HOLDER_PROFIT_YOY":-51.2973533991,"GROSS_PROFIT_RATIO":9.422850940536,"EPS_TTM":0.11691783003,"OPERATE_INCOME_QOQ":0,"NET_PROFIT_RATIO":2.1046564824,"ROE_AVG":0.800282763734,"GROSS_PROFIT_QOQ":0,"ROA":0.601832494979,"HOLDER_PROFIT_QOQ":0,"ROE_YEARLY":1.600565527468,"ROIC_YEARLY":1.844770022929,"TOTAL_ASSETS":1278650465.04,"TOTAL_LIABILITIES":328606348.42,"TAX_EBT":27.050136027983,"OCF_SALES":-14.959319692498,"TOTAL_PARENT_EQUITY":950044116.62,"DEBT_ASSET_RATIO":25.6994665395,"OPERATE_PROFIT":10808953.5,"PRETAX_PROFIT":10717316.9,"NETCASH_OPERATE":-55570100.36,"NETCASH_INVEST":15132534.9,"NETCASH_FINANCE":-68098489.7,"END_CASH":327271786.3,"DIVI_RATIO":1.162246168653,"DIVIDEND_RATE":21.12676056338,"CURRENT_RATIO":2.811355479349,"COMMON_ACS":600000000,"CURRENTDEBT_DEBT":85.679554425451,"ISSUED_COMMON_SHARES":333054520,"HK_COMMON_SHARES":333054520,"PER_SHARES":2000,"TOTAL_MARKET_CAP":236468709.2,"HKSK_MARKET_CAP":236468709.2,"PE_TTM":-3.039795210243,"PB_TTM":0.2953684215,"REPORT_DATE_SQ":"2020-06-30 00:00:00","REPORT_TYPE_SQ":"2020年中报","OPERATE_INCOME_SQ":385547187.2,"DPS_HKD":0.15,"OPERATE_INCOME_QOQ_SQ":0,"NET_PROFIT_RATIO_SQ":4.3919226912,"HOLDER_PROFIT_SQ":16932934.4,"HOLDER_PROFIT_QOQ_SQ":0,"ROE_AVG_SQ":1.646038509784,"PE_TTM_SQ":-4.937878239569,"PB_TTM_SQ":0.316912643402,"ROA_SQ":1.259071012062,"START_DATE":"2021-04-01 00:00:00","FISCAL_YEAR":"3-31","CURRENCY":"HKD","IS_CNY_CODE":0,"DPS_HKD_LY":0.17,"ORG_TYPE":"一般企业","PREMIUM_INCOME":null,"PREMIUM_INCOME_YOY":null,"NET_INTEREST_INCOME":null,"NET_INTEREST_INCOME_YOY":null,"FEE_COMMISSION_INCOME":null,"FEE_COMMISSION_INCOME_YOY":null,"ACCOUNTS_RECE_TDAYS":1.706326459547,"INVENTORY_TDAYS":3.64550266938,"CURRENT_ASSETS_TDAYS":0.452944567323,"TOTAL_ASSETS_TDAYS":0.285952838392,"PREMIUM_EXPENSE":null,"LOAN_DEPOSIT":null,"LOAN_EQUITY":null,"LOAN_ASSETS":null,"DEPOSIT_EQUITY":null,"DEPOSIT_ASSETS":null,"EQUITY_MULTIPLIER":1.345885356976,"EQUITY_RATIO":0.345885356976},{"SECUCODE":"00684.HK","SECURITY_CODE":"00684","SECURITY_NAME_ABBR":"亚伦国际","ORG_CODE":"10009053","STD_REPORT_DATE":"2020-12-31 00:00:00","REPORT_DATE":"2021-03-31 00:00:00","DATE_TYPE_CODE":"001","REPORT_TYPE":"2020年年报","PER_NETCASH_OPERATE":-0.042055848908,"PER_OI":2.291556208921,"BPS":3.057868210046,"BASIC_EPS":0.11663484,"DILUTED_EPS":null,"OPERATE_INCOME":768662473.88,"OPERATE_INCOME_YOY":-7.4650373664,"GROSS_PROFIT":129365786.34,"GROSS_PROFIT_YOY":-1.542029040067,"HOLDER_PROFIT":39218042.36,"HOLDER_PROFIT_YOY":355.4613521251,"GROSS_PROFIT_RATIO":16.829985947798,"EPS_TTM":-0.002081246833,"OPERATE_INCOME_QOQ":0,"NET_PROFIT_RATIO":5.1021148674,"ROE_AVG":3.913546401569,"GROSS_PROFIT_QOQ":0,"ROA":3.03410342185,"HOLDER_PROFIT_QOQ":0,"ROE_YEARLY":3.913546401569,"ROIC_YEARLY":5.197478883352,"TOTAL_ASSETS":1338700886.32,"TOTAL_LIABILITIES":320264057.4,"TAX_EBT":14.922718688693,"OCF_SALES":-1.835252774705,"TOTAL_PARENT_EQUITY":1018436828.92,"DEBT_ASSET_RATIO":23.9234963294,"OPERATE_PROFIT":46409678.98,"PRETAX_PROFIT":46096962.38,"NETCASH_OPERATE":-14106899.38,"NETCASH_INVEST":129127445.58,"NETCASH_FINANCE":-30158557.94,"END_CASH":440137627.16,"DIVI_RATIO":-65.291294541703,"DIVIDEND_RATE":21.12676056338,"CURRENT_RATIO":3.180841531454,"COMMON_ACS":600000000,"CURRENTDEBT_DEBT":84.526693584567,"ISSUED_COMMON_SHARES":333054520,"HK_COMMON_SHARES":333054520,"PER_SHARES":2000,"TOTAL_MARKET_CAP":236468709.2,"HKSK_MARKET_CAP":236468709.2,"PE_TTM":-3.039795210243,"PB_TTM":0.2953684215,"REPORT_DATE_SQ":"2019-12-31 00:00:00","REPORT_TYPE_SQ":"2019年年报","OPERATE_INCOME_SQ":898016339.5,"DPS_HKD":0.15,"OPERATE_INCOME_QOQ_SQ":0,"NET_PROFIT_RATIO_SQ":-1.8481230318,"HOLDER_PROFIT_SQ":-16596446.8,"HOLDER_PROFIT_QOQ_SQ":0,"ROE_AVG_SQ":-1.579321015429,"PE_TTM_SQ":-4.937878239569,"PB_TTM_SQ":0.316912643402,"ROA_SQ":-1.222535192308,"START_DATE":"2020-04-01 00:00:00","FISCAL_YEAR":"3-31","CURRENCY":"HKD","IS_CNY_CODE":0,"DPS_HKD_LY":0.09,"ORG_TYPE":"一般企业","PREMIUM_INCOME":null,"PREMIUM_INCOME_YOY":null,"NET_INTEREST_INCOME":null,"NET_INTEREST_INCOME_YOY":null,"FEE_COMMISSION_INCOME":null,"FEE_COMMISSION_INCOME_YOY":null,"ACCOUNTS_RECE_TDAYS":4.859361767495,"INVENTORY_TDAYS":10.07429161256,"CURRENT_ASSETS_TDAYS":0.938177031701,"TOTAL_ASSETS_TDAYS":0.594675639554,"PREMIUM_EXPENSE":null,"LOAN_DEPOSIT":null,"LOAN_EQUITY":null,"LOAN_ASSETS":null,"DEPOSIT_EQUITY":null,"DEPOSIT_ASSETS":null,"EQUITY_MULTIPLIER":1.314466296098,"EQUITY_RATIO":0.314466296098},{"SECUCODE":"00684.HK","SECURITY_CODE":"00684","SECURITY_NAME_ABBR":"亚伦国际","ORG_CODE":"10009053","STD_REPORT_DATE":"2020-06-30 00:00:00","REPORT_DATE":"2020-09-30 00:00:00","DATE_TYPE_CODE":"002","REPORT_TYPE":"2020年中报","PER_NETCASH_OPERATE":0.116910298858,"PER_OI":1.149403126447,"BPS":3.100133799115,"BASIC_EPS":0.050438528,"DILUTED_EPS":null,"OPERATE_INCOME":385547187.2,"OPERATE_INCOME_YOY":-22.847381091,"GROSS_PROFIT":62638676.48,"GROSS_PROFIT_YOY":-8.641478878394,"HOLDER_PROFIT":16932934.4,"HOLDER_PROFIT_YOY":1580.0348735833,"GROSS_PROFIT_RATIO":16.246695232018,"EPS_TTM":-0.049477751293,"OPERATE_INCOME_QOQ":0,"NET_PROFIT_RATIO":4.3919226912,"ROE_AVG":1.646038509784,"GROSS_PROFIT_QOQ":0,"ROA":1.259071012062,"HOLDER_PROFIT_QOQ":0,"ROE_YEARLY":3.292077019568,"ROIC_YEARLY":4.480124243819,"TOTAL_ASSETS":1393838844.8,"TOTAL_LIABILITIES":361325270.4,"TAX_EBT":13.135593220339,"OCF_SALES":10.171392105023,"TOTAL_PARENT_EQUITY":1032513574.4,"DEBT_ASSET_RATIO":25.9230306106,"OPERATE_PROFIT":19697387.52,"PRETAX_PROFIT":19493524.48,"NETCASH_OPERATE":39215516.16,"NETCASH_INVEST":130866012.16,"NETCASH_FINANCE":-23087489.28,"END_CASH":521094140.8,"DIVI_RATIO":-2.746432415582,"DIVIDEND_RATE":21.12676056338,"CURRENT_RATIO":2.923655153534,"COMMON_ACS":600000000,"CURRENTDEBT_DEBT":85.281192621506,"ISSUED_COMMON_SHARES":333054520,"HK_COMMON_SHARES":333054520,"PER_SHARES":2000,"TOTAL_MARKET_CAP":236468709.2,"HKSK_MARKET_CAP":236468709.2,"PE_TTM":-3.039795210243,"PB_TTM":0.2953684215,"REPORT_DATE_SQ":"2019-06-30 00:00:00","REPORT_TYPE_SQ":"2019年中报","OPERATE_INCOME_SQ":512964968.91,"DPS_HKD":0.15,"OPERATE_INCOME_QOQ_SQ":0,"NET_PROFIT_RATIO_SQ":0.2016912524,"HOLDER_PROFIT_SQ":1034605.47,"HOLDER_PROFIT_QOQ_SQ":0,"ROE_AVG_SQ":0.098420129534,"PE_TTM_SQ":-4.937878239569,"PB_TTM_SQ":0.316912643402,"ROA_SQ":0.073879719051,"START_DATE":"2020-04-01 00:00:00","FISCAL_YEAR":"3-31","CURRENCY":"HKD","IS_CNY_CODE":0,"DPS_HKD_LY":0.09,"ORG_TYPE":"一般企业","PREMIUM_INCOME":null,"PREMIUM_INCOME_YOY":null,"NET_INTEREST_INCOME":null,"NET_INTEREST_INCOME_YOY":null,"FEE_COMMISSION_INCOME":null,"FEE_COMMISSION_INCOME_YOY":null,"ACCOUNTS_RECE_TDAYS":2.566816138251,"INVENTORY_TDAYS":5.939582020075,"CURRENT_ASSETS_TDAYS":0.451115141495,"TOTAL_ASSETS_TDAYS":0.286678773873,"PREMIUM_EXPENSE":null,"LOAN_DEPOSIT":null,"LOAN_EQUITY":null,"LOAN_ASSETS":null,"DEPOSIT_EQUITY":null,"DEPOSIT_ASSETS":null,"EQUITY_MULTIPLIER":1.349947234941,"EQUITY_RATIO":0.349947234941}],"count":48},"success":true,"message":"ok","code":0}