{"version":"5d3691346af4902dd7177af3b554c607","result":{"pages":10,"data":[{"SECUCODE":"00685.HK","SECURITY_CODE":"00685","SECURITY_NAME_ABBR":"世界华文媒体","ORG_CODE":"10009054","STD_REPORT_DATE":"2024-06-30 00:00:00","REPORT_DATE":"2024-09-30 00:00:00","DATE_TYPE_CODE":"002","REPORT_TYPE":"2024年中报","PER_NETCASH_OPERATE":-0.002774565996,"PER_OI":0.36767023632,"BPS":0.601210446148,"BASIC_EPS":-0.00840888,"DILUTED_EPS":-0.00840888,"OPERATE_INCOME":608221297.8,"OPERATE_INCOME_YOY":12.0221470793,"GROSS_PROFIT":153258845.4,"GROSS_PROFIT_YOY":8.751975155395,"HOLDER_PROFIT":-13468222.8,"HOLDER_PROFIT_YOY":60.8872608873,"GROSS_PROFIT_RATIO":25.19787550261,"EPS_TTM":-0.046144588119,"OPERATE_INCOME_QOQ":4.457145846605,"NET_PROFIT_RATIO":-2.6844245769,"ROE_AVG":-1.430666279598,"GROSS_PROFIT_QOQ":3.445609591776,"ROA":-0.934354544283,"HOLDER_PROFIT_QOQ":14.9804191999,"ROE_YEARLY":-2.861332559195,"ROIC_YEARLY":-3.729721338198,"TOTAL_ASSETS":1505862230.4,"TOTAL_LIABILITIES":537194291.4,"TAX_EBT":-25.4036598493,"OCF_SALES":-0.754634376764,"TOTAL_PARENT_EQUITY":983509612.2,"DEBT_ASSET_RATIO":35.6735351054,"OPERATE_PROFIT":-6965355.6,"PRETAX_PROFIT":-13019749.2,"NETCASH_OPERATE":-4589847,"NETCASH_INVEST":4708972.8,"NETCASH_FINANCE":10497085.2,"END_CASH":529605277.2,"DIVI_RATIO":-0.230642366394,"DIVIDEND_RATE":5.929292929293,"CURRENT_RATIO":2.051156193946,"COMMON_ACS":2500000000,"CURRENTDEBT_DEBT":93.811716518177,"ISSUED_COMMON_SHARES":1635882441,"HK_COMMON_SHARES":1635882441,"PER_SHARES":1000,"TOTAL_MARKET_CAP":323904723.318,"HKSK_MARKET_CAP":323904723.318,"PE_TTM":-4.179336904816,"PB_TTM":0.296991546169,"REPORT_DATE_SQ":"2023-06-30 00:00:00","REPORT_TYPE_SQ":"2023年中报","OPERATE_INCOME_SQ":556305263.6,"DPS_HKD":0.01174,"OPERATE_INCOME_QOQ_SQ":6.512304698817,"NET_PROFIT_RATIO_SQ":-6.8906326631,"HOLDER_PROFIT_SQ":-35281537.2,"HOLDER_PROFIT_QOQ_SQ":-1050.05820678898,"ROE_AVG_SQ":-3.377899982815,"PE_TTM_SQ":-6.531184667015,"PB_TTM_SQ":0.294548597053,"ROA_SQ":-2.394439287515,"START_DATE":"2024-04-01 00:00:00","FISCAL_YEAR":"3-31","CURRENCY":"HKD","IS_CNY_CODE":0,"DPS_HKD_LY":0.01174,"ORG_TYPE":"一般企业","PREMIUM_INCOME":null,"PREMIUM_INCOME_YOY":null,"NET_INTEREST_INCOME":null,"NET_INTEREST_INCOME_YOY":null,"FEE_COMMISSION_INCOME":null,"FEE_COMMISSION_INCOME_YOY":null,"ACCOUNTS_RECE_TDAYS":4.050067658999,"INVENTORY_TDAYS":7.408683745079,"CURRENT_ASSETS_TDAYS":0.615551001014,"TOTAL_ASSETS_TDAYS":0.421951984288,"PREMIUM_EXPENSE":null,"LOAN_DEPOSIT":null,"LOAN_EQUITY":null,"LOAN_ASSETS":null,"DEPOSIT_EQUITY":null,"DEPOSIT_ASSETS":null,"EQUITY_MULTIPLIER":1.554570116108,"EQUITY_RATIO":0.546201363704},{"SECUCODE":"00685.HK","SECURITY_CODE":"00685","SECURITY_NAME_ABBR":"世界华文媒体","ORG_CODE":"10009054","STD_REPORT_DATE":"2024-03-31 00:00:00","REPORT_DATE":"2024-06-30 00:00:00","DATE_TYPE_CODE":"003","REPORT_TYPE":"2024年一季报","PER_NETCASH_OPERATE":-0.006297908107,"PER_OI":0.1830701779,"BPS":0.545531268283,"BASIC_EPS":-0.0035634,"DILUTED_EPS":-0.0035634,"OPERATE_INCOME":308882638.8,"OPERATE_INCOME_YOY":19.3539503759,"GROSS_PROFIT":75936054,"GROSS_PROFIT_YOY":10.621230065948,"HOLDER_PROFIT":-5993638.8,"HOLDER_PROFIT_YOY":69.1715542522,"GROSS_PROFIT_RATIO":24.584112041716,"EPS_TTM":-0.054275247754,"OPERATE_INCOME_QOQ":3.022234967232,"NET_PROFIT_RATIO":-2.381117187,"ROE_AVG":-0.663369538639,"GROSS_PROFIT_QOQ":-20.091866849182,"ROA":-0.422102935899,"HOLDER_PROFIT_QOQ":-59.437967127048,"ROE_YEARLY":-2.653478154555,"ROIC_YEARLY":-3.342341626262,"TOTAL_ASSETS":1439399796,"TOTAL_LIABILITIES":560244874.8,"TAX_EBT":-17.673888255416,"OCF_SALES":-3.440160586973,"TOTAL_PARENT_EQUITY":892425022.8,"DEBT_ASSET_RATIO":38.9221171461,"OPERATE_PROFIT":-3249820.8,"PRETAX_PROFIT":-6250203.6,"NETCASH_OPERATE":-10626058.8,"NETCASH_INVEST":-3641794.8,"NETCASH_FINANCE":34921320,"END_CASH":507506554.8,"DIVI_RATIO":-0.196091173056,"DIVIDEND_RATE":5.754901960784,"CURRENT_RATIO":1.905625888565,"COMMON_ACS":2500000000,"CURRENTDEBT_DEBT":93.949956113012,"ISSUED_COMMON_SHARES":1635882441,"HK_COMMON_SHARES":1635882441,"PER_SHARES":1000,"TOTAL_MARKET_CAP":333720017.964,"HKSK_MARKET_CAP":333720017.964,"PE_TTM":-4.305983477689,"PB_TTM":0.305991289992,"REPORT_DATE_SQ":"2023-03-31 00:00:00","REPORT_TYPE_SQ":"2023年一季报","OPERATE_INCOME_SQ":262390475.4,"DPS_HKD":0.01174,"OPERATE_INCOME_QOQ_SQ":2.159735723907,"NET_PROFIT_RATIO_SQ":-7.9943821772,"HOLDER_PROFIT_SQ":-19711982.4,"HOLDER_PROFIT_QOQ_SQ":-120.648534612924,"ROE_AVG_SQ":-1.856072718861,"PE_TTM_SQ":-6.253261915227,"PB_TTM_SQ":0.2820146142,"ROA_SQ":-1.31255758678,"START_DATE":"2024-04-01 00:00:00","FISCAL_YEAR":"3-31","CURRENCY":"HKD","IS_CNY_CODE":0,"DPS_HKD_LY":0.01174,"ORG_TYPE":"一般企业","PREMIUM_INCOME":null,"PREMIUM_INCOME_YOY":null,"NET_INTEREST_INCOME":null,"NET_INTEREST_INCOME_YOY":null,"FEE_COMMISSION_INCOME":null,"FEE_COMMISSION_INCOME_YOY":null,"ACCOUNTS_RECE_TDAYS":1.959313758731,"INVENTORY_TDAYS":3.623323356612,"CURRENT_ASSETS_TDAYS":0.314931278407,"TOTAL_ASSETS_TDAYS":0.217531074254,"PREMIUM_EXPENSE":null,"LOAN_DEPOSIT":null,"LOAN_EQUITY":null,"LOAN_ASSETS":null,"DEPOSIT_EQUITY":null,"DEPOSIT_ASSETS":null,"EQUITY_MULTIPLIER":1.637253868789,"EQUITY_RATIO":0.62777808834},{"SECUCODE":"00685.HK","SECURITY_CODE":"00685","SECURITY_NAME_ABBR":"世界华文媒体","ORG_CODE":"10009054","STD_REPORT_DATE":"2023-12-31 00:00:00","REPORT_DATE":"2024-03-31 00:00:00","DATE_TYPE_CODE":"001","REPORT_TYPE":"2023年年报","PER_NETCASH_OPERATE":0.005639041391,"PER_OI":0.618225643009,"BPS":0.556594173383,"BASIC_EPS":-0.053922,"DILUTED_EPS":-0.053922,"OPERATE_INCOME":1043092710,"OPERATE_INCOME_YOY":10.827334062,"GROSS_PROFIT":211601280,"GROSS_PROFIT_YOY":-34.932596489421,"HOLDER_PROFIT":-91575165,"HOLDER_PROFIT_YOY":-5168.1632653061,"GROSS_PROFIT_RATIO":20.285951380103,"EPS_TTM":-0.034041607988,"OPERATE_INCOME_QOQ":1.80356358389,"NET_PROFIT_RATIO":-9.2716538111,"ROE_AVG":-9.165373676979,"GROSS_PROFIT_QOQ":-7.98825953316,"ROA":-6.341166240057,"HOLDER_PROFIT_QOQ":-29.427074880132,"ROE_YEARLY":-9.165373676979,"ROIC_YEARLY":-11.710640923278,"TOTAL_ASSETS":1394245545,"TOTAL_LIABILITIES":495734745,"TAX_EBT":-0.250055159226,"OCF_SALES":0.912133208179,"TOTAL_PARENT_EQUITY":910522635,"DEBT_ASSET_RATIO":35.5557704149,"OPERATE_PROFIT":-87147885,"PRETAX_PROFIT":-96470715,"NETCASH_OPERATE":9514395,"NETCASH_INVEST":34559745,"NETCASH_FINANCE":21767460,"END_CASH":483190785,"DIVI_RATIO":-0.312643780036,"DIVIDEND_RATE":5.754901960784,"CURRENT_RATIO":2.079869487227,"COMMON_ACS":2500000000,"CURRENTDEBT_DEBT":92.553419873767,"ISSUED_COMMON_SHARES":1635882441,"HK_COMMON_SHARES":1635882441,"PER_SHARES":1000,"TOTAL_MARKET_CAP":333720017.964,"HKSK_MARKET_CAP":333720017.964,"PE_TTM":-4.305983477689,"PB_TTM":0.305991289992,"REPORT_DATE_SQ":"2022-12-31 00:00:00","REPORT_TYPE_SQ":"2022年年报","OPERATE_INCOME_SQ":911565363.5,"DPS_HKD":0.01174,"OPERATE_INCOME_QOQ_SQ":2.666579573051,"NET_PROFIT_RATIO_SQ":-0.6656364253,"HOLDER_PROFIT_SQ":-1683566.5,"HOLDER_PROFIT_QOQ_SQ":-38.536530964741,"ROE_AVG_SQ":-0.155167390781,"PE_TTM_SQ":-6.253261915227,"PB_TTM_SQ":0.2820146142,"ROA_SQ":-0.113926993722,"START_DATE":"2023-04-01 00:00:00","FISCAL_YEAR":"3-31","CURRENCY":"HKD","IS_CNY_CODE":0,"DPS_HKD_LY":0.01176,"ORG_TYPE":"一般企业","PREMIUM_INCOME":null,"PREMIUM_INCOME_YOY":null,"NET_INTEREST_INCOME":null,"NET_INTEREST_INCOME_YOY":null,"FEE_COMMISSION_INCOME":null,"FEE_COMMISSION_INCOME_YOY":null,"ACCOUNTS_RECE_TDAYS":7.311781966479,"INVENTORY_TDAYS":11.754074519834,"CURRENT_ASSETS_TDAYS":1.125462186804,"TOTAL_ASSETS_TDAYS":0.722294552011,"PREMIUM_EXPENSE":null,"LOAN_DEPOSIT":null,"LOAN_EQUITY":null,"LOAN_ASSETS":null,"DEPOSIT_EQUITY":null,"DEPOSIT_ASSETS":null,"EQUITY_MULTIPLIER":1.551729311434,"EQUITY_RATIO":0.544450764807},{"SECUCODE":"00685.HK","SECURITY_CODE":"00685","SECURITY_NAME_ABBR":"世界华文媒体","ORG_CODE":"10009054","STD_REPORT_DATE":"2023-09-30 00:00:00","REPORT_DATE":"2023-12-31 00:00:00","DATE_TYPE_CODE":"004","REPORT_TYPE":"2023年三季报","PER_NETCASH_OPERATE":-0.023335635131,"PER_OI":0.477899870751,"BPS":0.602518711245,"BASIC_EPS":-0.02549772,"DILUTED_EPS":-0.02549772,"OPERATE_INCOME":806329981.5,"OPERATE_INCOME_YOY":12.4017613838,"GROSS_PROFIT":205051247.7,"GROSS_PROFIT_YOY":-22.752984681062,"HOLDER_PROFIT":-42666184.8,"HOLDER_PROFIT_YOY":-420.596061735,"GROSS_PROFIT_RATIO":25.430190170846,"EPS_TTM":-0.026301767246,"OPERATE_INCOME_QOQ":2.433347448419,"NET_PROFIT_RATIO":-5.7710044359,"ROE_AVG":-4.119298269608,"GROSS_PROFIT_QOQ":-10.155118576781,"ROA":-2.952550397741,"HOLDER_PROFIT_QOQ":-129.197949837266,"ROE_YEARLY":-5.49239769281,"ROIC_YEARLY":-5.176547421608,"TOTAL_ASSETS":1398684513.3,"TOTAL_LIABILITIES":423425054.1,"TAX_EBT":-2.768653214453,"OCF_SALES":-4.882954894813,"TOTAL_PARENT_EQUITY":985649780.1,"DEBT_ASSET_RATIO":30.2730923288,"OPERATE_PROFIT":-38338655.1,"PRETAX_PROFIT":-45279701.1,"NETCASH_OPERATE":-39372729.3,"NETCASH_INVEST":29357791.5,"NETCASH_FINANCE":-19378267.2,"END_CASH":397155319.8,"DIVI_RATIO":-0.404645699295,"DIVIDEND_RATE":5.754901960784,"CURRENT_RATIO":2.21419909602,"COMMON_ACS":2500000000,"CURRENTDEBT_DEBT":91.039258652125,"ISSUED_COMMON_SHARES":1635882441,"HK_COMMON_SHARES":1635882441,"PER_SHARES":1000,"TOTAL_MARKET_CAP":333720017.964,"HKSK_MARKET_CAP":333720017.964,"PE_TTM":-4.305983477689,"PB_TTM":0.305991289992,"REPORT_DATE_SQ":"2022-09-30 00:00:00","REPORT_TYPE_SQ":"2022年三季报","OPERATE_INCOME_SQ":705402546.4,"DPS_HKD":0.01174,"OPERATE_INCOME_QOQ_SQ":9.377546722356,"NET_PROFIT_RATIO_SQ":1.4553137712,"HOLDER_PROFIT_SQ":13086483.4,"HOLDER_PROFIT_QOQ_SQ":3.590216718322,"ROE_AVG_SQ":1.179816905477,"PE_TTM_SQ":-6.253261915227,"PB_TTM_SQ":0.2820146142,"ROA_SQ":0.863324557655,"START_DATE":"2023-04-01 00:00:00","FISCAL_YEAR":"3-31","CURRENCY":"HKD","IS_CNY_CODE":0,"DPS_HKD_LY":0.01176,"ORG_TYPE":"一般企业","PREMIUM_INCOME":null,"PREMIUM_INCOME_YOY":null,"NET_INTEREST_INCOME":null,"NET_INTEREST_INCOME_YOY":null,"FEE_COMMISSION_INCOME":null,"FEE_COMMISSION_INCOME_YOY":null,"ACCOUNTS_RECE_TDAYS":5.225723531707,"INVENTORY_TDAYS":8.651617834395,"CURRENT_ASSETS_TDAYS":0.920826475025,"TOTAL_ASSETS_TDAYS":0.557989873889,"PREMIUM_EXPENSE":null,"LOAN_DEPOSIT":null,"LOAN_EQUITY":null,"LOAN_ASSETS":null,"DEPOSIT_EQUITY":null,"DEPOSIT_ASSETS":null,"EQUITY_MULTIPLIER":1.434166569835,"EQUITY_RATIO":0.429589761646},{"SECUCODE":"00685.HK","SECURITY_CODE":"00685","SECURITY_NAME_ABBR":"世界华文媒体","ORG_CODE":"10009054","STD_REPORT_DATE":"2023-06-30 00:00:00","REPORT_DATE":"2023-09-30 00:00:00","DATE_TYPE_CODE":"002","REPORT_TYPE":"2023年中报","PER_NETCASH_OPERATE":0.005089412254,"PER_OI":0.329713913252,"BPS":0.604076997242,"BASIC_EPS":-0.02082142,"DILUTED_EPS":-0.02082142,"OPERATE_INCOME":556305263.6,"OPERATE_INCOME_YOY":16.2241622416,"GROSS_PROFIT":140925114.4,"GROSS_PROFIT_YOY":-20.976324574286,"HOLDER_PROFIT":-35281537.2,"HOLDER_PROFIT_YOY":-570.6896551724,"GROSS_PROFIT_RATIO":25.332335252059,"EPS_TTM":-0.011475568287,"OPERATE_INCOME_QOQ":6.512304698817,"NET_PROFIT_RATIO":-6.8906326631,"ROE_AVG":-3.377899982815,"GROSS_PROFIT_QOQ":-1.50007348098,"ROA":-2.394439287515,"HOLDER_PROFIT_QOQ":-1050.05820678898,"ROE_YEARLY":-6.75579996563,"ROIC_YEARLY":-8.553748139638,"TOTAL_ASSETS":1435069704.8,"TOTAL_LIABILITIES":456261930.4,"TAX_EBT":-4.033515198753,"OCF_SALES":1.543584316357,"TOTAL_PARENT_EQUITY":988198952.8,"DEBT_ASSET_RATIO":31.7937121015,"OPERATE_PROFIT":-32402437.4,"PRETAX_PROFIT":-36846733.6,"NETCASH_OPERATE":8587040.8,"NETCASH_INVEST":-287192,"NETCASH_FINANCE":-17770005,"END_CASH":417426392.2,"DIVI_RATIO":-0.927439646889,"DIVIDEND_RATE":5.754901960784,"CURRENT_RATIO":2.118709810885,"COMMON_ACS":2500000000,"CURRENTDEBT_DEBT":91.280606785422,"ISSUED_COMMON_SHARES":1635882441,"HK_COMMON_SHARES":1635882441,"PER_SHARES":1000,"TOTAL_MARKET_CAP":333720017.964,"HKSK_MARKET_CAP":333720017.964,"PE_TTM":-4.305983477689,"PB_TTM":0.305991289992,"REPORT_DATE_SQ":"2022-06-30 00:00:00","REPORT_TYPE_SQ":"2022年中报","OPERATE_INCOME_SQ":473315266.8,"DPS_HKD":0.01174,"OPERATE_INCOME_QOQ_SQ":2.273917783786,"NET_PROFIT_RATIO_SQ":1.2045120451,"HOLDER_PROFIT_SQ":7412191.2,"HOLDER_PROFIT_QOQ_SQ":404.3065829684,"ROE_AVG_SQ":0.672797458321,"PE_TTM_SQ":-6.253261915227,"PB_TTM_SQ":0.2820146142,"ROA_SQ":0.48889679782,"START_DATE":"2023-04-01 00:00:00","FISCAL_YEAR":"3-31","CURRENCY":"HKD","IS_CNY_CODE":0,"DPS_HKD_LY":0.01176,"ORG_TYPE":"一般企业","PREMIUM_INCOME":null,"PREMIUM_INCOME_YOY":null,"NET_INTEREST_INCOME":null,"NET_INTEREST_INCOME_YOY":null,"FEE_COMMISSION_INCOME":null,"FEE_COMMISSION_INCOME_YOY":null,"ACCOUNTS_RECE_TDAYS":3.931200690023,"INVENTORY_TDAYS":5.393558010535,"CURRENT_ASSETS_TDAYS":0.620707610842,"TOTAL_ASSETS_TDAYS":0.377545675367,"PREMIUM_EXPENSE":null,"LOAN_DEPOSIT":null,"LOAN_EQUITY":null,"LOAN_ASSETS":null,"DEPOSIT_EQUITY":null,"DEPOSIT_ASSETS":null,"EQUITY_MULTIPLIER":1.466140484713,"EQUITY_RATIO":0.461710598971},{"SECUCODE":"00685.HK","SECURITY_CODE":"00685","SECURITY_NAME_ABBR":"世界华文媒体","ORG_CODE":"10009054","STD_REPORT_DATE":"2023-03-31 00:00:00","REPORT_DATE":"2023-06-30 00:00:00","DATE_TYPE_CODE":"003","REPORT_TYPE":"2023年一季报","PER_NETCASH_OPERATE":0.007498876264,"PER_OI":0.15551495933,"BPS":0.621216101188,"BASIC_EPS":-0.01156128,"DILUTED_EPS":-0.01156128,"OPERATE_INCOME":262390475.4,"OPERATE_INCOME_YOY":20.039006975,"GROSS_PROFIT":68645100,"GROSS_PROFIT_YOY":-6.635013971813,"HOLDER_PROFIT":-19711982.4,"HOLDER_PROFIT_YOY":-800.3300330033,"GROSS_PROFIT_RATIO":26.161429790984,"EPS_TTM":-0.000997824999,"OPERATE_INCOME_QOQ":2.159735723907,"NET_PROFIT_RATIO":-7.9943821772,"ROE_AVG":-1.856072718861,"GROSS_PROFIT_QOQ":-3.058782032933,"ROA":-1.31255758678,"HOLDER_PROFIT_QOQ":-120.648534612924,"ROE_YEARLY":-7.424290875443,"ROIC_YEARLY":-7.455665369623,"TOTAL_ASSETS":1482026031.6,"TOTAL_LIABILITIES":472733513.4,"TAX_EBT":-0.903719151894,"OCF_SALES":4.821964585686,"TOTAL_PARENT_EQUITY":1016236512,"DEBT_ASSET_RATIO":31.8977874423,"OPERATE_PROFIT":-18743725.2,"PRETAX_PROFIT":-20788626.6,"NETCASH_OPERATE":12652375.8,"NETCASH_INVEST":-3020384.4,"NETCASH_FINANCE":-1567998.6,"END_CASH":438288124.8,"DIVI_RATIO":-10.666095772059,"DIVIDEND_RATE":5.754901960784,"CURRENT_RATIO":2.118909366322,"COMMON_ACS":2500000000,"CURRENTDEBT_DEBT":90.816685263592,"ISSUED_COMMON_SHARES":1635882441,"HK_COMMON_SHARES":1635882441,"PER_SHARES":1000,"TOTAL_MARKET_CAP":333720017.964,"HKSK_MARKET_CAP":333720017.964,"PE_TTM":-4.305983477689,"PB_TTM":0.305991289992,"REPORT_DATE_SQ":"2022-03-31 00:00:00","REPORT_TYPE_SQ":"2022年一季报","OPERATE_INCOME_SQ":203026561.4,"DPS_HKD":0.01174,"OPERATE_INCOME_QOQ_SQ":-1.493070852056,"NET_PROFIT_RATIO_SQ":-1.239628442,"HOLDER_PROFIT_SQ":-2033554.2,"HOLDER_PROFIT_QOQ_SQ":-88.361984626827,"ROE_AVG_SQ":-0.191785504054,"PE_TTM_SQ":-6.253261915227,"PB_TTM_SQ":0.2820146142,"ROA_SQ":-0.139235125852,"START_DATE":"2023-04-01 00:00:00","FISCAL_YEAR":"3-31","CURRENCY":"HKD","IS_CNY_CODE":0,"DPS_HKD_LY":0.01176,"ORG_TYPE":"一般企业","PREMIUM_INCOME":null,"PREMIUM_INCOME_YOY":null,"NET_INTEREST_INCOME":null,"NET_INTEREST_INCOME_YOY":null,"FEE_COMMISSION_INCOME":null,"FEE_COMMISSION_INCOME_YOY":null,"ACCOUNTS_RECE_TDAYS":null,"INVENTORY_TDAYS":2.45889311752,"CURRENT_ASSETS_TDAYS":0.287454680747,"TOTAL_ASSETS_TDAYS":0.174717388742,"PREMIUM_EXPENSE":null,"LOAN_DEPOSIT":null,"LOAN_EQUITY":null,"LOAN_ASSETS":null,"DEPOSIT_EQUITY":null,"DEPOSIT_ASSETS":null,"EQUITY_MULTIPLIER":1.468381073747,"EQUITY_RATIO":0.465180602958},{"SECUCODE":"00685.HK","SECURITY_CODE":"00685","SECURITY_NAME_ABBR":"世界华文媒体","ORG_CODE":"10009054","STD_REPORT_DATE":"2022-12-31 00:00:00","REPORT_DATE":"2023-03-31 00:00:00","DATE_TYPE_CODE":"001","REPORT_TYPE":"2022年年报","PER_NETCASH_OPERATE":0.026986075271,"PER_OI":0.540271327363,"BPS":0.644011933496,"BASIC_EPS":-0.00068717,"DILUTED_EPS":-0.00068717,"OPERATE_INCOME":911565363.5,"OPERATE_INCOME_YOY":8.3897799603,"GROSS_PROFIT":325203202.5,"GROSS_PROFIT_YOY":9.725670898001,"HOLDER_PROFIT":-1683566.5,"HOLDER_PROFIT_YOY":-161.25,"GROSS_PROFIT_RATIO":35.675247823301,"EPS_TTM":0.004832425242,"OPERATE_INCOME_QOQ":2.666579573051,"NET_PROFIT_RATIO":-0.6656364253,"ROE_AVG":-0.155167390781,"GROSS_PROFIT_QOQ":-0.327234608592,"ROA":-0.113926993722,"HOLDER_PROFIT_QOQ":-38.536530964741,"ROE_YEARLY":-0.155167390781,"ROIC_YEARLY":-0.202247840282,"TOTAL_ASSETS":1447008227.5,"TOTAL_LIABILITIES":398634188.7,"TAX_EBT":151.728178090217,"OCF_SALES":4.99491161283,"TOTAL_PARENT_EQUITY":1053527813.8,"DEBT_ASSET_RATIO":27.5488543274,"OPERATE_PROFIT":17351042.5,"PRETAX_PROFIT":11729991.9,"NETCASH_OPERATE":45531884.2,"NETCASH_INVEST":-26957679.1,"NETCASH_FINANCE":-29678872.3,"END_CASH":422774470.8,"DIVI_RATIO":2.202392477341,"DIVIDEND_RATE":5.754901960784,"CURRENT_RATIO":2.442802081326,"COMMON_ACS":2500000000,"CURRENTDEBT_DEBT":89.448552860664,"ISSUED_COMMON_SHARES":1635882441,"HK_COMMON_SHARES":1635882441,"PER_SHARES":1000,"TOTAL_MARKET_CAP":333720017.964,"HKSK_MARKET_CAP":333720017.964,"PE_TTM":-4.305983477689,"PB_TTM":0.305991289992,"REPORT_DATE_SQ":"2021-12-31 00:00:00","REPORT_TYPE_SQ":"2021年年报","OPERATE_INCOME_SQ":776937153.4,"DPS_HKD":0.01174,"OPERATE_INCOME_QOQ_SQ":2.493481530171,"NET_PROFIT_RATIO_SQ":-0.1323669998,"HOLDER_PROFIT_SQ":2539280,"HOLDER_PROFIT_QOQ_SQ":1.547985374042,"ROE_AVG_SQ":0.243520082797,"PE_TTM_SQ":-6.253261915227,"PB_TTM_SQ":0.2820146142,"ROA_SQ":0.176539646391,"START_DATE":"2022-04-01 00:00:00","FISCAL_YEAR":"3-31","CURRENCY":"HKD","IS_CNY_CODE":0,"DPS_HKD_LY":0.01171,"ORG_TYPE":"一般企业","PREMIUM_INCOME":null,"PREMIUM_INCOME_YOY":null,"NET_INTEREST_INCOME":null,"NET_INTEREST_INCOME_YOY":null,"FEE_COMMISSION_INCOME":null,"FEE_COMMISSION_INCOME_YOY":null,"ACCOUNTS_RECE_TDAYS":7.053678249541,"INVENTORY_TDAYS":7.55366706502,"CURRENT_ASSETS_TDAYS":1.044005556277,"TOTAL_ASSETS_TDAYS":0.61685654499,"PREMIUM_EXPENSE":null,"LOAN_DEPOSIT":null,"LOAN_EQUITY":null,"LOAN_ASSETS":null,"DEPOSIT_EQUITY":null,"DEPOSIT_ASSETS":null,"EQUITY_MULTIPLIER":1.38024042369,"EQUITY_RATIO":0.378380317518},{"SECUCODE":"00685.HK","SECURITY_CODE":"00685","SECURITY_NAME_ABBR":"世界华文媒体","ORG_CODE":"10009054","STD_REPORT_DATE":"2022-09-30 00:00:00","REPORT_DATE":"2022-12-31 00:00:00","DATE_TYPE_CODE":"004","REPORT_TYPE":"2022年三季报","PER_NETCASH_OPERATE":0.023161173077,"PER_OI":0.418081670639,"BPS":0.664366706776,"BASIC_EPS":0.00766106,"DILUTED_EPS":0.00766106,"OPERATE_INCOME":705402546.4,"OPERATE_INCOME_YOY":9.4417911093,"GROSS_PROFIT":265448764.4,"GROSS_PROFIT_YOY":17.266928348237,"HOLDER_PROFIT":13086483.4,"HOLDER_PROFIT_YOY":60.3242320819,"GROSS_PROFIT_RATIO":37.630820267762,"EPS_TTM":0.007862272204,"OPERATE_INCOME_QOQ":9.377546722356,"NET_PROFIT_RATIO":1.4553137712,"ROE_AVG":1.179816905477,"GROSS_PROFIT_QOQ":10.810450273962,"ROA":0.863324557655,"HOLDER_PROFIT_QOQ":3.590216718322,"ROE_YEARLY":1.573089207302,"ROIC_YEARLY":1.52396864469,"TOTAL_ASSETS":1502744777.4,"TOTAL_LIABILITIES":420466831.2,"TAX_EBT":58.326265196494,"OCF_SALES":5.539868093677,"TOTAL_PARENT_EQUITY":1086825830,"DEBT_ASSET_RATIO":27.9799229732,"OPERATE_PROFIT":28394674.2,"PRETAX_PROFIT":24633790.2,"NETCASH_OPERATE":39078370.6,"NETCASH_INVEST":26075462.4,"NETCASH_FINANCE":-19243189.8,"END_CASH":480132559.4,"DIVI_RATIO":1.353666818345,"DIVIDEND_RATE":5.754901960784,"CURRENT_RATIO":2.36168256315,"COMMON_ACS":2500000000,"CURRENTDEBT_DEBT":91.868747101305,"ISSUED_COMMON_SHARES":1635882441,"HK_COMMON_SHARES":1635882441,"PER_SHARES":1000,"TOTAL_MARKET_CAP":333720017.964,"HKSK_MARKET_CAP":333720017.964,"PE_TTM":-4.305983477689,"PB_TTM":0.305991289992,"REPORT_DATE_SQ":"2021-09-30 00:00:00","REPORT_TYPE_SQ":"2021年三季报","OPERATE_INCOME_SQ":590045532.2,"DPS_HKD":0.01174,"OPERATE_INCOME_QOQ_SQ":-0.585273378796,"NET_PROFIT_RATIO_SQ":1.0016640373,"HOLDER_PROFIT_SQ":7472320.4,"HOLDER_PROFIT_QOQ_SQ":10.963800475443,"ROE_AVG_SQ":0.708694508525,"PE_TTM_SQ":-6.253261915227,"PB_TTM_SQ":0.2820146142,"ROA_SQ":0.510824510859,"START_DATE":"2022-04-01 00:00:00","FISCAL_YEAR":"3-31","CURRENCY":"HKD","IS_CNY_CODE":0,"DPS_HKD_LY":0.01171,"ORG_TYPE":"一般企业","PREMIUM_INCOME":null,"PREMIUM_INCOME_YOY":null,"NET_INTEREST_INCOME":null,"NET_INTEREST_INCOME_YOY":null,"FEE_COMMISSION_INCOME":null,"FEE_COMMISSION_INCOME_YOY":null,"ACCOUNTS_RECE_TDAYS":5.13701721908,"INVENTORY_TDAYS":5.185732463161,"CURRENT_ASSETS_TDAYS":0.784065398133,"TOTAL_ASSETS_TDAYS":0.465359044692,"PREMIUM_EXPENSE":null,"LOAN_DEPOSIT":null,"LOAN_EQUITY":null,"LOAN_ASSETS":null,"DEPOSIT_EQUITY":null,"DEPOSIT_ASSETS":null,"EQUITY_MULTIPLIER":1.388501708528,"EQUITY_RATIO":0.386876001282},{"SECUCODE":"00685.HK","SECURITY_CODE":"00685","SECURITY_NAME_ABBR":"世界华文媒体","ORG_CODE":"10009054","STD_REPORT_DATE":"2022-06-30 00:00:00","REPORT_DATE":"2022-09-30 00:00:00","DATE_TYPE_CODE":"002","REPORT_TYPE":"2022年中报","PER_NETCASH_OPERATE":0.025134065029,"PER_OI":0.280526967889,"BPS":0.641770826123,"BASIC_EPS":0.00425988,"DILUTED_EPS":0.00425988,"OPERATE_INCOME":473315266.8,"OPERATE_INCOME_YOY":13.4392866866,"GROSS_PROFIT":178332776.4,"GROSS_PROFIT_YOY":29.090538185544,"HOLDER_PROFIT":7412191.2,"HOLDER_PROFIT_YOY":304.3052837573,"GROSS_PROFIT_RATIO":37.677376773768,"EPS_TTM":0.007589782562,"OPERATE_INCOME_QOQ":2.273917783786,"NET_PROFIT_RATIO":1.2045120451,"ROE_AVG":0.672797458321,"GROSS_PROFIT_QOQ":2.480809116849,"ROA":0.48889679782,"HOLDER_PROFIT_QOQ":404.3065829684,"ROE_YEARLY":1.345594916641,"ROIC_YEARLY":1.727918966559,"TOTAL_ASSETS":1473627388.2,"TOTAL_LIABILITIES":427230465,"TAX_EBT":62.737819025522,"OCF_SALES":8.959589595896,"TOTAL_PARENT_EQUITY":1049861625.6,"DEBT_ASSET_RATIO":28.9917565608,"OPERATE_PROFIT":17188615.8,"PRETAX_PROFIT":15300069,"NETCASH_OPERATE":42407105.4,"NETCASH_INVEST":27568523.4,"NETCASH_FINANCE":-19311456,"END_CASH":466882848,"DIVI_RATIO":1.402266390768,"DIVIDEND_RATE":5.754901960784,"CURRENT_RATIO":2.263416840011,"COMMON_ACS":2500000000,"CURRENTDEBT_DEBT":91.873701703365,"ISSUED_COMMON_SHARES":1635882441,"HK_COMMON_SHARES":1635882441,"PER_SHARES":1000,"TOTAL_MARKET_CAP":333720017.964,"HKSK_MARKET_CAP":333720017.964,"PE_TTM":-4.305983477689,"PB_TTM":0.305991289992,"REPORT_DATE_SQ":"2021-06-30 00:00:00","REPORT_TYPE_SQ":"2021年中报","OPERATE_INCOME_SQ":381133987.2,"DPS_HKD":0.01174,"OPERATE_INCOME_QOQ_SQ":1.827790659703,"NET_PROFIT_RATIO_SQ":-1.1230601688,"HOLDER_PROFIT_SQ":-3314039.4,"HOLDER_PROFIT_QOQ_SQ":326.143089325651,"ROE_AVG_SQ":-0.311194475232,"PE_TTM_SQ":-6.253261915227,"PB_TTM_SQ":0.2820146142,"ROA_SQ":-0.222031040895,"START_DATE":"2022-04-01 00:00:00","FISCAL_YEAR":"3-31","CURRENCY":"HKD","IS_CNY_CODE":0,"DPS_HKD_LY":0.01171,"ORG_TYPE":"一般企业","PREMIUM_INCOME":null,"PREMIUM_INCOME_YOY":null,"NET_INTEREST_INCOME":null,"NET_INTEREST_INCOME_YOY":null,"FEE_COMMISSION_INCOME":null,"FEE_COMMISSION_INCOME_YOY":null,"ACCOUNTS_RECE_TDAYS":3.437543506845,"INVENTORY_TDAYS":3.633247343798,"CURRENT_ASSETS_TDAYS":0.528041250995,"TOTAL_ASSETS_TDAYS":0.312191512677,"PREMIUM_EXPENSE":null,"LOAN_DEPOSIT":null,"LOAN_EQUITY":null,"LOAN_ASSETS":null,"DEPOSIT_EQUITY":null,"DEPOSIT_ASSETS":null,"EQUITY_MULTIPLIER":1.408287195354,"EQUITY_RATIO":0.406939785761}],"count":84},"success":true,"message":"ok","code":0}