{"version":"27854b124f1b4e637b97b2b38f28b3ee","result":{"pages":5,"data":[{"SECUCODE":"00686.HK","SECURITY_CODE":"00686","SECURITY_NAME_ABBR":"北京能源国际","ORG_CODE":"10009055","STD_REPORT_DATE":"2024-06-30 00:00:00","REPORT_DATE":"2024-06-30 00:00:00","DATE_TYPE_CODE":"002","REPORT_TYPE":"2024年中报","PER_NETCASH_OPERATE":0.057332930362,"PER_OI":0.147363195714,"BPS":2.482645084093,"BASIC_EPS":0.0015,"DILUTED_EPS":0.0015,"OPERATE_INCOME":3272000000,"OPERATE_INCOME_YOY":27.1173271173,"GROSS_PROFIT":3272000000,"GROSS_PROFIT_YOY":27.117327117327,"HOLDER_PROFIT":33000000,"HOLDER_PROFIT_YOY":-69.1588785047,"GROSS_PROFIT_RATIO":null,"EPS_TTM":-0.001441204848,"OPERATE_INCOME_QOQ":12.53591954023,"NET_PROFIT_RATIO":8.924205379,"ROE_AVG":0.588550026752,"GROSS_PROFIT_QOQ":12.53591954023,"ROA":0.034404028399,"HOLDER_PROFIT_QOQ":-176.190476190476,"ROE_YEARLY":1.177100053505,"ROIC_YEARLY":0.087518647439,"TOTAL_ASSETS":101802000000,"TOTAL_LIABILITIES":81364000000,"TAX_EBT":32.718894009217,"OCF_SALES":38.90586797066,"TOTAL_PARENT_EQUITY":5459000000,"DEBT_ASSET_RATIO":79.9237735997,"OPERATE_PROFIT":1473000000,"PRETAX_PROFIT":434000000,"NETCASH_OPERATE":1273000000,"NETCASH_INVEST":-7012000000,"NETCASH_FINANCE":8052000000,"END_CASH":8539000000,"DIVI_RATIO":-6.287933330365,"DIVIDEND_RATE":1.041666666667,"CURRENT_RATIO":0.727401351989,"COMMON_ACS":3000000000,"CURRENTDEBT_DEBT":39.089769431198,"ISSUED_COMMON_SHARES":2198864443,"HK_COMMON_SHARES":2198864443,"PER_SHARES":2000,"TOTAL_MARKET_CAP":2110909865.28,"HKSK_MARKET_CAP":2110909865.28,"PE_TTM":-62.916516774649,"PB_TTM":0.352919072329,"REPORT_DATE_SQ":"2023-06-30 00:00:00","REPORT_TYPE_SQ":"2023年中报","OPERATE_INCOME_SQ":2574000000,"DPS_HKD":0.01,"OPERATE_INCOME_QOQ_SQ":14.313487241798,"NET_PROFIT_RATIO_SQ":9.595959596,"HOLDER_PROFIT_SQ":107000000,"HOLDER_PROFIT_QOQ_SQ":-27.509293680297,"ROE_AVG_SQ":1.823293857033,"PE_TTM_SQ":15.365560912741,"PB_TTM_SQ":0.506773962501,"ROA_SQ":0.165822058983,"START_DATE":"2024-01-01 00:00:00","FISCAL_YEAR":"12-31","CURRENCY":"HKD","IS_CNY_CODE":0,"DPS_HKD_LY":0.01,"ORG_TYPE":"一般企业","PREMIUM_INCOME":null,"PREMIUM_INCOME_YOY":null,"NET_INTEREST_INCOME":null,"NET_INTEREST_INCOME_YOY":null,"FEE_COMMISSION_INCOME":null,"FEE_COMMISSION_INCOME_YOY":null,"ACCOUNTS_RECE_TDAYS":0.352852367087,"INVENTORY_TDAYS":null,"CURRENT_ASSETS_TDAYS":0.160184074609,"TOTAL_ASSETS_TDAYS":0.034112115431,"PREMIUM_EXPENSE":null,"LOAN_DEPOSIT":null,"LOAN_EQUITY":null,"LOAN_ASSETS":null,"DEPOSIT_EQUITY":null,"DEPOSIT_ASSETS":null,"EQUITY_MULTIPLIER":4.981015754958,"EQUITY_RATIO":14.904561274959},{"SECUCODE":"00686.HK","SECURITY_CODE":"00686","SECURITY_NAME_ABBR":"北京能源国际","ORG_CODE":"10009055","STD_REPORT_DATE":"2023-12-31 00:00:00","REPORT_DATE":"2023-12-31 00:00:00","DATE_TYPE_CODE":"001","REPORT_TYPE":"2023年年报","PER_NETCASH_OPERATE":0.19317351985,"PER_OI":0.2485764175,"BPS":2.61726002179,"BASIC_EPS":0.0019,"DILUTED_EPS":0.0019,"OPERATE_INCOME":5568000000,"OPERATE_INCOME_YOY":35.3098420413,"GROSS_PROFIT":5568000000,"GROSS_PROFIT_YOY":35.309842041312,"HOLDER_PROFIT":42000000,"HOLDER_PROFIT_YOY":-84.3866171004,"GROSS_PROFIT_RATIO":null,"EPS_TTM":0.001875037632,"OPERATE_INCOME_QOQ":18.367346938776,"NET_PROFIT_RATIO":8.4770114943,"ROE_AVG":0.715137067938,"GROSS_PROFIT_QOQ":18.367346938776,"ROA":0.055864435636,"HOLDER_PROFIT_QOQ":-78.461538461538,"ROE_YEARLY":0.715137067938,"ROIC_YEARLY":0.068049254699,"TOTAL_ASSETS":90036000000,"TOTAL_LIABILITIES":72973000000,"TAX_EBT":27.82874617737,"OCF_SALES":77.711925287356,"TOTAL_PARENT_EQUITY":5755000000,"DEBT_ASSET_RATIO":81.0486916345,"OPERATE_PROFIT":2552000000,"PRETAX_PROFIT":654000000,"NETCASH_OPERATE":4327000000,"NETCASH_INVEST":-17518000000,"NETCASH_FINANCE":14178000000,"END_CASH":6187000000,"DIVI_RATIO":4.833076331545,"DIVIDEND_RATE":0.990099009901,"CURRENT_RATIO":0.623939148502,"COMMON_ACS":3000000000,"CURRENTDEBT_DEBT":38.914392994669,"ISSUED_COMMON_SHARES":2198864443,"HK_COMMON_SHARES":2198864443,"PER_SHARES":2000,"TOTAL_MARKET_CAP":2220853087.43,"HKSK_MARKET_CAP":2220853087.43,"PE_TTM":-66.193418689995,"PB_TTM":0.371300274013,"REPORT_DATE_SQ":"2022-12-31 00:00:00","REPORT_TYPE_SQ":"2022年年报","OPERATE_INCOME_SQ":4115000000,"DPS_HKD":0.01,"OPERATE_INCOME_QOQ_SQ":17.571428571429,"NET_PROFIT_RATIO_SQ":11.4702308627,"HOLDER_PROFIT_SQ":269000000,"HOLDER_PROFIT_QOQ_SQ":-28.07486631016,"ROE_AVG_SQ":4.45216815624,"PE_TTM_SQ":13.295024335847,"PB_TTM_SQ":0.438485272518,"ROA_SQ":0.505225990027,"START_DATE":"2023-01-01 00:00:00","FISCAL_YEAR":"12-31","CURRENCY":"HKD","IS_CNY_CODE":0,"DPS_HKD_LY":0.01,"ORG_TYPE":"一般企业","PREMIUM_INCOME":null,"PREMIUM_INCOME_YOY":null,"NET_INTEREST_INCOME":null,"NET_INTEREST_INCOME_YOY":null,"FEE_COMMISSION_INCOME":null,"FEE_COMMISSION_INCOME_YOY":null,"ACCOUNTS_RECE_TDAYS":0.674336926244,"INVENTORY_TDAYS":null,"CURRENT_ASSETS_TDAYS":0.304403684772,"TOTAL_ASSETS_TDAYS":0.074060280386,"PREMIUM_EXPENSE":null,"LOAN_DEPOSIT":null,"LOAN_EQUITY":null,"LOAN_ASSETS":null,"DEPOSIT_EQUITY":null,"DEPOSIT_ASSETS":null,"EQUITY_MULTIPLIER":5.276680536846,"EQUITY_RATIO":12.679930495222},{"SECUCODE":"00686.HK","SECURITY_CODE":"00686","SECURITY_NAME_ABBR":"北京能源国际","ORG_CODE":"10009055","STD_REPORT_DATE":"2023-06-30 00:00:00","REPORT_DATE":"2023-06-30 00:00:00","DATE_TYPE_CODE":"002","REPORT_TYPE":"2023年中报","PER_NETCASH_OPERATE":0.147458316631,"PER_OI":0.11491302059,"BPS":2.613167000036,"BASIC_EPS":0.0048,"DILUTED_EPS":0.0048,"OPERATE_INCOME":2574000000,"OPERATE_INCOME_YOY":29.6725440806,"GROSS_PROFIT":2574000000,"GROSS_PROFIT_YOY":29.672544080605,"HOLDER_PROFIT":107000000,"HOLDER_PROFIT_YOY":-40.8839779006,"GROSS_PROFIT_RATIO":null,"EPS_TTM":0.008705531863,"OPERATE_INCOME_QOQ":14.313487241798,"NET_PROFIT_RATIO":9.595959596,"ROE_AVG":1.823293857033,"GROSS_PROFIT_QOQ":14.313487241798,"ROA":0.165822058983,"HOLDER_PROFIT_QOQ":-27.509293680297,"ROE_YEARLY":3.646587714067,"ROIC_YEARLY":0.38815228629,"TOTAL_ASSETS":68726000000,"TOTAL_LIABILITIES":56369000000,"TAX_EBT":27.777777777778,"OCF_SALES":128.321678321678,"TOTAL_PARENT_EQUITY":5746000000,"DEBT_ASSET_RATIO":82.0199051305,"OPERATE_PROFIT":1289000000,"PRETAX_PROFIT":342000000,"NETCASH_OPERATE":3303000000,"NETCASH_INVEST":-3182000000,"NETCASH_FINANCE":-2657000000,"END_CASH":2748000000,"DIVI_RATIO":1.040970286794,"DIVIDEND_RATE":0.990099009901,"CURRENT_RATIO":1.140096316217,"COMMON_ACS":3000000000,"CURRENTDEBT_DEBT":28.364881406447,"ISSUED_COMMON_SHARES":2198864443,"HK_COMMON_SHARES":2198864443,"PER_SHARES":2000,"TOTAL_MARKET_CAP":2220853087.43,"HKSK_MARKET_CAP":2220853087.43,"PE_TTM":-66.193418689995,"PB_TTM":0.371300274013,"REPORT_DATE_SQ":"2022-06-30 00:00:00","REPORT_TYPE_SQ":"2022年中报","OPERATE_INCOME_SQ":1985000000,"DPS_HKD":0.01,"OPERATE_INCOME_QOQ_SQ":24.318584070796,"NET_PROFIT_RATIO_SQ":14.2785821268,"HOLDER_PROFIT_SQ":181000000,"HOLDER_PROFIT_QOQ_SQ":-33.687943262411,"ROE_AVG_SQ":2.977953274103,"PE_TTM_SQ":13.295024335847,"PB_TTM_SQ":0.438485272518,"ROA_SQ":0.377354556921,"START_DATE":"2023-01-01 00:00:00","FISCAL_YEAR":"12-31","CURRENCY":"HKD","IS_CNY_CODE":0,"DPS_HKD_LY":0.01,"ORG_TYPE":"一般企业","PREMIUM_INCOME":null,"PREMIUM_INCOME_YOY":null,"NET_INTEREST_INCOME":null,"NET_INTEREST_INCOME_YOY":null,"FEE_COMMISSION_INCOME":null,"FEE_COMMISSION_INCOME_YOY":null,"ACCOUNTS_RECE_TDAYS":0.321508868349,"INVENTORY_TDAYS":null,"CURRENT_ASSETS_TDAYS":0.138782552434,"TOTAL_ASSETS_TDAYS":0.039890278488,"PREMIUM_EXPENSE":null,"LOAN_DEPOSIT":null,"LOAN_EQUITY":null,"LOAN_ASSETS":null,"DEPOSIT_EQUITY":null,"DEPOSIT_ASSETS":null,"EQUITY_MULTIPLIER":5.56170591567,"EQUITY_RATIO":9.810128785242},{"SECUCODE":"00686.HK","SECURITY_CODE":"00686","SECURITY_NAME_ABBR":"北京能源国际","ORG_CODE":"10009055","STD_REPORT_DATE":"2022-12-31 00:00:00","REPORT_DATE":"2022-12-31 00:00:00","DATE_TYPE_CODE":"001","REPORT_TYPE":"2022年年报","PER_NETCASH_OPERATE":0.129347541921,"PER_OI":0.183476433989,"BPS":2.724588147792,"BASIC_EPS":0.012,"DILUTED_EPS":0.012,"OPERATE_INCOME":4115000000,"OPERATE_INCOME_YOY":45.6637168142,"GROSS_PROFIT":4115000000,"GROSS_PROFIT_YOY":45.663716814159,"HOLDER_PROFIT":269000000,"HOLDER_PROFIT_YOY":-52.304964539,"GROSS_PROFIT_RATIO":null,"EPS_TTM":0.011993963729,"OPERATE_INCOME_QOQ":17.571428571429,"NET_PROFIT_RATIO":11.4702308627,"ROE_AVG":4.45216815624,"GROSS_PROFIT_QOQ":17.571428571429,"ROA":0.505225990027,"HOLDER_PROFIT_QOQ":-28.07486631016,"ROE_YEARLY":4.45216815624,"ROIC_YEARLY":0.604134616464,"TOTAL_ASSETS":60328000000,"TOTAL_LIABILITIES":50145000000,"TAX_EBT":24.237560192616,"OCF_SALES":70.498177399757,"TOTAL_PARENT_EQUITY":5991000000,"DEBT_ASSET_RATIO":83.1206073465,"OPERATE_PROFIT":2080000000,"PRETAX_PROFIT":623000000,"NETCASH_OPERATE":2901000000,"NETCASH_INVEST":-8695000000,"NETCASH_FINANCE":6096000000,"END_CASH":5247000000,"DIVI_RATIO":0.755563398812,"DIVIDEND_RATE":0.990099009901,"CURRENT_RATIO":1.013702310586,"COMMON_ACS":3000000000,"CURRENTDEBT_DEBT":37.112374115066,"ISSUED_COMMON_SHARES":2198864443,"HK_COMMON_SHARES":2198864443,"PER_SHARES":2000,"TOTAL_MARKET_CAP":2220853087.43,"HKSK_MARKET_CAP":2220853087.43,"PE_TTM":-66.193418689995,"PB_TTM":0.371300274013,"REPORT_DATE_SQ":"2021-12-31 00:00:00","REPORT_TYPE_SQ":"2021年年报","OPERATE_INCOME_SQ":2825000000,"DPS_HKD":0.01,"OPERATE_INCOME_QOQ_SQ":18.299832495812,"NET_PROFIT_RATIO_SQ":23.0088495575,"HOLDER_PROFIT_SQ":564000000,"HOLDER_PROFIT_QOQ_SQ":7.020872865275,"ROE_AVG_SQ":9.88606485539,"PE_TTM_SQ":13.295024335847,"PB_TTM_SQ":0.438485272518,"ROA_SQ":1.561310504242,"START_DATE":"2022-01-01 00:00:00","FISCAL_YEAR":"12-31","CURRENCY":"HKD","IS_CNY_CODE":0,"DPS_HKD_LY":null,"ORG_TYPE":"一般企业","PREMIUM_INCOME":null,"PREMIUM_INCOME_YOY":null,"NET_INTEREST_INCOME":null,"NET_INTEREST_INCOME_YOY":null,"FEE_COMMISSION_INCOME":null,"FEE_COMMISSION_INCOME_YOY":null,"ACCOUNTS_RECE_TDAYS":0.519308430086,"INVENTORY_TDAYS":null,"CURRENT_ASSETS_TDAYS":0.238302061617,"TOTAL_ASSETS_TDAYS":0.077286429329,"PREMIUM_EXPENSE":null,"LOAN_DEPOSIT":null,"LOAN_EQUITY":null,"LOAN_ASSETS":null,"DEPOSIT_EQUITY":null,"DEPOSIT_ASSETS":null,"EQUITY_MULTIPLIER":5.924383776881,"EQUITY_RATIO":8.370055082624},{"SECUCODE":"00686.HK","SECURITY_CODE":"00686","SECURITY_NAME_ABBR":"北京能源国际","ORG_CODE":"10009055","STD_REPORT_DATE":"2022-06-30 00:00:00","REPORT_DATE":"2022-06-30 00:00:00","DATE_TYPE_CODE":"002","REPORT_TYPE":"2022年中报","PER_NETCASH_OPERATE":0.025459305907,"PER_OI":0.088505643127,"BPS":2.757332321827,"BASIC_EPS":0.0081,"DILUTED_EPS":0.0081,"OPERATE_INCOME":1985000000,"OPERATE_INCOME_YOY":51.5267175573,"GROSS_PROFIT":1985000000,"GROSS_PROFIT_YOY":51.526717557252,"HOLDER_PROFIT":181000000,"HOLDER_PROFIT_YOY":-51.2129380054,"GROSS_PROFIT_RATIO":null,"EPS_TTM":0.016675622433,"OPERATE_INCOME_QOQ":23.893805309735,"NET_PROFIT_RATIO":14.4080604534,"ROE_AVG":2.977953274103,"GROSS_PROFIT_QOQ":23.893805309735,"ROA":0.377354556921,"HOLDER_PROFIT_QOQ":-33.687943262411,"ROE_YEARLY":5.955906548207,"ROIC_YEARLY":0.899702998596,"TOTAL_ASSETS":49772000000,"TOTAL_LIABILITIES":40592000000,"TAX_EBT":21.428571428571,"OCF_SALES":28.765743073048,"TOTAL_PARENT_EQUITY":6063000000,"DEBT_ASSET_RATIO":81.5558948807,"OPERATE_PROFIT":1025000000,"PRETAX_PROFIT":364000000,"NETCASH_OPERATE":571000000,"NETCASH_INVEST":-3596000000,"NETCASH_FINANCE":2502000000,"END_CASH":4338000000,"DIVI_RATIO":0.543439984707,"DIVIDEND_RATE":0.990099009901,"CURRENT_RATIO":1.240939461429,"COMMON_ACS":3000000000,"CURRENTDEBT_DEBT":36.502266456445,"ISSUED_COMMON_SHARES":2198864443,"HK_COMMON_SHARES":2198864443,"PER_SHARES":2000,"TOTAL_MARKET_CAP":2220853087.43,"HKSK_MARKET_CAP":2220853087.43,"PE_TTM":-66.193418689995,"PB_TTM":0.371300274013,"REPORT_DATE_SQ":"2021-06-30 00:00:00","REPORT_TYPE_SQ":"2021年中报","OPERATE_INCOME_SQ":1310000000,"DPS_HKD":0.01,"OPERATE_INCOME_QOQ_SQ":11.121451838064,"NET_PROFIT_RATIO_SQ":27.5572519084,"HOLDER_PROFIT_SQ":371000000,"HOLDER_PROFIT_QOQ_SQ":118.672199170124,"ROE_AVG_SQ":6.710074154458,"PE_TTM_SQ":13.295024335847,"PB_TTM_SQ":0.438485272518,"ROA_SQ":1.201872458979,"START_DATE":"2022-01-01 00:00:00","FISCAL_YEAR":"12-31","CURRENCY":"HKD","IS_CNY_CODE":0,"DPS_HKD_LY":null,"ORG_TYPE":"一般企业","PREMIUM_INCOME":null,"PREMIUM_INCOME_YOY":null,"NET_INTEREST_INCOME":null,"NET_INTEREST_INCOME_YOY":null,"FEE_COMMISSION_INCOME":null,"FEE_COMMISSION_INCOME_YOY":null,"ACCOUNTS_RECE_TDAYS":0.238739551386,"INVENTORY_TDAYS":null,"CURRENT_ASSETS_TDAYS":0.116565858242,"TOTAL_ASSETS_TDAYS":0.041383911353,"PREMIUM_EXPENSE":null,"LOAN_DEPOSIT":null,"LOAN_EQUITY":null,"LOAN_ASSETS":null,"DEPOSIT_EQUITY":null,"DEPOSIT_ASSETS":null,"EQUITY_MULTIPLIER":5.421786492388,"EQUITY_RATIO":6.695035460993},{"SECUCODE":"00686.HK","SECURITY_CODE":"00686","SECURITY_NAME_ABBR":"北京能源国际","ORG_CODE":"10009055","STD_REPORT_DATE":"2021-12-31 00:00:00","REPORT_DATE":"2021-12-31 00:00:00","DATE_TYPE_CODE":"001","REPORT_TYPE":"2021年年报","PER_NETCASH_OPERATE":0.043963004596,"PER_OI":0.125958912763,"BPS":2.770975727675,"BASIC_EPS":0.0251,"DILUTED_EPS":0.0251,"OPERATE_INCOME":2825000000,"OPERATE_INCOME_YOY":31.4564913913,"GROSS_PROFIT":2825000000,"GROSS_PROFIT_YOY":31.456491391345,"HOLDER_PROFIT":564000000,"HOLDER_PROFIT_YOY":134.0248962656,"GROSS_PROFIT_RATIO":null,"EPS_TTM":0.025147195327,"OPERATE_INCOME_QOQ":18.299832495812,"NET_PROFIT_RATIO":23.0088495575,"ROE_AVG":9.88606485539,"GROSS_PROFIT_QOQ":18.299832495812,"ROA":1.561310504242,"HOLDER_PROFIT_QOQ":7.020872865275,"ROE_YEARLY":9.88606485539,"ROIC_YEARLY":1.809809552842,"TOTAL_ASSETS":46159000000,"TOTAL_LIABILITIES":36875000000,"TAX_EBT":13.448735019973,"OCF_SALES":34.902654867257,"TOTAL_PARENT_EQUITY":6093000000,"DEBT_ASSET_RATIO":79.8869126281,"OPERATE_PROFIT":1716000000,"PRETAX_PROFIT":751000000,"NETCASH_OPERATE":986000000,"NETCASH_INVEST":-6585000000,"NETCASH_FINANCE":8866000000,"END_CASH":4814000000,"DIVI_RATIO":0.360366230994,"DIVIDEND_RATE":0.990099009901,"CURRENT_RATIO":1.383997173894,"COMMON_ACS":3000000000,"CURRENTDEBT_DEBT":30.706440677966,"ISSUED_COMMON_SHARES":2198864443,"HK_COMMON_SHARES":2198864443,"PER_SHARES":2000,"TOTAL_MARKET_CAP":2220853087.43,"HKSK_MARKET_CAP":2220853087.43,"PE_TTM":-66.193418689995,"PB_TTM":0.371300274013,"REPORT_DATE_SQ":"2020-12-31 00:00:00","REPORT_TYPE_SQ":"2020年年报","OPERATE_INCOME_SQ":2149000000,"DPS_HKD":0.01,"OPERATE_INCOME_QOQ_SQ":0.139794967381,"NET_PROFIT_RATIO_SQ":12.1917170777,"HOLDER_PROFIT_SQ":241000000,"HOLDER_PROFIT_QOQ_SQ":107.316332726169,"ROE_AVG_SQ":5.578058095128,"PE_TTM_SQ":13.295024335847,"PB_TTM_SQ":0.438485272518,"ROA_SQ":0.935123389725,"START_DATE":"2021-01-01 00:00:00","FISCAL_YEAR":"12-31","CURRENCY":"HKD","IS_CNY_CODE":0,"DPS_HKD_LY":null,"ORG_TYPE":"一般企业","PREMIUM_INCOME":null,"PREMIUM_INCOME_YOY":null,"NET_INTEREST_INCOME":null,"NET_INTEREST_INCOME_YOY":null,"FEE_COMMISSION_INCOME":null,"FEE_COMMISSION_INCOME_YOY":null,"ACCOUNTS_RECE_TDAYS":0.474949562878,"INVENTORY_TDAYS":null,"CURRENT_ASSETS_TDAYS":0.222502264404,"TOTAL_ASSETS_TDAYS":0.078203939264,"PREMIUM_EXPENSE":null,"LOAN_DEPOSIT":null,"LOAN_EQUITY":null,"LOAN_ASSETS":null,"DEPOSIT_EQUITY":null,"DEPOSIT_ASSETS":null,"EQUITY_MULTIPLIER":4.971887117624,"EQUITY_RATIO":6.052026916133},{"SECUCODE":"00686.HK","SECURITY_CODE":"00686","SECURITY_NAME_ABBR":"北京能源国际","ORG_CODE":"10009055","STD_REPORT_DATE":"2021-06-30 00:00:00","REPORT_DATE":"2021-06-30 00:00:00","DATE_TYPE_CODE":"002","REPORT_TYPE":"2021年中报","PER_NETCASH_OPERATE":0.011815614826,"PER_OI":0.058409265741,"BPS":2.610893099061,"BASIC_EPS":0.0165,"DILUTED_EPS":0.0165,"OPERATE_INCOME":1310000000,"OPERATE_INCOME_YOY":22.3155929038,"GROSS_PROFIT":1310000000,"GROSS_PROFIT_YOY":22.315592903828,"HOLDER_PROFIT":371000000,"HOLDER_PROFIT_YOY":336.4705882353,"GROSS_PROFIT_RATIO":null,"EPS_TTM":0.023497467974,"OPERATE_INCOME_QOQ":11.121451838064,"NET_PROFIT_RATIO":27.5572519084,"ROE_AVG":6.710074154458,"GROSS_PROFIT_QOQ":11.121451838064,"ROA":1.201872458979,"HOLDER_PROFIT_QOQ":118.672199170124,"ROE_YEARLY":13.420148308917,"ROIC_YEARLY":2.873629991093,"TOTAL_ASSETS":35649000000,"TOTAL_LIABILITIES":26681000000,"TAX_EBT":11.735941320293,"OCF_SALES":20.229007633588,"TOTAL_PARENT_EQUITY":5741000000,"DEBT_ASSET_RATIO":74.8436141266,"OPERATE_PROFIT":927000000,"PRETAX_PROFIT":409000000,"NETCASH_OPERATE":265000000,"NETCASH_INVEST":-1325000000,"NETCASH_FINANCE":4522000000,"END_CASH":4953000000,"DIVI_RATIO":0.385667085921,"DIVIDEND_RATE":0.990099009901,"CURRENT_RATIO":1.336110313128,"COMMON_ACS":3000000000,"CURRENTDEBT_DEBT":39.140212135977,"ISSUED_COMMON_SHARES":2198864443,"HK_COMMON_SHARES":2198864443,"PER_SHARES":2000,"TOTAL_MARKET_CAP":2220853087.43,"HKSK_MARKET_CAP":2220853087.43,"PE_TTM":-66.193418689995,"PB_TTM":0.371300274013,"REPORT_DATE_SQ":"2020-06-30 00:00:00","REPORT_TYPE_SQ":"2020年中报","OPERATE_INCOME_SQ":1071000000,"DPS_HKD":0.01,"OPERATE_INCOME_QOQ_SQ":-1.014760147601,"NET_PROFIT_RATIO_SQ":8.6834733894,"HOLDER_PROFIT_SQ":85000000,"HOLDER_PROFIT_QOQ_SQ":-0.580152671756,"ROE_AVG_SQ":2.057115198451,"PE_TTM_SQ":13.295024335847,"PB_TTM_SQ":0.438485272518,"ROA_SQ":0.327925773037,"START_DATE":"2021-01-01 00:00:00","FISCAL_YEAR":"12-31","CURRENCY":"HKD","IS_CNY_CODE":0,"DPS_HKD_LY":null,"ORG_TYPE":"一般企业","PREMIUM_INCOME":null,"PREMIUM_INCOME_YOY":null,"NET_INTEREST_INCOME":null,"NET_INTEREST_INCOME_YOY":null,"FEE_COMMISSION_INCOME":null,"FEE_COMMISSION_INCOME_YOY":null,"ACCOUNTS_RECE_TDAYS":0.245548266167,"INVENTORY_TDAYS":null,"CURRENT_ASSETS_TDAYS":0.110665258712,"TOTAL_ASSETS_TDAYS":0.042438084131,"PREMIUM_EXPENSE":null,"LOAN_DEPOSIT":null,"LOAN_EQUITY":null,"LOAN_ASSETS":null,"DEPOSIT_EQUITY":null,"DEPOSIT_ASSETS":null,"EQUITY_MULTIPLIER":3.975133809095,"EQUITY_RATIO":4.64744817976},{"SECUCODE":"00686.HK","SECURITY_CODE":"00686","SECURITY_NAME_ABBR":"北京能源国际","ORG_CODE":"10009055","STD_REPORT_DATE":"2020-12-31 00:00:00","REPORT_DATE":"2020-12-31 00:00:00","DATE_TYPE_CODE":"001","REPORT_TYPE":"2020年年报","PER_NETCASH_OPERATE":0.063135511672,"PER_OI":0.095817948151,"BPS":2.418066296413,"BASIC_EPS":0.0112,"DILUTED_EPS":0.0112,"OPERATE_INCOME":2149000000,"OPERATE_INCOME_YOY":-0.8763837638,"GROSS_PROFIT":2149000000,"GROSS_PROFIT_YOY":-0.876383763838,"HOLDER_PROFIT":241000000,"HOLDER_PROFIT_YOY":107.358778626,"GROSS_PROFIT_RATIO":null,"EPS_TTM":0.010745521407,"OPERATE_INCOME_QOQ":0.139794967381,"NET_PROFIT_RATIO":12.1917170777,"ROE_AVG":5.578058095128,"GROSS_PROFIT_QOQ":0.139794967381,"ROA":0.935123389725,"HOLDER_PROFIT_QOQ":107.316332726169,"ROE_YEARLY":5.578058095128,"ROIC_YEARLY":0.982210176676,"TOTAL_ASSETS":26088000000,"TOTAL_LIABILITIES":20433000000,"TAX_EBT":23.837209302326,"OCF_SALES":65.891112145184,"TOTAL_PARENT_EQUITY":5317000000,"DEBT_ASSET_RATIO":78.3233670653,"OPERATE_PROFIT":1353000000,"PRETAX_PROFIT":344000000,"NETCASH_OPERATE":1416000000,"NETCASH_INVEST":-1234000000,"NETCASH_FINANCE":1215000000,"END_CASH":1577000000,"DIVI_RATIO":0.843346698259,"DIVIDEND_RATE":0.990099009901,"CURRENT_RATIO":1.253319582313,"COMMON_ACS":3000000000,"CURRENTDEBT_DEBT":37.963098908628,"ISSUED_COMMON_SHARES":2198864443,"HK_COMMON_SHARES":2198864443,"PER_SHARES":2000,"TOTAL_MARKET_CAP":2220853087.43,"HKSK_MARKET_CAP":2220853087.43,"PE_TTM":-66.193418689995,"PB_TTM":0.371300274013,"REPORT_DATE_SQ":"2019-12-31 00:00:00","REPORT_TYPE_SQ":"2019年年报","OPERATE_INCOME_SQ":2168000000,"DPS_HKD":0.01,"OPERATE_INCOME_QOQ_SQ":-2.692998204668,"NET_PROFIT_RATIO_SQ":-161.2084870849,"HOLDER_PROFIT_SQ":-3275000000,"HOLDER_PROFIT_QOQ_SQ":-1159.61538461539,"ROE_AVG_SQ":-75.99489499942,"PE_TTM_SQ":13.295024335847,"PB_TTM_SQ":0.438485272518,"ROA_SQ":-11.648379008021,"START_DATE":"2020-01-01 00:00:00","FISCAL_YEAR":"12-31","CURRENCY":"HKD","IS_CNY_CODE":0,"DPS_HKD_LY":null,"ORG_TYPE":"一般企业","PREMIUM_INCOME":null,"PREMIUM_INCOME_YOY":null,"NET_INTEREST_INCOME":null,"NET_INTEREST_INCOME_YOY":null,"FEE_COMMISSION_INCOME":null,"FEE_COMMISSION_INCOME_YOY":null,"ACCOUNTS_RECE_TDAYS":0.527232580962,"INVENTORY_TDAYS":null,"CURRENT_ASSETS_TDAYS":0.243830487321,"TOTAL_ASSETS_TDAYS":0.083385069067,"PREMIUM_EXPENSE":null,"LOAN_DEPOSIT":null,"LOAN_EQUITY":null,"LOAN_ASSETS":null,"DEPOSIT_EQUITY":null,"DEPOSIT_ASSETS":null,"EQUITY_MULTIPLIER":4.613262599466,"EQUITY_RATIO":3.842956554448},{"SECUCODE":"00686.HK","SECURITY_CODE":"00686","SECURITY_NAME_ABBR":"北京能源国际","ORG_CODE":"10009055","STD_REPORT_DATE":"2020-06-30 00:00:00","REPORT_DATE":"2020-06-30 00:00:00","DATE_TYPE_CODE":"002","REPORT_TYPE":"2020年中报","PER_NETCASH_OPERATE":0.021803153395,"PER_OI":0.047752918786,"BPS":2.246614162927,"BASIC_EPS":0.0041,"DILUTED_EPS":0.0041,"OPERATE_INCOME":1071000000,"OPERATE_INCOME_YOY":-2.0128087832,"GROSS_PROFIT":1071000000,"GROSS_PROFIT_YOY":-2.012808783166,"HOLDER_PROFIT":85000000,"HOLDER_PROFIT_YOY":-18.2692307692,"GROSS_PROFIT_RATIO":null,"EPS_TTM":-0.146870321643,"OPERATE_INCOME_QOQ":-1.014760147601,"NET_PROFIT_RATIO":8.6834733894,"ROE_AVG":2.057115198451,"GROSS_PROFIT_QOQ":-1.014760147601,"ROA":0.327925773037,"HOLDER_PROFIT_QOQ":-0.580152671756,"ROE_YEARLY":4.114230396902,"ROIC_YEARLY":0.69481342216,"TOTAL_ASSETS":26385000000,"TOTAL_LIABILITIES":21120000000,"TAX_EBT":29.545454545455,"OCF_SALES":45.658263305322,"TOTAL_PARENT_EQUITY":4940000000,"DEBT_ASSET_RATIO":80.0454803866,"OPERATE_PROFIT":669000000,"PRETAX_PROFIT":132000000,"NETCASH_OPERATE":489000000,"NETCASH_INVEST":-267000000,"NETCASH_FINANCE":1604000000,"END_CASH":2026000000,"DIVI_RATIO":-0.06170205048,"DIVIDEND_RATE":0.990099009901,"CURRENT_RATIO":1.195754716981,"COMMON_ACS":3000000000,"CURRENTDEBT_DEBT":38.143939393939,"ISSUED_COMMON_SHARES":2198864443,"HK_COMMON_SHARES":2198864443,"PER_SHARES":2000,"TOTAL_MARKET_CAP":2220853087.43,"HKSK_MARKET_CAP":2220853087.43,"PE_TTM":-66.193418689995,"PB_TTM":0.371300274013,"REPORT_DATE_SQ":"2019-06-30 00:00:00","REPORT_TYPE_SQ":"2019年中报","OPERATE_INCOME_SQ":1093000000,"DPS_HKD":0.01,"OPERATE_INCOME_QOQ_SQ":5.692599620493,"NET_PROFIT_RATIO_SQ":10.4300091491,"HOLDER_PROFIT_SQ":104000000,"HOLDER_PROFIT_QOQ_SQ":42.350332594235,"ROE_AVG_SQ":1.735502711723,"PE_TTM_SQ":13.295024335847,"PB_TTM_SQ":0.438485272518,"ROA_SQ":0.34400066154,"START_DATE":"2020-01-01 00:00:00","FISCAL_YEAR":"12-31","CURRENCY":"HKD","IS_CNY_CODE":0,"DPS_HKD_LY":null,"ORG_TYPE":"一般企业","PREMIUM_INCOME":null,"PREMIUM_INCOME_YOY":null,"NET_INTEREST_INCOME":null,"NET_INTEREST_INCOME_YOY":null,"FEE_COMMISSION_INCOME":null,"FEE_COMMISSION_INCOME_YOY":null,"ACCOUNTS_RECE_TDAYS":0.263565891473,"INVENTORY_TDAYS":null,"CURRENT_ASSETS_TDAYS":0.122134793021,"TOTAL_ASSETS_TDAYS":0.041318647403,"PREMIUM_EXPENSE":null,"LOAN_DEPOSIT":null,"LOAN_EQUITY":null,"LOAN_ASSETS":null,"DEPOSIT_EQUITY":null,"DEPOSIT_ASSETS":null,"EQUITY_MULTIPLIER":5.0113960114,"EQUITY_RATIO":4.275303643725}],"count":45},"success":true,"message":"ok","code":0}