{"version":"fb01cee341d8899569520932f0f99786","result":{"pages":6,"data":[{"SECUCODE":"00682.HK","SECURITY_CODE":"00682","SECURITY_NAME_ABBR":"超大现代","ORG_CODE":"10009051","STD_REPORT_DATE":"2023-12-31 00:00:00","REPORT_DATE":"2024-06-30 00:00:00","DATE_TYPE_CODE":"001","REPORT_TYPE":"2023年年报","PER_NETCASH_OPERATE":-0.000201481833,"PER_OI":0.022596005472,"BPS":1.169717348418,"BASIC_EPS":-0.005,"DILUTED_EPS":-0.005,"OPERATE_INCOME":74467000,"OPERATE_INCOME_YOY":-15.241639919,"GROSS_PROFIT":24026000,"GROSS_PROFIT_YOY":-7.485560261841,"HOLDER_PROFIT":-16785000,"HOLDER_PROFIT_YOY":-163.7906647808,"GROSS_PROFIT_RATIO":32.263955846214,"EPS_TTM":-0.002571624295,"OPERATE_INCOME_QOQ":-7.213913360195,"NET_PROFIT_RATIO":-18.69284381,"ROE_AVG":-8.419547797299,"GROSS_PROFIT_QOQ":-2.926453600308,"ROA":-7.024805494289,"HOLDER_PROFIT_QOQ":-33.191890617633,"ROE_YEARLY":-8.419547797299,"ROIC_YEARLY":-13.297103314968,"TOTAL_ASSETS":234347000,"TOTAL_LIABILITIES":34606000,"TAX_EBT":-3.30241187384,"OCF_SALES":-0.891670135765,"TOTAL_PARENT_EQUITY":192745000,"DEBT_ASSET_RATIO":14.7669908298,"OPERATE_PROFIT":-13332000,"PRETAX_PROFIT":-13475000,"NETCASH_OPERATE":-664000,"NETCASH_INVEST":54000,"NETCASH_FINANCE":-2871000,"END_CASH":88983000,"DIVI_RATIO":null,"DIVIDEND_RATE":null,"CURRENT_RATIO":3.88761100148,"COMMON_ACS":50000000000,"CURRENTDEBT_DEBT":93.717852395538,"ISSUED_COMMON_SHARES":164779124,"HK_COMMON_SHARES":164779124,"PER_SHARES":10000,"TOTAL_MARKET_CAP":35427511.66,"HKSK_MARKET_CAP":35427511.66,"PE_TTM":-1.926361712353,"PB_TTM":0.16775522759,"REPORT_DATE_SQ":"2022-12-31 00:00:00","REPORT_TYPE_SQ":"2022年年报","OPERATE_INCOME_SQ":87858000,"DPS_HKD":null,"OPERATE_INCOME_QOQ_SQ":2.765786987767,"NET_PROFIT_RATIO_SQ":-4.9067813973,"HOLDER_PROFIT_SQ":-6363000,"HOLDER_PROFIT_QOQ_SQ":35.30618224436,"ROE_AVG_SQ":-3.060620782207,"PE_TTM_SQ":-6.68528304742,"PB_TTM_SQ":0.206527436184,"ROA_SQ":-2.599110755286,"START_DATE":"2023-07-01 00:00:00","FISCAL_YEAR":"6-30","CURRENCY":"HKD","IS_CNY_CODE":0,"DPS_HKD_LY":null,"ORG_TYPE":"一般企业","PREMIUM_INCOME":null,"PREMIUM_INCOME_YOY":null,"NET_INTEREST_INCOME":null,"NET_INTEREST_INCOME_YOY":null,"FEE_COMMISSION_INCOME":null,"FEE_COMMISSION_INCOME_YOY":null,"ACCOUNTS_RECE_TDAYS":4.95011134377,"INVENTORY_TDAYS":null,"CURRENT_ASSETS_TDAYS":0.586920454769,"TOTAL_ASSETS_TDAYS":0.3116569501,"PREMIUM_EXPENSE":null,"LOAN_DEPOSIT":null,"LOAN_EQUITY":null,"LOAN_ASSETS":null,"DEPOSIT_EQUITY":null,"DEPOSIT_ASSETS":null,"EQUITY_MULTIPLIER":1.173254364401,"EQUITY_RATIO":0.179542919401},{"SECUCODE":"00682.HK","SECURITY_CODE":"00682","SECURITY_NAME_ABBR":"超大现代","ORG_CODE":"10009051","STD_REPORT_DATE":"2023-06-30 00:00:00","REPORT_DATE":"2023-12-31 00:00:00","DATE_TYPE_CODE":"002","REPORT_TYPE":"2023年中报","PER_NETCASH_OPERATE":0.000075555687,"PER_OI":0.011950846355,"BPS":1.20822343976,"BASIC_EPS":-0.002,"DILUTED_EPS":-0.002,"OPERATE_INCOME":39385000,"OPERATE_INCOME_YOY":-13.8617326072,"GROSS_PROFIT":12329000,"GROSS_PROFIT_YOY":-5.806402322561,"HOLDER_PROFIT":-5939000,"HOLDER_PROFIT_YOY":-55.1868304155,"GROSS_PROFIT_RATIO":31.303795861369,"EPS_TTM":-0.001930766418,"OPERATE_INCOME_QOQ":2.229410532685,"NET_PROFIT_RATIO":-12.6520248826,"ROE_AVG":-2.932405075791,"GROSS_PROFIT_QOQ":11.862508614748,"ROA":-2.479671826561,"HOLDER_PROFIT_QOQ":42.364130434783,"ROE_YEARLY":-5.864810151582,"ROIC_YEARLY":-9.286253171187,"TOTAL_ASSETS":235484000,"TOTAL_LIABILITIES":31958000,"TAX_EBT":-6.338028169014,"OCF_SALES":0.632220388473,"TOTAL_PARENT_EQUITY":199090000,"DEBT_ASSET_RATIO":13.5711980432,"OPERATE_PROFIT":-4619000,"PRETAX_PROFIT":-4686000,"NETCASH_OPERATE":249000,"NETCASH_INVEST":-956000,"NETCASH_FINANCE":-1422000,"END_CASH":89322000,"DIVI_RATIO":null,"DIVIDEND_RATE":null,"CURRENT_RATIO":3.952430522696,"COMMON_ACS":250000000,"CURRENTDEBT_DEBT":99.195819513111,"ISSUED_COMMON_SHARES":164779124,"HK_COMMON_SHARES":164779124,"PER_SHARES":10000,"TOTAL_MARKET_CAP":41194781,"HKSK_MARKET_CAP":41194781,"PE_TTM":-2.23995547948,"PB_TTM":0.195064218128,"REPORT_DATE_SQ":"2022-06-30 00:00:00","REPORT_TYPE_SQ":"2022年中报","OPERATE_INCOME_SQ":45723000,"DPS_HKD":null,"OPERATE_INCOME_QOQ_SQ":3.352859755796,"NET_PROFIT_RATIO_SQ":-3.8361437351,"HOLDER_PROFIT_SQ":-3827000,"HOLDER_PROFIT_QOQ_SQ":34.372956966504,"ROE_AVG_SQ":-1.840054235202,"PE_TTM_SQ":-6.68528304742,"PB_TTM_SQ":0.206527436184,"ROA_SQ":-1.556137023009,"START_DATE":"2023-07-01 00:00:00","FISCAL_YEAR":"6-30","CURRENCY":"HKD","IS_CNY_CODE":0,"DPS_HKD_LY":null,"ORG_TYPE":"一般企业","PREMIUM_INCOME":null,"PREMIUM_INCOME_YOY":null,"NET_INTEREST_INCOME":null,"NET_INTEREST_INCOME_YOY":null,"FEE_COMMISSION_INCOME":null,"FEE_COMMISSION_INCOME_YOY":null,"ACCOUNTS_RECE_TDAYS":2.712372163493,"INVENTORY_TDAYS":null,"CURRENT_ASSETS_TDAYS":0.311383257961,"TOTAL_ASSETS_TDAYS":0.164441614563,"PREMIUM_EXPENSE":null,"LOAN_DEPOSIT":null,"LOAN_EQUITY":null,"LOAN_ASSETS":null,"DEPOSIT_EQUITY":null,"DEPOSIT_ASSETS":null,"EQUITY_MULTIPLIER":1.157021707301,"EQUITY_RATIO":0.160520367673},{"SECUCODE":"00682.HK","SECURITY_CODE":"00682","SECURITY_NAME_ABBR":"超大现代","ORG_CODE":"10009051","STD_REPORT_DATE":"2022-12-31 00:00:00","REPORT_DATE":"2023-06-30 00:00:00","DATE_TYPE_CODE":"001","REPORT_TYPE":"2022年年报","PER_NETCASH_OPERATE":0.002379548994,"PER_OI":0.026659323576,"BPS":1.24997630161,"BASIC_EPS":-0.002,"DILUTED_EPS":-0.002,"OPERATE_INCOME":87858000,"OPERATE_INCOME_YOY":5.0568582669,"GROSS_PROFIT":25970000,"GROSS_PROFIT_YOY":20.460132659214,"HOLDER_PROFIT":-6363000,"HOLDER_PROFIT_YOY":62.7131555816,"GROSS_PROFIT_RATIO":29.559061212411,"EPS_TTM":-0.003349938905,"OPERATE_INCOME_QOQ":2.765786987767,"NET_PROFIT_RATIO":-4.9067813973,"ROE_AVG":-3.060620782207,"GROSS_PROFIT_QOQ":7.685885245141,"ROA":-2.599110755286,"HOLDER_PROFIT_QOQ":35.30618224436,"ROE_YEARLY":-3.060620782207,"ROIC_YEARLY":-4.723707995709,"TOTAL_ASSETS":243531000,"TOTAL_LIABILITIES":34154000,"TAX_EBT":-11.280330407847,"OCF_SALES":8.925766577887,"TOTAL_PARENT_EQUITY":205970000,"DEBT_ASSET_RATIO":14.0244979079,"OPERATE_PROFIT":-3652000,"PRETAX_PROFIT":-3874000,"NETCASH_OPERATE":7842000,"NETCASH_INVEST":-654000,"NETCASH_FINANCE":-4362000,"END_CASH":92031000,"DIVI_RATIO":null,"DIVIDEND_RATE":null,"CURRENT_RATIO":3.818285133236,"COMMON_ACS":250000000,"CURRENTDEBT_DEBT":97.900685132049,"ISSUED_COMMON_SHARES":164779124,"HK_COMMON_SHARES":164779124,"PER_SHARES":10000,"TOTAL_MARKET_CAP":41194781,"HKSK_MARKET_CAP":41194781,"PE_TTM":-2.23995547948,"PB_TTM":0.195064218128,"REPORT_DATE_SQ":"2021-12-31 00:00:00","REPORT_TYPE_SQ":"2021年年报","OPERATE_INCOME_SQ":83629000,"DPS_HKD":null,"OPERATE_INCOME_QOQ_SQ":9.867072193784,"NET_PROFIT_RATIO_SQ":-19.4382331488,"HOLDER_PROFIT_SQ":-17065000,"HOLDER_PROFIT_QOQ_SQ":1.514979358406,"ROE_AVG_SQ":-7.836609110948,"PE_TTM_SQ":-6.68528304742,"PB_TTM_SQ":0.206527436184,"ROA_SQ":-6.710723196923,"START_DATE":"2022-07-01 00:00:00","FISCAL_YEAR":"6-30","CURRENCY":"HKD","IS_CNY_CODE":0,"DPS_HKD_LY":null,"ORG_TYPE":"一般企业","PREMIUM_INCOME":null,"PREMIUM_INCOME_YOY":null,"NET_INTEREST_INCOME":null,"NET_INTEREST_INCOME_YOY":null,"FEE_COMMISSION_INCOME":null,"FEE_COMMISSION_INCOME_YOY":null,"ACCOUNTS_RECE_TDAYS":5.916961309223,"INVENTORY_TDAYS":null,"CURRENT_ASSETS_TDAYS":0.701074856965,"TOTAL_ASSETS_TDAYS":0.358875801883,"PREMIUM_EXPENSE":null,"LOAN_DEPOSIT":null,"LOAN_EQUITY":null,"LOAN_ASSETS":null,"DEPOSIT_EQUITY":null,"DEPOSIT_ASSETS":null,"EQUITY_MULTIPLIER":1.16312202391,"EQUITY_RATIO":0.165820265087},{"SECUCODE":"00682.HK","SECURITY_CODE":"00682","SECURITY_NAME_ABBR":"超大现代","ORG_CODE":"10009051","STD_REPORT_DATE":"2022-06-30 00:00:00","REPORT_DATE":"2022-12-31 00:00:00","DATE_TYPE_CODE":"002","REPORT_TYPE":"2022年中报","PER_NETCASH_OPERATE":0.001216476908,"PER_OI":0.01387402686,"BPS":1.250995848236,"BASIC_EPS":-0.001,"DILUTED_EPS":-0.001,"OPERATE_INCOME":45723000,"OPERATE_INCOME_YOY":5.3282653766,"GROSS_PROFIT":13089000,"GROSS_PROFIT_YOY":14.494401679496,"HOLDER_PROFIT":-3827000,"HOLDER_PROFIT_YOY":61.1550954121,"GROSS_PROFIT_RATIO":28.626730529493,"EPS_TTM":-0.005178143787,"OPERATE_INCOME_QOQ":3.352859755796,"NET_PROFIT_RATIO":-3.8361437351,"ROE_AVG":-1.840054235202,"GROSS_PROFIT_QOQ":-0.013913366107,"ROA":-1.556137023009,"HOLDER_PROFIT_QOQ":34.372956966504,"ROE_YEARLY":-3.680108470404,"ROIC_YEARLY":-5.583865590358,"TOTAL_ASSETS":245761000,"TOTAL_LIABILITIES":35413000,"TAX_EBT":-61.361545538179,"OCF_SALES":8.768016096932,"TOTAL_PARENT_EQUITY":206138000,"DEBT_ASSET_RATIO":14.409527956,"OPERATE_PROFIT":-909000,"PRETAX_PROFIT":-1087000,"NETCASH_OPERATE":4009000,"NETCASH_INVEST":-358000,"NETCASH_FINANCE":-2547000,"END_CASH":88718000,"DIVI_RATIO":null,"DIVIDEND_RATE":null,"CURRENT_RATIO":3.714962234744,"COMMON_ACS":250000000,"CURRENTDEBT_DEBT":94.213989213001,"ISSUED_COMMON_SHARES":164779124,"HK_COMMON_SHARES":164779124,"PER_SHARES":10000,"TOTAL_MARKET_CAP":41194781,"HKSK_MARKET_CAP":41194781,"PE_TTM":-2.23995547948,"PB_TTM":0.195064218128,"REPORT_DATE_SQ":"2021-06-30 00:00:00","REPORT_TYPE_SQ":"2021年中报","OPERATE_INCOME_SQ":43410000,"DPS_HKD":null,"OPERATE_INCOME_QOQ_SQ":4.463703157357,"NET_PROFIT_RATIO_SQ":-21.3637410735,"HOLDER_PROFIT_SQ":-9852000,"HOLDER_PROFIT_QOQ_SQ":-139.461273353891,"ROE_AVG_SQ":-4.46956774217,"PE_TTM_SQ":-6.68528304742,"PB_TTM_SQ":0.206527436184,"ROA_SQ":-3.845395731892,"START_DATE":"2022-07-01 00:00:00","FISCAL_YEAR":"6-30","CURRENCY":"HKD","IS_CNY_CODE":0,"DPS_HKD_LY":null,"ORG_TYPE":"一般企业","PREMIUM_INCOME":null,"PREMIUM_INCOME_YOY":null,"NET_INTEREST_INCOME":null,"NET_INTEREST_INCOME_YOY":null,"FEE_COMMISSION_INCOME":null,"FEE_COMMISSION_INCOME_YOY":null,"ACCOUNTS_RECE_TDAYS":2.965752091847,"INVENTORY_TDAYS":null,"CURRENT_ASSETS_TDAYS":0.370358670295,"TOTAL_ASSETS_TDAYS":0.185919135362,"PREMIUM_EXPENSE":null,"LOAN_DEPOSIT":null,"LOAN_EQUITY":null,"LOAN_ASSETS":null,"DEPOSIT_EQUITY":null,"DEPOSIT_ASSETS":null,"EQUITY_MULTIPLIER":1.168354346131,"EQUITY_RATIO":0.171792682572},{"SECUCODE":"00682.HK","SECURITY_CODE":"00682","SECURITY_NAME_ABBR":"超大现代","ORG_CODE":"10009051","STD_REPORT_DATE":"2021-12-31 00:00:00","REPORT_DATE":"2022-06-30 00:00:00","DATE_TYPE_CODE":"001","REPORT_TYPE":"2021年年报","PER_NETCASH_OPERATE":0.000203302452,"PER_OI":0.025376090639,"BPS":1.273389461641,"BASIC_EPS":-0.005,"DILUTED_EPS":-0.005,"OPERATE_INCOME":83629000,"OPERATE_INCOME_YOY":13.5507610422,"GROSS_PROFIT":21559000,"GROSS_PROFIT_YOY":8.038085692809,"HOLDER_PROFIT":-17065000,"HOLDER_PROFIT_YOY":35.367193122,"GROSS_PROFIT_RATIO":25.779334919705,"EPS_TTM":-0.007890259179,"OPERATE_INCOME_QOQ":9.867072193784,"NET_PROFIT_RATIO":-19.4382331488,"ROE_AVG":-7.836609110948,"GROSS_PROFIT_QOQ":8.053119518918,"ROA":-6.710723196923,"HOLDER_PROFIT_QOQ":1.514979358406,"ROE_YEARLY":-7.836609110948,"ROIC_YEARLY":-11.712181629754,"TOTAL_ASSETS":246098000,"TOTAL_LIABILITIES":33115000,"TAX_EBT":-1.6063503969,"OCF_SALES":0.801157493214,"TOTAL_PARENT_EQUITY":209828000,"DEBT_ASSET_RATIO":13.4560215849,"OPERATE_PROFIT":-15875000,"PRETAX_PROFIT":-15999000,"NETCASH_OPERATE":670000,"NETCASH_INVEST":14000,"NETCASH_FINANCE":-3525000,"END_CASH":87629000,"DIVI_RATIO":null,"DIVIDEND_RATE":null,"CURRENT_RATIO":3.817278738398,"COMMON_ACS":250000000,"CURRENTDEBT_DEBT":97.276158840405,"ISSUED_COMMON_SHARES":164779124,"HK_COMMON_SHARES":164779124,"PER_SHARES":10000,"TOTAL_MARKET_CAP":41194781,"HKSK_MARKET_CAP":41194781,"PE_TTM":-2.23995547948,"PB_TTM":0.195064218128,"REPORT_DATE_SQ":"2020-12-31 00:00:00","REPORT_TYPE_SQ":"2020年年报","OPERATE_INCOME_SQ":73649000,"DPS_HKD":null,"OPERATE_INCOME_QOQ_SQ":-2.507087049713,"NET_PROFIT_RATIO_SQ":-34.9753560809,"HOLDER_PROFIT_SQ":-26403000,"HOLDER_PROFIT_QOQ_SQ":20.733285406183,"ROE_AVG_SQ":-10.935975893883,"PE_TTM_SQ":-6.68528304742,"PB_TTM_SQ":0.206527436184,"ROA_SQ":-9.42811078914,"START_DATE":"2021-07-01 00:00:00","FISCAL_YEAR":"6-30","CURRENCY":"HKD","IS_CNY_CODE":0,"DPS_HKD_LY":null,"ORG_TYPE":"一般企业","PREMIUM_INCOME":null,"PREMIUM_INCOME_YOY":null,"NET_INTEREST_INCOME":null,"NET_INTEREST_INCOME_YOY":null,"FEE_COMMISSION_INCOME":null,"FEE_COMMISSION_INCOME_YOY":null,"ACCOUNTS_RECE_TDAYS":5.462020769381,"INVENTORY_TDAYS":null,"CURRENT_ASSETS_TDAYS":0.669873360941,"TOTAL_ASSETS_TDAYS":0.328866727357,"PREMIUM_EXPENSE":null,"LOAN_DEPOSIT":null,"LOAN_EQUITY":null,"LOAN_ASSETS":null,"DEPOSIT_EQUITY":null,"DEPOSIT_ASSETS":null,"EQUITY_MULTIPLIER":1.155481892921,"EQUITY_RATIO":0.157819738071},{"SECUCODE":"00682.HK","SECURITY_CODE":"00682","SECURITY_NAME_ABBR":"超大现代","ORG_CODE":"10009051","STD_REPORT_DATE":"2021-06-30 00:00:00","REPORT_DATE":"2021-12-31 00:00:00","DATE_TYPE_CODE":"002","REPORT_TYPE":"2021年中报","PER_NETCASH_OPERATE":-0.00121283567,"PER_OI":0.013172178247,"BPS":1.305723654654,"BASIC_EPS":-0.003,"DILUTED_EPS":-0.003,"OPERATE_INCOME":43410000,"OPERATE_INCOME_YOY":20.1062446393,"GROSS_PROFIT":11432000,"GROSS_PROFIT_YOY":16.356234096692,"HOLDER_PROFIT":-9852000,"HOLDER_PROFIT_YOY":3.9016777214,"GROSS_PROFIT_RATIO":26.334945865008,"EPS_TTM":-0.008011633777,"OPERATE_INCOME_QOQ":4.463703157357,"NET_PROFIT_RATIO":-21.3637410735,"ROE_AVG":-4.46956774217,"GROSS_PROFIT_QOQ":-12.780278858342,"ROA":-3.845395731892,"HOLDER_PROFIT_QOQ":-139.461273353891,"ROE_YEARLY":-8.939135484339,"ROIC_YEARLY":-13.173280383485,"TOTAL_ASSETS":249914000,"TOTAL_LIABILITIES":31623000,"TAX_EBT":null,"OCF_SALES":-9.207555862704,"TOTAL_PARENT_EQUITY":215156000,"DEBT_ASSET_RATIO":12.6535528222,"OPERATE_PROFIT":-9161000,"PRETAX_PROFIT":-9274000,"NETCASH_OPERATE":-3997000,"NETCASH_INVEST":43000,"NETCASH_FINANCE":-1753000,"END_CASH":83720000,"DIVI_RATIO":null,"DIVIDEND_RATE":null,"CURRENT_RATIO":3.839420674825,"COMMON_ACS":250000000,"CURRENTDEBT_DEBT":100,"ISSUED_COMMON_SHARES":164779124,"HK_COMMON_SHARES":164779124,"PER_SHARES":10000,"TOTAL_MARKET_CAP":41194781,"HKSK_MARKET_CAP":41194781,"PE_TTM":-2.23995547948,"PB_TTM":0.195064218128,"REPORT_DATE_SQ":"2020-06-30 00:00:00","REPORT_TYPE_SQ":"2020年中报","OPERATE_INCOME_SQ":36143000,"DPS_HKD":null,"OPERATE_INCOME_QOQ_SQ":-6.780534966162,"NET_PROFIT_RATIO_SQ":-28.1326951277,"HOLDER_PROFIT_SQ":-10252000,"HOLDER_PROFIT_QOQ_SQ":72.936690143585,"ROE_AVG_SQ":-4.104165415641,"PE_TTM_SQ":-6.68528304742,"PB_TTM_SQ":0.206527436184,"ROA_SQ":-3.55863486157,"START_DATE":"2021-07-01 00:00:00","FISCAL_YEAR":"6-30","CURRENCY":"HKD","IS_CNY_CODE":0,"DPS_HKD_LY":null,"ORG_TYPE":"一般企业","PREMIUM_INCOME":null,"PREMIUM_INCOME_YOY":null,"NET_INTEREST_INCOME":null,"NET_INTEREST_INCOME_YOY":null,"FEE_COMMISSION_INCOME":null,"FEE_COMMISSION_INCOME_YOY":null,"ACCOUNTS_RECE_TDAYS":2.802543658607,"INVENTORY_TDAYS":null,"CURRENT_ASSETS_TDAYS":0.349891590834,"TOTAL_ASSETS_TDAYS":0.169436285751,"PREMIUM_EXPENSE":null,"LOAN_DEPOSIT":null,"LOAN_EQUITY":null,"LOAN_ASSETS":null,"DEPOSIT_EQUITY":null,"DEPOSIT_ASSETS":null,"EQUITY_MULTIPLIER":1.144866256511,"EQUITY_RATIO":0.146977077098},{"SECUCODE":"00682.HK","SECURITY_CODE":"00682","SECURITY_NAME_ABBR":"超大现代","ORG_CODE":"10009051","STD_REPORT_DATE":"2020-12-31 00:00:00","REPORT_DATE":"2021-06-30 00:00:00","DATE_TYPE_CODE":"001","REPORT_TYPE":"2020年年报","PER_NETCASH_OPERATE":-0.003751688824,"PER_OI":0.022347794419,"BPS":1.369663793091,"BASIC_EPS":-0.008,"DILUTED_EPS":-0.008,"OPERATE_INCOME":73649000,"OPERATE_INCOME_YOY":1.8447071838,"GROSS_PROFIT":19955000,"GROSS_PROFIT_YOY":-1.500567648946,"HOLDER_PROFIT":-26403000,"HOLDER_PROFIT_YOY":-89.8130841121,"GROSS_PROFIT_RATIO":27.094733126044,"EPS_TTM":-0.003345690794,"OPERATE_INCOME_QOQ":-2.507087049713,"NET_PROFIT_RATIO":-34.9753560809,"ROE_AVG":-10.935975893883,"GROSS_PROFIT_QOQ":-6.314237746202,"ROA":-9.42811078914,"HOLDER_PROFIT_QOQ":20.733285406183,"ROE_YEARLY":-10.935975893883,"ROIC_YEARLY":-16.254701938646,"TOTAL_ASSETS":262491000,"TOTAL_LIABILITIES":34263000,"TAX_EBT":null,"OCF_SALES":-16.787736425478,"TOTAL_PARENT_EQUITY":225692000,"DEBT_ASSET_RATIO":13.0530189607,"OPERATE_PROFIT":-25368000,"PRETAX_PROFIT":-25759000,"NETCASH_OPERATE":-12364000,"NETCASH_INVEST":75000,"NETCASH_FINANCE":-3167000,"END_CASH":89863000,"DIVI_RATIO":null,"DIVIDEND_RATE":null,"CURRENT_RATIO":3.709927686858,"COMMON_ACS":250000000,"CURRENTDEBT_DEBT":99.690628374632,"ISSUED_COMMON_SHARES":164779124,"HK_COMMON_SHARES":164779124,"PER_SHARES":10000,"TOTAL_MARKET_CAP":41194781,"HKSK_MARKET_CAP":41194781,"PE_TTM":-2.23995547948,"PB_TTM":0.195064218128,"REPORT_DATE_SQ":"2019-12-31 00:00:00","REPORT_TYPE_SQ":"2019年年报","OPERATE_INCOME_SQ":72315000,"DPS_HKD":null,"OPERATE_INCOME_QOQ_SQ":-5.778970765064,"NET_PROFIT_RATIO_SQ":-19.955749153,"HOLDER_PROFIT_SQ":-13910000,"HOLDER_PROFIT_QOQ_SQ":5.083931968015,"ROE_AVG_SQ":-5.309170437348,"PE_TTM_SQ":-6.68528304742,"PB_TTM_SQ":0.206527436184,"ROA_SQ":-4.60901259112,"START_DATE":"2020-07-01 00:00:00","FISCAL_YEAR":"6-30","CURRENCY":"HKD","IS_CNY_CODE":0,"DPS_HKD_LY":null,"ORG_TYPE":"一般企业","PREMIUM_INCOME":null,"PREMIUM_INCOME_YOY":null,"NET_INTEREST_INCOME":null,"NET_INTEREST_INCOME_YOY":null,"FEE_COMMISSION_INCOME":null,"FEE_COMMISSION_INCOME_YOY":null,"ACCOUNTS_RECE_TDAYS":5.08748661624,"INVENTORY_TDAYS":null,"CURRENT_ASSETS_TDAYS":0.540495515991,"TOTAL_ASSETS_TDAYS":0.262989407078,"PREMIUM_EXPENSE":null,"LOAN_DEPOSIT":null,"LOAN_EQUITY":null,"LOAN_ASSETS":null,"DEPOSIT_EQUITY":null,"DEPOSIT_ASSETS":null,"EQUITY_MULTIPLIER":1.150126189601,"EQUITY_RATIO":0.151813090406},{"SECUCODE":"00682.HK","SECURITY_CODE":"00682","SECURITY_NAME_ABBR":"超大现代","ORG_CODE":"10009051","STD_REPORT_DATE":"2020-06-30 00:00:00","REPORT_DATE":"2020-12-31 00:00:00","DATE_TYPE_CODE":"002","REPORT_TYPE":"2020年中报","PER_NETCASH_OPERATE":-0.001504134706,"PER_OI":0.010967105238,"BPS":1.471163301002,"BASIC_EPS":-0.003,"DILUTED_EPS":-0.003,"OPERATE_INCOME":36143000,"OPERATE_INCOME_YOY":-4.7765834124,"GROSS_PROFIT":9825000,"GROSS_PROFIT_YOY":-24.013921113689,"HOLDER_PROFIT":-10252000,"HOLDER_PROFIT_YOY":21.9549330085,"GROSS_PROFIT_RATIO":31.508175857012,"EPS_TTM":-0.004220801645,"OPERATE_INCOME_QOQ":-6.780534966162,"NET_PROFIT_RATIO":-28.1326951277,"ROE_AVG":-4.104165415641,"GROSS_PROFIT_QOQ":-7.264373053847,"ROA":-3.55863486157,"HOLDER_PROFIT_QOQ":72.936690143585,"ROE_YEARLY":-8.208330831282,"ROIC_YEARLY":-12.315861236331,"TOTAL_ASSETS":278576000,"TOTAL_LIABILITIES":34326000,"TAX_EBT":null,"OCF_SALES":-13.714965553496,"TOTAL_PARENT_EQUITY":242417000,"DEBT_ASSET_RATIO":12.3219516398,"OPERATE_PROFIT":-9942000,"PRETAX_PROFIT":-10168000,"NETCASH_OPERATE":-4957000,"NETCASH_INVEST":-194000,"NETCASH_FINANCE":-1135000,"END_CASH":98548000,"DIVI_RATIO":null,"DIVIDEND_RATE":null,"CURRENT_RATIO":4.187245464643,"COMMON_ACS":250000000,"CURRENTDEBT_DEBT":94.424051739206,"ISSUED_COMMON_SHARES":164779124,"HK_COMMON_SHARES":164779124,"PER_SHARES":10000,"TOTAL_MARKET_CAP":41194781,"HKSK_MARKET_CAP":41194781,"PE_TTM":-2.23995547948,"PB_TTM":0.195064218128,"REPORT_DATE_SQ":"2019-06-30 00:00:00","REPORT_TYPE_SQ":"2019年中报","OPERATE_INCOME_SQ":37956000,"DPS_HKD":null,"OPERATE_INCOME_QOQ_SQ":-14.745322191503,"NET_PROFIT_RATIO_SQ":-35.2460744019,"HOLDER_PROFIT_SQ":-13136000,"HOLDER_PROFIT_QOQ_SQ":31.898383952713,"ROE_AVG_SQ":-5.028451557706,"PE_TTM_SQ":-6.68528304742,"PB_TTM_SQ":0.206527436184,"ROA_SQ":-4.32436703131,"START_DATE":"2020-07-01 00:00:00","FISCAL_YEAR":"6-30","CURRENCY":"HKD","IS_CNY_CODE":0,"DPS_HKD_LY":null,"ORG_TYPE":"一般企业","PREMIUM_INCOME":null,"PREMIUM_INCOME_YOY":null,"NET_INTEREST_INCOME":null,"NET_INTEREST_INCOME_YOY":null,"FEE_COMMISSION_INCOME":null,"FEE_COMMISSION_INCOME_YOY":null,"ACCOUNTS_RECE_TDAYS":2.780658562856,"INVENTORY_TDAYS":null,"CURRENT_ASSETS_TDAYS":0.256769477233,"TOTAL_ASSETS_TDAYS":0.12545819333,"PREMIUM_EXPENSE":null,"LOAN_DEPOSIT":null,"LOAN_EQUITY":null,"LOAN_ASSETS":null,"DEPOSIT_EQUITY":null,"DEPOSIT_ASSETS":null,"EQUITY_MULTIPLIER":1.140536335722,"EQUITY_RATIO":0.14159898027},{"SECUCODE":"00682.HK","SECURITY_CODE":"00682","SECURITY_NAME_ABBR":"超大现代","ORG_CODE":"10009051","STD_REPORT_DATE":"2019-12-31 00:00:00","REPORT_DATE":"2020-06-30 00:00:00","DATE_TYPE_CODE":"001","REPORT_TYPE":"2019年年报","PER_NETCASH_OPERATE":-0.002629884102,"PER_OI":0.021943010135,"BPS":1.5607134797,"BASIC_EPS":-0.004,"DILUTED_EPS":-0.004,"OPERATE_INCOME":72315000,"OPERATE_INCOME_YOY":-12.1676605978,"GROSS_PROFIT":20259000,"GROSS_PROFIT_YOY":-26.764992950873,"HOLDER_PROFIT":-13910000,"HOLDER_PROFIT_YOY":74.312570405,"GROSS_PROFIT_RATIO":33.770310447348,"EPS_TTM":-0.015596028969,"OPERATE_INCOME_QOQ":-5.778970765064,"NET_PROFIT_RATIO":-19.955749153,"ROE_AVG":-5.309170437348,"GROSS_PROFIT_QOQ":-4.804251165817,"ROA":-4.60901259112,"HOLDER_PROFIT_QOQ":5.083931968015,"ROE_YEARLY":-5.309170437348,"ROIC_YEARLY":-8.102896887579,"TOTAL_ASSETS":297600000,"TOTAL_LIABILITIES":39751000,"TAX_EBT":null,"OCF_SALES":-11.985065339141,"TOTAL_PARENT_EQUITY":257173000,"DEBT_ASSET_RATIO":13.3571908602,"OPERATE_PROFIT":-13523000,"PRETAX_PROFIT":-14431000,"NETCASH_OPERATE":-9244000,"NETCASH_INVEST":3052000,"NETCASH_FINANCE":-3096000,"END_CASH":108150000,"DIVI_RATIO":null,"DIVIDEND_RATE":null,"CURRENT_RATIO":4.05834052384,"COMMON_ACS":250000000,"CURRENTDEBT_DEBT":90.380116223491,"ISSUED_COMMON_SHARES":164779124,"HK_COMMON_SHARES":164779124,"PER_SHARES":10000,"TOTAL_MARKET_CAP":41194781,"HKSK_MARKET_CAP":41194781,"PE_TTM":-2.23995547948,"PB_TTM":0.195064218128,"REPORT_DATE_SQ":"2018-12-31 00:00:00","REPORT_TYPE_SQ":"2018年年报","OPERATE_INCOME_SQ":82333000,"DPS_HKD":null,"OPERATE_INCOME_QOQ_SQ":-54.743215442221,"NET_PROFIT_RATIO_SQ":-64.2366973146,"HOLDER_PROFIT_SQ":-54151000,"HOLDER_PROFIT_QOQ_SQ":88.941443822006,"ROE_AVG_SQ":-18.564349222729,"PE_TTM_SQ":-6.68528304742,"PB_TTM_SQ":0.206527436184,"ROA_SQ":-16.294125346601,"START_DATE":"2019-07-01 00:00:00","FISCAL_YEAR":"6-30","CURRENCY":"HKD","IS_CNY_CODE":0,"DPS_HKD_LY":null,"ORG_TYPE":"一般企业","PREMIUM_INCOME":null,"PREMIUM_INCOME_YOY":null,"NET_INTEREST_INCOME":null,"NET_INTEREST_INCOME_YOY":null,"FEE_COMMISSION_INCOME":null,"FEE_COMMISSION_INCOME_YOY":null,"ACCOUNTS_RECE_TDAYS":5.1010475082,"INVENTORY_TDAYS":null,"CURRENT_ASSETS_TDAYS":0.475946017987,"TOTAL_ASSETS_TDAYS":0.239612326044,"PREMIUM_EXPENSE":null,"LOAN_DEPOSIT":null,"LOAN_EQUITY":null,"LOAN_ASSETS":null,"DEPOSIT_EQUITY":null,"DEPOSIT_ASSETS":null,"EQUITY_MULTIPLIER":1.154163871103,"EQUITY_RATIO":0.154569103288}],"count":49},"success":true,"message":"ok","code":0}