{"version":"664a62df56a345add3e6780fe929629d","result":{"pages":6,"data":[{"SECUCODE":"00688.HK","SECURITY_CODE":"00688","SECURITY_NAME_ABBR":"中国海外发展","ORG_CODE":"10009057","STD_REPORT_DATE":"2024-06-30 00:00:00","REPORT_DATE":"2024-06-30 00:00:00","DATE_TYPE_CODE":"002","REPORT_TYPE":"2024年中报","PER_NETCASH_OPERATE":0.315353652596,"PER_OI":7.943019834062,"BPS":34.58601837009,"BASIC_EPS":0.94,"DILUTED_EPS":0.94,"OPERATE_INCOME":86935427000,"OPERATE_INCOME_YOY":-2.4947340293,"GROSS_PROFIT":19177871000,"GROSS_PROFIT_YOY":-4.848445396815,"HOLDER_PROFIT":10313630000,"HOLDER_PROFIT_YOY":-23.5448443662,"GROSS_PROFIT_RATIO":22.059903150875,"EPS_TTM":2.049696548004,"OPERATE_INCOME_QOQ":-1.098288223707,"NET_PROFIT_RATIO":13.2590434047,"ROE_AVG":2.744600720787,"GROSS_PROFIT_QOQ":-2.374584302314,"ROA":1.123151953788,"HOLDER_PROFIT_QOQ":-12.40205863083,"ROE_YEARLY":5.489201441575,"ROIC_YEARLY":2.59749782651,"TOTAL_ASSETS":912947048000,"TOTAL_LIABILITIES":511856741000,"TAX_EBT":28.775480557332,"OCF_SALES":3.970198478464,"TOTAL_PARENT_EQUITY":378539943000,"DEBT_ASSET_RATIO":56.0664216092,"OPERATE_PROFIT":16058509000,"PRETAX_PROFIT":16183761000,"NETCASH_OPERATE":3451509000,"NETCASH_INVEST":-3356943000,"NETCASH_FINANCE":-5482522000,"END_CASH":100017486000,"DIVI_RATIO":0.332538492424,"DIVIDEND_RATE":5.426917510854,"CURRENT_RATIO":2.406052997578,"COMMON_ACS":null,"CURRENTDEBT_DEBT":52.25536338106,"ISSUED_COMMON_SHARES":10944883535,"HK_COMMON_SHARES":10944883535,"PER_SHARES":500,"TOTAL_MARKET_CAP":151258290453.7,"HKSK_MARKET_CAP":151258290453.7,"PE_TTM":6.067531094999,"PB_TTM":0.364691808841,"REPORT_DATE_SQ":"2023-06-30 00:00:00","REPORT_TYPE_SQ":"2023年中报","OPERATE_INCOME_SQ":89159725000,"DPS_HKD":0.75,"OPERATE_INCOME_QOQ_SQ":-8.11296844916,"NET_PROFIT_RATIO_SQ":15.9392685431,"HOLDER_PROFIT_SQ":13489777000,"HOLDER_PROFIT_QOQ_SQ":-13.983233946193,"ROE_AVG_SQ":3.755642856192,"PE_TTM_SQ":6.100737538678,"PB_TTM_SQ":0.326110642035,"ROA_SQ":1.471001375551,"START_DATE":"2024-01-01 00:00:00","FISCAL_YEAR":"12-31","CURRENCY":"HKD","IS_CNY_CODE":0,"DPS_HKD_LY":0.75,"ORG_TYPE":"一般企业","PREMIUM_INCOME":null,"PREMIUM_INCOME_YOY":null,"NET_INTEREST_INCOME":null,"NET_INTEREST_INCOME_YOY":null,"FEE_COMMISSION_INCOME":null,"FEE_COMMISSION_INCOME_YOY":null,"ACCOUNTS_RECE_TDAYS":10.46393729781,"INVENTORY_TDAYS":0.140313932977,"CURRENT_ASSETS_TDAYS":0.133931724119,"TOTAL_ASSETS_TDAYS":0.094672481647,"PREMIUM_EXPENSE":null,"LOAN_DEPOSIT":null,"LOAN_EQUITY":null,"LOAN_ASSETS":null,"DEPOSIT_EQUITY":null,"DEPOSIT_ASSETS":null,"EQUITY_MULTIPLIER":2.276163327978,"EQUITY_RATIO":1.352186870805},{"SECUCODE":"00688.HK","SECURITY_CODE":"00688","SECURITY_NAME_ABBR":"中国海外发展","ORG_CODE":"10009057","STD_REPORT_DATE":"2023-12-31 00:00:00","REPORT_DATE":"2023-12-31 00:00:00","DATE_TYPE_CODE":"001","REPORT_TYPE":"2023年年报","PER_NETCASH_OPERATE":3.223363399636,"PER_OI":18.5039948897,"BPS":34.081479881184,"BASIC_EPS":2.34,"DILUTED_EPS":2.34,"OPERATE_INCOME":202524069000,"OPERATE_INCOME_YOY":12.3127256063,"GROSS_PROFIT":41152803000,"GROSS_PROFIT_YOY":7.186761838903,"HOLDER_PROFIT":25609837000,"HOLDER_PROFIT_YOY":10.0800150545,"GROSS_PROFIT_RATIO":20.319956636858,"EPS_TTM":2.339891230282,"OPERATE_INCOME_QOQ":22.22913692036,"NET_PROFIT_RATIO":13.3547805619,"ROE_AVG":7.040528863042,"GROSS_PROFIT_QOQ":20.321794289475,"ROA":2.788439159792,"HOLDER_PROFIT_QOQ":27.975068239229,"ROE_YEARLY":7.040528863042,"ROIC_YEARLY":3.236812147747,"TOTAL_ASSETS":923604091000,"TOTAL_LIABILITIES":530692383000,"TAX_EBT":34.225619373617,"OCF_SALES":17.419824307401,"TOTAL_PARENT_EQUITY":373017828000,"DEBT_ASSET_RATIO":57.4588601514,"OPERATE_PROFIT":40525473000,"PRETAX_PROFIT":41120334000,"NETCASH_OPERATE":35279337000,"NETCASH_INVEST":-4771356000,"NETCASH_FINANCE":-35018289000,"END_CASH":105344021000,"DIVI_RATIO":0.291296873623,"DIVIDEND_RATE":5.5720653789,"CURRENT_RATIO":2.29139206983,"COMMON_ACS":null,"CURRENTDEBT_DEBT":53.835428235268,"ISSUED_COMMON_SHARES":10944883535,"HK_COMMON_SHARES":10944883535,"PER_SHARES":500,"TOTAL_MARKET_CAP":147318132381.1,"HKSK_MARKET_CAP":147318132381.1,"PE_TTM":5.909476739413,"PB_TTM":0.355191877496,"REPORT_DATE_SQ":"2022-12-31 00:00:00","REPORT_TYPE_SQ":"2022年年报","OPERATE_INCOME_SQ":180321569000,"DPS_HKD":0.75,"OPERATE_INCOME_QOQ_SQ":-24.282606932703,"NET_PROFIT_RATIO_SQ":13.6179893155,"HOLDER_PROFIT_SQ":23264747000,"HOLDER_PROFIT_QOQ_SQ":-35.589752344127,"ROE_AVG_SQ":6.665735745647,"PE_TTM_SQ":6.194116174474,"PB_TTM_SQ":0.331102131454,"ROA_SQ":2.609382912477,"START_DATE":"2023-01-01 00:00:00","FISCAL_YEAR":"12-31","CURRENCY":"HKD","IS_CNY_CODE":0,"DPS_HKD_LY":0.75,"ORG_TYPE":"一般企业","PREMIUM_INCOME":null,"PREMIUM_INCOME_YOY":null,"NET_INTEREST_INCOME":null,"NET_INTEREST_INCOME_YOY":null,"FEE_COMMISSION_INCOME":null,"FEE_COMMISSION_INCOME_YOY":null,"ACCOUNTS_RECE_TDAYS":28.871822418765,"INVENTORY_TDAYS":0.330525146849,"CURRENT_ASSETS_TDAYS":0.307075284057,"TOTAL_ASSETS_TDAYS":0.22051137803,"PREMIUM_EXPENSE":null,"LOAN_DEPOSIT":null,"LOAN_EQUITY":null,"LOAN_ASSETS":null,"DEPOSIT_EQUITY":null,"DEPOSIT_ASSETS":null,"EQUITY_MULTIPLIER":2.350665740408,"EQUITY_RATIO":1.422699783132},{"SECUCODE":"00688.HK","SECURITY_CODE":"00688","SECURITY_NAME_ABBR":"中国海外发展","ORG_CODE":"10009057","STD_REPORT_DATE":"2023-06-30 00:00:00","REPORT_DATE":"2023-06-30 00:00:00","DATE_TYPE_CODE":"002","REPORT_TYPE":"2023年中报","PER_NETCASH_OPERATE":3.079322488195,"PER_OI":8.146247030851,"BPS":33.247871741744,"BASIC_EPS":1.23,"DILUTED_EPS":1.23,"OPERATE_INCOME":89159725000,"OPERATE_INCOME_YOY":-14.0953375313,"GROSS_PROFIT":20155079000,"GROSS_PROFIT_YOY":-17.215172019257,"HOLDER_PROFIT":13489777000,"HOLDER_PROFIT_YOY":-19.4300630935,"GROSS_PROFIT_RATIO":22.605586771381,"EPS_TTM":1.828396157529,"OPERATE_INCOME_QOQ":-8.11296844916,"NET_PROFIT_RATIO":15.9392685431,"ROE_AVG":3.755642856192,"GROSS_PROFIT_QOQ":-10.916586249513,"ROA":1.471001375551,"HOLDER_PROFIT_QOQ":-13.983233946193,"ROE_YEARLY":7.511285712383,"ROIC_YEARLY":3.434542895651,"TOTAL_ASSETS":920840278000,"TOTAL_LIABILITIES":537060741000,"TAX_EBT":28.280168347769,"OCF_SALES":37.80050465611,"TOTAL_PARENT_EQUITY":363894084000,"DEBT_ASSET_RATIO":58.3228985342,"OPERATE_PROFIT":19070389000,"PRETAX_PROFIT":19815172000,"NETCASH_OPERATE":33702826000,"NETCASH_INVEST":-433568000,"NETCASH_FINANCE":-29408651000,"END_CASH":113785359000,"DIVI_RATIO":0.372787372798,"DIVIDEND_RATE":5.5720653789,"CURRENT_RATIO":2.191705457924,"COMMON_ACS":null,"CURRENTDEBT_DEBT":56.596994863939,"ISSUED_COMMON_SHARES":10944883535,"HK_COMMON_SHARES":10944883535,"PER_SHARES":500,"TOTAL_MARKET_CAP":147318132381.1,"HKSK_MARKET_CAP":147318132381.1,"PE_TTM":5.909476739413,"PB_TTM":0.355191877496,"REPORT_DATE_SQ":"2022-06-30 00:00:00","REPORT_TYPE_SQ":"2022年中报","OPERATE_INCOME_SQ":103789157000,"DPS_HKD":0.75,"OPERATE_INCOME_QOQ_SQ":-1.688400255873,"NET_PROFIT_RATIO_SQ":16.9514557287,"HOLDER_PROFIT_SQ":16742941000,"HOLDER_PROFIT_QOQ_SQ":-10.05027697298,"ROE_AVG_SQ":4.808647674066,"PE_TTM_SQ":6.194116174474,"PB_TTM_SQ":0.331102131454,"ROA_SQ":1.888079692648,"START_DATE":"2023-01-01 00:00:00","FISCAL_YEAR":"12-31","CURRENCY":"HKD","IS_CNY_CODE":0,"DPS_HKD_LY":0.75,"ORG_TYPE":"一般企业","PREMIUM_INCOME":null,"PREMIUM_INCOME_YOY":null,"NET_INTEREST_INCOME":null,"NET_INTEREST_INCOME_YOY":null,"FEE_COMMISSION_INCOME":null,"FEE_COMMISSION_INCOME_YOY":null,"ACCOUNTS_RECE_TDAYS":11.918599696567,"INVENTORY_TDAYS":0.144132876719,"CURRENT_ASSETS_TDAYS":0.134015223713,"TOTAL_ASSETS_TDAYS":0.097224793352,"PREMIUM_EXPENSE":null,"LOAN_DEPOSIT":null,"LOAN_EQUITY":null,"LOAN_ASSETS":null,"DEPOSIT_EQUITY":null,"DEPOSIT_ASSETS":null,"EQUITY_MULTIPLIER":2.399399106055,"EQUITY_RATIO":1.47587104219},{"SECUCODE":"00688.HK","SECURITY_CODE":"00688","SECURITY_NAME_ABBR":"中国海外发展","ORG_CODE":"10009057","STD_REPORT_DATE":"2022-12-31 00:00:00","REPORT_DATE":"2022-12-31 00:00:00","DATE_TYPE_CODE":"001","REPORT_TYPE":"2022年年报","PER_NETCASH_OPERATE":-0.961033981437,"PER_OI":16.475421453628,"BPS":32.387709459532,"BASIC_EPS":2.13,"DILUTED_EPS":2.13,"OPERATE_INCOME":180321569000,"OPERATE_INCOME_YOY":-25.561019591,"GROSS_PROFIT":38393550000,"GROSS_PROFIT_YOY":-32.673366534915,"HOLDER_PROFIT":23264747000,"HOLDER_PROFIT_YOY":-42.0631606325,"GROSS_PROFIT_RATIO":21.291712473953,"EPS_TTM":2.125627643785,"OPERATE_INCOME_QOQ":-24.282606932703,"NET_PROFIT_RATIO":13.6179893155,"ROE_AVG":6.665735745647,"GROSS_PROFIT_QOQ":-24.097172494607,"ROA":2.609382912477,"HOLDER_PROFIT_QOQ":-35.589752344127,"ROE_YEARLY":6.665735745647,"ROIC_YEARLY":3.081965894198,"TOTAL_ASSETS":913254132000,"TOTAL_LIABILITIES":540156307000,"TAX_EBT":31.801537420756,"OCF_SALES":-5.833137465657,"TOTAL_PARENT_EQUITY":354479708000,"DEBT_ASSET_RATIO":59.1463304762,"OPERATE_PROFIT":34882261000,"PRETAX_PROFIT":36006929000,"NETCASH_OPERATE":-10518405000,"NETCASH_INVEST":-8139819000,"NETCASH_FINANCE":-2072528000,"END_CASH":109709019000,"DIVI_RATIO":0.320659642338,"DIVIDEND_RATE":5.5720653789,"CURRENT_RATIO":2.363137887259,"COMMON_ACS":null,"CURRENTDEBT_DEBT":52.050019847311,"ISSUED_COMMON_SHARES":10944883535,"HK_COMMON_SHARES":10944883535,"PER_SHARES":500,"TOTAL_MARKET_CAP":147318132381.1,"HKSK_MARKET_CAP":147318132381.1,"PE_TTM":5.909476739413,"PB_TTM":0.355191877496,"REPORT_DATE_SQ":"2021-12-31 00:00:00","REPORT_TYPE_SQ":"2021年年报","OPERATE_INCOME_SQ":242240783000,"DPS_HKD":0.75,"OPERATE_INCOME_QOQ_SQ":18.141292813199,"NET_PROFIT_RATIO_SQ":17.7763362002,"HOLDER_PROFIT_SQ":40155361000,"HOLDER_PROFIT_QOQ_SQ":-9.060421995254,"ROE_AVG_SQ":12.210719651686,"PE_TTM_SQ":6.194116174474,"PB_TTM_SQ":0.331102131454,"ROA_SQ":4.742113007122,"START_DATE":"2022-01-01 00:00:00","FISCAL_YEAR":"12-31","CURRENCY":"HKD","IS_CNY_CODE":0,"DPS_HKD_LY":1.16,"ORG_TYPE":"一般企业","PREMIUM_INCOME":null,"PREMIUM_INCOME_YOY":null,"NET_INTEREST_INCOME":null,"NET_INTEREST_INCOME_YOY":null,"FEE_COMMISSION_INCOME":null,"FEE_COMMISSION_INCOME_YOY":null,"ACCOUNTS_RECE_TDAYS":23.59215868467,"INVENTORY_TDAYS":0.302156654971,"CURRENT_ASSETS_TDAYS":0.274596533895,"TOTAL_ASSETS_TDAYS":0.20224936076,"PREMIUM_EXPENSE":null,"LOAN_DEPOSIT":null,"LOAN_EQUITY":null,"LOAN_ASSETS":null,"DEPOSIT_EQUITY":null,"DEPOSIT_ASSETS":null,"EQUITY_MULTIPLIER":2.447760535727,"EQUITY_RATIO":1.52380036095},{"SECUCODE":"00688.HK","SECURITY_CODE":"00688","SECURITY_NAME_ABBR":"中国海外发展","ORG_CODE":"10009057","STD_REPORT_DATE":"2022-06-30 00:00:00","REPORT_DATE":"2022-06-30 00:00:00","DATE_TYPE_CODE":"002","REPORT_TYPE":"2022年中报","PER_NETCASH_OPERATE":-1.928146145413,"PER_OI":9.48289277525,"BPS":32.234951598322,"BASIC_EPS":1.53,"DILUTED_EPS":1.52,"OPERATE_INCOME":103789157000,"OPERATE_INCOME_YOY":-3.7912738116,"GROSS_PROFIT":24346344000,"GROSS_PROFIT_YOY":-20.926828664669,"HOLDER_PROFIT":16742941000,"HOLDER_PROFIT_YOY":-19.4224451175,"GROSS_PROFIT_RATIO":23.457502405574,"EPS_TTM":3.300138908239,"OPERATE_INCOME_QOQ":-1.688400255873,"NET_PROFIT_RATIO":16.9514557287,"ROE_AVG":4.808647674066,"GROSS_PROFIT_QOQ":-11.298912467652,"ROA":1.888079692648,"HOLDER_PROFIT_QOQ":-10.05027697298,"ROE_YEARLY":9.617295348132,"ROIC_YEARLY":4.508047287216,"TOTAL_ASSETS":903635072000,"TOTAL_LIABILITIES":532713760000,"TAX_EBT":30.077563478858,"OCF_SALES":-20.332889879817,"TOTAL_PARENT_EQUITY":352807791000,"DEBT_ASSET_RATIO":58.9523112268,"OPERATE_PROFIT":24131232000,"PRETAX_PROFIT":25161842000,"NETCASH_OPERATE":-21103335000,"NETCASH_INVEST":-898187000,"NETCASH_FINANCE":16144630000,"END_CASH":124466987000,"DIVI_RATIO":0.206537669762,"DIVIDEND_RATE":5.5720653789,"CURRENT_RATIO":2.426379158141,"COMMON_ACS":null,"CURRENTDEBT_DEBT":51.921962368684,"ISSUED_COMMON_SHARES":10944883535,"HK_COMMON_SHARES":10944883535,"PER_SHARES":500,"TOTAL_MARKET_CAP":147318132381.1,"HKSK_MARKET_CAP":147318132381.1,"PE_TTM":5.909476739413,"PB_TTM":0.355191877496,"REPORT_DATE_SQ":"2021-06-30 00:00:00","REPORT_TYPE_SQ":"2021年中报","OPERATE_INCOME_SQ":107879151000,"DPS_HKD":0.75,"OPERATE_INCOME_QOQ_SQ":10.363206800332,"NET_PROFIT_RATIO_SQ":20.3628808684,"HOLDER_PROFIT_SQ":20778666000,"HOLDER_PROFIT_QOQ_SQ":0.574287682608,"ROE_AVG_SQ":6.471081119465,"PE_TTM_SQ":6.194116174474,"PB_TTM_SQ":0.331102131454,"ROA_SQ":2.470712741233,"START_DATE":"2022-01-01 00:00:00","FISCAL_YEAR":"12-31","CURRENCY":"HKD","IS_CNY_CODE":0,"DPS_HKD_LY":1.16,"ORG_TYPE":"一般企业","PREMIUM_INCOME":null,"PREMIUM_INCOME_YOY":null,"NET_INTEREST_INCOME":null,"NET_INTEREST_INCOME_YOY":null,"FEE_COMMISSION_INCOME":null,"FEE_COMMISSION_INCOME_YOY":null,"ACCOUNTS_RECE_TDAYS":13.508315575244,"INVENTORY_TDAYS":0.171695144699,"CURRENT_ASSETS_TDAYS":0.157246505125,"TOTAL_ASSETS_TDAYS":0.117041683208,"PREMIUM_EXPENSE":null,"LOAN_DEPOSIT":null,"LOAN_EQUITY":null,"LOAN_ASSETS":null,"DEPOSIT_EQUITY":null,"DEPOSIT_ASSETS":null,"EQUITY_MULTIPLIER":2.436190757354,"EQUITY_RATIO":1.509926292983},{"SECUCODE":"00688.HK","SECURITY_CODE":"00688","SECURITY_NAME_ABBR":"中国海外发展","ORG_CODE":"10009057","STD_REPORT_DATE":"2021-12-31 00:00:00","REPORT_DATE":"2021-12-31 00:00:00","DATE_TYPE_CODE":"001","REPORT_TYPE":"2021年年报","PER_NETCASH_OPERATE":2.061682625777,"PER_OI":22.132926159588,"BPS":31.390025659145,"BASIC_EPS":3.67,"DILUTED_EPS":3.67,"OPERATE_INCOME":242240783000,"OPERATE_INCOME_YOY":30.384519304,"GROSS_PROFIT":57025798000,"GROSS_PROFIT_YOY":2.158594784616,"HOLDER_PROFIT":40155361000,"HOLDER_PROFIT_YOY":-8.5381672002,"GROSS_PROFIT_RATIO":23.540956767796,"EPS_TTM":3.668893523699,"OPERATE_INCOME_QOQ":18.141292813199,"NET_PROFIT_RATIO":17.7763362002,"ROE_AVG":12.210719651686,"GROSS_PROFIT_QOQ":-4.152660447084,"ROA":4.742113007122,"HOLDER_PROFIT_QOQ":-9.060421995254,"ROE_YEARLY":12.210719651686,"ROIC_YEARLY":5.638253708605,"TOTAL_ASSETS":869906698000,"TOTAL_LIABILITIES":512800344000,"TAX_EBT":31.788741903746,"OCF_SALES":9.315002503109,"TOTAL_PARENT_EQUITY":343560175000,"DEBT_ASSET_RATIO":58.9488901717,"OPERATE_PROFIT":60309732000,"PRETAX_PROFIT":63129661000,"NETCASH_OPERATE":22564735000,"NETCASH_INVEST":-14465394000,"NETCASH_FINANCE":14425614000,"END_CASH":129861401000,"DIVI_RATIO":0.185778899169,"DIVIDEND_RATE":5.5720653789,"CURRENT_RATIO":2.208082722938,"COMMON_ACS":null,"CURRENTDEBT_DEBT":57.312868144254,"ISSUED_COMMON_SHARES":10944883535,"HK_COMMON_SHARES":10944883535,"PER_SHARES":500,"TOTAL_MARKET_CAP":147318132381.1,"HKSK_MARKET_CAP":147318132381.1,"PE_TTM":5.909476739413,"PB_TTM":0.355191877496,"REPORT_DATE_SQ":"2020-12-31 00:00:00","REPORT_TYPE_SQ":"2020年年报","OPERATE_INCOME_SQ":185789528000,"DPS_HKD":0.75,"OPERATE_INCOME_QOQ_SQ":7.741347712507,"NET_PROFIT_RATIO_SQ":25.6788628044,"HOLDER_PROFIT_SQ":43903954000,"HOLDER_PROFIT_QOQ_SQ":7.555410484513,"ROE_AVG_SQ":14.763829352948,"PE_TTM_SQ":6.194116174474,"PB_TTM_SQ":0.331102131454,"ROA_SQ":5.673983316572,"START_DATE":"2021-01-01 00:00:00","FISCAL_YEAR":"12-31","CURRENCY":"HKD","IS_CNY_CODE":0,"DPS_HKD_LY":1.18,"ORG_TYPE":"一般企业","PREMIUM_INCOME":null,"PREMIUM_INCOME_YOY":null,"NET_INTEREST_INCOME":null,"NET_INTEREST_INCOME_YOY":null,"FEE_COMMISSION_INCOME":null,"FEE_COMMISSION_INCOME_YOY":null,"ACCOUNTS_RECE_TDAYS":23.701304550848,"INVENTORY_TDAYS":0.407644824392,"CURRENT_ASSETS_TDAYS":0.376966855833,"TOTAL_ASSETS_TDAYS":0.286072180479,"PREMIUM_EXPENSE":null,"LOAN_DEPOSIT":null,"LOAN_EQUITY":null,"LOAN_ASSETS":null,"DEPOSIT_EQUITY":null,"DEPOSIT_ASSETS":null,"EQUITY_MULTIPLIER":2.435987733785,"EQUITY_RATIO":1.492607063668},{"SECUCODE":"00688.HK","SECURITY_CODE":"00688","SECURITY_NAME_ABBR":"中国海外发展","ORG_CODE":"10009057","STD_REPORT_DATE":"2021-06-30 00:00:00","REPORT_DATE":"2021-06-30 00:00:00","DATE_TYPE_CODE":"002","REPORT_TYPE":"2021年中报","PER_NETCASH_OPERATE":0.320853115267,"PER_OI":9.856644507469,"BPS":29.973295371388,"BASIC_EPS":1.9,"DILUTED_EPS":1.9,"OPERATE_INCOME":107879151000,"OPERATE_INCOME_YOY":21.7248705614,"GROSS_PROFIT":30789639000,"GROSS_PROFIT_YOY":13.556215190039,"HOLDER_PROFIT":20778666000,"HOLDER_PROFIT_YOY":1.2283371214,"GROSS_PROFIT_RATIO":28.54086143114,"EPS_TTM":4.034429897517,"OPERATE_INCOME_QOQ":10.363206800332,"NET_PROFIT_RATIO":20.3628808684,"ROE_AVG":6.471081119465,"GROSS_PROFIT_QOQ":6.584695267639,"ROA":2.470712741233,"HOLDER_PROFIT_QOQ":0.574287682608,"ROE_YEARLY":12.94216223893,"ROIC_YEARLY":5.825631967202,"TOTAL_ASSETS":858340350000,"TOTAL_LIABILITIES":517093365000,"TAX_EBT":32.466584993567,"OCF_SALES":3.255196177805,"TOTAL_PARENT_EQUITY":328054227000,"DEBT_ASSET_RATIO":60.2433947093,"OPERATE_PROFIT":31396439000,"PRETAX_PROFIT":32528050000,"NETCASH_OPERATE":4424985000,"NETCASH_INVEST":-4520934000,"NETCASH_FINANCE":9587578000,"END_CASH":117029159000,"DIVI_RATIO":0.168946546926,"DIVIDEND_RATE":5.5720653789,"CURRENT_RATIO":2.12095136058,"COMMON_ACS":null,"CURRENTDEBT_DEBT":60.352605181852,"ISSUED_COMMON_SHARES":10944883535,"HK_COMMON_SHARES":10944883535,"PER_SHARES":500,"TOTAL_MARKET_CAP":147318132381.1,"HKSK_MARKET_CAP":147318132381.1,"PE_TTM":5.909476739413,"PB_TTM":0.355191877496,"REPORT_DATE_SQ":"2020-06-30 00:00:00","REPORT_TYPE_SQ":"2020年中报","OPERATE_INCOME_SQ":88625398000,"DPS_HKD":0.75,"OPERATE_INCOME_QOQ_SQ":5.370802820806,"NET_PROFIT_RATIO_SQ":25.7297575126,"HOLDER_PROFIT_SQ":20526531000,"HOLDER_PROFIT_QOQ_SQ":-1.918544848274,"ROE_AVG_SQ":7.131110287303,"PE_TTM_SQ":6.194116174474,"PB_TTM_SQ":0.331102131454,"ROA_SQ":2.759133137958,"START_DATE":"2021-01-01 00:00:00","FISCAL_YEAR":"12-31","CURRENCY":"HKD","IS_CNY_CODE":0,"DPS_HKD_LY":1.18,"ORG_TYPE":"一般企业","PREMIUM_INCOME":null,"PREMIUM_INCOME_YOY":null,"NET_INTEREST_INCOME":null,"NET_INTEREST_INCOME_YOY":null,"FEE_COMMISSION_INCOME":null,"FEE_COMMISSION_INCOME_YOY":null,"ACCOUNTS_RECE_TDAYS":8.594995988691,"INVENTORY_TDAYS":0.169559327365,"CURRENT_ASSETS_TDAYS":0.166203392633,"TOTAL_ASSETS_TDAYS":0.128275026361,"PREMIUM_EXPENSE":null,"LOAN_DEPOSIT":null,"LOAN_EQUITY":null,"LOAN_ASSETS":null,"DEPOSIT_EQUITY":null,"DEPOSIT_ASSETS":null,"EQUITY_MULTIPLIER":2.515305300058,"EQUITY_RATIO":1.576243567195},{"SECUCODE":"00688.HK","SECURITY_CODE":"00688","SECURITY_NAME_ABBR":"中国海外发展","ORG_CODE":"10009057","STD_REPORT_DATE":"2020-12-31 00:00:00","REPORT_DATE":"2020-12-31 00:00:00","DATE_TYPE_CODE":"001","REPORT_TYPE":"2020年年报","PER_NETCASH_OPERATE":0.885275398996,"PER_OI":16.960752760854,"BPS":28.702592402688,"BASIC_EPS":4.01,"DILUTED_EPS":3.99,"OPERATE_INCOME":185789528000,"OPERATE_INCOME_YOY":13.5279230546,"GROSS_PROFIT":55820852000,"GROSS_PROFIT_YOY":1.344841128863,"HOLDER_PROFIT":43903954000,"HOLDER_PROFIT_YOY":5.4919116976,"GROSS_PROFIT_RATIO":30.045209006613,"EPS_TTM":4.007998281894,"OPERATE_INCOME_QOQ":7.741347712507,"NET_PROFIT_RATIO":25.6788628044,"ROE_AVG":14.763829352948,"GROSS_PROFIT_QOQ":2.733576920951,"ROA":5.673983316572,"HOLDER_PROFIT_QOQ":7.555410484513,"ROE_YEARLY":14.763829352948,"ROIC_YEARLY":6.657697841768,"TOTAL_ASSETS":823657371000,"TOTAL_LIABILITIES":495308051000,"TAX_EBT":31.060418143289,"OCF_SALES":5.219552525049,"TOTAL_PARENT_EQUITY":314146531000,"DEBT_ASSET_RATIO":60.1352052976,"OPERATE_PROFIT":65231389000,"PRETAX_PROFIT":69203550000,"NETCASH_OPERATE":11200592000,"NETCASH_INVEST":-4043530000,"NETCASH_FINANCE":8035193000,"END_CASH":107664125000,"DIVI_RATIO":0.170060701642,"DIVIDEND_RATE":5.5720653789,"CURRENT_RATIO":2.093198358217,"COMMON_ACS":null,"CURRENTDEBT_DEBT":61.368313998999,"ISSUED_COMMON_SHARES":10944883535,"HK_COMMON_SHARES":10944883535,"PER_SHARES":500,"TOTAL_MARKET_CAP":147318132381.1,"HKSK_MARKET_CAP":147318132381.1,"PE_TTM":5.909476739413,"PB_TTM":0.355191877496,"REPORT_DATE_SQ":"2019-12-31 00:00:00","REPORT_TYPE_SQ":"2019年年报","OPERATE_INCOME_SQ":163650953000,"DPS_HKD":0.75,"OPERATE_INCOME_QOQ_SQ":3.790998517594,"NET_PROFIT_RATIO_SQ":26.1210852833,"HOLDER_PROFIT_SQ":41618313000,"HOLDER_PROFIT_QOQ_SQ":-0.210149444114,"ROE_AVG_SQ":15.753588043092,"PE_TTM_SQ":6.194116174474,"PB_TTM_SQ":0.331102131454,"ROA_SQ":5.743481423419,"START_DATE":"2020-01-01 00:00:00","FISCAL_YEAR":"12-31","CURRENCY":"HKD","IS_CNY_CODE":0,"DPS_HKD_LY":1.02,"ORG_TYPE":"一般企业","PREMIUM_INCOME":null,"PREMIUM_INCOME_YOY":null,"NET_INTEREST_INCOME":null,"NET_INTEREST_INCOME_YOY":null,"FEE_COMMISSION_INCOME":null,"FEE_COMMISSION_INCOME_YOY":null,"ACCOUNTS_RECE_TDAYS":16.066085314857,"INVENTORY_TDAYS":0.306143691627,"CURRENT_ASSETS_TDAYS":0.310455170738,"TOTAL_ASSETS_TDAYS":0.240107458719,"PREMIUM_EXPENSE":null,"LOAN_DEPOSIT":null,"LOAN_EQUITY":null,"LOAN_ASSETS":null,"DEPOSIT_EQUITY":null,"DEPOSIT_ASSETS":null,"EQUITY_MULTIPLIER":2.508478991213,"EQUITY_RATIO":1.576678403621},{"SECUCODE":"00688.HK","SECURITY_CODE":"00688","SECURITY_NAME_ABBR":"中国海外发展","ORG_CODE":"10009057","STD_REPORT_DATE":"2020-06-30 00:00:00","REPORT_DATE":"2020-06-30 00:00:00","DATE_TYPE_CODE":"002","REPORT_TYPE":"2020年中报","PER_NETCASH_OPERATE":0.644048690026,"PER_OI":8.089369928022,"BPS":26.961084698285,"BASIC_EPS":1.87,"DILUTED_EPS":1.87,"OPERATE_INCOME":88625398000,"OPERATE_INCOME_YOY":11.009277666,"GROSS_PROFIT":27114006000,"GROSS_PROFIT_YOY":-2.672656923884,"HOLDER_PROFIT":20526531000,"HOLDER_PROFIT_YOY":-3.744272508,"GROSS_PROFIT_RATIO":30.593945541435,"EPS_TTM":3.725871479734,"OPERATE_INCOME_QOQ":5.370802820806,"NET_PROFIT_RATIO":25.7297575126,"ROE_AVG":7.131110287303,"GROSS_PROFIT_QOQ":-1.35178374365,"ROA":2.759133137958,"HOLDER_PROFIT_QOQ":-1.918544848274,"ROE_YEARLY":14.262220574606,"ROIC_YEARLY":6.51509155207,"TOTAL_ASSETS":764001315000,"TOTAL_LIABILITIES":456636792000,"TAX_EBT":31.672608144261,"OCF_SALES":7.961666925321,"TOTAL_PARENT_EQUITY":295085932000,"DEBT_ASSET_RATIO":59.7691107377,"OPERATE_PROFIT":31261975000,"PRETAX_PROFIT":33373292000,"NETCASH_OPERATE":7056059000,"NETCASH_INVEST":-2780041000,"NETCASH_FINANCE":13047286000,"END_CASH":110391906000,"DIVI_RATIO":0.182937872041,"DIVIDEND_RATE":5.5720653789,"CURRENT_RATIO":2.262555820669,"COMMON_ACS":null,"CURRENTDEBT_DEBT":56.985701231013,"ISSUED_COMMON_SHARES":10944883535,"HK_COMMON_SHARES":10944883535,"PER_SHARES":500,"TOTAL_MARKET_CAP":147318132381.1,"HKSK_MARKET_CAP":147318132381.1,"PE_TTM":5.909476739413,"PB_TTM":0.355191877496,"REPORT_DATE_SQ":"2019-06-30 00:00:00","REPORT_TYPE_SQ":"2019年中报","OPERATE_INCOME_SQ":79836028000,"DPS_HKD":0.75,"OPERATE_INCOME_QOQ_SQ":4.951849923646,"NET_PROFIT_RATIO_SQ":27.2624798862,"HOLDER_PROFIT_SQ":21324997000,"HOLDER_PROFIT_QOQ_SQ":6.009693597196,"ROE_AVG_SQ":9.067139684237,"PE_TTM_SQ":6.194116174474,"PB_TTM_SQ":0.331102131454,"ROA_SQ":3.304951976782,"START_DATE":"2020-01-01 00:00:00","FISCAL_YEAR":"12-31","CURRENCY":"HKD","IS_CNY_CODE":0,"DPS_HKD_LY":1.02,"ORG_TYPE":"一般企业","PREMIUM_INCOME":null,"PREMIUM_INCOME_YOY":null,"NET_INTEREST_INCOME":null,"NET_INTEREST_INCOME_YOY":null,"FEE_COMMISSION_INCOME":null,"FEE_COMMISSION_INCOME_YOY":null,"ACCOUNTS_RECE_TDAYS":7.569219766195,"INVENTORY_TDAYS":0.154527229522,"CURRENT_ASSETS_TDAYS":0.154213116975,"TOTAL_ASSETS_TDAYS":0.119128396555,"PREMIUM_EXPENSE":null,"LOAN_DEPOSIT":null,"LOAN_EQUITY":null,"LOAN_ASSETS":null,"DEPOSIT_EQUITY":null,"DEPOSIT_ASSETS":null,"EQUITY_MULTIPLIER":2.485652239701,"EQUITY_RATIO":1.547470558508}],"count":52},"success":true,"message":"ok","code":0}