{"version":"7cb44499a57f60015e01d65997eb256b","result":{"pages":6,"data":[{"SECUCODE":"00689.HK","SECURITY_CODE":"00689","SECURITY_NAME_ABBR":"长盈集团(控股)","ORG_CODE":"10009058","STD_REPORT_DATE":"2024-06-30 00:00:00","REPORT_DATE":"2024-06-30 00:00:00","DATE_TYPE_CODE":"002","REPORT_TYPE":"2024年中报","PER_NETCASH_OPERATE":0.000993083911,"PER_OI":0.006416380985,"BPS":0.059258681258,"BASIC_EPS":0.000182536,"DILUTED_EPS":null,"OPERATE_INCOME":33624043.88,"OPERATE_INCOME_YOY":-4.6014811746,"GROSS_PROFIT":25155286.16,"GROSS_PROFIT_YOY":-4.15575061473,"HOLDER_PROFIT":943711.12,"HOLDER_PROFIT_YOY":-93.6862673261,"GROSS_PROFIT_RATIO":74.813387258761,"EPS_TTM":0.001016760467,"OPERATE_INCOME_QOQ":-2.631112712983,"NET_PROFIT_RATIO":2.8066556282,"ROE_AVG":0.256729528986,"GROSS_PROFIT_QOQ":-2.010005496489,"ROA":0.234450107929,"HOLDER_PROFIT_QOQ":-72.653210345247,"ROE_YEARLY":0.513459057971,"ROIC_YEARLY":0.770009829913,"TOTAL_ASSETS":398812866.92,"TOTAL_LIABILITIES":31857095.4,"TAX_EBT":28.492392807746,"OCF_SALES":15.477321462501,"TOTAL_PARENT_EQUITY":366955771.52,"DEBT_ASSET_RATIO":7.9879808407,"OPERATE_PROFIT":2268009.8,"PRETAX_PROFIT":1319735.28,"NETCASH_OPERATE":5204101.36,"NETCASH_INVEST":3186165.88,"NETCASH_FINANCE":-790380.88,"END_CASH":161216707.88,"DIVI_RATIO":null,"DIVIDEND_RATE":null,"CURRENT_RATIO":36.335915137229,"COMMON_ACS":100000000000,"CURRENTDEBT_DEBT":17.01475433319,"ISSUED_COMMON_SHARES":6192439044,"HK_COMMON_SHARES":6192439044,"PER_SHARES":15000,"TOTAL_MARKET_CAP":117656341.836,"HKSK_MARKET_CAP":117656341.836,"PE_TTM":19.109362000325,"PB_TTM":0.292630879253,"REPORT_DATE_SQ":"2023-06-30 00:00:00","REPORT_TYPE_SQ":"2023年中报","OPERATE_INCOME_SQ":35605023.64,"DPS_HKD":null,"OPERATE_INCOME_QOQ_SQ":73.024466618647,"NET_PROFIT_RATIO_SQ":42.4076855352,"HOLDER_PROFIT_SQ":15099266.46,"HOLDER_PROFIT_QOQ_SQ":85.828738882785,"ROE_AVG_SQ":4.249709692696,"PE_TTM_SQ":-17.133706208926,"PB_TTM_SQ":0.265722705326,"ROA_SQ":3.763672528086,"START_DATE":"2024-01-01 00:00:00","FISCAL_YEAR":"12-31","CURRENCY":"HKD","IS_CNY_CODE":0,"DPS_HKD_LY":null,"ORG_TYPE":"一般企业","PREMIUM_INCOME":null,"PREMIUM_INCOME_YOY":null,"NET_INTEREST_INCOME":null,"NET_INTEREST_INCOME_YOY":null,"FEE_COMMISSION_INCOME":null,"FEE_COMMISSION_INCOME_YOY":null,"ACCOUNTS_RECE_TDAYS":3.199531026098,"INVENTORY_TDAYS":51.837988826816,"CURRENT_ASSETS_TDAYS":0.177543565425,"TOTAL_ASSETS_TDAYS":0.083533621143,"PREMIUM_EXPENSE":null,"LOAN_DEPOSIT":null,"LOAN_EQUITY":null,"LOAN_ASSETS":null,"DEPOSIT_EQUITY":null,"DEPOSIT_ASSETS":null,"EQUITY_MULTIPLIER":1.086814536989,"EQUITY_RATIO":0.086814536989},{"SECUCODE":"00689.HK","SECURITY_CODE":"00689","SECURITY_NAME_ABBR":"长盈集团(控股)","ORG_CODE":"10009058","STD_REPORT_DATE":"2023-12-31 00:00:00","REPORT_DATE":"2023-12-31 00:00:00","DATE_TYPE_CODE":"001","REPORT_TYPE":"2023年年报","PER_NETCASH_OPERATE":0.014380801785,"PER_OI":0.014367486067,"BPS":0.059042515407,"BASIC_EPS":0.003715502,"DILUTED_EPS":null,"OPERATE_INCOME":75290570.04,"OPERATE_INCOME_YOY":84.2091259811,"GROSS_PROFIT":54264453.6,"GROSS_PROFIT_YOY":95.017971465275,"HOLDER_PROFIT":19483730,"HOLDER_PROFIT_YOY":145.9932400633,"GROSS_PROFIT_RATIO":72.073373293854,"EPS_TTM":0.003718024969,"OPERATE_INCOME_QOQ":8.007649982338,"NET_PROFIT_RATIO":25.8780481934,"ROE_AVG":5.514474855277,"GROSS_PROFIT_QOQ":11.718484546583,"ROA":4.893125045517,"HOLDER_PROFIT_QOQ":429.258047772037,"ROE_YEARLY":5.514474855277,"ROIC_YEARLY":6.883292967356,"TOTAL_ASSETS":403353990.9,"TOTAL_LIABILITIES":37736813.24,"TAX_EBT":3.734216889048,"OCF_SALES":100.092679521437,"TOTAL_PARENT_EQUITY":365617177.66,"DEBT_ASSET_RATIO":9.3557555129,"OPERATE_PROFIT":21235453.26,"PRETAX_PROFIT":20239517.48,"NETCASH_OPERATE":75360348.98,"NETCASH_INVEST":1005904.2,"NETCASH_FINANCE":-1575916.58,"END_CASH":152505045.14,"DIVI_RATIO":null,"DIVIDEND_RATE":null,"CURRENT_RATIO":19.459704991697,"COMMON_ACS":100000000000,"CURRENTDEBT_DEBT":24.58335334518,"ISSUED_COMMON_SHARES":6192439044,"HK_COMMON_SHARES":6192439044,"PER_SHARES":15000,"TOTAL_MARKET_CAP":117656341.836,"HKSK_MARKET_CAP":117656341.836,"PE_TTM":19.109362000325,"PB_TTM":0.292630879253,"REPORT_DATE_SQ":"2022-12-31 00:00:00","REPORT_TYPE_SQ":"2022年年报","OPERATE_INCOME_SQ":40288263.54,"DPS_HKD":null,"OPERATE_INCOME_QOQ_SQ":244.888894557101,"NET_PROFIT_RATIO_SQ":-103.645071172,"HOLDER_PROFIT_SQ":-41756799.42,"HOLDER_PROFIT_QOQ_SQ":30.163209355351,"ROE_AVG_SQ":-11.652954058504,"PE_TTM_SQ":-17.133706208926,"PB_TTM_SQ":0.265722705326,"ROA_SQ":-10.665249074839,"START_DATE":"2023-01-01 00:00:00","FISCAL_YEAR":"12-31","CURRENCY":"HKD","IS_CNY_CODE":0,"DPS_HKD_LY":null,"ORG_TYPE":"一般企业","PREMIUM_INCOME":null,"PREMIUM_INCOME_YOY":null,"NET_INTEREST_INCOME":null,"NET_INTEREST_INCOME_YOY":null,"FEE_COMMISSION_INCOME":null,"FEE_COMMISSION_INCOME_YOY":null,"ACCOUNTS_RECE_TDAYS":7.507183518569,"INVENTORY_TDAYS":100.659436008677,"CURRENT_ASSETS_TDAYS":0.425412511681,"TOTAL_ASSETS_TDAYS":0.189084006991,"PREMIUM_EXPENSE":null,"LOAN_DEPOSIT":null,"LOAN_EQUITY":null,"LOAN_ASSETS":null,"DEPOSIT_EQUITY":null,"DEPOSIT_ASSETS":null,"EQUITY_MULTIPLIER":1.103214005101,"EQUITY_RATIO":0.103214005101},{"SECUCODE":"00689.HK","SECURITY_CODE":"00689","SECURITY_NAME_ABBR":"长盈集团(控股)","ORG_CODE":"10009058","STD_REPORT_DATE":"2023-06-30 00:00:00","REPORT_DATE":"2023-06-30 00:00:00","DATE_TYPE_CODE":"002","REPORT_TYPE":"2023年中报","PER_NETCASH_OPERATE":0.005481374249,"PER_OI":0.006794405738,"BPS":0.058724711374,"BASIC_EPS":0.002858138,"DILUTED_EPS":null,"OPERATE_INCOME":35605023.64,"OPERATE_INCOME_YOY":433.9878318584,"GROSS_PROFIT":26246004.66,"GROSS_PROFIT_YOY":377.298000242486,"HOLDER_PROFIT":15099266.46,"HOLDER_PROFIT_YOY":167.5284512618,"GROSS_PROFIT_RATIO":73.714330105132,"EPS_TTM":-0.001129213088,"OPERATE_INCOME_QOQ":73.024466618647,"NET_PROFIT_RATIO":42.4076855352,"ROE_AVG":4.249709692696,"GROSS_PROFIT_QOQ":74.561955666307,"ROA":3.763672528086,"HOLDER_PROFIT_QOQ":85.828738882785,"ROE_YEARLY":8.499419385392,"ROIC_YEARLY":9.952552631939,"TOTAL_ASSETS":402516184.44,"TOTAL_LIABILITIES":38866988.88,"TAX_EBT":2.471414959505,"OCF_SALES":80.674814853177,"TOTAL_PARENT_EQUITY":363649195.56,"DEBT_ASSET_RATIO":9.6560064868,"OPERATE_PROFIT":16439825.38,"PRETAX_PROFIT":15481888.16,"NETCASH_OPERATE":28724286.9,"NETCASH_INVEST":9324905.72,"NETCASH_FINANCE":-806732.5,"END_CASH":116416570.64,"DIVI_RATIO":null,"DIVIDEND_RATE":null,"CURRENT_RATIO":22.243896821741,"COMMON_ACS":100000000000,"CURRENTDEBT_DEBT":20.599677388747,"ISSUED_COMMON_SHARES":6192439044,"HK_COMMON_SHARES":6192439044,"PER_SHARES":15000,"TOTAL_MARKET_CAP":117656341.836,"HKSK_MARKET_CAP":117656341.836,"PE_TTM":19.109362000325,"PB_TTM":0.292630879253,"REPORT_DATE_SQ":"2022-06-30 00:00:00","REPORT_TYPE_SQ":"2022年中报","OPERATE_INCOME_SQ":6184734.08,"DPS_HKD":null,"OPERATE_INCOME_QOQ_SQ":-42.435242552641,"NET_PROFIT_RATIO_SQ":-335.342920354,"HOLDER_PROFIT_SQ":-20740067.88,"HOLDER_PROFIT_QOQ_SQ":-148.990807825204,"ROE_AVG_SQ":-5.867161483628,"PE_TTM_SQ":-17.133706208926,"PB_TTM_SQ":0.265722705326,"ROA_SQ":-5.685630490284,"START_DATE":"2023-01-01 00:00:00","FISCAL_YEAR":"12-31","CURRENCY":"HKD","IS_CNY_CODE":0,"DPS_HKD_LY":null,"ORG_TYPE":"一般企业","PREMIUM_INCOME":null,"PREMIUM_INCOME_YOY":null,"NET_INTEREST_INCOME":null,"NET_INTEREST_INCOME_YOY":null,"FEE_COMMISSION_INCOME":null,"FEE_COMMISSION_INCOME_YOY":null,"ACCOUNTS_RECE_TDAYS":3.877893257017,"INVENTORY_TDAYS":35.307826086957,"CURRENT_ASSETS_TDAYS":0.200846699536,"TOTAL_ASSETS_TDAYS":0.088749774494,"PREMIUM_EXPENSE":null,"LOAN_DEPOSIT":null,"LOAN_EQUITY":null,"LOAN_ASSETS":null,"DEPOSIT_EQUITY":null,"DEPOSIT_ASSETS":null,"EQUITY_MULTIPLIER":1.106880447845,"EQUITY_RATIO":0.106880447845},{"SECUCODE":"00689.HK","SECURITY_CODE":"00689","SECURITY_NAME_ABBR":"长盈集团(控股)","ORG_CODE":"10009058","STD_REPORT_DATE":"2022-12-31 00:00:00","REPORT_DATE":"2022-12-31 00:00:00","DATE_TYPE_CODE":"001","REPORT_TYPE":"2022年年报","PER_NETCASH_OPERATE":0.003511820672,"PER_OI":0.007688095133,"BPS":0.054283798536,"BASIC_EPS":-0.007950103,"DILUTED_EPS":null,"OPERATE_INCOME":40288263.54,"OPERATE_INCOME_YOY":84.1198563031,"GROSS_PROFIT":27825360.5,"GROSS_PROFIT_YOY":45.260041705719,"HOLDER_PROFIT":-41756799.42,"HOLDER_PROFIT_YOY":-59.1569915903,"GROSS_PROFIT_RATIO":69.0656733626,"EPS_TTM":-0.007968331672,"OPERATE_INCOME_QOQ":244.888894557101,"NET_PROFIT_RATIO":-103.645071172,"ROE_AVG":-11.652954058504,"GROSS_PROFIT_QOQ":155.080545050331,"ROA":-10.665249074839,"HOLDER_PROFIT_QOQ":30.163209355351,"ROE_YEARLY":-11.652954058504,"ROIC_YEARLY":-15.608273927778,"TOTAL_ASSETS":387401373.03,"TOTAL_LIABILITIES":51252259.52,"TAX_EBT":0.449347275167,"OCF_SALES":45.678683872112,"TOTAL_PARENT_EQUITY":336149113.51,"DEBT_ASSET_RATIO":13.2297568073,"OPERATE_PROFIT":-40832264.97,"PRETAX_PROFIT":-41945279.39,"NETCASH_OPERATE":18403148.54,"NETCASH_INVEST":-111671255.78,"NETCASH_FINANCE":-1443524.32,"END_CASH":76638992.92,"DIVI_RATIO":null,"DIVIDEND_RATE":null,"CURRENT_RATIO":8.780382621462,"COMMON_ACS":100000000000,"CURRENTDEBT_DEBT":37.989751812605,"ISSUED_COMMON_SHARES":6192439044,"HK_COMMON_SHARES":6192439044,"PER_SHARES":15000,"TOTAL_MARKET_CAP":117656341.836,"HKSK_MARKET_CAP":117656341.836,"PE_TTM":19.109362000325,"PB_TTM":0.292630879253,"REPORT_DATE_SQ":"2021-12-31 00:00:00","REPORT_TYPE_SQ":"2021年年报","OPERATE_INCOME_SQ":20027929.6,"DPS_HKD":null,"OPERATE_INCOME_QOQ_SQ":-37.331034896786,"NET_PROFIT_RATIO_SQ":-118.3360193392,"HOLDER_PROFIT_SQ":-24013729.6,"HOLDER_PROFIT_QOQ_SQ":-218.979883785974,"ROE_AVG_SQ":-6.63100300383,"PE_TTM_SQ":-17.133706208926,"PB_TTM_SQ":0.265722705326,"ROA_SQ":-6.394188170393,"START_DATE":"2022-01-01 00:00:00","FISCAL_YEAR":"12-31","CURRENCY":"HKD","IS_CNY_CODE":0,"DPS_HKD_LY":null,"ORG_TYPE":"一般企业","PREMIUM_INCOME":null,"PREMIUM_INCOME_YOY":null,"NET_INTEREST_INCOME":null,"NET_INTEREST_INCOME_YOY":null,"FEE_COMMISSION_INCOME":null,"FEE_COMMISSION_INCOME_YOY":null,"ACCOUNTS_RECE_TDAYS":7.51199200533,"INVENTORY_TDAYS":44.717948717949,"CURRENT_ASSETS_TDAYS":0.162482887816,"TOTAL_ASSETS_TDAYS":0.102901652285,"PREMIUM_EXPENSE":null,"LOAN_DEPOSIT":null,"LOAN_EQUITY":null,"LOAN_ASSETS":null,"DEPOSIT_EQUITY":null,"DEPOSIT_ASSETS":null,"EQUITY_MULTIPLIER":1.152468822496,"EQUITY_RATIO":0.152468822496},{"SECUCODE":"00689.HK","SECURITY_CODE":"00689","SECURITY_NAME_ABBR":"长盈集团(控股)","ORG_CODE":"10009058","STD_REPORT_DATE":"2022-06-30 00:00:00","REPORT_DATE":"2022-06-30 00:00:00","DATE_TYPE_CODE":"002","REPORT_TYPE":"2022年中报","PER_NETCASH_OPERATE":-0.000674478668,"PER_OI":0.001180215274,"BPS":0.055339382113,"BASIC_EPS":-0.003933874,"DILUTED_EPS":null,"OPERATE_INCOME":6184734.08,"OPERATE_INCOME_YOY":-59.3296592059,"GROSS_PROFIT":5498871.7,"GROSS_PROFIT_YOY":-59.996456704782,"HOLDER_PROFIT":-20740067.88,"HOLDER_PROFIT_YOY":-234.1891218945,"GROSS_PROFIT_RATIO":88.910398230089,"EPS_TTM":-0.011409933931,"OPERATE_INCOME_QOQ":-42.435242552641,"NET_PROFIT_RATIO":-335.342920354,"ROE_AVG":-5.867161483628,"GROSS_PROFIT_QOQ":-43.053265125705,"ROA":-5.685630490284,"HOLDER_PROFIT_QOQ":-148.990807825204,"ROE_YEARLY":-11.734322967257,"ROIC_YEARLY":-16.453830458108,"TOTAL_ASSETS":350784399.77,"TOTAL_LIABILITIES":8098649.3,"TAX_EBT":null,"OCF_SALES":-57.148783185841,"TOTAL_PARENT_EQUITY":342685750.47,"DEBT_ASSET_RATIO":2.3087256176,"OPERATE_PROFIT":-20682770.15,"PRETAX_PROFIT":-20740067.88,"NETCASH_OPERATE":-3534500.27,"NETCASH_INVEST":-98473418.12,"NETCASH_FINANCE":-702966.18,"END_CASH":61319688.57,"DIVI_RATIO":null,"DIVIDEND_RATE":null,"CURRENT_RATIO":30.608438940092,"COMMON_ACS":100000000000,"CURRENTDEBT_DEBT":73.326293558606,"ISSUED_COMMON_SHARES":6192439044,"HK_COMMON_SHARES":6192439044,"PER_SHARES":15000,"TOTAL_MARKET_CAP":117656341.836,"HKSK_MARKET_CAP":117656341.836,"PE_TTM":19.109362000325,"PB_TTM":0.292630879253,"REPORT_DATE_SQ":"2021-06-30 00:00:00","REPORT_TYPE_SQ":"2021年中报","OPERATE_INCOME_SQ":14796046.56,"DPS_HKD":null,"OPERATE_INCOME_QOQ_SQ":-9.364923513631,"NET_PROFIT_RATIO_SQ":103.7791024632,"HOLDER_PROFIT_SQ":15038181.84,"HOLDER_PROFIT_QOQ_SQ":181.495262222294,"ROE_AVG_SQ":3.866519191396,"PE_TTM_SQ":-17.133706208926,"PB_TTM_SQ":0.265722705326,"ROA_SQ":3.740226735595,"START_DATE":"2022-01-01 00:00:00","FISCAL_YEAR":"12-31","CURRENCY":"HKD","IS_CNY_CODE":0,"DPS_HKD_LY":null,"ORG_TYPE":"一般企业","PREMIUM_INCOME":null,"PREMIUM_INCOME_YOY":null,"NET_INTEREST_INCOME":null,"NET_INTEREST_INCOME_YOY":null,"FEE_COMMISSION_INCOME":null,"FEE_COMMISSION_INCOME_YOY":null,"ACCOUNTS_RECE_TDAYS":null,"INVENTORY_TDAYS":null,"CURRENT_ASSETS_TDAYS":0.025097211787,"TOTAL_ASSETS_TDAYS":0.016954675782,"PREMIUM_EXPENSE":null,"LOAN_DEPOSIT":null,"LOAN_EQUITY":null,"LOAN_ASSETS":null,"DEPOSIT_EQUITY":null,"DEPOSIT_ASSETS":null,"EQUITY_MULTIPLIER":1.023632874401,"EQUITY_RATIO":0.023632874401},{"SECUCODE":"00689.HK","SECURITY_CODE":"00689","SECURITY_NAME_ABBR":"长盈集团(控股)","ORG_CODE":"10009058","STD_REPORT_DATE":"2021-12-31 00:00:00","REPORT_DATE":"2021-12-31 00:00:00","DATE_TYPE_CODE":"001","REPORT_TYPE":"2021年年报","PER_NETCASH_OPERATE":0.010282829285,"PER_OI":0.003821873036,"BPS":0.056244303985,"BASIC_EPS":-0.00457856,"DILUTED_EPS":null,"OPERATE_INCOME":20027929.6,"OPERATE_INCOME_YOY":-41.529835803,"GROSS_PROFIT":19155550.4,"GROSS_PROFIT_YOY":-25.842133249279,"HOLDER_PROFIT":-24013729.6,"HOLDER_PROFIT_YOY":-444.770512971,"GROSS_PROFIT_RATIO":94.395648670427,"EPS_TTM":-0.004582471952,"OPERATE_INCOME_QOQ":-37.331034896786,"NET_PROFIT_RATIO":-118.3360193392,"ROE_AVG":-6.63100300383,"GROSS_PROFIT_QOQ":-25.466721140997,"ROA":-6.394188170393,"HOLDER_PROFIT_QOQ":-218.979883785974,"ROE_YEARLY":-6.63100300383,"ROIC_YEARLY":-9.912354416197,"TOTAL_ASSETS":362127304,"TOTAL_LIABILITIES":13837880,"TAX_EBT":7.130209321444,"OCF_SALES":265.539887187752,"TOTAL_PARENT_EQUITY":348289424,"DEBT_ASSET_RATIO":3.8212749625,"OPERATE_PROFIT":-25774840,"PRETAX_PROFIT":-25857417.6,"NETCASH_OPERATE":53890468.8,"NETCASH_INVEST":-6010177.6,"NETCASH_FINANCE":-1178161.6,"END_CASH":156835302.4,"DIVI_RATIO":null,"DIVIDEND_RATE":null,"CURRENT_RATIO":25.790428925913,"COMMON_ACS":100000000000,"CURRENTDEBT_DEBT":83.338257016248,"ISSUED_COMMON_SHARES":6192439044,"HK_COMMON_SHARES":6192439044,"PER_SHARES":15000,"TOTAL_MARKET_CAP":117656341.836,"HKSK_MARKET_CAP":117656341.836,"PE_TTM":19.109362000325,"PB_TTM":0.292630879253,"REPORT_DATE_SQ":"2020-12-31 00:00:00","REPORT_TYPE_SQ":"2020年年报","OPERATE_INCOME_SQ":35726776.36,"DPS_HKD":null,"OPERATE_INCOME_QOQ_SQ":-20.364839620535,"NET_PROFIT_RATIO_SQ":19.1712407831,"HOLDER_PROFIT_SQ":7169931.16,"HOLDER_PROFIT_QOQ_SQ":108.227348354375,"ROE_AVG_SQ":1.885203728804,"PE_TTM_SQ":-17.133706208926,"PB_TTM_SQ":0.265722705326,"ROA_SQ":1.802911451207,"START_DATE":"2021-01-01 00:00:00","FISCAL_YEAR":"12-31","CURRENCY":"HKD","IS_CNY_CODE":0,"DPS_HKD_LY":null,"ORG_TYPE":"一般企业","PREMIUM_INCOME":null,"PREMIUM_INCOME_YOY":null,"NET_INTEREST_INCOME":null,"NET_INTEREST_INCOME_YOY":null,"FEE_COMMISSION_INCOME":null,"FEE_COMMISSION_INCOME_YOY":null,"ACCOUNTS_RECE_TDAYS":15.214906832298,"INVENTORY_TDAYS":null,"CURRENT_ASSETS_TDAYS":0.073801067172,"TOTAL_ASSETS_TDAYS":0.054034166487,"PREMIUM_EXPENSE":null,"LOAN_DEPOSIT":null,"LOAN_EQUITY":null,"LOAN_ASSETS":null,"DEPOSIT_EQUITY":null,"DEPOSIT_ASSETS":null,"EQUITY_MULTIPLIER":1.039730979601,"EQUITY_RATIO":0.0397309796},{"SECUCODE":"00689.HK","SECURITY_CODE":"00689","SECURITY_NAME_ABBR":"长盈集团(控股)","ORG_CODE":"10009058","STD_REPORT_DATE":"2021-06-30 00:00:00","REPORT_DATE":"2021-06-30 00:00:00","DATE_TYPE_CODE":"002","REPORT_TYPE":"2021年中报","PER_NETCASH_OPERATE":-0.006604598345,"PER_OI":0.002823487625,"BPS":0.063821466558,"BASIC_EPS":0.002829072,"DILUTED_EPS":null,"OPERATE_INCOME":14796046.56,"OPERATE_INCOME_YOY":-10.4677508685,"GROSS_PROFIT":13745961.6,"GROSS_PROFIT_YOY":-0.937624757973,"HOLDER_PROFIT":15038181.84,"HOLDER_PROFIT_YOY":715.200721696,"GROSS_PROFIT_RATIO":92.902935552806,"EPS_TTM":0.003851467833,"OPERATE_INCOME_QOQ":-9.364923513631,"NET_PROFIT_RATIO":103.7791024632,"ROE_AVG":3.866519191396,"GROSS_PROFIT_QOQ":-0.503683876557,"ROA":3.740226735595,"HOLDER_PROFIT_QOQ":181.495262222294,"ROE_YEARLY":7.733038382792,"ROIC_YEARLY":9.965180040968,"TOTAL_ASSETS":408259219.92,"TOTAL_LIABILITIES":13048678.56,"TAX_EBT":10.854548089464,"OCF_SALES":-233.91631987403,"TOTAL_PARENT_EQUITY":395210541.36,"DEBT_ASSET_RATIO":3.1961748623,"OPERATE_PROFIT":17259835.44,"PRETAX_PROFIT":17224888.08,"NETCASH_OPERATE":-34610367.6,"NETCASH_INVEST":11788909.44,"NETCASH_FINANCE":-598265.52,"END_CASH":88799577.6,"DIVI_RATIO":null,"DIVIDEND_RATE":null,"CURRENT_RATIO":31.51049790042,"COMMON_ACS":100000000000,"CURRENTDEBT_DEBT":85.040173447264,"ISSUED_COMMON_SHARES":6192439044,"HK_COMMON_SHARES":6192439044,"PER_SHARES":15000,"TOTAL_MARKET_CAP":117656341.836,"HKSK_MARKET_CAP":117656341.836,"PE_TTM":19.109362000325,"PB_TTM":0.292630879253,"REPORT_DATE_SQ":"2020-06-30 00:00:00","REPORT_TYPE_SQ":"2020年中报","OPERATE_INCOME_SQ":18141831.84,"DPS_HKD":null,"OPERATE_INCOME_QOQ_SQ":-17.300717022688,"NET_PROFIT_RATIO_SQ":10.7497104879,"HOLDER_PROFIT_SQ":2025096.48,"HOLDER_PROFIT_QOQ_SQ":29.5528863068,"ROE_AVG_SQ":0.499838234581,"PE_TTM_SQ":-17.133706208926,"PB_TTM_SQ":0.265722705326,"ROA_SQ":0.473522165515,"START_DATE":"2021-01-01 00:00:00","FISCAL_YEAR":"12-31","CURRENCY":"HKD","IS_CNY_CODE":0,"DPS_HKD_LY":null,"ORG_TYPE":"一般企业","PREMIUM_INCOME":null,"PREMIUM_INCOME_YOY":null,"NET_INTEREST_INCOME":null,"NET_INTEREST_INCOME_YOY":null,"FEE_COMMISSION_INCOME":null,"FEE_COMMISSION_INCOME_YOY":null,"ACCOUNTS_RECE_TDAYS":null,"INVENTORY_TDAYS":null,"CURRENT_ASSETS_TDAYS":0.048780019449,"TOTAL_ASSETS_TDAYS":0.036800039735,"PREMIUM_EXPENSE":null,"LOAN_DEPOSIT":null,"LOAN_EQUITY":null,"LOAN_ASSETS":null,"DEPOSIT_EQUITY":null,"DEPOSIT_ASSETS":null,"EQUITY_MULTIPLIER":1.033017030657,"EQUITY_RATIO":0.033017030657},{"SECUCODE":"00689.HK","SECURITY_CODE":"00689","SECURITY_NAME_ABBR":"长盈集团(控股)","ORG_CODE":"10009058","STD_REPORT_DATE":"2020-12-31 00:00:00","REPORT_DATE":"2020-12-31 00:00:00","DATE_TYPE_CODE":"001","REPORT_TYPE":"2020年年报","PER_NETCASH_OPERATE":0.003083348075,"PER_OI":0.006817639464,"BPS":0.062504056771,"BASIC_EPS":0.001346624,"DILUTED_EPS":null,"OPERATE_INCOME":35726776.36,"OPERATE_INCOME_YOY":-29.9058784676,"GROSS_PROFIT":25830773.24,"GROSS_PROFIT_YOY":-30.852073579942,"HOLDER_PROFIT":7169931.16,"HOLDER_PROFIT_YOY":106.1687629889,"GROSS_PROFIT_RATIO":72.300878701501,"EPS_TTM":0.00136821764,"OPERATE_INCOME_QOQ":-20.364839620535,"NET_PROFIT_RATIO":19.1712407831,"ROE_AVG":1.885203728804,"GROSS_PROFIT_QOQ":-21.947674498099,"ROA":1.802911451207,"HOLDER_PROFIT_QOQ":108.227348354375,"ROE_YEARLY":1.885203728804,"ROIC_YEARLY":2.371721969261,"TOTAL_ASSETS":400421171.32,"TOTAL_LIABILITIES":13689274.6,"TAX_EBT":5.129400792726,"OCF_SALES":45.226035949021,"TOTAL_PARENT_EQUITY":387052561.56,"DEBT_ASSET_RATIO":3.418718984,"OPERATE_PROFIT":7359300.16,"PRETAX_PROFIT":7219587.92,"NETCASH_OPERATE":16157804.72,"NETCASH_INVEST":22924590.32,"NETCASH_FINANCE":-4007048.04,"END_CASH":113307468.28,"DIVI_RATIO":null,"DIVIDEND_RATE":null,"CURRENT_RATIO":21.755776275007,"COMMON_ACS":100000000000,"CURRENTDEBT_DEBT":87.279434368275,"ISSUED_COMMON_SHARES":6192439044,"HK_COMMON_SHARES":6192439044,"PER_SHARES":15000,"TOTAL_MARKET_CAP":117656341.836,"HKSK_MARKET_CAP":117656341.836,"PE_TTM":19.109362000325,"PB_TTM":0.292630879253,"REPORT_DATE_SQ":"2019-12-31 00:00:00","REPORT_TYPE_SQ":"2019年年报","OPERATE_INCOME_SQ":54248436.8,"DPS_HKD":null,"OPERATE_INCOME_QOQ_SQ":-12.744278859185,"NET_PROFIT_RATIO_SQ":-228.03665786,"HOLDER_PROFIT_SQ":-123706322.22,"HOLDER_PROFIT_QOQ_SQ":-20.866023510137,"ROE_AVG_SQ":-27.106165274219,"PE_TTM_SQ":-17.133706208926,"PB_TTM_SQ":0.265722705326,"ROA_SQ":-25.838711759693,"START_DATE":"2020-01-01 00:00:00","FISCAL_YEAR":"12-31","CURRENCY":"HKD","IS_CNY_CODE":0,"DPS_HKD_LY":null,"ORG_TYPE":"一般企业","PREMIUM_INCOME":null,"PREMIUM_INCOME_YOY":null,"NET_INTEREST_INCOME":null,"NET_INTEREST_INCOME_YOY":null,"FEE_COMMISSION_INCOME":null,"FEE_COMMISSION_INCOME_YOY":null,"ACCOUNTS_RECE_TDAYS":null,"INVENTORY_TDAYS":null,"CURRENT_ASSETS_TDAYS":0.136698107435,"TOTAL_ASSETS_TDAYS":0.08983658668,"PREMIUM_EXPENSE":null,"LOAN_DEPOSIT":null,"LOAN_EQUITY":null,"LOAN_ASSETS":null,"DEPOSIT_EQUITY":null,"DEPOSIT_ASSETS":null,"EQUITY_MULTIPLIER":1.035397324906,"EQUITY_RATIO":0.035367998974},{"SECUCODE":"00689.HK","SECURITY_CODE":"00689","SECURITY_NAME_ABBR":"长盈集团(控股)","ORG_CODE":"10009058","STD_REPORT_DATE":"2020-06-30 00:00:00","REPORT_DATE":"2020-06-30 00:00:00","DATE_TYPE_CODE":"002","REPORT_TYPE":"2020年中报","PER_NETCASH_OPERATE":0.005542682861,"PER_OI":0.003461954346,"BPS":0.065374626082,"BASIC_EPS":0.000365376,"DILUTED_EPS":null,"OPERATE_INCOME":18141831.84,"OPERATE_INCOME_YOY":-36.5321317867,"GROSS_PROFIT":13876067.04,"GROSS_PROFIT_YOY":-23.496034549465,"HOLDER_PROFIT":2025096.48,"HOLDER_PROFIT_YOY":105.6472566101,"GROSS_PROFIT_RATIO":76.486581743115,"EPS_TTM":-0.016630116788,"OPERATE_INCOME_QOQ":-17.300717022688,"NET_PROFIT_RATIO":10.7497104879,"ROE_AVG":0.499838234581,"GROSS_PROFIT_QOQ":-11.408243155581,"ROA":0.473522165515,"HOLDER_PROFIT_QOQ":29.5528863068,"ROE_YEARLY":0.999676469163,"ROIC_YEARLY":1.213931465164,"TOTAL_ASSETS":426688833.12,"TOTAL_LIABILITIES":21935348.16,"TAX_EBT":-6.536926147705,"OCF_SALES":160.102713861336,"TOTAL_PARENT_EQUITY":404828387.04,"DEBT_ASSET_RATIO":5.1408301454,"OPERATE_PROFIT":1927358.4,"PRETAX_PROFIT":1830533.76,"NETCASH_OPERATE":29045565.12,"NETCASH_INVEST":-6769503.84,"NETCASH_FINANCE":-2239754.88,"END_CASH":103721112,"DIVI_RATIO":null,"DIVIDEND_RATE":null,"CURRENT_RATIO":15.270029266508,"COMMON_ACS":100000000000,"CURRENTDEBT_DEBT":91.063546264679,"ISSUED_COMMON_SHARES":6192439044,"HK_COMMON_SHARES":6192439044,"PER_SHARES":15000,"TOTAL_MARKET_CAP":117656341.836,"HKSK_MARKET_CAP":117656341.836,"PE_TTM":19.109362000325,"PB_TTM":0.292630879253,"REPORT_DATE_SQ":"2019-06-30 00:00:00","REPORT_TYPE_SQ":"2019年中报","OPERATE_INCOME_SQ":27527200.38,"DPS_HKD":null,"OPERATE_INCOME_QOQ_SQ":-0.648071329118,"NET_PROFIT_RATIO_SQ":-125.4529767041,"HOLDER_PROFIT_SQ":-34533692.28,"HOLDER_PROFIT_QOQ_SQ":-1.374834383808,"ROE_AVG_SQ":-7.022992258393,"PE_TTM_SQ":-17.133706208926,"PB_TTM_SQ":0.265722705326,"ROA_SQ":-6.721500652324,"START_DATE":"2020-01-01 00:00:00","FISCAL_YEAR":"12-31","CURRENCY":"HKD","IS_CNY_CODE":0,"DPS_HKD_LY":null,"ORG_TYPE":"一般企业","PREMIUM_INCOME":null,"PREMIUM_INCOME_YOY":null,"NET_INTEREST_INCOME":null,"NET_INTEREST_INCOME_YOY":null,"FEE_COMMISSION_INCOME":null,"FEE_COMMISSION_INCOME_YOY":null,"ACCOUNTS_RECE_TDAYS":null,"INVENTORY_TDAYS":19.78813559322,"CURRENT_ASSETS_TDAYS":0.061475650863,"TOTAL_ASSETS_TDAYS":0.042420494945,"PREMIUM_EXPENSE":null,"LOAN_DEPOSIT":null,"LOAN_EQUITY":null,"LOAN_ASSETS":null,"DEPOSIT_EQUITY":null,"DEPOSIT_ASSETS":null,"EQUITY_MULTIPLIER":1.054194340445,"EQUITY_RATIO":0.05418431331}],"count":48},"success":true,"message":"ok","code":0}