{"version":"c813f84fed44e00df0eaa5715d1f4191","result":{"pages":6,"data":[{"SECUCODE":"00687.HK","SECURITY_CODE":"00687","SECURITY_NAME_ABBR":"泰升集团","ORG_CODE":"10009056","STD_REPORT_DATE":"2024-06-30 00:00:00","REPORT_DATE":"2024-06-30 00:00:00","DATE_TYPE_CODE":"002","REPORT_TYPE":"2024年中报","PER_NETCASH_OPERATE":0.004133588531,"PER_OI":0.27368965518,"BPS":0.33702588419,"BASIC_EPS":0.002920576,"DILUTED_EPS":0.002920576,"OPERATE_INCOME":921249152.52,"OPERATE_INCOME_YOY":-29.2132727612,"GROSS_PROFIT":28377959.24,"GROSS_PROFIT_YOY":1762.85063870655,"HOLDER_PROFIT":9769326.72,"HOLDER_PROFIT_YOY":125.8413403505,"GROSS_PROFIT_RATIO":3.08037832788,"EPS_TTM":0.010737938942,"OPERATE_INCOME_QOQ":-16.061026950911,"NET_PROFIT_RATIO":1.060443496,"ROE_AVG":0.847401941963,"GROSS_PROFIT_QOQ":52.578139709453,"ROA":0.577030996548,"HOLDER_PROFIT_QOQ":405.910954907271,"ROE_YEARLY":1.694803883926,"ROIC_YEARLY":1.88258302914,"TOTAL_ASSETS":1638435834.56,"TOTAL_LIABILITIES":503994673.52,"TAX_EBT":-3.190976573797,"OCF_SALES":1.510319609189,"TOTAL_PARENT_EQUITY":1134441161.04,"DEBT_ASSET_RATIO":30.7607208588,"OPERATE_PROFIT":12687164.68,"PRETAX_PROFIT":9467229.64,"NETCASH_OPERATE":13913806.6,"NETCASH_INVEST":-129413460.6,"NETCASH_FINANCE":-65586097.48,"END_CASH":337069152.24,"DIVI_RATIO":2.115871595342,"DIVIDEND_RATE":13.966480446927,"CURRENT_RATIO":3.443624060587,"COMMON_ACS":6000000000,"CURRENTDEBT_DEBT":81.035069737457,"ISSUED_COMMON_SHARES":3366035709,"HK_COMMON_SHARES":3366035709,"PER_SHARES":2000,"TOTAL_MARKET_CAP":602520391.911,"HKSK_MARKET_CAP":602520391.911,"PE_TTM":15.414459473777,"PB_TTM":0.484739385501,"REPORT_DATE_SQ":"2023-06-30 00:00:00","REPORT_TYPE_SQ":"2023年中报","OPERATE_INCOME_SQ":1314704756.84,"DPS_HKD":0.025,"OPERATE_INCOME_QOQ_SQ":20.090804303868,"NET_PROFIT_RATIO_SQ":-2.9048541402,"HOLDER_PROFIT_SQ":-38190255.56,"HOLDER_PROFIT_QOQ_SQ":-884.505080749004,"ROE_AVG_SQ":-3.191757003592,"PE_TTM_SQ":-32.131868807643,"PB_TTM_SQ":0.873511708522,"ROA_SQ":-1.921490804473,"START_DATE":"2024-01-01 00:00:00","FISCAL_YEAR":"12-31","CURRENCY":"HKD","IS_CNY_CODE":0,"DPS_HKD_LY":0.025,"ORG_TYPE":"一般企业","PREMIUM_INCOME":null,"PREMIUM_INCOME_YOY":null,"NET_INTEREST_INCOME":null,"NET_INTEREST_INCOME_YOY":null,"FEE_COMMISSION_INCOME":null,"FEE_COMMISSION_INCOME_YOY":null,"ACCOUNTS_RECE_TDAYS":6.615777365589,"INVENTORY_TDAYS":13.597453681182,"CURRENT_ASSETS_TDAYS":0.634211410086,"TOTAL_ASSETS_TDAYS":0.544141200089,"PREMIUM_EXPENSE":null,"LOAN_DEPOSIT":null,"LOAN_EQUITY":null,"LOAN_ASSETS":null,"DEPOSIT_EQUITY":null,"DEPOSIT_ASSETS":null,"EQUITY_MULTIPLIER":1.444266913814,"EQUITY_RATIO":0.444266913815},{"SECUCODE":"00687.HK","SECURITY_CODE":"00687","SECURITY_NAME_ABBR":"泰升集团","ORG_CODE":"10009056","STD_REPORT_DATE":"2023-12-31 00:00:00","REPORT_DATE":"2023-12-31 00:00:00","DATE_TYPE_CODE":"001","REPORT_TYPE":"2023年年报","PER_NETCASH_OPERATE":0.032222967531,"PER_OI":0.727786014857,"BPS":0.345504690259,"BASIC_EPS":-0.003534258,"DILUTED_EPS":-0.003534258,"OPERATE_INCOME":2449753714.52,"OPERATE_INCOME_YOY":9.2826540257,"GROSS_PROFIT":57218730.8,"GROSS_PROFIT_YOY":-21.927504938863,"HOLDER_PROFIT":-11815296.36,"HOLDER_PROFIT_YOY":-388.1325966851,"GROSS_PROFIT_RATIO":2.335693194824,"EPS_TTM":-0.003510151817,"OPERATE_INCOME_QOQ":-7.680727345772,"NET_PROFIT_RATIO":-0.4823054779,"ROE_AVG":-0.992796174103,"GROSS_PROFIT_QOQ":49.018763289765,"ROA":-0.644968682808,"HOLDER_PROFIT_QOQ":62.73959882107,"ROE_YEARLY":-0.992796174103,"ROIC_YEARLY":-1.032452815845,"TOTAL_ASSETS":1735260867.48,"TOTAL_LIABILITIES":572279742.44,"TAX_EBT":647.81512605042,"OCF_SALES":4.427533213528,"TOTAL_PARENT_EQUITY":1162981125.04,"DEBT_ASSET_RATIO":32.9794645384,"OPERATE_PROFIT":9174571.28,"PRETAX_PROFIT":2156803.6,"NETCASH_OPERATE":108463659.36,"NETCASH_INVEST":-124502847.14,"NETCASH_FINANCE":-83594263.9,"END_CASH":515007544.66,"DIVI_RATIO":-6.472683001923,"DIVIDEND_RATE":14.124293785311,"CURRENT_RATIO":3.217190962148,"COMMON_ACS":6000000000,"CURRENTDEBT_DEBT":80.828089222204,"ISSUED_COMMON_SHARES":3366035709,"HK_COMMON_SHARES":3366035709,"PER_SHARES":2000,"TOTAL_MARKET_CAP":595788320.493,"HKSK_MARKET_CAP":595788320.493,"PE_TTM":15.242230876305,"PB_TTM":0.479323302981,"REPORT_DATE_SQ":"2022-12-31 00:00:00","REPORT_TYPE_SQ":"2022年年报","OPERATE_INCOME_SQ":2209633762.42,"DPS_HKD":0.025,"OPERATE_INCOME_QOQ_SQ":26.282632486457,"NET_PROFIT_RATIO_SQ":0.1829283576,"HOLDER_PROFIT_SQ":4042046.75,"HOLDER_PROFIT_QOQ_SQ":-1.278620995227,"ROE_AVG_SQ":0.328102901771,"PE_TTM_SQ":-34.603551023615,"PB_TTM_SQ":0.94070491687,"ROA_SQ":0.215023157162,"START_DATE":"2023-01-01 00:00:00","FISCAL_YEAR":"12-31","CURRENCY":"HKD","IS_CNY_CODE":0,"DPS_HKD_LY":0.015,"ORG_TYPE":"一般企业","PREMIUM_INCOME":null,"PREMIUM_INCOME_YOY":null,"NET_INTEREST_INCOME":null,"NET_INTEREST_INCOME_YOY":null,"FEE_COMMISSION_INCOME":null,"FEE_COMMISSION_INCOME_YOY":null,"ACCOUNTS_RECE_TDAYS":21.697817589315,"INVENTORY_TDAYS":28.569391089805,"CURRENT_ASSETS_TDAYS":1.549661091569,"TOTAL_ASSETS_TDAYS":1.337261781945,"PREMIUM_EXPENSE":null,"LOAN_DEPOSIT":null,"LOAN_EQUITY":null,"LOAN_ASSETS":null,"DEPOSIT_EQUITY":null,"DEPOSIT_ASSETS":null,"EQUITY_MULTIPLIER":1.492079991771,"EQUITY_RATIO":0.492079991771},{"SECUCODE":"00687.HK","SECURITY_CODE":"00687","SECURITY_NAME_ABBR":"泰升集团","ORG_CODE":"10009056","STD_REPORT_DATE":"2023-06-30 00:00:00","REPORT_DATE":"2023-06-30 00:00:00","DATE_TYPE_CODE":"002","REPORT_TYPE":"2023年中报","PER_NETCASH_OPERATE":-0.004692844849,"PER_OI":0.390579563171,"BPS":0.343033180983,"BASIC_EPS":-0.011340354,"DILUTED_EPS":-0.011340354,"OPERATE_INCOME":1314704756.84,"OPERATE_INCOME_YOY":40.0441947713,"GROSS_PROFIT":-1706584.98,"GROSS_PROFIT_YOY":-105.142539276531,"HOLDER_PROFIT":-38190255.56,"HOLDER_PROFIT_YOY":-1352.8937215012,"GROSS_PROFIT_RATIO":-0.129807469785,"EPS_TTM":-0.009420595876,"OPERATE_INCOME_QOQ":20.090804303868,"NET_PROFIT_RATIO":-2.9048541402,"ROE_AVG":-3.191757003592,"GROSS_PROFIT_QOQ":-47.608949814376,"ROA":-1.921490804473,"HOLDER_PROFIT_QOQ":-884.505080749004,"ROE_YEARLY":-6.383514007184,"ROIC_YEARLY":-5.939417142177,"TOTAL_ASSETS":2012950636.18,"TOTAL_LIABILITIES":858288699.62,"TAX_EBT":-18.694481059087,"OCF_SALES":-1.201508038806,"TOTAL_PARENT_EQUITY":1154661936.56,"DEBT_ASSET_RATIO":42.6383381785,"OPERATE_PROFIT":-28769463.92,"PRETAX_PROFIT":-32175258.04,"NETCASH_OPERATE":-15796283.34,"NETCASH_INVEST":-135257231.94,"NETCASH_FINANCE":27259260.68,"END_CASH":501172654.34,"DIVI_RATIO":-2.411747653557,"DIVIDEND_RATE":14.124293785311,"CURRENT_RATIO":2.371331131543,"COMMON_ACS":6000000000,"CURRENTDEBT_DEBT":85.769116324836,"ISSUED_COMMON_SHARES":3366035709,"HK_COMMON_SHARES":3366035709,"PER_SHARES":2000,"TOTAL_MARKET_CAP":595788320.493,"HKSK_MARKET_CAP":595788320.493,"PE_TTM":15.242230876305,"PB_TTM":0.479323302981,"REPORT_DATE_SQ":"2022-06-30 00:00:00","REPORT_TYPE_SQ":"2022年中报","OPERATE_INCOME_SQ":870771561.8,"DPS_HKD":0.025,"OPERATE_INCOME_QOQ_SQ":-2.902633999908,"NET_PROFIT_RATIO_SQ":-0.2799984286,"HOLDER_PROFIT_SQ":-2438146.69,"HOLDER_PROFIT_QOQ_SQ":4780.21127485049,"ROE_AVG_SQ":-0.205049349215,"PE_TTM_SQ":-34.603551023615,"PB_TTM_SQ":0.94070491687,"ROA_SQ":-0.142562937587,"START_DATE":"2023-01-01 00:00:00","FISCAL_YEAR":"12-31","CURRENCY":"HKD","IS_CNY_CODE":0,"DPS_HKD_LY":0.015,"ORG_TYPE":"一般企业","PREMIUM_INCOME":null,"PREMIUM_INCOME_YOY":null,"NET_INTEREST_INCOME":null,"NET_INTEREST_INCOME_YOY":null,"FEE_COMMISSION_INCOME":null,"FEE_COMMISSION_INCOME_YOY":null,"ACCOUNTS_RECE_TDAYS":10.507584326585,"INVENTORY_TDAYS":14.122739861523,"CURRENT_ASSETS_TDAYS":0.762531744126,"TOTAL_ASSETS_TDAYS":0.661475830371,"PREMIUM_EXPENSE":null,"LOAN_DEPOSIT":null,"LOAN_EQUITY":null,"LOAN_ASSETS":null,"DEPOSIT_EQUITY":null,"DEPOSIT_ASSETS":null,"EQUITY_MULTIPLIER":1.743324667113,"EQUITY_RATIO":0.743324667112},{"SECUCODE":"00687.HK","SECURITY_CODE":"00687","SECURITY_NAME_ABBR":"泰升集团","ORG_CODE":"10009056","STD_REPORT_DATE":"2022-12-31 00:00:00","REPORT_DATE":"2022-12-31 00:00:00","DATE_TYPE_CODE":"001","REPORT_TYPE":"2022年年报","PER_NETCASH_OPERATE":0.04524154904,"PER_OI":0.656449887478,"BPS":0.356452082437,"BASIC_EPS":0.001161251,"DILUTED_EPS":0.001161251,"OPERATE_INCOME":2209633762.42,"OPERATE_INCOME_YOY":12.2300637226,"GROSS_PROFIT":73289230.42,"GROSS_PROFIT_YOY":8.725068155861,"HOLDER_PROFIT":4042046.75,"HOLDER_PROFIT_YOY":4328.9719626168,"GROSS_PROFIT_RATIO":3.316804425532,"EPS_TTM":0.001200832997,"OPERATE_INCOME_QOQ":26.282632486457,"NET_PROFIT_RATIO":0.1829283576,"ROE_AVG":0.328102901771,"GROSS_PROFIT_QOQ":-0.073145657482,"ROA":0.215023157162,"HOLDER_PROFIT_QOQ":-1.278620995227,"ROE_YEARLY":0.328102901771,"ROIC_YEARLY":0.324645042796,"TOTAL_ASSETS":1901015230.31,"TOTAL_LIABILITIES":701184792.28,"TAX_EBT":82.521534242342,"OCF_SALES":6.891851137956,"TOTAL_PARENT_EQUITY":1199830438.03,"DEBT_ASSET_RATIO":36.8847540567,"OPERATE_PROFIT":25214332.29,"PRETAX_PROFIT":23125867.03,"NETCASH_OPERATE":152284669.6,"NETCASH_INVEST":-124751408.39,"NETCASH_FINANCE":-795903.57,"END_CASH":606422244.33,"DIVI_RATIO":18.920282876998,"DIVIDEND_RATE":14.124293785311,"CURRENT_RATIO":2.894572756413,"COMMON_ACS":6000000000,"CURRENTDEBT_DEBT":81.275701815625,"ISSUED_COMMON_SHARES":3366035709,"HK_COMMON_SHARES":3366035709,"PER_SHARES":2000,"TOTAL_MARKET_CAP":595788320.493,"HKSK_MARKET_CAP":595788320.493,"PE_TTM":15.242230876305,"PB_TTM":0.479323302981,"REPORT_DATE_SQ":"2021-12-31 00:00:00","REPORT_TYPE_SQ":"2021年年报","OPERATE_INCOME_SQ":1802059896,"DPS_HKD":0.025,"OPERATE_INCOME_QOQ_SQ":-16.247952519866,"NET_PROFIT_RATIO_SQ":-0.0048546222,"HOLDER_PROFIT_SQ":-87483.2,"HOLDER_PROFIT_QOQ_SQ":99.219592349796,"ROE_AVG_SQ":-0.007513467188,"PE_TTM_SQ":-34.603551023615,"PB_TTM_SQ":0.94070491687,"ROA_SQ":-0.004921843879,"START_DATE":"2022-01-01 00:00:00","FISCAL_YEAR":"12-31","CURRENCY":"HKD","IS_CNY_CODE":0,"DPS_HKD_LY":0.025,"ORG_TYPE":"一般企业","PREMIUM_INCOME":null,"PREMIUM_INCOME_YOY":null,"NET_INTEREST_INCOME":null,"NET_INTEREST_INCOME_YOY":null,"FEE_COMMISSION_INCOME":null,"FEE_COMMISSION_INCOME_YOY":null,"ACCOUNTS_RECE_TDAYS":12.590707806949,"INVENTORY_TDAYS":16.749130713393,"CURRENT_ASSETS_TDAYS":1.365519453295,"TOTAL_ASSETS_TDAYS":1.175450105243,"PREMIUM_EXPENSE":null,"LOAN_DEPOSIT":null,"LOAN_EQUITY":null,"LOAN_ASSETS":null,"DEPOSIT_EQUITY":null,"DEPOSIT_ASSETS":null,"EQUITY_MULTIPLIER":1.584403237371,"EQUITY_RATIO":0.58440323737},{"SECUCODE":"00687.HK","SECURITY_CODE":"00687","SECURITY_NAME_ABBR":"泰升集团","ORG_CODE":"10009056","STD_REPORT_DATE":"2022-06-30 00:00:00","REPORT_DATE":"2022-06-30 00:00:00","DATE_TYPE_CODE":"002","REPORT_TYPE":"2022年中报","PER_NETCASH_OPERATE":0.007916394095,"PER_OI":0.258693500925,"BPS":0.346976322995,"BASIC_EPS":-0.000684152,"DILUTED_EPS":-0.000684152,"OPERATE_INCOME":870771561.8,"OPERATE_INCOME_YOY":-8.2157959117,"GROSS_PROFIT":33185647.95,"GROSS_PROFIT_YOY":21.77942355073,"HOLDER_PROFIT":-2438146.69,"HOLDER_PROFIT_YOY":64.1654097536,"GROSS_PROFIT_RATIO":3.811062442301,"EPS_TTM":0.001216385964,"OPERATE_INCOME_QOQ":-2.902633999908,"NET_PROFIT_RATIO":-0.2799984286,"ROE_AVG":-0.205049349215,"GROSS_PROFIT_QOQ":8.804654035426,"ROA":-0.142562937587,"HOLDER_PROFIT_QOQ":4780.21127485049,"ROE_YEARLY":-0.410098698429,"ROIC_YEARLY":-0.414382457858,"TOTAL_ASSETS":1641059153.79,"TOTAL_LIABILITIES":473124460.41,"TAX_EBT":137.841783912928,"OCF_SALES":3.060144173165,"TOTAL_PARENT_EQUITY":1167934693.38,"DEBT_ASSET_RATIO":28.8304330357,"OPERATE_PROFIT":7301612.22,"PRETAX_PROFIT":6443001.46,"NETCASH_OPERATE":26646865.21,"NETCASH_INVEST":-64742158.95,"NETCASH_FINANCE":-50103871.72,"END_CASH":467529807.43,"DIVI_RATIO":18.678364167777,"DIVIDEND_RATE":14.124293785311,"CURRENT_RATIO":3.401675002034,"COMMON_ACS":6000000000,"CURRENTDEBT_DEBT":86.632178859408,"ISSUED_COMMON_SHARES":3366035709,"HK_COMMON_SHARES":3366035709,"PER_SHARES":2000,"TOTAL_MARKET_CAP":595788320.493,"HKSK_MARKET_CAP":595788320.493,"PE_TTM":15.242230876305,"PB_TTM":0.479323302981,"REPORT_DATE_SQ":"2021-06-30 00:00:00","REPORT_TYPE_SQ":"2021年中报","OPERATE_INCOME_SQ":923078765.04,"DPS_HKD":0.025,"OPERATE_INCOME_QOQ_SQ":-16.292895522717,"NET_PROFIT_RATIO_SQ":-0.7171683209,"HOLDER_PROFIT_SQ":-6620028.48,"HOLDER_PROFIT_QOQ_SQ":87.300816041016,"ROE_AVG_SQ":-0.556166450077,"PE_TTM_SQ":-34.603551023615,"PB_TTM_SQ":0.94070491687,"ROA_SQ":-0.364331422532,"START_DATE":"2022-01-01 00:00:00","FISCAL_YEAR":"12-31","CURRENCY":"HKD","IS_CNY_CODE":0,"DPS_HKD_LY":0.025,"ORG_TYPE":"一般企业","PREMIUM_INCOME":null,"PREMIUM_INCOME_YOY":null,"NET_INTEREST_INCOME":null,"NET_INTEREST_INCOME_YOY":null,"FEE_COMMISSION_INCOME":null,"FEE_COMMISSION_INCOME_YOY":null,"ACCOUNTS_RECE_TDAYS":5.406013820053,"INVENTORY_TDAYS":5.854016430922,"CURRENT_ASSETS_TDAYS":0.597778131331,"TOTAL_ASSETS_TDAYS":0.509156205926,"PREMIUM_EXPENSE":null,"LOAN_DEPOSIT":null,"LOAN_EQUITY":null,"LOAN_ASSETS":null,"DEPOSIT_EQUITY":null,"DEPOSIT_ASSETS":null,"EQUITY_MULTIPLIER":1.405094962151,"EQUITY_RATIO":0.405094962151},{"SECUCODE":"00687.HK","SECURITY_CODE":"00687","SECURITY_NAME_ABBR":"泰升集团","ORG_CODE":"10009056","STD_REPORT_DATE":"2021-12-31 00:00:00","REPORT_DATE":"2021-12-31 00:00:00","DATE_TYPE_CODE":"001","REPORT_TYPE":"2021年年报","PER_NETCASH_OPERATE":0.006088942178,"PER_OI":0.535365650216,"BPS":0.343721611778,"BASIC_EPS":-0.000024528,"DILUTED_EPS":-0.000024528,"OPERATE_INCOME":1802059896,"OPERATE_INCOME_YOY":-27.8322380344,"GROSS_PROFIT":67407849.6,"GROSS_PROFIT_YOY":227.726770938719,"HOLDER_PROFIT":-87483.2,"HOLDER_PROFIT_YOY":99.8979805877,"GROSS_PROFIT_RATIO":3.74059984075,"EPS_TTM":-0.00002598998,"OPERATE_INCOME_QOQ":-16.247952519866,"NET_PROFIT_RATIO":-0.0048546222,"ROE_AVG":-0.007513467188,"GROSS_PROFIT_QOQ":83.257398987504,"ROA":-0.004921843879,"HOLDER_PROFIT_QOQ":99.219592349796,"ROE_YEARLY":-0.007513467188,"ROIC_YEARLY":-0.007155984409,"TOTAL_ASSETS":1701177049.6,"TOTAL_LIABILITIES":544197830.4,"TAX_EBT":98.571619276465,"OCF_SALES":1.137342706838,"TOTAL_PARENT_EQUITY":1156979219.2,"DEBT_ASSET_RATIO":31.9894881328,"OPERATE_PROFIT":-4980001.6,"PRETAX_PROFIT":-6124641.6,"NETCASH_OPERATE":20495596.8,"NETCASH_INVEST":-23407070.4,"NETCASH_FINANCE":-43134123.2,"END_CASH":532167664,"DIVI_RATIO":-874.186905737912,"DIVIDEND_RATE":14.124293785311,"CURRENT_RATIO":3.017457701977,"COMMON_ACS":6000000000,"CURRENTDEBT_DEBT":88.442978107103,"ISSUED_COMMON_SHARES":3366035709,"HK_COMMON_SHARES":3366035709,"PER_SHARES":2000,"TOTAL_MARKET_CAP":595788320.493,"HKSK_MARKET_CAP":595788320.493,"PE_TTM":15.242230876305,"PB_TTM":0.479323302981,"REPORT_DATE_SQ":"2020-12-31 00:00:00","REPORT_TYPE_SQ":"2020年年报","OPERATE_INCOME_SQ":2570463665.32,"DPS_HKD":0.025,"OPERATE_INCOME_QOQ_SQ":-0.960520348585,"NET_PROFIT_RATIO_SQ":-3.4341230989,"HOLDER_PROFIT_SQ":-88272886.48,"HOLDER_PROFIT_QOQ_SQ":-140.900993874829,"ROE_AVG_SQ":-5.586268736054,"PE_TTM_SQ":-34.603551023615,"PB_TTM_SQ":0.94070491687,"ROA_SQ":-2.926834032727,"START_DATE":"2021-01-01 00:00:00","FISCAL_YEAR":"12-31","CURRENCY":"HKD","IS_CNY_CODE":0,"DPS_HKD_LY":0.01,"ORG_TYPE":"一般企业","PREMIUM_INCOME":null,"PREMIUM_INCOME_YOY":null,"NET_INTEREST_INCOME":null,"NET_INTEREST_INCOME_YOY":null,"FEE_COMMISSION_INCOME":null,"FEE_COMMISSION_INCOME_YOY":null,"ACCOUNTS_RECE_TDAYS":9.628062711043,"INVENTORY_TDAYS":17.975421503008,"CURRENT_ASSETS_TDAYS":1.176537627067,"TOTAL_ASSETS_TDAYS":1.013846940775,"PREMIUM_EXPENSE":null,"LOAN_DEPOSIT":null,"LOAN_EQUITY":null,"LOAN_ASSETS":null,"DEPOSIT_EQUITY":null,"DEPOSIT_ASSETS":null,"EQUITY_MULTIPLIER":1.470360937663,"EQUITY_RATIO":0.470360937663},{"SECUCODE":"00687.HK","SECURITY_CODE":"00687","SECURITY_NAME_ABBR":"泰升集团","ORG_CODE":"10009056","STD_REPORT_DATE":"2021-06-30 00:00:00","REPORT_DATE":"2021-06-30 00:00:00","DATE_TYPE_CODE":"002","REPORT_TYPE":"2021年中报","PER_NETCASH_OPERATE":0.009669922798,"PER_OI":0.274233206312,"BPS":0.352971958017,"BASIC_EPS":-0.001996992,"DILUTED_EPS":-0.001996992,"OPERATE_INCOME":923078765.04,"OPERATE_INCOME_YOY":-24.483915368,"GROSS_PROFIT":27250620,"GROSS_PROFIT_YOY":143.735649319812,"HOLDER_PROFIT":-6620028.48,"HOLDER_PROFIT_YOY":91.3156429764,"GROSS_PROFIT_RATIO":2.952144609114,"EPS_TTM":-0.003330308175,"OPERATE_INCOME_QOQ":-16.292895522717,"NET_PROFIT_RATIO":-0.7171683209,"ROE_AVG":-0.556166450077,"GROSS_PROFIT_QOQ":169.698015820594,"ROA":-0.364331422532,"HOLDER_PROFIT_QOQ":87.300816041016,"ROE_YEARLY":-1.112332900154,"ROIC_YEARLY":-1.097214349843,"TOTAL_ASSETS":1747521102.72,"TOTAL_LIABILITIES":559404887.76,"TAX_EBT":-11.663157894737,"OCF_SALES":3.526167719673,"TOTAL_PARENT_EQUITY":1188116214.96,"DEBT_ASSET_RATIO":32.0113380542,"OPERATE_PROFIT":-5341121.52,"PRETAX_PROFIT":-5928570,"NETCASH_OPERATE":32549305.44,"NETCASH_INVEST":-4638846,"NETCASH_FINANCE":16760587.44,"END_CASH":632751907.68,"DIVI_RATIO":-6.822221489464,"DIVIDEND_RATE":14.124293785311,"CURRENT_RATIO":3.00321357509,"COMMON_ACS":6000000000,"CURRENTDEBT_DEBT":90.3041364159,"ISSUED_COMMON_SHARES":3366035709,"HK_COMMON_SHARES":3366035709,"PER_SHARES":2000,"TOTAL_MARKET_CAP":595788320.493,"HKSK_MARKET_CAP":595788320.493,"PE_TTM":15.242230876305,"PB_TTM":0.479323302981,"REPORT_DATE_SQ":"2020-06-30 00:00:00","REPORT_TYPE_SQ":"2020年中报","OPERATE_INCOME_SQ":1341881724.48,"DPS_HKD":0.025,"OPERATE_INCOME_QOQ_SQ":6.47039050862,"NET_PROFIT_RATIO_SQ":-6.2362410333,"HOLDER_PROFIT_SQ":-83682978.72,"HOLDER_PROFIT_QOQ_SQ":131.426218994108,"ROE_AVG_SQ":-4.865328908778,"PE_TTM_SQ":-34.603551023615,"PB_TTM_SQ":0.94070491687,"ROA_SQ":-2.539353704228,"START_DATE":"2021-01-01 00:00:00","FISCAL_YEAR":"12-31","CURRENCY":"HKD","IS_CNY_CODE":0,"DPS_HKD_LY":0.01,"ORG_TYPE":"一般企业","PREMIUM_INCOME":null,"PREMIUM_INCOME_YOY":null,"NET_INTEREST_INCOME":null,"NET_INTEREST_INCOME_YOY":null,"FEE_COMMISSION_INCOME":null,"FEE_COMMISSION_INCOME_YOY":null,"ACCOUNTS_RECE_TDAYS":5.748724579027,"INVENTORY_TDAYS":23.104770693392,"CURRENT_ASSETS_TDAYS":0.584844720235,"TOTAL_ASSETS_TDAYS":0.50801382591,"PREMIUM_EXPENSE":null,"LOAN_DEPOSIT":null,"LOAN_EQUITY":null,"LOAN_ASSETS":null,"DEPOSIT_EQUITY":null,"DEPOSIT_ASSETS":null,"EQUITY_MULTIPLIER":1.470833476319,"EQUITY_RATIO":0.470833476319},{"SECUCODE":"00687.HK","SECURITY_CODE":"00687","SECURITY_NAME_ABBR":"泰升集团","ORG_CODE":"10009056","STD_REPORT_DATE":"2020-12-31 00:00:00","REPORT_DATE":"2020-12-31 00:00:00","DATE_TYPE_CODE":"001","REPORT_TYPE":"2020年年报","PER_NETCASH_OPERATE":0.026395110641,"PER_OI":0.763647176543,"BPS":0.358337555676,"BASIC_EPS":-0.0262255024,"DILUTED_EPS":-0.0262255024,"OPERATE_INCOME":2570463665.32,"OPERATE_INCOME_YOY":12.2308341889,"GROSS_PROFIT":-52775036.2,"GROSS_PROFIT_YOY":-502.069035859013,"HOLDER_PROFIT":-88272886.48,"HOLDER_PROFIT_YOY":86.3195309494,"GROSS_PROFIT_RATIO":-2.053132939089,"EPS_TTM":-0.026224584084,"OPERATE_INCOME_QOQ":-0.960520348585,"NET_PROFIT_RATIO":-3.4341230989,"ROE_AVG":-5.586268736054,"GROSS_PROFIT_QOQ":-184.876967085174,"ROA":-2.926834032727,"HOLDER_PROFIT_QOQ":-140.900993874829,"ROE_YEARLY":-5.586268736054,"ROIC_YEARLY":-5.878090239967,"TOTAL_ASSETS":1908223439.52,"TOTAL_LIABILITIES":702046431.24,"TAX_EBT":1.370146418529,"OCF_SALES":3.456453641368,"TOTAL_PARENT_EQUITY":1206177008.28,"DEBT_ASSET_RATIO":36.7905779114,"OPERATE_PROFIT":-85600679.48,"PRETAX_PROFIT":-89499155.96,"NETCASH_OPERATE":88846884.96,"NETCASH_INVEST":242851855.44,"NETCASH_FINANCE":-2190934523.72,"END_CASH":594677574.8,"DIVI_RATIO":-0.866366457036,"DIVIDEND_RATE":14.124293785311,"CURRENT_RATIO":2.56297346514,"COMMON_ACS":6000000000,"CURRENTDEBT_DEBT":92.166672061438,"ISSUED_COMMON_SHARES":3366035709,"HK_COMMON_SHARES":3366035709,"PER_SHARES":2000,"TOTAL_MARKET_CAP":595788320.493,"HKSK_MARKET_CAP":595788320.493,"PE_TTM":15.242230876305,"PB_TTM":0.479323302981,"REPORT_DATE_SQ":"2019-12-31 00:00:00","REPORT_TYPE_SQ":"2019年年报","OPERATE_INCOME_SQ":2437666406.84,"DPS_HKD":0.025,"OPERATE_INCOME_QOQ_SQ":-1.953077501256,"NET_PROFIT_RATIO_SQ":-28.1725351103,"HOLDER_PROFIT_SQ":-686754215.9,"HOLDER_PROFIT_QOQ_SQ":55.927992165921,"ROE_AVG_SQ":-10.585844995603,"PE_TTM_SQ":-34.603551023615,"PB_TTM_SQ":0.94070491687,"ROA_SQ":-6.901166470911,"START_DATE":"2020-01-01 00:00:00","FISCAL_YEAR":"12-31","CURRENCY":"HKD","IS_CNY_CODE":0,"DPS_HKD_LY":0.24,"ORG_TYPE":"一般企业","PREMIUM_INCOME":null,"PREMIUM_INCOME_YOY":null,"NET_INTEREST_INCOME":null,"NET_INTEREST_INCOME_YOY":null,"FEE_COMMISSION_INCOME":null,"FEE_COMMISSION_INCOME_YOY":null,"ACCOUNTS_RECE_TDAYS":14.696059301746,"INVENTORY_TDAYS":94.227737888293,"CURRENT_ASSETS_TDAYS":0.929342178493,"TOTAL_ASSETS_TDAYS":0.852279882934,"PREMIUM_EXPENSE":null,"LOAN_DEPOSIT":null,"LOAN_EQUITY":null,"LOAN_ASSETS":null,"DEPOSIT_EQUITY":null,"DEPOSIT_ASSETS":null,"EQUITY_MULTIPLIER":1.582042624276,"EQUITY_RATIO":0.582042624275},{"SECUCODE":"00687.HK","SECURITY_CODE":"00687","SECURITY_NAME_ABBR":"泰升集团","ORG_CODE":"10009056","STD_REPORT_DATE":"2020-06-30 00:00:00","REPORT_DATE":"2020-06-30 00:00:00","DATE_TYPE_CODE":"002","REPORT_TYPE":"2020年中报","PER_NETCASH_OPERATE":-0.023390437347,"PER_OI":0.398653442948,"BPS":0.39188141283,"BASIC_EPS":-0.024845568,"DILUTED_EPS":-0.024845568,"OPERATE_INCOME":1341881724.48,"OPERATE_INCOME_YOY":9.1290650157,"GROSS_PROFIT":-62307569.28,"GROSS_PROFIT_YOY":-103.246550031672,"HOLDER_PROFIT":-83682978.72,"HOLDER_PROFIT_YOY":91.8288840071,"GROSS_PROFIT_RATIO":-4.643298149406,"EPS_TTM":0.064117229435,"OPERATE_INCOME_QOQ":6.47039050862,"NET_PROFIT_RATIO":-6.2362410333,"ROE_AVG":-4.865328908778,"GROSS_PROFIT_QOQ":-241.13778308332,"ROA":-2.539353704228,"HOLDER_PROFIT_QOQ":131.426218994108,"ROE_YEARLY":-9.730657817556,"ROIC_YEARLY":-9.757430197943,"TOTAL_ASSETS":2115345265.44,"TOTAL_LIABILITIES":796258436.16,"TAX_EBT":3.714252682691,"OCF_SALES":-5.867361178237,"TOTAL_PARENT_EQUITY":1319086829.28,"DEBT_ASSET_RATIO":37.6420081,"OPERATE_PROFIT":-83712208.8,"PRETAX_PROFIT":-86911075.68,"NETCASH_OPERATE":-78733047.36,"NETCASH_INVEST":266914475.52,"NETCASH_FINANCE":-2330621150.88,"END_CASH":518885986.08,"DIVI_RATIO":0.354352491526,"DIVIDEND_RATE":14.124293785311,"CURRENT_RATIO":2.484981615609,"COMMON_ACS":6000000000,"CURRENTDEBT_DEBT":92.069531979525,"ISSUED_COMMON_SHARES":3366035709,"HK_COMMON_SHARES":3366035709,"PER_SHARES":2000,"TOTAL_MARKET_CAP":595788320.493,"HKSK_MARKET_CAP":595788320.493,"PE_TTM":15.242230876305,"PB_TTM":0.479323302981,"REPORT_DATE_SQ":"2019-06-30 00:00:00","REPORT_TYPE_SQ":"2019年中报","OPERATE_INCOME_SQ":1184155188.66,"DPS_HKD":0.025,"OPERATE_INCOME_QOQ_SQ":-4.498640127624,"NET_PROFIT_RATIO_SQ":-83.2886503817,"HOLDER_PROFIT_SQ":-986258078.46,"HOLDER_PROFIT_QOQ_SQ":-592.763736722357,"ROE_AVG_SQ":-12.293811054453,"PE_TTM_SQ":-34.603551023615,"PB_TTM_SQ":0.94070491687,"ROA_SQ":-7.565264671343,"START_DATE":"2020-01-01 00:00:00","FISCAL_YEAR":"12-31","CURRENCY":"HKD","IS_CNY_CODE":0,"DPS_HKD_LY":0.24,"ORG_TYPE":"一般企业","PREMIUM_INCOME":null,"PREMIUM_INCOME_YOY":null,"NET_INTEREST_INCOME":null,"NET_INTEREST_INCOME_YOY":null,"FEE_COMMISSION_INCOME":null,"FEE_COMMISSION_INCOME_YOY":null,"ACCOUNTS_RECE_TDAYS":6.112654372358,"INVENTORY_TDAYS":82.311736988649,"CURRENT_ASSETS_TDAYS":0.445392067215,"TOTAL_ASSETS_TDAYS":0.40719300147,"PREMIUM_EXPENSE":null,"LOAN_DEPOSIT":null,"LOAN_EQUITY":null,"LOAN_ASSETS":null,"DEPOSIT_EQUITY":null,"DEPOSIT_ASSETS":null,"EQUITY_MULTIPLIER":1.603643686287,"EQUITY_RATIO":0.603643686288}],"count":47},"success":true,"message":"ok","code":0}