{"version":"0b3a90b25671069db4543a873f4338ea","result":{"pages":6,"data":[{"SECUCODE":"00683.HK","SECURITY_CODE":"00683","SECURITY_NAME_ABBR":"嘉里建设","ORG_CODE":"10009052","STD_REPORT_DATE":"2024-06-30 00:00:00","REPORT_DATE":"2024-06-30 00:00:00","DATE_TYPE_CODE":"002","REPORT_TYPE":"2024年中报","PER_NETCASH_OPERATE":-0.965488119206,"PER_OI":3.169248510511,"BPS":65.945140388008,"BASIC_EPS":0.4928472,"DILUTED_EPS":0.4928472,"OPERATE_INCOME":4599548516.76,"OPERATE_INCOME_YOY":-7.9082131448,"GROSS_PROFIT":2254138889.36,"GROSS_PROFIT_YOY":-11.441028820529,"HOLDER_PROFIT":719224696.48,"HOLDER_PROFIT_YOY":-54.6801270509,"GROSS_PROFIT_RATIO":49.007829380347,"EPS_TTM":1.416121390131,"OPERATE_INCOME_QOQ":-3.758790724669,"NET_PROFIT_RATIO":22.3904562399,"ROE_AVG":0.743010331766,"GROSS_PROFIT_QOQ":-4.781099881508,"ROA":0.376189163521,"HOLDER_PROFIT_QOQ":-30.074591546713,"ROE_YEARLY":1.486020663531,"ROIC_YEARLY":0.861283843565,"TOTAL_ASSETS":192141891287.04,"TOTAL_LIABILITIES":84075374273,"TAX_EBT":28.54295879092,"OCF_SALES":-30.464260407607,"TOTAL_PARENT_EQUITY":95706559978.88,"DEBT_ASSET_RATIO":43.7569203206,"OPERATE_PROFIT":1264053585.88,"PRETAX_PROFIT":1441229416.24,"NETCASH_OPERATE":-1401218437.72,"NETCASH_INVEST":-3794010760,"NETCASH_FINANCE":4040500985.64,"END_CASH":10925995289.76,"DIVI_RATIO":0.865731573963,"DIVIDEND_RATE":8.91677675033,"CURRENT_RATIO":2.716372036614,"COMMON_ACS":10000000000,"CURRENTDEBT_DEBT":28.472509402896,"ISSUED_COMMON_SHARES":1451305728,"HK_COMMON_SHARES":1451305728,"PER_SHARES":500,"TOTAL_MARKET_CAP":21972768721.92,"HKSK_MARKET_CAP":21972768721.92,"PE_TTM":9.584498153971,"PB_TTM":0.209537429425,"REPORT_DATE_SQ":"2023-06-30 00:00:00","REPORT_TYPE_SQ":"2023年中报","OPERATE_INCOME_SQ":5045419380.52,"DPS_HKD":1.35,"OPERATE_INCOME_QOQ_SQ":8.257584742451,"NET_PROFIT_RATIO_SQ":37.1104021765,"HOLDER_PROFIT_SQ":1603167405.38,"HOLDER_PROFIT_QOQ_SQ":-30.305946358426,"ROE_AVG_SQ":1.617360912057,"PE_TTM_SQ":10.716929702377,"PB_TTM_SQ":0.17623224915,"ROA_SQ":0.855602922353,"START_DATE":"2024-01-01 00:00:00","FISCAL_YEAR":"12-31","CURRENCY":"HKD","IS_CNY_CODE":0,"DPS_HKD_LY":1.35,"ORG_TYPE":"一般企业","PREMIUM_INCOME":null,"PREMIUM_INCOME_YOY":null,"NET_INTEREST_INCOME":null,"NET_INTEREST_INCOME_YOY":null,"FEE_COMMISSION_INCOME":null,"FEE_COMMISSION_INCOME_YOY":null,"ACCOUNTS_RECE_TDAYS":2.162717718224,"INVENTORY_TDAYS":0.052549232475,"CURRENT_ASSETS_TDAYS":0.077739848623,"TOTAL_ASSETS_TDAYS":0.024057854486,"PREMIUM_EXPENSE":null,"LOAN_DEPOSIT":null,"LOAN_EQUITY":null,"LOAN_ASSETS":null,"DEPOSIT_EQUITY":null,"DEPOSIT_ASSETS":null,"EQUITY_MULTIPLIER":1.777996520995,"EQUITY_RATIO":0.878470339876},{"SECUCODE":"00683.HK","SECURITY_CODE":"00683","SECURITY_NAME_ABBR":"嘉里建设","ORG_CODE":"10009052","STD_REPORT_DATE":"2023-12-31 00:00:00","REPORT_DATE":"2023-12-31 00:00:00","DATE_TYPE_CODE":"001","REPORT_TYPE":"2023年年报","PER_NETCASH_OPERATE":3.107883366888,"PER_OI":8.173386528631,"BPS":66.972834222563,"BASIC_EPS":2.0208706,"DILUTED_EPS":2.0208706,"OPERATE_INCOME":11862082686.16,"OPERATE_INCOME_YOY":-10.2864848471,"GROSS_PROFIT":6090954736.72,"GROSS_PROFIT_YOY":-2.376165755028,"HOLDER_PROFIT":2939167793.94,"HOLDER_PROFIT_YOY":17.734519635,"GROSS_PROFIT_RATIO":51.348105538217,"EPS_TTM":2.025188585172,"OPERATE_INCOME_QOQ":-15.928182959056,"NET_PROFIT_RATIO":31.8098115546,"ROE_AVG":3.002476863101,"GROSS_PROFIT_QOQ":-7.799455392072,"ROA":1.582469137809,"HOLDER_PROFIT_QOQ":71.379544778371,"ROE_YEARLY":3.002476863101,"ROIC_YEARLY":1.814827815511,"TOTAL_ASSETS":188885593216.04,"TOTAL_LIABILITIES":79090858889.42,"TAX_EBT":39.297376211454,"OCF_SALES":38.024426668199,"TOTAL_PARENT_EQUITY":97198057927.6,"DEBT_ASSET_RATIO":41.8723617523,"OPERATE_PROFIT":5529258737.66,"PRETAX_PROFIT":6216051157.96,"NETCASH_OPERATE":4510488932.32,"NETCASH_INVEST":-2223268493.46,"NETCASH_FINANCE":-42752740.94,"END_CASH":12251592354.12,"DIVI_RATIO":0.605366339202,"DIVIDEND_RATE":8.676092544987,"CURRENT_RATIO":2.259795343562,"COMMON_ACS":10000000000,"CURRENTDEBT_DEBT":29.614077187083,"ISSUED_COMMON_SHARES":1451305728,"HK_COMMON_SHARES":1451305728,"PER_SHARES":500,"TOTAL_MARKET_CAP":22582317127.68,"HKSK_MARKET_CAP":22582317127.68,"PE_TTM":9.850382514914,"PB_TTM":0.215350224693,"REPORT_DATE_SQ":"2022-12-31 00:00:00","REPORT_TYPE_SQ":"2022年年报","OPERATE_INCOME_SQ":13033233603.25,"DPS_HKD":1.35,"OPERATE_INCOME_QOQ_SQ":16.403786253857,"NET_PROFIT_RATIO_SQ":23.8161266169,"HOLDER_PROFIT_SQ":2460762330.6,"HOLDER_PROFIT_QOQ_SQ":-67.950645558939,"ROE_AVG_SQ":2.442010419087,"PE_TTM_SQ":10.716929702377,"PB_TTM_SQ":0.17623224915,"ROA_SQ":1.372140482095,"START_DATE":"2023-01-01 00:00:00","FISCAL_YEAR":"12-31","CURRENCY":"HKD","IS_CNY_CODE":0,"DPS_HKD_LY":1.35,"ORG_TYPE":"一般企业","PREMIUM_INCOME":null,"PREMIUM_INCOME_YOY":null,"NET_INTEREST_INCOME":null,"NET_INTEREST_INCOME_YOY":null,"FEE_COMMISSION_INCOME":null,"FEE_COMMISSION_INCOME_YOY":null,"ACCOUNTS_RECE_TDAYS":6.690193579021,"INVENTORY_TDAYS":0.149483318157,"CURRENT_ASSETS_TDAYS":0.226268692114,"TOTAL_ASSETS_TDAYS":0.063866308687,"PREMIUM_EXPENSE":null,"LOAN_DEPOSIT":null,"LOAN_EQUITY":null,"LOAN_ASSETS":null,"DEPOSIT_EQUITY":null,"DEPOSIT_ASSETS":null,"EQUITY_MULTIPLIER":1.720352022112,"EQUITY_RATIO":0.81370822191},{"SECUCODE":"00683.HK","SECURITY_CODE":"00683","SECURITY_NAME_ABBR":"嘉里建设","ORG_CODE":"10009052","STD_REPORT_DATE":"2023-06-30 00:00:00","REPORT_DATE":"2023-06-30 00:00:00","DATE_TYPE_CODE":"002","REPORT_TYPE":"2023年中报","PER_NETCASH_OPERATE":1.176222793575,"PER_OI":3.476469005241,"BPS":67.487886339728,"BASIC_EPS":1.106376,"DILUTED_EPS":1.106376,"OPERATE_INCOME":5045419380.52,"OPERATE_INCOME_YOY":17.9061878204,"GROSS_PROFIT":2545353519.06,"GROSS_PROFIT_YOY":16.847258615803,"HOLDER_PROFIT":1603167405.38,"HOLDER_PROFIT_YOY":-36.6931229452,"GROSS_PROFIT_RATIO":50.448799734813,"EPS_TTM":1.18169796039,"OPERATE_INCOME_QOQ":8.257584742451,"NET_PROFIT_RATIO":37.1104021765,"ROE_AVG":1.617360912057,"GROSS_PROFIT_QOQ":5.882058137624,"ROA":0.855602922353,"HOLDER_PROFIT_QOQ":-30.305946358426,"ROE_YEARLY":3.234721824115,"ROIC_YEARLY":1.975192291773,"TOTAL_ASSETS":188989960809.76,"TOTAL_LIABILITIES":78830741196.52,"TAX_EBT":30.015982995581,"OCF_SALES":33.833835187434,"TOTAL_PARENT_EQUITY":97945556015.46,"DEBT_ASSET_RATIO":41.7116024887,"OPERATE_PROFIT":2190981286.26,"PRETAX_PROFIT":2675432911.32,"NETCASH_OPERATE":1707058877.72,"NETCASH_INVEST":834278496.46,"NETCASH_FINANCE":2126498005.06,"END_CASH":14762639576.26,"DIVI_RATIO":1.037474076367,"DIVIDEND_RATE":8.676092544987,"CURRENT_RATIO":2.219726546616,"COMMON_ACS":10000000000,"CURRENTDEBT_DEBT":32.357806652776,"ISSUED_COMMON_SHARES":1451305728,"HK_COMMON_SHARES":1451305728,"PER_SHARES":500,"TOTAL_MARKET_CAP":22582317127.68,"HKSK_MARKET_CAP":22582317127.68,"PE_TTM":9.850382514914,"PB_TTM":0.215350224693,"REPORT_DATE_SQ":"2022-06-30 00:00:00","REPORT_TYPE_SQ":"2022年中报","OPERATE_INCOME_SQ":3969189071.05,"DPS_HKD":1.35,"OPERATE_INCOME_QOQ_SQ":-10.65017223836,"NET_PROFIT_RATIO_SQ":62.8482567904,"HOLDER_PROFIT_SQ":2348924717.3,"HOLDER_PROFIT_QOQ_SQ":-9.336363779256,"ROE_AVG_SQ":2.384180248322,"PE_TTM_SQ":10.716929702377,"PB_TTM_SQ":0.17623224915,"ROA_SQ":1.322911000377,"START_DATE":"2023-01-01 00:00:00","FISCAL_YEAR":"12-31","CURRENCY":"HKD","IS_CNY_CODE":0,"DPS_HKD_LY":1.35,"ORG_TYPE":"一般企业","PREMIUM_INCOME":null,"PREMIUM_INCOME_YOY":null,"NET_INTEREST_INCOME":null,"NET_INTEREST_INCOME_YOY":null,"FEE_COMMISSION_INCOME":null,"FEE_COMMISSION_INCOME_YOY":null,"ACCOUNTS_RECE_TDAYS":5.064968216535,"INVENTORY_TDAYS":0.063685945455,"CURRENT_ASSETS_TDAYS":0.092200895052,"TOTAL_ASSETS_TDAYS":0.026927166508,"PREMIUM_EXPENSE":null,"LOAN_DEPOSIT":null,"LOAN_EQUITY":null,"LOAN_ASSETS":null,"DEPOSIT_EQUITY":null,"DEPOSIT_ASSETS":null,"EQUITY_MULTIPLIER":1.71560729527,"EQUITY_RATIO":0.804842449249},{"SECUCODE":"00683.HK","SECURITY_CODE":"00683","SECURITY_NAME_ABBR":"嘉里建设","ORG_CODE":"10009052","STD_REPORT_DATE":"2022-12-31 00:00:00","REPORT_DATE":"2022-12-31 00:00:00","DATE_TYPE_CODE":"001","REPORT_TYPE":"2022年年报","PER_NETCASH_OPERATE":-0.221550766263,"PER_OI":8.980350143874,"BPS":66.95765587132,"BASIC_EPS":1.697213,"DILUTED_EPS":1.697213,"OPERATE_INCOME":13033233603.25,"OPERATE_INCOME_YOY":-4.8039429589,"GROSS_PROFIT":6239208676.68,"GROSS_PROFIT_YOY":-12.717374328303,"HOLDER_PROFIT":2460762330.6,"HOLDER_PROFIT_YOY":-73.4043534034,"GROSS_PROFIT_RATIO":47.871532626594,"EPS_TTM":1.695550622536,"OPERATE_INCOME_QOQ":16.403786253857,"NET_PROFIT_RATIO":23.8161266169,"ROE_AVG":2.442010419087,"GROSS_PROFIT_QOQ":-0.675724888503,"ROA":1.372140482095,"HOLDER_PROFIT_QOQ":-67.950645558939,"ROE_YEARLY":2.442010419087,"ROIC_YEARLY":1.599335909666,"TOTAL_ASSETS":179971357971.93,"TOTAL_LIABILITIES":70561718015.46,"TAX_EBT":32.762391523797,"OCF_SALES":-2.467061558997,"TOTAL_PARENT_EQUITY":97176029499.5,"DEBT_ASSET_RATIO":39.2071931949,"OPERATE_PROFIT":3697554494.69,"PRETAX_PROFIT":4616480995.63,"NETCASH_OPERATE":-321537896.12,"NETCASH_INVEST":-15308768359.92,"NETCASH_FINANCE":12099591372.33,"END_CASH":10116643631.08,"DIVI_RATIO":0.7230577393,"DIVIDEND_RATE":8.676092544987,"CURRENT_RATIO":2.93855168317,"COMMON_ACS":10000000000,"CURRENTDEBT_DEBT":24.682310107081,"ISSUED_COMMON_SHARES":1451305728,"HK_COMMON_SHARES":1451305728,"PER_SHARES":500,"TOTAL_MARKET_CAP":22582317127.68,"HKSK_MARKET_CAP":22582317127.68,"PE_TTM":9.850382514914,"PB_TTM":0.215350224693,"REPORT_DATE_SQ":"2021-12-31 00:00:00","REPORT_TYPE_SQ":"2021年年报","OPERATE_INCOME_SQ":12531162246.4,"DPS_HKD":1.35,"OPERATE_INCOME_QOQ_SQ":-10.177852444493,"NET_PROFIT_RATIO_SQ":73.6617723089,"HOLDER_PROFIT_SQ":8468709793.6,"HOLDER_PROFIT_QOQ_SQ":26.282310225168,"ROE_AVG_SQ":9.138019913346,"PE_TTM_SQ":10.716929702377,"PB_TTM_SQ":0.17623224915,"ROA_SQ":5.233635204827,"START_DATE":"2022-01-01 00:00:00","FISCAL_YEAR":"12-31","CURRENCY":"HKD","IS_CNY_CODE":0,"DPS_HKD_LY":1.35,"ORG_TYPE":"一般企业","PREMIUM_INCOME":null,"PREMIUM_INCOME_YOY":null,"NET_INTEREST_INCOME":null,"NET_INTEREST_INCOME_YOY":null,"FEE_COMMISSION_INCOME":null,"FEE_COMMISSION_INCOME_YOY":null,"ACCOUNTS_RECE_TDAYS":12.581357949107,"INVENTORY_TDAYS":0.204693608631,"CURRENT_ASSETS_TDAYS":0.266948329762,"TOTAL_ASSETS_TDAYS":0.072674338424,"PREMIUM_EXPENSE":null,"LOAN_DEPOSIT":null,"LOAN_EQUITY":null,"LOAN_ASSETS":null,"DEPOSIT_EQUITY":null,"DEPOSIT_ASSETS":null,"EQUITY_MULTIPLIER":1.644931452509,"EQUITY_RATIO":0.726122670157},{"SECUCODE":"00683.HK","SECURITY_CODE":"00683","SECURITY_NAME_ABBR":"嘉里建设","ORG_CODE":"10009052","STD_REPORT_DATE":"2022-06-30 00:00:00","REPORT_DATE":"2022-06-30 00:00:00","DATE_TYPE_CODE":"002","REPORT_TYPE":"2022年中报","PER_NETCASH_OPERATE":-0.088145104216,"PER_OI":2.730204087383,"BPS":66.927071422542,"BASIC_EPS":1.6163091,"DILUTED_EPS":1.6163091,"OPERATE_INCOME":3969189071.05,"OPERATE_INCOME_YOY":-27.1853441148,"GROSS_PROFIT":2178359637.37,"GROSS_PROFIT_YOY":-28.460784945728,"HOLDER_PROFIT":2348924717.3,"HOLDER_PROFIT_YOY":-27.2055884838,"GROSS_PROFIT_RATIO":54.881730206763,"EPS_TTM":5.281334920236,"OPERATE_INCOME_QOQ":-10.65017223836,"NET_PROFIT_RATIO":62.8482567904,"ROE_AVG":2.384180248322,"GROSS_PROFIT_QOQ":-12.123571429323,"ROA":1.322911000377,"HOLDER_PROFIT_QOQ":-9.336363779256,"ROE_YEARLY":4.768360496644,"ROIC_YEARLY":3.116164447173,"TOTAL_ASSETS":184029038210.99,"TOTAL_LIABILITIES":74479363407.47,"TAX_EBT":15.686916638822,"OCF_SALES":-3.228517041041,"TOTAL_PARENT_EQUITY":97131642113.8,"DEBT_ASSET_RATIO":40.471527826,"OPERATE_PROFIT":2330727129.29,"PRETAX_PROFIT":2958694001.48,"NETCASH_OPERATE":-128145945.55,"NETCASH_INVEST":-15988689537.73,"NETCASH_FINANCE":16362679518.15,"END_CASH":13799042247.55,"DIVI_RATIO":0.232134681575,"DIVIDEND_RATE":8.676092544987,"CURRENT_RATIO":2.888400926388,"COMMON_ACS":10000000000,"CURRENTDEBT_DEBT":23.043114678205,"ISSUED_COMMON_SHARES":1451305728,"HK_COMMON_SHARES":1451305728,"PER_SHARES":500,"TOTAL_MARKET_CAP":22582317127.68,"HKSK_MARKET_CAP":22582317127.68,"PE_TTM":9.850382514914,"PB_TTM":0.215350224693,"REPORT_DATE_SQ":"2021-06-30 00:00:00","REPORT_TYPE_SQ":"2021年中报","OPERATE_INCOME_SQ":5303779433.76,"DPS_HKD":1.35,"OPERATE_INCOME_QOQ_SQ":14.112300694187,"NET_PROFIT_RATIO_SQ":70.3452648067,"HOLDER_PROFIT_SQ":3139594271.04,"HOLDER_PROFIT_QOQ_SQ":47.467758902148,"ROE_AVG_SQ":3.388362565664,"PE_TTM_SQ":10.716929702377,"PB_TTM_SQ":0.17623224915,"ROA_SQ":1.905202926696,"START_DATE":"2022-01-01 00:00:00","FISCAL_YEAR":"12-31","CURRENCY":"HKD","IS_CNY_CODE":0,"DPS_HKD_LY":1.35,"ORG_TYPE":"一般企业","PREMIUM_INCOME":null,"PREMIUM_INCOME_YOY":null,"NET_INTEREST_INCOME":null,"NET_INTEREST_INCOME_YOY":null,"FEE_COMMISSION_INCOME":null,"FEE_COMMISSION_INCOME_YOY":null,"ACCOUNTS_RECE_TDAYS":12.60473061511,"INVENTORY_TDAYS":0.060753538174,"CURRENT_ASSETS_TDAYS":0.084398383785,"TOTAL_ASSETS_TDAYS":0.022354415388,"PREMIUM_EXPENSE":null,"LOAN_DEPOSIT":null,"LOAN_EQUITY":null,"LOAN_ASSETS":null,"DEPOSIT_EQUITY":null,"DEPOSIT_ASSETS":null,"EQUITY_MULTIPLIER":1.679868411669,"EQUITY_RATIO":0.766787853954},{"SECUCODE":"00683.HK","SECURITY_CODE":"00683","SECURITY_NAME_ABBR":"嘉里建设","ORG_CODE":"10009052","STD_REPORT_DATE":"2021-12-31 00:00:00","REPORT_DATE":"2021-12-31 00:00:00","DATE_TYPE_CODE":"001","REPORT_TYPE":"2021年年报","PER_NETCASH_OPERATE":3.079796892965,"PER_OI":8.615610743862,"BPS":65.816114902015,"BASIC_EPS":5.813136,"DILUTED_EPS":5.813136,"OPERATE_INCOME":12531162246.4,"OPERATE_INCOME_YOY":5.5118847438,"GROSS_PROFIT":7148282523.2,"GROSS_PROFIT_YOY":1.268829983427,"HOLDER_PROFIT":8468709793.6,"HOLDER_PROFIT_YOY":91.7013112408,"GROSS_PROFIT_RATIO":57.044050524951,"EPS_TTM":5.822533109836,"OPERATE_INCOME_QOQ":-10.177852444493,"NET_PROFIT_RATIO":73.6617723089,"ROE_AVG":9.138019913346,"GROSS_PROFIT_QOQ":-9.694497077828,"ROA":5.233635204827,"HOLDER_PROFIT_QOQ":26.282310225168,"ROE_YEARLY":9.138019913346,"ROIC_YEARLY":6.22825560242,"TOTAL_ASSETS":163565422585.6,"TOTAL_LIABILITIES":55386210768,"TAX_EBT":20.639048081846,"OCF_SALES":35.746704261904,"TOTAL_PARENT_EQUITY":95519304552,"DEBT_ASSET_RATIO":33.8618088667,"OPERATE_PROFIT":9319740640,"PRETAX_PROFIT":11631256907.2,"NETCASH_OPERATE":4479477508.8,"NETCASH_INVEST":6783923988.8,"NETCASH_FINANCE":-11100453000,"END_CASH":13471345832,"DIVI_RATIO":0.210558012616,"DIVIDEND_RATE":8.676092544987,"CURRENT_RATIO":2.31787751277,"COMMON_ACS":10000000000,"CURRENTDEBT_DEBT":33.129552630456,"ISSUED_COMMON_SHARES":1451305728,"HK_COMMON_SHARES":1451305728,"PER_SHARES":500,"TOTAL_MARKET_CAP":22582317127.68,"HKSK_MARKET_CAP":22582317127.68,"PE_TTM":9.850382514914,"PB_TTM":0.215350224693,"REPORT_DATE_SQ":"2020-12-31 00:00:00","REPORT_TYPE_SQ":"2020年年报","OPERATE_INCOME_SQ":12225748487.28,"DPS_HKD":1.35,"OPERATE_INCOME_QOQ_SQ":24.101375032472,"NET_PROFIT_RATIO_SQ":40.8117470193,"HOLDER_PROFIT_SQ":4547551772.92,"HOLDER_PROFIT_QOQ_SQ":13.758330217746,"ROE_AVG_SQ":5.107551198595,"PE_TTM_SQ":10.716929702377,"PB_TTM_SQ":0.17623224915,"ROA_SQ":2.892095292464,"START_DATE":"2021-01-01 00:00:00","FISCAL_YEAR":"12-31","CURRENCY":"HKD","IS_CNY_CODE":0,"DPS_HKD_LY":3.25,"ORG_TYPE":"一般企业","PREMIUM_INCOME":null,"PREMIUM_INCOME_YOY":null,"NET_INTEREST_INCOME":null,"NET_INTEREST_INCOME_YOY":null,"FEE_COMMISSION_INCOME":null,"FEE_COMMISSION_INCOME_YOY":null,"ACCOUNTS_RECE_TDAYS":14.581891802923,"INVENTORY_TDAYS":0.223495525367,"CURRENT_ASSETS_TDAYS":0.310119153389,"TOTAL_ASSETS_TDAYS":0.07744217654,"PREMIUM_EXPENSE":null,"LOAN_DEPOSIT":null,"LOAN_EQUITY":null,"LOAN_ASSETS":null,"DEPOSIT_EQUITY":null,"DEPOSIT_ASSETS":null,"EQUITY_MULTIPLIER":1.511985711833,"EQUITY_RATIO":0.579843111586},{"SECUCODE":"00683.HK","SECURITY_CODE":"00683","SECURITY_NAME_ABBR":"嘉里建设","ORG_CODE":"10009052","STD_REPORT_DATE":"2021-06-30 00:00:00","REPORT_DATE":"2021-06-30 00:00:00","DATE_TYPE_CODE":"002","REPORT_TYPE":"2021年中报","PER_NETCASH_OPERATE":1.634345421314,"PER_OI":3.641452085175,"BPS":64.695928327515,"BASIC_EPS":2.1550872,"DILUTED_EPS":2.1550872,"OPERATE_INCOME":5303779433.76,"OPERATE_INCOME_YOY":62.7069279049,"GROSS_PROFIT":3044986775.04,"GROSS_PROFIT_YOY":39.165069469951,"HOLDER_PROFIT":3139594271.04,"HOLDER_PROFIT_YOY":251.3429608737,"GROSS_PROFIT_RATIO":57.411640379648,"EPS_TTM":4.60430280148,"OPERATE_INCOME_QOQ":14.112300694187,"NET_PROFIT_RATIO":70.3452648067,"ROE_AVG":3.388362565664,"GROSS_PROFIT_QOQ":12.140264664384,"ROA":1.905202926696,"HOLDER_PROFIT_QOQ":47.467758902148,"ROE_YEARLY":6.776725131328,"ROIC_YEARLY":4.515655294851,"TOTAL_ASSETS":166685480757.12,"TOTAL_LIABILITIES":59799180728.4,"TAX_EBT":21.653476098411,"OCF_SALES":44.881695078946,"TOTAL_PARENT_EQUITY":93893571360,"DEBT_ASSET_RATIO":35.8754586523,"OPERATE_PROFIT":7132526521.92,"PRETAX_PROFIT":4762122812.4,"NETCASH_OPERATE":2380426113.12,"NETCASH_INVEST":-770768185.2,"NETCASH_FINANCE":-2859707521.44,"END_CASH":12055521185.28,"DIVI_RATIO":0.26626854333,"DIVIDEND_RATE":8.676092544987,"CURRENT_RATIO":2.143673170882,"COMMON_ACS":10000000000,"CURRENTDEBT_DEBT":33.219655919075,"ISSUED_COMMON_SHARES":1451305728,"HK_COMMON_SHARES":1451305728,"PER_SHARES":500,"TOTAL_MARKET_CAP":22582317127.68,"HKSK_MARKET_CAP":22582317127.68,"PE_TTM":9.850382514914,"PB_TTM":0.215350224693,"REPORT_DATE_SQ":"2020-06-30 00:00:00","REPORT_TYPE_SQ":"2020年中报","OPERATE_INCOME_SQ":3578445045.12,"DPS_HKD":1.35,"OPERATE_INCOME_QOQ_SQ":-38.988449648312,"NET_PROFIT_RATIO_SQ":29.6933694239,"HOLDER_PROFIT_SQ":980973359.52,"HOLDER_PROFIT_QOQ_SQ":-35.299964240867,"ROE_AVG_SQ":1.065721646684,"PE_TTM_SQ":10.716929702377,"PB_TTM_SQ":0.17623224915,"ROA_SQ":0.603665250131,"START_DATE":"2021-01-01 00:00:00","FISCAL_YEAR":"12-31","CURRENCY":"HKD","IS_CNY_CODE":0,"DPS_HKD_LY":3.25,"ORG_TYPE":"一般企业","PREMIUM_INCOME":null,"PREMIUM_INCOME_YOY":null,"NET_INTEREST_INCOME":null,"NET_INTEREST_INCOME_YOY":null,"FEE_COMMISSION_INCOME":null,"FEE_COMMISSION_INCOME_YOY":null,"ACCOUNTS_RECE_TDAYS":3.036736471203,"INVENTORY_TDAYS":0.091127987783,"CURRENT_ASSETS_TDAYS":0.130080350119,"TOTAL_ASSETS_TDAYS":0.032184974323,"PREMIUM_EXPENSE":null,"LOAN_DEPOSIT":null,"LOAN_EQUITY":null,"LOAN_ASSETS":null,"DEPOSIT_EQUITY":null,"DEPOSIT_ASSETS":null,"EQUITY_MULTIPLIER":1.559465345066,"EQUITY_RATIO":0.636882588043},{"SECUCODE":"00683.HK","SECURITY_CODE":"00683","SECURITY_NAME_ABBR":"嘉里建设","ORG_CODE":"10009052","STD_REPORT_DATE":"2020-12-31 00:00:00","REPORT_DATE":"2020-12-31 00:00:00","DATE_TYPE_CODE":"001","REPORT_TYPE":"2020年年报","PER_NETCASH_OPERATE":3.440774549543,"PER_OI":8.393915674254,"BPS":63.717189463666,"BASIC_EPS":3.1224844,"DILUTED_EPS":3.1224844,"OPERATE_INCOME":12225748487.28,"OPERATE_INCOME_YOY":-19.4132486884,"GROSS_PROFIT":7058719375.32,"GROSS_PROFIT_YOY":-12.288672983547,"HOLDER_PROFIT":4547551772.92,"HOLDER_PROFIT_YOY":-21.6637597953,"GROSS_PROFIT_RATIO":57.736500817632,"EPS_TTM":3.122243692966,"OPERATE_INCOME_QOQ":24.101375032472,"NET_PROFIT_RATIO":40.8117470193,"ROE_AVG":5.107551198595,"GROSS_PROFIT_QOQ":24.742110084447,"ROA":2.892095292464,"HOLDER_PROFIT_QOQ":13.758330217746,"ROE_YEARLY":5.107551198595,"ROIC_YEARLY":3.408772465265,"TOTAL_ASSETS":164767160872.24,"TOTAL_LIABILITIES":59851398874.64,"TAX_EBT":35.345866844477,"OCF_SALES":40.99129277765,"TOTAL_PARENT_EQUITY":92473122040.68,"DEBT_ASSET_RATIO":36.3248347291,"OPERATE_PROFIT":7290331128.56,"PRETAX_PROFIT":7717281634.32,"NETCASH_OPERATE":5011492356.68,"NETCASH_INVEST":-3517465210.36,"NETCASH_FINANCE":1527639723,"END_CASH":13360991234.72,"DIVI_RATIO":0.39266025351,"DIVIDEND_RATE":8.676092544987,"CURRENT_RATIO":2.271173206577,"COMMON_ACS":10000000000,"CURRENTDEBT_DEBT":28.991957090835,"ISSUED_COMMON_SHARES":1451305728,"HK_COMMON_SHARES":1451305728,"PER_SHARES":500,"TOTAL_MARKET_CAP":22582317127.68,"HKSK_MARKET_CAP":22582317127.68,"PE_TTM":9.850382514914,"PB_TTM":0.215350224693,"REPORT_DATE_SQ":"2019-12-31 00:00:00","REPORT_TYPE_SQ":"2019年年报","OPERATE_INCOME_SQ":16146812519.16,"DPS_HKD":1.35,"OPERATE_INCOME_QOQ_SQ":-18.245697294997,"NET_PROFIT_RATIO_SQ":42.6791006613,"HOLDER_PROFIT_SQ":6178597761,"HOLDER_PROFIT_QOQ_SQ":-2.987220657246,"ROE_AVG_SQ":6.923570068146,"PE_TTM_SQ":10.716929702377,"PB_TTM_SQ":0.17623224915,"ROA_SQ":3.963267874029,"START_DATE":"2020-01-01 00:00:00","FISCAL_YEAR":"12-31","CURRENCY":"HKD","IS_CNY_CODE":0,"DPS_HKD_LY":1.35,"ORG_TYPE":"一般企业","PREMIUM_INCOME":null,"PREMIUM_INCOME_YOY":null,"NET_INTEREST_INCOME":null,"NET_INTEREST_INCOME_YOY":null,"FEE_COMMISSION_INCOME":null,"FEE_COMMISSION_INCOME_YOY":null,"ACCOUNTS_RECE_TDAYS":8.930936970198,"INVENTORY_TDAYS":0.279216423417,"CURRENT_ASSETS_TDAYS":0.37550975945,"TOTAL_ASSETS_TDAYS":0.077751791321,"PREMIUM_EXPENSE":null,"LOAN_DEPOSIT":null,"LOAN_EQUITY":null,"LOAN_ASSETS":null,"DEPOSIT_EQUITY":null,"DEPOSIT_ASSETS":null,"EQUITY_MULTIPLIER":1.570470992491,"EQUITY_RATIO":0.64723021732},{"SECUCODE":"00683.HK","SECURITY_CODE":"00683","SECURITY_NAME_ABBR":"嘉里建设","ORG_CODE":"10009052","STD_REPORT_DATE":"2020-06-30 00:00:00","REPORT_DATE":"2020-06-30 00:00:00","DATE_TYPE_CODE":"002","REPORT_TYPE":"2020年中报","PER_NETCASH_OPERATE":-0.388180628928,"PER_OI":2.456877465207,"BPS":62.836269564396,"BASIC_EPS":0.6759456,"DILUTED_EPS":0.6759456,"OPERATE_INCOME":3578445045.12,"OPERATE_INCOME_YOY":-65.0985700523,"GROSS_PROFIT":2188039560.96,"GROSS_PROFIT_YOY":-52.195534047177,"HOLDER_PROFIT":980973359.52,"HOLDER_PROFIT_YOY":-70.1236219217,"GROSS_PROFIT_RATIO":61.144981503737,"EPS_TTM":2.74462862367,"OPERATE_INCOME_QOQ":-38.988449648312,"NET_PROFIT_RATIO":29.6933694239,"ROE_AVG":1.065721646684,"GROSS_PROFIT_QOQ":-29.685871950479,"ROA":0.603665250131,"HOLDER_PROFIT_QOQ":-35.299964240867,"ROE_YEARLY":2.131443293368,"ROIC_YEARLY":1.401427310312,"TOTAL_ASSETS":162519368114.4,"TOTAL_LIABILITIES":59117833146.24,"TAX_EBT":36.863335748615,"OCF_SALES":-15.799755357178,"TOTAL_PARENT_EQUITY":91194637944.96,"DEBT_ASSET_RATIO":36.3758694315,"OPERATE_PROFIT":1563948122.88,"PRETAX_PROFIT":1682953826.4,"NETCASH_OPERATE":-565385562.72,"NETCASH_INVEST":-1898414226.72,"NETCASH_FINANCE":1460535753.6,"END_CASH":9518489645.28,"DIVI_RATIO":0.446683747822,"DIVIDEND_RATE":8.676092544987,"CURRENT_RATIO":1.734904435631,"COMMON_ACS":10000000000,"CURRENTDEBT_DEBT":26.23257115158,"ISSUED_COMMON_SHARES":1451305728,"HK_COMMON_SHARES":1451305728,"PER_SHARES":500,"TOTAL_MARKET_CAP":22582317127.68,"HKSK_MARKET_CAP":22582317127.68,"PE_TTM":9.850382514914,"PB_TTM":0.215350224693,"REPORT_DATE_SQ":"2019-06-30 00:00:00","REPORT_TYPE_SQ":"2019年中报","OPERATE_INCOME_SQ":9873836913.96,"DPS_HKD":1.35,"OPERATE_INCOME_QOQ_SQ":5.168479348523,"NET_PROFIT_RATIO_SQ":36.2318285381,"HOLDER_PROFIT_SQ":3162016159.74,"HOLDER_PROFIT_QOQ_SQ":-3.07466982639,"ROE_AVG_SQ":3.643391408149,"PE_TTM_SQ":10.716929702377,"PB_TTM_SQ":0.17623224915,"ROA_SQ":2.08477996584,"START_DATE":"2020-01-01 00:00:00","FISCAL_YEAR":"12-31","CURRENCY":"HKD","IS_CNY_CODE":0,"DPS_HKD_LY":1.35,"ORG_TYPE":"一般企业","PREMIUM_INCOME":null,"PREMIUM_INCOME_YOY":null,"NET_INTEREST_INCOME":null,"NET_INTEREST_INCOME_YOY":null,"FEE_COMMISSION_INCOME":null,"FEE_COMMISSION_INCOME_YOY":null,"ACCOUNTS_RECE_TDAYS":2.400694431039,"INVENTORY_TDAYS":0.094054656057,"CURRENT_ASSETS_TDAYS":0.130590775094,"TOTAL_ASSETS_TDAYS":0.022020811292,"PREMIUM_EXPENSE":null,"LOAN_DEPOSIT":null,"LOAN_EQUITY":null,"LOAN_ASSETS":null,"DEPOSIT_EQUITY":null,"DEPOSIT_ASSETS":null,"EQUITY_MULTIPLIER":1.57173071139,"EQUITY_RATIO":0.648259968771}],"count":48},"success":true,"message":"ok","code":0}