{"version":"faaf09787661ad30482929e5cd6bc3d2","result":{"pages":6,"data":[{"SECUCODE":"00681.HK","SECURITY_CODE":"00681","SECURITY_NAME_ABBR":"中民控股","ORG_CODE":"10009050","STD_REPORT_DATE":"2024-06-30 00:00:00","REPORT_DATE":"2024-06-30 00:00:00","DATE_TYPE_CODE":"002","REPORT_TYPE":"2024年中报","PER_NETCASH_OPERATE":0.001432303133,"PER_OI":0.152407148942,"BPS":0.283695073816,"BASIC_EPS":0.0049,"DILUTED_EPS":null,"OPERATE_INCOME":1361691000,"OPERATE_INCOME_YOY":5.9040518659,"GROSS_PROFIT":167604000,"GROSS_PROFIT_YOY":2.336713946403,"HOLDER_PROFIT":43394000,"HOLDER_PROFIT_YOY":-35.6887736199,"GROSS_PROFIT_RATIO":12.308519333681,"EPS_TTM":-0.028633750913,"OPERATE_INCOME_QOQ":3.020185628049,"NET_PROFIT_RATIO":4.8915649733,"ROE_AVG":1.723748917543,"GROSS_PROFIT_QOQ":1.224283488648,"ROA":1.293312975243,"HOLDER_PROFIT_QOQ":-10.390983348364,"ROE_YEARLY":3.447497835085,"ROIC_YEARLY":3.440061327175,"TOTAL_ASSETS":3357313000,"TOTAL_LIABILITIES":590854000,"TAX_EBT":12.579895790952,"OCF_SALES":0.939787367325,"TOTAL_PARENT_EQUITY":2534691000,"DEBT_ASSET_RATIO":17.5990144499,"OPERATE_PROFIT":52747000,"PRETAX_PROFIT":76193000,"NETCASH_OPERATE":12797000,"NETCASH_INVEST":137090000,"NETCASH_FINANCE":-24454000,"END_CASH":518466000,"DIVI_RATIO":null,"DIVIDEND_RATE":null,"CURRENT_RATIO":1.674589781913,"COMMON_ACS":38000000000,"CURRENTDEBT_DEBT":94.779251727161,"ISSUED_COMMON_SHARES":8934561203,"HK_COMMON_SHARES":8934561203,"PER_SHARES":2000,"TOTAL_MARKET_CAP":187625785.263,"HKSK_MARKET_CAP":187625785.263,"PE_TTM":-0.666827741792,"PB_TTM":0.06755943888,"REPORT_DATE_SQ":"2023-06-30 00:00:00","REPORT_TYPE_SQ":"2023年中报","OPERATE_INCOME_SQ":1285778000,"DPS_HKD":null,"OPERATE_INCOME_QOQ_SQ":-6.675321695423,"NET_PROFIT_RATIO_SQ":6.1935264097,"HOLDER_PROFIT_SQ":67475000,"HOLDER_PROFIT_QOQ_SQ":192.778960170265,"ROE_AVG_SQ":2.426460884084,"PE_TTM_SQ":2.122314648412,"PB_TTM_SQ":0.073220880735,"ROA_SQ":1.854220229976,"START_DATE":"2024-01-01 00:00:00","FISCAL_YEAR":"12-31","CURRENCY":"HKD","IS_CNY_CODE":0,"DPS_HKD_LY":null,"ORG_TYPE":"一般企业","PREMIUM_INCOME":null,"PREMIUM_INCOME_YOY":null,"NET_INTEREST_INCOME":null,"NET_INTEREST_INCOME_YOY":null,"FEE_COMMISSION_INCOME":null,"FEE_COMMISSION_INCOME_YOY":null,"ACCOUNTS_RECE_TDAYS":6.254666801404,"INVENTORY_TDAYS":27.175089040862,"CURRENT_ASSETS_TDAYS":1.483663737709,"TOTAL_ASSETS_TDAYS":0.405837820568,"PREMIUM_EXPENSE":null,"LOAN_DEPOSIT":null,"LOAN_EQUITY":null,"LOAN_ASSETS":null,"DEPOSIT_EQUITY":null,"DEPOSIT_ASSETS":null,"EQUITY_MULTIPLIER":1.213577717941,"EQUITY_RATIO":0.233106915202},{"SECUCODE":"00681.HK","SECURITY_CODE":"00681","SECURITY_NAME_ABBR":"中民控股","ORG_CODE":"10009050","STD_REPORT_DATE":"2023-12-31 00:00:00","REPORT_DATE":"2023-12-31 00:00:00","DATE_TYPE_CODE":"001","REPORT_TYPE":"2023年年报","PER_NETCASH_OPERATE":0.021816404362,"PER_OI":0.281325623373,"BPS":0.279828963415,"BASIC_EPS":-0.0259,"DILUTED_EPS":null,"OPERATE_INCOME":2513521000,"OPERATE_INCOME_YOY":-12.3505377311,"GROSS_PROFIT":312591000,"GROSS_PROFIT_YOY":7.787769908209,"HOLDER_PROFIT":-231749000,"HOLDER_PROFIT_YOY":-749.9761604263,"GROSS_PROFIT_RATIO":12.436379087344,"EPS_TTM":-0.025938487043,"OPERATE_INCOME_QOQ":-6.081152529884,"NET_PROFIT_RATIO":-9.0414601668,"ROE_AVG":-8.82987883868,"GROSS_PROFIT_QOQ":4.222013283188,"ROA":-6.662794035688,"HOLDER_PROFIT_QOQ":-340.665662806999,"ROE_YEARLY":-8.82987883868,"ROIC_YEARLY":-8.671822759526,"TOTAL_ASSETS":3353205000,"TOTAL_LIABILITIES":634554000,"TAX_EBT":-12.330954169797,"OCF_SALES":7.754858622625,"TOTAL_PARENT_EQUITY":2500149000,"DEBT_ASSET_RATIO":18.9238057321,"OPERATE_PROFIT":23486000,"PRETAX_PROFIT":-202312000,"NETCASH_OPERATE":194920000,"NETCASH_INVEST":-325369000,"NETCASH_FINANCE":-31633000,"END_CASH":393033000,"DIVI_RATIO":null,"DIVIDEND_RATE":null,"CURRENT_RATIO":1.495139697274,"COMMON_ACS":38000000000,"CURRENTDEBT_DEBT":94.629771461531,"ISSUED_COMMON_SHARES":8934561203,"HK_COMMON_SHARES":8934561203,"PER_SHARES":2000,"TOTAL_MARKET_CAP":232298591.278,"HKSK_MARKET_CAP":232298591.278,"PE_TTM":-0.825596251742,"PB_TTM":0.083645019566,"REPORT_DATE_SQ":"2022-12-31 00:00:00","REPORT_TYPE_SQ":"2022年年报","OPERATE_INCOME_SQ":2867697000,"DPS_HKD":null,"OPERATE_INCOME_QOQ_SQ":-2.829656757271,"NET_PROFIT_RATIO_SQ":2.0465551277,"HOLDER_PROFIT_SQ":35655000,"HOLDER_PROFIT_QOQ_SQ":-50.279667422525,"ROE_AVG_SQ":1.207334234276,"PE_TTM_SQ":2.207207234348,"PB_TTM_SQ":0.076149715964,"ROA_SQ":0.915787378061,"START_DATE":"2023-01-01 00:00:00","FISCAL_YEAR":"12-31","CURRENCY":"HKD","IS_CNY_CODE":0,"DPS_HKD_LY":null,"ORG_TYPE":"一般企业","PREMIUM_INCOME":null,"PREMIUM_INCOME_YOY":null,"NET_INTEREST_INCOME":null,"NET_INTEREST_INCOME_YOY":null,"FEE_COMMISSION_INCOME":null,"FEE_COMMISSION_INCOME_YOY":null,"ACCOUNTS_RECE_TDAYS":11.202297042235,"INVENTORY_TDAYS":45.872777673566,"CURRENT_ASSETS_TDAYS":2.820537968096,"TOTAL_ASSETS_TDAYS":0.722638403073,"PREMIUM_EXPENSE":null,"LOAN_DEPOSIT":null,"LOAN_EQUITY":null,"LOAN_ASSETS":null,"DEPOSIT_EQUITY":null,"DEPOSIT_ASSETS":null,"EQUITY_MULTIPLIER":1.233407671672,"EQUITY_RATIO":0.253806473134},{"SECUCODE":"00681.HK","SECURITY_CODE":"00681","SECURITY_NAME_ABBR":"中民控股","ORG_CODE":"10009050","STD_REPORT_DATE":"2023-06-30 00:00:00","REPORT_DATE":"2023-06-30 00:00:00","DATE_TYPE_CODE":"002","REPORT_TYPE":"2023年中报","PER_NETCASH_OPERATE":0.003924087507,"PER_OI":0.143910592897,"BPS":0.314794082899,"BASIC_EPS":0.0076,"DILUTED_EPS":null,"OPERATE_INCOME":1285778000,"OPERATE_INCOME_YOY":-12.9587884154,"GROSS_PROFIT":163777000,"GROSS_PROFIT_YOY":6.448929186572,"HOLDER_PROFIT":67475000,"HOLDER_PROFIT_YOY":1557.8624078624,"GROSS_PROFIT_RATIO":12.737579893263,"EPS_TTM":0.010777809655,"OPERATE_INCOME_QOQ":-6.675321695423,"NET_PROFIT_RATIO":6.1935264097,"ROE_AVG":2.426460884084,"GROSS_PROFIT_QOQ":3.421308524651,"ROA":1.854220229976,"HOLDER_PROFIT_QOQ":192.778960170265,"ROE_YEARLY":4.852921768168,"ROIC_YEARLY":4.730888018706,"TOTAL_ASSETS":3674686000,"TOTAL_LIABILITIES":624261000,"TAX_EBT":11.364015804998,"OCF_SALES":2.726753763091,"TOTAL_PARENT_EQUITY":2812547000,"DEBT_ASSET_RATIO":16.9881453817,"OPERATE_PROFIT":53852000,"PRETAX_PROFIT":89845000,"NETCASH_OPERATE":35060000,"NETCASH_INVEST":-27481000,"NETCASH_FINANCE":-16274000,"END_CASH":546420000,"DIVI_RATIO":null,"DIVIDEND_RATE":null,"CURRENT_RATIO":1.555204667499,"COMMON_ACS":38000000000,"CURRENTDEBT_DEBT":93.131238376256,"ISSUED_COMMON_SHARES":8934561203,"HK_COMMON_SHARES":8934561203,"PER_SHARES":2000,"TOTAL_MARKET_CAP":232298591.278,"HKSK_MARKET_CAP":232298591.278,"PE_TTM":-0.825596251742,"PB_TTM":0.083645019566,"REPORT_DATE_SQ":"2022-06-30 00:00:00","REPORT_TYPE_SQ":"2022年中报","OPERATE_INCOME_SQ":1477206000,"DPS_HKD":null,"OPERATE_INCOME_QOQ_SQ":8.039424498673,"NET_PROFIT_RATIO_SQ":1.129429477,"HOLDER_PROFIT_SQ":4070000,"HOLDER_PROFIT_QOQ_SQ":-60.573604877787,"ROE_AVG_SQ":0.150725919359,"PE_TTM_SQ":2.207207234348,"PB_TTM_SQ":0.076149715964,"ROA_SQ":0.113881735916,"START_DATE":"2023-01-01 00:00:00","FISCAL_YEAR":"12-31","CURRENCY":"HKD","IS_CNY_CODE":0,"DPS_HKD_LY":null,"ORG_TYPE":"一般企业","PREMIUM_INCOME":null,"PREMIUM_INCOME_YOY":null,"NET_INTEREST_INCOME":null,"NET_INTEREST_INCOME_YOY":null,"FEE_COMMISSION_INCOME":null,"FEE_COMMISSION_INCOME_YOY":null,"ACCOUNTS_RECE_TDAYS":null,"INVENTORY_TDAYS":20.304586624682,"CURRENT_ASSETS_TDAYS":1.43769169271,"TOTAL_ASSETS_TDAYS":0.353333172117,"PREMIUM_EXPENSE":null,"LOAN_DEPOSIT":null,"LOAN_EQUITY":null,"LOAN_ASSETS":null,"DEPOSIT_EQUITY":null,"DEPOSIT_ASSETS":null,"EQUITY_MULTIPLIER":1.204647221289,"EQUITY_RATIO":0.221955757539},{"SECUCODE":"00681.HK","SECURITY_CODE":"00681","SECURITY_NAME_ABBR":"中民控股","ORG_CODE":"10009050","STD_REPORT_DATE":"2022-12-31 00:00:00","REPORT_DATE":"2022-12-31 00:00:00","DATE_TYPE_CODE":"001","REPORT_TYPE":"2022年年报","PER_NETCASH_OPERATE":0.009678035444,"PER_OI":0.320966741941,"BPS":0.307701624908,"BASIC_EPS":0.004,"DILUTED_EPS":null,"OPERATE_INCOME":2867697000,"OPERATE_INCOME_YOY":4.9822796228,"GROSS_PROFIT":290006000,"GROSS_PROFIT_YOY":-24.211555146713,"HOLDER_PROFIT":35655000,"HOLDER_PROFIT_YOY":-80.3970652219,"GROSS_PROFIT_RATIO":10.112853624354,"EPS_TTM":0.003681210443,"OPERATE_INCOME_QOQ":-2.829656757271,"NET_PROFIT_RATIO":2.0465551277,"ROE_AVG":1.207334234276,"GROSS_PROFIT_QOQ":-17.298983654055,"ROA":0.915787378061,"HOLDER_PROFIT_QOQ":-50.279667422525,"ROE_YEARLY":1.207334234276,"ROIC_YEARLY":1.177997415139,"TOTAL_ASSETS":3602834000,"TOTAL_LIABILITIES":620410000,"TAX_EBT":16.779914930045,"OCF_SALES":3.015276718565,"TOTAL_PARENT_EQUITY":2749051000,"DEBT_ASSET_RATIO":17.2232943858,"OPERATE_PROFIT":58857000,"PRETAX_PROFIT":74762000,"NETCASH_OPERATE":86469000,"NETCASH_INVEST":-62744000,"NETCASH_FINANCE":-43774000,"END_CASH":555115000,"DIVI_RATIO":null,"DIVIDEND_RATE":null,"CURRENT_RATIO":1.505840331914,"COMMON_ACS":38000000000,"CURRENTDEBT_DEBT":94.676262471591,"ISSUED_COMMON_SHARES":8934561203,"HK_COMMON_SHARES":8934561203,"PER_SHARES":2000,"TOTAL_MARKET_CAP":232298591.278,"HKSK_MARKET_CAP":232298591.278,"PE_TTM":-0.825596251742,"PB_TTM":0.083645019566,"REPORT_DATE_SQ":"2021-12-31 00:00:00","REPORT_TYPE_SQ":"2021年年报","OPERATE_INCOME_SQ":2731601000,"DPS_HKD":null,"OPERATE_INCOME_QOQ_SQ":24.778214524716,"NET_PROFIT_RATIO_SQ":6.8477424045,"HOLDER_PROFIT_SQ":167781000,"HOLDER_PROFIT_QOQ_SQ":-11.990201375374,"ROE_AVG_SQ":6.34059422404,"PE_TTM_SQ":2.207207234348,"PB_TTM_SQ":0.076149715964,"ROA_SQ":4.715476721794,"START_DATE":"2022-01-01 00:00:00","FISCAL_YEAR":"12-31","CURRENCY":"HKD","IS_CNY_CODE":0,"DPS_HKD_LY":null,"ORG_TYPE":"一般企业","PREMIUM_INCOME":null,"PREMIUM_INCOME_YOY":null,"NET_INTEREST_INCOME":null,"NET_INTEREST_INCOME_YOY":null,"FEE_COMMISSION_INCOME":null,"FEE_COMMISSION_INCOME_YOY":null,"ACCOUNTS_RECE_TDAYS":12.528192503697,"INVENTORY_TDAYS":51.596128825637,"CURRENT_ASSETS_TDAYS":3.269517421597,"TOTAL_ASSETS_TDAYS":0.798479998998,"PREMIUM_EXPENSE":null,"LOAN_DEPOSIT":null,"LOAN_EQUITY":null,"LOAN_ASSETS":null,"DEPOSIT_EQUITY":null,"DEPOSIT_ASSETS":null,"EQUITY_MULTIPLIER":1.208069338566,"EQUITY_RATIO":0.225681517004},{"SECUCODE":"00681.HK","SECURITY_CODE":"00681","SECURITY_NAME_ABBR":"中民控股","ORG_CODE":"10009050","STD_REPORT_DATE":"2022-06-30 00:00:00","REPORT_DATE":"2022-06-30 00:00:00","DATE_TYPE_CODE":"002","REPORT_TYPE":"2022年中报","PER_NETCASH_OPERATE":-0.000267948246,"PER_OI":0.165336155457,"BPS":0.302347584691,"BASIC_EPS":0.0005,"DILUTED_EPS":null,"OPERATE_INCOME":1477206000,"OPERATE_INCOME_YOY":17.4622157584,"GROSS_PROFIT":153855000,"GROSS_PROFIT_YOY":-17.210596268813,"HOLDER_PROFIT":4070000,"HOLDER_PROFIT_YOY":-96.1495160878,"GROSS_PROFIT_RATIO":10.415270449755,"EPS_TTM":0.007403833103,"OPERATE_INCOME_QOQ":8.039424498673,"NET_PROFIT_RATIO":1.129429477,"ROE_AVG":0.150725919359,"GROSS_PROFIT_QOQ":-8.358508514264,"ROA":0.113881735916,"HOLDER_PROFIT_QOQ":-60.573604877787,"ROE_YEARLY":0.301451838717,"ROIC_YEARLY":0.290752031558,"TOTAL_ASSETS":3568182000,"TOTAL_LIABILITIES":657596000,"TAX_EBT":42.177860955154,"OCF_SALES":-0.162062704863,"TOTAL_PARENT_EQUITY":2701343000,"DEBT_ASSET_RATIO":18.4294410991,"OPERATE_PROFIT":43224000,"PRETAX_PROFIT":28854000,"NETCASH_OPERATE":-2394000,"NETCASH_INVEST":-20432000,"NETCASH_FINANCE":-23291000,"END_CASH":529047000,"DIVI_RATIO":null,"DIVIDEND_RATE":null,"CURRENT_RATIO":1.423769845199,"COMMON_ACS":38000000000,"CURRENTDEBT_DEBT":95.228985577771,"ISSUED_COMMON_SHARES":8934561203,"HK_COMMON_SHARES":8934561203,"PER_SHARES":2000,"TOTAL_MARKET_CAP":232298591.278,"HKSK_MARKET_CAP":232298591.278,"PE_TTM":-0.825596251742,"PB_TTM":0.083645019566,"REPORT_DATE_SQ":"2021-06-30 00:00:00","REPORT_TYPE_SQ":"2021年中报","OPERATE_INCOME_SQ":1257601000,"DPS_HKD":null,"OPERATE_INCOME_QOQ_SQ":0,"NET_PROFIT_RATIO_SQ":9.481306074,"HOLDER_PROFIT_SQ":105701000,"HOLDER_PROFIT_QOQ_SQ":0,"ROE_AVG_SQ":4.003693059416,"PE_TTM_SQ":2.207207234348,"PB_TTM_SQ":0.076149715964,"ROA_SQ":2.940371390151,"START_DATE":"2022-01-01 00:00:00","FISCAL_YEAR":"12-31","CURRENCY":"HKD","IS_CNY_CODE":0,"DPS_HKD_LY":null,"ORG_TYPE":"一般企业","PREMIUM_INCOME":null,"PREMIUM_INCOME_YOY":null,"NET_INTEREST_INCOME":null,"NET_INTEREST_INCOME_YOY":null,"FEE_COMMISSION_INCOME":null,"FEE_COMMISSION_INCOME_YOY":null,"ACCOUNTS_RECE_TDAYS":null,"INVENTORY_TDAYS":23.328415040457,"CURRENT_ASSETS_TDAYS":1.677407999564,"TOTAL_ASSETS_TDAYS":0.413333620603,"PREMIUM_EXPENSE":null,"LOAN_DEPOSIT":null,"LOAN_EQUITY":null,"LOAN_ASSETS":null,"DEPOSIT_EQUITY":null,"DEPOSIT_ASSETS":null,"EQUITY_MULTIPLIER":1.22593250981,"EQUITY_RATIO":0.243432988702},{"SECUCODE":"00681.HK","SECURITY_CODE":"00681","SECURITY_NAME_ABBR":"中民控股","ORG_CODE":"10009050","STD_REPORT_DATE":"2021-12-31 00:00:00","REPORT_DATE":"2021-12-31 00:00:00","DATE_TYPE_CODE":"001","REPORT_TYPE":"2021年年报","PER_NETCASH_OPERATE":0.018333077168,"PER_OI":0.305734208758,"BPS":0.302430185278,"BASIC_EPS":0.0188,"DILUTED_EPS":null,"OPERATE_INCOME":2731601000,"OPERATE_INCOME_YOY":null,"GROSS_PROFIT":382652000,"GROSS_PROFIT_YOY":null,"HOLDER_PROFIT":167781000,"HOLDER_PROFIT_YOY":null,"GROSS_PROFIT_RATIO":14.008341628225,"EPS_TTM":0.018778874103,"OPERATE_INCOME_QOQ":24.778214524716,"NET_PROFIT_RATIO":6.8477424045,"ROE_AVG":6.34059422404,"GROSS_PROFIT_QOQ":-0.964084301084,"ROA":4.715476721794,"HOLDER_PROFIT_QOQ":-11.990201375374,"ROE_YEARLY":6.34059422404,"ROIC_YEARLY":6.151425803864,"TOTAL_ASSETS":3579019000,"TOTAL_LIABILITIES":645701000,"TAX_EBT":-1.378245081567,"OCF_SALES":5.996410163856,"TOTAL_PARENT_EQUITY":2699188000,"DEBT_ASSET_RATIO":17.9480073662,"OPERATE_PROFIT":122118000,"PRETAX_PROFIT":184510000,"NETCASH_OPERATE":163798000,"NETCASH_INVEST":-153116000,"NETCASH_FINANCE":-50384000,"END_CASH":575164000,"DIVI_RATIO":null,"DIVIDEND_RATE":null,"CURRENT_RATIO":1.483145147675,"COMMON_ACS":38000000000,"CURRENTDEBT_DEBT":90.814324277026,"ISSUED_COMMON_SHARES":8934561203,"HK_COMMON_SHARES":8934561203,"PER_SHARES":2000,"TOTAL_MARKET_CAP":232298591.278,"HKSK_MARKET_CAP":232298591.278,"PE_TTM":-0.825596251742,"PB_TTM":0.083645019566,"REPORT_DATE_SQ":"2020-12-31 00:00:00","REPORT_TYPE_SQ":"2020年年报","OPERATE_INCOME_SQ":null,"DPS_HKD":null,"OPERATE_INCOME_QOQ_SQ":0,"NET_PROFIT_RATIO_SQ":null,"HOLDER_PROFIT_SQ":null,"HOLDER_PROFIT_QOQ_SQ":0,"ROE_AVG_SQ":null,"PE_TTM_SQ":2.207207234348,"PB_TTM_SQ":0.076149715964,"ROA_SQ":null,"START_DATE":"2021-01-01 00:00:00","FISCAL_YEAR":"12-31","CURRENCY":"HKD","IS_CNY_CODE":0,"DPS_HKD_LY":null,"ORG_TYPE":"一般企业","PREMIUM_INCOME":null,"PREMIUM_INCOME_YOY":null,"NET_INTEREST_INCOME":null,"NET_INTEREST_INCOME_YOY":null,"FEE_COMMISSION_INCOME":null,"FEE_COMMISSION_INCOME_YOY":null,"ACCOUNTS_RECE_TDAYS":12.755758324325,"INVENTORY_TDAYS":45.79740690193,"CURRENT_ASSETS_TDAYS":3.077504851552,"TOTAL_ASSETS_TDAYS":0.767715112482,"PREMIUM_EXPENSE":null,"LOAN_DEPOSIT":null,"LOAN_EQUITY":null,"LOAN_ASSETS":null,"DEPOSIT_EQUITY":null,"DEPOSIT_ASSETS":null,"EQUITY_MULTIPLIER":1.218739445443,"EQUITY_RATIO":0.239220461857},{"SECUCODE":"00681.HK","SECURITY_CODE":"00681","SECURITY_NAME_ABBR":"中民控股","ORG_CODE":"10009050","STD_REPORT_DATE":"2021-06-30 00:00:00","REPORT_DATE":"2021-06-30 00:00:00","DATE_TYPE_CODE":"002","REPORT_TYPE":"2021年中报","PER_NETCASH_OPERATE":0.002641427986,"PER_OI":0.140756884577,"BPS":0.301075334186,"BASIC_EPS":0.0118,"DILUTED_EPS":null,"OPERATE_INCOME":1257601000,"OPERATE_INCOME_YOY":25.5772595102,"GROSS_PROFIT":185839000,"GROSS_PROFIT_YOY":0.858036014718,"HOLDER_PROFIT":105701000,"HOLDER_PROFIT_YOY":13.4678761204,"GROSS_PROFIT_RATIO":14.77726242266,"EPS_TTM":0.021337253802,"OPERATE_INCOME_QOQ":0,"NET_PROFIT_RATIO":9.481306074,"ROE_AVG":4.003693059416,"GROSS_PROFIT_QOQ":0,"ROA":2.940371390151,"HOLDER_PROFIT_QOQ":0,"ROE_YEARLY":8.007386118831,"ROIC_YEARLY":7.642008889445,"TOTAL_ASSETS":3653036000,"TOTAL_LIABILITIES":697375000,"TAX_EBT":7.830435891688,"OCF_SALES":1.87658883859,"TOTAL_PARENT_EQUITY":2689976000,"DEBT_ASSET_RATIO":19.0902854502,"OPERATE_PROFIT":59368000,"PRETAX_PROFIT":129367000,"NETCASH_OPERATE":23600000,"NETCASH_INVEST":-79115000,"NETCASH_FINANCE":-18982000,"END_CASH":540369000,"DIVI_RATIO":null,"DIVIDEND_RATE":null,"CURRENT_RATIO":1.477458249445,"COMMON_ACS":38000000000,"CURRENTDEBT_DEBT":88.886467108801,"ISSUED_COMMON_SHARES":8934561203,"HK_COMMON_SHARES":8934561203,"PER_SHARES":2000,"TOTAL_MARKET_CAP":232298591.278,"HKSK_MARKET_CAP":232298591.278,"PE_TTM":-0.825596251742,"PB_TTM":0.083645019566,"REPORT_DATE_SQ":"2020-06-30 00:00:00","REPORT_TYPE_SQ":"2020年中报","OPERATE_INCOME_SQ":1001456000,"DPS_HKD":null,"OPERATE_INCOME_QOQ_SQ":0,"NET_PROFIT_RATIO_SQ":11.6382547012,"HOLDER_PROFIT_SQ":93155000,"HOLDER_PROFIT_QOQ_SQ":0,"ROE_AVG_SQ":3.785355260803,"PE_TTM_SQ":2.207207234348,"PB_TTM_SQ":0.076149715964,"ROA_SQ":2.857613074803,"START_DATE":"2021-01-01 00:00:00","FISCAL_YEAR":"12-31","CURRENCY":"HKD","IS_CNY_CODE":0,"DPS_HKD_LY":null,"ORG_TYPE":"一般企业","PREMIUM_INCOME":null,"PREMIUM_INCOME_YOY":null,"NET_INTEREST_INCOME":null,"NET_INTEREST_INCOME_YOY":null,"FEE_COMMISSION_INCOME":null,"FEE_COMMISSION_INCOME_YOY":null,"ACCOUNTS_RECE_TDAYS":4.687765820638,"INVENTORY_TDAYS":22.619363689126,"CURRENT_ASSETS_TDAYS":1.380962368366,"TOTAL_ASSETS_TDAYS":0.3498371823,"PREMIUM_EXPENSE":null,"LOAN_DEPOSIT":null,"LOAN_EQUITY":null,"LOAN_ASSETS":null,"DEPOSIT_EQUITY":null,"DEPOSIT_ASSETS":null,"EQUITY_MULTIPLIER":1.235945529612,"EQUITY_RATIO":0.259249524903},{"SECUCODE":"00681.HK","SECURITY_CODE":"00681","SECURITY_NAME_ABBR":"中民控股","ORG_CODE":"10009050","STD_REPORT_DATE":"2020-06-30 00:00:00","REPORT_DATE":"2020-09-30 00:00:00","DATE_TYPE_CODE":"002","REPORT_TYPE":"2020年中报","PER_NETCASH_OPERATE":0.016832387913,"PER_OI":0.112087877317,"BPS":0.276370819327,"BASIC_EPS":0.0104,"DILUTED_EPS":null,"OPERATE_INCOME":1001456000,"OPERATE_INCOME_YOY":-4.1568929199,"GROSS_PROFIT":184258000,"GROSS_PROFIT_YOY":2.039030657452,"HOLDER_PROFIT":93155000,"HOLDER_PROFIT_YOY":9.4074813553,"GROSS_PROFIT_RATIO":18.399011039926,"EPS_TTM":0.020440735236,"OPERATE_INCOME_QOQ":0,"NET_PROFIT_RATIO":11.6382547012,"ROE_AVG":3.785355260803,"GROSS_PROFIT_QOQ":0,"ROA":2.857613074803,"HOLDER_PROFIT_QOQ":0,"ROE_YEARLY":7.570710521605,"ROIC_YEARLY":7.064940304838,"TOTAL_ASSETS":3363663000,"TOTAL_LIABILITIES":680195000,"TAX_EBT":13.896071275543,"OCF_SALES":15.017135051365,"TOTAL_PARENT_EQUITY":2469252000,"DEBT_ASSET_RATIO":20.2218533783,"OPERATE_PROFIT":71131000,"PRETAX_PROFIT":135362000,"NETCASH_OPERATE":150390000,"NETCASH_INVEST":160738000,"NETCASH_FINANCE":-41153000,"END_CASH":546771000,"DIVI_RATIO":null,"DIVIDEND_RATE":null,"CURRENT_RATIO":1.427779979579,"COMMON_ACS":38000000000,"CURRENTDEBT_DEBT":87.544307147215,"ISSUED_COMMON_SHARES":8934561203,"HK_COMMON_SHARES":8934561203,"PER_SHARES":2000,"TOTAL_MARKET_CAP":232298591.278,"HKSK_MARKET_CAP":232298591.278,"PE_TTM":-0.825596251742,"PB_TTM":0.083645019566,"REPORT_DATE_SQ":"2019-06-30 00:00:00","REPORT_TYPE_SQ":"2019年中报","OPERATE_INCOME_SQ":1044891000,"DPS_HKD":null,"OPERATE_INCOME_QOQ_SQ":0,"NET_PROFIT_RATIO_SQ":10.6893446302,"HOLDER_PROFIT_SQ":85145000,"HOLDER_PROFIT_QOQ_SQ":0,"ROE_AVG_SQ":3.747752426939,"PE_TTM_SQ":2.207207234348,"PB_TTM_SQ":0.076149715964,"ROA_SQ":2.788373290629,"START_DATE":"2020-04-01 00:00:00","FISCAL_YEAR":"3-31","CURRENCY":"HKD","IS_CNY_CODE":0,"DPS_HKD_LY":null,"ORG_TYPE":"一般企业","PREMIUM_INCOME":null,"PREMIUM_INCOME_YOY":null,"NET_INTEREST_INCOME":null,"NET_INTEREST_INCOME_YOY":null,"FEE_COMMISSION_INCOME":null,"FEE_COMMISSION_INCOME_YOY":null,"ACCOUNTS_RECE_TDAYS":5.109130516853,"INVENTORY_TDAYS":15.964796092796,"CURRENT_ASSETS_TDAYS":1.263505052665,"TOTAL_ASSETS_TDAYS":0.30720559921,"PREMIUM_EXPENSE":null,"LOAN_DEPOSIT":null,"LOAN_EQUITY":null,"LOAN_ASSETS":null,"DEPOSIT_EQUITY":null,"DEPOSIT_ASSETS":null,"EQUITY_MULTIPLIER":1.253476098839,"EQUITY_RATIO":0.275466011569},{"SECUCODE":"00681.HK","SECURITY_CODE":"00681","SECURITY_NAME_ABBR":"中民控股","ORG_CODE":"10009050","STD_REPORT_DATE":"2019-12-31 00:00:00","REPORT_DATE":"2020-03-31 00:00:00","DATE_TYPE_CODE":"001","REPORT_TYPE":"2019年年报","PER_NETCASH_OPERATE":0.023454201638,"PER_OI":0.249883564427,"BPS":0.265070656095,"BASIC_EPS":0.0204,"DILUTED_EPS":null,"OPERATE_INCOME":2232600000,"OPERATE_INCOME_YOY":14.1711063132,"GROSS_PROFIT":382695000,"GROSS_PROFIT_YOY":10.876594215915,"HOLDER_PROFIT":182629000,"HOLDER_PROFIT_YOY":4.7635164205,"GROSS_PROFIT_RATIO":17.141225477022,"EPS_TTM":0.019701247325,"OPERATE_INCOME_QOQ":0,"NET_PROFIT_RATIO":9.6981546179,"ROE_AVG":7.87079635415,"GROSS_PROFIT_QOQ":0,"ROA":5.93402612214,"HOLDER_PROFIT_QOQ":0,"ROE_YEARLY":7.87079635415,"ROIC_YEARLY":7.287985134233,"TOTAL_ASSETS":3255315000,"TOTAL_LIABILITIES":594923000,"TAX_EBT":10.589474118886,"OCF_SALES":9.386052136522,"TOTAL_PARENT_EQUITY":2452611000,"DEBT_ASSET_RATIO":18.3783919085,"OPERATE_PROFIT":118902000,"PRETAX_PROFIT":242165000,"NETCASH_OPERATE":209553000,"NETCASH_INVEST":-267970000,"NETCASH_FINANCE":-106147000,"END_CASH":276796000,"DIVI_RATIO":null,"DIVIDEND_RATE":null,"CURRENT_RATIO":1.522934145012,"COMMON_ACS":38000000000,"CURRENTDEBT_DEBT":81.123271414956,"ISSUED_COMMON_SHARES":8934561203,"HK_COMMON_SHARES":8934561203,"PER_SHARES":2000,"TOTAL_MARKET_CAP":232298591.278,"HKSK_MARKET_CAP":232298591.278,"PE_TTM":-0.825596251742,"PB_TTM":0.083645019566,"REPORT_DATE_SQ":"2018-12-31 00:00:00","REPORT_TYPE_SQ":"2018年年报","OPERATE_INCOME_SQ":1955486000,"DPS_HKD":null,"OPERATE_INCOME_QOQ_SQ":0,"NET_PROFIT_RATIO_SQ":11.0307105241,"HOLDER_PROFIT_SQ":174325000,"HOLDER_PROFIT_QOQ_SQ":0,"ROE_AVG_SQ":8.261928611155,"PE_TTM_SQ":2.207207234348,"PB_TTM_SQ":0.076149715964,"ROA_SQ":6.187265537419,"START_DATE":"2019-04-01 00:00:00","FISCAL_YEAR":"3-31","CURRENCY":"HKD","IS_CNY_CODE":0,"DPS_HKD_LY":null,"ORG_TYPE":"一般企业","PREMIUM_INCOME":null,"PREMIUM_INCOME_YOY":null,"NET_INTEREST_INCOME":null,"NET_INTEREST_INCOME_YOY":null,"FEE_COMMISSION_INCOME":null,"FEE_COMMISSION_INCOME_YOY":null,"ACCOUNTS_RECE_TDAYS":11.508959317071,"INVENTORY_TDAYS":40.917596576017,"CURRENT_ASSETS_TDAYS":3.045942903919,"TOTAL_ASSETS_TDAYS":0.725421850872,"PREMIUM_EXPENSE":null,"LOAN_DEPOSIT":null,"LOAN_EQUITY":null,"LOAN_ASSETS":null,"DEPOSIT_EQUITY":null,"DEPOSIT_ASSETS":null,"EQUITY_MULTIPLIER":1.225165766005,"EQUITY_RATIO":0.242567206948}],"count":46},"success":true,"message":"ok","code":0}