{"version":"2ba3ec6fefb24c368de2ac083d0950b8","result":{"pages":4,"data":[{"SECUCODE":"00695.HK","SECURITY_CODE":"00695","SECURITY_NAME_ABBR":"东吴水泥","ORG_CODE":"10239982","STD_REPORT_DATE":"2024-06-30 00:00:00","REPORT_DATE":"2024-06-30 00:00:00","DATE_TYPE_CODE":"002","REPORT_TYPE":"2024年中报","PER_NETCASH_OPERATE":-0.095036111812,"PER_OI":0.176274552246,"BPS":0.802009282971,"BASIC_EPS":-0.0593242,"DILUTED_EPS":-0.0593242,"OPERATE_INCOME":97303552.84,"OPERATE_INCOME_YOY":-24.1598850444,"GROSS_PROFIT":-7130768.84,"GROSS_PROFIT_YOY":-407.278123674737,"HOLDER_PROFIT":-32741482.32,"HOLDER_PROFIT_YOY":-105.7821373258,"GROSS_PROFIT_RATIO":-7.328374588465,"EPS_TTM":-0.090159946522,"OPERATE_INCOME_QOQ":-11.60170733579,"NET_PROFIT_RATIO":-37.5010552184,"ROE_AVG":-7.034669385834,"GROSS_PROFIT_QOQ":-232.43744171998,"ROA":-3.160004633335,"HOLDER_PROFIT_QOQ":-50.358801687104,"ROE_YEARLY":-14.069338771668,"ROIC_YEARLY":-11.387785129122,"TOTAL_ASSETS":1019281936.68,"TOTAL_LIABILITIES":489758690.88,"TAX_EBT":4.665780683165,"OCF_SALES":-53.913687824187,"TOTAL_PARENT_EQUITY":442709124.2,"DEBT_ASSET_RATIO":48.0493839099,"OPERATE_PROFIT":-26379190.04,"PRETAX_PROFIT":-25409923.88,"NETCASH_OPERATE":-52459933.72,"NETCASH_INVEST":21571191.8,"NETCASH_FINANCE":34421726.2,"END_CASH":23433971.68,"DIVI_RATIO":-1.376714214999,"DIVIDEND_RATE":5.528455284553,"CURRENT_RATIO":2.167368721665,"COMMON_ACS":10000000000,"CURRENTDEBT_DEBT":62.64367816092,"ISSUED_COMMON_SHARES":552000000,"HK_COMMON_SHARES":552000000,"PER_SHARES":2000,"TOTAL_MARKET_CAP":1357920000,"HKSK_MARKET_CAP":1357920000,"PE_TTM":-24.704726558236,"PB_TTM":2.799459866203,"REPORT_DATE_SQ":"2023-06-30 00:00:00","REPORT_TYPE_SQ":"2023年中报","OPERATE_INCOME_SQ":129608260.48,"DPS_HKD":0.136,"OPERATE_INCOME_QOQ_SQ":-13.310295579894,"NET_PROFIT_RATIO_SQ":-13.1018096972,"HOLDER_PROFIT_SQ":-16072877.34,"HOLDER_PROFIT_QOQ_SQ":-0.315851676783,"ROE_AVG_SQ":-3.085025336919,"PE_TTM_SQ":-35.168195718654,"PB_TTM_SQ":2.541642416697,"ROA_SQ":-1.751585876991,"START_DATE":"2024-01-01 00:00:00","FISCAL_YEAR":"12-31","CURRENCY":"HKD","IS_CNY_CODE":0,"DPS_HKD_LY":0.136,"ORG_TYPE":"一般企业","PREMIUM_INCOME":null,"PREMIUM_INCOME_YOY":null,"NET_INTEREST_INCOME":null,"NET_INTEREST_INCOME_YOY":null,"FEE_COMMISSION_INCOME":null,"FEE_COMMISSION_INCOME_YOY":null,"ACCOUNTS_RECE_TDAYS":1.086524056541,"INVENTORY_TDAYS":0.536605382186,"CURRENT_ASSETS_TDAYS":0.141080617212,"TOTAL_ASSETS_TDAYS":0.093911349159,"PREMIUM_EXPENSE":null,"LOAN_DEPOSIT":null,"LOAN_EQUITY":null,"LOAN_ASSETS":null,"DEPOSIT_EQUITY":null,"DEPOSIT_ASSETS":null,"EQUITY_MULTIPLIER":1.924904987201,"EQUITY_RATIO":1.10627647841},{"SECUCODE":"00695.HK","SECURITY_CODE":"00695","SECURITY_NAME_ABBR":"东吴水泥","ORG_CODE":"10239982","STD_REPORT_DATE":"2023-12-31 00:00:00","REPORT_DATE":"2023-12-31 00:00:00","DATE_TYPE_CODE":"001","REPORT_TYPE":"2023年年报","PER_NETCASH_OPERATE":-0.184355026993,"PER_OI":0.504434557717,"BPS":0.878073003804,"BASIC_EPS":-0.05981052,"DILUTED_EPS":-0.05981052,"OPERATE_INCOME":278447875.86,"OPERATE_INCOME_YOY":-17.4773995671,"GROSS_PROFIT":-4066209.14,"GROSS_PROFIT_YOY":-234.795657955928,"HOLDER_PROFIT":-33099685.5,"HOLDER_PROFIT_YOY":9.7435010379,"GROSS_PROFIT_RATIO":-1.460312501017,"EPS_TTM":-0.05996319837,"OPERATE_INCOME_QOQ":-3.426876818565,"NET_PROFIT_RATIO":-13.4015485106,"ROE_AVG":-6.510300623492,"GROSS_PROFIT_QOQ":-121.896177328215,"ROA":-3.338139095983,"HOLDER_PROFIT_QOQ":8.72332472522,"ROE_YEARLY":-6.510300623492,"ROIC_YEARLY":-6.369815532584,"TOTAL_ASSETS":1045507826.44,"TOTAL_LIABILITIES":468482209.86,"TAX_EBT":0.942987731537,"OCF_SALES":-36.546867016204,"TOTAL_PARENT_EQUITY":484696298.1,"DEBT_ASSET_RATIO":44.809058145,"OPERATE_PROFIT":-39826556.56,"PRETAX_PROFIT":-37671565.4,"NETCASH_OPERATE":-101763974.9,"NETCASH_INVEST":113760515.26,"NETCASH_FINANCE":-709570.26,"END_CASH":19841686.9,"DIVI_RATIO":-2.070010996328,"DIVIDEND_RATE":5.230769230769,"CURRENT_RATIO":2.320722777267,"COMMON_ACS":10000000000,"CURRENTDEBT_DEBT":65.248383346584,"ISSUED_COMMON_SHARES":552000000,"HK_COMMON_SHARES":552000000,"PER_SHARES":2000,"TOTAL_MARKET_CAP":1435200000,"HKSK_MARKET_CAP":1435200000,"PE_TTM":-26.110686606266,"PB_TTM":2.958778720378,"REPORT_DATE_SQ":"2022-12-31 00:00:00","REPORT_TYPE_SQ":"2022年年报","OPERATE_INCOME_SQ":332598365.26,"DPS_HKD":0.136,"OPERATE_INCOME_QOQ_SQ":-22.334262021227,"NET_PROFIT_RATIO_SQ":-11.5682525018,"HOLDER_PROFIT_SQ":-36148850.36,"HOLDER_PROFIT_QOQ_SQ":-939.527923480789,"ROE_AVG_SQ":-6.354255889597,"PE_TTM_SQ":-36.152905198777,"PB_TTM_SQ":2.612808404364,"ROA_SQ":-3.767414213079,"START_DATE":"2023-01-01 00:00:00","FISCAL_YEAR":"12-31","CURRENCY":"HKD","IS_CNY_CODE":0,"DPS_HKD_LY":null,"ORG_TYPE":"一般企业","PREMIUM_INCOME":null,"PREMIUM_INCOME_YOY":null,"NET_INTEREST_INCOME":null,"NET_INTEREST_INCOME_YOY":null,"FEE_COMMISSION_INCOME":null,"FEE_COMMISSION_INCOME_YOY":null,"ACCOUNTS_RECE_TDAYS":5.438668224299,"INVENTORY_TDAYS":2.439282025602,"CURRENT_ASSETS_TDAYS":0.434857309858,"TOTAL_ASSETS_TDAYS":0.280817695564,"PREMIUM_EXPENSE":null,"LOAN_DEPOSIT":null,"LOAN_EQUITY":null,"LOAN_ASSETS":null,"DEPOSIT_EQUITY":null,"DEPOSIT_ASSETS":null,"EQUITY_MULTIPLIER":1.811891528554,"EQUITY_RATIO":0.9665479429},{"SECUCODE":"00695.HK","SECURITY_CODE":"00695","SECURITY_NAME_ABBR":"东吴水泥","ORG_CODE":"10239982","STD_REPORT_DATE":"2023-06-30 00:00:00","REPORT_DATE":"2023-06-30 00:00:00","DATE_TYPE_CODE":"002","REPORT_TYPE":"2023年中报","PER_NETCASH_OPERATE":-0.026919477645,"PER_OI":0.234797573333,"BPS":0.906874226232,"BASIC_EPS":-0.02950336,"DILUTED_EPS":-0.02950336,"OPERATE_INCOME":129608260.48,"OPERATE_INCOME_YOY":-30.8600685615,"GROSS_PROFIT":2320623.66,"GROSS_PROFIT_YOY":117.536362299685,"HOLDER_PROFIT":-16072877.34,"HOLDER_PROFIT_YOY":6.5805691013,"GROSS_PROFIT_RATIO":1.790490553153,"EPS_TTM":-0.065693889692,"OPERATE_INCOME_QOQ":-13.310295579894,"NET_PROFIT_RATIO":-13.1018096972,"ROE_AVG":-3.085025336919,"GROSS_PROFIT_QOQ":515.612743427285,"ROA":-1.751585876991,"HOLDER_PROFIT_QOQ":-0.315851676783,"ROE_YEARLY":-6.170050673837,"ROIC_YEARLY":-6.452257623957,"TOTAL_ASSETS":881316994.08,"TOTAL_LIABILITIES":387723015.34,"TAX_EBT":1.415392392266,"OCF_SALES":-11.464972683815,"TOTAL_PARENT_EQUITY":500594572.88,"DEBT_ASSET_RATIO":43.9935934453,"OPERATE_PROFIT":-18604634.42,"PRETAX_PROFIT":-14591255.48,"NETCASH_OPERATE":-14859551.66,"NETCASH_INVEST":23617439.68,"NETCASH_FINANCE":-10470926.86,"END_CASH":5190747.4,"DIVI_RATIO":-1.889437215271,"DIVIDEND_RATE":5.230769230769,"CURRENT_RATIO":1.503647597136,"COMMON_ACS":10000000000,"CURRENTDEBT_DEBT":91.98564678634,"ISSUED_COMMON_SHARES":552000000,"HK_COMMON_SHARES":552000000,"PER_SHARES":2000,"TOTAL_MARKET_CAP":1435200000,"HKSK_MARKET_CAP":1435200000,"PE_TTM":-26.110686606266,"PB_TTM":2.958778720378,"REPORT_DATE_SQ":"2022-06-30 00:00:00","REPORT_TYPE_SQ":"2022年中报","OPERATE_INCOME_SQ":173878085.99,"DPS_HKD":0.136,"OPERATE_INCOME_QOQ_SQ":-11.142379797507,"NET_PROFIT_RATIO_SQ":-9.8091195695,"HOLDER_PROFIT_SQ":-15958700.59,"HOLDER_PROFIT_QOQ_SQ":-109.138643526481,"ROE_AVG_SQ":-2.824035399944,"PE_TTM_SQ":-36.152905198777,"PB_TTM_SQ":2.612808404364,"ROA_SQ":-1.755234145658,"START_DATE":"2023-01-01 00:00:00","FISCAL_YEAR":"12-31","CURRENCY":"HKD","IS_CNY_CODE":0,"DPS_HKD_LY":null,"ORG_TYPE":"一般企业","PREMIUM_INCOME":null,"PREMIUM_INCOME_YOY":null,"NET_INTEREST_INCOME":null,"NET_INTEREST_INCOME_YOY":null,"FEE_COMMISSION_INCOME":null,"FEE_COMMISSION_INCOME_YOY":null,"ACCOUNTS_RECE_TDAYS":2.993653903488,"INVENTORY_TDAYS":3.024293537788,"CURRENT_ASSETS_TDAYS":0.231969769476,"TOTAL_ASSETS_TDAYS":0.141244155477,"PREMIUM_EXPENSE":null,"LOAN_DEPOSIT":null,"LOAN_EQUITY":null,"LOAN_ASSETS":null,"DEPOSIT_EQUITY":null,"DEPOSIT_ASSETS":null,"EQUITY_MULTIPLIER":1.785510018436,"EQUITY_RATIO":0.774525007551},{"SECUCODE":"00695.HK","SECURITY_CODE":"00695","SECURITY_NAME_ABBR":"东吴水泥","ORG_CODE":"10239982","STD_REPORT_DATE":"2022-12-31 00:00:00","REPORT_DATE":"2022-12-31 00:00:00","DATE_TYPE_CODE":"001","REPORT_TYPE":"2022年年报","PER_NETCASH_OPERATE":0.201430766757,"PER_OI":0.602533270399,"BPS":0.950253182083,"BASIC_EPS":-0.06520871,"DILUTED_EPS":-0.06520871,"OPERATE_INCOME":332598365.26,"OPERATE_INCOME_YOY":-36.8341586636,"GROSS_PROFIT":3016572.79,"GROSS_PROFIT_YOY":-96.682987677871,"HOLDER_PROFIT":-36148850.36,"HOLDER_PROFIT_YOY":-186.9512902602,"GROSS_PROFIT_RATIO":0.906971622558,"EPS_TTM":-0.065487047754,"OPERATE_INCOME_QOQ":-22.334262021227,"NET_PROFIT_RATIO":-11.5682525018,"ROE_AVG":-6.354255889597,"GROSS_PROFIT_QOQ":-89.252063867305,"ROA":-3.767414213079,"HOLDER_PROFIT_QOQ":-939.527923480789,"ROE_YEARLY":-6.354255889597,"ROIC_YEARLY":-6.808238594543,"TOTAL_ASSETS":924215552.61,"TOTAL_LIABILITIES":405871516.82,"TAX_EBT":16.87958317252,"OCF_SALES":33.430646348211,"TOTAL_PARENT_EQUITY":524539756.51,"DEBT_ASSET_RATIO":43.9152441953,"OPERATE_PROFIT":-50336657.77,"PRETAX_PROFIT":-46289251.4,"NETCASH_OPERATE":111189783.25,"NETCASH_INVEST":-222125877.82,"NETCASH_FINANCE":41448621.27,"END_CASH":6844234.74,"DIVI_RATIO":-1.895405034397,"DIVIDEND_RATE":5.230769230769,"CURRENT_RATIO":1.507092393578,"COMMON_ACS":10000000000,"CURRENTDEBT_DEBT":92.054643173125,"ISSUED_COMMON_SHARES":552000000,"HK_COMMON_SHARES":552000000,"PER_SHARES":2000,"TOTAL_MARKET_CAP":1435200000,"HKSK_MARKET_CAP":1435200000,"PE_TTM":-26.110686606266,"PB_TTM":2.958778720378,"REPORT_DATE_SQ":"2021-12-31 00:00:00","REPORT_TYPE_SQ":"2021年年报","OPERATE_INCOME_SQ":481943313.6,"DPS_HKD":0.136,"OPERATE_INCOME_QOQ_SQ":-6.230689207673,"NET_PROFIT_RATIO_SQ":7.4654642122,"HOLDER_PROFIT_SQ":38051921.6,"HOLDER_PROFIT_QOQ_SQ":-41.501780838765,"ROE_AVG_SQ":7.014030019223,"PE_TTM_SQ":-36.152905198777,"PB_TTM_SQ":2.612808404364,"ROA_SQ":4.844541342442,"START_DATE":"2022-01-01 00:00:00","FISCAL_YEAR":"12-31","CURRENCY":"HKD","IS_CNY_CODE":0,"DPS_HKD_LY":null,"ORG_TYPE":"一般企业","PREMIUM_INCOME":null,"PREMIUM_INCOME_YOY":null,"NET_INTEREST_INCOME":null,"NET_INTEREST_INCOME_YOY":null,"FEE_COMMISSION_INCOME":null,"FEE_COMMISSION_INCOME_YOY":null,"ACCOUNTS_RECE_TDAYS":2.996105380047,"INVENTORY_TDAYS":6.594712947737,"CURRENT_ASSETS_TDAYS":0.512458503768,"TOTAL_ASSETS_TDAYS":0.34663227075,"PREMIUM_EXPENSE":null,"LOAN_DEPOSIT":null,"LOAN_EQUITY":null,"LOAN_ASSETS":null,"DEPOSIT_EQUITY":null,"DEPOSIT_ASSETS":null,"EQUITY_MULTIPLIER":1.783015697674,"EQUITY_RATIO":0.773766929547},{"SECUCODE":"00695.HK","SECURITY_CODE":"00695","SECURITY_NAME_ABBR":"东吴水泥","ORG_CODE":"10239982","STD_REPORT_DATE":"2022-06-30 00:00:00","REPORT_DATE":"2022-06-30 00:00:00","DATE_TYPE_CODE":"002","REPORT_TYPE":"2022年中报","PER_NETCASH_OPERATE":0.160901209837,"PER_OI":0.314996532591,"BPS":0.983883700942,"BASIC_EPS":-0.02907646,"DILUTED_EPS":-0.02907646,"OPERATE_INCOME":173878085.99,"OPERATE_INCOME_YOY":-25.6609568381,"GROSS_PROFIT":-13233210.06,"GROSS_PROFIT_YOY":-126.656897041789,"HOLDER_PROFIT":-15958700.59,"HOLDER_PROFIT_YOY":-160.7236991963,"GROSS_PROFIT_RATIO":-7.610625562534,"EPS_TTM":-0.006299691069,"OPERATE_INCOME_QOQ":-11.142379797507,"NET_PROFIT_RATIO":-9.8091195695,"ROE_AVG":-2.824035399944,"GROSS_PROFIT_QOQ":-69.138146327099,"ROA":-1.755234145658,"HOLDER_PROFIT_QOQ":-109.138643526481,"ROE_YEARLY":-5.648070799889,"ROIC_YEARLY":-6.914778806561,"TOTAL_ASSETS":866009863.88,"TOTAL_LIABILITIES":327887542.71,"TAX_EBT":11.367878410808,"OCF_SALES":51.080311428726,"TOTAL_PARENT_EQUITY":543103802.92,"DEBT_ASSET_RATIO":37.8618716005,"OPERATE_PROFIT":-24000052.16,"PRETAX_PROFIT":-19243485.38,"NETCASH_OPERATE":88817467.83,"NETCASH_INVEST":-51673145.37,"NETCASH_FINANCE":-2753711.8,"END_CASH":107380221.97,"DIVI_RATIO":-19.703264595615,"DIVIDEND_RATE":5.230769230769,"CURRENT_RATIO":2.068036576,"COMMON_ACS":10000000000,"CURRENTDEBT_DEBT":89.991366921486,"ISSUED_COMMON_SHARES":552000000,"HK_COMMON_SHARES":552000000,"PER_SHARES":2000,"TOTAL_MARKET_CAP":1435200000,"HKSK_MARKET_CAP":1435200000,"PE_TTM":-26.110686606266,"PB_TTM":2.958778720378,"REPORT_DATE_SQ":"2021-06-30 00:00:00","REPORT_TYPE_SQ":"2021年中报","OPERATE_INCOME_SQ":227578040.4,"DPS_HKD":0.136,"OPERATE_INCOME_QOQ_SQ":11.496843612383,"NET_PROFIT_RATIO_SQ":10.802363456,"HOLDER_PROFIT_SQ":25570650.48,"HOLDER_PROFIT_QOQ_SQ":29.417850463571,"ROE_AVG_SQ":4.266263514904,"PE_TTM_SQ":-36.152905198777,"PB_TTM_SQ":2.612808404364,"ROA_SQ":3.084848086749,"START_DATE":"2022-01-01 00:00:00","FISCAL_YEAR":"12-31","CURRENCY":"HKD","IS_CNY_CODE":0,"DPS_HKD_LY":null,"ORG_TYPE":"一般企业","PREMIUM_INCOME":null,"PREMIUM_INCOME_YOY":null,"NET_INTEREST_INCOME":null,"NET_INTEREST_INCOME_YOY":null,"FEE_COMMISSION_INCOME":null,"FEE_COMMISSION_INCOME_YOY":null,"ACCOUNTS_RECE_TDAYS":1.641565340955,"INVENTORY_TDAYS":3.419900901887,"CURRENT_ASSETS_TDAYS":0.264684881129,"TOTAL_ASSETS_TDAYS":0.191241606414,"PREMIUM_EXPENSE":null,"LOAN_DEPOSIT":null,"LOAN_EQUITY":null,"LOAN_ASSETS":null,"DEPOSIT_EQUITY":null,"DEPOSIT_ASSETS":null,"EQUITY_MULTIPLIER":1.609317862892,"EQUITY_RATIO":0.603729049488},{"SECUCODE":"00695.HK","SECURITY_CODE":"00695","SECURITY_NAME_ABBR":"东吴水泥","ORG_CODE":"10239982","STD_REPORT_DATE":"2021-12-31 00:00:00","REPORT_DATE":"2021-12-31 00:00:00","DATE_TYPE_CODE":"001","REPORT_TYPE":"2021年年报","PER_NETCASH_OPERATE":0.037064533333,"PER_OI":0.873085713043,"BPS":1.01683964058,"BASIC_EPS":0.0686784,"DILUTED_EPS":0.0686784,"OPERATE_INCOME":481943313.6,"OPERATE_INCOME_YOY":5.5728984767,"GROSS_PROFIT":90942465.6,"GROSS_PROFIT_YOY":-11.723573030774,"HOLDER_PROFIT":38051921.6,"HOLDER_PROFIT_YOY":-23.5516352108,"GROSS_PROFIT_RATIO":18.86995068376,"EPS_TTM":0.06893464058,"OPERATE_INCOME_QOQ":-6.230689207673,"NET_PROFIT_RATIO":7.4654642122,"ROE_AVG":7.014030019223,"GROSS_PROFIT_QOQ":-25.158857744787,"ROA":4.844541342442,"HOLDER_PROFIT_QOQ":-41.501780838765,"ROE_YEARLY":7.014030019223,"ROIC_YEARLY":9.054537141968,"TOTAL_ASSETS":910539862.4,"TOTAL_LIABILITIES":353160684.8,"TAX_EBT":40.151504848427,"OCF_SALES":4.245234205486,"TOTAL_PARENT_EQUITY":561295481.6,"DEBT_ASSET_RATIO":38.7858565433,"OPERATE_PROFIT":51446662.4,"PRETAX_PROFIT":60117310.4,"NETCASH_OPERATE":20459622.4,"NETCASH_INVEST":-66818360,"NETCASH_FINANCE":24192784,"END_CASH":73822739.2,"DIVI_RATIO":1.800611114473,"DIVIDEND_RATE":5.230769230769,"CURRENT_RATIO":2.115431092554,"COMMON_ACS":10000000000,"CURRENTDEBT_DEBT":90.043708964968,"ISSUED_COMMON_SHARES":552000000,"HK_COMMON_SHARES":552000000,"PER_SHARES":2000,"TOTAL_MARKET_CAP":1435200000,"HKSK_MARKET_CAP":1435200000,"PE_TTM":-26.110686606266,"PB_TTM":2.958778720378,"REPORT_DATE_SQ":"2020-12-31 00:00:00","REPORT_TYPE_SQ":"2020年年报","OPERATE_INCOME_SQ":469925485.8,"DPS_HKD":0.136,"OPERATE_INCOME_QOQ_SQ":-6.727018145912,"NET_PROFIT_RATIO_SQ":10.8978892336,"HOLDER_PROFIT_SQ":51238201.56,"HOLDER_PROFIT_QOQ_SQ":10.704374256641,"ROE_AVG_SQ":9.550511091624,"PE_TTM_SQ":-36.152905198777,"PB_TTM_SQ":2.612808404364,"ROA_SQ":6.237458256237,"START_DATE":"2021-01-01 00:00:00","FISCAL_YEAR":"12-31","CURRENCY":"HKD","IS_CNY_CODE":0,"DPS_HKD_LY":0.0725,"ORG_TYPE":"一般企业","PREMIUM_INCOME":null,"PREMIUM_INCOME_YOY":null,"NET_INTEREST_INCOME":null,"NET_INTEREST_INCOME_YOY":null,"FEE_COMMISSION_INCOME":null,"FEE_COMMISSION_INCOME_YOY":null,"ACCOUNTS_RECE_TDAYS":3.25083551173,"INVENTORY_TDAYS":9.789664384193,"CURRENT_ASSETS_TDAYS":0.845780181607,"TOTAL_ASSETS_TDAYS":0.613581183098,"PREMIUM_EXPENSE":null,"LOAN_DEPOSIT":null,"LOAN_EQUITY":null,"LOAN_ASSETS":null,"DEPOSIT_EQUITY":null,"DEPOSIT_ASSETS":null,"EQUITY_MULTIPLIER":1.633609397324,"EQUITY_RATIO":0.629188540398},{"SECUCODE":"00695.HK","SECURITY_CODE":"00695","SECURITY_NAME_ABBR":"东吴水泥","ORG_CODE":"10239982","STD_REPORT_DATE":"2021-06-30 00:00:00","REPORT_DATE":"2021-06-30 00:00:00","DATE_TYPE_CODE":"002","REPORT_TYPE":"2021年中报","PER_NETCASH_OPERATE":0.085559782609,"PER_OI":0.412279058696,"BPS":1.013246376812,"BASIC_EPS":0.04659648,"DILUTED_EPS":0.04659648,"OPERATE_INCOME":227578040.4,"OPERATE_INCOME_YOY":30.3177826721,"GROSS_PROFIT":49642724.88,"GROSS_PROFIT_YOY":69.811605938291,"HOLDER_PROFIT":25570650.48,"HOLDER_PROFIT_YOY":136.7934128967,"GROSS_PROFIT_RATIO":21.813241323606,"EPS_TTM":0.11784057971,"OPERATE_INCOME_QOQ":11.496843612383,"NET_PROFIT_RATIO":10.802363456,"ROE_AVG":4.266263514904,"GROSS_PROFIT_QOQ":20.243031160632,"ROA":3.084848086749,"HOLDER_PROFIT_QOQ":29.417850463571,"ROE_YEARLY":8.532527029809,"ROIC_YEARLY":12.771191345828,"TOTAL_ASSETS":851696000,"TOTAL_LIABILITIES":295178000,"TAX_EBT":36.777009821753,"OCF_SALES":20.732478204757,"TOTAL_PARENT_EQUITY":559312000,"DEBT_ASSET_RATIO":34.6576712818,"OPERATE_PROFIT":32483571.12,"PRETAX_PROFIT":38885594.64,"NETCASH_OPERATE":47163126.48,"NETCASH_INVEST":8120268.72,"NETCASH_FINANCE":9496529.04,"END_CASH":157556012.16,"DIVI_RATIO":1.053325435986,"DIVIDEND_RATE":5.230769230769,"CURRENT_RATIO":2.377322333502,"COMMON_ACS":10000000000,"CURRENTDEBT_DEBT":87.508892939176,"ISSUED_COMMON_SHARES":552000000,"HK_COMMON_SHARES":552000000,"PER_SHARES":2000,"TOTAL_MARKET_CAP":1435200000,"HKSK_MARKET_CAP":1435200000,"PE_TTM":-26.110686606266,"PB_TTM":2.958778720378,"REPORT_DATE_SQ":"2020-06-30 00:00:00","REPORT_TYPE_SQ":"2020年中报","OPERATE_INCOME_SQ":174805000,"DPS_HKD":0.136,"OPERATE_INCOME_QOQ_SQ":-13.470016633109,"NET_PROFIT_RATIO_SQ":6.168587855,"HOLDER_PROFIT_SQ":10809000,"HOLDER_PROFIT_QOQ_SQ":-31.899383521577,"ROE_AVG_SQ":2.061898934714,"PE_TTM_SQ":-36.152905198777,"PB_TTM_SQ":2.612808404364,"ROA_SQ":1.376688382401,"START_DATE":"2021-01-01 00:00:00","FISCAL_YEAR":"12-31","CURRENCY":"HKD","IS_CNY_CODE":0,"DPS_HKD_LY":0.0725,"ORG_TYPE":"一般企业","PREMIUM_INCOME":null,"PREMIUM_INCOME_YOY":null,"NET_INTEREST_INCOME":null,"NET_INTEREST_INCOME_YOY":null,"FEE_COMMISSION_INCOME":null,"FEE_COMMISSION_INCOME_YOY":null,"ACCOUNTS_RECE_TDAYS":1.937985594689,"INVENTORY_TDAYS":5.219064084156,"CURRENT_ASSETS_TDAYS":0.384415610714,"TOTAL_ASSETS_TDAYS":0.274559313873,"PREMIUM_EXPENSE":null,"LOAN_DEPOSIT":null,"LOAN_EQUITY":null,"LOAN_ASSETS":null,"DEPOSIT_EQUITY":null,"DEPOSIT_ASSETS":null,"EQUITY_MULTIPLIER":1.530401532386,"EQUITY_RATIO":0.527751952399},{"SECUCODE":"00695.HK","SECURITY_CODE":"00695","SECURITY_NAME_ABBR":"东吴水泥","ORG_CODE":"10239982","STD_REPORT_DATE":"2020-12-31 00:00:00","REPORT_DATE":"2020-12-31 00:00:00","DATE_TYPE_CODE":"001","REPORT_TYPE":"2020年年报","PER_NETCASH_OPERATE":0.238780797101,"PER_OI":0.85131428587,"BPS":0.966878623188,"BASIC_EPS":0.0925804,"DILUTED_EPS":0.0925804,"OPERATE_INCOME":469925485.8,"OPERATE_INCOME_YOY":-19.2909043159,"GROSS_PROFIT":103020102.56,"GROSS_PROFIT_YOY":-25.522611723201,"HOLDER_PROFIT":51238201.56,"HOLDER_PROFIT_YOY":-24.6096386626,"GROSS_PROFIT_RATIO":21.922684773413,"EPS_TTM":0.091054347826,"OPERATE_INCOME_QOQ":-6.727018145912,"NET_PROFIT_RATIO":10.8978892336,"ROE_AVG":9.550511091624,"GROSS_PROFIT_QOQ":-12.454736039642,"ROA":6.237458256237,"HOLDER_PROFIT_QOQ":10.704374256641,"ROE_YEARLY":9.550511091624,"ROIC_YEARLY":9.379784997607,"TOTAL_ASSETS":815892549.12,"TOTAL_LIABILITIES":278591256.4,"TAX_EBT":36.720109176902,"OCF_SALES":28.593400872074,"TOTAL_PARENT_EQUITY":539126809.88,"DEBT_ASSET_RATIO":34.1455110467,"OPERATE_PROFIT":75502682.76,"PRETAX_PROFIT":80789865.24,"NETCASH_OPERATE":134367826,"NETCASH_INVEST":-110700909.2,"NETCASH_FINANCE":-9617420.28,"END_CASH":93958164.68,"DIVI_RATIO":1.363191137639,"DIVIDEND_RATE":5.230769230769,"CURRENT_RATIO":2.365096718888,"COMMON_ACS":10000000000,"CURRENTDEBT_DEBT":87.555360865231,"ISSUED_COMMON_SHARES":552000000,"HK_COMMON_SHARES":552000000,"PER_SHARES":2000,"TOTAL_MARKET_CAP":1435200000,"HKSK_MARKET_CAP":1435200000,"PE_TTM":-26.110686606266,"PB_TTM":2.958778720378,"REPORT_DATE_SQ":"2019-12-31 00:00:00","REPORT_TYPE_SQ":"2019年年报","OPERATE_INCOME_SQ":571150000,"DPS_HKD":0.136,"OPERATE_INCOME_QOQ_SQ":3.535788414651,"NET_PROFIT_RATIO_SQ":10.6280311652,"HOLDER_PROFIT_SQ":66669000,"HOLDER_PROFIT_QOQ_SQ":-28.986387166869,"ROE_AVG_SQ":13.299381201451,"PE_TTM_SQ":-36.152905198777,"PB_TTM_SQ":2.612808404364,"ROA_SQ":8.812950353541,"START_DATE":"2020-01-01 00:00:00","FISCAL_YEAR":"12-31","CURRENCY":"HKD","IS_CNY_CODE":0,"DPS_HKD_LY":0.0725,"ORG_TYPE":"一般企业","PREMIUM_INCOME":null,"PREMIUM_INCOME_YOY":null,"NET_INTEREST_INCOME":null,"NET_INTEREST_INCOME_YOY":null,"FEE_COMMISSION_INCOME":null,"FEE_COMMISSION_INCOME_YOY":null,"ACCOUNTS_RECE_TDAYS":2.54957293643,"INVENTORY_TDAYS":12.46689412702,"CURRENT_ASSETS_TDAYS":0.865404833065,"TOTAL_ASSETS_TDAYS":0.572058639206,"PREMIUM_EXPENSE":null,"LOAN_DEPOSIT":null,"LOAN_EQUITY":null,"LOAN_ASSETS":null,"DEPOSIT_EQUITY":null,"DEPOSIT_ASSETS":null,"EQUITY_MULTIPLIER":1.518499370193,"EQUITY_RATIO":0.516745320942},{"SECUCODE":"00695.HK","SECURITY_CODE":"00695","SECURITY_NAME_ABBR":"东吴水泥","ORG_CODE":"10239982","STD_REPORT_DATE":"2020-06-30 00:00:00","REPORT_DATE":"2020-06-30 00:00:00","DATE_TYPE_CODE":"002","REPORT_TYPE":"2020年中报","PER_NETCASH_OPERATE":-0.152907608696,"PER_OI":0.316675724638,"BPS":0.959451086957,"BASIC_EPS":0.02,"DILUTED_EPS":0.02,"OPERATE_INCOME":174805000,"OPERATE_INCOME_YOY":-30.5610175618,"GROSS_PROFIT":29234000,"GROSS_PROFIT_YOY":-43.914511549382,"HOLDER_PROFIT":10809000,"HOLDER_PROFIT_YOY":-66.3019079686,"GROSS_PROFIT_RATIO":16.723777923972,"EPS_TTM":0.08225,"OPERATE_INCOME_QOQ":-13.470016633109,"NET_PROFIT_RATIO":6.168587855,"ROE_AVG":2.061898934714,"GROSS_PROFIT_QOQ":-16.548104450421,"ROA":1.376688382401,"HOLDER_PROFIT_QOQ":-31.899383521577,"ROE_YEARLY":4.123797869428,"ROIC_YEARLY":3.759014775755,"TOTAL_ASSETS":766377000,"TOTAL_LIABILITIES":236760000,"TAX_EBT":41.185527328714,"OCF_SALES":-48.285232115786,"TOTAL_PARENT_EQUITY":529617000,"DEBT_ASSET_RATIO":30.8934114672,"OPERATE_PROFIT":17221000,"PRETAX_PROFIT":18186000,"NETCASH_OPERATE":-82687000,"NETCASH_INVEST":171034000,"NETCASH_FINANCE":17021000,"END_CASH":187194000,"DIVI_RATIO":1.509112218845,"DIVIDEND_RATE":5.230769230769,"CURRENT_RATIO":2.658123086768,"COMMON_ACS":10000000000,"CURRENTDEBT_DEBT":88.442726811962,"ISSUED_COMMON_SHARES":552000000,"HK_COMMON_SHARES":552000000,"PER_SHARES":2000,"TOTAL_MARKET_CAP":1435200000,"HKSK_MARKET_CAP":1435200000,"PE_TTM":-26.110686606266,"PB_TTM":2.958778720378,"REPORT_DATE_SQ":"2019-06-30 00:00:00","REPORT_TYPE_SQ":"2019年中报","OPERATE_INCOME_SQ":251739000,"DPS_HKD":0.136,"OPERATE_INCOME_QOQ_SQ":6.207511315876,"NET_PROFIT_RATIO_SQ":12.7227008926,"HOLDER_PROFIT_SQ":32076000,"HOLDER_PROFIT_QOQ_SQ":3.927646290433,"ROE_AVG_SQ":6.429757409817,"PE_TTM_SQ":-36.152905198777,"PB_TTM_SQ":2.612808404364,"ROA_SQ":4.346163366587,"START_DATE":"2020-01-01 00:00:00","FISCAL_YEAR":"12-31","CURRENCY":"HKD","IS_CNY_CODE":0,"DPS_HKD_LY":0.0725,"ORG_TYPE":"一般企业","PREMIUM_INCOME":null,"PREMIUM_INCOME_YOY":null,"NET_INTEREST_INCOME":null,"NET_INTEREST_INCOME_YOY":null,"FEE_COMMISSION_INCOME":null,"FEE_COMMISSION_INCOME_YOY":null,"ACCOUNTS_RECE_TDAYS":0.684026405481,"INVENTORY_TDAYS":4.544691080516,"CURRENT_ASSETS_TDAYS":0.332700813838,"TOTAL_ASSETS_TDAYS":0.222640404002,"PREMIUM_EXPENSE":null,"LOAN_DEPOSIT":null,"LOAN_EQUITY":null,"LOAN_ASSETS":null,"DEPOSIT_EQUITY":null,"DEPOSIT_ASSETS":null,"EQUITY_MULTIPLIER":1.447040030815,"EQUITY_RATIO":0.447040030815}],"count":29},"success":true,"message":"ok","code":0}