{"version":"7d965a292fd09627521b54d6cef20dd8","result":{"pages":6,"data":[{"SECUCODE":"00690.HK","SECURITY_CODE":"00690","SECURITY_NAME_ABBR":"联康生物科技集团","ORG_CODE":"10009059","STD_REPORT_DATE":"2024-06-30 00:00:00","REPORT_DATE":"2024-06-30 00:00:00","DATE_TYPE_CODE":"002","REPORT_TYPE":"2024年中报","PER_NETCASH_OPERATE":0.008005289287,"PER_OI":0.040515837893,"BPS":0.047787847494,"BASIC_EPS":0.009948212,"DILUTED_EPS":0.009948212,"OPERATE_INCOME":249722938.2,"OPERATE_INCOME_YOY":9.475339391,"GROSS_PROFIT":210453055.84,"GROSS_PROFIT_YOY":14.788770610718,"HOLDER_PROFIT":61498203.76,"HOLDER_PROFIT_YOY":71.0159640618,"GROSS_PROFIT_RATIO":84.274619447033,"EPS_TTM":0.014504622367,"OPERATE_INCOME_QOQ":4.39139929343,"NET_PROFIT_RATIO":24.6265738355,"ROE_AVG":23.649984995446,"GROSS_PROFIT_QOQ":7.616630393152,"ROA":15.022550993336,"HOLDER_PROFIT_QOQ":39.189730974017,"ROE_YEARLY":47.299969990892,"ROIC_YEARLY":43.905792356136,"TOTAL_ASSETS":444553650.48,"TOTAL_LIABILITIES":159201510.44,"TAX_EBT":5.816082635618,"OCF_SALES":19.758419677284,"TOTAL_PARENT_EQUITY":285352140.04,"DEBT_ASSET_RATIO":35.8115404672,"OPERATE_PROFIT":65537725.44,"PRETAX_PROFIT":65295865.24,"NETCASH_OPERATE":49341306.16,"NETCASH_INVEST":-32673944,"NETCASH_FINANCE":23117271.72,"END_CASH":140519863.52,"DIVI_RATIO":null,"DIVIDEND_RATE":null,"CURRENT_RATIO":2.504749991548,"COMMON_ACS":500000000000,"CURRENTDEBT_DEBT":67.82890852075,"ISSUED_COMMON_SHARES":5971228147,"HK_COMMON_SHARES":5971228147,"PER_SHARES":20000,"TOTAL_MARKET_CAP":310503863.644,"HKSK_MARKET_CAP":310503863.644,"PE_TTM":3.140939575791,"PB_TTM":0.993126129108,"REPORT_DATE_SQ":"2023-06-30 00:00:00","REPORT_TYPE_SQ":"2023年中报","OPERATE_INCOME_SQ":230433227.34,"DPS_HKD":null,"OPERATE_INCOME_QOQ_SQ":16.062418671526,"NET_PROFIT_RATIO_SQ":15.7646249195,"HOLDER_PROFIT_SQ":36326933.98,"HOLDER_PROFIT_QOQ_SQ":69.205495427938,"ROE_AVG_SQ":18.784519850777,"PE_TTM_SQ":8.669585376031,"PB_TTM_SQ":2.440655747191,"ROA_SQ":13.05202624252,"START_DATE":"2024-01-01 00:00:00","FISCAL_YEAR":"12-31","CURRENCY":"HKD","IS_CNY_CODE":0,"DPS_HKD_LY":null,"ORG_TYPE":"一般企业","PREMIUM_INCOME":null,"PREMIUM_INCOME_YOY":null,"NET_INTEREST_INCOME":null,"NET_INTEREST_INCOME_YOY":null,"FEE_COMMISSION_INCOME":null,"FEE_COMMISSION_INCOME_YOY":null,"ACCOUNTS_RECE_TDAYS":3.961301250869,"INVENTORY_TDAYS":1.124183518838,"CURRENT_ASSETS_TDAYS":1.023916265006,"TOTAL_ASSETS_TDAYS":0.61001384495,"PREMIUM_EXPENSE":null,"LOAN_DEPOSIT":null,"LOAN_EQUITY":null,"LOAN_ASSETS":null,"DEPOSIT_EQUITY":null,"DEPOSIT_ASSETS":null,"EQUITY_MULTIPLIER":1.557912446067,"EQUITY_RATIO":0.557912446066},{"SECUCODE":"00690.HK","SECURITY_CODE":"00690","SECURITY_NAME_ABBR":"联康生物科技集团","ORG_CODE":"10009059","STD_REPORT_DATE":"2023-12-31 00:00:00","REPORT_DATE":"2023-12-31 00:00:00","DATE_TYPE_CODE":"001","REPORT_TYPE":"2023年年报","PER_NETCASH_OPERATE":0.014074187576,"PER_OI":0.069014477168,"BPS":0.039029863965,"BASIC_EPS":0.010059042,"DILUTED_EPS":0.010059042,"OPERATE_INCOME":439261145.96,"OPERATE_INCOME_YOY":10.0841214037,"GROSS_PROFIT":355979527.96,"GROSS_PROFIT_YOY":19.000605882336,"HOLDER_PROFIT":64229248.72,"HOLDER_PROFIT_YOY":84.0361445783,"GROSS_PROFIT_RATIO":81.040522530626,"EPS_TTM":0.010091372888,"OPERATE_INCOME_QOQ":-3.7758778212,"NET_PROFIT_RATIO":14.6221101754,"ROE_AVG":31.366613559922,"GROSS_PROFIT_QOQ":-0.813564743505,"ROA":20.17928346404,"HOLDER_PROFIT_QOQ":10.341671026469,"ROE_YEARLY":31.366613559922,"ROIC_YEARLY":29.84183524171,"TOTAL_ASSETS":371542950.24,"TOTAL_LIABILITIES":138486727.96,"TAX_EBT":6.619235836627,"OCF_SALES":20.393094541569,"TOTAL_PARENT_EQUITY":233056222.28,"DEBT_ASSET_RATIO":37.2734102129,"OPERATE_PROFIT":57127202.58,"PRETAX_PROFIT":68782098,"NETCASH_OPERATE":89578940.78,"NETCASH_INVEST":-69003215.68,"NETCASH_FINANCE":22214170.86,"END_CASH":117116247.92,"DIVI_RATIO":null,"DIVIDEND_RATE":null,"CURRENT_RATIO":2.074187647008,"COMMON_ACS":500000000000,"CURRENTDEBT_DEBT":75.115496865553,"ISSUED_COMMON_SHARES":5971228147,"HK_COMMON_SHARES":5971228147,"PER_SHARES":20000,"TOTAL_MARKET_CAP":310503863.644,"HKSK_MARKET_CAP":310503863.644,"PE_TTM":3.140939575791,"PB_TTM":0.993126129108,"REPORT_DATE_SQ":"2022-12-31 00:00:00","REPORT_TYPE_SQ":"2022年年报","OPERATE_INCOME_SQ":393321073.32,"DPS_HKD":null,"OPERATE_INCOME_QOQ_SQ":20.807377593904,"NET_PROFIT_RATIO_SQ":8.7464457344,"HOLDER_PROFIT_SQ":34401614.24,"HOLDER_PROFIT_QOQ_SQ":775.392642439146,"ROE_AVG_SQ":20.870715046348,"PE_TTM_SQ":8.182530017827,"PB_TTM_SQ":2.303540255776,"ROA_SQ":13.752713975546,"START_DATE":"2023-01-01 00:00:00","FISCAL_YEAR":"12-31","CURRENCY":"HKD","IS_CNY_CODE":0,"DPS_HKD_LY":null,"ORG_TYPE":"一般企业","PREMIUM_INCOME":null,"PREMIUM_INCOME_YOY":null,"NET_INTEREST_INCOME":null,"NET_INTEREST_INCOME_YOY":null,"FEE_COMMISSION_INCOME":null,"FEE_COMMISSION_INCOME_YOY":null,"ACCOUNTS_RECE_TDAYS":7.211026644252,"INVENTORY_TDAYS":2.616593588064,"CURRENT_ASSETS_TDAYS":2.211118130997,"TOTAL_ASSETS_TDAYS":1.380052757227,"PREMIUM_EXPENSE":null,"LOAN_DEPOSIT":null,"LOAN_EQUITY":null,"LOAN_ASSETS":null,"DEPOSIT_EQUITY":null,"DEPOSIT_ASSETS":null,"EQUITY_MULTIPLIER":1.594220255547,"EQUITY_RATIO":0.594220255547},{"SECUCODE":"00690.HK","SECURITY_CODE":"00690","SECURITY_NAME_ABBR":"联康生物科技集团","ORG_CODE":"10009059","STD_REPORT_DATE":"2023-06-30 00:00:00","REPORT_DATE":"2023-06-30 00:00:00","DATE_TYPE_CODE":"002","REPORT_TYPE":"2023年中报","PER_NETCASH_OPERATE":0.004397852703,"PER_OI":0.036204496695,"BPS":0.034703631769,"BASIC_EPS":0.005716276,"DILUTED_EPS":0.005716276,"OPERATE_INCOME":230433227.34,"OPERATE_INCOME_YOY":27.7919806931,"GROSS_PROFIT":183339410.92,"GROSS_PROFIT_YOY":48.355732645235,"HOLDER_PROFIT":36326933.98,"HOLDER_PROFIT_YOY":169.1508982854,"GROSS_PROFIT_RATIO":79.562922863327,"EPS_TTM":0.009145568301,"OPERATE_INCOME_QOQ":16.062418671526,"NET_PROFIT_RATIO":15.7646249195,"ROE_AVG":18.784519850777,"GROSS_PROFIT_QOQ":19.976693964857,"ROA":13.05202624252,"HOLDER_PROFIT_QOQ":69.205495427938,"ROE_YEARLY":37.569039701553,"ROIC_YEARLY":38.467771854803,"TOTAL_ASSETS":286995778.36,"TOTAL_LIABILITIES":79772475.54,"TAX_EBT":9.203825325498,"OCF_SALES":12.147255464465,"TOTAL_PARENT_EQUITY":207223302.82,"DEBT_ASSET_RATIO":27.7956965067,"OPERATE_PROFIT":40403007.56,"PRETAX_PROFIT":40009322.1,"NETCASH_OPERATE":27991312.8,"NETCASH_INVEST":-18182367.58,"NETCASH_FINANCE":592833.14,"END_CASH":88356109.34,"DIVI_RATIO":null,"DIVIDEND_RATE":null,"CURRENT_RATIO":2.474413341126,"COMMON_ACS":500000000000,"CURRENTDEBT_DEBT":92.938293864059,"ISSUED_COMMON_SHARES":5971228147,"HK_COMMON_SHARES":5971228147,"PER_SHARES":20000,"TOTAL_MARKET_CAP":310503863.644,"HKSK_MARKET_CAP":310503863.644,"PE_TTM":3.140939575791,"PB_TTM":0.993126129108,"REPORT_DATE_SQ":"2022-06-30 00:00:00","REPORT_TYPE_SQ":"2022年中报","OPERATE_INCOME_SQ":167256349.82,"DPS_HKD":null,"OPERATE_INCOME_QOQ_SQ":12.67827406984,"NET_PROFIT_RATIO_SQ":7.4849931996,"HOLDER_PROFIT_SQ":12519126.41,"HOLDER_PROFIT_QOQ_SQ":68.200154572455,"ROE_AVG_SQ":8.248904015417,"PE_TTM_SQ":8.182530017827,"PB_TTM_SQ":2.303540255776,"ROA_SQ":5.523411014751,"START_DATE":"2023-01-01 00:00:00","FISCAL_YEAR":"12-31","CURRENCY":"HKD","IS_CNY_CODE":0,"DPS_HKD_LY":null,"ORG_TYPE":"一般企业","PREMIUM_INCOME":null,"PREMIUM_INCOME_YOY":null,"NET_INTEREST_INCOME":null,"NET_INTEREST_INCOME_YOY":null,"FEE_COMMISSION_INCOME":null,"FEE_COMMISSION_INCOME_YOY":null,"ACCOUNTS_RECE_TDAYS":3.664223196352,"INVENTORY_TDAYS":1.483797876512,"CURRENT_ASSETS_TDAYS":1.251805587555,"TOTAL_ASSETS_TDAYS":0.827931289782,"PREMIUM_EXPENSE":null,"LOAN_DEPOSIT":null,"LOAN_EQUITY":null,"LOAN_ASSETS":null,"DEPOSIT_EQUITY":null,"DEPOSIT_ASSETS":null,"EQUITY_MULTIPLIER":1.384959000529,"EQUITY_RATIO":0.384959000529},{"SECUCODE":"00690.HK","SECURITY_CODE":"00690","SECURITY_NAME_ABBR":"联康生物科技集团","ORG_CODE":"10009059","STD_REPORT_DATE":"2022-12-31 00:00:00","REPORT_DATE":"2022-12-31 00:00:00","DATE_TYPE_CODE":"001","REPORT_TYPE":"2022年年报","PER_NETCASH_OPERATE":0.006829238269,"PER_OI":0.061796606606,"BPS":0.029133162414,"BASIC_EPS":0.005448947,"DILUTED_EPS":0.005448947,"OPERATE_INCOME":393321073.32,"OPERATE_INCOME_YOY":24.5924647359,"GROSS_PROFIT":299140937.41,"GROSS_PROFIT_YOY":32.082178570879,"HOLDER_PROFIT":34401614.24,"HOLDER_PROFIT_YOY":296.5800622735,"GROSS_PROFIT_RATIO":76.05515130043,"EPS_TTM":0.005405006663,"OPERATE_INCOME_QOQ":20.807377593904,"NET_PROFIT_RATIO":8.7464457344,"ROE_AVG":20.870715046348,"GROSS_PROFIT_QOQ":21.348211234789,"ROA":13.752713975546,"HOLDER_PROFIT_QOQ":775.392642439146,"ROE_YEARLY":20.870715046348,"ROIC_YEARLY":20.363844024545,"TOTAL_ASSETS":261255570.17,"TOTAL_LIABILITIES":87294810.75,"TAX_EBT":11.031025481091,"OCF_SALES":11.051154171095,"TOTAL_PARENT_EQUITY":173960759.42,"DEBT_ASSET_RATIO":33.4135692086,"OPERATE_PROFIT":31277849.05,"PRETAX_PROFIT":38666978.49,"NETCASH_OPERATE":43466518.2,"NETCASH_INVEST":-24144194.83,"NETCASH_FINANCE":2300170.25,"END_CASH":87733406.32,"DIVI_RATIO":null,"DIVIDEND_RATE":null,"CURRENT_RATIO":2.219721899064,"COMMON_ACS":500000000000,"CURRENTDEBT_DEBT":92.356101304682,"ISSUED_COMMON_SHARES":5971228147,"HK_COMMON_SHARES":5971228147,"PER_SHARES":20000,"TOTAL_MARKET_CAP":310503863.644,"HKSK_MARKET_CAP":310503863.644,"PE_TTM":3.140939575791,"PB_TTM":0.993126129108,"REPORT_DATE_SQ":"2021-12-31 00:00:00","REPORT_TYPE_SQ":"2021年年报","OPERATE_INCOME_SQ":288943928,"DPS_HKD":null,"OPERATE_INCOME_QOQ_SQ":18.060873125756,"NET_PROFIT_RATIO_SQ":-5.5434982527,"HOLDER_PROFIT_SQ":-16017601.6,"HOLDER_PROFIT_QOQ_SQ":66.604692959033,"ROE_AVG_SQ":-10.772631544218,"PE_TTM_SQ":8.182530017827,"PB_TTM_SQ":2.303540255776,"ROA_SQ":-7.530510657108,"START_DATE":"2022-01-01 00:00:00","FISCAL_YEAR":"12-31","CURRENCY":"HKD","IS_CNY_CODE":0,"DPS_HKD_LY":null,"ORG_TYPE":"一般企业","PREMIUM_INCOME":null,"PREMIUM_INCOME_YOY":null,"NET_INTEREST_INCOME":null,"NET_INTEREST_INCOME_YOY":null,"FEE_COMMISSION_INCOME":null,"FEE_COMMISSION_INCOME_YOY":null,"ACCOUNTS_RECE_TDAYS":6.006261125775,"INVENTORY_TDAYS":2.866507164025,"CURRENT_ASSETS_TDAYS":2.190594170236,"TOTAL_ASSETS_TDAYS":1.572377442578,"PREMIUM_EXPENSE":null,"LOAN_DEPOSIT":null,"LOAN_EQUITY":null,"LOAN_ASSETS":null,"DEPOSIT_EQUITY":null,"DEPOSIT_ASSETS":null,"EQUITY_MULTIPLIER":1.501807482568,"EQUITY_RATIO":0.501807482567},{"SECUCODE":"00690.HK","SECURITY_CODE":"00690","SECURITY_NAME_ABBR":"联康生物科技集团","ORG_CODE":"10009059","STD_REPORT_DATE":"2022-06-30 00:00:00","REPORT_DATE":"2022-06-30 00:00:00","DATE_TYPE_CODE":"002","REPORT_TYPE":"2022年中报","PER_NETCASH_OPERATE":0.001282764547,"PER_OI":0.026278467017,"BPS":0.025868831327,"BASIC_EPS":0.001966937,"DILUTED_EPS":0.001966937,"OPERATE_INCOME":167256349.82,"OPERATE_INCOME_YOY":24.5846710493,"GROSS_PROFIT":123580941.33,"GROSS_PROFIT_YOY":19.347260160932,"HOLDER_PROFIT":12519126.41,"HOLDER_PROFIT_YOY":663.6411058946,"GROSS_PROFIT_RATIO":73.887144770884,"EPS_TTM":-0.000800276213,"OPERATE_INCOME_QOQ":12.67827406984,"NET_PROFIT_RATIO":7.4849931996,"ROE_AVG":8.248904015417,"GROSS_PROFIT_QOQ":8.845591728849,"ROA":5.523411014751,"HOLDER_PROFIT_QOQ":68.200154572455,"ROE_YEARLY":16.497808030834,"ROIC_YEARLY":16.063468201433,"TOTAL_ASSETS":224468560.82,"TOTAL_LIABILITIES":69999867.07,"TAX_EBT":4.251422591406,"OCF_SALES":4.881428381515,"TOTAL_PARENT_EQUITY":154468693.75,"DEBT_ASSET_RATIO":31.1847088137,"OPERATE_PROFIT":13218671.83,"PRETAX_PROFIT":13074999.91,"NETCASH_OPERATE":8164498.93,"NETCASH_INVEST":-2682731.03,"NETCASH_FINANCE":-767105.43,"END_CASH":70068282.27,"DIVI_RATIO":null,"DIVIDEND_RATE":null,"CURRENT_RATIO":2.615757116938,"COMMON_ACS":500000000000,"CURRENTDEBT_DEBT":93.598279843133,"ISSUED_COMMON_SHARES":5971228147,"HK_COMMON_SHARES":5971228147,"PER_SHARES":20000,"TOTAL_MARKET_CAP":310503863.644,"HKSK_MARKET_CAP":310503863.644,"PE_TTM":3.140939575791,"PB_TTM":0.993126129108,"REPORT_DATE_SQ":"2021-06-30 00:00:00","REPORT_TYPE_SQ":"2021年中报","OPERATE_INCOME_SQ":130623246.72,"DPS_HKD":null,"OPERATE_INCOME_QOQ_SQ":39.283811085139,"NET_PROFIT_RATIO_SQ":1.221143556,"HOLDER_PROFIT_SQ":1595097.36,"HOLDER_PROFIT_QOQ_SQ":20.093808113423,"ROE_AVG_SQ":0.998455701015,"PE_TTM_SQ":8.182530017827,"PB_TTM_SQ":2.303540255776,"ROA_SQ":0.709390449688,"START_DATE":"2022-01-01 00:00:00","FISCAL_YEAR":"12-31","CURRENCY":"HKD","IS_CNY_CODE":0,"DPS_HKD_LY":null,"ORG_TYPE":"一般企业","PREMIUM_INCOME":null,"PREMIUM_INCOME_YOY":null,"NET_INTEREST_INCOME":null,"NET_INTEREST_INCOME_YOY":null,"FEE_COMMISSION_INCOME":null,"FEE_COMMISSION_INCOME_YOY":null,"ACCOUNTS_RECE_TDAYS":2.579589144986,"INVENTORY_TDAYS":1.203241880573,"CURRENT_ASSETS_TDAYS":0.972865151493,"TOTAL_ASSETS_TDAYS":0.737931333727,"PREMIUM_EXPENSE":null,"LOAN_DEPOSIT":null,"LOAN_EQUITY":null,"LOAN_ASSETS":null,"DEPOSIT_EQUITY":null,"DEPOSIT_ASSETS":null,"EQUITY_MULTIPLIER":1.453165397924,"EQUITY_RATIO":0.453165397924},{"SECUCODE":"00690.HK","SECURITY_CODE":"00690","SECURITY_NAME_ABBR":"联康生物科技集团","ORG_CODE":"10009059","STD_REPORT_DATE":"2021-12-31 00:00:00","REPORT_DATE":"2021-12-31 00:00:00","DATE_TYPE_CODE":"001","REPORT_TYPE":"2021年年报","PER_NETCASH_OPERATE":0.001550535228,"PER_OI":0.045504642266,"BPS":0.023866681978,"BASIC_EPS":-0.00253456,"DILUTED_EPS":-0.00253456,"OPERATE_INCOME":288943928,"OPERATE_INCOME_YOY":69.2747250642,"GROSS_PROFIT":226480923.2,"GROSS_PROFIT_YOY":48.593973936777,"HOLDER_PROFIT":-16017601.6,"HOLDER_PROFIT_YOY":72.5304617283,"GROSS_PROFIT_RATIO":78.382309248596,"EPS_TTM":-0.002522549049,"OPERATE_INCOME_QOQ":18.060873125756,"NET_PROFIT_RATIO":-5.5434982527,"ROE_AVG":-10.772631544218,"GROSS_PROFIT_QOQ":11.232483071625,"ROA":-7.530510657108,"HOLDER_PROFIT_QOQ":66.604692959033,"ROE_YEARLY":-10.772631544218,"ROIC_YEARLY":-9.51737840943,"TOTAL_ASSETS":218784036.8,"TOTAL_LIABILITIES":76270633.6,"TAX_EBT":2.103737757346,"OCF_SALES":3.407422079484,"TOTAL_PARENT_EQUITY":142513403.2,"DEBT_ASSET_RATIO":34.8611510764,"OPERATE_PROFIT":-15971816,"PRETAX_PROFIT":-16361811.2,"NETCASH_OPERATE":9845539.2,"NETCASH_INVEST":34437312,"NETCASH_FINANCE":390812.8,"END_CASH":68358718.4,"DIVI_RATIO":null,"DIVIDEND_RATE":null,"CURRENT_RATIO":2.184862569203,"COMMON_ACS":500000000000,"CURRENTDEBT_DEBT":98.944107368737,"ISSUED_COMMON_SHARES":5971228147,"HK_COMMON_SHARES":5971228147,"PER_SHARES":20000,"TOTAL_MARKET_CAP":310503863.644,"HKSK_MARKET_CAP":310503863.644,"PE_TTM":3.140939575791,"PB_TTM":0.993126129108,"REPORT_DATE_SQ":"2020-12-31 00:00:00","REPORT_TYPE_SQ":"2020年年报","OPERATE_INCOME_SQ":175714232.64,"DPS_HKD":null,"OPERATE_INCOME_QOQ_SQ":7.395681915115,"NET_PROFIT_RATIO_SQ":-34.1605356938,"HOLDER_PROFIT_SQ":-60024923.16,"HOLDER_PROFIT_QOQ_SQ":-25.691356554196,"ROE_AVG_SQ":-33.105340237339,"PE_TTM_SQ":8.182530017827,"PB_TTM_SQ":2.303540255776,"ROA_SQ":-25.97337800681,"START_DATE":"2021-01-01 00:00:00","FISCAL_YEAR":"12-31","CURRENCY":"HKD","IS_CNY_CODE":0,"DPS_HKD_LY":null,"ORG_TYPE":"一般企业","PREMIUM_INCOME":null,"PREMIUM_INCOME_YOY":null,"NET_INTEREST_INCOME":null,"NET_INTEREST_INCOME_YOY":null,"FEE_COMMISSION_INCOME":null,"FEE_COMMISSION_INCOME_YOY":null,"ACCOUNTS_RECE_TDAYS":4.188876048241,"INVENTORY_TDAYS":2.717436152806,"CURRENT_ASSETS_TDAYS":1.844955938857,"TOTAL_ASSETS_TDAYS":1.358440160673,"PREMIUM_EXPENSE":null,"LOAN_DEPOSIT":null,"LOAN_EQUITY":null,"LOAN_ASSETS":null,"DEPOSIT_EQUITY":null,"DEPOSIT_ASSETS":null,"EQUITY_MULTIPLIER":1.535182178569,"EQUITY_RATIO":0.53518217857},{"SECUCODE":"00690.HK","SECURITY_CODE":"00690","SECURITY_NAME_ABBR":"联康生物科技集团","ORG_CODE":"10009059","STD_REPORT_DATE":"2021-06-30 00:00:00","REPORT_DATE":"2021-06-30 00:00:00","DATE_TYPE_CODE":"002","REPORT_TYPE":"2021年中报","PER_NETCASH_OPERATE":0.005198350192,"PER_OI":0.020390740024,"BPS":0.027114654904,"BASIC_EPS":0.000249624,"DILUTED_EPS":0.000249624,"OPERATE_INCOME":130623246.72,"OPERATE_INCOME_YOY":132.7999644091,"GROSS_PROFIT":103547363.52,"GROSS_PROFIT_YOY":97.787253816962,"HOLDER_PROFIT":1595097.36,"HOLDER_PROFIT_YOY":116.7306685285,"GROSS_PROFIT_RATIO":79.271772919533,"EPS_TTM":-0.007487288367,"OPERATE_INCOME_QOQ":39.283811085139,"NET_PROFIT_RATIO":1.221143556,"ROE_AVG":0.998455701015,"GROSS_PROFIT_QOQ":33.588651294508,"ROA":0.709390449688,"HOLDER_PROFIT_QOQ":20.093808113423,"ROE_YEARLY":1.996911402031,"ROIC_YEARLY":1.833476000784,"TOTAL_ASSETS":239428523.76,"TOTAL_LIABILITIES":77520733.2,"TAX_EBT":33.667820069204,"OCF_SALES":25.493680884676,"TOTAL_PARENT_EQUITY":161907790.56,"DEBT_ASSET_RATIO":32.3774009807,"OPERATE_PROFIT":2631869.04,"PRETAX_PROFIT":2404711.2,"NETCASH_OPERATE":33300673.68,"NETCASH_INVEST":26844564.96,"NETCASH_FINANCE":-1927097.28,"END_CASH":80903138.4,"DIVI_RATIO":null,"DIVIDEND_RATE":null,"CURRENT_RATIO":2.432477960582,"COMMON_ACS":500000000000,"CURRENTDEBT_DEBT":95.577738421081,"ISSUED_COMMON_SHARES":5971228147,"HK_COMMON_SHARES":5971228147,"PER_SHARES":20000,"TOTAL_MARKET_CAP":310503863.644,"HKSK_MARKET_CAP":310503863.644,"PE_TTM":3.140939575791,"PB_TTM":0.993126129108,"REPORT_DATE_SQ":"2020-06-30 00:00:00","REPORT_TYPE_SQ":"2020年中报","OPERATE_INCOME_SQ":61595999.52,"DPS_HKD":null,"OPERATE_INCOME_QOQ_SQ":-12.795184544657,"NET_PROFIT_RATIO_SQ":-16.9916806311,"HOLDER_PROFIT_SQ":-10466195.52,"HOLDER_PROFIT_QOQ_SQ":-2268.0350986662,"ROE_AVG_SQ":-4.901126258111,"PE_TTM_SQ":8.182530017827,"PB_TTM_SQ":2.303540255776,"ROA_SQ":-4.149006472638,"START_DATE":"2021-01-01 00:00:00","FISCAL_YEAR":"12-31","CURRENCY":"HKD","IS_CNY_CODE":0,"DPS_HKD_LY":null,"ORG_TYPE":"一般企业","PREMIUM_INCOME":null,"PREMIUM_INCOME_YOY":null,"NET_INTEREST_INCOME":null,"NET_INTEREST_INCOME_YOY":null,"FEE_COMMISSION_INCOME":null,"FEE_COMMISSION_INCOME_YOY":null,"ACCOUNTS_RECE_TDAYS":1.899336979141,"INVENTORY_TDAYS":1.374648839322,"CURRENT_ASSETS_TDAYS":0.788787028407,"TOTAL_ASSETS_TDAYS":0.580923058705,"PREMIUM_EXPENSE":null,"LOAN_DEPOSIT":null,"LOAN_EQUITY":null,"LOAN_ASSETS":null,"DEPOSIT_EQUITY":null,"DEPOSIT_ASSETS":null,"EQUITY_MULTIPLIER":1.478795572046,"EQUITY_RATIO":0.478795572047},{"SECUCODE":"00690.HK","SECURITY_CODE":"00690","SECURITY_NAME_ABBR":"联康生物科技集团","ORG_CODE":"10009059","STD_REPORT_DATE":"2020-12-31 00:00:00","REPORT_DATE":"2020-12-31 00:00:00","DATE_TYPE_CODE":"001","REPORT_TYPE":"2020年年报","PER_NETCASH_OPERATE":-0.002037790762,"PER_OI":0.027493977257,"BPS":0.026697334303,"BASIC_EPS":-0.009342204,"DILUTED_EPS":-0.009342204,"OPERATE_INCOME":175714232.64,"OPERATE_INCOME_YOY":-0.321319271,"GROSS_PROFIT":152415954.16,"GROSS_PROFIT_YOY":-6.262846278535,"HOLDER_PROFIT":-60024923.16,"HOLDER_PROFIT_YOY":-3000.3253355022,"GROSS_PROFIT_RATIO":86.740813120282,"EPS_TTM":-0.009392089914,"OPERATE_INCOME_QOQ":7.395681915115,"NET_PROFIT_RATIO":-34.1605356938,"ROE_AVG":-33.105340237339,"GROSS_PROFIT_QOQ":5.958551810646,"ROA":-25.97337800681,"HOLDER_PROFIT_QOQ":-25.691356554196,"ROE_YEARLY":-33.105340237339,"ROIC_YEARLY":-32.643262541194,"TOTAL_ASSETS":212696735.88,"TOTAL_LIABILITIES":53280861.84,"TAX_EBT":-0.532837146361,"OCF_SALES":-7.411771467985,"TOTAL_PARENT_EQUITY":159415874.04,"DEBT_ASSET_RATIO":25.0501549164,"OPERATE_PROFIT":-35873221.72,"PRETAX_PROFIT":-59706783.24,"NETCASH_OPERATE":-13023537.36,"NETCASH_INVEST":-20743901.08,"NETCASH_FINANCE":-4549905.84,"END_CASH":21051099.68,"DIVI_RATIO":null,"DIVIDEND_RATE":null,"CURRENT_RATIO":3.005350162327,"COMMON_ACS":500000000000,"CURRENTDEBT_DEBT":95.365368211544,"ISSUED_COMMON_SHARES":5971228147,"HK_COMMON_SHARES":5971228147,"PER_SHARES":20000,"TOTAL_MARKET_CAP":310503863.644,"HKSK_MARKET_CAP":310503863.644,"PE_TTM":3.140939575791,"PB_TTM":0.993126129108,"REPORT_DATE_SQ":"2019-12-31 00:00:00","REPORT_TYPE_SQ":"2019年年报","OPERATE_INCOME_SQ":187620225.22,"DPS_HKD":null,"OPERATE_INCOME_QOQ_SQ":21.954273034624,"NET_PROFIT_RATIO_SQ":1.1740328194,"HOLDER_PROFIT_SQ":2202723.02,"HOLDER_PROFIT_QOQ_SQ":107.69731843562,"ROE_AVG_SQ":1.109657039711,"PE_TTM_SQ":8.182530017827,"PB_TTM_SQ":2.303540255776,"ROA_SQ":0.912598046766,"START_DATE":"2020-01-01 00:00:00","FISCAL_YEAR":"12-31","CURRENCY":"HKD","IS_CNY_CODE":0,"DPS_HKD_LY":null,"ORG_TYPE":"一般企业","PREMIUM_INCOME":null,"PREMIUM_INCOME_YOY":null,"NET_INTEREST_INCOME":null,"NET_INTEREST_INCOME_YOY":null,"FEE_COMMISSION_INCOME":null,"FEE_COMMISSION_INCOME_YOY":null,"ACCOUNTS_RECE_TDAYS":2.471818854521,"INVENTORY_TDAYS":1.854367631297,"CURRENT_ASSETS_TDAYS":1.116723899997,"TOTAL_ASSETS_TDAYS":0.760332865961,"PREMIUM_EXPENSE":null,"LOAN_DEPOSIT":null,"LOAN_EQUITY":null,"LOAN_ASSETS":null,"DEPOSIT_EQUITY":null,"DEPOSIT_ASSETS":null,"EQUITY_MULTIPLIER":1.334225572961,"EQUITY_RATIO":0.33422557296},{"SECUCODE":"00690.HK","SECURITY_CODE":"00690","SECURITY_NAME_ABBR":"联康生物科技集团","ORG_CODE":"10009059","STD_REPORT_DATE":"2020-06-30 00:00:00","REPORT_DATE":"2020-06-30 00:00:00","DATE_TYPE_CODE":"002","REPORT_TYPE":"2020年中报","PER_NETCASH_OPERATE":0.001294584226,"PER_OI":0.009585779958,"BPS":0.034589768462,"BASIC_EPS":-0.001644192,"DILUTED_EPS":-0.001644192,"OPERATE_INCOME":61595999.52,"OPERATE_INCOME_YOY":-30.705044547,"GROSS_PROFIT":52352900.16,"GROSS_PROFIT_YOY":-26.374804968908,"HOLDER_PROFIT":-10466195.52,"HOLDER_PROFIT_YOY":-125.5217730259,"GROSS_PROFIT_RATIO":84.993994038527,"EPS_TTM":-0.007431922084,"OPERATE_INCOME_QOQ":-12.795184544657,"NET_PROFIT_RATIO":-16.9916806311,"ROE_AVG":-4.901126258111,"GROSS_PROFIT_QOQ":-11.53413092227,"ROA":-4.149006472638,"HOLDER_PROFIT_QOQ":-2268.0350986662,"ROE_YEARLY":-9.802252516222,"ROIC_YEARLY":-10.913160463843,"TOTAL_ASSETS":233723719.68,"TOTAL_LIABILITIES":27180320.64,"TAX_EBT":-3.6641635755,"OCF_SALES":13.505257069981,"TOTAL_PARENT_EQUITY":206543399.04,"DEBT_ASSET_RATIO":11.6292521261,"OPERATE_PROFIT":-9848710.08,"PRETAX_PROFIT":-10096252.32,"NETCASH_OPERATE":8318698.08,"NETCASH_INVEST":-26846001.6,"NETCASH_FINANCE":-20095.68,"END_CASH":41248210.08,"DIVI_RATIO":null,"DIVIDEND_RATE":null,"CURRENT_RATIO":5.290404986546,"COMMON_ACS":500000000000,"CURRENTDEBT_DEBT":98.665815297755,"ISSUED_COMMON_SHARES":5971228147,"HK_COMMON_SHARES":5971228147,"PER_SHARES":20000,"TOTAL_MARKET_CAP":310503863.644,"HKSK_MARKET_CAP":310503863.644,"PE_TTM":3.140939575791,"PB_TTM":0.993126129108,"REPORT_DATE_SQ":"2019-06-30 00:00:00","REPORT_TYPE_SQ":"2019年中报","OPERATE_INCOME_SQ":85602353.58,"DPS_HKD":null,"OPERATE_INCOME_QOQ_SQ":29.812472228166,"NET_PROFIT_RATIO_SQ":46.1346377154,"HOLDER_PROFIT_SQ":39492335.7,"HOLDER_PROFIT_QOQ_SQ":76.430119882956,"ROE_AVG_SQ":19.63206548832,"PE_TTM_SQ":8.182530017827,"PB_TTM_SQ":2.303540255776,"ROA_SQ":16.333264815721,"START_DATE":"2020-01-01 00:00:00","FISCAL_YEAR":"12-31","CURRENCY":"HKD","IS_CNY_CODE":0,"DPS_HKD_LY":null,"ORG_TYPE":"一般企业","PREMIUM_INCOME":null,"PREMIUM_INCOME_YOY":null,"NET_INTEREST_INCOME":null,"NET_INTEREST_INCOME_YOY":null,"FEE_COMMISSION_INCOME":null,"FEE_COMMISSION_INCOME_YOY":null,"ACCOUNTS_RECE_TDAYS":1.030857072973,"INVENTORY_TDAYS":0.66089739403,"CURRENT_ASSETS_TDAYS":0.387779982173,"TOTAL_ASSETS_TDAYS":0.244178699135,"PREMIUM_EXPENSE":null,"LOAN_DEPOSIT":null,"LOAN_EQUITY":null,"LOAN_ASSETS":null,"DEPOSIT_EQUITY":null,"DEPOSIT_ASSETS":null,"EQUITY_MULTIPLIER":1.131596171877,"EQUITY_RATIO":0.131596171876}],"count":47},"success":true,"message":"ok","code":0}