{"version":"9f04fbc358a10232227a8b5409f643aa","result":{"pages":6,"data":[{"SECUCODE":"00696.HK","SECURITY_CODE":"00696","SECURITY_NAME_ABBR":"中国民航信息网络","ORG_CODE":"10022827","STD_REPORT_DATE":"2024-06-30 00:00:00","REPORT_DATE":"2024-06-30 00:00:00","DATE_TYPE_CODE":"002","REPORT_TYPE":"2024年中报","PER_NETCASH_OPERATE":0.439967103805,"PER_OI":1.381237771684,"BPS":7.337863895818,"BASIC_EPS":0.47,"DILUTED_EPS":0.47,"OPERATE_INCOME":4041791212.19,"OPERATE_INCOME_YOY":22.1987395082,"GROSS_PROFIT":2407668118.77,"GROSS_PROFIT_YOY":28.837036275463,"HOLDER_PROFIT":1367221060.18,"HOLDER_PROFIT_YOY":13.8985126258,"GROSS_PROFIT_RATIO":59.569334296846,"EPS_TTM":0.535090781855,"OPERATE_INCOME_QOQ":10.513341131152,"NET_PROFIT_RATIO":34.0644876593,"ROE_AVG":6.519383837814,"GROSS_PROFIT_QOQ":14.694566250597,"ROA":4.757446615577,"HOLDER_PROFIT_QOQ":11.925763106267,"ROE_YEARLY":13.038767675629,"ROIC_YEARLY":13.881600219125,"TOTAL_ASSETS":29976965769.77,"TOTAL_LIABILITIES":7949063845.95,"TAX_EBT":14.255690637719,"OCF_SALES":31.853103993029,"TOTAL_PARENT_EQUITY":21472127694.72,"DEBT_ASSET_RATIO":26.5172396266,"OPERATE_PROFIT":1527068537.08,"PRETAX_PROFIT":1605722267.67,"NETCASH_OPERATE":1287435958,"NETCASH_INVEST":689582177.56,"NETCASH_FINANCE":302233385.75,"END_CASH":9562540286.34,"DIVI_RATIO":0.297460704234,"DIVIDEND_RATE":1.527304347826,"CURRENT_RATIO":2.648461913471,"COMMON_ACS":null,"CURRENTDEBT_DEBT":99.254898420269,"ISSUED_COMMON_SHARES":2926209589,"HK_COMMON_SHARES":932562000,"PER_SHARES":1000,"TOTAL_MARKET_CAP":33651410273.5,"HKSK_MARKET_CAP":10724463000,"PE_TTM":19.342262434669,"PB_TTM":1.430364496946,"REPORT_DATE_SQ":"2023-06-30 00:00:00","REPORT_TYPE_SQ":"2023年中报","OPERATE_INCOME_SQ":3307555567.64,"DPS_HKD":0.17564,"OPERATE_INCOME_QOQ_SQ":19.876078799516,"NET_PROFIT_RATIO_SQ":36.5119767787,"HOLDER_PROFIT_SQ":1200385350.66,"HOLDER_PROFIT_QOQ_SQ":120.886287157422,"ROE_AVG_SQ":6.075918301467,"PE_TTM_SQ":16.391724700468,"PB_TTM_SQ":1.106642104495,"ROA_SQ":4.494345570464,"START_DATE":"2024-01-01 00:00:00","FISCAL_YEAR":"12-31","CURRENCY":"HKD","IS_CNY_CODE":0,"DPS_HKD_LY":0.17564,"ORG_TYPE":"一般企业","PREMIUM_INCOME":null,"PREMIUM_INCOME_YOY":null,"NET_INTEREST_INCOME":null,"NET_INTEREST_INCOME_YOY":null,"FEE_COMMISSION_INCOME":null,"FEE_COMMISSION_INCOME_YOY":null,"ACCOUNTS_RECE_TDAYS":0.784021627956,"INVENTORY_TDAYS":14.307736660901,"CURRENT_ASSETS_TDAYS":0.207153780764,"TOTAL_ASSETS_TDAYS":0.140640065336,"PREMIUM_EXPENSE":null,"LOAN_DEPOSIT":null,"LOAN_EQUITY":null,"LOAN_ASSETS":null,"DEPOSIT_EQUITY":null,"DEPOSIT_ASSETS":null,"EQUITY_MULTIPLIER":1.360863411933,"EQUITY_RATIO":0.370203826978},{"SECUCODE":"00696.HK","SECURITY_CODE":"00696","SECURITY_NAME_ABBR":"中国民航信息网络","ORG_CODE":"10022827","STD_REPORT_DATE":"2023-12-31 00:00:00","REPORT_DATE":"2023-12-31 00:00:00","DATE_TYPE_CODE":"001","REPORT_TYPE":"2023年年报","PER_NETCASH_OPERATE":0.046964276509,"PER_OI":2.38665298857,"BPS":6.995784747468,"BASIC_EPS":0.48,"DILUTED_EPS":0.48,"OPERATE_INCOME":6983846860.77,"OPERATE_INCOME_YOY":34.0442433918,"GROSS_PROFIT":3667327952.59,"GROSS_PROFIT_YOY":72.968008525506,"HOLDER_PROFIT":1398952067.33,"HOLDER_PROFIT_YOY":123.0999292511,"GROSS_PROFIT_RATIO":52.511574576331,"EPS_TTM":0.478076509827,"OPERATE_INCOME_QOQ":11.81900904181,"NET_PROFIT_RATIO":20.7317829299,"ROE_AVG":7.047526758573,"GROSS_PROFIT_QOQ":22.965350245135,"ROA":5.305433281339,"HOLDER_PROFIT_QOQ":1.091306128076,"ROE_YEARLY":7.047526758573,"ROIC_YEARLY":7.617177861596,"TOTAL_ASSETS":27500129430.98,"TOTAL_LIABILITIES":6481535099.77,"TAX_EBT":10.188972364042,"OCF_SALES":1.96778822617,"TOTAL_PARENT_EQUITY":20471132410.62,"DEBT_ASSET_RATIO":23.5691076147,"OPERATE_PROFIT":1460401903.35,"PRETAX_PROFIT":1612136069.97,"NETCASH_OPERATE":137427316.26,"NETCASH_INVEST":-796241303.01,"NETCASH_FINANCE":449447500.13,"END_CASH":7276531274.65,"DIVI_RATIO":0.332935163156,"DIVIDEND_RATE":1.64765478424,"CURRENT_RATIO":2.926652779262,"COMMON_ACS":null,"CURRENTDEBT_DEBT":95.555966767808,"ISSUED_COMMON_SHARES":2926209589,"HK_COMMON_SHARES":932562000,"PER_SHARES":1000,"TOTAL_MARKET_CAP":31193394218.74,"HKSK_MARKET_CAP":9941110920,"PE_TTM":17.929436309006,"PB_TTM":1.325885698908,"REPORT_DATE_SQ":"2022-12-31 00:00:00","REPORT_TYPE_SQ":"2022年年报","OPERATE_INCOME_SQ":5210105771.09,"DPS_HKD":0.17564,"OPERATE_INCOME_QOQ_SQ":6.115689075041,"NET_PROFIT_RATIO_SQ":13.0376893304,"HOLDER_PROFIT_SQ":627051775.42,"HOLDER_PROFIT_QOQ_SQ":-12.881976047532,"ROE_AVG_SQ":3.298338398306,"PE_TTM_SQ":26.597149453884,"PB_TTM_SQ":1.795633222437,"ROA_SQ":2.539126347113,"START_DATE":"2023-01-01 00:00:00","FISCAL_YEAR":"12-31","CURRENCY":"HKD","IS_CNY_CODE":0,"DPS_HKD_LY":0.05822,"ORG_TYPE":"一般企业","PREMIUM_INCOME":null,"PREMIUM_INCOME_YOY":null,"NET_INTEREST_INCOME":null,"NET_INTEREST_INCOME_YOY":null,"FEE_COMMISSION_INCOME":null,"FEE_COMMISSION_INCOME_YOY":null,"ACCOUNTS_RECE_TDAYS":1.544513987368,"INVENTORY_TDAYS":39.611228314157,"CURRENT_ASSETS_TDAYS":0.400161553737,"TOTAL_ASSETS_TDAYS":0.264857777705,"PREMIUM_EXPENSE":null,"LOAN_DEPOSIT":null,"LOAN_EQUITY":null,"LOAN_ASSETS":null,"DEPOSIT_EQUITY":null,"DEPOSIT_ASSETS":null,"EQUITY_MULTIPLIER":1.308371482775,"EQUITY_RATIO":0.316618297892},{"SECUCODE":"00696.HK","SECURITY_CODE":"00696","SECURITY_NAME_ABBR":"中国民航信息网络","ORG_CODE":"10022827","STD_REPORT_DATE":"2023-06-30 00:00:00","REPORT_DATE":"2023-06-30 00:00:00","DATE_TYPE_CODE":"002","REPORT_TYPE":"2023年中报","PER_NETCASH_OPERATE":0.345574341391,"PER_OI":1.130320801379,"BPS":6.931666135641,"BASIC_EPS":0.41,"DILUTED_EPS":0.41,"OPERATE_INCOME":3307555567.64,"OPERATE_INCOME_YOY":45.5796172593,"GROSS_PROFIT":1868770183.15,"GROSS_PROFIT_YOY":85.652195266937,"HOLDER_PROFIT":1200385350.66,"HOLDER_PROFIT_YOY":170.946452688,"GROSS_PROFIT_RATIO":56.500038924014,"EPS_TTM":0.472915553412,"OPERATE_INCOME_QOQ":19.876078799516,"NET_PROFIT_RATIO":36.5119767787,"ROE_AVG":6.075918301467,"GROSS_PROFIT_QOQ":40.664022979392,"ROA":4.494345570464,"HOLDER_PROFIT_QOQ":120.886287157422,"ROE_YEARLY":12.151836602935,"ROIC_YEARLY":13.290622916461,"TOTAL_ASSETS":28181129502.66,"TOTAL_LIABILITIES":7377501262.35,"TAX_EBT":10.335838681532,"OCF_SALES":30.573120566241,"TOTAL_PARENT_EQUITY":20283507913.86,"DEBT_ASSET_RATIO":26.1788700189,"OPERATE_PROFIT":1275020391.11,"PRETAX_PROFIT":1346863566.27,"NETCASH_OPERATE":1011222951.49,"NETCASH_INVEST":-423617531.17,"NETCASH_FINANCE":487652947.12,"END_CASH":8576563225.1,"DIVI_RATIO":0.336568504994,"DIVIDEND_RATE":1.64765478424,"CURRENT_RATIO":2.75027193654,"COMMON_ACS":null,"CURRENTDEBT_DEBT":95.070949039266,"ISSUED_COMMON_SHARES":2926209589,"HK_COMMON_SHARES":932562000,"PER_SHARES":1000,"TOTAL_MARKET_CAP":31193394218.74,"HKSK_MARKET_CAP":9941110920,"PE_TTM":17.929436309006,"PB_TTM":1.325885698908,"REPORT_DATE_SQ":"2022-06-30 00:00:00","REPORT_TYPE_SQ":"2022年中报","OPERATE_INCOME_SQ":2271990839.04,"DPS_HKD":0.17564,"OPERATE_INCOME_QOQ_SQ":-10.341920486315,"NET_PROFIT_RATIO_SQ":20.0625913902,"HOLDER_PROFIT_SQ":443034163.67,"HOLDER_PROFIT_QOQ_SQ":30.443909960787,"ROE_AVG_SQ":2.343804298082,"PE_TTM_SQ":26.597149453884,"PB_TTM_SQ":1.795633222437,"ROA_SQ":1.807734753388,"START_DATE":"2023-01-01 00:00:00","FISCAL_YEAR":"12-31","CURRENCY":"HKD","IS_CNY_CODE":0,"DPS_HKD_LY":0.05822,"ORG_TYPE":"一般企业","PREMIUM_INCOME":null,"PREMIUM_INCOME_YOY":null,"NET_INTEREST_INCOME":null,"NET_INTEREST_INCOME_YOY":null,"FEE_COMMISSION_INCOME":null,"FEE_COMMISSION_INCOME_YOY":null,"ACCOUNTS_RECE_TDAYS":0.719509427202,"INVENTORY_TDAYS":17.664518835324,"CURRENT_ASSETS_TDAYS":0.183401795067,"TOTAL_ASSETS_TDAYS":0.1238377135,"PREMIUM_EXPENSE":null,"LOAN_DEPOSIT":null,"LOAN_EQUITY":null,"LOAN_ASSETS":null,"DEPOSIT_EQUITY":null,"DEPOSIT_ASSETS":null,"EQUITY_MULTIPLIER":1.354625701687,"EQUITY_RATIO":0.363719199543},{"SECUCODE":"00696.HK","SECURITY_CODE":"00696","SECURITY_NAME_ABBR":"中国民航信息网络","ORG_CODE":"10022827","STD_REPORT_DATE":"2022-12-31 00:00:00","REPORT_DATE":"2022-12-31 00:00:00","DATE_TYPE_CODE":"001","REPORT_TYPE":"2022年年报","PER_NETCASH_OPERATE":0.456669458375,"PER_OI":1.780496445188,"BPS":6.571128217064,"BASIC_EPS":0.21,"DILUTED_EPS":0.21,"OPERATE_INCOME":5210105771.09,"OPERATE_INCOME_YOY":-4.8587111126,"GROSS_PROFIT":2120234824.84,"GROSS_PROFIT_YOY":-2.013059565709,"HOLDER_PROFIT":627051775.42,"HOLDER_PROFIT_YOY":13.6401567242,"GROSS_PROFIT_RATIO":40.694659916596,"EPS_TTM":0.214099100264,"OPERATE_INCOME_QOQ":6.115689075041,"NET_PROFIT_RATIO":13.0376893304,"ROE_AVG":3.298338398306,"GROSS_PROFIT_QOQ":21.863377926554,"ROA":2.539126347113,"HOLDER_PROFIT_QOQ":-12.881976047532,"ROE_YEARLY":3.298338398306,"ROIC_YEARLY":3.650575435825,"TOTAL_ASSETS":25237623430.91,"TOTAL_LIABILITIES":5495393104.48,"TAX_EBT":7.520542894967,"OCF_SALES":25.648434154926,"TOTAL_PARENT_EQUITY":19229378570.15,"DEBT_ASSET_RATIO":21.775232793,"OPERATE_PROFIT":572143909.96,"PRETAX_PROFIT":735138844.79,"NETCASH_OPERATE":1336310548.1,"NETCASH_INVEST":-142230353.43,"NETCASH_FINANCE":-97552801.2,"END_CASH":7475848342.25,"DIVI_RATIO":0.743433674422,"DIVIDEND_RATE":1.64765478424,"CURRENT_RATIO":3.262671601427,"COMMON_ACS":null,"CURRENTDEBT_DEBT":93.581968635829,"ISSUED_COMMON_SHARES":2926209589,"HK_COMMON_SHARES":932562000,"PER_SHARES":1000,"TOTAL_MARKET_CAP":31193394218.74,"HKSK_MARKET_CAP":9941110920,"PE_TTM":17.929436309006,"PB_TTM":1.325885698908,"REPORT_DATE_SQ":"2021-12-31 00:00:00","REPORT_TYPE_SQ":"2021年年报","OPERATE_INCOME_SQ":5476177411.53,"DPS_HKD":0.17564,"OPERATE_INCOME_QOQ_SQ":-9.295136818045,"NET_PROFIT_RATIO_SQ":11.1593293346,"HOLDER_PROFIT_SQ":551300577.41,"HOLDER_PROFIT_QOQ_SQ":-42.643590647844,"ROE_AVG_SQ":2.975495050514,"PE_TTM_SQ":26.597149453884,"PB_TTM_SQ":1.795633222437,"ROA_SQ":2.351944097986,"START_DATE":"2022-01-01 00:00:00","FISCAL_YEAR":"12-31","CURRENCY":"HKD","IS_CNY_CODE":0,"DPS_HKD_LY":0.06424,"ORG_TYPE":"一般企业","PREMIUM_INCOME":null,"PREMIUM_INCOME_YOY":null,"NET_INTEREST_INCOME":null,"NET_INTEREST_INCOME_YOY":null,"FEE_COMMISSION_INCOME":null,"FEE_COMMISSION_INCOME_YOY":null,"ACCOUNTS_RECE_TDAYS":1.284836405904,"INVENTORY_TDAYS":43.236842826198,"CURRENT_ASSETS_TDAYS":0.321437213188,"TOTAL_ASSETS_TDAYS":0.211159478453,"PREMIUM_EXPENSE":null,"LOAN_DEPOSIT":null,"LOAN_EQUITY":null,"LOAN_ASSETS":null,"DEPOSIT_EQUITY":null,"DEPOSIT_ASSETS":null,"EQUITY_MULTIPLIER":1.278367498818,"EQUITY_RATIO":0.285781107509},{"SECUCODE":"00696.HK","SECURITY_CODE":"00696","SECURITY_NAME_ABBR":"中国民航信息网络","ORG_CODE":"10022827","STD_REPORT_DATE":"2022-06-30 00:00:00","REPORT_DATE":"2022-06-30 00:00:00","DATE_TYPE_CODE":"002","REPORT_TYPE":"2022年中报","PER_NETCASH_OPERATE":0.169731687876,"PER_OI":0.77642792491,"BPS":6.508231672027,"BASIC_EPS":0.15,"DILUTED_EPS":0.15,"OPERATE_INCOME":2271990839.04,"OPERATE_INCOME_YOY":-19.9533304566,"GROSS_PROFIT":1006597406.76,"GROSS_PROFIT_YOY":-29.635385809811,"HOLDER_PROFIT":443034163.67,"HOLDER_PROFIT_YOY":60.9881746099,"GROSS_PROFIT_RATIO":44.304641967013,"EPS_TTM":0.245757525884,"OPERATE_INCOME_QOQ":-10.341920486315,"NET_PROFIT_RATIO":20.0625913902,"ROE_AVG":2.343804298082,"GROSS_PROFIT_QOQ":-19.592791450975,"ROA":1.807734753388,"HOLDER_PROFIT_QOQ":30.443909960787,"ROE_YEARLY":4.687608596163,"ROIC_YEARLY":4.934464690738,"TOTAL_ASSETS":24904255877.79,"TOTAL_LIABILITIES":5378032427.21,"TAX_EBT":1.47787029426,"OCF_SALES":21.860585178674,"TOTAL_PARENT_EQUITY":19044449926.12,"DEBT_ASSET_RATIO":21.5948328414,"OPERATE_PROFIT":380991268.56,"PRETAX_PROFIT":462657719.46,"NETCASH_OPERATE":496670492.62,"NETCASH_INVEST":-1470683907.48,"NETCASH_FINANCE":165254207.6,"END_CASH":5555889791.2,"DIVI_RATIO":0.647664726554,"DIVIDEND_RATE":1.64765478424,"CURRENT_RATIO":3.304357256801,"COMMON_ACS":null,"CURRENTDEBT_DEBT":93.13682253676,"ISSUED_COMMON_SHARES":2926209589,"HK_COMMON_SHARES":932562000,"PER_SHARES":1000,"TOTAL_MARKET_CAP":31193394218.74,"HKSK_MARKET_CAP":9941110920,"PE_TTM":17.929436309006,"PB_TTM":1.325885698908,"REPORT_DATE_SQ":"2021-06-30 00:00:00","REPORT_TYPE_SQ":"2021年中报","OPERATE_INCOME_SQ":2838332752.63,"DPS_HKD":0.17564,"OPERATE_INCOME_QOQ_SQ":10.058766811227,"NET_PROFIT_RATIO_SQ":10.3900620752,"HOLDER_PROFIT_SQ":275196712.27,"HOLDER_PROFIT_QOQ_SQ":164.935080392805,"ROE_AVG_SQ":1.49529101156,"PE_TTM_SQ":26.597149453884,"PB_TTM_SQ":1.795633222437,"ROA_SQ":1.184289759685,"START_DATE":"2022-01-01 00:00:00","FISCAL_YEAR":"12-31","CURRENCY":"HKD","IS_CNY_CODE":0,"DPS_HKD_LY":0.06424,"ORG_TYPE":"一般企业","PREMIUM_INCOME":null,"PREMIUM_INCOME_YOY":null,"NET_INTEREST_INCOME":null,"NET_INTEREST_INCOME_YOY":null,"FEE_COMMISSION_INCOME":null,"FEE_COMMISSION_INCOME_YOY":null,"ACCOUNTS_RECE_TDAYS":0.562114931625,"INVENTORY_TDAYS":17.840084788117,"CURRENT_ASSETS_TDAYS":0.141161624293,"TOTAL_ASSETS_TDAYS":0.092705193773,"PREMIUM_EXPENSE":null,"LOAN_DEPOSIT":null,"LOAN_EQUITY":null,"LOAN_ASSETS":null,"DEPOSIT_EQUITY":null,"DEPOSIT_ASSETS":null,"EQUITY_MULTIPLIER":1.275426143761,"EQUITY_RATIO":0.282393686773},{"SECUCODE":"00696.HK","SECURITY_CODE":"00696","SECURITY_NAME_ABBR":"中国民航信息网络","ORG_CODE":"10022827","STD_REPORT_DATE":"2021-12-31 00:00:00","REPORT_DATE":"2021-12-31 00:00:00","DATE_TYPE_CODE":"001","REPORT_TYPE":"2021年年报","PER_NETCASH_OPERATE":1.005678297741,"PER_OI":1.871423507091,"BPS":6.411111590374,"BASIC_EPS":0.19,"DILUTED_EPS":0.19,"OPERATE_INCOME":5476177411.53,"OPERATE_INCOME_YOY":-0.1713461441,"GROSS_PROFIT":2163793272.29,"GROSS_PROFIT_YOY":-9.829116788227,"HOLDER_PROFIT":551300577.41,"HOLDER_PROFIT_YOY":51.9572492276,"GROSS_PROFIT_RATIO":39.512840977982,"EPS_TTM":0.188400919566,"OPERATE_INCOME_QOQ":-9.295136818045,"NET_PROFIT_RATIO":11.1593293346,"ROE_AVG":2.975495050514,"GROSS_PROFIT_QOQ":-23.268507049714,"ROA":2.351944097986,"HOLDER_PROFIT_QOQ":-42.643590647844,"ROE_YEARLY":2.975495050514,"ROIC_YEARLY":3.148798909304,"TOTAL_ASSETS":24111138979.19,"TOTAL_LIABILITIES":4881056042.58,"TAX_EBT":7.949985562726,"OCF_SALES":53.738680417912,"TOTAL_PARENT_EQUITY":18760256211.9,"DEBT_ASSET_RATIO":20.2439878381,"OPERATE_PROFIT":566305763.09,"PRETAX_PROFIT":663883298.7,"NETCASH_OPERATE":2942825478.3,"NETCASH_INVEST":-796759410.91,"NETCASH_FINANCE":-165566853.94,"END_CASH":6339602541.52,"DIVI_RATIO":0.844839192753,"DIVIDEND_RATE":1.64765478424,"CURRENT_RATIO":3.27684138671,"COMMON_ACS":null,"CURRENTDEBT_DEBT":97.775392044206,"ISSUED_COMMON_SHARES":2926209589,"HK_COMMON_SHARES":932562000,"PER_SHARES":1000,"TOTAL_MARKET_CAP":31193394218.74,"HKSK_MARKET_CAP":9941110920,"PE_TTM":17.929436309006,"PB_TTM":1.325885698908,"REPORT_DATE_SQ":"2020-12-31 00:00:00","REPORT_TYPE_SQ":"2020年年报","OPERATE_INCOME_SQ":5485576735.75,"DPS_HKD":0.17564,"OPERATE_INCOME_QOQ_SQ":-16.428788196293,"NET_PROFIT_RATIO_SQ":7.5094516135,"HOLDER_PROFIT_SQ":362799787.58,"HOLDER_PROFIT_QOQ_SQ":-54.460754061568,"ROE_AVG_SQ":1.957155436145,"PE_TTM_SQ":26.597149453884,"PB_TTM_SQ":1.795633222437,"ROA_SQ":1.563264583748,"START_DATE":"2021-01-01 00:00:00","FISCAL_YEAR":"12-31","CURRENCY":"HKD","IS_CNY_CODE":0,"DPS_HKD_LY":0.01932,"ORG_TYPE":"一般企业","PREMIUM_INCOME":null,"PREMIUM_INCOME_YOY":null,"NET_INTEREST_INCOME":null,"NET_INTEREST_INCOME_YOY":null,"FEE_COMMISSION_INCOME":null,"FEE_COMMISSION_INCOME_YOY":null,"ACCOUNTS_RECE_TDAYS":1.310090588431,"INVENTORY_TDAYS":47.65573495603,"CURRENT_ASSETS_TDAYS":0.373421680831,"TOTAL_ASSETS_TDAYS":0.233623247831,"PREMIUM_EXPENSE":null,"LOAN_DEPOSIT":null,"LOAN_EQUITY":null,"LOAN_ASSETS":null,"DEPOSIT_EQUITY":null,"DEPOSIT_ASSETS":null,"EQUITY_MULTIPLIER":1.253823972505,"EQUITY_RATIO":0.260180670639},{"SECUCODE":"00696.HK","SECURITY_CODE":"00696","SECURITY_NAME_ABBR":"中国民航信息网络","ORG_CODE":"10022827","STD_REPORT_DATE":"2021-06-30 00:00:00","REPORT_DATE":"2021-06-30 00:00:00","DATE_TYPE_CODE":"002","REPORT_TYPE":"2021年中报","PER_NETCASH_OPERATE":0.341366782204,"PER_OI":0.969969055976,"BPS":6.326494016188,"BASIC_EPS":0.09,"DILUTED_EPS":0.09,"OPERATE_INCOME":2838332752.63,"OPERATE_INCOME_YOY":24.1315973391,"GROSS_PROFIT":1430544910.03,"GROSS_PROFIT_YOY":41.603226385166,"HOLDER_PROFIT":275196712.27,"HOLDER_PROFIT_YOY":185.1508148438,"GROSS_PROFIT_RATIO":50.400887940445,"EPS_TTM":0.328474047964,"OPERATE_INCOME_QOQ":10.058766811227,"NET_PROFIT_RATIO":10.3900620752,"ROE_AVG":1.49529101156,"GROSS_PROFIT_QOQ":17.514829628291,"ROA":1.184289759685,"HOLDER_PROFIT_QOQ":164.935080392805,"ROE_YEARLY":2.990582023121,"ROIC_YEARLY":3.013007900469,"TOTAL_ASSETS":23705281364.92,"TOTAL_LIABILITIES":4731786264.72,"TAX_EBT":9.977604913306,"OCF_SALES":35.19357448574,"TOTAL_PARENT_EQUITY":18512647454.92,"DEBT_ASSET_RATIO":19.9608947554,"OPERATE_PROFIT":285096914.53,"PRETAX_PROFIT":327590189.77,"NETCASH_OPERATE":998910751.45,"NETCASH_INVEST":-909875581.41,"NETCASH_FINANCE":-41467727.16,"END_CASH":4426355098,"DIVI_RATIO":0.484569425763,"DIVIDEND_RATE":1.64765478424,"CURRENT_RATIO":3.170350767154,"COMMON_ACS":null,"CURRENTDEBT_DEBT":97.505942487726,"ISSUED_COMMON_SHARES":2926209589,"HK_COMMON_SHARES":932562000,"PER_SHARES":1000,"TOTAL_MARKET_CAP":31193394218.74,"HKSK_MARKET_CAP":9941110920,"PE_TTM":17.929436309006,"PB_TTM":1.325885698908,"REPORT_DATE_SQ":"2020-06-30 00:00:00","REPORT_TYPE_SQ":"2020年中报","OPERATE_INCOME_SQ":2286551380.53,"DPS_HKD":0.17564,"OPERATE_INCOME_QOQ_SQ":-19.179767518343,"NET_PROFIT_RATIO_SQ":-13.3954589248,"HOLDER_PROFIT_SQ":-323187409.04,"HOLDER_PROFIT_QOQ_SQ":-68.670131792497,"ROE_AVG_SQ":-1.776276936697,"PE_TTM_SQ":26.597149453884,"PB_TTM_SQ":1.795633222437,"ROA_SQ":-1.408663264475,"START_DATE":"2021-01-01 00:00:00","FISCAL_YEAR":"12-31","CURRENCY":"HKD","IS_CNY_CODE":0,"DPS_HKD_LY":0.01932,"ORG_TYPE":"一般企业","PREMIUM_INCOME":null,"PREMIUM_INCOME_YOY":null,"NET_INTEREST_INCOME":null,"NET_INTEREST_INCOME_YOY":null,"FEE_COMMISSION_INCOME":null,"FEE_COMMISSION_INCOME_YOY":null,"ACCOUNTS_RECE_TDAYS":0.609024567977,"INVENTORY_TDAYS":16.793370197323,"CURRENT_ASSETS_TDAYS":0.200458770504,"TOTAL_ASSETS_TDAYS":0.122145660309,"PREMIUM_EXPENSE":null,"LOAN_DEPOSIT":null,"LOAN_EQUITY":null,"LOAN_ASSETS":null,"DEPOSIT_EQUITY":null,"DEPOSIT_ASSETS":null,"EQUITY_MULTIPLIER":1.249389279083,"EQUITY_RATIO":0.255597492268},{"SECUCODE":"00696.HK","SECURITY_CODE":"00696","SECURITY_NAME_ABBR":"中国民航信息网络","ORG_CODE":"10022827","STD_REPORT_DATE":"2020-12-31 00:00:00","REPORT_DATE":"2020-12-31 00:00:00","DATE_TYPE_CODE":"001","REPORT_TYPE":"2020年年报","PER_NETCASH_OPERATE":0.056118538401,"PER_OI":1.874635622948,"BPS":6.252389196381,"BASIC_EPS":0.12,"DILUTED_EPS":0.12,"OPERATE_INCOME":5485576735.75,"OPERATE_INCOME_YOY":-32.4575512842,"GROSS_PROFIT":2399658509.73,"GROSS_PROFIT_YOY":-46.625859674912,"HOLDER_PROFIT":362799787.58,"HOLDER_PROFIT_YOY":-85.63741298,"GROSS_PROFIT_RATIO":43.744871785153,"EPS_TTM":0.123982844204,"OPERATE_INCOME_QOQ":-16.428788196293,"NET_PROFIT_RATIO":7.5094516135,"ROE_AVG":1.957155436145,"GROSS_PROFIT_QOQ":-60.052230655786,"ROA":1.563264583748,"HOLDER_PROFIT_QOQ":-54.460754061568,"ROE_YEARLY":1.957155436145,"ROIC_YEARLY":1.988873336765,"TOTAL_ASSETS":22769276068.27,"TOTAL_LIABILITIES":4001117938,"TAX_EBT":-31.122652854048,"OCF_SALES":2.993570468531,"TOTAL_PARENT_EQUITY":18295801220.61,"DEBT_ASSET_RATIO":17.5724424703,"OPERATE_PROFIT":223760988.32,"PRETAX_PROFIT":314161376.18,"NETCASH_OPERATE":164214605.19,"NETCASH_INVEST":-311906222.49,"NETCASH_FINANCE":-691121904.48,"END_CASH":4364935481.69,"DIVI_RATIO":1.283794397704,"DIVIDEND_RATE":1.64765478424,"CURRENT_RATIO":3.548042581597,"COMMON_ACS":null,"CURRENTDEBT_DEBT":96.442373176804,"ISSUED_COMMON_SHARES":2926209589,"HK_COMMON_SHARES":932562000,"PER_SHARES":1000,"TOTAL_MARKET_CAP":31193394218.74,"HKSK_MARKET_CAP":9941110920,"PE_TTM":17.929436309006,"PB_TTM":1.325885698908,"REPORT_DATE_SQ":"2019-12-31 00:00:00","REPORT_TYPE_SQ":"2019年年报","OPERATE_INCOME_SQ":8121672873.94,"DPS_HKD":0.17564,"OPERATE_INCOME_QOQ_SQ":4.195613909045,"NET_PROFIT_RATIO_SQ":32.0422528708,"HOLDER_PROFIT_SQ":2526005844.73,"HOLDER_PROFIT_QOQ_SQ":5.922839137192,"ROE_AVG_SQ":14.210774518649,"PE_TTM_SQ":26.597149453884,"PB_TTM_SQ":1.795633222437,"ROA_SQ":11.11397437737,"START_DATE":"2020-01-01 00:00:00","FISCAL_YEAR":"12-31","CURRENCY":"HKD","IS_CNY_CODE":0,"DPS_HKD_LY":0.31636,"ORG_TYPE":"一般企业","PREMIUM_INCOME":null,"PREMIUM_INCOME_YOY":null,"NET_INTEREST_INCOME":null,"NET_INTEREST_INCOME_YOY":null,"FEE_COMMISSION_INCOME":null,"FEE_COMMISSION_INCOME_YOY":null,"ACCOUNTS_RECE_TDAYS":1.195573573231,"INVENTORY_TDAYS":49.049184149417,"CURRENT_ASSETS_TDAYS":0.394266132216,"TOTAL_ASSETS_TDAYS":0.236367498714,"PREMIUM_EXPENSE":null,"LOAN_DEPOSIT":null,"LOAN_EQUITY":null,"LOAN_ASSETS":null,"DEPOSIT_EQUITY":null,"DEPOSIT_ASSETS":null,"EQUITY_MULTIPLIER":1.213186499721,"EQUITY_RATIO":0.218690501157},{"SECUCODE":"00696.HK","SECURITY_CODE":"00696","SECURITY_NAME_ABBR":"中国民航信息网络","ORG_CODE":"10022827","STD_REPORT_DATE":"2020-06-30 00:00:00","REPORT_DATE":"2020-06-30 00:00:00","DATE_TYPE_CODE":"002","REPORT_TYPE":"2020年中报","PER_NETCASH_OPERATE":-0.070484356546,"PER_OI":0.781403830103,"BPS":6.018397337703,"BASIC_EPS":-0.11,"DILUTED_EPS":-0.11,"OPERATE_INCOME":2286551380.53,"OPERATE_INCOME_YOY":-40.5205254887,"GROSS_PROFIT":1010248810.39,"GROSS_PROFIT_YOY":-71.844989088022,"HOLDER_PROFIT":-323187409.04,"HOLDER_PROFIT_YOY":-122.7118539252,"GROSS_PROFIT_RATIO":90.737359455354,"EPS_TTM":0.272254934505,"OPERATE_INCOME_QOQ":-19.179767518343,"NET_PROFIT_RATIO":-13.3954589248,"ROE_AVG":-1.776276936697,"GROSS_PROFIT_QOQ":-20.124073171098,"ROA":-1.408663264475,"HOLDER_PROFIT_QOQ":-68.670131792497,"ROE_YEARLY":-3.552553873394,"ROIC_YEARLY":-3.697039810907,"TOTAL_ASSETS":22239529000,"TOTAL_LIABILITIES":4155580000,"TAX_EBT":-19.979463432879,"OCF_SALES":-9.020223034605,"TOTAL_PARENT_EQUITY":17611092000,"DEBT_ASSET_RATIO":18.6855575943,"OPERATE_PROFIT":-316116912.38,"PRETAX_PROFIT":-255287320.86,"NETCASH_OPERATE":-181926540.4,"NETCASH_INVEST":1148486228.24,"NETCASH_FINANCE":-50609340.88,"END_CASH":6147320958.09,"DIVI_RATIO":0.584630288114,"DIVIDEND_RATE":1.64765478424,"CURRENT_RATIO":3.337832740821,"COMMON_ACS":null,"CURRENTDEBT_DEBT":95.38098171615,"ISSUED_COMMON_SHARES":2926209589,"HK_COMMON_SHARES":932562000,"PER_SHARES":1000,"TOTAL_MARKET_CAP":31193394218.74,"HKSK_MARKET_CAP":9941110920,"PE_TTM":17.929436309006,"PB_TTM":1.325885698908,"REPORT_DATE_SQ":"2019-06-30 00:00:00","REPORT_TYPE_SQ":"2019年中报","OPERATE_INCOME_SQ":3844269000,"DPS_HKD":0.17564,"OPERATE_INCOME_QOQ_SQ":4.316395601031,"NET_PROFIT_RATIO_SQ":37.524715362,"HOLDER_PROFIT_SQ":1422997000,"HOLDER_PROFIT_QOQ_SQ":3.249024032645,"ROE_AVG_SQ":8.211369758904,"PE_TTM_SQ":26.597149453884,"PB_TTM_SQ":1.795633222437,"ROA_SQ":6.27475941836,"START_DATE":"2020-01-01 00:00:00","FISCAL_YEAR":"12-31","CURRENCY":"HKD","IS_CNY_CODE":0,"DPS_HKD_LY":0.31636,"ORG_TYPE":"一般企业","PREMIUM_INCOME":null,"PREMIUM_INCOME_YOY":null,"NET_INTEREST_INCOME":null,"NET_INTEREST_INCOME_YOY":null,"FEE_COMMISSION_INCOME":null,"FEE_COMMISSION_INCOME_YOY":null,"ACCOUNTS_RECE_TDAYS":0.792686842199,"INVENTORY_TDAYS":2.816535234118,"CURRENT_ASSETS_TDAYS":0.167111190302,"TOTAL_ASSETS_TDAYS":0.099662438884,"PREMIUM_EXPENSE":null,"LOAN_DEPOSIT":null,"LOAN_EQUITY":null,"LOAN_ASSETS":null,"DEPOSIT_EQUITY":null,"DEPOSIT_ASSETS":null,"EQUITY_MULTIPLIER":1.229793835406,"EQUITY_RATIO":0.235963789185}],"count":49},"success":true,"message":"ok","code":0}