{"version":"6ae049817f96317f5f2cbb8aa70df0c4","result":{"pages":6,"data":[{"SECUCODE":"00697.HK","SECURITY_CODE":"00697","SECURITY_NAME_ABBR":"首程控股","ORG_CODE":"10009063","STD_REPORT_DATE":"2024-06-30 00:00:00","REPORT_DATE":"2024-06-30 00:00:00","DATE_TYPE_CODE":"002","REPORT_TYPE":"2024年中报","PER_NETCASH_OPERATE":0.010345321055,"PER_OI":0.067018894636,"BPS":1.259580660378,"BASIC_EPS":0.03331282,"DILUTED_EPS":0.03331282,"OPERATE_INCOME":489053189.24,"OPERATE_INCOME_YOY":55.2380676468,"GROSS_PROFIT":213070622.08,"GROSS_PROFIT_YOY":132.885031775776,"HOLDER_PROFIT":237799686.68,"HOLDER_PROFIT_YOY":-14.0645923072,"GROSS_PROFIT_RATIO":43.567985398708,"EPS_TTM":0.044397526206,"OPERATE_INCOME_QOQ":21.334413780216,"NET_PROFIT_RATIO":45.5262082364,"ROE_AVG":2.608286521002,"GROSS_PROFIT_QOQ":37.295895755474,"ROA":1.869450035453,"HOLDER_PROFIT_QOQ":-11.412902969719,"ROE_YEARLY":5.216573042003,"ROIC_YEARLY":5.311630244272,"TOTAL_ASSETS":13098872802.64,"TOTAL_LIABILITIES":3830714186.2,"TAX_EBT":16.825833023638,"OCF_SALES":15.43642447508,"TOTAL_PARENT_EQUITY":9177324139.44,"DEBT_ASSET_RATIO":29.2446093944,"OPERATE_PROFIT":321779936.88,"PRETAX_PROFIT":267688131.32,"NETCASH_OPERATE":75492326.2,"NETCASH_INVEST":342164644.68,"NETCASH_FINANCE":26835530.04,"END_CASH":2470549007.56,"DIVI_RATIO":1.036983182041,"DIVIDEND_RATE":3.373333333333,"CURRENT_RATIO":3.901834045656,"COMMON_ACS":null,"CURRENTDEBT_DEBT":29.573062137632,"ISSUED_COMMON_SHARES":7286015440,"HK_COMMON_SHARES":7286015440,"PER_SHARES":2000,"TOTAL_MARKET_CAP":10929023160,"HKSK_MARKET_CAP":10929023160,"PE_TTM":30.280845057935,"PB_TTM":1.086885535055,"REPORT_DATE_SQ":"2023-06-30 00:00:00","REPORT_TYPE_SQ":"2023年中报","OPERATE_INCOME_SQ":318244446.5,"DPS_HKD":0.0506,"OPERATE_INCOME_QOQ_SQ":-32.928305984449,"NET_PROFIT_RATIO_SQ":100.1089302528,"HOLDER_PROFIT_SQ":279538804.12,"HOLDER_PROFIT_QOQ_SQ":-28.560747558029,"ROE_AVG_SQ":3.145722513459,"PE_TTM_SQ":18.194518495938,"PB_TTM_SQ":1.212978279174,"ROA_SQ":2.2163957023,"START_DATE":"2024-01-01 00:00:00","FISCAL_YEAR":"12-31","CURRENCY":"HKD","IS_CNY_CODE":0,"DPS_HKD_LY":0.0506,"ORG_TYPE":"一般企业","PREMIUM_INCOME":null,"PREMIUM_INCOME_YOY":null,"NET_INTEREST_INCOME":null,"NET_INTEREST_INCOME_YOY":null,"FEE_COMMISSION_INCOME":null,"FEE_COMMISSION_INCOME_YOY":null,"ACCOUNTS_RECE_TDAYS":2.337063117012,"INVENTORY_TDAYS":null,"CURRENT_ASSETS_TDAYS":0.102187861445,"TOTAL_ASSETS_TDAYS":0.038446665541,"PREMIUM_EXPENSE":null,"LOAN_DEPOSIT":null,"LOAN_EQUITY":null,"LOAN_ASSETS":null,"DEPOSIT_EQUITY":null,"DEPOSIT_ASSETS":null,"EQUITY_MULTIPLIER":1.413319877738,"EQUITY_RATIO":0.417410797308},{"SECUCODE":"00697.HK","SECURITY_CODE":"00697","SECURITY_NAME_ABBR":"首程控股","ORG_CODE":"10009063","STD_REPORT_DATE":"2023-12-31 00:00:00","REPORT_DATE":"2023-12-31 00:00:00","DATE_TYPE_CODE":"001","REPORT_TYPE":"2023年年报","PER_NETCASH_OPERATE":0.023584177431,"PER_OI":0.108633392293,"BPS":1.234246636381,"BASIC_EPS":0.050476454,"DILUTED_EPS":0.050476454,"OPERATE_INCOME":800625433.16,"OPERATE_INCOME_YOY":-44.7760326389,"GROSS_PROFIT":325984552.18,"GROSS_PROFIT_YOY":-65.715165190579,"HOLDER_PROFIT":365718674.3,"HOLDER_PROFIT_YOY":-56.229867355,"GROSS_PROFIT_RATIO":40.716237416212,"EPS_TTM":0.049622780602,"OPERATE_INCOME_QOQ":-16.470626827913,"NET_PROFIT_RATIO":52.0154435085,"ROE_AVG":4.065953346998,"GROSS_PROFIT_QOQ":-32.614548509299,"ROA":2.969714380831,"HOLDER_PROFIT_QOQ":-37.842740908204,"ROE_YEARLY":4.065953346998,"ROIC_YEARLY":4.19798677842,"TOTAL_ASSETS":12254375355.74,"TOTAL_LIABILITIES":3155260484.04,"TAX_EBT":1.480541364473,"OCF_SALES":21.709878457641,"TOTAL_PARENT_EQUITY":8992740049.44,"DEBT_ASSET_RATIO":25.7480319677,"OPERATE_PROFIT":575470543.06,"PRETAX_PROFIT":422707225.22,"NETCASH_OPERATE":173814808.44,"NETCASH_INVEST":-574707505.82,"NETCASH_FINANCE":-750426282.48,"END_CASH":2050388904.06,"DIVI_RATIO":0.927789362902,"DIVIDEND_RATE":4.113821138211,"CURRENT_RATIO":4.233711253211,"COMMON_ACS":null,"CURRENTDEBT_DEBT":38.290019306206,"ISSUED_COMMON_SHARES":7286015440,"HK_COMMON_SHARES":7286015440,"PER_SHARES":2000,"TOTAL_MARKET_CAP":8961798991.2,"HKSK_MARKET_CAP":8961798991.2,"PE_TTM":24.830292947507,"PB_TTM":0.891246138745,"REPORT_DATE_SQ":"2022-12-31 00:00:00","REPORT_TYPE_SQ":"2022年年报","OPERATE_INCOME_SQ":1429061385.43,"DPS_HKD":0.0506,"OPERATE_INCOME_QOQ_SQ":15.769667370968,"NET_PROFIT_RATIO_SQ":57.1535102003,"HOLDER_PROFIT_SQ":823603872.7,"HOLDER_PROFIT_QOQ_SQ":5.625832111385,"ROE_AVG_SQ":9.188754402108,"PE_TTM_SQ":17.724982534752,"PB_TTM_SQ":1.181675613905,"ROA_SQ":6.819995818545,"START_DATE":"2023-01-01 00:00:00","FISCAL_YEAR":"12-31","CURRENCY":"HKD","IS_CNY_CODE":0,"DPS_HKD_LY":0.0868,"ORG_TYPE":"一般企业","PREMIUM_INCOME":null,"PREMIUM_INCOME_YOY":null,"NET_INTEREST_INCOME":null,"NET_INTEREST_INCOME_YOY":null,"FEE_COMMISSION_INCOME":null,"FEE_COMMISSION_INCOME_YOY":null,"ACCOUNTS_RECE_TDAYS":3.157483171286,"INVENTORY_TDAYS":null,"CURRENT_ASSETS_TDAYS":0.153366699884,"TOTAL_ASSETS_TDAYS":0.065012509057,"PREMIUM_EXPENSE":null,"LOAN_DEPOSIT":null,"LOAN_EQUITY":null,"LOAN_ASSETS":null,"DEPOSIT_EQUITY":null,"DEPOSIT_ASSETS":null,"EQUITY_MULTIPLIER":1.346765650124,"EQUITY_RATIO":0.35086752944},{"SECUCODE":"00697.HK","SECURITY_CODE":"00697","SECURITY_NAME_ABBR":"首程控股","ORG_CODE":"10009063","STD_REPORT_DATE":"2023-06-30 00:00:00","REPORT_DATE":"2023-06-30 00:00:00","DATE_TYPE_CODE":"002","REPORT_TYPE":"2023年中报","PER_NETCASH_OPERATE":-0.00231758226,"PER_OI":0.042933046561,"BPS":1.183032219871,"BASIC_EPS":0.038446566,"DILUTED_EPS":0.038169972,"OPERATE_INCOME":318244446.5,"OPERATE_INCOME_YOY":-62.5777878965,"GROSS_PROFIT":91491763.32,"GROSS_PROFIT_YOY":-83.619578568272,"HOLDER_PROFIT":279538804.12,"HOLDER_PROFIT_YOY":-49.6298585222,"GROSS_PROFIT_RATIO":28.748895487796,"EPS_TTM":0.079375441707,"OPERATE_INCOME_QOQ":-32.928305984449,"NET_PROFIT_RATIO":100.1089302528,"ROE_AVG":3.145722513459,"GROSS_PROFIT_QOQ":-49.121310236895,"ROA":2.2163957023,"HOLDER_PROFIT_QOQ":-28.560747558029,"ROE_YEARLY":6.291445026918,"ROIC_YEARLY":6.1912279876,"TOTAL_ASSETS":12633894705.94,"TOTAL_LIABILITIES":3892842040.74,"TAX_EBT":2.980896655511,"OCF_SALES":-5.398131382632,"TOTAL_PARENT_EQUITY":8619591020,"DEBT_ASSET_RATIO":30.8126839059,"OPERATE_PROFIT":385895650.98,"PRETAX_PROFIT":328379772.64,"NETCASH_OPERATE":-17179253.34,"NETCASH_INVEST":-1298270463.34,"NETCASH_FINANCE":288283784.42,"END_CASH":2216198361.24,"DIVI_RATIO":0.580021817953,"DIVIDEND_RATE":4.113821138211,"CURRENT_RATIO":3.285653514125,"COMMON_ACS":null,"CURRENTDEBT_DEBT":42.535294461761,"ISSUED_COMMON_SHARES":7286015440,"HK_COMMON_SHARES":7286015440,"PER_SHARES":2000,"TOTAL_MARKET_CAP":8961798991.2,"HKSK_MARKET_CAP":8961798991.2,"PE_TTM":24.830292947507,"PB_TTM":0.891246138745,"REPORT_DATE_SQ":"2022-06-30 00:00:00","REPORT_TYPE_SQ":"2022年中报","OPERATE_INCOME_SQ":788810152.2,"DPS_HKD":0.0506,"OPERATE_INCOME_QOQ_SQ":26.338595547017,"NET_PROFIT_RATIO_SQ":64.4728853618,"HOLDER_PROFIT_SQ":514766227.08,"HOLDER_PROFIT_QOQ_SQ":187.069000837586,"ROE_AVG_SQ":5.791492808044,"PE_TTM_SQ":17.724982534752,"PB_TTM_SQ":1.181675613905,"ROA_SQ":4.27477554893,"START_DATE":"2023-01-01 00:00:00","FISCAL_YEAR":"12-31","CURRENCY":"HKD","IS_CNY_CODE":0,"DPS_HKD_LY":0.0868,"ORG_TYPE":"一般企业","PREMIUM_INCOME":null,"PREMIUM_INCOME_YOY":null,"NET_INTEREST_INCOME":null,"NET_INTEREST_INCOME_YOY":null,"FEE_COMMISSION_INCOME":null,"FEE_COMMISSION_INCOME_YOY":null,"ACCOUNTS_RECE_TDAYS":1.046144940362,"INVENTORY_TDAYS":null,"CURRENT_ASSETS_TDAYS":0.058614925117,"TOTAL_ASSETS_TDAYS":0.025232833979,"PREMIUM_EXPENSE":null,"LOAN_DEPOSIT":null,"LOAN_EQUITY":null,"LOAN_ASSETS":null,"DEPOSIT_EQUITY":null,"DEPOSIT_ASSETS":null,"EQUITY_MULTIPLIER":1.445351628671,"EQUITY_RATIO":0.451627232859},{"SECUCODE":"00697.HK","SECURITY_CODE":"00697","SECURITY_NAME_ABBR":"首程控股","ORG_CODE":"10009063","STD_REPORT_DATE":"2022-12-31 00:00:00","REPORT_DATE":"2022-12-31 00:00:00","DATE_TYPE_CODE":"001","REPORT_TYPE":"2022年年报","PER_NETCASH_OPERATE":0.006934567356,"PER_OI":0.196409306478,"BPS":1.217128552507,"BASIC_EPS":0.115857119,"DILUTED_EPS":0.115857119,"OPERATE_INCOME":1429061385.43,"OPERATE_INCOME_YOY":33.8717573017,"GROSS_PROFIT":950812666.86,"GROSS_PROFIT_YOY":112.522837778091,"HOLDER_PROFIT":823603872.7,"HOLDER_PROFIT_YOY":184.1766887879,"GROSS_PROFIT_RATIO":66.534067504308,"EPS_TTM":0.113195603141,"OPERATE_INCOME_QOQ":15.769667370968,"NET_PROFIT_RATIO":57.1535102003,"ROE_AVG":9.188754402108,"GROSS_PROFIT_QOQ":33.274273960176,"ROA":6.819995818545,"HOLDER_PROFIT_QOQ":5.625832111385,"ROE_YEARLY":9.188754402108,"ROIC_YEARLY":9.014395109362,"TOTAL_ASSETS":12198665734.57,"TOTAL_LIABILITIES":3244474551.64,"TAX_EBT":22.738073308445,"OCF_SALES":3.530671473907,"TOTAL_PARENT_EQUITY":8868017426.03,"DEBT_ASSET_RATIO":26.5969625059,"OPERATE_PROFIT":1202444146.05,"PRETAX_PROFIT":1057129662.26,"NETCASH_OPERATE":50455462.68,"NETCASH_INVEST":1615406440.13,"NETCASH_FINANCE":-661021586.54,"END_CASH":3192265599.95,"DIVI_RATIO":0.406725055766,"DIVIDEND_RATE":4.113821138211,"CURRENT_RATIO":3.995296205148,"COMMON_ACS":null,"CURRENTDEBT_DEBT":40.497977496413,"ISSUED_COMMON_SHARES":7286015440,"HK_COMMON_SHARES":7286015440,"PER_SHARES":2000,"TOTAL_MARKET_CAP":8961798991.2,"HKSK_MARKET_CAP":8961798991.2,"PE_TTM":24.830292947507,"PB_TTM":0.891246138745,"REPORT_DATE_SQ":"2021-12-31 00:00:00","REPORT_TYPE_SQ":"2021年年报","OPERATE_INCOME_SQ":977057345.6,"DPS_HKD":0.0506,"OPERATE_INCOME_QOQ_SQ":9.788653038423,"NET_PROFIT_RATIO_SQ":-93.1796748369,"HOLDER_PROFIT_SQ":-895539355.2,"HOLDER_PROFIT_QOQ_SQ":11.246178754913,"ROE_AVG_SQ":-9.997085282126,"PE_TTM_SQ":17.724982534752,"PB_TTM_SQ":1.181675613905,"ROA_SQ":-7.963734311129,"START_DATE":"2022-01-01 00:00:00","FISCAL_YEAR":"12-31","CURRENCY":"HKD","IS_CNY_CODE":0,"DPS_HKD_LY":0.1098,"ORG_TYPE":"一般企业","PREMIUM_INCOME":null,"PREMIUM_INCOME_YOY":null,"NET_INTEREST_INCOME":null,"NET_INTEREST_INCOME_YOY":null,"FEE_COMMISSION_INCOME":null,"FEE_COMMISSION_INCOME_YOY":null,"ACCOUNTS_RECE_TDAYS":6.515140346769,"INVENTORY_TDAYS":null,"CURRENT_ASSETS_TDAYS":0.228820083534,"TOTAL_ASSETS_TDAYS":0.118335925754,"PREMIUM_EXPENSE":null,"LOAN_DEPOSIT":null,"LOAN_EQUITY":null,"LOAN_ASSETS":null,"DEPOSIT_EQUITY":null,"DEPOSIT_ASSETS":null,"EQUITY_MULTIPLIER":1.362341442724,"EQUITY_RATIO":0.365862446562},{"SECUCODE":"00697.HK","SECURITY_CODE":"00697","SECURITY_NAME_ABBR":"首程控股","ORG_CODE":"10009063","STD_REPORT_DATE":"2022-06-30 00:00:00","REPORT_DATE":"2022-06-30 00:00:00","DATE_TYPE_CODE":"002","REPORT_TYPE":"2022年中报","PER_NETCASH_OPERATE":0.007085965062,"PER_OI":0.108315144576,"BPS":1.249580415976,"BASIC_EPS":0.072349074,"DILUTED_EPS":0.072349074,"OPERATE_INCOME":788810152.2,"OPERATE_INCOME_YOY":44.4104702992,"GROSS_PROFIT":558543403.18,"GROSS_PROFIT_YOY":90.947784718377,"HOLDER_PROFIT":514766227.08,"HOLDER_PROFIT_YOY":143.1582192714,"GROSS_PROFIT_RATIO":70.808343632776,"EPS_TTM":0.107069291542,"OPERATE_INCOME_QOQ":26.338595547017,"NET_PROFIT_RATIO":64.4728853618,"ROE_AVG":5.791492808044,"GROSS_PROFIT_QOQ":59.46276161414,"ROA":4.27477554893,"HOLDER_PROFIT_QOQ":187.069000837586,"ROE_YEARLY":11.582985616088,"ROIC_YEARLY":11.426358033459,"TOTAL_ASSETS":12639535451.62,"TOTAL_LIABILITIES":3449169411.8,"TAX_EBT":17.606610480172,"OCF_SALES":6.541989201847,"TOTAL_PARENT_EQUITY":9104462204.32,"DEBT_ASSET_RATIO":27.2887356106,"OPERATE_PROFIT":678614644.75,"PRETAX_PROFIT":617244499.97,"NETCASH_OPERATE":51603874.98,"NETCASH_INVEST":1280068916.56,"NETCASH_FINANCE":130019666.84,"END_CASH":3616305179.83,"DIVI_RATIO":0.429997129309,"DIVIDEND_RATE":4.113821138211,"CURRENT_RATIO":3.284998073491,"COMMON_ACS":null,"CURRENTDEBT_DEBT":48.90583702352,"ISSUED_COMMON_SHARES":7286015440,"HK_COMMON_SHARES":7286015440,"PER_SHARES":2000,"TOTAL_MARKET_CAP":8961798991.2,"HKSK_MARKET_CAP":8961798991.2,"PE_TTM":24.830292947507,"PB_TTM":0.891246138745,"REPORT_DATE_SQ":"2021-06-30 00:00:00","REPORT_TYPE_SQ":"2021年中报","OPERATE_INCOME_SQ":531466969.68,"DPS_HKD":0.0506,"OPERATE_INCOME_QOQ_SQ":49.80328927533,"NET_PROFIT_RATIO_SQ":-219.1830235737,"HOLDER_PROFIT_SQ":-1160510296.8,"HOLDER_PROFIT_QOQ_SQ":-282.029153363049,"ROE_AVG_SQ":-12.567730045616,"PE_TTM_SQ":17.724982534752,"PB_TTM_SQ":1.181675613905,"ROA_SQ":-10.165216935304,"START_DATE":"2022-01-01 00:00:00","FISCAL_YEAR":"12-31","CURRENCY":"HKD","IS_CNY_CODE":0,"DPS_HKD_LY":0.1098,"ORG_TYPE":"一般企业","PREMIUM_INCOME":null,"PREMIUM_INCOME_YOY":null,"NET_INTEREST_INCOME":null,"NET_INTEREST_INCOME_YOY":null,"FEE_COMMISSION_INCOME":null,"FEE_COMMISSION_INCOME_YOY":null,"ACCOUNTS_RECE_TDAYS":2.990138553006,"INVENTORY_TDAYS":null,"CURRENT_ASSETS_TDAYS":0.126475837675,"TOTAL_ASSETS_TDAYS":0.065505197777,"PREMIUM_EXPENSE":null,"LOAN_DEPOSIT":null,"LOAN_EQUITY":null,"LOAN_ASSETS":null,"DEPOSIT_EQUITY":null,"DEPOSIT_ASSETS":null,"EQUITY_MULTIPLIER":1.375302724272,"EQUITY_RATIO":0.378843838812},{"SECUCODE":"00697.HK","SECURITY_CODE":"00697","SECURITY_NAME_ABBR":"首程控股","ORG_CODE":"10009063","STD_REPORT_DATE":"2021-12-31 00:00:00","REPORT_DATE":"2021-12-31 00:00:00","DATE_TYPE_CODE":"001","REPORT_TYPE":"2021年年报","PER_NETCASH_OPERATE":-0.08785775885,"PER_OI":0.134008372166,"BPS":1.137931271142,"BASIC_EPS":-0.12419344,"DILUTED_EPS":-0.12419344,"OPERATE_INCOME":977057345.6,"OPERATE_INCOME_YOY":69.3028586648,"GROSS_PROFIT":447393172.8,"GROSS_PROFIT_YOY":204.81156853474,"HOLDER_PROFIT":-895539355.2,"HOLDER_PROFIT_YOY":-266.3081354301,"GROSS_PROFIT_RATIO":45.789858171043,"EPS_TTM":-0.122827766191,"OPERATE_INCOME_QOQ":9.788653038423,"NET_PROFIT_RATIO":-93.1796748369,"ROE_AVG":-9.997085282126,"GROSS_PROFIT_QOQ":10.954366599843,"ROA":-7.963734311129,"HOLDER_PROFIT_QOQ":11.246178754913,"ROE_YEARLY":-9.997085282126,"ROIC_YEARLY":-10.501142772858,"TOTAL_ASSETS":10941321059.2,"TOTAL_LIABILITIES":2578575496,"TAX_EBT":-12.578239291163,"OCF_SALES":-65.561395478444,"TOTAL_PARENT_EQUITY":8290984811.2,"DEBT_ASSET_RATIO":23.5673140569,"OPERATE_PROFIT":465174337.6,"PRETAX_PROFIT":-808698788.8,"NETCASH_OPERATE":-640572430.4,"NETCASH_INVEST":-88299164.8,"NETCASH_FINANCE":-248219272,"END_CASH":2104062531.2,"DIVI_RATIO":-0.37482964502,"DIVIDEND_RATE":4.113821138211,"CURRENT_RATIO":8.041334185121,"COMMON_ACS":null,"CURRENTDEBT_DEBT":31.963498407494,"ISSUED_COMMON_SHARES":7286015440,"HK_COMMON_SHARES":7286015440,"PER_SHARES":2000,"TOTAL_MARKET_CAP":8961798991.2,"HKSK_MARKET_CAP":8961798991.2,"PE_TTM":24.830292947507,"PB_TTM":0.891246138745,"REPORT_DATE_SQ":"2020-12-31 00:00:00","REPORT_TYPE_SQ":"2020年年报","OPERATE_INCOME_SQ":594074960.56,"DPS_HKD":0.0506,"OPERATE_INCOME_QOQ_SQ":32.231258503472,"NET_PROFIT_RATIO_SQ":90.0285328127,"HOLDER_PROFIT_SQ":554315045.32,"HOLDER_PROFIT_QOQ_SQ":3.941629346947,"ROE_AVG_SQ":6.139026252768,"PE_TTM_SQ":17.724982534752,"PB_TTM_SQ":1.181675613905,"ROA_SQ":5.243179702019,"START_DATE":"2021-01-01 00:00:00","FISCAL_YEAR":"12-31","CURRENCY":"HKD","IS_CNY_CODE":0,"DPS_HKD_LY":0.096,"ORG_TYPE":"一般企业","PREMIUM_INCOME":null,"PREMIUM_INCOME_YOY":null,"NET_INTEREST_INCOME":null,"NET_INTEREST_INCOME_YOY":null,"FEE_COMMISSION_INCOME":null,"FEE_COMMISSION_INCOME_YOY":null,"ACCOUNTS_RECE_TDAYS":7.335573847976,"INVENTORY_TDAYS":null,"CURRENT_ASSETS_TDAYS":0.184978824344,"TOTAL_ASSETS_TDAYS":0.086886467489,"PREMIUM_EXPENSE":null,"LOAN_DEPOSIT":null,"LOAN_EQUITY":null,"LOAN_ASSETS":null,"DEPOSIT_EQUITY":null,"DEPOSIT_ASSETS":null,"EQUITY_MULTIPLIER":1.308340780729,"EQUITY_RATIO":0.311009554922},{"SECUCODE":"00697.HK","SECURITY_CODE":"00697","SECURITY_NAME_ABBR":"首程控股","ORG_CODE":"10009063","STD_REPORT_DATE":"2021-06-30 00:00:00","REPORT_DATE":"2021-06-30 00:00:00","DATE_TYPE_CODE":"002","REPORT_TYPE":"2021年中报","PER_NETCASH_OPERATE":0.011501986701,"PER_OI":0.072893391352,"BPS":1.190309045055,"BASIC_EPS":-0.160008984,"DILUTED_EPS":-0.160008984,"OPERATE_INCOME":531466969.68,"OPERATE_INCOME_YOY":147.6392270591,"GROSS_PROFIT":292511067.36,"GROSS_PROFIT_YOY":711.058412109995,"HOLDER_PROFIT":-1160510296.8,"HOLDER_PROFIT_YOY":-416.266508236,"GROSS_PROFIT_RATIO":55.038428359174,"EPS_TTM":-0.138391524408,"OPERATE_INCOME_QOQ":49.80328927533,"NET_PROFIT_RATIO":-219.1830235737,"ROE_AVG":-12.567730045616,"GROSS_PROFIT_QOQ":174.717956467673,"ROA":-10.165216935304,"HOLDER_PROFIT_QOQ":-282.029153363049,"ROE_YEARLY":-25.135460091233,"ROIC_YEARLY":-27.072892371418,"TOTAL_ASSETS":11079310783.92,"TOTAL_LIABILITIES":2299087796.88,"TAX_EBT":-5.305645339028,"OCF_SALES":15.779189974966,"TOTAL_PARENT_EQUITY":8672610080.64,"DEBT_ASSET_RATIO":20.751180662,"OPERATE_PROFIT":303919716.24,"PRETAX_PROFIT":-1106194610.64,"NETCASH_OPERATE":83861182.8,"NETCASH_INVEST":-1054053149.52,"NETCASH_FINANCE":198520142.64,"END_CASH":2345818241.76,"DIVI_RATIO":-0.332675633115,"DIVIDEND_RATE":4.113821138211,"CURRENT_RATIO":7.052595685938,"COMMON_ACS":null,"CURRENTDEBT_DEBT":43.835514308226,"ISSUED_COMMON_SHARES":7286015440,"HK_COMMON_SHARES":7286015440,"PER_SHARES":2000,"TOTAL_MARKET_CAP":8961798991.2,"HKSK_MARKET_CAP":8961798991.2,"PE_TTM":24.830292947507,"PB_TTM":0.891246138745,"REPORT_DATE_SQ":"2020-06-30 00:00:00","REPORT_TYPE_SQ":"2020年中报","OPERATE_INCOME_SQ":235598098.56,"DPS_HKD":0.0506,"OPERATE_INCOME_QOQ_SQ":26.622469806472,"NET_PROFIT_RATIO_SQ":164.781098308,"HOLDER_PROFIT_SQ":402819732.48,"HOLDER_PROFIT_QOQ_SQ":34.387574945452,"ROE_AVG_SQ":4.232683164768,"PE_TTM_SQ":17.724982534752,"PB_TTM_SQ":1.181675613905,"ROA_SQ":3.551678830918,"START_DATE":"2021-01-01 00:00:00","FISCAL_YEAR":"12-31","CURRENCY":"HKD","IS_CNY_CODE":0,"DPS_HKD_LY":0.096,"ORG_TYPE":"一般企业","PREMIUM_INCOME":null,"PREMIUM_INCOME_YOY":null,"NET_INTEREST_INCOME":null,"NET_INTEREST_INCOME_YOY":null,"FEE_COMMISSION_INCOME":null,"FEE_COMMISSION_INCOME_YOY":null,"ACCOUNTS_RECE_TDAYS":2.082399946532,"INVENTORY_TDAYS":null,"CURRENT_ASSETS_TDAYS":0.095641435024,"TOTAL_ASSETS_TDAYS":0.046552598936,"PREMIUM_EXPENSE":null,"LOAN_DEPOSIT":null,"LOAN_EQUITY":null,"LOAN_ASSETS":null,"DEPOSIT_EQUITY":null,"DEPOSIT_ASSETS":null,"EQUITY_MULTIPLIER":1.261848451943,"EQUITY_RATIO":0.26509756296},{"SECUCODE":"00697.HK","SECURITY_CODE":"00697","SECURITY_NAME_ABBR":"首程控股","ORG_CODE":"10009063","STD_REPORT_DATE":"2020-12-31 00:00:00","REPORT_DATE":"2020-12-31 00:00:00","DATE_TYPE_CODE":"001","REPORT_TYPE":"2020年年报","PER_NETCASH_OPERATE":0.007459805312,"PER_OI":0.083896839152,"BPS":1.359869497559,"BASIC_EPS":0.080965768,"DILUTED_EPS":0.080544948,"OPERATE_INCOME":594074960.56,"OPERATE_INCOME_YOY":78.205008445,"GROSS_PROFIT":146776966.16,"GROSS_PROFIT_YOY":-19.042960203802,"HOLDER_PROFIT":554315045.32,"HOLDER_PROFIT_YOY":48.6700992996,"GROSS_PROFIT_RATIO":24.706809056831,"EPS_TTM":0.07828183863,"OPERATE_INCOME_QOQ":32.231258503472,"NET_PROFIT_RATIO":90.0285328127,"ROE_AVG":6.139026252768,"GROSS_PROFIT_QOQ":4.154352051664,"ROA":5.243179702019,"HOLDER_PROFIT_QOQ":3.941629346947,"ROE_YEARLY":6.139026252768,"ROIC_YEARLY":7.301056376379,"TOTAL_ASSETS":11888696916.48,"TOTAL_LIABILITIES":1856938947.76,"TAX_EBT":5.440936855967,"OCF_SALES":8.891640480893,"TOTAL_PARENT_EQUITY":9908030155.6,"DEBT_ASSET_RATIO":15.6193648539,"OPERATE_PROFIT":52025134.96,"PRETAX_PROFIT":565611537.4,"NETCASH_OPERATE":52823009.68,"NETCASH_INVEST":-248094431,"NETCASH_FINANCE":746486706.52,"END_CASH":3146498914.12,"DIVI_RATIO":0.588124765661,"DIVIDEND_RATE":4.113821138211,"CURRENT_RATIO":6.879220695716,"COMMON_ACS":null,"CURRENTDEBT_DEBT":31.720265381397,"ISSUED_COMMON_SHARES":7286015440,"HK_COMMON_SHARES":7286015440,"PER_SHARES":2000,"TOTAL_MARKET_CAP":8961798991.2,"HKSK_MARKET_CAP":8961798991.2,"PE_TTM":24.830292947507,"PB_TTM":0.891246138745,"REPORT_DATE_SQ":"2019-12-31 00:00:00","REPORT_TYPE_SQ":"2019年年报","OPERATE_INCOME_SQ":354810395.98,"DPS_HKD":0.0506,"OPERATE_INCOME_QOQ_SQ":-65.900560412869,"NET_PROFIT_RATIO_SQ":111.6069287108,"HOLDER_PROFIT_SQ":396833227.34,"HOLDER_PROFIT_QOQ_SQ":1.330779591297,"ROE_AVG_SQ":4.750559259287,"PE_TTM_SQ":17.724982534752,"PB_TTM_SQ":1.181675613905,"ROA_SQ":4.337339111387,"START_DATE":"2020-01-01 00:00:00","FISCAL_YEAR":"12-31","CURRENCY":"HKD","IS_CNY_CODE":0,"DPS_HKD_LY":0.1149,"ORG_TYPE":"一般企业","PREMIUM_INCOME":null,"PREMIUM_INCOME_YOY":null,"NET_INTEREST_INCOME":null,"NET_INTEREST_INCOME_YOY":null,"FEE_COMMISSION_INCOME":null,"FEE_COMMISSION_INCOME_YOY":null,"ACCOUNTS_RECE_TDAYS":4.868495834023,"INVENTORY_TDAYS":null,"CURRENT_ASSETS_TDAYS":0.163695231054,"TOTAL_ASSETS_TDAYS":0.056192625493,"PREMIUM_EXPENSE":null,"LOAN_DEPOSIT":null,"LOAN_EQUITY":null,"LOAN_ASSETS":null,"DEPOSIT_EQUITY":null,"DEPOSIT_ASSETS":null,"EQUITY_MULTIPLIER":1.185106035607,"EQUITY_RATIO":0.187417571263},{"SECUCODE":"00697.HK","SECURITY_CODE":"00697","SECURITY_NAME_ABBR":"首程控股","ORG_CODE":"10009063","STD_REPORT_DATE":"2020-06-30 00:00:00","REPORT_DATE":"2020-06-30 00:00:00","DATE_TYPE_CODE":"002","REPORT_TYPE":"2020年中报","PER_NETCASH_OPERATE":0.006661291711,"PER_OI":0.034018552684,"BPS":1.398260173152,"BASIC_EPS":0.06028704,"DILUTED_EPS":0.05983032,"OPERATE_INCOME":235598098.56,"OPERATE_INCOME_YOY":60.7533952022,"GROSS_PROFIT":36065351.52,"GROSS_PROFIT_YOY":-52.821888084516,"HOLDER_PROFIT":402819732.48,"HOLDER_PROFIT_YOY":45.6394878417,"GROSS_PROFIT_RATIO":15.30799770475,"EPS_TTM":0.077003629841,"OPERATE_INCOME_QOQ":26.622469806472,"NET_PROFIT_RATIO":164.781098308,"ROE_AVG":4.232683164768,"GROSS_PROFIT_QOQ":-22.272052774097,"ROA":3.551678830918,"HOLDER_PROFIT_QOQ":34.387574945452,"ROE_YEARLY":8.465366329537,"ROIC_YEARLY":10.164976996712,"TOTAL_ASSETS":12638220650.88,"TOTAL_LIABILITIES":2342663943.84,"TAX_EBT":1.350422906589,"OCF_SALES":19.581349544827,"TOTAL_PARENT_EQUITY":10187745210.72,"DEBT_ASSET_RATIO":18.5363431179,"OPERATE_PROFIT":1074205.44,"PRETAX_PROFIT":393535528.32,"NETCASH_OPERATE":46133287.2,"NETCASH_INVEST":-375033801.12,"NETCASH_FINANCE":1352675844.96,"END_CASH":3805322532,"DIVI_RATIO":0.597887243696,"DIVIDEND_RATE":4.113821138211,"CURRENT_RATIO":5.82477286467,"COMMON_ACS":null,"CURRENTDEBT_DEBT":36.247363686663,"ISSUED_COMMON_SHARES":7286015440,"HK_COMMON_SHARES":7286015440,"PER_SHARES":2000,"TOTAL_MARKET_CAP":8961798991.2,"HKSK_MARKET_CAP":8961798991.2,"PE_TTM":24.830292947507,"PB_TTM":0.891246138745,"REPORT_DATE_SQ":"2019-06-30 00:00:00","REPORT_TYPE_SQ":"2019年中报","OPERATE_INCOME_SQ":141138808.02,"DPS_HKD":0.0506,"OPERATE_INCOME_QOQ_SQ":-29.15729474994,"NET_PROFIT_RATIO_SQ":102.4058725069,"HOLDER_PROFIT_SQ":266358409.02,"HOLDER_PROFIT_QOQ_SQ":26.581246648493,"ROE_AVG_SQ":3.292330115904,"PE_TTM_SQ":17.724982534752,"PB_TTM_SQ":1.181675613905,"ROA_SQ":2.955211222106,"START_DATE":"2020-01-01 00:00:00","FISCAL_YEAR":"12-31","CURRENCY":"HKD","IS_CNY_CODE":0,"DPS_HKD_LY":0.1149,"ORG_TYPE":"一般企业","PREMIUM_INCOME":null,"PREMIUM_INCOME_YOY":null,"NET_INTEREST_INCOME":null,"NET_INTEREST_INCOME_YOY":null,"FEE_COMMISSION_INCOME":null,"FEE_COMMISSION_INCOME_YOY":null,"ACCOUNTS_RECE_TDAYS":2.184075262717,"INVENTORY_TDAYS":null,"CURRENT_ASSETS_TDAYS":0.055922228719,"TOTAL_ASSETS_TDAYS":0.020772785238,"PREMIUM_EXPENSE":null,"LOAN_DEPOSIT":null,"LOAN_EQUITY":null,"LOAN_ASSETS":null,"DEPOSIT_EQUITY":null,"DEPOSIT_ASSETS":null,"EQUITY_MULTIPLIER":1.227541259837,"EQUITY_RATIO":0.22994920813}],"count":49},"success":true,"message":"ok","code":0}