{"version":"54f8c0b9fb424ca989942452cf65ee5a","result":{"pages":6,"data":[{"SECUCODE":"00698.HK","SECURITY_CODE":"00698","SECURITY_NAME_ABBR":"通达集团","ORG_CODE":"10009064","STD_REPORT_DATE":"2024-06-30 00:00:00","REPORT_DATE":"2024-06-30 00:00:00","DATE_TYPE_CODE":"002","REPORT_TYPE":"2024年中报","PER_NETCASH_OPERATE":0.048898407857,"PER_OI":0.279927780861,"BPS":0.615238514826,"BASIC_EPS":0.001186484,"DILUTED_EPS":0.001186484,"OPERATE_INCOME":2725267043.4,"OPERATE_INCOME_YOY":0.3487668313,"GROSS_PROFIT":570277145.84,"GROSS_PROFIT_YOY":5.150154257236,"HOLDER_PROFIT":11720636.56,"HOLDER_PROFIT_YOY":-33.7255509109,"GROSS_PROFIT_RATIO":20.925551028883,"EPS_TTM":-0.115091268165,"OPERATE_INCOME_QOQ":-0.307962931776,"NET_PROFIT_RATIO":1.2155371475,"ROE_AVG":0.193905798353,"GROSS_PROFIT_QOQ":8.913720451992,"ROA":0.107750628028,"HOLDER_PROFIT_QOQ":-0.551409460695,"ROE_YEARLY":0.387811596705,"ROIC_YEARLY":0.23990923353,"TOTAL_ASSETS":9613979457.2,"TOTAL_LIABILITIES":3337597745.6,"TAX_EBT":36.29598427408,"OCF_SALES":17.468222591724,"TOTAL_PARENT_EQUITY":5989720788.44,"DEBT_ASSET_RATIO":34.7160898404,"OPERATE_PROFIT":125804723.88,"PRETAX_PROFIT":52000855.68,"NETCASH_OPERATE":476055713.36,"NETCASH_INVEST":779120234.16,"NETCASH_FINANCE":-1930627598.52,"END_CASH":574842371.2,"DIVI_RATIO":null,"DIVIDEND_RATE":null,"CURRENT_RATIO":1.764392884902,"COMMON_ACS":20000000000,"CURRENTDEBT_DEBT":85.773109611367,"ISSUED_COMMON_SHARES":9735607645,"HK_COMMON_SHARES":9735607645,"PER_SHARES":10000,"TOTAL_MARKET_CAP":778848611.6,"HKSK_MARKET_CAP":778848611.6,"PE_TTM":-0.630039056748,"PB_TTM":0.11867657541,"REPORT_DATE_SQ":"2023-06-30 00:00:00","REPORT_TYPE_SQ":"2023年中报","OPERATE_INCOME_SQ":2743468581.46,"DPS_HKD":null,"OPERATE_INCOME_QOQ_SQ":-12.490347398153,"NET_PROFIT_RATIO_SQ":1.1433850313,"HOLDER_PROFIT_SQ":17865206.46,"HOLDER_PROFIT_QOQ_SQ":-8.597386800747,"ROE_AVG_SQ":0.25334688997,"PE_TTM_SQ":7.728863455061,"PB_TTM_SQ":0.123362981961,"ROA_SQ":0.138719574018,"START_DATE":"2024-01-01 00:00:00","FISCAL_YEAR":"12-31","CURRENCY":"HKD","IS_CNY_CODE":0,"DPS_HKD_LY":null,"ORG_TYPE":"一般企业","PREMIUM_INCOME":null,"PREMIUM_INCOME_YOY":null,"NET_INTEREST_INCOME":null,"NET_INTEREST_INCOME_YOY":null,"FEE_COMMISSION_INCOME":null,"FEE_COMMISSION_INCOME_YOY":null,"ACCOUNTS_RECE_TDAYS":1.523865344829,"INVENTORY_TDAYS":1.777382246404,"CURRENT_ASSETS_TDAYS":0.440159002383,"TOTAL_ASSETS_TDAYS":0.250540347333,"PREMIUM_EXPENSE":null,"LOAN_DEPOSIT":null,"LOAN_EQUITY":null,"LOAN_ASSETS":null,"DEPOSIT_EQUITY":null,"DEPOSIT_ASSETS":null,"EQUITY_MULTIPLIER":1.531770994653,"EQUITY_RATIO":0.557220922892},{"SECUCODE":"00698.HK","SECURITY_CODE":"00698","SECURITY_NAME_ABBR":"通达集团","ORG_CODE":"10009064","STD_REPORT_DATE":"2023-12-31 00:00:00","REPORT_DATE":"2023-12-31 00:00:00","DATE_TYPE_CODE":"001","REPORT_TYPE":"2023年年报","PER_NETCASH_OPERATE":0.000652791391,"PER_OI":0.607080914482,"BPS":0.622057604015,"BASIC_EPS":-0.114546208,"DILUTED_EPS":-0.114546208,"OPERATE_INCOME":5910301592.16,"OPERATE_INCOME_YOY":-18.1902099871,"GROSS_PROFIT":313355470.26,"GROSS_PROFIT_YOY":-71.474023115547,"HOLDER_PROFIT":-1114338860.32,"HOLDER_PROFIT_YOY":-995.6827667587,"GROSS_PROFIT_RATIO":5.301852458353,"EPS_TTM":-0.114460124211,"OPERATE_INCOME_QOQ":0.021833427814,"NET_PROFIT_RATIO":-18.4747976365,"ROE_AVG":-17.263617943321,"GROSS_PROFIT_QOQ":-72.856178786811,"ROA":-8.932683389623,"HOLDER_PROFIT_QOQ":-1094.13760017211,"ROE_YEARLY":-17.263617943321,"ROIC_YEARLY":-9.921676706366,"TOTAL_ASSETS":12055199980.6,"TOTAL_LIABILITIES":5708491835.48,"TAX_EBT":-4.489378603193,"OCF_SALES":0.107529552611,"TOTAL_PARENT_EQUITY":6056108765.28,"DEBT_ASSET_RATIO":47.3529418398,"OPERATE_PROFIT":-867138356.28,"PRETAX_PROFIT":-1045002155.68,"NETCASH_OPERATE":6355320.86,"NETCASH_INVEST":-340232143.02,"NETCASH_FINANCE":611507287.58,"END_CASH":1311727169.62,"DIVI_RATIO":null,"DIVIDEND_RATE":null,"CURRENT_RATIO":1.583632178089,"COMMON_ACS":20000000000,"CURRENTDEBT_DEBT":80.531505894209,"ISSUED_COMMON_SHARES":9735607645,"HK_COMMON_SHARES":9735607645,"PER_SHARES":10000,"TOTAL_MARKET_CAP":856733472.76,"HKSK_MARKET_CAP":856733472.76,"PE_TTM":-0.693042962422,"PB_TTM":0.130544232951,"REPORT_DATE_SQ":"2022-12-31 00:00:00","REPORT_TYPE_SQ":"2022年年报","OPERATE_INCOME_SQ":7121204716.01,"DPS_HKD":null,"OPERATE_INCOME_QOQ_SQ":-10.491219086105,"NET_PROFIT_RATIO_SQ":2.0068380207,"HOLDER_PROFIT_SQ":122634358.49,"HOLDER_PROFIT_QOQ_SQ":-27.798600641342,"ROE_AVG_SQ":1.746321454191,"PE_TTM_SQ":7.255667733323,"PB_TTM_SQ":0.11581014633,"ROA_SQ":0.886179563436,"START_DATE":"2023-01-01 00:00:00","FISCAL_YEAR":"12-31","CURRENCY":"HKD","IS_CNY_CODE":0,"DPS_HKD_LY":null,"ORG_TYPE":"一般企业","PREMIUM_INCOME":null,"PREMIUM_INCOME_YOY":null,"NET_INTEREST_INCOME":null,"NET_INTEREST_INCOME_YOY":null,"FEE_COMMISSION_INCOME":null,"FEE_COMMISSION_INCOME_YOY":null,"ACCOUNTS_RECE_TDAYS":3.207885524146,"INVENTORY_TDAYS":3.413640811727,"CURRENT_ASSETS_TDAYS":0.813892075621,"TOTAL_ASSETS_TDAYS":0.473777364677,"PREMIUM_EXPENSE":null,"LOAN_DEPOSIT":null,"LOAN_EQUITY":null,"LOAN_ASSETS":null,"DEPOSIT_EQUITY":null,"DEPOSIT_ASSETS":null,"EQUITY_MULTIPLIER":1.899441364714,"EQUITY_RATIO":0.942600613154},{"SECUCODE":"00698.HK","SECURITY_CODE":"00698","SECURITY_NAME_ABBR":"通达集团","ORG_CODE":"10009064","STD_REPORT_DATE":"2023-06-30 00:00:00","REPORT_DATE":"2023-06-30 00:00:00","DATE_TYPE_CODE":"002","REPORT_TYPE":"2023年中报","PER_NETCASH_OPERATE":0.030227976405,"PER_OI":0.281797365044,"BPS":0.732424253726,"BASIC_EPS":0.00184396,"DILUTED_EPS":0.00184396,"OPERATE_INCOME":2743468581.46,"OPERATE_INCOME_YOY":-29.8918334101,"GROSS_PROFIT":542345515.2,"GROSS_PROFIT_YOY":-12.311303931476,"HOLDER_PROFIT":17865206.46,"HOLDER_PROFIT_YOY":-41.6689244107,"GROSS_PROFIT_RATIO":20.267627951029,"EPS_TTM":0.011513509216,"OPERATE_INCOME_QOQ":-12.490347398153,"NET_PROFIT_RATIO":1.1433850313,"ROE_AVG":0.25334688997,"GROSS_PROFIT_QOQ":-7.182709080813,"ROA":0.138719574018,"HOLDER_PROFIT_QOQ":-8.597386800747,"ROE_YEARLY":0.50669377994,"ROIC_YEARLY":0.310538749553,"TOTAL_ASSETS":12638549782.96,"TOTAL_LIABILITIES":5233446137.76,"TAX_EBT":30.520804274586,"OCF_SALES":11.271796019941,"TOTAL_PARENT_EQUITY":7130595163.96,"DEBT_ASSET_RATIO":41.4085969327,"OPERATE_PROFIT":121327036.12,"PRETAX_PROFIT":42965189.98,"NETCASH_OPERATE":294287718.18,"NETCASH_INVEST":-485723035.48,"NETCASH_FINANCE":522383726.22,"END_CASH":1313358666.04,"DIVI_RATIO":null,"DIVIDEND_RATE":null,"CURRENT_RATIO":1.675845857411,"COMMON_ACS":20000000000,"CURRENTDEBT_DEBT":80.84287826321,"ISSUED_COMMON_SHARES":9735607645,"HK_COMMON_SHARES":9735607645,"PER_SHARES":10000,"TOTAL_MARKET_CAP":856733472.76,"HKSK_MARKET_CAP":856733472.76,"PE_TTM":-0.693042962422,"PB_TTM":0.130544232951,"REPORT_DATE_SQ":"2022-06-30 00:00:00","REPORT_TYPE_SQ":"2022年中报","OPERATE_INCOME_SQ":3454232136.6,"DPS_HKD":null,"OPERATE_INCOME_QOQ_SQ":-7.445920303485,"NET_PROFIT_RATIO_SQ":1.0054061908,"HOLDER_PROFIT_SQ":28408556.61,"HOLDER_PROFIT_QOQ_SQ":-8.963860605166,"ROE_AVG_SQ":0.415409453551,"PE_TTM_SQ":7.255667733323,"PB_TTM_SQ":0.11581014633,"ROA_SQ":0.206542829673,"START_DATE":"2023-01-01 00:00:00","FISCAL_YEAR":"12-31","CURRENCY":"HKD","IS_CNY_CODE":0,"DPS_HKD_LY":null,"ORG_TYPE":"一般企业","PREMIUM_INCOME":null,"PREMIUM_INCOME_YOY":null,"NET_INTEREST_INCOME":null,"NET_INTEREST_INCOME_YOY":null,"FEE_COMMISSION_INCOME":null,"FEE_COMMISSION_INCOME_YOY":null,"ACCOUNTS_RECE_TDAYS":1.519552002794,"INVENTORY_TDAYS":1.018325791549,"CURRENT_ASSETS_TDAYS":0.361120151193,"TOTAL_ASSETS_TDAYS":0.202725660297,"PREMIUM_EXPENSE":null,"LOAN_DEPOSIT":null,"LOAN_EQUITY":null,"LOAN_ASSETS":null,"DEPOSIT_EQUITY":null,"DEPOSIT_ASSETS":null,"EQUITY_MULTIPLIER":1.706735028774,"EQUITY_RATIO":0.73394240136},{"SECUCODE":"00698.HK","SECURITY_CODE":"00698","SECURITY_NAME_ABBR":"通达集团","ORG_CODE":"10009064","STD_REPORT_DATE":"2022-12-31 00:00:00","REPORT_DATE":"2022-12-31 00:00:00","DATE_TYPE_CODE":"001","REPORT_TYPE":"2022年年报","PER_NETCASH_OPERATE":0.068327047878,"PER_OI":0.732690188502,"BPS":0.693909659089,"BASIC_EPS":0.012595107,"DILUTED_EPS":0.012595107,"OPERATE_INCOME":7121204716.01,"OPERATE_INCOME_YOY":-19.8642616491,"GROSS_PROFIT":1098491636.34,"GROSS_PROFIT_YOY":-10.616034506813,"HOLDER_PROFIT":122634358.49,"HOLDER_PROFIT_YOY":-39.8386488926,"GROSS_PROFIT_RATIO":18.419529566932,"EPS_TTM":0.01261766721,"OPERATE_INCOME_QOQ":-10.491219086105,"NET_PROFIT_RATIO":2.0068380207,"ROE_AVG":1.746321454191,"GROSS_PROFIT_QOQ":-8.630236527364,"ROA":0.886179563436,"HOLDER_PROFIT_QOQ":-27.798600641342,"ROE_YEARLY":1.746321454191,"ROIC_YEARLY":0.97044835708,"TOTAL_ASSETS":12710236103.95,"TOTAL_LIABILITIES":5893839230.23,"TAX_EBT":30.731085875536,"OCF_SALES":9.834830514585,"TOTAL_PARENT_EQUITY":6755632181.97,"DEBT_ASSET_RATIO":46.3708083943,"OPERATE_PROFIT":11323983.79,"PRETAX_PROFIT":195628809.81,"NETCASH_OPERATE":664088182.45,"NETCASH_INVEST":-311650290.49,"NETCASH_FINANCE":-280497499.24,"END_CASH":1074726187.99,"DIVI_RATIO":null,"DIVIDEND_RATE":null,"CURRENT_RATIO":1.468116300064,"COMMON_ACS":20000000000,"CURRENTDEBT_DEBT":82.514770654174,"ISSUED_COMMON_SHARES":9735607645,"HK_COMMON_SHARES":9735607645,"PER_SHARES":10000,"TOTAL_MARKET_CAP":856733472.76,"HKSK_MARKET_CAP":856733472.76,"PE_TTM":-0.693042962422,"PB_TTM":0.130544232951,"REPORT_DATE_SQ":"2021-12-31 00:00:00","REPORT_TYPE_SQ":"2021年年报","OPERATE_INCOME_SQ":7712421617.6,"DPS_HKD":null,"OPERATE_INCOME_QOQ_SQ":-7.637873470926,"NET_PROFIT_RATIO_SQ":2.4402256609,"HOLDER_PROFIT_SQ":186574684.8,"HOLDER_PROFIT_QOQ_SQ":-40.642190679752,"ROE_AVG_SQ":3.088421107337,"PE_TTM_SQ":7.255667733323,"PB_TTM_SQ":0.11581014633,"ROA_SQ":1.469637076963,"START_DATE":"2022-01-01 00:00:00","FISCAL_YEAR":"12-31","CURRENCY":"HKD","IS_CNY_CODE":0,"DPS_HKD_LY":null,"ORG_TYPE":"一般企业","PREMIUM_INCOME":null,"PREMIUM_INCOME_YOY":null,"NET_INTEREST_INCOME":null,"NET_INTEREST_INCOME_YOY":null,"FEE_COMMISSION_INCOME":null,"FEE_COMMISSION_INCOME_YOY":null,"ACCOUNTS_RECE_TDAYS":2.911559699102,"INVENTORY_TDAYS":2.231203273773,"CURRENT_ASSETS_TDAYS":0.871552458708,"TOTAL_ASSETS_TDAYS":0.48794226597,"PREMIUM_EXPENSE":null,"LOAN_DEPOSIT":null,"LOAN_EQUITY":null,"LOAN_ASSETS":null,"DEPOSIT_EQUITY":null,"DEPOSIT_ASSETS":null,"EQUITY_MULTIPLIER":1.864656113693,"EQUITY_RATIO":0.872433411333},{"SECUCODE":"00698.HK","SECURITY_CODE":"00698","SECURITY_NAME_ABBR":"通达集团","ORG_CODE":"10009064","STD_REPORT_DATE":"2022-06-30 00:00:00","REPORT_DATE":"2022-06-30 00:00:00","DATE_TYPE_CODE":"002","REPORT_TYPE":"2022年中报","PER_NETCASH_OPERATE":0.007954138437,"PER_OI":0.355400819977,"BPS":0.688079293694,"BASIC_EPS":0.002907646,"DILUTED_EPS":0.002907646,"OPERATE_INCOME":3454232136.6,"OPERATE_INCOME_YOY":-16.5759081956,"GROSS_PROFIT":618489656.61,"GROSS_PROFIT_YOY":-3.406852639271,"HOLDER_PROFIT":28408556.61,"HOLDER_PROFIT_YOY":-38.7566600911,"GROSS_PROFIT_RATIO":18.102420014388,"EPS_TTM":0.017475654657,"OPERATE_INCOME_QOQ":-7.445920303485,"NET_PROFIT_RATIO":1.0054061908,"ROE_AVG":0.415409453551,"GROSS_PROFIT_QOQ":1.515517394135,"ROA":0.206542829673,"HOLDER_PROFIT_QOQ":-8.963860605166,"ROE_YEARLY":0.830818907101,"ROIC_YEARLY":0.449724511753,"TOTAL_ASSETS":13179816272.35,"TOTAL_LIABILITIES":6427230046.02,"TAX_EBT":29.825424687314,"OCF_SALES":2.118397217933,"TOTAL_PARENT_EQUITY":6698870032.05,"DEBT_ASSET_RATIO":48.7657028991,"OPERATE_PROFIT":177949645.58,"PRETAX_PROFIT":116441815.21,"NETCASH_OPERATE":77308320.81,"NETCASH_INVEST":-216906970.84,"NETCASH_FINANCE":38545123.68,"END_CASH":967121543.15,"DIVI_RATIO":null,"DIVIDEND_RATE":null,"CURRENT_RATIO":1.351835659666,"COMMON_ACS":20000000000,"CURRENTDEBT_DEBT":83.436825316231,"ISSUED_COMMON_SHARES":9735607645,"HK_COMMON_SHARES":9735607645,"PER_SHARES":10000,"TOTAL_MARKET_CAP":856733472.76,"HKSK_MARKET_CAP":856733472.76,"PE_TTM":-0.693042962422,"PB_TTM":0.130544232951,"REPORT_DATE_SQ":"2021-06-30 00:00:00","REPORT_TYPE_SQ":"2021年中报","OPERATE_INCOME_SQ":4256276418,"DPS_HKD":null,"OPERATE_INCOME_QOQ_SQ":7.443578564509,"NET_PROFIT_RATIO_SQ":1.2153717578,"HOLDER_PROFIT_SQ":45132851.28,"HOLDER_PROFIT_QOQ_SQ":6.296970607256,"ROE_AVG_SQ":0.791558037398,"PE_TTM_SQ":7.255667733323,"PB_TTM_SQ":0.11581014633,"ROA_SQ":0.362271846079,"START_DATE":"2022-01-01 00:00:00","FISCAL_YEAR":"12-31","CURRENCY":"HKD","IS_CNY_CODE":0,"DPS_HKD_LY":null,"ORG_TYPE":"一般企业","PREMIUM_INCOME":null,"PREMIUM_INCOME_YOY":null,"NET_INTEREST_INCOME":null,"NET_INTEREST_INCOME_YOY":null,"FEE_COMMISSION_INCOME":null,"FEE_COMMISSION_INCOME_YOY":null,"ACCOUNTS_RECE_TDAYS":1.337125310021,"INVENTORY_TDAYS":1.089133363864,"CURRENT_ASSETS_TDAYS":0.478652912171,"TOTAL_ASSETS_TDAYS":0.265325992158,"PREMIUM_EXPENSE":null,"LOAN_DEPOSIT":null,"LOAN_EQUITY":null,"LOAN_ASSETS":null,"DEPOSIT_EQUITY":null,"DEPOSIT_ASSETS":null,"EQUITY_MULTIPLIER":1.951817545248,"EQUITY_RATIO":0.959449879647},{"SECUCODE":"00698.HK","SECURITY_CODE":"00698","SECURITY_NAME_ABBR":"通达集团","ORG_CODE":"10009064","STD_REPORT_DATE":"2021-12-31 00:00:00","REPORT_DATE":"2021-12-31 00:00:00","DATE_TYPE_CODE":"001","REPORT_TYPE":"2021年年报","PER_NETCASH_OPERATE":0.034347122485,"PER_OI":0.793519618401,"BPS":0.685295160454,"BASIC_EPS":0.02362864,"DILUTED_EPS":0.02362864,"OPERATE_INCOME":7712421617.6,"OPERATE_INCOME_YOY":2.1550576192,"GROSS_PROFIT":1228958270.4,"GROSS_PROFIT_YOY":-14.624124141384,"HOLDER_PROFIT":186574684.8,"HOLDER_PROFIT_YOY":-35.0492400524,"GROSS_PROFIT_RATIO":16.45147379623,"EPS_TTM":0.019196392524,"OPERATE_INCOME_QOQ":-7.637873470926,"NET_PROFIT_RATIO":2.4402256609,"ROE_AVG":3.088421107337,"GROSS_PROFIT_QOQ":-12.077658472379,"ROA":1.469637076963,"HOLDER_PROFIT_QOQ":-40.642190679752,"ROE_YEARLY":3.088421107337,"ROIC_YEARLY":1.616902031777,"TOTAL_ASSETS":13698993470.4,"TOTAL_LIABILITIES":6977101611.2,"TAX_EBT":16.938315895684,"OCF_SALES":4.095677862808,"TOTAL_PARENT_EQUITY":6671764803.2,"DEBT_ASSET_RATIO":50.9314908886,"OPERATE_PROFIT":333006027.2,"PRETAX_PROFIT":247954369.6,"NETCASH_OPERATE":333828532.8,"NETCASH_INVEST":-997655142.4,"NETCASH_FINANCE":569390539.2,"END_CASH":1117078704,"DIVI_RATIO":null,"DIVIDEND_RATE":null,"CURRENT_RATIO":1.211607565578,"COMMON_ACS":20000000000,"CURRENTDEBT_DEBT":90.465120557624,"ISSUED_COMMON_SHARES":9735607645,"HK_COMMON_SHARES":9735607645,"PER_SHARES":10000,"TOTAL_MARKET_CAP":856733472.76,"HKSK_MARKET_CAP":856733472.76,"PE_TTM":-0.693042962422,"PB_TTM":0.130544232951,"REPORT_DATE_SQ":"2020-12-31 00:00:00","REPORT_TYPE_SQ":"2020年年报","OPERATE_INCOME_SQ":8213405690.04,"DPS_HKD":null,"OPERATE_INCOME_QOQ_SQ":-2.625698790028,"NET_PROFIT_RATIO_SQ":3.6841373401,"HOLDER_PROFIT_SQ":295701797.6,"HOLDER_PROFIT_QOQ_SQ":172.760758760052,"ROE_AVG_SQ":5.592944618323,"PE_TTM_SQ":7.255667733323,"PB_TTM_SQ":0.11581014633,"ROA_SQ":2.520982023455,"START_DATE":"2021-01-01 00:00:00","FISCAL_YEAR":"12-31","CURRENCY":"HKD","IS_CNY_CODE":0,"DPS_HKD_LY":null,"ORG_TYPE":"一般企业","PREMIUM_INCOME":null,"PREMIUM_INCOME_YOY":null,"NET_INTEREST_INCOME":null,"NET_INTEREST_INCOME_YOY":null,"FEE_COMMISSION_INCOME":null,"FEE_COMMISSION_INCOME_YOY":null,"ACCOUNTS_RECE_TDAYS":2.990090354099,"INVENTORY_TDAYS":3.095834031028,"CURRENT_ASSETS_TDAYS":1.172059282048,"TOTAL_ASSETS_TDAYS":0.642029593031,"PREMIUM_EXPENSE":null,"LOAN_DEPOSIT":null,"LOAN_EQUITY":null,"LOAN_ASSETS":null,"DEPOSIT_EQUITY":null,"DEPOSIT_ASSETS":null,"EQUITY_MULTIPLIER":2.037966952959,"EQUITY_RATIO":1.045765523367},{"SECUCODE":"00698.HK","SECURITY_CODE":"00698","SECURITY_NAME_ABBR":"通达集团","ORG_CODE":"10009064","STD_REPORT_DATE":"2021-06-30 00:00:00","REPORT_DATE":"2021-06-30 00:00:00","DATE_TYPE_CODE":"002","REPORT_TYPE":"2021年中报","PER_NETCASH_OPERATE":-0.018905582412,"PER_OI":0.656882949281,"BPS":0.605744123568,"BASIC_EPS":0.006323808,"DILUTED_EPS":0.006323808,"OPERATE_INCOME":4256276418,"OPERATE_INCOME_YOY":28.1912966073,"GROSS_PROFIT":640303865.76,"GROSS_PROFIT_YOY":15.441937432104,"HOLDER_PROFIT":45132851.28,"HOLDER_PROFIT_YOY":86.8768303187,"GROSS_PROFIT_RATIO":15.043756628496,"EPS_TTM":0.048510194556,"OPERATE_INCOME_QOQ":7.443578564509,"NET_PROFIT_RATIO":1.2153717578,"ROE_AVG":0.791558037398,"GROSS_PROFIT_QOQ":5.950073643706,"ROA":0.362271846079,"HOLDER_PROFIT_QOQ":6.296970607256,"ROE_YEARLY":1.583116074797,"ROIC_YEARLY":0.784544866779,"TOTAL_ASSETS":13017917394.48,"TOTAL_LIABILITIES":7077546003.84,"TAX_EBT":31.126128621282,"OCF_SALES":-2.878074766995,"TOTAL_PARENT_EQUITY":5897287120.32,"DEBT_ASSET_RATIO":54.3677286418,"OPERATE_PROFIT":143972306.16,"PRETAX_PROFIT":75107701.2,"NETCASH_OPERATE":-122498817.6,"NETCASH_INVEST":-631548720,"NETCASH_FINANCE":238958398.56,"END_CASH":696648162.96,"DIVI_RATIO":null,"DIVIDEND_RATE":null,"CURRENT_RATIO":1.115396482855,"COMMON_ACS":20000000000,"CURRENTDEBT_DEBT":88.282967200919,"ISSUED_COMMON_SHARES":9735607645,"HK_COMMON_SHARES":9735607645,"PER_SHARES":10000,"TOTAL_MARKET_CAP":856733472.76,"HKSK_MARKET_CAP":856733472.76,"PE_TTM":-0.693042962422,"PB_TTM":0.130544232951,"REPORT_DATE_SQ":"2020-06-30 00:00:00","REPORT_TYPE_SQ":"2020年中报","OPERATE_INCOME_SQ":3644905112.64,"DPS_HKD":null,"OPERATE_INCOME_QOQ_SQ":2.507927515225,"NET_PROFIT_RATIO_SQ":0.7721462965,"HOLDER_PROFIT_SQ":26512596,"HOLDER_PROFIT_QOQ_SQ":-69.858667441724,"ROE_AVG_SQ":0.487712419553,"PE_TTM_SQ":7.255667733323,"PB_TTM_SQ":0.11581014633,"ROA_SQ":0.216365659978,"START_DATE":"2021-01-01 00:00:00","FISCAL_YEAR":"12-31","CURRENCY":"HKD","IS_CNY_CODE":0,"DPS_HKD_LY":null,"ORG_TYPE":"一般企业","PREMIUM_INCOME":null,"PREMIUM_INCOME_YOY":null,"NET_INTEREST_INCOME":null,"NET_INTEREST_INCOME_YOY":null,"FEE_COMMISSION_INCOME":null,"FEE_COMMISSION_INCOME_YOY":null,"ACCOUNTS_RECE_TDAYS":1.53899187078,"INVENTORY_TDAYS":1.81304652476,"CURRENT_ASSETS_TDAYS":0.638068286145,"TOTAL_ASSETS_TDAYS":0.341642300817,"PREMIUM_EXPENSE":null,"LOAN_DEPOSIT":null,"LOAN_EQUITY":null,"LOAN_ASSETS":null,"DEPOSIT_EQUITY":null,"DEPOSIT_ASSETS":null,"EQUITY_MULTIPLIER":2.191431568572,"EQUITY_RATIO":1.200135903075},{"SECUCODE":"00698.HK","SECURITY_CODE":"00698","SECURITY_NAME_ABBR":"通达集团","ORG_CODE":"10009064","STD_REPORT_DATE":"2020-12-31 00:00:00","REPORT_DATE":"2020-12-31 00:00:00","DATE_TYPE_CODE":"001","REPORT_TYPE":"2020年年报","PER_NETCASH_OPERATE":0.1814376716,"PER_OI":1.267597689497,"BPS":0.572077705607,"BASIC_EPS":0.04166118,"DILUTED_EPS":0.04166118,"OPERATE_INCOME":8213405690.04,"OPERATE_INCOME_YOY":6.2372453506,"GROSS_PROFIT":1439467833.32,"GROSS_PROFIT_YOY":-4.17086195992,"HOLDER_PROFIT":295701797.6,"HOLDER_PROFIT_YOY":-12.4977273916,"GROSS_PROFIT_RATIO":17.52583383365,"EPS_TTM":0.045636478894,"OPERATE_INCOME_QOQ":-2.625698790028,"NET_PROFIT_RATIO":3.6841373401,"ROE_AVG":5.592944618323,"GROSS_PROFIT_QOQ":8.205234648692,"ROA":2.520982023455,"HOLDER_PROFIT_QOQ":172.760758760052,"ROE_YEARLY":5.592944618323,"ROIC_YEARLY":2.771006926295,"TOTAL_ASSETS":12035355211.4,"TOTAL_LIABILITIES":6424939206.12,"TAX_EBT":16.32150521117,"OCF_SALES":14.313506020354,"TOTAL_PARENT_EQUITY":5569524084.24,"DEBT_ASSET_RATIO":53.3838768633,"OPERATE_PROFIT":513476989.24,"PRETAX_PROFIT":361613992.56,"NETCASH_OPERATE":1175626317.92,"NETCASH_INVEST":-721904927.04,"NETCASH_FINANCE":-278174644.6,"END_CASH":1138363548.56,"DIVI_RATIO":null,"DIVIDEND_RATE":null,"CURRENT_RATIO":1.232790727813,"COMMON_ACS":20000000000,"CURRENTDEBT_DEBT":81.370590632517,"ISSUED_COMMON_SHARES":9735607645,"HK_COMMON_SHARES":9735607645,"PER_SHARES":10000,"TOTAL_MARKET_CAP":856733472.76,"HKSK_MARKET_CAP":856733472.76,"PE_TTM":-0.693042962422,"PB_TTM":0.130544232951,"REPORT_DATE_SQ":"2019-12-31 00:00:00","REPORT_TYPE_SQ":"2019年年报","OPERATE_INCOME_SQ":8228515045.48,"DPS_HKD":null,"OPERATE_INCOME_QOQ_SQ":6.352892839205,"NET_PROFIT_RATIO_SQ":4.3641067701,"HOLDER_PROFIT_SQ":359674481.38,"HOLDER_PROFIT_QOQ_SQ":-10.123018024988,"ROE_AVG_SQ":6.74313128761,"PE_TTM_SQ":7.255667733323,"PB_TTM_SQ":0.11581014633,"ROA_SQ":2.950676781141,"START_DATE":"2020-01-01 00:00:00","FISCAL_YEAR":"12-31","CURRENCY":"HKD","IS_CNY_CODE":0,"DPS_HKD_LY":0.0005,"ORG_TYPE":"一般企业","PREMIUM_INCOME":null,"PREMIUM_INCOME_YOY":null,"NET_INTEREST_INCOME":null,"NET_INTEREST_INCOME_YOY":null,"FEE_COMMISSION_INCOME":null,"FEE_COMMISSION_INCOME_YOY":null,"ACCOUNTS_RECE_TDAYS":3.286328286274,"INVENTORY_TDAYS":3.617995988894,"CURRENT_ASSETS_TDAYS":1.290698714811,"TOTAL_ASSETS_TDAYS":0.700227332535,"PREMIUM_EXPENSE":null,"LOAN_DEPOSIT":null,"LOAN_EQUITY":null,"LOAN_ASSETS":null,"DEPOSIT_EQUITY":null,"DEPOSIT_ASSETS":null,"EQUITY_MULTIPLIER":2.145180535643,"EQUITY_RATIO":1.153588548849},{"SECUCODE":"00698.HK","SECURITY_CODE":"00698","SECURITY_NAME_ABBR":"通达集团","ORG_CODE":"10009064","STD_REPORT_DATE":"2020-06-30 00:00:00","REPORT_DATE":"2020-06-30 00:00:00","DATE_TYPE_CODE":"002","REPORT_TYPE":"2020年中报","PER_NETCASH_OPERATE":-0.006543013716,"PER_OI":0.562528319382,"BPS":0.55884646159,"BASIC_EPS":0.00411048,"DILUTED_EPS":0.00411048,"OPERATE_INCOME":3644905112.64,"OPERATE_INCOME_YOY":2.0814839412,"GROSS_PROFIT":554654469.6,"GROSS_PROFIT_YOY":-23.649799666567,"HOLDER_PROFIT":26512596,"HOLDER_PROFIT_YOY":-90.8083869313,"GROSS_PROFIT_RATIO":15.217254015106,"EPS_TTM":0.016731321287,"OPERATE_INCOME_QOQ":2.507927515225,"NET_PROFIT_RATIO":0.7721462965,"ROE_AVG":0.487712419553,"GROSS_PROFIT_QOQ":-11.437613576453,"ROA":0.216365659978,"HOLDER_PROFIT_QOQ":-69.858667441724,"ROE_YEARLY":0.975424839105,"ROIC_YEARLY":0.467975652206,"TOTAL_ASSETS":12108744241.44,"TOTAL_LIABILITIES":6633267917.76,"TAX_EBT":18.190749296373,"OCF_SALES":-1.163143879191,"TOTAL_PARENT_EQUITY":5440709883.84,"DEBT_ASSET_RATIO":54.7808078649,"OPERATE_PROFIT":116636240.16,"PRETAX_PROFIT":34401977.28,"NETCASH_OPERATE":-42395490.72,"NETCASH_INVEST":-387553409.76,"NETCASH_FINANCE":239537765.28,"END_CASH":793508068.32,"DIVI_RATIO":null,"DIVIDEND_RATE":null,"CURRENT_RATIO":1.287326958877,"COMMON_ACS":20000000000,"CURRENTDEBT_DEBT":74.281829406099,"ISSUED_COMMON_SHARES":9735607645,"HK_COMMON_SHARES":9735607645,"PER_SHARES":10000,"TOTAL_MARKET_CAP":856733472.76,"HKSK_MARKET_CAP":856733472.76,"PE_TTM":-0.693042962422,"PB_TTM":0.130544232951,"REPORT_DATE_SQ":"2019-06-30 00:00:00","REPORT_TYPE_SQ":"2019年中报","OPERATE_INCOME_SQ":3438539919.72,"DPS_HKD":null,"OPERATE_INCOME_QOQ_SQ":-0.776904620096,"NET_PROFIT_RATIO_SQ":8.0840800401,"HOLDER_PROFIT_SQ":277776395.82,"HOLDER_PROFIT_QOQ_SQ":-15.86024252825,"ROE_AVG_SQ":5.108153371586,"PE_TTM_SQ":7.255667733323,"PB_TTM_SQ":0.11581014633,"ROA_SQ":2.287545407425,"START_DATE":"2020-01-01 00:00:00","FISCAL_YEAR":"12-31","CURRENCY":"HKD","IS_CNY_CODE":0,"DPS_HKD_LY":0.0005,"ORG_TYPE":"一般企业","PREMIUM_INCOME":null,"PREMIUM_INCOME_YOY":null,"NET_INTEREST_INCOME":null,"NET_INTEREST_INCOME_YOY":null,"FEE_COMMISSION_INCOME":null,"FEE_COMMISSION_INCOME_YOY":null,"ACCOUNTS_RECE_TDAYS":1.359663810569,"INVENTORY_TDAYS":1.593408655937,"CURRENT_ASSETS_TDAYS":0.553894639134,"TOTAL_ASSETS_TDAYS":0.297455707564,"PREMIUM_EXPENSE":null,"LOAN_DEPOSIT":null,"LOAN_EQUITY":null,"LOAN_ASSETS":null,"DEPOSIT_EQUITY":null,"DEPOSIT_ASSETS":null,"EQUITY_MULTIPLIER":2.211450388172,"EQUITY_RATIO":1.219191623774}],"count":46},"success":true,"message":"ok","code":0}