{"version":"4a635899801904afdf7dd52765560f1a","result":{"pages":5,"data":[{"SECUCODE":"00693.HK","SECURITY_CODE":"00693","SECURITY_NAME_ABBR":"陈唱国际","ORG_CODE":"10009061","STD_REPORT_DATE":"2024-06-30 00:00:00","REPORT_DATE":"2024-06-30 00:00:00","DATE_TYPE_CODE":"002","REPORT_TYPE":"2024年中报","PER_NETCASH_OPERATE":0.167125816375,"PER_OI":2.987004735825,"BPS":4.898725555789,"BASIC_EPS":-0.016245704,"DILUTED_EPS":-0.016245704,"OPERATE_INCOME":6013763517.68,"OPERATE_INCOME_YOY":-9.9317823871,"GROSS_PROFIT":1188349517.92,"GROSS_PROFIT_YOY":-6.01767198644,"HOLDER_PROFIT":-32768862.72,"HOLDER_PROFIT_YOY":-128.3022883674,"GROSS_PROFIT_RATIO":19.760496308615,"EPS_TTM":0.051810392275,"OPERATE_INCOME_QOQ":-5.835787940223,"NET_PROFIT_RATIO":0.4252157266,"ROE_AVG":-0.328858441069,"GROSS_PROFIT_QOQ":-3.107943412105,"ROA":-0.155327558085,"HOLDER_PROFIT_QOQ":-58.939513029735,"ROE_YEARLY":-0.657716882137,"ROIC_YEARLY":-0.35867194878,"TOTAL_ASSETS":20894529022.64,"TOTAL_LIABILITIES":9984753881.84,"TAX_EBT":80.006137026967,"OCF_SALES":5.595097134279,"TOTAL_PARENT_EQUITY":9862648250,"DEBT_ASSET_RATIO":47.7864510419,"OPERATE_PROFIT":221517475.48,"PRETAX_PROFIT":127896586.44,"NETCASH_OPERATE":336475910.24,"NETCASH_INVEST":-134581967.44,"NETCASH_FINANCE":26176575.08,"END_CASH":1500936941.84,"DIVI_RATIO":1.139414264364,"DIVIDEND_RATE":6.25,"CURRENT_RATIO":1.195084837664,"COMMON_ACS":3000000000,"CURRENTDEBT_DEBT":69.994711170108,"ISSUED_COMMON_SHARES":2013309000,"HK_COMMON_SHARES":2013309000,"PER_SHARES":3000,"TOTAL_MARKET_CAP":2093841360,"HKSK_MARKET_CAP":2093841360,"PE_TTM":17.80977110924,"PB_TTM":0.193762069173,"REPORT_DATE_SQ":"2023-06-30 00:00:00","REPORT_TYPE_SQ":"2023年中报","OPERATE_INCOME_SQ":6744934617.88,"DPS_HKD":0.065,"OPERATE_INCOME_QOQ_SQ":9.990667368397,"NET_PROFIT_RATIO_SQ":2.5610105163,"HOLDER_PROFIT_SQ":116961460.82,"HOLDER_PROFIT_QOQ_SQ":1.421294689392,"ROE_AVG_SQ":1.181097707045,"PE_TTM_SQ":6.656418218412,"PB_TTM_SQ":0.255456974608,"ROA_SQ":0.567348171115,"START_DATE":"2024-01-01 00:00:00","FISCAL_YEAR":"12-31","CURRENCY":"HKD","IS_CNY_CODE":0,"DPS_HKD_LY":0.065,"ORG_TYPE":"一般企业","PREMIUM_INCOME":null,"PREMIUM_INCOME_YOY":null,"NET_INTEREST_INCOME":null,"NET_INTEREST_INCOME_YOY":null,"FEE_COMMISSION_INCOME":null,"FEE_COMMISSION_INCOME_YOY":null,"ACCOUNTS_RECE_TDAYS":6.024897373427,"INVENTORY_TDAYS":2.514806185271,"CURRENT_ASSETS_TDAYS":0.705159272089,"TOTAL_ASSETS_TDAYS":0.285058169422,"PREMIUM_EXPENSE":null,"LOAN_DEPOSIT":null,"LOAN_EQUITY":null,"LOAN_ASSETS":null,"DEPOSIT_EQUITY":null,"DEPOSIT_ASSETS":null,"EQUITY_MULTIPLIER":1.915211702622,"EQUITY_RATIO":1.012380613071},{"SECUCODE":"00693.HK","SECURITY_CODE":"00693","SECURITY_NAME_ABBR":"陈唱国际","ORG_CODE":"10009061","STD_REPORT_DATE":"2023-12-31 00:00:00","REPORT_DATE":"2023-12-31 00:00:00","DATE_TYPE_CODE":"001","REPORT_TYPE":"2023年年报","PER_NETCASH_OPERATE":-0.396263887779,"PER_OI":6.223132964289,"BPS":4.964443437495,"BASIC_EPS":0.126145824,"DILUTED_EPS":0.126145824,"OPERATE_INCOME":12529089605.2,"OPERATE_INCOME_YOY":2.5743866215,"GROSS_PROFIT":2448236702.24,"GROSS_PROFIT_YOY":18.640178556534,"HOLDER_PROFIT":254040652.6,"HOLDER_PROFIT_YOY":-32.9471168911,"GROSS_PROFIT_RATIO":19.540419770195,"EPS_TTM":0.126180657117,"OPERATE_INCOME_QOQ":-5.390665951713,"NET_PROFIT_RATIO":2.7527076465,"ROE_AVG":2.58207135398,"GROSS_PROFIT_QOQ":0.010040239454,"ROA":1.237259423373,"HOLDER_PROFIT_QOQ":-32.928317626465,"ROE_YEARLY":2.58207135398,"ROIC_YEARLY":1.459808553813,"TOTAL_ASSETS":21147955000.34,"TOTAL_LIABILITIES":10056763762.92,"TAX_EBT":41.072822088169,"OCF_SALES":-6.367594747737,"TOTAL_PARENT_EQUITY":9994958652.7,"DEBT_ASSET_RATIO":47.5543085029,"OPERATE_PROFIT":777431638.48,"PRETAX_PROFIT":585280374.56,"NETCASH_OPERATE":-797801651.64,"NETCASH_INVEST":-553605266.9,"NETCASH_FINANCE":546083640.9,"END_CASH":1298463733.7,"DIVI_RATIO":0.467849045557,"DIVIDEND_RATE":6.132075471698,"CURRENT_RATIO":1.265837042212,"COMMON_ACS":3000000000,"CURRENTDEBT_DEBT":67.890799772129,"ISSUED_COMMON_SHARES":2013309000,"HK_COMMON_SHARES":2013309000,"PER_SHARES":3000,"TOTAL_MARKET_CAP":2134107540,"HKSK_MARKET_CAP":2134107540,"PE_TTM":18.152266707494,"PB_TTM":0.197488262811,"REPORT_DATE_SQ":"2022-12-31 00:00:00","REPORT_TYPE_SQ":"2022年年报","OPERATE_INCOME_SQ":12040088871.09,"DPS_HKD":0.065,"OPERATE_INCOME_QOQ_SQ":18.96218182931,"NET_PROFIT_RATIO_SQ":3.7886832578,"HOLDER_PROFIT_SQ":373452068.71,"HOLDER_PROFIT_QOQ_SQ":-6.224877657081,"ROE_AVG_SQ":3.890584777023,"PE_TTM_SQ":7.142288161362,"PB_TTM_SQ":0.274103469105,"ROA_SQ":2.126760194031,"START_DATE":"2023-01-01 00:00:00","FISCAL_YEAR":"12-31","CURRENCY":"HKD","IS_CNY_CODE":0,"DPS_HKD_LY":0.105,"ORG_TYPE":"一般企业","PREMIUM_INCOME":null,"PREMIUM_INCOME_YOY":null,"NET_INTEREST_INCOME":null,"NET_INTEREST_INCOME_YOY":null,"FEE_COMMISSION_INCOME":null,"FEE_COMMISSION_INCOME_YOY":null,"ACCOUNTS_RECE_TDAYS":11.386866483936,"INVENTORY_TDAYS":5.778454454692,"CURRENT_ASSETS_TDAYS":1.50001442983,"TOTAL_ASSETS_TDAYS":0.610206831925,"PREMIUM_EXPENSE":null,"LOAN_DEPOSIT":null,"LOAN_EQUITY":null,"LOAN_ASSETS":null,"DEPOSIT_EQUITY":null,"DEPOSIT_ASSETS":null,"EQUITY_MULTIPLIER":1.906734321646,"EQUITY_RATIO":1.006183628404},{"SECUCODE":"00693.HK","SECURITY_CODE":"00693","SECURITY_NAME_ABBR":"陈唱国际","ORG_CODE":"10009061","STD_REPORT_DATE":"2023-06-30 00:00:00","REPORT_DATE":"2023-06-30 00:00:00","DATE_TYPE_CODE":"002","REPORT_TYPE":"2023年中报","PER_NETCASH_OPERATE":-0.518991409555,"PER_OI":3.350173578859,"BPS":4.944521878639,"BASIC_EPS":0.05808474,"DILUTED_EPS":0.05808474,"OPERATE_INCOME":6744934617.88,"OPERATE_INCOME_YOY":12.8881786544,"GROSS_PROFIT":1264439329.22,"GROSS_PROFIT_YOY":43.681413878221,"HOLDER_PROFIT":116961460.82,"HOLDER_PROFIT_YOY":-2.8347120098,"GROSS_PROFIT_RATIO":18.74650238815,"EPS_TTM":0.188128063367,"OPERATE_INCOME_QOQ":9.990667368397,"NET_PROFIT_RATIO":2.5610105163,"ROE_AVG":1.181097707045,"GROSS_PROFIT_QOQ":18.628267994367,"ROA":0.567348171115,"HOLDER_PROFIT_QOQ":1.421294689392,"ROE_YEARLY":2.362195414091,"ROIC_YEARLY":1.335252234119,"TOTAL_ASSETS":20967448806.78,"TOTAL_LIABILITIES":9922804218.12,"TAX_EBT":42.771965728424,"OCF_SALES":-15.49147819773,"TOTAL_PARENT_EQUITY":9954850398.96,"DEBT_ASSET_RATIO":47.3248047941,"OPERATE_PROFIT":398315643.56,"PRETAX_PROFIT":301842422.3,"NETCASH_OPERATE":-1044890075.78,"NETCASH_INVEST":-254614918.78,"NETCASH_FINANCE":700356291.56,"END_CASH":1509777285.24,"DIVI_RATIO":0.313794225823,"DIVIDEND_RATE":6.132075471698,"CURRENT_RATIO":1.209375185226,"COMMON_ACS":3000000000,"CURRENTDEBT_DEBT":71.325800506834,"ISSUED_COMMON_SHARES":2013309000,"HK_COMMON_SHARES":2013309000,"PER_SHARES":3000,"TOTAL_MARKET_CAP":2134107540,"HKSK_MARKET_CAP":2134107540,"PE_TTM":18.152266707494,"PB_TTM":0.197488262811,"REPORT_DATE_SQ":"2022-06-30 00:00:00","REPORT_TYPE_SQ":"2022年中报","OPERATE_INCOME_SQ":5542049387.91,"DPS_HKD":0.065,"OPERATE_INCOME_QOQ_SQ":4.331084158836,"NET_PROFIT_RATIO_SQ":2.6674530271,"HOLDER_PROFIT_SQ":111653606.4,"HOLDER_PROFIT_QOQ_SQ":28.825538702372,"ROE_AVG_SQ":1.225455975733,"PE_TTM_SQ":7.142288161362,"PB_TTM_SQ":0.274103469105,"ROA_SQ":0.765211120553,"START_DATE":"2023-01-01 00:00:00","FISCAL_YEAR":"12-31","CURRENCY":"HKD","IS_CNY_CODE":0,"DPS_HKD_LY":0.105,"ORG_TYPE":"一般企业","PREMIUM_INCOME":null,"PREMIUM_INCOME_YOY":null,"NET_INTEREST_INCOME":null,"NET_INTEREST_INCOME_YOY":null,"FEE_COMMISSION_INCOME":null,"FEE_COMMISSION_INCOME_YOY":null,"ACCOUNTS_RECE_TDAYS":5.782136069815,"INVENTORY_TDAYS":3.067442781525,"CURRENT_ASSETS_TDAYS":0.804777507919,"TOTAL_ASSETS_TDAYS":0.327178396449,"PREMIUM_EXPENSE":null,"LOAN_DEPOSIT":null,"LOAN_EQUITY":null,"LOAN_ASSETS":null,"DEPOSIT_EQUITY":null,"DEPOSIT_ASSETS":null,"EQUITY_MULTIPLIER":1.898426756828,"EQUITY_RATIO":0.996780847571},{"SECUCODE":"00693.HK","SECURITY_CODE":"00693","SECURITY_NAME_ABBR":"陈唱国际","ORG_CODE":"10009061","STD_REPORT_DATE":"2022-12-31 00:00:00","REPORT_DATE":"2022-12-31 00:00:00","DATE_TYPE_CODE":"001","REPORT_TYPE":"2022年年报","PER_NETCASH_OPERATE":-0.062041013396,"PER_OI":5.980248869443,"BPS":4.740432655047,"BASIC_EPS":0.185532179,"DILUTED_EPS":0.185532179,"OPERATE_INCOME":12040088871.09,"OPERATE_INCOME_YOY":13.6006392606,"GROSS_PROFIT":2063581437.61,"GROSS_PROFIT_YOY":23.401283576276,"HOLDER_PROFIT":373452068.71,"HOLDER_PROFIT_YOY":10.5726557665,"GROSS_PROFIT_RATIO":17.139254200731,"EPS_TTM":0.185491679971,"OPERATE_INCOME_QOQ":18.96218182931,"NET_PROFIT_RATIO":3.7886832578,"ROE_AVG":3.890584777023,"GROSS_PROFIT_QOQ":21.592783655129,"ROA":2.126760194031,"HOLDER_PROFIT_QOQ":-6.224877657081,"ROE_YEARLY":3.890584777023,"ROIC_YEARLY":2.631558241794,"TOTAL_ASSETS":19632485472.67,"TOTAL_LIABILITIES":9014560156.07,"TAX_EBT":34.177091187977,"OCF_SALES":-1.037431965639,"TOTAL_PARENT_EQUITY":9543955728.3,"DEBT_ASSET_RATIO":45.9165507527,"OPERATE_PROFIT":749654515.75,"PRETAX_PROFIT":693012265.05,"NETCASH_OPERATE":-124907730.64,"NETCASH_INVEST":735589979.6,"NETCASH_FINANCE":-558166012.39,"END_CASH":2070140719.22,"DIVI_RATIO":0.318254166491,"DIVIDEND_RATE":6.132075471698,"CURRENT_RATIO":1.203815188093,"COMMON_ACS":3000000000,"CURRENTDEBT_DEBT":73.235571895592,"ISSUED_COMMON_SHARES":2013309000,"HK_COMMON_SHARES":2013309000,"PER_SHARES":3000,"TOTAL_MARKET_CAP":2134107540,"HKSK_MARKET_CAP":2134107540,"PE_TTM":18.152266707494,"PB_TTM":0.197488262811,"REPORT_DATE_SQ":"2021-12-31 00:00:00","REPORT_TYPE_SQ":"2021年年报","OPERATE_INCOME_SQ":9700788843.2,"DPS_HKD":0.065,"OPERATE_INCOME_QOQ_SQ":-4.960245406429,"NET_PROFIT_RATIO_SQ":3.8253488824,"HOLDER_PROFIT_SQ":309132924.8,"HOLDER_PROFIT_QOQ_SQ":211.267668819256,"ROE_AVG_SQ":3.49076479636,"PE_TTM_SQ":7.142288161362,"PB_TTM_SQ":0.274103469105,"ROA_SQ":2.143618432313,"START_DATE":"2022-01-01 00:00:00","FISCAL_YEAR":"12-31","CURRENCY":"HKD","IS_CNY_CODE":0,"DPS_HKD_LY":0.075,"ORG_TYPE":"一般企业","PREMIUM_INCOME":null,"PREMIUM_INCOME_YOY":null,"NET_INTEREST_INCOME":null,"NET_INTEREST_INCOME_YOY":null,"FEE_COMMISSION_INCOME":null,"FEE_COMMISSION_INCOME_YOY":null,"ACCOUNTS_RECE_TDAYS":11.482908751685,"INVENTORY_TDAYS":7.3869734639,"CURRENT_ASSETS_TDAYS":1.872849301659,"TOTAL_ASSETS_TDAYS":0.68566715488,"PREMIUM_EXPENSE":null,"LOAN_DEPOSIT":null,"LOAN_EQUITY":null,"LOAN_ASSETS":null,"DEPOSIT_EQUITY":null,"DEPOSIT_ASSETS":null,"EQUITY_MULTIPLIER":1.848994496315,"EQUITY_RATIO":0.944530801766},{"SECUCODE":"00693.HK","SECURITY_CODE":"00693","SECURITY_NAME_ABBR":"陈唱国际","ORG_CODE":"10009061","STD_REPORT_DATE":"2022-06-30 00:00:00","REPORT_DATE":"2022-06-30 00:00:00","DATE_TYPE_CODE":"002","REPORT_TYPE":"2022年中报","PER_NETCASH_OPERATE":0.049437942074,"PER_OI":2.752706806511,"BPS":4.460387403464,"BASIC_EPS":0.055416312,"DILUTED_EPS":0.055416312,"OPERATE_INCOME":5542049387.91,"OPERATE_INCOME_YOY":5.2790024203,"GROSS_PROFIT":880029848.74,"GROSS_PROFIT_YOY":2.908482121076,"HOLDER_PROFIT":111653606.4,"HOLDER_PROFIT_YOY":381.8779065476,"GROSS_PROFIT_RATIO":15.879141219127,"EPS_TTM":0.197804785892,"OPERATE_INCOME_QOQ":4.331084158836,"NET_PROFIT_RATIO":2.6674530271,"ROE_AVG":1.225455975733,"GROSS_PROFIT_QOQ":1.487341490821,"ROA":0.765211120553,"HOLDER_PROFIT_QOQ":28.825538702372,"ROE_YEARLY":2.450911951467,"ROIC_YEARLY":1.974631744451,"TOTAL_ASSETS":14355780344.64,"TOTAL_LIABILITIES":4391845348.8,"TAX_EBT":37.527014622229,"OCF_SALES":1.795975581472,"TOTAL_PARENT_EQUITY":8980138102.88,"DEBT_ASSET_RATIO":30.5928709089,"OPERATE_PROFIT":231902727.49,"PRETAX_PROFIT":236632783.38,"NETCASH_OPERATE":99533853.72,"NETCASH_INVEST":208151535.62,"NETCASH_FINANCE":-23029411.51,"END_CASH":2182321732.64,"DIVI_RATIO":0.298443233988,"DIVIDEND_RATE":6.132075471698,"CURRENT_RATIO":1.486430316912,"COMMON_ACS":3000000000,"CURRENTDEBT_DEBT":78.815562980964,"ISSUED_COMMON_SHARES":2013309000,"HK_COMMON_SHARES":2013309000,"PER_SHARES":3000,"TOTAL_MARKET_CAP":2134107540,"HKSK_MARKET_CAP":2134107540,"PE_TTM":18.152266707494,"PB_TTM":0.197488262811,"REPORT_DATE_SQ":"2021-06-30 00:00:00","REPORT_TYPE_SQ":"2021年中报","OPERATE_INCOME_SQ":5121900059.04,"DPS_HKD":0.065,"OPERATE_INCOME_QOQ_SQ":-1.557536820223,"NET_PROFIT_RATIO_SQ":1.276606529,"HOLDER_PROFIT_SQ":22544375.52,"HOLDER_PROFIT_QOQ_SQ":1141.19891757709,"ROE_AVG_SQ":0.251587230913,"PE_TTM_SQ":7.142288161362,"PB_TTM_SQ":0.274103469105,"ROA_SQ":0.1514785145,"START_DATE":"2022-01-01 00:00:00","FISCAL_YEAR":"12-31","CURRENCY":"HKD","IS_CNY_CODE":0,"DPS_HKD_LY":0.075,"ORG_TYPE":"一般企业","PREMIUM_INCOME":null,"PREMIUM_INCOME_YOY":null,"NET_INTEREST_INCOME":null,"NET_INTEREST_INCOME_YOY":null,"FEE_COMMISSION_INCOME":null,"FEE_COMMISSION_INCOME_YOY":null,"ACCOUNTS_RECE_TDAYS":6.504311039181,"INVENTORY_TDAYS":3.900829941285,"CURRENT_ASSETS_TDAYS":1.125748227341,"TOTAL_ASSETS_TDAYS":0.379820944349,"PREMIUM_EXPENSE":null,"LOAN_DEPOSIT":null,"LOAN_EQUITY":null,"LOAN_ASSETS":null,"DEPOSIT_EQUITY":null,"DEPOSIT_ASSETS":null,"EQUITY_MULTIPLIER":1.44077418717,"EQUITY_RATIO":0.489062116694},{"SECUCODE":"00693.HK","SECURITY_CODE":"00693","SECURITY_NAME_ABBR":"陈唱国际","ORG_CODE":"10009061","STD_REPORT_DATE":"2021-12-31 00:00:00","REPORT_DATE":"2021-12-31 00:00:00","DATE_TYPE_CODE":"001","REPORT_TYPE":"2021年年报","PER_NETCASH_OPERATE":0.388852687789,"PER_OI":4.818330839032,"BPS":4.38879244865,"BASIC_EPS":0.15354528,"DILUTED_EPS":0.15354528,"OPERATE_INCOME":9700788843.2,"OPERATE_INCOME_YOY":-3.6895830551,"GROSS_PROFIT":1672252814.4,"GROSS_PROFIT_YOY":-15.538845699233,"HOLDER_PROFIT":309132924.8,"HOLDER_PROFIT_YOY":3877.0484905859,"GROSS_PROFIT_RATIO":17.238317846411,"EPS_TTM":0.153544699199,"OPERATE_INCOME_QOQ":-4.960245406429,"NET_PROFIT_RATIO":3.8253488824,"ROE_AVG":3.49076479636,"GROSS_PROFIT_QOQ":-10.171625563023,"ROA":2.143618432313,"HOLDER_PROFIT_QOQ":211.267668819256,"ROE_YEARLY":3.49076479636,"ROIC_YEARLY":2.734010203892,"TOTAL_ASSETS":14174943776,"TOTAL_LIABILITIES":4295191286.4,"TAX_EBT":31.031213103395,"OCF_SALES":8.070277877956,"TOTAL_PARENT_EQUITY":8835995336,"DEBT_ASSET_RATIO":30.3012932839,"OPERATE_PROFIT":528356830.4,"PRETAX_PROFIT":538053566.4,"NETCASH_OPERATE":782880616,"NETCASH_INVEST":-27993806.4,"NETCASH_FINANCE":-801718120,"END_CASH":1893672793.6,"DIVI_RATIO":0.384471103906,"DIVIDEND_RATE":6.132075471698,"CURRENT_RATIO":1.588468248425,"COMMON_ACS":3000000000,"CURRENTDEBT_DEBT":65.869756314656,"ISSUED_COMMON_SHARES":2013309000,"HK_COMMON_SHARES":2013309000,"PER_SHARES":3000,"TOTAL_MARKET_CAP":2134107540,"HKSK_MARKET_CAP":2134107540,"PE_TTM":18.152266707494,"PB_TTM":0.197488262811,"REPORT_DATE_SQ":"2020-12-31 00:00:00","REPORT_TYPE_SQ":"2020年年报","OPERATE_INCOME_SQ":10368579771.8,"DPS_HKD":0.065,"OPERATE_INCOME_QOQ_SQ":-15.166851186444,"NET_PROFIT_RATIO_SQ":0.6913513906,"HOLDER_PROFIT_SQ":8001471.48,"HOLDER_PROFIT_QOQ_SQ":-78.092783029974,"ROE_AVG_SQ":0.085756686622,"PE_TTM_SQ":7.142288161362,"PB_TTM_SQ":0.274103469105,"ROA_SQ":0.050752266082,"START_DATE":"2021-01-01 00:00:00","FISCAL_YEAR":"12-31","CURRENCY":"HKD","IS_CNY_CODE":0,"DPS_HKD_LY":0.045,"ORG_TYPE":"一般企业","PREMIUM_INCOME":null,"PREMIUM_INCOME_YOY":null,"NET_INTEREST_INCOME":null,"NET_INTEREST_INCOME_YOY":null,"FEE_COMMISSION_INCOME":null,"FEE_COMMISSION_INCOME_YOY":null,"ACCOUNTS_RECE_TDAYS":11.357623323751,"INVENTORY_TDAYS":5.99463149361,"CURRENT_ASSETS_TDAYS":1.78737968285,"TOTAL_ASSETS_TDAYS":0.672681170591,"PREMIUM_EXPENSE":null,"LOAN_DEPOSIT":null,"LOAN_EQUITY":null,"LOAN_ASSETS":null,"DEPOSIT_EQUITY":null,"DEPOSIT_ASSETS":null,"EQUITY_MULTIPLIER":1.434746851291,"EQUITY_RATIO":0.486101579174},{"SECUCODE":"00693.HK","SECURITY_CODE":"00693","SECURITY_NAME_ABBR":"陈唱国际","ORG_CODE":"10009061","STD_REPORT_DATE":"2021-06-30 00:00:00","REPORT_DATE":"2021-06-30 00:00:00","DATE_TYPE_CODE":"002","REPORT_TYPE":"2021年中报","PER_NETCASH_OPERATE":0.108944008178,"PER_OI":2.544020842821,"BPS":4.415145197444,"BASIC_EPS":0.01123308,"DILUTED_EPS":0.01123308,"OPERATE_INCOME":5121900059.04,"OPERATE_INCOME_YOY":6.4223885528,"GROSS_PROFIT":855157738.8,"GROSS_PROFIT_YOY":-12.152459129112,"HOLDER_PROFIT":22544375.52,"HOLDER_PROFIT_YOY":135.9885767417,"GROSS_PROFIT_RATIO":16.696103573725,"EPS_TTM":0.049328830001,"OPERATE_INCOME_QOQ":-1.557536820223,"NET_PROFIT_RATIO":1.276606529,"ROE_AVG":0.251587230913,"GROSS_PROFIT_QOQ":-5.974971905982,"ROA":0.1514785145,"HOLDER_PROFIT_QOQ":1141.19891757709,"ROE_YEARLY":0.503174461825,"ROIC_YEARLY":0.384535728353,"TOTAL_ASSETS":14838795502.08,"TOTAL_LIABILITIES":4876389030.48,"TAX_EBT":57.309792204265,"OCF_SALES":4.282355173504,"TOTAL_PARENT_EQUITY":8889051562.32,"DEBT_ASSET_RATIO":32.8624316562,"OPERATE_PROFIT":149575532.88,"PRETAX_PROFIT":153165126,"NETCASH_OPERATE":219337952.16,"NETCASH_INVEST":19151153.28,"NETCASH_FINANCE":-288147639.84,"END_CASH":1940954740.32,"DIVI_RATIO":1.196734242411,"DIVIDEND_RATE":6.132075471698,"CURRENT_RATIO":1.886775453903,"COMMON_ACS":3000000000,"CURRENTDEBT_DEBT":69.867951111863,"ISSUED_COMMON_SHARES":2013309000,"HK_COMMON_SHARES":2013309000,"PER_SHARES":3000,"TOTAL_MARKET_CAP":2134107540,"HKSK_MARKET_CAP":2134107540,"PE_TTM":18.152266707494,"PB_TTM":0.197488262811,"REPORT_DATE_SQ":"2020-06-30 00:00:00","REPORT_TYPE_SQ":"2020年中报","OPERATE_INCOME_SQ":5283394506.72,"DPS_HKD":0.065,"OPERATE_INCOME_QOQ_SQ":-6.117085849971,"NET_PROFIT_RATIO_SQ":-0.7973115092,"HOLDER_PROFIT_SQ":-68768330.4,"HOLDER_PROFIT_QOQ_SQ":-80.85125318234,"ROE_AVG_SQ":-0.691853433857,"PE_TTM_SQ":7.142288161362,"PB_TTM_SQ":0.274103469105,"ROA_SQ":-0.400099252888,"START_DATE":"2021-01-01 00:00:00","FISCAL_YEAR":"12-31","CURRENCY":"HKD","IS_CNY_CODE":0,"DPS_HKD_LY":0.045,"ORG_TYPE":"一般企业","PREMIUM_INCOME":null,"PREMIUM_INCOME_YOY":null,"NET_INTEREST_INCOME":null,"NET_INTEREST_INCOME_YOY":null,"FEE_COMMISSION_INCOME":null,"FEE_COMMISSION_INCOME_YOY":null,"ACCOUNTS_RECE_TDAYS":5.458377633515,"INVENTORY_TDAYS":2.818126835418,"CURRENT_ASSETS_TDAYS":0.793996389857,"TOTAL_ASSETS_TDAYS":0.344146952162,"PREMIUM_EXPENSE":null,"LOAN_DEPOSIT":null,"LOAN_EQUITY":null,"LOAN_ASSETS":null,"DEPOSIT_EQUITY":null,"DEPOSIT_ASSETS":null,"EQUITY_MULTIPLIER":1.489479027419,"EQUITY_RATIO":0.548583726429},{"SECUCODE":"00693.HK","SECURITY_CODE":"00693","SECURITY_NAME_ABBR":"陈唱国际","ORG_CODE":"10009061","STD_REPORT_DATE":"2020-12-31 00:00:00","REPORT_DATE":"2020-12-31 00:00:00","DATE_TYPE_CODE":"001","REPORT_TYPE":"2020年年报","PER_NETCASH_OPERATE":0.441113871741,"PER_OI":5.150019083906,"BPS":4.538023751446,"BASIC_EPS":0.003955708,"DILUTED_EPS":0.003955708,"OPERATE_INCOME":10368579771.8,"OPERATE_INCOME_YOY":-15.2329356113,"GROSS_PROFIT":1979907601.6,"GROSS_PROFIT_YOY":-20.520053789294,"HOLDER_PROFIT":8001471.48,"HOLDER_PROFIT_YOY":-95.5351943343,"GROSS_PROFIT_RATIO":19.095263239281,"EPS_TTM":0.003974288835,"OPERATE_INCOME_QOQ":-15.166851186444,"NET_PROFIT_RATIO":0.6913513906,"ROE_AVG":0.085756686622,"GROSS_PROFIT_QOQ":-12.428428863772,"ROA":0.050752266082,"HOLDER_PROFIT_QOQ":-78.092783029974,"ROE_YEARLY":0.085756686622,"ROIC_YEARLY":0.063561487114,"TOTAL_ASSETS":15098477900.56,"TOTAL_LIABILITIES":4846355855.56,"TAX_EBT":68.121523800969,"OCF_SALES":8.565286158239,"TOTAL_PARENT_EQUITY":9136444061,"DEBT_ASSET_RATIO":32.0983074418,"OPERATE_PROFIT":230703623.68,"PRETAX_PROFIT":224864325.36,"NETCASH_OPERATE":888098528,"NETCASH_INVEST":-18479889.48,"NETCASH_FINANCE":-858546022.68,"END_CASH":2070894777.08,"DIVI_RATIO":14.853852463085,"DIVIDEND_RATE":6.132075471698,"CURRENT_RATIO":1.882094521118,"COMMON_ACS":3000000000,"CURRENTDEBT_DEBT":71.784032903172,"ISSUED_COMMON_SHARES":2013309000,"HK_COMMON_SHARES":2013309000,"PER_SHARES":3000,"TOTAL_MARKET_CAP":2134107540,"HKSK_MARKET_CAP":2134107540,"PE_TTM":18.152266707494,"PB_TTM":0.197488262811,"REPORT_DATE_SQ":"2019-12-31 00:00:00","REPORT_TYPE_SQ":"2019年年报","OPERATE_INCOME_SQ":13018685158.78,"DPS_HKD":0.065,"OPERATE_INCOME_QOQ_SQ":-2.152930727651,"NET_PROFIT_RATIO_SQ":2.1402634533,"HOLDER_PROFIT_SQ":190740226.96,"HOLDER_PROFIT_QOQ_SQ":-40.285403751739,"ROE_AVG_SQ":1.907800683874,"PE_TTM_SQ":7.142288161362,"PB_TTM_SQ":0.274103469105,"ROA_SQ":1.12774426625,"START_DATE":"2020-01-01 00:00:00","FISCAL_YEAR":"12-31","CURRENCY":"HKD","IS_CNY_CODE":0,"DPS_HKD_LY":0.1,"ORG_TYPE":"一般企业","PREMIUM_INCOME":null,"PREMIUM_INCOME_YOY":null,"NET_INTEREST_INCOME":null,"NET_INTEREST_INCOME_YOY":null,"FEE_COMMISSION_INCOME":null,"FEE_COMMISSION_INCOME_YOY":null,"ACCOUNTS_RECE_TDAYS":10.152177657207,"INVENTORY_TDAYS":4.452725844364,"CURRENT_ASSETS_TDAYS":1.445962845917,"TOTAL_ASSETS_TDAYS":0.65766518169,"PREMIUM_EXPENSE":null,"LOAN_DEPOSIT":null,"LOAN_EQUITY":null,"LOAN_ASSETS":null,"DEPOSIT_EQUITY":null,"DEPOSIT_ASSETS":null,"EQUITY_MULTIPLIER":1.472717339325,"EQUITY_RATIO":0.530442240242},{"SECUCODE":"00693.HK","SECURITY_CODE":"00693","SECURITY_NAME_ABBR":"陈唱国际","ORG_CODE":"10009061","STD_REPORT_DATE":"2020-06-30 00:00:00","REPORT_DATE":"2020-06-30 00:00:00","DATE_TYPE_CODE":"002","REPORT_TYPE":"2020年中报","PER_NETCASH_OPERATE":0.017980164595,"PER_OI":2.624234286302,"BPS":4.739709765923,"BASIC_EPS":-0.034162656,"DILUTED_EPS":-0.034162656,"OPERATE_INCOME":5283394506.72,"OPERATE_INCOME_YOY":-16.3123217912,"GROSS_PROFIT":973456661.76,"GROSS_PROFIT_YOY":-19.123439720945,"HOLDER_PROFIT":-68768330.4,"HOLDER_PROFIT_YOY":-177.5039377374,"GROSS_PROFIT_RATIO":18.424833892715,"EPS_TTM":0.01814145923,"OPERATE_INCOME_QOQ":-6.117085849971,"NET_PROFIT_RATIO":-0.7973115092,"ROE_AVG":-0.691853433857,"GROSS_PROFIT_QOQ":-9.240013420491,"ROA":-0.400099252888,"HOLDER_PROFIT_QOQ":-80.85125318234,"ROE_YEARLY":-1.383706867715,"ROIC_YEARLY":-0.982542753041,"TOTAL_ASSETS":16540735025.76,"TOTAL_LIABILITIES":5860191675.36,"TAX_EBT":343.16899551806,"OCF_SALES":0.685158512278,"TOTAL_PARENT_EQUITY":9542500329.12,"DEBT_ASSET_RATIO":35.4288468211,"OPERATE_PROFIT":25994675.52,"PRETAX_PROFIT":17323389.6,"NETCASH_OPERATE":36199627.2,"NETCASH_INVEST":-131978378.4,"NETCASH_FINANCE":-280206854.4,"END_CASH":1753475048.16,"DIVI_RATIO":3.254065687496,"DIVIDEND_RATE":6.132075471698,"CURRENT_RATIO":1.526308178348,"COMMON_ACS":3000000000,"CURRENTDEBT_DEBT":84.289299119837,"ISSUED_COMMON_SHARES":2013309000,"HK_COMMON_SHARES":2013309000,"PER_SHARES":3000,"TOTAL_MARKET_CAP":2134107540,"HKSK_MARKET_CAP":2134107540,"PE_TTM":18.152266707494,"PB_TTM":0.197488262811,"REPORT_DATE_SQ":"2019-06-30 00:00:00","REPORT_TYPE_SQ":"2019年中报","OPERATE_INCOME_SQ":6079758654.42,"DPS_HKD":0.065,"OPERATE_INCOME_QOQ_SQ":-3.473169905832,"NET_PROFIT_RATIO_SQ":2.0716236607,"HOLDER_PROFIT_SQ":85447533.42,"HOLDER_PROFIT_QOQ_SQ":-39.332365069945,"ROE_AVG_SQ":0.87751697125,"PE_TTM_SQ":7.142288161362,"PB_TTM_SQ":0.274103469105,"ROA_SQ":0.519345981319,"START_DATE":"2020-01-01 00:00:00","FISCAL_YEAR":"12-31","CURRENCY":"HKD","IS_CNY_CODE":0,"DPS_HKD_LY":0.1,"ORG_TYPE":"一般企业","PREMIUM_INCOME":null,"PREMIUM_INCOME_YOY":null,"NET_INTEREST_INCOME":null,"NET_INTEREST_INCOME_YOY":null,"FEE_COMMISSION_INCOME":null,"FEE_COMMISSION_INCOME_YOY":null,"ACCOUNTS_RECE_TDAYS":4.525853185238,"INVENTORY_TDAYS":1.822320648029,"CURRENT_ASSETS_TDAYS":0.66051147629,"TOTAL_ASSETS_TDAYS":0.307391815761,"PREMIUM_EXPENSE":null,"LOAN_DEPOSIT":null,"LOAN_EQUITY":null,"LOAN_ASSETS":null,"DEPOSIT_EQUITY":null,"DEPOSIT_ASSETS":null,"EQUITY_MULTIPLIER":1.548679171378,"EQUITY_RATIO":0.614114904191}],"count":45},"success":true,"message":"ok","code":0}