{"version":"98b23c9acd8834c1e36a5743ff22c843","result":{"pages":7,"data":[{"SECUCODE":"00694.HK","SECURITY_CODE":"00694","SECURITY_NAME_ABBR":"北京首都机场股份","ORG_CODE":"10009062","STD_REPORT_DATE":"2024-09-30 00:00:00","REPORT_DATE":"2024-09-30 00:00:00","DATE_TYPE_CODE":"004","REPORT_TYPE":"2024年三季报","PER_NETCASH_OPERATE":0.105955969925,"PER_OI":0.897252207862,"BPS":3.146495210877,"BASIC_EPS":null,"DILUTED_EPS":null,"OPERATE_INCOME":4108678447.31,"OPERATE_INCOME_YOY":27.3384907954,"GROSS_PROFIT":281340097.36,"GROSS_PROFIT_YOY":154.312727558218,"HOLDER_PROFIT":-459891571.18,"HOLDER_PROFIT_YOY":65.5657263639,"GROSS_PROFIT_RATIO":6.847459614276,"EPS_TTM":-0.179315141527,"OPERATE_INCOME_QOQ":3.48653255953,"NET_PROFIT_RATIO":-11.1931750581,"ROE_AVG":-3.139602082107,"GROSS_PROFIT_QOQ":1.912387515017,"ROA":-1.413113411737,"HOLDER_PROFIT_QOQ":20.418058539214,"ROE_YEARLY":-4.186136109476,"ROIC_YEARLY":-1.487435755144,"TOTAL_ASSETS":32499785108.54,"TOTAL_LIABILITIES":18091420387.66,"TAX_EBT":5.036730541143,"OCF_SALES":11.808939448344,"TOTAL_PARENT_EQUITY":14408364720.88,"DEBT_ASSET_RATIO":55.666276953,"OPERATE_PROFIT":-274380072.59,"PRETAX_PROFIT":-484283632.82,"NETCASH_OPERATE":485191349.97,"NETCASH_INVEST":-290204430.99,"NETCASH_FINANCE":476753679.02,"END_CASH":1953365653.23,"DIVI_RATIO":null,"DIVIDEND_RATE":null,"CURRENT_RATIO":0.284052903524,"COMMON_ACS":null,"CURRENTDEBT_DEBT":76.837475938604,"ISSUED_COMMON_SHARES":4579178977,"HK_COMMON_SHARES":1879364000,"PER_SHARES":2000,"TOTAL_MARKET_CAP":13508577982.15,"HKSK_MARKET_CAP":5544123800,"PE_TTM":-14.573816649596,"PB_TTM":0.845474193256,"REPORT_DATE_SQ":"2023-09-30 00:00:00","REPORT_TYPE_SQ":"2023年三季报","OPERATE_INCOME_SQ":3226580134.29,"DPS_HKD":null,"OPERATE_INCOME_QOQ_SQ":18.905231408803,"NET_PROFIT_RATIO_SQ":-41.392539136,"HOLDER_PROFIT_SQ":-1335563444.84,"HOLDER_PROFIT_QOQ_SQ":12.123739312581,"ROE_AVG_SQ":-8.378986663622,"PE_TTM_SQ":-3.588089185427,"PB_TTM_SQ":0.668513095424,"ROA_SQ":-4.030674630977,"START_DATE":"2024-01-01 00:00:00","FISCAL_YEAR":"12-31","CURRENCY":"HKD","IS_CNY_CODE":0,"DPS_HKD_LY":null,"ORG_TYPE":"一般企业","PREMIUM_INCOME":null,"PREMIUM_INCOME_YOY":null,"NET_INTEREST_INCOME":null,"NET_INTEREST_INCOME_YOY":null,"FEE_COMMISSION_INCOME":null,"FEE_COMMISSION_INCOME_YOY":null,"ACCOUNTS_RECE_TDAYS":2.836871843696,"INVENTORY_TDAYS":19.748728104117,"CURRENT_ASSETS_TDAYS":1.179930358345,"TOTAL_ASSETS_TDAYS":0.126247771915,"PREMIUM_EXPENSE":null,"LOAN_DEPOSIT":null,"LOAN_EQUITY":null,"LOAN_ASSETS":null,"DEPOSIT_EQUITY":null,"DEPOSIT_ASSETS":null,"EQUITY_MULTIPLIER":2.255619269647,"EQUITY_RATIO":1.255619269648},{"SECUCODE":"00694.HK","SECURITY_CODE":"00694","SECURITY_NAME_ABBR":"北京首都机场股份","ORG_CODE":"10009062","STD_REPORT_DATE":"2024-06-30 00:00:00","REPORT_DATE":"2024-06-30 00:00:00","DATE_TYPE_CODE":"002","REPORT_TYPE":"2024年中报","PER_NETCASH_OPERATE":0.029709692651,"PER_OI":0.586103538097,"BPS":3.163615371394,"BASIC_EPS":-0.082,"DILUTED_EPS":-0.082,"OPERATE_INCOME":2683873000,"OPERATE_INCOME_YOY":35.2027356173,"GROSS_PROFIT":2683873000,"GROSS_PROFIT_YOY":35.20273561728,"HOLDER_PROFIT":-376494000,"HOLDER_PROFIT_YOY":63.8506185819,"GROSS_PROFIT_RATIO":null,"EPS_TTM":-0.22532139608,"OPERATE_INCOME_QOQ":4.212881491415,"NET_PROFIT_RATIO":-14.0280110124,"ROE_AVG":-2.563401310985,"GROSS_PROFIT_QOQ":5.716791804134,"ROA":-1.130991596689,"HOLDER_PROFIT_QOQ":20.312284980745,"ROE_YEARLY":-5.12680262197,"ROIC_YEARLY":-2.42737347235,"TOTAL_ASSETS":33988344000,"TOTAL_LIABILITIES":19501583000,"TAX_EBT":6.084522782038,"OCF_SALES":5.069017796297,"TOTAL_PARENT_EQUITY":14486761000,"DEBT_ASSET_RATIO":57.3772673361,"OPERATE_PROFIT":-258087000,"PRETAX_PROFIT":-400886000,"NETCASH_OPERATE":136046000,"NETCASH_INVEST":-242442000,"NETCASH_FINANCE":2078974000,"END_CASH":3254497000,"DIVI_RATIO":null,"DIVIDEND_RATE":null,"CURRENT_RATIO":0.331859193222,"COMMON_ACS":null,"CURRENTDEBT_DEBT":78.445857446547,"ISSUED_COMMON_SHARES":4579178977,"HK_COMMON_SHARES":1879364000,"PER_SHARES":2000,"TOTAL_MARKET_CAP":13371202612.84,"HKSK_MARKET_CAP":5487742880,"PE_TTM":-14.425608344685,"PB_TTM":0.836876150613,"REPORT_DATE_SQ":"2023-06-30 00:00:00","REPORT_TYPE_SQ":"2023年中报","OPERATE_INCOME_SQ":1985073000,"DPS_HKD":null,"OPERATE_INCOME_QOQ_SQ":28.873154716068,"NET_PROFIT_RATIO_SQ":-52.4663324724,"HOLDER_PROFIT_SQ":-1041495000,"HOLDER_PROFIT_QOQ_SQ":9.601809982655,"ROE_AVG_SQ":-6.474352907388,"PE_TTM_SQ":-3.824341971299,"PB_TTM_SQ":0.712530418579,"ROA_SQ":-3.130477704775,"START_DATE":"2024-01-01 00:00:00","FISCAL_YEAR":"12-31","CURRENCY":"HKD","IS_CNY_CODE":0,"DPS_HKD_LY":null,"ORG_TYPE":"一般企业","PREMIUM_INCOME":null,"PREMIUM_INCOME_YOY":null,"NET_INTEREST_INCOME":null,"NET_INTEREST_INCOME_YOY":null,"FEE_COMMISSION_INCOME":null,"FEE_COMMISSION_INCOME_YOY":null,"ACCOUNTS_RECE_TDAYS":2.011636855691,"INVENTORY_TDAYS":null,"CURRENT_ASSETS_TDAYS":0.663298938931,"TOTAL_ASSETS_TDAYS":0.080623803024,"PREMIUM_EXPENSE":null,"LOAN_DEPOSIT":null,"LOAN_EQUITY":null,"LOAN_ASSETS":null,"DEPOSIT_EQUITY":null,"DEPOSIT_ASSETS":null,"EQUITY_MULTIPLIER":2.346165854464,"EQUITY_RATIO":1.346165854465},{"SECUCODE":"00694.HK","SECURITY_CODE":"00694","SECURITY_NAME_ABBR":"北京首都机场股份","ORG_CODE":"10009062","STD_REPORT_DATE":"2024-03-31 00:00:00","REPORT_DATE":"2024-03-31 00:00:00","DATE_TYPE_CODE":"003","REPORT_TYPE":"2024年一季报","PER_NETCASH_OPERATE":-0.024741629447,"PER_OI":0.290631938078,"BPS":3.218619338246,"BASIC_EPS":null,"DILUTED_EPS":null,"OPERATE_INCOME":1330855660.89,"OPERATE_INCOME_YOY":57.5747634716,"GROSS_PROFIT":62208781.55,"GROSS_PROFIT_YOY":117.65821818929,"HOLDER_PROFIT":-149170603.57,"HOLDER_PROFIT_YOY":72.9356732256,"GROSS_PROFIT_RATIO":4.67434473761,"EPS_TTM":-0.282755498794,"OPERATE_INCOME_QOQ":10.667243509303,"NET_PROFIT_RATIO":-11.2086237414,"ROE_AVG":-1.007010025598,"GROSS_PROFIT_QOQ":9.092908855805,"ROA":-0.456217882676,"HOLDER_PROFIT_QOQ":23.691820326994,"ROE_YEARLY":-4.028040102392,"ROIC_YEARLY":-1.909394250664,"TOTAL_ASSETS":32805118005.93,"TOTAL_LIABILITIES":18066483997.27,"TAX_EBT":null,"OCF_SALES":-8.513045610388,"TOTAL_PARENT_EQUITY":14738634008.66,"DEBT_ASSET_RATIO":55.0721506138,"OPERATE_PROFIT":-80194519.26,"PRETAX_PROFIT":-149170603.57,"NETCASH_OPERATE":-113296349.42,"NETCASH_INVEST":-183856168.47,"NETCASH_FINANCE":613294291.37,"END_CASH":1597981706.07,"DIVI_RATIO":null,"DIVIDEND_RATE":null,"CURRENT_RATIO":0.258851103833,"COMMON_ACS":null,"CURRENTDEBT_DEBT":76.761967745332,"ISSUED_COMMON_SHARES":4579178977,"HK_COMMON_SHARES":1879364000,"PER_SHARES":2000,"TOTAL_MARKET_CAP":13371202612.84,"HKSK_MARKET_CAP":5487742880,"PE_TTM":-14.425608344685,"PB_TTM":0.836876150613,"REPORT_DATE_SQ":"2023-03-31 00:00:00","REPORT_TYPE_SQ":"2023年一季报","OPERATE_INCOME_SQ":844586805.38,"DPS_HKD":null,"OPERATE_INCOME_QOQ_SQ":8.33388438861,"NET_PROFIT_RATIO_SQ":-65.259197083,"HOLDER_PROFIT_SQ":-551170567.86,"HOLDER_PROFIT_QOQ_SQ":0.769388306133,"ROE_AVG_SQ":-3.375339878087,"PE_TTM_SQ":-3.824341971299,"PB_TTM_SQ":0.712530418579,"ROA_SQ":-1.64993426779,"START_DATE":"2024-01-01 00:00:00","FISCAL_YEAR":"12-31","CURRENCY":"HKD","IS_CNY_CODE":0,"DPS_HKD_LY":null,"ORG_TYPE":"一般企业","PREMIUM_INCOME":null,"PREMIUM_INCOME_YOY":null,"NET_INTEREST_INCOME":null,"NET_INTEREST_INCOME_YOY":null,"FEE_COMMISSION_INCOME":null,"FEE_COMMISSION_INCOME_YOY":null,"ACCOUNTS_RECE_TDAYS":0.932948532434,"INVENTORY_TDAYS":6.523014206096,"CURRENT_ASSETS_TDAYS":0.402956731672,"TOTAL_ASSETS_TDAYS":0.040702399617,"PREMIUM_EXPENSE":null,"LOAN_DEPOSIT":null,"LOAN_EQUITY":null,"LOAN_ASSETS":null,"DEPOSIT_EQUITY":null,"DEPOSIT_ASSETS":null,"EQUITY_MULTIPLIER":2.225790937385,"EQUITY_RATIO":1.225790937386},{"SECUCODE":"00694.HK","SECURITY_CODE":"00694","SECURITY_NAME_ABBR":"北京首都机场股份","ORG_CODE":"10009062","STD_REPORT_DATE":"2023-12-31 00:00:00","REPORT_DATE":"2023-12-31 00:00:00","DATE_TYPE_CODE":"001","REPORT_TYPE":"2023年年报","PER_NETCASH_OPERATE":-0.125756822979,"PER_OI":0.995489371107,"BPS":3.251194826579,"BASIC_EPS":-0.37,"DILUTED_EPS":-0.37,"OPERATE_INCOME":4558524000,"OPERATE_INCOME_YOY":104.3312529024,"GROSS_PROFIT":4558524000,"GROSS_PROFIT_YOY":104.331252902354,"HOLDER_PROFIT":-1696788000,"HOLDER_PROFIT_YOY":51.8864866934,"GROSS_PROFIT_RATIO":null,"EPS_TTM":-0.37054415399,"OPERATE_INCOME_QOQ":23.085547082743,"NET_PROFIT_RATIO":-37.2223114324,"ROE_AVG":-10.775746511345,"GROSS_PROFIT_QOQ":24.418608905971,"ROA":-5.136121267805,"HOLDER_PROFIT_QOQ":38.963433001146,"ROE_YEARLY":-10.775746511345,"ROIC_YEARLY":-5.369538098737,"TOTAL_ASSETS":32589339015.34,"TOTAL_LIABILITIES":17701534403.11,"TAX_EBT":1.274055455188,"OCF_SALES":-12.632663555133,"TOTAL_PARENT_EQUITY":14887804612.23,"DEBT_ASSET_RATIO":54.3169531607,"OPERATE_PROFIT":-1412605000,"PRETAX_PROFIT":-1718685000,"NETCASH_OPERATE":-575863000,"NETCASH_INVEST":-318637000,"NETCASH_FINANCE":585562000,"END_CASH":1281806000,"DIVI_RATIO":null,"DIVIDEND_RATE":null,"CURRENT_RATIO":0.223457206176,"COMMON_ACS":null,"CURRENTDEBT_DEBT":76.187007429484,"ISSUED_COMMON_SHARES":4579178977,"HK_COMMON_SHARES":1879364000,"PER_SHARES":2000,"TOTAL_MARKET_CAP":13371202612.84,"HKSK_MARKET_CAP":5487742880,"PE_TTM":-14.425608344685,"PB_TTM":0.836876150613,"REPORT_DATE_SQ":"2022-12-31 00:00:00","REPORT_TYPE_SQ":"2022年年报","OPERATE_INCOME_SQ":2230948000,"DPS_HKD":null,"OPERATE_INCOME_QOQ_SQ":-7.22787542629,"NET_PROFIT_RATIO_SQ":-158.0778664496,"HOLDER_PROFIT_SQ":-3526635000,"HOLDER_PROFIT_QOQ_SQ":-21.222273203894,"ROE_AVG_SQ":-19.177058623163,"PE_TTM_SQ":-3.824341971299,"PB_TTM_SQ":0.712530418579,"ROA_SQ":-10.277130060211,"START_DATE":"2023-01-01 00:00:00","FISCAL_YEAR":"12-31","CURRENCY":"HKD","IS_CNY_CODE":0,"DPS_HKD_LY":null,"ORG_TYPE":"一般企业","PREMIUM_INCOME":null,"PREMIUM_INCOME_YOY":null,"NET_INTEREST_INCOME":null,"NET_INTEREST_INCOME_YOY":null,"FEE_COMMISSION_INCOME":null,"FEE_COMMISSION_INCOME_YOY":null,"ACCOUNTS_RECE_TDAYS":4.559309539147,"INVENTORY_TDAYS":null,"CURRENT_ASSETS_TDAYS":1.576509867271,"TOTAL_ASSETS_TDAYS":0.137985016786,"PREMIUM_EXPENSE":null,"LOAN_DEPOSIT":null,"LOAN_EQUITY":null,"LOAN_ASSETS":null,"DEPOSIT_EQUITY":null,"DEPOSIT_ASSETS":null,"EQUITY_MULTIPLIER":2.188995851169,"EQUITY_RATIO":1.188995615147},{"SECUCODE":"00694.HK","SECURITY_CODE":"00694","SECURITY_NAME_ABBR":"北京首都机场股份","ORG_CODE":"10009062","STD_REPORT_DATE":"2023-09-30 00:00:00","REPORT_DATE":"2023-09-30 00:00:00","DATE_TYPE_CODE":"004","REPORT_TYPE":"2023年三季报","PER_NETCASH_OPERATE":-0.151097334386,"PER_OI":0.704619791123,"BPS":3.335523141228,"BASIC_EPS":null,"DILUTED_EPS":null,"OPERATE_INCOME":3226580134.29,"OPERATE_INCOME_YOY":83.9569126624,"GROSS_PROFIT":-518000310.44,"GROSS_PROFIT_YOY":73.44830765835,"HOLDER_PROFIT":-1335563444.84,"HOLDER_PROFIT_YOY":35.8594550366,"GROSS_PROFIT_RATIO":-16.054159167939,"EPS_TTM":-0.607085509899,"OPERATE_INCOME_QOQ":18.905231408803,"NET_PROFIT_RATIO":-41.392539136,"ROE_AVG":-8.378986663622,"GROSS_PROFIT_QOQ":17.631241722156,"ROA":-4.030674630977,"HOLDER_PROFIT_QOQ":12.123739312581,"ROE_YEARLY":-11.171982218162,"ROIC_YEARLY":-4.215465828565,"TOTAL_ASSETS":32786570519.36,"TOTAL_LIABILITIES":17512613073.75,"TAX_EBT":-1.836912641676,"OCF_SALES":-21.443810731583,"TOTAL_PARENT_EQUITY":15273957445.61,"DEBT_ASSET_RATIO":53.4139826043,"OPERATE_PROFIT":-1068790522.14,"PRETAX_PROFIT":-1311472834.55,"NETCASH_OPERATE":-691901737.1,"NETCASH_INVEST":-273079793.14,"NETCASH_FINANCE":674531408.81,"END_CASH":1300554695.07,"DIVI_RATIO":null,"DIVIDEND_RATE":null,"CURRENT_RATIO":0.235116445631,"COMMON_ACS":null,"CURRENTDEBT_DEBT":75.837849396259,"ISSUED_COMMON_SHARES":4579178977,"HK_COMMON_SHARES":1879364000,"PER_SHARES":2000,"TOTAL_MARKET_CAP":13371202612.84,"HKSK_MARKET_CAP":5487742880,"PE_TTM":-14.425608344685,"PB_TTM":0.836876150613,"REPORT_DATE_SQ":"2022-09-30 00:00:00","REPORT_TYPE_SQ":"2022年三季报","OPERATE_INCOME_SQ":1753986891.6,"DPS_HKD":null,"OPERATE_INCOME_QOQ_SQ":-10.889821478094,"NET_PROFIT_RATIO_SQ":-118.7149830276,"HOLDER_PROFIT_SQ":-2082245240.67,"HOLDER_PROFIT_QOQ_SQ":-8.54340293876,"ROE_AVG_SQ":-10.891692434392,"PE_TTM_SQ":-3.824341971299,"PB_TTM_SQ":0.712530418579,"ROA_SQ":-6.095479474206,"START_DATE":"2023-01-01 00:00:00","FISCAL_YEAR":"12-31","CURRENCY":"HKD","IS_CNY_CODE":0,"DPS_HKD_LY":null,"ORG_TYPE":"一般企业","PREMIUM_INCOME":null,"PREMIUM_INCOME_YOY":null,"NET_INTEREST_INCOME":null,"NET_INTEREST_INCOME_YOY":null,"FEE_COMMISSION_INCOME":null,"FEE_COMMISSION_INCOME_YOY":null,"ACCOUNTS_RECE_TDAYS":3.017674305834,"INVENTORY_TDAYS":18.065937003433,"CURRENT_ASSETS_TDAYS":1.095607743929,"TOTAL_ASSETS_TDAYS":0.097376839283,"PREMIUM_EXPENSE":null,"LOAN_DEPOSIT":null,"LOAN_EQUITY":null,"LOAN_ASSETS":null,"DEPOSIT_EQUITY":null,"DEPOSIT_ASSETS":null,"EQUITY_MULTIPLIER":2.146566836796,"EQUITY_RATIO":1.146566836795},{"SECUCODE":"00694.HK","SECURITY_CODE":"00694","SECURITY_NAME_ABBR":"北京首都机场股份","ORG_CODE":"10009062","STD_REPORT_DATE":"2023-06-30 00:00:00","REPORT_DATE":"2023-06-30 00:00:00","DATE_TYPE_CODE":"002","REPORT_TYPE":"2023年中报","PER_NETCASH_OPERATE":-0.231085966571,"PER_OI":0.433499762724,"BPS":3.399741542795,"BASIC_EPS":-0.227,"DILUTED_EPS":-0.227,"OPERATE_INCOME":1985073000,"OPERATE_INCOME_YOY":80.2447242902,"GROSS_PROFIT":1985073000,"GROSS_PROFIT_YOY":80.244724290193,"HOLDER_PROFIT":-1041495000,"HOLDER_PROFIT_YOY":25.8534546832,"GROSS_PROFIT_RATIO":null,"EPS_TTM":-0.690841309302,"OPERATE_INCOME_QOQ":28.873154716068,"NET_PROFIT_RATIO":-52.4663324724,"ROE_AVG":-6.474352907388,"GROSS_PROFIT_QOQ":26.788106996007,"ROA":-3.130477704775,"HOLDER_PROFIT_QOQ":9.601809982655,"ROE_YEARLY":-12.948705814777,"ROIC_YEARLY":-6.558570535844,"TOTAL_ASSETS":33055646000,"TOTAL_LIABILITIES":17487621000,"TAX_EBT":-2.367889255399,"OCF_SALES":-53.307057221573,"TOTAL_PARENT_EQUITY":15568025000,"DEBT_ASSET_RATIO":52.9035826436,"OPERATE_PROFIT":-844195000,"PRETAX_PROFIT":-1017404000,"NETCASH_OPERATE":-1058184000,"NETCASH_INVEST":-188751000,"NETCASH_FINANCE":1084800000,"END_CASH":1428999000,"DIVI_RATIO":null,"DIVIDEND_RATE":null,"CURRENT_RATIO":0.209067662456,"COMMON_ACS":null,"CURRENTDEBT_DEBT":84.238788111888,"ISSUED_COMMON_SHARES":4579178977,"HK_COMMON_SHARES":1879364000,"PER_SHARES":2000,"TOTAL_MARKET_CAP":13371202612.84,"HKSK_MARKET_CAP":5487742880,"PE_TTM":-14.425608344685,"PB_TTM":0.836876150613,"REPORT_DATE_SQ":"2022-06-30 00:00:00","REPORT_TYPE_SQ":"2022年中报","OPERATE_INCOME_SQ":1101321000,"DPS_HKD":null,"OPERATE_INCOME_QOQ_SQ":-16.338362502933,"NET_PROFIT_RATIO_SQ":-127.5417430522,"HOLDER_PROFIT_SQ":-1404644000,"HOLDER_PROFIT_QOQ_SQ":-20.570912276258,"ROE_AVG_SQ":-7.220237538682,"PE_TTM_SQ":-3.824341971299,"PB_TTM_SQ":0.712530418579,"ROA_SQ":-4.099577324228,"START_DATE":"2023-01-01 00:00:00","FISCAL_YEAR":"12-31","CURRENCY":"HKD","IS_CNY_CODE":0,"DPS_HKD_LY":null,"ORG_TYPE":"一般企业","PREMIUM_INCOME":null,"PREMIUM_INCOME_YOY":null,"NET_INTEREST_INCOME":null,"NET_INTEREST_INCOME_YOY":null,"FEE_COMMISSION_INCOME":null,"FEE_COMMISSION_INCOME_YOY":null,"ACCOUNTS_RECE_TDAYS":2.058964073176,"INVENTORY_TDAYS":null,"CURRENT_ASSETS_TDAYS":0.678976264581,"TOTAL_ASSETS_TDAYS":0.059666410005,"PREMIUM_EXPENSE":null,"LOAN_DEPOSIT":null,"LOAN_EQUITY":null,"LOAN_ASSETS":null,"DEPOSIT_EQUITY":null,"DEPOSIT_ASSETS":null,"EQUITY_MULTIPLIER":2.123303758824,"EQUITY_RATIO":1.123303758826},{"SECUCODE":"00694.HK","SECURITY_CODE":"00694","SECURITY_NAME_ABBR":"北京首都机场股份","ORG_CODE":"10009062","STD_REPORT_DATE":"2023-03-31 00:00:00","REPORT_DATE":"2023-03-31 00:00:00","DATE_TYPE_CODE":"003","REPORT_TYPE":"2023年一季报","PER_NETCASH_OPERATE":-0.166925166098,"PER_OI":0.184440662752,"BPS":3.505814203497,"BASIC_EPS":null,"DILUTED_EPS":null,"OPERATE_INCOME":844586805.38,"OPERATE_INCOME_YOY":28.2276154937,"GROSS_PROFIT":-352293650.94,"GROSS_PROFIT_YOY":39.045753145167,"HOLDER_PROFIT":-551170567.86,"HOLDER_PROFIT_YOY":4.6919117445,"GROSS_PROFIT_RATIO":-41.711952956866,"EPS_TTM":-0.764220289333,"OPERATE_INCOME_QOQ":8.33388438861,"NET_PROFIT_RATIO":-65.259197083,"ROE_AVG":-3.375339878087,"GROSS_PROFIT_QOQ":10.115449899774,"ROA":-1.64993426779,"HOLDER_PROFIT_QOQ":0.769388306133,"ROE_YEARLY":-13.501359512348,"ROIC_YEARLY":-6.915078907989,"TOTAL_ASSETS":33327815285.34,"TOTAL_LIABILITIES":17274064587.42,"TAX_EBT":null,"OCF_SALES":-90.503451683227,"TOTAL_PARENT_EQUITY":16053750697.92,"DEBT_ASSET_RATIO":51.8307739032,"OPERATE_PROFIT":-496378275.5,"PRETAX_PROFIT":-551170567.86,"NETCASH_OPERATE":-764380211.33,"NETCASH_INVEST":-96137234.9,"NETCASH_FINANCE":714980378.11,"END_CASH":1444609507.27,"DIVI_RATIO":null,"DIVIDEND_RATE":null,"CURRENT_RATIO":0.189330978641,"COMMON_ACS":null,"CURRENTDEBT_DEBT":88.94987954821,"ISSUED_COMMON_SHARES":4579178977,"HK_COMMON_SHARES":1879364000,"PER_SHARES":2000,"TOTAL_MARKET_CAP":13371202612.84,"HKSK_MARKET_CAP":5487742880,"PE_TTM":-14.425608344685,"PB_TTM":0.836876150613,"REPORT_DATE_SQ":"2022-03-31 00:00:00","REPORT_TYPE_SQ":"2022年一季报","OPERATE_INCOME_SQ":658662178.29,"DPS_HKD":null,"OPERATE_INCOME_QOQ_SQ":-3.559393717062,"NET_PROFIT_RATIO_SQ":-87.7998015085,"HOLDER_PROFIT_SQ":-578304085.15,"HOLDER_PROFIT_QOQ_SQ":-5.028277912458,"ROE_AVG_SQ":-2.9100097484,"PE_TTM_SQ":-3.824341971299,"PB_TTM_SQ":0.712530418579,"ROA_SQ":-1.661604898779,"START_DATE":"2023-01-01 00:00:00","FISCAL_YEAR":"12-31","CURRENCY":"HKD","IS_CNY_CODE":0,"DPS_HKD_LY":null,"ORG_TYPE":"一般企业","PREMIUM_INCOME":null,"PREMIUM_INCOME_YOY":null,"NET_INTEREST_INCOME":null,"NET_INTEREST_INCOME_YOY":null,"FEE_COMMISSION_INCOME":null,"FEE_COMMISSION_INCOME_YOY":null,"ACCOUNTS_RECE_TDAYS":0.975046635632,"INVENTORY_TDAYS":5.599945107571,"CURRENT_ASSETS_TDAYS":0.297571949212,"TOTAL_ASSETS_TDAYS":0.025282785286,"PREMIUM_EXPENSE":null,"LOAN_DEPOSIT":null,"LOAN_EQUITY":null,"LOAN_ASSETS":null,"DEPOSIT_EQUITY":null,"DEPOSIT_ASSETS":null,"EQUITY_MULTIPLIER":2.076014254392,"EQUITY_RATIO":1.076014254392},{"SECUCODE":"00694.HK","SECURITY_CODE":"00694","SECURITY_NAME_ABBR":"北京首都机场股份","ORG_CODE":"10009062","STD_REPORT_DATE":"2022-12-31 00:00:00","REPORT_DATE":"2022-12-31 00:00:00","DATE_TYPE_CODE":"001","REPORT_TYPE":"2022年年报","PER_NETCASH_OPERATE":-0.327858117698,"PER_OI":0.487193885892,"BPS":3.626178422683,"BASIC_EPS":-0.77,"DILUTED_EPS":-0.77,"OPERATE_INCOME":2230948000,"OPERATE_INCOME_YOY":-33.2991898548,"GROSS_PROFIT":2230948000,"GROSS_PROFIT_YOY":-33.299189854783,"HOLDER_PROFIT":-3526635000,"HOLDER_PROFIT_YOY":-66.622884457,"GROSS_PROFIT_RATIO":null,"EPS_TTM":-0.770145700291,"OPERATE_INCOME_QOQ":-7.22787542629,"NET_PROFIT_RATIO":-158.0778664496,"ROE_AVG":-19.177058623163,"GROSS_PROFIT_QOQ":-10.785792867543,"ROA":-10.277130060211,"HOLDER_PROFIT_QOQ":-21.222273203894,"ROE_YEARLY":-19.177058623163,"ROIC_YEARLY":-10.882014198688,"TOTAL_ASSETS":33483400000,"TOTAL_LIABILITIES":16878480000,"TAX_EBT":11.881158431687,"OCF_SALES":-67.295203653335,"TOTAL_PARENT_EQUITY":16604920000,"DEBT_ASSET_RATIO":50.4085009288,"OPERATE_PROFIT":-3657576000,"PRETAX_PROFIT":-4002135000,"NETCASH_OPERATE":-1501321000,"NETCASH_INVEST":-479175000,"NETCASH_FINANCE":1344603000,"END_CASH":1590413000,"DIVI_RATIO":null,"DIVIDEND_RATE":null,"CURRENT_RATIO":0.187118869147,"COMMON_ACS":null,"CURRENTDEBT_DEBT":87.62364857499,"ISSUED_COMMON_SHARES":4579178977,"HK_COMMON_SHARES":1879364000,"PER_SHARES":2000,"TOTAL_MARKET_CAP":13371202612.84,"HKSK_MARKET_CAP":5487742880,"PE_TTM":-14.425608344685,"PB_TTM":0.836876150613,"REPORT_DATE_SQ":"2021-12-31 00:00:00","REPORT_TYPE_SQ":"2021年年报","OPERATE_INCOME_SQ":3344709000,"DPS_HKD":null,"OPERATE_INCOME_QOQ_SQ":-2.127399469338,"NET_PROFIT_RATIO_SQ":-63.2801538191,"HOLDER_PROFIT_SQ":-2116537000,"HOLDER_PROFIT_QOQ_SQ":5.485758703123,"ROE_AVG_SQ":-9.980595119775,"PE_TTM_SQ":-3.824341971299,"PB_TTM_SQ":0.712530418579,"ROA_SQ":-5.998383001381,"START_DATE":"2022-01-01 00:00:00","FISCAL_YEAR":"12-31","CURRENCY":"HKD","IS_CNY_CODE":0,"DPS_HKD_LY":null,"ORG_TYPE":"一般企业","PREMIUM_INCOME":null,"PREMIUM_INCOME_YOY":null,"NET_INTEREST_INCOME":null,"NET_INTEREST_INCOME_YOY":null,"FEE_COMMISSION_INCOME":null,"FEE_COMMISSION_INCOME_YOY":null,"ACCOUNTS_RECE_TDAYS":2.818298269062,"INVENTORY_TDAYS":null,"CURRENT_ASSETS_TDAYS":0.698605902716,"TOTAL_ASSETS_TDAYS":0.065013086848,"PREMIUM_EXPENSE":null,"LOAN_DEPOSIT":null,"LOAN_EQUITY":null,"LOAN_ASSETS":null,"DEPOSIT_EQUITY":null,"DEPOSIT_ASSETS":null,"EQUITY_MULTIPLIER":2.016474635228,"EQUITY_RATIO":1.016474635229},{"SECUCODE":"00694.HK","SECURITY_CODE":"00694","SECURITY_NAME_ABBR":"北京首都机场股份","ORG_CODE":"10009062","STD_REPORT_DATE":"2022-09-30 00:00:00","REPORT_DATE":"2022-09-30 00:00:00","DATE_TYPE_CODE":"004","REPORT_TYPE":"2022年三季报","PER_NETCASH_OPERATE":-0.297326960795,"PER_OI":0.383035234135,"BPS":3.944084388999,"BASIC_EPS":null,"DILUTED_EPS":null,"OPERATE_INCOME":1753986891.6,"OPERATE_INCOME_YOY":-34.8912630417,"GROSS_PROFIT":-1950912596.36,"GROSS_PROFIT_YOY":-76.255202950352,"HOLDER_PROFIT":-2082245240.67,"HOLDER_PROFIT_YOY":-61.4704331486,"GROSS_PROFIT_RATIO":-111.227319069663,"EPS_TTM":-0.635316992444,"OPERATE_INCOME_QOQ":-10.889821478094,"NET_PROFIT_RATIO":-118.7149830276,"ROE_AVG":-10.891692434392,"GROSS_PROFIT_QOQ":-6.265656786194,"ROA":-6.095479474206,"HOLDER_PROFIT_QOQ":-8.54340293876,"ROE_YEARLY":-14.52225657919,"ROIC_YEARLY":-6.375348360861,"TOTAL_ASSETS":33173630364.71,"TOTAL_LIABILITIES":15112962047.09,"TAX_EBT":24.922572840348,"OCF_SALES":-77.623919237391,"TOTAL_PARENT_EQUITY":18060668317.62,"DEBT_ASSET_RATIO":45.5571545259,"OPERATE_PROFIT":-2472337825.03,"PRETAX_PROFIT":-2773463768.6,"NETCASH_OPERATE":-1361513368.17,"NETCASH_INVEST":-389548733,"NETCASH_FINANCE":291214759.25,"END_CASH":766855474.57,"DIVI_RATIO":null,"DIVIDEND_RATE":null,"CURRENT_RATIO":0.182690146432,"COMMON_ACS":null,"CURRENTDEBT_DEBT":76.957245488282,"ISSUED_COMMON_SHARES":4579178977,"HK_COMMON_SHARES":1879364000,"PER_SHARES":2000,"TOTAL_MARKET_CAP":13371202612.84,"HKSK_MARKET_CAP":5487742880,"PE_TTM":-14.425608344685,"PB_TTM":0.836876150613,"REPORT_DATE_SQ":"2021-09-30 00:00:00","REPORT_TYPE_SQ":"2021年三季报","OPERATE_INCOME_SQ":2693934752.14,"DPS_HKD":null,"OPERATE_INCOME_QOQ_SQ":1.957697958078,"NET_PROFIT_RATIO_SQ":-47.8687178342,"HOLDER_PROFIT_SQ":-1289552025.14,"HOLDER_PROFIT_QOQ_SQ":-4.762199939371,"ROE_AVG_SQ":-5.970330131984,"PE_TTM_SQ":-3.824341971299,"PB_TTM_SQ":0.712530418579,"ROA_SQ":-3.661769249082,"START_DATE":"2022-01-01 00:00:00","FISCAL_YEAR":"12-31","CURRENCY":"HKD","IS_CNY_CODE":0,"DPS_HKD_LY":null,"ORG_TYPE":"一般企业","PREMIUM_INCOME":null,"PREMIUM_INCOME_YOY":null,"NET_INTEREST_INCOME":null,"NET_INTEREST_INCOME_YOY":null,"FEE_COMMISSION_INCOME":null,"FEE_COMMISSION_INCOME_YOY":null,"ACCOUNTS_RECE_TDAYS":2.015744526201,"INVENTORY_TDAYS":16.953539273206,"CURRENT_ASSETS_TDAYS":0.610694549375,"TOTAL_ASSETS_TDAYS":0.051345494214,"PREMIUM_EXPENSE":null,"LOAN_DEPOSIT":null,"LOAN_EQUITY":null,"LOAN_ASSETS":null,"DEPOSIT_EQUITY":null,"DEPOSIT_ASSETS":null,"EQUITY_MULTIPLIER":1.836788638235,"EQUITY_RATIO":0.836788638234}],"count":60},"success":true,"message":"ok","code":0}