{"version":"aba1b1660ceb91a75141ddf1a3096dde","result":{"pages":6,"data":[{"SECUCODE":"00704.HK","SECURITY_CODE":"00704","SECURITY_NAME_ABBR":"和嘉控股","ORG_CODE":"10009070","STD_REPORT_DATE":"2024-06-30 00:00:00","REPORT_DATE":"2024-09-30 00:00:00","DATE_TYPE_CODE":"002","REPORT_TYPE":"2024年中报","PER_NETCASH_OPERATE":0.00127641134,"PER_OI":0.106945257678,"BPS":2.869512445491,"BASIC_EPS":-0.04959845,"DILUTED_EPS":-0.04959845,"OPERATE_INCOME":31054040.44,"OPERATE_INCOME_YOY":null,"GROSS_PROFIT":40580.55,"GROSS_PROFIT_YOY":null,"HOLDER_PROFIT":-14404291.67,"HOLDER_PROFIT_YOY":26.6047879428,"GROSS_PROFIT_RATIO":0.130677198281,"EPS_TTM":-0.111555889784,"OPERATE_INCOME_QOQ":0,"NET_PROFIT_RATIO":-46.387501452,"ROE_AVG":-1.735642887646,"GROSS_PROFIT_QOQ":0,"ROA":-0.863094924501,"HOLDER_PROFIT_QOQ":0,"ROE_YEARLY":-3.471285775291,"ROIC_YEARLY":-1.902868300261,"TOTAL_ASSETS":1690086121.34,"TOTAL_LIABILITIES":701693620.48,"TAX_EBT":null,"OCF_SALES":1.193518410965,"TOTAL_PARENT_EQUITY":833229611.67,"DEBT_ASSET_RATIO":41.5182168305,"OPERATE_PROFIT":1514105.41,"PRETAX_PROFIT":-14405193.46,"NETCASH_OPERATE":370635.69,"NETCASH_INVEST":-3607.16,"NETCASH_FINANCE":-622235.1,"END_CASH":634860.16,"DIVI_RATIO":null,"DIVIDEND_RATE":null,"CURRENT_RATIO":0.296788151831,"COMMON_ACS":4000000000,"CURRENTDEBT_DEBT":64.92535778911,"ISSUED_COMMON_SHARES":290373235,"HK_COMMON_SHARES":290373235,"PER_SHARES":5000,"TOTAL_MARKET_CAP":22068365.86,"HKSK_MARKET_CAP":22068365.86,"PE_TTM":-0.737037133792,"PB_TTM":0.023884210751,"REPORT_DATE_SQ":"2023-06-30 00:00:00","REPORT_TYPE_SQ":"2023年中报","OPERATE_INCOME_SQ":null,"DPS_HKD":null,"OPERATE_INCOME_QOQ_SQ":0,"NET_PROFIT_RATIO_SQ":null,"HOLDER_PROFIT_SQ":-19970381.69,"HOLDER_PROFIT_QOQ_SQ":0,"ROE_AVG_SQ":-2.250125492341,"PE_TTM_SQ":-2.076728570617,"PB_TTM_SQ":0.033661392075,"ROA_SQ":-1.192038216648,"START_DATE":"2024-04-01 00:00:00","FISCAL_YEAR":"3-31","CURRENCY":"HKD","IS_CNY_CODE":0,"DPS_HKD_LY":null,"ORG_TYPE":"一般企业","PREMIUM_INCOME":null,"PREMIUM_INCOME_YOY":null,"NET_INTEREST_INCOME":null,"NET_INTEREST_INCOME_YOY":null,"FEE_COMMISSION_INCOME":null,"FEE_COMMISSION_INCOME_YOY":null,"ACCOUNTS_RECE_TDAYS":5.544356786347,"INVENTORY_TDAYS":null,"CURRENT_ASSETS_TDAYS":0.238909933536,"TOTAL_ASSETS_TDAYS":0.018607360433,"PREMIUM_EXPENSE":null,"LOAN_DEPOSIT":null,"LOAN_EQUITY":null,"LOAN_ASSETS":null,"DEPOSIT_EQUITY":null,"DEPOSIT_ASSETS":null,"EQUITY_MULTIPLIER":1.709934180874,"EQUITY_RATIO":0.842137162017},{"SECUCODE":"00704.HK","SECURITY_CODE":"00704","SECURITY_NAME_ABBR":"和嘉控股","ORG_CODE":"10009070","STD_REPORT_DATE":"2023-12-31 00:00:00","REPORT_DATE":"2024-03-31 00:00:00","DATE_TYPE_CODE":"001","REPORT_TYPE":"2023年年报","PER_NETCASH_OPERATE":0.013284179756,"PER_OI":0.007502205394,"BPS":2.861680812799,"BASIC_EPS":-0.108786,"DILUTED_EPS":-0.108786,"OPERATE_INCOME":2178439.65,"OPERATE_INCOME_YOY":-86.1896551724,"GROSS_PROFIT":2719.65,"GROSS_PROFIT_YOY":100.002737531292,"HOLDER_PROFIT":-32392844.6,"HOLDER_PROFIT_YOY":-45.4412243569,"GROSS_PROFIT_RATIO":0.124843945069,"EPS_TTM":-0.051963910345,"OPERATE_INCOME_QOQ":0,"NET_PROFIT_RATIO":-1487.265917603,"ROE_AVG":-3.70667745516,"GROSS_PROFIT_QOQ":0,"ROA":-1.945519253873,"HOLDER_PROFIT_QOQ":0,"ROE_YEARLY":-3.70667745516,"ROIC_YEARLY":-2.03398089201,"TOTAL_ASSETS":1656434561.75,"TOTAL_LIABILITIES":672770699.1,"TAX_EBT":null,"OCF_SALES":177.070328755722,"TOTAL_PARENT_EQUITY":830955515.15,"DEBT_ASSET_RATIO":40.6155917436,"OPERATE_PROFIT":-4200952.7,"PRETAX_PROFIT":-32399190.45,"NETCASH_OPERATE":3857370.25,"NETCASH_INVEST":245675.05,"NETCASH_FINANCE":-2718743.45,"END_CASH":2219234.4,"DIVI_RATIO":null,"DIVIDEND_RATE":null,"CURRENT_RATIO":0.290979572263,"COMMON_ACS":4000000000,"CURRENTDEBT_DEBT":64.063860120034,"ISSUED_COMMON_SHARES":290373235,"HK_COMMON_SHARES":290373235,"PER_SHARES":5000,"TOTAL_MARKET_CAP":21777992.625,"HKSK_MARKET_CAP":21777992.625,"PE_TTM":-0.727339276768,"PB_TTM":0.02356994482,"REPORT_DATE_SQ":"2022-12-31 00:00:00","REPORT_TYPE_SQ":"2022年年报","OPERATE_INCOME_SQ":15542898,"DPS_HKD":null,"OPERATE_INCOME_QOQ_SQ":-95.596841973284,"NET_PROFIT_RATIO_SQ":-141.4770114943,"HOLDER_PROFIT_SQ":-21945857.36,"HOLDER_PROFIT_QOQ_SQ":80.187766818816,"ROE_AVG_SQ":15.899302690547,"PE_TTM_SQ":-2.076728570617,"PB_TTM_SQ":0.033661392075,"ROA_SQ":-1.208020690944,"START_DATE":"2023-04-01 00:00:00","FISCAL_YEAR":"3-31","CURRENCY":"HKD","IS_CNY_CODE":0,"DPS_HKD_LY":null,"ORG_TYPE":"一般企业","PREMIUM_INCOME":null,"PREMIUM_INCOME_YOY":null,"NET_INTEREST_INCOME":null,"NET_INTEREST_INCOME_YOY":null,"FEE_COMMISSION_INCOME":null,"FEE_COMMISSION_INCOME_YOY":null,"ACCOUNTS_RECE_TDAYS":1.397905759162,"INVENTORY_TDAYS":null,"CURRENT_ASSETS_TDAYS":0.011711924669,"TOTAL_ASSETS_TDAYS":0.001308374221,"PREMIUM_EXPENSE":null,"LOAN_DEPOSIT":null,"LOAN_EQUITY":null,"LOAN_ASSETS":null,"DEPOSIT_EQUITY":null,"DEPOSIT_ASSETS":null,"EQUITY_MULTIPLIER":1.683943697279,"EQUITY_RATIO":0.809635036815},{"SECUCODE":"00704.HK","SECURITY_CODE":"00704","SECURITY_NAME_ABBR":"和嘉控股","ORG_CODE":"10009070","STD_REPORT_DATE":"2023-06-30 00:00:00","REPORT_DATE":"2023-09-30 00:00:00","DATE_TYPE_CODE":"002","REPORT_TYPE":"2023年中报","PER_NETCASH_OPERATE":-0.013102082153,"PER_OI":null,"BPS":2.916885011182,"BASIC_EPS":-0.068730487,"DILUTED_EPS":-0.068730487,"OPERATE_INCOME":null,"OPERATE_INCOME_YOY":null,"GROSS_PROFIT":null,"GROSS_PROFIT_YOY":null,"HOLDER_PROFIT":-19970381.69,"HOLDER_PROFIT_YOY":30.6248007651,"GROSS_PROFIT_RATIO":null,"EPS_TTM":-0.075578099889,"OPERATE_INCOME_QOQ":0,"NET_PROFIT_RATIO":null,"ROE_AVG":-2.250125492341,"GROSS_PROFIT_QOQ":0,"ROA":-1.192038216648,"HOLDER_PROFIT_QOQ":0,"ROE_YEARLY":-4.500250984682,"ROIC_YEARLY":-2.49093141526,"TOTAL_ASSETS":1656613038.71,"TOTAL_LIABILITIES":656117379.19,"TAX_EBT":null,"OCF_SALES":null,"TOTAL_PARENT_EQUITY":846985336.82,"DEBT_ASSET_RATIO":39.6059528604,"OPERATE_PROFIT":-5696647.04,"PRETAX_PROFIT":-19974969.84,"NETCASH_OPERATE":-3804493.98,"NETCASH_INVEST":248677.73,"NETCASH_FINANCE":410180.61,"END_CASH":446885.81,"DIVI_RATIO":null,"DIVIDEND_RATE":null,"CURRENT_RATIO":0.34987931379,"COMMON_ACS":4000000000,"CURRENTDEBT_DEBT":51.800736490106,"ISSUED_COMMON_SHARES":290373235,"HK_COMMON_SHARES":290373235,"PER_SHARES":5000,"TOTAL_MARKET_CAP":21777992.625,"HKSK_MARKET_CAP":21777992.625,"PE_TTM":-0.727339276768,"PB_TTM":0.02356994482,"REPORT_DATE_SQ":"2022-06-30 00:00:00","REPORT_TYPE_SQ":"2022年中报","OPERATE_INCOME_SQ":13393985.78,"DPS_HKD":null,"OPERATE_INCOME_QOQ_SQ":-50.179606334747,"NET_PROFIT_RATIO_SQ":-224.1284637977,"HOLDER_PROFIT_SQ":-26827310.3,"HOLDER_PROFIT_QOQ_SQ":-333.414221948697,"ROE_AVG_SQ":19.821686960148,"PE_TTM_SQ":-2.076728570617,"PB_TTM_SQ":0.033661392075,"ROA_SQ":-1.5193637755,"START_DATE":"2023-04-01 00:00:00","FISCAL_YEAR":"3-31","CURRENCY":"HKD","IS_CNY_CODE":0,"DPS_HKD_LY":null,"ORG_TYPE":"一般企业","PREMIUM_INCOME":null,"PREMIUM_INCOME_YOY":null,"NET_INTEREST_INCOME":null,"NET_INTEREST_INCOME_YOY":null,"FEE_COMMISSION_INCOME":null,"FEE_COMMISSION_INCOME_YOY":null,"ACCOUNTS_RECE_TDAYS":null,"INVENTORY_TDAYS":null,"CURRENT_ASSETS_TDAYS":null,"TOTAL_ASSETS_TDAYS":null,"PREMIUM_EXPENSE":null,"LOAN_DEPOSIT":null,"LOAN_EQUITY":null,"LOAN_ASSETS":null,"DEPOSIT_EQUITY":null,"DEPOSIT_ASSETS":null,"EQUITY_MULTIPLIER":1.65579232948,"EQUITY_RATIO":0.77465022199},{"SECUCODE":"00704.HK","SECURITY_CODE":"00704","SECURITY_NAME_ABBR":"和嘉控股","ORG_CODE":"10009070","STD_REPORT_DATE":"2022-12-31 00:00:00","REPORT_DATE":"2022-12-31 00:00:00","DATE_TYPE_CODE":"001","REPORT_TYPE":"2022年年报","PER_NETCASH_OPERATE":-0.005355176249,"PER_OI":0.054142978929,"BPS":-0.507008213894,"BASIC_EPS":-0.07682122,"DILUTED_EPS":-0.07682122,"OPERATE_INCOME":15542898,"OPERATE_INCOME_YOY":-97.9921578764,"GROSS_PROFIT":-99346809.59,"GROSS_PROFIT_YOY":-207.784950149959,"HOLDER_PROFIT":-21945857.36,"HOLDER_PROFIT_YOY":21.4050353498,"GROSS_PROFIT_RATIO":-639.17816091954,"EPS_TTM":-0.076447396915,"OPERATE_INCOME_QOQ":-95.596841973284,"NET_PROFIT_RATIO":-141.4770114943,"ROE_AVG":15.899302690547,"GROSS_PROFIT_QOQ":-87.954026403569,"ROA":-1.208020690944,"HOLDER_PROFIT_QOQ":80.187766818816,"ROE_YEARLY":15.899302690547,"ROIC_YEARLY":-1.202964223713,"TOTAL_ASSETS":1672108385.26,"TOTAL_LIABILITIES":631261652.64,"TAX_EBT":null,"OCF_SALES":-9.890804597701,"TOTAL_PARENT_EQUITY":885360785.47,"DEBT_ASSET_RATIO":109.6221390669,"OPERATE_PROFIT":75463449.6,"PRETAX_PROFIT":-21989627.59,"NETCASH_OPERATE":-1537317.67,"NETCASH_INVEST":-54489.47,"NETCASH_FINANCE":-3798184.04,"END_CASH":1604312.92,"DIVI_RATIO":null,"DIVIDEND_RATE":null,"CURRENT_RATIO":0.134445100719,"COMMON_ACS":4000000000,"CURRENTDEBT_DEBT":49.452506157226,"ISSUED_COMMON_SHARES":290373235,"HK_COMMON_SHARES":290373235,"PER_SHARES":5000,"TOTAL_MARKET_CAP":21777992.625,"HKSK_MARKET_CAP":21777992.625,"PE_TTM":-0.727339276768,"PB_TTM":0.02356994482,"REPORT_DATE_SQ":"2021-12-31 00:00:00","REPORT_TYPE_SQ":"2021年年报","OPERATE_INCOME_SQ":708533795.2,"DPS_HKD":null,"OPERATE_INCOME_QOQ_SQ":-29.765807770736,"NET_PROFIT_RATIO_SQ":-3.5981915574,"HOLDER_PROFIT_SQ":-25557358.4,"HOLDER_PROFIT_QOQ_SQ":93.700602090252,"ROE_AVG_SQ":24.455292948733,"PE_TTM_SQ":-2.076728570617,"PB_TTM_SQ":0.033661392075,"ROA_SQ":-1.458741857897,"START_DATE":"2022-01-01 00:00:00","FISCAL_YEAR":"12-31","CURRENCY":"HKD","IS_CNY_CODE":0,"DPS_HKD_LY":null,"ORG_TYPE":"一般企业","PREMIUM_INCOME":null,"PREMIUM_INCOME_YOY":null,"NET_INTEREST_INCOME":null,"NET_INTEREST_INCOME_YOY":null,"FEE_COMMISSION_INCOME":null,"FEE_COMMISSION_INCOME_YOY":null,"ACCOUNTS_RECE_TDAYS":null,"INVENTORY_TDAYS":null,"CURRENT_ASSETS_TDAYS":0.037315873508,"TOTAL_ASSETS_TDAYS":0.008555665916,"PREMIUM_EXPENSE":null,"LOAN_DEPOSIT":null,"LOAN_EQUITY":null,"LOAN_ASSETS":null,"DEPOSIT_EQUITY":null,"DEPOSIT_ASSETS":null,"EQUITY_MULTIPLIER":-10.392699513562,"EQUITY_RATIO":0.712999336542},{"SECUCODE":"00704.HK","SECURITY_CODE":"00704","SECURITY_NAME_ABBR":"和嘉控股","ORG_CODE":"10009070","STD_REPORT_DATE":"2022-06-30 00:00:00","REPORT_DATE":"2022-06-30 00:00:00","DATE_TYPE_CODE":"002","REPORT_TYPE":"2022年中报","PER_NETCASH_OPERATE":0.004802172996,"PER_OI":0.046657340855,"BPS":-0.507415326726,"BASIC_EPS":-0.093472267,"DILUTED_EPS":-0.093472267,"OPERATE_INCOME":13393985.78,"OPERATE_INCOME_YOY":-96.4676456459,"GROSS_PROFIT":-99089154.92,"GROSS_PROFIT_YOY":-315.696597329186,"HOLDER_PROFIT":-26827310.3,"HOLDER_PROFIT_YOY":-144.707626092,"GROSS_PROFIT_RATIO":-739.803345677436,"EPS_TTM":-0.385859565735,"OPERATE_INCOME_QOQ":-50.179606334747,"NET_PROFIT_RATIO":-224.1284637977,"ROE_AVG":19.821686960148,"GROSS_PROFIT_QOQ":-157.346443815216,"ROA":-1.5193637755,"HOLDER_PROFIT_QOQ":-333.414221948697,"ROE_YEARLY":39.643373920296,"ROIC_YEARLY":-3.027266873551,"TOTAL_ASSETS":1631664891.64,"TOTAL_LIABILITIES":1793422369.76,"TAX_EBT":null,"OCF_SALES":10.292427531605,"TOTAL_PARENT_EQUITY":-147339829.91,"DEBT_ASSET_RATIO":109.9136458073,"OPERATE_PROFIT":14906816.89,"PRETAX_PROFIT":-30019734.57,"NETCASH_OPERATE":1378566.28,"NETCASH_INVEST":-54732.16,"NETCASH_FINANCE":-1885693.95,"END_CASH":6141974.58,"DIVI_RATIO":null,"DIVIDEND_RATE":null,"CURRENT_RATIO":0.16973479493,"COMMON_ACS":4000000000,"CURRENTDEBT_DEBT":99.393592306343,"ISSUED_COMMON_SHARES":290373235,"HK_COMMON_SHARES":290373235,"PER_SHARES":5000,"TOTAL_MARKET_CAP":21777992.625,"HKSK_MARKET_CAP":21777992.625,"PE_TTM":-0.727339276768,"PB_TTM":0.02356994482,"REPORT_DATE_SQ":"2021-06-30 00:00:00","REPORT_TYPE_SQ":"2021年中报","OPERATE_INCOME_SQ":368933454.96,"DPS_HKD":null,"OPERATE_INCOME_QOQ_SQ":1.839389950481,"NET_PROFIT_RATIO_SQ":17.9545182876,"HOLDER_PROFIT_SQ":58384557.36,"HOLDER_PROFIT_QOQ_SQ":0.541951255582,"ROE_AVG_SQ":-91.629340402471,"PE_TTM_SQ":-2.076728570617,"PB_TTM_SQ":0.033661392075,"ROA_SQ":3.303258134745,"START_DATE":"2022-01-01 00:00:00","FISCAL_YEAR":"12-31","CURRENCY":"HKD","IS_CNY_CODE":0,"DPS_HKD_LY":null,"ORG_TYPE":"一般企业","PREMIUM_INCOME":null,"PREMIUM_INCOME_YOY":null,"NET_INTEREST_INCOME":null,"NET_INTEREST_INCOME_YOY":null,"FEE_COMMISSION_INCOME":null,"FEE_COMMISSION_INCOME_YOY":null,"ACCOUNTS_RECE_TDAYS":0.045918509452,"INVENTORY_TDAYS":null,"CURRENT_ASSETS_TDAYS":0.03088049434,"TOTAL_ASSETS_TDAYS":0.007585679137,"PREMIUM_EXPENSE":null,"LOAN_DEPOSIT":null,"LOAN_EQUITY":null,"LOAN_ASSETS":null,"DEPOSIT_EQUITY":null,"DEPOSIT_ASSETS":null,"EQUITY_MULTIPLIER":-10.087106392924,"EQUITY_RATIO":-12.172013303229},{"SECUCODE":"00704.HK","SECURITY_CODE":"00704","SECURITY_NAME_ABBR":"和嘉控股","ORG_CODE":"10009070","STD_REPORT_DATE":"2021-12-31 00:00:00","REPORT_DATE":"2021-12-31 00:00:00","DATE_TYPE_CODE":"001","REPORT_TYPE":"2021年年报","PER_NETCASH_OPERATE":-0.024929178147,"PER_OI":2.468145280496,"BPS":-0.406114912072,"BASIC_EPS":-0.089936,"DILUTED_EPS":-0.089936,"OPERATE_INCOME":708533795.2,"OPERATE_INCOME_YOY":-26.3708365973,"GROSS_PROFIT":92171318.4,"GROSS_PROFIT_YOY":-13.693792217079,"HOLDER_PROFIT":-25557358.4,"HOLDER_PROFIT_YOY":93.5505235467,"GROSS_PROFIT_RATIO":13.008739882899,"EPS_TTM":-0.089027896685,"OPERATE_INCOME_QOQ":-29.765807770736,"NET_PROFIT_RATIO":-3.5981915574,"ROE_AVG":24.455292948733,"GROSS_PROFIT_QOQ":-12.728979095912,"ROA":-1.458741857897,"HOLDER_PROFIT_QOQ":93.700602090252,"ROE_YEARLY":24.455292948733,"ROIC_YEARLY":-1.459310838717,"TOTAL_ASSETS":1816219910.4,"TOTAL_LIABILITIES":1945475929.6,"TAX_EBT":-44.944917026914,"OCF_SALES":-1.010036902754,"TOTAL_PARENT_EQUITY":-117924900.8,"DEBT_ASSET_RATIO":107.1167603912,"OPERATE_PROFIT":75565044.8,"PRETAX_PROFIT":-17589028.8,"NETCASH_OPERATE":-7156452.8,"NETCASH_INVEST":319681.6,"NETCASH_FINANCE":-4074100.8,"END_CASH":6461492.8,"DIVI_RATIO":null,"DIVIDEND_RATE":null,"CURRENT_RATIO":0.279875672765,"COMMON_ACS":4000000000,"CURRENTDEBT_DEBT":99.190038562788,"ISSUED_COMMON_SHARES":290373235,"HK_COMMON_SHARES":290373235,"PER_SHARES":5000,"TOTAL_MARKET_CAP":21777992.625,"HKSK_MARKET_CAP":21777992.625,"PE_TTM":-0.727339276768,"PB_TTM":0.02356994482,"REPORT_DATE_SQ":"2020-12-31 00:00:00","REPORT_TYPE_SQ":"2020年年报","OPERATE_INCOME_SQ":990595130.48,"DPS_HKD":null,"OPERATE_INCOME_QOQ_SQ":-7.846527625481,"NET_PROFIT_RATIO_SQ":-45.2455517587,"HOLDER_PROFIT_SQ":-407921867,"HOLDER_PROFIT_QOQ_SQ":-2846.5024266148,"ROE_AVG_SQ":-363.150362644608,"PE_TTM_SQ":-2.076728570617,"PB_TTM_SQ":0.033661392075,"ROA_SQ":-23.496933169666,"START_DATE":"2021-01-01 00:00:00","FISCAL_YEAR":"12-31","CURRENCY":"HKD","IS_CNY_CODE":0,"DPS_HKD_LY":null,"ORG_TYPE":"一般企业","PREMIUM_INCOME":null,"PREMIUM_INCOME_YOY":null,"NET_INTEREST_INCOME":null,"NET_INTEREST_INCOME_YOY":null,"FEE_COMMISSION_INCOME":null,"FEE_COMMISSION_INCOME_YOY":null,"ACCOUNTS_RECE_TDAYS":2.176314738685,"INVENTORY_TDAYS":23.800846119846,"CURRENT_ASSETS_TDAYS":1.420256222416,"TOTAL_ASSETS_TDAYS":0.404411085299,"PREMIUM_EXPENSE":null,"LOAN_DEPOSIT":null,"LOAN_EQUITY":null,"LOAN_ASSETS":null,"DEPOSIT_EQUITY":null,"DEPOSIT_ASSETS":null,"EQUITY_MULTIPLIER":-14.051337196016,"EQUITY_RATIO":-16.497583770704},{"SECUCODE":"00704.HK","SECURITY_CODE":"00704","SECURITY_NAME_ABBR":"和嘉控股","ORG_CODE":"10009070","STD_REPORT_DATE":"2021-06-30 00:00:00","REPORT_DATE":"2021-06-30 00:00:00","DATE_TYPE_CODE":"002","REPORT_TYPE":"2021年中报","PER_NETCASH_OPERATE":-0.044686372934,"PER_OI":1.285162926378,"BPS":-0.119622525127,"BASIC_EPS":0.203360352,"DILUTED_EPS":0.203360352,"OPERATE_INCOME":368933454.96,"OPERATE_INCOME_YOY":15.4813034091,"GROSS_PROFIT":45939136.8,"GROSS_PROFIT_YOY":-2.505667553479,"HOLDER_PROFIT":58384557.36,"HOLDER_PROFIT_YOY":14.0982486951,"GROSS_PROFIT_RATIO":12.451876126273,"EPS_TTM":-1.413276283869,"OPERATE_INCOME_QOQ":1.839389950481,"NET_PROFIT_RATIO":17.9545182876,"ROE_AVG":-91.629340402471,"GROSS_PROFIT_QOQ":-1.105536650279,"ROA":3.303258134745,"HOLDER_PROFIT_QOQ":0.541951255582,"ROE_YEARLY":-183.258680804941,"ROIC_YEARLY":6.622292796757,"TOTAL_ASSETS":1817268544.56,"TOTAL_LIABILITIES":1855501788.48,"TAX_EBT":10.776369321812,"OCF_SALES":-3.477097885143,"TOTAL_PARENT_EQUITY":-34735179.6,"DEBT_ASSET_RATIO":102.1038851982,"OPERATE_PROFIT":131047607.52,"PRETAX_PROFIT":74240673.84,"NETCASH_OPERATE":-11239736.64,"NETCASH_INVEST":-354466.08,"NETCASH_FINANCE":-1588440.72,"END_CASH":5573271.84,"DIVI_RATIO":null,"DIVIDEND_RATE":null,"CURRENT_RATIO":0.264841748332,"COMMON_ACS":4000000000,"CURRENTDEBT_DEBT":99.13451207109,"ISSUED_COMMON_SHARES":290373235,"HK_COMMON_SHARES":290373235,"PER_SHARES":5000,"TOTAL_MARKET_CAP":21777992.625,"HKSK_MARKET_CAP":21777992.625,"PE_TTM":-0.727339276768,"PB_TTM":0.02356994482,"REPORT_DATE_SQ":"2020-06-30 00:00:00","REPORT_TYPE_SQ":"2020年中报","OPERATE_INCOME_SQ":350712547.68,"DPS_HKD":null,"OPERATE_INCOME_QOQ_SQ":-25.249901853321,"NET_PROFIT_RATIO_SQ":4.3990446598,"HOLDER_PROFIT_SQ":56173819.68,"HOLDER_PROFIT_QOQ_SQ":-258.334118678965,"ROE_AVG_SQ":2.906042206239,"PE_TTM_SQ":-2.076728570617,"PB_TTM_SQ":0.033661392075,"ROA_SQ":0.664347582793,"START_DATE":"2021-01-01 00:00:00","FISCAL_YEAR":"12-31","CURRENCY":"HKD","IS_CNY_CODE":0,"DPS_HKD_LY":null,"ORG_TYPE":"一般企业","PREMIUM_INCOME":null,"PREMIUM_INCOME_YOY":null,"NET_INTEREST_INCOME":null,"NET_INTEREST_INCOME_YOY":null,"FEE_COMMISSION_INCOME":null,"FEE_COMMISSION_INCOME_YOY":null,"ACCOUNTS_RECE_TDAYS":1.297143509119,"INVENTORY_TDAYS":7.834837016853,"CURRENT_ASSETS_TDAYS":0.774305370613,"TOTAL_ASSETS_TDAYS":0.208733694556,"PREMIUM_EXPENSE":null,"LOAN_DEPOSIT":null,"LOAN_EQUITY":null,"LOAN_ASSETS":null,"DEPOSIT_EQUITY":null,"DEPOSIT_ASSETS":null,"EQUITY_MULTIPLIER":-47.531110578446,"EQUITY_RATIO":-53.418517187687},{"SECUCODE":"00704.HK","SECURITY_CODE":"00704","SECURITY_NAME_ABBR":"和嘉控股","ORG_CODE":"10009070","STD_REPORT_DATE":"2020-12-31 00:00:00","REPORT_DATE":"2020-12-31 00:00:00","DATE_TYPE_CODE":"001","REPORT_TYPE":"2020年年报","PER_NETCASH_OPERATE":0.084242763495,"PER_OI":3.450693125353,"BPS":-0.322916369203,"BASIC_EPS":-1.42068832,"DILUTED_EPS":-1.42068832,"OPERATE_INCOME":990595130.48,"OPERATE_INCOME_YOY":-26.6840501421,"GROSS_PROFIT":106795699.6,"GROSS_PROFIT_YOY":-32.205768319038,"HOLDER_PROFIT":-407921867,"HOLDER_PROFIT_YOY":-5061.0584602279,"GROSS_PROFIT_RATIO":10.78096351516,"EPS_TTM":-1.420977288124,"OPERATE_INCOME_QOQ":-7.846527625481,"NET_PROFIT_RATIO":-45.2455517587,"ROE_AVG":-363.150362644608,"GROSS_PROFIT_QOQ":4.492903529067,"ROA":-23.496933169666,"HOLDER_PROFIT_QOQ":-2846.5024266148,"ROE_YEARLY":-363.150362644608,"ROIC_YEARLY":-23.970926766204,"TOTAL_ASSETS":1737434484.16,"TOTAL_LIABILITIES":1842556161.8,"TAX_EBT":-0.947618442827,"OCF_SALES":2.44132875439,"TOTAL_PARENT_EQUITY":-93766270.76,"DEBT_ASSET_RATIO":106.0503966393,"OPERATE_PROFIT":270056185.16,"PRETAX_PROFIT":-443992874.12,"NETCASH_OPERATE":24183683.76,"NETCASH_INVEST":-24564105.04,"NETCASH_FINANCE":-4194733.76,"END_CASH":17774595.16,"DIVI_RATIO":null,"DIVIDEND_RATE":null,"CURRENT_RATIO":0.269525124212,"COMMON_ACS":4000000000,"CURRENTDEBT_DEBT":94.86836786198,"ISSUED_COMMON_SHARES":290373235,"HK_COMMON_SHARES":290373235,"PER_SHARES":5000,"TOTAL_MARKET_CAP":21777992.625,"HKSK_MARKET_CAP":21777992.625,"PE_TTM":-0.727339276768,"PB_TTM":0.02356994482,"REPORT_DATE_SQ":"2019-12-31 00:00:00","REPORT_TYPE_SQ":"2019年年报","OPERATE_INCOME_SQ":1438045797.68,"DPS_HKD":null,"OPERATE_INCOME_QOQ_SQ":4.092325344619,"NET_PROFIT_RATIO_SQ":0.9158716198,"HOLDER_PROFIT_SQ":-8412269.98,"HOLDER_PROFIT_QOQ_SQ":-92.828136481934,"ROE_AVG_SQ":1.849991660728,"PE_TTM_SQ":-2.076728570617,"PB_TTM_SQ":0.033661392075,"ROA_SQ":0.546497038525,"START_DATE":"2020-01-01 00:00:00","FISCAL_YEAR":"12-31","CURRENCY":"HKD","IS_CNY_CODE":0,"DPS_HKD_LY":null,"ORG_TYPE":"一般企业","PREMIUM_INCOME":null,"PREMIUM_INCOME_YOY":null,"NET_INTEREST_INCOME":null,"NET_INTEREST_INCOME_YOY":null,"FEE_COMMISSION_INCOME":null,"FEE_COMMISSION_INCOME_YOY":null,"ACCOUNTS_RECE_TDAYS":2.48973155122,"INVENTORY_TDAYS":20.253278814998,"CURRENT_ASSETS_TDAYS":1.152246155654,"TOTAL_ASSETS_TDAYS":0.570598182202,"PREMIUM_EXPENSE":null,"LOAN_DEPOSIT":null,"LOAN_EQUITY":null,"LOAN_ASSETS":null,"DEPOSIT_EQUITY":null,"DEPOSIT_ASSETS":null,"EQUITY_MULTIPLIER":-16.527842050958,"EQUITY_RATIO":-19.65052195065},{"SECUCODE":"00704.HK","SECURITY_CODE":"00704","SECURITY_NAME_ABBR":"和嘉控股","ORG_CODE":"10009070","STD_REPORT_DATE":"2020-06-30 00:00:00","REPORT_DATE":"2020-06-30 00:00:00","DATE_TYPE_CODE":"002","REPORT_TYPE":"2020年中报","PER_NETCASH_OPERATE":-0.002680455074,"PER_OI":0.122169122083,"BPS":1.729741077824,"BASIC_EPS":0.019547616,"DILUTED_EPS":0.019547616,"OPERATE_INCOME":350712547.68,"OPERATE_INCOME_YOY":-52.6850037586,"GROSS_PROFIT":47119802.4,"GROSS_PROFIT_YOY":-54.004872122681,"HOLDER_PROFIT":56173819.68,"HOLDER_PROFIT_YOY":-66.0131542474,"GROSS_PROFIT_RATIO":13.435448121746,"EPS_TTM":-0.004822589901,"OPERATE_INCOME_QOQ":-25.249901853321,"NET_PROFIT_RATIO":4.3990446598,"ROE_AVG":2.906042206239,"GROSS_PROFIT_QOQ":-35.120731273293,"ROA":0.664347582793,"HOLDER_PROFIT_QOQ":-258.334118678965,"ROE_YEARLY":5.812084412478,"ROIC_YEARLY":1.376757280815,"TOTAL_ASSETS":1826090787.84,"TOTAL_LIABILITIES":1272645712.8,"TAX_EBT":12.673447058238,"OCF_SALES":-2.194052824999,"TOTAL_PARENT_EQUITY":502270512.48,"DEBT_ASSET_RATIO":69.6923570983,"OPERATE_PROFIT":103609672.32,"PRETAX_PROFIT":73466152.32,"NETCASH_OPERATE":-7694818.56,"NETCASH_INVEST":-4736186.4,"NETCASH_FINANCE":null,"END_CASH":10750275.36,"DIVI_RATIO":null,"DIVIDEND_RATE":null,"CURRENT_RATIO":1.175893751205,"COMMON_ACS":4000000000,"CURRENTDEBT_DEBT":84.15016741492,"ISSUED_COMMON_SHARES":290373235,"HK_COMMON_SHARES":290373235,"PER_SHARES":5000,"TOTAL_MARKET_CAP":21777992.625,"HKSK_MARKET_CAP":21777992.625,"PE_TTM":-0.727339276768,"PB_TTM":0.02356994482,"REPORT_DATE_SQ":"2019-06-30 00:00:00","REPORT_TYPE_SQ":"2019年中报","OPERATE_INCOME_SQ":713817700.2,"DPS_HKD":null,"OPERATE_INCOME_QOQ_SQ":6.674821805978,"NET_PROFIT_RATIO_SQ":5.5520228721,"HOLDER_PROFIT_SQ":34907547.78,"HOLDER_PROFIT_QOQ_SQ":8.374180875178,"ROE_AVG_SQ":7.329206656736,"PE_TTM_SQ":-2.076728570617,"PB_TTM_SQ":0.033661392075,"ROA_SQ":2.53209788039,"START_DATE":"2020-01-01 00:00:00","FISCAL_YEAR":"12-31","CURRENCY":"HKD","IS_CNY_CODE":0,"DPS_HKD_LY":null,"ORG_TYPE":"一般企业","PREMIUM_INCOME":null,"PREMIUM_INCOME_YOY":null,"NET_INTEREST_INCOME":null,"NET_INTEREST_INCOME_YOY":null,"FEE_COMMISSION_INCOME":null,"FEE_COMMISSION_INCOME_YOY":null,"ACCOUNTS_RECE_TDAYS":0.61477751269,"INVENTORY_TDAYS":6.89383238439,"CURRENT_ASSETS_TDAYS":0.268325810671,"TOTAL_ASSETS_TDAYS":0.189126018663,"PREMIUM_EXPENSE":null,"LOAN_DEPOSIT":null,"LOAN_EQUITY":null,"LOAN_ASSETS":null,"DEPOSIT_EQUITY":null,"DEPOSIT_ASSETS":null,"EQUITY_MULTIPLIER":3.299497764453,"EQUITY_RATIO":2.533785442662}],"count":48},"success":true,"message":"ok","code":0}