{"version":"59f5ba2ce169ae4ece91da952b2e1071","result":{"pages":6,"data":[{"SECUCODE":"00701.HK","SECURITY_CODE":"00701","SECURITY_NAME_ABBR":"CNT GROUP","ORG_CODE":"10009067","STD_REPORT_DATE":"2024-06-30 00:00:00","REPORT_DATE":"2024-06-30 00:00:00","DATE_TYPE_CODE":"002","REPORT_TYPE":"2024年中报","PER_NETCASH_OPERATE":-0.012783465069,"PER_OI":0.077241105637,"BPS":0.620918077942,"BASIC_EPS":-0.006480028,"DILUTED_EPS":-0.006480028,"OPERATE_INCOME":147042787.48,"OPERATE_INCOME_YOY":-37.1367367961,"GROSS_PROFIT":60541715.12,"GROSS_PROFIT_YOY":-19.153813222927,"HOLDER_PROFIT":-12286498.16,"HOLDER_PROFIT_YOY":-306.0935143288,"GROSS_PROFIT_RATIO":41.17285598128,"EPS_TTM":-0.037494527702,"OPERATE_INCOME_QOQ":-19.869829068042,"NET_PROFIT_RATIO":-10.469800324,"ROE_AVG":-1.0282528943,"GROSS_PROFIT_QOQ":-9.06592966287,"ROA":-0.708690247033,"HOLDER_PROFIT_QOQ":-14.851941738503,"ROE_YEARLY":-2.056505788601,"ROIC_YEARLY":-1.785454948165,"TOTAL_ASSETS":1682697163.84,"TOTAL_LIABILITIES":396439898.92,"TAX_EBT":1.448936667446,"OCF_SALES":-16.550080379366,"TOTAL_PARENT_EQUITY":1182032859.64,"DEBT_ASSET_RATIO":23.559788858,"OPERATE_PROFIT":-7682027.56,"PRETAX_PROFIT":-15621430.88,"NETCASH_OPERATE":-24335699.52,"NETCASH_INVEST":41649239.12,"NETCASH_FINANCE":-8325466.96,"END_CASH":223476086.76,"DIVI_RATIO":null,"DIVIDEND_RATE":null,"CURRENT_RATIO":1.461975867594,"COMMON_ACS":2880000000,"CURRENTDEBT_DEBT":85.629499342725,"ISSUED_COMMON_SHARES":1903685690,"HK_COMMON_SHARES":1903685690,"PER_SHARES":2000,"TOTAL_MARKET_CAP":424521908.87,"HKSK_MARKET_CAP":424521908.87,"PE_TTM":-5.392397795773,"PB_TTM":0.327785012597,"REPORT_DATE_SQ":"2023-06-30 00:00:00","REPORT_TYPE_SQ":"2023年中报","OPERATE_INCOME_SQ":236292410.24,"DPS_HKD":null,"OPERATE_INCOME_QOQ_SQ":-6.529077548396,"NET_PROFIT_RATIO_SQ":-2.3539923836,"HOLDER_PROFIT_SQ":-3056363.7,"HOLDER_PROFIT_QOQ_SQ":43.254291028203,"ROE_AVG_SQ":-0.234287291346,"PE_TTM_SQ":-12.984059386936,"PB_TTM_SQ":0.483067369081,"ROA_SQ":-0.14968011801,"START_DATE":"2024-01-01 00:00:00","FISCAL_YEAR":"12-31","CURRENCY":"HKD","IS_CNY_CODE":0,"DPS_HKD_LY":null,"ORG_TYPE":"一般企业","PREMIUM_INCOME":null,"PREMIUM_INCOME_YOY":null,"NET_INTEREST_INCOME":null,"NET_INTEREST_INCOME_YOY":null,"FEE_COMMISSION_INCOME":null,"FEE_COMMISSION_INCOME_YOY":null,"ACCOUNTS_RECE_TDAYS":1.028792735725,"INVENTORY_TDAYS":3.656590597812,"CURRENT_ASSETS_TDAYS":0.277849204235,"TOTAL_ASSETS_TDAYS":0.084814882179,"PREMIUM_EXPENSE":null,"LOAN_DEPOSIT":null,"LOAN_EQUITY":null,"LOAN_ASSETS":null,"DEPOSIT_EQUITY":null,"DEPOSIT_ASSETS":null,"EQUITY_MULTIPLIER":1.308211980396,"EQUITY_RATIO":0.335388221814},{"SECUCODE":"00701.HK","SECURITY_CODE":"00701","SECURITY_NAME_ABBR":"CNT GROUP","ORG_CODE":"10009067","STD_REPORT_DATE":"2023-12-31 00:00:00","REPORT_DATE":"2023-12-31 00:00:00","DATE_TYPE_CODE":"001","REPORT_TYPE":"2023年年报","PER_NETCASH_OPERATE":0.04266839725,"PER_OI":0.235948386984,"BPS":0.629935932218,"BASIC_EPS":-0.03262392,"DILUTED_EPS":-0.03262392,"OPERATE_INCOME":449171567.88,"OPERATE_INCOME_YOY":-25.5317454713,"GROSS_PROFIT":158211512.48,"GROSS_PROFIT_YOY":13.417474163656,"HOLDER_PROFIT":-62147661.38,"HOLDER_PROFIT_YOY":27.106429566,"GROSS_PROFIT_RATIO":35.222957950506,"EPS_TTM":-0.032645967612,"OPERATE_INCOME_QOQ":-19.175032288974,"NET_PROFIT_RATIO":-17.1934454277,"ROE_AVG":-4.944647690517,"GROSS_PROFIT_QOQ":2.324452743072,"ROA":-3.221985745629,"HOLDER_PROFIT_QOQ":-30.318805551678,"ROE_YEARLY":-4.944647690517,"ROIC_YEARLY":-4.091448610495,"TOTAL_ASSETS":1772052493.26,"TOTAL_LIABILITIES":463416440.06,"TAX_EBT":1.28347697155,"OCF_SALES":18.083784252725,"TOTAL_PARENT_EQUITY":1199200019.78,"DEBT_ASSET_RATIO":26.1513946016,"OPERATE_PROFIT":-13286091.42,"PRETAX_PROFIT":-78232160.16,"NETCASH_OPERATE":81227217.26,"NETCASH_INVEST":-71211673.82,"NETCASH_FINANCE":-145226286.1,"END_CASH":213135694.24,"DIVI_RATIO":null,"DIVIDEND_RATE":null,"CURRENT_RATIO":1.382146952496,"COMMON_ACS":2880000000,"CURRENTDEBT_DEBT":87.143239866008,"ISSUED_COMMON_SHARES":1903685690,"HK_COMMON_SHARES":1903685690,"PER_SHARES":2000,"TOTAL_MARKET_CAP":449269822.84,"HKSK_MARKET_CAP":449269822.84,"PE_TTM":-5.706752824226,"PB_TTM":0.346893555933,"REPORT_DATE_SQ":"2022-12-31 00:00:00","REPORT_TYPE_SQ":"2022年年报","OPERATE_INCOME_SQ":594552472.57,"DPS_HKD":null,"OPERATE_INCOME_QOQ_SQ":-6.210358893448,"NET_PROFIT_RATIO_SQ":-17.8771948539,"HOLDER_PROFIT_SQ":-84039734.87,"HOLDER_PROFIT_QOQ_SQ":-40.421999458997,"ROE_AVG_SQ":-6.279252224295,"PE_TTM_SQ":-11.685653448242,"PB_TTM_SQ":0.434760632173,"ROA_SQ":-3.967384967406,"START_DATE":"2023-01-01 00:00:00","FISCAL_YEAR":"12-31","CURRENCY":"HKD","IS_CNY_CODE":0,"DPS_HKD_LY":0.02,"ORG_TYPE":"一般企业","PREMIUM_INCOME":null,"PREMIUM_INCOME_YOY":null,"NET_INTEREST_INCOME":null,"NET_INTEREST_INCOME_YOY":null,"FEE_COMMISSION_INCOME":null,"FEE_COMMISSION_INCOME_YOY":null,"ACCOUNTS_RECE_TDAYS":1.821226217509,"INVENTORY_TDAYS":9.111341288647,"CURRENT_ASSETS_TDAYS":0.649522673813,"TOTAL_ASSETS_TDAYS":0.23286868032,"PREMIUM_EXPENSE":null,"LOAN_DEPOSIT":null,"LOAN_EQUITY":null,"LOAN_ASSETS":null,"DEPOSIT_EQUITY":null,"DEPOSIT_ASSETS":null,"EQUITY_MULTIPLIER":1.354121712394,"EQUITY_RATIO":0.386437985671},{"SECUCODE":"00701.HK","SECURITY_CODE":"00701","SECURITY_NAME_ABBR":"CNT GROUP","ORG_CODE":"10009067","STD_REPORT_DATE":"2023-06-30 00:00:00","REPORT_DATE":"2023-06-30 00:00:00","DATE_TYPE_CODE":"002","REPORT_TYPE":"2023年中报","PER_NETCASH_OPERATE":0.005360377868,"PER_OI":0.124123646819,"BPS":0.668008275148,"BASIC_EPS":-0.001567366,"DILUTED_EPS":-0.001567366,"OPERATE_INCOME":236292410.24,"OPERATE_INCOME_YOY":-20.3322391326,"GROSS_PROFIT":74885059.56,"GROSS_PROFIT_YOY":25.304665011511,"HOLDER_PROFIT":-3056363.7,"HOLDER_PROFIT_YOY":92.8059895833,"GROSS_PROFIT_RATIO":31.691690598077,"EPS_TTM":-0.025050849319,"OPERATE_INCOME_QOQ":-6.529077548396,"NET_PROFIT_RATIO":-2.3539923836,"ROE_AVG":-0.234287291346,"GROSS_PROFIT_QOQ":10.841026874033,"ROA":-0.14968011801,"HOLDER_PROFIT_QOQ":43.254291028203,"ROE_YEARLY":-0.468574582691,"ROIC_YEARLY":-0.383602081403,"TOTAL_ASSETS":1961917199.22,"TOTAL_LIABILITIES":571970576.56,"TAX_EBT":-73.113342898135,"OCF_SALES":4.318579098514,"TOTAL_PARENT_EQUITY":1271677794.2,"DEBT_ASSET_RATIO":29.1536552505,"OPERATE_PROFIT":10194332.86,"PRETAX_PROFIT":-3213100.3,"NETCASH_OPERATE":10204474.64,"NETCASH_INVEST":595599.08,"NETCASH_FINANCE":-60387846.04,"END_CASH":295940828.32,"DIVI_RATIO":null,"DIVIDEND_RATE":null,"CURRENT_RATIO":1.36421933972,"COMMON_ACS":2880000000,"CURRENTDEBT_DEBT":89.561263242055,"ISSUED_COMMON_SHARES":1903685690,"HK_COMMON_SHARES":1903685690,"PER_SHARES":2000,"TOTAL_MARKET_CAP":449269822.84,"HKSK_MARKET_CAP":449269822.84,"PE_TTM":-5.706752824226,"PB_TTM":0.346893555933,"REPORT_DATE_SQ":"2022-06-30 00:00:00","REPORT_TYPE_SQ":"2022年中报","OPERATE_INCOME_SQ":275111202.24,"DPS_HKD":null,"OPERATE_INCOME_QOQ_SQ":-11.994732907987,"NET_PROFIT_RATIO_SQ":-18.3820817523,"HOLDER_PROFIT_SQ":-39407155.2,"HOLDER_PROFIT_QOQ_SQ":-254.769487027175,"ROE_AVG_SQ":-3.098176493191,"PE_TTM_SQ":-11.685653448242,"PB_TTM_SQ":0.434760632173,"ROA_SQ":-1.977892501457,"START_DATE":"2023-01-01 00:00:00","FISCAL_YEAR":"12-31","CURRENCY":"HKD","IS_CNY_CODE":0,"DPS_HKD_LY":0.02,"ORG_TYPE":"一般企业","PREMIUM_INCOME":null,"PREMIUM_INCOME_YOY":null,"NET_INTEREST_INCOME":null,"NET_INTEREST_INCOME_YOY":null,"FEE_COMMISSION_INCOME":null,"FEE_COMMISSION_INCOME_YOY":null,"ACCOUNTS_RECE_TDAYS":0.766032361376,"INVENTORY_TDAYS":4.850212636274,"CURRENT_ASSETS_TDAYS":0.307250762169,"TOTAL_ASSETS_TDAYS":0.115720114886,"PREMIUM_EXPENSE":null,"LOAN_DEPOSIT":null,"LOAN_EQUITY":null,"LOAN_ASSETS":null,"DEPOSIT_EQUITY":null,"DEPOSIT_ASSETS":null,"EQUITY_MULTIPLIER":1.41150542563,"EQUITY_RATIO":0.449776334201},{"SECUCODE":"00701.HK","SECURITY_CODE":"00701","SECURITY_NAME_ABBR":"CNT GROUP","ORG_CODE":"10009067","STD_REPORT_DATE":"2022-12-31 00:00:00","REPORT_DATE":"2022-12-31 00:00:00","DATE_TYPE_CODE":"001","REPORT_TYPE":"2022年年报","PER_NETCASH_OPERATE":-0.008184342311,"PER_OI":0.31231651091,"BPS":0.680653207321,"BASIC_EPS":-0.044127538,"DILUTED_EPS":-0.044127538,"OPERATE_INCOME":594552472.57,"OPERATE_INCOME_YOY":-24.8321518556,"GROSS_PROFIT":139494829.74,"GROSS_PROFIT_YOY":-14.941293207095,"HOLDER_PROFIT":-84039734.87,"HOLDER_PROFIT_YOY":-355.9734406049,"GROSS_PROFIT_RATIO":23.462156189011,"EPS_TTM":-0.044145803749,"OPERATE_INCOME_QOQ":-6.210358893448,"NET_PROFIT_RATIO":-17.8771948539,"ROE_AVG":-6.279252224295,"GROSS_PROFIT_QOQ":9.050029744697,"ROA":-3.967384967406,"HOLDER_PROFIT_QOQ":-40.421999458997,"ROE_YEARLY":-6.279252224295,"ROIC_YEARLY":-5.186177836381,"TOTAL_ASSETS":2055867157.89,"TOTAL_LIABILITIES":638093132.18,"TAX_EBT":1.217052011124,"OCF_SALES":-2.620528222287,"TOTAL_PARENT_EQUITY":1295749770.63,"DEBT_ASSET_RATIO":31.037663583,"OPERATE_PROFIT":-47402265.82,"PRETAX_PROFIT":-107598837.85,"NETCASH_OPERATE":-15580415.34,"NETCASH_INVEST":-14006473.6,"NETCASH_FINANCE":-19033797.16,"END_CASH":345582937.98,"DIVI_RATIO":null,"DIVIDEND_RATE":null,"CURRENT_RATIO":1.393486364228,"COMMON_ACS":2880000000,"CURRENTDEBT_DEBT":91.448118107216,"ISSUED_COMMON_SHARES":1903685690,"HK_COMMON_SHARES":1903685690,"PER_SHARES":2000,"TOTAL_MARKET_CAP":449269822.84,"HKSK_MARKET_CAP":449269822.84,"PE_TTM":-5.706752824226,"PB_TTM":0.346893555933,"REPORT_DATE_SQ":"2021-12-31 00:00:00","REPORT_TYPE_SQ":"2021年年报","OPERATE_INCOME_SQ":723962724.8,"DPS_HKD":null,"OPERATE_INCOME_QOQ_SQ":-3.866915173463,"NET_PROFIT_RATIO_SQ":-4.0212480988,"HOLDER_PROFIT_SQ":-16869540.8,"HOLDER_PROFIT_QOQ_SQ":5.167530552705,"ROE_AVG_SQ":-1.318120402342,"PE_TTM_SQ":-11.685653448242,"PB_TTM_SQ":0.434760632173,"ROA_SQ":-0.853057858723,"START_DATE":"2022-01-01 00:00:00","FISCAL_YEAR":"12-31","CURRENCY":"HKD","IS_CNY_CODE":0,"DPS_HKD_LY":0.02,"ORG_TYPE":"一般企业","PREMIUM_INCOME":null,"PREMIUM_INCOME_YOY":null,"NET_INTEREST_INCOME":null,"NET_INTEREST_INCOME_YOY":null,"FEE_COMMISSION_INCOME":null,"FEE_COMMISSION_INCOME_YOY":null,"ACCOUNTS_RECE_TDAYS":1.618037373863,"INVENTORY_TDAYS":8.13745347667,"CURRENT_ASSETS_TDAYS":0.655866467881,"TOTAL_ASSETS_TDAYS":0.280678960453,"PREMIUM_EXPENSE":null,"LOAN_DEPOSIT":null,"LOAN_EQUITY":null,"LOAN_ASSETS":null,"DEPOSIT_EQUITY":null,"DEPOSIT_ASSETS":null,"EQUITY_MULTIPLIER":1.450066879917,"EQUITY_RATIO":0.492450893408},{"SECUCODE":"00701.HK","SECURITY_CODE":"00701","SECURITY_NAME_ABBR":"CNT GROUP","ORG_CODE":"10009067","STD_REPORT_DATE":"2022-06-30 00:00:00","REPORT_DATE":"2022-06-30 00:00:00","DATE_TYPE_CODE":"002","REPORT_TYPE":"2022年中报","PER_NETCASH_OPERATE":-0.03365440754,"PER_OI":0.144515034013,"BPS":0.641792642487,"BASIC_EPS":-0.020695598,"DILUTED_EPS":-0.020695598,"OPERATE_INCOME":275111202.24,"OPERATE_INCOME_YOY":-26.053182023,"GROSS_PROFIT":59762387.58,"GROSS_PROFIT_YOY":-34.111070291889,"HOLDER_PROFIT":-39407155.2,"HOLDER_PROFIT_YOY":-1173.6253494874,"GROSS_PROFIT_RATIO":21.293859512037,"EPS_TTM":-0.031437954109,"OPERATE_INCOME_QOQ":-11.994732907987,"NET_PROFIT_RATIO":-18.3820817523,"ROE_AVG":-3.098176493191,"GROSS_PROFIT_QOQ":-20.229377152166,"ROA":-1.977892501457,"HOLDER_PROFIT_QOQ":-254.769487027175,"ROE_YEARLY":-6.196352986382,"ROIC_YEARLY":-5.10540845899,"TOTAL_ASSETS":1897060280.29,"TOTAL_LIABILITIES":572944802.78,"TAX_EBT":-0.950942359848,"OCF_SALES":-23.415494058298,"TOTAL_PARENT_EQUITY":1221771469.45,"DEBT_ASSET_RATIO":30.2017183498,"OPERATE_PROFIT":-38073058.8,"PRETAX_PROFIT":-49821659.02,"NETCASH_OPERATE":-64067414.04,"NETCASH_INVEST":-8343233.64,"NETCASH_FINANCE":-20494628.35,"END_CASH":289433069.17,"DIVI_RATIO":null,"DIVIDEND_RATE":null,"CURRENT_RATIO":1.461413878896,"COMMON_ACS":2880000000,"CURRENTDEBT_DEBT":94.188924147937,"ISSUED_COMMON_SHARES":1903685690,"HK_COMMON_SHARES":1903685690,"PER_SHARES":2000,"TOTAL_MARKET_CAP":449269822.84,"HKSK_MARKET_CAP":449269822.84,"PE_TTM":-5.706752824226,"PB_TTM":0.346893555933,"REPORT_DATE_SQ":"2021-06-30 00:00:00","REPORT_TYPE_SQ":"2021年中报","OPERATE_INCOME_SQ":360011893.2,"DPS_HKD":null,"OPERATE_INCOME_QOQ_SQ":13.918426011768,"NET_PROFIT_RATIO_SQ":0.0457628881,"HOLDER_PROFIT_SQ":3571287.36,"HOLDER_PROFIT_QOQ_SQ":77.572785366156,"ROE_AVG_SQ":0.273251092734,"PE_TTM_SQ":-11.685653448242,"PB_TTM_SQ":0.434760632173,"ROA_SQ":0.180930010606,"START_DATE":"2022-01-01 00:00:00","FISCAL_YEAR":"12-31","CURRENCY":"HKD","IS_CNY_CODE":0,"DPS_HKD_LY":0.02,"ORG_TYPE":"一般企业","PREMIUM_INCOME":null,"PREMIUM_INCOME_YOY":null,"NET_INTEREST_INCOME":null,"NET_INTEREST_INCOME_YOY":null,"FEE_COMMISSION_INCOME":null,"FEE_COMMISSION_INCOME_YOY":null,"ACCOUNTS_RECE_TDAYS":0.754650943208,"INVENTORY_TDAYS":3.395138130486,"CURRENT_ASSETS_TDAYS":0.313428639444,"TOTAL_ASSETS_TDAYS":0.137328750586,"PREMIUM_EXPENSE":null,"LOAN_DEPOSIT":null,"LOAN_EQUITY":null,"LOAN_ASSETS":null,"DEPOSIT_EQUITY":null,"DEPOSIT_ASSETS":null,"EQUITY_MULTIPLIER":1.432700026931,"EQUITY_RATIO":0.468945966661},{"SECUCODE":"00701.HK","SECURITY_CODE":"00701","SECURITY_NAME_ABBR":"CNT GROUP","ORG_CODE":"10009067","STD_REPORT_DATE":"2021-12-31 00:00:00","REPORT_DATE":"2021-12-31 00:00:00","DATE_TYPE_CODE":"001","REPORT_TYPE":"2021年年报","PER_NETCASH_OPERATE":0.01654109529,"PER_OI":0.380295302215,"BPS":0.663979338312,"BASIC_EPS":-0.00883008,"DILUTED_EPS":-0.00883008,"OPERATE_INCOME":723962724.8,"OPERATE_INCOME_YOY":12.7333309448,"GROSS_PROFIT":163998296,"GROSS_PROFIT_YOY":-21.329890451289,"HOLDER_PROFIT":-16869540.8,"HOLDER_PROFIT_YOY":78.1063644659,"GROSS_PROFIT_RATIO":22.261923679372,"EPS_TTM":-0.008861515789,"OPERATE_INCOME_QOQ":-3.866915173463,"NET_PROFIT_RATIO":-4.0212480988,"ROE_AVG":-1.318120402342,"GROSS_PROFIT_QOQ":-24.470301596321,"ROA":-0.853057858723,"HOLDER_PROFIT_QOQ":5.167530552705,"ROE_YEARLY":-1.318120402342,"ROIC_YEARLY":-1.147635494325,"TOTAL_ASSETS":1995936566.4,"TOTAL_LIABILITIES":620788963.2,"TAX_EBT":-2.612523895036,"OCF_SALES":4.371523915462,"TOTAL_PARENT_EQUITY":1264007964.8,"DEBT_ASSET_RATIO":31.102639916,"OPERATE_PROFIT":-25001390.4,"PRETAX_PROFIT":-28228457.6,"NETCASH_OPERATE":31489046.4,"NETCASH_INVEST":-37901483.2,"NETCASH_FINANCE":-36858225.6,"END_CASH":372142904,"DIVI_RATIO":null,"DIVIDEND_RATE":null,"CURRENT_RATIO":1.545733361872,"COMMON_ACS":2880000000,"CURRENTDEBT_DEBT":95.37497267155,"ISSUED_COMMON_SHARES":1903685690,"HK_COMMON_SHARES":1903685690,"PER_SHARES":2000,"TOTAL_MARKET_CAP":449269822.84,"HKSK_MARKET_CAP":449269822.84,"PE_TTM":-5.706752824226,"PB_TTM":0.346893555933,"REPORT_DATE_SQ":"2020-12-31 00:00:00","REPORT_TYPE_SQ":"2020年年报","OPERATE_INCOME_SQ":657748393.12,"DPS_HKD":null,"OPERATE_INCOME_QOQ_SQ":-1.96487321543,"NET_PROFIT_RATIO_SQ":-12.3960343336,"HOLDER_PROFIT_SQ":-79317836.88,"HOLDER_PROFIT_QOQ_SQ":66.210320703602,"ROE_AVG_SQ":-5.825066290864,"PE_TTM_SQ":-11.685653448242,"PB_TTM_SQ":0.434760632173,"ROA_SQ":-4.014936405251,"START_DATE":"2021-01-01 00:00:00","FISCAL_YEAR":"12-31","CURRENCY":"HKD","IS_CNY_CODE":0,"DPS_HKD_LY":0.02,"ORG_TYPE":"一般企业","PREMIUM_INCOME":null,"PREMIUM_INCOME_YOY":null,"NET_INTEREST_INCOME":null,"NET_INTEREST_INCOME_YOY":null,"FEE_COMMISSION_INCOME":null,"FEE_COMMISSION_INCOME_YOY":null,"ACCOUNTS_RECE_TDAYS":2.096630253722,"INVENTORY_TDAYS":8.516865529655,"CURRENT_ASSETS_TDAYS":0.79724689117,"TOTAL_ASSETS_TDAYS":0.364251943339,"PREMIUM_EXPENSE":null,"LOAN_DEPOSIT":null,"LOAN_EQUITY":null,"LOAN_ASSETS":null,"DEPOSIT_EQUITY":null,"DEPOSIT_ASSETS":null,"EQUITY_MULTIPLIER":1.451434421843,"EQUITY_RATIO":0.491127414136},{"SECUCODE":"00701.HK","SECURITY_CODE":"00701","SECURITY_NAME_ABBR":"CNT GROUP","ORG_CODE":"10009067","STD_REPORT_DATE":"2021-06-30 00:00:00","REPORT_DATE":"2021-06-30 00:00:00","DATE_TYPE_CODE":"002","REPORT_TYPE":"2021年中报","PER_NETCASH_OPERATE":-0.0303728748,"PER_OI":0.18911309524,"BPS":0.68044304776,"BASIC_EPS":0.001913784,"DILUTED_EPS":0.001913784,"OPERATE_INCOME":360011893.2,"OPERATE_INCOME_YOY":47.213035549,"GROSS_PROFIT":90701712.48,"GROSS_PROFIT_YOY":4.429560508007,"HOLDER_PROFIT":3571287.36,"HOLDER_PROFIT_YOY":106.7643814027,"GROSS_PROFIT_RATIO":25.194087804653,"EPS_TTM":-0.009344389997,"OPERATE_INCOME_QOQ":13.918426011768,"NET_PROFIT_RATIO":0.0457628881,"ROE_AVG":0.273251092734,"GROSS_PROFIT_QOQ":1.845538435699,"ROA":0.180930010606,"HOLDER_PROFIT_QOQ":77.572785366156,"ROE_YEARLY":0.546502185468,"ROIC_YEARLY":0.481900790976,"TOTAL_ASSETS":1953864461.52,"TOTAL_LIABILITIES":539310987.84,"TAX_EBT":89.908256880734,"OCF_SALES":-16.060693608219,"TOTAL_PARENT_EQUITY":1295349692.88,"DEBT_ASSET_RATIO":27.6022722385,"OPERATE_PROFIT":3303357.6,"PRETAX_PROFIT":1632540.96,"NETCASH_OPERATE":-57820407.12,"NETCASH_INVEST":-9606363.6,"NETCASH_FINANCE":-28957216.08,"END_CASH":322827070.08,"DIVI_RATIO":null,"DIVIDEND_RATE":null,"CURRENT_RATIO":1.689516341072,"COMMON_ACS":2880000000,"CURRENTDEBT_DEBT":93.887198602788,"ISSUED_COMMON_SHARES":1903685690,"HK_COMMON_SHARES":1903685690,"PER_SHARES":2000,"TOTAL_MARKET_CAP":449269822.84,"HKSK_MARKET_CAP":449269822.84,"PE_TTM":-5.706752824226,"PB_TTM":0.346893555933,"REPORT_DATE_SQ":"2020-06-30 00:00:00","REPORT_TYPE_SQ":"2020年中报","OPERATE_INCOME_SQ":268463669.76,"DPS_HKD":null,"OPERATE_INCOME_QOQ_SQ":-7.2942338601,"NET_PROFIT_RATIO_SQ":-23.3664734063,"HOLDER_PROFIT_SQ":-57957768,"HOLDER_PROFIT_QOQ_SQ":-211.609274554418,"ROE_AVG_SQ":-3.980402243328,"PE_TTM_SQ":-11.685653448242,"PB_TTM_SQ":0.434760632173,"ROA_SQ":-2.849269596812,"START_DATE":"2021-01-01 00:00:00","FISCAL_YEAR":"12-31","CURRENCY":"HKD","IS_CNY_CODE":0,"DPS_HKD_LY":0.02,"ORG_TYPE":"一般企业","PREMIUM_INCOME":null,"PREMIUM_INCOME_YOY":null,"NET_INTEREST_INCOME":null,"NET_INTEREST_INCOME_YOY":null,"FEE_COMMISSION_INCOME":null,"FEE_COMMISSION_INCOME_YOY":null,"ACCOUNTS_RECE_TDAYS":1.073694345836,"INVENTORY_TDAYS":3.634004760622,"CURRENT_ASSETS_TDAYS":0.408384885045,"TOTAL_ASSETS_TDAYS":0.182390687416,"PREMIUM_EXPENSE":null,"LOAN_DEPOSIT":null,"LOAN_EQUITY":null,"LOAN_ASSETS":null,"DEPOSIT_EQUITY":null,"DEPOSIT_ASSETS":null,"EQUITY_MULTIPLIER":1.381258819744,"EQUITY_RATIO":0.416343934618},{"SECUCODE":"00701.HK","SECURITY_CODE":"00701","SECURITY_NAME_ABBR":"CNT GROUP","ORG_CODE":"10009067","STD_REPORT_DATE":"2020-12-31 00:00:00","REPORT_DATE":"2020-12-31 00:00:00","DATE_TYPE_CODE":"001","REPORT_TYPE":"2020年年报","PER_NETCASH_OPERATE":0.011272056912,"PER_OI":0.345513125709,"BPS":0.700600602865,"BASIC_EPS":-0.04166118,"DILUTED_EPS":-0.04166118,"OPERATE_INCOME":657748393.12,"OPERATE_INCOME_YOY":-3.2694947415,"GROSS_PROFIT":208463286.68,"GROSS_PROFIT_YOY":4.977877553808,"HOLDER_PROFIT":-79317836.88,"HOLDER_PROFIT_YOY":-140.1383346182,"GROSS_PROFIT_RATIO":31.693469548616,"EPS_TTM":-0.041665405848,"OPERATE_INCOME_QOQ":-1.96487321543,"NET_PROFIT_RATIO":-12.3960343336,"ROE_AVG":-5.825066290864,"GROSS_PROFIT_QOQ":1.219814823132,"ROA":-4.014936405251,"HOLDER_PROFIT_QOQ":66.210320703602,"ROE_YEARLY":-5.825066290864,"ROIC_YEARLY":-5.474597887875,"TOTAL_ASSETS":2016743659.48,"TOTAL_LIABILITIES":558072967.92,"TAX_EBT":-3.446950281907,"OCF_SALES":3.262410621516,"TOTAL_PARENT_EQUITY":1333723342.08,"DEBT_ASSET_RATIO":27.6719832635,"OPERATE_PROFIT":-74236014.56,"PRETAX_PROFIT":-78817902.72,"NETCASH_OPERATE":21458453.44,"NETCASH_INVEST":-11122272.6,"NETCASH_FINANCE":7887008.44,"END_CASH":422607643.36,"DIVI_RATIO":null,"DIVIDEND_RATE":null,"CURRENT_RATIO":1.751907232225,"COMMON_ACS":2880000000,"CURRENTDEBT_DEBT":93.89996350354,"ISSUED_COMMON_SHARES":1903685690,"HK_COMMON_SHARES":1903685690,"PER_SHARES":2000,"TOTAL_MARKET_CAP":449269822.84,"HKSK_MARKET_CAP":449269822.84,"PE_TTM":-5.706752824226,"PB_TTM":0.346893555933,"REPORT_DATE_SQ":"2019-12-31 00:00:00","REPORT_TYPE_SQ":"2019年年报","OPERATE_INCOME_SQ":723721264.94,"DPS_HKD":null,"OPERATE_INCOME_QOQ_SQ":-8.944993402321,"NET_PROFIT_RATIO_SQ":28.2085050184,"HOLDER_PROFIT_SQ":210322873.54,"HOLDER_PROFIT_QOQ_SQ":-40.465480886035,"ROE_AVG_SQ":14.946481026856,"PE_TTM_SQ":-11.685653448242,"PB_TTM_SQ":0.434760632173,"ROA_SQ":10.218276376059,"START_DATE":"2020-01-01 00:00:00","FISCAL_YEAR":"12-31","CURRENCY":"HKD","IS_CNY_CODE":0,"DPS_HKD_LY":0.02,"ORG_TYPE":"一般企业","PREMIUM_INCOME":null,"PREMIUM_INCOME_YOY":null,"NET_INTEREST_INCOME":null,"NET_INTEREST_INCOME_YOY":null,"FEE_COMMISSION_INCOME":null,"FEE_COMMISSION_INCOME_YOY":null,"ACCOUNTS_RECE_TDAYS":2.198337831699,"INVENTORY_TDAYS":7.163507538295,"CURRENT_ASSETS_TDAYS":0.77188643558,"TOTAL_ASSETS_TDAYS":0.332941249145,"PREMIUM_EXPENSE":null,"LOAN_DEPOSIT":null,"LOAN_EQUITY":null,"LOAN_ASSETS":null,"DEPOSIT_EQUITY":null,"DEPOSIT_ASSETS":null,"EQUITY_MULTIPLIER":1.382590101486,"EQUITY_RATIO":0.418432331738},{"SECUCODE":"00701.HK","SECURITY_CODE":"00701","SECURITY_NAME_ABBR":"CNT GROUP","ORG_CODE":"10009067","STD_REPORT_DATE":"2020-06-30 00:00:00","REPORT_DATE":"2020-06-30 00:00:00","DATE_TYPE_CODE":"002","REPORT_TYPE":"2020年中报","PER_NETCASH_OPERATE":-0.01421439826,"PER_OI":0.141023106477,"BPS":0.737519216673,"BASIC_EPS":-0.030417552,"DILUTED_EPS":-0.030417552,"OPERATE_INCOME":268463669.76,"OPERATE_INCOME_YOY":-19.5228941791,"GROSS_PROFIT":86854442.4,"GROSS_PROFIT_YOY":9.276053506836,"HOLDER_PROFIT":-57957768,"HOLDER_PROFIT_YOY":-114.4184228586,"GROSS_PROFIT_RATIO":32.352400783929,"EPS_TTM":-0.123308083164,"OPERATE_INCOME_QOQ":-7.2942338601,"NET_PROFIT_RATIO":-23.3664734063,"ROE_AVG":-3.980402243328,"GROSS_PROFIT_QOQ":3.71277376593,"ROA":-2.849269596812,"HOLDER_PROFIT_QOQ":-211.609274554418,"ROE_YEARLY":-7.960804486657,"ROIC_YEARLY":-7.647121211391,"TOTAL_ASSETS":1968837710.4,"TOTAL_LIABILITIES":450696776.64,"TAX_EBT":-1.770895080024,"OCF_SALES":-10.079481735533,"TOTAL_PARENT_EQUITY":1404004778.88,"DEBT_ASSET_RATIO":22.8915148394,"OPERATE_PROFIT":-57774166.56,"PRETAX_PROFIT":-61638931.2,"NETCASH_OPERATE":-27059746.56,"NETCASH_INVEST":8002647.84,"NETCASH_FINANCE":-28977057.12,"END_CASH":373431627.36,"DIVI_RATIO":null,"DIVIDEND_RATE":null,"CURRENT_RATIO":1.873842905514,"COMMON_ACS":2880000000,"CURRENTDEBT_DEBT":94.453249453797,"ISSUED_COMMON_SHARES":1903685690,"HK_COMMON_SHARES":1903685690,"PER_SHARES":2000,"TOTAL_MARKET_CAP":449269822.84,"HKSK_MARKET_CAP":449269822.84,"PE_TTM":-5.706752824226,"PB_TTM":0.346893555933,"REPORT_DATE_SQ":"2019-06-30 00:00:00","REPORT_TYPE_SQ":"2019年中报","OPERATE_INCOME_SQ":321253591.32,"DPS_HKD":null,"OPERATE_INCOME_QOQ_SQ":9.036717993223,"NET_PROFIT_RATIO_SQ":117.2181422884,"HOLDER_PROFIT_SQ":387104938.92,"HOLDER_PROFIT_QOQ_SQ":1706.92807111582,"ROE_AVG_SQ":25.877331094084,"PE_TTM_SQ":-11.685653448242,"PB_TTM_SQ":0.434760632173,"ROA_SQ":18.121363498133,"START_DATE":"2020-01-01 00:00:00","FISCAL_YEAR":"12-31","CURRENCY":"HKD","IS_CNY_CODE":0,"DPS_HKD_LY":0.02,"ORG_TYPE":"一般企业","PREMIUM_INCOME":null,"PREMIUM_INCOME_YOY":null,"NET_INTEREST_INCOME":null,"NET_INTEREST_INCOME_YOY":null,"FEE_COMMISSION_INCOME":null,"FEE_COMMISSION_INCOME_YOY":null,"ACCOUNTS_RECE_TDAYS":0.918953988828,"INVENTORY_TDAYS":3.02680936577,"CURRENT_ASSETS_TDAYS":0.325219013601,"TOTAL_ASSETS_TDAYS":0.131979784331,"PREMIUM_EXPENSE":null,"LOAN_DEPOSIT":null,"LOAN_EQUITY":null,"LOAN_ASSETS":null,"DEPOSIT_EQUITY":null,"DEPOSIT_ASSETS":null,"EQUITY_MULTIPLIER":1.29687413508,"EQUITY_RATIO":0.321008007537}],"count":48},"success":true,"message":"ok","code":0}