{"version":"1a9c3cc1234027840ba320c79afb3446","result":{"pages":5,"data":[{"SECUCODE":"00707.HK","SECURITY_CODE":"00707","SECURITY_NAME_ABBR":"亚洲电视控股","ORG_CODE":"10073179","STD_REPORT_DATE":"2024-06-30 00:00:00","REPORT_DATE":"2024-06-30 00:00:00","DATE_TYPE_CODE":"002","REPORT_TYPE":"2024年中报","PER_NETCASH_OPERATE":-0.007216034754,"PER_OI":0.026339808239,"BPS":-0.22515707421,"BASIC_EPS":-0.0319,"DILUTED_EPS":-0.0319,"OPERATE_INCOME":28778000,"OPERATE_INCOME_YOY":17.4085104647,"GROSS_PROFIT":3536000,"GROSS_PROFIT_YOY":111.863391252247,"HOLDER_PROFIT":-34874000,"HOLDER_PROFIT_YOY":-170.4878616303,"GROSS_PROFIT_RATIO":12.287163805685,"EPS_TTM":-0.141285640384,"OPERATE_INCOME_QOQ":4.051885403907,"NET_PROFIT_RATIO":-127.896309681,"ROE_AVG":8.37353143856,"GROSS_PROFIT_QOQ":8.286361013714,"ROA":-27.545189228041,"HOLDER_PROFIT_QOQ":-16.604095692045,"ROE_YEARLY":16.74706287712,"ROIC_YEARLY":-16.521208747609,"TOTAL_ASSETS":126276000,"TOTAL_LIABILITIES":878137000,"TAX_EBT":-0.100628246621,"OCF_SALES":-27.395927444576,"TOTAL_PARENT_EQUITY":-442798000,"DEBT_ASSET_RATIO":695.4108460832,"OPERATE_PROFIT":-2778000,"PRETAX_PROFIT":-36769000,"NETCASH_OPERATE":-7884000,"NETCASH_INVEST":null,"NETCASH_FINANCE":1016000,"END_CASH":4556000,"DIVI_RATIO":null,"DIVIDEND_RATE":null,"CURRENT_RATIO":0.118647133297,"COMMON_ACS":200000000000,"CURRENTDEBT_DEBT":99.481288227236,"ISSUED_COMMON_SHARES":1966618200,"HK_COMMON_SHARES":1966618200,"PER_SHARES":8000,"TOTAL_MARKET_CAP":137663274,"HKSK_MARKET_CAP":137663274,"PE_TTM":-0.808314072427,"PB_TTM":-0.283746803089,"REPORT_DATE_SQ":"2023-06-30 00:00:00","REPORT_TYPE_SQ":"2023年中报","OPERATE_INCOME_SQ":24511000,"DPS_HKD":null,"OPERATE_INCOME_QOQ_SQ":-5.402775976132,"NET_PROFIT_RATIO_SQ":-66.0642160663,"HOLDER_PROFIT_SQ":-12893000,"HOLDER_PROFIT_QOQ_SQ":40.052598758236,"ROE_AVG_SQ":4.916573080304,"PE_TTM_SQ":-1.634439371561,"PB_TTM_SQ":-0.654751883918,"ROA_SQ":-7.235007266993,"START_DATE":"2024-01-01 00:00:00","FISCAL_YEAR":"12-31","CURRENCY":"HKD","IS_CNY_CODE":0,"DPS_HKD_LY":null,"ORG_TYPE":"一般企业","PREMIUM_INCOME":null,"PREMIUM_INCOME_YOY":null,"NET_INTEREST_INCOME":null,"NET_INTEREST_INCOME_YOY":null,"FEE_COMMISSION_INCOME":null,"FEE_COMMISSION_INCOME_YOY":null,"ACCOUNTS_RECE_TDAYS":0.584176604923,"INVENTORY_TDAYS":0.656369451595,"CURRENT_ASSETS_TDAYS":0.276803362654,"TOTAL_ASSETS_TDAYS":0.227302705627,"PREMIUM_EXPENSE":null,"LOAN_DEPOSIT":null,"LOAN_EQUITY":null,"LOAN_ASSETS":null,"DEPOSIT_EQUITY":null,"DEPOSIT_ASSETS":null,"EQUITY_MULTIPLIER":-0.167951256948,"EQUITY_RATIO":-1.983154847131},{"SECUCODE":"00707.HK","SECURITY_CODE":"00707","SECURITY_NAME_ABBR":"亚洲电视控股","ORG_CODE":"10073179","STD_REPORT_DATE":"2023-12-31 00:00:00","REPORT_DATE":"2023-12-31 00:00:00","DATE_TYPE_CODE":"001","REPORT_TYPE":"2023年年报","PER_NETCASH_OPERATE":-0.025655181907,"PER_OI":0.096386783856,"BPS":-0.198391329847,"BASIC_EPS":-0.1212,"DILUTED_EPS":-0.1212,"OPERATE_INCOME":105309000,"OPERATE_INCOME_YOY":36.6052665715,"GROSS_PROFIT":-22531000,"GROSS_PROFIT_YOY":12.008904163087,"HOLDER_PROFIT":-132383000,"HOLDER_PROFIT_YOY":28.2146246238,"GROSS_PROFIT_RATIO":-21.395132419831,"EPS_TTM":-0.121166962057,"OPERATE_INCOME_QOQ":44.40726774083,"NET_PROFIT_RATIO":-156.3247205842,"ROE_AVG":41.319265084327,"GROSS_PROFIT_QOQ":-212.193432174034,"ROA":-88.020611702128,"HOLDER_PROFIT_QOQ":-19.747268253853,"ROE_YEARLY":41.319265084327,"ROIC_YEARLY":-31.022079121147,"TOTAL_ASSETS":126937000,"TOTAL_LIABILITIES":817640000,"TAX_EBT":0.829513075222,"OCF_SALES":-26.61690833642,"TOTAL_PARENT_EQUITY":-390160000,"DEBT_ASSET_RATIO":644.1305529515,"OPERATE_PROFIT":-86788000,"PRETAX_PROFIT":-166001000,"NETCASH_OPERATE":-28030000,"NETCASH_INVEST":-5129000,"NETCASH_FINANCE":46828000,"END_CASH":13918000,"DIVI_RATIO":null,"DIVIDEND_RATE":null,"CURRENT_RATIO":0.127989464615,"COMMON_ACS":200000000000,"CURRENTDEBT_DEBT":99.649968201164,"ISSUED_COMMON_SHARES":1966618200,"HK_COMMON_SHARES":1966618200,"PER_SHARES":8000,"TOTAL_MARKET_CAP":204528292.8,"HKSK_MARKET_CAP":204528292.8,"PE_TTM":-1.200923764748,"PB_TTM":-0.421566678875,"REPORT_DATE_SQ":"2022-12-31 00:00:00","REPORT_TYPE_SQ":"2022年年报","OPERATE_INCOME_SQ":77090000,"DPS_HKD":null,"OPERATE_INCOME_QOQ_SQ":-34.63459304544,"NET_PROFIT_RATIO_SQ":-277.9413672331,"HOLDER_PROFIT_SQ":-184415000,"HOLDER_PROFIT_QOQ_SQ":44.234956153614,"ROE_AVG_SQ":97.209153995978,"PE_TTM_SQ":-2.295560915113,"PB_TTM_SQ":-0.919595342582,"ROA_SQ":-64.464540395425,"START_DATE":"2023-01-01 00:00:00","FISCAL_YEAR":"12-31","CURRENCY":"HKD","IS_CNY_CODE":0,"DPS_HKD_LY":null,"ORG_TYPE":"一般企业","PREMIUM_INCOME":null,"PREMIUM_INCOME_YOY":null,"NET_INTEREST_INCOME":null,"NET_INTEREST_INCOME_YOY":null,"FEE_COMMISSION_INCOME":null,"FEE_COMMISSION_INCOME_YOY":null,"ACCOUNTS_RECE_TDAYS":2.686659693344,"INVENTORY_TDAYS":2.948373482167,"CURRENT_ASSETS_TDAYS":1.018861352851,"TOTAL_ASSETS_TDAYS":0.700192819149,"PREMIUM_EXPENSE":null,"LOAN_DEPOSIT":null,"LOAN_EQUITY":null,"LOAN_ASSETS":null,"DEPOSIT_EQUITY":null,"DEPOSIT_ASSETS":null,"EQUITY_MULTIPLIER":-0.183779424731,"EQUITY_RATIO":-2.095653065409},{"SECUCODE":"00707.HK","SECURITY_CODE":"00707","SECURITY_NAME_ABBR":"亚洲电视控股","ORG_CODE":"10073179","STD_REPORT_DATE":"2023-06-30 00:00:00","REPORT_DATE":"2023-06-30 00:00:00","DATE_TYPE_CODE":"002","REPORT_TYPE":"2023年中报","PER_NETCASH_OPERATE":-0.001655367891,"PER_OI":0.002243432621,"BPS":-0.139249194378,"BASIC_EPS":-0.0012,"DILUTED_EPS":-0.0012,"OPERATE_INCOME":24511000,"OPERATE_INCOME_YOY":-14.5243409123,"GROSS_PROFIT":1669000,"GROSS_PROFIT_YOY":109.982057416268,"HOLDER_PROFIT":-12893000,"HOLDER_PROFIT_YOY":85.1387800267,"GROSS_PROFIT_RATIO":6.80918771164,"EPS_TTM":-0.010118557511,"OPERATE_INCOME_QOQ":-5.402775976132,"NET_PROFIT_RATIO":-66.0642160663,"ROE_AVG":4.916573080304,"GROSS_PROFIT_QOQ":71.815199562603,"ROA":-7.235007266993,"HOLDER_PROFIT_QOQ":40.052598758236,"ROE_YEARLY":9.833146160608,"ROIC_YEARLY":-5.734255315127,"TOTAL_ASSETS":182543000,"TOTAL_LIABILITIES":742441000,"TAX_EBT":-0.154626422563,"OCF_SALES":-73.787279180776,"TOTAL_PARENT_EQUITY":-273850000,"DEBT_ASSET_RATIO":406.7211561112,"OPERATE_PROFIT":12483000,"PRETAX_PROFIT":-16168000,"NETCASH_OPERATE":-18086000,"NETCASH_INVEST":-897000,"NETCASH_FINANCE":23895000,"END_CASH":9138000,"DIVI_RATIO":null,"DIVIDEND_RATE":null,"CURRENT_RATIO":0.1484755292,"COMMON_ACS":200000000000,"CURRENTDEBT_DEBT":98.892976007521,"ISSUED_COMMON_SHARES":1966618200,"HK_COMMON_SHARES":1966618200,"PER_SHARES":8000,"TOTAL_MARKET_CAP":204528292.8,"HKSK_MARKET_CAP":204528292.8,"PE_TTM":-1.200923764748,"PB_TTM":-0.421566678875,"REPORT_DATE_SQ":"2022-06-30 00:00:00","REPORT_TYPE_SQ":"2022年中报","OPERATE_INCOME_SQ":28676000,"DPS_HKD":null,"OPERATE_INCOME_QOQ_SQ":-25.7622872394,"NET_PROFIT_RATIO_SQ":-310.3431440926,"HOLDER_PROFIT_SQ":-86756000,"HOLDER_PROFIT_QOQ_SQ":-26.867818847947,"ROE_AVG_SQ":48.955223880597,"PE_TTM_SQ":-2.295560915113,"PB_TTM_SQ":-0.919595342582,"ROA_SQ":-25.551077267888,"START_DATE":"2023-01-01 00:00:00","FISCAL_YEAR":"12-31","CURRENCY":"HKD","IS_CNY_CODE":0,"DPS_HKD_LY":null,"ORG_TYPE":"一般企业","PREMIUM_INCOME":null,"PREMIUM_INCOME_YOY":null,"NET_INTEREST_INCOME":null,"NET_INTEREST_INCOME_YOY":null,"FEE_COMMISSION_INCOME":null,"FEE_COMMISSION_INCOME_YOY":null,"ACCOUNTS_RECE_TDAYS":null,"INVENTORY_TDAYS":0.461454545455,"CURRENT_ASSETS_TDAYS":0.231837313786,"TOTAL_ASSETS_TDAYS":0.137545383636,"PREMIUM_EXPENSE":null,"LOAN_DEPOSIT":null,"LOAN_EQUITY":null,"LOAN_ASSETS":null,"DEPOSIT_EQUITY":null,"DEPOSIT_ASSETS":null,"EQUITY_MULTIPLIER":-0.326029026716,"EQUITY_RATIO":-2.711122877488},{"SECUCODE":"00707.HK","SECURITY_CODE":"00707","SECURITY_NAME_ABBR":"亚洲电视控股","ORG_CODE":"10073179","STD_REPORT_DATE":"2022-12-31 00:00:00","REPORT_DATE":"2022-12-31 00:00:00","DATE_TYPE_CODE":"001","REPORT_TYPE":"2022年年报","PER_NETCASH_OPERATE":-0.000424321881,"PER_OI":0.007055861481,"BPS":-0.127437547359,"BASIC_EPS":-0.181,"DILUTED_EPS":-0.181,"OPERATE_INCOME":77090000,"OPERATE_INCOME_YOY":-51.4742169403,"GROSS_PROFIT":-25606000,"GROSS_PROFIT_YOY":-614.054656999442,"HOLDER_PROFIT":-184415000,"HOLDER_PROFIT_YOY":29.2521051925,"GROSS_PROFIT_RATIO":-33.215721883513,"EPS_TTM":-0.016879059477,"OPERATE_INCOME_QOQ":-34.63459304544,"NET_PROFIT_RATIO":-277.9413672331,"ROE_AVG":97.209153995978,"GROSS_PROFIT_QOQ":-31.799464690138,"ROA":-64.464540395425,"HOLDER_PROFIT_QOQ":44.234956153614,"ROE_YEARLY":97.209153995978,"ROIC_YEARLY":-38.540592335769,"TOTAL_ASSETS":173863000,"TOTAL_LIABILITIES":694089000,"TAX_EBT":3.020743282082,"OCF_SALES":-6.013750162148,"TOTAL_PARENT_EQUITY":-250621000,"DEBT_ASSET_RATIO":399.2160494182,"OPERATE_PROFIT":-171001000,"PRETAX_PROFIT":-220939000,"NETCASH_OPERATE":-4636000,"NETCASH_INVEST":-13576000,"NETCASH_FINANCE":-7788000,"END_CASH":3554000,"DIVI_RATIO":null,"DIVIDEND_RATE":null,"CURRENT_RATIO":0.149198992678,"COMMON_ACS":200000000000,"CURRENTDEBT_DEBT":98.917141749833,"ISSUED_COMMON_SHARES":1966618200,"HK_COMMON_SHARES":1966618200,"PER_SHARES":8000,"TOTAL_MARKET_CAP":180928874.4,"HKSK_MARKET_CAP":180928874.4,"PE_TTM":-1.062355638047,"PB_TTM":-0.372924369774,"REPORT_DATE_SQ":"2021-12-31 00:00:00","REPORT_TYPE_SQ":"2021年年报","OPERATE_INCOME_SQ":158864000,"DPS_HKD":null,"OPERATE_INCOME_QOQ_SQ":-5.960907810151,"NET_PROFIT_RATIO_SQ":-230.9453368919,"HOLDER_PROFIT_SQ":-260665000,"HOLDER_PROFIT_QOQ_SQ":-154.47862463512,"ROE_AVG_SQ":20630.3917688959,"PE_TTM_SQ":null,"PB_TTM_SQ":null,"ROA_SQ":-43.175507073899,"START_DATE":"2022-01-01 00:00:00","FISCAL_YEAR":"12-31","CURRENCY":"HKD","IS_CNY_CODE":0,"DPS_HKD_LY":null,"ORG_TYPE":"一般企业","PREMIUM_INCOME":null,"PREMIUM_INCOME_YOY":null,"NET_INTEREST_INCOME":null,"NET_INTEREST_INCOME_YOY":null,"FEE_COMMISSION_INCOME":null,"FEE_COMMISSION_INCOME_YOY":null,"ACCOUNTS_RECE_TDAYS":1.926912790262,"INVENTORY_TDAYS":2.227268291096,"CURRENT_ASSETS_TDAYS":0.414751130491,"TOTAL_ASSETS_TDAYS":0.269477614027,"PREMIUM_EXPENSE":null,"LOAN_DEPOSIT":null,"LOAN_EQUITY":null,"LOAN_ASSETS":null,"DEPOSIT_EQUITY":null,"DEPOSIT_ASSETS":null,"EQUITY_MULTIPLIER":-0.334206671716,"EQUITY_RATIO":-2.769476620076},{"SECUCODE":"00707.HK","SECURITY_CODE":"00707","SECURITY_NAME_ABBR":"亚洲电视控股","ORG_CODE":"10073179","STD_REPORT_DATE":"2022-06-30 00:00:00","REPORT_DATE":"2022-06-30 00:00:00","DATE_TYPE_CODE":"002","REPORT_TYPE":"2022年中报","PER_NETCASH_OPERATE":-0.003601873446,"PER_OI":0.002889075073,"BPS":-0.114730963031,"BASIC_EPS":-0.0087,"DILUTED_EPS":-0.0087,"OPERATE_INCOME":28676000,"OPERATE_INCOME_YOY":-58.8006264098,"GROSS_PROFIT":-16720000,"GROSS_PROFIT_YOY":-1804.32801822323,"HOLDER_PROFIT":-86756000,"HOLDER_PROFIT_YOY":-418.8445667125,"GROSS_PROFIT_RATIO":-58.306597851862,"EPS_TTM":-0.033317656807,"OPERATE_INCOME_QOQ":-25.7622872394,"NET_PROFIT_RATIO":-310.3431440926,"ROE_AVG":48.955223880597,"GROSS_PROFIT_QOQ":-441.773563859453,"ROA":-25.551077267888,"HOLDER_PROFIT_QOQ":-26.867818847947,"ROE_YEARLY":97.910447761194,"ROIC_YEARLY":-34.152241541016,"TOTAL_ASSETS":280798000,"TOTAL_LIABILITIES":730633000,"TAX_EBT":0.194017966288,"OCF_SALES":-124.672199748919,"TOTAL_PARENT_EQUITY":-225632000,"DEBT_ASSET_RATIO":260.1987905897,"OPERATE_PROFIT":-57668000,"PRETAX_PROFIT":-89167000,"NETCASH_OPERATE":-35751000,"NETCASH_INVEST":1676000,"NETCASH_FINANCE":13342000,"END_CASH":5969000,"DIVI_RATIO":null,"DIVIDEND_RATE":null,"CURRENT_RATIO":0.220170070678,"COMMON_ACS":200000000000,"CURRENTDEBT_DEBT":82.55321070907,"ISSUED_COMMON_SHARES":1966618200,"HK_COMMON_SHARES":1966618200,"PER_SHARES":8000,"TOTAL_MARKET_CAP":204528292.8,"HKSK_MARKET_CAP":204528292.8,"PE_TTM":-1.200923764748,"PB_TTM":-0.421566678875,"REPORT_DATE_SQ":"2021-06-30 00:00:00","REPORT_TYPE_SQ":"2021年中报","OPERATE_INCOME_SQ":69603000,"DPS_HKD":null,"OPERATE_INCOME_QOQ_SQ":9.623371229819,"NET_PROFIT_RATIO_SQ":-30.6610347255,"HOLDER_PROFIT_SQ":-16721000,"HOLDER_PROFIT_QOQ_SQ":40.832712380358,"ROE_AVG_SQ":-13.696812323117,"PE_TTM_SQ":-2.295560915113,"PB_TTM_SQ":-0.919595342582,"ROA_SQ":-2.198286175553,"START_DATE":"2022-01-01 00:00:00","FISCAL_YEAR":"12-31","CURRENCY":"HKD","IS_CNY_CODE":0,"DPS_HKD_LY":null,"ORG_TYPE":"一般企业","PREMIUM_INCOME":null,"PREMIUM_INCOME_YOY":null,"NET_INTEREST_INCOME":null,"NET_INTEREST_INCOME_YOY":null,"FEE_COMMISSION_INCOME":null,"FEE_COMMISSION_INCOME_YOY":null,"ACCOUNTS_RECE_TDAYS":null,"INVENTORY_TDAYS":1.058588967785,"CURRENT_ASSETS_TDAYS":0.142630122133,"TOTAL_ASSETS_TDAYS":0.08445556408,"PREMIUM_EXPENSE":null,"LOAN_DEPOSIT":null,"LOAN_EQUITY":null,"LOAN_ASSETS":null,"DEPOSIT_EQUITY":null,"DEPOSIT_ASSETS":null,"EQUITY_MULTIPLIER":-0.624224437849,"EQUITY_RATIO":-3.238162140122},{"SECUCODE":"00707.HK","SECURITY_CODE":"00707","SECURITY_NAME_ABBR":"亚洲电视控股","ORG_CODE":"10073179","STD_REPORT_DATE":"2021-12-31 00:00:00","REPORT_DATE":"2021-12-31 00:00:00","DATE_TYPE_CODE":"001","REPORT_TYPE":"2021年年报","PER_NETCASH_OPERATE":-0.000241898077,"PER_OI":0.016005371125,"BPS":-0.065492122467,"BASIC_EPS":-0.0263,"DILUTED_EPS":-0.0263,"OPERATE_INCOME":158864000,"OPERATE_INCOME_YOY":3.0888231324,"GROSS_PROFIT":-3586000,"GROSS_PROFIT_YOY":83.162738285285,"HOLDER_PROFIT":-260665000,"HOLDER_PROFIT_YOY":-50.5680997684,"GROSS_PROFIT_RATIO":-2.257276664317,"EPS_TTM":-0.026261708532,"OPERATE_INCOME_QOQ":-5.960907810151,"NET_PROFIT_RATIO":-230.9453368919,"ROE_AVG":20630.3917688959,"GROSS_PROFIT_QOQ":89.667194928685,"ROA":-43.175507073899,"HOLDER_PROFIT_QOQ":-154.47862463512,"ROE_YEARLY":20630.3917688959,"ROIC_YEARLY":-39.726979414486,"TOTAL_ASSETS":398281000,"TOTAL_LIABILITIES":733563000,"TAX_EBT":9.704420161449,"OCF_SALES":-1.511355624937,"TOTAL_PARENT_EQUITY":-128798000,"DEBT_ASSET_RATIO":184.1822733196,"OPERATE_PROFIT":-309016000,"PRETAX_PROFIT":-406320000,"NETCASH_OPERATE":-2401000,"NETCASH_INVEST":-16159000,"NETCASH_FINANCE":3687000,"END_CASH":29041000,"DIVI_RATIO":null,"DIVIDEND_RATE":null,"CURRENT_RATIO":0.433364068944,"COMMON_ACS":200000000000,"CURRENTDEBT_DEBT":84.713787363867,"ISSUED_COMMON_SHARES":1966618200,"HK_COMMON_SHARES":1966618200,"PER_SHARES":8000,"TOTAL_MARKET_CAP":180928874.4,"HKSK_MARKET_CAP":180928874.4,"PE_TTM":-1.062355638047,"PB_TTM":-0.372924369774,"REPORT_DATE_SQ":"2020-12-31 00:00:00","REPORT_TYPE_SQ":"2020年年报","OPERATE_INCOME_SQ":154104000,"DPS_HKD":null,"OPERATE_INCOME_QOQ_SQ":13.951063688192,"NET_PROFIT_RATIO_SQ":-134.7362819914,"HOLDER_PROFIT_SQ":-173121000,"HOLDER_PROFIT_QOQ_SQ":66.22978129072,"ROE_AVG_SQ":-151.883841817823,"PE_TTM_SQ":null,"PB_TTM_SQ":null,"ROA_SQ":-18.999711362337,"START_DATE":"2021-01-01 00:00:00","FISCAL_YEAR":"12-31","CURRENCY":"HKD","IS_CNY_CODE":0,"DPS_HKD_LY":null,"ORG_TYPE":"一般企业","PREMIUM_INCOME":null,"PREMIUM_INCOME_YOY":null,"NET_INTEREST_INCOME":null,"NET_INTEREST_INCOME_YOY":null,"FEE_COMMISSION_INCOME":null,"FEE_COMMISSION_INCOME_YOY":null,"ACCOUNTS_RECE_TDAYS":null,"INVENTORY_TDAYS":2.485103909316,"CURRENT_ASSETS_TDAYS":0.477856168494,"TOTAL_ASSETS_TDAYS":0.263135969761,"PREMIUM_EXPENSE":null,"LOAN_DEPOSIT":null,"LOAN_EQUITY":null,"LOAN_ASSETS":null,"DEPOSIT_EQUITY":null,"DEPOSIT_ASSETS":null,"EQUITY_MULTIPLIER":-1.187898545105,"EQUITY_RATIO":-5.695453345549},{"SECUCODE":"00707.HK","SECURITY_CODE":"00707","SECURITY_NAME_ABBR":"亚洲电视控股","ORG_CODE":"10073179","STD_REPORT_DATE":"2021-06-30 00:00:00","REPORT_DATE":"2021-06-30 00:00:00","DATE_TYPE_CODE":"002","REPORT_TYPE":"2021年中报","PER_NETCASH_OPERATE":-0.00308210994,"PER_OI":0.007012424756,"BPS":0.059944528124,"BASIC_EPS":-0.0017,"DILUTED_EPS":-0.0017,"OPERATE_INCOME":69603000,"OPERATE_INCOME_YOY":27.075383857,"GROSS_PROFIT":-878000,"GROSS_PROFIT_YOY":-107.007742038471,"HOLDER_PROFIT":-16721000,"HOLDER_PROFIT_YOY":80.8708286142,"GROSS_PROFIT_RATIO":-1.261439880465,"EPS_TTM":-0.010319809206,"OPERATE_INCOME_QOQ":9.623371229819,"NET_PROFIT_RATIO":-30.6610347255,"ROE_AVG":-13.696812323117,"GROSS_PROFIT_QOQ":-62.949572729834,"ROA":-2.198286175553,"HOLDER_PROFIT_QOQ":40.832712380358,"ROE_YEARLY":-27.393624646235,"ROIC_YEARLY":-4.410991734502,"TOTAL_ASSETS":712090000,"TOTAL_LIABILITIES":703231000,"TAX_EBT":-0.314938422488,"OCF_SALES":-43.952128500208,"TOTAL_PARENT_EQUITY":117888000,"DEBT_ASSET_RATIO":98.7559156848,"OPERATE_PROFIT":19023000,"PRETAX_PROFIT":-21274000,"NETCASH_OPERATE":-30592000,"NETCASH_INVEST":-1058000,"NETCASH_FINANCE":12351000,"END_CASH":35457000,"DIVI_RATIO":null,"DIVIDEND_RATE":null,"CURRENT_RATIO":0.571817667546,"COMMON_ACS":200000000000,"CURRENTDEBT_DEBT":78.679267552198,"ISSUED_COMMON_SHARES":1966618200,"HK_COMMON_SHARES":1966618200,"PER_SHARES":8000,"TOTAL_MARKET_CAP":204528292.8,"HKSK_MARKET_CAP":204528292.8,"PE_TTM":-1.200923764748,"PB_TTM":-0.421566678875,"REPORT_DATE_SQ":"2020-06-30 00:00:00","REPORT_TYPE_SQ":"2020年中报","OPERATE_INCOME_SQ":54773000,"DPS_HKD":null,"OPERATE_INCOME_QOQ_SQ":-13.802488335925,"NET_PROFIT_RATIO_SQ":-169.6492797546,"HOLDER_PROFIT_SQ":-87411000,"HOLDER_PROFIT_QOQ_SQ":8.054165545691,"ROE_AVG_SQ":-72.207972442165,"PE_TTM_SQ":-2.295560915113,"PB_TTM_SQ":-0.919595342582,"ROA_SQ":-8.821423471419,"START_DATE":"2021-01-01 00:00:00","FISCAL_YEAR":"12-31","CURRENCY":"HKD","IS_CNY_CODE":0,"DPS_HKD_LY":null,"ORG_TYPE":"一般企业","PREMIUM_INCOME":null,"PREMIUM_INCOME_YOY":null,"NET_INTEREST_INCOME":null,"NET_INTEREST_INCOME_YOY":null,"FEE_COMMISSION_INCOME":null,"FEE_COMMISSION_INCOME_YOY":null,"ACCOUNTS_RECE_TDAYS":0.875658130626,"INVENTORY_TDAYS":0.91876812775,"CURRENT_ASSETS_TDAYS":0.195518713228,"TOTAL_ASSETS_TDAYS":0.091506077793,"PREMIUM_EXPENSE":null,"LOAN_DEPOSIT":null,"LOAN_EQUITY":null,"LOAN_ASSETS":null,"DEPOSIT_EQUITY":null,"DEPOSIT_ASSETS":null,"EQUITY_MULTIPLIER":80.380404107839,"EQUITY_RATIO":5.96524667481},{"SECUCODE":"00707.HK","SECURITY_CODE":"00707","SECURITY_NAME_ABBR":"亚洲电视控股","ORG_CODE":"10073179","STD_REPORT_DATE":"2020-12-31 00:00:00","REPORT_DATE":"2020-12-31 00:00:00","DATE_TYPE_CODE":"001","REPORT_TYPE":"2020年年报","PER_NETCASH_OPERATE":-0.003604593666,"PER_OI":0.015525806424,"BPS":0.064207175546,"BASIC_EPS":-0.0205,"DILUTED_EPS":-0.0205,"OPERATE_INCOME":154104000,"OPERATE_INCOME_YOY":-1.777018586,"GROSS_PROFIT":-21298000,"GROSS_PROFIT_YOY":-814.469729497639,"HOLDER_PROFIT":-173121000,"HOLDER_PROFIT_YOY":68.9496906107,"GROSS_PROFIT_RATIO":-13.820536780356,"EPS_TTM":-0.017441748001,"OPERATE_INCOME_QOQ":13.951063688192,"NET_PROFIT_RATIO":-134.7362819914,"ROE_AVG":-151.883841817823,"GROSS_PROFIT_QOQ":-148.837481014137,"ROA":-18.999711362337,"HOLDER_PROFIT_QOQ":66.22978129072,"ROE_YEARLY":-151.883841817823,"ROIC_YEARLY":-19.556501945811,"TOTAL_ASSETS":809186000,"TOTAL_LIABILITIES":787337000,"TAX_EBT":3.86914269576,"OCF_SALES":-23.216788662202,"TOTAL_PARENT_EQUITY":126271000,"DEBT_ASSET_RATIO":97.2998791378,"OPERATE_PROFIT":-191111000,"PRETAX_PROFIT":-215991000,"NETCASH_OPERATE":-35778000,"NETCASH_INVEST":-30746000,"NETCASH_FINANCE":86733000,"END_CASH":46959000,"DIVI_RATIO":null,"DIVIDEND_RATE":null,"CURRENT_RATIO":0.613521422955,"COMMON_ACS":200000000000,"CURRENTDEBT_DEBT":81.896189306485,"ISSUED_COMMON_SHARES":1966618200,"HK_COMMON_SHARES":1966618200,"PER_SHARES":8000,"TOTAL_MARKET_CAP":204528292.8,"HKSK_MARKET_CAP":204528292.8,"PE_TTM":-1.200923764748,"PB_TTM":-0.421566678875,"REPORT_DATE_SQ":"2019-12-31 00:00:00","REPORT_TYPE_SQ":"2019年年报","OPERATE_INCOME_SQ":156892000,"DPS_HKD":null,"OPERATE_INCOME_QOQ_SQ":-6.140371868195,"NET_PROFIT_RATIO_SQ":-385.815082987,"HOLDER_PROFIT_SQ":-557550000,"HOLDER_PROFIT_QOQ_SQ":17.601540528278,"ROE_AVG_SQ":-197.892061779378,"PE_TTM_SQ":-2.295560915113,"PB_TTM_SQ":-0.919595342582,"ROA_SQ":-45.5854921136,"START_DATE":"2020-01-01 00:00:00","FISCAL_YEAR":"12-31","CURRENCY":"HKD","IS_CNY_CODE":0,"DPS_HKD_LY":null,"ORG_TYPE":"一般企业","PREMIUM_INCOME":null,"PREMIUM_INCOME_YOY":null,"NET_INTEREST_INCOME":null,"NET_INTEREST_INCOME_YOY":null,"FEE_COMMISSION_INCOME":null,"FEE_COMMISSION_INCOME_YOY":null,"ACCOUNTS_RECE_TDAYS":1.476678948049,"INVENTORY_TDAYS":2.025333702831,"CURRENT_ASSETS_TDAYS":0.351275020002,"TOTAL_ASSETS_TDAYS":0.169126305866,"PREMIUM_EXPENSE":null,"LOAN_DEPOSIT":null,"LOAN_EQUITY":null,"LOAN_ASSETS":null,"DEPOSIT_EQUITY":null,"DEPOSIT_ASSETS":null,"EQUITY_MULTIPLIER":37.035379193553,"EQUITY_RATIO":6.235295515201},{"SECUCODE":"00707.HK","SECURITY_CODE":"00707","SECURITY_NAME_ABBR":"亚洲电视控股","ORG_CODE":"10073179","STD_REPORT_DATE":"2020-06-30 00:00:00","REPORT_DATE":"2020-06-30 00:00:00","DATE_TYPE_CODE":"002","REPORT_TYPE":"2020年中报","PER_NETCASH_OPERATE":0.026946801284,"PER_OI":0.00737617141,"BPS":0.071399217194,"BASIC_EPS":-0.0118,"DILUTED_EPS":-0.0118,"OPERATE_INCOME":54773000,"OPERATE_INCOME_YOY":-28.3338567017,"GROSS_PROFIT":12529000,"GROSS_PROFIT_YOY":-33.210725518418,"HOLDER_PROFIT":-87411000,"HOLDER_PROFIT_YOY":33.9381938829,"GROSS_PROFIT_RATIO":22.874408924105,"EPS_TTM":-0.06903675198,"OPERATE_INCOME_QOQ":-13.802488335925,"NET_PROFIT_RATIO":-169.6492797546,"ROE_AVG":-72.207972442165,"GROSS_PROFIT_QOQ":-267.496779733791,"ROA":-8.821423471419,"HOLDER_PROFIT_QOQ":8.054165545691,"ROE_YEARLY":-144.415944884329,"ROIC_YEARLY":-18.575734940194,"TOTAL_ASSETS":968621000,"TOTAL_LIABILITIES":899358000,"TAX_EBT":1.231917177751,"OCF_SALES":365.322330345243,"TOTAL_PARENT_EQUITY":140415000,"DEBT_ASSET_RATIO":92.8493187738,"OPERATE_PROFIT":-34841000,"PRETAX_PROFIT":-94081000,"NETCASH_OPERATE":200098000,"NETCASH_INVEST":-88469000,"NETCASH_FINANCE":-77999000,"END_CASH":56479000,"DIVI_RATIO":null,"DIVIDEND_RATE":null,"CURRENT_RATIO":0.50480269912,"COMMON_ACS":200000000000,"CURRENTDEBT_DEBT":93.034920465488,"ISSUED_COMMON_SHARES":1966618200,"HK_COMMON_SHARES":1966618200,"PER_SHARES":8000,"TOTAL_MARKET_CAP":204528292.8,"HKSK_MARKET_CAP":204528292.8,"PE_TTM":-1.200923764748,"PB_TTM":-0.421566678875,"REPORT_DATE_SQ":"2019-06-30 00:00:00","REPORT_TYPE_SQ":"2019年中报","OPERATE_INCOME_SQ":76428000,"DPS_HKD":null,"OPERATE_INCOME_QOQ_SQ":0.681222707424,"NET_PROFIT_RATIO_SQ":-180.7020987073,"HOLDER_PROFIT_SQ":-132317000,"HOLDER_PROFIT_QOQ_SQ":15.474623062221,"ROE_AVG_SQ":-30.34751815342,"PE_TTM_SQ":-2.295560915113,"PB_TTM_SQ":-0.919595342582,"ROA_SQ":-9.717344590198,"START_DATE":"2020-01-01 00:00:00","FISCAL_YEAR":"12-31","CURRENCY":"HKD","IS_CNY_CODE":0,"DPS_HKD_LY":null,"ORG_TYPE":"一般企业","PREMIUM_INCOME":null,"PREMIUM_INCOME_YOY":null,"NET_INTEREST_INCOME":null,"NET_INTEREST_INCOME_YOY":null,"FEE_COMMISSION_INCOME":null,"FEE_COMMISSION_INCOME_YOY":null,"ACCOUNTS_RECE_TDAYS":0.592034934309,"INVENTORY_TDAYS":0.496051573206,"CURRENT_ASSETS_TDAYS":0.121155481725,"TOTAL_ASSETS_TDAYS":0.055276318518,"PREMIUM_EXPENSE":null,"LOAN_DEPOSIT":null,"LOAN_EQUITY":null,"LOAN_ASSETS":null,"DEPOSIT_EQUITY":null,"DEPOSIT_ASSETS":null,"EQUITY_MULTIPLIER":13.984681576016,"EQUITY_RATIO":6.404999465869}],"count":40},"success":true,"message":"ok","code":0}