{"version":"142a5d1d40b2f02574a9b606b78d1435","result":{"pages":5,"data":[{"SECUCODE":"00708.HK","SECURITY_CODE":"00708","SECURITY_NAME_ABBR":"恒大汽车","ORG_CODE":"10104981","STD_REPORT_DATE":"2024-06-30 00:00:00","REPORT_DATE":"2024-06-30 00:00:00","DATE_TYPE_CODE":"002","REPORT_TYPE":"2024年中报","PER_NETCASH_OPERATE":-0.008464012546,"PER_OI":0.003539075303,"BPS":-5.342355022823,"BASIC_EPS":-1.86789,"DILUTED_EPS":-1.86789,"OPERATE_INCOME":38377000,"OPERATE_INCOME_YOY":-75.1667863775,"GROSS_PROFIT":2433000,"GROSS_PROFIT_YOY":103.996648925685,"HOLDER_PROFIT":-20254991000,"HOLDER_PROFIT_YOY":-195.0490155949,"GROSS_PROFIT_RATIO":6.339734736952,"EPS_TTM":-2.335366600967,"OPERATE_INCOME_QOQ":-8.667848625674,"NET_PROFIT_RATIO":-52783.2946817104,"ROE_AVG":42.385213628634,"GROSS_PROFIT_QOQ":123.623830817598,"ROA":-79.090684372523,"HOLDER_PROFIT_QOQ":-112.198841329862,"ROE_YEARLY":84.770427257268,"ROIC_YEARLY":-158.398161032115,"TOTAL_ASSETS":16368895000,"TOTAL_LIABILITIES":74350143000,"TAX_EBT":-0.000385060312,"OCF_SALES":-239.158871198895,"TOTAL_PARENT_EQUITY":-57931392000,"DEBT_ASSET_RATIO":454.2160176359,"OPERATE_PROFIT":-19310168000,"PRETAX_PROFIT":-20256567000,"NETCASH_OPERATE":-91782000,"NETCASH_INVEST":4194000,"NETCASH_FINANCE":-933000,"END_CASH":39336000,"DIVI_RATIO":null,"DIVIDEND_RATE":null,"CURRENT_RATIO":0.036874004796,"COMMON_ACS":null,"CURRENTDEBT_DEBT":82.174359772247,"ISSUED_COMMON_SHARES":10843793000,"HK_COMMON_SHARES":10843793000,"PER_SHARES":500,"TOTAL_MARKET_CAP":2157914807,"HKSK_MARKET_CAP":2157914807,"PE_TTM":-0.077299750003,"PB_TTM":-0.033996864533,"REPORT_DATE_SQ":"2023-06-30 00:00:00","REPORT_TYPE_SQ":"2023年中报","OPERATE_INCOME_SQ":154539000,"DPS_HKD":null,"OPERATE_INCOME_QOQ_SQ":97.330069919633,"NET_PROFIT_RATIO_SQ":-4447.45209947,"HOLDER_PROFIT_SQ":-6864958000,"HOLDER_PROFIT_QOQ_SQ":23.487834324077,"ROE_AVG_SQ":13.534304694254,"PE_TTM_SQ":-0.145143321272,"PB_TTM_SQ":-0.092840946537,"ROA_SQ":-8.685779057025,"START_DATE":"2024-01-01 00:00:00","FISCAL_YEAR":"12-31","CURRENCY":"HKD","IS_CNY_CODE":0,"DPS_HKD_LY":null,"ORG_TYPE":"一般企业","PREMIUM_INCOME":null,"PREMIUM_INCOME_YOY":null,"NET_INTEREST_INCOME":null,"NET_INTEREST_INCOME_YOY":null,"FEE_COMMISSION_INCOME":null,"FEE_COMMISSION_INCOME_YOY":null,"ACCOUNTS_RECE_TDAYS":0.003766668356,"INVENTORY_TDAYS":0.093551056952,"CURRENT_ASSETS_TDAYS":0.003554242579,"TOTAL_ASSETS_TDAYS":0.001498526064,"PREMIUM_EXPENSE":null,"LOAN_DEPOSIT":null,"LOAN_EQUITY":null,"LOAN_ASSETS":null,"DEPOSIT_EQUITY":null,"DEPOSIT_ASSETS":null,"EQUITY_MULTIPLIER":-0.282313602494,"EQUITY_RATIO":-1.283417166983},{"SECUCODE":"00708.HK","SECURITY_CODE":"00708","SECURITY_NAME_ABBR":"恒大汽车","ORG_CODE":"10104981","STD_REPORT_DATE":"2023-12-31 00:00:00","REPORT_DATE":"2023-12-31 00:00:00","DATE_TYPE_CODE":"001","REPORT_TYPE":"2023年年报","PER_NETCASH_OPERATE":-0.02316172948,"PER_OI":0.123586645374,"BPS":-3.471511213834,"BASIC_EPS":-1.10056,"DILUTED_EPS":-1.10056,"OPERATE_INCOME":1340148000,"OPERATE_INCOME_YOY":900.0283558812,"GROSS_PROFIT":-51211000,"GROSS_PROFIT_YOY":45.437789000405,"HOLDER_PROFIT":-11934199000,"HOLDER_PROFIT_YOY":56.8545089902,"GROSS_PROFIT_RATIO":-3.821294364503,"EPS_TTM":-1.100555774165,"OPERATE_INCOME_QOQ":406.779507192449,"NET_PROFIT_RATIO":-895.0586054675,"ROE_AVG":22.46540577679,"GROSS_PROFIT_QOQ":64.704463374962,"ROA":-15.904628672861,"HOLDER_PROFIT_QOQ":43.609633018896,"ROE_YEARLY":22.46540577679,"ROIC_YEARLY":-15.931218385222,"TOTAL_ASSETS":34850768000,"TOTAL_LIABILITIES":72543319000,"TAX_EBT":0.161953367438,"OCF_SALES":-18.741288275623,"TOTAL_PARENT_EQUITY":-37644349000,"DEBT_ASSET_RATIO":208.1541474208,"OPERATE_PROFIT":-8962165000,"PRETAX_PROFIT":-10951918000,"NETCASH_OPERATE":-251161000,"NETCASH_INVEST":-499486000,"NETCASH_FINANCE":170050000,"END_CASH":128824000,"DIVI_RATIO":null,"DIVIDEND_RATE":null,"CURRENT_RATIO":0.33685803627,"COMMON_ACS":null,"CURRENTDEBT_DEBT":79.151750693954,"ISSUED_COMMON_SHARES":10843793000,"HK_COMMON_SHARES":10843793000,"PER_SHARES":500,"TOTAL_MARKET_CAP":2537447562,"HKSK_MARKET_CAP":2537447562,"PE_TTM":-0.090895183421,"PB_TTM":-0.039976212567,"REPORT_DATE_SQ":"2022-12-31 00:00:00","REPORT_TYPE_SQ":"2022年年报","OPERATE_INCOME_SQ":134011000,"DPS_HKD":null,"OPERATE_INCOME_QOQ_SQ":-82.538555353448,"NET_PROFIT_RATIO_SQ":-20642.864391729,"HOLDER_PROFIT_SQ":-27660362000,"HOLDER_PROFIT_QOQ_SQ":56.881534423627,"ROE_AVG_SQ":51.273845977032,"PE_TTM_SQ":-0.128487530307,"PB_TTM_SQ":-0.082187067426,"ROA_SQ":-21.37663338652,"START_DATE":"2023-01-01 00:00:00","FISCAL_YEAR":"12-31","CURRENCY":"HKD","IS_CNY_CODE":0,"DPS_HKD_LY":null,"ORG_TYPE":"一般企业","PREMIUM_INCOME":null,"PREMIUM_INCOME_YOY":null,"NET_INTEREST_INCOME":null,"NET_INTEREST_INCOME_YOY":null,"FEE_COMMISSION_INCOME":null,"FEE_COMMISSION_INCOME_YOY":null,"ACCOUNTS_RECE_TDAYS":0.115184926812,"INVENTORY_TDAYS":0.826854363503,"CURRENT_ASSETS_TDAYS":0.023895619414,"TOTAL_ASSETS_TDAYS":0.017860064431,"PREMIUM_EXPENSE":null,"LOAN_DEPOSIT":null,"LOAN_EQUITY":null,"LOAN_ASSETS":null,"DEPOSIT_EQUITY":null,"DEPOSIT_ASSETS":null,"EQUITY_MULTIPLIER":-0.924606243817,"EQUITY_RATIO":-1.927070620879},{"SECUCODE":"00708.HK","SECURITY_CODE":"00708","SECURITY_NAME_ABBR":"恒大汽车","ORG_CODE":"10104981","STD_REPORT_DATE":"2023-06-30 00:00:00","REPORT_DATE":"2023-06-30 00:00:00","DATE_TYPE_CODE":"002","REPORT_TYPE":"2023年中报","PER_NETCASH_OPERATE":0.050592444913,"PER_OI":0.014251378646,"BPS":-3.028877994997,"BASIC_EPS":-0.63308,"DILUTED_EPS":-0.63308,"OPERATE_INCOME":154539000,"OPERATE_INCOME_YOY":541.0810586576,"GROSS_PROFIT":-60876000,"GROSS_PROFIT_YOY":-531.36278780336,"HOLDER_PROFIT":-6864958000,"HOLDER_PROFIT_YOY":48.6224213574,"GROSS_PROFIT_RATIO":-39.391998136393,"EPS_TTM":-1.951673367428,"OPERATE_INCOME_QOQ":97.330069919633,"NET_PROFIT_RATIO":-4447.45209947,"ROE_AVG":13.534304694254,"GROSS_PROFIT_QOQ":-54.586716103049,"ROA":-8.685779057025,"HOLDER_PROFIT_QOQ":23.487834324077,"ROE_YEARLY":27.068609388508,"ROIC_YEARLY":-17.401430401261,"TOTAL_ASSETS":42852257000,"TOTAL_LIABILITIES":75692164000,"TAX_EBT":0.032077831656,"OCF_SALES":355.000355897217,"TOTAL_PARENT_EQUITY":-32844526000,"DEBT_ASSET_RATIO":176.6351863334,"OPERATE_PROFIT":-4813151000,"PRETAX_PROFIT":-5813984000,"NETCASH_OPERATE":548614000,"NETCASH_INVEST":-1216318000,"NETCASH_FINANCE":56027000,"END_CASH":96886000,"DIVI_RATIO":null,"DIVIDEND_RATE":null,"CURRENT_RATIO":0.38977533034,"COMMON_ACS":null,"CURRENTDEBT_DEBT":79.251157358904,"ISSUED_COMMON_SHARES":10843793000,"HK_COMMON_SHARES":10843793000,"PER_SHARES":500,"TOTAL_MARKET_CAP":2537447562,"HKSK_MARKET_CAP":2537447562,"PE_TTM":-0.090895183421,"PB_TTM":-0.039976212567,"REPORT_DATE_SQ":"2022-06-30 00:00:00","REPORT_TYPE_SQ":"2022年中报","OPERATE_INCOME_SQ":24106000,"DPS_HKD":null,"OPERATE_INCOME_QOQ_SQ":923.481716587096,"NET_PROFIT_RATIO_SQ":-885.1914748187,"HOLDER_PROFIT_SQ":-13361778000,"HOLDER_PROFIT_QOQ_SQ":-13.994161480485,"ROE_AVG_SQ":28.777480465604,"PE_TTM_SQ":-0.128487530307,"PB_TTM_SQ":-0.082187067426,"ROA_SQ":-9.73833106247,"START_DATE":"2023-01-01 00:00:00","FISCAL_YEAR":"12-31","CURRENCY":"HKD","IS_CNY_CODE":0,"DPS_HKD_LY":null,"ORG_TYPE":"一般企业","PREMIUM_INCOME":null,"PREMIUM_INCOME_YOY":null,"NET_INTEREST_INCOME":null,"NET_INTEREST_INCOME_YOY":null,"FEE_COMMISSION_INCOME":null,"FEE_COMMISSION_INCOME_YOY":null,"ACCOUNTS_RECE_TDAYS":0.012704855195,"INVENTORY_TDAYS":0.067926841516,"CURRENT_ASSETS_TDAYS":0.002659739893,"TOTAL_ASSETS_TDAYS":0.001955280148,"PREMIUM_EXPENSE":null,"LOAN_DEPOSIT":null,"LOAN_EQUITY":null,"LOAN_ASSETS":null,"DEPOSIT_EQUITY":null,"DEPOSIT_ASSETS":null,"EQUITY_MULTIPLIER":-1.304883628324,"EQUITY_RATIO":-2.304559487325},{"SECUCODE":"00708.HK","SECURITY_CODE":"00708","SECURITY_NAME_ABBR":"恒大汽车","ORG_CODE":"10104981","STD_REPORT_DATE":"2022-12-31 00:00:00","REPORT_DATE":"2022-12-31 00:00:00","DATE_TYPE_CODE":"001","REPORT_TYPE":"2022年年报","PER_NETCASH_OPERATE":-0.042887115237,"PER_OI":0.012358314107,"BPS":-6.326271075075,"BASIC_EPS":-2.5508,"DILUTED_EPS":-2.5508,"OPERATE_INCOME":134011000,"OPERATE_INCOME_YOY":78.7146934094,"GROSS_PROFIT":-93858000,"GROSS_PROFIT_YOY":45.060875673145,"HOLDER_PROFIT":-27660362000,"HOLDER_PROFIT_YOY":50.847466723,"GROSS_PROFIT_RATIO":-70.037534232265,"EPS_TTM":-2.550801366275,"OPERATE_INCOME_QOQ":-82.538555353448,"NET_PROFIT_RATIO":-20642.864391729,"ROE_AVG":51.273845977032,"GROSS_PROFIT_QOQ":-120.867906405912,"ROA":-21.37663338652,"HOLDER_PROFIT_QOQ":56.881534423627,"ROE_YEARLY":51.273845977032,"ROIC_YEARLY":-21.591496159242,"TOTAL_ASSETS":115221255000,"TOTAL_LIABILITIES":183872117000,"TAX_EBT":5.898687815529,"OCF_SALES":-347.030467648178,"TOTAL_PARENT_EQUITY":-68600774000,"DEBT_ASSET_RATIO":159.5817690061,"OPERATE_PROFIT":-12141468000,"PRETAX_PROFIT":-15783985000,"NETCASH_OPERATE":-465059000,"NETCASH_INVEST":-955836000,"NETCASH_FINANCE":-319121000,"END_CASH":219941000,"DIVI_RATIO":null,"DIVIDEND_RATE":null,"CURRENT_RATIO":0.551088947499,"COMMON_ACS":null,"CURRENTDEBT_DEBT":91.606414147067,"ISSUED_COMMON_SHARES":10843793000,"HK_COMMON_SHARES":10843793000,"PER_SHARES":500,"TOTAL_MARKET_CAP":2537447562,"HKSK_MARKET_CAP":2537447562,"PE_TTM":-0.090895183421,"PB_TTM":-0.039976212567,"REPORT_DATE_SQ":"2021-12-31 00:00:00","REPORT_TYPE_SQ":"2021年年报","OPERATE_INCOME_SQ":74986000,"DPS_HKD":null,"OPERATE_INCOME_QOQ_SQ":-99.581073220396,"NET_PROFIT_RATIO_SQ":-75139.8634411757,"HOLDER_PROFIT_SQ":-56274540000,"HOLDER_PROFIT_QOQ_SQ":-468.02662756983,"ROE_AVG_SQ":248.219525863969,"PE_TTM_SQ":-0.128487530307,"PB_TTM_SQ":-0.082187067426,"ROA_SQ":-38.329701704891,"START_DATE":"2022-01-01 00:00:00","FISCAL_YEAR":"12-31","CURRENCY":"HKD","IS_CNY_CODE":0,"DPS_HKD_LY":null,"ORG_TYPE":"一般企业","PREMIUM_INCOME":null,"PREMIUM_INCOME_YOY":null,"NET_INTEREST_INCOME":null,"NET_INTEREST_INCOME_YOY":null,"FEE_COMMISSION_INCOME":null,"FEE_COMMISSION_INCOME_YOY":null,"ACCOUNTS_RECE_TDAYS":0.011448506304,"INVENTORY_TDAYS":0.005482819975,"CURRENT_ASSETS_TDAYS":0.001322452482,"TOTAL_ASSETS_TDAYS":0.001035671195,"PREMIUM_EXPENSE":null,"LOAN_DEPOSIT":null,"LOAN_EQUITY":null,"LOAN_ASSETS":null,"DEPOSIT_EQUITY":null,"DEPOSIT_ASSETS":null,"EQUITY_MULTIPLIER":-1.67836574288,"EQUITY_RATIO":-2.680321318241},{"SECUCODE":"00708.HK","SECURITY_CODE":"00708","SECURITY_NAME_ABBR":"恒大汽车","ORG_CODE":"10104981","STD_REPORT_DATE":"2022-06-30 00:00:00","REPORT_DATE":"2022-06-30 00:00:00","DATE_TYPE_CODE":"002","REPORT_TYPE":"2022年中报","PER_NETCASH_OPERATE":0.172129991784,"PER_OI":0.002223022885,"BPS":-4.940230415686,"BASIC_EPS":-1.23221,"DILUTED_EPS":-1.23221,"OPERATE_INCOME":24106000,"OPERATE_INCOME_YOY":84.7227201043,"GROSS_PROFIT":-9642000,"GROSS_PROFIT_YOY":97.534254982892,"HOLDER_PROFIT":-13361778000,"HOLDER_PROFIT_YOY":-143.533514574,"GROSS_PROFIT_RATIO":15.205257800035,"EPS_TTM":-5.915798097584,"OPERATE_INCOME_QOQ":923.481716587096,"NET_PROFIT_RATIO":-885.1914748187,"ROE_AVG":28.777480465604,"GROSS_PROFIT_QOQ":363.270896745493,"ROA":-9.73833106247,"HOLDER_PROFIT_QOQ":-13.994161480485,"ROE_YEARLY":57.554960931208,"ROIC_YEARLY":-19.762297774597,"TOTAL_ASSETS":130846805000,"TOTAL_LIABILITIES":184466206000,"TAX_EBT":-0.320334463895,"OCF_SALES":123.625725494144,"TOTAL_PARENT_EQUITY":-53570836000,"DEBT_ASSET_RATIO":140.9787621486,"OPERATE_PROFIT":-1759966000,"PRETAX_PROFIT":-3860028000,"NETCASH_OPERATE":1866542000,"NETCASH_INVEST":-2499323000,"NETCASH_FINANCE":-89607000,"END_CASH":1609415000,"DIVI_RATIO":null,"DIVIDEND_RATE":null,"CURRENT_RATIO":0.580151996987,"COMMON_ACS":null,"CURRENTDEBT_DEBT":91.17590297271,"ISSUED_COMMON_SHARES":10843793000,"HK_COMMON_SHARES":10843793000,"PER_SHARES":500,"TOTAL_MARKET_CAP":2537447562,"HKSK_MARKET_CAP":2537447562,"PE_TTM":-0.090895183421,"PB_TTM":-0.039976212567,"REPORT_DATE_SQ":"2021-06-30 00:00:00","REPORT_TYPE_SQ":"2021年中报","OPERATE_INCOME_SQ":817351000,"DPS_HKD":null,"OPERATE_INCOME_QOQ_SQ":15.580689788769,"NET_PROFIT_RATIO_SQ":-69.6440281463,"HOLDER_PROFIT_SQ":-5486628000,"HOLDER_PROFIT_QOQ_SQ":-33.985995543729,"ROE_AVG_SQ":-190.349922140554,"PE_TTM_SQ":-0.128487530307,"PB_TTM_SQ":-0.082187067426,"ROA_SQ":-3.037804166726,"START_DATE":"2022-01-01 00:00:00","FISCAL_YEAR":"12-31","CURRENCY":"HKD","IS_CNY_CODE":0,"DPS_HKD_LY":null,"ORG_TYPE":"一般企业","PREMIUM_INCOME":null,"PREMIUM_INCOME_YOY":null,"NET_INTEREST_INCOME":null,"NET_INTEREST_INCOME_YOY":null,"FEE_COMMISSION_INCOME":null,"FEE_COMMISSION_INCOME_YOY":null,"ACCOUNTS_RECE_TDAYS":0.001317981774,"INVENTORY_TDAYS":0.016748792736,"CURRENT_ASSETS_TDAYS":0.014558166203,"TOTAL_ASSETS_TDAYS":0.011003964894,"PREMIUM_EXPENSE":null,"LOAN_DEPOSIT":null,"LOAN_EQUITY":null,"LOAN_ASSETS":null,"DEPOSIT_EQUITY":null,"DEPOSIT_ASSETS":null,"EQUITY_MULTIPLIER":-2.440288450817,"EQUITY_RATIO":-3.443407267342},{"SECUCODE":"00708.HK","SECURITY_CODE":"00708","SECURITY_NAME_ABBR":"恒大汽车","ORG_CODE":"10104981","STD_REPORT_DATE":"2021-12-31 00:00:00","REPORT_DATE":"2021-12-31 00:00:00","DATE_TYPE_CODE":"001","REPORT_TYPE":"2021年年报","PER_NETCASH_OPERATE":0.783913986554,"PER_OI":0.006915108025,"BPS":-3.623446242473,"BASIC_EPS":-5.85319,"DILUTED_EPS":-5.85319,"OPERATE_INCOME":74986000,"OPERATE_INCOME_YOY":-99.5158015384,"GROSS_PROFIT":-170840000,"GROSS_PROFIT_YOY":-106.122639142745,"HOLDER_PROFIT":-56274540000,"HOLDER_PROFIT_YOY":-661.0761319029,"GROSS_PROFIT_RATIO":-227.829194783026,"EPS_TTM":-5.189562360698,"OPERATE_INCOME_QOQ":-99.581073220396,"NET_PROFIT_RATIO":-75139.8634411757,"ROE_AVG":248.219525863969,"GROSS_PROFIT_QOQ":-110.170555040598,"ROA":-38.329701704891,"HOLDER_PROFIT_QOQ":-468.02662756983,"ROE_YEARLY":248.219525863969,"ROIC_YEARLY":-40.118685408545,"TOTAL_ASSETS":143569374000,"TOTAL_LIABILITIES":182908356000,"TAX_EBT":2.589829027951,"OCF_SALES":11336.2507668098,"TOTAL_PARENT_EQUITY":-39291901000,"DEBT_ASSET_RATIO":127.4006780861,"OPERATE_PROFIT":-24844989000,"PRETAX_PROFIT":-28015749000,"NETCASH_OPERATE":8500601000,"NETCASH_INVEST":-6231703000,"NETCASH_FINANCE":-10281219000,"END_CASH":2452523000,"DIVI_RATIO":null,"DIVIDEND_RATE":null,"CURRENT_RATIO":0.657377729673,"COMMON_ACS":null,"CURRENTDEBT_DEBT":91.355497175864,"ISSUED_COMMON_SHARES":10843793000,"HK_COMMON_SHARES":10843793000,"PER_SHARES":500,"TOTAL_MARKET_CAP":2537447562,"HKSK_MARKET_CAP":2537447562,"PE_TTM":-0.090895183421,"PB_TTM":-0.039976212567,"REPORT_DATE_SQ":"2020-12-31 00:00:00","REPORT_TYPE_SQ":"2020年年报","OPERATE_INCOME_SQ":15486625000,"DPS_HKD":null,"OPERATE_INCOME_QOQ_SQ":106.557791833467,"NET_PROFIT_RATIO_SQ":-49.4937211949,"HOLDER_PROFIT_SQ":-7394075000,"HOLDER_PROFIT_QOQ_SQ":-42.940421281397,"ROE_AVG_SQ":109.128843638579,"PE_TTM_SQ":-0.128487530307,"PB_TTM_SQ":-0.082187067426,"ROA_SQ":-6.073831012555,"START_DATE":"2021-01-01 00:00:00","FISCAL_YEAR":"12-31","CURRENCY":"HKD","IS_CNY_CODE":0,"DPS_HKD_LY":null,"ORG_TYPE":"一般企业","PREMIUM_INCOME":null,"PREMIUM_INCOME_YOY":null,"NET_INTEREST_INCOME":null,"NET_INTEREST_INCOME_YOY":null,"FEE_COMMISSION_INCOME":null,"FEE_COMMISSION_INCOME_YOY":null,"ACCOUNTS_RECE_TDAYS":0.005598713937,"INVENTORY_TDAYS":0.003472461893,"CURRENT_ASSETS_TDAYS":0.000703871724,"TOTAL_ASSETS_TDAYS":0.00051074447,"PREMIUM_EXPENSE":null,"LOAN_DEPOSIT":null,"LOAN_EQUITY":null,"LOAN_ASSETS":null,"DEPOSIT_EQUITY":null,"DEPOSIT_ASSETS":null,"EQUITY_MULTIPLIER":-3.649544718776,"EQUITY_RATIO":-4.655115974155},{"SECUCODE":"00708.HK","SECURITY_CODE":"00708","SECURITY_NAME_ABBR":"恒大汽车","ORG_CODE":"10104981","STD_REPORT_DATE":"2021-06-30 00:00:00","REPORT_DATE":"2021-06-30 00:00:00","DATE_TYPE_CODE":"002","REPORT_TYPE":"2021年中报","PER_NETCASH_OPERATE":0.284664708015,"PER_OI":0.083668143691,"BPS":1.021804086448,"BASIC_EPS":-0.5881,"DILUTED_EPS":-0.5881,"OPERATE_INCOME":817351000,"OPERATE_INCOME_YOY":53.4978109097,"GROSS_PROFIT":-391038000,"GROSS_PROFIT_YOY":-130.97706098244,"HOLDER_PROFIT":-5486628000,"HOLDER_PROFIT_YOY":-110.5104912296,"GROSS_PROFIT_RATIO":3.571663803847,"EPS_TTM":-1.014132718079,"OPERATE_INCOME_QOQ":15.580689788769,"NET_PROFIT_RATIO":-69.6440281463,"ROE_AVG":-190.349922140554,"GROSS_PROFIT_QOQ":-37.667483170509,"ROA":-3.037804166726,"HOLDER_PROFIT_QOQ":-33.985995543729,"ROE_YEARLY":-380.699844281108,"ROIC_YEARLY":-6.51513030364,"TOTAL_ASSETS":165090335000,"TOTAL_LIABILITIES":153014669000,"TAX_EBT":-2.183608763605,"OCF_SALES":40.167282851796,"TOTAL_PARENT_EQUITY":11080232000,"DEBT_ASSET_RATIO":92.6854191676,"OPERATE_PROFIT":-4672086000,"PRETAX_PROFIT":-5430231000,"NETCASH_OPERATE":2780879000,"NETCASH_INVEST":-4158630000,"NETCASH_FINANCE":549667000,"END_CASH":9577100000,"DIVI_RATIO":null,"DIVIDEND_RATE":null,"CURRENT_RATIO":0.895655027814,"COMMON_ACS":null,"CURRENTDEBT_DEBT":81.417070542433,"ISSUED_COMMON_SHARES":10843793000,"HK_COMMON_SHARES":10843793000,"PER_SHARES":500,"TOTAL_MARKET_CAP":2537447562,"HKSK_MARKET_CAP":2537447562,"PE_TTM":-0.090895183421,"PB_TTM":-0.039976212567,"REPORT_DATE_SQ":"2020-06-30 00:00:00","REPORT_TYPE_SQ":"2020年中报","OPERATE_INCOME_SQ":4510321000,"DPS_HKD":null,"OPERATE_INCOME_QOQ_SQ":33.0387633241,"NET_PROFIT_RATIO_SQ":-54.4730630037,"HOLDER_PROFIT_SQ":-2273947000,"HOLDER_PROFIT_QOQ_SQ":-16.865752872541,"ROE_AVG_SQ":30.385344996286,"PE_TTM_SQ":-0.128487530307,"PB_TTM_SQ":-0.082187067426,"ROA_SQ":-2.094847258538,"START_DATE":"2021-01-01 00:00:00","FISCAL_YEAR":"12-31","CURRENCY":"HKD","IS_CNY_CODE":0,"DPS_HKD_LY":null,"ORG_TYPE":"一般企业","PREMIUM_INCOME":null,"PREMIUM_INCOME_YOY":null,"NET_INTEREST_INCOME":null,"NET_INTEREST_INCOME_YOY":null,"FEE_COMMISSION_INCOME":null,"FEE_COMMISSION_INCOME_YOY":null,"ACCOUNTS_RECE_TDAYS":0.080013293928,"INVENTORY_TDAYS":0.105460972549,"CURRENT_ASSETS_TDAYS":0.064461559411,"TOTAL_ASSETS_TDAYS":0.043935475258,"PREMIUM_EXPENSE":null,"LOAN_DEPOSIT":null,"LOAN_EQUITY":null,"LOAN_ASSETS":null,"DEPOSIT_EQUITY":null,"DEPOSIT_ASSETS":null,"EQUITY_MULTIPLIER":13.671323386987,"EQUITY_RATIO":13.809699020743},{"SECUCODE":"00708.HK","SECURITY_CODE":"00708","SECURITY_NAME_ABBR":"恒大汽车","ORG_CODE":"10104981","STD_REPORT_DATE":"2020-12-31 00:00:00","REPORT_DATE":"2020-12-31 00:00:00","DATE_TYPE_CODE":"001","REPORT_TYPE":"2020年年报","PER_NETCASH_OPERATE":-0.222439086358,"PER_OI":1.756534279732,"BPS":-0.557983355086,"BASIC_EPS":-0.85103,"DILUTED_EPS":-0.85103,"OPERATE_INCOME":15486625000,"OPERATE_INCOME_YOY":174.8019318048,"GROSS_PROFIT":2790300000,"GROSS_PROFIT_YOY":47.860074759343,"HOLDER_PROFIT":-7394075000,"HOLDER_PROFIT_YOY":-67.0483994897,"GROSS_PROFIT_RATIO":17.400970192021,"EPS_TTM":-0.83865569189,"OPERATE_INCOME_QOQ":106.557791833467,"NET_PROFIT_RATIO":-49.4937211949,"ROE_AVG":109.128843638579,"GROSS_PROFIT_QOQ":6.160929266571,"ROA":-6.073831012555,"HOLDER_PROFIT_QOQ":-42.940421281397,"ROE_YEARLY":109.128843638579,"ROIC_YEARLY":-6.82355214187,"TOTAL_ASSETS":150064740000,"TOTAL_LIABILITIES":155903262000,"TAX_EBT":-3.646171880567,"OCF_SALES":-12.663520941458,"TOTAL_PARENT_EQUITY":-6050656000,"DEBT_ASSET_RATIO":103.8906687874,"OPERATE_PROFIT":-4613258000,"PRETAX_PROFIT":-7395263000,"NETCASH_OPERATE":-1961152000,"NETCASH_INVEST":-9114740000,"NETCASH_FINANCE":11537410000,"END_CASH":10476239000,"DIVI_RATIO":null,"DIVIDEND_RATE":null,"CURRENT_RATIO":1.091819427947,"COMMON_ACS":null,"CURRENTDEBT_DEBT":60.640686915197,"ISSUED_COMMON_SHARES":10843793000,"HK_COMMON_SHARES":10843793000,"PER_SHARES":500,"TOTAL_MARKET_CAP":2537447562,"HKSK_MARKET_CAP":2537447562,"PE_TTM":-0.090895183421,"PB_TTM":-0.039976212567,"REPORT_DATE_SQ":"2019-12-31 00:00:00","REPORT_TYPE_SQ":"2019年年报","OPERATE_INCOME_SQ":5635559000,"DPS_HKD":null,"OPERATE_INCOME_QOQ_SQ":21.456955269481,"NET_PROFIT_RATIO_SQ":-87.7903682669,"HOLDER_PROFIT_SQ":-4426307000,"HOLDER_PROFIT_QOQ_SQ":-40.246539230504,"ROE_AVG_SQ":108.449321466968,"PE_TTM_SQ":-0.128487530307,"PB_TTM_SQ":-0.082187067426,"ROA_SQ":-7.658529872917,"START_DATE":"2020-01-01 00:00:00","FISCAL_YEAR":"12-31","CURRENCY":"HKD","IS_CNY_CODE":0,"DPS_HKD_LY":null,"ORG_TYPE":"一般企业","PREMIUM_INCOME":null,"PREMIUM_INCOME_YOY":null,"NET_INTEREST_INCOME":null,"NET_INTEREST_INCOME_YOY":null,"FEE_COMMISSION_INCOME":null,"FEE_COMMISSION_INCOME_YOY":null,"ACCOUNTS_RECE_TDAYS":2.464512005816,"INVENTORY_TDAYS":0.280339012518,"CURRENT_ASSETS_TDAYS":0.193321508275,"TOTAL_ASSETS_TDAYS":0.127214213008,"PREMIUM_EXPENSE":null,"LOAN_DEPOSIT":null,"LOAN_EQUITY":null,"LOAN_ASSETS":null,"DEPOSIT_EQUITY":null,"DEPOSIT_ASSETS":null,"EQUITY_MULTIPLIER":-25.702521973562,"EQUITY_RATIO":-25.766340376977},{"SECUCODE":"00708.HK","SECURITY_CODE":"00708","SECURITY_NAME_ABBR":"恒大汽车","ORG_CODE":"10104981","STD_REPORT_DATE":"2020-06-30 00:00:00","REPORT_DATE":"2020-06-30 00:00:00","DATE_TYPE_CODE":"002","REPORT_TYPE":"2020年中报","PER_NETCASH_OPERATE":-0.834473032407,"PER_OI":0.522027893519,"BPS":-0.688592727655,"BASIC_EPS":-0.26319,"DILUTED_EPS":-0.26319,"OPERATE_INCOME":4510321000,"OPERATE_INCOME_YOY":70.3034886698,"GROSS_PROFIT":1262347000,"GROSS_PROFIT_YOY":106.590926572368,"HOLDER_PROFIT":-2273947000,"HOLDER_PROFIT_YOY":-48.8753235037,"GROSS_PROFIT_RATIO":27.987963606138,"EPS_TTM":-0.598707986111,"OPERATE_INCOME_QOQ":33.0387633241,"NET_PROFIT_RATIO":-54.4730630037,"ROE_AVG":30.385344996286,"GROSS_PROFIT_QOQ":34.513401889226,"ROA":-2.094847258538,"HOLDER_PROFIT_QOQ":-16.865752872541,"ROE_YEARLY":60.770689992573,"ROIC_YEARLY":-4.815269138102,"TOTAL_ASSETS":123690626000,"TOTAL_LIABILITIES":129388106000,"TAX_EBT":-9.365735621685,"OCF_SALES":-159.852192338417,"TOTAL_PARENT_EQUITY":-7466957000,"DEBT_ASSET_RATIO":104.6062342671,"OPERATE_PROFIT":-887437000,"PRETAX_PROFIT":-2246508000,"NETCASH_OPERATE":-7209847000,"NETCASH_INVEST":-4104511000,"NETCASH_FINANCE":11776451000,"END_CASH":10372252000,"DIVI_RATIO":null,"DIVIDEND_RATE":null,"CURRENT_RATIO":1.179374866197,"COMMON_ACS":null,"CURRENTDEBT_DEBT":53.570532209506,"ISSUED_COMMON_SHARES":10843793000,"HK_COMMON_SHARES":10843793000,"PER_SHARES":500,"TOTAL_MARKET_CAP":2537447562,"HKSK_MARKET_CAP":2537447562,"PE_TTM":-0.090895183421,"PB_TTM":-0.039976212567,"REPORT_DATE_SQ":"2019-06-30 00:00:00","REPORT_TYPE_SQ":"2019年中报","OPERATE_INCOME_SQ":2648402000,"DPS_HKD":null,"OPERATE_INCOME_QOQ_SQ":48.098861864183,"NET_PROFIT_RATIO_SQ":-74.9201971604,"HOLDER_PROFIT_SQ":-1527417000,"HOLDER_PROFIT_QOQ_SQ":-120.801171975841,"ROE_AVG_SQ":72.816564272989,"PE_TTM_SQ":-0.128487530307,"PB_TTM_SQ":-0.082187067426,"ROA_SQ":-3.319960032247,"START_DATE":"2020-01-01 00:00:00","FISCAL_YEAR":"12-31","CURRENCY":"HKD","IS_CNY_CODE":0,"DPS_HKD_LY":null,"ORG_TYPE":"一般企业","PREMIUM_INCOME":null,"PREMIUM_INCOME_YOY":null,"NET_INTEREST_INCOME":null,"NET_INTEREST_INCOME_YOY":null,"FEE_COMMISSION_INCOME":null,"FEE_COMMISSION_INCOME_YOY":null,"ACCOUNTS_RECE_TDAYS":0.91587318638,"INVENTORY_TDAYS":0.085030345447,"CURRENT_ASSETS_TDAYS":0.065017459297,"TOTAL_ASSETS_TDAYS":0.041550808273,"PREMIUM_EXPENSE":null,"LOAN_DEPOSIT":null,"LOAN_EQUITY":null,"LOAN_ASSETS":null,"DEPOSIT_EQUITY":null,"DEPOSIT_ASSETS":null,"EQUITY_MULTIPLIER":-21.709707800632,"EQUITY_RATIO":-17.328090412199}],"count":37},"success":true,"message":"ok","code":0}