{"version":"fe673aaec723ecad998ca759e7668ec4","result":{"pages":6,"data":[{"SECUCODE":"00702.HK","SECURITY_CODE":"00702","SECURITY_NAME_ABBR":"中国油气控股","ORG_CODE":"10009068","STD_REPORT_DATE":"2024-06-30 00:00:00","REPORT_DATE":"2024-06-30 00:00:00","DATE_TYPE_CODE":"002","REPORT_TYPE":"2024年中报","PER_NETCASH_OPERATE":0.040736469799,"PER_OI":0.055018787419,"BPS":-0.086402674459,"BASIC_EPS":-0.012960056,"DILUTED_EPS":-0.012960056,"OPERATE_INCOME":184062000.96,"OPERATE_INCOME_YOY":27.5847889213,"GROSS_PROFIT":74014697.28,"GROSS_PROFIT_YOY":8.841175381823,"HOLDER_PROFIT":-43244603.76,"HOLDER_PROFIT_YOY":43.219729652,"GROSS_PROFIT_RATIO":40.211829108652,"EPS_TTM":-0.284371225366,"OPERATE_INCOME_QOQ":11.424711914325,"NET_PROFIT_RATIO":-23.6230116228,"ROE_AVG":19.165033581886,"GROSS_PROFIT_QOQ":3.641668498681,"ROA":-1.295708331903,"HOLDER_PROFIT_QOQ":3.420450349237,"ROE_YEARLY":38.330067163772,"ROIC_YEARLY":-2.647912991396,"TOTAL_ASSETS":3269145832.92,"TOTAL_LIABILITIES":3551067208.84,"TAX_EBT":3.009018913251,"OCF_SALES":74.041017097069,"TOTAL_PARENT_EQUITY":-289054882.8,"DEBT_ASSET_RATIO":108.6237014293,"OPERATE_PROFIT":71541334.48,"PRETAX_PROFIT":-44829928.92,"NETCASH_OPERATE":136281377.6,"NETCASH_INVEST":-68394413.84,"NETCASH_FINANCE":-73649625.28,"END_CASH":52309341.52,"DIVI_RATIO":null,"DIVIDEND_RATE":null,"CURRENT_RATIO":0.051324058187,"COMMON_ACS":10000000000,"CURRENTDEBT_DEBT":86.897185755265,"ISSUED_COMMON_SHARES":3345439069,"HK_COMMON_SHARES":3345439069,"PER_SHARES":10000,"TOTAL_MARKET_CAP":137163001.829,"HKSK_MARKET_CAP":137163001.829,"PE_TTM":-0.130518314441,"PB_TTM":-0.433087057021,"REPORT_DATE_SQ":"2023-06-30 00:00:00","REPORT_TYPE_SQ":"2023年中报","OPERATE_INCOME_SQ":145736456.62,"DPS_HKD":null,"OPERATE_INCOME_QOQ_SQ":-15.490341801857,"NET_PROFIT_RATIO_SQ":-53.0369648698,"HOLDER_PROFIT_SQ":-76937387.04,"HOLDER_PROFIT_QOQ_SQ":0.673332726564,"ROE_AVG_SQ":-9.198721958796,"PE_TTM_SQ":-0.75389340671,"PB_TTM_SQ":0.509039210192,"ROA_SQ":-1.836964350811,"START_DATE":"2024-01-01 00:00:00","FISCAL_YEAR":"12-31","CURRENCY":"HKD","IS_CNY_CODE":0,"DPS_HKD_LY":null,"ORG_TYPE":"一般企业","PREMIUM_INCOME":null,"PREMIUM_INCOME_YOY":null,"NET_INTEREST_INCOME":null,"NET_INTEREST_INCOME_YOY":null,"FEE_COMMISSION_INCOME":null,"FEE_COMMISSION_INCOME_YOY":null,"ACCOUNTS_RECE_TDAYS":2.160547657564,"INVENTORY_TDAYS":9.949746255725,"CURRENT_ASSETS_TDAYS":1.096690167844,"TOTAL_ASSETS_TDAYS":0.055149231926,"PREMIUM_EXPENSE":null,"LOAN_DEPOSIT":null,"LOAN_EQUITY":null,"LOAN_ASSETS":null,"DEPOSIT_EQUITY":null,"DEPOSIT_ASSETS":null,"EQUITY_MULTIPLIER":-11.595948772094,"EQUITY_RATIO":-12.285096776231},{"SECUCODE":"00702.HK","SECURITY_CODE":"00702","SECURITY_NAME_ABBR":"中国油气控股","ORG_CODE":"10009068","STD_REPORT_DATE":"2023-12-31 00:00:00","REPORT_DATE":"2023-12-31 00:00:00","DATE_TYPE_CODE":"001","REPORT_TYPE":"2023年年报","PER_NETCASH_OPERATE":0.06325100103,"PER_OI":0.10027437177,"BPS":-0.048150129277,"BASIC_EPS":-0.294430878,"DILUTED_EPS":-0.294430878,"OPERATE_INCOME":335461800.94,"OPERATE_INCOME_YOY":-31.8374825072,"GROSS_PROFIT":165095159.6,"GROSS_PROFIT_YOY":10.122036469159,"HOLDER_PROFIT":-985039390.72,"HOLDER_PROFIT_YOY":-96.9948113284,"GROSS_PROFIT_RATIO":49.214294783306,"EPS_TTM":-0.294442484351,"OPERATE_INCOME_QOQ":-18.174216781747,"NET_PROFIT_RATIO":-294.303265735,"ROE_AVG":-260.417779715714,"GROSS_PROFIT_QOQ":0.574726342281,"ROA":-25.964443930612,"HOLDER_PROFIT_QOQ":-101.205485891564,"ROE_YEARLY":-260.417779715714,"ROIC_YEARLY":-26.532823071714,"TOTAL_ASSETS":3381799172.08,"TOTAL_LIABILITIES":3535272060.18,"TAX_EBT":-4.176057664632,"OCF_SALES":63.077932988814,"TOTAL_PARENT_EQUITY":-161083323.66,"DEBT_ASSET_RATIO":104.5382023086,"OPERATE_PROFIT":-702672113.36,"PRETAX_PROFIT":-947698595.62,"NETCASH_OPERATE":211602370,"NETCASH_INVEST":-128507433.32,"NETCASH_FINANCE":-65132750.06,"END_CASH":73706497.48,"DIVI_RATIO":null,"DIVIDEND_RATE":null,"CURRENT_RATIO":0.061868278303,"COMMON_ACS":10000000000,"CURRENTDEBT_DEBT":80.485419696246,"ISSUED_COMMON_SHARES":3345439069,"HK_COMMON_SHARES":3345439069,"PER_SHARES":10000,"TOTAL_MARKET_CAP":163926514.381,"HKSK_MARKET_CAP":163926514.381,"PE_TTM":-0.155985302624,"PB_TTM":-0.517591848634,"REPORT_DATE_SQ":"2022-12-31 00:00:00","REPORT_TYPE_SQ":"2022年年报","OPERATE_INCOME_SQ":485117071.6,"DPS_HKD":null,"OPERATE_INCOME_QOQ_SQ":11.115690286164,"NET_PROFIT_RATIO_SQ":-101.8597628342,"HOLDER_PROFIT_SQ":-492887627.33,"HOLDER_PROFIT_QOQ_SQ":9.146302665913,"ROE_AVG_SQ":-37.75140050848,"PE_TTM_SQ":-0.75389340671,"PB_TTM_SQ":0.509039210192,"ROA_SQ":-11.246107125387,"START_DATE":"2023-01-01 00:00:00","FISCAL_YEAR":"12-31","CURRENCY":"HKD","IS_CNY_CODE":0,"DPS_HKD_LY":null,"ORG_TYPE":"一般企业","PREMIUM_INCOME":null,"PREMIUM_INCOME_YOY":null,"NET_INTEREST_INCOME":null,"NET_INTEREST_INCOME_YOY":null,"FEE_COMMISSION_INCOME":null,"FEE_COMMISSION_INCOME_YOY":null,"ACCOUNTS_RECE_TDAYS":4.170726486097,"INVENTORY_TDAYS":13.626426992353,"CURRENT_ASSETS_TDAYS":1.896330561916,"TOTAL_ASSETS_TDAYS":0.088423663088,"PREMIUM_EXPENSE":null,"LOAN_DEPOSIT":null,"LOAN_EQUITY":null,"LOAN_ASSETS":null,"DEPOSIT_EQUITY":null,"DEPOSIT_ASSETS":null,"EQUITY_MULTIPLIER":-22.035156918963,"EQUITY_RATIO":-21.946853217667},{"SECUCODE":"00702.HK","SECURITY_CODE":"00702","SECURITY_NAME_ABBR":"中国油气控股","ORG_CODE":"10009068","STD_REPORT_DATE":"2023-06-30 00:00:00","REPORT_DATE":"2023-06-30 00:00:00","DATE_TYPE_CODE":"002","REPORT_TYPE":"2023年中报","PER_NETCASH_OPERATE":0.012152829934,"PER_OI":0.04356272932,"BPS":0.220968361077,"BASIC_EPS":-0.022957302,"DILUTED_EPS":-0.022957302,"OPERATE_INCOME":145736456.62,"OPERATE_INCOME_YOY":-38.8005497803,"GROSS_PROFIT":68002478.86,"GROSS_PROFIT_YOY":26.467002453231,"HOLDER_PROFIT":-76937387.04,"HOLDER_PROFIT_YOY":11.0798542293,"GROSS_PROFIT_RATIO":46.661268180352,"EPS_TTM":-0.146339193013,"OPERATE_INCOME_QOQ":-15.490341801857,"NET_PROFIT_RATIO":-53.0369648698,"ROE_AVG":-9.198721958796,"GROSS_PROFIT_QOQ":9.492752776066,"ROA":-1.836964350811,"HOLDER_PROFIT_QOQ":0.673332726564,"ROE_YEARLY":-18.397443917592,"ROIC_YEARLY":-3.742439541559,"TOTAL_ASSETS":4097633160.32,"TOTAL_LIABILITIES":3348650721.58,"TAX_EBT":2.806761268781,"OCF_SALES":27.897310668126,"TOTAL_PARENT_EQUITY":739236188.16,"DEBT_ASSET_RATIO":81.7215839135,"OPERATE_PROFIT":44661633.18,"PRETAX_PROFIT":-79526306.88,"NETCASH_OPERATE":40656552.06,"NETCASH_INVEST":-34571484.06,"NETCASH_FINANCE":-53256330.74,"END_CASH":61065501.34,"DIVI_RATIO":null,"DIVIDEND_RATE":null,"CURRENT_RATIO":0.049763536805,"COMMON_ACS":10000000000,"CURRENTDEBT_DEBT":79.671483176997,"ISSUED_COMMON_SHARES":3345439069,"HK_COMMON_SHARES":3345439069,"PER_SHARES":10000,"TOTAL_MARKET_CAP":163926514.381,"HKSK_MARKET_CAP":163926514.381,"PE_TTM":-0.155985302624,"PB_TTM":-0.517591848634,"REPORT_DATE_SQ":"2022-06-30 00:00:00","REPORT_TYPE_SQ":"2022年中报","OPERATE_INCOME_SQ":220882749.15,"DPS_HKD":null,"OPERATE_INCOME_QOQ_SQ":35.448439815565,"NET_PROFIT_RATIO_SQ":-36.9243277775,"HOLDER_PROFIT_SQ":-80256160.74,"HOLDER_PROFIT_QOQ_SQ":15.866150805398,"ROE_AVG_SQ":-5.189826621434,"PE_TTM_SQ":-0.75389340671,"PB_TTM_SQ":0.509039210192,"ROA_SQ":-1.849346429668,"START_DATE":"2023-01-01 00:00:00","FISCAL_YEAR":"12-31","CURRENCY":"HKD","IS_CNY_CODE":0,"DPS_HKD_LY":null,"ORG_TYPE":"一般企业","PREMIUM_INCOME":null,"PREMIUM_INCOME_YOY":null,"NET_INTEREST_INCOME":null,"NET_INTEREST_INCOME_YOY":null,"FEE_COMMISSION_INCOME":null,"FEE_COMMISSION_INCOME_YOY":null,"ACCOUNTS_RECE_TDAYS":null,"INVENTORY_TDAYS":5.174737617382,"CURRENT_ASSETS_TDAYS":0.929385756031,"TOTAL_ASSETS_TDAYS":0.03479617462,"PREMIUM_EXPENSE":null,"LOAN_DEPOSIT":null,"LOAN_EQUITY":null,"LOAN_ASSETS":null,"DEPOSIT_EQUITY":null,"DEPOSIT_ASSETS":null,"EQUITY_MULTIPLIER":5.470933560477,"EQUITY_RATIO":4.529879320322},{"SECUCODE":"00702.HK","SECURITY_CODE":"00702","SECURITY_NAME_ABBR":"中国油气控股","ORG_CODE":"10009068","STD_REPORT_DATE":"2022-12-31 00:00:00","REPORT_DATE":"2022-12-31 00:00:00","DATE_TYPE_CODE":"001","REPORT_TYPE":"2022年年报","PER_NETCASH_OPERATE":0.064850099944,"PER_OI":0.145008491141,"BPS":0.270361480223,"BASIC_EPS":-0.147300223,"DILUTED_EPS":-0.147300223,"OPERATE_INCOME":485117071.6,"OPERATE_INCOME_YOY":37.7550502745,"GROSS_PROFIT":149920183.91,"GROSS_PROFIT_YOY":198.238820581655,"HOLDER_PROFIT":-492887627.33,"HOLDER_PROFIT_YOY":30.0365046338,"GROSS_PROFIT_RATIO":30.903918391397,"EPS_TTM":-0.147331222349,"OPERATE_INCOME_QOQ":11.115690286164,"NET_PROFIT_RATIO":-101.8597628342,"ROE_AVG":-37.75140050848,"GROSS_PROFIT_QOQ":112.851367335545,"ROA":-11.246107125387,"HOLDER_PROFIT_QOQ":9.146302665913,"ROE_YEARLY":-37.75140050848,"ROIC_YEARLY":-11.381636377738,"TOTAL_ASSETS":4145701800.8,"TOTAL_LIABILITIES":3231260408.53,"TAX_EBT":-9.222011834787,"OCF_SALES":44.721587979672,"TOTAL_PARENT_EQUITY":904477858.69,"DEBT_ASSET_RATIO":77.9424223881,"OPERATE_PROFIT":-230552987,"PRETAX_PROFIT":-452417136.71,"NETCASH_OPERATE":216952057.98,"NETCASH_INVEST":-123581224.69,"NETCASH_FINANCE":1737410.15,"END_CASH":70000210.28,"DIVI_RATIO":null,"DIVIDEND_RATE":null,"CURRENT_RATIO":0.069164015164,"COMMON_ACS":10000000000,"CURRENTDEBT_DEBT":78.403710572882,"ISSUED_COMMON_SHARES":3345439069,"HK_COMMON_SHARES":3345439069,"PER_SHARES":10000,"TOTAL_MARKET_CAP":163926514.381,"HKSK_MARKET_CAP":163926514.381,"PE_TTM":-0.155985302624,"PB_TTM":-0.517591848634,"REPORT_DATE_SQ":"2021-12-31 00:00:00","REPORT_TYPE_SQ":"2021年年报","OPERATE_INCOME_SQ":322327353.6,"DPS_HKD":null,"OPERATE_INCOME_QOQ_SQ":18.557371257349,"NET_PROFIT_RATIO_SQ":-199.4300368307,"HOLDER_PROFIT_SQ":-644814139.2,"HOLDER_PROFIT_QOQ_SQ":-133.801085664516,"ROE_AVG_SQ":-34.398936628419,"PE_TTM_SQ":-0.75389340671,"PB_TTM_SQ":0.509039210192,"ROA_SQ":-14.601040018188,"START_DATE":"2022-01-01 00:00:00","FISCAL_YEAR":"12-31","CURRENCY":"HKD","IS_CNY_CODE":0,"DPS_HKD_LY":null,"ORG_TYPE":"一般企业","PREMIUM_INCOME":null,"PREMIUM_INCOME_YOY":null,"NET_INTEREST_INCOME":null,"NET_INTEREST_INCOME_YOY":null,"FEE_COMMISSION_INCOME":null,"FEE_COMMISSION_INCOME_YOY":null,"ACCOUNTS_RECE_TDAYS":6.209822194271,"INVENTORY_TDAYS":27.577496876608,"CURRENT_ASSETS_TDAYS":3.120710014969,"TOTAL_ASSETS_TDAYS":0.110688080874,"PREMIUM_EXPENSE":null,"LOAN_DEPOSIT":null,"LOAN_EQUITY":null,"LOAN_ASSETS":null,"DEPOSIT_EQUITY":null,"DEPOSIT_ASSETS":null,"EQUITY_MULTIPLIER":4.533589397688,"EQUITY_RATIO":3.572514658579},{"SECUCODE":"00702.HK","SECURITY_CODE":"00702","SECURITY_NAME_ABBR":"中国油气控股","ORG_CODE":"10009068","STD_REPORT_DATE":"2022-06-30 00:00:00","REPORT_DATE":"2022-06-30 00:00:00","DATE_TYPE_CODE":"002","REPORT_TYPE":"2022年中报","PER_NETCASH_OPERATE":0.013889837143,"PER_OI":0.06602504024,"BPS":0.436066651734,"BASIC_EPS":-0.024030839,"DILUTED_EPS":-0.024030839,"OPERATE_INCOME":220882749.15,"OPERATE_INCOME_YOY":101.564694865,"GROSS_PROFIT":53770926.44,"GROSS_PROFIT_YOY":60.007684831069,"HOLDER_PROFIT":-80256160.74,"HOLDER_PROFIT_YOY":57.2272408229,"GROSS_PROFIT_RATIO":24.343651392841,"EPS_TTM":-0.16216315535,"OPERATE_INCOME_QOQ":35.448439815565,"NET_PROFIT_RATIO":-36.9243277775,"ROE_AVG":-5.189826621434,"GROSS_PROFIT_QOQ":40.115999401359,"ROA":-1.849346429668,"HOLDER_PROFIT_QOQ":15.866150805398,"ROE_YEARLY":-10.379653242867,"ROIC_YEARLY":-3.730514955242,"TOTAL_ASSETS":4256570539.41,"TOTAL_LIABILITIES":2787791976.69,"TAX_EBT":-0.880069390087,"OCF_SALES":21.037226319763,"TOTAL_PARENT_EQUITY":1458834413.4,"DEBT_ASSET_RATIO":65.4938512326,"OPERATE_PROFIT":32796536.5,"PRETAX_PROFIT":-80847952.22,"NETCASH_OPERATE":46467603.84,"NETCASH_INVEST":-73064012.84,"NETCASH_FINANCE":28248636.08,"END_CASH":40720727.04,"DIVI_RATIO":null,"DIVIDEND_RATE":null,"CURRENT_RATIO":0.085578140894,"COMMON_ACS":10000000000,"CURRENTDEBT_DEBT":75.302184056879,"ISSUED_COMMON_SHARES":3345439069,"HK_COMMON_SHARES":3345439069,"PER_SHARES":10000,"TOTAL_MARKET_CAP":163926514.381,"HKSK_MARKET_CAP":163926514.381,"PE_TTM":-0.155985302624,"PB_TTM":-0.517591848634,"REPORT_DATE_SQ":"2021-06-30 00:00:00","REPORT_TYPE_SQ":"2021年中报","OPERATE_INCOME_SQ":106622731.2,"DPS_HKD":null,"OPERATE_INCOME_QOQ_SQ":-0.719628977032,"NET_PROFIT_RATIO_SQ":-171.0511940066,"HOLDER_PROFIT_SQ":-182563344.48,"HOLDER_PROFIT_QOQ_SQ":-77.978593690783,"ROE_AVG_SQ":-8.51157925241,"PE_TTM_SQ":-0.75389340671,"PB_TTM_SQ":0.509039210192,"ROA_SQ":-3.93781509287,"START_DATE":"2022-01-01 00:00:00","FISCAL_YEAR":"12-31","CURRENCY":"HKD","IS_CNY_CODE":0,"DPS_HKD_LY":null,"ORG_TYPE":"一般企业","PREMIUM_INCOME":null,"PREMIUM_INCOME_YOY":null,"NET_INTEREST_INCOME":null,"NET_INTEREST_INCOME_YOY":null,"FEE_COMMISSION_INCOME":null,"FEE_COMMISSION_INCOME_YOY":null,"ACCOUNTS_RECE_TDAYS":null,"INVENTORY_TDAYS":8.863493071463,"CURRENT_ASSETS_TDAYS":1.427134817647,"TOTAL_ASSETS_TDAYS":0.050898114207,"PREMIUM_EXPENSE":null,"LOAN_DEPOSIT":null,"LOAN_EQUITY":null,"LOAN_ASSETS":null,"DEPOSIT_EQUITY":null,"DEPOSIT_ASSETS":null,"EQUITY_MULTIPLIER":2.898034222077,"EQUITY_RATIO":1.910972178256},{"SECUCODE":"00702.HK","SECURITY_CODE":"00702","SECURITY_NAME_ABBR":"中国油气控股","ORG_CODE":"10009068","STD_REPORT_DATE":"2021-12-31 00:00:00","REPORT_DATE":"2021-12-31 00:00:00","DATE_TYPE_CODE":"001","REPORT_TYPE":"2021年年报","PER_NETCASH_OPERATE":0.043482057631,"PER_OI":0.096348295979,"BPS":0.466955004405,"BASIC_EPS":-0.19270832,"DILUTED_EPS":-0.19270832,"OPERATE_INCOME":322327353.6,"OPERATE_INCOME_YOY":21.1650700278,"GROSS_PROFIT":50268500.8,"GROSS_PROFIT_YOY":51.050412941476,"HOLDER_PROFIT":-644814139.2,"HOLDER_PROFIT_YOY":-328.3509942048,"GROSS_PROFIT_RATIO":15.595480879473,"EPS_TTM":-0.192744248483,"OPERATE_INCOME_QOQ":18.557371257349,"NET_PROFIT_RATIO":-199.4300368307,"ROE_AVG":-34.398936628419,"GROSS_PROFIT_QOQ":7.238098013425,"ROA":-14.601040018188,"HOLDER_PROFIT_QOQ":-133.801085664516,"ROE_YEARLY":-34.398936628419,"ROIC_YEARLY":-14.735969040278,"TOTAL_ASSETS":4228430976,"TOTAL_LIABILITIES":2655199332.8,"TAX_EBT":0.090985219985,"OCF_SALES":45.130074371696,"TOTAL_PARENT_EQUITY":1562169515.2,"DEBT_ASSET_RATIO":62.7939618234,"OPERATE_PROFIT":-445145590.4,"PRETAX_PROFIT":-643402961.6,"NETCASH_OPERATE":145466574.4,"NETCASH_INVEST":-89759398.4,"NETCASH_FINANCE":-77171628.8,"END_CASH":11282880,"DIVI_RATIO":null,"DIVIDEND_RATE":null,"CURRENT_RATIO":0.062548643821,"COMMON_ACS":10000000000,"CURRENTDEBT_DEBT":74.775253860368,"ISSUED_COMMON_SHARES":3345439069,"HK_COMMON_SHARES":3345439069,"PER_SHARES":10000,"TOTAL_MARKET_CAP":163926514.381,"HKSK_MARKET_CAP":163926514.381,"PE_TTM":-0.155985302624,"PB_TTM":-0.517591848634,"REPORT_DATE_SQ":"2020-12-31 00:00:00","REPORT_TYPE_SQ":"2020年年报","OPERATE_INCOME_SQ":273845248.44,"DPS_HKD":null,"OPERATE_INCOME_QOQ_SQ":-30.972347801298,"NET_PROFIT_RATIO_SQ":-56.2062998854,"HOLDER_PROFIT_SQ":-154960231.88,"HOLDER_PROFIT_QOQ_SQ":25.322808260863,"ROE_AVG_SQ":-6.930911665763,"PE_TTM_SQ":-0.75389340671,"PB_TTM_SQ":0.509039210192,"ROA_SQ":-3.471387267162,"START_DATE":"2021-01-01 00:00:00","FISCAL_YEAR":"12-31","CURRENCY":"HKD","IS_CNY_CODE":0,"DPS_HKD_LY":null,"ORG_TYPE":"一般企业","PREMIUM_INCOME":null,"PREMIUM_INCOME_YOY":null,"NET_INTEREST_INCOME":null,"NET_INTEREST_INCOME_YOY":null,"FEE_COMMISSION_INCOME":null,"FEE_COMMISSION_INCOME_YOY":null,"ACCOUNTS_RECE_TDAYS":null,"INVENTORY_TDAYS":28.194628029148,"CURRENT_ASSETS_TDAYS":0.927198514548,"TOTAL_ASSETS_TDAYS":0.072987149362,"PREMIUM_EXPENSE":null,"LOAN_DEPOSIT":null,"LOAN_EQUITY":null,"LOAN_ASSETS":null,"DEPOSIT_EQUITY":null,"DEPOSIT_ASSETS":null,"EQUITY_MULTIPLIER":2.687735778944,"EQUITY_RATIO":1.699687074267},{"SECUCODE":"00702.HK","SECURITY_CODE":"00702","SECURITY_NAME_ABBR":"中国油气控股","ORG_CODE":"10009068","STD_REPORT_DATE":"2021-06-30 00:00:00","REPORT_DATE":"2021-06-30 00:00:00","DATE_TYPE_CODE":"002","REPORT_TYPE":"2021年中报","PER_NETCASH_OPERATE":0.014512605048,"PER_OI":0.031871072526,"BPS":0.617009687538,"BASIC_EPS":-0.054584448,"DILUTED_EPS":-0.054584448,"OPERATE_INCOME":106622731.2,"OPERATE_INCOME_YOY":7.785740722,"GROSS_PROFIT":33605214.96,"GROSS_PROFIT_YOY":67.951309595021,"HOLDER_PROFIT":-182563344.48,"HOLDER_PROFIT_YOY":-224.6755552925,"GROSS_PROFIT_RATIO":31.517871078508,"EPS_TTM":-0.082439415512,"OPERATE_INCOME_QOQ":-0.719628977032,"NET_PROFIT_RATIO":-171.0511940066,"ROE_AVG":-8.51157925241,"GROSS_PROFIT_QOQ":40.855177161541,"ROA":-3.93781509287,"HOLDER_PROFIT_QOQ":-77.978593690783,"ROE_YEARLY":-17.023158504819,"ROIC_YEARLY":-7.984151492402,"TOTAL_ASSETS":4586767776.96,"TOTAL_LIABILITIES":2513444086.08,"TAX_EBT":0.374530132858,"OCF_SALES":45.535351958795,"TOTAL_PARENT_EQUITY":2064168314.64,"DEBT_ASSET_RATIO":54.7977183128,"OPERATE_PROFIT":-82117975.2,"PRETAX_PROFIT":-183065088.72,"NETCASH_OPERATE":48551035.92,"NETCASH_INVEST":-3555477.84,"NETCASH_FINANCE":-31676453.52,"END_CASH":57309510,"DIVI_RATIO":null,"DIVIDEND_RATE":null,"CURRENT_RATIO":0.26723325911,"COMMON_ACS":10000000000,"CURRENTDEBT_DEBT":72.716272781324,"ISSUED_COMMON_SHARES":3345439069,"HK_COMMON_SHARES":3345439069,"PER_SHARES":10000,"TOTAL_MARKET_CAP":163926514.381,"HKSK_MARKET_CAP":163926514.381,"PE_TTM":-0.155985302624,"PB_TTM":-0.517591848634,"REPORT_DATE_SQ":"2020-06-30 00:00:00","REPORT_TYPE_SQ":"2020年中报","OPERATE_INCOME_SQ":108593400.96,"DPS_HKD":null,"OPERATE_INCOME_QOQ_SQ":-7.078983795747,"NET_PROFIT_RATIO_SQ":-56.418020928,"HOLDER_PROFIT_SQ":-61727534.88,"HOLDER_PROFIT_QOQ_SQ":-0.301907081737,"ROE_AVG_SQ":-2.625533808745,"PE_TTM_SQ":-0.75389340671,"PB_TTM_SQ":0.509039210192,"ROA_SQ":-1.355652099513,"START_DATE":"2021-01-01 00:00:00","FISCAL_YEAR":"12-31","CURRENCY":"HKD","IS_CNY_CODE":0,"DPS_HKD_LY":null,"ORG_TYPE":"一般企业","PREMIUM_INCOME":null,"PREMIUM_INCOME_YOY":null,"NET_INTEREST_INCOME":null,"NET_INTEREST_INCOME_YOY":null,"FEE_COMMISSION_INCOME":null,"FEE_COMMISSION_INCOME_YOY":null,"ACCOUNTS_RECE_TDAYS":null,"INVENTORY_TDAYS":3.862622972467,"CURRENT_ASSETS_TDAYS":0.199366148207,"TOTAL_ASSETS_TDAYS":0.02299807781,"PREMIUM_EXPENSE":null,"LOAN_DEPOSIT":null,"LOAN_EQUITY":null,"LOAN_ASSETS":null,"DEPOSIT_EQUITY":null,"DEPOSIT_ASSETS":null,"EQUITY_MULTIPLIER":2.212277705183,"EQUITY_RATIO":1.21765462063},{"SECUCODE":"00702.HK","SECURITY_CODE":"00702","SECURITY_NAME_ABBR":"中国油气控股","ORG_CODE":"10009068","STD_REPORT_DATE":"2020-12-31 00:00:00","REPORT_DATE":"2020-12-31 00:00:00","DATE_TYPE_CODE":"001","REPORT_TYPE":"2020年年报","PER_NETCASH_OPERATE":0.019838209823,"PER_OI":0.08185629533,"BPS":0.672906139938,"BASIC_EPS":-0.0462902,"DILUTED_EPS":-0.0462902,"OPERATE_INCOME":273845248.44,"OPERATE_INCOME_YOY":-31.7328068416,"GROSS_PROFIT":33279287.24,"GROSS_PROFIT_YOY":-37.441175370986,"HOLDER_PROFIT":-154960231.88,"HOLDER_PROFIT_YOY":20.279105615,"GROSS_PROFIT_RATIO":12.152588890835,"EPS_TTM":-0.04631984881,"OPERATE_INCOME_QOQ":-30.972347801298,"NET_PROFIT_RATIO":-56.2062998854,"ROE_AVG":-6.930911665763,"GROSS_PROFIT_QOQ":-36.057287340268,"ROA":-3.471387267162,"HOLDER_PROFIT_QOQ":25.322808260863,"ROE_YEARLY":-6.930911665763,"ROIC_YEARLY":-3.499144394702,"TOTAL_ASSETS":4739382569.92,"TOTAL_LIABILITIES":2479220631.28,"TAX_EBT":-0.999061136577,"OCF_SALES":24.235411268982,"TOTAL_PARENT_EQUITY":2251166490.32,"DEBT_ASSET_RATIO":52.3110467388,"OPERATE_PROFIT":24010305.92,"PRETAX_PROFIT":-152395754.8,"NETCASH_OPERATE":66367522.2,"NETCASH_INVEST":-154220430.32,"NETCASH_FINANCE":162927196.12,"END_CASH":51254192.72,"DIVI_RATIO":null,"DIVIDEND_RATE":null,"CURRENT_RATIO":0.344076286031,"COMMON_ACS":10000000000,"CURRENTDEBT_DEBT":68.91545716437,"ISSUED_COMMON_SHARES":3345439069,"HK_COMMON_SHARES":3345439069,"PER_SHARES":10000,"TOTAL_MARKET_CAP":163926514.381,"HKSK_MARKET_CAP":163926514.381,"PE_TTM":-0.155985302624,"PB_TTM":-0.517591848634,"REPORT_DATE_SQ":"2019-12-31 00:00:00","REPORT_TYPE_SQ":"2019年年报","OPERATE_INCOME_SQ":426941288.92,"DPS_HKD":null,"OPERATE_INCOME_QOQ_SQ":71.935967816447,"NET_PROFIT_RATIO_SQ":-47.7623401746,"HOLDER_PROFIT_SQ":-206882182.56,"HOLDER_PROFIT_QOQ_SQ":17.937148757993,"ROE_AVG_SQ":-8.188216374093,"PE_TTM_SQ":-0.75389340671,"PB_TTM_SQ":0.509039210192,"ROA_SQ":-4.647186147622,"START_DATE":"2020-01-01 00:00:00","FISCAL_YEAR":"12-31","CURRENCY":"HKD","IS_CNY_CODE":0,"DPS_HKD_LY":null,"ORG_TYPE":"一般企业","PREMIUM_INCOME":null,"PREMIUM_INCOME_YOY":null,"NET_INTEREST_INCOME":null,"NET_INTEREST_INCOME_YOY":null,"FEE_COMMISSION_INCOME":null,"FEE_COMMISSION_INCOME_YOY":null,"ACCOUNTS_RECE_TDAYS":null,"INVENTORY_TDAYS":28.31822459999,"CURRENT_ASSETS_TDAYS":0.512034029535,"TOTAL_ASSETS_TDAYS":0.061346249749,"PREMIUM_EXPENSE":null,"LOAN_DEPOSIT":null,"LOAN_EQUITY":null,"LOAN_ASSETS":null,"DEPOSIT_EQUITY":null,"DEPOSIT_ASSETS":null,"EQUITY_MULTIPLIER":2.096921680211,"EQUITY_RATIO":1.101304875468},{"SECUCODE":"00702.HK","SECURITY_CODE":"00702","SECURITY_NAME_ABBR":"中国油气控股","ORG_CODE":"10009068","STD_REPORT_DATE":"2020-06-30 00:00:00","REPORT_DATE":"2020-06-30 00:00:00","DATE_TYPE_CODE":"002","REPORT_TYPE":"2020年中报","PER_NETCASH_OPERATE":0.015553199938,"PER_OI":0.032460134147,"BPS":0.685192683293,"BASIC_EPS":-0.018451488,"DILUTED_EPS":-0.018451488,"OPERATE_INCOME":108593400.96,"OPERATE_INCOME_YOY":-24.6649388177,"GROSS_PROFIT":20008903.2,"GROSS_PROFIT_YOY":-5.440954910996,"HOLDER_PROFIT":-61727534.88,"HOLDER_PROFIT_YOY":2.7137139731,"GROSS_PROFIT_RATIO":18.425524040241,"EPS_TTM":-0.062026768457,"OPERATE_INCOME_QOQ":-7.078983795747,"NET_PROFIT_RATIO":-56.418020928,"ROE_AVG":-2.625533808745,"GROSS_PROFIT_QOQ":-2.164262310989,"ROA":-1.355652099513,"HOLDER_PROFIT_QOQ":-0.301907081737,"ROE_YEARLY":-5.25106761749,"ROIC_YEARLY":-2.750180414839,"TOTAL_ASSETS":4560901831.2,"TOTAL_LIABILITIES":2260261608,"TAX_EBT":0.958343792915,"OCF_SALES":47.914774065476,"TOTAL_PARENT_EQUITY":2292270372.48,"DEBT_ASSET_RATIO":49.5573395713,"OPERATE_PROFIT":30372793.44,"PRETAX_PROFIT":-61859070.24,"NETCASH_OPERATE":52032282.72,"NETCASH_INVEST":-108994401.12,"NETCASH_FINANCE":162766787.04,"END_CASH":108888442.08,"DIVI_RATIO":null,"DIVIDEND_RATE":null,"CURRENT_RATIO":0.425695865426,"COMMON_ACS":10000000000,"CURRENTDEBT_DEBT":68.651538725778,"ISSUED_COMMON_SHARES":3345439069,"HK_COMMON_SHARES":3345439069,"PER_SHARES":10000,"TOTAL_MARKET_CAP":163926514.381,"HKSK_MARKET_CAP":163926514.381,"PE_TTM":-0.155985302624,"PB_TTM":-0.517591848634,"REPORT_DATE_SQ":"2019-06-30 00:00:00","REPORT_TYPE_SQ":"2019年中报","OPERATE_INCOME_SQ":138816505.62,"DPS_HKD":null,"OPERATE_INCOME_QOQ_SQ":-33.76471972245,"NET_PROFIT_RATIO_SQ":-42.4930453022,"HOLDER_PROFIT_SQ":-61102942.92,"HOLDER_PROFIT_QOQ_SQ":23.665344270026,"ROE_AVG_SQ":-2.366404294972,"PE_TTM_SQ":-0.75389340671,"PB_TTM_SQ":0.509039210192,"ROA_SQ":-1.398047137749,"START_DATE":"2020-01-01 00:00:00","FISCAL_YEAR":"12-31","CURRENCY":"HKD","IS_CNY_CODE":0,"DPS_HKD_LY":null,"ORG_TYPE":"一般企业","PREMIUM_INCOME":null,"PREMIUM_INCOME_YOY":null,"NET_INTEREST_INCOME":null,"NET_INTEREST_INCOME_YOY":null,"FEE_COMMISSION_INCOME":null,"FEE_COMMISSION_INCOME_YOY":null,"ACCOUNTS_RECE_TDAYS":null,"INVENTORY_TDAYS":3.232148511057,"CURRENT_ASSETS_TDAYS":0.183525837555,"TOTAL_ASSETS_TDAYS":0.023849141601,"PREMIUM_EXPENSE":null,"LOAN_DEPOSIT":null,"LOAN_EQUITY":null,"LOAN_ASSETS":null,"DEPOSIT_EQUITY":null,"DEPOSIT_ASSETS":null,"EQUITY_MULTIPLIER":1.982448965818,"EQUITY_RATIO":0.986036217689}],"count":48},"success":true,"message":"ok","code":0}