{"version":"a8b50e5792297764b76283ce49381736","result":{"pages":10,"data":[{"SECUCODE":"00700.HK","SECURITY_CODE":"00700","SECURITY_NAME_ABBR":"腾讯控股","ORG_CODE":"10009066","STD_REPORT_DATE":"2024-09-30 00:00:00","REPORT_DATE":"2024-09-30 00:00:00","DATE_TYPE_CODE":"004","REPORT_TYPE":"2024年三季报","PER_NETCASH_OPERATE":21.885800662361,"PER_OI":52.212418666865,"BPS":99.422991668154,"BASIC_EPS":15.346,"DILUTED_EPS":15.008,"OPERATE_INCOME":487811000000,"OPERATE_INCOME_YOY":7.490210855,"GROSS_PROFIT":258593000000,"GROSS_PROFIT_YOY":19.971699645086,"HOLDER_PROFIT":142749000000,"HOLDER_PROFIT_YOY":61.8634554546,"GROSS_PROFIT_RATIO":53.010899713209,"EPS_TTM":18.171609838131,"OPERATE_INCOME_QOQ":1.993531491548,"NET_PROFIT_RATIO":29.7246269559,"ROE_AVG":16.587370154261,"GROSS_PROFIT_QOQ":3.799575114559,"ROA":8.649873977573,"HOLDER_PROFIT_QOQ":11.162473972997,"ROE_YEARLY":22.116493539014,"ROIC_YEARLY":11.578189215297,"TOTAL_ASSETS":1723357000000,"TOTAL_LIABILITIES":742850000000,"TAX_EBT":18.647643306384,"OCF_SALES":41.916848943546,"TOTAL_PARENT_EQUITY":912586000000,"DEBT_ASSET_RATIO":43.1048238989,"OPERATE_PROFIT":156621000000,"PRETAX_PROFIT":178237000000,"NETCASH_OPERATE":204475000000,"NETCASH_INVEST":-79243000000,"NETCASH_FINANCE":-151330000000,"END_CASH":145468000000,"DIVI_RATIO":0.16955834004,"DIVIDEND_RATE":0.683005222981,"CURRENT_RATIO":1.285423160208,"COMMON_ACS":50000000000,"CURRENTDEBT_DEBT":54.893585515245,"ISSUED_COMMON_SHARES":9178822571,"HK_COMMON_SHARES":9178822571,"PER_SHARES":100,"TOTAL_MARKET_CAP":4569217875843.8,"HKSK_MARKET_CAP":4569217875843.8,"PE_TTM":24.134011745121,"PB_TTM":4.515163489531,"REPORT_DATE_SQ":"2023-09-30 00:00:00","REPORT_TYPE_SQ":"2023年三季报","OPERATE_INCOME_SQ":453819000000,"DPS_HKD":3.4,"OPERATE_INCOME_QOQ_SQ":2.487329714964,"NET_PROFIT_RATIO_SQ":19.875324744,"HOLDER_PROFIT_SQ":88191000000,"HOLDER_PROFIT_QOQ_SQ":-1.897386742004,"ROE_AVG_SQ":11.83847292277,"PE_TTM_SQ":12.397964245851,"PB_TTM_SQ":3.200617022375,"ROA_SQ":5.654421862918,"START_DATE":"2024-01-01 00:00:00","FISCAL_YEAR":"12-31","CURRENCY":"HKD","IS_CNY_CODE":0,"DPS_HKD_LY":3.4,"ORG_TYPE":"一般企业","PREMIUM_INCOME":null,"PREMIUM_INCOME_YOY":null,"NET_INTEREST_INCOME":null,"NET_INTEREST_INCOME_YOY":null,"FEE_COMMISSION_INCOME":null,"FEE_COMMISSION_INCOME_YOY":null,"ACCOUNTS_RECE_TDAYS":10.385365438249,"INVENTORY_TDAYS":44.599280085611,"CURRENT_ASSETS_TDAYS":0.935747910057,"TOTAL_ASSETS_TDAYS":0.295589018128,"PREMIUM_EXPENSE":null,"LOAN_DEPOSIT":null,"LOAN_EQUITY":null,"LOAN_ASSETS":null,"DEPOSIT_EQUITY":null,"DEPOSIT_ASSETS":null,"EQUITY_MULTIPLIER":1.757618252597,"EQUITY_RATIO":0.814005474553},{"SECUCODE":"00700.HK","SECURITY_CODE":"00700","SECURITY_NAME_ABBR":"腾讯控股","ORG_CODE":"10009066","STD_REPORT_DATE":"2024-06-30 00:00:00","REPORT_DATE":"2024-06-30 00:00:00","DATE_TYPE_CODE":"002","REPORT_TYPE":"2024年中报","PER_NETCASH_OPERATE":13.518273472726,"PER_OI":34.273844314147,"BPS":93.768126940298,"BASIC_EPS":9.59,"DILUTED_EPS":9.377,"OPERATE_INCOME":320618000000,"OPERATE_INCOME_YOY":7.1605714018,"GROSS_PROFIT":169765000000,"GROSS_PROFIT_YOY":22.113766166506,"HOLDER_PROFIT":89519000000,"HOLDER_PROFIT_YOY":72.1221327078,"GROSS_PROFIT_RATIO":52.949304156348,"EPS_TTM":16.326304657637,"OPERATE_INCOME_QOQ":1.925371445201,"NET_PROFIT_RATIO":28.3879881978,"ROE_AVG":10.725513876708,"GROSS_PROFIT_QOQ":4.875371198554,"ROA":5.539171887027,"HOLDER_PROFIT_QOQ":16.347596882689,"ROE_YEARLY":21.451027753416,"ROIC_YEARLY":14.992886171203,"TOTAL_ASSETS":1654970000000,"TOTAL_LIABILITIES":727373000000,"TAX_EBT":21.097664580335,"OCF_SALES":39.441952728793,"TOTAL_PARENT_EQUITY":860681000000,"DEBT_ASSET_RATIO":43.9508269032,"OPERATE_PROFIT":103288000000,"PRETAX_PROFIT":115354000000,"NETCASH_OPERATE":126458000000,"NETCASH_INVEST":-45449000000,"NETCASH_FINANCE":-99781000000,"END_CASH":153511000000,"DIVI_RATIO":0.188722926872,"DIVIDEND_RATE":0.716090985678,"CURRENT_RATIO":1.345038754493,"COMMON_ACS":50000000000,"CURRENTDEBT_DEBT":53.318723680973,"ISSUED_COMMON_SHARES":9178822571,"HK_COMMON_SHARES":9178822571,"PER_SHARES":100,"TOTAL_MARKET_CAP":4358104956710.8,"HKSK_MARKET_CAP":4358104956710.8,"PE_TTM":23.018940893096,"PB_TTM":4.306548061128,"REPORT_DATE_SQ":"2023-06-30 00:00:00","REPORT_TYPE_SQ":"2023年中报","OPERATE_INCOME_SQ":299194000000,"DPS_HKD":3.4,"OPERATE_INCOME_QOQ_SQ":2.666469853286,"NET_PROFIT_RATIO_SQ":17.8536334285,"HOLDER_PROFIT_SQ":52009000000,"HOLDER_PROFIT_QOQ_SQ":3.960811462857,"ROE_AVG_SQ":6.935980641294,"PE_TTM_SQ":12.729507272834,"PB_TTM_SQ":3.286207062383,"ROA_SQ":3.338582131277,"START_DATE":"2024-01-01 00:00:00","FISCAL_YEAR":"12-31","CURRENCY":"HKD","IS_CNY_CODE":0,"DPS_HKD_LY":3.4,"ORG_TYPE":"一般企业","PREMIUM_INCOME":null,"PREMIUM_INCOME_YOY":null,"NET_INTEREST_INCOME":null,"NET_INTEREST_INCOME_YOY":null,"FEE_COMMISSION_INCOME":null,"FEE_COMMISSION_INCOME_YOY":null,"ACCOUNTS_RECE_TDAYS":6.486566318686,"INVENTORY_TDAYS":62.297336361759,"CURRENT_ASSETS_TDAYS":0.616521502528,"TOTAL_ASSETS_TDAYS":0.198388969054,"PREMIUM_EXPENSE":null,"LOAN_DEPOSIT":null,"LOAN_EQUITY":null,"LOAN_ASSETS":null,"DEPOSIT_EQUITY":null,"DEPOSIT_ASSETS":null,"EQUITY_MULTIPLIER":1.784147641702,"EQUITY_RATIO":0.845113346292},{"SECUCODE":"00700.HK","SECURITY_CODE":"00700","SECURITY_NAME_ABBR":"腾讯控股","ORG_CODE":"10009066","STD_REPORT_DATE":"2024-03-31 00:00:00","REPORT_DATE":"2024-03-31 00:00:00","DATE_TYPE_CODE":"003","REPORT_TYPE":"2024年一季报","PER_NETCASH_OPERATE":7.646430964977,"PER_OI":16.857130412507,"BPS":92.450528750939,"BASIC_EPS":4.479,"DILUTED_EPS":4.386,"OPERATE_INCOME":159501000000,"OPERATE_INCOME_YOY":6.343925433,"GROSS_PROFIT":83870000000,"GROSS_PROFIT_YOY":23.009005309319,"HOLDER_PROFIT":41889000000,"HOLDER_PROFIT_YOY":62.1216812447,"GROSS_PROFIT_RATIO":52.582742427947,"EPS_TTM":13.873172819346,"OPERATE_INCOME_QOQ":1.562358890996,"NET_PROFIT_RATIO":26.7402712209,"ROE_AVG":5.055461754863,"GROSS_PROFIT_QOQ":5.352275092201,"ROA":2.598635265172,"HOLDER_PROFIT_QOQ":13.931224829885,"ROE_YEARLY":20.221847019451,"ROIC_YEARLY":14.383631318367,"TOTAL_ASSETS":1646677000000,"TOTAL_LIABILITIES":729908000000,"TAX_EBT":24.936642027455,"OCF_SALES":45.360217177322,"TOTAL_PARENT_EQUITY":848587000000,"DEBT_ASSET_RATIO":44.3261186013,"OPERATE_PROFIT":52556000000,"PRETAX_PROFIT":56820000000,"NETCASH_OPERATE":72350000000,"NETCASH_INVEST":-67924000000,"NETCASH_FINANCE":-15511000000,"END_CASH":161023000000,"DIVI_RATIO":0.222093967986,"DIVIDEND_RATE":0.716090985678,"CURRENT_RATIO":1.450742865378,"COMMON_ACS":50000000000,"CURRENTDEBT_DEBT":53.234517226829,"ISSUED_COMMON_SHARES":9178822571,"HK_COMMON_SHARES":9178822571,"PER_SHARES":100,"TOTAL_MARKET_CAP":4358104956710.8,"HKSK_MARKET_CAP":4358104956710.8,"PE_TTM":23.018940893096,"PB_TTM":4.306548061128,"REPORT_DATE_SQ":"2023-03-31 00:00:00","REPORT_TYPE_SQ":"2023年一季报","OPERATE_INCOME_SQ":149986000000,"DPS_HKD":3.4,"OPERATE_INCOME_QOQ_SQ":2.61742812216,"NET_PROFIT_RATIO_SQ":17.5976424466,"HOLDER_PROFIT_SQ":25838000000,"HOLDER_PROFIT_QOQ_SQ":1.288228513145,"ROE_AVG_SQ":3.445356076577,"PE_TTM_SQ":12.729507272834,"PB_TTM_SQ":3.286207062383,"ROA_SQ":1.669478961418,"START_DATE":"2024-01-01 00:00:00","FISCAL_YEAR":"12-31","CURRENCY":"HKD","IS_CNY_CODE":0,"DPS_HKD_LY":3.4,"ORG_TYPE":"一般企业","PREMIUM_INCOME":null,"PREMIUM_INCOME_YOY":null,"NET_INTEREST_INCOME":null,"NET_INTEREST_INCOME_YOY":null,"FEE_COMMISSION_INCOME":null,"FEE_COMMISSION_INCOME_YOY":null,"ACCOUNTS_RECE_TDAYS":3.221656668485,"INVENTORY_TDAYS":100.107213765718,"CURRENT_ASSETS_TDAYS":0.294785108548,"TOTAL_ASSETS_TDAYS":0.098948392998,"PREMIUM_EXPENSE":null,"LOAN_DEPOSIT":null,"LOAN_EQUITY":null,"LOAN_ASSETS":null,"DEPOSIT_EQUITY":null,"DEPOSIT_ASSETS":null,"EQUITY_MULTIPLIER":1.796174390714,"EQUITY_RATIO":0.860145158952},{"SECUCODE":"00700.HK","SECURITY_CODE":"00700","SECURITY_NAME_ABBR":"腾讯控股","ORG_CODE":"10009066","STD_REPORT_DATE":"2023-12-31 00:00:00","REPORT_DATE":"2023-12-31 00:00:00","DATE_TYPE_CODE":"001","REPORT_TYPE":"2023年年报","PER_NETCASH_OPERATE":23.406323743267,"PER_OI":64.221813889341,"BPS":88.093107121898,"BASIC_EPS":12.186,"DILUTED_EPS":11.887,"OPERATE_INCOME":609015000000,"OPERATE_INCOME_YOY":9.8210808004,"GROSS_PROFIT":293109000000,"GROSS_PROFIT_YOY":22.770224422608,"HOLDER_PROFIT":115216000000,"HOLDER_PROFIT_YOY":-38.7940056204,"GROSS_PROFIT_RATIO":48.128371222384,"EPS_TTM":12.149750842055,"OPERATE_INCOME_QOQ":1.710497968345,"NET_PROFIT_RATIO":19.3834306216,"ROE_AVG":15.061092222,"GROSS_PROFIT_QOQ":5.675512948548,"ROA":7.302835762573,"HOLDER_PROFIT_QOQ":-40.750492391712,"ROE_YEARLY":15.061092222,"ROIC_YEARLY":9.565462847655,"TOTAL_ASSETS":1577246000000,"TOTAL_LIABILITIES":703565000000,"TAX_EBT":26.825518831668,"OCF_SALES":36.44606454685,"TOTAL_PARENT_EQUITY":808591000000,"DEBT_ASSET_RATIO":44.6071823926,"OPERATE_PROFIT":160074000000,"PRETAX_PROFIT":161324000000,"NETCASH_OPERATE":221962000000,"NETCASH_INVEST":-125161000000,"NETCASH_FINANCE":-82573000000,"END_CASH":172320000000,"DIVI_RATIO":0.253597628466,"DIVIDEND_RATE":0.716090985678,"CURRENT_RATIO":1.472201319298,"COMMON_ACS":50000000000,"CURRENTDEBT_DEBT":50.053228912752,"ISSUED_COMMON_SHARES":9178822571,"HK_COMMON_SHARES":9178822571,"PER_SHARES":100,"TOTAL_MARKET_CAP":4358104956710.8,"HKSK_MARKET_CAP":4358104956710.8,"PE_TTM":23.018940893096,"PB_TTM":4.306548061128,"REPORT_DATE_SQ":"2022-12-31 00:00:00","REPORT_TYPE_SQ":"2022年年报","OPERATE_INCOME_SQ":554552000000,"DPS_HKD":3.4,"OPERATE_INCOME_QOQ_SQ":0.138320578707,"NET_PROFIT_RATIO_SQ":34.0290901484,"HOLDER_PROFIT_SQ":188243000000,"HOLDER_PROFIT_QOQ_SQ":6.392250173795,"ROE_AVG_SQ":24.644135917627,"PE_TTM_SQ":12.729507272834,"PB_TTM_SQ":3.286207062383,"ROA_SQ":11.80023789412,"START_DATE":"2023-01-01 00:00:00","FISCAL_YEAR":"12-31","CURRENCY":"HKD","IS_CNY_CODE":0,"DPS_HKD_LY":20.53,"ORG_TYPE":"一般企业","PREMIUM_INCOME":null,"PREMIUM_INCOME_YOY":null,"NET_INTEREST_INCOME":null,"NET_INTEREST_INCOME_YOY":null,"FEE_COMMISSION_INCOME":null,"FEE_COMMISSION_INCOME_YOY":null,"ACCOUNTS_RECE_TDAYS":13.228959629859,"INVENTORY_TDAYS":226.537110075296,"CURRENT_ASSETS_TDAYS":1.123193183547,"TOTAL_ASSETS_TDAYS":0.386017265132,"PREMIUM_EXPENSE":null,"LOAN_DEPOSIT":null,"LOAN_EQUITY":null,"LOAN_ASSETS":null,"DEPOSIT_EQUITY":null,"DEPOSIT_ASSETS":null,"EQUITY_MULTIPLIER":1.805288200155,"EQUITY_RATIO":0.870112331203},{"SECUCODE":"00700.HK","SECURITY_CODE":"00700","SECURITY_NAME_ABBR":"腾讯控股","ORG_CODE":"10009066","STD_REPORT_DATE":"2023-09-30 00:00:00","REPORT_DATE":"2023-09-30 00:00:00","DATE_TYPE_CODE":"004","REPORT_TYPE":"2023年三季报","PER_NETCASH_OPERATE":17.633747514189,"PER_OI":47.631836955037,"BPS":83.726860831593,"BASIC_EPS":9.312,"DILUTED_EPS":9.075,"OPERATE_INCOME":453819000000,"OPERATE_INCOME_YOY":10.7961952939,"GROSS_PROFIT":215545000000,"GROSS_PROFIT_YOY":21.829146978364,"HOLDER_PROFIT":88191000000,"HOLDER_PROFIT_YOY":7.582799634,"GROSS_PROFIT_RATIO":47.495807800026,"EPS_TTM":20.409985880802,"OPERATE_INCOME_QOQ":2.487329714964,"NET_PROFIT_RATIO":19.875324744,"ROE_AVG":11.83847292277,"GROSS_PROFIT_QOQ":5.532156133122,"ROA":5.654421862918,"HOLDER_PROFIT_QOQ":-1.897386742004,"ROE_YEARLY":15.784630563694,"ROIC_YEARLY":7.343344726949,"TOTAL_ASSETS":1541233000000,"TOTAL_LIABILITIES":710288000000,"TAX_EBT":27.15157976352,"OCF_SALES":37.020926845284,"TOTAL_PARENT_EQUITY":768514000000,"DEBT_ASSET_RATIO":46.0856989177,"OPERATE_PROFIT":118673000000,"PRETAX_PROFIT":123816000000,"NETCASH_OPERATE":168008000000,"NETCASH_INVEST":-117157000000,"NETCASH_FINANCE":-62806000000,"END_CASH":146476000000,"DIVI_RATIO":0.150962769793,"DIVIDEND_RATE":0.716090985678,"CURRENT_RATIO":1.396465789416,"COMMON_ACS":50000000000,"CURRENTDEBT_DEBT":51.013673326876,"ISSUED_COMMON_SHARES":9178822571,"HK_COMMON_SHARES":9178822571,"PER_SHARES":100,"TOTAL_MARKET_CAP":4358104956710.8,"HKSK_MARKET_CAP":4358104956710.8,"PE_TTM":23.018940893096,"PB_TTM":4.306548061128,"REPORT_DATE_SQ":"2022-09-30 00:00:00","REPORT_TYPE_SQ":"2022年三季报","OPERATE_INCOME_SQ":409598000000,"DPS_HKD":3.4,"OPERATE_INCOME_QOQ_SQ":-0.40912777555,"NET_PROFIT_RATIO_SQ":19.9720213478,"HOLDER_PROFIT_SQ":81975000000,"HOLDER_PROFIT_QOQ_SQ":0.245325779037,"ROE_AVG_SQ":10.494687364576,"PE_TTM_SQ":12.729507272834,"PB_TTM_SQ":3.286207062383,"ROA_SQ":5.304954818093,"START_DATE":"2023-01-01 00:00:00","FISCAL_YEAR":"12-31","CURRENCY":"HKD","IS_CNY_CODE":0,"DPS_HKD_LY":20.53,"ORG_TYPE":"一般企业","PREMIUM_INCOME":null,"PREMIUM_INCOME_YOY":null,"NET_INTEREST_INCOME":null,"NET_INTEREST_INCOME_YOY":null,"FEE_COMMISSION_INCOME":null,"FEE_COMMISSION_INCOME_YOY":null,"ACCOUNTS_RECE_TDAYS":9.781214302649,"INVENTORY_TDAYS":118.869543527064,"CURRENT_ASSETS_TDAYS":0.846685136988,"TOTAL_ASSETS_TDAYS":0.290968928282,"PREMIUM_EXPENSE":null,"LOAN_DEPOSIT":null,"LOAN_EQUITY":null,"LOAN_ASSETS":null,"DEPOSIT_EQUITY":null,"DEPOSIT_ASSETS":null,"EQUITY_MULTIPLIER":1.854795443742,"EQUITY_RATIO":0.924235602735},{"SECUCODE":"00700.HK","SECURITY_CODE":"00700","SECURITY_NAME_ABBR":"腾讯控股","ORG_CODE":"10009066","STD_REPORT_DATE":"2023-06-30 00:00:00","REPORT_DATE":"2023-06-30 00:00:00","DATE_TYPE_CODE":"002","REPORT_TYPE":"2023年中报","PER_NETCASH_OPERATE":10.756508875877,"PER_OI":31.250623079626,"BPS":84.792574862378,"BASIC_EPS":5.486,"DILUTED_EPS":5.334,"OPERATE_INCOME":299194000000,"OPERATE_INCOME_YOY":11.0161221499,"GROSS_PROFIT":139022000000,"GROSS_PROFIT_YOY":20.950748644957,"HOLDER_PROFIT":52009000000,"HOLDER_PROFIT_YOY":23.7366768177,"GROSS_PROFIT_RATIO":46.465503987379,"EPS_TTM":20.703952976475,"OPERATE_INCOME_QOQ":2.666469853286,"NET_PROFIT_RATIO":17.8536334285,"ROE_AVG":6.935980641294,"GROSS_PROFIT_QOQ":5.192232263642,"ROA":3.338582131277,"HOLDER_PROFIT_QOQ":3.960811462857,"ROE_YEARLY":13.871961282588,"ROIC_YEARLY":8.617695695543,"TOTAL_ASSETS":1537503000000,"TOTAL_LIABILITIES":696687000000,"TAX_EBT":29.739434674524,"OCF_SALES":34.420142115149,"TOTAL_PARENT_EQUITY":778296000000,"DEBT_ASSET_RATIO":45.3128871944,"OPERATE_PROFIT":74325000000,"PRETAX_PROFIT":76027000000,"NETCASH_OPERATE":102983000000,"NETCASH_INVEST":-84724000000,"NETCASH_FINANCE":-37596000000,"END_CASH":139647000000,"DIVI_RATIO":0.148819310182,"DIVIDEND_RATE":0.716090985678,"CURRENT_RATIO":1.405731173179,"COMMON_ACS":50000000000,"CURRENTDEBT_DEBT":50.074710738108,"ISSUED_COMMON_SHARES":9178822571,"HK_COMMON_SHARES":9178822571,"PER_SHARES":100,"TOTAL_MARKET_CAP":4358104956710.8,"HKSK_MARKET_CAP":4358104956710.8,"PE_TTM":23.018940893096,"PB_TTM":4.306548061128,"REPORT_DATE_SQ":"2022-06-30 00:00:00","REPORT_TYPE_SQ":"2022年中报","OPERATE_INCOME_SQ":269505000000,"DPS_HKD":3.4,"OPERATE_INCOME_QOQ_SQ":-0.754079166711,"NET_PROFIT_RATIO_SQ":15.9414482106,"HOLDER_PROFIT_SQ":42032000000,"HOLDER_PROFIT_QOQ_SQ":-11.956022906399,"ROE_AVG_SQ":5.448819122202,"PE_TTM_SQ":12.729507272834,"PB_TTM_SQ":3.286207062383,"ROA_SQ":2.736428938101,"START_DATE":"2023-01-01 00:00:00","FISCAL_YEAR":"12-31","CURRENCY":"HKD","IS_CNY_CODE":0,"DPS_HKD_LY":20.53,"ORG_TYPE":"一般企业","PREMIUM_INCOME":null,"PREMIUM_INCOME_YOY":null,"NET_INTEREST_INCOME":null,"NET_INTEREST_INCOME_YOY":null,"FEE_COMMISSION_INCOME":null,"FEE_COMMISSION_INCOME_YOY":null,"ACCOUNTS_RECE_TDAYS":6.52983991532,"INVENTORY_TDAYS":71.377896613191,"CURRENT_ASSETS_TDAYS":0.566441814543,"TOTAL_ASSETS_TDAYS":0.192059786226,"PREMIUM_EXPENSE":null,"LOAN_DEPOSIT":null,"LOAN_EQUITY":null,"LOAN_ASSETS":null,"DEPOSIT_EQUITY":null,"DEPOSIT_ASSETS":null,"EQUITY_MULTIPLIER":1.82858437518,"EQUITY_RATIO":0.895144006907},{"SECUCODE":"00700.HK","SECURITY_CODE":"00700","SECURITY_NAME_ABBR":"腾讯控股","ORG_CODE":"10009066","STD_REPORT_DATE":"2023-03-31 00:00:00","REPORT_DATE":"2023-03-31 00:00:00","DATE_TYPE_CODE":"003","REPORT_TYPE":"2023年一季报","PER_NETCASH_OPERATE":6.510615312566,"PER_OI":15.674930546744,"BPS":84.812947845792,"BASIC_EPS":2.725,"DILUTED_EPS":2.639,"OPERATE_INCOME":149986000000,"OPERATE_INCOME_YOY":10.7144702556,"GROSS_PROFIT":68182000000,"GROSS_PROFIT_YOY":19.462452254967,"HOLDER_PROFIT":25838000000,"HOLDER_PROFIT_YOY":10.3574937001,"GROSS_PROFIT_RATIO":45.45890949822,"EPS_TTM":19.92657753048,"OPERATE_INCOME_QOQ":2.61742812216,"NET_PROFIT_RATIO":17.5976424466,"ROE_AVG":3.445356076577,"GROSS_PROFIT_QOQ":4.652643395073,"ROA":1.669478961418,"HOLDER_PROFIT_QOQ":1.288228513145,"ROE_YEARLY":13.781424306308,"ROIC_YEARLY":8.594789504497,"TOTAL_ASSETS":1517206000000,"TOTAL_LIABILITIES":675833000000,"TAX_EBT":30.283420058639,"OCF_SALES":41.535209952929,"TOTAL_PARENT_EQUITY":778483000000,"DEBT_ASSET_RATIO":44.5445773349,"OPERATE_PROFIT":38042000000,"PRETAX_PROFIT":37859000000,"NETCASH_OPERATE":62297000000,"NETCASH_INVEST":-65199000000,"NETCASH_FINANCE":359000000,"END_CASH":153328000000,"DIVI_RATIO":0.154625047642,"DIVIDEND_RATE":0.716090985678,"CURRENT_RATIO":1.527658217245,"COMMON_ACS":50000000000,"CURRENTDEBT_DEBT":45.927914144471,"ISSUED_COMMON_SHARES":9178822571,"HK_COMMON_SHARES":9178822571,"PER_SHARES":100,"TOTAL_MARKET_CAP":4358104956710.8,"HKSK_MARKET_CAP":4358104956710.8,"PE_TTM":23.018940893096,"PB_TTM":4.306548061128,"REPORT_DATE_SQ":"2022-03-31 00:00:00","REPORT_TYPE_SQ":"2022年一季报","OPERATE_INCOME_SQ":135471000000,"DPS_HKD":3.4,"OPERATE_INCOME_QOQ_SQ":0.029993679903,"NET_PROFIT_RATIO_SQ":17.5188785792,"HOLDER_PROFIT_SQ":23413000000,"HOLDER_PROFIT_QOQ_SQ":-10.832569766304,"ROE_AVG_SQ":2.955892025922,"PE_TTM_SQ":12.729507272834,"PB_TTM_SQ":3.286207062383,"ROA_SQ":1.507344869922,"START_DATE":"2023-01-01 00:00:00","FISCAL_YEAR":"12-31","CURRENCY":"HKD","IS_CNY_CODE":0,"DPS_HKD_LY":20.53,"ORG_TYPE":"一般企业","PREMIUM_INCOME":null,"PREMIUM_INCOME_YOY":null,"NET_INTEREST_INCOME":null,"NET_INTEREST_INCOME_YOY":null,"FEE_COMMISSION_INCOME":null,"FEE_COMMISSION_INCOME_YOY":null,"ACCOUNTS_RECE_TDAYS":3.300857202593,"INVENTORY_TDAYS":37.628334866605,"CURRENT_ASSETS_TDAYS":0.288388029626,"TOTAL_ASSETS_TDAYS":0.096910934092,"PREMIUM_EXPENSE":null,"LOAN_DEPOSIT":null,"LOAN_EQUITY":null,"LOAN_ASSETS":null,"DEPOSIT_EQUITY":null,"DEPOSIT_ASSETS":null,"EQUITY_MULTIPLIER":1.80325016372,"EQUITY_RATIO":0.868140987022},{"SECUCODE":"00700.HK","SECURITY_CODE":"00700","SECURITY_NAME_ABBR":"腾讯控股","ORG_CODE":"10009066","STD_REPORT_DATE":"2022-12-31 00:00:00","REPORT_DATE":"2022-12-31 00:00:00","DATE_TYPE_CODE":"001","REPORT_TYPE":"2022年年报","PER_NETCASH_OPERATE":15.267529085326,"PER_OI":57.954554280041,"BPS":78.592977957674,"BASIC_EPS":19.757,"DILUTED_EPS":19.341,"OPERATE_INCOME":554552000000,"OPERATE_INCOME_YOY":-0.9937191806,"GROSS_PROFIT":238746000000,"GROSS_PROFIT_YOY":-2.926682496829,"HOLDER_PROFIT":188243000000,"HOLDER_PROFIT_YOY":-16.2702048732,"GROSS_PROFIT_RATIO":43.052049221714,"EPS_TTM":19.672707268818,"OPERATE_INCOME_QOQ":0.138320578707,"NET_PROFIT_RATIO":34.0290901484,"ROE_AVG":24.644135917627,"GROSS_PROFIT_QOQ":1.706135698493,"ROA":11.80023789412,"HOLDER_PROFIT_QOQ":6.392250173795,"ROE_YEARLY":24.644135917627,"ROIC_YEARLY":14.791198654167,"TOTAL_ASSETS":1578131000000,"TOTAL_LIABILITIES":795271000000,"TAX_EBT":10.234748483767,"OCF_SALES":26.343967743332,"TOTAL_PARENT_EQUITY":721391000000,"DEBT_ASSET_RATIO":50.393218307,"OPERATE_PROFIT":110827000000,"PRETAX_PROFIT":210225000000,"NETCASH_OPERATE":146091000000,"NETCASH_INVEST":-104871000000,"NETCASH_FINANCE":-59953000000,"END_CASH":156739000000,"DIVI_RATIO":0.156620436521,"DIVIDEND_RATE":0.716090985678,"CURRENT_RATIO":1.303509410323,"COMMON_ACS":50000000000,"CURRENTDEBT_DEBT":54.598243869071,"ISSUED_COMMON_SHARES":9178822571,"HK_COMMON_SHARES":9178822571,"PER_SHARES":100,"TOTAL_MARKET_CAP":4358104956710.8,"HKSK_MARKET_CAP":4358104956710.8,"PE_TTM":23.018940893096,"PB_TTM":4.306548061128,"REPORT_DATE_SQ":"2021-12-31 00:00:00","REPORT_TYPE_SQ":"2021年年报","OPERATE_INCOME_SQ":560118000000,"DPS_HKD":3.4,"OPERATE_INCOME_QOQ_SQ":1.91394089145,"NET_PROFIT_RATIO_SQ":40.6717870163,"HOLDER_PROFIT_SQ":224822000000,"HOLDER_PROFIT_QOQ_SQ":18.849053212522,"ROE_AVG_SQ":29.772168527356,"PE_TTM_SQ":12.729507272834,"PB_TTM_SQ":3.286207062383,"ROA_SQ":15.263958145,"START_DATE":"2022-01-01 00:00:00","FISCAL_YEAR":"12-31","CURRENCY":"HKD","IS_CNY_CODE":0,"DPS_HKD_LY":1.6,"ORG_TYPE":"一般企业","PREMIUM_INCOME":null,"PREMIUM_INCOME_YOY":null,"NET_INTEREST_INCOME":null,"NET_INTEREST_INCOME_YOY":null,"FEE_COMMISSION_INCOME":null,"FEE_COMMISSION_INCOME_YOY":null,"ACCOUNTS_RECE_TDAYS":11.699656110888,"INVENTORY_TDAYS":185.987043580683,"CURRENT_ASSETS_TDAYS":1.055484340042,"TOTAL_ASSETS_TDAYS":0.347627562494,"PREMIUM_EXPENSE":null,"LOAN_DEPOSIT":null,"LOAN_EQUITY":null,"LOAN_ASSETS":null,"DEPOSIT_EQUITY":null,"DEPOSIT_ASSETS":null,"EQUITY_MULTIPLIER":2.015853409295,"EQUITY_RATIO":1.102413254393},{"SECUCODE":"00700.HK","SECURITY_CODE":"00700","SECURITY_NAME_ABBR":"腾讯控股","ORG_CODE":"10009066","STD_REPORT_DATE":"2022-09-30 00:00:00","REPORT_DATE":"2022-09-30 00:00:00","DATE_TYPE_CODE":"004","REPORT_TYPE":"2022年三季报","PER_NETCASH_OPERATE":11.514033030749,"PER_OI":42.684498781123,"BPS":82.354789424549,"BASIC_EPS":8.595,"DILUTED_EPS":8.398,"OPERATE_INCOME":409598000000,"OPERATE_INCOME_YOY":-1.5223715529,"GROSS_PROFIT":176924000000,"GROSS_PROFIT_YOY":-5.955019747298,"HOLDER_PROFIT":81975000000,"HOLDER_PROFIT_YOY":-36.87627056,"GROSS_PROFIT_RATIO":43.194546848373,"EPS_TTM":18.438313719404,"OPERATE_INCOME_QOQ":-0.40912777555,"NET_PROFIT_RATIO":19.9720213478,"ROE_AVG":10.494687364576,"GROSS_PROFIT_QOQ":-0.324409248211,"ROA":5.304954818093,"HOLDER_PROFIT_QOQ":0.245325779037,"ROE_YEARLY":13.992916486101,"ROIC_YEARLY":6.730198868243,"TOTAL_ASSETS":1478143000000,"TOTAL_LIABILITIES":659737000000,"TAX_EBT":17.156137970146,"OCF_SALES":26.974741087603,"TOTAL_PARENT_EQUITY":755920000000,"DEBT_ASSET_RATIO":44.6328264586,"OPERATE_PROFIT":112867000000,"PRETAX_PROFIT":98746000000,"NETCASH_OPERATE":110488000000,"NETCASH_INVEST":-86533000000,"NETCASH_FINANCE":-39281000000,"END_CASH":160177000000,"DIVI_RATIO":0.167105736831,"DIVIDEND_RATE":0.716090985678,"CURRENT_RATIO":1.452343988197,"COMMON_ACS":50000000000,"CURRENTDEBT_DEBT":43.251629058246,"ISSUED_COMMON_SHARES":9178822571,"HK_COMMON_SHARES":9178822571,"PER_SHARES":100,"TOTAL_MARKET_CAP":4358104956710.8,"HKSK_MARKET_CAP":4358104956710.8,"PE_TTM":23.018940893096,"PB_TTM":4.306548061128,"REPORT_DATE_SQ":"2021-09-30 00:00:00","REPORT_TYPE_SQ":"2021年三季报","OPERATE_INCOME_SQ":415930000000,"DPS_HKD":3.4,"OPERATE_INCOME_QOQ_SQ":3.176590735867,"NET_PROFIT_RATIO_SQ":31.761354074,"HOLDER_PROFIT_SQ":129864000000,"HOLDER_PROFIT_QOQ_SQ":0.514351905971,"ROE_AVG_SQ":16.643682874939,"PE_TTM_SQ":12.729507272834,"PB_TTM_SQ":3.286207062383,"ROA_SQ":8.953022896516,"START_DATE":"2022-01-01 00:00:00","FISCAL_YEAR":"12-31","CURRENCY":"HKD","IS_CNY_CODE":0,"DPS_HKD_LY":1.6,"ORG_TYPE":"一般企业","PREMIUM_INCOME":null,"PREMIUM_INCOME_YOY":null,"NET_INTEREST_INCOME":null,"NET_INTEREST_INCOME_YOY":null,"FEE_COMMISSION_INCOME":null,"FEE_COMMISSION_INCOME_YOY":null,"ACCOUNTS_RECE_TDAYS":8.699303372696,"INVENTORY_TDAYS":116.453453453453,"CURRENT_ASSETS_TDAYS":0.910993134156,"TOTAL_ASSETS_TDAYS":0.265068482291,"PREMIUM_EXPENSE":null,"LOAN_DEPOSIT":null,"LOAN_EQUITY":null,"LOAN_ASSETS":null,"DEPOSIT_EQUITY":null,"DEPOSIT_ASSETS":null,"EQUITY_MULTIPLIER":1.806124344152,"EQUITY_RATIO":0.87276034501}],"count":89},"success":true,"message":"ok","code":0}