{"version":"a1f86c83289c5564236e3aac78dd4a96","result":{"pages":6,"data":[{"SECUCODE":"00703.HK","SECURITY_CODE":"00703","SECURITY_NAME_ABBR":"FUTURE BRIGHT","ORG_CODE":"10009069","STD_REPORT_DATE":"2024-06-30 00:00:00","REPORT_DATE":"2024-06-30 00:00:00","DATE_TYPE_CODE":"002","REPORT_TYPE":"2024年中报","PER_NETCASH_OPERATE":0.053152941183,"PER_OI":0.296088238678,"BPS":0.491567759503,"BASIC_EPS":0.000730144,"DILUTED_EPS":0.000730144,"OPERATE_INCOME":205574781.24,"OPERATE_INCOME_YOY":-3.1591936059,"GROSS_PROFIT":154345140.16,"GROSS_PROFIT_YOY":-2.62950583401,"HOLDER_PROFIT":489196.48,"HOLDER_PROFIT_YOY":-97.7979540693,"GROSS_PROFIT_RATIO":75.079802701971,"EPS_TTM":0.031799829527,"OPERATE_INCOME_QOQ":-1.992890461613,"NET_PROFIT_RATIO":1.0588564351,"ROE_AVG":0.14348623362,"GROSS_PROFIT_QOQ":-1.281441375178,"ROA":0.053755029505,"HOLDER_PROFIT_QOQ":-49.856943101593,"ROE_YEARLY":0.28697246724,"ROIC_YEARLY":0.109555330041,"TOTAL_ASSETS":904020492.16,"TOTAL_LIABILITIES":576581939.28,"TAX_EBT":9.761634506243,"OCF_SALES":17.951723250001,"TOTAL_PARENT_EQUITY":341296686,"DEBT_ASSET_RATIO":63.7797421939,"OPERATE_PROFIT":12693553.44,"PRETAX_PROFIT":2412213.24,"NETCASH_OPERATE":36904215.8,"NETCASH_INVEST":-10534152.56,"NETCASH_FINANCE":-39518131.32,"END_CASH":25026598.28,"DIVI_RATIO":null,"DIVIDEND_RATE":null,"CURRENT_RATIO":0.386340796897,"COMMON_ACS":1000000000,"CURRENTDEBT_DEBT":35.913167633828,"ISSUED_COMMON_SHARES":694302422,"HK_COMMON_SHARES":694302422,"PER_SHARES":6000,"TOTAL_MARKET_CAP":90259314.86,"HKSK_MARKET_CAP":90259314.86,"PE_TTM":3.641985024412,"PB_TTM":0.241367334831,"REPORT_DATE_SQ":"2023-06-30 00:00:00","REPORT_TYPE_SQ":"2023年中报","OPERATE_INCOME_SQ":214444250.18,"DPS_HKD":null,"OPERATE_INCOME_QOQ_SQ":38.766633058874,"NET_PROFIT_RATIO_SQ":12.0778533993,"HOLDER_PROFIT_SQ":22441915.18,"HOLDER_PROFIT_QOQ_SQ":99.762781376036,"ROE_AVG_SQ":7.225603828166,"PE_TTM_SQ":34.499499229814,"PB_TTM_SQ":0.333953105958,"ROA_SQ":2.566522283752,"START_DATE":"2024-01-01 00:00:00","FISCAL_YEAR":"12-31","CURRENCY":"HKD","IS_CNY_CODE":0,"DPS_HKD_LY":null,"ORG_TYPE":"一般企业","PREMIUM_INCOME":null,"PREMIUM_INCOME_YOY":null,"NET_INTEREST_INCOME":null,"NET_INTEREST_INCOME_YOY":null,"FEE_COMMISSION_INCOME":null,"FEE_COMMISSION_INCOME_YOY":null,"ACCOUNTS_RECE_TDAYS":6.427617498502,"INVENTORY_TDAYS":2.390231439096,"CURRENT_ASSETS_TDAYS":2.351486363043,"TOTAL_ASSETS_TDAYS":0.225894479679,"PREMIUM_EXPENSE":null,"LOAN_DEPOSIT":null,"LOAN_EQUITY":null,"LOAN_ASSETS":null,"DEPOSIT_EQUITY":null,"DEPOSIT_ASSETS":null,"EQUITY_MULTIPLIER":2.760885925642,"EQUITY_RATIO":1.689386281588},{"SECUCODE":"00703.HK","SECURITY_CODE":"00703","SECURITY_NAME_ABBR":"FUTURE BRIGHT","ORG_CODE":"10009069","STD_REPORT_DATE":"2023-12-31 00:00:00","REPORT_DATE":"2023-12-31 00:00:00","DATE_TYPE_CODE":"001","REPORT_TYPE":"2023年年报","PER_NETCASH_OPERATE":0.16257214223,"PER_OI":0.641011038616,"BPS":0.487057288704,"BASIC_EPS":0.0634354,"DILUTED_EPS":0.0634354,"OPERATE_INCOME":445055516.64,"OPERATE_INCOME_YOY":72.2861472833,"GROSS_PROFIT":325267732.16,"GROSS_PROFIT_YOY":86.423389540637,"HOLDER_PROFIT":44031417.36,"HOLDER_PROFIT_YOY":138.6810177372,"GROSS_PROFIT_RATIO":73.084754597729,"EPS_TTM":0.063418210804,"OPERATE_INCOME_QOQ":25.955229136822,"NET_PROFIT_RATIO":12.3222401407,"ROE_AVG":13.929566643349,"GROSS_PROFIT_QOQ":28.174307684075,"ROA":4.974058892661,"HOLDER_PROFIT_QOQ":16642.4566008359,"ROE_YEARLY":13.929566643349,"ROIC_YEARLY":5.030876085633,"TOTAL_ASSETS":909591138.4,"TOTAL_LIABILITIES":586861728.46,"TAX_EBT":-11.741787765201,"OCF_SALES":25.361831924286,"TOTAL_PARENT_EQUITY":338165055.2,"DEBT_ASSET_RATIO":64.5192882477,"OPERATE_PROFIT":67256023.52,"PRETAX_PROFIT":49078156.54,"NETCASH_OPERATE":112874232.1,"NETCASH_INVEST":-10815735.7,"NETCASH_FINANCE":-87482853.92,"END_CASH":38084801.72,"DIVI_RATIO":null,"DIVIDEND_RATE":null,"CURRENT_RATIO":0.444090235074,"COMMON_ACS":1000000000,"CURRENTDEBT_DEBT":36.13550486185,"ISSUED_COMMON_SHARES":694302422,"HK_COMMON_SHARES":694302422,"PER_SHARES":6000,"TOTAL_MARKET_CAP":99285246.346,"HKSK_MARKET_CAP":99285246.346,"PE_TTM":4.006183526853,"PB_TTM":0.265504068314,"REPORT_DATE_SQ":"2022-12-31 00:00:00","REPORT_TYPE_SQ":"2022年年报","OPERATE_INCOME_SQ":254631973.12,"DPS_HKD":null,"OPERATE_INCOME_QOQ_SQ":-17.827324740963,"NET_PROFIT_RATIO_SQ":-44.8532919847,"HOLDER_PROFIT_SQ":-112205431.24,"HOLDER_PROFIT_QOQ_SQ":-1.921508361588,"ROE_AVG_SQ":-33.230028504725,"PE_TTM_SQ":38.606582471458,"PB_TTM_SQ":0.373709428096,"ROA_SQ":-12.326823933147,"START_DATE":"2023-01-01 00:00:00","FISCAL_YEAR":"12-31","CURRENCY":"HKD","IS_CNY_CODE":0,"DPS_HKD_LY":null,"ORG_TYPE":"一般企业","PREMIUM_INCOME":null,"PREMIUM_INCOME_YOY":null,"NET_INTEREST_INCOME":null,"NET_INTEREST_INCOME_YOY":null,"FEE_COMMISSION_INCOME":null,"FEE_COMMISSION_INCOME_YOY":null,"ACCOUNTS_RECE_TDAYS":13.313417460726,"INVENTORY_TDAYS":6.142807351814,"CURRENT_ASSETS_TDAYS":5.213862952327,"TOTAL_ASSETS_TDAYS":0.502762001089,"PREMIUM_EXPENSE":null,"LOAN_DEPOSIT":null,"LOAN_EQUITY":null,"LOAN_ASSETS":null,"DEPOSIT_EQUITY":null,"DEPOSIT_ASSETS":null,"EQUITY_MULTIPLIER":2.818432750113,"EQUITY_RATIO":1.735429842427},{"SECUCODE":"00703.HK","SECURITY_CODE":"00703","SECURITY_NAME_ABBR":"FUTURE BRIGHT","ORG_CODE":"10009069","STD_REPORT_DATE":"2023-06-30 00:00:00","REPORT_DATE":"2023-06-30 00:00:00","DATE_TYPE_CODE":"002","REPORT_TYPE":"2023年中报","PER_NETCASH_OPERATE":0.075124575239,"PER_OI":0.308862886525,"BPS":0.463815539477,"BASIC_EPS":0.0322693,"DILUTED_EPS":0.0322693,"OPERATE_INCOME":214444250.18,"OPERATE_INCOME_YOY":71.8707741874,"GROSS_PROFIT":158513255.46,"GROSS_PROFIT_YOY":100.088983276046,"HOLDER_PROFIT":22441915.18,"HOLDER_PROFIT_YOY":123.2589917058,"GROSS_PROFIT_RATIO":73.918165363234,"EPS_TTM":-0.000383366342,"OPERATE_INCOME_QOQ":38.766633058874,"NET_PROFIT_RATIO":12.0778533993,"ROE_AVG":7.225603828166,"GROSS_PROFIT_QOQ":45.445208879251,"ROA":2.566522283752,"HOLDER_PROFIT_QOQ":99.762781376036,"ROE_YEARLY":14.451207656332,"ROIC_YEARLY":5.137554263715,"TOTAL_ASSETS":872997046.56,"TOTAL_LIABILITIES":574211909.94,"TAX_EBT":-1.971033431341,"OCF_SALES":24.322953166718,"TOTAL_PARENT_EQUITY":322028252.42,"DEBT_ASSET_RATIO":65.7747826528,"OPERATE_PROFIT":33891062.82,"PRETAX_PROFIT":25399627.02,"NETCASH_OPERATE":52159174.54,"NETCASH_INVEST":-3289624.64,"NETCASH_FINANCE":-45234182.76,"END_CASH":27478691.92,"DIVI_RATIO":null,"DIVIDEND_RATE":null,"CURRENT_RATIO":0.413317498564,"COMMON_ACS":1000000000,"CURRENTDEBT_DEBT":37.450365524893,"ISSUED_COMMON_SHARES":694302422,"HK_COMMON_SHARES":694302422,"PER_SHARES":6000,"TOTAL_MARKET_CAP":99285246.346,"HKSK_MARKET_CAP":99285246.346,"PE_TTM":4.006183526853,"PB_TTM":0.265504068314,"REPORT_DATE_SQ":"2022-06-30 00:00:00","REPORT_TYPE_SQ":"2022年中报","OPERATE_INCOME_SQ":115732007.51,"DPS_HKD":null,"OPERATE_INCOME_QOQ_SQ":-20.28035583122,"NET_PROFIT_RATIO_SQ":-80.5740085274,"HOLDER_PROFIT_SQ":-89497343.88,"HOLDER_PROFIT_QOQ_SQ":-84.571226567527,"ROE_AVG_SQ":-27.405927318722,"PE_TTM_SQ":38.606582471458,"PB_TTM_SQ":0.373709428096,"ROA_SQ":-10.064918203064,"START_DATE":"2023-01-01 00:00:00","FISCAL_YEAR":"12-31","CURRENCY":"HKD","IS_CNY_CODE":0,"DPS_HKD_LY":null,"ORG_TYPE":"一般企业","PREMIUM_INCOME":null,"PREMIUM_INCOME_YOY":null,"NET_INTEREST_INCOME":null,"NET_INTEREST_INCOME_YOY":null,"FEE_COMMISSION_INCOME":null,"FEE_COMMISSION_INCOME_YOY":null,"ACCOUNTS_RECE_TDAYS":6.239531078145,"INVENTORY_TDAYS":2.56149980999,"CURRENT_ASSETS_TDAYS":2.571941968729,"TOTAL_ASSETS_TDAYS":0.245244642578,"PREMIUM_EXPENSE":null,"LOAN_DEPOSIT":null,"LOAN_EQUITY":null,"LOAN_ASSETS":null,"DEPOSIT_EQUITY":null,"DEPOSIT_ASSETS":null,"EQUITY_MULTIPLIER":2.921822204533,"EQUITY_RATIO":1.783110350179},{"SECUCODE":"00703.HK","SECURITY_CODE":"00703","SECURITY_NAME_ABBR":"FUTURE BRIGHT","ORG_CODE":"10009069","STD_REPORT_DATE":"2022-12-31 00:00:00","REPORT_DATE":"2022-12-31 00:00:00","DATE_TYPE_CODE":"001","REPORT_TYPE":"2022年年报","PER_NETCASH_OPERATE":-0.006912750925,"PER_OI":0.366745045173,"BPS":0.417446271389,"BASIC_EPS":-0.161592543,"DILUTED_EPS":-0.161592543,"OPERATE_INCOME":254631973.12,"OPERATE_INCOME_YOY":-40.0414789387,"GROSS_PROFIT":174477962.75,"GROSS_PROFIT_YOY":-35.083503282747,"HOLDER_PROFIT":-112205431.24,"HOLDER_PROFIT_YOY":-72.1820898387,"GROSS_PROFIT_RATIO":68.521623821284,"EPS_TTM":-0.161608871991,"OPERATE_INCOME_QOQ":-17.827324740963,"NET_PROFIT_RATIO":-44.8532919847,"ROE_AVG":-33.230028504725,"GROSS_PROFIT_QOQ":-17.859616763157,"ROA":-12.326823933147,"HOLDER_PROFIT_QOQ":-1.921508361588,"ROE_YEARLY":-33.230028504725,"ROIC_YEARLY":-12.370118775278,"TOTAL_ASSETS":848549330.72,"TOTAL_LIABILITIES":584585365.91,"TAX_EBT":4.741433903786,"OCF_SALES":-1.884892792995,"TOTAL_PARENT_EQUITY":289833957.28,"DEBT_ASSET_RATIO":68.8923253777,"OPERATE_PROFIT":-105346010.91,"PRETAX_PROFIT":-119895592.67,"NETCASH_OPERATE":-4799539.71,"NETCASH_INVEST":-6576253.74,"NETCASH_FINANCE":2013430.58,"END_CASH":23253604.64,"DIVI_RATIO":null,"DIVIDEND_RATE":null,"CURRENT_RATIO":0.321212213404,"COMMON_ACS":1000000000,"CURRENTDEBT_DEBT":40.180889411139,"ISSUED_COMMON_SHARES":694302422,"HK_COMMON_SHARES":694302422,"PER_SHARES":6000,"TOTAL_MARKET_CAP":99285246.346,"HKSK_MARKET_CAP":99285246.346,"PE_TTM":4.006183526853,"PB_TTM":0.265504068314,"REPORT_DATE_SQ":"2021-12-31 00:00:00","REPORT_TYPE_SQ":"2021年年报","OPERATE_INCOME_SQ":388705027.2,"DPS_HKD":null,"OPERATE_INCOME_QOQ_SQ":6.587463589402,"NET_PROFIT_RATIO_SQ":-16.1233598782,"HOLDER_PROFIT_SQ":-59646372.8,"HOLDER_PROFIT_QOQ_SQ":-48.945040949881,"ROE_AVG_SQ":-15.412893268783,"PE_TTM_SQ":38.606582471458,"PB_TTM_SQ":0.373709428096,"ROA_SQ":-6.123706373009,"START_DATE":"2022-01-01 00:00:00","FISCAL_YEAR":"12-31","CURRENCY":"HKD","IS_CNY_CODE":0,"DPS_HKD_LY":null,"ORG_TYPE":"一般企业","PREMIUM_INCOME":null,"PREMIUM_INCOME_YOY":null,"NET_INTEREST_INCOME":null,"NET_INTEREST_INCOME_YOY":null,"FEE_COMMISSION_INCOME":null,"FEE_COMMISSION_INCOME_YOY":null,"ACCOUNTS_RECE_TDAYS":6.864683925346,"INVENTORY_TDAYS":3.819965942954,"CURRENT_ASSETS_TDAYS":2.844004569467,"TOTAL_ASSETS_TDAYS":0.279737216435,"PREMIUM_EXPENSE":null,"LOAN_DEPOSIT":null,"LOAN_EQUITY":null,"LOAN_ASSETS":null,"DEPOSIT_EQUITY":null,"DEPOSIT_ASSETS":null,"EQUITY_MULTIPLIER":3.214640798908,"EQUITY_RATIO":2.016966443118},{"SECUCODE":"00703.HK","SECURITY_CODE":"00703","SECURITY_NAME_ABBR":"FUTURE BRIGHT","ORG_CODE":"10009069","STD_REPORT_DATE":"2022-06-30 00:00:00","REPORT_DATE":"2022-06-30 00:00:00","DATE_TYPE_CODE":"002","REPORT_TYPE":"2022年中报","PER_NETCASH_OPERATE":-0.045883006714,"PER_OI":0.166688180601,"BPS":0.409138565168,"BASIC_EPS":-0.128877133,"DILUTED_EPS":-0.128877133,"OPERATE_INCOME":115732007.51,"OPERATE_INCOME_YOY":-42.1243055763,"GROSS_PROFIT":79221380.84,"GROSS_PROFIT_YOY":-41.568511841658,"HOLDER_PROFIT":-89497343.88,"HOLDER_PROFIT_YOY":-122.9721955896,"GROSS_PROFIT_RATIO":68.452438132256,"EPS_TTM":-0.158562088208,"OPERATE_INCOME_QOQ":-20.28035583122,"NET_PROFIT_RATIO":-80.5740085274,"ROE_AVG":-27.405927318722,"GROSS_PROFIT_QOQ":-20.96884119706,"ROA":-10.064918203064,"HOLDER_PROFIT_QOQ":-84.571226567527,"ROE_YEARLY":-54.811854637445,"ROIC_YEARLY":-20.201080394517,"TOTAL_ASSETS":847877270.31,"TOTAL_LIABILITIES":590412058.53,"TAX_EBT":1.088534107402,"OCF_SALES":-27.526250840544,"TOTAL_PARENT_EQUITY":284065896.73,"DEBT_ASSET_RATIO":69.6341415443,"OPERATE_PROFIT":-87921228.71,"PRETAX_PROFIT":-94276145.6,"NETCASH_OPERATE":-31856682.69,"NETCASH_INVEST":-4757421.97,"NETCASH_FINANCE":30045390.27,"END_CASH":24267726.63,"DIVI_RATIO":null,"DIVIDEND_RATE":null,"CURRENT_RATIO":0.370067440052,"COMMON_ACS":1000000000,"CURRENTDEBT_DEBT":42.289759222002,"ISSUED_COMMON_SHARES":694302422,"HK_COMMON_SHARES":694302422,"PER_SHARES":6000,"TOTAL_MARKET_CAP":99285246.346,"HKSK_MARKET_CAP":99285246.346,"PE_TTM":4.006183526853,"PB_TTM":0.265504068314,"REPORT_DATE_SQ":"2021-06-30 00:00:00","REPORT_TYPE_SQ":"2021年中报","OPERATE_INCOME_SQ":194562770.16,"DPS_HKD":null,"OPERATE_INCOME_QOQ_SQ":3.305885678154,"NET_PROFIT_RATIO_SQ":-21.3037844218,"HOLDER_PROFIT_SQ":-39053674.8,"HOLDER_PROFIT_QOQ_SQ":60.659153187469,"ROE_AVG_SQ":-9.59177480021,"PE_TTM_SQ":38.606582471458,"PB_TTM_SQ":0.373709428096,"ROA_SQ":-3.744626598457,"START_DATE":"2022-01-01 00:00:00","FISCAL_YEAR":"12-31","CURRENCY":"HKD","IS_CNY_CODE":0,"DPS_HKD_LY":null,"ORG_TYPE":"一般企业","PREMIUM_INCOME":null,"PREMIUM_INCOME_YOY":null,"NET_INTEREST_INCOME":null,"NET_INTEREST_INCOME_YOY":null,"FEE_COMMISSION_INCOME":null,"FEE_COMMISSION_INCOME_YOY":null,"ACCOUNTS_RECE_TDAYS":2.920853837521,"INVENTORY_TDAYS":1.59302238806,"CURRENT_ASSETS_TDAYS":1.208068130083,"TOTAL_ASSETS_TDAYS":0.130152822259,"PREMIUM_EXPENSE":null,"LOAN_DEPOSIT":null,"LOAN_EQUITY":null,"LOAN_ASSETS":null,"DEPOSIT_EQUITY":null,"DEPOSIT_ASSETS":null,"EQUITY_MULTIPLIER":3.293172170511,"EQUITY_RATIO":2.078433438602},{"SECUCODE":"00703.HK","SECURITY_CODE":"00703","SECURITY_NAME_ABBR":"FUTURE BRIGHT","ORG_CODE":"10009069","STD_REPORT_DATE":"2021-12-31 00:00:00","REPORT_DATE":"2021-12-31 00:00:00","DATE_TYPE_CODE":"001","REPORT_TYPE":"2021年年报","PER_NETCASH_OPERATE":0.041123617454,"PER_OI":0.559849735336,"BPS":0.508187911233,"BASIC_EPS":-0.08592976,"DILUTED_EPS":-0.08592976,"OPERATE_INCOME":388705027.2,"OPERATE_INCOME_YOY":13.3487350781,"GROSS_PROFIT":268772918.4,"GROSS_PROFIT_YOY":12.285833241481,"HOLDER_PROFIT":-59646372.8,"HOLDER_PROFIT_YOY":39.6808466658,"GROSS_PROFIT_RATIO":69.145727374838,"EPS_TTM":-0.085908346147,"OPERATE_INCOME_QOQ":6.587463589402,"NET_PROFIT_RATIO":-16.1233598782,"ROE_AVG":-15.412893268783,"GROSS_PROFIT_QOQ":8.098457313804,"ROA":-6.123706373009,"HOLDER_PROFIT_QOQ":-48.945040949881,"ROE_YEARLY":-15.412893268783,"ROIC_YEARLY":-6.262597647867,"TOTAL_ASSETS":889623201.6,"TOTAL_LIABILITIES":558630105.6,"TAX_EBT":12.633066630194,"OCF_SALES":7.345474126145,"TOTAL_PARENT_EQUITY":352836097.6,"DEBT_ASSET_RATIO":62.7940126331,"OPERATE_PROFIT":-56542763.2,"PRETAX_PROFIT":-71734588.8,"NETCASH_OPERATE":28552227.2,"NETCASH_INVEST":-246097.6,"NETCASH_FINANCE":-53254376,"END_CASH":30069692.8,"DIVI_RATIO":null,"DIVIDEND_RATE":null,"CURRENT_RATIO":0.415464404934,"COMMON_ACS":1000000000,"CURRENTDEBT_DEBT":40.8625756671,"ISSUED_COMMON_SHARES":694302422,"HK_COMMON_SHARES":694302422,"PER_SHARES":6000,"TOTAL_MARKET_CAP":99285246.346,"HKSK_MARKET_CAP":99285246.346,"PE_TTM":4.006183526853,"PB_TTM":0.265504068314,"REPORT_DATE_SQ":"2020-12-31 00:00:00","REPORT_TYPE_SQ":"2020年年报","OPERATE_INCOME_SQ":353011590.12,"DPS_HKD":null,"OPERATE_INCOME_QOQ_SQ":-50.310648872222,"NET_PROFIT_RATIO_SQ":-30.3934120587,"HOLDER_PROFIT_SQ":-101792149.8,"HOLDER_PROFIT_QOQ_SQ":73.002807934955,"ROE_AVG_SQ":-20.616122832512,"PE_TTM_SQ":38.606582471458,"PB_TTM_SQ":0.373709428096,"ROA_SQ":-7.978044463853,"START_DATE":"2021-01-01 00:00:00","FISCAL_YEAR":"12-31","CURRENCY":"HKD","IS_CNY_CODE":0,"DPS_HKD_LY":null,"ORG_TYPE":"一般企业","PREMIUM_INCOME":null,"PREMIUM_INCOME_YOY":null,"NET_INTEREST_INCOME":null,"NET_INTEREST_INCOME_YOY":null,"FEE_COMMISSION_INCOME":null,"FEE_COMMISSION_INCOME_YOY":null,"ACCOUNTS_RECE_TDAYS":9.730589354974,"INVENTORY_TDAYS":5.531326005392,"CURRENT_ASSETS_TDAYS":3.523980713139,"TOTAL_ASSETS_TDAYS":0.399071283055,"PREMIUM_EXPENSE":null,"LOAN_DEPOSIT":null,"LOAN_EQUITY":null,"LOAN_ASSETS":null,"DEPOSIT_EQUITY":null,"DEPOSIT_ASSETS":null,"EQUITY_MULTIPLIER":2.687739449403,"EQUITY_RATIO":1.583256671865},{"SECUCODE":"00703.HK","SECURITY_CODE":"00703","SECURITY_NAME_ABBR":"FUTURE BRIGHT","ORG_CODE":"10009069","STD_REPORT_DATE":"2021-06-30 00:00:00","REPORT_DATE":"2021-06-30 00:00:00","DATE_TYPE_CODE":"002","REPORT_TYPE":"2021年中报","PER_NETCASH_OPERATE":0.035435482666,"PER_OI":0.280227699047,"BPS":0.555540594441,"BASIC_EPS":-0.056248608,"DILUTED_EPS":-0.056248608,"OPERATE_INCOME":194562770.16,"OPERATE_INCOME_YOY":16.7827033722,"GROSS_PROFIT":135579947.28,"GROSS_PROFIT_YOY":7.34096278548,"HOLDER_PROFIT":-39053674.8,"HOLDER_PROFIT_YOY":57.4679208351,"GROSS_PROFIT_RATIO":69.684424809795,"EPS_TTM":-0.057677882794,"OPERATE_INCOME_QOQ":3.305885678154,"NET_PROFIT_RATIO":-21.3037844218,"ROE_AVG":-9.59177480021,"GROSS_PROFIT_QOQ":3.8736685349,"ROA":-3.744626598457,"HOLDER_PROFIT_QOQ":60.659153187469,"ROE_YEARLY":-19.183549600419,"ROIC_YEARLY":-7.750929851484,"TOTAL_ASSETS":1008681491.28,"TOTAL_LIABILITIES":644514190.56,"TAX_EBT":-2.314786287921,"OCF_SALES":12.645246271816,"TOTAL_PARENT_EQUITY":385713180.24,"DEBT_ASSET_RATIO":63.8967004086,"OPERATE_PROFIT":-31977666.48,"PRETAX_PROFIT":-40511478.96,"NETCASH_OPERATE":24602941.44,"NETCASH_INVEST":1360450.8,"NETCASH_FINANCE":-25349317.2,"END_CASH":56369259.6,"DIVI_RATIO":null,"DIVIDEND_RATE":null,"CURRENT_RATIO":0.495937743291,"COMMON_ACS":1000000000,"CURRENTDEBT_DEBT":39.964393698795,"ISSUED_COMMON_SHARES":694302422,"HK_COMMON_SHARES":694302422,"PER_SHARES":6000,"TOTAL_MARKET_CAP":99285246.346,"HKSK_MARKET_CAP":99285246.346,"PE_TTM":4.006183526853,"PB_TTM":0.265504068314,"REPORT_DATE_SQ":"2020-06-30 00:00:00","REPORT_TYPE_SQ":"2020年中报","OPERATE_INCOME_SQ":182892610.56,"DPS_HKD":null,"OPERATE_INCOME_QOQ_SQ":-30.570976218873,"NET_PROFIT_RATIO_SQ":-56.5152029727,"HOLDER_PROFIT_SQ":-100799930.88,"HOLDER_PROFIT_QOQ_SQ":-11.696518933345,"ROE_AVG_SQ":-18.269654215603,"PE_TTM_SQ":38.606582471458,"PB_TTM_SQ":0.373709428096,"ROA_SQ":-7.078474387099,"START_DATE":"2021-01-01 00:00:00","FISCAL_YEAR":"12-31","CURRENCY":"HKD","IS_CNY_CODE":0,"DPS_HKD_LY":null,"ORG_TYPE":"一般企业","PREMIUM_INCOME":null,"PREMIUM_INCOME_YOY":null,"NET_INTEREST_INCOME":null,"NET_INTEREST_INCOME_YOY":null,"FEE_COMMISSION_INCOME":null,"FEE_COMMISSION_INCOME_YOY":null,"ACCOUNTS_RECE_TDAYS":4.661158178013,"INVENTORY_TDAYS":2.583732755007,"CURRENT_ASSETS_TDAYS":1.521588047347,"TOTAL_ASSETS_TDAYS":0.186554768006,"PREMIUM_EXPENSE":null,"LOAN_DEPOSIT":null,"LOAN_EQUITY":null,"LOAN_ASSETS":null,"DEPOSIT_EQUITY":null,"DEPOSIT_ASSETS":null,"EQUITY_MULTIPLIER":2.769829936093,"EQUITY_RATIO":1.670967505334},{"SECUCODE":"00703.HK","SECURITY_CODE":"00703","SECURITY_NAME_ABBR":"FUTURE BRIGHT","ORG_CODE":"10009069","STD_REPORT_DATE":"2020-12-31 00:00:00","REPORT_DATE":"2020-12-31 00:00:00","DATE_TYPE_CODE":"001","REPORT_TYPE":"2020年年报","PER_NETCASH_OPERATE":-0.092824943365,"PER_OI":0.508440672154,"BPS":0.624406695099,"BASIC_EPS":-0.146613688,"DILUTED_EPS":-0.146613688,"OPERATE_INCOME":353011590.12,"OPERATE_INCOME_YOY":-63.2819694863,"GROSS_PROFIT":239364940.92,"GROSS_PROFIT_YOY":-66.473071061768,"HOLDER_PROFIT":-101792149.8,"HOLDER_PROFIT_YOY":67.9053067897,"GROSS_PROFIT_RATIO":67.806538827417,"EPS_TTM":-0.146610679402,"OPERATE_INCOME_QOQ":-50.310648872222,"NET_PROFIT_RATIO":-30.3934120587,"ROE_AVG":-20.616122832512,"GROSS_PROFIT_QOQ":-51.470624378087,"ROA":-7.978044463853,"HOLDER_PROFIT_QOQ":73.002807934955,"ROE_YEARLY":-20.616122832512,"ROIC_YEARLY":-8.814365933381,"TOTAL_ASSETS":1089545903.64,"TOTAL_LIABILITIES":675389167.52,"TAX_EBT":4.989044077094,"OCF_SALES":-18.256789522999,"TOTAL_PARENT_EQUITY":433527080.72,"DEBT_ASSET_RATIO":61.9881333374,"OPERATE_PROFIT":-84338219.48,"PRETAX_PROFIT":-112926205.36,"NETCASH_OPERATE":-64448583,"NETCASH_INVEST":8643642.8,"NETCASH_FINANCE":-113110524.52,"END_CASH":55375703.8,"DIVI_RATIO":null,"DIVIDEND_RATE":null,"CURRENT_RATIO":0.446859131526,"COMMON_ACS":1000000000,"CURRENTDEBT_DEBT":42.897162254445,"ISSUED_COMMON_SHARES":694302422,"HK_COMMON_SHARES":694302422,"PER_SHARES":6000,"TOTAL_MARKET_CAP":99285246.346,"HKSK_MARKET_CAP":99285246.346,"PE_TTM":4.006183526853,"PB_TTM":0.265504068314,"REPORT_DATE_SQ":"2019-12-31 00:00:00","REPORT_TYPE_SQ":"2019年年报","OPERATE_INCOME_SQ":1023256660.24,"DPS_HKD":null,"OPERATE_INCOME_QOQ_SQ":-1.010427310278,"NET_PROFIT_RATIO_SQ":-32.8428935103,"HOLDER_PROFIT_SQ":-337563943.64,"HOLDER_PROFIT_QOQ_SQ":-232.942769252528,"ROE_AVG_SQ":-45.460802155069,"PE_TTM_SQ":38.606582471458,"PB_TTM_SQ":0.373709428096,"ROA_SQ":-21.303630353708,"START_DATE":"2020-01-01 00:00:00","FISCAL_YEAR":"12-31","CURRENCY":"HKD","IS_CNY_CODE":0,"DPS_HKD_LY":null,"ORG_TYPE":"一般企业","PREMIUM_INCOME":null,"PREMIUM_INCOME_YOY":null,"NET_INTEREST_INCOME":null,"NET_INTEREST_INCOME_YOY":null,"FEE_COMMISSION_INCOME":null,"FEE_COMMISSION_INCOME_YOY":null,"ACCOUNTS_RECE_TDAYS":6.647484408802,"INVENTORY_TDAYS":3.707425559079,"CURRENT_ASSETS_TDAYS":1.488676091131,"TOTAL_ASSETS_TDAYS":0.27667577193,"PREMIUM_EXPENSE":null,"LOAN_DEPOSIT":null,"LOAN_EQUITY":null,"LOAN_ASSETS":null,"DEPOSIT_EQUITY":null,"DEPOSIT_ASSETS":null,"EQUITY_MULTIPLIER":2.630757412879,"EQUITY_RATIO":1.557893837677},{"SECUCODE":"00703.HK","SECURITY_CODE":"00703","SECURITY_NAME_ABBR":"FUTURE BRIGHT","ORG_CODE":"10009069","STD_REPORT_DATE":"2020-06-30 00:00:00","REPORT_DATE":"2020-06-30 00:00:00","DATE_TYPE_CODE":"002","REPORT_TYPE":"2020年中报","PER_NETCASH_OPERATE":-0.114294718678,"PER_OI":0.263419231685,"BPS":0.723367492098,"BASIC_EPS":-0.145145616,"DILUTED_EPS":-0.145145616,"OPERATE_INCOME":182892610.56,"OPERATE_INCOME_YOY":-64.4694930323,"GROSS_PROFIT":126307742.88,"GROSS_PROFIT_YOY":-63.602049522795,"HOLDER_PROFIT":-100799930.88,"HOLDER_PROFIT_YOY":-58.3128900366,"GROSS_PROFIT_RATIO":69.061151510308,"EPS_TTM":-0.543058993131,"OPERATE_INCOME_QOQ":-30.570976218873,"NET_PROFIT_RATIO":-56.5152029727,"ROE_AVG":-18.269654215603,"GROSS_PROFIT_QOQ":-30.914155583956,"ROA":-7.078474387099,"HOLDER_PROFIT_QOQ":-11.696518933345,"ROE_YEARLY":-36.539308431206,"ROIC_YEARLY":-15.806181200582,"TOTAL_ASSETS":1261063293.6,"TOTAL_LIABILITIES":776443182.24,"TAX_EBT":2.037053068998,"OCF_SALES":-43.388904427042,"TOTAL_PARENT_EQUITY":502235801.76,"DEBT_ASSET_RATIO":61.570516419,"OPERATE_PROFIT":-97948171.2,"PRETAX_PROFIT":-105511454.4,"NETCASH_OPERATE":-79355100,"NETCASH_INVEST":2659937.28,"NETCASH_FINANCE":-67327835.52,"END_CASH":91088236.8,"DIVI_RATIO":null,"DIVIDEND_RATE":null,"CURRENT_RATIO":0.619247841315,"COMMON_ACS":1000000000,"CURRENTDEBT_DEBT":40.710053045748,"ISSUED_COMMON_SHARES":694302422,"HK_COMMON_SHARES":694302422,"PER_SHARES":6000,"TOTAL_MARKET_CAP":99285246.346,"HKSK_MARKET_CAP":99285246.346,"PE_TTM":4.006183526853,"PB_TTM":0.265504068314,"REPORT_DATE_SQ":"2019-06-30 00:00:00","REPORT_TYPE_SQ":"2019年中报","OPERATE_INCOME_SQ":495712160.82,"DPS_HKD":null,"OPERATE_INCOME_QOQ_SQ":4.098369520572,"NET_PROFIT_RATIO_SQ":-12.202964543,"HOLDER_PROFIT_SQ":-61316700.3,"HOLDER_PROFIT_QOQ_SQ":-92.454524807321,"ROE_AVG_SQ":-7.253706461371,"PE_TTM_SQ":38.606582471458,"PB_TTM_SQ":0.373709428096,"ROA_SQ":-3.60125358033,"START_DATE":"2020-01-01 00:00:00","FISCAL_YEAR":"12-31","CURRENCY":"HKD","IS_CNY_CODE":0,"DPS_HKD_LY":null,"ORG_TYPE":"一般企业","PREMIUM_INCOME":null,"PREMIUM_INCOME_YOY":null,"NET_INTEREST_INCOME":null,"NET_INTEREST_INCOME_YOY":null,"FEE_COMMISSION_INCOME":null,"FEE_COMMISSION_INCOME_YOY":null,"ACCOUNTS_RECE_TDAYS":3.189575384909,"INVENTORY_TDAYS":1.443649498951,"CURRENT_ASSETS_TDAYS":0.64178472979,"TOTAL_ASSETS_TDAYS":0.128432693171,"PREMIUM_EXPENSE":null,"LOAN_DEPOSIT":null,"LOAN_EQUITY":null,"LOAN_ASSETS":null,"DEPOSIT_EQUITY":null,"DEPOSIT_ASSETS":null,"EQUITY_MULTIPLIER":2.602168717392,"EQUITY_RATIO":1.545973384452}],"count":49},"success":true,"message":"ok","code":0}