{"version":"12fbd30588f907daa7d4708b49e762a4","result":{"pages":6,"data":[{"SECUCODE":"00709.HK","SECURITY_CODE":"00709","SECURITY_NAME_ABBR":"佐丹奴国际","ORG_CODE":"10009073","STD_REPORT_DATE":"2024-06-30 00:00:00","REPORT_DATE":"2024-06-30 00:00:00","DATE_TYPE_CODE":"002","REPORT_TYPE":"2024年中报","PER_NETCASH_OPERATE":0.149660731111,"PER_OI":1.074733476617,"BPS":1.15484471461,"BASIC_EPS":0.06753832,"DILUTED_EPS":0.06753832,"OPERATE_INCOME":1736830040,"OPERATE_INCOME_YOY":-3.4010152284,"GROSS_PROFIT":1022201600,"GROSS_PROFIT_YOY":-4.091472760107,"HOLDER_PROFIT":109521600,"HOLDER_PROFIT_YOY":-36.8421052632,"GROSS_PROFIT_RATIO":58.854440357331,"EPS_TTM":0.152835805709,"OPERATE_INCOME_QOQ":-2.264253947998,"NET_PROFIT_RATIO":7.4619022596,"ROE_AVG":5.668398677374,"GROSS_PROFIT_QOQ":-2.126379622978,"ROA":3.189792663477,"HOLDER_PROFIT_QOQ":-20.999667675156,"ROE_YEARLY":11.336797354747,"ROIC_YEARLY":8.559201141227,"TOTAL_ASSETS":3347710240,"TOTAL_LIABILITIES":1381797520,"TAX_EBT":27.179487179487,"OCF_SALES":13.925380977404,"TOTAL_PARENT_EQUITY":1866430600,"DEBT_ASSET_RATIO":41.2758996728,"OPERATE_PROFIT":184361360,"PRETAX_PROFIT":177972600,"NETCASH_OPERATE":241860200,"NETCASH_INVEST":146028800,"NETCASH_FINANCE":-415269400,"END_CASH":616059000,"DIVI_RATIO":1.278195898491,"DIVIDEND_RATE":14.72602739726,"CURRENT_RATIO":1.531769305963,"COMMON_ACS":2000000000,"CURRENTDEBT_DEBT":67.569352708058,"ISSUED_COMMON_SHARES":1616174518,"HK_COMMON_SHARES":1616174518,"PER_SHARES":2000,"TOTAL_MARKET_CAP":2359614796.28,"HKSK_MARKET_CAP":2359614796.28,"PE_TTM":8.580417441018,"PB_TTM":1.153845866152,"REPORT_DATE_SQ":"2023-06-30 00:00:00","REPORT_TYPE_SQ":"2023年中报","OPERATE_INCOME_SQ":1816300600,"DPS_HKD":0.215,"OPERATE_INCOME_QOQ_SQ":6.220920403499,"NET_PROFIT_RATIO_SQ":11.116751269,"HOLDER_PROFIT_SQ":175176200,"HOLDER_PROFIT_QOQ_SQ":38.523046047985,"ROE_AVG_SQ":8.264462809917,"PE_TTM_SQ":8.93855134626,"PB_TTM_SQ":1.414650169224,"ROA_SQ":4.833375731366,"START_DATE":"2024-01-01 00:00:00","FISCAL_YEAR":"12-31","CURRENCY":"HKD","IS_CNY_CODE":0,"DPS_HKD_LY":0.215,"ORG_TYPE":"一般企业","PREMIUM_INCOME":null,"PREMIUM_INCOME_YOY":null,"NET_INTEREST_INCOME":null,"NET_INTEREST_INCOME_YOY":null,"FEE_COMMISSION_INCOME":null,"FEE_COMMISSION_INCOME_YOY":null,"ACCOUNTS_RECE_TDAYS":6.178571428571,"INVENTORY_TDAYS":1.585020242915,"CURRENT_ASSETS_TDAYS":1.152634766808,"TOTAL_ASSETS_TDAYS":0.505847953216,"PREMIUM_EXPENSE":null,"LOAN_DEPOSIT":null,"LOAN_EQUITY":null,"LOAN_ASSETS":null,"DEPOSIT_EQUITY":null,"DEPOSIT_ASSETS":null,"EQUITY_MULTIPLIER":1.70287836583,"EQUITY_RATIO":0.740342298289},{"SECUCODE":"00709.HK","SECURITY_CODE":"00709","SECURITY_NAME_ABBR":"佐丹奴国际","ORG_CODE":"10009073","STD_REPORT_DATE":"2023-12-31 00:00:00","REPORT_DATE":"2023-12-31 00:00:00","DATE_TYPE_CODE":"001","REPORT_TYPE":"2023年年报","PER_NETCASH_OPERATE":0.529100347292,"PER_OI":2.175377542527,"BPS":1.227414216662,"BASIC_EPS":0.19574352,"DILUTED_EPS":0.19393108,"OPERATE_INCOME":3509790060,"OPERATE_INCOME_YOY":1.9478810213,"GROSS_PROFIT":2050775860,"GROSS_PROFIT_YOY":6.980772687168,"HOLDER_PROFIT":312645900,"HOLDER_PROFIT_YOY":28.7313432836,"GROSS_PROFIT_RATIO":58.430157500646,"EPS_TTM":0.193778789613,"OPERATE_INCOME_QOQ":-2.631374985203,"NET_PROFIT_RATIO":10.0438936225,"ROE_AVG":15.312916111851,"GROSS_PROFIT_QOQ":-2.234353182747,"ROA":8.774160732452,"HOLDER_PROFIT_QOQ":-5.721391887133,"ROE_YEARLY":15.312916111851,"ROIC_YEARLY":12.231873781245,"TOTAL_ASSETS":3494384320,"TOTAL_LIABILITIES":1399203680,"TAX_EBT":23.425196850394,"OCF_SALES":24.322230828815,"TOTAL_PARENT_EQUITY":1983715580,"DEBT_ASSET_RATIO":40.0414937759,"OPERATE_PROFIT":455828660,"PRETAX_PROFIT":460359760,"NETCASH_OPERATE":853659240,"NETCASH_INVEST":-140464100,"NETCASH_FINANCE":-839159720,"END_CASH":652478400,"DIVI_RATIO":1.00812942629,"DIVIDEND_RATE":13.109756097561,"CURRENT_RATIO":1.58302919708,"COMMON_ACS":2000000000,"CURRENTDEBT_DEBT":70.984455958549,"ISSUED_COMMON_SHARES":1616174518,"HK_COMMON_SHARES":1616174518,"PER_SHARES":2000,"TOTAL_MARKET_CAP":2650526209.52,"HKSK_MARKET_CAP":2650526209.52,"PE_TTM":9.638277125527,"PB_TTM":1.296100835951,"REPORT_DATE_SQ":"2022-12-31 00:00:00","REPORT_TYPE_SQ":"2022年年报","OPERATE_INCOME_SQ":3393532730,"DPS_HKD":0.215,"OPERATE_INCOME_QOQ_SQ":14.262163697767,"NET_PROFIT_RATIO_SQ":8.6601737299,"HOLDER_PROFIT_SQ":239396360,"HOLDER_PROFIT_QOQ_SQ":27.086594267968,"ROE_AVG_SQ":11.358338631066,"PE_TTM_SQ":9.117367580942,"PB_TTM_SQ":1.442950327365,"ROA_SQ":6.523855890945,"START_DATE":"2023-01-01 00:00:00","FISCAL_YEAR":"12-31","CURRENCY":"HKD","IS_CNY_CODE":0,"DPS_HKD_LY":0.32,"ORG_TYPE":"一般企业","PREMIUM_INCOME":null,"PREMIUM_INCOME_YOY":null,"NET_INTEREST_INCOME":null,"NET_INTEREST_INCOME_YOY":null,"FEE_COMMISSION_INCOME":null,"FEE_COMMISSION_INCOME_YOY":null,"ACCOUNTS_RECE_TDAYS":10.925246826516,"INVENTORY_TDAYS":2.965009208103,"CURRENT_ASSETS_TDAYS":2.086745689655,"TOTAL_ASSETS_TDAYS":0.98499491353,"PREMIUM_EXPENSE":null,"LOAN_DEPOSIT":null,"LOAN_EQUITY":null,"LOAN_ASSETS":null,"DEPOSIT_EQUITY":null,"DEPOSIT_ASSETS":null,"EQUITY_MULTIPLIER":1.667820069203,"EQUITY_RATIO":0.70534490635},{"SECUCODE":"00709.HK","SECURITY_CODE":"00709","SECURITY_NAME_ABBR":"佐丹奴国际","ORG_CODE":"10009073","STD_REPORT_DATE":"2023-06-30 00:00:00","REPORT_DATE":"2023-06-30 00:00:00","DATE_TYPE_CODE":"002","REPORT_TYPE":"2023年中报","PER_NETCASH_OPERATE":0.2744783512,"PER_OI":1.135971327445,"BPS":1.301243372283,"BASIC_EPS":0.1106376,"DILUTED_EPS":0.10879364,"OPERATE_INCOME":1816300600,"OPERATE_INCOME_YOY":4.9547149707,"GROSS_PROFIT":1065808880,"GROSS_PROFIT_YOY":20.413830121543,"HOLDER_PROFIT":175176200,"HOLDER_PROFIT_YOY":95.8762886598,"GROSS_PROFIT_RATIO":58.680203045685,"EPS_TTM":0.207404998552,"OPERATE_INCOME_QOQ":6.220920403499,"NET_PROFIT_RATIO":11.116751269,"ROE_AVG":8.264462809917,"GROSS_PROFIT_QOQ":9.42572996744,"ROA":4.833375731366,"HOLDER_PROFIT_QOQ":38.523046047985,"ROE_YEARLY":16.528925619835,"ROIC_YEARLY":13.820694671759,"TOTAL_ASSETS":3553310920,"TOTAL_LIABILITIES":1285240120,"TAX_EBT":23.693379790941,"OCF_SALES":24.162436548223,"TOTAL_PARENT_EQUITY":2103036380,"DEBT_ASSET_RATIO":36.170212766,"OPERATE_PROFIT":252622520,"PRETAX_PROFIT":264608260,"NETCASH_OPERATE":438862480,"NETCASH_INVEST":-24893460,"NETCASH_FINANCE":-393685460,"END_CASH":813186360,"DIVI_RATIO":0.941896778594,"DIVIDEND_RATE":13.109756097561,"CURRENT_RATIO":1.845226130653,"COMMON_ACS":2000000000,"CURRENTDEBT_DEBT":71.377331420373,"ISSUED_COMMON_SHARES":1616174518,"HK_COMMON_SHARES":1616174518,"PER_SHARES":2000,"TOTAL_MARKET_CAP":2650526209.52,"HKSK_MARKET_CAP":2650526209.52,"PE_TTM":9.638277125527,"PB_TTM":1.296100835951,"REPORT_DATE_SQ":"2022-06-30 00:00:00","REPORT_TYPE_SQ":"2022年中报","OPERATE_INCOME_SQ":1605191630,"DPS_HKD":0.215,"OPERATE_INCOME_QOQ_SQ":7.471179538323,"NET_PROFIT_RATIO_SQ":6.8193926478,"HOLDER_PROFIT_SQ":82953430,"HOLDER_PROFIT_QOQ_SQ":21.261606499125,"ROE_AVG_SQ":4.137342716997,"PE_TTM_SQ":9.117367580942,"PB_TTM_SQ":1.442950327365,"ROA_SQ":2.38563698967,"START_DATE":"2023-01-01 00:00:00","FISCAL_YEAR":"12-31","CURRENCY":"HKD","IS_CNY_CODE":0,"DPS_HKD_LY":0.32,"ORG_TYPE":"一般企业","PREMIUM_INCOME":null,"PREMIUM_INCOME_YOY":null,"NET_INTEREST_INCOME":null,"NET_INTEREST_INCOME_YOY":null,"FEE_COMMISSION_INCOME":null,"FEE_COMMISSION_INCOME_YOY":null,"ACCOUNTS_RECE_TDAYS":5.628571428571,"INVENTORY_TDAYS":1.462713387242,"CURRENT_ASSETS_TDAYS":1.033307107265,"TOTAL_ASSETS_TDAYS":0.501144746884,"PREMIUM_EXPENSE":null,"LOAN_DEPOSIT":null,"LOAN_EQUITY":null,"LOAN_ASSETS":null,"DEPOSIT_EQUITY":null,"DEPOSIT_ASSETS":null,"EQUITY_MULTIPLIER":1.566666666668,"EQUITY_RATIO":0.6111354669},{"SECUCODE":"00709.HK","SECURITY_CODE":"00709","SECURITY_NAME_ABBR":"佐丹奴国际","ORG_CODE":"10009073","STD_REPORT_DATE":"2022-12-31 00:00:00","REPORT_DATE":"2022-12-31 00:00:00","DATE_TYPE_CODE":"001","REPORT_TYPE":"2022年年报","PER_NETCASH_OPERATE":0.45799540121,"PER_OI":2.148054974318,"BPS":1.280620729351,"BASIC_EPS":0.1518559,"DILUTED_EPS":0.15096263,"OPERATE_INCOME":3393532730,"OPERATE_INCOME_YOY":12.3964497041,"GROSS_PROFIT":1916957420,"GROSS_PROFIT_YOY":21.482654908084,"HOLDER_PROFIT":239396360,"HOLDER_PROFIT_YOY":41.0526315789,"GROSS_PROFIT_RATIO":56.488549618321,"EPS_TTM":0.151534280894,"OPERATE_INCOME_QOQ":14.262163697767,"NET_PROFIT_RATIO":8.6601737299,"ROE_AVG":11.358338631066,"GROSS_PROFIT_QOQ":15.123939679409,"ROA":6.523855890945,"HOLDER_PROFIT_QOQ":27.086594267968,"ROE_YEARLY":11.358338631066,"ROIC_YEARLY":9.167094236361,"TOTAL_ASSETS":3580226160,"TOTAL_LIABILITIES":1327399220,"TAX_EBT":24.54128440367,"OCF_SALES":21.321400368518,"TOTAL_PARENT_EQUITY":2069706590,"DEBT_ASSET_RATIO":37.0758483034,"OPERATE_PROFIT":379639750,"PRETAX_PROFIT":389465720,"NETCASH_OPERATE":723548700,"NETCASH_INVEST":-67888520,"NETCASH_FINANCE":-761959310,"END_CASH":768212200,"DIVI_RATIO":1.289174296715,"DIVIDEND_RATE":13.109756097561,"CURRENT_RATIO":1.81876724931,"COMMON_ACS":2000000000,"CURRENTDEBT_DEBT":73.149394347241,"ISSUED_COMMON_SHARES":1616174518,"HK_COMMON_SHARES":1616174518,"PER_SHARES":2000,"TOTAL_MARKET_CAP":2650526209.52,"HKSK_MARKET_CAP":2650526209.52,"PE_TTM":9.638277125527,"PB_TTM":1.296100835951,"REPORT_DATE_SQ":"2021-12-31 00:00:00","REPORT_TYPE_SQ":"2021年年报","OPERATE_INCOME_SQ":2763488000,"DPS_HKD":0.215,"OPERATE_INCOME_QOQ_SQ":1.018123815778,"NET_PROFIT_RATIO_SQ":6.5976331361,"HOLDER_PROFIT_SQ":155344000,"HOLDER_PROFIT_QOQ_SQ":34.481693508062,"ROE_AVG_SQ":7.799671592775,"PE_TTM_SQ":9.117367580942,"PB_TTM_SQ":1.442950327365,"ROA_SQ":4.423233616575,"START_DATE":"2022-01-01 00:00:00","FISCAL_YEAR":"12-31","CURRENCY":"HKD","IS_CNY_CODE":0,"DPS_HKD_LY":0.185,"ORG_TYPE":"一般企业","PREMIUM_INCOME":null,"PREMIUM_INCOME_YOY":null,"NET_INTEREST_INCOME":null,"NET_INTEREST_INCOME_YOY":null,"FEE_COMMISSION_INCOME":null,"FEE_COMMISSION_INCOME_YOY":null,"ACCOUNTS_RECE_TDAYS":9.485642946317,"INVENTORY_TDAYS":2.714285714286,"CURRENT_ASSETS_TDAYS":1.871889627987,"TOTAL_ASSETS_TDAYS":0.924780915287,"PREMIUM_EXPENSE":null,"LOAN_DEPOSIT":null,"LOAN_EQUITY":null,"LOAN_ASSETS":null,"DEPOSIT_EQUITY":null,"DEPOSIT_ASSETS":null,"EQUITY_MULTIPLIER":1.589214908803,"EQUITY_RATIO":0.641346568839},{"SECUCODE":"00709.HK","SECURITY_CODE":"00709","SECURITY_NAME_ABBR":"佐丹奴国际","ORG_CODE":"10009073","STD_REPORT_DATE":"2022-06-30 00:00:00","REPORT_DATE":"2022-06-30 00:00:00","DATE_TYPE_CODE":"002","REPORT_TYPE":"2022年中报","PER_NETCASH_OPERATE":0.220316525518,"PER_OI":1.016054344956,"BPS":1.210153673516,"BASIC_EPS":0.05216659,"DILUTED_EPS":0.05216659,"OPERATE_INCOME":1605191630,"OPERATE_INCOME_YOY":11.6597263534,"GROSS_PROFIT":885121650,"GROSS_PROFIT_YOY":10.922403937858,"HOLDER_PROFIT":82953430,"HOLDER_PROFIT_YOY":61.6666666667,"GROSS_PROFIT_RATIO":55.141182738412,"EPS_TTM":0.119236124588,"OPERATE_INCOME_QOQ":7.471179538323,"NET_PROFIT_RATIO":6.8193926478,"ROE_AVG":4.137342716997,"GROSS_PROFIT_QOQ":5.52336485911,"ROA":2.38563698967,"HOLDER_PROFIT_QOQ":21.261606499125,"ROE_YEARLY":8.274685433994,"ROIC_YEARLY":6.702366557264,"TOTAL_ASSETS":3355765560,"TOTAL_LIABILITIES":1242591070,"TAX_EBT":28.491620111732,"OCF_SALES":21.683537559936,"TOTAL_PARENT_EQUITY":1955819530,"DEBT_ASSET_RATIO":37.0285423038,"OPERATE_PROFIT":141961540,"PRETAX_PROFIT":153079010,"NETCASH_OPERATE":348062330,"NETCASH_INVEST":12827850,"NETCASH_FINANCE":-419898290,"END_CASH":785064420,"DIVI_RATIO":1.638380152617,"DIVIDEND_RATE":13.109756097561,"CURRENT_RATIO":1.792543021033,"COMMON_ACS":2000000000,"CURRENTDEBT_DEBT":71.988988300069,"ISSUED_COMMON_SHARES":1616174518,"HK_COMMON_SHARES":1616174518,"PER_SHARES":2000,"TOTAL_MARKET_CAP":2650526209.52,"HKSK_MARKET_CAP":2650526209.52,"PE_TTM":9.638277125527,"PB_TTM":1.296100835951,"REPORT_DATE_SQ":"2021-06-30 00:00:00","REPORT_TYPE_SQ":"2021年中报","OPERATE_INCOME_SQ":1398726480,"DPS_HKD":0.215,"OPERATE_INCOME_QOQ_SQ":4.111575457099,"NET_PROFIT_RATIO_SQ":4.5806067817,"HOLDER_PROFIT_SQ":49924800,"HOLDER_PROFIT_QOQ_SQ":222.542552974804,"ROE_AVG_SQ":2.474737059187,"PE_TTM_SQ":9.117367580942,"PB_TTM_SQ":1.442950327365,"ROA_SQ":1.409940077547,"START_DATE":"2022-01-01 00:00:00","FISCAL_YEAR":"12-31","CURRENCY":"HKD","IS_CNY_CODE":0,"DPS_HKD_LY":0.185,"ORG_TYPE":"一般企业","PREMIUM_INCOME":null,"PREMIUM_INCOME_YOY":null,"NET_INTEREST_INCOME":null,"NET_INTEREST_INCOME_YOY":null,"FEE_COMMISSION_INCOME":null,"FEE_COMMISSION_INCOME_YOY":null,"ACCOUNTS_RECE_TDAYS":4.794380587484,"INVENTORY_TDAYS":1.468177855275,"CURRENT_ASSETS_TDAYS":0.948698508971,"TOTAL_ASSETS_TDAYS":0.461633054599,"PREMIUM_EXPENSE":null,"LOAN_DEPOSIT":null,"LOAN_EQUITY":null,"LOAN_ASSETS":null,"DEPOSIT_EQUITY":null,"DEPOSIT_ASSETS":null,"EQUITY_MULTIPLIER":1.588021044112,"EQUITY_RATIO":0.635330126804},{"SECUCODE":"00709.HK","SECURITY_CODE":"00709","SECURITY_NAME_ABBR":"佐丹奴国际","ORG_CODE":"10009073","STD_REPORT_DATE":"2021-12-31 00:00:00","REPORT_DATE":"2021-12-31 00:00:00","DATE_TYPE_CODE":"001","REPORT_TYPE":"2021年年报","PER_NETCASH_OPERATE":0.240784854657,"PER_OI":1.750221094069,"BPS":1.215138079538,"BASIC_EPS":0.098112,"DILUTED_EPS":0.098112,"OPERATE_INCOME":2763488000,"OPERATE_INCOME_YOY":8.263933376,"GROSS_PROFIT":1577968000,"GROSS_PROFIT_YOY":7.999589127832,"HOLDER_PROFIT":155344000,"HOLDER_PROFIT_YOY":269.6428571429,"GROSS_PROFIT_RATIO":57.100591715976,"EPS_TTM":0.09838520943,"OPERATE_INCOME_QOQ":1.018123815778,"NET_PROFIT_RATIO":6.5976331361,"ROE_AVG":7.799671592775,"GROSS_PROFIT_QOQ":1.550440238452,"ROA":4.423233616575,"HOLDER_PROFIT_QOQ":34.481693508062,"ROE_YEARLY":7.799671592775,"ROIC_YEARLY":6.365159128978,"TOTAL_ASSETS":3440460800,"TOTAL_LIABILITIES":1344952000,"TAX_EBT":18.909090909091,"OCF_SALES":13.757396449704,"TOTAL_PARENT_EQUITY":1963875200,"DEBT_ASSET_RATIO":39.0922053232,"OPERATE_PROFIT":215028800,"PRETAX_PROFIT":224840000,"NETCASH_OPERATE":380184000,"NETCASH_INVEST":-13899200,"NETCASH_FINANCE":-524081600,"END_CASH":820870400,"DIVI_RATIO":1.985604351832,"DIVIDEND_RATE":13.109756097561,"CURRENT_RATIO":1.855614973262,"COMMON_ACS":2000000000,"CURRENTDEBT_DEBT":68.206686930091,"ISSUED_COMMON_SHARES":1616174518,"HK_COMMON_SHARES":1616174518,"PER_SHARES":2000,"TOTAL_MARKET_CAP":2650526209.52,"HKSK_MARKET_CAP":2650526209.52,"PE_TTM":9.638277125527,"PB_TTM":1.296100835951,"REPORT_DATE_SQ":"2020-12-31 00:00:00","REPORT_TYPE_SQ":"2020年年报","OPERATE_INCOME_SQ":2627600080,"DPS_HKD":0.215,"OPERATE_INCOME_QOQ_SQ":-22.738540749255,"NET_PROFIT_RATIO_SQ":-3.4593209481,"HOLDER_PROFIT_SQ":-94263680,"HOLDER_PROFIT_QOQ_SQ":1.240656417022,"ROE_AVG_SQ":-4.383561643836,"PE_TTM_SQ":9.117367580942,"PB_TTM_SQ":1.442950327365,"ROA_SQ":-2.338448689842,"START_DATE":"2021-01-01 00:00:00","FISCAL_YEAR":"12-31","CURRENCY":"HKD","IS_CNY_CODE":0,"DPS_HKD_LY":0.134,"ORG_TYPE":"一般企业","PREMIUM_INCOME":null,"PREMIUM_INCOME_YOY":null,"NET_INTEREST_INCOME":null,"NET_INTEREST_INCOME_YOY":null,"FEE_COMMISSION_INCOME":null,"FEE_COMMISSION_INCOME_YOY":null,"ACCOUNTS_RECE_TDAYS":8.387096774194,"INVENTORY_TDAYS":2.788461538462,"CURRENT_ASSETS_TDAYS":1.61877394636,"TOTAL_ASSETS_TDAYS":0.786869980212,"PREMIUM_EXPENSE":null,"LOAN_DEPOSIT":null,"LOAN_EQUITY":null,"LOAN_ASSETS":null,"DEPOSIT_EQUITY":null,"DEPOSIT_ASSETS":null,"EQUITY_MULTIPLIER":1.641825985174,"EQUITY_RATIO":0.684845961699},{"SECUCODE":"00709.HK","SECURITY_CODE":"00709","SECURITY_NAME_ABBR":"佐丹奴国际","ORG_CODE":"10009073","STD_REPORT_DATE":"2021-06-30 00:00:00","REPORT_DATE":"2021-06-30 00:00:00","DATE_TYPE_CODE":"002","REPORT_TYPE":"2021年中报","PER_NETCASH_OPERATE":0.089633650947,"PER_OI":0.88631863084,"BPS":1.224817182769,"BASIC_EPS":0.03161904,"DILUTED_EPS":0.03161904,"OPERATE_INCOME":1398726480,"OPERATE_INCOME_YOY":18.9667374381,"GROSS_PROFIT":797964720,"GROSS_PROFIT_YOY":13.158287024306,"HOLDER_PROFIT":49924800,"HOLDER_PROFIT_YOY":134.2857142857,"GROSS_PROFIT_RATIO":57.049375371803,"EPS_TTM":0.073196176541,"OPERATE_INCOME_QOQ":4.111575457099,"NET_PROFIT_RATIO":4.5806067817,"ROE_AVG":2.474737059187,"GROSS_PROFIT_QOQ":6.350685308933,"ROA":1.409940077547,"HOLDER_PROFIT_QOQ":222.542552974804,"ROE_YEARLY":4.949474118375,"ROIC_YEARLY":4.110996916752,"TOTAL_ASSETS":3434826240,"TOTAL_LIABILITIES":1312190160,"TAX_EBT":26.666666666667,"OCF_SALES":10.113027959548,"TOTAL_PARENT_EQUITY":1979518320,"DEBT_ASSET_RATIO":38.2025193798,"OPERATE_PROFIT":78215520,"PRETAX_PROFIT":87368400,"NETCASH_OPERATE":141453600,"NETCASH_INVEST":19969920,"NETCASH_FINANCE":-300380880,"END_CASH":850385760,"DIVI_RATIO":2.668911263296,"DIVIDEND_RATE":13.109756097561,"CURRENT_RATIO":1.853333333333,"COMMON_ACS":2000000000,"CURRENTDEBT_DEBT":66.582117945466,"ISSUED_COMMON_SHARES":1616174518,"HK_COMMON_SHARES":1616174518,"PER_SHARES":2000,"TOTAL_MARKET_CAP":2650526209.52,"HKSK_MARKET_CAP":2650526209.52,"PE_TTM":9.638277125527,"PB_TTM":1.296100835951,"REPORT_DATE_SQ":"2020-06-30 00:00:00","REPORT_TYPE_SQ":"2020年中报","OPERATE_INCOME_SQ":1290690720,"DPS_HKD":0.215,"OPERATE_INCOME_QOQ_SQ":-21.751827019563,"NET_PROFIT_RATIO_SQ":-12.8803963199,"HOLDER_PROFIT_SQ":-159852000,"HOLDER_PROFIT_QOQ_SQ":-146.327300860945,"ROE_AVG_SQ":-7.007007007007,"PE_TTM_SQ":9.117367580942,"PB_TTM_SQ":1.442950327365,"ROA_SQ":-3.678789152827,"START_DATE":"2021-01-01 00:00:00","FISCAL_YEAR":"12-31","CURRENCY":"HKD","IS_CNY_CODE":0,"DPS_HKD_LY":0.134,"ORG_TYPE":"一般企业","PREMIUM_INCOME":null,"PREMIUM_INCOME_YOY":null,"NET_INTEREST_INCOME":null,"NET_INTEREST_INCOME_YOY":null,"FEE_COMMISSION_INCOME":null,"FEE_COMMISSION_INCOME_YOY":null,"ACCOUNTS_RECE_TDAYS":4.524899057873,"INVENTORY_TDAYS":1.556034482759,"CURRENT_ASSETS_TDAYS":0.832178217822,"TOTAL_ASSETS_TDAYS":0.395018211726,"PREMIUM_EXPENSE":null,"LOAN_DEPOSIT":null,"LOAN_EQUITY":null,"LOAN_ASSETS":null,"DEPOSIT_EQUITY":null,"DEPOSIT_ASSETS":null,"EQUITY_MULTIPLIER":1.61818894551,"EQUITY_RATIO":0.662883564523},{"SECUCODE":"00709.HK","SECURITY_CODE":"00709","SECURITY_NAME_ABBR":"佐丹奴国际","ORG_CODE":"10009073","STD_REPORT_DATE":"2020-12-31 00:00:00","REPORT_DATE":"2020-12-31 00:00:00","DATE_TYPE_CODE":"001","REPORT_TYPE":"2020年年报","PER_NETCASH_OPERATE":0.328625894393,"PER_OI":1.665535782948,"BPS":1.286278664121,"BASIC_EPS":-0.05975644,"DILUTED_EPS":-0.05975644,"OPERATE_INCOME":2627600080,"OPERATE_INCOME_YOY":-35.6553998351,"GROSS_PROFIT":1461087040,"GROSS_PROFIT_YOY":-42.688756574181,"HOLDER_PROFIT":-94263680,"HOLDER_PROFIT_YOY":-148.6956521739,"GROSS_PROFIT_RATIO":55.605381165919,"EPS_TTM":-0.059750162617,"OPERATE_INCOME_QOQ":-22.738540749255,"NET_PROFIT_RATIO":-3.4593209481,"ROE_AVG":-4.383561643836,"GROSS_PROFIT_QOQ":-24.218981793245,"ROA":-2.338448689842,"HOLDER_PROFIT_QOQ":1.240656417022,"ROE_YEARLY":-4.383561643836,"ROIC_YEARLY":-3.345280764636,"TOTAL_ASSETS":3688908120,"TOTAL_LIABILITIES":1474553280,"TAX_EBT":-0.934579439252,"OCF_SALES":19.730941704036,"TOTAL_PARENT_EQUITY":2078850800,"DEBT_ASSET_RATIO":39.9726214921,"OPERATE_PROFIT":-88372200,"PRETAX_PROFIT":-90055480,"NETCASH_OPERATE":518450240,"NETCASH_INVEST":220509680,"NETCASH_FINANCE":-561373880,"END_CASH":1004918160,"DIVI_RATIO":-3.269515787803,"DIVIDEND_RATE":13.109756097561,"CURRENT_RATIO":1.777589134126,"COMMON_ACS":2000000000,"CURRENTDEBT_DEBT":67.237442922374,"ISSUED_COMMON_SHARES":1616174518,"HK_COMMON_SHARES":1616174518,"PER_SHARES":2000,"TOTAL_MARKET_CAP":2650526209.52,"HKSK_MARKET_CAP":2650526209.52,"PE_TTM":9.638277125527,"PB_TTM":1.296100835951,"REPORT_DATE_SQ":"2019-12-31 00:00:00","REPORT_TYPE_SQ":"2019年年报","OPERATE_INCOME_SQ":4346324560,"DPS_HKD":0.215,"OPERATE_INCOME_QOQ_SQ":-6.567134029425,"NET_PROFIT_RATIO_SQ":5.9563066777,"HOLDER_PROFIT_SQ":206029400,"HOLDER_PROFIT_QOQ_SQ":-40.805310994109,"ROE_AVG_SQ":8.473015288267,"PE_TTM_SQ":9.117367580942,"PB_TTM_SQ":1.442950327365,"ROA_SQ":4.935622317597,"START_DATE":"2020-01-01 00:00:00","FISCAL_YEAR":"12-31","CURRENCY":"HKD","IS_CNY_CODE":0,"DPS_HKD_LY":0.075,"ORG_TYPE":"一般企业","PREMIUM_INCOME":null,"PREMIUM_INCOME_YOY":null,"NET_INTEREST_INCOME":null,"NET_INTEREST_INCOME_YOY":null,"FEE_COMMISSION_INCOME":null,"FEE_COMMISSION_INCOME_YOY":null,"ACCOUNTS_RECE_TDAYS":8.347593582888,"INVENTORY_TDAYS":2.822810590631,"CURRENT_ASSETS_TDAYS":1.4,"TOTAL_ASSETS_TDAYS":0.651842572294,"PREMIUM_EXPENSE":null,"LOAN_DEPOSIT":null,"LOAN_EQUITY":null,"LOAN_ASSETS":null,"DEPOSIT_EQUITY":null,"DEPOSIT_ASSETS":null,"EQUITY_MULTIPLIER":1.665906499429,"EQUITY_RATIO":0.709311740891},{"SECUCODE":"00709.HK","SECURITY_CODE":"00709","SECURITY_NAME_ABBR":"佐丹奴国际","ORG_CODE":"10009073","STD_REPORT_DATE":"2020-06-30 00:00:00","REPORT_DATE":"2020-06-30 00:00:00","DATE_TYPE_CODE":"002","REPORT_TYPE":"2020年中报","PER_NETCASH_OPERATE":0.133707984753,"PER_OI":0.81787611453,"BPS":1.331014179497,"BASIC_EPS":-0.10139184,"DILUTED_EPS":-0.10139184,"OPERATE_INCOME":1290690720,"OPERATE_INCOME_YOY":-44.4138473643,"GROSS_PROFIT":705175680,"GROSS_PROFIT_YOY":-46.840469047874,"HOLDER_PROFIT":-159852000,"HOLDER_PROFIT_YOY":-208.6956521739,"GROSS_PROFIT_RATIO":54.635527246992,"EPS_TTM":-0.060482750567,"OPERATE_INCOME_QOQ":-21.751827019563,"NET_PROFIT_RATIO":-12.8803963199,"ROE_AVG":-7.007007007007,"GROSS_PROFIT_QOQ":-24.372560857581,"ROA":-3.678789152827,"HOLDER_PROFIT_QOQ":-146.327300860945,"ROE_YEARLY":-14.014014014014,"ROIC_YEARLY":-10.450880859958,"TOTAL_ASSETS":3944233920,"TOTAL_LIABILITIES":1615875360,"TAX_EBT":1.086956521739,"OCF_SALES":16.348195329087,"TOTAL_PARENT_EQUITY":2151151200,"DEBT_ASSET_RATIO":40.9680407596,"OPERATE_PROFIT":-166246080,"PRETAX_PROFIT":-168072960,"NETCASH_OPERATE":211004640,"NETCASH_INVEST":257590080,"NETCASH_FINANCE":-337059360,"END_CASH":1005697440,"DIVI_RATIO":-3.229914284128,"DIVIDEND_RATE":13.109756097561,"CURRENT_RATIO":1.717636837533,"COMMON_ACS":2000000000,"CURRENTDEBT_DEBT":65.065008479367,"ISSUED_COMMON_SHARES":1616174518,"HK_COMMON_SHARES":1616174518,"PER_SHARES":2000,"TOTAL_MARKET_CAP":2650526209.52,"HKSK_MARKET_CAP":2650526209.52,"PE_TTM":9.638277125527,"PB_TTM":1.296100835951,"REPORT_DATE_SQ":"2019-06-30 00:00:00","REPORT_TYPE_SQ":"2019年中报","OPERATE_INCOME_SQ":2236095720,"DPS_HKD":0.215,"OPERATE_INCOME_QOQ_SQ":-3.628978564636,"NET_PROFIT_RATIO_SQ":7.7104642014,"HOLDER_PROFIT_SQ":141625260,"HOLDER_PROFIT_QOQ_SQ":-17.24352792361,"ROE_AVG_SQ":5.872697428415,"PE_TTM_SQ":9.117367580942,"PB_TTM_SQ":1.442950327365,"ROA_SQ":3.490893321769,"START_DATE":"2020-01-01 00:00:00","FISCAL_YEAR":"12-31","CURRENCY":"HKD","IS_CNY_CODE":0,"DPS_HKD_LY":0.075,"ORG_TYPE":"一般企业","PREMIUM_INCOME":null,"PREMIUM_INCOME_YOY":null,"NET_INTEREST_INCOME":null,"NET_INTEREST_INCOME_YOY":null,"FEE_COMMISSION_INCOME":null,"FEE_COMMISSION_INCOME_YOY":null,"ACCOUNTS_RECE_TDAYS":4.131578947368,"INVENTORY_TDAYS":1.239845261122,"CURRENT_ASSETS_TDAYS":0.65070227953,"TOTAL_ASSETS_TDAYS":0.297035947025,"PREMIUM_EXPENSE":null,"LOAN_DEPOSIT":null,"LOAN_EQUITY":null,"LOAN_ASSETS":null,"DEPOSIT_EQUITY":null,"DEPOSIT_ASSETS":null,"EQUITY_MULTIPLIER":1.693997646135,"EQUITY_RATIO":0.751167728238}],"count":52},"success":true,"message":"ok","code":0}