{"version":"317853efde3e379c886315e6eb0ac476","result":{"pages":6,"data":[{"SECUCODE":"00716.HK","SECURITY_CODE":"00716","SECURITY_NAME_ABBR":"胜狮货柜","ORG_CODE":"10009079","STD_REPORT_DATE":"2024-06-30 00:00:00","REPORT_DATE":"2024-06-30 00:00:00","DATE_TYPE_CODE":"002","REPORT_TYPE":"2024年中报","PER_NETCASH_OPERATE":-0.23692018735,"PER_OI":0.726571595731,"BPS":1.662097145542,"BASIC_EPS":0.05131296,"DILUTED_EPS":null,"OPERATE_INCOME":1730843155.2,"OPERATE_INCOME_YOY":28.2341821945,"GROSS_PROFIT":261396770.4,"GROSS_PROFIT_YOY":37.090640454394,"HOLDER_PROFIT":122573833.2,"HOLDER_PROFIT_YOY":75.9308510638,"GROSS_PROFIT_RATIO":15.10227946505,"EPS_TTM":0.07959342791,"OPERATE_INCOME_QOQ":13.375870509978,"NET_PROFIT_RATIO":7.0912115423,"ROE_AVG":3.106326528216,"GROSS_PROFIT_QOQ":17.664212378195,"ROA":2.178969692823,"HOLDER_PROFIT_QOQ":37.722876134209,"ROE_YEARLY":6.212653056433,"ROIC_YEARLY":7.758471943261,"TOTAL_ASSETS":5859434029.2,"TOTAL_LIABILITIES":1460345461.2,"TAX_EBT":23.576658531174,"OCF_SALES":-32.607961657553,"TOTAL_PARENT_EQUITY":3959457656.4,"DEBT_ASSET_RATIO":24.9229781225,"OPERATE_PROFIT":158813611.2,"PRETAX_PROFIT":160602438,"NETCASH_OPERATE":-564392672.4,"NETCASH_INVEST":609263005.2,"NETCASH_FINANCE":283696527.6,"END_CASH":1237875272.4,"DIVI_RATIO":0.799427812964,"DIVIDEND_RATE":9.859154929577,"CURRENT_RATIO":2.814838097932,"COMMON_ACS":null,"CURRENTDEBT_DEBT":93.156962358901,"ISSUED_COMMON_SHARES":2382205918,"HK_COMMON_SHARES":2382205918,"PER_SHARES":2000,"TOTAL_MARKET_CAP":1691366201.78,"HKSK_MARKET_CAP":1691366201.78,"PE_TTM":8.069320046909,"PB_TTM":0.389870593352,"REPORT_DATE_SQ":"2023-06-30 00:00:00","REPORT_TYPE_SQ":"2023年中报","OPERATE_INCOME_SQ":1368501487.8,"DPS_HKD":0.07,"OPERATE_INCOME_QOQ_SQ":-33.384113943793,"NET_PROFIT_RATIO_SQ":6.1282220753,"HOLDER_PROFIT_SQ":70639420.8,"HOLDER_PROFIT_QOQ_SQ":-57.138083634518,"ROE_AVG_SQ":1.640406074335,"PE_TTM_SQ":9.37980671162,"PB_TTM_SQ":0.280464161273,"ROA_SQ":1.217596865336,"START_DATE":"2024-01-01 00:00:00","FISCAL_YEAR":"12-31","CURRENCY":"HKD","IS_CNY_CODE":0,"DPS_HKD_LY":0.07,"ORG_TYPE":"一般企业","PREMIUM_INCOME":null,"PREMIUM_INCOME_YOY":null,"NET_INTEREST_INCOME":null,"NET_INTEREST_INCOME_YOY":null,"FEE_COMMISSION_INCOME":null,"FEE_COMMISSION_INCOME_YOY":null,"ACCOUNTS_RECE_TDAYS":3.396295545285,"INVENTORY_TDAYS":1.812934964675,"CURRENT_ASSETS_TDAYS":0.463977212266,"TOTAL_ASSETS_TDAYS":0.307688409488,"PREMIUM_EXPENSE":null,"LOAN_DEPOSIT":null,"LOAN_EQUITY":null,"LOAN_ASSETS":null,"DEPOSIT_EQUITY":null,"DEPOSIT_ASSETS":null,"EQUITY_MULTIPLIER":1.33196546026,"EQUITY_RATIO":0.368824618907},{"SECUCODE":"00716.HK","SECURITY_CODE":"00716","SECURITY_NAME_ABBR":"胜狮货柜","ORG_CODE":"10009079","STD_REPORT_DATE":"2023-12-31 00:00:00","REPORT_DATE":"2023-12-31 00:00:00","DATE_TYPE_CODE":"001","REPORT_TYPE":"2023年年报","PER_NETCASH_OPERATE":-0.061868666846,"PER_OI":1.137147821073,"BPS":1.640535008527,"BASIC_EPS":0.05807814,"DILUTED_EPS":null,"OPERATE_INCOME":2708920269,"OPERATE_INCOME_YOY":-50.7415110985,"GROSS_PROFIT":400370865.6,"GROSS_PROFIT_YOY":-60.928318527549,"HOLDER_PROFIT":137673522.6,"HOLDER_PROFIT_YOY":-58.0535174795,"GROSS_PROFIT_RATIO":14.77972128533,"EPS_TTM":0.0577924526,"OPERATE_INCOME_QOQ":-24.756319882159,"NET_PROFIT_RATIO":5.8809841295,"ROE_AVG":3.387573784034,"GROSS_PROFIT_QOQ":-22.539735316683,"ROA":2.478198786272,"HOLDER_PROFIT_QOQ":-0.476272790021,"ROE_YEARLY":3.387573784034,"ROIC_YEARLY":5.035222988262,"TOTAL_ASSETS":5357828820.9,"TOTAL_LIABILITIES":1004553506.4,"TAX_EBT":18.627450980392,"OCF_SALES":-5.440688158548,"TOTAL_PARENT_EQUITY":3908092206,"DEBT_ASSET_RATIO":18.7492646738,"OPERATE_PROFIT":187443655.5,"PRETAX_PROFIT":195779993.4,"NETCASH_OPERATE":-147383904.3,"NETCASH_INVEST":-839137047.9,"NETCASH_FINANCE":-439630271.7,"END_CASH":905402789.1,"DIVI_RATIO":1.10099497663,"DIVIDEND_RATE":10.294117647059,"CURRENT_RATIO":4.158272265835,"COMMON_ACS":null,"CURRENTDEBT_DEBT":86.399402109538,"ISSUED_COMMON_SHARES":2382205918,"HK_COMMON_SHARES":2382205918,"PER_SHARES":2000,"TOTAL_MARKET_CAP":1619900024.24,"HKSK_MARKET_CAP":1619900024.24,"PE_TTM":7.728362861829,"PB_TTM":0.373397187999,"REPORT_DATE_SQ":"2022-12-31 00:00:00","REPORT_TYPE_SQ":"2022年年报","OPERATE_INCOME_SQ":5407698493,"DPS_HKD":0.07,"OPERATE_INCOME_QOQ_SQ":-28.597968840216,"NET_PROFIT_RATIO_SQ":7.2894638156,"HOLDER_PROFIT_SQ":322739564,"HOLDER_PROFIT_QOQ_SQ":-69.638839945077,"ROE_AVG_SQ":7.285602209893,"PE_TTM_SQ":8.01547118993,"PB_TTM_SQ":0.239669374179,"ROA_SQ":5.131058460738,"START_DATE":"2023-01-01 00:00:00","FISCAL_YEAR":"12-31","CURRENCY":"HKD","IS_CNY_CODE":0,"DPS_HKD_LY":0.19,"ORG_TYPE":"一般企业","PREMIUM_INCOME":null,"PREMIUM_INCOME_YOY":null,"NET_INTEREST_INCOME":null,"NET_INTEREST_INCOME_YOY":null,"FEE_COMMISSION_INCOME":null,"FEE_COMMISSION_INCOME_YOY":null,"ACCOUNTS_RECE_TDAYS":5.057120190401,"INVENTORY_TDAYS":3.071230359709,"CURRENT_ASSETS_TDAYS":0.701040186959,"TOTAL_ASSETS_TDAYS":0.487620480392,"PREMIUM_EXPENSE":null,"LOAN_DEPOSIT":null,"LOAN_EQUITY":null,"LOAN_ASSETS":null,"DEPOSIT_EQUITY":null,"DEPOSIT_ASSETS":null,"EQUITY_MULTIPLIER":1.230758092201,"EQUITY_RATIO":0.257044474247},{"SECUCODE":"00716.HK","SECURITY_CODE":"00716","SECURITY_NAME_ABBR":"胜狮货柜","ORG_CODE":"10009079","STD_REPORT_DATE":"2023-06-30 00:00:00","REPORT_DATE":"2023-06-30 00:00:00","DATE_TYPE_CODE":"002","REPORT_TYPE":"2023年中报","PER_NETCASH_OPERATE":-0.137884980437,"PER_OI":0.574468175677,"BPS":1.808034929582,"BASIC_EPS":0.02962578,"DILUTED_EPS":null,"OPERATE_INCOME":1368501487.8,"OPERATE_INCOME_YOY":-59.9692241914,"GROSS_PROFIT":190674410.4,"GROSS_PROFIT_YOY":-72.497602249388,"HOLDER_PROFIT":70639420.8,"HOLDER_PROFIT_YOY":-74.2750381559,"GROSS_PROFIT_RATIO":13.812029081295,"EPS_TTM":0.05806901954,"OPERATE_INCOME_QOQ":-33.384113943793,"NET_PROFIT_RATIO":6.1282220753,"ROE_AVG":1.640406074335,"GROSS_PROFIT_QOQ":-49.396728786394,"ROA":1.217596865336,"HOLDER_PROFIT_QOQ":-57.138083634518,"ROE_YEARLY":3.28081214867,"ROIC_YEARLY":5.020374730712,"TOTAL_ASSETS":5733910751.4,"TOTAL_LIABILITIES":964839396.6,"TAX_EBT":24,"OCF_SALES":-24.03595505618,"TOTAL_PARENT_EQUITY":4307111509.2,"DEBT_ASSET_RATIO":16.8268994484,"OPERATE_PROFIT":105742357.2,"PRETAX_PROFIT":110193450,"NETCASH_OPERATE":-328470416.4,"NETCASH_INVEST":-492228721.8,"NETCASH_FINANCE":-15838953.6,"END_CASH":1545179523.6,"DIVI_RATIO":1.095751237137,"DIVIDEND_RATE":10.294117647059,"CURRENT_RATIO":4.893591428891,"COMMON_ACS":null,"CURRENTDEBT_DEBT":87.16664045474,"ISSUED_COMMON_SHARES":2382205918,"HK_COMMON_SHARES":2382205918,"PER_SHARES":2000,"TOTAL_MARKET_CAP":1619900024.24,"HKSK_MARKET_CAP":1619900024.24,"PE_TTM":7.728362861829,"PB_TTM":0.373397187999,"REPORT_DATE_SQ":"2022-06-30 00:00:00","REPORT_TYPE_SQ":"2022年中报","OPERATE_INCOME_SQ":3170794218.6,"DPS_HKD":0.07,"OPERATE_INCOME_QOQ_SQ":3.073362876136,"NET_PROFIT_RATIO_SQ":9.5877015297,"HOLDER_PROFIT_SQ":255046622.8,"HOLDER_PROFIT_QOQ_SQ":-10.746665307147,"ROE_AVG_SQ":5.975739773374,"PE_TTM_SQ":8.01547118993,"PB_TTM_SQ":0.239669374179,"ROA_SQ":4.003297279218,"START_DATE":"2023-01-01 00:00:00","FISCAL_YEAR":"12-31","CURRENCY":"HKD","IS_CNY_CODE":0,"DPS_HKD_LY":0.19,"ORG_TYPE":"一般企业","PREMIUM_INCOME":null,"PREMIUM_INCOME_YOY":null,"NET_INTEREST_INCOME":null,"NET_INTEREST_INCOME_YOY":null,"FEE_COMMISSION_INCOME":null,"FEE_COMMISSION_INCOME_YOY":null,"ACCOUNTS_RECE_TDAYS":2.484451761434,"INVENTORY_TDAYS":1.388683713936,"CURRENT_ASSETS_TDAYS":0.32858246095,"TOTAL_ASSETS_TDAYS":0.235554426306,"PREMIUM_EXPENSE":null,"LOAN_DEPOSIT":null,"LOAN_EQUITY":null,"LOAN_ASSETS":null,"DEPOSIT_EQUITY":null,"DEPOSIT_ASSETS":null,"EQUITY_MULTIPLIER":1.202311797165,"EQUITY_RATIO":0.224010777185},{"SECUCODE":"00716.HK","SECURITY_CODE":"00716","SECURITY_NAME_ABBR":"胜狮货柜","ORG_CODE":"10009079","STD_REPORT_DATE":"2022-12-31 00:00:00","REPORT_DATE":"2022-12-31 00:00:00","DATE_TYPE_CODE":"001","REPORT_TYPE":"2022年年报","PER_NETCASH_OPERATE":0.188296915985,"PER_OI":2.270038224714,"BPS":1.741952586149,"BASIC_EPS":0.13372032,"DILUTED_EPS":null,"OPERATE_INCOME":5407698493,"OPERATE_INCOME_YOY":-32.626562386,"GROSS_PROFIT":1024708562.6,"GROSS_PROFIT_YOY":-50.654138812266,"HOLDER_PROFIT":322739564,"HOLDER_PROFIT_YOY":-75.1929850858,"GROSS_PROFIT_RATIO":18.89976971145,"EPS_TTM":0.135479288991,"OPERATE_INCOME_QOQ":-28.597968840216,"NET_PROFIT_RATIO":7.2894638156,"ROE_AVG":7.285602209893,"GROSS_PROFIT_QOQ":-66.375704679209,"ROA":5.131058460738,"HOLDER_PROFIT_QOQ":-69.638839945077,"ROE_YEARLY":7.285602209893,"ROIC_YEARLY":10.552323264525,"TOTAL_ASSETS":5657017243.8,"TOTAL_LIABILITIES":1068202489.6,"TAX_EBT":37.097581317765,"OCF_SALES":8.299924096275,"TOTAL_PARENT_EQUITY":4149689759.6,"DEBT_ASSET_RATIO":18.8827865209,"OPERATE_PROFIT":620385674.2,"PRETAX_PROFIT":626291655,"NETCASH_OPERATE":448562027.6,"NETCASH_INVEST":-277664672.8,"NETCASH_FINANCE":-921597659.6,"END_CASH":2296716142,"DIVI_RATIO":0.469659978835,"DIVIDEND_RATE":10.294117647059,"CURRENT_RATIO":4.30393919884,"COMMON_ACS":null,"CURRENTDEBT_DEBT":88.103093052368,"ISSUED_COMMON_SHARES":2382205918,"HK_COMMON_SHARES":2382205918,"PER_SHARES":2000,"TOTAL_MARKET_CAP":1619900024.24,"HKSK_MARKET_CAP":1619900024.24,"PE_TTM":7.728362861829,"PB_TTM":0.373397187999,"REPORT_DATE_SQ":"2021-12-31 00:00:00","REPORT_TYPE_SQ":"2021年年报","OPERATE_INCOME_SQ":7343301734.8,"DPS_HKD":0.07,"OPERATE_INCOME_QOQ_SQ":81.540439861487,"NET_PROFIT_RATIO_SQ":18.0996280488,"HOLDER_PROFIT_SQ":1190993511.4,"HOLDER_PROFIT_QOQ_SQ":164.290832593892,"ROE_AVG_SQ":31.826855581226,"PE_TTM_SQ":8.01547118993,"PB_TTM_SQ":0.239669374179,"ROA_SQ":22.624142293189,"START_DATE":"2022-01-01 00:00:00","FISCAL_YEAR":"12-31","CURRENCY":"HKD","IS_CNY_CODE":0,"DPS_HKD_LY":0.35,"ORG_TYPE":"一般企业","PREMIUM_INCOME":null,"PREMIUM_INCOME_YOY":null,"NET_INTEREST_INCOME":null,"NET_INTEREST_INCOME_YOY":null,"FEE_COMMISSION_INCOME":null,"FEE_COMMISSION_INCOME_YOY":null,"ACCOUNTS_RECE_TDAYS":9.753357032496,"INVENTORY_TDAYS":3.989679088108,"CURRENT_ASSETS_TDAYS":1.148728857782,"TOTAL_ASSETS_TDAYS":0.859217552339,"PREMIUM_EXPENSE":null,"LOAN_DEPOSIT":null,"LOAN_EQUITY":null,"LOAN_ASSETS":null,"DEPOSIT_EQUITY":null,"DEPOSIT_ASSETS":null,"EQUITY_MULTIPLIER":1.232783964229,"EQUITY_RATIO":0.257417433949},{"SECUCODE":"00716.HK","SECURITY_CODE":"00716","SECURITY_NAME_ABBR":"胜狮货柜","ORG_CODE":"10009079","STD_REPORT_DATE":"2022-06-30 00:00:00","REPORT_DATE":"2022-06-30 00:00:00","DATE_TYPE_CODE":"002","REPORT_TYPE":"2022年中报","PER_NETCASH_OPERATE":-0.010482571148,"PER_OI":1.311915299711,"BPS":1.677997966253,"BASIC_EPS":0.10536898,"DILUTED_EPS":null,"OPERATE_INCOME":3170794218.6,"OPERATE_INCOME_YOY":3.6317812113,"GROSS_PROFIT":693301042.8,"GROSS_PROFIT_YOY":-41.500059120797,"HOLDER_PROFIT":255046622.8,"HOLDER_PROFIT_YOY":-35.9081173157,"GROSS_PROFIT_RATIO":36.025475765638,"EPS_TTM":0.439816568593,"OPERATE_INCOME_QOQ":3.073362876136,"NET_PROFIT_RATIO":9.5877015297,"ROE_AVG":5.975739773374,"GROSS_PROFIT_QOQ":-1.390563139672,"ROA":4.003297279218,"HOLDER_PROFIT_QOQ":-10.746665307147,"ROE_YEARLY":11.951479546748,"ROIC_YEARLY":15.750524817169,"TOTAL_ASSETS":6070682776.2,"TOTAL_LIABILITIES":1644178906.2,"TAX_EBT":35.26780610495,"OCF_SALES":-0.799028043239,"TOTAL_PARENT_EQUITY":3997336685.6,"DEBT_ASSET_RATIO":27.083920653,"OPERATE_PROFIT":466610085,"PRETAX_PROFIT":469636926.4,"NETCASH_OPERATE":-25335535,"NETCASH_INVEST":25926138.2,"NETCASH_FINANCE":-427375240.6,"END_CASH":2512392455.8,"DIVI_RATIO":0.144672130483,"DIVIDEND_RATE":10.294117647059,"CURRENT_RATIO":3.022750608671,"COMMON_ACS":null,"CURRENTDEBT_DEBT":91.037745476217,"ISSUED_COMMON_SHARES":2382205918,"HK_COMMON_SHARES":2382205918,"PER_SHARES":2000,"TOTAL_MARKET_CAP":1619900024.24,"HKSK_MARKET_CAP":1619900024.24,"PE_TTM":7.728362861829,"PB_TTM":0.373397187999,"REPORT_DATE_SQ":"2021-06-30 00:00:00","REPORT_TYPE_SQ":"2021年中报","OPERATE_INCOME_SQ":2945107909.2,"DPS_HKD":0.07,"OPERATE_INCOME_QOQ_SQ":126.001023633929,"NET_PROFIT_RATIO_SQ":14.5883235503,"HOLDER_PROFIT_SQ":383038709.3,"HOLDER_PROFIT_QOQ_SQ":1409.27167104455,"ROE_AVG_SQ":11.134156131316,"PE_TTM_SQ":8.01547118993,"PB_TTM_SQ":0.239669374179,"ROA_SQ":7.782019967897,"START_DATE":"2022-01-01 00:00:00","FISCAL_YEAR":"12-31","CURRENCY":"HKD","IS_CNY_CODE":0,"DPS_HKD_LY":0.35,"ORG_TYPE":"一般企业","PREMIUM_INCOME":null,"PREMIUM_INCOME_YOY":null,"NET_INTEREST_INCOME":null,"NET_INTEREST_INCOME_YOY":null,"FEE_COMMISSION_INCOME":null,"FEE_COMMISSION_INCOME_YOY":null,"ACCOUNTS_RECE_TDAYS":5.116850062817,"INVENTORY_TDAYS":1.708647907628,"CURRENT_ASSETS_TDAYS":0.654544169876,"TOTAL_ASSETS_TDAYS":0.497698488571,"PREMIUM_EXPENSE":null,"LOAN_DEPOSIT":null,"LOAN_EQUITY":null,"LOAN_ASSETS":null,"DEPOSIT_EQUITY":null,"DEPOSIT_ASSETS":null,"EQUITY_MULTIPLIER":1.371439617922,"EQUITY_RATIO":0.411318594234},{"SECUCODE":"00716.HK","SECURITY_CODE":"00716","SECURITY_NAME_ABBR":"胜狮货柜","ORG_CODE":"10009079","STD_REPORT_DATE":"2021-12-31 00:00:00","REPORT_DATE":"2021-12-31 00:00:00","DATE_TYPE_CODE":"001","REPORT_TYPE":"2021年年报","PER_NETCASH_OPERATE":0.55975594215,"PER_OI":3.038289220967,"BPS":1.809964183961,"BASIC_EPS":0.49284161,"DILUTED_EPS":null,"OPERATE_INCOME":7343301734.8,"OPERATE_INCOME_YOY":319.884435209,"GROSS_PROFIT":2076584617.1,"GROSS_PROFIT_YOY":208.578375647637,"HOLDER_PROFIT":1190993511.4,"HOLDER_PROFIT_YOY":3982.2115384615,"GROSS_PROFIT_RATIO":41.950955230412,"EPS_TTM":0.492773261758,"OPERATE_INCOME_QOQ":81.540439861487,"NET_PROFIT_RATIO":18.0996280488,"ROE_AVG":31.826855581226,"GROSS_PROFIT_QOQ":90.938962251883,"ROA":22.624142293189,"HOLDER_PROFIT_QOQ":164.290832593892,"ROE_YEARLY":31.826855581226,"ROIC_YEARLY":34.873045179525,"TOTAL_ASSETS":6337458551.4,"TOTAL_LIABILITIES":1662508404.9,"TAX_EBT":25.300371590026,"OCF_SALES":18.423392292171,"TOTAL_PARENT_EQUITY":4311707390.4,"DEBT_ASSET_RATIO":26.2330458088,"OPERATE_PROFIT":1780076312.9,"PRETAX_PROFIT":1779272974.7,"NETCASH_OPERATE":1352885285.8,"NETCASH_INVEST":1474380625,"NETCASH_FINANCE":-335368195.7,"END_CASH":2793646844.7,"DIVI_RATIO":0.129124700827,"DIVIDEND_RATE":10.294117647059,"CURRENT_RATIO":3.172760447807,"COMMON_ACS":null,"CURRENTDEBT_DEBT":93.004214651956,"ISSUED_COMMON_SHARES":2382205918,"HK_COMMON_SHARES":2382205918,"PER_SHARES":2000,"TOTAL_MARKET_CAP":1619900024.24,"HKSK_MARKET_CAP":1619900024.24,"PE_TTM":7.728362861829,"PB_TTM":0.373397187999,"REPORT_DATE_SQ":"2020-12-31 00:00:00","REPORT_TYPE_SQ":"2020年年报","OPERATE_INCOME_SQ":1789812694.5,"DPS_HKD":0.07,"OPERATE_INCOME_QOQ_SQ":8.906392861797,"NET_PROFIT_RATIO_SQ":1.7316490768,"HOLDER_PROFIT_SQ":29857942.4,"HOLDER_PROFIT_QOQ_SQ":106.480371329319,"ROE_AVG_SQ":0.894272241016,"PE_TTM_SQ":8.01547118993,"PB_TTM_SQ":0.239669374179,"ROA_SQ":0.687726796923,"START_DATE":"2021-01-01 00:00:00","FISCAL_YEAR":"12-31","CURRENCY":"HKD","IS_CNY_CODE":0,"DPS_HKD_LY":0.07,"ORG_TYPE":"一般企业","PREMIUM_INCOME":null,"PREMIUM_INCOME_YOY":null,"NET_INTEREST_INCOME":null,"NET_INTEREST_INCOME_YOY":null,"FEE_COMMISSION_INCOME":null,"FEE_COMMISSION_INCOME_YOY":null,"ACCOUNTS_RECE_TDAYS":15.576587054719,"INVENTORY_TDAYS":4.957626584508,"CURRENT_ASSETS_TDAYS":2.220306472787,"TOTAL_ASSETS_TDAYS":1.394935419544,"PREMIUM_EXPENSE":null,"LOAN_DEPOSIT":null,"LOAN_EQUITY":null,"LOAN_ASSETS":null,"DEPOSIT_EQUITY":null,"DEPOSIT_ASSETS":null,"EQUITY_MULTIPLIER":1.355620563387,"EQUITY_RATIO":0.38558006246},{"SECUCODE":"00716.HK","SECURITY_CODE":"00716","SECURITY_NAME_ABBR":"胜狮货柜","ORG_CODE":"10009079","STD_REPORT_DATE":"2021-06-30 00:00:00","REPORT_DATE":"2021-06-30 00:00:00","DATE_TYPE_CODE":"002","REPORT_TYPE":"2021年中报","PER_NETCASH_OPERATE":-0.0070323071,"PER_OI":1.218537646724,"BPS":1.538881378642,"BASIC_EPS":0.15827245,"DILUTED_EPS":null,"OPERATE_INCOME":2945107909.2,"OPERATE_INCOME_YOY":367.8022451618,"GROSS_PROFIT":1185131185.4,"GROSS_PROFIT_YOY":384.328297157224,"HOLDER_PROFIT":383038709.3,"HOLDER_PROFIT_YOY":1212.2303507785,"GROSS_PROFIT_RATIO":40.240671036123,"EPS_TTM":0.186451136773,"OPERATE_INCOME_QOQ":126.001023633929,"NET_PROFIT_RATIO":14.5883235503,"ROE_AVG":11.134156131316,"GROSS_PROFIT_QOQ":139.747742284435,"ROA":7.782019967897,"HOLDER_PROFIT_QOQ":1409.27167104455,"ROE_YEARLY":22.268312262632,"ROIC_YEARLY":18.474936708861,"TOTAL_ASSETS":5597657269.7,"TOTAL_LIABILITIES":1651615006.4,"TAX_EBT":27.204964865042,"OCF_SALES":-0.577110368245,"TOTAL_PARENT_EQUITY":3665932327.3,"DEBT_ASSET_RATIO":29.5054685706,"OPERATE_PROFIT":592520372,"PRETAX_PROFIT":590207656.2,"NETCASH_OPERATE":-16996523.1,"NETCASH_INVEST":246478655.4,"NETCASH_FINANCE":178705746.3,"END_CASH":722594485.5,"DIVI_RATIO":0.3412647469,"DIVIDEND_RATE":10.294117647059,"CURRENT_RATIO":2.203576986735,"COMMON_ACS":null,"CURRENTDEBT_DEBT":95.002033919519,"ISSUED_COMMON_SHARES":2382205918,"HK_COMMON_SHARES":2382205918,"PER_SHARES":2000,"TOTAL_MARKET_CAP":1619900024.24,"HKSK_MARKET_CAP":1619900024.24,"PE_TTM":7.728362861829,"PB_TTM":0.373397187999,"REPORT_DATE_SQ":"2020-06-30 00:00:00","REPORT_TYPE_SQ":"2020年中报","OPERATE_INCOME_SQ":689925593,"DPS_HKD":0.07,"OPERATE_INCOME_QOQ_SQ":-66.922869252251,"NET_PROFIT_RATIO_SQ":-5.6457405545,"HOLDER_PROFIT_SQ":-37740814.5,"HOLDER_PROFIT_QOQ_SQ":40.084214999627,"ROE_AVG_SQ":-1.064872104486,"PE_TTM_SQ":8.01547118993,"PB_TTM_SQ":0.239669374179,"ROA_SQ":-0.81131364783,"START_DATE":"2021-01-01 00:00:00","FISCAL_YEAR":"12-31","CURRENCY":"HKD","IS_CNY_CODE":0,"DPS_HKD_LY":0.07,"ORG_TYPE":"一般企业","PREMIUM_INCOME":null,"PREMIUM_INCOME_YOY":null,"NET_INTEREST_INCOME":null,"NET_INTEREST_INCOME_YOY":null,"FEE_COMMISSION_INCOME":null,"FEE_COMMISSION_INCOME_YOY":null,"ACCOUNTS_RECE_TDAYS":3.738566379374,"INVENTORY_TDAYS":3.181014653512,"CURRENT_ASSETS_TDAYS":1.13510727562,"TOTAL_ASSETS_TDAYS":0.598343927142,"PREMIUM_EXPENSE":null,"LOAN_DEPOSIT":null,"LOAN_EQUITY":null,"LOAN_ASSETS":null,"DEPOSIT_EQUITY":null,"DEPOSIT_ASSETS":null,"EQUITY_MULTIPLIER":1.418549750914,"EQUITY_RATIO":0.450530686041},{"SECUCODE":"00716.HK","SECURITY_CODE":"00716","SECURITY_NAME_ABBR":"胜狮货柜","ORG_CODE":"10009079","STD_REPORT_DATE":"2020-12-31 00:00:00","REPORT_DATE":"2020-12-31 00:00:00","DATE_TYPE_CODE":"001","REPORT_TYPE":"2020年年报","PER_NETCASH_OPERATE":-0.055337952741,"PER_OI":0.740534546126,"BPS":1.362912423426,"BASIC_EPS":0.01239731,"DILUTED_EPS":0.01239731,"OPERATE_INCOME":1789812694.5,"OPERATE_INCOME_YOY":-61.4853224264,"GROSS_PROFIT":672952086.4,"GROSS_PROFIT_YOY":-38.227465478646,"HOLDER_PROFIT":29857942.4,"HOLDER_PROFIT_YOY":104.1513199673,"GROSS_PROFIT_RATIO":37.599022985363,"EPS_TTM":0.012353716057,"OPERATE_INCOME_QOQ":8.906392861797,"NET_PROFIT_RATIO":1.7316490768,"ROE_AVG":0.894272241016,"GROSS_PROFIT_QOQ":26.44725253055,"ROA":0.687726796923,"HOLDER_PROFIT_QOQ":106.480371329319,"ROE_YEARLY":0.894272241016,"ROIC_YEARLY":0.839670774191,"TOTAL_ASSETS":4289136490.1,"TOTAL_LIABILITIES":806888708.7,"TAX_EBT":39.644218551461,"OCF_SALES":-7.472703742185,"TOTAL_PARENT_EQUITY":3246738040.8,"DEBT_ASSET_RATIO":18.8123812465,"OPERATE_PROFIT":43129589,"PRETAX_PROFIT":51350963,"NETCASH_OPERATE":-134054070.5,"NETCASH_INVEST":-43860377.8,"NETCASH_FINANCE":-258496963.3,"END_CASH":318330296.3,"DIVI_RATIO":5.150612148224,"DIVIDEND_RATE":10.294117647059,"CURRENT_RATIO":2.34020447541,"COMMON_ACS":null,"CURRENTDEBT_DEBT":92.620266369084,"ISSUED_COMMON_SHARES":2382205918,"HK_COMMON_SHARES":2382205918,"PER_SHARES":2000,"TOTAL_MARKET_CAP":1619900024.24,"HKSK_MARKET_CAP":1619900024.24,"PE_TTM":7.728362861829,"PB_TTM":0.373397187999,"REPORT_DATE_SQ":"2019-12-31 00:00:00","REPORT_TYPE_SQ":"2019年年报","OPERATE_INCOME_SQ":4968512425.8,"DPS_HKD":0.07,"OPERATE_INCOME_QOQ_SQ":-50.362025990307,"NET_PROFIT_RATIO_SQ":-15.556809869,"HOLDER_PROFIT_SQ":-768986526,"HOLDER_PROFIT_QOQ_SQ":-569.414512198059,"ROE_AVG_SQ":-18.643441434173,"PE_TTM_SQ":8.01547118993,"PB_TTM_SQ":0.239669374179,"ROA_SQ":-10.632802722106,"START_DATE":"2020-01-01 00:00:00","FISCAL_YEAR":"12-31","CURRENCY":"HKD","IS_CNY_CODE":0,"DPS_HKD_LY":0.13,"ORG_TYPE":"一般企业","PREMIUM_INCOME":null,"PREMIUM_INCOME_YOY":null,"NET_INTEREST_INCOME":null,"NET_INTEREST_INCOME_YOY":null,"FEE_COMMISSION_INCOME":null,"FEE_COMMISSION_INCOME_YOY":null,"ACCOUNTS_RECE_TDAYS":5.370526274571,"INVENTORY_TDAYS":2.516395551407,"CURRENT_ASSETS_TDAYS":1.008680079943,"TOTAL_ASSETS_TDAYS":0.412252838789,"PREMIUM_EXPENSE":null,"LOAN_DEPOSIT":null,"LOAN_EQUITY":null,"LOAN_ASSETS":null,"DEPOSIT_EQUITY":null,"DEPOSIT_ASSETS":null,"EQUITY_MULTIPLIER":1.23171490352,"EQUITY_RATIO":0.24852288622},{"SECUCODE":"00716.HK","SECURITY_CODE":"00716","SECURITY_NAME_ABBR":"胜狮货柜","ORG_CODE":"10009079","STD_REPORT_DATE":"2020-06-30 00:00:00","REPORT_DATE":"2020-06-30 00:00:00","DATE_TYPE_CODE":"002","REPORT_TYPE":"2020年中报","PER_NETCASH_OPERATE":0.003696576346,"PER_OI":0.285456538242,"BPS":1.412915741695,"BASIC_EPS":-0.0155749,"DILUTED_EPS":-0.0155749,"OPERATE_INCOME":689925593,"OPERATE_INCOME_YOY":-83.3133855571,"GROSS_PROFIT":244695838,"GROSS_PROFIT_YOY":-69.485468670361,"HOLDER_PROFIT":-37740814.5,"HOLDER_PROFIT_YOY":89.4072764123,"GROSS_PROFIT_RATIO":35.466989554046,"EPS_TTM":-0.190632842308,"OPERATE_INCOME_QOQ":-66.922869252251,"NET_PROFIT_RATIO":-5.6457405545,"ROE_AVG":-1.064872104486,"GROSS_PROFIT_QOQ":-51.147586614087,"ROA":-0.81131364783,"HOLDER_PROFIT_QOQ":40.084214999627,"ROE_YEARLY":-2.129744208971,"ROIC_YEARLY":-2.10365772451,"TOTAL_ASSETS":4536210863.5,"TOTAL_LIABILITIES":918140355,"TAX_EBT":-24.64884458541,"OCF_SALES":1.294969934533,"TOTAL_PARENT_EQUITY":3365856241.5,"DEBT_ASSET_RATIO":20.2402485825,"OPERATE_PROFIT":-35588646.5,"PRETAX_PROFIT":-31248913,"NETCASH_OPERATE":8934329,"NETCASH_INVEST":-11999752.5,"NETCASH_FINANCE":-71531268,"END_CASH":772125667.5,"DIVI_RATIO":-0.333778792938,"DIVIDEND_RATE":10.294117647059,"CURRENT_RATIO":2.114491736953,"COMMON_ACS":null,"CURRENTDEBT_DEBT":94.528491017041,"ISSUED_COMMON_SHARES":2382205918,"HK_COMMON_SHARES":2382205918,"PER_SHARES":2000,"TOTAL_MARKET_CAP":1619900024.24,"HKSK_MARKET_CAP":1619900024.24,"PE_TTM":7.728362861829,"PB_TTM":0.373397187999,"REPORT_DATE_SQ":"2019-06-30 00:00:00","REPORT_TYPE_SQ":"2019年中报","OPERATE_INCOME_SQ":4014996667.5,"DPS_HKD":0.07,"OPERATE_INCOME_QOQ_SQ":-19.326531101341,"NET_PROFIT_RATIO_SQ":-8.6724027225,"HOLDER_PROFIT_SQ":-345983026.9,"HOLDER_PROFIT_QOQ_SQ":-66.964134424781,"ROE_AVG_SQ":-8.0750334541,"PE_TTM_SQ":8.01547118993,"PB_TTM_SQ":0.239669374179,"ROA_SQ":-3.508921160307,"START_DATE":"2020-01-01 00:00:00","FISCAL_YEAR":"12-31","CURRENCY":"HKD","IS_CNY_CODE":0,"DPS_HKD_LY":0.13,"ORG_TYPE":"一般企业","PREMIUM_INCOME":null,"PREMIUM_INCOME_YOY":null,"NET_INTEREST_INCOME":null,"NET_INTEREST_INCOME_YOY":null,"FEE_COMMISSION_INCOME":null,"FEE_COMMISSION_INCOME_YOY":null,"ACCOUNTS_RECE_TDAYS":2.859733552439,"INVENTORY_TDAYS":0.895562770563,"CURRENT_ASSETS_TDAYS":0.364264315336,"TOTAL_ASSETS_TDAYS":0.148313187461,"PREMIUM_EXPENSE":null,"LOAN_DEPOSIT":null,"LOAN_EQUITY":null,"LOAN_ASSETS":null,"DEPOSIT_EQUITY":null,"DEPOSIT_ASSETS":null,"EQUITY_MULTIPLIER":1.253765191375,"EQUITY_RATIO":0.272780620776}],"count":48},"success":true,"message":"ok","code":0}