{"version":"5a633346d3efea863d67bcc089755a54","result":{"pages":5,"data":[{"SECUCODE":"00717.HK","SECURITY_CODE":"00717","SECURITY_NAME_ABBR":"英皇资本","ORG_CODE":"10099878","STD_REPORT_DATE":"2024-12-31 00:00:00","REPORT_DATE":"2024-09-30 00:00:00","DATE_TYPE_CODE":"001","REPORT_TYPE":"2024年年报","PER_NETCASH_OPERATE":0.064388824775,"PER_OI":0.053200406266,"BPS":0.462354207589,"BASIC_EPS":0.008837542,"DILUTED_EPS":null,"OPERATE_INCOME":358615731.09,"OPERATE_INCOME_YOY":-11.6865610322,"GROSS_PROFIT":null,"GROSS_PROFIT_YOY":null,"HOLDER_PROFIT":59843686.19,"HOLDER_PROFIT_YOY":141.310897795,"GROSS_PROFIT_RATIO":null,"EPS_TTM":0.008877771223,"OPERATE_INCOME_QOQ":0,"NET_PROFIT_RATIO":16.687412459,"ROE_AVG":1.938785720807,"GROSS_PROFIT_QOQ":null,"ROA":1.267871202581,"HOLDER_PROFIT_QOQ":0,"ROE_YEARLY":1.938785720807,"ROIC_YEARLY":2.4947327009,"TOTAL_ASSETS":4755883548.54,"TOTAL_LIABILITIES":1639225165.34,"TAX_EBT":-0.349311961288,"OCF_SALES":121.030701258075,"TOTAL_PARENT_EQUITY":3116658383.2,"DEBT_ASSET_RATIO":34.467310829,"OPERATE_PROFIT":62795244.86,"PRETAX_PROFIT":59635372.7,"NETCASH_OPERATE":434035134.16,"NETCASH_INVEST":-3695535.42,"NETCASH_FINANCE":-197213356.89,"END_CASH":1136956992.62,"DIVI_RATIO":null,"DIVIDEND_RATE":null,"CURRENT_RATIO":2.744413767472,"COMMON_ACS":500000000000,"CURRENTDEBT_DEBT":99.767569286358,"ISSUED_COMMON_SHARES":6740845724,"HK_COMMON_SHARES":6740845724,"PER_SHARES":6000,"TOTAL_MARKET_CAP":451636663.508,"HKSK_MARKET_CAP":451636663.508,"PE_TTM":6.805754336252,"PB_TTM":0.130678879976,"REPORT_DATE_SQ":"2023-12-31 00:00:00","REPORT_TYPE_SQ":"2023年年报","OPERATE_INCOME_SQ":413204200.85,"DPS_HKD":null,"OPERATE_INCOME_QOQ_SQ":0,"NET_PROFIT_RATIO_SQ":-35.6739470791,"HOLDER_PROFIT_SQ":-147406247.94,"HOLDER_PROFIT_QOQ_SQ":0,"ROE_AVG_SQ":-4.629413220909,"PE_TTM_SQ":-1.678518339123,"PB_TTM_SQ":0.079548679531,"ROA_SQ":-2.95279042537,"START_DATE":"2023-10-01 00:00:00","FISCAL_YEAR":"9-30","CURRENCY":"HKD","IS_CNY_CODE":0,"DPS_HKD_LY":null,"ORG_TYPE":"证券","PREMIUM_INCOME":null,"PREMIUM_INCOME_YOY":null,"NET_INTEREST_INCOME":265709718.13,"NET_INTEREST_INCOME_YOY":null,"FEE_COMMISSION_INCOME":213707095.99,"FEE_COMMISSION_INCOME_YOY":206.347195470352,"ACCOUNTS_RECE_TDAYS":0.656390119263,"INVENTORY_TDAYS":null,"CURRENT_ASSETS_TDAYS":0.082082288696,"TOTAL_ASSETS_TDAYS":0.075977699101,"PREMIUM_EXPENSE":null,"LOAN_DEPOSIT":null,"LOAN_EQUITY":null,"LOAN_ASSETS":null,"DEPOSIT_EQUITY":null,"DEPOSIT_ASSETS":null,"EQUITY_MULTIPLIER":1.525955996389,"EQUITY_RATIO":0.525955996389},{"SECUCODE":"00717.HK","SECURITY_CODE":"00717","SECURITY_NAME_ABBR":"英皇资本","ORG_CODE":"10099878","STD_REPORT_DATE":"2024-06-30 00:00:00","REPORT_DATE":"2024-03-31 00:00:00","DATE_TYPE_CODE":"002","REPORT_TYPE":"2024年中报","PER_NETCASH_OPERATE":0.028280407913,"PER_OI":0.025219638939,"BPS":0.461444914178,"BASIC_EPS":0.00562061,"DILUTED_EPS":null,"OPERATE_INCOME":170001695.3,"OPERATE_INCOME_YOY":-3.9397183647,"GROSS_PROFIT":null,"GROSS_PROFIT_YOY":null,"HOLDER_PROFIT":37736956.85,"HOLDER_PROFIT_YOY":-7.9517059903,"GROSS_PROFIT_RATIO":null,"EPS_TTM":-0.022142319173,"OPERATE_INCOME_QOQ":0,"NET_PROFIT_RATIO":22.1979885456,"ROE_AVG":1.220604813248,"GROSS_PROFIT_QOQ":null,"ROA":0.829160672762,"HOLDER_PROFIT_QOQ":0,"ROE_YEARLY":2.441209626495,"ROIC_YEARLY":3.034121383442,"TOTAL_ASSETS":4393580070.2,"TOTAL_LIABILITIES":1283051093.6,"TAX_EBT":-0.482776932918,"OCF_SALES":112.136450412209,"TOTAL_PARENT_EQUITY":3110528976.6,"DEBT_ASSET_RATIO":29.2028612908,"OPERATE_PROFIT":40459326.5,"PRETAX_PROFIT":37555646.85,"NETCASH_OPERATE":190633866.75,"NETCASH_INVEST":-4992370.85,"NETCASH_FINANCE":-195201972.2,"END_CASH":899041046.35,"DIVI_RATIO":null,"DIVIDEND_RATE":null,"CURRENT_RATIO":3.113893839013,"COMMON_ACS":500000000000,"CURRENTDEBT_DEBT":99.43899295703,"ISSUED_COMMON_SHARES":6740845724,"HK_COMMON_SHARES":6740845724,"PER_SHARES":6000,"TOTAL_MARKET_CAP":384228206.268,"HKSK_MARKET_CAP":384228206.268,"PE_TTM":5.78997010696,"PB_TTM":0.111174569532,"REPORT_DATE_SQ":"2023-06-30 00:00:00","REPORT_TYPE_SQ":"2023年中报","OPERATE_INCOME_SQ":170894913.97,"DPS_HKD":null,"OPERATE_INCOME_QOQ_SQ":0,"NET_PROFIT_RATIO_SQ":23.1655030043,"HOLDER_PROFIT_SQ":39588666.43,"HOLDER_PROFIT_QOQ_SQ":0,"ROE_AVG_SQ":1.265703924136,"PE_TTM_SQ":-1.200435543868,"PB_TTM_SQ":0.077559962542,"ROA_SQ":0.80536692831,"START_DATE":"2023-10-01 00:00:00","FISCAL_YEAR":"9-30","CURRENCY":"HKD","IS_CNY_CODE":0,"DPS_HKD_LY":null,"ORG_TYPE":"证券","PREMIUM_INCOME":null,"PREMIUM_INCOME_YOY":null,"NET_INTEREST_INCOME":140184359.25,"NET_INTEREST_INCOME_YOY":null,"FEE_COMMISSION_INCOME":27877319.05,"FEE_COMMISSION_INCOME_YOY":-9.958421175919,"ACCOUNTS_RECE_TDAYS":0.349038833795,"INVENTORY_TDAYS":null,"CURRENT_ASSETS_TDAYS":0.041237507867,"TOTAL_ASSETS_TDAYS":0.037352964259,"PREMIUM_EXPENSE":null,"LOAN_DEPOSIT":null,"LOAN_EQUITY":null,"LOAN_ASSETS":null,"DEPOSIT_EQUITY":null,"DEPOSIT_ASSETS":null,"EQUITY_MULTIPLIER":1.412486462352,"EQUITY_RATIO":0.412486462352},{"SECUCODE":"00717.HK","SECURITY_CODE":"00717","SECURITY_NAME_ABBR":"英皇资本","ORG_CODE":"10099878","STD_REPORT_DATE":"2023-12-31 00:00:00","REPORT_DATE":"2023-09-30 00:00:00","DATE_TYPE_CODE":"001","REPORT_TYPE":"2023年年报","PER_NETCASH_OPERATE":0.051143286312,"PER_OI":0.061298569611,"BPS":0.461418092878,"BASIC_EPS":-0.021839594,"DILUTED_EPS":null,"OPERATE_INCOME":413204200.85,"OPERATE_INCOME_YOY":-13.1093795829,"GROSS_PROFIT":null,"GROSS_PROFIT_YOY":null,"HOLDER_PROFIT":-147406247.94,"HOLDER_PROFIT_YOY":46.316929226,"GROSS_PROFIT_RATIO":null,"EPS_TTM":-0.021867619283,"OPERATE_INCOME_QOQ":0,"NET_PROFIT_RATIO":-35.6739470791,"ROE_AVG":-4.629413220909,"GROSS_PROFIT_QOQ":null,"ROA":-2.95279042537,"HOLDER_PROFIT_QOQ":0,"ROE_YEARLY":-4.629413220909,"ROIC_YEARLY":-5.321433280176,"TOTAL_ASSETS":4766419815.36,"TOTAL_LIABILITIES":1656071637.01,"TAX_EBT":0.097639851985,"OCF_SALES":83.433082756859,"TOTAL_PARENT_EQUITY":3110348178.35,"DEBT_ASSET_RATIO":34.7445609317,"OPERATE_PROFIT":-133904240.12,"PRETAX_PROFIT":-147550315.85,"NETCASH_OPERATE":344749002.85,"NETCASH_INVEST":-3149306.16,"NETCASH_FINANCE":-211785333.48,"END_CASH":919706596.69,"DIVI_RATIO":null,"DIVIDEND_RATE":null,"CURRENT_RATIO":2.629795348251,"COMMON_ACS":500000000000,"CURRENTDEBT_DEBT":99.293189496251,"ISSUED_COMMON_SHARES":6740845724,"HK_COMMON_SHARES":6740845724,"PER_SHARES":6000,"TOTAL_MARKET_CAP":444895817.784,"HKSK_MARKET_CAP":444895817.784,"PE_TTM":6.704175913323,"PB_TTM":0.128728448932,"REPORT_DATE_SQ":"2022-12-31 00:00:00","REPORT_TYPE_SQ":"2022年年报","OPERATE_INCOME_SQ":468709750.08,"DPS_HKD":null,"OPERATE_INCOME_QOQ_SQ":0,"NET_PROFIT_RATIO_SQ":-57.7413204897,"HOLDER_PROFIT_SQ":-270639198.96,"HOLDER_PROFIT_QOQ_SQ":0,"ROE_AVG_SQ":-8.087423984623,"PE_TTM_SQ":-1.552629463689,"PB_TTM_SQ":0.073582528566,"ROA_SQ":-4.794207358593,"START_DATE":"2022-10-01 00:00:00","FISCAL_YEAR":"9-30","CURRENCY":"HKD","IS_CNY_CODE":0,"DPS_HKD_LY":null,"ORG_TYPE":"证券","PREMIUM_INCOME":null,"PREMIUM_INCOME_YOY":null,"NET_INTEREST_INCOME":333731937.07,"NET_INTEREST_INCOME_YOY":null,"FEE_COMMISSION_INCOME":70985103.91,"FEE_COMMISSION_INCOME_YOY":-9.480569629881,"ACCOUNTS_RECE_TDAYS":0.748169846244,"INVENTORY_TDAYS":null,"CURRENT_ASSETS_TDAYS":0.092868724692,"TOTAL_ASSETS_TDAYS":0.082771620948,"PREMIUM_EXPENSE":null,"LOAN_DEPOSIT":null,"LOAN_EQUITY":null,"LOAN_ASSETS":null,"DEPOSIT_EQUITY":null,"DEPOSIT_ASSETS":null,"EQUITY_MULTIPLIER":1.5324393097,"EQUITY_RATIO":0.532439309701},{"SECUCODE":"00717.HK","SECURITY_CODE":"00717","SECURITY_NAME_ABBR":"英皇资本","ORG_CODE":"10099878","STD_REPORT_DATE":"2023-06-30 00:00:00","REPORT_DATE":"2023-03-31 00:00:00","DATE_TYPE_CODE":"002","REPORT_TYPE":"2023年中报","PER_NETCASH_OPERATE":0.011135921984,"PER_OI":0.025352147337,"BPS":0.466943290221,"BASIC_EPS":0.005865247,"DILUTED_EPS":null,"OPERATE_INCOME":170894913.97,"OPERATE_INCOME_YOY":-23.3032518632,"GROSS_PROFIT":null,"GROSS_PROFIT_YOY":null,"HOLDER_PROFIT":39588666.43,"HOLDER_PROFIT_YOY":229.1605974924,"GROSS_PROFIT_RATIO":null,"EPS_TTM":-0.030063681576,"OPERATE_INCOME_QOQ":0,"NET_PROFIT_RATIO":23.1655030043,"ROE_AVG":1.265703924136,"GROSS_PROFIT_QOQ":null,"ROA":0.80536692831,"HOLDER_PROFIT_QOQ":0,"ROE_YEARLY":2.531407848271,"ROIC_YEARLY":2.764804394048,"TOTAL_ASSETS":4853501522.01,"TOTAL_LIABILITIES":1705908840.77,"TAX_EBT":11.916402095791,"OCF_SALES":43.924965551156,"TOTAL_PARENT_EQUITY":3147592681.24,"DEBT_ASSET_RATIO":35.1480025922,"OPERATE_PROFIT":51596665.4,"PRETAX_PROFIT":44944424.81,"NETCASH_OPERATE":75065532.09,"NETCASH_INVEST":-1982803.65,"NETCASH_FINANCE":-105049200,"END_CASH":721582954.8,"DIVI_RATIO":null,"DIVIDEND_RATE":null,"CURRENT_RATIO":2.544021914409,"COMMON_ACS":500000000000,"CURRENTDEBT_DEBT":99.92379523343,"ISSUED_COMMON_SHARES":6740845724,"HK_COMMON_SHARES":6740845724,"PER_SHARES":6000,"TOTAL_MARKET_CAP":384228206.268,"HKSK_MARKET_CAP":384228206.268,"PE_TTM":5.78997010696,"PB_TTM":0.111174569532,"REPORT_DATE_SQ":"2022-06-30 00:00:00","REPORT_TYPE_SQ":"2022年中报","OPERATE_INCOME_SQ":206427186.31,"DPS_HKD":null,"OPERATE_INCOME_QOQ_SQ":0,"NET_PROFIT_RATIO_SQ":-13.7558882808,"HOLDER_PROFIT_SQ":-28395893.13,"HOLDER_PROFIT_QOQ_SQ":0,"ROE_AVG_SQ":-0.913668110118,"PE_TTM_SQ":-1.200435543868,"PB_TTM_SQ":0.077559962542,"ROA_SQ":-0.521259995264,"START_DATE":"2022-10-01 00:00:00","FISCAL_YEAR":"9-30","CURRENCY":"HKD","IS_CNY_CODE":0,"DPS_HKD_LY":null,"ORG_TYPE":"证券","PREMIUM_INCOME":null,"PREMIUM_INCOME_YOY":null,"NET_INTEREST_INCOME":136732038.72,"NET_INTEREST_INCOME_YOY":null,"FEE_COMMISSION_INCOME":29897002.32,"FEE_COMMISSION_INCOME_YOY":-13.169937963999,"ACCOUNTS_RECE_TDAYS":0.276259137374,"INVENTORY_TDAYS":null,"CURRENT_ASSETS_TDAYS":0.039284271511,"TOTAL_ASSETS_TDAYS":0.034765786357,"PREMIUM_EXPENSE":null,"LOAN_DEPOSIT":null,"LOAN_EQUITY":null,"LOAN_ASSETS":null,"DEPOSIT_EQUITY":null,"DEPOSIT_ASSETS":null,"EQUITY_MULTIPLIER":1.541972552845,"EQUITY_RATIO":0.541972552846},{"SECUCODE":"00717.HK","SECURITY_CODE":"00717","SECURITY_NAME_ABBR":"英皇资本","ORG_CODE":"10099878","STD_REPORT_DATE":"2022-12-31 00:00:00","REPORT_DATE":"2022-09-30 00:00:00","DATE_TYPE_CODE":"001","REPORT_TYPE":"2022年年报","PER_NETCASH_OPERATE":0.063239795517,"PER_OI":0.069532781089,"BPS":0.476360169853,"BASIC_EPS":-0.040157136,"DILUTED_EPS":null,"OPERATE_INCOME":468709750.08,"OPERATE_INCOME_YOY":-24.6164140459,"GROSS_PROFIT":null,"GROSS_PROFIT_YOY":null,"HOLDER_PROFIT":-270639198.96,"HOLDER_PROFIT_YOY":48.0581294025,"GROSS_PROFIT_RATIO":null,"EPS_TTM":-0.040149145974,"OPERATE_INCOME_QOQ":0,"NET_PROFIT_RATIO":-57.7413204897,"ROE_AVG":-8.087423984623,"GROSS_PROFIT_QOQ":null,"ROA":-4.794207358593,"HOLDER_PROFIT_QOQ":0,"ROE_YEARLY":-8.087423984623,"ROIC_YEARLY":-8.141737198151,"TOTAL_ASSETS":5142779697.12,"TOTAL_LIABILITIES":1931709283.08,"TAX_EBT":-2.977827180717,"OCF_SALES":90.949613300607,"TOTAL_PARENT_EQUITY":3211070414.04,"DEBT_ASSET_RATIO":37.5615794735,"OPERATE_PROFIT":-238533387.84,"PRETAX_PROFIT":-262813079.64,"NETCASH_OPERATE":426289705.2,"NETCASH_INVEST":-3766992.6,"NETCASH_FINANCE":-425476613.64,"END_CASH":778538334.24,"DIVI_RATIO":null,"DIVIDEND_RATE":null,"CURRENT_RATIO":2.335427515302,"COMMON_ACS":500000000000,"CURRENTDEBT_DEBT":99.938103021481,"ISSUED_COMMON_SHARES":6740845724,"HK_COMMON_SHARES":6740845724,"PER_SHARES":6000,"TOTAL_MARKET_CAP":390969051.992,"HKSK_MARKET_CAP":390969051.992,"PE_TTM":5.89154852989,"PB_TTM":0.113125000576,"REPORT_DATE_SQ":"2021-12-31 00:00:00","REPORT_TYPE_SQ":"2021年年报","OPERATE_INCOME_SQ":572695427.6,"DPS_HKD":null,"OPERATE_INCOME_QOQ_SQ":0,"NET_PROFIT_RATIO_SQ":-83.8003665668,"HOLDER_PROFIT_SQ":-479920867.64,"HOLDER_PROFIT_QOQ_SQ":0,"ROE_AVG_SQ":-13.923292998222,"PE_TTM_SQ":-1.678518339123,"PB_TTM_SQ":0.079548679531,"ROA_SQ":-6.852603612065,"START_DATE":"2021-10-01 00:00:00","FISCAL_YEAR":"9-30","CURRENCY":"HKD","IS_CNY_CODE":0,"DPS_HKD_LY":null,"ORG_TYPE":"证券","PREMIUM_INCOME":null,"PREMIUM_INCOME_YOY":null,"NET_INTEREST_INCOME":386526000.6,"NET_INTEREST_INCOME_YOY":null,"FEE_COMMISSION_INCOME":77292537.96,"FEE_COMMISSION_INCOME_YOY":-31.819886232179,"ACCOUNTS_RECE_TDAYS":0.497516411652,"INVENTORY_TDAYS":null,"CURRENT_ASSETS_TDAYS":0.093449246281,"TOTAL_ASSETS_TDAYS":0.083029056453,"PREMIUM_EXPENSE":null,"LOAN_DEPOSIT":null,"LOAN_EQUITY":null,"LOAN_ASSETS":null,"DEPOSIT_EQUITY":null,"DEPOSIT_ASSETS":null,"EQUITY_MULTIPLIER":1.60157798927,"EQUITY_RATIO":0.601577989269},{"SECUCODE":"00717.HK","SECURITY_CODE":"00717","SECURITY_NAME_ABBR":"英皇资本","ORG_CODE":"10099878","STD_REPORT_DATE":"2022-06-30 00:00:00","REPORT_DATE":"2022-03-31 00:00:00","DATE_TYPE_CODE":"002","REPORT_TYPE":"2022年中报","PER_NETCASH_OPERATE":0.020878120207,"PER_OI":0.030623336412,"BPS":0.458948682696,"BASIC_EPS":-0.004217252,"DILUTED_EPS":null,"OPERATE_INCOME":206427186.31,"OPERATE_INCOME_YOY":-28.3874652532,"GROSS_PROFIT":null,"GROSS_PROFIT_YOY":null,"HOLDER_PROFIT":-28395893.13,"HOLDER_PROFIT_YOY":-165.2266249371,"GROSS_PROFIT_RATIO":null,"EPS_TTM":-0.082138829556,"OPERATE_INCOME_QOQ":0,"NET_PROFIT_RATIO":-13.7558882808,"ROE_AVG":-0.913668110118,"GROSS_PROFIT_QOQ":null,"ROA":-0.521259995264,"HOLDER_PROFIT_QOQ":0,"ROE_YEARLY":-1.827336220235,"ROIC_YEARLY":-1.73304057472,"TOTAL_ASSETS":5382662826.87,"TOTAL_LIABILITIES":2288960561.58,"TAX_EBT":-27.468326780253,"OCF_SALES":68.177157202855,"TOTAL_PARENT_EQUITY":3093702265.29,"DEBT_ASSET_RATIO":42.5246877838,"OPERATE_PROFIT":-10440131.73,"PRETAX_PROFIT":-22276822.68,"NETCASH_OPERATE":140736187.32,"NETCASH_INVEST":-1222192.07,"NETCASH_FINANCE":-123487626.64,"END_CASH":716789291.23,"DIVI_RATIO":null,"DIVIDEND_RATE":null,"CURRENT_RATIO":2.115496333208,"COMMON_ACS":500000000000,"CURRENTDEBT_DEBT":100,"ISSUED_COMMON_SHARES":6740845724,"HK_COMMON_SHARES":6740845724,"PER_SHARES":6000,"TOTAL_MARKET_CAP":384228206.268,"HKSK_MARKET_CAP":384228206.268,"PE_TTM":5.78997010696,"PB_TTM":0.111174569532,"REPORT_DATE_SQ":"2021-06-30 00:00:00","REPORT_TYPE_SQ":"2021年中报","OPERATE_INCOME_SQ":300400637.04,"DPS_HKD":null,"OPERATE_INCOME_QOQ_SQ":0,"NET_PROFIT_RATIO_SQ":15.102636821,"HOLDER_PROFIT_SQ":45368417.22,"HOLDER_PROFIT_QOQ_SQ":0,"ROE_AVG_SQ":1.205580314807,"PE_TTM_SQ":-1.200435543868,"PB_TTM_SQ":0.077559962542,"ROA_SQ":0.600214383844,"START_DATE":"2021-10-01 00:00:00","FISCAL_YEAR":"9-30","CURRENCY":"HKD","IS_CNY_CODE":0,"DPS_HKD_LY":null,"ORG_TYPE":"证券","PREMIUM_INCOME":null,"PREMIUM_INCOME_YOY":null,"NET_INTEREST_INCOME":null,"NET_INTEREST_INCOME_YOY":null,"FEE_COMMISSION_INCOME":31898645.32,"FEE_COMMISSION_INCOME_YOY":-36.374518748585,"ACCOUNTS_RECE_TDAYS":0.198554434538,"INVENTORY_TDAYS":null,"CURRENT_ASSETS_TDAYS":0.042151536605,"TOTAL_ASSETS_TDAYS":0.037893590339,"PREMIUM_EXPENSE":null,"LOAN_DEPOSIT":null,"LOAN_EQUITY":null,"LOAN_ASSETS":null,"DEPOSIT_EQUITY":null,"DEPOSIT_ASSETS":null,"EQUITY_MULTIPLIER":1.739877455973,"EQUITY_RATIO":0.739877455973},{"SECUCODE":"00717.HK","SECURITY_CODE":"00717","SECURITY_NAME_ABBR":"英皇资本","ORG_CODE":"10099878","STD_REPORT_DATE":"2021-12-31 00:00:00","REPORT_DATE":"2021-09-30 00:00:00","DATE_TYPE_CODE":"001","REPORT_TYPE":"2021年年报","PER_NETCASH_OPERATE":0.39055156914,"PER_OI":0.084958987499,"BPS":0.475753769754,"BASIC_EPS":-0.07122663,"DILUTED_EPS":null,"OPERATE_INCOME":572695427.6,"OPERATE_INCOME_YOY":-25.8668156246,"GROSS_PROFIT":null,"GROSS_PROFIT_YOY":null,"HOLDER_PROFIT":-479920867.64,"HOLDER_PROFIT_YOY":16.4774910221,"GROSS_PROFIT_RATIO":null,"EPS_TTM":-0.071195942956,"OPERATE_INCOME_QOQ":0,"NET_PROFIT_RATIO":-83.8003665668,"ROE_AVG":-13.923292998222,"GROSS_PROFIT_QOQ":null,"ROA":-6.852603612065,"HOLDER_PROFIT_QOQ":0,"ROE_YEARLY":-13.923292998222,"ROIC_YEARLY":-9.724209203492,"TOTAL_ASSETS":5662308820,"TOTAL_LIABILITIES":2455326055.48,"TAX_EBT":-6.376763424182,"OCF_SALES":459.694236755593,"TOTAL_PARENT_EQUITY":3206982764.52,"DEBT_ASSET_RATIO":43.3626305723,"OPERATE_PROFIT":-391696481.4,"PRETAX_PROFIT":-451151973.6,"NETCASH_OPERATE":2632647874.84,"NETCASH_INVEST":-228258.44,"NETCASH_FINANCE":-2489108304.6,"END_CASH":719815489.72,"DIVI_RATIO":null,"DIVIDEND_RATE":null,"CURRENT_RATIO":2.075356051378,"COMMON_ACS":500000000000,"CURRENTDEBT_DEBT":99.827438675587,"ISSUED_COMMON_SHARES":6740845724,"HK_COMMON_SHARES":6740845724,"PER_SHARES":6000,"TOTAL_MARKET_CAP":390969051.992,"HKSK_MARKET_CAP":390969051.992,"PE_TTM":5.89154852989,"PB_TTM":0.113125000576,"REPORT_DATE_SQ":"2020-12-31 00:00:00","REPORT_TYPE_SQ":"2020年年报","OPERATE_INCOME_SQ":814864296.32,"DPS_HKD":null,"OPERATE_INCOME_QOQ_SQ":0,"NET_PROFIT_RATIO_SQ":-74.231556109,"HOLDER_PROFIT_SQ":-606094483.84,"HOLDER_PROFIT_QOQ_SQ":0,"ROE_AVG_SQ":-14.457454288517,"PE_TTM_SQ":-1.678518339123,"PB_TTM_SQ":0.079548679531,"ROA_SQ":-6.930721522649,"START_DATE":"2020-10-01 00:00:00","FISCAL_YEAR":"9-30","CURRENCY":"HKD","IS_CNY_CODE":0,"DPS_HKD_LY":null,"ORG_TYPE":"证券","PREMIUM_INCOME":null,"PREMIUM_INCOME_YOY":null,"NET_INTEREST_INCOME":459406765.14,"NET_INTEREST_INCOME_YOY":null,"FEE_COMMISSION_INCOME":104418239.58,"FEE_COMMISSION_INCOME_YOY":6.17699130037,"ACCOUNTS_RECE_TDAYS":0.239946779325,"INVENTORY_TDAYS":null,"CURRENT_ASSETS_TDAYS":0.089093556075,"TOTAL_ASSETS_TDAYS":0.081772955093,"PREMIUM_EXPENSE":null,"LOAN_DEPOSIT":null,"LOAN_EQUITY":null,"LOAN_ASSETS":null,"DEPOSIT_EQUITY":null,"DEPOSIT_ASSETS":null,"EQUITY_MULTIPLIER":1.765618725066,"EQUITY_RATIO":0.765618725066},{"SECUCODE":"00717.HK","SECURITY_CODE":"00717","SECURITY_NAME_ABBR":"英皇资本","ORG_CODE":"10099878","STD_REPORT_DATE":"2021-06-30 00:00:00","REPORT_DATE":"2021-03-31 00:00:00","DATE_TYPE_CODE":"002","REPORT_TYPE":"2021年中报","PER_NETCASH_OPERATE":0.360680952089,"PER_OI":0.044564235608,"BPS":0.561645182325,"BASIC_EPS":0.00676144,"DILUTED_EPS":null,"OPERATE_INCOME":300400637.04,"OPERATE_INCOME_YOY":-28.8559195659,"GROSS_PROFIT":null,"GROSS_PROFIT_YOY":null,"HOLDER_PROFIT":45368417.22,"HOLDER_PROFIT_YOY":120.0244714941,"GROSS_PROFIT_RATIO":null,"EPS_TTM":-0.046847719359,"OPERATE_INCOME_QOQ":0,"NET_PROFIT_RATIO":15.102636821,"ROE_AVG":1.205580314807,"GROSS_PROFIT_QOQ":null,"ROA":0.600214383844,"HOLDER_PROFIT_QOQ":0,"ROE_YEARLY":2.411160629613,"ROIC_YEARLY":1.68114967976,"TOTAL_ASSETS":6651344317.66,"TOTAL_LIABILITIES":2865380791.98,"TAX_EBT":19.299116002165,"OCF_SALES":809.35069831302,"TOTAL_PARENT_EQUITY":3785963525.68,"DEBT_ASSET_RATIO":43.0797242652,"OPERATE_PROFIT":93322240.06,"PRETAX_PROFIT":56217992.88,"NETCASH_OPERATE":2431294653.62,"NETCASH_INVEST":-136073.98,"NETCASH_FINANCE":-2031742570.06,"END_CASH":984307615.34,"DIVI_RATIO":null,"DIVIDEND_RATE":null,"CURRENT_RATIO":2.613473122321,"COMMON_ACS":500000000000,"CURRENTDEBT_DEBT":81.692913908398,"ISSUED_COMMON_SHARES":6740845724,"HK_COMMON_SHARES":6740845724,"PER_SHARES":6000,"TOTAL_MARKET_CAP":384228206.268,"HKSK_MARKET_CAP":384228206.268,"PE_TTM":5.78997010696,"PB_TTM":0.111174569532,"REPORT_DATE_SQ":"2020-06-30 00:00:00","REPORT_TYPE_SQ":"2020年中报","OPERATE_INCOME_SQ":456474469.3,"DPS_HKD":null,"OPERATE_INCOME_QOQ_SQ":0,"NET_PROFIT_RATIO_SQ":-53.6575064703,"HOLDER_PROFIT_SQ":-244932817.9,"HOLDER_PROFIT_QOQ_SQ":0,"ROE_AVG_SQ":-5.380555578136,"PE_TTM_SQ":-1.200435543868,"PB_TTM_SQ":0.077559962542,"ROA_SQ":-2.881773869005,"START_DATE":"2020-10-01 00:00:00","FISCAL_YEAR":"9-30","CURRENCY":"HKD","IS_CNY_CODE":0,"DPS_HKD_LY":null,"ORG_TYPE":"证券","PREMIUM_INCOME":null,"PREMIUM_INCOME_YOY":null,"NET_INTEREST_INCOME":240680218.24,"NET_INTEREST_INCOME_YOY":null,"FEE_COMMISSION_INCOME":52247337.24,"FEE_COMMISSION_INCOME_YOY":14.894803360345,"ACCOUNTS_RECE_TDAYS":0.1095594832,"INVENTORY_TDAYS":null,"CURRENT_ASSETS_TDAYS":0.042914845133,"TOTAL_ASSETS_TDAYS":0.039742356978,"PREMIUM_EXPENSE":null,"LOAN_DEPOSIT":null,"LOAN_EQUITY":null,"LOAN_ASSETS":null,"DEPOSIT_EQUITY":null,"DEPOSIT_ASSETS":null,"EQUITY_MULTIPLIER":1.756843211124,"EQUITY_RATIO":0.756843211126},{"SECUCODE":"00717.HK","SECURITY_CODE":"00717","SECURITY_NAME_ABBR":"英皇资本","ORG_CODE":"10099878","STD_REPORT_DATE":"2020-12-31 00:00:00","REPORT_DATE":"2020-09-30 00:00:00","DATE_TYPE_CODE":"001","REPORT_TYPE":"2020年年报","PER_NETCASH_OPERATE":-0.208835631237,"PER_OI":0.120884578832,"BPS":0.576911980275,"BASIC_EPS":-0.089893056,"DILUTED_EPS":null,"OPERATE_INCOME":814864296.32,"OPERATE_INCOME_YOY":-14.7333579264,"GROSS_PROFIT":null,"GROSS_PROFIT_YOY":null,"HOLDER_PROFIT":-606094483.84,"HOLDER_PROFIT_YOY":-166.6142261873,"GROSS_PROFIT_RATIO":null,"EPS_TTM":-0.089913715379,"OPERATE_INCOME_QOQ":0,"NET_PROFIT_RATIO":-74.231556109,"ROE_AVG":-14.457454288517,"GROSS_PROFIT_QOQ":null,"ROA":-6.930721522649,"HOLDER_PROFIT_QOQ":0,"ROE_YEARLY":-14.457454288517,"ROIC_YEARLY":-9.52999543705,"TOTAL_ASSETS":8802025763.84,"TOTAL_LIABILITIES":4913151108.48,"TAX_EBT":-1.492038781237,"OCF_SALES":-172.411893028607,"TOTAL_PARENT_EQUITY":3888874655.36,"DEBT_ASSET_RATIO":55.8184131733,"OPERATE_PROFIT":-500224540.8,"PRETAX_PROFIT":-597184263.04,"NETCASH_OPERATE":-1407728771.84,"NETCASH_INVEST":-943745.28,"NETCASH_FINANCE":482962086.4,"END_CASH":608102359.04,"DIVI_RATIO":null,"DIVIDEND_RATE":null,"CURRENT_RATIO":2.035122569258,"COMMON_ACS":500000000000,"CURRENTDEBT_DEBT":81.959215267975,"ISSUED_COMMON_SHARES":6740845724,"HK_COMMON_SHARES":6740845724,"PER_SHARES":6000,"TOTAL_MARKET_CAP":384228206.268,"HKSK_MARKET_CAP":384228206.268,"PE_TTM":5.78997010696,"PB_TTM":0.111174569532,"REPORT_DATE_SQ":"2019-12-31 00:00:00","REPORT_TYPE_SQ":"2019年年报","OPERATE_INCOME_SQ":982954573.38,"DPS_HKD":null,"OPERATE_INCOME_QOQ_SQ":0,"NET_PROFIT_RATIO_SQ":-23.7402017733,"HOLDER_PROFIT_SQ":-233355399.06,"HOLDER_PROFIT_QOQ_SQ":0,"ROE_AVG_SQ":-4.905305808007,"PE_TTM_SQ":-1.200435543868,"PB_TTM_SQ":0.077559962542,"ROA_SQ":-2.504554829576,"START_DATE":"2019-10-01 00:00:00","FISCAL_YEAR":"9-30","CURRENCY":"HKD","IS_CNY_CODE":0,"DPS_HKD_LY":null,"ORG_TYPE":"证券","PREMIUM_INCOME":null,"PREMIUM_INCOME_YOY":null,"NET_INTEREST_INCOME":702410104.32,"NET_INTEREST_INCOME_YOY":null,"FEE_COMMISSION_INCOME":103733774.72,"FEE_COMMISSION_INCOME_YOY":-0.112536383944,"ACCOUNTS_RECE_TDAYS":0.238784605616,"INVENTORY_TDAYS":null,"CURRENT_ASSETS_TDAYS":0.099027072122,"TOTAL_ASSETS_TDAYS":0.093366243225,"PREMIUM_EXPENSE":null,"LOAN_DEPOSIT":null,"LOAN_EQUITY":null,"LOAN_ASSETS":null,"DEPOSIT_EQUITY":null,"DEPOSIT_ASSETS":null,"EQUITY_MULTIPLIER":2.263386337667,"EQUITY_RATIO":1.263386337667}],"count":42},"success":true,"message":"ok","code":0}