{"version":"3bb92aef74508bf65f234c40d1c314a6","result":{"pages":5,"data":[{"SECUCODE":"00712.HK","SECURITY_CODE":"00712","SECURITY_NAME_ABBR":"卡姆丹克太阳能","ORG_CODE":"10151791","STD_REPORT_DATE":"2024-06-30 00:00:00","REPORT_DATE":"2024-06-30 00:00:00","DATE_TYPE_CODE":"002","REPORT_TYPE":"2024年中报","PER_NETCASH_OPERATE":-0.008483631834,"PER_OI":0.081813458424,"BPS":-0.136413629856,"BASIC_EPS":-0.025,"DILUTED_EPS":-0.025,"OPERATE_INCOME":86716000,"OPERATE_INCOME_YOY":461.9961114712,"GROSS_PROFIT":3621000,"GROSS_PROFIT_YOY":-25.40173053152,"HOLDER_PROFIT":-25254000,"HOLDER_PROFIT_YOY":-151.219957408,"GROSS_PROFIT_RATIO":4.175699986162,"EPS_TTM":-0.028401108664,"OPERATE_INCOME_QOQ":49.283418023437,"NET_PROFIT_RATIO":-29.5228100927,"ROE_AVG":18.153717867618,"GROSS_PROFIT_QOQ":-5.990089389817,"ROA":-13.554573340096,"HOLDER_PROFIT_QOQ":-167.714144322476,"ROE_YEARLY":36.307435735235,"ROIC_YEARLY":-29.064417839849,"TOTAL_ASSETS":165590000,"TOTAL_LIABILITIES":311606000,"TAX_EBT":9.055062166963,"OCF_SALES":-10.369481987177,"TOTAL_PARENT_EQUITY":-144588000,"DEBT_ASSET_RATIO":188.1792378767,"OPERATE_PROFIT":-15664000,"PRETAX_PROFIT":-28150000,"NETCASH_OPERATE":-8992000,"NETCASH_INVEST":4000,"NETCASH_FINANCE":-281000,"END_CASH":9017000,"DIVI_RATIO":null,"DIVIDEND_RATE":null,"CURRENT_RATIO":0.388848629524,"COMMON_ACS":1900000000,"CURRENTDEBT_DEBT":82.812590258211,"ISSUED_COMMON_SHARES":1059923412,"HK_COMMON_SHARES":1059923412,"PER_SHARES":10000,"TOTAL_MARKET_CAP":90093490.02,"HKSK_MARKET_CAP":90093490.02,"PE_TTM":-2.807443459748,"PB_TTM":-0.568695372171,"REPORT_DATE_SQ":"2023-06-30 00:00:00","REPORT_TYPE_SQ":"2023年中报","OPERATE_INCOME_SQ":15430000,"DPS_HKD":null,"OPERATE_INCOME_QOQ_SQ":-4.149165320409,"NET_PROFIT_RATIO_SQ":315.6189241737,"HOLDER_PROFIT_SQ":49305000,"HOLDER_PROFIT_QOQ_SQ":110.273273004211,"ROE_AVG_SQ":-33.663907143467,"PE_TTM_SQ":27.001546660403,"PB_TTM_SQ":-1.020682792565,"ROA_SQ":21.661768000949,"START_DATE":"2024-01-01 00:00:00","FISCAL_YEAR":"12-31","CURRENCY":"HKD","IS_CNY_CODE":0,"DPS_HKD_LY":null,"ORG_TYPE":"一般企业","PREMIUM_INCOME":null,"PREMIUM_INCOME_YOY":null,"NET_INTEREST_INCOME":null,"NET_INTEREST_INCOME_YOY":null,"FEE_COMMISSION_INCOME":null,"FEE_COMMISSION_INCOME_YOY":null,"ACCOUNTS_RECE_TDAYS":2.561734686341,"INVENTORY_TDAYS":50.072310937029,"CURRENT_ASSETS_TDAYS":0.74756139088,"TOTAL_ASSETS_TDAYS":0.465430578031,"PREMIUM_EXPENSE":null,"LOAN_DEPOSIT":null,"LOAN_EQUITY":null,"LOAN_ASSETS":null,"DEPOSIT_EQUITY":null,"DEPOSIT_ASSETS":null,"EQUITY_MULTIPLIER":-1.134053802323,"EQUITY_RATIO":-2.155130439594},{"SECUCODE":"00712.HK","SECURITY_CODE":"00712","SECURITY_NAME_ABBR":"卡姆丹克太阳能","ORG_CODE":"10151791","STD_REPORT_DATE":"2023-12-31 00:00:00","REPORT_DATE":"2023-12-31 00:00:00","DATE_TYPE_CODE":"001","REPORT_TYPE":"2023年年报","PER_NETCASH_OPERATE":-0.020325392351,"PER_OI":0.160434727234,"BPS":-0.126080807808,"BASIC_EPS":0.0525,"DILUTED_EPS":0.0525,"OPERATE_INCOME":144645000,"OPERATE_INCOME_YOY":289.4588045234,"GROSS_PROFIT":20584000,"GROSS_PROFIT_YOY":163.525796953015,"HOLDER_PROFIT":44456000,"HOLDER_PROFIT_YOY":179.6631126243,"GROSS_PROFIT_RATIO":14.230702755021,"EPS_TTM":0.04930890272,"OPERATE_INCOME_QOQ":306.31759319082,"NET_PROFIT_RATIO":29.6989180407,"ROE_AVG":-29.929444713739,"GROSS_PROFIT_QOQ":197.973364215402,"ROA":17.434306633751,"HOLDER_PROFIT_QOQ":675.44043258329,"ROE_YEARLY":-29.929444713739,"ROIC_YEARLY":18.890236829078,"TOTAL_ASSETS":207037000,"TOTAL_LIABILITIES":341480000,"TAX_EBT":-13.567387511236,"OCF_SALES":-12.668948114349,"TOTAL_PARENT_EQUITY":-133636000,"DEBT_ASSET_RATIO":164.9367021354,"OPERATE_PROFIT":51858000,"PRETAX_PROFIT":37826000,"NETCASH_OPERATE":-18325000,"NETCASH_INVEST":-4425000,"NETCASH_FINANCE":18492000,"END_CASH":18286000,"DIVI_RATIO":null,"DIVIDEND_RATE":null,"CURRENT_RATIO":0.455314160027,"COMMON_ACS":1900000000,"CURRENTDEBT_DEBT":84.676115731522,"ISSUED_COMMON_SHARES":1059923412,"HK_COMMON_SHARES":1059923412,"PER_SHARES":10000,"TOTAL_MARKET_CAP":117651498.732,"HKSK_MARKET_CAP":117651498.732,"PE_TTM":-3.666190870965,"PB_TTM":-0.742649250717,"REPORT_DATE_SQ":"2022-12-31 00:00:00","REPORT_TYPE_SQ":"2022年年报","OPERATE_INCOME_SQ":37140000,"DPS_HKD":null,"OPERATE_INCOME_QOQ_SQ":73.122640190183,"NET_PROFIT_RATIO_SQ":-136.4808831449,"HOLDER_PROFIT_SQ":-55805000,"HOLDER_PROFIT_QOQ_SQ":-21.50539975614,"ROE_AVG_SQ":41.174322215541,"PE_TTM_SQ":27.171367708582,"PB_TTM_SQ":-1.027102181197,"ROA_SQ":-18.76318642985,"START_DATE":"2023-01-01 00:00:00","FISCAL_YEAR":"12-31","CURRENCY":"HKD","IS_CNY_CODE":0,"DPS_HKD_LY":null,"ORG_TYPE":"一般企业","PREMIUM_INCOME":null,"PREMIUM_INCOME_YOY":null,"NET_INTEREST_INCOME":null,"NET_INTEREST_INCOME_YOY":null,"FEE_COMMISSION_INCOME":null,"FEE_COMMISSION_INCOME_YOY":null,"ACCOUNTS_RECE_TDAYS":5.411538029855,"INVENTORY_TDAYS":53.108304794521,"CURRENT_ASSETS_TDAYS":0.808827229874,"TOTAL_ASSETS_TDAYS":0.567254202591,"PREMIUM_EXPENSE":null,"LOAN_DEPOSIT":null,"LOAN_EQUITY":null,"LOAN_ASSETS":null,"DEPOSIT_EQUITY":null,"DEPOSIT_ASSETS":null,"EQUITY_MULTIPLIER":-1.539961173136,"EQUITY_RATIO":-2.555299470203},{"SECUCODE":"00712.HK","SECURITY_CODE":"00712","SECURITY_NAME_ABBR":"卡姆丹克太阳能","ORG_CODE":"10151791","STD_REPORT_DATE":"2023-06-30 00:00:00","REPORT_DATE":"2023-06-30 00:00:00","DATE_TYPE_CODE":"002","REPORT_TYPE":"2023年中报","PER_NETCASH_OPERATE":0.008776798345,"PER_OI":0.017114368566,"BPS":-0.122168260965,"BASIC_EPS":0.0622,"DILUTED_EPS":0.0582,"OPERATE_INCOME":15430000,"OPERATE_INCOME_YOY":-9.0801956278,"GROSS_PROFIT":4854000,"GROSS_PROFIT_YOY":-15.6852527358,"HOLDER_PROFIT":49305000,"HOLDER_PROFIT_YOY":503.0491294041,"GROSS_PROFIT_RATIO":31.458198314971,"EPS_TTM":0.006358825339,"OPERATE_INCOME_QOQ":-4.149165320409,"NET_PROFIT_RATIO":315.6189241737,"ROE_AVG":-33.663907143467,"GROSS_PROFIT_QOQ":-11.560619638971,"ROA":21.661768000949,"HOLDER_PROFIT_QOQ":110.273273004211,"ROE_YEARLY":-67.327814286934,"ROIC_YEARLY":46.670784259437,"TOTAL_ASSETS":152280000,"TOTAL_LIABILITIES":283091000,"TAX_EBT":0.028739171491,"OCF_SALES":51.283214517174,"TOTAL_PARENT_EQUITY":-129489000,"DEBT_ASSET_RATIO":185.9016285789,"OPERATE_PROFIT":55949000,"PRETAX_PROFIT":48714000,"NETCASH_OPERATE":7913000,"NETCASH_INVEST":327000,"NETCASH_FINANCE":-18640000,"END_CASH":12144000,"DIVI_RATIO":null,"DIVIDEND_RATE":null,"CURRENT_RATIO":0.301221944654,"COMMON_ACS":1900000000,"CURRENTDEBT_DEBT":91.205654718801,"ISSUED_COMMON_SHARES":1059923412,"HK_COMMON_SHARES":1059923412,"PER_SHARES":10000,"TOTAL_MARKET_CAP":117651498.732,"HKSK_MARKET_CAP":117651498.732,"PE_TTM":-3.666190870965,"PB_TTM":-0.742649250717,"REPORT_DATE_SQ":"2022-06-30 00:00:00","REPORT_TYPE_SQ":"2022年中报","OPERATE_INCOME_SQ":16971000,"DPS_HKD":null,"OPERATE_INCOME_QOQ_SQ":-60.872895730362,"NET_PROFIT_RATIO_SQ":-24.9955806965,"HOLDER_PROFIT_SQ":-12233000,"HOLDER_PROFIT_QOQ_SQ":13.662681404617,"ROE_AVG_SQ":10.754522077408,"PE_TTM_SQ":27.171367708582,"PB_TTM_SQ":-1.027102181197,"ROA_SQ":-3.98009464641,"START_DATE":"2023-01-01 00:00:00","FISCAL_YEAR":"12-31","CURRENCY":"HKD","IS_CNY_CODE":0,"DPS_HKD_LY":null,"ORG_TYPE":"一般企业","PREMIUM_INCOME":null,"PREMIUM_INCOME_YOY":null,"NET_INTEREST_INCOME":null,"NET_INTEREST_INCOME_YOY":null,"FEE_COMMISSION_INCOME":null,"FEE_COMMISSION_INCOME_YOY":null,"ACCOUNTS_RECE_TDAYS":2.316816816817,"INVENTORY_TDAYS":2.974546477289,"CURRENT_ASSETS_TDAYS":0.101585002551,"TOTAL_ASSETS_TDAYS":0.067790504057,"PREMIUM_EXPENSE":null,"LOAN_DEPOSIT":null,"LOAN_EQUITY":null,"LOAN_ASSETS":null,"DEPOSIT_EQUITY":null,"DEPOSIT_ASSETS":null,"EQUITY_MULTIPLIER":-1.164122283295,"EQUITY_RATIO":-2.186216589826},{"SECUCODE":"00712.HK","SECURITY_CODE":"00712","SECURITY_NAME_ABBR":"卡姆丹克太阳能","ORG_CODE":"10151791","STD_REPORT_DATE":"2022-12-31 00:00:00","REPORT_DATE":"2022-12-31 00:00:00","DATE_TYPE_CODE":"001","REPORT_TYPE":"2022年年报","PER_NETCASH_OPERATE":0.173925014939,"PER_OI":0.046911175579,"BPS":-0.154196046761,"BASIC_EPS":-0.0705,"DILUTED_EPS":-0.0705,"OPERATE_INCOME":37140000,"OPERATE_INCOME_YOY":-32.2621240584,"GROSS_PROFIT":7811000,"GROSS_PROFIT_YOY":15.461936437546,"HOLDER_PROFIT":-55805000,"HOLDER_PROFIT_YOY":-4.9045040981,"GROSS_PROFIT_RATIO":21.031233171782,"EPS_TTM":-0.070486756951,"OPERATE_INCOME_QOQ":73.122640190183,"NET_PROFIT_RATIO":-136.4808831449,"ROE_AVG":41.174322215541,"GROSS_PROFIT_QOQ":69.069264069264,"ROA":-18.76318642985,"HOLDER_PROFIT_QOQ":-21.50539975614,"ROE_YEARLY":41.174322215541,"ROIC_YEARLY":-19.509747881826,"TOTAL_ASSETS":302946000,"TOTAL_LIABILITIES":467099000,"TAX_EBT":-5.183540495113,"OCF_SALES":370.753904146473,"TOTAL_PARENT_EQUITY":-163436000,"DEBT_ASSET_RATIO":154.185564424,"OPERATE_PROFIT":-34174000,"PRETAX_PROFIT":-48191000,"NETCASH_OPERATE":137698000,"NETCASH_INVEST":9840000,"NETCASH_FINANCE":-131762000,"END_CASH":22544000,"DIVI_RATIO":null,"DIVIDEND_RATE":null,"CURRENT_RATIO":0.540348436054,"COMMON_ACS":1900000000,"CURRENTDEBT_DEBT":89.546113350703,"ISSUED_COMMON_SHARES":1059923412,"HK_COMMON_SHARES":1059923412,"PER_SHARES":10000,"TOTAL_MARKET_CAP":117651498.732,"HKSK_MARKET_CAP":117651498.732,"PE_TTM":-3.666190870965,"PB_TTM":-0.742649250717,"REPORT_DATE_SQ":"2021-12-31 00:00:00","REPORT_TYPE_SQ":"2021年年报","OPERATE_INCOME_SQ":54829000,"DPS_HKD":null,"OPERATE_INCOME_QOQ_SQ":-28.674940160266,"NET_PROFIT_RATIO_SQ":-111.7146035857,"HOLDER_PROFIT_SQ":-53196000,"HOLDER_PROFIT_QOQ_SQ":1.569091851084,"ROE_AVG_SQ":54.656700315944,"PE_TTM_SQ":27.171367708582,"PB_TTM_SQ":-1.027102181197,"ROA_SQ":-15.733155089704,"START_DATE":"2022-01-01 00:00:00","FISCAL_YEAR":"12-31","CURRENCY":"HKD","IS_CNY_CODE":0,"DPS_HKD_LY":null,"ORG_TYPE":"一般企业","PREMIUM_INCOME":null,"PREMIUM_INCOME_YOY":null,"NET_INTEREST_INCOME":null,"NET_INTEREST_INCOME_YOY":null,"FEE_COMMISSION_INCOME":null,"FEE_COMMISSION_INCOME_YOY":null,"ACCOUNTS_RECE_TDAYS":5.518983579761,"INVENTORY_TDAYS":9.389787097807,"CURRENT_ASSETS_TDAYS":0.262155761745,"TOTAL_ASSETS_TDAYS":0.124874965327,"PREMIUM_EXPENSE":null,"LOAN_DEPOSIT":null,"LOAN_EQUITY":null,"LOAN_ASSETS":null,"DEPOSIT_EQUITY":null,"DEPOSIT_ASSETS":null,"EQUITY_MULTIPLIER":-1.845509981542,"EQUITY_RATIO":-2.85799334296},{"SECUCODE":"00712.HK","SECURITY_CODE":"00712","SECURITY_NAME_ABBR":"卡姆丹克太阳能","ORG_CODE":"10151791","STD_REPORT_DATE":"2022-06-30 00:00:00","REPORT_DATE":"2022-06-30 00:00:00","DATE_TYPE_CODE":"002","REPORT_TYPE":"2022年中报","PER_NETCASH_OPERATE":0.211057345032,"PER_OI":0.021435906321,"BPS":-0.113087416169,"BASIC_EPS":-0.0155,"DILUTED_EPS":-0.0155,"OPERATE_INCOME":16971000,"OPERATE_INCOME_YOY":-66.2919339782,"GROSS_PROFIT":5757000,"GROSS_PROFIT_YOY":-27.145026575551,"HOLDER_PROFIT":-12233000,"HOLDER_PROFIT_YOY":37.2698835957,"GROSS_PROFIT_RATIO":33.922573802369,"EPS_TTM":-0.05801121357,"OPERATE_INCOME_QOQ":-60.872895730362,"NET_PROFIT_RATIO":-24.9955806965,"ROE_AVG":10.754522077408,"GROSS_PROFIT_QOQ":-31.707317073171,"ROA":-3.98009464641,"HOLDER_PROFIT_QOQ":13.662681404617,"ROE_YEARLY":21.509044154817,"ROIC_YEARLY":-8.599618279022,"TOTAL_ASSETS":322820000,"TOTAL_LIABILITIES":440526000,"TAX_EBT":28.101694915254,"OCF_SALES":984.597254139414,"TOTAL_PARENT_EQUITY":-119864000,"DEBT_ASSET_RATIO":136.4618053404,"OPERATE_PROFIT":1951000,"PRETAX_PROFIT":-5900000,"NETCASH_OPERATE":167096000,"NETCASH_INVEST":-220000,"NETCASH_FINANCE":-131030000,"END_CASH":42614000,"DIVI_RATIO":null,"DIVIDEND_RATE":null,"CURRENT_RATIO":0.255290649629,"COMMON_ACS":1900000000,"CURRENTDEBT_DEBT":92.022945297213,"ISSUED_COMMON_SHARES":1059923412,"HK_COMMON_SHARES":1059923412,"PER_SHARES":10000,"TOTAL_MARKET_CAP":117651498.732,"HKSK_MARKET_CAP":117651498.732,"PE_TTM":-3.666190870965,"PB_TTM":-0.742649250717,"REPORT_DATE_SQ":"2021-06-30 00:00:00","REPORT_TYPE_SQ":"2021年中报","OPERATE_INCOME_SQ":50347000,"DPS_HKD":null,"OPERATE_INCOME_QOQ_SQ":39.729164773244,"NET_PROFIT_RATIO_SQ":-37.2673644904,"HOLDER_PROFIT_SQ":-19501000,"HOLDER_PROFIT_QOQ_SQ":17.746255935712,"ROE_AVG_SQ":23.352952799516,"PE_TTM_SQ":27.171367708582,"PB_TTM_SQ":-1.027102181197,"ROA_SQ":-5.159008357165,"START_DATE":"2022-01-01 00:00:00","FISCAL_YEAR":"12-31","CURRENCY":"HKD","IS_CNY_CODE":0,"DPS_HKD_LY":null,"ORG_TYPE":"一般企业","PREMIUM_INCOME":null,"PREMIUM_INCOME_YOY":null,"NET_INTEREST_INCOME":null,"NET_INTEREST_INCOME_YOY":null,"FEE_COMMISSION_INCOME":null,"FEE_COMMISSION_INCOME_YOY":null,"ACCOUNTS_RECE_TDAYS":3.954561342188,"INVENTORY_TDAYS":4.798459563543,"CURRENT_ASSETS_TDAYS":0.21105190178,"TOTAL_ASSETS_TDAYS":0.055216370673,"PREMIUM_EXPENSE":null,"LOAN_DEPOSIT":null,"LOAN_EQUITY":null,"LOAN_ASSETS":null,"DEPOSIT_EQUITY":null,"DEPOSIT_ASSETS":null,"EQUITY_MULTIPLIER":-2.742595959427,"EQUITY_RATIO":-3.675215243943},{"SECUCODE":"00712.HK","SECURITY_CODE":"00712","SECURITY_NAME_ABBR":"卡姆丹克太阳能","ORG_CODE":"10151791","STD_REPORT_DATE":"2021-12-31 00:00:00","REPORT_DATE":"2021-12-31 00:00:00","DATE_TYPE_CODE":"001","REPORT_TYPE":"2021年年报","PER_NETCASH_OPERATE":0.002063502154,"PER_OI":0.070448169103,"BPS":-0.101546016232,"BASIC_EPS":-0.0685,"DILUTED_EPS":-0.0685,"OPERATE_INCOME":54829000,"OPERATE_INCOME_YOY":-0.3380896119,"GROSS_PROFIT":6765000,"GROSS_PROFIT_YOY":75.122961428941,"HOLDER_PROFIT":-53196000,"HOLDER_PROFIT_YOY":19.036892731,"GROSS_PROFIT_RATIO":12.338361086287,"EPS_TTM":-0.068349975444,"OPERATE_INCOME_QOQ":-28.674940160266,"NET_PROFIT_RATIO":-111.7146035857,"ROE_AVG":54.656700315944,"GROSS_PROFIT_QOQ":-46.639848556555,"ROA":-15.733155089704,"HOLDER_PROFIT_QOQ":1.569091851084,"ROE_YEARLY":54.656700315944,"ROIC_YEARLY":-15.82536055976,"TOTAL_ASSETS":291889000,"TOTAL_LIABILITIES":405353000,"TAX_EBT":-2.231494617375,"OCF_SALES":2.929106859509,"TOTAL_PARENT_EQUITY":-107631000,"DEBT_ASSET_RATIO":138.8723110497,"OPERATE_PROFIT":-29965000,"PRETAX_PROFIT":-59915000,"NETCASH_OPERATE":1606000,"NETCASH_INVEST":20426000,"NETCASH_FINANCE":-20390000,"END_CASH":6768000,"DIVI_RATIO":null,"DIVIDEND_RATE":null,"CURRENT_RATIO":0.154623299217,"COMMON_ACS":1900000000,"CURRENTDEBT_DEBT":91.472124296601,"ISSUED_COMMON_SHARES":1059923412,"HK_COMMON_SHARES":1059923412,"PER_SHARES":10000,"TOTAL_MARKET_CAP":117651498.732,"HKSK_MARKET_CAP":117651498.732,"PE_TTM":-3.666190870965,"PB_TTM":-0.742649250717,"REPORT_DATE_SQ":"2020-12-31 00:00:00","REPORT_TYPE_SQ":"2020年年报","OPERATE_INCOME_SQ":55015000,"DPS_HKD":null,"OPERATE_INCOME_QOQ_SQ":0.608975531253,"NET_PROFIT_RATIO_SQ":-121.4850495319,"HOLDER_PROFIT_SQ":-65704000,"HOLDER_PROFIT_QOQ_SQ":49.170296217789,"ROE_AVG_SQ":111.428813703044,"PE_TTM_SQ":27.171367708582,"PB_TTM_SQ":-1.027102181197,"ROA_SQ":-16.627609768442,"START_DATE":"2021-01-01 00:00:00","FISCAL_YEAR":"12-31","CURRENCY":"HKD","IS_CNY_CODE":0,"DPS_HKD_LY":null,"ORG_TYPE":"一般企业","PREMIUM_INCOME":null,"PREMIUM_INCOME_YOY":null,"NET_INTEREST_INCOME":null,"NET_INTEREST_INCOME_YOY":null,"FEE_COMMISSION_INCOME":null,"FEE_COMMISSION_INCOME_YOY":null,"ACCOUNTS_RECE_TDAYS":2.871755925101,"INVENTORY_TDAYS":4.71724408676,"CURRENT_ASSETS_TDAYS":0.544492167134,"TOTAL_ASSETS_TDAYS":0.162161282881,"PREMIUM_EXPENSE":null,"LOAN_DEPOSIT":null,"LOAN_EQUITY":null,"LOAN_ASSETS":null,"DEPOSIT_EQUITY":null,"DEPOSIT_ASSETS":null,"EQUITY_MULTIPLIER":-2.572525206236,"EQUITY_RATIO":-3.766136150366},{"SECUCODE":"00712.HK","SECURITY_CODE":"00712","SECURITY_NAME_ABBR":"卡姆丹克太阳能","ORG_CODE":"10151791","STD_REPORT_DATE":"2021-06-30 00:00:00","REPORT_DATE":"2021-06-30 00:00:00","DATE_TYPE_CODE":"002","REPORT_TYPE":"2021年中报","PER_NETCASH_OPERATE":0.010204442157,"PER_OI":0.064689379158,"BPS":-0.075464886514,"BASIC_EPS":-0.0256,"DILUTED_EPS":-0.0256,"OPERATE_INCOME":50347000,"OPERATE_INCOME_YOY":76.7181467181,"GROSS_PROFIT":7902000,"GROSS_PROFIT_YOY":965.498357064622,"HOLDER_PROFIT":-19501000,"HOLDER_PROFIT_YOY":37.4185680819,"GROSS_PROFIT_RATIO":15.695076171371,"EPS_TTM":-0.069439545697,"OPERATE_INCOME_QOQ":39.729164773244,"NET_PROFIT_RATIO":-37.2673644904,"ROE_AVG":23.352952799516,"GROSS_PROFIT_QOQ":228.190525498317,"ROA":-5.159008357165,"HOLDER_PROFIT_QOQ":17.746255935712,"ROE_YEARLY":46.705905599032,"ROIC_YEARLY":-10.416505308139,"TOTAL_ASSETS":371659000,"TOTAL_LIABILITIES":453029000,"TAX_EBT":-0.085346988852,"OCF_SALES":15.774524797903,"TOTAL_PARENT_EQUITY":-79987000,"DEBT_ASSET_RATIO":121.893725162,"OPERATE_PROFIT":-11511000,"PRETAX_PROFIT":-18747000,"NETCASH_OPERATE":7942000,"NETCASH_INVEST":21311000,"NETCASH_FINANCE":-28853000,"END_CASH":5526000,"DIVI_RATIO":null,"DIVIDEND_RATE":null,"CURRENT_RATIO":0.338769903875,"COMMON_ACS":1900000000,"CURRENTDEBT_DEBT":91.9232543612,"ISSUED_COMMON_SHARES":1059923412,"HK_COMMON_SHARES":1059923412,"PER_SHARES":10000,"TOTAL_MARKET_CAP":117651498.732,"HKSK_MARKET_CAP":117651498.732,"PE_TTM":-3.666190870965,"PB_TTM":-0.742649250717,"REPORT_DATE_SQ":"2020-06-30 00:00:00","REPORT_TYPE_SQ":"2020年中报","OPERATE_INCOME_SQ":28490000,"DPS_HKD":null,"OPERATE_INCOME_QOQ_SQ":-41.225533927362,"NET_PROFIT_RATIO_SQ":-114.1874341874,"HOLDER_PROFIT_SQ":-31161000,"HOLDER_PROFIT_QOQ_SQ":-5.901196133049,"ROE_AVG_SQ":74.738268555051,"PE_TTM_SQ":27.171367708582,"PB_TTM_SQ":-1.027102181197,"ROA_SQ":-7.800078098404,"START_DATE":"2021-01-01 00:00:00","FISCAL_YEAR":"12-31","CURRENCY":"HKD","IS_CNY_CODE":0,"DPS_HKD_LY":null,"ORG_TYPE":"一般企业","PREMIUM_INCOME":null,"PREMIUM_INCOME_YOY":null,"NET_INTEREST_INCOME":null,"NET_INTEREST_INCOME_YOY":null,"FEE_COMMISSION_INCOME":null,"FEE_COMMISSION_INCOME_YOY":null,"ACCOUNTS_RECE_TDAYS":0.842768664212,"INVENTORY_TDAYS":2.345545977011,"CURRENT_ASSETS_TDAYS":0.353138809006,"TOTAL_ASSETS_TDAYS":0.133193474057,"PREMIUM_EXPENSE":null,"LOAN_DEPOSIT":null,"LOAN_EQUITY":null,"LOAN_ASSETS":null,"DEPOSIT_EQUITY":null,"DEPOSIT_ASSETS":null,"EQUITY_MULTIPLIER":-4.56751874156,"EQUITY_RATIO":-5.663782864716},{"SECUCODE":"00712.HK","SECURITY_CODE":"00712","SECURITY_NAME_ABBR":"卡姆丹克太阳能","ORG_CODE":"10151791","STD_REPORT_DATE":"2020-12-31 00:00:00","REPORT_DATE":"2020-12-31 00:00:00","DATE_TYPE_CODE":"001","REPORT_TYPE":"2020年年报","PER_NETCASH_OPERATE":-0.003716713033,"PER_OI":0.075036685322,"BPS":-0.082104045457,"BASIC_EPS":-0.0918,"DILUTED_EPS":-0.0918,"OPERATE_INCOME":55015000,"OPERATE_INCOME_YOY":-40.8676118104,"GROSS_PROFIT":3863000,"GROSS_PROFIT_YOY":421.381031613977,"HOLDER_PROFIT":-65704000,"HOLDER_PROFIT_YOY":46.1707357038,"GROSS_PROFIT_RATIO":7.021721348723,"EPS_TTM":-0.08961574793,"OPERATE_INCOME_QOQ":0.608975531253,"NET_PROFIT_RATIO":-121.4850495319,"ROE_AVG":111.428813703044,"GROSS_PROFIT_QOQ":289.734774066798,"ROA":-16.627609768442,"HOLDER_PROFIT_QOQ":49.170296217789,"ROE_YEARLY":111.428813703044,"ROIC_YEARLY":-16.739893936171,"TOTAL_ASSETS":384339000,"TOTAL_LIABILITIES":473484000,"TAX_EBT":5.762668847466,"OCF_SALES":-4.953194583295,"TOTAL_PARENT_EQUITY":-87024000,"DEBT_ASSET_RATIO":123.1943674725,"OPERATE_PROFIT":-36181000,"PRETAX_PROFIT":-70922000,"NETCASH_OPERATE":-9745000,"NETCASH_INVEST":15218000,"NETCASH_FINANCE":-3633000,"END_CASH":5126000,"DIVI_RATIO":null,"DIVIDEND_RATE":null,"CURRENT_RATIO":0.3314833606,"COMMON_ACS":1900000000,"CURRENTDEBT_DEBT":91.787895683909,"ISSUED_COMMON_SHARES":1059923412,"HK_COMMON_SHARES":1059923412,"PER_SHARES":10000,"TOTAL_MARKET_CAP":105992341.2,"HKSK_MARKET_CAP":105992341.2,"PE_TTM":-3.302874658527,"PB_TTM":-0.669053379025,"REPORT_DATE_SQ":"2019-12-31 00:00:00","REPORT_TYPE_SQ":"2019年年报","OPERATE_INCOME_SQ":93037000,"DPS_HKD":null,"OPERATE_INCOME_QOQ_SQ":-33.170756234916,"NET_PROFIT_RATIO_SQ":-138.2869181078,"HOLDER_PROFIT_SQ":-122060000,"HOLDER_PROFIT_QOQ_SQ":-18.253422335035,"ROE_AVG_SQ":-1018.22732012513,"PE_TTM_SQ":31.416893913048,"PB_TTM_SQ":-1.18758689701,"ROA_SQ":-25.675166859136,"START_DATE":"2020-01-01 00:00:00","FISCAL_YEAR":"12-31","CURRENCY":"HKD","IS_CNY_CODE":0,"DPS_HKD_LY":null,"ORG_TYPE":"一般企业","PREMIUM_INCOME":null,"PREMIUM_INCOME_YOY":null,"NET_INTEREST_INCOME":null,"NET_INTEREST_INCOME_YOY":null,"FEE_COMMISSION_INCOME":null,"FEE_COMMISSION_INCOME_YOY":null,"ACCOUNTS_RECE_TDAYS":1.285607459164,"INVENTORY_TDAYS":2.879612688941,"CURRENT_ASSETS_TDAYS":0.391290122974,"TOTAL_ASSETS_TDAYS":0.139225610528,"PREMIUM_EXPENSE":null,"LOAN_DEPOSIT":null,"LOAN_EQUITY":null,"LOAN_ASSETS":null,"DEPOSIT_EQUITY":null,"DEPOSIT_ASSETS":null,"EQUITY_MULTIPLIER":-4.311391553081,"EQUITY_RATIO":-5.44084390513},{"SECUCODE":"00712.HK","SECURITY_CODE":"00712","SECURITY_NAME_ABBR":"卡姆丹克太阳能","ORG_CODE":"10151791","STD_REPORT_DATE":"2020-06-30 00:00:00","REPORT_DATE":"2020-06-30 00:00:00","DATE_TYPE_CODE":"002","REPORT_TYPE":"2020年中报","PER_NETCASH_OPERATE":-0.013677503961,"PER_OI":0.03885840525,"BPS":-0.049513954882,"BASIC_EPS":-0.0445,"DILUTED_EPS":-0.0445,"OPERATE_INCOME":28490000,"OPERATE_INCOME_YOY":-57.3790111452,"GROSS_PROFIT":-913000,"GROSS_PROFIT_YOY":-1055.69620253165,"HOLDER_PROFIT":-31161000,"HOLDER_PROFIT_YOY":-30.0651139494,"GROSS_PROFIT_RATIO":-3.204633204633,"EPS_TTM":-0.176305863032,"OPERATE_INCOME_QOQ":-41.225533927362,"NET_PROFIT_RATIO":-114.1874341874,"ROE_AVG":74.738268555051,"GROSS_PROFIT_QOQ":-69.384359400998,"ROA":-7.800078098404,"HOLDER_PROFIT_QOQ":-5.901196133049,"ROE_YEARLY":149.476537110101,"ROIC_YEARLY":-15.721065981204,"TOTAL_ASSETS":393031000,"TOTAL_LIABILITIES":447873000,"TAX_EBT":0.030729518776,"OCF_SALES":-35.198315198315,"TOTAL_PARENT_EQUITY":-52481000,"DEBT_ASSET_RATIO":113.953606713,"OPERATE_PROFIT":-21128000,"PRETAX_PROFIT":-32542000,"NETCASH_OPERATE":-10028000,"NETCASH_INVEST":4268000,"NETCASH_FINANCE":8684000,"END_CASH":6210000,"DIVI_RATIO":null,"DIVIDEND_RATE":null,"CURRENT_RATIO":0.41108632313,"COMMON_ACS":1900000000,"CURRENTDEBT_DEBT":73.260946741599,"ISSUED_COMMON_SHARES":1059923412,"HK_COMMON_SHARES":1059923412,"PER_SHARES":10000,"TOTAL_MARKET_CAP":105992341.2,"HKSK_MARKET_CAP":105992341.2,"PE_TTM":-3.302874658527,"PB_TTM":-0.669053379025,"REPORT_DATE_SQ":"2019-06-30 00:00:00","REPORT_TYPE_SQ":"2019年中报","OPERATE_INCOME_SQ":66845000,"DPS_HKD":null,"OPERATE_INCOME_QOQ_SQ":-19.349774355944,"NET_PROFIT_RATIO_SQ":-39.8728401526,"HOLDER_PROFIT_SQ":-23958000,"HOLDER_PROFIT_QOQ_SQ":42.618494346294,"ROE_AVG_SQ":-48.602263967217,"PE_TTM_SQ":31.416893913048,"PB_TTM_SQ":-1.18758689701,"ROA_SQ":-4.565872400275,"START_DATE":"2020-01-01 00:00:00","FISCAL_YEAR":"12-31","CURRENCY":"HKD","IS_CNY_CODE":0,"DPS_HKD_LY":null,"ORG_TYPE":"一般企业","PREMIUM_INCOME":null,"PREMIUM_INCOME_YOY":null,"NET_INTEREST_INCOME":null,"NET_INTEREST_INCOME_YOY":null,"FEE_COMMISSION_INCOME":null,"FEE_COMMISSION_INCOME_YOY":null,"ACCOUNTS_RECE_TDAYS":0.492599764852,"INVENTORY_TDAYS":1.730606238964,"CURRENT_ASSETS_TDAYS":0.209470661976,"TOTAL_ASSETS_TDAYS":0.071314856719,"PREMIUM_EXPENSE":null,"LOAN_DEPOSIT":null,"LOAN_EQUITY":null,"LOAN_ASSETS":null,"DEPOSIT_EQUITY":null,"DEPOSIT_ASSETS":null,"EQUITY_MULTIPLIER":-7.166605885977,"EQUITY_RATIO":-8.534002781959}],"count":43},"success":true,"message":"ok","code":0}