{"version":"9f53b354a46321cc1fbc41e61876d902","result":{"pages":6,"data":[{"SECUCODE":"00710.HK","SECURITY_CODE":"00710","SECURITY_NAME_ABBR":"京东方精电","ORG_CODE":"10009074","STD_REPORT_DATE":"2024-06-30 00:00:00","REPORT_DATE":"2024-06-30 00:00:00","DATE_TYPE_CODE":"002","REPORT_TYPE":"2024年中报","PER_NETCASH_OPERATE":0.916586102209,"PER_OI":7.099340500464,"BPS":5.024081451293,"BASIC_EPS":0.19987692,"DILUTED_EPS":0.19896424,"OPERATE_INCOME":5619661904.92,"OPERATE_INCOME_YOY":18.1777841499,"GROSS_PROFIT":958564074.32,"GROSS_PROFIT_YOY":26.944732751322,"HOLDER_PROFIT":157072228,"HOLDER_PROFIT_YOY":-15.017381686,"GROSS_PROFIT_RATIO":17.057326411057,"EPS_TTM":0.506648426345,"OPERATE_INCOME_QOQ":8.36755801654,"NET_PROFIT_RATIO":2.8482688651,"ROE_AVG":3.951315023354,"GROSS_PROFIT_QOQ":11.213791447606,"ROA":1.651449374728,"HOLDER_PROFIT_QOQ":-6.881928462323,"ROE_YEARLY":7.902630046709,"ROIC_YEARLY":5.013865698465,"TOTAL_ASSETS":9864636067.04,"TOTAL_LIABILITIES":5833490964.08,"TAX_EBT":5.258466541697,"OCF_SALES":12.91086266604,"TOTAL_PARENT_EQUITY":3976938299.72,"DEBT_ASSET_RATIO":59.1353895312,"OPERATE_PROFIT":176741394.68,"PRETAX_PROFIT":168947107.48,"NETCASH_OPERATE":725546830.84,"NETCASH_INVEST":-1074033609.88,"NETCASH_FINANCE":-26294310.8,"END_CASH":2805910535.52,"DIVI_RATIO":0.339844734626,"DIVIDEND_RATE":2.781844802343,"CURRENT_RATIO":1.490024934405,"COMMON_ACS":800000000,"CURRENTDEBT_DEBT":90.010163329842,"ISSUED_COMMON_SHARES":791575204,"HK_COMMON_SHARES":791575204,"PER_SHARES":1000,"TOTAL_MARKET_CAP":5406458643.32,"HKSK_MARKET_CAP":5406458643.32,"PE_TTM":12.153496572582,"PB_TTM":1.240745091502,"REPORT_DATE_SQ":"2023-06-30 00:00:00","REPORT_TYPE_SQ":"2023年中报","OPERATE_INCOME_SQ":4803715869.66,"DPS_HKD":0.19,"OPERATE_INCOME_QOQ_SQ":6.92779986996,"NET_PROFIT_RATIO_SQ":3.877823131,"HOLDER_PROFIT_SQ":186712013.76,"HOLDER_PROFIT_QOQ_SQ":-5.349871498524,"ROE_AVG_SQ":4.999673497462,"PE_TTM_SQ":8.077494606309,"PB_TTM_SQ":1.068818746078,"ROA_SQ":2.420590799527,"START_DATE":"2024-01-01 00:00:00","FISCAL_YEAR":"12-31","CURRENCY":"HKD","IS_CNY_CODE":0,"DPS_HKD_LY":0.19,"ORG_TYPE":"一般企业","PREMIUM_INCOME":null,"PREMIUM_INCOME_YOY":null,"NET_INTEREST_INCOME":null,"NET_INTEREST_INCOME_YOY":null,"FEE_COMMISSION_INCOME":null,"FEE_COMMISSION_INCOME_YOY":null,"ACCOUNTS_RECE_TDAYS":2.291661215709,"INVENTORY_TDAYS":2.723787113406,"CURRENT_ASSETS_TDAYS":0.738753578396,"TOTAL_ASSETS_TDAYS":0.590848379579,"PREMIUM_EXPENSE":null,"LOAN_DEPOSIT":null,"LOAN_EQUITY":null,"LOAN_ASSETS":null,"DEPOSIT_EQUITY":null,"DEPOSIT_ASSETS":null,"EQUITY_MULTIPLIER":2.447105181055,"EQUITY_RATIO":1.466829637385},{"SECUCODE":"00710.HK","SECURITY_CODE":"00710","SECURITY_NAME_ABBR":"京东方精电","ORG_CODE":"10009074","STD_REPORT_DATE":"2023-12-31 00:00:00","REPORT_DATE":"2023-12-31 00:00:00","DATE_TYPE_CODE":"001","REPORT_TYPE":"2023年年报","PER_NETCASH_OPERATE":1.35785911399,"PER_OI":12.318860088397,"BPS":4.984131439393,"BASIC_EPS":0.54735688,"DILUTED_EPS":0.54554444,"OPERATE_INCOME":9751304187.52,"OPERATE_INCOME_YOY":0.3549125048,"GROSS_PROFIT":1814378404.58,"GROSS_PROFIT_YOY":11.769183293614,"HOLDER_PROFIT":430690117.2,"HOLDER_PROFIT_YOY":-18.4034365123,"GROSS_PROFIT_RATIO":18.606520417055,"EPS_TTM":0.544092481704,"OPERATE_INCOME_QOQ":-6.043805260041,"NET_PROFIT_RATIO":4.4708401608,"ROE_AVG":11.291125172289,"GROSS_PROFIT_QOQ":2.368072866553,"ROA":5.189286219282,"HOLDER_PROFIT_QOQ":-12.541594640681,"ROE_YEARLY":11.291125172289,"ROIC_YEARLY":8.035863969931,"TOTAL_ASSETS":9092893671.4,"TOTAL_LIABILITIES":5096725368.98,"TAX_EBT":10.916204965632,"OCF_SALES":11.022603587073,"TOTAL_PARENT_EQUITY":3945314860.9,"DEBT_ASSET_RATIO":56.0517427473,"OPERATE_PROFIT":516294377.06,"PRETAX_PROFIT":489387799.04,"NETCASH_OPERATE":1074847605.16,"NETCASH_INVEST":-203086620.66,"NETCASH_FINANCE":-238759064.74,"END_CASH":3172458727.2,"DIVI_RATIO":0.316456863107,"DIVIDEND_RATE":2.523240371846,"CURRENT_RATIO":1.612096740637,"COMMON_ACS":800000000,"CURRENTDEBT_DEBT":89.30741467302,"ISSUED_COMMON_SHARES":791575204,"HK_COMMON_SHARES":791575204,"PER_SHARES":1000,"TOTAL_MARKET_CAP":5960561286.12,"HKSK_MARKET_CAP":5960561286.12,"PE_TTM":13.399096514135,"PB_TTM":1.367907838801,"REPORT_DATE_SQ":"2022-12-31 00:00:00","REPORT_TYPE_SQ":"2022年年报","OPERATE_INCOME_SQ":9577963410.47,"DPS_HKD":0.19,"OPERATE_INCOME_QOQ_SQ":24.514732623825,"NET_PROFIT_RATIO_SQ":5.1498018334,"HOLDER_PROFIT_SQ":520286004.77,"HOLDER_PROFIT_QOQ_SQ":28.969034281075,"ROE_AVG_SQ":16.413723760138,"PE_TTM_SQ":8.240526607538,"PB_TTM_SQ":1.090391234531,"ROA_SQ":8.425283937874,"START_DATE":"2023-01-01 00:00:00","FISCAL_YEAR":"12-31","CURRENCY":"HKD","IS_CNY_CODE":0,"DPS_HKD_LY":0.23,"ORG_TYPE":"一般企业","PREMIUM_INCOME":null,"PREMIUM_INCOME_YOY":null,"NET_INTEREST_INCOME":null,"NET_INTEREST_INCOME_YOY":null,"FEE_COMMISSION_INCOME":null,"FEE_COMMISSION_INCOME_YOY":null,"ACCOUNTS_RECE_TDAYS":4.56594770622,"INVENTORY_TDAYS":4.983227798226,"CURRENT_ASSETS_TDAYS":1.463226666737,"TOTAL_ASSETS_TDAYS":1.174912226203,"PREMIUM_EXPENSE":null,"LOAN_DEPOSIT":null,"LOAN_EQUITY":null,"LOAN_ASSETS":null,"DEPOSIT_EQUITY":null,"DEPOSIT_ASSETS":null,"EQUITY_MULTIPLIER":2.27540308197,"EQUITY_RATIO":1.291842488794},{"SECUCODE":"00710.HK","SECURITY_CODE":"00710","SECURITY_NAME_ABBR":"京东方精电","ORG_CODE":"10009074","STD_REPORT_DATE":"2023-06-30 00:00:00","REPORT_DATE":"2023-06-30 00:00:00","DATE_TYPE_CODE":"002","REPORT_TYPE":"2023年中报","PER_NETCASH_OPERATE":-0.442830988501,"PER_OI":6.068552735591,"BPS":4.701256427658,"BASIC_EPS":0.23787084,"DILUTED_EPS":0.23694886,"OPERATE_INCOME":4803715869.66,"OPERATE_INCOME_YOY":7.8530295606,"GROSS_PROFIT":755103463.96,"GROSS_PROFIT_YOY":2.84682816983,"HOLDER_PROFIT":186712013.76,"HOLDER_PROFIT_YOY":-19.2780497138,"GROSS_PROFIT_RATIO":15.719153348124,"EPS_TTM":0.622115712571,"OPERATE_INCOME_QOQ":6.92779986996,"NET_PROFIT_RATIO":3.877823131,"ROE_AVG":4.999673497462,"GROSS_PROFIT_QOQ":1.193343354764,"ROA":2.420590799527,"HOLDER_PROFIT_QOQ":-5.349871498524,"ROE_YEARLY":9.999346994924,"ROIC_YEARLY":7.111712946835,"TOTAL_ASSETS":7790126181.12,"TOTAL_LIABILITIES":4022070445.46,"TAX_EBT":8.467243230509,"OCF_SALES":-7.297143285971,"TOTAL_PARENT_EQUITY":3721398015.78,"DEBT_ASSET_RATIO":51.6303632566,"OPERATE_PROFIT":222051507.16,"PRETAX_PROFIT":203511411.34,"NETCASH_OPERATE":-350534030.06,"NETCASH_INVEST":-131969451.26,"NETCASH_FINANCE":89388726.94,"END_CASH":2172245730.68,"DIVI_RATIO":0.276768126123,"DIVIDEND_RATE":2.523240371846,"CURRENT_RATIO":1.595556182873,"COMMON_ACS":800000000,"CURRENTDEBT_DEBT":95.007549696534,"ISSUED_COMMON_SHARES":791575204,"HK_COMMON_SHARES":791575204,"PER_SHARES":1000,"TOTAL_MARKET_CAP":5960561286.12,"HKSK_MARKET_CAP":5960561286.12,"PE_TTM":13.399096514135,"PB_TTM":1.367907838801,"REPORT_DATE_SQ":"2022-06-30 00:00:00","REPORT_TYPE_SQ":"2022年中报","OPERATE_INCOME_SQ":4131293756.31,"DPS_HKD":0.19,"OPERATE_INCOME_QOQ_SQ":23.213843363802,"NET_PROFIT_RATIO_SQ":4.8406191127,"HOLDER_PROFIT_SQ":214546646.44,"HOLDER_PROFIT_QOQ_SQ":50.525304284156,"ROE_AVG_SQ":8.233824926688,"PE_TTM_SQ":8.240526607538,"PB_TTM_SQ":1.090391234531,"ROA_SQ":4.196153219572,"START_DATE":"2023-01-01 00:00:00","FISCAL_YEAR":"12-31","CURRENCY":"HKD","IS_CNY_CODE":0,"DPS_HKD_LY":0.23,"ORG_TYPE":"一般企业","PREMIUM_INCOME":null,"PREMIUM_INCOME_YOY":null,"NET_INTEREST_INCOME":null,"NET_INTEREST_INCOME_YOY":null,"FEE_COMMISSION_INCOME":null,"FEE_COMMISSION_INCOME_YOY":null,"ACCOUNTS_RECE_TDAYS":2.193229349406,"INVENTORY_TDAYS":2.722738527902,"CURRENT_ASSETS_TDAYS":0.788020082937,"TOTAL_ASSETS_TDAYS":0.622768198119,"PREMIUM_EXPENSE":null,"LOAN_DEPOSIT":null,"LOAN_EQUITY":null,"LOAN_ASSETS":null,"DEPOSIT_EQUITY":null,"DEPOSIT_ASSETS":null,"EQUITY_MULTIPLIER":2.067412673171,"EQUITY_RATIO":1.080795558122},{"SECUCODE":"00710.HK","SECURITY_CODE":"00710","SECURITY_NAME_ABBR":"京东方精电","ORG_CODE":"10009074","STD_REPORT_DATE":"2022-12-31 00:00:00","REPORT_DATE":"2022-12-31 00:00:00","DATE_TYPE_CODE":"001","REPORT_TYPE":"2022年年报","PER_NETCASH_OPERATE":0.873614471264,"PER_OI":12.10240070454,"BPS":4.586895552201,"BASIC_EPS":0.70032368,"DILUTED_EPS":0.69496406,"OPERATE_INCOME":9577963410.47,"OPERATE_INCOME_YOY":39.2999041579,"GROSS_PROFIT":1623326171.95,"GROSS_PROFIT_YOY":35.702061436149,"HOLDER_PROFIT":520286004.77,"HOLDER_PROFIT_YOY":77.6859529344,"GROSS_PROFIT_RATIO":18.045326391711,"EPS_TTM":0.65741634634,"OPERATE_INCOME_QOQ":24.514732623825,"NET_PROFIT_RATIO":5.1498018334,"ROE_AVG":16.413723760138,"GROSS_PROFIT_QOQ":24.962284921166,"ROA":8.425283937874,"HOLDER_PROFIT_QOQ":28.969034281075,"ROE_YEARLY":16.413723760138,"ROIC_YEARLY":14.010784280237,"TOTAL_ASSETS":7399044737,"TOTAL_LIABILITIES":3722548189.29,"TAX_EBT":14.913319759689,"OCF_SALES":7.123194631255,"TOTAL_PARENT_EQUITY":3630872782.46,"DEBT_ASSET_RATIO":50.3111999131,"OPERATE_PROFIT":598905377.28,"PRETAX_PROFIT":587456335.69,"NETCASH_OPERATE":691387406.92,"NETCASH_INVEST":-1044851666.11,"NETCASH_FINANCE":980783661.9,"END_CASH":2517970021.21,"DIVI_RATIO":0.26190678245,"DIVIDEND_RATE":2.523240371846,"CURRENT_RATIO":1.611105194212,"COMMON_ACS":800000000,"CURRENTDEBT_DEBT":98.459396154897,"ISSUED_COMMON_SHARES":791575204,"HK_COMMON_SHARES":791575204,"PER_SHARES":1000,"TOTAL_MARKET_CAP":5960561286.12,"HKSK_MARKET_CAP":5960561286.12,"PE_TTM":13.399096514135,"PB_TTM":1.367907838801,"REPORT_DATE_SQ":"2021-12-31 00:00:00","REPORT_TYPE_SQ":"2021年年报","OPERATE_INCOME_SQ":6377551443.2,"DPS_HKD":0.19,"OPERATE_INCOME_QOQ_SQ":32.822201379812,"NET_PROFIT_RATIO_SQ":4.0026012081,"HOLDER_PROFIT_SQ":268007644.8,"HOLDER_PROFIT_QOQ_SQ":122.789913670696,"ROE_AVG_SQ":11.416839069651,"PE_TTM_SQ":8.240526607538,"PB_TTM_SQ":1.090391234531,"ROA_SQ":6.994514670967,"START_DATE":"2022-01-01 00:00:00","FISCAL_YEAR":"12-31","CURRENCY":"HKD","IS_CNY_CODE":0,"DPS_HKD_LY":0.15,"ORG_TYPE":"一般企业","PREMIUM_INCOME":null,"PREMIUM_INCOME_YOY":null,"NET_INTEREST_INCOME":null,"NET_INTEREST_INCOME_YOY":null,"FEE_COMMISSION_INCOME":null,"FEE_COMMISSION_INCOME_YOY":null,"ACCOUNTS_RECE_TDAYS":5.49558041462,"INVENTORY_TDAYS":7.4189862777,"CURRENT_ASSETS_TDAYS":1.895689125166,"TOTAL_ASSETS_TDAYS":1.571770219345,"PREMIUM_EXPENSE":null,"LOAN_DEPOSIT":null,"LOAN_EQUITY":null,"LOAN_ASSETS":null,"DEPOSIT_EQUITY":null,"DEPOSIT_ASSETS":null,"EQUITY_MULTIPLIER":2.012525958065,"EQUITY_RATIO":1.025248862277},{"SECUCODE":"00710.HK","SECURITY_CODE":"00710","SECURITY_NAME_ABBR":"京东方精电","ORG_CODE":"10009074","STD_REPORT_DATE":"2022-06-30 00:00:00","REPORT_DATE":"2022-06-30 00:00:00","DATE_TYPE_CODE":"002","REPORT_TYPE":"2022年中报","PER_NETCASH_OPERATE":0.368712744568,"PER_OI":5.608863592625,"BPS":3.30739211677,"BASIC_EPS":0.29504055,"DILUTED_EPS":0.29247498,"OPERATE_INCOME":4131293756.31,"OPERATE_INCOME_YOY":50.9637953691,"GROSS_PROFIT":734201994.75,"GROSS_PROFIT_YOY":53.660263480393,"HOLDER_PROFIT":214546646.44,"HOLDER_PROFIT_YOY":163.788444351,"GROSS_PROFIT_RATIO":17.771720871425,"EPS_TTM":0.547703476419,"OPERATE_INCOME_QOQ":23.213843363802,"NET_PROFIT_RATIO":4.8406191127,"ROE_AVG":8.233824926688,"GROSS_PROFIT_QOQ":22.38786681118,"ROA":4.196153219572,"HOLDER_PROFIT_QOQ":50.525304284156,"ROE_YEARLY":16.467649853375,"ROIC_YEARLY":14.713664577877,"TOTAL_ASSETS":5485414430.16,"TOTAL_LIABILITIES":2615643084.88,"TAX_EBT":14.769687206141,"OCF_SALES":6.573751321973,"TOTAL_PARENT_EQUITY":2618049589.54,"DEBT_ASSET_RATIO":47.6836001761,"OPERATE_PROFIT":235201195.32,"PRETAX_PROFIT":234635059.54,"NETCASH_OPERATE":271580977.92,"NETCASH_INVEST":-241819510.73,"NETCASH_FINANCE":35266325.22,"END_CASH":1934905858.55,"DIVI_RATIO":0.314370471274,"DIVIDEND_RATE":2.523240371846,"CURRENT_RATIO":1.804068338331,"COMMON_ACS":800000000,"CURRENTDEBT_DEBT":99.226692892585,"ISSUED_COMMON_SHARES":791575204,"HK_COMMON_SHARES":791575204,"PER_SHARES":1000,"TOTAL_MARKET_CAP":5960561286.12,"HKSK_MARKET_CAP":5960561286.12,"PE_TTM":13.399096514135,"PB_TTM":1.367907838801,"REPORT_DATE_SQ":"2021-06-30 00:00:00","REPORT_TYPE_SQ":"2021年中报","OPERATE_INCOME_SQ":2662660160.4,"DPS_HKD":0.19,"OPERATE_INCOME_QOQ_SQ":24.219083628905,"NET_PROFIT_RATIO_SQ":2.7806206553,"HOLDER_PROFIT_SQ":79134968.4,"HOLDER_PROFIT_QOQ_SQ":108.235294624328,"ROE_AVG_SQ":3.474900371331,"PE_TTM_SQ":8.240526607538,"PB_TTM_SQ":1.090391234531,"ROA_SQ":2.358301958118,"START_DATE":"2022-01-01 00:00:00","FISCAL_YEAR":"12-31","CURRENCY":"HKD","IS_CNY_CODE":0,"DPS_HKD_LY":0.15,"ORG_TYPE":"一般企业","PREMIUM_INCOME":null,"PREMIUM_INCOME_YOY":null,"NET_INTEREST_INCOME":null,"NET_INTEREST_INCOME_YOY":null,"FEE_COMMISSION_INCOME":null,"FEE_COMMISSION_INCOME_YOY":null,"ACCOUNTS_RECE_TDAYS":null,"INVENTORY_TDAYS":3.772102676009,"CURRENT_ASSETS_TDAYS":0.935453890858,"TOTAL_ASSETS_TDAYS":0.808008043201,"PREMIUM_EXPENSE":null,"LOAN_DEPOSIT":null,"LOAN_EQUITY":null,"LOAN_ASSETS":null,"DEPOSIT_EQUITY":null,"DEPOSIT_ASSETS":null,"EQUITY_MULTIPLIER":1.911446512692,"EQUITY_RATIO":0.999080802491},{"SECUCODE":"00710.HK","SECURITY_CODE":"00710","SECURITY_NAME_ABBR":"京东方精电","ORG_CODE":"10009074","STD_REPORT_DATE":"2021-12-31 00:00:00","REPORT_DATE":"2021-12-31 00:00:00","DATE_TYPE_CODE":"001","REPORT_TYPE":"2021年年报","PER_NETCASH_OPERATE":0.738308183175,"PER_OI":8.663324538829,"BPS":3.132121685813,"BASIC_EPS":0.3687376,"DILUTED_EPS":0.3662848,"OPERATE_INCOME":6377551443.2,"OPERATE_INCOME_YOY":70.9319638058,"GROSS_PROFIT":1196242824,"GROSS_PROFIT_YOY":69.21969916567,"HOLDER_PROFIT":268007644.8,"HOLDER_PROFIT_YOY":377.5681463891,"GROSS_PROFIT_RATIO":18.102045983022,"EPS_TTM":0.364064049733,"OPERATE_INCOME_QOQ":32.822201379812,"NET_PROFIT_RATIO":4.0026012081,"ROE_AVG":11.416839069651,"GROSS_PROFIT_QOQ":39.115973581344,"ROA":6.994514670967,"HOLDER_PROFIT_QOQ":122.789913670696,"ROE_YEARLY":11.416839069651,"ROIC_YEARLY":12.854367325395,"TOTAL_ASSETS":4532090886.4,"TOTAL_LIABILITIES":1796707886.4,"TAX_EBT":11.17360093381,"OCF_SALES":8.59093947836,"TOTAL_PARENT_EQUITY":2479309862.4,"DEBT_ASSET_RATIO":39.6441274334,"OPERATE_PROFIT":286228678.4,"PRETAX_PROFIT":285079950.4,"NETCASH_OPERATE":543509411.2,"NETCASH_INVEST":-208056307.2,"NETCASH_FINANCE":171806376,"END_CASH":1853595676.8,"DIVI_RATIO":0.472943703523,"DIVIDEND_RATE":2.523240371846,"CURRENT_RATIO":2.238499704574,"COMMON_ACS":800000000,"CURRENTDEBT_DEBT":98.658226315892,"ISSUED_COMMON_SHARES":791575204,"HK_COMMON_SHARES":791575204,"PER_SHARES":1000,"TOTAL_MARKET_CAP":5960561286.12,"HKSK_MARKET_CAP":5960561286.12,"PE_TTM":13.399096514135,"PB_TTM":1.367907838801,"REPORT_DATE_SQ":"2020-12-31 00:00:00","REPORT_TYPE_SQ":"2020年年报","OPERATE_INCOME_SQ":3810031898.96,"DPS_HKD":0.19,"OPERATE_INCOME_QOQ_SQ":7.282282739439,"NET_PROFIT_RATIO_SQ":1.469236422,"HOLDER_PROFIT_SQ":57769327.96,"HOLDER_PROFIT_QOQ_SQ":142.255497161559,"ROE_AVG_SQ":2.513617917552,"PE_TTM_SQ":8.240526607538,"PB_TTM_SQ":1.090391234531,"ROA_SQ":1.864428486894,"START_DATE":"2021-01-01 00:00:00","FISCAL_YEAR":"12-31","CURRENCY":"HKD","IS_CNY_CODE":0,"DPS_HKD_LY":0.05,"ORG_TYPE":"一般企业","PREMIUM_INCOME":null,"PREMIUM_INCOME_YOY":null,"NET_INTEREST_INCOME":null,"NET_INTEREST_INCOME_YOY":null,"FEE_COMMISSION_INCOME":null,"FEE_COMMISSION_INCOME_YOY":null,"ACCOUNTS_RECE_TDAYS":4.471785381782,"INVENTORY_TDAYS":9.486809190977,"CURRENT_ASSETS_TDAYS":1.896510033097,"TOTAL_ASSETS_TDAYS":1.651113058548,"PREMIUM_EXPENSE":null,"LOAN_DEPOSIT":null,"LOAN_EQUITY":null,"LOAN_ASSETS":null,"DEPOSIT_EQUITY":null,"DEPOSIT_ASSETS":null,"EQUITY_MULTIPLIER":1.656839603962,"EQUITY_RATIO":0.724680651518},{"SECUCODE":"00710.HK","SECURITY_CODE":"00710","SECURITY_NAME_ABBR":"京东方精电","ORG_CODE":"10009074","STD_REPORT_DATE":"2021-06-30 00:00:00","REPORT_DATE":"2021-06-30 00:00:00","DATE_TYPE_CODE":"002","REPORT_TYPE":"2021年中报","PER_NETCASH_OPERATE":0.068277156413,"PER_OI":3.61973561807,"BPS":2.905317877036,"BASIC_EPS":0.10733832,"DILUTED_EPS":0.10733832,"OPERATE_INCOME":2662660160.4,"OPERATE_INCOME_YOY":68.5722322985,"GROSS_PROFIT":477808626.72,"GROSS_PROFIT_YOY":46.795189114805,"HOLDER_PROFIT":79134968.4,"HOLDER_PROFIT_YOY":423.0722692773,"GROSS_PROFIT_RATIO":15.67388175956,"EPS_TTM":0.163535772971,"OPERATE_INCOME_QOQ":24.219083628905,"NET_PROFIT_RATIO":2.7806206553,"ROE_AVG":3.474900371331,"GROSS_PROFIT_QOQ":12.558403869133,"ROA":2.358301958118,"HOLDER_PROFIT_QOQ":108.235294624328,"ROE_YEARLY":6.949800742662,"ROIC_YEARLY":8.079768867891,"TOTAL_ASSETS":3524450408.88,"TOTAL_LIABILITIES":1171566143.76,"TAX_EBT":6.200586114566,"OCF_SALES":1.886247052739,"TOTAL_PARENT_EQUITY":2299777591.2,"DEBT_ASSET_RATIO":33.241101671,"OPERATE_PROFIT":79521053.52,"PRETAX_PROFIT":78932772.96,"NETCASH_OPERATE":50224348.8,"NETCASH_INVEST":-54500407.92,"NETCASH_FINANCE":-23681828.88,"END_CASH":1332093513.6,"DIVI_RATIO":1.052869331717,"DIVIDEND_RATE":2.523240371846,"CURRENT_RATIO":2.640175350947,"COMMON_ACS":800000000,"CURRENTDEBT_DEBT":98.374357331727,"ISSUED_COMMON_SHARES":791575204,"HK_COMMON_SHARES":791575204,"PER_SHARES":1000,"TOTAL_MARKET_CAP":5960561286.12,"HKSK_MARKET_CAP":5960561286.12,"PE_TTM":13.399096514135,"PB_TTM":1.367907838801,"REPORT_DATE_SQ":"2020-06-30 00:00:00","REPORT_TYPE_SQ":"2020年中报","OPERATE_INCOME_SQ":1733982238.56,"DPS_HKD":0.19,"OPERATE_INCOME_QOQ_SQ":9.982406387707,"NET_PROFIT_RATIO_SQ":0.9447555467,"HOLDER_PROFIT_SQ":16608166.08,"HOLDER_PROFIT_QOQ_SQ":6.398378048995,"ROE_AVG_SQ":0.684991243588,"PE_TTM_SQ":8.240526607538,"PB_TTM_SQ":1.090391234531,"ROA_SQ":0.52027802339,"START_DATE":"2021-01-01 00:00:00","FISCAL_YEAR":"12-31","CURRENCY":"HKD","IS_CNY_CODE":0,"DPS_HKD_LY":0.05,"ORG_TYPE":"一般企业","PREMIUM_INCOME":null,"PREMIUM_INCOME_YOY":null,"NET_INTEREST_INCOME":null,"NET_INTEREST_INCOME_YOY":null,"FEE_COMMISSION_INCOME":null,"FEE_COMMISSION_INCOME_YOY":null,"ACCOUNTS_RECE_TDAYS":2.260569026721,"INVENTORY_TDAYS":4.769381954951,"CURRENT_ASSETS_TDAYS":0.91902220785,"TOTAL_ASSETS_TDAYS":0.793499611744,"PREMIUM_EXPENSE":null,"LOAN_DEPOSIT":null,"LOAN_EQUITY":null,"LOAN_ASSETS":null,"DEPOSIT_EQUITY":null,"DEPOSIT_ASSETS":null,"EQUITY_MULTIPLIER":1.497927654635,"EQUITY_RATIO":0.509425845457},{"SECUCODE":"00710.HK","SECURITY_CODE":"00710","SECURITY_NAME_ABBR":"京东方精电","ORG_CODE":"10009074","STD_REPORT_DATE":"2020-12-31 00:00:00","REPORT_DATE":"2020-12-31 00:00:00","DATE_TYPE_CODE":"001","REPORT_TYPE":"2020年年报","PER_NETCASH_OPERATE":0.28968526969,"PER_OI":5.182481506762,"BPS":2.881331455956,"BASIC_EPS":0.07827252,"DILUTED_EPS":0.07827252,"OPERATE_INCOME":3810031898.96,"OPERATE_INCOME_YOY":25.5816594522,"GROSS_PROFIT":706917001.92,"GROSS_PROFIT_YOY":-8.632111981606,"HOLDER_PROFIT":57769327.96,"HOLDER_PROFIT_YOY":174.3365307754,"GROSS_PROFIT_RATIO":19.073558836622,"EPS_TTM":0.078578994022,"OPERATE_INCOME_QOQ":7.282282739439,"NET_PROFIT_RATIO":1.469236422,"ROE_AVG":2.513617917552,"GROSS_PROFIT_QOQ":-0.283653562413,"ROA":1.864428486894,"HOLDER_PROFIT_QOQ":142.255497161559,"ROE_YEARLY":2.513617917552,"ROIC_YEARLY":3.328438072281,"TOTAL_ASSETS":3223344854.32,"TOTAL_LIABILITIES":894397361.76,"TAX_EBT":1.583474233625,"OCF_SALES":5.554050815062,"TOTAL_PARENT_EQUITY":2280790535.04,"DEBT_ASSET_RATIO":27.7474921916,"OPERATE_PROFIT":59287646.52,"PRETAX_PROFIT":57244144.6,"NETCASH_OPERATE":212969427.24,"NETCASH_INVEST":-23634092.84,"NETCASH_FINANCE":-146066622,"END_CASH":1369795190.84,"DIVI_RATIO":2.191193742599,"DIVIDEND_RATE":2.523240371846,"CURRENT_RATIO":3.1882992426,"COMMON_ACS":800000000,"CURRENTDEBT_DEBT":97.60493241641,"ISSUED_COMMON_SHARES":791575204,"HK_COMMON_SHARES":791575204,"PER_SHARES":1000,"TOTAL_MARKET_CAP":5960561286.12,"HKSK_MARKET_CAP":5960561286.12,"PE_TTM":13.399096514135,"PB_TTM":1.367907838801,"REPORT_DATE_SQ":"2019-12-31 00:00:00","REPORT_TYPE_SQ":"2019年年报","OPERATE_INCOME_SQ":3249796678.88,"DPS_HKD":0.19,"OPERATE_INCOME_QOQ_SQ":13.008654465336,"NET_PROFIT_RATIO_SQ":0.6896559328,"HOLDER_PROFIT_SQ":22412415.6,"HOLDER_PROFIT_QOQ_SQ":73.365876296815,"ROE_AVG_SQ":0.908091322338,"PE_TTM_SQ":8.240526607538,"PB_TTM_SQ":1.090391234531,"ROA_SQ":0.713598965937,"START_DATE":"2020-01-01 00:00:00","FISCAL_YEAR":"12-31","CURRENCY":"HKD","IS_CNY_CODE":0,"DPS_HKD_LY":0.25,"ORG_TYPE":"一般企业","PREMIUM_INCOME":null,"PREMIUM_INCOME_YOY":null,"NET_INTEREST_INCOME":null,"NET_INTEREST_INCOME_YOY":null,"FEE_COMMISSION_INCOME":null,"FEE_COMMISSION_INCOME_YOY":null,"ACCOUNTS_RECE_TDAYS":null,"INVENTORY_TDAYS":7.113661774679,"CURRENT_ASSETS_TDAYS":1.450801416674,"TOTAL_ASSETS_TDAYS":1.237530264469,"PREMIUM_EXPENSE":null,"LOAN_DEPOSIT":null,"LOAN_EQUITY":null,"LOAN_ASSETS":null,"DEPOSIT_EQUITY":null,"DEPOSIT_ASSETS":null,"EQUITY_MULTIPLIER":1.384035004919,"EQUITY_RATIO":0.392143578299},{"SECUCODE":"00710.HK","SECURITY_CODE":"00710","SECURITY_NAME_ABBR":"京东方精电","ORG_CODE":"10009074","STD_REPORT_DATE":"2020-06-30 00:00:00","REPORT_DATE":"2020-06-30 00:00:00","DATE_TYPE_CODE":"002","REPORT_TYPE":"2020年中报","PER_NETCASH_OPERATE":-0.008092267921,"PER_OI":2.358597282832,"BPS":2.95093981524,"BASIC_EPS":0.022836,"DILUTED_EPS":0.022836,"OPERATE_INCOME":1733982238.56,"OPERATE_INCOME_YOY":18.0950949139,"GROSS_PROFIT":325493382.72,"GROSS_PROFIT_YOY":-15.914263288541,"HOLDER_PROFIT":16608166.08,"HOLDER_PROFIT_YOY":5.4028985507,"GROSS_PROFIT_RATIO":19.730384579212,"EPS_TTM":0.032436413185,"OPERATE_INCOME_QOQ":9.982406387707,"NET_PROFIT_RATIO":0.9447555467,"ROE_AVG":0.684991243588,"GROSS_PROFIT_QOQ":-5.202267600568,"ROA":0.52027802339,"HOLDER_PROFIT_QOQ":6.398378048995,"ROE_YEARLY":1.369982487175,"ROIC_YEARLY":1.845208314093,"TOTAL_ASSETS":3157004838.24,"TOTAL_LIABILITIES":821114052,"TAX_EBT":3.204855195911,"OCF_SALES":-0.338422223943,"TOTAL_PARENT_EQUITY":2335890786.24,"DEBT_ASSET_RATIO":26.0092744254,"OPERATE_PROFIT":18210339.84,"PRETAX_PROFIT":17158056.96,"NETCASH_OPERATE":-5949234.72,"NETCASH_INVEST":-21092243.04,"NETCASH_FINANCE":-3393429.6,"END_CASH":1364637341.76,"DIVI_RATIO":5.308287294906,"DIVIDEND_RATE":2.523240371846,"CURRENT_RATIO":3.327419981667,"COMMON_ACS":800000000,"CURRENTDEBT_DEBT":98.181605806936,"ISSUED_COMMON_SHARES":791575204,"HK_COMMON_SHARES":791575204,"PER_SHARES":1000,"TOTAL_MARKET_CAP":5960561286.12,"HKSK_MARKET_CAP":5960561286.12,"PE_TTM":13.399096514135,"PB_TTM":1.367907838801,"REPORT_DATE_SQ":"2019-06-30 00:00:00","REPORT_TYPE_SQ":"2019年中报","OPERATE_INCOME_SQ":1433524724.1,"DPS_HKD":0.19,"OPERATE_INCOME_QOQ_SQ":3.293965486948,"NET_PROFIT_RATIO_SQ":1.0733132027,"HOLDER_PROFIT_SQ":15174135,"HOLDER_PROFIT_QOQ_SQ":-13.883100716413,"ROE_AVG_SQ":0.624088965781,"PE_TTM_SQ":8.240526607538,"PB_TTM_SQ":1.090391234531,"ROA_SQ":0.509514406188,"START_DATE":"2020-01-01 00:00:00","FISCAL_YEAR":"12-31","CURRENCY":"HKD","IS_CNY_CODE":0,"DPS_HKD_LY":0.25,"ORG_TYPE":"一般企业","PREMIUM_INCOME":null,"PREMIUM_INCOME_YOY":null,"NET_INTEREST_INCOME":null,"NET_INTEREST_INCOME_YOY":null,"FEE_COMMISSION_INCOME":null,"FEE_COMMISSION_INCOME_YOY":null,"ACCOUNTS_RECE_TDAYS":2.09347584666,"INVENTORY_TDAYS":2.946758011859,"CURRENT_ASSETS_TDAYS":0.651238771149,"TOTAL_ASSETS_TDAYS":0.550701210701,"PREMIUM_EXPENSE":null,"LOAN_DEPOSIT":null,"LOAN_EQUITY":null,"LOAN_ASSETS":null,"DEPOSIT_EQUITY":null,"DEPOSIT_ASSETS":null,"EQUITY_MULTIPLIER":1.351520737544,"EQUITY_RATIO":0.351520737543}],"count":48},"success":true,"message":"ok","code":0}