{"version":"f0414a45b51beae31f300bb2127b8870","result":{"pages":6,"data":[{"SECUCODE":"00718.HK","SECURITY_CODE":"00718","SECURITY_NAME_ABBR":"太和控股","ORG_CODE":"10009080","STD_REPORT_DATE":"2024-06-30 00:00:00","REPORT_DATE":"2024-06-30 00:00:00","DATE_TYPE_CODE":"002","REPORT_TYPE":"2024年中报","PER_NETCASH_OPERATE":-0.002950639822,"PER_OI":0.010410944854,"BPS":-0.212547591563,"BASIC_EPS":-0.043717372,"DILUTED_EPS":null,"OPERATE_INCOME":54657667.16,"OPERATE_INCOME_YOY":-39.8477284826,"GROSS_PROFIT":54657667.16,"GROSS_PROFIT_YOY":-40.454483645531,"HOLDER_PROFIT":-229752587.12,"HOLDER_PROFIT_YOY":61.9281678383,"GROSS_PROFIT_RATIO":null,"EPS_TTM":-0.129253492579,"OPERATE_INCOME_QOQ":-20.696256107967,"NET_PROFIT_RATIO":-419.8657471571,"ROE_AVG":22.993301604975,"GROSS_PROFIT_QOQ":-20.696256107967,"ROA":-10.31616390527,"HOLDER_PROFIT_QOQ":35.889033419111,"ROE_YEARLY":45.98660320995,"ROIC_YEARLY":-21.674314864079,"TOTAL_ASSETS":2120687732.44,"TOTAL_LIABILITIES":3236125070.52,"TAX_EBT":8.481257302173,"OCF_SALES":-28.341710220916,"TOTAL_PARENT_EQUITY":-1115879075.2,"DEBT_ASSET_RATIO":152.5979059065,"OPERATE_PROFIT":-174189541.4,"PRETAX_PROFIT":-250756091.96,"NETCASH_OPERATE":-15490917.64,"NETCASH_INVEST":196782934.8,"NETCASH_FINANCE":-201757953.48,"END_CASH":104673443.84,"DIVI_RATIO":null,"DIVIDEND_RATE":null,"CURRENT_RATIO":0.046297556955,"COMMON_ACS":34566666668,"CURRENTDEBT_DEBT":95.907595003468,"ISSUED_COMMON_SHARES":5250019852,"HK_COMMON_SHARES":5250019852,"PER_SHARES":5000,"TOTAL_MARKET_CAP":162750615.412,"HKSK_MARKET_CAP":162750615.412,"PE_TTM":-0.214565926416,"PB_TTM":-0.133114093611,"REPORT_DATE_SQ":"2023-06-30 00:00:00","REPORT_TYPE_SQ":"2023年中报","OPERATE_INCOME_SQ":91791406.82,"DPS_HKD":null,"OPERATE_INCOME_QOQ_SQ":7.498639678696,"NET_PROFIT_RATIO_SQ":-663.6948944847,"HOLDER_PROFIT_SQ":-609620551.84,"HOLDER_PROFIT_QOQ_SQ":-29.055325328342,"ROE_AVG_SQ":623.296019607381,"PE_TTM_SQ":-0.091067324118,"PB_TTM_SQ":-0.387820262756,"ROA_SQ":-19.877008738774,"START_DATE":"2024-01-01 00:00:00","FISCAL_YEAR":"12-31","CURRENCY":"HKD","IS_CNY_CODE":0,"DPS_HKD_LY":null,"ORG_TYPE":"一般企业","PREMIUM_INCOME":null,"PREMIUM_INCOME_YOY":null,"NET_INTEREST_INCOME":null,"NET_INTEREST_INCOME_YOY":null,"FEE_COMMISSION_INCOME":null,"FEE_COMMISSION_INCOME_YOY":null,"ACCOUNTS_RECE_TDAYS":2.523470419686,"INVENTORY_TDAYS":null,"CURRENT_ASSETS_TDAYS":0.323494935854,"TOTAL_ASSETS_TDAYS":0.024541941406,"PREMIUM_EXPENSE":null,"LOAN_DEPOSIT":null,"LOAN_EQUITY":null,"LOAN_ASSETS":null,"DEPOSIT_EQUITY":null,"DEPOSIT_ASSETS":null,"EQUITY_MULTIPLIER":-1.901216374997,"EQUITY_RATIO":-2.900067885886},{"SECUCODE":"00718.HK","SECURITY_CODE":"00718","SECURITY_NAME_ABBR":"太和控股","ORG_CODE":"10009080","STD_REPORT_DATE":"2023-12-31 00:00:00","REPORT_DATE":"2023-12-31 00:00:00","DATE_TYPE_CODE":"001","REPORT_TYPE":"2023年年报","PER_NETCASH_OPERATE":0.00064712494,"PER_OI":0.034175584637,"BPS":-0.166914563427,"BASIC_EPS":-0.20163395,"DILUTED_EPS":null,"OPERATE_INCOME":179422497.8,"OPERATE_INCOME_YOY":24.344489314,"GROSS_PROFIT":179422497.8,"GROSS_PROFIT_YOY":26.147148237522,"HOLDER_PROFIT":-1058451366.7,"HOLDER_PROFIT_YOY":19.7200475637,"GROSS_PROFIT_RATIO":null,"EPS_TTM":-0.201609021782,"OPERATE_INCOME_QOQ":17.347669342202,"NET_PROFIT_RATIO":-590.5636648316,"ROE_AVG":313.148659046976,"GROSS_PROFIT_QOQ":17.347669342202,"ROA":-37.876004432328,"HOLDER_PROFIT_QOQ":36.892340940966,"ROE_YEARLY":313.148659046976,"ROIC_YEARLY":-40.112949625834,"TOTAL_ASSETS":2317020577.34,"TOTAL_LIABILITIES":3193153167.12,"TAX_EBT":14.440999583641,"OCF_SALES":1.893529976261,"TOTAL_PARENT_EQUITY":-876304771.58,"DEBT_ASSET_RATIO":137.81289637,"OPERATE_PROFIT":-1081554539.38,"PRETAX_PROFIT":-1238448407.98,"NETCASH_OPERATE":3397418.78,"NETCASH_INVEST":-23890677.86,"NETCASH_FINANCE":-49842100,"END_CASH":108076703.42,"DIVI_RATIO":null,"DIVIDEND_RATE":null,"CURRENT_RATIO":0.063495639186,"COMMON_ACS":34566666668,"CURRENTDEBT_DEBT":95.11740278965,"ISSUED_COMMON_SHARES":5250019852,"HK_COMMON_SHARES":5250019852,"PER_SHARES":5000,"TOTAL_MARKET_CAP":162750615.412,"HKSK_MARKET_CAP":162750615.412,"PE_TTM":-0.214565926416,"PB_TTM":-0.133114093611,"REPORT_DATE_SQ":"2022-12-31 00:00:00","REPORT_TYPE_SQ":"2022年年报","OPERATE_INCOME_SQ":142232702.29,"DPS_HKD":null,"OPERATE_INCOME_QOQ_SQ":-53.283582678018,"NET_PROFIT_RATIO_SQ":-914.0415884241,"HOLDER_PROFIT_SQ":-1299609590.3,"HOLDER_PROFIT_QOQ_SQ":-138.141581168975,"ROE_AVG_SQ":-150.606378843535,"PE_TTM_SQ":-0.091067324118,"PB_TTM_SQ":-0.387820262756,"ROA_SQ":-35.085489666482,"START_DATE":"2023-01-01 00:00:00","FISCAL_YEAR":"12-31","CURRENCY":"HKD","IS_CNY_CODE":0,"DPS_HKD_LY":null,"ORG_TYPE":"一般企业","PREMIUM_INCOME":null,"PREMIUM_INCOME_YOY":null,"NET_INTEREST_INCOME":null,"NET_INTEREST_INCOME_YOY":null,"FEE_COMMISSION_INCOME":null,"FEE_COMMISSION_INCOME_YOY":null,"ACCOUNTS_RECE_TDAYS":5.541979818337,"INVENTORY_TDAYS":null,"CURRENT_ASSETS_TDAYS":0.704704854345,"TOTAL_ASSETS_TDAYS":0.064205191998,"PREMIUM_EXPENSE":null,"LOAN_DEPOSIT":null,"LOAN_EQUITY":null,"LOAN_ASSETS":null,"DEPOSIT_EQUITY":null,"DEPOSIT_ASSETS":null,"EQUITY_MULTIPLIER":-2.644600377117,"EQUITY_RATIO":-3.64388426342},{"SECUCODE":"00718.HK","SECURITY_CODE":"00718","SECURITY_NAME_ABBR":"太和控股","ORG_CODE":"10009080","STD_REPORT_DATE":"2023-06-30 00:00:00","REPORT_DATE":"2023-06-30 00:00:00","DATE_TYPE_CODE":"002","REPORT_TYPE":"2023年中报","PER_NETCASH_OPERATE":0.004570544904,"PER_OI":0.017484011377,"BPS":-0.076074828557,"BASIC_EPS":-0.116077282,"DILUTED_EPS":null,"OPERATE_INCOME":91791406.82,"OPERATE_INCOME_YOY":4.9502967437,"GROSS_PROFIT":91791406.82,"GROSS_PROFIT_YOY":13.146873316783,"HOLDER_PROFIT":-609620551.84,"HOLDER_PROFIT_YOY":-143.7165962654,"GROSS_PROFIT_RATIO":null,"EPS_TTM":-0.319468389081,"OPERATE_INCOME_QOQ":7.498639678696,"NET_PROFIT_RATIO":-663.6948944847,"ROE_AVG":623.296019607381,"GROSS_PROFIT_QOQ":7.498639678696,"ROA":-19.877008738774,"HOLDER_PROFIT_QOQ":-29.055325328342,"ROE_YEARLY":1246.59203921476,"ROIC_YEARLY":-42.396834895276,"TOTAL_ASSETS":2805009824.48,"TOTAL_LIABILITIES":3202661642.44,"TAX_EBT":14.520122637482,"OCF_SALES":26.141283058287,"TOTAL_PARENT_EQUITY":-399394360.16,"DEBT_ASSET_RATIO":114.1764857467,"OPERATE_PROFIT":-632966007.42,"PRETAX_PROFIT":-712699759.8,"NETCASH_OPERATE":23995451.48,"NETCASH_INVEST":1305523.68,"NETCASH_FINANCE":-25199557.36,"END_CASH":173649401.12,"DIVI_RATIO":null,"DIVIDEND_RATE":null,"CURRENT_RATIO":0.093160395692,"COMMON_ACS":34566666668,"CURRENTDEBT_DEBT":92.582962496812,"ISSUED_COMMON_SHARES":5250019852,"HK_COMMON_SHARES":5250019852,"PER_SHARES":5000,"TOTAL_MARKET_CAP":162750615.412,"HKSK_MARKET_CAP":162750615.412,"PE_TTM":-0.214565926416,"PB_TTM":-0.133114093611,"REPORT_DATE_SQ":"2022-06-30 00:00:00","REPORT_TYPE_SQ":"2022年中报","OPERATE_INCOME_SQ":81125888.97,"DPS_HKD":null,"OPERATE_INCOME_QOQ_SQ":20.097758675216,"NET_PROFIT_RATIO_SQ":-272.4199644064,"HOLDER_PROFIT_SQ":-232014757.38,"HOLDER_PROFIT_QOQ_SQ":-51.423827934595,"ROE_AVG_SQ":-17.693381758799,"PE_TTM_SQ":-0.091067324118,"PB_TTM_SQ":-0.387820262756,"ROA_SQ":-6.107154446051,"START_DATE":"2023-01-01 00:00:00","FISCAL_YEAR":"12-31","CURRENCY":"HKD","IS_CNY_CODE":0,"DPS_HKD_LY":null,"ORG_TYPE":"一般企业","PREMIUM_INCOME":null,"PREMIUM_INCOME_YOY":null,"NET_INTEREST_INCOME":null,"NET_INTEREST_INCOME_YOY":null,"FEE_COMMISSION_INCOME":null,"FEE_COMMISSION_INCOME_YOY":null,"ACCOUNTS_RECE_TDAYS":2.540353652624,"INVENTORY_TDAYS":null,"CURRENT_ASSETS_TDAYS":0.306945970985,"TOTAL_ASSETS_TDAYS":0.029929086052,"PREMIUM_EXPENSE":null,"LOAN_DEPOSIT":null,"LOAN_EQUITY":null,"LOAN_ASSETS":null,"DEPOSIT_EQUITY":null,"DEPOSIT_ASSETS":null,"EQUITY_MULTIPLIER":-7.053934366158,"EQUITY_RATIO":-8.018795360948},{"SECUCODE":"00718.HK","SECURITY_CODE":"00718","SECURITY_NAME_ABBR":"太和控股","ORG_CODE":"10009080","STD_REPORT_DATE":"2022-12-31 00:00:00","REPORT_DATE":"2022-12-31 00:00:00","DATE_TYPE_CODE":"001","REPORT_TYPE":"2022年年报","PER_NETCASH_OPERATE":0.004995997682,"PER_OI":0.02709184085,"BPS":0.037606865089,"BASIC_EPS":-0.247525117,"DILUTED_EPS":null,"OPERATE_INCOME":142232702.29,"OPERATE_INCOME_YOY":-48.6473847503,"GROSS_PROFIT":142232702.29,"GROSS_PROFIT_YOY":-43.89462986294,"HOLDER_PROFIT":-1299609590.3,"HOLDER_PROFIT_YOY":-230.0559662977,"GROSS_PROFIT_RATIO":null,"EPS_TTM":-0.247543747821,"OPERATE_INCOME_QOQ":-53.283582678018,"NET_PROFIT_RATIO":-914.0415884241,"ROE_AVG":-150.606378843535,"GROSS_PROFIT_QOQ":-53.283582678018,"ROA":-35.085489666482,"HOLDER_PROFIT_QOQ":-138.141581168975,"ROE_YEARLY":-150.606378843535,"ROIC_YEARLY":-37.250476547708,"TOTAL_ASSETS":3225255847.59,"TOTAL_LIABILITIES":3026442530.23,"TAX_EBT":9.38387427566,"OCF_SALES":18.440967926294,"TOTAL_PARENT_EQUITY":197436788.29,"DEBT_ASSET_RATIO":93.8357350004,"OPERATE_PROFIT":-1275557402.28,"PRETAX_PROFIT":-1434696132.59,"NETCASH_OPERATE":26229087.01,"NETCASH_INVEST":-2448453.07,"NETCASH_FINANCE":-41173494.11,"END_CASH":199146507.07,"DIVI_RATIO":null,"DIVIDEND_RATE":null,"CURRENT_RATIO":0.116168521891,"COMMON_ACS":34566666668,"CURRENTDEBT_DEBT":88.697566062356,"ISSUED_COMMON_SHARES":5250019852,"HK_COMMON_SHARES":5250019852,"PER_SHARES":5000,"TOTAL_MARKET_CAP":162750615.412,"HKSK_MARKET_CAP":162750615.412,"PE_TTM":-0.214565926416,"PB_TTM":-0.133114093611,"REPORT_DATE_SQ":"2021-12-31 00:00:00","REPORT_TYPE_SQ":"2021年年报","OPERATE_INCOME_SQ":253509961.6,"DPS_HKD":null,"OPERATE_INCOME_QOQ_SQ":838.205705959609,"NET_PROFIT_RATIO_SQ":-142.3493707791,"HOLDER_PROFIT_SQ":-360398897.6,"HOLDER_PROFIT_QOQ_SQ":-1809.1285832419,"ROE_AVG_SQ":-23.107973438472,"PE_TTM_SQ":-0.091067324118,"PB_TTM_SQ":-0.387820262756,"ROA_SQ":-12.28460363362,"START_DATE":"2022-01-01 00:00:00","FISCAL_YEAR":"12-31","CURRENCY":"HKD","IS_CNY_CODE":0,"DPS_HKD_LY":null,"ORG_TYPE":"一般企业","PREMIUM_INCOME":null,"PREMIUM_INCOME_YOY":null,"NET_INTEREST_INCOME":null,"NET_INTEREST_INCOME_YOY":null,"FEE_COMMISSION_INCOME":null,"FEE_COMMISSION_INCOME_YOY":null,"ACCOUNTS_RECE_TDAYS":5.749408727365,"INVENTORY_TDAYS":null,"CURRENT_ASSETS_TDAYS":0.429647098822,"TOTAL_ASSETS_TDAYS":0.038398485543,"PREMIUM_EXPENSE":null,"LOAN_DEPOSIT":null,"LOAN_EQUITY":null,"LOAN_ASSETS":null,"DEPOSIT_EQUITY":null,"DEPOSIT_ASSETS":null,"EQUITY_MULTIPLIER":16.222534236683,"EQUITY_RATIO":15.328665728621},{"SECUCODE":"00718.HK","SECURITY_CODE":"00718","SECURITY_NAME_ABBR":"太和控股","ORG_CODE":"10009080","STD_REPORT_DATE":"2022-06-30 00:00:00","REPORT_DATE":"2022-06-30 00:00:00","DATE_TYPE_CODE":"002","REPORT_TYPE":"2022年中报","PER_NETCASH_OPERATE":0.0023060722,"PER_OI":0.015452491849,"BPS":0.220832028027,"BASIC_EPS":-0.044213323,"DILUTED_EPS":null,"OPERATE_INCOME":81125888.97,"OPERATE_INCOME_YOY":140.636127418,"GROSS_PROFIT":81125888.97,"GROSS_PROFIT_YOY":134.572474520686,"HOLDER_PROFIT":-232014757.38,"HOLDER_PROFIT_YOY":-383.5611799305,"GROSS_PROFIT_RATIO":null,"EPS_TTM":-0.103948141524,"OPERATE_INCOME_QOQ":20.097758675216,"NET_PROFIT_RATIO":-272.4199644064,"ROE_AVG":-17.693381758799,"GROSS_PROFIT_QOQ":20.097758675216,"ROA":-6.107154446051,"HOLDER_PROFIT_QOQ":-51.423827934595,"ROE_YEARLY":-35.386763517598,"ROIC_YEARLY":-12.977485926013,"TOTAL_ASSETS":3593460489.36,"TOTAL_LIABILITIES":2432565720.06,"TAX_EBT":15.36232154173,"OCF_SALES":14.154452198604,"TOTAL_PARENT_EQUITY":1159372531.1,"DEBT_ASSET_RATIO":67.6942386667,"OPERATE_PROFIT":-197069128.41,"PRETAX_PROFIT":-275306185.56,"NETCASH_OPERATE":12106924.83,"NETCASH_INVEST":-3449836.46,"NETCASH_FINANCE":-3144533.63,"END_CASH":225071469.77,"DIVI_RATIO":null,"DIVIDEND_RATE":null,"CURRENT_RATIO":0.148362660863,"COMMON_ACS":34566666668,"CURRENTDEBT_DEBT":82.247086807614,"ISSUED_COMMON_SHARES":5250019852,"HK_COMMON_SHARES":5250019852,"PER_SHARES":5000,"TOTAL_MARKET_CAP":162750615.412,"HKSK_MARKET_CAP":162750615.412,"PE_TTM":-0.214565926416,"PB_TTM":-0.133114093611,"REPORT_DATE_SQ":"2021-06-30 00:00:00","REPORT_TYPE_SQ":"2021年中报","OPERATE_INCOME_SQ":34584573.12,"DPS_HKD":null,"OPERATE_INCOME_QOQ_SQ":71.189325277005,"NET_PROFIT_RATIO_SQ":-291.0286957423,"HOLDER_PROFIT_SQ":-46683848.4,"HOLDER_PROFIT_QOQ_SQ":16.251140673675,"ROE_AVG_SQ":-2.68826156131,"PE_TTM_SQ":-0.091067324118,"PB_TTM_SQ":-0.387820262756,"ROA_SQ":-1.461836885788,"START_DATE":"2022-01-01 00:00:00","FISCAL_YEAR":"12-31","CURRENCY":"HKD","IS_CNY_CODE":0,"DPS_HKD_LY":null,"ORG_TYPE":"一般企业","PREMIUM_INCOME":null,"PREMIUM_INCOME_YOY":null,"NET_INTEREST_INCOME":null,"NET_INTEREST_INCOME_YOY":null,"FEE_COMMISSION_INCOME":null,"FEE_COMMISSION_INCOME_YOY":null,"ACCOUNTS_RECE_TDAYS":3.126200794213,"INVENTORY_TDAYS":null,"CURRENT_ASSETS_TDAYS":0.270614034494,"TOTAL_ASSETS_TDAYS":0.022514591613,"PREMIUM_EXPENSE":null,"LOAN_DEPOSIT":null,"LOAN_EQUITY":null,"LOAN_ASSETS":null,"DEPOSIT_EQUITY":null,"DEPOSIT_ASSETS":null,"EQUITY_MULTIPLIER":3.095423103275,"EQUITY_RATIO":2.098174361395},{"SECUCODE":"00718.HK","SECURITY_CODE":"00718","SECURITY_NAME_ABBR":"太和控股","ORG_CODE":"10009080","STD_REPORT_DATE":"2021-12-31 00:00:00","REPORT_DATE":"2021-12-31 00:00:00","DATE_TYPE_CODE":"001","REPORT_TYPE":"2021年年报","PER_NETCASH_OPERATE":-0.014407147655,"PER_OI":0.048287429142,"BPS":0.266461217488,"BASIC_EPS":-0.0686784,"DILUTED_EPS":null,"OPERATE_INCOME":253509961.6,"OPERATE_INCOME_YOY":1553.3326223739,"GROSS_PROFIT":253509961.6,"GROSS_PROFIT_YOY":1506.10801774262,"HOLDER_PROFIT":-360398897.6,"HOLDER_PROFIT_YOY":-1545.8852960944,"GROSS_PROFIT_RATIO":null,"EPS_TTM":-0.068647149489,"OPERATE_INCOME_QOQ":838.205705959609,"NET_PROFIT_RATIO":-142.3493707791,"ROE_AVG":-23.107973438472,"GROSS_PROFIT_QOQ":838.205705959609,"ROA":-12.28460363362,"HOLDER_PROFIT_QOQ":-1809.1285832419,"ROE_YEARLY":-23.107973438472,"ROIC_YEARLY":-13.733260679315,"TOTAL_ASSETS":3828643380.8,"TOTAL_LIABILITIES":2427939236.8,"TAX_EBT":6.111973793368,"OCF_SALES":-29.836228415886,"TOTAL_PARENT_EQUITY":1398926681.6,"DEBT_ASSET_RATIO":63.4151315575,"OPERATE_PROFIT":-277608721.6,"PRETAX_PROFIT":-384361936,"NETCASH_OPERATE":-75637811.2,"NETCASH_INVEST":17933238.4,"NETCASH_FINANCE":-154241057.6,"END_CASH":208777430.4,"DIVI_RATIO":null,"DIVIDEND_RATE":null,"CURRENT_RATIO":0.163893648175,"COMMON_ACS":34566666668,"CURRENTDEBT_DEBT":80.563195023695,"ISSUED_COMMON_SHARES":5250019852,"HK_COMMON_SHARES":5250019852,"PER_SHARES":5000,"TOTAL_MARKET_CAP":162750615.412,"HKSK_MARKET_CAP":162750615.412,"PE_TTM":-0.214565926416,"PB_TTM":-0.133114093611,"REPORT_DATE_SQ":"2020-12-31 00:00:00","REPORT_TYPE_SQ":"2020年年报","OPERATE_INCOME_SQ":15784116.56,"DPS_HKD":null,"OPERATE_INCOME_QOQ_SQ":13.085966362469,"NET_PROFIT_RATIO_SQ":-145.217020369,"HOLDER_PROFIT_SQ":-22540802.48,"HOLDER_PROFIT_QOQ_SQ":91.552584026943,"ROE_AVG_SQ":-1.284409521473,"PE_TTM_SQ":-0.091067324118,"PB_TTM_SQ":-0.387820262756,"ROA_SQ":-1.04291175729,"START_DATE":"2021-01-01 00:00:00","FISCAL_YEAR":"12-31","CURRENCY":"HKD","IS_CNY_CODE":0,"DPS_HKD_LY":null,"ORG_TYPE":"一般企业","PREMIUM_INCOME":null,"PREMIUM_INCOME_YOY":null,"NET_INTEREST_INCOME":null,"NET_INTEREST_INCOME_YOY":null,"FEE_COMMISSION_INCOME":null,"FEE_COMMISSION_INCOME_YOY":null,"ACCOUNTS_RECE_TDAYS":21.149756147471,"INVENTORY_TDAYS":null,"CURRENT_ASSETS_TDAYS":0.332039724915,"TOTAL_ASSETS_TDAYS":0.08641173478,"PREMIUM_EXPENSE":null,"LOAN_DEPOSIT":null,"LOAN_EQUITY":null,"LOAN_ASSETS":null,"DEPOSIT_EQUITY":null,"DEPOSIT_ASSETS":null,"EQUITY_MULTIPLIER":2.733370495979,"EQUITY_RATIO":1.735572899377},{"SECUCODE":"00718.HK","SECURITY_CODE":"00718","SECURITY_NAME_ABBR":"太和控股","ORG_CODE":"10009080","STD_REPORT_DATE":"2021-06-30 00:00:00","REPORT_DATE":"2021-06-30 00:00:00","DATE_TYPE_CODE":"002","REPORT_TYPE":"2021年中报","PER_NETCASH_OPERATE":-0.021240782447,"PER_OI":0.006587512828,"BPS":0.328067616564,"BASIC_EPS":-0.008903256,"DILUTED_EPS":null,"OPERATE_INCOME":34584573.12,"OPERATE_INCOME_YOY":265.298013245,"GROSS_PROFIT":34584573.12,"GROSS_PROFIT_YOY":616.403010533088,"HOLDER_PROFIT":-46683848.4,"HOLDER_PROFIT_YOY":-1.7907035814,"GROSS_PROFIT_RATIO":null,"EPS_TTM":-0.00359573211,"OPERATE_INCOME_QOQ":71.189325277005,"NET_PROFIT_RATIO":-291.0286957423,"ROE_AVG":-2.68826156131,"GROSS_PROFIT_QOQ":71.189325277005,"ROA":-1.461836885788,"HOLDER_PROFIT_QOQ":16.251140673675,"ROE_YEARLY":-5.376523122619,"ROIC_YEARLY":-3.491460297591,"TOTAL_ASSETS":4312057397.04,"TOTAL_LIABILITIES":2587472579.52,"TAX_EBT":-19.837901247734,"OCF_SALES":-694.183155495701,"TOTAL_PARENT_EQUITY":1722361499.76,"DEBT_ASSET_RATIO":60.0055226838,"OPERATE_PROFIT":-19890872.4,"PRETAX_PROFIT":-39012070.8,"NETCASH_OPERATE":-111514529.52,"NETCASH_INVEST":342107195.76,"NETCASH_FINANCE":-21975232.8,"END_CASH":620830697.52,"DIVI_RATIO":null,"DIVIDEND_RATE":null,"CURRENT_RATIO":0.399715627459,"COMMON_ACS":34566666668,"CURRENTDEBT_DEBT":83.659640782032,"ISSUED_COMMON_SHARES":5250019852,"HK_COMMON_SHARES":5250019852,"PER_SHARES":5000,"TOTAL_MARKET_CAP":162750615.412,"HKSK_MARKET_CAP":162750615.412,"PE_TTM":-0.214565926416,"PB_TTM":-0.133114093611,"REPORT_DATE_SQ":"2020-06-30 00:00:00","REPORT_TYPE_SQ":"2020年中报","OPERATE_INCOME_SQ":4827530.4,"DPS_HKD":null,"OPERATE_INCOME_QOQ_SQ":-39.902288252407,"NET_PROFIT_RATIO_SQ":-1047.2090823084,"HOLDER_PROFIT_SQ":-50346985.92,"HOLDER_PROFIT_QOQ_SQ":-20.874010254412,"ROE_AVG_SQ":-2.732894494148,"PE_TTM_SQ":-0.091067324118,"PB_TTM_SQ":-0.387820262756,"ROA_SQ":-2.152434356083,"START_DATE":"2021-01-01 00:00:00","FISCAL_YEAR":"12-31","CURRENCY":"HKD","IS_CNY_CODE":0,"DPS_HKD_LY":null,"ORG_TYPE":"一般企业","PREMIUM_INCOME":null,"PREMIUM_INCOME_YOY":null,"NET_INTEREST_INCOME":null,"NET_INTEREST_INCOME_YOY":null,"FEE_COMMISSION_INCOME":null,"FEE_COMMISSION_INCOME_YOY":null,"ACCOUNTS_RECE_TDAYS":7.751585229392,"INVENTORY_TDAYS":null,"CURRENT_ASSETS_TDAYS":0.015350169276,"TOTAL_ASSETS_TDAYS":0.005030250943,"PREMIUM_EXPENSE":null,"LOAN_DEPOSIT":null,"LOAN_EQUITY":null,"LOAN_ASSETS":null,"DEPOSIT_EQUITY":null,"DEPOSIT_ASSETS":null,"EQUITY_MULTIPLIER":2.5003452154,"EQUITY_RATIO":1.502281942485},{"SECUCODE":"00718.HK","SECURITY_CODE":"00718","SECURITY_NAME_ABBR":"太和控股","ORG_CODE":"10009080","STD_REPORT_DATE":"2020-12-31 00:00:00","REPORT_DATE":"2020-12-31 00:00:00","DATE_TYPE_CODE":"001","REPORT_TYPE":"2020年年报","PER_NETCASH_OPERATE":-0.01221784129,"PER_OI":0.003006487024,"BPS":0.337316173379,"BASIC_EPS":-0.004292364,"DILUTED_EPS":null,"OPERATE_INCOME":15784116.56,"OPERATE_INCOME_YOY":-27.6661395456,"GROSS_PROFIT":15784116.56,"GROSS_PROFIT_YOY":-32.037921908503,"HOLDER_PROFIT":-22540802.48,"HOLDER_PROFIT_YOY":89.1324460315,"GROSS_PROFIT_RATIO":null,"EPS_TTM":-0.004293469952,"OPERATE_INCOME_QOQ":13.085966362469,"NET_PROFIT_RATIO":-145.217020369,"ROE_AVG":-1.284409521473,"GROSS_PROFIT_QOQ":13.085966362469,"ROA":-1.04291175729,"HOLDER_PROFIT_QOQ":91.552584026943,"ROE_YEARLY":-1.284409521473,"ROIC_YEARLY":-1.314929621168,"TOTAL_ASSETS":2098794301.44,"TOTAL_LIABILITIES":325670073.08,"TAX_EBT":25.535230908047,"OCF_SALES":-406.382638370481,"TOTAL_PARENT_EQUITY":1770916606.64,"DEBT_ASSET_RATIO":15.5170076866,"OPERATE_PROFIT":-23318477.84,"PRETAX_PROFIT":-30781299.72,"NETCASH_OPERATE":-64143909.32,"NETCASH_INVEST":138086191.52,"NETCASH_FINANCE":-148382815.28,"END_CASH":418178933.68,"DIVI_RATIO":null,"DIVIDEND_RATE":null,"CURRENT_RATIO":3.852487265379,"COMMON_ACS":34566666668,"CURRENTDEBT_DEBT":98.982806430855,"ISSUED_COMMON_SHARES":5250019852,"HK_COMMON_SHARES":5250019852,"PER_SHARES":5000,"TOTAL_MARKET_CAP":162750615.412,"HKSK_MARKET_CAP":162750615.412,"PE_TTM":-0.214565926416,"PB_TTM":-0.133114093611,"REPORT_DATE_SQ":"2019-12-31 00:00:00","REPORT_TYPE_SQ":"2019年年报","OPERATE_INCOME_SQ":23224888.06,"DPS_HKD":null,"OPERATE_INCOME_QOQ_SQ":-90.729366718142,"NET_PROFIT_RATIO_SQ":-951.7877116519,"HOLDER_PROFIT_SQ":-220756023.2,"HOLDER_PROFIT_QOQ_SQ":46.310639824722,"ROE_AVG_SQ":-9.066719154842,"PE_TTM_SQ":-0.091067324118,"PB_TTM_SQ":-0.387820262756,"ROA_SQ":-7.026007832556,"START_DATE":"2020-01-01 00:00:00","FISCAL_YEAR":"12-31","CURRENCY":"HKD","IS_CNY_CODE":0,"DPS_HKD_LY":null,"ORG_TYPE":"一般企业","PREMIUM_INCOME":null,"PREMIUM_INCOME_YOY":null,"NET_INTEREST_INCOME":null,"NET_INTEREST_INCOME_YOY":null,"FEE_COMMISSION_INCOME":null,"FEE_COMMISSION_INCOME_YOY":null,"ACCOUNTS_RECE_TDAYS":4.720956576463,"INVENTORY_TDAYS":null,"CURRENT_ASSETS_TDAYS":0.012046505653,"TOTAL_ASSETS_TDAYS":0.007302952392,"PREMIUM_EXPENSE":null,"LOAN_DEPOSIT":null,"LOAN_EQUITY":null,"LOAN_ASSETS":null,"DEPOSIT_EQUITY":null,"DEPOSIT_ASSETS":null,"EQUITY_MULTIPLIER":1.183670195168,"EQUITY_RATIO":0.18389915813},{"SECUCODE":"00718.HK","SECURITY_CODE":"00718","SECURITY_NAME_ABBR":"太和控股","ORG_CODE":"10009080","STD_REPORT_DATE":"2020-06-30 00:00:00","REPORT_DATE":"2020-06-30 00:00:00","DATE_TYPE_CODE":"002","REPORT_TYPE":"2020年中报","PER_NETCASH_OPERATE":-0.00979899929,"PER_OI":0.000919526123,"BPS":0.342317218133,"BASIC_EPS":-0.00959112,"DILUTED_EPS":null,"OPERATE_INCOME":4827530.4,"OPERATE_INCOME_YOY":-67.0161642639,"GROSS_PROFIT":4827530.4,"GROSS_PROFIT_YOY":-65.749545375702,"HOLDER_PROFIT":-50346985.92,"HOLDER_PROFIT_YOY":-1036.4536082474,"GROSS_PROFIT_RATIO":null,"EPS_TTM":-0.050825837929,"OPERATE_INCOME_QOQ":-39.902288252407,"NET_PROFIT_RATIO":-1047.2090823084,"ROE_AVG":-2.732894494148,"GROSS_PROFIT_QOQ":-39.902288252407,"ROA":-2.152434356083,"HOLDER_PROFIT_QOQ":-20.874010254412,"ROE_YEARLY":-5.465788988297,"ROIC_YEARLY":-5.319089391351,"TOTAL_ASSETS":2264552949.12,"TOTAL_LIABILITIES":464770146.72,"TAX_EBT":19.279796978006,"OCF_SALES":-1065.65752128666,"TOTAL_PARENT_EQUITY":1797172190.88,"DEBT_ASSET_RATIO":20.5237041113,"OPERATE_PROFIT":-58276558.56,"PRETAX_PROFIT":-62629100.16,"NETCASH_OPERATE":-51444940.8,"NETCASH_INVEST":-78315605.28,"NETCASH_FINANCE":-4438404.96,"END_CASH":375136106.4,"DIVI_RATIO":null,"DIVIDEND_RATE":null,"CURRENT_RATIO":3.192150580211,"COMMON_ACS":34566666668,"CURRENTDEBT_DEBT":97.28367789345,"ISSUED_COMMON_SHARES":5250019852,"HK_COMMON_SHARES":5250019852,"PER_SHARES":5000,"TOTAL_MARKET_CAP":162750615.412,"HKSK_MARKET_CAP":162750615.412,"PE_TTM":-0.214565926416,"PB_TTM":-0.133114093611,"REPORT_DATE_SQ":"2019-06-30 00:00:00","REPORT_TYPE_SQ":"2019年中报","OPERATE_INCOME_SQ":14094792.18,"DPS_HKD":null,"OPERATE_INCOME_QOQ_SQ":-93.073493747449,"NET_PROFIT_RATIO_SQ":-29.8009111902,"HOLDER_PROFIT_SQ":-4266351,"HOLDER_PROFIT_QOQ_SQ":15.178654564317,"ROE_AVG_SQ":-0.170718172633,"PE_TTM_SQ":-0.091067324118,"PB_TTM_SQ":-0.387820262756,"ROA_SQ":-0.127112225156,"START_DATE":"2020-01-01 00:00:00","FISCAL_YEAR":"12-31","CURRENCY":"HKD","IS_CNY_CODE":0,"DPS_HKD_LY":null,"ORG_TYPE":"一般企业","PREMIUM_INCOME":null,"PREMIUM_INCOME_YOY":null,"NET_INTEREST_INCOME":null,"NET_INTEREST_INCOME_YOY":null,"FEE_COMMISSION_INCOME":null,"FEE_COMMISSION_INCOME_YOY":null,"ACCOUNTS_RECE_TDAYS":1.302205248244,"INVENTORY_TDAYS":null,"CURRENT_ASSETS_TDAYS":0.003284501874,"TOTAL_ASSETS_TDAYS":0.00206386581,"PREMIUM_EXPENSE":null,"LOAN_DEPOSIT":null,"LOAN_EQUITY":null,"LOAN_ASSETS":null,"DEPOSIT_EQUITY":null,"DEPOSIT_ASSETS":null,"EQUITY_MULTIPLIER":1.258236797297,"EQUITY_RATIO":0.2586119177}],"count":46},"success":true,"message":"ok","code":0}