{"version":"e72317b56c055de1fce9fbe514591c37","result":{"pages":6,"data":[{"SECUCODE":"00711.HK","SECURITY_CODE":"00711","SECURITY_NAME_ABBR":"亚洲联合基建控股","ORG_CODE":"10009075","STD_REPORT_DATE":"2024-06-30 00:00:00","REPORT_DATE":"2024-09-30 00:00:00","DATE_TYPE_CODE":"002","REPORT_TYPE":"2024年中报","PER_NETCASH_OPERATE":0.132998220408,"PER_OI":2.246919170435,"BPS":1.062927926555,"BASIC_EPS":-0.134276531,"DILUTED_EPS":-0.134276531,"OPERATE_INCOME":4012529935.43,"OPERATE_INCOME_YOY":17.4270652583,"GROSS_PROFIT":49667887.83,"GROSS_PROFIT_YOY":-78.67449329329,"HOLDER_PROFIT":-238152819.31,"HOLDER_PROFIT_YOY":-486.4849043626,"GROSS_PROFIT_RATIO":1.237819745379,"EPS_TTM":0.036598227173,"OPERATE_INCOME_QOQ":0,"NET_PROFIT_RATIO":-5.6055971918,"ROE_AVG":-11.340799420096,"GROSS_PROFIT_QOQ":0,"ROA":-2.947812723383,"HOLDER_PROFIT_QOQ":0,"ROE_YEARLY":-22.681598840193,"ROIC_YEARLY":-6.791198589758,"TOTAL_ASSETS":8073469761.64,"TOTAL_LIABILITIES":6023106812.03,"TAX_EBT":-2.098692154977,"OCF_SALES":5.919136841145,"TOTAL_PARENT_EQUITY":1981554569.03,"DEBT_ASSET_RATIO":74.603695683,"OPERATE_PROFIT":-128851362.36,"PRETAX_PROFIT":-220302788.05,"NETCASH_OPERATE":237507137.67,"NETCASH_INVEST":12832471.7,"NETCASH_FINANCE":28244062.8,"END_CASH":1138517991.11,"DIVI_RATIO":null,"DIVIDEND_RATE":null,"CURRENT_RATIO":1.559067777077,"COMMON_ACS":5000000000,"CURRENTDEBT_DEBT":73.403925134941,"ISSUED_COMMON_SHARES":1864241704,"HK_COMMON_SHARES":1864241704,"PER_SHARES":2000,"TOTAL_MARKET_CAP":838908766.8,"HKSK_MARKET_CAP":838908766.8,"PE_TTM":-3.222531621121,"PB_TTM":0.381780824327,"REPORT_DATE_SQ":"2023-06-30 00:00:00","REPORT_TYPE_SQ":"2023年中报","OPERATE_INCOME_SQ":3477060655.25,"DPS_HKD":null,"OPERATE_INCOME_QOQ_SQ":0,"NET_PROFIT_RATIO_SQ":1.9800616229,"HOLDER_PROFIT_SQ":62702575.53,"HOLDER_PROFIT_QOQ_SQ":0,"ROE_AVG_SQ":2.778843037317,"PE_TTM_SQ":6.446258131296,"PB_TTM_SQ":0.346107888985,"ROA_SQ":0.817787852204,"START_DATE":"2024-04-01 00:00:00","FISCAL_YEAR":"3-31","CURRENCY":"HKD","IS_CNY_CODE":0,"DPS_HKD_LY":null,"ORG_TYPE":"一般企业","PREMIUM_INCOME":null,"PREMIUM_INCOME_YOY":null,"NET_INTEREST_INCOME":null,"NET_INTEREST_INCOME_YOY":null,"FEE_COMMISSION_INCOME":null,"FEE_COMMISSION_INCOME_YOY":null,"ACCOUNTS_RECE_TDAYS":4.242212787703,"INVENTORY_TDAYS":96.539724733356,"CURRENT_ASSETS_TDAYS":0.580077468955,"TOTAL_ASSETS_TDAYS":0.496663731754,"PREMIUM_EXPENSE":null,"LOAN_DEPOSIT":null,"LOAN_EQUITY":null,"LOAN_ASSETS":null,"DEPOSIT_EQUITY":null,"DEPOSIT_ASSETS":null,"EQUITY_MULTIPLIER":3.937580789385,"EQUITY_RATIO":3.03958664887},{"SECUCODE":"00711.HK","SECURITY_CODE":"00711","SECURITY_NAME_ABBR":"亚洲联合基建控股","ORG_CODE":"10009075","STD_REPORT_DATE":"2023-12-31 00:00:00","REPORT_DATE":"2024-03-31 00:00:00","DATE_TYPE_CODE":"001","REPORT_TYPE":"2023年年报","PER_NETCASH_OPERATE":-0.319312348893,"PER_OI":4.456632431557,"BPS":1.196242360722,"BASIC_EPS":0.03662462,"DILUTED_EPS":0.03662462,"OPERATE_INCOME":7958617861.35,"OPERATE_INCOME_YOY":7.3525009575,"GROSS_PROFIT":522157388.65,"GROSS_PROFIT_YOY":15.195031926927,"HOLDER_PROFIT":65356815.7,"HOLDER_PROFIT_YOY":-31.3985022504,"GROSS_PROFIT_RATIO":6.560905395217,"EPS_TTM":0.066142912078,"OPERATE_INCOME_QOQ":0,"NET_PROFIT_RATIO":0.9774898488,"ROE_AVG":2.94227178202,"GROSS_PROFIT_QOQ":0,"ROA":0.819721153363,"HOLDER_PROFIT_QOQ":0,"ROE_YEARLY":2.94227178202,"ROIC_YEARLY":0.955035669113,"TOTAL_ASSETS":8127137347.4,"TOTAL_LIABILITIES":5833050020.45,"TAX_EBT":12.252034848051,"OCF_SALES":-7.164879621488,"TOTAL_PARENT_EQUITY":2230084896.95,"DEBT_ASSET_RATIO":71.7725045254,"OPERATE_PROFIT":259586966.3,"PRETAX_PROFIT":88656963.8,"NETCASH_OPERATE":-570225389.3,"NETCASH_INVEST":85819462.3,"NETCASH_FINANCE":68119073.55,"END_CASH":864334686.15,"DIVI_RATIO":null,"DIVIDEND_RATE":null,"CURRENT_RATIO":1.421838028224,"COMMON_ACS":5000000000,"CURRENTDEBT_DEBT":84.138526117446,"ISSUED_COMMON_SHARES":1864241704,"HK_COMMON_SHARES":1864241704,"PER_SHARES":2000,"TOTAL_MARKET_CAP":829587558.28,"HKSK_MARKET_CAP":829587558.28,"PE_TTM":-3.18672571422,"PB_TTM":0.377538815167,"REPORT_DATE_SQ":"2022-12-31 00:00:00","REPORT_TYPE_SQ":"2022年年报","OPERATE_INCOME_SQ":7158882376.68,"DPS_HKD":null,"OPERATE_INCOME_QOQ_SQ":0,"NET_PROFIT_RATIO_SQ":1.577964985,"HOLDER_PROFIT_SQ":91997712.31,"HOLDER_PROFIT_QOQ_SQ":0,"ROE_AVG_SQ":4.362377313197,"PE_TTM_SQ":6.446258131296,"PB_TTM_SQ":0.346107888985,"ROA_SQ":1.229921652782,"START_DATE":"2023-04-01 00:00:00","FISCAL_YEAR":"3-31","CURRENCY":"HKD","IS_CNY_CODE":0,"DPS_HKD_LY":0.0218,"ORG_TYPE":"一般企业","PREMIUM_INCOME":null,"PREMIUM_INCOME_YOY":null,"NET_INTEREST_INCOME":null,"NET_INTEREST_INCOME_YOY":null,"FEE_COMMISSION_INCOME":null,"FEE_COMMISSION_INCOME_YOY":null,"ACCOUNTS_RECE_TDAYS":10.081657940884,"INVENTORY_TDAYS":182.962540008253,"CURRENT_ASSETS_TDAYS":1.159770839026,"TOTAL_ASSETS_TDAYS":0.998189300168,"PREMIUM_EXPENSE":null,"LOAN_DEPOSIT":null,"LOAN_EQUITY":null,"LOAN_ASSETS":null,"DEPOSIT_EQUITY":null,"DEPOSIT_ASSETS":null,"EQUITY_MULTIPLIER":3.542645152135,"EQUITY_RATIO":2.615617920388},{"SECUCODE":"00711.HK","SECURITY_CODE":"00711","SECURITY_NAME_ABBR":"亚洲联合基建控股","ORG_CODE":"10009075","STD_REPORT_DATE":"2023-06-30 00:00:00","REPORT_DATE":"2023-09-30 00:00:00","DATE_TYPE_CODE":"002","REPORT_TYPE":"2023年中报","PER_NETCASH_OPERATE":-0.187611501355,"PER_OI":1.940802894572,"BPS":1.219417439467,"BASIC_EPS":0.035145229,"DILUTED_EPS":0.035145229,"OPERATE_INCOME":3477060655.25,"OPERATE_INCOME_YOY":-8.8867066097,"GROSS_PROFIT":232903670.3,"GROSS_PROFIT_YOY":-3.989222667972,"HOLDER_PROFIT":62702575.53,"HOLDER_PROFIT_YOY":69.0942835932,"GROSS_PROFIT_RATIO":6.698291844531,"EPS_TTM":0.051217058902,"OPERATE_INCOME_QOQ":0,"NET_PROFIT_RATIO":1.9800616229,"ROE_AVG":2.778843037317,"GROSS_PROFIT_QOQ":0,"ROA":0.817787852204,"HOLDER_PROFIT_QOQ":0,"ROE_YEARLY":5.557686074634,"ROIC_YEARLY":1.929242747305,"TOTAL_ASSETS":7420143376.52,"TOTAL_LIABILITIES":5100148999.54,"TAX_EBT":19.027833238002,"OCF_SALES":-9.666695256883,"TOTAL_PARENT_EQUITY":2273288845.24,"DEBT_ASSET_RATIO":68.7338335763,"OPERATE_PROFIT":164598963.62,"PRETAX_PROFIT":85026678.17,"NETCASH_OPERATE":-336116857.44,"NETCASH_INVEST":108847435.34,"NETCASH_FINANCE":-122813763.94,"END_CASH":940261508.69,"DIVI_RATIO":null,"DIVIDEND_RATE":null,"CURRENT_RATIO":2.020064497935,"COMMON_ACS":5000000000,"CURRENTDEBT_DEBT":61.566046378904,"ISSUED_COMMON_SHARES":1864241704,"HK_COMMON_SHARES":1864241704,"PER_SHARES":2000,"TOTAL_MARKET_CAP":829587558.28,"HKSK_MARKET_CAP":829587558.28,"PE_TTM":-3.18672571422,"PB_TTM":0.377538815167,"REPORT_DATE_SQ":"2022-06-30 00:00:00","REPORT_TYPE_SQ":"2022年中报","OPERATE_INCOME_SQ":3761340754.44,"DPS_HKD":null,"OPERATE_INCOME_QOQ_SQ":0,"NET_PROFIT_RATIO_SQ":1.140029783,"HOLDER_PROFIT_SQ":36548420.4,"HOLDER_PROFIT_QOQ_SQ":0,"ROE_AVG_SQ":1.702767428979,"PE_TTM_SQ":6.446258131296,"PB_TTM_SQ":0.346107888985,"ROA_SQ":0.481177230279,"START_DATE":"2023-04-01 00:00:00","FISCAL_YEAR":"3-31","CURRENCY":"HKD","IS_CNY_CODE":0,"DPS_HKD_LY":0.0218,"ORG_TYPE":"一般企业","PREMIUM_INCOME":null,"PREMIUM_INCOME_YOY":null,"NET_INTEREST_INCOME":null,"NET_INTEREST_INCOME_YOY":null,"FEE_COMMISSION_INCOME":null,"FEE_COMMISSION_INCOME_YOY":null,"ACCOUNTS_RECE_TDAYS":4.626581652525,"INVENTORY_TDAYS":79.155574462369,"CURRENT_ASSETS_TDAYS":0.527959854054,"TOTAL_ASSETS_TDAYS":0.45348981939,"PREMIUM_EXPENSE":null,"LOAN_DEPOSIT":null,"LOAN_EQUITY":null,"LOAN_ASSETS":null,"DEPOSIT_EQUITY":null,"DEPOSIT_ASSETS":null,"EQUITY_MULTIPLIER":3.198345414173,"EQUITY_RATIO":2.243511206338},{"SECUCODE":"00711.HK","SECURITY_CODE":"00711","SECURITY_NAME_ABBR":"亚洲联合基建控股","ORG_CODE":"10009075","STD_REPORT_DATE":"2022-12-31 00:00:00","REPORT_DATE":"2023-03-31 00:00:00","DATE_TYPE_CODE":"001","REPORT_TYPE":"2022年年报","PER_NETCASH_OPERATE":0.033842705724,"PER_OI":3.985500195109,"BPS":1.146055197991,"BASIC_EPS":0.051474108,"DILUTED_EPS":0.051474108,"OPERATE_INCOME":7158882376.68,"OPERATE_INCOME_YOY":5.901064793,"GROSS_PROFIT":453281170.13,"GROSS_PROFIT_YOY":24.132866127325,"HOLDER_PROFIT":91997712.31,"HOLDER_PROFIT_YOY":-13.8591299929,"GROSS_PROFIT_RATIO":6.331730936194,"EPS_TTM":0.049375815616,"OPERATE_INCOME_QOQ":0,"NET_PROFIT_RATIO":1.577964985,"ROE_AVG":4.362377313197,"GROSS_PROFIT_QOQ":0,"ROA":1.229921652782,"HOLDER_PROFIT_QOQ":0,"ROE_YEARLY":4.362377313197,"ROIC_YEARLY":1.485955387827,"TOTAL_ASSETS":7550390240.16,"TOTAL_LIABILITIES":5371763501.03,"TAX_EBT":9.642046886816,"OCF_SALES":0.849145755042,"TOTAL_PARENT_EQUITY":2136523895.18,"DEBT_ASSET_RATIO":71.145508115,"OPERATE_PROFIT":218611762.25,"PRETAX_PROFIT":125019052.92,"NETCASH_OPERATE":60789345.81,"NETCASH_INVEST":220399349.47,"NETCASH_FINANCE":-290185283.85,"END_CASH":1247690358.24,"DIVI_RATIO":null,"DIVIDEND_RATE":null,"CURRENT_RATIO":1.481960454051,"COMMON_ACS":5000000000,"CURRENTDEBT_DEBT":81.833758319165,"ISSUED_COMMON_SHARES":1864241704,"HK_COMMON_SHARES":1864241704,"PER_SHARES":2000,"TOTAL_MARKET_CAP":829587558.28,"HKSK_MARKET_CAP":829587558.28,"PE_TTM":-3.18672571422,"PB_TTM":0.377538815167,"REPORT_DATE_SQ":"2021-12-31 00:00:00","REPORT_TYPE_SQ":"2021年年报","OPERATE_INCOME_SQ":6262671124.64,"DPS_HKD":null,"OPERATE_INCOME_QOQ_SQ":0,"NET_PROFIT_RATIO_SQ":1.3977610131,"HOLDER_PROFIT_SQ":98942408.99,"HOLDER_PROFIT_QOQ_SQ":0,"ROE_AVG_SQ":5.229870780408,"PE_TTM_SQ":6.446258131296,"PB_TTM_SQ":0.346107888985,"ROA_SQ":1.432029455914,"START_DATE":"2022-04-01 00:00:00","FISCAL_YEAR":"3-31","CURRENCY":"HKD","IS_CNY_CODE":0,"DPS_HKD_LY":0.0177,"ORG_TYPE":"一般企业","PREMIUM_INCOME":null,"PREMIUM_INCOME_YOY":null,"NET_INTEREST_INCOME":null,"NET_INTEREST_INCOME_YOY":null,"FEE_COMMISSION_INCOME":null,"FEE_COMMISSION_INCOME_YOY":null,"ACCOUNTS_RECE_TDAYS":10.95811854375,"INVENTORY_TDAYS":168.463585480377,"CURRENT_ASSETS_TDAYS":1.123221219728,"TOTAL_ASSETS_TDAYS":0.957074281926,"PREMIUM_EXPENSE":null,"LOAN_DEPOSIT":null,"LOAN_EQUITY":null,"LOAN_ASSETS":null,"DEPOSIT_EQUITY":null,"DEPOSIT_ASSETS":null,"EQUITY_MULTIPLIER":3.465664909247,"EQUITY_RATIO":2.514253883679},{"SECUCODE":"00711.HK","SECURITY_CODE":"00711","SECURITY_NAME_ABBR":"亚洲联合基建控股","ORG_CODE":"10009075","STD_REPORT_DATE":"2022-06-30 00:00:00","REPORT_DATE":"2022-09-30 00:00:00","DATE_TYPE_CODE":"002","REPORT_TYPE":"2022年中报","PER_NETCASH_OPERATE":-0.081465999081,"PER_OI":2.088566440481,"BPS":1.149289405833,"BASIC_EPS":0.020440344,"DILUTED_EPS":0.020440344,"OPERATE_INCOME":3761340754.44,"OPERATE_INCOME_YOY":8.8701072274,"GROSS_PROFIT":242580756.84,"GROSS_PROFIT_YOY":-0.183931209603,"HOLDER_PROFIT":36548420.4,"HOLDER_PROFIT_YOY":-28.0115438059,"GROSS_PROFIT_RATIO":6.449316152855,"EPS_TTM":0.05491065853,"OPERATE_INCOME_QOQ":0,"NET_PROFIT_RATIO":1.140029783,"ROE_AVG":1.702767428979,"GROSS_PROFIT_QOQ":0,"ROA":0.481177230279,"HOLDER_PROFIT_QOQ":0,"ROE_YEARLY":3.405534857958,"ROIC_YEARLY":1.14002181868,"TOTAL_ASSETS":7535998483.44,"TOTAL_LIABILITIES":5348040546.24,"TAX_EBT":13.382417421807,"OCF_SALES":-3.900570147143,"TOTAL_PARENT_EQUITY":2142553240.32,"DEBT_ASSET_RATIO":70.9665820394,"OPERATE_PROFIT":78146329.32,"PRETAX_PROFIT":49505427.84,"NETCASH_OPERATE":-146713734.6,"NETCASH_INVEST":40698895.56,"NETCASH_FINANCE":-189703576.68,"END_CASH":986867948.28,"DIVI_RATIO":null,"DIVIDEND_RATE":null,"CURRENT_RATIO":1.336261521308,"COMMON_ACS":5000000000,"CURRENTDEBT_DEBT":89.625417885994,"ISSUED_COMMON_SHARES":1864241704,"HK_COMMON_SHARES":1864241704,"PER_SHARES":2000,"TOTAL_MARKET_CAP":829587558.28,"HKSK_MARKET_CAP":829587558.28,"PE_TTM":-3.18672571422,"PB_TTM":0.377538815167,"REPORT_DATE_SQ":"2021-06-30 00:00:00","REPORT_TYPE_SQ":"2021年中报","OPERATE_INCOME_SQ":3182222555.2,"DPS_HKD":null,"OPERATE_INCOME_QOQ_SQ":0,"NET_PROFIT_RATIO_SQ":1.3112316488,"HOLDER_PROFIT_SQ":46762990.04,"HOLDER_PROFIT_QOQ_SQ":0,"ROE_AVG_SQ":2.418730750206,"PE_TTM_SQ":6.446258131296,"PB_TTM_SQ":0.346107888985,"ROA_SQ":0.654488315045,"START_DATE":"2022-04-01 00:00:00","FISCAL_YEAR":"3-31","CURRENCY":"HKD","IS_CNY_CODE":0,"DPS_HKD_LY":0.0177,"ORG_TYPE":"一般企业","PREMIUM_INCOME":null,"PREMIUM_INCOME_YOY":null,"NET_INTEREST_INCOME":null,"NET_INTEREST_INCOME_YOY":null,"FEE_COMMISSION_INCOME":null,"FEE_COMMISSION_INCOME_YOY":null,"ACCOUNTS_RECE_TDAYS":5.104709895432,"INVENTORY_TDAYS":83.648638479483,"CURRENT_ASSETS_TDAYS":0.585689958801,"TOTAL_ASSETS_TDAYS":0.495198289433,"PREMIUM_EXPENSE":null,"LOAN_DEPOSIT":null,"LOAN_EQUITY":null,"LOAN_ASSETS":null,"DEPOSIT_EQUITY":null,"DEPOSIT_ASSETS":null,"EQUITY_MULTIPLIER":3.44430683758,"EQUITY_RATIO":2.496106255657},{"SECUCODE":"00711.HK","SECURITY_CODE":"00711","SECURITY_NAME_ABBR":"亚洲联合基建控股","ORG_CODE":"10009075","STD_REPORT_DATE":"2021-12-31 00:00:00","REPORT_DATE":"2022-03-31 00:00:00","DATE_TYPE_CODE":"001","REPORT_TYPE":"2021年年报","PER_NETCASH_OPERATE":-0.06277250451,"PER_OI":3.474093352322,"BPS":1.034279119222,"BASIC_EPS":0.054986478,"DILUTED_EPS":0.054986478,"OPERATE_INCOME":6262671124.64,"OPERATE_INCOME_YOY":2.4926940384,"GROSS_PROFIT":365158063.51,"GROSS_PROFIT_YOY":38.926105997765,"HOLDER_PROFIT":98942408.99,"HOLDER_PROFIT_YOY":166.1219689333,"GROSS_PROFIT_RATIO":5.8307079558,"EPS_TTM":-0.087662799394,"OPERATE_INCOME_QOQ":0,"NET_PROFIT_RATIO":1.3977610131,"ROE_AVG":5.229870780408,"GROSS_PROFIT_QOQ":0,"ROA":1.432029455914,"HOLDER_PROFIT_QOQ":0,"ROE_YEARLY":5.229870780408,"ROIC_YEARLY":1.749282214873,"TOTAL_ASSETS":6864453520.8,"TOTAL_LIABILITIES":4906921116.83,"TAX_EBT":21.193890365352,"OCF_SALES":-1.806874431499,"TOTAL_PARENT_EQUITY":1928146267.63,"DEBT_ASSET_RATIO":71.4830554532,"OPERATE_PROFIT":162259581.71,"PRETAX_PROFIT":111079173.64,"NETCASH_OPERATE":-113158603.28,"NETCASH_INVEST":196334166.86,"NETCASH_FINANCE":-183133357.09,"END_CASH":1173507139.7,"DIVI_RATIO":null,"DIVIDEND_RATE":null,"CURRENT_RATIO":1.363959037752,"COMMON_ACS":5000000000,"CURRENTDEBT_DEBT":86.271117051598,"ISSUED_COMMON_SHARES":1864241704,"HK_COMMON_SHARES":1864241704,"PER_SHARES":2000,"TOTAL_MARKET_CAP":829587558.28,"HKSK_MARKET_CAP":829587558.28,"PE_TTM":-3.18672571422,"PB_TTM":0.377538815167,"REPORT_DATE_SQ":"2020-12-31 00:00:00","REPORT_TYPE_SQ":"2020年年报","OPERATE_INCOME_SQ":6367804176.44,"DPS_HKD":null,"OPERATE_INCOME_QOQ_SQ":0,"NET_PROFIT_RATIO_SQ":-2.5096698308,"HOLDER_PROFIT_SQ":-155940781.08,"HOLDER_PROFIT_QOQ_SQ":0,"ROE_AVG_SQ":-7.768274640208,"PE_TTM_SQ":6.446258131296,"PB_TTM_SQ":0.346107888985,"ROA_SQ":-2.205849387589,"START_DATE":"2021-04-01 00:00:00","FISCAL_YEAR":"3-31","CURRENCY":"HKD","IS_CNY_CODE":0,"DPS_HKD_LY":0.0088,"ORG_TYPE":"一般企业","PREMIUM_INCOME":null,"PREMIUM_INCOME_YOY":null,"NET_INTEREST_INCOME":null,"NET_INTEREST_INCOME_YOY":null,"FEE_COMMISSION_INCOME":null,"FEE_COMMISSION_INCOME_YOY":null,"ACCOUNTS_RECE_TDAYS":10.281992149427,"INVENTORY_TDAYS":158.529185424183,"CURRENT_ASSETS_TDAYS":1.075038738732,"TOTAL_ASSETS_TDAYS":0.906419159866,"PREMIUM_EXPENSE":null,"LOAN_DEPOSIT":null,"LOAN_EQUITY":null,"LOAN_ASSETS":null,"DEPOSIT_EQUITY":null,"DEPOSIT_ASSETS":null,"EQUITY_MULTIPLIER":3.506687044816,"EQUITY_RATIO":2.544890498822},{"SECUCODE":"00711.HK","SECURITY_CODE":"00711","SECURITY_NAME_ABBR":"亚洲联合基建控股","ORG_CODE":"10009075","STD_REPORT_DATE":"2021-06-30 00:00:00","REPORT_DATE":"2021-09-30 00:00:00","DATE_TYPE_CODE":"002","REPORT_TYPE":"2021年中报","PER_NETCASH_OPERATE":0.005967671067,"PER_OI":1.753675364357,"BPS":1.051736841802,"BASIC_EPS":0.025908166,"DILUTED_EPS":0.025908166,"OPERATE_INCOME":3182222555.2,"OPERATE_INCOME_YOY":-0.3518540161,"GROSS_PROFIT":243027760.74,"GROSS_PROFIT_YOY":130.598147220306,"HOLDER_PROFIT":46762990.04,"HOLDER_PROFIT_YOY":-0.2434646621,"GROSS_PROFIT_RATIO":7.637044754864,"EPS_TTM":-0.085704452604,"OPERATE_INCOME_QOQ":0,"NET_PROFIT_RATIO":1.3112316488,"ROE_AVG":2.418730750206,"GROSS_PROFIT_QOQ":0,"ROA":0.654488315045,"HOLDER_PROFIT_QOQ":0,"ROE_YEARLY":4.837461500411,"ROIC_YEARLY":1.570579954709,"TOTAL_ASSETS":7146835902.02,"TOTAL_LIABILITIES":5150434269.94,"TAX_EBT":14.882914726574,"OCF_SALES":0.340295084714,"TOTAL_PARENT_EQUITY":1960691682.12,"DEBT_ASSET_RATIO":72.0659371581,"OPERATE_PROFIT":71885580.46,"PRETAX_PROFIT":49022248.76,"NETCASH_OPERATE":10828946.94,"NETCASH_INVEST":13108199.1,"NETCASH_FINANCE":-323927050.4,"END_CASH":1003014236.72,"DIVI_RATIO":null,"DIVIDEND_RATE":null,"CURRENT_RATIO":1.713774835596,"COMMON_ACS":5000000000,"CURRENTDEBT_DEBT":68.417848366426,"ISSUED_COMMON_SHARES":1864241704,"HK_COMMON_SHARES":1864241704,"PER_SHARES":2000,"TOTAL_MARKET_CAP":829587558.28,"HKSK_MARKET_CAP":829587558.28,"PE_TTM":-3.18672571422,"PB_TTM":0.377538815167,"REPORT_DATE_SQ":"2020-06-30 00:00:00","REPORT_TYPE_SQ":"2020年中报","OPERATE_INCOME_SQ":3368492277.76,"DPS_HKD":null,"OPERATE_INCOME_QOQ_SQ":0,"NET_PROFIT_RATIO_SQ":1.6426897424,"HOLDER_PROFIT_SQ":49446453.12,"HOLDER_PROFIT_QOQ_SQ":0,"ROE_AVG_SQ":2.252867580823,"PE_TTM_SQ":6.446258131296,"PB_TTM_SQ":0.346107888985,"ROA_SQ":0.682183695821,"START_DATE":"2021-04-01 00:00:00","FISCAL_YEAR":"3-31","CURRENCY":"HKD","IS_CNY_CODE":0,"DPS_HKD_LY":0.0088,"ORG_TYPE":"一般企业","PREMIUM_INCOME":null,"PREMIUM_INCOME_YOY":null,"NET_INTEREST_INCOME":null,"NET_INTEREST_INCOME_YOY":null,"FEE_COMMISSION_INCOME":null,"FEE_COMMISSION_INCOME_YOY":null,"ACCOUNTS_RECE_TDAYS":4.782857479131,"INVENTORY_TDAYS":76.672302326339,"CURRENT_ASSETS_TDAYS":0.527037376701,"TOTAL_ASSETS_TDAYS":0.44537944996,"PREMIUM_EXPENSE":null,"LOAN_DEPOSIT":null,"LOAN_EQUITY":null,"LOAN_ASSETS":null,"DEPOSIT_EQUITY":null,"DEPOSIT_ASSETS":null,"EQUITY_MULTIPLIER":3.579858775502,"EQUITY_RATIO":2.62684557542},{"SECUCODE":"00711.HK","SECURITY_CODE":"00711","SECURITY_NAME_ABBR":"亚洲联合基建控股","ORG_CODE":"10009075","STD_REPORT_DATE":"2020-12-31 00:00:00","REPORT_DATE":"2021-03-31 00:00:00","DATE_TYPE_CODE":"001","REPORT_TYPE":"2020年年报","PER_NETCASH_OPERATE":0.105828606159,"PER_OI":3.498547745938,"BPS":1.037299459041,"BASIC_EPS":-0.085870288,"DILUTED_EPS":-0.085870288,"OPERATE_INCOME":6367804176.44,"OPERATE_INCOME_YOY":-5.8311918808,"GROSS_PROFIT":262843373.38,"GROSS_PROFIT_YOY":-43.770345069773,"HOLDER_PROFIT":-155940781.08,"HOLDER_PROFIT_YOY":-281.9011751715,"GROSS_PROFIT_RATIO":4.12769246819,"EPS_TTM":0.03996249507,"OPERATE_INCOME_QOQ":0,"NET_PROFIT_RATIO":-2.5096698308,"ROE_AVG":-7.768274640208,"GROSS_PROFIT_QOQ":0,"ROA":-2.205849387589,"HOLDER_PROFIT_QOQ":0,"ROE_YEARLY":-7.768274640208,"ROIC_YEARLY":-2.646460510033,"TOTAL_ASSETS":7247026336.48,"TOTAL_LIABILITIES":5264838360.18,"TAX_EBT":-1.271483736898,"OCF_SALES":3.024929594925,"TOTAL_PARENT_EQUITY":1933776911.08,"DEBT_ASSET_RATIO":72.648257585,"OPERATE_PROFIT":-106636360.6,"PRETAX_PROFIT":-157804402.98,"NETCASH_OPERATE":192621593.08,"NETCASH_INVEST":95678601.9,"NETCASH_FINANCE":65503140.36,"END_CASH":1319975923.42,"DIVI_RATIO":null,"DIVIDEND_RATE":null,"CURRENT_RATIO":1.175560875,"COMMON_ACS":5000000000,"CURRENTDEBT_DEBT":98.958703060769,"ISSUED_COMMON_SHARES":1864241704,"HK_COMMON_SHARES":1864241704,"PER_SHARES":2000,"TOTAL_MARKET_CAP":829587558.28,"HKSK_MARKET_CAP":829587558.28,"PE_TTM":-3.18672571422,"PB_TTM":0.377538815167,"REPORT_DATE_SQ":"2019-12-31 00:00:00","REPORT_TYPE_SQ":"2019年年报","OPERATE_INCOME_SQ":7310330960,"DPS_HKD":null,"OPERATE_INCOME_QOQ_SQ":0,"NET_PROFIT_RATIO_SQ":1.2582866713,"HOLDER_PROFIT_SQ":92678418.4,"HOLDER_PROFIT_QOQ_SQ":0,"ROE_AVG_SQ":4.136839701132,"PE_TTM_SQ":6.446258131296,"PB_TTM_SQ":0.346107888985,"ROA_SQ":1.238503197725,"START_DATE":"2020-04-01 00:00:00","FISCAL_YEAR":"3-31","CURRENCY":"HKD","IS_CNY_CODE":0,"DPS_HKD_LY":0.0127,"ORG_TYPE":"一般企业","PREMIUM_INCOME":null,"PREMIUM_INCOME_YOY":null,"NET_INTEREST_INCOME":null,"NET_INTEREST_INCOME_YOY":null,"FEE_COMMISSION_INCOME":null,"FEE_COMMISSION_INCOME_YOY":null,"ACCOUNTS_RECE_TDAYS":7.868894543818,"INVENTORY_TDAYS":38.57119895766,"CURRENT_ASSETS_TDAYS":1.06184380029,"TOTAL_ASSETS_TDAYS":0.900753276058,"PREMIUM_EXPENSE":null,"LOAN_DEPOSIT":null,"LOAN_EQUITY":null,"LOAN_ASSETS":null,"DEPOSIT_EQUITY":null,"DEPOSIT_ASSETS":null,"EQUITY_MULTIPLIER":3.656074208463,"EQUITY_RATIO":2.722567598162},{"SECUCODE":"00711.HK","SECURITY_CODE":"00711","SECURITY_NAME_ABBR":"亚洲联合基建控股","ORG_CODE":"10009075","STD_REPORT_DATE":"2020-06-30 00:00:00","REPORT_DATE":"2020-09-30 00:00:00","DATE_TYPE_CODE":"002","REPORT_TYPE":"2020年中报","PER_NETCASH_OPERATE":0.073129967267,"PER_OI":1.83672173415,"BPS":1.194066187804,"BASIC_EPS":0.027152448,"DILUTED_EPS":0.027152448,"OPERATE_INCOME":3368492277.76,"OPERATE_INCOME_YOY":-0.6227719951,"GROSS_PROFIT":105390161.92,"GROSS_PROFIT_YOY":-43.298713029571,"HOLDER_PROFIT":49446453.12,"HOLDER_PROFIT_YOY":-26.616762953,"GROSS_PROFIT_RATIO":3.128704275673,"EPS_TTM":0.050518948814,"OPERATE_INCOME_QOQ":0,"NET_PROFIT_RATIO":1.6426897424,"ROE_AVG":2.252867580823,"GROSS_PROFIT_QOQ":0,"ROA":0.682183695821,"HOLDER_PROFIT_QOQ":0,"ROE_YEARLY":4.505735161645,"ROIC_YEARLY":1.614756088856,"TOTAL_ASSETS":7331211925.76,"TOTAL_LIABILITIES":5067199511.68,"TAX_EBT":4.807183564874,"OCF_SALES":3.981548533316,"TOTAL_PARENT_EQUITY":2226027984.64,"DEBT_ASSET_RATIO":69.1181698605,"OPERATE_PROFIT":70613060.48,"PRETAX_PROFIT":58128206.72,"NETCASH_OPERATE":134118154.88,"NETCASH_INVEST":233416151.04,"NETCASH_FINANCE":-188031141.76,"END_CASH":1180618315.52,"DIVI_RATIO":null,"DIVIDEND_RATE":null,"CURRENT_RATIO":1.559112862537,"COMMON_ACS":5000000000,"CURRENTDEBT_DEBT":78.02195725049,"ISSUED_COMMON_SHARES":1864241704,"HK_COMMON_SHARES":1864241704,"PER_SHARES":2000,"TOTAL_MARKET_CAP":829587558.28,"HKSK_MARKET_CAP":829587558.28,"PE_TTM":-3.18672571422,"PB_TTM":0.377538815167,"REPORT_DATE_SQ":"2019-06-30 00:00:00","REPORT_TYPE_SQ":"2019年中报","OPERATE_INCOME_SQ":3479441336.31,"DPS_HKD":null,"OPERATE_INCOME_QOQ_SQ":0,"NET_PROFIT_RATIO_SQ":2.0036910576,"HOLDER_PROFIT_SQ":69167028.81,"HOLDER_PROFIT_QOQ_SQ":0,"ROE_AVG_SQ":3.127840023756,"PE_TTM_SQ":6.446258131296,"PB_TTM_SQ":0.346107888985,"ROA_SQ":0.918476950787,"START_DATE":"2020-04-01 00:00:00","FISCAL_YEAR":"3-31","CURRENCY":"HKD","IS_CNY_CODE":0,"DPS_HKD_LY":0.0127,"ORG_TYPE":"一般企业","PREMIUM_INCOME":null,"PREMIUM_INCOME_YOY":null,"NET_INTEREST_INCOME":null,"NET_INTEREST_INCOME_YOY":null,"FEE_COMMISSION_INCOME":null,"FEE_COMMISSION_INCOME_YOY":null,"ACCOUNTS_RECE_TDAYS":3.654757949301,"INVENTORY_TDAYS":10.713859745041,"CURRENT_ASSETS_TDAYS":0.549236977839,"TOTAL_ASSETS_TDAYS":0.464731111412,"PREMIUM_EXPENSE":null,"LOAN_DEPOSIT":null,"LOAN_EQUITY":null,"LOAN_ASSETS":null,"DEPOSIT_EQUITY":null,"DEPOSIT_ASSETS":null,"EQUITY_MULTIPLIER":3.238150056142,"EQUITY_RATIO":2.276341333822}],"count":48},"success":true,"message":"ok","code":0}