{"version":"09b57f7bcc573c218eb4baa1ccbb3ac7","result":{"pages":6,"data":[{"SECUCODE":"00713.HK","SECURITY_CODE":"00713","SECURITY_NAME_ABBR":"世界(集团)","ORG_CODE":"10009077","STD_REPORT_DATE":"2024-06-30 00:00:00","REPORT_DATE":"2024-06-30 00:00:00","DATE_TYPE_CODE":"002","REPORT_TYPE":"2024年中报","PER_NETCASH_OPERATE":-0.053125771918,"PER_OI":0.18350329255,"BPS":1.490379076917,"BASIC_EPS":-0.1620007,"DILUTED_EPS":-0.1620007,"OPERATE_INCOME":145356154.84,"OPERATE_INCOME_YOY":-11.9032868317,"GROSS_PROFIT":23432146.32,"GROSS_PROFIT_YOY":34.649148097479,"HOLDER_PROFIT":-128294514.92,"HOLDER_PROFIT_YOY":-8.786905545,"GROSS_PROFIT_RATIO":16.120505076509,"EPS_TTM":-0.208492233451,"OPERATE_INCOME_QOQ":-6.181240893645,"NET_PROFIT_RATIO":-88.262182679,"ROE_AVG":-10.242194615469,"GROSS_PROFIT_QOQ":15.296360348612,"ROA":-4.7681372061,"HOLDER_PROFIT_QOQ":-5.872748811954,"ROE_YEARLY":-20.484389230937,"ROIC_YEARLY":-12.376319566117,"TOTAL_ASSETS":2591799458.24,"TOTAL_LIABILITIES":1411244227.52,"TAX_EBT":9.762094289236,"OCF_SALES":-28.950854875269,"TOTAL_PARENT_EQUITY":1180555230.72,"DEBT_ASSET_RATIO":54.4503635508,"OPERATE_PROFIT":-137845711.12,"PRETAX_PROFIT":-142173639.68,"NETCASH_OPERATE":-42081849.44,"NETCASH_INVEST":69339037.64,"NETCASH_FINANCE":-13762301.72,"END_CASH":586760146.64,"DIVI_RATIO":null,"DIVIDEND_RATE":null,"CURRENT_RATIO":1.015304260603,"COMMON_ACS":1500000000,"CURRENTDEBT_DEBT":69.116399269465,"ISSUED_COMMON_SHARES":792117421,"HK_COMMON_SHARES":792117421,"PER_SHARES":2000,"TOTAL_MARKET_CAP":443585755.76,"HKSK_MARKET_CAP":443585755.76,"PE_TTM":-2.417545511701,"PB_TTM":0.342933424064,"REPORT_DATE_SQ":"2023-06-30 00:00:00","REPORT_TYPE_SQ":"2023年中报","OPERATE_INCOME_SQ":166677388.36,"DPS_HKD":null,"OPERATE_INCOME_QOQ_SQ":-19.190589743511,"NET_PROFIT_RATIO_SQ":-71.4755893839,"HOLDER_PROFIT_SQ":-119133645.7,"HOLDER_PROFIT_QOQ_SQ":-11.909330528258,"ROE_AVG_SQ":-8.313450173504,"PE_TTM_SQ":-1.257531582229,"PB_TTM_SQ":0.197259637336,"ROA_SQ":-4.131473022087,"START_DATE":"2024-01-01 00:00:00","FISCAL_YEAR":"12-31","CURRENCY":"HKD","IS_CNY_CODE":0,"DPS_HKD_LY":null,"ORG_TYPE":"一般企业","PREMIUM_INCOME":null,"PREMIUM_INCOME_YOY":null,"NET_INTEREST_INCOME":null,"NET_INTEREST_INCOME_YOY":null,"FEE_COMMISSION_INCOME":null,"FEE_COMMISSION_INCOME_YOY":null,"ACCOUNTS_RECE_TDAYS":0.567742050478,"INVENTORY_TDAYS":0.976756258774,"CURRENT_ASSETS_TDAYS":0.143689500831,"TOTAL_ASSETS_TDAYS":0.054022425702,"PREMIUM_EXPENSE":null,"LOAN_DEPOSIT":null,"LOAN_EQUITY":null,"LOAN_ASSETS":null,"DEPOSIT_EQUITY":null,"DEPOSIT_ASSETS":null,"EQUITY_MULTIPLIER":2.195407203997,"EQUITY_RATIO":1.195407203998},{"SECUCODE":"00713.HK","SECURITY_CODE":"00713","SECURITY_NAME_ABBR":"世界(集团)","ORG_CODE":"10009077","STD_REPORT_DATE":"2023-12-31 00:00:00","REPORT_DATE":"2023-12-31 00:00:00","DATE_TYPE_CODE":"001","REPORT_TYPE":"2023年年报","PER_NETCASH_OPERATE":0.015060242034,"PER_OI":0.435458821452,"BPS":1.660466047394,"BASIC_EPS":-0.19755596,"DILUTED_EPS":-0.19755596,"OPERATE_INCOME":344934518.6,"OPERATE_INCOME_YOY":-39.4549144864,"GROSS_PROFIT":39419663.78,"GROSS_PROFIT_YOY":-6.934881483226,"HOLDER_PROFIT":-155989461.04,"HOLDER_PROFIT_YOY":19.3579821224,"GROSS_PROFIT_RATIO":11.428158579198,"EPS_TTM":-0.196927194005,"OPERATE_INCOME_QOQ":-23.990503863445,"NET_PROFIT_RATIO":-45.222919896,"ROE_AVG":-11.125833636043,"GROSS_PROFIT_QOQ":47.401090335314,"ROA":-5.499133272804,"HOLDER_PROFIT_QOQ":26.895184940451,"ROE_YEARLY":-11.125833636043,"ROIC_YEARLY":-6.936422241184,"TOTAL_ASSETS":2769782588.86,"TOTAL_LIABILITIES":1454498505.74,"TAX_EBT":-2.143365772609,"OCF_SALES":3.458476735938,"TOTAL_PARENT_EQUITY":1315284083.12,"DEBT_ASSET_RATIO":52.5130929622,"OPERATE_PROFIT":-140542034.92,"PRETAX_PROFIT":-152716194.4,"NETCASH_OPERATE":11929480.08,"NETCASH_INVEST":103063494.38,"NETCASH_FINANCE":-56385008.4,"END_CASH":576490946.78,"DIVI_RATIO":null,"DIVIDEND_RATE":null,"CURRENT_RATIO":1.030612718827,"COMMON_ACS":1500000000,"CURRENTDEBT_DEBT":68.415038594607,"ISSUED_COMMON_SHARES":792117421,"HK_COMMON_SHARES":792117421,"PER_SHARES":2000,"TOTAL_MARKET_CAP":506955149.44,"HKSK_MARKET_CAP":506955149.44,"PE_TTM":-2.76290915623,"PB_TTM":0.391923913216,"REPORT_DATE_SQ":"2022-12-31 00:00:00","REPORT_TYPE_SQ":"2022年年报","OPERATE_INCOME_SQ":561573837.44,"DPS_HKD":null,"OPERATE_INCOME_QOQ_SQ":-13.664989099802,"NET_PROFIT_RATIO_SQ":-33.9528402728,"HOLDER_PROFIT_SQ":-190670268.04,"HOLDER_PROFIT_QOQ_SQ":-133.024906162901,"ROE_AVG_SQ":-11.916467711811,"PE_TTM_SQ":-1.223078662168,"PB_TTM_SQ":0.191855263711,"ROA_SQ":-6.112183648423,"START_DATE":"2023-01-01 00:00:00","FISCAL_YEAR":"12-31","CURRENCY":"HKD","IS_CNY_CODE":0,"DPS_HKD_LY":null,"ORG_TYPE":"一般企业","PREMIUM_INCOME":null,"PREMIUM_INCOME_YOY":null,"NET_INTEREST_INCOME":null,"NET_INTEREST_INCOME_YOY":null,"FEE_COMMISSION_INCOME":null,"FEE_COMMISSION_INCOME_YOY":null,"ACCOUNTS_RECE_TDAYS":1.237223649717,"INVENTORY_TDAYS":2.201693404344,"CURRENT_ASSETS_TDAYS":0.338684590799,"TOTAL_ASSETS_TDAYS":0.12160057965,"PREMIUM_EXPENSE":null,"LOAN_DEPOSIT":null,"LOAN_EQUITY":null,"LOAN_ASSETS":null,"DEPOSIT_EQUITY":null,"DEPOSIT_ASSETS":null,"EQUITY_MULTIPLIER":2.105843615386,"EQUITY_RATIO":1.105843615388},{"SECUCODE":"00713.HK","SECURITY_CODE":"00713","SECURITY_NAME_ABBR":"世界(集团)","ORG_CODE":"10009077","STD_REPORT_DATE":"2023-06-30 00:00:00","REPORT_DATE":"2023-06-30 00:00:00","DATE_TYPE_CODE":"002","REPORT_TYPE":"2023年中报","PER_NETCASH_OPERATE":0.016909772573,"PER_OI":0.210420051297,"BPS":1.705988637839,"BASIC_EPS":-0.151296918,"DILUTED_EPS":-0.151296918,"OPERATE_INCOME":166677388.36,"OPERATE_INCOME_YOY":-43.6674051708,"GROSS_PROFIT":17402372.5,"GROSS_PROFIT_YOY":-47.291605102985,"HOLDER_PROFIT":-119133645.7,"HOLDER_PROFIT_YOY":-14.599038615,"GROSS_PROFIT_RATIO":10.440751844763,"EPS_TTM":-0.269376502553,"OPERATE_INCOME_QOQ":-19.190589743511,"NET_PROFIT_RATIO":-71.4755893839,"ROE_AVG":-8.313450173504,"GROSS_PROFIT_QOQ":-36.862666141027,"ROA":-4.131473022087,"HOLDER_PROFIT_QOQ":-11.909330528258,"ROE_YEARLY":-16.626900347008,"ROIC_YEARLY":-10.502748523324,"TOTAL_ASSETS":2813177645.3,"TOTAL_LIABILITIES":1461834325.24,"TAX_EBT":3.892211115078,"OCF_SALES":8.036198294078,"TOTAL_PARENT_EQUITY":1351343320.06,"DEBT_ASSET_RATIO":51.9638113747,"OPERATE_PROFIT":-115027146.78,"PRETAX_PROFIT":-123958367.04,"NETCASH_OPERATE":13394525.44,"NETCASH_INVEST":181751761.36,"NETCASH_FINANCE":-16981949.62,"END_CASH":688619486.16,"DIVI_RATIO":null,"DIVIDEND_RATE":null,"CURRENT_RATIO":1.030863534089,"COMMON_ACS":1500000000,"CURRENTDEBT_DEBT":72.178970166593,"ISSUED_COMMON_SHARES":792117421,"HK_COMMON_SHARES":792117421,"PER_SHARES":2000,"TOTAL_MARKET_CAP":506955149.44,"HKSK_MARKET_CAP":506955149.44,"PE_TTM":-2.76290915623,"PB_TTM":0.391923913216,"REPORT_DATE_SQ":"2022-06-30 00:00:00","REPORT_TYPE_SQ":"2022年中报","OPERATE_INCOME_SQ":274446719.61,"DPS_HKD":null,"OPERATE_INCOME_QOQ_SQ":-9.391345601877,"NET_PROFIT_RATIO_SQ":-35.1347224689,"HOLDER_PROFIT_SQ":-96426093.26,"HOLDER_PROFIT_QOQ_SQ":-327.336925904153,"ROE_AVG_SQ":-6.084761087836,"PE_TTM_SQ":-1.223078662168,"PB_TTM_SQ":0.191855263711,"ROA_SQ":-3.078726454551,"START_DATE":"2023-01-01 00:00:00","FISCAL_YEAR":"12-31","CURRENCY":"HKD","IS_CNY_CODE":0,"DPS_HKD_LY":null,"ORG_TYPE":"一般企业","PREMIUM_INCOME":null,"PREMIUM_INCOME_YOY":null,"NET_INTEREST_INCOME":null,"NET_INTEREST_INCOME_YOY":null,"FEE_COMMISSION_INCOME":null,"FEE_COMMISSION_INCOME_YOY":null,"ACCOUNTS_RECE_TDAYS":0.59595776454,"INVENTORY_TDAYS":0.99039014424,"CURRENT_ASSETS_TDAYS":0.157492483951,"TOTAL_ASSETS_TDAYS":0.057802573686,"PREMIUM_EXPENSE":null,"LOAN_DEPOSIT":null,"LOAN_EQUITY":null,"LOAN_ASSETS":null,"DEPOSIT_EQUITY":null,"DEPOSIT_ASSETS":null,"EQUITY_MULTIPLIER":2.081763829767,"EQUITY_RATIO":1.081763829768},{"SECUCODE":"00713.HK","SECURITY_CODE":"00713","SECURITY_NAME_ABBR":"世界(集团)","ORG_CODE":"10009077","STD_REPORT_DATE":"2022-12-31 00:00:00","REPORT_DATE":"2022-12-31 00:00:00","DATE_TYPE_CODE":"001","REPORT_TYPE":"2022年年报","PER_NETCASH_OPERATE":-0.06917344949,"PER_OI":0.71481846307,"BPS":1.852674084288,"BASIC_EPS":-0.245202615,"DILUTED_EPS":-0.245202615,"OPERATE_INCOME":561573837.44,"OPERATE_INCOME_YOY":-28.3997129939,"GROSS_PROFIT":42357076.86,"GROSS_PROFIT_YOY":-65.329129954917,"HOLDER_PROFIT":-190670268.04,"HOLDER_PROFIT_YOY":-584.8757439462,"GROSS_PROFIT_RATIO":7.542565916726,"EPS_TTM":-0.242701171007,"OPERATE_INCOME_QOQ":-13.664989099802,"NET_PROFIT_RATIO":-33.9528402728,"ROE_AVG":-11.916467711811,"GROSS_PROFIT_QOQ":-47.621518797244,"ROA":-6.112183648423,"HOLDER_PROFIT_QOQ":-133.024906162901,"ROE_YEARLY":-11.916467711811,"ROIC_YEARLY":-7.686464333357,"TOTAL_ASSETS":2861964725.13,"TOTAL_LIABILITIES":1394429307.53,"TAX_EBT":2.734526299481,"OCF_SALES":-9.677065305915,"TOTAL_PARENT_EQUITY":1467535417.6,"DEBT_ASSET_RATIO":48.7227985477,"OPERATE_PROFIT":-176523551.05,"PRETAX_PROFIT":-196030781.31,"NETCASH_OPERATE":-54343866.99,"NETCASH_INVEST":50154430.69,"NETCASH_FINANCE":-184365568.38,"END_CASH":524415591.98,"DIVI_RATIO":null,"DIVIDEND_RATE":null,"CURRENT_RATIO":1.095861678895,"COMMON_ACS":1500000000,"CURRENTDEBT_DEBT":65.237575742823,"ISSUED_COMMON_SHARES":792117421,"HK_COMMON_SHARES":792117421,"PER_SHARES":2000,"TOTAL_MARKET_CAP":506955149.44,"HKSK_MARKET_CAP":506955149.44,"PE_TTM":-2.76290915623,"PB_TTM":0.391923913216,"REPORT_DATE_SQ":"2021-12-31 00:00:00","REPORT_TYPE_SQ":"2021年年报","OPERATE_INCOME_SQ":717877328,"DPS_HKD":null,"OPERATE_INCOME_QOQ_SQ":-3.358862933788,"NET_PROFIT_RATIO_SQ":5.0137239047,"HOLDER_PROFIT_SQ":35992387.2,"HOLDER_PROFIT_QOQ_SQ":-77.655772411785,"ROE_AVG_SQ":2.320741169512,"PE_TTM_SQ":-1.223078662168,"PB_TTM_SQ":0.191855263711,"ROA_SQ":1.315827033099,"START_DATE":"2022-01-01 00:00:00","FISCAL_YEAR":"12-31","CURRENCY":"HKD","IS_CNY_CODE":0,"DPS_HKD_LY":null,"ORG_TYPE":"一般企业","PREMIUM_INCOME":null,"PREMIUM_INCOME_YOY":null,"NET_INTEREST_INCOME":null,"NET_INTEREST_INCOME_YOY":null,"FEE_COMMISSION_INCOME":null,"FEE_COMMISSION_INCOME_YOY":null,"ACCOUNTS_RECE_TDAYS":1.732432402641,"INVENTORY_TDAYS":3.063415559672,"CURRENT_ASSETS_TDAYS":0.490092281307,"TOTAL_ASSETS_TDAYS":0.180019803919,"PREMIUM_EXPENSE":null,"LOAN_DEPOSIT":null,"LOAN_EQUITY":null,"LOAN_ASSETS":null,"DEPOSIT_EQUITY":null,"DEPOSIT_ASSETS":null,"EQUITY_MULTIPLIER":1.950184432218,"EQUITY_RATIO":0.950184432217},{"SECUCODE":"00713.HK","SECURITY_CODE":"00713","SECURITY_NAME_ABBR":"世界(集团)","ORG_CODE":"10009077","STD_REPORT_DATE":"2022-06-30 00:00:00","REPORT_DATE":"2022-06-30 00:00:00","DATE_TYPE_CODE":"002","REPORT_TYPE":"2022年中报","PER_NETCASH_OPERATE":0.017958476698,"PER_OI":0.353614945605,"BPS":1.907179666485,"BASIC_EPS":-0.124259107,"DILUTED_EPS":-0.124259107,"OPERATE_INCOME":274446719.61,"OPERATE_INCOME_YOY":-21.8901512939,"GROSS_PROFIT":33016320.33,"GROSS_PROFIT_YOY":-55.574295752097,"HOLDER_PROFIT":-96426093.26,"HOLDER_PROFIT_YOY":-538.6120511923,"GROSS_PROFIT_RATIO":12.03013844615,"EPS_TTM":-0.105427328914,"OPERATE_INCOME_QOQ":-9.391345601877,"NET_PROFIT_RATIO":-35.1347224689,"ROE_AVG":-6.084761087836,"GROSS_PROFIT_QOQ":-33.807034398588,"ROA":-3.078726454551,"HOLDER_PROFIT_QOQ":-327.336925904153,"ROE_YEARLY":-12.169522175672,"ROIC_YEARLY":-7.821820057349,"TOTAL_ASSETS":3030930190.4,"TOTAL_LIABILITIES":1520219951.6,"TAX_EBT":4.421463083835,"OCF_SALES":5.078540067743,"TOTAL_PARENT_EQUITY":1510710238.8,"DEBT_ASSET_RATIO":50.1568777933,"OPERATE_PROFIT":-90753617.99,"PRETAX_PROFIT":-100886764.3,"NETCASH_OPERATE":13937886.62,"NETCASH_INVEST":-23234657.11,"NETCASH_FINANCE":-72609906.95,"END_CASH":611597680.4,"DIVI_RATIO":null,"DIVIDEND_RATE":null,"CURRENT_RATIO":1.027105858561,"COMMON_ACS":1500000000,"CURRENTDEBT_DEBT":66.982178618843,"ISSUED_COMMON_SHARES":792117421,"HK_COMMON_SHARES":792117421,"PER_SHARES":2000,"TOTAL_MARKET_CAP":506955149.44,"HKSK_MARKET_CAP":506955149.44,"PE_TTM":-2.76290915623,"PB_TTM":0.391923913216,"REPORT_DATE_SQ":"2021-06-30 00:00:00","REPORT_TYPE_SQ":"2021年中报","OPERATE_INCOME_SQ":341865060.48,"DPS_HKD":null,"OPERATE_INCOME_QOQ_SQ":7.989468244717,"NET_PROFIT_RATIO_SQ":6.256936737,"HOLDER_PROFIT_SQ":21390280.56,"HOLDER_PROFIT_QOQ_SQ":177.440951490131,"ROE_AVG_SQ":1.37271177992,"PE_TTM_SQ":-1.223078662168,"PB_TTM_SQ":0.191855263711,"ROA_SQ":0.879383190019,"START_DATE":"2022-01-01 00:00:00","FISCAL_YEAR":"12-31","CURRENCY":"HKD","IS_CNY_CODE":0,"DPS_HKD_LY":null,"ORG_TYPE":"一般企业","PREMIUM_INCOME":null,"PREMIUM_INCOME_YOY":null,"NET_INTEREST_INCOME":null,"NET_INTEREST_INCOME_YOY":null,"FEE_COMMISSION_INCOME":null,"FEE_COMMISSION_INCOME_YOY":null,"ACCOUNTS_RECE_TDAYS":0.920121337581,"INVENTORY_TDAYS":1.483315381584,"CURRENT_ASSETS_TDAYS":0.240164430678,"TOTAL_ASSETS_TDAYS":0.08762632058,"PREMIUM_EXPENSE":null,"LOAN_DEPOSIT":null,"LOAN_EQUITY":null,"LOAN_ASSETS":null,"DEPOSIT_EQUITY":null,"DEPOSIT_ASSETS":null,"EQUITY_MULTIPLIER":2.006294862214,"EQUITY_RATIO":1.006294862215},{"SECUCODE":"00713.HK","SECURITY_CODE":"00713","SECURITY_NAME_ABBR":"世界(集团)","ORG_CODE":"10009077","STD_REPORT_DATE":"2021-12-31 00:00:00","REPORT_DATE":"2021-12-31 00:00:00","DATE_TYPE_CODE":"001","REPORT_TYPE":"2021年年报","PER_NETCASH_OPERATE":-0.141856367891,"PER_OI":0.924959688542,"BPS":2.001988038084,"BASIC_EPS":0.04684848,"DILUTED_EPS":0.04521328,"OPERATE_INCOME":717877328,"OPERATE_INCOME_YOY":7.4308269444,"GROSS_PROFIT":122169062.4,"GROSS_PROFIT_YOY":-13.304011641782,"HOLDER_PROFIT":35992387.2,"HOLDER_PROFIT_YOY":-36.1852023658,"GROSS_PROFIT_RATIO":17.018097331526,"EPS_TTM":0.046374925013,"OPERATE_INCOME_QOQ":-3.358862933788,"NET_PROFIT_RATIO":5.0137239047,"ROE_AVG":2.320741169512,"GROSS_PROFIT_QOQ":-22.531533295969,"ROA":1.315827033099,"HOLDER_PROFIT_QOQ":-77.655772411785,"ROE_YEARLY":2.320741169512,"ROIC_YEARLY":1.537141922349,"TOTAL_ASSETS":3090983403.2,"TOTAL_LIABILITIES":1505173801.6,"TAX_EBT":-14.082098061574,"OCF_SALES":-15.336491919411,"TOTAL_PARENT_EQUITY":1585809601.6,"DEBT_ASSET_RATIO":48.6956287129,"OPERATE_PROFIT":47239292.8,"PRETAX_PROFIT":31549548.8,"NETCASH_OPERATE":-110097198.4,"NETCASH_INVEST":683458820.8,"NETCASH_FINANCE":8942908.8,"END_CASH":689589185.6,"DIVI_RATIO":null,"DIVIDEND_RATE":null,"CURRENT_RATIO":1.104378758996,"COMMON_ACS":1500000000,"CURRENTDEBT_DEBT":71.295070088204,"ISSUED_COMMON_SHARES":792117421,"HK_COMMON_SHARES":792117421,"PER_SHARES":2000,"TOTAL_MARKET_CAP":506955149.44,"HKSK_MARKET_CAP":506955149.44,"PE_TTM":-2.76290915623,"PB_TTM":0.391923913216,"REPORT_DATE_SQ":"2020-12-31 00:00:00","REPORT_TYPE_SQ":"2020年年报","OPERATE_INCOME_SQ":687870688.72,"DPS_HKD":null,"OPERATE_INCOME_QOQ_SQ":4.47015745977,"NET_PROFIT_RATIO_SQ":8.4404953885,"HOLDER_PROFIT_SQ":58059693.76,"HOLDER_PROFIT_QOQ_SQ":134.34849958902,"ROE_AVG_SQ":3.893853763168,"PE_TTM_SQ":-1.223078662168,"PB_TTM_SQ":0.191855263711,"ROA_SQ":2.49150254752,"START_DATE":"2021-01-01 00:00:00","FISCAL_YEAR":"12-31","CURRENCY":"HKD","IS_CNY_CODE":0,"DPS_HKD_LY":null,"ORG_TYPE":"一般企业","PREMIUM_INCOME":null,"PREMIUM_INCOME_YOY":null,"NET_INTEREST_INCOME":null,"NET_INTEREST_INCOME_YOY":null,"FEE_COMMISSION_INCOME":null,"FEE_COMMISSION_INCOME_YOY":null,"ACCOUNTS_RECE_TDAYS":2.45493612631,"INVENTORY_TDAYS":4.002658895075,"CURRENT_ASSETS_TDAYS":0.846497951314,"TOTAL_ASSETS_TDAYS":0.262445052445,"PREMIUM_EXPENSE":null,"LOAN_DEPOSIT":null,"LOAN_EQUITY":null,"LOAN_ASSETS":null,"DEPOSIT_EQUITY":null,"DEPOSIT_ASSETS":null,"EQUITY_MULTIPLIER":1.949151651044,"EQUITY_RATIO":0.949151651044},{"SECUCODE":"00713.HK","SECURITY_CODE":"00713","SECURITY_NAME_ABBR":"世界(集团)","ORG_CODE":"10009077","STD_REPORT_DATE":"2021-06-30 00:00:00","REPORT_DATE":"2021-06-30 00:00:00","DATE_TYPE_CODE":"002","REPORT_TYPE":"2021年中报","PER_NETCASH_OPERATE":-0.079919063414,"PER_OI":0.445416678666,"BPS":1.986649465294,"BASIC_EPS":0.02787468,"DILUTED_EPS":0.02662656,"OPERATE_INCOME":341865060.48,"OPERATE_INCOME_YOY":30.8058682696,"GROSS_PROFIT":74318057.28,"GROSS_PROFIT_YOY":29.174618934994,"HOLDER_PROFIT":21390280.56,"HOLDER_PROFIT_YOY":128.7656517506,"GROSS_PROFIT_RATIO":21.739003446463,"EPS_TTM":0.209873238565,"OPERATE_INCOME_QOQ":7.989468244717,"NET_PROFIT_RATIO":6.256936737,"ROE_AVG":1.37271177992,"GROSS_PROFIT_QOQ":11.911326048883,"ROA":0.879383190019,"HOLDER_PROFIT_QOQ":177.440951490131,"ROE_YEARLY":2.745423559839,"ROIC_YEARLY":1.810249489378,"TOTAL_ASSETS":2442988544.16,"TOTAL_LIABILITIES":869328893.28,"TAX_EBT":6.892430278884,"OCF_SALES":-17.942539478552,"TOTAL_PARENT_EQUITY":1573659650.88,"DEBT_ASSET_RATIO":35.5846487843,"OPERATE_PROFIT":30689606.64,"PRETAX_PROFIT":22973728.8,"NETCASH_OPERATE":-61339273.44,"NETCASH_INVEST":2081864.16,"NETCASH_FINANCE":-3217653.36,"END_CASH":38547770.16,"DIVI_RATIO":null,"DIVIDEND_RATE":null,"CURRENT_RATIO":1.147138362231,"COMMON_ACS":1500000000,"CURRENTDEBT_DEBT":51.957663247081,"ISSUED_COMMON_SHARES":792117421,"HK_COMMON_SHARES":792117421,"PER_SHARES":2000,"TOTAL_MARKET_CAP":506955149.44,"HKSK_MARKET_CAP":506955149.44,"PE_TTM":-2.76290915623,"PB_TTM":0.391923913216,"REPORT_DATE_SQ":"2020-06-30 00:00:00","REPORT_TYPE_SQ":"2020年中报","OPERATE_INCOME_SQ":286907850.24,"DPS_HKD":null,"OPERATE_INCOME_QOQ_SQ":-9.232454054539,"NET_PROFIT_RATIO_SQ":-28.4521292853,"HOLDER_PROFIT_SQ":-81631392.48,"HOLDER_PROFIT_QOQ_SQ":-95.98394935133,"ROE_AVG_SQ":-5.458848508967,"PE_TTM_SQ":-1.223078662168,"PB_TTM_SQ":0.191855263711,"ROA_SQ":-3.489047606777,"START_DATE":"2021-01-01 00:00:00","FISCAL_YEAR":"12-31","CURRENCY":"HKD","IS_CNY_CODE":0,"DPS_HKD_LY":null,"ORG_TYPE":"一般企业","PREMIUM_INCOME":null,"PREMIUM_INCOME_YOY":null,"NET_INTEREST_INCOME":null,"NET_INTEREST_INCOME_YOY":null,"FEE_COMMISSION_INCOME":null,"FEE_COMMISSION_INCOME_YOY":null,"ACCOUNTS_RECE_TDAYS":1.195208762118,"INVENTORY_TDAYS":1.78312865489,"CURRENT_ASSETS_TDAYS":0.658586140318,"TOTAL_ASSETS_TDAYS":0.140545322254,"PREMIUM_EXPENSE":null,"LOAN_DEPOSIT":null,"LOAN_EQUITY":null,"LOAN_ASSETS":null,"DEPOSIT_EQUITY":null,"DEPOSIT_ASSETS":null,"EQUITY_MULTIPLIER":1.55242497499,"EQUITY_RATIO":0.55242497499},{"SECUCODE":"00713.HK","SECURITY_CODE":"00713","SECURITY_NAME_ABBR":"世界(集团)","ORG_CODE":"10009077","STD_REPORT_DATE":"2020-12-31 00:00:00","REPORT_DATE":"2020-12-31 00:00:00","DATE_TYPE_CODE":"001","REPORT_TYPE":"2020年年报","PER_NETCASH_OPERATE":0.10929178028,"PER_OI":0.899980387494,"BPS":1.970119986895,"BASIC_EPS":0.076000092,"DILUTED_EPS":0.075831764,"OPERATE_INCOME":687870688.72,"OPERATE_INCOME_YOY":0.924785968,"GROSS_PROFIT":140916626.84,"GROSS_PROFIT_YOY":30.122541589241,"HOLDER_PROFIT":58059693.76,"HOLDER_PROFIT_YOY":171.6478677219,"GROSS_PROFIT_RATIO":20.485918233007,"EPS_TTM":0.075962803104,"OPERATE_INCOME_QOQ":4.47015745977,"NET_PROFIT_RATIO":8.4404953885,"ROE_AVG":3.893853763168,"GROSS_PROFIT_QOQ":57.786394876376,"ROA":2.49150254752,"HOLDER_PROFIT_QOQ":134.34849958902,"ROE_YEARLY":3.893853763168,"ROIC_YEARLY":2.565975750741,"TOTAL_ASSETS":2449674017.44,"TOTAL_LIABILITIES":889107654.36,"TAX_EBT":28.724492431679,"OCF_SALES":12.143795775837,"TOTAL_PARENT_EQUITY":1560566363.08,"DEBT_ASSET_RATIO":36.2949375317,"OPERATE_PROFIT":-76551366.2,"PRETAX_PROFIT":81458127.4,"NETCASH_OPERATE":83533611.64,"NETCASH_INVEST":-1958496.28,"NETCASH_FINANCE":-16613131.96,"END_CASH":100953876.36,"DIVI_RATIO":null,"DIVIDEND_RATE":null,"CURRENT_RATIO":1.140527795875,"COMMON_ACS":1500000000,"CURRENTDEBT_DEBT":51.872161938813,"ISSUED_COMMON_SHARES":792117421,"HK_COMMON_SHARES":792117421,"PER_SHARES":2000,"TOTAL_MARKET_CAP":506955149.44,"HKSK_MARKET_CAP":506955149.44,"PE_TTM":-2.76290915623,"PB_TTM":0.391923913216,"REPORT_DATE_SQ":"2019-12-31 00:00:00","REPORT_TYPE_SQ":"2019年年报","OPERATE_INCOME_SQ":725410706.02,"DPS_HKD":null,"OPERATE_INCOME_QOQ_SQ":-10.208121179782,"NET_PROFIT_RATIO_SQ":-11.8894702331,"HOLDER_PROFIT_SQ":-86247489.96,"HOLDER_PROFIT_QOQ_SQ":-108.112530365018,"ROE_AVG_SQ":-5.513910336678,"PE_TTM_SQ":-1.223078662168,"PB_TTM_SQ":0.191855263711,"ROA_SQ":-3.57237735513,"START_DATE":"2020-01-01 00:00:00","FISCAL_YEAR":"12-31","CURRENCY":"HKD","IS_CNY_CODE":0,"DPS_HKD_LY":null,"ORG_TYPE":"一般企业","PREMIUM_INCOME":null,"PREMIUM_INCOME_YOY":null,"NET_INTEREST_INCOME":null,"NET_INTEREST_INCOME_YOY":null,"FEE_COMMISSION_INCOME":null,"FEE_COMMISSION_INCOME_YOY":null,"ACCOUNTS_RECE_TDAYS":2.474800755796,"INVENTORY_TDAYS":4.101090482261,"CURRENT_ASSETS_TDAYS":1.395607913985,"TOTAL_ASSETS_TDAYS":0.295184397698,"PREMIUM_EXPENSE":null,"LOAN_DEPOSIT":null,"LOAN_EQUITY":null,"LOAN_ASSETS":null,"DEPOSIT_EQUITY":null,"DEPOSIT_ASSETS":null,"EQUITY_MULTIPLIER":1.569733960307,"EQUITY_RATIO":0.569733960307},{"SECUCODE":"00713.HK","SECURITY_CODE":"00713","SECURITY_NAME_ABBR":"世界(集团)","ORG_CODE":"10009077","STD_REPORT_DATE":"2020-06-30 00:00:00","REPORT_DATE":"2020-06-30 00:00:00","DATE_TYPE_CODE":"002","REPORT_TYPE":"2020年中报","PER_NETCASH_OPERATE":0.027943958221,"PER_OI":0.375377876203,"BPS":1.827968767474,"BASIC_EPS":-0.106781136,"DILUTED_EPS":-0.106781136,"OPERATE_INCOME":286907850.24,"OPERATE_INCOME_YOY":-21.9235731171,"GROSS_PROFIT":57533018.4,"GROSS_PROFIT_YOY":-24.812963154443,"HOLDER_PROFIT":-81631392.48,"HOLDER_PROFIT_YOY":-6921.9083969466,"GROSS_PROFIT_RATIO":20.052786409251,"EPS_TTM":-0.221153191587,"OPERATE_INCOME_QOQ":-9.232454054539,"NET_PROFIT_RATIO":-28.4521292853,"ROE_AVG":-5.458848508967,"GROSS_PROFIT_QOQ":-17.5324705966,"ROA":-3.489047606777,"HOLDER_PROFIT_QOQ":-95.98394935133,"ROE_YEARLY":-10.917697017934,"ROIC_YEARLY":-7.108438143297,"TOTAL_ASSETS":2279736148.8,"TOTAL_LIABILITIES":831770243.04,"TAX_EBT":3.006392654417,"OCF_SALES":7.444220875146,"TOTAL_PARENT_EQUITY":1447965905.76,"DEBT_ASSET_RATIO":36.4853732515,"OPERATE_PROFIT":-74928569.76,"PRETAX_PROFIT":-84161621.28,"NETCASH_OPERATE":21358054.08,"NETCASH_INVEST":-4196343.36,"NETCASH_FINANCE":-5163676.32,"END_CASH":48561210.72,"DIVI_RATIO":null,"DIVIDEND_RATE":null,"CURRENT_RATIO":1.047676330759,"COMMON_ACS":1500000000,"CURRENTDEBT_DEBT":51.488428943401,"ISSUED_COMMON_SHARES":792117421,"HK_COMMON_SHARES":792117421,"PER_SHARES":2000,"TOTAL_MARKET_CAP":506955149.44,"HKSK_MARKET_CAP":506955149.44,"PE_TTM":-2.76290915623,"PB_TTM":0.391923913216,"REPORT_DATE_SQ":"2019-06-30 00:00:00","REPORT_TYPE_SQ":"2019年中报","OPERATE_INCOME_SQ":353881060.38,"DPS_HKD":null,"OPERATE_INCOME_QOQ_SQ":-0.453986653933,"NET_PROFIT_RATIO_SQ":0.3256333071,"HOLDER_PROFIT_SQ":1152354.6,"HOLDER_PROFIT_QOQ_SQ":3.982870190096,"ROE_AVG_SQ":0.072648483657,"PE_TTM_SQ":-1.223078662168,"PB_TTM_SQ":0.191855263711,"ROA_SQ":0.04759186092,"START_DATE":"2020-01-01 00:00:00","FISCAL_YEAR":"12-31","CURRENCY":"HKD","IS_CNY_CODE":0,"DPS_HKD_LY":null,"ORG_TYPE":"一般企业","PREMIUM_INCOME":null,"PREMIUM_INCOME_YOY":null,"NET_INTEREST_INCOME":null,"NET_INTEREST_INCOME_YOY":null,"FEE_COMMISSION_INCOME":null,"FEE_COMMISSION_INCOME_YOY":null,"ACCOUNTS_RECE_TDAYS":1.009320507527,"INVENTORY_TDAYS":1.745602296781,"CURRENT_ASSETS_TDAYS":0.605508442719,"TOTAL_ASSETS_TDAYS":0.122628699307,"PREMIUM_EXPENSE":null,"LOAN_DEPOSIT":null,"LOAN_EQUITY":null,"LOAN_ASSETS":null,"DEPOSIT_EQUITY":null,"DEPOSIT_ASSETS":null,"EQUITY_MULTIPLIER":1.574440489054,"EQUITY_RATIO":0.574440489055}],"count":48},"success":true,"message":"ok","code":0}