{"version":"3380fc77c2dc30d01f9ee314b98f546a","result":{"pages":5,"data":[{"SECUCODE":"00715.HK","SECURITY_CODE":"00715","SECURITY_NAME_ABBR":"中泛控股","ORG_CODE":"10009078","STD_REPORT_DATE":"2023-06-30 00:00:00","REPORT_DATE":"2023-06-30 00:00:00","DATE_TYPE_CODE":"002","REPORT_TYPE":"2023年中报","PER_NETCASH_OPERATE":null,"PER_OI":null,"BPS":0.033372475258,"BASIC_EPS":-0.040198328,"DILUTED_EPS":-0.040198328,"OPERATE_INCOME":null,"OPERATE_INCOME_YOY":null,"GROSS_PROFIT":null,"GROSS_PROFIT_YOY":null,"HOLDER_PROFIT":-649000161.6,"HOLDER_PROFIT_YOY":3.4188667441,"GROSS_PROFIT_RATIO":null,"EPS_TTM":-0.135508341846,"OPERATE_INCOME_QOQ":-95.733594955262,"NET_PROFIT_RATIO":null,"ROE_AVG":-76.783161633289,"GROSS_PROFIT_QOQ":-95.733261078273,"ROA":-4.249667481571,"HOLDER_PROFIT_QOQ":-1.189086891464,"ROE_YEARLY":-153.566323266579,"ROIC_YEARLY":-8.704689584737,"TOTAL_ASSETS":15294187783.68,"TOTAL_LIABILITIES":14398301661.64,"TAX_EBT":-0.416189325785,"OCF_SALES":null,"TOTAL_PARENT_EQUITY":538720289.84,"DEBT_ASSET_RATIO":94.1423099107,"OPERATE_PROFIT":-83218836.78,"PRETAX_PROFIT":-651073694.62,"NETCASH_OPERATE":null,"NETCASH_INVEST":null,"NETCASH_FINANCE":null,"END_CASH":null,"DIVI_RATIO":null,"DIVIDEND_RATE":null,"CURRENT_RATIO":0.588848181801,"COMMON_ACS":50000000000,"CURRENTDEBT_DEBT":100,"ISSUED_COMMON_SHARES":16142653060,"HK_COMMON_SHARES":16142653060,"PER_SHARES":2000,"TOTAL_MARKET_CAP":403566326.5,"HKSK_MARKET_CAP":403566326.5,"PE_TTM":-0.168494328499,"PB_TTM":0.690673970748,"REPORT_DATE_SQ":"2022-06-30 00:00:00","REPORT_TYPE_SQ":"2022年中报","OPERATE_INCOME_SQ":23964989.37,"DPS_HKD":null,"OPERATE_INCOME_QOQ_SQ":-23.614691274372,"NET_PROFIT_RATIO_SQ":-2610.4235806302,"HOLDER_PROFIT_SQ":-623294969.22,"HOLDER_PROFIT_QOQ_SQ":-3.439891639693,"ROE_AVG_SQ":-20.648641787975,"PE_TTM_SQ":-0.168494328499,"PB_TTM_SQ":0.690673970748,"ROA_SQ":-3.683040646334,"START_DATE":"2023-01-01 00:00:00","FISCAL_YEAR":"12-31","CURRENCY":"HKD","IS_CNY_CODE":0,"DPS_HKD_LY":null,"ORG_TYPE":"一般企业","PREMIUM_INCOME":null,"PREMIUM_INCOME_YOY":null,"NET_INTEREST_INCOME":null,"NET_INTEREST_INCOME_YOY":null,"FEE_COMMISSION_INCOME":null,"FEE_COMMISSION_INCOME_YOY":null,"ACCOUNTS_RECE_TDAYS":null,"INVENTORY_TDAYS":null,"CURRENT_ASSETS_TDAYS":null,"TOTAL_ASSETS_TDAYS":null,"PREMIUM_EXPENSE":null,"LOAN_DEPOSIT":null,"LOAN_EQUITY":null,"LOAN_ASSETS":null,"DEPOSIT_EQUITY":null,"DEPOSIT_ASSETS":null,"EQUITY_MULTIPLIER":17.071575736427,"EQUITY_RATIO":26.726859806814},{"SECUCODE":"00715.HK","SECURITY_CODE":"00715","SECURITY_NAME_ABBR":"中泛控股","ORG_CODE":"10009078","STD_REPORT_DATE":"2022-12-31 00:00:00","REPORT_DATE":"2022-12-31 00:00:00","DATE_TYPE_CODE":"001","REPORT_TYPE":"2022年年报","PER_NETCASH_OPERATE":-0.010020299902,"PER_OI":0.001550736325,"BPS":0.069126794213,"BASIC_EPS":-0.133901173,"DILUTED_EPS":-0.133901173,"OPERATE_INCOME":25032998.48,"OPERATE_INCOME_YOY":-74.8221088191,"GROSS_PROFIT":22804289.83,"GROSS_PROFIT_YOY":-72.478964427923,"HOLDER_PROFIT":-2161758956.77,"HOLDER_PROFIT_YOY":54.8480426106,"GROSS_PROFIT_RATIO":91.096916928347,"EPS_TTM":-0.133915964664,"OPERATE_INCOME_QOQ":-63.987656842793,"NET_PROFIT_RATIO":-8660.1377390808,"ROE_AVG":-94.759573207178,"GROSS_PROFIT_QOQ":-63.977549462063,"ROA":-12.803546105444,"HOLDER_PROFIT_QOQ":52.309663017042,"ROE_YEARLY":-94.759573207178,"ROIC_YEARLY":-13.081481207605,"TOTAL_ASSETS":14774527691.21,"TOTAL_LIABILITIES":13311946349.03,"TAX_EBT":-4.652066334517,"OCF_SALES":-646.164002283757,"TOTAL_PARENT_EQUITY":1115889856.13,"DEBT_ASSET_RATIO":90.1006558535,"OPERATE_PROFIT":-847027198.64,"PRETAX_PROFIT":-2071523501.18,"NETCASH_OPERATE":-161754224.87,"NETCASH_INVEST":608617901.99,"NETCASH_FINANCE":-455658813.54,"END_CASH":4345758.55,"DIVI_RATIO":null,"DIVIDEND_RATE":null,"CURRENT_RATIO":0.616399408208,"COMMON_ACS":50000000000,"CURRENTDEBT_DEBT":99.877819067674,"ISSUED_COMMON_SHARES":16142653060,"HK_COMMON_SHARES":16142653060,"PER_SHARES":2000,"TOTAL_MARKET_CAP":403566326.5,"HKSK_MARKET_CAP":403566326.5,"PE_TTM":-0.168494328499,"PB_TTM":0.690673970748,"REPORT_DATE_SQ":"2021-12-31 00:00:00","REPORT_TYPE_SQ":"2021年年报","OPERATE_INCOME_SQ":91002150.4,"DPS_HKD":null,"OPERATE_INCOME_QOQ_SQ":5.560125883939,"NET_PROFIT_RATIO_SQ":-4825.7412132538,"HOLDER_PROFIT_SQ":-4382165939.2,"HOLDER_PROFIT_QOQ_SQ":-260.907645557231,"ROE_AVG_SQ":-82.535750646741,"PE_TTM_SQ":-0.168494328499,"PB_TTM_SQ":0.690673970748,"ROA_SQ":-23.106420555631,"START_DATE":"2022-01-01 00:00:00","FISCAL_YEAR":"12-31","CURRENCY":"HKD","IS_CNY_CODE":0,"DPS_HKD_LY":null,"ORG_TYPE":"一般企业","PREMIUM_INCOME":null,"PREMIUM_INCOME_YOY":null,"NET_INTEREST_INCOME":null,"NET_INTEREST_INCOME_YOY":null,"FEE_COMMISSION_INCOME":null,"FEE_COMMISSION_INCOME_YOY":null,"ACCOUNTS_RECE_TDAYS":null,"INVENTORY_TDAYS":0.000233098175,"CURRENT_ASSETS_TDAYS":0.002595060505,"TOTAL_ASSETS_TDAYS":0.001482640556,"PREMIUM_EXPENSE":null,"LOAN_DEPOSIT":null,"LOAN_EQUITY":null,"LOAN_ASSETS":null,"DEPOSIT_EQUITY":null,"DEPOSIT_ASSETS":null,"EQUITY_MULTIPLIER":10.101679315327,"EQUITY_RATIO":11.929444717059},{"SECUCODE":"00715.HK","SECURITY_CODE":"00715","SECURITY_NAME_ABBR":"中泛控股","ORG_CODE":"10009078","STD_REPORT_DATE":"2022-06-30 00:00:00","REPORT_DATE":"2022-06-30 00:00:00","DATE_TYPE_CODE":"002","REPORT_TYPE":"2022年中报","PER_NETCASH_OPERATE":-0.003705744048,"PER_OI":0.001484575632,"BPS":0.169572940474,"BASIC_EPS":-0.038569069,"DILUTED_EPS":-0.038569069,"OPERATE_INCOME":23964989.37,"OPERATE_INCOME_YOY":-48.7021307754,"GROSS_PROFIT":21831290.32,"GROSS_PROFIT_YOY":-47.250630601131,"HOLDER_PROFIT":-623294969.22,"HOLDER_PROFIT_YOY":-28.3350765427,"GROSS_PROFIT_RATIO":91.096599222068,"EPS_TTM":-0.28080314197,"OPERATE_INCOME_QOQ":-23.614691274372,"NET_PROFIT_RATIO":-2610.4235806302,"ROE_AVG":-20.648641787975,"GROSS_PROFIT_QOQ":-23.600323795037,"ROA":-3.683040646334,"HOLDER_PROFIT_QOQ":-3.439891639693,"ROE_YEARLY":-41.29728357595,"ROIC_YEARLY":-7.521224706905,"TOTAL_ASSETS":15662854451.02,"TOTAL_LIABILITIES":12584486016.13,"TAX_EBT":-1.182063507213,"OCF_SALES":-249.616386539628,"TOTAL_PARENT_EQUITY":2737357146.44,"DEBT_ASSET_RATIO":80.3460573262,"OPERATE_PROFIT":-80496469.13,"PRETAX_PROFIT":-618279279.87,"NETCASH_OPERATE":-59820540.5,"NETCASH_INVEST":-51002676.41,"NETCASH_FINANCE":103830328.28,"END_CASH":6364323.98,"DIVI_RATIO":null,"DIVIDEND_RATE":null,"CURRENT_RATIO":1.829629662236,"COMMON_ACS":50000000000,"CURRENTDEBT_DEBT":40.139249781879,"ISSUED_COMMON_SHARES":16142653060,"HK_COMMON_SHARES":16142653060,"PER_SHARES":2000,"TOTAL_MARKET_CAP":403566326.5,"HKSK_MARKET_CAP":403566326.5,"PE_TTM":-0.168494328499,"PB_TTM":0.690673970748,"REPORT_DATE_SQ":"2021-06-30 00:00:00","REPORT_TYPE_SQ":"2021年中报","OPERATE_INCOME_SQ":45454866.24,"DPS_HKD":null,"OPERATE_INCOME_QOQ_SQ":2.433676359459,"NET_PROFIT_RATIO_SQ":-1047.7722047302,"HOLDER_PROFIT_SQ":-472553209.44,"HOLDER_PROFIT_QOQ_SQ":-55.695459592441,"ROE_AVG_SQ":-6.411380488809,"PE_TTM_SQ":-0.168494328499,"PB_TTM_SQ":0.690673970748,"ROA_SQ":-2.257784143952,"START_DATE":"2022-01-01 00:00:00","FISCAL_YEAR":"12-31","CURRENCY":"HKD","IS_CNY_CODE":0,"DPS_HKD_LY":null,"ORG_TYPE":"一般企业","PREMIUM_INCOME":null,"PREMIUM_INCOME_YOY":null,"NET_INTEREST_INCOME":null,"NET_INTEREST_INCOME_YOY":null,"FEE_COMMISSION_INCOME":null,"FEE_COMMISSION_INCOME_YOY":null,"ACCOUNTS_RECE_TDAYS":null,"INVENTORY_TDAYS":0.000217614332,"CURRENT_ASSETS_TDAYS":0.002412625202,"TOTAL_ASSETS_TDAYS":0.001416087636,"PREMIUM_EXPENSE":null,"LOAN_DEPOSIT":null,"LOAN_EQUITY":null,"LOAN_ASSETS":null,"DEPOSIT_EQUITY":null,"DEPOSIT_ASSETS":null,"EQUITY_MULTIPLIER":5.088037634978,"EQUITY_RATIO":4.597312423224},{"SECUCODE":"00715.HK","SECURITY_CODE":"00715","SECURITY_NAME_ABBR":"中泛控股","ORG_CODE":"10009078","STD_REPORT_DATE":"2021-12-31 00:00:00","REPORT_DATE":"2021-12-31 00:00:00","DATE_TYPE_CODE":"001","REPORT_TYPE":"2021年年报","PER_NETCASH_OPERATE":-0.011698318046,"PER_OI":0.005637372622,"BPS":0.19542959286,"BASIC_EPS":-0.2714432,"DILUTED_EPS":-0.2714432,"OPERATE_INCOME":91002150.4,"OPERATE_INCOME_YOY":11.3084523381,"GROSS_PROFIT":82861307.2,"GROSS_PROFIT_YOY":8.716082486467,"HOLDER_PROFIT":-4382165939.2,"HOLDER_PROFIT_YOY":-478.4389313142,"GROSS_PROFIT_RATIO":91.054229856968,"EPS_TTM":-0.271465038796,"OPERATE_INCOME_QOQ":5.560125883939,"NET_PROFIT_RATIO":-4825.7412132538,"ROE_AVG":-82.535750646741,"GROSS_PROFIT_QOQ":5.335682971691,"ROA":-23.106420555631,"HOLDER_PROFIT_QOQ":-260.907645557231,"ROE_YEARLY":-82.535750646741,"ROIC_YEARLY":-23.535214691093,"TOTAL_ASSETS":17384629617.6,"TOTAL_LIABILITIES":13907339208,"TAX_EBT":0.550566850936,"OCF_SALES":-207.513656292676,"TOTAL_PARENT_EQUITY":3154752115.2,"DEBT_ASSET_RATIO":79.9979034004,"OPERATE_PROFIT":-3533532296,"PRETAX_PROFIT":-4415840430.4,"NETCASH_OPERATE":-188841889.6,"NETCASH_INVEST":-8574171.2,"NETCASH_FINANCE":180980665.6,"END_CASH":12837955.2,"DIVI_RATIO":null,"DIVIDEND_RATE":null,"CURRENT_RATIO":1.526833124381,"COMMON_ACS":50000000000,"CURRENTDEBT_DEBT":47.834582748749,"ISSUED_COMMON_SHARES":16142653060,"HK_COMMON_SHARES":16142653060,"PER_SHARES":2000,"TOTAL_MARKET_CAP":403566326.5,"HKSK_MARKET_CAP":403566326.5,"PE_TTM":-0.168494328499,"PB_TTM":0.690673970748,"REPORT_DATE_SQ":"2020-12-31 00:00:00","REPORT_TYPE_SQ":"2020年年报","OPERATE_INCOME_SQ":84160633.44,"DPS_HKD":null,"OPERATE_INCOME_QOQ_SQ":-10.462053683398,"NET_PROFIT_RATIO_SQ":-937.7715108604,"HOLDER_PROFIT_SQ":-779860257.44,"HOLDER_PROFIT_QOQ_SQ":-1223.80017291433,"ROE_AVG_SQ":-9.620905010648,"PE_TTM_SQ":-0.168494328499,"PB_TTM_SQ":0.690673970748,"ROA_SQ":-3.703177418673,"START_DATE":"2021-01-01 00:00:00","FISCAL_YEAR":"12-31","CURRENCY":"HKD","IS_CNY_CODE":0,"DPS_HKD_LY":null,"ORG_TYPE":"一般企业","PREMIUM_INCOME":null,"PREMIUM_INCOME_YOY":null,"NET_INTEREST_INCOME":null,"NET_INTEREST_INCOME_YOY":null,"FEE_COMMISSION_INCOME":null,"FEE_COMMISSION_INCOME_YOY":null,"ACCOUNTS_RECE_TDAYS":7.641356583825,"INVENTORY_TDAYS":0.000708830691,"CURRENT_ASSETS_TDAYS":0.007812535918,"TOTAL_ASSETS_TDAYS":0.004798389627,"PREMIUM_EXPENSE":null,"LOAN_DEPOSIT":null,"LOAN_EQUITY":null,"LOAN_ASSETS":null,"DEPOSIT_EQUITY":null,"DEPOSIT_ASSETS":null,"EQUITY_MULTIPLIER":4.999475905041,"EQUITY_RATIO":4.408377805975},{"SECUCODE":"00715.HK","SECURITY_CODE":"00715","SECURITY_NAME_ABBR":"中泛控股","ORG_CODE":"10009078","STD_REPORT_DATE":"2021-06-30 00:00:00","REPORT_DATE":"2021-06-30 00:00:00","DATE_TYPE_CODE":"002","REPORT_TYPE":"2021年中报","PER_NETCASH_OPERATE":-0.003457925199,"PER_OI":0.002815823773,"BPS":0.442604116426,"BASIC_EPS":-0.029289216,"DILUTED_EPS":-0.029289216,"OPERATE_INCOME":45454866.24,"OPERATE_INCOME_YOY":14.9579124579,"GROSS_PROFIT":41386827.12,"GROSS_PROFIT_YOY":6.281233747278,"HOLDER_PROFIT":-472553209.44,"HOLDER_PROFIT_YOY":-1257.7784684534,"GROSS_PROFIT_RATIO":91.050377095995,"EPS_TTM":-0.075217314495,"OPERATE_INCOME_QOQ":2.433676359459,"NET_PROFIT_RATIO":-1047.7722047302,"ROE_AVG":-6.411380488809,"GROSS_PROFIT_QOQ":3.209168459737,"ROA":-2.257784143952,"HOLDER_PROFIT_QOQ":-55.695459592441,"ROE_YEARLY":-12.822760977617,"ROIC_YEARLY":-4.593482040208,"TOTAL_ASSETS":20950380666,"TOTAL_LIABILITIES":13475245204.08,"TAX_EBT":2.165972422823,"OCF_SALES":-122.803324302555,"TOTAL_PARENT_EQUITY":7144804694.4,"DEBT_ASSET_RATIO":64.3198107896,"OPERATE_PROFIT":-51220348.56,"PRETAX_PROFIT":-486807571.92,"NETCASH_OPERATE":-55820086.8,"NETCASH_INVEST":2254104.72,"NETCASH_FINANCE":41859448.56,"END_CASH":17704166.16,"DIVI_RATIO":null,"DIVIDEND_RATE":null,"CURRENT_RATIO":1.862679347696,"COMMON_ACS":50000000000,"CURRENTDEBT_DEBT":53.197682370556,"ISSUED_COMMON_SHARES":16142653060,"HK_COMMON_SHARES":16142653060,"PER_SHARES":2000,"TOTAL_MARKET_CAP":403566326.5,"HKSK_MARKET_CAP":403566326.5,"PE_TTM":-0.168494328499,"PB_TTM":0.690673970748,"REPORT_DATE_SQ":"2020-06-30 00:00:00","REPORT_TYPE_SQ":"2020年中报","OPERATE_INCOME_SQ":43406668.8,"DPS_HKD":null,"OPERATE_INCOME_QOQ_SQ":-7.163597185472,"NET_PROFIT_RATIO_SQ":-100.3493265993,"HOLDER_PROFIT_SQ":-38206454.88,"HOLDER_PROFIT_QOQ_SQ":-13.301500145448,"ROE_AVG_SQ":-0.414950623237,"PE_TTM_SQ":-0.168494328499,"PB_TTM_SQ":0.690673970748,"ROA_SQ":-0.165966960405,"START_DATE":"2021-01-01 00:00:00","FISCAL_YEAR":"12-31","CURRENCY":"HKD","IS_CNY_CODE":0,"DPS_HKD_LY":null,"ORG_TYPE":"一般企业","PREMIUM_INCOME":null,"PREMIUM_INCOME_YOY":null,"NET_INTEREST_INCOME":null,"NET_INTEREST_INCOME_YOY":null,"FEE_COMMISSION_INCOME":null,"FEE_COMMISSION_INCOME_YOY":null,"ACCOUNTS_RECE_TDAYS":6.384759233287,"INVENTORY_TDAYS":0.000308396986,"CURRENT_ASSETS_TDAYS":0.003401736288,"TOTAL_ASSETS_TDAYS":0.002171761279,"PREMIUM_EXPENSE":null,"LOAN_DEPOSIT":null,"LOAN_EQUITY":null,"LOAN_ASSETS":null,"DEPOSIT_EQUITY":null,"DEPOSIT_ASSETS":null,"EQUITY_MULTIPLIER":2.802675720421,"EQUITY_RATIO":1.886020091584},{"SECUCODE":"00715.HK","SECURITY_CODE":"00715","SECURITY_NAME_ABBR":"中泛控股","ORG_CODE":"10009078","STD_REPORT_DATE":"2020-12-31 00:00:00","REPORT_DATE":"2020-12-31 00:00:00","DATE_TYPE_CODE":"001","REPORT_TYPE":"2020年年报","PER_NETCASH_OPERATE":-0.016215278479,"PER_OI":0.005213556478,"BPS":0.475977904601,"BASIC_EPS":-0.048310136,"DILUTED_EPS":-0.048310136,"OPERATE_INCOME":84160633.44,"OPERATE_INCOME_YOY":-11.5291036655,"GROSS_PROFIT":76218076.76,"GROSS_PROFIT_YOY":-18.004693701461,"HOLDER_PROFIT":-779860257.44,"HOLDER_PROFIT_YOY":-1496.3682723451,"GROSS_PROFIT_RATIO":90.5626225049,"EPS_TTM":-0.048310538208,"OPERATE_INCOME_QOQ":-10.462053683398,"NET_PROFIT_RATIO":-937.7715108604,"ROE_AVG":-9.620905010648,"GROSS_PROFIT_QOQ":-9.970574615122,"ROA":-3.703177418673,"HOLDER_PROFIT_QOQ":-1223.80017291433,"ROE_YEARLY":-9.620905010648,"ROIC_YEARLY":-3.772905147061,"TOTAL_ASSETS":21149765137.2,"TOTAL_LIABILITIES":13129730445.36,"TAX_EBT":-0.527328569974,"OCF_SALES":-311.021440857634,"TOTAL_PARENT_EQUITY":7683546178.2,"DEBT_ASSET_RATIO":62.0797931333,"OPERATE_PROFIT":-626448643.16,"PRETAX_PROFIT":-785094416.6,"NETCASH_OPERATE":-261757614.76,"NETCASH_INVEST":62034759.48,"NETCASH_FINANCE":169566052.44,"END_CASH":29655185.4,"DIVI_RATIO":null,"DIVIDEND_RATE":null,"CURRENT_RATIO":2.097631549682,"COMMON_ACS":50000000000,"CURRENTDEBT_DEBT":49.10978557034,"ISSUED_COMMON_SHARES":16142653060,"HK_COMMON_SHARES":16142653060,"PER_SHARES":2000,"TOTAL_MARKET_CAP":403566326.5,"HKSK_MARKET_CAP":403566326.5,"PE_TTM":-0.168494328499,"PB_TTM":0.690673970748,"REPORT_DATE_SQ":"2019-12-31 00:00:00","REPORT_TYPE_SQ":"2019年年报","OPERATE_INCOME_SQ":101247326.06,"DPS_HKD":null,"OPERATE_INCOME_QOQ_SQ":-5.802815843201,"NET_PROFIT_RATIO_SQ":-63.6078105231,"HOLDER_PROFIT_SQ":-51994654.32,"HOLDER_PROFIT_QOQ_SQ":39.315887026103,"ROE_AVG_SQ":-0.566104783319,"PE_TTM_SQ":-0.168494328499,"PB_TTM_SQ":0.690673970748,"ROA_SQ":-0.236144646936,"START_DATE":"2020-01-01 00:00:00","FISCAL_YEAR":"12-31","CURRENCY":"HKD","IS_CNY_CODE":0,"DPS_HKD_LY":null,"ORG_TYPE":"一般企业","PREMIUM_INCOME":null,"PREMIUM_INCOME_YOY":null,"NET_INTEREST_INCOME":null,"NET_INTEREST_INCOME_YOY":null,"FEE_COMMISSION_INCOME":null,"FEE_COMMISSION_INCOME_YOY":null,"ACCOUNTS_RECE_TDAYS":37.755710779687,"INVENTORY_TDAYS":0.000598795936,"CURRENT_ASSETS_TDAYS":0.006239469499,"TOTAL_ASSETS_TDAYS":0.003996379535,"PREMIUM_EXPENSE":null,"LOAN_DEPOSIT":null,"LOAN_EQUITY":null,"LOAN_ASSETS":null,"DEPOSIT_EQUITY":null,"DEPOSIT_ASSETS":null,"EQUITY_MULTIPLIER":2.637116415307,"EQUITY_RATIO":1.708811288544},{"SECUCODE":"00715.HK","SECURITY_CODE":"00715","SECURITY_NAME_ABBR":"中泛控股","ORG_CODE":"10009078","STD_REPORT_DATE":"2020-06-30 00:00:00","REPORT_DATE":"2020-06-30 00:00:00","DATE_TYPE_CODE":"002","REPORT_TYPE":"2020年中报","PER_NETCASH_OPERATE":-0.008705395345,"PER_OI":0.002688942681,"BPS":0.567388747723,"BASIC_EPS":-0.002374944,"DILUTED_EPS":-0.002374944,"OPERATE_INCOME":43406668.8,"OPERATE_INCOME_YOY":-17.4856745963,"GROSS_PROFIT":38940860.64,"GROSS_PROFIT_YOY":-17.561023544689,"HOLDER_PROFIT":-38206454.88,"HOLDER_PROFIT_YOY":-17.5873604903,"GROSS_PROFIT_RATIO":89.7117003367,"EPS_TTM":-0.003649382981,"OPERATE_INCOME_QOQ":-7.163597185472,"NET_PROFIT_RATIO":-100.3493265993,"ROE_AVG":-0.414950623237,"GROSS_PROFIT_QOQ":-8.923881333234,"ROA":-0.165966960405,"HOLDER_PROFIT_QOQ":-13.301500145448,"ROE_YEARLY":-0.829901246474,"ROIC_YEARLY":-0.338536366223,"TOTAL_ASSETS":23283533533.92,"TOTAL_LIABILITIES":13751039940,"TAX_EBT":-17.378033771476,"OCF_SALES":-323.747895622896,"TOTAL_PARENT_EQUITY":9159159704.64,"DEBT_ASSET_RATIO":59.0590767504,"OPERATE_PROFIT":-35003020.8,"PRETAX_PROFIT":-37109413.44,"NETCASH_OPERATE":-140528176.8,"NETCASH_INVEST":-85185587.52,"NETCASH_FINANCE":240641200.8,"END_CASH":77176545.6,"DIVI_RATIO":null,"DIVIDEND_RATE":null,"CURRENT_RATIO":2.59574925685,"COMMON_ACS":50000000000,"CURRENTDEBT_DEBT":42.375501731253,"ISSUED_COMMON_SHARES":16142653060,"HK_COMMON_SHARES":16142653060,"PER_SHARES":2000,"TOTAL_MARKET_CAP":403566326.5,"HKSK_MARKET_CAP":403566326.5,"PE_TTM":-0.168494328499,"PB_TTM":0.690673970748,"REPORT_DATE_SQ":"2019-06-30 00:00:00","REPORT_TYPE_SQ":"2019年中报","OPERATE_INCOME_SQ":50659619.4,"DPS_HKD":null,"OPERATE_INCOME_QOQ_SQ":-11.516306873484,"NET_PROFIT_RATIO_SQ":-73.9086646987,"HOLDER_PROFIT_SQ":-31290385.86,"HOLDER_PROFIT_QOQ_SQ":-100.218767157936,"ROE_AVG_SQ":-0.343841701935,"PE_TTM_SQ":-0.168494328499,"PB_TTM_SQ":0.690673970748,"ROA_SQ":-0.145299977095,"START_DATE":"2020-01-01 00:00:00","FISCAL_YEAR":"12-31","CURRENCY":"HKD","IS_CNY_CODE":0,"DPS_HKD_LY":null,"ORG_TYPE":"一般企业","PREMIUM_INCOME":null,"PREMIUM_INCOME_YOY":null,"NET_INTEREST_INCOME":null,"NET_INTEREST_INCOME_YOY":null,"FEE_COMMISSION_INCOME":null,"FEE_COMMISSION_INCOME_YOY":null,"ACCOUNTS_RECE_TDAYS":61.714285714286,"INVENTORY_TDAYS":0.000307463586,"CURRENT_ASSETS_TDAYS":0.002920597455,"TOTAL_ASSETS_TDAYS":0.001885564338,"PREMIUM_EXPENSE":null,"LOAN_DEPOSIT":null,"LOAN_EQUITY":null,"LOAN_ASSETS":null,"DEPOSIT_EQUITY":null,"DEPOSIT_ASSETS":null,"EQUITY_MULTIPLIER":2.442543842755,"EQUITY_RATIO":1.501342959773},{"SECUCODE":"00715.HK","SECURITY_CODE":"00715","SECURITY_NAME_ABBR":"中泛控股","ORG_CODE":"10009078","STD_REPORT_DATE":"2019-12-31 00:00:00","REPORT_DATE":"2019-12-31 00:00:00","DATE_TYPE_CODE":"001","REPORT_TYPE":"2019年年报","PER_NETCASH_OPERATE":-0.024910133452,"PER_OI":0.006272037544,"BPS":0.562288856733,"BASIC_EPS":-0.003224808,"DILUTED_EPS":-0.003224808,"OPERATE_INCOME":101247326.06,"OPERATE_INCOME_YOY":-18.4727020925,"GROSS_PROFIT":92954194.82,"GROSS_PROFIT_YOY":-17.324246350724,"HOLDER_PROFIT":-51994654.32,"HOLDER_PROFIT_YOY":-18.8452088452,"GROSS_PROFIT_RATIO":91.809036778823,"EPS_TTM":-0.00322094851,"OPERATE_INCOME_QOQ":-5.802815843201,"NET_PROFIT_RATIO":-63.6078105231,"ROE_AVG":-0.566104783319,"GROSS_PROFIT_QOQ":-5.766211138569,"ROA":-0.236144646936,"HOLDER_PROFIT_QOQ":39.315887026103,"ROE_YEARLY":-0.566104783319,"ROIC_YEARLY":-0.244123286213,"TOTAL_ASSETS":22317521145.7,"TOTAL_LIABILITIES":12864977372.8,"TAX_EBT":-33.304902469777,"OCF_SALES":-397.161740115194,"TOTAL_PARENT_EQUITY":9076833933.74,"DEBT_ASSET_RATIO":57.6451895746,"OPERATE_PROFIT":-42877405.48,"PRETAX_PROFIT":-48311206.96,"NETCASH_OPERATE":-402115642,"NETCASH_INVEST":-299056153,"NETCASH_FINANCE":194807068.16,"END_CASH":63063807.78,"DIVI_RATIO":null,"DIVIDEND_RATE":null,"CURRENT_RATIO":4.588640030778,"COMMON_ACS":50000000000,"CURRENTDEBT_DEBT":24.252041532514,"ISSUED_COMMON_SHARES":16142653060,"HK_COMMON_SHARES":16142653060,"PER_SHARES":2000,"TOTAL_MARKET_CAP":403566326.5,"HKSK_MARKET_CAP":403566326.5,"PE_TTM":-0.168494328499,"PB_TTM":0.690673970748,"REPORT_DATE_SQ":"2018-12-31 00:00:00","REPORT_TYPE_SQ":"2018年年报","OPERATE_INCOME_SQ":121473739.4,"DPS_HKD":null,"OPERATE_INCOME_QOQ_SQ":0.164595717415,"NET_PROFIT_RATIO_SQ":-57.6483911221,"HOLDER_PROFIT_SQ":-42793608,"HOLDER_PROFIT_QOQ_SQ":-172.948141864731,"ROE_AVG_SQ":-0.463357672419,"PE_TTM_SQ":-0.168494328499,"PB_TTM_SQ":0.690673970748,"ROA_SQ":-0.21372428482,"START_DATE":"2019-01-01 00:00:00","FISCAL_YEAR":"12-31","CURRENCY":"HKD","IS_CNY_CODE":0,"DPS_HKD_LY":null,"ORG_TYPE":"一般企业","PREMIUM_INCOME":null,"PREMIUM_INCOME_YOY":null,"NET_INTEREST_INCOME":null,"NET_INTEREST_INCOME_YOY":null,"FEE_COMMISSION_INCOME":null,"FEE_COMMISSION_INCOME_YOY":null,"ACCOUNTS_RECE_TDAYS":137.418844984802,"INVENTORY_TDAYS":0.000607288525,"CURRENT_ASSETS_TDAYS":0.007076087932,"TOTAL_ASSETS_TDAYS":0.004598360039,"PREMIUM_EXPENSE":null,"LOAN_DEPOSIT":null,"LOAN_EQUITY":null,"LOAN_ASSETS":null,"DEPOSIT_EQUITY":null,"DEPOSIT_ASSETS":null,"EQUITY_MULTIPLIER":2.361006907967,"EQUITY_RATIO":1.417341935163},{"SECUCODE":"00715.HK","SECURITY_CODE":"00715","SECURITY_NAME_ABBR":"中泛控股","ORG_CODE":"10009078","STD_REPORT_DATE":"2019-06-30 00:00:00","REPORT_DATE":"2019-06-30 00:00:00","DATE_TYPE_CODE":"002","REPORT_TYPE":"2019年中报","PER_NETCASH_OPERATE":-0.009637560032,"PER_OI":0.003138246186,"BPS":0.562190565918,"BASIC_EPS":-0.001935252,"DILUTED_EPS":-0.001935252,"OPERATE_INCOME":50659619.4,"OPERATE_INCOME_YOY":-24.8956703182,"GROSS_PROFIT":47235982.68,"GROSS_PROFIT_YOY":-22.597090376761,"HOLDER_PROFIT":-31290385.86,"HOLDER_PROFIT_YOY":-358.6041439477,"GROSS_PROFIT_RATIO":93.241882271228,"EPS_TTM":-0.005307729407,"OPERATE_INCOME_QOQ":-11.516306873484,"NET_PROFIT_RATIO":-73.9086646987,"ROE_AVG":-0.343841701935,"GROSS_PROFIT_QOQ":-12.265276979524,"ROA":-0.145299977095,"HOLDER_PROFIT_QOQ":-100.218767157936,"ROE_YEARLY":-0.687683403869,"ROIC_YEARLY":-0.300692115547,"TOTAL_ASSETS":21742133983.2,"TOTAL_LIABILITIES":12288904738.92,"TAX_EBT":-43.627467521512,"OCF_SALES":-307.100191005383,"TOTAL_PARENT_EQUITY":9075247259.22,"DEBT_ASSET_RATIO":56.5211526542,"OPERATE_PROFIT":-23955780.78,"PRETAX_PROFIT":-26068724.1,"NETCASH_OPERATE":-155575787.94,"NETCASH_INVEST":-499241356.74,"NETCASH_FINANCE":121911199.74,"END_CASH":85129976.16,"DIVI_RATIO":null,"DIVIDEND_RATE":null,"CURRENT_RATIO":3.052642284209,"COMMON_ACS":50000000000,"CURRENTDEBT_DEBT":36.811411431102,"ISSUED_COMMON_SHARES":16142653060,"HK_COMMON_SHARES":16142653060,"PER_SHARES":2000,"TOTAL_MARKET_CAP":403566326.5,"HKSK_MARKET_CAP":403566326.5,"PE_TTM":-0.168494328499,"PB_TTM":0.690673970748,"REPORT_DATE_SQ":"2018-06-30 00:00:00","REPORT_TYPE_SQ":"2018年中报","OPERATE_INCOME_SQ":64648908,"DPS_HKD":null,"OPERATE_INCOME_QOQ_SQ":2.044230569141,"NET_PROFIT_RATIO_SQ":17.1713615023,"HOLDER_PROFIT_SQ":11596840.5,"HOLDER_PROFIT_QOQ_SQ":-0.345527556205,"ROE_AVG_SQ":0.128465792025,"PE_TTM_SQ":-0.168494328499,"PB_TTM_SQ":0.690673970748,"ROA_SQ":0.061892721263,"START_DATE":"2019-01-01 00:00:00","FISCAL_YEAR":"12-31","CURRENCY":"HKD","IS_CNY_CODE":0,"DPS_HKD_LY":null,"ORG_TYPE":"一般企业","PREMIUM_INCOME":null,"PREMIUM_INCOME_YOY":null,"NET_INTEREST_INCOME":null,"NET_INTEREST_INCOME_YOY":null,"FEE_COMMISSION_INCOME":null,"FEE_COMMISSION_INCOME_YOY":null,"ACCOUNTS_RECE_TDAYS":64.060066740823,"INVENTORY_TDAYS":0.000259566228,"CURRENT_ASSETS_TDAYS":0.003637764097,"TOTAL_ASSETS_TDAYS":0.002352429136,"PREMIUM_EXPENSE":null,"LOAN_DEPOSIT":null,"LOAN_EQUITY":null,"LOAN_ASSETS":null,"DEPOSIT_EQUITY":null,"DEPOSIT_ASSETS":null,"EQUITY_MULTIPLIER":2.299968975826,"EQUITY_RATIO":1.354112388115}],"count":45},"success":true,"message":"ok","code":0}