{"version":"89eb42cabf90f950c10a5334d803f64f","result":{"pages":6,"data":[{"SECUCODE":"00726.HK","SECURITY_CODE":"00726","SECURITY_NAME_ABBR":"筑友智造科技","ORG_CODE":"10009086","STD_REPORT_DATE":"2024-06-30 00:00:00","REPORT_DATE":"2024-06-30 00:00:00","DATE_TYPE_CODE":"002","REPORT_TYPE":"2024年中报","PER_NETCASH_OPERATE":0.009907614016,"PER_OI":0.069247641226,"BPS":0.498715220378,"BASIC_EPS":-0.0501974,"DILUTED_EPS":-0.0501974,"OPERATE_INCOME":214743564.52,"OPERATE_INCOME_YOY":-54.714580739,"GROSS_PROFIT":2772721.84,"GROSS_PROFIT_YOY":-95.259676973617,"HOLDER_PROFIT":-155600075.16,"HOLDER_PROFIT_YOY":-70.9794207317,"GROSS_PROFIT_RATIO":1.291178083123,"EPS_TTM":-0.112795990551,"OPERATE_INCOME_QOQ":-33.63141593832,"NET_PROFIT_RATIO":-78.6539107226,"ROE_AVG":-9.5377129226,"GROSS_PROFIT_QOQ":-123.28693126625,"ROA":-2.784741978474,"HOLDER_PROFIT_QOQ":-22.251787152608,"ROE_YEARLY":-19.075425845201,"ROIC_YEARLY":-6.26284750778,"TOTAL_ASSETS":5394144153,"TOTAL_LIABILITIES":3244616645.24,"TAX_EBT":-0.194906444906,"OCF_SALES":14.307511188368,"TOTAL_PARENT_EQUITY":1546563640.4,"DEBT_ASSET_RATIO":60.1507218422,"OPERATE_PROFIT":-129292986.84,"PRETAX_PROFIT":-168575646.72,"NETCASH_OPERATE":30724459.52,"NETCASH_INVEST":7135332.24,"NETCASH_FINANCE":-36700688.16,"END_CASH":9563973.72,"DIVI_RATIO":null,"DIVIDEND_RATE":null,"CURRENT_RATIO":0.66316613773,"COMMON_ACS":6250000000,"CURRENTDEBT_DEBT":86.533327444985,"ISSUED_COMMON_SHARES":3101095730,"HK_COMMON_SHARES":3101095730,"PER_SHARES":5000,"TOTAL_MARKET_CAP":210874509.64,"HKSK_MARKET_CAP":210874509.64,"PE_TTM":-0.545588990758,"PB_TTM":0.124444246865,"REPORT_DATE_SQ":"2023-06-30 00:00:00","REPORT_TYPE_SQ":"2023年中报","OPERATE_INCOME_SQ":479032226.62,"DPS_HKD":null,"OPERATE_INCOME_QOQ_SQ":-16.169211923481,"NET_PROFIT_RATIO_SQ":-20.4078765284,"HOLDER_PROFIT_SQ":-91932469.76,"HOLDER_PROFIT_QOQ_SQ":-83.01847539191,"ROE_AVG_SQ":-4.670683814492,"PE_TTM_SQ":-1.914890363016,"PB_TTM_SQ":0.252242672641,"ROA_SQ":-1.507678064344,"START_DATE":"2024-01-01 00:00:00","FISCAL_YEAR":"12-31","CURRENCY":"HKD","IS_CNY_CODE":0,"DPS_HKD_LY":null,"ORG_TYPE":"一般企业","PREMIUM_INCOME":null,"PREMIUM_INCOME_YOY":null,"NET_INTEREST_INCOME":null,"NET_INTEREST_INCOME_YOY":null,"FEE_COMMISSION_INCOME":null,"FEE_COMMISSION_INCOME_YOY":null,"ACCOUNTS_RECE_TDAYS":0.116064055753,"INVENTORY_TDAYS":1.842932809617,"CURRENT_ASSETS_TDAYS":0.107475417789,"TOTAL_ASSETS_TDAYS":0.03843220629,"PREMIUM_EXPENSE":null,"LOAN_DEPOSIT":null,"LOAN_EQUITY":null,"LOAN_ASSETS":null,"DEPOSIT_EQUITY":null,"DEPOSIT_ASSETS":null,"EQUITY_MULTIPLIER":2.509455744819,"EQUITY_RATIO":2.097952234543},{"SECUCODE":"00726.HK","SECURITY_CODE":"00726","SECURITY_NAME_ABBR":"筑友智造科技","ORG_CODE":"10009086","STD_REPORT_DATE":"2023-12-31 00:00:00","REPORT_DATE":"2023-12-31 00:00:00","DATE_TYPE_CODE":"001","REPORT_TYPE":"2023年年报","PER_NETCASH_OPERATE":0.003191689552,"PER_OI":0.253406766459,"BPS":0.549524078433,"BASIC_EPS":-0.092253196,"DILUTED_EPS":-0.092253196,"OPERATE_INCOME":785838641.42,"OPERATE_INCOME_YOY":-44.8953460146,"GROSS_PROFIT":45195003.84,"GROSS_PROFIT_YOY":-80.68406195127,"HOLDER_PROFIT":-286123559.26,"HOLDER_PROFIT_YOY":-113.1171110361,"GROSS_PROFIT_RATIO":5.751181153211,"EPS_TTM":-0.092265310126,"OPERATE_INCOME_QOQ":-33.313853092973,"NET_PROFIT_RATIO":-38.082201575,"ROE_AVG":-15.366551530971,"GROSS_PROFIT_QOQ":-63.241407970935,"ROA":-4.848454787587,"HOLDER_PROFIT_QOQ":-18.133829117753,"ROE_YEARLY":-15.366551530971,"ROIC_YEARLY":-5.431998767476,"TOTAL_ASSETS":5740125257.02,"TOTAL_LIABILITIES":3424151363.78,"TAX_EBT":9.71045796309,"OCF_SALES":1.259512362756,"TOTAL_PARENT_EQUITY":1704126773.16,"DEBT_ASSET_RATIO":59.6529032113,"OPERATE_PROFIT":-272065368.4,"PRETAX_PROFIT":-331449965,"NETCASH_OPERATE":9897734.84,"NETCASH_INVEST":-26260443.16,"NETCASH_FINANCE":2394233.24,"END_CASH":8415158.92,"DIVI_RATIO":null,"DIVIDEND_RATE":null,"CURRENT_RATIO":0.823786562877,"COMMON_ACS":6250000000,"CURRENTDEBT_DEBT":75.124249073508,"ISSUED_COMMON_SHARES":3101095730,"HK_COMMON_SHARES":3101095730,"PER_SHARES":5000,"TOTAL_MARKET_CAP":403142444.9,"HKSK_MARKET_CAP":403142444.9,"PE_TTM":-1.04303777645,"PB_TTM":0.237908119006,"REPORT_DATE_SQ":"2022-12-31 00:00:00","REPORT_TYPE_SQ":"2022年年报","OPERATE_INCOME_SQ":1405705054.74,"DPS_HKD":null,"OPERATE_INCOME_QOQ_SQ":-26.675680676746,"NET_PROFIT_RATIO_SQ":-9.7590842252,"HOLDER_PROFIT_SQ":-132337950.5,"HOLDER_PROFIT_QOQ_SQ":-226.895941809124,"ROE_AVG_SQ":-6.052552827061,"PE_TTM_SQ":-1.94949681536,"PB_TTM_SQ":0.256801275159,"ROA_SQ":-2.079192024436,"START_DATE":"2023-01-01 00:00:00","FISCAL_YEAR":"12-31","CURRENCY":"HKD","IS_CNY_CODE":0,"DPS_HKD_LY":null,"ORG_TYPE":"一般企业","PREMIUM_INCOME":null,"PREMIUM_INCOME_YOY":null,"NET_INTEREST_INCOME":null,"NET_INTEREST_INCOME_YOY":null,"FEE_COMMISSION_INCOME":null,"FEE_COMMISSION_INCOME_YOY":null,"ACCOUNTS_RECE_TDAYS":0.385875828901,"INVENTORY_TDAYS":5.802919604377,"CURRENT_ASSETS_TDAYS":0.354625883946,"TOTAL_ASSETS_TDAYS":0.13316285919,"PREMIUM_EXPENSE":null,"LOAN_DEPOSIT":null,"LOAN_EQUITY":null,"LOAN_ASSETS":null,"DEPOSIT_EQUITY":null,"DEPOSIT_ASSETS":null,"EQUITY_MULTIPLIER":2.478493075319,"EQUITY_RATIO":2.009329011028},{"SECUCODE":"00726.HK","SECURITY_CODE":"00726","SECURITY_NAME_ABBR":"筑友智造科技","ORG_CODE":"10009086","STD_REPORT_DATE":"2023-06-30 00:00:00","REPORT_DATE":"2023-06-30 00:00:00","DATE_TYPE_CODE":"002","REPORT_TYPE":"2023年中报","PER_NETCASH_OPERATE":0.008855748954,"PER_OI":0.154406947493,"BPS":0.606751737909,"BASIC_EPS":-0.029595558,"DILUTED_EPS":-0.029595558,"OPERATE_INCOME":479032226.62,"OPERATE_INCOME_YOY":-37.0925482428,"GROSS_PROFIT":58492255.16,"GROSS_PROFIT_YOY":-65.495199848963,"HOLDER_PROFIT":-91932469.76,"HOLDER_PROFIT_YOY":-575.5210072011,"GROSS_PROFIT_RATIO":12.210505245694,"EPS_TTM":-0.078069508245,"OPERATE_INCOME_QOQ":-16.169211923481,"NET_PROFIT_RATIO":-20.4078765284,"ROE_AVG":-4.670683814492,"GROSS_PROFIT_QOQ":-47.451909927733,"ROA":-1.507678064344,"HOLDER_PROFIT_QOQ":-83.01847539191,"ROE_YEARLY":-9.341367628983,"ROIC_YEARLY":-3.375467720643,"TOTAL_ASSETS":6027260775.98,"TOTAL_LIABILITIES":3515484846.54,"TAX_EBT":-2.772043073285,"OCF_SALES":5.73533062981,"TOTAL_PARENT_EQUITY":1881595223.6,"DEBT_ASSET_RATIO":58.3264102418,"OPERATE_PROFIT":-55505039.96,"PRETAX_PROFIT":-95123442.54,"NETCASH_OPERATE":27474082.02,"NETCASH_INVEST":-53527392.86,"NETCASH_FINANCE":15613731.3,"END_CASH":11939641,"DIVI_RATIO":null,"DIVIDEND_RATE":null,"CURRENT_RATIO":0.982240374467,"COMMON_ACS":6250000000,"CURRENTDEBT_DEBT":69.151053521753,"ISSUED_COMMON_SHARES":3101095730,"HK_COMMON_SHARES":3101095730,"PER_SHARES":5000,"TOTAL_MARKET_CAP":403142444.9,"HKSK_MARKET_CAP":403142444.9,"PE_TTM":-1.04303777645,"PB_TTM":0.237908119006,"REPORT_DATE_SQ":"2022-06-30 00:00:00","REPORT_TYPE_SQ":"2022年中报","OPERATE_INCOME_SQ":706323655.94,"DPS_HKD":null,"OPERATE_INCOME_QOQ_SQ":12.448107917479,"NET_PROFIT_RATIO_SQ":2.4438024714,"HOLDER_PROFIT_SQ":17932479.11,"HOLDER_PROFIT_QOQ_SQ":-3.641547826939,"ROE_AVG_SQ":0.808643215538,"PE_TTM_SQ":-1.94949681536,"PB_TTM_SQ":0.256801275159,"ROA_SQ":0.283650623703,"START_DATE":"2023-01-01 00:00:00","FISCAL_YEAR":"12-31","CURRENCY":"HKD","IS_CNY_CODE":0,"DPS_HKD_LY":null,"ORG_TYPE":"一般企业","PREMIUM_INCOME":null,"PREMIUM_INCOME_YOY":null,"NET_INTEREST_INCOME":null,"NET_INTEREST_INCOME_YOY":null,"FEE_COMMISSION_INCOME":null,"FEE_COMMISSION_INCOME_YOY":null,"ACCOUNTS_RECE_TDAYS":0.219544515137,"INVENTORY_TDAYS":3.133859620194,"CURRENT_ASSETS_TDAYS":0.202085266323,"TOTAL_ASSETS_TDAYS":0.078560532756,"PREMIUM_EXPENSE":null,"LOAN_DEPOSIT":null,"LOAN_EQUITY":null,"LOAN_ASSETS":null,"DEPOSIT_EQUITY":null,"DEPOSIT_ASSETS":null,"EQUITY_MULTIPLIER":2.399601296174,"EQUITY_RATIO":1.868353406964},{"SECUCODE":"00726.HK","SECURITY_CODE":"00726","SECURITY_NAME_ABBR":"筑友智造科技","ORG_CODE":"10009086","STD_REPORT_DATE":"2022-12-31 00:00:00","REPORT_DATE":"2022-12-31 00:00:00","DATE_TYPE_CODE":"001","REPORT_TYPE":"2022年年报","PER_NETCASH_OPERATE":0.034782642605,"PER_OI":0.453102347852,"BPS":0.64202728257,"BASIC_EPS":-0.042698306,"DILUTED_EPS":-0.042698306,"OPERATE_INCOME":1405705054.74,"OPERATE_INCOME_YOY":-24.532784456,"GROSS_PROFIT":233977784.18,"GROSS_PROFIT_YOY":-45.402342720436,"HOLDER_PROFIT":-132337950.5,"HOLDER_PROFIT_YOY":-211.9169027384,"GROSS_PROFIT_RATIO":16.644870372418,"EPS_TTM":-0.042656626921,"OPERATE_INCOME_QOQ":-26.675680676746,"NET_PROFIT_RATIO":-9.7590842252,"ROE_AVG":-6.052552827061,"GROSS_PROFIT_QOQ":-48.771135069487,"ROA":-2.079192024436,"HOLDER_PROFIT_QOQ":-226.895941809124,"ROE_YEARLY":-6.052552827061,"ROIC_YEARLY":-2.393382020039,"TOTAL_ASSETS":5975910198.02,"TOTAL_LIABILITIES":3368951726.14,"TAX_EBT":9.506861745694,"OCF_SALES":7.676553160717,"TOTAL_PARENT_EQUITY":1990988064.52,"DEBT_ASSET_RATIO":56.3755413737,"OPERATE_PROFIT":-83706545.16,"PRETAX_PROFIT":-151595958.43,"NETCASH_OPERATE":107909695.81,"NETCASH_INVEST":-223881153.37,"NETCASH_FINANCE":-259017035.55,"END_CASH":22438942.4,"DIVI_RATIO":null,"DIVIDEND_RATE":null,"CURRENT_RATIO":0.903742421726,"COMMON_ACS":6250000000,"CURRENTDEBT_DEBT":74.878443009936,"ISSUED_COMMON_SHARES":3101095730,"HK_COMMON_SHARES":3101095730,"PER_SHARES":5000,"TOTAL_MARKET_CAP":403142444.9,"HKSK_MARKET_CAP":403142444.9,"PE_TTM":-1.04303777645,"PB_TTM":0.237908119006,"REPORT_DATE_SQ":"2021-12-31 00:00:00","REPORT_TYPE_SQ":"2021年年报","OPERATE_INCOME_SQ":1704880777.6,"DPS_HKD":null,"OPERATE_INCOME_QOQ_SQ":63.406400171142,"NET_PROFIT_RATIO_SQ":6.6648411251,"HOLDER_PROFIT_SQ":108229800,"HOLDER_PROFIT_QOQ_SQ":-26.774026463226,"ROE_AVG_SQ":5.49661815248,"PE_TTM_SQ":-1.94949681536,"PB_TTM_SQ":0.256801275159,"ROA_SQ":2.072544295301,"START_DATE":"2022-01-01 00:00:00","FISCAL_YEAR":"12-31","CURRENCY":"HKD","IS_CNY_CODE":0,"DPS_HKD_LY":0.01,"ORG_TYPE":"一般企业","PREMIUM_INCOME":null,"PREMIUM_INCOME_YOY":null,"NET_INTEREST_INCOME":null,"NET_INTEREST_INCOME_YOY":null,"FEE_COMMISSION_INCOME":null,"FEE_COMMISSION_INCOME_YOY":null,"ACCOUNTS_RECE_TDAYS":0.689057526768,"INVENTORY_TDAYS":7.398269619068,"CURRENT_ASSETS_TDAYS":0.555686130217,"TOTAL_ASSETS_TDAYS":0.220853559201,"PREMIUM_EXPENSE":null,"LOAN_DEPOSIT":null,"LOAN_EQUITY":null,"LOAN_ASSETS":null,"DEPOSIT_EQUITY":null,"DEPOSIT_ASSETS":null,"EQUITY_MULTIPLIER":2.292292057,"EQUITY_RATIO":1.692100412944},{"SECUCODE":"00726.HK","SECURITY_CODE":"00726","SECURITY_NAME_ABBR":"筑友智造科技","ORG_CODE":"10009086","STD_REPORT_DATE":"2022-06-30 00:00:00","REPORT_DATE":"2022-06-30 00:00:00","DATE_TYPE_CODE":"002","REPORT_TYPE":"2022年中报","PER_NETCASH_OPERATE":0.011926733182,"PER_OI":0.227670026348,"BPS":0.694841521842,"BASIC_EPS":0.005815292,"DILUTED_EPS":0.005815292,"OPERATE_INCOME":706323655.94,"OPERATE_INCOME_YOY":39.0890367474,"GROSS_PROFIT":169519182.56,"GROSS_PROFIT_YOY":19.938907772773,"HOLDER_PROFIT":17932479.11,"HOLDER_PROFIT_YOY":-20.2335666464,"GROSS_PROFIT_RATIO":24.000213094151,"EPS_TTM":0.033615438219,"OPERATE_INCOME_QOQ":12.448107917479,"NET_PROFIT_RATIO":2.4438024714,"ROE_AVG":0.808643215538,"GROSS_PROFIT_QOQ":6.575965236826,"ROA":0.283650623703,"HOLDER_PROFIT_QOQ":-3.641547826939,"ROE_YEARLY":1.617286431076,"ROIC_YEARLY":0.655742626414,"TOTAL_ASSETS":6178138854.72,"TOTAL_LIABILITIES":3429903691.48,"TAX_EBT":35.057915057915,"OCF_SALES":5.238604911336,"TOTAL_PARENT_EQUITY":2154770076.41,"DEBT_ASSET_RATIO":55.5167789545,"OPERATE_PROFIT":54051428.76,"PRETAX_PROFIT":26579305.2,"NETCASH_OPERATE":37001505.73,"NETCASH_INVEST":-222931784.39,"NETCASH_FINANCE":-64453959.92,"END_CASH":123207223.3,"DIVI_RATIO":null,"DIVIDEND_RATE":null,"CURRENT_RATIO":1.005631632053,"COMMON_ACS":6250000000,"CURRENTDEBT_DEBT":68.301131076632,"ISSUED_COMMON_SHARES":3101095730,"HK_COMMON_SHARES":3101095730,"PER_SHARES":5000,"TOTAL_MARKET_CAP":403142444.9,"HKSK_MARKET_CAP":403142444.9,"PE_TTM":-1.04303777645,"PB_TTM":0.237908119006,"REPORT_DATE_SQ":"2021-06-30 00:00:00","REPORT_TYPE_SQ":"2021年中报","OPERATE_INCOME_SQ":494098256.88,"DPS_HKD":null,"OPERATE_INCOME_QOQ_SQ":13.803982269091,"NET_PROFIT_RATIO_SQ":5.0866353099,"HOLDER_PROFIT_SQ":21873719.04,"HOLDER_PROFIT_QOQ_SQ":10.564217104306,"ROE_AVG_SQ":1.204850752596,"PE_TTM_SQ":-1.94949681536,"PB_TTM_SQ":0.256801275159,"ROA_SQ":0.467645755494,"START_DATE":"2022-01-01 00:00:00","FISCAL_YEAR":"12-31","CURRENCY":"HKD","IS_CNY_CODE":0,"DPS_HKD_LY":0.01,"ORG_TYPE":"一般企业","PREMIUM_INCOME":null,"PREMIUM_INCOME_YOY":null,"NET_INTEREST_INCOME":null,"NET_INTEREST_INCOME_YOY":null,"FEE_COMMISSION_INCOME":null,"FEE_COMMISSION_INCOME_YOY":null,"ACCOUNTS_RECE_TDAYS":0.364966687178,"INVENTORY_TDAYS":3.322035871734,"CURRENT_ASSETS_TDAYS":0.2815768489,"TOTAL_ASSETS_TDAYS":0.11172417618,"PREMIUM_EXPENSE":null,"LOAN_DEPOSIT":null,"LOAN_EQUITY":null,"LOAN_ASSETS":null,"DEPOSIT_EQUITY":null,"DEPOSIT_ASSETS":null,"EQUITY_MULTIPLIER":2.248038645801,"EQUITY_RATIO":1.591772472168},{"SECUCODE":"00726.HK","SECURITY_CODE":"00726","SECURITY_NAME_ABBR":"筑友智造科技","ORG_CODE":"10009086","STD_REPORT_DATE":"2021-12-31 00:00:00","REPORT_DATE":"2021-12-31 00:00:00","DATE_TYPE_CODE":"001","REPORT_TYPE":"2021年年报","PER_NETCASH_OPERATE":0.030185361128,"PER_OI":0.549535964556,"BPS":0.703040209081,"BASIC_EPS":0.03810016,"DILUTED_EPS":0.03810016,"OPERATE_INCOME":1704880777.6,"OPERATE_INCOME_YOY":91.4308848748,"GROSS_PROFIT":428549128,"GROSS_PROFIT_YOY":47.502176491544,"HOLDER_PROFIT":108229800,"HOLDER_PROFIT_YOY":-16.6577474454,"GROSS_PROFIT_RATIO":25.136603898091,"EPS_TTM":0.034885822116,"OPERATE_INCOME_QOQ":63.406400171142,"NET_PROFIT_RATIO":6.6648411251,"ROE_AVG":5.49661815248,"GROSS_PROFIT_QOQ":30.12760184774,"ROA":2.072544295301,"HOLDER_PROFIT_QOQ":-26.774026463226,"ROE_YEARLY":5.49661815248,"ROIC_YEARLY":2.520795251631,"TOTAL_ASSETS":6181711715.2,"TOTAL_LIABILITIES":3433515288,"TAX_EBT":26.089037562556,"OCF_SALES":5.492881826718,"TOTAL_PARENT_EQUITY":2180194990.4,"DEBT_ASSET_RATIO":55.5431156642,"OPERATE_PROFIT":200267032,"PRETAX_PROFIT":153735780.8,"NETCASH_OPERATE":93647086.4,"NETCASH_INVEST":-769440907.2,"NETCASH_FINANCE":667219649.6,"END_CASH":377200577.6,"DIVI_RATIO":null,"DIVIDEND_RATE":null,"CURRENT_RATIO":1.137336352917,"COMMON_ACS":6250000000,"CURRENTDEBT_DEBT":65.148582987757,"ISSUED_COMMON_SHARES":3101095730,"HK_COMMON_SHARES":3101095730,"PER_SHARES":5000,"TOTAL_MARKET_CAP":403142444.9,"HKSK_MARKET_CAP":403142444.9,"PE_TTM":-1.04303777645,"PB_TTM":0.237908119006,"REPORT_DATE_SQ":"2020-12-31 00:00:00","REPORT_TYPE_SQ":"2020年年报","OPERATE_INCOME_SQ":916784985.76,"DPS_HKD":null,"OPERATE_INCOME_QOQ_SQ":24.323152934722,"NET_PROFIT_RATIO_SQ":15.6034606218,"HOLDER_PROFIT_SQ":133680206.12,"HOLDER_PROFIT_QOQ_SQ":14.322389417585,"ROE_AVG_SQ":7.978622938698,"PE_TTM_SQ":-1.94949681536,"PB_TTM_SQ":0.256801275159,"ROA_SQ":3.6595994009,"START_DATE":"2021-01-01 00:00:00","FISCAL_YEAR":"12-31","CURRENCY":"HKD","IS_CNY_CODE":0,"DPS_HKD_LY":null,"ORG_TYPE":"一般企业","PREMIUM_INCOME":null,"PREMIUM_INCOME_YOY":null,"NET_INTEREST_INCOME":null,"NET_INTEREST_INCOME_YOY":null,"FEE_COMMISSION_INCOME":null,"FEE_COMMISSION_INCOME_YOY":null,"ACCOUNTS_RECE_TDAYS":1.227035157073,"INVENTORY_TDAYS":10.376701675086,"CURRENT_ASSETS_TDAYS":0.830026920209,"TOTAL_ASSETS_TDAYS":0.326475788534,"PREMIUM_EXPENSE":null,"LOAN_DEPOSIT":null,"LOAN_EQUITY":null,"LOAN_ASSETS":null,"DEPOSIT_EQUITY":null,"DEPOSIT_ASSETS":null,"EQUITY_MULTIPLIER":2.249370406722,"EQUITY_RATIO":1.574866148725},{"SECUCODE":"00726.HK","SECURITY_CODE":"00726","SECURITY_NAME_ABBR":"筑友智造科技","ORG_CODE":"10009086","STD_REPORT_DATE":"2021-06-30 00:00:00","REPORT_DATE":"2021-06-30 00:00:00","DATE_TYPE_CODE":"002","REPORT_TYPE":"2021年中报","PER_NETCASH_OPERATE":0.000976262606,"PER_OI":0.176312492211,"BPS":0.593968988503,"BASIC_EPS":0.007821552,"DILUTED_EPS":0.007821552,"OPERATE_INCOME":494098256.88,"OPERATE_INCOME_YOY":47.5765144455,"GROSS_PROFIT":141337940.88,"GROSS_PROFIT_YOY":37.829471397089,"HOLDER_PROFIT":21873719.04,"HOLDER_PROFIT_YOY":209.7808154608,"GROSS_PROFIT_RATIO":28.605229610095,"EPS_TTM":0.052741376969,"OPERATE_INCOME_QOQ":13.803982269091,"NET_PROFIT_RATIO":5.0866353099,"ROE_AVG":1.204850752596,"GROSS_PROFIT_QOQ":13.351951774331,"ROA":0.467645755494,"HOLDER_PROFIT_QOQ":10.564217104306,"ROE_YEARLY":2.409701505193,"ROIC_YEARLY":1.148736539473,"TOTAL_ASSETS":5016898219.68,"TOTAL_LIABILITIES":2599430401.2,"TAX_EBT":35.391756326068,"OCF_SALES":0.553711534478,"TOTAL_PARENT_EQUITY":1841954694,"DEBT_ASSET_RATIO":51.8134968536,"OPERATE_PROFIT":58654151.28,"PRETAX_PROFIT":38900572.08,"NETCASH_OPERATE":2735879.04,"NETCASH_INVEST":-461631327.36,"NETCASH_FINANCE":313496124.96,"END_CASH":234551702.88,"DIVI_RATIO":null,"DIVIDEND_RATE":null,"CURRENT_RATIO":1.307408020577,"COMMON_ACS":6250000000,"CURRENTDEBT_DEBT":50.850876196177,"ISSUED_COMMON_SHARES":3101095730,"HK_COMMON_SHARES":3101095730,"PER_SHARES":5000,"TOTAL_MARKET_CAP":403142444.9,"HKSK_MARKET_CAP":403142444.9,"PE_TTM":-1.04303777645,"PB_TTM":0.237908119006,"REPORT_DATE_SQ":"2020-06-30 00:00:00","REPORT_TYPE_SQ":"2020年中报","OPERATE_INCOME_SQ":367545420,"DPS_HKD":null,"OPERATE_INCOME_QOQ_SQ":18.295072353997,"NET_PROFIT_RATIO_SQ":2.6298850575,"HOLDER_PROFIT_SQ":7751451.84,"HOLDER_PROFIT_QOQ_SQ":17.867653668861,"ROE_AVG_SQ":0.468642483109,"PE_TTM_SQ":-1.94949681536,"PB_TTM_SQ":0.256801275159,"ROA_SQ":0.234786175394,"START_DATE":"2021-01-01 00:00:00","FISCAL_YEAR":"12-31","CURRENCY":"HKD","IS_CNY_CODE":0,"DPS_HKD_LY":null,"ORG_TYPE":"一般企业","PREMIUM_INCOME":null,"PREMIUM_INCOME_YOY":null,"NET_INTEREST_INCOME":null,"NET_INTEREST_INCOME_YOY":null,"FEE_COMMISSION_INCOME":null,"FEE_COMMISSION_INCOME_YOY":null,"ACCOUNTS_RECE_TDAYS":0.463611685171,"INVENTORY_TDAYS":3.086168114085,"CURRENT_ASSETS_TDAYS":0.29766805113,"TOTAL_ASSETS_TDAYS":0.105634964134,"PREMIUM_EXPENSE":null,"LOAN_DEPOSIT":null,"LOAN_EQUITY":null,"LOAN_ASSETS":null,"DEPOSIT_EQUITY":null,"DEPOSIT_ASSETS":null,"EQUITY_MULTIPLIER":2.075269909007,"EQUITY_RATIO":1.411234711509},{"SECUCODE":"00726.HK","SECURITY_CODE":"00726","SECURITY_NAME_ABBR":"筑友智造科技","ORG_CODE":"10009086","STD_REPORT_DATE":"2020-12-31 00:00:00","REPORT_DATE":"2020-12-31 00:00:00","DATE_TYPE_CODE":"001","REPORT_TYPE":"2020年年报","PER_NETCASH_OPERATE":0.017947313609,"PER_OI":0.327142715867,"BPS":0.583516972293,"BASIC_EPS":0.047720988,"DILUTED_EPS":0.047720988,"OPERATE_INCOME":916784985.76,"OPERATE_INCOME_YOY":56.5285866812,"GROSS_PROFIT":290537494.56,"GROSS_PROFIT_YOY":82.444232157559,"HOLDER_PROFIT":133680206.12,"HOLDER_PROFIT_YOY":43.4170963169,"GROSS_PROFIT_RATIO":31.690908890611,"EPS_TTM":0.047702030866,"OPERATE_INCOME_QOQ":24.323152934722,"NET_PROFIT_RATIO":15.6034606218,"ROE_AVG":7.978622938698,"GROSS_PROFIT_QOQ":39.38097267568,"ROA":3.6595994009,"HOLDER_PROFIT_QOQ":14.322389417585,"ROE_YEARLY":7.978622938698,"ROIC_YEARLY":4.607267789228,"TOTAL_ASSETS":4387765577.28,"TOTAL_LIABILITIES":2013007619.52,"TAX_EBT":20.832265907747,"OCF_SALES":5.48608076498,"TOTAL_PARENT_EQUITY":1809541991.16,"DEBT_ASSET_RATIO":45.8777385452,"OPERATE_PROFIT":208422887.96,"PRETAX_PROFIT":180692533.24,"NETCASH_OPERATE":50295564.76,"NETCASH_INVEST":-557357573.92,"NETCASH_FINANCE":751826912.32,"END_CASH":373588846.48,"DIVI_RATIO":null,"DIVIDEND_RATE":null,"CURRENT_RATIO":1.470928533638,"COMMON_ACS":6250000000,"CURRENTDEBT_DEBT":54.370490783387,"ISSUED_COMMON_SHARES":3101095730,"HK_COMMON_SHARES":3101095730,"PER_SHARES":5000,"TOTAL_MARKET_CAP":403142444.9,"HKSK_MARKET_CAP":403142444.9,"PE_TTM":-1.04303777645,"PB_TTM":0.237908119006,"REPORT_DATE_SQ":"2019-12-31 00:00:00","REPORT_TYPE_SQ":"2019年年报","OPERATE_INCOME_SQ":623374197.78,"DPS_HKD":null,"OPERATE_INCOME_QOQ_SQ":34.10508523042,"NET_PROFIT_RATIO_SQ":16.3266039279,"HOLDER_PROFIT_SQ":99206739.22,"HOLDER_PROFIT_QOQ_SQ":4214.41415195301,"ROE_AVG_SQ":6.148706775103,"PE_TTM_SQ":-1.94949681536,"PB_TTM_SQ":0.256801275159,"ROA_SQ":3.245390514847,"START_DATE":"2020-01-01 00:00:00","FISCAL_YEAR":"12-31","CURRENCY":"HKD","IS_CNY_CODE":0,"DPS_HKD_LY":null,"ORG_TYPE":"一般企业","PREMIUM_INCOME":null,"PREMIUM_INCOME_YOY":null,"NET_INTEREST_INCOME":null,"NET_INTEREST_INCOME_YOY":null,"FEE_COMMISSION_INCOME":null,"FEE_COMMISSION_INCOME_YOY":null,"ACCOUNTS_RECE_TDAYS":1.155458862228,"INVENTORY_TDAYS":8.307802241972,"CURRENT_ASSETS_TDAYS":0.742305781593,"TOTAL_ASSETS_TDAYS":0.250977005648,"PREMIUM_EXPENSE":null,"LOAN_DEPOSIT":null,"LOAN_EQUITY":null,"LOAN_ASSETS":null,"DEPOSIT_EQUITY":null,"DEPOSIT_ASSETS":null,"EQUITY_MULTIPLIER":1.847668543627,"EQUITY_RATIO":1.112440401689},{"SECUCODE":"00726.HK","SECURITY_CODE":"00726","SECURITY_NAME_ABBR":"筑友智造科技","ORG_CODE":"10009086","STD_REPORT_DATE":"2020-06-30 00:00:00","REPORT_DATE":"2020-06-30 00:00:00","DATE_TYPE_CODE":"002","REPORT_TYPE":"2020年中报","PER_NETCASH_OPERATE":0.001148726121,"PER_OI":0.03278844243,"BPS":0.527274842225,"BASIC_EPS":0.00274032,"DILUTED_EPS":0.00274032,"OPERATE_INCOME":367545420,"OPERATE_INCOME_YOY":39.6272442726,"GROSS_PROFIT":102545514.72,"GROSS_PROFIT_YOY":92.233161781718,"HOLDER_PROFIT":7751451.84,"HOLDER_PROFIT_YOY":174.8390510627,"GROSS_PROFIT_RATIO":27.900093196645,"EPS_TTM":0.010431471715,"OPERATE_INCOME_QOQ":18.295072353997,"NET_PROFIT_RATIO":2.6298850575,"ROE_AVG":0.468642483109,"GROSS_PROFIT_QOQ":30.896081907881,"ROA":0.234786175394,"HOLDER_PROFIT_QOQ":17.867653668861,"ROE_YEARLY":0.937284966219,"ROIC_YEARLY":0.579546535227,"TOTAL_ASSETS":3436094555.52,"TOTAL_LIABILITIES":1228074408,"TAX_EBT":39.610797237916,"OCF_SALES":3.503448275862,"TOTAL_PARENT_EQUITY":1635129761.76,"DEBT_ASSET_RATIO":35.7404136632,"OPERATE_PROFIT":29417335.2,"PRETAX_PROFIT":16006209.12,"NETCASH_OPERATE":12876763.68,"NETCASH_INVEST":-212738349.12,"NETCASH_FINANCE":206210906.88,"END_CASH":68069548.8,"DIVI_RATIO":null,"DIVIDEND_RATE":null,"CURRENT_RATIO":1.005756375926,"COMMON_ACS":6250000000,"CURRENTDEBT_DEBT":86.469336903567,"ISSUED_COMMON_SHARES":3101095730,"HK_COMMON_SHARES":3101095730,"PER_SHARES":5000,"TOTAL_MARKET_CAP":403142444.9,"HKSK_MARKET_CAP":403142444.9,"PE_TTM":-1.04303777645,"PB_TTM":0.237908119006,"REPORT_DATE_SQ":"2019-06-30 00:00:00","REPORT_TYPE_SQ":"2019年中报","OPERATE_INCOME_SQ":253498659.48,"DPS_HKD":null,"OPERATE_INCOME_QOQ_SQ":0.053985486033,"NET_PROFIT_RATIO_SQ":-4.5482306075,"HOLDER_PROFIT_SQ":-9974464.74,"HOLDER_PROFIT_QOQ_SQ":-110.033480587888,"ROE_AVG_SQ":-0.64382093159,"PE_TTM_SQ":-1.94949681536,"PB_TTM_SQ":0.256801275159,"ROA_SQ":-0.340116210621,"START_DATE":"2020-01-01 00:00:00","FISCAL_YEAR":"12-31","CURRENCY":"HKD","IS_CNY_CODE":0,"DPS_HKD_LY":null,"ORG_TYPE":"一般企业","PREMIUM_INCOME":null,"PREMIUM_INCOME_YOY":null,"NET_INTEREST_INCOME":null,"NET_INTEREST_INCOME_YOY":null,"FEE_COMMISSION_INCOME":null,"FEE_COMMISSION_INCOME_YOY":null,"ACCOUNTS_RECE_TDAYS":0.520732902037,"INVENTORY_TDAYS":3.107172119077,"CURRENT_ASSETS_TDAYS":0.367251774765,"TOTAL_ASSETS_TDAYS":0.111326994254,"PREMIUM_EXPENSE":null,"LOAN_DEPOSIT":null,"LOAN_EQUITY":null,"LOAN_ASSETS":null,"DEPOSIT_EQUITY":null,"DEPOSIT_ASSETS":null,"EQUITY_MULTIPLIER":1.556188044471,"EQUITY_RATIO":0.7510562383}],"count":47},"success":true,"message":"ok","code":0}