{"version":"1bce146520f99ebb21013543c8ff7942","result":{"pages":6,"data":[{"SECUCODE":"00725.HK","SECURITY_CODE":"00725","SECURITY_NAME_ABBR":"恒都集团","ORG_CODE":"10009085","STD_REPORT_DATE":"2024-06-30 00:00:00","REPORT_DATE":"2024-06-30 00:00:00","DATE_TYPE_CODE":"002","REPORT_TYPE":"2024年中报","PER_NETCASH_OPERATE":0.092594647111,"PER_OI":0.740358081806,"BPS":1.893619021502,"BASIC_EPS":0.03559452,"DILUTED_EPS":0.03559452,"OPERATE_INCOME":147300163.24,"OPERATE_INCOME_YOY":4.1574433208,"GROSS_PROFIT":39611224.68,"GROSS_PROFIT_YOY":1.36658807598,"HOLDER_PROFIT":7118904,"HOLDER_PROFIT_YOY":21.4953271028,"GROSS_PROFIT_RATIO":26.891500870546,"EPS_TTM":0.077750743976,"OPERATE_INCOME_QOQ":1.613613083803,"NET_PROFIT_RATIO":4.832923361,"ROE_AVG":1.897071699582,"GROSS_PROFIT_QOQ":0.681840842764,"ROA":1.699331596239,"HOLDER_PROFIT_QOQ":8.40818419009,"ROE_YEARLY":3.794143399163,"ROIC_YEARLY":3.770133054279,"TOTAL_ASSETS":422713218.08,"TOTAL_LIABILITIES":45962564.8,"TAX_EBT":8.921064922933,"OCF_SALES":12.506738210455,"TOTAL_PARENT_EQUITY":376750653.28,"DEBT_ASSET_RATIO":10.8732262996,"OPERATE_PROFIT":7821667.6,"PRETAX_PROFIT":7816191.52,"NETCASH_OPERATE":18422445.8,"NETCASH_INVEST":-6568557.96,"NETCASH_FINANCE":-205353,"END_CASH":46950997.24,"DIVI_RATIO":0.234770743874,"DIVIDEND_RATE":3.508771929825,"CURRENT_RATIO":5.691525964409,"COMMON_ACS":500000000,"CURRENTDEBT_DEBT":87.146544876886,"ISSUED_COMMON_SHARES":198958000,"HK_COMMON_SHARES":198958000,"PER_SHARES":2000,"TOTAL_MARKET_CAP":113406060,"HKSK_MARKET_CAP":113406060,"PE_TTM":6.621865000584,"PB_TTM":0.274726644638,"REPORT_DATE_SQ":"2023-06-30 00:00:00","REPORT_TYPE_SQ":"2023年中报","OPERATE_INCOME_SQ":142861722.98,"DPS_HKD":0.02,"OPERATE_INCOME_QOQ_SQ":-5.537995190645,"NET_PROFIT_RATIO_SQ":1.5088640925,"HOLDER_PROFIT_SQ":5919111.6,"HOLDER_PROFIT_QOQ_SQ":-31.022725056598,"ROE_AVG_SQ":0.488012590641,"PE_TTM_SQ":9.447198480532,"PB_TTM_SQ":0.179564333703,"ROA_SQ":0.359320825239,"START_DATE":"2024-01-01 00:00:00","FISCAL_YEAR":"12-31","CURRENCY":"HKD","IS_CNY_CODE":0,"DPS_HKD_LY":0.02,"ORG_TYPE":"一般企业","PREMIUM_INCOME":null,"PREMIUM_INCOME_YOY":null,"NET_INTEREST_INCOME":null,"NET_INTEREST_INCOME_YOY":null,"FEE_COMMISSION_INCOME":null,"FEE_COMMISSION_INCOME_YOY":null,"ACCOUNTS_RECE_TDAYS":2.21783552401,"INVENTORY_TDAYS":1.084146498337,"CURRENT_ASSETS_TDAYS":0.670458062359,"TOTAL_ASSETS_TDAYS":0.351615672195,"PREMIUM_EXPENSE":null,"LOAN_DEPOSIT":null,"LOAN_EQUITY":null,"LOAN_ASSETS":null,"DEPOSIT_EQUITY":null,"DEPOSIT_ASSETS":null,"EQUITY_MULTIPLIER":1.121997306176,"EQUITY_RATIO":0.121997306175},{"SECUCODE":"00725.HK","SECURITY_CODE":"00725","SECURITY_NAME_ABBR":"恒都集团","ORG_CODE":"10009085","STD_REPORT_DATE":"2023-12-31 00:00:00","REPORT_DATE":"2023-12-31 00:00:00","DATE_TYPE_CODE":"001","REPORT_TYPE":"2023年年报","PER_NETCASH_OPERATE":0.266617013138,"PER_OI":1.382514088099,"BPS":1.865312474392,"BASIC_EPS":0.07159138,"DILUTED_EPS":0.07159138,"OPERATE_INCOME":275062237.94,"OPERATE_INCOME_YOY":-6.4700915803,"GROSS_PROFIT":78320969.72,"GROSS_PROFIT_YOY":10.447746227875,"HOLDER_PROFIT":14269340.12,"HOLDER_PROFIT_YOY":-14.9324689357,"GROSS_PROFIT_RATIO":28.473908416714,"EPS_TTM":0.071720363695,"OPERATE_INCOME_QOQ":0.448682431132,"NET_PROFIT_RATIO":5.1876768788,"ROE_AVG":3.870250978869,"GROSS_PROFIT_QOQ":13.646631939241,"ROA":2.8201378547,"HOLDER_PROFIT_QOQ":46.13042443862,"ROE_YEARLY":3.870250978869,"ROIC_YEARLY":2.980427340963,"TOTAL_ASSETS":412195979.44,"TOTAL_LIABILITIES":41077140.16,"TAX_EBT":10.595048830343,"OCF_SALES":19.284940054756,"TOTAL_PARENT_EQUITY":371118839.28,"DEBT_ASSET_RATIO":9.9654393077,"OPERATE_PROFIT":16584732.22,"PRETAX_PROFIT":15960346.64,"NETCASH_OPERATE":53045587.7,"NETCASH_INVEST":-10240286,"NETCASH_FINANCE":-26451655.58,"END_CASH":35349829.76,"DIVI_RATIO":0.254510700443,"DIVIDEND_RATE":3.333333333333,"CURRENT_RATIO":5.924882989335,"COMMON_ACS":500000000,"CURRENTDEBT_DEBT":86.257942110837,"ISSUED_COMMON_SHARES":198958000,"HK_COMMON_SHARES":198958000,"PER_SHARES":2000,"TOTAL_MARKET_CAP":119374800,"HKSK_MARKET_CAP":119374800,"PE_TTM":6.970384211141,"PB_TTM":0.289185941724,"REPORT_DATE_SQ":"2022-12-31 00:00:00","REPORT_TYPE_SQ":"2022年年报","OPERATE_INCOME_SQ":289887553.48,"DPS_HKD":0.02,"OPERATE_INCOME_QOQ_SQ":-8.051256594485,"NET_PROFIT_RATIO_SQ":4.8834600831,"HOLDER_PROFIT_SQ":16534427.7,"HOLDER_PROFIT_QOQ_SQ":17.371159449725,"ROE_AVG_SQ":2.792198124851,"PE_TTM_SQ":10.769806267806,"PB_TTM_SQ":0.204703340421,"ROA_SQ":2.28100324994,"START_DATE":"2023-01-01 00:00:00","FISCAL_YEAR":"12-31","CURRENCY":"HKD","IS_CNY_CODE":0,"DPS_HKD_LY":0.03,"ORG_TYPE":"一般企业","PREMIUM_INCOME":null,"PREMIUM_INCOME_YOY":null,"NET_INTEREST_INCOME":null,"NET_INTEREST_INCOME_YOY":null,"FEE_COMMISSION_INCOME":null,"FEE_COMMISSION_INCOME_YOY":null,"ACCOUNTS_RECE_TDAYS":5.008159190846,"INVENTORY_TDAYS":1.693620672843,"CURRENT_ASSETS_TDAYS":1.32561039256,"TOTAL_ASSETS_TDAYS":0.543622496268,"PREMIUM_EXPENSE":null,"LOAN_DEPOSIT":null,"LOAN_EQUITY":null,"LOAN_ASSETS":null,"DEPOSIT_EQUITY":null,"DEPOSIT_ASSETS":null,"EQUITY_MULTIPLIER":1.110684599681,"EQUITY_RATIO":0.110684599682},{"SECUCODE":"00725.HK","SECURITY_CODE":"00725","SECURITY_NAME_ABBR":"恒都集团","ORG_CODE":"10009085","STD_REPORT_DATE":"2023-06-30 00:00:00","REPORT_DATE":"2023-06-30 00:00:00","DATE_TYPE_CODE":"002","REPORT_TYPE":"2023年中报","PER_NETCASH_OPERATE":0.120990238241,"PER_OI":0.718049653595,"BPS":2.567269292816,"BASIC_EPS":0.02950336,"DILUTED_EPS":0.02950336,"OPERATE_INCOME":142861722.98,"OPERATE_INCOME_YOY":-16.6145567066,"GROSS_PROFIT":39077200.32,"GROSS_PROFIT_YOY":13.477968557005,"HOLDER_PROFIT":5919111.6,"HOLDER_PROFIT_YOY":-69.4618599791,"GROSS_PROFIT_RATIO":25.720389026208,"EPS_TTM":0.049079693001,"OPERATE_INCOME_QOQ":-5.537995190645,"NET_PROFIT_RATIO":1.5088640925,"ROE_AVG":0.488012590641,"GROSS_PROFIT_QOQ":3.466055227024,"ROA":0.359320825239,"HOLDER_PROFIT_QOQ":-31.022725056598,"ROE_YEARLY":0.976025181283,"ROIC_YEARLY":0.746650571205,"TOTAL_ASSETS":589618195.74,"TOTAL_LIABILITIES":78839431.78,"TAX_EBT":15.258711721225,"OCF_SALES":16.849842853547,"TOTAL_PARENT_EQUITY":510778763.96,"DEBT_ASSET_RATIO":13.3712684496,"OPERATE_PROFIT":7459740.18,"PRETAX_PROFIT":6984920.48,"NETCASH_OPERATE":24071975.82,"NETCASH_INVEST":-923823.96,"NETCASH_FINANCE":-17011452.98,"END_CASH":25602462.62,"DIVI_RATIO":0.371917566799,"DIVIDEND_RATE":3.333333333333,"CURRENT_RATIO":4.779924782778,"COMMON_ACS":500000000,"CURRENTDEBT_DEBT":54.10531978342,"ISSUED_COMMON_SHARES":198958000,"HK_COMMON_SHARES":198958000,"PER_SHARES":2000,"TOTAL_MARKET_CAP":119374800,"HKSK_MARKET_CAP":119374800,"PE_TTM":6.970384211141,"PB_TTM":0.289185941724,"REPORT_DATE_SQ":"2022-06-30 00:00:00","REPORT_TYPE_SQ":"2022年中报","OPERATE_INCOME_SQ":158915681.75,"DPS_HKD":0.02,"OPERATE_INCOME_QOQ_SQ":3.24875901581,"NET_PROFIT_RATIO_SQ":4.1200053814,"HOLDER_PROFIT_SQ":6547334.64,"HOLDER_PROFIT_QOQ_SQ":7.766359036117,"ROE_AVG_SQ":1.359201238478,"PE_TTM_SQ":10.769806267806,"PB_TTM_SQ":0.204703340421,"ROA_SQ":1.060904304519,"START_DATE":"2023-01-01 00:00:00","FISCAL_YEAR":"12-31","CURRENCY":"HKD","IS_CNY_CODE":0,"DPS_HKD_LY":0.03,"ORG_TYPE":"一般企业","PREMIUM_INCOME":null,"PREMIUM_INCOME_YOY":null,"NET_INTEREST_INCOME":null,"NET_INTEREST_INCOME_YOY":null,"FEE_COMMISSION_INCOME":null,"FEE_COMMISSION_INCOME_YOY":null,"ACCOUNTS_RECE_TDAYS":2.648712404167,"INVENTORY_TDAYS":0.871333075939,"CURRENT_ASSETS_TDAYS":0.692620587617,"TOTAL_ASSETS_TDAYS":0.238139953771,"PREMIUM_EXPENSE":null,"LOAN_DEPOSIT":null,"LOAN_EQUITY":null,"LOAN_ASSETS":null,"DEPOSIT_EQUITY":null,"DEPOSIT_ASSETS":null,"EQUITY_MULTIPLIER":1.154351428334,"EQUITY_RATIO":0.154351428334},{"SECUCODE":"00725.HK","SECURITY_CODE":"00725","SECURITY_NAME_ABBR":"恒都集团","ORG_CODE":"10009085","STD_REPORT_DATE":"2022-12-31 00:00:00","REPORT_DATE":"2022-12-31 00:00:00","DATE_TYPE_CODE":"001","REPORT_TYPE":"2022年年报","PER_NETCASH_OPERATE":0.269007354919,"PER_OI":1.457028887906,"BPS":2.541665142141,"BASIC_EPS":0.08307411,"DILUTED_EPS":0.08307411,"OPERATE_INCOME":289887553.48,"OPERATE_INCOME_YOY":-13.1062034102,"GROSS_PROFIT":70912238.95,"GROSS_PROFIT_YOY":8.526477760424,"HOLDER_PROFIT":16534427.7,"HOLDER_PROFIT_YOY":15.7717875667,"GROSS_PROFIT_RATIO":22.977037137469,"EPS_TTM":0.07115342414,"OPERATE_INCOME_QOQ":-8.051256594485,"NET_PROFIT_RATIO":4.8834600831,"ROE_AVG":2.792198124851,"GROSS_PROFIT_QOQ":-4.189295212802,"ROA":2.28100324994,"HOLDER_PROFIT_QOQ":17.371159449725,"ROE_YEARLY":2.792198124851,"ROIC_YEARLY":2.349230066824,"TOTAL_ASSETS":417450082.56,"TOTAL_LIABILITIES":56417146.66,"TAX_EBT":9.760140405616,"OCF_SALES":18.462733110648,"TOTAL_PARENT_EQUITY":361032935.9,"DEBT_ASSET_RATIO":14.4638132696,"OPERATE_PROFIT":20073563.44,"PRETAX_PROFIT":18322754.24,"NETCASH_OPERATE":53521165.32,"NETCASH_INVEST":-1447990.67,"NETCASH_FINANCE":-50049918.1,"END_CASH":18801546.96,"DIVI_RATIO":0.256538602614,"DIVIDEND_RATE":3.333333333333,"CURRENT_RATIO":3.992977007641,"COMMON_ACS":500000000,"CURRENTDEBT_DEBT":89.72893378511,"ISSUED_COMMON_SHARES":198958000,"HK_COMMON_SHARES":198958000,"PER_SHARES":2000,"TOTAL_MARKET_CAP":119374800,"HKSK_MARKET_CAP":119374800,"PE_TTM":6.970384211141,"PB_TTM":0.289185941724,"REPORT_DATE_SQ":"2021-12-31 00:00:00","REPORT_TYPE_SQ":"2021年年报","OPERATE_INCOME_SQ":305350707.2,"DPS_HKD":0.02,"OPERATE_INCOME_QOQ_SQ":11.853299927453,"NET_PROFIT_RATIO_SQ":3.6653350184,"HOLDER_PROFIT_SQ":11192126.4,"HOLDER_PROFIT_QOQ_SQ":1002.80730860403,"ROE_AVG_SQ":2.448097086927,"PE_TTM_SQ":10.769806267806,"PB_TTM_SQ":0.204703340421,"ROA_SQ":1.936605147728,"START_DATE":"2022-01-01 00:00:00","FISCAL_YEAR":"12-31","CURRENCY":"HKD","IS_CNY_CODE":0,"DPS_HKD_LY":0.02,"ORG_TYPE":"一般企业","PREMIUM_INCOME":null,"PREMIUM_INCOME_YOY":null,"NET_INTEREST_INCOME":null,"NET_INTEREST_INCOME_YOY":null,"FEE_COMMISSION_INCOME":null,"FEE_COMMISSION_INCOME_YOY":null,"ACCOUNTS_RECE_TDAYS":4.986194869746,"INVENTORY_TDAYS":1.624960994383,"CURRENT_ASSETS_TDAYS":1.3055900871,"TOTAL_ASSETS_TDAYS":0.467087518099,"PREMIUM_EXPENSE":null,"LOAN_DEPOSIT":null,"LOAN_EQUITY":null,"LOAN_ASSETS":null,"DEPOSIT_EQUITY":null,"DEPOSIT_ASSETS":null,"EQUITY_MULTIPLIER":1.169095839112,"EQUITY_RATIO":0.156265927704},{"SECUCODE":"00725.HK","SECURITY_CODE":"00725","SECURITY_NAME_ABBR":"恒都集团","ORG_CODE":"10009085","STD_REPORT_DATE":"2022-06-30 00:00:00","REPORT_DATE":"2022-06-30 00:00:00","DATE_TYPE_CODE":"002","REPORT_TYPE":"2022年中报","PER_NETCASH_OPERATE":0.004603526825,"PER_OI":0.798739843334,"BPS":2.396266811789,"BASIC_EPS":0.03249722,"DILUTED_EPS":0.03249722,"OPERATE_INCOME":158915681.75,"OPERATE_INCOME_YOY":3.775744985,"GROSS_PROFIT":34435935.73,"GROSS_PROFIT_YOY":13.811749490324,"HOLDER_PROFIT":6547334.64,"HOLDER_PROFIT_YOY":12.1922626026,"GROSS_PROFIT_RATIO":21.669312525225,"EPS_TTM":0.060622579238,"OPERATE_INCOME_QOQ":3.24875901581,"NET_PROFIT_RATIO":4.1200053814,"ROE_AVG":1.359201238478,"GROSS_PROFIT_QOQ":6.395698647008,"ROA":1.060904304519,"HOLDER_PROFIT_QOQ":7.766359036117,"ROE_YEARLY":2.718402476956,"ROIC_YEARLY":2.186254240579,"TOTAL_ASSETS":611943177.16,"TOTAL_LIABILITIES":135186724.82,"TAX_EBT":24.88963013833,"OCF_SALES":0.576348715189,"TOTAL_PARENT_EQUITY":476756452.34,"DEBT_ASSET_RATIO":22.0913852569,"OPERATE_PROFIT":9460111.78,"PRETAX_PROFIT":8716951.67,"NETCASH_OPERATE":4318709.5,"NETCASH_INVEST":-867162.66,"NETCASH_FINANCE":-42759.5,"END_CASH":19872050.03,"DIVI_RATIO":0.301102332324,"DIVIDEND_RATE":3.333333333333,"CURRENT_RATIO":2.325412655028,"COMMON_ACS":500000000,"CURRENTDEBT_DEBT":77.071445741976,"ISSUED_COMMON_SHARES":198958000,"HK_COMMON_SHARES":198958000,"PER_SHARES":2000,"TOTAL_MARKET_CAP":119374800,"HKSK_MARKET_CAP":119374800,"PE_TTM":6.970384211141,"PB_TTM":0.289185941724,"REPORT_DATE_SQ":"2021-06-30 00:00:00","REPORT_TYPE_SQ":"2021年中报","OPERATE_INCOME_SQ":148995573.12,"DPS_HKD":0.02,"OPERATE_INCOME_QOQ_SQ":14.881017754404,"NET_PROFIT_RATIO_SQ":3.8109279364,"HOLDER_PROFIT_SQ":5678113.92,"HOLDER_PROFIT_QOQ_SQ":92.340696046432,"ROE_AVG_SQ":1.229045751516,"PE_TTM_SQ":10.769806267806,"PB_TTM_SQ":0.204703340421,"ROA_SQ":0.953823961892,"START_DATE":"2022-01-01 00:00:00","FISCAL_YEAR":"12-31","CURRENCY":"HKD","IS_CNY_CODE":0,"DPS_HKD_LY":0.02,"ORG_TYPE":"一般企业","PREMIUM_INCOME":null,"PREMIUM_INCOME_YOY":null,"NET_INTEREST_INCOME":null,"NET_INTEREST_INCOME_YOY":null,"FEE_COMMISSION_INCOME":null,"FEE_COMMISSION_INCOME_YOY":null,"ACCOUNTS_RECE_TDAYS":2.337553698008,"INVENTORY_TDAYS":0.884136230282,"CURRENT_ASSETS_TDAYS":0.670659525477,"TOTAL_ASSETS_TDAYS":0.257500708447,"PREMIUM_EXPENSE":null,"LOAN_DEPOSIT":null,"LOAN_EQUITY":null,"LOAN_ASSETS":null,"DEPOSIT_EQUITY":null,"DEPOSIT_ASSETS":null,"EQUITY_MULTIPLIER":1.283555102728,"EQUITY_RATIO":0.283555102729},{"SECUCODE":"00725.HK","SECURITY_CODE":"00725","SECURITY_NAME_ABBR":"恒都集团","ORG_CODE":"10009085","STD_REPORT_DATE":"2021-12-31 00:00:00","REPORT_DATE":"2021-12-31 00:00:00","DATE_TYPE_CODE":"001","REPORT_TYPE":"2021年年报","PER_NETCASH_OPERATE":-0.094915043376,"PER_OI":1.534749581319,"BPS":2.33849265071,"BASIC_EPS":0.0564144,"DILUTED_EPS":0.0564144,"OPERATE_INCOME":305350707.2,"OPERATE_INCOME_YOY":32.2764590461,"GROSS_PROFIT":65340956.8,"GROSS_PROFIT_YOY":47.122893539824,"HOLDER_PROFIT":11192126.4,"HOLDER_PROFIT_YOY":171.1819458167,"GROSS_PROFIT_RATIO":21.398659069489,"EPS_TTM":0.056253713849,"OPERATE_INCOME_QOQ":11.853299927453,"NET_PROFIT_RATIO":3.6653350184,"ROE_AVG":2.448097086927,"GROSS_PROFIT_QOQ":17.212572179473,"ROA":1.936605147728,"HOLDER_PROFIT_QOQ":1002.80730860403,"ROE_YEARLY":2.448097086927,"ROIC_YEARLY":1.995433054453,"TOTAL_ASSETS":594994500.8,"TOTAL_LIABILITIES":129732680,"TAX_EBT":9.320349761526,"OCF_SALES":-6.18439936595,"TOTAL_PARENT_EQUITY":465261820.8,"DEBT_ASSET_RATIO":21.8040132851,"OPERATE_PROFIT":13374300.8,"PRETAX_PROFIT":12342489.6,"NETCASH_OPERATE":-18884107.2,"NETCASH_INVEST":-6864569.6,"NETCASH_FINANCE":23056320,"END_CASH":15786220.8,"DIVI_RATIO":0.324487020518,"DIVIDEND_RATE":3.333333333333,"CURRENT_RATIO":2.239342527367,"COMMON_ACS":500000000,"CURRENTDEBT_DEBT":76.223727745392,"ISSUED_COMMON_SHARES":198958000,"HK_COMMON_SHARES":198958000,"PER_SHARES":2000,"TOTAL_MARKET_CAP":119374800,"HKSK_MARKET_CAP":119374800,"PE_TTM":6.970384211141,"PB_TTM":0.289185941724,"REPORT_DATE_SQ":"2020-12-31 00:00:00","REPORT_TYPE_SQ":"2020年年报","OPERATE_INCOME_SQ":237630320.88,"DPS_HKD":0.02,"OPERATE_INCOME_QOQ_SQ":-0.109750613534,"NET_PROFIT_RATIO_SQ":-6.8112431023,"HOLDER_PROFIT_SQ":-16185578.84,"HOLDER_PROFIT_QOQ_SQ":34.741968375079,"ROE_AVG_SQ":-3.459422704002,"PE_TTM_SQ":10.769806267806,"PB_TTM_SQ":0.204703340421,"ROA_SQ":-2.745605011789,"START_DATE":"2021-01-01 00:00:00","FISCAL_YEAR":"12-31","CURRENCY":"HKD","IS_CNY_CODE":0,"DPS_HKD_LY":null,"ORG_TYPE":"一般企业","PREMIUM_INCOME":null,"PREMIUM_INCOME_YOY":null,"NET_INTEREST_INCOME":null,"NET_INTEREST_INCOME_YOY":null,"FEE_COMMISSION_INCOME":null,"FEE_COMMISSION_INCOME_YOY":null,"ACCOUNTS_RECE_TDAYS":5.466030500834,"INVENTORY_TDAYS":2.105129547427,"CURRENT_ASSETS_TDAYS":1.544817544818,"TOTAL_ASSETS_TDAYS":0.528356927264,"PREMIUM_EXPENSE":null,"LOAN_DEPOSIT":null,"LOAN_EQUITY":null,"LOAN_ASSETS":null,"DEPOSIT_EQUITY":null,"DEPOSIT_ASSETS":null,"EQUITY_MULTIPLIER":1.278838009482,"EQUITY_RATIO":0.278838009482},{"SECUCODE":"00725.HK","SECURITY_CODE":"00725","SECURITY_NAME_ABBR":"恒都集团","ORG_CODE":"10009085","STD_REPORT_DATE":"2021-06-30 00:00:00","REPORT_DATE":"2021-06-30 00:00:00","DATE_TYPE_CODE":"002","REPORT_TYPE":"2021年中报","PER_NETCASH_OPERATE":-0.181908501694,"PER_OI":0.748879527941,"BPS":2.346940027544,"BASIC_EPS":0.02829072,"DILUTED_EPS":0.02829072,"OPERATE_INCOME":148995573.12,"OPERATE_INCOME_YOY":43.9398080417,"GROSS_PROFIT":30256925.04,"GROSS_PROFIT_YOY":59.888746453311,"HOLDER_PROFIT":5678113.92,"HOLDER_PROFIT_YOY":167.2580327223,"GROSS_PROFIT_RATIO":20.307264441764,"EPS_TTM":-0.006230976789,"OPERATE_INCOME_QOQ":14.881017754404,"NET_PROFIT_RATIO":3.8109279364,"ROE_AVG":1.229045751516,"GROSS_PROFIT_QOQ":25.518014667022,"ROA":0.953823961892,"HOLDER_PROFIT_QOQ":92.340696046432,"ROE_YEARLY":2.458091503033,"ROIC_YEARLY":1.962186785862,"TOTAL_ASSETS":619811399.52,"TOTAL_LIABILITIES":152868905.52,"TAX_EBT":22.866508420934,"OCF_SALES":-24.290756377608,"TOTAL_PARENT_EQUITY":466942494,"DEBT_ASSET_RATIO":24.663777665,"OPERATE_PROFIT":7766634.72,"PRETAX_PROFIT":7361411.76,"NETCASH_OPERATE":-36192151.68,"NETCASH_INVEST":-2764169.76,"NETCASH_FINANCE":34582076.88,"END_CASH":14479024.08,"DIVI_RATIO":-2.92949253671,"DIVIDEND_RATE":3.333333333333,"CURRENT_RATIO":1.903115918855,"COMMON_ACS":500000000,"CURRENTDEBT_DEBT":78.294569423957,"ISSUED_COMMON_SHARES":198958000,"HK_COMMON_SHARES":198958000,"PER_SHARES":2000,"TOTAL_MARKET_CAP":119374800,"HKSK_MARKET_CAP":119374800,"PE_TTM":6.970384211141,"PB_TTM":0.289185941724,"REPORT_DATE_SQ":"2020-06-30 00:00:00","REPORT_TYPE_SQ":"2020年中报","OPERATE_INCOME_SQ":113633762.88,"DPS_HKD":0.02,"OPERATE_INCOME_QOQ_SQ":-11.875612503885,"NET_PROFIT_RATIO_SQ":-8.1558174306,"HOLDER_PROFIT_SQ":-9267762.24,"HOLDER_PROFIT_QOQ_SQ":-109.789998437928,"ROE_AVG_SQ":-1.831953560176,"PE_TTM_SQ":10.769806267806,"PB_TTM_SQ":0.204703340421,"ROA_SQ":-1.450785055455,"START_DATE":"2021-01-01 00:00:00","FISCAL_YEAR":"12-31","CURRENCY":"HKD","IS_CNY_CODE":0,"DPS_HKD_LY":null,"ORG_TYPE":"一般企业","PREMIUM_INCOME":null,"PREMIUM_INCOME_YOY":null,"NET_INTEREST_INCOME":null,"NET_INTEREST_INCOME_YOY":null,"FEE_COMMISSION_INCOME":null,"FEE_COMMISSION_INCOME_YOY":null,"ACCOUNTS_RECE_TDAYS":2.639465809761,"INVENTORY_TDAYS":1.043380030416,"CURRENT_ASSETS_TDAYS":0.736252621192,"TOTAL_ASSETS_TDAYS":0.250286538558,"PREMIUM_EXPENSE":null,"LOAN_DEPOSIT":null,"LOAN_EQUITY":null,"LOAN_ASSETS":null,"DEPOSIT_EQUITY":null,"DEPOSIT_ASSETS":null,"EQUITY_MULTIPLIER":1.327382723749,"EQUITY_RATIO":0.327382723749},{"SECUCODE":"00725.HK","SECURITY_CODE":"00725","SECURITY_NAME_ABBR":"恒都集团","ORG_CODE":"10009085","STD_REPORT_DATE":"2020-12-31 00:00:00","REPORT_DATE":"2020-12-31 00:00:00","DATE_TYPE_CODE":"001","REPORT_TYPE":"2020年年报","PER_NETCASH_OPERATE":0.105417569537,"PER_OI":1.194374294474,"BPS":2.32358597895,"BASIC_EPS":-0.08163908,"DILUTED_EPS":-0.08163908,"OPERATE_INCOME":237630320.88,"OPERATE_INCOME_YOY":-6.3097920407,"GROSS_PROFIT":44412501.16,"GROSS_PROFIT_YOY":-11.126790825034,"HOLDER_PROFIT":-16185578.84,"HOLDER_PROFIT_YOY":-45.7114714351,"GROSS_PROFIT_RATIO":18.689745060954,"EPS_TTM":-0.081351736748,"OPERATE_INCOME_QOQ":-0.109750613534,"NET_PROFIT_RATIO":-6.8112431023,"ROE_AVG":-3.459422704002,"GROSS_PROFIT_QOQ":13.286526979871,"ROA":-2.745605011789,"HOLDER_PROFIT_QOQ":34.741968375079,"ROE_YEARLY":-3.459422704002,"ROIC_YEARLY":-2.866151143979,"TOTAL_ASSETS":577346523.92,"TOTAL_LIABILITIES":115050504.72,"TAX_EBT":10.017780273255,"OCF_SALES":8.826175347628,"TOTAL_PARENT_EQUITY":462296019.2,"DEBT_ASSET_RATIO":19.9274612305,"OPERATE_PROFIT":-16577783.08,"PRETAX_PROFIT":-17987530.08,"NETCASH_OPERATE":20973668.8,"NETCASH_INVEST":-14137868.72,"NETCASH_FINANCE":-19491540.76,"END_CASH":18827486.8,"DIVI_RATIO":-0.224378737684,"DIVIDEND_RATE":3.333333333333,"CURRENT_RATIO":2.205935130538,"COMMON_ACS":500000000,"CURRENTDEBT_DEBT":70.527001126571,"ISSUED_COMMON_SHARES":198958000,"HK_COMMON_SHARES":198958000,"PER_SHARES":2000,"TOTAL_MARKET_CAP":119374800,"HKSK_MARKET_CAP":119374800,"PE_TTM":6.970384211141,"PB_TTM":0.289185941724,"REPORT_DATE_SQ":"2019-12-31 00:00:00","REPORT_TYPE_SQ":"2019年年报","OPERATE_INCOME_SQ":269949573.46,"DPS_HKD":0.02,"OPERATE_INCOME_QOQ_SQ":-11.729195855574,"NET_PROFIT_RATIO_SQ":-4.3795232897,"HOLDER_PROFIT_SQ":-11822504.44,"HOLDER_PROFIT_QOQ_SQ":-364.983572929795,"ROE_AVG_SQ":-2.314202325249,"PE_TTM_SQ":10.769806267806,"PB_TTM_SQ":0.204703340421,"ROA_SQ":-1.823143478961,"START_DATE":"2020-01-01 00:00:00","FISCAL_YEAR":"12-31","CURRENCY":"HKD","IS_CNY_CODE":0,"DPS_HKD_LY":null,"ORG_TYPE":"一般企业","PREMIUM_INCOME":null,"PREMIUM_INCOME_YOY":null,"NET_INTEREST_INCOME":null,"NET_INTEREST_INCOME_YOY":null,"FEE_COMMISSION_INCOME":null,"FEE_COMMISSION_INCOME_YOY":null,"ACCOUNTS_RECE_TDAYS":4.039083008476,"INVENTORY_TDAYS":2.018996275499,"CURRENT_ASSETS_TDAYS":1.249151650024,"TOTAL_ASSETS_TDAYS":0.403098960137,"PREMIUM_EXPENSE":null,"LOAN_DEPOSIT":null,"LOAN_EQUITY":null,"LOAN_ASSETS":null,"DEPOSIT_EQUITY":null,"DEPOSIT_ASSETS":null,"EQUITY_MULTIPLIER":1.248867608505,"EQUITY_RATIO":0.248867608506},{"SECUCODE":"00725.HK","SECURITY_CODE":"00725","SECURITY_NAME_ABBR":"恒都集团","ORG_CODE":"10009085","STD_REPORT_DATE":"2020-06-30 00:00:00","REPORT_DATE":"2020-06-30 00:00:00","DATE_TYPE_CODE":"002","REPORT_TYPE":"2020年中报","PER_NETCASH_OPERATE":0.059712103258,"PER_OI":0.571144477126,"BPS":2.502830558409,"BASIC_EPS":-0.04658544,"DILUTED_EPS":-0.04658544,"OPERATE_INCOME":113633762.88,"OPERATE_INCOME_YOY":-24.8884514832,"GROSS_PROFIT":18923736.48,"GROSS_PROFIT_YOY":-36.268530084406,"HOLDER_PROFIT":-9267762.24,"HOLDER_PROFIT_YOY":-340.4265402844,"GROSS_PROFIT_RATIO":16.653269240044,"EPS_TTM":-0.124661646579,"OPERATE_INCOME_QOQ":-11.875612503885,"NET_PROFIT_RATIO":-8.1558174306,"ROE_AVG":-1.831953560176,"GROSS_PROFIT_QOQ":-21.55006288545,"ROA":-1.450785055455,"HOLDER_PROFIT_QOQ":-109.789998437928,"ROE_YEARLY":-3.663907120352,"ROIC_YEARLY":-3.066565415,"TOTAL_ASSETS":624621233.28,"TOTAL_LIABILITIES":126663071.04,"TAX_EBT":17.283548018914,"OCF_SALES":10.454815838974,"TOTAL_PARENT_EQUITY":497958162.24,"DEBT_ASSET_RATIO":20.2783806075,"OPERATE_PROFIT":-10197644.16,"PRETAX_PROFIT":-11204255.04,"NETCASH_OPERATE":11880200.64,"NETCASH_INVEST":-3529532.16,"NETCASH_FINANCE":-5729095.68,"END_CASH":35357435.52,"DIVI_RATIO":-0.146425147597,"DIVIDEND_RATE":3.333333333333,"CURRENT_RATIO":2.275980586165,"COMMON_ACS":500000000,"CURRENTDEBT_DEBT":69.241198274992,"ISSUED_COMMON_SHARES":198958000,"HK_COMMON_SHARES":198958000,"PER_SHARES":2000,"TOTAL_MARKET_CAP":119374800,"HKSK_MARKET_CAP":119374800,"PE_TTM":6.970384211141,"PB_TTM":0.289185941724,"REPORT_DATE_SQ":"2019-06-30 00:00:00","REPORT_TYPE_SQ":"2019年中报","OPERATE_INCOME_SQ":145691928.18,"DPS_HKD":0.02,"OPERATE_INCOME_QOQ_SQ":-1.8874124225,"NET_PROFIT_RATIO_SQ":2.5479552961,"HOLDER_PROFIT_SQ":3712165.2,"HOLDER_PROFIT_QOQ_SQ":389.317442572265,"ROE_AVG_SQ":0.724967574021,"PE_TTM_SQ":10.769806267806,"PB_TTM_SQ":0.204703340421,"ROA_SQ":0.568510576385,"START_DATE":"2020-01-01 00:00:00","FISCAL_YEAR":"12-31","CURRENCY":"HKD","IS_CNY_CODE":0,"DPS_HKD_LY":null,"ORG_TYPE":"一般企业","PREMIUM_INCOME":null,"PREMIUM_INCOME_YOY":null,"NET_INTEREST_INCOME":null,"NET_INTEREST_INCOME_YOY":null,"FEE_COMMISSION_INCOME":null,"FEE_COMMISSION_INCOME_YOY":null,"ACCOUNTS_RECE_TDAYS":1.705281627394,"INVENTORY_TDAYS":0.969091147002,"CURRENT_ASSETS_TDAYS":0.543349319077,"TOTAL_ASSETS_TDAYS":0.177883463896,"PREMIUM_EXPENSE":null,"LOAN_DEPOSIT":null,"LOAN_EQUITY":null,"LOAN_ASSETS":null,"DEPOSIT_EQUITY":null,"DEPOSIT_ASSETS":null,"EQUITY_MULTIPLIER":1.254364885736,"EQUITY_RATIO":0.254364885737}],"count":48},"success":true,"message":"ok","code":0}