{"version":"700b92eeff4218c5bce478e280f0fdb0","result":{"pages":5,"data":[{"SECUCODE":"00721.HK","SECURITY_CODE":"00721","SECURITY_NAME_ABBR":"中国金融国际","ORG_CODE":"10009082","STD_REPORT_DATE":"2023-06-30 00:00:00","REPORT_DATE":"2023-12-31 00:00:00","DATE_TYPE_CODE":"002","REPORT_TYPE":"2023年中报","PER_NETCASH_OPERATE":0.000059882557,"PER_OI":0.000092756016,"BPS":0.017238825311,"BASIC_EPS":0.005618564,"DILUTED_EPS":0.005618564,"OPERATE_INCOME":1017685.06,"OPERATE_INCOME_YOY":1161.797752809,"GROSS_PROFIT":null,"GROSS_PROFIT_YOY":null,"HOLDER_PROFIT":61917481.5,"HOLDER_PROFIT_YOY":259.9854824736,"GROSS_PROFIT_RATIO":null,"EPS_TTM":-0.032535164553,"OPERATE_INCOME_QOQ":-823.811505996823,"NET_PROFIT_RATIO":6084.1495992876,"ROE_AVG":40.409865152591,"GROSS_PROFIT_QOQ":null,"ROA":34.086147030651,"HOLDER_PROFIT_QOQ":-93.480723152026,"ROE_YEARLY":80.819730305181,"ROIC_YEARLY":68.364822509112,"TOTAL_ASSETS":218978094.58,"TOTAL_LIABILITIES":29840012.16,"TAX_EBT":null,"OCF_SALES":64.559216384684,"TOTAL_PARENT_EQUITY":189138082.42,"DEBT_ASSET_RATIO":13.62693936,"OPERATE_PROFIT":-2845530.8,"PRETAX_PROFIT":61917481.5,"NETCASH_OPERATE":657009.5,"NETCASH_INVEST":-71591.38,"NETCASH_FINANCE":-660634.38,"END_CASH":473953.06,"DIVI_RATIO":null,"DIVIDEND_RATE":null,"CURRENT_RATIO":3.15224229352,"COMMON_ACS":30000000000,"CURRENTDEBT_DEBT":67.583819241983,"ISSUED_COMMON_SHARES":10971634030,"HK_COMMON_SHARES":10971634030,"PER_SHARES":10000,"TOTAL_MARKET_CAP":296234118.81,"HKSK_MARKET_CAP":296234118.81,"PE_TTM":-1.072771751944,"PB_TTM":1.41935077121,"REPORT_DATE_SQ":"2022-06-30 00:00:00","REPORT_TYPE_SQ":"2022年中报","OPERATE_INCOME_SQ":79501.03,"DPS_HKD":null,"OPERATE_INCOME_QOQ_SQ":113.495081698441,"NET_PROFIT_RATIO_SQ":-47985.393258427,"HOLDER_PROFIT_SQ":-38148881.89,"HOLDER_PROFIT_QOQ_SQ":-164.112100805715,"ROE_AVG_SQ":-7.898245841155,"PE_TTM_SQ":-0.76512476092,"PB_TTM_SQ":2.288423385349,"ROA_SQ":-7.434460824463,"START_DATE":"2023-07-01 00:00:00","FISCAL_YEAR":"6-30","CURRENCY":"HKD","IS_CNY_CODE":0,"DPS_HKD_LY":null,"ORG_TYPE":"证券","PREMIUM_INCOME":null,"PREMIUM_INCOME_YOY":null,"NET_INTEREST_INCOME":null,"NET_INTEREST_INCOME_YOY":null,"FEE_COMMISSION_INCOME":null,"FEE_COMMISSION_INCOME_YOY":null,"ACCOUNTS_RECE_TDAYS":null,"INVENTORY_TDAYS":null,"CURRENT_ASSETS_TDAYS":0.017842247837,"TOTAL_ASSETS_TDAYS":0.005602450511,"PREMIUM_EXPENSE":null,"LOAN_DEPOSIT":null,"LOAN_EQUITY":null,"LOAN_ASSETS":null,"DEPOSIT_EQUITY":null,"DEPOSIT_ASSETS":null,"EQUITY_MULTIPLIER":1.15776839745,"EQUITY_RATIO":0.157768397449},{"SECUCODE":"00721.HK","SECURITY_CODE":"00721","SECURITY_NAME_ABBR":"中国金融国际","ORG_CODE":"10009082","STD_REPORT_DATE":"2022-12-31 00:00:00","REPORT_DATE":"2023-06-30 00:00:00","DATE_TYPE_CODE":"001","REPORT_TYPE":"2022年年报","PER_NETCASH_OPERATE":-0.001383604362,"PER_OI":-0.001002010228,"BPS":0.010877995811,"BASIC_EPS":-0.0325366742,"DILUTED_EPS":null,"OPERATE_INCOME":-10993689.52,"OPERATE_INCOME_YOY":-741.4201183432,"GROSS_PROFIT":null,"GROSS_PROFIT_YOY":null,"HOLDER_PROFIT":-356963918.58,"HOLDER_PROFIT_YOY":-79.9163549339,"GROSS_PROFIT_RATIO":null,"EPS_TTM":-0.016815713743,"OPERATE_INCOME_QOQ":-4.462036097021,"NET_PROFIT_RATIO":null,"ROE_AVG":-110.267743984233,"GROSS_PROFIT_QOQ":null,"ROA":-101.153079952712,"HOLDER_PROFIT_QOQ":-0.251719021341,"ROE_YEARLY":-110.267743984233,"ROIC_YEARLY":-106.76029113109,"TOTAL_ASSETS":146831768.86,"TOTAL_LIABILITIES":27482379.84,"TAX_EBT":null,"OCF_SALES":null,"TOTAL_PARENT_EQUITY":119349389.02,"DEBT_ASSET_RATIO":18.7169166818,"OPERATE_PROFIT":-356029952.84,"PRETAX_PROFIT":-356963918.58,"NETCASH_OPERATE":-15180400.7,"NETCASH_INVEST":-17974922.08,"NETCASH_FINANCE":-1286162.1,"END_CASH":558719.88,"DIVI_RATIO":null,"DIVIDEND_RATE":null,"CURRENT_RATIO":1.932755332062,"COMMON_ACS":30000000000,"CURRENTDEBT_DEBT":96.735775630703,"ISSUED_COMMON_SHARES":10971634030,"HK_COMMON_SHARES":10971634030,"PER_SHARES":10000,"TOTAL_MARKET_CAP":296234118.81,"HKSK_MARKET_CAP":296234118.81,"PE_TTM":-1.072771751944,"PB_TTM":1.41935077121,"REPORT_DATE_SQ":"2021-12-31 00:00:00","REPORT_TYPE_SQ":"2021年年报","OPERATE_INCOME_SQ":1589798.21,"DPS_HKD":null,"OPERATE_INCOME_QOQ_SQ":-256.269133677714,"NET_PROFIT_RATIO_SQ":-11575.8472296934,"HOLDER_PROFIT_SQ":-184032612.05,"HOLDER_PROFIT_QOQ_SQ":-25.653281504548,"ROE_AVG_SQ":-31.362218724496,"PE_TTM_SQ":-1.398590800249,"PB_TTM_SQ":0.582403146443,"ROA_SQ":-29.874937440955,"START_DATE":"2022-07-01 00:00:00","FISCAL_YEAR":"6-30","CURRENCY":"HKD","IS_CNY_CODE":0,"DPS_HKD_LY":null,"ORG_TYPE":"证券","PREMIUM_INCOME":null,"PREMIUM_INCOME_YOY":null,"NET_INTEREST_INCOME":null,"NET_INTEREST_INCOME_YOY":null,"FEE_COMMISSION_INCOME":null,"FEE_COMMISSION_INCOME_YOY":null,"ACCOUNTS_RECE_TDAYS":null,"INVENTORY_TDAYS":null,"CURRENT_ASSETS_TDAYS":-0.158018539746,"TOTAL_ASSETS_TDAYS":-0.031152884006,"PREMIUM_EXPENSE":null,"LOAN_DEPOSIT":null,"LOAN_EQUITY":null,"LOAN_ASSETS":null,"DEPOSIT_EQUITY":null,"DEPOSIT_ASSETS":null,"EQUITY_MULTIPLIER":1.230268290987,"EQUITY_RATIO":0.230268290987},{"SECUCODE":"00721.HK","SECURITY_CODE":"00721","SECURITY_NAME_ABBR":"中国金融国际","ORG_CODE":"10009082","STD_REPORT_DATE":"2022-06-30 00:00:00","REPORT_DATE":"2022-12-31 00:00:00","DATE_TYPE_CODE":"002","REPORT_TYPE":"2022年中报","PER_NETCASH_OPERATE":-0.002998481424,"PER_OI":0.000007246052,"BPS":0.04141167531,"BASIC_EPS":-0.003483753,"DILUTED_EPS":-0.003483753,"OPERATE_INCOME":79501.03,"OPERATE_INCOME_YOY":-51.6304347826,"GROSS_PROFIT":null,"GROSS_PROFIT_YOY":null,"HOLDER_PROFIT":-38148881.89,"HOLDER_PROFIT_YOY":7.3460178335,"GROSS_PROFIT_RATIO":null,"EPS_TTM":-0.016773491674,"OPERATE_INCOME_QOQ":113.495081698441,"NET_PROFIT_RATIO":-47985.393258427,"ROE_AVG":-7.898245841155,"GROSS_PROFIT_QOQ":null,"ROA":-7.434460824463,"HOLDER_PROFIT_QOQ":-164.112100805715,"ROE_YEARLY":-15.79649168231,"ROIC_YEARLY":-15.410318169107,"TOTAL_ASSETS":484719566.45,"TOTAL_LIABILITIES":30365820.38,"TAX_EBT":null,"OCF_SALES":-41380.8988764045,"TOTAL_PARENT_EQUITY":454353746.07,"DEBT_ASSET_RATIO":6.2646161785,"OPERATE_PROFIT":-6467274.8,"PRETAX_PROFIT":-38148881.89,"NETCASH_OPERATE":-32898240.83,"NETCASH_INVEST":0,"NETCASH_FINANCE":-640474.59,"END_CASH":681565.01,"DIVI_RATIO":null,"DIVIDEND_RATE":null,"CURRENT_RATIO":2.072659881156,"COMMON_ACS":30000000000,"CURRENTDEBT_DEBT":100,"ISSUED_COMMON_SHARES":10971634030,"HK_COMMON_SHARES":10971634030,"PER_SHARES":10000,"TOTAL_MARKET_CAP":296234118.81,"HKSK_MARKET_CAP":296234118.81,"PE_TTM":-1.072771751944,"PB_TTM":1.41935077121,"REPORT_DATE_SQ":"2021-06-30 00:00:00","REPORT_TYPE_SQ":"2021年中报","OPERATE_INCOME_SQ":150438.4,"DPS_HKD":null,"OPERATE_INCOME_QOQ_SQ":-65.138955544362,"NET_PROFIT_RATIO_SQ":-25050.5434782609,"HOLDER_PROFIT_SQ":-37685636.8,"HOLDER_PROFIT_QOQ_SQ":59.469816603911,"ROE_AVG_SQ":-5.880645591366,"PE_TTM_SQ":-1.398590800249,"PB_TTM_SQ":0.582403146443,"ROA_SQ":-5.603422861912,"START_DATE":"2022-07-01 00:00:00","FISCAL_YEAR":"6-30","CURRENCY":"HKD","IS_CNY_CODE":0,"DPS_HKD_LY":null,"ORG_TYPE":"证券","PREMIUM_INCOME":null,"PREMIUM_INCOME_YOY":null,"NET_INTEREST_INCOME":null,"NET_INTEREST_INCOME_YOY":null,"FEE_COMMISSION_INCOME":null,"FEE_COMMISSION_INCOME_YOY":null,"ACCOUNTS_RECE_TDAYS":null,"INVENTORY_TDAYS":null,"CURRENT_ASSETS_TDAYS":0.001074580732,"TOTAL_ASSETS_TDAYS":0.000154931747,"PREMIUM_EXPENSE":null,"LOAN_DEPOSIT":null,"LOAN_EQUITY":null,"LOAN_ASSETS":null,"DEPOSIT_EQUITY":null,"DEPOSIT_ASSETS":null,"EQUITY_MULTIPLIER":1.066832992229,"EQUITY_RATIO":0.066832992228},{"SECUCODE":"00721.HK","SECURITY_CODE":"00721","SECURITY_NAME_ABBR":"中国金融国际","ORG_CODE":"10009082","STD_REPORT_DATE":"2021-12-31 00:00:00","REPORT_DATE":"2022-06-30 00:00:00","DATE_TYPE_CODE":"001","REPORT_TYPE":"2021年年报","PER_NETCASH_OPERATE":0.000399860649,"PER_OI":0.000144900769,"BPS":0.044646351088,"BASIC_EPS":-0.0167702759,"DILUTED_EPS":null,"OPERATE_INCOME":1589798.21,"OPERATE_INCOME_YOY":-79.4812362031,"GROSS_PROFIT":null,"GROSS_PROFIT_YOY":null,"HOLDER_PROFIT":-184032612.05,"HOLDER_PROFIT_YOY":-222.8974416685,"GROSS_PROFIT_RATIO":null,"EPS_TTM":-0.006350898585,"OPERATE_INCOME_QOQ":-256.269133677714,"NET_PROFIT_RATIO":-11575.8472296934,"ROE_AVG":-31.362218724496,"GROSS_PROFIT_QOQ":null,"ROA":-29.874937440955,"HOLDER_PROFIT_QOQ":-25.653281504548,"ROE_YEARLY":-31.362218724496,"ROIC_YEARLY":-30.852440331327,"TOTAL_ASSETS":518465779.02,"TOTAL_LIABILITIES":28622354.11,"TAX_EBT":null,"OCF_SALES":275.954814416353,"TOTAL_PARENT_EQUITY":489843424.91,"DEBT_ASSET_RATIO":5.5205869448,"OPERATE_PROFIT":-183221891.93,"PRETAX_PROFIT":-184032612.05,"NETCASH_OPERATE":-11318439.65,"NETCASH_INVEST":41361264.35,"NETCASH_FINANCE":-1219500.94,"END_CASH":33865524,"DIVI_RATIO":null,"DIVIDEND_RATE":null,"CURRENT_RATIO":2.844064656847,"COMMON_ACS":30000000000,"CURRENTDEBT_DEBT":100,"ISSUED_COMMON_SHARES":10971634030,"HK_COMMON_SHARES":10971634030,"PER_SHARES":10000,"TOTAL_MARKET_CAP":296234118.81,"HKSK_MARKET_CAP":296234118.81,"PE_TTM":-1.072771751944,"PB_TTM":1.41935077121,"REPORT_DATE_SQ":"2020-12-31 00:00:00","REPORT_TYPE_SQ":"2020年年报","OPERATE_INCOME_SQ":7538644.8,"DPS_HKD":null,"OPERATE_INCOME_QOQ_SQ":-12.422068790647,"NET_PROFIT_RATIO_SQ":-735.5960264901,"HOLDER_PROFIT_SQ":-55453971.6,"HOLDER_PROFIT_QOQ_SQ":31.447606964073,"ROE_AVG_SQ":-8.251983596327,"PE_TTM_SQ":-1.398590800249,"PB_TTM_SQ":0.582403146443,"ROA_SQ":-7.674958124291,"START_DATE":"2021-07-01 00:00:00","FISCAL_YEAR":"6-30","CURRENCY":"HKD","IS_CNY_CODE":0,"DPS_HKD_LY":null,"ORG_TYPE":"证券","PREMIUM_INCOME":null,"PREMIUM_INCOME_YOY":null,"NET_INTEREST_INCOME":null,"NET_INTEREST_INCOME_YOY":null,"FEE_COMMISSION_INCOME":null,"FEE_COMMISSION_INCOME_YOY":null,"ACCOUNTS_RECE_TDAYS":null,"INVENTORY_TDAYS":null,"CURRENT_ASSETS_TDAYS":0.018404027304,"TOTAL_ASSETS_TDAYS":0.002580799215,"PREMIUM_EXPENSE":null,"LOAN_DEPOSIT":null,"LOAN_EQUITY":null,"LOAN_ASSETS":null,"DEPOSIT_EQUITY":null,"DEPOSIT_ASSETS":null,"EQUITY_MULTIPLIER":1.058431638875,"EQUITY_RATIO":0.058431638876},{"SECUCODE":"00721.HK","SECURITY_CODE":"00721","SECURITY_NAME_ABBR":"中国金融国际","ORG_CODE":"10009082","STD_REPORT_DATE":"2021-06-30 00:00:00","REPORT_DATE":"2021-12-31 00:00:00","DATE_TYPE_CODE":"002","REPORT_TYPE":"2021年中报","PER_NETCASH_OPERATE":0.00026372429,"PER_OI":0.000013711577,"BPS":0.057237336926,"BASIC_EPS":-0.00343392,"DILUTED_EPS":-0.00343392,"OPERATE_INCOME":150438.4,"OPERATE_INCOME_YOY":-99.2045994899,"GROSS_PROFIT":null,"GROSS_PROFIT_YOY":null,"HOLDER_PROFIT":-37685636.8,"HOLDER_PROFIT_YOY":-65.3619860802,"GROSS_PROFIT_RATIO":null,"EPS_TTM":-0.005054303803,"OPERATE_INCOME_QOQ":-65.138955544362,"NET_PROFIT_RATIO":-25050.5434782609,"ROE_AVG":-5.880645591366,"GROSS_PROFIT_QOQ":null,"ROA":-5.603422861912,"HOLDER_PROFIT_QOQ":59.469816603911,"ROE_YEARLY":-11.761291182732,"ROIC_YEARLY":-11.313282546734,"TOTAL_ASSETS":662903539.2,"TOTAL_LIABILITIES":34916425.6,"TAX_EBT":null,"OCF_SALES":1923.36956521739,"TOTAL_PARENT_EQUITY":627987113.6,"DEBT_ASSET_RATIO":5.2671955323,"OPERATE_PROFIT":-37309540.8,"PRETAX_PROFIT":-37685636.8,"NETCASH_OPERATE":2893486.4,"NETCASH_INVEST":null,"NETCASH_FINANCE":-585401.6,"END_CASH":7713238.4,"DIVI_RATIO":null,"DIVIDEND_RATE":null,"CURRENT_RATIO":3.69354000428,"COMMON_ACS":30000000000,"CURRENTDEBT_DEBT":76.591111319253,"ISSUED_COMMON_SHARES":10971634030,"HK_COMMON_SHARES":10971634030,"PER_SHARES":10000,"TOTAL_MARKET_CAP":296234118.81,"HKSK_MARKET_CAP":296234118.81,"PE_TTM":-1.072771751944,"PB_TTM":1.41935077121,"REPORT_DATE_SQ":"2020-06-30 00:00:00","REPORT_TYPE_SQ":"2020年中报","OPERATE_INCOME_SQ":19469658.12,"DPS_HKD":null,"OPERATE_INCOME_QOQ_SQ":27.243407451415,"NET_PROFIT_RATIO_SQ":-120.4945316215,"HOLDER_PROFIT_SQ":-23459873.36,"HOLDER_PROFIT_QOQ_SQ":48.599405248758,"ROE_AVG_SQ":-3.460205894292,"PE_TTM_SQ":-1.398590800249,"PB_TTM_SQ":0.582403146443,"ROA_SQ":-3.181968918897,"START_DATE":"2021-07-01 00:00:00","FISCAL_YEAR":"6-30","CURRENCY":"HKD","IS_CNY_CODE":0,"DPS_HKD_LY":null,"ORG_TYPE":"证券","PREMIUM_INCOME":null,"PREMIUM_INCOME_YOY":null,"NET_INTEREST_INCOME":null,"NET_INTEREST_INCOME_YOY":null,"FEE_COMMISSION_INCOME":null,"FEE_COMMISSION_INCOME_YOY":null,"ACCOUNTS_RECE_TDAYS":null,"INVENTORY_TDAYS":null,"CURRENT_ASSETS_TDAYS":0.001616552088,"TOTAL_ASSETS_TDAYS":0.000223684682,"PREMIUM_EXPENSE":null,"LOAN_DEPOSIT":null,"LOAN_EQUITY":null,"LOAN_ASSETS":null,"DEPOSIT_EQUITY":null,"DEPOSIT_ASSETS":null,"EQUITY_MULTIPLIER":1.055600544731,"EQUITY_RATIO":0.055600544731},{"SECUCODE":"00721.HK","SECURITY_CODE":"00721","SECURITY_NAME_ABBR":"中国金融国际","ORG_CODE":"10009082","STD_REPORT_DATE":"2020-12-31 00:00:00","REPORT_DATE":"2021-06-30 00:00:00","DATE_TYPE_CODE":"001","REPORT_TYPE":"2020年年报","PER_NETCASH_OPERATE":-0.000606941156,"PER_OI":0.000687103195,"BPS":0.060635795239,"BASIC_EPS":-0.0050507256,"DILUTED_EPS":null,"OPERATE_INCOME":7538644.8,"OPERATE_INCOME_YOY":-66.4841669133,"GROSS_PROFIT":null,"GROSS_PROFIT_YOY":null,"HOLDER_PROFIT":-55453971.6,"HOLDER_PROFIT_YOY":69.4988558352,"GROSS_PROFIT_RATIO":null,"EPS_TTM":-0.012470468622,"OPERATE_INCOME_QOQ":-12.422068790647,"NET_PROFIT_RATIO":-735.5960264901,"ROE_AVG":-8.251983596327,"GROSS_PROFIT_QOQ":null,"ROA":-7.674958124291,"HOLDER_PROFIT_QOQ":31.447606964073,"ROE_YEARLY":-8.251983596327,"ROIC_YEARLY":-8.001887458487,"TOTAL_ASSETS":694271742.48,"TOTAL_LIABILITIES":28997988,"TAX_EBT":-0.198457444409,"OCF_SALES":-88.333333333333,"TOTAL_PARENT_EQUITY":665273754.48,"DEBT_ASSET_RATIO":4.1767489912,"OPERATE_PROFIT":-53760688.8,"PRETAX_PROFIT":-55344137.04,"NETCASH_OPERATE":-6659136.24,"NETCASH_INVEST":-13313.28,"NETCASH_FINANCE":-46671367.2,"END_CASH":5029091.52,"DIVI_RATIO":null,"DIVIDEND_RATE":null,"CURRENT_RATIO":3.102543997212,"COMMON_ACS":30000000000,"CURRENTDEBT_DEBT":98.80631276901,"ISSUED_COMMON_SHARES":10971634030,"HK_COMMON_SHARES":10971634030,"PER_SHARES":10000,"TOTAL_MARKET_CAP":296234118.81,"HKSK_MARKET_CAP":296234118.81,"PE_TTM":-1.072771751944,"PB_TTM":1.41935077121,"REPORT_DATE_SQ":"2019-12-31 00:00:00","REPORT_TYPE_SQ":"2019年年报","OPERATE_INCOME_SQ":24692110.08,"DPS_HKD":null,"OPERATE_INCOME_QOQ_SQ":-76.833434723962,"NET_PROFIT_RATIO_SQ":-808.3012725658,"HOLDER_PROFIT_SQ":-199586640,"HOLDER_PROFIT_QOQ_SQ":-34.75771510882,"ROE_AVG_SQ":-22.994880613421,"PE_TTM_SQ":-1.398590800249,"PB_TTM_SQ":0.582403146443,"ROA_SQ":-21.126440538014,"START_DATE":"2020-07-01 00:00:00","FISCAL_YEAR":"6-30","CURRENCY":"HKD","IS_CNY_CODE":0,"DPS_HKD_LY":null,"ORG_TYPE":"证券","PREMIUM_INCOME":null,"PREMIUM_INCOME_YOY":null,"NET_INTEREST_INCOME":null,"NET_INTEREST_INCOME_YOY":null,"FEE_COMMISSION_INCOME":null,"FEE_COMMISSION_INCOME_YOY":null,"ACCOUNTS_RECE_TDAYS":null,"INVENTORY_TDAYS":null,"CURRENT_ASSETS_TDAYS":0.059137802176,"TOTAL_ASSETS_TDAYS":0.01043365903,"PREMIUM_EXPENSE":null,"LOAN_DEPOSIT":null,"LOAN_EQUITY":null,"LOAN_ASSETS":null,"DEPOSIT_EQUITY":null,"DEPOSIT_ASSETS":null,"EQUITY_MULTIPLIER":1.043588053497,"EQUITY_RATIO":0.043588053496},{"SECUCODE":"00721.HK","SECURITY_CODE":"00721","SECURITY_NAME_ABBR":"中国金融国际","ORG_CODE":"10009082","STD_REPORT_DATE":"2020-06-30 00:00:00","REPORT_DATE":"2020-12-31 00:00:00","DATE_TYPE_CODE":"002","REPORT_TYPE":"2020年中报","PER_NETCASH_OPERATE":-0.000764420557,"PER_OI":0.001774544983,"BPS":0.06101564232,"BASIC_EPS":-0.0021041,"DILUTED_EPS":-0.0021041,"OPERATE_INCOME":19469658.12,"OPERATE_INCOME_YOY":-8.0527842919,"GROSS_PROFIT":null,"GROSS_PROFIT_YOY":null,"HOLDER_PROFIT":-23459873.36,"HOLDER_PROFIT_YOY":71.0421060287,"GROSS_PROFIT_RATIO":null,"EPS_TTM":-0.018191149965,"OPERATE_INCOME_QOQ":27.243407451415,"NET_PROFIT_RATIO":-120.4945316215,"ROE_AVG":-3.460205894292,"GROSS_PROFIT_QOQ":null,"ROA":-3.181968918897,"HOLDER_PROFIT_QOQ":48.599405248758,"ROE_YEARLY":-6.920411788584,"ROIC_YEARLY":-6.638515967543,"TOTAL_ASSETS":715133933.24,"TOTAL_LIABILITIES":45692635.6,"TAX_EBT":null,"OCF_SALES":-43.076989581983,"TOTAL_PARENT_EQUITY":669441297.64,"DEBT_ASSET_RATIO":6.3893815516,"OPERATE_PROFIT":9158726.48,"PRETAX_PROFIT":-23459873.36,"NETCASH_OPERATE":-8386942.6,"NETCASH_INVEST":-13466.24,"NETCASH_FINANCE":-29553346.96,"END_CASH":6357748.56,"DIVI_RATIO":null,"DIVIDEND_RATE":null,"CURRENT_RATIO":1.788413757029,"COMMON_ACS":30000000000,"CURRENTDEBT_DEBT":98.598268557745,"ISSUED_COMMON_SHARES":10971634030,"HK_COMMON_SHARES":10971634030,"PER_SHARES":10000,"TOTAL_MARKET_CAP":296234118.81,"HKSK_MARKET_CAP":296234118.81,"PE_TTM":-1.072771751944,"PB_TTM":1.41935077121,"REPORT_DATE_SQ":"2019-06-30 00:00:00","REPORT_TYPE_SQ":"2019年中报","OPERATE_INCOME_SQ":22536929.02,"DPS_HKD":null,"OPERATE_INCOME_QOQ_SQ":-28.435684924912,"NET_PROFIT_RATIO_SQ":-382.5946977225,"HOLDER_PROFIT_SQ":-86225095.46,"HOLDER_PROFIT_QOQ_SQ":-290.760427385393,"ROE_AVG_SQ":-9.44925407859,"PE_TTM_SQ":-1.398590800249,"PB_TTM_SQ":0.582403146443,"ROA_SQ":-8.731161903881,"START_DATE":"2020-07-01 00:00:00","FISCAL_YEAR":"6-30","CURRENCY":"HKD","IS_CNY_CODE":0,"DPS_HKD_LY":null,"ORG_TYPE":"证券","PREMIUM_INCOME":null,"PREMIUM_INCOME_YOY":null,"NET_INTEREST_INCOME":null,"NET_INTEREST_INCOME_YOY":null,"FEE_COMMISSION_INCOME":null,"FEE_COMMISSION_INCOME_YOY":null,"ACCOUNTS_RECE_TDAYS":null,"INVENTORY_TDAYS":null,"CURRENT_ASSETS_TDAYS":0.156673507122,"TOTAL_ASSETS_TDAYS":0.026407579465,"PREMIUM_EXPENSE":null,"LOAN_DEPOSIT":null,"LOAN_EQUITY":null,"LOAN_ASSETS":null,"DEPOSIT_EQUITY":null,"DEPOSIT_ASSETS":null,"EQUITY_MULTIPLIER":1.068254880242,"EQUITY_RATIO":0.068254880243},{"SECUCODE":"00721.HK","SECURITY_CODE":"00721","SECURITY_NAME_ABBR":"中国金融国际","ORG_CODE":"10009082","STD_REPORT_DATE":"2019-12-31 00:00:00","REPORT_DATE":"2020-06-30 00:00:00","DATE_TYPE_CODE":"001","REPORT_TYPE":"2019年年报","PER_NETCASH_OPERATE":0.002905422204,"PER_OI":0.002250540805,"BPS":0.067912266709,"BASIC_EPS":-0.0181865904,"DILUTED_EPS":null,"OPERATE_INCOME":24692110.08,"OPERATE_INCOME_YOY":-71.6121986054,"GROSS_PROFIT":null,"GROSS_PROFIT_YOY":null,"HOLDER_PROFIT":-199586640,"HOLDER_PROFIT_YOY":33.2952744968,"GROSS_PROFIT_RATIO":null,"EPS_TTM":-0.035390932834,"OPERATE_INCOME_QOQ":-76.833434723962,"NET_PROFIT_RATIO":-808.3012725658,"ROE_AVG":-22.994880613421,"GROSS_PROFIT_QOQ":null,"ROA":-21.126440538014,"HOLDER_PROFIT_QOQ":-34.75771510882,"ROE_YEARLY":-22.994880613421,"ROIC_YEARLY":-22.211345270534,"TOTAL_ASSETS":824202392.64,"TOTAL_LIABILITIES":79093856.16,"TAX_EBT":null,"OCF_SALES":129.098845812371,"TOTAL_PARENT_EQUITY":745108536.48,"DEBT_ASSET_RATIO":9.5964118603,"OPERATE_PROFIT":-196484597.76,"PRETAX_PROFIT":-199586640,"NETCASH_OPERATE":31877229.12,"NETCASH_INVEST":-86776.8,"NETCASH_FINANCE":-4403694.24,"END_CASH":59292303.84,"DIVI_RATIO":null,"DIVIDEND_RATE":null,"CURRENT_RATIO":2.643486323598,"COMMON_ACS":30000000000,"CURRENTDEBT_DEBT":87.187749021238,"ISSUED_COMMON_SHARES":10971634030,"HK_COMMON_SHARES":10971634030,"PER_SHARES":10000,"TOTAL_MARKET_CAP":296234118.81,"HKSK_MARKET_CAP":296234118.81,"PE_TTM":-1.072771751944,"PB_TTM":1.41935077121,"REPORT_DATE_SQ":"2018-12-31 00:00:00","REPORT_TYPE_SQ":"2018年年报","OPERATE_INCOME_SQ":83764743.84,"DPS_HKD":null,"OPERATE_INCOME_QOQ_SQ":102.808814206138,"NET_PROFIT_RATIO_SQ":-343.992060825,"HOLDER_PROFIT_SQ":-288144068.58,"HOLDER_PROFIT_QOQ_SQ":-20.071008200138,"ROE_AVG_SQ":-25.743823947683,"PE_TTM_SQ":-1.398590800249,"PB_TTM_SQ":0.582403146443,"ROA_SQ":-23.802276367941,"START_DATE":"2019-07-01 00:00:00","FISCAL_YEAR":"6-30","CURRENCY":"HKD","IS_CNY_CODE":0,"DPS_HKD_LY":null,"ORG_TYPE":"证券","PREMIUM_INCOME":null,"PREMIUM_INCOME_YOY":null,"NET_INTEREST_INCOME":null,"NET_INTEREST_INCOME_YOY":null,"FEE_COMMISSION_INCOME":null,"FEE_COMMISSION_INCOME_YOY":null,"ACCOUNTS_RECE_TDAYS":null,"INVENTORY_TDAYS":null,"CURRENT_ASSETS_TDAYS":0.056667592539,"TOTAL_ASSETS_TDAYS":0.026136839388,"PREMIUM_EXPENSE":null,"LOAN_DEPOSIT":null,"LOAN_EQUITY":null,"LOAN_ASSETS":null,"DEPOSIT_EQUITY":null,"DEPOSIT_ASSETS":null,"EQUITY_MULTIPLIER":1.106150785138,"EQUITY_RATIO":0.106150785137},{"SECUCODE":"00721.HK","SECURITY_CODE":"00721","SECURITY_NAME_ABBR":"中国金融国际","ORG_CODE":"10009082","STD_REPORT_DATE":"2019-06-30 00:00:00","REPORT_DATE":"2019-12-31 00:00:00","DATE_TYPE_CODE":"002","REPORT_TYPE":"2019年中报","PER_NETCASH_OPERATE":0.000896381395,"PER_OI":0.00205410871,"BPS":0.077778374385,"BASIC_EPS":-0.007882864,"DILUTED_EPS":-0.007882864,"OPERATE_INCOME":22536929.02,"OPERATE_INCOME_YOY":-74.6314558251,"GROSS_PROFIT":null,"GROSS_PROFIT_YOY":null,"HOLDER_PROFIT":-86225095.46,"HOLDER_PROFIT_YOY":-705.5803711859,"GROSS_PROFIT_RATIO":null,"EPS_TTM":-0.026262639438,"OPERATE_INCOME_QOQ":-28.435684924912,"NET_PROFIT_RATIO":-382.5946977225,"ROE_AVG":-9.44925407859,"GROSS_PROFIT_QOQ":null,"ROA":-8.731161903881,"HOLDER_PROFIT_QOQ":-290.760427385393,"ROE_YEARLY":-18.898508157181,"ROIC_YEARLY":-18.133104260593,"TOTAL_ASSETS":930460122.7,"TOTAL_LIABILITIES":77104263.5,"TAX_EBT":null,"OCF_SALES":43.638459398227,"TOTAL_PARENT_EQUITY":853355859.2,"DEBT_ASSET_RATIO":8.2866811397,"OPERATE_PROFIT":9567826.18,"PRETAX_PROFIT":-86225095.46,"NETCASH_OPERATE":9834768.62,"NETCASH_INVEST":null,"NETCASH_FINANCE":-2227804.86,"END_CASH":40704243.2,"DIVI_RATIO":null,"DIVIDEND_RATE":null,"CURRENT_RATIO":13.070678839824,"COMMON_ACS":30000000000,"CURRENTDEBT_DEBT":37.41155968632,"ISSUED_COMMON_SHARES":10971634030,"HK_COMMON_SHARES":10971634030,"PER_SHARES":10000,"TOTAL_MARKET_CAP":296234118.81,"HKSK_MARKET_CAP":296234118.81,"PE_TTM":-1.072771751944,"PB_TTM":1.41935077121,"REPORT_DATE_SQ":"2018-06-30 00:00:00","REPORT_TYPE_SQ":"2018年中报","OPERATE_INCOME_SQ":86896258.8,"DPS_HKD":null,"OPERATE_INCOME_QOQ_SQ":5.135612364997,"NET_PROFIT_RATIO_SQ":16.0273862101,"HOLDER_PROFIT_SQ":13927199,"HOLDER_PROFIT_QOQ_SQ":10.58353331662,"ROE_AVG_SQ":1.148109772151,"PE_TTM_SQ":-1.398590800249,"PB_TTM_SQ":0.582403146443,"ROA_SQ":1.043870470747,"START_DATE":"2019-07-01 00:00:00","FISCAL_YEAR":"6-30","CURRENCY":"HKD","IS_CNY_CODE":0,"DPS_HKD_LY":null,"ORG_TYPE":"证券","PREMIUM_INCOME":null,"PREMIUM_INCOME_YOY":null,"NET_INTEREST_INCOME":null,"NET_INTEREST_INCOME_YOY":null,"FEE_COMMISSION_INCOME":null,"FEE_COMMISSION_INCOME_YOY":null,"ACCOUNTS_RECE_TDAYS":null,"INVENTORY_TDAYS":null,"CURRENT_ASSETS_TDAYS":0.042809729902,"TOTAL_ASSETS_TDAYS":0.022820917163,"PREMIUM_EXPENSE":null,"LOAN_DEPOSIT":null,"LOAN_EQUITY":null,"LOAN_ASSETS":null,"DEPOSIT_EQUITY":null,"DEPOSIT_ASSETS":null,"EQUITY_MULTIPLIER":1.090354173665,"EQUITY_RATIO":0.090354173665}],"count":45},"success":true,"message":"ok","code":0}