{"version":"26b316464d6817db0eecad4fb40ae5ac","result":{"pages":5,"data":[{"SECUCODE":"00724.HK","SECURITY_CODE":"00724","SECURITY_NAME_ABBR":"瑞鑫国际集团","ORG_CODE":"10009084","STD_REPORT_DATE":"2023-12-31 00:00:00","REPORT_DATE":"2023-12-31 00:00:00","DATE_TYPE_CODE":"001","REPORT_TYPE":"2023年年报","PER_NETCASH_OPERATE":-0.04066358333,"PER_OI":0.798505500663,"BPS":-1.89672426127,"BASIC_EPS":-0.808076374,"DILUTED_EPS":-0.808076374,"OPERATE_INCOME":67088372.82,"OPERATE_INCOME_YOY":-61.5904244556,"GROSS_PROFIT":-9349471.74,"GROSS_PROFIT_YOY":-314.259336898176,"HOLDER_PROFIT":-67889471.3,"HOLDER_PROFIT_YOY":-28.7686066898,"GROSS_PROFIT_RATIO":-13.936053815294,"EPS_TTM":-0.808040409857,"OPERATE_INCOME_QOQ":-42.962787511382,"NET_PROFIT_RATIO":-101.1940943659,"ROE_AVG":53.04129879141,"GROSS_PROFIT_QOQ":-233.202273732573,"ROA":-206.491179713341,"HOLDER_PROFIT_QOQ":-8.876298389578,"ROE_YEARLY":53.04129879141,"ROIC_YEARLY":-254.25512056882,"TOTAL_ASSETS":10774955.8,"TOTAL_LIABILITIES":170132836.58,"TAX_EBT":null,"OCF_SALES":-5.092461266226,"TOTAL_PARENT_EQUITY":-159357880.78,"DEBT_ASSET_RATIO":1578.9655172414,"OPERATE_PROFIT":-49709791.88,"PRETAX_PROFIT":-67889471.3,"NETCASH_OPERATE":-3416449.4,"NETCASH_INVEST":-88809.56,"NETCASH_FINANCE":4233859.84,"END_CASH":6508472.04,"DIVI_RATIO":null,"DIVIDEND_RATE":null,"CURRENT_RATIO":0.337954740762,"COMMON_ACS":6000000000,"CURRENTDEBT_DEBT":18.594964285524,"ISSUED_COMMON_SHARES":84017421,"HK_COMMON_SHARES":84017421,"PER_SHARES":10000,"TOTAL_MARKET_CAP":8821829.205,"HKSK_MARKET_CAP":8821829.205,"PE_TTM":-0.117757848295,"PB_TTM":-0.05016707064,"REPORT_DATE_SQ":"2022-12-31 00:00:00","REPORT_TYPE_SQ":"2022年年报","OPERATE_INCOME_SQ":172169753.07,"DPS_HKD":null,"OPERATE_INCOME_QOQ_SQ":-20.137703552328,"NET_PROFIT_RATIO_SQ":-30.184548176,"HOLDER_PROFIT_SQ":-51968662.06,"HOLDER_PROFIT_QOQ_SQ":-12.532071570159,"ROE_AVG_SQ":55.611262193461,"PE_TTM_SQ":-0.140430857808,"PB_TTM_SQ":-0.067444561389,"ROA_SQ":-67.002959840606,"START_DATE":"2023-01-01 00:00:00","FISCAL_YEAR":"12-31","CURRENCY":"HKD","IS_CNY_CODE":0,"DPS_HKD_LY":null,"ORG_TYPE":"一般企业","PREMIUM_INCOME":null,"PREMIUM_INCOME_YOY":null,"NET_INTEREST_INCOME":null,"NET_INTEREST_INCOME_YOY":null,"FEE_COMMISSION_INCOME":null,"FEE_COMMISSION_INCOME_YOY":null,"ACCOUNTS_RECE_TDAYS":6.583459315251,"INVENTORY_TDAYS":19.66383028325,"CURRENT_ASSETS_TDAYS":2.047657244012,"TOTAL_ASSETS_TDAYS":2.040545755237,"PREMIUM_EXPENSE":null,"LOAN_DEPOSIT":null,"LOAN_EQUITY":null,"LOAN_ASSETS":null,"DEPOSIT_EQUITY":null,"DEPOSIT_ASSETS":null,"EQUITY_MULTIPLIER":-0.067614828631,"EQUITY_RATIO":-1.067614828631},{"SECUCODE":"00724.HK","SECURITY_CODE":"00724","SECURITY_NAME_ABBR":"瑞鑫国际集团","ORG_CODE":"10009084","STD_REPORT_DATE":"2023-06-30 00:00:00","REPORT_DATE":"2023-06-30 00:00:00","DATE_TYPE_CODE":"002","REPORT_TYPE":"2023年中报","PER_NETCASH_OPERATE":-0.038956551642,"PER_OI":0.616237778591,"BPS":-1.544731522526,"BASIC_EPS":-0.38169972,"DILUTED_EPS":-0.38169972,"OPERATE_INCOME":51774708.88,"OPERATE_INCOME_YOY":-54.831652269,"GROSS_PROFIT":134609.08,"GROSS_PROFIT_YOY":-98.157094694706,"HOLDER_PROFIT":-32071074.3,"HOLDER_PROFIT_YOY":-37.1810545412,"GROSS_PROFIT_RATIO":0.25999002778,"EPS_TTM":-0.742163741613,"OPERATE_INCOME_QOQ":-31.68247737326,"NET_PROFIT_RATIO":-61.9435144953,"ROE_AVG":28.120907371178,"GROSS_PROFIT_QOQ":-164.303083678877,"ROA":-66.506701336443,"HOLDER_PROFIT_QOQ":-19.985162323419,"ROE_YEARLY":56.241814742356,"ROIC_YEARLY":-150.22997689434,"TOTAL_ASSETS":40508113.28,"TOTAL_LIABILITIES":170292471.94,"TAX_EBT":null,"OCF_SALES":-6.321675333001,"TOTAL_PARENT_EQUITY":-129784358.66,"DEBT_ASSET_RATIO":420.3910233066,"OPERATE_PROFIT":-23409994.18,"PRETAX_PROFIT":-32071074.3,"NETCASH_OPERATE":-3273029,"NETCASH_INVEST":-82056.22,"NETCASH_FINANCE":2605515.48,"END_CASH":5106847.22,"DIVI_RATIO":null,"DIVIDEND_RATE":null,"CURRENT_RATIO":0.765860497722,"COMMON_ACS":6000000000,"CURRENTDEBT_DEBT":30.892838773599,"ISSUED_COMMON_SHARES":84017421,"HK_COMMON_SHARES":84017421,"PER_SHARES":10000,"TOTAL_MARKET_CAP":8821829.205,"HKSK_MARKET_CAP":8821829.205,"PE_TTM":-0.117757848295,"PB_TTM":-0.05016707064,"REPORT_DATE_SQ":"2022-06-30 00:00:00","REPORT_TYPE_SQ":"2022年中报","OPERATE_INCOME_SQ":106322351.94,"DPS_HKD":null,"OPERATE_INCOME_QOQ_SQ":-13.118289426767,"NET_PROFIT_RATIO_SQ":-20.3955729292,"HOLDER_PROFIT_SQ":-21685052.83,"HOLDER_PROFIT_QOQ_SQ":-4.308057651611,"ROE_AVG_SQ":21.928671498002,"PE_TTM_SQ":-0.140430857808,"PB_TTM_SQ":-0.067444561389,"ROA_SQ":-25.311439409064,"START_DATE":"2023-01-01 00:00:00","FISCAL_YEAR":"12-31","CURRENCY":"HKD","IS_CNY_CODE":0,"DPS_HKD_LY":null,"ORG_TYPE":"一般企业","PREMIUM_INCOME":null,"PREMIUM_INCOME_YOY":null,"NET_INTEREST_INCOME":null,"NET_INTEREST_INCOME_YOY":null,"FEE_COMMISSION_INCOME":null,"FEE_COMMISSION_INCOME_YOY":null,"ACCOUNTS_RECE_TDAYS":2.949834532752,"INVENTORY_TDAYS":5.032797196514,"CURRENT_ASSETS_TDAYS":1.077746857307,"TOTAL_ASSETS_TDAYS":1.073666902472,"PREMIUM_EXPENSE":null,"LOAN_DEPOSIT":null,"LOAN_EQUITY":null,"LOAN_ASSETS":null,"DEPOSIT_EQUITY":null,"DEPOSIT_ASSETS":null,"EQUITY_MULTIPLIER":-0.312118607344,"EQUITY_RATIO":-1.312118607344},{"SECUCODE":"00724.HK","SECURITY_CODE":"00724","SECURITY_NAME_ABBR":"瑞鑫国际集团","ORG_CODE":"10009084","STD_REPORT_DATE":"2022-12-31 00:00:00","REPORT_DATE":"2022-12-31 00:00:00","DATE_TYPE_CODE":"001","REPORT_TYPE":"2022年年报","PER_NETCASH_OPERATE":-0.086055097787,"PER_OI":2.049214924962,"BPS":-1.133675441311,"BASIC_EPS":-0.618589475,"DILUTED_EPS":-0.618589475,"OPERATE_INCOME":172169753.07,"OPERATE_INCOME_YOY":-36.4920211802,"GROSS_PROFIT":4363623.95,"GROSS_PROFIT_YOY":-59.934588681174,"HOLDER_PROFIT":-51968662.06,"HOLDER_PROFIT_YOY":-7.4366124356,"GROSS_PROFIT_RATIO":2.534489288735,"EPS_TTM":-0.618546266256,"OPERATE_INCOME_QOQ":-20.137703552328,"NET_PROFIT_RATIO":-30.184548176,"ROE_AVG":55.611262193461,"GROSS_PROFIT_QOQ":-50.95820445355,"ROA":-67.002959840606,"HOLDER_PROFIT_QOQ":-12.532071570159,"ROE_YEARLY":55.611262193461,"ROIC_YEARLY":-73.6612201746,"TOTAL_ASSETS":54194690.9,"TOTAL_LIABILITIES":149443177.73,"TAX_EBT":-0.006875923952,"OCF_SALES":-4.199417871652,"TOTAL_PARENT_EQUITY":-95248486.83,"DEBT_ASSET_RATIO":275.7524311851,"OPERATE_PROFIT":-36324824.55,"PRETAX_PROFIT":-51965088.98,"NETCASH_OPERATE":-7230127.38,"NETCASH_INVEST":1189835.64,"NETCASH_FINANCE":3448915.47,"END_CASH":5760698.23,"DIVI_RATIO":null,"DIVIDEND_RATE":null,"CURRENT_RATIO":1.346431988607,"COMMON_ACS":6000000000,"CURRENTDEBT_DEBT":26.862682980771,"ISSUED_COMMON_SHARES":84017421,"HK_COMMON_SHARES":84017421,"PER_SHARES":10000,"TOTAL_MARKET_CAP":8821829.205,"HKSK_MARKET_CAP":8821829.205,"PE_TTM":-0.117757848295,"PB_TTM":-0.05016707064,"REPORT_DATE_SQ":"2021-12-31 00:00:00","REPORT_TYPE_SQ":"2021年年报","OPERATE_INCOME_SQ":248134241.6,"DPS_HKD":null,"OPERATE_INCOME_QOQ_SQ":-16.400554658988,"NET_PROFIT_RATIO_SQ":-17.8427037375,"HOLDER_PROFIT_SQ":-44273857.6,"HOLDER_PROFIT_QOQ_SQ":-5.846865892527,"ROE_AVG_SQ":71.506292173408,"PE_TTM_SQ":-0.140430857808,"PB_TTM_SQ":-0.067444561389,"ROA_SQ":-32.469592173864,"START_DATE":"2022-01-01 00:00:00","FISCAL_YEAR":"12-31","CURRENCY":"HKD","IS_CNY_CODE":0,"DPS_HKD_LY":null,"ORG_TYPE":"一般企业","PREMIUM_INCOME":null,"PREMIUM_INCOME_YOY":null,"NET_INTEREST_INCOME":null,"NET_INTEREST_INCOME_YOY":null,"FEE_COMMISSION_INCOME":null,"FEE_COMMISSION_INCOME_YOY":null,"ACCOUNTS_RECE_TDAYS":4.223442019458,"INVENTORY_TDAYS":12.62812584028,"CURRENT_ASSETS_TDAYS":2.255929773226,"TOTAL_ASSETS_TDAYS":2.219776802681,"PREMIUM_EXPENSE":null,"LOAN_DEPOSIT":null,"LOAN_EQUITY":null,"LOAN_ASSETS":null,"DEPOSIT_EQUITY":null,"DEPOSIT_ASSETS":null,"EQUITY_MULTIPLIER":-0.568982171829,"EQUITY_RATIO":-1.568982171829},{"SECUCODE":"00724.HK","SECURITY_CODE":"00724","SECURITY_NAME_ABBR":"瑞鑫国际集团","ORG_CODE":"10009084","STD_REPORT_DATE":"2022-06-30 00:00:00","REPORT_DATE":"2022-06-30 00:00:00","DATE_TYPE_CODE":"002","REPORT_TYPE":"2022年中报","PER_NETCASH_OPERATE":-0.001914617663,"PER_OI":0.12654798275,"BPS":-1.309655488473,"BASIC_EPS":-0.258096342,"DILUTED_EPS":-0.258096342,"OPERATE_INCOME":106322351.94,"OPERATE_INCOME_YOY":-25.5082415113,"GROSS_PROFIT":7304177.79,"GROSS_PROFIT_YOY":-21.440703557008,"HOLDER_PROFIT":-21685052.83,"HOLDER_PROFIT_YOY":-6.6809710127,"GROSS_PROFIT_RATIO":6.869842189084,"EPS_TTM":-0.054966220268,"OPERATE_INCOME_QOQ":-13.118289426767,"NET_PROFIT_RATIO":-20.3955729292,"ROE_AVG":21.928671498002,"GROSS_PROFIT_QOQ":-18.303539109048,"ROA":-25.311439409064,"HOLDER_PROFIT_QOQ":-4.308057651611,"ROE_YEARLY":43.857342996005,"ROIC_YEARLY":-55.611114766322,"TOTAL_ASSETS":74719660.68,"TOTAL_LIABILITIES":184753537.22,"TAX_EBT":-0.015777225575,"OCF_SALES":-1.512957868829,"TOTAL_PARENT_EQUITY":-110033876.54,"DEBT_ASSET_RATIO":247.2622808222,"OPERATE_PROFIT":-13298204.5,"PRETAX_PROFIT":-21681632.07,"NETCASH_OPERATE":-1608612.39,"NETCASH_INVEST":-11117.47,"NETCASH_FINANCE":2150802.85,"END_CASH":7460677.56,"DIVI_RATIO":null,"DIVIDEND_RATE":null,"CURRENT_RATIO":0.438461459782,"COMMON_ACS":6000000000,"CURRENTDEBT_DEBT":90.510002869866,"ISSUED_COMMON_SHARES":84017421,"HK_COMMON_SHARES":84017421,"PER_SHARES":10000,"TOTAL_MARKET_CAP":8821829.205,"HKSK_MARKET_CAP":8821829.205,"PE_TTM":-0.117757848295,"PB_TTM":-0.05016707064,"REPORT_DATE_SQ":"2021-06-30 00:00:00","REPORT_TYPE_SQ":"2021年中报","OPERATE_INCOME_SQ":138873319.92,"DPS_HKD":null,"OPERATE_INCOME_QOQ_SQ":-1.63488019183,"NET_PROFIT_RATIO_SQ":-14.2415472831,"HOLDER_PROFIT_SQ":-19777709.52,"HOLDER_PROFIT_QOQ_SQ":11.855582284483,"ROE_AVG_SQ":39.177517718807,"PE_TTM_SQ":-0.140430857808,"PB_TTM_SQ":-0.067444561389,"ROA_SQ":-11.518360127449,"START_DATE":"2022-01-01 00:00:00","FISCAL_YEAR":"12-31","CURRENCY":"HKD","IS_CNY_CODE":0,"DPS_HKD_LY":null,"ORG_TYPE":"一般企业","PREMIUM_INCOME":null,"PREMIUM_INCOME_YOY":null,"NET_INTEREST_INCOME":null,"NET_INTEREST_INCOME_YOY":null,"FEE_COMMISSION_INCOME":null,"FEE_COMMISSION_INCOME_YOY":null,"ACCOUNTS_RECE_TDAYS":2.594232534847,"INVENTORY_TDAYS":6.500028069388,"CURRENT_ASSETS_TDAYS":1.267985721571,"TOTAL_ASSETS_TDAYS":1.241026152925,"PREMIUM_EXPENSE":null,"LOAN_DEPOSIT":null,"LOAN_EQUITY":null,"LOAN_ASSETS":null,"DEPOSIT_EQUITY":null,"DEPOSIT_ASSETS":null,"EQUITY_MULTIPLIER":-0.679060513267,"EQUITY_RATIO":-1.679060513267},{"SECUCODE":"00724.HK","SECURITY_CODE":"00724","SECURITY_NAME_ABBR":"瑞鑫国际集团","ORG_CODE":"10009084","STD_REPORT_DATE":"2021-12-31 00:00:00","REPORT_DATE":"2021-12-31 00:00:00","DATE_TYPE_CODE":"001","REPORT_TYPE":"2021年年报","PER_NETCASH_OPERATE":-0.012905670061,"PER_OI":0.295336654548,"BPS":-0.998452394772,"BASIC_EPS":-0.5269432,"DILUTED_EPS":-0.5269432,"OPERATE_INCOME":248134241.6,"OPERATE_INCOME_YOY":-15.349406731,"GROSS_PROFIT":10891249.6,"GROSS_PROFIT_YOY":-40.878524620964,"HOLDER_PROFIT":-44273857.6,"HOLDER_PROFIT_YOY":3.9586400156,"GROSS_PROFIT_RATIO":4.389257012564,"EPS_TTM":-0.052696044299,"OPERATE_INCOME_QOQ":-16.400554658988,"NET_PROFIT_RATIO":-17.8427037375,"ROE_AVG":71.506292173408,"GROSS_PROFIT_QOQ":-43.726671362124,"ROA":-32.469592173864,"HOLDER_PROFIT_QOQ":-5.846865892527,"ROE_YEARLY":71.506292173408,"ROIC_YEARLY":-34.219938828644,"TOTAL_ASSETS":92378988.8,"TOTAL_LIABILITIES":176266384,"TAX_EBT":-0.417238437859,"OCF_SALES":-4.369816567872,"TOTAL_PARENT_EQUITY":-83887395.2,"DEBT_ASSET_RATIO":190.8078734025,"OPERATE_PROFIT":-29168697.6,"PRETAX_PROFIT":-44089897.6,"NETCASH_OPERATE":-10843011.2,"NETCASH_INVEST":5361003.2,"NETCASH_FINANCE":6563692.8,"END_CASH":7561164.8,"DIVI_RATIO":null,"DIVIDEND_RATE":null,"CURRENT_RATIO":0.55817987791,"COMMON_ACS":6000000000,"CURRENTDEBT_DEBT":91.712509856672,"ISSUED_COMMON_SHARES":84017421,"HK_COMMON_SHARES":84017421,"PER_SHARES":10000,"TOTAL_MARKET_CAP":8821829.205,"HKSK_MARKET_CAP":8821829.205,"PE_TTM":-0.117757848295,"PB_TTM":-0.05016707064,"REPORT_DATE_SQ":"2020-12-31 00:00:00","REPORT_TYPE_SQ":"2020年年报","OPERATE_INCOME_SQ":301746456.08,"DPS_HKD":null,"OPERATE_INCOME_QOQ_SQ":-5.780986074982,"NET_PROFIT_RATIO_SQ":-15.726510507,"HOLDER_PROFIT_SQ":-47454188.12,"HOLDER_PROFIT_QOQ_SQ":-0.320598110295,"ROE_AVG_SQ":265.738187816661,"PE_TTM_SQ":-0.140430857808,"PB_TTM_SQ":-0.067444561389,"ROA_SQ":-24.430963884135,"START_DATE":"2021-01-01 00:00:00","FISCAL_YEAR":"12-31","CURRENCY":"HKD","IS_CNY_CODE":0,"DPS_HKD_LY":null,"ORG_TYPE":"一般企业","PREMIUM_INCOME":null,"PREMIUM_INCOME_YOY":null,"NET_INTEREST_INCOME":null,"NET_INTEREST_INCOME_YOY":null,"FEE_COMMISSION_INCOME":null,"FEE_COMMISSION_INCOME_YOY":null,"ACCOUNTS_RECE_TDAYS":2.968214226334,"INVENTORY_TDAYS":8.155195188443,"CURRENT_ASSETS_TDAYS":1.890603391351,"TOTAL_ASSETS_TDAYS":1.81976860971,"PREMIUM_EXPENSE":null,"LOAN_DEPOSIT":null,"LOAN_EQUITY":null,"LOAN_ASSETS":null,"DEPOSIT_EQUITY":null,"DEPOSIT_ASSETS":null,"EQUITY_MULTIPLIER":-1.101226096957,"EQUITY_RATIO":-2.101226096957},{"SECUCODE":"00724.HK","SECURITY_CODE":"00724","SECURITY_NAME_ABBR":"瑞鑫国际集团","ORG_CODE":"10009084","STD_REPORT_DATE":"2021-06-30 00:00:00","REPORT_DATE":"2021-06-30 00:00:00","DATE_TYPE_CODE":"002","REPORT_TYPE":"2021年中报","PER_NETCASH_OPERATE":-0.006205633538,"PER_OI":0.165291099877,"BPS":-0.717856915889,"BASIC_EPS":-0.023547864,"DILUTED_EPS":-0.023547864,"OPERATE_INCOME":138873319.92,"OPERATE_INCOME_YOY":6.0120431419,"GROSS_PROFIT":9297661.92,"GROSS_PROFIT_YOY":11.145807524286,"HOLDER_PROFIT":-19777709.52,"HOLDER_PROFIT_YOY":14.5338175542,"GROSS_PROFIT_RATIO":6.695067076495,"EPS_TTM":-0.049785172055,"OPERATE_INCOME_QOQ":-1.63488019183,"NET_PROFIT_RATIO":-14.2415472831,"ROE_AVG":39.177517718807,"GROSS_PROFIT_QOQ":5.061272915786,"ROA":-11.518360127449,"HOLDER_PROFIT_QOQ":11.855582284483,"ROE_YEARLY":78.355035437613,"ROIC_YEARLY":-24.266028937717,"TOTAL_ASSETS":159887500.32,"TOTAL_LIABILITIES":220199987.04,"TAX_EBT":-0.797252024935,"OCF_SALES":-3.75436641322,"TOTAL_PARENT_EQUITY":-60312486.72,"DEBT_ASSET_RATIO":137.7218272844,"OPERATE_PROFIT":-12294814.08,"PRETAX_PROFIT":-19621278.48,"NETCASH_OPERATE":-5213813.28,"NETCASH_INVEST":1669984.56,"NETCASH_FINANCE":7718374.08,"END_CASH":10896087.6,"DIVI_RATIO":null,"DIVIDEND_RATE":null,"CURRENT_RATIO":0.697760798047,"COMMON_ACS":6000000000,"CURRENTDEBT_DEBT":99.699967502777,"ISSUED_COMMON_SHARES":84017421,"HK_COMMON_SHARES":84017421,"PER_SHARES":10000,"TOTAL_MARKET_CAP":8821829.205,"HKSK_MARKET_CAP":8821829.205,"PE_TTM":-0.117757848295,"PB_TTM":-0.05016707064,"REPORT_DATE_SQ":"2020-06-30 00:00:00","REPORT_TYPE_SQ":"2020年中报","OPERATE_INCOME_SQ":143806512.96,"DPS_HKD":null,"OPERATE_INCOME_QOQ_SQ":7.446762399603,"NET_PROFIT_RATIO_SQ":-17.6651803295,"HOLDER_PROFIT_SQ":-25403679.84,"HOLDER_PROFIT_QOQ_SQ":12.401751954254,"ROE_AVG_SQ":366.030534351145,"PE_TTM_SQ":-0.140430857808,"PB_TTM_SQ":-0.067444561389,"ROA_SQ":-12.080236644239,"START_DATE":"2021-01-01 00:00:00","FISCAL_YEAR":"12-31","CURRENCY":"HKD","IS_CNY_CODE":0,"DPS_HKD_LY":null,"ORG_TYPE":"一般企业","PREMIUM_INCOME":null,"PREMIUM_INCOME_YOY":null,"NET_INTEREST_INCOME":null,"NET_INTEREST_INCOME_YOY":null,"FEE_COMMISSION_INCOME":null,"FEE_COMMISSION_INCOME_YOY":null,"ACCOUNTS_RECE_TDAYS":1.314036020077,"INVENTORY_TDAYS":3.628092819533,"CURRENT_ASSETS_TDAYS":0.845514163334,"TOTAL_ASSETS_TDAYS":0.808785723805,"PREMIUM_EXPENSE":null,"LOAN_DEPOSIT":null,"LOAN_EQUITY":null,"LOAN_ASSETS":null,"DEPOSIT_EQUITY":null,"DEPOSIT_ASSETS":null,"EQUITY_MULTIPLIER":-2.650985044973,"EQUITY_RATIO":-3.650985044975},{"SECUCODE":"00724.HK","SECURITY_CODE":"00724","SECURITY_NAME_ABBR":"瑞鑫国际集团","ORG_CODE":"10009084","STD_REPORT_DATE":"2020-12-31 00:00:00","REPORT_DATE":"2020-12-31 00:00:00","DATE_TYPE_CODE":"001","REPORT_TYPE":"2020年年报","PER_NETCASH_OPERATE":-0.005525623332,"PER_OI":0.35914748519,"BPS":-0.489412354612,"BASIC_EPS":-0.056474044,"DILUTED_EPS":-0.056474044,"OPERATE_INCOME":301746456.08,"OPERATE_INCOME_YOY":7.747420682,"GROSS_PROFIT":18421816.32,"GROSS_PROFIT_YOY":9.145060644769,"HOLDER_PROFIT":-47454188.12,"HOLDER_PROFIT_YOY":6.4679340433,"GROSS_PROFIT_RATIO":6.105064682223,"EPS_TTM":-0.056481366994,"OPERATE_INCOME_QOQ":-5.780986074982,"NET_PROFIT_RATIO":-15.726510507,"ROE_AVG":265.738187816661,"GROSS_PROFIT_QOQ":-17.628996002141,"ROA":-24.430963884135,"HOLDER_PROFIT_QOQ":-0.320598110295,"ROE_YEARLY":265.738187816661,"ROIC_YEARLY":-25.481020180816,"TOTAL_ASSETS":185632960.04,"TOTAL_LIABILITIES":226752123.88,"TAX_EBT":null,"OCF_SALES":-1.538538778652,"TOTAL_PARENT_EQUITY":-41119163.84,"DEBT_ASSET_RATIO":122.1507882173,"OPERATE_PROFIT":-33621834.72,"PRETAX_PROFIT":-47454188.12,"NETCASH_OPERATE":-4642486.24,"NETCASH_INVEST":-88372.2,"NETCASH_FINANCE":1820467.32,"END_CASH":6569841.84,"DIVI_RATIO":null,"DIVIDEND_RATE":null,"CURRENT_RATIO":1.628183925811,"COMMON_ACS":6000000000,"CURRENTDEBT_DEBT":48.029634358634,"ISSUED_COMMON_SHARES":84017421,"HK_COMMON_SHARES":84017421,"PER_SHARES":10000,"TOTAL_MARKET_CAP":8821829.205,"HKSK_MARKET_CAP":8821829.205,"PE_TTM":-0.117757848295,"PB_TTM":-0.05016707064,"REPORT_DATE_SQ":"2019-12-31 00:00:00","REPORT_TYPE_SQ":"2019年年报","OPERATE_INCOME_SQ":298064524.54,"DPS_HKD":null,"OPERATE_INCOME_QOQ_SQ":-0.703065519666,"NET_PROFIT_RATIO_SQ":-18.1166846485,"HOLDER_PROFIT_SQ":-53999409.96,"HOLDER_PROFIT_QOQ_SQ":33.82591822166,"ROE_AVG_SQ":-162.299252877432,"PE_TTM_SQ":-0.140430857808,"PB_TTM_SQ":-0.067444561389,"ROA_SQ":-26.466578711092,"START_DATE":"2020-01-01 00:00:00","FISCAL_YEAR":"12-31","CURRENCY":"HKD","IS_CNY_CODE":0,"DPS_HKD_LY":null,"ORG_TYPE":"一般企业","PREMIUM_INCOME":null,"PREMIUM_INCOME_YOY":null,"NET_INTEREST_INCOME":null,"NET_INTEREST_INCOME_YOY":null,"FEE_COMMISSION_INCOME":null,"FEE_COMMISSION_INCOME_YOY":null,"ACCOUNTS_RECE_TDAYS":2.653251976866,"INVENTORY_TDAYS":6.24286482577,"CURRENT_ASSETS_TDAYS":1.677656946056,"TOTAL_ASSETS_TDAYS":1.553489178239,"PREMIUM_EXPENSE":null,"LOAN_DEPOSIT":null,"LOAN_EQUITY":null,"LOAN_ASSETS":null,"DEPOSIT_EQUITY":null,"DEPOSIT_ASSETS":null,"EQUITY_MULTIPLIER":-4.514512035373,"EQUITY_RATIO":-5.514512035369},{"SECUCODE":"00724.HK","SECURITY_CODE":"00724","SECURITY_NAME_ABBR":"瑞鑫国际集团","ORG_CODE":"10009084","STD_REPORT_DATE":"2020-06-30 00:00:00","REPORT_DATE":"2020-06-30 00:00:00","DATE_TYPE_CODE":"002","REPORT_TYPE":"2020年中报","PER_NETCASH_OPERATE":-0.000986093201,"PER_OI":0.171162730971,"BPS":-0.235020692673,"BASIC_EPS":-0.030234864,"DILUTED_EPS":-0.030234864,"OPERATE_INCOME":143806512.96,"OPERATE_INCOME_YOY":13.8787821797,"GROSS_PROFIT":8365283.52,"GROSS_PROFIT_YOY":190.549287926906,"HOLDER_PROFIT":-25403679.84,"HOLDER_PROFIT_YOY":23.7887756221,"GROSS_PROFIT_RATIO":5.817040791697,"EPS_TTM":-0.056300867477,"OPERATE_INCOME_QOQ":7.446762399603,"NET_PROFIT_RATIO":-17.6651803295,"ROE_AVG":366.030534351145,"GROSS_PROFIT_QOQ":32.504225209644,"ROA":-12.080236644239,"HOLDER_PROFIT_QOQ":12.401751954254,"ROE_YEARLY":732.06106870229,"ROIC_YEARLY":-25.22922983764,"TOTAL_ASSETS":200435225.76,"TOTAL_LIABILITIES":220181058.24,"TAX_EBT":null,"OCF_SALES":-0.576114435255,"TOTAL_PARENT_EQUITY":-19745832.48,"DEBT_ASSET_RATIO":109.8514781547,"OPERATE_PROFIT":-18175629.12,"PRETAX_PROFIT":-25403679.84,"NETCASH_OPERATE":-828490.08,"NETCASH_INVEST":-83123.04,"NETCASH_FINANCE":-230186.88,"END_CASH":7572417.6,"DIVI_RATIO":null,"DIVIDEND_RATE":null,"CURRENT_RATIO":1.897404937317,"COMMON_ACS":6000000000,"CURRENTDEBT_DEBT":43.978742646632,"ISSUED_COMMON_SHARES":84017421,"HK_COMMON_SHARES":84017421,"PER_SHARES":10000,"TOTAL_MARKET_CAP":8821829.205,"HKSK_MARKET_CAP":8821829.205,"PE_TTM":-0.117757848295,"PB_TTM":-0.05016707064,"REPORT_DATE_SQ":"2019-06-30 00:00:00","REPORT_TYPE_SQ":"2019年中报","OPERATE_INCOME_SQ":121610356.02,"DPS_HKD":null,"OPERATE_INCOME_QOQ_SQ":-23.175173614142,"NET_PROFIT_RATIO_SQ":-26.3962328296,"HOLDER_PROFIT_SQ":-32100552.72,"HOLDER_PROFIT_QOQ_SQ":-8.442806607693,"ROE_AVG_SQ":-74.219758987136,"PE_TTM_SQ":-0.140430857808,"PB_TTM_SQ":-0.067444561389,"ROA_SQ":-17.539339991733,"START_DATE":"2020-01-01 00:00:00","FISCAL_YEAR":"12-31","CURRENCY":"HKD","IS_CNY_CODE":0,"DPS_HKD_LY":null,"ORG_TYPE":"一般企业","PREMIUM_INCOME":null,"PREMIUM_INCOME_YOY":null,"NET_INTEREST_INCOME":null,"NET_INTEREST_INCOME_YOY":null,"FEE_COMMISSION_INCOME":null,"FEE_COMMISSION_INCOME_YOY":null,"ACCOUNTS_RECE_TDAYS":1.258656390659,"INVENTORY_TDAYS":2.451612903226,"CURRENT_ASSETS_TDAYS":0.753519694254,"TOTAL_ASSETS_TDAYS":0.683844513268,"PREMIUM_EXPENSE":null,"LOAN_DEPOSIT":null,"LOAN_EQUITY":null,"LOAN_ASSETS":null,"DEPOSIT_EQUITY":null,"DEPOSIT_ASSETS":null,"EQUITY_MULTIPLIER":-10.150760975122,"EQUITY_RATIO":-11.150760975158},{"SECUCODE":"00724.HK","SECURITY_CODE":"00724","SECURITY_NAME_ABBR":"瑞鑫国际集团","ORG_CODE":"10009084","STD_REPORT_DATE":"2019-12-31 00:00:00","REPORT_DATE":"2019-12-31 00:00:00","DATE_TYPE_CODE":"001","REPORT_TYPE":"2019年年报","PER_NETCASH_OPERATE":-0.001015006823,"PER_OI":0.354765142245,"BPS":0.068459651719,"BASIC_EPS":-0.064227426,"DILUTED_EPS":-0.064227426,"OPERATE_INCOME":298064524.54,"OPERATE_INCOME_YOY":-25.3827368685,"GROSS_PROFIT":16878286.76,"GROSS_PROFIT_YOY":780.798019297488,"HOLDER_PROFIT":-53999409.96,"HOLDER_PROFIT_YOY":29.8075243651,"GROSS_PROFIT_RATIO":5.6626285151,"EPS_TTM":-0.064271682063,"OPERATE_INCOME_QOQ":-0.703065519666,"NET_PROFIT_RATIO":-18.1166846485,"ROE_AVG":-162.299252877432,"GROSS_PROFIT_QOQ":386.801121102474,"ROA":-26.466578711092,"HOLDER_PROFIT_QOQ":33.82591822166,"ROE_YEARLY":-162.299252877432,"ROIC_YEARLY":-29.181299996369,"TOTAL_ASSETS":215891042.02,"TOTAL_LIABILITIES":210139238.64,"TAX_EBT":null,"OCF_SALES":-0.286106694957,"TOTAL_PARENT_EQUITY":5751803.38,"DEBT_ASSET_RATIO":97.3357841408,"OPERATE_PROFIT":-40003743.24,"PRETAX_PROFIT":-53999409.96,"NETCASH_OPERATE":-852782.56,"NETCASH_INVEST":-11100505.76,"NETCASH_FINANCE":-5342431.92,"END_CASH":10033631.78,"DIVI_RATIO":null,"DIVIDEND_RATE":null,"CURRENT_RATIO":1.986844276573,"COMMON_ACS":6000000000,"CURRENTDEBT_DEBT":46.497689566389,"ISSUED_COMMON_SHARES":84017421,"HK_COMMON_SHARES":84017421,"PER_SHARES":10000,"TOTAL_MARKET_CAP":8821829.205,"HKSK_MARKET_CAP":8821829.205,"PE_TTM":-0.117757848295,"PB_TTM":-0.05016707064,"REPORT_DATE_SQ":"2018-12-31 00:00:00","REPORT_TYPE_SQ":"2018年年报","OPERATE_INCOME_SQ":390726494.6,"DPS_HKD":null,"OPERATE_INCOME_QOQ_SQ":-13.389557996676,"NET_PROFIT_RATIO_SQ":-19.2587227229,"HOLDER_PROFIT_SQ":-75248932.2,"HOLDER_PROFIT_QOQ_SQ":-105.251383289506,"ROE_AVG_SQ":-237.923869680851,"PE_TTM_SQ":-0.140430857808,"PB_TTM_SQ":-0.067444561389,"ROA_SQ":-30.937293990929,"START_DATE":"2019-01-01 00:00:00","FISCAL_YEAR":"12-31","CURRENCY":"HKD","IS_CNY_CODE":0,"DPS_HKD_LY":null,"ORG_TYPE":"一般企业","PREMIUM_INCOME":null,"PREMIUM_INCOME_YOY":null,"NET_INTEREST_INCOME":null,"NET_INTEREST_INCOME_YOY":null,"FEE_COMMISSION_INCOME":null,"FEE_COMMISSION_INCOME_YOY":null,"ACCOUNTS_RECE_TDAYS":2.96208627842,"INVENTORY_TDAYS":5.009911261491,"CURRENT_ASSETS_TDAYS":1.624329080618,"TOTAL_ASSETS_TDAYS":1.46089525896,"PREMIUM_EXPENSE":null,"LOAN_DEPOSIT":null,"LOAN_EQUITY":null,"LOAN_ASSETS":null,"DEPOSIT_EQUITY":null,"DEPOSIT_ASSETS":null,"EQUITY_MULTIPLIER":37.534496183814,"EQUITY_RATIO":36.534496184395}],"count":44},"success":true,"message":"ok","code":0}