{"version":"cca6b2aeb8ffd7e1b8eb3bc6a5cffb39","result":{"pages":6,"data":[{"SECUCODE":"00720.HK","SECURITY_CODE":"00720","SECURITY_NAME_ABBR":"意达利控股","ORG_CODE":"10009081","STD_REPORT_DATE":"2024-06-30 00:00:00","REPORT_DATE":"2024-06-30 00:00:00","DATE_TYPE_CODE":"002","REPORT_TYPE":"2024年中报","PER_NETCASH_OPERATE":0.001040891915,"PER_OI":0.002701904328,"BPS":0.013023165429,"BASIC_EPS":-0.01323386,"DILUTED_EPS":-0.01323386,"OPERATE_INCOME":14299870.24,"OPERATE_INCOME_YOY":-39.1226638691,"GROSS_PROFIT":9807659.28,"GROSS_PROFIT_YOY":-15.06223857478,"HOLDER_PROFIT":-70213385.08,"HOLDER_PROFIT_YOY":34.4710391823,"GROSS_PROFIT_RATIO":68.585652284912,"EPS_TTM":-0.023513315807,"OPERATE_INCOME_QOQ":-21.903209409921,"NET_PROFIT_RATIO":-508.1248404391,"ROE_AVG":-61.163141993958,"GROSS_PROFIT_QOQ":-6.609956605626,"ROA":-13.017001576978,"HOLDER_PROFIT_QOQ":23.405354896104,"ROE_YEARLY":-122.326283987915,"ROIC_YEARLY":-29.315842371759,"TOTAL_ASSETS":505140086.92,"TOTAL_LIABILITIES":386164947.48,"TAX_EBT":0.17429029993,"OCF_SALES":38.524380903753,"TOTAL_PARENT_EQUITY":79343835.8,"DEBT_ASSET_RATIO":76.4471000182,"OPERATE_PROFIT":-57734311.44,"PRETAX_PROFIT":-72788055.36,"NETCASH_OPERATE":5508936.48,"NETCASH_INVEST":735620.08,"NETCASH_FINANCE":-6105829.2,"END_CASH":19046718.92,"DIVI_RATIO":null,"DIVIDEND_RATE":null,"CURRENT_RATIO":0.130796418051,"COMMON_ACS":17500000000,"CURRENTDEBT_DEBT":92.348579923472,"ISSUED_COMMON_SHARES":6092515390,"HK_COMMON_SHARES":6092515390,"PER_SHARES":25000,"TOTAL_MARKET_CAP":1340353385.8,"HKSK_MARKET_CAP":1340353385.8,"PE_TTM":-9.65561164275,"PB_TTM":15.417879861966,"REPORT_DATE_SQ":"2023-06-30 00:00:00","REPORT_TYPE_SQ":"2023年中报","OPERATE_INCOME_SQ":23728999.26,"DPS_HKD":null,"OPERATE_INCOME_QOQ_SQ":44.869343055143,"NET_PROFIT_RATIO_SQ":-496.1883669425,"HOLDER_PROFIT_SQ":-108240452,"HOLDER_PROFIT_QOQ_SQ":-25.097869263666,"ROE_AVG_SQ":-44.178935980056,"PE_TTM_SQ":-10.680935120523,"PB_TTM_SQ":3.614104869729,"ROA_SQ":-15.92448484495,"START_DATE":"2024-01-01 00:00:00","FISCAL_YEAR":"12-31","CURRENCY":"HKD","IS_CNY_CODE":0,"DPS_HKD_LY":null,"ORG_TYPE":"一般企业","PREMIUM_INCOME":null,"PREMIUM_INCOME_YOY":null,"NET_INTEREST_INCOME":null,"NET_INTEREST_INCOME_YOY":null,"FEE_COMMISSION_INCOME":null,"FEE_COMMISSION_INCOME_YOY":null,"ACCOUNTS_RECE_TDAYS":1.529854025289,"INVENTORY_TDAYS":3.615130370914,"CURRENT_ASSETS_TDAYS":0.291894107346,"TOTAL_ASSETS_TDAYS":0.026510818878,"PREMIUM_EXPENSE":null,"LOAN_DEPOSIT":null,"LOAN_EQUITY":null,"LOAN_ASSETS":null,"DEPOSIT_EQUITY":null,"DEPOSIT_ASSETS":null,"EQUITY_MULTIPLIER":4.245761671695,"EQUITY_RATIO":4.866981077817},{"SECUCODE":"00720.HK","SECURITY_CODE":"00720","SECURITY_NAME_ABBR":"意达利控股","ORG_CODE":"10009081","STD_REPORT_DATE":"2023-12-31 00:00:00","REPORT_DATE":"2023-12-31 00:00:00","DATE_TYPE_CODE":"001","REPORT_TYPE":"2023年年报","PER_NETCASH_OPERATE":-0.000756479607,"PER_OI":0.008133953651,"BPS":0.024486842946,"BASIC_EPS":-0.030720858,"DILUTED_EPS":-0.030720858,"OPERATE_INCOME":43049074.88,"OPERATE_INCOME_YOY":61.1452220225,"GROSS_PROFIT":26312097.7,"GROSS_PROFIT_YOY":29.756085645695,"HOLDER_PROFIT":-162471652.7,"HOLDER_PROFIT_YOY":-182.7616118603,"GROSS_PROFIT_RATIO":61.121168743685,"EPS_TTM":-0.030698380775,"OPERATE_INCOME_QOQ":18.229755911538,"NET_PROFIT_RATIO":-433.4308689795,"ROE_AVG":-73.675234749019,"GROSS_PROFIT_QOQ":20.436802520903,"ROA":-25.416057969905,"HOLDER_PROFIT_QOQ":-129.309174057558,"ROE_YEARLY":-73.675234749019,"ROIC_YEARLY":-29.125724650336,"TOTAL_ASSETS":569594612.58,"TOTAL_LIABILITIES":378125732.32,"TAX_EBT":0.435690867417,"OCF_SALES":-9.300269450994,"TOTAL_PARENT_EQUITY":149186467.5,"DEBT_ASSET_RATIO":66.3850612293,"OPERATE_PROFIT":-166047596.82,"PRETAX_PROFIT":-187404483.56,"NETCASH_OPERATE":-4003679.96,"NETCASH_INVEST":-6230262.5,"NETCASH_FINANCE":-12997007.24,"END_CASH":19368640.06,"DIVI_RATIO":null,"DIVIDEND_RATE":null,"CURRENT_RATIO":0.177039923452,"COMMON_ACS":17500000000,"CURRENTDEBT_DEBT":76.142224437755,"ISSUED_COMMON_SHARES":6092515390,"HK_COMMON_SHARES":6092515390,"PER_SHARES":25000,"TOTAL_MARKET_CAP":1334260870.41,"HKSK_MARKET_CAP":1334260870.41,"PE_TTM":-9.611722498919,"PB_TTM":15.347798589866,"REPORT_DATE_SQ":"2022-12-31 00:00:00","REPORT_TYPE_SQ":"2022年年报","OPERATE_INCOME_SQ":26332706.33,"DPS_HKD":null,"OPERATE_INCOME_QOQ_SQ":241.346717902892,"NET_PROFIT_RATIO_SQ":-304.1902121761,"HOLDER_PROFIT_SQ":-56637784.35,"HOLDER_PROFIT_QOQ_SQ":42.352781945666,"ROE_AVG_SQ":-17.767297580167,"PE_TTM_SQ":-10.680935120523,"PB_TTM_SQ":3.614104869729,"ROA_SQ":-7.527723642727,"START_DATE":"2023-01-01 00:00:00","FISCAL_YEAR":"12-31","CURRENCY":"HKD","IS_CNY_CODE":0,"DPS_HKD_LY":null,"ORG_TYPE":"一般企业","PREMIUM_INCOME":null,"PREMIUM_INCOME_YOY":null,"NET_INTEREST_INCOME":null,"NET_INTEREST_INCOME_YOY":null,"FEE_COMMISSION_INCOME":null,"FEE_COMMISSION_INCOME_YOY":null,"ACCOUNTS_RECE_TDAYS":5.682636521323,"INVENTORY_TDAYS":12.071241830065,"CURRENT_ASSETS_TDAYS":0.795132524877,"TOTAL_ASSETS_TDAYS":0.067343303556,"PREMIUM_EXPENSE":null,"LOAN_DEPOSIT":null,"LOAN_EQUITY":null,"LOAN_ASSETS":null,"DEPOSIT_EQUITY":null,"DEPOSIT_ASSETS":null,"EQUITY_MULTIPLIER":2.974867831298,"EQUITY_RATIO":2.534584662111},{"SECUCODE":"00720.HK","SECURITY_CODE":"00720","SECURITY_NAME_ABBR":"意达利控股","ORG_CODE":"10009081","STD_REPORT_DATE":"2023-06-30 00:00:00","REPORT_DATE":"2023-06-30 00:00:00","DATE_TYPE_CODE":"002","REPORT_TYPE":"2023年中报","PER_NETCASH_OPERATE":-0.000262874591,"PER_OI":0.00448350123,"BPS":0.031690003134,"BASIC_EPS":-0.020467956,"DILUTED_EPS":-0.020467956,"OPERATE_INCOME":23728999.26,"OPERATE_INCOME_YOY":76.7651098901,"GROSS_PROFIT":11546877.52,"GROSS_PROFIT_YOY":14.192485076515,"HOLDER_PROFIT":-108240452,"HOLDER_PROFIT_YOY":-6.7787206563,"GROSS_PROFIT_RATIO":48.661460154641,"EPS_TTM":-0.013387332147,"OPERATE_INCOME_QOQ":44.869343055143,"NET_PROFIT_RATIO":-496.1883669425,"ROE_AVG":-44.178935980056,"GROSS_PROFIT_QOQ":7.030683085923,"ROA":-15.92448484495,"HOLDER_PROFIT_QOQ":-25.097869263666,"ROE_YEARLY":-88.357871960111,"ROIC_YEARLY":-37.181932557865,"TOTAL_ASSETS":638191790.06,"TOTAL_LIABILITIES":378120593.64,"TAX_EBT":0.250732278852,"OCF_SALES":-5.863154213778,"TOTAL_PARENT_EQUITY":193071831.8,"DEBT_ASSET_RATIO":59.2487398819,"OPERATE_PROFIT":-110945541.32,"PRETAX_PROFIT":-118036489.5,"NETCASH_OPERATE":-1391267.82,"NETCASH_INVEST":-2393460.08,"NETCASH_FINANCE":-10205396.62,"END_CASH":25033600.96,"DIVI_RATIO":null,"DIVIDEND_RATE":null,"CURRENT_RATIO":0.146936935743,"COMMON_ACS":17500000000,"CURRENTDEBT_DEBT":91.962557117708,"ISSUED_COMMON_SHARES":6092515390,"HK_COMMON_SHARES":6092515390,"PER_SHARES":25000,"TOTAL_MARKET_CAP":1334260870.41,"HKSK_MARKET_CAP":1334260870.41,"PE_TTM":-9.611722498919,"PB_TTM":15.347798589866,"REPORT_DATE_SQ":"2022-06-30 00:00:00","REPORT_TYPE_SQ":"2022年中报","OPERATE_INCOME_SQ":12451566.4,"DPS_HKD":null,"OPERATE_INCOME_QOQ_SQ":-188.090774479139,"NET_PROFIT_RATIO_SQ":-736.7857142857,"HOLDER_PROFIT_SQ":-94025574.93,"HOLDER_PROFIT_QOQ_SQ":-1812.88599182362,"ROE_AVG_SQ":-33.016819668291,"PE_TTM_SQ":-10.680935120523,"PB_TTM_SQ":3.614104869729,"ROA_SQ":-13.145831240943,"START_DATE":"2023-01-01 00:00:00","FISCAL_YEAR":"12-31","CURRENCY":"HKD","IS_CNY_CODE":0,"DPS_HKD_LY":null,"ORG_TYPE":"一般企业","PREMIUM_INCOME":null,"PREMIUM_INCOME_YOY":null,"NET_INTEREST_INCOME":null,"NET_INTEREST_INCOME_YOY":null,"FEE_COMMISSION_INCOME":null,"FEE_COMMISSION_INCOME_YOY":null,"ACCOUNTS_RECE_TDAYS":3.795178057952,"INVENTORY_TDAYS":5.462174452253,"CURRENT_ASSETS_TDAYS":0.433801345042,"TOTAL_ASSETS_TDAYS":0.034910431555,"PREMIUM_EXPENSE":null,"LOAN_DEPOSIT":null,"LOAN_EQUITY":null,"LOAN_ASSETS":null,"DEPOSIT_EQUITY":null,"DEPOSIT_ASSETS":null,"EQUITY_MULTIPLIER":2.453911847393,"EQUITY_RATIO":1.958445155437},{"SECUCODE":"00720.HK","SECURITY_CODE":"00720","SECURITY_NAME_ABBR":"意达利控股","ORG_CODE":"10009081","STD_REPORT_DATE":"2022-12-31 00:00:00","REPORT_DATE":"2022-12-31 00:00:00","DATE_TYPE_CODE":"001","REPORT_TYPE":"2022年年报","PER_NETCASH_OPERATE":0.000273929711,"PER_OI":0.004975461456,"BPS":0.047220398166,"BASIC_EPS":-0.01071924,"DILUTED_EPS":-0.01071924,"OPERATE_INCOME":26332706.33,"OPERATE_INCOME_YOY":13.9657337276,"GROSS_PROFIT":20278122.27,"GROSS_PROFIT_YOY":22.563790508303,"HOLDER_PROFIT":-56637784.35,"HOLDER_PROFIT_YOY":-788.025210084,"GROSS_PROFIT_RATIO":81.213348971106,"EPS_TTM":-0.010701486945,"OPERATE_INCOME_QOQ":241.346717902892,"NET_PROFIT_RATIO":-304.1902121761,"ROE_AVG":-17.767297580167,"GROSS_PROFIT_QOQ":53.402421779031,"ROA":-7.527723642727,"HOLDER_PROFIT_QOQ":42.352781945666,"ROE_YEARLY":-17.767297580167,"ROIC_YEARLY":-8.866263521209,"TOTAL_ASSETS":698771176.74,"TOTAL_LIABILITIES":349568708.72,"TAX_EBT":0.631574059024,"OCF_SALES":5.768205565625,"TOTAL_PARENT_EQUITY":287691002.55,"DEBT_ASSET_RATIO":50.0262060537,"OPERATE_PROFIT":-65957270.26,"PRETAX_PROFIT":-76940918.18,"NETCASH_OPERATE":1449777.21,"NETCASH_INVEST":-1426552.19,"NETCASH_FINANCE":6452089.21,"END_CASH":38230169.46,"DIVI_RATIO":null,"DIVIDEND_RATE":null,"CURRENT_RATIO":0.176973319677,"COMMON_ACS":17500000000,"CURRENTDEBT_DEBT":91.313347098146,"ISSUED_COMMON_SHARES":6092515390,"HK_COMMON_SHARES":6092515390,"PER_SHARES":25000,"TOTAL_MARKET_CAP":1334260870.41,"HKSK_MARKET_CAP":1334260870.41,"PE_TTM":-9.611722498919,"PB_TTM":15.347798589866,"REPORT_DATE_SQ":"2021-12-31 00:00:00","REPORT_TYPE_SQ":"2021年年报","OPERATE_INCOME_SQ":20185726.4,"DPS_HKD":null,"OPERATE_INCOME_QOQ_SQ":-81.787148804159,"NET_PROFIT_RATIO_SQ":-25.4445299526,"HOLDER_PROFIT_SQ":-5837664,"HOLDER_PROFIT_QOQ_SQ":92.502127396817,"ROE_AVG_SQ":-1.580981910064,"PE_TTM_SQ":-10.680935120523,"PB_TTM_SQ":3.614104869729,"ROA_SQ":-0.874297774799,"START_DATE":"2022-01-01 00:00:00","FISCAL_YEAR":"12-31","CURRENCY":"HKD","IS_CNY_CODE":0,"DPS_HKD_LY":null,"ORG_TYPE":"一般企业","PREMIUM_INCOME":null,"PREMIUM_INCOME_YOY":null,"NET_INTEREST_INCOME":null,"NET_INTEREST_INCOME_YOY":null,"FEE_COMMISSION_INCOME":null,"FEE_COMMISSION_INCOME_YOY":null,"ACCOUNTS_RECE_TDAYS":6.831749710313,"INVENTORY_TDAYS":null,"CURRENT_ASSETS_TDAYS":0.528126583704,"TOTAL_ASSETS_TDAYS":0.03340549801,"PREMIUM_EXPENSE":null,"LOAN_DEPOSIT":null,"LOAN_EQUITY":null,"LOAN_ASSETS":null,"DEPOSIT_EQUITY":null,"DEPOSIT_ASSETS":null,"EQUITY_MULTIPLIER":2.001048791842,"EQUITY_RATIO":1.215083911633},{"SECUCODE":"00720.HK","SECURITY_CODE":"00720","SECURITY_NAME_ABBR":"意达利控股","ORG_CODE":"10009081","STD_REPORT_DATE":"2022-06-30 00:00:00","REPORT_DATE":"2022-06-30 00:00:00","DATE_TYPE_CODE":"002","REPORT_TYPE":"2022年中报","PER_NETCASH_OPERATE":-0.000555205346,"PER_OI":0.002352674576,"BPS":0.038508929455,"BASIC_EPS":-0.017787952,"DILUTED_EPS":-0.017787952,"OPERATE_INCOME":12451566.4,"OPERATE_INCOME_YOY":-75.9712182724,"GROSS_PROFIT":10111766.56,"GROSS_PROFIT_YOY":-22.527112857299,"HOLDER_PROFIT":-94025574.93,"HOLDER_PROFIT_YOY":-9922.515952598,"GROSS_PROFIT_RATIO":78.811813186813,"EPS_TTM":-0.018563752607,"OPERATE_INCOME_QOQ":-188.090774479139,"NET_PROFIT_RATIO":-736.7857142857,"ROE_AVG":-33.016819668291,"GROSS_PROFIT_QOQ":-19.575162966912,"ROA":-13.145831240943,"HOLDER_PROFIT_QOQ":-1812.88599182362,"ROE_YEARLY":-66.033639336583,"ROIC_YEARLY":-31.750574312666,"TOTAL_ASSETS":658852914.23,"TOTAL_LIABILITIES":343802628.61,"TAX_EBT":-1.303410892452,"OCF_SALES":-23.598901098901,"TOTAL_PARENT_EQUITY":234616245.36,"DEBT_ASSET_RATIO":52.1820001376,"OPERATE_PROFIT":-84566318.34,"PRETAX_PROFIT":-90084859.41,"NETCASH_OPERATE":-2938432.84,"NETCASH_INVEST":-785919.61,"NETCASH_FINANCE":16999466.82,"END_CASH":43511212.01,"DIVI_RATIO":null,"DIVIDEND_RATE":null,"CURRENT_RATIO":0.156726135491,"COMMON_ACS":17500000000,"CURRENTDEBT_DEBT":89.39975473796,"ISSUED_COMMON_SHARES":6092515390,"HK_COMMON_SHARES":6092515390,"PER_SHARES":25000,"TOTAL_MARKET_CAP":1334260870.41,"HKSK_MARKET_CAP":1334260870.41,"PE_TTM":-9.611722498919,"PB_TTM":15.347798589866,"REPORT_DATE_SQ":"2021-06-30 00:00:00","REPORT_TYPE_SQ":"2021年中报","OPERATE_INCOME_SQ":50419055.52,"DPS_HKD":null,"OPERATE_INCOME_QOQ_SQ":4.594993162202,"NET_PROFIT_RATIO_SQ":52.7159685864,"HOLDER_PROFIT_SQ":-912791.76,"HOLDER_PROFIT_QOQ_SQ":8.596073610528,"ROE_AVG_SQ":-0.2709284176,"PE_TTM_SQ":-10.680935120523,"PB_TTM_SQ":3.614104869729,"ROA_SQ":-0.146743779609,"START_DATE":"2022-01-01 00:00:00","FISCAL_YEAR":"12-31","CURRENCY":"HKD","IS_CNY_CODE":0,"DPS_HKD_LY":null,"ORG_TYPE":"一般企业","PREMIUM_INCOME":null,"PREMIUM_INCOME_YOY":null,"NET_INTEREST_INCOME":null,"NET_INTEREST_INCOME_YOY":null,"FEE_COMMISSION_INCOME":null,"FEE_COMMISSION_INCOME_YOY":null,"ACCOUNTS_RECE_TDAYS":null,"INVENTORY_TDAYS":2.34155597723,"CURRENT_ASSETS_TDAYS":0.292246241545,"TOTAL_ASSETS_TDAYS":0.017408688083,"PREMIUM_EXPENSE":null,"LOAN_DEPOSIT":null,"LOAN_EQUITY":null,"LOAN_ASSETS":null,"DEPOSIT_EQUITY":null,"DEPOSIT_ASSETS":null,"EQUITY_MULTIPLIER":2.091262710439,"EQUITY_RATIO":1.465382876972},{"SECUCODE":"00720.HK","SECURITY_CODE":"00720","SECURITY_NAME_ABBR":"意达利控股","ORG_CODE":"10009081","STD_REPORT_DATE":"2021-12-31 00:00:00","REPORT_DATE":"2021-12-31 00:00:00","DATE_TYPE_CODE":"001","REPORT_TYPE":"2021年年报","PER_NETCASH_OPERATE":0.009106577657,"PER_OI":0.003814013737,"BPS":0.05256003977,"BASIC_EPS":-0.00106288,"DILUTED_EPS":-0.00106288,"OPERATE_INCOME":20185726.4,"OPERATE_INCOME_YOY":-80.3901478146,"GROSS_PROFIT":16544953.6,"GROSS_PROFIT_YOY":-53.673956163981,"HOLDER_PROFIT":-5837664,"HOLDER_PROFIT_YOY":92.9451400977,"GROSS_PROFIT_RATIO":81.963627526429,"EPS_TTM":-0.000970457868,"OPERATE_INCOME_QOQ":-81.787148804159,"NET_PROFIT_RATIO":-25.4445299526,"ROE_AVG":-1.580981910064,"GROSS_PROFIT_QOQ":-57.983711288767,"ROA":-0.874297774799,"HOLDER_PROFIT_QOQ":92.502127396817,"ROE_YEARLY":-1.580981910064,"ROIC_YEARLY":-1.011703356079,"TOTAL_ASSETS":737729473.6,"TOTAL_LIABILITIES":332974958.4,"TAX_EBT":81.891271056662,"OCF_SALES":238.766252177083,"TOTAL_PARENT_EQUITY":320222851.2,"DEBT_ASSET_RATIO":45.1351030853,"OPERATE_PROFIT":10691755.2,"PRETAX_PROFIT":2135571.2,"NETCASH_OPERATE":48196702.4,"NETCASH_INVEST":21731808,"NETCASH_FINANCE":-80915419.2,"END_CASH":32107969.6,"DIVI_RATIO":null,"DIVIDEND_RATE":null,"CURRENT_RATIO":2.58699157857,"COMMON_ACS":17500000000,"CURRENTDEBT_DEBT":4.11114303183,"ISSUED_COMMON_SHARES":6092515390,"HK_COMMON_SHARES":6092515390,"PER_SHARES":25000,"TOTAL_MARKET_CAP":1334260870.41,"HKSK_MARKET_CAP":1334260870.41,"PE_TTM":-9.611722498919,"PB_TTM":15.347798589866,"REPORT_DATE_SQ":"2020-12-31 00:00:00","REPORT_TYPE_SQ":"2020年年报","OPERATE_INCOME_SQ":105963317.64,"DPS_HKD":null,"OPERATE_INCOME_QOQ_SQ":-23.5344235593,"NET_PROFIT_RATIO_SQ":-70.7262055107,"HOLDER_PROFIT_SQ":-74943833.8,"HOLDER_PROFIT_QOQ_SQ":-92.956851175642,"ROE_AVG_SQ":-20.709319484482,"PE_TTM_SQ":-10.680935120523,"PB_TTM_SQ":3.614104869729,"ROA_SQ":-16.307069937543,"START_DATE":"2021-01-01 00:00:00","FISCAL_YEAR":"12-31","CURRENCY":"HKD","IS_CNY_CODE":0,"DPS_HKD_LY":null,"ORG_TYPE":"一般企业","PREMIUM_INCOME":null,"PREMIUM_INCOME_YOY":null,"NET_INTEREST_INCOME":null,"NET_INTEREST_INCOME_YOY":null,"FEE_COMMISSION_INCOME":null,"FEE_COMMISSION_INCOME_YOY":null,"ACCOUNTS_RECE_TDAYS":null,"INVENTORY_TDAYS":0.142014287537,"CURRENT_ASSETS_TDAYS":0.228831743001,"TOTAL_ASSETS_TDAYS":0.034360932445,"PREMIUM_EXPENSE":null,"LOAN_DEPOSIT":null,"LOAN_EQUITY":null,"LOAN_ASSETS":null,"DEPOSIT_EQUITY":null,"DEPOSIT_ASSETS":null,"EQUITY_MULTIPLIER":1.822659033798,"EQUITY_RATIO":1.039822602142},{"SECUCODE":"00720.HK","SECURITY_CODE":"00720","SECURITY_NAME_ABBR":"意达利控股","ORG_CODE":"10009081","STD_REPORT_DATE":"2021-06-30 00:00:00","REPORT_DATE":"2021-06-30 00:00:00","DATE_TYPE_CODE":"002","REPORT_TYPE":"2021年中报","PER_NETCASH_OPERATE":0.007357814032,"PER_OI":0.009526482552,"BPS":0.055554805898,"BASIC_EPS":-0.000166416,"DILUTED_EPS":-0.000166416,"OPERATE_INCOME":50419055.52,"OPERATE_INCOME_YOY":203.4756703078,"GROSS_PROFIT":13052006.88,"GROSS_PROFIT_YOY":372.984101654507,"HOLDER_PROFIT":-912791.76,"HOLDER_PROFIT_YOY":86.3760556384,"GROSS_PROFIT_RATIO":84.195026178011,"EPS_TTM":-0.012943109586,"OPERATE_INCOME_QOQ":4.594993162202,"NET_PROFIT_RATIO":52.7159685864,"ROE_AVG":-0.2709284176,"GROSS_PROFIT_QOQ":10.257343656424,"ROA":-0.146743779609,"HOLDER_PROFIT_QOQ":8.596073610528,"ROE_YEARLY":-0.5418568352,"ROIC_YEARLY":-0.344194386682,"TOTAL_ASSETS":799125471.6,"TOTAL_LIABILITIES":370354647.6,"TAX_EBT":2.658610271903,"OCF_SALES":510.471204188482,"TOTAL_PARENT_EQUITY":338468509.92,"DEBT_ASSET_RATIO":46.3449934662,"OPERATE_PROFIT":7914744.96,"PRETAX_PROFIT":4131277.2,"NETCASH_OPERATE":38941344,"NETCASH_INVEST":22297247.76,"NETCASH_FINANCE":-55879996.56,"END_CASH":49279105.92,"DIVI_RATIO":null,"DIVIDEND_RATE":null,"CURRENT_RATIO":1.659798396057,"COMMON_ACS":17500000000,"CURRENTDEBT_DEBT":11.121895325717,"ISSUED_COMMON_SHARES":6092515390,"HK_COMMON_SHARES":6092515390,"PER_SHARES":25000,"TOTAL_MARKET_CAP":1334260870.41,"HKSK_MARKET_CAP":1334260870.41,"PE_TTM":-9.611722498919,"PB_TTM":15.347798589866,"REPORT_DATE_SQ":"2020-06-30 00:00:00","REPORT_TYPE_SQ":"2020年中报","OPERATE_INCOME_SQ":2759502.24,"DPS_HKD":null,"OPERATE_INCOME_QOQ_SQ":-33.302612831941,"NET_PROFIT_RATIO_SQ":-13.6952750281,"HOLDER_PROFIT_SQ":-7355018.88,"HOLDER_PROFIT_QOQ_SQ":-79.821288747802,"ROE_AVG_SQ":-1.789436723011,"PE_TTM_SQ":-10.680935120523,"PB_TTM_SQ":3.614104869729,"ROA_SQ":-1.351953759555,"START_DATE":"2021-01-01 00:00:00","FISCAL_YEAR":"12-31","CURRENCY":"HKD","IS_CNY_CODE":0,"DPS_HKD_LY":null,"ORG_TYPE":"一般企业","PREMIUM_INCOME":null,"PREMIUM_INCOME_YOY":null,"NET_INTEREST_INCOME":null,"NET_INTEREST_INCOME_YOY":null,"FEE_COMMISSION_INCOME":null,"FEE_COMMISSION_INCOME_YOY":null,"ACCOUNTS_RECE_TDAYS":12.900574835001,"INVENTORY_TDAYS":0.044601769912,"CURRENT_ASSETS_TDAYS":0.072009236787,"TOTAL_ASSETS_TDAYS":0.012263873942,"PREMIUM_EXPENSE":null,"LOAN_DEPOSIT":null,"LOAN_EQUITY":null,"LOAN_ASSETS":null,"DEPOSIT_EQUITY":null,"DEPOSIT_ASSETS":null,"EQUITY_MULTIPLIER":1.863758975353,"EQUITY_RATIO":1.094207102716},{"SECUCODE":"00720.HK","SECURITY_CODE":"00720","SECURITY_NAME_ABBR":"意达利控股","ORG_CODE":"10009081","STD_REPORT_DATE":"2020-12-31 00:00:00","REPORT_DATE":"2020-12-31 00:00:00","DATE_TYPE_CODE":"001","REPORT_TYPE":"2020年年报","PER_NETCASH_OPERATE":0.017799378093,"PER_OI":0.020092344878,"BPS":0.05567643478,"BASIC_EPS":-0.01430788,"DILUTED_EPS":-0.01430788,"OPERATE_INCOME":105963317.64,"OPERATE_INCOME_YOY":-45.7187572755,"GROSS_PROFIT":35714151.76,"GROSS_PROFIT_YOY":-46.057645383863,"HOLDER_PROFIT":-74943833.8,"HOLDER_PROFIT_YOY":-269.2974452555,"GROSS_PROFIT_RATIO":33.70425969611,"EPS_TTM":-0.01421055313,"OPERATE_INCOME_QOQ":-23.5344235593,"NET_PROFIT_RATIO":-70.7262055107,"ROE_AVG":-20.709319484482,"GROSS_PROFIT_QOQ":-35.136800704364,"ROA":-16.307069937543,"HOLDER_PROFIT_QOQ":-92.956851175642,"ROE_YEARLY":-20.709319484482,"ROIC_YEARLY":-19.035311898433,"TOTAL_ASSETS":450048473.92,"TOTAL_LIABILITIES":110838938.16,"TAX_EBT":1.822531919116,"OCF_SALES":88.587858714387,"TOTAL_PARENT_EQUITY":339209535.76,"DEBT_ASSET_RATIO":24.6282221989,"OPERATE_PROFIT":-58295352.96,"PRETAX_PROFIT":-76335064.72,"NETCASH_OPERATE":93870634.12,"NETCASH_INVEST":-172229843.04,"NETCASH_FINANCE":34351536.6,"END_CASH":44196199.68,"DIVI_RATIO":null,"DIVIDEND_RATE":null,"CURRENT_RATIO":1.320165031154,"COMMON_ACS":17500000000,"CURRENTDEBT_DEBT":99.201178489529,"ISSUED_COMMON_SHARES":6092515390,"HK_COMMON_SHARES":6092515390,"PER_SHARES":25000,"TOTAL_MARKET_CAP":1334260870.41,"HKSK_MARKET_CAP":1334260870.41,"PE_TTM":-9.611722498919,"PB_TTM":15.347798589866,"REPORT_DATE_SQ":"2019-12-31 00:00:00","REPORT_TYPE_SQ":"2019年年报","OPERATE_INCOME_SQ":207769004.76,"DPS_HKD":null,"OPERATE_INCOME_QOQ_SQ":-18.977811862401,"NET_PROFIT_RATIO_SQ":-10.3957023739,"HOLDER_PROFIT_SQ":-21599047.36,"HOLDER_PROFIT_QOQ_SQ":-234.86979653958,"ROE_AVG_SQ":-5.158138047365,"PE_TTM_SQ":-10.680935120523,"PB_TTM_SQ":3.614104869729,"ROA_SQ":-4.04746777276,"START_DATE":"2020-01-01 00:00:00","FISCAL_YEAR":"12-31","CURRENCY":"HKD","IS_CNY_CODE":0,"DPS_HKD_LY":null,"ORG_TYPE":"一般企业","PREMIUM_INCOME":null,"PREMIUM_INCOME_YOY":null,"NET_INTEREST_INCOME":null,"NET_INTEREST_INCOME_YOY":null,"FEE_COMMISSION_INCOME":null,"FEE_COMMISSION_INCOME_YOY":null,"ACCOUNTS_RECE_TDAYS":null,"INVENTORY_TDAYS":0.960373255399,"CURRENT_ASSETS_TDAYS":0.473554147985,"TOTAL_ASSETS_TDAYS":0.230566164547,"PREMIUM_EXPENSE":null,"LOAN_DEPOSIT":null,"LOAN_EQUITY":null,"LOAN_ASSETS":null,"DEPOSIT_EQUITY":null,"DEPOSIT_ASSETS":null,"EQUITY_MULTIPLIER":1.326756551556,"EQUITY_RATIO":0.326756551556},{"SECUCODE":"00720.HK","SECURITY_CODE":"00720","SECURITY_NAME_ABBR":"意达利控股","ORG_CODE":"10009081","STD_REPORT_DATE":"2020-06-30 00:00:00","REPORT_DATE":"2020-06-30 00:00:00","DATE_TYPE_CODE":"002","REPORT_TYPE":"2020年中报","PER_NETCASH_OPERATE":0.01112552215,"PER_OI":0.000528686745,"BPS":0.066422850126,"BASIC_EPS":-0.00137016,"DILUTED_EPS":-0.00137016,"OPERATE_INCOME":2759502.24,"OPERATE_INCOME_YOY":-57.9171140219,"GROSS_PROFIT":2759502.24,"GROSS_PROFIT_YOY":-92.409663852014,"HOLDER_PROFIT":-7355018.88,"HOLDER_PROFIT_YOY":-171.6497597437,"GROSS_PROFIT_RATIO":46.938463108481,"EPS_TTM":-0.007441206785,"OPERATE_INCOME_QOQ":-33.302612831941,"NET_PROFIT_RATIO":-13.6952750281,"ROE_AVG":-1.789436723011,"GROSS_PROFIT_QOQ":-16.83673453991,"ROA":-1.351953759555,"HOLDER_PROFIT_QOQ":-79.821288747802,"ROE_YEARLY":-3.578873446021,"ROIC_YEARLY":-3.100497592898,"TOTAL_ASSETS":578929137.6,"TOTAL_LIABILITIES":174246900.96,"TAX_EBT":-0.220721890418,"OCF_SALES":108.128380446984,"TOTAL_PARENT_EQUITY":404682236.64,"DEBT_ASSET_RATIO":30.0981397624,"OPERATE_PROFIT":-1885340.16,"PRETAX_PROFIT":-7035314.88,"NETCASH_OPERATE":58070121.12,"NETCASH_INVEST":-211191895.2,"NETCASH_FINANCE":102240425.76,"END_CASH":44164824,"DIVI_RATIO":null,"DIVIDEND_RATE":null,"CURRENT_RATIO":4.137869375265,"COMMON_ACS":17500000000,"CURRENTDEBT_DEBT":28.437452492412,"ISSUED_COMMON_SHARES":6092515390,"HK_COMMON_SHARES":6092515390,"PER_SHARES":25000,"TOTAL_MARKET_CAP":1334260870.41,"HKSK_MARKET_CAP":1334260870.41,"PE_TTM":-9.611722498919,"PB_TTM":15.347798589866,"REPORT_DATE_SQ":"2019-06-30 00:00:00","REPORT_TYPE_SQ":"2019年中报","OPERATE_INCOME_SQ":122897298.6,"DPS_HKD":null,"OPERATE_INCOME_QOQ_SQ":-13.436502632256,"NET_PROFIT_RATIO_SQ":8.0438050247,"HOLDER_PROFIT_SQ":9885619.08,"HOLDER_PROFIT_QOQ_SQ":0.563089980332,"ROE_AVG_SQ":2.323674788914,"PE_TTM_SQ":-10.680935120523,"PB_TTM_SQ":3.614104869729,"ROA_SQ":1.798644054776,"START_DATE":"2020-01-01 00:00:00","FISCAL_YEAR":"12-31","CURRENCY":"HKD","IS_CNY_CODE":0,"DPS_HKD_LY":null,"ORG_TYPE":"一般企业","PREMIUM_INCOME":null,"PREMIUM_INCOME_YOY":null,"NET_INTEREST_INCOME":null,"NET_INTEREST_INCOME_YOY":null,"FEE_COMMISSION_INCOME":null,"FEE_COMMISSION_INCOME_YOY":null,"ACCOUNTS_RECE_TDAYS":0.149222030131,"INVENTORY_TDAYS":0.302867322619,"CURRENT_ASSETS_TDAYS":0.201443828097,"TOTAL_ASSETS_TDAYS":0.098716802458,"PREMIUM_EXPENSE":null,"LOAN_DEPOSIT":null,"LOAN_EQUITY":null,"LOAN_ASSETS":null,"DEPOSIT_EQUITY":null,"DEPOSIT_ASSETS":null,"EQUITY_MULTIPLIER":1.4305770928,"EQUITY_RATIO":0.430577092799}],"count":49},"success":true,"message":"ok","code":0}