{"version":"771258a8b30616b6c58552253249c135","result":{"pages":6,"data":[{"SECUCODE":"00723.HK","SECURITY_CODE":"00723","SECURITY_NAME_ABBR":"信保环球控股","ORG_CODE":"10009083","STD_REPORT_DATE":"2024-06-30 00:00:00","REPORT_DATE":"2024-09-30 00:00:00","DATE_TYPE_CODE":"002","REPORT_TYPE":"2024年中报","PER_NETCASH_OPERATE":0.003444611414,"PER_OI":0.008129652279,"BPS":0.220064518058,"BASIC_EPS":-0.0007845573,"DILUTED_EPS":-0.0007845573,"OPERATE_INCOME":88925511.9,"OPERATE_INCOME_YOY":21.8505566745,"GROSS_PROFIT":5494606.47,"GROSS_PROFIT_YOY":-56.900428338375,"HOLDER_PROFIT":-7983546.87,"HOLDER_PROFIT_YOY":-164.4265232975,"GROSS_PROFIT_RATIO":6.178886522665,"EPS_TTM":-0.000369054116,"OPERATE_INCOME_QOQ":0,"NET_PROFIT_RATIO":-12.2746171788,"ROE_AVG":-3.485535990236,"GROSS_PROFIT_QOQ":0,"ROA":-3.282481382402,"HOLDER_PROFIT_QOQ":0,"ROE_YEARLY":-6.971071980472,"ROIC_YEARLY":-9.187589023254,"TOTAL_ASSETS":237013858.54,"TOTAL_LIABILITIES":6830157.46,"TAX_EBT":-1.842658813631,"OCF_SALES":42.370956292465,"TOTAL_PARENT_EQUITY":240715706.49,"DEBT_ASSET_RATIO":2.8817544687,"OPERATE_PROFIT":-10714166.99,"PRETAX_PROFIT":-10717774.15,"NETCASH_OPERATE":37678589.78,"NETCASH_INVEST":-25798408.32,"NETCASH_FINANCE":7967314.65,"END_CASH":88728921.68,"DIVI_RATIO":null,"DIVIDEND_RATE":null,"CURRENT_RATIO":32.990749964423,"COMMON_ACS":30000000000,"CURRENTDEBT_DEBT":92.777924478479,"ISSUED_COMMON_SHARES":1093841518,"HK_COMMON_SHARES":1093841518,"PER_SHARES":30000,"TOTAL_MARKET_CAP":328152455.4,"HKSK_MARKET_CAP":328152455.4,"PE_TTM":-32.953650873669,"PB_TTM":1.229353111478,"REPORT_DATE_SQ":"2023-06-30 00:00:00","REPORT_TYPE_SQ":"2023年中报","OPERATE_INCOME_SQ":74261043.01,"DPS_HKD":null,"OPERATE_INCOME_QOQ_SQ":0,"NET_PROFIT_RATIO_SQ":-4.5460723862,"HOLDER_PROFIT_SQ":-3072225.24,"HOLDER_PROFIT_QOQ_SQ":0,"ROE_AVG_SQ":-1.373617356484,"PE_TTM_SQ":-27.404540190906,"PB_TTM_SQ":0.603483864264,"ROA_SQ":-1.026060653424,"START_DATE":"2024-04-01 00:00:00","FISCAL_YEAR":"3-31","CURRENCY":"HKD","IS_CNY_CODE":0,"DPS_HKD_LY":null,"ORG_TYPE":"一般企业","PREMIUM_INCOME":null,"PREMIUM_INCOME_YOY":null,"NET_INTEREST_INCOME":null,"NET_INTEREST_INCOME_YOY":null,"FEE_COMMISSION_INCOME":null,"FEE_COMMISSION_INCOME_YOY":null,"ACCOUNTS_RECE_TDAYS":2.967767177296,"INVENTORY_TDAYS":7.344076205596,"CURRENT_ASSETS_TDAYS":0.419316362523,"TOTAL_ASSETS_TDAYS":0.3656223756,"PREMIUM_EXPENSE":null,"LOAN_DEPOSIT":null,"LOAN_EQUITY":null,"LOAN_ASSETS":null,"DEPOSIT_EQUITY":null,"DEPOSIT_ASSETS":null,"EQUITY_MULTIPLIER":1.029672637237,"EQUITY_RATIO":0.028374373902},{"SECUCODE":"00723.HK","SECURITY_CODE":"00723","SECURITY_NAME_ABBR":"信保环球控股","ORG_CODE":"10009083","STD_REPORT_DATE":"2023-12-31 00:00:00","REPORT_DATE":"2024-03-31 00:00:00","DATE_TYPE_CODE":"001","REPORT_TYPE":"2023年年报","PER_NETCASH_OPERATE":0.009758050069,"PER_OI":0.030393882426,"BPS":0.199779858511,"BASIC_EPS":-0.0004442095,"DILUTED_EPS":-0.0004442095,"OPERATE_INCOME":277053465.15,"OPERATE_INCOME_YOY":-39.9965837204,"GROSS_PROFIT":22222260.15,"GROSS_PROFIT_YOY":-23.483921903505,"HOLDER_PROFIT":-4036867.15,"HOLDER_PROFIT_YOY":-1690.3571428571,"GROSS_PROFIT_RATIO":8.020928429092,"EPS_TTM":-0.000533788909,"OPERATE_INCOME_QOQ":0,"NET_PROFIT_RATIO":-3.1638052046,"ROE_AVG":-1.829307118605,"GROSS_PROFIT_QOQ":0,"ROA":-1.380214548509,"HOLDER_PROFIT_QOQ":0,"ROE_YEARLY":-1.829307118605,"ROIC_YEARLY":-1.727495616281,"TOTAL_ASSETS":250736318.65,"TOTAL_LIABILITIES":40187361.5,"TAX_EBT":-0.300829875519,"OCF_SALES":32.10530965633,"TOTAL_PARENT_EQUITY":218527503.7,"DEBT_ASSET_RATIO":16.0277385089,"OPERATE_PROFIT":-6785526.75,"PRETAX_PROFIT":-8739142,"NETCASH_OPERATE":88948872.9,"NETCASH_INVEST":-592883.7,"NETCASH_FINANCE":-78765596.75,"END_CASH":68955819.2,"DIVI_RATIO":null,"DIVIDEND_RATE":null,"CURRENT_RATIO":5.428600691916,"COMMON_ACS":30000000000,"CURRENTDEBT_DEBT":99.111211369276,"ISSUED_COMMON_SHARES":1093841518,"HK_COMMON_SHARES":1093841518,"PER_SHARES":30000,"TOTAL_MARKET_CAP":328152455.4,"HKSK_MARKET_CAP":328152455.4,"PE_TTM":-32.953650873669,"PB_TTM":1.229353111478,"REPORT_DATE_SQ":"2022-12-31 00:00:00","REPORT_TYPE_SQ":"2022年年报","OPERATE_INCOME_SQ":445869073.66,"DPS_HKD":null,"OPERATE_INCOME_QOQ_SQ":0,"NET_PROFIT_RATIO_SQ":-1.1151993026,"HOLDER_PROFIT_SQ":245114.8,"HOLDER_PROFIT_QOQ_SQ":0,"ROE_AVG_SQ":0.11415850909,"PE_TTM_SQ":-25.691756428974,"PB_TTM_SQ":0.565766122747,"ROA_SQ":0.072083854118,"START_DATE":"2023-04-01 00:00:00","FISCAL_YEAR":"3-31","CURRENCY":"HKD","IS_CNY_CODE":0,"DPS_HKD_LY":null,"ORG_TYPE":"一般企业","PREMIUM_INCOME":null,"PREMIUM_INCOME_YOY":null,"NET_INTEREST_INCOME":null,"NET_INTEREST_INCOME_YOY":null,"FEE_COMMISSION_INCOME":null,"FEE_COMMISSION_INCOME_YOY":null,"ACCOUNTS_RECE_TDAYS":5.687463361528,"INVENTORY_TDAYS":14.83025139149,"CURRENT_ASSETS_TDAYS":1.047534662119,"TOTAL_ASSETS_TDAYS":0.947252433895,"PREMIUM_EXPENSE":null,"LOAN_DEPOSIT":null,"LOAN_EQUITY":null,"LOAN_ASSETS":null,"DEPOSIT_EQUITY":null,"DEPOSIT_ASSETS":null,"EQUITY_MULTIPLIER":1.190869439792,"EQUITY_RATIO":0.183900702747},{"SECUCODE":"00723.HK","SECURITY_CODE":"00723","SECURITY_NAME_ABBR":"信保环球控股","ORG_CODE":"10009083","STD_REPORT_DATE":"2023-06-30 00:00:00","REPORT_DATE":"2023-09-30 00:00:00","DATE_TYPE_CODE":"002","REPORT_TYPE":"2023年中报","PER_NETCASH_OPERATE":0.006514610289,"PER_OI":0.008146735897,"BPS":0.2027425606,"BASIC_EPS":-0.0003395231,"DILUTED_EPS":-0.0003303468,"OPERATE_INCOME":74261043.01,"OPERATE_INCOME_YOY":-68.8148590586,"GROSS_PROFIT":12748633.59,"GROSS_PROFIT_YOY":-51.842808027941,"HOLDER_PROFIT":-3072225.24,"HOLDER_PROFIT_YOY":-248.5359361136,"GROSS_PROFIT_RATIO":17.167323637352,"EPS_TTM":0.000026890082,"OPERATE_INCOME_QOQ":0,"NET_PROFIT_RATIO":-4.5460723862,"ROE_AVG":-1.373617356484,"GROSS_PROFIT_QOQ":0,"ROA":-1.026060653424,"HOLDER_PROFIT_QOQ":0,"ROE_YEARLY":-2.747234712968,"ROIC_YEARLY":-2.494314594311,"TOTAL_ASSETS":260528003.82,"TOTAL_LIABILITIES":42779910.6,"TAX_EBT":-12.267317668599,"OCF_SALES":79.965895189492,"TOTAL_PARENT_EQUITY":221768230.25,"DEBT_ASSET_RATIO":16.4204653522,"OPERATE_PROFIT":-1794884.28,"PRETAX_PROFIT":-3007073.51,"NETCASH_OPERATE":59383507.82,"NETCASH_INVEST":-55057.8,"NETCASH_FINANCE":-65997784.86,"END_CASH":52872005.34,"DIVI_RATIO":null,"DIVIDEND_RATE":null,"CURRENT_RATIO":8.809074605452,"COMMON_ACS":30000000000,"CURRENTDEBT_DEBT":59.80265980266,"ISSUED_COMMON_SHARES":1093841518,"HK_COMMON_SHARES":1093841518,"PER_SHARES":30000,"TOTAL_MARKET_CAP":328152455.4,"HKSK_MARKET_CAP":328152455.4,"PE_TTM":-32.953650873669,"PB_TTM":1.229353111478,"REPORT_DATE_SQ":"2022-06-30 00:00:00","REPORT_TYPE_SQ":"2022年中报","OPERATE_INCOME_SQ":234706702.2,"DPS_HKD":null,"OPERATE_INCOME_QOQ_SQ":0,"NET_PROFIT_RATIO_SQ":0.644303578,"HOLDER_PROFIT_SQ":2038607.76,"HOLDER_PROFIT_QOQ_SQ":0,"ROE_AVG_SQ":0.922594561849,"PE_TTM_SQ":-25.691756428974,"PB_TTM_SQ":0.565766122747,"ROA_SQ":0.511949268417,"START_DATE":"2023-04-01 00:00:00","FISCAL_YEAR":"3-31","CURRENCY":"HKD","IS_CNY_CODE":0,"DPS_HKD_LY":null,"ORG_TYPE":"一般企业","PREMIUM_INCOME":null,"PREMIUM_INCOME_YOY":null,"NET_INTEREST_INCOME":null,"NET_INTEREST_INCOME_YOY":null,"FEE_COMMISSION_INCOME":null,"FEE_COMMISSION_INCOME_YOY":null,"ACCOUNTS_RECE_TDAYS":1.655693768157,"INVENTORY_TDAYS":3.668071135431,"CURRENT_ASSETS_TDAYS":0.274061255452,"TOTAL_ASSETS_TDAYS":0.248016757765,"PREMIUM_EXPENSE":null,"LOAN_DEPOSIT":null,"LOAN_EQUITY":null,"LOAN_ASSETS":null,"DEPOSIT_EQUITY":null,"DEPOSIT_ASSETS":null,"EQUITY_MULTIPLIER":1.196465144505,"EQUITY_RATIO":0.192903692976},{"SECUCODE":"00723.HK","SECURITY_CODE":"00723","SECURITY_NAME_ABBR":"信保环球控股","ORG_CODE":"10009083","STD_REPORT_DATE":"2022-12-31 00:00:00","REPORT_DATE":"2023-03-31 00:00:00","DATE_TYPE_CODE":"001","REPORT_TYPE":"2022年年报","PER_NETCASH_OPERATE":0.002217375374,"PER_OI":0.048913635477,"BPS":0.196713279053,"BASIC_EPS":0.0000262623,"DILUTED_EPS":0.0000262623,"OPERATE_INCOME":445869073.66,"OPERATE_INCOME_YOY":-33.1396631031,"GROSS_PROFIT":29042602.16,"GROSS_PROFIT_YOY":-44.198812767991,"HOLDER_PROFIT":245114.8,"HOLDER_PROFIT_YOY":-97.8052986361,"GROSS_PROFIT_RATIO":6.513706349175,"EPS_TTM":0.000541892182,"OPERATE_INCOME_QOQ":0,"NET_PROFIT_RATIO":-1.1151993026,"ROE_AVG":0.11415850909,"GROSS_PROFIT_QOQ":0,"ROA":0.072083854118,"HOLDER_PROFIT_QOQ":0,"ROE_YEARLY":0.11415850909,"ROIC_YEARLY":0.087480043615,"TOTAL_ASSETS":322745283.39,"TOTAL_LIABILITIES":110466237.08,"TAX_EBT":-42.534504391468,"OCF_SALES":4.533245897519,"TOTAL_PARENT_EQUITY":215173151.77,"DEBT_ASSET_RATIO":34.2270647365,"OPERATE_PROFIT":1384023.21,"PRETAX_PROFIT":-3488508.85,"NETCASH_OPERATE":20212341.49,"NETCASH_INVEST":-2656869.35,"NETCASH_FINANCE":-20617656.32,"END_CASH":57567837.01,"DIVI_RATIO":null,"DIVIDEND_RATE":null,"CURRENT_RATIO":4.063979172311,"COMMON_ACS":30000000000,"CURRENTDEBT_DEBT":67.27026341649,"ISSUED_COMMON_SHARES":1093841518,"HK_COMMON_SHARES":1093841518,"PER_SHARES":30000,"TOTAL_MARKET_CAP":328152455.4,"HKSK_MARKET_CAP":328152455.4,"PE_TTM":-32.953650873669,"PB_TTM":1.229353111478,"REPORT_DATE_SQ":"2021-12-31 00:00:00","REPORT_TYPE_SQ":"2021年年报","OPERATE_INCOME_SQ":617807953.76,"DPS_HKD":null,"OPERATE_INCOME_QOQ_SQ":0,"NET_PROFIT_RATIO_SQ":1.9668511478,"HOLDER_PROFIT_SQ":10346865.58,"HOLDER_PROFIT_QOQ_SQ":0,"ROE_AVG_SQ":5.363197067435,"PE_TTM_SQ":-25.691756428974,"PB_TTM_SQ":0.565766122747,"ROA_SQ":2.701226328805,"START_DATE":"2022-04-01 00:00:00","FISCAL_YEAR":"3-31","CURRENCY":"HKD","IS_CNY_CODE":0,"DPS_HKD_LY":null,"ORG_TYPE":"一般企业","PREMIUM_INCOME":null,"PREMIUM_INCOME_YOY":null,"NET_INTEREST_INCOME":null,"NET_INTEREST_INCOME_YOY":null,"FEE_COMMISSION_INCOME":null,"FEE_COMMISSION_INCOME_YOY":null,"ACCOUNTS_RECE_TDAYS":8.830354201703,"INVENTORY_TDAYS":11.715568678108,"CURRENT_ASSETS_TDAYS":1.464973868824,"TOTAL_ASSETS_TDAYS":1.311220752942,"PREMIUM_EXPENSE":null,"LOAN_DEPOSIT":null,"LOAN_EQUITY":null,"LOAN_ASSETS":null,"DEPOSIT_EQUITY":null,"DEPOSIT_ASSETS":null,"EQUITY_MULTIPLIER":1.520382199751,"EQUITY_RATIO":0.51338299491},{"SECUCODE":"00723.HK","SECURITY_CODE":"00723","SECURITY_NAME_ABBR":"信保环球控股","ORG_CODE":"10009083","STD_REPORT_DATE":"2022-06-30 00:00:00","REPORT_DATE":"2022-09-30 00:00:00","DATE_TYPE_CODE":"002","REPORT_TYPE":"2022年中报","PER_NETCASH_OPERATE":-0.008070116888,"PER_OI":0.025748271754,"BPS":0.201645752598,"BASIC_EPS":0.00022611,"DILUTED_EPS":0.0002170656,"OPERATE_INCOME":234706702.2,"OPERATE_INCOME_YOY":-37.7034501301,"GROSS_PROFIT":26472958.8,"GROSS_PROFIT_YOY":-9.703708875671,"HOLDER_PROFIT":2038607.76,"HOLDER_PROFIT_YOY":-74.7818303871,"GROSS_PROFIT_RATIO":11.279166104699,"EPS_TTM":0.001135092881,"OPERATE_INCOME_QOQ":0,"NET_PROFIT_RATIO":0.644303578,"ROE_AVG":0.922594561849,"GROSS_PROFIT_QOQ":0,"ROA":0.511949268417,"HOLDER_PROFIT_QOQ":0,"ROE_YEARLY":1.845189123699,"ROIC_YEARLY":1.194466451338,"TOTAL_ASSETS":427223087.28,"TOTAL_LIABILITIES":208167719.28,"TAX_EBT":38.41620626151,"OCF_SALES":-31.3423633456,"TOTAL_PARENT_EQUITY":220568496.12,"DEBT_ASSET_RATIO":48.7257654087,"OPERATE_PROFIT":4925580.24,"PRETAX_PROFIT":2455554.6,"NETCASH_OPERATE":-73562627.4,"NETCASH_INVEST":-1638845.28,"NETCASH_FINANCE":66057584.28,"END_CASH":48064654.92,"DIVI_RATIO":null,"DIVIDEND_RATE":null,"CURRENT_RATIO":1.873912115948,"COMMON_ACS":30000000000,"CURRENTDEBT_DEBT":99.794492574795,"ISSUED_COMMON_SHARES":1093841518,"HK_COMMON_SHARES":1093841518,"PER_SHARES":30000,"TOTAL_MARKET_CAP":328152455.4,"HKSK_MARKET_CAP":328152455.4,"PE_TTM":-32.953650873669,"PB_TTM":1.229353111478,"REPORT_DATE_SQ":"2021-06-30 00:00:00","REPORT_TYPE_SQ":"2021年中报","OPERATE_INCOME_SQ":347022805.84,"DPS_HKD":null,"OPERATE_INCOME_QOQ_SQ":0,"NET_PROFIT_RATIO_SQ":2.6389702423,"HOLDER_PROFIT_SQ":7445890.28,"HOLDER_PROFIT_QOQ_SQ":0,"ROE_AVG_SQ":3.79669944566,"PE_TTM_SQ":-25.691756428974,"PB_TTM_SQ":0.565766122747,"ROA_SQ":1.641810510306,"START_DATE":"2022-04-01 00:00:00","FISCAL_YEAR":"3-31","CURRENCY":"HKD","IS_CNY_CODE":0,"DPS_HKD_LY":null,"ORG_TYPE":"一般企业","PREMIUM_INCOME":null,"PREMIUM_INCOME_YOY":null,"NET_INTEREST_INCOME":null,"NET_INTEREST_INCOME_YOY":null,"FEE_COMMISSION_INCOME":null,"FEE_COMMISSION_INCOME_YOY":null,"ACCOUNTS_RECE_TDAYS":2.505031686351,"INVENTORY_TDAYS":4.53084719079,"CURRENT_ASSETS_TDAYS":0.664736108692,"TOTAL_ASSETS_TDAYS":0.589411689887,"PREMIUM_EXPENSE":null,"LOAN_DEPOSIT":null,"LOAN_EQUITY":null,"LOAN_ASSETS":null,"DEPOSIT_EQUITY":null,"DEPOSIT_ASSETS":null,"EQUITY_MULTIPLIER":1.950297274978,"EQUITY_RATIO":0.943778114018},{"SECUCODE":"00723.HK","SECURITY_CODE":"00723","SECURITY_NAME_ABBR":"信保环球控股","ORG_CODE":"10009083","STD_REPORT_DATE":"2021-12-31 00:00:00","REPORT_DATE":"2022-03-31 00:00:00","DATE_TYPE_CODE":"001","REPORT_TYPE":"2021年年报","PER_NETCASH_OPERATE":0.012244074632,"PER_OI":0.067796029868,"BPS":0.181464940966,"BASIC_EPS":0.001135414,"DILUTED_EPS":0.0011273039,"OPERATE_INCOME":617807953.76,"OPERATE_INCOME_YOY":-9.595540634,"GROSS_PROFIT":52046566.75,"GROSS_PROFIT_YOY":-18.286046643701,"HOLDER_PROFIT":10346865.58,"HOLDER_PROFIT_YOY":-61.4328899637,"GROSS_PROFIT_RATIO":8.424392472328,"EPS_TTM":0.001853351049,"OPERATE_INCOME_QOQ":0,"NET_PROFIT_RATIO":1.9668511478,"ROE_AVG":5.363197067435,"GROSS_PROFIT_QOQ":0,"ROA":2.701226328805,"HOLDER_PROFIT_QOQ":0,"ROE_YEARLY":5.363197067435,"ROIC_YEARLY":3.379544458175,"TOTAL_ASSETS":331049415.94,"TOTAL_LIABILITIES":129669144.86,"TAX_EBT":15.091238807662,"OCF_SALES":18.060164667829,"TOTAL_PARENT_EQUITY":198493886.49,"DEBT_ASSET_RATIO":39.1691205652,"OPERATE_PROFIT":20449617.15,"PRETAX_PROFIT":14311082.46,"NETCASH_OPERATE":111577133.78,"NETCASH_INVEST":-14789578.36,"NETCASH_FINANCE":-126795736.43,"END_CASH":57348950.13,"DIVI_RATIO":null,"DIVIDEND_RATE":null,"CURRENT_RATIO":2.200263761108,"COMMON_ACS":30000000000,"CURRENTDEBT_DEBT":99.592834894863,"ISSUED_COMMON_SHARES":1093841518,"HK_COMMON_SHARES":1093841518,"PER_SHARES":30000,"TOTAL_MARKET_CAP":328152455.4,"HKSK_MARKET_CAP":328152455.4,"PE_TTM":-32.953650873669,"PB_TTM":1.229353111478,"REPORT_DATE_SQ":"2020-12-31 00:00:00","REPORT_TYPE_SQ":"2020年年报","OPERATE_INCOME_SQ":712174868.58,"DPS_HKD":null,"OPERATE_INCOME_QOQ_SQ":0,"NET_PROFIT_RATIO_SQ":4.591452249,"HOLDER_PROFIT_SQ":27958554.4,"HOLDER_PROFIT_QOQ_SQ":0,"ROE_AVG_SQ":15.424464188712,"PE_TTM_SQ":-25.691756428974,"PB_TTM_SQ":0.565766122747,"ROA_SQ":6.03932866326,"START_DATE":"2021-04-01 00:00:00","FISCAL_YEAR":"3-31","CURRENCY":"HKD","IS_CNY_CODE":0,"DPS_HKD_LY":null,"ORG_TYPE":"一般企业","PREMIUM_INCOME":null,"PREMIUM_INCOME_YOY":null,"NET_INTEREST_INCOME":null,"NET_INTEREST_INCOME_YOY":null,"FEE_COMMISSION_INCOME":null,"FEE_COMMISSION_INCOME_YOY":null,"ACCOUNTS_RECE_TDAYS":9.894222776392,"INVENTORY_TDAYS":13.886475834063,"CURRENT_ASSETS_TDAYS":1.830336537364,"TOTAL_ASSETS_TDAYS":1.612893390698,"PREMIUM_EXPENSE":null,"LOAN_DEPOSIT":null,"LOAN_EQUITY":null,"LOAN_ASSETS":null,"DEPOSIT_EQUITY":null,"DEPOSIT_ASSETS":null,"EQUITY_MULTIPLIER":1.64390192825,"EQUITY_RATIO":0.65326518188},{"SECUCODE":"00723.HK","SECURITY_CODE":"00723","SECURITY_NAME_ABBR":"信保环球控股","ORG_CODE":"10009083","STD_REPORT_DATE":"2021-06-30 00:00:00","REPORT_DATE":"2021-09-30 00:00:00","DATE_TYPE_CODE":"002","REPORT_TYPE":"2021年中报","PER_NETCASH_OPERATE":0.000161012955,"PER_OI":0.038109204784,"BPS":0.182643262111,"BASIC_EPS":0.0008163988,"DILUTED_EPS":0.0008080682,"OPERATE_INCOME":347022805.84,"OPERATE_INCOME_YOY":-12.720705167,"GROSS_PROFIT":29317880.58,"GROSS_PROFIT_YOY":-15.310429276966,"HOLDER_PROFIT":7445890.28,"HOLDER_PROFIT_YOY":-57.6096751245,"GROSS_PROFIT_RATIO":8.448401686175,"EPS_TTM":0.003070442165,"OPERATE_INCOME_QOQ":0,"NET_PROFIT_RATIO":2.6389702423,"ROE_AVG":3.79669944566,"GROSS_PROFIT_QOQ":0,"ROA":1.641810510306,"HOLDER_PROFIT_QOQ":0,"ROE_YEARLY":7.59339889132,"ROIC_YEARLY":4.208910382889,"TOTAL_ASSETS":460169015.04,"TOTAL_LIABILITIES":257055658.08,"TAX_EBT":9.775114904793,"OCF_SALES":0.422504105011,"TOTAL_PARENT_EQUITY":199782783.08,"DEBT_ASSET_RATIO":55.8611400765,"OPERATE_PROFIT":13726329.62,"PRETAX_PROFIT":10150003.04,"NETCASH_OPERATE":1466185.6,"NETCASH_INVEST":-519829.44,"NETCASH_FINANCE":8652994.22,"END_CASH":100001355.46,"DIVI_RATIO":null,"DIVIDEND_RATE":null,"CURRENT_RATIO":2.11882105591,"COMMON_ACS":30000000000,"CURRENTDEBT_DEBT":83.236110030852,"ISSUED_COMMON_SHARES":1093841518,"HK_COMMON_SHARES":1093841518,"PER_SHARES":30000,"TOTAL_MARKET_CAP":328152455.4,"HKSK_MARKET_CAP":328152455.4,"PE_TTM":-32.953650873669,"PB_TTM":1.229353111478,"REPORT_DATE_SQ":"2020-06-30 00:00:00","REPORT_TYPE_SQ":"2020年中报","OPERATE_INCOME_SQ":419392845.44,"DPS_HKD":null,"OPERATE_INCOME_QOQ_SQ":0,"NET_PROFIT_RATIO_SQ":4.6985293655,"HOLDER_PROFIT_SQ":18527811.2,"HOLDER_PROFIT_QOQ_SQ":0,"ROE_AVG_SQ":10.113243384543,"PE_TTM_SQ":-25.691756428974,"PB_TTM_SQ":0.565766122747,"ROA_SQ":3.77704253181,"START_DATE":"2021-04-01 00:00:00","FISCAL_YEAR":"3-31","CURRENCY":"HKD","IS_CNY_CODE":0,"DPS_HKD_LY":null,"ORG_TYPE":"一般企业","PREMIUM_INCOME":null,"PREMIUM_INCOME_YOY":null,"NET_INTEREST_INCOME":null,"NET_INTEREST_INCOME_YOY":null,"FEE_COMMISSION_INCOME":null,"FEE_COMMISSION_INCOME_YOY":null,"ACCOUNTS_RECE_TDAYS":2.810794762536,"INVENTORY_TDAYS":11.087333197663,"CURRENT_ASSETS_TDAYS":0.811835186723,"TOTAL_ASSETS_TDAYS":0.765181420245,"PREMIUM_EXPENSE":null,"LOAN_DEPOSIT":null,"LOAN_EQUITY":null,"LOAN_ASSETS":null,"DEPOSIT_EQUITY":null,"DEPOSIT_ASSETS":null,"EQUITY_MULTIPLIER":2.265577320604,"EQUITY_RATIO":1.286675729095},{"SECUCODE":"00723.HK","SECURITY_CODE":"00723","SECURITY_NAME_ABBR":"信保环球控股","ORG_CODE":"10009083","STD_REPORT_DATE":"2020-12-31 00:00:00","REPORT_DATE":"2021-03-31 00:00:00","DATE_TYPE_CODE":"001","REPORT_TYPE":"2020年年报","PER_NETCASH_OPERATE":0.00540501778,"PER_OI":0.07821190302,"BPS":0.1784963534,"BASIC_EPS":0.003042648,"DILUTED_EPS":0.003042648,"OPERATE_INCOME":712174868.58,"OPERATE_INCOME_YOY":36.0748077081,"GROSS_PROFIT":63693609.98,"GROSS_PROFIT_YOY":19.373833125537,"HOLDER_PROFIT":27958554.4,"HOLDER_PROFIT_YOY":-1.8659705123,"GROSS_PROFIT_RATIO":8.943535189187,"EPS_TTM":0.004065756991,"OPERATE_INCOME_QOQ":0,"NET_PROFIT_RATIO":4.591452249,"ROE_AVG":15.424464188712,"GROSS_PROFIT_QOQ":0,"ROA":6.03932866326,"HOLDER_PROFIT_QOQ":0,"ROE_YEARLY":15.424464188712,"ROIC_YEARLY":7.497538028814,"TOTAL_ASSETS":453366384.52,"TOTAL_LIABILITIES":252942934.86,"TAX_EBT":13.961349434029,"OCF_SALES":6.910735541417,"TOTAL_PARENT_EQUITY":195246722.16,"DEBT_ASSET_RATIO":55.7921679896,"OPERATE_PROFIT":42288581.3,"PRETAX_PROFIT":38005209.06,"NETCASH_OPERATE":49216521.76,"NETCASH_INVEST":686286.16,"NETCASH_FINANCE":-39934755,"END_CASH":92291965.64,"DIVI_RATIO":null,"DIVIDEND_RATE":null,"CURRENT_RATIO":1.947265514539,"COMMON_ACS":30000000000,"CURRENTDEBT_DEBT":82.713339147345,"ISSUED_COMMON_SHARES":1093841518,"HK_COMMON_SHARES":1093841518,"PER_SHARES":30000,"TOTAL_MARKET_CAP":328152455.4,"HKSK_MARKET_CAP":328152455.4,"PE_TTM":-32.953650873669,"PB_TTM":1.229353111478,"REPORT_DATE_SQ":"2019-12-31 00:00:00","REPORT_TYPE_SQ":"2019年年报","OPERATE_INCOME_SQ":565800501.7,"DPS_HKD":null,"OPERATE_INCOME_QOQ_SQ":0,"NET_PROFIT_RATIO_SQ":5.5811872922,"HOLDER_PROFIT_SQ":30799913.3,"HOLDER_PROFIT_QOQ_SQ":0,"ROE_AVG_SQ":18.580283149647,"PE_TTM_SQ":-25.691756428974,"PB_TTM_SQ":0.565766122747,"ROA_SQ":6.545125523155,"START_DATE":"2020-04-01 00:00:00","FISCAL_YEAR":"3-31","CURRENCY":"HKD","IS_CNY_CODE":0,"DPS_HKD_LY":null,"ORG_TYPE":"一般企业","PREMIUM_INCOME":null,"PREMIUM_INCOME_YOY":null,"NET_INTEREST_INCOME":null,"NET_INTEREST_INCOME_YOY":null,"FEE_COMMISSION_INCOME":null,"FEE_COMMISSION_INCOME_YOY":null,"ACCOUNTS_RECE_TDAYS":8.39733917983,"INVENTORY_TDAYS":20.58541820377,"CURRENT_ASSETS_TDAYS":1.762448428946,"TOTAL_ASSETS_TDAYS":1.53836927172,"PREMIUM_EXPENSE":null,"LOAN_DEPOSIT":null,"LOAN_EQUITY":null,"LOAN_ASSETS":null,"DEPOSIT_EQUITY":null,"DEPOSIT_ASSETS":null,"EQUITY_MULTIPLIER":2.262042616713,"EQUITY_RATIO":1.295504129656},{"SECUCODE":"00723.HK","SECURITY_CODE":"00723","SECURITY_NAME_ABBR":"信保环球控股","ORG_CODE":"10009083","STD_REPORT_DATE":"2020-06-30 00:00:00","REPORT_DATE":"2020-09-30 00:00:00","DATE_TYPE_CODE":"002","REPORT_TYPE":"2020年中报","PER_NETCASH_OPERATE":0.002569078646,"PER_OI":0.046058228115,"BPS":0.175979132948,"BASIC_EPS":0.0020386304,"DILUTED_EPS":0.0020122688,"OPERATE_INCOME":419392845.44,"OPERATE_INCOME_YOY":129.6466840847,"GROSS_PROFIT":34618053.12,"GROSS_PROFIT_YOY":61.201238381235,"HOLDER_PROFIT":18527811.2,"HOLDER_PROFIT_YOY":54.548119915,"GROSS_PROFIT_RATIO":8.254326104128,"EPS_TTM":0.003382483626,"OPERATE_INCOME_QOQ":0,"NET_PROFIT_RATIO":4.6985293655,"ROE_AVG":10.113243384543,"GROSS_PROFIT_QOQ":0,"ROA":3.77704253181,"HOLDER_PROFIT_QOQ":0,"ROE_YEARLY":20.226486769086,"ROIC_YEARLY":9.431314334278,"TOTAL_ASSETS":489807315.2,"TOTAL_LIABILITIES":295647980.16,"TAX_EBT":13.017338349948,"OCF_SALES":5.577892921721,"TOTAL_PARENT_EQUITY":192493281.92,"DEBT_ASSET_RATIO":60.360058126,"OPERATE_PROFIT":24893258.88,"PRETAX_PROFIT":22654280.32,"NETCASH_OPERATE":23393283.84,"NETCASH_INVEST":-40421.12,"NETCASH_FINANCE":-1279416.32,"END_CASH":107723163.52,"DIVI_RATIO":null,"DIVIDEND_RATE":null,"CURRENT_RATIO":1.883330631348,"COMMON_ACS":30000000000,"CURRENTDEBT_DEBT":84.333324416783,"ISSUED_COMMON_SHARES":1093841518,"HK_COMMON_SHARES":1093841518,"PER_SHARES":30000,"TOTAL_MARKET_CAP":328152455.4,"HKSK_MARKET_CAP":328152455.4,"PE_TTM":-32.953650873669,"PB_TTM":1.229353111478,"REPORT_DATE_SQ":"2019-06-30 00:00:00","REPORT_TYPE_SQ":"2019年中报","OPERATE_INCOME_SQ":187465640.31,"DPS_HKD":null,"OPERATE_INCOME_QOQ_SQ":0,"NET_PROFIT_RATIO_SQ":6.5644682458,"HOLDER_PROFIT_SQ":12306122.43,"HOLDER_PROFIT_QOQ_SQ":0,"ROE_AVG_SQ":7.94715488593,"PE_TTM_SQ":-25.691756428974,"PB_TTM_SQ":0.565766122747,"ROA_SQ":2.953439437498,"START_DATE":"2020-04-01 00:00:00","FISCAL_YEAR":"3-31","CURRENCY":"HKD","IS_CNY_CODE":0,"DPS_HKD_LY":null,"ORG_TYPE":"一般企业","PREMIUM_INCOME":null,"PREMIUM_INCOME_YOY":null,"NET_INTEREST_INCOME":null,"NET_INTEREST_INCOME_YOY":null,"FEE_COMMISSION_INCOME":null,"FEE_COMMISSION_INCOME_YOY":null,"ACCOUNTS_RECE_TDAYS":4.529534022967,"INVENTORY_TDAYS":15.297954477964,"CURRENT_ASSETS_TDAYS":0.946457059853,"TOTAL_ASSETS_TDAYS":0.854965865997,"PREMIUM_EXPENSE":null,"LOAN_DEPOSIT":null,"LOAN_EQUITY":null,"LOAN_ASSETS":null,"DEPOSIT_EQUITY":null,"DEPOSIT_ASSETS":null,"EQUITY_MULTIPLIER":2.522708038217,"EQUITY_RATIO":1.535887264278}],"count":49},"success":true,"message":"ok","code":0}