{"version":"c040496647fc3fe30aca201b37243a04","result":{"pages":3,"data":[{"SECUCODE":"00722.HK","SECURITY_CODE":"00722","SECURITY_NAME_ABBR":"联合医务","ORG_CODE":"10495199","STD_REPORT_DATE":"2023-12-31 00:00:00","REPORT_DATE":"2024-06-30 00:00:00","DATE_TYPE_CODE":"001","REPORT_TYPE":"2023年年报","PER_NETCASH_OPERATE":0.167448320736,"PER_OI":0.842378103569,"BPS":0.817002848754,"BASIC_EPS":0.046364144,"DILUTED_EPS":0.046364144,"OPERATE_INCOME":683130940.52,"OPERATE_INCOME_YOY":2.9322012688,"GROSS_PROFIT":631803642.68,"GROSS_PROFIT_YOY":0.491006770323,"HOLDER_PROFIT":37094053.24,"HOLDER_PROFIT_YOY":-32.7681466287,"GROSS_PROFIT_RATIO":92.486462726907,"EPS_TTM":0.039457055771,"OPERATE_INCOME_QOQ":2.157349514293,"NET_PROFIT_RATIO":4.7050791662,"ROE_AVG":5.542898719322,"GROSS_PROFIT_QOQ":1.01143465654,"ROA":3.648918109203,"HOLDER_PROFIT_QOQ":-42.589756583544,"ROE_YEARLY":5.542898719322,"ROIC_YEARLY":4.976079484064,"TOTAL_ASSETS":1009807405.6,"TOTAL_LIABILITIES":330522498.6,"TAX_EBT":13.309866089011,"OCF_SALES":19.878047639979,"TOTAL_PARENT_EQUITY":662552744.56,"DEBT_ASSET_RATIO":32.7312413008,"OPERATE_PROFIT":43987525.28,"PRETAX_PROFIT":37076712.32,"NETCASH_OPERATE":135793093.8,"NETCASH_INVEST":-62507627.84,"NETCASH_FINANCE":-106900383.04,"END_CASH":179226622.32,"DIVI_RATIO":0.761193642389,"DIVIDEND_RATE":7.857142857143,"CURRENT_RATIO":1.808979745824,"COMMON_ACS":5000000000,"CURRENTDEBT_DEBT":74.656284085104,"ISSUED_COMMON_SHARES":810955244,"HK_COMMON_SHARES":810955244,"PER_SHARES":2000,"TOTAL_MARKET_CAP":340601202.48,"HKSK_MARKET_CAP":340601202.48,"PE_TTM":8.38031647467,"PB_TTM":0.469185144929,"REPORT_DATE_SQ":"2022-12-31 00:00:00","REPORT_TYPE_SQ":"2022年年报","OPERATE_INCOME_SQ":670433430.66,"DPS_HKD":0.033,"OPERATE_INCOME_QOQ_SQ":5.841248179086,"NET_PROFIT_RATIO_SQ":7.6646767524,"HOLDER_PROFIT_SQ":55735534.96,"HOLDER_PROFIT_QOQ_SQ":0.096129254017,"ROE_AVG_SQ":8.400778210117,"PE_TTM_SQ":6.975728294845,"PB_TTM_SQ":0.569439518194,"ROA_SQ":5.600376125307,"START_DATE":"2023-07-01 00:00:00","FISCAL_YEAR":"6-30","CURRENCY":"HKD","IS_CNY_CODE":0,"DPS_HKD_LY":0.043,"ORG_TYPE":"一般企业","PREMIUM_INCOME":null,"PREMIUM_INCOME_YOY":null,"NET_INTEREST_INCOME":null,"NET_INTEREST_INCOME_YOY":null,"FEE_COMMISSION_INCOME":null,"FEE_COMMISSION_INCOME_YOY":null,"ACCOUNTS_RECE_TDAYS":5.937561478661,"INVENTORY_TDAYS":4.144136177738,"CURRENT_ASSETS_TDAYS":1.520381228246,"TOTAL_ASSETS_TDAYS":0.671991503245,"PREMIUM_EXPENSE":null,"LOAN_DEPOSIT":null,"LOAN_EQUITY":null,"LOAN_ASSETS":null,"DEPOSIT_EQUITY":null,"DEPOSIT_ASSETS":null,"EQUITY_MULTIPLIER":1.48657418293,"EQUITY_RATIO":0.498862168052},{"SECUCODE":"00722.HK","SECURITY_CODE":"00722","SECURITY_NAME_ABBR":"联合医务","ORG_CODE":"10495199","STD_REPORT_DATE":"2023-06-30 00:00:00","REPORT_DATE":"2023-12-31 00:00:00","DATE_TYPE_CODE":"002","REPORT_TYPE":"2023年中报","PER_NETCASH_OPERATE":0.095309210184,"PER_OI":0.419996366532,"BPS":0.805729915694,"BASIC_EPS":0.017761912,"DILUTED_EPS":0.017761912,"OPERATE_INCOME":340598255.9,"OPERATE_INCOME_YOY":2.9424653932,"GROSS_PROFIT":314664051.94,"GROSS_PROFIT_YOY":2.06258663231,"HOLDER_PROFIT":14198654.96,"HOLDER_PROFIT_YOY":-63.1072076103,"GROSS_PROFIT_RATIO":92.385690909817,"EPS_TTM":0.068728250261,"OPERATE_INCOME_QOQ":11.238678538399,"NET_PROFIT_RATIO":3.5144807035,"ROE_AVG":2.143987038649,"GROSS_PROFIT_QOQ":10.484921933032,"ROA":1.380457556305,"HOLDER_PROFIT_QOQ":-9.779006181254,"ROE_YEARLY":4.287974077297,"ROIC_YEARLY":3.891812674845,"TOTAL_ASSETS":1040991225.96,"TOTAL_LIABILITIES":366997350.72,"TAX_EBT":25.318030191666,"OCF_SALES":22.692865409943,"TOTAL_PARENT_EQUITY":653410900.38,"DEBT_ASSET_RATIO":35.254605569,"OPERATE_PROFIT":19484636.22,"PRETAX_PROFIT":16028313.14,"NETCASH_OPERATE":77291503.8,"NETCASH_INVEST":-9117479.42,"NETCASH_FINANCE":-38627627.5,"END_CASH":244622308.14,"DIVI_RATIO":0.437003122966,"DIVIDEND_RATE":8.048780487805,"CURRENT_RATIO":1.64993307192,"COMMON_ACS":5000000000,"CURRENTDEBT_DEBT":78.400942278061,"ISSUED_COMMON_SHARES":810955244,"HK_COMMON_SHARES":810955244,"PER_SHARES":2000,"TOTAL_MARKET_CAP":332491650.04,"HKSK_MARKET_CAP":332491650.04,"PE_TTM":8.180785130035,"PB_TTM":0.45801407005,"REPORT_DATE_SQ":"2022-06-30 00:00:00","REPORT_TYPE_SQ":"2022年中报","OPERATE_INCOME_SQ":326134663.54,"DPS_HKD":0.033,"OPERATE_INCOME_QOQ_SQ":1.825651080744,"NET_PROFIT_RATIO_SQ":11.5827905626,"HOLDER_PROFIT_SQ":37936283.63,"HOLDER_PROFIT_QOQ_SQ":51.623664758158,"ROE_AVG_SQ":5.96482258905,"PE_TTM_SQ":8.048917263283,"PB_TTM_SQ":0.657045597916,"ROA_SQ":3.960420968997,"START_DATE":"2023-07-01 00:00:00","FISCAL_YEAR":"6-30","CURRENCY":"HKD","IS_CNY_CODE":0,"DPS_HKD_LY":0.043,"ORG_TYPE":"一般企业","PREMIUM_INCOME":null,"PREMIUM_INCOME_YOY":null,"NET_INTEREST_INCOME":null,"NET_INTEREST_INCOME_YOY":null,"FEE_COMMISSION_INCOME":null,"FEE_COMMISSION_INCOME_YOY":null,"ACCOUNTS_RECE_TDAYS":3.166823949714,"INVENTORY_TDAYS":2.169673995451,"CURRENT_ASSETS_TDAYS":0.737394863182,"TOTAL_ASSETS_TDAYS":0.331145053772,"PREMIUM_EXPENSE":null,"LOAN_DEPOSIT":null,"LOAN_EQUITY":null,"LOAN_ASSETS":null,"DEPOSIT_EQUITY":null,"DEPOSIT_ASSETS":null,"EQUITY_MULTIPLIER":1.544511403148,"EQUITY_RATIO":0.561663955264},{"SECUCODE":"00722.HK","SECURITY_CODE":"00722","SECURITY_NAME_ABBR":"联合医务","ORG_CODE":"10495199","STD_REPORT_DATE":"2022-12-31 00:00:00","REPORT_DATE":"2023-06-30 00:00:00","DATE_TYPE_CODE":"001","REPORT_TYPE":"2022年年报","PER_NETCASH_OPERATE":0.21605878065,"PER_OI":0.826720630541,"BPS":0.841932434757,"BASIC_EPS":0.07053147,"DILUTED_EPS":0.07053147,"OPERATE_INCOME":670433430.66,"OPERATE_INCOME_YOY":9.2073547102,"GROSS_PROFIT":628716601.6,"GROSS_PROFIT_YOY":17.011544208496,"HOLDER_PROFIT":55735534.96,"HOLDER_PROFIT_YOY":-16.2343420907,"GROSS_PROFIT_RATIO":93.777632923386,"EPS_TTM":0.077935267939,"OPERATE_INCOME_QOQ":5.841248179086,"NET_PROFIT_RATIO":7.6646767524,"ROE_AVG":8.400778210117,"GROSS_PROFIT_QOQ":5.907251560914,"ROA":5.600376125307,"HOLDER_PROFIT_QOQ":0.096129254017,"ROE_YEARLY":8.400778210117,"ROIC_YEARLY":7.726438178717,"TOTAL_ASSETS":1033773762.92,"TOTAL_LIABILITIES":324108239.3,"TAX_EBT":13.407908024548,"OCF_SALES":26.134436793749,"TOTAL_PARENT_EQUITY":682769523.06,"DEBT_ASSET_RATIO":31.3519505839,"OPERATE_PROFIT":68521553.6,"PRETAX_PROFIT":59343242.7,"NETCASH_OPERATE":175214001.18,"NETCASH_INVEST":-123626454.24,"NETCASH_FINANCE":-49484510.56,"END_CASH":217897065.28,"DIVI_RATIO":0.385377003177,"DIVIDEND_RATE":8.048780487805,"CURRENT_RATIO":1.827753208096,"COMMON_ACS":5000000000,"CURRENTDEBT_DEBT":77.122050435945,"ISSUED_COMMON_SHARES":810955244,"HK_COMMON_SHARES":810955244,"PER_SHARES":2000,"TOTAL_MARKET_CAP":332491650.04,"HKSK_MARKET_CAP":332491650.04,"PE_TTM":8.180785130035,"PB_TTM":0.45801407005,"REPORT_DATE_SQ":"2021-12-31 00:00:00","REPORT_TYPE_SQ":"2021年年报","OPERATE_INCOME_SQ":569435958.21,"DPS_HKD":0.033,"OPERATE_INCOME_QOQ_SQ":7.919124203014,"NET_PROFIT_RATIO_SQ":11.2983379364,"HOLDER_PROFIT_SQ":61717351.92,"HOLDER_PROFIT_QOQ_SQ":40.433869806078,"ROE_AVG_SQ":10.786226666497,"PE_TTM_SQ":8.048917263283,"PB_TTM_SQ":0.657045597916,"ROA_SQ":7.189558761851,"START_DATE":"2022-07-01 00:00:00","FISCAL_YEAR":"6-30","CURRENCY":"HKD","IS_CNY_CODE":0,"DPS_HKD_LY":0.047,"ORG_TYPE":"一般企业","PREMIUM_INCOME":null,"PREMIUM_INCOME_YOY":null,"NET_INTEREST_INCOME":null,"NET_INTEREST_INCOME_YOY":null,"FEE_COMMISSION_INCOME":null,"FEE_COMMISSION_INCOME_YOY":null,"ACCOUNTS_RECE_TDAYS":7.181577115091,"INVENTORY_TDAYS":4.267377157408,"CURRENT_ASSETS_TDAYS":1.566596290152,"TOTAL_ASSETS_TDAYS":0.67365987989,"PREMIUM_EXPENSE":null,"LOAN_DEPOSIT":null,"LOAN_EQUITY":null,"LOAN_ASSETS":null,"DEPOSIT_EQUITY":null,"DEPOSIT_ASSETS":null,"EQUITY_MULTIPLIER":1.456705628937,"EQUITY_RATIO":0.474696406845},{"SECUCODE":"00722.HK","SECURITY_CODE":"00722","SECURITY_NAME_ABBR":"联合医务","ORG_CODE":"10495199","STD_REPORT_DATE":"2022-06-30 00:00:00","REPORT_DATE":"2022-12-31 00:00:00","DATE_TYPE_CODE":"002","REPORT_TYPE":"2022年中报","PER_NETCASH_OPERATE":0.104017887837,"PER_OI":0.41143991945,"BPS":0.798952396724,"BASIC_EPS":0.048504561,"DILUTED_EPS":0.048504561,"OPERATE_INCOME":326134663.54,"OPERATE_INCOME_YOY":1.924011055,"GROSS_PROFIT":308304994.34,"GROSS_PROFIT_YOY":11.476646908113,"HOLDER_PROFIT":37936283.63,"HOLDER_PROFIT_YOY":-8.3277570315,"GROSS_PROFIT_RATIO":94.533034604029,"EPS_TTM":0.077860421297,"OPERATE_INCOME_QOQ":1.825651080744,"NET_PROFIT_RATIO":11.5827905626,"ROE_AVG":5.96482258905,"GROSS_PROFIT_QOQ":2.001734034791,"ROA":3.960420968997,"HOLDER_PROFIT_QOQ":51.623664758158,"ROE_YEARLY":11.929645178099,"ROIC_YEARLY":10.964438959658,"TOTAL_ASSETS":988912418.9,"TOTAL_LIABILITIES":308440771.38,"TAX_EBT":15.286458333333,"OCF_SALES":25.281428203625,"TOTAL_PARENT_EQUITY":647914635.83,"DEBT_ASSET_RATIO":31.1898976578,"OPERATE_PROFIT":49195951.98,"PRETAX_PROFIT":44592038.4,"NETCASH_OPERATE":82451500.81,"NETCASH_INVEST":-7173851.37,"NETCASH_FINANCE":-32137174.79,"END_CASH":254143354.43,"DIVI_RATIO":0.385747463215,"DIVIDEND_RATE":8.048780487805,"CURRENT_RATIO":2.039814893078,"COMMON_ACS":5000000000,"CURRENTDEBT_DEBT":68.527110230702,"ISSUED_COMMON_SHARES":810955244,"HK_COMMON_SHARES":810955244,"PER_SHARES":2000,"TOTAL_MARKET_CAP":332491650.04,"HKSK_MARKET_CAP":332491650.04,"PE_TTM":8.180785130035,"PB_TTM":0.45801407005,"REPORT_DATE_SQ":"2021-06-30 00:00:00","REPORT_TYPE_SQ":"2021年中报","OPERATE_INCOME_SQ":292872496,"DPS_HKD":0.033,"OPERATE_INCOME_QOQ_SQ":6.037287402355,"NET_PROFIT_RATIO_SQ":14.0618631529,"HOLDER_PROFIT_SQ":37876955.2,"HOLDER_PROFIT_QOQ_SQ":-26.000931454613,"ROE_AVG_SQ":7.077649115007,"PE_TTM_SQ":8.048917263283,"PB_TTM_SQ":0.657045597916,"ROA_SQ":4.773828697793,"START_DATE":"2022-07-01 00:00:00","FISCAL_YEAR":"6-30","CURRENCY":"HKD","IS_CNY_CODE":0,"DPS_HKD_LY":0.047,"ORG_TYPE":"一般企业","PREMIUM_INCOME":null,"PREMIUM_INCOME_YOY":null,"NET_INTEREST_INCOME":null,"NET_INTEREST_INCOME_YOY":null,"FEE_COMMISSION_INCOME":null,"FEE_COMMISSION_INCOME_YOY":null,"ACCOUNTS_RECE_TDAYS":3.97833773734,"INVENTORY_TDAYS":1.917939848179,"CURRENT_ASSETS_TDAYS":0.797621349308,"TOTAL_ASSETS_TDAYS":0.340473667057,"PREMIUM_EXPENSE":null,"LOAN_DEPOSIT":null,"LOAN_EQUITY":null,"LOAN_ASSETS":null,"DEPOSIT_EQUITY":null,"DEPOSIT_ASSETS":null,"EQUITY_MULTIPLIER":1.453274978472,"EQUITY_RATIO":0.476051557293},{"SECUCODE":"00722.HK","SECURITY_CODE":"00722","SECURITY_NAME_ABBR":"联合医务","ORG_CODE":"10495199","STD_REPORT_DATE":"2021-12-31 00:00:00","REPORT_DATE":"2022-06-30 00:00:00","DATE_TYPE_CODE":"001","REPORT_TYPE":"2021年年报","PER_NETCASH_OPERATE":0.119660445722,"PER_OI":0.718380199869,"BPS":0.736762063616,"BASIC_EPS":0.079874746,"DILUTED_EPS":0.079789227,"OPERATE_INCOME":569435958.21,"OPERATE_INCOME_YOY":8.0306833171,"GROSS_PROFIT":537311601.05,"GROSS_PROFIT_YOY":10.898273687393,"HOLDER_PROFIT":61717351.92,"HOLDER_PROFIT_YOY":107.176896136,"GROSS_PROFIT_RATIO":94.358565401985,"EPS_TTM":0.052497963098,"OPERATE_INCOME_QOQ":7.919124203014,"NET_PROFIT_RATIO":11.2983379364,"ROE_AVG":10.786226666497,"GROSS_PROFIT_QOQ":7.595340180526,"ROA":7.189558761851,"HOLDER_PROFIT_QOQ":40.433869806078,"ROE_YEARLY":10.786226666497,"ROIC_YEARLY":10.416355444706,"TOTAL_ASSETS":887345999.19,"TOTAL_LIABILITIES":256810136.24,"TAX_EBT":13.893928820656,"OCF_SALES":16.656979931187,"TOTAL_PARENT_EQUITY":597481059.07,"DEBT_ASSET_RATIO":28.9413753456,"OPERATE_PROFIT":78273830.32,"PRETAX_PROFIT":73529236.2,"NETCASH_OPERATE":94850833.28,"NETCASH_INVEST":-65953107.99,"NETCASH_FINANCE":-77805186.2,"END_CASH":201591373.13,"DIVI_RATIO":0.572107149075,"DIVIDEND_RATE":8.048780487805,"CURRENT_RATIO":2.225503907857,"COMMON_ACS":5000000000,"CURRENTDEBT_DEBT":64.762767402829,"ISSUED_COMMON_SHARES":810955244,"HK_COMMON_SHARES":810955244,"PER_SHARES":2000,"TOTAL_MARKET_CAP":332491650.04,"HKSK_MARKET_CAP":332491650.04,"PE_TTM":8.180785130035,"PB_TTM":0.45801407005,"REPORT_DATE_SQ":"2020-12-31 00:00:00","REPORT_TYPE_SQ":"2020年年报","OPERATE_INCOME_SQ":512861660.88,"DPS_HKD":0.033,"OPERATE_INCOME_QOQ_SQ":-4.033813372214,"NET_PROFIT_RATIO_SQ":5.0640289676,"HOLDER_PROFIT_SQ":28984674.72,"HOLDER_PROFIT_QOQ_SQ":-27.215941247181,"ROE_AVG_SQ":5.567453873595,"PE_TTM_SQ":8.048917263283,"PB_TTM_SQ":0.657045597916,"ROA_SQ":3.743007515242,"START_DATE":"2021-07-01 00:00:00","FISCAL_YEAR":"6-30","CURRENCY":"HKD","IS_CNY_CODE":0,"DPS_HKD_LY":0.043,"ORG_TYPE":"一般企业","PREMIUM_INCOME":null,"PREMIUM_INCOME_YOY":null,"NET_INTEREST_INCOME":null,"NET_INTEREST_INCOME_YOY":null,"FEE_COMMISSION_INCOME":null,"FEE_COMMISSION_INCOME_YOY":null,"ACCOUNTS_RECE_TDAYS":8.081892000146,"INVENTORY_TDAYS":4.166370896185,"CURRENT_ASSETS_TDAYS":1.437848471369,"TOTAL_ASSETS_TDAYS":0.663345583584,"PREMIUM_EXPENSE":null,"LOAN_DEPOSIT":null,"LOAN_EQUITY":null,"LOAN_ASSETS":null,"DEPOSIT_EQUITY":null,"DEPOSIT_ASSETS":null,"EQUITY_MULTIPLIER":1.407288706844,"EQUITY_RATIO":0.429821384865},{"SECUCODE":"00722.HK","SECURITY_CODE":"00722","SECURITY_NAME_ABBR":"联合医务","ORG_CODE":"10495199","STD_REPORT_DATE":"2021-06-30 00:00:00","REPORT_DATE":"2021-12-31 00:00:00","DATE_TYPE_CODE":"002","REPORT_TYPE":"2021年中报","PER_NETCASH_OPERATE":0.037042173861,"PER_OI":0.377729364006,"BPS":0.6750956017,"BASIC_EPS":0.049489328,"DILUTED_EPS":0.049489328,"OPERATE_INCOME":292872496,"OPERATE_INCOME_YOY":19.7141911831,"GROSS_PROFIT":276564646.4,"GROSS_PROFIT_YOY":15.534094031295,"HOLDER_PROFIT":37876955.2,"HOLDER_PROFIT_YOY":49.0620676341,"GROSS_PROFIT_RATIO":94.431757907373,"EPS_TTM":0.037382693484,"OPERATE_INCOME_QOQ":6.037287402355,"NET_PROFIT_RATIO":14.0618631529,"ROE_AVG":7.077649115007,"GROSS_PROFIT_QOQ":6.034112789983,"ROA":4.773828697793,"HOLDER_PROFIT_QOQ":-26.000931454613,"ROE_YEARLY":14.155298230015,"ROIC_YEARLY":14.316142086018,"TOTAL_ASSETS":793805387.2,"TOTAL_LIABILITIES":214010888,"TAX_EBT":18.254509184606,"OCF_SALES":9.806538064264,"TOTAL_PARENT_EQUITY":547472318.4,"DEBT_ASSET_RATIO":26.9601203835,"OPERATE_PROFIT":48949712,"PRETAX_PROFIT":49182728,"NETCASH_OPERATE":28720652.8,"NETCASH_INVEST":-24838688,"NETCASH_FINANCE":-32498782.4,"END_CASH":212093616,"DIVI_RATIO":0.803432208884,"DIVIDEND_RATE":8.048780487805,"CURRENT_RATIO":2.396516434362,"COMMON_ACS":5000000000,"CURRENTDEBT_DEBT":76.526522893546,"ISSUED_COMMON_SHARES":810955244,"HK_COMMON_SHARES":810955244,"PER_SHARES":2000,"TOTAL_MARKET_CAP":332491650.04,"HKSK_MARKET_CAP":332491650.04,"PE_TTM":8.180785130035,"PB_TTM":0.45801407005,"REPORT_DATE_SQ":"2020-06-30 00:00:00","REPORT_TYPE_SQ":"2020年中报","OPERATE_INCOME_SQ":251836362.44,"DPS_HKD":0.033,"OPERATE_INCOME_QOQ_SQ":-6.500739908847,"NET_PROFIT_RATIO_SQ":10.7809878104,"HOLDER_PROFIT_SQ":26157329.56,"HOLDER_PROFIT_QOQ_SQ":-19.098724867138,"ROE_AVG_SQ":5.027422820996,"PE_TTM_SQ":8.048917263283,"PB_TTM_SQ":0.657045597916,"ROA_SQ":3.398887233257,"START_DATE":"2021-07-01 00:00:00","FISCAL_YEAR":"6-30","CURRENCY":"HKD","IS_CNY_CODE":0,"DPS_HKD_LY":0.043,"ORG_TYPE":"一般企业","PREMIUM_INCOME":null,"PREMIUM_INCOME_YOY":null,"NET_INTEREST_INCOME":null,"NET_INTEREST_INCOME_YOY":null,"FEE_COMMISSION_INCOME":null,"FEE_COMMISSION_INCOME_YOY":null,"ACCOUNTS_RECE_TDAYS":3.974899576111,"INVENTORY_TDAYS":2.027341566296,"CURRENT_ASSETS_TDAYS":0.735980144295,"TOTAL_ASSETS_TDAYS":0.369122364461,"PREMIUM_EXPENSE":null,"LOAN_DEPOSIT":null,"LOAN_EQUITY":null,"LOAN_ASSETS":null,"DEPOSIT_EQUITY":null,"DEPOSIT_ASSETS":null,"EQUITY_MULTIPLIER":1.369115071452,"EQUITY_RATIO":0.390907230936},{"SECUCODE":"00722.HK","SECURITY_CODE":"00722","SECURITY_NAME_ABBR":"联合医务","ORG_CODE":"10495199","STD_REPORT_DATE":"2020-12-31 00:00:00","REPORT_DATE":"2021-06-30 00:00:00","DATE_TYPE_CODE":"001","REPORT_TYPE":"2020年年报","PER_NETCASH_OPERATE":0.185304790337,"PER_OI":0.661458182769,"BPS":0.656156427592,"BASIC_EPS":0.038109264,"DILUTED_EPS":0.038109264,"OPERATE_INCOME":512861660.88,"OPERATE_INCOME_YOY":11.7099324824,"GROSS_PROFIT":484508534.88,"GROSS_PROFIT_YOY":0.719447933659,"HOLDER_PROFIT":28984674.72,"HOLDER_PROFIT_YOY":-40.8741407112,"GROSS_PROFIT_RATIO":94.479137395326,"EPS_TTM":0.051150458086,"OPERATE_INCOME_QOQ":-4.033813372214,"NET_PROFIT_RATIO":5.0640289676,"ROE_AVG":5.567453873595,"GROSS_PROFIT_QOQ":-4.017623755076,"ROA":3.743007515242,"HOLDER_PROFIT_QOQ":-27.215941247181,"ROE_YEARLY":5.567453873595,"ROIC_YEARLY":5.68987765636,"TOTAL_ASSETS":807098462.16,"TOTAL_LIABILITIES":230420425.68,"TAX_EBT":21.890943701097,"OCF_SALES":27.726509999759,"TOTAL_PARENT_EQUITY":532113495.84,"DEBT_ASSET_RATIO":28.5492336416,"OPERATE_PROFIT":77795319.6,"PRETAX_PROFIT":75184252.56,"NETCASH_OPERATE":143676085.68,"NETCASH_INVEST":-32670789.12,"NETCASH_FINANCE":-57586592.64,"END_CASH":244609885.92,"DIVI_RATIO":0.587178710099,"DIVIDEND_RATE":8.048780487805,"CURRENT_RATIO":2.214814149758,"COMMON_ACS":5000000000,"CURRENTDEBT_DEBT":80.441714423969,"ISSUED_COMMON_SHARES":810955244,"HK_COMMON_SHARES":810955244,"PER_SHARES":2000,"TOTAL_MARKET_CAP":332491650.04,"HKSK_MARKET_CAP":332491650.04,"PE_TTM":8.180785130035,"PB_TTM":0.45801407005,"REPORT_DATE_SQ":"2019-12-31 00:00:00","REPORT_TYPE_SQ":"2019年年报","OPERATE_INCOME_SQ":509228184.96,"DPS_HKD":0.033,"OPERATE_INCOME_QOQ_SQ":9.123349567717,"NET_PROFIT_RATIO_SQ":10.8182476986,"HOLDER_PROFIT_SQ":53815317.6,"HOLDER_PROFIT_QOQ_SQ":490.872245682927,"ROE_AVG_SQ":9.620024150073,"PE_TTM_SQ":8.048917263283,"PB_TTM_SQ":0.657045597916,"ROA_SQ":6.797595717567,"START_DATE":"2020-07-01 00:00:00","FISCAL_YEAR":"6-30","CURRENCY":"HKD","IS_CNY_CODE":0,"DPS_HKD_LY":0.0365,"ORG_TYPE":"一般企业","PREMIUM_INCOME":null,"PREMIUM_INCOME_YOY":null,"NET_INTEREST_INCOME":null,"NET_INTEREST_INCOME_YOY":null,"FEE_COMMISSION_INCOME":null,"FEE_COMMISSION_INCOME_YOY":null,"ACCOUNTS_RECE_TDAYS":7.815988029267,"INVENTORY_TDAYS":3.76150101198,"CURRENT_ASSETS_TDAYS":1.411749370934,"TOTAL_ASSETS_TDAYS":0.669177836375,"PREMIUM_EXPENSE":null,"LOAN_DEPOSIT":null,"LOAN_EQUITY":null,"LOAN_ASSETS":null,"DEPOSIT_EQUITY":null,"DEPOSIT_ASSETS":null,"EQUITY_MULTIPLIER":1.399565114507,"EQUITY_RATIO":0.433028719402},{"SECUCODE":"00722.HK","SECURITY_CODE":"00722","SECURITY_NAME_ABBR":"联合医务","ORG_CODE":"10495199","STD_REPORT_DATE":"2020-06-30 00:00:00","REPORT_DATE":"2020-12-31 00:00:00","DATE_TYPE_CODE":"002","REPORT_TYPE":"2020年中报","PER_NETCASH_OPERATE":0.050616445491,"PER_OI":0.328871157931,"BPS":0.648163949871,"BASIC_EPS":0.034549322,"DILUTED_EPS":0.034549322,"OPERATE_INCOME":251836362.44,"OPERATE_INCOME_YOY":-1.5220997806,"GROSS_PROFIT":239379248.8,"GROSS_PROFIT_YOY":-8.281236596774,"HOLDER_PROFIT":26157329.56,"HOLDER_PROFIT_YOY":-31.7709819762,"GROSS_PROFIT_RATIO":95.033477525543,"EPS_TTM":0.07027700703,"OPERATE_INCOME_QOQ":-6.500739908847,"NET_PROFIT_RATIO":10.7809878104,"ROE_AVG":5.027422820996,"GROSS_PROFIT_QOQ":-6.636538580668,"ROA":3.398887233257,"HOLDER_PROFIT_QOQ":-19.098724867138,"ROE_YEARLY":10.054845641992,"ROIC_YEARLY":9.985653996238,"TOTAL_ASSETS":789010567.52,"TOTAL_LIABILITIES":213317024.56,"TAX_EBT":17.500832121647,"OCF_SALES":15.242120452898,"TOTAL_PARENT_EQUITY":525631954.12,"DEBT_ASSET_RATIO":27.0360161627,"OPERATE_PROFIT":48566836.2,"PRETAX_PROFIT":48043336.12,"NETCASH_OPERATE":38760046.92,"NETCASH_INVEST":-16939688.28,"NETCASH_FINANCE":-18899867.84,"END_CASH":197798866.24,"DIVI_RATIO":0.427372497342,"DIVIDEND_RATE":8.048780487805,"CURRENT_RATIO":1.990622214822,"COMMON_ACS":5000000000,"CURRENTDEBT_DEBT":80.569255170564,"ISSUED_COMMON_SHARES":810955244,"HK_COMMON_SHARES":810955244,"PER_SHARES":2000,"TOTAL_MARKET_CAP":332491650.04,"HKSK_MARKET_CAP":332491650.04,"PE_TTM":8.180785130035,"PB_TTM":0.45801407005,"REPORT_DATE_SQ":"2019-06-30 00:00:00","REPORT_TYPE_SQ":"2019年中报","OPERATE_INCOME_SQ":274836949.14,"DPS_HKD":0.033,"OPERATE_INCOME_QOQ_SQ":-7.622534249454,"NET_PROFIT_RATIO_SQ":16.0247447142,"HOLDER_PROFIT_SQ":40803674.78,"HOLDER_PROFIT_QOQ_SQ":364.616868861814,"ROE_AVG_SQ":7.32988168656,"PE_TTM_SQ":8.048917263283,"PB_TTM_SQ":0.657045597916,"ROA_SQ":5.04233587308,"START_DATE":"2020-07-01 00:00:00","FISCAL_YEAR":"6-30","CURRENCY":"HKD","IS_CNY_CODE":0,"DPS_HKD_LY":0.0365,"ORG_TYPE":"一般企业","PREMIUM_INCOME":null,"PREMIUM_INCOME_YOY":null,"NET_INTEREST_INCOME":null,"NET_INTEREST_INCOME_YOY":null,"FEE_COMMISSION_INCOME":null,"FEE_COMMISSION_INCOME_YOY":null,"ACCOUNTS_RECE_TDAYS":3.753846732865,"INVENTORY_TDAYS":1.391054461182,"CURRENT_ASSETS_TDAYS":0.759740251576,"TOTAL_ASSETS_TDAYS":0.330432119862,"PREMIUM_EXPENSE":null,"LOAN_DEPOSIT":null,"LOAN_EQUITY":null,"LOAN_ASSETS":null,"DEPOSIT_EQUITY":null,"DEPOSIT_ASSETS":null,"EQUITY_MULTIPLIER":1.37053919949,"EQUITY_RATIO":0.405829635904},{"SECUCODE":"00722.HK","SECURITY_CODE":"00722","SECURITY_NAME_ABBR":"联合医务","ORG_CODE":"10495199","STD_REPORT_DATE":"2019-12-31 00:00:00","REPORT_DATE":"2020-06-30 00:00:00","DATE_TYPE_CODE":"001","REPORT_TYPE":"2019年年报","PER_NETCASH_OPERATE":0.152379970907,"PER_OI":0.664997148212,"BPS":0.689168254814,"BASIC_EPS":0.071156976,"DILUTED_EPS":0.070882944,"OPERATE_INCOME":509228184.96,"OPERATE_INCOME_YOY":-1.7436378281,"GROSS_PROFIT":481047647.52,"GROSS_PROFIT_YOY":1.882307020894,"HOLDER_PROFIT":53815317.6,"HOLDER_PROFIT_YOY":360.3453664635,"GROSS_PROFIT_RATIO":94.466029518336,"EPS_TTM":0.087777988462,"OPERATE_INCOME_QOQ":9.123349567717,"NET_PROFIT_RATIO":10.8182476986,"ROE_AVG":9.620024150073,"GROSS_PROFIT_QOQ":9.124389211857,"ROA":6.797595717567,"HOLDER_PROFIT_QOQ":490.872245682927,"ROE_YEARLY":9.620024150073,"ROIC_YEARLY":10.127515763272,"TOTAL_ASSETS":814155466.08,"TOTAL_LIABILITIES":201687552,"TAX_EBT":17.840503501076,"OCF_SALES":22.914379605513,"TOTAL_PARENT_EQUITY":558884610.24,"DEBT_ASSET_RATIO":24.7726092132,"OPERATE_PROFIT":69166590.24,"PRETAX_PROFIT":67051976.64,"NETCASH_OPERATE":116686479.36,"NETCASH_INVEST":-23521993.44,"NETCASH_FINANCE":-67626530.4,"END_CASH":210704118.24,"DIVI_RATIO":0.342163912917,"DIVIDEND_RATE":8.048780487805,"CURRENT_RATIO":2.433972774214,"COMMON_ACS":5000000000,"CURRENTDEBT_DEBT":72.361865942029,"ISSUED_COMMON_SHARES":810955244,"HK_COMMON_SHARES":810955244,"PER_SHARES":2000,"TOTAL_MARKET_CAP":332491650.04,"HKSK_MARKET_CAP":332491650.04,"PE_TTM":8.180785130035,"PB_TTM":0.45801407005,"REPORT_DATE_SQ":"2018-12-31 00:00:00","REPORT_TYPE_SQ":"2018年年报","OPERATE_INCOME_SQ":499098851.82,"DPS_HKD":0.033,"OPERATE_INCOME_QOQ_SQ":9.42539462397,"NET_PROFIT_RATIO_SQ":3.4455044882,"HOLDER_PROFIT_SQ":11257888.68,"HOLDER_PROFIT_QOQ_SQ":-92.347292385354,"ROE_AVG_SQ":2.168911756407,"PE_TTM_SQ":8.048917263283,"PB_TTM_SQ":0.657045597916,"ROA_SQ":1.625258431076,"START_DATE":"2019-07-01 00:00:00","FISCAL_YEAR":"6-30","CURRENCY":"HKD","IS_CNY_CODE":0,"DPS_HKD_LY":0.032,"ORG_TYPE":"一般企业","PREMIUM_INCOME":null,"PREMIUM_INCOME_YOY":null,"NET_INTEREST_INCOME":null,"NET_INTEREST_INCOME_YOY":null,"FEE_COMMISSION_INCOME":null,"FEE_COMMISSION_INCOME_YOY":null,"ACCOUNTS_RECE_TDAYS":6.216681256307,"INVENTORY_TDAYS":2.954227712343,"CURRENT_ASSETS_TDAYS":1.467312214836,"TOTAL_ASSETS_TDAYS":0.643223432235,"PREMIUM_EXPENSE":null,"LOAN_DEPOSIT":null,"LOAN_EQUITY":null,"LOAN_ASSETS":null,"DEPOSIT_EQUITY":null,"DEPOSIT_ASSETS":null,"EQUITY_MULTIPLIER":1.329303049782,"EQUITY_RATIO":0.360875122171}],"count":22},"success":true,"message":"ok","code":0}