{"version":"6c423f6e190bb114343323bfb786e6ff","result":{"pages":9,"data":[{"SECUCODE":"00728.HK","SECURITY_CODE":"00728","SECURITY_NAME_ABBR":"中国电信","ORG_CODE":"10071374","STD_REPORT_DATE":"2024-09-30 00:00:00","REPORT_DATE":"2024-09-30 00:00:00","DATE_TYPE_CODE":"004","REPORT_TYPE":"2024年三季报","PER_NETCASH_OPERATE":1.063479870353,"PER_OI":4.313521388734,"BPS":4.900721477863,"BASIC_EPS":0.32,"DILUTED_EPS":0.32,"OPERATE_INCOME":394718000000,"OPERATE_INCOME_YOY":2.7231987175,"GROSS_PROFIT":276261000000,"GROSS_PROFIT_YOY":2.381834757666,"HOLDER_PROFIT":29299000000,"HOLDER_PROFIT_YOY":8.1104018302,"GROSS_PROFIT_RATIO":69.989460830264,"EPS_TTM":0.356737195197,"OPERATE_INCOME_QOQ":0.598389703934,"NET_PROFIT_RATIO":7.4331548093,"ROE_AVG":6.573873905205,"GROSS_PROFIT_QOQ":0.886343740881,"ROA":3.444343736077,"HOLDER_PROFIT_QOQ":1.678866220215,"ROE_YEARLY":8.76516520694,"ROIC_YEARLY":3.888325600654,"TOTAL_ASSETS":865468000000,"TOTAL_LIABILITIES":412714000000,"TAX_EBT":22.199830292745,"OCF_SALES":24.654563511165,"TOTAL_PARENT_EQUITY":448451000000,"DEBT_ASSET_RATIO":47.6868006674,"OPERATE_PROFIT":36384000000,"PRETAX_PROFIT":37712000000,"NETCASH_OPERATE":97316000000,"NETCASH_INVEST":-68913000000,"NETCASH_FINANCE":-36080000000,"END_CASH":73338000000,"DIVI_RATIO":0.717387340164,"DIVIDEND_RATE":4.631021416804,"CURRENT_RATIO":0.591945777619,"COMMON_ACS":null,"CURRENTDEBT_DEBT":80.220443212491,"ISSUED_COMMON_SHARES":91507138699,"HK_COMMON_SHARES":13877410000,"PER_SHARES":2000,"TOTAL_MARKET_CAP":555448331902.93,"HKSK_MARKET_CAP":84235878700,"PE_TTM":15.195766493921,"PB_TTM":1.116950907071,"REPORT_DATE_SQ":"2023-09-30 00:00:00","REPORT_TYPE_SQ":"2023年三季报","OPERATE_INCOME_SQ":384254000000,"DPS_HKD":0.281103,"OPERATE_INCOME_QOQ_SQ":0.985808124564,"NET_PROFIT_RATIO_SQ":7.0638171626,"HOLDER_PROFIT_SQ":27101000000,"HOLDER_PROFIT_QOQ_SQ":2.362926498048,"ROE_AVG_SQ":6.220269756948,"PE_TTM_SQ":11.573286365043,"PB_TTM_SQ":0.804739530402,"ROA_SQ":3.298371078613,"START_DATE":"2024-01-01 00:00:00","FISCAL_YEAR":"12-31","CURRENCY":"HKD","IS_CNY_CODE":0,"DPS_HKD_LY":0.281103,"ORG_TYPE":"一般企业","PREMIUM_INCOME":null,"PREMIUM_INCOME_YOY":null,"NET_INTEREST_INCOME":null,"NET_INTEREST_INCOME_YOY":null,"FEE_COMMISSION_INCOME":null,"FEE_COMMISSION_INCOME_YOY":null,"ACCOUNTS_RECE_TDAYS":8.575140396042,"INVENTORY_TDAYS":30.820085859243,"CURRENT_ASSETS_TDAYS":2.169704132254,"TOTAL_ASSETS_TDAYS":0.464024188818,"PREMIUM_EXPENSE":null,"LOAN_DEPOSIT":null,"LOAN_EQUITY":null,"LOAN_ASSETS":null,"DEPOSIT_EQUITY":null,"DEPOSIT_ASSETS":null,"EQUITY_MULTIPLIER":1.911563453885,"EQUITY_RATIO":0.920310134218},{"SECUCODE":"00728.HK","SECURITY_CODE":"00728","SECURITY_NAME_ABBR":"中国电信","ORG_CODE":"10071374","STD_REPORT_DATE":"2024-06-30 00:00:00","REPORT_DATE":"2024-06-30 00:00:00","DATE_TYPE_CODE":"002","REPORT_TYPE":"2024年中报","PER_NETCASH_OPERATE":0.641480007293,"PER_OI":2.928853462259,"BPS":4.986266716315,"BASIC_EPS":0.24,"DILUTED_EPS":0.24,"OPERATE_INCOME":268011000000,"OPERATE_INCOME_YOY":2.818571034,"GROSS_PROFIT":187880000000,"GROSS_PROFIT_YOY":1.770199120317,"HOLDER_PROFIT":21812000000,"HOLDER_PROFIT_YOY":8.2320250087,"GROSS_PROFIT_RATIO":70.10160030745,"EPS_TTM":0.350846944364,"OPERATE_INCOME_QOQ":0.47101393368,"NET_PROFIT_RATIO":8.1959322565,"ROE_AVG":4.851396511363,"GROSS_PROFIT_QOQ":0.260773430929,"ROA":2.555886583412,"HOLDER_PROFIT_QOQ":3.367783895167,"ROE_YEARLY":9.702793022726,"ROIC_YEARLY":5.795037607169,"TOTAL_ASSETS":870991000000,"TOTAL_LIABILITIES":410317000000,"TAX_EBT":22.213959417826,"OCF_SALES":21.902086108406,"TOTAL_PARENT_EQUITY":456279000000,"DEBT_ASSET_RATIO":47.1092123799,"OPERATE_PROFIT":27260000000,"PRETAX_PROFIT":28239000000,"NETCASH_OPERATE":58700000000,"NETCASH_INVEST":-50103000000,"NETCASH_FINANCE":-14583000000,"END_CASH":75072000000,"DIVI_RATIO":0.729431313886,"DIVIDEND_RATE":5.942980972516,"CURRENT_RATIO":0.609560513943,"COMMON_ACS":null,"CURRENTDEBT_DEBT":79.931857563786,"ISSUED_COMMON_SHARES":91507138699,"HK_COMMON_SHARES":13877410000,"PER_SHARES":2000,"TOTAL_MARKET_CAP":432828766046.27,"HKSK_MARKET_CAP":65640149300,"PE_TTM":11.841182127882,"PB_TTM":0.87037525378,"REPORT_DATE_SQ":"2023-06-30 00:00:00","REPORT_TYPE_SQ":"2023年中报","OPERATE_INCOME_SQ":260664000000,"DPS_HKD":0.281103,"OPERATE_INCOME_QOQ_SQ":1.499978676176,"NET_PROFIT_RATIO_SQ":7.7394653654,"HOLDER_PROFIT_SQ":20153000000,"HOLDER_PROFIT_QOQ_SQ":3.883050010581,"ROE_AVG_SQ":4.592454683322,"PE_TTM_SQ":9.841416908992,"PB_TTM_SQ":0.68431532514,"ROA_SQ":2.4456277714,"START_DATE":"2024-01-01 00:00:00","FISCAL_YEAR":"12-31","CURRENCY":"HKD","IS_CNY_CODE":0,"DPS_HKD_LY":0.281103,"ORG_TYPE":"一般企业","PREMIUM_INCOME":null,"PREMIUM_INCOME_YOY":null,"NET_INTEREST_INCOME":null,"NET_INTEREST_INCOME_YOY":null,"FEE_COMMISSION_INCOME":null,"FEE_COMMISSION_INCOME_YOY":null,"ACCOUNTS_RECE_TDAYS":6.095037751296,"INVENTORY_TDAYS":19.831951491152,"CURRENT_ASSETS_TDAYS":1.457440936639,"TOTAL_ASSETS_TDAYS":0.314049935406,"PREMIUM_EXPENSE":null,"LOAN_DEPOSIT":null,"LOAN_EQUITY":null,"LOAN_ASSETS":null,"DEPOSIT_EQUITY":null,"DEPOSIT_ASSETS":null,"EQUITY_MULTIPLIER":1.890688426088,"EQUITY_RATIO":0.899267772569},{"SECUCODE":"00728.HK","SECURITY_CODE":"00728","SECURITY_NAME_ABBR":"中国电信","ORG_CODE":"10071374","STD_REPORT_DATE":"2024-03-31 00:00:00","REPORT_DATE":"2024-03-31 00:00:00","DATE_TYPE_CODE":"003","REPORT_TYPE":"2024年一季报","PER_NETCASH_OPERATE":0.222026393666,"PER_OI":1.480682293495,"BPS":4.932664340918,"BASIC_EPS":0.09,"DILUTED_EPS":0.09,"OPERATE_INCOME":135493000000,"OPERATE_INCOME_YOY":3.7560878488,"GROSS_PROFIT":94143000000,"GROSS_PROFIT_YOY":2.550053375743,"HOLDER_PROFIT":8597000000,"HOLDER_PROFIT_YOY":7.6778557114,"GROSS_PROFIT_RATIO":69.481818248913,"EPS_TTM":0.339416142189,"OPERATE_INCOME_QOQ":0.955114487169,"NET_PROFIT_RATIO":6.367856642,"ROE_AVG":1.922621044392,"GROSS_PROFIT_QOQ":0.662909894093,"ROA":1.020645605537,"HOLDER_PROFIT_QOQ":2.013400775143,"ROE_YEARLY":7.690484177569,"ROIC_YEARLY":4.596309239065,"TOTAL_ASSETS":848806000000,"TOTAL_LIABILITIES":393160000000,"TAX_EBT":22.200180342651,"OCF_SALES":14.99487058372,"TOTAL_PARENT_EQUITY":451374000000,"DEBT_ASSET_RATIO":46.3191824751,"OPERATE_PROFIT":10552000000,"PRETAX_PROFIT":11090000000,"NETCASH_OPERATE":20317000000,"NETCASH_INVEST":-20293000000,"NETCASH_FINANCE":-9522000000,"END_CASH":71553000000,"DIVI_RATIO":0.753996984201,"DIVIDEND_RATE":5.942980972516,"CURRENT_RATIO":0.597497753731,"COMMON_ACS":null,"CURRENTDEBT_DEBT":78.696205107335,"ISSUED_COMMON_SHARES":91507138699,"HK_COMMON_SHARES":13877410000,"PER_SHARES":2000,"TOTAL_MARKET_CAP":432828766046.27,"HKSK_MARKET_CAP":65640149300,"PE_TTM":11.841182127882,"PB_TTM":0.87037525378,"REPORT_DATE_SQ":"2023-03-31 00:00:00","REPORT_TYPE_SQ":"2023年一季报","OPERATE_INCOME_SQ":130588000000,"DPS_HKD":0.281103,"OPERATE_INCOME_QOQ_SQ":2.276258287499,"NET_PROFIT_RATIO_SQ":6.1046956841,"HOLDER_PROFIT_SQ":7984000000,"HOLDER_PROFIT_QOQ_SQ":2.757945855833,"ROE_AVG_SQ":1.83103727436,"PE_TTM_SQ":9.841416908992,"PB_TTM_SQ":0.68431532514,"ROA_SQ":0.978818821666,"START_DATE":"2024-01-01 00:00:00","FISCAL_YEAR":"12-31","CURRENCY":"HKD","IS_CNY_CODE":0,"DPS_HKD_LY":0.281103,"ORG_TYPE":"一般企业","PREMIUM_INCOME":null,"PREMIUM_INCOME_YOY":null,"NET_INTEREST_INCOME":null,"NET_INTEREST_INCOME_YOY":null,"FEE_COMMISSION_INCOME":null,"FEE_COMMISSION_INCOME_YOY":null,"ACCOUNTS_RECE_TDAYS":3.237934783907,"INVENTORY_TDAYS":10.349142785634,"CURRENT_ASSETS_TDAYS":0.768253338247,"TOTAL_ASSETS_TDAYS":0.160858828697,"PREMIUM_EXPENSE":null,"LOAN_DEPOSIT":null,"LOAN_EQUITY":null,"LOAN_ASSETS":null,"DEPOSIT_EQUITY":null,"DEPOSIT_ASSETS":null,"EQUITY_MULTIPLIER":1.862862836499,"EQUITY_RATIO":0.871029345953},{"SECUCODE":"00728.HK","SECURITY_CODE":"00728","SECURITY_NAME_ABBR":"中国电信","ORG_CODE":"10071374","STD_REPORT_DATE":"2023-12-31 00:00:00","REPORT_DATE":"2023-12-31 00:00:00","DATE_TYPE_CODE":"001","REPORT_TYPE":"2023年年报","PER_NETCASH_OPERATE":1.502702433439,"PER_OI":5.612141383737,"BPS":4.840343674792,"BASIC_EPS":0.33,"DILUTED_EPS":0.33,"OPERATE_INCOME":513551000000,"OPERATE_INCOME_YOY":6.668009837,"GROSS_PROFIT":353140000000,"GROSS_PROFIT_YOY":5.775192521394,"HOLDER_PROFIT":30446000000,"HOLDER_PROFIT_YOY":10.3395788787,"GROSS_PROFIT_RATIO":68.764348623603,"EPS_TTM":0.332717211278,"OPERATE_INCOME_QOQ":1.74968299255,"NET_PROFIT_RATIO":5.9250201051,"ROE_AVG":6.958966417719,"GROSS_PROFIT_QOQ":1.154653704144,"ROA":3.704992722901,"HOLDER_PROFIT_QOQ":0.978408676329,"ROE_YEARLY":6.958966417719,"ROIC_YEARLY":4.151400821663,"TOTAL_ASSETS":835814000000,"TOTAL_LIABILITIES":388647000000,"TAX_EBT":22.385470870319,"OCF_SALES":26.77591904212,"TOTAL_PARENT_EQUITY":442926000000,"DEBT_ASSET_RATIO":46.4992211186,"OPERATE_PROFIT":37128000000,"PRETAX_PROFIT":39204000000,"NETCASH_OPERATE":137508000000,"NETCASH_INVEST":-95492000000,"NETCASH_FINANCE":-33477000000,"END_CASH":81046000000,"DIVI_RATIO":0.769177965326,"DIVIDEND_RATE":5.942980972516,"CURRENT_RATIO":0.553207266112,"COMMON_ACS":null,"CURRENTDEBT_DEBT":78.074962626754,"ISSUED_COMMON_SHARES":91507138699,"HK_COMMON_SHARES":13877410000,"PER_SHARES":2000,"TOTAL_MARKET_CAP":432828766046.27,"HKSK_MARKET_CAP":65640149300,"PE_TTM":11.841182127882,"PB_TTM":0.87037525378,"REPORT_DATE_SQ":"2022-12-31 00:00:00","REPORT_TYPE_SQ":"2022年年报","OPERATE_INCOME_SQ":481448000000,"DPS_HKD":0.281103,"OPERATE_INCOME_QOQ_SQ":2.15471055161,"NET_PROFIT_RATIO_SQ":5.748492049,"HOLDER_PROFIT_SQ":27593000000,"HOLDER_PROFIT_QOQ_SQ":1.579296127227,"ROE_AVG_SQ":6.411258795934,"PE_TTM_SQ":9.841416908992,"PB_TTM_SQ":0.68431532514,"ROA_SQ":3.515184097146,"START_DATE":"2023-01-01 00:00:00","FISCAL_YEAR":"12-31","CURRENCY":"HKD","IS_CNY_CODE":0,"DPS_HKD_LY":0.241589,"ORG_TYPE":"一般企业","PREMIUM_INCOME":null,"PREMIUM_INCOME_YOY":null,"NET_INTEREST_INCOME":null,"NET_INTEREST_INCOME_YOY":null,"FEE_COMMISSION_INCOME":null,"FEE_COMMISSION_INCOME_YOY":null,"ACCOUNTS_RECE_TDAYS":18.171720745904,"INVENTORY_TDAYS":46.294660894661,"CURRENT_ASSETS_TDAYS":3.324654053442,"TOTAL_ASSETS_TDAYS":0.62494341386,"PREMIUM_EXPENSE":null,"LOAN_DEPOSIT":null,"LOAN_EQUITY":null,"LOAN_ASSETS":null,"DEPOSIT_EQUITY":null,"DEPOSIT_ASSETS":null,"EQUITY_MULTIPLIER":1.869131666694,"EQUITY_RATIO":0.877453570122},{"SECUCODE":"00728.HK","SECURITY_CODE":"00728","SECURITY_NAME_ABBR":"中国电信","ORG_CODE":"10071374","STD_REPORT_DATE":"2023-09-30 00:00:00","REPORT_DATE":"2023-09-30 00:00:00","DATE_TYPE_CODE":"004","REPORT_TYPE":"2023年三季报","PER_NETCASH_OPERATE":1.227554501179,"PER_OI":4.199169654555,"BPS":4.800587213692,"BASIC_EPS":0.3,"DILUTED_EPS":0.3,"OPERATE_INCOME":384254000000,"OPERATE_INCOME_YOY":6.4468588461,"GROSS_PROFIT":269834000000,"GROSS_PROFIT_YOY":5.990164346542,"HOLDER_PROFIT":27101000000,"HOLDER_PROFIT_YOY":10.4225237339,"GROSS_PROFIT_RATIO":70.222821362953,"EPS_TTM":0.329493419078,"OPERATE_INCOME_QOQ":0.985808124564,"NET_PROFIT_RATIO":7.0638171626,"ROE_AVG":6.220269756948,"GROSS_PROFIT_QOQ":0.839391917459,"ROA":3.298371078613,"HOLDER_PROFIT_QOQ":2.362926498048,"ROE_YEARLY":8.293693009264,"ROIC_YEARLY":3.685130164601,"TOTAL_ASSETS":835598000000,"TOTAL_LIABILITIES":391932000000,"TAX_EBT":22.479579596733,"OCF_SALES":29.233267578217,"TOTAL_PARENT_EQUITY":439288000000,"DEBT_ASSET_RATIO":46.9043726768,"OPERATE_PROFIT":33837000000,"PRETAX_PROFIT":35014000000,"NETCASH_OPERATE":112330000000,"NETCASH_INVEST":-61612000000,"NETCASH_FINANCE":-40791000000,"END_CASH":82445000000,"DIVI_RATIO":0.776703669275,"DIVIDEND_RATE":5.942980972516,"CURRENT_RATIO":0.58765304385,"COMMON_ACS":null,"CURRENTDEBT_DEBT":79.418623638795,"ISSUED_COMMON_SHARES":91507138699,"HK_COMMON_SHARES":13877410000,"PER_SHARES":2000,"TOTAL_MARKET_CAP":432828766046.27,"HKSK_MARKET_CAP":65640149300,"PE_TTM":11.841182127882,"PB_TTM":0.87037525378,"REPORT_DATE_SQ":"2022-09-30 00:00:00","REPORT_TYPE_SQ":"2022年三季报","OPERATE_INCOME_SQ":360982000000,"DPS_HKD":0.281103,"OPERATE_INCOME_QOQ_SQ":1.871673936632,"NET_PROFIT_RATIO_SQ":6.824994044,"HOLDER_PROFIT_SQ":24543000000,"HOLDER_PROFIT_QOQ_SQ":2.5211352657,"ROE_AVG_SQ":5.736248942406,"PE_TTM_SQ":9.841416908992,"PB_TTM_SQ":0.68431532514,"ROA_SQ":3.173334833178,"START_DATE":"2023-01-01 00:00:00","FISCAL_YEAR":"12-31","CURRENCY":"HKD","IS_CNY_CODE":0,"DPS_HKD_LY":0.241589,"ORG_TYPE":"一般企业","PREMIUM_INCOME":null,"PREMIUM_INCOME_YOY":null,"NET_INTEREST_INCOME":null,"NET_INTEREST_INCOME_YOY":null,"FEE_COMMISSION_INCOME":null,"FEE_COMMISSION_INCOME_YOY":null,"ACCOUNTS_RECE_TDAYS":10.037196666928,"INVENTORY_TDAYS":26.833958724203,"CURRENT_ASSETS_TDAYS":2.372018803108,"TOTAL_ASSETS_TDAYS":0.46766255136,"PREMIUM_EXPENSE":null,"LOAN_DEPOSIT":null,"LOAN_EQUITY":null,"LOAN_ASSETS":null,"DEPOSIT_EQUITY":null,"DEPOSIT_ASSETS":null,"EQUITY_MULTIPLIER":1.883394265055,"EQUITY_RATIO":0.892198284497},{"SECUCODE":"00728.HK","SECURITY_CODE":"00728","SECURITY_NAME_ABBR":"中国电信","ORG_CODE":"10071374","STD_REPORT_DATE":"2023-06-30 00:00:00","REPORT_DATE":"2023-06-30 00:00:00","DATE_TYPE_CODE":"002","REPORT_TYPE":"2023年中报","PER_NETCASH_OPERATE":0.716184561464,"PER_OI":2.848564644311,"BPS":4.869215739175,"BASIC_EPS":0.22,"DILUTED_EPS":0.22,"OPERATE_INCOME":260664000000,"OPERATE_INCOME_YOY":7.5705990863,"GROSS_PROFIT":184612000000,"GROSS_PROFIT_YOY":7.165579213783,"HOLDER_PROFIT":20153000000,"HOLDER_PROFIT_YOY":10.1798698814,"GROSS_PROFIT_RATIO":70.823742442378,"EPS_TTM":0.321887455108,"OPERATE_INCOME_QOQ":1.499978676176,"NET_PROFIT_RATIO":7.7394653654,"ROE_AVG":4.592454683322,"GROSS_PROFIT_QOQ":1.424084935343,"ROA":2.4456277714,"HOLDER_PROFIT_QOQ":3.883050010581,"ROE_YEARLY":9.184909366643,"ROIC_YEARLY":5.480770865133,"TOTAL_ASSETS":840386000000,"TOTAL_LIABILITIES":390459000000,"TAX_EBT":22.941176470588,"OCF_SALES":25.14194518614,"TOTAL_PARENT_EQUITY":445568000000,"DEBT_ASSET_RATIO":46.461863953,"OPERATE_PROFIT":25508000000,"PRETAX_PROFIT":26180000000,"NETCASH_OPERATE":65536000000,"NETCASH_INVEST":-32978000000,"NETCASH_FINANCE":-21401000000,"END_CASH":83698000000,"DIVI_RATIO":0.795056606088,"DIVIDEND_RATE":5.942980972516,"CURRENT_RATIO":0.59071021621,"COMMON_ACS":null,"CURRENTDEBT_DEBT":78.262506434735,"ISSUED_COMMON_SHARES":91507138699,"HK_COMMON_SHARES":13877410000,"PER_SHARES":2000,"TOTAL_MARKET_CAP":432828766046.27,"HKSK_MARKET_CAP":65640149300,"PE_TTM":11.841182127882,"PB_TTM":0.87037525378,"REPORT_DATE_SQ":"2022-06-30 00:00:00","REPORT_TYPE_SQ":"2022年中报","OPERATE_INCOME_SQ":242319000000,"DPS_HKD":0.281103,"OPERATE_INCOME_QOQ_SQ":2.282957630641,"NET_PROFIT_RATIO_SQ":7.5739005196,"HOLDER_PROFIT_SQ":18291000000,"HOLDER_PROFIT_QOQ_SQ":-0.875420875421,"ROE_AVG_SQ":4.252375992709,"PE_TTM_SQ":9.841416908992,"PB_TTM_SQ":0.68431532514,"ROA_SQ":2.366108417207,"START_DATE":"2023-01-01 00:00:00","FISCAL_YEAR":"12-31","CURRENCY":"HKD","IS_CNY_CODE":0,"DPS_HKD_LY":0.241589,"ORG_TYPE":"一般企业","PREMIUM_INCOME":null,"PREMIUM_INCOME_YOY":null,"NET_INTEREST_INCOME":null,"NET_INTEREST_INCOME_YOY":null,"FEE_COMMISSION_INCOME":null,"FEE_COMMISSION_INCOME_YOY":null,"ACCOUNTS_RECE_TDAYS":7.338100332189,"INVENTORY_TDAYS":18.187731675236,"CURRENT_ASSETS_TDAYS":1.621130470205,"TOTAL_ASSETS_TDAYS":0.316323682531,"PREMIUM_EXPENSE":null,"LOAN_DEPOSIT":null,"LOAN_EQUITY":null,"LOAN_ASSETS":null,"DEPOSIT_EQUITY":null,"DEPOSIT_ASSETS":null,"EQUITY_MULTIPLIER":1.867827447564,"EQUITY_RATIO":0.876317419563},{"SECUCODE":"00728.HK","SECURITY_CODE":"00728","SECURITY_NAME_ABBR":"中国电信","ORG_CODE":"10071374","STD_REPORT_DATE":"2023-03-31 00:00:00","REPORT_DATE":"2023-03-31 00:00:00","DATE_TYPE_CODE":"003","REPORT_TYPE":"2023年一季报","PER_NETCASH_OPERATE":0.308336599758,"PER_OI":1.427079918099,"BPS":4.808204105772,"BASIC_EPS":0.09,"DILUTED_EPS":0.09,"OPERATE_INCOME":130588000000,"OPERATE_INCOME_YOY":9.1608222087,"GROSS_PROFIT":91802000000,"GROSS_PROFIT_YOY":8.874630866116,"HOLDER_PROFIT":7984000000,"HOLDER_PROFIT_YOY":10.5357884536,"GROSS_PROFIT_RATIO":70.298955493614,"EPS_TTM":0.30985560693,"OPERATE_INCOME_QOQ":2.276258287499,"NET_PROFIT_RATIO":6.1046956841,"ROE_AVG":1.83103727436,"GROSS_PROFIT_QOQ":2.241365366817,"ROA":0.978818821666,"HOLDER_PROFIT_QOQ":2.757945855833,"ROE_YEARLY":7.324149097439,"ROIC_YEARLY":4.354706201188,"TOTAL_ASSETS":823656000000,"TOTAL_LIABILITIES":379345000000,"TAX_EBT":22.496597316741,"OCF_SALES":21.606120011027,"TOTAL_PARENT_EQUITY":439985000000,"DEBT_ASSET_RATIO":46.0562419262,"OPERATE_PROFIT":10002000000,"PRETAX_PROFIT":10286000000,"NETCASH_OPERATE":28215000000,"NETCASH_INVEST":-15943000000,"NETCASH_FINANCE":-9977000000,"END_CASH":74642000000,"DIVI_RATIO":0.825929051714,"DIVIDEND_RATE":5.942980972516,"CURRENT_RATIO":0.55882101666,"COMMON_ACS":null,"CURRENTDEBT_DEBT":77.13954315992,"ISSUED_COMMON_SHARES":91507138699,"HK_COMMON_SHARES":13877410000,"PER_SHARES":2000,"TOTAL_MARKET_CAP":432828766046.27,"HKSK_MARKET_CAP":65640149300,"PE_TTM":11.841182127882,"PB_TTM":0.87037525378,"REPORT_DATE_SQ":"2022-03-31 00:00:00","REPORT_TYPE_SQ":"2022年一季报","OPERATE_INCOME_SQ":119629000000,"DPS_HKD":0.281103,"OPERATE_INCOME_QOQ_SQ":2.902045719278,"NET_PROFIT_RATIO_SQ":6.0721062619,"HOLDER_PROFIT_SQ":7223000000,"HOLDER_PROFIT_QOQ_SQ":3.013719747187,"ROE_AVG_SQ":1.671282766791,"PE_TTM_SQ":9.841416908992,"PB_TTM_SQ":0.68431532514,"ROA_SQ":0.943948561795,"START_DATE":"2023-01-01 00:00:00","FISCAL_YEAR":"12-31","CURRENCY":"HKD","IS_CNY_CODE":0,"DPS_HKD_LY":0.241589,"ORG_TYPE":"一般企业","PREMIUM_INCOME":null,"PREMIUM_INCOME_YOY":null,"NET_INTEREST_INCOME":null,"NET_INTEREST_INCOME_YOY":null,"FEE_COMMISSION_INCOME":null,"FEE_COMMISSION_INCOME_YOY":null,"ACCOUNTS_RECE_TDAYS":4.015250745626,"INVENTORY_TDAYS":9.323557692308,"CURRENT_ASSETS_TDAYS":0.857447709597,"TOTAL_ASSETS_TDAYS":0.160097685726,"PREMIUM_EXPENSE":null,"LOAN_DEPOSIT":null,"LOAN_EQUITY":null,"LOAN_ASSETS":null,"DEPOSIT_EQUITY":null,"DEPOSIT_ASSETS":null,"EQUITY_MULTIPLIER":1.853782598224,"EQUITY_RATIO":0.862177119675},{"SECUCODE":"00728.HK","SECURITY_CODE":"00728","SECURITY_NAME_ABBR":"中国电信","ORG_CODE":"10071374","STD_REPORT_DATE":"2022-12-31 00:00:00","REPORT_DATE":"2022-12-31 00:00:00","DATE_TYPE_CODE":"001","REPORT_TYPE":"2022年年报","PER_NETCASH_OPERATE":1.49094378799,"PER_OI":5.261316295592,"BPS":4.721915755899,"BASIC_EPS":0.3,"DILUTED_EPS":0.3,"OPERATE_INCOME":481448000000,"OPERATE_INCOME_YOY":9.5312738168,"GROSS_PROFIT":333859000000,"GROSS_PROFIT_YOY":9.028356078939,"HOLDER_PROFIT":27593000000,"HOLDER_PROFIT_YOY":6.3355042584,"GROSS_PROFIT_RATIO":69.344768282348,"EPS_TTM":0.301539315864,"OPERATE_INCOME_QOQ":2.15471055161,"NET_PROFIT_RATIO":5.748492049,"ROE_AVG":6.411258795934,"GROSS_PROFIT_QOQ":1.702252102683,"ROA":3.515184097146,"HOLDER_PROFIT_QOQ":1.579296127227,"ROE_YEARLY":6.411258795934,"ROIC_YEARLY":3.909492132985,"TOTAL_ASSETS":807698000000,"TOTAL_LIABILITIES":371271000000,"TAX_EBT":22.50658005264,"OCF_SALES":28.337847493395,"TOTAL_PARENT_EQUITY":432089000000,"DEBT_ASSET_RATIO":45.9665617595,"OPERATE_PROFIT":33427000000,"PRETAX_PROFIT":35714000000,"NETCASH_OPERATE":136432000000,"NETCASH_INVEST":-96796000000,"NETCASH_FINANCE":-40906000000,"END_CASH":72465000000,"DIVI_RATIO":0.848707727768,"DIVIDEND_RATE":5.942980972516,"CURRENT_RATIO":0.500722304845,"COMMON_ACS":null,"CURRENTDEBT_DEBT":75.884461754352,"ISSUED_COMMON_SHARES":91507138699,"HK_COMMON_SHARES":13877410000,"PER_SHARES":2000,"TOTAL_MARKET_CAP":432828766046.27,"HKSK_MARKET_CAP":65640149300,"PE_TTM":11.841182127882,"PB_TTM":0.87037525378,"REPORT_DATE_SQ":"2021-12-31 00:00:00","REPORT_TYPE_SQ":"2021年年报","OPERATE_INCOME_SQ":439553000000,"DPS_HKD":0.281103,"OPERATE_INCOME_QOQ_SQ":2.176722735176,"NET_PROFIT_RATIO_SQ":5.9487842167,"HOLDER_PROFIT_SQ":25949000000,"HOLDER_PROFIT_QOQ_SQ":1.872717993012,"ROE_AVG_SQ":6.551449888276,"PE_TTM_SQ":9.841416908992,"PB_TTM_SQ":0.68431532514,"ROA_SQ":3.512823810523,"START_DATE":"2022-01-01 00:00:00","FISCAL_YEAR":"12-31","CURRENCY":"HKD","IS_CNY_CODE":0,"DPS_HKD_LY":0.336734,"ORG_TYPE":"一般企业","PREMIUM_INCOME":null,"PREMIUM_INCOME_YOY":null,"NET_INTEREST_INCOME":null,"NET_INTEREST_INCOME_YOY":null,"FEE_COMMISSION_INCOME":null,"FEE_COMMISSION_INCOME_YOY":null,"ACCOUNTS_RECE_TDAYS":20.618316524271,"INVENTORY_TDAYS":40.214986376022,"CURRENT_ASSETS_TDAYS":3.587113309889,"TOTAL_ASSETS_TDAYS":0.613336119017,"PREMIUM_EXPENSE":null,"LOAN_DEPOSIT":null,"LOAN_EQUITY":null,"LOAN_ASSETS":null,"DEPOSIT_EQUITY":null,"DEPOSIT_ASSETS":null,"EQUITY_MULTIPLIER":1.850705845423,"EQUITY_RATIO":0.859246590402},{"SECUCODE":"00728.HK","SECURITY_CODE":"00728","SECURITY_NAME_ABBR":"中国电信","ORG_CODE":"10071374","STD_REPORT_DATE":"2022-09-30 00:00:00","REPORT_DATE":"2022-09-30 00:00:00","DATE_TYPE_CODE":"004","REPORT_TYPE":"2022年三季报","PER_NETCASH_OPERATE":1.267857367736,"PER_OI":3.944850698342,"BPS":4.666717876566,"BASIC_EPS":0.27,"DILUTED_EPS":0.27,"OPERATE_INCOME":360982000000,"OPERATE_INCOME_YOY":9.6406583627,"GROSS_PROFIT":254584000000,"GROSS_PROFIT_YOY":9.487663585968,"HOLDER_PROFIT":24543000000,"HOLDER_PROFIT_YOY":5.2128434861,"GROSS_PROFIT_RATIO":70.525400158457,"EPS_TTM":0.296851157038,"OPERATE_INCOME_QOQ":1.871673936632,"NET_PROFIT_RATIO":6.824994044,"ROE_AVG":5.736248942406,"GROSS_PROFIT_QOQ":1.584712981587,"ROA":3.173334833178,"HOLDER_PROFIT_QOQ":2.5211352657,"ROE_YEARLY":7.648331923208,"ROIC_YEARLY":3.548945676968,"TOTAL_ASSETS":784593000000,"TOTAL_LIABILITIES":354996000000,"TAX_EBT":22.600609468757,"OCF_SALES":32.139552664676,"TOTAL_PARENT_EQUITY":427038000000,"DEBT_ASSET_RATIO":45.2458790736,"OPERATE_PROFIT":30317000000,"PRETAX_PROFIT":31831000000,"NETCASH_OPERATE":116018000000,"NETCASH_INVEST":-68057000000,"NETCASH_FINANCE":-42314000000,"END_CASH":79412000000,"DIVI_RATIO":0.862111336044,"DIVIDEND_RATE":5.942980972516,"CURRENT_RATIO":0.544670299084,"COMMON_ACS":null,"CURRENTDEBT_DEBT":83.495306989375,"ISSUED_COMMON_SHARES":91507138699,"HK_COMMON_SHARES":13877410000,"PER_SHARES":2000,"TOTAL_MARKET_CAP":432828766046.27,"HKSK_MARKET_CAP":65640149300,"PE_TTM":11.841182127882,"PB_TTM":0.87037525378,"REPORT_DATE_SQ":"2021-09-30 00:00:00","REPORT_TYPE_SQ":"2021年三季报","OPERATE_INCOME_SQ":329241000000,"DPS_HKD":0.281103,"OPERATE_INCOME_QOQ_SQ":2.671392260051,"NET_PROFIT_RATIO_SQ":7.1181900189,"HOLDER_PROFIT_SQ":23327000000,"HOLDER_PROFIT_QOQ_SQ":3.355786398312,"ROE_AVG_SQ":5.908097388503,"PE_TTM_SQ":9.841416908992,"PB_TTM_SQ":0.68431532514,"ROA_SQ":3.15578571989,"START_DATE":"2022-01-01 00:00:00","FISCAL_YEAR":"12-31","CURRENCY":"HKD","IS_CNY_CODE":0,"DPS_HKD_LY":0.336734,"ORG_TYPE":"一般企业","PREMIUM_INCOME":null,"PREMIUM_INCOME_YOY":null,"NET_INTEREST_INCOME":null,"NET_INTEREST_INCOME_YOY":null,"FEE_COMMISSION_INCOME":null,"FEE_COMMISSION_INCOME_YOY":null,"ACCOUNTS_RECE_TDAYS":11.672255185682,"INVENTORY_TDAYS":24.672,"CURRENT_ASSETS_TDAYS":2.499849378296,"TOTAL_ASSETS_TDAYS":0.466738685063,"PREMIUM_EXPENSE":null,"LOAN_DEPOSIT":null,"LOAN_EQUITY":null,"LOAN_ASSETS":null,"DEPOSIT_EQUITY":null,"DEPOSIT_ASSETS":null,"EQUITY_MULTIPLIER":1.826346552699,"EQUITY_RATIO":0.831298385624}],"count":77},"success":true,"message":"ok","code":0}