{"version":"74b0253687030df20db0bfb666b93245","result":{"pages":6,"data":[{"SECUCODE":"00731.HK","SECURITY_CODE":"00731","SECURITY_NAME_ABBR":"建发新胜","ORG_CODE":"10009090","STD_REPORT_DATE":"2024-06-30 00:00:00","REPORT_DATE":"2024-06-30 00:00:00","DATE_TYPE_CODE":"002","REPORT_TYPE":"2024年中报","PER_NETCASH_OPERATE":0.002521385086,"PER_OI":0.428779986127,"BPS":0.09143440419,"BASIC_EPS":-0.02190432,"DILUTED_EPS":-0.02190432,"OPERATE_INCOME":606552525.12,"OPERATE_INCOME_YOY":11.9682181866,"GROSS_PROFIT":12014519.52,"GROSS_PROFIT_YOY":139.00860596015,"HOLDER_PROFIT":-30859536.16,"HOLDER_PROFIT_YOY":67.3739566749,"GROSS_PROFIT_RATIO":1.980787981655,"EPS_TTM":-0.036780313742,"OPERATE_INCOME_QOQ":4.77029832924,"NET_PROFIT_RATIO":-5.0876939559,"ROE_AVG":-21.056105816086,"GROSS_PROFIT_QOQ":234.920197011549,"ROA":-2.960963740629,"HOLDER_PROFIT_QOQ":55.423437325479,"ROE_YEARLY":-42.112211632172,"ROIC_YEARLY":-6.069423564521,"TOTAL_ASSETS":1013906251.48,"TOTAL_LIABILITIES":884563067.24,"TAX_EBT":0.535388597988,"OCF_SALES":0.588037027674,"TOTAL_PARENT_EQUITY":129343184.24,"DEBT_ASSET_RATIO":87.2430824792,"OPERATE_PROFIT":-20513395.68,"PRETAX_PROFIT":-31025643.92,"NETCASH_OPERATE":3566753.44,"NETCASH_INVEST":-1663815.64,"NETCASH_FINANCE":-742008.84,"END_CASH":25636268.52,"DIVI_RATIO":null,"DIVIDEND_RATE":null,"CURRENT_RATIO":0.488936862375,"COMMON_ACS":2000000000,"CURRENTDEBT_DEBT":51.761207520071,"ISSUED_COMMON_SHARES":1414600832,"HK_COMMON_SHARES":1414600832,"PER_SHARES":20000,"TOTAL_MARKET_CAP":315455985.536,"HKSK_MARKET_CAP":315455985.536,"PE_TTM":-5.348978135413,"PB_TTM":2.225941556725,"REPORT_DATE_SQ":"2023-06-30 00:00:00","REPORT_TYPE_SQ":"2023年中报","OPERATE_INCOME_SQ":547238463.06,"DPS_HKD":null,"OPERATE_INCOME_QOQ_SQ":0,"NET_PROFIT_RATIO_SQ":-17.4602853691,"HOLDER_PROFIT_SQ":-95549397.3,"HOLDER_PROFIT_QOQ_SQ":0,"ROE_AVG_SQ":-39.925031012351,"PE_TTM_SQ":0.106530498202,"PB_TTM_SQ":1.217330659572,"ROA_SQ":-8.318180121689,"START_DATE":"2024-01-01 00:00:00","FISCAL_YEAR":"12-31","CURRENCY":"HKD","IS_CNY_CODE":0,"DPS_HKD_LY":null,"ORG_TYPE":"一般企业","PREMIUM_INCOME":null,"PREMIUM_INCOME_YOY":null,"NET_INTEREST_INCOME":null,"NET_INTEREST_INCOME_YOY":null,"FEE_COMMISSION_INCOME":null,"FEE_COMMISSION_INCOME_YOY":null,"ACCOUNTS_RECE_TDAYS":17.300117141742,"INVENTORY_TDAYS":3.526803479052,"CURRENT_ASSETS_TDAYS":2.649048436183,"TOTAL_ASSETS_TDAYS":0.581985427245,"PREMIUM_EXPENSE":null,"LOAN_DEPOSIT":null,"LOAN_EQUITY":null,"LOAN_ASSETS":null,"DEPOSIT_EQUITY":null,"DEPOSIT_ASSETS":null,"EQUITY_MULTIPLIER":7.838884263142,"EQUITY_RATIO":6.838884263114},{"SECUCODE":"00731.HK","SECURITY_CODE":"00731","SECURITY_NAME_ABBR":"建发新胜","ORG_CODE":"10009090","STD_REPORT_DATE":"2023-12-31 00:00:00","REPORT_DATE":"2023-12-31 00:00:00","DATE_TYPE_CODE":"001","REPORT_TYPE":"2023年年报","PER_NETCASH_OPERATE":-0.030980969634,"PER_OI":0.87897843039,"BPS":0.114954573602,"BASIC_EPS":-0.08246602,"DILUTED_EPS":-0.08246602,"OPERATE_INCOME":1243403618.94,"OPERATE_INCOME_YOY":null,"GROSS_PROFIT":-18224990.42,"GROSS_PROFIT_YOY":null,"HOLDER_PROFIT":-116719323.56,"HOLDER_PROFIT_YOY":null,"GROSS_PROFIT_RATIO":-1.465734065945,"EPS_TTM":-0.082510430448,"OPERATE_INCOME_QOQ":-12.863190801035,"NET_PROFIT_RATIO":-9.3870825034,"ROE_AVG":-52.015217110364,"GROSS_PROFIT_QOQ":-136.464346100418,"ROA":-10.34543277794,"HOLDER_PROFIT_QOQ":-106.22688430689,"ROE_YEARLY":-52.015217110364,"ROIC_YEARLY":-10.515671901043,"TOTAL_ASSETS":1062941686.8,"TOTAL_LIABILITIES":900326851.34,"TAX_EBT":0.558978397492,"OCF_SALES":-3.524656415055,"TOTAL_PARENT_EQUITY":162614835.46,"DEBT_ASSET_RATIO":84.7014340034,"OPERATE_PROFIT":-97967819.32,"PRETAX_PROFIT":-117375426.84,"NETCASH_OPERATE":-43825705.42,"NETCASH_INVEST":-16186901.64,"NETCASH_FINANCE":72863712.88,"END_CASH":24841302.64,"DIVI_RATIO":null,"DIVIDEND_RATE":null,"CURRENT_RATIO":0.696933135506,"COMMON_ACS":2000000000,"CURRENTDEBT_DEBT":37.04067551286,"ISSUED_COMMON_SHARES":1414600832,"HK_COMMON_SHARES":1414600832,"PER_SHARES":20000,"TOTAL_MARKET_CAP":339504199.68,"HKSK_MARKET_CAP":339504199.68,"PE_TTM":-5.756747769055,"PB_TTM":2.395632168673,"REPORT_DATE_SQ":"2022-12-31 00:00:00","REPORT_TYPE_SQ":"2022年年报","OPERATE_INCOME_SQ":null,"DPS_HKD":null,"OPERATE_INCOME_QOQ_SQ":0,"NET_PROFIT_RATIO_SQ":null,"HOLDER_PROFIT_SQ":null,"HOLDER_PROFIT_QOQ_SQ":0,"ROE_AVG_SQ":null,"PE_TTM_SQ":0.107139243906,"PB_TTM_SQ":1.22428683477,"ROA_SQ":null,"START_DATE":"2023-01-01 00:00:00","FISCAL_YEAR":"12-31","CURRENCY":"HKD","IS_CNY_CODE":0,"DPS_HKD_LY":null,"ORG_TYPE":"一般企业","PREMIUM_INCOME":null,"PREMIUM_INCOME_YOY":null,"NET_INTEREST_INCOME":null,"NET_INTEREST_INCOME_YOY":null,"FEE_COMMISSION_INCOME":null,"FEE_COMMISSION_INCOME_YOY":null,"ACCOUNTS_RECE_TDAYS":28.54895392266,"INVENTORY_TDAYS":6.463298344003,"CURRENT_ASSETS_TDAYS":4.728071868173,"TOTAL_ASSETS_TDAYS":1.102092452496,"PREMIUM_EXPENSE":null,"LOAN_DEPOSIT":null,"LOAN_EQUITY":null,"LOAN_ASSETS":null,"DEPOSIT_EQUITY":null,"DEPOSIT_ASSETS":null,"EQUITY_MULTIPLIER":6.536560356194,"EQUITY_RATIO":5.536560356213},{"SECUCODE":"00731.HK","SECURITY_CODE":"00731","SECURITY_NAME_ABBR":"建发新胜","ORG_CODE":"10009090","STD_REPORT_DATE":"2023-06-30 00:00:00","REPORT_DATE":"2023-06-30 00:00:00","DATE_TYPE_CODE":"002","REPORT_TYPE":"2023年中报","PER_NETCASH_OPERATE":-0.029032641697,"PER_OI":0.386850092748,"BPS":0.132541227588,"BASIC_EPS":-0.06730454,"DILUTED_EPS":-0.06730454,"OPERATE_INCOME":547238463.06,"OPERATE_INCOME_YOY":-17.8122196005,"GROSS_PROFIT":-30799663.88,"GROSS_PROFIT_YOY":-243.423252958748,"HOLDER_PROFIT":-95549397.3,"HOLDER_PROFIT_YOY":-48.0711530219,"GROSS_PROFIT_RATIO":-5.628197935463,"EPS_TTM":1.32506766436,"OPERATE_INCOME_QOQ":0,"NET_PROFIT_RATIO":-17.4602853691,"ROE_AVG":-39.925031012351,"GROSS_PROFIT_QOQ":0,"ROA":-8.318180121689,"HOLDER_PROFIT_QOQ":0,"ROE_YEARLY":-79.850062024702,"ROIC_YEARLY":-16.823979710899,"TOTAL_ASSETS":1083107068.76,"TOTAL_LIABILITIES":895614137.94,"TAX_EBT":null,"OCF_SALES":-7.504881669017,"TOTAL_PARENT_EQUITY":187492930.82,"DEBT_ASSET_RATIO":82.6893447354,"OPERATE_PROFIT":-85705416.84,"PRETAX_PROFIT":-95549397.3,"NETCASH_OPERATE":-41069599.1,"NETCASH_INVEST":-9601499.72,"NETCASH_FINANCE":54271430.72,"END_CASH":13728282.2,"DIVI_RATIO":null,"DIVIDEND_RATE":null,"CURRENT_RATIO":0.620254939069,"COMMON_ACS":2000000000,"CURRENTDEBT_DEBT":41.122788379282,"ISSUED_COMMON_SHARES":1414600832,"HK_COMMON_SHARES":1414600832,"PER_SHARES":20000,"TOTAL_MARKET_CAP":339504199.68,"HKSK_MARKET_CAP":339504199.68,"PE_TTM":-5.756747769055,"PB_TTM":2.395632168673,"REPORT_DATE_SQ":"2022-06-30 00:00:00","REPORT_TYPE_SQ":"2022年中报","OPERATE_INCOME_SQ":653172096.96,"DPS_HKD":null,"OPERATE_INCOME_QOQ_SQ":0,"NET_PROFIT_RATIO_SQ":-9.6914359775,"HOLDER_PROFIT_SQ":-63301755.6,"HOLDER_PROFIT_QOQ_SQ":0,"ROE_AVG_SQ":-15.572019757042,"PE_TTM_SQ":0.107139243906,"PB_TTM_SQ":1.22428683477,"ROA_SQ":-4.738149379992,"START_DATE":"2023-01-01 00:00:00","FISCAL_YEAR":"12-31","CURRENCY":"HKD","IS_CNY_CODE":0,"DPS_HKD_LY":null,"ORG_TYPE":"一般企业","PREMIUM_INCOME":null,"PREMIUM_INCOME_YOY":null,"NET_INTEREST_INCOME":null,"NET_INTEREST_INCOME_YOY":null,"FEE_COMMISSION_INCOME":null,"FEE_COMMISSION_INCOME_YOY":null,"ACCOUNTS_RECE_TDAYS":9.93799916283,"INVENTORY_TDAYS":3.059225084599,"CURRENT_ASSETS_TDAYS":2.07643546068,"TOTAL_ASSETS_TDAYS":0.476405737124,"PREMIUM_EXPENSE":null,"LOAN_DEPOSIT":null,"LOAN_EQUITY":null,"LOAN_ASSETS":null,"DEPOSIT_EQUITY":null,"DEPOSIT_ASSETS":null,"EQUITY_MULTIPLIER":5.776788831587,"EQUITY_RATIO":4.776788831574},{"SECUCODE":"00731.HK","SECURITY_CODE":"00731","SECURITY_NAME_ABBR":"建发新胜","ORG_CODE":"10009090","STD_REPORT_DATE":"2022-06-30 00:00:00","REPORT_DATE":"2022-09-30 00:00:00","DATE_TYPE_CODE":"002","REPORT_TYPE":"2022年中报","PER_NETCASH_OPERATE":0.004877042459,"PER_OI":0.46173597681,"BPS":0.249392182317,"BASIC_EPS":-0.04431756,"DILUTED_EPS":-0.04431756,"OPERATE_INCOME":653172096.96,"OPERATE_INCOME_YOY":169.4022807561,"GROSS_PROFIT":-8968427.04,"GROSS_PROFIT_YOY":-145.350029820523,"HOLDER_PROFIT":-63301755.6,"HOLDER_PROFIT_YOY":-142.3883815015,"GROSS_PROFIT_RATIO":-1.373057281801,"EPS_TTM":1.467053506597,"OPERATE_INCOME_QOQ":0,"NET_PROFIT_RATIO":-9.6914359775,"ROE_AVG":-15.572019757042,"GROSS_PROFIT_QOQ":0,"ROA":-4.738149379992,"HOLDER_PROFIT_QOQ":0,"ROE_YEARLY":-31.144039514084,"ROIC_YEARLY":-9.746329460471,"TOTAL_ASSETS":1245881475.48,"TOTAL_LIABILITIES":893091086.88,"TAX_EBT":-0.496812360002,"OCF_SALES":1.056240514883,"TOTAL_PARENT_EQUITY":352790388.6,"DEBT_ASSET_RATIO":71.683471057,"OPERATE_PROFIT":-56428916.04,"PRETAX_PROFIT":-62988819.36,"NETCASH_OPERATE":6899068.32,"NETCASH_INVEST":-29846.52,"NETCASH_FINANCE":61334598.6,"END_CASH":69260206.32,"DIVI_RATIO":null,"DIVIDEND_RATE":null,"CURRENT_RATIO":0.950251934197,"COMMON_ACS":2000000000,"CURRENTDEBT_DEBT":42.488546278705,"ISSUED_COMMON_SHARES":1414600832,"HK_COMMON_SHARES":1414600832,"PER_SHARES":20000,"TOTAL_MARKET_CAP":339504199.68,"HKSK_MARKET_CAP":339504199.68,"PE_TTM":-5.756747769055,"PB_TTM":2.395632168673,"REPORT_DATE_SQ":"2021-06-30 00:00:00","REPORT_TYPE_SQ":"2021年中报","OPERATE_INCOME_SQ":223317561.14,"DPS_HKD":null,"OPERATE_INCOME_QOQ_SQ":0,"NET_PROFIT_RATIO_SQ":61.1810390505,"HOLDER_PROFIT_SQ":137551534.96,"HOLDER_PROFIT_QOQ_SQ":0,"ROE_AVG_SQ":-7.954761976454,"PE_TTM_SQ":0.107139243906,"PB_TTM_SQ":1.22428683477,"ROA_SQ":10.4084265415,"START_DATE":"2022-04-01 00:00:00","FISCAL_YEAR":"3-31","CURRENCY":"HKD","IS_CNY_CODE":0,"DPS_HKD_LY":null,"ORG_TYPE":"一般企业","PREMIUM_INCOME":null,"PREMIUM_INCOME_YOY":null,"NET_INTEREST_INCOME":null,"NET_INTEREST_INCOME_YOY":null,"FEE_COMMISSION_INCOME":null,"FEE_COMMISSION_INCOME_YOY":null,"ACCOUNTS_RECE_TDAYS":7.12989994027,"INVENTORY_TDAYS":2.461688480905,"CURRENT_ASSETS_TDAYS":1.642772165518,"TOTAL_ASSETS_TDAYS":0.488900653213,"PREMIUM_EXPENSE":null,"LOAN_DEPOSIT":null,"LOAN_EQUITY":null,"LOAN_ASSETS":null,"DEPOSIT_EQUITY":null,"DEPOSIT_ASSETS":null,"EQUITY_MULTIPLIER":3.531506287416,"EQUITY_RATIO":2.531506287414},{"SECUCODE":"00731.HK","SECURITY_CODE":"00731","SECURITY_NAME_ABBR":"建发新胜","ORG_CODE":"10009090","STD_REPORT_DATE":"2021-12-31 00:00:00","REPORT_DATE":"2022-03-31 00:00:00","DATE_TYPE_CODE":"001","REPORT_TYPE":"2021年年报","PER_NETCASH_OPERATE":-0.340437099404,"PER_OI":0.704863936175,"BPS":0.291733529498,"BASIC_EPS":6.06554379,"DILUTED_EPS":6.06554379,"OPERATE_INCOME":997101110.56,"OPERATE_INCOME_YOY":123.5423318327,"GROSS_PROFIT":78724740.7,"GROSS_PROFIT_YOY":270.203435218524,"HOLDER_PROFIT":2075295111.02,"HOLDER_PROFIT_YOY":167.8976449573,"GROSS_PROFIT_RATIO":7.895361851095,"EPS_TTM":-0.191514509053,"OPERATE_INCOME_QOQ":0,"NET_PROFIT_RATIO":208.1328652672,"ROE_AVG":-306.135628421577,"GROSS_PROFIT_QOQ":0,"ROA":191.379514727027,"HOLDER_PROFIT_QOQ":0,"ROE_YEARLY":-306.135628421577,"ROIC_YEARLY":207.079492761247,"TOTAL_ASSETS":1278801379.01,"TOTAL_LIABILITIES":866114885.46,"TAX_EBT":-0.152616417711,"OCF_SALES":-48.298271755964,"TOTAL_PARENT_EQUITY":412686493.55,"DEBT_ASSET_RATIO":67.7286480666,"OPERATE_PROFIT":388706549.87,"PRETAX_PROFIT":382610998.71,"NETCASH_OPERATE":-481582604.06,"NETCASH_INVEST":-175805070.73,"NETCASH_FINANCE":448518537.37,"END_CASH":4277266.74,"DIVI_RATIO":null,"DIVIDEND_RATE":null,"CURRENT_RATIO":0.579483227878,"COMMON_ACS":2000000000,"CURRENTDEBT_DEBT":77.650274452079,"ISSUED_COMMON_SHARES":1414600832,"HK_COMMON_SHARES":1414600832,"PER_SHARES":20000,"TOTAL_MARKET_CAP":339504199.68,"HKSK_MARKET_CAP":339504199.68,"PE_TTM":-5.756747769055,"PB_TTM":2.395632168673,"REPORT_DATE_SQ":"2020-12-31 00:00:00","REPORT_TYPE_SQ":"2020年年报","OPERATE_INCOME_SQ":464838857.84,"DPS_HKD":null,"OPERATE_INCOME_QOQ_SQ":0,"NET_PROFIT_RATIO_SQ":-234.8786326742,"HOLDER_PROFIT_SQ":-3185283957.52,"HOLDER_PROFIT_QOQ_SQ":0,"ROE_AVG_SQ":816.730921344906,"PE_TTM_SQ":0.107139243906,"PB_TTM_SQ":1.22428683477,"ROA_SQ":-108.360263364419,"START_DATE":"2021-04-01 00:00:00","FISCAL_YEAR":"3-31","CURRENCY":"HKD","IS_CNY_CODE":0,"DPS_HKD_LY":null,"ORG_TYPE":"一般企业","PREMIUM_INCOME":null,"PREMIUM_INCOME_YOY":null,"NET_INTEREST_INCOME":null,"NET_INTEREST_INCOME_YOY":null,"FEE_COMMISSION_INCOME":null,"FEE_COMMISSION_INCOME_YOY":null,"ACCOUNTS_RECE_TDAYS":4.275491290483,"INVENTORY_TDAYS":3.831835693294,"CURRENT_ASSETS_TDAYS":1.765068764056,"TOTAL_ASSETS_TDAYS":0.919506462765,"PREMIUM_EXPENSE":null,"LOAN_DEPOSIT":null,"LOAN_EQUITY":null,"LOAN_ASSETS":null,"DEPOSIT_EQUITY":null,"DEPOSIT_ASSETS":null,"EQUITY_MULTIPLIER":3.09872360496,"EQUITY_RATIO":2.098723604956},{"SECUCODE":"00731.HK","SECURITY_CODE":"00731","SECURITY_NAME_ABBR":"建发新胜","ORG_CODE":"10009090","STD_REPORT_DATE":"2021-06-30 00:00:00","REPORT_DATE":"2021-09-30 00:00:00","DATE_TYPE_CODE":"002","REPORT_TYPE":"2021年中报","PER_NETCASH_OPERATE":-0.285553406995,"PER_OI":0.195707906395,"BPS":-1.160592173722,"BASIC_EPS":1.20543782,"DILUTED_EPS":1.08047882,"OPERATE_INCOME":223317561.14,"OPERATE_INCOME_YOY":-87.3272101465,"GROSS_PROFIT":19776011.34,"GROSS_PROFIT_YOY":157.384113302304,"HOLDER_PROFIT":137551534.96,"HOLDER_PROFIT_YOY":105.1283309568,"GROSS_PROFIT_RATIO":8.689385321679,"EPS_TTM":-2.791474398239,"OPERATE_INCOME_QOQ":0,"NET_PROFIT_RATIO":61.1810390505,"ROE_AVG":-7.954761976454,"GROSS_PROFIT_QOQ":0,"ROA":10.4084265415,"HOLDER_PROFIT_QOQ":0,"ROE_YEARLY":-15.909523952907,"ROIC_YEARLY":23.715325890756,"TOTAL_ASSETS":1728910231.38,"TOTAL_LIABILITIES":3368681376.64,"TAX_EBT":-0.049167693852,"OCF_SALES":-144.92832025967,"TOTAL_PARENT_EQUITY":-1641774654.56,"DEBT_ASSET_RATIO":194.8442039094,"OPERATE_PROFIT":364336291.82,"PRETAX_PROFIT":364279643.74,"NETCASH_OPERATE":-325838090.04,"NETCASH_INVEST":-39201304.42,"NETCASH_FINANCE":251464992.42,"END_CASH":156526975.64,"DIVI_RATIO":null,"DIVIDEND_RATE":null,"CURRENT_RATIO":0.261020471351,"COMMON_ACS":2000000000,"CURRENTDEBT_DEBT":89.774327949544,"ISSUED_COMMON_SHARES":1414600832,"HK_COMMON_SHARES":1414600832,"PER_SHARES":20000,"TOTAL_MARKET_CAP":339504199.68,"HKSK_MARKET_CAP":339504199.68,"PE_TTM":-5.756747769055,"PB_TTM":2.395632168673,"REPORT_DATE_SQ":"2020-06-30 00:00:00","REPORT_TYPE_SQ":"2020年中报","OPERATE_INCOME_SQ":1871330899.2,"DPS_HKD":null,"OPERATE_INCOME_QOQ_SQ":0,"NET_PROFIT_RATIO_SQ":-162.3873854837,"HOLDER_PROFIT_SQ":-2829199845.76,"HOLDER_PROFIT_QOQ_SQ":0,"ROE_AVG_SQ":1199.04104513046,"PE_TTM_SQ":0.107139243906,"PB_TTM_SQ":1.22428683477,"ROA_SQ":-74.369443252953,"START_DATE":"2021-04-01 00:00:00","FISCAL_YEAR":"3-31","CURRENCY":"HKD","IS_CNY_CODE":0,"DPS_HKD_LY":null,"ORG_TYPE":"一般企业","PREMIUM_INCOME":null,"PREMIUM_INCOME_YOY":null,"NET_INTEREST_INCOME":null,"NET_INTEREST_INCOME_YOY":null,"FEE_COMMISSION_INCOME":null,"FEE_COMMISSION_INCOME_YOY":null,"ACCOUNTS_RECE_TDAYS":0.534821803541,"INVENTORY_TDAYS":1.118930969819,"CURRENT_ASSETS_TDAYS":0.290175746632,"TOTAL_ASSETS_TDAYS":0.170125037152,"PREMIUM_EXPENSE":null,"LOAN_DEPOSIT":null,"LOAN_EQUITY":null,"LOAN_ASSETS":null,"DEPOSIT_EQUITY":null,"DEPOSIT_ASSETS":null,"EQUITY_MULTIPLIER":-1.054360687086,"EQUITY_RATIO":-2.051853686061},{"SECUCODE":"00731.HK","SECURITY_CODE":"00731","SECURITY_NAME_ABBR":"建发新胜","ORG_CODE":"10009090","STD_REPORT_DATE":"2020-12-31 00:00:00","REPORT_DATE":"2021-03-31 00:00:00","DATE_TYPE_CODE":"001","REPORT_TYPE":"2020年年报","PER_NETCASH_OPERATE":0.154862091579,"PER_OI":0.407368946779,"BPS":-1.302840081194,"BASIC_EPS":-27.91460504,"DILUTED_EPS":-27.91460504,"OPERATE_INCOME":464838857.84,"OPERATE_INCOME_YOY":-60.8505835367,"GROSS_PROFIT":-46253320.68,"GROSS_PROFIT_YOY":-112.380104381043,"HOLDER_PROFIT":-3185283957.52,"HOLDER_PROFIT_YOY":-584.5253793369,"GROSS_PROFIT_RATIO":1.570958682818,"EPS_TTM":-2.952471250002,"OPERATE_INCOME_QOQ":0,"NET_PROFIT_RATIO":-234.8786326742,"ROE_AVG":816.730921344906,"GROSS_PROFIT_QOQ":0,"ROA":-108.360263364419,"HOLDER_PROFIT_QOQ":0,"ROE_YEARLY":816.730921344906,"ROIC_YEARLY":-119.439344687278,"TOTAL_ASSETS":927470105.52,"TOTAL_LIABILITIES":2768436110.44,"TAX_EBT":null,"OCF_SALES":12.202038429485,"TOTAL_PARENT_EQUITY":-1842998662.82,"DEBT_ASSET_RATIO":298.4932984862,"OPERATE_PROFIT":-1222521598.34,"PRETAX_PROFIT":-1230541511.36,"NETCASH_OPERATE":176709389.22,"NETCASH_INVEST":-44853702.6,"NETCASH_FINANCE":-178345657.7,"END_CASH":164865881.88,"DIVI_RATIO":null,"DIVIDEND_RATE":null,"CURRENT_RATIO":0.283591523887,"COMMON_ACS":2000000000,"CURRENTDEBT_DEBT":98.238010134457,"ISSUED_COMMON_SHARES":1414600832,"HK_COMMON_SHARES":1414600832,"PER_SHARES":20000,"TOTAL_MARKET_CAP":339504199.68,"HKSK_MARKET_CAP":339504199.68,"PE_TTM":-5.756747769055,"PB_TTM":2.395632168673,"REPORT_DATE_SQ":"2019-12-31 00:00:00","REPORT_TYPE_SQ":"2019年年报","OPERATE_INCOME_SQ":3999045612,"DPS_HKD":null,"OPERATE_INCOME_QOQ_SQ":0,"NET_PROFIT_RATIO_SQ":-12.4053409371,"HOLDER_PROFIT_SQ":-503052154.2,"HOLDER_PROFIT_QOQ_SQ":0,"ROE_AVG_SQ":-34.222238245247,"PE_TTM_SQ":0.107139243906,"PB_TTM_SQ":1.22428683477,"ROA_SQ":-8.893387367848,"START_DATE":"2020-04-01 00:00:00","FISCAL_YEAR":"3-31","CURRENCY":"HKD","IS_CNY_CODE":0,"DPS_HKD_LY":null,"ORG_TYPE":"一般企业","PREMIUM_INCOME":null,"PREMIUM_INCOME_YOY":null,"NET_INTEREST_INCOME":null,"NET_INTEREST_INCOME_YOY":null,"FEE_COMMISSION_INCOME":null,"FEE_COMMISSION_INCOME_YOY":null,"ACCOUNTS_RECE_TDAYS":0.516898485031,"INVENTORY_TDAYS":2.844128085073,"CURRENT_ASSETS_TDAYS":0.891948793562,"TOTAL_ASSETS_TDAYS":0.492662078678,"PREMIUM_EXPENSE":null,"LOAN_DEPOSIT":null,"LOAN_EQUITY":null,"LOAN_ASSETS":null,"DEPOSIT_EQUITY":null,"DEPOSIT_ASSETS":null,"EQUITY_MULTIPLIER":-0.503795346053,"EQUITY_RATIO":-1.502136798192},{"SECUCODE":"00731.HK","SECURITY_CODE":"00731","SECURITY_NAME_ABBR":"建发新胜","ORG_CODE":"10009090","STD_REPORT_DATE":"2020-06-30 00:00:00","REPORT_DATE":"2020-09-30 00:00:00","DATE_TYPE_CODE":"002","REPORT_TYPE":"2020年中报","PER_NETCASH_OPERATE":0.064132286276,"PER_OI":1.639970679354,"BPS":-1.114861833646,"BASIC_EPS":-2.47974784,"DILUTED_EPS":-2.47974784,"OPERATE_INCOME":1871330899.2,"OPERATE_INCOME_YOY":-29.0619236267,"GROSS_PROFIT":-34462519.68,"GROSS_PROFIT_YOY":-113.002348538936,"HOLDER_PROFIT":-2829199845.76,"HOLDER_PROFIT_YOY":-8004.3601011465,"GROSS_PROFIT_RATIO":-1.841604800879,"EPS_TTM":-0.440857778508,"OPERATE_INCOME_QOQ":0,"NET_PROFIT_RATIO":-162.3873854837,"ROE_AVG":1199.04104513046,"GROSS_PROFIT_QOQ":0,"ROA":-74.369443252953,"HOLDER_PROFIT_QOQ":0,"ROE_YEARLY":2398.08209026093,"ROIC_YEARLY":-160.687821571045,"TOTAL_ASSETS":2460409848.96,"TOTAL_LIABILITIES":4035360794.24,"TAX_EBT":-0.128891206855,"OCF_SALES":3.910575175736,"TOTAL_PARENT_EQUITY":-1577084477.44,"DEBT_ASSET_RATIO":164.0117314579,"OPERATE_PROFIT":-2321349772.8,"PRETAX_PROFIT":-2352048734.72,"NETCASH_OPERATE":73179801.6,"NETCASH_INVEST":-39760322.56,"NETCASH_FINANCE":-161976215.04,"END_CASH":170187853.44,"DIVI_RATIO":null,"DIVIDEND_RATE":null,"CURRENT_RATIO":0.345789772201,"COMMON_ACS":2000000000,"CURRENTDEBT_DEBT":96.902456864367,"ISSUED_COMMON_SHARES":1414600832,"HK_COMMON_SHARES":1414600832,"PER_SHARES":20000,"TOTAL_MARKET_CAP":339504199.68,"HKSK_MARKET_CAP":339504199.68,"PE_TTM":-5.756747769055,"PB_TTM":2.395632168673,"REPORT_DATE_SQ":"2019-06-30 00:00:00","REPORT_TYPE_SQ":"2019年中报","OPERATE_INCOME_SQ":2707896258.69,"DPS_HKD":null,"OPERATE_INCOME_QOQ_SQ":0,"NET_PROFIT_RATIO_SQ":1.7061233436,"HOLDER_PROFIT_SQ":36741573.33,"HOLDER_PROFIT_QOQ_SQ":0,"ROE_AVG_SQ":2.413213515266,"PE_TTM_SQ":0.107139243906,"PB_TTM_SQ":1.22428683477,"ROA_SQ":0.696689604875,"START_DATE":"2020-04-01 00:00:00","FISCAL_YEAR":"3-31","CURRENCY":"HKD","IS_CNY_CODE":0,"DPS_HKD_LY":null,"ORG_TYPE":"一般企业","PREMIUM_INCOME":null,"PREMIUM_INCOME_YOY":null,"NET_INTEREST_INCOME":null,"NET_INTEREST_INCOME_YOY":null,"FEE_COMMISSION_INCOME":null,"FEE_COMMISSION_INCOME_YOY":null,"ACCOUNTS_RECE_TDAYS":1.658522453147,"INVENTORY_TDAYS":3.18392000963,"CURRENT_ASSETS_TDAYS":0.953201755466,"TOTAL_ASSETS_TDAYS":0.491905290198,"PREMIUM_EXPENSE":null,"LOAN_DEPOSIT":null,"LOAN_EQUITY":null,"LOAN_ASSETS":null,"DEPOSIT_EQUITY":null,"DEPOSIT_ASSETS":null,"EQUITY_MULTIPLIER":-1.562213639945,"EQUITY_RATIO":-2.558747392397},{"SECUCODE":"00731.HK","SECURITY_CODE":"00731","SECURITY_NAME_ABBR":"建发新胜","ORG_CODE":"10009090","STD_REPORT_DATE":"2019-12-31 00:00:00","REPORT_DATE":"2020-03-31 00:00:00","DATE_TYPE_CODE":"001","REPORT_TYPE":"2019年年报","PER_NETCASH_OPERATE":-0.035277206166,"PER_OI":3.50462740282,"BPS":0.812362531751,"BASIC_EPS":-0.4413171,"DILUTED_EPS":-0.4413171,"OPERATE_INCOME":3999045612,"OPERATE_INCOME_YOY":-25.9158325887,"GROSS_PROFIT":373610102.6,"GROSS_PROFIT_YOY":-22.221894484641,"HOLDER_PROFIT":-503052154.2,"HOLDER_PROFIT_YOY":-604.1536179331,"GROSS_PROFIT_RATIO":9.342481653095,"EPS_TTM":0.081767938582,"OPERATE_INCOME_QOQ":0,"NET_PROFIT_RATIO":-12.4053409371,"ROE_AVG":-34.222238245247,"GROSS_PROFIT_QOQ":0,"ROA":-8.893387367848,"HOLDER_PROFIT_QOQ":0,"ROE_YEARLY":-34.222238245247,"ROIC_YEARLY":-9.680399611037,"TOTAL_ASSETS":5353025662.5,"TOTAL_LIABILITIES":3982803680.8,"TAX_EBT":-5.494172222272,"OCF_SALES":-1.006589349199,"TOTAL_PARENT_EQUITY":1149168713.3,"DEBT_ASSET_RATIO":74.4028504982,"OPERATE_PROFIT":-436557636.7,"PRETAX_PROFIT":-509154756.5,"NETCASH_OPERATE":-40253967.2,"NETCASH_INVEST":-81188640.9,"NETCASH_FINANCE":26472630.1,"END_CASH":188065043.6,"DIVI_RATIO":null,"DIVIDEND_RATE":null,"CURRENT_RATIO":0.693030711501,"COMMON_ACS":2000000000,"CURRENTDEBT_DEBT":96.97548786598,"ISSUED_COMMON_SHARES":1414600832,"HK_COMMON_SHARES":1414600832,"PER_SHARES":20000,"TOTAL_MARKET_CAP":339504199.68,"HKSK_MARKET_CAP":339504199.68,"PE_TTM":-5.756747769055,"PB_TTM":2.395632168673,"REPORT_DATE_SQ":"2018-12-31 00:00:00","REPORT_TYPE_SQ":"2018年年报","OPERATE_INCOME_SQ":5067669775.59,"DPS_HKD":null,"OPERATE_INCOME_QOQ_SQ":0,"NET_PROFIT_RATIO_SQ":2.0257384237,"HOLDER_PROFIT_SQ":93675814.74,"HOLDER_PROFIT_QOQ_SQ":0,"ROE_AVG_SQ":5.373262549901,"PE_TTM_SQ":0.107139243906,"PB_TTM_SQ":1.22428683477,"ROA_SQ":1.65591417741,"START_DATE":"2019-04-01 00:00:00","FISCAL_YEAR":"3-31","CURRENCY":"HKD","IS_CNY_CODE":0,"DPS_HKD_LY":0.024,"ORG_TYPE":"一般企业","PREMIUM_INCOME":null,"PREMIUM_INCOME_YOY":null,"NET_INTEREST_INCOME":null,"NET_INTEREST_INCOME_YOY":null,"FEE_COMMISSION_INCOME":null,"FEE_COMMISSION_INCOME_YOY":null,"ACCOUNTS_RECE_TDAYS":2.317406839981,"INVENTORY_TDAYS":4.278947933163,"CURRENT_ASSETS_TDAYS":1.354329636598,"TOTAL_ASSETS_TDAYS":0.70698557659,"PREMIUM_EXPENSE":null,"LOAN_DEPOSIT":null,"LOAN_EQUITY":null,"LOAN_ASSETS":null,"DEPOSIT_EQUITY":null,"DEPOSIT_ASSETS":null,"EQUITY_MULTIPLIER":3.906684999944,"EQUITY_RATIO":3.465812839059}],"count":46},"success":true,"message":"ok","code":0}