{"version":"8a2d2d798d8f81bdf6de24d828ba480e","result":{"pages":6,"data":[{"SECUCODE":"00736.HK","SECURITY_CODE":"00736","SECURITY_NAME_ABBR":"中国置业投资","ORG_CODE":"10009094","STD_REPORT_DATE":"2024-06-30 00:00:00","REPORT_DATE":"2024-09-30 00:00:00","DATE_TYPE_CODE":"002","REPORT_TYPE":"2024年中报","PER_NETCASH_OPERATE":-0.011888103935,"PER_OI":0.166139796641,"BPS":1.611442276959,"BASIC_EPS":-0.138695302,"DILUTED_EPS":-0.138695302,"OPERATE_INCOME":44387005.59,"OPERATE_INCOME_YOY":15.2230909687,"GROSS_PROFIT":40189173.14,"GROSS_PROFIT_YOY":2.525183707059,"HOLDER_PROFIT":-37050042.15,"HOLDER_PROFIT_YOY":70.3346691216,"GROSS_PROFIT_RATIO":90.542654558014,"EPS_TTM":-0.443881591437,"OPERATE_INCOME_QOQ":0,"NET_PROFIT_RATIO":-83.4704699214,"ROE_AVG":-8.304437421612,"GROSS_PROFIT_QOQ":0,"ROA":-5.849597639943,"HOLDER_PROFIT_QOQ":0,"ROE_YEARLY":-16.608874843224,"ROIC_YEARLY":-11.717638704001,"TOTAL_ASSETS":622928576.51,"TOTAL_LIABILITIES":192405012.61,"TAX_EBT":-10.106126386879,"OCF_SALES":-7.155482416042,"TOTAL_PARENT_EQUITY":430523563.9,"DEBT_ASSET_RATIO":30.887170675,"OPERATE_PROFIT":-30301947.58,"PRETAX_PROFIT":-33649392.06,"NETCASH_OPERATE":-3176104.38,"NETCASH_INVEST":null,"NETCASH_FINANCE":3998536.86,"END_CASH":1406792.4,"DIVI_RATIO":null,"DIVIDEND_RATE":null,"CURRENT_RATIO":1.551831872879,"COMMON_ACS":750000000,"CURRENTDEBT_DEBT":57.605725561143,"ISSUED_COMMON_SHARES":267166606,"HK_COMMON_SHARES":267166606,"PER_SHARES":3000,"TOTAL_MARKET_CAP":35533158.598,"HKSK_MARKET_CAP":35533158.598,"PE_TTM":-1.0637077862,"PB_TTM":0.074429020335,"REPORT_DATE_SQ":"2023-06-30 00:00:00","REPORT_TYPE_SQ":"2023年中报","OPERATE_INCOME_SQ":39199318.34,"DPS_HKD":null,"OPERATE_INCOME_QOQ_SQ":0,"NET_PROFIT_RATIO_SQ":-324.2075939885,"HOLDER_PROFIT_SQ":-127087166.85,"HOLDER_PROFIT_QOQ_SQ":0,"ROE_AVG_SQ":-23.931634269955,"PE_TTM_SQ":-0.345981100751,"PB_TTM_SQ":0.071944044127,"ROA_SQ":-17.781392673545,"START_DATE":"2024-04-01 00:00:00","FISCAL_YEAR":"3-31","CURRENCY":"HKD","IS_CNY_CODE":0,"DPS_HKD_LY":null,"ORG_TYPE":"一般企业","PREMIUM_INCOME":null,"PREMIUM_INCOME_YOY":null,"NET_INTEREST_INCOME":null,"NET_INTEREST_INCOME_YOY":null,"FEE_COMMISSION_INCOME":null,"FEE_COMMISSION_INCOME_YOY":null,"ACCOUNTS_RECE_TDAYS":0.531177156177,"INVENTORY_TDAYS":null,"CURRENT_ASSETS_TDAYS":0.160135731959,"TOTAL_ASSETS_TDAYS":0.070079845548,"PREMIUM_EXPENSE":null,"LOAN_DEPOSIT":null,"LOAN_EQUITY":null,"LOAN_ASSETS":null,"DEPOSIT_EQUITY":null,"DEPOSIT_ASSETS":null,"EQUITY_MULTIPLIER":1.446909365116,"EQUITY_RATIO":0.446909365116},{"SECUCODE":"00736.HK","SECURITY_CODE":"00736","SECURITY_NAME_ABBR":"中国置业投资","ORG_CODE":"10009094","STD_REPORT_DATE":"2023-12-31 00:00:00","REPORT_DATE":"2024-03-31 00:00:00","DATE_TYPE_CODE":"001","REPORT_TYPE":"2023年年报","PER_NETCASH_OPERATE":0.047766090759,"PER_OI":0.225284795324,"BPS":1.737525907523,"BASIC_EPS":-0.4442095,"DILUTED_EPS":-0.4442095,"OPERATE_INCOME":60188574.15,"OPERATE_INCOME_YOY":-2.7280052743,"GROSS_PROFIT":60188574.15,"GROSS_PROFIT_YOY":0.732144730524,"HOLDER_PROFIT":-118590338.25,"HOLDER_PROFIT_YOY":-128.777544596,"GROSS_PROFIT_RATIO":null,"EPS_TTM":-0.353532096485,"OPERATE_INCOME_QOQ":0,"NET_PROFIT_RATIO":-197.0313135421,"ROE_AVG":-22.396837408702,"GROSS_PROFIT_QOQ":0,"ROA":-16.532941711001,"HOLDER_PROFIT_QOQ":0,"ROE_YEARLY":-22.396837408702,"ROIC_YEARLY":-16.549904956495,"TOTAL_ASSETS":647225026.65,"TOTAL_LIABILITIES":183016127.1,"TAX_EBT":null,"OCF_SALES":21.202536411971,"TOTAL_PARENT_EQUITY":464208899.55,"DEBT_ASSET_RATIO":28.2770473273,"OPERATE_PROFIT":-111764923.3,"PRETAX_PROFIT":-118590338.25,"NETCASH_OPERATE":12761504.35,"NETCASH_INVEST":906.55,"NETCASH_FINANCE":-31401985.45,"END_CASH":590164.05,"DIVI_RATIO":null,"DIVIDEND_RATE":null,"CURRENT_RATIO":3.577600027,"COMMON_ACS":750000000,"CURRENTDEBT_DEBT":58.706571165334,"ISSUED_COMMON_SHARES":267166606,"HK_COMMON_SHARES":267166606,"PER_SHARES":3000,"TOTAL_MARKET_CAP":51028821.746,"HKSK_MARKET_CAP":51028821.746,"PE_TTM":-1.527580354618,"PB_TTM":0.106886788601,"REPORT_DATE_SQ":"2022-12-31 00:00:00","REPORT_TYPE_SQ":"2022年年报","OPERATE_INCOME_SQ":59751109.55,"DPS_HKD":null,"OPERATE_INCOME_QOQ_SQ":0,"NET_PROFIT_RATIO_SQ":-83.7740824848,"HOLDER_PROFIT_SQ":-50055943.8,"HOLDER_PROFIT_QOQ_SQ":0,"ROE_AVG_SQ":-8.208906476896,"PE_TTM_SQ":-0.666333971817,"PB_TTM_SQ":0.1385588998,"ROA_SQ":-6.182784653546,"START_DATE":"2023-04-01 00:00:00","FISCAL_YEAR":"3-31","CURRENCY":"HKD","IS_CNY_CODE":0,"DPS_HKD_LY":null,"ORG_TYPE":"一般企业","PREMIUM_INCOME":null,"PREMIUM_INCOME_YOY":null,"NET_INTEREST_INCOME":null,"NET_INTEREST_INCOME_YOY":null,"FEE_COMMISSION_INCOME":null,"FEE_COMMISSION_INCOME_YOY":null,"ACCOUNTS_RECE_TDAYS":0.976137967537,"INVENTORY_TDAYS":null,"CURRENT_ASSETS_TDAYS":0.153000414804,"TOTAL_ASSETS_TDAYS":0.083910224288,"PREMIUM_EXPENSE":null,"LOAN_DEPOSIT":null,"LOAN_EQUITY":null,"LOAN_ASSETS":null,"DEPOSIT_EQUITY":null,"DEPOSIT_ASSETS":null,"EQUITY_MULTIPLIER":1.394253809605,"EQUITY_RATIO":0.394253809605},{"SECUCODE":"00736.HK","SECURITY_CODE":"00736","SECURITY_NAME_ABBR":"中国置业投资","ORG_CODE":"10009094","STD_REPORT_DATE":"2023-06-30 00:00:00","REPORT_DATE":"2023-09-30 00:00:00","DATE_TYPE_CODE":"002","REPORT_TYPE":"2023年中报","PER_NETCASH_OPERATE":0.011334421788,"PER_OI":0.146722372706,"BPS":1.721894445932,"BASIC_EPS":-0.475699392,"DILUTED_EPS":-0.475699392,"OPERATE_INCOME":39199318.34,"OPERATE_INCOME_YOY":-0.5332153585,"GROSS_PROFIT":39199318.34,"GROSS_PROFIT_YOY":0.917369411582,"HOLDER_PROFIT":-127087166.85,"HOLDER_PROFIT_YOY":-51.4798529991,"GROSS_PROFIT_RATIO":null,"EPS_TTM":-0.187358534622,"OPERATE_INCOME_QOQ":0,"NET_PROFIT_RATIO":-324.2075939885,"ROE_AVG":-23.931634269955,"GROSS_PROFIT_QOQ":0,"ROA":-17.781392673545,"HOLDER_PROFIT_QOQ":0,"ROE_YEARLY":-47.86326853991,"ROIC_YEARLY":-35.613882715522,"TOTAL_ASSETS":632447113.34,"TOTAL_LIABILITIES":172414418.33,"TAX_EBT":-1.711159255315,"OCF_SALES":7.725080762208,"TOTAL_PARENT_EQUITY":460032695.01,"DEBT_ASSET_RATIO":27.2614760497,"OPERATE_PROFIT":-121560281.36,"PRETAX_PROFIT":-124949088.95,"NETCASH_OPERATE":3028179,"NETCASH_INVEST":1232377.09,"NETCASH_FINANCE":-3922868.25,"END_CASH":1159884.32,"DIVI_RATIO":null,"DIVIDEND_RATE":null,"CURRENT_RATIO":3.924623317619,"COMMON_ACS":750000000,"CURRENTDEBT_DEBT":52.949316358953,"ISSUED_COMMON_SHARES":267166606,"HK_COMMON_SHARES":267166606,"PER_SHARES":3000,"TOTAL_MARKET_CAP":51028821.746,"HKSK_MARKET_CAP":51028821.746,"PE_TTM":-1.527580354618,"PB_TTM":0.106886788601,"REPORT_DATE_SQ":"2022-06-30 00:00:00","REPORT_TYPE_SQ":"2022年中报","OPERATE_INCOME_SQ":38842984.68,"DPS_HKD":null,"OPERATE_INCOME_QOQ_SQ":0,"NET_PROFIT_RATIO_SQ":-212.8707799767,"HOLDER_PROFIT_SQ":-82691140.32,"HOLDER_PROFIT_QOQ_SQ":0,"ROE_AVG_SQ":-13.433687806491,"PE_TTM_SQ":-0.666333971817,"PB_TTM_SQ":0.1385588998,"ROA_SQ":-10.101224370745,"START_DATE":"2023-04-01 00:00:00","FISCAL_YEAR":"3-31","CURRENCY":"HKD","IS_CNY_CODE":0,"DPS_HKD_LY":null,"ORG_TYPE":"一般企业","PREMIUM_INCOME":null,"PREMIUM_INCOME_YOY":null,"NET_INTEREST_INCOME":null,"NET_INTEREST_INCOME_YOY":null,"FEE_COMMISSION_INCOME":null,"FEE_COMMISSION_INCOME_YOY":null,"ACCOUNTS_RECE_TDAYS":0.524936253879,"INVENTORY_TDAYS":null,"CURRENT_ASSETS_TDAYS":0.102402078821,"TOTAL_ASSETS_TDAYS":0.054845700728,"PREMIUM_EXPENSE":null,"LOAN_DEPOSIT":null,"LOAN_EQUITY":null,"LOAN_ASSETS":null,"DEPOSIT_EQUITY":null,"DEPOSIT_ASSETS":null,"EQUITY_MULTIPLIER":1.374787314468,"EQUITY_RATIO":0.374787314467},{"SECUCODE":"00736.HK","SECURITY_CODE":"00736","SECURITY_NAME_ABBR":"中国置业投资","ORG_CODE":"10009094","STD_REPORT_DATE":"2022-12-31 00:00:00","REPORT_DATE":"2023-03-31 00:00:00","DATE_TYPE_CODE":"001","REPORT_TYPE":"2022年年报","PER_NETCASH_OPERATE":0.018067417977,"PER_OI":0.223647372868,"BPS":2.149790097457,"BASIC_EPS":-0.1838361,"DILUTED_EPS":-0.1838361,"OPERATE_INCOME":59751109.55,"OPERATE_INCOME_YOY":-20.9737177261,"GROSS_PROFIT":59751109.55,"GROSS_PROFIT_YOY":-14.698465166363,"HOLDER_PROFIT":-50055943.8,"HOLDER_PROFIT_YOY":-538.5641969627,"GROSS_PROFIT_RATIO":null,"EPS_TTM":-0.267607281653,"OPERATE_INCOME_QOQ":0,"NET_PROFIT_RATIO":-83.7740824848,"ROE_AVG":-8.208906476896,"GROSS_PROFIT_QOQ":0,"ROA":-6.182784653546,"HOLDER_PROFIT_QOQ":0,"ROE_YEARLY":-8.208906476896,"ROIC_YEARLY":-6.241625573418,"TOTAL_ASSETS":760323348.94,"TOTAL_LIABILITIES":185971224.99,"TAX_EBT":7.408307019675,"OCF_SALES":8.078529045491,"TOTAL_PARENT_EQUITY":574352123.95,"DEBT_ASSET_RATIO":24.459491511,"OPERATE_PROFIT":-46138484.05,"PRETAX_PROFIT":-54060944.55,"NETCASH_OPERATE":4827010.74,"NETCASH_INVEST":24568381.65,"NETCASH_FINANCE":-41539955.32,"END_CASH":850023.11,"DIVI_RATIO":null,"DIVIDEND_RATE":null,"CURRENT_RATIO":4.483127796463,"COMMON_ACS":750000000,"CURRENTDEBT_DEBT":46.605849208479,"ISSUED_COMMON_SHARES":267166606,"HK_COMMON_SHARES":267166606,"PER_SHARES":3000,"TOTAL_MARKET_CAP":49692988.716,"HKSK_MARKET_CAP":49692988.716,"PE_TTM":-1.487591340099,"PB_TTM":0.10408870513,"REPORT_DATE_SQ":"2021-12-31 00:00:00","REPORT_TYPE_SQ":"2021年年报","OPERATE_INCOME_SQ":70046933.7,"DPS_HKD":null,"OPERATE_INCOME_QOQ_SQ":0,"NET_PROFIT_RATIO_SQ":15.0955192775,"HOLDER_PROFIT_SQ":10573948.38,"HOLDER_PROFIT_QOQ_SQ":0,"ROE_AVG_SQ":1.871638178663,"PE_TTM_SQ":-1.331627889297,"PB_TTM_SQ":0.151881870935,"ROA_SQ":1.406743369678,"START_DATE":"2022-04-01 00:00:00","FISCAL_YEAR":"3-31","CURRENCY":"HKD","IS_CNY_CODE":0,"DPS_HKD_LY":null,"ORG_TYPE":"一般企业","PREMIUM_INCOME":null,"PREMIUM_INCOME_YOY":null,"NET_INTEREST_INCOME":null,"NET_INTEREST_INCOME_YOY":null,"FEE_COMMISSION_INCOME":null,"FEE_COMMISSION_INCOME_YOY":null,"ACCOUNTS_RECE_TDAYS":1.05432667058,"INVENTORY_TDAYS":null,"CURRENT_ASSETS_TDAYS":0.139296486924,"TOTAL_ASSETS_TDAYS":0.073803072145,"PREMIUM_EXPENSE":null,"LOAN_DEPOSIT":null,"LOAN_EQUITY":null,"LOAN_ASSETS":null,"DEPOSIT_EQUITY":null,"DEPOSIT_ASSETS":null,"EQUITY_MULTIPLIER":1.323793048263,"EQUITY_RATIO":0.323793048263},{"SECUCODE":"00736.HK","SECURITY_CODE":"00736","SECURITY_NAME_ABBR":"中国置业投资","ORG_CODE":"10009094","STD_REPORT_DATE":"2022-06-30 00:00:00","REPORT_DATE":"2022-09-30 00:00:00","DATE_TYPE_CODE":"002","REPORT_TYPE":"2022年中报","PER_NETCASH_OPERATE":0.062787220795,"PER_OI":0.14538862196,"BPS":2.112933685881,"BASIC_EPS":-0.309499368,"DILUTED_EPS":-0.309499368,"OPERATE_INCOME":38842984.68,"OPERATE_INCOME_YOY":1.4456123775,"GROSS_PROFIT":38842984.68,"GROSS_PROFIT_YOY":10.137888817942,"HOLDER_PROFIT":-82691140.32,"HOLDER_PROFIT_YOY":-12155.764075067,"GROSS_PROFIT_RATIO":null,"EPS_TTM":0.039578106479,"OPERATE_INCOME_QOQ":0,"NET_PROFIT_RATIO":-212.8856497543,"ROE_AVG":-13.433687806491,"GROSS_PROFIT_QOQ":0,"ROA":-10.101224370745,"HOLDER_PROFIT_QOQ":0,"ROE_YEARLY":-26.867375612981,"ROIC_YEARLY":-20.491867119337,"TOTAL_ASSETS":749887483.92,"TOTAL_LIABILITIES":185382162.36,"TAX_EBT":7.470903754681,"OCF_SALES":43.185787132978,"TOTAL_PARENT_EQUITY":564505321.56,"DEBT_ASSET_RATIO":24.7213303776,"OPERATE_PROFIT":-84987513.48,"PRETAX_PROFIT":-89367716.4,"NETCASH_OPERATE":16774648.68,"NETCASH_INVEST":-2257482.24,"NETCASH_FINANCE":-15775242.48,"END_CASH":8231308.44,"DIVI_RATIO":null,"DIVIDEND_RATE":null,"CURRENT_RATIO":3.571252031796,"COMMON_ACS":750000000,"CURRENTDEBT_DEBT":43.822236533329,"ISSUED_COMMON_SHARES":267166606,"HK_COMMON_SHARES":267166606,"PER_SHARES":3000,"TOTAL_MARKET_CAP":51028821.746,"HKSK_MARKET_CAP":51028821.746,"PE_TTM":-1.527580354618,"PB_TTM":0.106886788601,"REPORT_DATE_SQ":"2021-06-30 00:00:00","REPORT_TYPE_SQ":"2021年中报","OPERATE_INCOME_SQ":35267595.1,"DPS_HKD":null,"OPERATE_INCOME_QOQ_SQ":0,"NET_PROFIT_RATIO_SQ":-1.762135349,"HOLDER_PROFIT_SQ":-621462.76,"HOLDER_PROFIT_QOQ_SQ":0,"ROE_AVG_SQ":-0.113500383786,"PE_TTM_SQ":-0.666333971817,"PB_TTM_SQ":0.1385588998,"ROA_SQ":-0.084492557633,"START_DATE":"2022-04-01 00:00:00","FISCAL_YEAR":"3-31","CURRENCY":"HKD","IS_CNY_CODE":0,"DPS_HKD_LY":null,"ORG_TYPE":"一般企业","PREMIUM_INCOME":null,"PREMIUM_INCOME_YOY":null,"NET_INTEREST_INCOME":null,"NET_INTEREST_INCOME_YOY":null,"FEE_COMMISSION_INCOME":null,"FEE_COMMISSION_INCOME_YOY":null,"ACCOUNTS_RECE_TDAYS":0.600472581863,"INVENTORY_TDAYS":null,"CURRENT_ASSETS_TDAYS":0.100237716521,"TOTAL_ASSETS_TDAYS":0.04744906189,"PREMIUM_EXPENSE":null,"LOAN_DEPOSIT":null,"LOAN_EQUITY":null,"LOAN_ASSETS":null,"DEPOSIT_EQUITY":null,"DEPOSIT_ASSETS":null,"EQUITY_MULTIPLIER":1.328397546099,"EQUITY_RATIO":0.328397546099},{"SECUCODE":"00736.HK","SECURITY_CODE":"00736","SECURITY_NAME_ABBR":"中国置业投资","ORG_CODE":"10009094","STD_REPORT_DATE":"2021-12-31 00:00:00","REPORT_DATE":"2022-03-31 00:00:00","DATE_TYPE_CODE":"001","REPORT_TYPE":"2021年年报","PER_NETCASH_OPERATE":-0.090639874319,"PER_OI":0.26218446515,"BPS":2.237313507138,"BASIC_EPS":0.058230518,"DILUTED_EPS":0.058230518,"OPERATE_INCOME":70046933.7,"OPERATE_INCOME_YOY":21.1632343864,"GROSS_PROFIT":70046933.7,"GROSS_PROFIT_YOY":16.264694762906,"HOLDER_PROFIT":10573948.38,"HOLDER_PROFIT_YOY":-63.9525560563,"GROSS_PROFIT_RATIO":null,"EPS_TTM":0.0616766969,"OPERATE_INCOME_QOQ":0,"NET_PROFIT_RATIO":15.0955192775,"ROE_AVG":1.871638178663,"GROSS_PROFIT_QOQ":0,"ROA":1.406743369678,"HOLDER_PROFIT_QOQ":0,"ROE_YEARLY":1.871638178663,"ROIC_YEARLY":1.428493168695,"TOTAL_ASSETS":795696509.18,"TOTAL_LIABILITIES":197961052.92,"TAX_EBT":24.073750945152,"OCF_SALES":-34.571031608197,"TOTAL_PARENT_EQUITY":597735456.26,"DEBT_ASSET_RATIO":24.8789646098,"OPERATE_PROFIT":22752885.55,"PRETAX_PROFIT":13943694.93,"NETCASH_OPERATE":-24215947.59,"NETCASH_INVEST":4866.06,"NETCASH_FINANCE":28988741.44,"END_CASH":13354090.66,"DIVI_RATIO":null,"DIVIDEND_RATE":null,"CURRENT_RATIO":5.303767163943,"COMMON_ACS":750000000,"CURRENTDEBT_DEBT":41.412254395884,"ISSUED_COMMON_SHARES":267166606,"HK_COMMON_SHARES":267166606,"PER_SHARES":3000,"TOTAL_MARKET_CAP":49692988.716,"HKSK_MARKET_CAP":49692988.716,"PE_TTM":-1.487591340099,"PB_TTM":0.10408870513,"REPORT_DATE_SQ":"2020-12-31 00:00:00","REPORT_TYPE_SQ":"2020年年报","OPERATE_INCOME_SQ":60247811.12,"DPS_HKD":null,"OPERATE_INCOME_QOQ_SQ":0,"NET_PROFIT_RATIO_SQ":50.7392963358,"HOLDER_PROFIT_SQ":30569315.42,"HOLDER_PROFIT_QOQ_SQ":0,"ROE_AVG_SQ":5.735985143435,"PE_TTM_SQ":-1.331627889297,"PB_TTM_SQ":0.151881870935,"ROA_SQ":4.466083314451,"START_DATE":"2021-04-01 00:00:00","FISCAL_YEAR":"3-31","CURRENCY":"HKD","IS_CNY_CODE":0,"DPS_HKD_LY":null,"ORG_TYPE":"一般企业","PREMIUM_INCOME":null,"PREMIUM_INCOME_YOY":null,"NET_INTEREST_INCOME":null,"NET_INTEREST_INCOME_YOY":null,"FEE_COMMISSION_INCOME":null,"FEE_COMMISSION_INCOME_YOY":null,"ACCOUNTS_RECE_TDAYS":1.579178322637,"INVENTORY_TDAYS":null,"CURRENT_ASSETS_TDAYS":0.224352230664,"TOTAL_ASSETS_TDAYS":0.093189465285,"PREMIUM_EXPENSE":null,"LOAN_DEPOSIT":null,"LOAN_EQUITY":null,"LOAN_ASSETS":null,"DEPOSIT_EQUITY":null,"DEPOSIT_ASSETS":null,"EQUITY_MULTIPLIER":1.331185059958,"EQUITY_RATIO":0.331185059957},{"SECUCODE":"00736.HK","SECURITY_CODE":"00736","SECURITY_NAME_ABBR":"中国置业投资","ORG_CODE":"10009094","STD_REPORT_DATE":"2021-06-30 00:00:00","REPORT_DATE":"2021-09-30 00:00:00","DATE_TYPE_CODE":"002","REPORT_TYPE":"2021年中报","PER_NETCASH_OPERATE":-0.082299902556,"PER_OI":0.264012000811,"BPS":2.05279230691,"BASIC_EPS":-0.004665136,"DILUTED_EPS":-0.004665136,"OPERATE_INCOME":35267595.1,"OPERATE_INCOME_YOY":30.1094105354,"GROSS_PROFIT":35267595.1,"GROSS_PROFIT_YOY":23.348672547113,"HOLDER_PROFIT":-621462.76,"HOLDER_PROFIT_YOY":-104.8665927327,"GROSS_PROFIT_RATIO":null,"EPS_TTM":0.228840841134,"OPERATE_INCOME_QOQ":0,"NET_PROFIT_RATIO":-1.762135349,"ROE_AVG":-0.113500383786,"GROSS_PROFIT_QOQ":0,"ROA":-0.084492557633,"HOLDER_PROFIT_QOQ":0,"ROE_YEARLY":-0.227000767573,"ROIC_YEARLY":-0.170554829034,"TOTAL_ASSETS":744181661.66,"TOTAL_LIABILITIES":195744108.2,"TAX_EBT":119.528795811518,"OCF_SALES":-31.172788472895,"TOTAL_PARENT_EQUITY":548437553.46,"DEBT_ASSET_RATIO":26.303269522,"OPERATE_PROFIT":7510035.9,"PRETAX_PROFIT":3182289.2,"NETCASH_OPERATE":-10993892.82,"NETCASH_INVEST":null,"NETCASH_FINANCE":4944211.1,"END_CASH":3744604.7,"DIVI_RATIO":null,"DIVIDEND_RATE":null,"CURRENT_RATIO":2.576419760105,"COMMON_ACS":750000000,"CURRENTDEBT_DEBT":37.432438183598,"ISSUED_COMMON_SHARES":267166606,"HK_COMMON_SHARES":267166606,"PER_SHARES":3000,"TOTAL_MARKET_CAP":51028821.746,"HKSK_MARKET_CAP":51028821.746,"PE_TTM":-1.527580354618,"PB_TTM":0.106886788601,"REPORT_DATE_SQ":"2020-06-30 00:00:00","REPORT_TYPE_SQ":"2020年中报","OPERATE_INCOME_SQ":28591791.36,"DPS_HKD":null,"OPERATE_INCOME_QOQ_SQ":0,"NET_PROFIT_RATIO_SQ":47.1110701334,"HOLDER_PROFIT_SQ":13469898.88,"HOLDER_PROFIT_QOQ_SQ":0,"ROE_AVG_SQ":2.488282153568,"PE_TTM_SQ":-0.666333971817,"PB_TTM_SQ":0.1385588998,"ROA_SQ":1.938415567517,"START_DATE":"2021-04-01 00:00:00","FISCAL_YEAR":"3-31","CURRENCY":"HKD","IS_CNY_CODE":0,"DPS_HKD_LY":null,"ORG_TYPE":"一般企业","PREMIUM_INCOME":null,"PREMIUM_INCOME_YOY":null,"NET_INTEREST_INCOME":null,"NET_INTEREST_INCOME_YOY":null,"FEE_COMMISSION_INCOME":null,"FEE_COMMISSION_INCOME_YOY":null,"ACCOUNTS_RECE_TDAYS":0.805966455347,"INVENTORY_TDAYS":null,"CURRENT_ASSETS_TDAYS":0.18389211894,"TOTAL_ASSETS_TDAYS":0.047948960153,"PREMIUM_EXPENSE":null,"LOAN_DEPOSIT":null,"LOAN_EQUITY":null,"LOAN_ASSETS":null,"DEPOSIT_EQUITY":null,"DEPOSIT_ASSETS":null,"EQUITY_MULTIPLIER":1.356912299249,"EQUITY_RATIO":0.356912299249},{"SECUCODE":"00736.HK","SECURITY_CODE":"00736","SECURITY_NAME_ABBR":"中国置业投资","ORG_CODE":"10009094","STD_REPORT_DATE":"2020-12-31 00:00:00","REPORT_DATE":"2021-03-31 00:00:00","DATE_TYPE_CODE":"001","REPORT_TYPE":"2020年年报","PER_NETCASH_OPERATE":0.074114341371,"PER_OI":0.451013036562,"BPS":2.075859565173,"BASIC_EPS":0.227606974,"DILUTED_EPS":0.227606974,"OPERATE_INCOME":60247811.12,"OPERATE_INCOME_YOY":37.6165563042,"GROSS_PROFIT":60247811.12,"GROSS_PROFIT_YOY":27.296444190832,"HOLDER_PROFIT":30569315.42,"HOLDER_PROFIT_YOY":139.0631918869,"GROSS_PROFIT_RATIO":null,"EPS_TTM":-0.343345288595,"OPERATE_INCOME_QOQ":0,"NET_PROFIT_RATIO":50.7392963358,"ROE_AVG":5.735985143435,"GROSS_PROFIT_QOQ":0,"ROA":4.466083314451,"HOLDER_PROFIT_QOQ":0,"ROE_YEARLY":5.735985143435,"ROIC_YEARLY":4.554208478214,"TOTAL_ASSETS":737440679.5,"TOTAL_LIABILITIES":182840324.94,"TAX_EBT":25.698711797971,"OCF_SALES":16.43286010886,"TOTAL_PARENT_EQUITY":554600354.56,"DEBT_ASSET_RATIO":24.7939027535,"OPERATE_PROFIT":50513873.06,"PRETAX_PROFIT":41399451.94,"NETCASH_OPERATE":9900438.52,"NETCASH_INVEST":1765581.02,"NETCASH_FINANCE":-17586505.44,"END_CASH":9936781.26,"DIVI_RATIO":null,"DIVIDEND_RATE":null,"CURRENT_RATIO":3.522241470212,"COMMON_ACS":750000000,"CURRENTDEBT_DEBT":30.68648796069,"ISSUED_COMMON_SHARES":267166606,"HK_COMMON_SHARES":267166606,"PER_SHARES":3000,"TOTAL_MARKET_CAP":49692988.716,"HKSK_MARKET_CAP":49692988.716,"PE_TTM":-1.487591340099,"PB_TTM":0.10408870513,"REPORT_DATE_SQ":"2019-12-31 00:00:00","REPORT_TYPE_SQ":"2019年年报","OPERATE_INCOME_SQ":47328746.3,"DPS_HKD":null,"OPERATE_INCOME_QOQ_SQ":0,"NET_PROFIT_RATIO_SQ":-178.75055503,"HOLDER_PROFIT_SQ":-84600396.7,"HOLDER_PROFIT_QOQ_SQ":0,"ROE_AVG_SQ":-14.223193739958,"PE_TTM_SQ":-1.331627889297,"PB_TTM_SQ":0.151881870935,"ROA_SQ":-11.843704190725,"START_DATE":"2020-04-01 00:00:00","FISCAL_YEAR":"3-31","CURRENCY":"HKD","IS_CNY_CODE":0,"DPS_HKD_LY":null,"ORG_TYPE":"一般企业","PREMIUM_INCOME":null,"PREMIUM_INCOME_YOY":null,"NET_INTEREST_INCOME":null,"NET_INTEREST_INCOME_YOY":null,"FEE_COMMISSION_INCOME":null,"FEE_COMMISSION_INCOME_YOY":null,"ACCOUNTS_RECE_TDAYS":1.519315408634,"INVENTORY_TDAYS":null,"CURRENT_ASSETS_TDAYS":0.209704773546,"TOTAL_ASSETS_TDAYS":0.088020205974,"PREMIUM_EXPENSE":null,"LOAN_DEPOSIT":null,"LOAN_EQUITY":null,"LOAN_ASSETS":null,"DEPOSIT_EQUITY":null,"DEPOSIT_ASSETS":null,"EQUITY_MULTIPLIER":1.329679423096,"EQUITY_RATIO":0.329679423096},{"SECUCODE":"00736.HK","SECURITY_CODE":"00736","SECURITY_NAME_ABBR":"中国置业投资","ORG_CODE":"10009094","STD_REPORT_DATE":"2020-06-30 00:00:00","REPORT_DATE":"2020-09-30 00:00:00","DATE_TYPE_CODE":"002","REPORT_TYPE":"2020年中报","PER_NETCASH_OPERATE":0.022898253384,"PER_OI":0.214037164211,"BPS":2.062753733227,"BASIC_EPS":0.100877056,"DILUTED_EPS":0.100877056,"OPERATE_INCOME":28591791.36,"OPERATE_INCOME_YOY":20.3239405369,"GROSS_PROFIT":28591791.36,"GROSS_PROFIT_YOY":22.484891872916,"HOLDER_PROFIT":13469898.88,"HOLDER_PROFIT_YOY":154.726883256,"GROSS_PROFIT_RATIO":null,"EPS_TTM":-0.633315652481,"OPERATE_INCOME_QOQ":0,"NET_PROFIT_RATIO":47.1110701334,"ROE_AVG":2.488282153568,"GROSS_PROFIT_QOQ":0,"ROA":1.938415567517,"HOLDER_PROFIT_QOQ":0,"ROE_YEARLY":4.976564307135,"ROIC_YEARLY":3.945533669528,"TOTAL_ASSETS":733210119.04,"TOTAL_LIABILITIES":182111205.12,"TAX_EBT":9.745606488878,"OCF_SALES":10.698260495421,"TOTAL_PARENT_EQUITY":551098913.92,"DEBT_ASSET_RATIO":24.8375193401,"OPERATE_PROFIT":18952232.96,"PRETAX_PROFIT":14300289.28,"NETCASH_OPERATE":3058824.32,"NETCASH_INVEST":-9699311.36,"NETCASH_FINANCE":-3883063.68,"END_CASH":6060531.84,"DIVI_RATIO":null,"DIVIDEND_RATE":null,"CURRENT_RATIO":4.159802417519,"COMMON_ACS":750000000,"CURRENTDEBT_DEBT":28.621541549656,"ISSUED_COMMON_SHARES":267166606,"HK_COMMON_SHARES":267166606,"PER_SHARES":3000,"TOTAL_MARKET_CAP":49692988.716,"HKSK_MARKET_CAP":49692988.716,"PE_TTM":-1.487591340099,"PB_TTM":0.10408870513,"REPORT_DATE_SQ":"2019-06-30 00:00:00","REPORT_TYPE_SQ":"2019年中报","OPERATE_INCOME_SQ":24392154.42,"DPS_HKD":null,"OPERATE_INCOME_QOQ_SQ":0,"NET_PROFIT_RATIO_SQ":-101.9472247498,"HOLDER_PROFIT_SQ":-25265300.1,"HOLDER_PROFIT_QOQ_SQ":0,"ROE_AVG_SQ":-4.146871192348,"PE_TTM_SQ":-1.331627889297,"PB_TTM_SQ":0.151881870935,"ROA_SQ":-3.443699327305,"START_DATE":"2020-04-01 00:00:00","FISCAL_YEAR":"3-31","CURRENCY":"HKD","IS_CNY_CODE":0,"DPS_HKD_LY":null,"ORG_TYPE":"一般企业","PREMIUM_INCOME":null,"PREMIUM_INCOME_YOY":null,"NET_INTEREST_INCOME":null,"NET_INTEREST_INCOME_YOY":null,"FEE_COMMISSION_INCOME":null,"FEE_COMMISSION_INCOME_YOY":null,"ACCOUNTS_RECE_TDAYS":0.610916054899,"INVENTORY_TDAYS":null,"CURRENT_ASSETS_TDAYS":0.093935395959,"TOTAL_ASSETS_TDAYS":0.04114564925,"PREMIUM_EXPENSE":null,"LOAN_DEPOSIT":null,"LOAN_EQUITY":null,"LOAN_ASSETS":null,"DEPOSIT_EQUITY":null,"DEPOSIT_ASSETS":null,"EQUITY_MULTIPLIER":1.33045103251,"EQUITY_RATIO":0.33045103251}],"count":47},"success":true,"message":"ok","code":0}