{"version":"bc4897b9c19a4c89ffae2976c5664776","result":{"pages":6,"data":[{"SECUCODE":"00738.HK","SECURITY_CODE":"00738","SECURITY_NAME_ABBR":"莱尔斯丹","ORG_CODE":"10009096","STD_REPORT_DATE":"2024-06-30 00:00:00","REPORT_DATE":"2024-08-31 00:00:00","DATE_TYPE_CODE":"002","REPORT_TYPE":"2024年中报","PER_NETCASH_OPERATE":0.018499916971,"PER_OI":0.211916768478,"BPS":0.761909284363,"BASIC_EPS":-0.0539,"DILUTED_EPS":-0.0539,"OPERATE_INCOME":149591000,"OPERATE_INCOME_YOY":-27.3195024779,"GROSS_PROFIT":79415000,"GROSS_PROFIT_YOY":-41.134830627826,"HOLDER_PROFIT":-38038000,"HOLDER_PROFIT_YOY":-174.5831227893,"GROSS_PROFIT_RATIO":53.088086850145,"EPS_TTM":-0.033350566301,"OPERATE_INCOME_QOQ":0,"NET_PROFIT_RATIO":-26.4842136225,"ROE_AVG":-6.606044396898,"GROSS_PROFIT_QOQ":0,"ROA":-5.435793811958,"HOLDER_PROFIT_QOQ":0,"ROE_YEARLY":-13.212088793795,"ROIC_YEARLY":-22.002958755298,"TOTAL_ASSETS":655456000,"TOTAL_LIABILITIES":114881000,"TAX_EBT":-4.290828682742,"OCF_SALES":8.729803263565,"TOTAL_PARENT_EQUITY":537828000,"DEBT_ASSET_RATIO":17.5268820485,"OPERATE_PROFIT":-43271000,"PRETAX_PROFIT":-37988000,"NETCASH_OPERATE":13059000,"NETCASH_INVEST":2401000,"NETCASH_FINANCE":-40846000,"END_CASH":307002000,"DIVI_RATIO":-1.360591589079,"DIVIDEND_RATE":16.393442622951,"CURRENT_RATIO":5.565188489085,"COMMON_ACS":1000000000,"CURRENTDEBT_DEBT":81.186619197256,"ISSUED_COMMON_SHARES":705895060,"HK_COMMON_SHARES":705895060,"PER_SHARES":2000,"TOTAL_MARKET_CAP":215297993.3,"HKSK_MARKET_CAP":215297993.3,"PE_TTM":-4.100491684485,"PB_TTM":0.365170901195,"REPORT_DATE_SQ":"2023-06-30 00:00:00","REPORT_TYPE_SQ":"2023年中报","OPERATE_INCOME_SQ":205820000,"DPS_HKD":0.05,"OPERATE_INCOME_QOQ_SQ":0,"NET_PROFIT_RATIO_SQ":-6.9225536877,"HOLDER_PROFIT_SQ":-13853000,"HOLDER_PROFIT_QOQ_SQ":0,"ROE_AVG_SQ":-2.108281316226,"PE_TTM_SQ":-6.238001552523,"PB_TTM_SQ":0.392430435496,"ROA_SQ":-1.712137663135,"START_DATE":"2024-03-01 00:00:00","FISCAL_YEAR":"2-28","CURRENCY":"HKD","IS_CNY_CODE":0,"DPS_HKD_LY":0.05,"ORG_TYPE":"一般企业","PREMIUM_INCOME":null,"PREMIUM_INCOME_YOY":null,"NET_INTEREST_INCOME":null,"NET_INTEREST_INCOME_YOY":null,"FEE_COMMISSION_INCOME":null,"FEE_COMMISSION_INCOME_YOY":null,"ACCOUNTS_RECE_TDAYS":4.378807171606,"INVENTORY_TDAYS":0.495044336435,"CURRENT_ASSETS_TDAYS":0.267697794671,"TOTAL_ASSETS_TDAYS":0.213771973323,"PREMIUM_EXPENSE":null,"LOAN_DEPOSIT":null,"LOAN_EQUITY":null,"LOAN_ASSETS":null,"DEPOSIT_EQUITY":null,"DEPOSIT_ASSETS":null,"EQUITY_MULTIPLIER":1.212516302085,"EQUITY_RATIO":0.213601746283},{"SECUCODE":"00738.HK","SECURITY_CODE":"00738","SECURITY_NAME_ABBR":"莱尔斯丹","ORG_CODE":"10009096","STD_REPORT_DATE":"2023-12-31 00:00:00","REPORT_DATE":"2024-02-29 00:00:00","DATE_TYPE_CODE":"001","REPORT_TYPE":"2023年年报","PER_NETCASH_OPERATE":0.059865838982,"PER_OI":0.568679429489,"BPS":0.869511680674,"BASIC_EPS":-0.0334,"DILUTED_EPS":-0.0334,"OPERATE_INCOME":401428000,"OPERATE_INCOME_YOY":-2.8553313312,"GROSS_PROFIT":250799000,"GROSS_PROFIT_YOY":-6.845819559484,"HOLDER_PROFIT":-23542000,"HOLDER_PROFIT_YOY":53.1698195779,"GROSS_PROFIT_RATIO":62.476708151898,"EPS_TTM":-0.057752210364,"OPERATE_INCOME_QOQ":0,"NET_PROFIT_RATIO":-6.0598662774,"ROE_AVG":-3.709419849698,"GROSS_PROFIT_QOQ":0,"ROA":-3.044489218458,"HOLDER_PROFIT_QOQ":0,"ROE_YEARLY":-3.709419849698,"ROIC_YEARLY":-5.901485649252,"TOTAL_ASSETS":744082000,"TOTAL_LIABILITIES":125971000,"TAX_EBT":-13.360361619833,"OCF_SALES":10.527168010204,"TOTAL_PARENT_EQUITY":613784000,"DEBT_ASSET_RATIO":16.9297201115,"OPERATE_PROFIT":-32125000,"PRETAX_PROFIT":-21459000,"NETCASH_OPERATE":42259000,"NETCASH_INVEST":36300000,"NETCASH_FINANCE":-59251000,"END_CASH":335655000,"DIVI_RATIO":-0.785710186918,"DIVIDEND_RATE":19.230769230769,"CURRENT_RATIO":5.923550427029,"COMMON_ACS":1000000000,"CURRENTDEBT_DEBT":80.214493812068,"ISSUED_COMMON_SHARES":705895060,"HK_COMMON_SHARES":705895060,"PER_SHARES":2000,"TOTAL_MARKET_CAP":183532715.6,"HKSK_MARKET_CAP":183532715.6,"PE_TTM":-3.495501108085,"PB_TTM":0.311293227249,"REPORT_DATE_SQ":"2022-12-31 00:00:00","REPORT_TYPE_SQ":"2022年年报","OPERATE_INCOME_SQ":413227000,"DPS_HKD":0.05,"OPERATE_INCOME_QOQ_SQ":0,"NET_PROFIT_RATIO_SQ":-12.4064981233,"HOLDER_PROFIT_SQ":-50271000,"HOLDER_PROFIT_QOQ_SQ":0,"ROE_AVG_SQ":-7.439091522534,"PE_TTM_SQ":-6.705851668962,"PB_TTM_SQ":0.421862718158,"ROA_SQ":-5.947344510853,"START_DATE":"2023-03-01 00:00:00","FISCAL_YEAR":"2-29","CURRENCY":"HKD","IS_CNY_CODE":0,"DPS_HKD_LY":0.05,"ORG_TYPE":"一般企业","PREMIUM_INCOME":null,"PREMIUM_INCOME_YOY":null,"NET_INTEREST_INCOME":null,"NET_INTEREST_INCOME_YOY":null,"FEE_COMMISSION_INCOME":null,"FEE_COMMISSION_INCOME_YOY":null,"ACCOUNTS_RECE_TDAYS":10.219003373003,"INVENTORY_TDAYS":0.844127132678,"CURRENT_ASSETS_TDAYS":0.645955896551,"TOTAL_ASSETS_TDAYS":0.519133131419,"PREMIUM_EXPENSE":null,"LOAN_DEPOSIT":null,"LOAN_EQUITY":null,"LOAN_ASSETS":null,"DEPOSIT_EQUITY":null,"DEPOSIT_ASSETS":null,"EQUITY_MULTIPLIER":1.203799964731,"EQUITY_RATIO":0.205236695645},{"SECUCODE":"00738.HK","SECURITY_CODE":"00738","SECURITY_NAME_ABBR":"莱尔斯丹","ORG_CODE":"10009096","STD_REPORT_DATE":"2023-06-30 00:00:00","REPORT_DATE":"2023-08-31 00:00:00","DATE_TYPE_CODE":"002","REPORT_TYPE":"2023年中报","PER_NETCASH_OPERATE":0.043031892021,"PER_OI":0.291573084532,"BPS":0.933036703784,"BASIC_EPS":-0.0196,"DILUTED_EPS":-0.0196,"OPERATE_INCOME":205820000,"OPERATE_INCOME_YOY":-2.4924081277,"GROSS_PROFIT":134910000,"GROSS_PROFIT_YOY":-1.531297442485,"HOLDER_PROFIT":-13853000,"HOLDER_PROFIT_YOY":40.6901571263,"GROSS_PROFIT_RATIO":65.547565834224,"EPS_TTM":-0.071215967994,"OPERATE_INCOME_QOQ":0,"NET_PROFIT_RATIO":-6.9225536877,"ROE_AVG":-2.108281316226,"GROSS_PROFIT_QOQ":0,"ROA":-1.712137663135,"HOLDER_PROFIT_QOQ":0,"ROE_YEARLY":-4.216562632452,"ROIC_YEARLY":-6.668415643555,"TOTAL_ASSETS":815761000,"TOTAL_LIABILITIES":149419000,"TAX_EBT":-13.070391238791,"OCF_SALES":14.758526868137,"TOTAL_PARENT_EQUITY":658626000,"DEBT_ASSET_RATIO":18.3165167249,"OPERATE_PROFIT":-16188000,"PRETAX_PROFIT":-12601000,"NETCASH_OPERATE":30376000,"NETCASH_INVEST":-42704000,"NETCASH_FINANCE":-12867000,"END_CASH":293921000,"DIVI_RATIO":-0.637167495974,"DIVIDEND_RATE":19.230769230769,"CURRENT_RATIO":5.558095238095,"COMMON_ACS":1000000000,"CURRENTDEBT_DEBT":80.110293871596,"ISSUED_COMMON_SHARES":705895060,"HK_COMMON_SHARES":705895060,"PER_SHARES":2000,"TOTAL_MARKET_CAP":183532715.6,"HKSK_MARKET_CAP":183532715.6,"PE_TTM":-3.495501108085,"PB_TTM":0.311293227249,"REPORT_DATE_SQ":"2022-06-30 00:00:00","REPORT_TYPE_SQ":"2022年中报","OPERATE_INCOME_SQ":211081000,"DPS_HKD":0.05,"OPERATE_INCOME_QOQ_SQ":0,"NET_PROFIT_RATIO_SQ":-11.2544473449,"HOLDER_PROFIT_SQ":-23357000,"HOLDER_PROFIT_QOQ_SQ":0,"ROE_AVG_SQ":-3.381397032211,"PE_TTM_SQ":-6.705851668962,"PB_TTM_SQ":0.421862718158,"ROA_SQ":-2.637764974994,"START_DATE":"2023-03-01 00:00:00","FISCAL_YEAR":"2-29","CURRENCY":"HKD","IS_CNY_CODE":0,"DPS_HKD_LY":0.05,"ORG_TYPE":"一般企业","PREMIUM_INCOME":null,"PREMIUM_INCOME_YOY":null,"NET_INTEREST_INCOME":null,"NET_INTEREST_INCOME_YOY":null,"FEE_COMMISSION_INCOME":null,"FEE_COMMISSION_INCOME_YOY":null,"ACCOUNTS_RECE_TDAYS":5.155488759471,"INVENTORY_TDAYS":0.368669105051,"CURRENT_ASSETS_TDAYS":0.314314664378,"TOTAL_ASSETS_TDAYS":0.254379682254,"PREMIUM_EXPENSE":null,"LOAN_DEPOSIT":null,"LOAN_EQUITY":null,"LOAN_ASSETS":null,"DEPOSIT_EQUITY":null,"DEPOSIT_ASSETS":null,"EQUITY_MULTIPLIER":1.224237703762,"EQUITY_RATIO":0.226864715332},{"SECUCODE":"00738.HK","SECURITY_CODE":"00738","SECURITY_NAME_ABBR":"莱尔斯丹","ORG_CODE":"10009096","STD_REPORT_DATE":"2022-12-31 00:00:00","REPORT_DATE":"2023-02-28 00:00:00","DATE_TYPE_CODE":"001","REPORT_TYPE":"2022年年报","PER_NETCASH_OPERATE":-0.01820667225,"PER_OI":0.585394378592,"BPS":0.928643699532,"BASIC_EPS":-0.0712,"DILUTED_EPS":-0.0712,"OPERATE_INCOME":413227000,"OPERATE_INCOME_YOY":-27.3809649336,"GROSS_PROFIT":269230000,"GROSS_PROFIT_YOY":-24.764986642523,"HOLDER_PROFIT":-50271000,"HOLDER_PROFIT_YOY":-1786.9463087248,"GROSS_PROFIT_RATIO":65.153051470499,"EPS_TTM":-0.025707787217,"OPERATE_INCOME_QOQ":0,"NET_PROFIT_RATIO":-12.4064981233,"ROE_AVG":-7.439091522534,"GROSS_PROFIT_QOQ":0,"ROA":-5.947344510853,"HOLDER_PROFIT_QOQ":0,"ROE_YEARLY":-7.439091522534,"ROIC_YEARLY":-11.706598016648,"TOTAL_ASSETS":802450000,"TOTAL_LIABILITIES":138814000,"TAX_EBT":3.555505389695,"OCF_SALES":-3.110154951153,"TOTAL_PARENT_EQUITY":655525000,"DEBT_ASSET_RATIO":17.2987725092,"OPERATE_PROFIT":-60222000,"PRETAX_PROFIT":-53157000,"NETCASH_OPERATE":-12852000,"NETCASH_INVEST":-49834000,"NETCASH_FINANCE":-47072000,"END_CASH":308568000,"DIVI_RATIO":-1.765087738474,"DIVIDEND_RATE":19.230769230769,"CURRENT_RATIO":6.08222734052,"COMMON_ACS":1000000000,"CURRENTDEBT_DEBT":76.316509862118,"ISSUED_COMMON_SHARES":705895060,"HK_COMMON_SHARES":705895060,"PER_SHARES":2000,"TOTAL_MARKET_CAP":183532715.6,"HKSK_MARKET_CAP":183532715.6,"PE_TTM":-3.495501108085,"PB_TTM":0.311293227249,"REPORT_DATE_SQ":"2021-12-31 00:00:00","REPORT_TYPE_SQ":"2021年年报","OPERATE_INCOME_SQ":569034000,"DPS_HKD":0.05,"OPERATE_INCOME_QOQ_SQ":0,"NET_PROFIT_RATIO_SQ":0.4641198944,"HOLDER_PROFIT_SQ":2980000,"HOLDER_PROFIT_QOQ_SQ":0,"ROE_AVG_SQ":0.351894799987,"PE_TTM_SQ":-6.705851668962,"PB_TTM_SQ":0.421862718158,"ROA_SQ":0.291704434886,"START_DATE":"2022-03-01 00:00:00","FISCAL_YEAR":"2-28","CURRENCY":"HKD","IS_CNY_CODE":0,"DPS_HKD_LY":null,"ORG_TYPE":"一般企业","PREMIUM_INCOME":null,"PREMIUM_INCOME_YOY":null,"NET_INTEREST_INCOME":null,"NET_INTEREST_INCOME_YOY":null,"FEE_COMMISSION_INCOME":null,"FEE_COMMISSION_INCOME_YOY":null,"ACCOUNTS_RECE_TDAYS":9.132492043847,"INVENTORY_TDAYS":0.760504689877,"CURRENT_ASSETS_TDAYS":0.607962583025,"TOTAL_ASSETS_TDAYS":0.488870985297,"PREMIUM_EXPENSE":null,"LOAN_DEPOSIT":null,"LOAN_EQUITY":null,"LOAN_ASSETS":null,"DEPOSIT_EQUITY":null,"DEPOSIT_ASSETS":null,"EQUITY_MULTIPLIER":1.209171895437,"EQUITY_RATIO":0.211760039663},{"SECUCODE":"00738.HK","SECURITY_CODE":"00738","SECURITY_NAME_ABBR":"莱尔斯丹","ORG_CODE":"10009096","STD_REPORT_DATE":"2022-06-30 00:00:00","REPORT_DATE":"2022-08-31 00:00:00","DATE_TYPE_CODE":"002","REPORT_TYPE":"2022年中报","PER_NETCASH_OPERATE":0.023946902249,"PER_OI":0.2990260337,"BPS":0.971091935393,"BASIC_EPS":-0.0331,"DILUTED_EPS":-0.0331,"OPERATE_INCOME":211081000,"OPERATE_INCOME_YOY":-24.4909567009,"GROSS_PROFIT":137008000,"GROSS_PROFIT_YOY":-18.462179372731,"HOLDER_PROFIT":-23357000,"HOLDER_PROFIT_YOY":-947.399103139,"GROSS_PROFIT_RATIO":64.907784215538,"EPS_TTM":0.004221590671,"OPERATE_INCOME_QOQ":0,"NET_PROFIT_RATIO":-11.2544473449,"ROE_AVG":-3.381397032211,"GROSS_PROFIT_QOQ":0,"ROA":-2.637764974994,"HOLDER_PROFIT_QOQ":0,"ROE_YEARLY":-6.762794064423,"ROIC_YEARLY":-10.513617468531,"TOTAL_ASSETS":882883000,"TOTAL_LIABILITIES":188686000,"TAX_EBT":-4.998895027624,"OCF_SALES":8.008300131229,"TOTAL_PARENT_EQUITY":685489000,"DEBT_ASSET_RATIO":21.371574716,"OPERATE_PROFIT":-25228000,"PRETAX_PROFIT":-22625000,"NETCASH_OPERATE":16904000,"NETCASH_INVEST":-6440000,"NETCASH_FINANCE":-35556000,"END_CASH":401153000,"DIVI_RATIO":10.748673553722,"DIVIDEND_RATE":19.230769230769,"CURRENT_RATIO":5.108857350961,"COMMON_ACS":1000000000,"CURRENTDEBT_DEBT":72.03555112727,"ISSUED_COMMON_SHARES":705895060,"HK_COMMON_SHARES":705895060,"PER_SHARES":2000,"TOTAL_MARKET_CAP":183532715.6,"HKSK_MARKET_CAP":183532715.6,"PE_TTM":-3.495501108085,"PB_TTM":0.311293227249,"REPORT_DATE_SQ":"2021-06-30 00:00:00","REPORT_TYPE_SQ":"2021年中报","OPERATE_INCOME_SQ":279544000,"DPS_HKD":0.05,"OPERATE_INCOME_QOQ_SQ":0,"NET_PROFIT_RATIO_SQ":-0.8878745385,"HOLDER_PROFIT_SQ":-2230000,"HOLDER_PROFIT_QOQ_SQ":0,"ROE_AVG_SQ":-0.262510292934,"PE_TTM_SQ":-6.705851668962,"PB_TTM_SQ":0.421862718158,"ROA_SQ":-0.213944068497,"START_DATE":"2022-03-01 00:00:00","FISCAL_YEAR":"2-28","CURRENCY":"HKD","IS_CNY_CODE":0,"DPS_HKD_LY":null,"ORG_TYPE":"一般企业","PREMIUM_INCOME":null,"PREMIUM_INCOME_YOY":null,"NET_INTEREST_INCOME":null,"NET_INTEREST_INCOME_YOY":null,"FEE_COMMISSION_INCOME":null,"FEE_COMMISSION_INCOME_YOY":null,"ACCOUNTS_RECE_TDAYS":4.625621808779,"INVENTORY_TDAYS":0.391692665644,"CURRENT_ASSETS_TDAYS":0.299523571335,"TOTAL_ASSETS_TDAYS":0.238379102062,"PREMIUM_EXPENSE":null,"LOAN_DEPOSIT":null,"LOAN_EQUITY":null,"LOAN_ASSETS":null,"DEPOSIT_EQUITY":null,"DEPOSIT_ASSETS":null,"EQUITY_MULTIPLIER":1.271804689447,"EQUITY_RATIO":0.275257516897},{"SECUCODE":"00738.HK","SECURITY_CODE":"00738","SECURITY_NAME_ABBR":"莱尔斯丹","ORG_CODE":"10009096","STD_REPORT_DATE":"2021-12-31 00:00:00","REPORT_DATE":"2022-02-28 00:00:00","DATE_TYPE_CODE":"001","REPORT_TYPE":"2021年年报","PER_NETCASH_OPERATE":-0.006022141591,"PER_OI":0.806116988551,"BPS":0.985997833729,"BASIC_EPS":0.0042,"DILUTED_EPS":0.0042,"OPERATE_INCOME":569034000,"OPERATE_INCOME_YOY":-4.2380140588,"GROSS_PROFIT":357852000,"GROSS_PROFIT_YOY":0.711746776876,"HOLDER_PROFIT":2980000,"HOLDER_PROFIT_YOY":-97.1927576917,"GROSS_PROFIT_RATIO":62.887630616097,"EPS_TTM":0.189431839911,"OPERATE_INCOME_QOQ":0,"NET_PROFIT_RATIO":0.4641198944,"ROE_AVG":0.351894799987,"GROSS_PROFIT_QOQ":0,"ROA":0.291704434886,"HOLDER_PROFIT_QOQ":0,"ROE_YEARLY":0.351894799987,"ROIC_YEARLY":0.721512949705,"TOTAL_ASSETS":888086000,"TOTAL_LIABILITIES":182747000,"TAX_EBT":88.784610157975,"OCF_SALES":-0.747055536225,"TOTAL_PARENT_EQUITY":696011000,"DEBT_ASSET_RATIO":20.5776242391,"OPERATE_PROFIT":17351000,"PRETAX_PROFIT":23548000,"NETCASH_OPERATE":-4251000,"NETCASH_INVEST":-21057000,"NETCASH_FINANCE":-294157000,"END_CASH":422342000,"DIVI_RATIO":0.23953998452,"DIVIDEND_RATE":19.230769230769,"CURRENT_RATIO":5.542117501163,"COMMON_ACS":1000000000,"CURRENTDEBT_DEBT":70.600338172446,"ISSUED_COMMON_SHARES":705895060,"HK_COMMON_SHARES":705895060,"PER_SHARES":2000,"TOTAL_MARKET_CAP":183532715.6,"HKSK_MARKET_CAP":183532715.6,"PE_TTM":-3.495501108085,"PB_TTM":0.311293227249,"REPORT_DATE_SQ":"2020-12-31 00:00:00","REPORT_TYPE_SQ":"2020年年报","OPERATE_INCOME_SQ":594217000,"DPS_HKD":0.05,"OPERATE_INCOME_QOQ_SQ":0,"NET_PROFIT_RATIO_SQ":17.8640126418,"HOLDER_PROFIT_SQ":106154000,"HOLDER_PROFIT_QOQ_SQ":0,"ROE_AVG_SQ":10.89257239722,"PE_TTM_SQ":-6.705851668962,"PB_TTM_SQ":0.421862718158,"ROA_SQ":9.391080181233,"START_DATE":"2021-03-01 00:00:00","FISCAL_YEAR":"2-28","CURRENCY":"HKD","IS_CNY_CODE":0,"DPS_HKD_LY":0.35,"ORG_TYPE":"一般企业","PREMIUM_INCOME":null,"PREMIUM_INCOME_YOY":null,"NET_INTEREST_INCOME":null,"NET_INTEREST_INCOME_YOY":null,"FEE_COMMISSION_INCOME":null,"FEE_COMMISSION_INCOME_YOY":null,"ACCOUNTS_RECE_TDAYS":10.783796844649,"INVENTORY_TDAYS":1.246249719688,"CURRENT_ASSETS_TDAYS":0.661360216969,"TOTAL_ASSETS_TDAYS":0.557012555037,"PREMIUM_EXPENSE":null,"LOAN_DEPOSIT":null,"LOAN_EQUITY":null,"LOAN_ASSETS":null,"DEPOSIT_EQUITY":null,"DEPOSIT_ASSETS":null,"EQUITY_MULTIPLIER":1.259091018645,"EQUITY_RATIO":0.262563379027},{"SECUCODE":"00738.HK","SECURITY_CODE":"00738","SECURITY_NAME_ABBR":"莱尔斯丹","ORG_CODE":"10009096","STD_REPORT_DATE":"2021-06-30 00:00:00","REPORT_DATE":"2021-08-31 00:00:00","DATE_TYPE_CODE":"002","REPORT_TYPE":"2021年中报","PER_NETCASH_OPERATE":0.025447125243,"PER_OI":0.396013537763,"BPS":0.993496115414,"BASIC_EPS":-0.0032,"DILUTED_EPS":-0.0032,"OPERATE_INCOME":279544000,"OPERATE_INCOME_YOY":7.2228849348,"GROSS_PROFIT":168030000,"GROSS_PROFIT_YOY":2.59055969033,"HOLDER_PROFIT":-2230000,"HOLDER_PROFIT_YOY":92.5155227387,"GROSS_PROFIT_RATIO":60.10860544315,"EPS_TTM":0.150382126204,"OPERATE_INCOME_QOQ":0,"NET_PROFIT_RATIO":-0.8878745385,"ROE_AVG":-0.262510292934,"GROSS_PROFIT_QOQ":0,"ROA":-0.213944068497,"HOLDER_PROFIT_QOQ":0,"ROE_YEARLY":-0.525020585869,"ROIC_YEARLY":-1.107839204343,"TOTAL_ASSETS":929579000,"TOTAL_LIABILITIES":218861000,"TAX_EBT":203.719180944421,"OCF_SALES":6.425822053058,"TOTAL_PARENT_EQUITY":701304000,"DEBT_ASSET_RATIO":23.5440989954,"OPERATE_PROFIT":-1192000,"PRETAX_PROFIT":2393000,"NETCASH_OPERATE":17963000,"NETCASH_INVEST":-62500000,"NETCASH_FINANCE":-263461000,"END_CASH":434156000,"DIVI_RATIO":0.301741311586,"DIVIDEND_RATE":19.230769230769,"CURRENT_RATIO":4.164776846091,"COMMON_ACS":1000000000,"CURRENTDEBT_DEBT":84.459999725853,"ISSUED_COMMON_SHARES":705895060,"HK_COMMON_SHARES":705895060,"PER_SHARES":2000,"TOTAL_MARKET_CAP":183532715.6,"HKSK_MARKET_CAP":183532715.6,"PE_TTM":-3.495501108085,"PB_TTM":0.311293227249,"REPORT_DATE_SQ":"2020-06-30 00:00:00","REPORT_TYPE_SQ":"2020年中报","OPERATE_INCOME_SQ":260713000,"DPS_HKD":0.05,"OPERATE_INCOME_QOQ_SQ":0,"NET_PROFIT_RATIO_SQ":-11.4647140726,"HOLDER_PROFIT_SQ":-29795000,"HOLDER_PROFIT_QOQ_SQ":0,"ROE_AVG_SQ":-3.194876188495,"PE_TTM_SQ":-6.705851668962,"PB_TTM_SQ":0.421862718158,"ROA_SQ":-2.727538203386,"START_DATE":"2021-03-01 00:00:00","FISCAL_YEAR":"2-28","CURRENCY":"HKD","IS_CNY_CODE":0,"DPS_HKD_LY":0.35,"ORG_TYPE":"一般企业","PREMIUM_INCOME":null,"PREMIUM_INCOME_YOY":null,"NET_INTEREST_INCOME":null,"NET_INTEREST_INCOME_YOY":null,"FEE_COMMISSION_INCOME":null,"FEE_COMMISSION_INCOME_YOY":null,"ACCOUNTS_RECE_TDAYS":5.571269132653,"INVENTORY_TDAYS":0.673816889834,"CURRENT_ASSETS_TDAYS":0.314870236437,"TOTAL_ASSETS_TDAYS":0.268191841632,"PREMIUM_EXPENSE":null,"LOAN_DEPOSIT":null,"LOAN_EQUITY":null,"LOAN_ASSETS":null,"DEPOSIT_EQUITY":null,"DEPOSIT_ASSETS":null,"EQUITY_MULTIPLIER":1.307943516276,"EQUITY_RATIO":0.312077216157},{"SECUCODE":"00738.HK","SECURITY_CODE":"00738","SECURITY_NAME_ABBR":"莱尔斯丹","ORG_CODE":"10009096","STD_REPORT_DATE":"2020-12-31 00:00:00","REPORT_DATE":"2021-02-28 00:00:00","DATE_TYPE_CODE":"001","REPORT_TYPE":"2020年年报","PER_NETCASH_OPERATE":0.13322801834,"PER_OI":0.841792263003,"BPS":1.413350307339,"BASIC_EPS":0.1504,"DILUTED_EPS":0.1504,"OPERATE_INCOME":594217000,"OPERATE_INCOME_YOY":-19.3064244752,"GROSS_PROFIT":355323000,"GROSS_PROFIT_YOY":-22.159373459664,"HOLDER_PROFIT":106154000,"HOLDER_PROFIT_YOY":447.8292211409,"GROSS_PROFIT_RATIO":59.796841894459,"EPS_TTM":-0.088826234313,"OPERATE_INCOME_QOQ":0,"NET_PROFIT_RATIO":17.8640126418,"ROE_AVG":10.89257239722,"GROSS_PROFIT_QOQ":0,"ROA":9.391080181233,"HOLDER_PROFIT_QOQ":0,"ROE_YEARLY":10.89257239722,"ROIC_YEARLY":21.73592106974,"TOTAL_ASSETS":1155078000,"TOTAL_LIABILITIES":147131000,"TAX_EBT":36.842324466155,"OCF_SALES":15.82670977101,"TOTAL_PARENT_EQUITY":997677000,"DEBT_ASSET_RATIO":12.7377545066,"OPERATE_PROFIT":163106000,"PRETAX_PROFIT":168073000,"NETCASH_OPERATE":94045000,"NETCASH_INVEST":240858000,"NETCASH_FINANCE":-53567000,"END_CASH":742382000,"DIVI_RATIO":-0.510845701733,"DIVIDEND_RATE":19.230769230769,"CURRENT_RATIO":8.963069574284,"COMMON_ACS":1000000000,"CURRENTDEBT_DEBT":76.266048623336,"ISSUED_COMMON_SHARES":705895060,"HK_COMMON_SHARES":705895060,"PER_SHARES":2000,"TOTAL_MARKET_CAP":183532715.6,"HKSK_MARKET_CAP":183532715.6,"PE_TTM":-3.495501108085,"PB_TTM":0.311293227249,"REPORT_DATE_SQ":"2019-12-31 00:00:00","REPORT_TYPE_SQ":"2019年年报","OPERATE_INCOME_SQ":736387000,"DPS_HKD":0.05,"OPERATE_INCOME_QOQ_SQ":0,"NET_PROFIT_RATIO_SQ":-4.1174002257,"HOLDER_PROFIT_SQ":-30519000,"HOLDER_PROFIT_QOQ_SQ":0,"ROE_AVG_SQ":-2.869477285773,"PE_TTM_SQ":-6.705851668962,"PB_TTM_SQ":0.421862718158,"ROA_SQ":-2.509970923024,"START_DATE":"2020-02-29 00:00:00","FISCAL_YEAR":"2-28","CURRENCY":"HKD","IS_CNY_CODE":0,"DPS_HKD_LY":0.05,"ORG_TYPE":"一般企业","PREMIUM_INCOME":null,"PREMIUM_INCOME_YOY":null,"NET_INTEREST_INCOME":null,"NET_INTEREST_INCOME_YOY":null,"FEE_COMMISSION_INCOME":null,"FEE_COMMISSION_INCOME_YOY":null,"ACCOUNTS_RECE_TDAYS":10.720326904689,"INVENTORY_TDAYS":1.122387470665,"CURRENT_ASSETS_TDAYS":0.630561626297,"TOTAL_ASSETS_TDAYS":0.525683393188,"PREMIUM_EXPENSE":null,"LOAN_DEPOSIT":null,"LOAN_EQUITY":null,"LOAN_ASSETS":null,"DEPOSIT_EQUITY":null,"DEPOSIT_ASSETS":null,"EQUITY_MULTIPLIER":1.145970968711,"EQUITY_RATIO":0.147473581129},{"SECUCODE":"00738.HK","SECURITY_CODE":"00738","SECURITY_NAME_ABBR":"莱尔斯丹","ORG_CODE":"10009096","STD_REPORT_DATE":"2020-06-30 00:00:00","REPORT_DATE":"2020-08-31 00:00:00","DATE_TYPE_CODE":"002","REPORT_TYPE":"2020年中报","PER_NETCASH_OPERATE":0.101686502807,"PER_OI":0.369336767989,"BPS":1.294445947816,"BASIC_EPS":-0.0422,"DILUTED_EPS":-0.0422,"OPERATE_INCOME":260713000,"OPERATE_INCOME_YOY":-30.7946931971,"GROSS_PROFIT":163787000,"GROSS_PROFIT_YOY":-32.092408091513,"HOLDER_PROFIT":-29795000,"HOLDER_PROFIT_YOY":-1347.6968174204,"GROSS_PROFIT_RATIO":62.822720769582,"EPS_TTM":-0.043234471707,"OPERATE_INCOME_QOQ":0,"NET_PROFIT_RATIO":-11.4647140726,"ROE_AVG":-3.194876188495,"GROSS_PROFIT_QOQ":0,"ROA":-2.727538203386,"HOLDER_PROFIT_QOQ":0,"ROE_YEARLY":-6.38975237699,"ROIC_YEARLY":-10.915528754697,"TOTAL_ASSETS":1079091000,"TOTAL_LIABILITIES":155170000,"TAX_EBT":-24.412070759625,"OCF_SALES":27.532190569707,"TOTAL_PARENT_EQUITY":913743000,"DEBT_ASSET_RATIO":14.379695503,"OPERATE_PROFIT":-26214000,"PRETAX_PROFIT":-24025000,"NETCASH_OPERATE":71780000,"NETCASH_INVEST":1325000,"NETCASH_FINANCE":-12788000,"END_CASH":527809000,"DIVI_RATIO":-1.04954445395,"DIVIDEND_RATE":19.230769230769,"CURRENT_RATIO":7.484096624372,"COMMON_ACS":1000000000,"CURRENTDEBT_DEBT":78.675646065606,"ISSUED_COMMON_SHARES":705895060,"HK_COMMON_SHARES":705895060,"PER_SHARES":2000,"TOTAL_MARKET_CAP":183532715.6,"HKSK_MARKET_CAP":183532715.6,"PE_TTM":-3.495501108085,"PB_TTM":0.311293227249,"REPORT_DATE_SQ":"2019-06-30 00:00:00","REPORT_TYPE_SQ":"2019年中报","OPERATE_INCOME_SQ":376724000,"DPS_HKD":0.05,"OPERATE_INCOME_QOQ_SQ":0,"NET_PROFIT_RATIO_SQ":0.6272496576,"HOLDER_PROFIT_SQ":2388000,"HOLDER_PROFIT_QOQ_SQ":0,"ROE_AVG_SQ":0.221459807781,"PE_TTM_SQ":-6.705851668962,"PB_TTM_SQ":0.421862718158,"ROA_SQ":0.188358973712,"START_DATE":"2020-03-01 00:00:00","FISCAL_YEAR":"2-28","CURRENCY":"HKD","IS_CNY_CODE":0,"DPS_HKD_LY":0.05,"ORG_TYPE":"一般企业","PREMIUM_INCOME":null,"PREMIUM_INCOME_YOY":null,"NET_INTEREST_INCOME":null,"NET_INTEREST_INCOME_YOY":null,"FEE_COMMISSION_INCOME":null,"FEE_COMMISSION_INCOME_YOY":null,"ACCOUNTS_RECE_TDAYS":4.790272941911,"INVENTORY_TDAYS":0.390588889538,"CURRENT_ASSETS_TDAYS":0.290871421606,"TOTAL_ASSETS_TDAYS":0.238665771982,"PREMIUM_EXPENSE":null,"LOAN_DEPOSIT":null,"LOAN_EQUITY":null,"LOAN_ASSETS":null,"DEPOSIT_EQUITY":null,"DEPOSIT_ASSETS":null,"EQUITY_MULTIPLIER":1.16794725956,"EQUITY_RATIO":0.169817990398}],"count":48},"success":true,"message":"ok","code":0}