{"version":"2a1eaddaeac0dcee53311a78cdda0ace","result":{"pages":5,"data":[{"SECUCODE":"00733.HK","SECURITY_CODE":"00733","SECURITY_NAME_ABBR":"合富辉煌","ORG_CODE":"10009092","STD_REPORT_DATE":"2024-06-30 00:00:00","REPORT_DATE":"2024-06-30 00:00:00","DATE_TYPE_CODE":"002","REPORT_TYPE":"2024年中报","PER_NETCASH_OPERATE":-0.057997792536,"PER_OI":0.571364901172,"BPS":1.978660217407,"BASIC_EPS":-0.159719,"DILUTED_EPS":-0.159719,"OPERATE_INCOME":385185641.84,"OPERATE_INCOME_YOY":-39.7003290465,"GROSS_PROFIT":385185641.84,"GROSS_PROFIT_YOY":-40.308571025611,"HOLDER_PROFIT":-107655169.4,"HOLDER_PROFIT_YOY":22.2240538046,"GROSS_PROFIT_RATIO":null,"EPS_TTM":-0.666001926761,"OPERATE_INCOME_QOQ":-22.172540545185,"NET_PROFIT_RATIO":-27.7882560338,"ROE_AVG":-7.695835877843,"GROSS_PROFIT_QOQ":-22.172540545185,"ROA":-5.761258582605,"HOLDER_PROFIT_QOQ":6.686441923532,"ROE_YEARLY":-15.391671755685,"ROIC_YEARLY":-13.209615789497,"TOTAL_ASSETS":1779451283.32,"TOTAL_LIABILITIES":439474586.28,"TAX_EBT":-0.080216413644,"OCF_SALES":-10.15074471967,"TOTAL_PARENT_EQUITY":1333913763.8,"DEBT_ASSET_RATIO":24.6971968494,"OPERATE_PROFIT":-99190975.08,"PRETAX_PROFIT":-106950580.44,"NETCASH_OPERATE":-39099211.2,"NETCASH_INVEST":10780576.16,"NETCASH_FINANCE":-45123811.88,"END_CASH":192252391.28,"DIVI_RATIO":null,"DIVIDEND_RATE":null,"CURRENT_RATIO":4.677137664126,"COMMON_ACS":8000000000,"CURRENTDEBT_DEBT":56.102018395875,"ISSUED_COMMON_SHARES":674149989,"HK_COMMON_SHARES":674149989,"PER_SHARES":2000,"TOTAL_MARKET_CAP":320221244.775,"HKSK_MARKET_CAP":320221244.775,"PE_TTM":-0.643990879295,"PB_TTM":0.219099265344,"REPORT_DATE_SQ":"2023-06-30 00:00:00","REPORT_TYPE_SQ":"2023年中报","OPERATE_INCOME_SQ":645294723.98,"DPS_HKD":null,"OPERATE_INCOME_QOQ_SQ":-140.057750273618,"NET_PROFIT_RATIO_SQ":-21.5816236868,"HOLDER_PROFIT_SQ":-139827486.8,"HOLDER_PROFIT_QOQ_SQ":53.391403047516,"ROE_AVG_SQ":-7.258433693567,"PE_TTM_SQ":-1.569308118131,"PB_TTM_SQ":0.196961554824,"ROA_SQ":-5.434027056195,"START_DATE":"2024-01-01 00:00:00","FISCAL_YEAR":"12-31","CURRENCY":"HKD","IS_CNY_CODE":0,"DPS_HKD_LY":null,"ORG_TYPE":"一般企业","PREMIUM_INCOME":null,"PREMIUM_INCOME_YOY":null,"NET_INTEREST_INCOME":null,"NET_INTEREST_INCOME_YOY":null,"FEE_COMMISSION_INCOME":null,"FEE_COMMISSION_INCOME_YOY":null,"ACCOUNTS_RECE_TDAYS":0.744717306413,"INVENTORY_TDAYS":null,"CURRENT_ASSETS_TDAYS":0.305149328949,"TOTAL_ASSETS_TDAYS":0.206135394827,"PREMIUM_EXPENSE":null,"LOAN_DEPOSIT":null,"LOAN_EQUITY":null,"LOAN_ASSETS":null,"DEPOSIT_EQUITY":null,"DEPOSIT_ASSETS":null,"EQUITY_MULTIPLIER":1.327971812683,"EQUITY_RATIO":0.329462517148},{"SECUCODE":"00733.HK","SECURITY_CODE":"00733","SECURITY_NAME_ABBR":"合富辉煌","ORG_CODE":"10009092","STD_REPORT_DATE":"2023-12-31 00:00:00","REPORT_DATE":"2023-12-31 00:00:00","DATE_TYPE_CODE":"001","REPORT_TYPE":"2023年年报","PER_NETCASH_OPERATE":0.023822637547,"PER_OI":1.740137343323,"BPS":2.156013221533,"BASIC_EPS":-0.71410136,"DILUTED_EPS":-0.71410136,"OPERATE_INCOME":1173113570.86,"OPERATE_INCOME_YOY":-14.6584857423,"GROSS_PROFIT":1173113570.86,"GROSS_PROFIT_YOY":-13.421264510579,"HOLDER_PROFIT":-481157509,"HOLDER_PROFIT_YOY":8.5163609171,"GROSS_PROFIT_RATIO":null,"EPS_TTM":-0.713724715347,"OPERATE_INCOME_QOQ":316.134792638224,"NET_PROFIT_RATIO":-40.8970786697,"ROE_AVG":-27.712932745444,"GROSS_PROFIT_QOQ":316.134792638224,"ROA":-20.4365362698,"HOLDER_PROFIT_QOQ":-99.126149653484,"ROE_YEARLY":-27.712932745444,"ROIC_YEARLY":-23.64876451407,"TOTAL_ASSETS":1943901710.52,"TOTAL_LIABILITIES":484059225.44,"TAX_EBT":10.896391544365,"OCF_SALES":1.369009040465,"TOTAL_PARENT_EQUITY":1453476289.58,"DEBT_ASSET_RATIO":24.9014249445,"OPERATE_PROFIT":-514658649.96,"PRETAX_PROFIT":-538439675.2,"NETCASH_OPERATE":16060030.84,"NETCASH_INVEST":31051628.3,"NETCASH_FINANCE":-95706800.42,"END_CASH":270650758.98,"DIVI_RATIO":null,"DIVIDEND_RATE":null,"CURRENT_RATIO":4.263237038172,"COMMON_ACS":8000000000,"CURRENTDEBT_DEBT":65.984588656412,"ISSUED_COMMON_SHARES":674149989,"HK_COMMON_SHARES":674149989,"PER_SHARES":2000,"TOTAL_MARKET_CAP":397748493.51,"HKSK_MARKET_CAP":397748493.51,"PE_TTM":-0.799904460598,"PB_TTM":0.272144350638,"REPORT_DATE_SQ":"2022-12-31 00:00:00","REPORT_TYPE_SQ":"2022年年报","OPERATE_INCOME_SQ":1354967318.74,"DPS_HKD":null,"OPERATE_INCOME_QOQ_SQ":-73.590919472264,"NET_PROFIT_RATIO_SQ":-49.3365250102,"HOLDER_PROFIT_SQ":-518433362.79,"HOLDER_PROFIT_QOQ_SQ":41.706184104997,"ROE_AVG_SQ":-22.43189722661,"PE_TTM_SQ":-3.02848935078,"PB_TTM_SQ":0.380101246151,"ROA_SQ":-11.555400875709,"START_DATE":"2023-01-01 00:00:00","FISCAL_YEAR":"12-31","CURRENCY":"HKD","IS_CNY_CODE":0,"DPS_HKD_LY":null,"ORG_TYPE":"一般企业","PREMIUM_INCOME":null,"PREMIUM_INCOME_YOY":null,"NET_INTEREST_INCOME":null,"NET_INTEREST_INCOME_YOY":null,"FEE_COMMISSION_INCOME":null,"FEE_COMMISSION_INCOME_YOY":null,"ACCOUNTS_RECE_TDAYS":2.097994567472,"INVENTORY_TDAYS":null,"CURRENT_ASSETS_TDAYS":0.776898528589,"TOTAL_ASSETS_TDAYS":0.498264655358,"PREMIUM_EXPENSE":null,"LOAN_DEPOSIT":null,"LOAN_EQUITY":null,"LOAN_ASSETS":null,"DEPOSIT_EQUITY":null,"DEPOSIT_ASSETS":null,"EQUITY_MULTIPLIER":1.331583188178,"EQUITY_RATIO":0.33303551555},{"SECUCODE":"00733.HK","SECURITY_CODE":"00733","SECURITY_NAME_ABBR":"合富辉煌","ORG_CODE":"10009092","STD_REPORT_DATE":"2023-06-30 00:00:00","REPORT_DATE":"2023-06-30 00:00:00","DATE_TYPE_CODE":"002","REPORT_TYPE":"2023年中报","PER_NETCASH_OPERATE":0.056512731857,"PER_OI":0.957197559162,"BPS":2.668178571549,"BASIC_EPS":-0.2074455,"DILUTED_EPS":-0.2074455,"OPERATE_INCOME":645294723.98,"OPERATE_INCOME_YOY":-76.4631958421,"GROSS_PROFIT":645294723.98,"GROSS_PROFIT_YOY":-74.624980767474,"HOLDER_PROFIT":-139827486.8,"HOLDER_PROFIT_YOY":68.8694388453,"GROSS_PROFIT_RATIO":null,"EPS_TTM":-0.358428421676,"OPERATE_INCOME_QOQ":-140.057750273618,"NET_PROFIT_RATIO":-21.5816236868,"ROE_AVG":-7.258433693567,"GROSS_PROFIT_QOQ":-140.057750273618,"ROA":-5.434027056195,"HOLDER_PROFIT_QOQ":53.391403047516,"ROE_YEARLY":-14.516867387134,"ROIC_YEARLY":-12.489199284296,"TOTAL_ASSETS":2333387551.12,"TOTAL_LIABILITIES":528676239.72,"TAX_EBT":15.220941914699,"OCF_SALES":5.903977848296,"TOTAL_PARENT_EQUITY":1798752554.66,"DEBT_ASSET_RATIO":22.6570266678,"OPERATE_PROFIT":-149173598.06,"PRETAX_PROFIT":-164268254.62,"NETCASH_OPERATE":38098057.56,"NETCASH_INVEST":-5236846.4,"NETCASH_FINANCE":-75335907.78,"END_CASH":293171200.4,"DIVI_RATIO":null,"DIVIDEND_RATE":null,"CURRENT_RATIO":4.801807126444,"COMMON_ACS":8000000000,"CURRENTDEBT_DEBT":60.488408026313,"ISSUED_COMMON_SHARES":674149989,"HK_COMMON_SHARES":674149989,"PER_SHARES":2000,"TOTAL_MARKET_CAP":397748493.51,"HKSK_MARKET_CAP":397748493.51,"PE_TTM":-0.799904460598,"PB_TTM":0.272144350638,"REPORT_DATE_SQ":"2022-06-30 00:00:00","REPORT_TYPE_SQ":"2022年中报","OPERATE_INCOME_SQ":2543031467.55,"DPS_HKD":null,"OPERATE_INCOME_QOQ_SQ":-12.42801659058,"NET_PROFIT_RATIO_SQ":-22.3252943778,"HOLDER_PROFIT_SQ":-416626333.06,"HOLDER_PROFIT_QOQ_SQ":-99.661013999026,"ROE_AVG_SQ":-18.402691801734,"PE_TTM_SQ":-3.02848935078,"PB_TTM_SQ":0.380101246151,"ROA_SQ":-7.440295581211,"START_DATE":"2023-01-01 00:00:00","FISCAL_YEAR":"12-31","CURRENCY":"HKD","IS_CNY_CODE":0,"DPS_HKD_LY":null,"ORG_TYPE":"一般企业","PREMIUM_INCOME":null,"PREMIUM_INCOME_YOY":null,"NET_INTEREST_INCOME":null,"NET_INTEREST_INCOME_YOY":null,"FEE_COMMISSION_INCOME":null,"FEE_COMMISSION_INCOME_YOY":null,"ACCOUNTS_RECE_TDAYS":1.075379393738,"INVENTORY_TDAYS":null,"CURRENT_ASSETS_TDAYS":0.400469187405,"TOTAL_ASSETS_TDAYS":0.250776801441,"PREMIUM_EXPENSE":null,"LOAN_DEPOSIT":null,"LOAN_EQUITY":null,"LOAN_ASSETS":null,"DEPOSIT_EQUITY":null,"DEPOSIT_ASSETS":null,"EQUITY_MULTIPLIER":1.292942276352,"EQUITY_RATIO":0.293912710979},{"SECUCODE":"00733.HK","SECURITY_CODE":"00733","SECURITY_NAME_ABBR":"合富辉煌","ORG_CODE":"10009092","STD_REPORT_DATE":"2022-12-31 00:00:00","REPORT_DATE":"2022-12-31 00:00:00","DATE_TYPE_CODE":"001","REPORT_TYPE":"2022年年报","PER_NETCASH_OPERATE":0.66267212512,"PER_OI":2.009889996067,"BPS":2.952032474067,"BASIC_EPS":-0.76910547,"DILUTED_EPS":-0.76910547,"OPERATE_INCOME":1354967318.74,"OPERATE_INCOME_YOY":-43.1704483424,"GROSS_PROFIT":1354967318.74,"GROSS_PROFIT_YOY":-37.910795487797,"HOLDER_PROFIT":-518433362.79,"HOLDER_PROFIT_YOY":-6.5304818841,"GROSS_PROFIT_RATIO":null,"EPS_TTM":-0.769017831713,"OPERATE_INCOME_QOQ":-73.590919472264,"NET_PROFIT_RATIO":-49.3365250102,"ROE_AVG":-22.43189722661,"GROSS_PROFIT_QOQ":-73.590919472264,"ROA":-11.555400875709,"HOLDER_PROFIT_QOQ":41.706184104997,"ROE_YEARLY":-22.43189722661,"ROIC_YEARLY":-17.175251624153,"TOTAL_ASSETS":2725384635.4,"TOTAL_LIABILITIES":729789084.22,"TAX_EBT":-6.741740463215,"OCF_SALES":32.970566867652,"TOTAL_PARENT_EQUITY":1990112659.92,"DEBT_ASSET_RATIO":26.7774711408,"OPERATE_PROFIT":-249899428.66,"PRETAX_PROFIT":-293735760.64,"NETCASH_OPERATE":444693031.02,"NETCASH_INVEST":-675402340.27,"NETCASH_FINANCE":-874541701.18,"END_CASH":351918008.82,"DIVI_RATIO":null,"DIVIDEND_RATE":null,"CURRENT_RATIO":3.720328300797,"COMMON_ACS":8000000000,"CURRENTDEBT_DEBT":60.204948432409,"ISSUED_COMMON_SHARES":674149989,"HK_COMMON_SHARES":674149989,"PER_SHARES":2000,"TOTAL_MARKET_CAP":397748493.51,"HKSK_MARKET_CAP":397748493.51,"PE_TTM":-0.799904460598,"PB_TTM":0.272144350638,"REPORT_DATE_SQ":"2021-12-31 00:00:00","REPORT_TYPE_SQ":"2021年年报","OPERATE_INCOME_SQ":2182291316.8,"DPS_HKD":null,"OPERATE_INCOME_QOQ_SQ":-3.961507674682,"NET_PROFIT_RATIO_SQ":-10.5043219401,"HOLDER_PROFIT_SQ":-445427662.4,"HOLDER_PROFIT_QOQ_SQ":-483.91121133264,"ROE_AVG_SQ":-16.956377553363,"PE_TTM_SQ":-3.02848935078,"PB_TTM_SQ":0.380101246151,"ROA_SQ":-7.532297654331,"START_DATE":"2022-01-01 00:00:00","FISCAL_YEAR":"12-31","CURRENCY":"HKD","IS_CNY_CODE":0,"DPS_HKD_LY":null,"ORG_TYPE":"一般企业","PREMIUM_INCOME":null,"PREMIUM_INCOME_YOY":null,"NET_INTEREST_INCOME":null,"NET_INTEREST_INCOME_YOY":null,"FEE_COMMISSION_INCOME":null,"FEE_COMMISSION_INCOME_YOY":null,"ACCOUNTS_RECE_TDAYS":1.630023969013,"INVENTORY_TDAYS":null,"CURRENT_ASSETS_TDAYS":0.400681775707,"TOTAL_ASSETS_TDAYS":0.302009702023,"PREMIUM_EXPENSE":null,"LOAN_DEPOSIT":null,"LOAN_EQUITY":null,"LOAN_ASSETS":null,"DEPOSIT_EQUITY":null,"DEPOSIT_ASSETS":null,"EQUITY_MULTIPLIER":1.365699895346,"EQUITY_RATIO":0.366707422609},{"SECUCODE":"00733.HK","SECURITY_CODE":"00733","SECURITY_NAME_ABBR":"合富辉煌","ORG_CODE":"10009092","STD_REPORT_DATE":"2022-06-30 00:00:00","REPORT_DATE":"2022-06-30 00:00:00","DATE_TYPE_CODE":"002","REPORT_TYPE":"2022年中报","PER_NETCASH_OPERATE":-0.159514534591,"PER_OI":3.772204270629,"BPS":2.978446114282,"BASIC_EPS":-0.617960294,"DILUTED_EPS":-0.617960294,"OPERATE_INCOME":2543031467.55,"OPERATE_INCOME_YOY":-24.3600038969,"GROSS_PROFIT":2543031467.55,"GROSS_PROFIT_YOY":-22.259195909774,"HOLDER_PROFIT":-416626333.06,"HOLDER_PROFIT_YOY":-1585.3318698741,"GROSS_PROFIT_RATIO":null,"EPS_TTM":-1.319209970913,"OPERATE_INCOME_QOQ":-12.42801659058,"NET_PROFIT_RATIO":-22.3252943778,"ROE_AVG":-18.402691801734,"GROSS_PROFIT_QOQ":-12.42801659058,"ROA":-7.440295581211,"HOLDER_PROFIT_QOQ":-99.661013999026,"ROE_YEARLY":-36.805383603467,"ROIC_YEARLY":-22.215047850174,"TOTAL_ASSETS":5217902446.26,"TOTAL_LIABILITIES":2397154867.73,"TAX_EBT":-3.463726330554,"OCF_SALES":-4.228682307404,"TOTAL_PARENT_EQUITY":2007919415.18,"DEBT_ASSET_RATIO":45.9409675136,"OPERATE_PROFIT":-527380279.58,"PRETAX_PROFIT":-548732663.5,"NETCASH_OPERATE":-107536721.74,"NETCASH_INVEST":-3933018.81,"NETCASH_FINANCE":-142315588.66,"END_CASH":415966981.57,"DIVI_RATIO":null,"DIVIDEND_RATE":null,"CURRENT_RATIO":2.162602636458,"COMMON_ACS":8000000000,"CURRENTDEBT_DEBT":87.548745713178,"ISSUED_COMMON_SHARES":674149989,"HK_COMMON_SHARES":674149989,"PER_SHARES":2000,"TOTAL_MARKET_CAP":397748493.51,"HKSK_MARKET_CAP":397748493.51,"PE_TTM":-0.799904460598,"PB_TTM":0.272144350638,"REPORT_DATE_SQ":"2021-06-30 00:00:00","REPORT_TYPE_SQ":"2021年中报","OPERATE_INCOME_SQ":3271166921.04,"DPS_HKD":null,"OPERATE_INCOME_QOQ_SQ":17.049818134289,"NET_PROFIT_RATIO_SQ":1.0667682782,"HOLDER_PROFIT_SQ":27291391.92,"HOLDER_PROFIT_QOQ_SQ":-25.05927871203,"ROE_AVG_SQ":0.936562784029,"PE_TTM_SQ":-3.02848935078,"PB_TTM_SQ":0.380101246151,"ROA_SQ":0.432980524853,"START_DATE":"2022-01-01 00:00:00","FISCAL_YEAR":"12-31","CURRENCY":"HKD","IS_CNY_CODE":0,"DPS_HKD_LY":null,"ORG_TYPE":"一般企业","PREMIUM_INCOME":null,"PREMIUM_INCOME_YOY":null,"NET_INTEREST_INCOME":null,"NET_INTEREST_INCOME_YOY":null,"FEE_COMMISSION_INCOME":null,"FEE_COMMISSION_INCOME_YOY":null,"ACCOUNTS_RECE_TDAYS":2.993674177082,"INVENTORY_TDAYS":null,"CURRENT_ASSETS_TDAYS":0.53828268591,"TOTAL_ASSETS_TDAYS":0.454145700583,"PREMIUM_EXPENSE":null,"LOAN_DEPOSIT":null,"LOAN_EQUITY":null,"LOAN_ASSETS":null,"DEPOSIT_EQUITY":null,"DEPOSIT_ASSETS":null,"EQUITY_MULTIPLIER":1.849829628844,"EQUITY_RATIO":1.193850136419},{"SECUCODE":"00733.HK","SECURITY_CODE":"00733","SECURITY_NAME_ABBR":"合富辉煌","ORG_CODE":"10009092","STD_REPORT_DATE":"2021-12-31 00:00:00","REPORT_DATE":"2021-12-31 00:00:00","DATE_TYPE_CODE":"001","REPORT_TYPE":"2021年年报","PER_NETCASH_OPERATE":-1.239435049223,"PER_OI":3.237100574662,"BPS":3.573685209687,"BASIC_EPS":-0.6606208,"DILUTED_EPS":-0.6606208,"OPERATE_INCOME":2182291316.8,"OPERATE_INCOME_YOY":15.7181712732,"GROSS_PROFIT":2182291316.8,"GROSS_PROFIT_YOY":-58.12850686168,"HOLDER_PROFIT":-445427662.4,"HOLDER_PROFIT_YOY":-396.1652831461,"GROSS_PROFIT_RATIO":null,"EPS_TTM":-0.66072486786,"OPERATE_INCOME_QOQ":-3.961507674682,"NET_PROFIT_RATIO":-10.5043219401,"ROE_AVG":-16.956377553363,"GROSS_PROFIT_QOQ":-3.961507674682,"ROA":-7.532297654331,"HOLDER_PROFIT_QOQ":-483.91121133264,"ROE_YEARLY":-16.956377553363,"ROIC_YEARLY":-14.787816966228,"TOTAL_ASSETS":5718376977.6,"TOTAL_LIABILITIES":2356015782.4,"TAX_EBT":14.661983967071,"OCF_SALES":-14.261655827568,"TOTAL_PARENT_EQUITY":2409199844.8,"DEBT_ASSET_RATIO":41.2007776267,"OPERATE_PROFIT":-571866232,"PRETAX_PROFIT":-625301297.6,"NETCASH_OPERATE":-835565124.8,"NETCASH_INVEST":-10245345.6,"NETCASH_FINANCE":-153645027.2,"END_CASH":1407023374.4,"DIVI_RATIO":null,"DIVIDEND_RATE":null,"CURRENT_RATIO":2.322537035584,"COMMON_ACS":8000000000,"CURRENTDEBT_DEBT":85.787805765083,"ISSUED_COMMON_SHARES":674149989,"HK_COMMON_SHARES":674149989,"PER_SHARES":2000,"TOTAL_MARKET_CAP":397748493.51,"HKSK_MARKET_CAP":397748493.51,"PE_TTM":-0.799904460598,"PB_TTM":0.272144350638,"REPORT_DATE_SQ":"2020-12-31 00:00:00","REPORT_TYPE_SQ":"2020年年报","OPERATE_INCOME_SQ":5211878424.28,"DPS_HKD":null,"OPERATE_INCOME_QOQ_SQ":-0.267265164762,"NET_PROFIT_RATIO_SQ":5.9163730735,"HOLDER_PROFIT_SQ":154820519.64,"HOLDER_PROFIT_QOQ_SQ":-61.936613246728,"ROE_AVG_SQ":5.451591273649,"PE_TTM_SQ":-3.02848935078,"PB_TTM_SQ":0.380101246151,"ROA_SQ":2.656087999998,"START_DATE":"2021-01-01 00:00:00","FISCAL_YEAR":"12-31","CURRENCY":"HKD","IS_CNY_CODE":0,"DPS_HKD_LY":0.03,"ORG_TYPE":"一般企业","PREMIUM_INCOME":null,"PREMIUM_INCOME_YOY":null,"NET_INTEREST_INCOME":null,"NET_INTEREST_INCOME_YOY":null,"FEE_COMMISSION_INCOME":null,"FEE_COMMISSION_INCOME_YOY":null,"ACCOUNTS_RECE_TDAYS":1.448874671727,"INVENTORY_TDAYS":null,"CURRENT_ASSETS_TDAYS":1.189942804232,"TOTAL_ASSETS_TDAYS":0.990742155968,"PREMIUM_EXPENSE":null,"LOAN_DEPOSIT":null,"LOAN_EQUITY":null,"LOAN_ASSETS":null,"DEPOSIT_EQUITY":null,"DEPOSIT_ASSETS":null,"EQUITY_MULTIPLIER":1.700702763807,"EQUITY_RATIO":0.977924594958},{"SECUCODE":"00733.HK","SECURITY_CODE":"00733","SECURITY_NAME_ABBR":"合富辉煌","ORG_CODE":"10009092","STD_REPORT_DATE":"2021-06-30 00:00:00","REPORT_DATE":"2021-06-30 00:00:00","DATE_TYPE_CODE":"002","REPORT_TYPE":"2021年中报","PER_NETCASH_OPERATE":0.342003831554,"PER_OI":4.852283578455,"BPS":4.350669483553,"BASIC_EPS":0.040522296,"DILUTED_EPS":0.040522296,"OPERATE_INCOME":3271166921.04,"OPERATE_INCOME_YOY":50.7215733604,"GROSS_PROFIT":3271166921.04,"GROSS_PROFIT_YOY":37.296819453633,"HOLDER_PROFIT":27291391.92,"HOLDER_PROFIT_YOY":-54.6668325248,"GROSS_PROFIT_RATIO":null,"EPS_TTM":0.172103561541,"OPERATE_INCOME_QOQ":17.049818134289,"NET_PROFIT_RATIO":1.0667682782,"ROE_AVG":0.936562784029,"GROSS_PROFIT_QOQ":17.049818134289,"ROA":0.432980524853,"HOLDER_PROFIT_QOQ":-25.05927871203,"ROE_YEARLY":1.873125568058,"ROIC_YEARLY":1.983337341954,"TOTAL_ASSETS":6389340124.56,"TOTAL_LIABILITIES":2331675378,"TAX_EBT":26.567561415489,"OCF_SALES":7.048306761634,"TOTAL_PARENT_EQUITY":2933003784.48,"DEBT_ASSET_RATIO":36.4932110757,"OPERATE_PROFIT":69091762.8,"PRETAX_PROFIT":47520920.88,"NETCASH_OPERATE":230561879.28,"NETCASH_INVEST":-9385862.4,"NETCASH_FINANCE":-153403932.96,"END_CASH":2473820436.48,"DIVI_RATIO":null,"DIVIDEND_RATE":null,"CURRENT_RATIO":2.757864996818,"COMMON_ACS":8000000000,"CURRENTDEBT_DEBT":85.460232493822,"ISSUED_COMMON_SHARES":674149989,"HK_COMMON_SHARES":674149989,"PER_SHARES":2000,"TOTAL_MARKET_CAP":397748493.51,"HKSK_MARKET_CAP":397748493.51,"PE_TTM":-0.799904460598,"PB_TTM":0.272144350638,"REPORT_DATE_SQ":"2020-06-30 00:00:00","REPORT_TYPE_SQ":"2020年中报","OPERATE_INCOME_SQ":2382551128.32,"DPS_HKD":null,"OPERATE_INCOME_QOQ_SQ":-3.988496841347,"NET_PROFIT_RATIO_SQ":6.1554758451,"HOLDER_PROFIT_SQ":66088297.44,"HOLDER_PROFIT_QOQ_SQ":-6.246728568011,"ROE_AVG_SQ":2.204729208297,"PE_TTM_SQ":-3.02848935078,"PB_TTM_SQ":0.380101246151,"ROA_SQ":1.135008447735,"START_DATE":"2021-01-01 00:00:00","FISCAL_YEAR":"12-31","CURRENCY":"HKD","IS_CNY_CODE":0,"DPS_HKD_LY":0.03,"ORG_TYPE":"一般企业","PREMIUM_INCOME":null,"PREMIUM_INCOME_YOY":null,"NET_INTEREST_INCOME":null,"NET_INTEREST_INCOME_YOY":null,"FEE_COMMISSION_INCOME":null,"FEE_COMMISSION_INCOME_YOY":null,"ACCOUNTS_RECE_TDAYS":1.758509764857,"INVENTORY_TDAYS":null,"CURRENT_ASSETS_TDAYS":0.609171885833,"TOTAL_ASSETS_TDAYS":0.518973738865,"PREMIUM_EXPENSE":null,"LOAN_DEPOSIT":null,"LOAN_EQUITY":null,"LOAN_ASSETS":null,"DEPOSIT_EQUITY":null,"DEPOSIT_ASSETS":null,"EQUITY_MULTIPLIER":1.574634801945,"EQUITY_RATIO":0.794978646239},{"SECUCODE":"00733.HK","SECURITY_CODE":"00733","SECURITY_NAME_ABBR":"合富辉煌","ORG_CODE":"10009092","STD_REPORT_DATE":"2020-12-31 00:00:00","REPORT_DATE":"2020-12-31 00:00:00","DATE_TYPE_CODE":"001","REPORT_TYPE":"2020年年报","PER_NETCASH_OPERATE":1.006056634498,"PER_OI":7.73103687506,"BPS":4.343614035481,"BASIC_EPS":0.22976772,"DILUTED_EPS":0.22976772,"OPERATE_INCOME":5211878424.28,"OPERATE_INCOME_YOY":1.9145031153,"GROSS_PROFIT":5211878424.28,"GROSS_PROFIT_YOY":-4.245102143455,"HOLDER_PROFIT":154820519.64,"HOLDER_PROFIT_YOY":-62.018785062,"GROSS_PROFIT_RATIO":null,"EPS_TTM":0.22965292912,"OPERATE_INCOME_QOQ":-0.267265164762,"NET_PROFIT_RATIO":5.9163730735,"ROE_AVG":5.451591273649,"GROSS_PROFIT_QOQ":-0.267265164762,"ROA":2.656087999998,"HOLDER_PROFIT_QOQ":-61.936613246728,"ROE_YEARLY":5.451591273649,"ROIC_YEARLY":5.772039414076,"TOTAL_ASSETS":6288378907.92,"TOTAL_LIABILITIES":2237625344.36,"TAX_EBT":22.581333626351,"OCF_SALES":13.013217382823,"TOTAL_PARENT_EQUITY":2928247354.24,"DEBT_ASSET_RATIO":35.5835005671,"OPERATE_PROFIT":434219750.44,"PRETAX_PROFIT":398294347.04,"NETCASH_OPERATE":678233069.08,"NETCASH_INVEST":17432889.32,"NETCASH_FINANCE":-192776800.36,"END_CASH":2421422687.56,"DIVI_RATIO":null,"DIVIDEND_RATE":null,"CURRENT_RATIO":2.647511682106,"COMMON_ACS":8000000000,"CURRENTDEBT_DEBT":89.540364297807,"ISSUED_COMMON_SHARES":674149989,"HK_COMMON_SHARES":674149989,"PER_SHARES":2000,"TOTAL_MARKET_CAP":397748493.51,"HKSK_MARKET_CAP":397748493.51,"PE_TTM":-0.799904460598,"PB_TTM":0.272144350638,"REPORT_DATE_SQ":"2019-12-31 00:00:00","REPORT_TYPE_SQ":"2019年年报","OPERATE_INCOME_SQ":5442936644.44,"DPS_HKD":null,"OPERATE_INCOME_QOQ_SQ":-2.688523540302,"NET_PROFIT_RATIO_SQ":11.5217608116,"HOLDER_PROFIT_SQ":433845065.38,"HOLDER_PROFIT_QOQ_SQ":64.478811088037,"ROE_AVG_SQ":15.606126564935,"PE_TTM_SQ":-3.02848935078,"PB_TTM_SQ":0.380101246151,"ROA_SQ":7.905165629543,"START_DATE":"2020-01-01 00:00:00","FISCAL_YEAR":"12-31","CURRENCY":"HKD","IS_CNY_CODE":0,"DPS_HKD_LY":0.105,"ORG_TYPE":"一般企业","PREMIUM_INCOME":null,"PREMIUM_INCOME_YOY":null,"NET_INTEREST_INCOME":null,"NET_INTEREST_INCOME_YOY":null,"FEE_COMMISSION_INCOME":null,"FEE_COMMISSION_INCOME_YOY":null,"ACCOUNTS_RECE_TDAYS":3.012832152046,"INVENTORY_TDAYS":null,"CURRENT_ASSETS_TDAYS":1.07069411885,"TOTAL_ASSETS_TDAYS":0.894145541713,"PREMIUM_EXPENSE":null,"LOAN_DEPOSIT":null,"LOAN_EQUITY":null,"LOAN_ASSETS":null,"DEPOSIT_EQUITY":null,"DEPOSIT_ASSETS":null,"EQUITY_MULTIPLIER":1.552397303181,"EQUITY_RATIO":0.764151751429},{"SECUCODE":"00733.HK","SECURITY_CODE":"00733","SECURITY_NAME_ABBR":"合富辉煌","ORG_CODE":"10009092","STD_REPORT_DATE":"2020-06-30 00:00:00","REPORT_DATE":"2020-06-30 00:00:00","DATE_TYPE_CODE":"002","REPORT_TYPE":"2020年中报","PER_NETCASH_OPERATE":0.857210915774,"PER_OI":3.534155851362,"BPS":4.463134440903,"BASIC_EPS":0.098012112,"DILUTED_EPS":0.098012112,"OPERATE_INCOME":2382551128.32,"OPERATE_INCOME_YOY":-11.7401018719,"GROSS_PROFIT":2382551128.32,"GROSS_PROFIT_YOY":-8.350815830935,"HOLDER_PROFIT":66088297.44,"HOLDER_PROFIT_YOY":-31.7043931356,"GROSS_PROFIT_RATIO":null,"EPS_TTM":0.603343392979,"OPERATE_INCOME_QOQ":-3.988496841347,"NET_PROFIT_RATIO":6.1554758451,"ROE_AVG":2.204729208297,"GROSS_PROFIT_QOQ":-3.988496841347,"ROA":1.135008447735,"HOLDER_PROFIT_QOQ":-6.246728568011,"ROE_YEARLY":4.409458416594,"ROIC_YEARLY":4.981625560791,"TOTAL_ASSETS":5817959690.4,"TOTAL_LIABILITIES":1750220461.44,"TAX_EBT":25.119511228226,"OCF_SALES":24.255040010306,"TOTAL_PARENT_EQUITY":3008822034.24,"DEBT_ASSET_RATIO":30.0830626986,"OPERATE_PROFIT":220640518.56,"PRETAX_PROFIT":195855237.6,"NETCASH_OPERATE":577888729.44,"NETCASH_INVEST":-12416389.92,"NETCASH_FINANCE":-203160930.72,"END_CASH":2296042879.68,"DIVI_RATIO":null,"DIVIDEND_RATE":null,"CURRENT_RATIO":3.189433951205,"COMMON_ACS":8000000000,"CURRENTDEBT_DEBT":89.042658015653,"ISSUED_COMMON_SHARES":674149989,"HK_COMMON_SHARES":674149989,"PER_SHARES":2000,"TOTAL_MARKET_CAP":397748493.51,"HKSK_MARKET_CAP":397748493.51,"PE_TTM":-0.799904460598,"PB_TTM":0.272144350638,"REPORT_DATE_SQ":"2019-06-30 00:00:00","REPORT_TYPE_SQ":"2019年中报","OPERATE_INCOME_SQ":2599642484.46,"DPS_HKD":null,"OPERATE_INCOME_QOQ_SQ":17.138481236257,"NET_PROFIT_RATIO_SQ":5.8715468207,"HOLDER_PROFIT_SQ":93189421.08,"HOLDER_PROFIT_QOQ_SQ":-7.939139362126,"ROE_AVG_SQ":3.555524827389,"PE_TTM_SQ":-3.02848935078,"PB_TTM_SQ":0.380101246151,"ROA_SQ":1.740929972259,"START_DATE":"2020-01-01 00:00:00","FISCAL_YEAR":"12-31","CURRENCY":"HKD","IS_CNY_CODE":0,"DPS_HKD_LY":0.105,"ORG_TYPE":"一般企业","PREMIUM_INCOME":null,"PREMIUM_INCOME_YOY":null,"NET_INTEREST_INCOME":null,"NET_INTEREST_INCOME_YOY":null,"FEE_COMMISSION_INCOME":null,"FEE_COMMISSION_INCOME_YOY":null,"ACCOUNTS_RECE_TDAYS":1.557696189499,"INVENTORY_TDAYS":null,"CURRENT_ASSETS_TDAYS":0.487250375129,"TOTAL_ASSETS_TDAYS":0.409182224774,"PREMIUM_EXPENSE":null,"LOAN_DEPOSIT":null,"LOAN_EQUITY":null,"LOAN_ASSETS":null,"DEPOSIT_EQUITY":null,"DEPOSIT_ASSETS":null,"EQUITY_MULTIPLIER":1.430268599566,"EQUITY_RATIO":0.5816962391}],"count":44},"success":true,"message":"ok","code":0}