{"version":"621e6747e5da82987ae6c62472689cda","result":{"pages":6,"data":[{"SECUCODE":"00730.HK","SECURITY_CODE":"00730","SECURITY_NAME_ABBR":"首惠产业金融","ORG_CODE":"10009089","STD_REPORT_DATE":"2024-06-30 00:00:00","REPORT_DATE":"2024-06-30 00:00:00","DATE_TYPE_CODE":"002","REPORT_TYPE":"2024年中报","PER_NETCASH_OPERATE":0.027616975223,"PER_OI":0.026352917408,"BPS":0.324653895627,"BASIC_EPS":0.00410706,"DILUTED_EPS":0.00410706,"OPERATE_INCOME":104688959.4,"OPERATE_INCOME_YOY":4.4225149526,"GROSS_PROFIT":null,"GROSS_PROFIT_YOY":null,"HOLDER_PROFIT":16410899.08,"HOLDER_PROFIT_YOY":-19.7491743283,"GROSS_PROFIT_RATIO":null,"EPS_TTM":0.00624943792,"OPERATE_INCOME_QOQ":1.56116204103,"NET_PROFIT_RATIO":22.8943812388,"ROE_AVG":1.274165186542,"GROSS_PROFIT_QOQ":null,"ROA":0.939453548487,"HOLDER_PROFIT_QOQ":-14.607827423248,"ROE_YEARLY":2.548330373084,"ROIC_YEARLY":3.000610351613,"TOTAL_ASSETS":1746202350.92,"TOTAL_LIABILITIES":151797850.28,"TAX_EBT":29.072248480756,"OCF_SALES":104.796652281941,"TOTAL_PARENT_EQUITY":1283661603,"DEBT_ASSET_RATIO":8.6930274833,"OPERATE_PROFIT":31991259.36,"PRETAX_PROFIT":33791977,"NETCASH_OPERATE":109710524.76,"NETCASH_INVEST":2795538.84,"NETCASH_FINANCE":-9298383.84,"END_CASH":393261034.48,"DIVI_RATIO":0.580032963951,"DIVIDEND_RATE":3.636363636364,"CURRENT_RATIO":11.524849785711,"COMMON_ACS":10000000000,"CURRENTDEBT_DEBT":85.1552119095,"ISSUED_COMMON_SHARES":3953938703,"HK_COMMON_SHARES":3953938703,"PER_SHARES":1000,"TOTAL_MARKET_CAP":434933257.33,"HKSK_MARKET_CAP":434933257.33,"PE_TTM":15.725973797954,"PB_TTM":0.309236394056,"REPORT_DATE_SQ":"2023-06-30 00:00:00","REPORT_TYPE_SQ":"2023年中报","OPERATE_INCOME_SQ":101276737.06,"DPS_HKD":0.004,"OPERATE_INCOME_QOQ_SQ":-3.990235993928,"NET_PROFIT_RATIO_SQ":27.4199568491,"HOLDER_PROFIT_SQ":20657883.88,"HOLDER_PROFIT_QOQ_SQ":97.898111233206,"ROE_AVG_SQ":1.601435760133,"PE_TTM_SQ":20.045780626746,"PB_TTM_SQ":0.401011112105,"ROA_SQ":1.155263173499,"START_DATE":"2024-01-01 00:00:00","FISCAL_YEAR":"12-31","CURRENCY":"HKD","IS_CNY_CODE":0,"DPS_HKD_LY":0.004,"ORG_TYPE":"证券","PREMIUM_INCOME":null,"PREMIUM_INCOME_YOY":null,"NET_INTEREST_INCOME":null,"NET_INTEREST_INCOME_YOY":null,"FEE_COMMISSION_INCOME":null,"FEE_COMMISSION_INCOME_YOY":null,"ACCOUNTS_RECE_TDAYS":93.446028513238,"INVENTORY_TDAYS":null,"CURRENT_ASSETS_TDAYS":0.075666747036,"TOTAL_ASSETS_TDAYS":0.059929936755,"PREMIUM_EXPENSE":null,"LOAN_DEPOSIT":null,"LOAN_EQUITY":null,"LOAN_ASSETS":null,"DEPOSIT_EQUITY":null,"DEPOSIT_ASSETS":null,"EQUITY_MULTIPLIER":1.095206611759,"EQUITY_RATIO":0.118253790505},{"SECUCODE":"00730.HK","SECURITY_CODE":"00730","SECURITY_NAME_ABBR":"首惠产业金融","ORG_CODE":"10009089","STD_REPORT_DATE":"2023-12-31 00:00:00","REPORT_DATE":"2023-12-31 00:00:00","DATE_TYPE_CODE":"001","REPORT_TYPE":"2023年年报","PER_NETCASH_OPERATE":-0.00718923731,"PER_OI":0.054852986882,"BPS":0.324521175269,"BASIC_EPS":0.007340382,"DILUTED_EPS":0.007340382,"OPERATE_INCOME":218569389.36,"OPERATE_INCOME_YOY":-42.1117308782,"GROSS_PROFIT":null,"GROSS_PROFIT_YOY":null,"HOLDER_PROFIT":29073350.04,"HOLDER_PROFIT_YOY":120.8591491119,"GROSS_PROFIT_RATIO":null,"EPS_TTM":0.007296356059,"OPERATE_INCOME_QOQ":-32.992095436885,"NET_PROFIT_RATIO":17.5937442991,"ROE_AVG":2.264886215624,"GROSS_PROFIT_QOQ":null,"ROA":1.636447660913,"HOLDER_PROFIT_QOQ":13.22038814524,"ROE_YEARLY":2.264886215624,"ROIC_YEARLY":2.467762629573,"TOTAL_ASSETS":1735140340.22,"TOTAL_LIABILITIES":143364910.22,"TAX_EBT":21.332567064014,"OCF_SALES":-13.106373451416,"TOTAL_PARENT_EQUITY":1283136834.84,"DEBT_ASSET_RATIO":8.2624388873,"OPERATE_PROFIT":48204560.46,"PRETAX_PROFIT":48882413.02,"NETCASH_OPERATE":-28646520.42,"NETCASH_INVEST":8886393.32,"NETCASH_FINANCE":21793684.78,"END_CASH":289133115.88,"DIVI_RATIO":0.496806895206,"DIVIDEND_RATE":3.669724770642,"CURRENT_RATIO":10.81041980458,"COMMON_ACS":10000000000,"CURRENTDEBT_DEBT":81.835765892757,"ISSUED_COMMON_SHARES":3953938703,"HK_COMMON_SHARES":3953938703,"PER_SHARES":1000,"TOTAL_MARKET_CAP":430979318.627,"HKSK_MARKET_CAP":430979318.627,"PE_TTM":15.58301039979,"PB_TTM":0.30642515411,"REPORT_DATE_SQ":"2022-12-31 00:00:00","REPORT_TYPE_SQ":"2022年年报","OPERATE_INCOME_SQ":372175585.88,"DPS_HKD":0.004,"OPERATE_INCOME_QOQ_SQ":-53.720712755254,"NET_PROFIT_RATIO_SQ":8.4759711201,"HOLDER_PROFIT_SQ":12975640.02,"HOLDER_PROFIT_QOQ_SQ":-37.52659595143,"ROE_AVG_SQ":0.983238710878,"PE_TTM_SQ":21.343708868766,"PB_TTM_SQ":0.426975860371,"ROA_SQ":0.670664057144,"START_DATE":"2023-01-01 00:00:00","FISCAL_YEAR":"12-31","CURRENCY":"HKD","IS_CNY_CODE":0,"DPS_HKD_LY":0.003,"ORG_TYPE":"证券","PREMIUM_INCOME":null,"PREMIUM_INCOME_YOY":null,"NET_INTEREST_INCOME":null,"NET_INTEREST_INCOME_YOY":null,"FEE_COMMISSION_INCOME":170388390.62,"FEE_COMMISSION_INCOME_YOY":108.218161683278,"ACCOUNTS_RECE_TDAYS":29.07455849557,"INVENTORY_TDAYS":null,"CURRENT_ASSETS_TDAYS":0.174003443448,"TOTAL_ASSETS_TDAYS":0.123025852017,"PREMIUM_EXPENSE":null,"LOAN_DEPOSIT":null,"LOAN_EQUITY":null,"LOAN_ASSETS":null,"DEPOSIT_EQUITY":null,"DEPOSIT_ASSETS":null,"EQUITY_MULTIPLIER":1.090066040421,"EQUITY_RATIO":0.111730024677},{"SECUCODE":"00730.HK","SECURITY_CODE":"00730","SECURITY_NAME_ABBR":"首惠产业金融","ORG_CODE":"10009089","STD_REPORT_DATE":"2023-06-30 00:00:00","REPORT_DATE":"2023-06-30 00:00:00","DATE_TYPE_CODE":"002","REPORT_TYPE":"2023年中报","PER_NETCASH_OPERATE":-0.002805756684,"PER_OI":0.025416786613,"BPS":0.32206165402,"BASIC_EPS":0.005163088,"DILUTED_EPS":0.005163088,"OPERATE_INCOME":101276737.06,"OPERATE_INCOME_YOY":-18.1943430793,"GROSS_PROFIT":null,"GROSS_PROFIT_YOY":null,"HOLDER_PROFIT":20657883.88,"HOLDER_PROFIT_YOY":140.8729305526,"GROSS_PROFIT_RATIO":null,"EPS_TTM":0.006444383541,"OPERATE_INCOME_QOQ":-3.990235993928,"NET_PROFIT_RATIO":27.4199568491,"ROE_AVG":1.601435760133,"GROSS_PROFIT_QOQ":null,"ROA":1.155263173499,"HOLDER_PROFIT_QOQ":97.898111233206,"ROE_YEARLY":3.202871520267,"ROIC_YEARLY":3.577608729582,"TOTAL_ASSETS":1726603009.76,"TOTAL_LIABILITIES":144922348.28,"TAX_EBT":25.310585959779,"OCF_SALES":-11.038990596011,"TOTAL_PARENT_EQUITY":1273412038.58,"DEBT_ASSET_RATIO":8.3934956363,"OPERATE_PROFIT":36255941.52,"PRETAX_PROFIT":37180687.46,"NETCASH_OPERATE":-11179929.48,"NETCASH_INVEST":16469328.74,"NETCASH_FINANCE":55600925.88,"END_CASH":348728793.22,"DIVI_RATIO":0.562486695085,"DIVIDEND_RATE":3.669724770642,"CURRENT_RATIO":9.835498194483,"COMMON_ACS":10000000000,"CURRENTDEBT_DEBT":84.389831155446,"ISSUED_COMMON_SHARES":3953938703,"HK_COMMON_SHARES":3953938703,"PER_SHARES":1000,"TOTAL_MARKET_CAP":430979318.627,"HKSK_MARKET_CAP":430979318.627,"PE_TTM":15.58301039979,"PB_TTM":0.30642515411,"REPORT_DATE_SQ":"2022-06-30 00:00:00","REPORT_TYPE_SQ":"2022年中报","OPERATE_INCOME_SQ":114833202.82,"DPS_HKD":0.004,"OPERATE_INCOME_QOQ_SQ":-52.844145392672,"NET_PROFIT_RATIO_SQ":13.0524908058,"HOLDER_PROFIT_SQ":7954977.38,"HOLDER_PROFIT_QOQ_SQ":-6.926606648315,"ROE_AVG_SQ":0.616087078762,"PE_TTM_SQ":21.343708868766,"PB_TTM_SQ":0.426975860371,"ROA_SQ":0.399650874757,"START_DATE":"2023-01-01 00:00:00","FISCAL_YEAR":"12-31","CURRENCY":"HKD","IS_CNY_CODE":0,"DPS_HKD_LY":0.003,"ORG_TYPE":"证券","PREMIUM_INCOME":null,"PREMIUM_INCOME_YOY":null,"NET_INTEREST_INCOME":null,"NET_INTEREST_INCOME_YOY":null,"FEE_COMMISSION_INCOME":null,"FEE_COMMISSION_INCOME_YOY":null,"ACCOUNTS_RECE_TDAYS":11.901728154288,"INVENTORY_TDAYS":null,"CURRENT_ASSETS_TDAYS":0.082057461214,"TOTAL_ASSETS_TDAYS":0.056637594314,"PREMIUM_EXPENSE":null,"LOAN_DEPOSIT":null,"LOAN_EQUITY":null,"LOAN_ASSETS":null,"DEPOSIT_EQUITY":null,"DEPOSIT_ASSETS":null,"EQUITY_MULTIPLIER":1.091625542254,"EQUITY_RATIO":0.113806328109},{"SECUCODE":"00730.HK","SECURITY_CODE":"00730","SECURITY_NAME_ABBR":"首惠产业金融","ORG_CODE":"10009089","STD_REPORT_DATE":"2022-12-31 00:00:00","REPORT_DATE":"2022-12-31 00:00:00","DATE_TYPE_CODE":"001","REPORT_TYPE":"2022年年报","PER_NETCASH_OPERATE":0.06307168531,"PER_OI":0.093402569271,"BPS":0.320142629272,"BASIC_EPS":0.003305099,"DILUTED_EPS":0.003305099,"OPERATE_INCOME":372175585.88,"OPERATE_INCOME_YOY":-79.9974229854,"GROSS_PROFIT":null,"GROSS_PROFIT_YOY":null,"HOLDER_PROFIT":12975640.02,"HOLDER_PROFIT_YOY":-46.7795119807,"GROSS_PROFIT_RATIO":null,"EPS_TTM":0.00325641488,"OPERATE_INCOME_QOQ":-53.720712755254,"NET_PROFIT_RATIO":8.4759711201,"ROE_AVG":0.983238710878,"GROSS_PROFIT_QOQ":null,"ROA":0.670664057144,"HOLDER_PROFIT_QOQ":-37.52659595143,"ROE_YEARLY":0.983238710878,"ROIC_YEARLY":0.991266198239,"TOTAL_ASSETS":1792105965.37,"TOTAL_LIABILITIES":224081245.85,"TAX_EBT":32.58015144192,"OCF_SALES":73.973402325325,"TOTAL_PARENT_EQUITY":1265824332.36,"DEBT_ASSET_RATIO":12.5037944285,"OPERATE_PROFIT":48187450.15,"PRETAX_PROFIT":44356215.12,"NETCASH_OPERATE":251317941.42,"NETCASH_INVEST":4750409.86,"NETCASH_FINANCE":-300480842.41,"END_CASH":288440456.08,"DIVI_RATIO":1.11315054551,"DIVIDEND_RATE":3.669724770642,"CURRENT_RATIO":6.145460243553,"COMMON_ACS":10000000000,"CURRENTDEBT_DEBT":89.039484961432,"ISSUED_COMMON_SHARES":3953938703,"HK_COMMON_SHARES":3953938703,"PER_SHARES":1000,"TOTAL_MARKET_CAP":430979318.627,"HKSK_MARKET_CAP":430979318.627,"PE_TTM":15.58301039979,"PB_TTM":0.30642515411,"REPORT_DATE_SQ":"2021-12-31 00:00:00","REPORT_TYPE_SQ":"2021年年报","OPERATE_INCOME_SQ":1554605080,"DPS_HKD":0.004,"OPERATE_INCOME_QOQ_SQ":57.745451249031,"NET_PROFIT_RATIO_SQ":2.2316837861,"HOLDER_PROFIT_SQ":22315574.4,"HOLDER_PROFIT_QOQ_SQ":77.108518233306,"ROE_AVG_SQ":1.829789487727,"PE_TTM_SQ":21.343708868766,"PB_TTM_SQ":0.426975860371,"ROA_SQ":1.2165627978,"START_DATE":"2022-01-01 00:00:00","FISCAL_YEAR":"12-31","CURRENCY":"HKD","IS_CNY_CODE":0,"DPS_HKD_LY":0.003,"ORG_TYPE":"证券","PREMIUM_INCOME":null,"PREMIUM_INCOME_YOY":null,"NET_INTEREST_INCOME":null,"NET_INTEREST_INCOME_YOY":null,"FEE_COMMISSION_INCOME":80662281,"FEE_COMMISSION_INCOME_YOY":null,"ACCOUNTS_RECE_TDAYS":17.911697691415,"INVENTORY_TDAYS":null,"CURRENT_ASSETS_TDAYS":0.249857115266,"TOTAL_ASSETS_TDAYS":0.175599850964,"PREMIUM_EXPENSE":null,"LOAN_DEPOSIT":null,"LOAN_EQUITY":null,"LOAN_ASSETS":null,"DEPOSIT_EQUITY":null,"DEPOSIT_ASSETS":null,"EQUITY_MULTIPLIER":1.142906704889,"EQUITY_RATIO":0.177023967798},{"SECUCODE":"00730.HK","SECURITY_CODE":"00730","SECURITY_NAME_ABBR":"首惠产业金融","ORG_CODE":"10009089","STD_REPORT_DATE":"2022-06-30 00:00:00","REPORT_DATE":"2022-06-30 00:00:00","DATE_TYPE_CODE":"002","REPORT_TYPE":"2022年中报","PER_NETCASH_OPERATE":0.013981313622,"PER_OI":0.028818967681,"BPS":0.320548954838,"BASIC_EPS":0.001966937,"DILUTED_EPS":0.001966937,"OPERATE_INCOME":114833202.82,"OPERATE_INCOME_YOY":-88.0574117338,"GROSS_PROFIT":null,"GROSS_PROFIT_YOY":null,"HOLDER_PROFIT":7954977.38,"HOLDER_PROFIT_YOY":-18.5321422316,"GROSS_PROFIT_RATIO":null,"EPS_TTM":0.005212481903,"OPERATE_INCOME_QOQ":-52.844145392672,"NET_PROFIT_RATIO":13.0524908058,"ROE_AVG":0.616087078762,"GROSS_PROFIT_QOQ":null,"ROA":0.399650874757,"HOLDER_PROFIT_QOQ":-6.926606648315,"ROE_YEARLY":1.232174157525,"ROIC_YEARLY":1.196514902733,"TOTAL_ASSETS":1992137738.92,"TOTAL_LIABILITIES":428687932.82,"TAX_EBT":33.760112557158,"OCF_SALES":48.400014859393,"TOTAL_PARENT_EQUITY":1267430918.74,"DEBT_ASSET_RATIO":21.5189906021,"OPERATE_PROFIT":25931071.18,"PRETAX_PROFIT":24313051.7,"NETCASH_OPERATE":55710497.36,"NETCASH_INVEST":4576121.69,"NETCASH_FINANCE":12893699.63,"END_CASH":392877706.76,"DIVI_RATIO":0.695423037966,"DIVIDEND_RATE":3.669724770642,"CURRENT_RATIO":4.126252723549,"COMMON_ACS":10000000000,"CURRENTDEBT_DEBT":91.466411851308,"ISSUED_COMMON_SHARES":3953938703,"HK_COMMON_SHARES":3953938703,"PER_SHARES":1000,"TOTAL_MARKET_CAP":430979318.627,"HKSK_MARKET_CAP":430979318.627,"PE_TTM":15.58301039979,"PB_TTM":0.30642515411,"REPORT_DATE_SQ":"2021-06-30 00:00:00","REPORT_TYPE_SQ":"2021年中报","OPERATE_INCOME_SQ":937768305.36,"DPS_HKD":0.004,"OPERATE_INCOME_QOQ_SQ":951.641069336548,"NET_PROFIT_RATIO_SQ":1.5902155868,"HOLDER_PROFIT_SQ":9500689.44,"HOLDER_PROFIT_QOQ_SQ":150.346237533696,"ROE_AVG_SQ":0.787156485096,"PE_TTM_SQ":21.343708868766,"PB_TTM_SQ":0.426975860371,"ROA_SQ":0.522164793343,"START_DATE":"2022-01-01 00:00:00","FISCAL_YEAR":"12-31","CURRENCY":"HKD","IS_CNY_CODE":0,"DPS_HKD_LY":0.003,"ORG_TYPE":"证券","PREMIUM_INCOME":null,"PREMIUM_INCOME_YOY":null,"NET_INTEREST_INCOME":null,"NET_INTEREST_INCOME_YOY":null,"FEE_COMMISSION_INCOME":null,"FEE_COMMISSION_INCOME_YOY":null,"ACCOUNTS_RECE_TDAYS":5.100972496581,"INVENTORY_TDAYS":null,"CURRENT_ASSETS_TDAYS":0.075537657567,"TOTAL_ASSETS_TDAYS":0.057827359157,"PREMIUM_EXPENSE":null,"LOAN_DEPOSIT":null,"LOAN_EQUITY":null,"LOAN_ASSETS":null,"DEPOSIT_EQUITY":null,"DEPOSIT_ASSETS":null,"EQUITY_MULTIPLIER":1.274193601321,"EQUITY_RATIO":0.338233766023},{"SECUCODE":"00730.HK","SECURITY_CODE":"00730","SECURITY_NAME_ABBR":"首惠产业金融","ORG_CODE":"10009089","STD_REPORT_DATE":"2021-12-31 00:00:00","REPORT_DATE":"2021-12-31 00:00:00","DATE_TYPE_CODE":"001","REPORT_TYPE":"2021年年报","PER_NETCASH_OPERATE":0.01004518064,"PER_OI":0.390149472945,"BPS":0.317958485863,"BASIC_EPS":0.00555968,"DILUTED_EPS":0.00555968,"OPERATE_INCOME":1554605080,"OPERATE_INCOME_YOY":1607.6932735426,"GROSS_PROFIT":null,"GROSS_PROFIT_YOY":null,"HOLDER_PROFIT":22315574.4,"HOLDER_PROFIT_YOY":356.4214046823,"GROSS_PROFIT_RATIO":null,"EPS_TTM":0.00560039955,"OPERATE_INCOME_QOQ":57.745451249031,"NET_PROFIT_RATIO":2.2316837861,"ROE_AVG":1.829789487727,"GROSS_PROFIT_QOQ":null,"ROA":1.2165627978,"HOLDER_PROFIT_QOQ":77.108518233306,"ROE_YEARLY":1.829789487727,"ROIC_YEARLY":1.755195443463,"TOTAL_ASSETS":1901406472,"TOTAL_LIABILITIES":355832601.6,"TAX_EBT":15.257345532224,"OCF_SALES":2.571113158179,"TOTAL_PARENT_EQUITY":1257188363.2,"DEBT_ASSET_RATIO":18.7141785221,"OPERATE_PROFIT":41553702.4,"PRETAX_PROFIT":40570947.2,"NETCASH_OPERATE":40027243.2,"NETCASH_INVEST":17385446.4,"NETCASH_FINANCE":-17169.6,"END_CASH":316488872,"DIVI_RATIO":0.647253819584,"DIVIDEND_RATE":3.669724770642,"CURRENT_RATIO":5.284349208657,"COMMON_ACS":10000000000,"CURRENTDEBT_DEBT":72.690572037793,"ISSUED_COMMON_SHARES":3953938703,"HK_COMMON_SHARES":3953938703,"PER_SHARES":1000,"TOTAL_MARKET_CAP":430979318.627,"HKSK_MARKET_CAP":430979318.627,"PE_TTM":15.58301039979,"PB_TTM":0.30642515411,"REPORT_DATE_SQ":"2020-12-31 00:00:00","REPORT_TYPE_SQ":"2020年年报","OPERATE_INCOME_SQ":93842860,"DPS_HKD":0.004,"OPERATE_INCOME_QOQ_SQ":-2.717949861771,"NET_PROFIT_RATIO_SQ":16.3174887892,"HOLDER_PROFIT_SQ":5033007.2,"HOLDER_PROFIT_QOQ_SQ":172.582002475312,"ROE_AVG_SQ":0.42702298569,"PE_TTM_SQ":21.343708868766,"PB_TTM_SQ":0.426975860371,"ROA_SQ":0.26843197348,"START_DATE":"2021-01-01 00:00:00","FISCAL_YEAR":"12-31","CURRENCY":"HKD","IS_CNY_CODE":0,"DPS_HKD_LY":null,"ORG_TYPE":"证券","PREMIUM_INCOME":null,"PREMIUM_INCOME_YOY":null,"NET_INTEREST_INCOME":null,"NET_INTEREST_INCOME_YOY":null,"FEE_COMMISSION_INCOME":null,"FEE_COMMISSION_INCOME_YOY":null,"ACCOUNTS_RECE_TDAYS":56.23770722113,"INVENTORY_TDAYS":null,"CURRENT_ASSETS_TDAYS":1.364619880421,"TOTAL_ASSETS_TDAYS":0.848695852169,"PREMIUM_EXPENSE":null,"LOAN_DEPOSIT":null,"LOAN_EQUITY":null,"LOAN_ASSETS":null,"DEPOSIT_EQUITY":null,"DEPOSIT_ASSETS":null,"EQUITY_MULTIPLIER":1.230226848691,"EQUITY_RATIO":0.283038414939},{"SECUCODE":"00730.HK","SECURITY_CODE":"00730","SECURITY_NAME_ABBR":"首惠产业金融","ORG_CODE":"10009089","STD_REPORT_DATE":"2021-06-30 00:00:00","REPORT_DATE":"2021-06-30 00:00:00","DATE_TYPE_CODE":"002","REPORT_TYPE":"2021年中报","PER_NETCASH_OPERATE":-0.018405352701,"PER_OI":0.23534582177,"BPS":0.306287209289,"BASIC_EPS":0.002413032,"DILUTED_EPS":0.002413032,"OPERATE_INCOME":937768305.36,"OPERATE_INCOME_YOY":2201.9608243632,"GROSS_PROFIT":null,"GROSS_PROFIT_YOY":null,"HOLDER_PROFIT":9500689.44,"HOLDER_PROFIT_YOY":439.3481341521,"GROSS_PROFIT_RATIO":null,"EPS_TTM":0.00316212885,"OPERATE_INCOME_QOQ":951.641069336548,"NET_PROFIT_RATIO":1.5902155868,"ROE_AVG":0.787156485096,"GROSS_PROFIT_QOQ":null,"ROA":0.522164793343,"HOLDER_PROFIT_QOQ":150.346237533696,"ROE_YEARLY":1.574312970192,"ROIC_YEARLY":1.424264829933,"TOTAL_ASSETS":1840443636.72,"TOTAL_LIABILITIES":358835332.08,"TAX_EBT":34.416511142826,"OCF_SALES":-7.820556389123,"TOTAL_PARENT_EQUITY":1211040851.04,"DEBT_ASSET_RATIO":19.4972193074,"OPERATE_PROFIT":24504756,"PRETAX_PROFIT":22738250.16,"NETCASH_OPERATE":-73338699.12,"NETCASH_INVEST":4155407.52,"NETCASH_FINANCE":-26537527.44,"END_CASH":169981462.8,"DIVI_RATIO":1.146341649074,"DIVIDEND_RATE":3.669724770642,"CURRENT_RATIO":4.048323309782,"COMMON_ACS":10000000000,"CURRENTDEBT_DEBT":74.992289872951,"ISSUED_COMMON_SHARES":3953938703,"HK_COMMON_SHARES":3953938703,"PER_SHARES":1000,"TOTAL_MARKET_CAP":430979318.627,"HKSK_MARKET_CAP":430979318.627,"PE_TTM":15.58301039979,"PB_TTM":0.30642515411,"REPORT_DATE_SQ":"2020-06-30 00:00:00","REPORT_TYPE_SQ":"2020年中报","OPERATE_INCOME_SQ":44721108.96,"DPS_HKD":0.004,"OPERATE_INCOME_QOQ_SQ":7.701963478119,"NET_PROFIT_RATIO_SQ":17.3247002594,"HOLDER_PROFIT_SQ":1933752.48,"HOLDER_PROFIT_QOQ_SQ":2.272400604792,"ROE_AVG_SQ":0.15771519333,"PE_TTM_SQ":21.343708868766,"PB_TTM_SQ":0.426975860371,"ROA_SQ":0.09983960581,"START_DATE":"2021-01-01 00:00:00","FISCAL_YEAR":"12-31","CURRENCY":"HKD","IS_CNY_CODE":0,"DPS_HKD_LY":null,"ORG_TYPE":"证券","PREMIUM_INCOME":null,"PREMIUM_INCOME_YOY":null,"NET_INTEREST_INCOME":36031560.24,"NET_INTEREST_INCOME_YOY":null,"FEE_COMMISSION_INCOME":1471117.44,"FEE_COMMISSION_INCOME_YOY":116.40146878825,"ACCOUNTS_RECE_TDAYS":46.294522376718,"INVENTORY_TDAYS":null,"CURRENT_ASSETS_TDAYS":0.928303820114,"TOTAL_ASSETS_TDAYS":0.515404272989,"PREMIUM_EXPENSE":null,"LOAN_DEPOSIT":null,"LOAN_EQUITY":null,"LOAN_ASSETS":null,"DEPOSIT_EQUITY":null,"DEPOSIT_ASSETS":null,"EQUITY_MULTIPLIER":1.24219311606,"EQUITY_RATIO":0.296303243422},{"SECUCODE":"00730.HK","SECURITY_CODE":"00730","SECURITY_NAME_ABBR":"首惠产业金融","ORG_CODE":"10009089","STD_REPORT_DATE":"2020-12-31 00:00:00","REPORT_DATE":"2020-12-31 00:00:00","DATE_TYPE_CODE":"001","REPORT_TYPE":"2020年年报","PER_NETCASH_OPERATE":-0.030910730129,"PER_OI":0.023551153177,"BPS":0.307719976477,"BASIC_EPS":0.00126246,"DILUTED_EPS":0.00126246,"OPERATE_INCOME":93842860,"OPERATE_INCOME_YOY":11.5144968846,"GROSS_PROFIT":null,"GROSS_PROFIT_YOY":null,"HOLDER_PROFIT":5033007.2,"HOLDER_PROFIT_YOY":175.4955182426,"GROSS_PROFIT_RATIO":null,"EPS_TTM":0.001263102206,"OPERATE_INCOME_QOQ":-2.717949861771,"NET_PROFIT_RATIO":16.3174887892,"ROE_AVG":0.42702298569,"GROSS_PROFIT_QOQ":null,"ROA":0.26843197348,"HOLDER_PROFIT_QOQ":172.582002475312,"ROE_YEARLY":0.42702298569,"ROIC_YEARLY":0.438445030504,"TOTAL_ASSETS":1819182135.72,"TOTAL_LIABILITIES":334538433.76,"TAX_EBT":48.243393167013,"OCF_SALES":-131.24932735426,"TOTAL_PARENT_EQUITY":1216705924.68,"DEBT_ASSET_RATIO":18.3894964221,"OPERATE_PROFIT":29937976.44,"PRETAX_PROFIT":29586170.92,"NETCASH_OPERATE":-123168122.52,"NETCASH_INVEST":98666298.84,"NETCASH_FINANCE":-228458128.16,"END_CASH":268329981.52,"DIVI_RATIO":2.869823187738,"DIVIDEND_RATE":3.669724770642,"CURRENT_RATIO":4.575475285949,"COMMON_ACS":10000000000,"CURRENTDEBT_DEBT":61.521218464139,"ISSUED_COMMON_SHARES":3953938703,"HK_COMMON_SHARES":3953938703,"PER_SHARES":1000,"TOTAL_MARKET_CAP":430979318.627,"HKSK_MARKET_CAP":430979318.627,"PE_TTM":15.58301039979,"PB_TTM":0.30642515411,"REPORT_DATE_SQ":"2019-12-31 00:00:00","REPORT_TYPE_SQ":"2019年年报","OPERATE_INCOME_SQ":89566354.86,"DPS_HKD":0.004,"OPERATE_INCOME_QOQ_SQ":6.377072047961,"NET_PROFIT_RATIO_SQ":0.5830757999,"HOLDER_PROFIT_SQ":-7095473.38,"HOLDER_PROFIT_QOQ_SQ":-314.819419009611,"ROE_AVG_SQ":-0.587864869007,"PE_TTM_SQ":21.343708868766,"PB_TTM_SQ":0.426975860371,"ROA_SQ":-0.351089014207,"START_DATE":"2020-01-01 00:00:00","FISCAL_YEAR":"12-31","CURRENCY":"HKD","IS_CNY_CODE":0,"DPS_HKD_LY":null,"ORG_TYPE":"证券","PREMIUM_INCOME":null,"PREMIUM_INCOME_YOY":null,"NET_INTEREST_INCOME":null,"NET_INTEREST_INCOME_YOY":null,"FEE_COMMISSION_INCOME":1727886.92,"FEE_COMMISSION_INCOME_YOY":-97.357854366683,"ACCOUNTS_RECE_TDAYS":3.085907229049,"INVENTORY_TDAYS":null,"CURRENT_ASSETS_TDAYS":0.098949493605,"TOTAL_ASSETS_TDAYS":0.050050443216,"PREMIUM_EXPENSE":null,"LOAN_DEPOSIT":null,"LOAN_EQUITY":null,"LOAN_ASSETS":null,"DEPOSIT_EQUITY":null,"DEPOSIT_ASSETS":null,"EQUITY_MULTIPLIER":1.225332470894,"EQUITY_RATIO":0.274954224332},{"SECUCODE":"00730.HK","SECURITY_CODE":"00730","SECURITY_NAME_ABBR":"首惠产业金融","ORG_CODE":"10009089","STD_REPORT_DATE":"2020-06-30 00:00:00","REPORT_DATE":"2020-06-30 00:00:00","DATE_TYPE_CODE":"002","REPORT_TYPE":"2020年中报","PER_NETCASH_OPERATE":0.04049942528,"PER_OI":0.011223375837,"BPS":0.30712689915,"BASIC_EPS":0.00045672,"DILUTED_EPS":0.00045672,"OPERATE_INCOME":44721108.96,"OPERATE_INCOME_YOY":13.8660836803,"GROSS_PROFIT":null,"GROSS_PROFIT_YOY":null,"HOLDER_PROFIT":1933752.48,"HOLDER_PROFIT_YOY":5.0620347395,"GROSS_PROFIT_RATIO":null,"EPS_TTM":-0.001740241607,"OPERATE_INCOME_QOQ":7.701963478119,"NET_PROFIT_RATIO":17.3247002594,"ROE_AVG":0.15771519333,"GROSS_PROFIT_QOQ":null,"ROA":0.09983960581,"HOLDER_PROFIT_QOQ":2.272400604792,"ROE_YEARLY":0.315430386659,"ROIC_YEARLY":0.374143122557,"TOTAL_ASSETS":1778257588.8,"TOTAL_LIABILITIES":211579193.76,"TAX_EBT":37.659855945906,"OCF_SALES":360.848873547254,"TOTAL_PARENT_EQUITY":1214360933.28,"DEBT_ASSET_RATIO":11.8981184218,"OPERATE_PROFIT":13475066.88,"PRETAX_PROFIT":12428264.64,"NETCASH_OPERATE":161375617.92,"NETCASH_INVEST":103331073.12,"NETCASH_FINANCE":-353043646.56,"END_CASH":457889203.2,"DIVI_RATIO":-2.082975137161,"DIVIDEND_RATE":3.669724770642,"CURRENT_RATIO":12.473487555639,"COMMON_ACS":10000000000,"CURRENTDEBT_DEBT":34.432217036727,"ISSUED_COMMON_SHARES":3953938703,"HK_COMMON_SHARES":3953938703,"PER_SHARES":1000,"TOTAL_MARKET_CAP":430979318.627,"HKSK_MARKET_CAP":430979318.627,"PE_TTM":15.58301039979,"PB_TTM":0.30642515411,"REPORT_DATE_SQ":"2019-06-30 00:00:00","REPORT_TYPE_SQ":"2019年中报","OPERATE_INCOME_SQ":37822741.02,"DPS_HKD":0.004,"OPERATE_INCOME_QOQ_SQ":-16.489164623871,"NET_PROFIT_RATIO_SQ":17.2779496244,"HOLDER_PROFIT_SQ":1772514.9,"HOLDER_PROFIT_QOQ_SQ":106.402093839837,"ROE_AVG_SQ":0.147822208398,"PE_TTM_SQ":21.343708868766,"PB_TTM_SQ":0.426975860371,"ROA_SQ":0.089914353789,"START_DATE":"2020-01-01 00:00:00","FISCAL_YEAR":"12-31","CURRENCY":"HKD","IS_CNY_CODE":0,"DPS_HKD_LY":null,"ORG_TYPE":"证券","PREMIUM_INCOME":null,"PREMIUM_INCOME_YOY":null,"NET_INTEREST_INCOME":null,"NET_INTEREST_INCOME_YOY":null,"FEE_COMMISSION_INCOME":746280.48,"FEE_COMMISSION_INCOME_YOY":-97.363750766352,"ACCOUNTS_RECE_TDAYS":81.192371475954,"INVENTORY_TDAYS":null,"CURRENT_ASSETS_TDAYS":0.045978986911,"TOTAL_ASSETS_TDAYS":0.023089500524,"PREMIUM_EXPENSE":null,"LOAN_DEPOSIT":null,"LOAN_EQUITY":null,"LOAN_ASSETS":null,"DEPOSIT_EQUITY":null,"DEPOSIT_ASSETS":null,"EQUITY_MULTIPLIER":1.135049538201,"EQUITY_RATIO":0.174230896237}],"count":49},"success":true,"message":"ok","code":0}