{"version":"5b4fc3a1ccfb27d4b1a4e137048ec484","result":{"pages":5,"data":[{"SECUCODE":"00746.HK","SECURITY_CODE":"00746","SECURITY_NAME_ABBR":"理文化工","ORG_CODE":"10009099","STD_REPORT_DATE":"2024-06-30 00:00:00","REPORT_DATE":"2024-06-30 00:00:00","DATE_TYPE_CODE":"002","REPORT_TYPE":"2024年中报","PER_NETCASH_OPERATE":0.670650539345,"PER_OI":2.201151841455,"BPS":6.554284751079,"BASIC_EPS":0.26558988,"DILUTED_EPS":0.26558988,"OPERATE_INCOME":1815950269.2,"OPERATE_INCOME_YOY":-0.322923889,"GROSS_PROFIT":524986313.52,"GROSS_PROFIT_YOY":29.123012179782,"HOLDER_PROFIT":219120777.8,"HOLDER_PROFIT_YOY":129.5026335663,"GROSS_PROFIT_RATIO":28.909729656379,"EPS_TTM":0.588802623418,"OPERATE_INCOME_QOQ":-0.666006032552,"NET_PROFIT_RATIO":12.066452563,"ROE_AVG":4.095483786006,"GROSS_PROFIT_QOQ":12.301343391231,"ROA":3.391861552543,"HOLDER_PROFIT_QOQ":33.785373610859,"ROE_YEARLY":8.190967572011,"ROIC_YEARLY":7.017738214995,"TOTAL_ASSETS":6505186936.88,"TOTAL_LIABILITIES":1097902017.24,"TAX_EBT":19.373958949009,"OCF_SALES":30.468163382235,"TOTAL_PARENT_EQUITY":5407284919.64,"DEBT_ASSET_RATIO":16.8773323179,"OPERATE_PROFIT":282043675.04,"PRETAX_PROFIT":271774199.68,"NETCASH_OPERATE":553286694.96,"NETCASH_INVEST":-320438297.28,"NETCASH_FINANCE":-283505788.4,"END_CASH":190203424.68,"DIVI_RATIO":0.43248108937,"DIVIDEND_RATE":6.879606879607,"CURRENT_RATIO":1.217412364138,"COMMON_ACS":5000000000,"CURRENTDEBT_DEBT":94.563749072067,"ISSUED_COMMON_SHARES":825000000,"HK_COMMON_SHARES":825000000,"PER_SHARES":2000,"TOTAL_MARKET_CAP":3357750000,"HKSK_MARKET_CAP":3357750000,"PE_TTM":6.262834824551,"PB_TTM":0.566744921998,"REPORT_DATE_SQ":"2023-06-30 00:00:00","REPORT_TYPE_SQ":"2023年中报","OPERATE_INCOME_SQ":1840397469.28,"DPS_HKD":0.28,"OPERATE_INCOME_QOQ_SQ":-17.928744345615,"NET_PROFIT_RATIO_SQ":5.2406749841,"HOLDER_PROFIT_SQ":96449249.78,"HOLDER_PROFIT_QOQ_SQ":-64.434182246487,"ROE_AVG_SQ":1.863345960954,"PE_TTM_SQ":6.21998773162,"PB_TTM_SQ":0.411375352866,"ROA_SQ":1.498710757176,"START_DATE":"2024-01-01 00:00:00","FISCAL_YEAR":"12-31","CURRENCY":"HKD","IS_CNY_CODE":0,"DPS_HKD_LY":0.28,"ORG_TYPE":"一般企业","PREMIUM_INCOME":null,"PREMIUM_INCOME_YOY":null,"NET_INTEREST_INCOME":null,"NET_INTEREST_INCOME_YOY":null,"FEE_COMMISSION_INCOME":null,"FEE_COMMISSION_INCOME_YOY":null,"ACCOUNTS_RECE_TDAYS":4.524763294132,"INVENTORY_TDAYS":1.902542954217,"CURRENT_ASSETS_TDAYS":1.373222340356,"TOTAL_ASSETS_TDAYS":0.281098486473,"PREMIUM_EXPENSE":null,"LOAN_DEPOSIT":null,"LOAN_EQUITY":null,"LOAN_ASSETS":null,"DEPOSIT_EQUITY":null,"DEPOSIT_ASSETS":null,"EQUITY_MULTIPLIER":1.203041273681,"EQUITY_RATIO":0.203041273681},{"SECUCODE":"00746.HK","SECURITY_CODE":"00746","SECURITY_NAME_ABBR":"理文化工","ORG_CODE":"10009099","STD_REPORT_DATE":"2023-12-31 00:00:00","REPORT_DATE":"2023-12-31 00:00:00","DATE_TYPE_CODE":"001","REPORT_TYPE":"2023年年报","PER_NETCASH_OPERATE":0.830971884994,"PER_OI":4.449354562206,"BPS":6.370732092242,"BASIC_EPS":0.44042292,"DILUTED_EPS":0.43317316,"OPERATE_INCOME":3670717513.82,"OPERATE_INCOME_YOY":-30.9603638089,"GROSS_PROFIT":962560603.62,"GROSS_PROFIT_YOY":-49.256001750486,"HOLDER_PROFIT":363090636.3,"HOLDER_PROFIT_YOY":-65.3636186812,"GROSS_PROFIT_RATIO":26.222682622567,"EPS_TTM":0.440109862182,"OPERATE_INCOME_QOQ":-14.658885494855,"NET_PROFIT_RATIO":9.8915439538,"ROE_AVG":7.009046605922,"GROSS_PROFIT_QOQ":-10.108241162538,"ROA":5.681047598988,"HOLDER_PROFIT_QOQ":-1.201441647665,"ROE_YEARLY":7.009046605922,"ROIC_YEARLY":5.971180686916,"TOTAL_ASSETS":6369790474.74,"TOTAL_LIABILITIES":1113936498.64,"TAX_EBT":18.876974597994,"OCF_SALES":18.676234347616,"TOTAL_PARENT_EQUITY":5255853976.1,"DEBT_ASSET_RATIO":17.4878043957,"OPERATE_PROFIT":489008999.08,"PRETAX_PROFIT":447580245.56,"NETCASH_OPERATE":685551805.12,"NETCASH_INVEST":-556139058.02,"NETCASH_FINANCE":-270425110.2,"END_CASH":238939402.52,"DIVI_RATIO":0.57859644121,"DIVIDEND_RATE":6.947890818859,"CURRENT_RATIO":1.291137857821,"COMMON_ACS":5000000000,"CURRENTDEBT_DEBT":95.330667126582,"ISSUED_COMMON_SHARES":825000000,"HK_COMMON_SHARES":825000000,"PER_SHARES":2000,"TOTAL_MARKET_CAP":3324750000,"HKSK_MARKET_CAP":3324750000,"PE_TTM":6.201283622344,"PB_TTM":0.561174947334,"REPORT_DATE_SQ":"2022-12-31 00:00:00","REPORT_TYPE_SQ":"2022年年报","OPERATE_INCOME_SQ":5240848140.99,"DPS_HKD":0.28,"OPERATE_INCOME_QOQ_SQ":2.161336233295,"NET_PROFIT_RATIO_SQ":19.7165110771,"HOLDER_PROFIT_SQ":1033312404.25,"HOLDER_PROFIT_QOQ_SQ":-22.124509072861,"ROE_AVG_SQ":20.642005586917,"PE_TTM_SQ":6.197693868782,"PB_TTM_SQ":0.409900889236,"ROA_SQ":15.744448253911,"START_DATE":"2023-01-01 00:00:00","FISCAL_YEAR":"12-31","CURRENCY":"HKD","IS_CNY_CODE":0,"DPS_HKD_LY":0.22,"ORG_TYPE":"一般企业","PREMIUM_INCOME":null,"PREMIUM_INCOME_YOY":null,"NET_INTEREST_INCOME":null,"NET_INTEREST_INCOME_YOY":null,"FEE_COMMISSION_INCOME":null,"FEE_COMMISSION_INCOME_YOY":null,"ACCOUNTS_RECE_TDAYS":10.850419623317,"INVENTORY_TDAYS":3.473598807887,"CURRENT_ASSETS_TDAYS":2.514621356999,"TOTAL_ASSETS_TDAYS":0.574333756743,"PREMIUM_EXPENSE":null,"LOAN_DEPOSIT":null,"LOAN_EQUITY":null,"LOAN_ASSETS":null,"DEPOSIT_EQUITY":null,"DEPOSIT_ASSETS":null,"EQUITY_MULTIPLIER":1.211942056173,"EQUITY_RATIO":0.211942056173},{"SECUCODE":"00746.HK","SECURITY_CODE":"00746","SECURITY_NAME_ABBR":"理文化工","ORG_CODE":"10009099","STD_REPORT_DATE":"2023-06-30 00:00:00","REPORT_DATE":"2023-06-30 00:00:00","DATE_TYPE_CODE":"002","REPORT_TYPE":"2023年中报","PER_NETCASH_OPERATE":0.30294809983,"PER_OI":2.230784811248,"BPS":6.252985702909,"BASIC_EPS":0.11709146,"DILUTED_EPS":0.11340354,"OPERATE_INCOME":1840397469.28,"OPERATE_INCOME_YOY":-38.5947523624,"GROSS_PROFIT":406578428.32,"GROSS_PROFIT_YOY":-67.016556385818,"HOLDER_PROFIT":96449249.78,"HOLDER_PROFIT_YOY":-88.2634807125,"GROSS_PROFIT_RATIO":22.091881515087,"EPS_TTM":0.445461826085,"OPERATE_INCOME_QOQ":-17.928744345615,"NET_PROFIT_RATIO":5.2406749841,"ROE_AVG":1.863345960954,"GROSS_PROFIT_QOQ":-43.549888325951,"ROA":1.498710757176,"HOLDER_PROFIT_QOQ":-64.434182246487,"ROE_YEARLY":3.726691921909,"ROIC_YEARLY":3.12888943657,"TOTAL_ASSETS":6346705640.44,"TOTAL_LIABILITIES":1187992435.54,"TAX_EBT":19.844456363497,"OCF_SALES":13.580337211493,"TOTAL_PARENT_EQUITY":5158713204.9,"DEBT_ASSET_RATIO":18.7182532615,"OPERATE_PROFIT":141029748.72,"PRETAX_PROFIT":120327609.8,"NETCASH_OPERATE":249932182.36,"NETCASH_INVEST":-306380407.86,"NETCASH_FINANCE":-176607112.96,"END_CASH":152009608.54,"DIVI_RATIO":0.571644942594,"DIVIDEND_RATE":6.947890818859,"CURRENT_RATIO":1.327225368466,"COMMON_ACS":5000000000,"CURRENTDEBT_DEBT":82.949470052145,"ISSUED_COMMON_SHARES":825000000,"HK_COMMON_SHARES":825000000,"PER_SHARES":2000,"TOTAL_MARKET_CAP":3324750000,"HKSK_MARKET_CAP":3324750000,"PE_TTM":6.201283622344,"PB_TTM":0.561174947334,"REPORT_DATE_SQ":"2022-06-30 00:00:00","REPORT_TYPE_SQ":"2022年中报","OPERATE_INCOME_SQ":2780015734.02,"DPS_HKD":0.28,"OPERATE_INCOME_QOQ_SQ":20.989163189269,"NET_PROFIT_RATIO_SQ":27.4191127116,"HOLDER_PROFIT_SQ":762255647.51,"HOLDER_PROFIT_QOQ_SQ":26.000150804478,"ROE_AVG_SQ":15.426429635019,"PE_TTM_SQ":6.197693868782,"PB_TTM_SQ":0.409900889236,"ROA_SQ":11.871764606537,"START_DATE":"2023-01-01 00:00:00","FISCAL_YEAR":"12-31","CURRENCY":"HKD","IS_CNY_CODE":0,"DPS_HKD_LY":0.22,"ORG_TYPE":"一般企业","PREMIUM_INCOME":null,"PREMIUM_INCOME_YOY":null,"NET_INTEREST_INCOME":null,"NET_INTEREST_INCOME_YOY":null,"FEE_COMMISSION_INCOME":null,"FEE_COMMISSION_INCOME_YOY":null,"ACCOUNTS_RECE_TDAYS":5.666816181689,"INVENTORY_TDAYS":1.763844828584,"CURRENT_ASSETS_TDAYS":1.276621761976,"TOTAL_ASSETS_TDAYS":0.28597666555,"PREMIUM_EXPENSE":null,"LOAN_DEPOSIT":null,"LOAN_EQUITY":null,"LOAN_ASSETS":null,"DEPOSIT_EQUITY":null,"DEPOSIT_ASSETS":null,"EQUITY_MULTIPLIER":1.230288521256,"EQUITY_RATIO":0.230288521256},{"SECUCODE":"00746.HK","SECURITY_CODE":"00746","SECURITY_NAME_ABBR":"理文化工","ORG_CODE":"10009099","STD_REPORT_DATE":"2022-12-31 00:00:00","REPORT_DATE":"2022-12-31 00:00:00","DATE_TYPE_CODE":"001","REPORT_TYPE":"2022年年报","PER_NETCASH_OPERATE":1.732352617673,"PER_OI":6.3525432012,"BPS":6.099183677661,"BASIC_EPS":1.25236454,"DILUTED_EPS":1.20055488,"OPERATE_INCOME":5240848140.99,"OPERATE_INCOME_YOY":13.1334866452,"GROSS_PROFIT":1896895469.07,"GROSS_PROFIT_YOY":-0.805771007939,"HOLDER_PROFIT":1033312404.25,"HOLDER_PROFIT_YOY":-10.1889039595,"GROSS_PROFIT_RATIO":36.194436817085,"EPS_TTM":1.252499883939,"OPERATE_INCOME_QOQ":2.161336233295,"NET_PROFIT_RATIO":19.7165110771,"ROE_AVG":20.642005586917,"GROSS_PROFIT_QOQ":-17.449160452615,"ROA":15.744448253911,"HOLDER_PROFIT_QOQ":-22.124509072861,"ROE_YEARLY":20.642005586917,"ROIC_YEARLY":16.587194202845,"TOTAL_ASSETS":6321094737.58,"TOTAL_LIABILITIES":1289268203.51,"TAX_EBT":17.262049939955,"OCF_SALES":27.27022174907,"TOTAL_PARENT_EQUITY":5031826534.07,"DEBT_ASSET_RATIO":20.3962803444,"OPERATE_PROFIT":1301920479.79,"PRETAX_PROFIT":1248897759.13,"NETCASH_OPERATE":1429190909.58,"NETCASH_INVEST":-540180914.21,"NETCASH_FINANCE":-784987810.6,"END_CASH":376688385.92,"DIVI_RATIO":0.20331019848,"DIVIDEND_RATE":6.947890818859,"CURRENT_RATIO":1.506991893725,"COMMON_ACS":5000000000,"CURRENTDEBT_DEBT":78.556279892165,"ISSUED_COMMON_SHARES":825000000,"HK_COMMON_SHARES":825000000,"PER_SHARES":2000,"TOTAL_MARKET_CAP":3324750000,"HKSK_MARKET_CAP":3324750000,"PE_TTM":6.201283622344,"PB_TTM":0.561174947334,"REPORT_DATE_SQ":"2021-12-31 00:00:00","REPORT_TYPE_SQ":"2021年年报","OPERATE_INCOME_SQ":4240026179.2,"DPS_HKD":0.28,"OPERATE_INCOME_QOQ_SQ":30.995363414237,"NET_PROFIT_RATIO_SQ":24.8365484998,"HOLDER_PROFIT_SQ":1053076158.4,"HOLDER_PROFIT_QOQ_SQ":36.977518756163,"ROE_AVG_SQ":25.712627067501,"PE_TTM_SQ":6.197693868782,"PB_TTM_SQ":0.409900889236,"ROA_SQ":17.892941638092,"START_DATE":"2022-01-01 00:00:00","FISCAL_YEAR":"12-31","CURRENCY":"HKD","IS_CNY_CODE":0,"DPS_HKD_LY":0.7,"ORG_TYPE":"一般企业","PREMIUM_INCOME":null,"PREMIUM_INCOME_YOY":null,"NET_INTEREST_INCOME":null,"NET_INTEREST_INCOME_YOY":null,"FEE_COMMISSION_INCOME":null,"FEE_COMMISSION_INCOME_YOY":null,"ACCOUNTS_RECE_TDAYS":13.528820910855,"INVENTORY_TDAYS":3.446486416815,"CURRENT_ASSETS_TDAYS":3.044128428514,"TOTAL_ASSETS_TDAYS":0.798541293253,"PREMIUM_EXPENSE":null,"LOAN_DEPOSIT":null,"LOAN_EQUITY":null,"LOAN_ASSETS":null,"DEPOSIT_EQUITY":null,"DEPOSIT_ASSETS":null,"EQUITY_MULTIPLIER":1.256222704575,"EQUITY_RATIO":0.256222704575},{"SECUCODE":"00746.HK","SECURITY_CODE":"00746","SECURITY_NAME_ABBR":"理文化工","ORG_CODE":"10009099","STD_REPORT_DATE":"2022-06-30 00:00:00","REPORT_DATE":"2022-06-30 00:00:00","DATE_TYPE_CODE":"002","REPORT_TYPE":"2022年中报","PER_NETCASH_OPERATE":0.914086157855,"PER_OI":3.369716041236,"BPS":6.199805119285,"BASIC_EPS":0.9236052,"DILUTED_EPS":0.88341127,"OPERATE_INCOME":2780015734.02,"OPERATE_INCOME_YOY":43.1106317411,"GROSS_PROFIT":1232674286.76,"GROSS_PROFIT_YOY":45.512278525097,"HOLDER_PROFIT":762255647.51,"HOLDER_PROFIT_YOY":51.837561411,"GROSS_PROFIT_RATIO":44.340550726938,"EPS_TTM":1.608336421418,"OPERATE_INCOME_QOQ":20.989163189269,"NET_PROFIT_RATIO":27.4191127116,"ROE_AVG":15.426429635019,"GROSS_PROFIT_QOQ":20.16138119967,"ROA":11.871764606537,"HOLDER_PROFIT_QOQ":26.000150804478,"ROE_YEARLY":30.852859270039,"ROIC_YEARLY":24.858025495311,"TOTAL_ASSETS":6326623784.04,"TOTAL_LIABILITIES":1211784560.63,"TAX_EBT":14.892351350526,"OCF_SALES":27.126504033828,"TOTAL_PARENT_EQUITY":5114839223.41,"DEBT_ASSET_RATIO":19.1537319429,"OPERATE_PROFIT":913662761.06,"PRETAX_PROFIT":895637066.24,"NETCASH_OPERATE":754121080.23,"NETCASH_INVEST":-242825214.17,"NETCASH_FINANCE":-570365549.74,"END_CASH":302935664.08,"DIVI_RATIO":0.158328815171,"DIVIDEND_RATE":6.947890818859,"CURRENT_RATIO":2.095824719343,"COMMON_ACS":5000000000,"CURRENTDEBT_DEBT":72.199125321018,"ISSUED_COMMON_SHARES":825000000,"HK_COMMON_SHARES":825000000,"PER_SHARES":2000,"TOTAL_MARKET_CAP":3324750000,"HKSK_MARKET_CAP":3324750000,"PE_TTM":6.201283622344,"PB_TTM":0.561174947334,"REPORT_DATE_SQ":"2021-06-30 00:00:00","REPORT_TYPE_SQ":"2021年中报","OPERATE_INCOME_SQ":1890069720,"DPS_HKD":0.28,"OPERATE_INCOME_QOQ_SQ":24.070543487542,"NET_PROFIT_RATIO_SQ":25.8431873212,"HOLDER_PROFIT_SQ":488454258.24,"HOLDER_PROFIT_QOQ_SQ":81.734524701223,"ROE_AVG_SQ":12.413773852553,"PE_TTM_SQ":6.197693868782,"PB_TTM_SQ":0.409900889236,"ROA_SQ":8.37026220485,"START_DATE":"2022-01-01 00:00:00","FISCAL_YEAR":"12-31","CURRENCY":"HKD","IS_CNY_CODE":0,"DPS_HKD_LY":0.7,"ORG_TYPE":"一般企业","PREMIUM_INCOME":null,"PREMIUM_INCOME_YOY":null,"NET_INTEREST_INCOME":null,"NET_INTEREST_INCOME_YOY":null,"FEE_COMMISSION_INCOME":null,"FEE_COMMISSION_INCOME_YOY":null,"ACCOUNTS_RECE_TDAYS":6.007090409653,"INVENTORY_TDAYS":1.47042715719,"CURRENT_ASSETS_TDAYS":1.515457559135,"TOTAL_ASSETS_TDAYS":0.432974061977,"PREMIUM_EXPENSE":null,"LOAN_DEPOSIT":null,"LOAN_EQUITY":null,"LOAN_ASSETS":null,"DEPOSIT_EQUITY":null,"DEPOSIT_ASSETS":null,"EQUITY_MULTIPLIER":1.236915474309,"EQUITY_RATIO":0.236915474309},{"SECUCODE":"00746.HK","SECURITY_CODE":"00746","SECURITY_NAME_ABBR":"理文化工","ORG_CODE":"10009099","STD_REPORT_DATE":"2021-12-31 00:00:00","REPORT_DATE":"2021-12-31 00:00:00","DATE_TYPE_CODE":"001","REPORT_TYPE":"2021年年报","PER_NETCASH_OPERATE":1.46641366497,"PER_OI":5.139425671758,"BPS":5.524924567273,"BASIC_EPS":1.2762736,"DILUTED_EPS":1.2337584,"OPERATE_INCOME":4240026179.2,"OPERATE_INCOME_YOY":67.3054520056,"GROSS_PROFIT":1912304262.4,"GROSS_PROFIT_YOY":100.800035354941,"HOLDER_PROFIT":1053076158.4,"HOLDER_PROFIT_YOY":156.2549241188,"GROSS_PROFIT_RATIO":45.101237152286,"EPS_TTM":1.276455949576,"OPERATE_INCOME_QOQ":30.995363414237,"NET_PROFIT_RATIO":24.8365484998,"ROE_AVG":25.712627067501,"GROSS_PROFIT_QOQ":37.136749025984,"ROA":17.892941638092,"HOLDER_PROFIT_QOQ":36.977518756163,"ROE_YEARLY":25.712627067501,"ROIC_YEARLY":18.823231797711,"TOTAL_ASSETS":6228502963.2,"TOTAL_LIABILITIES":1670440195.2,"TAX_EBT":20.053119613477,"OCF_SALES":28.532636886413,"TOTAL_PARENT_EQUITY":4558062768,"DEBT_ASSET_RATIO":26.8192887612,"OPERATE_PROFIT":1357174302.4,"PRETAX_PROFIT":1317219825.6,"NETCASH_OPERATE":1209791273.6,"NETCASH_INVEST":-520141585.6,"NETCASH_FINANCE":-752086529.6,"END_CASH":265623523.2,"DIVI_RATIO":0.199494545883,"DIVIDEND_RATE":6.947890818859,"CURRENT_RATIO":1.602976920537,"COMMON_ACS":5000000000,"CURRENTDEBT_DEBT":65.526146026973,"ISSUED_COMMON_SHARES":825000000,"HK_COMMON_SHARES":825000000,"PER_SHARES":2000,"TOTAL_MARKET_CAP":3324750000,"HKSK_MARKET_CAP":3324750000,"PE_TTM":6.201283622344,"PB_TTM":0.561174947334,"REPORT_DATE_SQ":"2020-12-31 00:00:00","REPORT_TYPE_SQ":"2020年年报","OPERATE_INCOME_SQ":2608818883.4,"DPS_HKD":0.28,"OPERATE_INCOME_QOQ_SQ":-8.926575757122,"NET_PROFIT_RATIO_SQ":16.215454151,"HOLDER_PROFIT_SQ":423031829.92,"HOLDER_PROFIT_QOQ_SQ":1.318715862992,"ROE_AVG_SQ":12.120152585812,"PE_TTM_SQ":6.197693868782,"PB_TTM_SQ":0.409900889236,"ROA_SQ":7.808568673243,"START_DATE":"2021-01-01 00:00:00","FISCAL_YEAR":"12-31","CURRENCY":"HKD","IS_CNY_CODE":0,"DPS_HKD_LY":0.425,"ORG_TYPE":"一般企业","PREMIUM_INCOME":null,"PREMIUM_INCOME_YOY":null,"NET_INTEREST_INCOME":null,"NET_INTEREST_INCOME_YOY":null,"FEE_COMMISSION_INCOME":null,"FEE_COMMISSION_INCOME_YOY":null,"ACCOUNTS_RECE_TDAYS":10.811816826678,"INVENTORY_TDAYS":2.637926697234,"CURRENT_ASSETS_TDAYS":2.641580035014,"TOTAL_ASSETS_TDAYS":0.720427866145,"PREMIUM_EXPENSE":null,"LOAN_DEPOSIT":null,"LOAN_EQUITY":null,"LOAN_ASSETS":null,"DEPOSIT_EQUITY":null,"DEPOSIT_ASSETS":null,"EQUITY_MULTIPLIER":1.366480296614,"EQUITY_RATIO":0.366480296614},{"SECUCODE":"00746.HK","SECURITY_CODE":"00746","SECURITY_NAME_ABBR":"理文化工","ORG_CODE":"10009099","STD_REPORT_DATE":"2021-06-30 00:00:00","REPORT_DATE":"2021-06-30 00:00:00","DATE_TYPE_CODE":"002","REPORT_TYPE":"2021年中报","PER_NETCASH_OPERATE":0.680620259782,"PER_OI":2.2909936,"BPS":5.057154300509,"BASIC_EPS":0.59244096,"DILUTED_EPS":0.59160888,"OPERATE_INCOME":1890069720,"OPERATE_INCOME_YOY":64.3972631094,"GROSS_PROFIT":847127334.72,"GROSS_PROFIT_YOY":109.157277958431,"HOLDER_PROFIT":488454258.24,"HOLDER_PROFIT_YOY":275.7869063394,"GROSS_PROFIT_RATIO":44.819898745323,"EPS_TTM":0.931872588412,"OPERATE_INCOME_QOQ":24.070543487542,"NET_PROFIT_RATIO":25.8431873212,"ROE_AVG":12.413773852553,"GROSS_PROFIT_QOQ":46.423213894981,"ROA":8.37026220485,"HOLDER_PROFIT_QOQ":81.734524701223,"ROE_YEARLY":24.827547705105,"ROIC_YEARLY":17.71786654465,"TOTAL_ASSETS":6030672040.56,"TOTAL_LIABILITIES":1858519742.64,"TAX_EBT":16.590934279065,"OCF_SALES":29.708518600044,"TOTAL_PARENT_EQUITY":4172152297.92,"DEBT_ASSET_RATIO":30.8177883019,"OPERATE_PROFIT":591702072.96,"PRETAX_PROFIT":585612911.52,"NETCASH_OPERATE":561511714.32,"NETCASH_INVEST":-331122075.6,"NETCASH_FINANCE":-203882898.24,"END_CASH":340187587.2,"DIVI_RATIO":0.273262679004,"DIVIDEND_RATE":6.947890818859,"CURRENT_RATIO":1.271551813822,"COMMON_ACS":5000000000,"CURRENTDEBT_DEBT":68.856541261283,"ISSUED_COMMON_SHARES":825000000,"HK_COMMON_SHARES":825000000,"PER_SHARES":2000,"TOTAL_MARKET_CAP":3324750000,"HKSK_MARKET_CAP":3324750000,"PE_TTM":6.201283622344,"PB_TTM":0.561174947334,"REPORT_DATE_SQ":"2020-06-30 00:00:00","REPORT_TYPE_SQ":"2020年中报","OPERATE_INCOME_SQ":1262112836.16,"DPS_HKD":0.28,"OPERATE_INCOME_QOQ_SQ":-8.018645918524,"NET_PROFIT_RATIO_SQ":11.3057405512,"HOLDER_PROFIT_SQ":142691202.72,"HOLDER_PROFIT_QOQ_SQ":-33.487099612908,"ROE_AVG_SQ":4.062054815234,"PE_TTM_SQ":6.197693868782,"PB_TTM_SQ":0.409900889236,"ROA_SQ":2.592365885479,"START_DATE":"2021-01-01 00:00:00","FISCAL_YEAR":"12-31","CURRENCY":"HKD","IS_CNY_CODE":0,"DPS_HKD_LY":0.425,"ORG_TYPE":"一般企业","PREMIUM_INCOME":null,"PREMIUM_INCOME_YOY":null,"NET_INTEREST_INCOME":null,"NET_INTEREST_INCOME_YOY":null,"FEE_COMMISSION_INCOME":null,"FEE_COMMISSION_INCOME_YOY":null,"ACCOUNTS_RECE_TDAYS":5.161837173181,"INVENTORY_TDAYS":1.281084871045,"CURRENT_ASSETS_TDAYS":1.216010004312,"TOTAL_ASSETS_TDAYS":0.32388660504,"PREMIUM_EXPENSE":null,"LOAN_DEPOSIT":null,"LOAN_EQUITY":null,"LOAN_ASSETS":null,"DEPOSIT_EQUITY":null,"DEPOSIT_ASSETS":null,"EQUITY_MULTIPLIER":1.445458269481,"EQUITY_RATIO":0.44545826948},{"SECUCODE":"00746.HK","SECURITY_CODE":"00746","SECURITY_NAME_ABBR":"理文化工","ORG_CODE":"10009099","STD_REPORT_DATE":"2020-12-31 00:00:00","REPORT_DATE":"2020-12-31 00:00:00","DATE_TYPE_CODE":"001","REPORT_TYPE":"2020年年报","PER_NETCASH_OPERATE":0.897262712388,"PER_OI":3.162204707152,"BPS":4.533189339345,"BASIC_EPS":0.51255876,"DILUTED_EPS":0.51255876,"OPERATE_INCOME":2608818883.4,"OPERATE_INCOME_YOY":-10.8407393377,"GROSS_PROFIT":952342592.48,"GROSS_PROFIT_YOY":-23.300435797342,"HOLDER_PROFIT":423031829.92,"HOLDER_PROFIT_YOY":-28.2749999643,"GROSS_PROFIT_RATIO":36.504741610841,"EPS_TTM":0.512765854448,"OPERATE_INCOME_QOQ":-8.926575757122,"NET_PROFIT_RATIO":16.215454151,"ROE_AVG":12.120152585812,"GROSS_PROFIT_QOQ":-9.011497790716,"ROA":7.808568673243,"HOLDER_PROFIT_QOQ":1.318715862992,"ROE_YEARLY":12.120152585812,"ROIC_YEARLY":8.212402127786,"TOTAL_ASSETS":5705315123.48,"TOTAL_LIABILITIES":1965433918.52,"TAX_EBT":19.976691683835,"OCF_SALES":28.374592902182,"TOTAL_PARENT_EQUITY":3739881204.96,"DEBT_ASSET_RATIO":34.4491737263,"OPERATE_PROFIT":582959421.08,"PRETAX_PROFIT":528635767.28,"NETCASH_OPERATE":740241737.72,"NETCASH_INVEST":-401795569.44,"NETCASH_FINANCE":-213728586.52,"END_CASH":325415897.8,"DIVI_RATIO":0.496612630874,"DIVIDEND_RATE":6.947890818859,"CURRENT_RATIO":1.516288073638,"COMMON_ACS":5000000000,"CURRENTDEBT_DEBT":50.280506140046,"ISSUED_COMMON_SHARES":825000000,"HK_COMMON_SHARES":825000000,"PER_SHARES":2000,"TOTAL_MARKET_CAP":3324750000,"HKSK_MARKET_CAP":3324750000,"PE_TTM":6.201283622344,"PB_TTM":0.561174947334,"REPORT_DATE_SQ":"2019-12-31 00:00:00","REPORT_TYPE_SQ":"2019年年报","OPERATE_INCOME_SQ":3114242770.38,"DPS_HKD":0.28,"OPERATE_INCOME_QOQ_SQ":-4.526209416399,"NET_PROFIT_RATIO_SQ":20.1569592567,"HOLDER_PROFIT_SQ":627736646.38,"HOLDER_PROFIT_QOQ_SQ":-4.558983174884,"ROE_AVG_SQ":19.122745930381,"PE_TTM_SQ":6.197693868782,"PB_TTM_SQ":0.409900889236,"ROA_SQ":11.535773241561,"START_DATE":"2020-01-01 00:00:00","FISCAL_YEAR":"12-31","CURRENCY":"HKD","IS_CNY_CODE":0,"DPS_HKD_LY":0.225,"ORG_TYPE":"一般企业","PREMIUM_INCOME":null,"PREMIUM_INCOME_YOY":null,"NET_INTEREST_INCOME":null,"NET_INTEREST_INCOME_YOY":null,"FEE_COMMISSION_INCOME":null,"FEE_COMMISSION_INCOME_YOY":null,"ACCOUNTS_RECE_TDAYS":7.068877245594,"INVENTORY_TDAYS":2.303541771272,"CURRENT_ASSETS_TDAYS":1.868167500044,"TOTAL_ASSETS_TDAYS":0.481551031537,"PREMIUM_EXPENSE":null,"LOAN_DEPOSIT":null,"LOAN_EQUITY":null,"LOAN_ASSETS":null,"DEPOSIT_EQUITY":null,"DEPOSIT_ASSETS":null,"EQUITY_MULTIPLIER":1.525533783243,"EQUITY_RATIO":0.525533783242},{"SECUCODE":"00746.HK","SECURITY_CODE":"00746","SECURITY_NAME_ABBR":"理文化工","ORG_CODE":"10009099","STD_REPORT_DATE":"2020-06-30 00:00:00","REPORT_DATE":"2020-06-30 00:00:00","DATE_TYPE_CODE":"002","REPORT_TYPE":"2020年中报","PER_NETCASH_OPERATE":0.2577196224,"PER_OI":1.5298337408,"BPS":4.2525404032,"BASIC_EPS":0.17264016,"DILUTED_EPS":0.17264016,"OPERATE_INCOME":1262112836.16,"OPERATE_INCOME_YOY":-19.6049703955,"GROSS_PROFIT":405019296,"GROSS_PROFIT_YOY":-32.497900977483,"HOLDER_PROFIT":142691202.72,"HOLDER_PROFIT_YOY":-61.0616182262,"GROSS_PROFIT_RATIO":32.090577355372,"EPS_TTM":0.506091939758,"OPERATE_INCOME_QOQ":-8.018645918524,"NET_PROFIT_RATIO":11.3057405512,"ROE_AVG":4.062054815234,"GROSS_PROFIT_QOQ":-15.70411388217,"ROA":2.592365885479,"HOLDER_PROFIT_QOQ":-33.487099612908,"ROE_YEARLY":8.124109630468,"ROIC_YEARLY":5.384266136396,"TOTAL_ASSETS":5441200401.12,"TOTAL_LIABILITIES":1932854568.48,"TAX_EBT":18.404049162431,"OCF_SALES":16.846250381772,"TOTAL_PARENT_EQUITY":3508345832.64,"DEBT_ASSET_RATIO":35.5225763801,"OPERATE_PROFIT":203876154.24,"PRETAX_PROFIT":174875347.68,"NETCASH_OPERATE":212618688.48,"NETCASH_INVEST":-210620995.2,"NETCASH_FINANCE":-62143150.08,"END_CASH":182888956.8,"DIVI_RATIO":0.503161540415,"DIVIDEND_RATE":6.947890818859,"CURRENT_RATIO":1.62792564197,"COMMON_ACS":5000000000,"CURRENTDEBT_DEBT":41.570365455476,"ISSUED_COMMON_SHARES":825000000,"HK_COMMON_SHARES":825000000,"PER_SHARES":2000,"TOTAL_MARKET_CAP":3324750000,"HKSK_MARKET_CAP":3324750000,"PE_TTM":6.201283622344,"PB_TTM":0.561174947334,"REPORT_DATE_SQ":"2019-06-30 00:00:00","REPORT_TYPE_SQ":"2019年中报","OPERATE_INCOME_SQ":1511832936.96,"DPS_HKD":0.28,"OPERATE_INCOME_QOQ_SQ":-3.972807852906,"NET_PROFIT_RATIO_SQ":23.3426584494,"HOLDER_PROFIT_SQ":352901998.8,"HOLDER_PROFIT_QOQ_SQ":-13.979183113596,"ROE_AVG_SQ":11.079472527849,"PE_TTM_SQ":6.197693868782,"PB_TTM_SQ":0.409900889236,"ROA_SQ":6.545162896539,"START_DATE":"2020-01-01 00:00:00","FISCAL_YEAR":"12-31","CURRENCY":"HKD","IS_CNY_CODE":0,"DPS_HKD_LY":0.225,"ORG_TYPE":"一般企业","PREMIUM_INCOME":null,"PREMIUM_INCOME_YOY":null,"NET_INTEREST_INCOME":null,"NET_INTEREST_INCOME_YOY":null,"FEE_COMMISSION_INCOME":null,"FEE_COMMISSION_INCOME_YOY":null,"ACCOUNTS_RECE_TDAYS":3.176511022959,"INVENTORY_TDAYS":1.178327535759,"CURRENT_ASSETS_TDAYS":0.930440245897,"TOTAL_ASSETS_TDAYS":0.229296424567,"PREMIUM_EXPENSE":null,"LOAN_DEPOSIT":null,"LOAN_EQUITY":null,"LOAN_ASSETS":null,"DEPOSIT_EQUITY":null,"DEPOSIT_ASSETS":null,"EQUITY_MULTIPLIER":1.550930455744,"EQUITY_RATIO":0.550930455743}],"count":45},"success":true,"message":"ok","code":0}