{"version":"baeef98bbf89472ebd6424d880551efd","result":{"pages":6,"data":[{"SECUCODE":"00747.HK","SECURITY_CODE":"00747","SECURITY_NAME_ABBR":"沈阳公用发展股份","ORG_CODE":"10045265","STD_REPORT_DATE":"2024-06-30 00:00:00","REPORT_DATE":"2024-06-30 00:00:00","DATE_TYPE_CODE":"002","REPORT_TYPE":"2024年中报","PER_NETCASH_OPERATE":0.001509484298,"PER_OI":0.003719265865,"BPS":0.29657555316,"BASIC_EPS":0.0021,"DILUTED_EPS":null,"OPERATE_INCOME":5465000,"OPERATE_INCOME_YOY":634.5430107527,"GROSS_PROFIT":1305000,"GROSS_PROFIT_YOY":85.897435897436,"HOLDER_PROFIT":3099000,"HOLDER_PROFIT_YOY":180.3682572614,"GROSS_PROFIT_RATIO":23.87923147301,"EPS_TTM":-0.08861176445,"OPERATE_INCOME_QOQ":315.153538050734,"NET_PROFIT_RATIO":34.0530649588,"ROE_AVG":0.713657361563,"GROSS_PROFIT_QOQ":0.718961261938,"ROA":0.486095153244,"HOLDER_PROFIT_QOQ":5.070757296277,"ROE_YEARLY":1.427314723127,"ROIC_YEARLY":0.965139437578,"TOTAL_ASSETS":642370000,"TOTAL_LIABILITIES":217681000,"TAX_EBT":0.160944206009,"OCF_SALES":40.585544373285,"TOTAL_PARENT_EQUITY":435781000,"DEBT_ASSET_RATIO":33.8871678316,"OPERATE_PROFIT":2800000,"PRETAX_PROFIT":1864000,"NETCASH_OPERATE":2218000,"NETCASH_INVEST":6090000,"NETCASH_FINANCE":-4138000,"END_CASH":7890000,"DIVI_RATIO":null,"DIVIDEND_RATE":null,"CURRENT_RATIO":0.710508450887,"COMMON_ACS":null,"CURRENTDEBT_DEBT":92.03099949008,"ISSUED_COMMON_SHARES":1469376000,"HK_COMMON_SHARES":605376000,"PER_SHARES":2000,"TOTAL_MARKET_CAP":89631936,"HKSK_MARKET_CAP":36927936,"PE_TTM":-0.623417767817,"PB_TTM":0.18772106941,"REPORT_DATE_SQ":"2023-06-30 00:00:00","REPORT_TYPE_SQ":"2023年中报","OPERATE_INCOME_SQ":744000,"DPS_HKD":null,"OPERATE_INCOME_QOQ_SQ":0.050973595677,"NET_PROFIT_RATIO_SQ":-622.7150537634,"HOLDER_PROFIT_SQ":-3856000,"HOLDER_PROFIT_QOQ_SQ":-2.587015954625,"ROE_AVG_SQ":-0.674370510281,"PE_TTM_SQ":-1.029574887797,"PB_TTM_SQ":0.140263650997,"ROA_SQ":-0.522122857296,"START_DATE":"2024-01-01 00:00:00","FISCAL_YEAR":"12-31","CURRENCY":"HKD","IS_CNY_CODE":0,"DPS_HKD_LY":null,"ORG_TYPE":"一般企业","PREMIUM_INCOME":null,"PREMIUM_INCOME_YOY":null,"NET_INTEREST_INCOME":null,"NET_INTEREST_INCOME_YOY":null,"FEE_COMMISSION_INCOME":null,"FEE_COMMISSION_INCOME_YOY":null,"ACCOUNTS_RECE_TDAYS":1.184310326146,"INVENTORY_TDAYS":0.029685766175,"CURRENT_ASSETS_TDAYS":0.025374641609,"TOTAL_ASSETS_TDAYS":0.008572152347,"PREMIUM_EXPENSE":null,"LOAN_DEPOSIT":null,"LOAN_EQUITY":null,"LOAN_ASSETS":null,"DEPOSIT_EQUITY":null,"DEPOSIT_ASSETS":null,"EQUITY_MULTIPLIER":1.512565665698,"EQUITY_RATIO":0.499519253937},{"SECUCODE":"00747.HK","SECURITY_CODE":"00747","SECURITY_NAME_ABBR":"沈阳公用发展股份","ORG_CODE":"10045265","STD_REPORT_DATE":"2023-12-31 00:00:00","REPORT_DATE":"2023-12-31 00:00:00","DATE_TYPE_CODE":"001","REPORT_TYPE":"2023年年报","PER_NETCASH_OPERATE":0.005358056753,"PER_OI":0.001019480378,"BPS":0.294480786402,"BASIC_EPS":-0.0933,"DILUTED_EPS":null,"OPERATE_INCOME":1498000,"OPERATE_INCOME_YOY":-94.9094369117,"GROSS_PROFIT":-83871000,"GROSS_PROFIT_YOY":-3077.31629392971,"HOLDER_PROFIT":-137159000,"HOLDER_PROFIT_YOY":-86.5575821874,"GROSS_PROFIT_RATIO":-5598.86515353805,"EPS_TTM":-0.093345066205,"OPERATE_INCOME_QOQ":-94.912030432715,"NET_PROFIT_RATIO":-9788.3845126836,"ROE_AVG":-27.256350869453,"GROSS_PROFIT_QOQ":-2940.19641043007,"ROA":-19.854089616189,"HOLDER_PROFIT_QOQ":-81.853015658354,"ROE_YEARLY":-27.256350869453,"ROIC_YEARLY":-19.85496620245,"TOTAL_ASSETS":632689000,"TOTAL_LIABILITIES":209840000,"TAX_EBT":-0.025239950066,"OCF_SALES":525.567423230975,"TOTAL_PARENT_EQUITY":432703000,"DEBT_ASSET_RATIO":33.1663740005,"OPERATE_PROFIT":-144769000,"PRETAX_PROFIT":-146593000,"NETCASH_OPERATE":7873000,"NETCASH_INVEST":1819000,"NETCASH_FINANCE":-12484000,"END_CASH":3741000,"DIVI_RATIO":null,"DIVIDEND_RATE":null,"CURRENT_RATIO":1.377270730263,"COMMON_ACS":null,"CURRENTDEBT_DEBT":99.792222645825,"ISSUED_COMMON_SHARES":1469376000,"HK_COMMON_SHARES":605376000,"PER_SHARES":2000,"TOTAL_MARKET_CAP":79346304,"HKSK_MARKET_CAP":32690304,"PE_TTM":-0.55187802397,"PB_TTM":0.166179307346,"REPORT_DATE_SQ":"2022-12-31 00:00:00","REPORT_TYPE_SQ":"2022年年报","OPERATE_INCOME_SQ":29427000,"DPS_HKD":null,"OPERATE_INCOME_QOQ_SQ":572.156235724075,"NET_PROFIT_RATIO_SQ":-257.6681279097,"HOLDER_PROFIT_SQ":-73521000,"HOLDER_PROFIT_QOQ_SQ":-110.873368707873,"ROE_AVG_SQ":-12.006535568796,"PE_TTM_SQ":-1.134277418759,"PB_TTM_SQ":0.154527751098,"ROA_SQ":-9.008502332352,"START_DATE":"2023-01-01 00:00:00","FISCAL_YEAR":"12-31","CURRENCY":"HKD","IS_CNY_CODE":0,"DPS_HKD_LY":null,"ORG_TYPE":"一般企业","PREMIUM_INCOME":null,"PREMIUM_INCOME_YOY":null,"NET_INTEREST_INCOME":null,"NET_INTEREST_INCOME_YOY":null,"FEE_COMMISSION_INCOME":null,"FEE_COMMISSION_INCOME_YOY":null,"ACCOUNTS_RECE_TDAYS":0.195650754261,"INVENTORY_TDAYS":0.446047337896,"CURRENT_ASSETS_TDAYS":0.004665976218,"TOTAL_ASSETS_TDAYS":0.002168390426,"PREMIUM_EXPENSE":null,"LOAN_DEPOSIT":null,"LOAN_EQUITY":null,"LOAN_ASSETS":null,"DEPOSIT_EQUITY":null,"DEPOSIT_ASSETS":null,"EQUITY_MULTIPLIER":1.496252799463,"EQUITY_RATIO":0.484951571863},{"SECUCODE":"00747.HK","SECURITY_CODE":"00747","SECURITY_NAME_ABBR":"沈阳公用发展股份","ORG_CODE":"10045265","STD_REPORT_DATE":"2023-06-30 00:00:00","REPORT_DATE":"2023-06-30 00:00:00","DATE_TYPE_CODE":"002","REPORT_TYPE":"2023年中报","PER_NETCASH_OPERATE":-0.000072139466,"PER_OI":0.000506337384,"BPS":0.387818366436,"BASIC_EPS":-0.0026,"DILUTED_EPS":null,"OPERATE_INCOME":744000,"OPERATE_INCOME_YOY":2.0576131687,"GROSS_PROFIT":702000,"GROSS_PROFIT_YOY":24.028268551237,"HOLDER_PROFIT":-3856000,"HOLDER_PROFIT_YOY":-97.3387922211,"GROSS_PROFIT_RATIO":94.354838709677,"EPS_TTM":-0.051329952306,"OPERATE_INCOME_QOQ":0.050973595677,"NET_PROFIT_RATIO":-622.7150537634,"ROE_AVG":-0.674370510281,"GROSS_PROFIT_QOQ":4.827831025914,"ROA":-0.522122857296,"HOLDER_PROFIT_QOQ":-2.587015954625,"ROE_YEARLY":-1.348741020563,"ROIC_YEARLY":-1.052153353534,"TOTAL_ASSETS":728066000,"TOTAL_LIABILITIES":159375000,"TAX_EBT":-0.021588946459,"OCF_SALES":-14.247311827957,"TOTAL_PARENT_EQUITY":569851000,"DEBT_ASSET_RATIO":21.8901857799,"OPERATE_PROFIT":-3720000,"PRETAX_PROFIT":-4632000,"NETCASH_OPERATE":-106000,"NETCASH_INVEST":7000,"NETCASH_FINANCE":-346000,"END_CASH":6087000,"DIVI_RATIO":null,"DIVIDEND_RATE":null,"CURRENT_RATIO":2.132866384735,"COMMON_ACS":null,"CURRENTDEBT_DEBT":99.704470588235,"ISSUED_COMMON_SHARES":1469376000,"HK_COMMON_SHARES":605376000,"PER_SHARES":2000,"TOTAL_MARKET_CAP":79346304,"HKSK_MARKET_CAP":32690304,"PE_TTM":-0.55187802397,"PB_TTM":0.166179307346,"REPORT_DATE_SQ":"2022-06-30 00:00:00","REPORT_TYPE_SQ":"2022年中报","OPERATE_INCOME_SQ":729000,"DPS_HKD":null,"OPERATE_INCOME_QOQ_SQ":-90.689464505976,"NET_PROFIT_RATIO_SQ":-368.4499314129,"HOLDER_PROFIT_SQ":-1954000,"HOLDER_PROFIT_QOQ_SQ":-48.134772263766,"ROE_AVG_SQ":-0.300628566022,"PE_TTM_SQ":-1.134277418759,"PB_TTM_SQ":0.154527751098,"ROA_SQ":-0.232014153576,"START_DATE":"2023-01-01 00:00:00","FISCAL_YEAR":"12-31","CURRENCY":"HKD","IS_CNY_CODE":0,"DPS_HKD_LY":null,"ORG_TYPE":"一般企业","PREMIUM_INCOME":null,"PREMIUM_INCOME_YOY":null,"NET_INTEREST_INCOME":null,"NET_INTEREST_INCOME_YOY":null,"FEE_COMMISSION_INCOME":null,"FEE_COMMISSION_INCOME_YOY":null,"ACCOUNTS_RECE_TDAYS":0.056685714286,"INVENTORY_TDAYS":0.000238276917,"CURRENT_ASSETS_TDAYS":0.002148395201,"TOTAL_ASSETS_TDAYS":0.001007415472,"PREMIUM_EXPENSE":null,"LOAN_DEPOSIT":null,"LOAN_EQUITY":null,"LOAN_ASSETS":null,"DEPOSIT_EQUITY":null,"DEPOSIT_ASSETS":null,"EQUITY_MULTIPLIER":1.280248852189,"EQUITY_RATIO":0.279678372066},{"SECUCODE":"00747.HK","SECURITY_CODE":"00747","SECURITY_NAME_ABBR":"沈阳公用发展股份","ORG_CODE":"10045265","STD_REPORT_DATE":"2022-12-31 00:00:00","REPORT_DATE":"2022-12-31 00:00:00","DATE_TYPE_CODE":"001","REPORT_TYPE":"2022年年报","PER_NETCASH_OPERATE":-0.015778806786,"PER_OI":0.020026868548,"BPS":0.390460984799,"BASIC_EPS":-0.05,"DILUTED_EPS":null,"OPERATE_INCOME":29427000,"OPERATE_INCOME_YOY":-37.4186550976,"GROSS_PROFIT":2817000,"GROSS_PROFIT_YOY":310.64139941691,"HOLDER_PROFIT":-73521000,"HOLDER_PROFIT_YOY":-212.3767845003,"GROSS_PROFIT_RATIO":9.572841268223,"EPS_TTM":-0.050035525284,"OPERATE_INCOME_QOQ":572.156235724075,"NET_PROFIT_RATIO":-257.6681279097,"ROE_AVG":-12.006535568796,"GROSS_PROFIT_QOQ":187.155963302752,"ROA":-9.008502332352,"HOLDER_PROFIT_QOQ":-110.873368707873,"ROE_YEARLY":-12.006535568796,"ROIC_YEARLY":-9.093050997445,"TOTAL_ASSETS":748981000,"TOTAL_LIABILITIES":175630000,"TAX_EBT":null,"OCF_SALES":-78.788187718762,"TOTAL_PARENT_EQUITY":573734000,"DEBT_ASSET_RATIO":23.4491929702,"OPERATE_PROFIT":-75346000,"PRETAX_PROFIT":-75824000,"NETCASH_OPERATE":-23185000,"NETCASH_INVEST":1677000,"NETCASH_FINANCE":20993000,"END_CASH":6557000,"DIVI_RATIO":null,"DIVIDEND_RATE":null,"CURRENT_RATIO":2.017103424677,"COMMON_ACS":null,"CURRENTDEBT_DEBT":99.8377270398,"ISSUED_COMMON_SHARES":1469376000,"HK_COMMON_SHARES":605376000,"PER_SHARES":2000,"TOTAL_MARKET_CAP":79346304,"HKSK_MARKET_CAP":32690304,"PE_TTM":-0.55187802397,"PB_TTM":0.166179307346,"REPORT_DATE_SQ":"2021-12-31 00:00:00","REPORT_TYPE_SQ":"2021年年报","OPERATE_INCOME_SQ":47022000,"DPS_HKD":null,"OPERATE_INCOME_QOQ_SQ":-6.297078633773,"NET_PROFIT_RATIO_SQ":-53.3239760112,"HOLDER_PROFIT_SQ":-23536000,"HOLDER_PROFIT_QOQ_SQ":15.735204611364,"ROE_AVG_SQ":-3.541951188313,"PE_TTM_SQ":-1.134277418759,"PB_TTM_SQ":0.154527751098,"ROA_SQ":-2.642405693926,"START_DATE":"2022-01-01 00:00:00","FISCAL_YEAR":"12-31","CURRENCY":"HKD","IS_CNY_CODE":0,"DPS_HKD_LY":null,"ORG_TYPE":"一般企业","PREMIUM_INCOME":null,"PREMIUM_INCOME_YOY":null,"NET_INTEREST_INCOME":null,"NET_INTEREST_INCOME_YOY":null,"FEE_COMMISSION_INCOME":null,"FEE_COMMISSION_INCOME_YOY":null,"ACCOUNTS_RECE_TDAYS":2.242057142857,"INVENTORY_TDAYS":0.174578806487,"CURRENT_ASSETS_TDAYS":0.072818741293,"TOTAL_ASSETS_TDAYS":0.036056799844,"PREMIUM_EXPENSE":null,"LOAN_DEPOSIT":null,"LOAN_EQUITY":null,"LOAN_ASSETS":null,"DEPOSIT_EQUITY":null,"DEPOSIT_ASSETS":null,"EQUITY_MULTIPLIER":1.306321956359,"EQUITY_RATIO":0.306117469071},{"SECUCODE":"00747.HK","SECURITY_CODE":"00747","SECURITY_NAME_ABBR":"沈阳公用发展股份","ORG_CODE":"10045265","STD_REPORT_DATE":"2022-06-30 00:00:00","REPORT_DATE":"2022-06-30 00:00:00","DATE_TYPE_CODE":"002","REPORT_TYPE":"2022年中报","PER_NETCASH_OPERATE":-0.021328781741,"PER_OI":0.000496128969,"BPS":0.441680005662,"BASIC_EPS":-0.0013,"DILUTED_EPS":null,"OPERATE_INCOME":729000,"OPERATE_INCOME_YOY":-98.3192308579,"GROSS_PROFIT":566000,"GROSS_PROFIT_YOY":108.856088560886,"HOLDER_PROFIT":-1954000,"HOLDER_PROFIT_YOY":-120.8426666667,"GROSS_PROFIT_RATIO":77.64060356653,"EPS_TTM":-0.023727759267,"OPERATE_INCOME_QOQ":-90.689464505976,"NET_PROFIT_RATIO":-368.4499314129,"ROE_AVG":-0.300628566022,"GROSS_PROFIT_QOQ":43.002915451895,"ROA":-0.232014153576,"HOLDER_PROFIT_QOQ":-48.134772263766,"ROE_YEARLY":-0.601257132043,"ROIC_YEARLY":-0.468728729245,"TOTAL_ASSETS":801103000,"TOTAL_LIABILITIES":150921000,"TAX_EBT":-2.597402597403,"OCF_SALES":-4299.03978052126,"TOTAL_PARENT_EQUITY":648994000,"DEBT_ASSET_RATIO":18.8391505212,"OPERATE_PROFIT":-2588000,"PRETAX_PROFIT":-2618000,"NETCASH_OPERATE":-31340000,"NETCASH_INVEST":-1904000,"NETCASH_FINANCE":32862000,"END_CASH":6700000,"DIVI_RATIO":null,"DIVIDEND_RATE":null,"CURRENT_RATIO":2.473545482914,"COMMON_ACS":null,"CURRENTDEBT_DEBT":99.798570112841,"ISSUED_COMMON_SHARES":1469376000,"HK_COMMON_SHARES":605376000,"PER_SHARES":2000,"TOTAL_MARKET_CAP":79346304,"HKSK_MARKET_CAP":32690304,"PE_TTM":-0.55187802397,"PB_TTM":0.166179307346,"REPORT_DATE_SQ":"2021-06-30 00:00:00","REPORT_TYPE_SQ":"2021年中报","OPERATE_INCOME_SQ":43373000,"DPS_HKD":null,"OPERATE_INCOME_QOQ_SQ":616.067351598174,"NET_PROFIT_RATIO_SQ":21.0453507943,"HOLDER_PROFIT_SQ":9375000,"HOLDER_PROFIT_QOQ_SQ":29.611148912578,"ROE_AVG_SQ":1.373722987111,"PE_TTM_SQ":-1.134277418759,"PB_TTM_SQ":0.154527751098,"ROA_SQ":1.078596616371,"START_DATE":"2022-01-01 00:00:00","FISCAL_YEAR":"12-31","CURRENCY":"HKD","IS_CNY_CODE":0,"DPS_HKD_LY":null,"ORG_TYPE":"一般企业","PREMIUM_INCOME":null,"PREMIUM_INCOME_YOY":null,"NET_INTEREST_INCOME":null,"NET_INTEREST_INCOME_YOY":null,"FEE_COMMISSION_INCOME":null,"FEE_COMMISSION_INCOME_YOY":null,"ACCOUNTS_RECE_TDAYS":null,"INVENTORY_TDAYS":0.001251141763,"CURRENT_ASSETS_TDAYS":0.001762796293,"TOTAL_ASSETS_TDAYS":0.000865600399,"PREMIUM_EXPENSE":null,"LOAN_DEPOSIT":null,"LOAN_EQUITY":null,"LOAN_ASSETS":null,"DEPOSIT_EQUITY":null,"DEPOSIT_ASSETS":null,"EQUITY_MULTIPLIER":1.232121159921,"EQUITY_RATIO":0.2325460636},{"SECUCODE":"00747.HK","SECURITY_CODE":"00747","SECURITY_NAME_ABBR":"沈阳公用发展股份","ORG_CODE":"10045265","STD_REPORT_DATE":"2021-12-31 00:00:00","REPORT_DATE":"2021-12-31 00:00:00","DATE_TYPE_CODE":"001","REPORT_TYPE":"2021年年报","PER_NETCASH_OPERATE":-0.016892885143,"PER_OI":0.032001339344,"BPS":0.443010502417,"BASIC_EPS":-0.016,"DILUTED_EPS":null,"OPERATE_INCOME":47022000,"OPERATE_INCOME_YOY":570.9760273973,"GROSS_PROFIT":686000,"GROSS_PROFIT_YOY":100.584795321637,"HOLDER_PROFIT":-23536000,"HOLDER_PROFIT_YOY":40.6869786548,"GROSS_PROFIT_RATIO":1.458891582663,"EPS_TTM":-0.016017683697,"OPERATE_INCOME_QOQ":-6.297078633773,"NET_PROFIT_RATIO":-53.3239760112,"ROE_AVG":-3.541951188313,"GROSS_PROFIT_QOQ":65.700483091787,"ROA":-2.642405693926,"HOLDER_PROFIT_QOQ":15.735204611364,"ROE_YEARLY":-3.541951188313,"ROIC_YEARLY":-2.669437122597,"TOTAL_ASSETS":883277000,"TOTAL_LIABILITIES":230408000,"TAX_EBT":-0.021722602368,"OCF_SALES":-52.788056654332,"TOTAL_PARENT_EQUITY":650949000,"DEBT_ASSET_RATIO":26.0855880998,"OPERATE_PROFIT":-27554000,"PRETAX_PROFIT":-27621000,"NETCASH_OPERATE":-24822000,"NETCASH_INVEST":32725000,"NETCASH_FINANCE":-2158000,"END_CASH":7083000,"DIVI_RATIO":null,"DIVIDEND_RATE":null,"CURRENT_RATIO":1.976582985811,"COMMON_ACS":null,"CURRENTDEBT_DEBT":99.805996319572,"ISSUED_COMMON_SHARES":1469376000,"HK_COMMON_SHARES":605376000,"PER_SHARES":2000,"TOTAL_MARKET_CAP":79346304,"HKSK_MARKET_CAP":32690304,"PE_TTM":-0.55187802397,"PB_TTM":0.166179307346,"REPORT_DATE_SQ":"2020-12-31 00:00:00","REPORT_TYPE_SQ":"2020年年报","OPERATE_INCOME_SQ":7008000,"DPS_HKD":null,"OPERATE_INCOME_QOQ_SQ":-68.980169971671,"NET_PROFIT_RATIO_SQ":-688.8984018265,"HOLDER_PROFIT_SQ":-39681000,"HOLDER_PROFIT_QOQ_SQ":55.353908122279,"ROE_AVG_SQ":-5.681046213889,"PE_TTM_SQ":-1.134277418759,"PB_TTM_SQ":0.154527751098,"ROA_SQ":-4.188982977935,"START_DATE":"2021-01-01 00:00:00","FISCAL_YEAR":"12-31","CURRENCY":"HKD","IS_CNY_CODE":0,"DPS_HKD_LY":null,"ORG_TYPE":"一般企业","PREMIUM_INCOME":null,"PREMIUM_INCOME_YOY":null,"NET_INTEREST_INCOME":null,"NET_INTEREST_INCOME_YOY":null,"FEE_COMMISSION_INCOME":null,"FEE_COMMISSION_INCOME_YOY":null,"ACCOUNTS_RECE_TDAYS":null,"INVENTORY_TDAYS":0.35844911347,"CURRENT_ASSETS_TDAYS":0.112098199759,"TOTAL_ASSETS_TDAYS":0.052791978475,"PREMIUM_EXPENSE":null,"LOAN_DEPOSIT":null,"LOAN_EQUITY":null,"LOAN_ASSETS":null,"DEPOSIT_EQUITY":null,"DEPOSIT_ASSETS":null,"EQUITY_MULTIPLIER":1.352916128657,"EQUITY_RATIO":0.353957068833},{"SECUCODE":"00747.HK","SECURITY_CODE":"00747","SECURITY_NAME_ABBR":"沈阳公用发展股份","ORG_CODE":"10045265","STD_REPORT_DATE":"2021-06-30 00:00:00","REPORT_DATE":"2021-06-30 00:00:00","DATE_TYPE_CODE":"002","REPORT_TYPE":"2021年中报","PER_NETCASH_OPERATE":-0.008117051048,"PER_OI":0.029517972255,"BPS":0.467455572978,"BASIC_EPS":0.0064,"DILUTED_EPS":null,"OPERATE_INCOME":43373000,"OPERATE_INCOME_YOY":21695.4773869347,"GROSS_PROFIT":271000,"GROSS_PROFIT_YOY":36.180904522613,"HOLDER_PROFIT":9375000,"HOLDER_PROFIT_YOY":494.7368421053,"GROSS_PROFIT_RATIO":0.624812671478,"EPS_TTM":-0.019008749292,"OPERATE_INCOME_QOQ":616.067351598174,"NET_PROFIT_RATIO":21.0453507943,"ROE_AVG":1.373722987111,"GROSS_PROFIT_QOQ":21.052631578947,"ROA":1.078596616371,"HOLDER_PROFIT_QOQ":29.611148912578,"ROE_YEARLY":2.747445974222,"ROIC_YEARLY":2.18089189755,"TOTAL_ASSETS":840240000,"TOTAL_LIABILITIES":150163000,"TAX_EBT":0.906481341592,"OCF_SALES":-27.498674290457,"TOTAL_PARENT_EQUITY":686868000,"DEBT_ASSET_RATIO":17.8714414929,"OPERATE_PROFIT":6654000,"PRETAX_PROFIT":6619000,"NETCASH_OPERATE":-11927000,"NETCASH_INVEST":18919000,"NETCASH_FINANCE":-1655000,"END_CASH":6645000,"DIVI_RATIO":null,"DIVIDEND_RATE":null,"CURRENT_RATIO":2.262211621335,"COMMON_ACS":null,"CURRENTDEBT_DEBT":99.673687925787,"ISSUED_COMMON_SHARES":1469376000,"HK_COMMON_SHARES":605376000,"PER_SHARES":2000,"TOTAL_MARKET_CAP":79346304,"HKSK_MARKET_CAP":32690304,"PE_TTM":-0.55187802397,"PB_TTM":0.166179307346,"REPORT_DATE_SQ":"2020-06-30 00:00:00","REPORT_TYPE_SQ":"2020年中报","OPERATE_INCOME_SQ":199000,"DPS_HKD":null,"OPERATE_INCOME_QOQ_SQ":-14.939759036145,"NET_PROFIT_RATIO_SQ":-1147.2361809045,"HOLDER_PROFIT_SQ":-2375000,"HOLDER_PROFIT_QOQ_SQ":0.190906130333,"ROE_AVG_SQ":-0.330703946865,"PE_TTM_SQ":-1.134277418759,"PB_TTM_SQ":0.154527751098,"ROA_SQ":-0.231785785041,"START_DATE":"2021-01-01 00:00:00","FISCAL_YEAR":"12-31","CURRENCY":"HKD","IS_CNY_CODE":0,"DPS_HKD_LY":null,"ORG_TYPE":"一般企业","PREMIUM_INCOME":null,"PREMIUM_INCOME_YOY":null,"NET_INTEREST_INCOME":null,"NET_INTEREST_INCOME_YOY":null,"FEE_COMMISSION_INCOME":null,"FEE_COMMISSION_INCOME_YOY":null,"ACCOUNTS_RECE_TDAYS":null,"INVENTORY_TDAYS":null,"CURRENT_ASSETS_TDAYS":0.119980968135,"TOTAL_ASSETS_TDAYS":0.049900769111,"PREMIUM_EXPENSE":null,"LOAN_DEPOSIT":null,"LOAN_EQUITY":null,"LOAN_ASSETS":null,"DEPOSIT_EQUITY":null,"DEPOSIT_ASSETS":null,"EQUITY_MULTIPLIER":1.21760325297,"EQUITY_RATIO":0.218619880385},{"SECUCODE":"00747.HK","SECURITY_CODE":"00747","SECURITY_NAME_ABBR":"沈阳公用发展股份","ORG_CODE":"10045265","STD_REPORT_DATE":"2020-12-31 00:00:00","REPORT_DATE":"2020-12-31 00:00:00","DATE_TYPE_CODE":"001","REPORT_TYPE":"2020年年报","PER_NETCASH_OPERATE":0.018812067163,"PER_OI":0.004769371488,"BPS":0.461444858226,"BASIC_EPS":-0.027,"DILUTED_EPS":null,"OPERATE_INCOME":7008000,"OPERATE_INCOME_YOY":-68.1787222449,"GROSS_PROFIT":342000,"GROSS_PROFIT_YOY":-61.830357142857,"HOLDER_PROFIT":-39681000,"HOLDER_PROFIT_YOY":55.4391402486,"GROSS_PROFIT_RATIO":4.880136986301,"EPS_TTM":-0.027005341043,"OPERATE_INCOME_QOQ":-68.980169971671,"NET_PROFIT_RATIO":-688.8984018265,"ROE_AVG":-5.681046213889,"GROSS_PROFIT_QOQ":-79.06976744186,"ROA":-4.188982977935,"HOLDER_PROFIT_QOQ":55.353908122279,"ROE_YEARLY":-5.681046213889,"ROIC_YEARLY":-4.435390573915,"TOTAL_ASSETS":898130000,"TOTAL_LIABILITIES":213401000,"TAX_EBT":-0.25341851011,"OCF_SALES":394.434931506849,"TOTAL_PARENT_EQUITY":678036000,"DEBT_ASSET_RATIO":23.7605914511,"OPERATE_PROFIT":-37423000,"PRETAX_PROFIT":-37882000,"NETCASH_OPERATE":27642000,"NETCASH_INVEST":-32088000,"NETCASH_FINANCE":851000,"END_CASH":2497000,"DIVI_RATIO":null,"DIVIDEND_RATE":null,"CURRENT_RATIO":1.801331765081,"COMMON_ACS":null,"CURRENTDEBT_DEBT":100,"ISSUED_COMMON_SHARES":1469376000,"HK_COMMON_SHARES":605376000,"PER_SHARES":2000,"TOTAL_MARKET_CAP":79346304,"HKSK_MARKET_CAP":32690304,"PE_TTM":-0.55187802397,"PB_TTM":0.166179307346,"REPORT_DATE_SQ":"2019-12-31 00:00:00","REPORT_TYPE_SQ":"2019年年报","OPERATE_INCOME_SQ":22023000,"DPS_HKD":null,"OPERATE_INCOME_QOQ_SQ":210.135450723961,"NET_PROFIT_RATIO_SQ":-355.5722891566,"HOLDER_PROFIT_SQ":-89049000,"HOLDER_PROFIT_QOQ_SQ":37.380279313109,"ROE_AVG_SQ":-11.245967413481,"PE_TTM_SQ":-1.134277418759,"PB_TTM_SQ":0.154527751098,"ROA_SQ":-8.156900031739,"START_DATE":"2020-01-01 00:00:00","FISCAL_YEAR":"12-31","CURRENCY":"HKD","IS_CNY_CODE":0,"DPS_HKD_LY":null,"ORG_TYPE":"一般企业","PREMIUM_INCOME":null,"PREMIUM_INCOME_YOY":null,"NET_INTEREST_INCOME":null,"NET_INTEREST_INCOME_YOY":null,"FEE_COMMISSION_INCOME":null,"FEE_COMMISSION_INCOME_YOY":null,"ACCOUNTS_RECE_TDAYS":null,"INVENTORY_TDAYS":null,"CURRENT_ASSETS_TDAYS":0.015079237001,"TOTAL_ASSETS_TDAYS":0.007398098009,"PREMIUM_EXPENSE":null,"LOAN_DEPOSIT":null,"LOAN_EQUITY":null,"LOAN_ASSETS":null,"DEPOSIT_EQUITY":null,"DEPOSIT_ASSETS":null,"EQUITY_MULTIPLIER":1.311657604687,"EQUITY_RATIO":0.314734025922},{"SECUCODE":"00747.HK","SECURITY_CODE":"00747","SECURITY_NAME_ABBR":"沈阳公用发展股份","ORG_CODE":"10045265","STD_REPORT_DATE":"2020-06-30 00:00:00","REPORT_DATE":"2020-06-30 00:00:00","DATE_TYPE_CODE":"002","REPORT_TYPE":"2020年中报","PER_NETCASH_OPERATE":0.011508286511,"PER_OI":0.000135431639,"BPS":0.488237864236,"BASIC_EPS":-0.0016,"DILUTED_EPS":null,"OPERATE_INCOME":199000,"OPERATE_INCOME_YOY":-95.2243820494,"GROSS_PROFIT":199000,"GROSS_PROFIT_YOY":-94.756258234519,"HOLDER_PROFIT":-2375000,"HOLDER_PROFIT_YOY":6.6797642436,"GROSS_PROFIT_RATIO":null,"EPS_TTM":-0.060487581123,"OPERATE_INCOME_QOQ":-14.939759036145,"NET_PROFIT_RATIO":-1147.2361809045,"ROE_AVG":-0.330703946865,"GROSS_PROFIT_QOQ":-68.757170172084,"ROA":-0.231785785041,"HOLDER_PROFIT_QOQ":0.190906130333,"ROE_YEARLY":-0.661407893729,"ROIC_YEARLY":-0.510953773205,"TOTAL_ASSETS":1052895000,"TOTAL_LIABILITIES":244000000,"TAX_EBT":null,"OCF_SALES":8497.48743718593,"TOTAL_PARENT_EQUITY":717405000,"DEBT_ASSET_RATIO":23.1742006563,"OPERATE_PROFIT":-2474000,"PRETAX_PROFIT":-2488000,"NETCASH_OPERATE":16910000,"NETCASH_INVEST":-16931000,"NETCASH_FINANCE":-6172000,"END_CASH":2333000,"DIVI_RATIO":null,"DIVIDEND_RATE":null,"CURRENT_RATIO":2.123600342765,"COMMON_ACS":null,"CURRENTDEBT_DEBT":99.958606557377,"ISSUED_COMMON_SHARES":1469376000,"HK_COMMON_SHARES":605376000,"PER_SHARES":2000,"TOTAL_MARKET_CAP":79346304,"HKSK_MARKET_CAP":32690304,"PE_TTM":-0.55187802397,"PB_TTM":0.166179307346,"REPORT_DATE_SQ":"2019-06-30 00:00:00","REPORT_TYPE_SQ":"2019年中报","OPERATE_INCOME_SQ":4167000,"DPS_HKD":null,"OPERATE_INCOME_QOQ_SQ":-89.307163101972,"NET_PROFIT_RATIO_SQ":-60.0431965443,"HOLDER_PROFIT_SQ":-2545000,"HOLDER_PROFIT_QOQ_SQ":-2.148475379808,"ROE_AVG_SQ":-0.294227986804,"PE_TTM_SQ":-1.134277418759,"PB_TTM_SQ":0.154527751098,"ROA_SQ":-0.214999351623,"START_DATE":"2020-01-01 00:00:00","FISCAL_YEAR":"12-31","CURRENCY":"HKD","IS_CNY_CODE":0,"DPS_HKD_LY":null,"ORG_TYPE":"一般企业","PREMIUM_INCOME":null,"PREMIUM_INCOME_YOY":null,"NET_INTEREST_INCOME":null,"NET_INTEREST_INCOME_YOY":null,"FEE_COMMISSION_INCOME":null,"FEE_COMMISSION_INCOME_YOY":null,"ACCOUNTS_RECE_TDAYS":null,"INVENTORY_TDAYS":null,"CURRENT_ASSETS_TDAYS":0.000374402179,"TOTAL_ASSETS_TDAYS":0.000194212089,"PREMIUM_EXPENSE":null,"LOAN_DEPOSIT":null,"LOAN_EQUITY":null,"LOAN_ASSETS":null,"DEPOSIT_EQUITY":null,"DEPOSIT_ASSETS":null,"EQUITY_MULTIPLIER":1.301646072729,"EQUITY_RATIO":0.340114719022}],"count":49},"success":true,"message":"ok","code":0}