{"version":"467bae630c678d2fac6751c26138a6a5","result":{"pages":8,"data":[{"SECUCODE":"00743.HK","SECURITY_CODE":"00743","SECURITY_NAME_ABBR":"亚洲水泥(中国)","ORG_CODE":"10103855","STD_REPORT_DATE":"2024-09-30 00:00:00","REPORT_DATE":"2024-09-30 00:00:00","DATE_TYPE_CODE":"004","REPORT_TYPE":"2024年三季报","PER_NETCASH_OPERATE":0.165179075739,"PER_OI":2.62859199758,"BPS":10.415548128061,"BASIC_EPS":-0.293,"DILUTED_EPS":null,"OPERATE_INCOME":4118612000,"OPERATE_INCOME_YOY":-27.9429941973,"GROSS_PROFIT":224885000,"GROSS_PROFIT_YOY":-73.410116889781,"HOLDER_PROFIT":-458998000,"HOLDER_PROFIT_YOY":-495.1292999552,"GROSS_PROFIT_RATIO":5.460213295159,"EPS_TTM":-0.299373711987,"OPERATE_INCOME_QOQ":-3.018722350074,"NET_PROFIT_RATIO":-11.2685778607,"ROE_AVG":-2.76817798485,"GROSS_PROFIT_QOQ":-19.352476931856,"ROA":-2.316898885473,"HOLDER_PROFIT_QOQ":5.151157923684,"ROE_YEARLY":-3.6909039798,"ROIC_YEARLY":-4.381677881599,"TOTAL_ASSETS":19338856000,"TOTAL_LIABILITIES":2660405000,"TAX_EBT":-69.84527216436,"OCF_SALES":6.283937404155,"TOTAL_PARENT_EQUITY":16319612000,"DEBT_ASSET_RATIO":13.7567858202,"OPERATE_PROFIT":-221805000,"PRETAX_PROFIT":-273254000,"NETCASH_OPERATE":258811000,"NETCASH_INVEST":-59889000,"NETCASH_FINANCE":-763841000,"END_CASH":8691630000,"DIVI_RATIO":-0.136217371022,"DIVIDEND_RATE":1.939655172414,"CURRENT_RATIO":5.270349458531,"COMMON_ACS":10000000000,"CURRENTDEBT_DEBT":72.983662261949,"ISSUED_COMMON_SHARES":1566851000,"HK_COMMON_SHARES":1566851000,"PER_SHARES":500,"TOTAL_MARKET_CAP":3635094320,"HKSK_MARKET_CAP":3635094320,"PE_TTM":-7.01065024683,"PB_TTM":0.200868237972,"REPORT_DATE_SQ":"2023-09-30 00:00:00","REPORT_TYPE_SQ":"2023年三季报","OPERATE_INCOME_SQ":5715769000,"DPS_HKD":0.045,"OPERATE_INCOME_QOQ_SQ":-6.033424193566,"NET_PROFIT_RATIO_SQ":2.1280776043,"HOLDER_PROFIT_SQ":116164000,"HOLDER_PROFIT_QOQ_SQ":-45.758708268084,"ROE_AVG_SQ":0.686540632249,"PE_TTM_SQ":18.254833396329,"PB_TTM_SQ":0.185131234378,"ROA_SQ":0.559994018452,"START_DATE":"2024-01-01 00:00:00","FISCAL_YEAR":"12-31","CURRENCY":"HKD","IS_CNY_CODE":0,"DPS_HKD_LY":0.045,"ORG_TYPE":"一般企业","PREMIUM_INCOME":null,"PREMIUM_INCOME_YOY":null,"NET_INTEREST_INCOME":null,"NET_INTEREST_INCOME_YOY":null,"FEE_COMMISSION_INCOME":null,"FEE_COMMISSION_INCOME_YOY":null,"ACCOUNTS_RECE_TDAYS":4.90032975342,"INVENTORY_TDAYS":7.17934217938,"CURRENT_ASSETS_TDAYS":0.389412006697,"TOTAL_ASSETS_TDAYS":0.207896495246,"PREMIUM_EXPENSE":null,"LOAN_DEPOSIT":null,"LOAN_EQUITY":null,"LOAN_ASSETS":null,"DEPOSIT_EQUITY":null,"DEPOSIT_ASSETS":null,"EQUITY_MULTIPLIER":1.159511515787,"EQUITY_RATIO":0.163018887949},{"SECUCODE":"00743.HK","SECURITY_CODE":"00743","SECURITY_NAME_ABBR":"亚洲水泥(中国)","ORG_CODE":"10103855","STD_REPORT_DATE":"2024-06-30 00:00:00","REPORT_DATE":"2024-06-30 00:00:00","DATE_TYPE_CODE":"002","REPORT_TYPE":"2024年中报","PER_NETCASH_OPERATE":0.093027990536,"PER_OI":1.716440810262,"BPS":10.450104700447,"BASIC_EPS":-0.258,"DILUTED_EPS":null,"OPERATE_INCOME":2689407000,"OPERATE_INCOME_YOY":-34.4861841334,"GROSS_PROFIT":132980000,"GROSS_PROFIT_YOY":-79.415020007585,"HOLDER_PROFIT":-404853000,"HOLDER_PROFIT_YOY":-306.7855391656,"GROSS_PROFIT_RATIO":4.944584438131,"EPS_TTM":-0.31563243729,"OPERATE_INCOME_QOQ":-10.996641267035,"NET_PROFIT_RATIO":-15.2898018039,"ROE_AVG":-2.43765407955,"GROSS_PROFIT_QOQ":-37.837840852682,"ROA":-2.045027034719,"HOLDER_PROFIT_QOQ":-668.864463169678,"ROE_YEARLY":-4.875308159099,"ROIC_YEARLY":-7.710402219193,"TOTAL_ASSETS":19311003000,"TOTAL_LIABILITIES":2579648000,"TAX_EBT":-83.866698264645,"OCF_SALES":5.419819313328,"TOTAL_PARENT_EQUITY":16373757000,"DEBT_ASSET_RATIO":13.3584361206,"OPERATE_PROFIT":-186034000,"PRETAX_PROFIT":-223643000,"NETCASH_OPERATE":145761000,"NETCASH_INVEST":43775000,"NETCASH_FINANCE":-833231000,"END_CASH":8612854000,"DIVI_RATIO":-0.129200599121,"DIVIDEND_RATE":1.95652173913,"CURRENT_RATIO":5.13682138669,"COMMON_ACS":10000000000,"CURRENTDEBT_DEBT":76.79082572506,"ISSUED_COMMON_SHARES":1566851000,"HK_COMMON_SHARES":1566851000,"PER_SHARES":500,"TOTAL_MARKET_CAP":3603757300,"HKSK_MARKET_CAP":3603757300,"PE_TTM":-6.950213606771,"PB_TTM":0.199136615231,"REPORT_DATE_SQ":"2023-06-30 00:00:00","REPORT_TYPE_SQ":"2023年中报","OPERATE_INCOME_SQ":4105099000,"DPS_HKD":0.045,"OPERATE_INCOME_QOQ_SQ":-6.851778507135,"NET_PROFIT_RATIO_SQ":4.8797117926,"HOLDER_PROFIT_SQ":195784000,"HOLDER_PROFIT_QOQ_SQ":-9.770302602129,"ROE_AVG_SQ":1.154386588257,"PE_TTM_SQ":18.843698989759,"PB_TTM_SQ":0.191103209681,"ROA_SQ":0.94048173557,"START_DATE":"2024-01-01 00:00:00","FISCAL_YEAR":"12-31","CURRENCY":"HKD","IS_CNY_CODE":0,"DPS_HKD_LY":0.045,"ORG_TYPE":"一般企业","PREMIUM_INCOME":null,"PREMIUM_INCOME_YOY":null,"NET_INTEREST_INCOME":null,"NET_INTEREST_INCOME_YOY":null,"FEE_COMMISSION_INCOME":null,"FEE_COMMISSION_INCOME_YOY":null,"ACCOUNTS_RECE_TDAYS":3.182668030743,"INVENTORY_TDAYS":4.331715706624,"CURRENT_ASSETS_TDAYS":0.254975125911,"TOTAL_ASSETS_TDAYS":0.135849555823,"PREMIUM_EXPENSE":null,"LOAN_DEPOSIT":null,"LOAN_EQUITY":null,"LOAN_ASSETS":null,"DEPOSIT_EQUITY":null,"DEPOSIT_ASSETS":null,"EQUITY_MULTIPLIER":1.154180459383,"EQUITY_RATIO":0.15754771492},{"SECUCODE":"00743.HK","SECURITY_CODE":"00743","SECURITY_NAME_ABBR":"亚洲水泥(中国)","ORG_CODE":"10103855","STD_REPORT_DATE":"2024-03-31 00:00:00","REPORT_DATE":"2024-03-31 00:00:00","DATE_TYPE_CODE":"003","REPORT_TYPE":"2024年一季报","PER_NETCASH_OPERATE":-0.02127324168,"PER_OI":0.781087033802,"BPS":10.666683685941,"BASIC_EPS":-0.083,"DILUTED_EPS":null,"OPERATE_INCOME":1223847000,"OPERATE_INCOME_YOY":-35.4790802722,"GROSS_PROFIT":-231000,"GROSS_PROFIT_YOY":-100.133071414993,"HOLDER_PROFIT":-129747000,"HOLDER_PROFIT_YOY":-419.0787693972,"GROSS_PROFIT_RATIO":-0.018874908383,"EPS_TTM":-0.041051765611,"OPERATE_INCOME_QOQ":-9.061183437211,"NET_PROFIT_RATIO":-10.7705456646,"ROE_AVG":-0.773317284518,"GROSS_PROFIT_QOQ":-16.240690581125,"ROA":-0.645213826195,"HOLDER_PROFIT_QOQ":-160.630797074127,"ROE_YEARLY":-3.093269138071,"ROIC_YEARLY":-4.897348401977,"TOTAL_ASSETS":19935396000,"TOTAL_LIABILITIES":2860410000,"TAX_EBT":-34.443367841297,"OCF_SALES":-2.723543057261,"TOTAL_PARENT_EQUITY":16713104000,"DEBT_ASSET_RATIO":14.3483981959,"OPERATE_PROFIT":-79069000,"PRETAX_PROFIT":-98045000,"NETCASH_OPERATE":-33332000,"NETCASH_INVEST":-4649000,"NETCASH_FINANCE":-177307000,"END_CASH":9041261000,"DIVI_RATIO":-0.993377492847,"DIVIDEND_RATE":1.95652173913,"CURRENT_RATIO":4.82329441835,"COMMON_ACS":10000000000,"CURRENTDEBT_DEBT":77.77182292049,"ISSUED_COMMON_SHARES":1566851000,"HK_COMMON_SHARES":1566851000,"PER_SHARES":500,"TOTAL_MARKET_CAP":3603757300,"HKSK_MARKET_CAP":3603757300,"PE_TTM":-6.950213606771,"PB_TTM":0.199136615231,"REPORT_DATE_SQ":"2023-03-31 00:00:00","REPORT_TYPE_SQ":"2023年一季报","OPERATE_INCOME_SQ":1896822000,"DPS_HKD":0.045,"OPERATE_INCOME_QOQ_SQ":-2.044864280714,"NET_PROFIT_RATIO_SQ":2.1840742041,"HOLDER_PROFIT_SQ":40663000,"HOLDER_PROFIT_QOQ_SQ":-19.804700146642,"ROE_AVG_SQ":0.239084546606,"PE_TTM_SQ":18.843698989759,"PB_TTM_SQ":0.191103209681,"ROA_SQ":0.193448097568,"START_DATE":"2024-01-01 00:00:00","FISCAL_YEAR":"12-31","CURRENCY":"HKD","IS_CNY_CODE":0,"DPS_HKD_LY":0.045,"ORG_TYPE":"一般企业","PREMIUM_INCOME":null,"PREMIUM_INCOME_YOY":null,"NET_INTEREST_INCOME":null,"NET_INTEREST_INCOME_YOY":null,"FEE_COMMISSION_INCOME":null,"FEE_COMMISSION_INCOME_YOY":null,"ACCOUNTS_RECE_TDAYS":1.355027931569,"INVENTORY_TDAYS":2.017766422154,"CURRENT_ASSETS_TDAYS":0.113059475333,"TOTAL_ASSETS_TDAYS":0.060860212995,"PREMIUM_EXPENSE":null,"LOAN_DEPOSIT":null,"LOAN_EQUITY":null,"LOAN_ASSETS":null,"DEPOSIT_EQUITY":null,"DEPOSIT_ASSETS":null,"EQUITY_MULTIPLIER":1.167520488744,"EQUITY_RATIO":0.171147741317},{"SECUCODE":"00743.HK","SECURITY_CODE":"00743","SECURITY_NAME_ABBR":"亚洲水泥(中国)","ORG_CODE":"10103855","STD_REPORT_DATE":"2023-12-31 00:00:00","REPORT_DATE":"2023-12-31 00:00:00","DATE_TYPE_CODE":"001","REPORT_TYPE":"2023年年报","PER_NETCASH_OPERATE":0.977610506679,"PER_OI":4.740086964236,"BPS":10.749491176889,"BASIC_EPS":0.068,"DILUTED_EPS":null,"OPERATE_INCOME":7427010000,"OPERATE_INCOME_YOY":-22.7506232884,"GROSS_PROFIT":1070287000,"GROSS_PROFIT_YOY":-16.963075545666,"HOLDER_PROFIT":106088000,"HOLDER_PROFIT_YOY":-74.7452817612,"GROSS_PROFIT_RATIO":14.410738641795,"EPS_TTM":0.067707778212,"OPERATE_INCOME_QOQ":-9.901034420136,"NET_PROFIT_RATIO":1.4977090377,"ROE_AVG":0.627177226576,"GROSS_PROFIT_QOQ":-3.476354440791,"ROA":0.51214140525,"HOLDER_PROFIT_QOQ":-35.655106323617,"ROE_YEARLY":0.627177226576,"ROIC_YEARLY":0.942802014376,"TOTAL_ASSETS":20282899000,"TOTAL_LIABILITIES":3076098000,"TAX_EBT":76.414824301202,"OCF_SALES":20.624315841772,"TOTAL_PARENT_EQUITY":16842851000,"DEBT_ASSET_RATIO":15.165968139,"OPERATE_PROFIT":574389000,"PRETAX_PROFIT":471631000,"NETCASH_OPERATE":1531770000,"NETCASH_INVEST":-2814690000,"NETCASH_FINANCE":-973667000,"END_CASH":5718017000,"DIVI_RATIO":0.602292691868,"DIVIDEND_RATE":1.95652173913,"CURRENT_RATIO":4.924203834294,"COMMON_ACS":10000000000,"CURRENTDEBT_DEBT":72.0902259941,"ISSUED_COMMON_SHARES":1566851000,"HK_COMMON_SHARES":1566851000,"PER_SHARES":500,"TOTAL_MARKET_CAP":3603757300,"HKSK_MARKET_CAP":3603757300,"PE_TTM":-6.950213606771,"PB_TTM":0.199136615231,"REPORT_DATE_SQ":"2022-12-31 00:00:00","REPORT_TYPE_SQ":"2022年年报","OPERATE_INCOME_SQ":9614330000,"DPS_HKD":0.045,"OPERATE_INCOME_QOQ_SQ":-11.16149083532,"NET_PROFIT_RATIO_SQ":4.4100004889,"HOLDER_PROFIT_SQ":420072000,"HOLDER_PROFIT_QOQ_SQ":-45.454828757518,"ROE_AVG_SQ":2.452264276438,"PE_TTM_SQ":18.843698989759,"PB_TTM_SQ":0.191103209681,"ROA_SQ":1.973876973688,"START_DATE":"2023-01-01 00:00:00","FISCAL_YEAR":"12-31","CURRENCY":"HKD","IS_CNY_CODE":0,"DPS_HKD_LY":0.1762,"ORG_TYPE":"一般企业","PREMIUM_INCOME":null,"PREMIUM_INCOME_YOY":null,"NET_INTEREST_INCOME":null,"NET_INTEREST_INCOME_YOY":null,"FEE_COMMISSION_INCOME":null,"FEE_COMMISSION_INCOME_YOY":null,"ACCOUNTS_RECE_TDAYS":6.919641151825,"INVENTORY_TDAYS":8.405811992259,"CURRENT_ASSETS_TDAYS":0.671609004178,"TOTAL_ASSETS_TDAYS":0.358540017552,"PREMIUM_EXPENSE":null,"LOAN_DEPOSIT":null,"LOAN_EQUITY":null,"LOAN_ASSETS":null,"DEPOSIT_EQUITY":null,"DEPOSIT_ASSETS":null,"EQUITY_MULTIPLIER":1.178772219194,"EQUITY_RATIO":0.182635232004},{"SECUCODE":"00743.HK","SECURITY_CODE":"00743","SECURITY_NAME_ABBR":"亚洲水泥(中国)","ORG_CODE":"10103855","STD_REPORT_DATE":"2023-09-30 00:00:00","REPORT_DATE":"2023-09-30 00:00:00","DATE_TYPE_CODE":"004","REPORT_TYPE":"2023年三季报","PER_NETCASH_OPERATE":0.792619081202,"PER_OI":3.64793397713,"BPS":10.755921909614,"BASIC_EPS":0.074,"DILUTED_EPS":null,"OPERATE_INCOME":5715769000,"OPERATE_INCOME_YOY":-19.3477429578,"GROSS_PROFIT":845754000,"GROSS_PROFIT_YOY":-17.555702642397,"HOLDER_PROFIT":116164000,"HOLDER_PROFIT_YOY":-68.7194704897,"GROSS_PROFIT_RATIO":14.796854106595,"EPS_TTM":0.105226342518,"OPERATE_INCOME_QOQ":-6.033424193566,"NET_PROFIT_RATIO":2.1280776043,"ROE_AVG":0.686540632249,"GROSS_PROFIT_QOQ":-4.528719718417,"ROA":0.559994018452,"HOLDER_PROFIT_QOQ":-45.758708268084,"ROE_YEARLY":0.915387509666,"ROIC_YEARLY":1.018562120571,"TOTAL_ASSETS":20341302000,"TOTAL_LIABILITIES":3124100000,"TAX_EBT":67.948606466879,"OCF_SALES":21.727889982958,"TOTAL_PARENT_EQUITY":16852927000,"DEBT_ASSET_RATIO":15.3584072445,"OPERATE_PROFIT":441042000,"PRETAX_PROFIT":379503000,"NETCASH_OPERATE":1241916000,"NETCASH_INVEST":-214103000,"NETCASH_FINANCE":-918212000,"END_CASH":9010049000,"DIVI_RATIO":0.387544592203,"DIVIDEND_RATE":1.95652173913,"CURRENT_RATIO":4.95751976444,"COMMON_ACS":10000000000,"CURRENTDEBT_DEBT":70.040875772222,"ISSUED_COMMON_SHARES":1566851000,"HK_COMMON_SHARES":1566851000,"PER_SHARES":500,"TOTAL_MARKET_CAP":3603757300,"HKSK_MARKET_CAP":3603757300,"PE_TTM":-6.950213606771,"PB_TTM":0.199136615231,"REPORT_DATE_SQ":"2022-09-30 00:00:00","REPORT_TYPE_SQ":"2022年三季报","OPERATE_INCOME_SQ":7086930000,"DPS_HKD":0.045,"OPERATE_INCOME_QOQ_SQ":-5.084132575626,"NET_PROFIT_RATIO_SQ":5.4012950601,"HOLDER_PROFIT_SQ":371362000,"HOLDER_PROFIT_QOQ_SQ":-23.503896142595,"ROE_AVG_SQ":2.170995173134,"PE_TTM_SQ":18.843698989759,"PB_TTM_SQ":0.191103209681,"ROA_SQ":1.735855542409,"START_DATE":"2023-01-01 00:00:00","FISCAL_YEAR":"12-31","CURRENCY":"HKD","IS_CNY_CODE":0,"DPS_HKD_LY":0.1762,"ORG_TYPE":"一般企业","PREMIUM_INCOME":null,"PREMIUM_INCOME_YOY":null,"NET_INTEREST_INCOME":null,"NET_INTEREST_INCOME_YOY":null,"FEE_COMMISSION_INCOME":null,"FEE_COMMISSION_INCOME_YOY":null,"ACCOUNTS_RECE_TDAYS":4.953366622874,"INVENTORY_TDAYS":6.34092180053,"CURRENT_ASSETS_TDAYS":0.518552331357,"TOTAL_ASSETS_TDAYS":0.275541170315,"PREMIUM_EXPENSE":null,"LOAN_DEPOSIT":null,"LOAN_EQUITY":null,"LOAN_ASSETS":null,"DEPOSIT_EQUITY":null,"DEPOSIT_ASSETS":null,"EQUITY_MULTIPLIER":1.181452247583,"EQUITY_RATIO":0.185374326964},{"SECUCODE":"00743.HK","SECURITY_CODE":"00743","SECURITY_NAME_ABBR":"亚洲水泥(中国)","ORG_CODE":"10103855","STD_REPORT_DATE":"2023-06-30 00:00:00","REPORT_DATE":"2023-06-30 00:00:00","DATE_TYPE_CODE":"002","REPORT_TYPE":"2023年中报","PER_NETCASH_OPERATE":0.513090268315,"PER_OI":2.619967693163,"BPS":10.806737207303,"BASIC_EPS":0.125,"DILUTED_EPS":null,"OPERATE_INCOME":4105099000,"OPERATE_INCOME_YOY":-17.0180964916,"GROSS_PROFIT":646005000,"GROSS_PROFIT_YOY":-16.483086016584,"HOLDER_PROFIT":195784000,"HOLDER_PROFIT_YOY":-37.2269888295,"GROSS_PROFIT_RATIO":15.736648494957,"EPS_TTM":0.193996748893,"OPERATE_INCOME_QOQ":-6.851778507135,"NET_PROFIT_RATIO":4.8797117926,"ROE_AVG":1.154386588257,"GROSS_PROFIT_QOQ":0.209403755808,"ROA":0.94048173557,"HOLDER_PROFIT_QOQ":-9.770302602129,"ROE_YEARLY":2.308773176514,"ROIC_YEARLY":3.382142753031,"TOTAL_ASSETS":20488549000,"TOTAL_LIABILITIES":3192666000,"TAX_EBT":49.283882352643,"OCF_SALES":19.583839512762,"TOTAL_PARENT_EQUITY":16932547000,"DEBT_ASSET_RATIO":15.5826847475,"OPERATE_PROFIT":434653000,"PRETAX_PROFIT":394977000,"NETCASH_OPERATE":803936000,"NETCASH_INVEST":-105471000,"NETCASH_FINANCE":-786294000,"END_CASH":8812619000,"DIVI_RATIO":0.210209192848,"DIVIDEND_RATE":1.95652173913,"CURRENT_RATIO":4.527989182587,"COMMON_ACS":10000000000,"CURRENTDEBT_DEBT":75.236589107661,"ISSUED_COMMON_SHARES":1566851000,"HK_COMMON_SHARES":1566851000,"PER_SHARES":500,"TOTAL_MARKET_CAP":3603757300,"HKSK_MARKET_CAP":3603757300,"PE_TTM":-6.950213606771,"PB_TTM":0.199136615231,"REPORT_DATE_SQ":"2022-06-30 00:00:00","REPORT_TYPE_SQ":"2022年中报","OPERATE_INCOME_SQ":4946981000,"DPS_HKD":0.045,"OPERATE_INCOME_QOQ_SQ":-1.289937749682,"NET_PROFIT_RATIO_SQ":6.5125780754,"HOLDER_PROFIT_SQ":311892000,"HOLDER_PROFIT_QOQ_SQ":-29.340899201303,"ROE_AVG_SQ":1.826506747868,"PE_TTM_SQ":18.843698989759,"PB_TTM_SQ":0.191103209681,"ROA_SQ":1.449583593063,"START_DATE":"2023-01-01 00:00:00","FISCAL_YEAR":"12-31","CURRENCY":"HKD","IS_CNY_CODE":0,"DPS_HKD_LY":0.1762,"ORG_TYPE":"一般企业","PREMIUM_INCOME":null,"PREMIUM_INCOME_YOY":null,"NET_INTEREST_INCOME":null,"NET_INTEREST_INCOME_YOY":null,"FEE_COMMISSION_INCOME":null,"FEE_COMMISSION_INCOME_YOY":null,"ACCOUNTS_RECE_TDAYS":3.320127819816,"INVENTORY_TDAYS":4.323932358985,"CURRENT_ASSETS_TDAYS":0.371943320286,"TOTAL_ASSETS_TDAYS":0.197195410871,"PREMIUM_EXPENSE":null,"LOAN_DEPOSIT":null,"LOAN_EQUITY":null,"LOAN_ASSETS":null,"DEPOSIT_EQUITY":null,"DEPOSIT_ASSETS":null,"EQUITY_MULTIPLIER":1.184591096043,"EQUITY_RATIO":0.188552023508},{"SECUCODE":"00743.HK","SECURITY_CODE":"00743","SECURITY_NAME_ABBR":"亚洲水泥(中国)","ORG_CODE":"10103855","STD_REPORT_DATE":"2023-03-31 00:00:00","REPORT_DATE":"2023-03-31 00:00:00","DATE_TYPE_CODE":"003","REPORT_TYPE":"2023年一季报","PER_NETCASH_OPERATE":0.153389186336,"PER_OI":1.210595008715,"BPS":10.867735987659,"BASIC_EPS":0.026,"DILUTED_EPS":null,"OPERATE_INCOME":1896822000,"OPERATE_INCOME_YOY":-9.3913219599,"GROSS_PROFIT":173591000,"GROSS_PROFIT_YOY":-42.806451081495,"HOLDER_PROFIT":40663000,"HOLDER_PROFIT_YOY":-67.1693969659,"GROSS_PROFIT_RATIO":9.151675803001,"EPS_TTM":0.215003213452,"OPERATE_INCOME_QOQ":-2.044864280714,"NET_PROFIT_RATIO":2.1840742041,"ROE_AVG":0.239084546606,"GROSS_PROFIT_QOQ":-10.07999664838,"ROA":0.193448097568,"HOLDER_PROFIT_QOQ":-19.804700146642,"ROE_YEARLY":0.956338186423,"ROIC_YEARLY":1.391789782001,"TOTAL_ASSETS":20893933000,"TOTAL_LIABILITIES":3461639000,"TAX_EBT":47.058898700369,"OCF_SALES":12.670561602512,"TOTAL_PARENT_EQUITY":17028123000,"DEBT_ASSET_RATIO":16.5676754108,"OPERATE_PROFIT":97776000,"PRETAX_PROFIT":78253000,"NETCASH_OPERATE":240338000,"NETCASH_INVEST":6583000,"NETCASH_FINANCE":-188246000,"END_CASH":8959123000,"DIVI_RATIO":0.189671118609,"DIVIDEND_RATE":1.95652173913,"CURRENT_RATIO":6.235518023229,"COMMON_ACS":10000000000,"CURRENTDEBT_DEBT":51.562020187547,"ISSUED_COMMON_SHARES":1566851000,"HK_COMMON_SHARES":1566851000,"PER_SHARES":500,"TOTAL_MARKET_CAP":3603757300,"HKSK_MARKET_CAP":3603757300,"PE_TTM":-6.950213606771,"PB_TTM":0.199136615231,"REPORT_DATE_SQ":"2022-03-31 00:00:00","REPORT_TYPE_SQ":"2022年一季报","OPERATE_INCOME_SQ":2093422000,"DPS_HKD":0.045,"OPERATE_INCOME_QOQ_SQ":-1.74348931618,"NET_PROFIT_RATIO_SQ":6.1589588721,"HOLDER_PROFIT_SQ":123857000,"HOLDER_PROFIT_QOQ_SQ":-19.424624796486,"ROE_AVG_SQ":0.714515645191,"PE_TTM_SQ":18.843698989759,"PB_TTM_SQ":0.191103209681,"ROA_SQ":0.588417290889,"START_DATE":"2023-01-01 00:00:00","FISCAL_YEAR":"12-31","CURRENCY":"HKD","IS_CNY_CODE":0,"DPS_HKD_LY":0.1762,"ORG_TYPE":"一般企业","PREMIUM_INCOME":null,"PREMIUM_INCOME_YOY":null,"NET_INTEREST_INCOME":null,"NET_INTEREST_INCOME_YOY":null,"FEE_COMMISSION_INCOME":null,"FEE_COMMISSION_INCOME_YOY":null,"ACCOUNTS_RECE_TDAYS":1.499247144484,"INVENTORY_TDAYS":2.068249071183,"CURRENT_ASSETS_TDAYS":0.169912551768,"TOTAL_ASSETS_TDAYS":0.09023844953,"PREMIUM_EXPENSE":null,"LOAN_DEPOSIT":null,"LOAN_EQUITY":null,"LOAN_ASSETS":null,"DEPOSIT_EQUITY":null,"DEPOSIT_ASSETS":null,"EQUITY_MULTIPLIER":1.19857621722,"EQUITY_RATIO":0.203289522868},{"SECUCODE":"00743.HK","SECURITY_CODE":"00743","SECURITY_NAME_ABBR":"亚洲水泥(中国)","ORG_CODE":"10103855","STD_REPORT_DATE":"2022-12-31 00:00:00","REPORT_DATE":"2022-12-31 00:00:00","DATE_TYPE_CODE":"001","REPORT_TYPE":"2022年年报","PER_NETCASH_OPERATE":1.030510239965,"PER_OI":6.136084413898,"BPS":10.841783296561,"BASIC_EPS":0.268,"DILUTED_EPS":null,"OPERATE_INCOME":9614330000,"OPERATE_INCOME_YOY":-18.2170360639,"GROSS_PROFIT":1288929000,"GROSS_PROFIT_YOY":-64.974422311082,"HOLDER_PROFIT":420072000,"HOLDER_PROFIT_YOY":-76.2443964764,"GROSS_PROFIT_RATIO":13.406332006495,"EPS_TTM":0.268099519354,"OPERATE_INCOME_QOQ":-11.16149083532,"NET_PROFIT_RATIO":4.4100004889,"ROE_AVG":2.452264276438,"GROSS_PROFIT_QOQ":-38.743861573462,"ROA":1.973876973688,"HOLDER_PROFIT_QOQ":-45.454828757518,"ROE_YEARLY":2.452264276438,"ROIC_YEARLY":3.312536535155,"TOTAL_ASSETS":21146284000,"TOTAL_LIABILITIES":3755420000,"TAX_EBT":38.462788878391,"OCF_SALES":16.794264394919,"TOTAL_PARENT_EQUITY":16987459000,"DEBT_ASSET_RATIO":17.7592431843,"OPERATE_PROFIT":743775000,"PRETAX_PROFIT":689001000,"NETCASH_OPERATE":1614656000,"NETCASH_INVEST":257340000,"NETCASH_FINANCE":138927000,"END_CASH":7974604000,"DIVI_RATIO":0.152107322304,"DIVIDEND_RATE":1.95652173913,"CURRENT_RATIO":5.100763293404,"COMMON_ACS":10000000000,"CURRENTDEBT_DEBT":58.454819966875,"ISSUED_COMMON_SHARES":1566851000,"HK_COMMON_SHARES":1566851000,"PER_SHARES":500,"TOTAL_MARKET_CAP":3603757300,"HKSK_MARKET_CAP":3603757300,"PE_TTM":-6.950213606771,"PB_TTM":0.199136615231,"REPORT_DATE_SQ":"2021-12-31 00:00:00","REPORT_TYPE_SQ":"2021年年报","OPERATE_INCOME_SQ":11755908000,"DPS_HKD":0.045,"OPERATE_INCOME_QOQ_SQ":1.543558822089,"NET_PROFIT_RATIO_SQ":15.4926612219,"HOLDER_PROFIT_SQ":1768307000,"HOLDER_PROFIT_QOQ_SQ":-26.650400926168,"ROE_AVG_SQ":10.581836218084,"PE_TTM_SQ":18.843698989759,"PB_TTM_SQ":0.191103209681,"ROA_SQ":8.214920192759,"START_DATE":"2022-01-01 00:00:00","FISCAL_YEAR":"12-31","CURRENCY":"HKD","IS_CNY_CODE":0,"DPS_HKD_LY":0.527,"ORG_TYPE":"一般企业","PREMIUM_INCOME":null,"PREMIUM_INCOME_YOY":null,"NET_INTEREST_INCOME":null,"NET_INTEREST_INCOME_YOY":null,"FEE_COMMISSION_INCOME":null,"FEE_COMMISSION_INCOME_YOY":null,"ACCOUNTS_RECE_TDAYS":5.601005280109,"INVENTORY_TDAYS":8.137167962116,"CURRENT_ASSETS_TDAYS":0.869691937086,"TOTAL_ASSETS_TDAYS":0.451767901799,"PREMIUM_EXPENSE":null,"LOAN_DEPOSIT":null,"LOAN_EQUITY":null,"LOAN_ASSETS":null,"DEPOSIT_EQUITY":null,"DEPOSIT_ASSETS":null,"EQUITY_MULTIPLIER":1.215942117655,"EQUITY_RATIO":0.221070143569},{"SECUCODE":"00743.HK","SECURITY_CODE":"00743","SECURITY_NAME_ABBR":"亚洲水泥(中国)","ORG_CODE":"10103855","STD_REPORT_DATE":"2022-09-30 00:00:00","REPORT_DATE":"2022-09-30 00:00:00","DATE_TYPE_CODE":"004","REPORT_TYPE":"2022年三季报","PER_NETCASH_OPERATE":0.691403330629,"PER_OI":4.523040161445,"BPS":10.810698017872,"BASIC_EPS":0.237,"DILUTED_EPS":null,"OPERATE_INCOME":7086930000,"OPERATE_INCOME_YOY":-11.6407124021,"GROSS_PROFIT":1025849000,"GROSS_PROFIT_YOY":-60.569307720367,"HOLDER_PROFIT":371362000,"HOLDER_PROFIT_YOY":-72.8840414944,"GROSS_PROFIT_RATIO":14.475224109734,"EPS_TTM":0.491518338374,"OPERATE_INCOME_QOQ":-5.084132575626,"NET_PROFIT_RATIO":5.4012950601,"ROE_AVG":2.170995173134,"GROSS_PROFIT_QOQ":-18.453756514184,"ROA":1.735855542409,"HOLDER_PROFIT_QOQ":-23.503896142595,"ROE_YEARLY":2.894660230845,"ROIC_YEARLY":2.885043790108,"TOTAL_ASSETS":21370346000,"TOTAL_LIABILITIES":4018803000,"TAX_EBT":35.101987531937,"OCF_SALES":15.286252298245,"TOTAL_PARENT_EQUITY":16938753000,"DEBT_ASSET_RATIO":18.8055120867,"OPERATE_PROFIT":617489000,"PRETAX_PROFIT":589827000,"NETCASH_OPERATE":1083326000,"NETCASH_INVEST":-197353000,"NETCASH_FINANCE":352410000,"END_CASH":8733741000,"DIVI_RATIO":0.082967199423,"DIVIDEND_RATE":1.95652173913,"CURRENT_RATIO":4.564990768357,"COMMON_ACS":10000000000,"CURRENTDEBT_DEBT":61.320497670575,"ISSUED_COMMON_SHARES":1566851000,"HK_COMMON_SHARES":1566851000,"PER_SHARES":500,"TOTAL_MARKET_CAP":3603757300,"HKSK_MARKET_CAP":3603757300,"PE_TTM":-6.950213606771,"PB_TTM":0.199136615231,"REPORT_DATE_SQ":"2021-09-30 00:00:00","REPORT_TYPE_SQ":"2021年三季报","OPERATE_INCOME_SQ":8020583000,"DPS_HKD":0.045,"OPERATE_INCOME_QOQ_SQ":-1.97667938455,"NET_PROFIT_RATIO_SQ":17.6232201574,"HOLDER_PROFIT_SQ":1369533000,"HOLDER_PROFIT_QOQ_SQ":-15.816271657085,"ROE_AVG_SQ":8.333777293794,"PE_TTM_SQ":18.843698989759,"PB_TTM_SQ":0.191103209681,"ROA_SQ":6.31099371425,"START_DATE":"2022-01-01 00:00:00","FISCAL_YEAR":"12-31","CURRENCY":"HKD","IS_CNY_CODE":0,"DPS_HKD_LY":0.527,"ORG_TYPE":"一般企业","PREMIUM_INCOME":null,"PREMIUM_INCOME_YOY":null,"NET_INTEREST_INCOME":null,"NET_INTEREST_INCOME_YOY":null,"FEE_COMMISSION_INCOME":null,"FEE_COMMISSION_INCOME_YOY":null,"ACCOUNTS_RECE_TDAYS":3.899080650752,"INVENTORY_TDAYS":5.829683377689,"CURRENT_ASSETS_TDAYS":0.639552455055,"TOTAL_ASSETS_TDAYS":0.331264015143,"PREMIUM_EXPENSE":null,"LOAN_DEPOSIT":null,"LOAN_EQUITY":null,"LOAN_ASSETS":null,"DEPOSIT_EQUITY":null,"DEPOSIT_ASSETS":null,"EQUITY_MULTIPLIER":1.231610698829,"EQUITY_RATIO":0.237254950232}],"count":72},"success":true,"message":"ok","code":0}