{"version":"dec9110279736da11daca1f56612a01b","result":{"pages":5,"data":[{"SECUCODE":"00745.HK","SECURITY_CODE":"00745","SECURITY_NAME_ABBR":"中国国家文化产业","ORG_CODE":"10009098","STD_REPORT_DATE":"2024-06-30 00:00:00","REPORT_DATE":"2024-09-30 00:00:00","DATE_TYPE_CODE":"002","REPORT_TYPE":"2024年中报","PER_NETCASH_OPERATE":0.005090609767,"PER_OI":0.300934686233,"BPS":0.051798782075,"BASIC_EPS":-0.014789356,"DILUTED_EPS":-0.014789356,"OPERATE_INCOME":23509665.3,"OPERATE_INCOME_YOY":4.3300784377,"GROSS_PROFIT":3213979.56,"GROSS_PROFIT_YOY":-6.300729447338,"HOLDER_PROFIT":-1155192.99,"HOLDER_PROFIT_YOY":82.507169193,"GROSS_PROFIT_RATIO":13.670886075949,"EPS_TTM":-0.506734957839,"OPERATE_INCOME_QOQ":0,"NET_PROFIT_RATIO":-4.913693901,"ROE_AVG":-8.480074142725,"GROSS_PROFIT_QOQ":0,"ROA":-4.437977446344,"HOLDER_PROFIT_QOQ":0,"ROE_YEARLY":-16.96014828545,"ROIC_YEARLY":-9.177203854282,"TOTAL_ASSETS":23166985.1,"TOTAL_LIABILITIES":11027088.12,"TAX_EBT":null,"OCF_SALES":1.691599539701,"TOTAL_PARENT_EQUITY":12139896.98,"DEBT_ASSET_RATIO":47.5982872713,"OPERATE_PROFIT":-1155192.99,"PRETAX_PROFIT":-1155192.99,"NETCASH_OPERATE":397689.39,"NETCASH_INVEST":null,"NETCASH_FINANCE":null,"END_CASH":1053290.72,"DIVI_RATIO":null,"DIVIDEND_RATE":null,"CURRENT_RATIO":2.036391887471,"COMMON_ACS":100000000000,"CURRENTDEBT_DEBT":100,"ISSUED_COMMON_SHARES":234366456,"HK_COMMON_SHARES":234366456,"PER_SHARES":20000,"TOTAL_MARKET_CAP":40311030.432,"HKSK_MARKET_CAP":40311030.432,"PE_TTM":-1.071361038431,"PB_TTM":2.994431023028,"REPORT_DATE_SQ":"2023-06-30 00:00:00","REPORT_TYPE_SQ":"2023年中报","OPERATE_INCOME_SQ":22929738.44,"DPS_HKD":null,"OPERATE_INCOME_QOQ_SQ":0,"NET_PROFIT_RATIO_SQ":-29.3060669121,"HOLDER_PROFIT_SQ":-6719804.49,"HOLDER_PROFIT_QOQ_SQ":0,"ROE_AVG_SQ":-12.787357576287,"PE_TTM_SQ":-1.491806882779,"PB_TTM_SQ":0.242153288867,"ROA_SQ":-10.183421173395,"START_DATE":"2024-04-01 00:00:00","FISCAL_YEAR":"3-31","CURRENCY":"HKD","IS_CNY_CODE":0,"DPS_HKD_LY":null,"ORG_TYPE":"一般企业","PREMIUM_INCOME":null,"PREMIUM_INCOME_YOY":null,"NET_INTEREST_INCOME":null,"NET_INTEREST_INCOME_YOY":null,"FEE_COMMISSION_INCOME":null,"FEE_COMMISSION_INCOME_YOY":null,"ACCOUNTS_RECE_TDAYS":2.996896194965,"INVENTORY_TDAYS":75.02,"CURRENT_ASSETS_TDAYS":0.953670001646,"TOTAL_ASSETS_TDAYS":0.903185573975,"PREMIUM_EXPENSE":null,"LOAN_DEPOSIT":null,"LOAN_EQUITY":null,"LOAN_ASSETS":null,"DEPOSIT_EQUITY":null,"DEPOSIT_ASSETS":null,"EQUITY_MULTIPLIER":1.908334571386,"EQUITY_RATIO":0.908334571386},{"SECUCODE":"00745.HK","SECURITY_CODE":"00745","SECURITY_NAME_ABBR":"中国国家文化产业","ORG_CODE":"10009098","STD_REPORT_DATE":"2023-12-31 00:00:00","REPORT_DATE":"2024-03-31 00:00:00","DATE_TYPE_CODE":"001","REPORT_TYPE":"2023年年报","PER_NETCASH_OPERATE":-0.065424834943,"PER_OI":0.323561665966,"BPS":0.064790468564,"BASIC_EPS":-0.50676145,"DILUTED_EPS":-0.50676145,"OPERATE_INCOME":25277333.65,"OPERATE_INCOME_YOY":-35.1844533811,"GROSS_PROFIT":4930725.45,"GROSS_PROFIT_YOY":-69.636250227117,"HOLDER_PROFIT":-39587225.4,"HOLDER_PROFIT_YOY":-2815.0867823765,"GROSS_PROFIT_RATIO":19.50650934261,"EPS_TTM":-0.10132081807,"OPERATE_INCOME_QOQ":0,"NET_PROFIT_RATIO":-156.611555428,"ROE_AVG":-112.356717397177,"GROSS_PROFIT_QOQ":0,"ROA":-79.36389658776,"HOLDER_PROFIT_QOQ":0,"ROE_YEARLY":-112.356717397177,"ROIC_YEARLY":-84.76260724407,"TOTAL_ASSETS":29044955.45,"TOTAL_LIABILITIES":13860242.95,"TAX_EBT":1.723905117703,"OCF_SALES":-20.220205860202,"TOTAL_PARENT_EQUITY":15184712.5,"DEBT_ASSET_RATIO":47.7199662911,"OPERATE_PROFIT":-40281642.7,"PRETAX_PROFIT":-40281642.7,"NETCASH_OPERATE":-5111128.9,"NETCASH_INVEST":null,"NETCASH_FINANCE":null,"END_CASH":659061.85,"DIVI_RATIO":null,"DIVIDEND_RATE":null,"CURRENT_RATIO":1.947282359867,"COMMON_ACS":100000000000,"CURRENTDEBT_DEBT":100,"ISSUED_COMMON_SHARES":234366456,"HK_COMMON_SHARES":234366456,"PER_SHARES":20000,"TOTAL_MARKET_CAP":27186508.896,"HKSK_MARKET_CAP":27186508.896,"PE_TTM":-0.722545816616,"PB_TTM":2.019499992275,"REPORT_DATE_SQ":"2022-12-31 00:00:00","REPORT_TYPE_SQ":"2022年年报","OPERATE_INCOME_SQ":37659262.79,"DPS_HKD":null,"OPERATE_INCOME_QOQ_SQ":0,"NET_PROFIT_RATIO_SQ":-3.4821822915,"HOLDER_PROFIT_SQ":-1311364.18,"HOLDER_PROFIT_QOQ_SQ":0,"ROE_AVG_SQ":-2.553786354802,"PE_TTM_SQ":-1.258150383067,"PB_TTM_SQ":0.20422566531,"ROA_SQ":-1.814558867173,"START_DATE":"2023-04-01 00:00:00","FISCAL_YEAR":"3-31","CURRENCY":"HKD","IS_CNY_CODE":0,"DPS_HKD_LY":null,"ORG_TYPE":"一般企业","PREMIUM_INCOME":null,"PREMIUM_INCOME_YOY":null,"NET_INTEREST_INCOME":null,"NET_INTEREST_INCOME_YOY":null,"FEE_COMMISSION_INCOME":null,"FEE_COMMISSION_INCOME_YOY":null,"ACCOUNTS_RECE_TDAYS":1.021916804105,"INVENTORY_TDAYS":null,"CURRENT_ASSETS_TDAYS":0.547918017646,"TOTAL_ASSETS_TDAYS":0.506756326957,"PREMIUM_EXPENSE":null,"LOAN_DEPOSIT":null,"LOAN_EQUITY":null,"LOAN_ASSETS":null,"DEPOSIT_EQUITY":null,"DEPOSIT_ASSETS":null,"EQUITY_MULTIPLIER":1.912776119404,"EQUITY_RATIO":0.912776119403},{"SECUCODE":"00745.HK","SECURITY_CODE":"00745","SECURITY_NAME_ABBR":"中国国家文化产业","ORG_CODE":"10009098","STD_REPORT_DATE":"2023-06-30 00:00:00","REPORT_DATE":"2023-09-30 00:00:00","DATE_TYPE_CODE":"002","REPORT_TYPE":"2023年中报","PER_NETCASH_OPERATE":-0.049556762978,"PER_OI":0.293511351812,"BPS":0.209683407168,"BASIC_EPS":-0.085981931,"DILUTED_EPS":-0.085981931,"OPERATE_INCOME":22929738.44,"OPERATE_INCOME_YOY":-39.5271169623,"GROSS_PROFIT":3430100.94,"GROSS_PROFIT_YOY":-38.051069368899,"HOLDER_PROFIT":-6719804.49,"HOLDER_PROFIT_YOY":-5621.09375,"GROSS_PROFIT_RATIO":14.959180406595,"EPS_TTM":-0.001678607343,"OPERATE_INCOME_QOQ":0,"NET_PROFIT_RATIO":-29.3060669121,"ROE_AVG":-12.787357576287,"GROSS_PROFIT_QOQ":0,"ROA":-10.183421173395,"HOLDER_PROFIT_QOQ":0,"ROE_YEARLY":-25.574715152574,"ROIC_YEARLY":-21.621382227242,"TOTAL_ASSETS":60394736.08,"TOTAL_LIABILITIES":11251979.06,"TAX_EBT":null,"OCF_SALES":-16.884104370098,"TOTAL_PARENT_EQUITY":49142757.02,"DEBT_ASSET_RATIO":18.6307280904,"OPERATE_PROFIT":-6719804.49,"PRETAX_PROFIT":-6719804.49,"NETCASH_OPERATE":-3871480.97,"NETCASH_INVEST":null,"NETCASH_FINANCE":null,"END_CASH":1893070.69,"DIVI_RATIO":null,"DIVIDEND_RATE":null,"CURRENT_RATIO":5.321758855348,"COMMON_ACS":100000000000,"CURRENTDEBT_DEBT":93.475778828902,"ISSUED_COMMON_SHARES":234366456,"HK_COMMON_SHARES":234366456,"PER_SHARES":20000,"TOTAL_MARKET_CAP":27186508.896,"HKSK_MARKET_CAP":27186508.896,"PE_TTM":-0.722545816616,"PB_TTM":2.019499992275,"REPORT_DATE_SQ":"2022-06-30 00:00:00","REPORT_TYPE_SQ":"2022年中报","OPERATE_INCOME_SQ":37372365.24,"DPS_HKD":null,"OPERATE_INCOME_QOQ_SQ":0,"NET_PROFIT_RATIO_SQ":-0.3097698507,"HOLDER_PROFIT_SQ":-115768.32,"HOLDER_PROFIT_QOQ_SQ":0,"ROE_AVG_SQ":-0.209717454882,"PE_TTM_SQ":-1.258150383067,"PB_TTM_SQ":0.20422566531,"ROA_SQ":-0.145756825234,"START_DATE":"2023-04-01 00:00:00","FISCAL_YEAR":"3-31","CURRENCY":"HKD","IS_CNY_CODE":0,"DPS_HKD_LY":null,"ORG_TYPE":"一般企业","PREMIUM_INCOME":null,"PREMIUM_INCOME_YOY":null,"NET_INTEREST_INCOME":null,"NET_INTEREST_INCOME_YOY":null,"FEE_COMMISSION_INCOME":null,"FEE_COMMISSION_INCOME_YOY":null,"ACCOUNTS_RECE_TDAYS":0.582287625106,"INVENTORY_TDAYS":null,"CURRENT_ASSETS_TDAYS":0.375748097802,"TOTAL_ASSETS_TDAYS":0.347485085731,"PREMIUM_EXPENSE":null,"LOAN_DEPOSIT":null,"LOAN_EQUITY":null,"LOAN_ASSETS":null,"DEPOSIT_EQUITY":null,"DEPOSIT_ASSETS":null,"EQUITY_MULTIPLIER":1.228965156664,"EQUITY_RATIO":0.228965156664},{"SECUCODE":"00745.HK","SECURITY_CODE":"00745","SECURITY_NAME_ABBR":"中国国家文化产业","ORG_CODE":"10009098","STD_REPORT_DATE":"2022-12-31 00:00:00","REPORT_DATE":"2023-03-31 00:00:00","DATE_TYPE_CODE":"001","REPORT_TYPE":"2022年年报","PER_NETCASH_OPERATE":-0.005584899197,"PER_OI":0.048205613678,"BPS":0.227777379584,"BASIC_EPS":-0.017158036,"DILUTED_EPS":-0.017158036,"OPERATE_INCOME":37659262.79,"OPERATE_INCOME_YOY":-36.2275227182,"GROSS_PROFIT":16238855.5,"GROSS_PROFIT_YOY":-13.098377679011,"HOLDER_PROFIT":-1311364.18,"HOLDER_PROFIT_YOY":95.6643801916,"GROSS_PROFIT_RATIO":43.120481647644,"EPS_TTM":-0.027050722246,"OPERATE_INCOME_QOQ":0,"NET_PROFIT_RATIO":-3.4821822915,"ROE_AVG":-2.553786354802,"GROSS_PROFIT_QOQ":0,"ROA":-1.814558867173,"HOLDER_PROFIT_QOQ":0,"ROE_YEARLY":-2.553786354802,"ROIC_YEARLY":-1.930710934681,"TOTAL_ASSETS":68287232.46,"TOTAL_LIABILITIES":14903855.25,"TAX_EBT":50.315091210614,"OCF_SALES":-11.585578465329,"TOTAL_PARENT_EQUITY":53383377.21,"DEBT_ASSET_RATIO":21.825244212,"OPERATE_PROFIT":-2639361.15,"PRETAX_PROFIT":-2639361.15,"NETCASH_OPERATE":-4363043.44,"NETCASH_INVEST":null,"NETCASH_FINANCE":5958040.46,"END_CASH":5499325.62,"DIVI_RATIO":null,"DIVIDEND_RATE":null,"CURRENT_RATIO":4.437966101695,"COMMON_ACS":100000000000,"CURRENTDEBT_DEBT":95.301027900147,"ISSUED_COMMON_SHARES":234366456,"HK_COMMON_SHARES":234366456,"PER_SHARES":20000,"TOTAL_MARKET_CAP":27186508.896,"HKSK_MARKET_CAP":27186508.896,"PE_TTM":-0.722545816616,"PB_TTM":2.019499992275,"REPORT_DATE_SQ":"2021-12-31 00:00:00","REPORT_TYPE_SQ":"2021年年报","OPERATE_INCOME_SQ":54708301.57,"DPS_HKD":null,"OPERATE_INCOME_QOQ_SQ":0,"NET_PROFIT_RATIO_SQ":-51.2192952548,"HOLDER_PROFIT_SQ":-28021206.51,"HOLDER_PROFIT_QOQ_SQ":0,"ROE_AVG_SQ":-56.555223636289,"PE_TTM_SQ":-1.258150383067,"PB_TTM_SQ":0.20422566531,"ROA_SQ":-36.579517122001,"START_DATE":"2022-04-01 00:00:00","FISCAL_YEAR":"3-31","CURRENCY":"HKD","IS_CNY_CODE":0,"DPS_HKD_LY":null,"ORG_TYPE":"一般企业","PREMIUM_INCOME":null,"PREMIUM_INCOME_YOY":null,"NET_INTEREST_INCOME":null,"NET_INTEREST_INCOME_YOY":null,"FEE_COMMISSION_INCOME":null,"FEE_COMMISSION_INCOME_YOY":null,"ACCOUNTS_RECE_TDAYS":1.008628168155,"INVENTORY_TDAYS":null,"CURRENT_ASSETS_TDAYS":0.607570086858,"TOTAL_ASSETS_TDAYS":0.521098183624,"PREMIUM_EXPENSE":null,"LOAN_DEPOSIT":null,"LOAN_EQUITY":null,"LOAN_ASSETS":null,"DEPOSIT_EQUITY":null,"DEPOSIT_ASSETS":null,"EQUITY_MULTIPLIER":1.279185320018,"EQUITY_RATIO":0.279185320018},{"SECUCODE":"00745.HK","SECURITY_CODE":"00745","SECURITY_NAME_ABBR":"中国国家文化产业","ORG_CODE":"10009098","STD_REPORT_DATE":"2022-06-30 00:00:00","REPORT_DATE":"2022-09-30 00:00:00","DATE_TYPE_CODE":"002","REPORT_TYPE":"2022年中报","PER_NETCASH_OPERATE":-0.00561496821,"PER_OI":0.047838371426,"BPS":0.253673072396,"BASIC_EPS":-0.001537548,"DILUTED_EPS":-0.001537548,"OPERATE_INCOME":37372365.24,"OPERATE_INCOME_YOY":13.8194138387,"GROSS_PROFIT":5536981.68,"GROSS_PROFIT_YOY":13.499967333548,"HOLDER_PROFIT":-115768.32,"HOLDER_PROFIT_YOY":98.4776403425,"GROSS_PROFIT_RATIO":14.815711139614,"EPS_TTM":-0.038323659251,"OPERATE_INCOME_QOQ":0,"NET_PROFIT_RATIO":-0.3097698507,"ROE_AVG":-0.209717454882,"GROSS_PROFIT_QOQ":0,"ROA":-0.145756825234,"HOLDER_PROFIT_QOQ":0,"ROE_YEARLY":-0.419434909764,"ROIC_YEARLY":-0.307731143954,"TOTAL_ASSETS":80071882.08,"TOTAL_LIABILITIES":20619423.12,"TAX_EBT":50.95785440613,"OCF_SALES":-11.737373248469,"TOTAL_PARENT_EQUITY":59452458.96,"DEBT_ASSET_RATIO":25.7511408304,"OPERATE_PROFIT":-236058.84,"PRETAX_PROFIT":-236058.84,"NETCASH_OPERATE":-4386534,"NETCASH_INVEST":null,"NETCASH_FINANCE":6156523.08,"END_CASH":5069386.2,"DIVI_RATIO":null,"DIVIDEND_RATE":null,"CURRENT_RATIO":3.542833365968,"COMMON_ACS":100000000000,"CURRENTDEBT_DEBT":89.604351258882,"ISSUED_COMMON_SHARES":234366456,"HK_COMMON_SHARES":234366456,"PER_SHARES":20000,"TOTAL_MARKET_CAP":27186508.896,"HKSK_MARKET_CAP":27186508.896,"PE_TTM":-0.722545816616,"PB_TTM":2.019499992275,"REPORT_DATE_SQ":"2021-06-30 00:00:00","REPORT_TYPE_SQ":"2021年中报","OPERATE_INCOME_SQ":30243410.24,"DPS_HKD":null,"OPERATE_INCOME_QOQ_SQ":0,"NET_PROFIT_RATIO_SQ":-23.1599823711,"HOLDER_PROFIT_SQ":-7004368.48,"HOLDER_PROFIT_QOQ_SQ":0,"ROE_AVG_SQ":-11.342313114212,"PE_TTM_SQ":-1.258150383067,"PB_TTM_SQ":0.20422566531,"ROA_SQ":-7.699704209746,"START_DATE":"2022-04-01 00:00:00","FISCAL_YEAR":"3-31","CURRENCY":"HKD","IS_CNY_CODE":0,"DPS_HKD_LY":null,"ORG_TYPE":"一般企业","PREMIUM_INCOME":null,"PREMIUM_INCOME_YOY":null,"NET_INTEREST_INCOME":null,"NET_INTEREST_INCOME_YOY":null,"FEE_COMMISSION_INCOME":null,"FEE_COMMISSION_INCOME_YOY":null,"ACCOUNTS_RECE_TDAYS":1.126895385622,"INVENTORY_TDAYS":null,"CURRENT_ASSETS_TDAYS":0.582080196088,"TOTAL_ASSETS_TDAYS":0.470532638711,"PREMIUM_EXPENSE":null,"LOAN_DEPOSIT":null,"LOAN_EQUITY":null,"LOAN_ASSETS":null,"DEPOSIT_EQUITY":null,"DEPOSIT_ASSETS":null,"EQUITY_MULTIPLIER":1.346822040344,"EQUITY_RATIO":0.346822040344},{"SECUCODE":"00745.HK","SECURITY_CODE":"00745","SECURITY_NAME_ABBR":"中国国家文化产业","ORG_CODE":"10009098","STD_REPORT_DATE":"2021-12-31 00:00:00","REPORT_DATE":"2022-03-31 00:00:00","DATE_TYPE_CODE":"001","REPORT_TYPE":"2021年年报","PER_NETCASH_OPERATE":-0.021269847176,"PER_OI":0.074822699258,"BPS":0.194943632847,"BASIC_EPS":-0.039171783,"DILUTED_EPS":-0.039171783,"OPERATE_INCOME":54708301.57,"OPERATE_INCOME_YOY":-13.6218707984,"GROSS_PROFIT":18686481.41,"GROSS_PROFIT_YOY":-4.391483355856,"HOLDER_PROFIT":-28021206.51,"HOLDER_PROFIT_YOY":38.6490757675,"GROSS_PROFIT_RATIO":34.156573817395,"EPS_TTM":-0.06305525462,"OPERATE_INCOME_QOQ":0,"NET_PROFIT_RATIO":-51.2192952548,"ROE_AVG":-56.555223636289,"GROSS_PROFIT_QOQ":0,"ROA":-36.579517122001,"HOLDER_PROFIT_QOQ":0,"ROE_YEARLY":-56.555223636289,"ROIC_YEARLY":-38.489859802933,"TOTAL_ASSETS":70641404.03,"TOTAL_LIABILITIES":24953155.68,"TAX_EBT":13.639772045591,"OCF_SALES":-28.426997939428,"TOTAL_PARENT_EQUITY":45688248.35,"DEBT_ASSET_RATIO":35.323697232,"OPERATE_PROFIT":-32446888.08,"PRETAX_PROFIT":-32446888.08,"NETCASH_OPERATE":-15551927.76,"NETCASH_INVEST":null,"NETCASH_FINANCE":15014228.13,"END_CASH":2960997.51,"DIVI_RATIO":null,"DIVIDEND_RATE":null,"CURRENT_RATIO":2.462550857952,"COMMON_ACS":100000000000,"CURRENTDEBT_DEBT":91.864924596984,"ISSUED_COMMON_SHARES":234366456,"HK_COMMON_SHARES":234366456,"PER_SHARES":20000,"TOTAL_MARKET_CAP":27186508.896,"HKSK_MARKET_CAP":27186508.896,"PE_TTM":-0.722545816616,"PB_TTM":2.019499992275,"REPORT_DATE_SQ":"2020-12-31 00:00:00","REPORT_TYPE_SQ":"2020年年报","OPERATE_INCOME_SQ":66004332.1,"DPS_HKD":null,"OPERATE_INCOME_QOQ_SQ":0,"NET_PROFIT_RATIO_SQ":-72.1134515654,"HOLDER_PROFIT_SQ":-47598002.06,"HOLDER_PROFIT_QOQ_SQ":0,"ROE_AVG_SQ":-64.142734298031,"PE_TTM_SQ":-1.258150383067,"PB_TTM_SQ":0.20422566531,"ROA_SQ":-41.088854273447,"START_DATE":"2021-04-01 00:00:00","FISCAL_YEAR":"3-31","CURRENCY":"HKD","IS_CNY_CODE":0,"DPS_HKD_LY":null,"ORG_TYPE":"一般企业","PREMIUM_INCOME":null,"PREMIUM_INCOME_YOY":null,"NET_INTEREST_INCOME":null,"NET_INTEREST_INCOME_YOY":null,"FEE_COMMISSION_INCOME":null,"FEE_COMMISSION_INCOME_YOY":null,"ACCOUNTS_RECE_TDAYS":1.679329831462,"INVENTORY_TDAYS":null,"CURRENT_ASSETS_TDAYS":0.991686574295,"TOTAL_ASSETS_TDAYS":0.714174549651,"PREMIUM_EXPENSE":null,"LOAN_DEPOSIT":null,"LOAN_EQUITY":null,"LOAN_ASSETS":null,"DEPOSIT_EQUITY":null,"DEPOSIT_ASSETS":null,"EQUITY_MULTIPLIER":1.546161356173,"EQUITY_RATIO":0.546161356173},{"SECUCODE":"00745.HK","SECURITY_CODE":"00745","SECURITY_NAME_ABBR":"中国国家文化产业","ORG_CODE":"10009098","STD_REPORT_DATE":"2021-06-30 00:00:00","REPORT_DATE":"2021-09-30 00:00:00","DATE_TYPE_CODE":"002","REPORT_TYPE":"2021年中报","PER_NETCASH_OPERATE":-0.003551347936,"PER_OI":0.041362892358,"BPS":0.292924348952,"BASIC_EPS":-0.00999672,"DILUTED_EPS":-0.00999672,"OPERATE_INCOME":30243410.24,"OPERATE_INCOME_YOY":29.0304236565,"GROSS_PROFIT":4878399.36,"GROSS_PROFIT_YOY":42.570900157899,"HOLDER_PROFIT":-7004368.48,"HOLDER_PROFIT_YOY":13.0596629097,"GROSS_PROFIT_RATIO":16.130453944469,"EPS_TTM":-0.06735844151,"OPERATE_INCOME_QOQ":0,"NET_PROFIT_RATIO":-23.1599823711,"ROE_AVG":-11.342313114212,"GROSS_PROFIT_QOQ":0,"ROA":-7.699704209746,"HOLDER_PROFIT_QOQ":0,"ROE_YEARLY":-22.684626228425,"ROIC_YEARLY":-17.072774528915,"TOTAL_ASSETS":97128131.52,"TOTAL_LIABILITIES":28476489.98,"TAX_EBT":1.55719470788,"OCF_SALES":-8.58583076245,"TOTAL_PARENT_EQUITY":68651641.54,"DEBT_ASSET_RATIO":29.3184781117,"OPERATE_PROFIT":-7115165.46,"PRETAX_PROFIT":-7115165.46,"NETCASH_OPERATE":-2596648.02,"NETCASH_INVEST":-4534345.58,"NETCASH_FINANCE":15424938.96,"END_CASH":13063213.86,"DIVI_RATIO":null,"DIVIDEND_RATE":null,"CURRENT_RATIO":2.756584888621,"COMMON_ACS":100000000000,"CURRENTDEBT_DEBT":77.746248135038,"ISSUED_COMMON_SHARES":234366456,"HK_COMMON_SHARES":234366456,"PER_SHARES":20000,"TOTAL_MARKET_CAP":27186508.896,"HKSK_MARKET_CAP":27186508.896,"PE_TTM":-0.722545816616,"PB_TTM":2.019499992275,"REPORT_DATE_SQ":"2020-06-30 00:00:00","REPORT_TYPE_SQ":"2020年中报","OPERATE_INCOME_SQ":24723665.92,"DPS_HKD":null,"OPERATE_INCOME_QOQ_SQ":0,"NET_PROFIT_RATIO_SQ":-34.3723343759,"HOLDER_PROFIT_SQ":-8498101.12,"HOLDER_PROFIT_QOQ_SQ":0,"ROE_AVG_SQ":-8.957988875458,"PE_TTM_SQ":-1.258150383067,"PB_TTM_SQ":0.20422566531,"ROA_SQ":-5.790047177719,"START_DATE":"2021-04-01 00:00:00","FISCAL_YEAR":"3-31","CURRENCY":"HKD","IS_CNY_CODE":0,"DPS_HKD_LY":null,"ORG_TYPE":"一般企业","PREMIUM_INCOME":null,"PREMIUM_INCOME_YOY":null,"NET_INTEREST_INCOME":null,"NET_INTEREST_INCOME_YOY":null,"FEE_COMMISSION_INCOME":null,"FEE_COMMISSION_INCOME_YOY":null,"ACCOUNTS_RECE_TDAYS":1.028063319457,"INVENTORY_TDAYS":null,"CURRENT_ASSETS_TDAYS":0.519742304939,"TOTAL_ASSETS_TDAYS":0.332457256935,"PREMIUM_EXPENSE":null,"LOAN_DEPOSIT":null,"LOAN_EQUITY":null,"LOAN_ASSETS":null,"DEPOSIT_EQUITY":null,"DEPOSIT_ASSETS":null,"EQUITY_MULTIPLIER":1.41479692752,"EQUITY_RATIO":0.41479692752},{"SECUCODE":"00745.HK","SECURITY_CODE":"00745","SECURITY_NAME_ABBR":"中国国家文化产业","ORG_CODE":"10009098","STD_REPORT_DATE":"2020-12-31 00:00:00","REPORT_DATE":"2021-03-31 00:00:00","DATE_TYPE_CODE":"001","REPORT_TYPE":"2020年年报","PER_NETCASH_OPERATE":-0.006517563426,"PER_OI":0.112087451173,"BPS":0.237470429642,"BASIC_EPS":-0.086377396,"DILUTED_EPS":-0.086377396,"OPERATE_INCOME":66004332.1,"OPERATE_INCOME_YOY":1.2695160537,"GROSS_PROFIT":19544787.5,"GROSS_PROFIT_YOY":41.886540321493,"HOLDER_PROFIT":-47598002.06,"HOLDER_PROFIT_YOY":38.9365370228,"GROSS_PROFIT_RATIO":29.611370766374,"EPS_TTM":-0.147215457781,"OPERATE_INCOME_QOQ":0,"NET_PROFIT_RATIO":-72.1134515654,"ROE_AVG":-64.142734298031,"GROSS_PROFIT_QOQ":0,"ROA":-41.088854273447,"HOLDER_PROFIT_QOQ":0,"ROE_YEARLY":-64.142734298031,"ROIC_YEARLY":-42.806758841906,"TOTAL_ASSETS":86044395.08,"TOTAL_LIABILITIES":30389292.08,"TAX_EBT":20.301996801721,"OCF_SALES":-5.814712849734,"TOTAL_PARENT_EQUITY":55655103,"DEBT_ASSET_RATIO":35.3181541363,"OPERATE_PROFIT":-59722954.34,"PRETAX_PROFIT":-59722954.34,"NETCASH_OPERATE":-3837962.38,"NETCASH_INVEST":null,"NETCASH_FINANCE":5204618.44,"END_CASH":4838655.5,"DIVI_RATIO":null,"DIVIDEND_RATE":null,"CURRENT_RATIO":2.354727814006,"COMMON_ACS":100000000000,"CURRENTDEBT_DEBT":78.473690065636,"ISSUED_COMMON_SHARES":234366456,"HK_COMMON_SHARES":234366456,"PER_SHARES":20000,"TOTAL_MARKET_CAP":27186508.896,"HKSK_MARKET_CAP":27186508.896,"PE_TTM":-0.722545816616,"PB_TTM":2.019499992275,"REPORT_DATE_SQ":"2019-12-31 00:00:00","REPORT_TYPE_SQ":"2019年年报","OPERATE_INCOME_SQ":70460889.2,"DPS_HKD":null,"OPERATE_INCOME_QOQ_SQ":0,"NET_PROFIT_RATIO_SQ":-119.5951553504,"HOLDER_PROFIT_SQ":-84267809.9,"HOLDER_PROFIT_QOQ_SQ":0,"ROE_AVG_SQ":-56.204275027804,"PE_TTM_SQ":-1.258150383067,"PB_TTM_SQ":0.20422566531,"ROA_SQ":-36.956656762351,"START_DATE":"2020-04-01 00:00:00","FISCAL_YEAR":"3-31","CURRENCY":"HKD","IS_CNY_CODE":0,"DPS_HKD_LY":null,"ORG_TYPE":"一般企业","PREMIUM_INCOME":null,"PREMIUM_INCOME_YOY":null,"NET_INTEREST_INCOME":null,"NET_INTEREST_INCOME_YOY":null,"FEE_COMMISSION_INCOME":null,"FEE_COMMISSION_INCOME_YOY":null,"ACCOUNTS_RECE_TDAYS":1.596838833681,"INVENTORY_TDAYS":null,"CURRENT_ASSETS_TDAYS":1.031822055452,"TOTAL_ASSETS_TDAYS":0.569780718874,"PREMIUM_EXPENSE":null,"LOAN_DEPOSIT":null,"LOAN_EQUITY":null,"LOAN_ASSETS":null,"DEPOSIT_EQUITY":null,"DEPOSIT_ASSETS":null,"EQUITY_MULTIPLIER":1.546028853455,"EQUITY_RATIO":0.546028853455},{"SECUCODE":"00745.HK","SECURITY_CODE":"00745","SECURITY_NAME_ABBR":"中国国家文化产业","ORG_CODE":"10009098","STD_REPORT_DATE":"2020-06-30 00:00:00","REPORT_DATE":"2020-09-30 00:00:00","DATE_TYPE_CODE":"002","REPORT_TYPE":"2020年中报","PER_NETCASH_OPERATE":-0.006386734064,"PER_OI":0.041985315334,"BPS":0.398067641557,"BASIC_EPS":-0.016519936,"DILUTED_EPS":-0.016519936,"OPERATE_INCOME":24723665.92,"OPERATE_INCOME_YOY":-13.6906040063,"GROSS_PROFIT":3421735.68,"GROSS_PROFIT_YOY":-53.681850054618,"HOLDER_PROFIT":-8498101.12,"HOLDER_PROFIT_YOY":-43.5718527316,"GROSS_PROFIT_RATIO":13.839920386693,"EPS_TTM":-0.171722619903,"OPERATE_INCOME_QOQ":0,"NET_PROFIT_RATIO":-34.3723343759,"ROE_AVG":-8.957988875458,"GROSS_PROFIT_QOQ":0,"ROA":-5.790047177719,"HOLDER_PROFIT_QOQ":0,"ROE_YEARLY":-17.915977750916,"ROIC_YEARLY":-12.103198192843,"TOTAL_ASSETS":142123294.08,"TOTAL_LIABILITIES":48829591.68,"TAX_EBT":7.072162967234,"OCF_SALES":-15.211828262724,"TOTAL_PARENT_EQUITY":93293702.4,"DEBT_ASSET_RATIO":34.3572051268,"OPERATE_PROFIT":-9144839.04,"PRETAX_PROFIT":-9144839.04,"NETCASH_OPERATE":-3760921.6,"NETCASH_INVEST":1709989.12,"NETCASH_FINANCE":5465638.4,"END_CASH":8050832.64,"DIVI_RATIO":null,"DIVIDEND_RATE":null,"CURRENT_RATIO":1.969311681622,"COMMON_ACS":100000000000,"CURRENTDEBT_DEBT":66.38053591031,"ISSUED_COMMON_SHARES":234366456,"HK_COMMON_SHARES":234366456,"PER_SHARES":20000,"TOTAL_MARKET_CAP":27186508.896,"HKSK_MARKET_CAP":27186508.896,"PE_TTM":-0.722545816616,"PB_TTM":2.019499992275,"REPORT_DATE_SQ":"2019-06-30 00:00:00","REPORT_TYPE_SQ":"2019年中报","OPERATE_INCOME_SQ":29404623.99,"DPS_HKD":null,"OPERATE_INCOME_QOQ_SQ":0,"NET_PROFIT_RATIO_SQ":-20.6632105279,"HOLDER_PROFIT_SQ":-6075939.36,"HOLDER_PROFIT_QOQ_SQ":0,"ROE_AVG_SQ":-3.089589377243,"PE_TTM_SQ":-1.258150383067,"PB_TTM_SQ":0.20422566531,"ROA_SQ":-2.116096279868,"START_DATE":"2020-04-01 00:00:00","FISCAL_YEAR":"3-31","CURRENCY":"HKD","IS_CNY_CODE":0,"DPS_HKD_LY":null,"ORG_TYPE":"一般企业","PREMIUM_INCOME":null,"PREMIUM_INCOME_YOY":null,"NET_INTEREST_INCOME":null,"NET_INTEREST_INCOME_YOY":null,"FEE_COMMISSION_INCOME":null,"FEE_COMMISSION_INCOME_YOY":null,"ACCOUNTS_RECE_TDAYS":0.539561999003,"INVENTORY_TDAYS":null,"CURRENT_ASSETS_TDAYS":0.357114752434,"TOTAL_ASSETS_TDAYS":0.168450798668,"PREMIUM_EXPENSE":null,"LOAN_DEPOSIT":null,"LOAN_EQUITY":null,"LOAN_ASSETS":null,"DEPOSIT_EQUITY":null,"DEPOSIT_ASSETS":null,"EQUITY_MULTIPLIER":1.523396439673,"EQUITY_RATIO":0.523396439672}],"count":44},"success":true,"message":"ok","code":0}