{"version":"0d16f4db85c07aa05877f068e9c231f0","result":{"pages":5,"data":[{"SECUCODE":"00757.HK","SECURITY_CODE":"00757","SECURITY_NAME_ABBR":"阳光能源","ORG_CODE":"10124905","STD_REPORT_DATE":"2024-06-30 00:00:00","REPORT_DATE":"2024-06-30 00:00:00","DATE_TYPE_CODE":"002","REPORT_TYPE":"2024年中报","PER_NETCASH_OPERATE":-0.036620150765,"PER_OI":0.509433992969,"BPS":0.322819459302,"BASIC_EPS":-0.0304,"DILUTED_EPS":-0.0304,"OPERATE_INCOME":1693242000,"OPERATE_INCOME_YOY":-51.2398933709,"GROSS_PROFIT":21965000,"GROSS_PROFIT_YOY":-90.604575163399,"HOLDER_PROFIT":-101147000,"HOLDER_PROFIT_YOY":-201.2391276061,"GROSS_PROFIT_RATIO":1.297215637221,"EPS_TTM":-0.026821943038,"OPERATE_INCOME_QOQ":-24.737819610661,"NET_PROFIT_RATIO":-6.0073515776,"ROE_AVG":-8.99083645259,"GROSS_PROFIT_QOQ":-46.248387019299,"ROA":-1.95224736586,"HOLDER_PROFIT_QOQ":-179.665076045967,"ROE_YEARLY":-17.98167290518,"ROIC_YEARLY":-4.23497989895,"TOTAL_ASSETS":4693914000,"TOTAL_LIABILITIES":3605423000,"TAX_EBT":3.815458516936,"OCF_SALES":-7.188399531786,"TOTAL_PARENT_EQUITY":1072978000,"DEBT_ASSET_RATIO":76.8105892013,"OPERATE_PROFIT":-74399000,"PRETAX_PROFIT":-105754000,"NETCASH_OPERATE":-121717000,"NETCASH_INVEST":-82108000,"NETCASH_FINANCE":-175827000,"END_CASH":198666000,"DIVI_RATIO":null,"DIVIDEND_RATE":null,"CURRENT_RATIO":1.136163920779,"COMMON_ACS":5000000000,"CURRENTDEBT_DEBT":91.558133400713,"ISSUED_COMMON_SHARES":3323771133,"HK_COMMON_SHARES":3323771133,"PER_SHARES":1000,"TOTAL_MARKET_CAP":262577919.507,"HKSK_MARKET_CAP":262577919.507,"PE_TTM":-2.743728873047,"PB_TTM":0.223349980685,"REPORT_DATE_SQ":"2023-06-30 00:00:00","REPORT_TYPE_SQ":"2023年中报","OPERATE_INCOME_SQ":3472597000,"DPS_HKD":null,"OPERATE_INCOME_QOQ_SQ":16.153683558968,"NET_PROFIT_RATIO_SQ":3.6614096021,"HOLDER_PROFIT_SQ":99909000,"HOLDER_PROFIT_QOQ_SQ":3.358764110215,"ROE_AVG_SQ":8.813231888852,"PE_TTM_SQ":0.440917445915,"PB_TTM_SQ":0.383829888614,"ROA_SQ":1.424994897437,"START_DATE":"2024-01-01 00:00:00","FISCAL_YEAR":"12-31","CURRENCY":"HKD","IS_CNY_CODE":0,"DPS_HKD_LY":null,"ORG_TYPE":"一般企业","PREMIUM_INCOME":null,"PREMIUM_INCOME_YOY":null,"NET_INTEREST_INCOME":null,"NET_INTEREST_INCOME_YOY":null,"FEE_COMMISSION_INCOME":null,"FEE_COMMISSION_INCOME_YOY":null,"ACCOUNTS_RECE_TDAYS":0.900595967843,"INVENTORY_TDAYS":3.366995016827,"CURRENT_ASSETS_TDAYS":0.398935162628,"TOTAL_ASSETS_TDAYS":0.326814164954,"PREMIUM_EXPENSE":null,"LOAN_DEPOSIT":null,"LOAN_EQUITY":null,"LOAN_ASSETS":null,"DEPOSIT_EQUITY":null,"DEPOSIT_ASSETS":null,"EQUITY_MULTIPLIER":4.312313101358,"EQUITY_RATIO":3.360202166307},{"SECUCODE":"00757.HK","SECURITY_CODE":"00757","SECURITY_NAME_ABBR":"阳光能源","ORG_CODE":"10124905","STD_REPORT_DATE":"2023-12-31 00:00:00","REPORT_DATE":"2023-12-31 00:00:00","DATE_TYPE_CODE":"001","REPORT_TYPE":"2023年年报","PER_NETCASH_OPERATE":-0.495927346993,"PER_OI":2.16406386366,"BPS":0.354123058689,"BASIC_EPS":0.0337,"DILUTED_EPS":0.0337,"OPERATE_INCOME":7192853000,"OPERATE_INCOME_YOY":4.709185511,"GROSS_PROFIT":458003000,"GROSS_PROFIT_YOY":68.840317919075,"HOLDER_PROFIT":111906000,"HOLDER_PROFIT_YOY":-88.3085744016,"GROSS_PROFIT_RATIO":6.367473379478,"EPS_TTM":0.033668383147,"OPERATE_INCOME_QOQ":-9.852892906482,"NET_PROFIT_RATIO":1.9695661791,"ROE_AVG":9.822226357264,"GROSS_PROFIT_QOQ":16.224062283509,"ROA":1.669588538613,"HOLDER_PROFIT_QOQ":-88.68785095855,"ROE_YEARLY":9.822226357264,"ROIC_YEARLY":1.901732276453,"TOTAL_ASSETS":5668195000,"TOTAL_LIABILITIES":4475086000,"TAX_EBT":9.840259657608,"OCF_SALES":-22.916483904231,"TOTAL_PARENT_EQUITY":1177024000,"DEBT_ASSET_RATIO":78.9508123838,"OPERATE_PROFIT":228248000,"PRETAX_PROFIT":157130000,"NETCASH_OPERATE":-1648349000,"NETCASH_INVEST":557423000,"NETCASH_FINANCE":725119000,"END_CASH":578364000,"DIVI_RATIO":null,"DIVIDEND_RATE":null,"CURRENT_RATIO":1.14957547179,"COMMON_ACS":5000000000,"CURRENTDEBT_DEBT":92.104419892713,"ISSUED_COMMON_SHARES":3323771133,"HK_COMMON_SHARES":3323771133,"PER_SHARES":1000,"TOTAL_MARKET_CAP":272549232.906,"HKSK_MARKET_CAP":272549232.906,"PE_TTM":-2.847921108732,"PB_TTM":0.231831625521,"REPORT_DATE_SQ":"2022-12-31 00:00:00","REPORT_TYPE_SQ":"2022年年报","OPERATE_INCOME_SQ":6869362000,"DPS_HKD":null,"OPERATE_INCOME_QOQ_SQ":-7.562133233504,"NET_PROFIT_RATIO_SQ":16.1880098909,"HOLDER_PROFIT_SQ":957163000,"HOLDER_PROFIT_QOQ_SQ":379.474591215133,"ROE_AVG_SQ":129.529362089126,"PE_TTM_SQ":0.459037340952,"PB_TTM_SQ":0.399603719653,"ROA_SQ":13.645489412894,"START_DATE":"2023-01-01 00:00:00","FISCAL_YEAR":"12-31","CURRENCY":"HKD","IS_CNY_CODE":0,"DPS_HKD_LY":0.07,"ORG_TYPE":"一般企业","PREMIUM_INCOME":null,"PREMIUM_INCOME_YOY":null,"NET_INTEREST_INCOME":null,"NET_INTEREST_INCOME_YOY":null,"FEE_COMMISSION_INCOME":null,"FEE_COMMISSION_INCOME_YOY":null,"ACCOUNTS_RECE_TDAYS":4.071181187396,"INVENTORY_TDAYS":14.731770804852,"CURRENT_ASSETS_TDAYS":1.25408426963,"TOTAL_ASSETS_TDAYS":1.073142184398,"PREMIUM_EXPENSE":null,"LOAN_DEPOSIT":null,"LOAN_EQUITY":null,"LOAN_ASSETS":null,"DEPOSIT_EQUITY":null,"DEPOSIT_ASSETS":null,"EQUITY_MULTIPLIER":4.750777171231,"EQUITY_RATIO":3.802034622913},{"SECUCODE":"00757.HK","SECURITY_CODE":"00757","SECURITY_NAME_ABBR":"阳光能源","ORG_CODE":"10124905","STD_REPORT_DATE":"2023-06-30 00:00:00","REPORT_DATE":"2023-06-30 00:00:00","DATE_TYPE_CODE":"002","REPORT_TYPE":"2023年中报","PER_NETCASH_OPERATE":-0.400379251985,"PER_OI":1.044776207821,"BPS":0.350699838634,"BASIC_EPS":0.0301,"DILUTED_EPS":0.0301,"OPERATE_INCOME":3472597000,"OPERATE_INCOME_YOY":46.9607379275,"GROSS_PROFIT":233784000,"GROSS_PROFIT_YOY":110.65607006731,"HOLDER_PROFIT":99909000,"HOLDER_PROFIT_YOY":47.4410436528,"GROSS_PROFIT_RATIO":6.732252547589,"EPS_TTM":0.297630300167,"OPERATE_INCOME_QOQ":16.153683558968,"NET_PROFIT_RATIO":3.6614096021,"ROE_AVG":8.813231888852,"GROSS_PROFIT_QOQ":45.271396130707,"ROA":1.424994897437,"HOLDER_PROFIT_QOQ":3.358764110215,"ROE_YEARLY":17.626463777704,"ROIC_YEARLY":3.231616660637,"TOTAL_ASSETS":6285342000,"TOTAL_LIABILITIES":5106136000,"TAX_EBT":14.971845867829,"OCF_SALES":-38.322010875434,"TOTAL_PARENT_EQUITY":1165646000,"DEBT_ASSET_RATIO":81.2387933704,"OPERATE_PROFIT":185327000,"PRETAX_PROFIT":149534000,"NETCASH_OPERATE":-314841000,"NETCASH_INVEST":405202000,"NETCASH_FINANCE":-439054000,"END_CASH":600443000,"DIVI_RATIO":null,"DIVIDEND_RATE":null,"CURRENT_RATIO":1.115022423091,"COMMON_ACS":5000000000,"CURRENTDEBT_DEBT":92.505937953866,"ISSUED_COMMON_SHARES":3323771133,"HK_COMMON_SHARES":3323771133,"PER_SHARES":1000,"TOTAL_MARKET_CAP":272549232.906,"HKSK_MARKET_CAP":272549232.906,"PE_TTM":-2.847921108732,"PB_TTM":0.231831625521,"REPORT_DATE_SQ":"2022-06-30 00:00:00","REPORT_TYPE_SQ":"2022年中报","OPERATE_INCOME_SQ":2362942000,"DPS_HKD":null,"OPERATE_INCOME_QOQ_SQ":4.593066396134,"NET_PROFIT_RATIO_SQ":4.2480044233,"HOLDER_PROFIT_SQ":67762000,"HOLDER_PROFIT_QOQ_SQ":3.309146991543,"ROE_AVG_SQ":18.047021960279,"PE_TTM_SQ":0.459037340952,"PB_TTM_SQ":0.399603719653,"ROA_SQ":1.016596367581,"START_DATE":"2023-01-01 00:00:00","FISCAL_YEAR":"12-31","CURRENCY":"HKD","IS_CNY_CODE":0,"DPS_HKD_LY":0.07,"ORG_TYPE":"一般企业","PREMIUM_INCOME":null,"PREMIUM_INCOME_YOY":null,"NET_INTEREST_INCOME":null,"NET_INTEREST_INCOME_YOY":null,"FEE_COMMISSION_INCOME":null,"FEE_COMMISSION_INCOME_YOY":null,"ACCOUNTS_RECE_TDAYS":2.393007307685,"INVENTORY_TDAYS":4.243307953681,"CURRENT_ASSETS_TDAYS":0.57878526658,"TOTAL_ASSETS_TDAYS":0.495294018142,"PREMIUM_EXPENSE":null,"LOAN_DEPOSIT":null,"LOAN_EQUITY":null,"LOAN_ASSETS":null,"DEPOSIT_EQUITY":null,"DEPOSIT_ASSETS":null,"EQUITY_MULTIPLIER":5.330147573889,"EQUITY_RATIO":4.3805203295},{"SECUCODE":"00757.HK","SECURITY_CODE":"00757","SECURITY_NAME_ABBR":"阳光能源","ORG_CODE":"10124905","STD_REPORT_DATE":"2022-12-31 00:00:00","REPORT_DATE":"2022-12-31 00:00:00","DATE_TYPE_CODE":"001","REPORT_TYPE":"2022年年报","PER_NETCASH_OPERATE":0.721298760976,"PER_OI":2.066737367022,"BPS":0.331373598219,"BASIC_EPS":0.288,"DILUTED_EPS":0.288,"OPERATE_INCOME":6869362000,"OPERATE_INCOME_YOY":48.0197024549,"GROSS_PROFIT":271264000,"GROSS_PROFIT_YOY":-33.020738425223,"HOLDER_PROFIT":957163000,"HOLDER_PROFIT_YOY":395.3411102255,"GROSS_PROFIT_RATIO":3.948896564193,"EPS_TTM":0.28795845493,"OPERATE_INCOME_QOQ":-7.562133233504,"NET_PROFIT_RATIO":16.1880098909,"ROE_AVG":129.529362089126,"GROSS_PROFIT_QOQ":-64.981881883045,"ROA":13.645489412894,"HOLDER_PROFIT_QOQ":379.474591215133,"ROE_YEARLY":129.529362089126,"ROIC_YEARLY":15.615355455201,"TOTAL_ASSETS":7737291000,"TOTAL_LIABILITIES":6531593000,"TAX_EBT":-13.654117071442,"OCF_SALES":34.900359014418,"TOTAL_PARENT_EQUITY":1101604000,"DEBT_ASSET_RATIO":84.4199268349,"OPERATE_PROFIT":-39750000,"PRETAX_PROFIT":-118543000,"NETCASH_OPERATE":2397432000,"NETCASH_INVEST":-306621000,"NETCASH_FINANCE":-1581882000,"END_CASH":937897000,"DIVI_RATIO":null,"DIVIDEND_RATE":null,"CURRENT_RATIO":1.100655555844,"COMMON_ACS":5000000000,"CURRENTDEBT_DEBT":93.654013653331,"ISSUED_COMMON_SHARES":3323771133,"HK_COMMON_SHARES":3323771133,"PER_SHARES":1000,"TOTAL_MARKET_CAP":272549232.906,"HKSK_MARKET_CAP":272549232.906,"PE_TTM":-2.847921108732,"PB_TTM":0.231831625521,"REPORT_DATE_SQ":"2021-12-31 00:00:00","REPORT_TYPE_SQ":"2021年年报","OPERATE_INCOME_SQ":4640843000,"DPS_HKD":null,"OPERATE_INCOME_QOQ_SQ":13.264544507038,"NET_PROFIT_RATIO_SQ":4.2554868464,"HOLDER_PROFIT_SQ":193222000,"HOLDER_PROFIT_QOQ_SQ":293.578183858299,"ROE_AVG_SQ":74.751871001936,"PE_TTM_SQ":0.459037340952,"PB_TTM_SQ":0.399603719653,"ROA_SQ":3.249374100039,"START_DATE":"2022-01-01 00:00:00","FISCAL_YEAR":"12-31","CURRENCY":"HKD","IS_CNY_CODE":0,"DPS_HKD_LY":null,"ORG_TYPE":"一般企业","PREMIUM_INCOME":null,"PREMIUM_INCOME_YOY":null,"NET_INTEREST_INCOME":null,"NET_INTEREST_INCOME_YOY":null,"FEE_COMMISSION_INCOME":null,"FEE_COMMISSION_INCOME_YOY":null,"ACCOUNTS_RECE_TDAYS":3.911828200694,"INVENTORY_TDAYS":12.60374439115,"CURRENT_ASSETS_TDAYS":1.265351199345,"TOTAL_ASSETS_TDAYS":0.979364987487,"PREMIUM_EXPENSE":null,"LOAN_DEPOSIT":null,"LOAN_EQUITY":null,"LOAN_ASSETS":null,"DEPOSIT_EQUITY":null,"DEPOSIT_ASSETS":null,"EQUITY_MULTIPLIER":6.418455095834,"EQUITY_RATIO":5.9291660161},{"SECUCODE":"00757.HK","SECURITY_CODE":"00757","SECURITY_NAME_ABBR":"阳光能源","ORG_CODE":"10124905","STD_REPORT_DATE":"2022-06-30 00:00:00","REPORT_DATE":"2022-06-30 00:00:00","DATE_TYPE_CODE":"002","REPORT_TYPE":"2022年中报","PER_NETCASH_OPERATE":0.093669205111,"PER_OI":0.710921993557,"BPS":0.112587174335,"BASIC_EPS":0.0204,"DILUTED_EPS":0.0204,"OPERATE_INCOME":2362942000,"OPERATE_INCOME_YOY":11.5696780463,"GROSS_PROFIT":110979000,"GROSS_PROFIT_YOY":-70.128069854327,"HOLDER_PROFIT":67762000,"HOLDER_PROFIT_YOY":10.4240369096,"GROSS_PROFIT_RATIO":8.486666497191,"EPS_TTM":0.060057083359,"OPERATE_INCOME_QOQ":4.593066396134,"NET_PROFIT_RATIO":4.2480044233,"ROE_AVG":18.047021960279,"GROSS_PROFIT_QOQ":-11.881016923317,"ROA":1.016596367581,"HOLDER_PROFIT_QOQ":3.309146991543,"ROE_YEARLY":36.094043920557,"ROIC_YEARLY":2.319100298785,"TOTAL_ASSETS":7034274000,"TOTAL_LIABILITIES":6245856000,"TAX_EBT":0.697641476025,"OCF_SALES":9.893198515393,"TOTAL_PARENT_EQUITY":374214000,"DEBT_ASSET_RATIO":88.791764438,"OPERATE_PROFIT":73228000,"PRETAX_PROFIT":28238000,"NETCASH_OPERATE":311335000,"NETCASH_INVEST":-320685000,"NETCASH_FINANCE":80438000,"END_CASH":500882000,"DIVI_RATIO":null,"DIVIDEND_RATE":null,"CURRENT_RATIO":0.92725729477,"COMMON_ACS":5000000000,"CURRENTDEBT_DEBT":82.827093676191,"ISSUED_COMMON_SHARES":3323771133,"HK_COMMON_SHARES":3323771133,"PER_SHARES":1000,"TOTAL_MARKET_CAP":272549232.906,"HKSK_MARKET_CAP":272549232.906,"PE_TTM":-2.847921108732,"PB_TTM":0.231831625521,"REPORT_DATE_SQ":"2021-06-30 00:00:00","REPORT_TYPE_SQ":"2021年中报","OPERATE_INCOME_SQ":2820623000,"DPS_HKD":null,"OPERATE_INCOME_QOQ_SQ":3.651084046216,"NET_PROFIT_RATIO_SQ":4.2772820047,"HOLDER_PROFIT_SQ":61339000,"HOLDER_PROFIT_QOQ_SQ":53.713458970174,"ROE_AVG_SQ":30.812315080398,"PE_TTM_SQ":0.459037340952,"PB_TTM_SQ":0.399603719653,"ROA_SQ":1.03655732307,"START_DATE":"2022-01-01 00:00:00","FISCAL_YEAR":"12-31","CURRENCY":"HKD","IS_CNY_CODE":0,"DPS_HKD_LY":null,"ORG_TYPE":"一般企业","PREMIUM_INCOME":null,"PREMIUM_INCOME_YOY":null,"NET_INTEREST_INCOME":null,"NET_INTEREST_INCOME_YOY":null,"FEE_COMMISSION_INCOME":null,"FEE_COMMISSION_INCOME_YOY":null,"ACCOUNTS_RECE_TDAYS":1.302375032588,"INVENTORY_TDAYS":4.717338531344,"CURRENT_ASSETS_TDAYS":0.70545706106,"TOTAL_ASSETS_TDAYS":0.472323402909,"PREMIUM_EXPENSE":null,"LOAN_DEPOSIT":null,"LOAN_EQUITY":null,"LOAN_ASSETS":null,"DEPOSIT_EQUITY":null,"DEPOSIT_ASSETS":null,"EQUITY_MULTIPLIER":8.922010913032,"EQUITY_RATIO":16.690599496545},{"SECUCODE":"00757.HK","SECURITY_CODE":"00757","SECURITY_NAME_ABBR":"阳光能源","ORG_CODE":"10124905","STD_REPORT_DATE":"2021-12-31 00:00:00","REPORT_DATE":"2021-12-31 00:00:00","DATE_TYPE_CODE":"001","REPORT_TYPE":"2021年年报","PER_NETCASH_OPERATE":0.309995471641,"PER_OI":1.396258290447,"BPS":0.113249073097,"BASIC_EPS":0.0584,"DILUTED_EPS":0.0584,"OPERATE_INCOME":4640843000,"OPERATE_INCOME_YOY":17.3999282216,"GROSS_PROFIT":404997000,"GROSS_PROFIT_YOY":-30.870424612359,"HOLDER_PROFIT":193222000,"HOLDER_PROFIT_YOY":189.6006454964,"GROSS_PROFIT_RATIO":12.372751440114,"EPS_TTM":0.058133364864,"OPERATE_INCOME_QOQ":13.264544507038,"NET_PROFIT_RATIO":4.2554868464,"ROE_AVG":74.751871001936,"GROSS_PROFIT_QOQ":30.650470906635,"ROA":3.249374100039,"HOLDER_PROFIT_QOQ":293.578183858299,"ROE_YEARLY":74.751871001936,"ROIC_YEARLY":3.677112098139,"TOTAL_ASSETS":6291172000,"TOTAL_LIABILITIES":5618893000,"TAX_EBT":41.859511499376,"OCF_SALES":14.501831951394,"TOTAL_PARENT_EQUITY":376414000,"DEBT_ASSET_RATIO":89.3139306953,"OPERATE_PROFIT":214512000,"PRETAX_PROFIT":112180000,"NETCASH_OPERATE":1030354000,"NETCASH_INVEST":-559801000,"NETCASH_FINANCE":-503860000,"END_CASH":431861000,"DIVI_RATIO":null,"DIVIDEND_RATE":null,"CURRENT_RATIO":0.842910341239,"COMMON_ACS":5000000000,"CURRENTDEBT_DEBT":87.090873593784,"ISSUED_COMMON_SHARES":3323771133,"HK_COMMON_SHARES":3323771133,"PER_SHARES":1000,"TOTAL_MARKET_CAP":272549232.906,"HKSK_MARKET_CAP":272549232.906,"PE_TTM":-2.847921108732,"PB_TTM":0.231831625521,"REPORT_DATE_SQ":"2020-12-31 00:00:00","REPORT_TYPE_SQ":"2020年年报","OPERATE_INCOME_SQ":6051956000,"DPS_HKD":null,"OPERATE_INCOME_QOQ_SQ":16.878750740154,"NET_PROFIT_RATIO_SQ":-3.2446865113,"HOLDER_PROFIT_SQ":-215648000,"HOLDER_PROFIT_QOQ_SQ":4.487131221238,"ROE_AVG_SQ":-75.106095091154,"PE_TTM_SQ":0.459037340952,"PB_TTM_SQ":0.399603719653,"ROA_SQ":-4.299681294259,"START_DATE":"2021-01-01 00:00:00","FISCAL_YEAR":"12-31","CURRENCY":"HKD","IS_CNY_CODE":0,"DPS_HKD_LY":null,"ORG_TYPE":"一般企业","PREMIUM_INCOME":null,"PREMIUM_INCOME_YOY":null,"NET_INTEREST_INCOME":null,"NET_INTEREST_INCOME_YOY":null,"FEE_COMMISSION_INCOME":null,"FEE_COMMISSION_INCOME_YOY":null,"ACCOUNTS_RECE_TDAYS":2.391527594194,"INVENTORY_TDAYS":13.920017976001,"CURRENT_ASSETS_TDAYS":1.779948735916,"TOTAL_ASSETS_TDAYS":1.194831695448,"PREMIUM_EXPENSE":null,"LOAN_DEPOSIT":null,"LOAN_EQUITY":null,"LOAN_ASSETS":null,"DEPOSIT_EQUITY":null,"DEPOSIT_ASSETS":null,"EQUITY_MULTIPLIER":9.357977863387,"EQUITY_RATIO":14.927428310318},{"SECUCODE":"00757.HK","SECURITY_CODE":"00757","SECURITY_NAME_ABBR":"阳光能源","ORG_CODE":"10124905","STD_REPORT_DATE":"2021-06-30 00:00:00","REPORT_DATE":"2021-06-30 00:00:00","DATE_TYPE_CODE":"002","REPORT_TYPE":"2021年中报","PER_NETCASH_OPERATE":0.092323444582,"PER_OI":0.848621306081,"BPS":0.077499620068,"BASIC_EPS":0.0186,"DILUTED_EPS":0.0186,"OPERATE_INCOME":2820623000,"OPERATE_INCOME_YOY":8.4996466847,"GROSS_PROFIT":371516000,"GROSS_PROFIT_YOY":33.095455603919,"HOLDER_PROFIT":61339000,"HOLDER_PROFIT_YOY":212.5630814967,"GROSS_PROFIT_RATIO":12.980607475724,"EPS_TTM":-0.030030948584,"OPERATE_INCOME_QOQ":3.651084046216,"NET_PROFIT_RATIO":4.2772820047,"ROE_AVG":30.812315080398,"GROSS_PROFIT_QOQ":14.849996244785,"ROA":1.03655732307,"HOLDER_PROFIT_QOQ":53.713458970174,"ROE_YEARLY":61.624630160795,"ROIC_YEARLY":2.319693503514,"TOTAL_ASSETS":6233436000,"TOTAL_LIABILITIES":5744102000,"TAX_EBT":26.978574022515,"OCF_SALES":10.879227745076,"TOTAL_PARENT_EQUITY":257591000,"DEBT_ASSET_RATIO":92.1498512217,"OPERATE_PROFIT":225983000,"PRETAX_PROFIT":165220000,"NETCASH_OPERATE":306862000,"NETCASH_INVEST":-101738000,"NETCASH_FINANCE":-292255000,"END_CASH":370603000,"DIVI_RATIO":null,"DIVIDEND_RATE":null,"CURRENT_RATIO":0.830623359897,"COMMON_ACS":5000000000,"CURRENTDEBT_DEBT":91.432185570521,"ISSUED_COMMON_SHARES":3323771133,"HK_COMMON_SHARES":3323771133,"PER_SHARES":1000,"TOTAL_MARKET_CAP":272549232.906,"HKSK_MARKET_CAP":272549232.906,"PE_TTM":-2.847921108732,"PB_TTM":0.231831625521,"REPORT_DATE_SQ":"2020-06-30 00:00:00","REPORT_TYPE_SQ":"2020年中报","OPERATE_INCOME_SQ":2599661000,"DPS_HKD":null,"OPERATE_INCOME_QOQ_SQ":17.001856491574,"NET_PROFIT_RATIO_SQ":-1.642598785,"HOLDER_PROFIT_SQ":-54493000,"HOLDER_PROFIT_QOQ_SQ":36.488303534257,"ROE_AVG_SQ":-13.659464655668,"PE_TTM_SQ":0.459037340952,"PB_TTM_SQ":0.399603719653,"ROA_SQ":-1.10561445315,"START_DATE":"2021-01-01 00:00:00","FISCAL_YEAR":"12-31","CURRENCY":"HKD","IS_CNY_CODE":0,"DPS_HKD_LY":null,"ORG_TYPE":"一般企业","PREMIUM_INCOME":null,"PREMIUM_INCOME_YOY":null,"NET_INTEREST_INCOME":null,"NET_INTEREST_INCOME_YOY":null,"FEE_COMMISSION_INCOME":null,"FEE_COMMISSION_INCOME_YOY":null,"ACCOUNTS_RECE_TDAYS":1.639829879066,"INVENTORY_TDAYS":3.757899547504,"CURRENT_ASSETS_TDAYS":0.686203829534,"TOTAL_ASSETS_TDAYS":0.476652280974,"PREMIUM_EXPENSE":null,"LOAN_DEPOSIT":null,"LOAN_EQUITY":null,"LOAN_ASSETS":null,"DEPOSIT_EQUITY":null,"DEPOSIT_ASSETS":null,"EQUITY_MULTIPLIER":12.738612072733,"EQUITY_RATIO":22.299311699555},{"SECUCODE":"00757.HK","SECURITY_CODE":"00757","SECURITY_NAME_ABBR":"阳光能源","ORG_CODE":"10124905","STD_REPORT_DATE":"2020-12-31 00:00:00","REPORT_DATE":"2020-12-31 00:00:00","DATE_TYPE_CODE":"001","REPORT_TYPE":"2020年年报","PER_NETCASH_OPERATE":0.179255733372,"PER_OI":1.92506252649,"BPS":0.042287809351,"BASIC_EPS":-0.0682,"DILUTED_EPS":-0.0682,"OPERATE_INCOME":6051956000,"OPERATE_INCOME_YOY":36.7503082101,"GROSS_PROFIT":585852000,"GROSS_PROFIT_YOY":71.618898080664,"HOLDER_PROFIT":-215648000,"HOLDER_PROFIT_YOY":39.3381566955,"GROSS_PROFIT_RATIO":9.680374411182,"EPS_TTM":-0.068595324175,"OPERATE_INCOME_QOQ":16.878750740154,"NET_PROFIT_RATIO":-3.2446865113,"ROE_AVG":-75.106095091154,"GROSS_PROFIT_QOQ":10.697475800067,"ROA":-4.299681294259,"HOLDER_PROFIT_QOQ":4.487131221238,"ROE_YEARLY":-75.106095091154,"ROIC_YEARLY":-4.815478809631,"TOTAL_ASSETS":5601703000,"TOTAL_LIABILITIES":5261707000,"TAX_EBT":-37.425823360696,"OCF_SALES":9.311683693669,"TOTAL_PARENT_EQUITY":140555000,"DEBT_ASSET_RATIO":93.9304886389,"OPERATE_PROFIT":38019000,"PRETAX_PROFIT":-80888000,"NETCASH_OPERATE":563539000,"NETCASH_INVEST":-222065000,"NETCASH_FINANCE":-292406000,"END_CASH":456265000,"DIVI_RATIO":null,"DIVIDEND_RATE":null,"CURRENT_RATIO":0.800144370464,"COMMON_ACS":5000000000,"CURRENTDEBT_DEBT":91.649268953973,"ISSUED_COMMON_SHARES":3323771133,"HK_COMMON_SHARES":3323771133,"PER_SHARES":1000,"TOTAL_MARKET_CAP":272549232.906,"HKSK_MARKET_CAP":272549232.906,"PE_TTM":-2.847921108732,"PB_TTM":0.231831625521,"REPORT_DATE_SQ":"2019-12-31 00:00:00","REPORT_TYPE_SQ":"2019年年报","OPERATE_INCOME_SQ":4425552000,"DPS_HKD":null,"OPERATE_INCOME_QOQ_SQ":9.113690667123,"NET_PROFIT_RATIO_SQ":-8.0070915447,"HOLDER_PROFIT_SQ":-355492000,"HOLDER_PROFIT_QOQ_SQ":-18.763363267052,"ROE_AVG_SQ":-61.855892537106,"PE_TTM_SQ":0.459037340952,"PB_TTM_SQ":0.399603719653,"ROA_SQ":-7.904054404242,"START_DATE":"2020-01-01 00:00:00","FISCAL_YEAR":"12-31","CURRENCY":"HKD","IS_CNY_CODE":0,"DPS_HKD_LY":null,"ORG_TYPE":"一般企业","PREMIUM_INCOME":null,"PREMIUM_INCOME_YOY":null,"NET_INTEREST_INCOME":null,"NET_INTEREST_INCOME_YOY":null,"FEE_COMMISSION_INCOME":null,"FEE_COMMISSION_INCOME_YOY":null,"ACCOUNTS_RECE_TDAYS":3.779185789359,"INVENTORY_TDAYS":13.184090149868,"CURRENT_ASSETS_TDAYS":1.811567746376,"TOTAL_ASSETS_TDAYS":1.206664657538,"PREMIUM_EXPENSE":null,"LOAN_DEPOSIT":null,"LOAN_EQUITY":null,"LOAN_ASSETS":null,"DEPOSIT_EQUITY":null,"DEPOSIT_ASSETS":null,"EQUITY_MULTIPLIER":16.475790891654,"EQUITY_RATIO":37.435217530504},{"SECUCODE":"00757.HK","SECURITY_CODE":"00757","SECURITY_NAME_ABBR":"阳光能源","ORG_CODE":"10124905","STD_REPORT_DATE":"2020-06-30 00:00:00","REPORT_DATE":"2020-06-30 00:00:00","DATE_TYPE_CODE":"002","REPORT_TYPE":"2020年中报","PER_NETCASH_OPERATE":0.041644252861,"PER_OI":0.826924381585,"BPS":0.109569818567,"BASIC_EPS":-0.0171,"DILUTED_EPS":-0.0171,"OPERATE_INCOME":2599661000,"OPERATE_INCOME_YOY":40.7325543312,"GROSS_PROFIT":279135000,"GROSS_PROFIT_YOY":205.847741765827,"HOLDER_PROFIT":-54493000,"HOLDER_PROFIT_YOY":70.4173588265,"GROSS_PROFIT_RATIO":10.737361525214,"EPS_TTM":-0.071817887005,"OPERATE_INCOME_QOQ":17.001856491574,"NET_PROFIT_RATIO":-1.642598785,"ROE_AVG":-13.659464655668,"GROSS_PROFIT_QOQ":55.034156687211,"ROA":-1.10561445315,"HOLDER_PROFIT_QOQ":36.488303534257,"ROE_YEARLY":-27.318929311337,"ROIC_YEARLY":-2.408562057335,"TOTAL_ASSETS":5428325000,"TOTAL_LIABILITIES":4974238000,"TAX_EBT":-17.561875395755,"OCF_SALES":5.036041237684,"TOTAL_PARENT_EQUITY":364185000,"DEBT_ASSET_RATIO":91.6348597403,"OPERATE_PROFIT":29576000,"PRETAX_PROFIT":-36323000,"NETCASH_OPERATE":130920000,"NETCASH_INVEST":-72966000,"NETCASH_FINANCE":-158606000,"END_CASH":298996000,"DIVI_RATIO":null,"DIVIDEND_RATE":null,"CURRENT_RATIO":0.824890837007,"COMMON_ACS":5000000000,"CURRENTDEBT_DEBT":90.031779741942,"ISSUED_COMMON_SHARES":3323771133,"HK_COMMON_SHARES":3323771133,"PER_SHARES":1000,"TOTAL_MARKET_CAP":272549232.906,"HKSK_MARKET_CAP":272549232.906,"PE_TTM":-2.847921108732,"PB_TTM":0.231831625521,"REPORT_DATE_SQ":"2019-06-30 00:00:00","REPORT_TYPE_SQ":"2019年中报","OPERATE_INCOME_SQ":1847235000,"DPS_HKD":null,"OPERATE_INCOME_QOQ_SQ":0.831756351598,"NET_PROFIT_RATIO_SQ":-9.5878975875,"HOLDER_PROFIT_SQ":-184206000,"HOLDER_PROFIT_QOQ_SQ":-34.588717727359,"ROE_AVG_SQ":-29.466854467754,"PE_TTM_SQ":0.459037340952,"PB_TTM_SQ":0.399603719653,"ROA_SQ":-3.907053337813,"START_DATE":"2020-01-01 00:00:00","FISCAL_YEAR":"12-31","CURRENCY":"HKD","IS_CNY_CODE":0,"DPS_HKD_LY":null,"ORG_TYPE":"一般企业","PREMIUM_INCOME":null,"PREMIUM_INCOME_YOY":null,"NET_INTEREST_INCOME":null,"NET_INTEREST_INCOME_YOY":null,"FEE_COMMISSION_INCOME":null,"FEE_COMMISSION_INCOME_YOY":null,"ACCOUNTS_RECE_TDAYS":1.734825388743,"INVENTORY_TDAYS":4.529234264479,"CURRENT_ASSETS_TDAYS":0.797797484922,"TOTAL_ASSETS_TDAYS":0.527448071292,"PREMIUM_EXPENSE":null,"LOAN_DEPOSIT":null,"LOAN_EQUITY":null,"LOAN_ASSETS":null,"DEPOSIT_EQUITY":null,"DEPOSIT_ASSETS":null,"EQUITY_MULTIPLIER":11.954372179718,"EQUITY_RATIO":13.658547166962}],"count":40},"success":true,"message":"ok","code":0}