{"version":"d64258038afe5f96a0fb2995f1d33bad","result":{"pages":6,"data":[{"SECUCODE":"00755.HK","SECURITY_CODE":"00755","SECURITY_NAME_ABBR":"大方广瑞德","ORG_CODE":"10009103","STD_REPORT_DATE":"2024-06-30 00:00:00","REPORT_DATE":"2024-06-30 00:00:00","DATE_TYPE_CODE":"002","REPORT_TYPE":"2024年中报","PER_NETCASH_OPERATE":0.001075083302,"PER_OI":0.006305311122,"BPS":0.029010994403,"BASIC_EPS":-0.033860428,"DILUTED_EPS":-0.033860428,"OPERATE_INCOME":93818940.6,"OPERATE_INCOME_YOY":-25.8071035214,"GROSS_PROFIT":36948024.44,"GROSS_PROFIT_YOY":-45.877981609398,"HOLDER_PROFIT":-504282167.72,"HOLDER_PROFIT_YOY":-195.2695228374,"GROSS_PROFIT_RATIO":39.382265674401,"EPS_TTM":-0.016845122661,"OPERATE_INCOME_QOQ":-9.848133137413,"NET_PROFIT_RATIO":-540.455275062,"ROE_AVG":-69.269561042086,"GROSS_PROFIT_QOQ":-13.419972883526,"ROA":-11.964087103077,"HOLDER_PROFIT_QOQ":-409.016802302913,"ROE_YEARLY":-138.539122084171,"ROIC_YEARLY":-24.88721111096,"TOTAL_ASSETS":3966141295.32,"TOTAL_LIABILITIES":3479122469.8,"TAX_EBT":7.991309360743,"OCF_SALES":17.050440196508,"TOTAL_PARENT_EQUITY":431664783.52,"DEBT_ASSET_RATIO":87.7205881169,"OPERATE_PROFIT":-474679391.92,"PRETAX_PROFIT":-568361430.52,"NETCASH_OPERATE":15996542.36,"NETCASH_INVEST":-134163.96,"NETCASH_FINANCE":-24885132.88,"END_CASH":104510986.8,"DIVI_RATIO":null,"DIVIDEND_RATE":null,"CURRENT_RATIO":0.998747695916,"COMMON_ACS":20000000000,"CURRENTDEBT_DEBT":99.523135584217,"ISSUED_COMMON_SHARES":14879351515,"HK_COMMON_SHARES":14879351515,"PER_SHARES":5000,"TOTAL_MARKET_CAP":148793515.15,"HKSK_MARKET_CAP":148793515.15,"PE_TTM":-0.53930624778,"PB_TTM":0.314597971833,"REPORT_DATE_SQ":"2023-06-30 00:00:00","REPORT_TYPE_SQ":"2023年中报","OPERATE_INCOME_SQ":127741250.98,"DPS_HKD":null,"OPERATE_INCOME_QOQ_SQ":3.603190786459,"NET_PROFIT_RATIO_SQ":-96.4353153671,"HOLDER_PROFIT_SQ":-172527351.46,"HOLDER_PROFIT_QOQ_SQ":8.881252378262,"ROE_AVG_SQ":-19.952072887595,"PE_TTM_SQ":0.051701461169,"PB_TTM_SQ":0.183808128053,"ROA_SQ":-2.958698512279,"START_DATE":"2024-01-01 00:00:00","FISCAL_YEAR":"12-31","CURRENCY":"HKD","IS_CNY_CODE":0,"DPS_HKD_LY":null,"ORG_TYPE":"一般企业","PREMIUM_INCOME":null,"PREMIUM_INCOME_YOY":null,"NET_INTEREST_INCOME":null,"NET_INTEREST_INCOME_YOY":null,"FEE_COMMISSION_INCOME":null,"FEE_COMMISSION_INCOME_YOY":null,"ACCOUNTS_RECE_TDAYS":0.526816143498,"INVENTORY_TDAYS":0.43145183626,"CURRENT_ASSETS_TDAYS":0.042402953666,"TOTAL_ASSETS_TDAYS":0.022258530028,"PREMIUM_EXPENSE":null,"LOAN_DEPOSIT":null,"LOAN_EQUITY":null,"LOAN_ASSETS":null,"DEPOSIT_EQUITY":null,"DEPOSIT_ASSETS":null,"EQUITY_MULTIPLIER":8.143712496331,"EQUITY_RATIO":8.05977833408},{"SECUCODE":"00755.HK","SECURITY_CODE":"00755","SECURITY_NAME_ABBR":"大方广瑞德","ORG_CODE":"10009103","STD_REPORT_DATE":"2023-12-31 00:00:00","REPORT_DATE":"2023-12-31 00:00:00","DATE_TYPE_CODE":"001","REPORT_TYPE":"2023年年报","PER_NETCASH_OPERATE":0.007164261474,"PER_OI":0.023149814134,"BPS":0.06835541422,"BASIC_EPS":0.00543732,"DILUTED_EPS":0.00543732,"OPERATE_INCOME":344454222,"OPERATE_INCOME_YOY":-4.1654375336,"GROSS_PROFIT":233383367.7,"GROSS_PROFIT_YOY":59.331472051911,"HOLDER_PROFIT":81110314.88,"HOLDER_PROFIT_YOY":-96.8961139349,"GROSS_PROFIT_RATIO":67.7545382794,"EPS_TTM":0.00545119959,"OPERATE_INCOME_QOQ":-6.157422574879,"NET_PROFIT_RATIO":6.9050249934,"ROE_AVG":8.493262866125,"GROSS_PROFIT_QOQ":40.041507871986,"ROA":1.567923848904,"HOLDER_PROFIT_QOQ":-97.1079649134,"ROE_YEARLY":8.493262866125,"ROIC_YEARLY":1.655616153948,"TOTAL_ASSETS":4432195149.2,"TOTAL_LIABILITIES":3300693388.3,"TAX_EBT":150.542086310154,"OCF_SALES":30.947382267824,"TOTAL_PARENT_EQUITY":1017084236.14,"DEBT_ASSET_RATIO":74.4708497074,"OPERATE_PROFIT":170366641.34,"PRETAX_PROFIT":-47059098.38,"NETCASH_OPERATE":106599564.82,"NETCASH_INVEST":18748785.58,"NETCASH_FINANCE":-165573643.76,"END_CASH":111161476.3,"DIVI_RATIO":null,"DIVIDEND_RATE":null,"CURRENT_RATIO":0.369712476832,"COMMON_ACS":20000000000,"CURRENTDEBT_DEBT":78.674753209885,"ISSUED_COMMON_SHARES":14879351515,"HK_COMMON_SHARES":14879351515,"PER_SHARES":5000,"TOTAL_MARKET_CAP":148793515.15,"HKSK_MARKET_CAP":148793515.15,"PE_TTM":-0.53930624778,"PB_TTM":0.314597971833,"REPORT_DATE_SQ":"2022-12-31 00:00:00","REPORT_TYPE_SQ":"2022年年报","OPERATE_INCOME_SQ":354289640.67,"DPS_HKD":null,"OPERATE_INCOME_QOQ_SQ":-14.483739173911,"NET_PROFIT_RATIO_SQ":725.7149772705,"HOLDER_PROFIT_SQ":2575843197.97,"HOLDER_PROFIT_QOQ_SQ":242.359732501847,"ROE_AVG_SQ":-558.094133995498,"PE_TTM_SQ":0.051701461169,"PB_TTM_SQ":0.183808128053,"ROA_SQ":28.744750559297,"START_DATE":"2023-01-01 00:00:00","FISCAL_YEAR":"12-31","CURRENCY":"HKD","IS_CNY_CODE":0,"DPS_HKD_LY":null,"ORG_TYPE":"一般企业","PREMIUM_INCOME":null,"PREMIUM_INCOME_YOY":null,"NET_INTEREST_INCOME":null,"NET_INTEREST_INCOME_YOY":null,"FEE_COMMISSION_INCOME":null,"FEE_COMMISSION_INCOME_YOY":null,"ACCOUNTS_RECE_TDAYS":1.130799026579,"INVENTORY_TDAYS":0.650527975118,"CURRENT_ASSETS_TDAYS":0.237361558606,"TOTAL_ASSETS_TDAYS":0.066585611254,"PREMIUM_EXPENSE":null,"LOAN_DEPOSIT":null,"LOAN_EQUITY":null,"LOAN_ASSETS":null,"DEPOSIT_EQUITY":null,"DEPOSIT_ASSETS":null,"EQUITY_MULTIPLIER":3.917090810068,"EQUITY_RATIO":3.245250758017},{"SECUCODE":"00755.HK","SECURITY_CODE":"00755","SECURITY_NAME_ABBR":"大方广瑞德","ORG_CODE":"10009103","STD_REPORT_DATE":"2023-06-30 00:00:00","REPORT_DATE":"2023-06-30 00:00:00","DATE_TYPE_CODE":"002","REPORT_TYPE":"2023年中报","PER_NETCASH_OPERATE":0.001414445881,"PER_OI":0.008585135639,"BPS":0.055175906025,"BASIC_EPS":-0.011616948,"DILUTED_EPS":-0.011616948,"OPERATE_INCOME":127741250.98,"OPERATE_INCOME_YOY":-0.1501201474,"GROSS_PROFIT":68268009.1,"GROSS_PROFIT_YOY":-12.904899681058,"HOLDER_PROFIT":-172527351.46,"HOLDER_PROFIT_YOY":60.121769818,"GROSS_PROFIT_RATIO":54.853143408387,"EPS_TTM":0.188490091818,"OPERATE_INCOME_QOQ":3.603190786459,"NET_PROFIT_RATIO":-96.4353153671,"ROE_AVG":-19.952072887595,"GROSS_PROFIT_QOQ":13.774461924216,"ROA":-2.958698512279,"HOLDER_PROFIT_QOQ":8.881252378262,"ROE_YEARLY":-39.90414577519,"ROIC_YEARLY":-6.231029278449,"TOTAL_ASSETS":5645520488.86,"TOTAL_LIABILITIES":4645591689.76,"TAX_EBT":-0.000491156723,"OCF_SALES":11.713121651854,"TOTAL_PARENT_EQUITY":820981700.9,"DEBT_ASSET_RATIO":82.2881025572,"OPERATE_PROFIT":119373360.5,"PRETAX_PROFIT":-187716049.98,"NETCASH_OPERATE":21046037.46,"NETCASH_INVEST":44805462.06,"NETCASH_FINANCE":-129316914.8,"END_CASH":80035239.84,"DIVI_RATIO":null,"DIVIDEND_RATE":null,"CURRENT_RATIO":0.480736038525,"COMMON_ACS":20000000000,"CURRENTDEBT_DEBT":80.74234050289,"ISSUED_COMMON_SHARES":14879351515,"HK_COMMON_SHARES":14879351515,"PER_SHARES":5000,"TOTAL_MARKET_CAP":148793515.15,"HKSK_MARKET_CAP":148793515.15,"PE_TTM":-0.53930624778,"PB_TTM":0.314597971833,"REPORT_DATE_SQ":"2022-06-30 00:00:00","REPORT_TYPE_SQ":"2022年中报","OPERATE_INCOME_SQ":166913418.63,"DPS_HKD":null,"OPERATE_INCOME_QOQ_SQ":-31.615958734849,"NET_PROFIT_RATIO_SQ":-240.430993406,"HOLDER_PROFIT_SQ":-401294486.74,"HOLDER_PROFIT_QOQ_SQ":-6.888822444021,"ROE_AVG_SQ":21.335861375965,"PE_TTM_SQ":0.051701461169,"PB_TTM_SQ":0.183808128053,"ROA_SQ":-3.521313546322,"START_DATE":"2023-01-01 00:00:00","FISCAL_YEAR":"12-31","CURRENCY":"HKD","IS_CNY_CODE":0,"DPS_HKD_LY":null,"ORG_TYPE":"一般企业","PREMIUM_INCOME":null,"PREMIUM_INCOME_YOY":null,"NET_INTEREST_INCOME":null,"NET_INTEREST_INCOME_YOY":null,"FEE_COMMISSION_INCOME":null,"FEE_COMMISSION_INCOME_YOY":null,"ACCOUNTS_RECE_TDAYS":null,"INVENTORY_TDAYS":0.459145573006,"CURRENT_ASSETS_TDAYS":0.09508633123,"TOTAL_ASSETS_TDAYS":0.030813458286,"PREMIUM_EXPENSE":null,"LOAN_DEPOSIT":null,"LOAN_EQUITY":null,"LOAN_ASSETS":null,"DEPOSIT_EQUITY":null,"DEPOSIT_ASSETS":null,"EQUITY_MULTIPLIER":5.645922483627,"EQUITY_RATIO":5.658581287095},{"SECUCODE":"00755.HK","SECURITY_CODE":"00755","SECURITY_NAME_ABBR":"大方广瑞德","ORG_CODE":"10009103","STD_REPORT_DATE":"2022-12-31 00:00:00","REPORT_DATE":"2022-12-31 00:00:00","DATE_TYPE_CODE":"001","REPORT_TYPE":"2022年年报","PER_NETCASH_OPERATE":-0.016738556202,"PER_OI":0.023810825379,"BPS":0.059152299938,"BASIC_EPS":0.173115726,"DILUTED_EPS":0.173115726,"OPERATE_INCOME":354289640.67,"OPERATE_INCOME_YOY":-46.4743931454,"GROSS_PROFIT":146476628.06,"GROSS_PROFIT_YOY":194.658960561439,"HOLDER_PROFIT":2575843197.97,"HOLDER_PROFIT_YOY":239.2764183937,"GROSS_PROFIT_RATIO":41.34375133944,"EPS_TTM":0.173115286333,"OPERATE_INCOME_QOQ":-14.483739173911,"NET_PROFIT_RATIO":725.7149772705,"ROE_AVG":-558.094133995498,"GROSS_PROFIT_QOQ":174.024480124762,"ROA":28.744750559297,"HOLDER_PROFIT_QOQ":242.359732501847,"ROE_YEARLY":-558.094133995498,"ROIC_YEARLY":30.090782802426,"TOTAL_ASSETS":5829498778.67,"TOTAL_LIABILITIES":4767163138.85,"TAX_EBT":-3.034765675339,"OCF_SALES":-70.298093141816,"TOTAL_PARENT_EQUITY":880147863.7,"DEBT_ASSET_RATIO":81.7765526651,"OPERATE_PROFIT":3366977599.44,"PRETAX_PROFIT":2495403341.2,"NETCASH_OPERATE":-249058861.59,"NETCASH_INVEST":-26268390.89,"NETCASH_FINANCE":148443608.6,"END_CASH":135628757.18,"DIVI_RATIO":null,"DIVIDEND_RATE":null,"CURRENT_RATIO":0.447845224327,"COMMON_ACS":20000000000,"CURRENTDEBT_DEBT":89.675561272721,"ISSUED_COMMON_SHARES":14879351515,"HK_COMMON_SHARES":14879351515,"PER_SHARES":5000,"TOTAL_MARKET_CAP":148793515.15,"HKSK_MARKET_CAP":148793515.15,"PE_TTM":-0.53930624778,"PB_TTM":0.314597971833,"REPORT_DATE_SQ":"2021-12-31 00:00:00","REPORT_TYPE_SQ":"2021年年报","OPERATE_INCOME_SQ":605835876.8,"DPS_HKD":null,"OPERATE_INCOME_QOQ_SQ":-84.182913864142,"NET_PROFIT_RATIO_SQ":-280.9645975063,"HOLDER_PROFIT_SQ":-1692777844.8,"HOLDER_PROFIT_QOQ_SQ":-104.98393870654,"ROE_AVG_SQ":212.631750834178,"PE_TTM_SQ":0.051701461169,"PB_TTM_SQ":0.183808128053,"ROA_SQ":-14.658180535322,"START_DATE":"2022-01-01 00:00:00","FISCAL_YEAR":"12-31","CURRENCY":"HKD","IS_CNY_CODE":0,"DPS_HKD_LY":null,"ORG_TYPE":"一般企业","PREMIUM_INCOME":null,"PREMIUM_INCOME_YOY":null,"NET_INTEREST_INCOME":null,"NET_INTEREST_INCOME_YOY":null,"FEE_COMMISSION_INCOME":null,"FEE_COMMISSION_INCOME_YOY":null,"ACCOUNTS_RECE_TDAYS":1.118190352947,"INVENTORY_TDAYS":0.082136945279,"CURRENT_ASSETS_TDAYS":0.091206679121,"TOTAL_ASSETS_TDAYS":0.039536441329,"PREMIUM_EXPENSE":null,"LOAN_DEPOSIT":null,"LOAN_EQUITY":null,"LOAN_ASSETS":null,"DEPOSIT_EQUITY":null,"DEPOSIT_ASSETS":null,"EQUITY_MULTIPLIER":5.487435947889,"EQUITY_RATIO":5.416320751845},{"SECUCODE":"00755.HK","SECURITY_CODE":"00755","SECURITY_NAME_ABBR":"大方广瑞德","ORG_CODE":"10009103","STD_REPORT_DATE":"2022-06-30 00:00:00","REPORT_DATE":"2022-06-30 00:00:00","DATE_TYPE_CODE":"002","REPORT_TYPE":"2022年中报","PER_NETCASH_OPERATE":-0.019207094092,"PER_OI":0.011217788521,"BPS":-0.136788774204,"BASIC_EPS":-0.026938485,"DILUTED_EPS":-0.026938485,"OPERATE_INCOME":166913418.63,"OPERATE_INCOME_YOY":-54.6935535164,"GROSS_PROFIT":78383294.64,"GROSS_PROFIT_YOY":-35.496447693616,"HOLDER_PROFIT":-401294486.74,"HOLDER_PROFIT_YOY":-37.1530954336,"GROSS_PROFIT_RATIO":46.960451282682,"EPS_TTM":-0.12160411044,"OPERATE_INCOME_QOQ":-31.615958734849,"NET_PROFIT_RATIO":-240.430993406,"ROE_AVG":21.335861375965,"GROSS_PROFIT_QOQ":-27.875211554205,"ROA":-3.521313546322,"HOLDER_PROFIT_QOQ":-6.888822444021,"ROE_YEARLY":42.671722751929,"ROIC_YEARLY":-7.297908896048,"TOTAL_ASSETS":11215144670.66,"TOTAL_LIABILITIES":13065427768.33,"TAX_EBT":5.294450050454,"OCF_SALES":-171.219969566086,"TOTAL_PARENT_EQUITY":-2035328254.68,"DEBT_ASSET_RATIO":116.498076057,"OPERATE_PROFIT":-31775439.64,"PRETAX_PROFIT":-423746645,"NETCASH_OPERATE":-285789104.58,"NETCASH_INVEST":-4881424.52,"NETCASH_FINANCE":160037691.03,"END_CASH":160993793.45,"DIVI_RATIO":null,"DIVIDEND_RATE":null,"CURRENT_RATIO":0.580803951269,"COMMON_ACS":20000000000,"CURRENTDEBT_DEBT":95.438003634946,"ISSUED_COMMON_SHARES":14879351515,"HK_COMMON_SHARES":14879351515,"PER_SHARES":5000,"TOTAL_MARKET_CAP":148793515.15,"HKSK_MARKET_CAP":148793515.15,"PE_TTM":-0.53930624778,"PB_TTM":0.314597971833,"REPORT_DATE_SQ":"2021-06-30 00:00:00","REPORT_TYPE_SQ":"2021年中报","OPERATE_INCOME_SQ":358454239.44,"DPS_HKD":null,"OPERATE_INCOME_QOQ_SQ":-1.038384010963,"NET_PROFIT_RATIO_SQ":-82.1046302981,"HOLDER_PROFIT_SQ":-284682026.64,"HOLDER_PROFIT_QOQ_SQ":14.736314457256,"ROE_AVG_SQ":477.336049277647,"PE_TTM_SQ":0.051701461169,"PB_TTM_SQ":0.183808128053,"ROA_SQ":-2.32901141776,"START_DATE":"2022-01-01 00:00:00","FISCAL_YEAR":"12-31","CURRENCY":"HKD","IS_CNY_CODE":0,"DPS_HKD_LY":null,"ORG_TYPE":"一般企业","PREMIUM_INCOME":null,"PREMIUM_INCOME_YOY":null,"NET_INTEREST_INCOME":null,"NET_INTEREST_INCOME_YOY":null,"FEE_COMMISSION_INCOME":null,"FEE_COMMISSION_INCOME_YOY":null,"ACCOUNTS_RECE_TDAYS":null,"INVENTORY_TDAYS":0.036198704209,"CURRENT_ASSETS_TDAYS":0.02598459539,"TOTAL_ASSETS_TDAYS":0.014646462922,"PREMIUM_EXPENSE":null,"LOAN_DEPOSIT":null,"LOAN_EQUITY":null,"LOAN_ASSETS":null,"DEPOSIT_EQUITY":null,"DEPOSIT_ASSETS":null,"EQUITY_MULTIPLIER":-6.061312825478,"EQUITY_RATIO":-6.419322160093},{"SECUCODE":"00755.HK","SECURITY_CODE":"00755","SECURITY_NAME_ABBR":"大方广瑞德","ORG_CODE":"10009103","STD_REPORT_DATE":"2021-12-31 00:00:00","REPORT_DATE":"2021-12-31 00:00:00","DATE_TYPE_CODE":"001","REPORT_TYPE":"2021年年报","PER_NETCASH_OPERATE":0.000167868069,"PER_OI":0.040716551134,"BPS":-0.11092414257,"BASIC_EPS":-0.11372816,"DILUTED_EPS":-0.11372816,"OPERATE_INCOME":605835876.8,"OPERATE_INCOME_YOY":-83.8869133319,"GROSS_PROFIT":-154741428.8,"GROSS_PROFIT_YOY":-133.625227504844,"HOLDER_PROFIT":-1692777844.8,"HOLDER_PROFIT_YOY":-79.9158478692,"GROSS_PROFIT_RATIO":-25.541806737716,"EPS_TTM":-0.113766910009,"OPERATE_INCOME_QOQ":-84.182913864142,"NET_PROFIT_RATIO":-280.9645975063,"ROE_AVG":212.631750834178,"GROSS_PROFIT_QOQ":-131.818319899674,"ROA":-14.658180535322,"HOLDER_PROFIT_QOQ":-104.98393870654,"ROE_YEARLY":212.631750834178,"ROIC_YEARLY":-15.199468787991,"TOTAL_ASSETS":11068296792,"TOTAL_LIABILITIES":12533710705.6,"TAX_EBT":3.748305597216,"OCF_SALES":0.412284596481,"TOTAL_PARENT_EQUITY":-1650479308.8,"DEBT_ASSET_RATIO":113.23974177,"OPERATE_PROFIT":-949626865.6,"PRETAX_PROFIT":-1768472070.4,"NETCASH_OPERATE":2497768,"NETCASH_INVEST":71015100.8,"NETCASH_FINANCE":-26554012.8,"END_CASH":257829342.4,"DIVI_RATIO":null,"DIVIDEND_RATE":null,"CURRENT_RATIO":0.467427908026,"COMMON_ACS":20000000000,"CURRENTDEBT_DEBT":91.463338821743,"ISSUED_COMMON_SHARES":14879351515,"HK_COMMON_SHARES":14879351515,"PER_SHARES":5000,"TOTAL_MARKET_CAP":148793515.15,"HKSK_MARKET_CAP":148793515.15,"PE_TTM":-0.53930624778,"PB_TTM":0.314597971833,"REPORT_DATE_SQ":"2020-12-31 00:00:00","REPORT_TYPE_SQ":"2020年年报","OPERATE_INCOME_SQ":3870452392.92,"DPS_HKD":null,"OPERATE_INCOME_QOQ_SQ":428.825505544639,"NET_PROFIT_RATIO_SQ":-25.1485255734,"HOLDER_PROFIT_SQ":-968536587.72,"HOLDER_PROFIT_QOQ_SQ":-0.749162858282,"ROE_AVG_SQ":-136.941764469633,"PE_TTM_SQ":0.051701461169,"PB_TTM_SQ":0.183808128053,"ROA_SQ":-7.003005861899,"START_DATE":"2021-01-01 00:00:00","FISCAL_YEAR":"12-31","CURRENCY":"HKD","IS_CNY_CODE":0,"DPS_HKD_LY":null,"ORG_TYPE":"一般企业","PREMIUM_INCOME":null,"PREMIUM_INCOME_YOY":null,"NET_INTEREST_INCOME":null,"NET_INTEREST_INCOME_YOY":null,"FEE_COMMISSION_INCOME":null,"FEE_COMMISSION_INCOME_YOY":null,"ACCOUNTS_RECE_TDAYS":null,"INVENTORY_TDAYS":0.163681935631,"CURRENT_ASSETS_TDAYS":0.109467030132,"TOTAL_ASSETS_TDAYS":0.052460821626,"PREMIUM_EXPENSE":null,"LOAN_DEPOSIT":null,"LOAN_EQUITY":null,"LOAN_ASSETS":null,"DEPOSIT_EQUITY":null,"DEPOSIT_ASSETS":null,"EQUITY_MULTIPLIER":-7.553017402997,"EQUITY_RATIO":-7.593982329117},{"SECUCODE":"00755.HK","SECURITY_CODE":"00755","SECURITY_NAME_ABBR":"大方广瑞德","ORG_CODE":"10009103","STD_REPORT_DATE":"2021-06-30 00:00:00","REPORT_DATE":"2021-06-30 00:00:00","DATE_TYPE_CODE":"002","REPORT_TYPE":"2021年中报","PER_NETCASH_OPERATE":-0.006642670059,"PER_OI":0.024090716526,"BPS":-0.012001543539,"BASIC_EPS":-0.01913784,"DILUTED_EPS":-0.01913784,"OPERATE_INCOME":358454239.44,"OPERATE_INCOME_YOY":-1.2895804739,"GROSS_PROFIT":121517795.28,"GROSS_PROFIT_YOY":27.398316698359,"HOLDER_PROFIT":-284682026.64,"HOLDER_PROFIT_YOY":26.8807529637,"GROSS_PROFIT_RATIO":33.900504418596,"EPS_TTM":-0.055500401996,"OPERATE_INCOME_QOQ":-1.038384010963,"NET_PROFIT_RATIO":-82.1046302981,"ROE_AVG":477.336049277647,"GROSS_PROFIT_QOQ":5.678827828957,"ROA":-2.32901141776,"HOLDER_PROFIT_QOQ":14.736314457256,"ROE_YEARLY":954.672098555294,"ROIC_YEARLY":-4.805539616472,"TOTAL_ASSETS":12205169109.12,"TOTAL_LIABILITIES":12198305281.2,"TAX_EBT":-1.777138335372,"OCF_SALES":-27.573567815633,"TOTAL_PARENT_EQUITY":-178575185.04,"DEBT_ASSET_RATIO":99.9437629429,"OPERATE_PROFIT":72516604.08,"PRETAX_PROFIT":-289168602,"NETCASH_OPERATE":-98838622.8,"NETCASH_INVEST":79127479.68,"NETCASH_FINANCE":-1615899.36,"END_CASH":178648408.08,"DIVI_RATIO":null,"DIVIDEND_RATE":null,"CURRENT_RATIO":0.628326726852,"COMMON_ACS":20000000000,"CURRENTDEBT_DEBT":76.409376115918,"ISSUED_COMMON_SHARES":14879351515,"HK_COMMON_SHARES":14879351515,"PER_SHARES":5000,"TOTAL_MARKET_CAP":148793515.15,"HKSK_MARKET_CAP":148793515.15,"PE_TTM":-0.53930624778,"PB_TTM":0.314597971833,"REPORT_DATE_SQ":"2020-06-30 00:00:00","REPORT_TYPE_SQ":"2020年中报","OPERATE_INCOME_SQ":398644398.24,"DPS_HKD":null,"OPERATE_INCOME_QOQ_SQ":-39.414681425354,"NET_PROFIT_RATIO_SQ":-107.794537843,"HOLDER_PROFIT_SQ":-427408623.84,"HOLDER_PROFIT_QOQ_SQ":-1.432442446705,"ROE_AVG_SQ":-34.409825432521,"PE_TTM_SQ":0.051701461169,"PB_TTM_SQ":0.183808128053,"ROA_SQ":-2.615600727286,"START_DATE":"2021-01-01 00:00:00","FISCAL_YEAR":"12-31","CURRENCY":"HKD","IS_CNY_CODE":0,"DPS_HKD_LY":null,"ORG_TYPE":"一般企业","PREMIUM_INCOME":null,"PREMIUM_INCOME_YOY":null,"NET_INTEREST_INCOME":null,"NET_INTEREST_INCOME_YOY":null,"FEE_COMMISSION_INCOME":null,"FEE_COMMISSION_INCOME_YOY":null,"ACCOUNTS_RECE_TDAYS":1.088575832617,"INVENTORY_TDAYS":0.048709681475,"CURRENT_ASSETS_TDAYS":0.061442820094,"TOTAL_ASSETS_TDAYS":0.029325490838,"PREMIUM_EXPENSE":null,"LOAN_DEPOSIT":null,"LOAN_EQUITY":null,"LOAN_ASSETS":null,"DEPOSIT_EQUITY":null,"DEPOSIT_ASSETS":null,"EQUITY_MULTIPLIER":1778.18693147813,"EQUITY_RATIO":-68.309072609767},{"SECUCODE":"00755.HK","SECURITY_CODE":"00755","SECURITY_NAME_ABBR":"大方广瑞德","ORG_CODE":"10009103","STD_REPORT_DATE":"2020-12-31 00:00:00","REPORT_DATE":"2020-12-31 00:00:00","DATE_TYPE_CODE":"001","REPORT_TYPE":"2020年年报","PER_NETCASH_OPERATE":0.018178858769,"PER_OI":0.2601223843,"BPS":0.004030884654,"BASIC_EPS":-0.065058772,"DILUTED_EPS":-0.065058772,"OPERATE_INCOME":3870452392.92,"OPERATE_INCOME_YOY":241.000317368,"GROSS_PROFIT":460194444.12,"GROSS_PROFIT_YOY":61.553728874206,"HOLDER_PROFIT":-968536587.72,"HOLDER_PROFIT_YOY":-8.7660416663,"GROSS_PROFIT_RATIO":11.889939402479,"EPS_TTM":-0.065092661246,"OPERATE_INCOME_QOQ":428.825505544639,"NET_PROFIT_RATIO":-25.1485255734,"ROE_AVG":-136.941764469633,"GROSS_PROFIT_QOQ":82.219913094525,"ROA":-7.003005861899,"HOLDER_PROFIT_QOQ":-0.749162858282,"ROE_YEARLY":-136.941764469633,"ROIC_YEARLY":-7.230858847691,"TOTAL_ASSETS":12382073859.24,"TOTAL_LIABILITIES":12125552928.56,"TAX_EBT":-42.85594291227,"OCF_SALES":6.988579171127,"TOTAL_PARENT_EQUITY":59976949.68,"DEBT_ASSET_RATIO":97.9282878329,"OPERATE_PROFIT":-8127717.48,"PRETAX_PROFIT":-681358920.04,"NETCASH_OPERATE":268648121.44,"NETCASH_INVEST":-31707103.72,"NETCASH_FINANCE":-490283074.12,"END_CASH":194250512,"DIVI_RATIO":null,"DIVIDEND_RATE":null,"CURRENT_RATIO":0.677077143122,"COMMON_ACS":20000000000,"CURRENTDEBT_DEBT":71.59927352254,"ISSUED_COMMON_SHARES":14879351515,"HK_COMMON_SHARES":14879351515,"PER_SHARES":5000,"TOTAL_MARKET_CAP":148793515.15,"HKSK_MARKET_CAP":148793515.15,"PE_TTM":-0.53930624778,"PB_TTM":0.314597971833,"REPORT_DATE_SQ":"2019-12-31 00:00:00","REPORT_TYPE_SQ":"2019年年报","OPERATE_INCOME_SQ":1208041741.76,"DPS_HKD":null,"OPERATE_INCOME_QOQ_SQ":-71.805519938652,"NET_PROFIT_RATIO_SQ":-78.7041595976,"HOLDER_PROFIT_SQ":-947758530.28,"HOLDER_PROFIT_QOQ_SQ":-7.565810257634,"ROE_AVG_SQ":-48.945636057891,"PE_TTM_SQ":0.051701461169,"PB_TTM_SQ":0.183808128053,"ROA_SQ":-5.778196647297,"START_DATE":"2020-01-01 00:00:00","FISCAL_YEAR":"12-31","CURRENCY":"HKD","IS_CNY_CODE":0,"DPS_HKD_LY":null,"ORG_TYPE":"一般企业","PREMIUM_INCOME":null,"PREMIUM_INCOME_YOY":null,"NET_INTEREST_INCOME":null,"NET_INTEREST_INCOME_YOY":null,"FEE_COMMISSION_INCOME":null,"FEE_COMMISSION_INCOME_YOY":null,"ACCOUNTS_RECE_TDAYS":13.59973561755,"INVENTORY_TDAYS":0.479976829881,"CURRENT_ASSETS_TDAYS":0.458791634987,"TOTAL_ASSETS_TDAYS":0.279853142767,"PREMIUM_EXPENSE":null,"LOAN_DEPOSIT":null,"LOAN_EQUITY":null,"LOAN_ASSETS":null,"DEPOSIT_EQUITY":null,"DEPOSIT_ASSETS":null,"EQUITY_MULTIPLIER":48.269253609675,"EQUITY_RATIO":202.170216945918},{"SECUCODE":"00755.HK","SECURITY_CODE":"00755","SECURITY_NAME_ABBR":"大方广瑞德","ORG_CODE":"10009103","STD_REPORT_DATE":"2020-06-30 00:00:00","REPORT_DATE":"2020-06-30 00:00:00","DATE_TYPE_CODE":"002","REPORT_TYPE":"2020年中报","PER_NETCASH_OPERATE":0.010915162887,"PER_OI":0.026791785774,"BPS":0.068156337062,"BASIC_EPS":-0.028682016,"DILUTED_EPS":-0.028682016,"OPERATE_INCOME":398644398.24,"OPERATE_INCOME_YOY":-56.1149523764,"GROSS_PROFIT":95384145.12,"GROSS_PROFIT_YOY":-25.300554181254,"HOLDER_PROFIT":-427408623.84,"HOLDER_PROFIT_YOY":0.5388503675,"GROSS_PROFIT_RATIO":23.927125413305,"EPS_TTM":-0.064608637331,"OPERATE_INCOME_QOQ":-39.414681425354,"NET_PROFIT_RATIO":-107.794537843,"ROE_AVG":-34.409825432521,"GROSS_PROFIT_QOQ":-11.341342375462,"ROA":-2.615600727286,"HOLDER_PROFIT_QOQ":-1.432442446705,"ROE_YEARLY":-68.819650865042,"ROIC_YEARLY":-5.392561373302,"TOTAL_ASSETS":16099560861.12,"TOTAL_LIABILITIES":15034035841.44,"TAX_EBT":1.924656534701,"OCF_SALES":40.740706794586,"TOTAL_PARENT_EQUITY":1014122097.12,"DEBT_ASSET_RATIO":93.3816516558,"OPERATE_PROFIT":-127761939.36,"PRETAX_PROFIT":-438149764.8,"NETCASH_OPERATE":162410545.44,"NETCASH_INVEST":2701955.52,"NETCASH_FINANCE":-210492200.16,"END_CASH":404672188.8,"DIVI_RATIO":null,"DIVIDEND_RATE":null,"CURRENT_RATIO":0.936939154309,"COMMON_ACS":20000000000,"CURRENTDEBT_DEBT":83.190319819286,"ISSUED_COMMON_SHARES":14879351515,"HK_COMMON_SHARES":14879351515,"PER_SHARES":5000,"TOTAL_MARKET_CAP":148793515.15,"HKSK_MARKET_CAP":148793515.15,"PE_TTM":-0.53930624778,"PB_TTM":0.314597971833,"REPORT_DATE_SQ":"2019-06-30 00:00:00","REPORT_TYPE_SQ":"2019年中报","OPERATE_INCOME_SQ":874790202.24,"DPS_HKD":null,"OPERATE_INCOME_QOQ_SQ":-31.817631981448,"NET_PROFIT_RATIO_SQ":-53.1781944847,"HOLDER_PROFIT_SQ":-413832528.36,"HOLDER_PROFIT_QOQ_SQ":-11.055210554981,"ROE_AVG_SQ":-18.992978049187,"PE_TTM_SQ":0.051701461169,"PB_TTM_SQ":0.183808128053,"ROA_SQ":-2.567628761987,"START_DATE":"2020-01-01 00:00:00","FISCAL_YEAR":"12-31","CURRENCY":"HKD","IS_CNY_CODE":0,"DPS_HKD_LY":null,"ORG_TYPE":"一般企业","PREMIUM_INCOME":null,"PREMIUM_INCOME_YOY":null,"NET_INTEREST_INCOME":null,"NET_INTEREST_INCOME_YOY":null,"FEE_COMMISSION_INCOME":null,"FEE_COMMISSION_INCOME_YOY":null,"ACCOUNTS_RECE_TDAYS":1.271945394083,"INVENTORY_TDAYS":0.029753545062,"CURRENT_ASSETS_TDAYS":0.033711720953,"TOTAL_ASSETS_TDAYS":0.024395730919,"PREMIUM_EXPENSE":null,"LOAN_DEPOSIT":null,"LOAN_EQUITY":null,"LOAN_ASSETS":null,"DEPOSIT_EQUITY":null,"DEPOSIT_ASSETS":null,"EQUITY_MULTIPLIER":15.109509925937,"EQUITY_RATIO":14.824680266937}],"count":48},"success":true,"message":"ok","code":0}