{"version":"4289f15b4bdf32854e1bfc33885a2bbf","result":{"pages":7,"data":[{"SECUCODE":"00759.HK","SECURITY_CODE":"00759","SECURITY_NAME_ABBR":"CEC INT\u0027L HOLD","ORG_CODE":"10009105","STD_REPORT_DATE":"2024-06-30 00:00:00","REPORT_DATE":"2024-10-31 00:00:00","DATE_TYPE_CODE":"002","REPORT_TYPE":"2024年中报","PER_NETCASH_OPERATE":0.105179088379,"PER_OI":0.966545650425,"BPS":0.635261933339,"BASIC_EPS":-0.03941939,"DILUTED_EPS":-0.03941939,"OPERATE_INCOME":643903818.16,"OPERATE_INCOME_YOY":-6.4658358047,"GROSS_PROFIT":252659038.57,"GROSS_PROFIT_YOY":-8.954838237478,"HOLDER_PROFIT":-26262481.04,"HOLDER_PROFIT_YOY":-8781.2121212121,"GROSS_PROFIT_RATIO":39.238630280527,"EPS_TTM":-0.040635185417,"OPERATE_INCOME_QOQ":-2.554648540524,"NET_PROFIT_RATIO":-4.078634153,"ROE_AVG":-6.014456698137,"GROSS_PROFIT_QOQ":-3.971040813239,"ROA":-3.242743359977,"HOLDER_PROFIT_QOQ":-306.269396160407,"ROE_YEARLY":-12.028913396274,"ROIC_YEARLY":-6.983339975892,"TOTAL_ASSETS":807266937.62,"TOTAL_LIABILITIES":384061283.31,"TAX_EBT":10.424613845288,"OCF_SALES":10.881957653276,"TOTAL_PARENT_EQUITY":423205654.31,"DEBT_ASSET_RATIO":47.5755001737,"OPERATE_PROFIT":-23270274.32,"PRETAX_PROFIT":-29318858.86,"NETCASH_OPERATE":70069340.82,"NETCASH_INVEST":-3579830.65,"NETCASH_FINANCE":-81870406.11,"END_CASH":50001204.39,"DIVI_RATIO":null,"DIVIDEND_RATE":null,"CURRENT_RATIO":0.973374010586,"COMMON_ACS":1000000000,"CURRENTDEBT_DEBT":74.093143046734,"ISSUED_COMMON_SHARES":666190798,"HK_COMMON_SHARES":666190798,"PER_SHARES":2000,"TOTAL_MARKET_CAP":83273849.75,"HKSK_MARKET_CAP":83273849.75,"PE_TTM":-1.416462829563,"PB_TTM":0.180384254095,"REPORT_DATE_SQ":"2023-06-30 00:00:00","REPORT_TYPE_SQ":"2023年中报","OPERATE_INCOME_SQ":689241685.01,"DPS_HKD":null,"OPERATE_INCOME_QOQ_SQ":-12.628570403728,"NET_PROFIT_RATIO_SQ":0.0439445127,"HOLDER_PROFIT_SQ":302883.9,"HOLDER_PROFIT_QOQ_SQ":-10.94118315545,"ROE_AVG_SQ":0.062691875133,"PE_TTM_SQ":9.681923280045,"PB_TTM_SQ":0.300233322224,"ROA_SQ":0.035861028733,"START_DATE":"2024-05-01 00:00:00","FISCAL_YEAR":"4-30","CURRENCY":"HKD","IS_CNY_CODE":0,"DPS_HKD_LY":null,"ORG_TYPE":"一般企业","PREMIUM_INCOME":null,"PREMIUM_INCOME_YOY":null,"NET_INTEREST_INCOME":null,"NET_INTEREST_INCOME_YOY":null,"FEE_COMMISSION_INCOME":null,"FEE_COMMISSION_INCOME_YOY":null,"ACCOUNTS_RECE_TDAYS":55.19996856458,"INVENTORY_TDAYS":2.663332168443,"CURRENT_ASSETS_TDAYS":2.346880507873,"TOTAL_ASSETS_TDAYS":0.795056197327,"PREMIUM_EXPENSE":null,"LOAN_DEPOSIT":null,"LOAN_EQUITY":null,"LOAN_ASSETS":null,"DEPOSIT_EQUITY":null,"DEPOSIT_ASSETS":null,"EQUITY_MULTIPLIER":1.907505085052,"EQUITY_RATIO":0.907505085054},{"SECUCODE":"00759.HK","SECURITY_CODE":"00759","SECURITY_NAME_ABBR":"CEC INT\u0027L HOLD","ORG_CODE":"10009105","STD_REPORT_DATE":"2023-12-31 00:00:00","REPORT_DATE":"2024-04-30 00:00:00","DATE_TYPE_CODE":"001","REPORT_TYPE":"2023年年报","PER_NETCASH_OPERATE":0.219355306226,"PER_OI":2.003143442249,"BPS":0.669244274896,"BASIC_EPS":-0.040589835,"DILUTED_EPS":-0.040589835,"OPERATE_INCOME":1334475728.3,"OPERATE_INCOME_YOY":-13.16453587,"GROSS_PROFIT":526113273.4,"GROSS_PROFIT_YOY":-7.338431826592,"HOLDER_PROFIT":-27070786.6,"HOLDER_PROFIT_YOY":-160.1472813477,"GROSS_PROFIT_RATIO":39.424716556683,"EPS_TTM":0.019700055449,"OPERATE_INCOME_QOQ":-8.262344182605,"NET_PROFIT_RATIO":-2.0285709231,"ROE_AVG":-5.819621408367,"GROSS_PROFIT_QOQ":-3.506641165197,"ROA":-3.306206734406,"HOLDER_PROFIT_QOQ":-69.981233713101,"ROE_YEARLY":-5.819621408367,"ROIC_YEARLY":-3.622462866475,"TOTAL_ASSETS":804809255.25,"TOTAL_LIABILITIES":358964877.7,"TAX_EBT":1.454449292609,"OCF_SALES":10.950554094091,"TOTAL_PARENT_EQUITY":445844377.55,"DEBT_ASSET_RATIO":44.6024788307,"OPERATE_PROFIT":-17994826.85,"PRETAX_PROFIT":-27470328.6,"NETCASH_OPERATE":146132486.5,"NETCASH_INVEST":-11089106.6,"NETCASH_FINANCE":-148023954.65,"END_CASH":64854747.1,"DIVI_RATIO":null,"DIVIDEND_RATE":null,"CURRENT_RATIO":1.032346477863,"COMMON_ACS":1000000000,"CURRENTDEBT_DEBT":72.636182882468,"ISSUED_COMMON_SHARES":666190798,"HK_COMMON_SHARES":666190798,"PER_SHARES":2000,"TOTAL_MARKET_CAP":79276704.962,"HKSK_MARKET_CAP":79276704.962,"PE_TTM":-1.348472613744,"PB_TTM":0.171725809898,"REPORT_DATE_SQ":"2022-12-31 00:00:00","REPORT_TYPE_SQ":"2022年年报","OPERATE_INCOME_SQ":1492800990.18,"DPS_HKD":null,"OPERATE_INCOME_QOQ_SQ":0.840820762057,"NET_PROFIT_RATIO_SQ":2.9286759714,"HOLDER_PROFIT_SQ":43719303.9,"HOLDER_PROFIT_QOQ_SQ":45.939989884916,"ROE_AVG_SQ":9.594500946577,"PE_TTM_SQ":3.346746871825,"PB_TTM_SQ":0.319479048008,"ROA_SQ":5.397453020706,"START_DATE":"2023-05-01 00:00:00","FISCAL_YEAR":"4-30","CURRENCY":"HKD","IS_CNY_CODE":0,"DPS_HKD_LY":0.01,"ORG_TYPE":"一般企业","PREMIUM_INCOME":null,"PREMIUM_INCOME_YOY":null,"NET_INTEREST_INCOME":null,"NET_INTEREST_INCOME_YOY":null,"FEE_COMMISSION_INCOME":null,"FEE_COMMISSION_INCOME_YOY":null,"ACCOUNTS_RECE_TDAYS":114.709909066073,"INVENTORY_TDAYS":6.023431500245,"CURRENT_ASSETS_TDAYS":4.884229347797,"TOTAL_ASSETS_TDAYS":1.629820627305,"PREMIUM_EXPENSE":null,"LOAN_DEPOSIT":null,"LOAN_EQUITY":null,"LOAN_ASSETS":null,"DEPOSIT_EQUITY":null,"DEPOSIT_ASSETS":null,"EQUITY_MULTIPLIER":1.805134921008,"EQUITY_RATIO":0.805134921007},{"SECUCODE":"00759.HK","SECURITY_CODE":"00759","SECURITY_NAME_ABBR":"CEC INT\u0027L HOLD","ORG_CODE":"10009105","STD_REPORT_DATE":"2023-06-30 00:00:00","REPORT_DATE":"2023-10-31 00:00:00","DATE_TYPE_CODE":"002","REPORT_TYPE":"2023年中报","PER_NETCASH_OPERATE":0.107907823563,"PER_OI":1.034601028833,"BPS":0.715351042345,"BASIC_EPS":0.000458915,"DILUTED_EPS":0.000458915,"OPERATE_INCOME":689241685.01,"OPERATE_INCOME_YOY":-15.5041193243,"GROSS_PROFIT":277509571.82,"GROSS_PROFIT_YOY":-6.694242137758,"HOLDER_PROFIT":302883.9,"HOLDER_PROFIT_YOY":-99.023495295,"GROSS_PROFIT_RATIO":40.263027883459,"EPS_TTM":0.065625799743,"OPERATE_INCOME_QOQ":-12.628570403728,"NET_PROFIT_RATIO":0.0439445127,"ROE_AVG":0.062691875133,"GROSS_PROFIT_QOQ":-4.830142530819,"ROA":0.035861028733,"HOLDER_PROFIT_QOQ":-10.94118315545,"ROE_YEARLY":0.125383750266,"ROIC_YEARLY":0.078625155761,"TOTAL_ASSETS":847475577.01,"TOTAL_LIABILITIES":370915295.26,"TAX_EBT":78.668390433096,"OCF_SALES":10.429897183157,"TOTAL_PARENT_EQUITY":476560281.75,"DEBT_ASSET_RATIO":43.7670778158,"OPERATE_PROFIT":7143470.89,"PRETAX_PROFIT":1419883.01,"NETCASH_OPERATE":71887199.09,"NETCASH_INVEST":-5934688.78,"NETCASH_FINANCE":-74755417.84,"END_CASH":69354906.12,"DIVI_RATIO":null,"DIVIDEND_RATE":null,"CURRENT_RATIO":1.085854221694,"COMMON_ACS":1000000000,"CURRENTDEBT_DEBT":70.732353101291,"ISSUED_COMMON_SHARES":666190798,"HK_COMMON_SHARES":666190798,"PER_SHARES":2000,"TOTAL_MARKET_CAP":79276704.962,"HKSK_MARKET_CAP":79276704.962,"PE_TTM":-1.348472613744,"PB_TTM":0.171725809898,"REPORT_DATE_SQ":"2022-06-30 00:00:00","REPORT_TYPE_SQ":"2022年中报","OPERATE_INCOME_SQ":812582040.78,"DPS_HKD":null,"OPERATE_INCOME_QOQ_SQ":5.149724824275,"NET_PROFIT_RATIO_SQ":3.8024704694,"HOLDER_PROFIT_SQ":30898192.14,"HOLDER_PROFIT_QOQ_SQ":14.526599789498,"ROE_AVG_SQ":6.702884537191,"PE_TTM_SQ":3.346746871825,"PB_TTM_SQ":0.319479048008,"ROA_SQ":3.641382936769,"START_DATE":"2023-05-01 00:00:00","FISCAL_YEAR":"4-30","CURRENCY":"HKD","IS_CNY_CODE":0,"DPS_HKD_LY":0.01,"ORG_TYPE":"一般企业","PREMIUM_INCOME":null,"PREMIUM_INCOME_YOY":null,"NET_INTEREST_INCOME":null,"NET_INTEREST_INCOME_YOY":null,"FEE_COMMISSION_INCOME":null,"FEE_COMMISSION_INCOME_YOY":null,"ACCOUNTS_RECE_TDAYS":59.948668822097,"INVENTORY_TDAYS":2.946191433188,"CURRENT_ASSETS_TDAYS":2.439196859678,"TOTAL_ASSETS_TDAYS":0.816052483159,"PREMIUM_EXPENSE":null,"LOAN_DEPOSIT":null,"LOAN_EQUITY":null,"LOAN_ASSETS":null,"DEPOSIT_EQUITY":null,"DEPOSIT_ASSETS":null,"EQUITY_MULTIPLIER":1.778317685011,"EQUITY_RATIO":0.778317685011},{"SECUCODE":"00759.HK","SECURITY_CODE":"00759","SECURITY_NAME_ABBR":"CEC INT\u0027L HOLD","ORG_CODE":"10009105","STD_REPORT_DATE":"2022-12-31 00:00:00","REPORT_DATE":"2023-04-30 00:00:00","DATE_TYPE_CODE":"001","REPORT_TYPE":"2022年年报","PER_NETCASH_OPERATE":0.280029451593,"PER_OI":2.240800975729,"BPS":0.70642965948,"BASIC_EPS":0.065625264,"DILUTED_EPS":0.065625264,"OPERATE_INCOME":1492800990.18,"OPERATE_INCOME_YOY":-15.75755102,"GROSS_PROFIT":567779375.82,"GROSS_PROFIT_YOY":-1.427457268776,"HOLDER_PROFIT":43719303.9,"HOLDER_PROFIT_YOY":24.272891385,"GROSS_PROFIT_RATIO":38.034498875268,"EPS_TTM":0.073688155837,"OPERATE_INCOME_QOQ":0.840820762057,"NET_PROFIT_RATIO":2.9286759714,"ROE_AVG":9.594500946577,"GROSS_PROFIT_QOQ":3.575381273577,"ROA":5.397453020706,"HOLDER_PROFIT_QOQ":45.939989884916,"ROE_YEARLY":9.594500946577,"ROIC_YEARLY":5.92934550505,"TOTAL_ASSETS":808929287.46,"TOTAL_LIABILITIES":338312348.88,"TAX_EBT":14.414725536581,"OCF_SALES":12.496846200344,"TOTAL_PARENT_EQUITY":470616938.58,"DEBT_ASSET_RATIO":41.8222401049,"OPERATE_PROFIT":60221764.44,"PRETAX_PROFIT":51082740.78,"NETCASH_OPERATE":186553043.82,"NETCASH_INVEST":-14577805.62,"NETCASH_FINANCE":-165099580.5,"END_CASH":75876565.32,"DIVI_RATIO":null,"DIVIDEND_RATE":null,"CURRENT_RATIO":1.127661303129,"COMMON_ACS":1000000000,"CURRENTDEBT_DEBT":70.598464859679,"ISSUED_COMMON_SHARES":666190798,"HK_COMMON_SHARES":666190798,"PER_SHARES":2000,"TOTAL_MARKET_CAP":93266711.72,"HKSK_MARKET_CAP":93266711.72,"PE_TTM":-1.58643836911,"PB_TTM":0.202030364586,"REPORT_DATE_SQ":"2021-12-31 00:00:00","REPORT_TYPE_SQ":"2021年年报","OPERATE_INCOME_SQ":1694322588.46,"DPS_HKD":null,"OPERATE_INCOME_QOQ_SQ":-8.047577638647,"NET_PROFIT_RATIO_SQ":1.9852989123,"HOLDER_PROFIT_SQ":33637367.92,"HOLDER_PROFIT_QOQ_SQ":9.072246554437,"ROE_AVG_SQ":8.240317100559,"PE_TTM_SQ":3.696206384546,"PB_TTM_SQ":0.343369643028,"ROA_SQ":4.191842701849,"START_DATE":"2022-05-01 00:00:00","FISCAL_YEAR":"4-30","CURRENCY":"HKD","IS_CNY_CODE":0,"DPS_HKD_LY":0.01,"ORG_TYPE":"一般企业","PREMIUM_INCOME":null,"PREMIUM_INCOME_YOY":null,"NET_INTEREST_INCOME":null,"NET_INTEREST_INCOME_YOY":null,"FEE_COMMISSION_INCOME":null,"FEE_COMMISSION_INCOME_YOY":null,"ACCOUNTS_RECE_TDAYS":86.243687415599,"INVENTORY_TDAYS":7.758250538199,"CURRENT_ASSETS_TDAYS":5.513377833811,"TOTAL_ASSETS_TDAYS":1.84296694938,"PREMIUM_EXPENSE":null,"LOAN_DEPOSIT":null,"LOAN_EQUITY":null,"LOAN_ASSETS":null,"DEPOSIT_EQUITY":null,"DEPOSIT_ASSETS":null,"EQUITY_MULTIPLIER":1.718869894274,"EQUITY_RATIO":0.718869894273},{"SECUCODE":"00759.HK","SECURITY_CODE":"00759","SECURITY_NAME_ABBR":"CEC INT\u0027L HOLD","ORG_CODE":"10009105","STD_REPORT_DATE":"2022-06-30 00:00:00","REPORT_DATE":"2022-10-31 00:00:00","DATE_TYPE_CODE":"002","REPORT_TYPE":"2022年中报","PER_NETCASH_OPERATE":0.148103247622,"PER_OI":1.219743717895,"BPS":0.698147499164,"BASIC_EPS":0.046355517,"DILUTED_EPS":0.046355517,"OPERATE_INCOME":812582040.78,"OPERATE_INCOME_YOY":-8.531889996,"GROSS_PROFIT":297419557.14,"GROSS_PROFIT_YOY":7.439439678867,"HOLDER_PROFIT":30898192.14,"HOLDER_PROFIT_YOY":79.7744440898,"GROSS_PROFIT_RATIO":36.601788153539,"EPS_TTM":0.050492093288,"OPERATE_INCOME_QOQ":5.149724824275,"NET_PROFIT_RATIO":3.8024704694,"ROE_AVG":6.702884537191,"GROSS_PROFIT_QOQ":7.534327760242,"ROA":3.641382936769,"HOLDER_PROFIT_QOQ":14.526599789498,"ROE_YEARLY":13.405769074382,"ROIC_YEARLY":7.997666538673,"TOTAL_ASSETS":856335431.52,"TOTAL_LIABILITIES":391235991.93,"TAX_EBT":10.424894637793,"OCF_SALES":12.142161131852,"TOTAL_PARENT_EQUITY":465099439.59,"DEBT_ASSET_RATIO":45.6872362779,"OPERATE_PROFIT":41783967,"PRETAX_PROFIT":34494173.37,"NETCASH_OPERATE":98665020.72,"NETCASH_INVEST":-7214820.21,"NETCASH_FINANCE":-82826428.59,"END_CASH":79713203.04,"DIVI_RATIO":null,"DIVIDEND_RATE":null,"CURRENT_RATIO":1.017853264982,"COMMON_ACS":1000000000,"CURRENTDEBT_DEBT":71.025910077751,"ISSUED_COMMON_SHARES":666190798,"HK_COMMON_SHARES":666190798,"PER_SHARES":2000,"TOTAL_MARKET_CAP":93266711.72,"HKSK_MARKET_CAP":93266711.72,"PE_TTM":-1.58643836911,"PB_TTM":0.202030364586,"REPORT_DATE_SQ":"2021-06-30 00:00:00","REPORT_TYPE_SQ":"2021年中报","OPERATE_INCOME_SQ":798335824.68,"DPS_HKD":null,"OPERATE_INCOME_QOQ_SQ":-8.222446241094,"NET_PROFIT_RATIO_SQ":1.9346731341,"HOLDER_PROFIT_SQ":15445188.72,"HOLDER_PROFIT_QOQ_SQ":36.80280158122,"ROE_AVG_SQ":3.946373988109,"PE_TTM_SQ":3.696206384546,"PB_TTM_SQ":0.343369643028,"ROA_SQ":1.938293831239,"START_DATE":"2022-05-01 00:00:00","FISCAL_YEAR":"4-30","CURRENCY":"HKD","IS_CNY_CODE":0,"DPS_HKD_LY":0.01,"ORG_TYPE":"一般企业","PREMIUM_INCOME":null,"PREMIUM_INCOME_YOY":null,"NET_INTEREST_INCOME":null,"NET_INTEREST_INCOME_YOY":null,"FEE_COMMISSION_INCOME":null,"FEE_COMMISSION_INCOME_YOY":null,"ACCOUNTS_RECE_TDAYS":41.642676412707,"INVENTORY_TDAYS":4.423592219671,"CURRENT_ASSETS_TDAYS":2.876514539743,"TOTAL_ASSETS_TDAYS":0.957636085831,"PREMIUM_EXPENSE":null,"LOAN_DEPOSIT":null,"LOAN_EQUITY":null,"LOAN_ASSETS":null,"DEPOSIT_EQUITY":null,"DEPOSIT_ASSETS":null,"EQUITY_MULTIPLIER":1.841187837755,"EQUITY_RATIO":0.841187837755},{"SECUCODE":"00759.HK","SECURITY_CODE":"00759","SECURITY_NAME_ABBR":"CEC INT\u0027L HOLD","ORG_CODE":"10009105","STD_REPORT_DATE":"2021-12-31 00:00:00","REPORT_DATE":"2022-04-30 00:00:00","DATE_TYPE_CODE":"001","REPORT_TYPE":"2021年年报","PER_NETCASH_OPERATE":0.388790637483,"PER_OI":2.543299297358,"BPS":0.632547535038,"BASIC_EPS":0.050518462,"DILUTED_EPS":0.050518462,"OPERATE_INCOME":1694322588.46,"OPERATE_INCOME_YOY":-4.4953979717,"GROSS_PROFIT":576001551.84,"GROSS_PROFIT_YOY":9.142155287582,"HOLDER_PROFIT":33637367.92,"HOLDER_PROFIT_YOY":23.3881945304,"GROSS_PROFIT_RATIO":33.995979028028,"EPS_TTM":0.044087655951,"OPERATE_INCOME_QOQ":-8.047577638647,"NET_PROFIT_RATIO":1.9852989123,"ROE_AVG":8.240317100559,"GROSS_PROFIT_QOQ":1.495176062219,"ROA":4.191842701849,"HOLDER_PROFIT_QOQ":9.072246554437,"ROE_YEARLY":8.240317100559,"ROIC_YEARLY":4.548188803888,"TOTAL_ASSETS":775501404.08,"TOTAL_LIABILITIES":354104056.94,"TAX_EBT":25.707367048524,"OCF_SALES":15.286861357105,"TOTAL_PARENT_EQUITY":421397347.14,"DEBT_ASSET_RATIO":45.6613044254,"OPERATE_PROFIT":55269221.54,"PRETAX_PROFIT":45276855.3,"NETCASH_OPERATE":259008745.04,"NETCASH_INVEST":-15761928.82,"NETCASH_FINANCE":-236315076,"END_CASH":66400150.78,"DIVI_RATIO":null,"DIVIDEND_RATE":null,"CURRENT_RATIO":0.983735068429,"COMMON_ACS":1000000000,"CURRENTDEBT_DEBT":74.71032217652,"ISSUED_COMMON_SHARES":666190798,"HK_COMMON_SHARES":666190798,"PER_SHARES":2000,"TOTAL_MARKET_CAP":93266711.72,"HKSK_MARKET_CAP":93266711.72,"PE_TTM":-1.58643836911,"PB_TTM":0.202030364586,"REPORT_DATE_SQ":"2020-12-31 00:00:00","REPORT_TYPE_SQ":"2020年年报","OPERATE_INCOME_SQ":1752365868.74,"DPS_HKD":null,"OPERATE_INCOME_QOQ_SQ":7.058876386465,"NET_PROFIT_RATIO_SQ":1.5366557818,"HOLDER_PROFIT_SQ":26927831.44,"HOLDER_PROFIT_QOQ_SQ":75.051577902034,"ROE_AVG_SQ":7.340916342759,"PE_TTM_SQ":3.696206384546,"PB_TTM_SQ":0.343369643028,"ROA_SQ":3.051702586451,"START_DATE":"2021-05-01 00:00:00","FISCAL_YEAR":"4-30","CURRENCY":"HKD","IS_CNY_CODE":0,"DPS_HKD_LY":0.009,"ORG_TYPE":"一般企业","PREMIUM_INCOME":null,"PREMIUM_INCOME_YOY":null,"NET_INTEREST_INCOME":null,"NET_INTEREST_INCOME_YOY":null,"FEE_COMMISSION_INCOME":null,"FEE_COMMISSION_INCOME_YOY":null,"ACCOUNTS_RECE_TDAYS":86.791679267292,"INVENTORY_TDAYS":8.281644838333,"CURRENT_ASSETS_TDAYS":5.916818590131,"TOTAL_ASSETS_TDAYS":2.111441594927,"PREMIUM_EXPENSE":null,"LOAN_DEPOSIT":null,"LOAN_EQUITY":null,"LOAN_ASSETS":null,"DEPOSIT_EQUITY":null,"DEPOSIT_ASSETS":null,"EQUITY_MULTIPLIER":1.840309174568,"EQUITY_RATIO":0.840309174567},{"SECUCODE":"00759.HK","SECURITY_CODE":"00759","SECURITY_NAME_ABBR":"CEC INT\u0027L HOLD","ORG_CODE":"10009105","STD_REPORT_DATE":"2021-06-30 00:00:00","REPORT_DATE":"2021-10-31 00:00:00","DATE_TYPE_CODE":"002","REPORT_TYPE":"2021年中报","PER_NETCASH_OPERATE":0.142654312977,"PER_OI":1.198359129362,"BPS":0.597311670702,"BASIC_EPS":0.023170248,"DILUTED_EPS":0.023170248,"OPERATE_INCOME":798335824.68,"OPERATE_INCOME_YOY":-10.2980657026,"GROSS_PROFIT":276825305.52,"GROSS_PROFIT_YOY":2.934114154927,"HOLDER_PROFIT":15445188.72,"HOLDER_PROFIT_YOY":25.3785099713,"GROSS_PROFIT_RATIO":34.67529540353,"EPS_TTM":0.040420599505,"OPERATE_INCOME_QOQ":-8.222446241094,"NET_PROFIT_RATIO":1.9346731341,"ROE_AVG":3.946373988109,"GROSS_PROFIT_QOQ":-6.791778528391,"ROA":1.938293831239,"HOLDER_PROFIT_QOQ":36.80280158122,"ROE_YEARLY":7.892747976218,"ROIC_YEARLY":4.188103740118,"TOTAL_ASSETS":785673530.64,"TOTAL_LIABILITIES":387749992.08,"TAX_EBT":25.327719075236,"OCF_SALES":11.904137038832,"TOTAL_PARENT_EQUITY":397923538.56,"DEBT_ASSET_RATIO":49.3525589139,"OPERATE_PROFIT":25189839.12,"PRETAX_PROFIT":20683965.36,"NETCASH_OPERATE":95034990.6,"NETCASH_INVEST":-5476230.6,"NETCASH_FINANCE":-86647689.48,"END_CASH":60728234.04,"DIVI_RATIO":null,"DIVIDEND_RATE":null,"CURRENT_RATIO":0.954447254003,"COMMON_ACS":1000000000,"CURRENTDEBT_DEBT":78.270137861765,"ISSUED_COMMON_SHARES":666190798,"HK_COMMON_SHARES":666190798,"PER_SHARES":2000,"TOTAL_MARKET_CAP":93266711.72,"HKSK_MARKET_CAP":93266711.72,"PE_TTM":-1.58643836911,"PB_TTM":0.202030364586,"REPORT_DATE_SQ":"2020-06-30 00:00:00","REPORT_TYPE_SQ":"2020年中报","OPERATE_INCOME_SQ":939358828.48,"DPS_HKD":null,"OPERATE_INCOME_QOQ_SQ":12.857982781883,"NET_PROFIT_RATIO_SQ":1.3841600319,"HOLDER_PROFIT_SQ":13002229.46,"HOLDER_PROFIT_QOQ_SQ":330.668022125698,"ROE_AVG_SQ":3.52868631572,"PE_TTM_SQ":3.696206384546,"PB_TTM_SQ":0.343369643028,"ROA_SQ":1.38756751354,"START_DATE":"2021-05-01 00:00:00","FISCAL_YEAR":"4-30","CURRENCY":"HKD","IS_CNY_CODE":0,"DPS_HKD_LY":0.009,"ORG_TYPE":"一般企业","PREMIUM_INCOME":null,"PREMIUM_INCOME_YOY":null,"NET_INTEREST_INCOME":null,"NET_INTEREST_INCOME_YOY":null,"FEE_COMMISSION_INCOME":null,"FEE_COMMISSION_INCOME_YOY":null,"ACCOUNTS_RECE_TDAYS":42.114166829205,"INVENTORY_TDAYS":3.441610410736,"CURRENT_ASSETS_TDAYS":2.687647554281,"TOTAL_ASSETS_TDAYS":1.001871477446,"PREMIUM_EXPENSE":null,"LOAN_DEPOSIT":null,"LOAN_EQUITY":null,"LOAN_ASSETS":null,"DEPOSIT_EQUITY":null,"DEPOSIT_ASSETS":null,"EQUITY_MULTIPLIER":1.974433413724,"EQUITY_RATIO":0.974433413724},{"SECUCODE":"00759.HK","SECURITY_CODE":"00759","SECURITY_NAME_ABBR":"CEC INT\u0027L HOLD","ORG_CODE":"10009105","STD_REPORT_DATE":"2020-12-31 00:00:00","REPORT_DATE":"2021-04-30 00:00:00","DATE_TYPE_CODE":"001","REPORT_TYPE":"2020年年报","PER_NETCASH_OPERATE":0.445065513949,"PER_OI":2.630426409372,"BPS":0.585686033568,"BASIC_EPS":0.04040341,"DILUTED_EPS":0.04040341,"OPERATE_INCOME":1752365868.74,"OPERATE_INCOME_YOY":7.3968256724,"GROSS_PROFIT":527753506.72,"GROSS_PROFIT_YOY":-8.294979519875,"HOLDER_PROFIT":26927831.44,"HOLDER_PROFIT_YOY":161.7539881772,"GROSS_PROFIT_RATIO":30.11662781925,"EPS_TTM":0.029546616764,"OPERATE_INCOME_QOQ":7.058876386465,"NET_PROFIT_RATIO":1.5366557818,"ROE_AVG":7.340916342759,"GROSS_PROFIT_QOQ":-1.612734335824,"ROA":3.051702586451,"HOLDER_PROFIT_QOQ":75.051577902034,"ROE_YEARLY":7.340916342759,"ROIC_YEARLY":3.255509232285,"TOTAL_ASSETS":819246199.08,"TOTAL_LIABILITIES":429067553,"TAX_EBT":34.943444833555,"OCF_SALES":16.919899844499,"TOTAL_PARENT_EQUITY":390178646.08,"DEBT_ASSET_RATIO":52.3734566583,"OPERATE_PROFIT":53589083.68,"PRETAX_PROFIT":41391419.16,"NETCASH_OPERATE":296498549.9,"NETCASH_INVEST":-10478228.68,"NETCASH_FINANCE":-280173073.08,"END_CASH":58615767.72,"DIVI_RATIO":null,"DIVIDEND_RATE":null,"CURRENT_RATIO":0.874007723538,"COMMON_ACS":1000000000,"CURRENTDEBT_DEBT":82.302494903407,"ISSUED_COMMON_SHARES":666190798,"HK_COMMON_SHARES":666190798,"PER_SHARES":2000,"TOTAL_MARKET_CAP":93266711.72,"HKSK_MARKET_CAP":93266711.72,"PE_TTM":-1.58643836911,"PB_TTM":0.202030364586,"REPORT_DATE_SQ":"2019-12-31 00:00:00","REPORT_TYPE_SQ":"2019年年报","OPERATE_INCOME_SQ":1783469254.56,"DPS_HKD":null,"OPERATE_INCOME_QOQ_SQ":0.121512590365,"NET_PROFIT_RATIO_SQ":0.6304849613,"HOLDER_PROFIT_SQ":11244505.44,"HOLDER_PROFIT_QOQ_SQ":40.315149689526,"ROE_AVG_SQ":2.947438265859,"PE_TTM_SQ":3.696206384546,"PB_TTM_SQ":0.343369643028,"ROA_SQ":1.145454865887,"START_DATE":"2020-05-01 00:00:00","FISCAL_YEAR":"4-30","CURRENCY":"HKD","IS_CNY_CODE":0,"DPS_HKD_LY":0.005,"ORG_TYPE":"一般企业","PREMIUM_INCOME":null,"PREMIUM_INCOME_YOY":null,"NET_INTEREST_INCOME":null,"NET_INTEREST_INCOME_YOY":null,"FEE_COMMISSION_INCOME":null,"FEE_COMMISSION_INCOME_YOY":null,"ACCOUNTS_RECE_TDAYS":100.352026333993,"INVENTORY_TDAYS":6.021168052134,"CURRENT_ASSETS_TDAYS":5.092002144736,"TOTAL_ASSETS_TDAYS":1.985937659317,"PREMIUM_EXPENSE":null,"LOAN_DEPOSIT":null,"LOAN_EQUITY":null,"LOAN_ASSETS":null,"DEPOSIT_EQUITY":null,"DEPOSIT_ASSETS":null,"EQUITY_MULTIPLIER":2.099669490657,"EQUITY_RATIO":1.099669490657},{"SECUCODE":"00759.HK","SECURITY_CODE":"00759","SECURITY_NAME_ABBR":"CEC INT\u0027L HOLD","ORG_CODE":"10009105","STD_REPORT_DATE":"2020-06-30 00:00:00","REPORT_DATE":"2020-10-31 00:00:00","DATE_TYPE_CODE":"002","REPORT_TYPE":"2020年中报","PER_NETCASH_OPERATE":0.277462162844,"PER_OI":1.410044736883,"BPS":0.56951053752,"BASIC_EPS":0.01951245,"DILUTED_EPS":0.01951245,"OPERATE_INCOME":939358828.48,"OPERATE_INCOME_YOY":19.8423173987,"GROSS_PROFIT":268934461.42,"GROSS_PROFIT_YOY":-3.335948854736,"HOLDER_PROFIT":13002229.46,"HOLDER_PROFIT_YOY":195.7199211045,"GROSS_PROFIT_RATIO":28.62957724634,"EPS_TTM":0.016878806303,"OPERATE_INCOME_QOQ":12.857982781883,"NET_PROFIT_RATIO":1.3841600319,"ROE_AVG":3.52868631572,"GROSS_PROFIT_QOQ":8.177593768049,"ROA":1.38756751354,"HOLDER_PROFIT_QOQ":330.668022125698,"ROE_YEARLY":7.05737263144,"ROIC_YEARLY":2.939875977352,"TOTAL_ASSETS":889804143.24,"TOTAL_LIABILITIES":510401463.78,"TAX_EBT":37.138904029181,"OCF_SALES":19.677543242884,"TOTAL_PARENT_EQUITY":379402679.46,"DEBT_ASSET_RATIO":57.3611021771,"OPERATE_PROFIT":29330247.62,"PRETAX_PROFIT":20684064.22,"NETCASH_OPERATE":184842739.68,"NETCASH_INVEST":-5242344.9,"NETCASH_FINANCE":-190084217.36,"END_CASH":51026357.58,"DIVI_RATIO":null,"DIVIDEND_RATE":null,"CURRENT_RATIO":0.782983995617,"COMMON_ACS":1000000000,"CURRENTDEBT_DEBT":83.105399890239,"ISSUED_COMMON_SHARES":666190798,"HK_COMMON_SHARES":666190798,"PER_SHARES":2000,"TOTAL_MARKET_CAP":93266711.72,"HKSK_MARKET_CAP":93266711.72,"PE_TTM":-1.58643836911,"PB_TTM":0.202030364586,"REPORT_DATE_SQ":"2019-06-30 00:00:00","REPORT_TYPE_SQ":"2019年中报","OPERATE_INCOME_SQ":813465938.41,"DPS_HKD":null,"OPERATE_INCOME_QOQ_SQ":-2.409863442839,"NET_PROFIT_RATIO_SQ":0.5609393688,"HOLDER_PROFIT_SQ":4563050.7,"HOLDER_PROFIT_QOQ_SQ":-8.473782193034,"ROE_AVG_SQ":1.214880488828,"PE_TTM_SQ":3.696206384546,"PB_TTM_SQ":0.343369643028,"ROA_SQ":0.446900585775,"START_DATE":"2020-05-01 00:00:00","FISCAL_YEAR":"4-30","CURRENCY":"HKD","IS_CNY_CODE":0,"DPS_HKD_LY":0.005,"ORG_TYPE":"一般企业","PREMIUM_INCOME":null,"PREMIUM_INCOME_YOY":null,"NET_INTEREST_INCOME":null,"NET_INTEREST_INCOME_YOY":null,"FEE_COMMISSION_INCOME":null,"FEE_COMMISSION_INCOME_YOY":null,"ACCOUNTS_RECE_TDAYS":52.920852061755,"INVENTORY_TDAYS":2.996871608001,"CURRENT_ASSETS_TDAYS":2.583043992522,"TOTAL_ASSETS_TDAYS":1.002461768549,"PREMIUM_EXPENSE":null,"LOAN_DEPOSIT":null,"LOAN_EQUITY":null,"LOAN_ASSETS":null,"DEPOSIT_EQUITY":null,"DEPOSIT_ASSETS":null,"EQUITY_MULTIPLIER":2.345276381565,"EQUITY_RATIO":1.345276381565}],"count":55},"success":true,"message":"ok","code":0}