{"version":"8e2ef78dbb471e3613a1283b10a1bfba","result":{"pages":9,"data":[{"SECUCODE":"00753.HK","SECURITY_CODE":"00753","SECURITY_NAME_ABBR":"中国国航","ORG_CODE":"10038584","STD_REPORT_DATE":"2024-09-30 00:00:00","REPORT_DATE":"2024-09-30 00:00:00","DATE_TYPE_CODE":"004","REPORT_TYPE":"2024年三季报","PER_NETCASH_OPERATE":1.852624771873,"PER_OI":7.722796206786,"BPS":2.323599654089,"BASIC_EPS":0.09,"DILUTED_EPS":0.09,"OPERATE_INCOME":128149919000,"OPERATE_INCOME_YOY":21.4957832688,"GROSS_PROFIT":8403828000,"GROSS_PROFIT_YOY":3.523989810488,"HOLDER_PROFIT":1361747000,"HOLDER_PROFIT_YOY":72.0635414021,"GROSS_PROFIT_RATIO":6.557809841456,"EPS_TTM":-0.028208562991,"OPERATE_INCOME_QOQ":1.717893378709,"NET_PROFIT_RATIO":0.6002898839,"ROE_AVG":3.501845438681,"GROSS_PROFIT_QOQ":-20.004182880554,"ROA":0.400614173845,"HOLDER_PROFIT_QOQ":-26.321683983268,"ROE_YEARLY":4.669127251575,"ROIC_YEARLY":0.420640752357,"TOTAL_ASSETS":344550972000,"TOTAL_LIABILITIES":306569088000,"TAX_EBT":28.715298016129,"OCF_SALES":23.989041304037,"TOTAL_PARENT_EQUITY":40543145000,"DEBT_ASSET_RATIO":88.9764107239,"OPERATE_PROFIT":5534967000,"PRETAX_PROFIT":1079153000,"NETCASH_OPERATE":30741937000,"NETCASH_INVEST":-10239569000,"NETCASH_FINANCE":-15283175000,"END_CASH":20260860000,"DIVI_RATIO":null,"DIVIDEND_RATE":null,"CURRENT_RATIO":0.268068244031,"COMMON_ACS":null,"CURRENTDEBT_DEBT":49.096379214854,"ISSUED_COMMON_SHARES":17448421000,"HK_COMMON_SHARES":4955610672,"PER_SHARES":2000,"TOTAL_MARKET_CAP":77122020820,"HKSK_MARKET_CAP":21903799170.24,"PE_TTM":-154.775276323308,"PB_TTM":1.715403853235,"REPORT_DATE_SQ":"2023-09-30 00:00:00","REPORT_TYPE_SQ":"2023年三季报","OPERATE_INCOME_SQ":105476845000,"DPS_HKD":null,"OPERATE_INCOME_QOQ_SQ":31.310216101687,"NET_PROFIT_RATIO_SQ":1.1252109408,"HOLDER_PROFIT_SQ":791421000,"HOLDER_PROFIT_QOQ_SQ":57.030931837122,"ROE_AVG_SQ":2.52693812512,"PE_TTM_SQ":-6.316333630147,"PB_TTM_SQ":1.676217155701,"ROA_SQ":0.249721094986,"START_DATE":"2024-01-01 00:00:00","FISCAL_YEAR":"12-31","CURRENCY":"HKD","IS_CNY_CODE":0,"DPS_HKD_LY":null,"ORG_TYPE":"一般企业","PREMIUM_INCOME":null,"PREMIUM_INCOME_YOY":null,"NET_INTEREST_INCOME":null,"NET_INTEREST_INCOME_YOY":null,"FEE_COMMISSION_INCOME":null,"FEE_COMMISSION_INCOME_YOY":null,"ACCOUNTS_RECE_TDAYS":36.458496250377,"INVENTORY_TDAYS":27.573088569954,"CURRENT_ASSETS_TDAYS":3.526277588169,"TOTAL_ASSETS_TDAYS":0.377005963138,"PREMIUM_EXPENSE":null,"LOAN_DEPOSIT":null,"LOAN_EQUITY":null,"LOAN_ASSETS":null,"DEPOSIT_EQUITY":null,"DEPOSIT_ASSETS":null,"EQUITY_MULTIPLIER":9.071455539151,"EQUITY_RATIO":7.561551724712},{"SECUCODE":"00753.HK","SECURITY_CODE":"00753","SECURITY_NAME_ABBR":"中国国航","ORG_CODE":"10038584","STD_REPORT_DATE":"2024-06-30 00:00:00","REPORT_DATE":"2024-06-30 00:00:00","DATE_TYPE_CODE":"002","REPORT_TYPE":"2024年中报","PER_NETCASH_OPERATE":0.858943737426,"PER_OI":4.79219435427,"BPS":2.096912379636,"BASIC_EPS":-0.1767,"DILUTED_EPS":-0.1767,"OPERATE_INCOME":79520332000,"OPERATE_INCOME_YOY":33.3938479021,"GROSS_PROFIT":16026746000,"GROSS_PROFIT_YOY":18.65248559316,"HOLDER_PROFIT":-2778953000,"HOLDER_PROFIT_YOY":19.3761833392,"GROSS_PROFIT_RATIO":20.154274506802,"EPS_TTM":-0.022330736974,"OPERATE_INCOME_QOQ":3.144883128586,"NET_PROFIT_RATIO":-4.4499449524,"ROE_AVG":-7.529224805105,"GROSS_PROFIT_QOQ":-0.617398407839,"ROA":-0.816523744241,"HOLDER_PROFIT_QOQ":-273.527208017233,"ROE_YEARLY":-15.05844961021,"ROIC_YEARLY":-1.7091271294,"TOTAL_ASSETS":345400348000,"TOTAL_LIABILITIES":311551672000,"TAX_EBT":-7.685034577726,"OCF_SALES":17.923808466997,"TOTAL_PARENT_EQUITY":36587810000,"DEBT_ASSET_RATIO":90.2001615818,"OPERATE_PROFIT":-1081972000,"PRETAX_PROFIT":-3286075000,"NETCASH_OPERATE":14253072000,"NETCASH_INVEST":-8177344000,"NETCASH_FINANCE":-1153532000,"END_CASH":19963866000,"DIVI_RATIO":null,"DIVIDEND_RATE":null,"CURRENT_RATIO":0.303505344199,"COMMON_ACS":null,"CURRENTDEBT_DEBT":45.36400369567,"ISSUED_COMMON_SHARES":17448421000,"HK_COMMON_SHARES":4955610672,"PER_SHARES":2000,"TOTAL_MARKET_CAP":93349052350,"HKSK_MARKET_CAP":26512517095.2,"PE_TTM":-187.341115006719,"PB_TTM":2.076337243169,"REPORT_DATE_SQ":"2023-06-30 00:00:00","REPORT_TYPE_SQ":"2023年中报","OPERATE_INCOME_SQ":59613193000,"DPS_HKD":null,"OPERATE_INCOME_QOQ_SQ":36.143321738051,"NET_PROFIT_RATIO_SQ":-6.7836560944,"HOLDER_PROFIT_SQ":-3446814000,"HOLDER_PROFIT_QOQ_SQ":30.684114825585,"ROE_AVG_SQ":-11.785596229226,"PE_TTM_SQ":-7.299731657282,"PB_TTM_SQ":1.937189539442,"ROA_SQ":-1.07802837318,"START_DATE":"2024-01-01 00:00:00","FISCAL_YEAR":"12-31","CURRENCY":"HKD","IS_CNY_CODE":0,"DPS_HKD_LY":null,"ORG_TYPE":"一般企业","PREMIUM_INCOME":null,"PREMIUM_INCOME_YOY":null,"NET_INTEREST_INCOME":null,"NET_INTEREST_INCOME_YOY":null,"FEE_COMMISSION_INCOME":null,"FEE_COMMISSION_INCOME_YOY":null,"ACCOUNTS_RECE_TDAYS":18.341093322493,"INVENTORY_TDAYS":14.875811560423,"CURRENT_ASSETS_TDAYS":2.114063765102,"TOTAL_ASSETS_TDAYS":0.233650008575,"PREMIUM_EXPENSE":null,"LOAN_DEPOSIT":null,"LOAN_EQUITY":null,"LOAN_ASSETS":null,"DEPOSIT_EQUITY":null,"DEPOSIT_ASSETS":null,"EQUITY_MULTIPLIER":10.2042498797,"EQUITY_RATIO":8.515176830753},{"SECUCODE":"00753.HK","SECURITY_CODE":"00753","SECURITY_NAME_ABBR":"中国国航","ORG_CODE":"10038584","STD_REPORT_DATE":"2024-03-31 00:00:00","REPORT_DATE":"2024-03-31 00:00:00","DATE_TYPE_CODE":"003","REPORT_TYPE":"2024年一季报","PER_NETCASH_OPERATE":0.566921938976,"PER_OI":2.414512336443,"BPS":2.140242145693,"BASIC_EPS":-0.11,"DILUTED_EPS":null,"OPERATE_INCOME":40065742000,"OPERATE_INCOME_YOY":59.830077824,"GROSS_PROFIT":1337004000,"GROSS_PROFIT_YOY":206.806433290914,"HOLDER_PROFIT":-1674456000,"HOLDER_PROFIT_YOY":42.7811647525,"GROSS_PROFIT_RATIO":3.337025431851,"EPS_TTM":0.012868723717,"OPERATE_INCOME_QOQ":10.62934523553,"NET_PROFIT_RATIO":-4.9965304524,"ROE_AVG":-4.490734870345,"GROSS_PROFIT_QOQ":29.945317050984,"ROA":-0.494965195975,"HOLDER_PROFIT_QOQ":120.56411189789,"ROE_YEARLY":-17.962939481379,"ROIC_YEARLY":-2.08214725396,"TOTAL_ASSETS":341316757000,"TOTAL_LIABILITIES":306276826000,"TAX_EBT":-3.932343935116,"OCF_SALES":23.479769824305,"TOTAL_PARENT_EQUITY":37343846000,"DEBT_ASSET_RATIO":89.7338966572,"OPERATE_PROFIT":-221350000,"PRETAX_PROFIT":-1926154000,"NETCASH_OPERATE":9407344000,"NETCASH_INVEST":-2510272000,"NETCASH_FINANCE":31293000,"END_CASH":21935304000,"DIVI_RATIO":null,"DIVIDEND_RATE":null,"CURRENT_RATIO":0.330046958459,"COMMON_ACS":null,"CURRENTDEBT_DEBT":40.19659554654,"ISSUED_COMMON_SHARES":17448421000,"HK_COMMON_SHARES":4955610672,"PER_SHARES":2000,"TOTAL_MARKET_CAP":93349052350,"HKSK_MARKET_CAP":26512517095.2,"PE_TTM":-187.341115006719,"PB_TTM":2.076337243169,"REPORT_DATE_SQ":"2023-03-31 00:00:00","REPORT_TYPE_SQ":"2023年一季报","OPERATE_INCOME_SQ":25067711000,"DPS_HKD":null,"OPERATE_INCOME_QOQ_SQ":22.969166228839,"NET_PROFIT_RATIO_SQ":-13.0592218811,"HOLDER_PROFIT_SQ":-2926407000,"HOLDER_PROFIT_QOQ_SQ":15.468419171155,"ROE_AVG_SQ":-9.936375634846,"PE_TTM_SQ":-7.299731657282,"PB_TTM_SQ":1.937189539442,"ROA_SQ":-0.91431358318,"START_DATE":"2024-01-01 00:00:00","FISCAL_YEAR":"12-31","CURRENCY":"HKD","IS_CNY_CODE":0,"DPS_HKD_LY":null,"ORG_TYPE":"一般企业","PREMIUM_INCOME":null,"PREMIUM_INCOME_YOY":null,"NET_INTEREST_INCOME":null,"NET_INTEREST_INCOME_YOY":null,"FEE_COMMISSION_INCOME":null,"FEE_COMMISSION_INCOME_YOY":null,"ACCOUNTS_RECE_TDAYS":10.65597374421,"INVENTORY_TDAYS":9.373270786353,"CURRENT_ASSETS_TDAYS":1.098176790306,"TOTAL_ASSETS_TDAYS":0.118433376816,"PREMIUM_EXPENSE":null,"LOAN_DEPOSIT":null,"LOAN_EQUITY":null,"LOAN_ASSETS":null,"DEPOSIT_EQUITY":null,"DEPOSIT_ASSETS":null,"EQUITY_MULTIPLIER":9.740794209921,"EQUITY_RATIO":8.201534089445},{"SECUCODE":"00753.HK","SECURITY_CODE":"00753","SECURITY_NAME_ABBR":"中国国航","ORG_CODE":"10038584","STD_REPORT_DATE":"2023-12-31 00:00:00","REPORT_DATE":"2023-12-31 00:00:00","DATE_TYPE_CODE":"001","REPORT_TYPE":"2023年年报","PER_NETCASH_OPERATE":1.722415950814,"PER_OI":8.709464741074,"BPS":2.132340513792,"BASIC_EPS":-0.0674,"DILUTED_EPS":-0.0674,"OPERATE_INCOME":141100234000,"OPERATE_INCOME_YOY":166.7423033914,"GROSS_PROFIT":8645108000,"GROSS_PROFIT_YOY":128.790667850561,"HOLDER_PROFIT":-1038411000,"HOLDER_PROFIT_YOY":97.3110348043,"GROSS_PROFIT_RATIO":6.126926763282,"EPS_TTM":-0.064096307532,"OPERATE_INCOME_QOQ":21.339111347188,"NET_PROFIT_RATIO":-1.1064815102,"ROE_AVG":-3.41677251974,"GROSS_PROFIT_QOQ":434.058812164303,"ROA":-0.329519302578,"HOLDER_PROFIT_QOQ":89.319846834403,"ROE_YEARLY":-3.41677251974,"ROIC_YEARLY":-0.341232090126,"TOTAL_ASSETS":335302681000,"TOTAL_LIABILITIES":300014685000,"TAX_EBT":5.366233901632,"OCF_SALES":19.776369754284,"TOTAL_PARENT_EQUITY":37229962000,"DEBT_ASSET_RATIO":89.4821801591,"OPERATE_PROFIT":2889523000,"PRETAX_PROFIT":-1649779000,"NETCASH_OPERATE":27904504000,"NETCASH_INVEST":-15245703000,"NETCASH_FINANCE":-8333338000,"END_CASH":15016804000,"DIVI_RATIO":null,"DIVIDEND_RATE":null,"CURRENT_RATIO":0.293106599063,"COMMON_ACS":null,"CURRENTDEBT_DEBT":36.770624744585,"ISSUED_COMMON_SHARES":17448421000,"HK_COMMON_SHARES":4955610672,"PER_SHARES":2000,"TOTAL_MARKET_CAP":93349052350,"HKSK_MARKET_CAP":26512517095.2,"PE_TTM":-187.341115006719,"PB_TTM":2.076337243169,"REPORT_DATE_SQ":"2022-12-31 00:00:00","REPORT_TYPE_SQ":"2022年年报","OPERATE_INCOME_SQ":52897584000,"DPS_HKD":null,"OPERATE_INCOME_QOQ_SQ":-10.589804642477,"NET_PROFIT_RATIO_SQ":-85.3988151897,"HOLDER_PROFIT_SQ":-38617495000,"HOLDER_PROFIT_QOQ_SQ":-12.205443421122,"ROE_AVG_SQ":-90.922742405437,"PE_TTM_SQ":-7.299731657282,"PB_TTM_SQ":1.937189539442,"ROA_SQ":-13.016535694392,"START_DATE":"2023-01-01 00:00:00","FISCAL_YEAR":"12-31","CURRENCY":"HKD","IS_CNY_CODE":0,"DPS_HKD_LY":null,"ORG_TYPE":"一般企业","PREMIUM_INCOME":null,"PREMIUM_INCOME_YOY":null,"NET_INTEREST_INCOME":null,"NET_INTEREST_INCOME_YOY":null,"FEE_COMMISSION_INCOME":null,"FEE_COMMISSION_INCOME_YOY":null,"ACCOUNTS_RECE_TDAYS":58.266912810585,"INVENTORY_TDAYS":42.449185052056,"CURRENT_ASSETS_TDAYS":5.170414679761,"TOTAL_ASSETS_TDAYS":0.447753834476,"PREMIUM_EXPENSE":null,"LOAN_DEPOSIT":null,"LOAN_EQUITY":null,"LOAN_ASSETS":null,"DEPOSIT_EQUITY":null,"DEPOSIT_ASSETS":null,"EQUITY_MULTIPLIER":9.507673787217,"EQUITY_RATIO":8.058420392693},{"SECUCODE":"00753.HK","SECURITY_CODE":"00753","SECURITY_NAME_ABBR":"中国国航","ORG_CODE":"10038584","STD_REPORT_DATE":"2023-09-30 00:00:00","REPORT_DATE":"2023-09-30 00:00:00","DATE_TYPE_CODE":"004","REPORT_TYPE":"2023年三季报","PER_NETCASH_OPERATE":2.041603539453,"PER_OI":6.510597725353,"BPS":2.238687156849,"BASIC_EPS":0.05,"DILUTED_EPS":0.05,"OPERATE_INCOME":105476845000,"OPERATE_INCOME_YOY":150.6068928698,"GROSS_PROFIT":8117759000,"GROSS_PROFIT_YOY":142.013456608898,"HOLDER_PROFIT":791421000,"HOLDER_PROFIT_YOY":102.8161177292,"GROSS_PROFIT_RATIO":7.696247456017,"EPS_TTM":-0.600144085368,"OPERATE_INCOME_QOQ":31.310216101687,"NET_PROFIT_RATIO":1.1252109408,"ROE_AVG":2.52693812512,"GROSS_PROFIT_QOQ":82.374420727392,"ROA":0.249721094986,"HOLDER_PROFIT_QOQ":57.030931837122,"ROE_YEARLY":3.369250833494,"ROIC_YEARLY":0.262015759826,"TOTAL_ASSETS":338864552000,"TOTAL_LIABILITIES":300838982000,"TAX_EBT":-26.109533787546,"OCF_SALES":31.35815827635,"TOTAL_PARENT_EQUITY":39061556000,"DEBT_ASSET_RATIO":88.7785341442,"OPERATE_PROFIT":7303654000,"PRETAX_PROFIT":941116000,"NETCASH_OPERATE":33075596000,"NETCASH_INVEST":-6409144000,"NETCASH_FINANCE":-15909432000,"END_CASH":21509768000,"DIVI_RATIO":null,"DIVIDEND_RATE":null,"CURRENT_RATIO":0.341129973234,"COMMON_ACS":null,"CURRENTDEBT_DEBT":37.528140551945,"ISSUED_COMMON_SHARES":17448421000,"HK_COMMON_SHARES":4955610672,"PER_SHARES":2000,"TOTAL_MARKET_CAP":93349052350,"HKSK_MARKET_CAP":26512517095.2,"PE_TTM":-187.341115006719,"PB_TTM":2.076337243169,"REPORT_DATE_SQ":"2022-09-30 00:00:00","REPORT_TYPE_SQ":"2022年三季报","OPERATE_INCOME_SQ":42088565000,"DPS_HKD":null,"OPERATE_INCOME_QOQ_SQ":-2.725576828347,"NET_PROFIT_RATIO_SQ":-77.009719861,"HOLDER_PROFIT_SQ":-28103264000,"HOLDER_PROFIT_QOQ_SQ":-17.501112558485,"ROE_AVG_SQ":-58.23408932882,"PE_TTM_SQ":-7.299731657282,"PB_TTM_SQ":1.937189539442,"ROA_SQ":-9.441372240356,"START_DATE":"2023-01-01 00:00:00","FISCAL_YEAR":"12-31","CURRENCY":"HKD","IS_CNY_CODE":0,"DPS_HKD_LY":null,"ORG_TYPE":"一般企业","PREMIUM_INCOME":null,"PREMIUM_INCOME_YOY":null,"NET_INTEREST_INCOME":null,"NET_INTEREST_INCOME_YOY":null,"FEE_COMMISSION_INCOME":null,"FEE_COMMISSION_INCOME_YOY":null,"ACCOUNTS_RECE_TDAYS":41.923909088217,"INVENTORY_TDAYS":30.073837276649,"CURRENT_ASSETS_TDAYS":3.472005329694,"TOTAL_ASSETS_TDAYS":0.332816455831,"PREMIUM_EXPENSE":null,"LOAN_DEPOSIT":null,"LOAN_EQUITY":null,"LOAN_ASSETS":null,"DEPOSIT_EQUITY":null,"DEPOSIT_ASSETS":null,"EQUITY_MULTIPLIER":8.911491714633,"EQUITY_RATIO":7.701664060694},{"SECUCODE":"00753.HK","SECURITY_CODE":"00753","SECURITY_NAME_ABBR":"中国国航","ORG_CODE":"10038584","STD_REPORT_DATE":"2023-06-30 00:00:00","REPORT_DATE":"2023-06-30 00:00:00","DATE_TYPE_CODE":"002","REPORT_TYPE":"2023年中报","PER_NETCASH_OPERATE":0.996356237711,"PER_OI":3.679646644217,"BPS":2.001029147566,"BASIC_EPS":-0.2239,"DILUTED_EPS":-0.2239,"OPERATE_INCOME":59613193000,"OPERATE_INCOME_YOY":148.8792911583,"GROSS_PROFIT":13507299000,"GROSS_PROFIT_YOY":192.882747942693,"HOLDER_PROFIT":-3446814000,"HOLDER_PROFIT_YOY":82.2665981919,"GROSS_PROFIT_RATIO":1.346205360951,"EPS_TTM":-1.396688620505,"OPERATE_INCOME_QOQ":36.143321738051,"NET_PROFIT_RATIO":-6.7836560944,"ROE_AVG":-11.785596229226,"GROSS_PROFIT_QOQ":40.091187842361,"ROA":-1.07802837318,"HOLDER_PROFIT_QOQ":30.684114825585,"ROE_YEARLY":-23.571192458453,"ROIC_YEARLY":-2.271533469305,"TOTAL_ASSETS":344486909000,"TOTAL_LIABILITIES":311592600000,"TAX_EBT":7.252377774261,"OCF_SALES":27.077497761276,"TOTAL_PARENT_EQUITY":34914799000,"DEBT_ASSET_RATIO":90.4512165366,"OPERATE_PROFIT":-898200000,"PRETAX_PROFIT":-4360170000,"NETCASH_OPERATE":16141761000,"NETCASH_INVEST":-2031533000,"NETCASH_FINANCE":1046109000,"END_CASH":25969930000,"DIVI_RATIO":null,"DIVIDEND_RATE":null,"CURRENT_RATIO":0.385145464647,"COMMON_ACS":null,"CURRENTDEBT_DEBT":36.052906583789,"ISSUED_COMMON_SHARES":17448421000,"HK_COMMON_SHARES":4955610672,"PER_SHARES":2000,"TOTAL_MARKET_CAP":93349052350,"HKSK_MARKET_CAP":26512517095.2,"PE_TTM":-187.341115006719,"PB_TTM":2.076337243169,"REPORT_DATE_SQ":"2022-06-30 00:00:00","REPORT_TYPE_SQ":"2022年中报","OPERATE_INCOME_SQ":23952653000,"DPS_HKD":null,"OPERATE_INCOME_QOQ_SQ":-16.533944834295,"NET_PROFIT_RATIO_SQ":-92.7418979434,"HOLDER_PROFIT_SQ":-19436846000,"HOLDER_PROFIT_QOQ_SQ":-51.55028550014,"ROE_AVG_SQ":-37.286193175069,"PE_TTM_SQ":-7.299731657282,"PB_TTM_SQ":1.937189539442,"ROA_SQ":-6.504130666005,"START_DATE":"2023-01-01 00:00:00","FISCAL_YEAR":"12-31","CURRENCY":"HKD","IS_CNY_CODE":0,"DPS_HKD_LY":null,"ORG_TYPE":"一般企业","PREMIUM_INCOME":null,"PREMIUM_INCOME_YOY":null,"NET_INTEREST_INCOME":null,"NET_INTEREST_INCOME_YOY":null,"FEE_COMMISSION_INCOME":null,"FEE_COMMISSION_INCOME_YOY":null,"ACCOUNTS_RECE_TDAYS":21.564725529318,"INVENTORY_TDAYS":18.856151439989,"CURRENT_ASSETS_TDAYS":1.819925776589,"TOTAL_ASSETS_TDAYS":0.186446711281,"PREMIUM_EXPENSE":null,"LOAN_DEPOSIT":null,"LOAN_EQUITY":null,"LOAN_ASSETS":null,"DEPOSIT_EQUITY":null,"DEPOSIT_ASSETS":null,"EQUITY_MULTIPLIER":10.472538243567,"EQUITY_RATIO":8.924370436731},{"SECUCODE":"00753.HK","SECURITY_CODE":"00753","SECURITY_NAME_ABBR":"中国国航","ORG_CODE":"10038584","STD_REPORT_DATE":"2023-03-31 00:00:00","REPORT_DATE":"2023-03-31 00:00:00","DATE_TYPE_CODE":"003","REPORT_TYPE":"2023年一季报","PER_NETCASH_OPERATE":0.419495395562,"PER_OI":1.547313841407,"BPS":2.024580333086,"BASIC_EPS":-0.19,"DILUTED_EPS":null,"OPERATE_INCOME":25067711000,"OPERATE_INCOME_YOY":94.0589245181,"GROSS_PROFIT":-1251801000,"GROSS_PROFIT_YOY":81.512197095949,"HOLDER_PROFIT":-2926407000,"HOLDER_PROFIT_YOY":67.1187379936,"GROSS_PROFIT_RATIO":-4.993678920265,"EPS_TTM":-2.014961818624,"OPERATE_INCOME_QOQ":22.969166228839,"NET_PROFIT_RATIO":-13.0592218811,"ROE_AVG":-9.936375634846,"GROSS_PROFIT_QOQ":18.38035550519,"ROA":-0.91431358318,"HOLDER_PROFIT_QOQ":15.468419171155,"ROE_YEARLY":-39.745502539382,"ROIC_YEARLY":-3.870151772498,"TOTAL_ASSETS":345152642000,"TOTAL_LIABILITIES":315810676000,"TAX_EBT":0.267636841331,"OCF_SALES":27.111202933527,"TOTAL_PARENT_EQUITY":35325730000,"DEBT_ASSET_RATIO":91.4988435754,"OPERATE_PROFIT":-2223200000,"PRETAX_PROFIT":-3282433000,"NETCASH_OPERATE":6796158000,"NETCASH_INVEST":3428079000,"NETCASH_FINANCE":11245378000,"END_CASH":32052201000,"DIVI_RATIO":null,"DIVIDEND_RATE":null,"CURRENT_RATIO":0.39878106581,"COMMON_ACS":null,"CURRENTDEBT_DEBT":36.080250181283,"ISSUED_COMMON_SHARES":17448421000,"HK_COMMON_SHARES":4955610672,"PER_SHARES":2000,"TOTAL_MARKET_CAP":93349052350,"HKSK_MARKET_CAP":26512517095.2,"PE_TTM":-187.341115006719,"PB_TTM":2.076337243169,"REPORT_DATE_SQ":"2022-03-31 00:00:00","REPORT_TYPE_SQ":"2022年一季报","OPERATE_INCOME_SQ":12917577000,"DPS_HKD":null,"OPERATE_INCOME_QOQ_SQ":-2.231401765183,"NET_PROFIT_RATIO_SQ":-76.4203611869,"HOLDER_PROFIT_SQ":-8899923000,"HOLDER_PROFIT_QOQ_SQ":-16.183373571356,"ROE_AVG_SQ":-15.648997819399,"PE_TTM_SQ":-7.299731657282,"PB_TTM_SQ":1.937189539442,"ROA_SQ":-3.009174558966,"START_DATE":"2023-01-01 00:00:00","FISCAL_YEAR":"12-31","CURRENCY":"HKD","IS_CNY_CODE":0,"DPS_HKD_LY":null,"ORG_TYPE":"一般企业","PREMIUM_INCOME":null,"PREMIUM_INCOME_YOY":null,"NET_INTEREST_INCOME":null,"NET_INTEREST_INCOME_YOY":null,"FEE_COMMISSION_INCOME":null,"FEE_COMMISSION_INCOME_YOY":null,"ACCOUNTS_RECE_TDAYS":11.196523177736,"INVENTORY_TDAYS":8.999591386356,"CURRENT_ASSETS_TDAYS":0.740723971177,"TOTAL_ASSETS_TDAYS":0.078320440959,"PREMIUM_EXPENSE":null,"LOAN_DEPOSIT":null,"LOAN_EQUITY":null,"LOAN_ASSETS":null,"DEPOSIT_EQUITY":null,"DEPOSIT_ASSETS":null,"EQUITY_MULTIPLIER":11.763105512402,"EQUITY_RATIO":8.939961778568},{"SECUCODE":"00753.HK","SECURITY_CODE":"00753","SECURITY_NAME_ABBR":"中国国航","ORG_CODE":"10038584","STD_REPORT_DATE":"2022-12-31 00:00:00","REPORT_DATE":"2022-12-31 00:00:00","DATE_TYPE_CODE":"001","REPORT_TYPE":"2022年年报","PER_NETCASH_OPERATE":-1.607005163419,"PER_OI":3.641876562714,"BPS":1.351249835157,"BASIC_EPS":-2.8116,"DILUTED_EPS":-2.8116,"OPERATE_INCOME":52897584000,"OPERATE_INCOME_YOY":-29.0267023401,"GROSS_PROFIT":-30027466000,"GROSS_PROFIT_YOY":-186.667965039405,"HOLDER_PROFIT":-38617495000,"HOLDER_PROFIT_YOY":-132.1435634773,"GROSS_PROFIT_RATIO":-56.76528818405,"EPS_TTM":-2.658725395686,"OPERATE_INCOME_QOQ":-10.589804642477,"NET_PROFIT_RATIO":-85.3988151897,"ROE_AVG":-90.922742405437,"GROSS_PROFIT_QOQ":-24.573719057952,"ROA":-13.016535694392,"HOLDER_PROFIT_QOQ":-12.205443421122,"ROE_YEARLY":-90.922742405437,"ROIC_YEARLY":-13.684331881974,"TOTAL_ASSETS":294979377000,"TOTAL_LIABILITIES":273451149000,"TAX_EBT":1.53232048789,"OCF_SALES":-44.125744948957,"TOTAL_PARENT_EQUITY":23577176000,"DEBT_ASSET_RATIO":92.7017853862,"OPERATE_PROFIT":-35443794000,"PRETAX_PROFIT":-45876891000,"NETCASH_OPERATE":-23341453000,"NETCASH_INVEST":-6870708000,"NETCASH_FINANCE":24676558000,"END_CASH":10607711000,"DIVI_RATIO":null,"DIVIDEND_RATE":null,"CURRENT_RATIO":0.240533128132,"COMMON_ACS":null,"CURRENTDEBT_DEBT":33.820522728906,"ISSUED_COMMON_SHARES":17448421000,"HK_COMMON_SHARES":4955610672,"PER_SHARES":2000,"TOTAL_MARKET_CAP":93349052350,"HKSK_MARKET_CAP":26512517095.2,"PE_TTM":-187.341115006719,"PB_TTM":2.076337243169,"REPORT_DATE_SQ":"2021-12-31 00:00:00","REPORT_TYPE_SQ":"2021年年报","OPERATE_INCOME_SQ":74531670000,"DPS_HKD":null,"OPERATE_INCOME_QOQ_SQ":-5.063813062366,"NET_PROFIT_RATIO_SQ":-25.2540134952,"HOLDER_PROFIT_SQ":-16635178000,"HOLDER_PROFIT_QOQ_SQ":-13.83694276181,"ROE_AVG_SQ":-23.951035766469,"PE_TTM_SQ":-7.299731657282,"PB_TTM_SQ":1.937189539442,"ROA_SQ":-5.71252381605,"START_DATE":"2022-01-01 00:00:00","FISCAL_YEAR":"12-31","CURRENCY":"HKD","IS_CNY_CODE":0,"DPS_HKD_LY":null,"ORG_TYPE":"一般企业","PREMIUM_INCOME":null,"PREMIUM_INCOME_YOY":null,"NET_INTEREST_INCOME":null,"NET_INTEREST_INCOME_YOY":null,"FEE_COMMISSION_INCOME":null,"FEE_COMMISSION_INCOME_YOY":null,"ACCOUNTS_RECE_TDAYS":22.74447351771,"INVENTORY_TDAYS":35.990955067213,"CURRENT_ASSETS_TDAYS":2.009715652329,"TOTAL_ASSETS_TDAYS":0.178298279131,"PREMIUM_EXPENSE":null,"LOAN_DEPOSIT":null,"LOAN_EQUITY":null,"LOAN_ASSETS":null,"DEPOSIT_EQUITY":null,"DEPOSIT_ASSETS":null,"EQUITY_MULTIPLIER":13.701981277847,"EQUITY_RATIO":11.598129860845},{"SECUCODE":"00753.HK","SECURITY_CODE":"00753","SECURITY_NAME_ABBR":"中国国航","ORG_CODE":"10038584","STD_REPORT_DATE":"2022-09-30 00:00:00","REPORT_DATE":"2022-09-30 00:00:00","DATE_TYPE_CODE":"004","REPORT_TYPE":"2022年三季报","PER_NETCASH_OPERATE":-0.337048006301,"PER_OI":2.897700553427,"BPS":2.014491741115,"BASIC_EPS":-2.05,"DILUTED_EPS":null,"OPERATE_INCOME":42088565000,"OPERATE_INCOME_YOY":-26.7482575142,"GROSS_PROFIT":-19321807000,"GROSS_PROFIT_YOY":-239.4386224297,"HOLDER_PROFIT":-28103264000,"HOLDER_PROFIT_YOY":-172.2744688431,"GROSS_PROFIT_RATIO":-45.907497677813,"EPS_TTM":-2.369515519588,"OPERATE_INCOME_QOQ":-2.725576828347,"NET_PROFIT_RATIO":-77.009719861,"ROE_AVG":-58.23408932882,"GROSS_PROFIT_QOQ":-14.464914814623,"ROA":-9.441372240356,"HOLDER_PROFIT_QOQ":-17.501112558485,"ROE_YEARLY":-77.645452438427,"ROIC_YEARLY":-10.034003663261,"TOTAL_ASSETS":296940407000,"TOTAL_LIABILITIES":261604740000,"TAX_EBT":2.847727625942,"OCF_SALES":-11.631567861722,"TOTAL_PARENT_EQUITY":35149700000,"DEBT_ASSET_RATIO":88.1000813069,"OPERATE_PROFIT":-23998974000,"PRETAX_PROFIT":-33362355000,"NETCASH_OPERATE":-4895560000,"NETCASH_INVEST":-5653186000,"NETCASH_FINANCE":8349776000,"END_CASH":13775693000,"DIVI_RATIO":null,"DIVIDEND_RATE":null,"CURRENT_RATIO":0.295551789475,"COMMON_ACS":null,"CURRENTDEBT_DEBT":34.620199542256,"ISSUED_COMMON_SHARES":17448421000,"HK_COMMON_SHARES":4955610672,"PER_SHARES":2000,"TOTAL_MARKET_CAP":93349052350,"HKSK_MARKET_CAP":26512517095.2,"PE_TTM":-187.341115006719,"PB_TTM":2.076337243169,"REPORT_DATE_SQ":"2021-09-30 00:00:00","REPORT_TYPE_SQ":"2021年三季报","OPERATE_INCOME_SQ":57457425000,"DPS_HKD":null,"OPERATE_INCOME_QOQ_SQ":1.271046567477,"NET_PROFIT_RATIO_SQ":-20.5307112179,"HOLDER_PROFIT_SQ":-10321667000,"HOLDER_PROFIT_QOQ_SQ":-24.420575509199,"ROE_AVG_SQ":-14.184684656983,"PE_TTM_SQ":-7.299731657282,"PB_TTM_SQ":1.937189539442,"ROA_SQ":-3.612287372478,"START_DATE":"2022-01-01 00:00:00","FISCAL_YEAR":"12-31","CURRENCY":"HKD","IS_CNY_CODE":0,"DPS_HKD_LY":null,"ORG_TYPE":"一般企业","PREMIUM_INCOME":null,"PREMIUM_INCOME_YOY":null,"NET_INTEREST_INCOME":null,"NET_INTEREST_INCOME_YOY":null,"FEE_COMMISSION_INCOME":null,"FEE_COMMISSION_INCOME_YOY":null,"ACCOUNTS_RECE_TDAYS":17.224926370035,"INVENTORY_TDAYS":27.186877773567,"CURRENT_ASSETS_TDAYS":1.472547536541,"TOTAL_ASSETS_TDAYS":0.141397742706,"PREMIUM_EXPENSE":null,"LOAN_DEPOSIT":null,"LOAN_EQUITY":null,"LOAN_ASSETS":null,"DEPOSIT_EQUITY":null,"DEPOSIT_ASSETS":null,"EQUITY_MULTIPLIER":8.403418761002,"EQUITY_RATIO":7.442588130197}],"count":75},"success":true,"message":"ok","code":0}