{"version":"b1e5dde80dcf1d41f940323d7002278e","result":{"pages":7,"data":[{"SECUCODE":"00751.HK","SECURITY_CODE":"00751","SECURITY_NAME_ABBR":"创维集团","ORG_CODE":"10009100","STD_REPORT_DATE":"2024-06-30 00:00:00","REPORT_DATE":"2024-06-30 00:00:00","DATE_TYPE_CODE":"002","REPORT_TYPE":"2024年中报","PER_NETCASH_OPERATE":-1.095469705162,"PER_OI":12.913095394744,"BPS":8.000385372568,"BASIC_EPS":0.1631,"DILUTED_EPS":0.1631,"OPERATE_INCOME":30153000000,"OPERATE_INCOME_YOY":-6.6470588235,"GROSS_PROFIT":4289000000,"GROSS_PROFIT_YOY":2.16769890424,"HOLDER_PROFIT":384000000,"HOLDER_PROFIT_YOY":27.1523178808,"GROSS_PROFIT_RATIO":14.224123636122,"EPS_TTM":0.49291854208,"OPERATE_INCOME_QOQ":-3.110196868074,"NET_PROFIT_RATIO":2.3679235897,"ROE_AVG":2.132977837027,"GROSS_PROFIT_QOQ":0.943494038362,"ROA":0.56265797282,"HOLDER_PROFIT_QOQ":7.670720299345,"ROE_YEARLY":4.265955674054,"ROIC_YEARLY":1.40356007164,"TOTAL_ASSETS":69334000000,"TOTAL_LIABILITIES":46818000000,"TAX_EBT":26.315789473684,"OCF_SALES":-8.483401319935,"TOTAL_PARENT_EQUITY":17867000000,"DEBT_ASSET_RATIO":67.5253122566,"OPERATE_PROFIT":1251000000,"PRETAX_PROFIT":969000000,"NETCASH_OPERATE":-2558000000,"NETCASH_INVEST":-807000000,"NETCASH_FINANCE":2947000000,"END_CASH":8678000000,"DIVI_RATIO":0.09192391061,"DIVIDEND_RATE":1.824817518248,"CURRENT_RATIO":1.318878312044,"COMMON_ACS":10000000000,"CURRENTDEBT_DEBT":78.758169934641,"ISSUED_COMMON_SHARES":2233267420,"HK_COMMON_SHARES":2233267420,"PER_SHARES":2000,"TOTAL_MARKET_CAP":6119152730.8,"HKSK_MARKET_CAP":6119152730.8,"PE_TTM":4.80759976924,"PB_TTM":0.312577842634,"REPORT_DATE_SQ":"2023-06-30 00:00:00","REPORT_TYPE_SQ":"2023年中报","OPERATE_INCOME_SQ":32300000000,"DPS_HKD":0.05,"OPERATE_INCOME_QOQ_SQ":14.985698528724,"NET_PROFIT_RATIO_SQ":1.907120743,"HOLDER_PROFIT_SQ":302000000,"HOLDER_PROFIT_QOQ_SQ":-4.47400241838,"ROE_AVG_SQ":1.690361580656,"PE_TTM_SQ":7.14982516581,"PB_TTM_SQ":0.316210890904,"ROA_SQ":0.448700329096,"START_DATE":"2024-01-01 00:00:00","FISCAL_YEAR":"12-31","CURRENCY":"HKD","IS_CNY_CODE":0,"DPS_HKD_LY":0.05,"ORG_TYPE":"一般企业","PREMIUM_INCOME":null,"PREMIUM_INCOME_YOY":null,"NET_INTEREST_INCOME":null,"NET_INTEREST_INCOME_YOY":null,"FEE_COMMISSION_INCOME":null,"FEE_COMMISSION_INCOME_YOY":null,"ACCOUNTS_RECE_TDAYS":1.769542253521,"INVENTORY_TDAYS":1.492010383617,"CURRENT_ASSETS_TDAYS":0.632748562555,"TOTAL_ASSETS_TDAYS":0.441818381626,"PREMIUM_EXPENSE":null,"LOAN_DEPOSIT":null,"LOAN_EQUITY":null,"LOAN_ASSETS":null,"DEPOSIT_EQUITY":null,"DEPOSIT_ASSETS":null,"EQUITY_MULTIPLIER":3.079321371468,"EQUITY_RATIO":2.620361560419},{"SECUCODE":"00751.HK","SECURITY_CODE":"00751","SECURITY_NAME_ABBR":"创维集团","ORG_CODE":"10009100","STD_REPORT_DATE":"2023-12-31 00:00:00","REPORT_DATE":"2023-12-31 00:00:00","DATE_TYPE_CODE":"001","REPORT_TYPE":"2023年年报","PER_NETCASH_OPERATE":1.029242192335,"PER_OI":28.695322204809,"BPS":8.122180011922,"BASIC_EPS":0.4315,"DILUTED_EPS":0.4315,"OPERATE_INCOME":69031000000,"OPERATE_INCOME_YOY":29.0516161597,"GROSS_PROFIT":9645000000,"GROSS_PROFIT_YOY":17.52162787864,"HOLDER_PROFIT":1069000000,"HOLDER_PROFIT_YOY":29.2623941959,"GROSS_PROFIT_RATIO":13.97198360157,"EPS_TTM":0.444369912604,"OPERATE_INCOME_QOQ":12.23275399548,"NET_PROFIT_RATIO":2.5582709218,"ROE_AVG":5.937899239016,"GROSS_PROFIT_QOQ":13.124560168895,"ROA":1.62497814868,"HOLDER_PROFIT_QOQ":35.316455696203,"ROE_YEARLY":5.937899239016,"ROIC_YEARLY":2.040894251513,"TOTAL_ASSETS":67161000000,"TOTAL_LIABILITIES":44404000000,"TAX_EBT":23.97761515282,"OCF_SALES":3.586794338775,"TOTAL_PARENT_EQUITY":18139000000,"DEBT_ASSET_RATIO":66.1157517011,"OPERATE_PROFIT":2847000000,"PRETAX_PROFIT":2323000000,"NETCASH_OPERATE":2476000000,"NETCASH_INVEST":-352000000,"NETCASH_FINANCE":-2213000000,"END_CASH":9114000000,"DIVI_RATIO":0.101966849498,"DIVIDEND_RATE":1.845018450185,"CURRENT_RATIO":1.31751721802,"COMMON_ACS":10000000000,"CURRENTDEBT_DEBT":79.785604900459,"ISSUED_COMMON_SHARES":2233267420,"HK_COMMON_SHARES":2233267420,"PER_SHARES":2000,"TOTAL_MARKET_CAP":6052154708.2,"HKSK_MARKET_CAP":6052154708.2,"PE_TTM":4.754961815562,"PB_TTM":0.309155457496,"REPORT_DATE_SQ":"2022-12-31 00:00:00","REPORT_TYPE_SQ":"2022年年报","OPERATE_INCOME_SQ":53491000000,"DPS_HKD":0.05,"OPERATE_INCOME_QOQ_SQ":0.06547440886,"NET_PROFIT_RATIO_SQ":2.6303490307,"HOLDER_PROFIT_SQ":827000000,"HOLDER_PROFIT_QOQ_SQ":-40.460763138949,"ROE_AVG_SQ":4.605702829138,"PE_TTM_SQ":8.384093815499,"PB_TTM_SQ":0.370798126296,"ROA_SQ":1.320126744938,"START_DATE":"2023-01-01 00:00:00","FISCAL_YEAR":"12-31","CURRENCY":"HKD","IS_CNY_CODE":0,"DPS_HKD_LY":0.03,"ORG_TYPE":"一般企业","PREMIUM_INCOME":null,"PREMIUM_INCOME_YOY":null,"NET_INTEREST_INCOME":null,"NET_INTEREST_INCOME_YOY":null,"FEE_COMMISSION_INCOME":null,"FEE_COMMISSION_INCOME_YOY":null,"ACCOUNTS_RECE_TDAYS":4.12815452697,"INVENTORY_TDAYS":3.650703879019,"CURRENT_ASSETS_TDAYS":1.482895288014,"TOTAL_ASSETS_TDAYS":1.049334579809,"PREMIUM_EXPENSE":null,"LOAN_DEPOSIT":null,"LOAN_EQUITY":null,"LOAN_ASSETS":null,"DEPOSIT_EQUITY":null,"DEPOSIT_ASSETS":null,"EQUITY_MULTIPLIER":2.951223799267,"EQUITY_RATIO":2.447985004686},{"SECUCODE":"00751.HK","SECURITY_CODE":"00751","SECURITY_NAME_ABBR":"创维集团","ORG_CODE":"10009100","STD_REPORT_DATE":"2023-06-30 00:00:00","REPORT_DATE":"2023-06-30 00:00:00","DATE_TYPE_CODE":"002","REPORT_TYPE":"2023年中报","PER_NETCASH_OPERATE":0.263962508117,"PER_OI":12.996934469803,"BPS":7.999489823749,"BASIC_EPS":0.1195,"DILUTED_EPS":0.1195,"OPERATE_INCOME":32300000000,"OPERATE_INCOME_YOY":33.009388898,"GROSS_PROFIT":4198000000,"GROSS_PROFIT_YOY":8.223769012632,"HOLDER_PROFIT":302000000,"HOLDER_PROFIT_YOY":-10.9144542773,"GROSS_PROFIT_RATIO":12.996904024768,"EPS_TTM":0.317881678983,"OPERATE_INCOME_QOQ":14.985698528724,"NET_PROFIT_RATIO":1.907120743,"ROE_AVG":1.690361580656,"GROSS_PROFIT_QOQ":3.886925795053,"ROA":0.448700329096,"HOLDER_PROFIT_QOQ":-4.47400241838,"ROE_YEARLY":3.380723161312,"ROIC_YEARLY":1.12975328732,"TOTAL_ASSETS":70201000000,"TOTAL_LIABILITIES":48144000000,"TAX_EBT":24.969549330085,"OCF_SALES":2.030959752322,"TOTAL_PARENT_EQUITY":17865000000,"DEBT_ASSET_RATIO":68.580219655,"OPERATE_PROFIT":1118000000,"PRETAX_PROFIT":821000000,"NETCASH_OPERATE":656000000,"NETCASH_INVEST":-307000000,"NETCASH_FINANCE":981000000,"END_CASH":10412000000,"DIVI_RATIO":0.142540457648,"DIVIDEND_RATE":1.845018450185,"CURRENT_RATIO":1.285689045936,"COMMON_ACS":10000000000,"CURRENTDEBT_DEBT":82.294782319708,"ISSUED_COMMON_SHARES":2233267420,"HK_COMMON_SHARES":2233267420,"PER_SHARES":2000,"TOTAL_MARKET_CAP":6052154708.2,"HKSK_MARKET_CAP":6052154708.2,"PE_TTM":4.754961815562,"PB_TTM":0.309155457496,"REPORT_DATE_SQ":"2022-06-30 00:00:00","REPORT_TYPE_SQ":"2022年中报","OPERATE_INCOME_SQ":24284000000,"DPS_HKD":0.05,"OPERATE_INCOME_QOQ_SQ":1.484337349398,"NET_PROFIT_RATIO_SQ":2.5984187119,"HOLDER_PROFIT_SQ":339000000,"HOLDER_PROFIT_QOQ_SQ":2.022178734508,"ROE_AVG_SQ":1.899904724542,"PE_TTM_SQ":8.384093815499,"PB_TTM_SQ":0.370798126296,"ROA_SQ":0.554478765426,"START_DATE":"2023-01-01 00:00:00","FISCAL_YEAR":"12-31","CURRENCY":"HKD","IS_CNY_CODE":0,"DPS_HKD_LY":0.03,"ORG_TYPE":"一般企业","PREMIUM_INCOME":null,"PREMIUM_INCOME_YOY":null,"NET_INTEREST_INCOME":null,"NET_INTEREST_INCOME_YOY":null,"FEE_COMMISSION_INCOME":null,"FEE_COMMISSION_INCOME_YOY":null,"ACCOUNTS_RECE_TDAYS":1.823467976402,"INVENTORY_TDAYS":1.662053465815,"CURRENT_ASSETS_TDAYS":0.663482771016,"TOTAL_ASSETS_TDAYS":0.479901345358,"PREMIUM_EXPENSE":null,"LOAN_DEPOSIT":null,"LOAN_EQUITY":null,"LOAN_ASSETS":null,"DEPOSIT_EQUITY":null,"DEPOSIT_ASSETS":null,"EQUITY_MULTIPLIER":3.182708437232,"EQUITY_RATIO":2.694878253568},{"SECUCODE":"00751.HK","SECURITY_CODE":"00751","SECURITY_NAME_ABBR":"创维集团","ORG_CODE":"10009100","STD_REPORT_DATE":"2022-12-31 00:00:00","REPORT_DATE":"2022-12-31 00:00:00","DATE_TYPE_CODE":"001","REPORT_TYPE":"2022年年报","PER_NETCASH_OPERATE":1.991334199406,"PER_OI":20.691231091773,"BPS":8.000385372568,"BASIC_EPS":0.3197,"DILUTED_EPS":0.3195,"OPERATE_INCOME":53491000000,"OPERATE_INCOME_YOY":5.0325950361,"GROSS_PROFIT":8207000000,"GROSS_PROFIT_YOY":-3.989237248479,"HOLDER_PROFIT":827000000,"HOLDER_PROFIT_YOY":-49.388004896,"GROSS_PROFIT_RATIO":15.342767942271,"EPS_TTM":0.319897704528,"OPERATE_INCOME_QOQ":0.06547440886,"NET_PROFIT_RATIO":2.6303490307,"ROE_AVG":4.605702829138,"GROSS_PROFIT_QOQ":-5.958519537069,"ROA":1.320126744938,"HOLDER_PROFIT_QOQ":-40.460763138949,"ROE_YEARLY":4.605702829138,"ROIC_YEARLY":1.678199638791,"TOTAL_ASSETS":64410000000,"TOTAL_LIABILITIES":42516000000,"TAX_EBT":22.649807586586,"OCF_SALES":9.624048905423,"TOTAL_PARENT_EQUITY":17867000000,"DEBT_ASSET_RATIO":66.0083837913,"OPERATE_PROFIT":2243000000,"PRETAX_PROFIT":1819000000,"NETCASH_OPERATE":5148000000,"NETCASH_INVEST":-5051000000,"NETCASH_FINANCE":-1657000000,"END_CASH":9054000000,"DIVI_RATIO":0.141642154222,"DIVIDEND_RATE":1.845018450185,"CURRENT_RATIO":1.306780758297,"COMMON_ACS":10000000000,"CURRENTDEBT_DEBT":83.561482735911,"ISSUED_COMMON_SHARES":2233267420,"HK_COMMON_SHARES":2233267420,"PER_SHARES":2000,"TOTAL_MARKET_CAP":6052154708.2,"HKSK_MARKET_CAP":6052154708.2,"PE_TTM":4.754961815562,"PB_TTM":0.309155457496,"REPORT_DATE_SQ":"2021-12-31 00:00:00","REPORT_TYPE_SQ":"2021年年报","OPERATE_INCOME_SQ":50928000000,"DPS_HKD":0.05,"OPERATE_INCOME_QOQ_SQ":3.871099326943,"NET_PROFIT_RATIO_SQ":3.8583883129,"HOLDER_PROFIT_SQ":1634000000,"HOLDER_PROFIT_QOQ_SQ":-1.447527141134,"ROE_AVG_SQ":9.512443603551,"PE_TTM_SQ":8.384093815499,"PB_TTM_SQ":0.370798126296,"ROA_SQ":2.852529131934,"START_DATE":"2022-01-01 00:00:00","FISCAL_YEAR":"12-31","CURRENCY":"HKD","IS_CNY_CODE":0,"DPS_HKD_LY":0.26,"ORG_TYPE":"一般企业","PREMIUM_INCOME":null,"PREMIUM_INCOME_YOY":null,"NET_INTEREST_INCOME":null,"NET_INTEREST_INCOME_YOY":null,"FEE_COMMISSION_INCOME":null,"FEE_COMMISSION_INCOME_YOY":null,"ACCOUNTS_RECE_TDAYS":3.744426166392,"INVENTORY_TDAYS":3.049530287215,"CURRENT_ASSETS_TDAYS":1.169508942236,"TOTAL_ASSETS_TDAYS":0.853868194842,"PREMIUM_EXPENSE":null,"LOAN_DEPOSIT":null,"LOAN_EQUITY":null,"LOAN_ASSETS":null,"DEPOSIT_EQUITY":null,"DEPOSIT_ASSETS":null,"EQUITY_MULTIPLIER":2.941901890926,"EQUITY_RATIO":2.379582470476},{"SECUCODE":"00751.HK","SECURITY_CODE":"00751","SECURITY_NAME_ABBR":"创维集团","ORG_CODE":"10009100","STD_REPORT_DATE":"2022-09-30 00:00:00","REPORT_DATE":"2022-09-30 00:00:00","DATE_TYPE_CODE":"004","REPORT_TYPE":"2022年三季报","PER_NETCASH_OPERATE":1.142311062768,"PER_OI":14.751747469067,"BPS":7.840529908416,"BASIC_EPS":0.1992,"DILUTED_EPS":0.1989,"OPERATE_INCOME":38419000000,"OPERATE_INCOME_YOY":7.0435485219,"GROSS_PROFIT":6017000000,"GROSS_PROFIT_YOY":3.066118533744,"HOLDER_PROFIT":518000000,"HOLDER_PROFIT_YOY":-32.1100917431,"GROSS_PROFIT_RATIO":15.661521642937,"EPS_TTM":0.533334476028,"OPERATE_INCOME_QOQ":1.540507170671,"NET_PROFIT_RATIO":2.5872615112,"ROE_AVG":2.913795528055,"GROSS_PROFIT_QOQ":0.518313752592,"ROA":0.842625804195,"HOLDER_PROFIT_QOQ":-11.18925831202,"ROE_YEARLY":3.885060704074,"ROIC_YEARLY":1.078178336525,"TOTAL_ASSETS":62068000000,"TOTAL_LIABILITIES":40552000000,"TAX_EBT":23.889739663093,"OCF_SALES":7.743564382207,"TOTAL_PARENT_EQUITY":17510000000,"DEBT_ASSET_RATIO":65.3347940968,"OPERATE_PROFIT":1682000000,"PRETAX_PROFIT":1306000000,"NETCASH_OPERATE":2975000000,"NETCASH_INVEST":-2524000000,"NETCASH_FINANCE":-1857000000,"END_CASH":9203000000,"DIVI_RATIO":0.084957942973,"DIVIDEND_RATE":1.845018450185,"CURRENT_RATIO":1.301433723283,"COMMON_ACS":10000000000,"CURRENTDEBT_DEBT":84.106825803906,"ISSUED_COMMON_SHARES":2233267420,"HK_COMMON_SHARES":2233267420,"PER_SHARES":2000,"TOTAL_MARKET_CAP":6052154708.2,"HKSK_MARKET_CAP":6052154708.2,"PE_TTM":4.754961815562,"PB_TTM":0.309155457496,"REPORT_DATE_SQ":"2021-09-30 00:00:00","REPORT_TYPE_SQ":"2021年三季报","OPERATE_INCOME_SQ":35891000000,"DPS_HKD":0.05,"OPERATE_INCOME_QOQ_SQ":5.032025877766,"NET_PROFIT_RATIO_SQ":2.7834276002,"HOLDER_PROFIT_SQ":763000000,"HOLDER_PROFIT_QOQ_SQ":13.717421124829,"ROE_AVG_SQ":4.542207405644,"PE_TTM_SQ":8.384093815499,"PB_TTM_SQ":0.370798126296,"ROA_SQ":1.361066019729,"START_DATE":"2022-01-01 00:00:00","FISCAL_YEAR":"12-31","CURRENCY":"HKD","IS_CNY_CODE":0,"DPS_HKD_LY":0.26,"ORG_TYPE":"一般企业","PREMIUM_INCOME":null,"PREMIUM_INCOME_YOY":null,"NET_INTEREST_INCOME":null,"NET_INTEREST_INCOME_YOY":null,"FEE_COMMISSION_INCOME":null,"FEE_COMMISSION_INCOME_YOY":null,"ACCOUNTS_RECE_TDAYS":3.416540684749,"INVENTORY_TDAYS":2.245772109787,"CURRENT_ASSETS_TDAYS":0.859120284443,"TOTAL_ASSETS_TDAYS":0.62495831605,"PREMIUM_EXPENSE":null,"LOAN_DEPOSIT":null,"LOAN_EQUITY":null,"LOAN_ASSETS":null,"DEPOSIT_EQUITY":null,"DEPOSIT_ASSETS":null,"EQUITY_MULTIPLIER":2.884736939952,"EQUITY_RATIO":2.315933752142},{"SECUCODE":"00751.HK","SECURITY_CODE":"00751","SECURITY_NAME_ABBR":"创维集团","ORG_CODE":"10009100","STD_REPORT_DATE":"2022-06-30 00:00:00","REPORT_DATE":"2022-06-30 00:00:00","DATE_TYPE_CODE":"002","REPORT_TYPE":"2022年中报","PER_NETCASH_OPERATE":0.780075324439,"PER_OI":9.245167973974,"BPS":7.899188356046,"BASIC_EPS":0.1298,"DILUTED_EPS":0.1296,"OPERATE_INCOME":24284000000,"OPERATE_INCOME_YOY":7.6084548234,"GROSS_PROFIT":3879000000,"GROSS_PROFIT_YOY":3.578104138852,"HOLDER_PROFIT":339000000,"HOLDER_PROFIT_YOY":-17.1149144254,"GROSS_PROFIT_RATIO":15.973480480975,"EPS_TTM":0.595430847937,"OPERATE_INCOME_QOQ":1.484337349398,"NET_PROFIT_RATIO":2.5984187119,"ROE_AVG":1.899904724542,"GROSS_PROFIT_QOQ":0.393154486586,"ROA":0.554478765426,"HOLDER_PROFIT_QOQ":2.022178734508,"ROE_YEARLY":3.799809449084,"ROIC_YEARLY":1.427924560092,"TOTAL_ASSETS":61396000000,"TOTAL_LIABILITIES":39916000000,"TAX_EBT":23.884197828709,"OCF_SALES":8.437654422665,"TOTAL_PARENT_EQUITY":17641000000,"DEBT_ASSET_RATIO":65.0140074272,"OPERATE_PROFIT":1087000000,"PRETAX_PROFIT":829000000,"NETCASH_OPERATE":2049000000,"NETCASH_INVEST":-1876000000,"NETCASH_FINANCE":-935000000,"END_CASH":9823000000,"DIVI_RATIO":0.076097837653,"DIVIDEND_RATE":1.845018450185,"CURRENT_RATIO":1.325124333393,"COMMON_ACS":10000000000,"CURRENTDEBT_DEBT":83.62060326686,"ISSUED_COMMON_SHARES":2233267420,"HK_COMMON_SHARES":2233267420,"PER_SHARES":2000,"TOTAL_MARKET_CAP":6052154708.2,"HKSK_MARKET_CAP":6052154708.2,"PE_TTM":4.754961815562,"PB_TTM":0.309155457496,"REPORT_DATE_SQ":"2021-06-30 00:00:00","REPORT_TYPE_SQ":"2021年中报","OPERATE_INCOME_SQ":22567000000,"DPS_HKD":0.05,"OPERATE_INCOME_QOQ_SQ":7.848165603918,"NET_PROFIT_RATIO_SQ":2.7030619932,"HOLDER_PROFIT_SQ":409000000,"HOLDER_PROFIT_QOQ_SQ":3.62473347548,"ROE_AVG_SQ":2.451891373419,"PE_TTM_SQ":8.384093815499,"PB_TTM_SQ":0.370798126296,"ROA_SQ":0.741391967952,"START_DATE":"2022-01-01 00:00:00","FISCAL_YEAR":"12-31","CURRENCY":"HKD","IS_CNY_CODE":0,"DPS_HKD_LY":0.26,"ORG_TYPE":"一般企业","PREMIUM_INCOME":null,"PREMIUM_INCOME_YOY":null,"NET_INTEREST_INCOME":null,"NET_INTEREST_INCOME_YOY":null,"FEE_COMMISSION_INCOME":null,"FEE_COMMISSION_INCOME_YOY":null,"ACCOUNTS_RECE_TDAYS":2.210952792826,"INVENTORY_TDAYS":1.402887590237,"CURRENT_ASSETS_TDAYS":0.543996415771,"TOTAL_ASSETS_TDAYS":0.397196529192,"PREMIUM_EXPENSE":null,"LOAN_DEPOSIT":null,"LOAN_EQUITY":null,"LOAN_ASSETS":null,"DEPOSIT_EQUITY":null,"DEPOSIT_ASSETS":null,"EQUITY_MULTIPLIER":2.858286778399,"EQUITY_RATIO":2.262683521342},{"SECUCODE":"00751.HK","SECURITY_CODE":"00751","SECURITY_NAME_ABBR":"创维集团","ORG_CODE":"10009100","STD_REPORT_DATE":"2022-03-31 00:00:00","REPORT_DATE":"2022-03-31 00:00:00","DATE_TYPE_CODE":"003","REPORT_TYPE":"2022年一季报","PER_NETCASH_OPERATE":0.079103808991,"PER_OI":4.10209752338,"BPS":7.953369059582,"BASIC_EPS":0.0263,"DILUTED_EPS":0.0262,"OPERATE_INCOME":10890000000,"OPERATE_INCOME_YOY":9.5242884441,"GROSS_PROFIT":1787000000,"GROSS_PROFIT_YOY":5.92768227623,"HOLDER_PROFIT":69000000,"HOLDER_PROFIT_YOY":-59.4117647059,"GROSS_PROFIT_RATIO":16.409550045914,"EPS_TTM":0.577457805633,"OPERATE_INCOME_QOQ":1.859487904493,"NET_PROFIT_RATIO":1.5610651974,"ROE_AVG":0.38539950289,"GROSS_PROFIT_QOQ":1.169864295742,"ROA":0.112243487031,"HOLDER_PROFIT_QOQ":-6.181150550796,"ROE_YEARLY":1.541598011562,"ROIC_YEARLY":0.572038508969,"TOTAL_ASSETS":62066000000,"TOTAL_LIABILITIES":41158000000,"TAX_EBT":10.526315789474,"OCF_SALES":1.928374655647,"TOTAL_PARENT_EQUITY":17762000000,"DEBT_ASSET_RATIO":66.3132794122,"OPERATE_PROFIT":null,"PRETAX_PROFIT":190000000,"NETCASH_OPERATE":210000000,"NETCASH_INVEST":-1219000000,"NETCASH_FINANCE":43000000,"END_CASH":9652000000,"DIVI_RATIO":0.078466339113,"DIVIDEND_RATE":1.845018450185,"CURRENT_RATIO":1.358554996405,"COMMON_ACS":10000000000,"CURRENTDEBT_DEBT":81.111813013266,"ISSUED_COMMON_SHARES":2233267420,"HK_COMMON_SHARES":2233267420,"PER_SHARES":2000,"TOTAL_MARKET_CAP":6052154708.2,"HKSK_MARKET_CAP":6052154708.2,"PE_TTM":4.754961815562,"PB_TTM":0.309155457496,"REPORT_DATE_SQ":"2021-03-31 00:00:00","REPORT_TYPE_SQ":"2021年一季报","OPERATE_INCOME_SQ":9943000000,"DPS_HKD":0.05,"OPERATE_INCOME_QOQ_SQ":7.958995335844,"NET_PROFIT_RATIO_SQ":2.8562808006,"HOLDER_PROFIT_SQ":170000000,"HOLDER_PROFIT_QOQ_SQ":-2.291666666667,"ROE_AVG_SQ":1.035165169737,"PE_TTM_SQ":8.384093815499,"PB_TTM_SQ":0.370798126296,"ROA_SQ":0.30892240596,"START_DATE":"2022-01-01 00:00:00","FISCAL_YEAR":"12-31","CURRENCY":"HKD","IS_CNY_CODE":0,"DPS_HKD_LY":0.26,"ORG_TYPE":"一般企业","PREMIUM_INCOME":null,"PREMIUM_INCOME_YOY":null,"NET_INTEREST_INCOME":null,"NET_INTEREST_INCOME_YOY":null,"FEE_COMMISSION_INCOME":null,"FEE_COMMISSION_INCOME_YOY":null,"ACCOUNTS_RECE_TDAYS":0.926611359285,"INVENTORY_TDAYS":0.640560129477,"CURRENT_ASSETS_TDAYS":0.240918543427,"TOTAL_ASSETS_TDAYS":0.177149503445,"PREMIUM_EXPENSE":null,"LOAN_DEPOSIT":null,"LOAN_EQUITY":null,"LOAN_ASSETS":null,"DEPOSIT_EQUITY":null,"DEPOSIT_ASSETS":null,"EQUITY_MULTIPLIER":2.968528792803,"EQUITY_RATIO":2.317194009684},{"SECUCODE":"00751.HK","SECURITY_CODE":"00751","SECURITY_NAME_ABBR":"创维集团","ORG_CODE":"10009100","STD_REPORT_DATE":"2021-12-31 00:00:00","REPORT_DATE":"2021-12-31 00:00:00","DATE_TYPE_CODE":"001","REPORT_TYPE":"2021年年报","PER_NETCASH_OPERATE":0.46640157411,"PER_OI":19.09397055166,"BPS":8.080089217439,"BASIC_EPS":0.6211,"DILUTED_EPS":0.6203,"OPERATE_INCOME":50928000000,"OPERATE_INCOME_YOY":27.0246676477,"GROSS_PROFIT":8548000000,"GROSS_PROFIT_YOY":19.318816303741,"HOLDER_PROFIT":1634000000,"HOLDER_PROFIT_YOY":13.4722222222,"GROSS_PROFIT_RATIO":16.784480050267,"EPS_TTM":0.612620717119,"OPERATE_INCOME_QOQ":3.871099326943,"NET_PROFIT_RATIO":3.8583883129,"ROE_AVG":9.512443603551,"GROSS_PROFIT_QOQ":4.639490757743,"ROA":2.852529131934,"HOLDER_PROFIT_QOQ":-1.447527141134,"ROE_YEARLY":9.512443603551,"ROIC_YEARLY":3.630385034104,"TOTAL_ASSETS":60881000000,"TOTAL_LIABILITIES":39795000000,"TAX_EBT":23.001567398119,"OCF_SALES":2.442664153314,"TOTAL_PARENT_EQUITY":18045000000,"DEBT_ASSET_RATIO":65.3652206764,"OPERATE_PROFIT":2999000000,"PRETAX_PROFIT":2552000000,"NETCASH_OPERATE":1244000000,"NETCASH_INVEST":-1220000000,"NETCASH_FINANCE":2366000000,"END_CASH":10611000000,"DIVI_RATIO":0.073962565636,"DIVIDEND_RATE":1.845018450185,"CURRENT_RATIO":1.438148443735,"COMMON_ACS":10000000000,"CURRENTDEBT_DEBT":78.715919085312,"ISSUED_COMMON_SHARES":2233267420,"HK_COMMON_SHARES":2233267420,"PER_SHARES":2000,"TOTAL_MARKET_CAP":6052154708.2,"HKSK_MARKET_CAP":6052154708.2,"PE_TTM":4.754961815562,"PB_TTM":0.309155457496,"REPORT_DATE_SQ":"2020-12-31 00:00:00","REPORT_TYPE_SQ":"2020年年报","OPERATE_INCOME_SQ":40093000000,"DPS_HKD":0.05,"OPERATE_INCOME_QOQ_SQ":5.917628721634,"NET_PROFIT_RATIO_SQ":4.5768588033,"HOLDER_PROFIT_SQ":1440000000,"HOLDER_PROFIT_QOQ_SQ":92.256341789052,"ROE_AVG_SQ":8.915856603306,"PE_TTM_SQ":8.384093815499,"PB_TTM_SQ":0.370798126296,"ROA_SQ":2.845231273834,"START_DATE":"2021-01-01 00:00:00","FISCAL_YEAR":"12-31","CURRENCY":"HKD","IS_CNY_CODE":0,"DPS_HKD_LY":null,"ORG_TYPE":"一般企业","PREMIUM_INCOME":null,"PREMIUM_INCOME_YOY":null,"NET_INTEREST_INCOME":null,"NET_INTEREST_INCOME_YOY":null,"FEE_COMMISSION_INCOME":null,"FEE_COMMISSION_INCOME_YOY":null,"ACCOUNTS_RECE_TDAYS":3.948978404994,"INVENTORY_TDAYS":3.466383117945,"CURRENT_ASSETS_TDAYS":1.203146778804,"TOTAL_ASSETS_TDAYS":0.889067341684,"PREMIUM_EXPENSE":null,"LOAN_DEPOSIT":null,"LOAN_EQUITY":null,"LOAN_ASSETS":null,"DEPOSIT_EQUITY":null,"DEPOSIT_ASSETS":null,"EQUITY_MULTIPLIER":2.887271175187,"EQUITY_RATIO":2.20532003325},{"SECUCODE":"00751.HK","SECURITY_CODE":"00751","SECURITY_NAME_ABBR":"创维集团","ORG_CODE":"10009100","STD_REPORT_DATE":"2021-09-30 00:00:00","REPORT_DATE":"2021-09-30 00:00:00","DATE_TYPE_CODE":"004","REPORT_TYPE":"2021年三季报","PER_NETCASH_OPERATE":-0.194143505977,"PER_OI":13.451746279984,"BPS":7.740228440712,"BASIC_EPS":0.2901,"DILUTED_EPS":0.2901,"OPERATE_INCOME":35891000000,"OPERATE_INCOME_YOY":33.1564888328,"GROSS_PROFIT":5838000000,"GROSS_PROFIT_YOY":20.794537554314,"HOLDER_PROFIT":763000000,"HOLDER_PROFIT_YOY":40,"GROSS_PROFIT_RATIO":16.265916246413,"EPS_TTM":0.621409136893,"OPERATE_INCOME_QOQ":5.032025877766,"NET_PROFIT_RATIO":2.7834276002,"ROE_AVG":4.542207405644,"GROSS_PROFIT_QOQ":4.422855681963,"ROA":1.361066019729,"HOLDER_PROFIT_QOQ":13.717421124829,"ROE_YEARLY":6.056276540858,"ROIC_YEARLY":1.70965067557,"TOTAL_ASSETS":58434000000,"TOTAL_LIABILITIES":38239000000,"TAX_EBT":24.603773584906,"OCF_SALES":-1.443258755677,"TOTAL_PARENT_EQUITY":17286000000,"DEBT_ASSET_RATIO":65.4396413047,"OPERATE_PROFIT":1689000000,"PRETAX_PROFIT":1325000000,"NETCASH_OPERATE":-518000000,"NETCASH_INVEST":-1054000000,"NETCASH_FINANCE":2411000000,"END_CASH":9056000000,"DIVI_RATIO":0.072916533263,"DIVIDEND_RATE":1.845018450185,"CURRENT_RATIO":1.430026118293,"COMMON_ACS":10000000000,"CURRENTDEBT_DEBT":79.099871858574,"ISSUED_COMMON_SHARES":2233267420,"HK_COMMON_SHARES":2233267420,"PER_SHARES":2000,"TOTAL_MARKET_CAP":6052154708.2,"HKSK_MARKET_CAP":6052154708.2,"PE_TTM":4.754961815562,"PB_TTM":0.309155457496,"REPORT_DATE_SQ":"2020-09-30 00:00:00","REPORT_TYPE_SQ":"2020年三季报","OPERATE_INCOME_SQ":26954000000,"DPS_HKD":0.05,"OPERATE_INCOME_QOQ_SQ":5.071337367457,"NET_PROFIT_RATIO_SQ":3.1090005194,"HOLDER_PROFIT_SQ":545000000,"HOLDER_PROFIT_QOQ_SQ":-21.734587251829,"ROE_AVG_SQ":3.492918028584,"PE_TTM_SQ":8.384093815499,"PB_TTM_SQ":0.370798126296,"ROA_SQ":1.130259856073,"START_DATE":"2021-01-01 00:00:00","FISCAL_YEAR":"12-31","CURRENCY":"HKD","IS_CNY_CODE":0,"DPS_HKD_LY":null,"ORG_TYPE":"一般企业","PREMIUM_INCOME":null,"PREMIUM_INCOME_YOY":null,"NET_INTEREST_INCOME":null,"NET_INTEREST_INCOME_YOY":null,"FEE_COMMISSION_INCOME":null,"FEE_COMMISSION_INCOME_YOY":null,"ACCOUNTS_RECE_TDAYS":2.713362313362,"INVENTORY_TDAYS":2.472785617312,"CURRENT_ASSETS_TDAYS":0.866283700611,"TOTAL_ASSETS_TDAYS":0.640236179739,"PREMIUM_EXPENSE":null,"LOAN_DEPOSIT":null,"LOAN_EQUITY":null,"LOAN_ASSETS":null,"DEPOSIT_EQUITY":null,"DEPOSIT_ASSETS":null,"EQUITY_MULTIPLIER":2.893488487248,"EQUITY_RATIO":2.212136989471}],"count":55},"success":true,"message":"ok","code":0}