{"version":"e97e49c0d242d1272dba434989fda9a8","result":{"pages":5,"data":[{"SECUCODE":"00750.HK","SECURITY_CODE":"00750","SECURITY_NAME_ABBR":"水发兴业能源","ORG_CODE":"10121218","STD_REPORT_DATE":"2024-06-30 00:00:00","REPORT_DATE":"2024-06-30 00:00:00","DATE_TYPE_CODE":"002","REPORT_TYPE":"2024年中报","PER_NETCASH_OPERATE":-0.050753212774,"PER_OI":0.545770871423,"BPS":1.658184210113,"BASIC_EPS":-0.007,"DILUTED_EPS":-0.007,"OPERATE_INCOME":1375933000,"OPERATE_INCOME_YOY":-38.345720801,"GROSS_PROFIT":444858000,"GROSS_PROFIT_YOY":-11.696504248853,"HOLDER_PROFIT":-16461000,"HOLDER_PROFIT_YOY":-169.0623033354,"GROSS_PROFIT_RATIO":32.331370786223,"EPS_TTM":-0.02500474221,"OPERATE_INCOME_QOQ":-19.626216664985,"NET_PROFIT_RATIO":0.8094144119,"ROE_AVG":-0.391451094296,"GROSS_PROFIT_QOQ":-5.922848676619,"ROA":-0.077778727246,"HOLDER_PROFIT_QOQ":-177.179791584224,"ROE_YEARLY":-0.782902188592,"ROIC_YEARLY":-0.171049691619,"TOTAL_ASSETS":20689317000,"TOTAL_LIABILITIES":15865031000,"TAX_EBT":69.095651691317,"OCF_SALES":-9.299362686991,"TOTAL_PARENT_EQUITY":4180418000,"DEBT_ASSET_RATIO":76.6822365378,"OPERATE_PROFIT":293577000,"PRETAX_PROFIT":36037000,"NETCASH_OPERATE":-127953000,"NETCASH_INVEST":-380831000,"NETCASH_FINANCE":-1166013000,"END_CASH":215953000,"DIVI_RATIO":null,"DIVIDEND_RATE":null,"CURRENT_RATIO":1.117702676619,"COMMON_ACS":3200000000,"CURRENTDEBT_DEBT":68.184726522123,"ISSUED_COMMON_SHARES":2521081780,"HK_COMMON_SHARES":2521081780,"PER_SHARES":1000,"TOTAL_MARKET_CAP":756324534,"HKSK_MARKET_CAP":756324534,"PE_TTM":-10.963700707302,"PB_TTM":0.165122788126,"REPORT_DATE_SQ":"2023-06-30 00:00:00","REPORT_TYPE_SQ":"2023年中报","OPERATE_INCOME_SQ":2231691000,"DPS_HKD":null,"OPERATE_INCOME_QOQ_SQ":-17.382274765673,"NET_PROFIT_RATIO_SQ":2.7212548691,"HOLDER_PROFIT_SQ":23835000,"HOLDER_PROFIT_QOQ_SQ":-3024.78498827209,"ROE_AVG_SQ":0.548851401505,"PE_TTM_SQ":-6.140350009079,"PB_TTM_SQ":0.174549734891,"ROA_SQ":0.131271074935,"START_DATE":"2024-01-01 00:00:00","FISCAL_YEAR":"12-31","CURRENCY":"HKD","IS_CNY_CODE":0,"DPS_HKD_LY":null,"ORG_TYPE":"一般企业","PREMIUM_INCOME":null,"PREMIUM_INCOME_YOY":null,"NET_INTEREST_INCOME":null,"NET_INTEREST_INCOME_YOY":null,"FEE_COMMISSION_INCOME":null,"FEE_COMMISSION_INCOME_YOY":null,"ACCOUNTS_RECE_TDAYS":0.259861845353,"INVENTORY_TDAYS":12.31931038589,"CURRENT_ASSETS_TDAYS":0.109196035594,"TOTAL_ASSETS_TDAYS":0.065013254065,"PREMIUM_EXPENSE":null,"LOAN_DEPOSIT":null,"LOAN_EQUITY":null,"LOAN_ASSETS":null,"DEPOSIT_EQUITY":null,"DEPOSIT_ASSETS":null,"EQUITY_MULTIPLIER":4.288575967507,"EQUITY_RATIO":3.795082453477},{"SECUCODE":"00750.HK","SECURITY_CODE":"00750","SECURITY_NAME_ABBR":"水发兴业能源","ORG_CODE":"10121218","STD_REPORT_DATE":"2023-12-31 00:00:00","REPORT_DATE":"2023-12-31 00:00:00","DATE_TYPE_CODE":"001","REPORT_TYPE":"2023年年报","PER_NETCASH_OPERATE":0.073594994606,"PER_OI":1.729527393594,"BPS":1.712819486562,"BASIC_EPS":-0.009,"DILUTED_EPS":-0.009,"OPERATE_INCOME":4360280000,"OPERATE_INCOME_YOY":-15.2735139278,"GROSS_PROFIT":994876000,"GROSS_PROFIT_YOY":-11.570507977423,"HOLDER_PROFIT":-22743000,"HOLDER_PROFIT_YOY":-152.3815007601,"GROSS_PROFIT_RATIO":22.816791582192,"EPS_TTM":-0.00902112743,"OPERATE_INCOME_QOQ":7.394260391698,"NET_PROFIT_RATIO":0.2460621795,"ROE_AVG":-0.524291081484,"GROSS_PROFIT_QOQ":20.162088061405,"ROA":-0.117809907449,"HOLDER_PROFIT_QOQ":79.734281437126,"ROE_YEARLY":-0.524291081484,"ROIC_YEARLY":-0.132349471389,"TOTAL_ASSETS":21638452000,"TOTAL_LIABILITIES":16229706000,"TAX_EBT":62.193875753198,"OCF_SALES":4.255208381113,"TOTAL_PARENT_EQUITY":4229828000,"DEBT_ASSET_RATIO":75.0040067561,"OPERATE_PROFIT":547842000,"PRETAX_PROFIT":28379000,"NETCASH_OPERATE":185539000,"NETCASH_INVEST":-728875000,"NETCASH_FINANCE":1932201000,"END_CASH":1883283000,"DIVI_RATIO":null,"DIVIDEND_RATE":null,"CURRENT_RATIO":1.21437364371,"COMMON_ACS":3200000000,"CURRENTDEBT_DEBT":66.519972696979,"ISSUED_COMMON_SHARES":2521081780,"HK_COMMON_SHARES":2521081780,"PER_SHARES":1000,"TOTAL_MARKET_CAP":781535351.8,"HKSK_MARKET_CAP":781535351.8,"PE_TTM":-11.329157397545,"PB_TTM":0.170626881063,"REPORT_DATE_SQ":"2022-12-31 00:00:00","REPORT_TYPE_SQ":"2022年年报","OPERATE_INCOME_SQ":5146301000,"DPS_HKD":null,"OPERATE_INCOME_QOQ_SQ":-29.8547831825,"NET_PROFIT_RATIO_SQ":0.4298288132,"HOLDER_PROFIT_SQ":43418000,"HOLDER_PROFIT_QOQ_SQ":-98.360851827328,"ROE_AVG_SQ":0.089478019236,"PE_TTM_SQ":-7.085019241245,"PB_TTM_SQ":0.201403540258,"ROA_SQ":0.024308512465,"START_DATE":"2023-01-01 00:00:00","FISCAL_YEAR":"12-31","CURRENCY":"HKD","IS_CNY_CODE":0,"DPS_HKD_LY":null,"ORG_TYPE":"一般企业","PREMIUM_INCOME":null,"PREMIUM_INCOME_YOY":null,"NET_INTEREST_INCOME":null,"NET_INTEREST_INCOME_YOY":null,"FEE_COMMISSION_INCOME":null,"FEE_COMMISSION_INCOME_YOY":null,"ACCOUNTS_RECE_TDAYS":0.909714827932,"INVENTORY_TDAYS":44.518870295654,"CURRENT_ASSETS_TDAYS":0.378900112311,"TOTAL_ASSETS_TDAYS":0.225864742229,"PREMIUM_EXPENSE":null,"LOAN_DEPOSIT":null,"LOAN_EQUITY":null,"LOAN_ASSETS":null,"DEPOSIT_EQUITY":null,"DEPOSIT_ASSETS":null,"EQUITY_MULTIPLIER":4.000641183739,"EQUITY_RATIO":3.836965947552},{"SECUCODE":"00750.HK","SECURITY_CODE":"00750","SECURITY_NAME_ABBR":"水发兴业能源","ORG_CODE":"10121218","STD_REPORT_DATE":"2023-06-30 00:00:00","REPORT_DATE":"2023-06-30 00:00:00","DATE_TYPE_CODE":"002","REPORT_TYPE":"2023年中报","PER_NETCASH_OPERATE":0.134896853683,"PER_OI":0.88521166497,"BPS":1.716665454621,"BASIC_EPS":0.009,"DILUTED_EPS":0.009,"OPERATE_INCOME":2231691000,"OPERATE_INCOME_YOY":-27.6811502622,"GROSS_PROFIT":503783000,"GROSS_PROFIT_YOY":-21.221498906165,"HOLDER_PROFIT":23835000,"HOLDER_PROFIT_YOY":-82.9623434551,"GROSS_PROFIT_RATIO":22.574048109707,"EPS_TTM":-0.044514224366,"OPERATE_INCOME_QOQ":-17.382274765673,"NET_PROFIT_RATIO":2.7212548691,"ROE_AVG":0.548851401505,"GROSS_PROFIT_QOQ":-14.082840850719,"ROA":0.131271074935,"HOLDER_PROFIT_QOQ":-3024.78498827209,"ROE_YEARLY":1.097702803011,"ROIC_YEARLY":0.284499894305,"TOTAL_ASSETS":19342965000,"TOTAL_LIABILITIES":13915722000,"TAX_EBT":24.079907990799,"OCF_SALES":15.238937648626,"TOTAL_PARENT_EQUITY":4327854000,"DEBT_ASSET_RATIO":71.9420316379,"OPERATE_PROFIT":311577000,"PRETAX_PROFIT":79992000,"NETCASH_OPERATE":340086000,"NETCASH_INVEST":-380128000,"NETCASH_FINANCE":-20213000,"END_CASH":435660000,"DIVI_RATIO":null,"DIVIDEND_RATE":null,"CURRENT_RATIO":1.364095427354,"COMMON_ACS":3200000000,"CURRENTDEBT_DEBT":59.619838625693,"ISSUED_COMMON_SHARES":2521081780,"HK_COMMON_SHARES":2521081780,"PER_SHARES":1000,"TOTAL_MARKET_CAP":781535351.8,"HKSK_MARKET_CAP":781535351.8,"PE_TTM":-11.329157397545,"PB_TTM":0.170626881063,"REPORT_DATE_SQ":"2022-06-30 00:00:00","REPORT_TYPE_SQ":"2022年中报","OPERATE_INCOME_SQ":3085905000,"DPS_HKD":null,"OPERATE_INCOME_QOQ_SQ":7.725787077215,"NET_PROFIT_RATIO_SQ":4.0708555361,"HOLDER_PROFIT_SQ":139896000,"HOLDER_PROFIT_QOQ_SQ":5.724673682309,"ROE_AVG_SQ":2.619617744661,"PE_TTM_SQ":-7.085019241245,"PB_TTM_SQ":0.201403540258,"ROA_SQ":0.737607648009,"START_DATE":"2023-01-01 00:00:00","FISCAL_YEAR":"12-31","CURRENCY":"HKD","IS_CNY_CODE":0,"DPS_HKD_LY":null,"ORG_TYPE":"一般企业","PREMIUM_INCOME":null,"PREMIUM_INCOME_YOY":null,"NET_INTEREST_INCOME":null,"NET_INTEREST_INCOME_YOY":null,"FEE_COMMISSION_INCOME":null,"FEE_COMMISSION_INCOME_YOY":null,"ACCOUNTS_RECE_TDAYS":0.474310016628,"INVENTORY_TDAYS":20.656278205151,"CURRENT_ASSETS_TDAYS":0.210315202664,"TOTAL_ASSETS_TDAYS":0.122910206206,"PREMIUM_EXPENSE":null,"LOAN_DEPOSIT":null,"LOAN_EQUITY":null,"LOAN_ASSETS":null,"DEPOSIT_EQUITY":null,"DEPOSIT_ASSETS":null,"EQUITY_MULTIPLIER":3.564049923696,"EQUITY_RATIO":3.215386193712},{"SECUCODE":"00750.HK","SECURITY_CODE":"00750","SECURITY_NAME_ABBR":"水发兴业能源","ORG_CODE":"10121218","STD_REPORT_DATE":"2022-12-31 00:00:00","REPORT_DATE":"2022-12-31 00:00:00","DATE_TYPE_CODE":"001","REPORT_TYPE":"2022年年报","PER_NETCASH_OPERATE":0.020530075784,"PER_OI":2.041306648926,"BPS":1.665569531822,"BASIC_EPS":0.017,"DILUTED_EPS":0.017,"OPERATE_INCOME":5146301000,"OPERATE_INCOME_YOY":-24.4355130863,"GROSS_PROFIT":1125050000,"GROSS_PROFIT_YOY":4.658150507546,"HOLDER_PROFIT":43418000,"HOLDER_PROFIT_YOY":-98.2670159433,"GROSS_PROFIT_RATIO":19.609273541893,"EPS_TTM":0.001521965702,"OPERATE_INCOME_QOQ":-29.8547831825,"NET_PROFIT_RATIO":0.4298288132,"ROE_AVG":0.089478019236,"GROSS_PROFIT_QOQ":-18.12303783917,"ROA":0.024308512465,"HOLDER_PROFIT_QOQ":-98.360851827328,"ROE_YEARLY":0.089478019236,"ROIC_YEARLY":0.026157422486,"TOTAL_ASSETS":19400334000,"TOTAL_LIABILITIES":13938965000,"TAX_EBT":25.082137658557,"OCF_SALES":1.053215912314,"TOTAL_PARENT_EQUITY":4357557000,"DEBT_ASSET_RATIO":70.1442160497,"OPERATE_PROFIT":582532000,"PRETAX_PROFIT":144270000,"NETCASH_OPERATE":537212000,"NETCASH_INVEST":-1654076000,"NETCASH_FINANCE":865039000,"END_CASH":493545000,"DIVI_RATIO":null,"DIVIDEND_RATE":null,"CURRENT_RATIO":1.387940700626,"COMMON_ACS":3200000000,"CURRENTDEBT_DEBT":57.570242840842,"ISSUED_COMMON_SHARES":2521081780,"HK_COMMON_SHARES":2521081780,"PER_SHARES":1000,"TOTAL_MARKET_CAP":781535351.8,"HKSK_MARKET_CAP":781535351.8,"PE_TTM":-11.329157397545,"PB_TTM":0.170626881063,"REPORT_DATE_SQ":"2021-12-31 00:00:00","REPORT_TYPE_SQ":"2021年年报","OPERATE_INCOME_SQ":6503428000,"DPS_HKD":null,"OPERATE_INCOME_QOQ_SQ":14.861718453476,"NET_PROFIT_RATIO_SQ":3.6256724915,"HOLDER_PROFIT_SQ":221410000,"HOLDER_PROFIT_QOQ_SQ":30.353894249734,"ROE_AVG_SQ":5.105889379699,"PE_TTM_SQ":-7.085019241245,"PB_TTM_SQ":0.201403540258,"ROA_SQ":1.585557668582,"START_DATE":"2022-01-01 00:00:00","FISCAL_YEAR":"12-31","CURRENCY":"HKD","IS_CNY_CODE":0,"DPS_HKD_LY":0.02,"ORG_TYPE":"一般企业","PREMIUM_INCOME":null,"PREMIUM_INCOME_YOY":null,"NET_INTEREST_INCOME":null,"NET_INTEREST_INCOME_YOY":null,"FEE_COMMISSION_INCOME":null,"FEE_COMMISSION_INCOME_YOY":null,"ACCOUNTS_RECE_TDAYS":1.304050009141,"INVENTORY_TDAYS":53.553663777035,"CURRENT_ASSETS_TDAYS":0.531338409411,"TOTAL_ASSETS_TDAYS":0.311334076759,"PREMIUM_EXPENSE":null,"LOAN_DEPOSIT":null,"LOAN_EQUITY":null,"LOAN_ASSETS":null,"DEPOSIT_EQUITY":null,"DEPOSIT_ASSETS":null,"EQUITY_MULTIPLIER":3.349434741572,"EQUITY_RATIO":3.198802677739},{"SECUCODE":"00750.HK","SECURITY_CODE":"00750","SECURITY_NAME_ABBR":"水发兴业能源","ORG_CODE":"10121218","STD_REPORT_DATE":"2022-06-30 00:00:00","REPORT_DATE":"2022-06-30 00:00:00","DATE_TYPE_CODE":"002","REPORT_TYPE":"2022年中报","PER_NETCASH_OPERATE":0.012660041516,"PER_OI":1.224040023009,"BPS":1.732418612775,"BASIC_EPS":0.055,"DILUTED_EPS":0.055,"OPERATE_INCOME":3085905000,"OPERATE_INCOME_YOY":20.3946348303,"GROSS_PROFIT":639493000,"GROSS_PROFIT_YOY":41.745741485742,"HOLDER_PROFIT":139896000,"HOLDER_PROFIT_YOY":12.4426948865,"GROSS_PROFIT_RATIO":18.648937048956,"EPS_TTM":0.092851014139,"OPERATE_INCOME_QOQ":7.725787077215,"NET_PROFIT_RATIO":4.0708555361,"ROE_AVG":2.619617744661,"GROSS_PROFIT_QOQ":9.48663039919,"ROA":0.737607648009,"HOLDER_PROFIT_QOQ":5.724673682309,"ROE_YEARLY":5.239235489323,"ROIC_YEARLY":1.613637264931,"TOTAL_ASSETS":16459720000,"TOTAL_LIABILITIES":11230843000,"TAX_EBT":18.355570581071,"OCF_SALES":1.076083053639,"TOTAL_PARENT_EQUITY":4367569000,"DEBT_ASSET_RATIO":68.2322846318,"OPERATE_PROFIT":416255000,"PRETAX_PROFIT":215929000,"NETCASH_OPERATE":250274000,"NETCASH_INVEST":-818615000,"NETCASH_FINANCE":760791000,"END_CASH":934870000,"DIVI_RATIO":null,"DIVIDEND_RATE":null,"CURRENT_RATIO":1.431321423806,"COMMON_ACS":3200000000,"CURRENTDEBT_DEBT":62.722094859665,"ISSUED_COMMON_SHARES":2521081780,"HK_COMMON_SHARES":2521081780,"PER_SHARES":1000,"TOTAL_MARKET_CAP":781535351.8,"HKSK_MARKET_CAP":781535351.8,"PE_TTM":-11.329157397545,"PB_TTM":0.170626881063,"REPORT_DATE_SQ":"2021-06-30 00:00:00","REPORT_TYPE_SQ":"2021年中报","OPERATE_INCOME_SQ":2463594000,"DPS_HKD":null,"OPERATE_INCOME_QOQ_SQ":4.831772788701,"NET_PROFIT_RATIO_SQ":4.4576758905,"HOLDER_PROFIT_SQ":101867000,"HOLDER_PROFIT_QOQ_SQ":-43.648687205144,"ROE_AVG_SQ":2.236256883686,"PE_TTM_SQ":-7.085019241245,"PB_TTM_SQ":0.201403540258,"ROA_SQ":0.724513392903,"START_DATE":"2022-01-01 00:00:00","FISCAL_YEAR":"12-31","CURRENCY":"HKD","IS_CNY_CODE":0,"DPS_HKD_LY":0.02,"ORG_TYPE":"一般企业","PREMIUM_INCOME":null,"PREMIUM_INCOME_YOY":null,"NET_INTEREST_INCOME":null,"NET_INTEREST_INCOME_YOY":null,"FEE_COMMISSION_INCOME":null,"FEE_COMMISSION_INCOME_YOY":null,"ACCOUNTS_RECE_TDAYS":0.837967277538,"INVENTORY_TDAYS":32.462880744807,"CURRENT_ASSETS_TDAYS":0.317644170439,"TOTAL_ASSETS_TDAYS":0.191001562768,"PREMIUM_EXPENSE":null,"LOAN_DEPOSIT":null,"LOAN_EQUITY":null,"LOAN_ASSETS":null,"DEPOSIT_EQUITY":null,"DEPOSIT_ASSETS":null,"EQUITY_MULTIPLIER":3.147849911174,"EQUITY_RATIO":2.57141741779},{"SECUCODE":"00750.HK","SECURITY_CODE":"00750","SECURITY_NAME_ABBR":"水发兴业能源","ORG_CODE":"10121218","STD_REPORT_DATE":"2021-12-31 00:00:00","REPORT_DATE":"2021-12-31 00:00:00","DATE_TYPE_CODE":"001","REPORT_TYPE":"2021年年报","PER_NETCASH_OPERATE":0.154054502746,"PER_OI":2.579618024132,"BPS":1.736306626277,"BASIC_EPS":0.088,"DILUTED_EPS":0.088,"OPERATE_INCOME":6503428000,"OPERATE_INCOME_YOY":16.5797261068,"GROSS_PROFIT":1074976000,"GROSS_PROFIT_YOY":17.559776379909,"HOLDER_PROFIT":221410000,"HOLDER_PROFIT_YOY":-28.7227330088,"GROSS_PROFIT_RATIO":16.529374969631,"EPS_TTM":0.087823410473,"OPERATE_INCOME_QOQ":14.861718453476,"NET_PROFIT_RATIO":3.6256724915,"ROE_AVG":5.105889379699,"GROSS_PROFIT_QOQ":45.763212882773,"ROA":1.585557668582,"HOLDER_PROFIT_QOQ":30.353894249734,"ROE_YEARLY":5.105889379699,"ROIC_YEARLY":1.716657203769,"TOTAL_ASSETS":14597984000,"TOTAL_LIABILITIES":9915985000,"TAX_EBT":18.721217218653,"OCF_SALES":5.971988926455,"TOTAL_PARENT_EQUITY":4377371000,"DEBT_ASSET_RATIO":67.9270850002,"OPERATE_PROFIT":579660000,"PRETAX_PROFIT":290104000,"NETCASH_OPERATE":388384000,"NETCASH_INVEST":-822274000,"NETCASH_FINANCE":190308000,"END_CASH":659123000,"DIVI_RATIO":null,"DIVIDEND_RATE":null,"CURRENT_RATIO":1.323694869938,"COMMON_ACS":3200000000,"CURRENTDEBT_DEBT":65.464217624371,"ISSUED_COMMON_SHARES":2521081780,"HK_COMMON_SHARES":2521081780,"PER_SHARES":1000,"TOTAL_MARKET_CAP":781535351.8,"HKSK_MARKET_CAP":781535351.8,"PE_TTM":-11.329157397545,"PB_TTM":0.170626881063,"REPORT_DATE_SQ":"2020-12-31 00:00:00","REPORT_TYPE_SQ":"2020年年报","OPERATE_INCOME_SQ":5578524000,"DPS_HKD":null,"OPERATE_INCOME_QOQ_SQ":30.526099303772,"NET_PROFIT_RATIO_SQ":5.9460481292,"HOLDER_PROFIT_SQ":310632000,"HOLDER_PROFIT_QOQ_SQ":197.349688654626,"ROE_AVG_SQ":7.402916511067,"PE_TTM_SQ":-7.085019241245,"PB_TTM_SQ":0.201403540258,"ROA_SQ":2.383917505878,"START_DATE":"2021-01-01 00:00:00","FISCAL_YEAR":"12-31","CURRENCY":"HKD","IS_CNY_CODE":0,"DPS_HKD_LY":0.028,"ORG_TYPE":"一般企业","PREMIUM_INCOME":null,"PREMIUM_INCOME_YOY":null,"NET_INTEREST_INCOME":null,"NET_INTEREST_INCOME_YOY":null,"FEE_COMMISSION_INCOME":null,"FEE_COMMISSION_INCOME_YOY":null,"ACCOUNTS_RECE_TDAYS":1.716669458084,"INVENTORY_TDAYS":88.125651390445,"CURRENT_ASSETS_TDAYS":0.768644307283,"TOTAL_ASSETS_TDAYS":0.465722421637,"PREMIUM_EXPENSE":null,"LOAN_DEPOSIT":null,"LOAN_EQUITY":null,"LOAN_ASSETS":null,"DEPOSIT_EQUITY":null,"DEPOSIT_ASSETS":null,"EQUITY_MULTIPLIER":3.117895582632,"EQUITY_RATIO":2.265283203092},{"SECUCODE":"00750.HK","SECURITY_CODE":"00750","SECURITY_NAME_ABBR":"水发兴业能源","ORG_CODE":"10121218","STD_REPORT_DATE":"2021-06-30 00:00:00","REPORT_DATE":"2021-06-30 00:00:00","DATE_TYPE_CODE":"002","REPORT_TYPE":"2021年中报","PER_NETCASH_OPERATE":0.214876409126,"PER_OI":0.977197177634,"BPS":1.718063267269,"BASIC_EPS":0.04,"DILUTED_EPS":0.04,"OPERATE_INCOME":2463594000,"OPERATE_INCOME_YOY":12.6078884091,"GROSS_PROFIT":451155000,"GROSS_PROFIT_YOY":64.862692075789,"HOLDER_PROFIT":101867000,"HOLDER_PROFIT_YOY":-57.6981269433,"GROSS_PROFIT_RATIO":14.005640096945,"EPS_TTM":0.067373062368,"OPERATE_INCOME_QOQ":4.831772788701,"NET_PROFIT_RATIO":4.4576758905,"ROE_AVG":2.236256883686,"GROSS_PROFIT_QOQ":7.710047306011,"ROA":0.724513392903,"HOLDER_PROFIT_QOQ":-43.648687205144,"ROE_YEARLY":4.472513767372,"ROIC_YEARLY":1.560311365084,"TOTAL_ASSETS":13296615000,"TOTAL_LIABILITIES":8671276000,"TAX_EBT":28.466261613142,"OCF_SALES":23.241738605147,"TOTAL_PARENT_EQUITY":4331378000,"DEBT_ASSET_RATIO":65.2141616494,"OPERATE_PROFIT":272965000,"PRETAX_PROFIT":155535000,"NETCASH_OPERATE":546585000,"NETCASH_INVEST":-331746000,"NETCASH_FINANCE":-677968000,"END_CASH":439918000,"DIVI_RATIO":null,"DIVIDEND_RATE":null,"CURRENT_RATIO":1.403758679691,"COMMON_ACS":3200000000,"CURRENTDEBT_DEBT":65.984406447217,"ISSUED_COMMON_SHARES":2521081780,"HK_COMMON_SHARES":2521081780,"PER_SHARES":1000,"TOTAL_MARKET_CAP":781535351.8,"HKSK_MARKET_CAP":781535351.8,"PE_TTM":-11.329157397545,"PB_TTM":0.170626881063,"REPORT_DATE_SQ":"2020-06-30 00:00:00","REPORT_TYPE_SQ":"2020年中报","OPERATE_INCOME_SQ":2069847000,"DPS_HKD":null,"OPERATE_INCOME_QOQ_SQ":25.142755871054,"NET_PROFIT_RATIO_SQ":11.0560530981,"HOLDER_PROFIT_SQ":228023000,"HOLDER_PROFIT_QOQ_SQ":68.88913897117,"ROE_AVG_SQ":5.40752194305,"PE_TTM_SQ":-7.085019241245,"PB_TTM_SQ":0.201403540258,"ROA_SQ":1.828777953467,"START_DATE":"2021-01-01 00:00:00","FISCAL_YEAR":"12-31","CURRENCY":"HKD","IS_CNY_CODE":0,"DPS_HKD_LY":0.028,"ORG_TYPE":"一般企业","PREMIUM_INCOME":null,"PREMIUM_INCOME_YOY":null,"NET_INTEREST_INCOME":null,"NET_INTEREST_INCOME_YOY":null,"FEE_COMMISSION_INCOME":null,"FEE_COMMISSION_INCOME_YOY":null,"ACCOUNTS_RECE_TDAYS":0.660450687113,"INVENTORY_TDAYS":31.526589804489,"CURRENT_ASSETS_TDAYS":0.284922386276,"TOTAL_ASSETS_TDAYS":0.175071407849,"PREMIUM_EXPENSE":null,"LOAN_DEPOSIT":null,"LOAN_EQUITY":null,"LOAN_ASSETS":null,"DEPOSIT_EQUITY":null,"DEPOSIT_ASSETS":null,"EQUITY_MULTIPLIER":2.874733073618,"EQUITY_RATIO":2.001967041436},{"SECUCODE":"00750.HK","SECURITY_CODE":"00750","SECURITY_NAME_ABBR":"水发兴业能源","ORG_CODE":"10121218","STD_REPORT_DATE":"2020-12-31 00:00:00","REPORT_DATE":"2020-12-31 00:00:00","DATE_TYPE_CODE":"001","REPORT_TYPE":"2020年年报","PER_NETCASH_OPERATE":-0.011657694024,"PER_OI":2.212750115548,"BPS":1.671725619309,"BASIC_EPS":0.132,"DILUTED_EPS":0.132,"OPERATE_INCOME":5578524000,"OPERATE_INCOME_YOY":63.3439577997,"GROSS_PROFIT":914408000,"GROSS_PROFIT_YOY":3134.55252918288,"HOLDER_PROFIT":310632000,"HOLDER_PROFIT_YOY":130.2863263493,"GROSS_PROFIT_RATIO":12.677117696189,"EPS_TTM":0.119558993441,"OPERATE_INCOME_QOQ":30.526099303772,"NET_PROFIT_RATIO":5.9460481292,"ROE_AVG":7.402916511067,"GROSS_PROFIT_QOQ":106.457342041624,"ROA":2.383917505878,"HOLDER_PROFIT_QOQ":197.349688654626,"ROE_YEARLY":7.402916511067,"ROIC_YEARLY":2.629302215792,"TOTAL_ASSETS":13723338000,"TOTAL_LIABILITIES":9134869000,"TAX_EBT":-54.576022099961,"OCF_SALES":-0.54415858992,"TOTAL_PARENT_EQUITY":4295359000,"DEBT_ASSET_RATIO":66.3634065397,"OPERATE_PROFIT":454799000,"PRETAX_PROFIT":215023000,"NETCASH_OPERATE":9872000,"NETCASH_INVEST":-278999000,"NETCASH_FINANCE":69808000,"END_CASH":903463000,"DIVI_RATIO":null,"DIVIDEND_RATE":null,"CURRENT_RATIO":1.52867970294,"COMMON_ACS":3200000000,"CURRENTDEBT_DEBT":60.449011365133,"ISSUED_COMMON_SHARES":2521081780,"HK_COMMON_SHARES":2521081780,"PER_SHARES":1000,"TOTAL_MARKET_CAP":781535351.8,"HKSK_MARKET_CAP":781535351.8,"PE_TTM":-11.329157397545,"PB_TTM":0.170626881063,"REPORT_DATE_SQ":"2019-12-31 00:00:00","REPORT_TYPE_SQ":"2019年年报","OPERATE_INCOME_SQ":3306519000,"DPS_HKD":null,"OPERATE_INCOME_QOQ_SQ":29.91419779377,"NET_PROFIT_RATIO_SQ":-29.874620409,"HOLDER_PROFIT_SQ":-995228000,"HOLDER_PROFIT_QOQ_SQ":27.636043972664,"ROE_AVG_SQ":-26.470389146595,"PE_TTM_SQ":-7.085019241245,"PB_TTM_SQ":0.201403540258,"ROA_SQ":-8.52283555976,"START_DATE":"2020-01-01 00:00:00","FISCAL_YEAR":"12-31","CURRENCY":"HKD","IS_CNY_CODE":0,"DPS_HKD_LY":null,"ORG_TYPE":"一般企业","PREMIUM_INCOME":null,"PREMIUM_INCOME_YOY":null,"NET_INTEREST_INCOME":null,"NET_INTEREST_INCOME_YOY":null,"FEE_COMMISSION_INCOME":null,"FEE_COMMISSION_INCOME_YOY":null,"ACCOUNTS_RECE_TDAYS":1.525267908458,"INVENTORY_TDAYS":41.450387583273,"CURRENT_ASSETS_TDAYS":0.692266430212,"TOTAL_ASSETS_TDAYS":0.427165466738,"PREMIUM_EXPENSE":null,"LOAN_DEPOSIT":null,"LOAN_EQUITY":null,"LOAN_ASSETS":null,"DEPOSIT_EQUITY":null,"DEPOSIT_ASSETS":null,"EQUITY_MULTIPLIER":2.972952659966,"EQUITY_RATIO":2.126683473954},{"SECUCODE":"00750.HK","SECURITY_CODE":"00750","SECURITY_NAME_ABBR":"水发兴业能源","ORG_CODE":"10121218","STD_REPORT_DATE":"2020-06-30 00:00:00","REPORT_DATE":"2020-06-30 00:00:00","DATE_TYPE_CODE":"002","REPORT_TYPE":"2020年中报","PER_NETCASH_OPERATE":-0.008704596643,"PER_OI":0.821015413471,"BPS":1.633680839977,"BASIC_EPS":0.086,"DILUTED_EPS":0.086,"OPERATE_INCOME":2069847000,"OPERATE_INCOME_YOY":72.3932844529,"GROSS_PROFIT":273655000,"GROSS_PROFIT_YOY":547.558223210781,"HOLDER_PROFIT":228023000,"HOLDER_PROFIT_YOY":146.4890689366,"GROSS_PROFIT_RATIO":12.235203790416,"EPS_TTM":-0.122813945369,"OPERATE_INCOME_QOQ":25.142755871054,"NET_PROFIT_RATIO":11.0560530981,"ROE_AVG":5.40752194305,"GROSS_PROFIT_QOQ":1073.10930314821,"ROA":1.828777953467,"HOLDER_PROFIT_QOQ":68.88913897117,"ROE_YEARLY":10.815043886099,"ROIC_YEARLY":3.974784470061,"TOTAL_ASSETS":11837865000,"TOTAL_LIABILITIES":7615233000,"TAX_EBT":6.025172838928,"OCF_SALES":-1.108484490309,"TOTAL_PARENT_EQUITY":4118643000,"DEBT_ASSET_RATIO":64.3294462304,"OPERATE_PROFIT":355126000,"PRETAX_PROFIT":256308000,"NETCASH_OPERATE":-16972000,"NETCASH_INVEST":877000,"NETCASH_FINANCE":-466467000,"END_CASH":618478000,"DIVI_RATIO":null,"DIVIDEND_RATE":null,"CURRENT_RATIO":1.775599906195,"COMMON_ACS":3200000000,"CURRENTDEBT_DEBT":53.307206752571,"ISSUED_COMMON_SHARES":2521081780,"HK_COMMON_SHARES":2521081780,"PER_SHARES":1000,"TOTAL_MARKET_CAP":781535351.8,"HKSK_MARKET_CAP":781535351.8,"PE_TTM":-11.329157397545,"PB_TTM":0.170626881063,"REPORT_DATE_SQ":"2019-06-30 00:00:00","REPORT_TYPE_SQ":"2019年中报","OPERATE_INCOME_SQ":1148380000,"DPS_HKD":null,"OPERATE_INCOME_QOQ_SQ":-42.372473799196,"NET_PROFIT_RATIO_SQ":-40.4914749473,"HOLDER_PROFIT_SQ":-468024000,"HOLDER_PROFIT_QOQ_SQ":-102.608570111122,"ROE_AVG_SQ":-13.963210914375,"PE_TTM_SQ":-7.085019241245,"PB_TTM_SQ":0.201403540258,"ROA_SQ":-4.173491528492,"START_DATE":"2020-01-01 00:00:00","FISCAL_YEAR":"12-31","CURRENCY":"HKD","IS_CNY_CODE":0,"DPS_HKD_LY":null,"ORG_TYPE":"一般企业","PREMIUM_INCOME":null,"PREMIUM_INCOME_YOY":null,"NET_INTEREST_INCOME":null,"NET_INTEREST_INCOME_YOY":null,"FEE_COMMISSION_INCOME":null,"FEE_COMMISSION_INCOME_YOY":null,"ACCOUNTS_RECE_TDAYS":0.650684117607,"INVENTORY_TDAYS":14.08210140699,"CURRENT_ASSETS_TDAYS":0.273393241778,"TOTAL_ASSETS_TDAYS":0.16639794916,"PREMIUM_EXPENSE":null,"LOAN_DEPOSIT":null,"LOAN_EQUITY":null,"LOAN_ASSETS":null,"DEPOSIT_EQUITY":null,"DEPOSIT_ASSETS":null,"EQUITY_MULTIPLIER":2.803432787893,"EQUITY_RATIO":1.848966516399}],"count":37},"success":true,"message":"ok","code":0}