{"version":"9ed826d5c8108536f86f8ac28a50d7a6","result":{"pages":4,"data":[{"SECUCODE":"00756.HK","SECURITY_CODE":"00756","SECURITY_NAME_ABBR":"森美控股","ORG_CODE":"10125740","STD_REPORT_DATE":"2023-12-31 00:00:00","REPORT_DATE":"2024-06-30 00:00:00","DATE_TYPE_CODE":"001","REPORT_TYPE":"2023年年报","PER_NETCASH_OPERATE":-0.060876514038,"PER_OI":0.236799421092,"BPS":-0.741024447021,"BASIC_EPS":-0.0798,"DILUTED_EPS":-0.0798,"OPERATE_INCOME":80644000,"OPERATE_INCOME_YOY":277.4407937845,"GROSS_PROFIT":21248000,"GROSS_PROFIT_YOY":221.549636803874,"HOLDER_PROFIT":-24545000,"HOLDER_PROFIT_YOY":9.0555411464,"GROSS_PROFIT_RATIO":26.347899409752,"EPS_TTM":-0.009455944339,"OPERATE_INCOME_QOQ":113.001965739961,"NET_PROFIT_RATIO":-30.4424383711,"ROE_AVG":8.929805796279,"GROSS_PROFIT_QOQ":41.404358353511,"ROA":-19.261404210906,"HOLDER_PROFIT_QOQ":-19.318981807403,"ROE_YEARLY":8.929805796279,"ROIC_YEARLY":-20.004645609288,"TOTAL_ASSETS":133255000,"TOTAL_LIABILITIES":385798000,"TAX_EBT":null,"OCF_SALES":-25.708050195923,"TOTAL_PARENT_EQUITY":-252362000,"DEBT_ASSET_RATIO":289.5185921729,"OPERATE_PROFIT":-4944000,"PRETAX_PROFIT":-24550000,"NETCASH_OPERATE":-20732000,"NETCASH_INVEST":-5282000,"NETCASH_FINANCE":24354000,"END_CASH":4796000,"DIVI_RATIO":null,"DIVIDEND_RATE":null,"CURRENT_RATIO":0.130878809962,"COMMON_ACS":500000000,"CURRENTDEBT_DEBT":99.948937008486,"ISSUED_COMMON_SHARES":340558265,"HK_COMMON_SHARES":340558265,"PER_SHARES":8000,"TOTAL_MARKET_CAP":289474525.25,"HKSK_MARKET_CAP":289474525.25,"PE_TTM":-10.763805651056,"PB_TTM":-1.046899333914,"REPORT_DATE_SQ":"2022-12-31 00:00:00","REPORT_TYPE_SQ":"2022年年报","OPERATE_INCOME_SQ":21366000,"DPS_HKD":null,"OPERATE_INCOME_QOQ_SQ":-16.661142781387,"NET_PROFIT_RATIO_SQ":-126.3596368061,"HOLDER_PROFIT_SQ":-26989000,"HOLDER_PROFIT_QOQ_SQ":41.88710528299,"ROE_AVG_SQ":9.722297270523,"PE_TTM_SQ":-10.237850984742,"PB_TTM_SQ":-0.929176985665,"ROA_SQ":-20.329165411269,"START_DATE":"2023-07-01 00:00:00","FISCAL_YEAR":"6-30","CURRENCY":"HKD","IS_CNY_CODE":0,"DPS_HKD_LY":null,"ORG_TYPE":"一般企业","PREMIUM_INCOME":null,"PREMIUM_INCOME_YOY":null,"NET_INTEREST_INCOME":null,"NET_INTEREST_INCOME_YOY":null,"FEE_COMMISSION_INCOME":null,"FEE_COMMISSION_INCOME_YOY":null,"ACCOUNTS_RECE_TDAYS":7.815098362244,"INVENTORY_TDAYS":2.747588759107,"CURRENT_ASSETS_TDAYS":2.162385370301,"TOTAL_ASSETS_TDAYS":0.632844441305,"PREMIUM_EXPENSE":null,"LOAN_DEPOSIT":null,"LOAN_EQUITY":null,"LOAN_ASSETS":null,"DEPOSIT_EQUITY":null,"DEPOSIT_ASSETS":null,"EQUITY_MULTIPLIER":-0.527652716567,"EQUITY_RATIO":-1.528748385256},{"SECUCODE":"00756.HK","SECURITY_CODE":"00756","SECURITY_NAME_ABBR":"森美控股","ORG_CODE":"10125740","STD_REPORT_DATE":"2023-06-30 00:00:00","REPORT_DATE":"2023-12-31 00:00:00","DATE_TYPE_CODE":"002","REPORT_TYPE":"2023年中报","PER_NETCASH_OPERATE":-0.004708445408,"PER_OI":0.011378963296,"BPS":-0.576004226472,"BASIC_EPS":-0.0077,"DILUTED_EPS":-0.0077,"OPERATE_INCOME":38752000,"OPERATE_INCOME_YOY":165.2792990142,"GROSS_PROFIT":3862000,"GROSS_PROFIT_YOY":242.984014209591,"HOLDER_PROFIT":-21271000,"HOLDER_PROFIT_YOY":-32.4718191443,"GROSS_PROFIT_RATIO":9.965937241949,"EPS_TTM":-0.011826477878,"OPERATE_INCOME_QOQ":-15.028832769934,"NET_PROFIT_RATIO":-54.9081337737,"ROE_AVG":8.619889652769,"GROSS_PROFIT_QOQ":6.443298969072,"ROA":-15.440117011277,"HOLDER_PROFIT_QOQ":-16.668828081096,"ROE_YEARLY":17.239779305538,"ROIC_YEARLY":-32.892620770706,"TOTAL_ASSETS":153922000,"TOTAL_LIABILITIES":350268000,"TAX_EBT":null,"OCF_SALES":-41.378509496284,"TOTAL_PARENT_EQUITY":-196163000,"DEBT_ASSET_RATIO":227.5620119281,"OPERATE_PROFIT":-12750000,"PRETAX_PROFIT":-21278000,"NETCASH_OPERATE":-16035000,"NETCASH_INVEST":-50072000,"NETCASH_FINANCE":73258000,"END_CASH":12186000,"DIVI_RATIO":null,"DIVIDEND_RATE":null,"CURRENT_RATIO":0.18956233203,"COMMON_ACS":500000000,"CURRENTDEBT_DEBT":88.277261982254,"ISSUED_COMMON_SHARES":340558265,"HK_COMMON_SHARES":340558265,"PER_SHARES":8000,"TOTAL_MARKET_CAP":391642004.75,"HKSK_MARKET_CAP":391642004.75,"PE_TTM":-14.56279588084,"PB_TTM":-1.416393216472,"REPORT_DATE_SQ":"2022-06-30 00:00:00","REPORT_TYPE_SQ":"2022年中报","OPERATE_INCOME_SQ":14608000,"DPS_HKD":null,"OPERATE_INCOME_QOQ_SQ":-58.097354350392,"NET_PROFIT_RATIO_SQ":-110.0698247536,"HOLDER_PROFIT_SQ":-16057000,"HOLDER_PROFIT_QOQ_SQ":32.673150105708,"ROE_AVG_SQ":6.019008777174,"PE_TTM_SQ":-11.750260789306,"PB_TTM_SQ":-1.066441767638,"ROA_SQ":-10.821575756759,"START_DATE":"2023-07-01 00:00:00","FISCAL_YEAR":"6-30","CURRENCY":"HKD","IS_CNY_CODE":0,"DPS_HKD_LY":null,"ORG_TYPE":"一般企业","PREMIUM_INCOME":null,"PREMIUM_INCOME_YOY":null,"NET_INTEREST_INCOME":null,"NET_INTEREST_INCOME_YOY":null,"FEE_COMMISSION_INCOME":null,"FEE_COMMISSION_INCOME_YOY":null,"ACCOUNTS_RECE_TDAYS":1.898491083676,"INVENTORY_TDAYS":2.825673213201,"CURRENT_ASSETS_TDAYS":0.93677403759,"TOTAL_ASSETS_TDAYS":0.281291624475,"PREMIUM_EXPENSE":null,"LOAN_DEPOSIT":null,"LOAN_EQUITY":null,"LOAN_ASSETS":null,"DEPOSIT_EQUITY":null,"DEPOSIT_ASSETS":null,"EQUITY_MULTIPLIER":-0.783932445785,"EQUITY_RATIO":-1.785596672155},{"SECUCODE":"00756.HK","SECURITY_CODE":"00756","SECURITY_NAME_ABBR":"森美控股","ORG_CODE":"10125740","STD_REPORT_DATE":"2022-12-31 00:00:00","REPORT_DATE":"2023-06-30 00:00:00","DATE_TYPE_CODE":"001","REPORT_TYPE":"2022年年报","PER_NETCASH_OPERATE":0.00251568452,"PER_OI":0.009362500513,"BPS":-0.873183917589,"BASIC_EPS":-0.1183,"DILUTED_EPS":-0.1183,"OPERATE_INCOME":21366000,"OPERATE_INCOME_YOY":-29.1860002651,"GROSS_PROFIT":6608000,"GROSS_PROFIT_YOY":-7.940930621343,"HOLDER_PROFIT":-26989000,"HOLDER_PROFIT_YOY":32.2003667697,"GROSS_PROFIT_RATIO":30.927642048114,"EPS_TTM":-0.01013679324,"OPERATE_INCOME_QOQ":-16.661142781387,"NET_PROFIT_RATIO":-126.3596368061,"ROE_AVG":9.722297270523,"GROSS_PROFIT_QOQ":-13.513513513514,"ROA":-20.329165411269,"HOLDER_PROFIT_QOQ":41.88710528299,"ROE_YEARLY":9.722297270523,"ROIC_YEARLY":-21.133614968698,"TOTAL_ASSETS":121607000,"TOTAL_LIABILITIES":419153000,"TAX_EBT":null,"OCF_SALES":26.869793129271,"TOTAL_PARENT_EQUITY":-297370000,"DEBT_ASSET_RATIO":344.6783491082,"OPERATE_PROFIT":2057000,"PRETAX_PROFIT":-26998000,"NETCASH_OPERATE":5741000,"NETCASH_INVEST":-3038000,"NETCASH_FINANCE":-8315000,"END_CASH":5030000,"DIVI_RATIO":null,"DIVIDEND_RATE":null,"CURRENT_RATIO":0.064786190263,"COMMON_ACS":500000000,"CURRENTDEBT_DEBT":88.8260372704,"ISSUED_COMMON_SHARES":340558265,"HK_COMMON_SHARES":340558265,"PER_SHARES":8000,"TOTAL_MARKET_CAP":391642004.75,"HKSK_MARKET_CAP":391642004.75,"PE_TTM":-14.56279588084,"PB_TTM":-1.416393216472,"REPORT_DATE_SQ":"2021-12-31 00:00:00","REPORT_TYPE_SQ":"2021年年报","OPERATE_INCOME_SQ":30172000,"DPS_HKD":null,"OPERATE_INCOME_QOQ_SQ":-35.228662924583,"NET_PROFIT_RATIO_SQ":-131.9634097839,"HOLDER_PROFIT_SQ":-39807000,"HOLDER_PROFIT_QOQ_SQ":-22.260132340778,"ROE_AVG_SQ":16.102731926547,"PE_TTM_SQ":-11.750260789306,"PB_TTM_SQ":-1.066441767638,"ROA_SQ":-24.786657409627,"START_DATE":"2022-07-01 00:00:00","FISCAL_YEAR":"6-30","CURRENCY":"HKD","IS_CNY_CODE":0,"DPS_HKD_LY":null,"ORG_TYPE":"一般企业","PREMIUM_INCOME":null,"PREMIUM_INCOME_YOY":null,"NET_INTEREST_INCOME":null,"NET_INTEREST_INCOME_YOY":null,"FEE_COMMISSION_INCOME":null,"FEE_COMMISSION_INCOME_YOY":null,"ACCOUNTS_RECE_TDAYS":1.273415382782,"INVENTORY_TDAYS":2.336605446485,"CURRENT_ASSETS_TDAYS":0.754462472854,"TOTAL_ASSETS_TDAYS":0.160937029226,"PREMIUM_EXPENSE":null,"LOAN_DEPOSIT":null,"LOAN_EQUITY":null,"LOAN_ASSETS":null,"DEPOSIT_EQUITY":null,"DEPOSIT_ASSETS":null,"EQUITY_MULTIPLIER":-0.408699831287,"EQUITY_RATIO":-1.409533577698},{"SECUCODE":"00756.HK","SECURITY_CODE":"00756","SECURITY_NAME_ABBR":"森美控股","ORG_CODE":"10125740","STD_REPORT_DATE":"2022-06-30 00:00:00","REPORT_DATE":"2022-12-31 00:00:00","DATE_TYPE_CODE":"002","REPORT_TYPE":"2022年中报","PER_NETCASH_OPERATE":0.005164142495,"PER_OI":0.006401170434,"BPS":-0.809597147789,"BASIC_EPS":-0.0083,"DILUTED_EPS":-0.0083,"OPERATE_INCOME":14608000,"OPERATE_INCOME_YOY":-25.6022408964,"GROSS_PROFIT":1126000,"GROSS_PROFIT_YOY":-46.278625954199,"HOLDER_PROFIT":-16057000,"HOLDER_PROFIT_YOY":50.942531545,"GROSS_PROFIT_RATIO":7.708105147864,"EPS_TTM":-0.017443277072,"OPERATE_INCOME_QOQ":-58.097354350392,"NET_PROFIT_RATIO":-110.0698247536,"ROE_AVG":6.019008777174,"GROSS_PROFIT_QOQ":226.707855251545,"ROA":-10.821575756759,"HOLDER_PROFIT_QOQ":32.673150105708,"ROE_YEARLY":12.038017554349,"ROIC_YEARLY":-22.699817985828,"TOTAL_ASSETS":152846000,"TOTAL_LIABILITIES":428750000,"TAX_EBT":null,"OCF_SALES":80.674972617744,"TOTAL_PARENT_EQUITY":-275715000,"DEBT_ASSET_RATIO":280.5111026785,"OPERATE_PROFIT":-10854000,"PRETAX_PROFIT":-16079000,"NETCASH_OPERATE":11785000,"NETCASH_INVEST":-3642000,"NETCASH_FINANCE":-4779000,"END_CASH":8750000,"DIVI_RATIO":null,"DIVIDEND_RATE":null,"CURRENT_RATIO":0.130124455202,"COMMON_ACS":500000000,"CURRENTDEBT_DEBT":90.385772594752,"ISSUED_COMMON_SHARES":340558265,"HK_COMMON_SHARES":340558265,"PER_SHARES":8000,"TOTAL_MARKET_CAP":391642004.75,"HKSK_MARKET_CAP":391642004.75,"PE_TTM":-14.56279588084,"PB_TTM":-1.416393216472,"REPORT_DATE_SQ":"2021-06-30 00:00:00","REPORT_TYPE_SQ":"2021年中报","OPERATE_INCOME_SQ":19635000,"DPS_HKD":null,"OPERATE_INCOME_QOQ_SQ":84.315415989654,"NET_PROFIT_RATIO_SQ":-166.6972243443,"HOLDER_PROFIT_SQ":-32731000,"HOLDER_PROFIT_QOQ_SQ":-35.892320229297,"ROE_AVG_SQ":13.017445548532,"PE_TTM_SQ":-11.750260789306,"PB_TTM_SQ":-1.066441767638,"ROA_SQ":-16.978729253825,"START_DATE":"2022-07-01 00:00:00","FISCAL_YEAR":"6-30","CURRENCY":"HKD","IS_CNY_CODE":0,"DPS_HKD_LY":null,"ORG_TYPE":"一般企业","PREMIUM_INCOME":null,"PREMIUM_INCOME_YOY":null,"NET_INTEREST_INCOME":null,"NET_INTEREST_INCOME_YOY":null,"FEE_COMMISSION_INCOME":null,"FEE_COMMISSION_INCOME_YOY":null,"ACCOUNTS_RECE_TDAYS":0.716218866444,"INVENTORY_TDAYS":0.963585033771,"CURRENT_ASSETS_TDAYS":0.35223340768,"TOTAL_ASSETS_TDAYS":0.098450257616,"PREMIUM_EXPENSE":null,"LOAN_DEPOSIT":null,"LOAN_EQUITY":null,"LOAN_ASSETS":null,"DEPOSIT_EQUITY":null,"DEPOSIT_ASSETS":null,"EQUITY_MULTIPLIER":-0.553982544653,"EQUITY_RATIO":-1.55504778485},{"SECUCODE":"00756.HK","SECURITY_CODE":"00756","SECURITY_NAME_ABBR":"森美控股","ORG_CODE":"10125740","STD_REPORT_DATE":"2021-12-31 00:00:00","REPORT_DATE":"2022-06-30 00:00:00","DATE_TYPE_CODE":"001","REPORT_TYPE":"2021年年报","PER_NETCASH_OPERATE":0.003115136953,"PER_OI":0.013221256458,"BPS":-0.757074564025,"BASIC_EPS":-0.0174,"DILUTED_EPS":-0.0174,"OPERATE_INCOME":30172000,"OPERATE_INCOME_YOY":-72.8590961428,"GROSS_PROFIT":7178000,"GROSS_PROFIT_YOY":69.652564405578,"HOLDER_PROFIT":-39807000,"HOLDER_PROFIT_YOY":17.6861042184,"GROSS_PROFIT_RATIO":23.790269123691,"EPS_TTM":-0.025908351719,"OPERATE_INCOME_QOQ":-35.228662924583,"NET_PROFIT_RATIO":-131.9634097839,"ROE_AVG":16.102731926547,"GROSS_PROFIT_QOQ":-233.892696761995,"ROA":-24.786657409627,"HOLDER_PROFIT_QOQ":-22.260132340778,"ROE_YEARLY":16.102731926547,"ROIC_YEARLY":-25.490183522662,"TOTAL_ASSETS":143913000,"TOTAL_LIABILITIES":401908000,"TAX_EBT":3.043880582477,"OCF_SALES":23.561580273101,"TOTAL_PARENT_EQUITY":-257828000,"DEBT_ASSET_RATIO":279.2715043116,"OPERATE_PROFIT":-14467000,"PRETAX_PROFIT":-41066000,"NETCASH_OPERATE":7109000,"NETCASH_INVEST":38542000,"NETCASH_FINANCE":-50086000,"END_CASH":5420000,"DIVI_RATIO":null,"DIVIDEND_RATE":null,"CURRENT_RATIO":0.094679345706,"COMMON_ACS":500000000,"CURRENTDEBT_DEBT":85.455875473989,"ISSUED_COMMON_SHARES":340558265,"HK_COMMON_SHARES":340558265,"PER_SHARES":8000,"TOTAL_MARKET_CAP":391642004.75,"HKSK_MARKET_CAP":391642004.75,"PE_TTM":-14.56279588084,"PB_TTM":-1.416393216472,"REPORT_DATE_SQ":"2020-12-31 00:00:00","REPORT_TYPE_SQ":"2020年年报","OPERATE_INCOME_SQ":111168000,"DPS_HKD":null,"OPERATE_INCOME_QOQ_SQ":18.27897946777,"NET_PROFIT_RATIO_SQ":-43.6438543466,"HOLDER_PROFIT_SQ":-48360000,"HOLDER_PROFIT_QOQ_SQ":-111.2825601745,"ROE_AVG_SQ":17.043412065721,"PE_TTM_SQ":-11.750260789306,"PB_TTM_SQ":-1.066441767638,"ROA_SQ":-26.309060740418,"START_DATE":"2021-07-01 00:00:00","FISCAL_YEAR":"6-30","CURRENCY":"HKD","IS_CNY_CODE":0,"DPS_HKD_LY":null,"ORG_TYPE":"一般企业","PREMIUM_INCOME":null,"PREMIUM_INCOME_YOY":null,"NET_INTEREST_INCOME":null,"NET_INTEREST_INCOME_YOY":null,"FEE_COMMISSION_INCOME":null,"FEE_COMMISSION_INCOME_YOY":null,"ACCOUNTS_RECE_TDAYS":1.396108553317,"INVENTORY_TDAYS":3.940027416038,"CURRENT_ASSETS_TDAYS":0.941624405087,"TOTAL_ASSETS_TDAYS":0.187872240401,"PREMIUM_EXPENSE":null,"LOAN_DEPOSIT":null,"LOAN_EQUITY":null,"LOAN_ASSETS":null,"DEPOSIT_EQUITY":null,"DEPOSIT_ASSETS":null,"EQUITY_MULTIPLIER":-0.557813135914,"EQUITY_RATIO":-1.55882216051},{"SECUCODE":"00756.HK","SECURITY_CODE":"00756","SECURITY_NAME_ABBR":"森美控股","ORG_CODE":"10125740","STD_REPORT_DATE":"2021-06-30 00:00:00","REPORT_DATE":"2021-12-31 00:00:00","DATE_TYPE_CODE":"002","REPORT_TYPE":"2021年中报","PER_NETCASH_OPERATE":-0.002920139634,"PER_OI":0.00860398285,"BPS":-0.781933746344,"BASIC_EPS":-0.014,"DILUTED_EPS":-0.014,"OPERATE_INCOME":19635000,"OPERATE_INCOME_YOY":-66.606007007,"GROSS_PROFIT":2096000,"GROSS_PROFIT_YOY":-82.521681120747,"HOLDER_PROFIT":-32731000,"HOLDER_PROFIT_YOY":-49.0075571338,"GROSS_PROFIT_RATIO":10.674815380698,"EPS_TTM":-0.021191169372,"OPERATE_INCOME_QOQ":84.315415989654,"NET_PROFIT_RATIO":-166.6972243443,"ROE_AVG":13.017445548532,"GROSS_PROFIT_QOQ":-77.582918300307,"ROA":-16.978729253825,"HOLDER_PROFIT_QOQ":-35.892320229297,"ROE_YEARLY":26.034891097063,"ROIC_YEARLY":-34.940459987297,"TOTAL_ASSETS":208269000,"TOTAL_LIABILITIES":474563000,"TAX_EBT":null,"OCF_SALES":-33.939393939394,"TOTAL_PARENT_EQUITY":-266294000,"DEBT_ASSET_RATIO":227.8606033543,"OPERATE_PROFIT":-20145000,"PRETAX_PROFIT":-32731000,"NETCASH_OPERATE":-6664000,"NETCASH_INVEST":-37000,"NETCASH_FINANCE":10316000,"END_CASH":7235000,"DIVI_RATIO":null,"DIVIDEND_RATE":null,"CURRENT_RATIO":0.489738237304,"COMMON_ACS":500000000,"CURRENTDEBT_DEBT":34.22074624444,"ISSUED_COMMON_SHARES":340558265,"HK_COMMON_SHARES":340558265,"PER_SHARES":8000,"TOTAL_MARKET_CAP":391642004.75,"HKSK_MARKET_CAP":391642004.75,"PE_TTM":-14.56279588084,"PB_TTM":-1.416393216472,"REPORT_DATE_SQ":"2020-06-30 00:00:00","REPORT_TYPE_SQ":"2020年中报","OPERATE_INCOME_SQ":58798000,"DPS_HKD":null,"OPERATE_INCOME_QOQ_SQ":-38.276342068632,"NET_PROFIT_RATIO_SQ":-37.3584135515,"HOLDER_PROFIT_SQ":-21966000,"HOLDER_PROFIT_QOQ_SQ":116.116227154721,"ROE_AVG_SQ":7.513352567644,"PE_TTM_SQ":-11.750260789306,"PB_TTM_SQ":-1.066441767638,"ROA_SQ":-10.739876055787,"START_DATE":"2021-07-01 00:00:00","FISCAL_YEAR":"6-30","CURRENCY":"HKD","IS_CNY_CODE":0,"DPS_HKD_LY":null,"ORG_TYPE":"一般企业","PREMIUM_INCOME":null,"PREMIUM_INCOME_YOY":null,"NET_INTEREST_INCOME":null,"NET_INTEREST_INCOME_YOY":null,"FEE_COMMISSION_INCOME":null,"FEE_COMMISSION_INCOME_YOY":null,"ACCOUNTS_RECE_TDAYS":0.543333886767,"INVENTORY_TDAYS":1.260936769834,"CURRENT_ASSETS_TDAYS":0.353465346535,"TOTAL_ASSETS_TDAYS":0.101853701048,"PREMIUM_EXPENSE":null,"LOAN_DEPOSIT":null,"LOAN_EQUITY":null,"LOAN_ASSETS":null,"DEPOSIT_EQUITY":null,"DEPOSIT_ASSETS":null,"EQUITY_MULTIPLIER":-0.782101737178,"EQUITY_RATIO":-1.782101737178},{"SECUCODE":"00756.HK","SECURITY_CODE":"00756","SECURITY_NAME_ABBR":"森美控股","ORG_CODE":"10125740","STD_REPORT_DATE":"2020-12-31 00:00:00","REPORT_DATE":"2021-06-30 00:00:00","DATE_TYPE_CODE":"001","REPORT_TYPE":"2020年年报","PER_NETCASH_OPERATE":-0.009039549896,"PER_OI":0.048713397783,"BPS":-0.694697572528,"BASIC_EPS":-0.0283,"DILUTED_EPS":-0.0283,"OPERATE_INCOME":111168000,"OPERATE_INCOME_YOY":118.0063930343,"GROSS_PROFIT":4231000,"GROSS_PROFIT_YOY":-45.243949786463,"HOLDER_PROFIT":-48360000,"HOLDER_PROFIT_YOY":-115.3321328024,"GROSS_PROFIT_RATIO":3.805951352907,"EPS_TTM":-0.02041027419,"OPERATE_INCOME_QOQ":18.27897946777,"NET_PROFIT_RATIO":-43.6438543466,"ROE_AVG":17.043412065721,"GROSS_PROFIT_QOQ":144.26038566067,"ROA":-26.309060740418,"HOLDER_PROFIT_QOQ":-111.2825601745,"ROE_YEARLY":17.043412065721,"ROIC_YEARLY":-27.079087060721,"TOTAL_ASSETS":177284000,"TOTAL_LIABILITIES":414027000,"TAX_EBT":null,"OCF_SALES":-18.556599021301,"TOTAL_PARENT_EQUITY":-236585000,"DEBT_ASSET_RATIO":233.5388416326,"OPERATE_PROFIT":-18027000,"PRETAX_PROFIT":-48518000,"NETCASH_OPERATE":-20629000,"NETCASH_INVEST":-8042000,"NETCASH_FINANCE":20894000,"END_CASH":3770000,"DIVI_RATIO":null,"DIVIDEND_RATE":null,"CURRENT_RATIO":0.10711534742,"COMMON_ACS":500000000,"CURRENTDEBT_DEBT":71.179174305057,"ISSUED_COMMON_SHARES":340558265,"HK_COMMON_SHARES":340558265,"PER_SHARES":8000,"TOTAL_MARKET_CAP":391642004.75,"HKSK_MARKET_CAP":391642004.75,"PE_TTM":-14.56279588084,"PB_TTM":-1.416393216472,"REPORT_DATE_SQ":"2019-12-31 00:00:00","REPORT_TYPE_SQ":"2019年年报","OPERATE_INCOME_SQ":50993000,"DPS_HKD":null,"OPERATE_INCOME_QOQ_SQ":44.68222973328,"NET_PROFIT_RATIO_SQ":618.5476437942,"HOLDER_PROFIT_SQ":315416000,"HOLDER_PROFIT_QOQ_SQ":17.894129640428,"ROE_AVG_SQ":-63.606618866654,"PE_TTM_SQ":-11.750260789306,"PB_TTM_SQ":-1.066441767638,"ROA_SQ":148.4663414129,"START_DATE":"2020-07-01 00:00:00","FISCAL_YEAR":"6-30","CURRENCY":"HKD","IS_CNY_CODE":0,"DPS_HKD_LY":null,"ORG_TYPE":"一般企业","PREMIUM_INCOME":null,"PREMIUM_INCOME_YOY":null,"NET_INTEREST_INCOME":null,"NET_INTEREST_INCOME_YOY":null,"FEE_COMMISSION_INCOME":null,"FEE_COMMISSION_INCOME_YOY":null,"ACCOUNTS_RECE_TDAYS":7.278965460796,"INVENTORY_TDAYS":9.955963131924,"CURRENT_ASSETS_TDAYS":3.549481952138,"TOTAL_ASSETS_TDAYS":0.604781981884,"PREMIUM_EXPENSE":null,"LOAN_DEPOSIT":null,"LOAN_EQUITY":null,"LOAN_ASSETS":null,"DEPOSIT_EQUITY":null,"DEPOSIT_ASSETS":null,"EQUITY_MULTIPLIER":-0.748845794807,"EQUITY_RATIO":-1.750013737135},{"SECUCODE":"00756.HK","SECURITY_CODE":"00756","SECURITY_NAME_ABBR":"森美控股","ORG_CODE":"10125740","STD_REPORT_DATE":"2020-06-30 00:00:00","REPORT_DATE":"2020-12-31 00:00:00","DATE_TYPE_CODE":"002","REPORT_TYPE":"2020年中报","PER_NETCASH_OPERATE":-0.007575780812,"PER_OI":0.03372251951,"BPS":-0.745282161923,"BASIC_EPS":-0.016,"DILUTED_EPS":-0.016,"OPERATE_INCOME":58798000,"OPERATE_INCOME_YOY":18.8390565313,"GROSS_PROFIT":11992000,"GROSS_PROFIT_YOY":1319.17159763314,"HOLDER_PROFIT":-21966000,"HOLDER_PROFIT_YOY":-106.6758449658,"GROSS_PROFIT_RATIO":20.395251539168,"EPS_TTM":0.234012308306,"OPERATE_INCOME_QOQ":-38.276342068632,"NET_PROFIT_RATIO":-37.3584135515,"ROE_AVG":7.513352567644,"GROSS_PROFIT_QOQ":138.2127491222,"ROA":-10.739876055787,"HOLDER_PROFIT_QOQ":116.116227154721,"ROE_YEARLY":15.026705135287,"ROIC_YEARLY":-23.152264133542,"TOTAL_ASSETS":218709000,"TOTAL_LIABILITIES":472521000,"TAX_EBT":-0.004552697473,"OCF_SALES":-22.465049831627,"TOTAL_PARENT_EQUITY":-253812000,"DEBT_ASSET_RATIO":216.0500939605,"OPERATE_PROFIT":-17695000,"PRETAX_PROFIT":-21965000,"NETCASH_OPERATE":-13209000,"NETCASH_INVEST":-9028000,"NETCASH_FINANCE":38100000,"END_CASH":22708000,"DIVI_RATIO":null,"DIVIDEND_RATE":null,"CURRENT_RATIO":0.401568747175,"COMMON_ACS":500000000,"CURRENTDEBT_DEBT":36.046440264031,"ISSUED_COMMON_SHARES":340558265,"HK_COMMON_SHARES":340558265,"PER_SHARES":8000,"TOTAL_MARKET_CAP":391642004.75,"HKSK_MARKET_CAP":391642004.75,"PE_TTM":-14.56279588084,"PB_TTM":-1.416393216472,"REPORT_DATE_SQ":"2019-06-30 00:00:00","REPORT_TYPE_SQ":"2019年中报","OPERATE_INCOME_SQ":49477000,"DPS_HKD":null,"OPERATE_INCOME_QOQ_SQ":-84.544197137884,"NET_PROFIT_RATIO_SQ":665.03021606,"HOLDER_PROFIT_SQ":329037000,"HOLDER_PROFIT_QOQ_SQ":-1690.41574341834,"ROE_AVG_SQ":-67.592587837373,"PE_TTM_SQ":-11.750260789306,"PB_TTM_SQ":-1.066441767638,"ROA_SQ":154.945575011832,"START_DATE":"2020-07-01 00:00:00","FISCAL_YEAR":"6-30","CURRENCY":"HKD","IS_CNY_CODE":0,"DPS_HKD_LY":null,"ORG_TYPE":"一般企业","PREMIUM_INCOME":null,"PREMIUM_INCOME_YOY":null,"NET_INTEREST_INCOME":null,"NET_INTEREST_INCOME_YOY":null,"FEE_COMMISSION_INCOME":null,"FEE_COMMISSION_INCOME_YOY":null,"ACCOUNTS_RECE_TDAYS":3.537253722364,"INVENTORY_TDAYS":3.312878224865,"CURRENT_ASSETS_TDAYS":1.182225796723,"TOTAL_ASSETS_TDAYS":0.287482123431,"PREMIUM_EXPENSE":null,"LOAN_DEPOSIT":null,"LOAN_EQUITY":null,"LOAN_ASSETS":null,"DEPOSIT_EQUITY":null,"DEPOSIT_ASSETS":null,"EQUITY_MULTIPLIER":-0.861696846485,"EQUITY_RATIO":-1.861696846485},{"SECUCODE":"00756.HK","SECURITY_CODE":"00756","SECURITY_NAME_ABBR":"森美控股","ORG_CODE":"10125740","STD_REPORT_DATE":"2019-12-31 00:00:00","REPORT_DATE":"2020-06-30 00:00:00","DATE_TYPE_CODE":"001","REPORT_TYPE":"2019年年报","PER_NETCASH_OPERATE":-0.002486903827,"PER_OI":0.037832543807,"BPS":-0.971660458747,"BASIC_EPS":0.234,"DILUTED_EPS":0.2148,"OPERATE_INCOME":50993000,"OPERATE_INCOME_YOY":-10.696835432,"GROSS_PROFIT":7727000,"GROSS_PROFIT_YOY":139.223350253807,"HOLDER_PROFIT":315416000,"HOLDER_PROFIT_YOY":113.2323685745,"GROSS_PROFIT_RATIO":15.153060223952,"EPS_TTM":-1.452029101223,"OPERATE_INCOME_QOQ":44.68222973328,"NET_PROFIT_RATIO":618.5476437942,"ROE_AVG":-63.606618866654,"GROSS_PROFIT_QOQ":-2.644670050761,"ROA":148.4663414129,"HOLDER_PROFIT_QOQ":17.894129640428,"ROE_YEARLY":-63.606618866654,"ROIC_YEARLY":152.4879560447,"TOTAL_ASSETS":190346000,"TOTAL_LIABILITIES":521253000,"TAX_EBT":null,"OCF_SALES":-6.573451258016,"TOTAL_PARENT_EQUITY":-330907000,"DEBT_ASSET_RATIO":273.8449980562,"OPERATE_PROFIT":-31919000,"PRETAX_PROFIT":315417000,"NETCASH_OPERATE":-3352000,"NETCASH_INVEST":1971000,"NETCASH_FINANCE":6353000,"END_CASH":6842000,"DIVI_RATIO":null,"DIVIDEND_RATE":null,"CURRENT_RATIO":0.095311129243,"COMMON_ACS":500000000,"CURRENTDEBT_DEBT":62.542757547678,"ISSUED_COMMON_SHARES":340558265,"HK_COMMON_SHARES":340558265,"PER_SHARES":8000,"TOTAL_MARKET_CAP":391642004.75,"HKSK_MARKET_CAP":391642004.75,"PE_TTM":-14.56279588084,"PB_TTM":-1.416393216472,"REPORT_DATE_SQ":"2018-12-31 00:00:00","REPORT_TYPE_SQ":"2018年年报","OPERATE_INCOME_SQ":57101000,"DPS_HKD":null,"OPERATE_INCOME_QOQ_SQ":-44.168765990501,"NET_PROFIT_RATIO_SQ":-4174.4803068247,"HOLDER_PROFIT_SQ":-2383670000,"HOLDER_PROFIT_QOQ_SQ":-1251.4876318976,"ROE_AVG_SQ":-440.064726532247,"PE_TTM_SQ":-11.750260789306,"PB_TTM_SQ":-1.066441767638,"ROA_SQ":-161.202450021337,"START_DATE":"2019-07-01 00:00:00","FISCAL_YEAR":"6-30","CURRENCY":"HKD","IS_CNY_CODE":0,"DPS_HKD_LY":null,"ORG_TYPE":"一般企业","PREMIUM_INCOME":null,"PREMIUM_INCOME_YOY":null,"NET_INTEREST_INCOME":null,"NET_INTEREST_INCOME_YOY":null,"FEE_COMMISSION_INCOME":null,"FEE_COMMISSION_INCOME_YOY":null,"ACCOUNTS_RECE_TDAYS":2.920143163923,"INVENTORY_TDAYS":2.287330496154,"CURRENT_ASSETS_TDAYS":1.106066850313,"TOTAL_ASSETS_TDAYS":0.240024099845,"PREMIUM_EXPENSE":null,"LOAN_DEPOSIT":null,"LOAN_EQUITY":null,"LOAN_ASSETS":null,"DEPOSIT_EQUITY":null,"DEPOSIT_ASSETS":null,"EQUITY_MULTIPLIER":-0.575225063235,"EQUITY_RATIO":-1.575225063235}],"count":36},"success":true,"message":"ok","code":0}