{"version":"b900f428e70d4be811d3412715930c64","result":{"pages":6,"data":[{"SECUCODE":"00752.HK","SECURITY_CODE":"00752","SECURITY_NAME_ABBR":"PICO FAR EAST","ORG_CODE":"10009101","STD_REPORT_DATE":"2024-12-31 00:00:00","REPORT_DATE":"2024-10-31 00:00:00","DATE_TYPE_CODE":"001","REPORT_TYPE":"2024年年报","PER_NETCASH_OPERATE":0.70133230763,"PER_OI":4.674126853566,"BPS":1.69119712508,"BASIC_EPS":0.264384932,"DILUTED_EPS":0.263468202,"OPERATE_INCOME":5800152543.46,"OPERATE_INCOME_YOY":18.7515754239,"GROSS_PROFIT":1780381333,"GROSS_PROFIT_YOY":21.952706592191,"HOLDER_PROFIT":327793312.64,"HOLDER_PROFIT_YOY":56.7710000307,"GROSS_PROFIT_RATIO":30.695422571385,"EPS_TTM":0.263952218024,"OPERATE_INCOME_QOQ":8.161645760496,"NET_PROFIT_RATIO":5.8167043412,"ROE_AVG":15.706269980506,"GROSS_PROFIT_QOQ":9.111332058663,"ROA":6.641527153015,"HOLDER_PROFIT_QOQ":11.407341313101,"ROE_YEARLY":15.706269980506,"ROIC_YEARLY":9.574388895285,"TOTAL_ASSETS":5231903702.01,"TOTAL_LIABILITIES":3106764967.72,"TAX_EBT":18.981029977347,"OCF_SALES":15.004562982594,"TOTAL_PARENT_EQUITY":2101069071.41,"DEBT_ASSET_RATIO":59.3811573123,"OPERATE_PROFIT":435046138.99,"PRETAX_PROFIT":416418185.39,"NETCASH_OPERATE":870287541.47,"NETCASH_INVEST":-199840722.89,"NETCASH_FINANCE":-335390254.15,"END_CASH":1444844402.05,"DIVI_RATIO":0.432619399279,"DIVIDEND_RATE":5.980861244019,"CURRENT_RATIO":1.367151517293,"COMMON_ACS":2400000000,"CURRENTDEBT_DEBT":90.205266270164,"ISSUED_COMMON_SHARES":1242356104,"HK_COMMON_SHARES":1242356104,"PER_SHARES":2000,"TOTAL_MARKET_CAP":2596524257.36,"HKSK_MARKET_CAP":2596524257.36,"PE_TTM":7.261623683775,"PB_TTM":1.132905012424,"REPORT_DATE_SQ":"2023-12-31 00:00:00","REPORT_TYPE_SQ":"2023年年报","OPERATE_INCOME_SQ":4890134909.73,"DPS_HKD":0.125,"OPERATE_INCOME_QOQ_SQ":11.811156139371,"NET_PROFIT_RATIO_SQ":4.5745900238,"HOLDER_PROFIT_SQ":209341419.89,"HOLDER_PROFIT_QOQ_SQ":16.444353860887,"ROE_AVG_SQ":10.446462697371,"PE_TTM_SQ":9.236406820324,"PB_TTM_SQ":0.931629767861,"ROA_SQ":4.528991928322,"START_DATE":"2023-11-01 00:00:00","FISCAL_YEAR":"10-31","CURRENCY":"HKD","IS_CNY_CODE":0,"DPS_HKD_LY":0.125,"ORG_TYPE":"一般企业","PREMIUM_INCOME":null,"PREMIUM_INCOME_YOY":null,"NET_INTEREST_INCOME":null,"NET_INTEREST_INCOME_YOY":null,"FEE_COMMISSION_INCOME":null,"FEE_COMMISSION_INCOME_YOY":null,"ACCOUNTS_RECE_TDAYS":5.818066622221,"INVENTORY_TDAYS":473.812955859312,"CURRENT_ASSETS_TDAYS":1.655161029564,"TOTAL_ASSETS_TDAYS":1.175187812673,"PREMIUM_EXPENSE":null,"LOAN_DEPOSIT":null,"LOAN_EQUITY":null,"LOAN_ASSETS":null,"DEPOSIT_EQUITY":null,"DEPOSIT_ASSETS":null,"EQUITY_MULTIPLIER":2.461911600211,"EQUITY_RATIO":1.478659131199},{"SECUCODE":"00752.HK","SECURITY_CODE":"00752","SECURITY_NAME_ABBR":"PICO FAR EAST","ORG_CODE":"10009101","STD_REPORT_DATE":"2024-06-30 00:00:00","REPORT_DATE":"2024-04-30 00:00:00","DATE_TYPE_CODE":"002","REPORT_TYPE":"2024年中报","PER_NETCASH_OPERATE":0.209526656645,"PER_OI":2.154874967326,"BPS":1.744847856762,"BASIC_EPS":0.140475335,"DILUTED_EPS":0.140293725,"OPERATE_INCOME":2671484916.1,"OPERATE_INCOME_YOY":18.0019894272,"GROSS_PROFIT":791687932.75,"GROSS_PROFIT_YOY":27.717954122525,"HOLDER_PROFIT":174074093.05,"HOLDER_PROFIT_YOY":89.5946039501,"GROSS_PROFIT_RATIO":29.634752117776,"EPS_TTM":0.237252405432,"OPERATE_INCOME_QOQ":9.659254274563,"NET_PROFIT_RATIO":6.7576092742,"ROE_AVG":8.247866676964,"GROSS_PROFIT_QOQ":11.769056697634,"ROA":3.747497038867,"HOLDER_PROFIT_QOQ":40.550085326929,"ROE_YEARLY":16.495733353928,"ROIC_YEARLY":10.453534906827,"TOTAL_ASSETS":4694959018.75,"TOTAL_LIABILITIES":2471574984.45,"TAX_EBT":17.044705371822,"OCF_SALES":9.723378842027,"TOTAL_PARENT_EQUITY":2167722385.4,"DEBT_ASSET_RATIO":52.6431641805,"OPERATE_PROFIT":230786355.8,"PRETAX_PROFIT":217621446.9,"NETCASH_OPERATE":259758599.1,"NETCASH_INVEST":-60258198,"NETCASH_FINANCE":-141298936.35,"END_CASH":1131593749,"DIVI_RATIO":0.481305341424,"DIVIDEND_RATE":6.127450980392,"CURRENT_RATIO":1.461546333413,"COMMON_ACS":2400000000,"CURRENTDEBT_DEBT":90.113154697413,"ISSUED_COMMON_SHARES":1242356104,"HK_COMMON_SHARES":1242356104,"PER_SHARES":2000,"TOTAL_MARKET_CAP":2534406452.16,"HKSK_MARKET_CAP":2534406452.16,"PE_TTM":7.087900629139,"PB_TTM":1.105802021696,"REPORT_DATE_SQ":"2023-06-30 00:00:00","REPORT_TYPE_SQ":"2023年中报","OPERATE_INCOME_SQ":2199134350.8,"DPS_HKD":0.125,"OPERATE_INCOME_QOQ_SQ":5.338955891811,"NET_PROFIT_RATIO_SQ":4.1066028125,"HOLDER_PROFIT_SQ":89185968.66,"HOLDER_PROFIT_QOQ_SQ":20.895616490296,"ROE_AVG_SQ":4.641444925217,"PE_TTM_SQ":9.985061603301,"PB_TTM_SQ":0.860387491495,"ROA_SQ":1.987329841111,"START_DATE":"2023-11-01 00:00:00","FISCAL_YEAR":"10-31","CURRENCY":"HKD","IS_CNY_CODE":0,"DPS_HKD_LY":0.125,"ORG_TYPE":"一般企业","PREMIUM_INCOME":null,"PREMIUM_INCOME_YOY":null,"NET_INTEREST_INCOME":null,"NET_INTEREST_INCOME_YOY":null,"FEE_COMMISSION_INCOME":null,"FEE_COMMISSION_INCOME_YOY":null,"ACCOUNTS_RECE_TDAYS":3.00020752611,"INVENTORY_TDAYS":204.166576261157,"CURRENT_ASSETS_TDAYS":0.834543732955,"TOTAL_ASSETS_TDAYS":0.575121871213,"PREMIUM_EXPENSE":null,"LOAN_DEPOSIT":null,"LOAN_EQUITY":null,"LOAN_ASSETS":null,"DEPOSIT_EQUITY":null,"DEPOSIT_ASSETS":null,"EQUITY_MULTIPLIER":2.11162756695,"EQUITY_RATIO":1.140171361931},{"SECUCODE":"00752.HK","SECURITY_CODE":"00752","SECURITY_NAME_ABBR":"PICO FAR EAST","ORG_CODE":"10009101","STD_REPORT_DATE":"2023-12-31 00:00:00","REPORT_DATE":"2023-10-31 00:00:00","DATE_TYPE_CODE":"001","REPORT_TYPE":"2023年年报","PER_NETCASH_OPERATE":0.340995448675,"PER_OI":3.946425717481,"BPS":1.670585716324,"BASIC_EPS":0.168972503,"DILUTED_EPS":0.168788937,"OPERATE_INCOME":4890134909.73,"OPERATE_INCOME_YOY":17.328999797,"GROSS_PROFIT":1459894891.02,"GROSS_PROFIT_YOY":17.486133834355,"HOLDER_PROFIT":209341419.89,"HOLDER_PROFIT_YOY":40.2362243455,"GROSS_PROFIT_RATIO":29.853877612154,"EPS_TTM":0.168930519233,"OPERATE_INCOME_QOQ":11.811156139371,"NET_PROFIT_RATIO":4.5745900238,"ROE_AVG":10.446462697371,"GROSS_PROFIT_QOQ":10.451789154912,"ROA":4.528991928322,"HOLDER_PROFIT_QOQ":16.444353860887,"ROE_YEARLY":10.446462697371,"ROIC_YEARLY":6.309575085805,"TOTAL_ASSETS":4644685139.81,"TOTAL_LIABILITIES":2506198145.27,"TAX_EBT":19.061740366351,"OCF_SALES":8.640614902858,"TOTAL_PARENT_EQUITY":2075462361.93,"DEBT_ASSET_RATIO":53.9584077248,"OPERATE_PROFIT":301956891.7,"PRETAX_PROFIT":276387983.56,"NETCASH_OPERATE":422537725.78,"NETCASH_INVEST":-124789084.63,"NETCASH_FINANCE":-514971467.25,"END_CASH":1077040463.12,"DIVI_RATIO":0.675963410986,"DIVIDEND_RATE":5.980861244019,"CURRENT_RATIO":1.483374464883,"COMMON_ACS":2400000000,"CURRENTDEBT_DEBT":85.564803526298,"ISSUED_COMMON_SHARES":1242356104,"HK_COMMON_SHARES":1242356104,"PER_SHARES":2000,"TOTAL_MARKET_CAP":2596524257.36,"HKSK_MARKET_CAP":2596524257.36,"PE_TTM":7.261623683775,"PB_TTM":1.132905012424,"REPORT_DATE_SQ":"2022-12-31 00:00:00","REPORT_TYPE_SQ":"2022年年报","OPERATE_INCOME_SQ":4151898167.58,"DPS_HKD":0.125,"OPERATE_INCOME_QOQ_SQ":10.894343231715,"NET_PROFIT_RATIO_SQ":3.3825234782,"HOLDER_PROFIT_SQ":148705207.02,"HOLDER_PROFIT_QOQ_SQ":21.21103095274,"ROE_AVG_SQ":7.576920120473,"PE_TTM_SQ":9.127743210673,"PB_TTM_SQ":0.920669417651,"ROA_SQ":3.128493339482,"START_DATE":"2022-11-01 00:00:00","FISCAL_YEAR":"10-31","CURRENCY":"HKD","IS_CNY_CODE":0,"DPS_HKD_LY":0.08,"ORG_TYPE":"一般企业","PREMIUM_INCOME":null,"PREMIUM_INCOME_YOY":null,"NET_INTEREST_INCOME":null,"NET_INTEREST_INCOME_YOY":null,"FEE_COMMISSION_INCOME":null,"FEE_COMMISSION_INCOME_YOY":null,"ACCOUNTS_RECE_TDAYS":5.492267893784,"INVENTORY_TDAYS":285.151413420822,"CURRENT_ASSETS_TDAYS":1.560150693534,"TOTAL_ASSETS_TDAYS":1.057955064326,"PREMIUM_EXPENSE":null,"LOAN_DEPOSIT":null,"LOAN_EQUITY":null,"LOAN_ASSETS":null,"DEPOSIT_EQUITY":null,"DEPOSIT_ASSETS":null,"EQUITY_MULTIPLIER":2.171949210668,"EQUITY_RATIO":1.207537265547},{"SECUCODE":"00752.HK","SECURITY_CODE":"00752","SECURITY_NAME_ABBR":"PICO FAR EAST","ORG_CODE":"10009101","STD_REPORT_DATE":"2023-06-30 00:00:00","REPORT_DATE":"2023-04-30 00:00:00","DATE_TYPE_CODE":"002","REPORT_TYPE":"2023年中报","PER_NETCASH_OPERATE":0.172873313073,"PER_OI":1.775660455435,"BPS":1.598501982037,"BASIC_EPS":0.072064302,"DILUTED_EPS":0.071976096,"OPERATE_INCOME":2199134350.8,"OPERATE_INCOME_YOY":6.3329426637,"GROSS_PROFIT":619872075.3,"GROSS_PROFIT_YOY":14.635320713902,"HOLDER_PROFIT":89185968.66,"HOLDER_PROFIT_YOY":46.7397140991,"GROSS_PROFIT_RATIO":28.187094393506,"EPS_TTM":0.145094873353,"OPERATE_INCOME_QOQ":5.338955891811,"NET_PROFIT_RATIO":4.1066028125,"ROE_AVG":4.641444925217,"GROSS_PROFIT_QOQ":6.368701433689,"ROA":1.987329841111,"HOLDER_PROFIT_QOQ":20.895616490296,"ROE_YEARLY":9.282889850434,"ROIC_YEARLY":5.65581746059,"TOTAL_ASSETS":4554904034.34,"TOTAL_LIABILITIES":2502650314.74,"TAX_EBT":24.82083590331,"OCF_SALES":9.735719041545,"TOTAL_PARENT_EQUITY":1985908694.64,"DEBT_ASSET_RATIO":54.9440843511,"OPERATE_PROFIT":138776263.92,"PRETAX_PROFIT":120125987.28,"NETCASH_OPERATE":214101541.74,"NETCASH_INVEST":-110737340.64,"NETCASH_FINANCE":-176531960.16,"END_CASH":1192349302.68,"DIVI_RATIO":0.787008164801,"DIVIDEND_RATE":6.127450980392,"CURRENT_RATIO":1.499166748061,"COMMON_ACS":2400000000,"CURRENTDEBT_DEBT":81.550880262392,"ISSUED_COMMON_SHARES":1242356104,"HK_COMMON_SHARES":1242356104,"PER_SHARES":2000,"TOTAL_MARKET_CAP":2534406452.16,"HKSK_MARKET_CAP":2534406452.16,"PE_TTM":7.087900629139,"PB_TTM":1.105802021696,"REPORT_DATE_SQ":"2022-06-30 00:00:00","REPORT_TYPE_SQ":"2022年中报","OPERATE_INCOME_SQ":1977466338.96,"DPS_HKD":0.125,"OPERATE_INCOME_QOQ_SQ":12.460721685863,"NET_PROFIT_RATIO_SQ":2.8640861998,"HOLDER_PROFIT_SQ":58113098.9,"HOLDER_PROFIT_QOQ_SQ":9.06124687195,"ROE_AVG_SQ":3.166978668798,"PE_TTM_SQ":9.985061603301,"PB_TTM_SQ":0.860387491495,"ROA_SQ":1.317444839585,"START_DATE":"2022-11-01 00:00:00","FISCAL_YEAR":"10-31","CURRENCY":"HKD","IS_CNY_CODE":0,"DPS_HKD_LY":0.08,"ORG_TYPE":"一般企业","PREMIUM_INCOME":null,"PREMIUM_INCOME_YOY":null,"NET_INTEREST_INCOME":null,"NET_INTEREST_INCOME_YOY":null,"FEE_COMMISSION_INCOME":null,"FEE_COMMISSION_INCOME_YOY":null,"ACCOUNTS_RECE_TDAYS":null,"INVENTORY_TDAYS":130.416651491423,"CURRENT_ASSETS_TDAYS":0.72973966156,"TOTAL_ASSETS_TDAYS":0.490032836512,"PREMIUM_EXPENSE":null,"LOAN_DEPOSIT":null,"LOAN_EQUITY":null,"LOAN_ASSETS":null,"DEPOSIT_EQUITY":null,"DEPOSIT_ASSETS":null,"EQUITY_MULTIPLIER":2.219464382419,"EQUITY_RATIO":1.260204117891},{"SECUCODE":"00752.HK","SECURITY_CODE":"00752","SECURITY_NAME_ABBR":"PICO FAR EAST","ORG_CODE":"10009101","STD_REPORT_DATE":"2022-12-31 00:00:00","REPORT_DATE":"2022-10-31 00:00:00","DATE_TYPE_CODE":"001","REPORT_TYPE":"2022年年报","PER_NETCASH_OPERATE":0.109443279848,"PER_OI":3.353015138094,"BPS":1.549489333793,"BASIC_EPS":0.120048903,"DILUTED_EPS":0.120048903,"OPERATE_INCOME":4151898167.58,"OPERATE_INCOME_YOY":12.0723202951,"GROSS_PROFIT":1242610377.39,"GROSS_PROFIT_YOY":28.064210312293,"HOLDER_PROFIT":148705207.02,"HOLDER_PROFIT_YOY":18.7956964115,"GROSS_PROFIT_RATIO":29.928729637275,"EPS_TTM":0.120092254224,"OPERATE_INCOME_QOQ":10.894343231715,"NET_PROFIT_RATIO":3.3825234782,"ROE_AVG":7.576920120473,"GROSS_PROFIT_QOQ":16.761744914849,"ROA":3.128493339482,"HOLDER_PROFIT_QOQ":21.21103095274,"ROE_YEARLY":7.576920120473,"ROIC_YEARLY":4.454575881058,"TOTAL_ASSETS":4582177939.44,"TOTAL_LIABILITIES":2583331703.64,"TAX_EBT":16.222967629333,"OCF_SALES":3.264025819761,"TOTAL_PARENT_EQUITY":1925017531.92,"DEBT_ASSET_RATIO":56.3778128607,"OPERATE_PROFIT":185593043.97,"PRETAX_PROFIT":167634166.95,"NETCASH_OPERATE":135519028.2,"NETCASH_INVEST":-117931361.04,"NETCASH_FINANCE":-27984286.17,"END_CASH":1254750585.57,"DIVI_RATIO":0.950859410028,"DIVIDEND_RATE":6.127450980392,"CURRENT_RATIO":1.492011427831,"COMMON_ACS":2400000000,"CURRENTDEBT_DEBT":79.805014716271,"ISSUED_COMMON_SHARES":1242356104,"HK_COMMON_SHARES":1242356104,"PER_SHARES":2000,"TOTAL_MARKET_CAP":2534406452.16,"HKSK_MARKET_CAP":2534406452.16,"PE_TTM":7.087900629139,"PB_TTM":1.105802021696,"REPORT_DATE_SQ":"2021-12-31 00:00:00","REPORT_TYPE_SQ":"2021年年报","OPERATE_INCOME_SQ":3329173536.96,"DPS_HKD":0.125,"OPERATE_INCOME_QOQ_SQ":17.088748844218,"NET_PROFIT_RATIO_SQ":3.2335981662,"HOLDER_PROFIT_SQ":112489910.76,"HOLDER_PROFIT_QOQ_SQ":61.205363204454,"ROE_AVG_SQ":6.604976032605,"PE_TTM_SQ":9.985061603301,"PB_TTM_SQ":0.860387491495,"ROA_SQ":2.697506723867,"START_DATE":"2021-11-01 00:00:00","FISCAL_YEAR":"10-31","CURRENCY":"HKD","IS_CNY_CODE":0,"DPS_HKD_LY":0.05,"ORG_TYPE":"一般企业","PREMIUM_INCOME":null,"PREMIUM_INCOME_YOY":null,"NET_INTEREST_INCOME":null,"NET_INTEREST_INCOME_YOY":null,"FEE_COMMISSION_INCOME":null,"FEE_COMMISSION_INCOME_YOY":null,"ACCOUNTS_RECE_TDAYS":4.724272531497,"INVENTORY_TDAYS":169.12666099713,"CURRENT_ASSETS_TDAYS":1.304932977689,"TOTAL_ASSETS_TDAYS":0.873485604424,"PREMIUM_EXPENSE":null,"LOAN_DEPOSIT":null,"LOAN_EQUITY":null,"LOAN_ASSETS":null,"DEPOSIT_EQUITY":null,"DEPOSIT_ASSETS":null,"EQUITY_MULTIPLIER":2.292411420837,"EQUITY_RATIO":1.341978273342},{"SECUCODE":"00752.HK","SECURITY_CODE":"00752","SECURITY_NAME_ABBR":"PICO FAR EAST","ORG_CODE":"10009101","STD_REPORT_DATE":"2022-06-30 00:00:00","REPORT_DATE":"2022-04-30 00:00:00","DATE_TYPE_CODE":"002","REPORT_TYPE":"2022年中报","PER_NETCASH_OPERATE":-0.009743163288,"PER_OI":1.596974275857,"BPS":1.468912484242,"BASIC_EPS":0.046891928,"DILUTED_EPS":0.046891928,"OPERATE_INCOME":1977466338.96,"OPERATE_INCOME_YOY":24.9990403931,"GROSS_PROFIT":540733930.38,"GROSS_PROFIT_YOY":21.021208128895,"HOLDER_PROFIT":58113098.9,"HOLDER_PROFIT_YOY":19.7868678616,"GROSS_PROFIT_RATIO":27.344785583778,"EPS_TTM":0.099077000896,"OPERATE_INCOME_QOQ":12.460721685863,"NET_PROFIT_RATIO":2.8640861998,"ROE_AVG":3.166978668798,"GROSS_PROFIT_QOQ":9.679938755357,"ROA":1.317444839585,"HOLDER_PROFIT_QOQ":9.06124687195,"ROE_YEARLY":6.333957337596,"ROIC_YEARLY":3.711428052805,"TOTAL_ASSETS":4279781569.42,"TOTAL_LIABILITIES":2356218176.4,"TAX_EBT":17.641864629196,"OCF_SALES":-0.61010145469,"TOTAL_PARENT_EQUITY":1824912391.04,"DEBT_ASSET_RATIO":55.0546362748,"OPERATE_PROFIT":79496155.42,"PRETAX_PROFIT":68768361.82,"NETCASH_OPERATE":-12064550.9,"NETCASH_INVEST":-79361214.62,"NETCASH_FINANCE":-69004508.22,"END_CASH":1059247327.9,"DIVI_RATIO":1.152546493806,"DIVIDEND_RATE":6.127450980392,"CURRENT_RATIO":1.45494941137,"COMMON_ACS":2400000000,"CURRENTDEBT_DEBT":82.018770268239,"ISSUED_COMMON_SHARES":1242356104,"HK_COMMON_SHARES":1242356104,"PER_SHARES":2000,"TOTAL_MARKET_CAP":2534406452.16,"HKSK_MARKET_CAP":2534406452.16,"PE_TTM":7.087900629139,"PB_TTM":1.105802021696,"REPORT_DATE_SQ":"2021-06-30 00:00:00","REPORT_TYPE_SQ":"2021年中报","OPERATE_INCOME_SQ":1562627290.08,"DPS_HKD":0.125,"OPERATE_INCOME_QOQ_SQ":-4.638716107741,"NET_PROFIT_RATIO_SQ":2.3386154365,"HOLDER_PROFIT_SQ":47920110.38,"HOLDER_PROFIT_QOQ_SQ":59.22231603458,"ROE_AVG_SQ":2.850764653452,"PE_TTM_SQ":9.985061603301,"PB_TTM_SQ":0.860387491495,"ROA_SQ":1.188890161124,"START_DATE":"2021-11-01 00:00:00","FISCAL_YEAR":"10-31","CURRENCY":"HKD","IS_CNY_CODE":0,"DPS_HKD_LY":0.05,"ORG_TYPE":"一般企业","PREMIUM_INCOME":null,"PREMIUM_INCOME_YOY":null,"NET_INTEREST_INCOME":null,"NET_INTEREST_INCOME_YOY":null,"FEE_COMMISSION_INCOME":null,"FEE_COMMISSION_INCOME_YOY":null,"ACCOUNTS_RECE_TDAYS":null,"INVENTORY_TDAYS":66.560170352426,"CURRENT_ASSETS_TDAYS":0.676735231308,"TOTAL_ASSETS_TDAYS":0.448298726626,"PREMIUM_EXPENSE":null,"LOAN_DEPOSIT":null,"LOAN_EQUITY":null,"LOAN_ASSETS":null,"DEPOSIT_EQUITY":null,"DEPOSIT_ASSETS":null,"EQUITY_MULTIPLIER":2.224923589703,"EQUITY_RATIO":1.291140433902},{"SECUCODE":"00752.HK","SECURITY_CODE":"00752","SECURITY_NAME_ABBR":"PICO FAR EAST","ORG_CODE":"10009101","STD_REPORT_DATE":"2021-12-31 00:00:00","REPORT_DATE":"2021-10-31 00:00:00","DATE_TYPE_CODE":"001","REPORT_TYPE":"2021年年报","PER_NETCASH_OPERATE":0.158925449902,"PER_OI":2.688702752151,"BPS":1.446821336759,"BASIC_EPS":0.090873384,"DILUTED_EPS":0.09079122,"OPERATE_INCOME":3329173536.96,"OPERATE_INCOME_YOY":17.8514597115,"GROSS_PROFIT":970302611.76,"GROSS_PROFIT_YOY":-0.59202526065,"HOLDER_PROFIT":112489910.76,"HOLDER_PROFIT_YOY":170.9138040209,"GROSS_PROFIT_RATIO":29.14545009408,"EPS_TTM":0.090848953739,"OPERATE_INCOME_QOQ":17.088748844218,"NET_PROFIT_RATIO":3.2335981662,"ROE_AVG":6.604976032605,"GROSS_PROFIT_QOQ":12.581814688963,"ROA":2.697506723867,"HOLDER_PROFIT_QOQ":61.205363204454,"ROE_YEARLY":6.604976032605,"ROIC_YEARLY":3.857668979942,"TOTAL_ASSETS":4425222399.24,"TOTAL_LIABILITIES":2519454711.72,"TAX_EBT":16.296556570625,"OCF_SALES":5.910859791938,"TOTAL_PARENT_EQUITY":1797467319.12,"DEBT_ASSET_RATIO":56.9339681584,"OPERATE_PROFIT":141465045.36,"PRETAX_PROFIT":128611309.2,"NETCASH_OPERATE":196782780,"NETCASH_INVEST":-79050806.04,"NETCASH_FINANCE":9563889.6,"END_CASH":1192955548.8,"DIVI_RATIO":1.256930820883,"DIVIDEND_RATE":6.127450980392,"CURRENT_RATIO":1.458133248981,"COMMON_ACS":2400000000,"CURRENTDEBT_DEBT":80.415363688632,"ISSUED_COMMON_SHARES":1242356104,"HK_COMMON_SHARES":1242356104,"PER_SHARES":2000,"TOTAL_MARKET_CAP":2534406452.16,"HKSK_MARKET_CAP":2534406452.16,"PE_TTM":7.087900629139,"PB_TTM":1.105802021696,"REPORT_DATE_SQ":"2020-12-31 00:00:00","REPORT_TYPE_SQ":"2020年年报","OPERATE_INCOME_SQ":2981598621.42,"DPS_HKD":0.125,"OPERATE_INCOME_QOQ_SQ":-27.165798638294,"NET_PROFIT_RATIO_SQ":1.6273180243,"HOLDER_PROFIT_SQ":43825829.92,"HOLDER_PROFIT_QOQ_SQ":-70.300773066077,"ROE_AVG_SQ":2.564726534815,"PE_TTM_SQ":9.985061603301,"PB_TTM_SQ":0.860387491495,"ROA_SQ":1.046016898836,"START_DATE":"2020-11-01 00:00:00","FISCAL_YEAR":"10-31","CURRENCY":"HKD","IS_CNY_CODE":0,"DPS_HKD_LY":0.025,"ORG_TYPE":"一般企业","PREMIUM_INCOME":null,"PREMIUM_INCOME_YOY":null,"NET_INTEREST_INCOME":null,"NET_INTEREST_INCOME_YOY":null,"FEE_COMMISSION_INCOME":null,"FEE_COMMISSION_INCOME_YOY":null,"ACCOUNTS_RECE_TDAYS":null,"INVENTORY_TDAYS":120.9296350119,"CURRENT_ASSETS_TDAYS":1.231403982899,"TOTAL_ASSETS_TDAYS":0.798335418723,"PREMIUM_EXPENSE":null,"LOAN_DEPOSIT":null,"LOAN_EQUITY":null,"LOAN_ASSETS":null,"DEPOSIT_EQUITY":null,"DEPOSIT_ASSETS":null,"EQUITY_MULTIPLIER":2.322015651867,"EQUITY_RATIO":1.401669273716},{"SECUCODE":"00752.HK","SECURITY_CODE":"00752","SECURITY_NAME_ABBR":"PICO FAR EAST","ORG_CODE":"10009101","STD_REPORT_DATE":"2021-06-30 00:00:00","REPORT_DATE":"2021-04-30 00:00:00","DATE_TYPE_CODE":"002","REPORT_TYPE":"2021年中报","PER_NETCASH_OPERATE":-0.068580745485,"PER_OI":1.262057959344,"BPS":1.393161701486,"BASIC_EPS":0.03873729,"DILUTED_EPS":0.03873729,"OPERATE_INCOME":1562627290.08,"OPERATE_INCOME_YOY":0.4153082692,"GROSS_PROFIT":446809231.82,"GROSS_PROFIT_YOY":-20.358560839034,"HOLDER_PROFIT":47920110.38,"HOLDER_PROFIT_YOY":138.4570741616,"GROSS_PROFIT_RATIO":28.593461451523,"EPS_TTM":0.056358312557,"OPERATE_INCOME_QOQ":-4.638716107741,"NET_PROFIT_RATIO":2.3386154365,"ROE_AVG":2.850764653452,"GROSS_PROFIT_QOQ":-11.701570085727,"ROA":1.188890161124,"HOLDER_PROFIT_QOQ":59.22231603458,"ROE_YEARLY":5.701529306904,"ROIC_YEARLY":3.32688994089,"TOTAL_ASSETS":4091837436.96,"TOTAL_LIABILITIES":2256043941.46,"TAX_EBT":14.452591754749,"OCF_SALES":-5.434040883521,"TOTAL_PARENT_EQUITY":1730802943.7,"DEBT_ASSET_RATIO":55.1352290069,"OPERATE_PROFIT":59143094.7,"PRETAX_PROFIT":42717650.68,"NETCASH_OPERATE":-84913805.8,"NETCASH_INVEST":-2063489.62,"NETCASH_FINANCE":-24557775.74,"END_CASH":986808720.54,"DIVI_RATIO":2.026158073574,"DIVIDEND_RATE":6.127450980392,"CURRENT_RATIO":1.497178632564,"COMMON_ACS":2400000000,"CURRENTDEBT_DEBT":77.440945652387,"ISSUED_COMMON_SHARES":1242356104,"HK_COMMON_SHARES":1242356104,"PER_SHARES":2000,"TOTAL_MARKET_CAP":2534406452.16,"HKSK_MARKET_CAP":2534406452.16,"PE_TTM":7.087900629139,"PB_TTM":1.105802021696,"REPORT_DATE_SQ":"2020-06-30 00:00:00","REPORT_TYPE_SQ":"2020年中报","OPERATE_INCOME_SQ":1700935185.6,"DPS_HKD":0.125,"OPERATE_INCOME_QOQ_SQ":-9.333367640902,"NET_PROFIT_RATIO_SQ":1.347797924,"HOLDER_PROFIT_SQ":21965438.88,"HOLDER_PROFIT_QOQ_SQ":-36.160389814959,"ROE_AVG_SQ":1.262110727549,"PE_TTM_SQ":9.985061603301,"PB_TTM_SQ":0.860387491495,"ROA_SQ":0.50835263653,"START_DATE":"2020-11-01 00:00:00","FISCAL_YEAR":"10-31","CURRENCY":"HKD","IS_CNY_CODE":0,"DPS_HKD_LY":0.025,"ORG_TYPE":"一般企业","PREMIUM_INCOME":null,"PREMIUM_INCOME_YOY":null,"NET_INTEREST_INCOME":null,"NET_INTEREST_INCOME_YOY":null,"FEE_COMMISSION_INCOME":null,"FEE_COMMISSION_INCOME_YOY":null,"ACCOUNTS_RECE_TDAYS":null,"INVENTORY_TDAYS":64.998350075217,"CURRENT_ASSETS_TDAYS":0.612468974822,"TOTAL_ASSETS_TDAYS":0.387685294535,"PREMIUM_EXPENSE":null,"LOAN_DEPOSIT":null,"LOAN_EQUITY":null,"LOAN_ASSETS":null,"DEPOSIT_EQUITY":null,"DEPOSIT_ASSETS":null,"EQUITY_MULTIPLIER":2.228920326271,"EQUITY_RATIO":1.303466665383},{"SECUCODE":"00752.HK","SECURITY_CODE":"00752","SECURITY_NAME_ABBR":"PICO FAR EAST","ORG_CODE":"10009101","STD_REPORT_DATE":"2020-12-31 00:00:00","REPORT_DATE":"2020-10-31 00:00:00","DATE_TYPE_CODE":"001","REPORT_TYPE":"2020年年报","PER_NETCASH_OPERATE":0.105018924482,"PER_OI":2.408379876535,"BPS":1.366753225434,"BASIC_EPS":0.035382576,"DILUTED_EPS":0.035382576,"OPERATE_INCOME":2981598621.42,"OPERATE_INCOME_YOY":-31.4668178946,"GROSS_PROFIT":976081259.38,"GROSS_PROFIT_YOY":-28.894995453675,"HOLDER_PROFIT":43825829.92,"HOLDER_PROFIT_YOY":-80.323247583,"GROSS_PROFIT_RATIO":32.736842993144,"EPS_TTM":0.035398904604,"OPERATE_INCOME_QOQ":-27.165798638294,"NET_PROFIT_RATIO":1.6273180243,"ROE_AVG":2.564726534815,"GROSS_PROFIT_QOQ":-24.900953817671,"ROA":1.046016898836,"HOLDER_PROFIT_QOQ":-70.300773066077,"ROE_YEARLY":2.564726534815,"ROIC_YEARLY":1.4928893817,"TOTAL_ASSETS":4132251266.8,"TOTAL_LIABILITIES":2313246042.94,"TAX_EBT":5.65729124511,"OCF_SALES":4.360563111546,"TOTAL_PARENT_EQUITY":1697994212.28,"DEBT_ASSET_RATIO":55.9802851662,"OPERATE_PROFIT":82253215.34,"PRETAX_PROFIT":51429614.88,"NETCASH_OPERATE":130014489.62,"NETCASH_INVEST":-2767299.02,"NETCASH_FINANCE":-118948762.42,"END_CASH":1122120240.16,"DIVI_RATIO":3.225830044098,"DIVIDEND_RATE":6.127450980392,"CURRENT_RATIO":1.511550922843,"COMMON_ACS":2400000000,"CURRENTDEBT_DEBT":74.042776053478,"ISSUED_COMMON_SHARES":1242356104,"HK_COMMON_SHARES":1242356104,"PER_SHARES":2000,"TOTAL_MARKET_CAP":2534406452.16,"HKSK_MARKET_CAP":2534406452.16,"PE_TTM":7.087900629139,"PB_TTM":1.105802021696,"REPORT_DATE_SQ":"2019-12-31 00:00:00","REPORT_TYPE_SQ":"2019年年报","OPERATE_INCOME_SQ":4515089167.1,"DPS_HKD":0.125,"OPERATE_INCOME_QOQ_SQ":3.020538969004,"NET_PROFIT_RATIO_SQ":5.2650641556,"HOLDER_PROFIT_SQ":231150468.31,"HOLDER_PROFIT_QOQ_SQ":-4.973771734789,"ROE_AVG_SQ":13.186658027231,"PE_TTM_SQ":9.985061603301,"PB_TTM_SQ":0.860387491495,"ROA_SQ":5.696849299481,"START_DATE":"2019-11-01 00:00:00","FISCAL_YEAR":"10-31","CURRENCY":"HKD","IS_CNY_CODE":0,"DPS_HKD_LY":0.09,"ORG_TYPE":"一般企业","PREMIUM_INCOME":null,"PREMIUM_INCOME_YOY":null,"NET_INTEREST_INCOME":null,"NET_INTEREST_INCOME_YOY":null,"FEE_COMMISSION_INCOME":null,"FEE_COMMISSION_INCOME_YOY":null,"ACCOUNTS_RECE_TDAYS":null,"INVENTORY_TDAYS":75.193692082588,"CURRENT_ASSETS_TDAYS":1.114827948982,"TOTAL_ASSETS_TDAYS":0.711635706442,"PREMIUM_EXPENSE":null,"LOAN_DEPOSIT":null,"LOAN_EQUITY":null,"LOAN_ASSETS":null,"DEPOSIT_EQUITY":null,"DEPOSIT_ASSETS":null,"EQUITY_MULTIPLIER":2.271709400607,"EQUITY_RATIO":1.362340357941}],"count":47},"success":true,"message":"ok","code":0}