{"version":"a7f490a45e2c0af82edefe24626aa965","result":{"pages":6,"data":[{"SECUCODE":"00754.HK","SECURITY_CODE":"00754","SECURITY_NAME_ABBR":"合生创展集团","ORG_CODE":"10009102","STD_REPORT_DATE":"2024-06-30 00:00:00","REPORT_DATE":"2024-06-30 00:00:00","DATE_TYPE_CODE":"002","REPORT_TYPE":"2024年中报","PER_NETCASH_OPERATE":1.377003161694,"PER_OI":3.32321703113,"BPS":23.065824523347,"BASIC_EPS":0.25828844,"DILUTED_EPS":0.25828844,"OPERATE_INCOME":12603435416.8,"OPERATE_INCOME_YOY":-8.4257530131,"GROSS_PROFIT":3432991059.2,"GROSS_PROFIT_YOY":-30.754404359534,"HOLDER_PROFIT":979194293.04,"HOLDER_PROFIT_YOY":-72.510170856,"GROSS_PROFIT_RATIO":27.238534143032,"EPS_TTM":0.00768347483,"OPERATE_INCOME_QOQ":-4.182934813627,"NET_PROFIT_RATIO":7.8430487948,"ROE_AVG":1.122223925449,"GROSS_PROFIT_QOQ":-17.717070054681,"ROA":0.372385059809,"HOLDER_PROFIT_QOQ":-98.899661404176,"ROE_YEARLY":2.244447850898,"ROIC_YEARLY":0.811570549489,"TOTAL_ASSETS":262418814410.6,"TOTAL_LIABILITIES":170616307932,"TAX_EBT":47.670338696429,"OCF_SALES":41.435848119306,"TOTAL_PARENT_EQUITY":87478075308.36,"DEBT_ASSET_RATIO":65.0167970293,"OPERATE_PROFIT":2725316328.12,"PRETAX_PROFIT":1888973796,"NETCASH_OPERATE":5222340357.12,"NETCASH_INVEST":2576014657.64,"NETCASH_FINANCE":-1581288376.36,"END_CASH":16477809476.16,"DIVI_RATIO":null,"DIVIDEND_RATE":null,"CURRENT_RATIO":1.557637328192,"COMMON_ACS":6000000000,"CURRENTDEBT_DEBT":59.846327081592,"ISSUED_COMMON_SHARES":3792540571,"HK_COMMON_SHARES":3792540571,"PER_SHARES":100,"TOTAL_MARKET_CAP":11453472524.42,"HKSK_MARKET_CAP":11453472524.42,"PE_TTM":123.980824243297,"PB_TTM":0.119496859833,"REPORT_DATE_SQ":"2023-06-30 00:00:00","REPORT_TYPE_SQ":"2023年中报","OPERATE_INCOME_SQ":13903321024.98,"DPS_HKD":null,"OPERATE_INCOME_QOQ_SQ":10.845256970669,"NET_PROFIT_RATIO_SQ":29.6768980012,"HOLDER_PROFIT_SQ":3598320139.64,"HOLDER_PROFIT_QOQ_SQ":-23.842664018772,"ROE_AVG_SQ":4.181024118323,"PE_TTM_SQ":2.296524243764,"PB_TTM_SQ":0.154065798192,"ROA_SQ":1.31287115937,"START_DATE":"2024-01-01 00:00:00","FISCAL_YEAR":"12-31","CURRENCY":"HKD","IS_CNY_CODE":0,"DPS_HKD_LY":null,"ORG_TYPE":"一般企业","PREMIUM_INCOME":null,"PREMIUM_INCOME_YOY":null,"NET_INTEREST_INCOME":null,"NET_INTEREST_INCOME_YOY":null,"FEE_COMMISSION_INCOME":null,"FEE_COMMISSION_INCOME_YOY":null,"ACCOUNTS_RECE_TDAYS":3.123290763306,"INVENTORY_TDAYS":0.085221107699,"CURRENT_ASSETS_TDAYS":0.079495723488,"TOTAL_ASSETS_TDAYS":0.047930539269,"PREMIUM_EXPENSE":null,"LOAN_DEPOSIT":null,"LOAN_EQUITY":null,"LOAN_ASSETS":null,"DEPOSIT_EQUITY":null,"DEPOSIT_ASSETS":null,"EQUITY_MULTIPLIER":2.858514701577,"EQUITY_RATIO":1.950389367057},{"SECUCODE":"00754.HK","SECURITY_CODE":"00754","SECURITY_NAME_ABBR":"合生创展集团","ORG_CODE":"10009102","STD_REPORT_DATE":"2023-12-31 00:00:00","REPORT_DATE":"2023-12-31 00:00:00","DATE_TYPE_CODE":"001","REPORT_TYPE":"2023年年报","PER_NETCASH_OPERATE":3.782900787278,"PER_OI":8.193959318354,"BPS":22.785654673188,"BASIC_EPS":0.6977894,"DILUTED_EPS":0.6977894,"OPERATE_INCOME":31075923151.98,"OPERATE_INCOME_YOY":25.8322285829,"GROSS_PROFIT":8605892855.84,"GROSS_PROFIT_YOY":16.343113178555,"HOLDER_PROFIT":2648265736.62,"HOLDER_PROFIT_YOY":-66.64954058,"GROSS_PROFIT_RATIO":27.693120534994,"EPS_TTM":0.69828277036,"OPERATE_INCOME_QOQ":15.166367233432,"NET_PROFIT_RATIO":9.9272103143,"ROE_AVG":3.100474694511,"GROSS_PROFIT_QOQ":-11.58960907305,"ROA":0.994987583905,"HOLDER_PROFIT_QOQ":-55.57361548818,"ROE_YEARLY":3.100474694511,"ROIC_YEARLY":1.068341291824,"TOTAL_ASSETS":261620399019.7,"TOTAL_LIABILITIES":170105909158.92,"TAX_EBT":45.914127225774,"OCF_SALES":46.166946164899,"TOTAL_PARENT_EQUITY":86415519784.86,"DEBT_ASSET_RATIO":65.0201244996,"OPERATE_PROFIT":5981960032.44,"PRETAX_PROFIT":5703841114.44,"NETCASH_OPERATE":14346804711.82,"NETCASH_INVEST":-1357249318.88,"NETCASH_FINANCE":-15316073155.88,"END_CASH":10293130406.86,"DIVI_RATIO":null,"DIVIDEND_RATE":null,"CURRENT_RATIO":1.432968628409,"COMMON_ACS":6000000000,"CURRENTDEBT_DEBT":64.375496585715,"ISSUED_COMMON_SHARES":3792540571,"HK_COMMON_SHARES":3792540571,"PER_SHARES":100,"TOTAL_MARKET_CAP":12136129827.2,"HKSK_MARKET_CAP":12136129827.2,"PE_TTM":131.370409794222,"PB_TTM":0.126619189227,"REPORT_DATE_SQ":"2022-12-31 00:00:00","REPORT_TYPE_SQ":"2022年年报","OPERATE_INCOME_SQ":24343401186.16,"DPS_HKD":null,"OPERATE_INCOME_QOQ_SQ":5.765608300132,"NET_PROFIT_RATIO_SQ":33.3670274866,"HOLDER_PROFIT_SQ":7827243537.47,"HOLDER_PROFIT_QOQ_SQ":-10.624361027851,"ROE_AVG_SQ":9.248863006218,"PE_TTM_SQ":2.4053069711,"PB_TTM_SQ":0.16136365179,"ROA_SQ":2.717260153786,"START_DATE":"2023-01-01 00:00:00","FISCAL_YEAR":"12-31","CURRENCY":"HKD","IS_CNY_CODE":0,"DPS_HKD_LY":null,"ORG_TYPE":"一般企业","PREMIUM_INCOME":null,"PREMIUM_INCOME_YOY":null,"NET_INTEREST_INCOME":null,"NET_INTEREST_INCOME_YOY":null,"FEE_COMMISSION_INCOME":null,"FEE_COMMISSION_INCOME_YOY":null,"ACCOUNTS_RECE_TDAYS":7.836354516349,"INVENTORY_TDAYS":0.211954328348,"CURRENT_ASSETS_TDAYS":0.192445307273,"TOTAL_ASSETS_TDAYS":0.116756250202,"PREMIUM_EXPENSE":null,"LOAN_DEPOSIT":null,"LOAN_EQUITY":null,"LOAN_ASSETS":null,"DEPOSIT_EQUITY":null,"DEPOSIT_ASSETS":null,"EQUITY_MULTIPLIER":2.858786618576,"EQUITY_RATIO":1.968464803341},{"SECUCODE":"00754.HK","SECURITY_CODE":"00754","SECURITY_NAME_ABBR":"合生创展集团","ORG_CODE":"10009102","STD_REPORT_DATE":"2023-06-30 00:00:00","REPORT_DATE":"2023-06-30 00:00:00","DATE_TYPE_CODE":"002","REPORT_TYPE":"2023年中报","PER_NETCASH_OPERATE":2.3899038099,"PER_OI":4.032561508241,"BPS":22.740439741479,"BASIC_EPS":0.94871742,"DILUTED_EPS":0.94871742,"OPERATE_INCOME":13903321024.98,"OPERATE_INCOME_YOY":14.4978226217,"GROSS_PROFIT":4957703125.3,"GROSS_PROFIT_YOY":89.177064102899,"HOLDER_PROFIT":3598320139.64,"HOLDER_PROFIT_YOY":-38.9216882563,"GROSS_PROFIT_RATIO":35.658409356963,"EPS_TTM":1.728952413559,"OPERATE_INCOME_QOQ":10.845256970669,"NET_PROFIT_RATIO":29.6768980012,"ROE_AVG":4.181024118323,"GROSS_PROFIT_QOQ":31.594388350442,"ROA":1.31287115937,"HOLDER_PROFIT_QOQ":-23.842664018772,"ROE_YEARLY":8.362048236645,"ROIC_YEARLY":2.835408135677,"TOTAL_ASSETS":272751733172.16,"TOTAL_LIABILITIES":181316773961.94,"TAX_EBT":27.677050734141,"OCF_SALES":59.265154542973,"TOTAL_PARENT_EQUITY":86244040321.94,"DEBT_ASSET_RATIO":66.4768549234,"OPERATE_PROFIT":6009508051.08,"PRETAX_PROFIT":5705069333.1,"NETCASH_OPERATE":8239824692.06,"NETCASH_INVEST":-467443.86,"NETCASH_FINANCE":-7151324040.3,"END_CASH":13674117718.96,"DIVI_RATIO":null,"DIVIDEND_RATE":null,"CURRENT_RATIO":1.521588006412,"COMMON_ACS":6000000000,"CURRENTDEBT_DEBT":59.745141217006,"ISSUED_COMMON_SHARES":3792540571,"HK_COMMON_SHARES":3792540571,"PER_SHARES":100,"TOTAL_MARKET_CAP":12136129827.2,"HKSK_MARKET_CAP":12136129827.2,"PE_TTM":131.370409794222,"PB_TTM":0.126619189227,"REPORT_DATE_SQ":"2022-06-30 00:00:00","REPORT_TYPE_SQ":"2022年中报","OPERATE_INCOME_SQ":11263216610.94,"DPS_HKD":null,"OPERATE_INCOME_QOQ_SQ":-8.404519437362,"NET_PROFIT_RATIO_SQ":47.845377211,"HOLDER_PROFIT_SQ":5464543518.21,"HOLDER_PROFIT_QOQ_SQ":9.757832102793,"ROE_AVG_SQ":6.593807918632,"PE_TTM_SQ":2.4053069711,"PB_TTM_SQ":0.16136365179,"ROA_SQ":1.89292010574,"START_DATE":"2023-01-01 00:00:00","FISCAL_YEAR":"12-31","CURRENCY":"HKD","IS_CNY_CODE":0,"DPS_HKD_LY":null,"ORG_TYPE":"一般企业","PREMIUM_INCOME":null,"PREMIUM_INCOME_YOY":null,"NET_INTEREST_INCOME":null,"NET_INTEREST_INCOME_YOY":null,"FEE_COMMISSION_INCOME":null,"FEE_COMMISSION_INCOME_YOY":null,"ACCOUNTS_RECE_TDAYS":3.349934183584,"INVENTORY_TDAYS":0.085083995819,"CURRENT_ASSETS_TDAYS":0.083313988975,"TOTAL_ASSETS_TDAYS":0.05072719626,"PREMIUM_EXPENSE":null,"LOAN_DEPOSIT":null,"LOAN_EQUITY":null,"LOAN_ASSETS":null,"DEPOSIT_EQUITY":null,"DEPOSIT_ASSETS":null,"EQUITY_MULTIPLIER":2.983013669257,"EQUITY_RATIO":2.102368735105},{"SECUCODE":"00754.HK","SECURITY_CODE":"00754","SECURITY_NAME_ABBR":"合生创展集团","ORG_CODE":"10009102","STD_REPORT_DATE":"2022-12-31 00:00:00","REPORT_DATE":"2022-12-31 00:00:00","DATE_TYPE_CODE":"001","REPORT_TYPE":"2022年年报","PER_NETCASH_OPERATE":5.630818291211,"PER_OI":8.472760925125,"BPS":21.93988028802,"BASIC_EPS":2.0634537,"DILUTED_EPS":2.0634537,"OPERATE_INCOME":24343401186.16,"OPERATE_INCOME_YOY":-11.3300116912,"GROSS_PROFIT":7396993789.08,"GROSS_PROFIT_YOY":-31.173142064602,"HOLDER_PROFIT":7827243537.47,"HOLDER_PROFIT_YOY":-10.2131337073,"GROSS_PROFIT_RATIO":30.386032471442,"EPS_TTM":2.724285020345,"OPERATE_INCOME_QOQ":5.765608300132,"NET_PROFIT_RATIO":33.3670274866,"ROE_AVG":9.248863006218,"GROSS_PROFIT_QOQ":49.639747738763,"ROA":2.717260153786,"HOLDER_PROFIT_QOQ":-10.624361027851,"ROE_YEARLY":9.248863006218,"ROIC_YEARLY":3.027440526936,"TOTAL_ASSETS":266832612981.27,"TOTAL_LIABILITIES":178954348638.45,"TAX_EBT":30.413826896112,"OCF_SALES":66.457891836814,"TOTAL_PARENT_EQUITY":83207886115.2,"DEBT_ASSET_RATIO":67.0661455656,"OPERATE_PROFIT":12557796005.37,"PRETAX_PROFIT":11672820910.59,"NETCASH_OPERATE":16178111229.7,"NETCASH_INVEST":1772357552.21,"NETCASH_FINANCE":-30441058725.56,"END_CASH":12603024052.01,"DIVI_RATIO":null,"DIVIDEND_RATE":null,"CURRENT_RATIO":1.640901175911,"COMMON_ACS":6000000000,"CURRENTDEBT_DEBT":55.735864258405,"ISSUED_COMMON_SHARES":3792540571,"HK_COMMON_SHARES":3792540571,"PER_SHARES":100,"TOTAL_MARKET_CAP":12136129827.2,"HKSK_MARKET_CAP":12136129827.2,"PE_TTM":131.370409794222,"PB_TTM":0.126619189227,"REPORT_DATE_SQ":"2021-12-31 00:00:00","REPORT_TYPE_SQ":"2021年年报","OPERATE_INCOME_SQ":25128278649.6,"DPS_HKD":null,"OPERATE_INCOME_QOQ_SQ":-22.672832055575,"NET_PROFIT_RATIO_SQ":33.6585476321,"HOLDER_PROFIT_SQ":7979104750.4,"HOLDER_PROFIT_QOQ_SQ":-30.619792158334,"ROE_AVG_SQ":10.588001626263,"PE_TTM_SQ":2.4053069711,"PB_TTM_SQ":0.16136365179,"ROA_SQ":3.016257372314,"START_DATE":"2022-01-01 00:00:00","FISCAL_YEAR":"12-31","CURRENCY":"HKD","IS_CNY_CODE":0,"DPS_HKD_LY":0.15,"ORG_TYPE":"一般企业","PREMIUM_INCOME":null,"PREMIUM_INCOME_YOY":null,"NET_INTEREST_INCOME":null,"NET_INTEREST_INCOME_YOY":null,"FEE_COMMISSION_INCOME":null,"FEE_COMMISSION_INCOME_YOY":null,"ACCOUNTS_RECE_TDAYS":5.734339121924,"INVENTORY_TDAYS":0.158563376925,"CURRENT_ASSETS_TDAYS":0.131741703363,"TOTAL_ASSETS_TDAYS":0.084509129854,"PREMIUM_EXPENSE":null,"LOAN_DEPOSIT":null,"LOAN_EQUITY":null,"LOAN_ASSETS":null,"DEPOSIT_EQUITY":null,"DEPOSIT_ASSETS":null,"EQUITY_MULTIPLIER":3.03638920246,"EQUITY_RATIO":2.150689760231},{"SECUCODE":"00754.HK","SECURITY_CODE":"00754","SECURITY_NAME_ABBR":"合生创展集团","ORG_CODE":"10009102","STD_REPORT_DATE":"2022-06-30 00:00:00","REPORT_DATE":"2022-06-30 00:00:00","DATE_TYPE_CODE":"002","REPORT_TYPE":"2022年中报","PER_NETCASH_OPERATE":2.047015960691,"PER_OI":4.312199225487,"BPS":21.981424067147,"BASIC_EPS":1.58466707,"DILUTED_EPS":1.58466707,"OPERATE_INCOME":11263216610.94,"OPERATE_INCOME_YOY":-18.0654694824,"GROSS_PROFIT":2620668181.32,"GROSS_PROFIT_YOY":-68.893097534574,"HOLDER_PROFIT":5464543518.21,"HOLDER_PROFIT_YOY":13.4640193039,"GROSS_PROFIT_RATIO":23.267493397708,"EPS_TTM":3.352942207217,"OPERATE_INCOME_QOQ":-8.404519437362,"NET_PROFIT_RATIO":47.845377211,"ROE_AVG":6.593807918632,"GROSS_PROFIT_QOQ":-54.004962601545,"ROA":1.89292010574,"HOLDER_PROFIT_QOQ":9.757832102793,"ROE_YEARLY":13.187615837264,"ROIC_YEARLY":4.342568027269,"TOTAL_ASSETS":281270793734,"TOTAL_LIABILITIES":184313861806.06,"TAX_EBT":27.428557937645,"OCF_SALES":47.470347580253,"TOTAL_PARENT_EQUITY":83365442583.01,"DEBT_ASSET_RATIO":65.5289727594,"OPERATE_PROFIT":7953097672.38,"PRETAX_PROFIT":7425687461.15,"NETCASH_OPERATE":5346688073.93,"NETCASH_INVEST":2795091878.53,"NETCASH_FINANCE":-12343456700.96,"END_CASH":20455233167.46,"DIVI_RATIO":null,"DIVIDEND_RATE":null,"CURRENT_RATIO":1.689075011451,"COMMON_ACS":6000000000,"CURRENTDEBT_DEBT":57.949940617716,"ISSUED_COMMON_SHARES":3792540571,"HK_COMMON_SHARES":3792540571,"PER_SHARES":100,"TOTAL_MARKET_CAP":12136129827.2,"HKSK_MARKET_CAP":12136129827.2,"PE_TTM":131.370409794222,"PB_TTM":0.126619189227,"REPORT_DATE_SQ":"2021-06-30 00:00:00","REPORT_TYPE_SQ":"2021年中报","OPERATE_INCOME_SQ":13375127674.32,"DPS_HKD":null,"OPERATE_INCOME_QOQ_SQ":12.333324430802,"NET_PROFIT_RATIO_SQ":35.3063197848,"HOLDER_PROFIT_SQ":4685955873.36,"HOLDER_PROFIT_QOQ_SQ":0.224599129691,"ROE_AVG_SQ":6.25259413703,"PE_TTM_SQ":2.4053069711,"PB_TTM_SQ":0.16136365179,"ROA_SQ":1.775888381255,"START_DATE":"2022-01-01 00:00:00","FISCAL_YEAR":"12-31","CURRENCY":"HKD","IS_CNY_CODE":0,"DPS_HKD_LY":0.15,"ORG_TYPE":"一般企业","PREMIUM_INCOME":null,"PREMIUM_INCOME_YOY":null,"NET_INTEREST_INCOME":null,"NET_INTEREST_INCOME_YOY":null,"FEE_COMMISSION_INCOME":null,"FEE_COMMISSION_INCOME_YOY":null,"ACCOUNTS_RECE_TDAYS":2.645704871224,"INVENTORY_TDAYS":0.082969569661,"CURRENT_ASSETS_TDAYS":0.059668150751,"TOTAL_ASSETS_TDAYS":0.039015828325,"PREMIUM_EXPENSE":null,"LOAN_DEPOSIT":null,"LOAN_EQUITY":null,"LOAN_ASSETS":null,"DEPOSIT_EQUITY":null,"DEPOSIT_ASSETS":null,"EQUITY_MULTIPLIER":2.900986944834,"EQUITY_RATIO":2.210914452023},{"SECUCODE":"00754.HK","SECURITY_CODE":"00754","SECURITY_NAME_ABBR":"合生创展集团","ORG_CODE":"10009102","STD_REPORT_DATE":"2021-12-31 00:00:00","REPORT_DATE":"2021-12-31 00:00:00","DATE_TYPE_CODE":"001","REPORT_TYPE":"2021年年报","PER_NETCASH_OPERATE":7.368378578493,"PER_OI":10.549262712321,"BPS":20.767388486086,"BASIC_EPS":2.755312,"DILUTED_EPS":2.755312,"OPERATE_INCOME":25128278649.6,"OPERATE_INCOME_YOY":-10.5817427319,"GROSS_PROFIT":10747248982.4,"GROSS_PROFIT_YOY":-41.509882662012,"HOLDER_PROFIT":7979104750.4,"HOLDER_PROFIT_YOY":-28.4193876556,"GROSS_PROFIT_RATIO":42.769539180397,"EPS_TTM":3.349758787494,"OPERATE_INCOME_QOQ":-22.672832055575,"NET_PROFIT_RATIO":33.6585476321,"ROE_AVG":10.588001626263,"GROSS_PROFIT_QOQ":-46.984483541571,"ROA":3.016257372314,"HOLDER_PROFIT_QOQ":-30.619792158334,"ROE_YEARLY":10.588001626263,"ROIC_YEARLY":3.469321733486,"TOTAL_ASSETS":283080800665.6,"TOTAL_LIABILITIES":190668152091.2,"TAX_EBT":36.52344519416,"OCF_SALES":69.84733226794,"TOTAL_PARENT_EQUITY":78761163387.2,"DEBT_ASSET_RATIO":67.3546745816,"OPERATE_PROFIT":13506563134.4,"PRETAX_PROFIT":13324311100.8,"NETCASH_OPERATE":17551432281.6,"NETCASH_INVEST":-6557775828.8,"NETCASH_FINANCE":-9933653587.2,"END_CASH":24564567160,"DIVI_RATIO":null,"DIVIDEND_RATE":null,"CURRENT_RATIO":1.786455503331,"COMMON_ACS":6000000000,"CURRENTDEBT_DEBT":55.326872997197,"ISSUED_COMMON_SHARES":3792540571,"HK_COMMON_SHARES":3792540571,"PER_SHARES":100,"TOTAL_MARKET_CAP":12136129827.2,"HKSK_MARKET_CAP":12136129827.2,"PE_TTM":131.370409794222,"PB_TTM":0.126619189227,"REPORT_DATE_SQ":"2020-12-31 00:00:00","REPORT_TYPE_SQ":"2020年年报","OPERATE_INCOME_SQ":28928240732.64,"DPS_HKD":null,"OPERATE_INCOME_QOQ_SQ":43.805929431893,"NET_PROFIT_RATIO_SQ":39.8241746975,"HOLDER_PROFIT_SQ":11474776681.2,"HOLDER_PROFIT_QOQ_SQ":6.031191551422,"ROE_AVG_SQ":16.979395183513,"PE_TTM_SQ":2.4053069711,"PB_TTM_SQ":0.16136365179,"ROA_SQ":5.399804196634,"START_DATE":"2021-01-01 00:00:00","FISCAL_YEAR":"12-31","CURRENCY":"HKD","IS_CNY_CODE":0,"DPS_HKD_LY":1.6,"ORG_TYPE":"一般企业","PREMIUM_INCOME":null,"PREMIUM_INCOME_YOY":null,"NET_INTEREST_INCOME":null,"NET_INTEREST_INCOME_YOY":null,"FEE_COMMISSION_INCOME":null,"FEE_COMMISSION_INCOME_YOY":null,"ACCOUNTS_RECE_TDAYS":8.189757938158,"INVENTORY_TDAYS":0.147020700197,"CURRENT_ASSETS_TDAYS":0.138829674124,"TOTAL_ASSETS_TDAYS":0.094989799108,"PREMIUM_EXPENSE":null,"LOAN_DEPOSIT":null,"LOAN_EQUITY":null,"LOAN_ASSETS":null,"DEPOSIT_EQUITY":null,"DEPOSIT_ASSETS":null,"EQUITY_MULTIPLIER":3.063225705927,"EQUITY_RATIO":2.420839712002},{"SECUCODE":"00754.HK","SECURITY_CODE":"00754","SECURITY_NAME_ABBR":"合生创展集团","ORG_CODE":"10009102","STD_REPORT_DATE":"2021-06-30 00:00:00","REPORT_DATE":"2021-06-30 00:00:00","DATE_TYPE_CODE":"002","REPORT_TYPE":"2021年中报","PER_NETCASH_OPERATE":3.080280050587,"PER_OI":6.139053992313,"BPS":20.212143915008,"BASIC_EPS":1.77066624,"DILUTED_EPS":1.77066624,"OPERATE_INCOME":13375127674.32,"OPERATE_INCOME_YOY":49.714134191,"GROSS_PROFIT":8424715974.96,"GROSS_PROFIT_YOY":29.069075083899,"HOLDER_PROFIT":4685955873.36,"HOLDER_PROFIT_YOY":10.3850115499,"GROSS_PROFIT_RATIO":62.987929387286,"EPS_TTM":5.278640513958,"OPERATE_INCOME_QOQ":12.333324430802,"NET_PROFIT_RATIO":35.3063197848,"ROE_AVG":6.25259413703,"GROSS_PROFIT_QOQ":10.326412426541,"ROA":1.775888381255,"HOLDER_PROFIT_QOQ":0.224599129691,"ROE_YEARLY":12.505188274061,"ROIC_YEARLY":4.179981886614,"TOTAL_ASSETS":277381880930.4,"TOTAL_LIABILITIES":185921789104.32,"TAX_EBT":17.834774647161,"OCF_SALES":50.175158166789,"TOTAL_PARENT_EQUITY":76655375824.56,"DEBT_ASSET_RATIO":67.0273734105,"OPERATE_PROFIT":6555878440.32,"PRETAX_PROFIT":5747279737.92,"NETCASH_OPERATE":6696266977.92,"NETCASH_INVEST":-4079548450.56,"NETCASH_FINANCE":6923597058.48,"END_CASH":33084100729.68,"DIVI_RATIO":null,"DIVIDEND_RATE":null,"CURRENT_RATIO":2.009580171533,"COMMON_ACS":6000000000,"CURRENTDEBT_DEBT":53.840657604684,"ISSUED_COMMON_SHARES":3792540571,"HK_COMMON_SHARES":3792540571,"PER_SHARES":100,"TOTAL_MARKET_CAP":12136129827.2,"HKSK_MARKET_CAP":12136129827.2,"PE_TTM":131.370409794222,"PB_TTM":0.126619189227,"REPORT_DATE_SQ":"2020-06-30 00:00:00","REPORT_TYPE_SQ":"2020年中报","OPERATE_INCOME_SQ":9807313892.64,"DPS_HKD":null,"OPERATE_INCOME_QOQ_SQ":20.730606201179,"NET_PROFIT_RATIO_SQ":47.6434849839,"HOLDER_PROFIT_SQ":4660183624.8,"HOLDER_PROFIT_QOQ_SQ":27.357967092563,"ROE_AVG_SQ":6.895300054646,"PE_TTM_SQ":2.4053069711,"PB_TTM_SQ":0.16136365179,"ROA_SQ":2.257064148648,"START_DATE":"2021-01-01 00:00:00","FISCAL_YEAR":"12-31","CURRENCY":"HKD","IS_CNY_CODE":0,"DPS_HKD_LY":1.6,"ORG_TYPE":"一般企业","PREMIUM_INCOME":null,"PREMIUM_INCOME_YOY":null,"NET_INTEREST_INCOME":null,"NET_INTEREST_INCOME_YOY":null,"FEE_COMMISSION_INCOME":null,"FEE_COMMISSION_INCOME_YOY":null,"ACCOUNTS_RECE_TDAYS":5.469760235854,"INVENTORY_TDAYS":0.050693818061,"CURRENT_ASSETS_TDAYS":0.070808583911,"TOTAL_ASSETS_TDAYS":0.050689196562,"PREMIUM_EXPENSE":null,"LOAN_DEPOSIT":null,"LOAN_EQUITY":null,"LOAN_ASSETS":null,"DEPOSIT_EQUITY":null,"DEPOSIT_ASSETS":null,"EQUITY_MULTIPLIER":3.032818745227,"EQUITY_RATIO":2.425424011094},{"SECUCODE":"00754.HK","SECURITY_CODE":"00754","SECURITY_NAME_ABBR":"合生创展集团","ORG_CODE":"10009102","STD_REPORT_DATE":"2020-12-31 00:00:00","REPORT_DATE":"2020-12-31 00:00:00","DATE_TYPE_CODE":"001","REPORT_TYPE":"2020年年报","PER_NETCASH_OPERATE":-11.734603188722,"PER_OI":13.200993627455,"BPS":19.531602154919,"BASIC_EPS":4.292364,"DILUTED_EPS":4.292364,"OPERATE_INCOME":28928240732.64,"OPERATE_INCOME_YOY":84.7860443061,"GROSS_PROFIT":18374469861.8,"GROSS_PROFIT_YOY":119.074461736938,"HOLDER_PROFIT":11474776681.2,"HOLDER_PROFIT_YOY":43.7258064516,"GROSS_PROFIT_RATIO":63.517412039053,"EPS_TTM":5.236352090851,"OPERATE_INCOME_QOQ":43.805929431893,"NET_PROFIT_RATIO":39.8241746975,"ROE_AVG":16.979395183513,"GROSS_PROFIT_QOQ":58.451277411465,"ROA":5.399804196634,"HOLDER_PROFIT_QOQ":6.031191551422,"ROE_YEARLY":16.979395183513,"ROIC_YEARLY":6.030795446182,"TOTAL_ASSETS":253225349547.76,"TOTAL_LIABILITIES":170855594731.92,"TAX_EBT":26.567528738715,"OCF_SALES":-88.891817691028,"TOTAL_PARENT_EQUITY":74074393589.16,"DEBT_ASSET_RATIO":67.4717578777,"OPERATE_PROFIT":16942529656.64,"PRETAX_PROFIT":15688472590.4,"NETCASH_OPERATE":-25743853710.64,"NETCASH_INVEST":-6022391210.52,"NETCASH_FINANCE":43557681077.6,"END_CASH":23488980637.76,"DIVI_RATIO":null,"DIVIDEND_RATE":null,"CURRENT_RATIO":2.234737129678,"COMMON_ACS":6000000000,"CURRENTDEBT_DEBT":46.789359622735,"ISSUED_COMMON_SHARES":3792540571,"HK_COMMON_SHARES":3792540571,"PER_SHARES":100,"TOTAL_MARKET_CAP":12136129827.2,"HKSK_MARKET_CAP":12136129827.2,"PE_TTM":131.370409794222,"PB_TTM":0.126619189227,"REPORT_DATE_SQ":"2019-12-31 00:00:00","REPORT_TYPE_SQ":"2019年年报","OPERATE_INCOME_SQ":16662027552.4,"DPS_HKD":null,"OPERATE_INCOME_QOQ_SQ":20.609115141096,"NET_PROFIT_RATIO_SQ":51.8821993723,"HOLDER_PROFIT_SQ":8497369080,"HOLDER_PROFIT_QOQ_SQ":60.007576928911,"ROE_AVG_SQ":13.72042629622,"PE_TTM_SQ":2.4053069711,"PB_TTM_SQ":0.16136365179,"ROA_SQ":5.152429949867,"START_DATE":"2020-01-01 00:00:00","FISCAL_YEAR":"12-31","CURRENCY":"HKD","IS_CNY_CODE":0,"DPS_HKD_LY":0.9,"ORG_TYPE":"一般企业","PREMIUM_INCOME":null,"PREMIUM_INCOME_YOY":null,"NET_INTEREST_INCOME":null,"NET_INTEREST_INCOME_YOY":null,"FEE_COMMISSION_INCOME":null,"FEE_COMMISSION_INCOME_YOY":null,"ACCOUNTS_RECE_TDAYS":18.675210108689,"INVENTORY_TDAYS":0.123841929715,"CURRENT_ASSETS_TDAYS":0.201112815309,"TOTAL_ASSETS_TDAYS":0.136130610686,"PREMIUM_EXPENSE":null,"LOAN_DEPOSIT":null,"LOAN_EQUITY":null,"LOAN_ASSETS":null,"DEPOSIT_EQUITY":null,"DEPOSIT_ASSETS":null,"EQUITY_MULTIPLIER":3.074251588021,"EQUITY_RATIO":2.306540579725},{"SECUCODE":"00754.HK","SECURITY_CODE":"00754","SECURITY_NAME_ABBR":"合生创展集团","ORG_CODE":"10009102","STD_REPORT_DATE":"2020-06-30 00:00:00","REPORT_DATE":"2020-06-30 00:00:00","DATE_TYPE_CODE":"002","REPORT_TYPE":"2020年中报","PER_NETCASH_OPERATE":-12.265037174147,"PER_OI":4.406671570366,"BPS":18.159796181229,"BASIC_EPS":1.90360896,"DILUTED_EPS":1.90360896,"OPERATE_INCOME":9807313892.64,"OPERATE_INCOME_YOY":48.6599918835,"GROSS_PROFIT":6527292435.84,"GROSS_PROFIT_YOY":96.704765180628,"HOLDER_PROFIT":4660183624.8,"HOLDER_PROFIT_YOY":92.1597408037,"GROSS_PROFIT_RATIO":66.555353558516,"EPS_TTM":4.862629812838,"OPERATE_INCOME_QOQ":20.730606201179,"NET_PROFIT_RATIO":47.6434849839,"ROE_AVG":6.895300054646,"GROSS_PROFIT_QOQ":38.259826816068,"ROA":2.257064148648,"HOLDER_PROFIT_QOQ":27.357967092563,"ROE_YEARLY":13.790600109291,"ROIC_YEARLY":4.869665600958,"TOTAL_ASSETS":226505630936.64,"TOTAL_LIABILITIES":155286496258.08,"TAX_EBT":22.574962368403,"OCF_SALES":-278.328824335938,"TOTAL_PARENT_EQUITY":68871763778.4,"DEBT_ASSET_RATIO":68.5574551131,"OPERATE_PROFIT":6437296673.28,"PRETAX_PROFIT":6034929093.6,"NETCASH_OPERATE":-26439925453.92,"NETCASH_INVEST":-5381075.04,"NETCASH_FINANCE":29189927004.48,"END_CASH":14036381240.64,"DIVI_RATIO":null,"DIVIDEND_RATE":null,"CURRENT_RATIO":2.041200610566,"COMMON_ACS":6000000000,"CURRENTDEBT_DEBT":50.183545347978,"ISSUED_COMMON_SHARES":3792540571,"HK_COMMON_SHARES":3792540571,"PER_SHARES":100,"TOTAL_MARKET_CAP":12136129827.2,"HKSK_MARKET_CAP":12136129827.2,"PE_TTM":131.370409794222,"PB_TTM":0.126619189227,"REPORT_DATE_SQ":"2019-06-30 00:00:00","REPORT_TYPE_SQ":"2019年中报","OPERATE_INCOME_SQ":6353174575.62,"DPS_HKD":null,"OPERATE_INCOME_QOQ_SQ":18.605296318294,"NET_PROFIT_RATIO_SQ":37.4278883465,"HOLDER_PROFIT_SQ":2335476188.16,"HOLDER_PROFIT_QOQ_SQ":4.943024839138,"ROE_AVG_SQ":3.989130864876,"PE_TTM_SQ":2.4053069711,"PB_TTM_SQ":0.16136365179,"ROA_SQ":1.521761798822,"START_DATE":"2020-01-01 00:00:00","FISCAL_YEAR":"12-31","CURRENCY":"HKD","IS_CNY_CODE":0,"DPS_HKD_LY":0.9,"ORG_TYPE":"一般企业","PREMIUM_INCOME":null,"PREMIUM_INCOME_YOY":null,"NET_INTEREST_INCOME":null,"NET_INTEREST_INCOME_YOY":null,"FEE_COMMISSION_INCOME":null,"FEE_COMMISSION_INCOME_YOY":null,"ACCOUNTS_RECE_TDAYS":8.34076660114,"INVENTORY_TDAYS":0.035805456142,"CURRENT_ASSETS_TDAYS":0.070708688431,"TOTAL_ASSETS_TDAYS":0.047499708947,"PREMIUM_EXPENSE":null,"LOAN_DEPOSIT":null,"LOAN_EQUITY":null,"LOAN_ASSETS":null,"DEPOSIT_EQUITY":null,"DEPOSIT_ASSETS":null,"EQUITY_MULTIPLIER":3.180404142213,"EQUITY_RATIO":2.254719318032}],"count":50},"success":true,"message":"ok","code":0}