{"version":"dd15ca667cfef9f51f97008ffc68a862","result":{"pages":6,"data":[{"SECUCODE":"00768.HK","SECURITY_CODE":"00768","SECURITY_NAME_ABBR":"开明投资","ORG_CODE":"10009112","STD_REPORT_DATE":"2024-06-30 00:00:00","REPORT_DATE":"2024-09-30 00:00:00","DATE_TYPE_CODE":"002","REPORT_TYPE":"2024年中报","PER_NETCASH_OPERATE":0.005388478966,"PER_OI":0.003007308764,"BPS":0.062713839746,"BASIC_EPS":0.004058055,"DILUTED_EPS":null,"OPERATE_INCOME":3824491.39,"OPERATE_INCOME_YOY":-8.3819399438,"GROSS_PROFIT":null,"GROSS_PROFIT_YOY":null,"HOLDER_PROFIT":5163649.54,"HOLDER_PROFIT_YOY":175.6406869221,"GROSS_PROFIT_RATIO":null,"EPS_TTM":-0.005281480606,"OPERATE_INCOME_QOQ":0,"NET_PROFIT_RATIO":135.0153265739,"ROE_AVG":6.69097197878,"GROSS_PROFIT_QOQ":null,"ROA":6.67397081449,"HOLDER_PROFIT_QOQ":0,"ROE_YEARLY":13.381943957559,"ROIC_YEARLY":14.990902307803,"TOTAL_ASSETS":79846290.18,"TOTAL_LIABILITIES":91080.79,"TAX_EBT":null,"OCF_SALES":179.179438811601,"TOTAL_PARENT_EQUITY":79755209.39,"DEBT_ASSET_RATIO":0.1140701588,"OPERATE_PROFIT":1964098.62,"PRETAX_PROFIT":5163649.54,"NETCASH_OPERATE":6852702.21,"NETCASH_INVEST":110920.17,"NETCASH_FINANCE":null,"END_CASH":11961342.56,"DIVI_RATIO":null,"DIVIDEND_RATE":null,"CURRENT_RATIO":876.653465346535,"COMMON_ACS":2000000000,"CURRENTDEBT_DEBT":100,"ISSUED_COMMON_SHARES":1271732200,"HK_COMMON_SHARES":1271732200,"PER_SHARES":2000,"TOTAL_MARKET_CAP":33065037.2,"HKSK_MARKET_CAP":33065037.2,"PE_TTM":5.616619194836,"PB_TTM":0.373865483203,"REPORT_DATE_SQ":"2023-06-30 00:00:00","REPORT_TYPE_SQ":"2023年中报","OPERATE_INCOME_SQ":4247709.27,"DPS_HKD":null,"OPERATE_INCOME_QOQ_SQ":0,"NET_PROFIT_RATIO_SQ":-163.5342406567,"HOLDER_PROFIT_SQ":-6946459.1,"HOLDER_PROFIT_QOQ_SQ":0,"ROE_AVG_SQ":-8.76776427802,"PE_TTM_SQ":-4.343471296428,"PB_TTM_SQ":0.369716461952,"ROA_SQ":-8.746338842641,"START_DATE":"2024-04-01 00:00:00","FISCAL_YEAR":"3-31","CURRENCY":"HKD","IS_CNY_CODE":0,"DPS_HKD_LY":null,"ORG_TYPE":"证券","PREMIUM_INCOME":null,"PREMIUM_INCOME_YOY":null,"NET_INTEREST_INCOME":null,"NET_INTEREST_INCOME_YOY":null,"FEE_COMMISSION_INCOME":null,"FEE_COMMISSION_INCOME_YOY":null,"ACCOUNTS_RECE_TDAYS":null,"INVENTORY_TDAYS":null,"CURRENT_ASSETS_TDAYS":0.049431208914,"TOTAL_ASSETS_TDAYS":0.049431208914,"PREMIUM_EXPENSE":null,"LOAN_DEPOSIT":null,"LOAN_EQUITY":null,"LOAN_ASSETS":null,"DEPOSIT_EQUITY":null,"DEPOSIT_ASSETS":null,"EQUITY_MULTIPLIER":1.001142004274,"EQUITY_RATIO":0.001142004274},{"SECUCODE":"00768.HK","SECURITY_CODE":"00768","SECURITY_NAME_ABBR":"开明投资","ORG_CODE":"10009112","STD_REPORT_DATE":"2023-12-31 00:00:00","REPORT_DATE":"2024-03-31 00:00:00","DATE_TYPE_CODE":"001","REPORT_TYPE":"2023年年报","PER_NETCASH_OPERATE":0.000740647638,"PER_OI":0.003699673957,"BPS":0.058963108153,"BASIC_EPS":-0.00525799,"DILUTED_EPS":null,"OPERATE_INCOME":4704994.5,"OPERATE_INCOME_YOY":12.4593716143,"GROSS_PROFIT":null,"GROSS_PROFIT_YOY":null,"HOLDER_PROFIT":-6716628.95,"HOLDER_PROFIT_YOY":48.6662509527,"GROSS_PROFIT_RATIO":null,"EPS_TTM":-0.004746563931,"OPERATE_INCOME_QOQ":0,"NET_PROFIT_RATIO":-142.7552986513,"ROE_AVG":-8.573296536083,"GROSS_PROFIT_QOQ":null,"ROA":-8.540683231604,"HOLDER_PROFIT_QOQ":0,"ROE_YEARLY":-8.573296536083,"ROIC_YEARLY":-9.055575247198,"TOTAL_ASSETS":75288977.5,"TOTAL_LIABILITIES":303694.25,"TAX_EBT":null,"OCF_SALES":20.019267822736,"TOTAL_PARENT_EQUITY":74985283.25,"DEBT_ASSET_RATIO":0.403371463,"OPERATE_PROFIT":254740.55,"PRETAX_PROFIT":-6716628.95,"NETCASH_OPERATE":941905.45,"NETCASH_INVEST":null,"NETCASH_FINANCE":null,"END_CASH":5024100.1,"DIVI_RATIO":null,"DIVIDEND_RATE":null,"CURRENT_RATIO":247.910447761194,"COMMON_ACS":2000000000,"CURRENTDEBT_DEBT":100,"ISSUED_COMMON_SHARES":1271732200,"HK_COMMON_SHARES":1271732200,"PER_SHARES":2000,"TOTAL_MARKET_CAP":39423698.2,"HKSK_MARKET_CAP":39423698.2,"PE_TTM":6.696738270766,"PB_TTM":0.445762691512,"REPORT_DATE_SQ":"2022-12-31 00:00:00","REPORT_TYPE_SQ":"2022年年报","OPERATE_INCOME_SQ":4040017.15,"DPS_HKD":null,"OPERATE_INCOME_QOQ_SQ":0,"NET_PROFIT_RATIO_SQ":-312.7410617551,"HOLDER_PROFIT_SQ":-12634792.53,"HOLDER_PROFIT_QOQ_SQ":0,"ROE_AVG_SQ":-14.82733291898,"PE_TTM_SQ":-1.674143407469,"PB_TTM_SQ":0.292692199045,"ROA_SQ":-14.778521840634,"START_DATE":"2023-04-01 00:00:00","FISCAL_YEAR":"3-31","CURRENCY":"HKD","IS_CNY_CODE":0,"DPS_HKD_LY":null,"ORG_TYPE":"证券","PREMIUM_INCOME":null,"PREMIUM_INCOME_YOY":null,"NET_INTEREST_INCOME":null,"NET_INTEREST_INCOME_YOY":null,"FEE_COMMISSION_INCOME":null,"FEE_COMMISSION_INCOME_YOY":null,"ACCOUNTS_RECE_TDAYS":null,"INVENTORY_TDAYS":null,"CURRENT_ASSETS_TDAYS":0.059827434164,"TOTAL_ASSETS_TDAYS":0.059827434164,"PREMIUM_EXPENSE":null,"LOAN_DEPOSIT":null,"LOAN_EQUITY":null,"LOAN_ASSETS":null,"DEPOSIT_EQUITY":null,"DEPOSIT_ASSETS":null,"EQUITY_MULTIPLIER":1.004050051382,"EQUITY_RATIO":0.004050051381},{"SECUCODE":"00768.HK","SECURITY_CODE":"00768","SECURITY_NAME_ABBR":"开明投资","ORG_CODE":"10009112","STD_REPORT_DATE":"2023-06-30 00:00:00","REPORT_DATE":"2023-09-30 00:00:00","DATE_TYPE_CODE":"002","REPORT_TYPE":"2023年中报","PER_NETCASH_OPERATE":0.001977793619,"PER_OI":0.003340097286,"BPS":0.059567593728,"BASIC_EPS":-0.00550578,"DILUTED_EPS":null,"OPERATE_INCOME":4247709.27,"OPERATE_INCOME_YOY":7.5261324042,"GROSS_PROFIT":null,"GROSS_PROFIT_YOY":null,"HOLDER_PROFIT":-6946459.1,"HOLDER_PROFIT_YOY":49.452457265,"GROSS_PROFIT_RATIO":null,"EPS_TTM":-0.009935104678,"OPERATE_INCOME_QOQ":0,"NET_PROFIT_RATIO":-163.5342406567,"ROE_AVG":-8.76776427802,"GROSS_PROFIT_QOQ":null,"ROA":-8.746338842641,"HOLDER_PROFIT_QOQ":0,"ROE_YEARLY":-17.535528556041,"ROIC_YEARLY":-18.730090000928,"TOTAL_ASSETS":75843954.76,"TOTAL_LIABILITIES":89927.74,"TAX_EBT":null,"OCF_SALES":59.213653056816,"TOTAL_PARENT_EQUITY":75754027.02,"DEBT_ASSET_RATIO":0.1185694236,"OPERATE_PROFIT":2350050.43,"PRETAX_PROFIT":-6946459.1,"NETCASH_OPERATE":2515223.83,"NETCASH_INVEST":44963.87,"NETCASH_FINANCE":null,"END_CASH":6527102.19,"DIVI_RATIO":null,"DIVIDEND_RATE":null,"CURRENT_RATIO":843.387755102041,"COMMON_ACS":2000000000,"CURRENTDEBT_DEBT":100,"ISSUED_COMMON_SHARES":1271732200,"HK_COMMON_SHARES":1271732200,"PER_SHARES":2000,"TOTAL_MARKET_CAP":39423698.2,"HKSK_MARKET_CAP":39423698.2,"PE_TTM":6.696738270766,"PB_TTM":0.445762691512,"REPORT_DATE_SQ":"2022-06-30 00:00:00","REPORT_TYPE_SQ":"2022年中报","OPERATE_INCOME_SQ":3893614.2,"DPS_HKD":null,"OPERATE_INCOME_QOQ_SQ":0,"NET_PROFIT_RATIO_SQ":-347.8745644599,"HOLDER_PROFIT_SQ":-13544893.44,"HOLDER_PROFIT_QOQ_SQ":0,"ROE_AVG_SQ":-15.428200558366,"PE_TTM_SQ":-1.674143407469,"PB_TTM_SQ":0.292692199045,"ROA_SQ":-15.3952116122,"START_DATE":"2023-04-01 00:00:00","FISCAL_YEAR":"3-31","CURRENCY":"HKD","IS_CNY_CODE":0,"DPS_HKD_LY":null,"ORG_TYPE":"证券","PREMIUM_INCOME":null,"PREMIUM_INCOME_YOY":null,"NET_INTEREST_INCOME":null,"NET_INTEREST_INCOME_YOY":null,"FEE_COMMISSION_INCOME":null,"FEE_COMMISSION_INCOME_YOY":null,"ACCOUNTS_RECE_TDAYS":null,"INVENTORY_TDAYS":null,"CURRENT_ASSETS_TDAYS":0.053483226556,"TOTAL_ASSETS_TDAYS":0.053483226556,"PREMIUM_EXPENSE":null,"LOAN_DEPOSIT":null,"LOAN_EQUITY":null,"LOAN_ASSETS":null,"DEPOSIT_EQUITY":null,"DEPOSIT_ASSETS":null,"EQUITY_MULTIPLIER":1.001187101776,"EQUITY_RATIO":0.001187101776},{"SECUCODE":"00768.HK","SECURITY_CODE":"00768","SECURITY_NAME_ABBR":"开明投资","ORG_CODE":"10009112","STD_REPORT_DATE":"2022-12-31 00:00:00","REPORT_DATE":"2023-03-31 00:00:00","DATE_TYPE_CODE":"001","REPORT_TYPE":"2022年年报","PER_NETCASH_OPERATE":0.000235419234,"PER_OI":0.003176782934,"BPS":0.062037786603,"BASIC_EPS":-0.009892133,"DILUTED_EPS":null,"OPERATE_INCOME":4040017.15,"OPERATE_INCOME_YOY":-2.4725274725,"GROSS_PROFIT":null,"GROSS_PROFIT_YOY":null,"HOLDER_PROFIT":-12634792.53,"HOLDER_PROFIT_YOY":-11088.3720930233,"GROSS_PROFIT_RATIO":null,"EPS_TTM":-0.009424200984,"OPERATE_INCOME_QOQ":0,"NET_PROFIT_RATIO":-312.7410617551,"ROE_AVG":-14.82733291898,"GROSS_PROFIT_QOQ":null,"ROA":-14.778521840634,"HOLDER_PROFIT_QOQ":0,"ROE_YEARLY":-14.82733291898,"ROIC_YEARLY":-15.432154866855,"TOTAL_ASSETS":79179959.09,"TOTAL_LIABILITIES":284508.25,"TAX_EBT":null,"OCF_SALES":7.410617551463,"TOTAL_PARENT_EQUITY":78895450.84,"DEBT_ASSET_RATIO":0.359318511,"OPERATE_PROFIT":-919180.5,"PRETAX_PROFIT":-12634792.53,"NETCASH_OPERATE":299390.22,"NETCASH_INVEST":null,"NETCASH_FINANCE":null,"END_CASH":3784397.43,"DIVI_RATIO":null,"DIVIDEND_RATE":null,"CURRENT_RATIO":278.304615384615,"COMMON_ACS":2000000000,"CURRENTDEBT_DEBT":100,"ISSUED_COMMON_SHARES":1271732200,"HK_COMMON_SHARES":1271732200,"PER_SHARES":2000,"TOTAL_MARKET_CAP":39423698.2,"HKSK_MARKET_CAP":39423698.2,"PE_TTM":6.696738270766,"PB_TTM":0.445762691512,"REPORT_DATE_SQ":"2021-12-31 00:00:00","REPORT_TYPE_SQ":"2021年年报","OPERATE_INCOME_SQ":3837699.32,"DPS_HKD":null,"OPERATE_INCOME_QOQ_SQ":0,"NET_PROFIT_RATIO_SQ":-2.7261200338,"HOLDER_PROFIT_SQ":-104620.29,"HOLDER_PROFIT_QOQ_SQ":0,"ROE_AVG_SQ":-0.123301615825,"PE_TTM_SQ":-1.674143407469,"PB_TTM_SQ":0.292692199045,"ROA_SQ":-0.122910989576,"START_DATE":"2022-04-01 00:00:00","FISCAL_YEAR":"3-31","CURRENCY":"HKD","IS_CNY_CODE":0,"DPS_HKD_LY":null,"ORG_TYPE":"证券","PREMIUM_INCOME":null,"PREMIUM_INCOME_YOY":null,"NET_INTEREST_INCOME":null,"NET_INTEREST_INCOME_YOY":null,"FEE_COMMISSION_INCOME":null,"FEE_COMMISSION_INCOME_YOY":null,"ACCOUNTS_RECE_TDAYS":null,"INVENTORY_TDAYS":null,"CURRENT_ASSETS_TDAYS":0.047254817636,"TOTAL_ASSETS_TDAYS":0.047254817636,"PREMIUM_EXPENSE":null,"LOAN_DEPOSIT":null,"LOAN_EQUITY":null,"LOAN_ASSETS":null,"DEPOSIT_EQUITY":null,"DEPOSIT_ASSETS":null,"EQUITY_MULTIPLIER":1.003606142648,"EQUITY_RATIO":0.003606142648},{"SECUCODE":"00768.HK","SECURITY_CODE":"00768","SECURITY_NAME_ABBR":"开明投资","ORG_CODE":"10009112","STD_REPORT_DATE":"2022-06-30 00:00:00","REPORT_DATE":"2022-09-30 00:00:00","DATE_TYPE_CODE":"002","REPORT_TYPE":"2022年中报","PER_NETCASH_OPERATE":-0.002450752006,"PER_OI":0.003061662039,"BPS":0.063708884339,"BASIC_EPS":-0.010672392,"DILUTED_EPS":null,"OPERATE_INCOME":3893614.2,"OPERATE_INCOME_YOY":-0.6691278265,"GROSS_PROFIT":null,"GROSS_PROFIT_YOY":null,"HOLDER_PROFIT":-13544893.44,"HOLDER_PROFIT_YOY":-649.5495495495,"GROSS_PROFIT_RATIO":null,"EPS_TTM":-0.000082265975,"OPERATE_INCOME_QOQ":0,"NET_PROFIT_RATIO":-347.8745644599,"ROE_AVG":-15.428200558366,"GROSS_PROFIT_QOQ":null,"ROA":-15.3952116122,"HOLDER_PROFIT_QOQ":0,"ROE_YEARLY":-30.856401116731,"ROIC_YEARLY":-32.24198713636,"TOTAL_ASSETS":81109274.76,"TOTAL_LIABILITIES":88635.12,"TAX_EBT":null,"OCF_SALES":-80.046457607433,"TOTAL_PARENT_EQUITY":81020639.64,"DEBT_ASSET_RATIO":0.1092786494,"OPERATE_PROFIT":1342188.96,"PRETAX_PROFIT":-13544893.44,"NETCASH_OPERATE":776913.96,"NETCASH_INVEST":null,"NETCASH_FINANCE":null,"END_CASH":4349451.96,"DIVI_RATIO":null,"DIVIDEND_RATE":null,"CURRENT_RATIO":915.091836734694,"COMMON_ACS":2000000000,"CURRENTDEBT_DEBT":100,"ISSUED_COMMON_SHARES":1271732200,"HK_COMMON_SHARES":1271732200,"PER_SHARES":2000,"TOTAL_MARKET_CAP":39423698.2,"HKSK_MARKET_CAP":39423698.2,"PE_TTM":6.696738270766,"PB_TTM":0.445762691512,"REPORT_DATE_SQ":"2021-06-30 00:00:00","REPORT_TYPE_SQ":"2021年中报","OPERATE_INCOME_SQ":3610482.04,"DPS_HKD":null,"OPERATE_INCOME_QOQ_SQ":0,"NET_PROFIT_RATIO_SQ":-46.1005999077,"HOLDER_PROFIT_SQ":-1664453.88,"HOLDER_PROFIT_QOQ_SQ":0,"ROE_AVG_SQ":-1.926953234253,"PE_TTM_SQ":-1.674143407469,"PB_TTM_SQ":0.292692199045,"ROA_SQ":-1.921504890317,"START_DATE":"2022-04-01 00:00:00","FISCAL_YEAR":"3-31","CURRENCY":"HKD","IS_CNY_CODE":0,"DPS_HKD_LY":null,"ORG_TYPE":"证券","PREMIUM_INCOME":null,"PREMIUM_INCOME_YOY":null,"NET_INTEREST_INCOME":null,"NET_INTEREST_INCOME_YOY":null,"FEE_COMMISSION_INCOME":null,"FEE_COMMISSION_INCOME_YOY":null,"ACCOUNTS_RECE_TDAYS":null,"INVENTORY_TDAYS":null,"CURRENT_ASSETS_TDAYS":0.044255065432,"TOTAL_ASSETS_TDAYS":0.044255065432,"PREMIUM_EXPENSE":null,"LOAN_DEPOSIT":null,"LOAN_EQUITY":null,"LOAN_ASSETS":null,"DEPOSIT_EQUITY":null,"DEPOSIT_ASSETS":null,"EQUITY_MULTIPLIER":1.001093981983,"EQUITY_RATIO":0.001093981983},{"SECUCODE":"00768.HK","SECURITY_CODE":"00768","SECURITY_NAME_ABBR":"开明投资","ORG_CODE":"10009112","STD_REPORT_DATE":"2021-12-31 00:00:00","REPORT_DATE":"2022-03-31 00:00:00","DATE_TYPE_CODE":"001","REPORT_TYPE":"2021年年报","PER_NETCASH_OPERATE":-0.001448263801,"PER_OI":0.003017694543,"BPS":0.06667816744,"BASIC_EPS":-0.000081101,"DILUTED_EPS":null,"OPERATE_INCOME":3837699.32,"OPERATE_INCOME_YOY":16.9839307787,"GROSS_PROFIT":null,"GROSS_PROFIT_YOY":null,"HOLDER_PROFIT":-104620.29,"HOLDER_PROFIT_YOY":98.5169004369,"GROSS_PROFIT_RATIO":null,"EPS_TTM":0.006040271623,"OPERATE_INCOME_QOQ":0,"NET_PROFIT_RATIO":-2.7261200338,"ROE_AVG":-0.123301615825,"GROSS_PROFIT_QOQ":null,"ROA":-0.122910989576,"HOLDER_PROFIT_QOQ":0,"ROE_YEARLY":-0.123301615825,"ROIC_YEARLY":-0.126355381858,"TOTAL_ASSETS":85054673.75,"TOTAL_LIABILITIES":257901.18,"TAX_EBT":null,"OCF_SALES":-47.992392223162,"TOTAL_PARENT_EQUITY":84796772.57,"DEBT_ASSET_RATIO":0.3032181168,"OPERATE_PROFIT":-230326.84,"PRETAX_PROFIT":-104620.29,"NETCASH_OPERATE":1766379.78,"NETCASH_INVEST":null,"NETCASH_FINANCE":null,"END_CASH":3203489.5,"DIVI_RATIO":null,"DIVIDEND_RATE":null,"CURRENT_RATIO":329.795597484277,"COMMON_ACS":2000000000,"CURRENTDEBT_DEBT":100,"ISSUED_COMMON_SHARES":1271732200,"HK_COMMON_SHARES":1271732200,"PER_SHARES":2000,"TOTAL_MARKET_CAP":39423698.2,"HKSK_MARKET_CAP":39423698.2,"PE_TTM":6.696738270766,"PB_TTM":0.445762691512,"REPORT_DATE_SQ":"2020-12-31 00:00:00","REPORT_TYPE_SQ":"2020年年报","OPERATE_INCOME_SQ":3418753.1,"DPS_HKD":null,"OPERATE_INCOME_QOQ_SQ":0,"NET_PROFIT_RATIO_SQ":-215.0309023486,"HOLDER_PROFIT_SQ":-7351375.64,"HOLDER_PROFIT_QOQ_SQ":0,"ROE_AVG_SQ":-7.977255009859,"PE_TTM_SQ":-1.674143407469,"PB_TTM_SQ":0.292692199045,"ROA_SQ":-7.944612405579,"START_DATE":"2021-04-01 00:00:00","FISCAL_YEAR":"3-31","CURRENCY":"HKD","IS_CNY_CODE":0,"DPS_HKD_LY":null,"ORG_TYPE":"证券","PREMIUM_INCOME":null,"PREMIUM_INCOME_YOY":null,"NET_INTEREST_INCOME":null,"NET_INTEREST_INCOME_YOY":null,"FEE_COMMISSION_INCOME":null,"FEE_COMMISSION_INCOME_YOY":null,"ACCOUNTS_RECE_TDAYS":null,"INVENTORY_TDAYS":null,"CURRENT_ASSETS_TDAYS":0.045086418812,"TOTAL_ASSETS_TDAYS":0.045086418812,"PREMIUM_EXPENSE":null,"LOAN_DEPOSIT":null,"LOAN_EQUITY":null,"LOAN_ASSETS":null,"DEPOSIT_EQUITY":null,"DEPOSIT_ASSETS":null,"EQUITY_MULTIPLIER":1.003041403254,"EQUITY_RATIO":0.003041403254},{"SECUCODE":"00768.HK","SECURITY_CODE":"00768","SECURITY_NAME_ABBR":"开明投资","ORG_CODE":"10009112","STD_REPORT_DATE":"2021-06-30 00:00:00","REPORT_DATE":"2021-09-30 00:00:00","DATE_TYPE_CODE":"002","REPORT_TYPE":"2021年中报","PER_NETCASH_OPERATE":-0.001455541756,"PER_OI":0.00283902699,"BPS":0.067266729017,"BASIC_EPS":-0.001332896,"DILUTED_EPS":null,"OPERATE_INCOME":3610482.04,"OPERATE_INCOME_YOY":38.5107062959,"GROSS_PROFIT":null,"GROSS_PROFIT_YOY":null,"HOLDER_PROFIT":-1664453.88,"HOLDER_PROFIT_YOY":89.485317335,"GROSS_PROFIT_RATIO":null,"EPS_TTM":-0.005780600381,"OPERATE_INCOME_QOQ":0,"NET_PROFIT_RATIO":-46.1005999077,"ROE_AVG":-1.926953234253,"GROSS_PROFIT_QOQ":null,"ROA":-1.921504890317,"HOLDER_PROFIT_QOQ":0,"ROE_YEARLY":-3.853906468506,"ROIC_YEARLY":-3.94493284433,"TOTAL_ASSETS":85746032.74,"TOTAL_LIABILITIES":200767.46,"TAX_EBT":null,"OCF_SALES":-51.269035532995,"TOTAL_PARENT_EQUITY":85545265.28,"DEBT_ASSET_RATIO":0.2341419814,"OPERATE_PROFIT":1816903.86,"PRETAX_PROFIT":-1664453.88,"NETCASH_OPERATE":-1851059.32,"NETCASH_INVEST":3374726.06,"NETCASH_FINANCE":null,"END_CASH":2999849.06,"DIVI_RATIO":null,"DIVIDEND_RATE":null,"CURRENT_RATIO":427.091286307054,"COMMON_ACS":2000000000,"CURRENTDEBT_DEBT":100,"ISSUED_COMMON_SHARES":1271732200,"HK_COMMON_SHARES":1271732200,"PER_SHARES":2000,"TOTAL_MARKET_CAP":39423698.2,"HKSK_MARKET_CAP":39423698.2,"PE_TTM":6.696738270766,"PB_TTM":0.445762691512,"REPORT_DATE_SQ":"2020-06-30 00:00:00","REPORT_TYPE_SQ":"2020年中报","OPERATE_INCOME_SQ":2749514.88,"DPS_HKD":null,"OPERATE_INCOME_QOQ_SQ":0,"NET_PROFIT_RATIO_SQ":-607.2866730585,"HOLDER_PROFIT_SQ":-16697437.44,"HOLDER_PROFIT_QOQ_SQ":0,"ROE_AVG_SQ":-18.291732044704,"PE_TTM_SQ":-1.674143407469,"PB_TTM_SQ":0.292692199045,"ROA_SQ":-18.204549700375,"START_DATE":"2021-04-01 00:00:00","FISCAL_YEAR":"3-31","CURRENCY":"HKD","IS_CNY_CODE":0,"DPS_HKD_LY":null,"ORG_TYPE":"证券","PREMIUM_INCOME":null,"PREMIUM_INCOME_YOY":null,"NET_INTEREST_INCOME":null,"NET_INTEREST_INCOME_YOY":null,"FEE_COMMISSION_INCOME":null,"FEE_COMMISSION_INCOME_YOY":null,"ACCOUNTS_RECE_TDAYS":null,"INVENTORY_TDAYS":null,"CURRENT_ASSETS_TDAYS":0.041680691665,"TOTAL_ASSETS_TDAYS":0.041680691665,"PREMIUM_EXPENSE":null,"LOAN_DEPOSIT":null,"LOAN_EQUITY":null,"LOAN_ASSETS":null,"DEPOSIT_EQUITY":null,"DEPOSIT_ASSETS":null,"EQUITY_MULTIPLIER":1.002346914927,"EQUITY_RATIO":0.002346914927},{"SECUCODE":"00768.HK","SECURITY_CODE":"00768","SECURITY_NAME_ABBR":"开明投资","ORG_CODE":"10009112","STD_REPORT_DATE":"2020-12-31 00:00:00","REPORT_DATE":"2021-03-31 00:00:00","DATE_TYPE_CODE":"001","REPORT_TYPE":"2020年年报","PER_NETCASH_OPERATE":-0.005096073088,"PER_OI":0.002688264951,"BPS":0.069573227351,"BASIC_EPS":-0.005747224,"DILUTED_EPS":null,"OPERATE_INCOME":3418753.1,"OPERATE_INCOME_YOY":-2.4596093562,"GROSS_PROFIT":null,"GROSS_PROFIT_YOY":null,"HOLDER_PROFIT":-7351375.64,"HOLDER_PROFIT_YOY":80.4605189262,"GROSS_PROFIT_RATIO":null,"EPS_TTM":-0.023177940835,"OPERATE_INCOME_QOQ":0,"NET_PROFIT_RATIO":-215.0309023486,"ROE_AVG":-7.977255009859,"GROSS_PROFIT_QOQ":null,"ROA":-7.944612405579,"HOLDER_PROFIT_QOQ":0,"ROE_YEARLY":-7.977255009859,"ROIC_YEARLY":-8.009429358085,"TOTAL_ASSETS":88771790.94,"TOTAL_LIABILITIES":293277.46,"TAX_EBT":2.148723140961,"OCF_SALES":-189.567367119901,"TOTAL_PARENT_EQUITY":88478513.48,"DEBT_ASSET_RATIO":0.3303723592,"OPERATE_PROFIT":-944911.24,"PRETAX_PROFIT":-7512805.02,"NETCASH_OPERATE":-6480840.24,"NETCASH_INVEST":3122940.1,"NETCASH_FINANCE":null,"END_CASH":1497658.96,"DIVI_RATIO":null,"DIVIDEND_RATE":null,"CURRENT_RATIO":302.688760806916,"COMMON_ACS":2000000000,"CURRENTDEBT_DEBT":100,"ISSUED_COMMON_SHARES":1271732200,"HK_COMMON_SHARES":1271732200,"PER_SHARES":2000,"TOTAL_MARKET_CAP":39423698.2,"HKSK_MARKET_CAP":39423698.2,"PE_TTM":6.696738270766,"PB_TTM":0.445762691512,"REPORT_DATE_SQ":"2019-12-31 00:00:00","REPORT_TYPE_SQ":"2019年年报","OPERATE_INCOME_SQ":3789113.9,"DPS_HKD":null,"OPERATE_INCOME_QOQ_SQ":0,"NET_PROFIT_RATIO_SQ":-1073.4265734266,"HOLDER_PROFIT_SQ":-40673355.5,"HOLDER_PROFIT_QOQ_SQ":0,"ROE_AVG_SQ":-32.818127195585,"PE_TTM_SQ":-1.674143407469,"PB_TTM_SQ":0.292692199045,"ROA_SQ":-32.62773669127,"START_DATE":"2020-04-01 00:00:00","FISCAL_YEAR":"3-31","CURRENCY":"HKD","IS_CNY_CODE":0,"DPS_HKD_LY":null,"ORG_TYPE":"证券","PREMIUM_INCOME":null,"PREMIUM_INCOME_YOY":null,"NET_INTEREST_INCOME":null,"NET_INTEREST_INCOME_YOY":null,"FEE_COMMISSION_INCOME":null,"FEE_COMMISSION_INCOME_YOY":null,"ACCOUNTS_RECE_TDAYS":null,"INVENTORY_TDAYS":null,"CURRENT_ASSETS_TDAYS":0.036946375236,"TOTAL_ASSETS_TDAYS":0.036946375236,"PREMIUM_EXPENSE":null,"LOAN_DEPOSIT":null,"LOAN_EQUITY":null,"LOAN_ASSETS":null,"DEPOSIT_EQUITY":null,"DEPOSIT_ASSETS":null,"EQUITY_MULTIPLIER":1.00331467436,"EQUITY_RATIO":0.00331467436},{"SECUCODE":"00768.HK","SECURITY_CODE":"00768","SECURITY_NAME_ABBR":"开明投资","ORG_CODE":"10009112","STD_REPORT_DATE":"2020-06-30 00:00:00","REPORT_DATE":"2020-09-30 00:00:00","DATE_TYPE_CODE":"002","REPORT_TYPE":"2020年中报","PER_NETCASH_OPERATE":-0.003678687447,"PER_OI":0.002162023483,"BPS":0.065214477576,"BASIC_EPS":-0.013092928,"DILUTED_EPS":-0.013092928,"OPERATE_INCOME":2749514.88,"OPERATE_INCOME_YOY":-6.0924369748,"GROSS_PROFIT":null,"GROSS_PROFIT_YOY":null,"HOLDER_PROFIT":-16697437.44,"HOLDER_PROFIT_YOY":38.554567502,"GROSS_PROFIT_RATIO":null,"EPS_TTM":-0.031982641864,"OPERATE_INCOME_QOQ":0,"NET_PROFIT_RATIO":-607.2866730585,"ROE_AVG":-18.291732044704,"GROSS_PROFIT_QOQ":null,"ROA":-18.204549700375,"HOLDER_PROFIT_QOQ":0,"ROE_YEARLY":-36.583464089408,"ROIC_YEARLY":-36.40909940075,"TOTAL_ASSETS":83327260.16,"TOTAL_LIABILITIES":391909.12,"TAX_EBT":null,"OCF_SALES":-170.1502077341,"TOTAL_PARENT_EQUITY":82935351.04,"DEBT_ASSET_RATIO":0.4703252204,"OPERATE_PROFIT":-16697437.44,"PRETAX_PROFIT":-16697437.44,"NETCASH_OPERATE":-4678305.28,"NETCASH_INVEST":2749514.88,"NETCASH_FINANCE":null,"END_CASH":3119456,"DIVI_RATIO":null,"DIVIDEND_RATE":null,"CURRENT_RATIO":371.874509803922,"COMMON_ACS":2000000000,"CURRENTDEBT_DEBT":57.174887892377,"ISSUED_COMMON_SHARES":1271732200,"HK_COMMON_SHARES":1271732200,"PER_SHARES":2000,"TOTAL_MARKET_CAP":39423698.2,"HKSK_MARKET_CAP":39423698.2,"PE_TTM":6.696738270766,"PB_TTM":0.445762691512,"REPORT_DATE_SQ":"2019-06-30 00:00:00","REPORT_TYPE_SQ":"2019年中报","OPERATE_INCOME_SQ":3005497.32,"DPS_HKD":null,"OPERATE_INCOME_QOQ_SQ":0,"NET_PROFIT_RATIO_SQ":-928.1212484994,"HOLDER_PROFIT_SQ":-27894659.25,"HOLDER_PROFIT_QOQ_SQ":0,"ROE_AVG_SQ":-21.711429303584,"PE_TTM_SQ":-1.674143407469,"PB_TTM_SQ":0.292692199045,"ROA_SQ":-21.563069800197,"START_DATE":"2020-04-01 00:00:00","FISCAL_YEAR":"3-31","CURRENCY":"HKD","IS_CNY_CODE":0,"DPS_HKD_LY":null,"ORG_TYPE":"证券","PREMIUM_INCOME":null,"PREMIUM_INCOME_YOY":null,"NET_INTEREST_INCOME":null,"NET_INTEREST_INCOME_YOY":null,"FEE_COMMISSION_INCOME":null,"FEE_COMMISSION_INCOME_YOY":null,"ACCOUNTS_RECE_TDAYS":null,"INVENTORY_TDAYS":null,"CURRENT_ASSETS_TDAYS":0.029976863495,"TOTAL_ASSETS_TDAYS":0.029976863495,"PREMIUM_EXPENSE":null,"LOAN_DEPOSIT":null,"LOAN_EQUITY":null,"LOAN_ASSETS":null,"DEPOSIT_EQUITY":null,"DEPOSIT_ASSETS":null,"EQUITY_MULTIPLIER":1.004725477316,"EQUITY_RATIO":0.004725477316}],"count":47},"success":true,"message":"ok","code":0}