{"version":"308b6fd1fa104c8730e3f23a9a677c06","result":{"pages":6,"data":[{"SECUCODE":"00769.HK","SECURITY_CODE":"00769","SECURITY_NAME_ABBR":"中国稀土","ORG_CODE":"10009113","STD_REPORT_DATE":"2024-06-30 00:00:00","REPORT_DATE":"2024-06-30 00:00:00","DATE_TYPE_CODE":"002","REPORT_TYPE":"2024年中报","PER_NETCASH_OPERATE":-0.095038050363,"PER_OI":0.114517025281,"BPS":0.775606026722,"BASIC_EPS":-0.023547144,"DILUTED_EPS":-0.023547144,"OPERATE_INCOME":268164550.28,"OPERATE_INCOME_YOY":-21.8191058533,"GROSS_PROFIT":-39404959,"GROSS_PROFIT_YOY":53.42353659563,"HOLDER_PROFIT":-55060159.04,"HOLDER_PROFIT_YOY":53.375067625,"GROSS_PROFIT_RATIO":-14.69432069185,"EPS_TTM":-0.050178521006,"OPERATE_INCOME_QOQ":-12.599589847852,"NET_PROFIT_RATIO":-21.3020852832,"ROE_AVG":-2.975943535605,"GROSS_PROFIT_QOQ":32.961076000854,"ROA":-2.848135030531,"HOLDER_PROFIT_QOQ":35.344766683131,"ROE_YEARLY":-5.95188707121,"ROIC_YEARLY":-12.499585612465,"TOTAL_ASSETS":1900759232.84,"TOTAL_LIABILITIES":104900701.16,"TAX_EBT":-1.422737879181,"OCF_SALES":-82.990324040828,"TOTAL_PARENT_EQUITY":1816236850.72,"DEBT_ASSET_RATIO":5.5188842094,"OPERATE_PROFIT":-56302316.52,"PRETAX_PROFIT":-56323308.16,"NETCASH_OPERATE":-222550629.24,"NETCASH_INVEST":1088827.24,"NETCASH_FINANCE":-197138.88,"END_CASH":957267156.04,"DIVI_RATIO":null,"DIVIDEND_RATE":null,"CURRENT_RATIO":16.40578634367,"COMMON_ACS":4000000000,"CURRENTDEBT_DEBT":99.629362172321,"ISSUED_COMMON_SHARES":2341700281,"HK_COMMON_SHARES":2341700281,"PER_SHARES":2000,"TOTAL_MARKET_CAP":924971610.995,"HKSK_MARKET_CAP":924971610.995,"PE_TTM":-7.034914102926,"PB_TTM":0.464808920482,"REPORT_DATE_SQ":"2023-06-30 00:00:00","REPORT_TYPE_SQ":"2023年中报","OPERATE_INCOME_SQ":346500367.56,"DPS_HKD":null,"OPERATE_INCOME_QOQ_SQ":0.563562189179,"NET_PROFIT_RATIO_SQ":-36.0630830553,"HOLDER_PROFIT_SQ":-119294992.2,"HOLDER_PROFIT_QOQ_SQ":-38.698198794162,"ROE_AVG_SQ":-5.901223937287,"PE_TTM_SQ":-1.412084233858,"PB_TTM_SQ":0.346112865635,"ROA_SQ":-5.589442308523,"START_DATE":"2024-01-01 00:00:00","FISCAL_YEAR":"12-31","CURRENCY":"HKD","IS_CNY_CODE":0,"DPS_HKD_LY":null,"ORG_TYPE":"一般企业","PREMIUM_INCOME":null,"PREMIUM_INCOME_YOY":null,"NET_INTEREST_INCOME":null,"NET_INTEREST_INCOME_YOY":null,"FEE_COMMISSION_INCOME":null,"FEE_COMMISSION_INCOME_YOY":null,"ACCOUNTS_RECE_TDAYS":0.652649115111,"INVENTORY_TDAYS":1.450880440866,"CURRENT_ASSETS_TDAYS":0.154198539784,"TOTAL_ASSETS_TDAYS":0.138715336627,"PREMIUM_EXPENSE":null,"LOAN_DEPOSIT":null,"LOAN_EQUITY":null,"LOAN_ASSETS":null,"DEPOSIT_EQUITY":null,"DEPOSIT_ASSETS":null,"EQUITY_MULTIPLIER":1.058412563857,"EQUITY_RATIO":0.057757170337},{"SECUCODE":"00769.HK","SECURITY_CODE":"00769","SECURITY_NAME_ABBR":"中国稀土","ORG_CODE":"10009113","STD_REPORT_DATE":"2023-12-31 00:00:00","REPORT_DATE":"2023-12-31 00:00:00","DATE_TYPE_CODE":"001","REPORT_TYPE":"2023年年报","PER_NETCASH_OPERATE":-0.065702006345,"PER_OI":0.265504974785,"BPS":0.798896862019,"BASIC_EPS":-0.077572432,"DILUTED_EPS":-0.077572432,"OPERATE_INCOME":621733074.06,"OPERATE_INCOME_YOY":-15.342794353,"GROSS_PROFIT":-137124679.3,"GROSS_PROFIT_YOY":-13855.2561301389,"HOLDER_PROFIT":-181737889.9,"HOLDER_PROFIT_YOY":46.2772170074,"GROSS_PROFIT_RATIO":-22.055233189471,"EPS_TTM":-0.077609372717,"OPERATE_INCOME_QOQ":-14.596793923891,"NET_PROFIT_RATIO":-30.551267868,"ROE_AVG":-9.21580949383,"GROSS_PROFIT_QOQ":-12.686758435753,"ROA":-8.789408969278,"HOLDER_PROFIT_QOQ":60.704884001674,"ROE_YEARLY":-9.21580949383,"ROIC_YEARLY":-21.761694014598,"TOTAL_ASSETS":1951728732.66,"TOTAL_LIABILITIES":99273682.34,"TAX_EBT":0.266933123974,"OCF_SALES":-24.746054720125,"TOTAL_PARENT_EQUITY":1870777006.28,"DEBT_ASSET_RATIO":5.0864487815,"OPERATE_PROFIT":-190175704.32,"PRETAX_PROFIT":-190455726.3,"NETCASH_OPERATE":-153854406.72,"NETCASH_INVEST":32265963.1,"NETCASH_FINANCE":-616229.6,"END_CASH":1177586672.78,"DIVI_RATIO":null,"DIVIDEND_RATE":null,"CURRENT_RATIO":17.740878459024,"COMMON_ACS":4000000000,"CURRENTDEBT_DEBT":99.425817229135,"ISSUED_COMMON_SHARES":2341700281,"HK_COMMON_SHARES":2341700281,"PER_SHARES":2000,"TOTAL_MARKET_CAP":1018639622.235,"HKSK_MARKET_CAP":1018639622.235,"PE_TTM":-7.747310467779,"PB_TTM":0.511878178252,"REPORT_DATE_SQ":"2022-12-31 00:00:00","REPORT_TYPE_SQ":"2022年年报","OPERATE_INCOME_SQ":723917620.51,"DPS_HKD":null,"OPERATE_INCOME_QOQ_SQ":-18.219115783451,"NET_PROFIT_RATIO_SQ":-48.5773303242,"HOLDER_PROFIT_SQ":-333454117.92,"HOLDER_PROFIT_QOQ_SQ":-1999.72014519583,"ROE_AVG_SQ":-14.443136264113,"PE_TTM_SQ":-1.525961994653,"PB_TTM_SQ":0.374025193509,"ROA_SQ":-13.682278547127,"START_DATE":"2023-01-01 00:00:00","FISCAL_YEAR":"12-31","CURRENCY":"HKD","IS_CNY_CODE":0,"DPS_HKD_LY":null,"ORG_TYPE":"一般企业","PREMIUM_INCOME":null,"PREMIUM_INCOME_YOY":null,"NET_INTEREST_INCOME":null,"NET_INTEREST_INCOME_YOY":null,"FEE_COMMISSION_INCOME":null,"FEE_COMMISSION_INCOME_YOY":null,"ACCOUNTS_RECE_TDAYS":1.498294942701,"INVENTORY_TDAYS":4.245549815199,"CURRENT_ASSETS_TDAYS":0.336136952905,"TOTAL_ASSETS_TDAYS":0.300689430291,"PREMIUM_EXPENSE":null,"LOAN_DEPOSIT":null,"LOAN_EQUITY":null,"LOAN_ASSETS":null,"DEPOSIT_EQUITY":null,"DEPOSIT_ASSETS":null,"EQUITY_MULTIPLIER":1.053590332636,"EQUITY_RATIO":0.053065481352},{"SECUCODE":"00769.HK","SECURITY_CODE":"00769","SECURITY_NAME_ABBR":"中国稀土","ORG_CODE":"10009113","STD_REPORT_DATE":"2023-06-30 00:00:00","REPORT_DATE":"2023-06-30 00:00:00","DATE_TYPE_CODE":"002","REPORT_TYPE":"2023年中报","PER_NETCASH_OPERATE":-0.093942573166,"PER_OI":0.14796956313,"BPS":0.825782073936,"BASIC_EPS":-0.050985494,"DILUTED_EPS":-0.050985494,"OPERATE_INCOME":346500367.56,"OPERATE_INCOME_YOY":-6.1390648921,"GROSS_PROFIT":-84602728.76,"GROSS_PROFIT_YOY":-322.166623605415,"HOLDER_PROFIT":-119294992.2,"HOLDER_PROFIT_YOY":-1235.3983853984,"GROSS_PROFIT_RATIO":-24.416346036155,"EPS_TTM":-0.197503864654,"OPERATE_INCOME_QOQ":0.563562189179,"NET_PROFIT_RATIO":-36.0630830553,"ROE_AVG":-5.901223937287,"GROSS_PROFIT_QOQ":-12306.6304161028,"ROA":-5.589442308523,"HOLDER_PROFIT_QOQ":-38.698198794162,"ROE_YEARLY":-11.802447874574,"ROIC_YEARLY":-25.515589326994,"TOTAL_ASSETS":2046952336.6,"TOTAL_LIABILITIES":128963796.46,"TAX_EBT":-0.085661327603,"OCF_SALES":-63.487768145558,"TOTAL_PARENT_EQUITY":1933734114.58,"DEBT_ASSET_RATIO":6.3002833116,"OPERATE_PROFIT":-124712546.68,"PRETAX_PROFIT":-124851765.66,"NETCASH_OPERATE":-219985349.98,"NETCASH_INVEST":1456728.4,"NETCASH_FINANCE":-307941.32,"END_CASH":1085603790.6,"DIVI_RATIO":null,"DIVIDEND_RATE":null,"CURRENT_RATIO":14.279892125135,"COMMON_ACS":4000000000,"CURRENTDEBT_DEBT":99.408766273226,"ISSUED_COMMON_SHARES":2341700281,"HK_COMMON_SHARES":2341700281,"PER_SHARES":2000,"TOTAL_MARKET_CAP":1018639622.235,"HKSK_MARKET_CAP":1018639622.235,"PE_TTM":-7.747310467779,"PB_TTM":0.511878178252,"REPORT_DATE_SQ":"2022-06-30 00:00:00","REPORT_TYPE_SQ":"2022年中报","OPERATE_INCOME_SQ":342420641.57,"DPS_HKD":null,"OPERATE_INCOME_QOQ_SQ":-10.705419122369,"NET_PROFIT_RATIO_SQ":2.7719572531,"HOLDER_PROFIT_SQ":9745745.24,"HOLDER_PROFIT_QOQ_SQ":-11.556845026134,"ROE_AVG_SQ":0.40327731827,"PE_TTM_SQ":-1.525961994653,"PB_TTM_SQ":0.374025193509,"ROA_SQ":0.38149086402,"START_DATE":"2023-01-01 00:00:00","FISCAL_YEAR":"12-31","CURRENCY":"HKD","IS_CNY_CODE":0,"DPS_HKD_LY":null,"ORG_TYPE":"一般企业","PREMIUM_INCOME":null,"PREMIUM_INCOME_YOY":null,"NET_INTEREST_INCOME":null,"NET_INTEREST_INCOME_YOY":null,"FEE_COMMISSION_INCOME":null,"FEE_COMMISSION_INCOME_YOY":null,"ACCOUNTS_RECE_TDAYS":0.76497133052,"INVENTORY_TDAYS":1.994688895098,"CURRENT_ASSETS_TDAYS":0.181757508665,"TOTAL_ASSETS_TDAYS":0.162349129552,"PREMIUM_EXPENSE":null,"LOAN_DEPOSIT":null,"LOAN_EQUITY":null,"LOAN_ASSETS":null,"DEPOSIT_EQUITY":null,"DEPOSIT_ASSETS":null,"EQUITY_MULTIPLIER":1.067239086032,"EQUITY_RATIO":0.066691586753},{"SECUCODE":"00769.HK","SECURITY_CODE":"00769","SECURITY_NAME_ABBR":"中国稀土","ORG_CODE":"10009113","STD_REPORT_DATE":"2022-12-31 00:00:00","REPORT_DATE":"2022-12-31 00:00:00","DATE_TYPE_CODE":"001","REPORT_TYPE":"2022年年报","PER_NETCASH_OPERATE":-0.087925115917,"PER_OI":0.309141877115,"BPS":0.872717094178,"BASIC_EPS":-0.142387238,"DILUTED_EPS":-0.142387238,"OPERATE_INCOME":723917620.51,"OPERATE_INCOME_YOY":-33.1602157907,"GROSS_PROFIT":996889.32,"GROSS_PROFIT_YOY":-98.581943722867,"HOLDER_PROFIT":-333454117.92,"HOLDER_PROFIT_YOY":-1637.8429595452,"GROSS_PROFIT_RATIO":0.137707563921,"EPS_TTM":-0.142398290945,"OPERATE_INCOME_QOQ":-18.219115783451,"NET_PROFIT_RATIO":-48.5773303242,"ROE_AVG":-14.443136264113,"GROSS_PROFIT_QOQ":-98.514933636739,"ROA":-13.682278547127,"HOLDER_PROFIT_QOQ":-1999.72014519583,"ROE_YEARLY":-14.443136264113,"ROIC_YEARLY":-34.139065367911,"TOTAL_ASSETS":2152450190.1,"TOTAL_LIABILITIES":118978204.38,"TAX_EBT":-0.441642471157,"OCF_SALES":-28.441671098563,"TOTAL_PARENT_EQUITY":2043641864.67,"DEBT_ASSET_RATIO":5.5275706229,"OPERATE_PROFIT":-349848302.23,"PRETAX_PROFIT":-350113603.42,"NETCASH_OPERATE":-205894268.65,"NETCASH_INVEST":-943293.12,"NETCASH_FINANCE":-580625.5,"END_CASH":1297372842.22,"DIVI_RATIO":null,"DIVIDEND_RATE":null,"CURRENT_RATIO":16.264946207272,"COMMON_ACS":4000000000,"CURRENTDEBT_DEBT":99.234199738727,"ISSUED_COMMON_SHARES":2341700281,"HK_COMMON_SHARES":2341700281,"PER_SHARES":2000,"TOTAL_MARKET_CAP":1018639622.235,"HKSK_MARKET_CAP":1018639622.235,"PE_TTM":-7.747310467779,"PB_TTM":0.511878178252,"REPORT_DATE_SQ":"2021-12-31 00:00:00","REPORT_TYPE_SQ":"2021年年报","OPERATE_INCOME_SQ":991316289.6,"DPS_HKD":null,"OPERATE_INCOME_QOQ_SQ":2.761407620797,"NET_PROFIT_RATIO_SQ":2.0978646087,"HOLDER_PROFIT_SQ":19846422.4,"HOLDER_PROFIT_QOQ_SQ":4.820340091931,"ROE_AVG_SQ":0.857974686318,"PE_TTM_SQ":-1.525961994653,"PB_TTM_SQ":0.374025193509,"ROA_SQ":0.811904906048,"START_DATE":"2022-01-01 00:00:00","FISCAL_YEAR":"12-31","CURRENCY":"HKD","IS_CNY_CODE":0,"DPS_HKD_LY":null,"ORG_TYPE":"一般企业","PREMIUM_INCOME":null,"PREMIUM_INCOME_YOY":null,"NET_INTEREST_INCOME":null,"NET_INTEREST_INCOME_YOY":null,"FEE_COMMISSION_INCOME":null,"FEE_COMMISSION_INCOME_YOY":null,"ACCOUNTS_RECE_TDAYS":1.537092866118,"INVENTORY_TDAYS":3.039304934335,"CURRENT_ASSETS_TDAYS":0.332110342137,"TOTAL_ASSETS_TDAYS":0.297037643163,"PREMIUM_EXPENSE":null,"LOAN_DEPOSIT":null,"LOAN_EQUITY":null,"LOAN_ASSETS":null,"DEPOSIT_EQUITY":null,"DEPOSIT_ASSETS":null,"EQUITY_MULTIPLIER":1.058509881236,"EQUITY_RATIO":0.058218715538},{"SECUCODE":"00769.HK","SECURITY_CODE":"00769","SECURITY_NAME_ABBR":"中国稀土","ORG_CODE":"10009113","STD_REPORT_DATE":"2022-06-30 00:00:00","REPORT_DATE":"2022-06-30 00:00:00","DATE_TYPE_CODE":"002","REPORT_TYPE":"2022年中报","PER_NETCASH_OPERATE":-0.053874005411,"PER_OI":0.146227356399,"BPS":1.011726862525,"BASIC_EPS":0.004190431,"DILUTED_EPS":0.004190431,"OPERATE_INCOME":342420641.57,"OPERATE_INCOME_YOY":-25.7226865035,"GROSS_PROFIT":38080755.51,"GROSS_PROFIT_YOY":-7.689422158262,"HOLDER_PROFIT":9745745.24,"HOLDER_PROFIT_YOY":-21.2385099178,"GROSS_PROFIT_RATIO":11.121045546612,"EPS_TTM":0.007495750956,"OPERATE_INCOME_QOQ":-10.705419122369,"NET_PROFIT_RATIO":2.7719572531,"ROE_AVG":0.40327731827,"GROSS_PROFIT_QOQ":-4.512262063568,"ROA":0.38149086402,"HOLDER_PROFIT_QOQ":-11.556845026134,"ROE_YEARLY":0.806554636539,"ROIC_YEARLY":1.795833464654,"TOTAL_ASSETS":2503525965.5,"TOTAL_LIABILITIES":127348053.28,"TAX_EBT":14.33312750849,"OCF_SALES":-36.842631049218,"TOTAL_PARENT_EQUITY":2369161078.27,"DEBT_ASSET_RATIO":5.0867478522,"OPERATE_PROFIT":11169636.59,"PRETAX_PROFIT":11079841.64,"NETCASH_OPERATE":-126156773.61,"NETCASH_INVEST":-1294757.66,"NETCASH_FINANCE":-238598.01,"END_CASH":1367628399.9,"DIVI_RATIO":null,"DIVIDEND_RATE":null,"CURRENT_RATIO":17.8645195797,"COMMON_ACS":4000000000,"CURRENTDEBT_DEBT":99.188782636725,"ISSUED_COMMON_SHARES":2341700281,"HK_COMMON_SHARES":2341700281,"PER_SHARES":2000,"TOTAL_MARKET_CAP":1018639622.235,"HKSK_MARKET_CAP":1018639622.235,"PE_TTM":-7.747310467779,"PB_TTM":0.511878178252,"REPORT_DATE_SQ":"2021-06-30 00:00:00","REPORT_TYPE_SQ":"2021年中报","OPERATE_INCOME_SQ":448545205.2,"DPS_HKD":null,"OPERATE_INCOME_QOQ_SQ":3.045078789886,"NET_PROFIT_RATIO_SQ":2.8139463701,"HOLDER_PROFIT_SQ":12039365.52,"HOLDER_PROFIT_QOQ_SQ":14.136269573567,"ROE_AVG_SQ":0.51678479069,"PE_TTM_SQ":-1.525961994653,"PB_TTM_SQ":0.374025193509,"ROA_SQ":0.489153612794,"START_DATE":"2022-01-01 00:00:00","FISCAL_YEAR":"12-31","CURRENCY":"HKD","IS_CNY_CODE":0,"DPS_HKD_LY":null,"ORG_TYPE":"一般企业","PREMIUM_INCOME":null,"PREMIUM_INCOME_YOY":null,"NET_INTEREST_INCOME":null,"NET_INTEREST_INCOME_YOY":null,"FEE_COMMISSION_INCOME":null,"FEE_COMMISSION_INCOME_YOY":null,"ACCOUNTS_RECE_TDAYS":0.743421309147,"INVENTORY_TDAYS":1.039866405829,"CURRENT_ASSETS_TDAYS":0.149146937314,"TOTAL_ASSETS_TDAYS":0.134038334877,"PREMIUM_EXPENSE":null,"LOAN_DEPOSIT":null,"LOAN_EQUITY":null,"LOAN_ASSETS":null,"DEPOSIT_EQUITY":null,"DEPOSIT_ASSETS":null,"EQUITY_MULTIPLIER":1.053593652489,"EQUITY_RATIO":0.053752382836},{"SECUCODE":"00769.HK","SECURITY_CODE":"00769","SECURITY_NAME_ABBR":"中国稀土","ORG_CODE":"10009113","STD_REPORT_DATE":"2021-12-31 00:00:00","REPORT_DATE":"2021-12-31 00:00:00","DATE_TYPE_CODE":"001","REPORT_TYPE":"2021年年报","PER_NETCASH_OPERATE":0.040172272072,"PER_OI":0.423331840391,"BPS":1.006021467698,"BASIC_EPS":0.00850304,"DILUTED_EPS":0.00850304,"OPERATE_INCOME":991316289.6,"OPERATE_INCOME_YOY":9.0040878634,"GROSS_PROFIT":70299700.8,"GROSS_PROFIT_YOY":10.157656962049,"HOLDER_PROFIT":19846422.4,"HOLDER_PROFIT_YOY":23.1557584982,"GROSS_PROFIT_RATIO":7.091551055654,"EPS_TTM":0.008475218866,"OPERATE_INCOME_QOQ":2.761407620797,"NET_PROFIT_RATIO":2.0978646087,"ROE_AVG":0.857974686318,"GROSS_PROFIT_QOQ":2.346557048711,"ROA":0.811904906048,"HOLDER_PROFIT_QOQ":4.820340091931,"ROE_YEARLY":0.857974686318,"ROIC_YEARLY":2.020261708534,"TOTAL_ASSETS":2491231288,"TOTAL_LIABILITIES":128164523.2,"TAX_EBT":9.425631164762,"OCF_SALES":9.489546554103,"TOTAL_PARENT_EQUITY":2355800753.6,"DEBT_ASSET_RATIO":5.1446256242,"OPERATE_PROFIT":23332668.8,"PRETAX_PROFIT":22960660.8,"NETCASH_OPERATE":94071420.8,"NETCASH_INVEST":-68603998.4,"NETCASH_FINANCE":-1038352,"END_CASH":1487895460.8,"DIVI_RATIO":null,"DIVIDEND_RATE":null,"CURRENT_RATIO":17.575151577565,"COMMON_ACS":4000000000,"CURRENTDEBT_DEBT":99.112639307974,"ISSUED_COMMON_SHARES":2341700281,"HK_COMMON_SHARES":2341700281,"PER_SHARES":2000,"TOTAL_MARKET_CAP":1018639622.235,"HKSK_MARKET_CAP":1018639622.235,"PE_TTM":-7.747310467779,"PB_TTM":0.511878178252,"REPORT_DATE_SQ":"2020-12-31 00:00:00","REPORT_TYPE_SQ":"2020年年报","OPERATE_INCOME_SQ":936170479.88,"DPS_HKD":null,"OPERATE_INCOME_QOQ_SQ":-1.067846737818,"NET_PROFIT_RATIO_SQ":1.8527092546,"HOLDER_PROFIT_SQ":16588724.4,"HOLDER_PROFIT_QOQ_SQ":-48.586268552117,"ROE_AVG_SQ":0.733733070813,"PE_TTM_SQ":-1.525961994653,"PB_TTM_SQ":0.374025193509,"ROA_SQ":0.695904666357,"START_DATE":"2021-01-01 00:00:00","FISCAL_YEAR":"12-31","CURRENCY":"HKD","IS_CNY_CODE":0,"DPS_HKD_LY":null,"ORG_TYPE":"一般企业","PREMIUM_INCOME":null,"PREMIUM_INCOME_YOY":null,"NET_INTEREST_INCOME":null,"NET_INTEREST_INCOME_YOY":null,"FEE_COMMISSION_INCOME":null,"FEE_COMMISSION_INCOME_YOY":null,"ACCOUNTS_RECE_TDAYS":2.297889397332,"INVENTORY_TDAYS":3.305737783093,"CURRENT_ASSETS_TDAYS":0.448191103647,"TOTAL_ASSETS_TDAYS":0.405541383101,"PREMIUM_EXPENSE":null,"LOAN_DEPOSIT":null,"LOAN_EQUITY":null,"LOAN_ASSETS":null,"DEPOSIT_EQUITY":null,"DEPOSIT_ASSETS":null,"EQUITY_MULTIPLIER":1.054236522264,"EQUITY_RATIO":0.054403804313},{"SECUCODE":"00769.HK","SECURITY_CODE":"00769","SECURITY_NAME_ABBR":"中国稀土","ORG_CODE":"10009113","STD_REPORT_DATE":"2021-06-30 00:00:00","REPORT_DATE":"2021-06-30 00:00:00","DATE_TYPE_CODE":"002","REPORT_TYPE":"2021年中报","PER_NETCASH_OPERATE":-0.000891171538,"PER_OI":0.191546804192,"BPS":1.002938235271,"BASIC_EPS":0.005158896,"DILUTED_EPS":0.005158896,"OPERATE_INCOME":448545205.2,"OPERATE_INCOME_YOY":17.2283088539,"GROSS_PROFIT":41252862.24,"GROSS_PROFIT_YOY":13.387127820827,"HOLDER_PROFIT":12039365.52,"HOLDER_PROFIT_YOY":36.332799397,"GROSS_PROFIT_RATIO":9.197035607951,"EPS_TTM":0.008085471635,"OPERATE_INCOME_QOQ":3.045078789886,"NET_PROFIT_RATIO":2.8139463701,"ROE_AVG":0.51678479069,"GROSS_PROFIT_QOQ":7.632010434529,"ROA":0.489153612794,"HOLDER_PROFIT_QOQ":14.136269573567,"ROE_YEARLY":1.033569581381,"ROIC_YEARLY":2.409392785227,"TOTAL_ASSETS":2482444113.6,"TOTAL_LIABILITIES":126975408,"TAX_EBT":10.586501620984,"OCF_SALES":-0.465250016232,"TOTAL_PARENT_EQUITY":2348580747.36,"DEBT_ASSET_RATIO":5.1149352086,"OPERATE_PROFIT":14382502.8,"PRETAX_PROFIT":14116237.2,"NETCASH_OPERATE":-2086856.64,"NETCASH_INVEST":1739879.28,"NETCASH_FINANCE":-777162.72,"END_CASH":1462641041.04,"DIVI_RATIO":null,"DIVIDEND_RATE":null,"CURRENT_RATIO":18.165848462394,"COMMON_ACS":4000000000,"CURRENTDEBT_DEBT":99.045871559633,"ISSUED_COMMON_SHARES":2341700281,"HK_COMMON_SHARES":2341700281,"PER_SHARES":2000,"TOTAL_MARKET_CAP":1018639622.235,"HKSK_MARKET_CAP":1018639622.235,"PE_TTM":-7.747310467779,"PB_TTM":0.511878178252,"REPORT_DATE_SQ":"2020-06-30 00:00:00","REPORT_TYPE_SQ":"2020年中报","OPERATE_INCOME_SQ":420038076.48,"DPS_HKD":null,"OPERATE_INCOME_QOQ_SQ":3.714663301871,"NET_PROFIT_RATIO_SQ":2.3501550533,"HOLDER_PROFIT_SQ":9694338.72,"HOLDER_PROFIT_QOQ_SQ":-7.370269144175,"ROE_AVG_SQ":0.411903718622,"PE_TTM_SQ":-1.525961994653,"PB_TTM_SQ":0.374025193509,"ROA_SQ":0.390928744,"START_DATE":"2021-01-01 00:00:00","FISCAL_YEAR":"12-31","CURRENCY":"HKD","IS_CNY_CODE":0,"DPS_HKD_LY":null,"ORG_TYPE":"一般企业","PREMIUM_INCOME":null,"PREMIUM_INCOME_YOY":null,"NET_INTEREST_INCOME":null,"NET_INTEREST_INCOME_YOY":null,"FEE_COMMISSION_INCOME":null,"FEE_COMMISSION_INCOME_YOY":null,"ACCOUNTS_RECE_TDAYS":1.045155348747,"INVENTORY_TDAYS":1.441087542137,"CURRENT_ASSETS_TDAYS":0.19871213935,"TOTAL_ASSETS_TDAYS":0.182241752907,"PREMIUM_EXPENSE":null,"LOAN_DEPOSIT":null,"LOAN_EQUITY":null,"LOAN_ASSETS":null,"DEPOSIT_EQUITY":null,"DEPOSIT_ASSETS":null,"EQUITY_MULTIPLIER":1.053906641892,"EQUITY_RATIO":0.054064740224},{"SECUCODE":"00769.HK","SECURITY_CODE":"00769","SECURITY_NAME_ABBR":"中国稀土","ORG_CODE":"10009113","STD_REPORT_DATE":"2020-12-31 00:00:00","REPORT_DATE":"2020-12-31 00:00:00","DATE_TYPE_CODE":"001","REPORT_TYPE":"2020年年报","PER_NETCASH_OPERATE":0.054698506619,"PER_OI":0.399782366461,"BPS":0.998121950877,"BASIC_EPS":0.007069776,"DILUTED_EPS":0.007069776,"OPERATE_INCOME":936170479.88,"OPERATE_INCOME_YOY":9.207538278,"GROSS_PROFIT":63817353,"GROSS_PROFIT_YOY":-7.60723032765,"HOLDER_PROFIT":16588724.4,"HOLDER_PROFIT_YOY":-49.3120740645,"GROSS_PROFIT_RATIO":6.816851670882,"EPS_TTM":0.007084051078,"OPERATE_INCOME_QOQ":-1.067846737818,"NET_PROFIT_RATIO":1.8527092546,"ROE_AVG":0.733733070813,"GROSS_PROFIT_QOQ":-5.662745022084,"ROA":0.695904666357,"HOLDER_PROFIT_QOQ":-48.586268552117,"ROE_YEARLY":0.733733070813,"ROIC_YEARLY":1.621082127837,"TOTAL_ASSETS":2468120241.32,"TOTAL_LIABILITIES":124515588.16,"TAX_EBT":22.21928665786,"OCF_SALES":13.682070848508,"TOTAL_PARENT_EQUITY":2337302452.84,"DEBT_ASSET_RATIO":5.0449563224,"OPERATE_PROFIT":22669573.4,"PRETAX_PROFIT":22299251.8,"NETCASH_OPERATE":128087508.32,"NETCASH_INVEST":14228765.84,"NETCASH_FINANCE":-1364298.44,"END_CASH":1464668218.2,"DIVI_RATIO":null,"DIVIDEND_RATE":null,"CURRENT_RATIO":18.375557109749,"COMMON_ACS":4000000000,"CURRENTDEBT_DEBT":98.579192126751,"ISSUED_COMMON_SHARES":2341700281,"HK_COMMON_SHARES":2341700281,"PER_SHARES":2000,"TOTAL_MARKET_CAP":1018639622.235,"HKSK_MARKET_CAP":1018639622.235,"PE_TTM":-7.747310467779,"PB_TTM":0.511878178252,"REPORT_DATE_SQ":"2019-12-31 00:00:00","REPORT_TYPE_SQ":"2019年年报","OPERATE_INCOME_SQ":912383282.3,"DPS_HKD":null,"OPERATE_INCOME_QOQ_SQ":12.622035369341,"NET_PROFIT_RATIO_SQ":3.8866607431,"HOLDER_PROFIT_SQ":34832405.3,"HOLDER_PROFIT_QOQ_SQ":103.736341467129,"ROE_AVG_SQ":1.493125899485,"PE_TTM_SQ":-1.525961994653,"PB_TTM_SQ":0.374025193509,"ROA_SQ":1.4134055987,"START_DATE":"2020-01-01 00:00:00","FISCAL_YEAR":"12-31","CURRENCY":"HKD","IS_CNY_CODE":0,"DPS_HKD_LY":null,"ORG_TYPE":"一般企业","PREMIUM_INCOME":null,"PREMIUM_INCOME_YOY":null,"NET_INTEREST_INCOME":null,"NET_INTEREST_INCOME_YOY":null,"FEE_COMMISSION_INCOME":null,"FEE_COMMISSION_INCOME_YOY":null,"ACCOUNTS_RECE_TDAYS":2.76048910265,"INVENTORY_TDAYS":3.474465082446,"CURRENT_ASSETS_TDAYS":0.432412606211,"TOTAL_ASSETS_TDAYS":0.392727849197,"PREMIUM_EXPENSE":null,"LOAN_DEPOSIT":null,"LOAN_EQUITY":null,"LOAN_ASSETS":null,"DEPOSIT_EQUITY":null,"DEPOSIT_ASSETS":null,"EQUITY_MULTIPLIER":1.053129945783,"EQUITY_RATIO":0.05327320305},{"SECUCODE":"00769.HK","SECURITY_CODE":"00769","SECURITY_NAME_ABBR":"中国稀土","ORG_CODE":"10009113","STD_REPORT_DATE":"2020-06-30 00:00:00","REPORT_DATE":"2020-06-30 00:00:00","DATE_TYPE_CODE":"002","REPORT_TYPE":"2020年中报","PER_NETCASH_OPERATE":0.076435692002,"PER_OI":0.179373116145,"BPS":0.997696596954,"BASIC_EPS":0.00411048,"DILUTED_EPS":0.00411048,"OPERATE_INCOME":420038076.48,"OPERATE_INCOME_YOY":4.7542895674,"GROSS_PROFIT":36382315.2,"GROSS_PROFIT_YOY":-3.765834114026,"HOLDER_PROFIT":9694338.72,"HOLDER_PROFIT_YOY":-23.8611091183,"GROSS_PROFIT_RATIO":8.661670747779,"EPS_TTM":0.013778519626,"OPERATE_INCOME_QOQ":3.714663301871,"NET_PROFIT_RATIO":2.3501550533,"ROE_AVG":0.411903718622,"GROSS_PROFIT_QOQ":-2.061206154472,"ROA":0.390928744,"HOLDER_PROFIT_QOQ":-7.370269144175,"ROE_YEARLY":0.823807437243,"ROIC_YEARLY":1.850961255473,"TOTAL_ASSETS":2464075648.32,"TOTAL_LIABILITIES":122071208.16,"TAX_EBT":22.884258598544,"OCF_SALES":42.612680007481,"TOTAL_PARENT_EQUITY":2336306401.44,"DEBT_ASSET_RATIO":4.9540365469,"OPERATE_PROFIT":12924262.56,"PRETAX_PROFIT":12800948.16,"NETCASH_OPERATE":178989481.44,"NETCASH_INVEST":-904305.6,"NETCASH_FINANCE":-655849.92,"END_CASH":1502396881.92,"DIVI_RATIO":null,"DIVIDEND_RATE":null,"CURRENT_RATIO":18.716256579098,"COMMON_ACS":4000000000,"CURRENTDEBT_DEBT":97.955686588496,"ISSUED_COMMON_SHARES":2341700281,"HK_COMMON_SHARES":2341700281,"PER_SHARES":2000,"TOTAL_MARKET_CAP":1018639622.235,"HKSK_MARKET_CAP":1018639622.235,"PE_TTM":-7.747310467779,"PB_TTM":0.511878178252,"REPORT_DATE_SQ":"2019-06-30 00:00:00","REPORT_TYPE_SQ":"2019年中报","OPERATE_INCOME_SQ":386146109.52,"DPS_HKD":null,"OPERATE_INCOME_QOQ_SQ":2.493995304159,"NET_PROFIT_RATIO_SQ":3.2109109465,"HOLDER_PROFIT_SQ":12261580.74,"HOLDER_PROFIT_QOQ_SQ":459.742735037124,"ROE_AVG_SQ":0.533056562544,"PE_TTM_SQ":-1.525961994653,"PB_TTM_SQ":0.374025193509,"ROA_SQ":0.50302467993,"START_DATE":"2020-01-01 00:00:00","FISCAL_YEAR":"12-31","CURRENCY":"HKD","IS_CNY_CODE":0,"DPS_HKD_LY":null,"ORG_TYPE":"一般企业","PREMIUM_INCOME":null,"PREMIUM_INCOME_YOY":null,"NET_INTEREST_INCOME":null,"NET_INTEREST_INCOME_YOY":null,"FEE_COMMISSION_INCOME":null,"FEE_COMMISSION_INCOME_YOY":null,"ACCOUNTS_RECE_TDAYS":1.463975422231,"INVENTORY_TDAYS":1.921891086798,"CURRENT_ASSETS_TDAYS":0.187123018485,"TOTAL_ASSETS_TDAYS":0.169382319324,"PREMIUM_EXPENSE":null,"LOAN_DEPOSIT":null,"LOAN_EQUITY":null,"LOAN_ASSETS":null,"DEPOSIT_EQUITY":null,"DEPOSIT_ASSETS":null,"EQUITY_MULTIPLIER":1.052122534897,"EQUITY_RATIO":0.052249657016}],"count":48},"success":true,"message":"ok","code":0}