{"version":"7201aaac0329433ff715a2c6ff18769f","result":{"pages":6,"data":[{"SECUCODE":"00764.HK","SECURITY_CODE":"00764","SECURITY_NAME_ABBR":"永恒策略","ORG_CODE":"10009108","STD_REPORT_DATE":"2024-06-30 00:00:00","REPORT_DATE":"2024-06-30 00:00:00","DATE_TYPE_CODE":"002","REPORT_TYPE":"2024年中报","PER_NETCASH_OPERATE":0.019352720976,"PER_OI":0.025843452314,"BPS":0.326954940216,"BASIC_EPS":-0.031578728,"DILUTED_EPS":-0.031578728,"OPERATE_INCOME":98711818.08,"OPERATE_INCOME_YOY":19.8032743304,"GROSS_PROFIT":52880679.2,"GROSS_PROFIT_YOY":31.15538174397,"HOLDER_PROFIT":-116807524.44,"HOLDER_PROFIT_YOY":-150.8241058305,"GROSS_PROFIT_RATIO":53.57076814971,"EPS_TTM":-0.083545711201,"OPERATE_INCOME_QOQ":8.683017175547,"NET_PROFIT_RATIO":-118.3318539887,"ROE_AVG":-8.90140970459,"GROSS_PROFIT_QOQ":14.158550009668,"ROA":-4.255140884652,"HOLDER_PROFIT_QOQ":-27.978338013526,"ROE_YEARLY":-17.802819409181,"ROIC_YEARLY":-8.597610621609,"TOTAL_ASSETS":2684082358.4,"TOTAL_LIABILITIES":1440386099.92,"TAX_EBT":-0.855017415562,"OCF_SALES":74.884426199194,"TOTAL_PARENT_EQUITY":1248839210.28,"DEBT_ASSET_RATIO":53.6640053317,"OPERATE_PROFIT":-75626490.16,"PRETAX_PROFIT":-115817266.64,"NETCASH_OPERATE":73919778.56,"NETCASH_INVEST":13714842.36,"NETCASH_FINANCE":-54630286.76,"END_CASH":49332179.36,"DIVI_RATIO":null,"DIVIDEND_RATE":null,"CURRENT_RATIO":0.622667529546,"COMMON_ACS":10000000000,"CURRENTDEBT_DEBT":57.571249162017,"ISSUED_COMMON_SHARES":3819606486,"HK_COMMON_SHARES":3819606486,"PER_SHARES":10000,"TOTAL_MARKET_CAP":210078356.73,"HKSK_MARKET_CAP":210078356.73,"PE_TTM":-0.596627067479,"PB_TTM":0.153530024556,"REPORT_DATE_SQ":"2023-06-30 00:00:00","REPORT_TYPE_SQ":"2023年中报","OPERATE_INCOME_SQ":83234510.44,"DPS_HKD":null,"OPERATE_INCOME_QOQ_SQ":3.994998726311,"NET_PROFIT_RATIO_SQ":-62.4808669565,"HOLDER_PROFIT_SQ":-47044029.5,"HOLDER_PROFIT_QOQ_SQ":3.937612507695,"ROE_AVG_SQ":-2.90968707677,"PE_TTM_SQ":-0.741475355246,"PB_TTM_SQ":0.111810137541,"ROA_SQ":-1.499164918865,"START_DATE":"2024-01-01 00:00:00","FISCAL_YEAR":"12-31","CURRENCY":"HKD","IS_CNY_CODE":0,"DPS_HKD_LY":null,"ORG_TYPE":"一般企业","PREMIUM_INCOME":null,"PREMIUM_INCOME_YOY":null,"NET_INTEREST_INCOME":null,"NET_INTEREST_INCOME_YOY":null,"FEE_COMMISSION_INCOME":null,"FEE_COMMISSION_INCOME_YOY":null,"ACCOUNTS_RECE_TDAYS":2.966876517302,"INVENTORY_TDAYS":1.482434905827,"CURRENT_ASSETS_TDAYS":0.18630176628,"TOTAL_ASSETS_TDAYS":0.0359593866,"PREMIUM_EXPENSE":null,"LOAN_DEPOSIT":null,"LOAN_EQUITY":null,"LOAN_ASSETS":null,"DEPOSIT_EQUITY":null,"DEPOSIT_ASSETS":null,"EQUITY_MULTIPLIER":2.1581494196,"EQUITY_RATIO":1.153379945203},{"SECUCODE":"00764.HK","SECURITY_CODE":"00764","SECURITY_NAME_ABBR":"永恒策略","ORG_CODE":"10009108","STD_REPORT_DATE":"2023-12-31 00:00:00","REPORT_DATE":"2023-12-31 00:00:00","DATE_TYPE_CODE":"001","REPORT_TYPE":"2023年年报","PER_NETCASH_OPERATE":0.019881003815,"PER_OI":0.046666597026,"BPS":0.357601358969,"BASIC_EPS":-0.06751339,"DILUTED_EPS":-0.06751339,"OPERATE_INCOME":178248036.68,"OPERATE_INCOME_YOY":15.7527394278,"GROSS_PROFIT":88720750.44,"GROSS_PROFIT_YOY":23.050342332449,"HOLDER_PROFIT":-249348245.44,"HOLDER_PROFIT_YOY":-0.8725235728,"GROSS_PROFIT_RATIO":49.773760257049,"EPS_TTM":-0.065281134681,"OPERATE_INCOME_QOQ":22.91879749295,"NET_PROFIT_RATIO":-139.8883544999,"ROE_AVG":-16.643504649592,"GROSS_PROFIT_QOQ":46.768669429171,"ROA":-8.424684283309,"HOLDER_PROFIT_QOQ":-6.529626341949,"ROE_YEARLY":-16.643504649592,"ROIC_YEARLY":-8.478801839839,"TOTAL_ASSETS":2786239544.06,"TOTAL_LIABILITIES":1425485872.44,"TAX_EBT":-7.466137574404,"OCF_SALES":42.602214607461,"TOTAL_PARENT_EQUITY":1365896470.12,"DEBT_ASSET_RATIO":51.1616409823,"OPERATE_PROFIT":-171667973.26,"PRETAX_PROFIT":-232024943.92,"NETCASH_OPERATE":75937611.12,"NETCASH_INVEST":-37602692.68,"NETCASH_FINANCE":-52836250.88,"END_CASH":16637292.98,"DIVI_RATIO":null,"DIVIDEND_RATE":null,"CURRENT_RATIO":0.660515331924,"COMMON_ACS":10000000000,"CURRENTDEBT_DEBT":57.299482136704,"ISSUED_COMMON_SHARES":3819606486,"HK_COMMON_SHARES":3819606486,"PER_SHARES":10000,"TOTAL_MARKET_CAP":282650879.964,"HKSK_MARKET_CAP":282650879.964,"PE_TTM":-0.802734599881,"PB_TTM":0.206567669402,"REPORT_DATE_SQ":"2022-12-31 00:00:00","REPORT_TYPE_SQ":"2022年年报","OPERATE_INCOME_SQ":151789798.02,"DPS_HKD":null,"OPERATE_INCOME_QOQ_SQ":-14.93144226315,"NET_PROFIT_RATIO_SQ":-174.741036367,"HOLDER_PROFIT_SQ":-243659044.44,"HOLDER_PROFIT_QOQ_SQ":0.54517607395,"ROE_AVG_SQ":-13.663826840304,"PE_TTM_SQ":-0.711816341036,"PB_TTM_SQ":0.107337732039,"ROA_SQ":-7.515253839427,"START_DATE":"2023-01-01 00:00:00","FISCAL_YEAR":"12-31","CURRENCY":"HKD","IS_CNY_CODE":0,"DPS_HKD_LY":null,"ORG_TYPE":"一般企业","PREMIUM_INCOME":null,"PREMIUM_INCOME_YOY":null,"NET_INTEREST_INCOME":null,"NET_INTEREST_INCOME_YOY":null,"FEE_COMMISSION_INCOME":null,"FEE_COMMISSION_INCOME_YOY":null,"ACCOUNTS_RECE_TDAYS":5.560804602576,"INVENTORY_TDAYS":2.802291938503,"CURRENT_ASSETS_TDAYS":0.267022164059,"TOTAL_ASSETS_TDAYS":0.060224343287,"PREMIUM_EXPENSE":null,"LOAN_DEPOSIT":null,"LOAN_EQUITY":null,"LOAN_ASSETS":null,"DEPOSIT_EQUITY":null,"DEPOSIT_ASSETS":null,"EQUITY_MULTIPLIER":2.047570844134,"EQUITY_RATIO":1.04362658783},{"SECUCODE":"00764.HK","SECURITY_CODE":"00764","SECURITY_NAME_ABBR":"永恒策略","ORG_CODE":"10009108","STD_REPORT_DATE":"2023-06-30 00:00:00","REPORT_DATE":"2023-06-30 00:00:00","DATE_TYPE_CODE":"002","REPORT_TYPE":"2023年中报","PER_NETCASH_OPERATE":0.007224771316,"PER_OI":0.021791383679,"BPS":0.412297140617,"BASIC_EPS":-0.012723324,"DILUTED_EPS":-0.012723324,"OPERATE_INCOME":83234510.44,"OPERATE_INCOME_YOY":0.1668118093,"GROSS_PROFIT":40319107.38,"GROSS_PROFIT_YOY":27.260975962681,"HOLDER_PROFIT":-47044029.5,"HOLDER_PROFIT_YOY":22.9567108064,"GROSS_PROFIT_RATIO":43.002510255311,"EPS_TTM":-0.061279793164,"OPERATE_INCOME_QOQ":3.994998726311,"NET_PROFIT_RATIO":-62.4808669565,"ROE_AVG":-2.90968707677,"GROSS_PROFIT_QOQ":1.164567083539,"ROA":-1.499164918865,"HOLDER_PROFIT_QOQ":3.937612507695,"ROE_YEARLY":-5.819374153539,"ROIC_YEARLY":-3.032024477247,"TOTAL_ASSETS":3088313072.94,"TOTAL_LIABILITIES":1518643044.92,"TAX_EBT":2.531041069723,"OCF_SALES":36.650952060246,"TOTAL_PARENT_EQUITY":1574812832.46,"DEBT_ASSET_RATIO":49.1738696516,"OPERATE_PROFIT":-16585498.22,"PRETAX_PROFIT":-48265653,"NETCASH_OPERATE":27595783.38,"NETCASH_INVEST":-13290341.7,"NETCASH_FINANCE":3356929.18,"END_CASH":48143029.66,"DIVI_RATIO":null,"DIVIDEND_RATE":null,"CURRENT_RATIO":0.772529775083,"COMMON_ACS":10000000000,"CURRENTDEBT_DEBT":66.496211040376,"ISSUED_COMMON_SHARES":3819606486,"HK_COMMON_SHARES":3819606486,"PER_SHARES":10000,"TOTAL_MARKET_CAP":282650879.964,"HKSK_MARKET_CAP":282650879.964,"PE_TTM":-0.802734599881,"PB_TTM":0.206567669402,"REPORT_DATE_SQ":"2022-06-30 00:00:00","REPORT_TYPE_SQ":"2022年中报","OPERATE_INCOME_SQ":69722785.51,"DPS_HKD":null,"OPERATE_INCOME_QOQ_SQ":-26.336598223968,"NET_PROFIT_RATIO_SQ":-81.2361245692,"HOLDER_PROFIT_SQ":-56638378.51,"HOLDER_PROFIT_QOQ_SQ":-49.545126926885,"ROE_AVG_SQ":-3.119451650242,"PE_TTM_SQ":-0.711816341036,"PB_TTM_SQ":0.107337732039,"ROA_SQ":-1.756884195894,"START_DATE":"2023-01-01 00:00:00","FISCAL_YEAR":"12-31","CURRENCY":"HKD","IS_CNY_CODE":0,"DPS_HKD_LY":null,"ORG_TYPE":"一般企业","PREMIUM_INCOME":null,"PREMIUM_INCOME_YOY":null,"NET_INTEREST_INCOME":null,"NET_INTEREST_INCOME_YOY":null,"FEE_COMMISSION_INCOME":null,"FEE_COMMISSION_INCOME_YOY":null,"ACCOUNTS_RECE_TDAYS":2.756369742768,"INVENTORY_TDAYS":1.274963364696,"CURRENT_ASSETS_TDAYS":0.094736121648,"TOTAL_ASSETS_TDAYS":0.023993983949,"PREMIUM_EXPENSE":null,"LOAN_DEPOSIT":null,"LOAN_EQUITY":null,"LOAN_ASSETS":null,"DEPOSIT_EQUITY":null,"DEPOSIT_ASSETS":null,"EQUITY_MULTIPLIER":1.967491904548,"EQUITY_RATIO":0.964332404218},{"SECUCODE":"00764.HK","SECURITY_CODE":"00764","SECURITY_NAME_ABBR":"永恒策略","ORG_CODE":"10009108","STD_REPORT_DATE":"2022-12-31 00:00:00","REPORT_DATE":"2022-12-31 00:00:00","DATE_TYPE_CODE":"001","REPORT_TYPE":"2022年年报","PER_NETCASH_OPERATE":0.054514962238,"PER_OI":0.039739642965,"BPS":0.420762523993,"BASIC_EPS":-0.065566018,"DILUTED_EPS":-0.065566018,"OPERATE_INCOME":151789798.02,"OPERATE_INCOME_YOY":-42.6439843477,"GROSS_PROFIT":72101181.32,"GROSS_PROFIT_YOY":-49.148083607317,"HOLDER_PROFIT":-243659044.44,"HOLDER_PROFIT_YOY":-36.1307548347,"GROSS_PROFIT_RATIO":42.851835006374,"EPS_TTM":-0.06379166161,"OPERATE_INCOME_QOQ":-14.93144226315,"NET_PROFIT_RATIO":-174.741036367,"ROE_AVG":-13.663826840304,"GROSS_PROFIT_QOQ":-28.354061702338,"ROA":-7.515253839427,"HOLDER_PROFIT_QOQ":0.54517607395,"ROE_YEARLY":-13.663826840304,"ROIC_YEARLY":-7.58451920807,"TOTAL_ASSETS":3088454226.9,"TOTAL_LIABILITIES":1486449516.58,"TAX_EBT":9.561527112378,"OCF_SALES":149.327687488389,"TOTAL_PARENT_EQUITY":1607147265.71,"DEBT_ASSET_RATIO":48.12923901,"OPERATE_PROFIT":-214869845.61,"PRETAX_PROFIT":-269423631.05,"NETCASH_OPERATE":208225703.35,"NETCASH_INVEST":-177878641.64,"NETCASH_FINANCE":-36850067.31,"END_CASH":31054531.55,"DIVI_RATIO":null,"DIVIDEND_RATE":null,"CURRENT_RATIO":0.783982153972,"COMMON_ACS":10000000000,"CURRENTDEBT_DEBT":67.293549367989,"ISSUED_COMMON_SHARES":3819606486,"HK_COMMON_SHARES":3819606486,"PER_SHARES":10000,"TOTAL_MARKET_CAP":282650879.964,"HKSK_MARKET_CAP":282650879.964,"PE_TTM":-0.802734599881,"PB_TTM":0.206567669402,"REPORT_DATE_SQ":"2021-12-31 00:00:00","REPORT_TYPE_SQ":"2021年年报","OPERATE_INCOME_SQ":222522104,"DPS_HKD":null,"OPERATE_INCOME_QOQ_SQ":-5.47251070725,"NET_PROFIT_RATIO_SQ":-73.6608307461,"HOLDER_PROFIT_SQ":-163826600,"HOLDER_PROFIT_QOQ_SQ":-269.478740817967,"ROE_AVG_SQ":-8.784326000531,"PE_TTM_SQ":-0.711816341036,"PB_TTM_SQ":0.107337732039,"ROA_SQ":-5.243633679162,"START_DATE":"2022-01-01 00:00:00","FISCAL_YEAR":"12-31","CURRENCY":"HKD","IS_CNY_CODE":0,"DPS_HKD_LY":null,"ORG_TYPE":"一般企业","PREMIUM_INCOME":null,"PREMIUM_INCOME_YOY":null,"NET_INTEREST_INCOME":null,"NET_INTEREST_INCOME_YOY":null,"FEE_COMMISSION_INCOME":null,"FEE_COMMISSION_INCOME_YOY":null,"ACCOUNTS_RECE_TDAYS":5.019896308769,"INVENTORY_TDAYS":2.463343918266,"CURRENT_ASSETS_TDAYS":0.154072174666,"TOTAL_ASSETS_TDAYS":0.043008581163,"PREMIUM_EXPENSE":null,"LOAN_DEPOSIT":null,"LOAN_EQUITY":null,"LOAN_ASSETS":null,"DEPOSIT_EQUITY":null,"DEPOSIT_ASSETS":null,"EQUITY_MULTIPLIER":1.927868380787,"EQUITY_RATIO":0.924899384328},{"SECUCODE":"00764.HK","SECURITY_CODE":"00764","SECURITY_NAME_ABBR":"永恒策略","ORG_CODE":"10009108","STD_REPORT_DATE":"2022-06-30 00:00:00","REPORT_DATE":"2022-06-30 00:00:00","DATE_TYPE_CODE":"002","REPORT_TYPE":"2022年中报","PER_NETCASH_OPERATE":0.024587454382,"PER_OI":0.018253918503,"BPS":0.459600706121,"BASIC_EPS":-0.015222382,"DILUTED_EPS":-0.015222382,"OPERATE_INCOME":69722785.51,"OPERATE_INCOME_YOY":-47.1363267953,"GROSS_PROFIT":31682223.93,"GROSS_PROFIT_YOY":-64.823976458628,"HOLDER_PROFIT":-56638378.51,"HOLDER_PROFIT_YOY":-324.657394844,"GROSS_PROFIT_RATIO":45.440272786371,"EPS_TTM":-0.064141344876,"OPERATE_INCOME_QOQ":-26.336598223968,"NET_PROFIT_RATIO":-81.2361245692,"ROE_AVG":-3.119451650242,"GROSS_PROFIT_QOQ":-41.178405702,"ROA":-1.756884195894,"HOLDER_PROFIT_QOQ":-49.545126926885,"ROE_YEARLY":-6.238903300484,"ROIC_YEARLY":-3.562524718649,"TOTAL_ASSETS":3196429979.96,"TOTAL_LIABILITIES":1446076688.98,"TAX_EBT":1.827641408751,"OCF_SALES":134.696856333329,"TOTAL_PARENT_EQUITY":1755493838.07,"DEBT_ASSET_RATIO":45.2403680996,"OPERATE_PROFIT":-33185647.95,"PRETAX_PROFIT":-57694538.16,"NETCASH_OPERATE":93914400.23,"NETCASH_INVEST":-63415759.26,"NETCASH_FINANCE":-7575273.02,"END_CASH":61495002.52,"DIVI_RATIO":null,"DIVIDEND_RATE":null,"CURRENT_RATIO":1.065820663102,"COMMON_ACS":10000000000,"CURRENTDEBT_DEBT":64.143477422644,"ISSUED_COMMON_SHARES":3819606486,"HK_COMMON_SHARES":3819606486,"PER_SHARES":10000,"TOTAL_MARKET_CAP":282650879.964,"HKSK_MARKET_CAP":282650879.964,"PE_TTM":-0.802734599881,"PB_TTM":0.206567669402,"REPORT_DATE_SQ":"2021-06-30 00:00:00","REPORT_TYPE_SQ":"2021年中报","OPERATE_INCOME_SQ":128327538,"DPS_HKD":null,"OPERATE_INCOME_QOQ_SQ":26.127947758399,"NET_PROFIT_RATIO_SQ":19.0520343654,"HOLDER_PROFIT_SQ":24529718.4,"HOLDER_PROFIT_QOQ_SQ":181.5382345819,"ROE_AVG_SQ":1.23153506794,"PE_TTM_SQ":-0.711816341036,"PB_TTM_SQ":0.107337732039,"ROA_SQ":0.757368867669,"START_DATE":"2022-01-01 00:00:00","FISCAL_YEAR":"12-31","CURRENCY":"HKD","IS_CNY_CODE":0,"DPS_HKD_LY":null,"ORG_TYPE":"一般企业","PREMIUM_INCOME":null,"PREMIUM_INCOME_YOY":null,"NET_INTEREST_INCOME":null,"NET_INTEREST_INCOME_YOY":null,"FEE_COMMISSION_INCOME":null,"FEE_COMMISSION_INCOME_YOY":null,"ACCOUNTS_RECE_TDAYS":2.461773053928,"INVENTORY_TDAYS":1.230194836622,"CURRENT_ASSETS_TDAYS":0.070757021764,"TOTAL_ASSETS_TDAYS":0.021627536518,"PREMIUM_EXPENSE":null,"LOAN_DEPOSIT":null,"LOAN_EQUITY":null,"LOAN_ASSETS":null,"DEPOSIT_EQUITY":null,"DEPOSIT_ASSETS":null,"EQUITY_MULTIPLIER":1.826162750361,"EQUITY_RATIO":0.823743528812},{"SECUCODE":"00764.HK","SECURITY_CODE":"00764","SECURITY_NAME_ABBR":"永恒策略","ORG_CODE":"10009108","STD_REPORT_DATE":"2021-12-31 00:00:00","REPORT_DATE":"2021-12-31 00:00:00","DATE_TYPE_CODE":"001","REPORT_TYPE":"2021年年报","PER_NETCASH_OPERATE":0.051350569835,"PER_OI":0.058257861069,"BPS":0.469513858502,"BASIC_EPS":-0.042924,"DILUTED_EPS":-0.042924,"OPERATE_INCOME":222522104,"OPERATE_INCOME_YOY":22.7311877415,"GROSS_PROFIT":141786556.8,"GROSS_PROFIT_YOY":22.861048803678,"HOLDER_PROFIT":-163826600,"HOLDER_PROFIT_YOY":-42.2531911571,"GROSS_PROFIT_RATIO":63.717965204931,"EPS_TTM":-0.042890962878,"OPERATE_INCOME_QOQ":-5.47251070725,"NET_PROFIT_RATIO":-73.6608307461,"ROE_AVG":-8.784326000531,"GROSS_PROFIT_QOQ":-11.606289437192,"ROA":-5.243633679162,"HOLDER_PROFIT_QOQ":-269.478740817967,"ROE_YEARLY":-8.784326000531,"ROIC_YEARLY":-5.30289416945,"TOTAL_ASSETS":3108258473.6,"TOTAL_LIABILITIES":1320038910.4,"TAX_EBT":17.979339265623,"OCF_SALES":88.143589366744,"TOTAL_PARENT_EQUITY":1793358179.2,"DEBT_ASSET_RATIO":42.4687625438,"OPERATE_PROFIT":-152617304,"PRETAX_PROFIT":-199841880,"NETCASH_OPERATE":196138969.6,"NETCASH_INVEST":-96296110.4,"NETCASH_FINANCE":-108819289.6,"END_CASH":35623649.6,"DIVI_RATIO":null,"DIVIDEND_RATE":null,"CURRENT_RATIO":1.148768167405,"COMMON_ACS":10000000000,"CURRENTDEBT_DEBT":61.92084502663,"ISSUED_COMMON_SHARES":3819606486,"HK_COMMON_SHARES":3819606486,"PER_SHARES":10000,"TOTAL_MARKET_CAP":282650879.964,"HKSK_MARKET_CAP":282650879.964,"PE_TTM":-0.802734599881,"PB_TTM":0.206567669402,"REPORT_DATE_SQ":"2020-12-31 00:00:00","REPORT_TYPE_SQ":"2020年年报","OPERATE_INCOME_SQ":186639561.48,"DPS_HKD":null,"OPERATE_INCOME_QOQ_SQ":5.13951173222,"NET_PROFIT_RATIO_SQ":-63.5943848447,"HOLDER_PROFIT_SQ":-118551727.12,"HOLDER_PROFIT_QOQ_SQ":58.119475246794,"ROE_AVG_SQ":-5.878155286325,"PE_TTM_SQ":-0.711816341036,"PB_TTM_SQ":0.107337732039,"ROA_SQ":-3.670293714956,"START_DATE":"2021-01-01 00:00:00","FISCAL_YEAR":"12-31","CURRENCY":"HKD","IS_CNY_CODE":0,"DPS_HKD_LY":null,"ORG_TYPE":"一般企业","PREMIUM_INCOME":null,"PREMIUM_INCOME_YOY":null,"NET_INTEREST_INCOME":null,"NET_INTEREST_INCOME_YOY":null,"FEE_COMMISSION_INCOME":null,"FEE_COMMISSION_INCOME_YOY":null,"ACCOUNTS_RECE_TDAYS":8.45049212904,"INVENTORY_TDAYS":2.845775875733,"CURRENT_ASSETS_TDAYS":0.2283861212,"TOTAL_ASSETS_TDAYS":0.071223134637,"PREMIUM_EXPENSE":null,"LOAN_DEPOSIT":null,"LOAN_EQUITY":null,"LOAN_ASSETS":null,"DEPOSIT_EQUITY":null,"DEPOSIT_ASSETS":null,"EQUITY_MULTIPLIER":1.738186147589,"EQUITY_RATIO":0.736070978854},{"SECUCODE":"00764.HK","SECURITY_CODE":"00764","SECURITY_NAME_ABBR":"永恒策略","ORG_CODE":"10009108","STD_REPORT_DATE":"2021-06-30 00:00:00","REPORT_DATE":"2021-06-30 00:00:00","DATE_TYPE_CODE":"002","REPORT_TYPE":"2021年中报","PER_NETCASH_OPERATE":0.043711356375,"PER_OI":0.033597057307,"BPS":0.526935179364,"BASIC_EPS":0.006407016,"DILUTED_EPS":0.006407016,"OPERATE_INCOME":128327538,"OPERATE_INCOME_YOY":77.0625243967,"GROSS_PROFIT":90067667.52,"GROSS_PROFIT_YOY":99.847420630637,"HOLDER_PROFIT":24529718.4,"HOLDER_PROFIT_YOY":114.1216821472,"GROSS_PROFIT_RATIO":70.185767547415,"EPS_TTM":0.025307577028,"OPERATE_INCOME_QOQ":26.127947758399,"NET_PROFIT_RATIO":19.0520343654,"ROE_AVG":1.23153506794,"GROSS_PROFIT_QOQ":38.992975881897,"ROA":0.757368867669,"HOLDER_PROFIT_QOQ":181.5382345819,"ROE_YEARLY":2.46307013588,"ROIC_YEARLY":1.574803780544,"TOTAL_ASSETS":3281666106.48,"TOTAL_LIABILITIES":1274115011.28,"TAX_EBT":-170.686319668356,"OCF_SALES":130.104717134057,"TOTAL_PARENT_EQUITY":2012685028.8,"DEBT_ASSET_RATIO":38.8252482105,"OPERATE_PROFIT":33008613.6,"PRETAX_PROFIT":9032228.4,"NETCASH_OPERATE":166960180.32,"NETCASH_INVEST":40965794.64,"NETCASH_FINANCE":-47090735.52,"END_CASH":212162094.24,"DIVI_RATIO":null,"DIVIDEND_RATE":null,"CURRENT_RATIO":1.528662326132,"COMMON_ACS":10000000000,"CURRENTDEBT_DEBT":61.787791732327,"ISSUED_COMMON_SHARES":3819606486,"HK_COMMON_SHARES":3819606486,"PER_SHARES":10000,"TOTAL_MARKET_CAP":282650879.964,"HKSK_MARKET_CAP":282650879.964,"PE_TTM":-0.802734599881,"PB_TTM":0.206567669402,"REPORT_DATE_SQ":"2020-06-30 00:00:00","REPORT_TYPE_SQ":"2020年中报","OPERATE_INCOME_SQ":79562450.88,"DPS_HKD":null,"OPERATE_INCOME_QOQ_SQ":-0.315244924415,"NET_PROFIT_RATIO_SQ":-239.909531354,"HOLDER_PROFIT_SQ":-190686994.08,"HOLDER_PROFIT_QOQ_SQ":-51.09172969277,"ROE_AVG_SQ":-9.045350022726,"PE_TTM_SQ":-0.711816341036,"PB_TTM_SQ":0.107337732039,"ROA_SQ":-5.59109108593,"START_DATE":"2021-01-01 00:00:00","FISCAL_YEAR":"12-31","CURRENCY":"HKD","IS_CNY_CODE":0,"DPS_HKD_LY":null,"ORG_TYPE":"一般企业","PREMIUM_INCOME":null,"PREMIUM_INCOME_YOY":null,"NET_INTEREST_INCOME":null,"NET_INTEREST_INCOME_YOY":null,"FEE_COMMISSION_INCOME":null,"FEE_COMMISSION_INCOME_YOY":null,"ACCOUNTS_RECE_TDAYS":5.225486209934,"INVENTORY_TDAYS":1.352223267851,"CURRENT_ASSETS_TDAYS":0.115041085836,"TOTAL_ASSETS_TDAYS":0.039621849938,"PREMIUM_EXPENSE":null,"LOAN_DEPOSIT":null,"LOAN_EQUITY":null,"LOAN_ASSETS":null,"DEPOSIT_EQUITY":null,"DEPOSIT_ASSETS":null,"EQUITY_MULTIPLIER":1.634661311649,"EQUITY_RATIO":0.633042424944},{"SECUCODE":"00764.HK","SECURITY_CODE":"00764","SECURITY_NAME_ABBR":"永恒策略","ORG_CODE":"10009108","STD_REPORT_DATE":"2020-12-31 00:00:00","REPORT_DATE":"2020-12-31 00:00:00","DATE_TYPE_CODE":"001","REPORT_TYPE":"2020年年报","PER_NETCASH_OPERATE":0.025304243951,"PER_OI":0.048863557585,"BPS":0.521928070692,"BASIC_EPS":-0.031056516,"DILUTED_EPS":-0.031056516,"OPERATE_INCOME":186639561.48,"OPERATE_INCOME_YOY":11.5500311878,"GROSS_PROFIT":115403993.52,"GROSS_PROFIT_YOY":0.924185832175,"HOLDER_PROFIT":-118551727.12,"HOLDER_PROFIT_YOY":32.6515194982,"GROSS_PROFIT_RATIO":61.832546435964,"EPS_TTM":-0.031037680859,"OPERATE_INCOME_QOQ":5.13951173222,"NET_PROFIT_RATIO":-63.5943848447,"ROE_AVG":-5.878155286325,"GROSS_PROFIT_QOQ":7.915407112864,"ROA":-3.670293714956,"HOLDER_PROFIT_QOQ":58.119475246794,"ROE_YEARLY":-5.878155286325,"ROIC_YEARLY":-3.760036036637,"TOTAL_ASSETS":3232667700.6,"TOTAL_LIABILITIES":1244161063.12,"TAX_EBT":20.131730965272,"OCF_SALES":51.785512971406,"TOTAL_PARENT_EQUITY":1993559844.04,"DEBT_ASSET_RATIO":38.4871313216,"OPERATE_PROFIT":-102927522.16,"PRETAX_PROFIT":-148610058.08,"NETCASH_OPERATE":96652254.32,"NETCASH_INVEST":-122460303.28,"NETCASH_FINANCE":-42884924.56,"END_CASH":45553765,"DIVI_RATIO":null,"DIVIDEND_RATE":null,"CURRENT_RATIO":1.367525588823,"COMMON_ACS":10000000000,"CURRENTDEBT_DEBT":61.087509758107,"ISSUED_COMMON_SHARES":3819606486,"HK_COMMON_SHARES":3819606486,"PER_SHARES":10000,"TOTAL_MARKET_CAP":282650879.964,"HKSK_MARKET_CAP":282650879.964,"PE_TTM":-0.802734599881,"PB_TTM":0.206567669402,"REPORT_DATE_SQ":"2019-12-31 00:00:00","REPORT_TYPE_SQ":"2019年年报","OPERATE_INCOME_SQ":178077480.88,"DPS_HKD":null,"OPERATE_INCOME_QOQ_SQ":11.85880980294,"NET_PROFIT_RATIO_SQ":-106.6953057406,"HOLDER_PROFIT_SQ":-187350595.44,"HOLDER_PROFIT_QOQ_SQ":56.405284694192,"ROE_AVG_SQ":-8.234764899447,"PE_TTM_SQ":-0.711816341036,"PB_TTM_SQ":0.107337732039,"ROA_SQ":-5.358750854648,"START_DATE":"2020-01-01 00:00:00","FISCAL_YEAR":"12-31","CURRENCY":"HKD","IS_CNY_CODE":0,"DPS_HKD_LY":null,"ORG_TYPE":"一般企业","PREMIUM_INCOME":null,"PREMIUM_INCOME_YOY":null,"NET_INTEREST_INCOME":null,"NET_INTEREST_INCOME_YOY":null,"FEE_COMMISSION_INCOME":null,"FEE_COMMISSION_INCOME_YOY":null,"ACCOUNTS_RECE_TDAYS":6.389034544354,"INVENTORY_TDAYS":2.435374345399,"CURRENT_ASSETS_TDAYS":0.191404215248,"TOTAL_ASSETS_TDAYS":0.05778254152,"PREMIUM_EXPENSE":null,"LOAN_DEPOSIT":null,"LOAN_EQUITY":null,"LOAN_ASSETS":null,"DEPOSIT_EQUITY":null,"DEPOSIT_ASSETS":null,"EQUITY_MULTIPLIER":1.625676092637,"EQUITY_RATIO":0.624090150511},{"SECUCODE":"00764.HK","SECURITY_CODE":"00764","SECURITY_NAME_ABBR":"永恒策略","ORG_CODE":"10009108","STD_REPORT_DATE":"2020-06-30 00:00:00","REPORT_DATE":"2020-06-30 00:00:00","DATE_TYPE_CODE":"002","REPORT_TYPE":"2020年中报","PER_NETCASH_OPERATE":-0.006937837167,"PER_OI":0.020830012508,"BPS":0.524171282706,"BASIC_EPS":-0.049965168,"DILUTED_EPS":-0.049965168,"OPERATE_INCOME":79562450.88,"OPERATE_INCOME_YOY":-4.3728385574,"GROSS_PROFIT":45068216.16,"GROSS_PROFIT_YOY":-14.116709697956,"HOLDER_PROFIT":-190686994.08,"HOLDER_PROFIT_YOY":-93.3687174642,"GROSS_PROFIT_RATIO":56.645082776515,"EPS_TTM":-0.074110057221,"OPERATE_INCOME_QOQ":-0.315244924415,"NET_PROFIT_RATIO":-239.909531354,"ROE_AVG":-9.045350022726,"GROSS_PROFIT_QOQ":-6.47842737912,"ROA":-5.59109108593,"HOLDER_PROFIT_QOQ":-51.09172969277,"ROE_YEARLY":-18.090700045453,"ROIC_YEARLY":-11.555406593446,"TOTAL_ASSETS":3318373148.64,"TOTAL_LIABILITIES":1321339372.32,"TAX_EBT":9.905924757051,"OCF_SALES":-33.306927510275,"TOTAL_PARENT_EQUITY":2002128031.2,"DEBT_ASSET_RATIO":39.8188905567,"OPERATE_PROFIT":-189171597.12,"PRETAX_PROFIT":-211865100.48,"NETCASH_OPERATE":-26499807.84,"NETCASH_INVEST":-631187.04,"NETCASH_FINANCE":4392732.96,"END_CASH":102023940.48,"DIVI_RATIO":null,"DIVIDEND_RATE":null,"CURRENT_RATIO":1.295494009139,"COMMON_ACS":10000000000,"CURRENTDEBT_DEBT":63.102216095781,"ISSUED_COMMON_SHARES":3819606486,"HK_COMMON_SHARES":3819606486,"PER_SHARES":10000,"TOTAL_MARKET_CAP":282650879.964,"HKSK_MARKET_CAP":282650879.964,"PE_TTM":-0.802734599881,"PB_TTM":0.206567669402,"REPORT_DATE_SQ":"2019-06-30 00:00:00","REPORT_TYPE_SQ":"2019年中报","OPERATE_INCOME_SQ":80123831.1,"DPS_HKD":null,"OPERATE_INCOME_QOQ_SQ":-3.374390406152,"NET_PROFIT_RATIO_SQ":-120.8881813691,"HOLDER_PROFIT_SQ":-94966334.28,"HOLDER_PROFIT_QOQ_SQ":16.31383398853,"ROE_AVG_SQ":-4.152897628754,"PE_TTM_SQ":-0.711816341036,"PB_TTM_SQ":0.107337732039,"ROA_SQ":-2.706451607242,"START_DATE":"2020-01-01 00:00:00","FISCAL_YEAR":"12-31","CURRENCY":"HKD","IS_CNY_CODE":0,"DPS_HKD_LY":null,"ORG_TYPE":"一般企业","PREMIUM_INCOME":null,"PREMIUM_INCOME_YOY":null,"NET_INTEREST_INCOME":null,"NET_INTEREST_INCOME_YOY":null,"FEE_COMMISSION_INCOME":null,"FEE_COMMISSION_INCOME_YOY":null,"ACCOUNTS_RECE_TDAYS":2.511157239232,"INVENTORY_TDAYS":0.759436902966,"CURRENT_ASSETS_TDAYS":0.076918831302,"TOTAL_ASSETS_TDAYS":0.023328329865,"PREMIUM_EXPENSE":null,"LOAN_DEPOSIT":null,"LOAN_EQUITY":null,"LOAN_ASSETS":null,"DEPOSIT_EQUITY":null,"DEPOSIT_ASSETS":null,"EQUITY_MULTIPLIER":1.661650988575,"EQUITY_RATIO":0.659967470476}],"count":47},"success":true,"message":"ok","code":0}