{"version":"c2d435199fca4367cdaefae5a7bec8ac","result":{"pages":6,"data":[{"SECUCODE":"00765.HK","SECURITY_CODE":"00765","SECURITY_NAME_ABBR":"PERFECTECH INTL","ORG_CODE":"10009109","STD_REPORT_DATE":"2024-06-30 00:00:00","REPORT_DATE":"2024-06-30 00:00:00","DATE_TYPE_CODE":"002","REPORT_TYPE":"2024年中报","PER_NETCASH_OPERATE":-0.063813193643,"PER_OI":0.191542874663,"BPS":0.123704017128,"BASIC_EPS":-0.04974106,"DILUTED_EPS":-0.04974106,"OPERATE_INCOME":62619887.48,"OPERATE_INCOME_YOY":-7.3525440207,"GROSS_PROFIT":13379888.8,"GROSS_PROFIT_YOY":-32.673974600135,"HOLDER_PROFIT":-16251180.08,"HOLDER_PROFIT_YOY":-73.784891665,"GROSS_PROFIT_RATIO":21.366836221597,"EPS_TTM":-0.105447515266,"OPERATE_INCOME_QOQ":-4.004879692549,"NET_PROFIT_RATIO":-28.3278191544,"ROE_AVG":-33.373317839337,"GROSS_PROFIT_QOQ":-14.274188828997,"ROA":-16.89173485118,"HOLDER_PROFIT_QOQ":-24.593026693666,"ROE_YEARLY":-66.746635678675,"ROIC_YEARLY":-54.985640613902,"TOTAL_ASSETS":86642537.76,"TOTAL_LIABILITIES":37853403,"TAX_EBT":-0.892857142857,"OCF_SALES":-33.315357595721,"TOTAL_PARENT_EQUITY":40441763.48,"DEBT_ASSET_RATIO":43.6891669827,"OPERATE_PROFIT":-17234136.44,"PRETAX_PROFIT":-17581867.52,"NETCASH_OPERATE":-20862039.44,"NETCASH_INVEST":-2576495.64,"NETCASH_FINANCE":-2135671.2,"END_CASH":15421553.96,"DIVI_RATIO":null,"DIVIDEND_RATE":null,"CURRENT_RATIO":2.34527465029,"COMMON_ACS":700000000,"CURRENTDEBT_DEBT":70.669077757685,"ISSUED_COMMON_SHARES":326923607,"HK_COMMON_SHARES":326923607,"PER_SHARES":2000,"TOTAL_MARKET_CAP":138942532.975,"HKSK_MARKET_CAP":138942532.975,"PE_TTM":-3.647551532474,"PB_TTM":3.13562169608,"REPORT_DATE_SQ":"2023-06-30 00:00:00","REPORT_TYPE_SQ":"2023年中报","OPERATE_INCOME_SQ":68278150.88,"DPS_HKD":null,"OPERATE_INCOME_QOQ_SQ":1.34697129272,"NET_PROFIT_RATIO_SQ":-14.5565517986,"HOLDER_PROFIT_SQ":-9446607.08,"HOLDER_PROFIT_QOQ_SQ":-59.829790130685,"ROE_AVG_SQ":-11.875014487379,"PE_TTM_SQ":-33.677261751215,"PB_TTM_SQ":4.288000190804,"ROA_SQ":-7.202761316265,"START_DATE":"2024-01-01 00:00:00","FISCAL_YEAR":"12-31","CURRENCY":"HKD","IS_CNY_CODE":0,"DPS_HKD_LY":null,"ORG_TYPE":"一般企业","PREMIUM_INCOME":null,"PREMIUM_INCOME_YOY":null,"NET_INTEREST_INCOME":null,"NET_INTEREST_INCOME_YOY":null,"FEE_COMMISSION_INCOME":null,"FEE_COMMISSION_INCOME_YOY":null,"ACCOUNTS_RECE_TDAYS":2.96818152322,"INVENTORY_TDAYS":2.561593428768,"CURRENT_ASSETS_TDAYS":0.867598616617,"TOTAL_ASSETS_TDAYS":0.650881062493,"PREMIUM_EXPENSE":null,"LOAN_DEPOSIT":null,"LOAN_EQUITY":null,"LOAN_ASSETS":null,"DEPOSIT_EQUITY":null,"DEPOSIT_ASSETS":null,"EQUITY_MULTIPLIER":1.775857231046,"EQUITY_RATIO":0.935997833495},{"SECUCODE":"00765.HK","SECURITY_CODE":"00765","SECURITY_NAME_ABBR":"PERFECTECH INTL","ORG_CODE":"10009109","STD_REPORT_DATE":"2023-12-31 00:00:00","REPORT_DATE":"2023-12-31 00:00:00","DATE_TYPE_CODE":"001","REPORT_TYPE":"2023年年报","PER_NETCASH_OPERATE":-0.052531462557,"PER_OI":0.432162823592,"BPS":0.172962148127,"BASIC_EPS":-0.084640948,"DILUTED_EPS":-0.084640948,"OPERATE_INCOME":141284229.1,"OPERATE_INCOME_YOY":-12.1454090545,"GROSS_PROFIT":45490431.56,"GROSS_PROFIT_YOY":-17.200658016091,"HOLDER_PROFIT":-27668709.04,"HOLDER_PROFIT_YOY":-347.3553113553,"GROSS_PROFIT_RATIO":32.197812770598,"EPS_TTM":-0.084633561014,"OPERATE_INCOME_QOQ":-12.056330980553,"NET_PROFIT_RATIO":-19.613226003,"ROE_AVG":-39.614648545201,"GROSS_PROFIT_QOQ":-18.292450335076,"ROA":-22.324343493059,"HOLDER_PROFIT_QOQ":-183.952543234577,"ROE_YEARLY":-39.614648545201,"ROIC_YEARLY":-44.83670112782,"TOTAL_ASSETS":105024554.46,"TOTAL_LIABILITIES":37365263.04,"TAX_EBT":-10.765775556039,"OCF_SALES":-12.155479298291,"TOTAL_PARENT_EQUITY":56545409.34,"DEBT_ASSET_RATIO":35.5776448966,"OPERATE_PROFIT":-24390005.08,"PRETAX_PROFIT":-25017109.32,"NETCASH_OPERATE":-17173775.22,"NETCASH_INVEST":-1236990.3,"NETCASH_FINANCE":-3837841.7,"END_CASH":38954772.92,"DIVI_RATIO":null,"DIVIDEND_RATE":null,"CURRENT_RATIO":3.027183480027,"COMMON_ACS":700000000,"CURRENTDEBT_DEBT":71.643383779589,"ISSUED_COMMON_SHARES":326923607,"HK_COMMON_SHARES":326923607,"PER_SHARES":2000,"TOTAL_MARKET_CAP":160192567.43,"HKSK_MARKET_CAP":160192567.43,"PE_TTM":-4.205412355088,"PB_TTM":3.615187367245,"REPORT_DATE_SQ":"2022-12-31 00:00:00","REPORT_TYPE_SQ":"2022年年报","OPERATE_INCOME_SQ":158517907.66,"DPS_HKD":null,"OPERATE_INCOME_QOQ_SQ":5.316683558317,"NET_PROFIT_RATIO_SQ":-3.3647398258,"HOLDER_PROFIT_SQ":-6096567.75,"HOLDER_PROFIT_QOQ_SQ":-115.441846527394,"ROE_AVG_SQ":-7.061598870144,"PE_TTM_SQ":-40.984592131195,"PB_TTM_SQ":5.218415326544,"ROA_SQ":-4.33769857285,"START_DATE":"2023-01-01 00:00:00","FISCAL_YEAR":"12-31","CURRENCY":"HKD","IS_CNY_CODE":0,"DPS_HKD_LY":null,"ORG_TYPE":"一般企业","PREMIUM_INCOME":null,"PREMIUM_INCOME_YOY":null,"NET_INTEREST_INCOME":null,"NET_INTEREST_INCOME_YOY":null,"FEE_COMMISSION_INCOME":null,"FEE_COMMISSION_INCOME_YOY":null,"ACCOUNTS_RECE_TDAYS":5.326261487479,"INVENTORY_TDAYS":5.821511179645,"CURRENT_ASSETS_TDAYS":1.440457161864,"TOTAL_ASSETS_TDAYS":1.139943918605,"PREMIUM_EXPENSE":null,"LOAN_DEPOSIT":null,"LOAN_EQUITY":null,"LOAN_ASSETS":null,"DEPOSIT_EQUITY":null,"DEPOSIT_ASSETS":null,"EQUITY_MULTIPLIER":1.552256198015,"EQUITY_RATIO":0.660801000048},{"SECUCODE":"00765.HK","SECURITY_CODE":"00765","SECURITY_NAME_ABBR":"PERFECTECH INTL","ORG_CODE":"10009109","STD_REPORT_DATE":"2023-06-30 00:00:00","REPORT_DATE":"2023-06-30 00:00:00","DATE_TYPE_CODE":"002","REPORT_TYPE":"2023年中报","PER_NETCASH_OPERATE":-0.051453993348,"PER_OI":0.208850475824,"BPS":0.227914821948,"BASIC_EPS":-0.028857974,"DILUTED_EPS":-0.028857974,"OPERATE_INCOME":68278150.88,"OPERATE_INCOME_YOY":-4.249899797,"GROSS_PROFIT":19873278.9,"GROSS_PROFIT_YOY":3.835732598438,"HOLDER_PROFIT":-9446607.08,"HOLDER_PROFIT_YOY":-51.098658015,"GROSS_PROFIT_RATIO":29.106351949876,"EPS_TTM":-0.029805530195,"OPERATE_INCOME_QOQ":1.34697129272,"NET_PROFIT_RATIO":-14.5565517986,"ROE_AVG":-11.875014487379,"GROSS_PROFIT_QOQ":1.336219631433,"ROA":-7.202761316265,"HOLDER_PROFIT_QOQ":-59.829790130685,"ROE_YEARLY":-23.750028974757,"ROIC_YEARLY":-28.219093193789,"TOTAL_ASSETS":116966070.72,"TOTAL_LIABILITIES":31634977.76,"TAX_EBT":-0.055689623167,"OCF_SALES":-24.636761369774,"TOTAL_PARENT_EQUITY":74510735.68,"DEBT_ASSET_RATIO":27.0462857864,"OPERATE_PROFIT":-9602421.7,"PRETAX_PROFIT":-9933412.52,"NETCASH_OPERATE":-16821525.1,"NETCASH_INVEST":-198225.7,"NETCASH_FINANCE":-3192816.74,"END_CASH":41896615.16,"DIVI_RATIO":null,"DIVIDEND_RATE":null,"CURRENT_RATIO":4.448383500557,"COMMON_ACS":700000000,"CURRENTDEBT_DEBT":65.356143623222,"ISSUED_COMMON_SHARES":326923607,"HK_COMMON_SHARES":326923607,"PER_SHARES":2000,"TOTAL_MARKET_CAP":160192567.43,"HKSK_MARKET_CAP":160192567.43,"PE_TTM":-4.205412355088,"PB_TTM":3.615187367245,"REPORT_DATE_SQ":"2022-06-30 00:00:00","REPORT_TYPE_SQ":"2022年中报","OPERATE_INCOME_SQ":66142960.17,"DPS_HKD":null,"OPERATE_INCOME_QOQ_SQ":-1.136736740977,"NET_PROFIT_RATIO_SQ":-8.7402867745,"HOLDER_PROFIT_SQ":-5799043.39,"HOLDER_PROFIT_QOQ_SQ":46.915606090848,"ROE_AVG_SQ":-6.958226016644,"PE_TTM_SQ":-40.984592131195,"PB_TTM_SQ":5.218415326544,"ROA_SQ":-4.295483123078,"START_DATE":"2023-01-01 00:00:00","FISCAL_YEAR":"12-31","CURRENCY":"HKD","IS_CNY_CODE":0,"DPS_HKD_LY":null,"ORG_TYPE":"一般企业","PREMIUM_INCOME":null,"PREMIUM_INCOME_YOY":null,"NET_INTEREST_INCOME":null,"NET_INTEREST_INCOME_YOY":null,"FEE_COMMISSION_INCOME":null,"FEE_COMMISSION_INCOME_YOY":null,"ACCOUNTS_RECE_TDAYS":2.444939665561,"INVENTORY_TDAYS":2.659220989718,"CURRENT_ASSETS_TDAYS":0.653056905264,"TOTAL_ASSETS_TDAYS":0.52060090966,"PREMIUM_EXPENSE":null,"LOAN_DEPOSIT":null,"LOAN_EQUITY":null,"LOAN_ASSETS":null,"DEPOSIT_EQUITY":null,"DEPOSIT_ASSETS":null,"EQUITY_MULTIPLIER":1.370732128966,"EQUITY_RATIO":0.4245693922},{"SECUCODE":"00765.HK","SECURITY_CODE":"00765","SECURITY_NAME_ABBR":"PERFECTECH INTL","ORG_CODE":"10009109","STD_REPORT_DATE":"2022-12-31 00:00:00","REPORT_DATE":"2022-12-31 00:00:00","DATE_TYPE_CODE":"001","REPORT_TYPE":"2022年年报","PER_NETCASH_OPERATE":0.026730588501,"PER_OI":0.484877519597,"BPS":0.250687727057,"BASIC_EPS":-0.018669343,"DILUTED_EPS":-0.018669343,"OPERATE_INCOME":158517907.66,"OPERATE_INCOME_YOY":-4.7005815983,"GROSS_PROFIT":54940571.35,"GROSS_PROFIT_YOY":18.122226134553,"HOLDER_PROFIT":-6096567.75,"HOLDER_PROFIT_YOY":-4.6779141104,"GROSS_PROFIT_RATIO":34.658905205739,"EPS_TTM":-0.018648294646,"OPERATE_INCOME_QOQ":5.316683558317,"NET_PROFIT_RATIO":-3.3647398258,"ROE_AVG":-7.061598870144,"GROSS_PROFIT_QOQ":19.327116060237,"ROA":-4.33769857285,"HOLDER_PROFIT_QOQ":-115.441846527394,"ROE_YEARLY":-7.061598870144,"ROIC_YEARLY":-8.831978880894,"TOTAL_ASSETS":140813296.26,"TOTAL_LIABILITIES":45645203.73,"TAX_EBT":-2.629769680303,"OCF_SALES":5.512853745675,"TOTAL_PARENT_EQUITY":81955735.96,"DEBT_ASSET_RATIO":32.4154074525,"OPERATE_PROFIT":-4537811.6,"PRETAX_PROFIT":-5197044.86,"NETCASH_OPERATE":8738860.41,"NETCASH_INVEST":800369.92,"NETCASH_FINANCE":-3645434.87,"END_CASH":60115284.46,"DIVI_RATIO":null,"DIVIDEND_RATE":null,"CURRENT_RATIO":3.258431865398,"COMMON_ACS":700000000,"CURRENTDEBT_DEBT":76.300906084268,"ISSUED_COMMON_SHARES":326923607,"HK_COMMON_SHARES":326923607,"PER_SHARES":2000,"TOTAL_MARKET_CAP":160192567.43,"HKSK_MARKET_CAP":160192567.43,"PE_TTM":-4.205412355088,"PB_TTM":3.615187367245,"REPORT_DATE_SQ":"2021-12-31 00:00:00","REPORT_TYPE_SQ":"2021年年报","OPERATE_INCOME_SQ":152246113.6,"DPS_HKD":null,"OPERATE_INCOME_QOQ_SQ":9.46238747007,"NET_PROFIT_RATIO_SQ":-2.613701661,"HOLDER_PROFIT_SQ":-5330752,"HOLDER_PROFIT_QOQ_SQ":64.619080029125,"ROE_AVG_SQ":-6.270014521046,"PE_TTM_SQ":-40.984592131195,"PB_TTM_SQ":5.218415326544,"ROA_SQ":-3.450995336922,"START_DATE":"2022-01-01 00:00:00","FISCAL_YEAR":"12-31","CURRENCY":"HKD","IS_CNY_CODE":0,"DPS_HKD_LY":null,"ORG_TYPE":"一般企业","PREMIUM_INCOME":null,"PREMIUM_INCOME_YOY":null,"NET_INTEREST_INCOME":null,"NET_INTEREST_INCOME_YOY":null,"FEE_COMMISSION_INCOME":null,"FEE_COMMISSION_INCOME_YOY":null,"ACCOUNTS_RECE_TDAYS":5.05974766555,"INVENTORY_TDAYS":7.765663195258,"CURRENT_ASSETS_TDAYS":1.431973241988,"TOTAL_ASSETS_TDAYS":1.127852473759,"PREMIUM_EXPENSE":null,"LOAN_DEPOSIT":null,"LOAN_EQUITY":null,"LOAN_ASSETS":null,"DEPOSIT_EQUITY":null,"DEPOSIT_ASSETS":null,"EQUITY_MULTIPLIER":1.479627178779,"EQUITY_RATIO":0.556949470288},{"SECUCODE":"00765.HK","SECURITY_CODE":"00765","SECURITY_NAME_ABBR":"PERFECTECH INTL","ORG_CODE":"10009109","STD_REPORT_DATE":"2022-06-30 00:00:00","REPORT_DATE":"2022-06-30 00:00:00","DATE_TYPE_CODE":"002","REPORT_TYPE":"2022年中报","PER_NETCASH_OPERATE":0.039737697162,"PER_OI":0.20231931483,"BPS":0.244204642126,"BASIC_EPS":-0.017702433,"DILUTED_EPS":-0.017702433,"OPERATE_INCOME":66142960.17,"OPERATE_INCOME_YOY":-5.1832146228,"GROSS_PROFIT":19139152.2,"GROSS_PROFIT_YOY":-2.395073360665,"HOLDER_PROFIT":-5799043.39,"HOLDER_PROFIT_YOY":32.0200501253,"GROSS_PROFIT_RATIO":28.936038167643,"EPS_TTM":-0.008655836805,"OPERATE_INCOME_QOQ":-1.136736740977,"NET_PROFIT_RATIO":-8.7402867745,"ROE_AVG":-6.958226016644,"GROSS_PROFIT_QOQ":-1.009736902613,"ROA":-4.295483123078,"HOLDER_PROFIT_QOQ":46.915606090848,"ROE_YEARLY":-13.916452033288,"ROIC_YEARLY":-17.896306462042,"TOTAL_ASSETS":135703259.58,"TOTAL_LIABILITIES":43561668.22,"TAX_EBT":-16.071428571429,"OCF_SALES":19.64107934784,"TOTAL_PARENT_EQUITY":79836262.45,"DEBT_ASSET_RATIO":32.1006793461,"OPERATE_PROFIT":-4653943.98,"PRETAX_PROFIT":-4980626.56,"NETCASH_OPERATE":12991191.29,"NETCASH_INVEST":167617.24,"NETCASH_FINANCE":-3006848.04,"END_CASH":61346199.46,"DIVI_RATIO":null,"DIVIDEND_RATE":null,"CURRENT_RATIO":3.304828496042,"COMMON_ACS":700000000,"CURRENTDEBT_DEBT":74.404177627704,"ISSUED_COMMON_SHARES":326923607,"HK_COMMON_SHARES":326923607,"PER_SHARES":2000,"TOTAL_MARKET_CAP":160192567.43,"HKSK_MARKET_CAP":160192567.43,"PE_TTM":-4.205412355088,"PB_TTM":3.615187367245,"REPORT_DATE_SQ":"2021-06-30 00:00:00","REPORT_TYPE_SQ":"2021年中报","OPERATE_INCOME_SQ":67873597.68,"DPS_HKD":null,"OPERATE_INCOME_QOQ_SQ":1.983524421505,"NET_PROFIT_RATIO_SQ":-11.5617069792,"HOLDER_PROFIT_SQ":-8299998,"HOLDER_PROFIT_QOQ_SQ":-13.294392902221,"ROE_AVG_SQ":-9.787183940188,"PE_TTM_SQ":-40.984592131195,"PB_TTM_SQ":5.218415326544,"ROA_SQ":-5.218128222096,"START_DATE":"2022-01-01 00:00:00","FISCAL_YEAR":"12-31","CURRENCY":"HKD","IS_CNY_CODE":0,"DPS_HKD_LY":null,"ORG_TYPE":"一般企业","PREMIUM_INCOME":null,"PREMIUM_INCOME_YOY":null,"NET_INTEREST_INCOME":null,"NET_INTEREST_INCOME_YOY":null,"FEE_COMMISSION_INCOME":null,"FEE_COMMISSION_INCOME_YOY":null,"ACCOUNTS_RECE_TDAYS":2.425990401807,"INVENTORY_TDAYS":3.310126772863,"CURRENT_ASSETS_TDAYS":0.628648993542,"TOTAL_ASSETS_TDAYS":0.489935925657,"PREMIUM_EXPENSE":null,"LOAN_DEPOSIT":null,"LOAN_EQUITY":null,"LOAN_ASSETS":null,"DEPOSIT_EQUITY":null,"DEPOSIT_ASSETS":null,"EQUITY_MULTIPLIER":1.472768785268,"EQUITY_RATIO":0.545637619838},{"SECUCODE":"00765.HK","SECURITY_CODE":"00765","SECURITY_NAME_ABBR":"PERFECTECH INTL","ORG_CODE":"10009109","STD_REPORT_DATE":"2021-12-31 00:00:00","REPORT_DATE":"2021-12-31 00:00:00","DATE_TYPE_CODE":"001","REPORT_TYPE":"2021年年报","PER_NETCASH_OPERATE":-0.012314382669,"PER_OI":0.465693239461,"BPS":0.253967886755,"BASIC_EPS":-0.01627024,"DILUTED_EPS":-0.01627024,"OPERATE_INCOME":152246113.6,"OPERATE_INCOME_YOY":14.9159780549,"GROSS_PROFIT":46511628.8,"GROSS_PROFIT_YOY":2.108370086771,"HOLDER_PROFIT":-5330752,"HOLDER_PROFIT_YOY":58.7367888108,"GROSS_PROFIT_RATIO":30.550289725097,"EPS_TTM":-0.016305803209,"OPERATE_INCOME_QOQ":9.46238747007,"NET_PROFIT_RATIO":-2.613701661,"ROE_AVG":-6.270014521046,"GROSS_PROFIT_QOQ":9.986696781519,"ROA":-3.450995336922,"HOLDER_PROFIT_QOQ":64.619080029125,"ROE_YEARLY":-6.270014521046,"ROIC_YEARLY":-5.824288713207,"TOTAL_ASSETS":128399992,"TOTAL_LIABILITIES":31751496,"TAX_EBT":-43.781388478582,"OCF_SALES":-2.644312097567,"TOTAL_PARENT_EQUITY":83028097.6,"DEBT_ASSET_RATIO":24.72858098,"OPERATE_PROFIT":-2012113.6,"PRETAX_PROFIT":-2767576,"NETCASH_OPERATE":-4025862.4,"NETCASH_INVEST":31966524.8,"NETCASH_FINANCE":-26011944,"END_CASH":50186740.8,"DIVI_RATIO":null,"DIVIDEND_RATE":null,"CURRENT_RATIO":4.723860170486,"COMMON_ACS":700000000,"CURRENTDEBT_DEBT":65.85296768379,"ISSUED_COMMON_SHARES":326923607,"HK_COMMON_SHARES":326923607,"PER_SHARES":2000,"TOTAL_MARKET_CAP":160192567.43,"HKSK_MARKET_CAP":160192567.43,"PE_TTM":-4.205412355088,"PB_TTM":3.615187367245,"REPORT_DATE_SQ":"2020-12-31 00:00:00","REPORT_TYPE_SQ":"2020年年报","OPERATE_INCOME_SQ":136380187.24,"DPS_HKD":null,"OPERATE_INCOME_QOQ_SQ":0.630689770499,"NET_PROFIT_RATIO_SQ":-8.102270413,"HOLDER_PROFIT_SQ":-13298753.64,"HOLDER_PROFIT_QOQ_SQ":59.12622724808,"ROE_AVG_SQ":-13.983557085586,"PE_TTM_SQ":-40.984592131195,"PB_TTM_SQ":5.218415326544,"ROA_SQ":-7.121096038578,"START_DATE":"2021-01-01 00:00:00","FISCAL_YEAR":"12-31","CURRENCY":"HKD","IS_CNY_CODE":0,"DPS_HKD_LY":null,"ORG_TYPE":"一般企业","PREMIUM_INCOME":null,"PREMIUM_INCOME_YOY":null,"NET_INTEREST_INCOME":null,"NET_INTEREST_INCOME_YOY":null,"FEE_COMMISSION_INCOME":null,"FEE_COMMISSION_INCOME_YOY":null,"ACCOUNTS_RECE_TDAYS":6.56354311697,"INVENTORY_TDAYS":7.772515551282,"CURRENT_ASSETS_TDAYS":1.228122475226,"TOTAL_ASSETS_TDAYS":0.985603209637,"PREMIUM_EXPENSE":null,"LOAN_DEPOSIT":null,"LOAN_EQUITY":null,"LOAN_ASSETS":null,"DEPOSIT_EQUITY":null,"DEPOSIT_ASSETS":null,"EQUITY_MULTIPLIER":1.328525505457,"EQUITY_RATIO":0.382418686177},{"SECUCODE":"00765.HK","SECURITY_CODE":"00765","SECURITY_NAME_ABBR":"PERFECTECH INTL","ORG_CODE":"10009109","STD_REPORT_DATE":"2021-06-30 00:00:00","REPORT_DATE":"2021-06-30 00:00:00","DATE_TYPE_CODE":"002","REPORT_TYPE":"2021年中报","PER_NETCASH_OPERATE":-0.004156281807,"PER_OI":0.207613020983,"BPS":0.247938880718,"BASIC_EPS":-0.02537844,"DILUTED_EPS":-0.02537844,"OPERATE_INCOME":67873597.68,"OPERATE_INCOME_YOY":14.3347723705,"GROSS_PROFIT":19608797.28,"GROSS_PROFIT_YOY":-14.265829383933,"HOLDER_PROFIT":-8299998,"HOLDER_PROFIT_YOY":-39.4909802825,"GROSS_PROFIT_RATIO":28.890169300364,"EPS_TTM":-0.046086430828,"OPERATE_INCOME_QOQ":1.983524421505,"NET_PROFIT_RATIO":-11.5617069792,"ROE_AVG":-9.787183940188,"GROSS_PROFIT_QOQ":-7.162981456201,"ROA":-5.218128222096,"HOLDER_PROFIT_QOQ":-13.294392902221,"ROE_YEARLY":-19.574367880376,"ROIC_YEARLY":-18.24617241947,"TOTAL_ASSETS":134384248.32,"TOTAL_LIABILITIES":40654596.72,"TAX_EBT":-15.110460148908,"OCF_SALES":-2.001936962891,"TOTAL_PARENT_EQUITY":81057073.2,"DEBT_ASSET_RATIO":30.252501486,"OPERATE_PROFIT":-6372900.72,"PRETAX_PROFIT":-6817231.44,"NETCASH_OPERATE":-1358786.64,"NETCASH_INVEST":36957665.28,"NETCASH_FINANCE":-25682149.2,"END_CASH":60313318.8,"DIVI_RATIO":null,"DIVIDEND_RATE":null,"CURRENT_RATIO":3.497272597458,"COMMON_ACS":700000000,"CURRENTDEBT_DEBT":71.665404531407,"ISSUED_COMMON_SHARES":326923607,"HK_COMMON_SHARES":326923607,"PER_SHARES":2000,"TOTAL_MARKET_CAP":160192567.43,"HKSK_MARKET_CAP":160192567.43,"PE_TTM":-4.205412355088,"PB_TTM":3.615187367245,"REPORT_DATE_SQ":"2020-06-30 00:00:00","REPORT_TYPE_SQ":"2020年中报","OPERATE_INCOME_SQ":65168463.36,"DPS_HKD":null,"OPERATE_INCOME_QOQ_SQ":6.592564047333,"NET_PROFIT_RATIO_SQ":-8.5305001121,"HOLDER_PROFIT_SQ":-6532009.44,"HOLDER_PROFIT_QOQ_SQ":34.006340891297,"ROE_AVG_SQ":-6.168749946085,"PE_TTM_SQ":-40.984592131195,"PB_TTM_SQ":5.218415326544,"ROA_SQ":-3.212243449512,"START_DATE":"2021-01-01 00:00:00","FISCAL_YEAR":"12-31","CURRENCY":"HKD","IS_CNY_CODE":0,"DPS_HKD_LY":null,"ORG_TYPE":"一般企业","PREMIUM_INCOME":null,"PREMIUM_INCOME_YOY":null,"NET_INTEREST_INCOME":null,"NET_INTEREST_INCOME_YOY":null,"FEE_COMMISSION_INCOME":null,"FEE_COMMISSION_INCOME_YOY":null,"ACCOUNTS_RECE_TDAYS":3.556306404499,"INVENTORY_TDAYS":3.045121663123,"CURRENT_ASSETS_TDAYS":0.535077764731,"TOTAL_ASSETS_TDAYS":0.426714724015,"PREMIUM_EXPENSE":null,"LOAN_DEPOSIT":null,"LOAN_EQUITY":null,"LOAN_ASSETS":null,"DEPOSIT_EQUITY":null,"DEPOSIT_ASSETS":null,"EQUITY_MULTIPLIER":1.433743175462,"EQUITY_RATIO":0.501555201971},{"SECUCODE":"00765.HK","SECURITY_CODE":"00765","SECURITY_NAME_ABBR":"PERFECTECH INTL","ORG_CODE":"10009109","STD_REPORT_DATE":"2020-12-31 00:00:00","REPORT_DATE":"2020-12-31 00:00:00","DATE_TYPE_CODE":"001","REPORT_TYPE":"2020年年报","PER_NETCASH_OPERATE":0.010498501321,"PER_OI":0.417162249284,"BPS":0.273977931854,"BASIC_EPS":-0.040651212,"DILUTED_EPS":-0.040651212,"OPERATE_INCOME":136380187.24,"OPERATE_INCOME_YOY":14.1648348551,"GROSS_PROFIT":45551240.08,"GROSS_PROFIT_YOY":66.500518342759,"HOLDER_PROFIT":-13298753.64,"HOLDER_PROFIT_YOY":71.2907445765,"GROSS_PROFIT_RATIO":33.400188841096,"EPS_TTM":-0.040678474589,"OPERATE_INCOME_QOQ":0.630689770499,"NET_PROFIT_RATIO":-8.102270413,"ROE_AVG":-13.983557085586,"GROSS_PROFIT_QOQ":5.193535844343,"ROA":-7.121096038578,"HOLDER_PROFIT_QOQ":59.12622724808,"ROE_YEARLY":-13.983557085586,"ROIC_YEARLY":-11.144063164502,"TOTAL_ASSETS":185848419.88,"TOTAL_LIABILITIES":82422646.84,"TAX_EBT":-63.989507869098,"OCF_SALES":2.516647021433,"TOTAL_PARENT_EQUITY":89569853.72,"DEBT_ASSET_RATIO":44.3493933891,"OPERATE_PROFIT":-4522973.36,"PRETAX_PROFIT":-6738169.84,"NETCASH_OPERATE":3432207.92,"NETCASH_INVEST":9731883.32,"NETCASH_FINANCE":-23827670.04,"END_CASH":50049805.88,"DIVI_RATIO":null,"DIVIDEND_RATE":null,"CURRENT_RATIO":2.14012387678,"COMMON_ACS":700000000,"CURRENTDEBT_DEBT":87.047002481339,"ISSUED_COMMON_SHARES":326923607,"HK_COMMON_SHARES":326923607,"PER_SHARES":2000,"TOTAL_MARKET_CAP":160192567.43,"HKSK_MARKET_CAP":160192567.43,"PE_TTM":-4.205412355088,"PB_TTM":3.615187367245,"REPORT_DATE_SQ":"2019-12-31 00:00:00","REPORT_TYPE_SQ":"2019年年报","OPERATE_INCOME_SQ":127143430.08,"DPS_HKD":null,"OPERATE_INCOME_QOQ_SQ":-4.925200382681,"NET_PROFIT_RATIO_SQ":-40.3400124,"HOLDER_PROFIT_SQ":-49301939.64,"HOLDER_PROFIT_QOQ_SQ":-32.728795242629,"ROE_AVG_SQ":-39.612497390979,"PE_TTM_SQ":-40.984592131195,"PB_TTM_SQ":5.218415326544,"ROA_SQ":-25.9134664052,"START_DATE":"2020-01-01 00:00:00","FISCAL_YEAR":"12-31","CURRENCY":"HKD","IS_CNY_CODE":0,"DPS_HKD_LY":null,"ORG_TYPE":"一般企业","PREMIUM_INCOME":null,"PREMIUM_INCOME_YOY":null,"NET_INTEREST_INCOME":null,"NET_INTEREST_INCOME_YOY":null,"FEE_COMMISSION_INCOME":null,"FEE_COMMISSION_INCOME_YOY":null,"ACCOUNTS_RECE_TDAYS":8.206893058827,"INVENTORY_TDAYS":6.251462665817,"CURRENT_ASSETS_TDAYS":1.135910215698,"TOTAL_ASSETS_TDAYS":0.730276263013,"PREMIUM_EXPENSE":null,"LOAN_DEPOSIT":null,"LOAN_EQUITY":null,"LOAN_ASSETS":null,"DEPOSIT_EQUITY":null,"DEPOSIT_ASSETS":null,"EQUITY_MULTIPLIER":1.796925605846,"EQUITY_RATIO":0.920205218797},{"SECUCODE":"00765.HK","SECURITY_CODE":"00765","SECURITY_NAME_ABBR":"PERFECTECH INTL","ORG_CODE":"10009109","STD_REPORT_DATE":"2020-06-30 00:00:00","REPORT_DATE":"2020-06-30 00:00:00","DATE_TYPE_CODE":"002","REPORT_TYPE":"2020年中报","PER_NETCASH_OPERATE":-0.006515718151,"PER_OI":0.199338505891,"BPS":0.313701653243,"BASIC_EPS":-0.020004336,"DILUTED_EPS":-0.020004336,"OPERATE_INCOME":65168463.36,"OPERATE_INCOME_YOY":10.5166137402,"GROSS_PROFIT":22871624.16,"GROSS_PROFIT_YOY":230.165430583028,"HOLDER_PROFIT":-6532009.44,"HOLDER_PROFIT_YOY":72.9998112139,"GROSS_PROFIT_RATIO":35.096153846154,"EPS_TTM":-0.099522191984,"OPERATE_INCOME_QOQ":6.592564047333,"NET_PROFIT_RATIO":-8.5305001121,"ROE_AVG":-6.168749946085,"GROSS_PROFIT_QOQ":58.280180437259,"ROA":-3.212243449512,"HOLDER_PROFIT_QOQ":34.006340891297,"ROE_YEARLY":-12.33749989217,"ROIC_YEARLY":-10.194633240549,"TOTAL_ASSETS":203031222.24,"TOTAL_LIABILITIES":87051745.44,"TAX_EBT":-13.77827631333,"OCF_SALES":-3.268670105405,"TOTAL_PARENT_EQUITY":102556476,"DEBT_ASSET_RATIO":42.8760387095,"OPERATE_PROFIT":-3568810.08,"PRETAX_PROFIT":-4885990.56,"NETCASH_OPERATE":-2130142.08,"NETCASH_INVEST":-1138146.24,"NETCASH_FINANCE":-859547.04,"END_CASH":60001133.28,"DIVI_RATIO":null,"DIVIDEND_RATE":null,"CURRENT_RATIO":1.328110789081,"COMMON_ACS":700000000,"CURRENTDEBT_DEBT":86.528997597087,"ISSUED_COMMON_SHARES":326923607,"HK_COMMON_SHARES":326923607,"PER_SHARES":2000,"TOTAL_MARKET_CAP":160192567.43,"HKSK_MARKET_CAP":160192567.43,"PE_TTM":-4.205412355088,"PB_TTM":3.615187367245,"REPORT_DATE_SQ":"2019-06-30 00:00:00","REPORT_TYPE_SQ":"2019年中报","OPERATE_INCOME_SQ":56786451.3,"DPS_HKD":null,"OPERATE_INCOME_QOQ_SQ":5.076627416379,"NET_PROFIT_RATIO_SQ":-41.9905506932,"HOLDER_PROFIT_SQ":-23297795.1,"HOLDER_PROFIT_QOQ_SQ":-16.387936148112,"ROE_AVG_SQ":-17.296326530612,"PE_TTM_SQ":-40.984592131195,"PB_TTM_SQ":5.218415326544,"ROA_SQ":-11.98690198439,"START_DATE":"2020-01-01 00:00:00","FISCAL_YEAR":"12-31","CURRENCY":"HKD","IS_CNY_CODE":0,"DPS_HKD_LY":null,"ORG_TYPE":"一般企业","PREMIUM_INCOME":null,"PREMIUM_INCOME_YOY":null,"NET_INTEREST_INCOME":null,"NET_INTEREST_INCOME_YOY":null,"FEE_COMMISSION_INCOME":null,"FEE_COMMISSION_INCOME_YOY":null,"ACCOUNTS_RECE_TDAYS":3.944163418747,"INVENTORY_TDAYS":2.35882937266,"CURRENT_ASSETS_TDAYS":0.671823870351,"TOTAL_ASSETS_TDAYS":0.320478669643,"PREMIUM_EXPENSE":null,"LOAN_DEPOSIT":null,"LOAN_EQUITY":null,"LOAN_ASSETS":null,"DEPOSIT_EQUITY":null,"DEPOSIT_ASSETS":null,"EQUITY_MULTIPLIER":1.7505788769,"EQUITY_RATIO":0.848817635271}],"count":48},"success":true,"message":"ok","code":0}