{"version":"8cfe81433faced7d3f2b1565cc63d7ad","result":{"pages":6,"data":[{"SECUCODE":"00760.HK","SECURITY_CODE":"00760","SECURITY_NAME_ABBR":"新天地产集团","ORG_CODE":"10009106","STD_REPORT_DATE":"2024-06-30 00:00:00","REPORT_DATE":"2024-06-30 00:00:00","DATE_TYPE_CODE":"002","REPORT_TYPE":"2024年中报","PER_NETCASH_OPERATE":0.021260769169,"PER_OI":0.331030292541,"BPS":3.081350361646,"BASIC_EPS":-0.0969,"DILUTED_EPS":-0.0969,"OPERATE_INCOME":170367000,"OPERATE_INCOME_YOY":-58.7722694648,"GROSS_PROFIT":36362000,"GROSS_PROFIT_YOY":-57.972237312036,"HOLDER_PROFIT":-49845000,"HOLDER_PROFIT_YOY":-27.8339146492,"GROSS_PROFIT_RATIO":21.343335270328,"EPS_TTM":-0.086716036121,"OPERATE_INCOME_QOQ":-31.675605035397,"NET_PROFIT_RATIO":-29.2574266143,"ROE_AVG":-3.094714275204,"GROSS_PROFIT_QOQ":-26.578314274511,"ROA":-1.64207967109,"HOLDER_PROFIT_QOQ":-32.132283278067,"ROE_YEARLY":-6.189428550408,"ROIC_YEARLY":-3.419932280607,"TOTAL_ASSETS":2922250000,"TOTAL_LIABILITIES":1336212000,"TAX_EBT":-52.847198797952,"OCF_SALES":6.422605316757,"TOTAL_PARENT_EQUITY":1585838000,"DEBT_ASSET_RATIO":45.725451279,"OPERATE_PROFIT":-31601000,"PRETAX_PROFIT":-32611000,"NETCASH_OPERATE":10942000,"NETCASH_INVEST":49528000,"NETCASH_FINANCE":-58598000,"END_CASH":121360000,"DIVI_RATIO":null,"DIVIDEND_RATE":null,"CURRENT_RATIO":2.031363751986,"COMMON_ACS":50000000000,"CURRENTDEBT_DEBT":84.438472338222,"ISSUED_COMMON_SHARES":514656827,"HK_COMMON_SHARES":514656827,"PER_SHARES":30000,"TOTAL_MARKET_CAP":80286465.012,"HKSK_MARKET_CAP":80286465.012,"PE_TTM":-1.61888770631,"PB_TTM":0.046206391124,"REPORT_DATE_SQ":"2023-06-30 00:00:00","REPORT_TYPE_SQ":"2023年中报","OPERATE_INCOME_SQ":413234000,"DPS_HKD":null,"OPERATE_INCOME_QOQ_SQ":100.046720002318,"NET_PROFIT_RATIO_SQ":-9.4358160268,"HOLDER_PROFIT_SQ":-38992000,"HOLDER_PROFIT_QOQ_SQ":124.376724226014,"ROE_AVG_SQ":-2.362823583878,"PE_TTM_SQ":3.543227459506,"PB_TTM_SQ":0.032884483039,"ROA_SQ":-1.012753047032,"START_DATE":"2024-01-01 00:00:00","FISCAL_YEAR":"12-31","CURRENCY":"HKD","IS_CNY_CODE":0,"DPS_HKD_LY":null,"ORG_TYPE":"一般企业","PREMIUM_INCOME":null,"PREMIUM_INCOME_YOY":null,"NET_INTEREST_INCOME":null,"NET_INTEREST_INCOME_YOY":null,"FEE_COMMISSION_INCOME":null,"FEE_COMMISSION_INCOME_YOY":null,"ACCOUNTS_RECE_TDAYS":172.961421319797,"INVENTORY_TDAYS":0.06310450328,"CURRENT_ASSETS_TDAYS":0.07269002855,"TOTAL_ASSETS_TDAYS":0.056125225664,"PREMIUM_EXPENSE":null,"LOAN_DEPOSIT":null,"LOAN_EQUITY":null,"LOAN_ASSETS":null,"DEPOSIT_EQUITY":null,"DEPOSIT_ASSETS":null,"EQUITY_MULTIPLIER":1.842484227995,"EQUITY_RATIO":0.842590478977},{"SECUCODE":"00760.HK","SECURITY_CODE":"00760","SECURITY_NAME_ABBR":"新天地产集团","ORG_CODE":"10009106","STD_REPORT_DATE":"2023-12-31 00:00:00","REPORT_DATE":"2023-12-31 00:00:00","DATE_TYPE_CODE":"001","REPORT_TYPE":"2023年年报","PER_NETCASH_OPERATE":0.475831636058,"PER_OI":1.489792731342,"BPS":3.17776995116,"BASIC_EPS":-0.066,"DILUTED_EPS":-0.066,"OPERATE_INCOME":766732000,"OPERATE_INCOME_YOY":177.6877582729,"GROSS_PROFIT":188714000,"GROSS_PROFIT_YOY":91.346933809215,"HOLDER_PROFIT":-33776000,"HOLDER_PROFIT_YOY":13.7222846633,"GROSS_PROFIT_RATIO":24.612772128984,"EPS_TTM":-0.065628197719,"OPERATE_INCOME_QOQ":38.811452779462,"NET_PROFIT_RATIO":-4.4051898186,"ROE_AVG":-2.043687944292,"GROSS_PROFIT_QOQ":43.817159231203,"ROA":-0.940924374067,"HOLDER_PROFIT_QOQ":-453.93482133501,"ROE_YEARLY":-2.043687944292,"ROIC_YEARLY":-0.967405209627,"TOTAL_ASSETS":3148710000,"TOTAL_LIABILITIES":1513049000,"TAX_EBT":598.097625718921,"OCF_SALES":31.939452116254,"TOTAL_PARENT_EQUITY":1635461000,"DEBT_ASSET_RATIO":48.0529804269,"OPERATE_PROFIT":-13308000,"PRETAX_PROFIT":6781000,"NETCASH_OPERATE":244890000,"NETCASH_INVEST":134289000,"NETCASH_FINANCE":-336800000,"END_CASH":119260000,"DIVI_RATIO":null,"DIVIDEND_RATE":null,"CURRENT_RATIO":1.896082227474,"COMMON_ACS":50000000000,"CURRENTDEBT_DEBT":83.501724002329,"ISSUED_COMMON_SHARES":514656827,"HK_COMMON_SHARES":514656827,"PER_SHARES":30000,"TOTAL_MARKET_CAP":113224501.94,"HKSK_MARKET_CAP":113224501.94,"PE_TTM":-2.283046765309,"PB_TTM":0.065162859277,"REPORT_DATE_SQ":"2022-12-31 00:00:00","REPORT_TYPE_SQ":"2022年年报","OPERATE_INCOME_SQ":276113000,"DPS_HKD":null,"OPERATE_INCOME_QOQ_SQ":-8.572157045838,"NET_PROFIT_RATIO_SQ":-14.1782531065,"HOLDER_PROFIT_SQ":-39148000,"HOLDER_PROFIT_QOQ_SQ":-1510.36610448375,"ROE_AVG_SQ":-2.317599590092,"PE_TTM_SQ":5.330519186868,"PB_TTM_SQ":0.04947223112,"ROA_SQ":-0.948896351713,"START_DATE":"2023-01-01 00:00:00","FISCAL_YEAR":"12-31","CURRENCY":"HKD","IS_CNY_CODE":0,"DPS_HKD_LY":null,"ORG_TYPE":"一般企业","PREMIUM_INCOME":null,"PREMIUM_INCOME_YOY":null,"NET_INTEREST_INCOME":null,"NET_INTEREST_INCOME_YOY":null,"FEE_COMMISSION_INCOME":null,"FEE_COMMISSION_INCOME_YOY":null,"ACCOUNTS_RECE_TDAYS":428.821029082774,"INVENTORY_TDAYS":0.22852536345,"CURRENT_ASSETS_TDAYS":0.278076856191,"TOTAL_ASSETS_TDAYS":0.21359451302,"PREMIUM_EXPENSE":null,"LOAN_DEPOSIT":null,"LOAN_EQUITY":null,"LOAN_ASSETS":null,"DEPOSIT_EQUITY":null,"DEPOSIT_ASSETS":null,"EQUITY_MULTIPLIER":1.925038256705,"EQUITY_RATIO":0.925151379336},{"SECUCODE":"00760.HK","SECURITY_CODE":"00760","SECURITY_NAME_ABBR":"新天地产集团","ORG_CODE":"10009106","STD_REPORT_DATE":"2023-06-30 00:00:00","REPORT_DATE":"2023-06-30 00:00:00","DATE_TYPE_CODE":"002","REPORT_TYPE":"2023年中报","PER_NETCASH_OPERATE":0.021318283193,"PER_OI":0.040146557644,"BPS":3.168173265095,"BASIC_EPS":-0.0758,"DILUTED_EPS":-0.0758,"OPERATE_INCOME":413234000,"OPERATE_INCOME_YOY":201.6482714319,"GROSS_PROFIT":86519000,"GROSS_PROFIT_YOY":60.443208159481,"HOLDER_PROFIT":-38992000,"HOLDER_PROFIT_YOY":55.5307186114,"GROSS_PROFIT_RATIO":20.937047774385,"EPS_TTM":0.000927122646,"OPERATE_INCOME_QOQ":100.046720002318,"NET_PROFIT_RATIO":-9.4358160268,"ROE_AVG":-2.362823583878,"GROSS_PROFIT_QOQ":33.048750811162,"ROA":-1.012753047032,"HOLDER_PROFIT_QOQ":124.376724226014,"ROE_YEARLY":-4.725647167757,"ROIC_YEARLY":-2.066694245911,"TOTAL_ASSETS":3669586000,"TOTAL_LIABILITIES":2038864000,"TAX_EBT":-118.246949513042,"OCF_SALES":53.101148501817,"TOTAL_PARENT_EQUITY":1630522000,"DEBT_ASSET_RATIO":55.5611450447,"OPERATE_PROFIT":2178000,"PRETAX_PROFIT":-17866000,"NETCASH_OPERATE":219432000,"NETCASH_INVEST":-30336000,"NETCASH_FINANCE":-189766000,"END_CASH":76201000,"DIVI_RATIO":null,"DIVIDEND_RATE":null,"CURRENT_RATIO":1.660770819858,"COMMON_ACS":50000000000,"CURRENTDEBT_DEBT":82.12411421262,"ISSUED_COMMON_SHARES":514656827,"HK_COMMON_SHARES":514656827,"PER_SHARES":30000,"TOTAL_MARKET_CAP":82345092.32,"HKSK_MARKET_CAP":82345092.32,"PE_TTM":-1.660397647498,"PB_TTM":0.047391170383,"REPORT_DATE_SQ":"2022-06-30 00:00:00","REPORT_TYPE_SQ":"2022年中报","OPERATE_INCOME_SQ":136992000,"DPS_HKD":null,"OPERATE_INCOME_QOQ_SQ":-12.206969929533,"NET_PROFIT_RATIO_SQ":-64.0059273534,"HOLDER_PROFIT_SQ":-87683000,"HOLDER_PROFIT_QOQ_SQ":-101.482045967201,"ROE_AVG_SQ":-5.267532283407,"PE_TTM_SQ":3.919499402109,"PB_TTM_SQ":0.03637664053,"ROA_SQ":-2.131683863234,"START_DATE":"2023-01-01 00:00:00","FISCAL_YEAR":"12-31","CURRENCY":"HKD","IS_CNY_CODE":0,"DPS_HKD_LY":null,"ORG_TYPE":"一般企业","PREMIUM_INCOME":null,"PREMIUM_INCOME_YOY":null,"NET_INTEREST_INCOME":null,"NET_INTEREST_INCOME_YOY":null,"FEE_COMMISSION_INCOME":null,"FEE_COMMISSION_INCOME_YOY":null,"ACCOUNTS_RECE_TDAYS":178.079724197371,"INVENTORY_TDAYS":0.120602319467,"CURRENT_ASSETS_TDAYS":0.14008468799,"TOTAL_ASSETS_TDAYS":0.107330732621,"PREMIUM_EXPENSE":null,"LOAN_DEPOSIT":null,"LOAN_EQUITY":null,"LOAN_ASSETS":null,"DEPOSIT_EQUITY":null,"DEPOSIT_ASSETS":null,"EQUITY_MULTIPLIER":2.250283003479,"EQUITY_RATIO":1.250436363324},{"SECUCODE":"00760.HK","SECURITY_CODE":"00760","SECURITY_NAME_ABBR":"新天地产集团","ORG_CODE":"10009106","STD_REPORT_DATE":"2022-12-31 00:00:00","REPORT_DATE":"2022-12-31 00:00:00","DATE_TYPE_CODE":"001","REPORT_TYPE":"2022年年报","PER_NETCASH_OPERATE":-0.006486263895,"PER_OI":0.026824962299,"BPS":3.244756335468,"BASIC_EPS":-0.076,"DILUTED_EPS":-0.076,"OPERATE_INCOME":276113000,"OPERATE_INCOME_YOY":-19.7327263425,"GROSS_PROFIT":98624000,"GROSS_PROFIT_YOY":-26.324675227658,"HOLDER_PROFIT":-39148000,"HOLDER_PROFIT_YOY":-123.8663659087,"GROSS_PROFIT_RATIO":35.71870936899,"EPS_TTM":-0.00380331105,"OPERATE_INCOME_QOQ":-8.572157045838,"NET_PROFIT_RATIO":-14.1782531065,"ROE_AVG":-2.317599590092,"GROSS_PROFIT_QOQ":-9.640298316017,"ROA":-0.948896351713,"HOLDER_PROFIT_QOQ":-1510.36610448375,"ROE_YEARLY":-2.317599590092,"ROIC_YEARLY":-0.984637363301,"TOTAL_ASSETS":4030613000,"TOTAL_LIABILITIES":2360477000,"TAX_EBT":-2770.08797653959,"OCF_SALES":-24.179955308153,"TOTAL_PARENT_EQUITY":1669936000,"DEBT_ASSET_RATIO":58.5637221931,"OPERATE_PROFIT":37689000,"PRETAX_PROFIT":-1364000,"NETCASH_OPERATE":-66764000,"NETCASH_INVEST":78342000,"NETCASH_FINANCE":-157021000,"END_CASH":76860000,"DIVI_RATIO":null,"DIVIDEND_RATE":null,"CURRENT_RATIO":1.684859187265,"COMMON_ACS":50000000000,"CURRENTDEBT_DEBT":78.424064288701,"ISSUED_COMMON_SHARES":514656827,"HK_COMMON_SHARES":514656827,"PER_SHARES":30000,"TOTAL_MARKET_CAP":82345092.32,"HKSK_MARKET_CAP":82345092.32,"PE_TTM":-1.660397647498,"PB_TTM":0.047391170383,"REPORT_DATE_SQ":"2021-12-31 00:00:00","REPORT_TYPE_SQ":"2021年年报","OPERATE_INCOME_SQ":343992000,"DPS_HKD":null,"OPERATE_INCOME_QOQ_SQ":-16.740407981489,"NET_PROFIT_RATIO_SQ":47.6842484709,"HOLDER_PROFIT_SQ":164030000,"HOLDER_PROFIT_QOQ_SQ":116.933596074749,"ROE_AVG_SQ":9.494237791211,"PE_TTM_SQ":3.919499402109,"PB_TTM_SQ":0.03637664053,"ROA_SQ":3.865279583569,"START_DATE":"2022-01-01 00:00:00","FISCAL_YEAR":"12-31","CURRENCY":"HKD","IS_CNY_CODE":0,"DPS_HKD_LY":null,"ORG_TYPE":"一般企业","PREMIUM_INCOME":null,"PREMIUM_INCOME_YOY":null,"NET_INTEREST_INCOME":null,"NET_INTEREST_INCOME_YOY":null,"FEE_COMMISSION_INCOME":null,"FEE_COMMISSION_INCOME_YOY":null,"ACCOUNTS_RECE_TDAYS":75.751165980796,"INVENTORY_TDAYS":0.063932998388,"CURRENT_ASSETS_TDAYS":0.088367060961,"TOTAL_ASSETS_TDAYS":0.066926182273,"PREMIUM_EXPENSE":null,"LOAN_DEPOSIT":null,"LOAN_EQUITY":null,"LOAN_ASSETS":null,"DEPOSIT_EQUITY":null,"DEPOSIT_ASSETS":null,"EQUITY_MULTIPLIER":2.413344182748,"EQUITY_RATIO":1.413513452013},{"SECUCODE":"00760.HK","SECURITY_CODE":"00760","SECURITY_NAME_ABBR":"新天地产集团","ORG_CODE":"10009106","STD_REPORT_DATE":"2022-06-30 00:00:00","REPORT_DATE":"2022-06-30 00:00:00","DATE_TYPE_CODE":"002","REPORT_TYPE":"2022年中报","PER_NETCASH_OPERATE":-0.009251213126,"PER_OI":0.013309062722,"BPS":3.149283007568,"BASIC_EPS":-0.00852,"DILUTED_EPS":-0.00852,"OPERATE_INCOME":136992000,"OPERATE_INCOME_YOY":-23.4608873468,"GROSS_PROFIT":53925000,"GROSS_PROFIT_YOY":-31.429770351721,"HOLDER_PROFIT":-87683000,"HOLDER_PROFIT_YOY":-211.3039173373,"GROSS_PROFIT_RATIO":39.363612473721,"EPS_TTM":-0.000236176795,"OPERATE_INCOME_QOQ":-12.206969929533,"NET_PROFIT_RATIO":-64.0059273534,"ROE_AVG":-5.267532283407,"GROSS_PROFIT_QOQ":-18.464400170323,"ROA":-2.131683863234,"HOLDER_PROFIT_QOQ":-101.482045967201,"ROE_YEARLY":-10.535064566815,"ROIC_YEARLY":-4.455346436048,"TOTAL_ASSETS":4005985000,"TOTAL_LIABILITIES":2384985000,"TAX_EBT":-28.509035482405,"OCF_SALES":-69.51062835786,"TOTAL_PARENT_EQUITY":1620800000,"DEBT_ASSET_RATIO":59.5355449409,"OPERATE_PROFIT":-45095000,"PRETAX_PROFIT":-68231000,"NETCASH_OPERATE":-95224000,"NETCASH_INVEST":48834000,"NETCASH_FINANCE":-44008000,"END_CASH":131832000,"DIVI_RATIO":null,"DIVIDEND_RATE":null,"CURRENT_RATIO":1.675392533332,"COMMON_ACS":50000000000,"CURRENTDEBT_DEBT":75.40701513846,"ISSUED_COMMON_SHARES":514656827,"HK_COMMON_SHARES":514656827,"PER_SHARES":30000,"TOTAL_MARKET_CAP":82345092.32,"HKSK_MARKET_CAP":82345092.32,"PE_TTM":-1.660397647498,"PB_TTM":0.047391170383,"REPORT_DATE_SQ":"2021-06-30 00:00:00","REPORT_TYPE_SQ":"2021年中报","OPERATE_INCOME_SQ":178983000,"DPS_HKD":null,"OPERATE_INCOME_QOQ_SQ":18.64934408528,"NET_PROFIT_RATIO_SQ":44.0142359889,"HOLDER_PROFIT_SQ":78778000,"HOLDER_PROFIT_QOQ_SQ":174.962327001626,"ROE_AVG_SQ":4.675046911886,"PE_TTM_SQ":3.919499402109,"PB_TTM_SQ":0.03637664053,"ROA_SQ":1.885194980726,"START_DATE":"2022-01-01 00:00:00","FISCAL_YEAR":"12-31","CURRENCY":"HKD","IS_CNY_CODE":0,"DPS_HKD_LY":null,"ORG_TYPE":"一般企业","PREMIUM_INCOME":null,"PREMIUM_INCOME_YOY":null,"NET_INTEREST_INCOME":null,"NET_INTEREST_INCOME_YOY":null,"FEE_COMMISSION_INCOME":null,"FEE_COMMISSION_INCOME_YOY":null,"ACCOUNTS_RECE_TDAYS":32.578359096314,"INVENTORY_TDAYS":0.031041178225,"CURRENT_ASSETS_TDAYS":0.044598461003,"TOTAL_ASSETS_TDAYS":0.033304475872,"PREMIUM_EXPENSE":null,"LOAN_DEPOSIT":null,"LOAN_EQUITY":null,"LOAN_ASSETS":null,"DEPOSIT_EQUITY":null,"DEPOSIT_ASSETS":null,"EQUITY_MULTIPLIER":2.471304750155,"EQUITY_RATIO":1.47148630306},{"SECUCODE":"00760.HK","SECURITY_CODE":"00760","SECURITY_NAME_ABBR":"新天地产集团","ORG_CODE":"10009106","STD_REPORT_DATE":"2021-12-31 00:00:00","REPORT_DATE":"2021-12-31 00:00:00","DATE_TYPE_CODE":"001","REPORT_TYPE":"2021年年报","PER_NETCASH_OPERATE":0.002285600689,"PER_OI":0.033419550804,"BPS":3.319468256077,"BASIC_EPS":0.01594,"DILUTED_EPS":0.01594,"OPERATE_INCOME":343992000,"OPERATE_INCOME_YOY":-1.213040182,"GROSS_PROFIT":133863000,"GROSS_PROFIT_YOY":-19.779106838939,"HOLDER_PROFIT":164030000,"HOLDER_PROFIT_YOY":262.6184716659,"GROSS_PROFIT_RATIO":38.914567780646,"EPS_TTM":0.015935861643,"OPERATE_INCOME_QOQ":-16.740407981489,"NET_PROFIT_RATIO":47.6842484709,"ROE_AVG":9.494237791211,"GROSS_PROFIT_QOQ":-25.792449692333,"ROA":3.865279583569,"HOLDER_PROFIT_QOQ":116.933596074749,"ROE_YEARLY":9.494237791211,"ROIC_YEARLY":3.950494901663,"TOTAL_ASSETS":4220657000,"TOTAL_LIABILITIES":2512070000,"TAX_EBT":16.836933872104,"OCF_SALES":6.839112537501,"TOTAL_PARENT_EQUITY":1708387000,"DEBT_ASSET_RATIO":59.5184588561,"OPERATE_PROFIT":109801000,"PRETAX_PROFIT":197239000,"NETCASH_OPERATE":23526000,"NETCASH_INVEST":337786000,"NETCASH_FINANCE":-249024000,"END_CASH":222250000,"DIVI_RATIO":null,"DIVIDEND_RATE":null,"CURRENT_RATIO":1.536469610008,"COMMON_ACS":50000000000,"CURRENTDEBT_DEBT":81.100407233875,"ISSUED_COMMON_SHARES":514656827,"HK_COMMON_SHARES":514656827,"PER_SHARES":30000,"TOTAL_MARKET_CAP":82345092.32,"HKSK_MARKET_CAP":82345092.32,"PE_TTM":-1.660397647498,"PB_TTM":0.047391170383,"REPORT_DATE_SQ":"2020-12-31 00:00:00","REPORT_TYPE_SQ":"2020年年报","OPERATE_INCOME_SQ":348216000,"DPS_HKD":null,"OPERATE_INCOME_QOQ_SQ":-2.408838292541,"NET_PROFIT_RATIO_SQ":-54.6120798585,"HOLDER_PROFIT_SQ":-100868000,"HOLDER_PROFIT_QOQ_SQ":47.655151298139,"ROE_AVG_SQ":-5.611482655212,"PE_TTM_SQ":3.919499402109,"PB_TTM_SQ":0.03637664053,"ROA_SQ":-2.432883042865,"START_DATE":"2021-01-01 00:00:00","FISCAL_YEAR":"12-31","CURRENCY":"HKD","IS_CNY_CODE":0,"DPS_HKD_LY":null,"ORG_TYPE":"一般企业","PREMIUM_INCOME":null,"PREMIUM_INCOME_YOY":null,"NET_INTEREST_INCOME":null,"NET_INTEREST_INCOME_YOY":null,"FEE_COMMISSION_INCOME":null,"FEE_COMMISSION_INCOME_YOY":null,"ACCOUNTS_RECE_TDAYS":59.944584821818,"INVENTORY_TDAYS":0.083005498306,"CURRENT_ASSETS_TDAYS":0.107202124646,"TOTAL_ASSETS_TDAYS":0.081059882614,"PREMIUM_EXPENSE":null,"LOAN_DEPOSIT":null,"LOAN_EQUITY":null,"LOAN_ASSETS":null,"DEPOSIT_EQUITY":null,"DEPOSIT_ASSETS":null,"EQUITY_MULTIPLIER":2.470261684073,"EQUITY_RATIO":1.47043380686},{"SECUCODE":"00760.HK","SECURITY_CODE":"00760","SECURITY_NAME_ABBR":"新天地产集团","ORG_CODE":"10009106","STD_REPORT_DATE":"2021-06-30 00:00:00","REPORT_DATE":"2021-06-30 00:00:00","DATE_TYPE_CODE":"002","REPORT_TYPE":"2021年中报","PER_NETCASH_OPERATE":-0.000650724875,"PER_OI":0.017388577239,"BPS":3.153899676143,"BASIC_EPS":0.00765,"DILUTED_EPS":0.00765,"OPERATE_INCOME":178983000,"OPERATE_INCOME_YOY":56.9434336171,"GROSS_PROFIT":78642000,"GROSS_PROFIT_YOY":20.764742014742,"HOLDER_PROFIT":78778000,"HOLDER_PROFIT_YOY":180.6300727716,"GROSS_PROFIT_RATIO":43.938251118821,"EPS_TTM":0.007345962973,"OPERATE_INCOME_QOQ":18.64934408528,"NET_PROFIT_RATIO":44.0142359889,"ROE_AVG":4.675046911886,"GROSS_PROFIT_QOQ":8.103411079416,"ROA":1.885194980726,"HOLDER_PROFIT_QOQ":174.962327001626,"ROE_YEARLY":9.350093823773,"ROIC_YEARLY":3.856413248814,"TOTAL_ASSETS":4090846000,"TOTAL_LIABILITIES":2467470000,"TAX_EBT":32.665498525578,"OCF_SALES":-3.742254851019,"TOTAL_PARENT_EQUITY":1623176000,"DEBT_ASSET_RATIO":60.3168635534,"OPERATE_PROFIT":48750000,"PRETAX_PROFIT":116995000,"NETCASH_OPERATE":-6698000,"NETCASH_INVEST":243822000,"NETCASH_FINANCE":-121505000,"END_CASH":225599000,"DIVI_RATIO":null,"DIVIDEND_RATE":null,"CURRENT_RATIO":1.629775947602,"COMMON_ACS":50000000000,"CURRENTDEBT_DEBT":75.574860079353,"ISSUED_COMMON_SHARES":514656827,"HK_COMMON_SHARES":514656827,"PER_SHARES":30000,"TOTAL_MARKET_CAP":113224501.94,"HKSK_MARKET_CAP":113224501.94,"PE_TTM":-2.283046765309,"PB_TTM":0.065162859277,"REPORT_DATE_SQ":"2020-06-30 00:00:00","REPORT_TYPE_SQ":"2020年中报","OPERATE_INCOME_SQ":114043000,"DPS_HKD":null,"OPERATE_INCOME_QOQ_SQ":28.509686551199,"NET_PROFIT_RATIO_SQ":-141.7982690739,"HOLDER_PROFIT_SQ":-97703000,"HOLDER_PROFIT_QOQ_SQ":-93.000080124995,"ROE_AVG_SQ":-5.430282482736,"PE_TTM_SQ":5.330519186868,"PB_TTM_SQ":0.04947223112,"ROA_SQ":-2.382382323802,"START_DATE":"2021-01-01 00:00:00","FISCAL_YEAR":"12-31","CURRENCY":"HKD","IS_CNY_CODE":0,"DPS_HKD_LY":null,"ORG_TYPE":"一般企业","PREMIUM_INCOME":null,"PREMIUM_INCOME_YOY":null,"NET_INTEREST_INCOME":null,"NET_INTEREST_INCOME_YOY":null,"FEE_COMMISSION_INCOME":null,"FEE_COMMISSION_INCOME_YOY":null,"ACCOUNTS_RECE_TDAYS":29.107659782078,"INVENTORY_TDAYS":0.041053065693,"CURRENT_ASSETS_TDAYS":0.056581361373,"TOTAL_ASSETS_TDAYS":0.04283148255,"PREMIUM_EXPENSE":null,"LOAN_DEPOSIT":null,"LOAN_EQUITY":null,"LOAN_ASSETS":null,"DEPOSIT_EQUITY":null,"DEPOSIT_ASSETS":null,"EQUITY_MULTIPLIER":2.519962103665,"EQUITY_RATIO":1.520149386142},{"SECUCODE":"00760.HK","SECURITY_CODE":"00760","SECURITY_NAME_ABBR":"新天地产集团","ORG_CODE":"10009106","STD_REPORT_DATE":"2020-12-31 00:00:00","REPORT_DATE":"2020-12-31 00:00:00","DATE_TYPE_CODE":"001","REPORT_TYPE":"2020年年报","PER_NETCASH_OPERATE":0.002603482414,"PER_OI":0.033829921344,"BPS":3.394440544359,"BASIC_EPS":-0.0098,"DILUTED_EPS":-0.0098,"OPERATE_INCOME":348216000,"OPERATE_INCOME_YOY":25.4140960119,"GROSS_PROFIT":166868000,"GROSS_PROFIT_YOY":44.51324597944,"HOLDER_PROFIT":-100868000,"HOLDER_PROFIT_YOY":-1.0255999359,"GROSS_PROFIT_RATIO":47.920830748731,"EPS_TTM":-0.009799539671,"OPERATE_INCOME_QOQ":-2.408838292541,"NET_PROFIT_RATIO":-54.6120798585,"ROE_AVG":-5.611482655212,"GROSS_PROFIT_QOQ":-3.492070836177,"ROA":-2.432883042865,"HOLDER_PROFIT_QOQ":47.655151298139,"ROE_YEARLY":-5.611482655212,"ROIC_YEARLY":-2.467139517953,"TOTAL_ASSETS":4266698000,"TOTAL_LIABILITIES":2669088000,"TAX_EBT":-63.751593014845,"OCF_SALES":7.69579801043,"TOTAL_PARENT_EQUITY":1746972000,"DEBT_ASSET_RATIO":62.5562906022,"OPERATE_PROFIT":-101112000,"PRETAX_PROFIT":-116132000,"NETCASH_OPERATE":26798000,"NETCASH_INVEST":-2147000,"NETCASH_FINANCE":-109162000,"END_CASH":109999000,"DIVI_RATIO":null,"DIVIDEND_RATE":null,"CURRENT_RATIO":1.765324758525,"COMMON_ACS":50000000000,"CURRENTDEBT_DEBT":69.769112146171,"ISSUED_COMMON_SHARES":514656827,"HK_COMMON_SHARES":514656827,"PER_SHARES":30000,"TOTAL_MARKET_CAP":82345092.32,"HKSK_MARKET_CAP":82345092.32,"PE_TTM":-1.660397647498,"PB_TTM":0.047391170383,"REPORT_DATE_SQ":"2019-12-31 00:00:00","REPORT_TYPE_SQ":"2019年年报","OPERATE_INCOME_SQ":277653000,"DPS_HKD":null,"OPERATE_INCOME_QOQ_SQ":98.3504904237,"NET_PROFIT_RATIO_SQ":-68.8294381836,"HOLDER_PROFIT_SQ":-99844000,"HOLDER_PROFIT_QOQ_SQ":-614.958825635517,"ROE_AVG_SQ":-5.260522137539,"PE_TTM_SQ":3.919499402109,"PB_TTM_SQ":0.03637664053,"ROA_SQ":-2.611787153106,"START_DATE":"2020-01-01 00:00:00","FISCAL_YEAR":"12-31","CURRENCY":"HKD","IS_CNY_CODE":0,"DPS_HKD_LY":null,"ORG_TYPE":"一般企业","PREMIUM_INCOME":null,"PREMIUM_INCOME_YOY":null,"NET_INTEREST_INCOME":null,"NET_INTEREST_INCOME_YOY":null,"FEE_COMMISSION_INCOME":null,"FEE_COMMISSION_INCOME_YOY":null,"ACCOUNTS_RECE_TDAYS":53.252179232299,"INVENTORY_TDAYS":0.071808320552,"CURRENT_ASSETS_TDAYS":0.110713996156,"TOTAL_ASSETS_TDAYS":0.083987865493,"PREMIUM_EXPENSE":null,"LOAN_DEPOSIT":null,"LOAN_EQUITY":null,"LOAN_ASSETS":null,"DEPOSIT_EQUITY":null,"DEPOSIT_ASSETS":null,"EQUITY_MULTIPLIER":2.670675571632,"EQUITY_RATIO":1.527836736937},{"SECUCODE":"00760.HK","SECURITY_CODE":"00760","SECURITY_NAME_ABBR":"新天地产集团","ORG_CODE":"10009106","STD_REPORT_DATE":"2020-06-30 00:00:00","REPORT_DATE":"2020-06-30 00:00:00","DATE_TYPE_CODE":"002","REPORT_TYPE":"2020年中报","PER_NETCASH_OPERATE":-0.000410564844,"PER_OI":0.011079518804,"BPS":3.401033286983,"BASIC_EPS":-0.00949,"DILUTED_EPS":-0.00949,"OPERATE_INCOME":114043000,"OPERATE_INCOME_YOY":226.9112799197,"GROSS_PROFIT":65120000,"GROSS_PROFIT_YOY":747.585578550046,"HOLDER_PROFIT":-97703000,"HOLDER_PROFIT_YOY":-1915.3259075908,"GROSS_PROFIT_RATIO":57.101268819656,"EPS_TTM":-0.018721115667,"OPERATE_INCOME_QOQ":28.509686551199,"NET_PROFIT_RATIO":-141.7982690739,"ROE_AVG":-5.430282482736,"GROSS_PROFIT_QOQ":49.742355090977,"ROA":-2.382382323802,"HOLDER_PROFIT_QOQ":-93.000080124995,"ROE_YEARLY":-10.860564965471,"ROIC_YEARLY":-4.937063219756,"TOTAL_ASSETS":4176769000,"TOTAL_LIABILITIES":2550474000,"TAX_EBT":-9.786416467521,"OCF_SALES":-3.705619810072,"TOTAL_PARENT_EQUITY":1750365000,"DEBT_ASSET_RATIO":61.0633243064,"OPERATE_PROFIT":-106451000,"PRETAX_PROFIT":-147296000,"NETCASH_OPERATE":-4226000,"NETCASH_INVEST":-2520000,"NETCASH_FINANCE":67967000,"END_CASH":255809000,"DIVI_RATIO":null,"DIVIDEND_RATE":null,"CURRENT_RATIO":2.046621145693,"COMMON_ACS":50000000000,"CURRENTDEBT_DEBT":61.286215817138,"ISSUED_COMMON_SHARES":514656827,"HK_COMMON_SHARES":514656827,"PER_SHARES":30000,"TOTAL_MARKET_CAP":113224501.94,"HKSK_MARKET_CAP":113224501.94,"PE_TTM":-2.283046765309,"PB_TTM":0.065162859277,"REPORT_DATE_SQ":"2019-06-30 00:00:00","REPORT_TYPE_SQ":"2019年中报","OPERATE_INCOME_SQ":34885000,"DPS_HKD":null,"OPERATE_INCOME_QOQ_SQ":-49.767824077397,"NET_PROFIT_RATIO_SQ":-23.6233338111,"HOLDER_PROFIT_SQ":-4848000,"HOLDER_PROFIT_QOQ_SQ":-120.057450628366,"ROE_AVG_SQ":-0.249199533882,"PE_TTM_SQ":5.330519186868,"PB_TTM_SQ":0.04947223112,"ROA_SQ":-0.126743888588,"START_DATE":"2020-01-01 00:00:00","FISCAL_YEAR":"12-31","CURRENCY":"HKD","IS_CNY_CODE":0,"DPS_HKD_LY":null,"ORG_TYPE":"一般企业","PREMIUM_INCOME":null,"PREMIUM_INCOME_YOY":null,"NET_INTEREST_INCOME":null,"NET_INTEREST_INCOME_YOY":null,"FEE_COMMISSION_INCOME":null,"FEE_COMMISSION_INCOME_YOY":null,"ACCOUNTS_RECE_TDAYS":17.887695082739,"INVENTORY_TDAYS":0.018079887359,"CURRENT_ASSETS_TDAYS":0.036775993686,"TOTAL_ASSETS_TDAYS":0.027808156081,"PREMIUM_EXPENSE":null,"LOAN_DEPOSIT":null,"LOAN_EQUITY":null,"LOAN_ASSETS":null,"DEPOSIT_EQUITY":null,"DEPOSIT_ASSETS":null,"EQUITY_MULTIPLIER":2.568272668856,"EQUITY_RATIO":1.457109802813}],"count":48},"success":true,"message":"ok","code":0}