{"version":"37af75bc3408b46245fb3fe75478a94a","result":{"pages":9,"data":[{"SECUCODE":"00763.HK","SECURITY_CODE":"00763","SECURITY_NAME_ABBR":"中兴通讯","ORG_CODE":"10004144","STD_REPORT_DATE":"2024-09-30 00:00:00","REPORT_DATE":"2024-09-30 00:00:00","DATE_TYPE_CODE":"004","REPORT_TYPE":"2024年三季报","PER_NETCASH_OPERATE":1.682760094095,"PER_OI":18.824964386381,"BPS":15.117659368709,"BASIC_EPS":1.65,"DILUTED_EPS":1.65,"OPERATE_INCOME":90044542000,"OPERATE_INCOME_YOY":0.7283520784,"GROSS_PROFIT":36408598000,"GROSS_PROFIT_YOY":-6.738857310541,"HOLDER_PROFIT":7906403000,"HOLDER_PROFIT_YOY":0.8319808559,"GROSS_PROFIT_RATIO":40.433986548568,"EPS_TTM":1.963306696622,"OPERATE_INCOME_QOQ":-0.897545378169,"NET_PROFIT_RATIO":8.7146436927,"ROE_AVG":11.268769558553,"GROSS_PROFIT_QOQ":-3.32447377402,"ROA":3.946761756313,"HOLDER_PROFIT_QOQ":-2.034790986816,"ROE_YEARLY":15.025026078071,"ROIC_YEARLY":5.756764396741,"TOTAL_ASSETS":199694343000,"TOTAL_LIABILITIES":127058767000,"TAX_EBT":7.945420399451,"OCF_SALES":8.938981554262,"TOTAL_PARENT_EQUITY":72315851000,"DEBT_ASSET_RATIO":63.6266231137,"OPERATE_PROFIT":8358462000,"PRETAX_PROFIT":8524357000,"NETCASH_OPERATE":8049065000,"NETCASH_INVEST":-21397176000,"NETCASH_FINANCE":-5996925000,"END_CASH":31576058000,"DIVI_RATIO":0.345491446225,"DIVIDEND_RATE":2.60347826087,"CURRENT_RATIO":1.904757154631,"COMMON_ACS":null,"CURRENTDEBT_DEBT":57.848610320609,"ISSUED_COMMON_SHARES":4783534887,"HK_COMMON_SHARES":755502534,"PER_SHARES":200,"TOTAL_MARKET_CAP":137526628001.25,"HKSK_MARKET_CAP":21720697852.5,"PE_TTM":13.081251570881,"PB_TTM":1.714978613268,"REPORT_DATE_SQ":"2023-09-30 00:00:00","REPORT_TYPE_SQ":"2023年三季报","OPERATE_INCOME_SQ":89393443000,"DPS_HKD":0.7485,"OPERATE_INCOME_QOQ_SQ":-3.271991407815,"NET_PROFIT_RATIO_SQ":8.677163268,"HOLDER_PROFIT_SQ":7841166000,"HOLDER_PROFIT_QOQ_SQ":1.277988547866,"ROE_AVG_SQ":12.554562496969,"PE_TTM_SQ":7.043852694196,"PB_TTM_SQ":0.980214241203,"ROA_SQ":4.238338266043,"START_DATE":"2024-01-01 00:00:00","FISCAL_YEAR":"12-31","CURRENCY":"HKD","IS_CNY_CODE":0,"DPS_HKD_LY":0.7485,"ORG_TYPE":"一般企业","PREMIUM_INCOME":null,"PREMIUM_INCOME_YOY":null,"NET_INTEREST_INCOME":null,"NET_INTEREST_INCOME_YOY":null,"FEE_COMMISSION_INCOME":null,"FEE_COMMISSION_INCOME_YOY":null,"ACCOUNTS_RECE_TDAYS":3.800442676059,"INVENTORY_TDAYS":1.312068935698,"CURRENT_ASSETS_TDAYS":0.603298353967,"TOTAL_ASSETS_TDAYS":0.44948929966,"PREMIUM_EXPENSE":null,"LOAN_DEPOSIT":null,"LOAN_EQUITY":null,"LOAN_ASSETS":null,"DEPOSIT_EQUITY":null,"DEPOSIT_ASSETS":null,"EQUITY_MULTIPLIER":2.749263570237,"EQUITY_RATIO":1.756997466572},{"SECUCODE":"00763.HK","SECURITY_CODE":"00763","SECURITY_NAME_ABBR":"中兴通讯","ORG_CODE":"10004144","STD_REPORT_DATE":"2024-06-30 00:00:00","REPORT_DATE":"2024-06-30 00:00:00","DATE_TYPE_CODE":"002","REPORT_TYPE":"2024年中报","PER_NETCASH_OPERATE":1.463523070844,"PER_OI":13.063728160789,"BPS":14.716174055992,"BASIC_EPS":1.2,"DILUTED_EPS":1.2,"OPERATE_INCOME":62487098000,"OPERATE_INCOME_YOY":2.9360185293,"GROSS_PROFIT":25288745000,"GROSS_PROFIT_YOY":-3.608987701589,"HOLDER_PROFIT":5732446000,"HOLDER_PROFIT_YOY":4.7566835211,"GROSS_PROFIT_RATIO":40.470346374543,"EPS_TTM":2.004085692711,"OPERATE_INCOME_QOQ":0.275992696324,"NET_PROFIT_RATIO":9.138510481,"ROE_AVG":8.2836636976,"GROSS_PROFIT_QOQ":-1.610845925789,"ROA":2.820626903261,"HOLDER_PROFIT_QOQ":1.714506173986,"ROE_YEARLY":16.5673273952,"ROIC_YEARLY":8.946780222263,"TOTAL_ASSETS":205507776000,"TOTAL_LIABILITIES":134747078000,"TAX_EBT":9.029416539234,"OCF_SALES":11.202951047591,"TOTAL_PARENT_EQUITY":70395332000,"DEBT_ASSET_RATIO":65.5678732079,"OPERATE_PROFIT":6323488000,"PRETAX_PROFIT":6277183000,"NETCASH_OPERATE":7000399000,"NETCASH_INVEST":-11383397000,"NETCASH_FINANCE":1037207000,"END_CASH":47731875000,"DIVI_RATIO":0.338461410341,"DIVIDEND_RATE":3.882261410788,"CURRENT_RATIO":1.905278302193,"COMMON_ACS":null,"CURRENTDEBT_DEBT":59.058585300084,"ISSUED_COMMON_SHARES":4783534887,"HK_COMMON_SHARES":755502534,"PER_SHARES":200,"TOTAL_MARKET_CAP":92226552621.36,"HKSK_MARKET_CAP":14566088855.52,"PE_TTM":8.772401053446,"PB_TTM":1.150079570915,"REPORT_DATE_SQ":"2023-06-30 00:00:00","REPORT_TYPE_SQ":"2023年中报","OPERATE_INCOME_SQ":60704794000,"DPS_HKD":0.7485,"OPERATE_INCOME_QOQ_SQ":-0.262643797332,"NET_PROFIT_RATIO_SQ":8.8827449114,"HOLDER_PROFIT_SQ":5472153000,"HOLDER_PROFIT_QOQ_SQ":5.651567940155,"ROE_AVG_SQ":8.955437193545,"PE_TTM_SQ":8.005243399755,"PB_TTM_SQ":1.114000238989,"ROA_SQ":2.980956526631,"START_DATE":"2024-01-01 00:00:00","FISCAL_YEAR":"12-31","CURRENCY":"HKD","IS_CNY_CODE":0,"DPS_HKD_LY":0.7485,"ORG_TYPE":"一般企业","PREMIUM_INCOME":null,"PREMIUM_INCOME_YOY":null,"NET_INTEREST_INCOME":null,"NET_INTEREST_INCOME_YOY":null,"FEE_COMMISSION_INCOME":null,"FEE_COMMISSION_INCOME_YOY":null,"ACCOUNTS_RECE_TDAYS":2.683551163147,"INVENTORY_TDAYS":0.906264086011,"CURRENT_ASSETS_TDAYS":0.402978694506,"TOTAL_ASSETS_TDAYS":0.307465242107,"PREMIUM_EXPENSE":null,"LOAN_DEPOSIT":null,"LOAN_EQUITY":null,"LOAN_ASSETS":null,"DEPOSIT_EQUITY":null,"DEPOSIT_ASSETS":null,"EQUITY_MULTIPLIER":2.904264398299,"EQUITY_RATIO":1.914147915376},{"SECUCODE":"00763.HK","SECURITY_CODE":"00763","SECURITY_NAME_ABBR":"中兴通讯","ORG_CODE":"10004144","STD_REPORT_DATE":"2024-03-31 00:00:00","REPORT_DATE":"2024-03-31 00:00:00","DATE_TYPE_CODE":"003","REPORT_TYPE":"2024年一季报","PER_NETCASH_OPERATE":0.623550939685,"PER_OI":6.392785465614,"BPS":14.814794639126,"BASIC_EPS":0.57,"DILUTED_EPS":0.57,"OPERATE_INCOME":30578301000,"OPERATE_INCOME_YOY":4.9254531518,"GROSS_PROFIT":12849517000,"GROSS_PROFIT_YOY":-0.906343875007,"HOLDER_PROFIT":2740979000,"HOLDER_PROFIT_YOY":3.7358043409,"GROSS_PROFIT_RATIO":42.021683938555,"EPS_TTM":1.970304697034,"OPERATE_INCOME_QOQ":1.155258637287,"NET_PROFIT_RATIO":9.029883642,"ROE_AVG":3.947393301365,"GROSS_PROFIT_QOQ":-0.227760917509,"ROA":1.338940866506,"HOLDER_PROFIT_QOQ":1.058466806916,"ROE_YEARLY":15.789573205459,"ROIC_YEARLY":9.012777069853,"TOTAL_ASSETS":208466634000,"TOTAL_LIABILITIES":137217281000,"TAX_EBT":13.895751924119,"OCF_SALES":9.753978810006,"TOTAL_PARENT_EQUITY":70867087000,"DEBT_ASSET_RATIO":65.8221790064,"OPERATE_PROFIT":3143000000,"PRETAX_PROFIT":3206793000,"NETCASH_OPERATE":2982601000,"NETCASH_INVEST":-15060862000,"NETCASH_FINANCE":5958678000,"END_CASH":44943538000,"DIVI_RATIO":0.344264352118,"DIVIDEND_RATE":3.882261410788,"CURRENT_RATIO":1.955125730808,"COMMON_ACS":null,"CURRENTDEBT_DEBT":61.904984110566,"ISSUED_COMMON_SHARES":4783534887,"HK_COMMON_SHARES":755502534,"PER_SHARES":200,"TOTAL_MARKET_CAP":92226552621.36,"HKSK_MARKET_CAP":14566088855.52,"PE_TTM":8.772401053446,"PB_TTM":1.150079570915,"REPORT_DATE_SQ":"2023-03-31 00:00:00","REPORT_TYPE_SQ":"2023年一季报","OPERATE_INCOME_SQ":29142882000,"DPS_HKD":0.7485,"OPERATE_INCOME_QOQ_SQ":0.986228083321,"NET_PROFIT_RATIO_SQ":8.9688761736,"HOLDER_PROFIT_SQ":2642269000,"HOLDER_PROFIT_QOQ_SQ":5.267258187975,"ROE_AVG_SQ":4.410862460932,"PE_TTM_SQ":8.005243399755,"PB_TTM_SQ":1.114000238989,"ROA_SQ":1.448028995029,"START_DATE":"2024-01-01 00:00:00","FISCAL_YEAR":"12-31","CURRENCY":"HKD","IS_CNY_CODE":0,"DPS_HKD_LY":0.7485,"ORG_TYPE":"一般企业","PREMIUM_INCOME":null,"PREMIUM_INCOME_YOY":null,"NET_INTEREST_INCOME":null,"NET_INTEREST_INCOME_YOY":null,"FEE_COMMISSION_INCOME":null,"FEE_COMMISSION_INCOME_YOY":null,"ACCOUNTS_RECE_TDAYS":1.286563885201,"INVENTORY_TDAYS":0.428168022192,"CURRENT_ASSETS_TDAYS":0.188416835086,"TOTAL_ASSETS_TDAYS":0.149371946437,"PREMIUM_EXPENSE":null,"LOAN_DEPOSIT":null,"LOAN_EQUITY":null,"LOAN_ASSETS":null,"DEPOSIT_EQUITY":null,"DEPOSIT_ASSETS":null,"EQUITY_MULTIPLIER":2.925874063731,"EQUITY_RATIO":1.936262471181},{"SECUCODE":"00763.HK","SECURITY_CODE":"00763","SECURITY_NAME_ABBR":"中兴通讯","ORG_CODE":"10004144","STD_REPORT_DATE":"2023-12-31 00:00:00","REPORT_DATE":"2023-12-31 00:00:00","DATE_TYPE_CODE":"001","REPORT_TYPE":"2023年年报","PER_NETCASH_OPERATE":3.638884305117,"PER_OI":25.976237429547,"BPS":14.21716546582,"BASIC_EPS":1.96,"DILUTED_EPS":1.96,"OPERATE_INCOME":124250878000,"OPERATE_INCOME_YOY":1.0544232742,"GROSS_PROFIT":51600600000,"GROSS_PROFIT_YOY":12.84530014303,"HOLDER_PROFIT":9325753000,"HOLDER_PROFIT_YOY":15.4135214123,"GROSS_PROFIT_RATIO":41.529364484652,"EPS_TTM":1.949668107273,"OPERATE_INCOME_QOQ":3.724912689702,"NET_PROFIT_RATIO":7.4372504635,"ROE_AVG":14.726869733881,"GROSS_PROFIT_QOQ":2.943292052689,"ROA":4.883719619812,"HOLDER_PROFIT_QOQ":2.464250280449,"ROE_YEARLY":14.726869733881,"ROIC_YEARLY":7.588170719584,"TOTAL_ASSETS":200958318000,"TOTAL_LIABILITIES":132626873000,"TAX_EBT":9.431322122405,"OCF_SALES":14.008511875465,"TOTAL_PARENT_EQUITY":68008307000,"DEBT_ASSET_RATIO":65.9972049527,"OPERATE_PROFIT":9101948000,"PRETAX_PROFIT":10203140000,"NETCASH_OPERATE":17405699000,"NETCASH_INVEST":-20901353000,"NETCASH_FINANCE":7371590000,"END_CASH":51013167000,"DIVI_RATIO":0.347908276014,"DIVIDEND_RATE":3.882261410788,"CURRENT_RATIO":1.908993889878,"COMMON_ACS":null,"CURRENTDEBT_DEBT":62.604517562591,"ISSUED_COMMON_SHARES":4783534887,"HK_COMMON_SHARES":755502534,"PER_SHARES":200,"TOTAL_MARKET_CAP":92226552621.36,"HKSK_MARKET_CAP":14566088855.52,"PE_TTM":8.772401053446,"PB_TTM":1.150079570915,"REPORT_DATE_SQ":"2022-12-31 00:00:00","REPORT_TYPE_SQ":"2022年年报","OPERATE_INCOME_SQ":122954418000,"DPS_HKD":0.7485,"OPERATE_INCOME_QOQ_SQ":-0.244262557565,"NET_PROFIT_RATIO_SQ":6.3369906724,"HOLDER_PROFIT_SQ":8080295000,"HOLDER_PROFIT_QOQ_SQ":3.859499166134,"ROE_AVG_SQ":14.674999316221,"PE_TTM_SQ":8.005243399755,"PB_TTM_SQ":1.114000238989,"ROA_SQ":4.621047889068,"START_DATE":"2023-01-01 00:00:00","FISCAL_YEAR":"12-31","CURRENCY":"HKD","IS_CNY_CODE":0,"DPS_HKD_LY":0.45655,"ORG_TYPE":"一般企业","PREMIUM_INCOME":null,"PREMIUM_INCOME_YOY":null,"NET_INTEREST_INCOME":null,"NET_INTEREST_INCOME_YOY":null,"FEE_COMMISSION_INCOME":null,"FEE_COMMISSION_INCOME_YOY":null,"ACCOUNTS_RECE_TDAYS":5.350548585609,"INVENTORY_TDAYS":1.682376595978,"CURRENT_ASSETS_TDAYS":0.838461100248,"TOTAL_ASSETS_TDAYS":0.650678235492,"PREMIUM_EXPENSE":null,"LOAN_DEPOSIT":null,"LOAN_EQUITY":null,"LOAN_ASSETS":null,"DEPOSIT_EQUITY":null,"DEPOSIT_ASSETS":null,"EQUITY_MULTIPLIER":2.940934704365,"EQUITY_RATIO":1.950156956561},{"SECUCODE":"00763.HK","SECURITY_CODE":"00763","SECURITY_NAME_ABBR":"中兴通讯","ORG_CODE":"10004144","STD_REPORT_DATE":"2023-09-30 00:00:00","REPORT_DATE":"2023-09-30 00:00:00","DATE_TYPE_CODE":"004","REPORT_TYPE":"2023年三季报","PER_NETCASH_OPERATE":1.936344035999,"PER_OI":18.688855525548,"BPS":13.854236159144,"BASIC_EPS":1.65,"DILUTED_EPS":1.65,"OPERATE_INCOME":89393443000,"OPERATE_INCOME_YOY":-3.4200559161,"GROSS_PROFIT":39039408000,"GROSS_PROFIT_YOY":12.697148666941,"HOLDER_PROFIT":7841166000,"HOLDER_PROFIT_YOY":14.9732602286,"GROSS_PROFIT_RATIO":43.671444671842,"EPS_TTM":1.902780027167,"OPERATE_INCOME_QOQ":-3.271991407815,"NET_PROFIT_RATIO":8.677163268,"ROE_AVG":12.554562496969,"GROSS_PROFIT_QOQ":0.638945986477,"ROA":4.238338266043,"HOLDER_PROFIT_QOQ":1.277988547866,"ROE_YEARLY":16.739416662626,"ROIC_YEARLY":6.393608998619,"TOTAL_ASSETS":189057761000,"TOTAL_LIABILITIES":122262312000,"TAX_EBT":8.326789874366,"OCF_SALES":10.360955668751,"TOTAL_PARENT_EQUITY":66272222000,"DEBT_ASSET_RATIO":64.6692901436,"OPERATE_PROFIT":7574081000,"PRETAX_PROFIT":8461376000,"NETCASH_OPERATE":9262015000,"NETCASH_INVEST":-4319503000,"NETCASH_FINANCE":4217404000,"END_CASH":56500097000,"DIVI_RATIO":0.356481390552,"DIVIDEND_RATE":3.158227848101,"CURRENT_RATIO":1.996367184958,"COMMON_ACS":null,"CURRENTDEBT_DEBT":60.539940550118,"ISSUED_COMMON_SHARES":4783534887,"HK_COMMON_SHARES":755502534,"PER_SHARES":200,"TOTAL_MARKET_CAP":113369776821.9,"HKSK_MARKET_CAP":17905410055.8,"PE_TTM":10.783501294952,"PB_TTM":1.413738891633,"REPORT_DATE_SQ":"2022-09-30 00:00:00","REPORT_TYPE_SQ":"2022年三季报","OPERATE_INCOME_SQ":92559013000,"DPS_HKD":0.7485,"OPERATE_INCOME_QOQ_SQ":1.638105760789,"NET_PROFIT_RATIO_SQ":7.2280859348,"HOLDER_PROFIT_SQ":6819991000,"HOLDER_PROFIT_QOQ_SQ":6.573436669966,"ROE_AVG_SQ":12.537546277992,"PE_TTM_SQ":7.338933009763,"PB_TTM_SQ":1.021277270227,"ROA_SQ":3.897952820769,"START_DATE":"2023-01-01 00:00:00","FISCAL_YEAR":"12-31","CURRENCY":"HKD","IS_CNY_CODE":0,"DPS_HKD_LY":0.45655,"ORG_TYPE":"一般企业","PREMIUM_INCOME":null,"PREMIUM_INCOME_YOY":null,"NET_INTEREST_INCOME":null,"NET_INTEREST_INCOME_YOY":null,"FEE_COMMISSION_INCOME":null,"FEE_COMMISSION_INCOME_YOY":null,"ACCOUNTS_RECE_TDAYS":4.323088120332,"INVENTORY_TDAYS":1.114057897983,"CURRENT_ASSETS_TDAYS":0.625916810892,"TOTAL_ASSETS_TDAYS":0.483192997317,"PREMIUM_EXPENSE":null,"LOAN_DEPOSIT":null,"LOAN_EQUITY":null,"LOAN_ASSETS":null,"DEPOSIT_EQUITY":null,"DEPOSIT_ASSETS":null,"EQUITY_MULTIPLIER":2.830398834511,"EQUITY_RATIO":1.844850048939},{"SECUCODE":"00763.HK","SECURITY_CODE":"00763","SECURITY_NAME_ABBR":"中兴通讯","ORG_CODE":"10004144","STD_REPORT_DATE":"2023-06-30 00:00:00","REPORT_DATE":"2023-06-30 00:00:00","DATE_TYPE_CODE":"002","REPORT_TYPE":"2023年中报","PER_NETCASH_OPERATE":1.345648474186,"PER_OI":12.712203980528,"BPS":13.288775038049,"BASIC_EPS":1.15,"DILUTED_EPS":1.15,"OPERATE_INCOME":60704794000,"OPERATE_INCOME_YOY":1.4819779231,"GROSS_PROFIT":26235584000,"GROSS_PROFIT_YOY":18.416173461231,"HOLDER_PROFIT":5472153000,"HOLDER_PROFIT_YOY":19.8502308235,"GROSS_PROFIT_RATIO":43.218306613478,"EPS_TTM":1.881890447728,"OPERATE_INCOME_QOQ":-0.262643797332,"NET_PROFIT_RATIO":8.8827449114,"ROE_AVG":8.955437193545,"GROSS_PROFIT_QOQ":3.459154874576,"ROA":2.980956526631,"HOLDER_PROFIT_QOQ":5.651567940155,"ROE_YEARLY":17.910874387091,"ROIC_YEARLY":8.896709421203,"TOTAL_ASSETS":186187171000,"TOTAL_LIABILITIES":122091375000,"TAX_EBT":11.009222459615,"OCF_SALES":10.585485225434,"TOTAL_PARENT_EQUITY":63567319000,"DEBT_ASSET_RATIO":65.5745368192,"OPERATE_PROFIT":5245586000,"PRETAX_PROFIT":6059338000,"NETCASH_OPERATE":6425897000,"NETCASH_INVEST":-1506437000,"NETCASH_FINANCE":2718048000,"END_CASH":54946298000,"DIVI_RATIO":0.360438446786,"DIVIDEND_RATE":3.882261410788,"CURRENT_RATIO":1.956760002261,"COMMON_ACS":null,"CURRENTDEBT_DEBT":60.693614925706,"ISSUED_COMMON_SHARES":4783534887,"HK_COMMON_SHARES":755502534,"PER_SHARES":200,"TOTAL_MARKET_CAP":92226552621.36,"HKSK_MARKET_CAP":14566088855.52,"PE_TTM":8.772401053446,"PB_TTM":1.150079570915,"REPORT_DATE_SQ":"2022-06-30 00:00:00","REPORT_TYPE_SQ":"2022年中报","OPERATE_INCOME_SQ":59818300000,"DPS_HKD":0.7485,"OPERATE_INCOME_QOQ_SQ":4.353062958767,"NET_PROFIT_RATIO_SQ":7.6007710015,"HOLDER_PROFIT_SQ":4565826000,"HOLDER_PROFIT_QOQ_SQ":6.603478909239,"ROE_AVG_SQ":8.579395295313,"PE_TTM_SQ":8.005243399755,"PB_TTM_SQ":1.114000238989,"ROA_SQ":2.620361992356,"START_DATE":"2023-01-01 00:00:00","FISCAL_YEAR":"12-31","CURRENCY":"HKD","IS_CNY_CODE":0,"DPS_HKD_LY":0.45655,"ORG_TYPE":"一般企业","PREMIUM_INCOME":null,"PREMIUM_INCOME_YOY":null,"NET_INTEREST_INCOME":null,"NET_INTEREST_INCOME_YOY":null,"FEE_COMMISSION_INCOME":null,"FEE_COMMISSION_INCOME_YOY":null,"ACCOUNTS_RECE_TDAYS":3.04596209577,"INVENTORY_TDAYS":0.757089012349,"CURRENT_ASSETS_TDAYS":0.429201716919,"TOTAL_ASSETS_TDAYS":0.330689496204,"PREMIUM_EXPENSE":null,"LOAN_DEPOSIT":null,"LOAN_EQUITY":null,"LOAN_ASSETS":null,"DEPOSIT_EQUITY":null,"DEPOSIT_ASSETS":null,"EQUITY_MULTIPLIER":2.904826566161,"EQUITY_RATIO":1.920662644275},{"SECUCODE":"00763.HK","SECURITY_CODE":"00763","SECURITY_NAME_ABBR":"中兴通讯","ORG_CODE":"10004144","STD_REPORT_DATE":"2023-03-31 00:00:00","REPORT_DATE":"2023-03-31 00:00:00","DATE_TYPE_CODE":"003","REPORT_TYPE":"2023年一季报","PER_NETCASH_OPERATE":0.4909829797,"PER_OI":6.152716496758,"BPS":12.78681507398,"BASIC_EPS":0.56,"DILUTED_EPS":0.56,"OPERATE_INCOME":29142882000,"OPERATE_INCOME_YOY":4.3415654649,"GROSS_PROFIT":12967043000,"GROSS_PROFIT_YOY":22.885177464106,"HOLDER_PROFIT":2642269000,"HOLDER_PROFIT_YOY":19.2005175356,"GROSS_PROFIT_RATIO":44.49471744078,"EPS_TTM":1.795787458953,"OPERATE_INCOME_QOQ":0.986228083321,"NET_PROFIT_RATIO":8.9688761736,"ROE_AVG":4.410862460932,"GROSS_PROFIT_QOQ":5.281100825469,"ROA":1.448028995029,"HOLDER_PROFIT_QOQ":5.267258187975,"ROE_YEARLY":17.64344984373,"ROIC_YEARLY":8.680764491502,"TOTAL_ASSETS":183993400000,"TOTAL_LIABILITIES":122069942000,"TAX_EBT":15.394492882724,"OCF_SALES":7.979938291621,"TOTAL_PARENT_EQUITY":61166176000,"DEBT_ASSET_RATIO":66.3447395396,"OPERATE_PROFIT":2907849000,"PRETAX_PROFIT":3089384000,"NETCASH_OPERATE":2325584000,"NETCASH_INVEST":-5084123000,"NETCASH_FINANCE":5516541000,"END_CASH":49744372000,"DIVI_RATIO":0.377720462752,"DIVIDEND_RATE":3.882261410788,"CURRENT_RATIO":1.854296445713,"COMMON_ACS":null,"CURRENTDEBT_DEBT":62.527666311171,"ISSUED_COMMON_SHARES":4783534887,"HK_COMMON_SHARES":755502534,"PER_SHARES":200,"TOTAL_MARKET_CAP":92226552621.36,"HKSK_MARKET_CAP":14566088855.52,"PE_TTM":8.772401053446,"PB_TTM":1.150079570915,"REPORT_DATE_SQ":"2022-03-31 00:00:00","REPORT_TYPE_SQ":"2022年一季报","OPERATE_INCOME_SQ":27930271000,"DPS_HKD":0.7485,"OPERATE_INCOME_QOQ_SQ":1.474502098691,"NET_PROFIT_RATIO_SQ":7.2847664099,"HOLDER_PROFIT_SQ":2216659000,"HOLDER_PROFIT_QOQ_SQ":0.513874991725,"ROE_AVG_SQ":4.213423874233,"PE_TTM_SQ":8.005243399755,"PB_TTM_SQ":1.114000238989,"ROA_SQ":1.273914919938,"START_DATE":"2023-01-01 00:00:00","FISCAL_YEAR":"12-31","CURRENCY":"HKD","IS_CNY_CODE":0,"DPS_HKD_LY":0.45655,"ORG_TYPE":"一般企业","PREMIUM_INCOME":null,"PREMIUM_INCOME_YOY":null,"NET_INTEREST_INCOME":null,"NET_INTEREST_INCOME_YOY":null,"FEE_COMMISSION_INCOME":null,"FEE_COMMISSION_INCOME_YOY":null,"ACCOUNTS_RECE_TDAYS":1.484904652334,"INVENTORY_TDAYS":0.354853751568,"CURRENT_ASSETS_TDAYS":0.208604769342,"TOTAL_ASSETS_TDAYS":0.159710226834,"PREMIUM_EXPENSE":null,"LOAN_DEPOSIT":null,"LOAN_EQUITY":null,"LOAN_ASSETS":null,"DEPOSIT_EQUITY":null,"DEPOSIT_ASSETS":null,"EQUITY_MULTIPLIER":2.971303702067,"EQUITY_RATIO":1.995709883842},{"SECUCODE":"00763.HK","SECURITY_CODE":"00763","SECURITY_NAME_ABBR":"中兴通讯","ORG_CODE":"10004144","STD_REPORT_DATE":"2022-12-31 00:00:00","REPORT_DATE":"2022-12-31 00:00:00","DATE_TYPE_CODE":"001","REPORT_TYPE":"2022年年报","PER_NETCASH_OPERATE":1.599983105807,"PER_OI":25.961042477836,"BPS":12.258965051006,"BASIC_EPS":1.71,"DILUTED_EPS":1.71,"OPERATE_INCOME":122954418000,"OPERATE_INCOME_YOY":7.3634790127,"GROSS_PROFIT":45726849000,"GROSS_PROFIT_YOY":13.292406841668,"HOLDER_PROFIT":8080295000,"HOLDER_PROFIT_YOY":18.6021572769,"GROSS_PROFIT_RATIO":37.190082100181,"EPS_TTM":1.706102839903,"OPERATE_INCOME_QOQ":-0.244262557565,"NET_PROFIT_RATIO":6.3369906724,"ROE_AVG":14.674999316221,"GROSS_PROFIT_QOQ":3.600655187325,"ROA":4.621047889068,"HOLDER_PROFIT_QOQ":3.859499166134,"ROE_YEARLY":14.674999316221,"ROIC_YEARLY":6.734990287444,"TOTAL_ASSETS":180953574000,"TOTAL_LIABILITIES":121410351000,"TAX_EBT":10.969878157917,"OCF_SALES":6.163015630719,"TOTAL_PARENT_EQUITY":58641187000,"DEBT_ASSET_RATIO":67.0947516074,"OPERATE_PROFIT":8914863000,"PRETAX_PROFIT":8751656000,"NETCASH_OPERATE":7577700000,"NETCASH_INVEST":-1291399000,"NETCASH_FINANCE":1454828000,"END_CASH":47071729000,"DIVI_RATIO":0.397576074628,"DIVIDEND_RATE":3.882261410788,"CURRENT_RATIO":1.758067964322,"COMMON_ACS":null,"CURRENTDEBT_DEBT":64.593751153886,"ISSUED_COMMON_SHARES":4783534887,"HK_COMMON_SHARES":755502534,"PER_SHARES":200,"TOTAL_MARKET_CAP":92226552621.36,"HKSK_MARKET_CAP":14566088855.52,"PE_TTM":8.772401053446,"PB_TTM":1.150079570915,"REPORT_DATE_SQ":"2021-12-31 00:00:00","REPORT_TYPE_SQ":"2021年年报","OPERATE_INCOME_SQ":114521641000,"DPS_HKD":0.7485,"OPERATE_INCOME_QOQ_SQ":3.036738521886,"NET_PROFIT_RATIO_SQ":6.143720906,"HOLDER_PROFIT_SQ":6812941000,"HOLDER_PROFIT_QOQ_SQ":-7.940818391997,"ROE_AVG_SQ":14.376493535265,"PE_TTM_SQ":8.005243399755,"PB_TTM_SQ":1.114000238989,"ROA_SQ":4.266109330421,"START_DATE":"2022-01-01 00:00:00","FISCAL_YEAR":"12-31","CURRENCY":"HKD","IS_CNY_CODE":0,"DPS_HKD_LY":0.36826,"ORG_TYPE":"一般企业","PREMIUM_INCOME":null,"PREMIUM_INCOME_YOY":null,"NET_INTEREST_INCOME":null,"NET_INTEREST_INCOME_YOY":null,"FEE_COMMISSION_INCOME":null,"FEE_COMMISSION_INCOME_YOY":null,"ACCOUNTS_RECE_TDAYS":5.532062379985,"INVENTORY_TDAYS":1.893952628333,"CURRENT_ASSETS_TDAYS":0.925356648764,"TOTAL_ASSETS_TDAYS":0.703165235614,"PREMIUM_EXPENSE":null,"LOAN_DEPOSIT":null,"LOAN_EQUITY":null,"LOAN_ASSETS":null,"DEPOSIT_EQUITY":null,"DEPOSIT_ASSETS":null,"EQUITY_MULTIPLIER":3.039028874874,"EQUITY_RATIO":2.070393817233},{"SECUCODE":"00763.HK","SECURITY_CODE":"00763","SECURITY_NAME_ABBR":"中兴通讯","ORG_CODE":"10004144","STD_REPORT_DATE":"2022-09-30 00:00:00","REPORT_DATE":"2022-09-30 00:00:00","DATE_TYPE_CODE":"004","REPORT_TYPE":"2022年三季报","PER_NETCASH_OPERATE":0.786090911842,"PER_OI":19.543246247562,"BPS":11.980885757884,"BASIC_EPS":1.44,"DILUTED_EPS":1.44,"OPERATE_INCOME":92559013000,"OPERATE_INCOME_YOY":10.4191188687,"GROSS_PROFIT":34640990000,"GROSS_PROFIT_YOY":12.233238627905,"HOLDER_PROFIT":6819991000,"HOLDER_PROFIT_YOY":16.5231396979,"GROSS_PROFIT_RATIO":37.425842040904,"EPS_TTM":1.642702741301,"OPERATE_INCOME_QOQ":1.638105760789,"NET_PROFIT_RATIO":7.2280859348,"ROE_AVG":12.537546277992,"GROSS_PROFIT_QOQ":1.84266540634,"ROA":3.897952820769,"HOLDER_PROFIT_QOQ":6.573436669966,"ROE_YEARLY":16.716728370656,"ROIC_YEARLY":5.588922138558,"TOTAL_ASSETS":181163386000,"TOTAL_LIABILITIES":122694387000,"TAX_EBT":10.934321992719,"OCF_SALES":4.022314931124,"TOTAL_PARENT_EQUITY":57310985000,"DEBT_ASSET_RATIO":67.7258190571,"OPERATE_PROFIT":7816061000,"PRETAX_PROFIT":7511586000,"NETCASH_OPERATE":3723015000,"NETCASH_INVEST":-6968438000,"NETCASH_FINANCE":119102000,"END_CASH":36299311000,"DIVI_RATIO":0.412920519913,"DIVIDEND_RATE":3.882261410788,"CURRENT_RATIO":1.671487335428,"COMMON_ACS":null,"CURRENTDEBT_DEBT":67.923199290282,"ISSUED_COMMON_SHARES":4783534887,"HK_COMMON_SHARES":755502534,"PER_SHARES":200,"TOTAL_MARKET_CAP":92226552621.36,"HKSK_MARKET_CAP":14566088855.52,"PE_TTM":8.772401053446,"PB_TTM":1.150079570915,"REPORT_DATE_SQ":"2021-09-30 00:00:00","REPORT_TYPE_SQ":"2021年三季报","OPERATE_INCOME_SQ":83825169000,"DPS_HKD":0.7485,"OPERATE_INCOME_QOQ_SQ":3.563238186163,"NET_PROFIT_RATIO_SQ":7.3849693044,"HOLDER_PROFIT_SQ":5852907000,"HOLDER_PROFIT_QOQ_SQ":14.187983600254,"ROE_AVG_SQ":12.598016759116,"PE_TTM_SQ":8.005243399755,"PB_TTM_SQ":1.114000238989,"ROA_SQ":3.577325301449,"START_DATE":"2022-01-01 00:00:00","FISCAL_YEAR":"12-31","CURRENCY":"HKD","IS_CNY_CODE":0,"DPS_HKD_LY":0.36826,"ORG_TYPE":"一般企业","PREMIUM_INCOME":null,"PREMIUM_INCOME_YOY":null,"NET_INTEREST_INCOME":null,"NET_INTEREST_INCOME_YOY":null,"FEE_COMMISSION_INCOME":null,"FEE_COMMISSION_INCOME_YOY":null,"ACCOUNTS_RECE_TDAYS":3.843388271894,"INVENTORY_TDAYS":1.413246884504,"CURRENT_ASSETS_TDAYS":0.692886286858,"TOTAL_ASSETS_TDAYS":0.52901926969,"PREMIUM_EXPENSE":null,"LOAN_DEPOSIT":null,"LOAN_EQUITY":null,"LOAN_ASSETS":null,"DEPOSIT_EQUITY":null,"DEPOSIT_ASSETS":null,"EQUITY_MULTIPLIER":3.09845198479,"EQUITY_RATIO":2.14085287489}],"count":75},"success":true,"message":"ok","code":0}