{"version":"5a7972f574766b707f5a88d8d957bd8c","result":{"pages":3,"data":[{"SECUCODE":"00772.HK","SECURITY_CODE":"00772","SECURITY_NAME_ABBR":"阅文集团","ORG_CODE":"10685700","STD_REPORT_DATE":"2024-06-30 00:00:00","REPORT_DATE":"2024-06-30 00:00:00","DATE_TYPE_CODE":"002","REPORT_TYPE":"2024年中报","PER_NETCASH_OPERATE":1.573437040812,"PER_OI":4.086004163827,"BPS":18.980665143337,"BASIC_EPS":0.5,"DILUTED_EPS":0.49,"OPERATE_INCOME":4190933000,"OPERATE_INCOME_YOY":27.6545784286,"GROSS_PROFIT":2083230000,"GROSS_PROFIT_YOY":29.815511583649,"HOLDER_PROFIT":504303000,"HOLDER_PROFIT_YOY":33.8810130615,"GROSS_PROFIT_RATIO":49.70802444229,"EPS_TTM":0.909154848044,"OPERATE_INCOME_QOQ":12.948300611043,"NET_PROFIT_RATIO":12.0243392104,"ROE_AVG":2.63635391756,"GROSS_PROFIT_QOQ":14.191702533885,"ROA":2.118043182498,"HOLDER_PROFIT_QOQ":15.856172169978,"ROE_YEARLY":5.272707835121,"ROIC_YEARLY":5.096655737506,"TOTAL_ASSETS":24431254000,"TOTAL_LIABILITIES":5199506000,"TAX_EBT":16.428633025758,"OCF_SALES":38.507964694258,"TOTAL_PARENT_EQUITY":19232665000,"DEBT_ASSET_RATIO":21.2821904271,"OPERATE_PROFIT":454449000,"PRETAX_PROFIT":602996000,"NETCASH_OPERATE":1613843000,"NETCASH_INVEST":-1477826000,"NETCASH_FINANCE":-63231000,"END_CASH":2898306000,"DIVI_RATIO":null,"DIVIDEND_RATE":null,"CURRENT_RATIO":2.422115316944,"COMMON_ACS":10000000000,"CURRENTDEBT_DEBT":94.553097928919,"ISSUED_COMMON_SHARES":1013276661,"HK_COMMON_SHARES":1013276661,"PER_SHARES":200,"TOTAL_MARKET_CAP":32728836150.3,"HKSK_MARKET_CAP":32728836150.3,"PE_TTM":31.708824414622,"PB_TTM":1.553136509041,"REPORT_DATE_SQ":"2023-06-30 00:00:00","REPORT_TYPE_SQ":"2023年中报","OPERATE_INCOME_SQ":3283026000,"DPS_HKD":null,"OPERATE_INCOME_QOQ_SQ":-10.545867602669,"NET_PROFIT_RATIO_SQ":11.4522090291,"HOLDER_PROFIT_SQ":376680000,"HOLDER_PROFIT_QOQ_SQ":24.356857934908,"ROE_AVG_SQ":2.062823229992,"PE_TTM_SQ":31.679026177834,"PB_TTM_SQ":1.293577471297,"ROA_SQ":1.670104188422,"START_DATE":"2024-01-01 00:00:00","FISCAL_YEAR":"12-31","CURRENCY":"HKD","IS_CNY_CODE":0,"DPS_HKD_LY":null,"ORG_TYPE":"一般企业","PREMIUM_INCOME":null,"PREMIUM_INCOME_YOY":null,"NET_INTEREST_INCOME":null,"NET_INTEREST_INCOME_YOY":null,"FEE_COMMISSION_INCOME":null,"FEE_COMMISSION_INCOME_YOY":null,"ACCOUNTS_RECE_TDAYS":2.036343803107,"INVENTORY_TDAYS":2.886764142926,"CURRENT_ASSETS_TDAYS":0.36237084766,"TOTAL_ASSETS_TDAYS":0.176016741303,"PREMIUM_EXPENSE":null,"LOAN_DEPOSIT":null,"LOAN_EQUITY":null,"LOAN_ASSETS":null,"DEPOSIT_EQUITY":null,"DEPOSIT_ASSETS":null,"EQUITY_MULTIPLIER":1.27036055173,"EQUITY_RATIO":0.270347661128},{"SECUCODE":"00772.HK","SECURITY_CODE":"00772","SECURITY_NAME_ABBR":"阅文集团","ORG_CODE":"10685700","STD_REPORT_DATE":"2023-12-31 00:00:00","REPORT_DATE":"2023-12-31 00:00:00","DATE_TYPE_CODE":"001","REPORT_TYPE":"2023年年报","PER_NETCASH_OPERATE":1.105621665009,"PER_OI":6.85150448736,"BPS":18.775666836365,"BASIC_EPS":0.8,"DILUTED_EPS":0.79,"OPERATE_INCOME":7011785000,"OPERATE_INCOME_YOY":-8.04966467,"GROSS_PROFIT":3371463000,"GROSS_PROFIT_YOY":-16.343006617945,"HOLDER_PROFIT":804879000,"HOLDER_PROFIT_YOY":32.3409285975,"GROSS_PROFIT_RATIO":48.082806303958,"EPS_TTM":0.786480486821,"OPERATE_INCOME_QOQ":2.790483643175,"NET_PROFIT_RATIO":11.4599492141,"ROE_AVG":4.352781573815,"GROSS_PROFIT_QOQ":-3.356018092388,"ROA":3.50534666416,"HOLDER_PROFIT_QOQ":6.420289797586,"ROE_YEARLY":4.352781573815,"ROIC_YEARLY":4.640258722072,"TOTAL_ASSETS":23188455000,"TOTAL_LIABILITIES":4164048000,"TAX_EBT":10.855372272151,"OCF_SALES":16.136918060095,"TOTAL_PARENT_EQUITY":19024945000,"DEBT_ASSET_RATIO":17.9574188966,"OPERATE_PROFIT":709309000,"PRETAX_PROFIT":901397000,"NETCASH_OPERATE":1131486000,"NETCASH_INVEST":-3385038000,"NETCASH_FINANCE":-510819000,"END_CASH":2801796000,"DIVI_RATIO":null,"DIVIDEND_RATE":null,"CURRENT_RATIO":3.114732618881,"COMMON_ACS":10000000000,"CURRENTDEBT_DEBT":86.529598121828,"ISSUED_COMMON_SHARES":1013276661,"HK_COMMON_SHARES":1013276661,"PER_SHARES":200,"TOTAL_MARKET_CAP":25534571857.2,"HKSK_MARKET_CAP":25534571857.2,"PE_TTM":24.738773227507,"PB_TTM":1.211734985382,"REPORT_DATE_SQ":"2022-12-31 00:00:00","REPORT_TYPE_SQ":"2022年年报","OPERATE_INCOME_SQ":7625622000,"DPS_HKD":null,"OPERATE_INCOME_QOQ_SQ":-9.362424690776,"NET_PROFIT_RATIO_SQ":7.9682418038,"HOLDER_PROFIT_SQ":608186000,"HOLDER_PROFIT_QOQ_SQ":-38.71637989061,"ROE_AVG_SQ":3.461128968066,"PE_TTM_SQ":35.16434143512,"PB_TTM_SQ":1.435896407235,"ROA_SQ":2.642460671529,"START_DATE":"2023-01-01 00:00:00","FISCAL_YEAR":"12-31","CURRENCY":"HKD","IS_CNY_CODE":0,"DPS_HKD_LY":null,"ORG_TYPE":"一般企业","PREMIUM_INCOME":null,"PREMIUM_INCOME_YOY":null,"NET_INTEREST_INCOME":null,"NET_INTEREST_INCOME_YOY":null,"FEE_COMMISSION_INCOME":null,"FEE_COMMISSION_INCOME_YOY":null,"ACCOUNTS_RECE_TDAYS":3.473648359107,"INVENTORY_TDAYS":4.841075820633,"CURRENT_ASSETS_TDAYS":0.591743998228,"TOTAL_ASSETS_TDAYS":0.305371828058,"PREMIUM_EXPENSE":null,"LOAN_DEPOSIT":null,"LOAN_EQUITY":null,"LOAN_ASSETS":null,"DEPOSIT_EQUITY":null,"DEPOSIT_ASSETS":null,"EQUITY_MULTIPLIER":1.218879253372,"EQUITY_RATIO":0.218873063759},{"SECUCODE":"00772.HK","SECURITY_CODE":"00772","SECURITY_NAME_ABBR":"阅文集团","ORG_CODE":"10685700","STD_REPORT_DATE":"2023-06-30 00:00:00","REPORT_DATE":"2023-06-30 00:00:00","DATE_TYPE_CODE":"002","REPORT_TYPE":"2023年中报","PER_NETCASH_OPERATE":0.60459816567,"PER_OI":3.224153638089,"BPS":18.320252221816,"BASIC_EPS":0.37,"DILUTED_EPS":0.37,"OPERATE_INCOME":3283026000,"OPERATE_INCOME_YOY":-19.6757008564,"GROSS_PROFIT":1604762000,"GROSS_PROFIT_YOY":-25.232140877015,"HOLDER_PROFIT":376680000,"HOLDER_PROFIT_YOY":64.8165569144,"GROSS_PROFIT_RATIO":48.880575420359,"EPS_TTM":0.742758389277,"OPERATE_INCOME_QOQ":-10.545867602669,"NET_PROFIT_RATIO":11.4522090291,"ROE_AVG":2.062823229992,"GROSS_PROFIT_QOQ":-13.437969203269,"ROA":1.670104188422,"HOLDER_PROFIT_QOQ":24.356857934908,"ROE_YEARLY":4.125646459984,"ROIC_YEARLY":4.505362901462,"TOTAL_ASSETS":22374085000,"TOTAL_LIABILITIES":3810512000,"TAX_EBT":11.656786242126,"OCF_SALES":18.752151216591,"TOTAL_PARENT_EQUITY":18563484000,"DEBT_ASSET_RATIO":17.0309176889,"OPERATE_PROFIT":310948000,"PRETAX_PROFIT":425589000,"NETCASH_OPERATE":615638000,"NETCASH_INVEST":-2382543000,"NETCASH_FINANCE":-466370000,"END_CASH":3359906000,"DIVI_RATIO":null,"DIVIDEND_RATE":null,"CURRENT_RATIO":3.615913971782,"COMMON_ACS":10000000000,"CURRENTDEBT_DEBT":84.072691543814,"ISSUED_COMMON_SHARES":1013276661,"HK_COMMON_SHARES":1013276661,"PER_SHARES":200,"TOTAL_MARKET_CAP":25534571857.2,"HKSK_MARKET_CAP":25534571857.2,"PE_TTM":24.738773227507,"PB_TTM":1.211734985382,"REPORT_DATE_SQ":"2022-06-30 00:00:00","REPORT_TYPE_SQ":"2022年中报","OPERATE_INCOME_SQ":4087214000,"DPS_HKD":null,"OPERATE_INCOME_QOQ_SQ":-2.94098781714,"NET_PROFIT_RATIO_SQ":5.6829909077,"HOLDER_PROFIT_SQ":228545000,"HOLDER_PROFIT_QOQ_SQ":-46.257599740931,"ROE_AVG_SQ":1.312843300524,"PE_TTM_SQ":35.16434143512,"PB_TTM_SQ":1.435896407235,"ROA_SQ":0.992106751025,"START_DATE":"2023-01-01 00:00:00","FISCAL_YEAR":"12-31","CURRENCY":"HKD","IS_CNY_CODE":0,"DPS_HKD_LY":null,"ORG_TYPE":"一般企业","PREMIUM_INCOME":null,"PREMIUM_INCOME_YOY":null,"NET_INTEREST_INCOME":null,"NET_INTEREST_INCOME_YOY":null,"FEE_COMMISSION_INCOME":null,"FEE_COMMISSION_INCOME_YOY":null,"ACCOUNTS_RECE_TDAYS":1.696754665845,"INVENTORY_TDAYS":2.218974936667,"CURRENT_ASSETS_TDAYS":0.272904897927,"TOTAL_ASSETS_TDAYS":0.145561098898,"PREMIUM_EXPENSE":null,"LOAN_DEPOSIT":null,"LOAN_EQUITY":null,"LOAN_ASSETS":null,"DEPOSIT_EQUITY":null,"DEPOSIT_ASSETS":null,"EQUITY_MULTIPLIER":1.205268242272,"EQUITY_RATIO":0.205269226402},{"SECUCODE":"00772.HK","SECURITY_CODE":"00772","SECURITY_NAME_ABBR":"阅文集团","ORG_CODE":"10685700","STD_REPORT_DATE":"2022-12-31 00:00:00","REPORT_DATE":"2022-12-31 00:00:00","DATE_TYPE_CODE":"001","REPORT_TYPE":"2022年年报","PER_NETCASH_OPERATE":1.553119911143,"PER_OI":7.511163754553,"BPS":17.722048371545,"BASIC_EPS":0.6,"DILUTED_EPS":0.59,"OPERATE_INCOME":7625622000,"OPERATE_INCOME_YOY":-12.0280647384,"GROSS_PROFIT":4030103000,"GROSS_PROFIT_YOY":-12.378455391229,"HOLDER_PROFIT":608186000,"HOLDER_PROFIT_YOY":-67.0647115876,"GROSS_PROFIT_RATIO":52.849498703188,"EPS_TTM":0.59905731483,"OPERATE_INCOME_QOQ":-9.362424690776,"NET_PROFIT_RATIO":7.9682418038,"ROE_AVG":3.461128968066,"GROSS_PROFIT_QOQ":-9.592404520354,"ROA":2.642460671529,"HOLDER_PROFIT_QOQ":-38.71637989061,"ROE_YEARLY":3.461128968066,"ROIC_YEARLY":3.869726433885,"TOTAL_ASSETS":22734478000,"TOTAL_LIABILITIES":4779756000,"TAX_EBT":21.476829236773,"OCF_SALES":20.677487029911,"TOTAL_PARENT_EQUITY":17957338000,"DEBT_ASSET_RATIO":21.0242610365,"OPERATE_PROFIT":628834000,"PRETAX_PROFIT":773820000,"NETCASH_OPERATE":1576787000,"NETCASH_INVEST":528102000,"NETCASH_FINANCE":-1145364000,"END_CASH":5545766000,"DIVI_RATIO":null,"DIVIDEND_RATE":null,"CURRENT_RATIO":3.131695816712,"COMMON_ACS":10000000000,"CURRENTDEBT_DEBT":83.346430236188,"ISSUED_COMMON_SHARES":1013276661,"HK_COMMON_SHARES":1013276661,"PER_SHARES":200,"TOTAL_MARKET_CAP":25534571857.2,"HKSK_MARKET_CAP":25534571857.2,"PE_TTM":24.738773227507,"PB_TTM":1.211734985382,"REPORT_DATE_SQ":"2021-12-31 00:00:00","REPORT_TYPE_SQ":"2021年年报","OPERATE_INCOME_SQ":8668244000,"DPS_HKD":null,"OPERATE_INCOME_QOQ_SQ":-9.777603055734,"NET_PROFIT_RATIO_SQ":21.2606728652,"HOLDER_PROFIT_SQ":1846609000,"HOLDER_PROFIT_QOQ_SQ":1854.44785421793,"ROE_AVG_SQ":11.441209255451,"PE_TTM_SQ":35.16434143512,"PB_TTM_SQ":1.435896407235,"ROA_SQ":8.278331145709,"START_DATE":"2022-01-01 00:00:00","FISCAL_YEAR":"12-31","CURRENCY":"HKD","IS_CNY_CODE":0,"DPS_HKD_LY":null,"ORG_TYPE":"一般企业","PREMIUM_INCOME":null,"PREMIUM_INCOME_YOY":null,"NET_INTEREST_INCOME":null,"NET_INTEREST_INCOME_YOY":null,"FEE_COMMISSION_INCOME":null,"FEE_COMMISSION_INCOME_YOY":null,"ACCOUNTS_RECE_TDAYS":3.179879779074,"INVENTORY_TDAYS":5.085473839049,"CURRENT_ASSETS_TDAYS":0.605058703363,"TOTAL_ASSETS_TDAYS":0.331319797413,"PREMIUM_EXPENSE":null,"LOAN_DEPOSIT":null,"LOAN_EQUITY":null,"LOAN_ASSETS":null,"DEPOSIT_EQUITY":null,"DEPOSIT_ASSETS":null,"EQUITY_MULTIPLIER":1.266211640593,"EQUITY_RATIO":0.266172859251},{"SECUCODE":"00772.HK","SECURITY_CODE":"00772","SECURITY_NAME_ABBR":"阅文集团","ORG_CODE":"10685700","STD_REPORT_DATE":"2022-06-30 00:00:00","REPORT_DATE":"2022-06-30 00:00:00","DATE_TYPE_CODE":"002","REPORT_TYPE":"2022年中报","PER_NETCASH_OPERATE":0.690854093412,"PER_OI":3.995190101622,"BPS":17.39933788922,"BASIC_EPS":0.23,"DILUTED_EPS":0.22,"OPERATE_INCOME":4087214000,"OPERATE_INCOME_YOY":-5.8711061305,"GROSS_PROFIT":2146326000,"GROSS_PROFIT_YOY":-6.194710377546,"HOLDER_PROFIT":228545000,"HOLDER_PROFIT_YOY":-78.8920167501,"GROSS_PROFIT_RATIO":52.513178903772,"EPS_TTM":0.970067777007,"OPERATE_INCOME_QOQ":-2.94098781714,"NET_PROFIT_RATIO":5.6829909077,"ROE_AVG":1.312843300524,"GROSS_PROFIT_QOQ":-3.081655757012,"ROA":0.992106751025,"HOLDER_PROFIT_QOQ":-46.257599740931,"ROE_YEARLY":2.625686601048,"ROIC_YEARLY":2.882518166458,"TOTAL_ASSETS":22775349000,"TOTAL_LIABILITIES":5144540000,"TAX_EBT":31.771023041042,"OCF_SALES":17.292145701204,"TOTAL_PARENT_EQUITY":17630343000,"DEBT_ASSET_RATIO":22.5881939284,"OPERATE_PROFIT":182354000,"PRETAX_PROFIT":340436000,"NETCASH_OPERATE":706767000,"NETCASH_INVEST":106106000,"NETCASH_FINANCE":-674036000,"END_CASH":4735717000,"DIVI_RATIO":null,"DIVIDEND_RATE":null,"CURRENT_RATIO":2.908315023859,"COMMON_ACS":10000000000,"CURRENTDEBT_DEBT":83.860772780462,"ISSUED_COMMON_SHARES":1013276661,"HK_COMMON_SHARES":1013276661,"PER_SHARES":200,"TOTAL_MARKET_CAP":25534571857.2,"HKSK_MARKET_CAP":25534571857.2,"PE_TTM":24.738773227507,"PB_TTM":1.211734985382,"REPORT_DATE_SQ":"2021-06-30 00:00:00","REPORT_TYPE_SQ":"2021年中报","OPERATE_INCOME_SQ":4342146000,"DPS_HKD":null,"OPERATE_INCOME_QOQ_SQ":12.690334788893,"NET_PROFIT_RATIO_SQ":24.8943725061,"HOLDER_PROFIT_SQ":1082742000,"HOLDER_PROFIT_QOQ_SQ":97.652629905111,"ROE_AVG_SQ":6.880542821806,"PE_TTM_SQ":35.16434143512,"PB_TTM_SQ":1.435896407235,"ROA_SQ":4.929936445809,"START_DATE":"2022-01-01 00:00:00","FISCAL_YEAR":"12-31","CURRENCY":"HKD","IS_CNY_CODE":0,"DPS_HKD_LY":null,"ORG_TYPE":"一般企业","PREMIUM_INCOME":null,"PREMIUM_INCOME_YOY":null,"NET_INTEREST_INCOME":null,"NET_INTEREST_INCOME_YOY":null,"FEE_COMMISSION_INCOME":null,"FEE_COMMISSION_INCOME_YOY":null,"ACCOUNTS_RECE_TDAYS":1.545686504901,"INVENTORY_TDAYS":2.788562069201,"CURRENT_ASSETS_TDAYS":0.323387377816,"TOTAL_ASSETS_TDAYS":0.17742469108,"PREMIUM_EXPENSE":null,"LOAN_DEPOSIT":null,"LOAN_EQUITY":null,"LOAN_ASSETS":null,"DEPOSIT_EQUITY":null,"DEPOSIT_ASSETS":null,"EQUITY_MULTIPLIER":1.291792622788,"EQUITY_RATIO":0.291800335365},{"SECUCODE":"00772.HK","SECURITY_CODE":"00772","SECURITY_NAME_ABBR":"阅文集团","ORG_CODE":"10685700","STD_REPORT_DATE":"2021-12-31 00:00:00","REPORT_DATE":"2021-12-31 00:00:00","DATE_TYPE_CODE":"001","REPORT_TYPE":"2021年年报","PER_NETCASH_OPERATE":1.094362960624,"PER_OI":8.481427423271,"BPS":16.96126602091,"BASIC_EPS":1.83,"DILUTED_EPS":1.82,"OPERATE_INCOME":8668244000,"OPERATE_INCOME_YOY":1.6719211711,"GROSS_PROFIT":4599443000,"GROSS_PROFIT_YOY":8.629202687906,"HOLDER_PROFIT":1846609000,"HOLDER_PROFIT_YOY":141.1833842603,"GROSS_PROFIT_RATIO":53.060839081133,"EPS_TTM":1.806811184902,"OPERATE_INCOME_QOQ":-9.777603055734,"NET_PROFIT_RATIO":21.2606728652,"ROE_AVG":11.441209255451,"GROSS_PROFIT_QOQ":-3.994840976374,"ROA":8.278331145709,"HOLDER_PROFIT_QOQ":1854.44785421793,"ROE_YEARLY":11.441209255451,"ROIC_YEARLY":11.858443649469,"TOTAL_ASSETS":23297314000,"TOTAL_LIABILITIES":6110343000,"TAX_EBT":19.979479546414,"OCF_SALES":12.903051644601,"TOTAL_PARENT_EQUITY":17186455000,"DEBT_ASSET_RATIO":26.2276715676,"OPERATE_PROFIT":2172640000,"PRETAX_PROFIT":2303068000,"NETCASH_OPERATE":1118468000,"NETCASH_INVEST":936225000,"NETCASH_FINANCE":-349987000,"END_CASH":4528412000,"DIVI_RATIO":null,"DIVIDEND_RATE":null,"CURRENT_RATIO":2.821740392906,"COMMON_ACS":10000000000,"CURRENTDEBT_DEBT":73.833989352153,"ISSUED_COMMON_SHARES":1013276661,"HK_COMMON_SHARES":1013276661,"PER_SHARES":200,"TOTAL_MARKET_CAP":25534571857.2,"HKSK_MARKET_CAP":25534571857.2,"PE_TTM":24.738773227507,"PB_TTM":1.211734985382,"REPORT_DATE_SQ":"2020-12-31 00:00:00","REPORT_TYPE_SQ":"2020年年报","OPERATE_INCOME_SQ":8525701000,"DPS_HKD":null,"OPERATE_INCOME_QOQ_SQ":-1.288881746509,"NET_PROFIT_RATIO_SQ":-52.783894251,"HOLDER_PROFIT_SQ":-4483869000,"HOLDER_PROFIT_QOQ_SQ":-72.945870295293,"ROE_AVG_SQ":-26.000924207933,"PE_TTM_SQ":35.16434143512,"PB_TTM_SQ":1.435896407235,"ROA_SQ":-18.853345864475,"START_DATE":"2021-01-01 00:00:00","FISCAL_YEAR":"12-31","CURRENCY":"HKD","IS_CNY_CODE":0,"DPS_HKD_LY":null,"ORG_TYPE":"一般企业","PREMIUM_INCOME":null,"PREMIUM_INCOME_YOY":null,"NET_INTEREST_INCOME":null,"NET_INTEREST_INCOME_YOY":null,"FEE_COMMISSION_INCOME":null,"FEE_COMMISSION_INCOME_YOY":null,"ACCOUNTS_RECE_TDAYS":2.868604376219,"INVENTORY_TDAYS":6.639720821088,"CURRENT_ASSETS_TDAYS":0.715477894291,"TOTAL_ASSETS_TDAYS":0.388596580455,"PREMIUM_EXPENSE":null,"LOAN_DEPOSIT":null,"LOAN_EQUITY":null,"LOAN_ASSETS":null,"DEPOSIT_EQUITY":null,"DEPOSIT_ASSETS":null,"EQUITY_MULTIPLIER":1.355521807769,"EQUITY_RATIO":0.355532481829},{"SECUCODE":"00772.HK","SECURITY_CODE":"00772","SECURITY_NAME_ABBR":"阅文集团","ORG_CODE":"10685700","STD_REPORT_DATE":"2021-06-30 00:00:00","REPORT_DATE":"2021-06-30 00:00:00","DATE_TYPE_CODE":"002","REPORT_TYPE":"2021年中报","PER_NETCASH_OPERATE":0.42208932367,"PER_OI":4.261996266316,"BPS":16.164457971267,"BASIC_EPS":1.08,"DILUTED_EPS":1.07,"OPERATE_INCOME":4342146000,"OPERATE_INCOME_YOY":33.1862465133,"GROSS_PROFIT":2288065000,"GROSS_PROFIT_YOY":32.157866404207,"HOLDER_PROFIT":1082742000,"HOLDER_PROFIT_YOY":132.8514378887,"GROSS_PROFIT_RATIO":52.694335934351,"EPS_TTM":-0.103310181882,"OPERATE_INCOME_QOQ":12.690334788893,"NET_PROFIT_RATIO":24.8943725061,"ROE_AVG":6.880542821806,"GROSS_PROFIT_QOQ":13.149338840399,"ROA":4.929936445809,"HOLDER_PROFIT_QOQ":97.652629905111,"ROE_YEARLY":13.761085643612,"ROIC_YEARLY":14.085281529815,"TOTAL_ASSETS":22609431000,"TOTAL_LIABILITIES":6227659000,"TAX_EBT":20.831447408703,"OCF_SALES":9.90355920782,"TOTAL_PARENT_EQUITY":16379068000,"DEBT_ASSET_RATIO":27.5445189222,"OPERATE_PROFIT":1284000000,"PRETAX_PROFIT":1365378000,"NETCASH_OPERATE":430027000,"NETCASH_INVEST":1449707000,"NETCASH_FINANCE":-124709000,"END_CASH":4583553000,"DIVI_RATIO":null,"DIVIDEND_RATE":null,"CURRENT_RATIO":2.76061643631,"COMMON_ACS":10000000000,"CURRENTDEBT_DEBT":72.563494565133,"ISSUED_COMMON_SHARES":1013276661,"HK_COMMON_SHARES":1013276661,"PER_SHARES":200,"TOTAL_MARKET_CAP":25534571857.2,"HKSK_MARKET_CAP":25534571857.2,"PE_TTM":24.738773227507,"PB_TTM":1.211734985382,"REPORT_DATE_SQ":"2020-06-30 00:00:00","REPORT_TYPE_SQ":"2020年中报","OPERATE_INCOME_SQ":3260206000,"DPS_HKD":null,"OPERATE_INCOME_QOQ_SQ":3.465058380283,"NET_PROFIT_RATIO_SQ":-101.5434300777,"HOLDER_PROFIT_SQ":-3295874000,"HOLDER_PROFIT_QOQ_SQ":-336.565162922133,"ROE_AVG_SQ":-18.397480252654,"PE_TTM_SQ":35.16434143512,"PB_TTM_SQ":1.435896407235,"ROA_SQ":-13.816158338222,"START_DATE":"2021-01-01 00:00:00","FISCAL_YEAR":"12-31","CURRENCY":"HKD","IS_CNY_CODE":0,"DPS_HKD_LY":null,"ORG_TYPE":"一般企业","PREMIUM_INCOME":null,"PREMIUM_INCOME_YOY":null,"NET_INTEREST_INCOME":null,"NET_INTEREST_INCOME_YOY":null,"FEE_COMMISSION_INCOME":null,"FEE_COMMISSION_INCOME_YOY":null,"ACCOUNTS_RECE_TDAYS":1.305070186491,"INVENTORY_TDAYS":3.562185784769,"CURRENT_ASSETS_TDAYS":0.362214113229,"TOTAL_ASSETS_TDAYS":0.197706414071,"PREMIUM_EXPENSE":null,"LOAN_DEPOSIT":null,"LOAN_EQUITY":null,"LOAN_ASSETS":null,"DEPOSIT_EQUITY":null,"DEPOSIT_ASSETS":null,"EQUITY_MULTIPLIER":1.380157836405,"EQUITY_RATIO":0.38022059619},{"SECUCODE":"00772.HK","SECURITY_CODE":"00772","SECURITY_NAME_ABBR":"阅文集团","ORG_CODE":"10685700","STD_REPORT_DATE":"2020-12-31 00:00:00","REPORT_DATE":"2020-12-31 00:00:00","DATE_TYPE_CODE":"001","REPORT_TYPE":"2020年年报","PER_NETCASH_OPERATE":1.093007466577,"PER_OI":8.393241250269,"BPS":14.895741292516,"BASIC_EPS":-4.48,"DILUTED_EPS":-4.49,"OPERATE_INCOME":8525701000,"OPERATE_INCOME_YOY":2.1315161288,"GROSS_PROFIT":4234076000,"GROSS_PROFIT_YOY":14.681734106207,"HOLDER_PROFIT":-4483869000,"HOLDER_PROFIT_YOY":-509.1296798312,"GROSS_PROFIT_RATIO":49.662496960661,"EPS_TTM":-4.414205266124,"OPERATE_INCOME_QOQ":-1.288881746509,"NET_PROFIT_RATIO":-52.783894251,"ROE_AVG":-26.000924207933,"GROSS_PROFIT_QOQ":11.359021194392,"ROA":-18.853345864475,"HOLDER_PROFIT_QOQ":-72.945870295293,"ROE_YEARLY":-26.000924207933,"ROIC_YEARLY":-25.664631933442,"TOTAL_ASSETS":21315760000,"TOTAL_LIABILITIES":6217253000,"TAX_EBT":0.848763528043,"OCF_SALES":13.022471700568,"TOTAL_PARENT_EQUITY":15093507000,"DEBT_ASSET_RATIO":29.1674000833,"OPERATE_PROFIT":-4474668000,"PRETAX_PROFIT":-4538720000,"NETCASH_OPERATE":1110257000,"NETCASH_INVEST":-4188550000,"NETCASH_FINANCE":-92338000,"END_CASH":2848231000,"DIVI_RATIO":null,"DIVIDEND_RATE":null,"CURRENT_RATIO":2.727030880009,"COMMON_ACS":10000000000,"CURRENTDEBT_DEBT":67.829988581774,"ISSUED_COMMON_SHARES":1013276661,"HK_COMMON_SHARES":1013276661,"PER_SHARES":200,"TOTAL_MARKET_CAP":25534571857.2,"HKSK_MARKET_CAP":25534571857.2,"PE_TTM":24.738773227507,"PB_TTM":1.211734985382,"REPORT_DATE_SQ":"2019-12-31 00:00:00","REPORT_TYPE_SQ":"2019年年报","OPERATE_INCOME_SQ":8347767000,"DPS_HKD":null,"OPERATE_INCOME_QOQ_SQ":45.779395808917,"NET_PROFIT_RATIO_SQ":13.3225328402,"HOLDER_PROFIT_SQ":1095953000,"HOLDER_PROFIT_QOQ_SQ":37.415302903399,"ROE_AVG_SQ":5.798686218495,"PE_TTM_SQ":35.16434143512,"PB_TTM_SQ":1.435896407235,"ROA_SQ":4.052735149611,"START_DATE":"2020-01-01 00:00:00","FISCAL_YEAR":"12-31","CURRENCY":"HKD","IS_CNY_CODE":0,"DPS_HKD_LY":null,"ORG_TYPE":"一般企业","PREMIUM_INCOME":null,"PREMIUM_INCOME_YOY":null,"NET_INTEREST_INCOME":null,"NET_INTEREST_INCOME_YOY":null,"FEE_COMMISSION_INCOME":null,"FEE_COMMISSION_INCOME_YOY":null,"ACCOUNTS_RECE_TDAYS":2.559361728155,"INVENTORY_TDAYS":7.287113061152,"CURRENT_ASSETS_TDAYS":0.719746133276,"TOTAL_ASSETS_TDAYS":0.35848056598,"PREMIUM_EXPENSE":null,"LOAN_DEPOSIT":null,"LOAN_EQUITY":null,"LOAN_ASSETS":null,"DEPOSIT_EQUITY":null,"DEPOSIT_ASSETS":null,"EQUITY_MULTIPLIER":1.411779323611,"EQUITY_RATIO":0.411915733037},{"SECUCODE":"00772.HK","SECURITY_CODE":"00772","SECURITY_NAME_ABBR":"阅文集团","ORG_CODE":"10685700","STD_REPORT_DATE":"2020-06-30 00:00:00","REPORT_DATE":"2020-06-30 00:00:00","DATE_TYPE_CODE":"002","REPORT_TYPE":"2020年中报","PER_NETCASH_OPERATE":0.532536657708,"PER_OI":3.209553734476,"BPS":16.217739569549,"BASIC_EPS":-3.3,"DILUTED_EPS":-3.31,"OPERATE_INCOME":3260206000,"OPERATE_INCOME_YOY":9.7361080678,"GROSS_PROFIT":1731312000,"GROSS_PROFIT_YOY":6.795299632977,"HOLDER_PROFIT":-3295874000,"HOLDER_PROFIT_YOY":-939.2384434791,"GROSS_PROFIT_RATIO":53.104374386158,"EPS_TTM":-2.552362342383,"OPERATE_INCOME_QOQ":3.465058380283,"NET_PROFIT_RATIO":-101.5434300777,"ROE_AVG":-18.397480252654,"GROSS_PROFIT_QOQ":2.983784228863,"ROA":-13.816158338222,"HOLDER_PROFIT_QOQ":-336.565162922133,"ROE_YEARLY":-36.794960505307,"ROIC_YEARLY":-37.635863553132,"TOTAL_ASSETS":21460422000,"TOTAL_LIABILITIES":5027772000,"TAX_EBT":5.731820801545,"OCF_SALES":16.592233742285,"TOTAL_PARENT_EQUITY":16433057000,"DEBT_ASSET_RATIO":23.4281133894,"OPERATE_PROFIT":-3555563000,"PRETAX_PROFIT":-3511816000,"NETCASH_OPERATE":540941000,"NETCASH_INVEST":-3485580000,"NETCASH_FINANCE":486394000,"END_CASH":3515018000,"DIVI_RATIO":null,"DIVIDEND_RATE":null,"CURRENT_RATIO":2.917210465181,"COMMON_ACS":10000000000,"CURRENTDEBT_DEBT":82.019829061461,"ISSUED_COMMON_SHARES":1013276661,"HK_COMMON_SHARES":1013276661,"PER_SHARES":200,"TOTAL_MARKET_CAP":25534571857.2,"HKSK_MARKET_CAP":25534571857.2,"PE_TTM":24.738773227507,"PB_TTM":1.211734985382,"REPORT_DATE_SQ":"2019-06-30 00:00:00","REPORT_TYPE_SQ":"2019年中报","OPERATE_INCOME_SQ":2970951000,"DPS_HKD":null,"OPERATE_INCOME_QOQ_SQ":13.656547412296,"NET_PROFIT_RATIO_SQ":13.2354926083,"HOLDER_PROFIT_SQ":392722000,"HOLDER_PROFIT_QOQ_SQ":-12.418573392662,"ROE_AVG_SQ":2.111727234542,"PE_TTM_SQ":35.16434143512,"PB_TTM_SQ":1.435896407235,"ROA_SQ":1.452709984641,"START_DATE":"2020-01-01 00:00:00","FISCAL_YEAR":"12-31","CURRENCY":"HKD","IS_CNY_CODE":0,"DPS_HKD_LY":null,"ORG_TYPE":"一般企业","PREMIUM_INCOME":null,"PREMIUM_INCOME_YOY":null,"NET_INTEREST_INCOME":null,"NET_INTEREST_INCOME_YOY":null,"FEE_COMMISSION_INCOME":null,"FEE_COMMISSION_INCOME_YOY":null,"ACCOUNTS_RECE_TDAYS":1.138320409616,"INVENTORY_TDAYS":2.642655837191,"CURRENT_ASSETS_TDAYS":0.269211240263,"TOTAL_ASSETS_TDAYS":0.136666396565,"PREMIUM_EXPENSE":null,"LOAN_DEPOSIT":null,"LOAN_EQUITY":null,"LOAN_ASSETS":null,"DEPOSIT_EQUITY":null,"DEPOSIT_ASSETS":null,"EQUITY_MULTIPLIER":1.305962337177,"EQUITY_RATIO":0.305954759361}],"count":19},"success":true,"message":"ok","code":0}