{"version":"cf3800aa563c6e5bb59f097f8e05d455","result":{"pages":6,"data":[{"SECUCODE":"00775.HK","SECURITY_CODE":"00775","SECURITY_NAME_ABBR":"长江生命科技","ORG_CODE":"10010785","STD_REPORT_DATE":"2024-06-30 00:00:00","REPORT_DATE":"2024-06-30 00:00:00","DATE_TYPE_CODE":"002","REPORT_TYPE":"2024年中报","PER_NETCASH_OPERATE":0.013807658971,"PER_OI":0.250303856902,"BPS":0.381177821368,"BASIC_EPS":0.000091268,"DILUTED_EPS":null,"OPERATE_INCOME":2405688490.68,"OPERATE_INCOME_YOY":2.1993092239,"GROSS_PROFIT":729627423.12,"GROSS_PROFIT_YOY":-1.013403862493,"HOLDER_PROFIT":913592.68,"HOLDER_PROFIT_YOY":-97.2881447768,"GROSS_PROFIT_RATIO":30.329256092245,"EPS_TTM":-0.001819384701,"OPERATE_INCOME_QOQ":0.576006442292,"NET_PROFIT_RATIO":0.03797635,"ROE_AVG":0.024404854347,"GROSS_PROFIT_QOQ":-0.503465612248,"ROA":0.009044111093,"HOLDER_PROFIT_QOQ":-211.859698655892,"ROE_YEARLY":0.048809708695,"ROIC_YEARLY":0.019137355501,"TOTAL_ASSETS":9937753599.88,"TOTAL_LIABILITIES":6274225961.44,"TAX_EBT":79.955947136564,"OCF_SALES":5.516358853365,"TOTAL_PARENT_EQUITY":3663527638.44,"DEBT_ASSET_RATIO":63.1352538416,"OPERATE_PROFIT":159146749.64,"PRETAX_PROFIT":4557923.92,"NETCASH_OPERATE":132706410.04,"NETCASH_INVEST":-87400974.84,"NETCASH_FINANCE":-141873367.96,"END_CASH":501243856,"DIVI_RATIO":null,"DIVIDEND_RATE":null,"CURRENT_RATIO":0.973297358618,"COMMON_ACS":15000000000,"CURRENTDEBT_DEBT":41.853264262693,"ISSUED_COMMON_SHARES":9611072400,"HK_COMMON_SHARES":9611072400,"PER_SHARES":2000,"TOTAL_MARKET_CAP":4901646924,"HKSK_MARKET_CAP":4901646924,"PE_TTM":-262.667966561278,"PB_TTM":1.221127709712,"REPORT_DATE_SQ":"2023-06-30 00:00:00","REPORT_TYPE_SQ":"2023年中报","OPERATE_INCOME_SQ":2377904433.44,"DPS_HKD":null,"OPERATE_INCOME_QOQ_SQ":4.354864051612,"NET_PROFIT_RATIO_SQ":1.4311813915,"HOLDER_PROFIT_SQ":34032125.76,"HOLDER_PROFIT_QOQ_SQ":-18.373011775839,"ROE_AVG_SQ":0.886715447387,"PE_TTM_SQ":49.09516044528,"PB_TTM_SQ":1.222326187636,"ROA_SQ":0.330811350866,"START_DATE":"2024-01-01 00:00:00","FISCAL_YEAR":"12-31","CURRENCY":"HKD","IS_CNY_CODE":0,"DPS_HKD_LY":null,"ORG_TYPE":"一般企业","PREMIUM_INCOME":null,"PREMIUM_INCOME_YOY":null,"NET_INTEREST_INCOME":null,"NET_INTEREST_INCOME_YOY":null,"FEE_COMMISSION_INCOME":null,"FEE_COMMISSION_INCOME_YOY":null,"ACCOUNTS_RECE_TDAYS":2.516694331819,"INVENTORY_TDAYS":1.537815516603,"CURRENT_ASSETS_TDAYS":0.910034892973,"TOTAL_ASSETS_TDAYS":0.238151141552,"PREMIUM_EXPENSE":null,"LOAN_DEPOSIT":null,"LOAN_EQUITY":null,"LOAN_ASSETS":null,"DEPOSIT_EQUITY":null,"DEPOSIT_ASSETS":null,"EQUITY_MULTIPLIER":2.712618705424,"EQUITY_RATIO":1.712618705427},{"SECUCODE":"00775.HK","SECURITY_CODE":"00775","SECURITY_NAME_ABBR":"长江生命科技","ORG_CODE":"10010785","STD_REPORT_DATE":"2023-12-31 00:00:00","REPORT_DATE":"2023-12-31 00:00:00","DATE_TYPE_CODE":"001","REPORT_TYPE":"2023年年报","PER_NETCASH_OPERATE":0.048481697612,"PER_OI":0.501876054878,"BPS":0.395001171114,"BASIC_EPS":0.001631196,"DILUTED_EPS":null,"OPERATE_INCOME":4823567099.26,"OPERATE_INCOME_YOY":0.8936062128,"GROSS_PROFIT":1483670633.76,"GROSS_PROFIT_YOY":2.149901027839,"HOLDER_PROFIT":15632295,"HOLDER_PROFIT_YOY":-86.9281541038,"GROSS_PROFIT_RATIO":30.758785007627,"EPS_TTM":0.001626488112,"OPERATE_INCOME_QOQ":-1.915170258542,"NET_PROFIT_RATIO":0.3240816325,"ROE_AVG":0.413299671972,"GROSS_PROFIT_QOQ":-2.455603242361,"ROA":0.153236814572,"HOLDER_PROFIT_QOQ":-83.753716007642,"ROE_YEARLY":0.413299671972,"ROIC_YEARLY":0.163038323599,"TOTAL_ASSETS":10192627890.2,"TOTAL_LIABILITIES":6396243036.54,"TAX_EBT":74.848361133792,"OCF_SALES":9.660093790164,"TOTAL_PARENT_EQUITY":3796384853.66,"DEBT_ASSET_RATIO":62.7536206113,"OPERATE_PROFIT":354038404.72,"PRETAX_PROFIT":62152192.48,"NETCASH_OPERATE":465961105.82,"NETCASH_INVEST":-61587617.42,"NETCASH_FINANCE":-433130567.66,"END_CASH":602020070.4,"DIVI_RATIO":null,"DIVIDEND_RATE":null,"CURRENT_RATIO":1.424609901831,"COMMON_ACS":15000000000,"CURRENTDEBT_DEBT":29.760757659542,"ISSUED_COMMON_SHARES":9611072400,"HK_COMMON_SHARES":9611072400,"PER_SHARES":2000,"TOTAL_MARKET_CAP":4132761132,"HKSK_MARKET_CAP":4132761132,"PE_TTM":-221.465148277156,"PB_TTM":1.029578265052,"REPORT_DATE_SQ":"2022-12-31 00:00:00","REPORT_TYPE_SQ":"2022年年报","OPERATE_INCOME_SQ":4712526279.3,"DPS_HKD":null,"OPERATE_INCOME_QOQ_SQ":7.242755368796,"NET_PROFIT_RATIO_SQ":2.5011799628,"HOLDER_PROFIT_SQ":117878589.01,"HOLDER_PROFIT_QOQ_SQ":11.987773563204,"ROE_AVG_SQ":3.047016290522,"PE_TTM_SQ":57.432074483157,"PB_TTM_SQ":1.429891011951,"ROA_SQ":1.147615117633,"START_DATE":"2023-01-01 00:00:00","FISCAL_YEAR":"12-31","CURRENCY":"HKD","IS_CNY_CODE":0,"DPS_HKD_LY":0.008,"ORG_TYPE":"一般企业","PREMIUM_INCOME":null,"PREMIUM_INCOME_YOY":null,"NET_INTEREST_INCOME":null,"NET_INTEREST_INCOME_YOY":null,"FEE_COMMISSION_INCOME":null,"FEE_COMMISSION_INCOME_YOY":null,"ACCOUNTS_RECE_TDAYS":4.793145539103,"INVENTORY_TDAYS":2.960856782831,"CURRENT_ASSETS_TDAYS":1.740172623452,"TOTAL_ASSETS_TDAYS":0.472833999847,"PREMIUM_EXPENSE":null,"LOAN_DEPOSIT":null,"LOAN_EQUITY":null,"LOAN_ASSETS":null,"DEPOSIT_EQUITY":null,"DEPOSIT_ASSETS":null,"EQUITY_MULTIPLIER":2.684824716959,"EQUITY_RATIO":1.68482471696},{"SECUCODE":"00775.HK","SECURITY_CODE":"00775","SECURITY_NAME_ABBR":"长江生命科技","ORG_CODE":"10010785","STD_REPORT_DATE":"2023-06-30 00:00:00","REPORT_DATE":"2023-06-30 00:00:00","DATE_TYPE_CODE":"002","REPORT_TYPE":"2023年中报","PER_NETCASH_OPERATE":0.007721991987,"PER_OI":0.247413018493,"BPS":0.399770049061,"BASIC_EPS":0.003503524,"DILUTED_EPS":null,"OPERATE_INCOME":2377904433.44,"OPERATE_INCOME_YOY":1.5172114106,"GROSS_PROFIT":737097194.56,"GROSS_PROFIT_YOY":10.257923697528,"HOLDER_PROFIT":34032125.76,"HOLDER_PROFIT_YOY":-43.316953317,"GROSS_PROFIT_RATIO":30.997763585212,"EPS_TTM":0.010011447003,"OPERATE_INCOME_QOQ":4.354864051612,"NET_PROFIT_RATIO":1.4311813915,"ROE_AVG":0.886715447387,"GROSS_PROFIT_QOQ":4.721444207239,"ROA":0.330811350866,"HOLDER_PROFIT_QOQ":-18.373011775839,"ROE_YEARLY":1.773430894774,"ROIC_YEARLY":0.698645555629,"TOTAL_ASSETS":10187215174.4,"TOTAL_LIABILITIES":6344996289.52,"TAX_EBT":35.071240105541,"OCF_SALES":3.121093640952,"TOTAL_PARENT_EQUITY":3842218884.88,"DEBT_ASSET_RATIO":62.283913522,"OPERATE_PROFIT":182971540.9,"PRETAX_PROFIT":52414563,"NETCASH_OPERATE":74216624.06,"NETCASH_INVEST":-15097422.5,"NETCASH_FINANCE":-244535833.42,"END_CASH":454901244.08,"DIVI_RATIO":null,"DIVIDEND_RATE":null,"CURRENT_RATIO":0.986515641484,"COMMON_ACS":15000000000,"CURRENTDEBT_DEBT":42.256148135318,"ISSUED_COMMON_SHARES":9611072400,"HK_COMMON_SHARES":9611072400,"PER_SHARES":2000,"TOTAL_MARKET_CAP":4132761132,"HKSK_MARKET_CAP":4132761132,"PE_TTM":-221.465148277156,"PB_TTM":1.029578265052,"REPORT_DATE_SQ":"2022-06-30 00:00:00","REPORT_TYPE_SQ":"2022年中报","OPERATE_INCOME_SQ":2172680320.58,"DPS_HKD":null,"OPERATE_INCOME_QOQ_SQ":-0.513242568151,"NET_PROFIT_RATIO_SQ":2.5631134913,"HOLDER_PROFIT_SQ":55689972.8,"HOLDER_PROFIT_QOQ_SQ":-20.920053417598,"ROE_AVG_SQ":1.479348246233,"PE_TTM_SQ":57.432074483157,"PB_TTM_SQ":1.429891011951,"ROA_SQ":0.56315828367,"START_DATE":"2023-01-01 00:00:00","FISCAL_YEAR":"12-31","CURRENCY":"HKD","IS_CNY_CODE":0,"DPS_HKD_LY":0.008,"ORG_TYPE":"一般企业","PREMIUM_INCOME":null,"PREMIUM_INCOME_YOY":null,"NET_INTEREST_INCOME":null,"NET_INTEREST_INCOME_YOY":null,"FEE_COMMISSION_INCOME":null,"FEE_COMMISSION_INCOME_YOY":null,"ACCOUNTS_RECE_TDAYS":2.36106694057,"INVENTORY_TDAYS":1.379752100555,"CURRENT_ASSETS_TDAYS":0.860595746953,"TOTAL_ASSETS_TDAYS":0.231145648498,"PREMIUM_EXPENSE":null,"LOAN_DEPOSIT":null,"LOAN_EQUITY":null,"LOAN_ASSETS":null,"DEPOSIT_EQUITY":null,"DEPOSIT_ASSETS":null,"EQUITY_MULTIPLIER":2.65138855428,"EQUITY_RATIO":1.651388554278},{"SECUCODE":"00775.HK","SECURITY_CODE":"00775","SECURITY_NAME_ABBR":"长江生命科技","ORG_CODE":"10010785","STD_REPORT_DATE":"2022-12-31 00:00:00","REPORT_DATE":"2022-12-31 00:00:00","DATE_TYPE_CODE":"001","REPORT_TYPE":"2022年年报","PER_NETCASH_OPERATE":0.033799108092,"PER_OI":0.490322628232,"BPS":0.386470526148,"BASIC_EPS":0.012237799,"DILUTED_EPS":null,"OPERATE_INCOME":4712526279.3,"OPERATE_INCOME_YOY":-2.3456993969,"GROSS_PROFIT":1452444514.22,"GROSS_PROFIT_YOY":8.988093748847,"HOLDER_PROFIT":117878589.01,"HOLDER_PROFIT_YOY":-18.94214409,"GROSS_PROFIT_RATIO":30.820931876814,"EPS_TTM":0.01226487369,"OPERATE_INCOME_QOQ":7.242755368796,"NET_PROFIT_RATIO":2.5011799628,"ROE_AVG":3.047016290522,"GROSS_PROFIT_QOQ":10.306494106946,"ROA":1.147615117633,"HOLDER_PROFIT_QOQ":11.987773563204,"ROE_YEARLY":3.047016290522,"ROIC_YEARLY":1.232116693999,"TOTAL_ASSETS":10064260491.74,"TOTAL_LIABILITIES":6352321670.24,"TAX_EBT":35.590440487348,"OCF_SALES":6.893238481383,"TOTAL_PARENT_EQUITY":3714396207.27,"DEBT_ASSET_RATIO":63.117619774,"OPERATE_PROFIT":328662617.64,"PRETAX_PROFIT":182998865.28,"NETCASH_OPERATE":324845674.93,"NETCASH_INVEST":-19758239.13,"NETCASH_FINANCE":-460337761.8,"END_CASH":618083884.18,"DIVI_RATIO":null,"DIVIDEND_RATE":null,"CURRENT_RATIO":0.769234764522,"COMMON_ACS":15000000000,"CURRENTDEBT_DEBT":57.126940851421,"ISSUED_COMMON_SHARES":9611072400,"HK_COMMON_SHARES":9611072400,"PER_SHARES":2000,"TOTAL_MARKET_CAP":4132761132,"HKSK_MARKET_CAP":4132761132,"PE_TTM":-221.465148277156,"PB_TTM":1.029578265052,"REPORT_DATE_SQ":"2021-12-31 00:00:00","REPORT_TYPE_SQ":"2021年年报","OPERATE_INCOME_SQ":4416930291.2,"DPS_HKD":null,"OPERATE_INCOME_QOQ_SQ":5.626879678761,"NET_PROFIT_RATIO_SQ":3.0135430904,"HOLDER_PROFIT_SQ":133106097.6,"HOLDER_PROFIT_QOQ_SQ":22.042151287907,"ROE_AVG_SQ":3.52964400355,"PE_TTM_SQ":57.432074483157,"PB_TTM_SQ":1.429891011951,"ROA_SQ":1.373344715378,"START_DATE":"2022-01-01 00:00:00","FISCAL_YEAR":"12-31","CURRENCY":"HKD","IS_CNY_CODE":0,"DPS_HKD_LY":0.01,"ORG_TYPE":"一般企业","PREMIUM_INCOME":null,"PREMIUM_INCOME_YOY":null,"NET_INTEREST_INCOME":null,"NET_INTEREST_INCOME_YOY":null,"FEE_COMMISSION_INCOME":null,"FEE_COMMISSION_INCOME_YOY":null,"ACCOUNTS_RECE_TDAYS":4.93608831382,"INVENTORY_TDAYS":2.875023731366,"CURRENT_ASSETS_TDAYS":1.6763478832,"TOTAL_ASSETS_TDAYS":0.45879123985,"PREMIUM_EXPENSE":null,"LOAN_DEPOSIT":null,"LOAN_EQUITY":null,"LOAN_ASSETS":null,"DEPOSIT_EQUITY":null,"DEPOSIT_ASSETS":null,"EQUITY_MULTIPLIER":2.711321758174,"EQUITY_RATIO":1.71018957477},{"SECUCODE":"00775.HK","SECURITY_CODE":"00775","SECURITY_NAME_ABBR":"长江生命科技","ORG_CODE":"10010785","STD_REPORT_DATE":"2022-06-30 00:00:00","REPORT_DATE":"2022-06-30 00:00:00","DATE_TYPE_CODE":"002","REPORT_TYPE":"2022年中报","PER_NETCASH_OPERATE":0.01904324989,"PER_OI":0.226060134619,"BPS":0.382638629449,"BASIC_EPS":0.005815292,"DILUTED_EPS":0.005815292,"OPERATE_INCOME":2172680320.58,"OPERATE_INCOME_YOY":-3.7070362661,"GROSS_PROFIT":668520837.18,"GROSS_PROFIT_YOY":-2.327156590749,"HOLDER_PROFIT":55689972.8,"HOLDER_PROFIT_YOY":-35.1355658705,"GROSS_PROFIT_RATIO":30.769406380113,"EPS_TTM":0.010951975648,"OPERATE_INCOME_QOQ":-0.513242568151,"NET_PROFIT_RATIO":2.5631134913,"ROE_AVG":1.479348246233,"GROSS_PROFIT_QOQ":-1.195215539006,"ROA":0.56315828367,"HOLDER_PROFIT_QOQ":-20.920053417598,"ROE_YEARLY":2.958696492466,"ROIC_YEARLY":1.217520099271,"TOTAL_ASSETS":9745484407.05,"TOTAL_LIABILITIES":6070261767.36,"TAX_EBT":38.63045199231,"OCF_SALES":8.42397529385,"TOTAL_PARENT_EQUITY":3677567570.67,"DEBT_ASSET_RATIO":62.2879429469,"OPERATE_PROFIT":134963520.23,"PRETAX_PROFIT":90742500.52,"NETCASH_OPERATE":183026053.42,"NETCASH_INVEST":-53981303.18,"NETCASH_FINANCE":-157754333.73,"END_CASH":724419476.34,"DIVI_RATIO":null,"DIVIDEND_RATE":null,"CURRENT_RATIO":1.514848585246,"COMMON_ACS":15000000000,"CURRENTDEBT_DEBT":28.235042850638,"ISSUED_COMMON_SHARES":9611072400,"HK_COMMON_SHARES":9611072400,"PER_SHARES":2000,"TOTAL_MARKET_CAP":4132761132,"HKSK_MARKET_CAP":4132761132,"PE_TTM":-221.465148277156,"PB_TTM":1.029578265052,"REPORT_DATE_SQ":"2021-06-30 00:00:00","REPORT_TYPE_SQ":"2021年中报","OPERATE_INCOME_SQ":2195349887.04,"DPS_HKD":null,"OPERATE_INCOME_QOQ_SQ":0.523866050789,"NET_PROFIT_RATIO_SQ":3.8051264636,"HOLDER_PROFIT_SQ":83535839.52,"HOLDER_PROFIT_QOQ_SQ":3.475962918049,"ROE_AVG_SQ":2.12761854182,"PE_TTM_SQ":57.432074483157,"PB_TTM_SQ":1.429891011951,"ROA_SQ":0.843053379217,"START_DATE":"2022-01-01 00:00:00","FISCAL_YEAR":"12-31","CURRENCY":"HKD","IS_CNY_CODE":0,"DPS_HKD_LY":0.01,"ORG_TYPE":"一般企业","PREMIUM_INCOME":null,"PREMIUM_INCOME_YOY":null,"NET_INTEREST_INCOME":null,"NET_INTEREST_INCOME_YOY":null,"FEE_COMMISSION_INCOME":null,"FEE_COMMISSION_INCOME_YOY":null,"ACCOUNTS_RECE_TDAYS":2.635465340937,"INVENTORY_TDAYS":1.406806638672,"CURRENT_ASSETS_TDAYS":0.818861736733,"TOTAL_ASSETS_TDAYS":0.219709735664,"PREMIUM_EXPENSE":null,"LOAN_DEPOSIT":null,"LOAN_EQUITY":null,"LOAN_ASSETS":null,"DEPOSIT_EQUITY":null,"DEPOSIT_ASSETS":null,"EQUITY_MULTIPLIER":2.651671847526,"EQUITY_RATIO":1.650618690401},{"SECUCODE":"00775.HK","SECURITY_CODE":"00775","SECURITY_NAME_ABBR":"长江生命科技","ORG_CODE":"10010785","STD_REPORT_DATE":"2021-12-31 00:00:00","REPORT_DATE":"2021-12-31 00:00:00","DATE_TYPE_CODE":"001","REPORT_TYPE":"2021年年报","PER_NETCASH_OPERATE":0.036032911374,"PER_OI":0.459566852415,"BPS":0.383113363957,"BASIC_EPS":0.01381744,"DILUTED_EPS":null,"OPERATE_INCOME":4416930291.2,"OPERATE_INCOME_YOY":9.3022540619,"GROSS_PROFIT":1332663472,"GROSS_PROFIT_YOY":12.545735715212,"HOLDER_PROFIT":133106097.6,"HOLDER_PROFIT_YOY":29.9974447834,"GROSS_PROFIT_RATIO":30.171711667153,"EPS_TTM":0.013849245127,"OPERATE_INCOME_QOQ":5.626879678761,"NET_PROFIT_RATIO":3.0135430904,"ROE_AVG":3.52964400355,"GROSS_PROFIT_QOQ":13.406993702609,"ROA":1.373344715378,"HOLDER_PROFIT_QOQ":22.042151287907,"ROE_YEARLY":3.52964400355,"ROIC_YEARLY":1.489190083153,"TOTAL_ASSETS":9591280316.8,"TOTAL_LIABILITIES":5911390262.4,"TAX_EBT":31.664840769144,"OCF_SALES":7.840624532608,"TOTAL_PARENT_EQUITY":3682130278.4,"DEBT_ASSET_RATIO":61.632963141,"OPERATE_PROFIT":273779083.2,"PRETAX_PROFIT":194784206.4,"NETCASH_OPERATE":346314920,"NETCASH_INVEST":-210845958.4,"NETCASH_FINANCE":-179938225.6,"END_CASH":728318897.6,"DIVI_RATIO":null,"DIVIDEND_RATE":null,"CURRENT_RATIO":1.527226131535,"COMMON_ACS":15000000000,"CURRENTDEBT_DEBT":28.7005817564,"ISSUED_COMMON_SHARES":9611072400,"HK_COMMON_SHARES":9611072400,"PER_SHARES":2000,"TOTAL_MARKET_CAP":4373037942,"HKSK_MARKET_CAP":4373037942,"PE_TTM":-234.341028990944,"PB_TTM":1.089437466508,"REPORT_DATE_SQ":"2020-12-31 00:00:00","REPORT_TYPE_SQ":"2020年年报","OPERATE_INCOME_SQ":4159842732.16,"DPS_HKD":null,"OPERATE_INCOME_QOQ_SQ":-4.126107492078,"NET_PROFIT_RATIO_SQ":2.5336749658,"HOLDER_PROFIT_SQ":105401943.76,"HOLDER_PROFIT_QOQ_SQ":14.539602426957,"ROE_AVG_SQ":2.814663697988,"PE_TTM_SQ":53.726779355212,"PB_TTM_SQ":1.337639978922,"ROA_SQ":1.103759607902,"START_DATE":"2021-01-01 00:00:00","FISCAL_YEAR":"12-31","CURRENCY":"HKD","IS_CNY_CODE":0,"DPS_HKD_LY":0.01,"ORG_TYPE":"一般企业","PREMIUM_INCOME":null,"PREMIUM_INCOME_YOY":null,"NET_INTEREST_INCOME":null,"NET_INTEREST_INCOME_YOY":null,"FEE_COMMISSION_INCOME":null,"FEE_COMMISSION_INCOME_YOY":null,"ACCOUNTS_RECE_TDAYS":5.58612050206,"INVENTORY_TDAYS":2.875288064863,"CURRENT_ASSETS_TDAYS":1.672329619977,"TOTAL_ASSETS_TDAYS":0.455724266806,"PREMIUM_EXPENSE":null,"LOAN_DEPOSIT":null,"LOAN_EQUITY":null,"LOAN_ASSETS":null,"DEPOSIT_EQUITY":null,"DEPOSIT_ASSETS":null,"EQUITY_MULTIPLIER":2.606404043333,"EQUITY_RATIO":1.605426700157},{"SECUCODE":"00775.HK","SECURITY_CODE":"00775","SECURITY_NAME_ABBR":"长江生命科技","ORG_CODE":"10010785","STD_REPORT_DATE":"2021-06-30 00:00:00","REPORT_DATE":"2021-06-30 00:00:00","DATE_TYPE_CODE":"002","REPORT_TYPE":"2021年中报","PER_NETCASH_OPERATE":0.002559680778,"PER_OI":0.228418827335,"BPS":0.408290035306,"BASIC_EPS":0.008653632,"DILUTED_EPS":0.008653632,"OPERATE_INCOME":2195349887.04,"OPERATE_INCOME_YOY":10.8785348367,"GROSS_PROFIT":684449038.08,"GROSS_PROFIT_YOY":-1.296805858499,"HOLDER_PROFIT":83535839.52,"HOLDER_PROFIT_YOY":14.8134170469,"GROSS_PROFIT_RATIO":31.177218816944,"EPS_TTM":0.011347919535,"OPERATE_INCOME_QOQ":0.523866050789,"NET_PROFIT_RATIO":3.8051264636,"ROE_AVG":2.12761854182,"GROSS_PROFIT_QOQ":-0.759439924539,"ROA":0.843053379217,"HOLDER_PROFIT_QOQ":3.475962918049,"ROE_YEARLY":4.255237083641,"ROIC_YEARLY":1.809697901639,"TOTAL_ASSETS":9851070839.28,"TOTAL_LIABILITIES":5929245648.96,"TAX_EBT":27.719500341985,"OCF_SALES":1.120608492761,"TOTAL_PARENT_EQUITY":3924105089.52,"DEBT_ASSET_RATIO":60.1888438901,"OPERATE_PROFIT":155833606.56,"PRETAX_PROFIT":115571751.6,"NETCASH_OPERATE":24601277.28,"NETCASH_INVEST":-109803773.04,"NETCASH_FINANCE":-153016183.68,"END_CASH":560005649.52,"DIVI_RATIO":null,"DIVIDEND_RATE":null,"CURRENT_RATIO":1.834545677633,"COMMON_ACS":15000000000,"CURRENTDEBT_DEBT":24.13298302004,"ISSUED_COMMON_SHARES":9611072400,"HK_COMMON_SHARES":9611072400,"PER_SHARES":2000,"TOTAL_MARKET_CAP":4373037942,"HKSK_MARKET_CAP":4373037942,"PE_TTM":-234.341028990944,"PB_TTM":1.089437466508,"REPORT_DATE_SQ":"2020-06-30 00:00:00","REPORT_TYPE_SQ":"2020年中报","OPERATE_INCOME_SQ":2173557883.2,"DPS_HKD":null,"OPERATE_INCOME_QOQ_SQ":-2.483314526103,"NET_PROFIT_RATIO_SQ":3.6747172761,"HOLDER_PROFIT_SQ":79872107.04,"HOLDER_PROFIT_QOQ_SQ":-43.473380796245,"ROE_AVG_SQ":2.109364116253,"PE_TTM_SQ":53.726779355212,"PB_TTM_SQ":1.337639978922,"ROA_SQ":0.815581685252,"START_DATE":"2021-01-01 00:00:00","FISCAL_YEAR":"12-31","CURRENCY":"HKD","IS_CNY_CODE":0,"DPS_HKD_LY":0.01,"ORG_TYPE":"一般企业","PREMIUM_INCOME":null,"PREMIUM_INCOME_YOY":null,"NET_INTEREST_INCOME":null,"NET_INTEREST_INCOME_YOY":null,"FEE_COMMISSION_INCOME":null,"FEE_COMMISSION_INCOME_YOY":null,"ACCOUNTS_RECE_TDAYS":2.75736412599,"INVENTORY_TDAYS":1.286193976858,"CURRENT_ASSETS_TDAYS":0.818550630754,"TOTAL_ASSETS_TDAYS":0.221557256319,"PREMIUM_EXPENSE":null,"LOAN_DEPOSIT":null,"LOAN_EQUITY":null,"LOAN_ASSETS":null,"DEPOSIT_EQUITY":null,"DEPOSIT_ASSETS":null,"EQUITY_MULTIPLIER":2.511858729346,"EQUITY_RATIO":1.510980341682},{"SECUCODE":"00775.HK","SECURITY_CODE":"00775","SECURITY_NAME_ABBR":"长江生命科技","ORG_CODE":"10010785","STD_REPORT_DATE":"2020-12-31 00:00:00","REPORT_DATE":"2020-12-31 00:00:00","DATE_TYPE_CODE":"001","REPORT_TYPE":"2020年年报","PER_NETCASH_OPERATE":0.046495640403,"PER_OI":0.432817750094,"BPS":0.413434605524,"BASIC_EPS":0.01094132,"DILUTED_EPS":0.01094132,"OPERATE_INCOME":4159842732.16,"OPERATE_INCOME_YOY":-0.4928504473,"GROSS_PROFIT":1184108365.84,"GROSS_PROFIT_YOY":-17.729280974825,"HOLDER_PROFIT":105401943.76,"HOLDER_PROFIT_YOY":-31.0897735714,"GROSS_PROFIT_RATIO":28.465219530671,"EPS_TTM":0.010966720401,"OPERATE_INCOME_QOQ":-4.126107492078,"NET_PROFIT_RATIO":2.5336749658,"ROE_AVG":2.814663697988,"GROSS_PROFIT_QOQ":-13.799997706923,"ROA":1.103759607902,"HOLDER_PROFIT_QOQ":14.539602426957,"ROE_YEARLY":2.814663697988,"ROIC_YEARLY":1.190310989823,"TOTAL_ASSETS":10080885337.16,"TOTAL_LIABILITIES":6109641504.4,"TAX_EBT":-5.12230747276,"OCF_SALES":10.742544730001,"TOTAL_PARENT_EQUITY":3973549926.36,"DEBT_ASSET_RATIO":60.6061997539,"OPERATE_PROFIT":207356530.08,"PRETAX_PROFIT":100261206.64,"NETCASH_OPERATE":446872966.2,"NETCASH_INVEST":-384892071.68,"NETCASH_FINANCE":142020016.88,"END_CASH":807131076.72,"DIVI_RATIO":null,"DIVIDEND_RATE":null,"CURRENT_RATIO":3.595204314675,"COMMON_ACS":15000000000,"CURRENTDEBT_DEBT":12.612570789383,"ISSUED_COMMON_SHARES":9611072400,"HK_COMMON_SHARES":9611072400,"PER_SHARES":2000,"TOTAL_MARKET_CAP":4373037942,"HKSK_MARKET_CAP":4373037942,"PE_TTM":-234.341028990944,"PB_TTM":1.089437466508,"REPORT_DATE_SQ":"2019-12-31 00:00:00","REPORT_TYPE_SQ":"2019年年报","OPERATE_INCOME_SQ":4449360758.72,"DPS_HKD":null,"OPERATE_INCOME_QOQ_SQ":-5.867561155594,"NET_PROFIT_RATIO_SQ":3.8244429663,"HOLDER_PROFIT_SQ":162794578.3,"HOLDER_PROFIT_QOQ_SQ":-31.302513286416,"ROE_AVG_SQ":4.305806435716,"PE_TTM_SQ":53.726779355212,"PB_TTM_SQ":1.337639978922,"ROA_SQ":1.718287138086,"START_DATE":"2020-01-01 00:00:00","FISCAL_YEAR":"12-31","CURRENCY":"HKD","IS_CNY_CODE":0,"DPS_HKD_LY":0.01,"ORG_TYPE":"一般企业","PREMIUM_INCOME":null,"PREMIUM_INCOME_YOY":null,"NET_INTEREST_INCOME":null,"NET_INTEREST_INCOME_YOY":null,"FEE_COMMISSION_INCOME":null,"FEE_COMMISSION_INCOME_YOY":null,"ACCOUNTS_RECE_TDAYS":4.818444950305,"INVENTORY_TDAYS":2.770058834521,"CURRENT_ASSETS_TDAYS":1.559673836211,"TOTAL_ASSETS_TDAYS":0.435614962987,"PREMIUM_EXPENSE":null,"LOAN_DEPOSIT":null,"LOAN_EQUITY":null,"LOAN_ASSETS":null,"DEPOSIT_EQUITY":null,"DEPOSIT_ASSETS":null,"EQUITY_MULTIPLIER":2.538470504884,"EQUITY_RATIO":1.537577636528},{"SECUCODE":"00775.HK","SECURITY_CODE":"00775","SECURITY_NAME_ABBR":"长江生命科技","ORG_CODE":"10010785","STD_REPORT_DATE":"2020-06-30 00:00:00","REPORT_DATE":"2020-06-30 00:00:00","DATE_TYPE_CODE":"002","REPORT_TYPE":"2020年中报","PER_NETCASH_OPERATE":0.011952848783,"PER_OI":0.22615144208,"BPS":0.39092589999,"BASIC_EPS":0.008312304,"DILUTED_EPS":0.008312304,"OPERATE_INCOME":2173557883.2,"OPERATE_INCOME_YOY":-8.3567429253,"GROSS_PROFIT":693441629.76,"GROSS_PROFIT_YOY":-8.643356800596,"HOLDER_PROFIT":79872107.04,"HOLDER_PROFIT_YOY":-48.9404565176,"GROSS_PROFIT_RATIO":31.90352716713,"EPS_TTM":0.009574610151,"OPERATE_INCOME_QOQ":-2.483314526103,"NET_PROFIT_RATIO":3.6747172761,"ROE_AVG":2.109364116253,"GROSS_PROFIT_QOQ":-4.558333136167,"ROA":0.815581685252,"HOLDER_PROFIT_QOQ":-43.473380796245,"ROE_YEARLY":4.218728232505,"ROIC_YEARLY":1.735360027022,"TOTAL_ASSETS":9799401675.36,"TOTAL_LIABILITIES":6044681892.48,"TAX_EBT":31.121701457267,"OCF_SALES":5.285329455817,"TOTAL_PARENT_EQUITY":3757217127.84,"DEBT_ASSET_RATIO":61.6841935123,"OPERATE_PROFIT":184773383.52,"PRETAX_PROFIT":115961208,"NETCASH_OPERATE":114879695.04,"NETCASH_INVEST":-218364226.08,"NETCASH_FINANCE":18754750.08,"END_CASH":544819461.12,"DIVI_RATIO":null,"DIVIDEND_RATE":null,"CURRENT_RATIO":0.72574800053,"COMMON_ACS":15000000000,"CURRENTDEBT_DEBT":61.518064547717,"ISSUED_COMMON_SHARES":9611072400,"HK_COMMON_SHARES":9611072400,"PER_SHARES":2000,"TOTAL_MARKET_CAP":4373037942,"HKSK_MARKET_CAP":4373037942,"PE_TTM":-234.341028990944,"PB_TTM":1.089437466508,"REPORT_DATE_SQ":"2019-06-30 00:00:00","REPORT_TYPE_SQ":"2019年中报","OPERATE_INCOME_SQ":2284049505.24,"DPS_HKD":null,"OPERATE_INCOME_QOQ_SQ":3.087258402246,"NET_PROFIT_RATIO_SQ":6.7801290499,"HOLDER_PROFIT_SQ":150644413.98,"HOLDER_PROFIT_QOQ_SQ":2.834405024524,"ROE_AVG_SQ":4.058498227919,"PE_TTM_SQ":53.726779355212,"PB_TTM_SQ":1.337639978922,"ROA_SQ":1.64008820599,"START_DATE":"2020-01-01 00:00:00","FISCAL_YEAR":"12-31","CURRENCY":"HKD","IS_CNY_CODE":0,"DPS_HKD_LY":0.01,"ORG_TYPE":"一般企业","PREMIUM_INCOME":null,"PREMIUM_INCOME_YOY":null,"NET_INTEREST_INCOME":null,"NET_INTEREST_INCOME_YOY":null,"FEE_COMMISSION_INCOME":null,"FEE_COMMISSION_INCOME_YOY":null,"ACCOUNTS_RECE_TDAYS":2.135728095039,"INVENTORY_TDAYS":1.351910841311,"CURRENT_ASSETS_TDAYS":0.79307964659,"TOTAL_ASSETS_TDAYS":0.221944063712,"PREMIUM_EXPENSE":null,"LOAN_DEPOSIT":null,"LOAN_EQUITY":null,"LOAN_ASSETS":null,"DEPOSIT_EQUITY":null,"DEPOSIT_ASSETS":null,"EQUITY_MULTIPLIER":2.609888950976,"EQUITY_RATIO":1.608818890899}],"count":51},"success":true,"message":"ok","code":0}