{"version":"b7157afac939c32197642fa54fe3bffb","result":{"pages":7,"data":[{"SECUCODE":"00771.HK","SECURITY_CODE":"00771","SECURITY_NAME_ABBR":"自动系统","ORG_CODE":"10009115","STD_REPORT_DATE":"2024-06-30 00:00:00","REPORT_DATE":"2024-06-30 00:00:00","DATE_TYPE_CODE":"002","REPORT_TYPE":"2024年中报","PER_NETCASH_OPERATE":0.244703707306,"PER_OI":1.341560950409,"BPS":2.391194440578,"BASIC_EPS":0.041709476,"DILUTED_EPS":0.041709476,"OPERATE_INCOME":1118454658.16,"OPERATE_INCOME_YOY":-1.3616617795,"GROSS_PROFIT":112433961.88,"GROSS_PROFIT_YOY":-2.04949877821,"HOLDER_PROFIT":34774020.68,"HOLDER_PROFIT_YOY":-58.1725966341,"GROSS_PROFIT_RATIO":10.052616890609,"EPS_TTM":0.08371613093,"OPERATE_INCOME_QOQ":-1.261950457078,"NET_PROFIT_RATIO":3.1091131345,"ROE_AVG":1.747120765521,"GROSS_PROFIT_QOQ":-1.055469494052,"ROA":1.202254436116,"HOLDER_PROFIT_QOQ":-41.351634502316,"ROE_YEARLY":3.494241531043,"ROIC_YEARLY":3.000141932123,"TOTAL_ASSETS":2945551488.2,"TOTAL_LIABILITIES":952021071.4,"TAX_EBT":20.555057444901,"OCF_SALES":18.240222871048,"TOTAL_PARENT_EQUITY":1993530416.8,"DEBT_ASSET_RATIO":32.3206392831,"OPERATE_PROFIT":51387534.72,"PRETAX_PROFIT":43771220.12,"NETCASH_OPERATE":204008622.36,"NETCASH_INVEST":-47416464.04,"NETCASH_FINANCE":-36517239.48,"END_CASH":348917564,"DIVI_RATIO":0.324747449482,"DIVIDEND_RATE":3.125,"CURRENT_RATIO":1.827419960859,"COMMON_ACS":2000000000,"CURRENTDEBT_DEBT":83.178395271809,"ISSUED_COMMON_SHARES":833696492,"HK_COMMON_SHARES":833696492,"PER_SHARES":2000,"TOTAL_MARKET_CAP":800348632.32,"HKSK_MARKET_CAP":800348632.32,"PE_TTM":10.217781821803,"PB_TTM":0.366416375486,"REPORT_DATE_SQ":"2023-06-30 00:00:00","REPORT_TYPE_SQ":"2023年中报","OPERATE_INCOME_SQ":1145448590.42,"DPS_HKD":0.03,"OPERATE_INCOME_QOQ_SQ":10.612347625401,"NET_PROFIT_RATIO_SQ":7.3319816256,"HOLDER_PROFIT_SQ":83984080.18,"HOLDER_PROFIT_QOQ_SQ":81.892838105403,"ROE_AVG_SQ":4.343657811834,"PE_TTM_SQ":3.079831112998,"PB_TTM_SQ":0.261703424888,"ROA_SQ":2.978795973356,"START_DATE":"2024-01-01 00:00:00","FISCAL_YEAR":"12-31","CURRENCY":"HKD","IS_CNY_CODE":0,"DPS_HKD_LY":0.03,"ORG_TYPE":"一般企业","PREMIUM_INCOME":null,"PREMIUM_INCOME_YOY":null,"NET_INTEREST_INCOME":null,"NET_INTEREST_INCOME_YOY":null,"FEE_COMMISSION_INCOME":null,"FEE_COMMISSION_INCOME_YOY":null,"ACCOUNTS_RECE_TDAYS":5.791668340497,"INVENTORY_TDAYS":3.565235532325,"CURRENT_ASSETS_TDAYS":0.805961736841,"TOTAL_ASSETS_TDAYS":0.386687259072,"PREMIUM_EXPENSE":null,"LOAN_DEPOSIT":null,"LOAN_EQUITY":null,"LOAN_ASSETS":null,"DEPOSIT_EQUITY":null,"DEPOSIT_ASSETS":null,"EQUITY_MULTIPLIER":1.477555327662,"EQUITY_RATIO":0.477555327662},{"SECUCODE":"00771.HK","SECURITY_CODE":"00771","SECURITY_NAME_ABBR":"自动系统","ORG_CODE":"10009115","STD_REPORT_DATE":"2023-12-31 00:00:00","REPORT_DATE":"2023-12-31 00:00:00","DATE_TYPE_CODE":"001","REPORT_TYPE":"2023年年报","PER_NETCASH_OPERATE":0.075299079056,"PER_OI":2.565759079025,"BPS":2.366721372171,"BASIC_EPS":0.14272965,"DILUTED_EPS":0.14272965,"OPERATE_INCOME":2139064343.5,"OPERATE_INCOME_YOY":6.5420860254,"GROSS_PROFIT":222891152.54,"GROSS_PROFIT_YOY":-8.697396358846,"HOLDER_PROFIT":119003904.18,"HOLDER_PROFIT_YOY":29.2700694,"GROSS_PROFIT_RATIO":10.420030291155,"EPS_TTM":0.142742479214,"OPERATE_INCOME_QOQ":-2.283370210225,"NET_PROFIT_RATIO":5.5633625301,"ROE_AVG":6.198480813097,"GROSS_PROFIT_QOQ":-10.359627314787,"ROA":4.275279712761,"HOLDER_PROFIT_QOQ":-27.900330060146,"ROE_YEARLY":6.198480813097,"ROIC_YEARLY":5.194659807912,"TOTAL_ASSETS":2819154360.68,"TOTAL_LIABILITIES":846027055.16,"TAX_EBT":11.815544542488,"OCF_SALES":2.934768103202,"TOTAL_PARENT_EQUITY":1973127305.52,"DEBT_ASSET_RATIO":30.0099585521,"OPERATE_PROFIT":84459704,"PRETAX_PROFIT":134948845.08,"NETCASH_OPERATE":62776578.06,"NETCASH_INVEST":-258262731.58,"NETCASH_FINANCE":-72532942.58,"END_CASH":228730834.22,"DIVI_RATIO":0.190459071117,"DIVIDEND_RATE":4.411764705882,"CURRENT_RATIO":1.921695846207,"COMMON_ACS":2000000000,"CURRENTDEBT_DEBT":81.126590386663,"ISSUED_COMMON_SHARES":833696492,"HK_COMMON_SHARES":833696492,"PER_SHARES":2000,"TOTAL_MARKET_CAP":566913614.56,"HKSK_MARKET_CAP":566913614.56,"PE_TTM":7.23759545711,"PB_TTM":0.259544932636,"REPORT_DATE_SQ":"2022-12-31 00:00:00","REPORT_TYPE_SQ":"2022年年报","OPERATE_INCOME_SQ":1979027179.22,"DPS_HKD":0.03,"OPERATE_INCOME_QOQ_SQ":15.840676661611,"NET_PROFIT_RATIO_SQ":4.5852241901,"HOLDER_PROFIT_SQ":90742832.95,"HOLDER_PROFIT_QOQ_SQ":0.591438407174,"ROE_AVG_SQ":5.016364850237,"PE_TTM_SQ":3.12579874155,"PB_TTM_SQ":0.265609446155,"ROA_SQ":3.432528687472,"START_DATE":"2023-01-01 00:00:00","FISCAL_YEAR":"12-31","CURRENCY":"HKD","IS_CNY_CODE":0,"DPS_HKD_LY":0.03,"ORG_TYPE":"一般企业","PREMIUM_INCOME":null,"PREMIUM_INCOME_YOY":null,"NET_INTEREST_INCOME":null,"NET_INTEREST_INCOME_YOY":null,"FEE_COMMISSION_INCOME":null,"FEE_COMMISSION_INCOME_YOY":null,"ACCOUNTS_RECE_TDAYS":11.219523208586,"INVENTORY_TDAYS":7.260948247147,"CURRENT_ASSETS_TDAYS":1.630347881914,"TOTAL_ASSETS_TDAYS":0.768470451039,"PREMIUM_EXPENSE":null,"LOAN_DEPOSIT":null,"LOAN_EQUITY":null,"LOAN_ASSETS":null,"DEPOSIT_EQUITY":null,"DEPOSIT_ASSETS":null,"EQUITY_MULTIPLIER":1.428774693246,"EQUITY_RATIO":0.428774693246},{"SECUCODE":"00771.HK","SECURITY_CODE":"00771","SECURITY_NAME_ABBR":"自动系统","ORG_CODE":"10009115","STD_REPORT_DATE":"2023-06-30 00:00:00","REPORT_DATE":"2023-06-30 00:00:00","DATE_TYPE_CODE":"002","REPORT_TYPE":"2023年中报","PER_NETCASH_OPERATE":0.190417263169,"PER_OI":1.373939558834,"BPS":2.360407015171,"BASIC_EPS":0.100772414,"DILUTED_EPS":0.100772414,"OPERATE_INCOME":1145448590.42,"OPERATE_INCOME_YOY":13.5812525598,"GROSS_PROFIT":114786510,"GROSS_PROFIT_YOY":4.105639221135,"HOLDER_PROFIT":83984080.18,"HOLDER_PROFIT_YOY":705.4022988506,"GROSS_PROFIT_RATIO":10.021096621884,"EPS_TTM":0.197979379563,"OPERATE_INCOME_QOQ":10.612347625401,"NET_PROFIT_RATIO":7.3319816256,"ROE_AVG":4.343657811834,"GROSS_PROFIT_QOQ":1.854332937434,"ROA":2.978795973356,"HOLDER_PROFIT_QOQ":81.892838105403,"ROE_YEARLY":8.687315623669,"ROIC_YEARLY":7.439499601343,"TOTAL_ASSETS":2843089442.44,"TOTAL_LIABILITIES":875226394.2,"TAX_EBT":9.633737425845,"OCF_SALES":13.859216873434,"TOTAL_PARENT_EQUITY":1967863048.24,"DEBT_ASSET_RATIO":30.7843425935,"OPERATE_PROFIT":106307981.92,"PRETAX_PROFIT":92937427.96,"NETCASH_OPERATE":158750204.32,"NETCASH_INVEST":-5272803.62,"NETCASH_FINANCE":-48663948.36,"END_CASH":612404931.44,"DIVI_RATIO":0.137320361646,"DIVIDEND_RATE":4.411764705882,"CURRENT_RATIO":1.856408297056,"COMMON_ACS":2000000000,"CURRENTDEBT_DEBT":81.886041146541,"ISSUED_COMMON_SHARES":833696492,"HK_COMMON_SHARES":833696492,"PER_SHARES":2000,"TOTAL_MARKET_CAP":566913614.56,"HKSK_MARKET_CAP":566913614.56,"PE_TTM":7.23759545711,"PB_TTM":0.259544932636,"REPORT_DATE_SQ":"2022-06-30 00:00:00","REPORT_TYPE_SQ":"2022年中报","OPERATE_INCOME_SQ":935427346.56,"DPS_HKD":0.03,"OPERATE_INCOME_QOQ_SQ":1.947467058043,"NET_PROFIT_RATIO_SQ":1.0321716307,"HOLDER_PROFIT_SQ":9672198.9,"HOLDER_PROFIT_QOQ_SQ":2570.23890727803,"ROE_AVG_SQ":0.569885554283,"PE_TTM_SQ":3.12579874155,"PB_TTM_SQ":0.265609446155,"ROA_SQ":0.387175355518,"START_DATE":"2023-01-01 00:00:00","FISCAL_YEAR":"12-31","CURRENCY":"HKD","IS_CNY_CODE":0,"DPS_HKD_LY":0.03,"ORG_TYPE":"一般企业","PREMIUM_INCOME":null,"PREMIUM_INCOME_YOY":null,"NET_INTEREST_INCOME":null,"NET_INTEREST_INCOME_YOY":null,"FEE_COMMISSION_INCOME":null,"FEE_COMMISSION_INCOME_YOY":null,"ACCOUNTS_RECE_TDAYS":7.257882945381,"INVENTORY_TDAYS":3.755354815303,"CURRENT_ASSETS_TDAYS":0.861803241389,"TOTAL_ASSETS_TDAYS":0.406274336936,"PREMIUM_EXPENSE":null,"LOAN_DEPOSIT":null,"LOAN_EQUITY":null,"LOAN_ASSETS":null,"DEPOSIT_EQUITY":null,"DEPOSIT_ASSETS":null,"EQUITY_MULTIPLIER":1.44475980937,"EQUITY_RATIO":0.444759809369},{"SECUCODE":"00771.HK","SECURITY_CODE":"00771","SECURITY_NAME_ABBR":"自动系统","ORG_CODE":"10009115","STD_REPORT_DATE":"2022-12-31 00:00:00","REPORT_DATE":"2022-12-31 00:00:00","DATE_TYPE_CODE":"001","REPORT_TYPE":"2022年年报","PER_NETCASH_OPERATE":0.095053242445,"PER_OI":2.373798136625,"BPS":2.207007629019,"BASIC_EPS":0.108889613,"DILUTED_EPS":0.108800286,"OPERATE_INCOME":1979027179.22,"OPERATE_INCOME_YOY":8.092524468,"GROSS_PROFIT":244123544.84,"GROSS_PROFIT_YOY":29.151584831785,"HOLDER_PROFIT":90742832.95,"HOLDER_PROFIT_YOY":2358.4946757018,"GROSS_PROFIT_RATIO":12.335532700274,"EPS_TTM":0.108843966384,"OPERATE_INCOME_QOQ":15.840676661611,"NET_PROFIT_RATIO":4.5852241901,"ROE_AVG":5.016364850237,"GROSS_PROFIT_QOQ":21.114670749294,"ROA":3.432528687472,"HOLDER_PROFIT_QOQ":0.591438407174,"ROE_YEARLY":5.016364850237,"ROIC_YEARLY":4.261671719759,"TOTAL_ASSETS":2708647435.41,"TOTAL_LIABILITIES":868672917.28,"TAX_EBT":14.910458512723,"OCF_SALES":4.004268138007,"TOTAL_PARENT_EQUITY":1839974518.13,"DEBT_ASSET_RATIO":32.0703575491,"OPERATE_PROFIT":110320631.54,"PRETAX_PROFIT":106643932.22,"NETCASH_OPERATE":79245554.78,"NETCASH_INVEST":-53214773.71,"NETCASH_FINANCE":-71302597.94,"END_CASH":489185916.45,"DIVI_RATIO":0.249775903094,"DIVIDEND_RATE":4.411764705882,"CURRENT_RATIO":1.798226939285,"COMMON_ACS":2000000000,"CURRENTDEBT_DEBT":82.355233715593,"ISSUED_COMMON_SHARES":833696492,"HK_COMMON_SHARES":833696492,"PER_SHARES":2000,"TOTAL_MARKET_CAP":566913614.56,"HKSK_MARKET_CAP":566913614.56,"PE_TTM":7.23759545711,"PB_TTM":0.259544932636,"REPORT_DATE_SQ":"2021-12-31 00:00:00","REPORT_TYPE_SQ":"2021年年报","OPERATE_INCOME_SQ":1675769312,"DPS_HKD":0.03,"OPERATE_INCOME_QOQ_SQ":1.372205253565,"NET_PROFIT_RATIO_SQ":0.2015983451,"HOLDER_PROFIT_SQ":3378323.2,"HOLDER_PROFIT_QOQ_SQ":106.524936619569,"ROE_AVG_SQ":0.197508770068,"PE_TTM_SQ":3.12579874155,"PB_TTM_SQ":0.265609446155,"ROA_SQ":0.134709684655,"START_DATE":"2022-01-01 00:00:00","FISCAL_YEAR":"12-31","CURRENCY":"HKD","IS_CNY_CODE":0,"DPS_HKD_LY":0.03,"ORG_TYPE":"一般企业","PREMIUM_INCOME":null,"PREMIUM_INCOME_YOY":null,"NET_INTEREST_INCOME":null,"NET_INTEREST_INCOME_YOY":null,"FEE_COMMISSION_INCOME":null,"FEE_COMMISSION_INCOME_YOY":null,"ACCOUNTS_RECE_TDAYS":12.187832994551,"INVENTORY_TDAYS":7.462098668905,"CURRENT_ASSETS_TDAYS":1.599046989399,"TOTAL_ASSETS_TDAYS":0.748606511955,"PREMIUM_EXPENSE":null,"LOAN_DEPOSIT":null,"LOAN_EQUITY":null,"LOAN_ASSETS":null,"DEPOSIT_EQUITY":null,"DEPOSIT_ASSETS":null,"EQUITY_MULTIPLIER":1.472111384544,"EQUITY_RATIO":0.472111384544},{"SECUCODE":"00771.HK","SECURITY_CODE":"00771","SECURITY_NAME_ABBR":"自动系统","ORG_CODE":"10009115","STD_REPORT_DATE":"2022-06-30 00:00:00","REPORT_DATE":"2022-06-30 00:00:00","DATE_TYPE_CODE":"002","REPORT_TYPE":"2022年中报","PER_NETCASH_OPERATE":0.131775927108,"PER_OI":1.12202384865,"BPS":2.029910789969,"BASIC_EPS":0.011630584,"DILUTED_EPS":0.011545065,"OPERATE_INCOME":935427346.56,"OPERATE_INCOME_YOY":0.8084934128,"GROSS_PROFIT":110259646.7,"GROSS_PROFIT_YOY":10.967618865525,"HOLDER_PROFIT":9672198.9,"HOLDER_PROFIT_YOY":112.1967000971,"GROSS_PROFIT_RATIO":11.941979360218,"EPS_TTM":0.108204006333,"OPERATE_INCOME_QOQ":1.947467058043,"NET_PROFIT_RATIO":1.0321716307,"ROE_AVG":0.569885554283,"GROSS_PROFIT_QOQ":6.635789068962,"ROA":0.387175355518,"HOLDER_PROFIT_QOQ":2570.23890727803,"ROE_YEARLY":1.139771108566,"ROIC_YEARLY":0.981368318984,"TOTAL_ASSETS":2527631206.03,"TOTAL_LIABILITIES":835301701.36,"TAX_EBT":46.983546617916,"OCF_SALES":11.723863516064,"TOTAL_PARENT_EQUITY":1692329504.67,"DEBT_ASSET_RATIO":33.0468186723,"OPERATE_PROFIT":48479865.91,"PRETAX_PROFIT":18243768.27,"NETCASH_OPERATE":109861128.16,"NETCASH_INVEST":-45403747.48,"NETCASH_FINANCE":-44251806.55,"END_CASH":537467245.63,"DIVI_RATIO":0.251253173717,"DIVIDEND_RATE":4.411764705882,"CURRENT_RATIO":1.738666117024,"COMMON_ACS":2000000000,"CURRENTDEBT_DEBT":81.958015611051,"ISSUED_COMMON_SHARES":833696492,"HK_COMMON_SHARES":833696492,"PER_SHARES":2000,"TOTAL_MARKET_CAP":566913614.56,"HKSK_MARKET_CAP":566913614.56,"PE_TTM":7.23759545711,"PB_TTM":0.259544932636,"REPORT_DATE_SQ":"2021-06-30 00:00:00","REPORT_TYPE_SQ":"2021年中报","OPERATE_INCOME_SQ":904437676.8,"DPS_HKD":0.03,"OPERATE_INCOME_QOQ_SQ":-1.243165741386,"NET_PROFIT_RATIO_SQ":-8.5474812445,"HOLDER_PROFIT_SQ":-77158778.4,"HOLDER_PROFIT_QOQ_SQ":-107.184120377743,"ROE_AVG_SQ":-4.341900936016,"PE_TTM_SQ":3.12579874155,"PB_TTM_SQ":0.265609446155,"ROA_SQ":-2.962080861006,"START_DATE":"2022-01-01 00:00:00","FISCAL_YEAR":"12-31","CURRENCY":"HKD","IS_CNY_CODE":0,"DPS_HKD_LY":0.03,"ORG_TYPE":"一般企业","PREMIUM_INCOME":null,"PREMIUM_INCOME_YOY":null,"NET_INTEREST_INCOME":null,"NET_INTEREST_INCOME_YOY":null,"FEE_COMMISSION_INCOME":null,"FEE_COMMISSION_INCOME_YOY":null,"ACCOUNTS_RECE_TDAYS":6.69265433364,"INVENTORY_TDAYS":3.802050968841,"CURRENT_ASSETS_TDAYS":0.804901035373,"TOTAL_ASSETS_TDAYS":0.375107534446,"PREMIUM_EXPENSE":null,"LOAN_DEPOSIT":null,"LOAN_EQUITY":null,"LOAN_ASSETS":null,"DEPOSIT_EQUITY":null,"DEPOSIT_ASSETS":null,"EQUITY_MULTIPLIER":1.49358100716,"EQUITY_RATIO":0.493581007159},{"SECUCODE":"00771.HK","SECURITY_CODE":"00771","SECURITY_NAME_ABBR":"自动系统","ORG_CODE":"10009115","STD_REPORT_DATE":"2021-12-31 00:00:00","REPORT_DATE":"2021-12-31 00:00:00","DATE_TYPE_CODE":"001","REPORT_TYPE":"2021年年报","PER_NETCASH_OPERATE":0.020620859374,"PER_OI":2.010318007566,"BPS":1.951897046006,"BASIC_EPS":0.004088,"DILUTED_EPS":0.00400624,"OPERATE_INCOME":1675769312,"OPERATE_INCOME_YOY":3.0555864221,"GROSS_PROFIT":189020944,"GROSS_PROFIT_YOY":-12.63946825253,"HOLDER_PROFIT":3378323.2,"HOLDER_PROFIT_YOY":-99.5174577075,"GROSS_PROFIT_RATIO":11.279651837902,"EPS_TTM":0.004052767834,"OPERATE_INCOME_QOQ":1.372205253565,"NET_PROFIT_RATIO":0.2015983451,"ROE_AVG":0.197508770068,"GROSS_PROFIT_QOQ":-13.74247811196,"ROA":0.134709684655,"HOLDER_PROFIT_QOQ":106.524936619569,"ROE_YEARLY":0.197508770068,"ROIC_YEARLY":0.160148645229,"TOTAL_ASSETS":2360147115.2,"TOTAL_LIABILITIES":732857395.2,"TAX_EBT":86.184760440001,"OCF_SALES":1.025751114841,"TOTAL_PARENT_EQUITY":1627289720,"DEBT_ASSET_RATIO":31.0513438116,"OPERATE_PROFIT":52343569.6,"PRETAX_PROFIT":24453598.4,"NETCASH_OPERATE":17189222.4,"NETCASH_INVEST":399553761.6,"NETCASH_FINANCE":-226649348.8,"END_CASH":493787067.2,"DIVI_RATIO":6.708156281266,"DIVIDEND_RATE":4.411764705882,"CURRENT_RATIO":1.84592776091,"COMMON_ACS":2000000000,"CURRENTDEBT_DEBT":80.433468101817,"ISSUED_COMMON_SHARES":833696492,"HK_COMMON_SHARES":833696492,"PER_SHARES":2000,"TOTAL_MARKET_CAP":566913614.56,"HKSK_MARKET_CAP":566913614.56,"PE_TTM":7.23759545711,"PB_TTM":0.259544932636,"REPORT_DATE_SQ":"2020-12-31 00:00:00","REPORT_TYPE_SQ":"2020年年报","OPERATE_INCOME_SQ":1673894872.36,"DPS_HKD":0.03,"OPERATE_INCOME_QOQ_SQ":-36.732178026339,"NET_PROFIT_RATIO_SQ":43.0471091571,"HOLDER_PROFIT_SQ":720694648.72,"HOLDER_PROFIT_QOQ_SQ":-2.930217764848,"ROE_AVG_SQ":47.584469855365,"PE_TTM_SQ":3.12579874155,"PB_TTM_SQ":0.265609446155,"ROA_SQ":28.323340647099,"START_DATE":"2021-01-01 00:00:00","FISCAL_YEAR":"12-31","CURRENCY":"HKD","IS_CNY_CODE":0,"DPS_HKD_LY":0.27,"ORG_TYPE":"一般企业","PREMIUM_INCOME":null,"PREMIUM_INCOME_YOY":null,"NET_INTEREST_INCOME":null,"NET_INTEREST_INCOME_YOY":null,"FEE_COMMISSION_INCOME":null,"FEE_COMMISSION_INCOME_YOY":null,"ACCOUNTS_RECE_TDAYS":9.950819274184,"INVENTORY_TDAYS":8.14085087142,"CURRENT_ASSETS_TDAYS":1.671573576738,"TOTAL_ASSETS_TDAYS":0.66820828621,"PREMIUM_EXPENSE":null,"LOAN_DEPOSIT":null,"LOAN_EQUITY":null,"LOAN_ASSETS":null,"DEPOSIT_EQUITY":null,"DEPOSIT_ASSETS":null,"EQUITY_MULTIPLIER":1.450354590331,"EQUITY_RATIO":0.450354590331},{"SECUCODE":"00771.HK","SECURITY_CODE":"00771","SECURITY_NAME_ABBR":"自动系统","ORG_CODE":"10009115","STD_REPORT_DATE":"2021-06-30 00:00:00","REPORT_DATE":"2021-06-30 00:00:00","DATE_TYPE_CODE":"002","REPORT_TYPE":"2021年中报","PER_NETCASH_OPERATE":0.098002020669,"PER_OI":1.086516762063,"BPS":2.073579631471,"BASIC_EPS":-0.09277692,"DILUTED_EPS":-0.09277692,"OPERATE_INCOME":904437676.8,"OPERATE_INCOME_YOY":7.3043187555,"GROSS_PROFIT":99362001.12,"GROSS_PROFIT_YOY":4.740078183605,"HOLDER_PROFIT":-77158778.4,"HOLDER_PROFIT_YOY":-112.1820649211,"GROSS_PROFIT_RATIO":10.815471927336,"EPS_TTM":-0.062198896983,"OPERATE_INCOME_QOQ":-1.243165741386,"NET_PROFIT_RATIO":-8.5474812445,"ROE_AVG":-4.341900936016,"GROSS_PROFIT_QOQ":1.278740491596,"ROA":-2.962080861006,"HOLDER_PROFIT_QOQ":-107.184120377743,"ROE_YEARLY":-8.683801872032,"ROIC_YEARLY":-6.728463366408,"TOTAL_ASSETS":2507175195.36,"TOTAL_LIABILITIES":778439130.72,"TAX_EBT":-11.459685561806,"OCF_SALES":9.03712020028,"TOTAL_PARENT_EQUITY":1728736064.64,"DEBT_ASSET_RATIO":31.0484537403,"OPERATE_PROFIT":-50946594.24,"PRETAX_PROFIT":-69225727.68,"NETCASH_OPERATE":81578787.36,"NETCASH_INVEST":-31818739.2,"NETCASH_FINANCE":-42153172.8,"END_CASH":314458009.44,"DIVI_RATIO":-0.437091352395,"DIVIDEND_RATE":4.411764705882,"CURRENT_RATIO":1.86765401431,"COMMON_ACS":2000000000,"CURRENTDEBT_DEBT":81.585169539536,"ISSUED_COMMON_SHARES":833696492,"HK_COMMON_SHARES":833696492,"PER_SHARES":2000,"TOTAL_MARKET_CAP":566913614.56,"HKSK_MARKET_CAP":566913614.56,"PE_TTM":7.23759545711,"PB_TTM":0.259544932636,"REPORT_DATE_SQ":"2020-06-30 00:00:00","REPORT_TYPE_SQ":"2020年中报","OPERATE_INCOME_SQ":923517070.08,"DPS_HKD":0.03,"OPERATE_INCOME_QOQ_SQ":4.410899014914,"NET_PROFIT_RATIO_SQ":75.2740763893,"HOLDER_PROFIT_SQ":695311441.44,"HOLDER_PROFIT_QOQ_SQ":788.57883891373,"ROE_AVG_SQ":43.553520924487,"PE_TTM_SQ":3.12579874155,"PB_TTM_SQ":0.265609446155,"ROA_SQ":25.071022668792,"START_DATE":"2021-01-01 00:00:00","FISCAL_YEAR":"12-31","CURRENCY":"HKD","IS_CNY_CODE":0,"DPS_HKD_LY":0.27,"ORG_TYPE":"一般企业","PREMIUM_INCOME":null,"PREMIUM_INCOME_YOY":null,"NET_INTEREST_INCOME":null,"NET_INTEREST_INCOME_YOY":null,"FEE_COMMISSION_INCOME":null,"FEE_COMMISSION_INCOME_YOY":null,"ACCOUNTS_RECE_TDAYS":5.389928842387,"INVENTORY_TDAYS":4.497578163495,"CURRENT_ASSETS_TDAYS":0.851898981182,"TOTAL_ASSETS_TDAYS":0.346544294896,"PREMIUM_EXPENSE":null,"LOAN_DEPOSIT":null,"LOAN_EQUITY":null,"LOAN_ASSETS":null,"DEPOSIT_EQUITY":null,"DEPOSIT_ASSETS":null,"EQUITY_MULTIPLIER":1.450293799407,"EQUITY_RATIO":0.450293799408},{"SECUCODE":"00771.HK","SECURITY_CODE":"00771","SECURITY_NAME_ABBR":"自动系统","ORG_CODE":"10009115","STD_REPORT_DATE":"2020-12-31 00:00:00","REPORT_DATE":"2020-12-31 00:00:00","DATE_TYPE_CODE":"001","REPORT_TYPE":"2020年年报","PER_NETCASH_OPERATE":0.086150956442,"PER_OI":2.015992794163,"BPS":2.214695585549,"BASIC_EPS":0.870003268,"DILUTED_EPS":0.869245792,"OPERATE_INCOME":1673894872.36,"OPERATE_INCOME_YOY":4.5004823465,"GROSS_PROFIT":216368811.2,"GROSS_PROFIT_YOY":14.875207708877,"HOLDER_PROFIT":720694648.72,"HOLDER_PROFIT_YOY":818.0260731592,"GROSS_PROFIT_RATIO":12.926069299379,"EPS_TTM":0.867984747789,"OPERATE_INCOME_QOQ":-36.732178026339,"NET_PROFIT_RATIO":43.0471091571,"ROE_AVG":47.584469855365,"GROSS_PROFIT_QOQ":-57.270869335532,"ROA":28.323340647099,"HOLDER_PROFIT_QOQ":-2.930217764848,"ROE_YEARLY":47.584469855365,"ROIC_YEARLY":33.109637506042,"TOTAL_ASSETS":2733644195.08,"TOTAL_LIABILITIES":887260254.56,"TAX_EBT":52.544531645095,"OCF_SALES":4.273376209054,"TOTAL_PARENT_EQUITY":1846383940.52,"DEBT_ASSET_RATIO":32.4570496832,"OPERATE_PROFIT":105230249.2,"PRETAX_PROFIT":44934317.96,"NETCASH_OPERATE":71531825.24,"NETCASH_INVEST":186005806.56,"NETCASH_FINANCE":-328788349.28,"END_CASH":311845294.44,"DIVI_RATIO":0.031321518113,"DIVIDEND_RATE":4.411764705882,"CURRENT_RATIO":1.320709232721,"COMMON_ACS":2000000000,"CURRENTDEBT_DEBT":80.548262006215,"ISSUED_COMMON_SHARES":833696492,"HK_COMMON_SHARES":833696492,"PER_SHARES":2000,"TOTAL_MARKET_CAP":566913614.56,"HKSK_MARKET_CAP":566913614.56,"PE_TTM":7.23759545711,"PB_TTM":0.259544932636,"REPORT_DATE_SQ":"2019-12-31 00:00:00","REPORT_TYPE_SQ":"2019年年报","OPERATE_INCOME_SQ":1704844912.88,"DPS_HKD":0.03,"OPERATE_INCOME_QOQ_SQ":10.167301589219,"NET_PROFIT_RATIO_SQ":3.5459897277,"HOLDER_PROFIT_SQ":83554775.28,"HOLDER_PROFIT_QOQ_SQ":24.893363799582,"ROE_AVG_SQ":7.125339314149,"PE_TTM_SQ":3.12579874155,"PB_TTM_SQ":0.265609446155,"ROA_SQ":3.601651394001,"START_DATE":"2020-01-01 00:00:00","FISCAL_YEAR":"12-31","CURRENCY":"HKD","IS_CNY_CODE":0,"DPS_HKD_LY":0.073,"ORG_TYPE":"一般企业","PREMIUM_INCOME":null,"PREMIUM_INCOME_YOY":null,"NET_INTEREST_INCOME":null,"NET_INTEREST_INCOME_YOY":null,"FEE_COMMISSION_INCOME":null,"FEE_COMMISSION_INCOME_YOY":null,"ACCOUNTS_RECE_TDAYS":6.803077180938,"INVENTORY_TDAYS":7.20575122279,"CURRENT_ASSETS_TDAYS":1.514102818356,"TOTAL_ASSETS_TDAYS":0.657841636003,"PREMIUM_EXPENSE":null,"LOAN_DEPOSIT":null,"LOAN_EQUITY":null,"LOAN_ASSETS":null,"DEPOSIT_EQUITY":null,"DEPOSIT_ASSETS":null,"EQUITY_MULTIPLIER":1.480539412788,"EQUITY_RATIO":0.480539412789},{"SECUCODE":"00771.HK","SECURITY_CODE":"00771","SECURITY_NAME_ABBR":"自动系统","ORG_CODE":"10009115","STD_REPORT_DATE":"2020-06-30 00:00:00","REPORT_DATE":"2020-06-30 00:00:00","DATE_TYPE_CODE":"002","REPORT_TYPE":"2020年中报","PER_NETCASH_OPERATE":0.073571908504,"PER_OI":1.116283541662,"BPS":2.290130920786,"BASIC_EPS":0.840456144,"DILUTED_EPS":0.840456144,"OPERATE_INCOME":923517070.08,"OPERATE_INCOME_YOY":9.5618099775,"GROSS_PROFIT":94865311.2,"GROSS_PROFIT_YOY":1.085585297061,"HOLDER_PROFIT":695311441.44,"HOLDER_PROFIT_YOY":1738.7385864051,"GROSS_PROFIT_RATIO":10.27217733959,"EPS_TTM":0.897422257205,"OPERATE_INCOME_QOQ":4.410899014914,"NET_PROFIT_RATIO":75.2740763893,"ROE_AVG":43.553520924487,"GROSS_PROFIT_QOQ":0.201597992974,"ROA":25.071022668792,"HOLDER_PROFIT_QOQ":788.57883891373,"ROE_YEARLY":87.107041848974,"ROIC_YEARLY":59.261124827144,"TOTAL_ASSETS":2990387901.6,"TOTAL_LIABILITIES":1081113786.72,"TAX_EBT":184.967724820939,"OCF_SALES":6.590790400304,"TOTAL_PARENT_EQUITY":1909274114.88,"DEBT_ASSET_RATIO":36.1529614985,"OPERATE_PROFIT":32676489.12,"PRETAX_PROFIT":10330092.96,"NETCASH_OPERATE":60867074.4,"NETCASH_INVEST":251573250.72,"NETCASH_FINANCE":-333941789.28,"END_CASH":393550143.36,"DIVI_RATIO":0.030294100444,"DIVIDEND_RATE":4.411764705882,"CURRENT_RATIO":1.165630316434,"COMMON_ACS":2000000000,"CURRENTDEBT_DEBT":79.461760801918,"ISSUED_COMMON_SHARES":833696492,"HK_COMMON_SHARES":833696492,"PER_SHARES":2000,"TOTAL_MARKET_CAP":566913614.56,"HKSK_MARKET_CAP":566913614.56,"PE_TTM":7.23759545711,"PB_TTM":0.259544932636,"REPORT_DATE_SQ":"2019-06-30 00:00:00","REPORT_TYPE_SQ":"2019年中报","OPERATE_INCOME_SQ":811746729.36,"DPS_HKD":0.03,"OPERATE_INCOME_QOQ_SQ":11.969883740356,"NET_PROFIT_RATIO_SQ":3.2207306915,"HOLDER_PROFIT_SQ":36416164.68,"HOLDER_PROFIT_QOQ_SQ":-9.461954679273,"ROE_AVG_SQ":3.283542431327,"PE_TTM_SQ":3.12579874155,"PB_TTM_SQ":0.265609446155,"ROA_SQ":1.68443684196,"START_DATE":"2020-01-01 00:00:00","FISCAL_YEAR":"12-31","CURRENCY":"HKD","IS_CNY_CODE":0,"DPS_HKD_LY":0.073,"ORG_TYPE":"一般企业","PREMIUM_INCOME":null,"PREMIUM_INCOME_YOY":null,"NET_INTEREST_INCOME":null,"NET_INTEREST_INCOME_YOY":null,"FEE_COMMISSION_INCOME":null,"FEE_COMMISSION_INCOME_YOY":null,"ACCOUNTS_RECE_TDAYS":3.771557536814,"INVENTORY_TDAYS":3.764188678932,"CURRENT_ASSETS_TDAYS":0.777154980245,"TOTAL_ASSETS_TDAYS":0.332994914495,"PREMIUM_EXPENSE":null,"LOAN_DEPOSIT":null,"LOAN_EQUITY":null,"LOAN_ASSETS":null,"DEPOSIT_EQUITY":null,"DEPOSIT_ASSETS":null,"EQUITY_MULTIPLIER":1.566243358298,"EQUITY_RATIO":0.566243358297}],"count":62},"success":true,"message":"ok","code":0}