{"version":"da488b902cd35b7be6de3e7285fddaba","result":{"pages":6,"data":[{"SECUCODE":"00776.HK","SECURITY_CODE":"00776","SECURITY_NAME_ABBR":"帝国科技集团","ORG_CODE":"10010826","STD_REPORT_DATE":"2024-06-30 00:00:00","REPORT_DATE":"2024-06-30 00:00:00","DATE_TYPE_CODE":"002","REPORT_TYPE":"2024年中报","PER_NETCASH_OPERATE":-0.012068869327,"PER_OI":0.08299144935,"BPS":-0.683640951423,"BASIC_EPS":-0.0730144,"DILUTED_EPS":-0.0730144,"OPERATE_INCOME":25813328.44,"OPERATE_INCOME_YOY":-31.0372573881,"GROSS_PROFIT":6305706.12,"GROSS_PROFIT_YOY":813.125368340749,"HOLDER_PROFIT":-23765274.52,"HOLDER_PROFIT_YOY":33.1613532522,"GROSS_PROFIT_RATIO":24.428101686526,"EPS_TTM":-0.333083556051,"OPERATE_INCOME_QOQ":-18.248577990094,"NET_PROFIT_RATIO":-89.9162040802,"ROE_AVG":9.786264878212,"GROSS_PROFIT_QOQ":58.229725484734,"ROA":-29.307356383937,"HOLDER_PROFIT_QOQ":10.499163224914,"ROE_YEARLY":19.572529756424,"ROIC_YEARLY":-65.968699132924,"TOTAL_ASSETS":70063705.56,"TOTAL_LIABILITIES":324890350.32,"TAX_EBT":null,"OCF_SALES":-14.542304564579,"TOTAL_PARENT_EQUITY":-255164336.36,"DEBT_ASSET_RATIO":463.707061628,"OPERATE_PROFIT":-15214375.6,"PRETAX_PROFIT":-23210365.08,"NETCASH_OPERATE":-3753852.84,"NETCASH_INVEST":454514.64,"NETCASH_FINANCE":3650720,"END_CASH":8659507.84,"DIVI_RATIO":null,"DIVIDEND_RATE":null,"CURRENT_RATIO":0.132893653896,"COMMON_ACS":5000000000,"CURRENTDEBT_DEBT":77.479535022221,"ISSUED_COMMON_SHARES":373243200,"HK_COMMON_SHARES":373243200,"PER_SHARES":500,"TOTAL_MARKET_CAP":1018953936,"HKSK_MARKET_CAP":1018953936,"PE_TTM":-8.874823070357,"PB_TTM":-3.644627190363,"REPORT_DATE_SQ":"2023-06-30 00:00:00","REPORT_TYPE_SQ":"2023年中报","OPERATE_INCOME_SQ":37812243.76,"DPS_HKD":null,"OPERATE_INCOME_QOQ_SQ":-15.980231492752,"NET_PROFIT_RATIO_SQ":-95.7865990442,"HOLDER_PROFIT_SQ":-35918496.84,"HOLDER_PROFIT_QOQ_SQ":35.115899000413,"ROE_AVG_SQ":25.989066153441,"PE_TTM_SQ":-13.920666541835,"PB_TTM_SQ":-8.829162461815,"ROA_SQ":-18.771100684478,"START_DATE":"2024-01-01 00:00:00","FISCAL_YEAR":"12-31","CURRENCY":"HKD","IS_CNY_CODE":0,"DPS_HKD_LY":null,"ORG_TYPE":"一般企业","PREMIUM_INCOME":null,"PREMIUM_INCOME_YOY":null,"NET_INTEREST_INCOME":null,"NET_INTEREST_INCOME_YOY":null,"FEE_COMMISSION_INCOME":null,"FEE_COMMISSION_INCOME_YOY":null,"ACCOUNTS_RECE_TDAYS":1.794265051069,"INVENTORY_TDAYS":100.583529411765,"CURRENT_ASSETS_TDAYS":0.647326741738,"TOTAL_ASSETS_TDAYS":0.318330181884,"PREMIUM_EXPENSE":null,"LOAN_DEPOSIT":null,"LOAN_EQUITY":null,"LOAN_ASSETS":null,"DEPOSIT_EQUITY":null,"DEPOSIT_ASSETS":null,"EQUITY_MULTIPLIER":-0.274946545037,"EQUITY_RATIO":-1.273259245217},{"SECUCODE":"00776.HK","SECURITY_CODE":"00776","SECURITY_NAME_ABBR":"帝国科技集团","ORG_CODE":"10010826","STD_REPORT_DATE":"2023-12-31 00:00:00","REPORT_DATE":"2023-12-31 00:00:00","DATE_TYPE_CODE":"001","REPORT_TYPE":"2023年年报","PER_NETCASH_OPERATE":-0.149835311475,"PER_OI":0.211398695135,"BPS":-0.613247150759,"BASIC_EPS":-0.3715502,"DILUTED_EPS":-0.3715502,"OPERATE_INCOME":65752604.54,"OPERATE_INCOME_YOY":-45.4872615533,"GROSS_PROFIT":9643087.02,"GROSS_PROFIT_YOY":-47.123502490568,"HOLDER_PROFIT":-115754199.26,"HOLDER_PROFIT_YOY":29.3840251211,"GROSS_PROFIT_RATIO":14.665711096104,"EPS_TTM":-0.372156918363,"OPERATE_INCOME_QOQ":-34.178628613331,"NET_PROFIT_RATIO":-170.1407169536,"ROE_AVG":67.836459182508,"GROSS_PROFIT_QOQ":-13.773094343639,"ROA":-73.546957169614,"HOLDER_PROFIT_QOQ":-10.411868808603,"ROE_YEARLY":67.836459182508,"ROIC_YEARLY":-85.458932743757,"TOTAL_ASSETS":91463878.38,"TOTAL_LIABILITIES":320569887.68,"TAX_EBT":-0.48022529892,"OCF_SALES":-70.878068277354,"TOTAL_PARENT_EQUITY":-228890328.94,"DEBT_ASSET_RATIO":350.4879667885,"OPERATE_PROFIT":-96119130.52,"PRETAX_PROFIT":-111337282.98,"NETCASH_OPERATE":-46604175.94,"NETCASH_INVEST":-4918055.94,"NETCASH_FINANCE":21429384.34,"END_CASH":9233475.58,"DIVI_RATIO":null,"DIVIDEND_RATE":null,"CURRENT_RATIO":0.196058047187,"COMMON_ACS":5000000000,"CURRENTDEBT_DEBT":73.147530417477,"ISSUED_COMMON_SHARES":373243200,"HK_COMMON_SHARES":373243200,"PER_SHARES":500,"TOTAL_MARKET_CAP":1728116016,"HKSK_MARKET_CAP":1728116016,"PE_TTM":-15.051439859251,"PB_TTM":-6.181180912593,"REPORT_DATE_SQ":"2022-12-31 00:00:00","REPORT_TYPE_SQ":"2022年年报","OPERATE_INCOME_SQ":118895130.27,"DPS_HKD":null,"OPERATE_INCOME_QOQ_SQ":-7.577590726689,"NET_PROFIT_RATIO_SQ":-135.4994433594,"HOLDER_PROFIT_SQ":-161578250.68,"HOLDER_PROFIT_QOQ_SQ":-11.259410885689,"ROE_AVG_SQ":260.901515654542,"PE_TTM_SQ":-15.901362582857,"PB_TTM_SQ":-10.085416038546,"ROA_SQ":-67.630839790758,"START_DATE":"2023-01-01 00:00:00","FISCAL_YEAR":"12-31","CURRENCY":"HKD","IS_CNY_CODE":0,"DPS_HKD_LY":null,"ORG_TYPE":"一般企业","PREMIUM_INCOME":null,"PREMIUM_INCOME_YOY":null,"NET_INTEREST_INCOME":null,"NET_INTEREST_INCOME_YOY":null,"FEE_COMMISSION_INCOME":null,"FEE_COMMISSION_INCOME_YOY":null,"ACCOUNTS_RECE_TDAYS":2.781933554435,"INVENTORY_TDAYS":72.433148261235,"CURRENT_ASSETS_TDAYS":0.908184223474,"TOTAL_ASSETS_TDAYS":0.41777352535,"PREMIUM_EXPENSE":null,"LOAN_DEPOSIT":null,"LOAN_EQUITY":null,"LOAN_ASSETS":null,"DEPOSIT_EQUITY":null,"DEPOSIT_ASSETS":null,"EQUITY_MULTIPLIER":-0.399220774084,"EQUITY_RATIO":-1.400539241499},{"SECUCODE":"00776.HK","SECURITY_CODE":"00776","SECURITY_NAME_ABBR":"帝国科技集团","ORG_CODE":"10010826","STD_REPORT_DATE":"2023-06-30 00:00:00","REPORT_DATE":"2023-06-30 00:00:00","DATE_TYPE_CODE":"002","REPORT_TYPE":"2023年中报","PER_NETCASH_OPERATE":-0.051165449594,"PER_OI":0.121568705102,"BPS":-0.434231466829,"BASIC_EPS":-0.1198574,"DILUTED_EPS":-0.1198574,"OPERATE_INCOME":37812243.76,"OPERATE_INCOME_YOY":-38.2646917148,"GROSS_PROFIT":690563.02,"GROSS_PROFIT_YOY":-91.083297227318,"HOLDER_PROFIT":-35918496.84,"HOLDER_PROFIT_YOY":64.0436371691,"GROSS_PROFIT_RATIO":1.826294743002,"EPS_TTM":-0.337062421259,"OPERATE_INCOME_QOQ":-15.980231492752,"NET_PROFIT_RATIO":-95.7865990442,"ROE_AVG":25.989066153441,"GROSS_PROFIT_QOQ":-38.678916879643,"ROA":-18.771100684478,"HOLDER_PROFIT_QOQ":35.115899000413,"ROE_YEARLY":51.978132306882,"ROIC_YEARLY":-43.394522909576,"TOTAL_ASSETS":155503912.74,"TOTAL_LIABILITIES":321841090.48,"TAX_EBT":null,"OCF_SALES":-42.08768165415,"TOTAL_PARENT_EQUITY":-162073942.22,"DEBT_ASSET_RATIO":206.9665546089,"OPERATE_PROFIT":-29559600.78,"PRETAX_PROFIT":-36219062.32,"NETCASH_OPERATE":-15914296.78,"NETCASH_INVEST":-6195705.6,"NETCASH_FINANCE":3907351.24,"END_CASH":20410793.24,"DIVI_RATIO":null,"DIVIDEND_RATE":null,"CURRENT_RATIO":0.342906930602,"COMMON_ACS":5000000000,"CURRENTDEBT_DEBT":49.811788836815,"ISSUED_COMMON_SHARES":373243200,"HK_COMMON_SHARES":373243200,"PER_SHARES":500,"TOTAL_MARKET_CAP":1728116016,"HKSK_MARKET_CAP":1728116016,"PE_TTM":-15.051439859251,"PB_TTM":-6.181180912593,"REPORT_DATE_SQ":"2022-06-30 00:00:00","REPORT_TYPE_SQ":"2022年中报","OPERATE_INCOME_SQ":56811982.08,"DPS_HKD":null,"OPERATE_INCOME_QOQ_SQ":-2.347095873991,"NET_PROFIT_RATIO_SQ":-158.6946050096,"HOLDER_PROFIT_SQ":-92658126.12,"HOLDER_PROFIT_QOQ_SQ":-79.362596407093,"ROE_AVG_SQ":194.522727747679,"PE_TTM_SQ":-15.901362582857,"PB_TTM_SQ":-10.085416038546,"ROA_SQ":-39.111158034939,"START_DATE":"2023-01-01 00:00:00","FISCAL_YEAR":"12-31","CURRENCY":"HKD","IS_CNY_CODE":0,"DPS_HKD_LY":null,"ORG_TYPE":"一般企业","PREMIUM_INCOME":null,"PREMIUM_INCOME_YOY":null,"NET_INTEREST_INCOME":null,"NET_INTEREST_INCOME_YOY":null,"FEE_COMMISSION_INCOME":null,"FEE_COMMISSION_INCOME_YOY":null,"ACCOUNTS_RECE_TDAYS":1.744374973417,"INVENTORY_TDAYS":25.198992115419,"CURRENT_ASSETS_TDAYS":0.486273429017,"TOTAL_ASSETS_TDAYS":0.197607777933,"PREMIUM_EXPENSE":null,"LOAN_DEPOSIT":null,"LOAN_EQUITY":null,"LOAN_ASSETS":null,"DEPOSIT_EQUITY":null,"DEPOSIT_ASSETS":null,"EQUITY_MULTIPLIER":-0.93487165559,"EQUITY_RATIO":-1.985767027516},{"SECUCODE":"00776.HK","SECURITY_CODE":"00776","SECURITY_NAME_ABBR":"帝国科技集团","ORG_CODE":"10010826","STD_REPORT_DATE":"2022-12-31 00:00:00","REPORT_DATE":"2022-12-31 00:00:00","DATE_TYPE_CODE":"001","REPORT_TYPE":"2022年年报","PER_NETCASH_OPERATE":-0.068700942626,"PER_OI":0.382255206053,"BPS":-0.296798113654,"BASIC_EPS":-0.5180966,"DILUTED_EPS":-0.5180966,"OPERATE_INCOME":118895130.27,"OPERATE_INCOME_YOY":-17.3922900029,"GROSS_PROFIT":18237000.32,"GROSS_PROFIT_YOY":16.136642635239,"HOLDER_PROFIT":-161578250.68,"HOLDER_PROFIT_YOY":-82.6529842133,"GROSS_PROFIT_RATIO":15.339065930979,"EPS_TTM":-0.51948384283,"OPERATE_INCOME_QOQ":-7.577590726689,"NET_PROFIT_RATIO":-135.4994433594,"ROE_AVG":260.901515654542,"GROSS_PROFIT_QOQ":15.414512978823,"ROA":-67.630839790758,"HOLDER_PROFIT_QOQ":-11.259410885689,"ROE_YEARLY":260.901515654542,"ROIC_YEARLY":-80.175879145015,"TOTAL_ASSETS":220121379.94,"TOTAL_LIABILITIES":334738640.18,"TAX_EBT":0.140638409789,"OCF_SALES":-17.972512769217,"TOTAL_PARENT_EQUITY":-110777985.78,"DEBT_ASSET_RATIO":152.0701003023,"OPERATE_PROFIT":-150428454.54,"PRETAX_PROFIT":-161329028.35,"NETCASH_OPERATE":-21367911.67,"NETCASH_INVEST":-36393606.34,"NETCASH_FINANCE":56613666.06,"END_CASH":38199798.28,"DIVI_RATIO":null,"DIVIDEND_RATE":null,"CURRENT_RATIO":0.604680672444,"COMMON_ACS":5000000000,"CURRENTDEBT_DEBT":48.127204897341,"ISSUED_COMMON_SHARES":373243200,"HK_COMMON_SHARES":373243200,"PER_SHARES":500,"TOTAL_MARKET_CAP":1728116016,"HKSK_MARKET_CAP":1728116016,"PE_TTM":-15.051439859251,"PB_TTM":-6.181180912593,"REPORT_DATE_SQ":"2021-12-31 00:00:00","REPORT_TYPE_SQ":"2021年年报","OPERATE_INCOME_SQ":131735281.6416,"DPS_HKD":null,"OPERATE_INCOME_QOQ_SQ":-8.381395089574,"NET_PROFIT_RATIO_SQ":-62.301375324,"HOLDER_PROFIT_SQ":-80968121.696,"HOLDER_PROFIT_QOQ_SQ":-34.315071380419,"ROE_AVG_SQ":312.435277035112,"PE_TTM_SQ":-15.901362582857,"PB_TTM_SQ":-10.085416038546,"ROA_SQ":-38.664256878756,"START_DATE":"2022-01-01 00:00:00","FISCAL_YEAR":"12-31","CURRENCY":"HKD","IS_CNY_CODE":0,"DPS_HKD_LY":null,"ORG_TYPE":"一般企业","PREMIUM_INCOME":null,"PREMIUM_INCOME_YOY":null,"NET_INTEREST_INCOME":null,"NET_INTEREST_INCOME_YOY":null,"FEE_COMMISSION_INCOME":null,"FEE_COMMISSION_INCOME_YOY":null,"ACCOUNTS_RECE_TDAYS":4.365786314603,"INVENTORY_TDAYS":83.990967693367,"CURRENT_ASSETS_TDAYS":1.085647416843,"TOTAL_ASSETS_TDAYS":0.497653004937,"PREMIUM_EXPENSE":null,"LOAN_DEPOSIT":null,"LOAN_EQUITY":null,"LOAN_ASSETS":null,"DEPOSIT_EQUITY":null,"DEPOSIT_ASSETS":null,"EQUITY_MULTIPLIER":-1.920487946431,"EQUITY_RATIO":-3.021707226603},{"SECUCODE":"00776.HK","SECURITY_CODE":"00776","SECURITY_NAME_ABBR":"帝国科技集团","ORG_CODE":"10010826","STD_REPORT_DATE":"2022-06-30 00:00:00","REPORT_DATE":"2022-06-30 00:00:00","DATE_TYPE_CODE":"002","REPORT_TYPE":"2022年中报","PER_NETCASH_OPERATE":0.004443173909,"PER_OI":0.182654040304,"BPS":-0.221682117397,"BASIC_EPS":-0.2993165,"DILUTED_EPS":-0.2993165,"OPERATE_INCOME":56811982.08,"OPERATE_INCOME_YOY":-7.7243620908,"GROSS_PROFIT":7744600.64,"GROSS_PROFIT_YOY":1.289795157173,"HOLDER_PROFIT":-92658126.12,"HOLDER_PROFIT_YOY":-217.4474817614,"GROSS_PROFIT_RATIO":13.631984585742,"EPS_TTM":-0.466912271686,"OPERATE_INCOME_QOQ":-2.347095873991,"NET_PROFIT_RATIO":-158.6946050096,"ROE_AVG":194.522727747679,"GROSS_PROFIT_QOQ":0.628014886048,"ROA":-39.111158034939,"HOLDER_PROFIT_QOQ":-79.362596407093,"ROE_YEARLY":389.045455495359,"ROIC_YEARLY":-96.678307598167,"TOTAL_ASSETS":227102546.02,"TOTAL_LIABILITIES":305456764.2,"TAX_EBT":0.037927634074,"OCF_SALES":2.432562620424,"TOTAL_PARENT_EQUITY":-82741342.88,"DEBT_ASSET_RATIO":134.5016907794,"OPERATE_PROFIT":-85558338.74,"PRETAX_PROFIT":-90191758.16,"NETCASH_OPERATE":1381987.04,"NETCASH_INVEST":-16247754.81,"NETCASH_FINANCE":32053376.39,"END_CASH":47383512.33,"DIVI_RATIO":null,"DIVIDEND_RATE":null,"CURRENT_RATIO":0.414101067453,"COMMON_ACS":5000000000,"CURRENTDEBT_DEBT":93.292737555294,"ISSUED_COMMON_SHARES":373243200,"HK_COMMON_SHARES":373243200,"PER_SHARES":500,"TOTAL_MARKET_CAP":1728116016,"HKSK_MARKET_CAP":1728116016,"PE_TTM":-15.051439859251,"PB_TTM":-6.181180912593,"REPORT_DATE_SQ":"2021-06-30 00:00:00","REPORT_TYPE_SQ":"2021年中报","OPERATE_INCOME_SQ":59903935.44,"DPS_HKD":null,"OPERATE_INCOME_QOQ_SQ":-8.329173747569,"NET_PROFIT_RATIO_SQ":-47.3615490395,"HOLDER_PROFIT_SQ":-28399722.48,"HOLDER_PROFIT_QOQ_SQ":10.709062357059,"ROE_AVG_SQ":462.308783419896,"PE_TTM_SQ":-15.901362582857,"PB_TTM_SQ":-10.085416038546,"ROA_SQ":-12.510859005729,"START_DATE":"2022-01-01 00:00:00","FISCAL_YEAR":"12-31","CURRENCY":"HKD","IS_CNY_CODE":0,"DPS_HKD_LY":null,"ORG_TYPE":"一般企业","PREMIUM_INCOME":null,"PREMIUM_INCOME_YOY":null,"NET_INTEREST_INCOME":null,"NET_INTEREST_INCOME_YOY":null,"FEE_COMMISSION_INCOME":null,"FEE_COMMISSION_INCOME_YOY":null,"ACCOUNTS_RECE_TDAYS":2.59867555249,"INVENTORY_TDAYS":43.821002629978,"CURRENT_ASSETS_TDAYS":0.4846651348,"TOTAL_ASSETS_TDAYS":0.239804375769,"PREMIUM_EXPENSE":null,"LOAN_DEPOSIT":null,"LOAN_EQUITY":null,"LOAN_ASSETS":null,"DEPOSIT_EQUITY":null,"DEPOSIT_ASSETS":null,"EQUITY_MULTIPLIER":-2.898408679139,"EQUITY_RATIO":-3.691706631387},{"SECUCODE":"00776.HK","SECURITY_CODE":"00776","SECURITY_NAME_ABBR":"帝国科技集团","ORG_CODE":"10010826","STD_REPORT_DATE":"2021-12-31 00:00:00","REPORT_DATE":"2021-12-31 00:00:00","DATE_TYPE_CODE":"001","REPORT_TYPE":"2021年年报","PER_NETCASH_OPERATE":-0.14263055868,"PER_OI":0.423537087802,"BPS":-0.032084255576,"BASIC_EPS":-0.269808,"DILUTED_EPS":-0.269808,"OPERATE_INCOME":131735281.6416,"OPERATE_INCOME_YOY":-13.5429714586,"GROSS_PROFIT":15703054.528,"GROSS_PROFIT_YOY":79.191324520754,"HOLDER_PROFIT":-80968121.696,"HOLDER_PROFIT_YOY":-23.4575390367,"GROSS_PROFIT_RATIO":11.920158618343,"EPS_TTM":-0.260317524968,"OPERATE_INCOME_QOQ":-8.381395089574,"NET_PROFIT_RATIO":-62.301375324,"ROE_AVG":312.435277035112,"GROSS_PROFIT_QOQ":12.446537057079,"ROA":-38.664256878756,"HOLDER_PROFIT_QOQ":-34.315071380419,"ROE_YEARLY":312.435277035112,"ROIC_YEARLY":-48.506126157985,"TOTAL_ASSETS":235872373.9008,"TOTAL_LIABILITIES":246044117.5136,"TAX_EBT":-0.199350226961,"OCF_SALES":-33.676049344393,"TOTAL_PARENT_EQUITY":-11975230.2208,"DEBT_ASSET_RATIO":104.3123929456,"OPERATE_PROFIT":-73221238.2384,"PRETAX_PROFIT":-81909605.2656,"NETCASH_OPERATE":-44363238.4496,"NETCASH_INVEST":-37654501.7744,"NETCASH_FINANCE":70272426.4816,"END_CASH":35178229.296,"DIVI_RATIO":null,"DIVIDEND_RATE":null,"CURRENT_RATIO":0.465320774381,"COMMON_ACS":5000000000,"CURRENTDEBT_DEBT":97.226725212635,"ISSUED_COMMON_SHARES":373243200,"HK_COMMON_SHARES":373243200,"PER_SHARES":500,"TOTAL_MARKET_CAP":1728116016,"HKSK_MARKET_CAP":1728116016,"PE_TTM":-15.051439859251,"PB_TTM":-6.181180912593,"REPORT_DATE_SQ":"2020-12-31 00:00:00","REPORT_TYPE_SQ":"2020年年报","OPERATE_INCOME_SQ":156850997.181,"DPS_HKD":null,"OPERATE_INCOME_QOQ_SQ":-10.580730761967,"NET_PROFIT_RATIO_SQ":-43.9302095193,"HOLDER_PROFIT_SQ":-67512149.23344,"HOLDER_PROFIT_QOQ_SQ":6.938811745624,"ROE_AVG_SQ":532.006501601939,"PE_TTM_SQ":-15.901362582857,"PB_TTM_SQ":-10.085416038546,"ROA_SQ":-35.696325551609,"START_DATE":"2021-01-01 00:00:00","FISCAL_YEAR":"12-31","CURRENCY":"HKD","IS_CNY_CODE":0,"DPS_HKD_LY":null,"ORG_TYPE":"一般企业","PREMIUM_INCOME":null,"PREMIUM_INCOME_YOY":null,"NET_INTEREST_INCOME":null,"NET_INTEREST_INCOME_YOY":null,"FEE_COMMISSION_INCOME":null,"FEE_COMMISSION_INCOME_YOY":null,"ACCOUNTS_RECE_TDAYS":7.999412273607,"INVENTORY_TDAYS":15.874961736878,"CURRENT_ASSETS_TDAYS":1.220126138026,"TOTAL_ASSETS_TDAYS":0.629068164445,"PREMIUM_EXPENSE":null,"LOAN_DEPOSIT":null,"LOAN_EQUITY":null,"LOAN_ASSETS":null,"DEPOSIT_EQUITY":null,"DEPOSIT_ASSETS":null,"EQUITY_MULTIPLIER":-23.188981445216,"EQUITY_RATIO":-20.546086628568},{"SECUCODE":"00776.HK","SECURITY_CODE":"00776","SECURITY_NAME_ABBR":"帝国科技集团","ORG_CODE":"10010826","STD_REPORT_DATE":"2021-06-30 00:00:00","REPORT_DATE":"2021-06-30 00:00:00","DATE_TYPE_CODE":"002","REPORT_TYPE":"2021年中报","PER_NETCASH_OPERATE":-0.098184776553,"PER_OI":0.192594861817,"BPS":0.075754656696,"BASIC_EPS":-0.0915288,"DILUTED_EPS":-0.0915288,"OPERATE_INCOME":59903935.44,"OPERATE_INCOME_YOY":-9.8769450321,"GROSS_PROFIT":7645983.12,"GROSS_PROFIT_YOY":212.800328252064,"HOLDER_PROFIT":-28399722.48,"HOLDER_PROFIT_YOY":12.4980772189,"GROSS_PROFIT_RATIO":12.763740919256,"EPS_TTM":-0.193811105703,"OPERATE_INCOME_QOQ":-8.329173747569,"NET_PROFIT_RATIO":-47.3615490395,"ROE_AVG":462.308783419896,"GROSS_PROFIT_QOQ":59.356907923091,"ROA":-12.510859005729,"HOLDER_PROFIT_QOQ":10.709062357059,"ROE_YEARLY":924.617566839791,"ROIC_YEARLY":-37.15363287359,"TOTAL_ASSETS":267806612.16,"TOTAL_LIABILITIES":236543702.4,"TAX_EBT":-0.114510540842,"OCF_SALES":-50.979956384649,"TOTAL_PARENT_EQUITY":28274910.48,"DEBT_ASSET_RATIO":88.3263114724,"OPERATE_PROFIT":-25042279.68,"PRETAX_PROFIT":-28338980.64,"NETCASH_OPERATE":-30539000.16,"NETCASH_INVEST":-27232314.24,"NETCASH_FINANCE":108553988.88,"END_CASH":96410613.36,"DIVI_RATIO":null,"DIVIDEND_RATE":null,"CURRENT_RATIO":0.865330446526,"COMMON_ACS":5000000000,"CURRENTDEBT_DEBT":82.047629098072,"ISSUED_COMMON_SHARES":373243200,"HK_COMMON_SHARES":373243200,"PER_SHARES":500,"TOTAL_MARKET_CAP":1728116016,"HKSK_MARKET_CAP":1728116016,"PE_TTM":-15.051439859251,"PB_TTM":-6.181180912593,"REPORT_DATE_SQ":"2020-06-30 00:00:00","REPORT_TYPE_SQ":"2020年中报","OPERATE_INCOME_SQ":72968327.52,"DPS_HKD":null,"OPERATE_INCOME_QOQ_SQ":-16.161408728745,"NET_PROFIT_RATIO_SQ":-50.5714607614,"HOLDER_PROFIT_SQ":-35629640.64,"HOLDER_PROFIT_QOQ_SQ":-3.913429048294,"ROE_AVG_SQ":1343.36939954942,"PE_TTM_SQ":-15.901362582857,"PB_TTM_SQ":-10.085416038546,"ROA_SQ":-18.97755967061,"START_DATE":"2021-01-01 00:00:00","FISCAL_YEAR":"12-31","CURRENCY":"HKD","IS_CNY_CODE":0,"DPS_HKD_LY":null,"ORG_TYPE":"一般企业","PREMIUM_INCOME":null,"PREMIUM_INCOME_YOY":null,"NET_INTEREST_INCOME":null,"NET_INTEREST_INCOME_YOY":null,"FEE_COMMISSION_INCOME":null,"FEE_COMMISSION_INCOME_YOY":null,"ACCOUNTS_RECE_TDAYS":3.019684299898,"INVENTORY_TDAYS":6.169705003734,"CURRENT_ASSETS_TDAYS":0.436589342805,"TOTAL_ASSETS_TDAYS":0.263893314699,"PREMIUM_EXPENSE":null,"LOAN_DEPOSIT":null,"LOAN_EQUITY":null,"LOAN_ASSETS":null,"DEPOSIT_EQUITY":null,"DEPOSIT_ASSETS":null,"EQUITY_MULTIPLIER":8.566272756342,"EQUITY_RATIO":8.365851505253},{"SECUCODE":"00776.HK","SECURITY_CODE":"00776","SECURITY_NAME_ABBR":"帝国科技集团","ORG_CODE":"10010826","STD_REPORT_DATE":"2020-12-31 00:00:00","REPORT_DATE":"2020-12-31 00:00:00","DATE_TYPE_CODE":"001","REPORT_TYPE":"2020年年报","PER_NETCASH_OPERATE":-0.007704423186,"PER_OI":0.54612716023,"BPS":-0.109920200094,"BASIC_EPS":-0.2356592,"DILUTED_EPS":-0.2356592,"OPERATE_INCOME":156850997.181,"OPERATE_INCOME_YOY":-20.209702797,"GROSS_PROFIT":8763289.50076,"GROSS_PROFIT_YOY":-53.739986258509,"HOLDER_PROFIT":-67512149.23344,"HOLDER_PROFIT_YOY":-2.9236700754,"GROSS_PROFIT_RATIO":5.587015484924,"EPS_TTM":-0.235065246664,"OPERATE_INCOME_QOQ":-10.580730761967,"NET_PROFIT_RATIO":-43.9302095193,"ROE_AVG":532.006501601939,"GROSS_PROFIT_QOQ":-23.836004650292,"ROA":-35.696325551609,"HOLDER_PROFIT_QOQ":6.938811745624,"ROE_YEARLY":532.006501601939,"ROIC_YEARLY":-47.747022565405,"TOTAL_ASSETS":188333788.69148,"TOTAL_LIABILITIES":226366986.89108,"TAX_EBT":-1.09593229391,"OCF_SALES":-1.410737964953,"TOTAL_PARENT_EQUITY":-41026967.22784,"DEBT_ASSET_RATIO":120.194569686,"OPERATE_PROFIT":-61471503.69296,"PRETAX_PROFIT":-68158006.095,"NETCASH_OPERATE":-2212756.56564,"NETCASH_INVEST":-38946900.25804,"NETCASH_FINANCE":35362490.16044,"END_CASH":46415546.28684,"DIVI_RATIO":null,"DIVIDEND_RATE":null,"CURRENT_RATIO":0.646843434899,"COMMON_ACS":5000000000,"CURRENTDEBT_DEBT":73.552872740862,"ISSUED_COMMON_SHARES":373243200,"HK_COMMON_SHARES":373243200,"PER_SHARES":500,"TOTAL_MARKET_CAP":1728116016,"HKSK_MARKET_CAP":1728116016,"PE_TTM":-15.051439859251,"PB_TTM":-6.181180912593,"REPORT_DATE_SQ":"2019-12-31 00:00:00","REPORT_TYPE_SQ":"2019年年报","OPERATE_INCOME_SQ":209224334.63278,"DPS_HKD":null,"OPERATE_INCOME_QOQ_SQ":-3.671476764067,"NET_PROFIT_RATIO_SQ":-34.866484428,"HOLDER_PROFIT_SQ":-69813862.12154,"HOLDER_PROFIT_QOQ_SQ":-33.523639143735,"ROE_AVG_SQ":-142.161457050546,"PE_TTM_SQ":-15.901362582857,"PB_TTM_SQ":-10.085416038546,"ROA_SQ":-33.012379543899,"START_DATE":"2020-01-01 00:00:00","FISCAL_YEAR":"12-31","CURRENCY":"HKD","IS_CNY_CODE":0,"DPS_HKD_LY":null,"ORG_TYPE":"一般企业","PREMIUM_INCOME":null,"PREMIUM_INCOME_YOY":null,"NET_INTEREST_INCOME":null,"NET_INTEREST_INCOME_YOY":null,"FEE_COMMISSION_INCOME":null,"FEE_COMMISSION_INCOME_YOY":null,"ACCOUNTS_RECE_TDAYS":9.512736686166,"INVENTORY_TDAYS":8.164222039781,"CURRENT_ASSETS_TDAYS":1.397486621808,"TOTAL_ASSETS_TDAYS":0.829332841872,"PREMIUM_EXPENSE":null,"LOAN_DEPOSIT":null,"LOAN_EQUITY":null,"LOAN_ASSETS":null,"DEPOSIT_EQUITY":null,"DEPOSIT_ASSETS":null,"EQUITY_MULTIPLIER":-4.951826236205,"EQUITY_RATIO":-5.517516945232},{"SECUCODE":"00776.HK","SECURITY_CODE":"00776","SECURITY_NAME_ABBR":"帝国科技集团","ORG_CODE":"10010826","STD_REPORT_DATE":"2020-06-30 00:00:00","REPORT_DATE":"2020-06-30 00:00:00","DATE_TYPE_CODE":"002","REPORT_TYPE":"2020年中报","PER_NETCASH_OPERATE":0.002226304464,"PER_OI":0.254062685041,"BPS":-0.059709350686,"BASIC_EPS":-0.1278816,"DILUTED_EPS":-0.1278816,"OPERATE_INCOME":72968327.52,"OPERATE_INCOME_YOY":-34.1930966307,"GROSS_PROFIT":2444365.44,"GROSS_PROFIT_YOY":-75.264717710155,"HOLDER_PROFIT":-35629640.64,"HOLDER_PROFIT_YOY":-4.2996951709,"GROSS_PROFIT_RATIO":3.34989922762,"EPS_TTM":-0.252592139724,"OPERATE_INCOME_QOQ":-16.161408728745,"NET_PROFIT_RATIO":-50.5714607614,"ROE_AVG":1343.36939954942,"GROSS_PROFIT_QOQ":-39.262622018333,"ROA":-18.97755967061,"HOLDER_PROFIT_QOQ":-3.913429048294,"ROE_YEARLY":2686.73879909884,"ROIC_YEARLY":-48.739682295268,"TOTAL_ASSETS":169365477.6,"TOTAL_LIABILITIES":188856460.32,"TAX_EBT":-0.38017144987,"OCF_SALES":0.876281561784,"TOTAL_PARENT_EQUITY":-22286109.12,"DEBT_ASSET_RATIO":111.5082382763,"OPERATE_PROFIT":-33553391.52,"PRETAX_PROFIT":-36761392.8,"NETCASH_OPERATE":639408,"NETCASH_INVEST":-9100602.72,"NETCASH_FINANCE":-11787029.76,"END_CASH":30302458.56,"DIVI_RATIO":null,"DIVIDEND_RATE":null,"CURRENT_RATIO":0.917380803626,"COMMON_ACS":5000000000,"CURRENTDEBT_DEBT":51.868171199451,"ISSUED_COMMON_SHARES":373243200,"HK_COMMON_SHARES":373243200,"PER_SHARES":500,"TOTAL_MARKET_CAP":1728116016,"HKSK_MARKET_CAP":1728116016,"PE_TTM":-15.051439859251,"PB_TTM":-6.181180912593,"REPORT_DATE_SQ":"2019-06-30 00:00:00","REPORT_TYPE_SQ":"2019年中报","OPERATE_INCOME_SQ":106781927.4,"DPS_HKD":null,"OPERATE_INCOME_QOQ_SQ":-1.773763246325,"NET_PROFIT_RATIO_SQ":-31.2043825686,"HOLDER_PROFIT_SQ":-32897524.68,"HOLDER_PROFIT_QOQ_SQ":-70.978058230038,"ROE_AVG_SQ":-50.467221918563,"PE_TTM_SQ":-15.901362582857,"PB_TTM_SQ":-10.085416038546,"ROA_SQ":-15.663537038384,"START_DATE":"2020-01-01 00:00:00","FISCAL_YEAR":"12-31","CURRENCY":"HKD","IS_CNY_CODE":0,"DPS_HKD_LY":null,"ORG_TYPE":"一般企业","PREMIUM_INCOME":null,"PREMIUM_INCOME_YOY":null,"NET_INTEREST_INCOME":null,"NET_INTEREST_INCOME_YOY":null,"FEE_COMMISSION_INCOME":null,"FEE_COMMISSION_INCOME_YOY":null,"ACCOUNTS_RECE_TDAYS":3.210574918301,"INVENTORY_TDAYS":3.823529506441,"CURRENT_ASSETS_TDAYS":0.673753983696,"TOTAL_ASSETS_TDAYS":0.388654155557,"PREMIUM_EXPENSE":null,"LOAN_DEPOSIT":null,"LOAN_EQUITY":null,"LOAN_ASSETS":null,"DEPOSIT_EQUITY":null,"DEPOSIT_ASSETS":null,"EQUITY_MULTIPLIER":-8.689427312775,"EQUITY_RATIO":-8.474178211329}],"count":47},"success":true,"message":"ok","code":0}