{"version":"0461fa843c91cfc4546b014bef2fee0d","result":{"pages":7,"data":[{"SECUCODE":"00777.HK","SECURITY_CODE":"00777","SECURITY_NAME_ABBR":"网龙","ORG_CODE":"10088455","STD_REPORT_DATE":"2024-06-30 00:00:00","REPORT_DATE":"2024-06-30 00:00:00","DATE_TYPE_CODE":"002","REPORT_TYPE":"2024年中报","PER_NETCASH_OPERATE":0.487517910472,"PER_OI":6.213500472844,"BPS":11.508434380785,"BASIC_EPS":0.7546,"DILUTED_EPS":0.7546,"OPERATE_INCOME":3301000000,"OPERATE_INCOME_YOY":-10.3232817169,"GROSS_PROFIT":2199000000,"GROSS_PROFIT_YOY":-3.847835592479,"HOLDER_PROFIT":400000000,"HOLDER_PROFIT_YOY":-20,"GROSS_PROFIT_RATIO":66.616176916086,"EPS_TTM":0.847038840588,"OPERATE_INCOME_QOQ":-5.351358963526,"NET_PROFIT_RATIO":9.2396243563,"ROE_AVG":6.661670413856,"GROSS_PROFIT_QOQ":-2.00090950432,"ROA":3.819892088049,"HOLDER_PROFIT_QOQ":-18.181818181818,"ROE_YEARLY":13.323340827713,"ROIC_YEARLY":10.436370752071,"TOTAL_ASSETS":10561000000,"TOTAL_LIABILITIES":4281000000,"TAX_EBT":56.552706552707,"OCF_SALES":7.84610724023,"TOTAL_PARENT_EQUITY":6114000000,"DEBT_ASSET_RATIO":40.5359340971,"OPERATE_PROFIT":634000000,"PRETAX_PROFIT":702000000,"NETCASH_OPERATE":259000000,"NETCASH_INVEST":-247000000,"NETCASH_FINANCE":156000000,"END_CASH":2382000000,"DIVI_RATIO":0.858945263354,"DIVIDEND_RATE":6.861063464837,"CURRENT_RATIO":1.356614017769,"COMMON_ACS":1000000000,"CURRENTDEBT_DEBT":94.650782527447,"ISSUED_COMMON_SHARES":531262533,"HK_COMMON_SHARES":531262533,"PER_SHARES":500,"TOTAL_MARKET_CAP":6194521134.78,"HKSK_MARKET_CAP":6194521134.78,"PE_TTM":12.318206646461,"PB_TTM":0.924699958994,"REPORT_DATE_SQ":"2023-06-30 00:00:00","REPORT_TYPE_SQ":"2023年中报","OPERATE_INCOME_SQ":3681000000,"DPS_HKD":0.8,"OPERATE_INCOME_QOQ_SQ":-7.106534452072,"NET_PROFIT_RATIO_SQ":12.3064384678,"HOLDER_PROFIT_SQ":500000000,"HOLDER_PROFIT_QOQ_SQ":-7.79376498801,"ROE_AVG_SQ":7.127075760815,"PE_TTM_SQ":7.454601478445,"PB_TTM_SQ":0.785679422491,"ROA_SQ":4.43341017911,"START_DATE":"2024-01-01 00:00:00","FISCAL_YEAR":"12-31","CURRENCY":"HKD","IS_CNY_CODE":0,"DPS_HKD_LY":0.8,"ORG_TYPE":"一般企业","PREMIUM_INCOME":null,"PREMIUM_INCOME_YOY":null,"NET_INTEREST_INCOME":null,"NET_INTEREST_INCOME_YOY":null,"FEE_COMMISSION_INCOME":null,"FEE_COMMISSION_INCOME_YOY":null,"ACCOUNTS_RECE_TDAYS":4.562543192813,"INVENTORY_TDAYS":1.602909090909,"CURRENT_ASSETS_TDAYS":0.629541336893,"TOTAL_ASSETS_TDAYS":0.315236594566,"PREMIUM_EXPENSE":null,"LOAN_DEPOSIT":null,"LOAN_EQUITY":null,"LOAN_ASSETS":null,"DEPOSIT_EQUITY":null,"DEPOSIT_ASSETS":null,"EQUITY_MULTIPLIER":1.681687898088,"EQUITY_RATIO":0.700196270854},{"SECUCODE":"00777.HK","SECURITY_CODE":"00777","SECURITY_NAME_ABBR":"网龙","ORG_CODE":"10088455","STD_REPORT_DATE":"2023-12-31 00:00:00","REPORT_DATE":"2023-12-31 00:00:00","DATE_TYPE_CODE":"001","REPORT_TYPE":"2023年年报","PER_NETCASH_OPERATE":2.098774016123,"PER_OI":13.366272904474,"BPS":11.096208811699,"BASIC_EPS":1.03,"DILUTED_EPS":1.03,"OPERATE_INCOME":7101000000,"OPERATE_INCOME_YOY":-9.7254004577,"GROSS_PROFIT":4398000000,"GROSS_PROFIT_YOY":1.923522595597,"HOLDER_PROFIT":550000000,"HOLDER_PROFIT_YOY":-34.0527577938,"GROSS_PROFIT_RATIO":61.934938741022,"EPS_TTM":1.035269694052,"OPERATE_INCOME_QOQ":-2.819214451895,"NET_PROFIT_RATIO":6.2948880439,"ROE_AVG":8.597780209473,"GROSS_PROFIT_QOQ":2.781023603646,"ROA":5.137066268155,"HOLDER_PROFIT_QOQ":-28.478543563069,"ROE_YEARLY":8.597780209473,"ROIC_YEARLY":7.354907729339,"TOTAL_ASSETS":10382000000,"TOTAL_LIABILITIES":4208000000,"TAX_EBT":29.606299212598,"OCF_SALES":15.702013800873,"TOTAL_PARENT_EQUITY":5895000000,"DEBT_ASSET_RATIO":40.5316894625,"OPERATE_PROFIT":821000000,"PRETAX_PROFIT":635000000,"NETCASH_OPERATE":1115000000,"NETCASH_INVEST":-915000000,"NETCASH_FINANCE":-1695000000,"END_CASH":2241000000,"DIVI_RATIO":0.70277339729,"DIVIDEND_RATE":6.993006993007,"CURRENT_RATIO":1.45227008149,"COMMON_ACS":1000000000,"CURRENTDEBT_DEBT":96.126425855513,"ISSUED_COMMON_SHARES":531262533,"HK_COMMON_SHARES":531262533,"PER_SHARES":500,"TOTAL_MARKET_CAP":6077643377.52,"HKSK_MARKET_CAP":6077643377.52,"PE_TTM":12.085787653132,"PB_TTM":0.907252789957,"REPORT_DATE_SQ":"2022-12-31 00:00:00","REPORT_TYPE_SQ":"2022年年报","OPERATE_INCOME_SQ":7866000000,"DPS_HKD":0.8,"OPERATE_INCOME_QOQ_SQ":-0.678093610329,"NET_PROFIT_RATIO_SQ":9.7126875159,"HOLDER_PROFIT_SQ":834000000,"HOLDER_PROFIT_QOQ_SQ":-30.293319692889,"ROE_AVG_SQ":11.734909244407,"PE_TTM_SQ":7.42853643831,"PB_TTM_SQ":0.782932291643,"ROA_SQ":7.610934850945,"START_DATE":"2023-01-01 00:00:00","FISCAL_YEAR":"12-31","CURRENCY":"HKD","IS_CNY_CODE":0,"DPS_HKD_LY":1.4,"ORG_TYPE":"一般企业","PREMIUM_INCOME":null,"PREMIUM_INCOME_YOY":null,"NET_INTEREST_INCOME":null,"NET_INTEREST_INCOME_YOY":null,"FEE_COMMISSION_INCOME":null,"FEE_COMMISSION_INCOME_YOY":null,"ACCOUNTS_RECE_TDAYS":10.473451327434,"INVENTORY_TDAYS":2.448369565217,"CURRENT_ASSETS_TDAYS":1.216237047187,"TOTAL_ASSETS_TDAYS":0.663241955821,"PREMIUM_EXPENSE":null,"LOAN_DEPOSIT":null,"LOAN_EQUITY":null,"LOAN_ASSETS":null,"DEPOSIT_EQUITY":null,"DEPOSIT_ASSETS":null,"EQUITY_MULTIPLIER":1.68156786524,"EQUITY_RATIO":0.713825275657},{"SECUCODE":"00777.HK","SECURITY_CODE":"00777","SECURITY_NAME_ABBR":"网龙","ORG_CODE":"10088455","STD_REPORT_DATE":"2023-06-30 00:00:00","REPORT_DATE":"2023-06-30 00:00:00","DATE_TYPE_CODE":"002","REPORT_TYPE":"2023年中报","PER_NETCASH_OPERATE":0.860730211154,"PER_OI":6.932927586995,"BPS":13.424624469048,"BASIC_EPS":0.9261,"DILUTED_EPS":0.9261,"OPERATE_INCOME":3681000000,"OPERATE_INCOME_YOY":-13.1839622642,"GROSS_PROFIT":2287000000,"GROSS_PROFIT_YOY":-1.54972018941,"HOLDER_PROFIT":500000000,"HOLDER_PROFIT_YOY":-11.5044247788,"GROSS_PROFIT_RATIO":62.129856017387,"EPS_TTM":1.448362215267,"OPERATE_INCOME_QOQ":-7.106534452072,"NET_PROFIT_RATIO":12.3064384678,"ROE_AVG":7.127075760815,"GROSS_PROFIT_QOQ":-0.834298957126,"ROA":4.43341017911,"HOLDER_PROFIT_QOQ":-7.79376498801,"ROE_YEARLY":14.254151521631,"ROIC_YEARLY":13.217897032582,"TOTAL_ASSETS":11525000000,"TOTAL_LIABILITIES":4736000000,"TAX_EBT":21.761658031088,"OCF_SALES":12.415104591144,"TOTAL_PARENT_EQUITY":7132000000,"DEBT_ASSET_RATIO":41.0932754881,"OPERATE_PROFIT":699000000,"PRETAX_PROFIT":579000000,"NETCASH_OPERATE":457000000,"NETCASH_INVEST":-549000000,"NETCASH_FINANCE":20000000,"END_CASH":3645000000,"DIVI_RATIO":0.50233290563,"DIVIDEND_RATE":6.993006993007,"CURRENT_RATIO":2.22993973993,"COMMON_ACS":1000000000,"CURRENTDEBT_DEBT":66.575168918919,"ISSUED_COMMON_SHARES":531262533,"HK_COMMON_SHARES":531262533,"PER_SHARES":500,"TOTAL_MARKET_CAP":6077643377.52,"HKSK_MARKET_CAP":6077643377.52,"PE_TTM":12.085787653132,"PB_TTM":0.907252789957,"REPORT_DATE_SQ":"2022-06-30 00:00:00","REPORT_TYPE_SQ":"2022年中报","OPERATE_INCOME_SQ":4240000000,"DPS_HKD":0.8,"OPERATE_INCOME_QOQ_SQ":12.567799057806,"NET_PROFIT_RATIO_SQ":12.7826957059,"HOLDER_PROFIT_SQ":565000000,"HOLDER_PROFIT_QOQ_SQ":12.652957460031,"ROE_AVG_SQ":7.884630249163,"PE_TTM_SQ":7.42853643831,"PB_TTM_SQ":0.782932291643,"ROA_SQ":5.218475179198,"START_DATE":"2023-01-01 00:00:00","FISCAL_YEAR":"12-31","CURRENCY":"HKD","IS_CNY_CODE":0,"DPS_HKD_LY":1.4,"ORG_TYPE":"一般企业","PREMIUM_INCOME":null,"PREMIUM_INCOME_YOY":null,"NET_INTEREST_INCOME":null,"NET_INTEREST_INCOME_YOY":null,"FEE_COMMISSION_INCOME":null,"FEE_COMMISSION_INCOME_YOY":null,"ACCOUNTS_RECE_TDAYS":4.881962864721,"INVENTORY_TDAYS":1.02087147565,"CURRENT_ASSETS_TDAYS":0.536667152646,"TOTAL_ASSETS_TDAYS":0.326387657386,"PREMIUM_EXPENSE":null,"LOAN_DEPOSIT":null,"LOAN_EQUITY":null,"LOAN_ASSETS":null,"DEPOSIT_EQUITY":null,"DEPOSIT_ASSETS":null,"EQUITY_MULTIPLIER":1.697599057299,"EQUITY_RATIO":0.66404935502},{"SECUCODE":"00777.HK","SECURITY_CODE":"00777","SECURITY_NAME_ABBR":"网龙","ORG_CODE":"10088455","STD_REPORT_DATE":"2022-12-31 00:00:00","REPORT_DATE":"2022-12-31 00:00:00","DATE_TYPE_CODE":"001","REPORT_TYPE":"2022年年报","PER_NETCASH_OPERATE":1.978756539515,"PER_OI":14.546634523203,"BPS":12.986046580477,"BASIC_EPS":1.5415,"DILUTED_EPS":1.5414,"OPERATE_INCOME":7866000000,"OPERATE_INCOME_YOY":11.79647527,"GROSS_PROFIT":4315000000,"GROSS_PROFIT_YOY":-4.598717665266,"HOLDER_PROFIT":834000000,"HOLDER_PROFIT_YOY":-21.4689265537,"GROSS_PROFIT_RATIO":54.856343757946,"EPS_TTM":1.542320517716,"OPERATE_INCOME_QOQ":-0.678093610329,"NET_PROFIT_RATIO":9.7126875159,"ROE_AVG":11.734909244407,"GROSS_PROFIT_QOQ":-6.42901008615,"ROA":7.610934850945,"HOLDER_PROFIT_QOQ":-30.293319692889,"ROE_YEARLY":11.734909244407,"ROIC_YEARLY":11.746163712086,"TOTAL_ASSETS":11031000000,"TOTAL_LIABILITIES":4432000000,"TAX_EBT":9.047619047619,"OCF_SALES":13.602847698958,"TOTAL_PARENT_EQUITY":6899000000,"DEBT_ASSET_RATIO":40.1776810806,"OPERATE_PROFIT":1150000000,"PRETAX_PROFIT":840000000,"NETCASH_OPERATE":1070000000,"NETCASH_INVEST":-106000000,"NETCASH_FINANCE":-1019000000,"END_CASH":3701000000,"DIVI_RATIO":0.471730740558,"DIVIDEND_RATE":6.993006993007,"CURRENT_RATIO":2.256072874494,"COMMON_ACS":1000000000,"CURRENTDEBT_DEBT":66.87725631769,"ISSUED_COMMON_SHARES":531262533,"HK_COMMON_SHARES":531262533,"PER_SHARES":500,"TOTAL_MARKET_CAP":6077643377.52,"HKSK_MARKET_CAP":6077643377.52,"PE_TTM":12.085787653132,"PB_TTM":0.907252789957,"REPORT_DATE_SQ":"2021-12-31 00:00:00","REPORT_TYPE_SQ":"2021年年报","OPERATE_INCOME_SQ":7036000000,"DPS_HKD":0.8,"OPERATE_INCOME_QOQ_SQ":5.464584086599,"NET_PROFIT_RATIO_SQ":13.9770955736,"HOLDER_PROFIT_SQ":1062000000,"HOLDER_PROFIT_QOQ_SQ":1.367331784594,"ROE_AVG_SQ":15.041484961064,"PE_TTM_SQ":7.42853643831,"PB_TTM_SQ":0.782932291643,"ROA_SQ":10.173938170761,"START_DATE":"2022-01-01 00:00:00","FISCAL_YEAR":"12-31","CURRENCY":"HKD","IS_CNY_CODE":0,"DPS_HKD_LY":2.33,"ORG_TYPE":"一般企业","PREMIUM_INCOME":null,"PREMIUM_INCOME_YOY":null,"NET_INTEREST_INCOME":null,"NET_INTEREST_INCOME_YOY":null,"FEE_COMMISSION_INCOME":null,"FEE_COMMISSION_INCOME_YOY":null,"ACCOUNTS_RECE_TDAYS":10.586810228802,"INVENTORY_TDAYS":2.669661860373,"CURRENT_ASSETS_TDAYS":1.154405559286,"TOTAL_ASSETS_TDAYS":0.717837092776,"PREMIUM_EXPENSE":null,"LOAN_DEPOSIT":null,"LOAN_EQUITY":null,"LOAN_ASSETS":null,"DEPOSIT_EQUITY":null,"DEPOSIT_ASSETS":null,"EQUITY_MULTIPLIER":1.671616911654,"EQUITY_RATIO":0.64241194376},{"SECUCODE":"00777.HK","SECURITY_CODE":"00777","SECURITY_NAME_ABBR":"网龙","ORG_CODE":"10088455","STD_REPORT_DATE":"2022-06-30 00:00:00","REPORT_DATE":"2022-06-30 00:00:00","DATE_TYPE_CODE":"002","REPORT_TYPE":"2022年中报","PER_NETCASH_OPERATE":0.887779292632,"PER_OI":7.841053950976,"BPS":13.213000285115,"BASIC_EPS":1.0442,"DILUTED_EPS":1.044,"OPERATE_INCOME":4240000000,"OPERATE_INCOME_YOY":26.3456841034,"GROSS_PROFIT":2323000000,"GROSS_PROFIT_YOY":3.989703989704,"HOLDER_PROFIT":565000000,"HOLDER_PROFIT_YOY":31.1985178719,"GROSS_PROFIT_RATIO":54.777648517904,"EPS_TTM":2.21258638472,"OPERATE_INCOME_QOQ":12.567799057806,"NET_PROFIT_RATIO":12.7826957059,"ROE_AVG":7.884630249163,"GROSS_PROFIT_QOQ":1.965830902191,"ROA":5.218475179198,"HOLDER_PROFIT_QOQ":12.652957460031,"ROE_YEARLY":15.769260498325,"ROIC_YEARLY":16.24146911097,"TOTAL_ASSETS":10773368000,"TOTAL_LIABILITIES":4022660000,"TAX_EBT":6.551724137931,"OCF_SALES":11.321176092431,"TOTAL_PARENT_EQUITY":7019572000,"DEBT_ASSET_RATIO":37.3389268797,"OPERATE_PROFIT":745000000,"PRETAX_PROFIT":580000000,"NETCASH_OPERATE":480000000,"NETCASH_INVEST":202000000,"NETCASH_FINANCE":-715000000,"END_CASH":3701000000,"DIVI_RATIO":0.328827839231,"DIVIDEND_RATE":6.993006993007,"CURRENT_RATIO":2.502413731987,"COMMON_ACS":1000000000,"CURRENTDEBT_DEBT":66.202363610149,"ISSUED_COMMON_SHARES":531262533,"HK_COMMON_SHARES":531262533,"PER_SHARES":500,"TOTAL_MARKET_CAP":6077643377.52,"HKSK_MARKET_CAP":6077643377.52,"PE_TTM":12.085787653132,"PB_TTM":0.907252789957,"REPORT_DATE_SQ":"2021-06-30 00:00:00","REPORT_TYPE_SQ":"2021年中报","OPERATE_INCOME_SQ":3356174000,"DPS_HKD":0.8,"OPERATE_INCOME_QOQ_SQ":8.689268187772,"NET_PROFIT_RATIO_SQ":11.4305158195,"HOLDER_PROFIT_SQ":430732000,"HOLDER_PROFIT_QOQ_SQ":9.882842283333,"ROE_AVG_SQ":6.211744169856,"PE_TTM_SQ":7.42853643831,"PB_TTM_SQ":0.782932291643,"ROA_SQ":4.239502793563,"START_DATE":"2022-01-01 00:00:00","FISCAL_YEAR":"12-31","CURRENCY":"HKD","IS_CNY_CODE":0,"DPS_HKD_LY":2.33,"ORG_TYPE":"一般企业","PREMIUM_INCOME":null,"PREMIUM_INCOME_YOY":null,"NET_INTEREST_INCOME":null,"NET_INTEREST_INCOME_YOY":null,"FEE_COMMISSION_INCOME":null,"FEE_COMMISSION_INCOME_YOY":null,"ACCOUNTS_RECE_TDAYS":4.699748164438,"INVENTORY_TDAYS":1.51785053494,"CURRENT_ASSETS_TDAYS":0.623358052993,"TOTAL_ASSETS_TDAYS":0.391572726898,"PREMIUM_EXPENSE":null,"LOAN_DEPOSIT":null,"LOAN_EQUITY":null,"LOAN_ASSETS":null,"DEPOSIT_EQUITY":null,"DEPOSIT_ASSETS":null,"EQUITY_MULTIPLIER":1.595887127691,"EQUITY_RATIO":0.573063428938},{"SECUCODE":"00777.HK","SECURITY_CODE":"00777","SECURITY_NAME_ABBR":"网龙","ORG_CODE":"10088455","STD_REPORT_DATE":"2021-12-31 00:00:00","REPORT_DATE":"2021-12-31 00:00:00","DATE_TYPE_CODE":"001","REPORT_TYPE":"2021年年报","PER_NETCASH_OPERATE":1.883018496328,"PER_OI":12.90428344227,"BPS":13.767957545766,"BASIC_EPS":1.9167,"DILUTED_EPS":1.9158,"OPERATE_INCOME":7036000000,"OPERATE_INCOME_YOY":14.628684641,"GROSS_PROFIT":4523000000,"GROSS_PROFIT_YOY":8.432360071192,"HOLDER_PROFIT":1062000000,"HOLDER_PROFIT_YOY":11.3853053117,"GROSS_PROFIT_RATIO":64.282120265579,"EPS_TTM":1.947857201918,"OPERATE_INCOME_QOQ":5.464584086599,"NET_PROFIT_RATIO":13.9770955736,"ROE_AVG":15.041484961064,"GROSS_PROFIT_QOQ":-0.293262502348,"ROA":10.173938170761,"HOLDER_PROFIT_QOQ":1.367331784594,"ROE_YEARLY":15.041484961064,"ROIC_YEARLY":16.622505522719,"TOTAL_ASSETS":10885000000,"TOTAL_LIABILITIES":3810000000,"TAX_EBT":20.46925566343,"OCF_SALES":14.593242608624,"TOTAL_PARENT_EQUITY":7315000000,"DEBT_ASSET_RATIO":35.0049095825,"OPERATE_PROFIT":1385000000,"PRETAX_PROFIT":1236000000,"NETCASH_OPERATE":1027000000,"NETCASH_INVEST":-839000000,"NETCASH_FINANCE":-544000000,"END_CASH":3717000000,"DIVI_RATIO":0.37351814049,"DIVIDEND_RATE":6.993006993007,"CURRENT_RATIO":2.71750070181,"COMMON_ACS":1000000000,"CURRENTDEBT_DEBT":67.034120734908,"ISSUED_COMMON_SHARES":531262533,"HK_COMMON_SHARES":531262533,"PER_SHARES":500,"TOTAL_MARKET_CAP":6077643377.52,"HKSK_MARKET_CAP":6077643377.52,"PE_TTM":12.085787653132,"PB_TTM":0.907252789957,"REPORT_DATE_SQ":"2020-12-31 00:00:00","REPORT_TYPE_SQ":"2020年年报","OPERATE_INCOME_SQ":6137640000,"DPS_HKD":0.8,"OPERATE_INCOME_QOQ_SQ":3.268406258655,"NET_PROFIT_RATIO_SQ":13.9437959867,"HOLDER_PROFIT_SQ":953501000,"HOLDER_PROFIT_QOQ_SQ":31.938673142517,"ROE_AVG_SQ":15.374504229194,"PE_TTM_SQ":7.42853643831,"PB_TTM_SQ":0.782932291643,"ROA_SQ":10.743597580299,"START_DATE":"2021-01-01 00:00:00","FISCAL_YEAR":"12-31","CURRENCY":"HKD","IS_CNY_CODE":0,"DPS_HKD_LY":0.65,"ORG_TYPE":"一般企业","PREMIUM_INCOME":null,"PREMIUM_INCOME_YOY":null,"NET_INTEREST_INCOME":null,"NET_INTEREST_INCOME_YOY":null,"FEE_COMMISSION_INCOME":null,"FEE_COMMISSION_INCOME_YOY":null,"ACCOUNTS_RECE_TDAYS":10.367236820488,"INVENTORY_TDAYS":2.461903360009,"CURRENT_ASSETS_TDAYS":1.077072870822,"TOTAL_ASSETS_TDAYS":0.673960993773,"PREMIUM_EXPENSE":null,"LOAN_DEPOSIT":null,"LOAN_EQUITY":null,"LOAN_ASSETS":null,"DEPOSIT_EQUITY":null,"DEPOSIT_ASSETS":null,"EQUITY_MULTIPLIER":1.538577750375,"EQUITY_RATIO":0.520847573479},{"SECUCODE":"00777.HK","SECURITY_CODE":"00777","SECURITY_NAME_ABBR":"网龙","ORG_CODE":"10088455","STD_REPORT_DATE":"2021-06-30 00:00:00","REPORT_DATE":"2021-06-30 00:00:00","DATE_TYPE_CODE":"002","REPORT_TYPE":"2021年中报","PER_NETCASH_OPERATE":0.853337619101,"PER_OI":6.03049735729,"BPS":13.290918446907,"BASIC_EPS":0.7745,"DILUTED_EPS":0.7739,"OPERATE_INCOME":3356174000,"OPERATE_INCOME_YOY":18.8927675427,"GROSS_PROFIT":2233875000,"GROSS_PROFIT_YOY":19.505143983938,"HOLDER_PROFIT":430732000,"HOLDER_PROFIT_YOY":28.0039465199,"GROSS_PROFIT_RATIO":66.560166427605,"EPS_TTM":1.882607134834,"OPERATE_INCOME_QOQ":8.689268187772,"NET_PROFIT_RATIO":11.4305158195,"ROE_AVG":6.211744169856,"GROSS_PROFIT_QOQ":8.740851693875,"ROA":4.239502793563,"HOLDER_PROFIT_QOQ":9.882842283333,"ROE_YEARLY":12.423488339712,"ROIC_YEARLY":14.176518442216,"TOTAL_ASSETS":10326715000,"TOTAL_LIABILITIES":3474075000,"TAX_EBT":36.026814748112,"OCF_SALES":14.150368842617,"TOTAL_PARENT_EQUITY":7060967000,"DEBT_ASSET_RATIO":33.641627565,"OPERATE_PROFIT":691635000,"PRETAX_PROFIT":599670000,"NETCASH_OPERATE":474911000,"NETCASH_INVEST":-807987000,"NETCASH_FINANCE":-153020000,"END_CASH":3619985000,"DIVI_RATIO":0.386464061746,"DIVIDEND_RATE":6.993006993007,"CURRENT_RATIO":2.853508206121,"COMMON_ACS":1000000000,"CURRENTDEBT_DEBT":64.662766347877,"ISSUED_COMMON_SHARES":531262533,"HK_COMMON_SHARES":531262533,"PER_SHARES":500,"TOTAL_MARKET_CAP":6077643377.52,"HKSK_MARKET_CAP":6077643377.52,"PE_TTM":12.085787653132,"PB_TTM":0.907252789957,"REPORT_DATE_SQ":"2020-06-30 00:00:00","REPORT_TYPE_SQ":"2020年中报","OPERATE_INCOME_SQ":2822858000,"DPS_HKD":0.8,"OPERATE_INCOME_QOQ_SQ":2.594666908335,"NET_PROFIT_RATIO_SQ":9.8408775787,"HOLDER_PROFIT_SQ":336499000,"HOLDER_PROFIT_QOQ_SQ":-10.471474655976,"ROE_AVG_SQ":5.630868765311,"PE_TTM_SQ":7.42853643831,"PB_TTM_SQ":0.782932291643,"ROA_SQ":3.775430234835,"START_DATE":"2021-01-01 00:00:00","FISCAL_YEAR":"12-31","CURRENCY":"HKD","IS_CNY_CODE":0,"DPS_HKD_LY":0.65,"ORG_TYPE":"一般企业","PREMIUM_INCOME":null,"PREMIUM_INCOME_YOY":null,"NET_INTEREST_INCOME":null,"NET_INTEREST_INCOME_YOY":null,"FEE_COMMISSION_INCOME":null,"FEE_COMMISSION_INCOME_YOY":null,"ACCOUNTS_RECE_TDAYS":5.904926117475,"INVENTORY_TDAYS":1.291603705294,"CURRENT_ASSETS_TDAYS":0.535551448172,"TOTAL_ASSETS_TDAYS":0.330333224573,"PREMIUM_EXPENSE":null,"LOAN_DEPOSIT":null,"LOAN_EQUITY":null,"LOAN_ASSETS":null,"DEPOSIT_EQUITY":null,"DEPOSIT_ASSETS":null,"EQUITY_MULTIPLIER":1.506968847043,"EQUITY_RATIO":0.492011221692},{"SECUCODE":"00777.HK","SECURITY_CODE":"00777","SECURITY_NAME_ABBR":"网龙","ORG_CODE":"10088455","STD_REPORT_DATE":"2020-12-31 00:00:00","REPORT_DATE":"2020-12-31 00:00:00","DATE_TYPE_CODE":"001","REPORT_TYPE":"2020年年报","PER_NETCASH_OPERATE":2.370057711045,"PER_OI":10.940134674148,"BPS":12.813521709426,"BASIC_EPS":1.7119,"DILUTED_EPS":1.7096,"OPERATE_INCOME":6137640000,"OPERATE_INCOME_YOY":5.9478774226,"GROSS_PROFIT":4171264000,"GROSS_PROFIT_YOY":8.19692201703,"HOLDER_PROFIT":953501000,"HOLDER_PROFIT_YOY":18.122748423,"GROSS_PROFIT_RATIO":67.962017974335,"EPS_TTM":1.699583121841,"OPERATE_INCOME_QOQ":3.268406258655,"NET_PROFIT_RATIO":13.9437959867,"ROE_AVG":15.374504229194,"GROSS_PROFIT_QOQ":8.076993830855,"ROA":10.743597580299,"HOLDER_PROFIT_QOQ":31.938673142517,"ROE_YEARLY":15.374504229194,"ROIC_YEARLY":16.068782744218,"TOTAL_ASSETS":9993215000,"TOTAL_LIABILITIES":3341285000,"TAX_EBT":20.274923052846,"OCF_SALES":21.663880579506,"TOTAL_PARENT_EQUITY":6807344000,"DEBT_ASSET_RATIO":33.4355360112,"OPERATE_PROFIT":1087523000,"PRETAX_PROFIT":1073464000,"NETCASH_OPERATE":1329651000,"NETCASH_INVEST":-631956000,"NETCASH_FINANCE":1315262000,"END_CASH":4114410000,"DIVI_RATIO":0.428081445768,"DIVIDEND_RATE":6.993006993007,"CURRENT_RATIO":3.123057942202,"COMMON_ACS":1000000000,"CURRENTDEBT_DEBT":58.680358005977,"ISSUED_COMMON_SHARES":531262533,"HK_COMMON_SHARES":531262533,"PER_SHARES":500,"TOTAL_MARKET_CAP":6077643377.52,"HKSK_MARKET_CAP":6077643377.52,"PE_TTM":12.085787653132,"PB_TTM":0.907252789957,"REPORT_DATE_SQ":"2019-12-31 00:00:00","REPORT_TYPE_SQ":"2019年年报","OPERATE_INCOME_SQ":5793075000,"DPS_HKD":0.8,"OPERATE_INCOME_QOQ_SQ":10.551807249609,"NET_PROFIT_RATIO_SQ":12.1361280494,"HOLDER_PROFIT_SQ":807212000,"HOLDER_PROFIT_QOQ_SQ":5.399557882064,"ROE_AVG_SQ":15.332936022699,"PE_TTM_SQ":7.42853643831,"PB_TTM_SQ":0.782932291643,"ROA_SQ":11.131769116861,"START_DATE":"2020-01-01 00:00:00","FISCAL_YEAR":"12-31","CURRENCY":"HKD","IS_CNY_CODE":0,"DPS_HKD_LY":0.5,"ORG_TYPE":"一般企业","PREMIUM_INCOME":null,"PREMIUM_INCOME_YOY":null,"NET_INTEREST_INCOME":null,"NET_INTEREST_INCOME_YOY":null,"FEE_COMMISSION_INCOME":null,"FEE_COMMISSION_INCOME_YOY":null,"ACCOUNTS_RECE_TDAYS":10.105498171173,"INVENTORY_TDAYS":2.518768345162,"CURRENT_ASSETS_TDAYS":1.201997689279,"TOTAL_ASSETS_TDAYS":0.69156020028,"PREMIUM_EXPENSE":null,"LOAN_DEPOSIT":null,"LOAN_EQUITY":null,"LOAN_ASSETS":null,"DEPOSIT_EQUITY":null,"DEPOSIT_ASSETS":null,"EQUITY_MULTIPLIER":1.502303090983,"EQUITY_RATIO":0.49083533901},{"SECUCODE":"00777.HK","SECURITY_CODE":"00777","SECURITY_NAME_ABBR":"网龙","ORG_CODE":"10088455","STD_REPORT_DATE":"2020-06-30 00:00:00","REPORT_DATE":"2020-06-30 00:00:00","DATE_TYPE_CODE":"002","REPORT_TYPE":"2020年中报","PER_NETCASH_OPERATE":0.937075831715,"PER_OI":5.005661878112,"BPS":11.963234004307,"BASIC_EPS":0.6093,"DILUTED_EPS":0.6084,"OPERATE_INCOME":2822858000,"OPERATE_INCOME_YOY":5.624260303,"GROSS_PROFIT":1869271000,"GROSS_PROFIT_YOY":0.229384238976,"HOLDER_PROFIT":336499000,"HOLDER_PROFIT_YOY":-20.0764323343,"GROSS_PROFIT_RATIO":66.219094265457,"EPS_TTM":1.281508582573,"OPERATE_INCOME_QOQ":2.594666908335,"NET_PROFIT_RATIO":9.8408775787,"ROE_AVG":5.630868765311,"GROSS_PROFIT_QOQ":0.110965508869,"ROA":3.775430234835,"HOLDER_PROFIT_QOQ":-10.471474655976,"ROE_YEARLY":11.261737530622,"ROIC_YEARLY":11.12989251601,"TOTAL_ASSETS":10068820000,"TOTAL_LIABILITIES":3816976000,"TAX_EBT":25.026314226956,"OCF_SALES":18.720318202333,"TOTAL_PARENT_EQUITY":6355618000,"DEBT_ASSET_RATIO":37.9088711488,"OPERATE_PROFIT":434429000,"PRETAX_PROFIT":370522000,"NETCASH_OPERATE":528448000,"NETCASH_INVEST":-484846000,"NETCASH_FINANCE":1711558000,"END_CASH":3910220000,"DIVI_RATIO":0.567737126301,"DIVIDEND_RATE":6.993006993007,"CURRENT_RATIO":2.649282149438,"COMMON_ACS":1000000000,"CURRENTDEBT_DEBT":60.116385327023,"ISSUED_COMMON_SHARES":531262533,"HK_COMMON_SHARES":531262533,"PER_SHARES":500,"TOTAL_MARKET_CAP":6077643377.52,"HKSK_MARKET_CAP":6077643377.52,"PE_TTM":12.085787653132,"PB_TTM":0.907252789957,"REPORT_DATE_SQ":"2019-06-30 00:00:00","REPORT_TYPE_SQ":"2019年中报","OPERATE_INCOME_SQ":2672547000,"DPS_HKD":0.8,"OPERATE_INCOME_QOQ_SQ":4.02192419751,"NET_PROFIT_RATIO_SQ":14.0497435592,"HOLDER_PROFIT_SQ":421026000,"HOLDER_PROFIT_QOQ_SQ":40.376998128573,"ROE_AVG_SQ":8.254316044713,"PE_TTM_SQ":7.42853643831,"PB_TTM_SQ":0.782932291643,"ROA_SQ":5.866495856747,"START_DATE":"2020-01-01 00:00:00","FISCAL_YEAR":"12-31","CURRENCY":"HKD","IS_CNY_CODE":0,"DPS_HKD_LY":0.5,"ORG_TYPE":"一般企业","PREMIUM_INCOME":null,"PREMIUM_INCOME_YOY":null,"NET_INTEREST_INCOME":null,"NET_INTEREST_INCOME_YOY":null,"FEE_COMMISSION_INCOME":null,"FEE_COMMISSION_INCOME_YOY":null,"ACCOUNTS_RECE_TDAYS":4.434767308324,"INVENTORY_TDAYS":1.114985629866,"CURRENT_ASSETS_TDAYS":0.555232314848,"TOTAL_ASSETS_TDAYS":0.316717239631,"PREMIUM_EXPENSE":null,"LOAN_DEPOSIT":null,"LOAN_EQUITY":null,"LOAN_ASSETS":null,"DEPOSIT_EQUITY":null,"DEPOSIT_ASSETS":null,"EQUITY_MULTIPLIER":1.610536027452,"EQUITY_RATIO":0.600567246175}],"count":61},"success":true,"message":"ok","code":0}