{"version":"828dbfe2404f4595745c3327f6e6785f","result":{"pages":3,"data":[{"SECUCODE":"00788.HK","SECURITY_CODE":"00788","SECURITY_NAME_ABBR":"中国铁塔","ORG_CODE":"10437393","STD_REPORT_DATE":"2024-06-30 00:00:00","REPORT_DATE":"2024-06-30 00:00:00","DATE_TYPE_CODE":"002","REPORT_TYPE":"2024年中报","PER_NETCASH_OPERATE":0.186525113303,"PER_OI":0.274117488319,"BPS":11.163553598376,"BASIC_EPS":0.0305,"DILUTED_EPS":0.0305,"OPERATE_INCOME":48247000000,"OPERATE_INCOME_YOY":3.8440842857,"GROSS_PROFIT":44850000000,"GROSS_PROFIT_YOY":4.540580858701,"HOLDER_PROFIT":5330000000,"HOLDER_PROFIT_YOY":10.1012187565,"GROSS_PROFIT_RATIO":92.959147719029,"EPS_TTM":0.058173336433,"OPERATE_INCOME_QOQ":1.899818102522,"NET_PROFIT_RATIO":11.0473190043,"ROE_AVG":2.704334545971,"GROSS_PROFIT_QOQ":2.249396658237,"ROA":1.658488317459,"HOLDER_PROFIT_QOQ":5.015384615385,"ROE_YEARLY":5.408669091942,"ROIC_YEARLY":3.35880267822,"TOTAL_ASSETS":316747000000,"TOTAL_LIABILITIES":120259000000,"TAX_EBT":24.257496092085,"OCF_SALES":68.045681596783,"TOTAL_PARENT_EQUITY":196488000000,"DEBT_ASSET_RATIO":37.9668947141,"OPERATE_PROFIT":8146000000,"PRETAX_PROFIT":7037000000,"NETCASH_OPERATE":32830000000,"NETCASH_INVEST":-13886000000,"NETCASH_FINANCE":-18850000000,"END_CASH":4049000000,"DIVI_RATIO":0.827798810803,"DIVIDEND_RATE":4.384628099174,"CURRENT_RATIO":1.168230028815,"COMMON_ACS":null,"CURRENTDEBT_DEBT":54.252904148546,"ISSUED_COMMON_SHARES":17600847102,"HK_COMMON_SHARES":4666385600,"PER_SHARES":500,"TOTAL_MARKET_CAP":21297024993.42,"HKSK_MARKET_CAP":5646326576,"PE_TTM":1.876676816286,"PB_TTM":0.098923948389,"REPORT_DATE_SQ":"2023-06-30 00:00:00","REPORT_TYPE_SQ":"2023年中报","OPERATE_INCOME_SQ":46461000000,"DPS_HKD":0.053054,"OPERATE_INCOME_QOQ_SQ":1.065422588695,"NET_PROFIT_RATIO_SQ":10.4194916166,"HOLDER_PROFIT_SQ":4841000000,"HOLDER_PROFIT_QOQ_SQ":7.021736656424,"ROE_AVG_SQ":2.505888138313,"PE_TTM_SQ":16.649904537058,"PB_TTM_SQ":0.808102742052,"ROA_SQ":1.552540557356,"START_DATE":"2024-01-01 00:00:00","FISCAL_YEAR":"12-31","CURRENCY":"HKD","IS_CNY_CODE":0,"DPS_HKD_LY":0.053054,"ORG_TYPE":"一般企业","PREMIUM_INCOME":null,"PREMIUM_INCOME_YOY":null,"NET_INTEREST_INCOME":null,"NET_INTEREST_INCOME_YOY":null,"FEE_COMMISSION_INCOME":null,"FEE_COMMISSION_INCOME_YOY":null,"ACCOUNTS_RECE_TDAYS":0.682655234133,"INVENTORY_TDAYS":null,"CURRENT_ASSETS_TDAYS":0.625354011264,"TOTAL_ASSETS_TDAYS":0.150125864639,"PREMIUM_EXPENSE":null,"LOAN_DEPOSIT":null,"LOAN_EQUITY":null,"LOAN_ASSETS":null,"DEPOSIT_EQUITY":null,"DEPOSIT_ASSETS":null,"EQUITY_MULTIPLIER":1.612042465698,"EQUITY_RATIO":0.612042465698},{"SECUCODE":"00788.HK","SECURITY_CODE":"00788","SECURITY_NAME_ABBR":"中国铁塔","ORG_CODE":"10437393","STD_REPORT_DATE":"2023-12-31 00:00:00","REPORT_DATE":"2023-12-31 00:00:00","DATE_TYPE_CODE":"001","REPORT_TYPE":"2023年年报","PER_NETCASH_OPERATE":0.18658192875,"PER_OI":0.534116337998,"BPS":11.232073027754,"BASIC_EPS":0.0558,"DILUTED_EPS":0.0558,"OPERATE_INCOME":94009000000,"OPERATE_INCOME_YOY":1.9952262124,"GROSS_PROFIT":86601000000,"GROSS_PROFIT_YOY":2.393085590645,"HOLDER_PROFIT":9750000000,"HOLDER_PROFIT_YOY":10.9593717992,"GROSS_PROFIT_RATIO":92.119903413503,"EPS_TTM":0.055395061063,"OPERATE_INCOME_QOQ":0.920001717623,"NET_PROFIT_RATIO":10.3713474242,"ROE_AVG":4.983579743665,"GROSS_PROFIT_QOQ":1.304307138011,"ROA":3.087558406313,"HOLDER_PROFIT_QOQ":3.679285410464,"ROE_YEARLY":4.983579743665,"ROIC_YEARLY":3.132555281569,"TOTAL_ASSETS":326007000000,"TOTAL_LIABILITIES":128313000000,"TAX_EBT":24.018079800499,"OCF_SALES":34.93282558053,"TOTAL_PARENT_EQUITY":197694000000,"DEBT_ASSET_RATIO":39.3589708196,"OPERATE_PROFIT":14502000000,"PRETAX_PROFIT":12832000000,"NETCASH_OPERATE":32840000000,"NETCASH_INVEST":-31905000000,"NETCASH_FINANCE":-2096000000,"END_CASH":3955000000,"DIVI_RATIO":0.869316105007,"DIVIDEND_RATE":4.384628099174,"CURRENT_RATIO":1.221306347171,"COMMON_ACS":null,"CURRENTDEBT_DEBT":49.826595902208,"ISSUED_COMMON_SHARES":17600847102,"HK_COMMON_SHARES":4666385600,"PER_SHARES":500,"TOTAL_MARKET_CAP":21297024993.42,"HKSK_MARKET_CAP":5646326576,"PE_TTM":1.876676816286,"PB_TTM":0.098923948389,"REPORT_DATE_SQ":"2022-12-31 00:00:00","REPORT_TYPE_SQ":"2022年年报","OPERATE_INCOME_SQ":92170000000,"DPS_HKD":0.053054,"OPERATE_INCOME_QOQ_SQ":3.108814086429,"NET_PROFIT_RATIO_SQ":9.5334707606,"HOLDER_PROFIT_SQ":8787000000,"HOLDER_PROFIT_QOQ_SQ":8.535079051383,"ROE_AVG_SQ":4.589170768648,"PE_TTM_SQ":16.649904537058,"PB_TTM_SQ":0.808102742052,"ROA_SQ":2.794762880893,"START_DATE":"2023-01-01 00:00:00","FISCAL_YEAR":"12-31","CURRENCY":"HKD","IS_CNY_CODE":0,"DPS_HKD_LY":0.036661,"ORG_TYPE":"一般企业","PREMIUM_INCOME":null,"PREMIUM_INCOME_YOY":null,"NET_INTEREST_INCOME":null,"NET_INTEREST_INCOME_YOY":null,"FEE_COMMISSION_INCOME":null,"FEE_COMMISSION_INCOME_YOY":null,"ACCOUNTS_RECE_TDAYS":1.650076791434,"INVENTORY_TDAYS":null,"CURRENT_ASSETS_TDAYS":1.471315997465,"TOTAL_ASSETS_TDAYS":0.297700798173,"PREMIUM_EXPENSE":null,"LOAN_DEPOSIT":null,"LOAN_EQUITY":null,"LOAN_ASSETS":null,"DEPOSIT_EQUITY":null,"DEPOSIT_ASSETS":null,"EQUITY_MULTIPLIER":1.649048529544,"EQUITY_RATIO":0.649048529546},{"SECUCODE":"00788.HK","SECURITY_CODE":"00788","SECURITY_NAME_ABBR":"中国铁塔","ORG_CODE":"10437393","STD_REPORT_DATE":"2023-06-30 00:00:00","REPORT_DATE":"2023-06-30 00:00:00","DATE_TYPE_CODE":"002","REPORT_TYPE":"2023年中报","PER_NETCASH_OPERATE":0.065650249291,"PER_OI":0.263970249441,"BPS":10.952825104543,"BASIC_EPS":0.0277,"DILUTED_EPS":0.0277,"OPERATE_INCOME":46461000000,"OPERATE_INCOME_YOY":2.1592383298,"GROSS_PROFIT":42902000000,"GROSS_PROFIT_YOY":2.164646488701,"HOLDER_PROFIT":4841000000,"HOLDER_PROFIT_YOY":14.6070075758,"GROSS_PROFIT_RATIO":92.339811885237,"EPS_TTM":0.053429246588,"OPERATE_INCOME_QOQ":1.065422588695,"NET_PROFIT_RATIO":10.4194916166,"ROE_AVG":2.505888138313,"GROSS_PROFIT_QOQ":1.074760277617,"ROA":1.552540557356,"HOLDER_PROFIT_QOQ":7.021736656424,"ROE_YEARLY":5.011776276626,"ROIC_YEARLY":3.146745189042,"TOTAL_ASSETS":318063000000,"TOTAL_LIABILITIES":125284000000,"TAX_EBT":23.823760818253,"OCF_SALES":24.870321344784,"TOTAL_PARENT_EQUITY":192779000000,"DEBT_ASSET_RATIO":39.3896806607,"OPERATE_PROFIT":7414000000,"PRETAX_PROFIT":6355000000,"NETCASH_OPERATE":11555000000,"NETCASH_INVEST":-15315000000,"NETCASH_FINANCE":1784000000,"END_CASH":3140000000,"DIVI_RATIO":0.901300725629,"DIVIDEND_RATE":4.384628099174,"CURRENT_RATIO":1.131574188245,"COMMON_ACS":null,"CURRENTDEBT_DEBT":48.549695092749,"ISSUED_COMMON_SHARES":17600847102,"HK_COMMON_SHARES":4666385600,"PER_SHARES":500,"TOTAL_MARKET_CAP":21297024993.42,"HKSK_MARKET_CAP":5646326576,"PE_TTM":1.876676816286,"PB_TTM":0.098923948389,"REPORT_DATE_SQ":"2022-06-30 00:00:00","REPORT_TYPE_SQ":"2022年中报","OPERATE_INCOME_SQ":45479000000,"DPS_HKD":0.053054,"OPERATE_INCOME_QOQ_SQ":3.24074608766,"NET_PROFIT_RATIO_SQ":9.2878031619,"HOLDER_PROFIT_SQ":4224000000,"HOLDER_PROFIT_QOQ_SQ":10.465274935189,"ROE_AVG_SQ":2.232664344498,"PE_TTM_SQ":16.649904537058,"PB_TTM_SQ":0.808102742052,"ROA_SQ":1.326670665942,"START_DATE":"2023-01-01 00:00:00","FISCAL_YEAR":"12-31","CURRENCY":"HKD","IS_CNY_CODE":0,"DPS_HKD_LY":0.036661,"ORG_TYPE":"一般企业","PREMIUM_INCOME":null,"PREMIUM_INCOME_YOY":null,"NET_INTEREST_INCOME":null,"NET_INTEREST_INCOME_YOY":null,"FEE_COMMISSION_INCOME":null,"FEE_COMMISSION_INCOME_YOY":null,"ACCOUNTS_RECE_TDAYS":0.877243332547,"INVENTORY_TDAYS":null,"CURRENT_ASSETS_TDAYS":0.783926974539,"TOTAL_ASSETS_TDAYS":0.149003484477,"PREMIUM_EXPENSE":null,"LOAN_DEPOSIT":null,"LOAN_EQUITY":null,"LOAN_ASSETS":null,"DEPOSIT_EQUITY":null,"DEPOSIT_ASSETS":null,"EQUITY_MULTIPLIER":1.649884064134,"EQUITY_RATIO":0.649884064136},{"SECUCODE":"00788.HK","SECURITY_CODE":"00788","SECURITY_NAME_ABBR":"中国铁塔","ORG_CODE":"10437393","STD_REPORT_DATE":"2022-12-31 00:00:00","REPORT_DATE":"2022-12-31 00:00:00","DATE_TYPE_CODE":"001","REPORT_TYPE":"2022年年报","PER_NETCASH_OPERATE":0.370061734081,"PER_OI":0.52366797725,"BPS":10.998959247706,"BASIC_EPS":0.0503,"DILUTED_EPS":0.0503,"OPERATE_INCOME":92170000000,"OPERATE_INCOME_YOY":6.450308945,"GROSS_PROFIT":84577000000,"GROSS_PROFIT_YOY":4.688757132778,"HOLDER_PROFIT":8787000000,"HOLDER_PROFIT_YOY":19.8935734752,"GROSS_PROFIT_RATIO":91.761961592709,"EPS_TTM":0.049923733493,"OPERATE_INCOME_QOQ":3.108814086429,"NET_PROFIT_RATIO":9.5334707606,"ROE_AVG":4.589170768648,"GROSS_PROFIT_QOQ":1.89631700059,"ROA":2.794762880893,"HOLDER_PROFIT_QOQ":8.535079051383,"ROE_YEARLY":4.589170768648,"ROIC_YEARLY":2.847232235581,"TOTAL_ASSETS":305560000000,"TOTAL_LIABILITIES":111969000000,"TAX_EBT":23.776891047883,"OCF_SALES":70.667245307584,"TOTAL_PARENT_EQUITY":193591000000,"DEBT_ASSET_RATIO":36.6438669983,"OPERATE_PROFIT":13312000000,"PRETAX_PROFIT":11528000000,"NETCASH_OPERATE":65134000000,"NETCASH_INVEST":-27657000000,"NETCASH_FINANCE":-38825000000,"END_CASH":5117000000,"DIVI_RATIO":0.964587689065,"DIVIDEND_RATE":4.384628099174,"CURRENT_RATIO":0.762853371804,"COMMON_ACS":null,"CURRENTDEBT_DEBT":58.192892675651,"ISSUED_COMMON_SHARES":17600847102,"HK_COMMON_SHARES":4666385600,"PER_SHARES":500,"TOTAL_MARKET_CAP":21297024993.42,"HKSK_MARKET_CAP":5646326576,"PE_TTM":1.876676816286,"PB_TTM":0.098923948389,"REPORT_DATE_SQ":"2021-12-31 00:00:00","REPORT_TYPE_SQ":"2021年年报","OPERATE_INCOME_SQ":86585000000,"DPS_HKD":0.053054,"OPERATE_INCOME_QOQ_SQ":3.10438448165,"NET_PROFIT_RATIO_SQ":8.4633597043,"HOLDER_PROFIT_SQ":7329000000,"HOLDER_PROFIT_QOQ_SQ":6.109743738237,"ROE_AVG_SQ":3.902566300762,"PE_TTM_SQ":16.649904537058,"PB_TTM_SQ":0.808102742052,"ROA_SQ":2.218760926921,"START_DATE":"2022-01-01 00:00:00","FISCAL_YEAR":"12-31","CURRENCY":"HKD","IS_CNY_CODE":0,"DPS_HKD_LY":0.03097,"ORG_TYPE":"一般企业","PREMIUM_INCOME":null,"PREMIUM_INCOME_YOY":null,"NET_INTEREST_INCOME":null,"NET_INTEREST_INCOME_YOY":null,"FEE_COMMISSION_INCOME":null,"FEE_COMMISSION_INCOME_YOY":null,"ACCOUNTS_RECE_TDAYS":2.411123028226,"INVENTORY_TDAYS":null,"CURRENT_ASSETS_TDAYS":1.880061193269,"TOTAL_ASSETS_TDAYS":0.293152719622,"PREMIUM_EXPENSE":null,"LOAN_DEPOSIT":null,"LOAN_EQUITY":null,"LOAN_ASSETS":null,"DEPOSIT_EQUITY":null,"DEPOSIT_ASSETS":null,"EQUITY_MULTIPLIER":1.578379160188,"EQUITY_RATIO":0.578379160188},{"SECUCODE":"00788.HK","SECURITY_CODE":"00788","SECURITY_NAME_ABBR":"中国铁塔","ORG_CODE":"10437393","STD_REPORT_DATE":"2022-06-30 00:00:00","REPORT_DATE":"2022-06-30 00:00:00","DATE_TYPE_CODE":"002","REPORT_TYPE":"2022年中报","PER_NETCASH_OPERATE":0.177866439143,"PER_OI":0.258390972522,"BPS":10.739710361925,"BASIC_EPS":0.0242,"DILUTED_EPS":0.0242,"OPERATE_INCOME":45479000000,"OPERATE_INCOME_YOY":6.5755864364,"GROSS_PROFIT":41993000000,"GROSS_PROFIT_YOY":5.565750773021,"HOLDER_PROFIT":4224000000,"HOLDER_PROFIT_YOY":22.1868672259,"GROSS_PROFIT_RATIO":92.33492381099,"EPS_TTM":0.045997786089,"OPERATE_INCOME_QOQ":3.24074608766,"NET_PROFIT_RATIO":9.2878031619,"ROE_AVG":2.232664344498,"GROSS_PROFIT_QOQ":2.740472093973,"ROA":1.326670665942,"HOLDER_PROFIT_QOQ":10.465274935189,"ROE_YEARLY":4.465328688997,"ROIC_YEARLY":2.710285321052,"TOTAL_ASSETS":313523000000,"TOTAL_LIABILITIES":124495000000,"TAX_EBT":24.056094929881,"OCF_SALES":68.836166142615,"TOTAL_PARENT_EQUITY":189028000000,"DEBT_ASSET_RATIO":39.7084105472,"OPERATE_PROFIT":7089000000,"PRETAX_PROFIT":5562000000,"NETCASH_OPERATE":31306000000,"NETCASH_INVEST":-11580000000,"NETCASH_FINANCE":-19288000000,"END_CASH":6908000000,"DIVI_RATIO":1.046916010847,"DIVIDEND_RATE":4.384628099174,"CURRENT_RATIO":0.735218827415,"COMMON_ACS":null,"CURRENTDEBT_DEBT":58.36378971043,"ISSUED_COMMON_SHARES":17600847102,"HK_COMMON_SHARES":4666385600,"PER_SHARES":500,"TOTAL_MARKET_CAP":21297024993.42,"HKSK_MARKET_CAP":5646326576,"PE_TTM":1.876676816286,"PB_TTM":0.098923948389,"REPORT_DATE_SQ":"2021-06-30 00:00:00","REPORT_TYPE_SQ":"2021年中报","OPERATE_INCOME_SQ":42673000000,"DPS_HKD":0.053054,"OPERATE_INCOME_QOQ_SQ":3.549982120618,"NET_PROFIT_RATIO_SQ":8.1011412368,"HOLDER_PROFIT_SQ":3457000000,"HOLDER_PROFIT_QOQ_SQ":7.451773490977,"ROE_AVG_SQ":1.858112647743,"PE_TTM_SQ":16.649904537058,"PB_TTM_SQ":0.808102742052,"ROA_SQ":1.031055437498,"START_DATE":"2022-01-01 00:00:00","FISCAL_YEAR":"12-31","CURRENCY":"HKD","IS_CNY_CODE":0,"DPS_HKD_LY":0.03097,"ORG_TYPE":"一般企业","PREMIUM_INCOME":null,"PREMIUM_INCOME_YOY":null,"NET_INTEREST_INCOME":null,"NET_INTEREST_INCOME_YOY":null,"FEE_COMMISSION_INCOME":null,"FEE_COMMISSION_INCOME_YOY":null,"ACCOUNTS_RECE_TDAYS":1.189771092217,"INVENTORY_TDAYS":null,"CURRENT_ASSETS_TDAYS":0.893804353167,"TOTAL_ASSETS_TDAYS":0.142840092842,"PREMIUM_EXPENSE":null,"LOAN_DEPOSIT":null,"LOAN_EQUITY":null,"LOAN_ASSETS":null,"DEPOSIT_EQUITY":null,"DEPOSIT_ASSETS":null,"EQUITY_MULTIPLIER":1.658606132424,"EQUITY_RATIO":0.658606132425},{"SECUCODE":"00788.HK","SECURITY_CODE":"00788","SECURITY_NAME_ABBR":"中国铁塔","ORG_CODE":"10437393","STD_REPORT_DATE":"2021-12-31 00:00:00","REPORT_DATE":"2021-12-31 00:00:00","DATE_TYPE_CODE":"001","REPORT_TYPE":"2021年年报","PER_NETCASH_OPERATE":0.343750500462,"PER_OI":0.491936549964,"BPS":10.758232197727,"BASIC_EPS":0.0419,"DILUTED_EPS":0.0419,"OPERATE_INCOME":86585000000,"OPERATE_INCOME_YOY":6.7645716963,"GROSS_PROFIT":80789000000,"GROSS_PROFIT_YOY":7.298058278216,"HOLDER_PROFIT":7329000000,"HOLDER_PROFIT_YOY":14.0168014935,"GROSS_PROFIT_RATIO":93.305999884507,"EPS_TTM":0.041640041285,"OPERATE_INCOME_QOQ":3.10438448165,"NET_PROFIT_RATIO":8.4633597043,"ROE_AVG":3.902566300762,"GROSS_PROFIT_QOQ":3.205160960654,"ROA":2.218760926921,"HOLDER_PROFIT_QOQ":6.109743738237,"ROE_YEARLY":3.902566300762,"ROIC_YEARLY":2.258116695552,"TOTAL_ASSETS":323259000000,"TOTAL_LIABILITIES":133905000000,"TAX_EBT":23.785751430057,"OCF_SALES":69.87699948028,"TOTAL_PARENT_EQUITY":189354000000,"DEBT_ASSET_RATIO":41.4234406467,"OPERATE_PROFIT":13035000000,"PRETAX_PROFIT":9615000000,"NETCASH_OPERATE":60503000000,"NETCASH_INVEST":-31515000000,"NETCASH_FINANCE":-27560000000,"END_CASH":6471000000,"DIVI_RATIO":1.156478649722,"DIVIDEND_RATE":4.384628099174,"CURRENT_RATIO":0.634585597648,"COMMON_ACS":null,"CURRENTDEBT_DEBT":56.892573092864,"ISSUED_COMMON_SHARES":17600847102,"HK_COMMON_SHARES":4666385600,"PER_SHARES":500,"TOTAL_MARKET_CAP":21297024993.42,"HKSK_MARKET_CAP":5646326576,"PE_TTM":1.876676816286,"PB_TTM":0.098923948389,"REPORT_DATE_SQ":"2020-12-31 00:00:00","REPORT_TYPE_SQ":"2020年年报","OPERATE_INCOME_SQ":81099000000,"DPS_HKD":0.053054,"OPERATE_INCOME_QOQ_SQ":3.65149152629,"NET_PROFIT_RATIO_SQ":7.9248819344,"HOLDER_PROFIT_SQ":6428000000,"HOLDER_PROFIT_QOQ_SQ":13.729653220099,"ROE_AVG_SQ":3.485862409301,"PE_TTM_SQ":16.649904537058,"PB_TTM_SQ":0.808102742052,"ROA_SQ":1.903332163738,"START_DATE":"2021-01-01 00:00:00","FISCAL_YEAR":"12-31","CURRENCY":"HKD","IS_CNY_CODE":0,"DPS_HKD_LY":0.02689,"ORG_TYPE":"一般企业","PREMIUM_INCOME":null,"PREMIUM_INCOME_YOY":null,"NET_INTEREST_INCOME":null,"NET_INTEREST_INCOME_YOY":null,"FEE_COMMISSION_INCOME":null,"FEE_COMMISSION_INCOME_YOY":null,"ACCOUNTS_RECE_TDAYS":2.67023376303,"INVENTORY_TDAYS":null,"CURRENT_ASSETS_TDAYS":1.891576003845,"TOTAL_ASSETS_TDAYS":0.262125003217,"PREMIUM_EXPENSE":null,"LOAN_DEPOSIT":null,"LOAN_EQUITY":null,"LOAN_ASSETS":null,"DEPOSIT_EQUITY":null,"DEPOSIT_ASSETS":null,"EQUITY_MULTIPLIER":1.707167527489,"EQUITY_RATIO":0.707167527488},{"SECUCODE":"00788.HK","SECURITY_CODE":"00788","SECURITY_NAME_ABBR":"中国铁塔","ORG_CODE":"10437393","STD_REPORT_DATE":"2021-06-30 00:00:00","REPORT_DATE":"2021-06-30 00:00:00","DATE_TYPE_CODE":"002","REPORT_TYPE":"2021年中报","PER_NETCASH_OPERATE":0.137709281031,"PER_OI":0.242448558025,"BPS":10.55932131692,"BASIC_EPS":0.0198,"DILUTED_EPS":0.0198,"OPERATE_INCOME":42673000000,"OPERATE_INCOME_YOY":7.2347590089,"GROSS_PROFIT":39779000000,"GROSS_PROFIT_YOY":8.115674177153,"HOLDER_PROFIT":3457000000,"HOLDER_PROFIT_YOY":16.0846205507,"GROSS_PROFIT_RATIO":93.218194174302,"EPS_TTM":0.039242429412,"OPERATE_INCOME_QOQ":3.549982120618,"NET_PROFIT_RATIO":8.1011412368,"ROE_AVG":1.858112647743,"GROSS_PROFIT_QOQ":3.965787446543,"ROA":1.031055437498,"HOLDER_PROFIT_QOQ":7.451773490977,"ROE_YEARLY":3.716225295487,"ROIC_YEARLY":2.093334120529,"TOTAL_ASSETS":333195000000,"TOTAL_LIABILITIES":147341000000,"TAX_EBT":24.155331285652,"OCF_SALES":56.799381341832,"TOTAL_PARENT_EQUITY":185853000000,"DEBT_ASSET_RATIO":44.2206515704,"OPERATE_PROFIT":6354000000,"PRETAX_PROFIT":4558000000,"NETCASH_OPERATE":24238000000,"NETCASH_INVEST":-18685000000,"NETCASH_FINANCE":-5638000000,"END_CASH":4958000000,"DIVI_RATIO":1.227136531608,"DIVIDEND_RATE":4.384628099174,"CURRENT_RATIO":0.544897680907,"COMMON_ACS":null,"CURRENTDEBT_DEBT":64.706361433681,"ISSUED_COMMON_SHARES":17600847102,"HK_COMMON_SHARES":4666385600,"PER_SHARES":500,"TOTAL_MARKET_CAP":21297024993.42,"HKSK_MARKET_CAP":5646326576,"PE_TTM":1.876676816286,"PB_TTM":0.098923948389,"REPORT_DATE_SQ":"2020-06-30 00:00:00","REPORT_TYPE_SQ":"2020年中报","OPERATE_INCOME_SQ":39794000000,"DPS_HKD":0.053054,"OPERATE_INCOME_QOQ_SQ":2.373475689538,"NET_PROFIT_RATIO_SQ":7.4810272905,"HOLDER_PROFIT_SQ":2978000000,"HOLDER_PROFIT_QOQ_SQ":8.234392952892,"ROE_AVG_SQ":1.629544105214,"PE_TTM_SQ":16.649904537058,"PB_TTM_SQ":0.808102742052,"ROA_SQ":0.884340812715,"START_DATE":"2021-01-01 00:00:00","FISCAL_YEAR":"12-31","CURRENCY":"HKD","IS_CNY_CODE":0,"DPS_HKD_LY":0.02689,"ORG_TYPE":"一般企业","PREMIUM_INCOME":null,"PREMIUM_INCOME_YOY":null,"NET_INTEREST_INCOME":null,"NET_INTEREST_INCOME_YOY":null,"FEE_COMMISSION_INCOME":null,"FEE_COMMISSION_INCOME_YOY":null,"ACCOUNTS_RECE_TDAYS":1.247256200038,"INVENTORY_TDAYS":null,"CURRENT_ASSETS_TDAYS":0.896924984762,"TOTAL_ASSETS_TDAYS":0.127272862842,"PREMIUM_EXPENSE":null,"LOAN_DEPOSIT":null,"LOAN_EQUITY":null,"LOAN_ASSETS":null,"DEPOSIT_EQUITY":null,"DEPOSIT_ASSETS":null,"EQUITY_MULTIPLIER":1.792778202245,"EQUITY_RATIO":0.792782467864},{"SECUCODE":"00788.HK","SECURITY_CODE":"00788","SECURITY_NAME_ABBR":"中国铁塔","ORG_CODE":"10437393","STD_REPORT_DATE":"2020-12-31 00:00:00","REPORT_DATE":"2020-12-31 00:00:00","DATE_TYPE_CODE":"001","REPORT_TYPE":"2020年年报","PER_NETCASH_OPERATE":0.326961535801,"PER_OI":0.460767595606,"BPS":10.58159297224,"BASIC_EPS":0.0368,"DILUTED_EPS":0.0368,"OPERATE_INCOME":81099000000,"OPERATE_INCOME_YOY":6.1116344795,"GROSS_PROFIT":75294000000,"GROSS_PROFIT_YOY":6.898558955065,"HOLDER_PROFIT":6428000000,"HOLDER_PROFIT_YOY":23.0945997702,"GROSS_PROFIT_RATIO":92.8420818999,"EPS_TTM":0.036520969489,"OPERATE_INCOME_QOQ":3.65149152629,"NET_PROFIT_RATIO":7.9248819344,"ROE_AVG":3.485862409301,"GROSS_PROFIT_QOQ":4.079178358653,"ROA":1.903332163738,"HOLDER_PROFIT_QOQ":13.729653220099,"ROE_YEARLY":3.485862409301,"ROIC_YEARLY":1.93562277639,"TOTAL_ASSETS":337380000000,"TOTAL_LIABILITIES":151134000000,"TAX_EBT":23.551802069704,"OCF_SALES":70.9601844659,"TOTAL_PARENT_EQUITY":186245000000,"DEBT_ASSET_RATIO":44.7963720434,"OPERATE_PROFIT":12012000000,"PRETAX_PROFIT":8407000000,"NETCASH_OPERATE":57548000000,"NETCASH_INVEST":-37897000000,"NETCASH_FINANCE":-20837000000,"END_CASH":5042000000,"DIVI_RATIO":1.318579966368,"DIVIDEND_RATE":4.384628099174,"CURRENT_RATIO":0.405157781216,"COMMON_ACS":null,"CURRENTDEBT_DEBT":70.556592163246,"ISSUED_COMMON_SHARES":17600847102,"HK_COMMON_SHARES":4666385600,"PER_SHARES":500,"TOTAL_MARKET_CAP":21297024993.42,"HKSK_MARKET_CAP":5646326576,"PE_TTM":1.876676816286,"PB_TTM":0.098923948389,"REPORT_DATE_SQ":"2019-12-31 00:00:00","REPORT_TYPE_SQ":"2019年年报","OPERATE_INCOME_SQ":76428000000,"DPS_HKD":0.053054,"OPERATE_INCOME_QOQ_SQ":2.63751611517,"NET_PROFIT_RATIO_SQ":6.8312660282,"HOLDER_PROFIT_SQ":5222000000,"HOLDER_PROFIT_QOQ_SQ":30.942828485456,"ROE_AVG_SQ":2.876651581966,"PE_TTM_SQ":16.649904537058,"PB_TTM_SQ":0.808102742052,"ROA_SQ":1.598332494173,"START_DATE":"2020-01-01 00:00:00","FISCAL_YEAR":"12-31","CURRENCY":"HKD","IS_CNY_CODE":0,"DPS_HKD_LY":0.015894,"ORG_TYPE":"一般企业","PREMIUM_INCOME":null,"PREMIUM_INCOME_YOY":null,"NET_INTEREST_INCOME":null,"NET_INTEREST_INCOME_YOY":null,"FEE_COMMISSION_INCOME":null,"FEE_COMMISSION_INCOME_YOY":null,"ACCOUNTS_RECE_TDAYS":2.849778621126,"INVENTORY_TDAYS":null,"CURRENT_ASSETS_TDAYS":1.926364921199,"TOTAL_ASSETS_TDAYS":0.240134311056,"PREMIUM_EXPENSE":null,"LOAN_DEPOSIT":null,"LOAN_EQUITY":null,"LOAN_ASSETS":null,"DEPOSIT_EQUITY":null,"DEPOSIT_ASSETS":null,"EQUITY_MULTIPLIER":1.811475145775,"EQUITY_RATIO":0.811479502805},{"SECUCODE":"00788.HK","SECURITY_CODE":"00788","SECURITY_NAME_ABBR":"中国铁塔","ORG_CODE":"10437393","STD_REPORT_DATE":"2020-06-30 00:00:00","REPORT_DATE":"2020-06-30 00:00:00","DATE_TYPE_CODE":"002","REPORT_TYPE":"2020年中报","PER_NETCASH_OPERATE":0.153873275772,"PER_OI":0.226091390764,"BPS":10.393931549988,"BASIC_EPS":0.017,"DILUTED_EPS":0.017,"OPERATE_INCOME":39794000000,"OPERATE_INCOME_YOY":4.7761979989,"GROSS_PROFIT":36793000000,"GROSS_PROFIT_YOY":5.469399455353,"HOLDER_PROFIT":2978000000,"HOLDER_PROFIT_YOY":16.8759811617,"GROSS_PROFIT_RATIO":92.458662109866,"EPS_TTM":0.032112090782,"OPERATE_INCOME_QOQ":2.373475689538,"NET_PROFIT_RATIO":7.4810272905,"ROE_AVG":1.629544105214,"GROSS_PROFIT_QOQ":2.708880528147,"ROA":0.884340812715,"HOLDER_PROFIT_QOQ":8.234392952892,"ROE_YEARLY":3.259088210429,"ROIC_YEARLY":1.796979891083,"TOTAL_ASSETS":335429000000,"TOTAL_LIABILITIES":152486000000,"TAX_EBT":23.607903515525,"OCF_SALES":68.05799869327,"TOTAL_PARENT_EQUITY":182942000000,"DEBT_ASSET_RATIO":45.4599930239,"OPERATE_PROFIT":5841000000,"PRETAX_PROFIT":3897000000,"NETCASH_OPERATE":27083000000,"NETCASH_INVEST":-14296000000,"NETCASH_FINANCE":-14630000000,"END_CASH":4380000000,"DIVI_RATIO":1.49961642318,"DIVIDEND_RATE":4.384628099174,"CURRENT_RATIO":0.364939387713,"COMMON_ACS":null,"CURRENTDEBT_DEBT":79.794210616057,"ISSUED_COMMON_SHARES":17600847102,"HK_COMMON_SHARES":4666385600,"PER_SHARES":500,"TOTAL_MARKET_CAP":21297024993.42,"HKSK_MARKET_CAP":5646326576,"PE_TTM":1.876676816286,"PB_TTM":0.098923948389,"REPORT_DATE_SQ":"2019-06-30 00:00:00","REPORT_TYPE_SQ":"2019年中报","OPERATE_INCOME_SQ":37980000000,"DPS_HKD":0.053054,"OPERATE_INCOME_QOQ_SQ":3.682869435665,"NET_PROFIT_RATIO_SQ":6.7087941022,"HOLDER_PROFIT_SQ":2548000000,"HOLDER_PROFIT_QOQ_SQ":50.490566037736,"ROE_AVG_SQ":1.409163433647,"PE_TTM_SQ":16.649904537058,"PB_TTM_SQ":0.808102742052,"ROA_SQ":0.781964486291,"START_DATE":"2020-01-01 00:00:00","FISCAL_YEAR":"12-31","CURRENCY":"HKD","IS_CNY_CODE":0,"DPS_HKD_LY":0.015894,"ORG_TYPE":"一般企业","PREMIUM_INCOME":null,"PREMIUM_INCOME_YOY":null,"NET_INTEREST_INCOME":null,"NET_INTEREST_INCOME_YOY":null,"FEE_COMMISSION_INCOME":null,"FEE_COMMISSION_INCOME_YOY":null,"ACCOUNTS_RECE_TDAYS":1.387662586742,"INVENTORY_TDAYS":null,"CURRENT_ASSETS_TDAYS":0.93195470673,"TOTAL_ASSETS_TDAYS":0.118171451649,"PREMIUM_EXPENSE":null,"LOAN_DEPOSIT":null,"LOAN_EQUITY":null,"LOAN_ASSETS":null,"DEPOSIT_EQUITY":null,"DEPOSIT_ASSETS":null,"EQUITY_MULTIPLIER":1.83351645048,"EQUITY_RATIO":0.833521006658}],"count":19},"success":true,"message":"ok","code":0}