{"version":"7c7e8ea2df15031076384aafa0364457","result":{"pages":3,"data":[{"SECUCODE":"00784.HK","SECURITY_CODE":"00784","SECURITY_NAME_ABBR":"凌锐控股","ORG_CODE":"10681539","STD_REPORT_DATE":"2024-06-30 00:00:00","REPORT_DATE":"2024-09-30 00:00:00","DATE_TYPE_CODE":"002","REPORT_TYPE":"2024年中报","PER_NETCASH_OPERATE":-0.026723419413,"PER_OI":0.13593131565,"BPS":0.089044999075,"BASIC_EPS":0.001713401,"DILUTED_EPS":0.001713401,"OPERATE_INCOME":108745052.52,"OPERATE_INCOME_YOY":8.7711069418,"GROSS_PROFIT":13749592.13,"GROSS_PROFIT_YOY":8.854401964498,"HOLDER_PROFIT":1394167.34,"HOLDER_PROFIT_YOY":198.2835346472,"GROSS_PROFIT_RATIO":12.643878329519,"EPS_TTM":0.000742237813,"OPERATE_INCOME_QOQ":0,"NET_PROFIT_RATIO":1.2820512821,"ROE_AVG":1.976451336598,"GROSS_PROFIT_QOQ":0,"ROA":1.034989472698,"HOLDER_PROFIT_QOQ":0,"ROE_YEARLY":3.952902673195,"ROIC_YEARLY":2.410436911179,"TOTAL_ASSETS":142325908.54,"TOTAL_LIABILITIES":71089909.28,"TAX_EBT":null,"OCF_SALES":-19.659501774638,"TOTAL_PARENT_EQUITY":71235999.26,"DEBT_ASSET_RATIO":49.9486776577,"OPERATE_PROFIT":2127322.61,"PRETAX_PROFIT":1394167.34,"NETCASH_OPERATE":-21378735.53,"NETCASH_INVEST":-90179,"NETCASH_FINANCE":5678571.63,"END_CASH":11130793.97,"DIVI_RATIO":null,"DIVIDEND_RATE":null,"CURRENT_RATIO":1.671834265081,"COMMON_ACS":2000000000,"CURRENTDEBT_DEBT":90.98969961437,"ISSUED_COMMON_SHARES":800000000,"HK_COMMON_SHARES":800000000,"PER_SHARES":10000,"TOTAL_MARKET_CAP":36800000,"HKSK_MARKET_CAP":36800000,"PE_TTM":9.750927397986,"PB_TTM":0.465858166443,"REPORT_DATE_SQ":"2023-06-30 00:00:00","REPORT_TYPE_SQ":"2023年中报","OPERATE_INCOME_SQ":101732132.32,"DPS_HKD":null,"OPERATE_INCOME_QOQ_SQ":0,"NET_PROFIT_RATIO_SQ":-1.4188555347,"HOLDER_PROFIT_SQ":-1443431.99,"HOLDER_PROFIT_QOQ_SQ":0,"ROE_AVG_SQ":-2.069559840277,"PE_TTM_SQ":-2.353590144341,"PB_TTM_SQ":1.021005051848,"ROA_SQ":-0.86414802037,"START_DATE":"2024-04-01 00:00:00","FISCAL_YEAR":"3-31","CURRENCY":"HKD","IS_CNY_CODE":0,"DPS_HKD_LY":null,"ORG_TYPE":"一般企业","PREMIUM_INCOME":null,"PREMIUM_INCOME_YOY":null,"NET_INTEREST_INCOME":null,"NET_INTEREST_INCOME_YOY":null,"FEE_COMMISSION_INCOME":null,"FEE_COMMISSION_INCOME_YOY":null,"ACCOUNTS_RECE_TDAYS":3.635892178737,"INVENTORY_TDAYS":null,"CURRENT_ASSETS_TDAYS":1.113503730516,"TOTAL_ASSETS_TDAYS":0.807291788704,"PREMIUM_EXPENSE":null,"LOAN_DEPOSIT":null,"LOAN_EQUITY":null,"LOAN_ASSETS":null,"DEPOSIT_EQUITY":null,"DEPOSIT_ASSETS":null,"EQUITY_MULTIPLIER":1.997949211334,"EQUITY_RATIO":0.997949211333},{"SECUCODE":"00784.HK","SECURITY_CODE":"00784","SECURITY_NAME_ABBR":"凌锐控股","ORG_CODE":"10681539","STD_REPORT_DATE":"2023-12-31 00:00:00","REPORT_DATE":"2024-03-31 00:00:00","DATE_TYPE_CODE":"001","REPORT_TYPE":"2023年年报","PER_NETCASH_OPERATE":0.035025692438,"PER_OI":0.219887102063,"BPS":0.0877631055,"BASIC_EPS":0.00072524,"DILUTED_EPS":null,"OPERATE_INCOME":175909681.65,"OPERATE_INCOME_YOY":-18.7958502994,"GROSS_PROFIT":25960872.35,"GROSS_PROFIT_YOY":549.941929891139,"HOLDER_PROFIT":593790.25,"HOLDER_PROFIT_YOY":102.180498685,"GROSS_PROFIT_RATIO":14.75806908778,"EPS_TTM":-0.035826871675,"OPERATE_INCOME_QOQ":0,"NET_PROFIT_RATIO":0.3375540473,"ROE_AVG":0.849320219656,"GROSS_PROFIT_QOQ":0,"ROA":0.409265010029,"HOLDER_PROFIT_QOQ":0,"ROE_YEARLY":0.849320219656,"ROIC_YEARLY":0.471907117152,"TOTAL_ASSETS":127751932.55,"TOTAL_LIABILITIES":57541448.15,"TAX_EBT":null,"OCF_SALES":15.928943584669,"TOTAL_PARENT_EQUITY":70210484.4,"DEBT_ASSET_RATIO":45.0415481014,"OPERATE_PROFIT":2187505.15,"PRETAX_PROFIT":593790.25,"NETCASH_OPERATE":28020553.95,"NETCASH_INVEST":-1252852.1,"NETCASH_FINANCE":-11159630.5,"END_CASH":27063237.15,"DIVI_RATIO":null,"DIVIDEND_RATE":null,"CURRENT_RATIO":1.64594613001,"COMMON_ACS":2000000000,"CURRENTDEBT_DEBT":92.533833283443,"ISSUED_COMMON_SHARES":800000000,"HK_COMMON_SHARES":800000000,"PER_SHARES":10000,"TOTAL_MARKET_CAP":47200000,"HKSK_MARKET_CAP":47200000,"PE_TTM":12.50662427133,"PB_TTM":0.59751373522,"REPORT_DATE_SQ":"2022-12-31 00:00:00","REPORT_TYPE_SQ":"2022年年报","OPERATE_INCOME_SQ":209185347.37,"DPS_HKD":null,"OPERATE_INCOME_QOQ_SQ":0,"NET_PROFIT_RATIO_SQ":-12.5708809535,"HOLDER_PROFIT_SQ":-26296440.99,"HOLDER_PROFIT_QOQ_SQ":0,"ROE_AVG_SQ":-32.717767188564,"PE_TTM_SQ":-2.868437988416,"PB_TTM_SQ":1.24434990694,"ROA_SQ":-15.010943762056,"START_DATE":"2023-04-01 00:00:00","FISCAL_YEAR":"3-31","CURRENCY":"HKD","IS_CNY_CODE":0,"DPS_HKD_LY":null,"ORG_TYPE":"一般企业","PREMIUM_INCOME":null,"PREMIUM_INCOME_YOY":null,"NET_INTEREST_INCOME":null,"NET_INTEREST_INCOME_YOY":null,"FEE_COMMISSION_INCOME":null,"FEE_COMMISSION_INCOME_YOY":null,"ACCOUNTS_RECE_TDAYS":6.588560854286,"INVENTORY_TDAYS":null,"CURRENT_ASSETS_TDAYS":1.673794531183,"TOTAL_ASSETS_TDAYS":1.212442905969,"PREMIUM_EXPENSE":null,"LOAN_DEPOSIT":null,"LOAN_EQUITY":null,"LOAN_ASSETS":null,"DEPOSIT_EQUITY":null,"DEPOSIT_ASSETS":null,"EQUITY_MULTIPLIER":1.819556347484,"EQUITY_RATIO":0.819556347485},{"SECUCODE":"00784.HK","SECURITY_CODE":"00784","SECURITY_NAME_ABBR":"凌锐控股","ORG_CODE":"10681539","STD_REPORT_DATE":"2023-06-30 00:00:00","REPORT_DATE":"2023-09-30 00:00:00","DATE_TYPE_CODE":"002","REPORT_TYPE":"2023年中报","PER_NETCASH_OPERATE":-0.000214496013,"PER_OI":0.1271651654,"BPS":0.08628016075,"BASIC_EPS":-0.00183526,"DILUTED_EPS":-0.00183526,"OPERATE_INCOME":101732132.32,"OPERATE_INCOME_YOY":-12.5091741309,"GROSS_PROFIT":12631176.95,"GROSS_PROFIT_YOY":7.156781924146,"HOLDER_PROFIT":-1443431.99,"HOLDER_PROFIT_YOY":-254.3670264966,"GROSS_PROFIT_RATIO":12.416113436282,"EPS_TTM":-0.032870551238,"OPERATE_INCOME_QOQ":0,"NET_PROFIT_RATIO":-1.4188555347,"ROE_AVG":-2.069559840277,"GROSS_PROFIT_QOQ":0,"ROA":-0.86414802037,"HOLDER_PROFIT_QOQ":0,"ROE_YEARLY":-4.139119680554,"ROIC_YEARLY":-1.831316324095,"TOTAL_ASSETS":169663363.59,"TOTAL_LIABILITIES":100639234.99,"TAX_EBT":null,"OCF_SALES":-0.168675133497,"TOTAL_PARENT_EQUITY":69024128.6,"DEBT_ASSET_RATIO":59.317010379,"OPERATE_PROFIT":-572601.12,"PRETAX_PROFIT":-1443431.99,"NETCASH_OPERATE":-171596.81,"NETCASH_INVEST":-1671004.23,"NETCASH_FINANCE":-2554681.92,"END_CASH":7197889.72,"DIVI_RATIO":null,"DIVIDEND_RATE":null,"CURRENT_RATIO":1.305144174423,"COMMON_ACS":2000000000,"CURRENTDEBT_DEBT":94.137116701467,"ISSUED_COMMON_SHARES":800000000,"HK_COMMON_SHARES":800000000,"PER_SHARES":10000,"TOTAL_MARKET_CAP":47200000,"HKSK_MARKET_CAP":47200000,"PE_TTM":12.50662427133,"PB_TTM":0.59751373522,"REPORT_DATE_SQ":"2022-06-30 00:00:00","REPORT_TYPE_SQ":"2022年中报","OPERATE_INCOME_SQ":114606114.6,"DPS_HKD":null,"OPERATE_INCOME_QOQ_SQ":0,"NET_PROFIT_RATIO_SQ":0.8041668311,"HOLDER_PROFIT_SQ":921624.36,"HOLDER_PROFIT_QOQ_SQ":0,"ROE_AVG_SQ":0.949306652134,"PE_TTM_SQ":-2.868437988416,"PB_TTM_SQ":1.24434990694,"ROA_SQ":0.475340820301,"START_DATE":"2023-04-01 00:00:00","FISCAL_YEAR":"3-31","CURRENCY":"HKD","IS_CNY_CODE":0,"DPS_HKD_LY":null,"ORG_TYPE":"一般企业","PREMIUM_INCOME":null,"PREMIUM_INCOME_YOY":null,"NET_INTEREST_INCOME":null,"NET_INTEREST_INCOME_YOY":null,"FEE_COMMISSION_INCOME":null,"FEE_COMMISSION_INCOME_YOY":null,"ACCOUNTS_RECE_TDAYS":2.274599917932,"INVENTORY_TDAYS":null,"CURRENT_ASSETS_TDAYS":0.821415605296,"TOTAL_ASSETS_TDAYS":0.609045811382,"PREMIUM_EXPENSE":null,"LOAN_DEPOSIT":null,"LOAN_EQUITY":null,"LOAN_ASSETS":null,"DEPOSIT_EQUITY":null,"DEPOSIT_ASSETS":null,"EQUITY_MULTIPLIER":2.458029779315,"EQUITY_RATIO":1.458029779314},{"SECUCODE":"00784.HK","SECURITY_CODE":"00784","SECURITY_NAME_ABBR":"凌锐控股","ORG_CODE":"10681539","STD_REPORT_DATE":"2022-12-31 00:00:00","REPORT_DATE":"2023-03-31 00:00:00","DATE_TYPE_CODE":"001","REPORT_TYPE":"2022年年报","PER_NETCASH_OPERATE":0.0005602624,"PER_OI":0.261481684213,"BPS":0.084031700163,"BASIC_EPS":-0.032827875,"DILUTED_EPS":null,"OPERATE_INCOME":209185347.37,"OPERATE_INCOME_YOY":-30.5934600884,"GROSS_PROFIT":-5769827.31,"GROSS_PROFIT_YOY":-128.703189642547,"HOLDER_PROFIT":-26296440.99,"HOLDER_PROFIT_YOY":-1441.0267857143,"GROSS_PROFIT_RATIO":-2.75823683759,"EPS_TTM":0.001863994925,"OPERATE_INCOME_QOQ":0,"NET_PROFIT_RATIO":-12.5708809535,"ROE_AVG":-32.717767188564,"GROSS_PROFIT_QOQ":0,"ROA":-15.010943762056,"HOLDER_PROFIT_QOQ":0,"ROE_YEARLY":-32.717767188564,"ROIC_YEARLY":-15.916430658694,"TOTAL_ASSETS":156842832.65,"TOTAL_LIABILITIES":89617472.52,"TAX_EBT":8.199376566225,"OCF_SALES":0.214264491101,"TOTAL_PARENT_EQUITY":67225360.13,"DEBT_ASSET_RATIO":57.138391985,"OPERATE_PROFIT":-27170975.58,"PRETAX_PROFIT":-28645166.02,"NETCASH_OPERATE":448209.92,"NETCASH_INVEST":-88416.41,"NETCASH_FINANCE":1831357.72,"END_CASH":11061680.76,"DIVI_RATIO":null,"DIVIDEND_RATE":null,"CURRENT_RATIO":1.367071838848,"COMMON_ACS":2000000000,"CURRENTDEBT_DEBT":96.596725667175,"ISSUED_COMMON_SHARES":800000000,"HK_COMMON_SHARES":800000000,"PER_SHARES":10000,"TOTAL_MARKET_CAP":44800000,"HKSK_MARKET_CAP":44800000,"PE_TTM":11.870694223635,"PB_TTM":0.567131680887,"REPORT_DATE_SQ":"2021-12-31 00:00:00","REPORT_TYPE_SQ":"2021年年报","OPERATE_INCOME_SQ":279219388.86,"DPS_HKD":null,"OPERATE_INCOME_QOQ_SQ":0,"NET_PROFIT_RATIO_SQ":0.6506218667,"HOLDER_PROFIT_SQ":1816662.4,"HOLDER_PROFIT_QOQ_SQ":0,"ROE_AVG_SQ":2.118964734373,"PE_TTM_SQ":-2.716468590832,"PB_TTM_SQ":1.084817867588,"ROA_SQ":1.044590977345,"START_DATE":"2022-04-01 00:00:00","FISCAL_YEAR":"3-31","CURRENCY":"HKD","IS_CNY_CODE":0,"DPS_HKD_LY":null,"ORG_TYPE":"一般企业","PREMIUM_INCOME":null,"PREMIUM_INCOME_YOY":null,"NET_INTEREST_INCOME":null,"NET_INTEREST_INCOME_YOY":null,"FEE_COMMISSION_INCOME":null,"FEE_COMMISSION_INCOME_YOY":null,"ACCOUNTS_RECE_TDAYS":5.148714744349,"INVENTORY_TDAYS":null,"CURRENT_ASSETS_TDAYS":1.566381630051,"TOTAL_ASSETS_TDAYS":1.194104360515,"PREMIUM_EXPENSE":null,"LOAN_DEPOSIT":null,"LOAN_EQUITY":null,"LOAN_ASSETS":null,"DEPOSIT_EQUITY":null,"DEPOSIT_ASSETS":null,"EQUITY_MULTIPLIER":2.33309025562,"EQUITY_RATIO":1.333090255622},{"SECUCODE":"00784.HK","SECURITY_CODE":"00784","SECURITY_NAME_ABBR":"凌锐控股","ORG_CODE":"10681539","STD_REPORT_DATE":"2022-06-30 00:00:00","REPORT_DATE":"2022-09-30 00:00:00","DATE_TYPE_CODE":"002","REPORT_TYPE":"2022年中报","PER_NETCASH_OPERATE":-0.0058019826,"PER_OI":0.14325764325,"BPS":0.12193094805,"BASIC_EPS":0.001175772,"DILUTED_EPS":0.001175772,"OPERATE_INCOME":114606114.6,"OPERATE_INCOME_YOY":-22.5922124889,"GROSS_PROFIT":11787566.52,"GROSS_PROFIT_YOY":12.130287126285,"HOLDER_PROFIT":921624.36,"HOLDER_PROFIT_YOY":-31.9305277221,"GROSS_PROFIT_RATIO":10.285285877757,"EPS_TTM":0.002270828,"OPERATE_INCOME_QOQ":0,"NET_PROFIT_RATIO":0.8041668311,"ROE_AVG":0.949306652134,"GROSS_PROFIT_QOQ":0,"ROA":0.475340820301,"HOLDER_PROFIT_QOQ":0,"ROE_YEARLY":1.898613304267,"ROIC_YEARLY":0.995817371589,"TOTAL_ASSETS":187835908.08,"TOTAL_LIABILITIES":90291149.64,"TAX_EBT":3.777148253069,"OCF_SALES":-4.050033539833,"TOTAL_PARENT_EQUITY":97544758.44,"DEBT_ASSET_RATIO":48.0691634326,"OPERATE_PROFIT":1611712.08,"PRETAX_PROFIT":957801.96,"NETCASH_OPERATE":-4641586.08,"NETCASH_INVEST":-2299990.92,"NETCASH_FINANCE":6188178.48,"END_CASH":8411292,"DIVI_RATIO":null,"DIVIDEND_RATE":null,"CURRENT_RATIO":1.795909609369,"COMMON_ACS":2000000000,"CURRENTDEBT_DEBT":88.698901142932,"ISSUED_COMMON_SHARES":800000000,"HK_COMMON_SHARES":800000000,"PER_SHARES":10000,"TOTAL_MARKET_CAP":44800000,"HKSK_MARKET_CAP":44800000,"PE_TTM":11.870694223635,"PB_TTM":0.567131680887,"REPORT_DATE_SQ":"2021-06-30 00:00:00","REPORT_TYPE_SQ":"2021年中报","OPERATE_INCOME_SQ":136370255.88,"DPS_HKD":null,"OPERATE_INCOME_QOQ_SQ":0,"NET_PROFIT_RATIO_SQ":0.9144888759,"HOLDER_PROFIT_SQ":1247090.82,"HOLDER_PROFIT_QOQ_SQ":0,"ROE_AVG_SQ":1.421105842482,"PE_TTM_SQ":-2.716468590832,"PB_TTM_SQ":1.084817867588,"ROA_SQ":0.686950915361,"START_DATE":"2022-04-01 00:00:00","FISCAL_YEAR":"3-31","CURRENCY":"HKD","IS_CNY_CODE":0,"DPS_HKD_LY":null,"ORG_TYPE":"一般企业","PREMIUM_INCOME":null,"PREMIUM_INCOME_YOY":null,"NET_INTEREST_INCOME":null,"NET_INTEREST_INCOME_YOY":null,"FEE_COMMISSION_INCOME":null,"FEE_COMMISSION_INCOME_YOY":null,"ACCOUNTS_RECE_TDAYS":2.855066749282,"INVENTORY_TDAYS":null,"CURRENT_ASSETS_TDAYS":0.77043040499,"TOTAL_ASSETS_TDAYS":0.591097272271,"PREMIUM_EXPENSE":null,"LOAN_DEPOSIT":null,"LOAN_EQUITY":null,"LOAN_ASSETS":null,"DEPOSIT_EQUITY":null,"DEPOSIT_ASSETS":null,"EQUITY_MULTIPLIER":1.925638148929,"EQUITY_RATIO":0.925638148928},{"SECUCODE":"00784.HK","SECURITY_CODE":"00784","SECURITY_NAME_ABBR":"凌锐控股","ORG_CODE":"10681539","STD_REPORT_DATE":"2021-12-31 00:00:00","REPORT_DATE":"2022-03-31 00:00:00","DATE_TYPE_CODE":"001","REPORT_TYPE":"2021年年报","PER_NETCASH_OPERATE":0.0247682454,"PER_OI":0.349024236075,"BPS":0.1083022754,"BASIC_EPS":0.002270828,"DILUTED_EPS":null,"OPERATE_INCOME":279219388.86,"OPERATE_INCOME_YOY":42.8637821643,"GROSS_PROFIT":20101693.86,"GROSS_PROFIT_YOY":24.922109455953,"HOLDER_PROFIT":1816662.4,"HOLDER_PROFIT_YOY":507.2727272727,"GROSS_PROFIT_RATIO":7.199247137554,"EPS_TTM":0.000604346275,"OPERATE_INCOME_QOQ":0,"NET_PROFIT_RATIO":0.6506218667,"ROE_AVG":2.118964734373,"GROSS_PROFIT_QOQ":0,"ROA":1.044590977345,"HOLDER_PROFIT_QOQ":0,"ROE_YEARLY":2.118964734373,"ROIC_YEARLY":1.097810505164,"TOTAL_ASSETS":179284303.63,"TOTAL_LIABILITIES":92642483.31,"TAX_EBT":27.201819954501,"OCF_SALES":7.09642564612,"TOTAL_PARENT_EQUITY":86641820.32,"DEBT_ASSET_RATIO":51.673504838,"OPERATE_PROFIT":4659252.45,"PRETAX_PROFIT":2495477.77,"NETCASH_OPERATE":19814596.32,"NETCASH_INVEST":-4321872.29,"NETCASH_FINANCE":-15918504.28,"END_CASH":8217964.33,"DIVI_RATIO":null,"DIVIDEND_RATE":null,"CURRENT_RATIO":1.534626639211,"COMMON_ACS":2000000000,"CURRENTDEBT_DEBT":96.929905192111,"ISSUED_COMMON_SHARES":800000000,"HK_COMMON_SHARES":800000000,"PER_SHARES":10000,"TOTAL_MARKET_CAP":44800000,"HKSK_MARKET_CAP":44800000,"PE_TTM":11.870694223635,"PB_TTM":0.567131680887,"REPORT_DATE_SQ":"2020-12-31 00:00:00","REPORT_TYPE_SQ":"2020年年报","OPERATE_INCOME_SQ":203679083.02,"DPS_HKD":null,"OPERATE_INCOME_QOQ_SQ":0,"NET_PROFIT_RATIO_SQ":-0.2282261846,"HOLDER_PROFIT_SQ":-464849,"HOLDER_PROFIT_QOQ_SQ":0,"ROE_AVG_SQ":-0.524473857362,"PE_TTM_SQ":-2.716468590832,"PB_TTM_SQ":1.084817867588,"ROA_SQ":-0.234683188363,"START_DATE":"2021-04-01 00:00:00","FISCAL_YEAR":"3-31","CURRENCY":"HKD","IS_CNY_CODE":0,"DPS_HKD_LY":null,"ORG_TYPE":"一般企业","PREMIUM_INCOME":null,"PREMIUM_INCOME_YOY":null,"NET_INTEREST_INCOME":null,"NET_INTEREST_INCOME_YOY":null,"FEE_COMMISSION_INCOME":null,"FEE_COMMISSION_INCOME_YOY":null,"ACCOUNTS_RECE_TDAYS":7.955219742132,"INVENTORY_TDAYS":null,"CURRENT_ASSETS_TDAYS":2.155809431972,"TOTAL_ASSETS_TDAYS":1.605527005475,"PREMIUM_EXPENSE":null,"LOAN_DEPOSIT":null,"LOAN_EQUITY":null,"LOAN_ASSETS":null,"DEPOSIT_EQUITY":null,"DEPOSIT_ASSETS":null,"EQUITY_MULTIPLIER":2.069258274675,"EQUITY_RATIO":1.069258274674},{"SECUCODE":"00784.HK","SECURITY_CODE":"00784","SECURITY_NAME_ABBR":"凌锐控股","ORG_CODE":"10681539","STD_REPORT_DATE":"2021-06-30 00:00:00","REPORT_DATE":"2021-09-30 00:00:00","DATE_TYPE_CODE":"002","REPORT_TYPE":"2021年中报","PER_NETCASH_OPERATE":0.0138079695,"PER_OI":0.17046281985,"BPS":0.110473127925,"BASIC_EPS":0.001582814,"DILUTED_EPS":0.001582814,"OPERATE_INCOME":136370255.88,"OPERATE_INCOME_YOY":49.761220793,"GROSS_PROFIT":10512384.14,"GROSS_PROFIT_YOY":101.946188732319,"HOLDER_PROFIT":1247090.82,"HOLDER_PROFIT_YOY":340.2941176471,"GROSS_PROFIT_RATIO":7.708707497954,"EPS_TTM":-0.00058106125,"OPERATE_INCOME_QOQ":0,"NET_PROFIT_RATIO":0.9144888759,"ROE_AVG":1.421105842482,"GROSS_PROFIT_QOQ":0,"ROA":0.686950915361,"HOLDER_PROFIT_QOQ":0,"ROE_YEARLY":2.842211684964,"ROIC_YEARLY":1.425707496631,"TOTAL_ASSETS":189959339.56,"TOTAL_LIABILITIES":101580837.22,"TAX_EBT":26.509572901326,"OCF_SALES":8.100282227028,"TOTAL_PARENT_EQUITY":88378502.34,"DEBT_ASSET_RATIO":53.4750423197,"OPERATE_PROFIT":2485017.98,"PRETAX_PROFIT":1696943.22,"NETCASH_OPERATE":11046375.6,"NETCASH_INVEST":-5182466.26,"NETCASH_FINANCE":-10428245.08,"END_CASH":4314417.74,"DIVI_RATIO":null,"DIVIDEND_RATE":null,"CURRENT_RATIO":1.437054129898,"COMMON_ACS":2000000000,"CURRENTDEBT_DEBT":97.02387298359,"ISSUED_COMMON_SHARES":800000000,"HK_COMMON_SHARES":800000000,"PER_SHARES":10000,"TOTAL_MARKET_CAP":44800000,"HKSK_MARKET_CAP":44800000,"PE_TTM":11.870694223635,"PB_TTM":0.567131680887,"REPORT_DATE_SQ":"2020-06-30 00:00:00","REPORT_TYPE_SQ":"2020年中报","OPERATE_INCOME_SQ":96049368.32,"DPS_HKD":null,"OPERATE_INCOME_QOQ_SQ":0,"NET_PROFIT_RATIO_SQ":0.3110533731,"HOLDER_PROFIT_SQ":298764.8,"HOLDER_PROFIT_QOQ_SQ":0,"ROE_AVG_SQ":0.322850197508,"PE_TTM_SQ":-2.716468590832,"PB_TTM_SQ":1.084817867588,"ROA_SQ":0.138740683461,"START_DATE":"2021-04-01 00:00:00","FISCAL_YEAR":"3-31","CURRENCY":"HKD","IS_CNY_CODE":0,"DPS_HKD_LY":null,"ORG_TYPE":"一般企业","PREMIUM_INCOME":null,"PREMIUM_INCOME_YOY":null,"NET_INTEREST_INCOME":null,"NET_INTEREST_INCOME_YOY":null,"FEE_COMMISSION_INCOME":null,"FEE_COMMISSION_INCOME_YOY":null,"ACCOUNTS_RECE_TDAYS":4.786211332671,"INVENTORY_TDAYS":null,"CURRENT_ASSETS_TDAYS":1.024720029546,"TOTAL_ASSETS_TDAYS":0.75118564424,"PREMIUM_EXPENSE":null,"LOAN_DEPOSIT":null,"LOAN_EQUITY":null,"LOAN_ASSETS":null,"DEPOSIT_EQUITY":null,"DEPOSIT_ASSETS":null,"EQUITY_MULTIPLIER":2.149384007765,"EQUITY_RATIO":1.149384007767},{"SECUCODE":"00784.HK","SECURITY_CODE":"00784","SECURITY_NAME_ABBR":"凌锐控股","ORG_CODE":"10681539","STD_REPORT_DATE":"2020-12-31 00:00:00","REPORT_DATE":"2021-03-31 00:00:00","DATE_TYPE_CODE":"001","REPORT_TYPE":"2020年年报","PER_NETCASH_OPERATE":0.019535279225,"PER_OI":0.254598853775,"BPS":0.1104988332,"BASIC_EPS":-0.000591626,"DILUTED_EPS":null,"OPERATE_INCOME":203679083.02,"OPERATE_INCOME_YOY":-46.7577055721,"GROSS_PROFIT":16091382.02,"GROSS_PROFIT_YOY":-36.748082895473,"HOLDER_PROFIT":-464849,"HOLDER_PROFIT_YOY":-290.9722222222,"GROSS_PROFIT_RATIO":7.900360597372,"EPS_TTM":-0.000004562338,"OPERATE_INCOME_QOQ":0,"NET_PROFIT_RATIO":-0.2282261846,"ROE_AVG":-0.524473857362,"GROSS_PROFIT_QOQ":0,"ROA":-0.234683188363,"HOLDER_PROFIT_QOQ":0,"ROE_YEARLY":-0.524473857362,"ROIC_YEARLY":-0.242921059489,"TOTAL_ASSETS":175639391.34,"TOTAL_LIABILITIES":87240324.78,"TAX_EBT":595.495495495496,"OCF_SALES":7.672964326173,"TOTAL_PARENT_EQUITY":88399066.56,"DEBT_ASSET_RATIO":49.670136132,"OPERATE_PROFIT":3093358.8,"PRETAX_PROFIT":93814.98,"NETCASH_OPERATE":15628223.38,"NETCASH_INVEST":-3231968.32,"NETCASH_FINANCE":-7814534.28,"END_CASH":9007928.44,"DIVI_RATIO":null,"DIVIDEND_RATE":null,"CURRENT_RATIO":1.521703279923,"COMMON_ACS":2000000000,"CURRENTDEBT_DEBT":95.168618788812,"ISSUED_COMMON_SHARES":800000000,"HK_COMMON_SHARES":800000000,"PER_SHARES":10000,"TOTAL_MARKET_CAP":44800000,"HKSK_MARKET_CAP":44800000,"PE_TTM":11.870694223635,"PB_TTM":0.567131680887,"REPORT_DATE_SQ":"2019-12-31 00:00:00","REPORT_TYPE_SQ":"2019年年报","OPERATE_INCOME_SQ":413565289.9,"DPS_HKD":null,"OPERATE_INCOME_QOQ_SQ":0,"NET_PROFIT_RATIO_SQ":0.0636285507,"HOLDER_PROFIT_SQ":263145.6,"HOLDER_PROFIT_QOQ_SQ":0,"ROE_AVG_SQ":0.274290938875,"PE_TTM_SQ":-2.716468590832,"PB_TTM_SQ":1.084817867588,"ROA_SQ":0.114052856371,"START_DATE":"2020-04-01 00:00:00","FISCAL_YEAR":"3-31","CURRENCY":"HKD","IS_CNY_CODE":0,"DPS_HKD_LY":null,"ORG_TYPE":"一般企业","PREMIUM_INCOME":null,"PREMIUM_INCOME_YOY":null,"NET_INTEREST_INCOME":null,"NET_INTEREST_INCOME_YOY":null,"FEE_COMMISSION_INCOME":null,"FEE_COMMISSION_INCOME_YOY":null,"ACCOUNTS_RECE_TDAYS":5.769704079678,"INVENTORY_TDAYS":null,"CURRENT_ASSETS_TDAYS":1.387913657463,"TOTAL_ASSETS_TDAYS":1.028292125099,"PREMIUM_EXPENSE":null,"LOAN_DEPOSIT":null,"LOAN_EQUITY":null,"LOAN_ASSETS":null,"DEPOSIT_EQUITY":null,"DEPOSIT_ASSETS":null,"EQUITY_MULTIPLIER":1.9868919229,"EQUITY_RATIO":0.9868919229},{"SECUCODE":"00784.HK","SECURITY_CODE":"00784","SECURITY_NAME_ABBR":"凌锐控股","ORG_CODE":"10681539","STD_REPORT_DATE":"2020-06-30 00:00:00","REPORT_DATE":"2020-09-30 00:00:00","DATE_TYPE_CODE":"002","REPORT_TYPE":"2020年中报","PER_NETCASH_OPERATE":0.0064596904,"PER_OI":0.1200617104,"BPS":0.1158614288,"BASIC_EPS":0.000351488,"DILUTED_EPS":0.000351488,"OPERATE_INCOME":96049368.32,"OPERATE_INCOME_YOY":-42.1385845111,"GROSS_PROFIT":5205537.28,"GROSS_PROFIT_YOY":-60.344659854168,"HOLDER_PROFIT":298764.8,"HOLDER_PROFIT_YOY":-45.7735247209,"GROSS_PROFIT_RATIO":5.419647594826,"EPS_TTM":0.000328932,"OPERATE_INCOME_QOQ":0,"NET_PROFIT_RATIO":0.3110533731,"ROE_AVG":0.322850197508,"GROSS_PROFIT_QOQ":0,"ROA":0.138740683461,"HOLDER_PROFIT_QOQ":0,"ROE_YEARLY":0.645700395017,"ROIC_YEARLY":0.282664361012,"TOTAL_ASSETS":201419319.68,"TOTAL_LIABILITIES":108730176.64,"TAX_EBT":1.162790697674,"OCF_SALES":5.380308491757,"TOTAL_PARENT_EQUITY":92689143.04,"DEBT_ASSET_RATIO":53.981999747,"OPERATE_PROFIT":1240752.64,"PRETAX_PROFIT":302279.68,"NETCASH_OPERATE":5167752.32,"NETCASH_INVEST":-5360192,"NETCASH_FINANCE":-1114216.96,"END_CASH":3295200,"DIVI_RATIO":null,"DIVIDEND_RATE":null,"CURRENT_RATIO":1.437892965857,"COMMON_ACS":2000000000,"CURRENTDEBT_DEBT":93.188779427334,"ISSUED_COMMON_SHARES":800000000,"HK_COMMON_SHARES":800000000,"PER_SHARES":10000,"TOTAL_MARKET_CAP":44800000,"HKSK_MARKET_CAP":44800000,"PE_TTM":11.870694223635,"PB_TTM":0.567131680887,"REPORT_DATE_SQ":"2019-06-30 00:00:00","REPORT_TYPE_SQ":"2019年中报","OPERATE_INCOME_SQ":170398709.1,"DPS_HKD":null,"OPERATE_INCOME_QOQ_SQ":0,"NET_PROFIT_RATIO_SQ":0.3319040813,"HOLDER_PROFIT_SQ":565560.27,"HOLDER_PROFIT_QOQ_SQ":0,"ROE_AVG_SQ":0.596191789289,"PE_TTM_SQ":-2.716468590832,"PB_TTM_SQ":1.084817867588,"ROA_SQ":0.253025102754,"START_DATE":"2020-04-01 00:00:00","FISCAL_YEAR":"3-31","CURRENCY":"HKD","IS_CNY_CODE":0,"DPS_HKD_LY":null,"ORG_TYPE":"一般企业","PREMIUM_INCOME":null,"PREMIUM_INCOME_YOY":null,"NET_INTEREST_INCOME":null,"NET_INTEREST_INCOME_YOY":null,"FEE_COMMISSION_INCOME":null,"FEE_COMMISSION_INCOME_YOY":null,"ACCOUNTS_RECE_TDAYS":2.197436799518,"INVENTORY_TDAYS":null,"CURRENT_ASSETS_TDAYS":0.601264621672,"TOTAL_ASSETS_TDAYS":0.446034974894,"PREMIUM_EXPENSE":null,"LOAN_DEPOSIT":null,"LOAN_EQUITY":null,"LOAN_ASSETS":null,"DEPOSIT_EQUITY":null,"DEPOSIT_ASSETS":null,"EQUITY_MULTIPLIER":2.173062702643,"EQUITY_RATIO":1.173062702641}],"count":19},"success":true,"message":"ok","code":0}