{"version":"d9a5077bd0a5ec4e81bc9784e770ebc1","result":{"pages":4,"data":[{"SECUCODE":"00780.HK","SECURITY_CODE":"00780","SECURITY_NAME_ABBR":"同程旅行","ORG_CODE":"10945357","STD_REPORT_DATE":"2024-09-30 00:00:00","REPORT_DATE":"2024-09-30 00:00:00","DATE_TYPE_CODE":"004","REPORT_TYPE":"2024年三季报","PER_NETCASH_OPERATE":0.278296912904,"PER_OI":5.635610010666,"BPS":8.38745665629,"BASIC_EPS":0.37,"DILUTED_EPS":0.36,"OPERATE_INCOME":13103131000,"OPERATE_INCOME_YOY":49.7209457086,"GROSS_PROFIT":8423804000,"GROSS_PROFIT_YOY":28.344969564592,"HOLDER_PROFIT":1623506000,"HOLDER_PROFIT_YOY":30.5037659864,"GROSS_PROFIT_RATIO":64.288481890321,"EPS_TTM":0.83163748923,"OPERATE_INCOME_QOQ":11.625913479794,"NET_PROFIT_RATIO":12.4612964642,"ROE_AVG":8.722745249204,"GROSS_PROFIT_QOQ":7.127037222643,"ROA":4.746130463584,"HOLDER_PROFIT_QOQ":17.144001298903,"ROE_YEARLY":11.630326998939,"ROIC_YEARLY":5.830182197638,"TOTAL_ASSETS":36697271000,"TOTAL_LIABILITIES":16227845000,"TAX_EBT":16.127100199869,"OCF_SALES":4.938186148028,"TOTAL_PARENT_EQUITY":19521946000,"DEBT_ASSET_RATIO":44.2208495558,"OPERATE_PROFIT":null,"PRETAX_PROFIT":1946779000,"NETCASH_OPERATE":647057000,"NETCASH_INVEST":-348227000,"NETCASH_FINANCE":292429000,"END_CASH":5737276000,"DIVI_RATIO":0.163452227395,"DIVIDEND_RATE":0.82056892779,"CURRENT_RATIO":1.396876910497,"COMMON_ACS":3000000000,"CURRENTDEBT_DEBT":77.058444913665,"ISSUED_COMMON_SHARES":2327516767,"HK_COMMON_SHARES":2327516767,"PER_SHARES":400,"TOTAL_MARKET_CAP":42547006500.76,"HKSK_MARKET_CAP":42547006500.76,"PE_TTM":19.701555969112,"PB_TTM":1.965401655773,"REPORT_DATE_SQ":"2023-09-30 00:00:00","REPORT_TYPE_SQ":"2023年三季报","OPERATE_INCOME_SQ":8751702000,"DPS_HKD":0.15,"OPERATE_INCOME_QOQ_SQ":13.903103952045,"NET_PROFIT_RATIO_SQ":14.3336347604,"HOLDER_PROFIT_SQ":1244030000,"HOLDER_PROFIT_QOQ_SQ":97.053894770182,"ROE_AVG_SQ":7.534574626587,"PE_TTM_SQ":30.230030011854,"PB_TTM_SQ":2.128152149777,"ROA_SQ":4.531915674522,"START_DATE":"2024-01-01 00:00:00","FISCAL_YEAR":"12-31","CURRENCY":"HKD","IS_CNY_CODE":0,"DPS_HKD_LY":0.15,"ORG_TYPE":"一般企业","PREMIUM_INCOME":null,"PREMIUM_INCOME_YOY":null,"NET_INTEREST_INCOME":null,"NET_INTEREST_INCOME_YOY":null,"FEE_COMMISSION_INCOME":null,"FEE_COMMISSION_INCOME_YOY":null,"ACCOUNTS_RECE_TDAYS":8.163357091748,"INVENTORY_TDAYS":1082.55106998265,"CURRENT_ASSETS_TDAYS":0.809647718403,"TOTAL_ASSETS_TDAYS":0.383054754386,"PREMIUM_EXPENSE":null,"LOAN_DEPOSIT":null,"LOAN_EQUITY":null,"LOAN_ASSETS":null,"DEPOSIT_EQUITY":null,"DEPOSIT_ASSETS":null,"EQUITY_MULTIPLIER":1.792784565624,"EQUITY_RATIO":0.831261647789},{"SECUCODE":"00780.HK","SECURITY_CODE":"00780","SECURITY_NAME_ABBR":"同程旅行","ORG_CODE":"10945357","STD_REPORT_DATE":"2024-06-30 00:00:00","REPORT_DATE":"2024-06-30 00:00:00","DATE_TYPE_CODE":"002","REPORT_TYPE":"2024年中报","PER_NETCASH_OPERATE":0.556865595019,"PER_OI":3.488876638858,"BPS":7.99674196289,"BASIC_EPS":0.37,"DILUTED_EPS":0.36,"OPERATE_INCOME":8111635000,"OPERATE_INCOME_YOY":48.7714978252,"GROSS_PROFIT":5259129000,"GROSS_PROFIT_YOY":28.151226922258,"HOLDER_PROFIT":830325000,"HOLDER_PROFIT_YOY":13.1491949111,"GROSS_PROFIT_RATIO":64.834389121305,"EPS_TTM":0.709946085239,"OPERATE_INCOME_QOQ":10.466365607729,"NET_PROFIT_RATIO":10.2271120434,"ROE_AVG":4.572870767117,"GROSS_PROFIT_QOQ":6.2429232194,"ROA":2.502679531634,"HOLDER_PROFIT_QOQ":4.944581597899,"ROE_YEARLY":9.145741534234,"ROIC_YEARLY":6.461758135185,"TOTAL_ASSETS":34638271000,"TOTAL_LIABILITIES":15091024000,"TAX_EBT":16.326662349792,"OCF_SALES":15.961171822943,"TOTAL_PARENT_EQUITY":18612551000,"DEBT_ASSET_RATIO":43.5674863794,"OPERATE_PROFIT":972050000,"PRETAX_PROFIT":991458000,"NETCASH_OPERATE":1294712000,"NETCASH_INVEST":576752000,"NETCASH_FINANCE":688029000,"END_CASH":7747983000,"DIVI_RATIO":0.191469469057,"DIVIDEND_RATE":0.812567713976,"CURRENT_RATIO":1.316348834142,"COMMON_ACS":3000000000,"CURRENTDEBT_DEBT":85.517284976818,"ISSUED_COMMON_SHARES":2327516767,"HK_COMMON_SHARES":2327516767,"PER_SHARES":400,"TOTAL_MARKET_CAP":42965959518.82,"HKSK_MARKET_CAP":42965959518.82,"PE_TTM":19.895553785001,"PB_TTM":1.984754626126,"REPORT_DATE_SQ":"2023-06-30 00:00:00","REPORT_TYPE_SQ":"2023年中报","OPERATE_INCOME_SQ":5452412000,"DPS_HKD":0.15,"OPERATE_INCOME_QOQ_SQ":20.76557701055,"NET_PROFIT_RATIO_SQ":13.5526992458,"HOLDER_PROFIT_SQ":733832000,"HOLDER_PROFIT_QOQ_SQ":373.250024854886,"ROE_AVG_SQ":4.525827251132,"PE_TTM_SQ":26.693558559399,"PB_TTM_SQ":1.879189468588,"ROA_SQ":2.742484190668,"START_DATE":"2024-01-01 00:00:00","FISCAL_YEAR":"12-31","CURRENCY":"HKD","IS_CNY_CODE":0,"DPS_HKD_LY":0.15,"ORG_TYPE":"一般企业","PREMIUM_INCOME":null,"PREMIUM_INCOME_YOY":null,"NET_INTEREST_INCOME":null,"NET_INTEREST_INCOME_YOY":null,"FEE_COMMISSION_INCOME":null,"FEE_COMMISSION_INCOME_YOY":null,"ACCOUNTS_RECE_TDAYS":5.574545200896,"INVENTORY_TDAYS":1059.42655524605,"CURRENT_ASSETS_TDAYS":0.508762642297,"TOTAL_ASSETS_TDAYS":0.244492492489,"PREMIUM_EXPENSE":null,"LOAN_DEPOSIT":null,"LOAN_EQUITY":null,"LOAN_ASSETS":null,"DEPOSIT_EQUITY":null,"DEPOSIT_ASSETS":null,"EQUITY_MULTIPLIER":1.772028101961,"EQUITY_RATIO":0.810798261883},{"SECUCODE":"00780.HK","SECURITY_CODE":"00780","SECURITY_NAME_ABBR":"同程旅行","ORG_CODE":"10945357","STD_REPORT_DATE":"2024-03-31 00:00:00","REPORT_DATE":"2024-03-31 00:00:00","DATE_TYPE_CODE":"003","REPORT_TYPE":"2024年一季报","PER_NETCASH_OPERATE":0.213432745952,"PER_OI":1.703277651038,"BPS":7.737192382597,"BASIC_EPS":null,"DILUTED_EPS":null,"OPERATE_INCOME":3866278000,"OPERATE_INCOME_YOY":49.4997763078,"GROSS_PROFIT":2514794000,"GROSS_PROFIT_YOY":29.571051198411,"HOLDER_PROFIT":396634000,"HOLDER_PROFIT_YOY":4.9540633798,"GROSS_PROFIT_RATIO":65.044313937073,"EPS_TTM":0.692915864629,"OPERATE_INCOME_QOQ":10.760833419355,"NET_PROFIT_RATIO":10.3524888795,"ROE_AVG":2.22134506091,"GROSS_PROFIT_QOQ":6.568083558522,"ROA":1.213134879523,"HOLDER_PROFIT_QOQ":1.2046603536,"ROE_YEARLY":8.885380243642,"ROIC_YEARLY":6.266510933678,"TOTAL_ASSETS":33673317000,"TOTAL_LIABILITIES":14727092000,"TAX_EBT":11.512391395663,"OCF_SALES":12.530707828046,"TOTAL_PARENT_EQUITY":18008445000,"DEBT_ASSET_RATIO":43.7351984065,"OPERATE_PROFIT":455025000,"PRETAX_PROFIT":452330000,"NETCASH_OPERATE":484472000,"NETCASH_INVEST":1235615000,"NETCASH_FINANCE":870708000,"END_CASH":7780784000,"DIVI_RATIO":0.196175332301,"DIVIDEND_RATE":0.812567713976,"CURRENT_RATIO":1.312879424098,"COMMON_ACS":3000000000,"CURRENTDEBT_DEBT":85.673043938342,"ISSUED_COMMON_SHARES":2327516767,"HK_COMMON_SHARES":2327516767,"PER_SHARES":400,"TOTAL_MARKET_CAP":42965959518.82,"HKSK_MARKET_CAP":42965959518.82,"PE_TTM":19.895553785001,"PB_TTM":1.984754626126,"REPORT_DATE_SQ":"2023-03-31 00:00:00","REPORT_TYPE_SQ":"2023年一季报","OPERATE_INCOME_SQ":2586143000,"DPS_HKD":0.15,"OPERATE_INCOME_QOQ_SQ":13.184328559717,"NET_PROFIT_RATIO_SQ":14.6537913797,"HOLDER_PROFIT_SQ":377912000,"HOLDER_PROFIT_QOQ_SQ":189.555438363389,"ROE_AVG_SQ":2.366375195565,"PE_TTM_SQ":26.693558559399,"PB_TTM_SQ":1.879189468588,"ROA_SQ":1.453098700912,"START_DATE":"2024-01-01 00:00:00","FISCAL_YEAR":"12-31","CURRENCY":"HKD","IS_CNY_CODE":0,"DPS_HKD_LY":0.15,"ORG_TYPE":"一般企业","PREMIUM_INCOME":null,"PREMIUM_INCOME_YOY":null,"NET_INTEREST_INCOME":null,"NET_INTEREST_INCOME_YOY":null,"FEE_COMMISSION_INCOME":null,"FEE_COMMISSION_INCOME_YOY":null,"ACCOUNTS_RECE_TDAYS":2.866654185581,"INVENTORY_TDAYS":1042.40956421134,"CURRENT_ASSETS_TDAYS":0.245755398793,"TOTAL_ASSETS_TDAYS":0.118253016527,"PREMIUM_EXPENSE":null,"LOAN_DEPOSIT":null,"LOAN_EQUITY":null,"LOAN_ASSETS":null,"DEPOSIT_EQUITY":null,"DEPOSIT_ASSETS":null,"EQUITY_MULTIPLIER":1.777310097394,"EQUITY_RATIO":0.817788098861},{"SECUCODE":"00780.HK","SECURITY_CODE":"00780","SECURITY_NAME_ABBR":"同程旅行","ORG_CODE":"10945357","STD_REPORT_DATE":"2023-12-31 00:00:00","REPORT_DATE":"2023-12-31 00:00:00","DATE_TYPE_CODE":"001","REPORT_TYPE":"2023年年报","PER_NETCASH_OPERATE":1.775211241414,"PER_OI":5.275047341614,"BPS":7.605836078602,"BASIC_EPS":0.69,"DILUTED_EPS":0.68,"OPERATE_INCOME":11896244000,"OPERATE_INCOME_YOY":80.665868246,"GROSS_PROFIT":8738211000,"GROSS_PROFIT_YOY":82.883286947371,"HOLDER_PROFIT":1554131000,"HOLDER_PROFIT_YOY":1164.4076734996,"GROSS_PROFIT_RATIO":73.453528693594,"EPS_TTM":0.689134705044,"OPERATE_INCOME_QOQ":16.040901432807,"NET_PROFIT_RATIO":13.1601453366,"ROE_AVG":9.296536706874,"GROSS_PROFIT_QOQ":14.756837079563,"ROA":5.476987323764,"HOLDER_PROFIT_QOQ":27.450153886779,"ROE_YEARLY":9.296536706874,"ROIC_YEARLY":6.626011370155,"TOTAL_ASSETS":31716609000,"TOTAL_LIABILITIES":13170320000,"TAX_EBT":15.543384030439,"OCF_SALES":33.652991650138,"TOTAL_PARENT_EQUITY":17702711000,"DEBT_ASSET_RATIO":41.5249940496,"OPERATE_PROFIT":1869365000,"PRETAX_PROFIT":1853689000,"NETCASH_OPERATE":4003442000,"NETCASH_INVEST":-1762217000,"NETCASH_FINANCE":-592227000,"END_CASH":5192398000,"DIVI_RATIO":0.197251711465,"DIVIDEND_RATE":0.812567713976,"CURRENT_RATIO":1.253430485197,"COMMON_ACS":3000000000,"CURRENTDEBT_DEBT":90.256683208912,"ISSUED_COMMON_SHARES":2327516767,"HK_COMMON_SHARES":2327516767,"PER_SHARES":400,"TOTAL_MARKET_CAP":42965959518.82,"HKSK_MARKET_CAP":42965959518.82,"PE_TTM":19.895553785001,"PB_TTM":1.984754626126,"REPORT_DATE_SQ":"2022-12-31 00:00:00","REPORT_TYPE_SQ":"2022年年报","OPERATE_INCOME_SQ":6584666000,"DPS_HKD":0.15,"OPERATE_INCOME_QOQ_SQ":-4.996677961358,"NET_PROFIT_RATIO_SQ":-2.4841047367,"HOLDER_PROFIT_SQ":-146009000,"HOLDER_PROFIT_QOQ_SQ":-61.960488513716,"ROE_AVG_SQ":-0.943482942734,"PE_TTM_SQ":26.693558559399,"PB_TTM_SQ":1.879189468588,"ROA_SQ":-0.627441148896,"START_DATE":"2023-01-01 00:00:00","FISCAL_YEAR":"12-31","CURRENCY":"HKD","IS_CNY_CODE":0,"DPS_HKD_LY":null,"ORG_TYPE":"一般企业","PREMIUM_INCOME":null,"PREMIUM_INCOME_YOY":null,"NET_INTEREST_INCOME":null,"NET_INTEREST_INCOME_YOY":null,"FEE_COMMISSION_INCOME":null,"FEE_COMMISSION_INCOME_YOY":null,"ACCOUNTS_RECE_TDAYS":11.293386109401,"INVENTORY_TDAYS":3167.53560682046,"CURRENT_ASSETS_TDAYS":0.941019513138,"TOTAL_ASSETS_TDAYS":0.419241219617,"PREMIUM_EXPENSE":null,"LOAN_DEPOSIT":null,"LOAN_EQUITY":null,"LOAN_ASSETS":null,"DEPOSIT_EQUITY":null,"DEPOSIT_ASSETS":null,"EQUITY_MULTIPLIER":1.710132361249,"EQUITY_RATIO":0.743971926108},{"SECUCODE":"00780.HK","SECURITY_CODE":"00780","SECURITY_NAME_ABBR":"同程旅行","ORG_CODE":"10945357","STD_REPORT_DATE":"2023-09-30 00:00:00","REPORT_DATE":"2023-09-30 00:00:00","DATE_TYPE_CODE":"004","REPORT_TYPE":"2023年三季报","PER_NETCASH_OPERATE":1.3220402143,"PER_OI":3.885689199179,"BPS":7.428514477378,"BASIC_EPS":0.33,"DILUTED_EPS":0.32,"OPERATE_INCOME":8751702000,"OPERATE_INCOME_YOY":72.1217401566,"GROSS_PROFIT":6563408000,"GROSS_PROFIT_YOY":76.10956484081,"HOLDER_PROFIT":1244030000,"HOLDER_PROFIT_YOY":1124.8883689509,"GROSS_PROFIT_RATIO":74.995789390452,"EPS_TTM":0.541405667897,"OPERATE_INCOME_QOQ":13.903103952045,"NET_PROFIT_RATIO":14.3336347604,"ROE_AVG":7.534574626587,"GROSS_PROFIT_QOQ":13.648856734631,"ROA":4.531915674522,"HOLDER_PROFIT_QOQ":97.053894770182,"ROE_YEARLY":10.046099502116,"ROIC_YEARLY":5.464684668064,"TOTAL_ASSETS":29866145000,"TOTAL_LIABILITIES":12292063000,"TAX_EBT":14.577332336402,"OCF_SALES":34.023313408066,"TOTAL_PARENT_EQUITY":17289992000,"DEBT_ASSET_RATIO":41.1571798101,"OPERATE_PROFIT":null,"PRETAX_PROFIT":1468506000,"NETCASH_OPERATE":2977619000,"NETCASH_INVEST":-711147000,"NETCASH_FINANCE":-534220000,"END_CASH":5281623000,"DIVI_RATIO":0.251074209341,"DIVIDEND_RATE":0.812567713976,"CURRENT_RATIO":1.443577330462,"COMMON_ACS":3000000000,"CURRENTDEBT_DEBT":80.551393203891,"ISSUED_COMMON_SHARES":2327516767,"HK_COMMON_SHARES":2327516767,"PER_SHARES":400,"TOTAL_MARKET_CAP":42965959518.82,"HKSK_MARKET_CAP":42965959518.82,"PE_TTM":19.895553785001,"PB_TTM":1.984754626126,"REPORT_DATE_SQ":"2022-09-30 00:00:00","REPORT_TYPE_SQ":"2022年三季报","OPERATE_INCOME_SQ":5084600000,"DPS_HKD":0.15,"OPERATE_INCOME_QOQ_SQ":1.590627434512,"NET_PROFIT_RATIO_SQ":-2.5942453684,"HOLDER_PROFIT_SQ":-121382000,"HOLDER_PROFIT_QOQ_SQ":-138.940266337237,"ROE_AVG_SQ":-0.787991871704,"PE_TTM_SQ":26.693558559399,"PB_TTM_SQ":1.879189468588,"ROA_SQ":-0.525959723103,"START_DATE":"2023-01-01 00:00:00","FISCAL_YEAR":"12-31","CURRENCY":"HKD","IS_CNY_CODE":0,"DPS_HKD_LY":null,"ORG_TYPE":"一般企业","PREMIUM_INCOME":null,"PREMIUM_INCOME_YOY":null,"NET_INTEREST_INCOME":null,"NET_INTEREST_INCOME_YOY":null,"FEE_COMMISSION_INCOME":null,"FEE_COMMISSION_INCOME_YOY":null,"ACCOUNTS_RECE_TDAYS":7.495526683168,"INVENTORY_TDAYS":null,"CURRENT_ASSETS_TDAYS":0.709284051758,"TOTAL_ASSETS_TDAYS":0.318818480845,"PREMIUM_EXPENSE":null,"LOAN_DEPOSIT":null,"LOAN_EQUITY":null,"LOAN_ASSETS":null,"DEPOSIT_EQUITY":null,"DEPOSIT_ASSETS":null,"EQUITY_MULTIPLIER":1.699442679281,"EQUITY_RATIO":0.71093514676},{"SECUCODE":"00780.HK","SECURITY_CODE":"00780","SECURITY_NAME_ABBR":"同程旅行","ORG_CODE":"10945357","STD_REPORT_DATE":"2023-06-30 00:00:00","REPORT_DATE":"2023-06-30 00:00:00","DATE_TYPE_CODE":"002","REPORT_TYPE":"2023年中报","PER_NETCASH_OPERATE":1.013047813265,"PER_OI":2.431952042832,"BPS":7.173620932287,"BASIC_EPS":0.33,"DILUTED_EPS":0.32,"OPERATE_INCOME":5452412000,"OPERATE_INCOME_YOY":79.5535802788,"GROSS_PROFIT":4103846000,"GROSS_PROFIT_YOY":88.093733227794,"HOLDER_PROFIT":733832000,"HOLDER_PROFIT_YOY":2467.6582564367,"GROSS_PROFIT_RATIO":75.266615949052,"EPS_TTM":0.276012389982,"OPERATE_INCOME_QOQ":20.76557701055,"NET_PROFIT_RATIO":13.5526992458,"ROE_AVG":4.525827251132,"GROSS_PROFIT_QOQ":22.431529440486,"ROA":2.742484190668,"HOLDER_PROFIT_QOQ":373.250024854886,"ROE_YEARLY":9.051654502263,"ROIC_YEARLY":6.664954180552,"TOTAL_ASSETS":28481160000,"TOTAL_LIABILITIES":11519868000,"TAX_EBT":15.126744386378,"OCF_SALES":41.655747951549,"TOTAL_PARENT_EQUITY":16696723000,"DEBT_ASSET_RATIO":40.4473272858,"OPERATE_PROFIT":882562000,"PRETAX_PROFIT":870650000,"NETCASH_OPERATE":2271243000,"NETCASH_INVEST":-103243000,"NETCASH_FINANCE":-317825000,"END_CASH":5404726000,"DIVI_RATIO":0.492488761134,"DIVIDEND_RATE":0.812567713976,"CURRENT_RATIO":1.50625861221,"COMMON_ACS":3000000000,"CURRENTDEBT_DEBT":77.46705951839,"ISSUED_COMMON_SHARES":2327516767,"HK_COMMON_SHARES":2327516767,"PER_SHARES":400,"TOTAL_MARKET_CAP":42965959518.82,"HKSK_MARKET_CAP":42965959518.82,"PE_TTM":19.895553785001,"PB_TTM":1.984754626126,"REPORT_DATE_SQ":"2022-06-30 00:00:00","REPORT_TYPE_SQ":"2022年中报","OPERATE_INCOME_SQ":3036649000,"DPS_HKD":0.15,"OPERATE_INCOME_QOQ_SQ":-10.721660573855,"NET_PROFIT_RATIO_SQ":-1.2502926746,"HOLDER_PROFIT_SQ":-30994000,"HOLDER_PROFIT_QOQ_SQ":-64.654809160305,"ROE_AVG_SQ":-0.2019771921,"PE_TTM_SQ":26.693558559399,"PB_TTM_SQ":1.879189468588,"ROA_SQ":-0.13647861784,"START_DATE":"2023-01-01 00:00:00","FISCAL_YEAR":"12-31","CURRENCY":"HKD","IS_CNY_CODE":0,"DPS_HKD_LY":null,"ORG_TYPE":"一般企业","PREMIUM_INCOME":null,"PREMIUM_INCOME_YOY":null,"NET_INTEREST_INCOME":null,"NET_INTEREST_INCOME_YOY":null,"FEE_COMMISSION_INCOME":null,"FEE_COMMISSION_INCOME_YOY":null,"ACCOUNTS_RECE_TDAYS":5.176917175584,"INVENTORY_TDAYS":null,"CURRENT_ASSETS_TDAYS":0.457684045259,"TOTAL_ASSETS_TDAYS":0.20376807922,"PREMIUM_EXPENSE":null,"LOAN_DEPOSIT":null,"LOAN_EQUITY":null,"LOAN_ASSETS":null,"DEPOSIT_EQUITY":null,"DEPOSIT_ASSETS":null,"EQUITY_MULTIPLIER":1.679185760141,"EQUITY_RATIO":0.689947841861},{"SECUCODE":"00780.HK","SECURITY_CODE":"00780","SECURITY_NAME_ABBR":"同程旅行","ORG_CODE":"10945357","STD_REPORT_DATE":"2023-03-31 00:00:00","REPORT_DATE":"2023-03-31 00:00:00","DATE_TYPE_CODE":"003","REPORT_TYPE":"2023年一季报","PER_NETCASH_OPERATE":0.389957955305,"PER_OI":1.153628498716,"BPS":6.96375090818,"BASIC_EPS":null,"DILUTED_EPS":null,"OPERATE_INCOME":2586143000,"OPERATE_INCOME_YOY":50.532276212,"GROSS_PROFIT":1940861000,"GROSS_PROFIT_YOY":55.718720239027,"HOLDER_PROFIT":377912000,"HOLDER_PROFIT_YOY":273.637586016,"GROSS_PROFIT_RATIO":75.048479531101,"EPS_TTM":0.058329067211,"OPERATE_INCOME_QOQ":13.184328559717,"NET_PROFIT_RATIO":14.6537913797,"ROE_AVG":2.366375195565,"GROSS_PROFIT_QOQ":14.534705336472,"ROA":1.453098700912,"HOLDER_PROFIT_QOQ":189.555438363389,"ROE_YEARLY":9.46550078226,"ROIC_YEARLY":6.859779482518,"TOTAL_ASSETS":26979936000,"TOTAL_LIABILITIES":10512718000,"TAX_EBT":14.665489746609,"OCF_SALES":33.802732486177,"TOTAL_PARENT_EQUITY":16208247000,"DEBT_ASSET_RATIO":38.9649478783,"OPERATE_PROFIT":465421000,"PRETAX_PROFIT":444097000,"NETCASH_OPERATE":874187000,"NETCASH_INVEST":-190922000,"NETCASH_FINANCE":-346747000,"END_CASH":3877546000,"DIVI_RATIO":2.330450434067,"DIVIDEND_RATE":0.812567713976,"CURRENT_RATIO":1.488088693708,"COMMON_ACS":3000000000,"CURRENTDEBT_DEBT":75.98015089913,"ISSUED_COMMON_SHARES":2327516767,"HK_COMMON_SHARES":2327516767,"PER_SHARES":400,"TOTAL_MARKET_CAP":42965959518.82,"HKSK_MARKET_CAP":42965959518.82,"PE_TTM":19.895553785001,"PB_TTM":1.984754626126,"REPORT_DATE_SQ":"2022-03-31 00:00:00","REPORT_TYPE_SQ":"2022年一季报","OPERATE_INCOME_SQ":1717999000,"DPS_HKD":0.15,"OPERATE_INCOME_QOQ_SQ":1.382888564941,"NET_PROFIT_RATIO_SQ":5.6598985215,"HOLDER_PROFIT_SQ":101144000,"HOLDER_PROFIT_QOQ_SQ":-9.455850396182,"ROE_AVG_SQ":0.660458769534,"PE_TTM_SQ":26.693558559399,"PB_TTM_SQ":1.879189468588,"ROA_SQ":0.455647280064,"START_DATE":"2023-01-01 00:00:00","FISCAL_YEAR":"12-31","CURRENCY":"HKD","IS_CNY_CODE":0,"DPS_HKD_LY":null,"ORG_TYPE":"一般企业","PREMIUM_INCOME":null,"PREMIUM_INCOME_YOY":null,"NET_INTEREST_INCOME":null,"NET_INTEREST_INCOME_YOY":null,"FEE_COMMISSION_INCOME":null,"FEE_COMMISSION_INCOME_YOY":null,"ACCOUNTS_RECE_TDAYS":2.400371080933,"INVENTORY_TDAYS":null,"CURRENT_ASSETS_TDAYS":0.232250239837,"TOTAL_ASSETS_TDAYS":0.099439050193,"PREMIUM_EXPENSE":null,"LOAN_DEPOSIT":null,"LOAN_EQUITY":null,"LOAN_ASSETS":null,"DEPOSIT_EQUITY":null,"DEPOSIT_ASSETS":null,"EQUITY_MULTIPLIER":1.638402795178,"EQUITY_RATIO":0.648603022893},{"SECUCODE":"00780.HK","SECURITY_CODE":"00780","SECURITY_NAME_ABBR":"同程旅行","ORG_CODE":"10945357","STD_REPORT_DATE":"2022-12-31 00:00:00","REPORT_DATE":"2022-12-31 00:00:00","DATE_TYPE_CODE":"001","REPORT_TYPE":"2022年年报","PER_NETCASH_OPERATE":0.134982746065,"PER_OI":2.940033735011,"BPS":6.759097173026,"BASIC_EPS":-0.07,"DILUTED_EPS":-0.07,"OPERATE_INCOME":6584666000,"OPERATE_INCOME_YOY":-12.6418961265,"GROSS_PROFIT":4778026000,"GROSS_PROFIT_YOY":-15.40135006529,"HOLDER_PROFIT":-146009000,"HOLDER_PROFIT_YOY":-120.1836041824,"GROSS_PROFIT_RATIO":72.562921186891,"EPS_TTM":-0.065192583134,"OPERATE_INCOME_QOQ":-4.996677961358,"NET_PROFIT_RATIO":-2.4841047367,"ROE_AVG":-0.943482942734,"GROSS_PROFIT_QOQ":-6.399695026869,"ROA":-0.627441148896,"HOLDER_PROFIT_QOQ":-61.960488513716,"ROE_YEARLY":-0.943482942734,"ROIC_YEARLY":-0.718358969747,"TOTAL_ASSETS":25034700000,"TOTAL_LIABILITIES":9044444000,"TAX_EBT":-39.707892039631,"OCF_SALES":4.591197184489,"TOTAL_PARENT_EQUITY":15731912000,"DEBT_ASSET_RATIO":36.1276308484,"OPERATE_PROFIT":-24190000,"PRETAX_PROFIT":-117080000,"NETCASH_OPERATE":302315000,"NETCASH_INVEST":-397031000,"NETCASH_FINANCE":1535489000,"END_CASH":3546988000,"DIVI_RATIO":-2.085099154921,"DIVIDEND_RATE":0.812567713976,"CURRENT_RATIO":1.69768917448,"COMMON_ACS":3000000000,"CURRENTDEBT_DEBT":67.628280964535,"ISSUED_COMMON_SHARES":2327516767,"HK_COMMON_SHARES":2327516767,"PER_SHARES":400,"TOTAL_MARKET_CAP":42965959518.82,"HKSK_MARKET_CAP":42965959518.82,"PE_TTM":19.895553785001,"PB_TTM":1.984754626126,"REPORT_DATE_SQ":"2021-12-31 00:00:00","REPORT_TYPE_SQ":"2021年年报","OPERATE_INCOME_SQ":7537556000,"DPS_HKD":0.15,"OPERATE_INCOME_QOQ_SQ":0.446880352963,"NET_PROFIT_RATIO_SQ":9.4662646619,"HOLDER_PROFIT_SQ":723404000,"HOLDER_PROFIT_QOQ_SQ":-6.406718392388,"ROE_AVG_SQ":4.94924689627,"PE_TTM_SQ":26.693558559399,"PB_TTM_SQ":1.879189468588,"ROA_SQ":3.561795342705,"START_DATE":"2022-01-01 00:00:00","FISCAL_YEAR":"12-31","CURRENCY":"HKD","IS_CNY_CODE":0,"DPS_HKD_LY":null,"ORG_TYPE":"一般企业","PREMIUM_INCOME":null,"PREMIUM_INCOME_YOY":null,"NET_INTEREST_INCOME":null,"NET_INTEREST_INCOME_YOY":null,"FEE_COMMISSION_INCOME":null,"FEE_COMMISSION_INCOME_YOY":null,"ACCOUNTS_RECE_TDAYS":8.448383659471,"INVENTORY_TDAYS":null,"CURRENT_ASSETS_TDAYS":0.741626390895,"TOTAL_ASSETS_TDAYS":0.282961351707,"PREMIUM_EXPENSE":null,"LOAN_DEPOSIT":null,"LOAN_EQUITY":null,"LOAN_ASSETS":null,"DEPOSIT_EQUITY":null,"DEPOSIT_ASSETS":null,"EQUITY_MULTIPLIER":1.565622213929,"EQUITY_RATIO":0.574910665658},{"SECUCODE":"00780.HK","SECURITY_CODE":"00780","SECURITY_NAME_ABBR":"同程旅行","ORG_CODE":"10945357","STD_REPORT_DATE":"2022-09-30 00:00:00","REPORT_DATE":"2022-09-30 00:00:00","DATE_TYPE_CODE":"004","REPORT_TYPE":"2022年三季报","PER_NETCASH_OPERATE":-0.454100540846,"PER_OI":2.282847211976,"BPS":6.697602019896,"BASIC_EPS":-0.01,"DILUTED_EPS":-0.01,"OPERATE_INCOME":5084600000,"OPERATE_INCOME_YOY":-10.6581053354,"GROSS_PROFIT":3726889000,"GROSS_PROFIT_YOY":-12.720290057358,"HOLDER_PROFIT":-121382000,"HOLDER_PROFIT_YOY":-117.5363673532,"GROSS_PROFIT_RATIO":73.297584864099,"EPS_TTM":-0.040475348898,"OPERATE_INCOME_QOQ":1.590627434512,"NET_PROFIT_RATIO":-2.5942453684,"ROE_AVG":-0.787991871704,"GROSS_PROFIT_QOQ":2.248164386668,"ROA":-0.525959723103,"HOLDER_PROFIT_QOQ":-138.940266337237,"ROE_YEARLY":-1.050655828938,"ROIC_YEARLY":-0.589317974485,"TOTAL_ASSETS":24649988000,"TOTAL_LIABILITIES":8841043000,"TAX_EBT":-56.097416659764,"OCF_SALES":-19.891849899697,"TOTAL_PARENT_EQUITY":15588781000,"DEBT_ASSET_RATIO":35.8663176631,"OPERATE_PROFIT":null,"PRETAX_PROFIT":-84503000,"NETCASH_OPERATE":-1011421000,"NETCASH_INVEST":-319149000,"NETCASH_FINANCE":1867169000,"END_CASH":2657103000,"DIVI_RATIO":-3.358414533807,"DIVIDEND_RATE":0.812567713976,"CURRENT_RATIO":1.862218119093,"COMMON_ACS":3000000000,"CURRENTDEBT_DEBT":58.195905166393,"ISSUED_COMMON_SHARES":2327516767,"HK_COMMON_SHARES":2327516767,"PER_SHARES":400,"TOTAL_MARKET_CAP":42965959518.82,"HKSK_MARKET_CAP":42965959518.82,"PE_TTM":19.895553785001,"PB_TTM":1.984754626126,"REPORT_DATE_SQ":"2021-09-30 00:00:00","REPORT_TYPE_SQ":"2021年三季报","OPERATE_INCOME_SQ":5691171000,"DPS_HKD":0.15,"OPERATE_INCOME_QOQ_SQ":0.333101175554,"NET_PROFIT_RATIO_SQ":12.0656715463,"HOLDER_PROFIT_SQ":692173000,"HOLDER_PROFIT_QOQ_SQ":-2.08666130391,"ROE_AVG_SQ":4.761067066771,"PE_TTM_SQ":26.693558559399,"PB_TTM_SQ":1.879189468588,"ROA_SQ":3.379768799562,"START_DATE":"2022-01-01 00:00:00","FISCAL_YEAR":"12-31","CURRENCY":"HKD","IS_CNY_CODE":0,"DPS_HKD_LY":null,"ORG_TYPE":"一般企业","PREMIUM_INCOME":null,"PREMIUM_INCOME_YOY":null,"NET_INTEREST_INCOME":null,"NET_INTEREST_INCOME_YOY":null,"FEE_COMMISSION_INCOME":null,"FEE_COMMISSION_INCOME_YOY":null,"ACCOUNTS_RECE_TDAYS":5.04942570057,"INVENTORY_TDAYS":null,"CURRENT_ASSETS_TDAYS":0.599789213833,"TOTAL_ASSETS_TDAYS":0.220320542427,"PREMIUM_EXPENSE":null,"LOAN_DEPOSIT":null,"LOAN_EQUITY":null,"LOAN_ASSETS":null,"DEPOSIT_EQUITY":null,"DEPOSIT_ASSETS":null,"EQUITY_MULTIPLIER":1.559243074095,"EQUITY_RATIO":0.567141394827}],"count":31},"success":true,"message":"ok","code":0}