{"version":"5c3ba3cdb95ad1c701a7485fe66158c2","result":{"pages":5,"data":[{"SECUCODE":"00789.HK","SECURITY_CODE":"00789","SECURITY_NAME_ABBR":"雅天妮集团","ORG_CODE":"10103805","STD_REPORT_DATE":"2024-06-30 00:00:00","REPORT_DATE":"2024-09-30 00:00:00","DATE_TYPE_CODE":"002","REPORT_TYPE":"2024年中报","PER_NETCASH_OPERATE":-0.01231583366,"PER_OI":0.044244532357,"BPS":0.078813166792,"BASIC_EPS":0.00090179,"DILUTED_EPS":0.00090179,"OPERATE_INCOME":48844553.56,"OPERATE_INCOME_YOY":131.5987514431,"GROSS_PROFIT":10354352.78,"GROSS_PROFIT_YOY":133.619033765735,"HOLDER_PROFIT":965817.09,"HOLDER_PROFIT_YOY":125.8258982397,"GROSS_PROFIT_RATIO":21.198582084041,"EPS_TTM":0.005604513023,"OPERATE_INCOME_QOQ":0,"NET_PROFIT_RATIO":1.9773281146,"ROE_AVG":0.936025170425,"GROSS_PROFIT_QOQ":0,"ROA":0.754230663596,"HOLDER_PROFIT_QOQ":0,"ROE_YEARLY":1.87205034085,"ROIC_YEARLY":2.054055609097,"TOTAL_ASSETS":120649582.31,"TOTAL_LIABILITIES":16303461.41,"TAX_EBT":6.869565217391,"OCF_SALES":-27.835831917879,"TOTAL_PARENT_EQUITY":104346120.9,"DEBT_ASSET_RATIO":13.5130690864,"OPERATE_PROFIT":1227336.19,"PRETAX_PROFIT":1037058.5,"NETCASH_OPERATE":-13596287.83,"NETCASH_INVEST":-2021813.18,"NETCASH_FINANCE":-3575597.35,"END_CASH":24486303.87,"DIVI_RATIO":null,"DIVIDEND_RATE":null,"CURRENT_RATIO":6.830996460659,"COMMON_ACS":6000000000,"CURRENTDEBT_DEBT":81.26555672327,"ISSUED_COMMON_SHARES":1323968128,"HK_COMMON_SHARES":1323968128,"PER_SHARES":20000,"TOTAL_MARKET_CAP":470008685.44,"HKSK_MARKET_CAP":470008685.44,"PE_TTM":39.027541762019,"PB_TTM":4.061953897157,"REPORT_DATE_SQ":"2023-06-30 00:00:00","REPORT_TYPE_SQ":"2023年中报","OPERATE_INCOME_SQ":21460612.81,"DPS_HKD":null,"OPERATE_INCOME_QOQ_SQ":0,"NET_PROFIT_RATIO_SQ":-17.7320733741,"HOLDER_PROFIT_SQ":-3805411.61,"HOLDER_PROFIT_QOQ_SQ":0,"ROE_AVG_SQ":-3.320282788493,"PE_TTM_SQ":-197.193961210026,"PB_TTM_SQ":5.732401796955,"ROA_SQ":-2.836379802678,"START_DATE":"2024-04-01 00:00:00","FISCAL_YEAR":"3-31","CURRENCY":"HKD","IS_CNY_CODE":0,"DPS_HKD_LY":null,"ORG_TYPE":"一般企业","PREMIUM_INCOME":null,"PREMIUM_INCOME_YOY":null,"NET_INTEREST_INCOME":null,"NET_INTEREST_INCOME_YOY":null,"FEE_COMMISSION_INCOME":null,"FEE_COMMISSION_INCOME_YOY":null,"ACCOUNTS_RECE_TDAYS":1.137385424651,"INVENTORY_TDAYS":1.867185791154,"CURRENT_ASSETS_TDAYS":0.500600750476,"TOTAL_ASSETS_TDAYS":0.381439305911,"PREMIUM_EXPENSE":null,"LOAN_DEPOSIT":null,"LOAN_EQUITY":null,"LOAN_ASSETS":null,"DEPOSIT_EQUITY":null,"DEPOSIT_ASSETS":null,"EQUITY_MULTIPLIER":1.156244058422,"EQUITY_RATIO":0.156244058422},{"SECUCODE":"00789.HK","SECURITY_CODE":"00789","SECURITY_NAME_ABBR":"雅天妮集团","ORG_CODE":"10103805","STD_REPORT_DATE":"2023-12-31 00:00:00","REPORT_DATE":"2024-03-31 00:00:00","DATE_TYPE_CODE":"001","REPORT_TYPE":"2023年年报","PER_NETCASH_OPERATE":0.023748354083,"PER_OI":0.05845117025,"BPS":0.077462590927,"BASIC_EPS":0.0054393,"DILUTED_EPS":0.0054393,"OPERATE_INCOME":64528229,"OPERATE_INCOME_YOY":11.7565785342,"GROSS_PROFIT":14377883,"GROSS_PROFIT_YOY":1.515361819223,"HOLDER_PROFIT":6187203.75,"HOLDER_PROFIT_YOY":575.6097560976,"GROSS_PROFIT_RATIO":22.281539758359,"EPS_TTM":-0.002855473849,"OPERATE_INCOME_QOQ":0,"NET_PROFIT_RATIO":9.588367519,"ROE_AVG":5.605150990038,"GROSS_PROFIT_QOQ":0,"ROA":4.482302294348,"HOLDER_PROFIT_QOQ":0,"ROE_YEARLY":5.605150990038,"ROIC_YEARLY":5.750685658675,"TOTAL_ASSETS":136171968.95,"TOTAL_LIABILITIES":33613967.45,"TAX_EBT":-0.441501103753,"OCF_SALES":40.629390278168,"TOTAL_PARENT_EQUITY":102558001.5,"DEBT_ASSET_RATIO":24.684938985,"OPERATE_PROFIT":6276952.2,"PRETAX_PROFIT":6160007.25,"NETCASH_OPERATE":26217426,"NETCASH_INVEST":163179,"NETCASH_FINANCE":1369797.05,"END_CASH":43770047.1,"DIVI_RATIO":null,"DIVIDEND_RATE":null,"CURRENT_RATIO":3.773373223635,"COMMON_ACS":6000000000,"CURRENTDEBT_DEBT":82.933736077025,"ISSUED_COMMON_SHARES":1323968128,"HK_COMMON_SHARES":1323968128,"PER_SHARES":20000,"TOTAL_MARKET_CAP":476628526.08,"HKSK_MARKET_CAP":476628526.08,"PE_TTM":39.577225448808,"PB_TTM":4.119164515426,"REPORT_DATE_SQ":"2022-12-31 00:00:00","REPORT_TYPE_SQ":"2022年年报","OPERATE_INCOME_SQ":55756613.72,"DPS_HKD":null,"OPERATE_INCOME_QOQ_SQ":0,"NET_PROFIT_RATIO_SQ":-2.2530302079,"HOLDER_PROFIT_SQ":-1256213.35,"HOLDER_PROFIT_QOQ_SQ":0,"ROE_AVG_SQ":-1.058462537065,"PE_TTM_SQ":-530.827880362369,"PB_TTM_SQ":6.37960845145,"ROA_SQ":-0.903026870556,"START_DATE":"2023-04-01 00:00:00","FISCAL_YEAR":"3-31","CURRENCY":"HKD","IS_CNY_CODE":0,"DPS_HKD_LY":null,"ORG_TYPE":"一般企业","PREMIUM_INCOME":null,"PREMIUM_INCOME_YOY":null,"NET_INTEREST_INCOME":null,"NET_INTEREST_INCOME_YOY":null,"FEE_COMMISSION_INCOME":null,"FEE_COMMISSION_INCOME_YOY":null,"ACCOUNTS_RECE_TDAYS":1.308047117629,"INVENTORY_TDAYS":1.670062944346,"CURRENT_ASSETS_TDAYS":0.587654952921,"TOTAL_ASSETS_TDAYS":0.46747293379,"PREMIUM_EXPENSE":null,"LOAN_DEPOSIT":null,"LOAN_EQUITY":null,"LOAN_ASSETS":null,"DEPOSIT_EQUITY":null,"DEPOSIT_ASSETS":null,"EQUITY_MULTIPLIER":1.327755679307,"EQUITY_RATIO":0.327755679307},{"SECUCODE":"00789.HK","SECURITY_CODE":"00789","SECURITY_NAME_ABBR":"雅天妮集团","ORG_CODE":"10103805","STD_REPORT_DATE":"2023-06-30 00:00:00","REPORT_DATE":"2023-09-30 00:00:00","DATE_TYPE_CODE":"002","REPORT_TYPE":"2023年中报","PER_NETCASH_OPERATE":-0.000863627804,"PER_OI":0.019439522089,"BPS":0.082756416067,"BASIC_EPS":-0.00367052,"DILUTED_EPS":-0.00367052,"OPERATE_INCOME":21460612.81,"OPERATE_INCOME_YOY":-15.6069572748,"GROSS_PROFIT":4432152.9,"GROSS_PROFIT_YOY":-30.901877677943,"HOLDER_PROFIT":-3805411.61,"HOLDER_PROFIT_YOY":-96.4471814306,"GROSS_PROFIT_RATIO":20.652499251721,"EPS_TTM":-0.001137907262,"OPERATE_INCOME_QOQ":0,"NET_PROFIT_RATIO":-17.7320733741,"ROE_AVG":-3.320282788493,"GROSS_PROFIT_QOQ":0,"ROA":-2.836379802678,"HOLDER_PROFIT_QOQ":0,"ROE_YEARLY":-6.640565576986,"ROIC_YEARLY":-6.462194138523,"TOTAL_ASSETS":126718279.59,"TOTAL_LIABILITIES":17151422.33,"TAX_EBT":null,"OCF_SALES":-4.442639072989,"TOTAL_PARENT_EQUITY":109566857.26,"DEBT_ASSET_RATIO":13.5350814306,"OPERATE_PROFIT":-3801741.09,"PRETAX_PROFIT":-3805411.61,"NETCASH_OPERATE":-953417.57,"NETCASH_INVEST":-6423.41,"NETCASH_FINANCE":-78916.18,"END_CASH":15449218.68,"DIVI_RATIO":null,"DIVIDEND_RATE":null,"CURRENT_RATIO":5.895173373288,"COMMON_ACS":6000000000,"CURRENTDEBT_DEBT":99.983949494409,"ISSUED_COMMON_SHARES":1323968128,"HK_COMMON_SHARES":1323968128,"PER_SHARES":20000,"TOTAL_MARKET_CAP":476628526.08,"HKSK_MARKET_CAP":476628526.08,"PE_TTM":39.577225448808,"PB_TTM":4.119164515426,"REPORT_DATE_SQ":"2022-06-30 00:00:00","REPORT_TYPE_SQ":"2022年中报","OPERATE_INCOME_SQ":25063841.28,"DPS_HKD":null,"OPERATE_INCOME_QOQ_SQ":0,"NET_PROFIT_RATIO_SQ":-7.6176385681,"HOLDER_PROFIT_SQ":-1909272.84,"HOLDER_PROFIT_QOQ_SQ":0,"ROE_AVG_SQ":-1.559032380755,"PE_TTM_SQ":-530.827880362369,"PB_TTM_SQ":6.37960845145,"ROA_SQ":-1.341851004322,"START_DATE":"2023-04-01 00:00:00","FISCAL_YEAR":"3-31","CURRENCY":"HKD","IS_CNY_CODE":0,"DPS_HKD_LY":null,"ORG_TYPE":"一般企业","PREMIUM_INCOME":null,"PREMIUM_INCOME_YOY":null,"NET_INTEREST_INCOME":null,"NET_INTEREST_INCOME_YOY":null,"FEE_COMMISSION_INCOME":null,"FEE_COMMISSION_INCOME_YOY":null,"ACCOUNTS_RECE_TDAYS":0.414898523985,"INVENTORY_TDAYS":0.422100151262,"CURRENT_ASSETS_TDAYS":0.197872115405,"TOTAL_ASSETS_TDAYS":0.159957594515,"PREMIUM_EXPENSE":null,"LOAN_DEPOSIT":null,"LOAN_EQUITY":null,"LOAN_ASSETS":null,"DEPOSIT_EQUITY":null,"DEPOSIT_ASSETS":null,"EQUITY_MULTIPLIER":1.156538416442,"EQUITY_RATIO":0.156538416442},{"SECUCODE":"00789.HK","SECURITY_CODE":"00789","SECURITY_NAME_ABBR":"雅天妮集团","ORG_CODE":"10103805","STD_REPORT_DATE":"2022-12-31 00:00:00","REPORT_DATE":"2023-03-31 00:00:00","DATE_TYPE_CODE":"001","REPORT_TYPE":"2022年年报","PER_NETCASH_OPERATE":-0.011133252934,"PER_OI":0.05050563717,"BPS":0.08621805914,"BASIC_EPS":-0.00087541,"DILUTED_EPS":-0.00087541,"OPERATE_INCOME":55756613.72,"OPERATE_INCOME_YOY":-17.2487267436,"GROSS_PROFIT":14163258.39,"GROSS_PROFIT_YOY":24.270464847721,"HOLDER_PROFIT":-1256213.35,"HOLDER_PROFIT_YOY":93.587165393,"GROSS_PROFIT_RATIO":25.401934308861,"EPS_TTM":-0.014070811843,"OPERATE_INCOME_QOQ":0,"NET_PROFIT_RATIO":-2.2530302079,"ROE_AVG":-1.058462537065,"GROSS_PROFIT_QOQ":0,"ROA":-0.903026870556,"HOLDER_PROFIT_QOQ":0,"ROE_YEARLY":-1.058462537065,"ROIC_YEARLY":-1.090524971882,"TOTAL_ASSETS":135095022.02,"TOTAL_LIABILITIES":20945059.66,"TAX_EBT":50.940170940171,"OCF_SALES":-22.043584751617,"TOTAL_PARENT_EQUITY":114149962.36,"DEBT_ASSET_RATIO":15.5039462941,"OPERATE_PROFIT":-2538689,"PRETAX_PROFIT":-2560574.25,"NETCASH_OPERATE":-12290756.4,"NETCASH_INVEST":-28888.53,"NETCASH_FINANCE":-376426.3,"END_CASH":16532993.26,"DIVI_RATIO":null,"DIVIDEND_RATE":null,"CURRENT_RATIO":5.284541952772,"COMMON_ACS":6000000000,"CURRENTDEBT_DEBT":99.824458747806,"ISSUED_COMMON_SHARES":1323968128,"HK_COMMON_SHARES":1323968128,"PER_SHARES":20000,"TOTAL_MARKET_CAP":483248366.72,"HKSK_MARKET_CAP":483248366.72,"PE_TTM":40.126909135597,"PB_TTM":4.176375133696,"REPORT_DATE_SQ":"2021-12-31 00:00:00","REPORT_TYPE_SQ":"2021年年报","OPERATE_INCOME_SQ":62421817.68,"DPS_HKD":null,"OPERATE_INCOME_QOQ_SQ":0,"NET_PROFIT_RATIO_SQ":-29.0731212972,"HOLDER_PROFIT_SQ":-18147970.77,"HOLDER_PROFIT_QOQ_SQ":0,"ROE_AVG_SQ":-14.971648406791,"PE_TTM_SQ":-538.521038048781,"PB_TTM_SQ":6.472066544949,"ROA_SQ":-12.943585472088,"START_DATE":"2022-04-01 00:00:00","FISCAL_YEAR":"3-31","CURRENCY":"HKD","IS_CNY_CODE":0,"DPS_HKD_LY":null,"ORG_TYPE":"一般企业","PREMIUM_INCOME":null,"PREMIUM_INCOME_YOY":null,"NET_INTEREST_INCOME":null,"NET_INTEREST_INCOME_YOY":null,"FEE_COMMISSION_INCOME":null,"FEE_COMMISSION_INCOME_YOY":null,"ACCOUNTS_RECE_TDAYS":1.137722839484,"INVENTORY_TDAYS":1.052290042523,"CURRENT_ASSETS_TDAYS":0.495827365012,"TOTAL_ASSETS_TDAYS":0.400805487383,"PREMIUM_EXPENSE":null,"LOAN_DEPOSIT":null,"LOAN_EQUITY":null,"LOAN_ASSETS":null,"DEPOSIT_EQUITY":null,"DEPOSIT_ASSETS":null,"EQUITY_MULTIPLIER":1.183487223534,"EQUITY_RATIO":0.183487223534},{"SECUCODE":"00789.HK","SECURITY_CODE":"00789","SECURITY_NAME_ABBR":"雅天妮集团","ORG_CODE":"10103805","STD_REPORT_DATE":"2022-06-30 00:00:00","REPORT_DATE":"2022-09-30 00:00:00","DATE_TYPE_CODE":"002","REPORT_TYPE":"2022年中报","PER_NETCASH_OPERATE":-0.014892558855,"PER_OI":0.02270341022,"BPS":0.08884560783,"BASIC_EPS":-0.00180888,"DILUTED_EPS":-0.00180888,"OPERATE_INCOME":25063841.28,"OPERATE_INCOME_YOY":-40.167544693,"GROSS_PROFIT":6414288.48,"GROSS_PROFIT_YOY":-27.532501945344,"HOLDER_PROFIT":-1909272.84,"HOLDER_PROFIT_YOY":61.123388582,"GROSS_PROFIT_RATIO":25.591801385681,"EPS_TTM":-0.016438853903,"OPERATE_INCOME_QOQ":0,"NET_PROFIT_RATIO":-7.6176385681,"ROE_AVG":-1.559032380755,"GROSS_PROFIT_QOQ":0,"ROA":-1.341851004322,"HOLDER_PROFIT_QOQ":0,"ROE_YEARLY":-3.118064761511,"ROIC_YEARLY":-3.281644708717,"TOTAL_ASSETS":136698870.48,"TOTAL_LIABILITIES":19070117.4,"TAX_EBT":null,"OCF_SALES":-65.596131639723,"TOTAL_PARENT_EQUITY":117628753.08,"DEBT_ASSET_RATIO":13.950457186,"OPERATE_PROFIT":-1890279.6,"PRETAX_PROFIT":-1909272.84,"NETCASH_OPERATE":-16440910.32,"NETCASH_INVEST":-111246.12,"NETCASH_FINANCE":-214352.28,"END_CASH":19510579.68,"DIVI_RATIO":null,"DIVIDEND_RATE":null,"CURRENT_RATIO":5.718997932394,"COMMON_ACS":6000000000,"CURRENTDEBT_DEBT":98.634100071141,"ISSUED_COMMON_SHARES":1323968128,"HK_COMMON_SHARES":1323968128,"PER_SHARES":20000,"TOTAL_MARKET_CAP":483248366.72,"HKSK_MARKET_CAP":483248366.72,"PE_TTM":40.126909135597,"PB_TTM":4.176375133696,"REPORT_DATE_SQ":"2021-06-30 00:00:00","REPORT_TYPE_SQ":"2021年中报","OPERATE_INCOME_SQ":38584006.96,"DPS_HKD":null,"OPERATE_INCOME_QOQ_SQ":0,"NET_PROFIT_RATIO_SQ":-11.7238103463,"HOLDER_PROFIT_SQ":-4523515.8,"HOLDER_PROFIT_QOQ_SQ":0,"ROE_AVG_SQ":-3.473343845049,"PE_TTM_SQ":-538.521038048781,"PB_TTM_SQ":6.472066544949,"ROA_SQ":-3.012390745359,"START_DATE":"2022-04-01 00:00:00","FISCAL_YEAR":"3-31","CURRENCY":"HKD","IS_CNY_CODE":0,"DPS_HKD_LY":null,"ORG_TYPE":"一般企业","PREMIUM_INCOME":null,"PREMIUM_INCOME_YOY":null,"NET_INTEREST_INCOME":null,"NET_INTEREST_INCOME_YOY":null,"FEE_COMMISSION_INCOME":null,"FEE_COMMISSION_INCOME_YOY":null,"ACCOUNTS_RECE_TDAYS":0.607180026512,"INVENTORY_TDAYS":0.408223869812,"CURRENT_ASSETS_TDAYS":0.222021038801,"TOTAL_ASSETS_TDAYS":0.176150521231,"PREMIUM_EXPENSE":null,"LOAN_DEPOSIT":null,"LOAN_EQUITY":null,"LOAN_ASSETS":null,"DEPOSIT_EQUITY":null,"DEPOSIT_ASSETS":null,"EQUITY_MULTIPLIER":1.162121223772,"EQUITY_RATIO":0.162121223771},{"SECUCODE":"00789.HK","SECURITY_CODE":"00789","SECURITY_NAME_ABBR":"雅天妮集团","ORG_CODE":"10103805","STD_REPORT_DATE":"2021-12-31 00:00:00","REPORT_DATE":"2022-03-31 00:00:00","DATE_TYPE_CODE":"001","REPORT_TYPE":"2021年年报","PER_NETCASH_OPERATE":0.01296918831,"PER_OI":0.056543133897,"BPS":0.086219053998,"BASIC_EPS":-0.0162202,"DILUTED_EPS":-0.0162202,"OPERATE_INCOME":62421817.68,"OPERATE_INCOME_YOY":-3.0593095457,"GROSS_PROFIT":11397123.53,"GROSS_PROFIT_YOY":46.622242491274,"HOLDER_PROFIT":-18147970.77,"HOLDER_PROFIT_YOY":15.9423011908,"GROSS_PROFIT_RATIO":18.258237189481,"EPS_TTM":-0.010177802035,"OPERATE_INCOME_QOQ":0,"NET_PROFIT_RATIO":-29.0731212972,"ROE_AVG":-14.971648406791,"GROSS_PROFIT_QOQ":0,"ROA":-12.943585472088,"HOLDER_PROFIT_QOQ":0,"ROE_YEARLY":-14.971648406791,"ROIC_YEARLY":-15.373939808247,"TOTAL_ASSETS":132598512.98,"TOTAL_LIABILITIES":18447233.46,"TAX_EBT":null,"OCF_SALES":22.936804905935,"TOTAL_PARENT_EQUITY":114151279.52,"DEBT_ASSET_RATIO":13.9120967841,"OPERATE_PROFIT":-18014154.12,"PRETAX_PROFIT":-18147970.77,"NETCASH_OPERATE":14317570.54,"NETCASH_INVEST":-101376.25,"NETCASH_FINANCE":-1190562.68,"END_CASH":29000095.58,"DIVI_RATIO":null,"DIVIDEND_RATE":null,"CURRENT_RATIO":5.818797025956,"COMMON_ACS":6000000000,"CURRENTDEBT_DEBT":98.747032445265,"ISSUED_COMMON_SHARES":1323968128,"HK_COMMON_SHARES":1323968128,"PER_SHARES":20000,"TOTAL_MARKET_CAP":483248366.72,"HKSK_MARKET_CAP":483248366.72,"PE_TTM":40.126909135597,"PB_TTM":4.176375133696,"REPORT_DATE_SQ":"2020-12-31 00:00:00","REPORT_TYPE_SQ":"2020年年报","OPERATE_INCOME_SQ":67104756.46,"DPS_HKD":null,"OPERATE_INCOME_QOQ_SQ":0,"NET_PROFIT_RATIO_SQ":-33.5289746464,"HOLDER_PROFIT_SQ":-22499536.78,"HOLDER_PROFIT_QOQ_SQ":0,"ROE_AVG_SQ":-16.634122414294,"PE_TTM_SQ":-538.521038048781,"PB_TTM_SQ":6.472066544949,"ROA_SQ":-13.965627590259,"START_DATE":"2021-04-01 00:00:00","FISCAL_YEAR":"3-31","CURRENCY":"HKD","IS_CNY_CODE":0,"DPS_HKD_LY":null,"ORG_TYPE":"一般企业","PREMIUM_INCOME":null,"PREMIUM_INCOME_YOY":null,"NET_INTEREST_INCOME":null,"NET_INTEREST_INCOME_YOY":null,"FEE_COMMISSION_INCOME":null,"FEE_COMMISSION_INCOME_YOY":null,"ACCOUNTS_RECE_TDAYS":1.341852700948,"INVENTORY_TDAYS":1.175893391148,"CURRENT_ASSETS_TDAYS":0.556960193353,"TOTAL_ASSETS_TDAYS":0.445207975428,"PREMIUM_EXPENSE":null,"LOAN_DEPOSIT":null,"LOAN_EQUITY":null,"LOAN_ASSETS":null,"DEPOSIT_EQUITY":null,"DEPOSIT_ASSETS":null,"EQUITY_MULTIPLIER":1.161603387519,"EQUITY_RATIO":0.161603387518},{"SECUCODE":"00789.HK","SECURITY_CODE":"00789","SECURITY_NAME_ABBR":"雅天妮集团","ORG_CODE":"10103805","STD_REPORT_DATE":"2021-06-30 00:00:00","REPORT_DATE":"2021-09-30 00:00:00","DATE_TYPE_CODE":"002","REPORT_TYPE":"2021年中报","PER_NETCASH_OPERATE":0.011384727422,"PER_OI":0.034950290666,"BPS":0.097209871536,"BASIC_EPS":-0.0041653,"DILUTED_EPS":-0.0041653,"OPERATE_INCOME":38584006.96,"OPERATE_INCOME_YOY":5.1656411072,"GROSS_PROFIT":8851262.5,"GROSS_PROFIT_YOY":937.374288169741,"HOLDER_PROFIT":-4523515.8,"HOLDER_PROFIT_YOY":69.7762440165,"GROSS_PROFIT_RATIO":22.940236635288,"EPS_TTM":-0.020380603578,"OPERATE_INCOME_QOQ":0,"NET_PROFIT_RATIO":-11.7238103463,"ROE_AVG":-3.473343845049,"GROSS_PROFIT_QOQ":0,"ROA":-3.012390745359,"HOLDER_PROFIT_QOQ":0,"ROE_YEARLY":-6.946687690098,"ROIC_YEARLY":-7.041226184803,"TOTAL_ASSETS":148490445.82,"TOTAL_LIABILITIES":19787674.18,"TAX_EBT":-7.016160819866,"OCF_SALES":32.574056481561,"TOTAL_PARENT_EQUITY":128702771.64,"DEBT_ASSET_RATIO":13.3258904778,"OPERATE_PROFIT":-4150304.92,"PRETAX_PROFIT":-4226946.44,"NETCASH_OPERATE":12568376.22,"NETCASH_INVEST":-74975.4,"NETCASH_FINANCE":-610632.98,"END_CASH":27608441.46,"DIVI_RATIO":null,"DIVIDEND_RATE":null,"CURRENT_RATIO":6.590852333164,"COMMON_ACS":6000000000,"CURRENTDEBT_DEBT":91.032711657475,"ISSUED_COMMON_SHARES":1323968128,"HK_COMMON_SHARES":1323968128,"PER_SHARES":20000,"TOTAL_MARKET_CAP":483248366.72,"HKSK_MARKET_CAP":483248366.72,"PE_TTM":40.126909135597,"PB_TTM":4.176375133696,"REPORT_DATE_SQ":"2020-06-30 00:00:00","REPORT_TYPE_SQ":"2020年中报","OPERATE_INCOME_SQ":38699707.52,"DPS_HKD":null,"OPERATE_INCOME_QOQ_SQ":0,"NET_PROFIT_RATIO_SQ":-40.7938057719,"HOLDER_PROFIT_SQ":-15787083.52,"HOLDER_PROFIT_QOQ_SQ":0,"ROE_AVG_SQ":-11.005476397584,"PE_TTM_SQ":-538.521038048781,"PB_TTM_SQ":6.472066544949,"ROA_SQ":-9.280677738461,"START_DATE":"2021-04-01 00:00:00","FISCAL_YEAR":"3-31","CURRENCY":"HKD","IS_CNY_CODE":0,"DPS_HKD_LY":null,"ORG_TYPE":"一般企业","PREMIUM_INCOME":null,"PREMIUM_INCOME_YOY":null,"NET_INTEREST_INCOME":null,"NET_INTEREST_INCOME_YOY":null,"FEE_COMMISSION_INCOME":null,"FEE_COMMISSION_INCOME_YOY":null,"ACCOUNTS_RECE_TDAYS":0.798827181787,"INVENTORY_TDAYS":0.593850351908,"CURRENT_ASSETS_TDAYS":0.321411222606,"TOTAL_ASSETS_TDAYS":0.256946389985,"PREMIUM_EXPENSE":null,"LOAN_DEPOSIT":null,"LOAN_EQUITY":null,"LOAN_ASSETS":null,"DEPOSIT_EQUITY":null,"DEPOSIT_ASSETS":null,"EQUITY_MULTIPLIER":1.153747071083,"EQUITY_RATIO":0.153747071084},{"SECUCODE":"00789.HK","SECURITY_CODE":"00789","SECURITY_NAME_ABBR":"雅天妮集团","ORG_CODE":"10103805","STD_REPORT_DATE":"2020-12-31 00:00:00","REPORT_DATE":"2021-03-31 00:00:00","DATE_TYPE_CODE":"001","REPORT_TYPE":"2020年年报","PER_NETCASH_OPERATE":-0.024631889844,"PER_OI":0.060785048733,"BPS":0.10097271476,"BASIC_EPS":-0.02028432,"DILUTED_EPS":-0.02028432,"OPERATE_INCOME":67104756.46,"OPERATE_INCOME_YOY":-65.1106482458,"GROSS_PROFIT":7773120.46,"GROSS_PROFIT_YOY":-84.692216837601,"HOLDER_PROFIT":-22499536.78,"HOLDER_PROFIT_YOY":-342.427829888,"GROSS_PROFIT_RATIO":11.583561091729,"EPS_TTM":-0.01231785995,"OPERATE_INCOME_QOQ":0,"NET_PROFIT_RATIO":-33.5289746464,"ROE_AVG":-16.634122414294,"GROSS_PROFIT_QOQ":0,"ROA":-13.965627590259,"HOLDER_PROFIT_QOQ":0,"ROE_YEARLY":-16.634122414294,"ROIC_YEARLY":-16.994315225683,"TOTAL_ASSETS":154045887.52,"TOTAL_LIABILITIES":20361231.38,"TAX_EBT":-6.937414638065,"OCF_SALES":-40.522941672859,"TOTAL_PARENT_EQUITY":133684656.14,"DEBT_ASSET_RATIO":13.2176403459,"OPERATE_PROFIT":-20900456.22,"PRETAX_PROFIT":-21039910.92,"NETCASH_OPERATE":-27192821.32,"NETCASH_INVEST":-1323551.88,"NETCASH_FINANCE":1167193.58,"END_CASH":15974747.18,"DIVI_RATIO":null,"DIVIDEND_RATE":null,"CURRENT_RATIO":6.82548606231,"COMMON_ACS":6000000000,"CURRENTDEBT_DEBT":88.601552446972,"ISSUED_COMMON_SHARES":1323968128,"HK_COMMON_SHARES":1323968128,"PER_SHARES":20000,"TOTAL_MARKET_CAP":483248366.72,"HKSK_MARKET_CAP":483248366.72,"PE_TTM":40.126909135597,"PB_TTM":4.176375133696,"REPORT_DATE_SQ":"2019-12-31 00:00:00","REPORT_TYPE_SQ":"2019年年报","OPERATE_INCOME_SQ":207928881.6,"DPS_HKD":null,"OPERATE_INCOME_QOQ_SQ":0,"NET_PROFIT_RATIO_SQ":4.8253708782,"HOLDER_PROFIT_SQ":10033339.7,"HOLDER_PROFIT_QOQ_SQ":0,"ROE_AVG_SQ":6.854471230072,"PE_TTM_SQ":-538.521038048781,"PB_TTM_SQ":6.472066544949,"ROA_SQ":5.396625696018,"START_DATE":"2020-04-01 00:00:00","FISCAL_YEAR":"3-31","CURRENCY":"HKD","IS_CNY_CODE":0,"DPS_HKD_LY":null,"ORG_TYPE":"一般企业","PREMIUM_INCOME":null,"PREMIUM_INCOME_YOY":null,"NET_INTEREST_INCOME":null,"NET_INTEREST_INCOME_YOY":null,"FEE_COMMISSION_INCOME":null,"FEE_COMMISSION_INCOME_YOY":null,"ACCOUNTS_RECE_TDAYS":1.347298936883,"INVENTORY_TDAYS":1.134582127907,"CURRENT_ASSETS_TDAYS":0.512983362946,"TOTAL_ASSETS_TDAYS":0.416524147772,"PREMIUM_EXPENSE":null,"LOAN_DEPOSIT":null,"LOAN_EQUITY":null,"LOAN_ASSETS":null,"DEPOSIT_EQUITY":null,"DEPOSIT_ASSETS":null,"EQUITY_MULTIPLIER":1.152307916016,"EQUITY_RATIO":0.152307916016},{"SECUCODE":"00789.HK","SECURITY_CODE":"00789","SECURITY_NAME_ABBR":"雅天妮集团","ORG_CODE":"10103805","STD_REPORT_DATE":"2020-06-30 00:00:00","REPORT_DATE":"2020-09-30 00:00:00","DATE_TYPE_CODE":"002","REPORT_TYPE":"2020年中报","PER_NETCASH_OPERATE":-0.016966790114,"PER_OI":0.035055094924,"BPS":0.109237348167,"BASIC_EPS":-0.01405952,"DILUTED_EPS":-0.01405952,"OPERATE_INCOME":38699707.52,"OPERATE_INCOME_YOY":-69.9522412499,"GROSS_PROFIT":853237.12,"GROSS_PROFIT_YOY":-97.569056665261,"HOLDER_PROFIT":-15787083.52,"HOLDER_PROFIT_YOY":-306.576980568,"GROSS_PROFIT_RATIO":2.204763742876,"EPS_TTM":0.001817686478,"OPERATE_INCOME_QOQ":0,"NET_PROFIT_RATIO":-40.7938057719,"ROE_AVG":-11.005476397584,"GROSS_PROFIT_QOQ":0,"ROA":-9.280677738461,"HOLDER_PROFIT_QOQ":0,"ROE_YEARLY":-22.010952795168,"ROIC_YEARLY":-23.327468789156,"TOTAL_ASSETS":165373346.56,"TOTAL_LIABILITIES":20746579.2,"TAX_EBT":-7.189308513812,"OCF_SALES":-48.40035421539,"TOTAL_PARENT_EQUITY":144626767.36,"DEBT_ASSET_RATIO":12.5452980372,"OPERATE_PROFIT":-14677260.16,"PRETAX_PROFIT":-14728225.92,"NETCASH_OPERATE":-18730795.52,"NETCASH_INVEST":-867296.64,"NETCASH_FINANCE":2063234.56,"END_CASH":26416080.64,"DIVI_RATIO":null,"DIVIDEND_RATE":null,"CURRENT_RATIO":7.293105989878,"COMMON_ACS":6000000000,"CURRENTDEBT_DEBT":86.196526895383,"ISSUED_COMMON_SHARES":1323968128,"HK_COMMON_SHARES":1323968128,"PER_SHARES":20000,"TOTAL_MARKET_CAP":483248366.72,"HKSK_MARKET_CAP":483248366.72,"PE_TTM":40.126909135597,"PB_TTM":4.176375133696,"REPORT_DATE_SQ":"2019-06-30 00:00:00","REPORT_TYPE_SQ":"2019年中报","OPERATE_INCOME_SQ":132207605.7,"DPS_HKD":null,"OPERATE_INCOME_QOQ_SQ":0,"NET_PROFIT_RATIO_SQ":5.9336835642,"HOLDER_PROFIT_SQ":7844780.97,"HOLDER_PROFIT_QOQ_SQ":0,"ROE_AVG_SQ":5.46280244215,"PE_TTM_SQ":-538.521038048781,"PB_TTM_SQ":6.472066544949,"ROA_SQ":4.117449330802,"START_DATE":"2020-04-01 00:00:00","FISCAL_YEAR":"3-31","CURRENCY":"HKD","IS_CNY_CODE":0,"DPS_HKD_LY":null,"ORG_TYPE":"一般企业","PREMIUM_INCOME":null,"PREMIUM_INCOME_YOY":null,"NET_INTEREST_INCOME":null,"NET_INTEREST_INCOME_YOY":null,"FEE_COMMISSION_INCOME":null,"FEE_COMMISSION_INCOME_YOY":null,"ACCOUNTS_RECE_TDAYS":0.690476377119,"INVENTORY_TDAYS":0.815634735018,"CURRENT_ASSETS_TDAYS":0.282059164473,"TOTAL_ASSETS_TDAYS":0.227502130847,"PREMIUM_EXPENSE":null,"LOAN_DEPOSIT":null,"LOAN_EQUITY":null,"LOAN_ASSETS":null,"DEPOSIT_EQUITY":null,"DEPOSIT_ASSETS":null,"EQUITY_MULTIPLIER":1.14344909714,"EQUITY_RATIO":0.14344909714}],"count":38},"success":true,"message":"ok","code":0}