{"version":"13ac0b8da9991d1bfdfe7aeead51e086","result":{"pages":5,"data":[{"SECUCODE":"00794.HK","SECURITY_CODE":"00794","SECURITY_NAME_ABBR":"锦胜集团(控股)","ORG_CODE":"10124230","STD_REPORT_DATE":"2024-06-30 00:00:00","REPORT_DATE":"2024-09-30 00:00:00","DATE_TYPE_CODE":"002","REPORT_TYPE":"2024年中报","PER_NETCASH_OPERATE":-0.037424323132,"PER_OI":1.073487020182,"BPS":1.387197634528,"BASIC_EPS":-0.02074117,"DILUTED_EPS":-0.02074117,"OPERATE_INCOME":355414376.59,"OPERATE_INCOME_YOY":2.1306093045,"GROSS_PROFIT":64055947.28,"GROSS_PROFIT_YOY":3.845309659615,"HOLDER_PROFIT":-6877050.54,"HOLDER_PROFIT_YOY":19.8528638991,"GROSS_PROFIT_RATIO":18.022891447043,"EPS_TTM":-0.043369191655,"OPERATE_INCOME_QOQ":0,"NET_PROFIT_RATIO":-1.9034763436,"ROE_AVG":-1.488923859097,"GROSS_PROFIT_QOQ":0,"ROA":-0.704801680951,"HOLDER_PROFIT_QOQ":0,"ROE_YEARLY":-2.977847718194,"ROIC_YEARLY":-1.539112033672,"TOTAL_ASSETS":962071054.34,"TOTAL_LIABILITIES":502169877.61,"TAX_EBT":-25.451505016722,"OCF_SALES":-3.486238997668,"TOTAL_PARENT_EQUITY":459278941.63,"DEBT_ASSET_RATIO":52.1967556705,"OPERATE_PROFIT":4859746.31,"PRETAX_PROFIT":-5392704.2,"NETCASH_OPERATE":-12390594.6,"NETCASH_INVEST":4036412.04,"NETCASH_FINANCE":-13788369.1,"END_CASH":71406437.57,"DIVI_RATIO":null,"DIVIDEND_RATE":null,"CURRENT_RATIO":1.161873900991,"COMMON_ACS":2000000000,"CURRENTDEBT_DEBT":70.160130302285,"ISSUED_COMMON_SHARES":331084000,"HK_COMMON_SHARES":331084000,"PER_SHARES":2000,"TOTAL_MARKET_CAP":64892464,"HKSK_MARKET_CAP":64892464,"PE_TTM":-4.65178953405,"PB_TTM":0.12741575937,"REPORT_DATE_SQ":"2023-06-30 00:00:00","REPORT_TYPE_SQ":"2023年中报","OPERATE_INCOME_SQ":354112499.37,"DPS_HKD":null,"OPERATE_INCOME_QOQ_SQ":0,"NET_PROFIT_RATIO_SQ":-2.46670761,"HOLDER_PROFIT_SQ":-8731249.45,"HOLDER_PROFIT_QOQ_SQ":0,"ROE_AVG_SQ":-1.822015073991,"PE_TTM_SQ":-0.803942834574,"PB_TTM_SQ":0.108078022343,"ROA_SQ":-0.891986650667,"START_DATE":"2024-04-01 00:00:00","FISCAL_YEAR":"3-31","CURRENCY":"HKD","IS_CNY_CODE":0,"DPS_HKD_LY":null,"ORG_TYPE":"一般企业","PREMIUM_INCOME":null,"PREMIUM_INCOME_YOY":null,"NET_INTEREST_INCOME":null,"NET_INTEREST_INCOME_YOY":null,"FEE_COMMISSION_INCOME":null,"FEE_COMMISSION_INCOME_YOY":null,"ACCOUNTS_RECE_TDAYS":1.675549169072,"INVENTORY_TDAYS":6.560315945501,"CURRENT_ASSETS_TDAYS":0.878994685276,"TOTAL_ASSETS_TDAYS":0.364250122342,"PREMIUM_EXPENSE":null,"LOAN_DEPOSIT":null,"LOAN_EQUITY":null,"LOAN_ASSETS":null,"DEPOSIT_EQUITY":null,"DEPOSIT_ASSETS":null,"EQUITY_MULTIPLIER":2.091908225114,"EQUITY_RATIO":1.093387551861},{"SECUCODE":"00794.HK","SECURITY_CODE":"00794","SECURITY_NAME_ABBR":"锦胜集团(控股)","ORG_CODE":"10124230","STD_REPORT_DATE":"2023-12-31 00:00:00","REPORT_DATE":"2024-03-31 00:00:00","DATE_TYPE_CODE":"001","REPORT_TYPE":"2023年年报","PER_NETCASH_OPERATE":0.385070997541,"PER_OI":2.093352762441,"BPS":1.410318797798,"BASIC_EPS":-0.04333309,"DILUTED_EPS":-0.04333309,"OPERATE_INCOME":693075606,"OPERATE_INCOME_YOY":-2.866043772,"GROSS_PROFIT":119427990.45,"GROSS_PROFIT_YOY":15.332116248109,"HOLDER_PROFIT":-14358845.45,"HOLDER_PROFIT_YOY":76.4426795169,"GROSS_PROFIT_RATIO":17.231596295715,"EPS_TTM":-0.181234591493,"OPERATE_INCOME_QOQ":0,"NET_PROFIT_RATIO":-2.069010621,"ROE_AVG":-3.014099033867,"GROSS_PROFIT_QOQ":0,"ROA":-1.462491961096,"HOLDER_PROFIT_QOQ":0,"ROE_YEARLY":-3.014099033867,"ROIC_YEARLY":-1.593528898368,"TOTAL_ASSETS":994636743.85,"TOTAL_LIABILITIES":527194180.45,"TAX_EBT":-7.987438558165,"OCF_SALES":18.394940616334,"TOTAL_PARENT_EQUITY":466933988.85,"DEBT_ASSET_RATIO":53.0036904136,"OPERATE_PROFIT":11839543,"PRETAX_PROFIT":-13279144.4,"NETCASH_OPERATE":127490846.15,"NETCASH_INVEST":-27607167.15,"NETCASH_FINANCE":-74216528.85,"END_CASH":92157153.35,"DIVI_RATIO":null,"DIVIDEND_RATE":null,"CURRENT_RATIO":1.133489305497,"COMMON_ACS":2000000000,"CURRENTDEBT_DEBT":67.178297586232,"ISSUED_COMMON_SHARES":331084000,"HK_COMMON_SHARES":331084000,"PER_SHARES":2000,"TOTAL_MARKET_CAP":65885716,"HKSK_MARKET_CAP":65885716,"PE_TTM":-4.722990394265,"PB_TTM":0.129366000585,"REPORT_DATE_SQ":"2022-12-31 00:00:00","REPORT_TYPE_SQ":"2022年年报","OPERATE_INCOME_SQ":689015951.98,"DPS_HKD":null,"OPERATE_INCOME_QOQ_SQ":0,"NET_PROFIT_RATIO_SQ":-8.5424824477,"HOLDER_PROFIT_SQ":-58859066.76,"HOLDER_PROFIT_QOQ_SQ":0,"ROE_AVG_SQ":-11.450447980299,"PE_TTM_SQ":-0.984841453983,"PB_TTM_SQ":0.130214484751,"ROA_SQ":-5.678414070873,"START_DATE":"2023-04-01 00:00:00","FISCAL_YEAR":"3-31","CURRENCY":"HKD","IS_CNY_CODE":0,"DPS_HKD_LY":null,"ORG_TYPE":"一般企业","PREMIUM_INCOME":null,"PREMIUM_INCOME_YOY":null,"NET_INTEREST_INCOME":null,"NET_INTEREST_INCOME_YOY":null,"FEE_COMMISSION_INCOME":null,"FEE_COMMISSION_INCOME_YOY":null,"ACCOUNTS_RECE_TDAYS":3.461496667633,"INVENTORY_TDAYS":11.701805808545,"CURRENT_ASSETS_TDAYS":1.825623489632,"TOTAL_ASSETS_TDAYS":0.705918526483,"PREMIUM_EXPENSE":null,"LOAN_DEPOSIT":null,"LOAN_EQUITY":null,"LOAN_ASSETS":null,"DEPOSIT_EQUITY":null,"DEPOSIT_ASSETS":null,"EQUITY_MULTIPLIER":2.127826650221,"EQUITY_RATIO":1.129055054973},{"SECUCODE":"00794.HK","SECURITY_CODE":"00794","SECURITY_NAME_ABBR":"锦胜集团(控股)","ORG_CODE":"10124230","STD_REPORT_DATE":"2023-06-30 00:00:00","REPORT_DATE":"2023-09-30 00:00:00","DATE_TYPE_CODE":"002","REPORT_TYPE":"2023年中报","PER_NETCASH_OPERATE":0.007303146785,"PER_OI":1.069554854267,"BPS":1.409413095257,"BASIC_EPS":-0.026335981,"DILUTED_EPS":-0.026335981,"OPERATE_INCOME":354112499.37,"OPERATE_INCOME_YOY":-19.0899217525,"GROSS_PROFIT":61684006.23,"GROSS_PROFIT_YOY":-15.264173306454,"HOLDER_PROFIT":-8731249.45,"HOLDER_PROFIT_YOY":-13.4358607535,"GROSS_PROFIT_RATIO":17.419324745594,"EPS_TTM":-0.177776838385,"OPERATE_INCOME_QOQ":0,"NET_PROFIT_RATIO":-2.46670761,"ROE_AVG":-1.822015073991,"GROSS_PROFIT_QOQ":0,"ROA":-0.891986650667,"HOLDER_PROFIT_QOQ":0,"ROE_YEARLY":-3.644030147982,"ROIC_YEARLY":-1.893075551422,"TOTAL_ASSETS":976888710.14,"TOTAL_LIABILITIES":509768241.01,"TAX_EBT":-7.268424611224,"OCF_SALES":0.682821152685,"TOTAL_PARENT_EQUITY":466634125.23,"DEBT_ASSET_RATIO":52.1828367672,"OPERATE_PROFIT":4114652.92,"PRETAX_PROFIT":-8143048.62,"NETCASH_OPERATE":2417955.05,"NETCASH_INVEST":-5828785.76,"NETCASH_FINANCE":-15120707.14,"END_CASH":42696406.27,"DIVI_RATIO":null,"DIVIDEND_RATE":null,"CURRENT_RATIO":1.174374786836,"COMMON_ACS":2000000000,"CURRENTDEBT_DEBT":64.917996785035,"ISSUED_COMMON_SHARES":331084000,"HK_COMMON_SHARES":331084000,"PER_SHARES":2000,"TOTAL_MARKET_CAP":65885716,"HKSK_MARKET_CAP":65885716,"PE_TTM":-4.722990394265,"PB_TTM":0.129366000585,"REPORT_DATE_SQ":"2022-06-30 00:00:00","REPORT_TYPE_SQ":"2022年中报","OPERATE_INCOME_SQ":431370849.12,"DPS_HKD":null,"OPERATE_INCOME_QOQ_SQ":0,"NET_PROFIT_RATIO_SQ":-1.7586822882,"HOLDER_PROFIT_SQ":-7586442.72,"HOLDER_PROFIT_QOQ_SQ":0,"ROE_AVG_SQ":-1.374073937562,"PE_TTM_SQ":-0.968605824788,"PB_TTM_SQ":0.130214484751,"ROA_SQ":-0.682272941712,"START_DATE":"2023-04-01 00:00:00","FISCAL_YEAR":"3-31","CURRENCY":"HKD","IS_CNY_CODE":0,"DPS_HKD_LY":null,"ORG_TYPE":"一般企业","PREMIUM_INCOME":null,"PREMIUM_INCOME_YOY":null,"NET_INTEREST_INCOME":null,"NET_INTEREST_INCOME_YOY":null,"FEE_COMMISSION_INCOME":null,"FEE_COMMISSION_INCOME_YOY":null,"ACCOUNTS_RECE_TDAYS":1.543846103069,"INVENTORY_TDAYS":5.705298398575,"CURRENT_ASSETS_TDAYS":0.943231216903,"TOTAL_ASSETS_TDAYS":0.361762224389,"PREMIUM_EXPENSE":null,"LOAN_DEPOSIT":null,"LOAN_EQUITY":null,"LOAN_ASSETS":null,"DEPOSIT_EQUITY":null,"DEPOSIT_ASSETS":null,"EQUITY_MULTIPLIER":2.091299300068,"EQUITY_RATIO":1.092436693863},{"SECUCODE":"00794.HK","SECURITY_CODE":"00794","SECURITY_NAME_ABBR":"锦胜集团(控股)","ORG_CODE":"10124230","STD_REPORT_DATE":"2022-12-31 00:00:00","REPORT_DATE":"2023-03-31 00:00:00","DATE_TYPE_CODE":"001","REPORT_TYPE":"2022年年报","PER_NETCASH_OPERATE":0.177853516479,"PER_OI":2.081091058402,"BPS":1.417029681501,"BASIC_EPS":-0.173681344,"DILUTED_EPS":-0.173681344,"OPERATE_INCOME":689015951.98,"OPERATE_INCOME_YOY":-33.1438555779,"GROSS_PROFIT":103551373.49,"GROSS_PROFIT_YOY":-29.944752562042,"HOLDER_PROFIT":-58859066.76,"HOLDER_PROFIT_YOY":-72.4663332051,"GROSS_PROFIT_RATIO":15.028878967523,"EPS_TTM":-0.097737270934,"OPERATE_INCOME_QOQ":0,"NET_PROFIT_RATIO":-8.5424824477,"ROE_AVG":-11.450447980299,"GROSS_PROFIT_QOQ":0,"ROA":-5.678414070873,"HOLDER_PROFIT_QOQ":0,"ROE_YEARLY":-11.450447980299,"ROIC_YEARLY":-6.16104428766,"TOTAL_ASSETS":935692483.42,"TOTAL_LIABILITIES":466536628.35,"TAX_EBT":-2.498589874537,"OCF_SALES":8.546166961851,"TOTAL_PARENT_EQUITY":469155855.07,"DEBT_ASSET_RATIO":49.8600380592,"OPERATE_PROFIT":-32889153.7,"PRETAX_PROFIT":-57424269.77,"NETCASH_OPERATE":58884453.65,"NETCASH_INVEST":-7433981.72,"NETCASH_FINANCE":-81346598.84,"END_CASH":66440117.36,"DIVI_RATIO":null,"DIVIDEND_RATE":null,"CURRENT_RATIO":1.236025564348,"COMMON_ACS":2000000000,"CURRENTDEBT_DEBT":59.92306754107,"ISSUED_COMMON_SHARES":331084000,"HK_COMMON_SHARES":331084000,"PER_SHARES":2000,"TOTAL_MARKET_CAP":65885716,"HKSK_MARKET_CAP":65885716,"PE_TTM":-4.722990394265,"PB_TTM":0.129366000585,"REPORT_DATE_SQ":"2021-12-31 00:00:00","REPORT_TYPE_SQ":"2021年年报","OPERATE_INCOME_SQ":954778553.71,"DPS_HKD":null,"OPERATE_INCOME_QOQ_SQ":0,"NET_PROFIT_RATIO_SQ":-3.387665202,"HOLDER_PROFIT_SQ":-31617224.85,"HOLDER_PROFIT_QOQ_SQ":0,"ROE_AVG_SQ":-6.011926700295,"PE_TTM_SQ":-0.935599381284,"PB_TTM_SQ":0.123703760513,"ROA_SQ":-2.792638780394,"START_DATE":"2022-04-01 00:00:00","FISCAL_YEAR":"3-31","CURRENCY":"HKD","IS_CNY_CODE":0,"DPS_HKD_LY":null,"ORG_TYPE":"一般企业","PREMIUM_INCOME":null,"PREMIUM_INCOME_YOY":null,"NET_INTEREST_INCOME":null,"NET_INTEREST_INCOME_YOY":null,"FEE_COMMISSION_INCOME":null,"FEE_COMMISSION_INCOME_YOY":null,"ACCOUNTS_RECE_TDAYS":3.015560974769,"INVENTORY_TDAYS":8.486416181304,"CURRENT_ASSETS_TDAYS":1.660675534681,"TOTAL_ASSETS_TDAYS":0.664726454589,"PREMIUM_EXPENSE":null,"LOAN_DEPOSIT":null,"LOAN_EQUITY":null,"LOAN_ASSETS":null,"DEPOSIT_EQUITY":null,"DEPOSIT_ASSETS":null,"EQUITY_MULTIPLIER":1.994417150098,"EQUITY_RATIO":0.994417150097},{"SECUCODE":"00794.HK","SECURITY_CODE":"00794","SECURITY_NAME_ABBR":"锦胜集团(控股)","ORG_CODE":"10124230","STD_REPORT_DATE":"2022-06-30 00:00:00","REPORT_DATE":"2022-09-30 00:00:00","DATE_TYPE_CODE":"002","REPORT_TYPE":"2022年中报","PER_NETCASH_OPERATE":0.01073676948,"PER_OI":1.254502873628,"BPS":1.591082727042,"BASIC_EPS":-0.022068336,"DILUTED_EPS":-0.022068336,"OPERATE_INCOME":431370849.12,"OPERATE_INCOME_YOY":-24.3000963414,"GROSS_PROFIT":72795662.28,"GROSS_PROFIT_YOY":5.892386798191,"HOLDER_PROFIT":-7586442.72,"HOLDER_PROFIT_YOY":-2.0934761441,"GROSS_PROFIT_RATIO":16.875424574587,"EPS_TTM":-0.091948492837,"OPERATE_INCOME_QOQ":0,"NET_PROFIT_RATIO":-1.7586822882,"ROE_AVG":-1.374073937562,"GROSS_PROFIT_QOQ":0,"ROA":-0.682272941712,"HOLDER_PROFIT_QOQ":0,"ROE_YEARLY":-2.748147875124,"ROIC_YEARLY":-1.471484720715,"TOTAL_ASSETS":1048766917.44,"TOTAL_LIABILITIES":521984883.84,"TAX_EBT":-41.402562373567,"OCF_SALES":0.855858500298,"TOTAL_PARENT_EQUITY":526782033.6,"DEBT_ASSET_RATIO":49.771295715,"OPERATE_PROFIT":6899068.32,"PRETAX_PROFIT":-5365138.08,"NETCASH_OPERATE":3691924.08,"NETCASH_INVEST":-3591531.24,"NETCASH_FINANCE":-33948155.4,"END_CASH":62479619.64,"DIVI_RATIO":null,"DIVIDEND_RATE":null,"CURRENT_RATIO":1.319774251063,"COMMON_ACS":2000000000,"CURRENTDEBT_DEBT":62.876167835657,"ISSUED_COMMON_SHARES":331084000,"HK_COMMON_SHARES":331084000,"PER_SHARES":2000,"TOTAL_MARKET_CAP":65885716,"HKSK_MARKET_CAP":65885716,"PE_TTM":-4.722990394265,"PB_TTM":0.129366000585,"REPORT_DATE_SQ":"2021-06-30 00:00:00","REPORT_TYPE_SQ":"2021年中报","OPERATE_INCOME_SQ":524870286.06,"DPS_HKD":null,"OPERATE_INCOME_QOQ_SQ":0,"NET_PROFIT_RATIO_SQ":-1.4463908477,"HOLDER_PROFIT_SQ":-6844420.96,"HOLDER_PROFIT_QOQ_SQ":0,"ROE_AVG_SQ":-1.249754718904,"PE_TTM_SQ":-0.935599381284,"PB_TTM_SQ":0.123703760513,"ROA_SQ":-0.579933155222,"START_DATE":"2022-04-01 00:00:00","FISCAL_YEAR":"3-31","CURRENCY":"HKD","IS_CNY_CODE":0,"DPS_HKD_LY":null,"ORG_TYPE":"一般企业","PREMIUM_INCOME":null,"PREMIUM_INCOME_YOY":null,"NET_INTEREST_INCOME":null,"NET_INTEREST_INCOME_YOY":null,"FEE_COMMISSION_INCOME":null,"FEE_COMMISSION_INCOME_YOY":null,"ACCOUNTS_RECE_TDAYS":1.660740276472,"INVENTORY_TDAYS":4.228804565212,"CURRENT_ASSETS_TDAYS":0.924231854401,"TOTAL_ASSETS_TDAYS":0.387945535293,"PREMIUM_EXPENSE":null,"LOAN_DEPOSIT":null,"LOAN_EQUITY":null,"LOAN_ASSETS":null,"DEPOSIT_EQUITY":null,"DEPOSIT_ASSETS":null,"EQUITY_MULTIPLIER":1.990893482591,"EQUITY_RATIO":0.99089348259},{"SECUCODE":"00794.HK","SECURITY_CODE":"00794","SECURITY_NAME_ABBR":"锦胜集团(控股)","ORG_CODE":"10124230","STD_REPORT_DATE":"2021-12-31 00:00:00","REPORT_DATE":"2022-03-31 00:00:00","DATE_TYPE_CODE":"001","REPORT_TYPE":"2021年年报","PER_NETCASH_OPERATE":0.018535929337,"PER_OI":2.776665233061,"BPS":1.563933592532,"BASIC_EPS":-0.091968534,"DILUTED_EPS":-0.091968534,"OPERATE_INCOME":954778553.71,"OPERATE_INCOME_YOY":-2.0397176198,"GROSS_PROFIT":147813871.59,"GROSS_PROFIT_YOY":-22.748858649691,"HOLDER_PROFIT":-31617224.85,"HOLDER_PROFIT_YOY":-242.6663251116,"GROSS_PROFIT_RATIO":15.481482173603,"EPS_TTM":-0.039949949456,"OPERATE_INCOME_QOQ":0,"NET_PROFIT_RATIO":-3.387665202,"ROE_AVG":-6.011926700295,"GROSS_PROFIT_QOQ":0,"ROA":-2.792638780394,"HOLDER_PROFIT_QOQ":0,"ROE_YEARLY":-6.011926700295,"ROIC_YEARLY":-3.083196480324,"TOTAL_ASSETS":1053716096.64,"TOTAL_LIABILITIES":535922707.09,"TAX_EBT":-8.266145451584,"OCF_SALES":0.667560824993,"TOTAL_PARENT_EQUITY":517793389.55,"DEBT_ASSET_RATIO":50.8602562682,"OPERATE_PROFIT":-30855686.46,"PRETAX_PROFIT":-29875175.37,"NETCASH_OPERATE":6373727.59,"NETCASH_INVEST":34205968.77,"NETCASH_FINANCE":-85085492.13,"END_CASH":88897239.13,"DIVI_RATIO":null,"DIVIDEND_RATE":null,"CURRENT_RATIO":1.330777669254,"COMMON_ACS":2000000000,"CURRENTDEBT_DEBT":62.904409594906,"ISSUED_COMMON_SHARES":331084000,"HK_COMMON_SHARES":331084000,"PER_SHARES":2000,"TOTAL_MARKET_CAP":65885716,"HKSK_MARKET_CAP":65885716,"PE_TTM":-4.722990394265,"PB_TTM":0.129366000585,"REPORT_DATE_SQ":"2020-12-31 00:00:00","REPORT_TYPE_SQ":"2020年年报","OPERATE_INCOME_SQ":1015723801.12,"DPS_HKD":null,"OPERATE_INCOME_QOQ_SQ":0,"NET_PROFIT_RATIO_SQ":2.3845383197,"HOLDER_PROFIT_SQ":23095388.68,"HOLDER_PROFIT_QOQ_SQ":0,"ROE_AVG_SQ":4.360359124067,"PE_TTM_SQ":-0.935599381284,"PB_TTM_SQ":0.123703760513,"ROA_SQ":2.068649393603,"START_DATE":"2021-04-01 00:00:00","FISCAL_YEAR":"3-31","CURRENCY":"HKD","IS_CNY_CODE":0,"DPS_HKD_LY":null,"ORG_TYPE":"一般企业","PREMIUM_INCOME":null,"PREMIUM_INCOME_YOY":null,"NET_INTEREST_INCOME":null,"NET_INTEREST_INCOME_YOY":null,"FEE_COMMISSION_INCOME":null,"FEE_COMMISSION_INCOME_YOY":null,"ACCOUNTS_RECE_TDAYS":3.799646265617,"INVENTORY_TDAYS":9.058410108882,"CURRENT_ASSETS_TDAYS":1.91121161918,"TOTAL_ASSETS_TDAYS":0.843322470087,"PREMIUM_EXPENSE":null,"LOAN_DEPOSIT":null,"LOAN_EQUITY":null,"LOAN_ASSETS":null,"DEPOSIT_EQUITY":null,"DEPOSIT_ASSETS":null,"EQUITY_MULTIPLIER":2.035012647721,"EQUITY_RATIO":1.03501264772},{"SECUCODE":"00794.HK","SECURITY_CODE":"00794","SECURITY_NAME_ABBR":"锦胜集团(控股)","ORG_CODE":"10124230","STD_REPORT_DATE":"2021-06-30 00:00:00","REPORT_DATE":"2021-09-30 00:00:00","DATE_TYPE_CODE":"002","REPORT_TYPE":"2021年中报","PER_NETCASH_OPERATE":0.026661660627,"PER_OI":1.526415805536,"BPS":1.651483502857,"BASIC_EPS":-0.019910134,"DILUTED_EPS":-0.019910134,"OPERATE_INCOME":524870286.06,"OPERATE_INCOME_YOY":15.948000611,"GROSS_PROFIT":68744944.26,"GROSS_PROFIT_YOY":-36.92409226332,"HOLDER_PROFIT":-6844420.96,"HOLDER_PROFIT_YOY":-124.0747795001,"GROSS_PROFIT_RATIO":13.097511153859,"EPS_TTM":0.067165483077,"OPERATE_INCOME_QOQ":0,"NET_PROFIT_RATIO":-1.4463908477,"ROE_AVG":-1.249754718904,"GROSS_PROFIT_QOQ":0,"ROA":-0.579933155222,"HOLDER_PROFIT_QOQ":0,"ROE_YEARLY":-2.499509437808,"ROIC_YEARLY":-1.267666970494,"TOTAL_ASSETS":1116892705.66,"TOTAL_LIABILITIES":571529976.66,"TAX_EBT":14.141699641982,"OCF_SALES":1.746683998597,"TOTAL_PARENT_EQUITY":546779764.06,"DEBT_ASSET_RATIO":51.1714306812,"OPERATE_PROFIT":3120642.76,"PRETAX_PROFIT":-8842098.84,"NETCASH_OPERATE":6503699.42,"NETCASH_INVEST":22896654.1,"NETCASH_FINANCE":-89432323.24,"END_CASH":74268132.06,"DIVI_RATIO":null,"DIVIDEND_RATE":null,"CURRENT_RATIO":1.373105845469,"COMMON_ACS":2000000000,"CURRENTDEBT_DEBT":64.159017929893,"ISSUED_COMMON_SHARES":331084000,"HK_COMMON_SHARES":331084000,"PER_SHARES":2000,"TOTAL_MARKET_CAP":65885716,"HKSK_MARKET_CAP":65885716,"PE_TTM":-4.722990394265,"PB_TTM":0.129366000585,"REPORT_DATE_SQ":"2020-06-30 00:00:00","REPORT_TYPE_SQ":"2020年中报","OPERATE_INCOME_SQ":477488539.52,"DPS_HKD":null,"OPERATE_INCOME_QOQ_SQ":0,"NET_PROFIT_RATIO_SQ":6.2739353431,"HOLDER_PROFIT_SQ":29988077.44,"HOLDER_PROFIT_QOQ_SQ":0,"ROE_AVG_SQ":5.504203916989,"PE_TTM_SQ":-0.935599381284,"PB_TTM_SQ":0.123703760513,"ROA_SQ":2.63255842298,"START_DATE":"2021-04-01 00:00:00","FISCAL_YEAR":"3-31","CURRENCY":"HKD","IS_CNY_CODE":0,"DPS_HKD_LY":null,"ORG_TYPE":"一般企业","PREMIUM_INCOME":null,"PREMIUM_INCOME_YOY":null,"NET_INTEREST_INCOME":null,"NET_INTEREST_INCOME_YOY":null,"FEE_COMMISSION_INCOME":null,"FEE_COMMISSION_INCOME_YOY":null,"ACCOUNTS_RECE_TDAYS":2.047617886932,"INVENTORY_TDAYS":4.807660224609,"CURRENT_ASSETS_TDAYS":0.982008871654,"TOTAL_ASSETS_TDAYS":0.444726709324,"PREMIUM_EXPENSE":null,"LOAN_DEPOSIT":null,"LOAN_EQUITY":null,"LOAN_ASSETS":null,"DEPOSIT_EQUITY":null,"DEPOSIT_ASSETS":null,"EQUITY_MULTIPLIER":2.047981364088,"EQUITY_RATIO":1.04526541439},{"SECUCODE":"00794.HK","SECURITY_CODE":"00794","SECURITY_NAME_ABBR":"锦胜集团(控股)","ORG_CODE":"10124230","STD_REPORT_DATE":"2020-12-31 00:00:00","REPORT_DATE":"2021-03-31 00:00:00","DATE_TYPE_CODE":"001","REPORT_TYPE":"2020年年报","PER_NETCASH_OPERATE":0.033907188723,"PER_OI":2.953904812801,"BPS":1.680912212792,"BASIC_EPS":0.066853738,"DILUTED_EPS":0.066853738,"OPERATE_INCOME":1015723801.12,"OPERATE_INCOME_YOY":18.9116343592,"GROSS_PROFIT":191341990.56,"GROSS_PROFIT_YOY":2.951393146072,"HOLDER_PROFIT":23095388.68,"HOLDER_PROFIT_YOY":128.1158694382,"GROSS_PROFIT_RATIO":18.837994181983,"EPS_TTM":0.049681098971,"OPERATE_INCOME_QOQ":0,"NET_PROFIT_RATIO":2.3845383197,"ROE_AVG":4.360359124067,"GROSS_PROFIT_QOQ":0,"ROA":2.068649393603,"HOLDER_PROFIT_QOQ":0,"ROE_YEARLY":4.360359124067,"ROIC_YEARLY":2.355463246421,"TOTAL_ASSETS":1261616244.42,"TOTAL_LIABILITIES":709371406.52,"TAX_EBT":-0.43106469475,"OCF_SALES":1.147876823123,"TOTAL_PARENT_EQUITY":556523139.06,"DEBT_ASSET_RATIO":56.2271934637,"OPERATE_PROFIT":40480741.28,"PRETAX_PROFIT":24116366.12,"NETCASH_OPERATE":11659258.1,"NETCASH_INVEST":-41576939.74,"NETCASH_FINANCE":11048192.96,"END_CASH":134014276.34,"DIVI_RATIO":null,"DIVIDEND_RATE":null,"CURRENT_RATIO":1.151545996492,"COMMON_ACS":2000000000,"CURRENTDEBT_DEBT":70.230926685365,"ISSUED_COMMON_SHARES":331084000,"HK_COMMON_SHARES":331084000,"PER_SHARES":2000,"TOTAL_MARKET_CAP":65885716,"HKSK_MARKET_CAP":65885716,"PE_TTM":-4.722990394265,"PB_TTM":0.129366000585,"REPORT_DATE_SQ":"2019-12-31 00:00:00","REPORT_TYPE_SQ":"2019年年报","OPERATE_INCOME_SQ":923433646.1,"DPS_HKD":null,"OPERATE_INCOME_QOQ_SQ":0,"NET_PROFIT_RATIO_SQ":1.1913089854,"HOLDER_PROFIT_SQ":10945212.3,"HOLDER_PROFIT_QOQ_SQ":0,"ROE_AVG_SQ":1.93991902834,"PE_TTM_SQ":-0.935599381284,"PB_TTM_SQ":0.123703760513,"ROA_SQ":1.014353280983,"START_DATE":"2020-04-01 00:00:00","FISCAL_YEAR":"3-31","CURRENCY":"HKD","IS_CNY_CODE":0,"DPS_HKD_LY":null,"ORG_TYPE":"一般企业","PREMIUM_INCOME":null,"PREMIUM_INCOME_YOY":null,"NET_INTEREST_INCOME":null,"NET_INTEREST_INCOME_YOY":null,"FEE_COMMISSION_INCOME":null,"FEE_COMMISSION_INCOME_YOY":null,"ACCOUNTS_RECE_TDAYS":4.451241441765,"INVENTORY_TDAYS":9.166701125876,"CURRENT_ASSETS_TDAYS":1.934207423895,"TOTAL_ASSETS_TDAYS":0.909781798595,"PREMIUM_EXPENSE":null,"LOAN_DEPOSIT":null,"LOAN_EQUITY":null,"LOAN_ASSETS":null,"DEPOSIT_EQUITY":null,"DEPOSIT_ASSETS":null,"EQUITY_MULTIPLIER":2.284523381362,"EQUITY_RATIO":1.274648539714},{"SECUCODE":"00794.HK","SECURITY_CODE":"00794","SECURITY_NAME_ABBR":"锦胜集团(控股)","ORG_CODE":"10124230","STD_REPORT_DATE":"2020-06-30 00:00:00","REPORT_DATE":"2020-09-30 00:00:00","DATE_TYPE_CODE":"002","REPORT_TYPE":"2020年中报","PER_NETCASH_OPERATE":0.134750116618,"PER_OI":1.388621289951,"BPS":1.712188112262,"BASIC_EPS":0.086202432,"DILUTED_EPS":0.086202432,"OPERATE_INCOME":477488539.52,"OPERATE_INCOME_YOY":1.7824397097,"GROSS_PROFIT":108987641.6,"GROSS_PROFIT_YOY":-1.14578377942,"HOLDER_PROFIT":29988077.44,"HOLDER_PROFIT_YOY":29.0684921145,"GROSS_PROFIT_RATIO":22.825184811673,"EPS_TTM":0.03151896371,"OPERATE_INCOME_QOQ":0,"NET_PROFIT_RATIO":6.2739353431,"ROE_AVG":5.504203916989,"GROSS_PROFIT_QOQ":0,"ROA":2.63255842298,"HOLDER_PROFIT_QOQ":0,"ROE_YEARLY":11.008407833979,"ROIC_YEARLY":6.080610359506,"TOTAL_ASSETS":1268422654.08,"TOTAL_LIABILITIES":708147267.2,"TAX_EBT":22.199908717481,"OCF_SALES":9.70387805466,"TOTAL_PARENT_EQUITY":566878088.96,"DEBT_ASSET_RATIO":55.8289671761,"OPERATE_PROFIT":43276081.28,"PRETAX_PROFIT":38505510.4,"NETCASH_OPERATE":46334905.6,"NETCASH_INVEST":-38929053.44,"NETCASH_FINANCE":-847964.8,"END_CASH":164352273.92,"DIVI_RATIO":null,"DIVIDEND_RATE":null,"CURRENT_RATIO":1.186604293577,"COMMON_ACS":2000000000,"CURRENTDEBT_DEBT":74.696637857759,"ISSUED_COMMON_SHARES":331084000,"HK_COMMON_SHARES":331084000,"PER_SHARES":2000,"TOTAL_MARKET_CAP":65885716,"HKSK_MARKET_CAP":65885716,"PE_TTM":-4.722990394265,"PB_TTM":0.129366000585,"REPORT_DATE_SQ":"2019-06-30 00:00:00","REPORT_TYPE_SQ":"2019年中报","OPERATE_INCOME_SQ":481560588.75,"DPS_HKD":null,"OPERATE_INCOME_QOQ_SQ":0,"NET_PROFIT_RATIO_SQ":4.9309295247,"HOLDER_PROFIT_SQ":23850046.41,"HOLDER_PROFIT_QOQ_SQ":0,"ROE_AVG_SQ":4.160493953429,"PE_TTM_SQ":-0.935599381284,"PB_TTM_SQ":0.123703760513,"ROA_SQ":2.151285637457,"START_DATE":"2020-04-01 00:00:00","FISCAL_YEAR":"3-31","CURRENCY":"HKD","IS_CNY_CODE":0,"DPS_HKD_LY":null,"ORG_TYPE":"一般企业","PREMIUM_INCOME":null,"PREMIUM_INCOME_YOY":null,"NET_INTEREST_INCOME":null,"NET_INTEREST_INCOME_YOY":null,"FEE_COMMISSION_INCOME":null,"FEE_COMMISSION_INCOME_YOY":null,"ACCOUNTS_RECE_TDAYS":2.19260900179,"INVENTORY_TDAYS":3.488308836374,"CURRENT_ASSETS_TDAYS":0.850261388512,"TOTAL_ASSETS_TDAYS":0.419172079005,"PREMIUM_EXPENSE":null,"LOAN_DEPOSIT":null,"LOAN_EQUITY":null,"LOAN_ASSETS":null,"DEPOSIT_EQUITY":null,"DEPOSIT_ASSETS":null,"EQUITY_MULTIPLIER":2.263927139732,"EQUITY_RATIO":1.249205571694}],"count":37},"success":true,"message":"ok","code":0}