{"version":"06fc0c5074ae032c5f4617fa53f52a12","result":{"pages":4,"data":[{"SECUCODE":"00798.HK","SECURITY_CODE":"00798","SECURITY_NAME_ABBR":"中电光谷","ORG_CODE":"10388514","STD_REPORT_DATE":"2024-06-30 00:00:00","REPORT_DATE":"2024-06-30 00:00:00","DATE_TYPE_CODE":"002","REPORT_TYPE":"2024年中报","PER_NETCASH_OPERATE":-0.044242367608,"PER_OI":0.194235765124,"BPS":1.052414139752,"BASIC_EPS":0.0024,"DILUTED_EPS":0.0024,"OPERATE_INCOME":1459162000,"OPERATE_INCOME_YOY":-33.7745753465,"GROSS_PROFIT":363097000,"GROSS_PROFIT_YOY":-37.024427300856,"HOLDER_PROFIT":17614000,"HOLDER_PROFIT_YOY":-78.4835640033,"GROSS_PROFIT_RATIO":24.883940234189,"EPS_TTM":0.058898018776,"OPERATE_INCOME_QOQ":-14.254497030584,"NET_PROFIT_RATIO":0.2194410216,"ROE_AVG":0.220562058843,"GROSS_PROFIT_QOQ":-13.707006483942,"ROA":0.072972550344,"HOLDER_PROFIT_QOQ":-12.679639241381,"ROE_YEARLY":0.441124117686,"ROIC_YEARLY":0.165058222053,"TOTAL_ASSETS":24803719000,"TOTAL_LIABILITIES":16041041000,"TAX_EBT":90.9414959828,"OCF_SALES":-22.777662795495,"TOTAL_PARENT_EQUITY":7906076000,"DEBT_ASSET_RATIO":64.6719187554,"OPERATE_PROFIT":127670000,"PRETAX_PROFIT":35348000,"NETCASH_OPERATE":-332363000,"NETCASH_INVEST":-3305000,"NETCASH_FINANCE":409195000,"END_CASH":1962732000,"DIVI_RATIO":0.384656402219,"DIVIDEND_RATE":10.460251046025,"CURRENT_RATIO":1.294725057051,"COMMON_ACS":10000000000,"CURRENTDEBT_DEBT":66.121986721435,"ISSUED_COMMON_SHARES":7512324000,"HK_COMMON_SHARES":7512324000,"PER_SHARES":4000,"TOTAL_MARKET_CAP":1795445436,"HKSK_MARKET_CAP":1795445436,"PE_TTM":3.666751838878,"PB_TTM":0.207266808532,"REPORT_DATE_SQ":"2023-06-30 00:00:00","REPORT_TYPE_SQ":"2023年中报","OPERATE_INCOME_SQ":2203326000,"DPS_HKD":0.025,"OPERATE_INCOME_QOQ_SQ":10.786655716501,"NET_PROFIT_RATIO_SQ":1.7816700752,"HOLDER_PROFIT_SQ":81863000,"HOLDER_PROFIT_QOQ_SQ":-7.010936576066,"ROE_AVG_SQ":1.063385024344,"PE_TTM_SQ":4.787005136492,"PB_TTM_SQ":0.316967494148,"ROA_SQ":0.359744445786,"START_DATE":"2024-01-01 00:00:00","FISCAL_YEAR":"12-31","CURRENCY":"HKD","IS_CNY_CODE":0,"DPS_HKD_LY":0.025,"ORG_TYPE":"一般企业","PREMIUM_INCOME":null,"PREMIUM_INCOME_YOY":null,"NET_INTEREST_INCOME":null,"NET_INTEREST_INCOME_YOY":null,"FEE_COMMISSION_INCOME":null,"FEE_COMMISSION_INCOME_YOY":null,"ACCOUNTS_RECE_TDAYS":0.400134972288,"INVENTORY_TDAYS":0.173107401561,"CURRENT_ASSETS_TDAYS":0.111082508278,"TOTAL_ASSETS_TDAYS":0.060451216365,"PREMIUM_EXPENSE":null,"LOAN_DEPOSIT":null,"LOAN_EQUITY":null,"LOAN_ASSETS":null,"DEPOSIT_EQUITY":null,"DEPOSIT_ASSETS":null,"EQUITY_MULTIPLIER":2.830609432413,"EQUITY_RATIO":2.028951024503},{"SECUCODE":"00798.HK","SECURITY_CODE":"00798","SECURITY_NAME_ABBR":"中电光谷","ORG_CODE":"10388514","STD_REPORT_DATE":"2023-12-31 00:00:00","REPORT_DATE":"2023-12-31 00:00:00","DATE_TYPE_CODE":"001","REPORT_TYPE":"2023年年报","PER_NETCASH_OPERATE":0.053692117821,"PER_OI":0.689241271068,"BPS":1.073681859302,"BASIC_EPS":0.067,"DILUTED_EPS":0.067,"OPERATE_INCOME":5220556000,"OPERATE_INCOME_YOY":-5.4795730884,"GROSS_PROFIT":1557386000,"GROSS_PROFIT_YOY":-0.152138888123,"HOLDER_PROFIT":506710000,"HOLDER_PROFIT_YOY":-5.4805993759,"GROSS_PROFIT_RATIO":29.831803355811,"EPS_TTM":0.066898132012,"OPERATE_INCOME_QOQ":-14.682480213591,"NET_PROFIT_RATIO":10.0915496357,"ROE_AVG":6.408167691622,"GROSS_PROFIT_QOQ":-4.78965991984,"ROA":2.210222130138,"HOLDER_PROFIT_QOQ":1.645717403602,"ROE_YEARLY":6.408167691622,"ROIC_YEARLY":2.551532756349,"TOTAL_ASSETS":23471968000,"TOTAL_LIABILITIES":14575212000,"TAX_EBT":46.343930076568,"OCF_SALES":7.790032326059,"TOTAL_PARENT_EQUITY":8065846000,"DEBT_ASSET_RATIO":62.0962503016,"OPERATE_PROFIT":1253710000,"PRETAX_PROFIT":981874000,"NETCASH_OPERATE":406683000,"NETCASH_INVEST":-104581000,"NETCASH_FINANCE":-667149000,"END_CASH":1889193000,"DIVI_RATIO":0.338656690683,"DIVIDEND_RATE":10.04016064257,"CURRENT_RATIO":1.403890796599,"COMMON_ACS":10000000000,"CURRENTDEBT_DEBT":61.27931449642,"ISSUED_COMMON_SHARES":7512324000,"HK_COMMON_SHARES":7512324000,"PER_SHARES":4000,"TOTAL_MARKET_CAP":1870568676,"HKSK_MARKET_CAP":1870568676,"PE_TTM":3.820172417911,"PB_TTM":0.215939059935,"REPORT_DATE_SQ":"2022-12-31 00:00:00","REPORT_TYPE_SQ":"2022年年报","OPERATE_INCOME_SQ":5523204000,"DPS_HKD":0.025,"OPERATE_INCOME_QOQ_SQ":21.726616041314,"NET_PROFIT_RATIO_SQ":9.4579885154,"HOLDER_PROFIT_SQ":536091000,"HOLDER_PROFIT_QOQ_SQ":-17.583674498476,"ROE_AVG_SQ":7.081744532048,"PE_TTM_SQ":5.929737637867,"PB_TTM_SQ":0.392632559699,"ROA_SQ":2.454221657155,"START_DATE":"2023-01-01 00:00:00","FISCAL_YEAR":"12-31","CURRENCY":"HKD","IS_CNY_CODE":0,"DPS_HKD_LY":0.025,"ORG_TYPE":"一般企业","PREMIUM_INCOME":null,"PREMIUM_INCOME_YOY":null,"NET_INTEREST_INCOME":null,"NET_INTEREST_INCOME_YOY":null,"FEE_COMMISSION_INCOME":null,"FEE_COMMISSION_INCOME_YOY":null,"ACCOUNTS_RECE_TDAYS":1.834702477744,"INVENTORY_TDAYS":0.575403814438,"CURRENT_ASSETS_TDAYS":0.419267868416,"TOTAL_ASSETS_TDAYS":0.227715821729,"PREMIUM_EXPENSE":null,"LOAN_DEPOSIT":null,"LOAN_EQUITY":null,"LOAN_ASSETS":null,"DEPOSIT_EQUITY":null,"DEPOSIT_ASSETS":null,"EQUITY_MULTIPLIER":2.638261406739,"EQUITY_RATIO":1.807028301805},{"SECUCODE":"00798.HK","SECURITY_CODE":"00798","SECURITY_NAME_ABBR":"中电光谷","ORG_CODE":"10388514","STD_REPORT_DATE":"2023-06-30 00:00:00","REPORT_DATE":"2023-06-30 00:00:00","DATE_TYPE_CODE":"002","REPORT_TYPE":"2023年中报","PER_NETCASH_OPERATE":-0.077145741312,"PER_OI":0.290893003124,"BPS":1.018063384913,"BASIC_EPS":0.0108,"DILUTED_EPS":0.0108,"OPERATE_INCOME":2203326000,"OPERATE_INCOME_YOY":37.0605210266,"GROSS_PROFIT":576568000,"GROSS_PROFIT_YOY":15.176539917498,"HOLDER_PROFIT":81863000,"HOLDER_PROFIT_YOY":-31.4655749782,"GROSS_PROFIT_RATIO":26.16807499208,"EPS_TTM":0.065815003052,"OPERATE_INCOME_QOQ":10.786655716501,"NET_PROFIT_RATIO":1.7816700752,"ROE_AVG":1.063385024344,"GROSS_PROFIT_QOQ":4.87081658128,"ROA":0.359744445786,"HOLDER_PROFIT_QOQ":-7.010936576066,"ROE_YEARLY":2.126770048688,"ROIC_YEARLY":0.832058889641,"TOTAL_ASSETS":23132220000,"TOTAL_LIABILITIES":14391623000,"TAX_EBT":78.638980486902,"OCF_SALES":-26.520315196208,"TOTAL_PARENT_EQUITY":7648022000,"DEBT_ASSET_RATIO":62.2146209918,"OPERATE_PROFIT":352107000,"PRETAX_PROFIT":183774000,"NETCASH_OPERATE":-584329000,"NETCASH_INVEST":-12907000,"NETCASH_FINANCE":4011000,"END_CASH":1661004000,"DIVI_RATIO":0.34423002278,"DIVIDEND_RATE":10.04016064257,"CURRENT_RATIO":1.452375453033,"COMMON_ACS":10000000000,"CURRENTDEBT_DEBT":63.446304839975,"ISSUED_COMMON_SHARES":7512324000,"HK_COMMON_SHARES":7512324000,"PER_SHARES":4000,"TOTAL_MARKET_CAP":1870568676,"HKSK_MARKET_CAP":1870568676,"PE_TTM":3.820172417911,"PB_TTM":0.215939059935,"REPORT_DATE_SQ":"2022-06-30 00:00:00","REPORT_TYPE_SQ":"2022年中报","OPERATE_INCOME_SQ":1607557000,"DPS_HKD":0.025,"OPERATE_INCOME_QOQ_SQ":0.150444712451,"NET_PROFIT_RATIO_SQ":4.5462773637,"HOLDER_PROFIT_SQ":119448000,"HOLDER_PROFIT_QOQ_SQ":1.603241471846,"ROE_AVG_SQ":1.620937901637,"PE_TTM_SQ":5.929737637867,"PB_TTM_SQ":0.392632559699,"ROA_SQ":0.544575666557,"START_DATE":"2023-01-01 00:00:00","FISCAL_YEAR":"12-31","CURRENCY":"HKD","IS_CNY_CODE":0,"DPS_HKD_LY":0.025,"ORG_TYPE":"一般企业","PREMIUM_INCOME":null,"PREMIUM_INCOME_YOY":null,"NET_INTEREST_INCOME":null,"NET_INTEREST_INCOME_YOY":null,"FEE_COMMISSION_INCOME":null,"FEE_COMMISSION_INCOME_YOY":null,"ACCOUNTS_RECE_TDAYS":0.867789072202,"INVENTORY_TDAYS":0.230047873197,"CURRENT_ASSETS_TDAYS":0.171961565604,"TOTAL_ASSETS_TDAYS":0.096824486124,"PREMIUM_EXPENSE":null,"LOAN_DEPOSIT":null,"LOAN_EQUITY":null,"LOAN_ASSETS":null,"DEPOSIT_EQUITY":null,"DEPOSIT_ASSETS":null,"EQUITY_MULTIPLIER":2.646526318508,"EQUITY_RATIO":1.881744456279},{"SECUCODE":"00798.HK","SECURITY_CODE":"00798","SECURITY_NAME_ABBR":"中电光谷","ORG_CODE":"10388514","STD_REPORT_DATE":"2022-12-31 00:00:00","REPORT_DATE":"2022-12-31 00:00:00","DATE_TYPE_CODE":"001","REPORT_TYPE":"2022年年报","PER_NETCASH_OPERATE":0.025717051439,"PER_OI":0.729198220521,"BPS":1.031459638855,"BASIC_EPS":0.0708,"DILUTED_EPS":0.0708,"OPERATE_INCOME":5523204000,"OPERATE_INCOME_YOY":21.9097472988,"GROSS_PROFIT":1559759000,"GROSS_PROFIT_YOY":20.169573139491,"HOLDER_PROFIT":536091000,"HOLDER_PROFIT_YOY":-16.2623417885,"GROSS_PROFIT_RATIO":28.240112079873,"EPS_TTM":0.070777143708,"OPERATE_INCOME_QOQ":21.726616041314,"NET_PROFIT_RATIO":9.4579885154,"ROE_AVG":7.081744532048,"GROSS_PROFIT_QOQ":15.271980442122,"ROA":2.454221657155,"HOLDER_PROFIT_QOQ":-17.583674498476,"ROE_YEARLY":7.081744532048,"ROIC_YEARLY":2.899705110563,"TOTAL_ASSETS":22379532000,"TOTAL_LIABILITIES":13502768000,"TAX_EBT":47.28388658019,"OCF_SALES":3.526757295222,"TOTAL_PARENT_EQUITY":7748659000,"DEBT_ASSET_RATIO":60.3353457079,"OPERATE_PROFIT":1334250000,"PRETAX_PROFIT":990938000,"NETCASH_OPERATE":194790000,"NETCASH_INVEST":-19426000,"NETCASH_FINANCE":-77338000,"END_CASH":2254209000,"DIVI_RATIO":0.320096274207,"DIVIDEND_RATE":10.04016064257,"CURRENT_RATIO":1.424326207646,"COMMON_ACS":10000000000,"CURRENTDEBT_DEBT":64.288692511047,"ISSUED_COMMON_SHARES":7512324000,"HK_COMMON_SHARES":7512324000,"PER_SHARES":4000,"TOTAL_MARKET_CAP":1870568676,"HKSK_MARKET_CAP":1870568676,"PE_TTM":3.820172417911,"PB_TTM":0.215939059935,"REPORT_DATE_SQ":"2021-12-31 00:00:00","REPORT_TYPE_SQ":"2021年年报","OPERATE_INCOME_SQ":4530568000,"DPS_HKD":0.025,"OPERATE_INCOME_QOQ_SQ":21.589493408421,"NET_PROFIT_RATIO_SQ":13.5217041219,"HOLDER_PROFIT_SQ":640203000,"HOLDER_PROFIT_QOQ_SQ":41.194256980283,"ROE_AVG_SQ":8.97131504821,"PE_TTM_SQ":5.929737637867,"PB_TTM_SQ":0.392632559699,"ROA_SQ":3.143353558082,"START_DATE":"2022-01-01 00:00:00","FISCAL_YEAR":"12-31","CURRENCY":"HKD","IS_CNY_CODE":0,"DPS_HKD_LY":0.025,"ORG_TYPE":"一般企业","PREMIUM_INCOME":null,"PREMIUM_INCOME_YOY":null,"NET_INTEREST_INCOME":null,"NET_INTEREST_INCOME_YOY":null,"FEE_COMMISSION_INCOME":null,"FEE_COMMISSION_INCOME_YOY":null,"ACCOUNTS_RECE_TDAYS":2.617768698842,"INVENTORY_TDAYS":0.592773743266,"CURRENT_ASSETS_TDAYS":0.44749299547,"TOTAL_ASSETS_TDAYS":0.252851976133,"PREMIUM_EXPENSE":null,"LOAN_DEPOSIT":null,"LOAN_EQUITY":null,"LOAN_ASSETS":null,"DEPOSIT_EQUITY":null,"DEPOSIT_ASSETS":null,"EQUITY_MULTIPLIER":2.521136305981,"EQUITY_RATIO":1.742594170165},{"SECUCODE":"00798.HK","SECURITY_CODE":"00798","SECURITY_NAME_ABBR":"中电光谷","ORG_CODE":"10388514","STD_REPORT_DATE":"2022-06-30 00:00:00","REPORT_DATE":"2022-06-30 00:00:00","DATE_TYPE_CODE":"002","REPORT_TYPE":"2022年中报","PER_NETCASH_OPERATE":-0.084238757322,"PER_OI":0.212236901586,"BPS":0.977954358731,"BASIC_EPS":0.0158,"DILUTED_EPS":0.0158,"OPERATE_INCOME":1607557000,"OPERATE_INCOME_YOY":0.4258028001,"GROSS_PROFIT":500595000,"GROSS_PROFIT_YOY":12.380120687488,"HOLDER_PROFIT":119448000,"HOLDER_PROFIT_YOY":9.4006447831,"GROSS_PROFIT_RATIO":31.140108873278,"EPS_TTM":0.085877577382,"OPERATE_INCOME_QOQ":0.150444712451,"NET_PROFIT_RATIO":4.5462773637,"ROE_AVG":1.620937901637,"GROSS_PROFIT_QOQ":4.248727816235,"ROA":0.544575666557,"HOLDER_PROFIT_QOQ":1.603241471846,"ROE_YEARLY":3.241875803273,"ROIC_YEARLY":1.291819294328,"TOTAL_ASSETS":22560564000,"TOTAL_LIABILITIES":14151254000,"TAX_EBT":59.069194365882,"OCF_SALES":-39.690909871314,"TOTAL_PARENT_EQUITY":7346710000,"DEBT_ASSET_RATIO":62.7256215758,"OPERATE_PROFIT":332462000,"PRETAX_PROFIT":178555000,"NETCASH_OPERATE":-638054000,"NETCASH_INVEST":80122000,"NETCASH_FINANCE":889033000,"END_CASH":2485739000,"DIVI_RATIO":0.263811587269,"DIVIDEND_RATE":10.04016064257,"CURRENT_RATIO":1.427133577722,"COMMON_ACS":10000000000,"CURRENTDEBT_DEBT":64.607786702154,"ISSUED_COMMON_SHARES":7512324000,"HK_COMMON_SHARES":7512324000,"PER_SHARES":4000,"TOTAL_MARKET_CAP":1870568676,"HKSK_MARKET_CAP":1870568676,"PE_TTM":3.820172417911,"PB_TTM":0.215939059935,"REPORT_DATE_SQ":"2021-06-30 00:00:00","REPORT_TYPE_SQ":"2021年中报","OPERATE_INCOME_SQ":1600741000,"DPS_HKD":0.025,"OPERATE_INCOME_QOQ_SQ":22.223184406836,"NET_PROFIT_RATIO_SQ":4.3391779182,"HOLDER_PROFIT_SQ":109184000,"HOLDER_PROFIT_QOQ_SQ":-2.351725029074,"ROE_AVG_SQ":1.587868535468,"PE_TTM_SQ":5.929737637867,"PB_TTM_SQ":0.392632559699,"ROA_SQ":0.565128827753,"START_DATE":"2022-01-01 00:00:00","FISCAL_YEAR":"12-31","CURRENCY":"HKD","IS_CNY_CODE":0,"DPS_HKD_LY":0.025,"ORG_TYPE":"一般企业","PREMIUM_INCOME":null,"PREMIUM_INCOME_YOY":null,"NET_INTEREST_INCOME":null,"NET_INTEREST_INCOME_YOY":null,"FEE_COMMISSION_INCOME":null,"FEE_COMMISSION_INCOME_YOY":null,"ACCOUNTS_RECE_TDAYS":0.857220863189,"INVENTORY_TDAYS":0.155005389668,"CURRENT_ASSETS_TDAYS":0.12673453116,"TOTAL_ASSETS_TDAYS":0.073290170183,"PREMIUM_EXPENSE":null,"LOAN_DEPOSIT":null,"LOAN_EQUITY":null,"LOAN_ASSETS":null,"DEPOSIT_EQUITY":null,"DEPOSIT_ASSETS":null,"EQUITY_MULTIPLIER":2.682807983059,"EQUITY_RATIO":1.926202885373},{"SECUCODE":"00798.HK","SECURITY_CODE":"00798","SECURITY_NAME_ABBR":"中电光谷","ORG_CODE":"10388514","STD_REPORT_DATE":"2021-12-31 00:00:00","REPORT_DATE":"2021-12-31 00:00:00","DATE_TYPE_CODE":"001","REPORT_TYPE":"2021年年报","PER_NETCASH_OPERATE":0.020553573428,"PER_OI":0.598145953608,"BPS":0.98390644493,"BASIC_EPS":0.0845,"DILUTED_EPS":0.0845,"OPERATE_INCOME":4530568000,"OPERATE_INCOME_YOY":48.6105507479,"GROSS_PROFIT":1297965000,"GROSS_PROFIT_YOY":38.403834465403,"HOLDER_PROFIT":640203000,"HOLDER_PROFIT_YOY":37.8737562993,"GROSS_PROFIT_RATIO":28.649056807005,"EPS_TTM":0.084522477962,"OPERATE_INCOME_QOQ":21.589493408421,"NET_PROFIT_RATIO":13.5217041219,"ROE_AVG":8.97131504821,"GROSS_PROFIT_QOQ":13.731175361904,"ROA":3.143353558082,"HOLDER_PROFIT_QOQ":41.194256980283,"ROE_YEARLY":8.97131504821,"ROIC_YEARLY":3.750132897128,"TOTAL_ASSETS":21307720000,"TOTAL_LIABILITIES":12802397000,"TAX_EBT":43.532159689109,"OCF_SALES":3.436213737439,"TOTAL_PARENT_EQUITY":7391424000,"DEBT_ASSET_RATIO":60.0833735379,"OPERATE_PROFIT":1178525000,"PRETAX_PROFIT":1084883000,"NETCASH_OPERATE":155680000,"NETCASH_INVEST":305797000,"NETCASH_FINANCE":-430676000,"END_CASH":2155136000,"DIVI_RATIO":0.268041124043,"DIVIDEND_RATE":10.04016064257,"CURRENT_RATIO":1.349781645563,"COMMON_ACS":10000000000,"CURRENTDEBT_DEBT":71.299530861291,"ISSUED_COMMON_SHARES":7512324000,"HK_COMMON_SHARES":7512324000,"PER_SHARES":4000,"TOTAL_MARKET_CAP":1870568676,"HKSK_MARKET_CAP":1870568676,"PE_TTM":3.820172417911,"PB_TTM":0.215939059935,"REPORT_DATE_SQ":"2020-12-31 00:00:00","REPORT_TYPE_SQ":"2020年年报","OPERATE_INCOME_SQ":3048618000,"DPS_HKD":0.025,"OPERATE_INCOME_QOQ_SQ":-3.434874039415,"NET_PROFIT_RATIO_SQ":17.7282952472,"HOLDER_PROFIT_SQ":464340000,"HOLDER_PROFIT_QOQ_SQ":-15.292237584532,"ROE_AVG_SQ":6.884699447151,"PE_TTM_SQ":5.929737637867,"PB_TTM_SQ":0.392632559699,"ROA_SQ":2.507130979938,"START_DATE":"2021-01-01 00:00:00","FISCAL_YEAR":"12-31","CURRENCY":"HKD","IS_CNY_CODE":0,"DPS_HKD_LY":0.02,"ORG_TYPE":"一般企业","PREMIUM_INCOME":null,"PREMIUM_INCOME_YOY":null,"NET_INTEREST_INCOME":null,"NET_INTEREST_INCOME_YOY":null,"FEE_COMMISSION_INCOME":null,"FEE_COMMISSION_INCOME_YOY":null,"ACCOUNTS_RECE_TDAYS":2.33596805745,"INVENTORY_TDAYS":0.506289933178,"CURRENT_ASSETS_TDAYS":0.387389264275,"TOTAL_ASSETS_TDAYS":0.222447833624,"PREMIUM_EXPENSE":null,"LOAN_DEPOSIT":null,"LOAN_EQUITY":null,"LOAN_ASSETS":null,"DEPOSIT_EQUITY":null,"DEPOSIT_ASSETS":null,"EQUITY_MULTIPLIER":2.505221729971,"EQUITY_RATIO":1.732060966872},{"SECUCODE":"00798.HK","SECURITY_CODE":"00798","SECURITY_NAME_ABBR":"中电光谷","ORG_CODE":"10388514","STD_REPORT_DATE":"2021-06-30 00:00:00","REPORT_DATE":"2021-06-30 00:00:00","DATE_TYPE_CODE":"002","REPORT_TYPE":"2021年中报","PER_NETCASH_OPERATE":-0.03717294892,"PER_OI":0.211337022626,"BPS":0.914693508959,"BASIC_EPS":0.0144,"DILUTED_EPS":0.0144,"OPERATE_INCOME":1600741000,"OPERATE_INCOME_YOY":73.3827895425,"GROSS_PROFIT":445448000,"GROSS_PROFIT_YOY":84.068660873302,"HOLDER_PROFIT":109184000,"HOLDER_PROFIT_YOY":-9.0921201625,"GROSS_PROFIT_RATIO":27.827612337036,"EPS_TTM":0.059862546657,"OPERATE_INCOME_QOQ":22.223184406836,"NET_PROFIT_RATIO":4.3391779182,"ROE_AVG":1.587868535468,"GROSS_PROFIT_QOQ":21.693839903605,"ROA":0.565128827753,"HOLDER_PROFIT_QOQ":-2.351725029074,"ROE_YEARLY":3.175737070936,"ROIC_YEARLY":1.330397014161,"TOTAL_ASSETS":19214356000,"TOTAL_LIABILITIES":11245103000,"TAX_EBT":60.702343975423,"OCF_SALES":-17.589416401529,"TOTAL_PARENT_EQUITY":6871474000,"DEBT_ASSET_RATIO":58.5244855461,"OPERATE_PROFIT":309672000,"PRETAX_PROFIT":176751000,"NETCASH_OPERATE":-281561000,"NETCASH_INVEST":94278000,"NETCASH_FINANCE":-519017000,"END_CASH":1417986000,"DIVI_RATIO":0.378458673495,"DIVIDEND_RATE":10.04016064257,"CURRENT_RATIO":1.355650531327,"COMMON_ACS":10000000000,"CURRENTDEBT_DEBT":71.70329164615,"ISSUED_COMMON_SHARES":7512324000,"HK_COMMON_SHARES":7512324000,"PER_SHARES":4000,"TOTAL_MARKET_CAP":1870568676,"HKSK_MARKET_CAP":1870568676,"PE_TTM":3.820172417911,"PB_TTM":0.215939059935,"REPORT_DATE_SQ":"2020-06-30 00:00:00","REPORT_TYPE_SQ":"2020年中报","OPERATE_INCOME_SQ":923241000,"DPS_HKD":0.025,"OPERATE_INCOME_QOQ_SQ":-6.509173449338,"NET_PROFIT_RATIO_SQ":11.1513678444,"HOLDER_PROFIT_SQ":120104000,"HOLDER_PROFIT_QOQ_SQ":-3.707366601554,"ROE_AVG_SQ":1.824866372115,"PE_TTM_SQ":5.929737637867,"PB_TTM_SQ":0.392632559699,"ROA_SQ":0.670060279706,"START_DATE":"2021-01-01 00:00:00","FISCAL_YEAR":"12-31","CURRENCY":"HKD","IS_CNY_CODE":0,"DPS_HKD_LY":0.02,"ORG_TYPE":"一般企业","PREMIUM_INCOME":null,"PREMIUM_INCOME_YOY":null,"NET_INTEREST_INCOME":null,"NET_INTEREST_INCOME_YOY":null,"FEE_COMMISSION_INCOME":null,"FEE_COMMISSION_INCOME_YOY":null,"ACCOUNTS_RECE_TDAYS":0.864471493477,"INVENTORY_TDAYS":0.184983456986,"CURRENT_ASSETS_TDAYS":0.145520943361,"TOTAL_ASSETS_TDAYS":0.082853246342,"PREMIUM_EXPENSE":null,"LOAN_DEPOSIT":null,"LOAN_EQUITY":null,"LOAN_ASSETS":null,"DEPOSIT_EQUITY":null,"DEPOSIT_ASSETS":null,"EQUITY_MULTIPLIER":2.411061112,"EQUITY_RATIO":1.636490656881},{"SECUCODE":"00798.HK","SECURITY_CODE":"00798","SECURITY_NAME_ABBR":"中电光谷","ORG_CODE":"10388514","STD_REPORT_DATE":"2020-12-31 00:00:00","REPORT_DATE":"2020-12-31 00:00:00","DATE_TYPE_CODE":"001","REPORT_TYPE":"2020年年报","PER_NETCASH_OPERATE":0.013029893514,"PER_OI":0.402492252803,"BPS":0.915934669484,"BASIC_EPS":0.0613,"DILUTED_EPS":0.0613,"OPERATE_INCOME":3048618000,"OPERATE_INCOME_YOY":-9.7204655798,"GROSS_PROFIT":937810000,"GROSS_PROFIT_YOY":-12.784820368219,"HOLDER_PROFIT":464340000,"HOLDER_PROFIT_YOY":-18.4326648772,"GROSS_PROFIT_RATIO":30.761807481292,"EPS_TTM":0.061304254146,"OPERATE_INCOME_QOQ":-3.434874039415,"NET_PROFIT_RATIO":17.7282952472,"ROE_AVG":6.884699447151,"GROSS_PROFIT_QOQ":0.078008364289,"ROA":2.507130979938,"HOLDER_PROFIT_QOQ":-15.292237584532,"ROE_YEARLY":6.884699447151,"ROIC_YEARLY":2.986365230332,"TOTAL_ASSETS":19426037000,"TOTAL_LIABILITIES":11426241000,"TAX_EBT":33.840200853702,"OCF_SALES":3.237302935297,"TOTAL_PARENT_EQUITY":6880798000,"DEBT_ASSET_RATIO":58.8192074379,"OPERATE_PROFIT":846733000,"PRETAX_PROFIT":816913000,"NETCASH_OPERATE":98693000,"NETCASH_INVEST":-69216000,"NETCASH_FINANCE":460139000,"END_CASH":2124958000,"DIVI_RATIO":0.369558366145,"DIVIDEND_RATE":10.04016064257,"CURRENT_RATIO":1.268234804831,"COMMON_ACS":10000000000,"CURRENTDEBT_DEBT":76.387195053911,"ISSUED_COMMON_SHARES":7512324000,"HK_COMMON_SHARES":7512324000,"PER_SHARES":4000,"TOTAL_MARKET_CAP":1870568676,"HKSK_MARKET_CAP":1870568676,"PE_TTM":3.820172417911,"PB_TTM":0.215939059935,"REPORT_DATE_SQ":"2019-12-31 00:00:00","REPORT_TYPE_SQ":"2019年年报","OPERATE_INCOME_SQ":3376865000,"DPS_HKD":0.025,"OPERATE_INCOME_QOQ_SQ":-0.472164544333,"NET_PROFIT_RATIO_SQ":17.5956989693,"HOLDER_PROFIT_SQ":569272000,"HOLDER_PROFIT_QOQ_SQ":-1.753271744177,"ROE_AVG_SQ":8.957415253421,"PE_TTM_SQ":5.929737637867,"PB_TTM_SQ":0.392632559699,"ROA_SQ":3.471583511454,"START_DATE":"2020-01-01 00:00:00","FISCAL_YEAR":"12-31","CURRENCY":"HKD","IS_CNY_CODE":0,"DPS_HKD_LY":0.025,"ORG_TYPE":"一般企业","PREMIUM_INCOME":null,"PREMIUM_INCOME_YOY":null,"NET_INTEREST_INCOME":null,"NET_INTEREST_INCOME_YOY":null,"FEE_COMMISSION_INCOME":null,"FEE_COMMISSION_INCOME_YOY":null,"ACCOUNTS_RECE_TDAYS":1.607046588314,"INVENTORY_TDAYS":0.360442583838,"CURRENT_ASSETS_TDAYS":0.273464959807,"TOTAL_ASSETS_TDAYS":0.164605345949,"PREMIUM_EXPENSE":null,"LOAN_DEPOSIT":null,"LOAN_EQUITY":null,"LOAN_ASSETS":null,"DEPOSIT_EQUITY":null,"DEPOSIT_ASSETS":null,"EQUITY_MULTIPLIER":2.42831654707,"EQUITY_RATIO":1.660598232938},{"SECUCODE":"00798.HK","SECURITY_CODE":"00798","SECURITY_NAME_ABBR":"中电光谷","ORG_CODE":"10388514","STD_REPORT_DATE":"2020-06-30 00:00:00","REPORT_DATE":"2020-06-30 00:00:00","DATE_TYPE_CODE":"002","REPORT_TYPE":"2020年中报","PER_NETCASH_OPERATE":-0.06863557437,"PER_OI":0.121890427062,"BPS":0.872539842531,"BASIC_EPS":0.0159,"DILUTED_EPS":0.0159,"OPERATE_INCOME":923241000,"OPERATE_INCOME_YOY":-19.2298304444,"GROSS_PROFIT":242001000,"GROSS_PROFIT_YOY":-36.349863889218,"HOLDER_PROFIT":120104000,"HOLDER_PROFIT_YOY":-14.9459312084,"GROSS_PROFIT_RATIO":26.212115796417,"EPS_TTM":0.072371471513,"OPERATE_INCOME_QOQ":-6.509173449338,"NET_PROFIT_RATIO":11.1513678444,"ROE_AVG":1.824866372115,"GROSS_PROFIT_QOQ":-12.852802471535,"ROA":0.670060279706,"HOLDER_PROFIT_QOQ":-3.707366601554,"ROE_YEARLY":3.64973274423,"ROIC_YEARLY":1.580481792051,"TOTAL_ASSETS":18233209000,"TOTAL_LIABILITIES":10660056000,"TAX_EBT":38.852890343349,"OCF_SALES":-56.309241032407,"TOTAL_PARENT_EQUITY":6554802000,"DEBT_ASSET_RATIO":58.4650568093,"OPERATE_PROFIT":191623000,"PRETAX_PROFIT":168371000,"NETCASH_OPERATE":-519870000,"NETCASH_INVEST":-14047000,"NETCASH_FINANCE":494798000,"END_CASH":1613059000,"DIVI_RATIO":0.313044622781,"DIVIDEND_RATE":10.04016064257,"CURRENT_RATIO":1.363827924023,"COMMON_ACS":10000000000,"CURRENTDEBT_DEBT":78.31723398076,"ISSUED_COMMON_SHARES":7512324000,"HK_COMMON_SHARES":7512324000,"PER_SHARES":4000,"TOTAL_MARKET_CAP":1870568676,"HKSK_MARKET_CAP":1870568676,"PE_TTM":3.820172417911,"PB_TTM":0.215939059935,"REPORT_DATE_SQ":"2019-06-30 00:00:00","REPORT_TYPE_SQ":"2019年中报","OPERATE_INCOME_SQ":1143047000,"DPS_HKD":0.025,"OPERATE_INCOME_QOQ_SQ":13.053319458592,"NET_PROFIT_RATIO_SQ":10.3706146816,"HOLDER_PROFIT_SQ":141209000,"HOLDER_PROFIT_QOQ_SQ":7.007568062702,"ROE_AVG_SQ":2.298898666545,"PE_TTM_SQ":5.929737637867,"PB_TTM_SQ":0.392632559699,"ROA_SQ":0.884843653799,"START_DATE":"2020-01-01 00:00:00","FISCAL_YEAR":"12-31","CURRENCY":"HKD","IS_CNY_CODE":0,"DPS_HKD_LY":0.025,"ORG_TYPE":"一般企业","PREMIUM_INCOME":null,"PREMIUM_INCOME_YOY":null,"NET_INTEREST_INCOME":null,"NET_INTEREST_INCOME_YOY":null,"FEE_COMMISSION_INCOME":null,"FEE_COMMISSION_INCOME_YOY":null,"ACCOUNTS_RECE_TDAYS":0.527858719445,"INVENTORY_TDAYS":0.118023710943,"CURRENT_ASSETS_TDAYS":0.081655870725,"TOTAL_ASSETS_TDAYS":0.051507620287,"PREMIUM_EXPENSE":null,"LOAN_DEPOSIT":null,"LOAN_EQUITY":null,"LOAN_ASSETS":null,"DEPOSIT_EQUITY":null,"DEPOSIT_ASSETS":null,"EQUITY_MULTIPLIER":2.40761133441,"EQUITY_RATIO":1.626297178771}],"count":28},"success":true,"message":"ok","code":0}