{"version":"2faa9d1cfa78ec44801bd2aab495f77a","result":{"pages":4,"data":[{"SECUCODE":"00799.HK","SECURITY_CODE":"00799","SECURITY_NAME_ABBR":"IGG","ORG_CODE":"10278308","STD_REPORT_DATE":"2024-06-30 00:00:00","REPORT_DATE":"2024-06-30 00:00:00","DATE_TYPE_CODE":"002","REPORT_TYPE":"2024年中报","PER_NETCASH_OPERATE":0.468335126965,"PER_OI":2.126002439752,"BPS":2.347407480021,"BASIC_EPS":0.26285184,"DILUTED_EPS":0.261300284,"OPERATE_INCOME":2496429874.32,"OPERATE_INCOME_YOY":9.4538659154,"GROSS_PROFIT":1966993333.12,"GROSS_PROFIT_YOY":18.14971081509,"HOLDER_PROFIT":302046882.6,"HOLDER_PROFIT_YOY":191.9807781033,"GROSS_PROFIT_RATIO":78.792252622589,"EPS_TTM":0.596111152468,"OPERATE_INCOME_QOQ":4.03144251546,"NET_PROFIT_RATIO":12.0991535035,"ROE_AVG":11.520043943566,"GROSS_PROFIT_QOQ":8.507945747781,"ROA":8.484287743602,"HOLDER_PROFIT_QOQ":957.331476838461,"ROE_YEARLY":23.040087887132,"ROIC_YEARLY":30.145583643986,"TOTAL_ASSETS":3745570269,"TOTAL_LIABILITIES":997684277.16,"TAX_EBT":13.42841223295,"OCF_SALES":22.028908255626,"TOTAL_PARENT_EQUITY":2747885991.84,"DEBT_ASSET_RATIO":26.6363785888,"OPERATE_PROFIT":342906653.52,"PRETAX_PROFIT":348898397.72,"NETCASH_OPERATE":549936246.68,"NETCASH_INVEST":-58575802.4,"NETCASH_FINANCE":-54928733.12,"END_CASH":1770891257.6,"DIVI_RATIO":0.130139823217,"DIVIDEND_RATE":1.931818181818,"CURRENT_RATIO":2.319568180026,"COMMON_ACS":2000000000,"CURRENTDEBT_DEBT":97.466648736618,"ISSUED_COMMON_SHARES":1170604599,"HK_COMMON_SHARES":1170604599,"PER_SHARES":1000,"TOTAL_MARKET_CAP":5150660235.6,"HKSK_MARKET_CAP":5150660235.6,"PE_TTM":6.743502500144,"PB_TTM":1.710734942347,"REPORT_DATE_SQ":"2023-06-30 00:00:00","REPORT_TYPE_SQ":"2023年中报","OPERATE_INCOME_SQ":2304046459.6,"DPS_HKD":0.085,"OPERATE_INCOME_QOQ_SQ":4.346610974453,"NET_PROFIT_RATIO_SQ":-14.397563845,"HOLDER_PROFIT_SQ":-331726560.04,"HOLDER_PROFIT_QOQ_SQ":-41.087793403688,"ROE_AVG_SQ":-14.268426766337,"PE_TTM_SQ":-6.570486449345,"PB_TTM_SQ":1.949145561888,"ROA_SQ":-9.995462012797,"START_DATE":"2024-01-01 00:00:00","FISCAL_YEAR":"12-31","CURRENCY":"HKD","IS_CNY_CODE":0,"DPS_HKD_LY":0.085,"ORG_TYPE":"一般企业","PREMIUM_INCOME":null,"PREMIUM_INCOME_YOY":null,"NET_INTEREST_INCOME":null,"NET_INTEREST_INCOME_YOY":null,"FEE_COMMISSION_INCOME":null,"FEE_COMMISSION_INCOME_YOY":null,"ACCOUNTS_RECE_TDAYS":5.899080827643,"INVENTORY_TDAYS":1502.82383419689,"CURRENT_ASSETS_TDAYS":1.210962384015,"TOTAL_ASSETS_TDAYS":0.70122986217,"PREMIUM_EXPENSE":null,"LOAN_DEPOSIT":null,"LOAN_EQUITY":null,"LOAN_ASSETS":null,"DEPOSIT_EQUITY":null,"DEPOSIT_ASSETS":null,"EQUITY_MULTIPLIER":1.363073388097,"EQUITY_RATIO":0.363073388096},{"SECUCODE":"00799.HK","SECURITY_CODE":"00799","SECURITY_NAME_ABBR":"IGG","ORG_CODE":"10278308","STD_REPORT_DATE":"2023-12-31 00:00:00","REPORT_DATE":"2023-12-31 00:00:00","DATE_TYPE_CODE":"001","REPORT_TYPE":"2023年年报","PER_NETCASH_OPERATE":0.098192532283,"PER_OI":4.021505680366,"BPS":2.117108482213,"BASIC_EPS":0.05663875,"DILUTED_EPS":0.05618564,"OPERATE_INCOME":4772073866.42,"OPERATE_INCOME_YOY":14.6925714505,"GROSS_PROFIT":3551527834.54,"GROSS_PROFIT_YOY":26.18481306797,"HOLDER_PROFIT":66202089.66,"HOLDER_PROFIT_YOY":114.5064725401,"GROSS_PROFIT_RATIO":74.423152992901,"EPS_TTM":0.055789597368,"OPERATE_INCOME_QOQ":11.508464503852,"NET_PROFIT_RATIO":1.387281327,"ROE_AVG":2.682502758587,"GROSS_PROFIT_QOQ":17.339218917115,"ROA":1.992289162147,"HOLDER_PROFIT_QOQ":110.430935815162,"ROE_YEARLY":2.682502758587,"ROIC_YEARLY":3.416165115816,"TOTAL_ASSETS":3350691358.14,"TOTAL_LIABILITIES":872394432.28,"TAX_EBT":24.713241886781,"OCF_SALES":2.441685778586,"TOTAL_PARENT_EQUITY":2478296925.86,"DEBT_ASSET_RATIO":26.0362515981,"OPERATE_PROFIT":82909161.58,"PRETAX_PROFIT":87933245.26,"NETCASH_OPERATE":116519048.94,"NETCASH_INVEST":-87204644.38,"NETCASH_FINANCE":-130197533.62,"END_CASH":1331918657.44,"DIVI_RATIO":1.390542388893,"DIVIDEND_RATE":2.179487179487,"CURRENT_RATIO":2.197463974345,"COMMON_ACS":2000000000,"CURRENTDEBT_DEBT":96.724540187021,"ISSUED_COMMON_SHARES":1170604599,"HK_COMMON_SHARES":1170604599,"PER_SHARES":1000,"TOTAL_MARKET_CAP":4565357936.1,"HKSK_MARKET_CAP":4565357936.1,"PE_TTM":5.977195397855,"PB_TTM":1.516333244353,"REPORT_DATE_SQ":"2022-12-31 00:00:00","REPORT_TYPE_SQ":"2022年年报","OPERATE_INCOME_SQ":4101294669.29,"DPS_HKD":0.085,"OPERATE_INCOME_QOQ_SQ":-6.345285095572,"NET_PROFIT_RATIO_SQ":-10.9682669085,"HOLDER_PROFIT_SQ":-449840946.03,"HOLDER_PROFIT_QOQ_SQ":-38.658005371231,"ROE_AVG_SQ":-16.715751172178,"PE_TTM_SQ":-5.369772325828,"PB_TTM_SQ":1.592951751431,"ROA_SQ":-12.449159978537,"START_DATE":"2023-01-01 00:00:00","FISCAL_YEAR":"12-31","CURRENCY":"HKD","IS_CNY_CODE":0,"DPS_HKD_LY":null,"ORG_TYPE":"一般企业","PREMIUM_INCOME":null,"PREMIUM_INCOME_YOY":null,"NET_INTEREST_INCOME":null,"NET_INTEREST_INCOME_YOY":null,"FEE_COMMISSION_INCOME":null,"FEE_COMMISSION_INCOME_YOY":null,"ACCOUNTS_RECE_TDAYS":11.965396107659,"INVENTORY_TDAYS":2664.39960435213,"CURRENT_ASSETS_TDAYS":2.573182402673,"TOTAL_ASSETS_TDAYS":1.436110414922,"PREMIUM_EXPENSE":null,"LOAN_DEPOSIT":null,"LOAN_EQUITY":null,"LOAN_ASSETS":null,"DEPOSIT_EQUITY":null,"DEPOSIT_ASSETS":null,"EQUITY_MULTIPLIER":1.35201368455,"EQUITY_RATIO":0.35201368455},{"SECUCODE":"00799.HK","SECURITY_CODE":"00799","SECURITY_NAME_ABBR":"IGG","ORG_CODE":"10278308","STD_REPORT_DATE":"2023-06-30 00:00:00","REPORT_DATE":"2023-06-30 00:00:00","DATE_TYPE_CODE":"002","REPORT_TYPE":"2023年中报","PER_NETCASH_OPERATE":-0.033997632829,"PER_OI":1.923233529367,"BPS":1.836240477507,"BASIC_EPS":-0.28396984,"DILUTED_EPS":-0.28396984,"OPERATE_INCOME":2304046459.6,"OPERATE_INCOME_YOY":0.5342877913,"GROSS_PROFIT":1664831271.74,"GROSS_PROFIT_YOY":14.605914595626,"HOLDER_PROFIT":-331726560.04,"HOLDER_PROFIT_YOY":-109.4637628005,"GROSS_PROFIT_RATIO":72.256844683116,"EPS_TTM":-0.529772260946,"OPERATE_INCOME_QOQ":4.346610974453,"NET_PROFIT_RATIO":-14.397563845,"ROE_AVG":-14.268426766337,"GROSS_PROFIT_QOQ":7.538480511877,"ROA":-9.995462012797,"HOLDER_PROFIT_QOQ":-41.087793403688,"ROE_YEARLY":-28.536853532675,"ROIC_YEARLY":-34.840160916346,"TOTAL_ASSETS":3285097718.2,"TOTAL_LIABILITIES":1135586170.36,"TAX_EBT":-3.730035172692,"OCF_SALES":-1.767732951317,"TOTAL_PARENT_EQUITY":2149511547.84,"DEBT_ASSET_RATIO":34.5678049109,"OPERATE_PROFIT":-323904481.72,"PRETAX_PROFIT":-319797982.8,"NETCASH_OPERATE":-40729388.48,"NETCASH_INVEST":-11615104.04,"NETCASH_FINANCE":-36150835.8,"END_CASH":1365880178.72,"DIVI_RATIO":-0.146436130615,"DIVIDEND_RATE":2.179487179487,"CURRENT_RATIO":1.69813253408,"COMMON_ACS":2000000000,"CURRENTDEBT_DEBT":97.572993678563,"ISSUED_COMMON_SHARES":1170604599,"HK_COMMON_SHARES":1170604599,"PER_SHARES":1000,"TOTAL_MARKET_CAP":4565357936.1,"HKSK_MARKET_CAP":4565357936.1,"PE_TTM":5.977195397855,"PB_TTM":1.516333244353,"REPORT_DATE_SQ":"2022-06-30 00:00:00","REPORT_TYPE_SQ":"2022年中报","OPERATE_INCOME_SQ":2125779135.41,"DPS_HKD":0.085,"OPERATE_INCOME_QOQ_SQ":-11.482141288138,"NET_PROFIT_RATIO_SQ":-6.9102588808,"HOLDER_PROFIT_SQ":-146896841.49,"HOLDER_PROFIT_QOQ_SQ":-207.116807814215,"ROE_AVG_SQ":-5.34559604745,"PE_TTM_SQ":-5.369772325828,"PB_TTM_SQ":1.592951751431,"ROA_SQ":-4.085966794607,"START_DATE":"2023-01-01 00:00:00","FISCAL_YEAR":"12-31","CURRENCY":"HKD","IS_CNY_CODE":0,"DPS_HKD_LY":null,"ORG_TYPE":"一般企业","PREMIUM_INCOME":null,"PREMIUM_INCOME_YOY":null,"NET_INTEREST_INCOME":null,"NET_INTEREST_INCOME_YOY":null,"FEE_COMMISSION_INCOME":null,"FEE_COMMISSION_INCOME_YOY":null,"ACCOUNTS_RECE_TDAYS":5.657033488057,"INVENTORY_TDAYS":2211.50558213716,"CURRENT_ASSETS_TDAYS":1.22274323356,"TOTAL_ASSETS_TDAYS":0.694246757325,"PREMIUM_EXPENSE":null,"LOAN_DEPOSIT":null,"LOAN_EQUITY":null,"LOAN_ASSETS":null,"DEPOSIT_EQUITY":null,"DEPOSIT_ASSETS":null,"EQUITY_MULTIPLIER":1.528299636957,"EQUITY_RATIO":0.528299636958},{"SECUCODE":"00799.HK","SECURITY_CODE":"00799","SECURITY_NAME_ABBR":"IGG","ORG_CODE":"10278308","STD_REPORT_DATE":"2022-12-31 00:00:00","REPORT_DATE":"2022-12-31 00:00:00","DATE_TYPE_CODE":"001","REPORT_TYPE":"2022年年报","PER_NETCASH_OPERATE":-0.073283128038,"PER_OI":3.424981976682,"BPS":2.069383152227,"BASIC_EPS":-0.386696583,"DILUTED_EPS":-0.386696583,"OPERATE_INCOME":4101294669.29,"OPERATE_INCOME_YOY":-24.1215099785,"GROSS_PROFIT":2814544593.91,"GROSS_PROFIT_YOY":-17.999609575421,"HOLDER_PROFIT":-449840946.03,"HOLDER_PROFIT_YOY":-235.9442065879,"GROSS_PROFIT_RATIO":68.62575895814,"EPS_TTM":-0.375661164769,"OPERATE_INCOME_QOQ":-6.345285095572,"NET_PROFIT_RATIO":-10.9682669085,"ROE_AVG":-16.715751172178,"GROSS_PROFIT_QOQ":-5.737050641762,"ROA":-12.449159978537,"HOLDER_PROFIT_QOQ":-38.658005371231,"ROE_YEARLY":-16.715751172178,"ROIC_YEARLY":-22.119071813226,"TOTAL_ASSETS":3248052097.99,"TOTAL_LIABILITIES":825622662.9,"TAX_EBT":-3.789127871988,"OCF_SALES":-2.139664632905,"TOTAL_PARENT_EQUITY":2422429435.09,"DEBT_ASSET_RATIO":25.4190092398,"OPERATE_PROFIT":-432105963.45,"PRETAX_PROFIT":-433418177.08,"NETCASH_OPERATE":-87753951.53,"NETCASH_INVEST":-135802944.83,"NETCASH_FINANCE":-65966202.96,"END_CASH":1413003070.64,"DIVI_RATIO":-0.206510034242,"DIVIDEND_RATE":2.179487179487,"CURRENT_RATIO":2.274389139467,"COMMON_ACS":2000000000,"CURRENTDEBT_DEBT":97.365380246032,"ISSUED_COMMON_SHARES":1170604599,"HK_COMMON_SHARES":1170604599,"PER_SHARES":1000,"TOTAL_MARKET_CAP":4565357936.1,"HKSK_MARKET_CAP":4565357936.1,"PE_TTM":5.977195397855,"PB_TTM":1.516333244353,"REPORT_DATE_SQ":"2021-12-31 00:00:00","REPORT_TYPE_SQ":"2021年年报","OPERATE_INCOME_SQ":4947210934.4,"DPS_HKD":0.085,"OPERATE_INCOME_QOQ_SQ":-2.455410398516,"NET_PROFIT_RATIO_SQ":6.1083866285,"HOLDER_PROFIT_SQ":302870108.8,"HOLDER_PROFIT_QOQ_SQ":-76.723062008699,"ROE_AVG_SQ":10.330295727366,"PE_TTM_SQ":-5.369772325828,"PB_TTM_SQ":1.592951751431,"ROA_SQ":14.57334649416,"START_DATE":"2022-01-01 00:00:00","FISCAL_YEAR":"12-31","CURRENCY":"HKD","IS_CNY_CODE":0,"DPS_HKD_LY":null,"ORG_TYPE":"一般企业","PREMIUM_INCOME":null,"PREMIUM_INCOME_YOY":null,"NET_INTEREST_INCOME":null,"NET_INTEREST_INCOME_YOY":null,"FEE_COMMISSION_INCOME":null,"FEE_COMMISSION_INCOME_YOY":null,"ACCOUNTS_RECE_TDAYS":10.377193497934,"INVENTORY_TDAYS":992.075757575758,"CURRENT_ASSETS_TDAYS":2.020704696428,"TOTAL_ASSETS_TDAYS":1.135016140876,"PREMIUM_EXPENSE":null,"LOAN_DEPOSIT":null,"LOAN_EQUITY":null,"LOAN_ASSETS":null,"DEPOSIT_EQUITY":null,"DEPOSIT_ASSETS":null,"EQUITY_MULTIPLIER":1.340824236588,"EQUITY_RATIO":0.340824236587},{"SECUCODE":"00799.HK","SECURITY_CODE":"00799","SECURITY_NAME_ABBR":"IGG","ORG_CODE":"10278308","STD_REPORT_DATE":"2022-06-30 00:00:00","REPORT_DATE":"2022-06-30 00:00:00","DATE_TYPE_CODE":"002","REPORT_TYPE":"2022年中报","PER_NETCASH_OPERATE":-0.099819882696,"PER_OI":1.77567824607,"BPS":2.274346441552,"BASIC_EPS":-0.126653639,"DILUTED_EPS":-0.126653639,"OPERATE_INCOME":2125779135.41,"OPERATE_INCOME_YOY":-23.2194446323,"GROSS_PROFIT":1452657376.03,"GROSS_PROFIT_YOY":-23.510875169338,"HOLDER_PROFIT":-146896841.49,"HOLDER_PROFIT_YOY":-129.7518299252,"GROSS_PROFIT_RATIO":68.335291838765,"EPS_TTM":-0.270994308252,"OPERATE_INCOME_QOQ":-11.482141288138,"NET_PROFIT_RATIO":-6.9102588808,"ROE_AVG":-5.34559604745,"GROSS_PROFIT_QOQ":-13.008885269499,"ROA":-4.085966794607,"HOLDER_PROFIT_QOQ":-207.116807814215,"ROE_YEARLY":-10.6911920949,"ROIC_YEARLY":-14.367544610791,"TOTAL_ASSETS":3381129640.21,"TOTAL_LIABILITIES":718769236.01,"TAX_EBT":-9.022188935997,"OCF_SALES":-5.621507326393,"TOTAL_PARENT_EQUITY":2662360404.2,"DEBT_ASSET_RATIO":21.2582572245,"OPERATE_PROFIT":-125499987.69,"PRETAX_PROFIT":-134740315.64,"NETCASH_OPERATE":-119500829.84,"NETCASH_INVEST":-79103364.62,"NETCASH_FINANCE":-23042239.36,"END_CASH":1428524769.42,"DIVI_RATIO":-0.28627095713,"DIVIDEND_RATE":2.179487179487,"CURRENT_RATIO":2.703166402863,"COMMON_ACS":2000000000,"CURRENTDEBT_DEBT":94.562981347541,"ISSUED_COMMON_SHARES":1170604599,"HK_COMMON_SHARES":1170604599,"PER_SHARES":1000,"TOTAL_MARKET_CAP":4565357936.1,"HKSK_MARKET_CAP":4565357936.1,"PE_TTM":5.977195397855,"PB_TTM":1.516333244353,"REPORT_DATE_SQ":"2021-06-30 00:00:00","REPORT_TYPE_SQ":"2021年中报","OPERATE_INCOME_SQ":2693824884.72,"DPS_HKD":0.085,"OPERATE_INCOME_QOQ_SQ":10.390516977015,"NET_PROFIT_RATIO_SQ":17.8202102328,"HOLDER_PROFIT_SQ":480398059.68,"HOLDER_PROFIT_QOQ_SQ":-26.206737059548,"ROE_AVG_SQ":15.344391417978,"PE_TTM_SQ":-5.369772325828,"PB_TTM_SQ":1.592951751431,"ROA_SQ":21.419467382991,"START_DATE":"2022-01-01 00:00:00","FISCAL_YEAR":"12-31","CURRENCY":"HKD","IS_CNY_CODE":0,"DPS_HKD_LY":null,"ORG_TYPE":"一般企业","PREMIUM_INCOME":null,"PREMIUM_INCOME_YOY":null,"NET_INTEREST_INCOME":null,"NET_INTEREST_INCOME_YOY":null,"FEE_COMMISSION_INCOME":null,"FEE_COMMISSION_INCOME_YOY":null,"ACCOUNTS_RECE_TDAYS":5.613531250282,"INVENTORY_TDAYS":524.210456210456,"CURRENT_ASSETS_TDAYS":1.070068199258,"TOTAL_ASSETS_TDAYS":0.591289974097,"PREMIUM_EXPENSE":null,"LOAN_DEPOSIT":null,"LOAN_EQUITY":null,"LOAN_ASSETS":null,"DEPOSIT_EQUITY":null,"DEPOSIT_ASSETS":null,"EQUITY_MULTIPLIER":1.269974431289,"EQUITY_RATIO":0.269974431289},{"SECUCODE":"00799.HK","SECURITY_CODE":"00799","SECURITY_NAME_ABBR":"IGG","ORG_CODE":"10278308","STD_REPORT_DATE":"2021-12-31 00:00:00","REPORT_DATE":"2021-12-31 00:00:00","DATE_TYPE_CODE":"001","REPORT_TYPE":"2021年年报","PER_NETCASH_OPERATE":0.452299118639,"PER_OI":4.145036179793,"BPS":2.314258484816,"BASIC_EPS":0.25819808,"DILUTED_EPS":0.25566352,"OPERATE_INCOME":4947210934.4,"OPERATE_INCOME_YOY":10.7403960626,"GROSS_PROFIT":3432355113.6,"GROSS_PROFIT_YOY":6.88612474282,"HOLDER_PROFIT":302870108.8,"HOLDER_PROFIT_YOY":-82.334985682,"GROSS_PROFIT_RATIO":69.379599113784,"EPS_TTM":0.253760669476,"OPERATE_INCOME_QOQ":-2.455410398516,"NET_PROFIT_RATIO":6.1083866285,"ROE_AVG":10.330295727366,"GROSS_PROFIT_QOQ":-3.844821742959,"ROA":14.57334649416,"HOLDER_PROFIT_QOQ":-76.723062008699,"ROE_YEARLY":10.330295727366,"ROIC_YEARLY":25.962881233755,"TOTAL_ASSETS":3641747379.2,"TOTAL_LIABILITIES":932665753.6,"TAX_EBT":17.167656095577,"OCF_SALES":10.911825591392,"TOTAL_PARENT_EQUITY":2709081625.6,"DEBT_ASSET_RATIO":25.6103912898,"OPERATE_PROFIT":418800065.6,"PRETAX_PROFIT":364827019.2,"NETCASH_OPERATE":539831028.8,"NETCASH_INVEST":173661510.4,"NETCASH_FINANCE":-909084534.4,"END_CASH":1594296289.6,"DIVI_RATIO":0.305712465845,"DIVIDEND_RATE":2.179487179487,"CURRENT_RATIO":2.355936967913,"COMMON_ACS":2000000000,"CURRENTDEBT_DEBT":92.930792050045,"ISSUED_COMMON_SHARES":1170604599,"HK_COMMON_SHARES":1170604599,"PER_SHARES":1000,"TOTAL_MARKET_CAP":4565357936.1,"HKSK_MARKET_CAP":4565357936.1,"PE_TTM":5.977195397855,"PB_TTM":1.516333244353,"REPORT_DATE_SQ":"2020-12-31 00:00:00","REPORT_TYPE_SQ":"2020年年报","OPERATE_INCOME_SQ":4598750417.4,"DPS_HKD":0.085,"OPERATE_INCOME_QOQ_SQ":3.699055614265,"NET_PROFIT_RATIO_SQ":38.3742728595,"HOLDER_PROFIT_SQ":1764931704.6,"HOLDER_PROFIT_QOQ_SQ":9.948964108367,"ROE_AVG_SQ":15.826425516812,"PE_TTM_SQ":-5.369772325828,"PB_TTM_SQ":1.592951751431,"ROA_SQ":48.86191555474,"START_DATE":"2021-01-01 00:00:00","FISCAL_YEAR":"12-31","CURRENCY":"HKD","IS_CNY_CODE":0,"DPS_HKD_LY":0.412,"ORG_TYPE":"一般企业","PREMIUM_INCOME":null,"PREMIUM_INCOME_YOY":null,"NET_INTEREST_INCOME":null,"NET_INTEREST_INCOME_YOY":null,"FEE_COMMISSION_INCOME":null,"FEE_COMMISSION_INCOME_YOY":null,"ACCOUNTS_RECE_TDAYS":12.80390281475,"INVENTORY_TDAYS":1445.81193913383,"CURRENT_ASSETS_TDAYS":4.250250060408,"TOTAL_ASSETS_TDAYS":2.380473246844,"PREMIUM_EXPENSE":null,"LOAN_DEPOSIT":null,"LOAN_EQUITY":null,"LOAN_ASSETS":null,"DEPOSIT_EQUITY":null,"DEPOSIT_ASSETS":null,"EQUITY_MULTIPLIER":1.344273773365,"EQUITY_RATIO":0.344273773365},{"SECUCODE":"00799.HK","SECURITY_CODE":"00799","SECURITY_NAME_ABBR":"IGG","ORG_CODE":"10278308","STD_REPORT_DATE":"2021-06-30 00:00:00","REPORT_DATE":"2021-06-30 00:00:00","DATE_TYPE_CODE":"002","REPORT_TYPE":"2021年中报","PER_NETCASH_OPERATE":0.376846952763,"PER_OI":2.256158177,"BPS":2.606372671734,"BASIC_EPS":0.407802408,"DILUTED_EPS":0.403309176,"OPERATE_INCOME":2693824884.72,"OPERATE_INCOME_YOY":33.4218702542,"GROSS_PROFIT":1899168514.8,"GROSS_PROFIT_YOY":23.504560953746,"HOLDER_PROFIT":480398059.68,"HOLDER_PROFIT_YOY":-44.04483035,"GROSS_PROFIT_RATIO":70.500815608785,"EPS_TTM":1.089759711014,"OPERATE_INCOME_QOQ":10.390516977015,"NET_PROFIT_RATIO":17.8202102328,"ROE_AVG":15.344391417978,"GROSS_PROFIT_QOQ":11.266168592031,"ROA":21.419467382991,"HOLDER_PROFIT_QOQ":-26.206737059548,"ROE_YEARLY":30.688782835956,"ROIC_YEARLY":86.808275824739,"TOTAL_ASSETS":3961758373.68,"TOTAL_LIABILITIES":911273214,"TAX_EBT":14.236700059909,"OCF_SALES":16.703037783645,"TOTAL_PARENT_EQUITY":3051031836.24,"DEBT_ASSET_RATIO":23.0017363011,"OPERATE_PROFIT":584984691.12,"PRETAX_PROFIT":559732727.28,"NETCASH_OPERATE":449950588.32,"NETCASH_INVEST":459279037.2,"NETCASH_FINANCE":-683576186.16,"END_CASH":2039408942.16,"DIVI_RATIO":0.071187986871,"DIVIDEND_RATE":2.179487179487,"CURRENT_RATIO":2.938634189496,"COMMON_ACS":2000000000,"CURRENTDEBT_DEBT":95.163695299838,"ISSUED_COMMON_SHARES":1170604599,"HK_COMMON_SHARES":1170604599,"PER_SHARES":1000,"TOTAL_MARKET_CAP":4565357936.1,"HKSK_MARKET_CAP":4565357936.1,"PE_TTM":5.977195397855,"PB_TTM":1.516333244353,"REPORT_DATE_SQ":"2020-06-30 00:00:00","REPORT_TYPE_SQ":"2020年中报","OPERATE_INCOME_SQ":2216446631.52,"DPS_HKD":0.085,"OPERATE_INCOME_QOQ_SQ":-4.877293600512,"NET_PROFIT_RATIO_SQ":42.5226852119,"HOLDER_PROFIT_SQ":942488305.44,"HOLDER_PROFIT_QOQ_SQ":39.496203980243,"ROE_AVG_SQ":7.858447819572,"PE_TTM_SQ":-5.369772325828,"PB_TTM_SQ":1.592951751431,"ROA_SQ":24.942670134944,"START_DATE":"2021-01-01 00:00:00","FISCAL_YEAR":"12-31","CURRENCY":"HKD","IS_CNY_CODE":0,"DPS_HKD_LY":0.412,"ORG_TYPE":"一般企业","PREMIUM_INCOME":null,"PREMIUM_INCOME_YOY":null,"NET_INTEREST_INCOME":null,"NET_INTEREST_INCOME_YOY":null,"FEE_COMMISSION_INCOME":null,"FEE_COMMISSION_INCOME_YOY":null,"ACCOUNTS_RECE_TDAYS":6.065076519286,"INVENTORY_TDAYS":781.845272206304,"CURRENT_ASSETS_TDAYS":1.897430772937,"TOTAL_ASSETS_TDAYS":1.201093407667,"PREMIUM_EXPENSE":null,"LOAN_DEPOSIT":null,"LOAN_EQUITY":null,"LOAN_ASSETS":null,"DEPOSIT_EQUITY":null,"DEPOSIT_ASSETS":null,"EQUITY_MULTIPLIER":1.298730584251,"EQUITY_RATIO":0.298677058422},{"SECUCODE":"00799.HK","SECURITY_CODE":"00799","SECURITY_NAME_ABBR":"IGG","ORG_CODE":"10278308","STD_REPORT_DATE":"2020-12-31 00:00:00","REPORT_DATE":"2020-12-31 00:00:00","DATE_TYPE_CODE":"001","REPORT_TYPE":"2020年年报","PER_NETCASH_OPERATE":0.910135581313,"PER_OI":3.824747384742,"BPS":2.77399130823,"BASIC_EPS":1.451997328,"DILUTED_EPS":1.43415456,"OPERATE_INCOME":4598750417.4,"OPERATE_INCOME_YOY":5.4639570552,"GROSS_PROFIT":3211226079.96,"GROSS_PROFIT_YOY":-0.536599912335,"HOLDER_PROFIT":1764931704.6,"HOLDER_PROFIT_YOY":63.9829119992,"GROSS_PROFIT_RATIO":69.828213052172,"EPS_TTM":1.466482098576,"OPERATE_INCOME_QOQ":3.699055614265,"NET_PROFIT_RATIO":38.3742728595,"ROE_AVG":15.826425516812,"GROSS_PROFIT_QOQ":4.492718252415,"ROA":48.86191555474,"HOLDER_PROFIT_QOQ":9.948964108367,"ROE_YEARLY":15.826425516812,"ROIC_YEARLY":104.172344604401,"TOTAL_ASSETS":4108144153.52,"TOTAL_LIABILITIES":860939646.84,"TAX_EBT":9.014687606312,"OCF_SALES":23.818680694419,"TOTAL_PARENT_EQUITY":3247400608.8,"DEBT_ASSET_RATIO":20.9570794591,"OPERATE_PROFIT":1957583100.6,"PRETAX_PROFIT":1939582945.92,"NETCASH_OPERATE":1087448536.76,"NETCASH_INVEST":-217022765.48,"NETCASH_FINANCE":-1064476814.6,"END_CASH":1828595879.12,"DIVI_RATIO":0.052900611658,"DIVIDEND_RATE":2.179487179487,"CURRENT_RATIO":2.804282644946,"COMMON_ACS":2000000000,"CURRENTDEBT_DEBT":94.538927845573,"ISSUED_COMMON_SHARES":1170604599,"HK_COMMON_SHARES":1170604599,"PER_SHARES":1000,"TOTAL_MARKET_CAP":4565357936.1,"HKSK_MARKET_CAP":4565357936.1,"PE_TTM":5.977195397855,"PB_TTM":1.516333244353,"REPORT_DATE_SQ":"2019-12-31 00:00:00","REPORT_TYPE_SQ":"2019年年报","OPERATE_INCOME_SQ":4657645977.6,"DPS_HKD":0.085,"OPERATE_INCOME_QOQ_SQ":-6.972993342475,"NET_PROFIT_RATIO_SQ":24.6809696127,"HOLDER_PROFIT_SQ":1149635902.8,"HOLDER_PROFIT_QOQ_SQ":1.556654865377,"ROE_AVG_SQ":50.149724288201,"PE_TTM_SQ":-5.369772325828,"PB_TTM_SQ":1.592951751431,"ROA_SQ":37.626606267067,"START_DATE":"2020-01-01 00:00:00","FISCAL_YEAR":"12-31","CURRENCY":"HKD","IS_CNY_CODE":0,"DPS_HKD_LY":0.427,"ORG_TYPE":"一般企业","PREMIUM_INCOME":null,"PREMIUM_INCOME_YOY":null,"NET_INTEREST_INCOME":null,"NET_INTEREST_INCOME_YOY":null,"FEE_COMMISSION_INCOME":null,"FEE_COMMISSION_INCOME_YOY":null,"ACCOUNTS_RECE_TDAYS":14.19740607985,"INVENTORY_TDAYS":765.578378378378,"CURRENT_ASSETS_TDAYS":2.000619397366,"TOTAL_ASSETS_TDAYS":1.273157444131,"PREMIUM_EXPENSE":null,"LOAN_DEPOSIT":null,"LOAN_EQUITY":null,"LOAN_ASSETS":null,"DEPOSIT_EQUITY":null,"DEPOSIT_ASSETS":null,"EQUITY_MULTIPLIER":1.265135439274,"EQUITY_RATIO":0.265116550298},{"SECUCODE":"00799.HK","SECURITY_CODE":"00799","SECURITY_NAME_ABBR":"IGG","ORG_CODE":"10278308","STD_REPORT_DATE":"2020-06-30 00:00:00","REPORT_DATE":"2020-06-30 00:00:00","DATE_TYPE_CODE":"002","REPORT_TYPE":"2020年中报","PER_NETCASH_OPERATE":0.496727004892,"PER_OI":1.793363056473,"BPS":2.798000209719,"BASIC_EPS":0.769207824,"DILUTED_EPS":0.758520576,"OPERATE_INCOME":2216446631.52,"OPERATE_INCOME_YOY":-11.940248008,"GROSS_PROFIT":1537731481.44,"GROSS_PROFIT_YOY":-9.134570071887,"HOLDER_PROFIT":942488305.44,"HOLDER_PROFIT_YOY":87.8072234635,"GROSS_PROFIT_RATIO":69.378325937026,"EPS_TTM":1.297578521537,"OPERATE_INCOME_QOQ":-4.877293600512,"NET_PROFIT_RATIO":42.5226852119,"ROE_AVG":7.858447819572,"GROSS_PROFIT_QOQ":-4.90388060307,"ROA":24.942670134944,"HOLDER_PROFIT_QOQ":39.496203980243,"ROE_YEARLY":15.716895639143,"ROIC_YEARLY":127.106542628536,"TOTAL_ASSETS":4165287540.5,"TOTAL_LIABILITIES":889935627,"TAX_EBT":10.072905545266,"OCF_SALES":27.765610691667,"TOTAL_PARENT_EQUITY":3275351913.5,"DEBT_ASSET_RATIO":21.3655268297,"OPERATE_PROFIT":1054290621.12,"PRETAX_PROFIT":1048058220,"NETCASH_OPERATE":613841727.84,"NETCASH_INVEST":-52800485.76,"NETCASH_FINANCE":-322321005.6,"END_CASH":2406201916.8,"DIVI_RATIO":0.059786593807,"DIVIDEND_RATE":2.179487179487,"CURRENT_RATIO":3.437464795837,"COMMON_ACS":2000000000,"CURRENTDEBT_DEBT":94.62475935914,"ISSUED_COMMON_SHARES":1170604599,"HK_COMMON_SHARES":1170604599,"PER_SHARES":1000,"TOTAL_MARKET_CAP":4565357936.1,"HKSK_MARKET_CAP":4565357936.1,"PE_TTM":5.977195397855,"PB_TTM":1.516333244353,"REPORT_DATE_SQ":"2019-06-30 00:00:00","REPORT_TYPE_SQ":"2019年中报","OPERATE_INCOME_SQ":2438222350.2,"DPS_HKD":0.085,"OPERATE_INCOME_QOQ_SQ":-2.574276922234,"NET_PROFIT_RATIO_SQ":19.9348119075,"HOLDER_PROFIT_SQ":486137535.8,"HOLDER_PROFIT_QOQ_SQ":-12.811954541902,"ROE_AVG_SQ":23.44900767662,"PE_TTM_SQ":-5.369772325828,"PB_TTM_SQ":1.592951751431,"ROA_SQ":16.715677004539,"START_DATE":"2020-01-01 00:00:00","FISCAL_YEAR":"12-31","CURRENCY":"HKD","IS_CNY_CODE":0,"DPS_HKD_LY":0.427,"ORG_TYPE":"一般企业","PREMIUM_INCOME":null,"PREMIUM_INCOME_YOY":null,"NET_INTEREST_INCOME":null,"NET_INTEREST_INCOME_YOY":null,"FEE_COMMISSION_INCOME":null,"FEE_COMMISSION_INCOME_YOY":null,"ACCOUNTS_RECE_TDAYS":12.994328831386,"INVENTORY_TDAYS":315.633663366337,"CURRENT_ASSETS_TDAYS":0.818660075125,"TOTAL_ASSETS_TDAYS":0.586573261088,"PREMIUM_EXPENSE":null,"LOAN_DEPOSIT":null,"LOAN_EQUITY":null,"LOAN_ASSETS":null,"DEPOSIT_EQUITY":null,"DEPOSIT_ASSETS":null,"EQUITY_MULTIPLIER":1.271706873186,"EQUITY_RATIO":0.271706873186}],"count":32},"success":true,"message":"ok","code":0}