{"version":"916fd614bc20a291908f88e2766a524d","result":{"pages":2,"data":[{"SECUCODE":"00797.HK","SECURITY_CODE":"00797","SECURITY_NAME_ABBR":"第七大道","ORG_CODE":"10929616","STD_REPORT_DATE":"2024-06-30 00:00:00","REPORT_DATE":"2024-06-30 00:00:00","DATE_TYPE_CODE":"002","REPORT_TYPE":"2024年中报","PER_NETCASH_OPERATE":0.01504394886,"PER_OI":0.050627996513,"BPS":0.63338878396,"BASIC_EPS":-0.003,"DILUTED_EPS":-0.003,"OPERATE_INCOME":139389000,"OPERATE_INCOME_YOY":-62.01541304,"GROSS_PROFIT":103533000,"GROSS_PROFIT_YOY":-68.237318918388,"HOLDER_PROFIT":-7814000,"HOLDER_PROFIT_YOY":-105.9871889175,"GROSS_PROFIT_RATIO":74.276305877795,"EPS_TTM":-0.103438544239,"OPERATE_INCOME_QOQ":-36.253209968585,"NET_PROFIT_RATIO":-4.2836952701,"ROE_AVG":-0.447055989844,"GROSS_PROFIT_QOQ":-58.058647260274,"ROA":-0.37647054289,"HOLDER_PROFIT_QOQ":-94.445620335789,"ROE_YEARLY":-0.894111979687,"ROIC_YEARLY":-0.772496781469,"TOTAL_ASSETS":1876815000,"TOTAL_LIABILITIES":128651000,"TAX_EBT":-4.847344812618,"OCF_SALES":29.714683368128,"TOTAL_PARENT_EQUITY":1743846000,"DEBT_ASSET_RATIO":6.8547512674,"OPERATE_PROFIT":-4789000,"PRETAX_PROFIT":-6911000,"NETCASH_OPERATE":41419000,"NETCASH_INVEST":49931000,"NETCASH_FINANCE":-88699000,"END_CASH":50206000,"DIVI_RATIO":null,"DIVIDEND_RATE":null,"CURRENT_RATIO":2.996433883327,"COMMON_ACS":10000000000,"CURRENTDEBT_DEBT":89.366580904929,"ISSUED_COMMON_SHARES":2753200000,"HK_COMMON_SHARES":2753200000,"PER_SHARES":2000,"TOTAL_MARKET_CAP":1982304000,"HKSK_MARKET_CAP":1982304000,"PE_TTM":-6.35893330708,"PB_TTM":1.037482217306,"REPORT_DATE_SQ":"2023-06-30 00:00:00","REPORT_TYPE_SQ":"2023年中报","OPERATE_INCOME_SQ":366962000,"DPS_HKD":null,"OPERATE_INCOME_QOQ_SQ":44.239313393633,"NET_PROFIT_RATIO_SQ":29.4027751481,"HOLDER_PROFIT_SQ":130512000,"HOLDER_PROFIT_QOQ_SQ":-38.898898757164,"ROE_AVG_SQ":6.637656924194,"PE_TTM_SQ":41.290076429101,"PB_TTM_SQ":3.310630510226,"ROA_SQ":4.930872128739,"START_DATE":"2024-01-01 00:00:00","FISCAL_YEAR":"12-31","CURRENCY":"HKD","IS_CNY_CODE":0,"DPS_HKD_LY":null,"ORG_TYPE":"一般企业","PREMIUM_INCOME":null,"PREMIUM_INCOME_YOY":null,"NET_INTEREST_INCOME":null,"NET_INTEREST_INCOME_YOY":null,"FEE_COMMISSION_INCOME":null,"FEE_COMMISSION_INCOME_YOY":null,"ACCOUNTS_RECE_TDAYS":1.126325698656,"INVENTORY_TDAYS":null,"CURRENT_ASSETS_TDAYS":0.403582146595,"TOTAL_ASSETS_TDAYS":0.067156197214,"PREMIUM_EXPENSE":null,"LOAN_DEPOSIT":null,"LOAN_EQUITY":null,"LOAN_ASSETS":null,"DEPOSIT_EQUITY":null,"DEPOSIT_ASSETS":null,"EQUITY_MULTIPLIER":1.073592065733,"EQUITY_RATIO":0.073774289702},{"SECUCODE":"00797.HK","SECURITY_CODE":"00797","SECURITY_NAME_ABBR":"第七大道","ORG_CODE":"10929616","STD_REPORT_DATE":"2023-12-31 00:00:00","REPORT_DATE":"2023-12-31 00:00:00","DATE_TYPE_CODE":"001","REPORT_TYPE":"2023年年报","PER_NETCASH_OPERATE":0.089133008862,"PER_OI":0.228000871713,"BPS":0.636318828999,"BASIC_EPS":-0.0569,"DILUTED_EPS":-0.0569,"OPERATE_INCOME":627732000,"OPERATE_INCOME_YOY":16.1112035958,"GROSS_PROFIT":383104000,"GROSS_PROFIT_YOY":46.669065822368,"HOLDER_PROFIT":-146461000,"HOLDER_PROFIT_YOY":-151.8447852913,"GROSS_PROFIT_RATIO":61.029866248654,"EPS_TTM":-0.053196643905,"OPERATE_INCOME_QOQ":-19.501000896383,"NET_PROFIT_RATIO":-23.0821433351,"ROE_AVG":-8.019718977736,"GROSS_PROFIT_QOQ":-26.77381928556,"ROA":-5.953080889363,"HOLDER_PROFIT_QOQ":-184.850819767105,"ROE_YEARLY":-8.019718977736,"ROIC_YEARLY":-6.147413946341,"TOTAL_ASSETS":2274373000,"TOTAL_LIABILITIES":519985000,"TAX_EBT":-3.341440278441,"OCF_SALES":39.093275474247,"TOTAL_PARENT_EQUITY":1751913000,"DEBT_ASSET_RATIO":22.8627846004,"OPERATE_PROFIT":-116074000,"PRETAX_PROFIT":-140209000,"NETCASH_OPERATE":245401000,"NETCASH_INVEST":-219797000,"NETCASH_FINANCE":-82496000,"END_CASH":48088000,"DIVI_RATIO":null,"DIVIDEND_RATE":null,"CURRENT_RATIO":0.990783370579,"COMMON_ACS":10000000000,"CURRENTDEBT_DEBT":67.20905410733,"ISSUED_COMMON_SHARES":2753200000,"HK_COMMON_SHARES":2753200000,"PER_SHARES":2000,"TOTAL_MARKET_CAP":3303840000,"HKSK_MARKET_CAP":3303840000,"PE_TTM":-10.598222178467,"PB_TTM":1.729137028843,"REPORT_DATE_SQ":"2022-12-31 00:00:00","REPORT_TYPE_SQ":"2022年年报","OPERATE_INCOME_SQ":540630000,"DPS_HKD":null,"OPERATE_INCOME_QOQ_SQ":4.876709777668,"NET_PROFIT_RATIO_SQ":51.7185505799,"HOLDER_PROFIT_SQ":282499000,"HOLDER_PROFIT_QOQ_SQ":-7.114556926648,"ROE_AVG_SQ":16.073577988281,"PE_TTM_SQ":33.655307579946,"PB_TTM_SQ":2.698476189467,"ROA_SQ":12.137592232601,"START_DATE":"2023-01-01 00:00:00","FISCAL_YEAR":"12-31","CURRENCY":"HKD","IS_CNY_CODE":0,"DPS_HKD_LY":null,"ORG_TYPE":"一般企业","PREMIUM_INCOME":null,"PREMIUM_INCOME_YOY":null,"NET_INTEREST_INCOME":null,"NET_INTEREST_INCOME_YOY":null,"FEE_COMMISSION_INCOME":null,"FEE_COMMISSION_INCOME_YOY":null,"ACCOUNTS_RECE_TDAYS":2.335386349643,"INVENTORY_TDAYS":null,"CURRENT_ASSETS_TDAYS":1.210456795432,"TOTAL_ASSETS_TDAYS":0.255149109513,"PREMIUM_EXPENSE":null,"LOAN_DEPOSIT":null,"LOAN_EQUITY":null,"LOAN_ASSETS":null,"DEPOSIT_EQUITY":null,"DEPOSIT_ASSETS":null,"EQUITY_MULTIPLIER":1.296391106186,"EQUITY_RATIO":0.296809830169},{"SECUCODE":"00797.HK","SECURITY_CODE":"00797","SECURITY_NAME_ABBR":"第七大道","ORG_CODE":"10929616","STD_REPORT_DATE":"2023-06-30 00:00:00","REPORT_DATE":"2023-06-30 00:00:00","DATE_TYPE_CODE":"002","REPORT_TYPE":"2023年中报","PER_NETCASH_OPERATE":0.0802542496,"PER_OI":0.133285631265,"BPS":0.738000508499,"BASIC_EPS":0.051,"DILUTED_EPS":0.051,"OPERATE_INCOME":366962000,"OPERATE_INCOME_YOY":116.9649013845,"GROSS_PROFIT":325958000,"GROSS_PROFIT_YOY":438.755743611781,"HOLDER_PROFIT":130512000,"HOLDER_PROFIT_YOY":-45.7107083581,"GROSS_PROFIT_RATIO":72.687151190573,"EPS_TTM":0.062694319337,"OPERATE_INCOME_QOQ":44.239313393633,"NET_PROFIT_RATIO":29.4027751481,"ROE_AVG":6.637656924194,"GROSS_PROFIT_QOQ":100.295938408058,"ROA":4.930872128739,"HOLDER_PROFIT_QOQ":-38.898898757164,"ROE_YEARLY":13.275313848389,"ROIC_YEARLY":10.294845261208,"TOTAL_ASSETS":2647530000,"TOTAL_LIABILITIES":615042000,"TAX_EBT":1.750996806317,"OCF_SALES":49.803900354332,"TOTAL_PARENT_EQUITY":2031863000,"DEBT_ASSET_RATIO":23.2307849203,"OPERATE_PROFIT":154168000,"PRETAX_PROFIT":153741000,"NETCASH_OPERATE":220956000,"NETCASH_INVEST":-201644000,"NETCASH_FINANCE":-7084000,"END_CASH":117093000,"DIVI_RATIO":null,"DIVIDEND_RATE":null,"CURRENT_RATIO":1.579193132677,"COMMON_ACS":10000000000,"CURRENTDEBT_DEBT":60.307426159514,"ISSUED_COMMON_SHARES":2753200000,"HK_COMMON_SHARES":2753200000,"PER_SHARES":2000,"TOTAL_MARKET_CAP":3303840000,"HKSK_MARKET_CAP":3303840000,"PE_TTM":-10.598222178467,"PB_TTM":1.729137028843,"REPORT_DATE_SQ":"2022-06-30 00:00:00","REPORT_TYPE_SQ":"2022年中报","OPERATE_INCOME_SQ":204481000,"DPS_HKD":null,"OPERATE_INCOME_QOQ_SQ":22.577477213983,"NET_PROFIT_RATIO_SQ":117.5180090082,"HOLDER_PROFIT_SQ":240401000,"HOLDER_PROFIT_QOQ_SQ":222.739717305488,"ROE_AVG_SQ":13.8492642897,"PE_TTM_SQ":33.655307579946,"PB_TTM_SQ":2.698476189467,"ROA_SQ":10.880078857615,"START_DATE":"2023-01-01 00:00:00","FISCAL_YEAR":"12-31","CURRENCY":"HKD","IS_CNY_CODE":0,"DPS_HKD_LY":null,"ORG_TYPE":"一般企业","PREMIUM_INCOME":null,"PREMIUM_INCOME_YOY":null,"NET_INTEREST_INCOME":null,"NET_INTEREST_INCOME_YOY":null,"FEE_COMMISSION_INCOME":null,"FEE_COMMISSION_INCOME_YOY":null,"ACCOUNTS_RECE_TDAYS":1.220462659787,"INVENTORY_TDAYS":60.016840019812,"CURRENT_ASSETS_TDAYS":0.695012195752,"TOTAL_ASSETS_TDAYS":0.167616102861,"PREMIUM_EXPENSE":null,"LOAN_DEPOSIT":null,"LOAN_EQUITY":null,"LOAN_ASSETS":null,"DEPOSIT_EQUITY":null,"DEPOSIT_ASSETS":null,"EQUITY_MULTIPLIER":1.302605476638,"EQUITY_RATIO":0.302698557924},{"SECUCODE":"00797.HK","SECURITY_CODE":"00797","SECURITY_NAME_ABBR":"第七大道","ORG_CODE":"10929616","STD_REPORT_DATE":"2022-12-31 00:00:00","REPORT_DATE":"2022-12-31 00:00:00","DATE_TYPE_CODE":"001","REPORT_TYPE":"2022年年报","PER_NETCASH_OPERATE":0.071192067412,"PER_OI":0.196364230713,"BPS":0.690327255557,"BASIC_EPS":0.1097,"DILUTED_EPS":0.1097,"OPERATE_INCOME":540630000,"OPERATE_INCOME_YOY":28.5552250305,"GROSS_PROFIT":261203000,"GROSS_PROFIT_YOY":16.363806460523,"HOLDER_PROFIT":282499000,"HOLDER_PROFIT_YOY":199.7782163929,"GROSS_PROFIT_RATIO":48.314558940495,"EPS_TTM":0.10260751126,"OPERATE_INCOME_QOQ":4.876709777668,"NET_PROFIT_RATIO":51.7185505799,"ROE_AVG":16.073577988281,"GROSS_PROFIT_QOQ":9.789754194828,"ROA":12.137592232601,"HOLDER_PROFIT_QOQ":-7.114556926648,"ROE_YEARLY":16.073577988281,"ROIC_YEARLY":12.741715713049,"TOTAL_ASSETS":2646138000,"TOTAL_LIABILITIES":745291000,"TAX_EBT":1.33491419921,"OCF_SALES":36.255109779332,"TOTAL_PARENT_EQUITY":1900609000,"DEBT_ASSET_RATIO":28.1652355244,"OPERATE_PROFIT":307374000,"PRETAX_PROFIT":283389000,"NETCASH_OPERATE":196006000,"NETCASH_INVEST":-338330000,"NETCASH_FINANCE":135449000,"END_CASH":104747000,"DIVI_RATIO":null,"DIVIDEND_RATE":null,"CURRENT_RATIO":1.519096271769,"COMMON_ACS":10000000000,"CURRENTDEBT_DEBT":61.026766726017,"ISSUED_COMMON_SHARES":2753200000,"HK_COMMON_SHARES":2753200000,"PER_SHARES":2000,"TOTAL_MARKET_CAP":3303840000,"HKSK_MARKET_CAP":3303840000,"PE_TTM":-10.598222178467,"PB_TTM":1.729137028843,"REPORT_DATE_SQ":"2021-12-31 00:00:00","REPORT_TYPE_SQ":"2021年年报","OPERATE_INCOME_SQ":420543000,"DPS_HKD":null,"OPERATE_INCOME_QOQ_SQ":25.340291665797,"NET_PROFIT_RATIO_SQ":23.3008277394,"HOLDER_PROFIT_SQ":94236000,"HOLDER_PROFIT_QOQ_SQ":18.6403122246,"ROE_AVG_SQ":6.025346660759,"PE_TTM_SQ":33.655307579946,"PB_TTM_SQ":2.698476189467,"ROA_SQ":4.571069345299,"START_DATE":"2022-01-01 00:00:00","FISCAL_YEAR":"12-31","CURRENCY":"HKD","IS_CNY_CODE":0,"DPS_HKD_LY":null,"ORG_TYPE":"一般企业","PREMIUM_INCOME":null,"PREMIUM_INCOME_YOY":null,"NET_INTEREST_INCOME":null,"NET_INTEREST_INCOME_YOY":null,"FEE_COMMISSION_INCOME":null,"FEE_COMMISSION_INCOME_YOY":null,"ACCOUNTS_RECE_TDAYS":1.792215929151,"INVENTORY_TDAYS":138.398712233779,"CURRENT_ASSETS_TDAYS":0.928505122725,"TOTAL_ASSETS_TDAYS":0.232282113873,"PREMIUM_EXPENSE":null,"LOAN_DEPOSIT":null,"LOAN_EQUITY":null,"LOAN_ASSETS":null,"DEPOSIT_EQUITY":null,"DEPOSIT_ASSETS":null,"EQUITY_MULTIPLIER":1.392083634296,"EQUITY_RATIO":0.392132732193},{"SECUCODE":"00797.HK","SECURITY_CODE":"00797","SECURITY_NAME_ABBR":"第七大道","ORG_CODE":"10929616","STD_REPORT_DATE":"2022-06-30 00:00:00","REPORT_DATE":"2022-06-30 00:00:00","DATE_TYPE_CODE":"002","REPORT_TYPE":"2022年中报","PER_NETCASH_OPERATE":0.008853334302,"PER_OI":0.074270303647,"BPS":0.674565959611,"BASIC_EPS":0.093,"DILUTED_EPS":0.093,"OPERATE_INCOME":204481000,"OPERATE_INCOME_YOY":86.6843782239,"GROSS_PROFIT":60502000,"GROSS_PROFIT_YOY":28.560804062812,"HOLDER_PROFIT":240401000,"HOLDER_PROFIT_YOY":688.2,"GROSS_PROFIT_RATIO":29.588079088033,"EPS_TTM":0.110466729624,"OPERATE_INCOME_QOQ":22.577477213983,"NET_PROFIT_RATIO":117.5180090082,"ROE_AVG":13.8492642897,"GROSS_PROFIT_QOQ":5.987855892298,"ROA":10.880078857615,"HOLDER_PROFIT_QOQ":222.739717305488,"ROE_YEARLY":27.698528579399,"ROIC_YEARLY":22.737384303704,"TOTAL_ASSETS":2410299000,"TOTAL_LIABILITIES":501963000,"TAX_EBT":19.809519995729,"OCF_SALES":11.920422924379,"TOTAL_PARENT_EQUITY":1857215000,"DEBT_ASSET_RATIO":20.8257564725,"OPERATE_PROFIT":306033000,"PRETAX_PROFIT":299664000,"NETCASH_OPERATE":24375000,"NETCASH_INVEST":-263817000,"NETCASH_FINANCE":153461000,"END_CASH":23087000,"DIVI_RATIO":null,"DIVIDEND_RATE":null,"CURRENT_RATIO":1.632362351651,"COMMON_ACS":10000000000,"CURRENTDEBT_DEBT":74.094305755604,"ISSUED_COMMON_SHARES":2753200000,"HK_COMMON_SHARES":2753200000,"PER_SHARES":2000,"TOTAL_MARKET_CAP":3303840000,"HKSK_MARKET_CAP":3303840000,"PE_TTM":-10.598222178467,"PB_TTM":1.729137028843,"REPORT_DATE_SQ":"2021-06-30 00:00:00","REPORT_TYPE_SQ":"2021年中报","OPERATE_INCOME_SQ":109533000,"DPS_HKD":null,"OPERATE_INCOME_QOQ_SQ":-20.926061657314,"NET_PROFIT_RATIO_SQ":27.7806688395,"HOLDER_PROFIT_SQ":30500000,"HOLDER_PROFIT_QOQ_SQ":-2.310937288615,"ROE_AVG_SQ":1.992021464195,"PE_TTM_SQ":33.655307579946,"PB_TTM_SQ":2.698476189467,"ROA_SQ":1.475900837852,"START_DATE":"2022-01-01 00:00:00","FISCAL_YEAR":"12-31","CURRENCY":"HKD","IS_CNY_CODE":0,"DPS_HKD_LY":null,"ORG_TYPE":"一般企业","PREMIUM_INCOME":null,"PREMIUM_INCOME_YOY":null,"NET_INTEREST_INCOME":null,"NET_INTEREST_INCOME_YOY":null,"FEE_COMMISSION_INCOME":null,"FEE_COMMISSION_INCOME_YOY":null,"ACCOUNTS_RECE_TDAYS":0.791581742764,"INVENTORY_TDAYS":71.312035661218,"CURRENT_ASSETS_TDAYS":0.378420092735,"TOTAL_ASSETS_TDAYS":0.092544099437,"PREMIUM_EXPENSE":null,"LOAN_DEPOSIT":null,"LOAN_EQUITY":null,"LOAN_ASSETS":null,"DEPOSIT_EQUITY":null,"DEPOSIT_ASSETS":null,"EQUITY_MULTIPLIER":1.263037012349,"EQUITY_RATIO":0.270277269998},{"SECUCODE":"00797.HK","SECURITY_CODE":"00797","SECURITY_NAME_ABBR":"第七大道","ORG_CODE":"10929616","STD_REPORT_DATE":"2021-12-31 00:00:00","REPORT_DATE":"2021-12-31 00:00:00","DATE_TYPE_CODE":"001","REPORT_TYPE":"2021年年报","PER_NETCASH_OPERATE":0.06361070754,"PER_OI":0.152746985326,"BPS":0.586395467093,"BASIC_EPS":0.0366,"DILUTED_EPS":0.0366,"OPERATE_INCOME":420543000,"OPERATE_INCOME_YOY":-0.8884950496,"GROSS_PROFIT":224471000,"GROSS_PROFIT_YOY":-28.393380077709,"HOLDER_PROFIT":94236000,"HOLDER_PROFIT_YOY":15.8986090101,"GROSS_PROFIT_RATIO":53.376468042507,"EPS_TTM":0.034227807642,"OPERATE_INCOME_QOQ":25.340291665797,"NET_PROFIT_RATIO":23.3008277394,"ROE_AVG":6.025346660759,"GROSS_PROFIT_QOQ":9.021544857598,"ROA":4.571069345299,"HOLDER_PROFIT_QOQ":18.6403122246,"ROE_YEARLY":6.025346660759,"ROIC_YEARLY":5.189567117542,"TOTAL_ASSETS":2008805000,"TOTAL_LIABILITIES":387121000,"TAX_EBT":-7.527707670361,"OCF_SALES":41.644492953158,"TOTAL_PARENT_EQUITY":1614464000,"DEBT_ASSET_RATIO":19.2712085046,"OPERATE_PROFIT":37724000,"PRETAX_PROFIT":91130000,"NETCASH_OPERATE":175133000,"NETCASH_INVEST":-369787000,"NETCASH_FINANCE":-74710000,"END_CASH":108500000,"DIVI_RATIO":null,"DIVIDEND_RATE":null,"CURRENT_RATIO":1.376690009215,"COMMON_ACS":10000000000,"CURRENTDEBT_DEBT":88.862913662653,"ISSUED_COMMON_SHARES":2753200000,"HK_COMMON_SHARES":2753200000,"PER_SHARES":2000,"TOTAL_MARKET_CAP":3303840000,"HKSK_MARKET_CAP":3303840000,"PE_TTM":-10.598222178467,"PB_TTM":1.729137028843,"REPORT_DATE_SQ":"2020-12-31 00:00:00","REPORT_TYPE_SQ":"2020年年报","OPERATE_INCOME_SQ":424313000,"DPS_HKD":null,"OPERATE_INCOME_QOQ_SQ":-0.912381486152,"NET_PROFIT_RATIO_SQ":18.8542420336,"HOLDER_PROFIT_SQ":81309000,"HOLDER_PROFIT_QOQ_SQ":18.250436300175,"ROE_AVG_SQ":6.18370177931,"PE_TTM_SQ":33.655307579946,"PB_TTM_SQ":2.698476189467,"ROA_SQ":4.009018059539,"START_DATE":"2021-01-01 00:00:00","FISCAL_YEAR":"12-31","CURRENCY":"HKD","IS_CNY_CODE":0,"DPS_HKD_LY":null,"ORG_TYPE":"一般企业","PREMIUM_INCOME":null,"PREMIUM_INCOME_YOY":null,"NET_INTEREST_INCOME":null,"NET_INTEREST_INCOME_YOY":null,"FEE_COMMISSION_INCOME":null,"FEE_COMMISSION_INCOME_YOY":null,"ACCOUNTS_RECE_TDAYS":1.600596023087,"INVENTORY_TDAYS":97.113422486379,"CURRENT_ASSETS_TDAYS":0.625442728763,"TOTAL_ASSETS_TDAYS":0.203991172766,"PREMIUM_EXPENSE":null,"LOAN_DEPOSIT":null,"LOAN_EQUITY":null,"LOAN_ASSETS":null,"DEPOSIT_EQUITY":null,"DEPOSIT_ASSETS":null,"EQUITY_MULTIPLIER":1.23871543408,"EQUITY_RATIO":0.239782986799},{"SECUCODE":"00797.HK","SECURITY_CODE":"00797","SECURITY_NAME_ABBR":"第七大道","ORG_CODE":"10929616","STD_REPORT_DATE":"2021-06-30 00:00:00","REPORT_DATE":"2021-06-30 00:00:00","DATE_TYPE_CODE":"002","REPORT_TYPE":"2021年中报","PER_NETCASH_OPERATE":0.012021647537,"PER_OI":0.03978388784,"BPS":0.562506901061,"BASIC_EPS":0.012,"DILUTED_EPS":0.012,"OPERATE_INCOME":109533000,"OPERATE_INCOME_YOY":-44.7709567629,"GROSS_PROFIT":47061000,"GROSS_PROFIT_YOY":-69.567972685476,"HOLDER_PROFIT":30500000,"HOLDER_PROFIT_YOY":-5.8031440131,"GROSS_PROFIT_RATIO":42.965133795295,"EPS_TTM":0.028850065378,"OPERATE_INCOME_QOQ":-20.926061657314,"NET_PROFIT_RATIO":27.7806688395,"ROE_AVG":1.992021464195,"GROSS_PROFIT_QOQ":-34.318835771569,"ROA":1.475900837852,"HOLDER_PROFIT_QOQ":-2.310937288615,"ROE_YEARLY":3.984042928389,"ROIC_YEARLY":3.604800412247,"TOTAL_ASSETS":2018725000,"TOTAL_LIABILITIES":466727000,"TAX_EBT":-44.562687063519,"OCF_SALES":30.217377411374,"TOTAL_PARENT_EQUITY":1548694000,"DEBT_ASSET_RATIO":23.1198900296,"OPERATE_PROFIT":-15035000,"PRETAX_PROFIT":21049000,"NETCASH_OPERATE":33098000,"NETCASH_INVEST":12837000,"NETCASH_FINANCE":-54382000,"END_CASH":369708000,"DIVI_RATIO":null,"DIVIDEND_RATE":null,"CURRENT_RATIO":1.634081275081,"COMMON_ACS":10000000000,"CURRENTDEBT_DEBT":94.77167594761,"ISSUED_COMMON_SHARES":2753200000,"HK_COMMON_SHARES":2753200000,"PER_SHARES":2000,"TOTAL_MARKET_CAP":3303840000,"HKSK_MARKET_CAP":3303840000,"PE_TTM":-10.598222178467,"PB_TTM":1.729137028843,"REPORT_DATE_SQ":"2020-06-30 00:00:00","REPORT_TYPE_SQ":"2020年中报","OPERATE_INCOME_SQ":198325000,"DPS_HKD":null,"OPERATE_INCOME_QOQ_SQ":28.448402568848,"NET_PROFIT_RATIO_SQ":16.400352956,"HOLDER_PROFIT_SQ":32379000,"HOLDER_PROFIT_QOQ_SQ":537.197664720601,"ROE_AVG_SQ":2.868182651654,"PE_TTM_SQ":33.655307579946,"PB_TTM_SQ":2.698476189467,"ROA_SQ":1.743294864444,"START_DATE":"2021-01-01 00:00:00","FISCAL_YEAR":"12-31","CURRENCY":"HKD","IS_CNY_CODE":0,"DPS_HKD_LY":null,"ORG_TYPE":"一般企业","PREMIUM_INCOME":null,"PREMIUM_INCOME_YOY":null,"NET_INTEREST_INCOME":null,"NET_INTEREST_INCOME_YOY":null,"FEE_COMMISSION_INCOME":null,"FEE_COMMISSION_INCOME_YOY":null,"ACCOUNTS_RECE_TDAYS":0.457559997494,"INVENTORY_TDAYS":null,"CURRENT_ASSETS_TDAYS":0.137432566975,"TOTAL_ASSETS_TDAYS":0.053003228352,"PREMIUM_EXPENSE":null,"LOAN_DEPOSIT":null,"LOAN_EQUITY":null,"LOAN_ASSETS":null,"DEPOSIT_EQUITY":null,"DEPOSIT_ASSETS":null,"EQUITY_MULTIPLIER":1.300726547328,"EQUITY_RATIO":0.301368120494},{"SECUCODE":"00797.HK","SECURITY_CODE":"00797","SECURITY_NAME_ABBR":"第七大道","ORG_CODE":"10929616","STD_REPORT_DATE":"2020-12-31 00:00:00","REPORT_DATE":"2020-12-31 00:00:00","DATE_TYPE_CODE":"001","REPORT_TYPE":"2020年年报","PER_NETCASH_OPERATE":0.037514165335,"PER_OI":0.154116301032,"BPS":0.549731948278,"BASIC_EPS":0.0333,"DILUTED_EPS":0.0333,"OPERATE_INCOME":424313000,"OPERATE_INCOME_YOY":27.2764631246,"GROSS_PROFIT":313478000,"GROSS_PROFIT_YOY":6.941265168133,"HOLDER_PROFIT":81309000,"HOLDER_PROFIT_YOY":653.4890186266,"GROSS_PROFIT_RATIO":73.878952565677,"EPS_TTM":0.029532543949,"OPERATE_INCOME_QOQ":-0.912381486152,"NET_PROFIT_RATIO":18.8542420336,"ROE_AVG":6.18370177931,"GROSS_PROFIT_QOQ":-13.543821327906,"ROA":4.009018059539,"HOLDER_PROFIT_QOQ":18.250436300175,"ROE_YEARLY":6.18370177931,"ROIC_YEARLY":4.469933131595,"TOTAL_ASSETS":2114344000,"TOTAL_LIABILITIES":602447000,"TAX_EBT":-54.147478756816,"OCF_SALES":24.341464909159,"TOTAL_PARENT_EQUITY":1513522000,"DEBT_ASSET_RATIO":28.4933293731,"OPERATE_PROFIT":58179000,"PRETAX_PROFIT":51899000,"NETCASH_OPERATE":103501000,"NETCASH_INVEST":-63065000,"NETCASH_FINANCE":295499000,"END_CASH":377306000,"DIVI_RATIO":null,"DIVIDEND_RATE":null,"CURRENT_RATIO":1.835286533766,"COMMON_ACS":10000000000,"CURRENTDEBT_DEBT":78.793819207333,"ISSUED_COMMON_SHARES":2753200000,"HK_COMMON_SHARES":2753200000,"PER_SHARES":2000,"TOTAL_MARKET_CAP":3303840000,"HKSK_MARKET_CAP":3303840000,"PE_TTM":-10.598222178467,"PB_TTM":1.729137028843,"REPORT_DATE_SQ":"2019-12-31 00:00:00","REPORT_TYPE_SQ":"2019年年报","OPERATE_INCOME_SQ":333379000,"DPS_HKD":null,"OPERATE_INCOME_QOQ_SQ":64.879127183525,"NET_PROFIT_RATIO_SQ":4.1709285828,"HOLDER_PROFIT_SQ":10791000,"HOLDER_PROFIT_QOQ_SQ":104.729492820953,"ROE_AVG_SQ":0.941052328649,"PE_TTM_SQ":33.655307579946,"PB_TTM_SQ":2.698476189467,"ROA_SQ":0.658479456155,"START_DATE":"2020-01-01 00:00:00","FISCAL_YEAR":"12-31","CURRENCY":"HKD","IS_CNY_CODE":0,"DPS_HKD_LY":null,"ORG_TYPE":"一般企业","PREMIUM_INCOME":null,"PREMIUM_INCOME_YOY":null,"NET_INTEREST_INCOME":null,"NET_INTEREST_INCOME_YOY":null,"FEE_COMMISSION_INCOME":null,"FEE_COMMISSION_INCOME_YOY":null,"ACCOUNTS_RECE_TDAYS":1.631420903694,"INVENTORY_TDAYS":null,"CURRENT_ASSETS_TDAYS":0.494494647315,"TOTAL_ASSETS_TDAYS":0.209211585421,"PREMIUM_EXPENSE":null,"LOAN_DEPOSIT":null,"LOAN_EQUITY":null,"LOAN_ASSETS":null,"DEPOSIT_EQUITY":null,"DEPOSIT_ASSETS":null,"EQUITY_MULTIPLIER":1.398470927583,"EQUITY_RATIO":0.398043107401},{"SECUCODE":"00797.HK","SECURITY_CODE":"00797","SECURITY_NAME_ABBR":"第七大道","ORG_CODE":"10929616","STD_REPORT_DATE":"2020-06-30 00:00:00","REPORT_DATE":"2020-06-30 00:00:00","DATE_TYPE_CODE":"002","REPORT_TYPE":"2020年中报","PER_NETCASH_OPERATE":0.060214926513,"PER_OI":0.075711013552,"BPS":0.414624437019,"BASIC_EPS":0.013,"DILUTED_EPS":0.013,"OPERATE_INCOME":198325000,"OPERATE_INCOME_YOY":91.6479842294,"GROSS_PROFIT":154643000,"GROSS_PROFIT_YOY":81.531436352538,"HOLDER_PROFIT":32379000,"HOLDER_PROFIT_YOY":226.52989449,"GROSS_PROFIT_RATIO":77.974536745241,"EPS_TTM":0.026249284215,"OPERATE_INCOME_QOQ":28.448402568848,"NET_PROFIT_RATIO":16.400352956,"ROE_AVG":2.868182651654,"GROSS_PROFIT_QOQ":23.694184511362,"ROA":1.743294864444,"HOLDER_PROFIT_QOQ":537.197664720601,"ROE_YEARLY":5.736365303308,"ROIC_YEARLY":3.655548210865,"TOTAL_ASSETS":1772729000,"TOTAL_LIABILITIES":632466000,"TAX_EBT":-79.137522718511,"OCF_SALES":79.532585402748,"TOTAL_PARENT_EQUITY":1141544000,"DEBT_ASSET_RATIO":35.677534468,"OPERATE_PROFIT":21254000,"PRETAX_PROFIT":18157000,"NETCASH_OPERATE":157733000,"NETCASH_INVEST":-81014000,"NETCASH_FINANCE":6172000,"END_CASH":130390000,"DIVI_RATIO":null,"DIVIDEND_RATE":null,"CURRENT_RATIO":1.207590003431,"COMMON_ACS":10000000000,"CURRENTDEBT_DEBT":73.268602581008,"ISSUED_COMMON_SHARES":2753200000,"HK_COMMON_SHARES":2753200000,"PER_SHARES":2000,"TOTAL_MARKET_CAP":3303840000,"HKSK_MARKET_CAP":3303840000,"PE_TTM":-10.598222178467,"PB_TTM":1.729137028843,"REPORT_DATE_SQ":"2019-06-30 00:00:00","REPORT_TYPE_SQ":"2019年中报","OPERATE_INCOME_SQ":103484000,"DPS_HKD":null,"OPERATE_INCOME_QOQ_SQ":-39.167950322519,"NET_PROFIT_RATIO_SQ":-24.7284604383,"HOLDER_PROFIT_SQ":-25590000,"HOLDER_PROFIT_QOQ_SQ":-132.746784180514,"ROE_AVG_SQ":-2.20141151857,"PE_TTM_SQ":33.655307579946,"PB_TTM_SQ":2.698476189467,"ROA_SQ":-1.917216552194,"START_DATE":"2020-01-01 00:00:00","FISCAL_YEAR":"12-31","CURRENCY":"HKD","IS_CNY_CODE":0,"DPS_HKD_LY":null,"ORG_TYPE":"一般企业","PREMIUM_INCOME":null,"PREMIUM_INCOME_YOY":null,"NET_INTEREST_INCOME":null,"NET_INTEREST_INCOME_YOY":null,"FEE_COMMISSION_INCOME":null,"FEE_COMMISSION_INCOME_YOY":null,"ACCOUNTS_RECE_TDAYS":0.821531094533,"INVENTORY_TDAYS":null,"CURRENT_ASSETS_TDAYS":0.282403616817,"TOTAL_ASSETS_TDAYS":0.106778762158,"PREMIUM_EXPENSE":null,"LOAN_DEPOSIT":null,"LOAN_EQUITY":null,"LOAN_ASSETS":null,"DEPOSIT_EQUITY":null,"DEPOSIT_ASSETS":null,"EQUITY_MULTIPLIER":1.554666774243,"EQUITY_RATIO":0.554044346955}],"count":17},"success":true,"message":"ok","code":0}