{"version":"f3ce2a1833d131ef6f772b5aef470bcd","result":{"pages":4,"data":[{"SECUCODE":"00807.HK","SECURITY_CODE":"00807","SECURITY_NAME_ABBR":"上海实业环境","ORG_CODE":"10770692","STD_REPORT_DATE":"2024-09-30 00:00:00","REPORT_DATE":"2024-09-30 00:00:00","DATE_TYPE_CODE":"004","REPORT_TYPE":"2024年三季报","PER_NETCASH_OPERATE":-0.010384499716,"PER_OI":2.047084738821,"BPS":4.086837780905,"BASIC_EPS":0.194,"DILUTED_EPS":0.194,"OPERATE_INCOME":5272606000,"OPERATE_INCOME_YOY":-16.9532202051,"GROSS_PROFIT":1988801000,"GROSS_PROFIT_YOY":-10.186112634001,"HOLDER_PROFIT":499627000,"HOLDER_PROFIT_YOY":-14.3570958408,"GROSS_PROFIT_RATIO":37.719507203838,"EPS_TTM":0.20199088521,"OPERATE_INCOME_QOQ":-5.540033250174,"NET_PROFIT_RATIO":14.7849279844,"ROE_AVG":4.837167108751,"GROSS_PROFIT_QOQ":-2.564113650863,"ROA":1.157197918847,"HOLDER_PROFIT_QOQ":-5.081433937892,"ROE_YEARLY":6.449556145001,"ROIC_YEARLY":1.425471973058,"TOTAL_ASSETS":43743235000,"TOTAL_LIABILITIES":27782044000,"TAX_EBT":21.667179137803,"OCF_SALES":-0.507282357149,"TOTAL_PARENT_EQUITY":10526328000,"DEBT_ASSET_RATIO":63.5116355706,"OPERATE_PROFIT":1570460000,"PRETAX_PROFIT":995178000,"NETCASH_OPERATE":-26747000,"NETCASH_INVEST":-808885000,"NETCASH_FINANCE":721427000,"END_CASH":2771712000,"DIVI_RATIO":0.15452645513,"DIVIDEND_RATE":3.827,"CURRENT_RATIO":1.255563807105,"COMMON_ACS":null,"CURRENTDEBT_DEBT":30.350848195331,"ISSUED_COMMON_SHARES":2575665726,"HK_COMMON_SHARES":2575665726,"PER_SHARES":1000,"TOTAL_MARKET_CAP":2318099153.4,"HKSK_MARKET_CAP":2318099153.4,"PE_TTM":3.963829177565,"PB_TTM":0.198591440011,"REPORT_DATE_SQ":"2023-09-30 00:00:00","REPORT_TYPE_SQ":"2023年三季报","OPERATE_INCOME_SQ":6348959000,"DPS_HKD":0.034443,"OPERATE_INCOME_QOQ_SQ":2.653934328239,"NET_PROFIT_RATIO_SQ":14.561741539,"HOLDER_PROFIT_SQ":583384000,"HOLDER_PROFIT_QOQ_SQ":0.130379414202,"ROE_AVG_SQ":5.891142257063,"PE_TTM_SQ":3.520980694955,"PB_TTM_SQ":0.28390763836,"ROA_SQ":1.398143411627,"START_DATE":"2024-01-01 00:00:00","FISCAL_YEAR":"12-31","CURRENCY":"HKD","IS_CNY_CODE":0,"DPS_HKD_LY":0.034443,"ORG_TYPE":"一般企业","PREMIUM_INCOME":null,"PREMIUM_INCOME_YOY":null,"NET_INTEREST_INCOME":null,"NET_INTEREST_INCOME_YOY":null,"FEE_COMMISSION_INCOME":null,"FEE_COMMISSION_INCOME_YOY":null,"ACCOUNTS_RECE_TDAYS":0.913950416435,"INVENTORY_TDAYS":13.008465512051,"CURRENT_ASSETS_TDAYS":0.531030705597,"TOTAL_ASSETS_TDAYS":0.122120075378,"PREMIUM_EXPENSE":null,"LOAN_DEPOSIT":null,"LOAN_EQUITY":null,"LOAN_ASSETS":null,"DEPOSIT_EQUITY":null,"DEPOSIT_ASSETS":null,"EQUITY_MULTIPLIER":2.740599683318,"EQUITY_RATIO":2.639291118422},{"SECUCODE":"00807.HK","SECURITY_CODE":"00807","SECURITY_NAME_ABBR":"上海实业环境","ORG_CODE":"10770692","STD_REPORT_DATE":"2024-06-30 00:00:00","REPORT_DATE":"2024-06-30 00:00:00","DATE_TYPE_CODE":"002","REPORT_TYPE":"2024年中报","PER_NETCASH_OPERATE":-0.025009844775,"PER_OI":1.290351836595,"BPS":4.019441612898,"BASIC_EPS":0.1248,"DILUTED_EPS":0.1248,"OPERATE_INCOME":3323515000,"OPERATE_INCOME_YOY":-17.3018195011,"GROSS_PROFIT":1277387000,"GROSS_PROFIT_YOY":-11.151398889346,"HOLDER_PROFIT":321446000,"HOLDER_PROFIT_YOY":-14.8151190801,"GROSS_PROFIT_RATIO":38.434819761608,"EPS_TTM":0.212804400224,"OPERATE_INCOME_QOQ":-5.55749786811,"NET_PROFIT_RATIO":15.2915512642,"ROE_AVG":3.138470566037,"GROSS_PROFIT_QOQ":-3.620249606285,"ROA":0.748244312897,"HOLDER_PROFIT_QOQ":-5.543683932984,"ROE_YEARLY":6.276941132075,"ROIC_YEARLY":1.845201218841,"TOTAL_ASSETS":43312125000,"TOTAL_LIABILITIES":27618677000,"TAX_EBT":22.042802929203,"OCF_SALES":-1.938219024136,"TOTAL_PARENT_EQUITY":10352738000,"DEBT_ASSET_RATIO":63.7666173156,"OPERATE_PROFIT":1044248000,"PRETAX_PROFIT":651918000,"NETCASH_OPERATE":-64417000,"NETCASH_INVEST":-384661000,"NETCASH_FINANCE":422042000,"END_CASH":2852035000,"DIVI_RATIO":0.146674295396,"DIVIDEND_RATE":3.703548387097,"CURRENT_RATIO":1.134740066017,"COMMON_ACS":null,"CURRENTDEBT_DEBT":32.434801275963,"ISSUED_COMMON_SHARES":2575665726,"HK_COMMON_SHARES":2575665726,"PER_SHARES":1000,"TOTAL_MARKET_CAP":2395369125.18,"HKSK_MARKET_CAP":2395369125.18,"PE_TTM":4.095956816817,"PB_TTM":0.205211154678,"REPORT_DATE_SQ":"2023-06-30 00:00:00","REPORT_TYPE_SQ":"2023年中报","OPERATE_INCOME_SQ":4018849000,"DPS_HKD":0.034443,"OPERATE_INCOME_QOQ_SQ":2.348034787053,"NET_PROFIT_RATIO_SQ":14.771194439,"HOLDER_PROFIT_SQ":377351000,"HOLDER_PROFIT_QOQ_SQ":4.921753008327,"ROE_AVG_SQ":3.831879487481,"PE_TTM_SQ":2.992833590712,"PB_TTM_SQ":0.241321492606,"ROA_SQ":0.918508134489,"START_DATE":"2024-01-01 00:00:00","FISCAL_YEAR":"12-31","CURRENCY":"HKD","IS_CNY_CODE":0,"DPS_HKD_LY":0.034443,"ORG_TYPE":"一般企业","PREMIUM_INCOME":null,"PREMIUM_INCOME_YOY":null,"NET_INTEREST_INCOME":null,"NET_INTEREST_INCOME_YOY":null,"FEE_COMMISSION_INCOME":null,"FEE_COMMISSION_INCOME_YOY":null,"ACCOUNTS_RECE_TDAYS":0.602233772559,"INVENTORY_TDAYS":8.169512774546,"CURRENT_ASSETS_TDAYS":0.341994742864,"TOTAL_ASSETS_TDAYS":0.077362953578,"PREMIUM_EXPENSE":null,"LOAN_DEPOSIT":null,"LOAN_EQUITY":null,"LOAN_ASSETS":null,"DEPOSIT_EQUITY":null,"DEPOSIT_ASSETS":null,"EQUITY_MULTIPLIER":2.759885845355,"EQUITY_RATIO":2.667765474216},{"SECUCODE":"00807.HK","SECURITY_CODE":"00807","SECURITY_NAME_ABBR":"上海实业环境","ORG_CODE":"10770692","STD_REPORT_DATE":"2024-03-31 00:00:00","REPORT_DATE":"2024-03-31 00:00:00","DATE_TYPE_CODE":"003","REPORT_TYPE":"2024年一季报","PER_NETCASH_OPERATE":-0.029623409292,"PER_OI":0.632112305399,"BPS":3.980644264705,"BASIC_EPS":0.049,"DILUTED_EPS":0.049,"OPERATE_INCOME":1628110000,"OPERATE_INCOME_YOY":-15.1465655443,"GROSS_PROFIT":611188000,"GROSS_PROFIT_YOY":-9.581287456376,"HOLDER_PROFIT":126295000,"HOLDER_PROFIT_YOY":-15.8207303824,"GROSS_PROFIT_RATIO":37.539723974424,"EPS_TTM":0.225293986771,"OPERATE_INCOME_QOQ":-3.837662018685,"NET_PROFIT_RATIO":12.5898741486,"ROE_AVG":1.239138953694,"GROSS_PROFIT_QOQ":-2.394834715175,"ROA":0.294411370743,"HOLDER_PROFIT_QOQ":-3.929684214709,"ROE_YEARLY":4.956555814774,"ROIC_YEARLY":1.45440324339,"TOTAL_ASSETS":43186980000,"TOTAL_LIABILITIES":27701550000,"TAX_EBT":25.879600500459,"OCF_SALES":-4.686415537034,"TOTAL_PARENT_EQUITY":10252809000,"DEBT_ASSET_RATIO":64.1432904084,"OPERATE_PROFIT":478049000,"PRETAX_PROFIT":276546000,"NETCASH_OPERATE":-76300000,"NETCASH_INVEST":-255954000,"NETCASH_FINANCE":501890000,"END_CASH":3048527000,"DIVI_RATIO":0.138543136048,"DIVIDEND_RATE":3.703548387097,"CURRENT_RATIO":1.192674213993,"COMMON_ACS":null,"CURRENTDEBT_DEBT":30.004884203231,"ISSUED_COMMON_SHARES":2575665726,"HK_COMMON_SHARES":2575665726,"PER_SHARES":1000,"TOTAL_MARKET_CAP":2395369125.18,"HKSK_MARKET_CAP":2395369125.18,"PE_TTM":4.095956816817,"PB_TTM":0.205211154678,"REPORT_DATE_SQ":"2023-03-31 00:00:00","REPORT_TYPE_SQ":"2023年一季报","OPERATE_INCOME_SQ":1918732000,"DPS_HKD":0.034443,"OPERATE_INCOME_QOQ_SQ":1.611932440289,"NET_PROFIT_RATIO_SQ":12.6124440516,"HOLDER_PROFIT_SQ":150031000,"HOLDER_PROFIT_QOQ_SQ":-3.305579623582,"ROE_AVG_SQ":1.515187168249,"PE_TTM_SQ":2.992833590712,"PB_TTM_SQ":0.241321492606,"ROA_SQ":0.367400361744,"START_DATE":"2024-01-01 00:00:00","FISCAL_YEAR":"12-31","CURRENCY":"HKD","IS_CNY_CODE":0,"DPS_HKD_LY":0.034443,"ORG_TYPE":"一般企业","PREMIUM_INCOME":null,"PREMIUM_INCOME_YOY":null,"NET_INTEREST_INCOME":null,"NET_INTEREST_INCOME_YOY":null,"FEE_COMMISSION_INCOME":null,"FEE_COMMISSION_INCOME_YOY":null,"ACCOUNTS_RECE_TDAYS":0.306784684112,"INVENTORY_TDAYS":4.088046471428,"CURRENT_ASSETS_TDAYS":0.169733787726,"TOTAL_ASSETS_TDAYS":0.037953529183,"PREMIUM_EXPENSE":null,"LOAN_DEPOSIT":null,"LOAN_EQUITY":null,"LOAN_ASSETS":null,"DEPOSIT_EQUITY":null,"DEPOSIT_ASSETS":null,"EQUITY_MULTIPLIER":2.788878319817,"EQUITY_RATIO":2.701849805258},{"SECUCODE":"00807.HK","SECURITY_CODE":"00807","SECURITY_NAME_ABBR":"上海实业环境","ORG_CODE":"10770692","STD_REPORT_DATE":"2023-12-31 00:00:00","REPORT_DATE":"2023-12-31 00:00:00","DATE_TYPE_CODE":"001","REPORT_TYPE":"2023年年报","PER_NETCASH_OPERATE":0.738138097971,"PER_OI":2.940168797354,"BPS":3.933548867669,"BASIC_EPS":0.2345,"DILUTED_EPS":0.2345,"OPERATE_INCOME":7572892000,"OPERATE_INCOME_YOY":-8.8030131442,"GROSS_PROFIT":2704362000,"GROSS_PROFIT_YOY":2.706313693887,"HOLDER_PROFIT":604018000,"HOLDER_PROFIT_YOY":-22.5812488144,"GROSS_PROFIT_RATIO":35.711086332672,"EPS_TTM":0.23450946833,"OPERATE_INCOME_QOQ":-14.575848884293,"NET_PROFIT_RATIO":13.4645522477,"ROE_AVG":6.056208664662,"GROSS_PROFIT_QOQ":-7.242232062315,"ROA":1.452784323096,"HOLDER_PROFIT_QOQ":-23.789756841053,"ROE_YEARLY":6.056208664662,"ROIC_YEARLY":1.787120417615,"TOTAL_ASSETS":42607940000,"TOTAL_LIABILITIES":27317484000,"TAX_EBT":26.828750215282,"OCF_SALES":25.105296629082,"TOTAL_PARENT_EQUITY":10131507000,"DEBT_ASSET_RATIO":64.113599484,"OPERATE_PROFIT":2213096000,"PRETAX_PROFIT":1393520000,"NETCASH_OPERATE":1901197000,"NETCASH_INVEST":-1433995000,"NETCASH_FINANCE":-89458000,"END_CASH":2885781000,"DIVI_RATIO":0.1330988283,"DIVIDEND_RATE":3.703548387097,"CURRENT_RATIO":0.903750653736,"COMMON_ACS":null,"CURRENTDEBT_DEBT":37.552305329437,"ISSUED_COMMON_SHARES":2575665726,"HK_COMMON_SHARES":2575665726,"PER_SHARES":1000,"TOTAL_MARKET_CAP":2395369125.18,"HKSK_MARKET_CAP":2395369125.18,"PE_TTM":4.095956816817,"PB_TTM":0.205211154678,"REPORT_DATE_SQ":"2022-12-31 00:00:00","REPORT_TYPE_SQ":"2022年年报","OPERATE_INCOME_SQ":8303884000,"DPS_HKD":0.034443,"OPERATE_INCOME_QOQ_SQ":4.015539417167,"NET_PROFIT_RATIO_SQ":13.5091121215,"HOLDER_PROFIT_SQ":780196000,"HOLDER_PROFIT_QOQ_SQ":2.204307484323,"ROE_AVG_SQ":8.064845327475,"PE_TTM_SQ":2.992833590712,"PB_TTM_SQ":0.241321492606,"ROA_SQ":1.998985897623,"START_DATE":"2023-01-01 00:00:00","FISCAL_YEAR":"12-31","CURRENCY":"HKD","IS_CNY_CODE":0,"DPS_HKD_LY":0.0878267,"ORG_TYPE":"一般企业","PREMIUM_INCOME":null,"PREMIUM_INCOME_YOY":null,"NET_INTEREST_INCOME":null,"NET_INTEREST_INCOME_YOY":null,"FEE_COMMISSION_INCOME":null,"FEE_COMMISSION_INCOME_YOY":null,"ACCOUNTS_RECE_TDAYS":1.566132506461,"INVENTORY_TDAYS":20.134282866631,"CURRENT_ASSETS_TDAYS":0.860744881717,"TOTAL_ASSETS_TDAYS":0.182143227157,"PREMIUM_EXPENSE":null,"LOAN_DEPOSIT":null,"LOAN_EQUITY":null,"LOAN_ASSETS":null,"DEPOSIT_EQUITY":null,"DEPOSIT_ASSETS":null,"EQUITY_MULTIPLIER":2.786570917176,"EQUITY_RATIO":2.696290295215},{"SECUCODE":"00807.HK","SECURITY_CODE":"00807","SECURITY_NAME_ABBR":"上海实业环境","ORG_CODE":"10770692","STD_REPORT_DATE":"2023-09-30 00:00:00","REPORT_DATE":"2023-09-30 00:00:00","DATE_TYPE_CODE":"004","REPORT_TYPE":"2023年三季报","PER_NETCASH_OPERATE":0.639766248922,"PER_OI":2.464977864135,"BPS":3.878571236616,"BASIC_EPS":0.2265,"DILUTED_EPS":0.2265,"OPERATE_INCOME":6348959000,"OPERATE_INCOME_YOY":9.6956440233,"GROSS_PROFIT":2214358000,"GROSS_PROFIT_YOY":14.617769611015,"HOLDER_PROFIT":583384000,"HOLDER_PROFIT_YOY":2.1666795094,"GROSS_PROFIT_RATIO":34.877497240099,"EPS_TTM":0.307713843454,"OPERATE_INCOME_QOQ":2.653934328239,"NET_PROFIT_RATIO":14.561741539,"ROE_AVG":5.891142257063,"GROSS_PROFIT_QOQ":3.15985458951,"ROA":1.398143411627,"HOLDER_PROFIT_QOQ":0.130379414202,"ROE_YEARLY":7.854856342751,"ROIC_YEARLY":1.713711702898,"TOTAL_ASSETS":42906024000,"TOTAL_LIABILITIES":27560656000,"TAX_EBT":26.38470744395,"OCF_SALES":25.95423911227,"TOTAL_PARENT_EQUITY":9989903000,"DEBT_ASSET_RATIO":64.2349335375,"OPERATE_PROFIT":1867073000,"PRETAX_PROFIT":1255879000,"NETCASH_OPERATE":1647824000,"NETCASH_INVEST":-1695441000,"NETCASH_FINANCE":32712000,"END_CASH":2499873000,"DIVI_RATIO":0.101434940689,"DIVIDEND_RATE":3.703548387097,"CURRENT_RATIO":0.859956196179,"COMMON_ACS":null,"CURRENTDEBT_DEBT":38.367809532545,"ISSUED_COMMON_SHARES":2575665726,"HK_COMMON_SHARES":2575665726,"PER_SHARES":1000,"TOTAL_MARKET_CAP":2395369125.18,"HKSK_MARKET_CAP":2395369125.18,"PE_TTM":4.095956816817,"PB_TTM":0.205211154678,"REPORT_DATE_SQ":"2022-09-30 00:00:00","REPORT_TYPE_SQ":"2022年三季报","OPERATE_INCOME_SQ":5787795000,"DPS_HKD":0.034443,"OPERATE_INCOME_QOQ_SQ":4.30241478839,"NET_PROFIT_RATIO_SQ":14.5785052857,"HOLDER_PROFIT_SQ":571012000,"HOLDER_PROFIT_QOQ_SQ":3.237633363041,"ROE_AVG_SQ":5.979355739529,"PE_TTM_SQ":2.992833590712,"PB_TTM_SQ":0.241321492606,"ROA_SQ":1.486740654544,"START_DATE":"2023-01-01 00:00:00","FISCAL_YEAR":"12-31","CURRENCY":"HKD","IS_CNY_CODE":0,"DPS_HKD_LY":0.0878267,"ORG_TYPE":"一般企业","PREMIUM_INCOME":null,"PREMIUM_INCOME_YOY":null,"NET_INTEREST_INCOME":null,"NET_INTEREST_INCOME_YOY":null,"FEE_COMMISSION_INCOME":null,"FEE_COMMISSION_INCOME_YOY":null,"ACCOUNTS_RECE_TDAYS":1.274554683396,"INVENTORY_TDAYS":16.85452751813,"CURRENT_ASSETS_TDAYS":0.72898245838,"TOTAL_ASSETS_TDAYS":0.152159730067,"PREMIUM_EXPENSE":null,"LOAN_DEPOSIT":null,"LOAN_EQUITY":null,"LOAN_ASSETS":null,"DEPOSIT_EQUITY":null,"DEPOSIT_ASSETS":null,"EQUITY_MULTIPLIER":2.796024442031,"EQUITY_RATIO":2.758851212069},{"SECUCODE":"00807.HK","SECURITY_CODE":"00807","SECURITY_NAME_ABBR":"上海实业环境","ORG_CODE":"10770692","STD_REPORT_DATE":"2023-06-30 00:00:00","REPORT_DATE":"2023-06-30 00:00:00","DATE_TYPE_CODE":"002","REPORT_TYPE":"2023年中报","PER_NETCASH_OPERATE":0.360989778532,"PER_OI":1.560314663286,"BPS":3.835819182695,"BASIC_EPS":0.1465,"DILUTED_EPS":0.1465,"OPERATE_INCOME":4018849000,"OPERATE_INCOME_YOY":9.0042108832,"GROSS_PROFIT":1437712000,"GROSS_PROFIT_YOY":15.515246567594,"HOLDER_PROFIT":377351000,"HOLDER_PROFIT_YOY":3.0982675384,"GROSS_PROFIT_RATIO":35.774222918054,"EPS_TTM":0.307313170343,"OPERATE_INCOME_QOQ":2.348034787053,"NET_PROFIT_RATIO":14.771194439,"ROE_AVG":3.831879487481,"GROSS_PROFIT_QOQ":3.491048640177,"ROA":0.918508134489,"HOLDER_PROFIT_QOQ":4.921753008327,"ROE_YEARLY":7.663758974962,"ROIC_YEARLY":2.245263323588,"TOTAL_ASSETS":41620851000,"TOTAL_LIABILITIES":26517690000,"TAX_EBT":26.926447851734,"OCF_SALES":23.135703779863,"TOTAL_PARENT_EQUITY":9879788000,"DEBT_ASSET_RATIO":63.7125127499,"OPERATE_PROFIT":1205730000,"PRETAX_PROFIT":812376000,"NETCASH_OPERATE":929789000,"NETCASH_INVEST":-966674000,"NETCASH_FINANCE":-275316000,"END_CASH":2204910000,"DIVI_RATIO":0.101567190971,"DIVIDEND_RATE":3.703548387097,"CURRENT_RATIO":0.933049757681,"COMMON_ACS":null,"CURRENTDEBT_DEBT":34.507255345394,"ISSUED_COMMON_SHARES":2575665726,"HK_COMMON_SHARES":2575665726,"PER_SHARES":1000,"TOTAL_MARKET_CAP":2395369125.18,"HKSK_MARKET_CAP":2395369125.18,"PE_TTM":4.095956816817,"PB_TTM":0.205211154678,"REPORT_DATE_SQ":"2022-06-30 00:00:00","REPORT_TYPE_SQ":"2022年中报","OPERATE_INCOME_SQ":3686875000,"DPS_HKD":0.034443,"OPERATE_INCOME_QOQ_SQ":3.01205808402,"NET_PROFIT_RATIO_SQ":14.8575690795,"HOLDER_PROFIT_SQ":366011000,"HOLDER_PROFIT_QOQ_SQ":2.433283831858,"ROE_AVG_SQ":3.817870120171,"PE_TTM_SQ":2.992833590712,"PB_TTM_SQ":0.241321492606,"ROA_SQ":0.949500516775,"START_DATE":"2023-01-01 00:00:00","FISCAL_YEAR":"12-31","CURRENCY":"HKD","IS_CNY_CODE":0,"DPS_HKD_LY":0.0878267,"ORG_TYPE":"一般企业","PREMIUM_INCOME":null,"PREMIUM_INCOME_YOY":null,"NET_INTEREST_INCOME":null,"NET_INTEREST_INCOME_YOY":null,"FEE_COMMISSION_INCOME":null,"FEE_COMMISSION_INCOME_YOY":null,"ACCOUNTS_RECE_TDAYS":0.827677513274,"INVENTORY_TDAYS":10.418333841239,"CURRENT_ASSETS_TDAYS":0.476645650101,"TOTAL_ASSETS_TDAYS":0.09782259747,"PREMIUM_EXPENSE":null,"LOAN_DEPOSIT":null,"LOAN_EQUITY":null,"LOAN_ASSETS":null,"DEPOSIT_EQUITY":null,"DEPOSIT_ASSETS":null,"EQUITY_MULTIPLIER":2.755770861476,"EQUITY_RATIO":2.684034313287},{"SECUCODE":"00807.HK","SECURITY_CODE":"00807","SECURITY_NAME_ABBR":"上海实业环境","ORG_CODE":"10770692","STD_REPORT_DATE":"2023-03-31 00:00:00","REPORT_DATE":"2023-03-31 00:00:00","DATE_TYPE_CODE":"003","REPORT_TYPE":"2023年一季报","PER_NETCASH_OPERATE":0.018425915879,"PER_OI":0.744946046621,"BPS":3.877858022948,"BASIC_EPS":0.0582,"DILUTED_EPS":0.0582,"OPERATE_INCOME":1918732000,"OPERATE_INCOME_YOY":7.4992758613,"GROSS_PROFIT":675953000,"GROSS_PROFIT_YOY":16.909466693186,"HOLDER_PROFIT":150031000,"HOLDER_PROFIT_YOY":-14.6683274467,"GROSS_PROFIT_RATIO":35.229151335361,"EPS_TTM":0.292897479818,"OPERATE_INCOME_QOQ":1.611932440289,"NET_PROFIT_RATIO":12.6124440516,"ROE_AVG":1.515187168249,"GROSS_PROFIT_QOQ":3.713035043838,"ROA":0.367400361744,"HOLDER_PROFIT_QOQ":-3.305579623582,"ROE_YEARLY":6.060748672996,"ROIC_YEARLY":1.805006489537,"TOTAL_ASSETS":41126452000,"TOTAL_LIABILITIES":26051406000,"TAX_EBT":27.981846588796,"OCF_SALES":2.473456428516,"TOTAL_PARENT_EQUITY":9988066000,"DEBT_ASSET_RATIO":63.3446473817,"OPERATE_PROFIT":552616000,"PRETAX_PROFIT":336025000,"NETCASH_OPERATE":47459000,"NETCASH_INVEST":-124765000,"NETCASH_FINANCE":142108000,"END_CASH":2577555000,"DIVI_RATIO":0.106566077248,"DIVIDEND_RATE":3.703548387097,"CURRENT_RATIO":1.063783744366,"COMMON_ACS":null,"CURRENTDEBT_DEBT":31.162402520616,"ISSUED_COMMON_SHARES":2575665726,"HK_COMMON_SHARES":2575665726,"PER_SHARES":1000,"TOTAL_MARKET_CAP":2395369125.18,"HKSK_MARKET_CAP":2395369125.18,"PE_TTM":4.095956816817,"PB_TTM":0.205211154678,"REPORT_DATE_SQ":"2022-03-31 00:00:00","REPORT_TYPE_SQ":"2022年一季报","OPERATE_INCOME_SQ":1784879000,"DPS_HKD":0.034443,"OPERATE_INCOME_QOQ_SQ":2.243840388907,"NET_PROFIT_RATIO_SQ":14.3339128311,"HOLDER_PROFIT_SQ":175821000,"HOLDER_PROFIT_QOQ_SQ":2.22400337601,"ROE_AVG_SQ":1.825443645069,"PE_TTM_SQ":2.992833590712,"PB_TTM_SQ":0.241321492606,"ROA_SQ":0.464456046857,"START_DATE":"2023-01-01 00:00:00","FISCAL_YEAR":"12-31","CURRENCY":"HKD","IS_CNY_CODE":0,"DPS_HKD_LY":0.0878267,"ORG_TYPE":"一般企业","PREMIUM_INCOME":null,"PREMIUM_INCOME_YOY":null,"NET_INTEREST_INCOME":null,"NET_INTEREST_INCOME_YOY":null,"FEE_COMMISSION_INCOME":null,"FEE_COMMISSION_INCOME_YOY":null,"ACCOUNTS_RECE_TDAYS":0.405270305949,"INVENTORY_TDAYS":5.24035495698,"CURRENT_ASSETS_TDAYS":0.226249477779,"TOTAL_ASSETS_TDAYS":0.046986478187,"PREMIUM_EXPENSE":null,"LOAN_DEPOSIT":null,"LOAN_EQUITY":null,"LOAN_ASSETS":null,"DEPOSIT_EQUITY":null,"DEPOSIT_ASSETS":null,"EQUITY_MULTIPLIER":2.72811452781,"EQUITY_RATIO":2.608253289476},{"SECUCODE":"00807.HK","SECURITY_CODE":"00807","SECURITY_NAME_ABBR":"上海实业环境","ORG_CODE":"10770692","STD_REPORT_DATE":"2022-12-31 00:00:00","REPORT_DATE":"2022-12-31 00:00:00","DATE_TYPE_CODE":"001","REPORT_TYPE":"2022年年报","PER_NETCASH_OPERATE":-0.541473602697,"PER_OI":3.223975811836,"BPS":3.810882717007,"BASIC_EPS":0.3029,"DILUTED_EPS":0.3029,"OPERATE_INCOME":8303884000,"OPERATE_INCOME_YOY":14.2662057242,"GROSS_PROFIT":2633102000,"GROSS_PROFIT_YOY":9.517414174823,"HOLDER_PROFIT":780196000,"HOLDER_PROFIT_YOY":10.484465963,"GROSS_PROFIT_RATIO":31.709282066079,"EPS_TTM":0.302910425108,"OPERATE_INCOME_QOQ":4.015539417167,"NET_PROFIT_RATIO":13.5091121215,"ROE_AVG":8.064845327475,"GROSS_PROFIT_QOQ":2.75700451325,"ROA":1.998985897623,"HOLDER_PROFIT_QOQ":2.204307484323,"ROE_YEARLY":8.064845327475,"ROIC_YEARLY":2.467065752383,"TOTAL_ASSETS":40545215000,"TOTAL_LIABILITIES":25730643000,"TAX_EBT":24.507486792961,"OCF_SALES":-16.795212938909,"TOTAL_PARENT_EQUITY":9815560000,"DEBT_ASSET_RATIO":63.4616020657,"OPERATE_PROFIT":2163399000,"PRETAX_PROFIT":1485950000,"NETCASH_OPERATE":-1394655000,"NETCASH_INVEST":-658122000,"NETCASH_FINANCE":1764300000,"END_CASH":2512625000,"DIVI_RATIO":0.103043450713,"DIVIDEND_RATE":3.703548387097,"CURRENT_RATIO":1.055531761615,"COMMON_ACS":null,"CURRENTDEBT_DEBT":30.652797911036,"ISSUED_COMMON_SHARES":2575665726,"HK_COMMON_SHARES":2575665726,"PER_SHARES":1000,"TOTAL_MARKET_CAP":2395369125.18,"HKSK_MARKET_CAP":2395369125.18,"PE_TTM":4.095956816817,"PB_TTM":0.205211154678,"REPORT_DATE_SQ":"2021-12-31 00:00:00","REPORT_TYPE_SQ":"2021年年报","OPERATE_INCOME_SQ":7267139000,"DPS_HKD":0.034443,"OPERATE_INCOME_QOQ_SQ":1.250426512921,"NET_PROFIT_RATIO_SQ":14.7103144718,"HOLDER_PROFIT_SQ":706159000,"HOLDER_PROFIT_QOQ_SQ":0.24743901331,"ROE_AVG_SQ":7.650575275517,"PE_TTM_SQ":2.992833590712,"PB_TTM_SQ":0.241321492606,"ROA_SQ":1.954343530219,"START_DATE":"2022-01-01 00:00:00","FISCAL_YEAR":"12-31","CURRENCY":"HKD","IS_CNY_CODE":0,"DPS_HKD_LY":0.08517955,"ORG_TYPE":"一般企业","PREMIUM_INCOME":null,"PREMIUM_INCOME_YOY":null,"NET_INTEREST_INCOME":null,"NET_INTEREST_INCOME_YOY":null,"FEE_COMMISSION_INCOME":null,"FEE_COMMISSION_INCOME_YOY":null,"ACCOUNTS_RECE_TDAYS":2.052185148042,"INVENTORY_TDAYS":21.833709370644,"CURRENT_ASSETS_TDAYS":1.050008291818,"TOTAL_ASSETS_TDAYS":0.212758678736,"PREMIUM_EXPENSE":null,"LOAN_DEPOSIT":null,"LOAN_EQUITY":null,"LOAN_ASSETS":null,"DEPOSIT_EQUITY":null,"DEPOSIT_ASSETS":null,"EQUITY_MULTIPLIER":2.736846869417,"EQUITY_RATIO":2.621413653424},{"SECUCODE":"00807.HK","SECURITY_CODE":"00807","SECURITY_NAME_ABBR":"上海实业环境","ORG_CODE":"10770692","STD_REPORT_DATE":"2022-09-30 00:00:00","REPORT_DATE":"2022-09-30 00:00:00","DATE_TYPE_CODE":"004","REPORT_TYPE":"2022年三季报","PER_NETCASH_OPERATE":-0.201940412822,"PER_OI":2.247106424399,"BPS":3.714355439616,"BASIC_EPS":0.2217,"DILUTED_EPS":0.2217,"OPERATE_INCOME":5787795000,"OPERATE_INCOME_YOY":14.121160031,"GROSS_PROFIT":1931950000,"GROSS_PROFIT_YOY":8.917606095936,"HOLDER_PROFIT":571012000,"HOLDER_PROFIT_YOY":11.1346394136,"GROSS_PROFIT_RATIO":33.379724057262,"EPS_TTM":0.29637735685,"OPERATE_INCOME_QOQ":4.30241478839,"NET_PROFIT_RATIO":14.5785052857,"ROE_AVG":5.979355739529,"GROSS_PROFIT_QOQ":2.86551217086,"ROA":1.486740654544,"HOLDER_PROFIT_QOQ":3.237633363041,"ROE_YEARLY":7.972474319373,"ROIC_YEARLY":1.852296594332,"TOTAL_ASSETS":39299970000,"TOTAL_LIABILITIES":24697612000,"TAX_EBT":23.288600305655,"OCF_SALES":-8.986686639731,"TOTAL_PARENT_EQUITY":9566938000,"DEBT_ASSET_RATIO":62.8438444101,"OPERATE_PROFIT":1596647000,"PRETAX_PROFIT":1099933000,"NETCASH_OPERATE":-520131000,"NETCASH_INVEST":-269384000,"NETCASH_FINANCE":812722000,"END_CASH":2825385000,"DIVI_RATIO":0.105314845209,"DIVIDEND_RATE":3.703548387097,"CURRENT_RATIO":0.934361287645,"COMMON_ACS":null,"CURRENTDEBT_DEBT":36.388558537562,"ISSUED_COMMON_SHARES":2575665726,"HK_COMMON_SHARES":2575665726,"PER_SHARES":1000,"TOTAL_MARKET_CAP":2395369125.18,"HKSK_MARKET_CAP":2395369125.18,"PE_TTM":4.095956816817,"PB_TTM":0.205211154678,"REPORT_DATE_SQ":"2021-09-30 00:00:00","REPORT_TYPE_SQ":"2021年三季报","OPERATE_INCOME_SQ":5071623000,"DPS_HKD":0.034443,"OPERATE_INCOME_QOQ_SQ":3.834866852818,"NET_PROFIT_RATIO_SQ":15.7352981481,"HOLDER_PROFIT_SQ":513802000,"HOLDER_PROFIT_QOQ_SQ":2.558069785658,"ROE_AVG_SQ":5.642983507791,"PE_TTM_SQ":2.992833590712,"PB_TTM_SQ":0.241321492606,"ROA_SQ":1.446136535191,"START_DATE":"2022-01-01 00:00:00","FISCAL_YEAR":"12-31","CURRENCY":"HKD","IS_CNY_CODE":0,"DPS_HKD_LY":0.08517955,"ORG_TYPE":"一般企业","PREMIUM_INCOME":null,"PREMIUM_INCOME_YOY":null,"NET_INTEREST_INCOME":null,"NET_INTEREST_INCOME_YOY":null,"FEE_COMMISSION_INCOME":null,"FEE_COMMISSION_INCOME_YOY":null,"ACCOUNTS_RECE_TDAYS":1.504423755141,"INVENTORY_TDAYS":12.725603054796,"CURRENT_ASSETS_TDAYS":0.728535419492,"TOTAL_ASSETS_TDAYS":0.150696484954,"PREMIUM_EXPENSE":null,"LOAN_DEPOSIT":null,"LOAN_EQUITY":null,"LOAN_ASSETS":null,"DEPOSIT_EQUITY":null,"DEPOSIT_ASSETS":null,"EQUITY_MULTIPLIER":2.691344096621,"EQUITY_RATIO":2.581558697255}],"count":36},"success":true,"message":"ok","code":0}