{"version":"cc9be5b5a0b69be0dc41e64f1f108329","result":{"pages":4,"data":[{"SECUCODE":"00804.HK","SECURITY_CODE":"00804","SECURITY_NAME_ABBR":"鼎石资本","ORG_CODE":"10443289","STD_REPORT_DATE":"2024-06-30 00:00:00","REPORT_DATE":"2024-06-30 00:00:00","DATE_TYPE_CODE":"002","REPORT_TYPE":"2024年中报","PER_NETCASH_OPERATE":-0.023078276977,"PER_OI":0.024082950702,"BPS":0.316973054635,"BASIC_EPS":-0.00182536,"DILUTED_EPS":-0.00182536,"OPERATE_INCOME":9779366.2,"OPERATE_INCOME_YOY":13.0274261603,"GROSS_PROFIT":null,"GROSS_PROFIT_YOY":null,"HOLDER_PROFIT":-735620.08,"HOLDER_PROFIT_YOY":-337.0588235294,"GROSS_PROFIT_RATIO":null,"EPS_TTM":-0.057009828205,"OPERATE_INCOME_QOQ":5.669086618738,"NET_PROFIT_RATIO":-7.522165189,"ROE_AVG":-0.475137795856,"GROSS_PROFIT_QOQ":null,"ROA":-0.460133644276,"HOLDER_PROFIT_QOQ":-4.746836532403,"ROE_YEARLY":-0.950275591712,"ROIC_YEARLY":-1.025827041234,"TOTAL_ASSETS":159097464.92,"TOTAL_LIABILITIES":4642803.16,"TAX_EBT":null,"OCF_SALES":-95.828278114792,"TOTAL_PARENT_EQUITY":154454661.76,"DEBT_ASSET_RATIO":2.9182131609,"OPERATE_PROFIT":3429851.44,"PRETAX_PROFIT":-735620.08,"NETCASH_OPERATE":-9371398.24,"NETCASH_INVEST":24642.36,"NETCASH_FINANCE":-453601.96,"END_CASH":11550878.08,"DIVI_RATIO":null,"DIVIDEND_RATE":null,"CURRENT_RATIO":31.605464910556,"COMMON_ACS":25000000000,"CURRENTDEBT_DEBT":100,"ISSUED_COMMON_SHARES":487280100,"HK_COMMON_SHARES":487280100,"PER_SHARES":5000,"TOTAL_MARKET_CAP":95019619.5,"HKSK_MARKET_CAP":95019619.5,"PE_TTM":-3.721297857758,"PB_TTM":0.561475486315,"REPORT_DATE_SQ":"2023-06-30 00:00:00","REPORT_TYPE_SQ":"2023年中报","OPERATE_INCOME_SQ":8740370.4,"DPS_HKD":null,"OPERATE_INCOME_QOQ_SQ":-2.408802578502,"NET_PROFIT_RATIO_SQ":3.574432296,"HOLDER_PROFIT_SQ":313473.2,"HOLDER_PROFIT_QOQ_SQ":-2.586644903807,"ROE_AVG_SQ":0.206503650256,"PE_TTM_SQ":-1.676991285168,"PB_TTM_SQ":0.433624997573,"ROA_SQ":0.185355296119,"START_DATE":"2024-01-01 00:00:00","FISCAL_YEAR":"12-31","CURRENCY":"HKD","IS_CNY_CODE":0,"DPS_HKD_LY":null,"ORG_TYPE":"证券","PREMIUM_INCOME":null,"PREMIUM_INCOME_YOY":null,"NET_INTEREST_INCOME":null,"NET_INTEREST_INCOME_YOY":null,"FEE_COMMISSION_INCOME":null,"FEE_COMMISSION_INCOME_YOY":null,"ACCOUNTS_RECE_TDAYS":0.11596257596,"INVENTORY_TDAYS":null,"CURRENT_ASSETS_TDAYS":0.0663903243,"TOTAL_ASSETS_TDAYS":0.061170372189,"PREMIUM_EXPENSE":null,"LOAN_DEPOSIT":null,"LOAN_EQUITY":null,"LOAN_ASSETS":null,"DEPOSIT_EQUITY":null,"DEPOSIT_ASSETS":null,"EQUITY_MULTIPLIER":1.030059326841,"EQUITY_RATIO":0.030059326841},{"SECUCODE":"00804.HK","SECURITY_CODE":"00804","SECURITY_NAME_ABBR":"鼎石资本","ORG_CODE":"10443289","STD_REPORT_DATE":"2023-12-31 00:00:00","REPORT_DATE":"2023-12-31 00:00:00","DATE_TYPE_CODE":"001","REPORT_TYPE":"2023年年报","PER_NETCASH_OPERATE":-0.079653252579,"PER_OI":0.045133569992,"BPS":0.316228461536,"BASIC_EPS":-0.064160376,"DILUTED_EPS":-0.064160376,"OPERATE_INCOME":18327393.28,"OPERATE_INCOME_YOY":3.8672898156,"GROSS_PROFIT":null,"GROSS_PROFIT_YOY":null,"HOLDER_PROFIT":-22100893.36,"HOLDER_PROFIT_YOY":41.1912225705,"GROSS_PROFIT_RATIO":null,"EPS_TTM":-0.054426300681,"OPERATE_INCOME_QOQ":7.488167071813,"NET_PROFIT_RATIO":-120.5893987342,"ROE_AVG":-14.581153554111,"GROSS_PROFIT_QOQ":null,"ROA":-14.098902750639,"HOLDER_PROFIT_QOQ":41.842970139365,"ROE_YEARLY":-14.581153554111,"ROIC_YEARLY":-16.680003556504,"TOTAL_ASSETS":159507407.08,"TOTAL_LIABILITIES":5415570.72,"TAX_EBT":-3.827323427988,"OCF_SALES":-176.483386075949,"TOTAL_PARENT_EQUITY":154091836.36,"DEBT_ASSET_RATIO":3.395184474,"OPERATE_PROFIT":-21300701.1,"PRETAX_PROFIT":-21286201.58,"NETCASH_OPERATE":-32344804.24,"NETCASH_INVEST":9062.2,"NETCASH_FINANCE":26222381.92,"END_CASH":21200110.68,"DIVI_RATIO":null,"DIVIDEND_RATE":null,"CURRENT_RATIO":27.110274431058,"COMMON_ACS":25000000000,"CURRENTDEBT_DEBT":100,"ISSUED_COMMON_SHARES":487280100,"HK_COMMON_SHARES":487280100,"PER_SHARES":5000,"TOTAL_MARKET_CAP":94045059.3,"HKSK_MARKET_CAP":94045059.3,"PE_TTM":-3.683130700243,"PB_TTM":0.555716763378,"REPORT_DATE_SQ":"2022-12-31 00:00:00","REPORT_TYPE_SQ":"2022年年报","OPERATE_INCOME_SQ":17392860.17,"DPS_HKD":null,"OPERATE_INCOME_QOQ_SQ":-7.87057372471,"NET_PROFIT_RATIO_SQ":-212.0251546603,"HOLDER_PROFIT_SQ":-37043906.9,"HOLDER_PROFIT_QOQ_SQ":-459.935291548136,"ROE_AVG_SQ":-23.284736902686,"PE_TTM_SQ":-1.734161442617,"PB_TTM_SQ":0.448407667945,"ROA_SQ":-22.4622334404,"START_DATE":"2023-01-01 00:00:00","FISCAL_YEAR":"12-31","CURRENCY":"HKD","IS_CNY_CODE":0,"DPS_HKD_LY":null,"ORG_TYPE":"证券","PREMIUM_INCOME":null,"PREMIUM_INCOME_YOY":null,"NET_INTEREST_INCOME":null,"NET_INTEREST_INCOME_YOY":null,"FEE_COMMISSION_INCOME":null,"FEE_COMMISSION_INCOME_YOY":null,"ACCOUNTS_RECE_TDAYS":0.267851585005,"INVENTORY_TDAYS":null,"CURRENT_ASSETS_TDAYS":0.12711901694,"TOTAL_ASSETS_TDAYS":0.116916602111,"PREMIUM_EXPENSE":null,"LOAN_DEPOSIT":null,"LOAN_EQUITY":null,"LOAN_ASSETS":null,"DEPOSIT_EQUITY":null,"DEPOSIT_ASSETS":null,"EQUITY_MULTIPLIER":1.035145085217,"EQUITY_RATIO":0.035145085216},{"SECUCODE":"00804.HK","SECURITY_CODE":"00804","SECURITY_NAME_ABBR":"鼎石资本","ORG_CODE":"10443289","STD_REPORT_DATE":"2023-06-30 00:00:00","REPORT_DATE":"2023-06-30 00:00:00","DATE_TYPE_CODE":"002","REPORT_TYPE":"2023年中报","PER_NETCASH_OPERATE":0.02443052271,"PER_OI":0.021524289525,"BPS":0.311847448069,"BASIC_EPS":0.001198574,"DILUTED_EPS":0.001198574,"OPERATE_INCOME":8740370.4,"OPERATE_INCOME_YOY":-11.4915790453,"GROSS_PROFIT":null,"GROSS_PROFIT_YOY":null,"HOLDER_PROFIT":313473.2,"HOLDER_PROFIT_YOY":-77.1351714862,"GROSS_PROFIT_RATIO":null,"EPS_TTM":-0.093585076148,"OPERATE_INCOME_QOQ":-2.408802578502,"NET_PROFIT_RATIO":3.574432296,"ROE_AVG":0.206503650256,"GROSS_PROFIT_QOQ":null,"ROA":0.185355296119,"HOLDER_PROFIT_QOQ":-2.586644903807,"ROE_YEARLY":0.413007300511,"ROIC_YEARLY":0.458950892255,"TOTAL_ASSETS":181557223.58,"TOTAL_LIABILITIES":29600167.9,"TAX_EBT":67.680608365019,"OCF_SALES":113.120269133726,"TOTAL_PARENT_EQUITY":151957055.68,"DEBT_ASSET_RATIO":16.3034922634,"OPERATE_PROFIT":968079,"PRETAX_PROFIT":969922.96,"NETCASH_OPERATE":9920504.8,"NETCASH_INVEST":1843.96,"NETCASH_FINANCE":-467443.86,"END_CASH":37243382.1,"DIVI_RATIO":null,"DIVIDEND_RATE":null,"CURRENT_RATIO":5.742495309568,"COMMON_ACS":25000000000,"CURRENTDEBT_DEBT":99.610652546332,"ISSUED_COMMON_SHARES":487280100,"HK_COMMON_SHARES":487280100,"PER_SHARES":5000,"TOTAL_MARKET_CAP":94045059.3,"HKSK_MARKET_CAP":94045059.3,"PE_TTM":-3.683130700243,"PB_TTM":0.555716763378,"REPORT_DATE_SQ":"2022-06-30 00:00:00","REPORT_TYPE_SQ":"2022年中报","OPERATE_INCOME_SQ":9190726.93,"DPS_HKD":null,"OPERATE_INCOME_QOQ_SQ":-7.283950778441,"NET_PROFIT_RATIO_SQ":13.8364194659,"HOLDER_PROFIT_SQ":1271667.53,"HOLDER_PROFIT_QOQ_SQ":-64.031382313609,"ROE_AVG_SQ":0.772601985281,"PE_TTM_SQ":-1.734161442617,"PB_TTM_SQ":0.448407667945,"ROA_SQ":0.745380221609,"START_DATE":"2023-01-01 00:00:00","FISCAL_YEAR":"12-31","CURRENCY":"HKD","IS_CNY_CODE":0,"DPS_HKD_LY":null,"ORG_TYPE":"证券","PREMIUM_INCOME":null,"PREMIUM_INCOME_YOY":null,"NET_INTEREST_INCOME":null,"NET_INTEREST_INCOME_YOY":null,"FEE_COMMISSION_INCOME":null,"FEE_COMMISSION_INCOME_YOY":null,"ACCOUNTS_RECE_TDAYS":0.180959198282,"INVENTORY_TDAYS":null,"CURRENT_ASSETS_TDAYS":0.055981920053,"TOTAL_ASSETS_TDAYS":0.051855869902,"PREMIUM_EXPENSE":null,"LOAN_DEPOSIT":null,"LOAN_EQUITY":null,"LOAN_ASSETS":null,"DEPOSIT_EQUITY":null,"DEPOSIT_ASSETS":null,"EQUITY_MULTIPLIER":1.194792981264,"EQUITY_RATIO":0.194792981264},{"SECUCODE":"00804.HK","SECURITY_CODE":"00804","SECURITY_NAME_ABBR":"鼎石资本","ORG_CODE":"10443289","STD_REPORT_DATE":"2022-12-31 00:00:00","REPORT_DATE":"2022-12-31 00:00:00","DATE_TYPE_CODE":"001","REPORT_TYPE":"2022年年报","PER_NETCASH_OPERATE":-0.095265318119,"PER_OI":0.064248242496,"BPS":0.301513393467,"BASIC_EPS":-0.147478877,"DILUTED_EPS":-0.147478877,"OPERATE_INCOME":17392860.17,"OPERATE_INCOME_YOY":-21.8171643283,"GROSS_PROFIT":null,"GROSS_PROFIT_YOY":null,"HOLDER_PROFIT":-37043906.9,"HOLDER_PROFIT_YOY":-740.6649097912,"GROSS_PROFIT_RATIO":null,"EPS_TTM":-0.13683809852,"OPERATE_INCOME_QOQ":-7.87057372471,"NET_PROFIT_RATIO":-212.0251546603,"ROE_AVG":-23.284736902686,"GROSS_PROFIT_QOQ":null,"ROA":-22.4622334404,"HOLDER_PROFIT_QOQ":-459.935291548136,"ROE_YEARLY":-23.284736902686,"ROIC_YEARLY":-28.256825723455,"TOTAL_ASSETS":151804090.34,"TOTAL_LIABILITIES":4882613.82,"TAX_EBT":14.220705346985,"OCF_SALES":-147.609796001841,"TOTAL_PARENT_EQUITY":146921476.52,"DEBT_ASSET_RATIO":3.2163914747,"OPERATE_PROFIT":-43184244.88,"PRETAX_PROFIT":-43185138.15,"NETCASH_OPERATE":-25789598.17,"NETCASH_INVEST":197412.67,"NETCASH_FINANCE":11800096.7,"END_CASH":26923157.8,"DIVI_RATIO":null,"DIVIDEND_RATE":null,"CURRENT_RATIO":32.24839975222,"COMMON_ACS":25000000000,"CURRENTDEBT_DEBT":88.602268569338,"ISSUED_COMMON_SHARES":487280100,"HK_COMMON_SHARES":487280100,"PER_SHARES":5000,"TOTAL_MARKET_CAP":94045059.3,"HKSK_MARKET_CAP":94045059.3,"PE_TTM":-3.683130700243,"PB_TTM":0.555716763378,"REPORT_DATE_SQ":"2021-12-31 00:00:00","REPORT_TYPE_SQ":"2021年年报","OPERATE_INCOME_SQ":20453899.2,"DPS_HKD":null,"OPERATE_INCOME_QOQ_SQ":-3.451867545951,"NET_PROFIT_RATIO_SQ":-19.7185913579,"HOLDER_PROFIT_SQ":-4033220.8,"HOLDER_PROFIT_QOQ_SQ":73.710881404028,"ROE_AVG_SQ":-2.540302127561,"PE_TTM_SQ":-1.734161442617,"PB_TTM_SQ":0.448407667945,"ROA_SQ":-2.307285747026,"START_DATE":"2022-01-01 00:00:00","FISCAL_YEAR":"12-31","CURRENCY":"HKD","IS_CNY_CODE":0,"DPS_HKD_LY":0.00554,"ORG_TYPE":"证券","PREMIUM_INCOME":null,"PREMIUM_INCOME_YOY":null,"NET_INTEREST_INCOME":null,"NET_INTEREST_INCOME_YOY":null,"FEE_COMMISSION_INCOME":null,"FEE_COMMISSION_INCOME_YOY":null,"ACCOUNTS_RECE_TDAYS":0.270066715675,"INVENTORY_TDAYS":null,"CURRENT_ASSETS_TDAYS":0.112426137539,"TOTAL_ASSETS_TDAYS":0.10594136095,"PREMIUM_EXPENSE":null,"LOAN_DEPOSIT":null,"LOAN_EQUITY":null,"LOAN_ASSETS":null,"DEPOSIT_EQUITY":null,"DEPOSIT_ASSETS":null,"EQUITY_MULTIPLIER":1.033232812082,"EQUITY_RATIO":0.033232812082},{"SECUCODE":"00804.HK","SECURITY_CODE":"00804","SECURITY_NAME_ABBR":"鼎石资本","ORG_CODE":"10443289","STD_REPORT_DATE":"2022-06-30 00:00:00","REPORT_DATE":"2022-06-30 00:00:00","DATE_TYPE_CODE":"002","REPORT_TYPE":"2022年中报","PER_NETCASH_OPERATE":0.004365707336,"PER_OI":0.002037001551,"BPS":0.339088872909,"BASIC_EPS":0.005558735,"DILUTED_EPS":0.005558735,"OPERATE_INCOME":9190726.93,"OPERATE_INCOME_YOY":-16.2745403553,"GROSS_PROFIT":null,"GROSS_PROFIT_YOY":null,"HOLDER_PROFIT":1271667.53,"HOLDER_PROFIT_YOY":-67.8972366149,"GROSS_PROFIT_RATIO":null,"EPS_TTM":-0.001466291915,"OPERATE_INCOME_QOQ":-7.283950778441,"NET_PROFIT_RATIO":13.8364194659,"ROE_AVG":0.772601985281,"GROSS_PROFIT_QOQ":null,"ROA":0.745380221609,"HOLDER_PROFIT_QOQ":-64.031382313609,"ROE_YEARLY":1.545203970561,"ROIC_YEARLY":2.084786456599,"TOTAL_ASSETS":170773746.29,"TOTAL_LIABILITIES":5543341.58,"TAX_EBT":22.228033472803,"OCF_SALES":214.3202754257,"TOTAL_PARENT_EQUITY":165231259.9,"DEBT_ASSET_RATIO":3.2460150933,"OPERATE_PROFIT":1677027.59,"PRETAX_PROFIT":1635123.28,"NETCASH_OPERATE":19697591.27,"NETCASH_INVEST":null,"NETCASH_FINANCE":-432726.14,"END_CASH":58244425.33,"DIVI_RATIO":null,"DIVIDEND_RATE":null,"CURRENT_RATIO":35.867274758005,"COMMON_ACS":25000000000,"CURRENTDEBT_DEBT":82.875655661833,"ISSUED_COMMON_SHARES":487280100,"HK_COMMON_SHARES":487280100,"PER_SHARES":5000,"TOTAL_MARKET_CAP":94045059.3,"HKSK_MARKET_CAP":94045059.3,"PE_TTM":-3.683130700243,"PB_TTM":0.555716763378,"REPORT_DATE_SQ":"2021-06-30 00:00:00","REPORT_TYPE_SQ":"2021年中报","OPERATE_INCOME_SQ":10680578.88,"DPS_HKD":null,"OPERATE_INCOME_QOQ_SQ":-21.01382964006,"NET_PROFIT_RATIO_SQ":36.0860081022,"HOLDER_PROFIT_SQ":3854194.56,"HOLDER_PROFIT_QOQ_SQ":3.184383495527,"ROE_AVG_SQ":2.327965743924,"PE_TTM_SQ":-1.734161442617,"PB_TTM_SQ":0.448407667945,"ROA_SQ":2.128251015996,"START_DATE":"2022-01-01 00:00:00","FISCAL_YEAR":"12-31","CURRENCY":"HKD","IS_CNY_CODE":0,"DPS_HKD_LY":0.00554,"ORG_TYPE":"证券","PREMIUM_INCOME":null,"PREMIUM_INCOME_YOY":null,"NET_INTEREST_INCOME":null,"NET_INTEREST_INCOME_YOY":null,"FEE_COMMISSION_INCOME":null,"FEE_COMMISSION_INCOME_YOY":null,"ACCOUNTS_RECE_TDAYS":0.136132750649,"INVENTORY_TDAYS":null,"CURRENT_ASSETS_TDAYS":0.05590931319,"TOTAL_ASSETS_TDAYS":0.053870889318,"PREMIUM_EXPENSE":null,"LOAN_DEPOSIT":null,"LOAN_EQUITY":null,"LOAN_ASSETS":null,"DEPOSIT_EQUITY":null,"DEPOSIT_ASSETS":null,"EQUITY_MULTIPLIER":1.033549161788,"EQUITY_RATIO":0.033548988148},{"SECUCODE":"00804.HK","SECURITY_CODE":"00804","SECURITY_NAME_ABBR":"鼎石资本","ORG_CODE":"10443289","STD_REPORT_DATE":"2021-12-31 00:00:00","REPORT_DATE":"2021-12-31 00:00:00","DATE_TYPE_CODE":"001","REPORT_TYPE":"2021年年报","PER_NETCASH_OPERATE":-0.00342360226,"PER_OI":0.004533332861,"BPS":0.321689157427,"BASIC_EPS":-0.0175784,"DILUTED_EPS":-0.0175784,"OPERATE_INCOME":20453899.2,"OPERATE_INCOME_YOY":-21.4980544747,"GROSS_PROFIT":null,"GROSS_PROFIT_YOY":null,"HOLDER_PROFIT":-4033220.8,"HOLDER_PROFIT_YOY":73.7996600807,"GROSS_PROFIT_RATIO":null,"EPS_TTM":-0.000893909382,"OPERATE_INCOME_QOQ":-3.451867545951,"NET_PROFIT_RATIO":-19.7185913579,"ROE_AVG":-2.540302127561,"GROSS_PROFIT_QOQ":null,"ROA":-2.307285747026,"HOLDER_PROFIT_QOQ":73.710881404028,"ROE_YEARLY":-2.540302127561,"ROIC_YEARLY":-3.130533009259,"TOTAL_ASSETS":162947680,"TOTAL_LIABILITIES":6194955.2,"TAX_EBT":3.388170779475,"OCF_SALES":-75.520645960747,"TOTAL_PARENT_EQUITY":156752724.8,"DEBT_ASSET_RATIO":3.8018063221,"OPERATE_PROFIT":-4119886.4,"PRETAX_PROFIT":-4174665.6,"NETCASH_OPERATE":-15446916.8,"NETCASH_INVEST":-326222.4,"NETCASH_FINANCE":-1631929.6,"END_CASH":37266208,"DIVI_RATIO":null,"DIVIDEND_RATE":null,"CURRENT_RATIO":32.014190317195,"COMMON_ACS":25000000000,"CURRENTDEBT_DEBT":79.055034974264,"ISSUED_COMMON_SHARES":487280100,"HK_COMMON_SHARES":487280100,"PER_SHARES":5000,"TOTAL_MARKET_CAP":94045059.3,"HKSK_MARKET_CAP":94045059.3,"PE_TTM":-3.683130700243,"PB_TTM":0.555716763378,"REPORT_DATE_SQ":"2020-12-31 00:00:00","REPORT_TYPE_SQ":"2020年年报","OPERATE_INCOME_SQ":26821383.52,"DPS_HKD":null,"OPERATE_INCOME_QOQ_SQ":-3.882200569543,"NET_PROFIT_RATIO_SQ":-59.0812099912,"HOLDER_PROFIT_SQ":-15846397.92,"HOLDER_PROFIT_QOQ_SQ":-328.917034630556,"ROE_AVG_SQ":-8.597633230665,"PE_TTM_SQ":-1.734161442617,"PB_TTM_SQ":0.448407667945,"ROA_SQ":-7.808462900677,"START_DATE":"2021-01-01 00:00:00","FISCAL_YEAR":"12-31","CURRENCY":"HKD","IS_CNY_CODE":0,"DPS_HKD_LY":null,"ORG_TYPE":"证券","PREMIUM_INCOME":null,"PREMIUM_INCOME_YOY":null,"NET_INTEREST_INCOME":null,"NET_INTEREST_INCOME_YOY":null,"FEE_COMMISSION_INCOME":null,"FEE_COMMISSION_INCOME_YOY":null,"ACCOUNTS_RECE_TDAYS":0.266722818091,"INVENTORY_TDAYS":null,"CURRENT_ASSETS_TDAYS":0.121182616783,"TOTAL_ASSETS_TDAYS":0.117010678154,"PREMIUM_EXPENSE":null,"LOAN_DEPOSIT":null,"LOAN_EQUITY":null,"LOAN_ASSETS":null,"DEPOSIT_EQUITY":null,"DEPOSIT_ASSETS":null,"EQUITY_MULTIPLIER":1.039520558305,"EQUITY_RATIO":0.039520558305},{"SECUCODE":"00804.HK","SECURITY_CODE":"00804","SECURITY_NAME_ABBR":"鼎石资本","ORG_CODE":"10443289","STD_REPORT_DATE":"2021-06-30 00:00:00","REPORT_DATE":"2021-06-30 00:00:00","DATE_TYPE_CODE":"002","REPORT_TYPE":"2021年中报","PER_NETCASH_OPERATE":-0.004606427515,"PER_OI":0.002367207286,"BPS":0.343719595855,"BASIC_EPS":0.00083208,"DILUTED_EPS":0.00083208,"OPERATE_INCOME":10680578.88,"OPERATE_INCOME_YOY":-28.141969434,"GROSS_PROFIT":null,"GROSS_PROFIT_YOY":null,"HOLDER_PROFIT":3854194.56,"HOLDER_PROFIT_YOY":26.3157894737,"GROSS_PROFIT_RATIO":null,"EPS_TTM":-0.003400301834,"OPERATE_INCOME_QOQ":-21.01382964006,"NET_PROFIT_RATIO":36.0860081022,"ROE_AVG":2.327965743924,"GROSS_PROFIT_QOQ":null,"ROA":2.128251015996,"HOLDER_PROFIT_QOQ":3.184383495527,"ROE_YEARLY":4.655931487848,"ROIC_YEARLY":5.655660391757,"TOTAL_ASSETS":172228078.8,"TOTAL_LIABILITIES":4740359.76,"TAX_EBT":19.75051975052,"OCF_SALES":-194.593331255843,"TOTAL_PARENT_EQUITY":167487719.04,"DEBT_ASSET_RATIO":2.7523733604,"OPERATE_PROFIT":4826064,"PRETAX_PROFIT":4802765.76,"NETCASH_OPERATE":-20783694.24,"NETCASH_INVEST":null,"NETCASH_FINANCE":-891989.76,"END_CASH":33963841.44,"DIVI_RATIO":null,"DIVIDEND_RATE":null,"CURRENT_RATIO":35.425487098473,"COMMON_ACS":25000000000,"CURRENTDEBT_DEBT":100,"ISSUED_COMMON_SHARES":487280100,"HK_COMMON_SHARES":487280100,"PER_SHARES":5000,"TOTAL_MARKET_CAP":94045059.3,"HKSK_MARKET_CAP":94045059.3,"PE_TTM":-3.683130700243,"PB_TTM":0.555716763378,"REPORT_DATE_SQ":"2020-06-30 00:00:00","REPORT_TYPE_SQ":"2020年中报","OPERATE_INCOME_SQ":16316778.72,"DPS_HKD":null,"OPERATE_INCOME_QOQ_SQ":19.881805193061,"NET_PROFIT_RATIO_SQ":20.5284666629,"HOLDER_PROFIT_SQ":3349584.48,"HOLDER_PROFIT_QOQ_SQ":6.869240405432,"ROE_AVG_SQ":1.592699728107,"PE_TTM_SQ":-1.734161442617,"PB_TTM_SQ":0.448407667945,"ROA_SQ":1.490438352267,"START_DATE":"2021-01-01 00:00:00","FISCAL_YEAR":"12-31","CURRENCY":"HKD","IS_CNY_CODE":0,"DPS_HKD_LY":null,"ORG_TYPE":"证券","PREMIUM_INCOME":null,"PREMIUM_INCOME_YOY":null,"NET_INTEREST_INCOME":null,"NET_INTEREST_INCOME_YOY":null,"FEE_COMMISSION_INCOME":null,"FEE_COMMISSION_INCOME_YOY":null,"ACCOUNTS_RECE_TDAYS":0.130455109051,"INVENTORY_TDAYS":null,"CURRENT_ASSETS_TDAYS":0.060699634696,"TOTAL_ASSETS_TDAYS":0.058977180573,"PREMIUM_EXPENSE":null,"LOAN_DEPOSIT":null,"LOAN_EQUITY":null,"LOAN_ASSETS":null,"DEPOSIT_EQUITY":null,"DEPOSIT_ASSETS":null,"EQUITY_MULTIPLIER":1.028302730416,"EQUITY_RATIO":0.028302730416},{"SECUCODE":"00804.HK","SECURITY_CODE":"00804","SECURITY_NAME_ABBR":"鼎石资本","ORG_CODE":"10443289","STD_REPORT_DATE":"2020-12-31 00:00:00","REPORT_DATE":"2020-12-31 00:00:00","DATE_TYPE_CODE":"001","REPORT_TYPE":"2020年年报","PER_NETCASH_OPERATE":0.012619125103,"PER_OI":0.005944600493,"BPS":0.339668202826,"BASIC_EPS":-0.003534888,"DILUTED_EPS":-0.003534888,"OPERATE_INCOME":26821383.52,"OPERATE_INCOME_YOY":22.6399846065,"GROSS_PROFIT":null,"GROSS_PROFIT_YOY":null,"HOLDER_PROFIT":-15846397.92,"HOLDER_PROFIT_YOY":-360.3789240769,"GROSS_PROFIT_RATIO":null,"EPS_TTM":-0.003512141901,"OPERATE_INCOME_QOQ":-3.882200569543,"NET_PROFIT_RATIO":-59.0812099912,"ROE_AVG":-8.597633230665,"GROSS_PROFIT_QOQ":null,"ROA":-7.808462900677,"HOLDER_PROFIT_QOQ":-328.917034630556,"ROE_YEARLY":-8.597633230665,"ROIC_YEARLY":-9.751246873106,"TOTAL_ASSETS":192148095.28,"TOTAL_LIABILITIES":26634539.44,"TAX_EBT":2.50116513904,"OCF_SALES":212.278774946655,"TOTAL_PARENT_EQUITY":165513555.84,"DEBT_ASSET_RATIO":13.8614642009,"OPERATE_PROFIT":-16154438.16,"PRETAX_PROFIT":-16252910.04,"NETCASH_OPERATE":56936104.36,"NETCASH_INVEST":-42923.64,"NETCASH_FINANCE":-25200384.88,"END_CASH":56278783.52,"DIVI_RATIO":null,"DIVIDEND_RATE":null,"CURRENT_RATIO":6.98717057448,"COMMON_ACS":25000000000,"CURRENTDEBT_DEBT":100,"ISSUED_COMMON_SHARES":487280100,"HK_COMMON_SHARES":487280100,"PER_SHARES":5000,"TOTAL_MARKET_CAP":94045059.3,"HKSK_MARKET_CAP":94045059.3,"PE_TTM":-3.683130700243,"PB_TTM":0.555716763378,"REPORT_DATE_SQ":"2019-12-31 00:00:00","REPORT_TYPE_SQ":"2019年年报","OPERATE_INCOME_SQ":23276843.3,"DPS_HKD":null,"OPERATE_INCOME_QOQ_SQ":11.656417590326,"NET_PROFIT_RATIO_SQ":27.827592842,"HOLDER_PROFIT_SQ":6477385.18,"HOLDER_PROFIT_QOQ_SQ":366.414092170455,"ROE_AVG_SQ":2.821005980642,"PE_TTM_SQ":-1.734161442617,"PB_TTM_SQ":0.448407667945,"ROA_SQ":2.717511809958,"START_DATE":"2020-01-01 00:00:00","FISCAL_YEAR":"12-31","CURRENCY":"HKD","IS_CNY_CODE":0,"DPS_HKD_LY":null,"ORG_TYPE":"证券","PREMIUM_INCOME":null,"PREMIUM_INCOME_YOY":null,"NET_INTEREST_INCOME":null,"NET_INTEREST_INCOME_YOY":null,"FEE_COMMISSION_INCOME":null,"FEE_COMMISSION_INCOME_YOY":null,"ACCOUNTS_RECE_TDAYS":0.235008683404,"INVENTORY_TDAYS":null,"CURRENT_ASSETS_TDAYS":0.136484625779,"TOTAL_ASSETS_TDAYS":0.132164911684,"PREMIUM_EXPENSE":null,"LOAN_DEPOSIT":null,"LOAN_EQUITY":null,"LOAN_ASSETS":null,"DEPOSIT_EQUITY":null,"DEPOSIT_ASSETS":null,"EQUITY_MULTIPLIER":1.160920592303,"EQUITY_RATIO":0.160920592303},{"SECUCODE":"00804.HK","SECURITY_CODE":"00804","SECURITY_NAME_ABBR":"鼎石资本","ORG_CODE":"10443289","STD_REPORT_DATE":"2020-06-30 00:00:00","REPORT_DATE":"2020-06-30 00:00:00","DATE_TYPE_CODE":"002","REPORT_TYPE":"2020年中报","PER_NETCASH_OPERATE":0.005508711959,"PER_OI":0.003616395506,"BPS":0.410813594563,"BASIC_EPS":0.000730752,"DILUTED_EPS":0.000730752,"OPERATE_INCOME":16316778.72,"OPERATE_INCOME_YOY":34.4295605057,"GROSS_PROFIT":null,"GROSS_PROFIT_YOY":null,"HOLDER_PROFIT":3349584.48,"HOLDER_PROFIT_YOY":11.0539067232,"GROSS_PROFIT_RATIO":null,"EPS_TTM":0.001534242267,"OPERATE_INCOME_QOQ":19.881805193061,"NET_PROFIT_RATIO":20.5284666629,"ROE_AVG":1.592699728107,"GROSS_PROFIT_QOQ":null,"ROA":1.490438352267,"HOLDER_PROFIT_QOQ":6.869240405432,"ROE_YEARLY":3.185399456215,"ROIC_YEARLY":3.3847225972,"TOTAL_ASSETS":217513813.44,"TOTAL_LIABILITIES":17332524,"TAX_EBT":20.73065283182,"OCF_SALES":152.326037059844,"TOTAL_PARENT_EQUITY":200181289.44,"DEBT_ASSET_RATIO":7.9684704736,"OPERATE_PROFIT":4288600.8,"PRETAX_PROFIT":4225573.44,"NETCASH_OPERATE":24854702.4,"NETCASH_INVEST":-10047.84,"NETCASH_FINANCE":-24582497.28,"END_CASH":26945566.56,"DIVI_RATIO":null,"DIVIDEND_RATE":null,"CURRENT_RATIO":12.645359019264,"COMMON_ACS":25000000000,"CURRENTDEBT_DEBT":96.29512516469,"ISSUED_COMMON_SHARES":487280100,"HK_COMMON_SHARES":487280100,"PER_SHARES":5000,"TOTAL_MARKET_CAP":94045059.3,"HKSK_MARKET_CAP":94045059.3,"PE_TTM":-3.683130700243,"PB_TTM":0.555716763378,"REPORT_DATE_SQ":"2019-06-30 00:00:00","REPORT_TYPE_SQ":"2019年中报","OPERATE_INCOME_SQ":11688922.08,"DPS_HKD":null,"OPERATE_INCOME_QOQ_SQ":26.1925282872,"NET_PROFIT_RATIO_SQ":24.8494882601,"HOLDER_PROFIT_SQ":2904637.32,"HOLDER_PROFIT_QOQ_SQ":7.65895082418,"ROE_AVG_SQ":1.212065595434,"PE_TTM_SQ":-1.734161442617,"PB_TTM_SQ":0.448407667945,"ROA_SQ":1.171931841977,"START_DATE":"2020-01-01 00:00:00","FISCAL_YEAR":"12-31","CURRENCY":"HKD","IS_CNY_CODE":0,"DPS_HKD_LY":null,"ORG_TYPE":"证券","PREMIUM_INCOME":null,"PREMIUM_INCOME_YOY":null,"NET_INTEREST_INCOME":null,"NET_INTEREST_INCOME_YOY":null,"FEE_COMMISSION_INCOME":null,"FEE_COMMISSION_INCOME_YOY":null,"ACCOUNTS_RECE_TDAYS":0.119671060345,"INVENTORY_TDAYS":null,"CURRENT_ASSETS_TDAYS":0.074909366921,"TOTAL_ASSETS_TDAYS":0.072603491373,"PREMIUM_EXPENSE":null,"LOAN_DEPOSIT":null,"LOAN_EQUITY":null,"LOAN_ASSETS":null,"DEPOSIT_EQUITY":null,"DEPOSIT_ASSETS":null,"EQUITY_MULTIPLIER":1.086584136052,"EQUITY_RATIO":0.086584136052}],"count":29},"success":true,"message":"ok","code":0}