{"version":"7c1e871dcde39f5bc6206e4510fc9600","result":{"pages":5,"data":[{"SECUCODE":"00806.HK","SECURITY_CODE":"00806","SECURITY_NAME_ABBR":"惠理集团","ORG_CODE":"10102938","STD_REPORT_DATE":"2024-06-30 00:00:00","REPORT_DATE":"2024-06-30 00:00:00","DATE_TYPE_CODE":"002","REPORT_TYPE":"2024年中报","PER_NETCASH_OPERATE":-0.003093712238,"PER_OI":0.080589405138,"BPS":1.783750438753,"BASIC_EPS":0.0182536,"DILUTED_EPS":0.0182536,"OPERATE_INCOME":147213458.64,"OPERATE_INCOME_YOY":-14.3603493589,"GROSS_PROFIT":null,"GROSS_PROFIT_YOY":null,"HOLDER_PROFIT":34102288.2,"HOLDER_PROFIT_YOY":665.6762295082,"GROSS_PROFIT_RATIO":null,"EPS_TTM":0.027659474046,"OPERATE_INCOME_QOQ":-8.21728548117,"NET_PROFIT_RATIO":23.1651973366,"ROE_AVG":1.050635632449,"GROSS_PROFIT_QOQ":null,"ROA":0.885527683494,"HOLDER_PROFIT_QOQ":141.486872629697,"ROE_YEARLY":2.101271264898,"ROIC_YEARLY":2.508648341079,"TOTAL_ASSETS":3432547496.72,"TOTAL_LIABILITIES":174153034.2,"TAX_EBT":11.745949265435,"OCF_SALES":-3.838857270394,"TOTAL_PARENT_EQUITY":3258394462.52,"DEBT_ASSET_RATIO":5.0735797354,"OPERATE_PROFIT":99748622.56,"PRETAX_PROFIT":38641045.84,"NETCASH_OPERATE":-5651314.56,"NETCASH_INVEST":272430416.6,"NETCASH_FINANCE":-845906505.84,"END_CASH":841820437.48,"DIVI_RATIO":null,"DIVIDEND_RATE":null,"CURRENT_RATIO":13.425836564397,"COMMON_ACS":5000000000,"CURRENTDEBT_DEBT":49.740324397977,"ISSUED_COMMON_SHARES":1826709831,"HK_COMMON_SHARES":1826709831,"PER_SHARES":1000,"TOTAL_MARKET_CAP":2959269926.22,"HKSK_MARKET_CAP":2959269926.22,"PE_TTM":53.250138128588,"PB_TTM":0.828894876704,"REPORT_DATE_SQ":"2023-06-30 00:00:00","REPORT_TYPE_SQ":"2023年中报","OPERATE_INCOME_SQ":173650323.1,"DPS_HKD":null,"OPERATE_INCOME_QOQ_SQ":-3.840623809762,"NET_PROFIT_RATIO_SQ":2.5909899387,"HOLDER_PROFIT_SQ":4499262.4,"HOLDER_PROFIT_QOQ_SQ":76.307686989811,"ROE_AVG_SQ":0.109314600813,"PE_TTM_SQ":-29.00402629354,"PB_TTM_SQ":0.725054870045,"ROA_SQ":0.103825490626,"START_DATE":"2024-01-01 00:00:00","FISCAL_YEAR":"12-31","CURRENCY":"HKD","IS_CNY_CODE":0,"DPS_HKD_LY":null,"ORG_TYPE":"证券","PREMIUM_INCOME":null,"PREMIUM_INCOME_YOY":null,"NET_INTEREST_INCOME":null,"NET_INTEREST_INCOME_YOY":null,"FEE_COMMISSION_INCOME":null,"FEE_COMMISSION_INCOME_YOY":null,"ACCOUNTS_RECE_TDAYS":3.124355944679,"INVENTORY_TDAYS":null,"CURRENT_ASSETS_TDAYS":0.101365210877,"TOTAL_ASSETS_TDAYS":0.038226641052,"PREMIUM_EXPENSE":null,"LOAN_DEPOSIT":null,"LOAN_EQUITY":null,"LOAN_ASSETS":null,"DEPOSIT_EQUITY":null,"DEPOSIT_ASSETS":null,"EQUITY_MULTIPLIER":1.053447498823,"EQUITY_RATIO":0.053447498823},{"SECUCODE":"00806.HK","SECURITY_CODE":"00806","SECURITY_NAME_ABBR":"惠理集团","ORG_CODE":"10102938","STD_REPORT_DATE":"2023-12-31 00:00:00","REPORT_DATE":"2023-12-31 00:00:00","DATE_TYPE_CODE":"001","REPORT_TYPE":"2023年年报","PER_NETCASH_OPERATE":0.027942501121,"PER_OI":0.176121348919,"BPS":1.757511634895,"BASIC_EPS":0.01178086,"DILUTED_EPS":0.01178086,"OPERATE_INCOME":321722599.52,"OPERATE_INCOME_YOY":-13.1340318184,"GROSS_PROFIT":null,"GROSS_PROFIT_YOY":null,"HOLDER_PROFIT":20922807.36,"HOLDER_PROFIT_YOY":104.2416615379,"GROSS_PROFIT_RATIO":null,"EPS_TTM":0.011453820965,"OPERATE_INCOME_QOQ":-8.354969255016,"NET_PROFIT_RATIO":6.5033688622,"ROE_AVG":0.574550103106,"GROSS_PROFIT_QOQ":null,"ROA":0.489882228179,"HOLDER_PROFIT_QOQ":118.162659596814,"ROE_YEARLY":0.574550103106,"ROIC_YEARLY":0.744702966313,"TOTAL_ASSETS":4239371470.04,"TOTAL_LIABILITIES":1028907688.48,"TAX_EBT":16.332668961768,"OCF_SALES":15.865482119116,"TOTAL_PARENT_EQUITY":3210463781.56,"DEBT_ASSET_RATIO":24.2702885499,"OPERATE_PROFIT":9093011.48,"PRETAX_PROFIT":25007140.9,"NETCASH_OPERATE":51042841.5,"NETCASH_INVEST":-61261378.22,"NETCASH_FINANCE":-81142032.58,"END_CASH":1412692764.7,"DIVI_RATIO":null,"DIVIDEND_RATE":null,"CURRENT_RATIO":1.85521690097,"COMMON_ACS":5000000000,"CURRENTDEBT_DEBT":90.593138532866,"ISSUED_COMMON_SHARES":1826709831,"HK_COMMON_SHARES":1826709831,"PER_SHARES":1000,"TOTAL_MARKET_CAP":3141940909.32,"HKSK_MARKET_CAP":3141940909.32,"PE_TTM":56.537183692081,"PB_TTM":0.880061227117,"REPORT_DATE_SQ":"2022-12-31 00:00:00","REPORT_TYPE_SQ":"2022年年报","OPERATE_INCOME_SQ":365074089.38,"DPS_HKD":null,"OPERATE_INCOME_QOQ_SQ":-32.179256949623,"NET_PROFIT_RATIO_SQ":-133.1839958502,"HOLDER_PROFIT_SQ":-486220260.05,"HOLDER_PROFIT_QOQ_SQ":-191.496118167659,"ROE_AVG_SQ":-11.155191427278,"PE_TTM_SQ":-29.498413105361,"PB_TTM_SQ":0.737413759876,"ROA_SQ":-10.449310864575,"START_DATE":"2023-01-01 00:00:00","FISCAL_YEAR":"12-31","CURRENCY":"HKD","IS_CNY_CODE":0,"DPS_HKD_LY":0.534,"ORG_TYPE":"证券","PREMIUM_INCOME":null,"PREMIUM_INCOME_YOY":null,"NET_INTEREST_INCOME":null,"NET_INTEREST_INCOME_YOY":null,"FEE_COMMISSION_INCOME":255509635.22,"FEE_COMMISSION_INCOME_YOY":-15.062975782716,"ACCOUNTS_RECE_TDAYS":5.751296008294,"INVENTORY_TDAYS":null,"CURRENT_ASSETS_TDAYS":0.180031912388,"TOTAL_ASSETS_TDAYS":0.07532745544,"PREMIUM_EXPENSE":null,"LOAN_DEPOSIT":null,"LOAN_EQUITY":null,"LOAN_ASSETS":null,"DEPOSIT_EQUITY":null,"DEPOSIT_ASSETS":null,"EQUITY_MULTIPLIER":1.320485686333,"EQUITY_RATIO":0.320485686333},{"SECUCODE":"00806.HK","SECURITY_CODE":"00806","SECURITY_NAME_ABBR":"惠理集团","ORG_CODE":"10102938","STD_REPORT_DATE":"2023-06-30 00:00:00","REPORT_DATE":"2023-06-30 00:00:00","DATE_TYPE_CODE":"002","REPORT_TYPE":"2023年中报","PER_NETCASH_OPERATE":0.02726708242,"PER_OI":0.095061799172,"BPS":2.238016551628,"BASIC_EPS":0.00276594,"DILUTED_EPS":0.00276594,"OPERATE_INCOME":173650323.1,"OPERATE_INCOME_YOY":-14.1740715425,"GROSS_PROFIT":null,"GROSS_PROFIT_YOY":null,"HOLDER_PROFIT":4499262.4,"HOLDER_PROFIT_YOY":101.1386226399,"GROSS_PROFIT_RATIO":null,"EPS_TTM":-0.063062465628,"OPERATE_INCOME_QOQ":-3.840623809762,"NET_PROFIT_RATIO":2.5909899387,"ROE_AVG":0.109314600813,"GROSS_PROFIT_QOQ":null,"ROA":0.103825490626,"HOLDER_PROFIT_QOQ":76.307686989811,"ROE_YEARLY":0.218629201626,"ROIC_YEARLY":0.314190261518,"TOTAL_ASSETS":4289541453.36,"TOTAL_LIABILITIES":201334616.56,"TAX_EBT":31.248238940547,"OCF_SALES":28.683532878494,"TOTAL_PARENT_EQUITY":4088206836.8,"DEBT_ASSET_RATIO":4.6936162932,"OPERATE_PROFIT":2040341.74,"PRETAX_PROFIT":6544214.04,"NETCASH_OPERATE":49809047.52,"NETCASH_INVEST":-114781900.1,"NETCASH_FINANCE":-69797573.92,"END_CASH":1402453281.36,"DIVI_RATIO":null,"DIVIDEND_RATE":null,"CURRENT_RATIO":8.855680864945,"COMMON_ACS":5000000000,"CURRENTDEBT_DEBT":98.26351363728,"ISSUED_COMMON_SHARES":1826709831,"HK_COMMON_SHARES":1826709831,"PER_SHARES":1000,"TOTAL_MARKET_CAP":3141940909.32,"HKSK_MARKET_CAP":3141940909.32,"PE_TTM":56.537183692081,"PB_TTM":0.880061227117,"REPORT_DATE_SQ":"2022-06-30 00:00:00","REPORT_TYPE_SQ":"2022年中报","OPERATE_INCOME_SQ":187671445.5,"DPS_HKD":null,"OPERATE_INCOME_QOQ_SQ":-25.266218545946,"NET_PROFIT_RATIO_SQ":-195.300979722,"HOLDER_PROFIT_SQ":-366524171.72,"HOLDER_PROFIT_QOQ_SQ":-144.562676993589,"ROE_AVG_SQ":-8.646142766218,"PE_TTM_SQ":-29.498413105361,"PB_TTM_SQ":0.737413759876,"ROA_SQ":-8.084560151585,"START_DATE":"2023-01-01 00:00:00","FISCAL_YEAR":"12-31","CURRENCY":"HKD","IS_CNY_CODE":0,"DPS_HKD_LY":0.534,"ORG_TYPE":"证券","PREMIUM_INCOME":null,"PREMIUM_INCOME_YOY":null,"NET_INTEREST_INCOME":null,"NET_INTEREST_INCOME_YOY":null,"FEE_COMMISSION_INCOME":null,"FEE_COMMISSION_INCOME_YOY":null,"ACCOUNTS_RECE_TDAYS":2.89931036606,"INVENTORY_TDAYS":null,"CURRENT_ASSETS_TDAYS":0.095705316347,"TOTAL_ASSETS_TDAYS":0.040071745967,"PREMIUM_EXPENSE":null,"LOAN_DEPOSIT":null,"LOAN_EQUITY":null,"LOAN_ASSETS":null,"DEPOSIT_EQUITY":null,"DEPOSIT_ASSETS":null,"EQUITY_MULTIPLIER":1.049247659083,"EQUITY_RATIO":0.049247659083},{"SECUCODE":"00806.HK","SECURITY_CODE":"00806","SECURITY_NAME_ABBR":"惠理集团","ORG_CODE":"10102938","STD_REPORT_DATE":"2022-12-31 00:00:00","REPORT_DATE":"2022-12-31 00:00:00","DATE_TYPE_CODE":"001","REPORT_TYPE":"2022年年报","PER_NETCASH_OPERATE":-0.037477822098,"PER_OI":0.199853355571,"BPS":2.197685189296,"BASIC_EPS":-0.26440792,"DILUTED_EPS":-0.26440792,"OPERATE_INCOME":365074089.38,"OPERATE_INCOME_YOY":-53.6085832759,"GROSS_PROFIT":null,"GROSS_PROFIT_YOY":null,"HOLDER_PROFIT":-486220260.05,"HOLDER_PROFIT_YOY":-218.8946141765,"GROSS_PROFIT_RATIO":null,"EPS_TTM":-0.26617268479,"OPERATE_INCOME_QOQ":-32.179256949623,"NET_PROFIT_RATIO":-133.1839958502,"ROE_AVG":-11.155191427278,"GROSS_PROFIT_QOQ":null,"ROA":-10.449310864575,"HOLDER_PROFIT_QOQ":-191.496118167659,"ROE_YEARLY":-11.155191427278,"ROIC_YEARLY":-15.363541821172,"TOTAL_ASSETS":4241118222.39,"TOTAL_LIABILITIES":226585081.66,"TAX_EBT":-0.732665131876,"OCF_SALES":-18.752660915012,"TOTAL_PARENT_EQUITY":4014533140.73,"DEBT_ASSET_RATIO":5.3425787676,"OPERATE_PROFIT":-455330090.18,"PRETAX_PROFIT":-482683804.12,"NETCASH_OPERATE":-68461106.07,"NETCASH_INVEST":356263767.37,"NETCASH_FINANCE":-207953256,"END_CASH":1488599617.47,"DIVI_RATIO":null,"DIVIDEND_RATE":null,"CURRENT_RATIO":8.661747936346,"COMMON_ACS":5000000000,"CURRENTDEBT_DEBT":92.65231137989,"ISSUED_COMMON_SHARES":1826709831,"HK_COMMON_SHARES":1826709831,"PER_SHARES":1000,"TOTAL_MARKET_CAP":3141940909.32,"HKSK_MARKET_CAP":3141940909.32,"PE_TTM":56.537183692081,"PB_TTM":0.880061227117,"REPORT_DATE_SQ":"2021-12-31 00:00:00","REPORT_TYPE_SQ":"2021年年报","OPERATE_INCOME_SQ":720280254.4,"DPS_HKD":null,"OPERATE_INCOME_QOQ_SQ":-60.880745470148,"NET_PROFIT_RATIO_SQ":51.9669818121,"HOLDER_PROFIT_SQ":374307908.8,"HOLDER_PROFIT_QOQ_SQ":-69.342641014626,"ROE_AVG_SQ":8.571032473986,"PE_TTM_SQ":-29.498413105361,"PB_TTM_SQ":0.737413759876,"ROA_SQ":7.649880045834,"START_DATE":"2022-01-01 00:00:00","FISCAL_YEAR":"12-31","CURRENCY":"HKD","IS_CNY_CODE":0,"DPS_HKD_LY":0.08,"ORG_TYPE":"证券","PREMIUM_INCOME":null,"PREMIUM_INCOME_YOY":null,"NET_INTEREST_INCOME":null,"NET_INTEREST_INCOME_YOY":null,"FEE_COMMISSION_INCOME":296523656.31,"FEE_COMMISSION_INCOME_YOY":null,"ACCOUNTS_RECE_TDAYS":3.178136093409,"INVENTORY_TDAYS":null,"CURRENT_ASSETS_TDAYS":0.203974898791,"TOTAL_ASSETS_TDAYS":0.078457706558,"PREMIUM_EXPENSE":null,"LOAN_DEPOSIT":null,"LOAN_EQUITY":null,"LOAN_ASSETS":null,"DEPOSIT_EQUITY":null,"DEPOSIT_ASSETS":null,"EQUITY_MULTIPLIER":1.056441203426,"EQUITY_RATIO":0.056441203427},{"SECUCODE":"00806.HK","SECURITY_CODE":"00806","SECURITY_NAME_ABBR":"惠理集团","ORG_CODE":"10102938","STD_REPORT_DATE":"2022-06-30 00:00:00","REPORT_DATE":"2022-06-30 00:00:00","DATE_TYPE_CODE":"002","REPORT_TYPE":"2022年中报","PER_NETCASH_OPERATE":-0.026198587847,"PER_OI":0.102131350309,"BPS":2.176570196523,"BASIC_EPS":-0.19840408,"DILUTED_EPS":-0.19840408,"OPERATE_INCOME":187671445.5,"OPERATE_INCOME_YOY":-50.6031391598,"GROSS_PROFIT":null,"GROSS_PROFIT_YOY":null,"HOLDER_PROFIT":-366524171.72,"HOLDER_PROFIT_YOY":-304.2665548237,"GROSS_PROFIT_RATIO":null,"EPS_TTM":-0.090773932519,"OPERATE_INCOME_QOQ":-25.266218545946,"NET_PROFIT_RATIO":-195.300979722,"ROE_AVG":-8.646142766218,"GROSS_PROFIT_QOQ":null,"ROA":-8.084560151585,"HOLDER_PROFIT_QOQ":-144.562676993589,"ROE_YEARLY":-17.292285532436,"ROIC_YEARLY":-23.378436906454,"TOTAL_ASSETS":4218043374.72,"TOTAL_LIABILITIES":242081198.87,"TAX_EBT":-0.938048303718,"OCF_SALES":-25.651856915015,"TOTAL_PARENT_EQUITY":3975962175.85,"DEBT_ASSET_RATIO":5.7391823024,"OPERATE_PROFIT":-362730548.88,"PRETAX_PROFIT":-363117949.95,"NETCASH_OPERATE":-48141210.67,"NETCASH_INVEST":194937994.93,"NETCASH_FINANCE":-168976136.91,"END_CASH":1371421167.55,"DIVI_RATIO":null,"DIVIDEND_RATE":null,"CURRENT_RATIO":10.970135925096,"COMMON_ACS":5000000000,"CURRENTDEBT_DEBT":64.480540355315,"ISSUED_COMMON_SHARES":1826709831,"HK_COMMON_SHARES":1826709831,"PER_SHARES":1000,"TOTAL_MARKET_CAP":3141940909.32,"HKSK_MARKET_CAP":3141940909.32,"PE_TTM":56.537183692081,"PB_TTM":0.880061227117,"REPORT_DATE_SQ":"2021-06-30 00:00:00","REPORT_TYPE_SQ":"2021年中报","OPERATE_INCOME_SQ":369659028.72,"DPS_HKD":null,"OPERATE_INCOME_QOQ_SQ":2.548804627408,"NET_PROFIT_RATIO_SQ":47.2287561985,"HOLDER_PROFIT_SQ":174585361.44,"HOLDER_PROFIT_QOQ_SQ":5.160843811158,"ROE_AVG_SQ":4.021389734779,"PE_TTM_SQ":-29.498413105361,"PB_TTM_SQ":0.737413759876,"ROA_SQ":3.53013018047,"START_DATE":"2022-01-01 00:00:00","FISCAL_YEAR":"12-31","CURRENCY":"HKD","IS_CNY_CODE":0,"DPS_HKD_LY":0.08,"ORG_TYPE":"证券","PREMIUM_INCOME":null,"PREMIUM_INCOME_YOY":null,"NET_INTEREST_INCOME":null,"NET_INTEREST_INCOME_YOY":null,"FEE_COMMISSION_INCOME":156902564.49,"FEE_COMMISSION_INCOME_YOY":null,"ACCOUNTS_RECE_TDAYS":null,"INVENTORY_TDAYS":null,"CURRENT_ASSETS_TDAYS":0.110444018169,"TOTAL_ASSETS_TDAYS":0.041395389634,"PREMIUM_EXPENSE":null,"LOAN_DEPOSIT":null,"LOAN_EQUITY":null,"LOAN_ASSETS":null,"DEPOSIT_EQUITY":null,"DEPOSIT_ASSETS":null,"EQUITY_MULTIPLIER":1.060886192615,"EQUITY_RATIO":0.060886192615},{"SECUCODE":"00806.HK","SECURITY_CODE":"00806","SECURITY_NAME_ABBR":"惠理集团","ORG_CODE":"10102938","STD_REPORT_DATE":"2021-12-31 00:00:00","REPORT_DATE":"2021-12-31 00:00:00","DATE_TYPE_CODE":"001","REPORT_TYPE":"2021年年报","PER_NETCASH_OPERATE":0.475383126623,"PER_OI":0.38934429138,"BPS":2.356402541308,"BASIC_EPS":0.2019472,"DILUTED_EPS":0.2011296,"OPERATE_INCOME":720280254.4,"OPERATE_INCOME_YOY":-58.7041264514,"GROSS_PROFIT":null,"GROSS_PROFIT_YOY":null,"HOLDER_PROFIT":374307908.8,"HOLDER_PROFIT_YOY":-66.8125192555,"GROSS_PROFIT_RATIO":null,"EPS_TTM":0.202330477088,"OPERATE_INCOME_QOQ":-60.880745470148,"NET_PROFIT_RATIO":51.9669818121,"ROE_AVG":8.571032473986,"GROSS_PROFIT_QOQ":null,"ROA":7.649880045834,"HOLDER_PROFIT_QOQ":-69.342641014626,"ROE_YEARLY":8.571032473986,"ROIC_YEARLY":10.993479260543,"TOTAL_ASSETS":4636071619.2,"TOTAL_LIABILITIES":331607931.2,"TAX_EBT":9.860522077441,"OCF_SALES":122.098393927596,"TOTAL_PARENT_EQUITY":4304463688,"DEBT_ASSET_RATIO":7.1527784391,"OPERATE_PROFIT":385361043.2,"PRETAX_PROFIT":415254134.4,"NETCASH_OPERATE":879450622.4,"NETCASH_INVEST":-577271385.6,"NETCASH_FINANCE":-555083356.8,"END_CASH":1362070091.2,"DIVI_RATIO":null,"DIVIDEND_RATE":null,"CURRENT_RATIO":6.89594591286,"COMMON_ACS":5000000000,"CURRENTDEBT_DEBT":70.492643995,"ISSUED_COMMON_SHARES":1826709831,"HK_COMMON_SHARES":1826709831,"PER_SHARES":1000,"TOTAL_MARKET_CAP":3141940909.32,"HKSK_MARKET_CAP":3141940909.32,"PE_TTM":56.537183692081,"PB_TTM":0.880061227117,"REPORT_DATE_SQ":"2020-12-31 00:00:00","REPORT_TYPE_SQ":"2020年年报","OPERATE_INCOME_SQ":1795479028.4,"DPS_HKD":null,"OPERATE_INCOME_QOQ_SQ":137.193910970822,"NET_PROFIT_RATIO_SQ":64.6635978831,"HOLDER_PROFIT_SQ":1161021339,"HOLDER_PROFIT_QOQ_SQ":228.106035925658,"ROE_AVG_SQ":28.131062333405,"PE_TTM_SQ":-29.498413105361,"PB_TTM_SQ":0.737413759876,"ROA_SQ":24.608087475443,"START_DATE":"2021-01-01 00:00:00","FISCAL_YEAR":"12-31","CURRENCY":"HKD","IS_CNY_CODE":0,"DPS_HKD_LY":0.08,"ORG_TYPE":"证券","PREMIUM_INCOME":null,"PREMIUM_INCOME_YOY":null,"NET_INTEREST_INCOME":null,"NET_INTEREST_INCOME_YOY":null,"FEE_COMMISSION_INCOME":null,"FEE_COMMISSION_INCOME_YOY":null,"ACCOUNTS_RECE_TDAYS":4.635215195202,"INVENTORY_TDAYS":null,"CURRENT_ASSETS_TDAYS":0.312282971649,"TOTAL_ASSETS_TDAYS":0.147206548833,"PREMIUM_EXPENSE":null,"LOAN_DEPOSIT":null,"LOAN_EQUITY":null,"LOAN_ASSETS":null,"DEPOSIT_EQUITY":null,"DEPOSIT_ASSETS":null,"EQUITY_MULTIPLIER":1.077038152772,"EQUITY_RATIO":0.077038152773},{"SECUCODE":"00806.HK","SECURITY_CODE":"00806","SECURITY_NAME_ABBR":"惠理集团","ORG_CODE":"10102938","STD_REPORT_DATE":"2021-06-30 00:00:00","REPORT_DATE":"2021-06-30 00:00:00","DATE_TYPE_CODE":"002","REPORT_TYPE":"2021年中报","PER_NETCASH_OPERATE":0.51891529568,"PER_OI":0.199268206542,"BPS":2.28530701358,"BASIC_EPS":0.09402504,"DILUTED_EPS":0.09319296,"OPERATE_INCOME":369659028.72,"OPERATE_INCOME_YOY":25.2884325233,"GROSS_PROFIT":null,"GROSS_PROFIT_YOY":null,"HOLDER_PROFIT":174585361.44,"HOLDER_PROFIT_YOY":67.1417077581,"GROSS_PROFIT_RATIO":null,"EPS_TTM":0.65815920266,"OPERATE_INCOME_QOQ":2.548804627408,"NET_PROFIT_RATIO":47.2287561985,"ROE_AVG":4.021389734779,"GROSS_PROFIT_QOQ":null,"ROA":3.53013018047,"HOLDER_PROFIT_QOQ":5.160843811158,"ROE_YEARLY":8.042779469558,"ROIC_YEARLY":10.525204272024,"TOTAL_ASSETS":4650040804.32,"TOTAL_LIABILITIES":475448015.76,"TAX_EBT":13.368511453534,"OCF_SALES":260.410481273311,"TOTAL_PARENT_EQUITY":4174592788.56,"DEBT_ASSET_RATIO":10.2245987889,"OPERATE_PROFIT":349903785.36,"PRETAX_PROFIT":201526447.68,"NETCASH_OPERATE":962630855.76,"NETCASH_INVEST":-440885908.8,"NETCASH_FINANCE":-539213634.48,"END_CASH":1613347370.64,"DIVI_RATIO":null,"DIVIDEND_RATE":null,"CURRENT_RATIO":5.695823567854,"COMMON_ACS":5000000000,"CURRENTDEBT_DEBT":66.682009181007,"ISSUED_COMMON_SHARES":1826709831,"HK_COMMON_SHARES":1826709831,"PER_SHARES":1000,"TOTAL_MARKET_CAP":3141940909.32,"HKSK_MARKET_CAP":3141940909.32,"PE_TTM":56.537183692081,"PB_TTM":0.880061227117,"REPORT_DATE_SQ":"2020-06-30 00:00:00","REPORT_TYPE_SQ":"2020年中报","OPERATE_INCOME_SQ":323895776.16,"DPS_HKD":null,"OPERATE_INCOME_QOQ_SQ":-5.733136590917,"NET_PROFIT_RATIO_SQ":35.4023954494,"HOLDER_PROFIT_SQ":114666863.52,"HOLDER_PROFIT_QOQ_SQ":-23.058412479022,"ROE_AVG_SQ":2.956072767621,"PE_TTM_SQ":-29.498413105361,"PB_TTM_SQ":0.737413759876,"ROA_SQ":2.685358120838,"START_DATE":"2021-01-01 00:00:00","FISCAL_YEAR":"12-31","CURRENCY":"HKD","IS_CNY_CODE":0,"DPS_HKD_LY":0.08,"ORG_TYPE":"证券","PREMIUM_INCOME":null,"PREMIUM_INCOME_YOY":null,"NET_INTEREST_INCOME":null,"NET_INTEREST_INCOME_YOY":null,"FEE_COMMISSION_INCOME":null,"FEE_COMMISSION_INCOME_YOY":null,"ACCOUNTS_RECE_TDAYS":null,"INVENTORY_TDAYS":null,"CURRENT_ASSETS_TDAYS":0.152124633864,"TOTAL_ASSETS_TDAYS":0.074745355682,"PREMIUM_EXPENSE":null,"LOAN_DEPOSIT":null,"LOAN_EQUITY":null,"LOAN_ASSETS":null,"DEPOSIT_EQUITY":null,"DEPOSIT_ASSETS":null,"EQUITY_MULTIPLIER":1.113890872677,"EQUITY_RATIO":0.113890872677},{"SECUCODE":"00806.HK","SECURITY_CODE":"00806","SECURITY_NAME_ABBR":"惠理集团","ORG_CODE":"10102938","STD_REPORT_DATE":"2020-12-31 00:00:00","REPORT_DATE":"2020-12-31 00:00:00","DATE_TYPE_CODE":"001","REPORT_TYPE":"2020年年报","PER_NETCASH_OPERATE":0.096569681033,"PER_OI":0.967870004722,"BPS":2.496313750271,"BASIC_EPS":0.62618016,"DILUTED_EPS":0.62618016,"OPERATE_INCOME":1795479028.4,"OPERATE_INCOME_YOY":137.9784255324,"GROSS_PROFIT":null,"GROSS_PROFIT_YOY":null,"HOLDER_PROFIT":1161021339,"HOLDER_PROFIT_YOY":168.6892906046,"GROSS_PROFIT_RATIO":null,"EPS_TTM":0.625859567885,"OPERATE_INCOME_QOQ":137.193910970822,"NET_PROFIT_RATIO":64.6635978831,"ROE_AVG":28.131062333405,"GROSS_PROFIT_QOQ":null,"ROA":24.608087475443,"HOLDER_PROFIT_QOQ":228.106035925658,"ROE_YEARLY":28.131062333405,"ROIC_YEARLY":39.209837114922,"TOTAL_ASSETS":5301332973.32,"TOTAL_LIABILITIES":741292104.44,"TAX_EBT":13.850170897629,"OCF_SALES":9.977546629416,"TOTAL_PARENT_EQUITY":4560040868.88,"DEBT_ASSET_RATIO":13.9831266621,"OPERATE_PROFIT":1323251657.2,"PRETAX_PROFIT":1347676891.64,"NETCASH_OPERATE":179144757.28,"NETCASH_INVEST":-11191287.08,"NETCASH_FINANCE":-370126339.52,"END_CASH":1661740749.12,"DIVI_RATIO":null,"DIVIDEND_RATE":null,"CURRENT_RATIO":4.428647096439,"COMMON_ACS":5000000000,"CURRENTDEBT_DEBT":94.100509667099,"ISSUED_COMMON_SHARES":1826709831,"HK_COMMON_SHARES":1826709831,"PER_SHARES":1000,"TOTAL_MARKET_CAP":3141940909.32,"HKSK_MARKET_CAP":3141940909.32,"PE_TTM":56.537183692081,"PB_TTM":0.880061227117,"REPORT_DATE_SQ":"2019-12-31 00:00:00","REPORT_TYPE_SQ":"2019年年报","OPERATE_INCOME_SQ":803004065.4,"DPS_HKD":null,"OPERATE_INCOME_QOQ_SQ":6.127719779434,"NET_PROFIT_RATIO_SQ":57.2726258604,"HOLDER_PROFIT_SQ":459901514.02,"HOLDER_PROFIT_QOQ_SQ":78.271518539386,"ROE_AVG_SQ":12.270908907307,"PE_TTM_SQ":-29.498413105361,"PB_TTM_SQ":0.737413759876,"ROA_SQ":11.030840154347,"START_DATE":"2020-01-01 00:00:00","FISCAL_YEAR":"12-31","CURRENCY":"HKD","IS_CNY_CODE":0,"DPS_HKD_LY":0.13,"ORG_TYPE":"证券","PREMIUM_INCOME":null,"PREMIUM_INCOME_YOY":null,"NET_INTEREST_INCOME":null,"NET_INTEREST_INCOME_YOY":null,"FEE_COMMISSION_INCOME":null,"FEE_COMMISSION_INCOME_YOY":null,"ACCOUNTS_RECE_TDAYS":null,"INVENTORY_TDAYS":null,"CURRENT_ASSETS_TDAYS":0.652802419639,"TOTAL_ASSETS_TDAYS":0.380555494607,"PREMIUM_EXPENSE":null,"LOAN_DEPOSIT":null,"LOAN_EQUITY":null,"LOAN_ASSETS":null,"DEPOSIT_EQUITY":null,"DEPOSIT_ASSETS":null,"EQUITY_MULTIPLIER":1.162562601028,"EQUITY_RATIO":0.162562601028},{"SECUCODE":"00806.HK","SECURITY_CODE":"00806","SECURITY_NAME_ABBR":"惠理集团","ORG_CODE":"10102938","STD_REPORT_DATE":"2020-06-30 00:00:00","REPORT_DATE":"2020-06-30 00:00:00","DATE_TYPE_CODE":"002","REPORT_TYPE":"2020年中报","PER_NETCASH_OPERATE":0.007526803443,"PER_OI":0.174599091074,"BPS":2.052083146072,"BASIC_EPS":0.06211392,"DILUTED_EPS":0.06211392,"OPERATE_INCOME":323895776.16,"OPERATE_INCOME_YOY":-15.6826563878,"GROSS_PROFIT":null,"GROSS_PROFIT_YOY":null,"HOLDER_PROFIT":114666863.52,"HOLDER_PROFIT_YOY":-49.9683149533,"GROSS_PROFIT_RATIO":null,"EPS_TTM":0.190749178423,"OPERATE_INCOME_QOQ":-5.733136590917,"NET_PROFIT_RATIO":35.4023954494,"ROE_AVG":2.956072767621,"GROSS_PROFIT_QOQ":null,"ROA":2.685358120838,"HOLDER_PROFIT_QOQ":-23.058412479022,"ROE_YEARLY":5.912145535243,"ROIC_YEARLY":9.406277133113,"TOTAL_ASSETS":4052656507.68,"TOTAL_LIABILITIES":304096050.72,"TAX_EBT":13.987269351203,"OCF_SALES":4.310906429697,"TOTAL_PARENT_EQUITY":3748560456.96,"DEBT_ASSET_RATIO":7.5036226274,"OPERATE_PROFIT":125768813.28,"PRETAX_PROFIT":133313827.68,"NETCASH_OPERATE":13962843.84,"NETCASH_INVEST":26223948.96,"NETCASH_FINANCE":-386006042.4,"END_CASH":1653690862.56,"DIVI_RATIO":null,"DIVIDEND_RATE":null,"CURRENT_RATIO":8.364814037547,"COMMON_ACS":5000000000,"CURRENTDEBT_DEBT":73.712651653735,"ISSUED_COMMON_SHARES":1826709831,"HK_COMMON_SHARES":1826709831,"PER_SHARES":1000,"TOTAL_MARKET_CAP":3141940909.32,"HKSK_MARKET_CAP":3141940909.32,"PE_TTM":56.537183692081,"PB_TTM":0.880061227117,"REPORT_DATE_SQ":"2019-06-30 00:00:00","REPORT_TYPE_SQ":"2019年中报","OPERATE_INCOME_SQ":369933096.06,"DPS_HKD":null,"OPERATE_INCOME_QOQ_SQ":-7.63923501146,"NET_PROFIT_RATIO_SQ":59.662910394,"HOLDER_PROFIT_SQ":220712851.62,"HOLDER_PROFIT_QOQ_SQ":28.31749899548,"ROE_AVG_SQ":6.186282024951,"PE_TTM_SQ":-29.498413105361,"PB_TTM_SQ":0.737413759876,"ROA_SQ":5.587312233746,"START_DATE":"2020-01-01 00:00:00","FISCAL_YEAR":"12-31","CURRENCY":"HKD","IS_CNY_CODE":0,"DPS_HKD_LY":0.13,"ORG_TYPE":"证券","PREMIUM_INCOME":null,"PREMIUM_INCOME_YOY":null,"NET_INTEREST_INCOME":null,"NET_INTEREST_INCOME_YOY":null,"FEE_COMMISSION_INCOME":null,"FEE_COMMISSION_INCOME_YOY":null,"ACCOUNTS_RECE_TDAYS":null,"INVENTORY_TDAYS":null,"CURRENT_ASSETS_TDAYS":0.144198670127,"TOTAL_ASSETS_TDAYS":0.075852441247,"PREMIUM_EXPENSE":null,"LOAN_DEPOSIT":null,"LOAN_EQUITY":null,"LOAN_ASSETS":null,"DEPOSIT_EQUITY":null,"DEPOSIT_ASSETS":null,"EQUITY_MULTIPLIER":1.081123421701,"EQUITY_RATIO":0.081123421701}],"count":39},"success":true,"message":"ok","code":0}