{"version":"97f87b6213f32cba1090a079007e1620","result":{"pages":4,"data":[{"SECUCODE":"00802.HK","SECURITY_CODE":"00802","SECURITY_NAME_ABBR":"中国钱包","ORG_CODE":"10122834","STD_REPORT_DATE":"2024-06-30 00:00:00","REPORT_DATE":"2024-06-30 00:00:00","DATE_TYPE_CODE":"002","REPORT_TYPE":"2024年中报","PER_NETCASH_OPERATE":-0.006582590859,"PER_OI":0.018418551954,"BPS":0.465794291108,"BASIC_EPS":-0.036233396,"DILUTED_EPS":-0.036233396,"OPERATE_INCOME":11116442.4,"OPERATE_INCOME_YOY":-71.8576709797,"GROSS_PROFIT":662605.68,"GROSS_PROFIT_YOY":-96.410564141175,"HOLDER_PROFIT":-21865987.44,"HOLDER_PROFIT_YOY":26.5294857248,"GROSS_PROFIT_RATIO":5.960591133005,"EPS_TTM":-0.034640470455,"OPERATE_INCOME_QOQ":-44.766490179109,"NET_PROFIT_RATIO":-196.4696223317,"ROE_AVG":-7.486676135165,"GROSS_PROFIT_QOQ":-77.926457071645,"ROA":-6.476080292799,"HOLDER_PROFIT_QOQ":28.16898823337,"ROE_YEARLY":-14.97335227033,"ROIC_YEARLY":-13.347093798181,"TOTAL_ASSETS":327054314.6,"TOTAL_LIABILITIES":45094606.12,"TAX_EBT":null,"OCF_SALES":-35.738916256158,"TOTAL_PARENT_EQUITY":281128257,"DEBT_ASSET_RATIO":13.7881092244,"OPERATE_PROFIT":-21046400.8,"PRETAX_PROFIT":-21840432.4,"NETCASH_OPERATE":-3972896.04,"NETCASH_INVEST":912.68,"NETCASH_FINANCE":-1110731.56,"END_CASH":6649786.48,"DIVI_RATIO":null,"DIVIDEND_RATE":null,"CURRENT_RATIO":7.14877856261,"COMMON_ACS":200000000000,"CURRENTDEBT_DEBT":100,"ISSUED_COMMON_SHARES":603545948,"HK_COMMON_SHARES":603545948,"PER_SHARES":10000,"TOTAL_MARKET_CAP":27159567.66,"HKSK_MARKET_CAP":27159567.66,"PE_TTM":-1.157351500405,"PB_TTM":0.08817325756,"REPORT_DATE_SQ":"2023-06-30 00:00:00","REPORT_TYPE_SQ":"2023年中报","OPERATE_INCOME_SQ":39903294.4,"DPS_HKD":null,"OPERATE_INCOME_QOQ_SQ":1.650689053525,"NET_PROFIT_RATIO_SQ":-75.5545286506,"HOLDER_PROFIT_SQ":-30064845.82,"HOLDER_PROFIT_QOQ_SQ":0.52543107109,"ROE_AVG_SQ":-9.381401182996,"PE_TTM_SQ":-0.38338188656,"PB_TTM_SQ":0.074733277365,"ROA_SQ":-8.517390532112,"START_DATE":"2024-01-01 00:00:00","FISCAL_YEAR":"12-31","CURRENCY":"HKD","IS_CNY_CODE":0,"DPS_HKD_LY":null,"ORG_TYPE":"一般企业","PREMIUM_INCOME":null,"PREMIUM_INCOME_YOY":null,"NET_INTEREST_INCOME":null,"NET_INTEREST_INCOME_YOY":null,"FEE_COMMISSION_INCOME":null,"FEE_COMMISSION_INCOME_YOY":null,"ACCOUNTS_RECE_TDAYS":0.254510881489,"INVENTORY_TDAYS":null,"CURRENT_ASSETS_TDAYS":0.033390858087,"TOTAL_ASSETS_TDAYS":0.032923724003,"PREMIUM_EXPENSE":null,"LOAN_DEPOSIT":null,"LOAN_EQUITY":null,"LOAN_ASSETS":null,"DEPOSIT_EQUITY":null,"DEPOSIT_ASSETS":null,"EQUITY_MULTIPLIER":1.159932801617,"EQUITY_RATIO":0.160405811217},{"SECUCODE":"00802.HK","SECURITY_CODE":"00802","SECURITY_NAME_ABBR":"中国钱包","ORG_CODE":"10122834","STD_REPORT_DATE":"2023-12-31 00:00:00","REPORT_DATE":"2023-12-31 00:00:00","DATE_TYPE_CODE":"001","REPORT_TYPE":"2023年年报","PER_NETCASH_OPERATE":0.004788261092,"PER_OI":0.106544439894,"BPS":0.4984836552,"BASIC_EPS":-0.048210904,"DILUTED_EPS":-0.048210904,"OPERATE_INCOME":64304464.98,"OPERATE_INCOME_YOY":-20.3549060543,"GROSS_PROFIT":22838556.44,"GROSS_PROFIT_YOY":-37.423856123315,"HOLDER_PROFIT":-29105973.96,"HOLDER_PROFIT_YOY":52.3909756604,"GROSS_PROFIT_RATIO":35.516284051354,"EPS_TTM":-0.048224951317,"OPERATE_INCOME_QOQ":-20.512361268006,"NET_PROFIT_RATIO":-43.9859637255,"ROE_AVG":-9.228514783208,"GROSS_PROFIT_QOQ":-37.323565002245,"ROA":-8.221902802968,"HOLDER_PROFIT_QOQ":51.445653900045,"ROE_YEARLY":-9.228514783208,"ROIC_YEARLY":-8.441553321506,"TOTAL_ASSETS":345765522.34,"TOTAL_LIABILITIES":44107539.84,"TAX_EBT":2.911534154535,"OCF_SALES":4.494144505982,"TOTAL_PARENT_EQUITY":300857790.24,"DEBT_ASSET_RATIO":12.7564887157,"OPERATE_PROFIT":-27622491.82,"PRETAX_PROFIT":-29133160.56,"NETCASH_OPERATE":2889935.58,"NETCASH_INVEST":6343.54,"NETCASH_FINANCE":2718660,"END_CASH":11611396.86,"DIVI_RATIO":null,"DIVIDEND_RATE":null,"CURRENT_RATIO":11.017565945487,"COMMON_ACS":200000000000,"CURRENTDEBT_DEBT":70.177925706772,"ISSUED_COMMON_SHARES":603545948,"HK_COMMON_SHARES":603545948,"PER_SHARES":10000,"TOTAL_MARKET_CAP":27159567.66,"HKSK_MARKET_CAP":27159567.66,"PE_TTM":-1.157351500405,"PB_TTM":0.08817325756,"REPORT_DATE_SQ":"2022-12-31 00:00:00","REPORT_TYPE_SQ":"2022年年报","OPERATE_INCOME_SQ":79584997.38,"DPS_HKD":null,"OPERATE_INCOME_QOQ_SQ":8.668008841762,"NET_PROFIT_RATIO_SQ":-77.1129368981,"HOLDER_PROFIT_SQ":-60261780.74,"HOLDER_PROFIT_QOQ_SQ":-44.86239711412,"ROE_AVG_SQ":-17.105923758425,"PE_TTM_SQ":-0.458188108328,"PB_TTM_SQ":0.089315380266,"ROA_SQ":-15.566872572796,"START_DATE":"2023-01-01 00:00:00","FISCAL_YEAR":"12-31","CURRENCY":"HKD","IS_CNY_CODE":0,"DPS_HKD_LY":null,"ORG_TYPE":"一般企业","PREMIUM_INCOME":null,"PREMIUM_INCOME_YOY":null,"NET_INTEREST_INCOME":null,"NET_INTEREST_INCOME_YOY":null,"FEE_COMMISSION_INCOME":null,"FEE_COMMISSION_INCOME_YOY":null,"ACCOUNTS_RECE_TDAYS":1.647336041788,"INVENTORY_TDAYS":null,"CURRENT_ASSETS_TDAYS":0.186297881278,"TOTAL_ASSETS_TDAYS":0.181648297215,"PREMIUM_EXPENSE":null,"LOAN_DEPOSIT":null,"LOAN_EQUITY":null,"LOAN_ASSETS":null,"DEPOSIT_EQUITY":null,"DEPOSIT_ASSETS":null,"EQUITY_MULTIPLIER":1.146217048442,"EQUITY_RATIO":0.146605942312},{"SECUCODE":"00802.HK","SECURITY_CODE":"00802","SECURITY_NAME_ABBR":"中国钱包","ORG_CODE":"10122834","STD_REPORT_DATE":"2023-06-30 00:00:00","REPORT_DATE":"2023-06-30 00:00:00","DATE_TYPE_CODE":"002","REPORT_TYPE":"2023年中报","PER_NETCASH_OPERATE":-0.000560631152,"PER_OI":0.066114758176,"BPS":0.505814562572,"BASIC_EPS":-0.04978692,"DILUTED_EPS":-0.04978692,"OPERATE_INCOME":39903294.4,"OPERATE_INCOME_YOY":-4.0865171527,"GROSS_PROFIT":18459883.56,"GROSS_PROFIT_YOY":-0.31536776939,"HOLDER_PROFIT":-30064845.82,"HOLDER_PROFIT_YOY":8.2108878005,"GROSS_PROFIT_RATIO":46.261552680222,"EPS_TTM":-0.099321595677,"OPERATE_INCOME_QOQ":1.650689053525,"NET_PROFIT_RATIO":-75.5545286506,"ROE_AVG":-9.381401182996,"GROSS_PROFIT_QOQ":-0.160014080369,"ROA":-8.517390532112,"HOLDER_PROFIT_QOQ":0.52543107109,"ROE_YEARLY":-18.762802365992,"ROIC_YEARLY":-17.235383037876,"TOTAL_ASSETS":337418864.56,"TOTAL_LIABILITIES":32241640.6,"TAX_EBT":0.9391093608,"OCF_SALES":-0.847966728281,"TOTAL_PARENT_EQUITY":305282329.68,"DEBT_ASSET_RATIO":9.5553758211,"OPERATE_PROFIT":-29743074.8,"PRETAX_PROFIT":-30434559.8,"NETCASH_OPERATE":-338366.66,"NETCASH_INVEST":-3592034.08,"NETCASH_FINANCE":null,"END_CASH":2206298.14,"DIVI_RATIO":null,"DIVIDEND_RATE":null,"CURRENT_RATIO":17.909278870398,"COMMON_ACS":200000000000,"CURRENTDEBT_DEBT":56.705747783815,"ISSUED_COMMON_SHARES":603545948,"HK_COMMON_SHARES":603545948,"PER_SHARES":10000,"TOTAL_MARKET_CAP":27159567.66,"HKSK_MARKET_CAP":27159567.66,"PE_TTM":-1.157351500405,"PB_TTM":0.08817325756,"REPORT_DATE_SQ":"2022-06-30 00:00:00","REPORT_TYPE_SQ":"2022年中报","OPERATE_INCOME_SQ":38589593.56,"DPS_HKD":null,"OPERATE_INCOME_QOQ_SQ":-12.115526574,"NET_PROFIT_RATIO_SQ":-79.0355464941,"HOLDER_PROFIT_SQ":-30381479.94,"HOLDER_PROFIT_QOQ_SQ":-57.181964120217,"ROE_AVG_SQ":-8.656991740451,"PE_TTM_SQ":-0.458188108328,"PB_TTM_SQ":0.089315380266,"ROA_SQ":-7.864902380547,"START_DATE":"2023-01-01 00:00:00","FISCAL_YEAR":"12-31","CURRENCY":"HKD","IS_CNY_CODE":0,"DPS_HKD_LY":null,"ORG_TYPE":"一般企业","PREMIUM_INCOME":null,"PREMIUM_INCOME_YOY":null,"NET_INTEREST_INCOME":null,"NET_INTEREST_INCOME_YOY":null,"FEE_COMMISSION_INCOME":null,"FEE_COMMISSION_INCOME_YOY":null,"ACCOUNTS_RECE_TDAYS":1.073465945731,"INVENTORY_TDAYS":null,"CURRENT_ASSETS_TDAYS":0.11687915376,"TOTAL_ASSETS_TDAYS":0.113046294652,"PREMIUM_EXPENSE":null,"LOAN_DEPOSIT":null,"LOAN_EQUITY":null,"LOAN_ASSETS":null,"DEPOSIT_EQUITY":null,"DEPOSIT_ASSETS":null,"EQUITY_MULTIPLIER":1.105648908466,"EQUITY_RATIO":0.10561253458},{"SECUCODE":"00802.HK","SECURITY_CODE":"00802","SECURITY_NAME_ABBR":"中国钱包","ORG_CODE":"10122834","STD_REPORT_DATE":"2022-12-31 00:00:00","REPORT_DATE":"2022-12-31 00:00:00","DATE_TYPE_CODE":"001","REPORT_TYPE":"2022年年报","PER_NETCASH_OPERATE":0.014665681145,"PER_OI":0.131862367138,"BPS":0.538833908897,"BASIC_EPS":-0.099867586,"DILUTED_EPS":-0.099867586,"OPERATE_INCOME":79584997.38,"OPERATE_INCOME_YOY":-12.5878105255,"GROSS_PROFIT":36497225.66,"GROSS_PROFIT_YOY":0.830014162141,"HOLDER_PROFIT":-60261780.74,"HOLDER_PROFIT_YOY":-108.4090206982,"GROSS_PROFIT_RATIO":45.859429366736,"EPS_TTM":-0.099846218734,"OPERATE_INCOME_QOQ":8.668008841762,"NET_PROFIT_RATIO":-77.1129368981,"ROE_AVG":-17.105923758425,"GROSS_PROFIT_QOQ":0.133905505491,"ROA":-15.566872572796,"HOLDER_PROFIT_QOQ":-44.86239711412,"ROE_YEARLY":-17.105923758425,"ROIC_YEARLY":-15.831653450546,"TOTAL_ASSETS":357068603.64,"TOTAL_LIABILITIES":31878126.49,"TAX_EBT":0.476590566694,"OCF_SALES":11.12196107482,"TOTAL_PARENT_EQUITY":325211022.36,"DEBT_ASSET_RATIO":8.9277315802,"OPERATE_PROFIT":-60131363.32,"PRETAX_PROFIT":-61664214.64,"NETCASH_OPERATE":7319454.38,"NETCASH_INVEST":-2181365.34,"NETCASH_FINANCE":-4988912.95,"END_CASH":5945605.12,"DIVI_RATIO":null,"DIVIDEND_RATE":null,"CURRENT_RATIO":19.550263745182,"COMMON_ACS":200000000000,"CURRENTDEBT_DEBT":55.247008714658,"ISSUED_COMMON_SHARES":603545948,"HK_COMMON_SHARES":603545948,"PER_SHARES":10000,"TOTAL_MARKET_CAP":27159567.66,"HKSK_MARKET_CAP":27159567.66,"PE_TTM":-1.157351500405,"PB_TTM":0.08817325756,"REPORT_DATE_SQ":"2021-12-31 00:00:00","REPORT_TYPE_SQ":"2021年年报","OPERATE_INCOME_SQ":83333062.4,"DPS_HKD":null,"OPERATE_INCOME_QOQ_SQ":-0.139891620651,"NET_PROFIT_RATIO_SQ":-32.0837094306,"HOLDER_PROFIT_SQ":-26465712,"HOLDER_PROFIT_QOQ_SQ":19.257738816565,"ROE_AVG_SQ":-7.641399530468,"PE_TTM_SQ":-0.439486552886,"PB_TTM_SQ":0.08566985454,"ROA_SQ":-7.03157583762,"START_DATE":"2022-01-01 00:00:00","FISCAL_YEAR":"12-31","CURRENCY":"HKD","IS_CNY_CODE":0,"DPS_HKD_LY":null,"ORG_TYPE":"一般企业","PREMIUM_INCOME":null,"PREMIUM_INCOME_YOY":null,"NET_INTEREST_INCOME":null,"NET_INTEREST_INCOME_YOY":null,"FEE_COMMISSION_INCOME":null,"FEE_COMMISSION_INCOME_YOY":null,"ACCOUNTS_RECE_TDAYS":2.44733480751,"INVENTORY_TDAYS":null,"CURRENT_ASSETS_TDAYS":0.214871767662,"TOTAL_ASSETS_TDAYS":0.205584617266,"PREMIUM_EXPENSE":null,"LOAN_DEPOSIT":null,"LOAN_EQUITY":null,"LOAN_ASSETS":null,"DEPOSIT_EQUITY":null,"DEPOSIT_ASSETS":null,"EQUITY_MULTIPLIER":1.098029089811,"EQUITY_RATIO":0.098022896821},{"SECUCODE":"00802.HK","SECURITY_CODE":"00802","SECURITY_NAME_ABBR":"中国钱包","ORG_CODE":"10122834","STD_REPORT_DATE":"2022-06-30 00:00:00","REPORT_DATE":"2022-06-30 00:00:00","DATE_TYPE_CODE":"002","REPORT_TYPE":"2022年中报","PER_NETCASH_OPERATE":0.001542483776,"PER_OI":0.012787624086,"BPS":0.561192892326,"BASIC_EPS":-0.050285172,"DILUTED_EPS":-0.050285172,"OPERATE_INCOME":38589593.56,"OPERATE_INCOME_YOY":-22.8794585633,"GROSS_PROFIT":18518284.26,"GROSS_PROFIT_YOY":1.377548642706,"HOLDER_PROFIT":-30381479.94,"HOLDER_PROFIT_YOY":-93.8663028649,"GROSS_PROFIT_RATIO":47.987767041929,"EPS_TTM":-0.01378497396,"OPERATE_INCOME_QOQ":-12.115526574,"NET_PROFIT_RATIO":-79.0355464941,"ROE_AVG":-8.656991740451,"GROSS_PROFIT_QOQ":0.695177775336,"ROA":-7.864902380547,"HOLDER_PROFIT_QOQ":-57.181964120217,"ROE_YEARLY":-17.313983480902,"ROIC_YEARLY":-15.989108359447,"TOTAL_ASSETS":373204916,"TOTAL_LIABILITIES":33490095.59,"TAX_EBT":0.276822414227,"OCF_SALES":12.062317170464,"TOTAL_PARENT_EQUITY":338705696.21,"DEBT_ASSET_RATIO":8.9736480293,"OPERATE_PROFIT":-29821330.49,"PRETAX_PROFIT":-30584159.97,"NETCASH_OPERATE":4654799.17,"NETCASH_INVEST":-1180162.2,"NETCASH_FINANCE":-4275950,"END_CASH":4795905.52,"DIVI_RATIO":null,"DIVIDEND_RATE":null,"CURRENT_RATIO":18.906281430008,"COMMON_ACS":200000000000,"CURRENTDEBT_DEBT":55.856592017569,"ISSUED_COMMON_SHARES":603545948,"HK_COMMON_SHARES":603545948,"PER_SHARES":10000,"TOTAL_MARKET_CAP":27159567.66,"HKSK_MARKET_CAP":27159567.66,"PE_TTM":-1.157351500405,"PB_TTM":0.08817325756,"REPORT_DATE_SQ":"2021-06-30 00:00:00","REPORT_TYPE_SQ":"2021年中报","OPERATE_INCOME_SQ":48685832.88,"DPS_HKD":null,"OPERATE_INCOME_QOQ_SQ":64.364797849797,"NET_PROFIT_RATIO_SQ":-31.9700569124,"HOLDER_PROFIT_SQ":-15247866,"HOLDER_PROFIT_QOQ_SQ":6.829156972864,"ROE_AVG_SQ":-4.258211435011,"PE_TTM_SQ":-0.458188108328,"PB_TTM_SQ":0.089315380266,"ROA_SQ":-3.936800653949,"START_DATE":"2022-01-01 00:00:00","FISCAL_YEAR":"12-31","CURRENCY":"HKD","IS_CNY_CODE":0,"DPS_HKD_LY":null,"ORG_TYPE":"一般企业","PREMIUM_INCOME":null,"PREMIUM_INCOME_YOY":null,"NET_INTEREST_INCOME":null,"NET_INTEREST_INCOME_YOY":null,"FEE_COMMISSION_INCOME":null,"FEE_COMMISSION_INCOME_YOY":null,"ACCOUNTS_RECE_TDAYS":1.11809306705,"INVENTORY_TDAYS":null,"CURRENT_ASSETS_TDAYS":0.105260334111,"TOTAL_ASSETS_TDAYS":0.09989749902,"PREMIUM_EXPENSE":null,"LOAN_DEPOSIT":null,"LOAN_EQUITY":null,"LOAN_ASSETS":null,"DEPOSIT_EQUITY":null,"DEPOSIT_ASSETS":null,"EQUITY_MULTIPLIER":1.098582968943,"EQUITY_RATIO":0.098876682514},{"SECUCODE":"00802.HK","SECURITY_CODE":"00802","SECURITY_NAME_ABBR":"中国钱包","ORG_CODE":"10122834","STD_REPORT_DATE":"2021-12-31 00:00:00","REPORT_DATE":"2021-12-31 00:00:00","DATE_TYPE_CODE":"001","REPORT_TYPE":"2021年年报","PER_NETCASH_OPERATE":-0.008900391976,"PER_OI":0.027614488198,"BPS":0.575308159968,"BASIC_EPS":-0.04717552,"DILUTED_EPS":-0.04717552,"OPERATE_INCOME":83333062.4,"OPERATE_INCOME_YOY":68.9609442345,"GROSS_PROFIT":36196787.2,"GROSS_PROFIT_YOY":205.342182564031,"HOLDER_PROFIT":-26465712,"HOLDER_PROFIT_YOY":22.5598086124,"GROSS_PROFIT_RATIO":43.436285860053,"EPS_TTM":-0.008770073613,"OPERATE_INCOME_QOQ":-0.139891620651,"NET_PROFIT_RATIO":-32.0837094306,"ROE_AVG":-7.641399530468,"GROSS_PROFIT_QOQ":33.502484339569,"ROA":-7.03157583762,"HOLDER_PROFIT_QOQ":19.257738816565,"ROE_YEARLY":-7.641399530468,"ROIC_YEARLY":-7.142794096879,"TOTAL_ASSETS":381824105.6,"TOTAL_LIABILITIES":33521600,"TAX_EBT":0.326139965862,"OCF_SALES":-32.23087790903,"TOTAL_PARENT_EQUITY":347224908.8,"DEBT_ASSET_RATIO":8.7793304583,"OPERATE_PROFIT":-25224595.2,"PRETAX_PROFIT":-26823820.8,"NETCASH_OPERATE":-26858977.6,"NETCASH_INVEST":-7347771.2,"NETCASH_FINANCE":35617926.4,"END_CASH":5351192,"DIVI_RATIO":null,"DIVIDEND_RATE":null,"CURRENT_RATIO":24.818151316893,"COMMON_ACS":200000000000,"CURRENTDEBT_DEBT":43.617073170732,"ISSUED_COMMON_SHARES":603545948,"HK_COMMON_SHARES":603545948,"PER_SHARES":10000,"TOTAL_MARKET_CAP":27159567.66,"HKSK_MARKET_CAP":27159567.66,"PE_TTM":-1.157351500405,"PB_TTM":0.08817325756,"REPORT_DATE_SQ":"2020-12-31 00:00:00","REPORT_TYPE_SQ":"2020年年报","OPERATE_INCOME_SQ":50771091.36,"DPS_HKD":null,"OPERATE_INCOME_QOQ_SQ":-15.912345607425,"NET_PROFIT_RATIO_SQ":-84.7556528082,"HOLDER_PROFIT_SQ":-35180552,"HOLDER_PROFIT_QOQ_SQ":43.46568756439,"ROE_AVG_SQ":-9.487806012954,"PE_TTM_SQ":-0.439486552886,"PB_TTM_SQ":0.08566985454,"ROA_SQ":-8.412121504844,"START_DATE":"2021-01-01 00:00:00","FISCAL_YEAR":"12-31","CURRENCY":"HKD","IS_CNY_CODE":0,"DPS_HKD_LY":null,"ORG_TYPE":"一般企业","PREMIUM_INCOME":null,"PREMIUM_INCOME_YOY":null,"NET_INTEREST_INCOME":null,"NET_INTEREST_INCOME_YOY":null,"FEE_COMMISSION_INCOME":null,"FEE_COMMISSION_INCOME_YOY":null,"ACCOUNTS_RECE_TDAYS":4.905616787794,"INVENTORY_TDAYS":null,"CURRENT_ASSETS_TDAYS":0.233397794578,"TOTAL_ASSETS_TDAYS":0.221404490477,"PREMIUM_EXPENSE":null,"LOAN_DEPOSIT":null,"LOAN_EQUITY":null,"LOAN_ASSETS":null,"DEPOSIT_EQUITY":null,"DEPOSIT_ASSETS":null,"EQUITY_MULTIPLIER":1.096242775924,"EQUITY_RATIO":0.096541461026},{"SECUCODE":"00802.HK","SECURITY_CODE":"00802","SECURITY_NAME_ABBR":"中国钱包","ORG_CODE":"10122834","STD_REPORT_DATE":"2021-06-30 00:00:00","REPORT_DATE":"2021-06-30 00:00:00","DATE_TYPE_CODE":"002","REPORT_TYPE":"2021年中报","PER_NETCASH_OPERATE":0.01162010863,"PER_OI":0.016133264742,"BPS":0.604057877098,"BASIC_EPS":-0.005574936,"DILUTED_EPS":-0.005574936,"OPERATE_INCOME":48685832.88,"OPERATE_INCOME_YOY":233.8906642319,"GROSS_PROFIT":18266652.24,"GROSS_PROFIT_YOY":507.277519361042,"HOLDER_PROFIT":-15247866,"HOLDER_PROFIT_YOY":5.1648294778,"GROSS_PROFIT_RATIO":37.519440788912,"EPS_TTM":-0.010861813237,"OPERATE_INCOME_QOQ":64.364797849797,"NET_PROFIT_RATIO":-31.9700569124,"ROE_AVG":-4.258211435011,"GROSS_PROFIT_QOQ":128.716479752827,"ROA":-3.936800653949,"HOLDER_PROFIT_QOQ":6.829156972864,"ROE_YEARLY":-8.516422870023,"ROIC_YEARLY":-8.353485785399,"TOTAL_ASSETS":397119332.88,"TOTAL_LIABILITIES":31487571.36,"TAX_EBT":-0.971607470582,"OCF_SALES":72.025772931586,"TOTAL_PARENT_EQUITY":364576684.08,"DEBT_ASSET_RATIO":7.9289948267,"OPERATE_PROFIT":-14615485.2,"PRETAX_PROFIT":-15415114.08,"NETCASH_OPERATE":35066347.44,"NETCASH_INVEST":-3980670.72,"NETCASH_FINANCE":2966365.2,"END_CASH":38059339.2,"DIVI_RATIO":null,"DIVIDEND_RATE":null,"CURRENT_RATIO":35.29237189891,"COMMON_ACS":200000000000,"CURRENTDEBT_DEBT":34.192167433011,"ISSUED_COMMON_SHARES":603545948,"HK_COMMON_SHARES":603545948,"PER_SHARES":10000,"TOTAL_MARKET_CAP":27159567.66,"HKSK_MARKET_CAP":27159567.66,"PE_TTM":-1.157351500405,"PB_TTM":0.08817325756,"REPORT_DATE_SQ":"2020-06-30 00:00:00","REPORT_TYPE_SQ":"2020年中报","OPERATE_INCOME_SQ":16007122.56,"DPS_HKD":null,"OPERATE_INCOME_QOQ_SQ":-28.220768059535,"NET_PROFIT_RATIO_SQ":-110.3743437571,"HOLDER_PROFIT_SQ":-17650401.12,"HOLDER_PROFIT_QOQ_SQ":6.922087232205,"ROE_AVG_SQ":-4.268399090787,"PE_TTM_SQ":-0.458188108328,"PB_TTM_SQ":0.089315380266,"ROA_SQ":-3.614028557989,"START_DATE":"2021-01-01 00:00:00","FISCAL_YEAR":"12-31","CURRENCY":"HKD","IS_CNY_CODE":0,"DPS_HKD_LY":null,"ORG_TYPE":"一般企业","PREMIUM_INCOME":null,"PREMIUM_INCOME_YOY":null,"NET_INTEREST_INCOME":null,"NET_INTEREST_INCOME_YOY":null,"FEE_COMMISSION_INCOME":null,"FEE_COMMISSION_INCOME_YOY":null,"ACCOUNTS_RECE_TDAYS":3.706042563973,"INVENTORY_TDAYS":null,"CURRENT_ASSETS_TDAYS":0.132046516771,"TOTAL_ASSETS_TDAYS":0.125700487347,"PREMIUM_EXPENSE":null,"LOAN_DEPOSIT":null,"LOAN_EQUITY":null,"LOAN_ASSETS":null,"DEPOSIT_EQUITY":null,"DEPOSIT_ASSETS":null,"EQUITY_MULTIPLIER":1.086118260703,"EQUITY_RATIO":0.086367485182},{"SECUCODE":"00802.HK","SECURITY_CODE":"00802","SECURITY_NAME_ABBR":"中国钱包","ORG_CODE":"10122834","STD_REPORT_DATE":"2020-12-31 00:00:00","REPORT_DATE":"2020-12-31 00:00:00","DATE_TYPE_CODE":"001","REPORT_TYPE":"2020年年报","PER_NETCASH_OPERATE":-0.001019331341,"PER_OI":0.01850440681,"BPS":0.589227257905,"BASIC_EPS":-0.012792928,"DILUTED_EPS":-0.012792928,"OPERATE_INCOME":50771091.36,"OPERATE_INCOME_YOY":-35.7599250298,"GROSS_PROFIT":11854499.4,"GROSS_PROFIT_YOY":-26.683005924548,"HOLDER_PROFIT":-35180552,"HOLDER_PROFIT_YOY":43.9941046426,"GROSS_PROFIT_RATIO":23.348915854386,"EPS_TTM":-0.012822163727,"OPERATE_INCOME_QOQ":-15.912345607425,"NET_PROFIT_RATIO":-84.7556528082,"ROE_AVG":-9.487806012954,"GROSS_PROFIT_QOQ":-20.812964494494,"ROA":-8.412121504844,"HOLDER_PROFIT_QOQ":43.46568756439,"ROE_YEARLY":-9.487806012954,"ROIC_YEARLY":-8.634980968956,"TOTAL_ASSETS":381850384.72,"TOTAL_LIABILITIES":24836796.4,"TAX_EBT":0.577540106952,"OCF_SALES":-5.508586963729,"TOTAL_PARENT_EQUITY":355625723.96,"DEBT_ASSET_RATIO":6.5043266666,"OPERATE_PROFIT":-42524702.64,"PRETAX_PROFIT":-43281337,"NETCASH_OPERATE":-2796769.72,"NETCASH_INVEST":-33665.6,"NETCASH_FINANCE":-3366.56,"END_CASH":4060071.36,"DIVI_RATIO":null,"DIVIDEND_RATE":null,"CURRENT_RATIO":17.368995633188,"COMMON_ACS":200000000000,"CURRENTDEBT_DEBT":83.808878346323,"ISSUED_COMMON_SHARES":603545948,"HK_COMMON_SHARES":603545948,"PER_SHARES":10000,"TOTAL_MARKET_CAP":27159567.66,"HKSK_MARKET_CAP":27159567.66,"PE_TTM":-1.157351500405,"PB_TTM":0.08817325756,"REPORT_DATE_SQ":"2019-12-31 00:00:00","REPORT_TYPE_SQ":"2019年年报","OPERATE_INCOME_SQ":84117325.12,"DPS_HKD":null,"OPERATE_INCOME_QOQ_SQ":4.713622012113,"NET_PROFIT_RATIO_SQ":-80.6451269381,"HOLDER_PROFIT_SQ":-66856540.3,"HOLDER_PROFIT_QOQ_SQ":-17.74822691177,"ROE_AVG_SQ":-15.366465548213,"PE_TTM_SQ":-0.439486552886,"PB_TTM_SQ":0.08566985454,"ROA_SQ":-13.039015718972,"START_DATE":"2020-01-01 00:00:00","FISCAL_YEAR":"12-31","CURRENCY":"HKD","IS_CNY_CODE":0,"DPS_HKD_LY":null,"ORG_TYPE":"一般企业","PREMIUM_INCOME":null,"PREMIUM_INCOME_YOY":null,"NET_INTEREST_INCOME":null,"NET_INTEREST_INCOME_YOY":null,"FEE_COMMISSION_INCOME":null,"FEE_COMMISSION_INCOME_YOY":null,"ACCOUNTS_RECE_TDAYS":2.420657691459,"INVENTORY_TDAYS":null,"CURRENT_ASSETS_TDAYS":0.128554760547,"TOTAL_ASSETS_TDAYS":0.121400195612,"PREMIUM_EXPENSE":null,"LOAN_DEPOSIT":null,"LOAN_EQUITY":null,"LOAN_ASSETS":null,"DEPOSIT_EQUITY":null,"DEPOSIT_ASSETS":null,"EQUITY_MULTIPLIER":1.069568210321,"EQUITY_RATIO":0.069839707104},{"SECUCODE":"00802.HK","SECURITY_CODE":"00802","SECURITY_NAME_ABBR":"中国钱包","ORG_CODE":"10122834","STD_REPORT_DATE":"2020-06-30 00:00:00","REPORT_DATE":"2020-06-30 00:00:00","DATE_TYPE_CODE":"002","REPORT_TYPE":"2020年中报","PER_NETCASH_OPERATE":0.000452437039,"PER_OI":0.005834074072,"BPS":0.67622104662,"BASIC_EPS":-0.00639408,"DILUTED_EPS":-0.00639408,"OPERATE_INCOME":16007122.56,"OPERATE_INCOME_YOY":-61.2155014054,"GROSS_PROFIT":3007957.92,"GROSS_PROFIT_YOY":-28.493200478307,"HOLDER_PROFIT":-17650401.12,"HOLDER_PROFIT_YOY":23.7029140014,"GROSS_PROFIT_RATIO":18.791371832915,"EPS_TTM":-0.022680321339,"OPERATE_INCOME_QOQ":-28.220768059535,"NET_PROFIT_RATIO":-110.3743437571,"ROE_AVG":-4.268399090787,"GROSS_PROFIT_QOQ":-7.412881910001,"ROA":-3.614028557989,"HOLDER_PROFIT_QOQ":6.922087232205,"ROE_YEARLY":-8.536798181573,"ROIC_YEARLY":-7.487430857608,"TOTAL_ASSETS":483417110.88,"TOTAL_LIABILITIES":65277162.72,"TAX_EBT":3.766356535151,"OCF_SALES":7.755078749144,"TOTAL_PARENT_EQUITY":408130472.64,"DEBT_ASSET_RATIO":13.5032793111,"OPERATE_PROFIT":-17973758.88,"PRETAX_PROFIT":-18359230.56,"NETCASH_OPERATE":1241364.96,"NETCASH_INVEST":-25576.32,"NETCASH_FINANCE":null,"END_CASH":6310956.96,"DIVI_RATIO":null,"DIVIDEND_RATE":null,"CURRENT_RATIO":7.615792270898,"COMMON_ACS":200000000000,"CURRENTDEBT_DEBT":92.152582455257,"ISSUED_COMMON_SHARES":603545948,"HK_COMMON_SHARES":603545948,"PER_SHARES":10000,"TOTAL_MARKET_CAP":27159567.66,"HKSK_MARKET_CAP":27159567.66,"PE_TTM":-1.157351500405,"PB_TTM":0.08817325756,"REPORT_DATE_SQ":"2019-06-30 00:00:00","REPORT_TYPE_SQ":"2019年中报","OPERATE_INCOME_SQ":39745677.78,"DPS_HKD":null,"OPERATE_INCOME_QOQ_SQ":1.04920450471,"NET_PROFIT_RATIO_SQ":-56.4327291238,"HOLDER_PROFIT_SQ":-22278269.16,"HOLDER_PROFIT_QOQ_SQ":-38.601363103987,"ROE_AVG_SQ":-4.945948241939,"PE_TTM_SQ":-0.458188108328,"PB_TTM_SQ":0.089315380266,"ROA_SQ":-4.24198012671,"START_DATE":"2020-01-01 00:00:00","FISCAL_YEAR":"12-31","CURRENCY":"HKD","IS_CNY_CODE":0,"DPS_HKD_LY":null,"ORG_TYPE":"一般企业","PREMIUM_INCOME":null,"PREMIUM_INCOME_YOY":null,"NET_INTEREST_INCOME":null,"NET_INTEREST_INCOME_YOY":null,"FEE_COMMISSION_INCOME":null,"FEE_COMMISSION_INCOME_YOY":null,"ACCOUNTS_RECE_TDAYS":0.48160718948,"INVENTORY_TDAYS":null,"CURRENT_ASSETS_TDAYS":0.034685089904,"TOTAL_ASSETS_TDAYS":0.032775571314,"PREMIUM_EXPENSE":null,"LOAN_DEPOSIT":null,"LOAN_EQUITY":null,"LOAN_ASSETS":null,"DEPOSIT_EQUITY":null,"DEPOSIT_ASSETS":null,"EQUITY_MULTIPLIER":1.156113193697,"EQUITY_RATIO":0.159941898721}],"count":36},"success":true,"message":"ok","code":0}