{"version":"6def9b57312341216f840429e3acb642","result":{"pages":6,"data":[{"SECUCODE":"00809.HK","SECURITY_CODE":"00809","SECURITY_NAME_ABBR":"大成生化科技","ORG_CODE":"10009116","STD_REPORT_DATE":"2024-06-30 00:00:00","REPORT_DATE":"2024-06-30 00:00:00","DATE_TYPE_CODE":"002","REPORT_TYPE":"2024年中报","PER_NETCASH_OPERATE":0.001845871932,"PER_OI":0.092067255712,"BPS":-0.455430921702,"BASIC_EPS":-0.01642824,"DILUTED_EPS":-0.01642824,"OPERATE_INCOME":820080399.88,"OPERATE_INCOME_YOY":91.6658489866,"GROSS_PROFIT":60259697,"GROSS_PROFIT_YOY":212.273691385174,"HOLDER_PROFIT":-143968881.24,"HOLDER_PROFIT_YOY":-143.0404905707,"GROSS_PROFIT_RATIO":7.348023072959,"EPS_TTM":0.420356060575,"OPERATE_INCOME_QOQ":31.150407971028,"NET_PROFIT_RATIO":-17.5554593502,"ROE_AVG":4.684816644771,"GROSS_PROFIT_QOQ":288.108841216908,"ROA":-3.131940770635,"HOLDER_PROFIT_QOQ":-2.197483462605,"ROE_YEARLY":9.369633289542,"ROIC_YEARLY":-6.361453246234,"TOTAL_ASSETS":4439351272.44,"TOTAL_LIABILITIES":6901138552,"TAX_EBT":null,"OCF_SALES":2.004916859665,"TOTAL_PARENT_EQUITY":-2461787279.56,"DEBT_ASSET_RATIO":155.4537617882,"OPERATE_PROFIT":17258778.8,"PRETAX_PROFIT":-143968881.24,"NETCASH_OPERATE":16441930.2,"NETCASH_INVEST":null,"NETCASH_FINANCE":-35305200.44,"END_CASH":60470526.08,"DIVI_RATIO":null,"DIVIDEND_RATE":null,"CURRENT_RATIO":0.124271913065,"COMMON_ACS":30000000000,"CURRENTDEBT_DEBT":88.220898246357,"ISSUED_COMMON_SHARES":8865845717,"HK_COMMON_SHARES":8865845717,"PER_SHARES":2000,"TOTAL_MARKET_CAP":726999348.794,"HKSK_MARKET_CAP":726999348.794,"PE_TTM":0.175954170745,"PB_TTM":-0.164327357748,"REPORT_DATE_SQ":"2023-06-30 00:00:00","REPORT_TYPE_SQ":"2023年中报","OPERATE_INCOME_SQ":432229755.88,"DPS_HKD":null,"OPERATE_INCOME_QOQ_SQ":143.663741646107,"NET_PROFIT_RATIO_SQ":-14.3587529643,"HOLDER_PROFIT_SQ":-59840189.92,"HOLDER_PROFIT_QOQ_SQ":47.565520091023,"ROE_AVG_SQ":0.87884774319,"PE_TTM_SQ":-1.148893158252,"PB_TTM_SQ":-0.114556687204,"ROA_SQ":-1.13285393351,"START_DATE":"2024-01-01 00:00:00","FISCAL_YEAR":"12-31","CURRENCY":"HKD","IS_CNY_CODE":0,"DPS_HKD_LY":null,"ORG_TYPE":"一般企业","PREMIUM_INCOME":null,"PREMIUM_INCOME_YOY":null,"NET_INTEREST_INCOME":null,"NET_INTEREST_INCOME_YOY":null,"FEE_COMMISSION_INCOME":null,"FEE_COMMISSION_INCOME_YOY":null,"ACCOUNTS_RECE_TDAYS":8.205291874986,"INVENTORY_TDAYS":3.703651307375,"CURRENT_ASSETS_TDAYS":0.999203787126,"TOTAL_ASSETS_TDAYS":0.178402667122,"PREMIUM_EXPENSE":null,"LOAN_DEPOSIT":null,"LOAN_EQUITY":null,"LOAN_ASSETS":null,"DEPOSIT_EQUITY":null,"DEPOSIT_ASSETS":null,"EQUITY_MULTIPLIER":-1.803304172257,"EQUITY_RATIO":-2.803304172257},{"SECUCODE":"00809.HK","SECURITY_CODE":"00809","SECURITY_NAME_ABBR":"大成生化科技","ORG_CODE":"10009116","STD_REPORT_DATE":"2023-12-31 00:00:00","REPORT_DATE":"2023-12-31 00:00:00","DATE_TYPE_CODE":"001","REPORT_TYPE":"2023年年报","PER_NETCASH_OPERATE":-0.005133791911,"PER_OI":0.139781450842,"BPS":-0.412631244903,"BASIC_EPS":0.42954828,"DILUTED_EPS":0.26371002,"OPERATE_INCOME":1245090094.36,"OPERATE_INCOME_YOY":10709.0472818818,"GROSS_PROFIT":39544722.14,"GROSS_PROFIT_YOY":503.951139497871,"HOLDER_PROFIT":3828410668.46,"HOLDER_PROFIT_YOY":392.7507920625,"GROSS_PROFIT_RATIO":3.176053067897,"EPS_TTM":0.429800863472,"OPERATE_INCOME_QOQ":53.659617713155,"NET_PROFIT_RATIO":307.480614118,"ROE_AVG":-72.989458529312,"GROSS_PROFIT_QOQ":375.218304769802,"ROA":76.401112109495,"HOLDER_PROFIT_QOQ":666.411429266716,"ROE_YEARLY":-72.989458529312,"ROIC_YEARLY":75.594169258141,"TOTAL_ASSETS":4720586977.12,"TOTAL_LIABILITIES":8378911932.44,"TAX_EBT":-1.137030217141,"OCF_SALES":-3.672727590328,"TOTAL_PARENT_EQUITY":-3658324955.32,"DEBT_ASSET_RATIO":177.4972471231,"OPERATE_PROFIT":-504463674.96,"PRETAX_PROFIT":3353960999.9,"NETCASH_OPERATE":-45728767.42,"NETCASH_INVEST":-13022381.4,"NETCASH_FINANCE":102057590.18,"END_CASH":79970290.12,"DIVI_RATIO":null,"DIVIDEND_RATE":null,"CURRENT_RATIO":0.115480567626,"COMMON_ACS":30000000000,"CURRENTDEBT_DEBT":90.802521998157,"ISSUED_COMMON_SHARES":8865845717,"HK_COMMON_SHARES":8865845717,"PER_SHARES":2000,"TOTAL_MARKET_CAP":806791960.247,"HKSK_MARKET_CAP":806791960.247,"PE_TTM":0.195266213876,"PB_TTM":-0.182363287257,"REPORT_DATE_SQ":"2022-12-31 00:00:00","REPORT_TYPE_SQ":"2022年年报","OPERATE_INCOME_SQ":11354354.97,"DPS_HKD":null,"OPERATE_INCOME_QOQ_SQ":-25.090511981158,"NET_PROFIT_RATIO_SQ":-408.1801771794,"HOLDER_PROFIT_SQ":-1289049352.36,"HOLDER_PROFIT_QOQ_SQ":9.203830190631,"ROE_AVG_SQ":20.532106511224,"PE_TTM_SQ":-1.037709949389,"PB_TTM_SQ":-0.103470556184,"ROA_SQ":-23.402490407134,"START_DATE":"2023-01-01 00:00:00","FISCAL_YEAR":"12-31","CURRENCY":"HKD","IS_CNY_CODE":0,"DPS_HKD_LY":null,"ORG_TYPE":"一般企业","PREMIUM_INCOME":null,"PREMIUM_INCOME_YOY":null,"NET_INTEREST_INCOME":null,"NET_INTEREST_INCOME_YOY":null,"FEE_COMMISSION_INCOME":null,"FEE_COMMISSION_INCOME_YOY":null,"ACCOUNTS_RECE_TDAYS":13.735328078217,"INVENTORY_TDAYS":7.288282217328,"CURRENT_ASSETS_TDAYS":1.658260932011,"TOTAL_ASSETS_TDAYS":0.24847456588,"PREMIUM_EXPENSE":null,"LOAN_DEPOSIT":null,"LOAN_EQUITY":null,"LOAN_ASSETS":null,"DEPOSIT_EQUITY":null,"DEPOSIT_ASSETS":null,"EQUITY_MULTIPLIER":-1.290368415812,"EQUITY_RATIO":-2.290368415812},{"SECUCODE":"00809.HK","SECURITY_CODE":"00809","SECURITY_NAME_ABBR":"大成生化科技","ORG_CODE":"10009116","STD_REPORT_DATE":"2023-06-30 00:00:00","REPORT_DATE":"2023-06-30 00:00:00","DATE_TYPE_CODE":"002","REPORT_TYPE":"2023年中报","PER_NETCASH_OPERATE":-0.01489622859,"PER_OI":0.048524763507,"BPS":-0.751995198168,"BASIC_EPS":-0.00645386,"DILUTED_EPS":-0.00645386,"OPERATE_INCOME":432229755.88,"OPERATE_INCOME_YOY":325.8540003343,"GROSS_PROFIT":-53672143.72,"GROSS_PROFIT_YOY":-635.54475914146,"HOLDER_PROFIT":-59840189.92,"HOLDER_PROFIT_YOY":91.7523572318,"GROSS_PROFIT_RATIO":-5.771457295231,"EPS_TTM":-0.075881389616,"OPERATE_INCOME_QOQ":143.663741646107,"NET_PROFIT_RATIO":-14.3587529643,"ROE_AVG":0.87884774319,"GROSS_PROFIT_QOQ":-146.493262531678,"ROA":-1.13285393351,"HOLDER_PROFIT_QOQ":47.565520091023,"ROE_YEARLY":1.757695486379,"ROIC_YEARLY":-2.189423560136,"TOTAL_ASSETS":5171023481.86,"TOTAL_LIABILITIES":12074696318.32,"TAX_EBT":50.64023884558,"OCF_SALES":-21.724100974086,"TOTAL_PARENT_EQUITY":-6667073406.88,"DEBT_ASSET_RATIO":233.5068939578,"OPERATE_PROFIT":-173986845.8,"PRETAX_PROFIT":-55586174.2,"NETCASH_OPERATE":-132686751.7,"NETCASH_INVEST":-1063964.92,"NETCASH_FINANCE":156664685.56,"END_CASH":58710764.42,"DIVI_RATIO":null,"DIVIDEND_RATE":null,"CURRENT_RATIO":0.061899746494,"COMMON_ACS":30000000000,"CURRENTDEBT_DEBT":99.625242927797,"ISSUED_COMMON_SHARES":8865845717,"HK_COMMON_SHARES":8865845717,"PER_SHARES":2000,"TOTAL_MARKET_CAP":806791960.247,"HKSK_MARKET_CAP":806791960.247,"PE_TTM":0.195266213876,"PB_TTM":-0.182363287257,"REPORT_DATE_SQ":"2022-06-30 00:00:00","REPORT_TYPE_SQ":"2022年中报","OPERATE_INCOME_SQ":133035066.78,"DPS_HKD":null,"OPERATE_INCOME_QOQ_SQ":-27.270110522031,"NET_PROFIT_RATIO_SQ":-533.0614160271,"HOLDER_PROFIT_SQ":-672983218.6,"HOLDER_PROFIT_QOQ_SQ":-333.243781028588,"ROE_AVG_SQ":11.570480996719,"PE_TTM_SQ":-1.037709949389,"PB_TTM_SQ":-0.103470556184,"ROA_SQ":-12.602680844242,"START_DATE":"2023-01-01 00:00:00","FISCAL_YEAR":"12-31","CURRENCY":"HKD","IS_CNY_CODE":0,"DPS_HKD_LY":null,"ORG_TYPE":"一般企业","PREMIUM_INCOME":null,"PREMIUM_INCOME_YOY":null,"NET_INTEREST_INCOME":null,"NET_INTEREST_INCOME_YOY":null,"FEE_COMMISSION_INCOME":null,"FEE_COMMISSION_INCOME_YOY":null,"ACCOUNTS_RECE_TDAYS":4.781222112869,"INVENTORY_TDAYS":3.011455721092,"CURRENT_ASSETS_TDAYS":0.886133822905,"TOTAL_ASSETS_TDAYS":0.115628982308,"PREMIUM_EXPENSE":null,"LOAN_DEPOSIT":null,"LOAN_EQUITY":null,"LOAN_ASSETS":null,"DEPOSIT_EQUITY":null,"DEPOSIT_ASSETS":null,"EQUITY_MULTIPLIER":-0.749024990662,"EQUITY_RATIO":-1.811093951037},{"SECUCODE":"00809.HK","SECURITY_CODE":"00809","SECURITY_NAME_ABBR":"大成生化科技","ORG_CODE":"10009116","STD_REPORT_DATE":"2022-12-31 00:00:00","REPORT_DATE":"2022-12-31 00:00:00","DATE_TYPE_CODE":"001","REPORT_TYPE":"2022年年报","PER_NETCASH_OPERATE":-0.008825992124,"PER_OI":0.001274709532,"BPS":-0.759584194455,"BASIC_EPS":-0.14470974,"DILUTED_EPS":-0.14470974,"OPERATE_INCOME":11354354.97,"OPERATE_INCOME_YOY":-50.1336144483,"GROSS_PROFIT":6547669.1,"GROSS_PROFIT_YOY":-83.436947444529,"HOLDER_PROFIT":-1289049352.36,"HOLDER_PROFIT_YOY":-260.0460078692,"GROSS_PROFIT_RATIO":9.293323806403,"EPS_TTM":-0.144716586772,"OPERATE_INCOME_QOQ":-25.090511981158,"NET_PROFIT_RATIO":-408.1801771794,"ROE_AVG":20.532106511224,"GROSS_PROFIT_QOQ":-16.314817270224,"ROA":-23.402490407134,"HOLDER_PROFIT_QOQ":9.203830190631,"ROE_YEARLY":20.532106511224,"ROIC_YEARLY":-22.725104545515,"TOTAL_ASSETS":5225528560.49,"TOTAL_LIABILITIES":12181472073.61,"TAX_EBT":3.28349284815,"OCF_SALES":-23.640935000188,"TOTAL_PARENT_EQUITY":-6734356277.11,"DEBT_ASSET_RATIO":233.1146396503,"OPERATE_PROFIT":-660812561.36,"PRETAX_PROFIT":-1272861513.42,"NETCASH_OPERATE":-78616692.7,"NETCASH_INVEST":-368920.51,"NETCASH_FINANCE":98036382.5,"END_CASH":37308314.82,"DIVI_RATIO":null,"DIVIDEND_RATE":null,"CURRENT_RATIO":0.050907285382,"COMMON_ACS":30000000000,"CURRENTDEBT_DEBT":99.039821461452,"ISSUED_COMMON_SHARES":8865845717,"HK_COMMON_SHARES":8865845717,"PER_SHARES":2000,"TOTAL_MARKET_CAP":806791960.247,"HKSK_MARKET_CAP":806791960.247,"PE_TTM":0.195266213876,"PB_TTM":-0.182363287257,"REPORT_DATE_SQ":"2021-12-31 00:00:00","REPORT_TYPE_SQ":"2021年年报","OPERATE_INCOME_SQ":610380097.6,"DPS_HKD":null,"OPERATE_INCOME_QOQ_SQ":5.919900085052,"NET_PROFIT_RATIO_SQ":-58.3200611881,"HOLDER_PROFIT_SQ":-327694897.6,"HOLDER_PROFIT_QOQ_SQ":61.498805482346,"ROE_AVG_SQ":6.475577818261,"PE_TTM_SQ":-1.037709949389,"PB_TTM_SQ":-0.103470556184,"ROA_SQ":-5.691454227538,"START_DATE":"2022-01-01 00:00:00","FISCAL_YEAR":"12-31","CURRENCY":"HKD","IS_CNY_CODE":0,"DPS_HKD_LY":null,"ORG_TYPE":"一般企业","PREMIUM_INCOME":null,"PREMIUM_INCOME_YOY":null,"NET_INTEREST_INCOME":null,"NET_INTEREST_INCOME_YOY":null,"FEE_COMMISSION_INCOME":null,"FEE_COMMISSION_INCOME_YOY":null,"ACCOUNTS_RECE_TDAYS":0.147754219556,"INVENTORY_TDAYS":2.265266420248,"CURRENT_ASSETS_TDAYS":0.581792552053,"TOTAL_ASSETS_TDAYS":0.06037298536,"PREMIUM_EXPENSE":null,"LOAN_DEPOSIT":null,"LOAN_EQUITY":null,"LOAN_ASSETS":null,"DEPOSIT_EQUITY":null,"DEPOSIT_ASSETS":null,"EQUITY_MULTIPLIER":-0.75123217298,"EQUITY_RATIO":-1.808854710437},{"SECUCODE":"00809.HK","SECURITY_CODE":"00809","SECURITY_NAME_ABBR":"大成生化科技","ORG_CODE":"10009116","STD_REPORT_DATE":"2022-06-30 00:00:00","REPORT_DATE":"2022-06-30 00:00:00","DATE_TYPE_CODE":"002","REPORT_TYPE":"2022年中报","PER_NETCASH_OPERATE":0.002037116305,"PER_OI":0.014935332577,"BPS":-0.683396285406,"BASIC_EPS":-0.07525672,"DILUTED_EPS":-0.07525672,"OPERATE_INCOME":133035066.78,"OPERATE_INCOME_YOY":-56.7793290269,"GROSS_PROFIT":10021971.61,"GROSS_PROFIT_YOY":-20.613756715199,"HOLDER_PROFIT":-672983218.6,"HOLDER_PROFIT_YOY":-256.2613556259,"GROSS_PROFIT_RATIO":7.533330762011,"EPS_TTM":-0.159386224194,"OPERATE_INCOME_QOQ":-27.270110522031,"NET_PROFIT_RATIO":-533.0614160271,"ROE_AVG":11.570480996719,"GROSS_PROFIT_QOQ":-6.582922165382,"ROA":-12.602680844242,"HOLDER_PROFIT_QOQ":-333.243781028588,"ROE_YEARLY":23.140961993439,"ROIC_YEARLY":-24.487377031594,"TOTAL_ASSETS":5136047935.41,"TOTAL_LIABILITIES":11382442069.6,"TAX_EBT":null,"OCF_SALES":13.63957778892,"TOTAL_PARENT_EQUITY":-6058886029.98,"DEBT_ASSET_RATIO":221.6186883912,"OPERATE_PROFIT":-389830664.79,"PRETAX_PROFIT":-709158610.79,"NETCASH_OPERATE":18145421.42,"NETCASH_INVEST":-386545.88,"NETCASH_FINANCE":-25920808.9,"END_CASH":12315591.19,"DIVI_RATIO":null,"DIVIDEND_RATE":null,"CURRENT_RATIO":0.037117854816,"COMMON_ACS":30000000000,"CURRENTDEBT_DEBT":98.532747200567,"ISSUED_COMMON_SHARES":8865845717,"HK_COMMON_SHARES":8865845717,"PER_SHARES":2000,"TOTAL_MARKET_CAP":806791960.247,"HKSK_MARKET_CAP":806791960.247,"PE_TTM":0.195266213876,"PB_TTM":-0.182363287257,"REPORT_DATE_SQ":"2021-06-30 00:00:00","REPORT_TYPE_SQ":"2021年中报","OPERATE_INCOME_SQ":299486394,"DPS_HKD":null,"OPERATE_INCOME_QOQ_SQ":-19.340266335491,"NET_PROFIT_RATIO_SQ":140.6612488713,"HOLDER_PROFIT_SQ":419039648.4,"HOLDER_PROFIT_QOQ_SQ":58.382887072538,"ROE_AVG_SQ":-8.931187268609,"PE_TTM_SQ":-1.037709949389,"PB_TTM_SQ":-0.103470556184,"ROA_SQ":6.927006363539,"START_DATE":"2022-01-01 00:00:00","FISCAL_YEAR":"12-31","CURRENCY":"HKD","IS_CNY_CODE":0,"DPS_HKD_LY":null,"ORG_TYPE":"一般企业","PREMIUM_INCOME":null,"PREMIUM_INCOME_YOY":null,"NET_INTEREST_INCOME":null,"NET_INTEREST_INCOME_YOY":null,"FEE_COMMISSION_INCOME":null,"FEE_COMMISSION_INCOME_YOY":null,"ACCOUNTS_RECE_TDAYS":1.822198534623,"INVENTORY_TDAYS":1.900021134388,"CURRENT_ASSETS_TDAYS":0.288346901553,"TOTAL_ASSETS_TDAYS":0.024912931577,"PREMIUM_EXPENSE":null,"LOAN_DEPOSIT":null,"LOAN_EQUITY":null,"LOAN_ASSETS":null,"DEPOSIT_EQUITY":null,"DEPOSIT_ASSETS":null,"EQUITY_MULTIPLIER":-0.822242052787,"EQUITY_RATIO":-1.878636107905},{"SECUCODE":"00809.HK","SECURITY_CODE":"00809","SECURITY_NAME_ABBR":"大成生化科技","ORG_CODE":"10009116","STD_REPORT_DATE":"2021-12-31 00:00:00","REPORT_DATE":"2021-12-31 00:00:00","DATE_TYPE_CODE":"001","REPORT_TYPE":"2021年年报","PER_NETCASH_OPERATE":-0.043618675914,"PER_OI":0.068525013567,"BPS":-0.601056567021,"BASIC_EPS":-0.036792,"DILUTED_EPS":-0.036792,"OPERATE_INCOME":610380097.6,"OPERATE_INCOME_YOY":-12.0532427341,"GROSS_PROFIT":39531777.6,"GROSS_PROFIT_YOY":-36.612770863594,"HOLDER_PROFIT":-327694897.6,"HOLDER_PROFIT_YOY":83.5057855124,"GROSS_PROFIT_RATIO":6.476583649342,"EPS_TTM":-0.036789039145,"OPERATE_INCOME_QOQ":5.919900085052,"NET_PROFIT_RATIO":-58.3200611881,"ROE_AVG":6.475577818261,"GROSS_PROFIT_QOQ":5.063681195685,"ROA":-5.691454227538,"HOLDER_PROFIT_QOQ":61.498805482346,"ROE_YEARLY":6.475577818261,"ROIC_YEARLY":-5.625977182986,"TOTAL_ASSETS":5300267784,"TOTAL_LIABILITIES":10778862304,"TAX_EBT":-6.33014953513,"OCF_SALES":-63.653655276063,"TOTAL_PARENT_EQUITY":-5328874790.4,"DEBT_ASSET_RATIO":203.3644854046,"OPERATE_PROFIT":313238912,"PRETAX_PROFIT":-334781854.4,"NETCASH_OPERATE":-388529243.2,"NETCASH_INVEST":320981584,"NETCASH_FINANCE":-39782780.8,"END_CASH":17831856,"DIVI_RATIO":null,"DIVIDEND_RATE":null,"CURRENT_RATIO":0.049204349333,"COMMON_ACS":30000000000,"CURRENTDEBT_DEBT":91.29326417639,"ISSUED_COMMON_SHARES":8865845717,"HK_COMMON_SHARES":8865845717,"PER_SHARES":2000,"TOTAL_MARKET_CAP":806791960.247,"HKSK_MARKET_CAP":806791960.247,"PE_TTM":0.195266213876,"PB_TTM":-0.182363287257,"REPORT_DATE_SQ":"2020-12-31 00:00:00","REPORT_TYPE_SQ":"2020年年报","OPERATE_INCOME_SQ":714440421.88,"DPS_HKD":null,"OPERATE_INCOME_QOQ_SQ":-65.337019535866,"NET_PROFIT_RATIO_SQ":-286.6486740561,"HOLDER_PROFIT_SQ":-2045142276.36,"HOLDER_PROFIT_QOQ_SQ":-99.086089920957,"ROE_AVG_SQ":48.313879795328,"PE_TTM_SQ":-1.037709949389,"PB_TTM_SQ":-0.103470556184,"ROA_SQ":-30.687910471257,"START_DATE":"2021-01-01 00:00:00","FISCAL_YEAR":"12-31","CURRENCY":"HKD","IS_CNY_CODE":0,"DPS_HKD_LY":null,"ORG_TYPE":"一般企业","PREMIUM_INCOME":null,"PREMIUM_INCOME_YOY":null,"NET_INTEREST_INCOME":null,"NET_INTEREST_INCOME_YOY":null,"FEE_COMMISSION_INCOME":null,"FEE_COMMISSION_INCOME_YOY":null,"ACCOUNTS_RECE_TDAYS":6.045510310677,"INVENTORY_TDAYS":6.212158284583,"CURRENT_ASSETS_TDAYS":0.814027799358,"TOTAL_ASSETS_TDAYS":0.106011732631,"PREMIUM_EXPENSE":null,"LOAN_DEPOSIT":null,"LOAN_EQUITY":null,"LOAN_ASSETS":null,"DEPOSIT_EQUITY":null,"DEPOSIT_ASSETS":null,"EQUITY_MULTIPLIER":-0.967450276645,"EQUITY_RATIO":-2.022727635376},{"SECUCODE":"00809.HK","SECURITY_CODE":"00809","SECURITY_NAME_ABBR":"大成生化科技","ORG_CODE":"10009116","STD_REPORT_DATE":"2021-06-30 00:00:00","REPORT_DATE":"2021-06-30 00:00:00","DATE_TYPE_CODE":"002","REPORT_TYPE":"2021年中报","PER_NETCASH_OPERATE":-0.045580904737,"PER_OI":0.033622179512,"BPS":-0.508332486725,"BASIC_EPS":0.04742856,"DILUTED_EPS":0.03245112,"OPERATE_INCOME":299486394,"OPERATE_INCOME_YOY":-24.8802529558,"GROSS_PROFIT":12624317.76,"GROSS_PROFIT_YOY":-66.212029057643,"HOLDER_PROFIT":419039648.4,"HOLDER_PROFIT_YOY":159.3585427835,"GROSS_PROFIT_RATIO":4.21532263666,"EPS_TTM":-0.095552981162,"OPERATE_INCOME_QOQ":-19.340266335491,"NET_PROFIT_RATIO":140.6612488713,"ROE_AVG":-8.931187268609,"GROSS_PROFIT_QOQ":-39.667801075479,"ROA":6.927006363539,"HOLDER_PROFIT_QOQ":58.382887072538,"ROE_YEARLY":-17.862374537218,"ROIC_YEARLY":13.753768610571,"TOTAL_ASSETS":5773588443.36,"TOTAL_LIABILITIES":10408981311.36,"TAX_EBT":null,"OCF_SALES":-135.567965548378,"TOTAL_PARENT_EQUITY":-4506797400.24,"DEBT_ASSET_RATIO":180.2861671467,"OPERATE_PROFIT":752935878.72,"PRETAX_PROFIT":421261302,"NETCASH_OPERATE":-406007611.44,"NETCASH_INVEST":327420151.68,"NETCASH_FINANCE":-8660288.64,"END_CASH":42583358.16,"DIVI_RATIO":null,"DIVIDEND_RATE":null,"CURRENT_RATIO":0.065246373511,"COMMON_ACS":30000000000,"CURRENTDEBT_DEBT":89.569475966922,"ISSUED_COMMON_SHARES":8865845717,"HK_COMMON_SHARES":8865845717,"PER_SHARES":2000,"TOTAL_MARKET_CAP":806791960.247,"HKSK_MARKET_CAP":806791960.247,"PE_TTM":0.195266213876,"PB_TTM":-0.182363287257,"REPORT_DATE_SQ":"2020-06-30 00:00:00","REPORT_TYPE_SQ":"2020年中报","OPERATE_INCOME_SQ":437661074.4,"DPS_HKD":null,"OPERATE_INCOME_QOQ_SQ":-49.556936666388,"NET_PROFIT_RATIO_SQ":-188.4318615839,"HOLDER_PROFIT_SQ":-774973457.28,"HOLDER_PROFIT_QOQ_SQ":-7.394886515168,"ROE_AVG_SQ":18.711907201369,"PE_TTM_SQ":-1.037709949389,"PB_TTM_SQ":-0.103470556184,"ROA_SQ":-10.781113266357,"START_DATE":"2021-01-01 00:00:00","FISCAL_YEAR":"12-31","CURRENCY":"HKD","IS_CNY_CODE":0,"DPS_HKD_LY":null,"ORG_TYPE":"一般企业","PREMIUM_INCOME":null,"PREMIUM_INCOME_YOY":null,"NET_INTEREST_INCOME":null,"NET_INTEREST_INCOME_YOY":null,"FEE_COMMISSION_INCOME":null,"FEE_COMMISSION_INCOME_YOY":null,"ACCOUNTS_RECE_TDAYS":2.57963598052,"INVENTORY_TDAYS":2.544330749049,"CURRENT_ASSETS_TDAYS":0.364836058179,"TOTAL_ASSETS_TDAYS":0.049507109052,"PREMIUM_EXPENSE":null,"LOAN_DEPOSIT":null,"LOAN_EQUITY":null,"LOAN_ASSETS":null,"DEPOSIT_EQUITY":null,"DEPOSIT_ASSETS":null,"EQUITY_MULTIPLIER":-1.245544575783,"EQUITY_RATIO":-2.309618202674},{"SECUCODE":"00809.HK","SECURITY_CODE":"00809","SECURITY_NAME_ABBR":"大成生化科技","ORG_CODE":"10009116","STD_REPORT_DATE":"2020-12-31 00:00:00","REPORT_DATE":"2020-12-31 00:00:00","DATE_TYPE_CODE":"001","REPORT_TYPE":"2020年年报","PER_NETCASH_OPERATE":-0.002474254092,"PER_OI":0.080207463832,"BPS":-0.55640197622,"BASIC_EPS":-0.24070904,"DILUTED_EPS":-0.24070904,"OPERATE_INCOME":714440421.88,"OPERATE_INCOME_YOY":-81.3901724277,"GROSS_PROFIT":62365524,"GROSS_PROFIT_YOY":-65.7928481825,"HOLDER_PROFIT":-2045142276.36,"HOLDER_PROFIT_YOY":-127.5618808056,"GROSS_PROFIT_RATIO":8.729282679148,"EPS_TTM":-0.22960021597,"OPERATE_INCOME_QOQ":-65.337019535866,"NET_PROFIT_RATIO":-286.6486740561,"ROE_AVG":48.313879795328,"GROSS_PROFIT_QOQ":-63.822826560745,"ROA":-30.687910471257,"HOLDER_PROFIT_QOQ":-99.086089920957,"ROE_YEARLY":48.313879795328,"ROIC_YEARLY":-30.550511018311,"TOTAL_ASSETS":6397805574.16,"TOTAL_LIABILITIES":11462016577.16,"TAX_EBT":-0.926614918915,"OCF_SALES":-3.084817762971,"TOTAL_PARENT_EQUITY":-4932974077.8,"DEBT_ASSET_RATIO":179.1554376622,"OPERATE_PROFIT":-804252667.92,"PRETAX_PROFIT":-2029131758.64,"NETCASH_OPERATE":-22039185.04,"NETCASH_INVEST":101076755.8,"NETCASH_FINANCE":-21774910.08,"END_CASH":129042769.72,"DIVI_RATIO":null,"DIVIDEND_RATE":null,"CURRENT_RATIO":0.100487564208,"COMMON_ACS":30000000000,"CURRENTDEBT_DEBT":90.756358055255,"ISSUED_COMMON_SHARES":8865845717,"HK_COMMON_SHARES":8865845717,"PER_SHARES":2000,"TOTAL_MARKET_CAP":806791960.247,"HKSK_MARKET_CAP":806791960.247,"PE_TTM":0.195266213876,"PB_TTM":-0.182363287257,"REPORT_DATE_SQ":"2019-12-31 00:00:00","REPORT_TYPE_SQ":"2019年年报","OPERATE_INCOME_SQ":4086002829.98,"DPS_HKD":null,"OPERATE_INCOME_QOQ_SQ":-17.391868224295,"NET_PROFIT_RATIO_SQ":-24.4735432678,"HOLDER_PROFIT_SQ":-956530903.82,"HOLDER_PROFIT_QOQ_SQ":18.127267693545,"ROE_AVG_SQ":27.932369189351,"PE_TTM_SQ":-1.037709949389,"PB_TTM_SQ":-0.103470556184,"ROA_SQ":-11.82539000501,"START_DATE":"2020-01-01 00:00:00","FISCAL_YEAR":"12-31","CURRENCY":"HKD","IS_CNY_CODE":0,"DPS_HKD_LY":null,"ORG_TYPE":"一般企业","PREMIUM_INCOME":null,"PREMIUM_INCOME_YOY":null,"NET_INTEREST_INCOME":null,"NET_INTEREST_INCOME_YOY":null,"FEE_COMMISSION_INCOME":null,"FEE_COMMISSION_INCOME_YOY":null,"ACCOUNTS_RECE_TDAYS":4.216547949016,"INVENTORY_TDAYS":3.0213409819,"CURRENT_ASSETS_TDAYS":0.629975657905,"TOTAL_ASSETS_TDAYS":0.107203708794,"PREMIUM_EXPENSE":null,"LOAN_DEPOSIT":null,"LOAN_EQUITY":null,"LOAN_ASSETS":null,"DEPOSIT_EQUITY":null,"DEPOSIT_ASSETS":null,"EQUITY_MULTIPLIER":-1.26333708654,"EQUITY_RATIO":-2.323550944397},{"SECUCODE":"00809.HK","SECURITY_CODE":"00809","SECURITY_NAME_ABBR":"大成生化科技","ORG_CODE":"10009116","STD_REPORT_DATE":"2020-06-30 00:00:00","REPORT_DATE":"2020-06-30 00:00:00","DATE_TYPE_CODE":"002","REPORT_TYPE":"2020年中报","PER_NETCASH_OPERATE":0.000078859702,"PER_OI":0.049134516638,"BPS":-0.501781125664,"BASIC_EPS":-0.0959112,"DILUTED_EPS":-0.0959112,"OPERATE_INCOME":437661074.4,"OPERATE_INCOME_YOY":-82.8846370922,"GROSS_PROFIT":37363349.76,"GROSS_PROFIT_YOY":-20.993354469277,"HOLDER_PROFIT":-774973457.28,"HOLDER_PROFIT_YOY":-5.9745359932,"GROSS_PROFIT_RATIO":8.53705114425,"EPS_TTM":-0.115327100985,"OPERATE_INCOME_QOQ":-49.556936666388,"NET_PROFIT_RATIO":-188.4318615839,"ROE_AVG":18.711907201369,"GROSS_PROFIT_QOQ":-5.445482425714,"ROA":-10.781113266357,"HOLDER_PROFIT_QOQ":-7.394886515168,"ROE_YEARLY":37.423814402738,"ROIC_YEARLY":-21.315232223834,"TOTAL_ASSETS":6854387992.32,"TOTAL_LIABILITIES":11486312523.84,"TAX_EBT":null,"OCF_SALES":0.160497563317,"TOTAL_PARENT_EQUITY":-4448714043.84,"DEBT_ASSET_RATIO":167.576048171,"OPERATE_PROFIT":-494392092.48,"PRETAX_PROFIT":-824692909.92,"NETCASH_OPERATE":-2516527.2,"NETCASH_INVEST":-8892338.4,"NETCASH_FINANCE":20572495.68,"END_CASH":79297553.28,"DIVI_RATIO":null,"DIVIDEND_RATE":null,"CURRENT_RATIO":0.082385957564,"COMMON_ACS":30000000000,"CURRENTDEBT_DEBT":98.419400536916,"ISSUED_COMMON_SHARES":8865845717,"HK_COMMON_SHARES":8865845717,"PER_SHARES":2000,"TOTAL_MARKET_CAP":806791960.247,"HKSK_MARKET_CAP":806791960.247,"PE_TTM":0.195266213876,"PB_TTM":-0.182363287257,"REPORT_DATE_SQ":"2019-06-30 00:00:00","REPORT_TYPE_SQ":"2019年中报","OPERATE_INCOME_SQ":2462558909.04,"DPS_HKD":null,"OPERATE_INCOME_QOQ_SQ":-0.222940062684,"NET_PROFIT_RATIO_SQ":-29.9431244204,"HOLDER_PROFIT_SQ":-704239082.46,"HOLDER_PROFIT_QOQ_SQ":-9.086458949525,"ROE_AVG_SQ":20.883181831462,"PE_TTM_SQ":-1.037709949389,"PB_TTM_SQ":-0.103470556184,"ROA_SQ":-8.509322345425,"START_DATE":"2020-01-01 00:00:00","FISCAL_YEAR":"12-31","CURRENCY":"HKD","IS_CNY_CODE":0,"DPS_HKD_LY":null,"ORG_TYPE":"一般企业","PREMIUM_INCOME":null,"PREMIUM_INCOME_YOY":null,"NET_INTEREST_INCOME":null,"NET_INTEREST_INCOME_YOY":null,"FEE_COMMISSION_INCOME":null,"FEE_COMMISSION_INCOME_YOY":null,"ACCOUNTS_RECE_TDAYS":2.609561156271,"INVENTORY_TDAYS":1.698757420878,"CURRENT_ASSETS_TDAYS":0.387567522095,"TOTAL_ASSETS_TDAYS":0.060885615772,"PREMIUM_EXPENSE":null,"LOAN_DEPOSIT":null,"LOAN_EQUITY":null,"LOAN_ASSETS":null,"DEPOSIT_EQUITY":null,"DEPOSIT_ASSETS":null,"EQUITY_MULTIPLIER":-1.479814264175,"EQUITY_RATIO":-2.581939951781}],"count":48},"success":true,"message":"ok","code":0}