{"version":"d7200e9307642d703c597417b9c44d38","result":{"pages":5,"data":[{"SECUCODE":"00813.HK","SECURITY_CODE":"00813","SECURITY_NAME_ABBR":"世茂集团","ORG_CODE":"10095390","STD_REPORT_DATE":"2024-06-30 00:00:00","REPORT_DATE":"2024-06-30 00:00:00","DATE_TYPE_CODE":"002","REPORT_TYPE":"2024年中报","PER_NETCASH_OPERATE":-0.516717974327,"PER_OI":7.687198870557,"BPS":-2.041868947518,"BASIC_EPS":-5.98,"DILUTED_EPS":-5.98,"OPERATE_INCOME":29194689000,"OPERATE_INCOME_YOY":-3.9445755448,"GROSS_PROFIT":14859000,"GROSS_PROFIT_YOY":-99.524410642396,"HOLDER_PROFIT":-22667515000,"HOLDER_PROFIT_YOY":-87.9906891696,"GROSS_PROFIT_RATIO":0.050896243491,"EPS_TTM":-8.331045431466,"OPERATE_INCOME_QOQ":-2.016184257047,"NET_PROFIT_RATIO":-82.942085802,"ROE_AVG":-651.245978467166,"GROSS_PROFIT_QOQ":-53.172442721815,"ROA":-4.406443274283,"HOLDER_PROFIT_QOQ":-50.450012769743,"ROE_YEARLY":-1302.49195693433,"ROIC_YEARLY":-9.729198920481,"TOTAL_ASSETS":485584590000,"TOTAL_LIABILITIES":461042137000,"TAX_EBT":-4.807164635961,"OCF_SALES":-6.721797927013,"TOTAL_PARENT_EQUITY":-7754675000,"DEBT_ASSET_RATIO":94.9457924519,"OPERATE_PROFIT":-14232355000,"PRETAX_PROFIT":-23104035000,"NETCASH_OPERATE":-1962408000,"NETCASH_INVEST":672008000,"NETCASH_FINANCE":-1020670000,"END_CASH":12878617000,"DIVI_RATIO":null,"DIVIDEND_RATE":null,"CURRENT_RATIO":0.977105981111,"COMMON_ACS":25000000000,"CURRENTDEBT_DEBT":86.434639270293,"ISSUED_COMMON_SHARES":3797831888,"HK_COMMON_SHARES":3797831888,"PER_SHARES":500,"TOTAL_MARKET_CAP":3531983655.84,"HKSK_MARKET_CAP":3531983655.84,"PE_TTM":-0.10101611742,"PB_TTM":-0.415693867636,"REPORT_DATE_SQ":"2023-06-30 00:00:00","REPORT_TYPE_SQ":"2023年中报","OPERATE_INCOME_SQ":30393587000,"DPS_HKD":null,"OPERATE_INCOME_QOQ_SQ":-6.285418302,"NET_PROFIT_RATIO_SQ":-38.2448409265,"HOLDER_PROFIT_SQ":-12057786000,"HOLDER_PROFIT_QOQ_SQ":-10.540627283648,"ROE_AVG_SQ":-39.520429528945,"PE_TTM_SQ":-0.070965119401,"PB_TTM_SQ":0.068615198063,"ROA_SQ":-2.019417977968,"START_DATE":"2024-01-01 00:00:00","FISCAL_YEAR":"12-31","CURRENCY":"HKD","IS_CNY_CODE":0,"DPS_HKD_LY":null,"ORG_TYPE":"一般企业","PREMIUM_INCOME":null,"PREMIUM_INCOME_YOY":null,"NET_INTEREST_INCOME":null,"NET_INTEREST_INCOME_YOY":null,"FEE_COMMISSION_INCOME":null,"FEE_COMMISSION_INCOME_YOY":null,"ACCOUNTS_RECE_TDAYS":0.731196805852,"INVENTORY_TDAYS":0.111563514802,"CURRENT_ASSETS_TDAYS":0.071458499332,"TOTAL_ASSETS_TDAYS":0.056752908728,"PREMIUM_EXPENSE":null,"LOAN_DEPOSIT":null,"LOAN_EQUITY":null,"LOAN_ASSETS":null,"DEPOSIT_EQUITY":null,"DEPOSIT_ASSETS":null,"EQUITY_MULTIPLIER":19.7854953617,"EQUITY_RATIO":-59.453444148207},{"SECUCODE":"00813.HK","SECURITY_CODE":"00813","SECURITY_NAME_ABBR":"世茂集团","ORG_CODE":"10095390","STD_REPORT_DATE":"2023-12-31 00:00:00","REPORT_DATE":"2023-12-31 00:00:00","DATE_TYPE_CODE":"001","REPORT_TYPE":"2023年年报","PER_NETCASH_OPERATE":-1.440158796202,"PER_OI":15.657278614119,"BPS":3.87482949061,"BASIC_EPS":-5.55,"DILUTED_EPS":-5.55,"OPERATE_INCOME":59463712000,"OPERATE_INCOME_YOY":-5.6732671376,"GROSS_PROFIT":5847907000,"GROSS_PROFIT_YOY":10.727000208658,"HOLDER_PROFIT":-21030181000,"HOLDER_PROFIT_YOY":2.1509711444,"GROSS_PROFIT_RATIO":9.834412960967,"EPS_TTM":-5.537417563544,"OPERATE_INCOME_QOQ":0.653208020859,"NET_PROFIT_RATIO":-39.6870901702,"ROE_AVG":-82.082721653837,"GROSS_PROFIT_QOQ":7.476024727965,"ROA":-3.62757780416,"HOLDER_PROFIT_QOQ":11.481388101315,"ROE_YEARLY":-82.082721653837,"ROIC_YEARLY":-4.033694415789,"TOTAL_ASSETS":543250395000,"TOTAL_LIABILITIES":491999365000,"TAX_EBT":-6.0925512243,"OCF_SALES":-9.198014748894,"TOTAL_PARENT_EQUITY":14715951000,"DEBT_ASSET_RATIO":90.5658549958,"OPERATE_PROFIT":-13249715000,"PRETAX_PROFIT":-22244179000,"NETCASH_OPERATE":-5469481000,"NETCASH_INVEST":1049031000,"NETCASH_FINANCE":-2435687000,"END_CASH":15186591000,"DIVI_RATIO":null,"DIVIDEND_RATE":null,"CURRENT_RATIO":1.018733695321,"COMMON_ACS":25000000000,"CURRENTDEBT_DEBT":85.338817866157,"ISSUED_COMMON_SHARES":3797831888,"HK_COMMON_SHARES":3797831888,"PER_SHARES":500,"TOTAL_MARKET_CAP":3304113742.56,"HKSK_MARKET_CAP":3304113742.56,"PE_TTM":-0.094498948554,"PB_TTM":-0.388874908434,"REPORT_DATE_SQ":"2022-12-31 00:00:00","REPORT_TYPE_SQ":"2022年年报","OPERATE_INCOME_SQ":63040148000,"DPS_HKD":null,"OPERATE_INCOME_QOQ_SQ":-8.307798652137,"NET_PROFIT_RATIO_SQ":-32.7716648127,"HOLDER_PROFIT_SQ":-21492478000,"HOLDER_PROFIT_QOQ_SQ":50.211885505914,"ROE_AVG_SQ":-45.562210696625,"PE_TTM_SQ":-0.084271079289,"PB_TTM_SQ":0.0814805477,"ROA_SQ":-3.454507558266,"START_DATE":"2023-01-01 00:00:00","FISCAL_YEAR":"12-31","CURRENCY":"HKD","IS_CNY_CODE":0,"DPS_HKD_LY":null,"ORG_TYPE":"一般企业","PREMIUM_INCOME":null,"PREMIUM_INCOME_YOY":null,"NET_INTEREST_INCOME":null,"NET_INTEREST_INCOME_YOY":null,"FEE_COMMISSION_INCOME":null,"FEE_COMMISSION_INCOME_YOY":null,"ACCOUNTS_RECE_TDAYS":1.449405122881,"INVENTORY_TDAYS":0.178812765365,"CURRENT_ASSETS_TDAYS":0.130269660182,"TOTAL_ASSETS_TDAYS":0.102571272118,"PREMIUM_EXPENSE":null,"LOAN_DEPOSIT":null,"LOAN_EQUITY":null,"LOAN_ASSETS":null,"DEPOSIT_EQUITY":null,"DEPOSIT_ASSETS":null,"EQUITY_MULTIPLIER":10.599794677258,"EQUITY_RATIO":33.433066269383},{"SECUCODE":"00813.HK","SECURITY_CODE":"00813","SECURITY_NAME_ABBR":"世茂集团","ORG_CODE":"10095390","STD_REPORT_DATE":"2023-06-30 00:00:00","REPORT_DATE":"2023-06-30 00:00:00","DATE_TYPE_CODE":"002","REPORT_TYPE":"2023年中报","PER_NETCASH_OPERATE":-0.090929511938,"PER_OI":8.002878457057,"BPS":6.449743096159,"BASIC_EPS":-3.18,"DILUTED_EPS":-3.18,"OPERATE_INCOME":30393587000,"OPERATE_INCOME_YOY":-11.5331987578,"GROSS_PROFIT":3124334000,"GROSS_PROFIT_YOY":5.388721036801,"HOLDER_PROFIT":-12057786000,"HOLDER_PROFIT_YOY":-23.1348285967,"GROSS_PROFIT_RATIO":10.279582992294,"EPS_TTM":-6.255653409796,"OPERATE_INCOME_QOQ":-6.285418302,"NET_PROFIT_RATIO":-38.2448409265,"ROE_AVG":-39.520429528945,"GROSS_PROFIT_QOQ":3.024837854695,"ROA":-2.019417977968,"HOLDER_PROFIT_QOQ":-10.540627283648,"ROE_YEARLY":-79.04085905789,"ROIC_YEARLY":-4.519957263904,"TOTAL_ASSETS":577973339000,"TOTAL_LIABILITIES":511728175000,"TAX_EBT":-8.373479328262,"OCF_SALES":-1.136210082739,"TOTAL_PARENT_EQUITY":24495040000,"DEBT_ASSET_RATIO":88.5383702794,"OPERATE_PROFIT":-1787968000,"PRETAX_PROFIT":-10725852000,"NETCASH_OPERATE":-345335000,"NETCASH_INVEST":916551000,"NETCASH_FINANCE":-2293328000,"END_CASH":20349236000,"DIVI_RATIO":null,"DIVIDEND_RATE":null,"CURRENT_RATIO":1.101655296566,"COMMON_ACS":25000000000,"CURRENTDEBT_DEBT":80.137627168956,"ISSUED_COMMON_SHARES":3797831888,"HK_COMMON_SHARES":3797831888,"PER_SHARES":500,"TOTAL_MARKET_CAP":3304113742.56,"HKSK_MARKET_CAP":3304113742.56,"PE_TTM":-0.094498948554,"PB_TTM":-0.388874908434,"REPORT_DATE_SQ":"2022-06-30 00:00:00","REPORT_TYPE_SQ":"2022年中报","OPERATE_INCOME_SQ":34355924000,"DPS_HKD":null,"OPERATE_INCOME_QOQ_SQ":-36.221093875764,"NET_PROFIT_RATIO_SQ":-26.9768846852,"HOLDER_PROFIT_SQ":-9792344000,"HOLDER_PROFIT_QOQ_SQ":-59.333494261757,"ROE_AVG_SQ":-18.450016765901,"PE_TTM_SQ":-0.084271079289,"PB_TTM_SQ":0.0814805477,"ROA_SQ":-1.563823455839,"START_DATE":"2023-01-01 00:00:00","FISCAL_YEAR":"12-31","CURRENCY":"HKD","IS_CNY_CODE":0,"DPS_HKD_LY":null,"ORG_TYPE":"一般企业","PREMIUM_INCOME":null,"PREMIUM_INCOME_YOY":null,"NET_INTEREST_INCOME":null,"NET_INTEREST_INCOME_YOY":null,"FEE_COMMISSION_INCOME":null,"FEE_COMMISSION_INCOME_YOY":null,"ACCOUNTS_RECE_TDAYS":0.731690384355,"INVENTORY_TDAYS":0.087355740792,"CURRENT_ASSETS_TDAYS":0.064875992788,"TOTAL_ASSETS_TDAYS":0.050902674838,"PREMIUM_EXPENSE":null,"LOAN_DEPOSIT":null,"LOAN_EQUITY":null,"LOAN_ASSETS":null,"DEPOSIT_EQUITY":null,"DEPOSIT_ASSETS":null,"EQUITY_MULTIPLIER":8.724762746459,"EQUITY_RATIO":20.89109366631},{"SECUCODE":"00813.HK","SECURITY_CODE":"00813","SECURITY_NAME_ABBR":"世茂集团","ORG_CODE":"10095390","STD_REPORT_DATE":"2022-12-31 00:00:00","REPORT_DATE":"2022-12-31 00:00:00","DATE_TYPE_CODE":"001","REPORT_TYPE":"2022年年报","PER_NETCASH_OPERATE":-1.13895009773,"PER_OI":16.598983277587,"BPS":9.6174559794,"BASIC_EPS":-5.67,"DILUTED_EPS":-5.67,"OPERATE_INCOME":63040148000,"OPERATE_INCOME_YOY":-41.5197169791,"GROSS_PROFIT":5281374000,"GROSS_PROFIT_YOY":101.743943526392,"HOLDER_PROFIT":-21492478000,"HOLDER_PROFIT_YOY":20.6708574495,"GROSS_PROFIT_RATIO":8.377794417615,"EPS_TTM":-5.659144120599,"OPERATE_INCOME_QOQ":-8.307798652137,"NET_PROFIT_RATIO":-32.7716648127,"ROE_AVG":-45.562210696625,"GROSS_PROFIT_QOQ":134.226401365278,"ROA":-3.454507558266,"HOLDER_PROFIT_QOQ":50.211885505914,"ROE_YEARLY":-45.562210696625,"ROIC_YEARLY":-3.997467281743,"TOTAL_ASSETS":616210939000,"TOTAL_LIABILITIES":536705854000,"TAX_EBT":-17.716199387171,"OCF_SALES":-6.861565426528,"TOTAL_PARENT_EQUITY":36525481000,"DEBT_ASSET_RATIO":87.0977485195,"OPERATE_PROFIT":-2300012000,"PRETAX_PROFIT":-17550096000,"NETCASH_OPERATE":-4325541000,"NETCASH_INVEST":5679099000,"NETCASH_FINANCE":-27316545000,"END_CASH":22034517000,"DIVI_RATIO":null,"DIVIDEND_RATE":null,"CURRENT_RATIO":1.089045010404,"COMMON_ACS":25000000000,"CURRENTDEBT_DEBT":83.011663219161,"ISSUED_COMMON_SHARES":3797831888,"HK_COMMON_SHARES":3797831888,"PER_SHARES":500,"TOTAL_MARKET_CAP":3304113742.56,"HKSK_MARKET_CAP":3304113742.56,"PE_TTM":-0.094498948554,"PB_TTM":-0.388874908434,"REPORT_DATE_SQ":"2021-12-31 00:00:00","REPORT_TYPE_SQ":"2021年年报","OPERATE_INCOME_SQ":107797269000,"DPS_HKD":null,"OPERATE_INCOME_QOQ_SQ":-25.245289905729,"NET_PROFIT_RATIO_SQ":-26.3243014069,"HOLDER_PROFIT_SQ":-27092790000,"HOLDER_PROFIT_QOQ_SQ":-298.556702254907,"ROE_AVG_SQ":-37.159219368353,"PE_TTM_SQ":-0.084271079289,"PB_TTM_SQ":0.0814805477,"ROA_SQ":-4.449255557601,"START_DATE":"2022-01-01 00:00:00","FISCAL_YEAR":"12-31","CURRENCY":"HKD","IS_CNY_CODE":0,"DPS_HKD_LY":null,"ORG_TYPE":"一般企业","PREMIUM_INCOME":null,"PREMIUM_INCOME_YOY":null,"NET_INTEREST_INCOME":null,"NET_INTEREST_INCOME_YOY":null,"FEE_COMMISSION_INCOME":null,"FEE_COMMISSION_INCOME_YOY":null,"ACCOUNTS_RECE_TDAYS":1.925252462414,"INVENTORY_TDAYS":0.176078150336,"CURRENT_ASSETS_TDAYS":0.12930206977,"TOTAL_ASSETS_TDAYS":0.101325062536,"PREMIUM_EXPENSE":null,"LOAN_DEPOSIT":null,"LOAN_EQUITY":null,"LOAN_ASSETS":null,"DEPOSIT_EQUITY":null,"DEPOSIT_ASSETS":null,"EQUITY_MULTIPLIER":7.750585248717,"EQUITY_RATIO":14.694011941965},{"SECUCODE":"00813.HK","SECURITY_CODE":"00813","SECURITY_NAME_ABBR":"世茂集团","ORG_CODE":"10095390","STD_REPORT_DATE":"2022-06-30 00:00:00","REPORT_DATE":"2022-06-30 00:00:00","DATE_TYPE_CODE":"002","REPORT_TYPE":"2022年中报","PER_NETCASH_OPERATE":-0.485068864112,"PER_OI":9.046193989933,"BPS":12.726212856529,"BASIC_EPS":-2.59,"DILUTED_EPS":-2.59,"OPERATE_INCOME":34355924000,"OPERATE_INCOME_YOY":-53.1943764355,"GROSS_PROFIT":2964581000,"GROSS_PROFIT_YOY":-85.891777350966,"HOLDER_PROFIT":-9792344000,"HOLDER_PROFIT_YOY":-255.8606694038,"GROSS_PROFIT_RATIO":8.62902421137,"EPS_TTM":-11.366455986743,"OPERATE_INCOME_QOQ":-36.221093875764,"NET_PROFIT_RATIO":-26.9768846852,"ROE_AVG":-18.450016765901,"GROSS_PROFIT_QOQ":-689.439542221509,"ROA":-1.563823455839,"HOLDER_PROFIT_QOQ":-59.333494261757,"ROE_YEARLY":-36.900033531803,"ROIC_YEARLY":-3.679094925901,"TOTAL_ASSETS":624255200000,"TOTAL_LIABILITIES":529178540000,"TAX_EBT":-22.906126012702,"OCF_SALES":-5.362132015428,"TOTAL_PARENT_EQUITY":48332017000,"DEBT_ASSET_RATIO":84.7695846186,"OPERATE_PROFIT":1991643000,"PRETAX_PROFIT":-7540843000,"NETCASH_OPERATE":-1842210000,"NETCASH_INVEST":5766348000,"NETCASH_FINANCE":-15242445000,"END_CASH":36971439000,"DIVI_RATIO":null,"DIVIDEND_RATE":null,"CURRENT_RATIO":1.162653371611,"COMMON_ACS":25000000000,"CURRENTDEBT_DEBT":80.237864143168,"ISSUED_COMMON_SHARES":3797831888,"HK_COMMON_SHARES":3797831888,"PER_SHARES":500,"TOTAL_MARKET_CAP":3304113742.56,"HKSK_MARKET_CAP":3304113742.56,"PE_TTM":-0.094498948554,"PB_TTM":-0.388874908434,"REPORT_DATE_SQ":"2021-06-30 00:00:00","REPORT_TYPE_SQ":"2021年中报","OPERATE_INCOME_SQ":73401274000,"DPS_HKD":null,"OPERATE_INCOME_QOQ_SQ":6.537400734843,"NET_PROFIT_RATIO_SQ":12.9123780604,"HOLDER_PROFIT_SQ":6282755000,"HOLDER_PROFIT_QOQ_SQ":8.05519367415,"ROE_AVG_SQ":7.034829643104,"PE_TTM_SQ":-0.084271079289,"PB_TTM_SQ":0.0814805477,"ROA_SQ":1.033075172475,"START_DATE":"2022-01-01 00:00:00","FISCAL_YEAR":"12-31","CURRENCY":"HKD","IS_CNY_CODE":0,"DPS_HKD_LY":null,"ORG_TYPE":"一般企业","PREMIUM_INCOME":null,"PREMIUM_INCOME_YOY":null,"NET_INTEREST_INCOME":null,"NET_INTEREST_INCOME_YOY":null,"FEE_COMMISSION_INCOME":null,"FEE_COMMISSION_INCOME_YOY":null,"ACCOUNTS_RECE_TDAYS":1.268239107972,"INVENTORY_TDAYS":0.096131999421,"CURRENT_ASSETS_TDAYS":0.069861258094,"TOTAL_ASSETS_TDAYS":0.054865923622,"PREMIUM_EXPENSE":null,"LOAN_DEPOSIT":null,"LOAN_EQUITY":null,"LOAN_ASSETS":null,"DEPOSIT_EQUITY":null,"DEPOSIT_ASSETS":null,"EQUITY_MULTIPLIER":6.565809106042,"EQUITY_RATIO":10.948819702683},{"SECUCODE":"00813.HK","SECURITY_CODE":"00813","SECURITY_NAME_ABBR":"世茂集团","ORG_CODE":"10095390","STD_REPORT_DATE":"2021-12-31 00:00:00","REPORT_DATE":"2021-12-31 00:00:00","DATE_TYPE_CODE":"001","REPORT_TYPE":"2021年年报","PER_NETCASH_OPERATE":-2.52559967973,"PER_OI":28.383896965162,"BPS":15.22393794804,"BASIC_EPS":-7.627,"DILUTED_EPS":-7.627,"OPERATE_INCOME":107797269000,"OPERATE_INCOME_YOY":-20.3582749387,"GROSS_PROFIT":2617860000,"GROSS_PROFIT_YOY":-93.400452821718,"HOLDER_PROFIT":-27092790000,"HOLDER_PROFIT_YOY":-314.5508291745,"GROSS_PROFIT_RATIO":2.428503082021,"EPS_TTM":-7.133751782327,"OPERATE_INCOME_QOQ":-25.245289905729,"NET_PROFIT_RATIO":-26.3243014069,"ROE_AVG":-37.159219368353,"GROSS_PROFIT_QOQ":-93.641133813925,"ROA":-4.449255557601,"HOLDER_PROFIT_QOQ":-298.556702254907,"ROE_YEARLY":-37.159219368353,"ROIC_YEARLY":-5.482537158167,"TOTAL_ASSETS":628104069000,"TOTAL_LIABILITIES":514104386000,"TAX_EBT":-31.542657538388,"OCF_SALES":-8.898001859398,"TOTAL_PARENT_EQUITY":57817957000,"DEBT_ASSET_RATIO":81.8501919305,"OPERATE_PROFIT":-18515859000,"PRETAX_PROFIT":-21572377000,"NETCASH_OPERATE":-9591803000,"NETCASH_INVEST":-35827250000,"NETCASH_FINANCE":31928268000,"END_CASH":47814400000,"DIVI_RATIO":null,"DIVIDEND_RATE":null,"CURRENT_RATIO":1.284323748336,"COMMON_ACS":25000000000,"CURRENTDEBT_DEBT":74.193589159537,"ISSUED_COMMON_SHARES":3797831888,"HK_COMMON_SHARES":3797831888,"PER_SHARES":500,"TOTAL_MARKET_CAP":3304113742.56,"HKSK_MARKET_CAP":3304113742.56,"PE_TTM":-0.094498948554,"PB_TTM":-0.388874908434,"REPORT_DATE_SQ":"2020-12-31 00:00:00","REPORT_TYPE_SQ":"2020年年报","OPERATE_INCOME_SQ":135352755000,"DPS_HKD":null,"OPERATE_INCOME_QOQ_SQ":13.260564880653,"NET_PROFIT_RATIO_SQ":14.3790689743,"HOLDER_PROFIT_SQ":12627679000,"HOLDER_PROFIT_QOQ_SQ":14.19355848038,"ROE_AVG_SQ":16.372266840168,"PE_TTM_SQ":-0.084271079289,"PB_TTM_SQ":0.0814805477,"ROA_SQ":2.379870546998,"START_DATE":"2021-01-01 00:00:00","FISCAL_YEAR":"12-31","CURRENCY":"HKD","IS_CNY_CODE":0,"DPS_HKD_LY":0.9,"ORG_TYPE":"一般企业","PREMIUM_INCOME":null,"PREMIUM_INCOME_YOY":null,"NET_INTEREST_INCOME":null,"NET_INTEREST_INCOME_YOY":null,"FEE_COMMISSION_INCOME":null,"FEE_COMMISSION_INCOME_YOY":null,"ACCOUNTS_RECE_TDAYS":4.778726247455,"INVENTORY_TDAYS":0.325291779791,"CURRENT_ASSETS_TDAYS":0.228035894796,"TOTAL_ASSETS_TDAYS":0.17702776207,"PREMIUM_EXPENSE":null,"LOAN_DEPOSIT":null,"LOAN_EQUITY":null,"LOAN_ASSETS":null,"DEPOSIT_EQUITY":null,"DEPOSIT_ASSETS":null,"EQUITY_MULTIPLIER":5.509700136612,"EQUITY_RATIO":8.89177709963},{"SECUCODE":"00813.HK","SECURITY_CODE":"00813","SECURITY_NAME_ABBR":"世茂集团","ORG_CODE":"10095390","STD_REPORT_DATE":"2021-06-30 00:00:00","REPORT_DATE":"2021-06-30 00:00:00","DATE_TYPE_CODE":"002","REPORT_TYPE":"2021年中报","PER_NETCASH_OPERATE":2.39979056615,"PER_OI":20.748318573575,"BPS":23.860055598122,"BASIC_EPS":1.78,"DILUTED_EPS":1.778,"OPERATE_INCOME":73401274000,"OPERATE_INCOME_YOY":13.7074808402,"GROSS_PROFIT":21013143000,"GROSS_PROFIT_YOY":7.69481466296,"HOLDER_PROFIT":6282755000,"HOLDER_PROFIT_YOY":19.3176390557,"GROSS_PROFIT_RATIO":28.627763327378,"EPS_TTM":3.856989790351,"OPERATE_INCOME_QOQ":6.537400734843,"NET_PROFIT_RATIO":12.9123780604,"ROE_AVG":7.034829643104,"GROSS_PROFIT_QOQ":3.784967086338,"ROA":1.033075172475,"HOLDER_PROFIT_QOQ":8.05519367415,"ROE_YEARLY":14.069659286209,"ROIC_YEARLY":2.663021063563,"TOTAL_ASSETS":626567824000,"TOTAL_LIABILITIES":463633175000,"TAX_EBT":42.116097476129,"OCF_SALES":11.566192979157,"TOTAL_PARENT_EQUITY":90616480000,"DEBT_ASSET_RATIO":73.995688454,"OPERATE_PROFIT":15828356000,"PRETAX_PROFIT":16373896000,"NETCASH_OPERATE":8489733000,"NETCASH_INVEST":-10871125000,"NETCASH_FINANCE":16155000000,"END_CASH":74768698000,"DIVI_RATIO":null,"DIVIDEND_RATE":null,"CURRENT_RATIO":1.45370526937,"COMMON_ACS":25000000000,"CURRENTDEBT_DEBT":72.130626976812,"ISSUED_COMMON_SHARES":3797831888,"HK_COMMON_SHARES":3797831888,"PER_SHARES":500,"TOTAL_MARKET_CAP":3304113742.56,"HKSK_MARKET_CAP":3304113742.56,"PE_TTM":-0.094498948554,"PB_TTM":-0.388874908434,"REPORT_DATE_SQ":"2020-06-30 00:00:00","REPORT_TYPE_SQ":"2020年中报","OPERATE_INCOME_SQ":64552722000,"DPS_HKD":null,"OPERATE_INCOME_QOQ_SQ":7.16361932359,"NET_PROFIT_RATIO_SQ":12.3961418699,"HOLDER_PROFIT_SQ":5265571000,"HOLDER_PROFIT_QOQ_SQ":1.473131698723,"ROE_AVG_SQ":7.43799822386,"PE_TTM_SQ":-0.084271079289,"PB_TTM_SQ":0.0814805477,"ROA_SQ":1.034940119542,"START_DATE":"2021-01-01 00:00:00","FISCAL_YEAR":"12-31","CURRENCY":"HKD","IS_CNY_CODE":0,"DPS_HKD_LY":0.9,"ORG_TYPE":"一般企业","PREMIUM_INCOME":null,"PREMIUM_INCOME_YOY":null,"NET_INTEREST_INCOME":null,"NET_INTEREST_INCOME_YOY":null,"FEE_COMMISSION_INCOME":null,"FEE_COMMISSION_INCOME_YOY":null,"ACCOUNTS_RECE_TDAYS":3.265015798354,"INVENTORY_TDAYS":0.164803177672,"CURRENT_ASSETS_TDAYS":0.15588954573,"TOTAL_ASSETS_TDAYS":0.120693921373,"PREMIUM_EXPENSE":null,"LOAN_DEPOSIT":null,"LOAN_EQUITY":null,"LOAN_ASSETS":null,"DEPOSIT_EQUITY":null,"DEPOSIT_ASSETS":null,"EQUITY_MULTIPLIER":3.84551614924,"EQUITY_RATIO":5.116433291163},{"SECUCODE":"00813.HK","SECURITY_CODE":"00813","SECURITY_NAME_ABBR":"世茂集团","ORG_CODE":"10095390","STD_REPORT_DATE":"2020-12-31 00:00:00","REPORT_DATE":"2020-12-31 00:00:00","DATE_TYPE_CODE":"001","REPORT_TYPE":"2020年年报","PER_NETCASH_OPERATE":1.933933319517,"PER_OI":38.260127209114,"BPS":23.171657565481,"BASIC_EPS":3.615,"DILUTED_EPS":3.611,"OPERATE_INCOME":135352755000,"OPERATE_INCOME_YOY":21.3741205925,"GROSS_PROFIT":39667267000,"GROSS_PROFIT_YOY":16.22215976922,"HOLDER_PROFIT":12627679000,"HOLDER_PROFIT_YOY":15.8757799883,"GROSS_PROFIT_RATIO":29.306582640302,"EPS_TTM":3.569462659965,"OPERATE_INCOME_QOQ":13.260564880653,"NET_PROFIT_RATIO":14.3790689743,"ROE_AVG":16.372266840168,"GROSS_PROFIT_QOQ":8.31427645297,"ROA":2.379870546998,"HOLDER_PROFIT_QOQ":14.19355848038,"ROE_YEARLY":16.372266840168,"ROIC_YEARLY":3.032329146055,"TOTAL_ASSETS":589753150000,"TOTAL_LIABILITIES":437258398000,"TAX_EBT":42.061485277891,"OCF_SALES":5.054696522431,"TOTAL_PARENT_EQUITY":88002060000,"DEBT_ASSET_RATIO":74.1426133968,"OPERATE_PROFIT":30192667000,"PRETAX_PROFIT":33591586000,"NETCASH_OPERATE":6841671000,"NETCASH_INVEST":-23245016000,"NETCASH_FINANCE":25299345000,"END_CASH":61038027000,"DIVI_RATIO":null,"DIVIDEND_RATE":null,"CURRENT_RATIO":1.42319201262,"COMMON_ACS":25000000000,"CURRENTDEBT_DEBT":73.20528284056,"ISSUED_COMMON_SHARES":3797831888,"HK_COMMON_SHARES":3797831888,"PER_SHARES":500,"TOTAL_MARKET_CAP":3304113742.56,"HKSK_MARKET_CAP":3304113742.56,"PE_TTM":-0.094498948554,"PB_TTM":-0.388874908434,"REPORT_DATE_SQ":"2019-12-31 00:00:00","REPORT_TYPE_SQ":"2019年年报","OPERATE_INCOME_SQ":111516981000,"DPS_HKD":null,"OPERATE_INCOME_QOQ_SQ":12.070779879482,"NET_PROFIT_RATIO_SQ":14.6883145985,"HOLDER_PROFIT_SQ":10897600000,"HOLDER_PROFIT_QOQ_SQ":12.705177647482,"ROE_AVG_SQ":17.36820349964,"PE_TTM_SQ":-0.084271079289,"PB_TTM_SQ":0.0814805477,"ROA_SQ":2.567007412387,"START_DATE":"2020-01-01 00:00:00","FISCAL_YEAR":"12-31","CURRENCY":"HKD","IS_CNY_CODE":0,"DPS_HKD_LY":0.95,"ORG_TYPE":"一般企业","PREMIUM_INCOME":null,"PREMIUM_INCOME_YOY":null,"NET_INTEREST_INCOME":null,"NET_INTEREST_INCOME_YOY":null,"FEE_COMMISSION_INCOME":null,"FEE_COMMISSION_INCOME_YOY":null,"ACCOUNTS_RECE_TDAYS":6.747352509416,"INVENTORY_TDAYS":0.349054821291,"CURRENT_ASSETS_TDAYS":0.334417249365,"TOTAL_ASSETS_TDAYS":0.255092036375,"PREMIUM_EXPENSE":null,"LOAN_DEPOSIT":null,"LOAN_EQUITY":null,"LOAN_ASSETS":null,"DEPOSIT_EQUITY":null,"DEPOSIT_ASSETS":null,"EQUITY_MULTIPLIER":3.86736685863,"EQUITY_RATIO":4.968729118387},{"SECUCODE":"00813.HK","SECURITY_CODE":"00813","SECURITY_NAME_ABBR":"世茂集团","ORG_CODE":"10095390","STD_REPORT_DATE":"2020-06-30 00:00:00","REPORT_DATE":"2020-06-30 00:00:00","DATE_TYPE_CODE":"002","REPORT_TYPE":"2020年中报","PER_NETCASH_OPERATE":-0.550739858291,"PER_OI":18.247100736255,"BPS":19.835217361259,"BASIC_EPS":1.5258,"DILUTED_EPS":1.5234,"OPERATE_INCOME":64552722000,"OPERATE_INCOME_YOY":14.1231916303,"GROSS_PROFIT":19511750000,"GROSS_PROFIT_YOY":14.640647904224,"HOLDER_PROFIT":5265571000,"HOLDER_PROFIT_YOY":3.1446601248,"GROSS_PROFIT_RATIO":30.226068545955,"EPS_TTM":3.125800358151,"OPERATE_INCOME_QOQ":7.16361932359,"NET_PROFIT_RATIO":12.3961418699,"ROE_AVG":7.43799822386,"GROSS_PROFIT_QOQ":7.300868893016,"ROA":1.034940119542,"HOLDER_PROFIT_QOQ":1.473131698723,"ROE_YEARLY":14.87599644772,"ROIC_YEARLY":2.646074183779,"TOTAL_ASSETS":546106447000,"TOTAL_LIABILITIES":414311613000,"TAX_EBT":46.52053710923,"OCF_SALES":-3.018232135897,"TOTAL_PARENT_EQUITY":75330821000,"DEBT_ASSET_RATIO":75.8664570389,"OPERATE_PROFIT":15622609000,"PRETAX_PROFIT":14962841000,"NETCASH_OPERATE":-1948351000,"NETCASH_INVEST":-1649034000,"NETCASH_FINANCE":13524953000,"END_CASH":62307575000,"DIVI_RATIO":null,"DIVIDEND_RATE":null,"CURRENT_RATIO":1.396010620584,"COMMON_ACS":25000000000,"CURRENTDEBT_DEBT":73.088069824391,"ISSUED_COMMON_SHARES":3797831888,"HK_COMMON_SHARES":3797831888,"PER_SHARES":500,"TOTAL_MARKET_CAP":3304113742.56,"HKSK_MARKET_CAP":3304113742.56,"PE_TTM":-0.094498948554,"PB_TTM":-0.388874908434,"REPORT_DATE_SQ":"2019-06-30 00:00:00","REPORT_TYPE_SQ":"2019年中报","OPERATE_INCOME_SQ":56564070000,"DPS_HKD":null,"OPERATE_INCOME_QOQ_SQ":16.363820047136,"NET_PROFIT_RATIO_SQ":13.3816130982,"HOLDER_PROFIT_SQ":5105035000,"HOLDER_PROFIT_QOQ_SQ":9.443699284307,"ROE_AVG_SQ":8.408118893115,"PE_TTM_SQ":-0.084271079289,"PB_TTM_SQ":0.0814805477,"ROA_SQ":1.286658761301,"START_DATE":"2020-01-01 00:00:00","FISCAL_YEAR":"12-31","CURRENCY":"HKD","IS_CNY_CODE":0,"DPS_HKD_LY":0.95,"ORG_TYPE":"一般企业","PREMIUM_INCOME":null,"PREMIUM_INCOME_YOY":null,"NET_INTEREST_INCOME":null,"NET_INTEREST_INCOME_YOY":null,"FEE_COMMISSION_INCOME":null,"FEE_COMMISSION_INCOME_YOY":null,"ACCOUNTS_RECE_TDAYS":3.23075709212,"INVENTORY_TDAYS":0.176829526437,"CURRENT_ASSETS_TDAYS":0.166232652286,"TOTAL_ASSETS_TDAYS":0.12687741144,"PREMIUM_EXPENSE":null,"LOAN_DEPOSIT":null,"LOAN_EQUITY":null,"LOAN_ASSETS":null,"DEPOSIT_EQUITY":null,"DEPOSIT_ASSETS":null,"EQUITY_MULTIPLIER":4.143610416472,"EQUITY_RATIO":5.499895096059}],"count":41},"success":true,"message":"ok","code":0}