{"version":"768aff78a95c07a4e61d6d9b96a0e75a","result":{"pages":7,"data":[{"SECUCODE":"00811.HK","SECURITY_CODE":"00811","SECURITY_NAME_ABBR":"新华文轩","ORG_CODE":"10078324","STD_REPORT_DATE":"2024-09-30 00:00:00","REPORT_DATE":"2024-09-30 00:00:00","DATE_TYPE_CODE":"004","REPORT_TYPE":"2024年三季报","PER_NETCASH_OPERATE":0.624902649863,"PER_OI":6.838582070437,"BPS":11.215670994545,"BASIC_EPS":0.72,"DILUTED_EPS":0.72,"OPERATE_INCOME":8437722940.37,"OPERATE_INCOME_YOY":5.6074063158,"GROSS_PROFIT":3014599989.74,"GROSS_PROFIT_YOY":4.896029933293,"HOLDER_PROFIT":891181597.6,"HOLDER_PROFIT_YOY":-5.2408938414,"GROSS_PROFIT_RATIO":35.727648454973,"EPS_TTM":1.23991416672,"OPERATE_INCOME_QOQ":0.717543939813,"NET_PROFIT_RATIO":11.0720537846,"ROE_AVG":6.62359483835,"GROSS_PROFIT_QOQ":0.485653219425,"ROA":3.928842254926,"HOLDER_PROFIT_QOQ":-0.190389660954,"ROE_YEARLY":8.831459784466,"ROIC_YEARLY":6.596061987525,"TOTAL_ASSETS":23578554162.35,"TOTAL_LIABILITIES":9354503365.29,"TAX_EBT":12.468063045037,"OCF_SALES":9.137897935959,"TOTAL_PARENT_EQUITY":13838354715.58,"DEBT_ASSET_RATIO":39.6737785569,"OPERATE_PROFIT":936847482.62,"PRETAX_PROFIT":1067300981.39,"NETCASH_OPERATE":771030510.41,"NETCASH_INVEST":-622231215.52,"NETCASH_FINANCE":-828560746.87,"END_CASH":8398581372.81,"DIVI_RATIO":0.475106979428,"DIVIDEND_RATE":6.050046641791,"CURRENT_RATIO":1.62715584942,"COMMON_ACS":null,"CURRENTDEBT_DEBT":94.831212239507,"ISSUED_COMMON_SHARES":1233841000,"HK_COMMON_SHARES":441937100,"PER_SHARES":1000,"TOTAL_MARKET_CAP":13226775520,"HKSK_MARKET_CAP":4737565712,"PE_TTM":7.753506045867,"PB_TTM":0.861935840014,"REPORT_DATE_SQ":"2023-09-30 00:00:00","REPORT_TYPE_SQ":"2023年三季报","OPERATE_INCOME_SQ":7989707573.29,"DPS_HKD":0.648565,"OPERATE_INCOME_QOQ_SQ":1.849755388331,"NET_PROFIT_RATIO_SQ":12.2583159487,"HOLDER_PROFIT_SQ":940470666.86,"HOLDER_PROFIT_QOQ_SQ":8.584797318036,"ROE_AVG_SQ":7.337970668328,"PE_TTM_SQ":4.965431573231,"PB_TTM_SQ":0.601294658005,"ROA_SQ":4.346484279362,"START_DATE":"2024-01-01 00:00:00","FISCAL_YEAR":"12-31","CURRENCY":"HKD","IS_CNY_CODE":0,"DPS_HKD_LY":0.648565,"ORG_TYPE":"一般企业","PREMIUM_INCOME":null,"PREMIUM_INCOME_YOY":null,"NET_INTEREST_INCOME":null,"NET_INTEREST_INCOME_YOY":null,"FEE_COMMISSION_INCOME":null,"FEE_COMMISSION_INCOME_YOY":null,"ACCOUNTS_RECE_TDAYS":4.361380767478,"INVENTORY_TDAYS":1.887251834009,"CURRENT_ASSETS_TDAYS":0.593305107806,"TOTAL_ASSETS_TDAYS":0.371983471301,"PREMIUM_EXPENSE":null,"LOAN_DEPOSIT":null,"LOAN_EQUITY":null,"LOAN_ASSETS":null,"DEPOSIT_EQUITY":null,"DEPOSIT_ASSETS":null,"EQUITY_MULTIPLIER":1.657653962205,"EQUITY_RATIO":0.675983782578},{"SECUCODE":"00811.HK","SECURITY_CODE":"00811","SECURITY_NAME_ABBR":"新华文轩","ORG_CODE":"10078324","STD_REPORT_DATE":"2024-06-30 00:00:00","REPORT_DATE":"2024-06-30 00:00:00","DATE_TYPE_CODE":"002","REPORT_TYPE":"2024年中报","PER_NETCASH_OPERATE":0.307849517969,"PER_OI":4.690893134294,"BPS":10.988480905797,"BASIC_EPS":0.58,"DILUTED_EPS":0.58,"OPERATE_INCOME":5787816275.71,"OPERATE_INCOME_YOY":6.6377795667,"GROSS_PROFIT":2225774039.61,"GROSS_PROFIT_YOY":5.608536906851,"HOLDER_PROFIT":715785632.02,"HOLDER_PROFIT_YOY":-6.0841607306,"GROSS_PROFIT_RATIO":38.456197183574,"EPS_TTM":1.24227933814,"OPERATE_INCOME_QOQ":1.642389474549,"NET_PROFIT_RATIO":12.9988332886,"ROE_AVG":5.375988563201,"GROSS_PROFIT_QOQ":0.412530910773,"ROA":3.27741331606,"HOLDER_PROFIT_QOQ":-3.343901505089,"ROE_YEARLY":10.751977126403,"ROIC_YEARLY":11.18629659217,"TOTAL_ASSETS":21892348982.94,"TOTAL_LIABILITIES":7954539729.18,"TAX_EBT":11.307804324777,"OCF_SALES":6.562705846315,"TOTAL_PARENT_EQUITY":13558038269.29,"DEBT_ASSET_RATIO":36.3347931982,"OPERATE_PROFIT":763134583.55,"PRETAX_PROFIT":848269211.29,"NETCASH_OPERATE":379837357.1,"NETCASH_INVEST":-734143481.92,"NETCASH_FINANCE":-579171553.35,"END_CASH":8144865146.62,"DIVI_RATIO":0.620206485784,"DIVIDEND_RATE":7.893880597015,"CURRENT_RATIO":1.740353650434,"COMMON_ACS":null,"CURRENTDEBT_DEBT":93.638599871672,"ISSUED_COMMON_SHARES":1233841000,"HK_COMMON_SHARES":441937100,"PER_SHARES":1000,"TOTAL_MARKET_CAP":13226775520,"HKSK_MARKET_CAP":4737565712,"PE_TTM":7.753506045867,"PB_TTM":0.861935840014,"REPORT_DATE_SQ":"2023-06-30 00:00:00","REPORT_TYPE_SQ":"2023年中报","OPERATE_INCOME_SQ":5427547628.27,"DPS_HKD":0.846224,"OPERATE_INCOME_QOQ_SQ":3.110966781872,"NET_PROFIT_RATIO_SQ":14.535320495,"HOLDER_PROFIT_SQ":762156455.81,"HOLDER_PROFIT_QOQ_SQ":0.973677374077,"ROE_AVG_SQ":5.955220282593,"PE_TTM_SQ":4.844496993368,"PB_TTM_SQ":0.586649945704,"ROA_SQ":3.669977632492,"START_DATE":"2024-01-01 00:00:00","FISCAL_YEAR":"12-31","CURRENCY":"HKD","IS_CNY_CODE":0,"DPS_HKD_LY":0.648565,"ORG_TYPE":"一般企业","PREMIUM_INCOME":null,"PREMIUM_INCOME_YOY":null,"NET_INTEREST_INCOME":null,"NET_INTEREST_INCOME_YOY":null,"FEE_COMMISSION_INCOME":null,"FEE_COMMISSION_INCOME_YOY":null,"ACCOUNTS_RECE_TDAYS":3.577353742413,"INVENTORY_TDAYS":1.426572534381,"CURRENT_ASSETS_TDAYS":0.429177090767,"TOTAL_ASSETS_TDAYS":0.26501043447,"PREMIUM_EXPENSE":null,"LOAN_DEPOSIT":null,"LOAN_EQUITY":null,"LOAN_ASSETS":null,"DEPOSIT_EQUITY":null,"DEPOSIT_ASSETS":null,"EQUITY_MULTIPLIER":1.570716644514,"EQUITY_RATIO":0.586702852668},{"SECUCODE":"00811.HK","SECURITY_CODE":"00811","SECURITY_NAME_ABBR":"新华文轩","ORG_CODE":"10078324","STD_REPORT_DATE":"2024-03-31 00:00:00","REPORT_DATE":"2024-03-31 00:00:00","DATE_TYPE_CODE":"003","REPORT_TYPE":"2024年一季报","PER_NETCASH_OPERATE":0.105865612522,"PER_OI":2.004991903649,"BPS":10.947301807583,"BASIC_EPS":0.17,"DILUTED_EPS":null,"OPERATE_INCOME":2473841215.39,"OPERATE_INCOME_YOY":7.0384288724,"GROSS_PROFIT":845885784.94,"GROSS_PROFIT_YOY":13.280472563054,"HOLDER_PROFIT":206287043.02,"HOLDER_PROFIT_YOY":3.3345970587,"GROSS_PROFIT_RATIO":34.193212550493,"EPS_TTM":1.285257068601,"OPERATE_INCOME_QOQ":1.3706050807,"NET_PROFIT_RATIO":8.5715087141,"ROE_AVG":1.552303874144,"GROSS_PROFIT_QOQ":2.196252746873,"ROA":0.926880412263,"HOLDER_PROFIT_QOQ":0.42154823686,"ROE_YEARLY":6.209215496575,"ROIC_YEARLY":6.416535487179,"TOTAL_ASSETS":22724552814.73,"TOTAL_LIABILITIES":8868356505.07,"TAX_EBT":13.703226422659,"OCF_SALES":5.280101746522,"TOTAL_PARENT_EQUITY":13507229809.57,"DEBT_ASSET_RATIO":39.0254390367,"OPERATE_PROFIT":197716163.7,"PRETAX_PROFIT":245716620.17,"NETCASH_OPERATE":130621333.22,"NETCASH_INVEST":-18905376.26,"NETCASH_FINANCE":-244027133.85,"END_CASH":8945636771.29,"DIVI_RATIO":0.599467391771,"DIVIDEND_RATE":7.893880597015,"CURRENT_RATIO":1.761243193544,"COMMON_ACS":null,"CURRENTDEBT_DEBT":94.338975710517,"ISSUED_COMMON_SHARES":1233841000,"HK_COMMON_SHARES":441937100,"PER_SHARES":1000,"TOTAL_MARKET_CAP":13226775520,"HKSK_MARKET_CAP":4737565712,"PE_TTM":7.753506045867,"PB_TTM":0.861935840014,"REPORT_DATE_SQ":"2023-03-31 00:00:00","REPORT_TYPE_SQ":"2023年一季报","OPERATE_INCOME_SQ":2311171082.62,"DPS_HKD":0.846224,"OPERATE_INCOME_QOQ_SQ":0.955645813658,"NET_PROFIT_RATIO_SQ":8.852712154,"HOLDER_PROFIT_SQ":199630180.88,"HOLDER_PROFIT_QOQ_SQ":2.181303614367,"ROE_AVG_SQ":1.585458725524,"PE_TTM_SQ":4.844496993368,"PB_TTM_SQ":0.586649945704,"ROA_SQ":0.947006414961,"START_DATE":"2024-01-01 00:00:00","FISCAL_YEAR":"12-31","CURRENCY":"HKD","IS_CNY_CODE":0,"DPS_HKD_LY":0.648565,"ORG_TYPE":"一般企业","PREMIUM_INCOME":null,"PREMIUM_INCOME_YOY":null,"NET_INTEREST_INCOME":null,"NET_INTEREST_INCOME_YOY":null,"FEE_COMMISSION_INCOME":null,"FEE_COMMISSION_INCOME_YOY":null,"ACCOUNTS_RECE_TDAYS":1.396468181893,"INVENTORY_TDAYS":0.584386988655,"CURRENT_ASSETS_TDAYS":0.172130706268,"TOTAL_ASSETS_TDAYS":0.111153610621,"PREMIUM_EXPENSE":null,"LOAN_DEPOSIT":null,"LOAN_EQUITY":null,"LOAN_ASSETS":null,"DEPOSIT_EQUITY":null,"DEPOSIT_ASSETS":null,"EQUITY_MULTIPLIER":1.640028208816,"EQUITY_RATIO":0.656563679607},{"SECUCODE":"00811.HK","SECURITY_CODE":"00811","SECURITY_NAME_ABBR":"新华文轩","ORG_CODE":"10078324","STD_REPORT_DATE":"2023-12-31 00:00:00","REPORT_DATE":"2023-12-31 00:00:00","DATE_TYPE_CODE":"001","REPORT_TYPE":"2023年年报","PER_NETCASH_OPERATE":1.907075718281,"PER_OI":9.619140898373,"BPS":10.593705463954,"BASIC_EPS":1.28,"DILUTED_EPS":null,"OPERATE_INCOME":11868490425.19,"OPERATE_INCOME_YOY":8.583366645,"GROSS_PROFIT":4515313260.79,"GROSS_PROFIT_YOY":12.401162740701,"HOLDER_PROFIT":1579146004.64,"HOLDER_PROFIT_YOY":13.0648285679,"GROSS_PROFIT_RATIO":38.044545675384,"EPS_TTM":1.279861833607,"OPERATE_INCOME_QOQ":2.416007678151,"NET_PROFIT_RATIO":13.7199445504,"ROE_AVG":12.355936618513,"GROSS_PROFIT_QOQ":3.857357488381,"ROA":7.441965316757,"HOLDER_PROFIT_QOQ":0.920383299564,"ROE_YEARLY":12.355936618513,"ROIC_YEARLY":12.631033575672,"TOTAL_ASSETS":21787563374.32,"TOTAL_LIABILITIES":8373407203.21,"TAX_EBT":-4.169614194718,"OCF_SALES":19.825842436759,"TOTAL_PARENT_EQUITY":13070948143.35,"DEBT_ASSET_RATIO":38.4320497862,"OPERATE_PROFIT":1333916693.37,"PRETAX_PROFIT":1563172061.16,"NETCASH_OPERATE":2353028211.32,"NETCASH_INVEST":-460950815.99,"NETCASH_FINANCE":-575819199.82,"END_CASH":9078342824.79,"DIVI_RATIO":0.601994435992,"DIVIDEND_RATE":7.893880597015,"CURRENT_RATIO":1.77906037527,"COMMON_ACS":null,"CURRENTDEBT_DEBT":94.037894744464,"ISSUED_COMMON_SHARES":1233841000,"HK_COMMON_SHARES":441937100,"PER_SHARES":1000,"TOTAL_MARKET_CAP":13226775520,"HKSK_MARKET_CAP":4737565712,"PE_TTM":7.753506045867,"PB_TTM":0.861935840014,"REPORT_DATE_SQ":"2022-12-31 00:00:00","REPORT_TYPE_SQ":"2022年年报","OPERATE_INCOME_SQ":10930302487.3,"DPS_HKD":0.846224,"OPERATE_INCOME_QOQ_SQ":1.834051984064,"NET_PROFIT_RATIO_SQ":12.7282399533,"HOLDER_PROFIT_SQ":1396673063.27,"HOLDER_PROFIT_QOQ_SQ":1.881330451297,"ROE_AVG_SQ":11.780534674853,"PE_TTM_SQ":4.844496993368,"PB_TTM_SQ":0.586649945704,"ROA_SQ":7.085155378966,"START_DATE":"2023-01-01 00:00:00","FISCAL_YEAR":"12-31","CURRENCY":"HKD","IS_CNY_CODE":0,"DPS_HKD_LY":0.58255,"ORG_TYPE":"一般企业","PREMIUM_INCOME":null,"PREMIUM_INCOME_YOY":null,"NET_INTEREST_INCOME":null,"NET_INTEREST_INCOME_YOY":null,"FEE_COMMISSION_INCOME":null,"FEE_COMMISSION_INCOME_YOY":null,"ACCOUNTS_RECE_TDAYS":7.430206745476,"INVENTORY_TDAYS":2.820545848909,"CURRENT_ASSETS_TDAYS":0.887071991818,"TOTAL_ASSETS_TDAYS":0.559320631829,"PREMIUM_EXPENSE":null,"LOAN_DEPOSIT":null,"LOAN_EQUITY":null,"LOAN_ASSETS":null,"DEPOSIT_EQUITY":null,"DEPOSIT_ASSETS":null,"EQUITY_MULTIPLIER":1.624221687627,"EQUITY_RATIO":0.640612074302},{"SECUCODE":"00811.HK","SECURITY_CODE":"00811","SECURITY_NAME_ABBR":"新华文轩","ORG_CODE":"10078324","STD_REPORT_DATE":"2023-09-30 00:00:00","REPORT_DATE":"2023-09-30 00:00:00","DATE_TYPE_CODE":"004","REPORT_TYPE":"2023年三季报","PER_NETCASH_OPERATE":0.932533477887,"PER_OI":6.475475829779,"BPS":10.652110932179,"BASIC_EPS":0.76,"DILUTED_EPS":0.76,"OPERATE_INCOME":7989707573.29,"OPERATE_INCOME_YOY":8.9778178232,"GROSS_PROFIT":2873893312.89,"GROSS_PROFIT_YOY":12.993088344111,"HOLDER_PROFIT":940470666.86,"HOLDER_PROFIT_YOY":21.7596365127,"GROSS_PROFIT_RATIO":35.969943662238,"EPS_TTM":1.268189628064,"OPERATE_INCOME_QOQ":1.849755388331,"NET_PROFIT_RATIO":12.2583159487,"ROE_AVG":7.337970668328,"GROSS_PROFIT_QOQ":2.81931227603,"ROA":4.346484279362,"HOLDER_PROFIT_QOQ":8.584797318036,"ROE_YEARLY":9.783960891104,"ROIC_YEARLY":7.000073178661,"TOTAL_ASSETS":22623618464.5,"TOTAL_LIABILITIES":9270189748.42,"TAX_EBT":1.117359475651,"OCF_SALES":14.401003144802,"TOTAL_PARENT_EQUITY":13143011204.67,"DEBT_ASSET_RATIO":40.9757164309,"OPERATE_PROFIT":863143763.35,"PRETAX_PROFIT":990470716.11,"NETCASH_OPERATE":1150598038.89,"NETCASH_INVEST":-222302088.72,"NETCASH_FINANCE":-507155710.15,"END_CASH":8183224869.3,"DIVI_RATIO":0.607535092245,"DIVIDEND_RATE":7.893880597015,"CURRENT_RATIO":1.654333374392,"COMMON_ACS":null,"CURRENTDEBT_DEBT":96.141840723584,"ISSUED_COMMON_SHARES":1233841000,"HK_COMMON_SHARES":441937100,"PER_SHARES":1000,"TOTAL_MARKET_CAP":13226775520,"HKSK_MARKET_CAP":4737565712,"PE_TTM":7.753506045867,"PB_TTM":0.861935840014,"REPORT_DATE_SQ":"2022-09-30 00:00:00","REPORT_TYPE_SQ":"2022年三季报","OPERATE_INCOME_SQ":7331498953.53,"DPS_HKD":0.846224,"OPERATE_INCOME_QOQ_SQ":-0.418815759483,"NET_PROFIT_RATIO_SQ":10.5144397368,"HOLDER_PROFIT_SQ":772399371.25,"HOLDER_PROFIT_QOQ_SQ":-3.515204987022,"ROE_AVG_SQ":6.69113474873,"PE_TTM_SQ":4.844496993368,"PB_TTM_SQ":0.586649945704,"ROA_SQ":3.941768387863,"START_DATE":"2023-01-01 00:00:00","FISCAL_YEAR":"12-31","CURRENCY":"HKD","IS_CNY_CODE":0,"DPS_HKD_LY":0.58255,"ORG_TYPE":"一般企业","PREMIUM_INCOME":null,"PREMIUM_INCOME_YOY":null,"NET_INTEREST_INCOME":null,"NET_INTEREST_INCOME_YOY":null,"FEE_COMMISSION_INCOME":null,"FEE_COMMISSION_INCOME_YOY":null,"ACCOUNTS_RECE_TDAYS":3.795760860394,"INVENTORY_TDAYS":1.774239153964,"CURRENT_ASSETS_TDAYS":0.58118668153,"TOTAL_ASSETS_TDAYS":0.369252753836,"PREMIUM_EXPENSE":null,"LOAN_DEPOSIT":null,"LOAN_EQUITY":null,"LOAN_ASSETS":null,"DEPOSIT_EQUITY":null,"DEPOSIT_ASSETS":null,"EQUITY_MULTIPLIER":1.694217937994,"EQUITY_RATIO":0.705332256365},{"SECUCODE":"00811.HK","SECURITY_CODE":"00811","SECURITY_NAME_ABBR":"新华文轩","ORG_CODE":"10078324","STD_REPORT_DATE":"2023-06-30 00:00:00","REPORT_DATE":"2023-06-30 00:00:00","DATE_TYPE_CODE":"002","REPORT_TYPE":"2023年中报","PER_NETCASH_OPERATE":0.471821718884,"PER_OI":4.398903609355,"BPS":10.622331313573,"BASIC_EPS":0.62,"DILUTED_EPS":0.62,"OPERATE_INCOME":5427547628.27,"OPERATE_INCOME_YOY":8.9911676535,"GROSS_PROFIT":2107570187.79,"GROSS_PROFIT_YOY":11.140439687748,"HOLDER_PROFIT":762156455.81,"HOLDER_PROFIT_YOY":6.18023308,"GROSS_PROFIT_RATIO":38.830984675519,"EPS_TTM":1.167925583864,"OPERATE_INCOME_QOQ":3.110966781872,"NET_PROFIT_RATIO":14.535320495,"ROE_AVG":5.955220282593,"GROSS_PROFIT_QOQ":4.415173647706,"ROA":3.669977632492,"HOLDER_PROFIT_QOQ":0.973677374077,"ROE_YEARLY":11.910440565186,"ROIC_YEARLY":12.009743906885,"TOTAL_ASSETS":20883277342.26,"TOTAL_LIABILITIES":7578200528.58,"TAX_EBT":1.57279826898,"OCF_SALES":10.72589355859,"TOTAL_PARENT_EQUITY":13106267890.27,"DEBT_ASSET_RATIO":36.2883679816,"OPERATE_PROFIT":728025749.56,"PRETAX_PROFIT":801517699.29,"NETCASH_OPERATE":582152981.45,"NETCASH_INVEST":-92831524.9,"NETCASH_FINANCE":-309670069.47,"END_CASH":7941736016.36,"DIVI_RATIO":0.65969074855,"DIVIDEND_RATE":7.893880597015,"CURRENT_RATIO":1.80844062041,"COMMON_ACS":null,"CURRENTDEBT_DEBT":94.503148692635,"ISSUED_COMMON_SHARES":1233841000,"HK_COMMON_SHARES":441937100,"PER_SHARES":1000,"TOTAL_MARKET_CAP":13226775520,"HKSK_MARKET_CAP":4737565712,"PE_TTM":7.753506045867,"PB_TTM":0.861935840014,"REPORT_DATE_SQ":"2022-06-30 00:00:00","REPORT_TYPE_SQ":"2022年中报","OPERATE_INCOME_SQ":4979805010.92,"DPS_HKD":0.846224,"OPERATE_INCOME_QOQ_SQ":0.604697579338,"NET_PROFIT_RATIO_SQ":14.35655938,"HOLDER_PROFIT_SQ":717795048.76,"HOLDER_PROFIT_QOQ_SQ":7.745804581284,"ROE_AVG_SQ":6.217972710513,"PE_TTM_SQ":4.844496993368,"PB_TTM_SQ":0.586649945704,"ROA_SQ":3.813862309916,"START_DATE":"2023-01-01 00:00:00","FISCAL_YEAR":"12-31","CURRENCY":"HKD","IS_CNY_CODE":0,"DPS_HKD_LY":0.58255,"ORG_TYPE":"一般企业","PREMIUM_INCOME":null,"PREMIUM_INCOME_YOY":null,"NET_INTEREST_INCOME":null,"NET_INTEREST_INCOME_YOY":null,"FEE_COMMISSION_INCOME":null,"FEE_COMMISSION_INCOME_YOY":null,"ACCOUNTS_RECE_TDAYS":3.152291980248,"INVENTORY_TDAYS":1.35725817811,"CURRENT_ASSETS_TDAYS":0.422351582257,"TOTAL_ASSETS_TDAYS":0.261350254835,"PREMIUM_EXPENSE":null,"LOAN_DEPOSIT":null,"LOAN_EQUITY":null,"LOAN_ASSETS":null,"DEPOSIT_EQUITY":null,"DEPOSIT_ASSETS":null,"EQUITY_MULTIPLIER":1.569572099034,"EQUITY_RATIO":0.578211935848},{"SECUCODE":"00811.HK","SECURITY_CODE":"00811","SECURITY_NAME_ABBR":"新华文轩","ORG_CODE":"10078324","STD_REPORT_DATE":"2023-03-31 00:00:00","REPORT_DATE":"2023-03-31 00:00:00","DATE_TYPE_CODE":"003","REPORT_TYPE":"2023年一季报","PER_NETCASH_OPERATE":0.141395078815,"PER_OI":1.873151469776,"BPS":10.287111942066,"BASIC_EPS":0.16,"DILUTED_EPS":null,"OPERATE_INCOME":2311171082.62,"OPERATE_INCOME_YOY":4.7335032326,"GROSS_PROFIT":746718093.42,"GROSS_PROFIT_YOY":4.544666189242,"HOLDER_PROFIT":199630180.88,"HOLDER_PROFIT_YOY":18.0094995423,"GROSS_PROFIT_RATIO":32.309079108653,"EPS_TTM":1.156663413908,"OPERATE_INCOME_QOQ":0.955645813658,"NET_PROFIT_RATIO":8.852712154,"ROE_AVG":1.585458725524,"GROSS_PROFIT_QOQ":0.808052729595,"ROA":0.947006414961,"HOLDER_PROFIT_QOQ":2.181303614367,"ROE_YEARLY":6.341834902097,"ROIC_YEARLY":6.145474315572,"TOTAL_ASSETS":21508871912.21,"TOTAL_LIABILITIES":8639186347.62,"TAX_EBT":4.400842180464,"OCF_SALES":7.548512818974,"TOTAL_PARENT_EQUITY":12692660485.71,"DEBT_ASSET_RATIO":40.1656878282,"OPERATE_PROFIT":173766833.35,"PRETAX_PROFIT":214020006.03,"NETCASH_OPERATE":174459045.44,"NETCASH_INVEST":60176117.67,"NETCASH_FINANCE":-15971608.05,"END_CASH":7980748184.34,"DIVI_RATIO":0.666114008108,"DIVIDEND_RATE":7.893880597015,"CURRENT_RATIO":1.672243790089,"COMMON_ACS":null,"CURRENTDEBT_DEBT":94.88975452808,"ISSUED_COMMON_SHARES":1233841000,"HK_COMMON_SHARES":441937100,"PER_SHARES":1000,"TOTAL_MARKET_CAP":13226775520,"HKSK_MARKET_CAP":4737565712,"PE_TTM":7.753506045867,"PB_TTM":0.861935840014,"REPORT_DATE_SQ":"2022-03-31 00:00:00","REPORT_TYPE_SQ":"2022年一季报","OPERATE_INCOME_SQ":2206716104.48,"DPS_HKD":0.846224,"OPERATE_INCOME_QOQ_SQ":2.422839762455,"NET_PROFIT_RATIO_SQ":7.5830783258,"HOLDER_PROFIT_SQ":169164500.87,"HOLDER_PROFIT_QOQ_SQ":0.975773759574,"ROE_AVG_SQ":1.479996249178,"PE_TTM_SQ":4.844496993368,"PB_TTM_SQ":0.586649945704,"ROA_SQ":0.883580172989,"START_DATE":"2023-01-01 00:00:00","FISCAL_YEAR":"12-31","CURRENCY":"HKD","IS_CNY_CODE":0,"DPS_HKD_LY":0.58255,"ORG_TYPE":"一般企业","PREMIUM_INCOME":null,"PREMIUM_INCOME_YOY":null,"NET_INTEREST_INCOME":null,"NET_INTEREST_INCOME_YOY":null,"FEE_COMMISSION_INCOME":null,"FEE_COMMISSION_INCOME_YOY":null,"ACCOUNTS_RECE_TDAYS":1.16180272176,"INVENTORY_TDAYS":0.581396962712,"CURRENT_ASSETS_TDAYS":0.174700130334,"TOTAL_ASSETS_TDAYS":0.109637422141,"PREMIUM_EXPENSE":null,"LOAN_DEPOSIT":null,"LOAN_EQUITY":null,"LOAN_ASSETS":null,"DEPOSIT_EQUITY":null,"DEPOSIT_ASSETS":null,"EQUITY_MULTIPLIER":1.671281851003,"EQUITY_RATIO":0.680644247701},{"SECUCODE":"00811.HK","SECURITY_CODE":"00811","SECURITY_NAME_ABBR":"新华文轩","ORG_CODE":"10078324","STD_REPORT_DATE":"2022-12-31 00:00:00","REPORT_DATE":"2022-12-31 00:00:00","DATE_TYPE_CODE":"001","REPORT_TYPE":"2022年年报","PER_NETCASH_OPERATE":1.640714747378,"PER_OI":8.858760964581,"BPS":10.122843562201,"BASIC_EPS":1.13,"DILUTED_EPS":null,"OPERATE_INCOME":10930302487.3,"OPERATE_INCOME_YOY":4.4925635908,"GROSS_PROFIT":4017141060.37,"GROSS_PROFIT_YOY":5.335939350949,"HOLDER_PROFIT":1396673063.27,"HOLDER_PROFIT_YOY":6.9476003644,"GROSS_PROFIT_RATIO":36.752332014942,"EPS_TTM":1.131971674851,"OPERATE_INCOME_QOQ":1.834051984064,"NET_PROFIT_RATIO":12.7282399533,"ROE_AVG":11.780534674853,"GROSS_PROFIT_QOQ":7.351704706739,"ROA":7.085155378966,"HOLDER_PROFIT_QOQ":1.881330451297,"ROE_YEARLY":11.780534674853,"ROIC_YEARLY":10.944289406475,"TOTAL_ASSETS":20651387559.36,"TOTAL_LIABILITIES":7989354199.3,"TAX_EBT":-0.828778070012,"OCF_SALES":18.520815201337,"TOTAL_PARENT_EQUITY":12489979423.63,"DEBT_ASSET_RATIO":38.6867670578,"OPERATE_PROFIT":1236363964.01,"PRETAX_PROFIT":1379799651.29,"NETCASH_OPERATE":2024381124.62,"NETCASH_INVEST":232444164.13,"NETCASH_FINANCE":-492510346.28,"END_CASH":7762084629.28,"DIVI_RATIO":0.680643977042,"DIVIDEND_RATE":7.893880597015,"CURRENT_RATIO":1.690453022293,"COMMON_ACS":null,"CURRENTDEBT_DEBT":94.406305917578,"ISSUED_COMMON_SHARES":1233841000,"HK_COMMON_SHARES":441937100,"PER_SHARES":1000,"TOTAL_MARKET_CAP":13226775520,"HKSK_MARKET_CAP":4737565712,"PE_TTM":7.753506045867,"PB_TTM":0.861935840014,"REPORT_DATE_SQ":"2021-12-31 00:00:00","REPORT_TYPE_SQ":"2021年年报","OPERATE_INCOME_SQ":10460363983.51,"DPS_HKD":0.846224,"OPERATE_INCOME_QOQ_SQ":1.184640534494,"NET_PROFIT_RATIO_SQ":12.4592343434,"HOLDER_PROFIT_SQ":1305941469.01,"HOLDER_PROFIT_QOQ_SQ":7.771440218844,"ROE_AVG_SQ":12.228829814941,"PE_TTM_SQ":4.844496993368,"PB_TTM_SQ":0.586649945704,"ROA_SQ":7.307441688585,"START_DATE":"2022-01-01 00:00:00","FISCAL_YEAR":"12-31","CURRENCY":"HKD","IS_CNY_CODE":0,"DPS_HKD_LY":0.371377,"ORG_TYPE":"一般企业","PREMIUM_INCOME":null,"PREMIUM_INCOME_YOY":null,"NET_INTEREST_INCOME":null,"NET_INTEREST_INCOME_YOY":null,"FEE_COMMISSION_INCOME":null,"FEE_COMMISSION_INCOME_YOY":null,"ACCOUNTS_RECE_TDAYS":6.663097178153,"INVENTORY_TDAYS":2.601378430655,"CURRENT_ASSETS_TDAYS":0.911081314734,"TOTAL_ASSETS_TDAYS":0.554481170277,"PREMIUM_EXPENSE":null,"LOAN_DEPOSIT":null,"LOAN_EQUITY":null,"LOAN_ASSETS":null,"DEPOSIT_EQUITY":null,"DEPOSIT_ASSETS":null,"EQUITY_MULTIPLIER":1.630969290011,"EQUITY_RATIO":0.639661117791},{"SECUCODE":"00811.HK","SECURITY_CODE":"00811","SECURITY_NAME_ABBR":"新华文轩","ORG_CODE":"10078324","STD_REPORT_DATE":"2022-09-30 00:00:00","REPORT_DATE":"2022-09-30 00:00:00","DATE_TYPE_CODE":"004","REPORT_TYPE":"2022年三季报","PER_NETCASH_OPERATE":0.695505891586,"PER_OI":5.942012750046,"BPS":9.6168679912,"BASIC_EPS":0.63,"DILUTED_EPS":null,"OPERATE_INCOME":7331498953.53,"OPERATE_INCOME_YOY":3.8688776403,"GROSS_PROFIT":2543423987.26,"GROSS_PROFIT_YOY":-2.738383453058,"HOLDER_PROFIT":772399371.25,"HOLDER_PROFIT_YOY":9.1794444335,"GROSS_PROFIT_RATIO":34.691732255317,"EPS_TTM":1.111068799197,"OPERATE_INCOME_QOQ":-0.418815759483,"NET_PROFIT_RATIO":10.5144397368,"ROE_AVG":6.69113474873,"GROSS_PROFIT_QOQ":-1.561641968143,"ROA":3.941768387863,"HOLDER_PROFIT_QOQ":-3.515204987022,"ROE_YEARLY":8.921512998307,"ROIC_YEARLY":5.806246708759,"TOTAL_ASSETS":20416554271.39,"TOTAL_LIABILITIES":8664840483.63,"TAX_EBT":-2.627401529963,"OCF_SALES":11.704887230009,"TOTAL_PARENT_EQUITY":11865686019.13,"DEBT_ASSET_RATIO":42.4402686587,"OPERATE_PROFIT":642774122.65,"PRETAX_PROFIT":751130816.7,"NETCASH_OPERATE":858143684.78,"NETCASH_INVEST":371159235.11,"NETCASH_FINANCE":-495511644.88,"END_CASH":6731560961.82,"DIVI_RATIO":0.693449139447,"DIVIDEND_RATE":7.893880597015,"CURRENT_RATIO":1.559304837601,"COMMON_ACS":null,"CURRENTDEBT_DEBT":95.878854473725,"ISSUED_COMMON_SHARES":1233841000,"HK_COMMON_SHARES":441937100,"PER_SHARES":1000,"TOTAL_MARKET_CAP":13226775520,"HKSK_MARKET_CAP":4737565712,"PE_TTM":7.753506045867,"PB_TTM":0.861935840014,"REPORT_DATE_SQ":"2021-09-30 00:00:00","REPORT_TYPE_SQ":"2021年三季报","OPERATE_INCOME_SQ":7058417420.2,"DPS_HKD":0.846224,"OPERATE_INCOME_QOQ_SQ":2.728161212638,"NET_PROFIT_RATIO_SQ":9.9783438581,"HOLDER_PROFIT_SQ":707458601.99,"HOLDER_PROFIT_QOQ_SQ":-5.730331468106,"ROE_AVG_SQ":6.841499274029,"PE_TTM_SQ":4.844496993368,"PB_TTM_SQ":0.586649945704,"ROA_SQ":3.996946908203,"START_DATE":"2022-01-01 00:00:00","FISCAL_YEAR":"12-31","CURRENCY":"HKD","IS_CNY_CODE":0,"DPS_HKD_LY":0.371377,"ORG_TYPE":"一般企业","PREMIUM_INCOME":null,"PREMIUM_INCOME_YOY":null,"NET_INTEREST_INCOME":null,"NET_INTEREST_INCOME_YOY":null,"FEE_COMMISSION_INCOME":null,"FEE_COMMISSION_INCOME_YOY":null,"ACCOUNTS_RECE_TDAYS":3.669174680573,"INVENTORY_TDAYS":1.646842801911,"CURRENT_ASSETS_TDAYS":0.605952031528,"TOTAL_ASSETS_TDAYS":0.374146741781,"PREMIUM_EXPENSE":null,"LOAN_DEPOSIT":null,"LOAN_EQUITY":null,"LOAN_ASSETS":null,"DEPOSIT_EQUITY":null,"DEPOSIT_ASSETS":null,"EQUITY_MULTIPLIER":1.737325690543,"EQUITY_RATIO":0.730243533299}],"count":58},"success":true,"message":"ok","code":0}