{"version":"a5b2ffe0ef9f29830142ba843e6817f4","result":{"pages":4,"data":[{"SECUCODE":"00815.HK","SECURITY_CODE":"00815","SECURITY_NAME_ABBR":"中国白银集团","ORG_CODE":"10339948","STD_REPORT_DATE":"2024-06-30 00:00:00","REPORT_DATE":"2024-06-30 00:00:00","DATE_TYPE_CODE":"002","REPORT_TYPE":"2024年中报","PER_NETCASH_OPERATE":-0.011763587824,"PER_OI":1.187896176894,"BPS":0.201537871523,"BASIC_EPS":0.01,"DILUTED_EPS":0.01,"OPERATE_INCOME":2321245000,"OPERATE_INCOME_YOY":-17.2338337763,"GROSS_PROFIT":70129000,"GROSS_PROFIT_YOY":26.856843095402,"HOLDER_PROFIT":20556000,"HOLDER_PROFIT_YOY":27.1714922049,"GROSS_PROFIT_RATIO":3.021180444115,"EPS_TTM":0.009693048983,"OPERATE_INCOME_QOQ":-8.716501835862,"NET_PROFIT_RATIO":0.4438135569,"ROE_AVG":4.45176925126,"GROSS_PROFIT_QOQ":13.605747642568,"ROA":1.02456365954,"HOLDER_PROFIT_QOQ":30.18764176232,"ROE_YEARLY":8.90353850252,"ROIC_YEARLY":5.9598285636,"TOTAL_ASSETS":1989586000,"TOTAL_LIABILITIES":741184000,"TAX_EBT":15.39788125154,"OCF_SALES":-0.990287539661,"TOTAL_PARENT_EQUITY":472027000,"DEBT_ASSET_RATIO":37.2531772942,"OPERATE_PROFIT":33697000,"PRETAX_PROFIT":12177000,"NETCASH_OPERATE":-22987000,"NETCASH_INVEST":69616000,"NETCASH_FINANCE":-25999000,"END_CASH":545312000,"DIVI_RATIO":null,"DIVIDEND_RATE":null,"CURRENT_RATIO":2.50799404703,"COMMON_ACS":3000000000,"CURRENTDEBT_DEBT":99.450473836456,"ISSUED_COMMON_SHARES":2342125559,"HK_COMMON_SHARES":2342125559,"PER_SHARES":2000,"TOTAL_MARKET_CAP":714348295.495,"HKSK_MARKET_CAP":714348295.495,"PE_TTM":33.94312736209,"PB_TTM":1.381216333668,"REPORT_DATE_SQ":"2023-06-30 00:00:00","REPORT_TYPE_SQ":"2023年中报","OPERATE_INCOME_SQ":2804582000,"DPS_HKD":null,"OPERATE_INCOME_QOQ_SQ":57.299873334434,"NET_PROFIT_RATIO_SQ":0.0635029222,"HOLDER_PROFIT_SQ":16164000,"HOLDER_PROFIT_QOQ_SQ":38.182932282265,"ROE_AVG_SQ":3.633898853784,"PE_TTM_SQ":-2.388087078201,"PB_TTM_SQ":0.401788436935,"ROA_SQ":0.724066706952,"START_DATE":"2024-01-01 00:00:00","FISCAL_YEAR":"12-31","CURRENCY":"HKD","IS_CNY_CODE":0,"DPS_HKD_LY":null,"ORG_TYPE":"一般企业","PREMIUM_INCOME":null,"PREMIUM_INCOME_YOY":null,"NET_INTEREST_INCOME":null,"NET_INTEREST_INCOME_YOY":null,"FEE_COMMISSION_INCOME":null,"FEE_COMMISSION_INCOME_YOY":null,"ACCOUNTS_RECE_TDAYS":15.902968560526,"INVENTORY_TDAYS":2.045458448485,"CURRENT_ASSETS_TDAYS":1.250576802013,"TOTAL_ASSETS_TDAYS":1.156967927559,"PREMIUM_EXPENSE":null,"LOAN_DEPOSIT":null,"LOAN_EQUITY":null,"LOAN_ASSETS":null,"DEPOSIT_EQUITY":null,"DEPOSIT_ASSETS":null,"EQUITY_MULTIPLIER":1.593706193999,"EQUITY_RATIO":1.57021526311},{"SECUCODE":"00815.HK","SECURITY_CODE":"00815","SECURITY_NAME_ABBR":"中国白银集团","ORG_CODE":"10339948","STD_REPORT_DATE":"2023-12-31 00:00:00","REPORT_DATE":"2023-12-31 00:00:00","DATE_TYPE_CODE":"001","REPORT_TYPE":"2023年年报","PER_NETCASH_OPERATE":-0.06259874509,"PER_OI":2.83769241617,"BPS":0.192761228477,"BASIC_EPS":0.007,"DILUTED_EPS":0.007,"OPERATE_INCOME":5545080000,"OPERATE_INCOME_YOY":71.5906330504,"GROSS_PROFIT":109123000,"GROSS_PROFIT_YOY":65.822784810127,"HOLDER_PROFIT":14549000,"HOLDER_PROFIT_YOY":112.0472649587,"GROSS_PROFIT_RATIO":1.96792471885,"EPS_TTM":0.007445444784,"OPERATE_INCOME_QOQ":8.588767833906,"NET_PROFIT_RATIO":-0.3600849762,"ROE_AVG":3.276030754023,"GROSS_PROFIT_QOQ":2.221035671463,"ROA":0.698427206642,"HOLDER_PROFIT_QOQ":119.48857395451,"ROE_YEARLY":3.276030754023,"ROIC_YEARLY":2.014347849865,"TOTAL_ASSETS":2023049000,"TOTAL_LIABILITIES":784949000,"TAX_EBT":-4.452405322416,"OCF_SALES":-2.20597358379,"TOTAL_PARENT_EQUITY":451471000,"DEBT_ASSET_RATIO":38.8002959889,"OPERATE_PROFIT":4196000,"PRETAX_PROFIT":-21494000,"NETCASH_OPERATE":-122323000,"NETCASH_INVEST":66059000,"NETCASH_FINANCE":-8279000,"END_CASH":524682000,"DIVI_RATIO":null,"DIVIDEND_RATE":null,"CURRENT_RATIO":2.391360808101,"COMMON_ACS":3000000000,"CURRENTDEBT_DEBT":99.281481981632,"ISSUED_COMMON_SHARES":2342125559,"HK_COMMON_SHARES":2342125559,"PER_SHARES":2000,"TOTAL_MARKET_CAP":726058923.29,"HKSK_MARKET_CAP":726058923.29,"PE_TTM":34.499572072944,"PB_TTM":1.403859224384,"REPORT_DATE_SQ":"2022-12-31 00:00:00","REPORT_TYPE_SQ":"2022年年报","OPERATE_INCOME_SQ":3231575000,"DPS_HKD":null,"OPERATE_INCOME_QOQ_SQ":156.475518110973,"NET_PROFIT_RATIO_SQ":-4.4615111646,"HOLDER_PROFIT_SQ":-120766000,"HOLDER_PROFIT_QOQ_SQ":-148.996927898394,"ROE_AVG_SQ":-28.828489038271,"PE_TTM_SQ":-2.411731504718,"PB_TTM_SQ":0.405766540271,"ROA_SQ":-6.031294651263,"START_DATE":"2023-01-01 00:00:00","FISCAL_YEAR":"12-31","CURRENCY":"HKD","IS_CNY_CODE":0,"DPS_HKD_LY":null,"ORG_TYPE":"一般企业","PREMIUM_INCOME":null,"PREMIUM_INCOME_YOY":null,"NET_INTEREST_INCOME":null,"NET_INTEREST_INCOME_YOY":null,"FEE_COMMISSION_INCOME":null,"FEE_COMMISSION_INCOME_YOY":null,"ACCOUNTS_RECE_TDAYS":43.59562399022,"INVENTORY_TDAYS":5.071394719215,"CURRENT_ASSETS_TDAYS":2.922864376306,"TOTAL_ASSETS_TDAYS":2.661925036088,"PREMIUM_EXPENSE":null,"LOAN_DEPOSIT":null,"LOAN_EQUITY":null,"LOAN_ASSETS":null,"DEPOSIT_EQUITY":null,"DEPOSIT_ASSETS":null,"EQUITY_MULTIPLIER":1.63399483079,"EQUITY_RATIO":1.738647665077},{"SECUCODE":"00815.HK","SECURITY_CODE":"00815","SECURITY_NAME_ABBR":"中国白银集团","ORG_CODE":"10339948","STD_REPORT_DATE":"2023-06-30 00:00:00","REPORT_DATE":"2023-06-30 00:00:00","DATE_TYPE_CODE":"002","REPORT_TYPE":"2023年中报","PER_NETCASH_OPERATE":0.019945952017,"PER_OI":1.435243688446,"BPS":0.193364953582,"BASIC_EPS":0.01,"DILUTED_EPS":0.01,"OPERATE_INCOME":2804582000,"OPERATE_INCOME_YOY":195.3287662314,"GROSS_PROFIT":55282000,"GROSS_PROFIT_YOY":60.395752335635,"HOLDER_PROFIT":16164000,"HOLDER_PROFIT_YOY":153.9735541605,"GROSS_PROFIT_RATIO":2.36983945423,"EPS_TTM":-0.038204153887,"OPERATE_INCOME_QOQ":57.299873334434,"NET_PROFIT_RATIO":0.0635029222,"ROE_AVG":3.633898853784,"GROSS_PROFIT_QOQ":43.162524977537,"ROA":0.724066706952,"HOLDER_PROFIT_QOQ":38.182932282265,"ROE_YEARLY":7.267797707568,"ROIC_YEARLY":3.919920990457,"TOTAL_ASSETS":2321613000,"TOTAL_LIABILITIES":1061961000,"TAX_EBT":-4.166666666667,"OCF_SALES":1.385828608244,"TOTAL_PARENT_EQUITY":452885000,"DEBT_ASSET_RATIO":45.7423782517,"OPERATE_PROFIT":15879000,"PRETAX_PROFIT":-168000,"NETCASH_OPERATE":38976000,"NETCASH_INVEST":-40006000,"NETCASH_FINANCE":10029000,"END_CASH":598224000,"DIVI_RATIO":null,"DIVIDEND_RATE":null,"CURRENT_RATIO":2.018269491467,"COMMON_ACS":3000000000,"CURRENTDEBT_DEBT":98.636767263581,"ISSUED_COMMON_SHARES":2342125559,"HK_COMMON_SHARES":2342125559,"PER_SHARES":2000,"TOTAL_MARKET_CAP":726058923.29,"HKSK_MARKET_CAP":726058923.29,"PE_TTM":34.499572072944,"PB_TTM":1.403859224384,"REPORT_DATE_SQ":"2022-06-30 00:00:00","REPORT_TYPE_SQ":"2022年中报","OPERATE_INCOME_SQ":952318000,"DPS_HKD":null,"OPERATE_INCOME_QOQ_SQ":-45.051471159611,"NET_PROFIT_RATIO_SQ":-4.460589845,"HOLDER_PROFIT_SQ":-29948000,"HOLDER_PROFIT_QOQ_SQ":97.989949957002,"ROE_AVG_SQ":-6.44975798332,"PE_TTM_SQ":-2.411731504718,"PB_TTM_SQ":0.405766540271,"ROA_SQ":-1.451775065031,"START_DATE":"2023-01-01 00:00:00","FISCAL_YEAR":"12-31","CURRENCY":"HKD","IS_CNY_CODE":0,"DPS_HKD_LY":null,"ORG_TYPE":"一般企业","PREMIUM_INCOME":null,"PREMIUM_INCOME_YOY":null,"NET_INTEREST_INCOME":null,"NET_INTEREST_INCOME_YOY":null,"FEE_COMMISSION_INCOME":null,"FEE_COMMISSION_INCOME_YOY":null,"ACCOUNTS_RECE_TDAYS":22.962685192387,"INVENTORY_TDAYS":2.503258508657,"CURRENT_ASSETS_TDAYS":1.390668057103,"TOTAL_ASSETS_TDAYS":1.259846057433,"PREMIUM_EXPENSE":null,"LOAN_DEPOSIT":null,"LOAN_EQUITY":null,"LOAN_ASSETS":null,"DEPOSIT_EQUITY":null,"DEPOSIT_ASSETS":null,"EQUITY_MULTIPLIER":1.843059035354,"EQUITY_RATIO":2.344880046811},{"SECUCODE":"00815.HK","SECURITY_CODE":"00815","SECURITY_NAME_ABBR":"中国白银集团","ORG_CODE":"10339948","STD_REPORT_DATE":"2022-12-31 00:00:00","REPORT_DATE":"2022-12-31 00:00:00","DATE_TYPE_CODE":"001","REPORT_TYPE":"2022年年报","PER_NETCASH_OPERATE":0.044712073422,"PER_OI":1.653757181102,"BPS":0.186470788606,"BASIC_EPS":-0.065,"DILUTED_EPS":-0.065,"OPERATE_INCOME":3231575000,"OPERATE_INCOME_YOY":40.9295240377,"GROSS_PROFIT":65807000,"GROSS_PROFIT_YOY":-52.638094209939,"HOLDER_PROFIT":-120766000,"HOLDER_PROFIT_YOY":94.9950371437,"GROSS_PROFIT_RATIO":2.296953126348,"EPS_TTM":-0.061801950978,"OPERATE_INCOME_QOQ":156.475518110973,"NET_PROFIT_RATIO":-4.4615111646,"ROE_AVG":-28.828489038271,"GROSS_PROFIT_QOQ":-8.720666903331,"ROA":-6.031294651263,"HOLDER_PROFIT_QOQ":-148.996927898394,"ROE_YEARLY":-28.828489038271,"ROIC_YEARLY":-16.71212592977,"TOTAL_ASSETS":2143169000,"TOTAL_LIABILITIES":885286000,"TAX_EBT":-0.627806908227,"OCF_SALES":2.691366041307,"TOTAL_PARENT_EQUITY":436738000,"DEBT_ASSET_RATIO":41.3073350725,"OPERATE_PROFIT":-62477000,"PRETAX_PROFIT":-85058000,"NETCASH_OPERATE":87371000,"NETCASH_INVEST":-132525000,"NETCASH_FINANCE":317574000,"END_CASH":589225000,"DIVI_RATIO":null,"DIVIDEND_RATE":null,"CURRENT_RATIO":2.218402453415,"COMMON_ACS":3000000000,"CURRENTDEBT_DEBT":98.306874840447,"ISSUED_COMMON_SHARES":2342125559,"HK_COMMON_SHARES":2342125559,"PER_SHARES":2000,"TOTAL_MARKET_CAP":726058923.29,"HKSK_MARKET_CAP":726058923.29,"PE_TTM":34.499572072944,"PB_TTM":1.403859224384,"REPORT_DATE_SQ":"2021-12-31 00:00:00","REPORT_TYPE_SQ":"2021年年报","OPERATE_INCOME_SQ":2303523000,"DPS_HKD":null,"OPERATE_INCOME_QOQ_SQ":-53.365958278993,"NET_PROFIT_RATIO_SQ":-104.7695638377,"HOLDER_PROFIT_SQ":-2412925000,"HOLDER_PROFIT_QOQ_SQ":-5.759027600326,"ROE_AVG_SQ":-150.098269835064,"PE_TTM_SQ":-2.411731504718,"PB_TTM_SQ":0.405766540271,"ROA_SQ":-75.672484450671,"START_DATE":"2022-01-01 00:00:00","FISCAL_YEAR":"12-31","CURRENCY":"HKD","IS_CNY_CODE":0,"DPS_HKD_LY":null,"ORG_TYPE":"一般企业","PREMIUM_INCOME":null,"PREMIUM_INCOME_YOY":null,"NET_INTEREST_INCOME":null,"NET_INTEREST_INCOME_YOY":null,"FEE_COMMISSION_INCOME":null,"FEE_COMMISSION_INCOME_YOY":null,"ACCOUNTS_RECE_TDAYS":35.781352938897,"INVENTORY_TDAYS":3.005813986547,"CURRENT_ASSETS_TDAYS":1.849200729804,"TOTAL_ASSETS_TDAYS":1.621288872974,"PREMIUM_EXPENSE":null,"LOAN_DEPOSIT":null,"LOAN_EQUITY":null,"LOAN_ASSETS":null,"DEPOSIT_EQUITY":null,"DEPOSIT_ASSETS":null,"EQUITY_MULTIPLIER":1.70379041612,"EQUITY_RATIO":2.027041384079},{"SECUCODE":"00815.HK","SECURITY_CODE":"00815","SECURITY_NAME_ABBR":"中国白银集团","ORG_CODE":"10339948","STD_REPORT_DATE":"2022-06-30 00:00:00","REPORT_DATE":"2022-06-30 00:00:00","DATE_TYPE_CODE":"002","REPORT_TYPE":"2022年中报","PER_NETCASH_OPERATE":0.038659099273,"PER_OI":0.48734834599,"BPS":0.22525222782,"BASIC_EPS":-0.02,"DILUTED_EPS":-0.02,"OPERATE_INCOME":952318000,"OPERATE_INCOME_YOY":-52.1469642815,"GROSS_PROFIT":34466000,"GROSS_PROFIT_YOY":-62.422590492804,"HOLDER_PROFIT":-29948000,"HOLDER_PROFIT_YOY":98.7492336195,"GROSS_PROFIT_RATIO":3.619169227086,"EPS_TTM":-0.024820366862,"OPERATE_INCOME_QOQ":-45.051471159611,"NET_PROFIT_RATIO":-4.460589845,"ROE_AVG":-6.44975798332,"GROSS_PROFIT_QOQ":-41.206232681996,"ROA":-1.451775065031,"HOLDER_PROFIT_QOQ":97.989949957002,"ROE_YEARLY":-12.89951596664,"ROIC_YEARLY":-8.303135994765,"TOTAL_ASSETS":2264231000,"TOTAL_LIABILITIES":905656000,"TAX_EBT":1.064374883548,"OCF_SALES":7.93253934085,"TOTAL_PARENT_EQUITY":527569000,"DEBT_ASSET_RATIO":39.9983923902,"OPERATE_PROFIT":-32322000,"PRETAX_PROFIT":-42936000,"NETCASH_OPERATE":75543000,"NETCASH_INVEST":-54090000,"NETCASH_FINANCE":364686000,"END_CASH":702944000,"DIVI_RATIO":null,"DIVIDEND_RATE":null,"CURRENT_RATIO":2.250792518984,"COMMON_ACS":3000000000,"CURRENTDEBT_DEBT":97.248403367283,"ISSUED_COMMON_SHARES":2342125559,"HK_COMMON_SHARES":2342125559,"PER_SHARES":2000,"TOTAL_MARKET_CAP":726058923.29,"HKSK_MARKET_CAP":726058923.29,"PE_TTM":34.499572072944,"PB_TTM":1.403859224384,"REPORT_DATE_SQ":"2021-06-30 00:00:00","REPORT_TYPE_SQ":"2021年中报","OPERATE_INCOME_SQ":1990089000,"DPS_HKD":null,"OPERATE_INCOME_QOQ_SQ":3.787171723751,"NET_PROFIT_RATIO_SQ":-119.7287156504,"HOLDER_PROFIT_SQ":-2394372000,"HOLDER_PROFIT_QOQ_SQ":-1102.86195286195,"ROE_AVG_SQ":-148.088965746295,"PE_TTM_SQ":-2.411731504718,"PB_TTM_SQ":0.405766540271,"ROA_SQ":-73.346513641128,"START_DATE":"2022-01-01 00:00:00","FISCAL_YEAR":"12-31","CURRENCY":"HKD","IS_CNY_CODE":0,"DPS_HKD_LY":null,"ORG_TYPE":"一般企业","PREMIUM_INCOME":null,"PREMIUM_INCOME_YOY":null,"NET_INTEREST_INCOME":null,"NET_INTEREST_INCOME_YOY":null,"FEE_COMMISSION_INCOME":null,"FEE_COMMISSION_INCOME_YOY":null,"ACCOUNTS_RECE_TDAYS":10.759074938145,"INVENTORY_TDAYS":0.880000958761,"CURRENT_ASSETS_TDAYS":0.53459520041,"TOTAL_ASSETS_TDAYS":0.461650703346,"PREMIUM_EXPENSE":null,"LOAN_DEPOSIT":null,"LOAN_EQUITY":null,"LOAN_ASSETS":null,"DEPOSIT_EQUITY":null,"DEPOSIT_ASSETS":null,"EQUITY_MULTIPLIER":1.666622012035,"EQUITY_RATIO":1.71665886358},{"SECUCODE":"00815.HK","SECURITY_CODE":"00815","SECURITY_NAME_ABBR":"中国白银集团","ORG_CODE":"10339948","STD_REPORT_DATE":"2021-12-31 00:00:00","REPORT_DATE":"2021-12-31 00:00:00","DATE_TYPE_CODE":"001","REPORT_TYPE":"2021年年报","PER_NETCASH_OPERATE":-0.533802312448,"PER_OI":1.414592340214,"BPS":0.171248718267,"BASIC_EPS":-1.482,"DILUTED_EPS":-1.482,"OPERATE_INCOME":2303523000,"OPERATE_INCOME_YOY":-51.5998470373,"GROSS_PROFIT":138945000,"GROSS_PROFIT_YOY":-67.925900277008,"HOLDER_PROFIT":-2412925000,"HOLDER_PROFIT_YOY":-1160.6170495204,"GROSS_PROFIT_RATIO":6.031847739311,"EPS_TTM":-1.481776054553,"OPERATE_INCOME_QOQ":-53.365958278993,"NET_PROFIT_RATIO":-104.7695638377,"ROE_AVG":-150.098269835064,"GROSS_PROFIT_QOQ":-54.219713743476,"ROA":-75.672484450671,"HOLDER_PROFIT_QOQ":-5.759027600326,"ROE_YEARLY":-150.098269835064,"ROIC_YEARLY":-150.686180498679,"TOTAL_ASSETS":1861477000,"TOTAL_LIABILITIES":628170000,"TAX_EBT":0.000248612226,"OCF_SALES":-37.73541657713,"TOTAL_PARENT_EQUITY":401086000,"DEBT_ASSET_RATIO":33.7457835901,"OPERATE_PROFIT":-2399216000,"PRETAX_PROFIT":-2413397000,"NETCASH_OPERATE":-869244000,"NETCASH_INVEST":-2476000,"NETCASH_FINANCE":-4464000,"END_CASH":316805000,"DIVI_RATIO":null,"DIVIDEND_RATE":null,"CURRENT_RATIO":2.633633123197,"COMMON_ACS":3000000000,"CURRENTDEBT_DEBT":95.529394909021,"ISSUED_COMMON_SHARES":2342125559,"HK_COMMON_SHARES":2342125559,"PER_SHARES":2000,"TOTAL_MARKET_CAP":726058923.29,"HKSK_MARKET_CAP":726058923.29,"PE_TTM":34.499572072944,"PB_TTM":1.403859224384,"REPORT_DATE_SQ":"2020-12-31 00:00:00","REPORT_TYPE_SQ":"2020年年报","OPERATE_INCOME_SQ":4759330000,"DPS_HKD":null,"OPERATE_INCOME_QOQ_SQ":3.575850284841,"NET_PROFIT_RATIO_SQ":4.3237808683,"HOLDER_PROFIT_SQ":227502000,"HOLDER_PROFIT_QOQ_SQ":412.048391078924,"ROE_AVG_SQ":8.423987602962,"PE_TTM_SQ":-2.411731504718,"PB_TTM_SQ":0.405766540271,"ROA_SQ":5.355840693037,"START_DATE":"2021-01-01 00:00:00","FISCAL_YEAR":"12-31","CURRENCY":"HKD","IS_CNY_CODE":0,"DPS_HKD_LY":null,"ORG_TYPE":"一般企业","PREMIUM_INCOME":null,"PREMIUM_INCOME_YOY":null,"NET_INTEREST_INCOME":null,"NET_INTEREST_INCOME_YOY":null,"FEE_COMMISSION_INCOME":null,"FEE_COMMISSION_INCOME_YOY":null,"ACCOUNTS_RECE_TDAYS":12.345041399823,"INVENTORY_TDAYS":1.192034555366,"CURRENT_ASSETS_TDAYS":0.797271755334,"TOTAL_ASSETS_TDAYS":0.722414946172,"PREMIUM_EXPENSE":null,"LOAN_DEPOSIT":null,"LOAN_EQUITY":null,"LOAN_ASSETS":null,"DEPOSIT_EQUITY":null,"DEPOSIT_ASSETS":null,"EQUITY_MULTIPLIER":1.509337902079,"EQUITY_RATIO":1.566172840737},{"SECUCODE":"00815.HK","SECURITY_CODE":"00815","SECURITY_NAME_ABBR":"中国白银集团","ORG_CODE":"10339948","STD_REPORT_DATE":"2021-06-30 00:00:00","REPORT_DATE":"2021-06-30 00:00:00","DATE_TYPE_CODE":"002","REPORT_TYPE":"2021年中报","PER_NETCASH_OPERATE":-0.747562367776,"PER_OI":1.222112675126,"BPS":0.179176132717,"BASIC_EPS":-1.47,"DILUTED_EPS":-1.47,"OPERATE_INCOME":1990089000,"OPERATE_INCOME_YOY":9.959084894,"GROSS_PROFIT":91720000,"GROSS_PROFIT_YOY":-58.575712685623,"HOLDER_PROFIT":-2394372000,"HOLDER_PROFIT_YOY":-2188.2183131143,"GROSS_PROFIT_RATIO":4.608839102171,"EPS_TTM":-1.401087063842,"OPERATE_INCOME_QOQ":3.787171723751,"NET_PROFIT_RATIO":-119.7287156504,"ROE_AVG":-148.088965746295,"GROSS_PROFIT_QOQ":-29.939058171745,"ROA":-73.346513641128,"HOLDER_PROFIT_QOQ":-1102.86195286195,"ROE_YEARLY":-296.17793149259,"ROIC_YEARLY":-262.298910763211,"TOTAL_ASSETS":2013124000,"TOTAL_LIABILITIES":749120000,"TAX_EBT":-0.5999582858,"OCF_SALES":-61.169676331059,"TOTAL_PARENT_EQUITY":419653000,"DEBT_ASSET_RATIO":37.211816063,"OPERATE_PROFIT":-2360809000,"PRETAX_PROFIT":-2368498000,"NETCASH_OPERATE":-1217331000,"NETCASH_INVEST":4563000,"NETCASH_FINANCE":27320000,"END_CASH":7541000,"DIVI_RATIO":null,"DIVIDEND_RATE":null,"CURRENT_RATIO":2.396137932197,"COMMON_ACS":3000000000,"CURRENTDEBT_DEBT":95.045119607006,"ISSUED_COMMON_SHARES":2342125559,"HK_COMMON_SHARES":2342125559,"PER_SHARES":2000,"TOTAL_MARKET_CAP":726058923.29,"HKSK_MARKET_CAP":726058923.29,"PE_TTM":34.499572072944,"PB_TTM":1.403859224384,"REPORT_DATE_SQ":"2020-06-30 00:00:00","REPORT_TYPE_SQ":"2020年中报","OPERATE_INCOME_SQ":1809845000,"DPS_HKD":null,"OPERATE_INCOME_QOQ_SQ":17.008034178937,"NET_PROFIT_RATIO_SQ":5.7130859272,"HOLDER_PROFIT_SQ":114661000,"HOLDER_PROFIT_QOQ_SQ":37.255475708938,"ROE_AVG_SQ":4.336964775234,"PE_TTM_SQ":-2.411731504718,"PB_TTM_SQ":0.405766540271,"ROA_SQ":2.738734942881,"START_DATE":"2021-01-01 00:00:00","FISCAL_YEAR":"12-31","CURRENCY":"HKD","IS_CNY_CODE":0,"DPS_HKD_LY":null,"ORG_TYPE":"一般企业","PREMIUM_INCOME":null,"PREMIUM_INCOME_YOY":null,"NET_INTEREST_INCOME":null,"NET_INTEREST_INCOME_YOY":null,"FEE_COMMISSION_INCOME":null,"FEE_COMMISSION_INCOME_YOY":null,"ACCOUNTS_RECE_TDAYS":9.799025557572,"INVENTORY_TDAYS":0.937908726809,"CURRENT_ASSETS_TDAYS":0.674131121108,"TOTAL_ASSETS_TDAYS":0.609621604269,"PREMIUM_EXPENSE":null,"LOAN_DEPOSIT":null,"LOAN_EQUITY":null,"LOAN_ASSETS":null,"DEPOSIT_EQUITY":null,"DEPOSIT_ASSETS":null,"EQUITY_MULTIPLIER":1.592656352353,"EQUITY_RATIO":1.785093875178},{"SECUCODE":"00815.HK","SECURITY_CODE":"00815","SECURITY_NAME_ABBR":"中国白银集团","ORG_CODE":"10339948","STD_REPORT_DATE":"2020-12-31 00:00:00","REPORT_DATE":"2020-12-31 00:00:00","DATE_TYPE_CODE":"001","REPORT_TYPE":"2020年年报","PER_NETCASH_OPERATE":0.23620907693,"PER_OI":2.922702209855,"BPS":1.201490240003,"BASIC_EPS":0.139,"DILUTED_EPS":0.139,"OPERATE_INCOME":4759330000,"OPERATE_INCOME_YOY":21.1920663024,"GROSS_PROFIT":433200000,"GROSS_PROFIT_YOY":-18.4395827842,"HOLDER_PROFIT":227502000,"HOLDER_PROFIT_YOY":295.7932785404,"GROSS_PROFIT_RATIO":9.102121517104,"EPS_TTM":0.139708866195,"OPERATE_INCOME_QOQ":3.575850284841,"NET_PROFIT_RATIO":4.3237808683,"ROE_AVG":8.423987602962,"GROSS_PROFIT_QOQ":-21.656710992475,"ROA":5.355840693037,"HOLDER_PROFIT_QOQ":412.048391078924,"ROE_YEARLY":8.423987602962,"ROIC_YEARLY":9.091512158941,"TOTAL_ASSETS":4515808000,"TOTAL_LIABILITIES":869080000,"TAX_EBT":18.728056144674,"OCF_SALES":8.08187286866,"TOTAL_PARENT_EQUITY":2814041000,"DEBT_ASSET_RATIO":19.2452823504,"OPERATE_PROFIT":268341000,"PRETAX_PROFIT":253203000,"NETCASH_OPERATE":384643000,"NETCASH_INVEST":141276000,"NETCASH_FINANCE":56391000,"END_CASH":1192989000,"DIVI_RATIO":null,"DIVIDEND_RATE":null,"CURRENT_RATIO":5.035715742276,"COMMON_ACS":3000000000,"CURRENTDEBT_DEBT":95.925116214848,"ISSUED_COMMON_SHARES":2342125559,"HK_COMMON_SHARES":2342125559,"PER_SHARES":2000,"TOTAL_MARKET_CAP":726058923.29,"HKSK_MARKET_CAP":726058923.29,"PE_TTM":34.499572072944,"PB_TTM":1.403859224384,"REPORT_DATE_SQ":"2019-12-31 00:00:00","REPORT_TYPE_SQ":"2019年年报","OPERATE_INCOME_SQ":3927097000,"DPS_HKD":null,"OPERATE_INCOME_QOQ_SQ":29.616102232794,"NET_PROFIT_RATIO_SQ":-2.9818718509,"HOLDER_PROFIT_SQ":-116195000,"HOLDER_PROFIT_QOQ_SQ":-192.09181045073,"ROE_AVG_SQ":-4.397190899088,"PE_TTM_SQ":-2.411731504718,"PB_TTM_SQ":0.405766540271,"ROA_SQ":-2.907443726532,"START_DATE":"2020-01-01 00:00:00","FISCAL_YEAR":"12-31","CURRENCY":"HKD","IS_CNY_CODE":0,"DPS_HKD_LY":null,"ORG_TYPE":"一般企业","PREMIUM_INCOME":null,"PREMIUM_INCOME_YOY":null,"NET_INTEREST_INCOME":null,"NET_INTEREST_INCOME_YOY":null,"FEE_COMMISSION_INCOME":null,"FEE_COMMISSION_INCOME_YOY":null,"ACCOUNTS_RECE_TDAYS":11.983105471209,"INVENTORY_TDAYS":1.77162056435,"CURRENT_ASSETS_TDAYS":1.247442186938,"TOTAL_ASSETS_TDAYS":1.120439085617,"PREMIUM_EXPENSE":null,"LOAN_DEPOSIT":null,"LOAN_EQUITY":null,"LOAN_ASSETS":null,"DEPOSIT_EQUITY":null,"DEPOSIT_ASSETS":null,"EQUITY_MULTIPLIER":1.238317746759,"EQUITY_RATIO":0.308837006995},{"SECUCODE":"00815.HK","SECURITY_CODE":"00815","SECURITY_NAME_ABBR":"中国白银集团","ORG_CODE":"10339948","STD_REPORT_DATE":"2020-06-30 00:00:00","REPORT_DATE":"2020-06-30 00:00:00","DATE_TYPE_CODE":"002","REPORT_TYPE":"2020年中报","PER_NETCASH_OPERATE":0.119941579472,"PER_OI":1.112142037637,"BPS":1.152955267331,"BASIC_EPS":0.07,"DILUTED_EPS":0.07,"OPERATE_INCOME":1809845000,"OPERATE_INCOME_YOY":58.4909840681,"GROSS_PROFIT":221416000,"GROSS_PROFIT_YOY":10.927080984945,"HOLDER_PROFIT":114661000,"HOLDER_PROFIT_YOY":60.6526368884,"GROSS_PROFIT_RATIO":12.23397583771,"EPS_TTM":-0.044800426222,"OPERATE_INCOME_QOQ":17.008034178937,"NET_PROFIT_RATIO":5.7130859272,"ROE_AVG":4.336964775234,"GROSS_PROFIT_QOQ":4.106450276763,"ROA":2.738734942881,"HOLDER_PROFIT_QOQ":37.255475708938,"ROE_YEARLY":8.673929550468,"ROIC_YEARLY":8.991803069781,"TOTAL_ASSETS":4393617000,"TOTAL_LIABILITIES":850108000,"TAX_EBT":18.853887083863,"OCF_SALES":10.784735709412,"TOTAL_PARENT_EQUITY":2700366000,"DEBT_ASSET_RATIO":19.3487051784,"OPERATE_PROFIT":132607000,"PRETAX_PROFIT":127422000,"NETCASH_OPERATE":195187000,"NETCASH_INVEST":120777000,"NETCASH_FINANCE":37737000,"END_CASH":964364000,"DIVI_RATIO":null,"DIVIDEND_RATE":null,"CURRENT_RATIO":5.000055614809,"COMMON_ACS":3000000000,"CURRENTDEBT_DEBT":95.180494713613,"ISSUED_COMMON_SHARES":2342125559,"HK_COMMON_SHARES":2342125559,"PER_SHARES":2000,"TOTAL_MARKET_CAP":726058923.29,"HKSK_MARKET_CAP":726058923.29,"PE_TTM":34.499572072944,"PB_TTM":1.403859224384,"REPORT_DATE_SQ":"2019-06-30 00:00:00","REPORT_TYPE_SQ":"2019年中报","OPERATE_INCOME_SQ":1141923000,"DPS_HKD":null,"OPERATE_INCOME_QOQ_SQ":-19.231763780065,"NET_PROFIT_RATIO_SQ":8.2424121416,"HOLDER_PROFIT_SQ":71372000,"HOLDER_PROFIT_QOQ_SQ":-15.291708627056,"ROE_AVG_SQ":2.611116121169,"PE_TTM_SQ":-2.411731504718,"PB_TTM_SQ":0.405766540271,"ROA_SQ":1.726775496201,"START_DATE":"2020-01-01 00:00:00","FISCAL_YEAR":"12-31","CURRENCY":"HKD","IS_CNY_CODE":0,"DPS_HKD_LY":null,"ORG_TYPE":"一般企业","PREMIUM_INCOME":null,"PREMIUM_INCOME_YOY":null,"NET_INTEREST_INCOME":null,"NET_INTEREST_INCOME_YOY":null,"FEE_COMMISSION_INCOME":null,"FEE_COMMISSION_INCOME_YOY":null,"ACCOUNTS_RECE_TDAYS":2.778141064902,"INVENTORY_TDAYS":0.702563198683,"CURRENT_ASSETS_TDAYS":0.484034389711,"TOTAL_ASSETS_TDAYS":0.43229046866,"PREMIUM_EXPENSE":null,"LOAN_DEPOSIT":null,"LOAN_EQUITY":null,"LOAN_ASSETS":null,"DEPOSIT_EQUITY":null,"DEPOSIT_ASSETS":null,"EQUITY_MULTIPLIER":1.239905697995,"EQUITY_RATIO":0.31481214028}],"count":29},"success":true,"message":"ok","code":0}