{"version":"0c8dc8c91e437fcf711b04d6101060b1","result":{"pages":5,"data":[{"SECUCODE":"00819.HK","SECURITY_CODE":"00819","SECURITY_NAME_ABBR":"天能动力","ORG_CODE":"10079897","STD_REPORT_DATE":"2024-06-30 00:00:00","REPORT_DATE":"2024-06-30 00:00:00","DATE_TYPE_CODE":"002","REPORT_TYPE":"2024年中报","PER_NETCASH_OPERATE":-0.143505447222,"PER_OI":44.324254556224,"BPS":14.199187567627,"BASIC_EPS":0.8243,"DILUTED_EPS":0.8124,"OPERATE_INCOME":49914629000,"OPERATE_INCOME_YOY":20.3598863306,"GROSS_PROFIT":2545682000,"GROSS_PROFIT_YOY":-16.082964955482,"HOLDER_PROFIT":928222000,"HOLDER_PROFIT_YOY":1.0904924696,"GROSS_PROFIT_RATIO":5.100071964874,"EPS_TTM":1.626684260932,"OPERATE_INCOME_QOQ":10.064824257075,"NET_PROFIT_RATIO":2.1348591011,"ROE_AVG":5.8287218375,"GROSS_PROFIT_QOQ":-8.179647517092,"ROA":1.837347092036,"HOLDER_PROFIT_QOQ":0.549610393032,"ROE_YEARLY":11.657443674999,"ROIC_YEARLY":4.856697718989,"TOTAL_ASSETS":54288422000,"TOTAL_LIABILITIES":35543588000,"TAX_EBT":22.042978500508,"OCF_SALES":-0.323762799078,"TOTAL_PARENT_EQUITY":15990053000,"DEBT_ASSET_RATIO":65.4717648636,"OPERATE_PROFIT":1649698000,"PRETAX_PROFIT":1366916000,"NETCASH_OPERATE":-161605000,"NETCASH_INVEST":-4411687000,"NETCASH_FINANCE":4913136000,"END_CASH":9795438000,"DIVI_RATIO":0.239551466353,"DIVIDEND_RATE":5.402010050251,"CURRENT_RATIO":1.196492416003,"COMMON_ACS":2000000000,"CURRENTDEBT_DEBT":79.618281643373,"ISSUED_COMMON_SHARES":1126124500,"HK_COMMON_SHARES":1126124500,"PER_SHARES":2000,"TOTAL_MARKET_CAP":8963951020,"HKSK_MARKET_CAP":8963951020,"PE_TTM":4.412506283484,"PB_TTM":0.511644258899,"REPORT_DATE_SQ":"2023-06-30 00:00:00","REPORT_TYPE_SQ":"2023年中报","OPERATE_INCOME_SQ":41471150000,"DPS_HKD":0.43,"OPERATE_INCOME_QOQ_SQ":14.001520483463,"NET_PROFIT_RATIO_SQ":2.4305426785,"HOLDER_PROFIT_SQ":918209000,"HOLDER_PROFIT_QOQ_SQ":8.820770603184,"ROE_AVG_SQ":6.24551864453,"PE_TTM_SQ":3.338196949342,"PB_TTM_SQ":0.435858954881,"ROA_SQ":2.101328658552,"START_DATE":"2024-01-01 00:00:00","FISCAL_YEAR":"12-31","CURRENCY":"HKD","IS_CNY_CODE":0,"DPS_HKD_LY":0.43,"ORG_TYPE":"一般企业","PREMIUM_INCOME":null,"PREMIUM_INCOME_YOY":null,"NET_INTEREST_INCOME":null,"NET_INTEREST_INCOME_YOY":null,"FEE_COMMISSION_INCOME":null,"FEE_COMMISSION_INCOME_YOY":null,"ACCOUNTS_RECE_TDAYS":null,"INVENTORY_TDAYS":5.430855062252,"CURRENT_ASSETS_TDAYS":1.579583715284,"TOTAL_ASSETS_TDAYS":0.988023322472,"PREMIUM_EXPENSE":null,"LOAN_DEPOSIT":null,"LOAN_EQUITY":null,"LOAN_ASSETS":null,"DEPOSIT_EQUITY":null,"DEPOSIT_ASSETS":null,"EQUITY_MULTIPLIER":2.896180462307,"EQUITY_RATIO":2.222856171896},{"SECUCODE":"00819.HK","SECURITY_CODE":"00819","SECURITY_NAME_ABBR":"天能动力","ORG_CODE":"10079897","STD_REPORT_DATE":"2023-12-31 00:00:00","REPORT_DATE":"2023-12-31 00:00:00","DATE_TYPE_CODE":"001","REPORT_TYPE":"2023年年报","PER_NETCASH_OPERATE":2.068625627095,"PER_OI":74.495291595201,"BPS":14.083593776709,"BASIC_EPS":1.62,"DILUTED_EPS":1.59,"OPERATE_INCOME":83890973000,"OPERATE_INCOME_YOY":12.4564360361,"GROSS_PROFIT":5964658000,"GROSS_PROFIT_YOY":-6.646215824726,"HOLDER_PROFIT":1821836000,"HOLDER_PROFIT_YOY":1.4167898307,"GROSS_PROFIT_RATIO":7.110011705312,"EPS_TTM":1.617792704093,"OPERATE_INCOME_QOQ":-1.355319157818,"NET_PROFIT_RATIO":2.1882032528,"ROE_AVG":12.023734427631,"GROSS_PROFIT_QOQ":-15.314945660739,"ROA":4.19358159676,"HOLDER_PROFIT_QOQ":-6.803830492521,"ROE_YEARLY":12.023734427631,"ROIC_YEARLY":5.681814212526,"TOTAL_ASSETS":46750952000,"TOTAL_LIABILITIES":28306329000,"TAX_EBT":28.39025779359,"OCF_SALES":2.776854191452,"TOTAL_PARENT_EQUITY":15859880000,"DEBT_ASSET_RATIO":60.5470643678,"OPERATE_PROFIT":3047100000,"PRETAX_PROFIT":2563485000,"NETCASH_OPERATE":2329530000,"NETCASH_INVEST":-3576283000,"NETCASH_FINANCE":3156539000,"END_CASH":9455594000,"DIVI_RATIO":0.240868066109,"DIVIDEND_RATE":5.702917771883,"CURRENT_RATIO":1.259978819955,"COMMON_ACS":2000000000,"CURRENTDEBT_DEBT":82.264535256409,"ISSUED_COMMON_SHARES":1126124500,"HK_COMMON_SHARES":1126124500,"PER_SHARES":2000,"TOTAL_MARKET_CAP":8490978730,"HKSK_MARKET_CAP":8490978730,"PE_TTM":4.179685600185,"PB_TTM":0.484647953781,"REPORT_DATE_SQ":"2022-12-31 00:00:00","REPORT_TYPE_SQ":"2022年年报","OPERATE_INCOME_SQ":74598641000,"DPS_HKD":0.43,"OPERATE_INCOME_QOQ_SQ":-7.176355321449,"NET_PROFIT_RATIO_SQ":2.7878229042,"HOLDER_PROFIT_SQ":1796385000,"HOLDER_PROFIT_QOQ_SQ":28.419343700472,"ROE_AVG_SQ":13.100531741342,"PE_TTM_SQ":3.444508954098,"PB_TTM_SQ":0.449739813317,"ROA_SQ":4.930053594472,"START_DATE":"2023-01-01 00:00:00","FISCAL_YEAR":"12-31","CURRENCY":"HKD","IS_CNY_CODE":0,"DPS_HKD_LY":0.4,"ORG_TYPE":"一般企业","PREMIUM_INCOME":null,"PREMIUM_INCOME_YOY":null,"NET_INTEREST_INCOME":null,"NET_INTEREST_INCOME_YOY":null,"FEE_COMMISSION_INCOME":null,"FEE_COMMISSION_INCOME_YOY":null,"ACCOUNTS_RECE_TDAYS":null,"INVENTORY_TDAYS":10.125467267649,"CURRENT_ASSETS_TDAYS":3.002587263179,"TOTAL_ASSETS_TDAYS":1.931039020566,"PREMIUM_EXPENSE":null,"LOAN_DEPOSIT":null,"LOAN_EQUITY":null,"LOAN_ASSETS":null,"DEPOSIT_EQUITY":null,"DEPOSIT_ASSETS":null,"EQUITY_MULTIPLIER":2.534665631279,"EQUITY_RATIO":1.784775736008},{"SECUCODE":"00819.HK","SECURITY_CODE":"00819","SECURITY_NAME_ABBR":"天能动力","ORG_CODE":"10079897","STD_REPORT_DATE":"2023-06-30 00:00:00","REPORT_DATE":"2023-06-30 00:00:00","DATE_TYPE_CODE":"002","REPORT_TYPE":"2023年中报","PER_NETCASH_OPERATE":1.359194298677,"PER_OI":36.826434377371,"BPS":13.284192822374,"BASIC_EPS":0.8154,"DILUTED_EPS":0.7986,"OPERATE_INCOME":41471150000,"OPERATE_INCOME_YOY":33.6649089483,"GROSS_PROFIT":3033570000,"GROSS_PROFIT_YOY":27.485939467954,"HOLDER_PROFIT":918209000,"HOLDER_PROFIT_YOY":20.8560928932,"GROSS_PROFIT_RATIO":7.314892401103,"EPS_TTM":1.73590042664,"OPERATE_INCOME_QOQ":14.001520483463,"NET_PROFIT_RATIO":2.4305426785,"ROE_AVG":6.24551864453,"GROSS_PROFIT_QOQ":10.236434166157,"ROA":2.101328658552,"HOLDER_PROFIT_QOQ":8.820770603184,"ROE_YEARLY":12.491037289061,"ROIC_YEARLY":5.932854245942,"TOTAL_ASSETS":47257260000,"TOTAL_LIABILITIES":29617390000,"TAX_EBT":21.391254707483,"OCF_SALES":3.690811564184,"TOTAL_PARENT_EQUITY":14959655000,"DEBT_ASSET_RATIO":62.6726771717,"OPERATE_PROFIT":1520466000,"PRETAX_PROFIT":1282267000,"NETCASH_OPERATE":1530622000,"NETCASH_INVEST":-2340783000,"NETCASH_FINANCE":4822626000,"END_CASH":11558273000,"DIVI_RATIO":0.22447981118,"DIVIDEND_RATE":5.702917771883,"CURRENT_RATIO":1.163571271347,"COMMON_ACS":2000000000,"CURRENTDEBT_DEBT":91.88220163897,"ISSUED_COMMON_SHARES":1126124500,"HK_COMMON_SHARES":1126124500,"PER_SHARES":2000,"TOTAL_MARKET_CAP":8490978730,"HKSK_MARKET_CAP":8490978730,"PE_TTM":4.179685600185,"PB_TTM":0.484647953781,"REPORT_DATE_SQ":"2022-06-30 00:00:00","REPORT_TYPE_SQ":"2022年中报","OPERATE_INCOME_SQ":31026206000,"DPS_HKD":0.43,"OPERATE_INCOME_QOQ_SQ":-6.131952076154,"NET_PROFIT_RATIO_SQ":2.9044704983,"HOLDER_PROFIT_SQ":759754000,"HOLDER_PROFIT_QOQ_SQ":7.607280884217,"ROE_AVG_SQ":5.769568263904,"PE_TTM_SQ":3.444508954098,"PB_TTM_SQ":0.449739813317,"ROA_SQ":2.099555550127,"START_DATE":"2023-01-01 00:00:00","FISCAL_YEAR":"12-31","CURRENCY":"HKD","IS_CNY_CODE":0,"DPS_HKD_LY":0.4,"ORG_TYPE":"一般企业","PREMIUM_INCOME":null,"PREMIUM_INCOME_YOY":null,"NET_INTEREST_INCOME":null,"NET_INTEREST_INCOME_YOY":null,"FEE_COMMISSION_INCOME":null,"FEE_COMMISSION_INCOME_YOY":null,"ACCOUNTS_RECE_TDAYS":null,"INVENTORY_TDAYS":4.836352332834,"CURRENT_ASSETS_TDAYS":1.425038213297,"TOTAL_ASSETS_TDAYS":0.94907059284,"PREMIUM_EXPENSE":null,"LOAN_DEPOSIT":null,"LOAN_EQUITY":null,"LOAN_ASSETS":null,"DEPOSIT_EQUITY":null,"DEPOSIT_ASSETS":null,"EQUITY_MULTIPLIER":2.679002736413,"EQUITY_RATIO":1.979817716385},{"SECUCODE":"00819.HK","SECURITY_CODE":"00819","SECURITY_NAME_ABBR":"天能动力","ORG_CODE":"10079897","STD_REPORT_DATE":"2022-12-31 00:00:00","REPORT_DATE":"2022-12-31 00:00:00","DATE_TYPE_CODE":"001","REPORT_TYPE":"2022年年报","PER_NETCASH_OPERATE":1.411492246195,"PER_OI":66.243688863887,"BPS":12.826393529312,"BASIC_EPS":1.6,"DILUTED_EPS":1.57,"OPERATE_INCOME":74598641000,"OPERATE_INCOME_YOY":-12.8682567285,"GROSS_PROFIT":6389305000,"GROSS_PROFIT_YOY":38.266058893466,"HOLDER_PROFIT":1796385000,"HOLDER_PROFIT_YOY":38.1885638854,"GROSS_PROFIT_RATIO":8.564908039008,"EPS_TTM":1.595192183458,"OPERATE_INCOME_QOQ":-7.176355321449,"NET_PROFIT_RATIO":2.7878229042,"ROE_AVG":13.100531741342,"GROSS_PROFIT_QOQ":26.11751483177,"ROA":4.930053594472,"HOLDER_PROFIT_QOQ":28.419343700472,"ROE_YEARLY":13.100531741342,"ROIC_YEARLY":7.035927888657,"TOTAL_ASSETS":40135923000,"TOTAL_LIABILITIES":22969749000,"TAX_EBT":24.067224055723,"OCF_SALES":2.130757315003,"TOTAL_PARENT_EQUITY":14444116000,"DEBT_ASSET_RATIO":57.2299010041,"OPERATE_PROFIT":3080484000,"PRETAX_PROFIT":2738841000,"NETCASH_OPERATE":1589516000,"NETCASH_INVEST":-4211285000,"NETCASH_FINANCE":1470213000,"END_CASH":7545808000,"DIVI_RATIO":0.244280660375,"DIVIDEND_RATE":5.702917771883,"CURRENT_RATIO":1.302624640147,"COMMON_ACS":2000000000,"CURRENTDEBT_DEBT":88.697582198221,"ISSUED_COMMON_SHARES":1126124500,"HK_COMMON_SHARES":1126124500,"PER_SHARES":2000,"TOTAL_MARKET_CAP":8490978730,"HKSK_MARKET_CAP":8490978730,"PE_TTM":4.179685600185,"PB_TTM":0.484647953781,"REPORT_DATE_SQ":"2021-12-31 00:00:00","REPORT_TYPE_SQ":"2021年年报","OPERATE_INCOME_SQ":85615917000,"DPS_HKD":0.43,"OPERATE_INCOME_QOQ_SQ":27.468746446781,"NET_PROFIT_RATIO_SQ":1.811826649,"HOLDER_PROFIT_SQ":1299952000,"HOLDER_PROFIT_QOQ_SQ":-43.505598367338,"ROE_AVG_SQ":11.966425021872,"PE_TTM_SQ":3.444508954098,"PB_TTM_SQ":0.449739813317,"ROA_SQ":4.64771695088,"START_DATE":"2022-01-01 00:00:00","FISCAL_YEAR":"12-31","CURRENCY":"HKD","IS_CNY_CODE":0,"DPS_HKD_LY":0.4,"ORG_TYPE":"一般企业","PREMIUM_INCOME":null,"PREMIUM_INCOME_YOY":null,"NET_INTEREST_INCOME":null,"NET_INTEREST_INCOME_YOY":null,"FEE_COMMISSION_INCOME":null,"FEE_COMMISSION_INCOME_YOY":null,"ACCOUNTS_RECE_TDAYS":17.824982957238,"INVENTORY_TDAYS":10.531049026054,"CURRENT_ASSETS_TDAYS":3.006437823547,"TOTAL_ASSETS_TDAYS":2.047307777591,"PREMIUM_EXPENSE":null,"LOAN_DEPOSIT":null,"LOAN_EQUITY":null,"LOAN_ASSETS":null,"DEPOSIT_EQUITY":null,"DEPOSIT_ASSETS":null,"EQUITY_MULTIPLIER":2.338082032721,"EQUITY_RATIO":1.590249552136},{"SECUCODE":"00819.HK","SECURITY_CODE":"00819","SECURITY_NAME_ABBR":"天能动力","ORG_CODE":"10079897","STD_REPORT_DATE":"2022-06-30 00:00:00","REPORT_DATE":"2022-06-30 00:00:00","DATE_TYPE_CODE":"002","REPORT_TYPE":"2022年中报","PER_NETCASH_OPERATE":-0.289475986003,"PER_OI":27.551310712093,"BPS":11.86023570218,"BASIC_EPS":0.6747,"DILUTED_EPS":0.6623,"OPERATE_INCOME":31026206000,"OPERATE_INCOME_YOY":-14.4721241374,"GROSS_PROFIT":2379533000,"GROSS_PROFIT_YOY":23.011233956937,"HOLDER_PROFIT":759754000,"HOLDER_PROFIT_YOY":14.9639183916,"GROSS_PROFIT_RATIO":7.669429513876,"EPS_TTM":1.2421743777,"OPERATE_INCOME_QOQ":-6.131952076154,"NET_PROFIT_RATIO":2.9044704983,"ROE_AVG":5.769568263904,"GROSS_PROFIT_QOQ":9.632717610953,"ROA":2.099555550127,"HOLDER_PROFIT_QOQ":7.607280884217,"ROE_YEARLY":11.539136527808,"ROIC_YEARLY":6.077313661525,"TOTAL_ASSETS":39633897000,"TOTAL_LIABILITIES":23751874000,"TAX_EBT":19.141061026427,"OCF_SALES":-1.050679544898,"TOTAL_PARENT_EQUITY":13356102000,"DEBT_ASSET_RATIO":59.928182182,"OPERATE_PROFIT":1267318000,"PRETAX_PROFIT":1114468000,"NETCASH_OPERATE":-467692000,"NETCASH_INVEST":-2738782000,"NETCASH_FINANCE":3256320000,"END_CASH":8747210000,"DIVI_RATIO":0.313703620841,"DIVIDEND_RATE":5.702917771883,"CURRENT_RATIO":1.320941428574,"COMMON_ACS":2000000000,"CURRENTDEBT_DEBT":90.747277456928,"ISSUED_COMMON_SHARES":1126124500,"HK_COMMON_SHARES":1126124500,"PER_SHARES":2000,"TOTAL_MARKET_CAP":8490978730,"HKSK_MARKET_CAP":8490978730,"PE_TTM":4.179685600185,"PB_TTM":0.484647953781,"REPORT_DATE_SQ":"2021-06-30 00:00:00","REPORT_TYPE_SQ":"2021年中报","OPERATE_INCOME_SQ":36276133000,"DPS_HKD":0.43,"OPERATE_INCOME_QOQ_SQ":25.485575078236,"NET_PROFIT_RATIO_SQ":2.0490662552,"HOLDER_PROFIT_SQ":660863000,"HOLDER_PROFIT_QOQ_SQ":-7.101276140822,"ROE_AVG_SQ":6.258212647581,"PE_TTM_SQ":3.444508954098,"PB_TTM_SQ":0.449739813317,"ROA_SQ":2.336875813203,"START_DATE":"2022-01-01 00:00:00","FISCAL_YEAR":"12-31","CURRENCY":"HKD","IS_CNY_CODE":0,"DPS_HKD_LY":0.4,"ORG_TYPE":"一般企业","PREMIUM_INCOME":null,"PREMIUM_INCOME_YOY":null,"NET_INTEREST_INCOME":null,"NET_INTEREST_INCOME_YOY":null,"FEE_COMMISSION_INCOME":null,"FEE_COMMISSION_INCOME_YOY":null,"ACCOUNTS_RECE_TDAYS":7.592853377606,"INVENTORY_TDAYS":4.406334106441,"CURRENT_ASSETS_TDAYS":1.203532401945,"TOTAL_ASSETS_TDAYS":0.857399145074,"PREMIUM_EXPENSE":null,"LOAN_DEPOSIT":null,"LOAN_EQUITY":null,"LOAN_ASSETS":null,"DEPOSIT_EQUITY":null,"DEPOSIT_ASSETS":null,"EQUITY_MULTIPLIER":2.495519430992,"EQUITY_RATIO":1.778353744229},{"SECUCODE":"00819.HK","SECURITY_CODE":"00819","SECURITY_NAME_ABBR":"天能动力","ORG_CODE":"10079897","STD_REPORT_DATE":"2021-12-31 00:00:00","REPORT_DATE":"2021-12-31 00:00:00","DATE_TYPE_CODE":"001","REPORT_TYPE":"2021年年报","PER_NETCASH_OPERATE":1.871305526165,"PER_OI":76.027044079052,"BPS":11.526697092551,"BASIC_EPS":1.15,"DILUTED_EPS":1.13,"OPERATE_INCOME":85615917000,"OPERATE_INCOME_YOY":59.9548895238,"GROSS_PROFIT":4621022000,"GROSS_PROFIT_YOY":-15.86063995499,"HOLDER_PROFIT":1299952000,"HOLDER_PROFIT_YOY":-47.5174218314,"GROSS_PROFIT_RATIO":5.397386563062,"EPS_TTM":1.154359042894,"OPERATE_INCOME_QOQ":27.468746446781,"NET_PROFIT_RATIO":1.811826649,"ROE_AVG":11.966425021872,"GROSS_PROFIT_QOQ":-12.987311573047,"ROA":4.64771695088,"HOLDER_PROFIT_QOQ":-43.505598367338,"ROE_YEARLY":11.966425021872,"ROIC_YEARLY":6.552814039771,"TOTAL_ASSETS":32738944000,"TOTAL_LIABILITIES":17362012000,"TAX_EBT":15.554655508993,"OCF_SALES":2.461368252354,"TOTAL_PARENT_EQUITY":12980496000,"DEBT_ASSET_RATIO":53.0316799467,"OPERATE_PROFIT":2093766000,"PRETAX_PROFIT":1836942000,"NETCASH_OPERATE":2104610000,"NETCASH_INVEST":-4948362000,"NETCASH_FINANCE":7084811000,"END_CASH":8697364000,"DIVI_RATIO":0.337567936422,"DIVIDEND_RATE":5.702917771883,"CURRENT_RATIO":1.510164228032,"COMMON_ACS":2000000000,"CURRENTDEBT_DEBT":88.051920480184,"ISSUED_COMMON_SHARES":1126124500,"HK_COMMON_SHARES":1126124500,"PER_SHARES":2000,"TOTAL_MARKET_CAP":8490978730,"HKSK_MARKET_CAP":8490978730,"PE_TTM":4.179685600185,"PB_TTM":0.484647953781,"REPORT_DATE_SQ":"2020-12-31 00:00:00","REPORT_TYPE_SQ":"2020年年报","OPERATE_INCOME_SQ":53525039000,"DPS_HKD":0.43,"OPERATE_INCOME_QOQ_SQ":23.219718658221,"NET_PROFIT_RATIO_SQ":4.6792586176,"HOLDER_PROFIT_SQ":2476921000,"HOLDER_PROFIT_QOQ_SQ":28.82460571236,"ROE_AVG_SQ":32.145336856758,"PE_TTM_SQ":3.444508954098,"PB_TTM_SQ":0.449739813317,"ROA_SQ":11.702699800207,"START_DATE":"2021-01-01 00:00:00","FISCAL_YEAR":"12-31","CURRENCY":"HKD","IS_CNY_CODE":0,"DPS_HKD_LY":0.4,"ORG_TYPE":"一般企业","PREMIUM_INCOME":null,"PREMIUM_INCOME_YOY":null,"NET_INTEREST_INCOME":null,"NET_INTEREST_INCOME_YOY":null,"FEE_COMMISSION_INCOME":null,"FEE_COMMISSION_INCOME_YOY":null,"ACCOUNTS_RECE_TDAYS":30.156016750385,"INVENTORY_TDAYS":15.99360669578,"CURRENT_ASSETS_TDAYS":4.417602141024,"TOTAL_ASSETS_TDAYS":3.061024935582,"PREMIUM_EXPENSE":null,"LOAN_DEPOSIT":null,"LOAN_EQUITY":null,"LOAN_ASSETS":null,"DEPOSIT_EQUITY":null,"DEPOSIT_ASSETS":null,"EQUITY_MULTIPLIER":2.129094672463,"EQUITY_RATIO":1.337546115341},{"SECUCODE":"00819.HK","SECURITY_CODE":"00819","SECURITY_NAME_ABBR":"天能动力","ORG_CODE":"10079897","STD_REPORT_DATE":"2021-06-30 00:00:00","REPORT_DATE":"2021-06-30 00:00:00","DATE_TYPE_CODE":"002","REPORT_TYPE":"2021年中报","PER_NETCASH_OPERATE":-1.954080565692,"PER_OI":32.213252619937,"BPS":10.987865018477,"BASIC_EPS":0.5868,"DILUTED_EPS":0.5724,"OPERATE_INCOME":36276133000,"OPERATE_INCOME_YOY":60.2658832888,"GROSS_PROFIT":1934403000,"GROSS_PROFIT_YOY":-8.571848548254,"HOLDER_PROFIT":660863000,"HOLDER_PROFIT_YOY":-21.0208232746,"GROSS_PROFIT_RATIO":5.332439926825,"EPS_TTM":2.043315814548,"OPERATE_INCOME_QOQ":25.485575078236,"NET_PROFIT_RATIO":2.0490662552,"ROE_AVG":6.258212647581,"GROSS_PROFIT_QOQ":-3.302194695841,"ROA":2.336875813203,"HOLDER_PROFIT_QOQ":-7.101276140822,"ROE_YEARLY":12.516425295163,"ROIC_YEARLY":6.463613656721,"TOTAL_ASSETS":33359096000,"TOTAL_LIABILITIES":18760684000,"TAX_EBT":22.430677013111,"OCF_SALES":-6.066076557829,"TOTAL_PARENT_EQUITY":12373704000,"DEBT_ASSET_RATIO":56.2385863214,"OPERATE_PROFIT":1076542000,"PRETAX_PROFIT":958268000,"NETCASH_OPERATE":-2185192000,"NETCASH_INVEST":-3237933000,"NETCASH_FINANCE":9234777000,"END_CASH":8267957000,"DIVI_RATIO":0.190706985785,"DIVIDEND_RATE":5.702917771883,"CURRENT_RATIO":1.484114227438,"COMMON_ACS":2000000000,"CURRENTDEBT_DEBT":89.773288649817,"ISSUED_COMMON_SHARES":1126124500,"HK_COMMON_SHARES":1126124500,"PER_SHARES":2000,"TOTAL_MARKET_CAP":8490978730,"HKSK_MARKET_CAP":8490978730,"PE_TTM":4.179685600185,"PB_TTM":0.484647953781,"REPORT_DATE_SQ":"2020-06-30 00:00:00","REPORT_TYPE_SQ":"2020年中报","OPERATE_INCOME_SQ":22634969000,"DPS_HKD":0.43,"OPERATE_INCOME_QOQ_SQ":6.956152939579,"NET_PROFIT_RATIO_SQ":3.8000405479,"HOLDER_PROFIT_SQ":836756000,"HOLDER_PROFIT_QOQ_SQ":14.322578957289,"ROE_AVG_SQ":12.1144303439,"PE_TTM_SQ":3.444508954098,"PB_TTM_SQ":0.449739813317,"ROA_SQ":3.949359823629,"START_DATE":"2021-01-01 00:00:00","FISCAL_YEAR":"12-31","CURRENCY":"HKD","IS_CNY_CODE":0,"DPS_HKD_LY":0.4,"ORG_TYPE":"一般企业","PREMIUM_INCOME":null,"PREMIUM_INCOME_YOY":null,"NET_INTEREST_INCOME":null,"NET_INTEREST_INCOME_YOY":null,"FEE_COMMISSION_INCOME":null,"FEE_COMMISSION_INCOME_YOY":null,"ACCOUNTS_RECE_TDAYS":12.193709385334,"INVENTORY_TDAYS":5.797264804585,"CURRENT_ASSETS_TDAYS":1.783922689295,"TOTAL_ASSETS_TDAYS":1.282759328397,"PREMIUM_EXPENSE":null,"LOAN_DEPOSIT":null,"LOAN_EQUITY":null,"LOAN_ASSETS":null,"DEPOSIT_EQUITY":null,"DEPOSIT_ASSETS":null,"EQUITY_MULTIPLIER":2.285118134767,"EQUITY_RATIO":1.516173653419},{"SECUCODE":"00819.HK","SECURITY_CODE":"00819","SECURITY_NAME_ABBR":"天能动力","ORG_CODE":"10079897","STD_REPORT_DATE":"2020-12-31 00:00:00","REPORT_DATE":"2020-12-31 00:00:00","DATE_TYPE_CODE":"001","REPORT_TYPE":"2020年年报","PER_NETCASH_OPERATE":1.866383335058,"PER_OI":47.530303265758,"BPS":7.766601294972,"BASIC_EPS":2.2,"DILUTED_EPS":2.15,"OPERATE_INCOME":53525039000,"OPERATE_INCOME_YOY":31.7910707398,"GROSS_PROFIT":5492105000,"GROSS_PROFIT_YOY":17.158483257558,"HOLDER_PROFIT":2476921000,"HOLDER_PROFIT_YOY":47.2756115819,"GROSS_PROFIT_RATIO":10.260814569421,"EPS_TTM":2.199509024091,"OPERATE_INCOME_QOQ":23.219718658221,"NET_PROFIT_RATIO":4.6792586176,"ROE_AVG":32.145336856758,"GROSS_PROFIT_QOQ":10.923291506977,"ROA":11.702699800207,"HOLDER_PROFIT_QOQ":28.82460571236,"ROE_YEARLY":32.145336856758,"ROIC_YEARLY":15.296611340511,"TOTAL_ASSETS":23200435000,"TOTAL_LIABILITIES":13741146000,"TAX_EBT":15.09132367459,"OCF_SALES":3.926722967918,"TOTAL_PARENT_EQUITY":8746160000,"DEBT_ASSET_RATIO":59.2279670618,"OPERATE_PROFIT":3050348000,"PRETAX_PROFIT":2949728000,"NETCASH_OPERATE":2101780000,"NETCASH_INVEST":-1099119000,"NETCASH_FINANCE":-700547000,"END_CASH":4456305000,"DIVI_RATIO":0.177164356105,"DIVIDEND_RATE":5.702917771883,"CURRENT_RATIO":1.260789486215,"COMMON_ACS":2000000000,"CURRENTDEBT_DEBT":90.474899255128,"ISSUED_COMMON_SHARES":1126124500,"HK_COMMON_SHARES":1126124500,"PER_SHARES":2000,"TOTAL_MARKET_CAP":8490978730,"HKSK_MARKET_CAP":8490978730,"PE_TTM":4.179685600185,"PB_TTM":0.484647953781,"REPORT_DATE_SQ":"2019-12-31 00:00:00","REPORT_TYPE_SQ":"2019年年报","OPERATE_INCOME_SQ":40613555000,"DPS_HKD":0.43,"OPERATE_INCOME_QOQ_SQ":0.70032045735,"NET_PROFIT_RATIO_SQ":4.2496895433,"HOLDER_PROFIT_SQ":1681827000,"HOLDER_PROFIT_QOQ_SQ":35.672349034869,"ROE_AVG_SQ":28.476720553088,"PE_TTM_SQ":3.444508954098,"PB_TTM_SQ":0.449739813317,"ROA_SQ":9.403136307673,"START_DATE":"2020-01-01 00:00:00","FISCAL_YEAR":"12-31","CURRENCY":"HKD","IS_CNY_CODE":0,"DPS_HKD_LY":0.39,"ORG_TYPE":"一般企业","PREMIUM_INCOME":null,"PREMIUM_INCOME_YOY":null,"NET_INTEREST_INCOME":null,"NET_INTEREST_INCOME_YOY":null,"FEE_COMMISSION_INCOME":null,"FEE_COMMISSION_INCOME_YOY":null,"ACCOUNTS_RECE_TDAYS":27.70966350838,"INVENTORY_TDAYS":11.149945536203,"CURRENT_ASSETS_TDAYS":3.764119057891,"TOTAL_ASSETS_TDAYS":2.528895605517,"PREMIUM_EXPENSE":null,"LOAN_DEPOSIT":null,"LOAN_EQUITY":null,"LOAN_ASSETS":null,"DEPOSIT_EQUITY":null,"DEPOSIT_ASSETS":null,"EQUITY_MULTIPLIER":2.452661611246,"EQUITY_RATIO":1.571106176882},{"SECUCODE":"00819.HK","SECURITY_CODE":"00819","SECURITY_NAME_ABBR":"天能动力","ORG_CODE":"10079897","STD_REPORT_DATE":"2020-06-30 00:00:00","REPORT_DATE":"2020-06-30 00:00:00","DATE_TYPE_CODE":"002","REPORT_TYPE":"2020年中报","PER_NETCASH_OPERATE":1.708216098664,"PER_OI":20.099881496229,"BPS":6.348853079744,"BASIC_EPS":0.7427,"DILUTED_EPS":0.7284,"OPERATE_INCOME":22634969000,"OPERATE_INCOME_YOY":14.2613100932,"GROSS_PROFIT":2115763000,"GROSS_PROFIT_YOY":14.226273258124,"HOLDER_PROFIT":836756000,"HOLDER_PROFIT_YOY":40.4247535137,"GROSS_PROFIT_RATIO":9.347320069226,"EPS_TTM":1.707367169438,"OPERATE_INCOME_QOQ":6.956152939579,"NET_PROFIT_RATIO":3.8000405479,"ROE_AVG":12.1144303439,"GROSS_PROFIT_QOQ":5.621174476407,"ROA":3.949359823629,"HOLDER_PROFIT_QOQ":14.322578957289,"ROE_YEARLY":24.228860687801,"ROIC_YEARLY":10.747057721047,"TOTAL_ASSETS":23243933000,"TOTAL_LIABILITIES":15386109000,"TAX_EBT":22.595444302859,"OCF_SALES":8.498637661046,"TOTAL_PARENT_EQUITY":7149599000,"DEBT_ASSET_RATIO":66.1940860009,"OPERATE_PROFIT":1173405000,"PRETAX_PROFIT":1111224000,"NETCASH_OPERATE":1923664000,"NETCASH_INVEST":-1186620000,"NETCASH_FINANCE":855066000,"END_CASH":5746301000,"DIVI_RATIO":0.228231283215,"DIVIDEND_RATE":5.702917771883,"CURRENT_RATIO":1.161150843644,"COMMON_ACS":2000000000,"CURRENTDEBT_DEBT":90.818516884288,"ISSUED_COMMON_SHARES":1126124500,"HK_COMMON_SHARES":1126124500,"PER_SHARES":2000,"TOTAL_MARKET_CAP":8490978730,"HKSK_MARKET_CAP":8490978730,"PE_TTM":4.179685600185,"PB_TTM":0.484647953781,"REPORT_DATE_SQ":"2019-06-30 00:00:00","REPORT_TYPE_SQ":"2019年中报","OPERATE_INCOME_SQ":19809828000,"DPS_HKD":0.43,"OPERATE_INCOME_QOQ_SQ":16.057910299052,"NET_PROFIT_RATIO_SQ":2.7598226048,"HOLDER_PROFIT_SQ":595875000,"HOLDER_PROFIT_QOQ_SQ":4.32104271896,"ROE_AVG_SQ":10.390507098443,"PE_TTM_SQ":3.444508954098,"PB_TTM_SQ":0.449739813317,"ROA_SQ":3.136850711828,"START_DATE":"2020-01-01 00:00:00","FISCAL_YEAR":"12-31","CURRENCY":"HKD","IS_CNY_CODE":0,"DPS_HKD_LY":0.39,"ORG_TYPE":"一般企业","PREMIUM_INCOME":null,"PREMIUM_INCOME_YOY":null,"NET_INTEREST_INCOME":null,"NET_INTEREST_INCOME_YOY":null,"FEE_COMMISSION_INCOME":null,"FEE_COMMISSION_INCOME_YOY":null,"ACCOUNTS_RECE_TDAYS":11.123173777285,"INVENTORY_TDAYS":5.056969134166,"CURRENT_ASSETS_TDAYS":1.561550402635,"TOTAL_ASSETS_TDAYS":1.068335777427,"PREMIUM_EXPENSE":null,"LOAN_DEPOSIT":null,"LOAN_EQUITY":null,"LOAN_ASSETS":null,"DEPOSIT_EQUITY":null,"DEPOSIT_ASSETS":null,"EQUITY_MULTIPLIER":2.958062308348,"EQUITY_RATIO":2.15202405058}],"count":39},"success":true,"message":"ok","code":0}