{"version":"321467e3238237e24bad548b4f9ee451","result":{"pages":2,"data":[{"SECUCODE":"00816.HK","SECURITY_CODE":"00816","SECURITY_NAME_ABBR":"金茂服务","ORG_CODE":"10000251903","STD_REPORT_DATE":"2024-06-30 00:00:00","REPORT_DATE":"2024-06-30 00:00:00","DATE_TYPE_CODE":"002","REPORT_TYPE":"2024年中报","PER_NETCASH_OPERATE":0.169298675388,"PER_OI":1.64940183966,"BPS":1.744962612905,"BASIC_EPS":0.19,"DILUTED_EPS":0.19,"OPERATE_INCOME":1491371000,"OPERATE_INCOME_YOY":10.1991218775,"GROSS_PROFIT":366447000,"GROSS_PROFIT_YOY":2.544248716263,"HOLDER_PROFIT":173436000,"HOLDER_PROFIT_YOY":18.9310768091,"GROSS_PROFIT_RATIO":24.571149633458,"EPS_TTM":0.403590399795,"OPERATE_INCOME_QOQ":5.10384512419,"NET_PROFIT_RATIO":12.1336676119,"ROE_AVG":11.119224764952,"GROSS_PROFIT_QOQ":1.217881914212,"ROA":4.359924272724,"HOLDER_PROFIT_QOQ":8.184338081615,"ROE_YEARLY":22.238449529903,"ROIC_YEARLY":13.005947448581,"TOTAL_ASSETS":4342128000,"TOTAL_LIABILITIES":2706335000,"TAX_EBT":23.020508522884,"OCF_SALES":10.264246790369,"TOTAL_PARENT_EQUITY":1577776000,"DEBT_ASSET_RATIO":62.3273887826,"OPERATE_PROFIT":239122000,"PRETAX_PROFIT":235073000,"NETCASH_OPERATE":153078000,"NETCASH_INVEST":-116754000,"NETCASH_FINANCE":-2778000,"END_CASH":1285588000,"DIVI_RATIO":0.571674945978,"DIVIDEND_RATE":9.731800766284,"CURRENT_RATIO":1.354975302418,"COMMON_ACS":null,"CURRENTDEBT_DEBT":94.322358466339,"ISSUED_COMMON_SHARES":904189000,"HK_COMMON_SHARES":904189000,"PER_SHARES":500,"TOTAL_MARKET_CAP":2359933290,"HKSK_MARKET_CAP":2359933290,"PE_TTM":5.840234125349,"PB_TTM":1.365126554794,"REPORT_DATE_SQ":"2023-06-30 00:00:00","REPORT_TYPE_SQ":"2023年中报","OPERATE_INCOME_SQ":1353342000,"DPS_HKD":0.254,"OPERATE_INCOME_QOQ_SQ":10.527517051274,"NET_PROFIT_RATIO_SQ":10.9743139576,"HOLDER_PROFIT_SQ":145829000,"HOLDER_PROFIT_QOQ_SQ":-6.941625347468,"ROE_AVG_SQ":10.828634185244,"PE_TTM_SQ":5.319993640969,"PB_TTM_SQ":1.222476187234,"ROA_SQ":4.490650418959,"START_DATE":"2024-01-01 00:00:00","FISCAL_YEAR":"12-31","CURRENCY":"HKD","IS_CNY_CODE":0,"DPS_HKD_LY":0.254,"ORG_TYPE":"一般企业","PREMIUM_INCOME":null,"PREMIUM_INCOME_YOY":null,"NET_INTEREST_INCOME":null,"NET_INTEREST_INCOME_YOY":null,"FEE_COMMISSION_INCOME":null,"FEE_COMMISSION_INCOME_YOY":null,"ACCOUNTS_RECE_TDAYS":1.389333486113,"INVENTORY_TDAYS":253.904525448595,"CURRENT_ASSETS_TDAYS":0.461939576856,"TOTAL_ASSETS_TDAYS":0.374908590058,"PREMIUM_EXPENSE":null,"LOAN_DEPOSIT":null,"LOAN_EQUITY":null,"LOAN_ASSETS":null,"DEPOSIT_EQUITY":null,"DEPOSIT_ASSETS":null,"EQUITY_MULTIPLIER":2.654448331785,"EQUITY_RATIO":1.715284679194},{"SECUCODE":"00816.HK","SECURITY_CODE":"00816","SECURITY_NAME_ABBR":"金茂服务","ORG_CODE":"10000251903","STD_REPORT_DATE":"2023-12-31 00:00:00","REPORT_DATE":"2023-12-31 00:00:00","DATE_TYPE_CODE":"001","REPORT_TYPE":"2023年年报","PER_NETCASH_OPERATE":0.498547316988,"PER_OI":2.990980867938,"BPS":1.705167835486,"BASIC_EPS":0.37,"DILUTED_EPS":0.37,"OPERATE_INCOME":2704412000,"OPERATE_INCOME_YOY":11.0169599369,"GROSS_PROFIT":746542000,"GROSS_PROFIT_YOY":1.726736342949,"HOLDER_PROFIT":337315000,"HOLDER_PROFIT_YOY":0.3907714835,"GROSS_PROFIT_RATIO":27.604595749464,"EPS_TTM":0.3730580664,"OPERATE_INCOME_QOQ":0.44282446465,"NET_PROFIT_RATIO":12.6810190163,"ROE_AVG":23.384322940262,"GROSS_PROFIT_QOQ":1.544228762944,"ROA":10.194915825415,"HOLDER_PROFIT_QOQ":7.879351921146,"ROE_YEARLY":23.384322940262,"ROIC_YEARLY":15.677963935315,"TOTAL_ASSETS":3613790000,"TOTAL_LIABILITIES":2045773000,"TAX_EBT":23.24270245348,"OCF_SALES":16.668355265396,"TOTAL_PARENT_EQUITY":1541794000,"DEBT_ASSET_RATIO":56.6101793408,"OPERATE_PROFIT":451294000,"PRETAX_PROFIT":446794000,"NETCASH_OPERATE":450781000,"NETCASH_INVEST":-54851000,"NETCASH_FINANCE":-162894000,"END_CASH":1252038000,"DIVI_RATIO":0.618462756285,"DIVIDEND_RATE":9.621212121212,"CURRENT_RATIO":1.570692666592,"COMMON_ACS":null,"CURRENTDEBT_DEBT":93.305855537247,"ISSUED_COMMON_SHARES":904189000,"HK_COMMON_SHARES":904189000,"PER_SHARES":500,"TOTAL_MARKET_CAP":2387058960,"HKSK_MARKET_CAP":2387058960,"PE_TTM":5.907363253227,"PB_TTM":1.38081766462,"REPORT_DATE_SQ":"2022-12-31 00:00:00","REPORT_TYPE_SQ":"2022年年报","OPERATE_INCOME_SQ":2436035000,"DPS_HKD":0.254,"OPERATE_INCOME_QOQ_SQ":26.439093409431,"NET_PROFIT_RATIO_SQ":14.0154390228,"HOLDER_PROFIT_SQ":336002000,"HOLDER_PROFIT_QOQ_SQ":29.295191478882,"ROE_AVG_SQ":43.677180758757,"PE_TTM_SQ":4.702014581664,"PB_TTM_SQ":1.080471377606,"ROA_SQ":15.403820674922,"START_DATE":"2023-01-01 00:00:00","FISCAL_YEAR":"12-31","CURRENCY":"HKD","IS_CNY_CODE":0,"DPS_HKD_LY":0.17,"ORG_TYPE":"一般企业","PREMIUM_INCOME":null,"PREMIUM_INCOME_YOY":null,"NET_INTEREST_INCOME":null,"NET_INTEREST_INCOME_YOY":null,"FEE_COMMISSION_INCOME":null,"FEE_COMMISSION_INCOME_YOY":null,"ACCOUNTS_RECE_TDAYS":3.221712751345,"INVENTORY_TDAYS":452.896136941939,"CURRENT_ASSETS_TDAYS":0.994181578497,"TOTAL_ASSETS_TDAYS":0.817374047915,"PREMIUM_EXPENSE":null,"LOAN_DEPOSIT":null,"LOAN_EQUITY":null,"LOAN_ASSETS":null,"DEPOSIT_EQUITY":null,"DEPOSIT_ASSETS":null,"EQUITY_MULTIPLIER":2.304688023153,"EQUITY_RATIO":1.326878298917},{"SECUCODE":"00816.HK","SECURITY_CODE":"00816","SECURITY_NAME_ABBR":"金茂服务","ORG_CODE":"10000251903","STD_REPORT_DATE":"2023-06-30 00:00:00","REPORT_DATE":"2023-06-30 00:00:00","DATE_TYPE_CODE":"002","REPORT_TYPE":"2023年中报","PER_NETCASH_OPERATE":0.095495521401,"PER_OI":1.496746808466,"BPS":1.493297308417,"BASIC_EPS":0.16,"DILUTED_EPS":0.16,"OPERATE_INCOME":1353342000,"OPERATE_INCOME_YOY":23.3801445544,"GROSS_PROFIT":357355000,"GROSS_PROFIT_YOY":0.370468154906,"HOLDER_PROFIT":145829000,"HOLDER_PROFIT_YOY":-13.7887001709,"GROSS_PROFIT_RATIO":26.405372773475,"EPS_TTM":0.345810444498,"OPERATE_INCOME_QOQ":10.527517051274,"NET_PROFIT_RATIO":10.9743139576,"ROE_AVG":10.828634185244,"GROSS_PROFIT_QOQ":0.179732105141,"ROA":4.490650418959,"HOLDER_PROFIT_QOQ":-6.941625347468,"ROE_YEARLY":21.657268370488,"ROIC_YEARLY":13.368002559399,"TOTAL_ASSETS":3491255000,"TOTAL_LIABILITIES":2121288000,"TAX_EBT":24.838437052444,"OCF_SALES":6.38020544696,"TOTAL_PARENT_EQUITY":1350223000,"DEBT_ASSET_RATIO":60.7600418761,"OPERATE_PROFIT":199724000,"PRETAX_PROFIT":197601000,"NETCASH_OPERATE":86346000,"NETCASH_INVEST":-12067000,"NETCASH_FINANCE":-20593000,"END_CASH":1075504000,"DIVI_RATIO":0.667193613354,"DIVIDEND_RATE":9.621212121212,"CURRENT_RATIO":1.455722405358,"COMMON_ACS":null,"CURRENTDEBT_DEBT":94.941705228144,"ISSUED_COMMON_SHARES":904189000,"HK_COMMON_SHARES":904189000,"PER_SHARES":500,"TOTAL_MARKET_CAP":2387058960,"HKSK_MARKET_CAP":2387058960,"PE_TTM":5.907363253227,"PB_TTM":1.38081766462,"REPORT_DATE_SQ":"2022-06-30 00:00:00","REPORT_TYPE_SQ":"2022年中报","OPERATE_INCOME_SQ":1096888000,"DPS_HKD":0.254,"OPERATE_INCOME_QOQ_SQ":27.127365104502,"NET_PROFIT_RATIO_SQ":15.5462544945,"HOLDER_PROFIT_SQ":169153000,"HOLDER_PROFIT_QOQ_SQ":46.014372643656,"ROE_AVG_SQ":25.183082152114,"PE_TTM_SQ":4.702014581664,"PB_TTM_SQ":1.080471377606,"ROA_SQ":8.532912420779,"START_DATE":"2023-01-01 00:00:00","FISCAL_YEAR":"12-31","CURRENCY":"HKD","IS_CNY_CODE":0,"DPS_HKD_LY":0.17,"ORG_TYPE":"一般企业","PREMIUM_INCOME":null,"PREMIUM_INCOME_YOY":null,"NET_INTEREST_INCOME":null,"NET_INTEREST_INCOME_YOY":null,"FEE_COMMISSION_INCOME":null,"FEE_COMMISSION_INCOME_YOY":null,"ACCOUNTS_RECE_TDAYS":1.496371966204,"INVENTORY_TDAYS":215.978965629405,"CURRENT_ASSETS_TDAYS":0.503652886638,"TOTAL_ASSETS_TDAYS":0.41674741096,"PREMIUM_EXPENSE":null,"LOAN_DEPOSIT":null,"LOAN_EQUITY":null,"LOAN_ASSETS":null,"DEPOSIT_EQUITY":null,"DEPOSIT_ASSETS":null,"EQUITY_MULTIPLIER":2.548422699236,"EQUITY_RATIO":1.571064927793},{"SECUCODE":"00816.HK","SECURITY_CODE":"00816","SECURITY_NAME_ABBR":"金茂服务","ORG_CODE":"10000251903","STD_REPORT_DATE":"2022-12-31 00:00:00","REPORT_DATE":"2022-12-31 00:00:00","DATE_TYPE_CODE":"001","REPORT_TYPE":"2022年年报","PER_NETCASH_OPERATE":0.17041016867,"PER_OI":2.69416571093,"BPS":1.485500265984,"BASIC_EPS":0.38,"DILUTED_EPS":0.38,"OPERATE_INCOME":2436035000,"OPERATE_INCOME_YOY":60.7386879134,"GROSS_PROFIT":733870000,"GROSS_PROFIT_YOY":56.131258589804,"HOLDER_PROFIT":336002000,"HOLDER_PROFIT_YOY":88.7895626963,"GROSS_PROFIT_RATIO":30.125593433592,"EPS_TTM":0.371605936369,"OPERATE_INCOME_QOQ":26.439093409431,"NET_PROFIT_RATIO":14.0154390228,"ROE_AVG":43.677180758757,"GROSS_PROFIT_QOQ":22.015575536698,"ROA":15.403820674922,"HOLDER_PROFIT_QOQ":29.295191478882,"ROE_YEARLY":43.677180758757,"ROIC_YEARLY":24.309516178393,"TOTAL_ASSETS":3003528000,"TOTAL_LIABILITIES":1643302000,"TAX_EBT":23.501549368042,"OCF_SALES":6.325155426749,"TOTAL_PARENT_EQUITY":1343173000,"DEBT_ASSET_RATIO":54.7123915609,"OPERATE_PROFIT":447894000,"PRETAX_PROFIT":446311000,"NETCASH_OPERATE":154083000,"NETCASH_INVEST":-359589000,"NETCASH_FINANCE":664982000,"END_CASH":1018958000,"DIVI_RATIO":0.620879532373,"DIVIDEND_RATE":9.621212121212,"CURRENT_RATIO":1.593574806602,"COMMON_ACS":null,"CURRENTDEBT_DEBT":93.262954709481,"ISSUED_COMMON_SHARES":904189000,"HK_COMMON_SHARES":904189000,"PER_SHARES":500,"TOTAL_MARKET_CAP":2387058960,"HKSK_MARKET_CAP":2387058960,"PE_TTM":5.907363253227,"PB_TTM":1.38081766462,"REPORT_DATE_SQ":"2021-12-31 00:00:00","REPORT_TYPE_SQ":"2021年年报","OPERATE_INCOME_SQ":1515525000,"DPS_HKD":0.254,"OPERATE_INCOME_QOQ_SQ":14.157564216808,"NET_PROFIT_RATIO_SQ":11.8118143878,"HOLDER_PROFIT_SQ":177977000,"HOLDER_PROFIT_QOQ_SQ":34.325305478615,"ROE_AVG_SQ":145.566001856615,"PE_TTM_SQ":4.702014581664,"PB_TTM_SQ":1.080471377606,"ROA_SQ":10.186741959089,"START_DATE":"2022-01-01 00:00:00","FISCAL_YEAR":"12-31","CURRENCY":"HKD","IS_CNY_CODE":0,"DPS_HKD_LY":null,"ORG_TYPE":"一般企业","PREMIUM_INCOME":null,"PREMIUM_INCOME_YOY":null,"NET_INTEREST_INCOME":null,"NET_INTEREST_INCOME_YOY":null,"FEE_COMMISSION_INCOME":null,"FEE_COMMISSION_INCOME_YOY":null,"ACCOUNTS_RECE_TDAYS":4.083747471793,"INVENTORY_TDAYS":381.908234238277,"CURRENT_ASSETS_TDAYS":1.319985380668,"TOTAL_ASSETS_TDAYS":1.11678639704,"PREMIUM_EXPENSE":null,"LOAN_DEPOSIT":null,"LOAN_EQUITY":null,"LOAN_ASSETS":null,"DEPOSIT_EQUITY":null,"DEPOSIT_ASSETS":null,"EQUITY_MULTIPLIER":2.208109534741,"EQUITY_RATIO":1.223447761383},{"SECUCODE":"00816.HK","SECURITY_CODE":"00816","SECURITY_NAME_ABBR":"金茂服务","ORG_CODE":"10000251903","STD_REPORT_DATE":"2022-06-30 00:00:00","REPORT_DATE":"2022-06-30 00:00:00","DATE_TYPE_CODE":"002","REPORT_TYPE":"2022年中报","PER_NETCASH_OPERATE":0.129247314444,"PER_OI":1.213118053858,"BPS":1.269633892914,"BASIC_EPS":0.2,"DILUTED_EPS":0.2,"OPERATE_INCOME":1096888000,"OPERATE_INCOME_YOY":59.9507703794,"GROSS_PROFIT":356036000,"GROSS_PROFIT_YOY":58.510155199587,"HOLDER_PROFIT":169153000,"HOLDER_PROFIT_YOY":93.853858672,"GROSS_PROFIT_RATIO":32.458737810971,"EPS_TTM":0.287408937733,"OPERATE_INCOME_QOQ":27.127365104502,"NET_PROFIT_RATIO":15.5462544945,"ROE_AVG":25.183082152114,"GROSS_PROFIT_QOQ":27.96010501368,"ROA":8.532912420779,"HOLDER_PROFIT_QOQ":46.014372643656,"ROE_YEARLY":50.366164304228,"ROIC_YEARLY":28.844091201301,"TOTAL_ASSETS":2605667000,"TOTAL_LIABILITIES":1444672000,"TAX_EBT":23.275066927628,"OCF_SALES":10.654141534961,"TOTAL_PARENT_EQUITY":1147989000,"DEBT_ASSET_RATIO":55.443462269,"OPERATE_PROFIT":222820000,"PRETAX_PROFIT":222255000,"NETCASH_OPERATE":116864000,"NETCASH_INVEST":-297193000,"NETCASH_FINANCE":670464000,"END_CASH":1043754000,"DIVI_RATIO":0.802767380234,"DIVIDEND_RATE":9.621212121212,"CURRENT_RATIO":1.547217271923,"COMMON_ACS":null,"CURRENTDEBT_DEBT":96.754349776281,"ISSUED_COMMON_SHARES":904189000,"HK_COMMON_SHARES":904189000,"PER_SHARES":500,"TOTAL_MARKET_CAP":2387058960,"HKSK_MARKET_CAP":2387058960,"PE_TTM":5.907363253227,"PB_TTM":1.38081766462,"REPORT_DATE_SQ":"2021-06-30 00:00:00","REPORT_TYPE_SQ":"2021年中报","OPERATE_INCOME_SQ":685766000,"DPS_HKD":0.254,"OPERATE_INCOME_QOQ_SQ":0,"NET_PROFIT_RATIO_SQ":12.8241995083,"HOLDER_PROFIT_SQ":87258000,"HOLDER_PROFIT_QOQ_SQ":0,"ROE_AVG_SQ":null,"PE_TTM_SQ":4.702014581664,"PB_TTM_SQ":1.080471377606,"ROA_SQ":null,"START_DATE":"2022-01-01 00:00:00","FISCAL_YEAR":"12-31","CURRENCY":"HKD","IS_CNY_CODE":0,"DPS_HKD_LY":null,"ORG_TYPE":"一般企业","PREMIUM_INCOME":null,"PREMIUM_INCOME_YOY":null,"NET_INTEREST_INCOME":null,"NET_INTEREST_INCOME_YOY":null,"FEE_COMMISSION_INCOME":null,"FEE_COMMISSION_INCOME_YOY":null,"ACCOUNTS_RECE_TDAYS":2.017304242197,"INVENTORY_TDAYS":163.905309734513,"CURRENT_ASSETS_TDAYS":0.643076388215,"TOTAL_ASSETS_TDAYS":0.553324460069,"PREMIUM_EXPENSE":null,"LOAN_DEPOSIT":null,"LOAN_EQUITY":null,"LOAN_ASSETS":null,"DEPOSIT_EQUITY":null,"DEPOSIT_ASSETS":null,"EQUITY_MULTIPLIER":2.244339553574,"EQUITY_RATIO":1.258437145304},{"SECUCODE":"00816.HK","SECURITY_CODE":"00816","SECURITY_NAME_ABBR":"金茂服务","ORG_CODE":"10000251903","STD_REPORT_DATE":"2021-12-31 00:00:00","REPORT_DATE":"2021-12-31 00:00:00","DATE_TYPE_CODE":"001","REPORT_TYPE":"2021年年报","PER_NETCASH_OPERATE":null,"PER_OI":22.637683540711,"BPS":0.216101943288,"BASIC_EPS":0.22,"DILUTED_EPS":0.22,"OPERATE_INCOME":1515525000,"OPERATE_INCOME_YOY":60.5071964923,"GROSS_PROFIT":470034000,"GROSS_PROFIT_YOY":100.194216935206,"HOLDER_PROFIT":177977000,"HOLDER_PROFIT_YOY":130.7673357191,"GROSS_PROFIT_RATIO":31.014598901371,"EPS_TTM":2.658476107966,"OPERATE_INCOME_QOQ":14.157564216808,"NET_PROFIT_RATIO":11.8118143878,"ROE_AVG":145.566001856615,"GROSS_PROFIT_QOQ":23.083248010516,"ROA":10.186741959089,"HOLDER_PROFIT_QOQ":34.325305478615,"ROE_YEARLY":145.566001856615,"ROIC_YEARLY":13.375363454837,"TOTAL_ASSETS":1359052000,"TOTAL_LIABILITIES":1155071000,"TAX_EBT":27.85741632579,"OCF_SALES":22.924992989228,"TOTAL_PARENT_EQUITY":195397000,"DEBT_ASSET_RATIO":84.9909348575,"OPERATE_PROFIT":281842000,"PRETAX_PROFIT":248135000,"NETCASH_OPERATE":347434000,"NETCASH_INVEST":1076447000,"NETCASH_FINANCE":-1141080000,"END_CASH":553619000,"DIVI_RATIO":0.086787509321,"DIVIDEND_RATE":9.621212121212,"CURRENT_RATIO":1.106964988892,"COMMON_ACS":null,"CURRENTDEBT_DEBT":97.659970685785,"ISSUED_COMMON_SHARES":904189000,"HK_COMMON_SHARES":904189000,"PER_SHARES":500,"TOTAL_MARKET_CAP":2387058960,"HKSK_MARKET_CAP":2387058960,"PE_TTM":5.907363253227,"PB_TTM":1.38081766462,"REPORT_DATE_SQ":"2020-12-31 00:00:00","REPORT_TYPE_SQ":"2020年年报","OPERATE_INCOME_SQ":944210000,"DPS_HKD":0.254,"OPERATE_INCOME_QOQ_SQ":19.774508672207,"NET_PROFIT_RATIO_SQ":8.1680981985,"HOLDER_PROFIT_SQ":77124000,"HOLDER_PROFIT_QOQ_SQ":240.894625176803,"ROE_AVG_SQ":98.269040868984,"PE_TTM_SQ":4.702014581664,"PB_TTM_SQ":1.080471377606,"ROA_SQ":3.742562697533,"START_DATE":"2021-01-01 00:00:00","FISCAL_YEAR":"12-31","CURRENCY":"HKD","IS_CNY_CODE":0,"DPS_HKD_LY":null,"ORG_TYPE":"一般企业","PREMIUM_INCOME":null,"PREMIUM_INCOME_YOY":null,"NET_INTEREST_INCOME":null,"NET_INTEREST_INCOME_YOY":null,"FEE_COMMISSION_INCOME":null,"FEE_COMMISSION_INCOME_YOY":null,"ACCOUNTS_RECE_TDAYS":4.903104223621,"INVENTORY_TDAYS":215.077350339436,"CURRENT_ASSETS_TDAYS":1.277506934291,"TOTAL_ASSETS_TDAYS":0.867430179605,"PREMIUM_EXPENSE":null,"LOAN_DEPOSIT":null,"LOAN_EQUITY":null,"LOAN_ASSETS":null,"DEPOSIT_EQUITY":null,"DEPOSIT_ASSETS":null,"EQUITY_MULTIPLIER":6.662640147842,"EQUITY_RATIO":5.911406009304},{"SECUCODE":"00816.HK","SECURITY_CODE":"00816","SECURITY_NAME_ABBR":"金茂服务","ORG_CODE":"10000251903","STD_REPORT_DATE":"2021-09-30 00:00:00","REPORT_DATE":"2021-09-30 00:00:00","DATE_TYPE_CODE":"004","REPORT_TYPE":"2021年三季报","PER_NETCASH_OPERATE":null,"PER_OI":15.664406172047,"BPS":0.154552864501,"BASIC_EPS":null,"DILUTED_EPS":null,"OPERATE_INCOME":1048685000,"OPERATE_INCOME_YOY":57.6206708932,"GROSS_PROFIT":310895000,"GROSS_PROFIT_YOY":89.800428568812,"HOLDER_PROFIT":108702000,"HOLDER_PROFIT_YOY":103.8328114159,"GROSS_PROFIT_RATIO":29.646175925087,"EPS_TTM":1.9791327468,"OPERATE_INCOME_QOQ":23.725349487418,"NET_PROFIT_RATIO":10.4274400797,"ROE_AVG":115.102261236029,"GROSS_PROFIT_QOQ":29.501030899867,"ROA":6.266548832351,"HOLDER_PROFIT_QOQ":23.402253888423,"ROE_YEARLY":153.469681648039,"ROIC_YEARLY":7.449061894604,"TOTAL_ASSETS":1334043000,"TOTAL_LIABILITIES":1188549000,"TAX_EBT":28.638365908572,"OCF_SALES":3.674888074112,"TOTAL_PARENT_EQUITY":139745000,"DEBT_ASSET_RATIO":89.093754849,"OPERATE_PROFIT":null,"PRETAX_PROFIT":153235000,"NETCASH_OPERATE":38538000,"NETCASH_INVEST":1097222000,"NETCASH_FINANCE":-1132409000,"END_CASH":274169000,"DIVI_RATIO":0.116577587013,"DIVIDEND_RATE":9.621212121212,"CURRENT_RATIO":1.191229244254,"COMMON_ACS":null,"CURRENTDEBT_DEBT":88.131074108009,"ISSUED_COMMON_SHARES":904189000,"HK_COMMON_SHARES":904189000,"PER_SHARES":500,"TOTAL_MARKET_CAP":2387058960,"HKSK_MARKET_CAP":2387058960,"PE_TTM":5.907363253227,"PB_TTM":1.38081766462,"REPORT_DATE_SQ":"2020-09-30 00:00:00","REPORT_TYPE_SQ":"2020年三季报","OPERATE_INCOME_SQ":665322000,"DPS_HKD":0.254,"OPERATE_INCOME_QOQ_SQ":0,"NET_PROFIT_RATIO_SQ":8.0155172984,"HOLDER_PROFIT_SQ":53329000,"HOLDER_PROFIT_QOQ_SQ":0,"ROE_AVG_SQ":null,"PE_TTM_SQ":4.702014581664,"PB_TTM_SQ":1.080471377606,"ROA_SQ":null,"START_DATE":"2021-01-01 00:00:00","FISCAL_YEAR":"12-31","CURRENCY":"HKD","IS_CNY_CODE":0,"DPS_HKD_LY":null,"ORG_TYPE":"一般企业","PREMIUM_INCOME":null,"PREMIUM_INCOME_YOY":null,"NET_INTEREST_INCOME":null,"NET_INTEREST_INCOME_YOY":null,"FEE_COMMISSION_INCOME":null,"FEE_COMMISSION_INCOME_YOY":null,"ACCOUNTS_RECE_TDAYS":3.200869896986,"INVENTORY_TDAYS":144.057405057112,"CURRENT_ASSETS_TDAYS":0.884325947963,"TOTAL_ASSETS_TDAYS":0.604555184105,"PREMIUM_EXPENSE":null,"LOAN_DEPOSIT":null,"LOAN_EQUITY":null,"LOAN_ASSETS":null,"DEPOSIT_EQUITY":null,"DEPOSIT_ASSETS":null,"EQUITY_MULTIPLIER":9.169058517892,"EQUITY_RATIO":8.505127195964},{"SECUCODE":"00816.HK","SECURITY_CODE":"00816","SECURITY_NAME_ABBR":"金茂服务","ORG_CODE":"10000251903","STD_REPORT_DATE":"2021-06-30 00:00:00","REPORT_DATE":"2021-06-30 00:00:00","DATE_TYPE_CODE":"002","REPORT_TYPE":"2021年中报","PER_NETCASH_OPERATE":null,"PER_OI":null,"BPS":null,"BASIC_EPS":0.11,"DILUTED_EPS":0.11,"OPERATE_INCOME":685766000,"OPERATE_INCOME_YOY":null,"GROSS_PROFIT":224614000,"GROSS_PROFIT_YOY":null,"HOLDER_PROFIT":87258000,"HOLDER_PROFIT_YOY":null,"GROSS_PROFIT_RATIO":32.753738155581,"EPS_TTM":null,"OPERATE_INCOME_QOQ":0,"NET_PROFIT_RATIO":12.8241995083,"ROE_AVG":null,"GROSS_PROFIT_QOQ":0,"ROA":null,"HOLDER_PROFIT_QOQ":0,"ROE_YEARLY":null,"ROIC_YEARLY":null,"TOTAL_ASSETS":null,"TOTAL_LIABILITIES":null,"TAX_EBT":28.450204616273,"OCF_SALES":2.308950866622,"TOTAL_PARENT_EQUITY":null,"DEBT_ASSET_RATIO":null,"OPERATE_PROFIT":154624000,"PRETAX_PROFIT":122913000,"NETCASH_OPERATE":15834000,"NETCASH_INVEST":65167000,"NETCASH_FINANCE":-90372000,"END_CASH":261447000,"DIVI_RATIO":null,"DIVIDEND_RATE":9.621212121212,"CURRENT_RATIO":null,"COMMON_ACS":null,"CURRENTDEBT_DEBT":null,"ISSUED_COMMON_SHARES":904189000,"HK_COMMON_SHARES":904189000,"PER_SHARES":500,"TOTAL_MARKET_CAP":2387058960,"HKSK_MARKET_CAP":2387058960,"PE_TTM":5.907363253227,"PB_TTM":1.38081766462,"REPORT_DATE_SQ":"2020-06-30 00:00:00","REPORT_TYPE_SQ":"2020年中报","OPERATE_INCOME_SQ":null,"DPS_HKD":0.254,"OPERATE_INCOME_QOQ_SQ":0,"NET_PROFIT_RATIO_SQ":null,"HOLDER_PROFIT_SQ":null,"HOLDER_PROFIT_QOQ_SQ":0,"ROE_AVG_SQ":null,"PE_TTM_SQ":4.702014581664,"PB_TTM_SQ":1.080471377606,"ROA_SQ":null,"START_DATE":"2021-01-01 00:00:00","FISCAL_YEAR":"12-31","CURRENCY":"HKD","IS_CNY_CODE":0,"DPS_HKD_LY":null,"ORG_TYPE":"一般企业","PREMIUM_INCOME":null,"PREMIUM_INCOME_YOY":null,"NET_INTEREST_INCOME":null,"NET_INTEREST_INCOME_YOY":null,"FEE_COMMISSION_INCOME":null,"FEE_COMMISSION_INCOME_YOY":null,"ACCOUNTS_RECE_TDAYS":null,"INVENTORY_TDAYS":null,"CURRENT_ASSETS_TDAYS":1.220304539623,"TOTAL_ASSETS_TDAYS":0.642333045309,"PREMIUM_EXPENSE":null,"LOAN_DEPOSIT":null,"LOAN_EQUITY":null,"LOAN_ASSETS":null,"DEPOSIT_EQUITY":null,"DEPOSIT_ASSETS":null,"EQUITY_MULTIPLIER":null,"EQUITY_RATIO":null},{"SECUCODE":"00816.HK","SECURITY_CODE":"00816","SECURITY_NAME_ABBR":"金茂服务","ORG_CODE":"10000251903","STD_REPORT_DATE":"2021-03-31 00:00:00","REPORT_DATE":"2021-03-31 00:00:00","DATE_TYPE_CODE":"003","REPORT_TYPE":"2021年一季报","PER_NETCASH_OPERATE":null,"PER_OI":null,"BPS":0.071930757839,"BASIC_EPS":null,"DILUTED_EPS":null,"OPERATE_INCOME":321436000,"OPERATE_INCOME_YOY":66.8531918649,"GROSS_PROFIT":80785000,"GROSS_PROFIT_YOY":290.529826936092,"HOLDER_PROFIT":14273000,"HOLDER_PROFIT_YOY":189.357040005,"GROSS_PROFIT_RATIO":25.132530270412,"EPS_TTM":null,"OPERATE_INCOME_QOQ":13.639974158291,"NET_PROFIT_RATIO":4.5545614057,"ROE_AVG":25.002408625507,"GROSS_PROFIT_QOQ":25.597025414308,"ROA":0.651729356748,"HOLDER_PROFIT_QOQ":39.217364244593,"ROE_YEARLY":100.009634502028,"ROIC_YEARLY":2.921636960048,"TOTAL_ASSETS":2244804000,"TOTAL_LIABILITIES":2179398000,"TAX_EBT":32.633903920486,"OCF_SALES":-20.94476038776,"TOTAL_PARENT_EQUITY":65039000,"DEBT_ASSET_RATIO":97.08633805,"OPERATE_PROFIT":null,"PRETAX_PROFIT":21732000,"NETCASH_OPERATE":-67324000,"NETCASH_INVEST":18596000,"NETCASH_FINANCE":-21456000,"END_CASH":200634000,"DIVI_RATIO":null,"DIVIDEND_RATE":9.621212121212,"CURRENT_RATIO":1.118790171564,"COMMON_ACS":null,"CURRENTDEBT_DEBT":50.89244828159,"ISSUED_COMMON_SHARES":904189000,"HK_COMMON_SHARES":904189000,"PER_SHARES":500,"TOTAL_MARKET_CAP":2387058960,"HKSK_MARKET_CAP":2387058960,"PE_TTM":5.907363253227,"PB_TTM":1.38081766462,"REPORT_DATE_SQ":"2020-03-31 00:00:00","REPORT_TYPE_SQ":"2020年一季报","OPERATE_INCOME_SQ":192646000,"DPS_HKD":0.254,"OPERATE_INCOME_QOQ_SQ":0,"NET_PROFIT_RATIO_SQ":-8.2913738152,"HOLDER_PROFIT_SQ":-15973000,"HOLDER_PROFIT_QOQ_SQ":0,"ROE_AVG_SQ":null,"PE_TTM_SQ":4.702014581664,"PB_TTM_SQ":1.080471377606,"ROA_SQ":null,"START_DATE":"2021-01-01 00:00:00","FISCAL_YEAR":"12-31","CURRENCY":"HKD","IS_CNY_CODE":0,"DPS_HKD_LY":null,"ORG_TYPE":"一般企业","PREMIUM_INCOME":null,"PREMIUM_INCOME_YOY":null,"NET_INTEREST_INCOME":null,"NET_INTEREST_INCOME_YOY":null,"FEE_COMMISSION_INCOME":null,"FEE_COMMISSION_INCOME_YOY":null,"ACCOUNTS_RECE_TDAYS":1.220213646337,"INVENTORY_TDAYS":45.812107367219,"CURRENT_ASSETS_TDAYS":0.271846909991,"TOTAL_ASSETS_TDAYS":0.14677312234,"PREMIUM_EXPENSE":null,"LOAN_DEPOSIT":null,"LOAN_EQUITY":null,"LOAN_ASSETS":null,"DEPOSIT_EQUITY":null,"DEPOSIT_ASSETS":null,"EQUITY_MULTIPLIER":34.321071461293,"EQUITY_RATIO":33.509094543274}],"count":14},"success":true,"message":"ok","code":0}