{"version":"f60e80c89f42ea8c5c4d83ccd7bfdbb9","result":{"pages":5,"data":[{"SECUCODE":"00818.HK","SECURITY_CODE":"00818","SECURITY_NAME_ABBR":"高阳科技","ORG_CODE":"10009119","STD_REPORT_DATE":"2024-06-30 00:00:00","REPORT_DATE":"2024-06-30 00:00:00","DATE_TYPE_CODE":"002","REPORT_TYPE":"2024年中报","PER_NETCASH_OPERATE":0.077289920158,"PER_OI":0.386815417726,"BPS":2.324880009538,"BASIC_EPS":0.00091268,"DILUTED_EPS":-0.02920576,"OPERATE_INCOME":1074122139.84,"OPERATE_INCOME_YOY":-10.2032407736,"GROSS_PROFIT":377699840.48,"GROSS_PROFIT_YOY":-13.996615433989,"HOLDER_PROFIT":3100373.96,"HOLDER_PROFIT_YOY":-98.9260229971,"GROSS_PROFIT_RATIO":35.163583960411,"EPS_TTM":0.047337555227,"OPERATE_INCOME_QOQ":-5.467675876465,"NET_PROFIT_RATIO":1.9895691009,"ROE_AVG":0.047629079256,"GROSS_PROFIT_QOQ":-6.836463365962,"ROA":0.026982223385,"HOLDER_PROFIT_QOQ":-68.70059685108,"ROE_YEARLY":0.095258158513,"ROIC_YEARLY":0.08078046725,"TOTAL_ASSETS":11087075095.64,"TOTAL_LIABILITIES":4090364344.76,"TAX_EBT":-256.935975609756,"OCF_SALES":19.98108571079,"TOTAL_PARENT_EQUITY":6455805472.8,"DEBT_ASSET_RATIO":36.8930877574,"OPERATE_PROFIT":8659507.84,"PRETAX_PROFIT":5987180.8,"NETCASH_OPERATE":214621265.4,"NETCASH_INVEST":-137269810.04,"NETCASH_FINANCE":-40032882.84,"END_CASH":3164247869.8,"DIVI_RATIO":null,"DIVIDEND_RATE":null,"CURRENT_RATIO":1.842856733535,"COMMON_ACS":4000000000,"CURRENTDEBT_DEBT":99.678805419453,"ISSUED_COMMON_SHARES":2776833835,"HK_COMMON_SHARES":2776833835,"PER_SHARES":3000,"TOTAL_MARKET_CAP":971891842.25,"HKSK_MARKET_CAP":971891842.25,"PE_TTM":6.456551885696,"PB_TTM":0.13739977921,"REPORT_DATE_SQ":"2023-06-30 00:00:00","REPORT_TYPE_SQ":"2023年中报","OPERATE_INCOME_SQ":1208358973.74,"DPS_HKD":null,"OPERATE_INCOME_QOQ_SQ":-9.190216377001,"NET_PROFIT_RATIO_SQ":27.2396962337,"HOLDER_PROFIT_SQ":291623195.98,"HOLDER_PROFIT_QOQ_SQ":-37.645693050858,"ROE_AVG_SQ":4.6400472365,"PE_TTM_SQ":2.444234610391,"PB_TTM_SQ":0.190006206876,"ROA_SQ":2.895934868314,"START_DATE":"2024-01-01 00:00:00","FISCAL_YEAR":"12-31","CURRENCY":"HKD","IS_CNY_CODE":0,"DPS_HKD_LY":null,"ORG_TYPE":"一般企业","PREMIUM_INCOME":null,"PREMIUM_INCOME_YOY":null,"NET_INTEREST_INCOME":null,"NET_INTEREST_INCOME_YOY":null,"FEE_COMMISSION_INCOME":null,"FEE_COMMISSION_INCOME_YOY":null,"ACCOUNTS_RECE_TDAYS":7.617299452434,"INVENTORY_TDAYS":75.344556899531,"CURRENT_ASSETS_TDAYS":0.135094915218,"TOTAL_ASSETS_TDAYS":0.09347970243,"PREMIUM_EXPENSE":null,"LOAN_DEPOSIT":null,"LOAN_EQUITY":null,"LOAN_ASSETS":null,"DEPOSIT_EQUITY":null,"DEPOSIT_ASSETS":null,"EQUITY_MULTIPLIER":1.584612468688,"EQUITY_RATIO":0.633594732988},{"SECUCODE":"00818.HK","SECURITY_CODE":"00818","SECURITY_NAME_ABBR":"高阳科技","ORG_CODE":"10009119","STD_REPORT_DATE":"2023-12-31 00:00:00","REPORT_DATE":"2023-12-31 00:00:00","DATE_TYPE_CODE":"001","REPORT_TYPE":"2023年年报","PER_NETCASH_OPERATE":0.393526657399,"PER_OI":0.884135942574,"BPS":2.346762357028,"BASIC_EPS":0.15315118,"DILUTED_EPS":0.12052726,"OPERATE_INCOME":2455098600.08,"OPERATE_INCOME_YOY":-21.078395958,"GROSS_PROFIT":899130640.94,"GROSS_PROFIT_YOY":-21.581879139783,"HOLDER_PROFIT":419971347.04,"HOLDER_PROFIT_YOY":-50.6680746336,"GROSS_PROFIT_RATIO":36.622995137984,"EPS_TTM":0.151241079587,"OPERATE_INCOME_QOQ":-11.831356999433,"NET_PROFIT_RATIO":18.9864474797,"ROE_AVG":6.711770784379,"GROSS_PROFIT_QOQ":-15.983863892454,"ROA":3.785122319249,"HOLDER_PROFIT_QOQ":-19.737533200859,"ROE_YEARLY":6.711770784379,"ROIC_YEARLY":5.813512900021,"TOTAL_ASSETS":11809603485.96,"TOTAL_LIABILITIES":4761008014,"TAX_EBT":-7.387883178458,"OCF_SALES":44.509745441767,"TOTAL_PARENT_EQUITY":6516569115.7,"DEBT_ASSET_RATIO":40.3147152202,"OPERATE_PROFIT":67554169.9,"PRETAX_PROFIT":434067599.14,"NETCASH_OPERATE":1092758137.24,"NETCASH_INVEST":-34953811.62,"NETCASH_FINANCE":-1054305410.2,"END_CASH":3155472539.52,"DIVI_RATIO":null,"DIVIDEND_RATE":null,"CURRENT_RATIO":1.756549999255,"COMMON_ACS":4000000000,"CURRENTDEBT_DEBT":99.589584483317,"ISSUED_COMMON_SHARES":2776833835,"HK_COMMON_SHARES":2776833835,"PER_SHARES":3000,"TOTAL_MARKET_CAP":1124617703.175,"HKSK_MARKET_CAP":1124617703.175,"PE_TTM":7.471152896305,"PB_TTM":0.158991173086,"REPORT_DATE_SQ":"2022-12-31 00:00:00","REPORT_TYPE_SQ":"2022年年报","OPERATE_INCOME_SQ":3066352940.56,"DPS_HKD":null,"OPERATE_INCOME_QOQ_SQ":-5.261023819618,"NET_PROFIT_RATIO_SQ":32.4702102817,"HOLDER_PROFIT_SQ":839152130.32,"HOLDER_PROFIT_QOQ_SQ":12.121719802618,"ROE_AVG_SQ":14.406122912008,"PE_TTM_SQ":2.546077719157,"PB_TTM_SQ":0.197923132162,"ROA_SQ":8.435045175075,"START_DATE":"2023-01-01 00:00:00","FISCAL_YEAR":"12-31","CURRENCY":"HKD","IS_CNY_CODE":0,"DPS_HKD_LY":null,"ORG_TYPE":"一般企业","PREMIUM_INCOME":null,"PREMIUM_INCOME_YOY":null,"NET_INTEREST_INCOME":null,"NET_INTEREST_INCOME_YOY":null,"FEE_COMMISSION_INCOME":null,"FEE_COMMISSION_INCOME_YOY":null,"ACCOUNTS_RECE_TDAYS":15.598101165613,"INVENTORY_TDAYS":89.880489975397,"CURRENT_ASSETS_TDAYS":0.323154059889,"TOTAL_ASSETS_TDAYS":0.221273393354,"PREMIUM_EXPENSE":null,"LOAN_DEPOSIT":null,"LOAN_EQUITY":null,"LOAN_ASSETS":null,"DEPOSIT_EQUITY":null,"DEPOSIT_ASSETS":null,"EQUITY_MULTIPLIER":1.67545485238,"EQUITY_RATIO":0.730600401756},{"SECUCODE":"00818.HK","SECURITY_CODE":"00818","SECURITY_NAME_ABBR":"高阳科技","ORG_CODE":"10009119","STD_REPORT_DATE":"2023-06-30 00:00:00","REPORT_DATE":"2023-06-30 00:00:00","DATE_TYPE_CODE":"002","REPORT_TYPE":"2023年中报","PER_NETCASH_OPERATE":0.244544180138,"PER_OI":0.435157105373,"BPS":2.329136543887,"BASIC_EPS":0.1060277,"DILUTED_EPS":0.07652434,"OPERATE_INCOME":1208358973.74,"OPERATE_INCOME_YOY":-24.7852216421,"GROSS_PROFIT":439168577.36,"GROSS_PROFIT_YOY":-14.818137270658,"HOLDER_PROFIT":291623195.98,"HOLDER_PROFIT_YOY":-55.4757101975,"GROSS_PROFIT_RATIO":36.344214501153,"EPS_TTM":0.188433131473,"OPERATE_INCOME_QOQ":-9.190216377001,"NET_PROFIT_RATIO":27.2396962337,"ROE_AVG":4.6400472365,"GROSS_PROFIT_QOQ":-6.66302392217,"ROA":2.895934868314,"HOLDER_PROFIT_QOQ":-37.645693050858,"ROE_YEARLY":9.280094472999,"ROIC_YEARLY":9.284700209778,"TOTAL_ASSETS":9578608800.56,"TOTAL_LIABILITIES":2589880543.16,"TAX_EBT":-22.687455539557,"OCF_SALES":56.196756784802,"TOTAL_PARENT_EQUITY":6467625161.4,"DEBT_ASSET_RATIO":27.0381701256,"OPERATE_PROFIT":64294275.3,"PRETAX_PROFIT":268286038.22,"NETCASH_OPERATE":547971437.16,"NETCASH_INVEST":77012989.4,"NETCASH_FINANCE":-863790154.28,"END_CASH":2929671662.26,"DIVI_RATIO":null,"DIVIDEND_RATE":null,"CURRENT_RATIO":2.365399682509,"COMMON_ACS":4000000000,"CURRENTDEBT_DEBT":99.097735099724,"ISSUED_COMMON_SHARES":2776833835,"HK_COMMON_SHARES":2776833835,"PER_SHARES":3000,"TOTAL_MARKET_CAP":1124617703.175,"HKSK_MARKET_CAP":1124617703.175,"PE_TTM":7.471152896305,"PB_TTM":0.158991173086,"REPORT_DATE_SQ":"2022-06-30 00:00:00","REPORT_TYPE_SQ":"2022年中报","OPERATE_INCOME_SQ":1490163443.86,"DPS_HKD":null,"OPERATE_INCOME_QOQ_SQ":-5.355034728836,"NET_PROFIT_RATIO_SQ":47.320908996,"HOLDER_PROFIT_SQ":607527831.19,"HOLDER_PROFIT_QOQ_SQ":-74.005637634249,"ROE_AVG_SQ":10.878772832049,"PE_TTM_SQ":2.546077719157,"PB_TTM_SQ":0.197923132162,"ROA_SQ":6.545626193672,"START_DATE":"2023-01-01 00:00:00","FISCAL_YEAR":"12-31","CURRENCY":"HKD","IS_CNY_CODE":0,"DPS_HKD_LY":null,"ORG_TYPE":"一般企业","PREMIUM_INCOME":null,"PREMIUM_INCOME_YOY":null,"NET_INTEREST_INCOME":null,"NET_INTEREST_INCOME_YOY":null,"FEE_COMMISSION_INCOME":null,"FEE_COMMISSION_INCOME_YOY":null,"ACCOUNTS_RECE_TDAYS":7.284866237931,"INVENTORY_TDAYS":44.140684108886,"CURRENT_ASSETS_TDAYS":0.185101026364,"TOTAL_ASSETS_TDAYS":0.119994874678,"PREMIUM_EXPENSE":null,"LOAN_DEPOSIT":null,"LOAN_EQUITY":null,"LOAN_ASSETS":null,"DEPOSIT_EQUITY":null,"DEPOSIT_ASSETS":null,"EQUITY_MULTIPLIER":1.370579660244,"EQUITY_RATIO":0.400437638009},{"SECUCODE":"00818.HK","SECURITY_CODE":"00818","SECURITY_NAME_ABBR":"高阳科技","ORG_CODE":"10009119","STD_REPORT_DATE":"2022-12-31 00:00:00","REPORT_DATE":"2022-12-31 00:00:00","DATE_TYPE_CODE":"001","REPORT_TYPE":"2022年年报","PER_NETCASH_OPERATE":0.141971518238,"PER_OI":1.104262308357,"BPS":2.129112761855,"BASIC_EPS":0.3037118,"DILUTED_EPS":0.27959351,"OPERATE_INCOME":3066352940.56,"OPERATE_INCOME_YOY":-17.9300181415,"GROSS_PROFIT":1146585293.14,"GROSS_PROFIT_YOY":14.56588840375,"HOLDER_PROFIT":839152130.32,"HOLDER_PROFIT_YOY":-73.3236102758,"GROSS_PROFIT_RATIO":37.392476188035,"EPS_TTM":0.302197459475,"OPERATE_INCOME_QOQ":-5.261023819618,"NET_PROFIT_RATIO":32.4702102817,"ROE_AVG":14.406122912008,"GROSS_PROFIT_QOQ":7.073308413717,"ROA":8.435045175075,"HOLDER_PROFIT_QOQ":12.121719802618,"ROE_YEARLY":14.406122912008,"ROIC_YEARLY":13.947878819733,"TOTAL_ASSETS":10232685656.97,"TOTAL_LIABILITIES":3484672174.83,"TAX_EBT":15.763394541523,"OCF_SALES":12.856684246465,"TOTAL_PARENT_EQUITY":5912192355.65,"DEBT_ASSET_RATIO":34.0543264168,"OPERATE_PROFIT":337710549.47,"PRETAX_PROFIT":641599216.93,"NETCASH_OPERATE":71113224.7,"NETCASH_INVEST":105710465.07,"NETCASH_FINANCE":208617848.88,"END_CASH":3159947984.62,"DIVI_RATIO":null,"DIVIDEND_RATE":null,"CURRENT_RATIO":1.949373660955,"COMMON_ACS":4000000000,"CURRENTDEBT_DEBT":99.630969162239,"ISSUED_COMMON_SHARES":2776833835,"HK_COMMON_SHARES":2776833835,"PER_SHARES":3000,"TOTAL_MARKET_CAP":1124617703.175,"HKSK_MARKET_CAP":1124617703.175,"PE_TTM":7.471152896305,"PB_TTM":0.158991173086,"REPORT_DATE_SQ":"2021-12-31 00:00:00","REPORT_TYPE_SQ":"2021年年报","OPERATE_INCOME_SQ":3419762438.4,"DPS_HKD":null,"OPERATE_INCOME_QOQ_SQ":-1.845064416711,"NET_PROFIT_RATIO_SQ":88.1021851041,"HOLDER_PROFIT_SQ":2879199657.6,"HOLDER_PROFIT_QOQ_SQ":-8.487128939057,"ROE_AVG_SQ":58.861965823038,"PE_TTM_SQ":2.546077719157,"PB_TTM_SQ":0.197923132162,"ROA_SQ":34.296279195265,"START_DATE":"2022-01-01 00:00:00","FISCAL_YEAR":"12-31","CURRENCY":"HKD","IS_CNY_CODE":0,"DPS_HKD_LY":null,"ORG_TYPE":"一般企业","PREMIUM_INCOME":null,"PREMIUM_INCOME_YOY":null,"NET_INTEREST_INCOME":null,"NET_INTEREST_INCOME_YOY":null,"FEE_COMMISSION_INCOME":null,"FEE_COMMISSION_INCOME_YOY":null,"ACCOUNTS_RECE_TDAYS":20.268524614363,"INVENTORY_TDAYS":115.67297290024,"CURRENT_ASSETS_TDAYS":0.470157590603,"TOTAL_ASSETS_TDAYS":0.308225703562,"PREMIUM_EXPENSE":null,"LOAN_DEPOSIT":null,"LOAN_EQUITY":null,"LOAN_ASSETS":null,"DEPOSIT_EQUITY":null,"DEPOSIT_ASSETS":null,"EQUITY_MULTIPLIER":1.516399705491,"EQUITY_RATIO":0.589404397761},{"SECUCODE":"00818.HK","SECURITY_CODE":"00818","SECURITY_NAME_ABBR":"高阳科技","ORG_CODE":"10009119","STD_REPORT_DATE":"2022-06-30 00:00:00","REPORT_DATE":"2022-06-30 00:00:00","DATE_TYPE_CODE":"002","REPORT_TYPE":"2022年中报","PER_NETCASH_OPERATE":0.093739606655,"PER_OI":0.53664120088,"BPS":2.044020555191,"BASIC_EPS":0.21892864,"DILUTED_EPS":0.19583851,"OPERATE_INCOME":1490163443.86,"OPERATE_INCOME_YOY":-13.3508306414,"GROSS_PROFIT":515565829.73,"GROSS_PROFIT_YOY":15.718867569077,"HOLDER_PROFIT":607527831.19,"HOLDER_PROFIT_YOY":-78.4132155664,"GROSS_PROFIT_RATIO":34.59793835732,"EPS_TTM":0.269526243449,"OPERATE_INCOME_QOQ":-5.355034728836,"NET_PROFIT_RATIO":47.320908996,"ROE_AVG":10.878772832049,"GROSS_PROFIT_QOQ":6.997616960787,"ROA":6.545626193672,"HOLDER_PROFIT_QOQ":-74.005637634249,"ROE_YEARLY":21.757545664098,"ROIC_YEARLY":22.5877032958,"TOTAL_ASSETS":9310727190.8,"TOTAL_LIABILITIES":2816897513.15,"TAX_EBT":20.535887726451,"OCF_SALES":17.467836331144,"TOTAL_PARENT_EQUITY":5675905437.09,"DEBT_ASSET_RATIO":30.254323378,"OPERATE_PROFIT":172032585.97,"PRETAX_PROFIT":338987908.91,"NETCASH_OPERATE":260299311.44,"NETCASH_INVEST":97755058.52,"NETCASH_FINANCE":190047163.32,"END_CASH":3282181591.64,"DIVI_RATIO":null,"DIVIDEND_RATE":null,"CURRENT_RATIO":2.105971626163,"COMMON_ACS":4000000000,"CURRENTDEBT_DEBT":99.312908617028,"ISSUED_COMMON_SHARES":2776833835,"HK_COMMON_SHARES":2776833835,"PER_SHARES":3000,"TOTAL_MARKET_CAP":1124617703.175,"HKSK_MARKET_CAP":1124617703.175,"PE_TTM":7.471152896305,"PB_TTM":0.158991173086,"REPORT_DATE_SQ":"2021-06-30 00:00:00","REPORT_TYPE_SQ":"2021年中报","OPERATE_INCOME_SQ":1673292910.08,"DPS_HKD":null,"OPERATE_INCOME_QOQ_SQ":-0.091231508911,"NET_PROFIT_RATIO_SQ":152.2279099739,"HOLDER_PROFIT_SQ":2738297896.56,"HOLDER_PROFIT_QOQ_SQ":469.254060650551,"ROE_AVG_SQ":51.501415898597,"PE_TTM_SQ":2.546077719157,"PB_TTM_SQ":0.197923132162,"ROA_SQ":31.323413052134,"START_DATE":"2022-01-01 00:00:00","FISCAL_YEAR":"12-31","CURRENCY":"HKD","IS_CNY_CODE":0,"DPS_HKD_LY":null,"ORG_TYPE":"一般企业","PREMIUM_INCOME":null,"PREMIUM_INCOME_YOY":null,"NET_INTEREST_INCOME":null,"NET_INTEREST_INCOME_YOY":null,"FEE_COMMISSION_INCOME":null,"FEE_COMMISSION_INCOME_YOY":null,"ACCOUNTS_RECE_TDAYS":11.436839548957,"INVENTORY_TDAYS":63.832133755286,"CURRENT_ASSETS_TDAYS":0.25044607942,"TOTAL_ASSETS_TDAYS":0.160553185718,"PREMIUM_EXPENSE":null,"LOAN_DEPOSIT":null,"LOAN_EQUITY":null,"LOAN_ASSETS":null,"DEPOSIT_EQUITY":null,"DEPOSIT_ASSETS":null,"EQUITY_MULTIPLIER":1.433780627607,"EQUITY_RATIO":0.496290423505},{"SECUCODE":"00818.HK","SECURITY_CODE":"00818","SECURITY_NAME_ABBR":"高阳科技","ORG_CODE":"10009119","STD_REPORT_DATE":"2021-12-31 00:00:00","REPORT_DATE":"2021-12-31 00:00:00","DATE_TYPE_CODE":"001","REPORT_TYPE":"2021年年报","PER_NETCASH_OPERATE":-0.218821637342,"PER_OI":1.231532976621,"BPS":1.891252290363,"BASIC_EPS":1.0367168,"DILUTED_EPS":1.0113712,"OPERATE_INCOME":3419762438.4,"OPERATE_INCOME_YOY":8.7932273115,"GROSS_PROFIT":1000808625.6,"GROSS_PROFIT_YOY":17.929371353592,"HOLDER_PROFIT":2879199657.6,"HOLDER_PROFIT_YOY":436.2580232532,"GROSS_PROFIT_RATIO":29.265442954811,"EPS_TTM":1.036864223314,"OPERATE_INCOME_QOQ":-1.845064416711,"NET_PROFIT_RATIO":88.1021851041,"ROE_AVG":58.861965823038,"GROSS_PROFIT_QOQ":-6.421140254896,"ROA":34.296279195265,"HOLDER_PROFIT_QOQ":-8.487128939057,"ROE_YEARLY":58.861965823038,"ROIC_YEARLY":60.539331579542,"TOTAL_ASSETS":8845457420.8,"TOTAL_LIABILITIES":2720820726.4,"TAX_EBT":3.451153355197,"OCF_SALES":-17.768232072994,"TOTAL_PARENT_EQUITY":5251693350.4,"DEBT_ASSET_RATIO":30.7595254486,"OPERATE_PROFIT":506817158.4,"PRETAX_PROFIT":3068671099.2,"NETCASH_OPERATE":-607631326.4,"NETCASH_INVEST":107592889.6,"NETCASH_FINANCE":82055153.6,"END_CASH":2694237280,"DIVI_RATIO":null,"DIVIDEND_RATE":null,"CURRENT_RATIO":2.189317957534,"COMMON_ACS":4000000000,"CURRENTDEBT_DEBT":96.435648146201,"ISSUED_COMMON_SHARES":2776833835,"HK_COMMON_SHARES":2776833835,"PER_SHARES":3000,"TOTAL_MARKET_CAP":1124617703.175,"HKSK_MARKET_CAP":1124617703.175,"PE_TTM":7.471152896305,"PB_TTM":0.158991173086,"REPORT_DATE_SQ":"2020-12-31 00:00:00","REPORT_TYPE_SQ":"2020年年报","OPERATE_INCOME_SQ":3235784293.52,"DPS_HKD":null,"OPERATE_INCOME_QOQ_SQ":-16.92927686831,"NET_PROFIT_RATIO_SQ":18.8045193153,"HOLDER_PROFIT_SQ":552692363.4,"HOLDER_PROFIT_QOQ_SQ":51.571575031491,"ROE_AVG_SQ":12.839528428366,"PE_TTM_SQ":2.546077719157,"PB_TTM_SQ":0.197923132162,"ROA_SQ":7.351157078068,"START_DATE":"2021-01-01 00:00:00","FISCAL_YEAR":"12-31","CURRENCY":"HKD","IS_CNY_CODE":0,"DPS_HKD_LY":null,"ORG_TYPE":"一般企业","PREMIUM_INCOME":null,"PREMIUM_INCOME_YOY":null,"NET_INTEREST_INCOME":null,"NET_INTEREST_INCOME_YOY":null,"FEE_COMMISSION_INCOME":null,"FEE_COMMISSION_INCOME_YOY":null,"ACCOUNTS_RECE_TDAYS":18.096672868083,"INVENTORY_TDAYS":42.304435483871,"CURRENT_ASSETS_TDAYS":0.629244335245,"TOTAL_ASSETS_TDAYS":0.40735322769,"PREMIUM_EXPENSE":null,"LOAN_DEPOSIT":null,"LOAN_EQUITY":null,"LOAN_ASSETS":null,"DEPOSIT_EQUITY":null,"DEPOSIT_ASSETS":null,"EQUITY_MULTIPLIER":1.444241979101,"EQUITY_RATIO":0.518084462451},{"SECUCODE":"00818.HK","SECURITY_CODE":"00818","SECURITY_NAME_ABBR":"高阳科技","ORG_CODE":"10009119","STD_REPORT_DATE":"2021-06-30 00:00:00","REPORT_DATE":"2021-06-30 00:00:00","DATE_TYPE_CODE":"002","REPORT_TYPE":"2021年中报","PER_NETCASH_OPERATE":-0.038391537994,"PER_OI":0.602590219476,"BPS":2.1688125074,"BASIC_EPS":0.9860148,"DILUTED_EPS":0.96271656,"OPERATE_INCOME":1673292910.08,"OPERATE_INCOME_YOY":9.58882703,"GROSS_PROFIT":445533075.6,"GROSS_PROFIT_YOY":19.072466643426,"HOLDER_PROFIT":2738297896.56,"HOLDER_PROFIT_YOY":1976.4785310913,"GROSS_PROFIT_RATIO":27.826673188729,"EPS_TTM":1.133025563829,"OPERATE_INCOME_QOQ":-0.091231508911,"NET_PROFIT_RATIO":152.2279099739,"ROE_AVG":51.501415898597,"GROSS_PROFIT_QOQ":14.930979695596,"ROA":31.323413052134,"HOLDER_PROFIT_QOQ":469.254060650551,"ROE_YEARLY":103.002831797194,"ROIC_YEARLY":112.074514119327,"TOTAL_ASSETS":9398629003.44,"TOTAL_LIABILITIES":2613018267.6,"TAX_EBT":1.598773337166,"OCF_SALES":-5.781456164703,"TOTAL_PARENT_EQUITY":6022431952.32,"DEBT_ASSET_RATIO":27.8021216354,"OPERATE_PROFIT":338368660.32,"PRETAX_PROFIT":2825101314.24,"NETCASH_OPERATE":-106606921.68,"NETCASH_INVEST":109232966.16,"NETCASH_FINANCE":-13037029.44,"END_CASH":3137172918.24,"DIVI_RATIO":null,"DIVIDEND_RATE":null,"CURRENT_RATIO":2.812213063775,"COMMON_ACS":4000000000,"CURRENTDEBT_DEBT":71.629422881881,"ISSUED_COMMON_SHARES":2776833835,"HK_COMMON_SHARES":2776833835,"PER_SHARES":3000,"TOTAL_MARKET_CAP":1124617703.175,"HKSK_MARKET_CAP":1124617703.175,"PE_TTM":7.471152896305,"PB_TTM":0.158991173086,"REPORT_DATE_SQ":"2020-06-30 00:00:00","REPORT_TYPE_SQ":"2020年中报","OPERATE_INCOME_SQ":1847127311.04,"DPS_HKD":null,"OPERATE_INCOME_QOQ_SQ":-15.955450868356,"NET_PROFIT_RATIO_SQ":10.6329055083,"HOLDER_PROFIT_SQ":144766538.4,"HOLDER_PROFIT_QOQ_SQ":-28.473436680122,"ROE_AVG_SQ":3.354216098417,"PE_TTM_SQ":2.546077719157,"PB_TTM_SQ":0.197923132162,"ROA_SQ":1.908307788487,"START_DATE":"2021-01-01 00:00:00","FISCAL_YEAR":"12-31","CURRENCY":"HKD","IS_CNY_CODE":0,"DPS_HKD_LY":null,"ORG_TYPE":"一般企业","PREMIUM_INCOME":null,"PREMIUM_INCOME_YOY":null,"NET_INTEREST_INCOME":null,"NET_INTEREST_INCOME_YOY":null,"FEE_COMMISSION_INCOME":null,"FEE_COMMISSION_INCOME_YOY":null,"ACCOUNTS_RECE_TDAYS":7.227746828164,"INVENTORY_TDAYS":13.344819674183,"CURRENT_ASSETS_TDAYS":0.351919546292,"TOTAL_ASSETS_TDAYS":0.210929124754,"PREMIUM_EXPENSE":null,"LOAN_DEPOSIT":null,"LOAN_EQUITY":null,"LOAN_ASSETS":null,"DEPOSIT_EQUITY":null,"DEPOSIT_ASSETS":null,"EQUITY_MULTIPLIER":1.385082252625,"EQUITY_RATIO":0.433880911945},{"SECUCODE":"00818.HK","SECURITY_CODE":"00818","SECURITY_NAME_ABBR":"高阳科技","ORG_CODE":"10009119","STD_REPORT_DATE":"2020-12-31 00:00:00","REPORT_DATE":"2020-12-31 00:00:00","DATE_TYPE_CODE":"001","REPORT_TYPE":"2020年年报","PER_NETCASH_OPERATE":0.030591822748,"PER_OI":1.16527832985,"BPS":1.679763610429,"BASIC_EPS":0.19862704,"DILUTED_EPS":0.17337784,"OPERATE_INCOME":3235784293.52,"OPERATE_INCOME_YOY":-25.692519397,"GROSS_PROFIT":848650861.2,"GROSS_PROFIT_YOY":-28.305772504588,"HOLDER_PROFIT":552692363.4,"HOLDER_PROFIT_YOY":15.3878593104,"GROSS_PROFIT_RATIO":26.684310914953,"EPS_TTM":0.19903688742,"OPERATE_INCOME_QOQ":-16.92927686831,"NET_PROFIT_RATIO":18.8045193153,"ROE_AVG":12.839528428366,"GROSS_PROFIT_QOQ":2.974898046332,"ROA":7.351157078068,"HOLDER_PROFIT_QOQ":51.571575031491,"ROE_YEARLY":12.839528428366,"ROIC_YEARLY":15.790494996557,"TOTAL_ASSETS":8178299202.36,"TOTAL_LIABILITIES":2819153135.8,"TAX_EBT":12.376194899491,"OCF_SALES":2.435987508722,"TOTAL_PARENT_EQUITY":4664424428.24,"DEBT_ASSET_RATIO":34.4711420559,"OPERATE_PROFIT":541603756.4,"PRETAX_PROFIT":741163333.52,"NETCASH_OPERATE":84948408.48,"NETCASH_INVEST":-233726794.56,"NETCASH_FINANCE":42321025.76,"END_CASH":3154018967.52,"DIVI_RATIO":null,"DIVIDEND_RATE":null,"CURRENT_RATIO":2.517537433621,"COMMON_ACS":4000000000,"CURRENTDEBT_DEBT":74.333583612347,"ISSUED_COMMON_SHARES":2776833835,"HK_COMMON_SHARES":2776833835,"PER_SHARES":3000,"TOTAL_MARKET_CAP":1124617703.175,"HKSK_MARKET_CAP":1124617703.175,"PE_TTM":7.471152896305,"PB_TTM":0.158991173086,"REPORT_DATE_SQ":"2019-12-31 00:00:00","REPORT_TYPE_SQ":"2019年年报","OPERATE_INCOME_SQ":4994852260.18,"DPS_HKD":null,"OPERATE_INCOME_QOQ_SQ":-1.84982902018,"NET_PROFIT_RATIO_SQ":12.2483738736,"HOLDER_PROFIT_SQ":509798251.58,"HOLDER_PROFIT_QOQ_SQ":6.940015961432,"ROE_AVG_SQ":12.555865738449,"PE_TTM_SQ":2.546077719157,"PB_TTM_SQ":0.197923132162,"ROA_SQ":7.700270302542,"START_DATE":"2020-01-01 00:00:00","FISCAL_YEAR":"12-31","CURRENCY":"HKD","IS_CNY_CODE":0,"DPS_HKD_LY":null,"ORG_TYPE":"一般企业","PREMIUM_INCOME":null,"PREMIUM_INCOME_YOY":null,"NET_INTEREST_INCOME":null,"NET_INTEREST_INCOME_YOY":null,"FEE_COMMISSION_INCOME":null,"FEE_COMMISSION_INCOME_YOY":null,"ACCOUNTS_RECE_TDAYS":14.618458350365,"INVENTORY_TDAYS":27.98523233961,"CURRENT_ASSETS_TDAYS":0.717899257587,"TOTAL_ASSETS_TDAYS":0.463823158039,"PREMIUM_EXPENSE":null,"LOAN_DEPOSIT":null,"LOAN_EQUITY":null,"LOAN_ASSETS":null,"DEPOSIT_EQUITY":null,"DEPOSIT_ASSETS":null,"EQUITY_MULTIPLIER":1.526045213321,"EQUITY_RATIO":0.60439464272},{"SECUCODE":"00818.HK","SECURITY_CODE":"00818","SECURITY_NAME_ABBR":"高阳科技","ORG_CODE":"10009119","STD_REPORT_DATE":"2020-06-30 00:00:00","REPORT_DATE":"2020-06-30 00:00:00","DATE_TYPE_CODE":"002","REPORT_TYPE":"2020年中报","PER_NETCASH_OPERATE":0.011503387922,"PER_OI":0.665191877079,"BPS":1.566740382217,"BASIC_EPS":0.0548064,"DILUTED_EPS":0.045672,"OPERATE_INCOME":1847127311.04,"OPERATE_INCOME_YOY":-32.7244430427,"GROSS_PROFIT":374169686.88,"GROSS_PROFIT_YOY":-42.806659440488,"HOLDER_PROFIT":144766538.4,"HOLDER_PROFIT_YOY":-51.9139162464,"GROSS_PROFIT_RATIO":20.256843404547,"EPS_TTM":0.131315444455,"OPERATE_INCOME_QOQ":-15.955450868356,"NET_PROFIT_RATIO":10.6329055083,"ROE_AVG":3.354216098417,"GROSS_PROFIT_QOQ":-23.658630838015,"ROA":1.908307788487,"HOLDER_PROFIT_QOQ":-28.473436680122,"ROE_YEARLY":6.708432196834,"ROIC_YEARLY":9.685429047059,"TOTAL_ASSETS":7728557379.84,"TOTAL_LIABILITIES":2744718213.6,"TAX_EBT":11.905454515657,"OCF_SALES":1.729333793566,"TOTAL_PARENT_EQUITY":4350577704,"DEBT_ASSET_RATIO":35.5139785953,"OPERATE_PROFIT":130379858.4,"PRETAX_PROFIT":222946041.12,"NETCASH_OPERATE":31942996.8,"NETCASH_INVEST":-58609964.16,"NETCASH_FINANCE":66023443.2,"END_CASH":3389893673.76,"DIVI_RATIO":null,"DIVIDEND_RATE":null,"CURRENT_RATIO":2.530447933342,"COMMON_ACS":4000000000,"CURRENTDEBT_DEBT":72.596682324869,"ISSUED_COMMON_SHARES":2776833835,"HK_COMMON_SHARES":2776833835,"PER_SHARES":3000,"TOTAL_MARKET_CAP":1124617703.175,"HKSK_MARKET_CAP":1124617703.175,"PE_TTM":7.471152896305,"PB_TTM":0.158991173086,"REPORT_DATE_SQ":"2019-06-30 00:00:00","REPORT_TYPE_SQ":"2019年中报","OPERATE_INCOME_SQ":2644078509.36,"DPS_HKD":null,"OPERATE_INCOME_QOQ_SQ":24.583450113026,"NET_PROFIT_RATIO_SQ":13.3166389203,"HOLDER_PROFIT_SQ":289923620.76,"HOLDER_PROFIT_QOQ_SQ":95.585543635395,"ROE_AVG_SQ":7.253843588956,"PE_TTM_SQ":2.546077719157,"PB_TTM_SQ":0.197923132162,"ROA_SQ":4.719223620374,"START_DATE":"2020-01-01 00:00:00","FISCAL_YEAR":"12-31","CURRENCY":"HKD","IS_CNY_CODE":0,"DPS_HKD_LY":null,"ORG_TYPE":"一般企业","PREMIUM_INCOME":null,"PREMIUM_INCOME_YOY":null,"NET_INTEREST_INCOME":null,"NET_INTEREST_INCOME_YOY":null,"FEE_COMMISSION_INCOME":null,"FEE_COMMISSION_INCOME_YOY":null,"ACCOUNTS_RECE_TDAYS":7.074406360146,"INVENTORY_TDAYS":14.543297393092,"CURRENT_ASSETS_TDAYS":0.374662481735,"TOTAL_ASSETS_TDAYS":0.24348771981,"PREMIUM_EXPENSE":null,"LOAN_DEPOSIT":null,"LOAN_EQUITY":null,"LOAN_ASSETS":null,"DEPOSIT_EQUITY":null,"DEPOSIT_ASSETS":null,"EQUITY_MULTIPLIER":1.550723673467,"EQUITY_RATIO":0.630885919145}],"count":45},"success":true,"message":"ok","code":0}