{"version":"c118ba7723cfd5feb550a5b15b03c0c9","result":{"pages":5,"data":[{"SECUCODE":"00817.HK","SECURITY_CODE":"00817","SECURITY_NAME_ABBR":"中国金茂","ORG_CODE":"10090105","STD_REPORT_DATE":"2024-06-30 00:00:00","REPORT_DATE":"2024-06-30 00:00:00","DATE_TYPE_CODE":"002","REPORT_TYPE":"2024年中报","PER_NETCASH_OPERATE":-0.272840395666,"PER_OI":1.62782283354,"BPS":2.954509257862,"BASIC_EPS":0.0726,"DILUTED_EPS":0.0726,"OPERATE_INCOME":21974938000,"OPERATE_INCOME_YOY":-18.1299997191,"GROSS_PROFIT":3570177000,"GROSS_PROFIT_YOY":-19.65495652581,"HOLDER_PROFIT":1010044000,"HOLDER_PROFIT_YOY":133.3311772316,"GROSS_PROFIT_RATIO":16.246585087066,"EPS_TTM":-0.468123907339,"OPERATE_INCOME_QOQ":-6.721101058866,"NET_PROFIT_RATIO":8.367928046,"ROE_AVG":2.143912200389,"GROSS_PROFIT_QOQ":-9.681104466107,"ROA":0.244416189389,"HOLDER_PROFIT_QOQ":8.368766025911,"ROE_YEARLY":4.287824400778,"ROIC_YEARLY":0.641927330176,"TOTAL_ASSETS":419375969000,"TOTAL_LIABILITIES":302546373000,"TAX_EBT":16.004735918203,"OCF_SALES":-16.761062078992,"TOTAL_PARENT_EQUITY":54933085000,"DEBT_ASSET_RATIO":72.1420384962,"OPERATE_PROFIT":2273126000,"PRETAX_PROFIT":2189227000,"NETCASH_OPERATE":-3683233000,"NETCASH_INVEST":-4191220000,"NETCASH_FINANCE":10704049000,"END_CASH":33750725000,"DIVI_RATIO":-0.05848964253,"DIVIDEND_RATE":3.030303030303,"CURRENT_RATIO":1.164620039585,"COMMON_ACS":null,"CURRENTDEBT_DEBT":55.404616931237,"ISSUED_COMMON_SHARES":13505971218,"HK_COMMON_SHARES":13505971218,"PER_SHARES":2000,"TOTAL_MARKET_CAP":13370911505.82,"HKSK_MARKET_CAP":13370911505.82,"PE_TTM":-1.917478568669,"PB_TTM":0.305821752833,"REPORT_DATE_SQ":"2023-06-30 00:00:00","REPORT_TYPE_SQ":"2023年中报","OPERATE_INCOME_SQ":26841258000,"DPS_HKD":0.03,"OPERATE_INCOME_QOQ_SQ":-2.293895081045,"NET_PROFIT_RATIO_SQ":6.6101372745,"HOLDER_PROFIT_SQ":432880000,"HOLDER_PROFIT_QOQ_SQ":-107.756883154586,"ROE_AVG_SQ":0.925798198321,"PE_TTM_SQ":-26.953346871405,"PB_TTM_SQ":0.170203534149,"ROA_SQ":0.101486853202,"START_DATE":"2024-01-01 00:00:00","FISCAL_YEAR":"12-31","CURRENCY":"HKD","IS_CNY_CODE":0,"DPS_HKD_LY":0.03,"ORG_TYPE":"一般企业","PREMIUM_INCOME":null,"PREMIUM_INCOME_YOY":null,"NET_INTEREST_INCOME":null,"NET_INTEREST_INCOME_YOY":null,"FEE_COMMISSION_INCOME":null,"FEE_COMMISSION_INCOME_YOY":null,"ACCOUNTS_RECE_TDAYS":10.333733751951,"INVENTORY_TDAYS":0.218915933489,"CURRENT_ASSETS_TDAYS":0.114940574862,"TOTAL_ASSETS_TDAYS":0.053176204284,"PREMIUM_EXPENSE":null,"LOAN_DEPOSIT":null,"LOAN_EQUITY":null,"LOAN_ASSETS":null,"DEPOSIT_EQUITY":null,"DEPOSIT_ASSETS":null,"EQUITY_MULTIPLIER":3.589638099915,"EQUITY_RATIO":5.507543823545},{"SECUCODE":"00817.HK","SECURITY_CODE":"00817","SECURITY_NAME_ABBR":"中国金茂","ORG_CODE":"10090105","STD_REPORT_DATE":"2023-12-31 00:00:00","REPORT_DATE":"2023-12-31 00:00:00","DATE_TYPE_CODE":"001","REPORT_TYPE":"2023年年报","PER_NETCASH_OPERATE":0.228950094055,"PER_OI":5.36339417532,"BPS":2.909179604028,"BASIC_EPS":-0.5162,"DILUTED_EPS":-0.5162,"OPERATE_INCOME":72403613000,"OPERATE_INCOME_YOY":-12.7576623266,"GROSS_PROFIT":9021481000,"GROSS_PROFIT_YOY":-31.372723386193,"HOLDER_PROFIT":-6896644000,"HOLDER_PROFIT_YOY":-447.5985631649,"GROSS_PROFIT_RATIO":12.459987321351,"EPS_TTM":-0.510878100225,"OPERATE_INCOME_QOQ":-10.709430341397,"NET_PROFIT_RATIO":-6.7100919397,"ROE_AVG":-15.902477662201,"GROSS_PROFIT_QOQ":-20.614653220422,"ROA":-1.663816777996,"HOLDER_PROFIT_QOQ":-4381.16281034158,"ROE_YEARLY":-15.902477662201,"ROIC_YEARLY":-2.206154829451,"TOTAL_ASSETS":407119201000,"TOTAL_LIABILITIES":297282084000,"TAX_EBT":-72.739270970332,"OCF_SALES":4.268753825862,"TOTAL_PARENT_EQUITY":39291296000,"DEBT_ASSET_RATIO":73.0208949295,"OPERATE_PROFIT":1120774000,"PRETAX_PROFIT":-2812533000,"NETCASH_OPERATE":3090732000,"NETCASH_INVEST":1645148000,"NETCASH_FINANCE":-10906787000,"END_CASH":30919968000,"DIVI_RATIO":-0.053594781197,"DIVIDEND_RATE":3.030303030303,"CURRENT_RATIO":1.062814212182,"COMMON_ACS":null,"CURRENTDEBT_DEBT":59.233439711759,"ISSUED_COMMON_SHARES":13505971218,"HK_COMMON_SHARES":13505971218,"PER_SHARES":2000,"TOTAL_MARKET_CAP":13370911505.82,"HKSK_MARKET_CAP":13370911505.82,"PE_TTM":-1.917478568669,"PB_TTM":0.305821752833,"REPORT_DATE_SQ":"2022-12-31 00:00:00","REPORT_TYPE_SQ":"2022年年报","OPERATE_INCOME_SQ":82991372000,"DPS_HKD":0.03,"OPERATE_INCOME_QOQ_SQ":-8.143901848174,"NET_PROFIT_RATIO_SQ":6.2908876841,"HOLDER_PROFIT_SQ":1984083000,"HOLDER_PROFIT_QOQ_SQ":-32.965775459608,"ROE_AVG_SQ":4.073808992508,"PE_TTM_SQ":-27.809008676846,"PB_TTM_SQ":0.175606820947,"ROA_SQ":0.475857511499,"START_DATE":"2023-01-01 00:00:00","FISCAL_YEAR":"12-31","CURRENCY":"HKD","IS_CNY_CODE":0,"DPS_HKD_LY":0.035,"ORG_TYPE":"一般企业","PREMIUM_INCOME":null,"PREMIUM_INCOME_YOY":null,"NET_INTEREST_INCOME":null,"NET_INTEREST_INCOME_YOY":null,"FEE_COMMISSION_INCOME":null,"FEE_COMMISSION_INCOME_YOY":null,"ACCOUNTS_RECE_TDAYS":34.670821051704,"INVENTORY_TDAYS":0.755162998649,"CURRENT_ASSETS_TDAYS":0.382456663853,"TOTAL_ASSETS_TDAYS":0.174673864704,"PREMIUM_EXPENSE":null,"LOAN_DEPOSIT":null,"LOAN_EQUITY":null,"LOAN_ASSETS":null,"DEPOSIT_EQUITY":null,"DEPOSIT_ASSETS":null,"EQUITY_MULTIPLIER":3.706572169043,"EQUITY_RATIO":7.566105327755},{"SECUCODE":"00817.HK","SECURITY_CODE":"00817","SECURITY_NAME_ABBR":"中国金茂","ORG_CODE":"10090105","STD_REPORT_DATE":"2023-06-30 00:00:00","REPORT_DATE":"2023-06-30 00:00:00","DATE_TYPE_CODE":"002","REPORT_TYPE":"2023年中报","PER_NETCASH_OPERATE":0.19308459396,"PER_OI":2.015867239089,"BPS":3.411050731294,"BASIC_EPS":0.0325,"DILUTED_EPS":0.0325,"OPERATE_INCOME":26841258000,"OPERATE_INCOME_YOY":-6.6228403674,"GROSS_PROFIT":4443556000,"GROSS_PROFIT_YOY":-28.6177119016,"HOLDER_PROFIT":432880000,"HOLDER_PROFIT_YOY":-83.1620940181,"GROSS_PROFIT_RATIO":16.554946865754,"EPS_TTM":-0.011558624253,"OPERATE_INCOME_QOQ":-2.293895081045,"NET_PROFIT_RATIO":6.6101372745,"ROE_AVG":0.925798198321,"GROSS_PROFIT_QOQ":-13.551707717095,"ROA":0.101486853202,"HOLDER_PROFIT_QOQ":-107.756883154586,"ROE_YEARLY":1.851596396641,"ROIC_YEARLY":0.26620471711,"TOTAL_ASSETS":431180373000,"TOTAL_LIABILITIES":317731091000,"TAX_EBT":13.605547182949,"OCF_SALES":9.578239589217,"TOTAL_PARENT_EQUITY":46069553000,"DEBT_ASSET_RATIO":73.6886720491,"OPERATE_PROFIT":2426659000,"PRETAX_PROFIT":2053655000,"NETCASH_OPERATE":2570920000,"NETCASH_INVEST":95553000,"NETCASH_FINANCE":-6728147000,"END_CASH":32918950000,"DIVI_RATIO":-2.368828625353,"DIVIDEND_RATE":3.030303030303,"CURRENT_RATIO":1.067717184973,"COMMON_ACS":null,"CURRENTDEBT_DEBT":60.001998356529,"ISSUED_COMMON_SHARES":13505971218,"HK_COMMON_SHARES":13505971218,"PER_SHARES":2000,"TOTAL_MARKET_CAP":13370911505.82,"HKSK_MARKET_CAP":13370911505.82,"PE_TTM":-1.917478568669,"PB_TTM":0.305821752833,"REPORT_DATE_SQ":"2022-06-30 00:00:00","REPORT_TYPE_SQ":"2022年中报","OPERATE_INCOME_SQ":28744993000,"DPS_HKD":0.03,"OPERATE_INCOME_QOQ_SQ":0.321340453125,"NET_PROFIT_RATIO_SQ":14.3791998836,"HOLDER_PROFIT_SQ":2570866000,"HOLDER_PROFIT_QOQ_SQ":-36.890376516223,"ROE_AVG_SQ":5.09063475366,"PE_TTM_SQ":-27.809008676846,"PB_TTM_SQ":0.175606820947,"ROA_SQ":0.609321950168,"START_DATE":"2023-01-01 00:00:00","FISCAL_YEAR":"12-31","CURRENCY":"HKD","IS_CNY_CODE":0,"DPS_HKD_LY":0.035,"ORG_TYPE":"一般企业","PREMIUM_INCOME":null,"PREMIUM_INCOME_YOY":null,"NET_INTEREST_INCOME":null,"NET_INTEREST_INCOME_YOY":null,"FEE_COMMISSION_INCOME":null,"FEE_COMMISSION_INCOME_YOY":null,"ACCOUNTS_RECE_TDAYS":11.512713360169,"INVENTORY_TDAYS":0.244397591068,"CURRENT_ASSETS_TDAYS":0.135895662317,"TOTAL_ASSETS_TDAYS":0.06292817433,"PREMIUM_EXPENSE":null,"LOAN_DEPOSIT":null,"LOAN_EQUITY":null,"LOAN_ASSETS":null,"DEPOSIT_EQUITY":null,"DEPOSIT_ASSETS":null,"EQUITY_MULTIPLIER":3.800644353132,"EQUITY_RATIO":6.896769564923},{"SECUCODE":"00817.HK","SECURITY_CODE":"00817","SECURITY_NAME_ABBR":"中国金茂","ORG_CODE":"10090105","STD_REPORT_DATE":"2022-12-31 00:00:00","REPORT_DATE":"2022-12-31 00:00:00","DATE_TYPE_CODE":"001","REPORT_TYPE":"2022年年报","PER_NETCASH_OPERATE":0.133717006969,"PER_OI":6.232926487344,"BPS":3.51292226484,"BASIC_EPS":0.1556,"DILUTED_EPS":0.1556,"OPERATE_INCOME":82991372000,"OPERATE_INCOME_YOY":-7.8487310461,"GROSS_PROFIT":13145620000,"GROSS_PROFIT_YOY":-21.554396879033,"HOLDER_PROFIT":1984083000,"HOLDER_PROFIT_YOY":-57.6949532873,"GROSS_PROFIT_RATIO":15.839742955448,"EPS_TTM":0.149011194607,"OPERATE_INCOME_QOQ":-8.143901848174,"NET_PROFIT_RATIO":6.2908876841,"ROE_AVG":4.073808992508,"GROSS_PROFIT_QOQ":-23.611689783137,"ROA":0.475857511499,"HOLDER_PROFIT_QOQ":-32.965775459608,"ROE_YEARLY":4.073808992508,"ROIC_YEARLY":0.616476889679,"TOTAL_ASSETS":421895639000,"TOTAL_LIABILITIES":309208899000,"TAX_EBT":46.491773237759,"OCF_SALES":2.14533264976,"TOTAL_PARENT_EQUITY":47445427000,"DEBT_ASSET_RATIO":73.2903757273,"OPERATE_PROFIT":11970869000,"PRETAX_PROFIT":9757180000,"NETCASH_OPERATE":1780441000,"NETCASH_INVEST":3855539000,"NETCASH_FINANCE":352247000,"END_CASH":37089244000,"DIVI_RATIO":0.183747268601,"DIVIDEND_RATE":3.030303030303,"CURRENT_RATIO":1.015991186106,"COMMON_ACS":null,"CURRENTDEBT_DEBT":60.948703808166,"ISSUED_COMMON_SHARES":13505971218,"HK_COMMON_SHARES":13505971218,"PER_SHARES":2000,"TOTAL_MARKET_CAP":13370911505.82,"HKSK_MARKET_CAP":13370911505.82,"PE_TTM":-1.917478568669,"PB_TTM":0.305821752833,"REPORT_DATE_SQ":"2021-12-31 00:00:00","REPORT_TYPE_SQ":"2021年年报","OPERATE_INCOME_SQ":90059934000,"DPS_HKD":0.03,"OPERATE_INCOME_QOQ_SQ":17.859615981524,"NET_PROFIT_RATIO_SQ":8.5552261231,"HOLDER_PROFIT_SQ":4689944000,"HOLDER_PROFIT_QOQ_SQ":6.293825478866,"ROE_AVG_SQ":9.697639598388,"PE_TTM_SQ":-27.809008676846,"PB_TTM_SQ":0.175606820947,"ROA_SQ":1.172840083353,"START_DATE":"2022-01-01 00:00:00","FISCAL_YEAR":"12-31","CURRENCY":"HKD","IS_CNY_CODE":0,"DPS_HKD_LY":0.09,"ORG_TYPE":"一般企业","PREMIUM_INCOME":null,"PREMIUM_INCOME_YOY":null,"NET_INTEREST_INCOME":null,"NET_INTEREST_INCOME_YOY":null,"FEE_COMMISSION_INCOME":null,"FEE_COMMISSION_INCOME_YOY":null,"ACCOUNTS_RECE_TDAYS":38.643613432426,"INVENTORY_TDAYS":0.789498147559,"CURRENT_ASSETS_TDAYS":0.417688770108,"TOTAL_ASSETS_TDAYS":0.199044433906,"PREMIUM_EXPENSE":null,"LOAN_DEPOSIT":null,"LOAN_EQUITY":null,"LOAN_ASSETS":null,"DEPOSIT_EQUITY":null,"DEPOSIT_ASSETS":null,"EQUITY_MULTIPLIER":3.743968802369,"EQUITY_RATIO":6.517148617927},{"SECUCODE":"00817.HK","SECURITY_CODE":"00817","SECURITY_NAME_ABBR":"中国金茂","ORG_CODE":"10090105","STD_REPORT_DATE":"2022-06-30 00:00:00","REPORT_DATE":"2022-06-30 00:00:00","DATE_TYPE_CODE":"002","REPORT_TYPE":"2022年中报","PER_NETCASH_OPERATE":-0.268059229171,"PER_OI":2.265199916542,"BPS":3.779246984621,"BASIC_EPS":0.2026,"DILUTED_EPS":0.2025,"OPERATE_INCOME":28744993000,"OPERATE_INCOME_YOY":1.0170197115,"GROSS_PROFIT":6225012000,"GROSS_PROFIT_YOY":7.816779376119,"HOLDER_PROFIT":2570866000,"HOLDER_PROFIT_YOY":-40.226375051,"GROSS_PROFIT_RATIO":21.655987183577,"EPS_TTM":0.233242439968,"OPERATE_INCOME_QOQ":0.321340453125,"NET_PROFIT_RATIO":14.3791998836,"ROE_AVG":5.09063475366,"GROSS_PROFIT_QOQ":2.693203840043,"ROA":0.609321950168,"HOLDER_PROFIT_QOQ":-36.890376516223,"ROE_YEARLY":10.18126950732,"ROIC_YEARLY":1.55169801557,"TOTAL_ASSETS":431842563000,"TOTAL_LIABILITIES":320448775000,"TAX_EBT":32.678836042435,"OCF_SALES":-11.833800063893,"TOTAL_PARENT_EQUITY":51042401000,"DEBT_ASSET_RATIO":74.2050002607,"OPERATE_PROFIT":6091802000,"PRETAX_PROFIT":6139674000,"NETCASH_OPERATE":-3401625000,"NETCASH_INVEST":3325387000,"NETCASH_FINANCE":1887758000,"END_CASH":32887283000,"DIVI_RATIO":0.117390299998,"DIVIDEND_RATE":3.030303030303,"CURRENT_RATIO":1.046211118462,"COMMON_ACS":null,"CURRENTDEBT_DEBT":66.282506775069,"ISSUED_COMMON_SHARES":13505971218,"HK_COMMON_SHARES":13505971218,"PER_SHARES":2000,"TOTAL_MARKET_CAP":13370911505.82,"HKSK_MARKET_CAP":13370911505.82,"PE_TTM":-1.917478568669,"PB_TTM":0.305821752833,"REPORT_DATE_SQ":"2021-06-30 00:00:00","REPORT_TYPE_SQ":"2021年中报","OPERATE_INCOME_SQ":28455594000,"DPS_HKD":0.03,"OPERATE_INCOME_QOQ_SQ":27.240552225453,"NET_PROFIT_RATIO_SQ":20.4209196968,"HOLDER_PROFIT_SQ":4301004000,"HOLDER_PROFIT_QOQ_SQ":13.688763628624,"ROE_AVG_SQ":8.905132383697,"PE_TTM_SQ":-27.809008676846,"PB_TTM_SQ":0.175606820947,"ROA_SQ":1.039084019467,"START_DATE":"2022-01-01 00:00:00","FISCAL_YEAR":"12-31","CURRENCY":"HKD","IS_CNY_CODE":0,"DPS_HKD_LY":0.09,"ORG_TYPE":"一般企业","PREMIUM_INCOME":null,"PREMIUM_INCOME_YOY":null,"NET_INTEREST_INCOME":null,"NET_INTEREST_INCOME_YOY":null,"FEE_COMMISSION_INCOME":null,"FEE_COMMISSION_INCOME_YOY":null,"ACCOUNTS_RECE_TDAYS":13.777854627661,"INVENTORY_TDAYS":0.225011243827,"CURRENT_ASSETS_TDAYS":0.134282213244,"TOTAL_ASSETS_TDAYS":0.068128619665,"PREMIUM_EXPENSE":null,"LOAN_DEPOSIT":null,"LOAN_EQUITY":null,"LOAN_ASSETS":null,"DEPOSIT_EQUITY":null,"DEPOSIT_ASSETS":null,"EQUITY_MULTIPLIER":3.876720333811,"EQUITY_RATIO":6.27808975914},{"SECUCODE":"00817.HK","SECURITY_CODE":"00817","SECURITY_NAME_ABBR":"中国金茂","ORG_CODE":"10090105","STD_REPORT_DATE":"2021-12-31 00:00:00","REPORT_DATE":"2021-12-31 00:00:00","DATE_TYPE_CODE":"001","REPORT_TYPE":"2021年年报","PER_NETCASH_OPERATE":0.349777139402,"PER_OI":7.097848825417,"BPS":3.699204462498,"BASIC_EPS":0.3695,"DILUTED_EPS":0.3691,"OPERATE_INCOME":90059934000,"OPERATE_INCOME_YOY":49.9652262257,"GROSS_PROFIT":16757625000,"GROSS_PROFIT_YOY":38.328557735264,"HOLDER_PROFIT":4689944000,"HOLDER_PROFIT_YOY":20.8441360005,"GROSS_PROFIT_RATIO":18.607192183818,"EPS_TTM":0.369626225927,"OPERATE_INCOME_QOQ":17.859615981524,"NET_PROFIT_RATIO":8.5552261231,"ROE_AVG":9.697639598388,"GROSS_PROFIT_QOQ":20.018972274266,"ROA":1.172840083353,"HOLDER_PROFIT_QOQ":6.293825478866,"ROE_YEARLY":9.697639598388,"ROIC_YEARLY":1.529275631655,"TOTAL_ASSETS":412002304000,"TOTAL_LIABILITIES":305208676000,"TAX_EBT":39.400130719263,"OCF_SALES":4.927931659377,"TOTAL_PARENT_EQUITY":49961349000,"DEBT_ASSET_RATIO":74.0793614591,"OPERATE_PROFIT":13925475000,"PRETAX_PROFIT":12714270000,"NETCASH_OPERATE":4438092000,"NETCASH_INVEST":-11796524000,"NETCASH_FINANCE":-1707305000,"END_CASH":31050637000,"DIVI_RATIO":0.074075912583,"DIVIDEND_RATE":3.030303030303,"CURRENT_RATIO":1.0231877155,"COMMON_ACS":null,"CURRENTDEBT_DEBT":65.936814653329,"ISSUED_COMMON_SHARES":13505971218,"HK_COMMON_SHARES":13505971218,"PER_SHARES":2000,"TOTAL_MARKET_CAP":13370911505.82,"HKSK_MARKET_CAP":13370911505.82,"PE_TTM":-1.917478568669,"PB_TTM":0.305821752833,"REPORT_DATE_SQ":"2020-12-31 00:00:00","REPORT_TYPE_SQ":"2020年年报","OPERATE_INCOME_SQ":60053878000,"DPS_HKD":0.03,"OPERATE_INCOME_QOQ_SQ":47.51197269134,"NET_PROFIT_RATIO_SQ":10.3159382979,"HOLDER_PROFIT_SQ":3880986000,"HOLDER_PROFIT_QOQ_SQ":-40.441757706498,"ROE_AVG_SQ":8.372275376499,"PE_TTM_SQ":-27.809008676846,"PB_TTM_SQ":0.175606820947,"ROA_SQ":1.087256042596,"START_DATE":"2021-01-01 00:00:00","FISCAL_YEAR":"12-31","CURRENCY":"HKD","IS_CNY_CODE":0,"DPS_HKD_LY":0.26,"ORG_TYPE":"一般企业","PREMIUM_INCOME":null,"PREMIUM_INCOME_YOY":null,"NET_INTEREST_INCOME":null,"NET_INTEREST_INCOME_YOY":null,"FEE_COMMISSION_INCOME":null,"FEE_COMMISSION_INCOME_YOY":null,"ACCOUNTS_RECE_TDAYS":71.228928488666,"INVENTORY_TDAYS":0.766874546765,"CURRENT_ASSETS_TDAYS":0.417778675002,"TOTAL_ASSETS_TDAYS":0.225217828826,"PREMIUM_EXPENSE":null,"LOAN_DEPOSIT":null,"LOAN_EQUITY":null,"LOAN_ASSETS":null,"DEPOSIT_EQUITY":null,"DEPOSIT_ASSETS":null,"EQUITY_MULTIPLIER":3.857929651008,"EQUITY_RATIO":6.108895818646},{"SECUCODE":"00817.HK","SECURITY_CODE":"00817","SECURITY_NAME_ABBR":"中国金茂","ORG_CODE":"10090105","STD_REPORT_DATE":"2021-06-30 00:00:00","REPORT_DATE":"2021-06-30 00:00:00","DATE_TYPE_CODE":"002","REPORT_TYPE":"2021年中报","PER_NETCASH_OPERATE":0.820515858785,"PER_OI":2.242887730969,"BPS":3.689775892132,"BASIC_EPS":0.3388,"DILUTED_EPS":0.3382,"OPERATE_INCOME":28455594000,"OPERATE_INCOME_YOY":135.2365700537,"GROSS_PROFIT":5773695000,"GROSS_PROFIT_YOY":47.078813087191,"HOLDER_PROFIT":4301004000,"HOLDER_PROFIT_YOY":14.0927038832,"GROSS_PROFIT_RATIO":20.29019320419,"EPS_TTM":0.347775912762,"OPERATE_INCOME_QOQ":27.240552225453,"NET_PROFIT_RATIO":20.4209196968,"ROE_AVG":8.905132383697,"GROSS_PROFIT_QOQ":15.25557594274,"ROA":1.039084019467,"HOLDER_PROFIT_QOQ":13.688763628624,"ROE_YEARLY":17.810264767394,"ROIC_YEARLY":2.714993300471,"TOTAL_ASSETS":440089105000,"TOTAL_LIABILITIES":333258597000,"TAX_EBT":24.944117156995,"OCF_SALES":36.583010707842,"TOTAL_PARENT_EQUITY":49834007000,"DEBT_ASSET_RATIO":75.7252550026,"OPERATE_PROFIT":8114888000,"PRETAX_PROFIT":7742090000,"NETCASH_OPERATE":10409913000,"NETCASH_INVEST":-17836346000,"NETCASH_FINANCE":2648938000,"END_CASH":38661202000,"DIVI_RATIO":0.078730006867,"DIVIDEND_RATE":3.030303030303,"CURRENT_RATIO":1.045254276711,"COMMON_ACS":null,"CURRENTDEBT_DEBT":73.319009081707,"ISSUED_COMMON_SHARES":13505971218,"HK_COMMON_SHARES":13505971218,"PER_SHARES":2000,"TOTAL_MARKET_CAP":13370911505.82,"HKSK_MARKET_CAP":13370911505.82,"PE_TTM":-1.917478568669,"PB_TTM":0.305821752833,"REPORT_DATE_SQ":"2020-06-30 00:00:00","REPORT_TYPE_SQ":"2020年中报","OPERATE_INCOME_SQ":12096586000,"DPS_HKD":0.03,"OPERATE_INCOME_QOQ_SQ":-6.100091334657,"NET_PROFIT_RATIO_SQ":38.3063700783,"HOLDER_PROFIT_SQ":3769745000,"HOLDER_PROFIT_QOQ_SQ":0.993101588448,"ROE_AVG_SQ":8.663042420411,"PE_TTM_SQ":-27.809008676846,"PB_TTM_SQ":0.175606820947,"ROA_SQ":1.052623156511,"START_DATE":"2021-01-01 00:00:00","FISCAL_YEAR":"12-31","CURRENCY":"HKD","IS_CNY_CODE":0,"DPS_HKD_LY":0.26,"ORG_TYPE":"一般企业","PREMIUM_INCOME":null,"PREMIUM_INCOME_YOY":null,"NET_INTEREST_INCOME":null,"NET_INTEREST_INCOME_YOY":null,"FEE_COMMISSION_INCOME":null,"FEE_COMMISSION_INCOME_YOY":null,"ACCOUNTS_RECE_TDAYS":21.22412182414,"INVENTORY_TDAYS":0.211151263264,"CURRENT_ASSETS_TDAYS":0.1184107487,"TOTAL_ASSETS_TDAYS":0.068746164825,"PREMIUM_EXPENSE":null,"LOAN_DEPOSIT":null,"LOAN_EQUITY":null,"LOAN_ASSETS":null,"DEPOSIT_EQUITY":null,"DEPOSIT_ASSETS":null,"EQUITY_MULTIPLIER":4.119507743983,"EQUITY_RATIO":6.687373082401},{"SECUCODE":"00817.HK","SECURITY_CODE":"00817","SECURITY_NAME_ABBR":"中国金茂","ORG_CODE":"10090105","STD_REPORT_DATE":"2020-12-31 00:00:00","REPORT_DATE":"2020-12-31 00:00:00","DATE_TYPE_CODE":"001","REPORT_TYPE":"2020年年报","PER_NETCASH_OPERATE":2.460627932933,"PER_OI":4.715195574754,"BPS":3.462325163086,"BASIC_EPS":0.3186,"DILUTED_EPS":0.3166,"OPERATE_INCOME":60053878000,"OPERATE_INCOME_YOY":38.5136076276,"GROSS_PROFIT":12114364000,"GROSS_PROFIT_YOY":-5.095120207277,"HOLDER_PROFIT":3880986000,"HOLDER_PROFIT_YOY":-40.1244200834,"GROSS_PROFIT_RATIO":20.172492440871,"EPS_TTM":0.304719838624,"OPERATE_INCOME_QOQ":47.51197269134,"NET_PROFIT_RATIO":10.3159382979,"ROE_AVG":8.372275376499,"GROSS_PROFIT_QOQ":7.601764281942,"ROA":1.087256042596,"HOLDER_PROFIT_QOQ":-40.441757706498,"ROE_YEARLY":8.372275376499,"ROIC_YEARLY":1.40691028939,"TOTAL_ASSETS":387756174000,"TOTAL_LIABILITIES":285929092000,"TAX_EBT":35.763093107893,"OCF_SALES":52.185066216706,"TOTAL_PARENT_EQUITY":46762064000,"DEBT_ASSET_RATIO":73.7394040823,"OPERATE_PROFIT":11301760000,"PRETAX_PROFIT":9644177000,"NETCASH_OPERATE":31339156000,"NETCASH_INVEST":-303330000,"NETCASH_FINANCE":-8784605000,"END_CASH":40155580000,"DIVI_RATIO":0.089854340051,"DIVIDEND_RATE":3.030303030303,"CURRENT_RATIO":1.142814068248,"COMMON_ACS":null,"CURRENTDEBT_DEBT":68.926171038238,"ISSUED_COMMON_SHARES":13505971218,"HK_COMMON_SHARES":13505971218,"PER_SHARES":2000,"TOTAL_MARKET_CAP":13370911505.82,"HKSK_MARKET_CAP":13370911505.82,"PE_TTM":-1.917478568669,"PB_TTM":0.305821752833,"REPORT_DATE_SQ":"2019-12-31 00:00:00","REPORT_TYPE_SQ":"2019年年报","OPERATE_INCOME_SQ":43355941000,"DPS_HKD":0.03,"OPERATE_INCOME_QOQ_SQ":37.475712781276,"NET_PROFIT_RATIO_SQ":19.9029655474,"HOLDER_PROFIT_SQ":6481751000,"HOLDER_PROFIT_QOQ_SQ":14.928272806472,"ROE_AVG_SQ":17.167341664199,"PE_TTM_SQ":-27.809008676846,"PB_TTM_SQ":0.175606820947,"ROA_SQ":2.158699497481,"START_DATE":"2020-01-01 00:00:00","FISCAL_YEAR":"12-31","CURRENCY":"HKD","IS_CNY_CODE":0,"DPS_HKD_LY":0.23,"ORG_TYPE":"一般企业","PREMIUM_INCOME":null,"PREMIUM_INCOME_YOY":null,"NET_INTEREST_INCOME":null,"NET_INTEREST_INCOME_YOY":null,"FEE_COMMISSION_INCOME":null,"FEE_COMMISSION_INCOME_YOY":null,"ACCOUNTS_RECE_TDAYS":63.460434102629,"INVENTORY_TDAYS":0.545680124293,"CURRENT_ASSETS_TDAYS":0.302646749066,"TOTAL_ASSETS_TDAYS":0.168240601066,"PREMIUM_EXPENSE":null,"LOAN_DEPOSIT":null,"LOAN_EQUITY":null,"LOAN_ASSETS":null,"DEPOSIT_EQUITY":null,"DEPOSIT_ASSETS":null,"EQUITY_MULTIPLIER":3.807986700431,"EQUITY_RATIO":6.114552428652},{"SECUCODE":"00817.HK","SECURITY_CODE":"00817","SECURITY_NAME_ABBR":"中国金茂","ORG_CODE":"10090105","STD_REPORT_DATE":"2020-06-30 00:00:00","REPORT_DATE":"2020-06-30 00:00:00","DATE_TYPE_CODE":"002","REPORT_TYPE":"2020年中报","PER_NETCASH_OPERATE":2.186925340272,"PER_OI":1.027052340858,"BPS":3.041776806487,"BASIC_EPS":0.3201,"DILUTED_EPS":0.3188,"OPERATE_INCOME":12096586000,"OPERATE_INCOME_YOY":-17.9410579962,"GROSS_PROFIT":3925579000,"GROSS_PROFIT_YOY":-27.729737670947,"HOLDER_PROFIT":3769745000,"HOLDER_PROFIT_YOY":1.7291619217,"GROSS_PROFIT_RATIO":32.451957932594,"EPS_TTM":0.55326088014,"OPERATE_INCOME_QOQ":-6.100091334657,"NET_PROFIT_RATIO":38.3063700783,"ROE_AVG":8.663042420411,"GROSS_PROFIT_QOQ":-11.799885042731,"ROA":1.052623156511,"HOLDER_PROFIT_QOQ":0.993101588448,"ROE_YEARLY":17.326084840822,"ROIC_YEARLY":2.594383581369,"TOTAL_ASSETS":390108754000,"TOTAL_LIABILITIES":298026651000,"TAX_EBT":19.827150676608,"OCF_SALES":212.932219057509,"TOTAL_PARENT_EQUITY":41082150000,"DEBT_ASSET_RATIO":76.3957865452,"OPERATE_PROFIT":6509150000,"PRETAX_PROFIT":5779716000,"NETCASH_OPERATE":25757529000,"NETCASH_INVEST":-11939097000,"NETCASH_FINANCE":-14714198000,"END_CASH":17060342000,"DIVI_RATIO":0.049489130685,"DIVIDEND_RATE":3.030303030303,"CURRENT_RATIO":1.010637039826,"COMMON_ACS":null,"CURRENTDEBT_DEBT":75.820945959628,"ISSUED_COMMON_SHARES":13505971218,"HK_COMMON_SHARES":13505971218,"PER_SHARES":2000,"TOTAL_MARKET_CAP":13370911505.82,"HKSK_MARKET_CAP":13370911505.82,"PE_TTM":-1.917478568669,"PB_TTM":0.305821752833,"REPORT_DATE_SQ":"2019-06-30 00:00:00","REPORT_TYPE_SQ":"2019年中报","OPERATE_INCOME_SQ":14741338000,"DPS_HKD":0.03,"OPERATE_INCOME_QOQ_SQ":-18.577349708452,"NET_PROFIT_RATIO_SQ":32.4948929331,"HOLDER_PROFIT_SQ":3705668000,"HOLDER_PROFIT_QOQ_SQ":7.738239624417,"ROE_AVG_SQ":10.026703636342,"PE_TTM_SQ":-27.809008676846,"PB_TTM_SQ":0.175606820947,"ROA_SQ":1.298508358861,"START_DATE":"2020-01-01 00:00:00","FISCAL_YEAR":"12-31","CURRENCY":"HKD","IS_CNY_CODE":0,"DPS_HKD_LY":0.23,"ORG_TYPE":"一般企业","PREMIUM_INCOME":null,"PREMIUM_INCOME_YOY":null,"NET_INTEREST_INCOME":null,"NET_INTEREST_INCOME_YOY":null,"FEE_COMMISSION_INCOME":null,"FEE_COMMISSION_INCOME_YOY":null,"ACCOUNTS_RECE_TDAYS":6.43878948531,"INVENTORY_TDAYS":0.084686782896,"CURRENT_ASSETS_TDAYS":0.060482569675,"TOTAL_ASSETS_TDAYS":0.03377720917,"PREMIUM_EXPENSE":null,"LOAN_DEPOSIT":null,"LOAN_EQUITY":null,"LOAN_ASSETS":null,"DEPOSIT_EQUITY":null,"DEPOSIT_ASSETS":null,"EQUITY_MULTIPLIER":4.236531761225,"EQUITY_RATIO":7.254407352098}],"count":41},"success":true,"message":"ok","code":0}