{"version":"5ee69bc8a03dc49bbb2b8b524759c53d","result":{"pages":5,"data":[{"SECUCODE":"00810.HK","SECURITY_CODE":"00810","SECURITY_NAME_ABBR":"中国铸晨81","ORG_CODE":"10009117","STD_REPORT_DATE":"2024-06-30 00:00:00","REPORT_DATE":"2024-06-30 00:00:00","DATE_TYPE_CODE":"002","REPORT_TYPE":"2024年中报","PER_NETCASH_OPERATE":-0.061773271734,"PER_OI":0.002981534845,"BPS":0.187873970947,"BASIC_EPS":-0.092728288,"DILUTED_EPS":-0.092728288,"OPERATE_INCOME":421658.16,"OPERATE_INCOME_YOY":135.7142857143,"GROSS_PROFIT":null,"GROSS_PROFIT_YOY":null,"HOLDER_PROFIT":-13115211.6,"HOLDER_PROFIT_YOY":-289.5778364116,"GROSS_PROFIT_RATIO":null,"EPS_TTM":-0.182593639472,"OPERATE_INCOME_QOQ":99.210728375733,"NET_PROFIT_RATIO":-3110.3896103896,"ROE_AVG":-34.11761912676,"GROSS_PROFIT_QOQ":null,"ROA":-32.014436572651,"HOLDER_PROFIT_QOQ":-351.51734895803,"ROE_YEARLY":-68.23523825352,"ROIC_YEARLY":-76.404673605296,"TOTAL_ASSETS":33964473.52,"TOTAL_LIABILITIES":2080910.4,"TAX_EBT":null,"OCF_SALES":-2071.86147186147,"TOTAL_PARENT_EQUITY":31883563.12,"DEBT_ASSET_RATIO":6.1267265008,"OPERATE_PROFIT":-13106997.48,"PRETAX_PROFIT":-13115211.6,"NETCASH_OPERATE":-8736172.96,"NETCASH_INVEST":36507.2,"NETCASH_FINANCE":-256463.08,"END_CASH":2157575.52,"DIVI_RATIO":null,"DIVIDEND_RATE":null,"CURRENT_RATIO":8.235087719298,"COMMON_ACS":20000000000,"CURRENTDEBT_DEBT":100,"ISSUED_COMMON_SHARES":169707187,"HK_COMMON_SHARES":169707187,"PER_SHARES":6000,"TOTAL_MARKET_CAP":30377586.473,"HKSK_MARKET_CAP":30377586.473,"PE_TTM":-1.07489425261,"PB_TTM":0.869570804174,"REPORT_DATE_SQ":"2023-06-30 00:00:00","REPORT_TYPE_SQ":"2023年中报","OPERATE_INCOME_SQ":180708.08,"DPS_HKD":null,"OPERATE_INCOME_QOQ_SQ":-3.664972439841,"NET_PROFIT_RATIO_SQ":3867.3469387755,"HOLDER_PROFIT_SQ":6988608.4,"HOLDER_PROFIT_QOQ_SQ":84.285902183254,"ROE_AVG_SQ":12.759868697921,"PE_TTM_SQ":-11.127205068528,"PB_TTM_SQ":0.693744567925,"ROA_SQ":11.765436314531,"START_DATE":"2024-01-01 00:00:00","FISCAL_YEAR":"12-31","CURRENCY":"HKD","IS_CNY_CODE":0,"DPS_HKD_LY":null,"ORG_TYPE":"证券","PREMIUM_INCOME":null,"PREMIUM_INCOME_YOY":null,"NET_INTEREST_INCOME":null,"NET_INTEREST_INCOME_YOY":null,"FEE_COMMISSION_INCOME":null,"FEE_COMMISSION_INCOME_YOY":null,"ACCOUNTS_RECE_TDAYS":null,"INVENTORY_TDAYS":null,"CURRENT_ASSETS_TDAYS":0.017215038939,"TOTAL_ASSETS_TDAYS":0.010292741612,"PREMIUM_EXPENSE":null,"LOAN_DEPOSIT":null,"LOAN_EQUITY":null,"LOAN_ASSETS":null,"DEPOSIT_EQUITY":null,"DEPOSIT_ASSETS":null,"EQUITY_MULTIPLIER":1.06526593004,"EQUITY_RATIO":0.06526593004},{"SECUCODE":"00810.HK","SECURITY_CODE":"00810","SECURITY_NAME_ABBR":"中国铸晨81","ORG_CODE":"10009117","STD_REPORT_DATE":"2023-12-31 00:00:00","REPORT_DATE":"2023-12-31 00:00:00","DATE_TYPE_CODE":"001","REPORT_TYPE":"2023年年报","PER_NETCASH_OPERATE":0.070076358271,"PER_OI":0.001717306512,"BPS":0.26327860163,"BASIC_EPS":-0.040417412,"DILUTED_EPS":-0.040417412,"OPERATE_INCOME":242866.96,"OPERATE_INCOME_YOY":-65.1948051948,"GROSS_PROFIT":null,"GROSS_PROFIT_YOY":null,"HOLDER_PROFIT":-5719154.42,"HOLDER_PROFIT_YOY":77.4534671859,"GROSS_PROFIT_RATIO":null,"EPS_TTM":-0.040440005216,"OPERATE_INCOME_QOQ":102.609941693568,"NET_PROFIT_RATIO":-2354.8507462687,"ROE_AVG":-12.030232846291,"GROSS_PROFIT_QOQ":null,"ROA":-11.204914467318,"HOLDER_PROFIT_QOQ":-45.559718737859,"ROE_YEARLY":-12.030232846291,"ROIC_YEARLY":-12.795766509195,"TOTAL_ASSETS":47629110.76,"TOTAL_LIABILITIES":2948839.88,"TAX_EBT":null,"OCF_SALES":4080.59701492537,"TOTAL_PARENT_EQUITY":44680270.88,"DEBT_ASSET_RATIO":6.191255375,"OPERATE_PROFIT":-5692874.04,"PRETAX_PROFIT":-5719154.42,"NETCASH_OPERATE":9910421.92,"NETCASH_INVEST":-22655.5,"NETCASH_FINANCE":-509295.64,"END_CASH":11035040.94,"DIVI_RATIO":null,"DIVIDEND_RATE":null,"CURRENT_RATIO":10.724646588814,"COMMON_ACS":20000000000,"CURRENTDEBT_DEBT":100,"ISSUED_COMMON_SHARES":169707187,"HK_COMMON_SHARES":169707187,"PER_SHARES":6000,"TOTAL_MARKET_CAP":37335581.14,"HKSK_MARKET_CAP":37335581.14,"PE_TTM":-1.32109908142,"PB_TTM":1.068746239766,"REPORT_DATE_SQ":"2022-12-31 00:00:00","REPORT_TYPE_SQ":"2022年年报","OPERATE_INCOME_SQ":687817.9,"DPS_HKD":null,"OPERATE_INCOME_QOQ_SQ":-212.006724877865,"NET_PROFIT_RATIO_SQ":null,"HOLDER_PROFIT_SQ":-25003520.57,"HOLDER_PROFIT_QOQ_SQ":-63.172242681071,"ROE_AVG_SQ":-40.233139768873,"PE_TTM_SQ":-13.280857662437,"PB_TTM_SQ":0.828017710104,"ROA_SQ":-37.432132445372,"START_DATE":"2023-01-01 00:00:00","FISCAL_YEAR":"12-31","CURRENCY":"HKD","IS_CNY_CODE":0,"DPS_HKD_LY":null,"ORG_TYPE":"证券","PREMIUM_INCOME":null,"PREMIUM_INCOME_YOY":null,"NET_INTEREST_INCOME":null,"NET_INTEREST_INCOME_YOY":null,"FEE_COMMISSION_INCOME":null,"FEE_COMMISSION_INCOME_YOY":null,"ACCOUNTS_RECE_TDAYS":null,"INVENTORY_TDAYS":null,"CURRENT_ASSETS_TDAYS":0.007206722689,"TOTAL_ASSETS_TDAYS":0.004758227028,"PREMIUM_EXPENSE":null,"LOAN_DEPOSIT":null,"LOAN_EQUITY":null,"LOAN_ASSETS":null,"DEPOSIT_EQUITY":null,"DEPOSIT_ASSETS":null,"EQUITY_MULTIPLIER":1.065998701931,"EQUITY_RATIO":0.065998701931},{"SECUCODE":"00810.HK","SECURITY_CODE":"00810","SECURITY_NAME_ABBR":"中国铸晨81","ORG_CODE":"10009117","STD_REPORT_DATE":"2023-06-30 00:00:00","REPORT_DATE":"2023-06-30 00:00:00","DATE_TYPE_CODE":"002","REPORT_TYPE":"2023年中报","PER_NETCASH_OPERATE":0.078870475745,"PER_OI":0.001277782546,"BPS":0.343323857581,"BASIC_EPS":0.049418128,"DILUTED_EPS":0.049418128,"OPERATE_INCOME":180708.08,"OPERATE_INCOME_YOY":-67.1140939597,"GROSS_PROFIT":null,"GROSS_PROFIT_YOY":null,"HOLDER_PROFIT":6988608.4,"HOLDER_PROFIT_YOY":146.0202780645,"GROSS_PROFIT_RATIO":null,"EPS_TTM":-0.027782415058,"OPERATE_INCOME_QOQ":-3.664972439841,"NET_PROFIT_RATIO":3867.3469387755,"ROE_AVG":12.759868697921,"GROSS_PROFIT_QOQ":null,"ROA":11.765436314531,"HOLDER_PROFIT_QOQ":84.285902183254,"ROE_YEARLY":25.519737395842,"ROIC_YEARLY":26.736741856405,"TOTAL_ASSETS":63398110.74,"TOTAL_LIABILITIES":5133584.64,"TAX_EBT":null,"OCF_SALES":6172.44897959184,"TOTAL_PARENT_EQUITY":58264526.1,"DEBT_ASSET_RATIO":8.0973779504,"OPERATE_PROFIT":7003360.08,"PRETAX_PROFIT":6988608.4,"NETCASH_OPERATE":11154114.04,"NETCASH_INVEST":-22127.52,"NETCASH_FINANCE":-258154.4,"END_CASH":12559211.56,"DIVI_RATIO":null,"DIVIDEND_RATE":null,"CURRENT_RATIO":8.907507183908,"COMMON_ACS":20000000000,"CURRENTDEBT_DEBT":100,"ISSUED_COMMON_SHARES":169707187,"HK_COMMON_SHARES":169707187,"PER_SHARES":6000,"TOTAL_MARKET_CAP":37335581.14,"HKSK_MARKET_CAP":37335581.14,"PE_TTM":-1.32109908142,"PB_TTM":1.068746239766,"REPORT_DATE_SQ":"2022-06-30 00:00:00","REPORT_TYPE_SQ":"2022年中报","OPERATE_INCOME_SQ":509693.24,"DPS_HKD":null,"OPERATE_INCOME_QOQ_SQ":4.012452384552,"NET_PROFIT_RATIO_SQ":-2763.5906040268,"HOLDER_PROFIT_SQ":-14085834.49,"HOLDER_PROFIT_QOQ_SQ":-95.656294504511,"ROE_AVG_SQ":-21.875,"PE_TTM_SQ":-13.280857662437,"PB_TTM_SQ":0.828017710104,"ROA_SQ":-20.169600489821,"START_DATE":"2023-01-01 00:00:00","FISCAL_YEAR":"12-31","CURRENCY":"HKD","IS_CNY_CODE":0,"DPS_HKD_LY":null,"ORG_TYPE":"证券","PREMIUM_INCOME":null,"PREMIUM_INCOME_YOY":null,"NET_INTEREST_INCOME":null,"NET_INTEREST_INCOME_YOY":null,"FEE_COMMISSION_INCOME":null,"FEE_COMMISSION_INCOME_YOY":null,"ACCOUNTS_RECE_TDAYS":null,"INVENTORY_TDAYS":null,"CURRENT_ASSETS_TDAYS":0.004400835261,"TOTAL_ASSETS_TDAYS":0.003042250023,"PREMIUM_EXPENSE":null,"LOAN_DEPOSIT":null,"LOAN_EQUITY":null,"LOAN_ASSETS":null,"DEPOSIT_EQUITY":null,"DEPOSIT_ASSETS":null,"EQUITY_MULTIPLIER":1.088108236412,"EQUITY_RATIO":0.088108236411},{"SECUCODE":"00810.HK","SECURITY_CODE":"00810","SECURITY_NAME_ABBR":"中国铸晨81","ORG_CODE":"10009117","STD_REPORT_DATE":"2022-12-31 00:00:00","REPORT_DATE":"2022-12-31 00:00:00","DATE_TYPE_CODE":"001","REPORT_TYPE":"2022年年报","PER_NETCASH_OPERATE":-0.208096522531,"PER_OI":0.004863544052,"BPS":0.292734868382,"BASIC_EPS":-0.176778133,"DILUTED_EPS":-0.176778133,"OPERATE_INCOME":687817.9,"OPERATE_INCOME_YOY":-195.5228136882,"GROSS_PROFIT":null,"GROSS_PROFIT_YOY":null,"HOLDER_PROFIT":-25003520.57,"HOLDER_PROFIT_YOY":-192.2121307026,"GROSS_PROFIT_RATIO":null,"EPS_TTM":-0.17679930074,"OPERATE_INCOME_QOQ":-212.006724877865,"NET_PROFIT_RATIO":null,"ROE_AVG":-40.233139768873,"GROSS_PROFIT_QOQ":null,"ROA":-37.432132445372,"HOLDER_PROFIT_QOQ":-63.172242681071,"ROE_YEARLY":-40.233139768873,"ROIC_YEARLY":-49.781690453959,"TOTAL_ASSETS":53675701.03,"TOTAL_LIABILITIES":3996489.98,"TAX_EBT":null,"OCF_SALES":null,"TOTAL_PARENT_EQUITY":49679211.05,"DEBT_ASSET_RATIO":7.4456223269,"OPERATE_PROFIT":-24971362.85,"PRETAX_PROFIT":-25003520.57,"NETCASH_OPERATE":-29429673.42,"NETCASH_INVEST":-16972.13,"NETCASH_FINANCE":-497551.39,"END_CASH":1632897.56,"DIVI_RATIO":null,"DIVIDEND_RATE":null,"CURRENT_RATIO":8.823647742512,"COMMON_ACS":20000000000,"CURRENTDEBT_DEBT":100,"ISSUED_COMMON_SHARES":169707187,"HK_COMMON_SHARES":169707187,"PER_SHARES":6000,"TOTAL_MARKET_CAP":37335581.14,"HKSK_MARKET_CAP":37335581.14,"PE_TTM":-1.32109908142,"PB_TTM":1.068746239766,"REPORT_DATE_SQ":"2021-12-31 00:00:00","REPORT_TYPE_SQ":"2021年年报","OPERATE_INCOME_SQ":8601152,"DPS_HKD":null,"OPERATE_INCOME_QOQ_SQ":399.431501822764,"NET_PROFIT_RATIO_SQ":-101.6447368421,"HOLDER_PROFIT_SQ":-7831790.4,"HOLDER_PROFIT_QOQ_SQ":53.293810315305,"ROE_AVG_SQ":-11.375403762113,"PE_TTM_SQ":-13.280857662437,"PB_TTM_SQ":0.828017710104,"ROA_SQ":-10.355451774016,"START_DATE":"2022-01-01 00:00:00","FISCAL_YEAR":"12-31","CURRENCY":"HKD","IS_CNY_CODE":0,"DPS_HKD_LY":null,"ORG_TYPE":"证券","PREMIUM_INCOME":null,"PREMIUM_INCOME_YOY":null,"NET_INTEREST_INCOME":null,"NET_INTEREST_INCOME_YOY":null,"FEE_COMMISSION_INCOME":null,"FEE_COMMISSION_INCOME_YOY":null,"ACCOUNTS_RECE_TDAYS":null,"INVENTORY_TDAYS":null,"CURRENT_ASSETS_TDAYS":-0.210887494491,"TOTAL_ASSETS_TDAYS":-0.134384444623,"PREMIUM_EXPENSE":null,"LOAN_DEPOSIT":null,"LOAN_EQUITY":null,"LOAN_ASSETS":null,"DEPOSIT_EQUITY":null,"DEPOSIT_ASSETS":null,"EQUITY_MULTIPLIER":1.080445922863,"EQUITY_RATIO":0.080445922863},{"SECUCODE":"00810.HK","SECURITY_CODE":"00810","SECURITY_NAME_ABBR":"中国铸晨81","ORG_CODE":"10009117","STD_REPORT_DATE":"2022-06-30 00:00:00","REPORT_DATE":"2022-06-30 00:00:00","DATE_TYPE_CODE":"002","REPORT_TYPE":"2022年中报","PER_NETCASH_OPERATE":-0.113121756548,"PER_OI":0.003604028808,"BPS":0.337944479452,"BASIC_EPS":-0.099629635,"DILUTED_EPS":-0.099629635,"OPERATE_INCOME":509693.24,"OPERATE_INCOME_YOY":147.3029045643,"GROSS_PROFIT":null,"GROSS_PROFIT_YOY":null,"HOLDER_PROFIT":-14085834.49,"HOLDER_PROFIT_YOY":-107.8359621451,"GROSS_PROFIT_RATIO":null,"EPS_TTM":-0.108351333434,"OPERATE_INCOME_QOQ":4.012452384552,"NET_PROFIT_RATIO":-2763.5906040268,"ROE_AVG":-21.875,"GROSS_PROFIT_QOQ":null,"ROA":-20.169600489821,"HOLDER_PROFIT_QOQ":-95.656294504511,"ROE_YEARLY":-43.75,"ROIC_YEARLY":-58.946049923951,"TOTAL_ASSETS":63162623.02,"TOTAL_LIABILITIES":5811016.05,"TAX_EBT":null,"OCF_SALES":-3138.75838926174,"TOTAL_PARENT_EQUITY":57351606.97,"DEBT_ASSET_RATIO":9.2000866528,"OPERATE_PROFIT":-14069585.88,"PRETAX_PROFIT":-14085834.49,"NETCASH_OPERATE":-15998039.33,"NETCASH_INVEST":-5131.14,"NETCASH_FINANCE":-237742.82,"END_CASH":13924203.58,"DIVI_RATIO":null,"DIVIDEND_RATE":null,"CURRENT_RATIO":6.937159676233,"COMMON_ACS":20000000000,"CURRENTDEBT_DEBT":100,"ISSUED_COMMON_SHARES":169707187,"HK_COMMON_SHARES":169707187,"PER_SHARES":6000,"TOTAL_MARKET_CAP":37335581.14,"HKSK_MARKET_CAP":37335581.14,"PE_TTM":-1.32109908142,"PB_TTM":1.068746239766,"REPORT_DATE_SQ":"2021-06-30 00:00:00","REPORT_TYPE_SQ":"2021年中报","OPERATE_INCOME_SQ":200531.28,"DPS_HKD":null,"OPERATE_INCOME_QOQ_SQ":-23.59115895901,"NET_PROFIT_RATIO_SQ":-3288.3817427386,"HOLDER_PROFIT_SQ":-6594234,"HOLDER_PROFIT_QOQ_SQ":54.645663398578,"ROE_AVG_SQ":-9.319965895393,"PE_TTM_SQ":-13.280857662437,"PB_TTM_SQ":0.828017710104,"ROA_SQ":-7.877107188295,"START_DATE":"2022-01-01 00:00:00","FISCAL_YEAR":"12-31","CURRENCY":"HKD","IS_CNY_CODE":0,"DPS_HKD_LY":null,"ORG_TYPE":"证券","PREMIUM_INCOME":null,"PREMIUM_INCOME_YOY":null,"NET_INTEREST_INCOME":null,"NET_INTEREST_INCOME_YOY":null,"FEE_COMMISSION_INCOME":null,"FEE_COMMISSION_INCOME_YOY":null,"ACCOUNTS_RECE_TDAYS":null,"INVENTORY_TDAYS":null,"CURRENT_ASSETS_TDAYS":0.011576974253,"TOTAL_ASSETS_TDAYS":0.007298331548,"PREMIUM_EXPENSE":null,"LOAN_DEPOSIT":null,"LOAN_EQUITY":null,"LOAN_ASSETS":null,"DEPOSIT_EQUITY":null,"DEPOSIT_ASSETS":null,"EQUITY_MULTIPLIER":1.101322636924,"EQUITY_RATIO":0.101322636923},{"SECUCODE":"00810.HK","SECURITY_CODE":"00810","SECURITY_NAME_ABBR":"中国铸晨81","ORG_CODE":"10009117","STD_REPORT_DATE":"2021-12-31 00:00:00","REPORT_DATE":"2021-12-31 00:00:00","DATE_TYPE_CODE":"001","REPORT_TYPE":"2021年年报","PER_NETCASH_OPERATE":-0.010886056471,"PER_OI":0.060818541729,"BPS":0.402418492742,"BASIC_EPS":-0.06205584,"DILUTED_EPS":-0.06205584,"OPERATE_INCOME":8601152,"OPERATE_INCOME_YOY":308.6730268864,"GROSS_PROFIT":null,"GROSS_PROFIT_YOY":null,"HOLDER_PROFIT":-7831790.4,"HOLDER_PROFIT_YOY":78.1938626844,"GROSS_PROFIT_RATIO":null,"EPS_TTM":-0.055378404109,"OPERATE_INCOME_QOQ":399.431501822764,"NET_PROFIT_RATIO":-101.6447368421,"ROE_AVG":-11.375403762113,"GROSS_PROFIT_QOQ":null,"ROA":-10.355451774016,"HOLDER_PROFIT_QOQ":53.293810315305,"ROE_YEARLY":-11.375403762113,"ROIC_YEARLY":-14.585236616116,"TOTAL_ASSETS":73148219.2,"TOTAL_LIABILITIES":4854908.8,"TAX_EBT":null,"OCF_SALES":-19.980899830221,"TOTAL_PARENT_EQUITY":68293310.4,"DEBT_ASSET_RATIO":6.6370840645,"OPERATE_PROFIT":-7792545.6,"PRETAX_PROFIT":-7831790.4,"NETCASH_OPERATE":-1539540.8,"NETCASH_INVEST":9107246.4,"NETCASH_FINANCE":6245646.4,"END_CASH":28839204.8,"DIVI_RATIO":null,"DIVIDEND_RATE":null,"CURRENT_RATIO":9.401313573594,"COMMON_ACS":20000000000,"CURRENTDEBT_DEBT":100,"ISSUED_COMMON_SHARES":169707187,"HK_COMMON_SHARES":169707187,"PER_SHARES":6000,"TOTAL_MARKET_CAP":37335581.14,"HKSK_MARKET_CAP":37335581.14,"PE_TTM":-1.32109908142,"PB_TTM":1.068746239766,"REPORT_DATE_SQ":"2020-12-31 00:00:00","REPORT_TYPE_SQ":"2020年年报","OPERATE_INCOME_SQ":1940821.84,"DPS_HKD":null,"OPERATE_INCOME_QOQ_SQ":89.761611157364,"NET_PROFIT_RATIO_SQ":-1831.0962901209,"HOLDER_PROFIT_SQ":-36971561.92,"HOLDER_PROFIT_QOQ_SQ":37.517715087716,"ROE_AVG_SQ":-41.10241451422,"PE_TTM_SQ":-13.280857662437,"PB_TTM_SQ":0.828017710104,"ROA_SQ":-37.367722617306,"START_DATE":"2021-01-01 00:00:00","FISCAL_YEAR":"12-31","CURRENCY":"HKD","IS_CNY_CODE":0,"DPS_HKD_LY":null,"ORG_TYPE":"证券","PREMIUM_INCOME":null,"PREMIUM_INCOME_YOY":null,"NET_INTEREST_INCOME":10628.8,"NET_INTEREST_INCOME_YOY":null,"FEE_COMMISSION_INCOME":null,"FEE_COMMISSION_INCOME_YOY":null,"ACCOUNTS_RECE_TDAYS":null,"INVENTORY_TDAYS":null,"CURRENT_ASSETS_TDAYS":0.178865954923,"TOTAL_ASSETS_TDAYS":0.101878878295,"PREMIUM_EXPENSE":null,"LOAN_DEPOSIT":null,"LOAN_EQUITY":null,"LOAN_ASSETS":null,"DEPOSIT_EQUITY":null,"DEPOSIT_ASSETS":null,"EQUITY_MULTIPLIER":1.071089082833,"EQUITY_RATIO":0.071089082834},{"SECUCODE":"00810.HK","SECURITY_CODE":"00810","SECURITY_NAME_ABBR":"中国铸晨81","ORG_CODE":"10009117","STD_REPORT_DATE":"2021-06-30 00:00:00","REPORT_DATE":"2021-06-30 00:00:00","DATE_TYPE_CODE":"002","REPORT_TYPE":"2021年中报","PER_NETCASH_OPERATE":0.041426553907,"PER_OI":0.001417951923,"BPS":0.417630575893,"BASIC_EPS":-0.058578432,"DILUTED_EPS":-0.058578432,"OPERATE_INCOME":200531.28,"OPERATE_INCOME_YOY":-67.4763832659,"GROSS_PROFIT":null,"GROSS_PROFIT_YOY":null,"HOLDER_PROFIT":-6594234,"HOLDER_PROFIT_YOY":72.986331254,"GROSS_PROFIT_RATIO":null,"EPS_TTM":-0.118567591324,"OPERATE_INCOME_QOQ":-23.59115895901,"NET_PROFIT_RATIO":-3288.3817427386,"ROE_AVG":-9.319965895393,"GROSS_PROFIT_QOQ":null,"ROA":-7.877107188295,"HOLDER_PROFIT_QOQ":54.645663398578,"ROE_YEARLY":-18.639931790786,"ROIC_YEARLY":-21.632466442381,"TOTAL_ASSETS":87933382.32,"TOTAL_LIABILITIES":17058472.08,"TAX_EBT":null,"OCF_SALES":2921.57676348548,"TOTAL_PARENT_EQUITY":70874910.24,"DEBT_ASSET_RATIO":19.3993130139,"OPERATE_PROFIT":-6572599.92,"PRETAX_PROFIT":-6594234,"NETCASH_OPERATE":5858675.28,"NETCASH_INVEST":1833904.32,"NETCASH_FINANCE":7217461.92,"END_CASH":30202839.84,"DIVI_RATIO":null,"DIVIDEND_RATE":null,"CURRENT_RATIO":2.782791083362,"COMMON_ACS":20000000000,"CURRENTDEBT_DEBT":100,"ISSUED_COMMON_SHARES":169707187,"HK_COMMON_SHARES":169707187,"PER_SHARES":6000,"TOTAL_MARKET_CAP":37335581.14,"HKSK_MARKET_CAP":37335581.14,"PE_TTM":-1.32109908142,"PB_TTM":1.068746239766,"REPORT_DATE_SQ":"2020-06-30 00:00:00","REPORT_TYPE_SQ":"2020年中报","OPERATE_INCOME_SQ":676859.04,"DPS_HKD":null,"OPERATE_INCOME_QOQ_SQ":-43.194176244789,"NET_PROFIT_RATIO_SQ":-3604.0540540541,"HOLDER_PROFIT_SQ":-26797589.28,"HOLDER_PROFIT_QOQ_SQ":-32.222233838004,"ROE_AVG_SQ":-25.701294832933,"PE_TTM_SQ":-13.280857662437,"PB_TTM_SQ":0.828017710104,"ROA_SQ":-23.433418801371,"START_DATE":"2021-01-01 00:00:00","FISCAL_YEAR":"12-31","CURRENCY":"HKD","IS_CNY_CODE":0,"DPS_HKD_LY":null,"ORG_TYPE":"证券","PREMIUM_INCOME":null,"PREMIUM_INCOME_YOY":null,"NET_INTEREST_INCOME":10817.04,"NET_INTEREST_INCOME_YOY":null,"FEE_COMMISSION_INCOME":null,"FEE_COMMISSION_INCOME_YOY":null,"ACCOUNTS_RECE_TDAYS":null,"INVENTORY_TDAYS":null,"CURRENT_ASSETS_TDAYS":0.004521575985,"TOTAL_ASSETS_TDAYS":0.002395435751,"PREMIUM_EXPENSE":null,"LOAN_DEPOSIT":null,"LOAN_EQUITY":null,"LOAN_ASSETS":null,"DEPOSIT_EQUITY":null,"DEPOSIT_ASSETS":null,"EQUITY_MULTIPLIER":1.240684214233,"EQUITY_RATIO":0.240684214234},{"SECUCODE":"00810.HK","SECURITY_CODE":"00810","SECURITY_NAME_ABBR":"中国铸晨81","ORG_CODE":"10009117","STD_REPORT_DATE":"2020-12-31 00:00:00","REPORT_DATE":"2020-12-31 00:00:00","DATE_TYPE_CODE":"001","REPORT_TYPE":"2020年年报","PER_NETCASH_OPERATE":-0.021673437632,"PER_OI":0.00205852577,"BPS":0.42098567505,"BASIC_EPS":-0.3282396,"DILUTED_EPS":-0.3282396,"OPERATE_INCOME":1940821.84,"OPERATE_INCOME_YOY":-5.4394954671,"GROSS_PROFIT":null,"GROSS_PROFIT_YOY":null,"HOLDER_PROFIT":-36971561.92,"HOLDER_PROFIT_YOY":12.0701389167,"GROSS_PROFIT_RATIO":null,"EPS_TTM":-0.039213755439,"OPERATE_INCOME_QOQ":89.761611157364,"NET_PROFIT_RATIO":-1831.0962901209,"ROE_AVG":-41.10241451422,"GROSS_PROFIT_QOQ":null,"ROA":-37.367722617306,"HOLDER_PROFIT_QOQ":37.517715087716,"ROE_YEARLY":-41.10241451422,"ROIC_YEARLY":-45.766199398855,"TOTAL_ASSETS":80407760.68,"TOTAL_LIABILITIES":8963466,"TAX_EBT":null,"OCF_SALES":-1012.04668611922,"TOTAL_PARENT_EQUITY":71444294.68,"DEBT_ASSET_RATIO":11.1475135288,"OPERATE_PROFIT":-36881506.44,"PRETAX_PROFIT":-36971561.92,"NETCASH_OPERATE":-4913494.32,"NETCASH_INVEST":47131.84,"NETCASH_FINANCE":-468793.48,"END_CASH":15468501.56,"DIVI_RATIO":null,"DIVIDEND_RATE":null,"CURRENT_RATIO":4.652582159624,"COMMON_ACS":20000000000,"CURRENTDEBT_DEBT":100,"ISSUED_COMMON_SHARES":169707187,"HK_COMMON_SHARES":169707187,"PER_SHARES":6000,"TOTAL_MARKET_CAP":37335581.14,"HKSK_MARKET_CAP":37335581.14,"PE_TTM":-1.32109908142,"PB_TTM":1.068746239766,"REPORT_DATE_SQ":"2019-12-31 00:00:00","REPORT_TYPE_SQ":"2019年年报","OPERATE_INCOME_SQ":2272593.86,"DPS_HKD":null,"OPERATE_INCOME_QOQ_SQ":-18.28045474467,"NET_PROFIT_RATIO_SQ":-2389.1917742707,"HOLDER_PROFIT_SQ":-44751377.24,"HOLDER_PROFIT_QOQ_SQ":0.501178084713,"ROE_AVG_SQ":-36.882574205527,"PE_TTM_SQ":-13.280857662437,"PB_TTM_SQ":0.828017710104,"ROA_SQ":-34.258167155827,"START_DATE":"2020-01-01 00:00:00","FISCAL_YEAR":"12-31","CURRENCY":"HKD","IS_CNY_CODE":0,"DPS_HKD_LY":null,"ORG_TYPE":"证券","PREMIUM_INCOME":null,"PREMIUM_INCOME_YOY":null,"NET_INTEREST_INCOME":319823.2,"NET_INTEREST_INCOME_YOY":null,"FEE_COMMISSION_INCOME":null,"FEE_COMMISSION_INCOME_YOY":null,"ACCOUNTS_RECE_TDAYS":null,"INVENTORY_TDAYS":null,"CURRENT_ASSETS_TDAYS":0.042632972579,"TOTAL_ASSETS_TDAYS":0.020407295247,"PREMIUM_EXPENSE":null,"LOAN_DEPOSIT":null,"LOAN_EQUITY":null,"LOAN_ASSETS":null,"DEPOSIT_EQUITY":null,"DEPOSIT_ASSETS":null,"EQUITY_MULTIPLIER":1.125460906853,"EQUITY_RATIO":0.125460906853},{"SECUCODE":"00810.HK","SECURITY_CODE":"00810","SECURITY_NAME_ABBR":"中国铸晨81","ORG_CODE":"10009117","STD_REPORT_DATE":"2020-06-30 00:00:00","REPORT_DATE":"2020-06-30 00:00:00","DATE_TYPE_CODE":"002","REPORT_TYPE":"2020年中报","PER_NETCASH_OPERATE":-0.011364456624,"PER_OI":0.000717908129,"BPS":0.535176740629,"BASIC_EPS":-0.238042464,"DILUTED_EPS":-0.238042464,"OPERATE_INCOME":676859.04,"OPERATE_INCOME_YOY":-53.88101983,"GROSS_PROFIT":null,"GROSS_PROFIT_YOY":null,"HOLDER_PROFIT":-26797589.28,"HOLDER_PROFIT_YOY":-108.492644446,"GROSS_PROFIT_RATIO":null,"EPS_TTM":-0.062759797427,"OPERATE_INCOME_QOQ":-43.194176244789,"NET_PROFIT_RATIO":-3604.0540540541,"ROE_AVG":-25.701294832933,"GROSS_PROFIT_QOQ":null,"ROA":-23.433418801371,"HOLDER_PROFIT_QOQ":-32.222233838004,"ROE_YEARLY":-51.402589665867,"ROIC_YEARLY":-57.198284265939,"TOTAL_ASSETS":101219199.84,"TOTAL_LIABILITIES":10395860.64,"TAX_EBT":null,"OCF_SALES":-1441.03194103194,"TOTAL_PARENT_EQUITY":90823339.2,"DEBT_ASSET_RATIO":10.2706410013,"OPERATE_PROFIT":-12245576.64,"PRETAX_PROFIT":-26797589.28,"NETCASH_OPERATE":-3999040.32,"NETCASH_INVEST":320617.44,"NETCASH_FINANCE":-254849.76,"END_CASH":18688982.4,"DIVI_RATIO":null,"DIVIDEND_RATE":null,"CURRENT_RATIO":4.503470696775,"COMMON_ACS":20000000000,"CURRENTDEBT_DEBT":100,"ISSUED_COMMON_SHARES":169707187,"HK_COMMON_SHARES":169707187,"PER_SHARES":6000,"TOTAL_MARKET_CAP":37335581.14,"HKSK_MARKET_CAP":37335581.14,"PE_TTM":-1.32109908142,"PB_TTM":1.068746239766,"REPORT_DATE_SQ":"2019-06-30 00:00:00","REPORT_TYPE_SQ":"2019年中报","OPERATE_INCOME_SQ":1552599.9,"DPS_HKD":null,"OPERATE_INCOME_QOQ_SQ":-24.699754802921,"NET_PROFIT_RATIO_SQ":-1084.8882035466,"HOLDER_PROFIT_SQ":-12377695.86,"HOLDER_PROFIT_QOQ_SQ":4.658898151311,"ROE_AVG_SQ":-9.691138438439,"PE_TTM_SQ":-13.280857662437,"PB_TTM_SQ":0.828017710104,"ROA_SQ":-9.053444986697,"START_DATE":"2020-01-01 00:00:00","FISCAL_YEAR":"12-31","CURRENCY":"HKD","IS_CNY_CODE":0,"DPS_HKD_LY":null,"ORG_TYPE":"证券","PREMIUM_INCOME":null,"PREMIUM_INCOME_YOY":null,"NET_INTEREST_INCOME":160765.44,"NET_INTEREST_INCOME_YOY":null,"FEE_COMMISSION_INCOME":null,"FEE_COMMISSION_INCOME_YOY":null,"ACCOUNTS_RECE_TDAYS":null,"INVENTORY_TDAYS":null,"CURRENT_ASSETS_TDAYS":0.014249951858,"TOTAL_ASSETS_TDAYS":0.006501960972,"PREMIUM_EXPENSE":null,"LOAN_DEPOSIT":null,"LOAN_EQUITY":null,"LOAN_ASSETS":null,"DEPOSIT_EQUITY":null,"DEPOSIT_ASSETS":null,"EQUITY_MULTIPLIER":1.114462435884,"EQUITY_RATIO":0.114462435885}],"count":45},"success":true,"message":"ok","code":0}