{"version":"aeafd600173b8a91e6f5b65eae58a1ed","result":{"pages":5,"data":[{"SECUCODE":"00822.HK","SECURITY_CODE":"00822","SECURITY_NAME_ABBR":"嘉瑞国际","ORG_CODE":"10081553","STD_REPORT_DATE":"2024-06-30 00:00:00","REPORT_DATE":"2024-06-30 00:00:00","DATE_TYPE_CODE":"002","REPORT_TYPE":"2024年中报","PER_NETCASH_OPERATE":-0.015985354391,"PER_OI":0.627100939199,"BPS":1.208725209659,"BASIC_EPS":-0.051201348,"DILUTED_EPS":null,"OPERATE_INCOME":560478613.36,"OPERATE_INCOME_YOY":15.5171732714,"GROSS_PROFIT":77323162.28,"GROSS_PROFIT_YOY":-18.683660022131,"HOLDER_PROFIT":-45722529.96,"HOLDER_PROFIT_YOY":-130.8298391927,"GROSS_PROFIT_RATIO":13.795916639255,"EPS_TTM":-0.057600567355,"OPERATE_INCOME_QOQ":6.052532659068,"NET_PROFIT_RATIO":-8.6459578376,"ROE_AVG":-4.126602861118,"GROSS_PROFIT_QOQ":-8.223618502001,"ROA":-2.848455643734,"HOLDER_PROFIT_QOQ":-99.784356987762,"ROE_YEARLY":-8.253205722236,"ROIC_YEARLY":-6.55954072609,"TOTAL_ASSETS":1640080483.92,"TOTAL_LIABILITIES":553653592.32,"TAX_EBT":-8.425738732668,"OCF_SALES":-2.549087936532,"TOTAL_PARENT_EQUITY":1080311935.6,"DEBT_ASSET_RATIO":33.7577087069,"OPERATE_PROFIT":-40218156.88,"PRETAX_PROFIT":-44693026.92,"NETCASH_OPERATE":-14287092.72,"NETCASH_INVEST":-50986868.2,"NETCASH_FINANCE":117889050.24,"END_CASH":229216843.96,"DIVI_RATIO":null,"DIVIDEND_RATE":null,"CURRENT_RATIO":1.685386095081,"COMMON_ACS":5000000000,"CURRENTDEBT_DEBT":89.981603101757,"ISSUED_COMMON_SHARES":893761400,"HK_COMMON_SHARES":893761400,"PER_SHARES":2000,"TOTAL_MARKET_CAP":223440350,"HKSK_MARKET_CAP":223440350,"PE_TTM":-3.931801544986,"PB_TTM":0.188769124841,"REPORT_DATE_SQ":"2023-06-30 00:00:00","REPORT_TYPE_SQ":"2023年中报","OPERATE_INCOME_SQ":490134709.78,"DPS_HKD":null,"OPERATE_INCOME_QOQ_SQ":-7.673741816054,"NET_PROFIT_RATIO_SQ":-4.2817022221,"HOLDER_PROFIT_SQ":-20009731.94,"HOLDER_PROFIT_QOQ_SQ":-53.596552262876,"ROE_AVG_SQ":-1.727916281688,"PE_TTM_SQ":9.030759837178,"PB_TTM_SQ":0.254617125843,"ROA_SQ":-1.303735617339,"START_DATE":"2024-01-01 00:00:00","FISCAL_YEAR":"12-31","CURRENCY":"HKD","IS_CNY_CODE":0,"DPS_HKD_LY":null,"ORG_TYPE":"一般企业","PREMIUM_INCOME":null,"PREMIUM_INCOME_YOY":null,"NET_INTEREST_INCOME":null,"NET_INTEREST_INCOME_YOY":null,"FEE_COMMISSION_INCOME":null,"FEE_COMMISSION_INCOME_YOY":null,"ACCOUNTS_RECE_TDAYS":1.545951048819,"INVENTORY_TDAYS":2.832497304644,"CURRENT_ASSETS_TDAYS":0.698977829351,"TOTAL_ASSETS_TDAYS":0.349171069671,"PREMIUM_EXPENSE":null,"LOAN_DEPOSIT":null,"LOAN_EQUITY":null,"LOAN_ASSETS":null,"DEPOSIT_EQUITY":null,"DEPOSIT_ASSETS":null,"EQUITY_MULTIPLIER":1.509609617178,"EQUITY_RATIO":0.512494191793},{"SECUCODE":"00822.HK","SECURITY_CODE":"00822","SECURITY_NAME_ABBR":"嘉瑞国际","ORG_CODE":"10081553","STD_REPORT_DATE":"2023-12-31 00:00:00","REPORT_DATE":"2023-12-31 00:00:00","DATE_TYPE_CODE":"001","REPORT_TYPE":"2023年年报","PER_NETCASH_OPERATE":0.109964782167,"PER_OI":1.300372357656,"BPS":1.261677383964,"BASIC_EPS":-0.028817796,"DILUTED_EPS":null,"OPERATE_INCOME":1162222618.9,"OPERATE_INCOME_YOY":-14.7526087798,"GROSS_PROFIT":216038316.9,"GROSS_PROFIT_YOY":-27.877554024577,"HOLDER_PROFIT":-25768365.7,"HOLDER_PROFIT_YOY":-137.9923574368,"GROSS_PROFIT_RATIO":18.588376562872,"EPS_TTM":-0.028831370095,"OPERATE_INCOME_QOQ":-6.328654898952,"NET_PROFIT_RATIO":-2.2930303822,"ROE_AVG":-2.249783309512,"GROSS_PROFIT_QOQ":-17.452095445275,"ROA":-1.657461300887,"HOLDER_PROFIT_QOQ":-183.060948668619,"ROE_YEARLY":-2.249783309512,"ROIC_YEARLY":-1.911301109744,"TOTAL_ASSETS":1559143354.02,"TOTAL_LIABILITIES":422202460.68,"TAX_EBT":9.259773519701,"OCF_SALES":8.456407237455,"TOTAL_PARENT_EQUITY":1127638545.04,"DEBT_ASSET_RATIO":27.079130318,"OPERATE_PROFIT":-21236359.48,"PRETAX_PROFIT":-29369683.98,"NETCASH_OPERATE":98282277.66,"NETCASH_INVEST":-106365760.06,"NETCASH_FINANCE":-35554635.48,"END_CASH":176227166.08,"DIVI_RATIO":null,"DIVIDEND_RATE":null,"CURRENT_RATIO":2.098861536687,"COMMON_ACS":5000000000,"CURRENTDEBT_DEBT":85.614109647259,"ISSUED_COMMON_SHARES":893761400,"HK_COMMON_SHARES":893761400,"PER_SHARES":2000,"TOTAL_MARKET_CAP":184114848.4,"HKSK_MARKET_CAP":184114848.4,"PE_TTM":-3.239804473068,"PB_TTM":0.155545758869,"REPORT_DATE_SQ":"2022-12-31 00:00:00","REPORT_TYPE_SQ":"2022年年报","OPERATE_INCOME_SQ":1343870225.53,"DPS_HKD":null,"OPERATE_INCOME_QOQ_SQ":-3.710346940666,"NET_PROFIT_RATIO_SQ":4.5769884987,"HOLDER_PROFIT_SQ":66855899.88,"HOLDER_PROFIT_QOQ_SQ":-16.604615002786,"ROE_AVG_SQ":5.839099434923,"PE_TTM_SQ":10.320868385346,"PB_TTM_SQ":0.290991000964,"ROA_SQ":4.224473260214,"START_DATE":"2023-01-01 00:00:00","FISCAL_YEAR":"12-31","CURRENCY":"HKD","IS_CNY_CODE":0,"DPS_HKD_LY":0.02,"ORG_TYPE":"一般企业","PREMIUM_INCOME":null,"PREMIUM_INCOME_YOY":null,"NET_INTEREST_INCOME":null,"NET_INTEREST_INCOME_YOY":null,"FEE_COMMISSION_INCOME":null,"FEE_COMMISSION_INCOME_YOY":null,"ACCOUNTS_RECE_TDAYS":3.115332109058,"INVENTORY_TDAYS":5.926544003497,"CURRENT_ASSETS_TDAYS":1.471302885371,"TOTAL_ASSETS_TDAYS":0.747559638151,"PREMIUM_EXPENSE":null,"LOAN_DEPOSIT":null,"LOAN_EQUITY":null,"LOAN_ASSETS":null,"DEPOSIT_EQUITY":null,"DEPOSIT_ASSETS":null,"EQUITY_MULTIPLIER":1.371349524986,"EQUITY_RATIO":0.374412938026},{"SECUCODE":"00822.HK","SECURITY_CODE":"00822","SECURITY_NAME_ABBR":"嘉瑞国际","ORG_CODE":"10081553","STD_REPORT_DATE":"2023-06-30 00:00:00","REPORT_DATE":"2023-06-30 00:00:00","DATE_TYPE_CODE":"002","REPORT_TYPE":"2023年中报","PER_NETCASH_OPERATE":0.109612868535,"PER_OI":0.548395477563,"BPS":1.26736565316,"BASIC_EPS":-0.022404114,"DILUTED_EPS":null,"OPERATE_INCOME":490134709.78,"OPERATE_INCOME_YOY":-23.3677421773,"GROSS_PROFIT":95089329.28,"GROSS_PROFIT_YOY":-28.461486529733,"HOLDER_PROFIT":-20009731.94,"HOLDER_PROFIT_YOY":-217.3008323424,"GROSS_PROFIT_RATIO":19.40065198049,"EPS_TTM":0.034711101374,"OPERATE_INCOME_QOQ":-7.673741816054,"NET_PROFIT_RATIO":-4.2817022221,"ROE_AVG":-1.727916281688,"GROSS_PROFIT_QOQ":-12.629585978637,"ROA":-1.303735617339,"HOLDER_PROFIT_QOQ":-53.596552262876,"ROE_YEARLY":-3.455832563376,"ROIC_YEARLY":-3.090010820662,"TOTAL_ASSETS":1492405338.08,"TOTAL_LIABILITIES":351145302.8,"TAX_EBT":6.155431869718,"OCF_SALES":19.987923500454,"TOTAL_PARENT_EQUITY":1132722500.48,"DEBT_ASSET_RATIO":23.5288157875,"OPERATE_PROFIT":-19680585.08,"PRETAX_PROFIT":-22362624.9,"NETCASH_OPERATE":97967750.84,"NETCASH_INVEST":-44775958.7,"NETCASH_FINANCE":-35387436.36,"END_CASH":239432674.12,"DIVI_RATIO":null,"DIVIDEND_RATE":null,"CURRENT_RATIO":2.420683300255,"COMMON_ACS":5000000000,"CURRENTDEBT_DEBT":88.901958724991,"ISSUED_COMMON_SHARES":893761400,"HK_COMMON_SHARES":893761400,"PER_SHARES":2000,"TOTAL_MARKET_CAP":184114848.4,"HKSK_MARKET_CAP":184114848.4,"PE_TTM":-3.239804473068,"PB_TTM":0.155545758869,"REPORT_DATE_SQ":"2022-06-30 00:00:00","REPORT_TYPE_SQ":"2022年中报","OPERATE_INCOME_SQ":593259841.23,"DPS_HKD":null,"OPERATE_INCOME_QOQ_SQ":-0.439532801166,"NET_PROFIT_RATIO_SQ":2.1279570776,"HOLDER_PROFIT_SQ":15822725.38,"HOLDER_PROFIT_QOQ_SQ":-25.230414956545,"ROE_AVG_SQ":1.464727049911,"PE_TTM_SQ":10.320868385346,"PB_TTM_SQ":0.290991000964,"ROA_SQ":1.03856534059,"START_DATE":"2023-01-01 00:00:00","FISCAL_YEAR":"12-31","CURRENCY":"HKD","IS_CNY_CODE":0,"DPS_HKD_LY":0.02,"ORG_TYPE":"一般企业","PREMIUM_INCOME":null,"PREMIUM_INCOME_YOY":null,"NET_INTEREST_INCOME":null,"NET_INTEREST_INCOME_YOY":null,"FEE_COMMISSION_INCOME":null,"FEE_COMMISSION_INCOME_YOY":null,"ACCOUNTS_RECE_TDAYS":1.458652475556,"INVENTORY_TDAYS":2.389816612007,"CURRENT_ASSETS_TDAYS":0.616076648733,"TOTAL_ASSETS_TDAYS":0.319347645611,"PREMIUM_EXPENSE":null,"LOAN_DEPOSIT":null,"LOAN_EQUITY":null,"LOAN_ASSETS":null,"DEPOSIT_EQUITY":null,"DEPOSIT_ASSETS":null,"EQUITY_MULTIPLIER":1.307682116209,"EQUITY_RATIO":0.310001172089},{"SECUCODE":"00822.HK","SECURITY_CODE":"00822","SECURITY_NAME_ABBR":"嘉瑞国际","ORG_CODE":"10081553","STD_REPORT_DATE":"2022-12-31 00:00:00","REPORT_DATE":"2022-12-31 00:00:00","DATE_TYPE_CODE":"001","REPORT_TYPE":"2022年年报","PER_NETCASH_OPERATE":0.164839319644,"PER_OI":1.503611842635,"BPS":1.282761335509,"BASIC_EPS":0.074766699,"DILUTED_EPS":null,"OPERATE_INCOME":1343870225.53,"OPERATE_INCOME_YOY":-12.2545345744,"GROSS_PROFIT":299543802.18,"GROSS_PROFIT_YOY":-21.587719014705,"HOLDER_PROFIT":66855899.88,"HOLDER_PROFIT_YOY":-42.9277331686,"GROSS_PROFIT_RATIO":22.289637532662,"EPS_TTM":0.074802849933,"OPERATE_INCOME_QOQ":-3.710346940666,"NET_PROFIT_RATIO":4.5769884987,"ROE_AVG":5.839099434923,"GROSS_PROFIT_QOQ":-19.457592163127,"ROA":4.224473260214,"HOLDER_PROFIT_QOQ":-16.604615002786,"ROE_YEARLY":5.839099434923,"ROIC_YEARLY":4.993953062419,"TOTAL_ASSETS":1528081258.2,"TOTAL_LIABILITIES":375516415.68,"TAX_EBT":6.889510905575,"OCF_SALES":10.962890486088,"TOTAL_PARENT_EQUITY":1146482567.09,"DEBT_ASSET_RATIO":24.5743748027,"OPERATE_PROFIT":70725545.52,"PRETAX_PROFIT":66059996.31,"NETCASH_OPERATE":147327021.1,"NETCASH_INVEST":-86055845.26,"NETCASH_FINANCE":-102562581.59,"END_CASH":218094550.31,"DIVI_RATIO":null,"DIVIDEND_RATE":null,"CURRENT_RATIO":2.431094429927,"COMMON_ACS":5000000000,"CURRENTDEBT_DEBT":88.667028240847,"ISSUED_COMMON_SHARES":893761400,"HK_COMMON_SHARES":893761400,"PER_SHARES":2000,"TOTAL_MARKET_CAP":184114848.4,"HKSK_MARKET_CAP":184114848.4,"PE_TTM":-3.239804473068,"PB_TTM":0.155545758869,"REPORT_DATE_SQ":"2021-12-31 00:00:00","REPORT_TYPE_SQ":"2021年年报","OPERATE_INCOME_SQ":1401815262.4,"DPS_HKD":null,"OPERATE_INCOME_QOQ_SQ":10.11307916532,"NET_PROFIT_RATIO_SQ":7.4501807764,"HOLDER_PROFIT_SQ":107219246.4,"HOLDER_PROFIT_QOQ_SQ":6.55733147979,"ROE_AVG_SQ":10.731202760642,"PE_TTM_SQ":10.320868385346,"PB_TTM_SQ":0.290991000964,"ROA_SQ":7.430523171975,"START_DATE":"2022-01-01 00:00:00","FISCAL_YEAR":"12-31","CURRENCY":"HKD","IS_CNY_CODE":0,"DPS_HKD_LY":0.033,"ORG_TYPE":"一般企业","PREMIUM_INCOME":null,"PREMIUM_INCOME_YOY":null,"NET_INTEREST_INCOME":null,"NET_INTEREST_INCOME_YOY":null,"FEE_COMMISSION_INCOME":null,"FEE_COMMISSION_INCOME_YOY":null,"ACCOUNTS_RECE_TDAYS":3.504751232944,"INVENTORY_TDAYS":5.818063739151,"CURRENT_ASSETS_TDAYS":1.569786872836,"TOTAL_ASSETS_TDAYS":0.849161232313,"PREMIUM_EXPENSE":null,"LOAN_DEPOSIT":null,"LOAN_EQUITY":null,"LOAN_ASSETS":null,"DEPOSIT_EQUITY":null,"DEPOSIT_ASSETS":null,"EQUITY_MULTIPLIER":1.325809361718,"EQUITY_RATIO":0.327537833072},{"SECUCODE":"00822.HK","SECURITY_CODE":"00822","SECURITY_NAME_ABBR":"嘉瑞国际","ORG_CODE":"10081553","STD_REPORT_DATE":"2022-06-30 00:00:00","REPORT_DATE":"2022-06-30 00:00:00","DATE_TYPE_CODE":"002","REPORT_TYPE":"2022年中报","PER_NETCASH_OPERATE":0.10324631,"PER_OI":0.663778768282,"BPS":1.192477992202,"BASIC_EPS":0.017702433,"DILUTED_EPS":null,"OPERATE_INCOME":593259841.23,"OPERATE_INCOME_YOY":-3.7024440962,"GROSS_PROFIT":132920471.32,"GROSS_PROFIT_YOY":-17.374507698524,"HOLDER_PROFIT":15822725.38,"HOLDER_PROFIT_YOY":-64.0926116405,"GROSS_PROFIT_RATIO":22.405101792229,"EPS_TTM":0.089696630018,"OPERATE_INCOME_QOQ":-0.439532801166,"NET_PROFIT_RATIO":2.1279570776,"ROE_AVG":1.464727049911,"GROSS_PROFIT_QOQ":-6.990105683486,"ROA":1.03856534059,"HOLDER_PROFIT_QOQ":-25.230414956545,"ROE_YEARLY":2.929454099823,"ROIC_YEARLY":2.453436976525,"TOTAL_ASSETS":1479734401.81,"TOTAL_LIABILITIES":405378018.99,"TAX_EBT":20.625873749866,"OCF_SALES":15.554325467013,"TOTAL_PARENT_EQUITY":1065790799.78,"DEBT_ASSET_RATIO":27.3953230049,"OPERATE_PROFIT":17819594.03,"PRETAX_PROFIT":15904823.62,"NETCASH_OPERATE":92277566.57,"NETCASH_INVEST":-44484418.23,"NETCASH_FINANCE":-79180331.72,"END_CASH":206500163.73,"DIVI_RATIO":null,"DIVIDEND_RATE":null,"CURRENT_RATIO":2.140552930851,"COMMON_ACS":5000000000,"CURRENTDEBT_DEBT":90.377430535778,"ISSUED_COMMON_SHARES":893761400,"HK_COMMON_SHARES":893761400,"PER_SHARES":2000,"TOTAL_MARKET_CAP":184114848.4,"HKSK_MARKET_CAP":184114848.4,"PE_TTM":-3.239804473068,"PB_TTM":0.155545758869,"REPORT_DATE_SQ":"2021-06-30 00:00:00","REPORT_TYPE_SQ":"2021年中报","OPERATE_INCOME_SQ":599421279.12,"DPS_HKD":null,"OPERATE_INCOME_QOQ_SQ":2.951730835915,"NET_PROFIT_RATIO_SQ":6.9976082367,"HOLDER_PROFIT_SQ":42874586.16,"HOLDER_PROFIT_QOQ_SQ":-3.578721842216,"ROE_AVG_SQ":4.382059977251,"PE_TTM_SQ":10.320868385346,"PB_TTM_SQ":0.290991000964,"ROA_SQ":3.029064071698,"START_DATE":"2022-01-01 00:00:00","FISCAL_YEAR":"12-31","CURRENCY":"HKD","IS_CNY_CODE":0,"DPS_HKD_LY":0.033,"ORG_TYPE":"一般企业","PREMIUM_INCOME":null,"PREMIUM_INCOME_YOY":null,"NET_INTEREST_INCOME":null,"NET_INTEREST_INCOME_YOY":null,"FEE_COMMISSION_INCOME":null,"FEE_COMMISSION_INCOME_YOY":null,"ACCOUNTS_RECE_TDAYS":1.675228143723,"INVENTORY_TDAYS":2.440428613851,"CURRENT_ASSETS_TDAYS":0.719772027628,"TOTAL_ASSETS_TDAYS":0.389401379515,"PREMIUM_EXPENSE":null,"LOAN_DEPOSIT":null,"LOAN_EQUITY":null,"LOAN_ASSETS":null,"DEPOSIT_EQUITY":null,"DEPOSIT_ASSETS":null,"EQUITY_MULTIPLIER":1.377321739297,"EQUITY_RATIO":0.380354211233},{"SECUCODE":"00822.HK","SECURITY_CODE":"00822","SECURITY_NAME_ABBR":"嘉瑞国际","ORG_CODE":"10081553","STD_REPORT_DATE":"2021-12-31 00:00:00","REPORT_DATE":"2021-12-31 00:00:00","DATE_TYPE_CODE":"001","REPORT_TYPE":"2021年年报","PER_NETCASH_OPERATE":0.157398913849,"PER_OI":1.568444623364,"BPS":1.170997752197,"BASIC_EPS":0.11994192,"DILUTED_EPS":null,"OPERATE_INCOME":1401815262.4,"OPERATE_INCOME_YOY":16.6965574649,"GROSS_PROFIT":382011336,"GROSS_PROFIT_YOY":1.472432624531,"HOLDER_PROFIT":107219246.4,"HOLDER_PROFIT_YOY":5.7649345517,"GROSS_PROFIT_RATIO":28.5243524682,"EPS_TTM":0.119964060207,"OPERATE_INCOME_QOQ":10.11307916532,"NET_PROFIT_RATIO":7.4501807764,"ROE_AVG":10.731202760642,"GROSS_PROFIT_QOQ":5.228842136098,"ROA":7.430523171975,"HOLDER_PROFIT_QOQ":6.55733147979,"ROE_YEARLY":10.731202760642,"ROIC_YEARLY":8.852584509952,"TOTAL_ASSETS":1498409796.8,"TOTAL_LIABILITIES":440106721.6,"TAX_EBT":15.165502218208,"OCF_SALES":10.0353504041,"TOTAL_PARENT_EQUITY":1046592590.4,"DEBT_ASSET_RATIO":29.3715859667,"OPERATE_PROFIT":125817193.6,"PRETAX_PROFIT":123107667.2,"NETCASH_OPERATE":140686067.2,"NETCASH_INVEST":-79630969.6,"NETCASH_FINANCE":-42205329.6,"END_CASH":229486420.8,"DIVI_RATIO":null,"DIVIDEND_RATE":null,"CURRENT_RATIO":2.061861643741,"COMMON_ACS":5000000000,"CURRENTDEBT_DEBT":91.052237544377,"ISSUED_COMMON_SHARES":893761400,"HK_COMMON_SHARES":893761400,"PER_SHARES":2000,"TOTAL_MARKET_CAP":184114848.4,"HKSK_MARKET_CAP":184114848.4,"PE_TTM":-3.239804473068,"PB_TTM":0.155545758869,"REPORT_DATE_SQ":"2020-12-31 00:00:00","REPORT_TYPE_SQ":"2020年年报","OPERATE_INCOME_SQ":1236568628.68,"DPS_HKD":null,"OPERATE_INCOME_QOQ_SQ":-6.921715666836,"NET_PROFIT_RATIO_SQ":8.3550169238,"HOLDER_PROFIT_SQ":104355785.24,"HOLDER_PROFIT_QOQ_SQ":-7.920183177793,"ROE_AVG_SQ":11.498849336056,"PE_TTM_SQ":10.320868385346,"PB_TTM_SQ":0.290991000964,"ROA_SQ":7.441474407122,"START_DATE":"2021-01-01 00:00:00","FISCAL_YEAR":"12-31","CURRENCY":"HKD","IS_CNY_CODE":0,"DPS_HKD_LY":0.04,"ORG_TYPE":"一般企业","PREMIUM_INCOME":null,"PREMIUM_INCOME_YOY":null,"NET_INTEREST_INCOME":null,"NET_INTEREST_INCOME_YOY":null,"FEE_COMMISSION_INCOME":null,"FEE_COMMISSION_INCOME_YOY":null,"ACCOUNTS_RECE_TDAYS":4.046811383146,"INVENTORY_TDAYS":6.28407118445,"CURRENT_ASSETS_TDAYS":1.793843145481,"TOTAL_ASSETS_TDAYS":0.971487968795,"PREMIUM_EXPENSE":null,"LOAN_DEPOSIT":null,"LOAN_EQUITY":null,"LOAN_ASSETS":null,"DEPOSIT_EQUITY":null,"DEPOSIT_ASSETS":null,"EQUITY_MULTIPLIER":1.415860760414,"EQUITY_RATIO":0.420513890158},{"SECUCODE":"00822.HK","SECURITY_CODE":"00822","SECURITY_NAME_ABBR":"嘉瑞国际","ORG_CODE":"10081553","STD_REPORT_DATE":"2021-06-30 00:00:00","REPORT_DATE":"2021-06-30 00:00:00","DATE_TYPE_CODE":"002","REPORT_TYPE":"2021年中报","PER_NETCASH_OPERATE":0.086815443227,"PER_OI":0.67067259687,"BPS":1.105765519522,"BASIC_EPS":0.048011016,"DILUTED_EPS":null,"OPERATE_INCOME":599421279.12,"OPERATE_INCOME_YOY":16.8959781912,"GROSS_PROFIT":160871018.88,"GROSS_PROFIT_YOY":-4.143307598717,"HOLDER_PROFIT":42874586.16,"HOLDER_PROFIT_YOY":0.981852389,"GROSS_PROFIT_RATIO":28.585250468844,"EPS_TTM":0.112581704647,"OPERATE_INCOME_QOQ":2.951730835915,"NET_PROFIT_RATIO":6.9976082367,"ROE_AVG":4.382059977251,"GROSS_PROFIT_QOQ":0.935423136465,"ROA":3.029064071698,"HOLDER_PROFIT_QOQ":-3.578721842216,"ROE_YEARLY":8.764119954501,"ROIC_YEARLY":7.173380239827,"TOTAL_ASSETS":1418802906.24,"TOTAL_LIABILITIES":418828300.08,"TAX_EBT":19.320764380142,"OCF_SALES":12.944534133642,"TOTAL_PARENT_EQUITY":988290538.8,"DEBT_ASSET_RATIO":29.519836634,"OPERATE_PROFIT":54182553.36,"PRETAX_PROFIT":51990022.56,"NETCASH_OPERATE":77592292.08,"NETCASH_INVEST":-28324003.2,"NETCASH_FINANCE":-59743344,"END_CASH":202106407.44,"DIVI_RATIO":null,"DIVIDEND_RATE":null,"CURRENT_RATIO":2.112749651118,"COMMON_ACS":5000000000,"CURRENTDEBT_DEBT":86.839998331184,"ISSUED_COMMON_SHARES":893761400,"HK_COMMON_SHARES":893761400,"PER_SHARES":2000,"TOTAL_MARKET_CAP":184114848.4,"HKSK_MARKET_CAP":184114848.4,"PE_TTM":-3.239804473068,"PB_TTM":0.155545758869,"REPORT_DATE_SQ":"2020-06-30 00:00:00","REPORT_TYPE_SQ":"2020年中报","OPERATE_INCOME_SQ":562921101.6,"DPS_HKD":null,"OPERATE_INCOME_QOQ_SQ":-4.585195694451,"NET_PROFIT_RATIO_SQ":8.2461278833,"HOLDER_PROFIT_SQ":46609189.44,"HOLDER_PROFIT_QOQ_SQ":42.627287122582,"ROE_AVG_SQ":5.091076348685,"PE_TTM_SQ":10.320868385346,"PB_TTM_SQ":0.290991000964,"ROA_SQ":3.1931603564,"START_DATE":"2021-01-01 00:00:00","FISCAL_YEAR":"12-31","CURRENCY":"HKD","IS_CNY_CODE":0,"DPS_HKD_LY":0.04,"ORG_TYPE":"一般企业","PREMIUM_INCOME":null,"PREMIUM_INCOME_YOY":null,"NET_INTEREST_INCOME":null,"NET_INTEREST_INCOME_YOY":null,"FEE_COMMISSION_INCOME":null,"FEE_COMMISSION_INCOME_YOY":null,"ACCOUNTS_RECE_TDAYS":1.876885479318,"INVENTORY_TDAYS":2.563163099826,"CURRENT_ASSETS_TDAYS":0.78967292857,"TOTAL_ASSETS_TDAYS":0.42348757691,"PREMIUM_EXPENSE":null,"LOAN_DEPOSIT":null,"LOAN_EQUITY":null,"LOAN_ASSETS":null,"DEPOSIT_EQUITY":null,"DEPOSIT_ASSETS":null,"EQUITY_MULTIPLIER":1.41883893601,"EQUITY_RATIO":0.423790660375},{"SECUCODE":"00822.HK","SECURITY_CODE":"00822","SECURITY_NAME_ABBR":"嘉瑞国际","ORG_CODE":"10081553","STD_REPORT_DATE":"2020-12-31 00:00:00","REPORT_DATE":"2020-12-31 00:00:00","DATE_TYPE_CODE":"001","REPORT_TYPE":"2020年年报","PER_NETCASH_OPERATE":0.192882122992,"PER_OI":1.38355564324,"BPS":1.096109703999,"BASIC_EPS":0.116735468,"DILUTED_EPS":null,"OPERATE_INCOME":1236568628.68,"OPERATE_INCOME_YOY":-5.4766451102,"GROSS_PROFIT":376468096.92,"GROSS_PROFIT_YOY":-1.500575932762,"HOLDER_PROFIT":104355785.24,"HOLDER_PROFIT_YOY":39.779042895,"GROSS_PROFIT_RATIO":30.44457769577,"EPS_TTM":0.116760228446,"OPERATE_INCOME_QOQ":-6.921715666836,"NET_PROFIT_RATIO":8.3550169238,"ROE_AVG":11.498849336056,"GROSS_PROFIT_QOQ":-2.585183976164,"ROA":7.441474407122,"HOLDER_PROFIT_QOQ":-7.920183177793,"ROE_YEARLY":11.498849336056,"ROIC_YEARLY":8.911205252531,"TOTAL_ASSETS":1428300953.8,"TOTAL_LIABILITIES":435748168.68,"TAX_EBT":20.314832846478,"OCF_SALES":13.94104559033,"TOTAL_PARENT_EQUITY":979660543.6,"DEBT_ASSET_RATIO":30.5081479866,"OPERATE_PROFIT":135843220.92,"PRETAX_PROFIT":129654642,"NETCASH_OPERATE":172390596.28,"NETCASH_INVEST":-57200379.32,"NETCASH_FINANCE":-121860213.96,"END_CASH":216037205.04,"DIVI_RATIO":null,"DIVIDEND_RATE":null,"CURRENT_RATIO":2.079012157669,"COMMON_ACS":5000000000,"CURRENTDEBT_DEBT":83.708330677545,"ISSUED_COMMON_SHARES":893761400,"HK_COMMON_SHARES":893761400,"PER_SHARES":2000,"TOTAL_MARKET_CAP":184114848.4,"HKSK_MARKET_CAP":184114848.4,"PE_TTM":-3.239804473068,"PB_TTM":0.155545758869,"REPORT_DATE_SQ":"2019-12-31 00:00:00","REPORT_TYPE_SQ":"2019年年报","OPERATE_INCOME_SQ":1392368183.92,"DPS_HKD":null,"OPERATE_INCOME_QOQ_SQ":-8.465414221906,"NET_PROFIT_RATIO_SQ":5.5818328268,"HOLDER_PROFIT_SQ":79460164.9,"HOLDER_PROFIT_QOQ_SQ":-16.786569717015,"ROE_AVG_SQ":9.178683476404,"PE_TTM_SQ":10.320868385346,"PB_TTM_SQ":0.290991000964,"ROA_SQ":5.287800801233,"START_DATE":"2020-01-01 00:00:00","FISCAL_YEAR":"12-31","CURRENCY":"HKD","IS_CNY_CODE":0,"DPS_HKD_LY":0.03,"ORG_TYPE":"一般企业","PREMIUM_INCOME":null,"PREMIUM_INCOME_YOY":null,"NET_INTEREST_INCOME":null,"NET_INTEREST_INCOME_YOY":null,"FEE_COMMISSION_INCOME":null,"FEE_COMMISSION_INCOME_YOY":null,"ACCOUNTS_RECE_TDAYS":3.999011976048,"INVENTORY_TDAYS":5.153175685727,"CURRENT_ASSETS_TDAYS":1.641501044068,"TOTAL_ASSETS_TDAYS":0.881780898089,"PREMIUM_EXPENSE":null,"LOAN_DEPOSIT":null,"LOAN_EQUITY":null,"LOAN_ASSETS":null,"DEPOSIT_EQUITY":null,"DEPOSIT_ASSETS":null,"EQUITY_MULTIPLIER":1.439017627286,"EQUITY_RATIO":0.444795058377},{"SECUCODE":"00822.HK","SECURITY_CODE":"00822","SECURITY_NAME_ABBR":"嘉瑞国际","ORG_CODE":"10081553","STD_REPORT_DATE":"2020-06-30 00:00:00","REPORT_DATE":"2020-06-30 00:00:00","DATE_TYPE_CODE":"002","REPORT_TYPE":"2020年中报","PER_NETCASH_OPERATE":0.121889922926,"PER_OI":0.629833758316,"BPS":1.034216536807,"BASIC_EPS":0.052157424,"DILUTED_EPS":null,"OPERATE_INCOME":562921101.6,"OPERATE_INCOME_YOY":-13.5075164174,"GROSS_PROFIT":167824504.32,"GROSS_PROFIT_YOY":35.413000041746,"HOLDER_PROFIT":46609189.44,"HOLDER_PROFIT_YOY":252.3895027624,"GROSS_PROFIT_RATIO":27.66488442472,"EPS_TTM":0.12680328054,"OPERATE_INCOME_QOQ":-4.585195694451,"NET_PROFIT_RATIO":8.2461278833,"ROE_AVG":5.091076348685,"GROSS_PROFIT_QOQ":8.965189859916,"ROA":3.1931603564,"HOLDER_PROFIT_QOQ":42.627287122582,"ROE_YEARLY":10.18215269737,"ROIC_YEARLY":7.820349291872,"TOTAL_ASSETS":1425487060.8,"TOTAL_LIABILITIES":487581483.84,"TAX_EBT":21.481435700932,"OCF_SALES":19.352713524214,"TOTAL_PARENT_EQUITY":924342819.84,"DEBT_ASSET_RATIO":34.2045534644,"OPERATE_PROFIT":63579991.2,"PRETAX_PROFIT":59118750.24,"NETCASH_OPERATE":108940508.16,"NETCASH_INVEST":-25841217.6,"NETCASH_FINANCE":-52584000.48,"END_CASH":268170455.52,"DIVI_RATIO":null,"DIVIDEND_RATE":null,"CURRENT_RATIO":2.078186679306,"COMMON_ACS":5000000000,"CURRENTDEBT_DEBT":75.886029232689,"ISSUED_COMMON_SHARES":893761400,"HK_COMMON_SHARES":893761400,"PER_SHARES":2000,"TOTAL_MARKET_CAP":184114848.4,"HKSK_MARKET_CAP":184114848.4,"PE_TTM":-3.239804473068,"PB_TTM":0.155545758869,"REPORT_DATE_SQ":"2019-06-30 00:00:00","REPORT_TYPE_SQ":"2019年中报","OPERATE_INCOME_SQ":626763907.62,"DPS_HKD":null,"OPERATE_INCOME_QOQ_SQ":-6.276716455139,"NET_PROFIT_RATIO_SQ":2.0009627976,"HOLDER_PROFIT_SQ":12737476.8,"HOLDER_PROFIT_QOQ_SQ":-4.028407383196,"ROE_AVG_SQ":1.549841644288,"PE_TTM_SQ":10.320868385346,"PB_TTM_SQ":0.290991000964,"ROA_SQ":0.890241192038,"START_DATE":"2020-01-01 00:00:00","FISCAL_YEAR":"12-31","CURRENCY":"HKD","IS_CNY_CODE":0,"DPS_HKD_LY":0.03,"ORG_TYPE":"一般企业","PREMIUM_INCOME":null,"PREMIUM_INCOME_YOY":null,"NET_INTEREST_INCOME":null,"NET_INTEREST_INCOME_YOY":null,"FEE_COMMISSION_INCOME":null,"FEE_COMMISSION_INCOME_YOY":null,"ACCOUNTS_RECE_TDAYS":1.896302108575,"INVENTORY_TDAYS":2.292832839989,"CURRENT_ASSETS_TDAYS":0.71207382047,"TOTAL_ASSETS_TDAYS":0.385652993971,"PREMIUM_EXPENSE":null,"LOAN_DEPOSIT":null,"LOAN_EQUITY":null,"LOAN_ASSETS":null,"DEPOSIT_EQUITY":null,"DEPOSIT_ASSETS":null,"EQUITY_MULTIPLIER":1.519862015769,"EQUITY_RATIO":0.527489880783}],"count":39},"success":true,"message":"ok","code":0}