{"version":"73e8b7f35a32a286bf8aa523417b8931","result":{"pages":5,"data":[{"SECUCODE":"00825.HK","SECURITY_CODE":"00825","SECURITY_NAME_ABBR":"新世界百货中国","ORG_CODE":"10093224","STD_REPORT_DATE":"2023-12-31 00:00:00","REPORT_DATE":"2024-06-30 00:00:00","DATE_TYPE_CODE":"001","REPORT_TYPE":"2023年年报","PER_NETCASH_OPERATE":0.171264342865,"PER_OI":0.735849112668,"BPS":1.829599320913,"BASIC_EPS":0.00730144,"DILUTED_EPS":0.00730144,"OPERATE_INCOME":1240748302.08,"OPERATE_INCOME_YOY":-8.3759679134,"GROSS_PROFIT":1240748302.08,"GROSS_PROFIT_YOY":-9.300178306655,"HOLDER_PROFIT":12151421.52,"HOLDER_PROFIT_YOY":104.1495767519,"GROSS_PROFIT_RATIO":null,"EPS_TTM":-0.086546112321,"OPERATE_INCOME_QOQ":-0.290764566084,"NET_PROFIT_RATIO":0.9793623332,"ROE_AVG":0.394188838185,"GROSS_PROFIT_QOQ":-0.290764566084,"ROA":0.126819149692,"HOLDER_PROFIT_QOQ":50.669418823708,"ROE_YEARLY":0.394188838185,"ROIC_YEARLY":0.13803999894,"TOTAL_ASSETS":9314367604.84,"TOTAL_LIABILITIES":6229397857.88,"TAX_EBT":64.198128428525,"OCF_SALES":23.274383282725,"TOTAL_PARENT_EQUITY":3084969746.96,"DEBT_ASSET_RATIO":66.879450352,"OPERATE_PROFIT":232468722.8,"PRETAX_PROFIT":33940743.84,"NETCASH_OPERATE":288776515.4,"NETCASH_INVEST":218275636.12,"NETCASH_FINANCE":-462071630.4,"END_CASH":519901773.24,"DIVI_RATIO":null,"DIVIDEND_RATE":null,"CURRENT_RATIO":0.309991565417,"COMMON_ACS":10000000000,"CURRENTDEBT_DEBT":55.341972350009,"ISSUED_COMMON_SHARES":1686145000,"HK_COMMON_SHARES":1686145000,"PER_SHARES":1000,"TOTAL_MARKET_CAP":463689875,"HKSK_MARKET_CAP":463689875,"PE_TTM":34.827240123179,"PB_TTM":0.137181402032,"REPORT_DATE_SQ":"2022-12-31 00:00:00","REPORT_TYPE_SQ":"2022年年报","OPERATE_INCOME_SQ":1367972151.34,"DPS_HKD":null,"OPERATE_INCOME_QOQ_SQ":-15.293971918214,"NET_PROFIT_RATIO_SQ":-21.6246454045,"HOLDER_PROFIT_SQ":-295819126.96,"HOLDER_PROFIT_QOQ_SQ":-44.005592448387,"ROE_AVG_SQ":-8.697212572266,"PE_TTM_SQ":-1.918152060763,"PB_TTM_SQ":0.182352594773,"ROA_SQ":-2.753536858931,"START_DATE":"2023-07-01 00:00:00","FISCAL_YEAR":"6-30","CURRENCY":"HKD","IS_CNY_CODE":0,"DPS_HKD_LY":null,"ORG_TYPE":"一般企业","PREMIUM_INCOME":null,"PREMIUM_INCOME_YOY":null,"NET_INTEREST_INCOME":null,"NET_INTEREST_INCOME_YOY":null,"FEE_COMMISSION_INCOME":null,"FEE_COMMISSION_INCOME_YOY":null,"ACCOUNTS_RECE_TDAYS":64.654412289254,"INVENTORY_TDAYS":null,"CURRENT_ASSETS_TDAYS":1.170575960095,"TOTAL_ASSETS_TDAYS":0.129491553225,"PREMIUM_EXPENSE":null,"LOAN_DEPOSIT":null,"LOAN_EQUITY":null,"LOAN_ASSETS":null,"DEPOSIT_EQUITY":null,"DEPOSIT_ASSETS":null,"EQUITY_MULTIPLIER":3.019273564684,"EQUITY_RATIO":2.019273564682},{"SECUCODE":"00825.HK","SECURITY_CODE":"00825","SECURITY_NAME_ABBR":"新世界百货中国","ORG_CODE":"10093224","STD_REPORT_DATE":"2023-06-30 00:00:00","REPORT_DATE":"2023-12-31 00:00:00","DATE_TYPE_CODE":"002","REPORT_TYPE":"2023年中报","PER_NETCASH_OPERATE":0.135225311643,"PER_OI":0.373474569506,"BPS":1.850486143007,"BASIC_EPS":0.00090622,"DILUTED_EPS":0.00090622,"OPERATE_INCOME":629732278,"OPERATE_INCOME_YOY":-2.0477089257,"GROSS_PROFIT":629732278,"GROSS_PROFIT_YOY":-0.627665523981,"HOLDER_PROFIT":1501606.54,"HOLDER_PROFIT_YOY":100.9974837164,"GROSS_PROFIT_RATIO":null,"EPS_TTM":-0.175441096086,"OPERATE_INCOME_QOQ":-2.384497524214,"NET_PROFIT_RATIO":0.2384515758,"ROE_AVG":0.04860594512,"GROSS_PROFIT_QOQ":-2.384497524214,"ROA":0.015257283189,"HOLDER_PROFIT_QOQ":50.307058711414,"ROE_YEARLY":0.09721189024,"ROIC_YEARLY":0.03306274229,"TOTAL_ASSETS":9904493428.76,"TOTAL_LIABILITIES":6784305471.16,"TAX_EBT":83.216854046389,"OCF_SALES":36.207367966614,"TOTAL_PARENT_EQUITY":3120187957.6,"DEBT_ASSET_RATIO":68.4972484454,"OPERATE_PROFIT":109917236.24,"PRETAX_PROFIT":8947110.06,"NETCASH_OPERATE":228009483.1,"NETCASH_INVEST":6406069.18,"NETCASH_FINANCE":-236291427.68,"END_CASH":480476937.78,"DIVI_RATIO":null,"DIVIDEND_RATE":null,"CURRENT_RATIO":0.292436685443,"COMMON_ACS":10000000000,"CURRENTDEBT_DEBT":54.621687550375,"ISSUED_COMMON_SHARES":1686145000,"HK_COMMON_SHARES":1686145000,"PER_SHARES":1000,"TOTAL_MARKET_CAP":522704950,"HKSK_MARKET_CAP":522704950,"PE_TTM":39.259797957038,"PB_TTM":0.1546408532,"REPORT_DATE_SQ":"2022-06-30 00:00:00","REPORT_TYPE_SQ":"2022年中报","OPERATE_INCOME_SQ":633709856.29,"DPS_HKD":null,"OPERATE_INCOME_QOQ_SQ":-8.281937723968,"NET_PROFIT_RATIO_SQ":-23.4157989476,"HOLDER_PROFIT_SQ":-148388225.86,"HOLDER_PROFIT_QOQ_SQ":-2996.16556163187,"ROE_AVG_SQ":-4.335909670419,"PE_TTM_SQ":-1.970704172017,"PB_TTM_SQ":0.187348556274,"ROA_SQ":-1.380172067455,"START_DATE":"2023-07-01 00:00:00","FISCAL_YEAR":"6-30","CURRENCY":"HKD","IS_CNY_CODE":0,"DPS_HKD_LY":null,"ORG_TYPE":"一般企业","PREMIUM_INCOME":null,"PREMIUM_INCOME_YOY":null,"NET_INTEREST_INCOME":null,"NET_INTEREST_INCOME_YOY":null,"FEE_COMMISSION_INCOME":null,"FEE_COMMISSION_INCOME_YOY":null,"ACCOUNTS_RECE_TDAYS":25.692313380412,"INVENTORY_TDAYS":null,"CURRENT_ASSETS_TDAYS":0.59200684271,"TOTAL_ASSETS_TDAYS":0.063984828533,"PREMIUM_EXPENSE":null,"LOAN_DEPOSIT":null,"LOAN_EQUITY":null,"LOAN_ASSETS":null,"DEPOSIT_EQUITY":null,"DEPOSIT_ASSETS":null,"EQUITY_MULTIPLIER":3.174325894253,"EQUITY_RATIO":2.174325894257},{"SECUCODE":"00825.HK","SECURITY_CODE":"00825","SECURITY_NAME_ABBR":"新世界百货中国","ORG_CODE":"10093224","STD_REPORT_DATE":"2022-12-31 00:00:00","REPORT_DATE":"2023-06-30 00:00:00","DATE_TYPE_CODE":"001","REPORT_TYPE":"2022年年报","PER_NETCASH_OPERATE":0.329704722026,"PER_OI":0.811301608901,"BPS":1.845450570194,"BASIC_EPS":-0.1751762,"DILUTED_EPS":-0.1751762,"OPERATE_INCOME":1367972151.34,"OPERATE_INCOME_YOY":-23.3037331027,"GROSS_PROFIT":1367972151.34,"GROSS_PROFIT_YOY":-17.313785060684,"HOLDER_PROFIT":-295819126.96,"HOLDER_PROFIT_YOY":33.6233736949,"GROSS_PROFIT_RATIO":null,"EPS_TTM":-0.353050335796,"OPERATE_INCOME_QOQ":-15.293971918214,"NET_PROFIT_RATIO":-21.6246454045,"ROE_AVG":-8.697212572266,"GROSS_PROFIT_QOQ":-15.293971918214,"ROA":-2.753536858931,"HOLDER_PROFIT_QOQ":-44.005592448387,"ROE_YEARLY":-8.697212572266,"ROIC_YEARLY":-2.999491861107,"TOTAL_ASSETS":9949377525.68,"TOTAL_LIABILITIES":6837680274,"TAX_EBT":-13.548998998468,"OCF_SALES":40.638982889779,"TOTAL_PARENT_EQUITY":3111697251.68,"DEBT_ASSET_RATIO":68.7247041973,"OPERATE_PROFIT":-73200602.1,"PRETAX_PROFIT":-260521122.66,"NETCASH_OPERATE":555929968.52,"NETCASH_INVEST":114193676.86,"NETCASH_FINANCE":-714583364.94,"END_CASH":483419007.46,"DIVI_RATIO":null,"DIVIDEND_RATE":null,"CURRENT_RATIO":0.286582301158,"COMMON_ACS":10000000000,"CURRENTDEBT_DEBT":54.191712848725,"ISSUED_COMMON_SHARES":1686145000,"HK_COMMON_SHARES":1686145000,"PER_SHARES":1000,"TOTAL_MARKET_CAP":522704950,"HKSK_MARKET_CAP":522704950,"PE_TTM":39.259797957038,"PB_TTM":0.1546408532,"REPORT_DATE_SQ":"2021-12-31 00:00:00","REPORT_TYPE_SQ":"2021年年报","OPERATE_INCOME_SQ":1654413800.83,"DPS_HKD":null,"OPERATE_INCOME_QOQ_SQ":-3.479177847033,"NET_PROFIT_RATIO_SQ":-24.9866506906,"HOLDER_PROFIT_SQ":-413382597.39,"HOLDER_PROFIT_QOQ_SQ":107.479075801663,"ROE_AVG_SQ":-11.411822324116,"PE_TTM_SQ":-1.970704172017,"PB_TTM_SQ":0.187348556274,"ROA_SQ":-3.622046949089,"START_DATE":"2022-07-01 00:00:00","FISCAL_YEAR":"6-30","CURRENCY":"HKD","IS_CNY_CODE":0,"DPS_HKD_LY":null,"ORG_TYPE":"一般企业","PREMIUM_INCOME":null,"PREMIUM_INCOME_YOY":null,"NET_INTEREST_INCOME":null,"NET_INTEREST_INCOME_YOY":null,"FEE_COMMISSION_INCOME":null,"FEE_COMMISSION_INCOME_YOY":null,"ACCOUNTS_RECE_TDAYS":53.361133588679,"INVENTORY_TDAYS":null,"CURRENT_ASSETS_TDAYS":1.131954831147,"TOTAL_ASSETS_TDAYS":0.127333272173,"PREMIUM_EXPENSE":null,"LOAN_DEPOSIT":null,"LOAN_EQUITY":null,"LOAN_ASSETS":null,"DEPOSIT_EQUITY":null,"DEPOSIT_ASSETS":null,"EQUITY_MULTIPLIER":3.197411804859,"EQUITY_RATIO":2.197411804863},{"SECUCODE":"00825.HK","SECURITY_CODE":"00825","SECURITY_NAME_ABBR":"新世界百货中国","ORG_CODE":"10093224","STD_REPORT_DATE":"2022-06-30 00:00:00","REPORT_DATE":"2022-12-31 00:00:00","DATE_TYPE_CODE":"002","REPORT_TYPE":"2022年中报","PER_NETCASH_OPERATE":0.163274760314,"PER_OI":0.375833547109,"BPS":1.938522170816,"BASIC_EPS":-0.08843373,"DILUTED_EPS":-0.08843373,"OPERATE_INCOME":633709856.29,"OPERATE_INCOME_YOY":-34.5884364059,"GROSS_PROFIT":633709856.29,"GROSS_PROFIT_YOY":-28.534506590438,"HOLDER_PROFIT":-148388225.86,"HOLDER_PROFIT_YOY":-505.1460904346,"GROSS_PROFIT_RATIO":null,"EPS_TTM":-0.245164322991,"OPERATE_INCOME_QOQ":-8.281937723968,"NET_PROFIT_RATIO":-23.4157989476,"ROE_AVG":-4.335909670419,"GROSS_PROFIT_QOQ":-8.281937723968,"ROA":-1.380172067455,"HOLDER_PROFIT_QOQ":-2996.16556163187,"ROE_YEARLY":-8.671819340838,"ROIC_YEARLY":-3.016702704428,"TOTAL_ASSETS":10325012257.63,"TOTAL_LIABILITIES":7056382791.92,"TAX_EBT":-13.360174696329,"OCF_SALES":43.44337049478,"TOTAL_PARENT_EQUITY":3268629465.71,"DEBT_ASSET_RATIO":68.3426093437,"OPERATE_PROFIT":-41251208.6,"PRETAX_PROFIT":-130899785.8,"NETCASH_OPERATE":275304920.73,"NETCASH_INVEST":9407026.37,"NETCASH_FINANCE":-334424209.14,"END_CASH":473936904.28,"DIVI_RATIO":null,"DIVIDEND_RATE":null,"CURRENT_RATIO":0.325272758591,"COMMON_ACS":10000000000,"CURRENTDEBT_DEBT":52.399330286388,"ISSUED_COMMON_SHARES":1686145000,"HK_COMMON_SHARES":1686145000,"PER_SHARES":1000,"TOTAL_MARKET_CAP":522704950,"HKSK_MARKET_CAP":522704950,"PE_TTM":39.259797957038,"PB_TTM":0.1546408532,"REPORT_DATE_SQ":"2021-06-30 00:00:00","REPORT_TYPE_SQ":"2021年中报","OPERATE_INCOME_SQ":886735438.4,"DPS_HKD":null,"OPERATE_INCOME_QOQ_SQ":5.448985436982,"NET_PROFIT_RATIO_SQ":3.7805227747,"HOLDER_PROFIT_SQ":33523235.2,"HOLDER_PROFIT_QOQ_SQ":74.244868904708,"ROE_AVG_SQ":0.904922849158,"PE_TTM_SQ":-1.970704172017,"PB_TTM_SQ":0.187348556274,"ROA_SQ":0.291033758269,"START_DATE":"2022-07-01 00:00:00","FISCAL_YEAR":"6-30","CURRENCY":"HKD","IS_CNY_CODE":0,"DPS_HKD_LY":null,"ORG_TYPE":"一般企业","PREMIUM_INCOME":null,"PREMIUM_INCOME_YOY":null,"NET_INTEREST_INCOME":null,"NET_INTEREST_INCOME_YOY":null,"FEE_COMMISSION_INCOME":null,"FEE_COMMISSION_INCOME_YOY":null,"ACCOUNTS_RECE_TDAYS":24.546797688661,"INVENTORY_TDAYS":null,"CURRENT_ASSETS_TDAYS":0.503826313661,"TOTAL_ASSETS_TDAYS":0.058941916547,"PREMIUM_EXPENSE":null,"LOAN_DEPOSIT":null,"LOAN_EQUITY":null,"LOAN_ASSETS":null,"DEPOSIT_EQUITY":null,"DEPOSIT_ASSETS":null,"EQUITY_MULTIPLIER":3.158820039393,"EQUITY_RATIO":2.158820039391},{"SECUCODE":"00825.HK","SECURITY_CODE":"00825","SECURITY_NAME_ABBR":"新世界百货中国","ORG_CODE":"10093224","STD_REPORT_DATE":"2021-12-31 00:00:00","REPORT_DATE":"2022-06-30 00:00:00","DATE_TYPE_CODE":"001","REPORT_TYPE":"2021年年报","PER_NETCASH_OPERATE":0.082449760827,"PER_OI":0.981181215631,"BPS":2.030397444253,"BASIC_EPS":-0.2480051,"DILUTED_EPS":-0.2480051,"OPERATE_INCOME":1654413800.83,"OPERATE_INCOME_YOY":-13.8652588686,"GROSS_PROFIT":1654413800.83,"GROSS_PROFIT_YOY":-11.472972228403,"HOLDER_PROFIT":-413382597.39,"HOLDER_PROFIT_YOY":-110.7530116542,"GROSS_PROFIT_RATIO":null,"EPS_TTM":0.008465134944,"OPERATE_INCOME_QOQ":-3.479177847033,"NET_PROFIT_RATIO":-24.9866506906,"ROE_AVG":-11.411822324116,"GROSS_PROFIT_QOQ":-3.479177847033,"ROA":-3.622046949089,"HOLDER_PROFIT_QOQ":107.479075801663,"ROE_YEARLY":-11.411822324116,"ROIC_YEARLY":-4.021109408131,"TOTAL_ASSETS":10701336256.38,"TOTAL_LIABILITIES":7277791757.74,"TAX_EBT":-18.898582950641,"OCF_SALES":8.403112443831,"TOTAL_PARENT_EQUITY":3423544498.64,"DEBT_ASSET_RATIO":68.0082522722,"OPERATE_PROFIT":-170691648.05,"PRETAX_PROFIT":-347676639.31,"NETCASH_OPERATE":139022251.97,"NETCASH_INVEST":170491533.59,"NETCASH_FINANCE":-487265027.06,"END_CASH":529871448.05,"DIVI_RATIO":null,"DIVIDEND_RATE":null,"CURRENT_RATIO":0.342907770807,"COMMON_ACS":10000000000,"CURRENTDEBT_DEBT":50.365410887193,"ISSUED_COMMON_SHARES":1686145000,"HK_COMMON_SHARES":1686145000,"PER_SHARES":1000,"TOTAL_MARKET_CAP":522704950,"HKSK_MARKET_CAP":522704950,"PE_TTM":39.259797957038,"PB_TTM":0.1546408532,"REPORT_DATE_SQ":"2020-12-31 00:00:00","REPORT_TYPE_SQ":"2020年年报","OPERATE_INCOME_SQ":1868823389.28,"DPS_HKD":null,"OPERATE_INCOME_QOQ_SQ":-13.100513952503,"NET_PROFIT_RATIO_SQ":-10.2120423907,"HOLDER_PROFIT_SQ":-190845036.72,"HOLDER_PROFIT_QOQ_SQ":-67.721881004219,"ROE_AVG_SQ":-5.286201975466,"PE_TTM_SQ":-1.970704172017,"PB_TTM_SQ":0.187348556274,"ROA_SQ":-1.680475675749,"START_DATE":"2021-07-01 00:00:00","FISCAL_YEAR":"6-30","CURRENCY":"HKD","IS_CNY_CODE":0,"DPS_HKD_LY":null,"ORG_TYPE":"一般企业","PREMIUM_INCOME":null,"PREMIUM_INCOME_YOY":null,"NET_INTEREST_INCOME":null,"NET_INTEREST_INCOME_YOY":null,"FEE_COMMISSION_INCOME":null,"FEE_COMMISSION_INCOME_YOY":null,"ACCOUNTS_RECE_TDAYS":56.075741325836,"INVENTORY_TDAYS":null,"CURRENT_ASSETS_TDAYS":1.110028752599,"TOTAL_ASSETS_TDAYS":0.144959282216,"PREMIUM_EXPENSE":null,"LOAN_DEPOSIT":null,"LOAN_EQUITY":null,"LOAN_ASSETS":null,"DEPOSIT_EQUITY":null,"DEPOSIT_ASSETS":null,"EQUITY_MULTIPLIER":3.125806093835,"EQUITY_RATIO":2.12580609384},{"SECUCODE":"00825.HK","SECURITY_CODE":"00825","SECURITY_NAME_ABBR":"新世界百货中国","ORG_CODE":"10093224","STD_REPORT_DATE":"2021-06-30 00:00:00","REPORT_DATE":"2021-12-31 00:00:00","DATE_TYPE_CODE":"002","REPORT_TYPE":"2021年中报","PER_NETCASH_OPERATE":0.190824812813,"PER_OI":0.525895126694,"BPS":2.227434315317,"BASIC_EPS":0.016352,"DILUTED_EPS":0.016352,"OPERATE_INCOME":886735438.4,"OPERATE_INCOME_YOY":-4.092112547,"GROSS_PROFIT":886735438.4,"GROSS_PROFIT_YOY":-6.831556506875,"HOLDER_PROFIT":33523235.2,"HOLDER_PROFIT_YOY":120.11065224,"GROSS_PROFIT_RATIO":null,"EPS_TTM":-0.113184237844,"OPERATE_INCOME_QOQ":5.448985436982,"NET_PROFIT_RATIO":3.7805227747,"ROE_AVG":0.904922849158,"GROSS_PROFIT_QOQ":5.448985436982,"ROA":0.291033758269,"HOLDER_PROFIT_QOQ":74.244868904708,"ROE_YEARLY":1.809845698317,"ROIC_YEARLY":0.654537873306,"TOTAL_ASSETS":11445714851.2,"TOTAL_LIABILITIES":7689937617.6,"TAX_EBT":56.964576226712,"OCF_SALES":36.285716129782,"TOTAL_PARENT_EQUITY":3755777233.6,"DEBT_ASSET_RATIO":67.1861715723,"OPERATE_PROFIT":169472945.6,"PRETAX_PROFIT":77896840,"NETCASH_OPERATE":321758304,"NETCASH_INVEST":-23259084.8,"NETCASH_FINANCE":-335148956.8,"END_CASH":660921676.8,"DIVI_RATIO":null,"DIVIDEND_RATE":null,"CURRENT_RATIO":0.455633692606,"COMMON_ACS":10000000000,"CURRENTDEBT_DEBT":48.371224456837,"ISSUED_COMMON_SHARES":1686145000,"HK_COMMON_SHARES":1686145000,"PER_SHARES":1000,"TOTAL_MARKET_CAP":522704950,"HKSK_MARKET_CAP":522704950,"PE_TTM":39.259797957038,"PB_TTM":0.1546408532,"REPORT_DATE_SQ":"2020-06-30 00:00:00","REPORT_TYPE_SQ":"2020年中报","OPERATE_INCOME_SQ":951755127.76,"DPS_HKD":null,"OPERATE_INCOME_QOQ_SQ":-25.258739222105,"NET_PROFIT_RATIO_SQ":-18.0293482509,"HOLDER_PROFIT_SQ":-171595246.48,"HOLDER_PROFIT_QOQ_SQ":-668.254669408618,"ROE_AVG_SQ":-4.762392511148,"PE_TTM_SQ":-1.970704172017,"PB_TTM_SQ":0.187348556274,"ROA_SQ":-1.51719116704,"START_DATE":"2021-07-01 00:00:00","FISCAL_YEAR":"6-30","CURRENCY":"HKD","IS_CNY_CODE":0,"DPS_HKD_LY":null,"ORG_TYPE":"一般企业","PREMIUM_INCOME":null,"PREMIUM_INCOME_YOY":null,"NET_INTEREST_INCOME":null,"NET_INTEREST_INCOME_YOY":null,"FEE_COMMISSION_INCOME":null,"FEE_COMMISSION_INCOME_YOY":null,"ACCOUNTS_RECE_TDAYS":27.100424787606,"INVENTORY_TDAYS":null,"CURRENT_ASSETS_TDAYS":0.530506499757,"TOTAL_ASSETS_TDAYS":0.076982411062,"PREMIUM_EXPENSE":null,"LOAN_DEPOSIT":null,"LOAN_EQUITY":null,"LOAN_ASSETS":null,"DEPOSIT_EQUITY":null,"DEPOSIT_ASSETS":null,"EQUITY_MULTIPLIER":3.04749566849,"EQUITY_RATIO":2.047495668488},{"SECUCODE":"00825.HK","SECURITY_CODE":"00825","SECURITY_NAME_ABBR":"新世界百货中国","ORG_CODE":"10093224","STD_REPORT_DATE":"2020-12-31 00:00:00","REPORT_DATE":"2021-06-30 00:00:00","DATE_TYPE_CODE":"001","REPORT_TYPE":"2020年年报","PER_NETCASH_OPERATE":0.421626941645,"PER_OI":1.108340854007,"BPS":2.2050330963,"BASIC_EPS":-0.1164912,"DILUTED_EPS":-0.1164912,"OPERATE_INCOME":1868823389.28,"OPERATE_INCOME_YOY":0.5945739917,"GROSS_PROFIT":1868823389.28,"GROSS_PROFIT_YOY":-8.365373612963,"HOLDER_PROFIT":-190845036.72,"HOLDER_PROFIT_YOY":52.5792485755,"GROSS_PROFIT_RATIO":null,"EPS_TTM":-0.439462868294,"OPERATE_INCOME_QOQ":-13.100513952503,"NET_PROFIT_RATIO":-10.2120423907,"ROE_AVG":-5.286201975466,"GROSS_PROFIT_QOQ":-13.100513952503,"ROA":-1.680475675749,"HOLDER_PROFIT_QOQ":-67.721881004219,"ROE_YEARLY":-5.286201975466,"ROIC_YEARLY":-1.894477568853,"TOTAL_ASSETS":11796929027.04,"TOTAL_LIABILITIES":8078923496.88,"TAX_EBT":-122.356978739493,"OCF_SALES":38.041270437754,"TOTAL_PARENT_EQUITY":3718005530.16,"DEBT_ASSET_RATIO":68.4832762693,"OPERATE_PROFIT":74463671.28,"PRETAX_PROFIT":-85828219.92,"NETCASH_OPERATE":710924159.52,"NETCASH_INVEST":-416561714.16,"NETCASH_FINANCE":-821822949.84,"END_CASH":699572924.16,"DIVI_RATIO":null,"DIVIDEND_RATE":null,"CURRENT_RATIO":0.459851343771,"COMMON_ACS":10000000000,"CURRENTDEBT_DEBT":45.149146010464,"ISSUED_COMMON_SHARES":1686145000,"HK_COMMON_SHARES":1686145000,"PER_SHARES":1000,"TOTAL_MARKET_CAP":522704950,"HKSK_MARKET_CAP":522704950,"PE_TTM":39.259797957038,"PB_TTM":0.1546408532,"REPORT_DATE_SQ":"2019-12-31 00:00:00","REPORT_TYPE_SQ":"2019年年报","OPERATE_INCOME_SQ":2039429267.04,"DPS_HKD":null,"OPERATE_INCOME_QOQ_SQ":-11.852090136984,"NET_PROFIT_RATIO_SQ":-21.6630066588,"HOLDER_PROFIT_SQ":-441801697.92,"HOLDER_PROFIT_QOQ_SQ":170.591065350179,"ROE_AVG_SQ":-9.62338575776,"PE_TTM_SQ":-1.970704172017,"PB_TTM_SQ":0.187348556274,"ROA_SQ":-3.882264330984,"START_DATE":"2020-07-01 00:00:00","FISCAL_YEAR":"6-30","CURRENCY":"HKD","IS_CNY_CODE":0,"DPS_HKD_LY":null,"ORG_TYPE":"一般企业","PREMIUM_INCOME":null,"PREMIUM_INCOME_YOY":null,"NET_INTEREST_INCOME":null,"NET_INTEREST_INCOME_YOY":null,"FEE_COMMISSION_INCOME":null,"FEE_COMMISSION_INCOME_YOY":null,"ACCOUNTS_RECE_TDAYS":60.432288443428,"INVENTORY_TDAYS":null,"CURRENT_ASSETS_TDAYS":1.132684727865,"TOTAL_ASSETS_TDAYS":0.164558235411,"PREMIUM_EXPENSE":null,"LOAN_DEPOSIT":null,"LOAN_EQUITY":null,"LOAN_ASSETS":null,"DEPOSIT_EQUITY":null,"DEPOSIT_ASSETS":null,"EQUITY_MULTIPLIER":3.172918633754,"EQUITY_RATIO":2.172918633753},{"SECUCODE":"00825.HK","SECURITY_CODE":"00825","SECURITY_NAME_ABBR":"新世界百货中国","ORG_CODE":"10093224","STD_REPORT_DATE":"2020-06-30 00:00:00","REPORT_DATE":"2020-12-31 00:00:00","DATE_TYPE_CODE":"002","REPORT_TYPE":"2020年中报","PER_NETCASH_OPERATE":0.346473290636,"PER_OI":0.564456276157,"BPS":2.172724947997,"BASIC_EPS":-0.1009968,"DILUTED_EPS":-0.1009968,"OPERATE_INCOME":951755127.76,"OPERATE_INCOME_YOY":-16.8961482949,"GROSS_PROFIT":951755127.76,"GROSS_PROFIT_YOY":-21.918857588835,"HOLDER_PROFIT":-171595246.48,"HOLDER_PROFIT_YOY":-243.1283214108,"GROSS_PROFIT_RATIO":null,"EPS_TTM":-0.262018804978,"OPERATE_INCOME_QOQ":-25.258739222105,"NET_PROFIT_RATIO":-18.0293482509,"ROE_AVG":-4.762392511148,"GROSS_PROFIT_QOQ":-25.258739222105,"ROA":-1.51719116704,"HOLDER_PROFIT_QOQ":-668.254669408618,"ROE_YEARLY":-9.524785022296,"ROIC_YEARLY":-3.46698163039,"TOTAL_ASSETS":11578414547.52,"TOTAL_LIABILITIES":7914885240.08,"TAX_EBT":-46.076576963861,"OCF_SALES":61.381776635651,"TOTAL_PARENT_EQUITY":3663529307.44,"DEBT_ASSET_RATIO":68.3589727039,"OPERATE_PROFIT":-35587905.76,"PRETAX_PROFIT":-117469378.08,"NETCASH_OPERATE":584204206.64,"NETCASH_INVEST":-522591108.8,"NETCASH_FINANCE":-443650326.64,"END_CASH":846008111.6,"DIVI_RATIO":null,"DIVIDEND_RATE":null,"CURRENT_RATIO":0.500427982456,"COMMON_ACS":10000000000,"CURRENTDEBT_DEBT":50.250953783883,"ISSUED_COMMON_SHARES":1686145000,"HK_COMMON_SHARES":1686145000,"PER_SHARES":1000,"TOTAL_MARKET_CAP":522704950,"HKSK_MARKET_CAP":522704950,"PE_TTM":39.259797957038,"PB_TTM":0.1546408532,"REPORT_DATE_SQ":"2019-06-30 00:00:00","REPORT_TYPE_SQ":"2019年中报","OPERATE_INCOME_SQ":1218930843.44,"DPS_HKD":null,"OPERATE_INCOME_QOQ_SQ":-4.501731185374,"NET_PROFIT_RATIO_SQ":10.46828656,"HOLDER_PROFIT_SQ":127601173.66,"HOLDER_PROFIT_QOQ_SQ":1459.67790475011,"ROE_AVG_SQ":2.65735555933,"PE_TTM_SQ":-1.970704172017,"PB_TTM_SQ":0.187348556274,"ROA_SQ":1.095015062828,"START_DATE":"2020-07-01 00:00:00","FISCAL_YEAR":"6-30","CURRENCY":"HKD","IS_CNY_CODE":0,"DPS_HKD_LY":null,"ORG_TYPE":"一般企业","PREMIUM_INCOME":null,"PREMIUM_INCOME_YOY":null,"NET_INTEREST_INCOME":null,"NET_INTEREST_INCOME_YOY":null,"FEE_COMMISSION_INCOME":null,"FEE_COMMISSION_INCOME_YOY":null,"ACCOUNTS_RECE_TDAYS":26.220109672258,"INVENTORY_TDAYS":null,"CURRENT_ASSETS_TDAYS":0.524170665542,"TOTAL_ASSETS_TDAYS":0.08415119315,"PREMIUM_EXPENSE":null,"LOAN_DEPOSIT":null,"LOAN_EQUITY":null,"LOAN_ASSETS":null,"DEPOSIT_EQUITY":null,"DEPOSIT_ASSETS":null,"EQUITY_MULTIPLIER":3.160453643435,"EQUITY_RATIO":2.160453643432},{"SECUCODE":"00825.HK","SECURITY_CODE":"00825","SECURITY_NAME_ABBR":"新世界百货中国","ORG_CODE":"10093224","STD_REPORT_DATE":"2019-12-31 00:00:00","REPORT_DATE":"2020-06-30 00:00:00","DATE_TYPE_CODE":"001","REPORT_TYPE":"2019年年报","PER_NETCASH_OPERATE":0.19331083787,"PER_OI":1.209521878035,"BPS":2.280327121475,"BASIC_EPS":-0.2648976,"DILUTED_EPS":-0.2648976,"OPERATE_INCOME":2039429267.04,"OPERATE_INCOME_YOY":-36.5535602698,"GROSS_PROFIT":2039429267.04,"GROSS_PROFIT_YOY":-34.11714081902,"HOLDER_PROFIT":-441801697.92,"HOLDER_PROFIT_YOY":-1580.7825368154,"GROSS_PROFIT_RATIO":null,"EPS_TTM":0.046109397614,"OPERATE_INCOME_QOQ":-11.852090136984,"NET_PROFIT_RATIO":-21.6630066588,"ROE_AVG":-9.62338575776,"GROSS_PROFIT_QOQ":-11.852090136984,"ROA":-3.882264330984,"HOLDER_PROFIT_QOQ":170.591065350179,"ROE_YEARLY":-9.62338575776,"ROIC_YEARLY":-4.464528923191,"TOTAL_ASSETS":11983671469.44,"TOTAL_LIABILITIES":8138709295.2,"TAX_EBT":-19.526606747015,"OCF_SALES":15.982417629668,"TOTAL_PARENT_EQUITY":3844962174.24,"DEBT_ASSET_RATIO":67.914990126,"OPERATE_PROFIT":-180824582.4,"PRETAX_PROFIT":-369626236.32,"NETCASH_OPERATE":325950102.72,"NETCASH_INVEST":53116536,"NETCASH_FINANCE":-709085203.2,"END_CASH":1242578008.32,"DIVI_RATIO":null,"DIVIDEND_RATE":null,"CURRENT_RATIO":0.453712485399,"COMMON_ACS":10000000000,"CURRENTDEBT_DEBT":48.234362575344,"ISSUED_COMMON_SHARES":1686145000,"HK_COMMON_SHARES":1686145000,"PER_SHARES":1000,"TOTAL_MARKET_CAP":522704950,"HKSK_MARKET_CAP":522704950,"PE_TTM":39.259797957038,"PB_TTM":0.1546408532,"REPORT_DATE_SQ":"2018-12-31 00:00:00","REPORT_TYPE_SQ":"2018年年报","OPERATE_INCOME_SQ":3095538494.22,"DPS_HKD":null,"OPERATE_INCOME_QOQ_SQ":0.616902694264,"NET_PROFIT_RATIO_SQ":0.9281853427,"HOLDER_PROFIT_SQ":28732334.58,"HOLDER_PROFIT_QOQ_SQ":-80.186547934594,"ROE_AVG_SQ":0.546114972893,"PE_TTM_SQ":-1.970704172017,"PB_TTM_SQ":0.187348556274,"ROA_SQ":0.267874896199,"START_DATE":"2019-07-01 00:00:00","FISCAL_YEAR":"6-30","CURRENCY":"HKD","IS_CNY_CODE":0,"DPS_HKD_LY":null,"ORG_TYPE":"一般企业","PREMIUM_INCOME":null,"PREMIUM_INCOME_YOY":null,"NET_INTEREST_INCOME":null,"NET_INTEREST_INCOME_YOY":null,"FEE_COMMISSION_INCOME":null,"FEE_COMMISSION_INCOME_YOY":null,"ACCOUNTS_RECE_TDAYS":43.088002007063,"INVENTORY_TDAYS":null,"CURRENT_ASSETS_TDAYS":0.94662047243,"TOTAL_ASSETS_TDAYS":0.179211703718,"PREMIUM_EXPENSE":null,"LOAN_DEPOSIT":null,"LOAN_EQUITY":null,"LOAN_ASSETS":null,"DEPOSIT_EQUITY":null,"DEPOSIT_ASSETS":null,"EQUITY_MULTIPLIER":3.116720250133,"EQUITY_RATIO":2.116720250131}],"count":40},"success":true,"message":"ok","code":0}