{"version":"84fa6b154668c339e0b0c6dd2fc6c88a","result":{"pages":5,"data":[{"SECUCODE":"00826.HK","SECURITY_CODE":"00826","SECURITY_NAME_ABBR":"天工国际","ORG_CODE":"10098244","STD_REPORT_DATE":"2024-06-30 00:00:00","REPORT_DATE":"2024-06-30 00:00:00","DATE_TYPE_CODE":"002","REPORT_TYPE":"2024年中报","PER_NETCASH_OPERATE":0.054136576577,"PER_OI":0.908701981982,"BPS":2.591671926606,"BASIC_EPS":0.067,"DILUTED_EPS":0.067,"OPERATE_INCOME":2521648000,"OPERATE_INCOME_YOY":1.010931293,"GROSS_PROFIT":558470000,"GROSS_PROFIT_YOY":-1.947461382606,"HOLDER_PROFIT":184371000,"HOLDER_PROFIT_YOY":-15.6968449931,"GROSS_PROFIT_RATIO":22.147024485575,"EPS_TTM":0.121037837838,"OPERATE_INCOME_QOQ":0.488775989647,"NET_PROFIT_RATIO":8.3373650882,"ROE_AVG":2.61021892974,"GROSS_PROFIT_QOQ":-0.970102782617,"ROA":1.36656627792,"HOLDER_PROFIT_QOQ":-9.272870189542,"ROE_YEARLY":5.220437859479,"ROIC_YEARLY":3.286715187806,"TOTAL_ASSETS":13422029000,"TOTAL_LIABILITIES":6015092000,"TAX_EBT":5.375322933451,"OCF_SALES":5.957572190885,"TOTAL_PARENT_EQUITY":7062306000,"DEBT_ASSET_RATIO":44.8150722964,"OPERATE_PROFIT":296802000,"PRETAX_PROFIT":222182000,"NETCASH_OPERATE":150229000,"NETCASH_INVEST":503695000,"NETCASH_FINANCE":-292637000,"END_CASH":1106487000,"DIVI_RATIO":0.496080854323,"DIVIDEND_RATE":3.865497076023,"CURRENT_RATIO":1.536490805024,"COMMON_ACS":4000000000,"CURRENTDEBT_DEBT":88.385846800016,"ISSUED_COMMON_SHARES":2725000000,"HK_COMMON_SHARES":2725000000,"PER_SHARES":2000,"TOTAL_MARKET_CAP":4659750000,"HKSK_MARKET_CAP":4659750000,"PE_TTM":12.481795702558,"PB_TTM":0.602191498074,"REPORT_DATE_SQ":"2023-06-30 00:00:00","REPORT_TYPE_SQ":"2023年中报","OPERATE_INCOME_SQ":2496411000,"DPS_HKD":0.0661,"OPERATE_INCOME_QOQ_SQ":-3.429161600195,"NET_PROFIT_RATIO_SQ":9.7074560239,"HOLDER_PROFIT_SQ":218700000,"HOLDER_PROFIT_QOQ_SQ":-15.192191208158,"ROE_AVG_SQ":3.17614789899,"PE_TTM_SQ":9.9254738502,"PB_TTM_SQ":0.603425935612,"ROA_SQ":1.578317112703,"START_DATE":"2024-01-01 00:00:00","FISCAL_YEAR":"12-31","CURRENCY":"HKD","IS_CNY_CODE":0,"DPS_HKD_LY":0.0661,"ORG_TYPE":"一般企业","PREMIUM_INCOME":null,"PREMIUM_INCOME_YOY":null,"NET_INTEREST_INCOME":null,"NET_INTEREST_INCOME_YOY":null,"FEE_COMMISSION_INCOME":null,"FEE_COMMISSION_INCOME_YOY":null,"ACCOUNTS_RECE_TDAYS":0.695736433039,"INVENTORY_TDAYS":0.784943878403,"CURRENT_ASSETS_TDAYS":0.307771603789,"TOTAL_ASSETS_TDAYS":0.186905702176,"PREMIUM_EXPENSE":null,"LOAN_DEPOSIT":null,"LOAN_EQUITY":null,"LOAN_ASSETS":null,"DEPOSIT_EQUITY":null,"DEPOSIT_ASSETS":null,"EQUITY_MULTIPLIER":1.81208899171,"EQUITY_RATIO":0.851717838338},{"SECUCODE":"00826.HK","SECURITY_CODE":"00826","SECURITY_NAME_ABBR":"天工国际","ORG_CODE":"10098244","STD_REPORT_DATE":"2023-12-31 00:00:00","REPORT_DATE":"2023-12-31 00:00:00","DATE_TYPE_CODE":"001","REPORT_TYPE":"2023年年报","PER_NETCASH_OPERATE":0.019866306306,"PER_OI":1.860650810811,"BPS":2.592497247706,"BASIC_EPS":0.133,"DILUTED_EPS":0.133,"OPERATE_INCOME":5163306000,"OPERATE_INCOME_YOY":1.9045327758,"GROSS_PROFIT":1143384000,"GROSS_PROFIT_YOY":-0.444323705884,"HOLDER_PROFIT":370209000,"HOLDER_PROFIT_YOY":-26.4780005362,"GROSS_PROFIT_RATIO":22.144416774834,"EPS_TTM":0.133408648649,"OPERATE_INCOME_QOQ":5.523090059427,"NET_PROFIT_RATIO":8.1329287863,"ROE_AVG":5.317246396888,"GROSS_PROFIT_QOQ":7.577377009695,"ROA":2.750006629717,"HOLDER_PROFIT_QOQ":-13.307511995448,"ROE_YEARLY":5.317246396888,"ROIC_YEARLY":3.411373595071,"TOTAL_ASSETS":13561075000,"TOTAL_LIABILITIES":6176487000,"TAX_EBT":9.784089200163,"OCF_SALES":1.067707395223,"TOTAL_PARENT_EQUITY":7064555000,"DEBT_ASSET_RATIO":45.5457034195,"OPERATE_PROFIT":626619000,"PRETAX_PROFIT":465470000,"NETCASH_OPERATE":55129000,"NETCASH_INVEST":-223406000,"NETCASH_FINANCE":-304422000,"END_CASH":749087000,"DIVI_RATIO":0.450079920666,"DIVIDEND_RATE":3.240196078431,"CURRENT_RATIO":1.521642868597,"COMMON_ACS":4000000000,"CURRENTDEBT_DEBT":87.437697189357,"ISSUED_COMMON_SHARES":2725000000,"HK_COMMON_SHARES":2725000000,"PER_SHARES":2000,"TOTAL_MARKET_CAP":5559000000,"HKSK_MARKET_CAP":5559000000,"PE_TTM":14.89056329428,"PB_TTM":0.71840389244,"REPORT_DATE_SQ":"2022-12-31 00:00:00","REPORT_TYPE_SQ":"2022年年报","OPERATE_INCOME_SQ":5066807000,"DPS_HKD":0.0661,"OPERATE_INCOME_QOQ_SQ":-12.613536018323,"NET_PROFIT_RATIO_SQ":10.3439898145,"HOLDER_PROFIT_SQ":503535000,"HOLDER_PROFIT_QOQ_SQ":-24.736783890756,"ROE_AVG_SQ":7.465014900454,"PE_TTM_SQ":12.970097730629,"PB_TTM_SQ":0.788525915862,"ROA_SQ":3.884141527662,"START_DATE":"2023-01-01 00:00:00","FISCAL_YEAR":"12-31","CURRENCY":"HKD","IS_CNY_CODE":0,"DPS_HKD_LY":0.04,"ORG_TYPE":"一般企业","PREMIUM_INCOME":null,"PREMIUM_INCOME_YOY":null,"NET_INTEREST_INCOME":null,"NET_INTEREST_INCOME_YOY":null,"FEE_COMMISSION_INCOME":null,"FEE_COMMISSION_INCOME_YOY":null,"ACCOUNTS_RECE_TDAYS":1.669488105723,"INVENTORY_TDAYS":1.588599953922,"CURRENT_ASSETS_TDAYS":0.639946189701,"TOTAL_ASSETS_TDAYS":0.383543504649,"PREMIUM_EXPENSE":null,"LOAN_DEPOSIT":null,"LOAN_EQUITY":null,"LOAN_ASSETS":null,"DEPOSIT_EQUITY":null,"DEPOSIT_ASSETS":null,"EQUITY_MULTIPLIER":1.836402382908,"EQUITY_RATIO":0.874292435971},{"SECUCODE":"00826.HK","SECURITY_CODE":"00826","SECURITY_NAME_ABBR":"天工国际","ORG_CODE":"10098244","STD_REPORT_DATE":"2023-06-30 00:00:00","REPORT_DATE":"2023-06-30 00:00:00","DATE_TYPE_CODE":"002","REPORT_TYPE":"2023年中报","PER_NETCASH_OPERATE":0.055385585586,"PER_OI":0.899607567568,"BPS":2.536188990826,"BASIC_EPS":0.079,"DILUTED_EPS":0.079,"OPERATE_INCOME":2496411000,"OPERATE_INCOME_YOY":-6.5070632471,"GROSS_PROFIT":569562000,"GROSS_PROFIT_YOY":-13.070645496573,"HOLDER_PROFIT":218700000,"HOLDER_PROFIT_YOY":-25.9141322096,"GROSS_PROFIT_RATIO":22.815233549283,"EPS_TTM":0.153887207207,"OPERATE_INCOME_QOQ":-3.429161600195,"NET_PROFIT_RATIO":9.7074560239,"ROE_AVG":3.17614789899,"GROSS_PROFIT_QOQ":-7.45667996242,"ROA":1.578317112703,"HOLDER_PROFIT_QOQ":-15.192191208158,"ROE_YEARLY":6.35229579798,"ROIC_YEARLY":4.020215599916,"TOTAL_ASSETS":14349911000,"TOTAL_LIABILITIES":7144746000,"TAX_EBT":9.164239636864,"OCF_SALES":6.156638470188,"TOTAL_PARENT_EQUITY":6911115000,"DEBT_ASSET_RATIO":49.7894795306,"OPERATE_PROFIT":343834000,"PRETAX_PROFIT":266787000,"NETCASH_OPERATE":153695000,"NETCASH_INVEST":-527038000,"NETCASH_FINANCE":384902000,"END_CASH":1245984000,"DIVI_RATIO":0.390185481235,"DIVIDEND_RATE":3.240196078431,"CURRENT_RATIO":1.416485606468,"COMMON_ACS":4000000000,"CURRENTDEBT_DEBT":88.162826222234,"ISSUED_COMMON_SHARES":2725000000,"HK_COMMON_SHARES":2725000000,"PER_SHARES":2000,"TOTAL_MARKET_CAP":5559000000,"HKSK_MARKET_CAP":5559000000,"PE_TTM":14.89056329428,"PB_TTM":0.71840389244,"REPORT_DATE_SQ":"2022-06-30 00:00:00","REPORT_TYPE_SQ":"2022年中报","OPERATE_INCOME_SQ":2670160000,"DPS_HKD":0.0661,"OPERATE_INCOME_QOQ_SQ":0.927557493438,"NET_PROFIT_RATIO_SQ":11.3223552147,"HOLDER_PROFIT_SQ":295198000,"HOLDER_PROFIT_QOQ_SQ":0.701565841977,"ROE_AVG_SQ":4.427368099307,"PE_TTM_SQ":12.970097730629,"PB_TTM_SQ":0.788525915862,"ROA_SQ":2.299247447006,"START_DATE":"2023-01-01 00:00:00","FISCAL_YEAR":"12-31","CURRENCY":"HKD","IS_CNY_CODE":0,"DPS_HKD_LY":0.04,"ORG_TYPE":"一般企业","PREMIUM_INCOME":null,"PREMIUM_INCOME_YOY":null,"NET_INTEREST_INCOME":null,"NET_INTEREST_INCOME_YOY":null,"FEE_COMMISSION_INCOME":null,"FEE_COMMISSION_INCOME_YOY":null,"ACCOUNTS_RECE_TDAYS":0.871230871674,"INVENTORY_TDAYS":0.725874324243,"CURRENT_ASSETS_TDAYS":0.296461326182,"TOTAL_ASSETS_TDAYS":0.180161326092,"PREMIUM_EXPENSE":null,"LOAN_DEPOSIT":null,"LOAN_EQUITY":null,"LOAN_ASSETS":null,"DEPOSIT_EQUITY":null,"DEPOSIT_ASSETS":null,"EQUITY_MULTIPLIER":1.991614487664,"EQUITY_RATIO":1.033805109595},{"SECUCODE":"00826.HK","SECURITY_CODE":"00826","SECURITY_NAME_ABBR":"天工国际","ORG_CODE":"10098244","STD_REPORT_DATE":"2022-12-31 00:00:00","REPORT_DATE":"2022-12-31 00:00:00","DATE_TYPE_CODE":"001","REPORT_TYPE":"2022年年报","PER_NETCASH_OPERATE":0.108995691203,"PER_OI":1.819320287253,"BPS":2.517535412844,"BASIC_EPS":0.181,"DILUTED_EPS":0.181,"OPERATE_INCOME":5066807000,"OPERATE_INCOME_YOY":-11.8029763234,"GROSS_PROFIT":1148487000,"GROSS_PROFIT_YOY":-18.26867103426,"HOLDER_PROFIT":503535000,"HOLDER_PROFIT_YOY":-24.208762875,"GROSS_PROFIT_RATIO":22.666878766055,"EPS_TTM":0.180802513465,"OPERATE_INCOME_QOQ":-12.613536018323,"NET_PROFIT_RATIO":10.3439898145,"ROE_AVG":7.465014900454,"GROSS_PROFIT_QOQ":-17.623528449791,"ROA":3.884141527662,"HOLDER_PROFIT_QOQ":-24.736783890756,"ROE_YEARLY":7.465014900454,"ROIC_YEARLY":5.107794617225,"TOTAL_ASSETS":13363151000,"TOTAL_LIABILITIES":6221818000,"TAX_EBT":-0.914587184227,"OCF_SALES":5.991011696321,"TOTAL_PARENT_EQUITY":6860284000,"DEBT_ASSET_RATIO":46.5595127975,"OPERATE_PROFIT":619537000,"PRETAX_PROFIT":519360000,"NETCASH_OPERATE":303553000,"NETCASH_INVEST":-271289000,"NETCASH_FINANCE":-186408000,"END_CASH":1219843000,"DIVI_RATIO":0.332100217244,"DIVIDEND_RATE":3.240196078431,"CURRENT_RATIO":1.559004835532,"COMMON_ACS":4000000000,"CURRENTDEBT_DEBT":81.639835816477,"ISSUED_COMMON_SHARES":2725000000,"HK_COMMON_SHARES":2725000000,"PER_SHARES":2000,"TOTAL_MARKET_CAP":5559000000,"HKSK_MARKET_CAP":5559000000,"PE_TTM":14.89056329428,"PB_TTM":0.71840389244,"REPORT_DATE_SQ":"2021-12-31 00:00:00","REPORT_TYPE_SQ":"2021年年报","OPERATE_INCOME_SQ":5744873000,"DPS_HKD":0.0661,"OPERATE_INCOME_QOQ_SQ":7.815552319662,"NET_PROFIT_RATIO_SQ":11.6909459965,"HOLDER_PROFIT_SQ":664371000,"HOLDER_PROFIT_QOQ_SQ":7.757272798048,"ROE_AVG_SQ":10.980913219149,"PE_TTM_SQ":12.970097730629,"PB_TTM_SQ":0.788525915862,"ROA_SQ":5.591710239134,"START_DATE":"2022-01-01 00:00:00","FISCAL_YEAR":"12-31","CURRENCY":"HKD","IS_CNY_CODE":0,"DPS_HKD_LY":0.0697,"ORG_TYPE":"一般企业","PREMIUM_INCOME":null,"PREMIUM_INCOME_YOY":null,"NET_INTEREST_INCOME":null,"NET_INTEREST_INCOME_YOY":null,"FEE_COMMISSION_INCOME":null,"FEE_COMMISSION_INCOME_YOY":null,"ACCOUNTS_RECE_TDAYS":2.127137740459,"INVENTORY_TDAYS":1.612119117562,"CURRENT_ASSETS_TDAYS":0.646275990895,"TOTAL_ASSETS_TDAYS":0.390840666118,"PREMIUM_EXPENSE":null,"LOAN_DEPOSIT":null,"LOAN_EQUITY":null,"LOAN_ASSETS":null,"DEPOSIT_EQUITY":null,"DEPOSIT_ASSETS":null,"EQUITY_MULTIPLIER":1.87124042528,"EQUITY_RATIO":0.906933007438},{"SECUCODE":"00826.HK","SECURITY_CODE":"00826","SECURITY_NAME_ABBR":"天工国际","ORG_CODE":"10098244","STD_REPORT_DATE":"2022-06-30 00:00:00","REPORT_DATE":"2022-06-30 00:00:00","DATE_TYPE_CODE":"002","REPORT_TYPE":"2022年中报","PER_NETCASH_OPERATE":-0.074237701975,"PER_OI":0.95876481149,"BPS":2.46051412844,"BASIC_EPS":0.106,"DILUTED_EPS":0.106,"OPERATE_INCOME":2670160000,"OPERATE_INCOME_YOY":2.0362852916,"GROSS_PROFIT":655201000,"GROSS_PROFIT_YOY":-1.651891456997,"HOLDER_PROFIT":295198000,"HOLDER_PROFIT_YOY":1.6042707125,"GROSS_PROFIT_RATIO":24.537892860353,"EPS_TTM":0.240226929982,"OPERATE_INCOME_QOQ":0.927557493438,"NET_PROFIT_RATIO":11.3223552147,"ROE_AVG":4.427368099307,"GROSS_PROFIT_QOQ":-0.783163653805,"ROA":2.299247447006,"HOLDER_PROFIT_QOQ":0.701565841977,"ROE_YEARLY":8.854736198614,"ROIC_YEARLY":6.10540446226,"TOTAL_ASSETS":13113207000,"TOTAL_LIABILITIES":6139897000,"TAX_EBT":8.188830514136,"OCF_SALES":-7.743056595859,"TOTAL_PARENT_EQUITY":6704901000,"DEBT_ASSET_RATIO":46.8222380688,"OPERATE_PROFIT":381502000,"PRETAX_PROFIT":329290000,"NETCASH_OPERATE":-206752000,"NETCASH_INVEST":-100278000,"NETCASH_FINANCE":42848000,"END_CASH":1098434000,"DIVI_RATIO":0.249949304204,"DIVIDEND_RATE":3.240196078431,"CURRENT_RATIO":1.698168295882,"COMMON_ACS":4000000000,"CURRENTDEBT_DEBT":78.626416697218,"ISSUED_COMMON_SHARES":2725000000,"HK_COMMON_SHARES":2725000000,"PER_SHARES":2000,"TOTAL_MARKET_CAP":5559000000,"HKSK_MARKET_CAP":5559000000,"PE_TTM":14.89056329428,"PB_TTM":0.71840389244,"REPORT_DATE_SQ":"2021-06-30 00:00:00","REPORT_TYPE_SQ":"2021年中报","OPERATE_INCOME_SQ":2616873000,"DPS_HKD":0.0661,"OPERATE_INCOME_QOQ_SQ":2.058689003368,"NET_PROFIT_RATIO_SQ":11.2553417762,"HOLDER_PROFIT_SQ":290537000,"HOLDER_PROFIT_QOQ_SQ":14.807531879395,"ROE_AVG_SQ":4.950400492626,"PE_TTM_SQ":12.970097730629,"PB_TTM_SQ":0.788525915862,"ROA_SQ":2.438965115614,"START_DATE":"2022-01-01 00:00:00","FISCAL_YEAR":"12-31","CURRENCY":"HKD","IS_CNY_CODE":0,"DPS_HKD_LY":0.0697,"ORG_TYPE":"一般企业","PREMIUM_INCOME":null,"PREMIUM_INCOME_YOY":null,"NET_INTEREST_INCOME":null,"NET_INTEREST_INCOME_YOY":null,"FEE_COMMISSION_INCOME":null,"FEE_COMMISSION_INCOME_YOY":null,"ACCOUNTS_RECE_TDAYS":1.108603179342,"INVENTORY_TDAYS":0.837865731675,"CURRENT_ASSETS_TDAYS":0.334625008725,"TOTAL_ASSETS_TDAYS":0.207974260093,"PREMIUM_EXPENSE":null,"LOAN_DEPOSIT":null,"LOAN_EQUITY":null,"LOAN_ASSETS":null,"DEPOSIT_EQUITY":null,"DEPOSIT_ASSETS":null,"EQUITY_MULTIPLIER":1.88048530755,"EQUITY_RATIO":0.915732685688},{"SECUCODE":"00826.HK","SECURITY_CODE":"00826","SECURITY_NAME_ABBR":"天工国际","ORG_CODE":"10098244","STD_REPORT_DATE":"2021-12-31 00:00:00","REPORT_DATE":"2021-12-31 00:00:00","DATE_TYPE_CODE":"001","REPORT_TYPE":"2021年年报","PER_NETCASH_OPERATE":0.194025044723,"PER_OI":2.055410733453,"BPS":2.433117431193,"BASIC_EPS":0.244,"DILUTED_EPS":0.244,"OPERATE_INCOME":5744873000,"OPERATE_INCOME_YOY":10.0351392392,"GROSS_PROFIT":1405198000,"GROSS_PROFIT_YOY":15.751330334931,"HOLDER_PROFIT":664371000,"HOLDER_PROFIT_YOY":23.71346532,"GROSS_PROFIT_RATIO":24.460035931169,"EPS_TTM":0.237699821109,"OPERATE_INCOME_QOQ":7.815552319662,"NET_PROFIT_RATIO":11.6909459965,"ROE_AVG":10.980913219149,"GROSS_PROFIT_QOQ":4.973002208231,"ROA":5.591710239134,"HOLDER_PROFIT_QOQ":7.757272798048,"ROE_YEARLY":10.980913219149,"ROIC_YEARLY":6.976229539311,"TOTAL_ASSETS":12564586000,"TOTAL_LIABILITIES":5672029000,"TAX_EBT":10.64650670853,"OCF_SALES":9.439721295841,"TOTAL_PARENT_EQUITY":6630245000,"DEBT_ASSET_RATIO":45.1429836208,"OPERATE_PROFIT":861178000,"PRETAX_PROFIT":751655000,"NETCASH_OPERATE":542300000,"NETCASH_INVEST":-810924000,"NETCASH_FINANCE":799559000,"END_CASH":1356881000,"DIVI_RATIO":0.252606643622,"DIVIDEND_RATE":3.240196078431,"CURRENT_RATIO":1.730979036638,"COMMON_ACS":4000000000,"CURRENTDEBT_DEBT":79.048114880936,"ISSUED_COMMON_SHARES":2725000000,"HK_COMMON_SHARES":2725000000,"PER_SHARES":2000,"TOTAL_MARKET_CAP":5559000000,"HKSK_MARKET_CAP":5559000000,"PE_TTM":14.89056329428,"PB_TTM":0.71840389244,"REPORT_DATE_SQ":"2020-12-31 00:00:00","REPORT_TYPE_SQ":"2020年年报","OPERATE_INCOME_SQ":5220944000,"DPS_HKD":0.0661,"OPERATE_INCOME_QOQ_SQ":2.922631945824,"NET_PROFIT_RATIO_SQ":10.3491246028,"HOLDER_PROFIT_SQ":537024000,"HOLDER_PROFIT_QOQ_SQ":17.589200670031,"ROE_AVG_SQ":10.222631151496,"PE_TTM_SQ":12.970097730629,"PB_TTM_SQ":0.788525915862,"ROA_SQ":5.01551682054,"START_DATE":"2021-01-01 00:00:00","FISCAL_YEAR":"12-31","CURRENCY":"HKD","IS_CNY_CODE":0,"DPS_HKD_LY":0.0888,"ORG_TYPE":"一般企业","PREMIUM_INCOME":null,"PREMIUM_INCOME_YOY":null,"NET_INTEREST_INCOME":null,"NET_INTEREST_INCOME_YOY":null,"FEE_COMMISSION_INCOME":null,"FEE_COMMISSION_INCOME_YOY":null,"ACCOUNTS_RECE_TDAYS":2.490664354424,"INVENTORY_TDAYS":2.188449717737,"CURRENT_ASSETS_TDAYS":0.799544034104,"TOTAL_ASSETS_TDAYS":0.483519978696,"PREMIUM_EXPENSE":null,"LOAN_DEPOSIT":null,"LOAN_EQUITY":null,"LOAN_ASSETS":null,"DEPOSIT_EQUITY":null,"DEPOSIT_ASSETS":null,"EQUITY_MULTIPLIER":1.82292086957,"EQUITY_RATIO":0.855478040404},{"SECUCODE":"00826.HK","SECURITY_CODE":"00826","SECURITY_NAME_ABBR":"天工国际","ORG_CODE":"10098244","STD_REPORT_DATE":"2021-06-30 00:00:00","REPORT_DATE":"2021-06-30 00:00:00","DATE_TYPE_CODE":"002","REPORT_TYPE":"2021年中报","PER_NETCASH_OPERATE":0.122418962433,"PER_OI":0.93626940966,"BPS":2.300071559633,"BASIC_EPS":0.11,"DILUTED_EPS":0.11,"OPERATE_INCOME":2616873000,"OPERATE_INCOME_YOY":4.2832321799,"GROSS_PROFIT":666206000,"GROSS_PROFIT_YOY":23.01655593676,"HOLDER_PROFIT":290537000,"HOLDER_PROFIT_YOY":37.6841676263,"GROSS_PROFIT_RATIO":25.458094450896,"EPS_TTM":0.220588193202,"OPERATE_INCOME_QOQ":2.058689003368,"NET_PROFIT_RATIO":11.2553417762,"ROE_AVG":4.950400492626,"GROSS_PROFIT_QOQ":10.267714459876,"ROA":2.438965115614,"HOLDER_PROFIT_QOQ":14.807531879395,"ROE_YEARLY":9.900800985251,"ROIC_YEARLY":6.103404662124,"TOTAL_ASSETS":12626487000,"TOTAL_LIABILITIES":6099564000,"TAX_EBT":11.022967915004,"OCF_SALES":13.075185536325,"TOTAL_PARENT_EQUITY":6267695000,"DEBT_ASSET_RATIO":48.3076884331,"OPERATE_PROFIT":384690000,"PRETAX_PROFIT":331027000,"NETCASH_OPERATE":342161000,"NETCASH_INVEST":-308863000,"NETCASH_FINANCE":1191261000,"END_CASH":2059363000,"DIVI_RATIO":0.272202030074,"DIVIDEND_RATE":3.240196078431,"CURRENT_RATIO":1.54792561359,"COMMON_ACS":4000000000,"CURRENTDEBT_DEBT":84.093289290841,"ISSUED_COMMON_SHARES":2725000000,"HK_COMMON_SHARES":2725000000,"PER_SHARES":2000,"TOTAL_MARKET_CAP":5559000000,"HKSK_MARKET_CAP":5559000000,"PE_TTM":14.89056329428,"PB_TTM":0.71840389244,"REPORT_DATE_SQ":"2020-06-30 00:00:00","REPORT_TYPE_SQ":"2020年中报","OPERATE_INCOME_SQ":2509390000,"DPS_HKD":0.0661,"OPERATE_INCOME_QOQ_SQ":-5.534302207892,"NET_PROFIT_RATIO_SQ":8.4929006651,"HOLDER_PROFIT_SQ":211017000,"HOLDER_PROFIT_QOQ_SQ":15.57626801233,"ROE_AVG_SQ":4.171692228249,"PE_TTM_SQ":12.970097730629,"PB_TTM_SQ":0.788525915862,"ROA_SQ":2.045529825639,"START_DATE":"2021-01-01 00:00:00","FISCAL_YEAR":"12-31","CURRENCY":"HKD","IS_CNY_CODE":0,"DPS_HKD_LY":0.0888,"ORG_TYPE":"一般企业","PREMIUM_INCOME":null,"PREMIUM_INCOME_YOY":null,"NET_INTEREST_INCOME":null,"NET_INTEREST_INCOME_YOY":null,"FEE_COMMISSION_INCOME":null,"FEE_COMMISSION_INCOME_YOY":null,"ACCOUNTS_RECE_TDAYS":1.128682765014,"INVENTORY_TDAYS":1.058333288121,"CURRENT_ASSETS_TDAYS":0.359729583496,"TOTAL_ASSETS_TDAYS":0.219678111875,"PREMIUM_EXPENSE":null,"LOAN_DEPOSIT":null,"LOAN_EQUITY":null,"LOAN_ASSETS":null,"DEPOSIT_EQUITY":null,"DEPOSIT_ASSETS":null,"EQUITY_MULTIPLIER":1.934523664522,"EQUITY_RATIO":0.973174986977},{"SECUCODE":"00826.HK","SECURITY_CODE":"00826","SECURITY_NAME_ABBR":"天工国际","ORG_CODE":"10098244","STD_REPORT_DATE":"2020-12-31 00:00:00","REPORT_DATE":"2020-12-31 00:00:00","DATE_TYPE_CODE":"001","REPORT_TYPE":"2020年年报","PER_NETCASH_OPERATE":0.503820423892,"PER_OI":2.011924470135,"BPS":2.007421651376,"BASIC_EPS":0.209,"DILUTED_EPS":0.209,"OPERATE_INCOME":5220944000,"OPERATE_INCOME_YOY":-2.7734175464,"GROSS_PROFIT":1213980000,"GROSS_PROFIT_YOY":19.057449598346,"HOLDER_PROFIT":537024000,"HOLDER_PROFIT_YOY":35.90520972,"GROSS_PROFIT_RATIO":23.25211685856,"EPS_TTM":0.20694566474,"OPERATE_INCOME_QOQ":2.922631945824,"NET_PROFIT_RATIO":10.3491246028,"ROE_AVG":10.222631151496,"GROSS_PROFIT_QOQ":10.469877807746,"ROA":5.01551682054,"HOLDER_PROFIT_QOQ":17.589200670031,"ROE_YEARLY":10.222631151496,"ROIC_YEARLY":5.652179770437,"TOTAL_ASSETS":11198126000,"TOTAL_LIABILITIES":5557817000,"TAX_EBT":13.105945961593,"OCF_SALES":25.041716593781,"TOTAL_PARENT_EQUITY":5470224000,"DEBT_ASSET_RATIO":49.6316705134,"OPERATE_PROFIT":747795000,"PRETAX_PROFIT":621817000,"NETCASH_OPERATE":1307414000,"NETCASH_INVEST":-1003859000,"NETCASH_FINANCE":122114000,"END_CASH":827246000,"DIVI_RATIO":0.290146469487,"DIVIDEND_RATE":3.240196078431,"CURRENT_RATIO":1.374971005011,"COMMON_ACS":4000000000,"CURRENTDEBT_DEBT":86.488364046531,"ISSUED_COMMON_SHARES":2725000000,"HK_COMMON_SHARES":2725000000,"PER_SHARES":2000,"TOTAL_MARKET_CAP":5559000000,"HKSK_MARKET_CAP":5559000000,"PE_TTM":14.89056329428,"PB_TTM":0.71840389244,"REPORT_DATE_SQ":"2019-12-31 00:00:00","REPORT_TYPE_SQ":"2019年年报","OPERATE_INCOME_SQ":5369873000,"DPS_HKD":0.0661,"OPERATE_INCOME_QOQ_SQ":-2.017913081812,"NET_PROFIT_RATIO_SQ":7.5237905999,"HOLDER_PROFIT_SQ":395146000,"HOLDER_PROFIT_QOQ_SQ":22.010609457114,"ROE_AVG_SQ":8.140751233203,"PE_TTM_SQ":12.970097730629,"PB_TTM_SQ":0.788525915862,"ROA_SQ":3.902150668189,"START_DATE":"2020-01-01 00:00:00","FISCAL_YEAR":"12-31","CURRENCY":"HKD","IS_CNY_CODE":0,"DPS_HKD_LY":0.0594,"ORG_TYPE":"一般企业","PREMIUM_INCOME":null,"PREMIUM_INCOME_YOY":null,"NET_INTEREST_INCOME":null,"NET_INTEREST_INCOME_YOY":null,"FEE_COMMISSION_INCOME":null,"FEE_COMMISSION_INCOME_YOY":null,"ACCOUNTS_RECE_TDAYS":2.011736863075,"INVENTORY_TDAYS":2.34117617845,"CURRENT_ASSETS_TDAYS":0.831111440807,"TOTAL_ASSETS_TDAYS":0.487608234475,"PREMIUM_EXPENSE":null,"LOAN_DEPOSIT":null,"LOAN_EQUITY":null,"LOAN_ASSETS":null,"DEPOSIT_EQUITY":null,"DEPOSIT_ASSETS":null,"EQUITY_MULTIPLIER":1.985374560151,"EQUITY_RATIO":1.016012689791},{"SECUCODE":"00826.HK","SECURITY_CODE":"00826","SECURITY_NAME_ABBR":"天工国际","ORG_CODE":"10098244","STD_REPORT_DATE":"2020-06-30 00:00:00","REPORT_DATE":"2020-06-30 00:00:00","DATE_TYPE_CODE":"002","REPORT_TYPE":"2020年中报","PER_NETCASH_OPERATE":0.175364434324,"PER_OI":0.976777407991,"BPS":1.864318165138,"BASIC_EPS":0.082,"DILUTED_EPS":0.082,"OPERATE_INCOME":2509390000,"OPERATE_INCOME_YOY":-10.5888850289,"GROSS_PROFIT":541558000,"GROSS_PROFIT_YOY":17.146052395342,"HOLDER_PROFIT":211017000,"HOLDER_PROFIT_YOY":41.1787138384,"GROSS_PROFIT_RATIO":21.581260784493,"EPS_TTM":0.177768046554,"OPERATE_INCOME_QOQ":-5.534302207892,"NET_PROFIT_RATIO":8.4929006651,"ROE_AVG":4.171692228249,"GROSS_PROFIT_QOQ":7.773677278384,"ROA":2.045529825639,"HOLDER_PROFIT_QOQ":15.57626801233,"ROE_YEARLY":8.343384456499,"ROIC_YEARLY":4.591934492518,"TOTAL_ASSETS":10415637000,"TOTAL_LIABILITIES":5166480000,"TAX_EBT":11.297203481185,"OCF_SALES":17.953367152973,"TOTAL_PARENT_EQUITY":5080267000,"DEBT_ASSET_RATIO":49.6031111683,"OPERATE_PROFIT":312303000,"PRETAX_PROFIT":240263000,"NETCASH_OPERATE":450520000,"NETCASH_INVEST":-146797000,"NETCASH_FINANCE":-110080000,"END_CASH":594786000,"DIVI_RATIO":0.3377691051,"DIVIDEND_RATE":3.240196078431,"CURRENT_RATIO":1.433742026619,"COMMON_ACS":4000000000,"CURRENTDEBT_DEBT":82.198847184156,"ISSUED_COMMON_SHARES":2725000000,"HK_COMMON_SHARES":2725000000,"PER_SHARES":2000,"TOTAL_MARKET_CAP":5559000000,"HKSK_MARKET_CAP":5559000000,"PE_TTM":14.89056329428,"PB_TTM":0.71840389244,"REPORT_DATE_SQ":"2019-06-30 00:00:00","REPORT_TYPE_SQ":"2019年中报","OPERATE_INCOME_SQ":2806575000,"DPS_HKD":0.0661,"OPERATE_INCOME_QOQ_SQ":9.138978314647,"NET_PROFIT_RATIO_SQ":5.4763902622,"HOLDER_PROFIT_SQ":149468000,"HOLDER_PROFIT_QOQ_SQ":25.122954778141,"ROE_AVG_SQ":3.175157180031,"PE_TTM_SQ":12.970097730629,"PB_TTM_SQ":0.788525915862,"ROA_SQ":1.480529982743,"START_DATE":"2020-01-01 00:00:00","FISCAL_YEAR":"12-31","CURRENCY":"HKD","IS_CNY_CODE":0,"DPS_HKD_LY":0.0594,"ORG_TYPE":"一般企业","PREMIUM_INCOME":null,"PREMIUM_INCOME_YOY":null,"NET_INTEREST_INCOME":null,"NET_INTEREST_INCOME_YOY":null,"FEE_COMMISSION_INCOME":null,"FEE_COMMISSION_INCOME_YOY":null,"ACCOUNTS_RECE_TDAYS":0.922934785427,"INVENTORY_TDAYS":1.14923856445,"CURRENT_ASSETS_TDAYS":0.416729322731,"TOTAL_ASSETS_TDAYS":0.243252064486,"PREMIUM_EXPENSE":null,"LOAN_DEPOSIT":null,"LOAN_EQUITY":null,"LOAN_ASSETS":null,"DEPOSIT_EQUITY":null,"DEPOSIT_ASSETS":null,"EQUITY_MULTIPLIER":1.984249470914,"EQUITY_RATIO":1.016970171056}],"count":41},"success":true,"message":"ok","code":0}