{"version":"08b0b4f6becb7543d27eb3b57b07f44b","result":{"pages":7,"data":[{"SECUCODE":"00827.HK","SECURITY_CODE":"00827","SECURITY_NAME_ABBR":"玖源集团","ORG_CODE":"10010673","STD_REPORT_DATE":"2024-06-30 00:00:00","REPORT_DATE":"2024-06-30 00:00:00","DATE_TYPE_CODE":"002","REPORT_TYPE":"2024年中报","PER_NETCASH_OPERATE":0.012857905154,"PER_OI":0.237161064561,"BPS":0.129445170167,"BASIC_EPS":-0.0215,"DILUTED_EPS":-0.0215,"OPERATE_INCOME":1429617000,"OPERATE_INCOME_YOY":1.8664365626,"GROSS_PROFIT":79267000,"GROSS_PROFIT_YOY":-35.806838243631,"HOLDER_PROFIT":-129665000,"HOLDER_PROFIT_YOY":-26.0952436522,"GROSS_PROFIT_RATIO":5.544631883924,"EPS_TTM":-0.029723578933,"OPERATE_INCOME_QOQ":0.90173113513,"NET_PROFIT_RATIO":-9.4481948662,"ROE_AVG":-15.359484672794,"GROSS_PROFIT_QOQ":-13.983371126228,"ROA":-2.111208839447,"HOLDER_PROFIT_QOQ":-17.614430783571,"ROE_YEARLY":-30.718969345589,"ROIC_YEARLY":-4.263268195457,"TOTAL_ASSETS":6017154000,"TOTAL_LIABILITIES":5238548000,"TAX_EBT":-16.596027519055,"OCF_SALES":5.421591936861,"TOTAL_PARENT_EQUITY":780301000,"DEBT_ASSET_RATIO":87.0602281411,"OPERATE_PROFIT":-5462000,"PRETAX_PROFIT":-115847000,"NETCASH_OPERATE":77508000,"NETCASH_INVEST":-8299000,"NETCASH_FINANCE":-79383000,"END_CASH":52754000,"DIVI_RATIO":null,"DIVIDEND_RATE":null,"CURRENT_RATIO":0.290571160611,"COMMON_ACS":20000000000,"CURRENTDEBT_DEBT":80.459489919726,"ISSUED_COMMON_SHARES":6028042599,"HK_COMMON_SHARES":6028042599,"PER_SHARES":4000,"TOTAL_MARKET_CAP":217009533.564,"HKSK_MARKET_CAP":217009533.564,"PE_TTM":-1.092455632398,"PB_TTM":0.253825461063,"REPORT_DATE_SQ":"2023-06-30 00:00:00","REPORT_TYPE_SQ":"2023年中报","OPERATE_INCOME_SQ":1403423000,"DPS_HKD":null,"OPERATE_INCOME_QOQ_SQ":-8.340067127872,"NET_PROFIT_RATIO_SQ":-7.3546607117,"HOLDER_PROFIT_SQ":-102831000,"HOLDER_PROFIT_QOQ_SQ":-163.357858337096,"ROE_AVG_SQ":-10.205299896241,"PE_TTM_SQ":-4.440989333341,"PB_TTM_SQ":0.645161464255,"ROA_SQ":-1.774935285312,"START_DATE":"2024-01-01 00:00:00","FISCAL_YEAR":"12-31","CURRENCY":"HKD","IS_CNY_CODE":0,"DPS_HKD_LY":null,"ORG_TYPE":"一般企业","PREMIUM_INCOME":null,"PREMIUM_INCOME_YOY":null,"NET_INTEREST_INCOME":null,"NET_INTEREST_INCOME_YOY":null,"FEE_COMMISSION_INCOME":null,"FEE_COMMISSION_INCOME_YOY":null,"ACCOUNTS_RECE_TDAYS":4.989693348318,"INVENTORY_TDAYS":5.645653555422,"CURRENT_ASSETS_TDAYS":1.080752314412,"TOTAL_ASSETS_TDAYS":0.232770604822,"PREMIUM_EXPENSE":null,"LOAN_DEPOSIT":null,"LOAN_EQUITY":null,"LOAN_ASSETS":null,"DEPOSIT_EQUITY":null,"DEPOSIT_ASSETS":null,"EQUITY_MULTIPLIER":7.728111522401,"EQUITY_RATIO":6.713496458418},{"SECUCODE":"00827.HK","SECURITY_CODE":"00827","SECURITY_NAME_ABBR":"玖源集团","ORG_CODE":"10010673","STD_REPORT_DATE":"2023-12-31 00:00:00","REPORT_DATE":"2023-12-31 00:00:00","DATE_TYPE_CODE":"001","REPORT_TYPE":"2023年年报","PER_NETCASH_OPERATE":0.037237460803,"PER_OI":0.481890589241,"BPS":0.150646247946,"BASIC_EPS":-0.0253,"DILUTED_EPS":-0.0253,"OPERATE_INCOME":2904857000,"OPERATE_INCOME_YOY":-9.3712268651,"GROSS_PROFIT":316197000,"GROSS_PROFIT_YOY":-60.140053197524,"HOLDER_PROFIT":-152341000,"HOLDER_PROFIT_YOY":-175.5798435229,"GROSS_PROFIT_RATIO":10.885114138149,"EPS_TTM":-0.025272051001,"OPERATE_INCOME_QOQ":-1.124984172411,"NET_PROFIT_RATIO":-5.3226372245,"ROE_AVG":-15.488569451809,"GROSS_PROFIT_QOQ":-21.163608257704,"ROA":-2.515569047574,"HOLDER_PROFIT_QOQ":-19.290401390694,"ROE_YEARLY":-15.488569451809,"ROIC_YEARLY":-2.577667502026,"TOTAL_ASSETS":6266330000,"TOTAL_LIABILITIES":5354515000,"TAX_EBT":-43.624828149965,"OCF_SALES":7.727368335171,"TOTAL_PARENT_EQUITY":908102000,"DEBT_ASSET_RATIO":85.4489789079,"OPERATE_PROFIT":131273000,"PRETAX_PROFIT":-107652000,"NETCASH_OPERATE":224469000,"NETCASH_INVEST":-718507000,"NETCASH_FINANCE":332569000,"END_CASH":62928000,"DIVI_RATIO":null,"DIVIDEND_RATE":null,"CURRENT_RATIO":0.331932124294,"COMMON_ACS":20000000000,"CURRENTDEBT_DEBT":79.943542972613,"ISSUED_COMMON_SHARES":6028042599,"HK_COMMON_SHARES":6028042599,"PER_SHARES":4000,"TOTAL_MARKET_CAP":271261916.955,"HKSK_MARKET_CAP":271261916.955,"PE_TTM":-1.365569540498,"PB_TTM":0.317281826329,"REPORT_DATE_SQ":"2022-12-31 00:00:00","REPORT_TYPE_SQ":"2022年年报","OPERATE_INCOME_SQ":3205226000,"DPS_HKD":null,"OPERATE_INCOME_QOQ_SQ":-5.457616289994,"NET_PROFIT_RATIO_SQ":6.2723814171,"HOLDER_PROFIT_SQ":201563000,"HOLDER_PROFIT_QOQ_SQ":-55.373242056042,"ROE_AVG_SQ":21.430219391742,"PE_TTM_SQ":-2.520561513518,"PB_TTM_SQ":0.366172722956,"ROA_SQ":4.078889189061,"START_DATE":"2023-01-01 00:00:00","FISCAL_YEAR":"12-31","CURRENCY":"HKD","IS_CNY_CODE":0,"DPS_HKD_LY":null,"ORG_TYPE":"一般企业","PREMIUM_INCOME":null,"PREMIUM_INCOME_YOY":null,"NET_INTEREST_INCOME":null,"NET_INTEREST_INCOME_YOY":null,"FEE_COMMISSION_INCOME":null,"FEE_COMMISSION_INCOME_YOY":null,"ACCOUNTS_RECE_TDAYS":13.917882844467,"INVENTORY_TDAYS":11.3181792346,"CURRENT_ASSETS_TDAYS":2.36604954939,"TOTAL_ASSETS_TDAYS":0.47967181237,"PREMIUM_EXPENSE":null,"LOAN_DEPOSIT":null,"LOAN_EQUITY":null,"LOAN_ASSETS":null,"DEPOSIT_EQUITY":null,"DEPOSIT_ASSETS":null,"EQUITY_MULTIPLIER":6.87236994346,"EQUITY_RATIO":5.896380582798},{"SECUCODE":"00827.HK","SECURITY_CODE":"00827","SECURITY_NAME_ABBR":"玖源集团","ORG_CODE":"10010673","STD_REPORT_DATE":"2023-06-30 00:00:00","REPORT_DATE":"2023-06-30 00:00:00","DATE_TYPE_CODE":"002","REPORT_TYPE":"2023年中报","PER_NETCASH_OPERATE":0.038360876885,"PER_OI":0.232815707081,"BPS":0.158626616235,"BASIC_EPS":-0.0171,"DILUTED_EPS":-0.0171,"OPERATE_INCOME":1403423000,"OPERATE_INCOME_YOY":-15.9999664819,"GROSS_PROFIT":123482000,"GROSS_PROFIT_YOY":-76.054158457314,"HOLDER_PROFIT":-102831000,"HOLDER_PROFIT_YOY":-145.4124307758,"GROSS_PROFIT_RATIO":8.798630206288,"EPS_TTM":-0.021185318103,"OPERATE_INCOME_QOQ":-8.340067127872,"NET_PROFIT_RATIO":-7.3546607117,"ROE_AVG":-10.205299896241,"GROSS_PROFIT_QOQ":-49.439661149419,"ROA":-1.774935285312,"HOLDER_PROFIT_QOQ":-163.357858337096,"ROE_YEARLY":-20.410599792482,"ROIC_YEARLY":-3.708671753553,"TOTAL_ASSETS":5741492000,"TOTAL_LIABILITIES":4784583000,"TAX_EBT":-5.517276630546,"OCF_SALES":16.476928196274,"TOTAL_PARENT_EQUITY":956208000,"DEBT_ASSET_RATIO":83.3334436415,"OPERATE_PROFIT":16648000,"PRETAX_PROFIT":-97820000,"NETCASH_OPERATE":231241000,"NETCASH_INVEST":-308985000,"NETCASH_FINANCE":123983000,"END_CASH":270297000,"DIVI_RATIO":null,"DIVIDEND_RATE":null,"CURRENT_RATIO":0.203792756932,"COMMON_ACS":20000000000,"CURRENTDEBT_DEBT":71.152094132341,"ISSUED_COMMON_SHARES":6028042599,"HK_COMMON_SHARES":6028042599,"PER_SHARES":4000,"TOTAL_MARKET_CAP":271261916.955,"HKSK_MARKET_CAP":271261916.955,"PE_TTM":-1.365569540498,"PB_TTM":0.317281826329,"REPORT_DATE_SQ":"2022-06-30 00:00:00","REPORT_TYPE_SQ":"2022年中报","OPERATE_INCOME_SQ":1670741000,"DPS_HKD":null,"OPERATE_INCOME_QOQ_SQ":10.556186559262,"NET_PROFIT_RATIO_SQ":13.5527888524,"HOLDER_PROFIT_SQ":226438000,"HOLDER_PROFIT_QOQ_SQ":19.098711880496,"ROE_AVG_SQ":24.16278115598,"PE_TTM_SQ":-2.520561513518,"PB_TTM_SQ":0.366172722956,"ROA_SQ":5.508708575454,"START_DATE":"2023-01-01 00:00:00","FISCAL_YEAR":"12-31","CURRENCY":"HKD","IS_CNY_CODE":0,"DPS_HKD_LY":null,"ORG_TYPE":"一般企业","PREMIUM_INCOME":null,"PREMIUM_INCOME_YOY":null,"NET_INTEREST_INCOME":null,"NET_INTEREST_INCOME_YOY":null,"FEE_COMMISSION_INCOME":null,"FEE_COMMISSION_INCOME_YOY":null,"ACCOUNTS_RECE_TDAYS":6.8164224811,"INVENTORY_TDAYS":6.05760193095,"CURRENT_ASSETS_TDAYS":1.623991964646,"TOTAL_ASSETS_TDAYS":0.242240667009,"PREMIUM_EXPENSE":null,"LOAN_DEPOSIT":null,"LOAN_EQUITY":null,"LOAN_ASSETS":null,"DEPOSIT_EQUITY":null,"DEPOSIT_ASSETS":null,"EQUITY_MULTIPLIER":6.000039711203,"EQUITY_RATIO":5.00370526078},{"SECUCODE":"00827.HK","SECURITY_CODE":"00827","SECURITY_NAME_ABBR":"玖源集团","ORG_CODE":"10010673","STD_REPORT_DATE":"2022-12-31 00:00:00","REPORT_DATE":"2022-12-31 00:00:00","DATE_TYPE_CODE":"001","REPORT_TYPE":"2022年年报","PER_NETCASH_OPERATE":0.118662399652,"PER_OI":0.53171920194,"BPS":0.175685387521,"BASIC_EPS":0.0344,"DILUTED_EPS":0.019,"OPERATE_INCOME":3205226000,"OPERATE_INCOME_YOY":4.522454112,"GROSS_PROFIT":793270000,"GROSS_PROFIT_YOY":-2.448052515012,"HOLDER_PROFIT":201563000,"HOLDER_PROFIT_YOY":-46.8501061347,"GROSS_PROFIT_RATIO":24.749268850309,"EPS_TTM":0.033437554014,"OPERATE_INCOME_QOQ":-5.457616289994,"NET_PROFIT_RATIO":6.2723814171,"ROE_AVG":21.430219391742,"GROSS_PROFIT_QOQ":-23.585169201722,"ROA":4.078889189061,"HOLDER_PROFIT_QOQ":-55.373242056042,"ROE_YEARLY":21.430219391742,"ROIC_YEARLY":4.361273652109,"TOTAL_ASSETS":5845522000,"TOTAL_LIABILITIES":4785396000,"TAX_EBT":43.499033229911,"OCF_SALES":22.316741471584,"TOTAL_PARENT_EQUITY":1059039000,"DEBT_ASSET_RATIO":81.8643057027,"OPERATE_PROFIT":600727000,"PRETAX_PROFIT":355824000,"NETCASH_OPERATE":715302000,"NETCASH_INVEST":-1157801000,"NETCASH_FINANCE":272774000,"END_CASH":224058000,"DIVI_RATIO":null,"DIVIDEND_RATE":null,"CURRENT_RATIO":0.30854064816,"COMMON_ACS":20000000000,"CURRENTDEBT_DEBT":70.070543796167,"ISSUED_COMMON_SHARES":6028042599,"HK_COMMON_SHARES":6028042599,"PER_SHARES":4000,"TOTAL_MARKET_CAP":271261916.955,"HKSK_MARKET_CAP":271261916.955,"PE_TTM":-1.365569540498,"PB_TTM":0.317281826329,"REPORT_DATE_SQ":"2021-12-31 00:00:00","REPORT_TYPE_SQ":"2021年年报","OPERATE_INCOME_SQ":3066543000,"DPS_HKD":null,"OPERATE_INCOME_QOQ_SQ":24.482146916507,"NET_PROFIT_RATIO_SQ":12.3663030324,"HOLDER_PROFIT_SQ":379235000,"HOLDER_PROFIT_QOQ_SQ":2340.53671407427,"ROE_AVG_SQ":90.395850565041,"PE_TTM_SQ":-2.520561513518,"PB_TTM_SQ":0.366172722956,"ROA_SQ":11.016339249857,"START_DATE":"2022-01-01 00:00:00","FISCAL_YEAR":"12-31","CURRENCY":"HKD","IS_CNY_CODE":0,"DPS_HKD_LY":null,"ORG_TYPE":"一般企业","PREMIUM_INCOME":null,"PREMIUM_INCOME_YOY":null,"NET_INTEREST_INCOME":null,"NET_INTEREST_INCOME_YOY":null,"FEE_COMMISSION_INCOME":null,"FEE_COMMISSION_INCOME_YOY":null,"ACCOUNTS_RECE_TDAYS":9.048023125173,"INVENTORY_TDAYS":13.651125870544,"CURRENT_ASSETS_TDAYS":3.065523942875,"TOTAL_ASSETS_TDAYS":0.648619125529,"PREMIUM_EXPENSE":null,"LOAN_DEPOSIT":null,"LOAN_EQUITY":null,"LOAN_ASSETS":null,"DEPOSIT_EQUITY":null,"DEPOSIT_ASSETS":null,"EQUITY_MULTIPLIER":5.513987959914,"EQUITY_RATIO":4.518621127267},{"SECUCODE":"00827.HK","SECURITY_CODE":"00827","SECURITY_NAME_ABBR":"玖源集团","ORG_CODE":"10010673","STD_REPORT_DATE":"2022-06-30 00:00:00","REPORT_DATE":"2022-06-30 00:00:00","DATE_TYPE_CODE":"002","REPORT_TYPE":"2022年中报","PER_NETCASH_OPERATE":0.099383339101,"PER_OI":0.291677474656,"BPS":0.17455085672,"BASIC_EPS":0.0396,"DILUTED_EPS":0.0179,"OPERATE_INCOME":1670741000,"OPERATE_INCOME_YOY":24.0313697309,"GROSS_PROFIT":515672000,"GROSS_PROFIT_YOY":77.365953656028,"HOLDER_PROFIT":226438000,"HOLDER_PROFIT_YOY":47.0290697297,"GROSS_PROFIT_RATIO":30.864867744312,"EPS_TTM":0.078851368892,"OPERATE_INCOME_QOQ":10.556186559262,"NET_PROFIT_RATIO":13.5527888524,"ROE_AVG":24.16278115598,"GROSS_PROFIT_QOQ":27.66101353088,"ROA":5.508708575454,"HOLDER_PROFIT_QOQ":19.098711880496,"ROE_YEARLY":48.32556231196,"ROIC_YEARLY":12.522184229092,"TOTAL_ASSETS":4183384000,"TOTAL_LIABILITIES":3129673000,"TAX_EBT":27.809039811004,"OCF_SALES":34.073025082882,"TOTAL_PARENT_EQUITY":1052200000,"DEBT_ASSET_RATIO":74.8119943089,"OPERATE_PROFIT":391332000,"PRETAX_PROFIT":313657000,"NETCASH_OPERATE":569272000,"NETCASH_INVEST":-359274000,"NETCASH_FINANCE":-51631000,"END_CASH":571626000,"DIVI_RATIO":null,"DIVIDEND_RATE":null,"CURRENT_RATIO":0.491634311453,"COMMON_ACS":20000000000,"CURRENTDEBT_DEBT":63.219320357111,"ISSUED_COMMON_SHARES":6028042599,"HK_COMMON_SHARES":6028042599,"PER_SHARES":4000,"TOTAL_MARKET_CAP":271261916.955,"HKSK_MARKET_CAP":271261916.955,"PE_TTM":-1.365569540498,"PB_TTM":0.317281826329,"REPORT_DATE_SQ":"2021-06-30 00:00:00","REPORT_TYPE_SQ":"2021年中报","OPERATE_INCOME_SQ":1347031000,"DPS_HKD":null,"OPERATE_INCOME_QOQ_SQ":16.688053287026,"NET_PROFIT_RATIO_SQ":11.4324763127,"HOLDER_PROFIT_SQ":154009000,"HOLDER_PROFIT_QOQ_SQ":106.426943613796,"ROE_AVG_SQ":163.861151748903,"PE_TTM_SQ":-2.520561513518,"PB_TTM_SQ":0.366172722956,"ROA_SQ":5.30315943086,"START_DATE":"2022-01-01 00:00:00","FISCAL_YEAR":"12-31","CURRENCY":"HKD","IS_CNY_CODE":0,"DPS_HKD_LY":null,"ORG_TYPE":"一般企业","PREMIUM_INCOME":null,"PREMIUM_INCOME_YOY":null,"NET_INTEREST_INCOME":null,"NET_INTEREST_INCOME_YOY":null,"FEE_COMMISSION_INCOME":null,"FEE_COMMISSION_INCOME_YOY":null,"ACCOUNTS_RECE_TDAYS":4.127518337076,"INVENTORY_TDAYS":9.8580609371,"CURRENT_ASSETS_TDAYS":1.646628594181,"TOTAL_ASSETS_TDAYS":0.406452330177,"PREMIUM_EXPENSE":null,"LOAN_DEPOSIT":null,"LOAN_EQUITY":null,"LOAN_ASSETS":null,"DEPOSIT_EQUITY":null,"DEPOSIT_ASSETS":null,"EQUITY_MULTIPLIER":3.970143616227,"EQUITY_RATIO":2.974408857632},{"SECUCODE":"00827.HK","SECURITY_CODE":"00827","SECURITY_NAME_ABBR":"玖源集团","ORG_CODE":"10010673","STD_REPORT_DATE":"2021-12-31 00:00:00","REPORT_DATE":"2021-12-31 00:00:00","DATE_TYPE_CODE":"001","REPORT_TYPE":"2021年年报","PER_NETCASH_OPERATE":0.076528259489,"PER_OI":0.539120962374,"BPS":0.136374450993,"BASIC_EPS":0.0683,"DILUTED_EPS":0.049,"OPERATE_INCOME":3066543000,"OPERATE_INCOME_YOY":45.2557939268,"GROSS_PROFIT":813177000,"GROSS_PROFIT_YOY":2276.80706164324,"HOLDER_PROFIT":379235000,"HOLDER_PROFIT_YOY":256.8519184875,"GROSS_PROFIT_RATIO":26.517710659854,"EPS_TTM":0.066672320644,"OPERATE_INCOME_QOQ":24.482146916507,"NET_PROFIT_RATIO":12.3663030324,"ROE_AVG":90.395850565041,"GROSS_PROFIT_QOQ":152.488472823809,"ROA":11.016339249857,"HOLDER_PROFIT_QOQ":2340.53671407427,"ROE_YEARLY":90.395850565041,"ROIC_YEARLY":11.751743773654,"TOTAL_ASSETS":4037708000,"TOTAL_LIABILITIES":3214120000,"TAX_EBT":17.628633986133,"OCF_SALES":14.195007211704,"TOTAL_PARENT_EQUITY":822071000,"DEBT_ASSET_RATIO":79.6025864178,"OPERATE_PROFIT":617502000,"PRETAX_PROFIT":460376000,"NETCASH_OPERATE":435296000,"NETCASH_INVEST":-650263000,"NETCASH_FINANCE":593857000,"END_CASH":393259000,"DIVI_RATIO":null,"DIVIDEND_RATE":null,"CURRENT_RATIO":0.447608048946,"COMMON_ACS":20000000000,"CURRENTDEBT_DEBT":73.44025736438,"ISSUED_COMMON_SHARES":6028042599,"HK_COMMON_SHARES":6028042599,"PER_SHARES":4000,"TOTAL_MARKET_CAP":271261916.955,"HKSK_MARKET_CAP":271261916.955,"PE_TTM":-1.365569540498,"PB_TTM":0.317281826329,"REPORT_DATE_SQ":"2020-12-31 00:00:00","REPORT_TYPE_SQ":"2020年年报","OPERATE_INCOME_SQ":2111133000,"DPS_HKD":null,"OPERATE_INCOME_QOQ_SQ":5.260919446814,"NET_PROFIT_RATIO_SQ":-11.453660191,"HOLDER_PROFIT_SQ":-241779000,"HOLDER_PROFIT_QOQ_SQ":52.275405487029,"ROE_AVG_SQ":-194.351422393351,"PE_TTM_SQ":-2.520561513518,"PB_TTM_SQ":0.366172722956,"ROA_SQ":-8.294292513099,"START_DATE":"2021-01-01 00:00:00","FISCAL_YEAR":"12-31","CURRENCY":"HKD","IS_CNY_CODE":0,"DPS_HKD_LY":null,"ORG_TYPE":"一般企业","PREMIUM_INCOME":null,"PREMIUM_INCOME_YOY":null,"NET_INTEREST_INCOME":null,"NET_INTEREST_INCOME_YOY":null,"FEE_COMMISSION_INCOME":null,"FEE_COMMISSION_INCOME_YOY":null,"ACCOUNTS_RECE_TDAYS":8.86518544644,"INVENTORY_TDAYS":24.425672599562,"CURRENT_ASSETS_TDAYS":4.597632923178,"TOTAL_ASSETS_TDAYS":0.890795364676,"PREMIUM_EXPENSE":null,"LOAN_DEPOSIT":null,"LOAN_EQUITY":null,"LOAN_ASSETS":null,"DEPOSIT_EQUITY":null,"DEPOSIT_ASSETS":null,"EQUITY_MULTIPLIER":4.902582359131,"EQUITY_RATIO":3.909783948102},{"SECUCODE":"00827.HK","SECURITY_CODE":"00827","SECURITY_NAME_ABBR":"玖源集团","ORG_CODE":"10010673","STD_REPORT_DATE":"2021-06-30 00:00:00","REPORT_DATE":"2021-06-30 00:00:00","DATE_TYPE_CODE":"002","REPORT_TYPE":"2021年中报","PER_NETCASH_OPERATE":0.025244337576,"PER_OI":0.245448349881,"BPS":0.028366090185,"BASIC_EPS":0.0281,"DILUTED_EPS":0.0218,"OPERATE_INCOME":1347031000,"OPERATE_INCOME_YOY":35.4175630627,"GROSS_PROFIT":290739000,"GROSS_PROFIT_YOY":9970.62694838933,"HOLDER_PROFIT":154009000,"HOLDER_PROFIT_YOY":249.0760727526,"GROSS_PROFIT_RATIO":21.58369035308,"EPS_TTM":0.002831428459,"OPERATE_INCOME_QOQ":16.688053287026,"NET_PROFIT_RATIO":11.4324763127,"ROE_AVG":163.861151748903,"GROSS_PROFIT_QOQ":841.352702189226,"ROA":5.30315943086,"HOLDER_PROFIT_QOQ":106.426943613796,"ROE_YEARLY":327.722303497806,"ROIC_YEARLY":10.71986471486,"TOTAL_ASSETS":2960951000,"TOTAL_LIABILITIES":2788435000,"TAX_EBT":3.304010398026,"OCF_SALES":10.284989729264,"TOTAL_PARENT_EQUITY":170992000,"DEBT_ASSET_RATIO":94.1736286754,"OPERATE_PROFIT":223113000,"PRETAX_PROFIT":159261000,"NETCASH_OPERATE":138542000,"NETCASH_INVEST":-103497000,"NETCASH_FINANCE":-5660000,"END_CASH":43924000,"DIVI_RATIO":null,"DIVIDEND_RATE":null,"CURRENT_RATIO":0.164947627908,"COMMON_ACS":20000000000,"CURRENTDEBT_DEBT":86.865463960967,"ISSUED_COMMON_SHARES":6028042599,"HK_COMMON_SHARES":6028042599,"PER_SHARES":4000,"TOTAL_MARKET_CAP":271261916.955,"HKSK_MARKET_CAP":271261916.955,"PE_TTM":-1.365569540498,"PB_TTM":0.317281826329,"REPORT_DATE_SQ":"2020-06-30 00:00:00","REPORT_TYPE_SQ":"2020年中报","OPERATE_INCOME_SQ":994724000,"DPS_HKD":null,"OPERATE_INCOME_QOQ_SQ":2.094349841892,"NET_PROFIT_RATIO_SQ":-10.3870018216,"HOLDER_PROFIT_SQ":-103309000,"HOLDER_PROFIT_QOQ_SQ":30.749326101339,"ROE_AVG_SQ":-57.242831417094,"PE_TTM_SQ":-2.520561513518,"PB_TTM_SQ":0.366172722956,"ROA_SQ":-3.510006384054,"START_DATE":"2021-01-01 00:00:00","FISCAL_YEAR":"12-31","CURRENCY":"HKD","IS_CNY_CODE":0,"DPS_HKD_LY":null,"ORG_TYPE":"一般企业","PREMIUM_INCOME":null,"PREMIUM_INCOME_YOY":null,"NET_INTEREST_INCOME":null,"NET_INTEREST_INCOME_YOY":null,"FEE_COMMISSION_INCOME":null,"FEE_COMMISSION_INCOME_YOY":null,"ACCOUNTS_RECE_TDAYS":7.037136103021,"INVENTORY_TDAYS":11.323278126172,"CURRENT_ASSETS_TDAYS":3.979764824061,"TOTAL_ASSETS_TDAYS":0.463837837484,"PREMIUM_EXPENSE":null,"LOAN_DEPOSIT":null,"LOAN_EQUITY":null,"LOAN_ASSETS":null,"DEPOSIT_EQUITY":null,"DEPOSIT_ASSETS":null,"EQUITY_MULTIPLIER":17.163341371289,"EQUITY_RATIO":16.307400346215},{"SECUCODE":"00827.HK","SECURITY_CODE":"00827","SECURITY_NAME_ABBR":"玖源集团","ORG_CODE":"10010673","STD_REPORT_DATE":"2020-12-31 00:00:00","REPORT_DATE":"2020-12-31 00:00:00","DATE_TYPE_CODE":"001","REPORT_TYPE":"2020年年报","PER_NETCASH_OPERATE":0.001198059214,"PER_OI":0.38467868314,"BPS":0.002817332446,"BASIC_EPS":-0.0441,"DILUTED_EPS":-0.0441,"OPERATE_INCOME":2111133000,"OPERATE_INCOME_YOY":7.4654513468,"GROSS_PROFIT":34213000,"GROSS_PROFIT_YOY":434.661665885295,"HOLDER_PROFIT":-241779000,"HOLDER_PROFIT_YOY":66.9503966844,"GROSS_PROFIT_RATIO":1.620598986421,"EPS_TTM":-0.044055598264,"OPERATE_INCOME_QOQ":5.260919446814,"NET_PROFIT_RATIO":-11.453660191,"ROE_AVG":-194.351422393351,"GROSS_PROFIT_QOQ":785.082098518222,"ROA":-8.294292513099,"HOLDER_PROFIT_QOQ":52.275405487029,"ROE_YEARLY":-194.351422393351,"ROIC_YEARLY":-8.333946599167,"TOTAL_ASSETS":2847247000,"TOTAL_LIABILITIES":2828730000,"TAX_EBT":-8.70485841062,"OCF_SALES":0.311444139237,"TOTAL_PARENT_EQUITY":16983000,"DEBT_ASSET_RATIO":99.3496524889,"OPERATE_PROFIT":-71213000,"PRETAX_PROFIT":-222439000,"NETCASH_OPERATE":6575000,"NETCASH_INVEST":-57795000,"NETCASH_FINANCE":55616000,"END_CASH":14539000,"DIVI_RATIO":null,"DIVIDEND_RATE":null,"CURRENT_RATIO":0.112693415946,"COMMON_ACS":20000000000,"CURRENTDEBT_DEBT":87.021348803173,"ISSUED_COMMON_SHARES":6028042599,"HK_COMMON_SHARES":6028042599,"PER_SHARES":4000,"TOTAL_MARKET_CAP":271261916.955,"HKSK_MARKET_CAP":271261916.955,"PE_TTM":-1.365569540498,"PB_TTM":0.317281826329,"REPORT_DATE_SQ":"2019-12-31 00:00:00","REPORT_TYPE_SQ":"2019年年报","OPERATE_INCOME_SQ":1964476000,"DPS_HKD":null,"OPERATE_INCOME_QOQ_SQ":-4.727780981309,"NET_PROFIT_RATIO_SQ":-37.2522749069,"HOLDER_PROFIT_SQ":-731564000,"HOLDER_PROFIT_QOQ_SQ":-41.925871317574,"ROE_AVG_SQ":-179.474478950086,"PE_TTM_SQ":-2.520561513518,"PB_TTM_SQ":0.366172722956,"ROA_SQ":-23.351639012371,"START_DATE":"2020-01-01 00:00:00","FISCAL_YEAR":"12-31","CURRENCY":"HKD","IS_CNY_CODE":0,"DPS_HKD_LY":null,"ORG_TYPE":"一般企业","PREMIUM_INCOME":null,"PREMIUM_INCOME_YOY":null,"NET_INTEREST_INCOME":null,"NET_INTEREST_INCOME_YOY":null,"FEE_COMMISSION_INCOME":null,"FEE_COMMISSION_INCOME_YOY":null,"ACCOUNTS_RECE_TDAYS":15.939033827732,"INVENTORY_TDAYS":27.780794799428,"CURRENT_ASSETS_TDAYS":8.465170084666,"TOTAL_ASSETS_TDAYS":0.724229756764,"PREMIUM_EXPENSE":null,"LOAN_DEPOSIT":null,"LOAN_EQUITY":null,"LOAN_ASSETS":null,"DEPOSIT_EQUITY":null,"DEPOSIT_ASSETS":null,"EQUITY_MULTIPLIER":153.763946648858,"EQUITY_RATIO":166.562444797739},{"SECUCODE":"00827.HK","SECURITY_CODE":"00827","SECURITY_NAME_ABBR":"玖源集团","ORG_CODE":"10010673","STD_REPORT_DATE":"2020-06-30 00:00:00","REPORT_DATE":"2020-06-30 00:00:00","DATE_TYPE_CODE":"002","REPORT_TYPE":"2020年中报","PER_NETCASH_OPERATE":0.005280206827,"PER_OI":0.181252966255,"BPS":0.021421049682,"BASIC_EPS":-0.0188,"DILUTED_EPS":-0.0187,"OPERATE_INCOME":994724000,"OPERATE_INCOME_YOY":4.3145784155,"GROSS_PROFIT":2887000,"GROSS_PROFIT_YOY":-79.782913165266,"HOLDER_PROFIT":-103309000,"HOLDER_PROFIT_YOY":68.5283007372,"GROSS_PROFIT_RATIO":0.290231260128,"EPS_TTM":-0.092312147885,"OPERATE_INCOME_QOQ":2.094349841892,"NET_PROFIT_RATIO":-10.3870018216,"ROE_AVG":-57.242831417094,"GROSS_PROFIT_QOQ":-178.04344428817,"ROA":-3.510006384054,"HOLDER_PROFIT_QOQ":30.749326101339,"ROE_YEARLY":-114.485662834188,"ROIC_YEARLY":-7.043496105961,"TOTAL_ASSETS":2903780000,"TOTAL_LIABILITIES":2773109000,"TAX_EBT":10.550693019592,"OCF_SALES":2.91316988431,"TOTAL_PARENT_EQUITY":129127000,"DEBT_ASSET_RATIO":95.4999690059,"OPERATE_PROFIT":-50388000,"PRETAX_PROFIT":-115509000,"NETCASH_OPERATE":28978000,"NETCASH_INVEST":-38034000,"NETCASH_FINANCE":5361000,"END_CASH":6415000,"DIVI_RATIO":null,"DIVIDEND_RATE":null,"CURRENT_RATIO":0.107747748691,"COMMON_ACS":20000000000,"CURRENTDEBT_DEBT":68.895777266599,"ISSUED_COMMON_SHARES":6028042599,"HK_COMMON_SHARES":6028042599,"PER_SHARES":4000,"TOTAL_MARKET_CAP":271261916.955,"HKSK_MARKET_CAP":271261916.955,"PE_TTM":-1.365569540498,"PB_TTM":0.317281826329,"REPORT_DATE_SQ":"2019-06-30 00:00:00","REPORT_TYPE_SQ":"2019年中报","OPERATE_INCOME_SQ":953581000,"DPS_HKD":null,"OPERATE_INCOME_QOQ_SQ":-33.507243236201,"NET_PROFIT_RATIO_SQ":-34.4350401277,"HOLDER_PROFIT_SQ":-328260000,"HOLDER_PROFIT_QOQ_SQ":-48.030349588896,"ROE_AVG_SQ":-57.533151756701,"PE_TTM_SQ":-2.520561513518,"PB_TTM_SQ":0.366172722956,"ROA_SQ":-9.87166623387,"START_DATE":"2020-01-01 00:00:00","FISCAL_YEAR":"12-31","CURRENCY":"HKD","IS_CNY_CODE":0,"DPS_HKD_LY":null,"ORG_TYPE":"一般企业","PREMIUM_INCOME":null,"PREMIUM_INCOME_YOY":null,"NET_INTEREST_INCOME":null,"NET_INTEREST_INCOME_YOY":null,"FEE_COMMISSION_INCOME":null,"FEE_COMMISSION_INCOME_YOY":null,"ACCOUNTS_RECE_TDAYS":9.966724947272,"INVENTORY_TDAYS":13.087856115488,"CURRENT_ASSETS_TDAYS":4.656587857211,"TOTAL_ASSETS_TDAYS":0.337965481262,"PREMIUM_EXPENSE":null,"LOAN_DEPOSIT":null,"LOAN_EQUITY":null,"LOAN_ASSETS":null,"DEPOSIT_EQUITY":null,"DEPOSIT_ASSETS":null,"EQUITY_MULTIPLIER":22.222069165992,"EQUITY_RATIO":21.475826124668}],"count":56},"success":true,"message":"ok","code":0}