{"version":"f51dccab1b14361a2a76136f9df0eab0","result":{"pages":4,"data":[{"SECUCODE":"00829.HK","SECURITY_CODE":"00829","SECURITY_NAME_ABBR":"神冠控股","ORG_CODE":"10146518","STD_REPORT_DATE":"2024-06-30 00:00:00","REPORT_DATE":"2024-06-30 00:00:00","DATE_TYPE_CODE":"002","REPORT_TYPE":"2024年中报","PER_NETCASH_OPERATE":-0.046273618781,"PER_OI":0.140027797727,"BPS":0.705083145539,"BASIC_EPS":0.0025,"DILUTED_EPS":0.0025,"OPERATE_INCOME":452357000,"OPERATE_INCOME_YOY":-11.1816864518,"GROSS_PROFIT":79023000,"GROSS_PROFIT_YOY":72.543068625953,"HOLDER_PROFIT":8231000,"HOLDER_PROFIT_YOY":580.2479338843,"GROSS_PROFIT_RATIO":17.469167051687,"EPS_TTM":0.011844369877,"OPERATE_INCOME_QOQ":-5.128636938362,"NET_PROFIT_RATIO":1.9849366761,"ROE_AVG":0.353231254894,"GROSS_PROFIT_QOQ":19.445615020836,"ROA":0.276513238941,"HOLDER_PROFIT_QOQ":22.472953075987,"ROE_YEARLY":0.706462509787,"ROIC_YEARLY":0.753738013084,"TOTAL_ASSETS":2996126000,"TOTAL_LIABILITIES":724051000,"TAX_EBT":51.991659092124,"OCF_SALES":-33.046023384186,"TOTAL_PARENT_EQUITY":2277757000,"DEBT_ASSET_RATIO":24.1662400046,"OPERATE_PROFIT":22703000,"PRETAX_PROFIT":18703000,"NETCASH_OPERATE":-149486000,"NETCASH_INVEST":23846000,"NETCASH_FINANCE":54293000,"END_CASH":392298000,"DIVI_RATIO":1.530212260199,"DIVIDEND_RATE":6.451612903226,"CURRENT_RATIO":2.4061678527,"COMMON_ACS":20000000000,"CURRENTDEBT_DEBT":96.147647058011,"ISSUED_COMMON_SHARES":3230480000,"HK_COMMON_SHARES":3230480000,"PER_SHARES":2000,"TOTAL_MARKET_CAP":1001448800,"HKSK_MARKET_CAP":1001448800,"PE_TTM":23.741605468317,"PB_TTM":0.401272958785,"REPORT_DATE_SQ":"2023-06-30 00:00:00","REPORT_TYPE_SQ":"2023年中报","OPERATE_INCOME_SQ":509306000,"DPS_HKD":0.02,"OPERATE_INCOME_QOQ_SQ":7.606900126434,"NET_PROFIT_RATIO_SQ":0.0274883862,"HOLDER_PROFIT_SQ":1210000,"HOLDER_PROFIT_QOQ_SQ":-52.302143008699,"ROE_AVG_SQ":0.04960613345,"PE_TTM_SQ":76.228434761181,"PB_TTM_SQ":0.354236168926,"ROA_SQ":0.038651818193,"START_DATE":"2024-01-01 00:00:00","FISCAL_YEAR":"12-31","CURRENCY":"HKD","IS_CNY_CODE":0,"DPS_HKD_LY":0.02,"ORG_TYPE":"一般企业","PREMIUM_INCOME":null,"PREMIUM_INCOME_YOY":null,"NET_INTEREST_INCOME":null,"NET_INTEREST_INCOME_YOY":null,"FEE_COMMISSION_INCOME":null,"FEE_COMMISSION_INCOME_YOY":null,"ACCOUNTS_RECE_TDAYS":2.747969504602,"INVENTORY_TDAYS":0.621755462348,"CURRENT_ASSETS_TDAYS":0.273711681109,"TOTAL_ASSETS_TDAYS":0.151965373864,"PREMIUM_EXPENSE":null,"LOAN_DEPOSIT":null,"LOAN_EQUITY":null,"LOAN_ASSETS":null,"DEPOSIT_EQUITY":null,"DEPOSIT_ASSETS":null,"EQUITY_MULTIPLIER":1.318673899409,"EQUITY_RATIO":0.317878948457},{"SECUCODE":"00829.HK","SECURITY_CODE":"00829","SECURITY_NAME_ABBR":"神冠控股","ORG_CODE":"10146518","STD_REPORT_DATE":"2023-12-31 00:00:00","REPORT_DATE":"2023-12-31 00:00:00","DATE_TYPE_CODE":"001","REPORT_TYPE":"2023年年报","PER_NETCASH_OPERATE":0.054619437359,"PER_OI":0.343729724375,"BPS":0.737551695104,"BASIC_EPS":0.01,"DILUTED_EPS":0.01,"OPERATE_INCOME":1110412000,"OPERATE_INCOME_YOY":7.5819038807,"GROSS_PROFIT":170856000,"GROSS_PROFIT_YOY":6.475555417069,"HOLDER_PROFIT":31242000,"HOLDER_PROFIT_YOY":32.5779758116,"GROSS_PROFIT_RATIO":15.386721325058,"EPS_TTM":0.009671008643,"OPERATE_INCOME_QOQ":-0.023229222001,"NET_PROFIT_RATIO":2.6605440143,"ROE_AVG":1.273411552372,"GROSS_PROFIT_QOQ":37.431326968091,"ROA":0.989969908299,"HOLDER_PROFIT_QOQ":177.953736654804,"ROE_YEARLY":1.273411552372,"ROIC_YEARLY":1.374812097572,"TOTAL_ASSETS":2957296000,"TOTAL_LIABILITIES":581080000,"TAX_EBT":56.504519890463,"OCF_SALES":15.89022813154,"TOTAL_PARENT_EQUITY":2382646000,"DEBT_ASSET_RATIO":19.6490307362,"OPERATE_PROFIT":79351000,"PRETAX_PROFIT":67922000,"NETCASH_OPERATE":176447000,"NETCASH_INVEST":298108000,"NETCASH_FINANCE":-455192000,"END_CASH":463507000,"DIVI_RATIO":1.874096143397,"DIVIDEND_RATE":6.896551724138,"CURRENT_RATIO":2.943080169767,"COMMON_ACS":20000000000,"CURRENTDEBT_DEBT":95.328870379294,"ISSUED_COMMON_SHARES":3230480000,"HK_COMMON_SHARES":3230480000,"PER_SHARES":2000,"TOTAL_MARKET_CAP":936839200,"HKSK_MARKET_CAP":936839200,"PE_TTM":22.20988898649,"PB_TTM":0.375384380799,"REPORT_DATE_SQ":"2022-12-31 00:00:00","REPORT_TYPE_SQ":"2022年年报","OPERATE_INCOME_SQ":1032155000,"DPS_HKD":0.02,"OPERATE_INCOME_QOQ_SQ":-5.556765402367,"NET_PROFIT_RATIO_SQ":2.0801139364,"HOLDER_PROFIT_SQ":23565000,"HOLDER_PROFIT_QOQ_SQ":-68.557780831788,"ROE_AVG_SQ":0.909424731451,"PE_TTM_SQ":77.589656810488,"PB_TTM_SQ":0.3605618148,"ROA_SQ":0.706969689106,"START_DATE":"2023-01-01 00:00:00","FISCAL_YEAR":"12-31","CURRENCY":"HKD","IS_CNY_CODE":0,"DPS_HKD_LY":0.04,"ORG_TYPE":"一般企业","PREMIUM_INCOME":null,"PREMIUM_INCOME_YOY":null,"NET_INTEREST_INCOME":null,"NET_INTEREST_INCOME_YOY":null,"FEE_COMMISSION_INCOME":null,"FEE_COMMISSION_INCOME_YOY":null,"ACCOUNTS_RECE_TDAYS":5.69968175752,"INVENTORY_TDAYS":1.87768120692,"CURRENT_ASSETS_TDAYS":0.616891614304,"TOTAL_ASSETS_TDAYS":0.351857904684,"PREMIUM_EXPENSE":null,"LOAN_DEPOSIT":null,"LOAN_EQUITY":null,"LOAN_ASSETS":null,"DEPOSIT_EQUITY":null,"DEPOSIT_ASSETS":null,"EQUITY_MULTIPLIER":1.244540058648,"EQUITY_RATIO":0.243880123191},{"SECUCODE":"00829.HK","SECURITY_CODE":"00829","SECURITY_NAME_ABBR":"神冠控股","ORG_CODE":"10146518","STD_REPORT_DATE":"2023-06-30 00:00:00","REPORT_DATE":"2023-06-30 00:00:00","DATE_TYPE_CODE":"002","REPORT_TYPE":"2023年中报","PER_NETCASH_OPERATE":0.00771154751,"PER_OI":0.157656447339,"BPS":0.728763527402,"BASIC_EPS":0.0004,"DILUTED_EPS":0.0004,"OPERATE_INCOME":509306000,"OPERATE_INCOME_YOY":18.225775376,"GROSS_PROFIT":45799000,"GROSS_PROFIT_YOY":-44.108709712849,"HOLDER_PROFIT":1210000,"HOLDER_PROFIT_YOY":-91.0602142593,"GROSS_PROFIT_RATIO":8.992432839982,"EPS_TTM":0.003479359105,"OPERATE_INCOME_QOQ":7.606900126434,"NET_PROFIT_RATIO":0.0274883862,"ROE_AVG":0.04960613345,"GROSS_PROFIT_QOQ":-22.524538061259,"ROA":0.038651818193,"HOLDER_PROFIT_QOQ":-52.302143008699,"ROE_YEARLY":0.0992122669,"ROIC_YEARLY":0.108316927273,"TOTAL_ASSETS":2906614000,"TOTAL_LIABILITIES":558159000,"TAX_EBT":99.27412246591,"OCF_SALES":4.891361970996,"TOTAL_PARENT_EQUITY":2354256000,"DEBT_ASSET_RATIO":19.2030658354,"OPERATE_PROFIT":26140000,"PRETAX_PROFIT":19287000,"NETCASH_OPERATE":24912000,"NETCASH_INVEST":343602000,"NETCASH_FINANCE":-403812000,"END_CASH":409238000,"DIVI_RATIO":5.209120259075,"DIVIDEND_RATE":6.896551724138,"CURRENT_RATIO":2.964537200254,"COMMON_ACS":20000000000,"CURRENTDEBT_DEBT":95.640668698346,"ISSUED_COMMON_SHARES":3230480000,"HK_COMMON_SHARES":3230480000,"PER_SHARES":2000,"TOTAL_MARKET_CAP":936839200,"HKSK_MARKET_CAP":936839200,"PE_TTM":22.20988898649,"PB_TTM":0.375384380799,"REPORT_DATE_SQ":"2022-06-30 00:00:00","REPORT_TYPE_SQ":"2022年中报","OPERATE_INCOME_SQ":430791000,"DPS_HKD":0.02,"OPERATE_INCOME_QOQ_SQ":-6.439094631534,"NET_PROFIT_RATIO_SQ":2.828285642,"HOLDER_PROFIT_SQ":13535000,"HOLDER_PROFIT_QOQ_SQ":-38.894596093011,"ROE_AVG_SQ":0.523898844752,"PE_TTM_SQ":77.589656810488,"PB_TTM_SQ":0.3605618148,"ROA_SQ":0.40584074851,"START_DATE":"2023-01-01 00:00:00","FISCAL_YEAR":"12-31","CURRENCY":"HKD","IS_CNY_CODE":0,"DPS_HKD_LY":0.04,"ORG_TYPE":"一般企业","PREMIUM_INCOME":null,"PREMIUM_INCOME_YOY":null,"NET_INTEREST_INCOME":null,"NET_INTEREST_INCOME_YOY":null,"FEE_COMMISSION_INCOME":null,"FEE_COMMISSION_INCOME_YOY":null,"ACCOUNTS_RECE_TDAYS":2.679753968546,"INVENTORY_TDAYS":0.933110946927,"CURRENT_ASSETS_TDAYS":0.286747823659,"TOTAL_ASSETS_TDAYS":0.162690933194,"PREMIUM_EXPENSE":null,"LOAN_DEPOSIT":null,"LOAN_EQUITY":null,"LOAN_ASSETS":null,"DEPOSIT_EQUITY":null,"DEPOSIT_ASSETS":null,"EQUITY_MULTIPLIER":1.237670723945,"EQUITY_RATIO":0.237085091851},{"SECUCODE":"00829.HK","SECURITY_CODE":"00829","SECURITY_NAME_ABBR":"神冠控股","ORG_CODE":"10146518","STD_REPORT_DATE":"2022-12-31 00:00:00","REPORT_DATE":"2022-12-31 00:00:00","DATE_TYPE_CODE":"001","REPORT_TYPE":"2022年年报","PER_NETCASH_OPERATE":0.032826081573,"PER_OI":0.319505150937,"BPS":0.781361593324,"BASIC_EPS":0.007,"DILUTED_EPS":0.007,"OPERATE_INCOME":1032155000,"OPERATE_INCOME_YOY":-11.6380546512,"GROSS_PROFIT":160465000,"GROSS_PROFIT_YOY":-48.318952884303,"HOLDER_PROFIT":23565000,"HOLDER_PROFIT_YOY":-80.7871049799,"GROSS_PROFIT_RATIO":15.546599105755,"EPS_TTM":0.00729458161,"OPERATE_INCOME_QOQ":-5.556765402367,"NET_PROFIT_RATIO":2.0801139364,"ROE_AVG":0.909424731451,"GROSS_PROFIT_QOQ":-36.061314834221,"ROA":0.706969689106,"HOLDER_PROFIT_QOQ":-68.557780831788,"ROE_YEARLY":0.909424731451,"ROIC_YEARLY":0.998305232301,"TOTAL_ASSETS":3354411000,"TOTAL_LIABILITIES":834969000,"TAX_EBT":39.829605963791,"OCF_SALES":10.274038298511,"TOTAL_PARENT_EQUITY":2524173000,"DEBT_ASSET_RATIO":24.8916724874,"OPERATE_PROFIT":45708000,"PRETAX_PROFIT":35682000,"NETCASH_OPERATE":106044000,"NETCASH_INVEST":44801000,"NETCASH_FINANCE":-71036000,"END_CASH":443950000,"DIVI_RATIO":2.484638731678,"DIVIDEND_RATE":6.896551724138,"CURRENT_RATIO":2.444679705011,"COMMON_ACS":20000000000,"CURRENTDEBT_DEBT":96.497714286399,"ISSUED_COMMON_SHARES":3230480000,"HK_COMMON_SHARES":3230480000,"PER_SHARES":2000,"TOTAL_MARKET_CAP":936839200,"HKSK_MARKET_CAP":936839200,"PE_TTM":22.20988898649,"PB_TTM":0.375384380799,"REPORT_DATE_SQ":"2021-12-31 00:00:00","REPORT_TYPE_SQ":"2021年年报","OPERATE_INCOME_SQ":1168099000,"DPS_HKD":0.02,"OPERATE_INCOME_QOQ_SQ":5.849981242218,"NET_PROFIT_RATIO_SQ":10.2744715987,"HOLDER_PROFIT_SQ":122652000,"HOLDER_PROFIT_QOQ_SQ":-1.758151978021,"ROE_AVG_SQ":4.587743798231,"PE_TTM_SQ":77.589656810488,"PB_TTM_SQ":0.3605618148,"ROA_SQ":3.807726158637,"START_DATE":"2022-01-01 00:00:00","FISCAL_YEAR":"12-31","CURRENCY":"HKD","IS_CNY_CODE":0,"DPS_HKD_LY":0.04,"ORG_TYPE":"一般企业","PREMIUM_INCOME":null,"PREMIUM_INCOME_YOY":null,"NET_INTEREST_INCOME":null,"NET_INTEREST_INCOME_YOY":null,"FEE_COMMISSION_INCOME":null,"FEE_COMMISSION_INCOME_YOY":null,"ACCOUNTS_RECE_TDAYS":5.196330894143,"INVENTORY_TDAYS":1.897948963595,"CURRENT_ASSETS_TDAYS":0.558123752927,"TOTAL_ASSETS_TDAYS":0.309655123895,"PREMIUM_EXPENSE":null,"LOAN_DEPOSIT":null,"LOAN_EQUITY":null,"LOAN_ASSETS":null,"DEPOSIT_EQUITY":null,"DEPOSIT_ASSETS":null,"EQUITY_MULTIPLIER":1.331410288469,"EQUITY_RATIO":0.330789133708},{"SECUCODE":"00829.HK","SECURITY_CODE":"00829","SECURITY_NAME_ABBR":"神冠控股","ORG_CODE":"10146518","STD_REPORT_DATE":"2022-06-30 00:00:00","REPORT_DATE":"2022-06-30 00:00:00","DATE_TYPE_CODE":"002","REPORT_TYPE":"2022年中报","PER_NETCASH_OPERATE":-0.004237760333,"PER_OI":0.133352009608,"BPS":0.776604095986,"BASIC_EPS":0.0042,"DILUTED_EPS":0.0042,"OPERATE_INCOME":430791000,"OPERATE_INCOME_YOY":-14.8644482476,"GROSS_PROFIT":81943000,"GROSS_PROFIT_YOY":-42.07624392968,"HOLDER_PROFIT":13535000,"HOLDER_PROFIT_YOY":-77.8984323971,"GROSS_PROFIT_RATIO":19.021520876713,"EPS_TTM":0.023199957901,"OPERATE_INCOME_QOQ":-6.439094631534,"NET_PROFIT_RATIO":2.828285642,"ROE_AVG":0.523898844752,"GROSS_PROFIT_QOQ":-19.170926049386,"ROA":0.40584074851,"HOLDER_PROFIT_QOQ":-38.894596093011,"ROE_YEARLY":1.047797689504,"ROIC_YEARLY":1.125268066954,"TOTAL_ASSETS":3358034000,"TOTAL_LIABILITIES":853217000,"TAX_EBT":44.255844809443,"OCF_SALES":-3.177875118097,"TOTAL_PARENT_EQUITY":2508804000,"DEBT_ASSET_RATIO":25.4082299345,"OPERATE_PROFIT":25689000,"PRETAX_PROFIT":21857000,"NETCASH_OPERATE":-13690000,"NETCASH_INVEST":90119000,"NETCASH_FINANCE":27847000,"END_CASH":466532000,"DIVI_RATIO":0.781225555553,"DIVIDEND_RATE":6.896551724138,"CURRENT_RATIO":2.201178035017,"COMMON_ACS":20000000000,"CURRENTDEBT_DEBT":96.247261833742,"ISSUED_COMMON_SHARES":3230480000,"HK_COMMON_SHARES":3230480000,"PER_SHARES":2000,"TOTAL_MARKET_CAP":936839200,"HKSK_MARKET_CAP":936839200,"PE_TTM":22.20988898649,"PB_TTM":0.375384380799,"REPORT_DATE_SQ":"2021-06-30 00:00:00","REPORT_TYPE_SQ":"2021年中报","OPERATE_INCOME_SQ":506006000,"DPS_HKD":0.02,"OPERATE_INCOME_QOQ_SQ":14.758278452158,"NET_PROFIT_RATIO_SQ":11.9575657206,"HOLDER_PROFIT_SQ":61240000,"HOLDER_PROFIT_QOQ_SQ":37.566388258369,"ROE_AVG_SQ":2.323038537442,"PE_TTM_SQ":77.589656810488,"PB_TTM_SQ":0.3605618148,"ROA_SQ":1.929848251343,"START_DATE":"2022-01-01 00:00:00","FISCAL_YEAR":"12-31","CURRENCY":"HKD","IS_CNY_CODE":0,"DPS_HKD_LY":0.04,"ORG_TYPE":"一般企业","PREMIUM_INCOME":null,"PREMIUM_INCOME_YOY":null,"NET_INTEREST_INCOME":null,"NET_INTEREST_INCOME_YOY":null,"FEE_COMMISSION_INCOME":null,"FEE_COMMISSION_INCOME_YOY":null,"ACCOUNTS_RECE_TDAYS":2.357617814944,"INVENTORY_TDAYS":0.742067953266,"CURRENT_ASSETS_TDAYS":0.243624171891,"TOTAL_ASSETS_TDAYS":0.129170699587,"PREMIUM_EXPENSE":null,"LOAN_DEPOSIT":null,"LOAN_EQUITY":null,"LOAN_ASSETS":null,"DEPOSIT_EQUITY":null,"DEPOSIT_ASSETS":null,"EQUITY_MULTIPLIER":1.340630473204,"EQUITY_RATIO":0.340089142077},{"SECUCODE":"00829.HK","SECURITY_CODE":"00829","SECURITY_NAME_ABBR":"神冠控股","ORG_CODE":"10146518","STD_REPORT_DATE":"2021-12-31 00:00:00","REPORT_DATE":"2021-12-31 00:00:00","DATE_TYPE_CODE":"001","REPORT_TYPE":"2021年年报","PER_NETCASH_OPERATE":0.055628884872,"PER_OI":0.361586823011,"BPS":0.822857284366,"BASIC_EPS":0.038,"DILUTED_EPS":0.038,"OPERATE_INCOME":1168099000,"OPERATE_INCOME_YOY":21.4716162155,"GROSS_PROFIT":310491000,"GROSS_PROFIT_YOY":29.887553023268,"HOLDER_PROFIT":122652000,"HOLDER_PROFIT_YOY":35.1477620821,"GROSS_PROFIT_RATIO":26.580880558925,"EPS_TTM":0.037967113246,"OPERATE_INCOME_QOQ":5.849981242218,"NET_PROFIT_RATIO":10.2744715987,"ROE_AVG":4.587743798231,"GROSS_PROFIT_QOQ":9.258184044676,"ROA":3.807726158637,"HOLDER_PROFIT_QOQ":-1.758151978021,"ROE_YEARLY":4.587743798231,"ROIC_YEARLY":5.187530505058,"TOTAL_ASSETS":3312070000,"TOTAL_LIABILITIES":656482000,"TAX_EBT":26.366034726057,"OCF_SALES":15.384654896546,"TOTAL_PARENT_EQUITY":2658224000,"DEBT_ASSET_RATIO":19.8208975052,"OPERATE_PROFIT":169757000,"PRETAX_PROFIT":162990000,"NETCASH_OPERATE":179708000,"NETCASH_INVEST":-212220000,"NETCASH_FINANCE":104162000,"END_CASH":362397000,"DIVI_RATIO":0.477371031145,"DIVIDEND_RATE":6.896551724138,"CURRENT_RATIO":2.797506880834,"COMMON_ACS":20000000000,"CURRENTDEBT_DEBT":94.141347363675,"ISSUED_COMMON_SHARES":3230480000,"HK_COMMON_SHARES":3230480000,"PER_SHARES":2000,"TOTAL_MARKET_CAP":936839200,"HKSK_MARKET_CAP":936839200,"PE_TTM":22.20988898649,"PB_TTM":0.375384380799,"REPORT_DATE_SQ":"2020-12-31 00:00:00","REPORT_TYPE_SQ":"2020年年报","OPERATE_INCOME_SQ":961623000,"DPS_HKD":0.02,"OPERATE_INCOME_QOQ_SQ":-1.35409197362,"NET_PROFIT_RATIO_SQ":9.0231826818,"HOLDER_PROFIT_SQ":90754000,"HOLDER_PROFIT_QOQ_SQ":27.468854024748,"ROE_AVG_SQ":3.323616228054,"PE_TTM_SQ":77.589656810488,"PB_TTM_SQ":0.3605618148,"ROA_SQ":2.921092772071,"START_DATE":"2021-01-01 00:00:00","FISCAL_YEAR":"12-31","CURRENCY":"HKD","IS_CNY_CODE":0,"DPS_HKD_LY":0.04,"ORG_TYPE":"一般企业","PREMIUM_INCOME":null,"PREMIUM_INCOME_YOY":null,"NET_INTEREST_INCOME":null,"NET_INTEREST_INCOME_YOY":null,"FEE_COMMISSION_INCOME":null,"FEE_COMMISSION_INCOME_YOY":null,"ACCOUNTS_RECE_TDAYS":6.514083839415,"INVENTORY_TDAYS":1.945763703995,"CURRENT_ASSETS_TDAYS":0.722311472896,"TOTAL_ASSETS_TDAYS":0.362635841093,"PREMIUM_EXPENSE":null,"LOAN_DEPOSIT":null,"LOAN_EQUITY":null,"LOAN_ASSETS":null,"DEPOSIT_EQUITY":null,"DEPOSIT_ASSETS":null,"EQUITY_MULTIPLIER":1.2472077747,"EQUITY_RATIO":0.246962633698},{"SECUCODE":"00829.HK","SECURITY_CODE":"00829","SECURITY_NAME_ABBR":"神冠控股","ORG_CODE":"10146518","STD_REPORT_DATE":"2021-06-30 00:00:00","REPORT_DATE":"2021-06-30 00:00:00","DATE_TYPE_CODE":"002","REPORT_TYPE":"2021年中报","PER_NETCASH_OPERATE":-0.048164669028,"PER_OI":0.156634927317,"BPS":0.799784242589,"BASIC_EPS":0.019,"DILUTED_EPS":0.019,"OPERATE_INCOME":506006000,"OPERATE_INCOME_YOY":38.9794197541,"GROSS_PROFIT":141467000,"GROSS_PROFIT_YOY":46.853589669061,"HOLDER_PROFIT":61240000,"HOLDER_PROFIT_YOY":125.5866209894,"GROSS_PROFIT_RATIO":27.957573625609,"EPS_TTM":0.038646578837,"OPERATE_INCOME_QOQ":14.758278452158,"NET_PROFIT_RATIO":11.9575657206,"ROE_AVG":2.323038537442,"GROSS_PROFIT_QOQ":18.881303180141,"ROA":1.929848251343,"HOLDER_PROFIT_QOQ":37.566388258369,"ROE_YEARLY":4.646077074883,"ROIC_YEARLY":4.866816204972,"TOTAL_ASSETS":3216413000,"TOTAL_LIABILITIES":633460000,"TAX_EBT":20.772554668063,"OCF_SALES":-30.749635379818,"TOTAL_PARENT_EQUITY":2583687000,"DEBT_ASSET_RATIO":19.6946101138,"OPERATE_PROFIT":78435000,"PRETAX_PROFIT":76370000,"NETCASH_OPERATE":-155570000,"NETCASH_INVEST":-75061000,"NETCASH_FINANCE":123207000,"END_CASH":183792000,"DIVI_RATIO":0.468978122918,"DIVIDEND_RATE":6.896551724138,"CURRENT_RATIO":2.515973774076,"COMMON_ACS":20000000000,"CURRENTDEBT_DEBT":94.166798219304,"ISSUED_COMMON_SHARES":3230480000,"HK_COMMON_SHARES":3230480000,"PER_SHARES":2000,"TOTAL_MARKET_CAP":936839200,"HKSK_MARKET_CAP":936839200,"PE_TTM":22.20988898649,"PB_TTM":0.375384380799,"REPORT_DATE_SQ":"2020-06-30 00:00:00","REPORT_TYPE_SQ":"2020年中报","OPERATE_INCOME_SQ":364087000,"DPS_HKD":0.02,"OPERATE_INCOME_QOQ_SQ":-2.273383458647,"NET_PROFIT_RATIO_SQ":6.2691060104,"HOLDER_PROFIT_SQ":27147000,"HOLDER_PROFIT_QOQ_SQ":-5.629340968135,"ROE_AVG_SQ":1.007226862945,"PE_TTM_SQ":77.589656810488,"PB_TTM_SQ":0.3605618148,"ROA_SQ":0.879582821064,"START_DATE":"2021-01-01 00:00:00","FISCAL_YEAR":"12-31","CURRENCY":"HKD","IS_CNY_CODE":0,"DPS_HKD_LY":0.04,"ORG_TYPE":"一般企业","PREMIUM_INCOME":null,"PREMIUM_INCOME_YOY":null,"NET_INTEREST_INCOME":null,"NET_INTEREST_INCOME_YOY":null,"FEE_COMMISSION_INCOME":null,"FEE_COMMISSION_INCOME_YOY":null,"ACCOUNTS_RECE_TDAYS":2.436076615145,"INVENTORY_TDAYS":0.767546671636,"CURRENT_ASSETS_TDAYS":0.336639479692,"TOTAL_ASSETS_TDAYS":0.159457020619,"PREMIUM_EXPENSE":null,"LOAN_DEPOSIT":null,"LOAN_EQUITY":null,"LOAN_ASSETS":null,"DEPOSIT_EQUITY":null,"DEPOSIT_ASSETS":null,"EQUITY_MULTIPLIER":1.245246429184,"EQUITY_RATIO":0.245176757092},{"SECUCODE":"00829.HK","SECURITY_CODE":"00829","SECURITY_NAME_ABBR":"神冠控股","ORG_CODE":"10146518","STD_REPORT_DATE":"2020-12-31 00:00:00","REPORT_DATE":"2020-12-31 00:00:00","DATE_TYPE_CODE":"001","REPORT_TYPE":"2020年年报","PER_NETCASH_OPERATE":0.137175899557,"PER_OI":0.297671863005,"BPS":0.832296748471,"BASIC_EPS":0.028,"DILUTED_EPS":0.028,"OPERATE_INCOME":961623000,"OPERATE_INCOME_YOY":-3.5966917293,"GROSS_PROFIT":239046000,"GROSS_PROFIT_YOY":2.95364101504,"HOLDER_PROFIT":90754000,"HOLDER_PROFIT_YOY":20.2931976035,"GROSS_PROFIT_RATIO":24.858598432026,"EPS_TTM":0.028093038805,"OPERATE_INCOME_QOQ":-1.35409197362,"NET_PROFIT_RATIO":9.0231826818,"ROE_AVG":3.323616228054,"GROSS_PROFIT_QOQ":5.741686056284,"ROA":2.921092772071,"HOLDER_PROFIT_QOQ":27.468854024748,"ROE_YEARLY":3.323616228054,"ROIC_YEARLY":3.709264516941,"TOTAL_ASSETS":3130200000,"TOTAL_LIABILITIES":441482000,"TAX_EBT":19.982847341338,"OCF_SALES":46.082924389288,"TOTAL_PARENT_EQUITY":2688718000,"DEBT_ASSET_RATIO":14.1039550188,"OPERATE_PROFIT":113288000,"PRETAX_PROFIT":108438000,"NETCASH_OPERATE":443144000,"NETCASH_INVEST":-406530000,"NETCASH_FINANCE":-116790000,"END_CASH":291470000,"DIVI_RATIO":0.645156265421,"DIVIDEND_RATE":6.896551724138,"CURRENT_RATIO":3.733333002676,"COMMON_ACS":20000000000,"CURRENTDEBT_DEBT":91.33713265773,"ISSUED_COMMON_SHARES":3230480000,"HK_COMMON_SHARES":3230480000,"PER_SHARES":2000,"TOTAL_MARKET_CAP":936839200,"HKSK_MARKET_CAP":936839200,"PE_TTM":22.20988898649,"PB_TTM":0.375384380799,"REPORT_DATE_SQ":"2019-12-31 00:00:00","REPORT_TYPE_SQ":"2019年年报","OPERATE_INCOME_SQ":997500000,"DPS_HKD":0.02,"OPERATE_INCOME_QOQ_SQ":9.665276290532,"NET_PROFIT_RATIO_SQ":6.6759899749,"HOLDER_PROFIT_SQ":75444000,"HOLDER_PROFIT_QOQ_SQ":1.396411531483,"ROE_AVG_SQ":2.706986086528,"PE_TTM_SQ":77.589656810488,"PB_TTM_SQ":0.3605618148,"ROA_SQ":2.433219032286,"START_DATE":"2020-01-01 00:00:00","FISCAL_YEAR":"12-31","CURRENCY":"HKD","IS_CNY_CODE":0,"DPS_HKD_LY":0.04,"ORG_TYPE":"一般企业","PREMIUM_INCOME":null,"PREMIUM_INCOME_YOY":null,"NET_INTEREST_INCOME":null,"NET_INTEREST_INCOME_YOY":null,"FEE_COMMISSION_INCOME":null,"FEE_COMMISSION_INCOME_YOY":null,"ACCOUNTS_RECE_TDAYS":4.337291197305,"INVENTORY_TDAYS":1.551186934065,"CURRENT_ASSETS_TDAYS":0.64621488483,"TOTAL_ASSETS_TDAYS":0.309516935315,"PREMIUM_EXPENSE":null,"LOAN_DEPOSIT":null,"LOAN_EQUITY":null,"LOAN_ASSETS":null,"DEPOSIT_EQUITY":null,"DEPOSIT_ASSETS":null,"EQUITY_MULTIPLIER":1.164197956051,"EQUITY_RATIO":0.164197956052},{"SECUCODE":"00829.HK","SECURITY_CODE":"00829","SECURITY_NAME_ABBR":"神冠控股","ORG_CODE":"10146518","STD_REPORT_DATE":"2020-06-30 00:00:00","REPORT_DATE":"2020-06-30 00:00:00","DATE_TYPE_CODE":"002","REPORT_TYPE":"2020年中报","PER_NETCASH_OPERATE":0.033835529085,"PER_OI":0.112703684901,"BPS":0.810406503058,"BASIC_EPS":0.0084,"DILUTED_EPS":0.0084,"OPERATE_INCOME":364087000,"OPERATE_INCOME_YOY":-5.8632654539,"GROSS_PROFIT":96332000,"GROSS_PROFIT_YOY":-5.975364553849,"HOLDER_PROFIT":27147000,"HOLDER_PROFIT_YOY":-13.5280626871,"GROSS_PROFIT_RATIO":26.458511289884,"EPS_TTM":0.022039139694,"OPERATE_INCOME_QOQ":-2.273383458647,"NET_PROFIT_RATIO":6.2691060104,"ROE_AVG":1.007226862945,"GROSS_PROFIT_QOQ":-2.636656502489,"ROA":0.879582821064,"HOLDER_PROFIT_QOQ":-5.629340968135,"ROE_YEARLY":2.01445372589,"ROIC_YEARLY":2.24744170028,"TOTAL_ASSETS":3089197000,"TOTAL_LIABILITIES":471532000,"TAX_EBT":29.782194056482,"OCF_SALES":30.021670644654,"TOTAL_PARENT_EQUITY":2618002000,"DEBT_ASSET_RATIO":15.2639019137,"OPERATE_PROFIT":35901000,"PRETAX_PROFIT":32506000,"NETCASH_OPERATE":109305000,"NETCASH_INVEST":-158894000,"NETCASH_FINANCE":-8757000,"END_CASH":315281000,"DIVI_RATIO":0.822373298201,"DIVIDEND_RATE":6.896551724138,"CURRENT_RATIO":3.754353388683,"COMMON_ACS":20000000000,"CURRENTDEBT_DEBT":89.428289066278,"ISSUED_COMMON_SHARES":3230480000,"HK_COMMON_SHARES":3230480000,"PER_SHARES":2000,"TOTAL_MARKET_CAP":936839200,"HKSK_MARKET_CAP":936839200,"PE_TTM":22.20988898649,"PB_TTM":0.375384380799,"REPORT_DATE_SQ":"2019-06-30 00:00:00","REPORT_TYPE_SQ":"2019年中报","OPERATE_INCOME_SQ":386764000,"DPS_HKD":0.02,"OPERATE_INCOME_QOQ_SQ":1.175729909145,"NET_PROFIT_RATIO_SQ":6.9512674396,"HOLDER_PROFIT_SQ":31394000,"HOLDER_PROFIT_QOQ_SQ":-7.293886043933,"ROE_AVG_SQ":1.134787970973,"PE_TTM_SQ":77.589656810488,"PB_TTM_SQ":0.3605618148,"ROA_SQ":1.024277905121,"START_DATE":"2020-01-01 00:00:00","FISCAL_YEAR":"12-31","CURRENCY":"HKD","IS_CNY_CODE":0,"DPS_HKD_LY":0.04,"ORG_TYPE":"一般企业","PREMIUM_INCOME":null,"PREMIUM_INCOME_YOY":null,"NET_INTEREST_INCOME":null,"NET_INTEREST_INCOME_YOY":null,"FEE_COMMISSION_INCOME":null,"FEE_COMMISSION_INCOME_YOY":null,"ACCOUNTS_RECE_TDAYS":1.646543537052,"INVENTORY_TDAYS":0.528508321753,"CURRENT_ASSETS_TDAYS":0.238440682406,"TOTAL_ASSETS_TDAYS":0.117966873162,"PREMIUM_EXPENSE":null,"LOAN_DEPOSIT":null,"LOAN_EQUITY":null,"LOAN_ASSETS":null,"DEPOSIT_EQUITY":null,"DEPOSIT_ASSETS":null,"EQUITY_MULTIPLIER":1.180134585595,"EQUITY_RATIO":0.180111397929}],"count":35},"success":true,"message":"ok","code":0}