{"version":"829e2aa63de6a400ad7a66c5d005b5d8","result":{"pages":6,"data":[{"SECUCODE":"00828.HK","SECURITY_CODE":"00828","SECURITY_NAME_ABBR":"王朝酒业","ORG_CODE":"10009120","STD_REPORT_DATE":"2024-06-30 00:00:00","REPORT_DATE":"2024-06-30 00:00:00","DATE_TYPE_CODE":"002","REPORT_TYPE":"2024年中报","PER_NETCASH_OPERATE":-0.009331537258,"PER_OI":0.087708025923,"BPS":0.195219647584,"BASIC_EPS":0.01186484,"DILUTED_EPS":0.01186484,"OPERATE_INCOME":123528499.96,"OPERATE_INCOME_YOY":5.6012421197,"GROSS_PROFIT":44508665.56,"GROSS_PROFIT_YOY":2.251732439798,"HOLDER_PROFIT":16893706.8,"HOLDER_PROFIT_YOY":72.7968633308,"GROSS_PROFIT_RATIO":36.031090456383,"EPS_TTM":0.018712204814,"OPERATE_INCOME_QOQ":2.250700412081,"NET_PROFIT_RATIO":13.2828950771,"ROE_AVG":6.313376786829,"GROSS_PROFIT_QOQ":1.192923474068,"ROA":3.336259244106,"HOLDER_PROFIT_QOQ":36.290454651233,"ROE_YEARLY":12.626753573658,"ROIC_YEARLY":9.315211196371,"TOTAL_ASSETS":484393957.84,"TOTAL_LIABILITIES":196646945.48,"TAX_EBT":null,"OCF_SALES":-10.639319674614,"TOTAL_PARENT_EQUITY":274948500.72,"DEBT_ASSET_RATIO":40.5964901703,"OPERATE_PROFIT":15555717.92,"PRETAX_PROFIT":16408161.04,"NETCASH_OPERATE":-13142592,"NETCASH_INVEST":-26586368.4,"NETCASH_FINANCE":-512013.48,"END_CASH":108199126.68,"DIVI_RATIO":null,"DIVIDEND_RATE":null,"CURRENT_RATIO":1.901419730954,"COMMON_ACS":3000000000,"CURRENTDEBT_DEBT":99.674186975833,"ISSUED_COMMON_SHARES":1408405886,"HK_COMMON_SHARES":1408405886,"PER_SHARES":2000,"TOTAL_MARKET_CAP":478858001.24,"HKSK_MARKET_CAP":478858001.24,"PE_TTM":16.435269125481,"PB_TTM":1.589549022552,"REPORT_DATE_SQ":"2023-06-30 00:00:00","REPORT_TYPE_SQ":"2023年中报","OPERATE_INCOME_SQ":118168332.64,"DPS_HKD":null,"OPERATE_INCOME_QOQ_SQ":14.701838616301,"NET_PROFIT_RATIO_SQ":8.0410086761,"HOLDER_PROFIT_SQ":9876249.76,"HOLDER_PROFIT_QOQ_SQ":4.962421874013,"ROE_AVG_SQ":4.640121980802,"PE_TTM_SQ":25.853378559628,"PB_TTM_SQ":1.822054852022,"ROA_SQ":2.140597616807,"START_DATE":"2024-01-01 00:00:00","FISCAL_YEAR":"12-31","CURRENCY":"HKD","IS_CNY_CODE":0,"DPS_HKD_LY":null,"ORG_TYPE":"一般企业","PREMIUM_INCOME":null,"PREMIUM_INCOME_YOY":null,"NET_INTEREST_INCOME":null,"NET_INTEREST_INCOME_YOY":null,"FEE_COMMISSION_INCOME":null,"FEE_COMMISSION_INCOME_YOY":null,"ACCOUNTS_RECE_TDAYS":2.194323975973,"INVENTORY_TDAYS":0.395533911391,"CURRENT_ASSETS_TDAYS":0.305875493372,"TOTAL_ASSETS_TDAYS":0.243950664458,"PREMIUM_EXPENSE":null,"LOAN_DEPOSIT":null,"LOAN_EQUITY":null,"LOAN_ASSETS":null,"DEPOSIT_EQUITY":null,"DEPOSIT_ASSETS":null,"EQUITY_MULTIPLIER":1.683402214561,"EQUITY_RATIO":0.715213739901},{"SECUCODE":"00828.HK","SECURITY_CODE":"00828","SECURITY_NAME_ABBR":"王朝酒业","ORG_CODE":"10009120","STD_REPORT_DATE":"2023-12-31 00:00:00","REPORT_DATE":"2023-12-31 00:00:00","DATE_TYPE_CODE":"001","REPORT_TYPE":"2023年年报","PER_NETCASH_OPERATE":-0.007131208666,"PER_OI":0.169095801564,"BPS":0.183456664708,"BASIC_EPS":0.014680764,"DILUTED_EPS":0.014680764,"OPERATE_INCOME":238155522.22,"OPERATE_INCOME_YOY":8.8820573162,"GROSS_PROFIT":82163342.52,"GROSS_PROFIT_YOY":-0.403439108695,"HOLDER_PROFIT":19336922.36,"HOLDER_PROFIT_YOY":30.6434825201,"GROSS_PROFIT_RATIO":34.499868721961,"EPS_TTM":0.013729651766,"OPERATE_INCOME_QOQ":-3.697661596619,"NET_PROFIT_RATIO":7.8416748795,"ROE_AVG":8.287583577861,"GROSS_PROFIT_QOQ":-9.990971461524,"ROA":3.86389975373,"HOLDER_PROFIT_QOQ":26.27134306648,"ROE_YEARLY":8.287583577861,"ROIC_YEARLY":5.72091950818,"TOTAL_ASSETS":524599883.36,"TOTAL_LIABILITIES":252808193.4,"TAX_EBT":0.188889427035,"OCF_SALES":-4.217259447262,"TOTAL_PARENT_EQUITY":258381446.4,"DEBT_ASSET_RATIO":48.1906690068,"OPERATE_PROFIT":17431141.7,"PRETAX_PROFIT":18710724.34,"NETCASH_OPERATE":-10043636.26,"NETCASH_INVEST":-9827955.9,"NETCASH_FINANCE":26999918.68,"END_CASH":150658168.78,"DIVI_RATIO":null,"DIVIDEND_RATE":null,"CURRENT_RATIO":1.715850142017,"COMMON_ACS":3000000000,"CURRENTDEBT_DEBT":99.574506219307,"ISSUED_COMMON_SHARES":1408405886,"HK_COMMON_SHARES":1408405886,"PER_SHARES":2000,"TOTAL_MARKET_CAP":542236266.11,"HKSK_MARKET_CAP":542236266.11,"PE_TTM":18.610525333265,"PB_TTM":1.799930510831,"REPORT_DATE_SQ":"2022-12-31 00:00:00","REPORT_TYPE_SQ":"2022年年报","OPERATE_INCOME_SQ":215602327.01,"DPS_HKD":null,"OPERATE_INCOME_QOQ_SQ":15.204583345472,"NET_PROFIT_RATIO_SQ":6.4189623099,"HOLDER_PROFIT_SQ":14589778.91,"HOLDER_PROFIT_QOQ_SQ":-26.185401117174,"ROE_AVG_SQ":6.96185535811,"PE_TTM_SQ":21.544482133023,"PB_TTM_SQ":1.518379043352,"ROA_SQ":2.906411348048,"START_DATE":"2023-01-01 00:00:00","FISCAL_YEAR":"12-31","CURRENCY":"HKD","IS_CNY_CODE":0,"DPS_HKD_LY":null,"ORG_TYPE":"一般企业","PREMIUM_INCOME":null,"PREMIUM_INCOME_YOY":null,"NET_INTEREST_INCOME":null,"NET_INTEREST_INCOME_YOY":null,"FEE_COMMISSION_INCOME":null,"FEE_COMMISSION_INCOME_YOY":null,"ACCOUNTS_RECE_TDAYS":6.753552797266,"INVENTORY_TDAYS":0.726131845649,"CURRENT_ASSETS_TDAYS":0.573233083363,"TOTAL_ASSETS_TDAYS":0.475881862958,"PREMIUM_EXPENSE":null,"LOAN_DEPOSIT":null,"LOAN_EQUITY":null,"LOAN_ASSETS":null,"DEPOSIT_EQUITY":null,"DEPOSIT_ASSETS":null,"EQUITY_MULTIPLIER":1.93015424216,"EQUITY_RATIO":0.97843013468},{"SECUCODE":"00828.HK","SECURITY_CODE":"00828","SECURITY_NAME_ABBR":"王朝酒业","ORG_CODE":"10009120","STD_REPORT_DATE":"2023-06-30 00:00:00","REPORT_DATE":"2023-06-30 00:00:00","DATE_TYPE_CODE":"002","REPORT_TYPE":"2023年中报","PER_NETCASH_OPERATE":-0.030924222625,"PER_OI":0.094670992341,"BPS":0.151803333304,"BASIC_EPS":0.00829782,"DILUTED_EPS":0.00829782,"OPERATE_INCOME":118168332.64,"OPERATE_INCOME_YOY":26.7571924481,"GROSS_PROFIT":43528519.76,"GROSS_PROFIT_YOY":25.293517342002,"HOLDER_PROFIT":9876249.76,"HOLDER_PROFIT_YOY":0.0934404784,"GROSS_PROFIT_RATIO":36.836027713626,"EPS_TTM":0.012268695153,"OPERATE_INCOME_QOQ":14.701838616301,"NET_PROFIT_RATIO":8.0410086761,"ROE_AVG":4.640121980802,"GROSS_PROFIT_QOQ":10.651745173242,"ROA":2.140597616807,"HOLDER_PROFIT_QOQ":4.962421874013,"ROE_YEARLY":9.280243961604,"ROIC_YEARLY":6.161536127556,"TOTAL_ASSETS":438170995,"TOTAL_LIABILITIES":210673351.98,"TAX_EBT":null,"OCF_SALES":-32.664939766556,"TOTAL_PARENT_EQUITY":213800708.14,"DEBT_ASSET_RATIO":48.0801683325,"OPERATE_PROFIT":8446258.78,"PRETAX_PROFIT":9501925.88,"NETCASH_OPERATE":-38599614.68,"NETCASH_INVEST":1891902.96,"NETCASH_FINANCE":-839923.78,"END_CASH":104294377.6,"DIVI_RATIO":null,"DIVIDEND_RATE":null,"CURRENT_RATIO":1.722309064089,"COMMON_ACS":3000000000,"CURRENTDEBT_DEBT":99.389061754653,"ISSUED_COMMON_SHARES":1408405886,"HK_COMMON_SHARES":1408405886,"PER_SHARES":2000,"TOTAL_MARKET_CAP":542236266.11,"HKSK_MARKET_CAP":542236266.11,"PE_TTM":18.610525333265,"PB_TTM":1.799930510831,"REPORT_DATE_SQ":"2022-06-30 00:00:00","REPORT_TYPE_SQ":"2022年中报","OPERATE_INCOME_SQ":86470826.47,"DPS_HKD":null,"OPERATE_INCOME_QOQ_SQ":-25.184368508758,"NET_PROFIT_RATIO_SQ":11.054958314,"HOLDER_PROFIT_SQ":9152243.38,"HOLDER_PROFIT_QOQ_SQ":-26.320597207359,"ROE_AVG_SQ":4.458897274956,"PE_TTM_SQ":21.544482133023,"PB_TTM_SQ":1.518379043352,"ROA_SQ":1.895949538192,"START_DATE":"2023-01-01 00:00:00","FISCAL_YEAR":"12-31","CURRENCY":"HKD","IS_CNY_CODE":0,"DPS_HKD_LY":null,"ORG_TYPE":"一般企业","PREMIUM_INCOME":null,"PREMIUM_INCOME_YOY":null,"NET_INTEREST_INCOME":null,"NET_INTEREST_INCOME_YOY":null,"FEE_COMMISSION_INCOME":null,"FEE_COMMISSION_INCOME_YOY":null,"ACCOUNTS_RECE_TDAYS":3.918192656904,"INVENTORY_TDAYS":0.368331733328,"CURRENT_ASSETS_TDAYS":0.30831145307,"TOTAL_ASSETS_TDAYS":0.256120346668,"PREMIUM_EXPENSE":null,"LOAN_DEPOSIT":null,"LOAN_EQUITY":null,"LOAN_ASSETS":null,"DEPOSIT_EQUITY":null,"DEPOSIT_ASSETS":null,"EQUITY_MULTIPLIER":1.926046306167,"EQUITY_RATIO":0.98537256407},{"SECUCODE":"00828.HK","SECURITY_CODE":"00828","SECURITY_NAME_ABBR":"王朝酒业","ORG_CODE":"10009120","STD_REPORT_DATE":"2022-12-31 00:00:00","REPORT_DATE":"2022-12-31 00:00:00","DATE_TYPE_CODE":"001","REPORT_TYPE":"2022年年报","PER_NETCASH_OPERATE":-0.010564374091,"PER_OI":0.172730593663,"BPS":0.145760835119,"BASIC_EPS":0.011701837,"DILUTED_EPS":0.011701837,"OPERATE_INCOME":215602327.01,"OPERATE_INCOME_YOY":-21.1103121425,"GROSS_PROFIT":82496164.31,"GROSS_PROFIT_YOY":-17.247954448861,"HOLDER_PROFIT":14589778.91,"HOLDER_PROFIT_YOY":-50.2209624821,"GROSS_PROFIT_RATIO":38.263114064708,"EPS_TTM":0.011688654791,"OPERATE_INCOME_QOQ":15.204583345472,"NET_PROFIT_RATIO":6.4189623099,"ROE_AVG":6.96185535811,"GROSS_PROFIT_QOQ":5.71984354825,"ROA":2.906411348048,"HOLDER_PROFIT_QOQ":-26.185401117174,"ROE_YEARLY":6.96185535811,"ROIC_YEARLY":4.462513439042,"TOTAL_ASSETS":469495565.84,"TOTAL_LIABILITIES":250120959.62,"TAX_EBT":null,"OCF_SALES":-6.116098987832,"TOTAL_PARENT_EQUITY":205290418.13,"DEBT_ASSET_RATIO":53.2744029589,"OPERATE_PROFIT":11686651.41,"PRETAX_PROFIT":13839432.11,"NETCASH_OPERATE":-13186451.74,"NETCASH_INVEST":-2694995.59,"NETCASH_FINANCE":-1659695.66,"END_CASH":143578860.18,"DIVI_RATIO":null,"DIVIDEND_RATE":null,"CURRENT_RATIO":1.573081320566,"COMMON_ACS":3000000000,"CURRENTDEBT_DEBT":99.955000964265,"ISSUED_COMMON_SHARES":1408405886,"HK_COMMON_SHARES":1408405886,"PER_SHARES":2000,"TOTAL_MARKET_CAP":542236266.11,"HKSK_MARKET_CAP":542236266.11,"PE_TTM":18.610525333265,"PB_TTM":1.799930510831,"REPORT_DATE_SQ":"2021-12-31 00:00:00","REPORT_TYPE_SQ":"2021年年报","OPERATE_INCOME_SQ":250144720,"DPS_HKD":null,"OPERATE_INCOME_QOQ_SQ":-6.745744916033,"NET_PROFIT_RATIO_SQ":10.7648308547,"HOLDER_PROFIT_SQ":26826273.6,"HOLDER_PROFIT_QOQ_SQ":265.911008464237,"ROE_AVG_SQ":15.014105324331,"PE_TTM_SQ":21.544482133023,"PB_TTM_SQ":1.518379043352,"ROA_SQ":5.536315248194,"START_DATE":"2022-01-01 00:00:00","FISCAL_YEAR":"12-31","CURRENCY":"HKD","IS_CNY_CODE":0,"DPS_HKD_LY":null,"ORG_TYPE":"一般企业","PREMIUM_INCOME":null,"PREMIUM_INCOME_YOY":null,"NET_INTEREST_INCOME":null,"NET_INTEREST_INCOME_YOY":null,"FEE_COMMISSION_INCOME":null,"FEE_COMMISSION_INCOME_YOY":null,"ACCOUNTS_RECE_TDAYS":11.271007961895,"INVENTORY_TDAYS":0.60953012063,"CURRENT_ASSETS_TDAYS":0.510933623485,"TOTAL_ASSETS_TDAYS":0.429498660503,"PREMIUM_EXPENSE":null,"LOAN_DEPOSIT":null,"LOAN_EQUITY":null,"LOAN_ASSETS":null,"DEPOSIT_EQUITY":null,"DEPOSIT_ASSETS":null,"EQUITY_MULTIPLIER":2.140154569069,"EQUITY_RATIO":1.218376200401},{"SECUCODE":"00828.HK","SECURITY_CODE":"00828","SECURITY_NAME_ABBR":"王朝酒业","ORG_CODE":"10009120","STD_REPORT_DATE":"2022-06-30 00:00:00","REPORT_DATE":"2022-06-30 00:00:00","DATE_TYPE_CODE":"002","REPORT_TYPE":"2022年中报","PER_NETCASH_OPERATE":-0.017901986469,"PER_OI":0.06927641922,"BPS":0.146113980711,"BASIC_EPS":0.00769671,"DILUTED_EPS":0.00769671,"OPERATE_INCOME":86470826.47,"OPERATE_INCOME_YOY":-43.7110314421,"GROSS_PROFIT":34741238.56,"GROSS_PROFIT_YOY":-38.401201363683,"HOLDER_PROFIT":9152243.38,"HOLDER_PROFIT_YOY":-45.0756992558,"GROSS_PROFIT_RATIO":40.176831861383,"EPS_TTM":0.015835153165,"OPERATE_INCOME_QOQ":-25.184368508758,"NET_PROFIT_RATIO":11.054958314,"ROE_AVG":4.458897274956,"GROSS_PROFIT_QOQ":-21.725153222185,"ROA":1.895949538192,"HOLDER_PROFIT_QOQ":-26.320597207359,"ROE_YEARLY":8.917794549913,"ROIC_YEARLY":5.832168480023,"TOTAL_ASSETS":453760393.24,"TOTAL_LIABILITIES":232750220.78,"TAX_EBT":null,"OCF_SALES":-25.841385380713,"TOTAL_PARENT_EQUITY":205787790.46,"DEBT_ASSET_RATIO":51.2936396053,"OPERATE_PROFIT":8395400.23,"PRETAX_PROFIT":9559313.82,"NETCASH_OPERATE":-22345259.51,"NETCASH_INVEST":-828679.11,"NETCASH_FINANCE":-864597.09,"END_CASH":138162786.02,"DIVI_RATIO":null,"DIVIDEND_RATE":null,"CURRENT_RATIO":1.625646773482,"COMMON_ACS":3000000000,"CURRENTDEBT_DEBT":99.984568014638,"ISSUED_COMMON_SHARES":1408405886,"HK_COMMON_SHARES":1408405886,"PER_SHARES":2000,"TOTAL_MARKET_CAP":542236266.11,"HKSK_MARKET_CAP":542236266.11,"PE_TTM":18.610525333265,"PB_TTM":1.799930510831,"REPORT_DATE_SQ":"2021-06-30 00:00:00","REPORT_TYPE_SQ":"2021年中报","OPERATE_INCOME_SQ":149468194.56,"DPS_HKD":null,"OPERATE_INCOME_QOQ_SQ":33.53435817035,"NET_PROFIT_RATIO_SQ":10.7853834506,"HOLDER_PROFIT_SQ":16213078.8,"HOLDER_PROFIT_QOQ_SQ":-116.507750238652,"ROE_AVG_SQ":9.324706524184,"PE_TTM_SQ":21.544482133023,"PB_TTM_SQ":1.518379043352,"ROA_SQ":3.293360038537,"START_DATE":"2022-01-01 00:00:00","FISCAL_YEAR":"12-31","CURRENCY":"HKD","IS_CNY_CODE":0,"DPS_HKD_LY":null,"ORG_TYPE":"一般企业","PREMIUM_INCOME":null,"PREMIUM_INCOME_YOY":null,"NET_INTEREST_INCOME":null,"NET_INTEREST_INCOME_YOY":null,"FEE_COMMISSION_INCOME":null,"FEE_COMMISSION_INCOME_YOY":null,"ACCOUNTS_RECE_TDAYS":3.401500370046,"INVENTORY_TDAYS":0.259625599018,"CURRENT_ASSETS_TDAYS":0.213568855484,"TOTAL_ASSETS_TDAYS":0.179130205247,"PREMIUM_EXPENSE":null,"LOAN_DEPOSIT":null,"LOAN_EQUITY":null,"LOAN_ASSETS":null,"DEPOSIT_EQUITY":null,"DEPOSIT_ASSETS":null,"EQUITY_MULTIPLIER":2.053119945519,"EQUITY_RATIO":1.131020554036},{"SECUCODE":"00828.HK","SECURITY_CODE":"00828","SECURITY_NAME_ABBR":"王朝酒业","ORG_CODE":"10009120","STD_REPORT_DATE":"2021-12-31 00:00:00","REPORT_DATE":"2021-12-31 00:00:00","DATE_TYPE_CODE":"001","REPORT_TYPE":"2021年年报","PER_NETCASH_OPERATE":0.008243467393,"PER_OI":0.200404358276,"BPS":0.138972262148,"BASIC_EPS":0.02150288,"DILUTED_EPS":0.02150288,"OPERATE_INCOME":250144720,"OPERATE_INCOME_YOY":28.1879391469,"GROSS_PROFIT":99690785.6,"GROSS_PROFIT_YOY":97.022988669861,"HOLDER_PROFIT":26826273.6,"HOLDER_PROFIT_YOY":-71.8065270068,"GROSS_PROFIT_RATIO":39.853243994117,"EPS_TTM":0.021491967313,"OPERATE_INCOME_QOQ":-6.745744916033,"NET_PROFIT_RATIO":10.7648308547,"ROE_AVG":15.014105324331,"GROSS_PROFIT_QOQ":20.591316550778,"ROA":5.536315248194,"HOLDER_PROFIT_QOQ":265.911008464237,"ROE_YEARLY":15.014105324331,"ROIC_YEARLY":8.518642562836,"TOTAL_ASSETS":489200331.2,"TOTAL_LIABILITIES":278643803.2,"TAX_EBT":0.060688818085,"OCF_SALES":4.113417225037,"TOTAL_PARENT_EQUITY":195729352,"DEBT_ASSET_RATIO":56.959038134,"OPERATE_PROFIT":24797808,"PRETAX_PROFIT":26944008,"NETCASH_OPERATE":10289496,"NETCASH_INVEST":-3768318.4,"NETCASH_FINANCE":-1725136,"END_CASH":160368152,"DIVI_RATIO":null,"DIVIDEND_RATE":null,"CURRENT_RATIO":1.483658285546,"COMMON_ACS":3000000000,"CURRENTDEBT_DEBT":99.777880149175,"ISSUED_COMMON_SHARES":1408405886,"HK_COMMON_SHARES":1408405886,"PER_SHARES":2000,"TOTAL_MARKET_CAP":542236266.11,"HKSK_MARKET_CAP":542236266.11,"PE_TTM":18.610525333265,"PB_TTM":1.799930510831,"REPORT_DATE_SQ":"2020-12-31 00:00:00","REPORT_TYPE_SQ":"2020年年报","OPERATE_INCOME_SQ":200876743.72,"DPS_HKD":null,"OPERATE_INCOME_QOQ_SQ":-15.12020566761,"NET_PROFIT_RATIO_SQ":48.4730153809,"HOLDER_PROFIT_SQ":97948379.92,"HOLDER_PROFIT_QOQ_SQ":4.97454997785,"ROE_AVG_SQ":88.38813066296,"PE_TTM_SQ":21.544482133023,"PB_TTM_SQ":1.518379043352,"ROA_SQ":15.755915846963,"START_DATE":"2021-01-01 00:00:00","FISCAL_YEAR":"12-31","CURRENCY":"HKD","IS_CNY_CODE":0,"DPS_HKD_LY":null,"ORG_TYPE":"一般企业","PREMIUM_INCOME":null,"PREMIUM_INCOME_YOY":null,"NET_INTEREST_INCOME":null,"NET_INTEREST_INCOME_YOY":null,"FEE_COMMISSION_INCOME":null,"FEE_COMMISSION_INCOME_YOY":null,"ACCOUNTS_RECE_TDAYS":9.35583994618,"INVENTORY_TDAYS":0.724655430417,"CURRENT_ASSETS_TDAYS":0.612397879476,"TOTAL_ASSETS_TDAYS":0.516240178655,"PREMIUM_EXPENSE":null,"LOAN_DEPOSIT":null,"LOAN_EQUITY":null,"LOAN_ASSETS":null,"DEPOSIT_EQUITY":null,"DEPOSIT_ASSETS":null,"EQUITY_MULTIPLIER":2.323368151282,"EQUITY_RATIO":1.423617870047},{"SECUCODE":"00828.HK","SECURITY_CODE":"00828","SECURITY_NAME_ABBR":"王朝酒业","ORG_CODE":"10009120","STD_REPORT_DATE":"2021-06-30 00:00:00","REPORT_DATE":"2021-06-30 00:00:00","DATE_TYPE_CODE":"002","REPORT_TYPE":"2021年中报","PER_NETCASH_OPERATE":0.035193744208,"PER_OI":0.119746991315,"BPS":0.130121549236,"BASIC_EPS":0.01331328,"DILUTED_EPS":0.01331328,"OPERATE_INCOME":149468194.56,"OPERATE_INCOME_YOY":99.8442471575,"GROSS_PROFIT":56399214.48,"GROSS_PROFIT_YOY":131.8143563348,"HOLDER_PROFIT":16213078.8,"HOLDER_PROFIT_YOY":-86.3436617349,"GROSS_PROFIT_RATIO":37.733254653959,"EPS_TTM":-0.01295391277,"OPERATE_INCOME_QOQ":33.53435817035,"NET_PROFIT_RATIO":10.7853834506,"ROE_AVG":9.324706524184,"GROSS_PROFIT_QOQ":63.380742747675,"ROA":3.293360038537,"HOLDER_PROFIT_QOQ":-116.507750238652,"ROE_YEARLY":18.649413048368,"ROIC_YEARLY":10.701472310593,"TOTAL_ASSETS":496190938.08,"TOTAL_LIABILITIES":298301512.08,"TAX_EBT":0.036117847376,"OCF_SALES":29.39008639886,"TOTAL_PARENT_EQUITY":183263955.84,"DEBT_ASSET_RATIO":60.1182910019,"OPERATE_PROFIT":15111404.88,"PRETAX_PROFIT":16126542.48,"NETCASH_OPERATE":43928831.52,"NETCASH_INVEST":-726405.84,"NETCASH_FINANCE":-1155759.12,"END_CASH":197170508.88,"DIVI_RATIO":null,"DIVIDEND_RATE":null,"CURRENT_RATIO":1.421679362823,"COMMON_ACS":3000000000,"CURRENTDEBT_DEBT":99.672246381461,"ISSUED_COMMON_SHARES":1408405886,"HK_COMMON_SHARES":1408405886,"PER_SHARES":2000,"TOTAL_MARKET_CAP":542236266.11,"HKSK_MARKET_CAP":542236266.11,"PE_TTM":18.610525333265,"PB_TTM":1.799930510831,"REPORT_DATE_SQ":"2020-06-30 00:00:00","REPORT_TYPE_SQ":"2020年中报","OPERATE_INCOME_SQ":82105467.84,"DPS_HKD":null,"OPERATE_INCOME_QOQ_SQ":-12.614691085022,"NET_PROFIT_RATIO_SQ":158.6398326769,"HOLDER_PROFIT_SQ":130330532.64,"HOLDER_PROFIT_QOQ_SQ":242.800014920032,"ROE_AVG_SQ":105.635638081277,"PE_TTM_SQ":21.544482133023,"PB_TTM_SQ":1.518379043352,"ROA_SQ":19.920280345126,"START_DATE":"2021-01-01 00:00:00","FISCAL_YEAR":"12-31","CURRENCY":"HKD","IS_CNY_CODE":0,"DPS_HKD_LY":null,"ORG_TYPE":"一般企业","PREMIUM_INCOME":null,"PREMIUM_INCOME_YOY":null,"NET_INTEREST_INCOME":null,"NET_INTEREST_INCOME_YOY":null,"FEE_COMMISSION_INCOME":null,"FEE_COMMISSION_INCOME_YOY":null,"ACCOUNTS_RECE_TDAYS":3.926167968963,"INVENTORY_TDAYS":0.48797417272,"CURRENT_ASSETS_TDAYS":0.358306604752,"TOTAL_ASSETS_TDAYS":0.303614498559,"PREMIUM_EXPENSE":null,"LOAN_DEPOSIT":null,"LOAN_EQUITY":null,"LOAN_ASSETS":null,"DEPOSIT_EQUITY":null,"DEPOSIT_ASSETS":null,"EQUITY_MULTIPLIER":2.507415116157,"EQUITY_RATIO":1.627715121136},{"SECUCODE":"00828.HK","SECURITY_CODE":"00828","SECURITY_NAME_ABBR":"王朝酒业","ORG_CODE":"10009120","STD_REPORT_DATE":"2020-12-31 00:00:00","REPORT_DATE":"2020-12-31 00:00:00","DATE_TYPE_CODE":"001","REPORT_TYPE":"2020年年报","PER_NETCASH_OPERATE":0.008183772376,"PER_OI":0.160933138696,"BPS":0.118126704108,"BASIC_EPS":0.078440848,"DILUTED_EPS":0.078440848,"OPERATE_INCOME":200876743.72,"OPERATE_INCOME_YOY":-21.0562525427,"GROSS_PROFIT":50598555.16,"GROSS_PROFIT_YOY":-27.628193901875,"HOLDER_PROFIT":97948379.92,"HOLDER_PROFIT_YOY":259.5464952086,"GROSS_PROFIT_RATIO":25.188856720283,"EPS_TTM":0.078471703189,"OPERATE_INCOME_QOQ":-15.12020566761,"NET_PROFIT_RATIO":48.4730153809,"ROE_AVG":88.38813066296,"GROSS_PROFIT_QOQ":-0.456011990399,"ROA":15.755915846963,"HOLDER_PROFIT_QOQ":4.97454997785,"ROE_YEARLY":88.38813066296,"ROIC_YEARLY":21.116654373507,"TOTAL_ASSETS":494012380.96,"TOTAL_LIABILITIES":312927643.48,"TAX_EBT":35.04901135177,"OCF_SALES":5.085200253066,"TOTAL_PARENT_EQUITY":166370345.36,"DEBT_ASSET_RATIO":63.3440892457,"OPERATE_PROFIT":149042661.04,"PRETAX_PROFIT":149914600.08,"NETCASH_OPERATE":10214984.68,"NETCASH_INVEST":-2050235.04,"NETCASH_FINANCE":-2338075.92,"END_CASH":153287051.56,"DIVI_RATIO":null,"DIVIDEND_RATE":null,"CURRENT_RATIO":1.337981082624,"COMMON_ACS":3000000000,"CURRENTDEBT_DEBT":99.43680457872,"ISSUED_COMMON_SHARES":1408405886,"HK_COMMON_SHARES":1408405886,"PER_SHARES":2000,"TOTAL_MARKET_CAP":542236266.11,"HKSK_MARKET_CAP":542236266.11,"PE_TTM":18.610525333265,"PB_TTM":1.799930510831,"REPORT_DATE_SQ":"2019-12-31 00:00:00","REPORT_TYPE_SQ":"2019年年报","OPERATE_INCOME_SQ":270823854.74,"DPS_HKD":null,"OPERATE_INCOME_QOQ_SQ":-2.917033051041,"NET_PROFIT_RATIO_SQ":-22.9243913169,"HOLDER_PROFIT_SQ":-65340880.54,"HOLDER_PROFIT_QOQ_SQ":10.93958329939,"ROE_AVG_SQ":-70.450462632077,"PE_TTM_SQ":21.544482133023,"PB_TTM_SQ":1.518379043352,"ROA_SQ":-8.843944862806,"START_DATE":"2020-01-01 00:00:00","FISCAL_YEAR":"12-31","CURRENCY":"HKD","IS_CNY_CODE":0,"DPS_HKD_LY":null,"ORG_TYPE":"一般企业","PREMIUM_INCOME":null,"PREMIUM_INCOME_YOY":null,"NET_INTEREST_INCOME":null,"NET_INTEREST_INCOME_YOY":null,"FEE_COMMISSION_INCOME":null,"FEE_COMMISSION_INCOME_YOY":null,"ACCOUNTS_RECE_TDAYS":4.275876277578,"INVENTORY_TDAYS":0.652774274214,"CURRENT_ASSETS_TDAYS":0.369120868669,"TOTAL_ASSETS_TDAYS":0.323129088225,"PREMIUM_EXPENSE":null,"LOAN_DEPOSIT":null,"LOAN_EQUITY":null,"LOAN_ASSETS":null,"DEPOSIT_EQUITY":null,"DEPOSIT_ASSETS":null,"EQUITY_MULTIPLIER":2.728072988563,"EQUITY_RATIO":1.880909983103},{"SECUCODE":"00828.HK","SECURITY_CODE":"00828","SECURITY_NAME_ABBR":"王朝酒业","ORG_CODE":"10009120","STD_REPORT_DATE":"2020-06-30 00:00:00","REPORT_DATE":"2020-06-30 00:00:00","DATE_TYPE_CODE":"002","REPORT_TYPE":"2020年中报","PER_NETCASH_OPERATE":-0.032818562923,"PER_OI":0.06577909617,"BPS":0.132616872861,"BASIC_EPS":0.10413216,"DILUTED_EPS":0.10413216,"OPERATE_INCOME":82105467.84,"OPERATE_INCOME_YOY":-31.9947039909,"GROSS_PROFIT":24329474.4,"GROSS_PROFIT_YOY":-43.959200100594,"HOLDER_PROFIT":130330532.64,"HOLDER_PROFIT_YOY":543.2325805349,"GROSS_PROFIT_RATIO":29.631978283604,"EPS_TTM":0.074753074155,"OPERATE_INCOME_QOQ":-12.614691085022,"NET_PROFIT_RATIO":158.6398326769,"ROE_AVG":105.635638081277,"GROSS_PROFIT_QOQ":-27.296657944681,"ROA":19.920280345126,"HOLDER_PROFIT_QOQ":242.800014920032,"ROE_YEARLY":211.271276162554,"ROIC_YEARLY":50.412326695592,"TOTAL_ASSETS":495288177.12,"TOTAL_LIABILITIES":292918285.44,"TAX_EBT":30.033953858081,"OCF_SALES":-49.892085530561,"TOTAL_PARENT_EQUITY":186778384.32,"DEBT_ASSET_RATIO":59.1409807404,"OPERATE_PROFIT":185539759.68,"PRETAX_PROFIT":186164552.64,"NETCASH_OPERATE":-40964130.24,"NETCASH_INVEST":-69421.44,"NETCASH_FINANCE":-4368070.08,"END_CASH":98963003.04,"DIVI_RATIO":null,"DIVIDEND_RATE":null,"CURRENT_RATIO":1.424768301962,"COMMON_ACS":3000000000,"CURRENTDEBT_DEBT":100,"ISSUED_COMMON_SHARES":1408405886,"HK_COMMON_SHARES":1408405886,"PER_SHARES":2000,"TOTAL_MARKET_CAP":542236266.11,"HKSK_MARKET_CAP":542236266.11,"PE_TTM":18.610525333265,"PB_TTM":1.799930510831,"REPORT_DATE_SQ":"2019-06-30 00:00:00","REPORT_TYPE_SQ":"2019年中报","OPERATE_INCOME_SQ":116269060.5,"DPS_HKD":null,"OPERATE_INCOME_QOQ_SQ":-7.699111742189,"NET_PROFIT_RATIO_SQ":-24.556837526,"HOLDER_PROFIT_SQ":-28317135.06,"HOLDER_PROFIT_QOQ_SQ":-6.43853834456,"ROE_AVG_SQ":-25.715769292219,"PE_TTM_SQ":21.544482133023,"PB_TTM_SQ":1.518379043352,"ROA_SQ":-3.843396315397,"START_DATE":"2020-01-01 00:00:00","FISCAL_YEAR":"12-31","CURRENCY":"HKD","IS_CNY_CODE":0,"DPS_HKD_LY":null,"ORG_TYPE":"一般企业","PREMIUM_INCOME":null,"PREMIUM_INCOME_YOY":null,"NET_INTEREST_INCOME":null,"NET_INTEREST_INCOME_YOY":null,"FEE_COMMISSION_INCOME":null,"FEE_COMMISSION_INCOME_YOY":null,"ACCOUNTS_RECE_TDAYS":1.433943000263,"INVENTORY_TDAYS":0.227993562212,"CURRENT_ASSETS_TDAYS":0.143197041302,"TOTAL_ASSETS_TDAYS":0.125493535867,"PREMIUM_EXPENSE":null,"LOAN_DEPOSIT":null,"LOAN_EQUITY":null,"LOAN_ASSETS":null,"DEPOSIT_EQUITY":null,"DEPOSIT_ASSETS":null,"EQUITY_MULTIPLIER":2.447440046582,"EQUITY_RATIO":1.568266512779}],"count":46},"success":true,"message":"ok","code":0}