{"version":"417c66b22f97447248d08b76d740abbc","result":{"pages":5,"data":[{"SECUCODE":"00832.HK","SECURITY_CODE":"00832","SECURITY_NAME_ABBR":"建业地产","ORG_CODE":"10107221","STD_REPORT_DATE":"2024-06-30 00:00:00","REPORT_DATE":"2024-06-30 00:00:00","DATE_TYPE_CODE":"002","REPORT_TYPE":"2024年中报","PER_NETCASH_OPERATE":0.063912451885,"PER_OI":2.383283149664,"BPS":-1.728764402796,"BASIC_EPS":-0.8845,"DILUTED_EPS":-0.8845,"OPERATE_INCOME":7243098000,"OPERATE_INCOME_YOY":-10.2943267348,"GROSS_PROFIT":684310000,"GROSS_PROFIT_YOY":-35.16973760375,"HOLDER_PROFIT":-2609388000,"HOLDER_PROFIT_YOY":-118.9144498128,"GROSS_PROFIT_RATIO":9.447752881433,"EPS_TTM":-1.540496136506,"OPERATE_INCOME_QOQ":-4.315404339484,"NET_PROFIT_RATIO":-39.0208029768,"ROE_AVG":70.537316301469,"GROSS_PROFIT_QOQ":-18.946127978777,"ROA":-2.2814511208,"HOLDER_PROFIT_QOQ":-43.421352119769,"ROE_YEARLY":141.074632602939,"ROIC_YEARLY":-4.62688471137,"TOTAL_ASSETS":111461632000,"TOTAL_LIABILITIES":115873435000,"TAX_EBT":-12.88431206757,"OCF_SALES":2.681697803896,"TOTAL_PARENT_EQUITY":-5253933000,"DEBT_ASSET_RATIO":103.9581360158,"OPERATE_PROFIT":-2455417000,"PRETAX_PROFIT":-2503727000,"NETCASH_OPERATE":194238000,"NETCASH_INVEST":-27743000,"NETCASH_FINANCE":-93744000,"END_CASH":460925000,"DIVI_RATIO":null,"DIVIDEND_RATE":null,"CURRENT_RATIO":0.838403128245,"COMMON_ACS":10000000000,"CURRENTDEBT_DEBT":95.477258441506,"ISSUED_COMMON_SHARES":3039126090,"HK_COMMON_SHARES":3039126090,"PER_SHARES":1000,"TOTAL_MARKET_CAP":294795230.73,"HKSK_MARKET_CAP":294795230.73,"PE_TTM":-0.05703849054,"PB_TTM":-0.051209962362,"REPORT_DATE_SQ":"2023-06-30 00:00:00","REPORT_TYPE_SQ":"2023年中报","OPERATE_INCOME_SQ":8074292000,"DPS_HKD":null,"OPERATE_INCOME_QOQ_SQ":3.2128696161,"NET_PROFIT_RATIO_SQ":-14.4734547623,"HOLDER_PROFIT_SQ":-1191967000,"HOLDER_PROFIT_QOQ_SQ":58.364503082059,"ROE_AVG_SQ":1452.33421669865,"PE_TTM_SQ":-0.081593467935,"PB_TTM_SQ":-0.253735014943,"ROA_SQ":-0.886587232152,"START_DATE":"2024-01-01 00:00:00","FISCAL_YEAR":"12-31","CURRENCY":"HKD","IS_CNY_CODE":0,"DPS_HKD_LY":null,"ORG_TYPE":"一般企业","PREMIUM_INCOME":null,"PREMIUM_INCOME_YOY":null,"NET_INTEREST_INCOME":null,"NET_INTEREST_INCOME_YOY":null,"FEE_COMMISSION_INCOME":null,"FEE_COMMISSION_INCOME_YOY":null,"ACCOUNTS_RECE_TDAYS":1.133375597672,"INVENTORY_TDAYS":0.08869485168,"CURRENT_ASSETS_TDAYS":0.076069996326,"TOTAL_ASSETS_TDAYS":0.063328159899,"PREMIUM_EXPENSE":null,"LOAN_DEPOSIT":null,"LOAN_EQUITY":null,"LOAN_ASSETS":null,"DEPOSIT_EQUITY":null,"DEPOSIT_ASSETS":null,"EQUITY_MULTIPLIER":-25.264417291579,"EQUITY_RATIO":-22.054608423823},{"SECUCODE":"00832.HK","SECURITY_CODE":"00832","SECURITY_NAME_ABBR":"建业地产","ORG_CODE":"10107221","STD_REPORT_DATE":"2023-12-31 00:00:00","REPORT_DATE":"2023-12-31 00:00:00","DATE_TYPE_CODE":"001","REPORT_TYPE":"2023年年报","PER_NETCASH_OPERATE":-0.335671166575,"PER_OI":6.337707429572,"BPS":-0.705686416584,"BASIC_EPS":-1.1065,"DILUTED_EPS":-1.1065,"OPERATE_INCOME":19261092000,"OPERATE_INCOME_YOY":-20.0204496863,"GROSS_PROFIT":1959403000,"GROSS_PROFIT_YOY":3.05043331184,"HOLDER_PROFIT":-3264341000,"HOLDER_PROFIT_YOY":56.826694081,"GROSS_PROFIT_RATIO":10.172855204679,"EPS_TTM":-1.074105155012,"OPERATE_INCOME_QOQ":-22.510099165759,"NET_PROFIT_RATIO":-16.1092424043,"ROE_AVG":480.364149800862,"GROSS_PROFIT_QOQ":-18.459725974495,"ROA":-2.547843645803,"HOLDER_PROFIT_QOQ":-3.693504617278,"ROE_YEARLY":480.364149800862,"ROIC_YEARLY":-2.611987925811,"TOTAL_ASSETS":117286464000,"TOTAL_LIABILITIES":117959140000,"TAX_EBT":-45.324085371137,"OCF_SALES":-5.296413100566,"TOTAL_PARENT_EQUITY":-2144670000,"DEBT_ASSET_RATIO":100.5735325093,"OPERATE_PROFIT":-2358297000,"PRETAX_PROFIT":-2135101000,"NETCASH_OPERATE":-1020147000,"NETCASH_INVEST":-454196000,"NETCASH_FINANCE":-34956000,"END_CASH":388174000,"DIVI_RATIO":null,"DIVIDEND_RATE":null,"CURRENT_RATIO":0.862433761013,"COMMON_ACS":10000000000,"CURRENTDEBT_DEBT":96.014664060793,"ISSUED_COMMON_SHARES":3039126090,"HK_COMMON_SHARES":3039126090,"PER_SHARES":1000,"TOTAL_MARKET_CAP":355577752.53,"HKSK_MARKET_CAP":355577752.53,"PE_TTM":-0.068799004053,"PB_TTM":-0.061768717488,"REPORT_DATE_SQ":"2022-12-31 00:00:00","REPORT_TYPE_SQ":"2022年年报","OPERATE_INCOME_SQ":24082521000,"DPS_HKD":null,"OPERATE_INCOME_QOQ_SQ":-16.6764057646,"NET_PROFIT_RATIO_SQ":-32.4654964486,"HOLDER_PROFIT_SQ":-7561017000,"HOLDER_PROFIT_QOQ_SQ":-31.96567678378,"ROE_AVG_SQ":-149.31012597236,"PE_TTM_SQ":-0.077798422915,"PB_TTM_SQ":-0.241933386341,"ROA_SQ":-5.310381290981,"START_DATE":"2023-01-01 00:00:00","FISCAL_YEAR":"12-31","CURRENCY":"HKD","IS_CNY_CODE":0,"DPS_HKD_LY":null,"ORG_TYPE":"一般企业","PREMIUM_INCOME":null,"PREMIUM_INCOME_YOY":null,"NET_INTEREST_INCOME":null,"NET_INTEREST_INCOME_YOY":null,"FEE_COMMISSION_INCOME":null,"FEE_COMMISSION_INCOME_YOY":null,"ACCOUNTS_RECE_TDAYS":2.902223005413,"INVENTORY_TDAYS":0.205898324254,"CURRENT_ASSETS_TDAYS":0.178039550714,"TOTAL_ASSETS_TDAYS":0.150334327398,"PREMIUM_EXPENSE":null,"LOAN_DEPOSIT":null,"LOAN_EQUITY":null,"LOAN_ASSETS":null,"DEPOSIT_EQUITY":null,"DEPOSIT_ASSETS":null,"EQUITY_MULTIPLIER":-174.35803268075,"EQUITY_RATIO":-55.001067763339},{"SECUCODE":"00832.HK","SECURITY_CODE":"00832","SECURITY_NAME_ABBR":"建业地产","ORG_CODE":"10107221","STD_REPORT_DATE":"2023-06-30 00:00:00","REPORT_DATE":"2023-06-30 00:00:00","DATE_TYPE_CODE":"002","REPORT_TYPE":"2023年中报","PER_NETCASH_OPERATE":0.494266100029,"PER_OI":2.656780851103,"BPS":-0.312492463911,"BASIC_EPS":-0.4067,"DILUTED_EPS":-0.4067,"OPERATE_INCOME":8074292000,"OPERATE_INCOME_YOY":10.5983766707,"GROSS_PROFIT":1055541000,"GROSS_PROFIT_YOY":90.546344017113,"HOLDER_PROFIT":-1191967000,"HOLDER_PROFIT_YOY":78.7335477046,"GROSS_PROFIT_RATIO":13.072861372861,"EPS_TTM":-1.035846130359,"OPERATE_INCOME_QOQ":3.2128696161,"NET_PROFIT_RATIO":-14.4734547623,"ROE_AVG":1452.33421669865,"GROSS_PROFIT_QOQ":26.379797644054,"ROA":-0.886587232152,"HOLDER_PROFIT_QOQ":58.364503082059,"ROE_YEARLY":2904.6684333973,"ROIC_YEARLY":-1.830307501363,"TOTAL_ASSETS":129931858000,"TOTAL_LIABILITIES":128693509000,"TAX_EBT":-60.264211336156,"OCF_SALES":18.60394694668,"TOTAL_PARENT_EQUITY":-949704000,"DEBT_ASSET_RATIO":99.0469242732,"OPERATE_PROFIT":-898724000,"PRETAX_PROFIT":-729189000,"NETCASH_OPERATE":1502137000,"NETCASH_INVEST":50470000,"NETCASH_FINANCE":-1669966000,"END_CASH":1772742000,"DIVI_RATIO":null,"DIVIDEND_RATE":null,"CURRENT_RATIO":0.862009332333,"COMMON_ACS":10000000000,"CURRENTDEBT_DEBT":98.630598377732,"ISSUED_COMMON_SHARES":3039126090,"HK_COMMON_SHARES":3039126090,"PER_SHARES":1000,"TOTAL_MARKET_CAP":355577752.53,"HKSK_MARKET_CAP":355577752.53,"PE_TTM":-0.068799004053,"PB_TTM":-0.061768717488,"REPORT_DATE_SQ":"2022-06-30 00:00:00","REPORT_TYPE_SQ":"2022年中报","OPERATE_INCOME_SQ":7300552000,"DPS_HKD":null,"OPERATE_INCOME_QOQ_SQ":-31.11711340734,"NET_PROFIT_RATIO_SQ":-81.3840378097,"HOLDER_PROFIT_SQ":-5604917000,"HOLDER_PROFIT_QOQ_SQ":-1047.16488624829,"ROE_AVG_SQ":-88.503301985549,"PE_TTM_SQ":-0.077798422915,"PB_TTM_SQ":-0.241933386341,"ROA_SQ":-3.844669870106,"START_DATE":"2023-01-01 00:00:00","FISCAL_YEAR":"12-31","CURRENCY":"HKD","IS_CNY_CODE":0,"DPS_HKD_LY":null,"ORG_TYPE":"一般企业","PREMIUM_INCOME":null,"PREMIUM_INCOME_YOY":null,"NET_INTEREST_INCOME":null,"NET_INTEREST_INCOME_YOY":null,"FEE_COMMISSION_INCOME":null,"FEE_COMMISSION_INCOME_YOY":null,"ACCOUNTS_RECE_TDAYS":1.261690233435,"INVENTORY_TDAYS":0.079075291226,"CURRENT_ASSETS_TDAYS":0.070793910837,"TOTAL_ASSETS_TDAYS":0.060056731402,"PREMIUM_EXPENSE":null,"LOAN_DEPOSIT":null,"LOAN_EQUITY":null,"LOAN_ASSETS":null,"DEPOSIT_EQUITY":null,"DEPOSIT_ASSETS":null,"EQUITY_MULTIPLIER":104.923456959455,"EQUITY_RATIO":-135.509073353382},{"SECUCODE":"00832.HK","SECURITY_CODE":"00832","SECURITY_NAME_ABBR":"建业地产","ORG_CODE":"10107221","STD_REPORT_DATE":"2022-12-31 00:00:00","REPORT_DATE":"2022-12-31 00:00:00","DATE_TYPE_CODE":"001","REPORT_TYPE":"2022年年报","PER_NETCASH_OPERATE":-0.445906474384,"PER_OI":7.92415986926,"BPS":0.258481871675,"BASIC_EPS":-2.5967,"DILUTED_EPS":-2.5967,"OPERATE_INCOME":24082521000,"OPERATE_INCOME_YOY":-42.6043030779,"GROSS_PROFIT":1901402000,"GROSS_PROFIT_YOY":-72.081897712433,"HOLDER_PROFIT":-7561017000,"HOLDER_PROFIT_YOY":-1349.9325523959,"GROSS_PROFIT_RATIO":7.895361121039,"EPS_TTM":-2.487891839986,"OPERATE_INCOME_QOQ":-16.6764057646,"NET_PROFIT_RATIO":-32.4654964486,"ROE_AVG":-149.31012597236,"GROSS_PROFIT_QOQ":-48.980208989337,"ROA":-5.310381290981,"HOLDER_PROFIT_QOQ":-31.96567678378,"ROE_YEARLY":-149.31012597236,"ROIC_YEARLY":-5.579500272861,"TOTAL_ASSETS":138956968000,"TOTAL_LIABILITIES":135628918000,"TAX_EBT":-11.021778189321,"OCF_SALES":-5.627176656464,"TOTAL_PARENT_EQUITY":785559000,"DEBT_ASSET_RATIO":97.604977967,"OPERATE_PROFIT":-5628058000,"PRETAX_PROFIT":-7042321000,"NETCASH_OPERATE":-1355166000,"NETCASH_INVEST":644220000,"NETCASH_FINANCE":-3303553000,"END_CASH":1890077000,"DIVI_RATIO":null,"DIVIDEND_RATE":null,"CURRENT_RATIO":0.962991366261,"COMMON_ACS":10000000000,"CURRENTDEBT_DEBT":90.874801493292,"ISSUED_COMMON_SHARES":3039126090,"HK_COMMON_SHARES":3039126090,"PER_SHARES":1000,"TOTAL_MARKET_CAP":355577752.53,"HKSK_MARKET_CAP":355577752.53,"PE_TTM":-0.068799004053,"PB_TTM":-0.061768717488,"REPORT_DATE_SQ":"2021-12-31 00:00:00","REPORT_TYPE_SQ":"2021年年报","OPERATE_INCOME_SQ":41958757000,"DPS_HKD":null,"OPERATE_INCOME_QOQ_SQ":-17.147087923149,"NET_PROFIT_RATIO_SQ":2.9862300258,"HOLDER_PROFIT_SQ":604914000,"HOLDER_PROFIT_QOQ_SQ":-66.461674936933,"ROE_AVG_SQ":5.839211302884,"PE_TTM_SQ":-0.077798422915,"PB_TTM_SQ":-0.241933386341,"ROA_SQ":0.390635769993,"START_DATE":"2022-01-01 00:00:00","FISCAL_YEAR":"12-31","CURRENCY":"HKD","IS_CNY_CODE":0,"DPS_HKD_LY":0.027,"ORG_TYPE":"一般企业","PREMIUM_INCOME":null,"PREMIUM_INCOME_YOY":null,"NET_INTEREST_INCOME":null,"NET_INTEREST_INCOME_YOY":null,"FEE_COMMISSION_INCOME":null,"FEE_COMMISSION_INCOME_YOY":null,"ACCOUNTS_RECE_TDAYS":3.939143173928,"INVENTORY_TDAYS":0.246057222069,"CURRENT_ASSETS_TDAYS":0.200769553006,"TOTAL_ASSETS_TDAYS":0.169140433037,"PREMIUM_EXPENSE":null,"LOAN_DEPOSIT":null,"LOAN_EQUITY":null,"LOAN_ASSETS":null,"DEPOSIT_EQUITY":null,"DEPOSIT_ASSETS":null,"EQUITY_MULTIPLIER":41.753269332032,"EQUITY_RATIO":172.652745369858},{"SECUCODE":"00832.HK","SECURITY_CODE":"00832","SECURITY_NAME_ABBR":"建业地产","ORG_CODE":"10107221","STD_REPORT_DATE":"2022-06-30 00:00:00","REPORT_DATE":"2022-06-30 00:00:00","DATE_TYPE_CODE":"002","REPORT_TYPE":"2022年中报","PER_NETCASH_OPERATE":-0.865180005161,"PER_OI":2.462977732465,"BPS":1.09391545515,"BASIC_EPS":-1.9506,"DILUTED_EPS":-1.9506,"OPERATE_INCOME":7300552000,"OPERATE_INCOME_YOY":-64.1372220317,"GROSS_PROFIT":553955000,"GROSS_PROFIT_YOY":-84.772269204168,"HOLDER_PROFIT":-5604917000,"HOLDER_PROFIT_YOY":-868.7749957483,"GROSS_PROFIT_RATIO":7.587850891275,"EPS_TTM":-1.932965095848,"OPERATE_INCOME_QOQ":-31.11711340734,"NET_PROFIT_RATIO":-81.3840378097,"ROE_AVG":-88.503301985549,"GROSS_PROFIT_QOQ":-45.279857611074,"ROA":-3.844669870106,"HOLDER_PROFIT_QOQ":-1047.16488624829,"ROE_YEARLY":-177.006603971098,"ROIC_YEARLY":-8.127222222704,"TOTAL_ASSETS":145782649000,"TOTAL_LIABILITIES":139672708000,"TAX_EBT":-4.285807819981,"OCF_SALES":-35.127398585751,"TOTAL_PARENT_EQUITY":3324547000,"DEBT_ASSET_RATIO":95.8088695452,"OPERATE_PROFIT":-5165175000,"PRETAX_PROFIT":-5696919000,"NETCASH_OPERATE":-2564494000,"NETCASH_INVEST":177286000,"NETCASH_FINANCE":106396000,"END_CASH":3622412000,"DIVI_RATIO":null,"DIVIDEND_RATE":null,"CURRENT_RATIO":1.003633441722,"COMMON_ACS":10000000000,"CURRENTDEBT_DEBT":88.33231471391,"ISSUED_COMMON_SHARES":3039126090,"HK_COMMON_SHARES":3039126090,"PER_SHARES":1000,"TOTAL_MARKET_CAP":355577752.53,"HKSK_MARKET_CAP":355577752.53,"PE_TTM":-0.068799004053,"PB_TTM":-0.061768717488,"REPORT_DATE_SQ":"2021-06-30 00:00:00","REPORT_TYPE_SQ":"2021年中报","OPERATE_INCOME_SQ":20356906000,"DPS_HKD":null,"OPERATE_INCOME_QOQ_SQ":16.945264498076,"NET_PROFIT_RATIO_SQ":5.0361926316,"HOLDER_PROFIT_SQ":729124000,"HOLDER_PROFIT_QOQ_SQ":0.118900387897,"ROE_AVG_SQ":6.920476509097,"PE_TTM_SQ":-0.077798422915,"PB_TTM_SQ":-0.241933386341,"ROA_SQ":0.448375972161,"START_DATE":"2022-01-01 00:00:00","FISCAL_YEAR":"12-31","CURRENCY":"HKD","IS_CNY_CODE":0,"DPS_HKD_LY":0.027,"ORG_TYPE":"一般企业","PREMIUM_INCOME":null,"PREMIUM_INCOME_YOY":null,"NET_INTEREST_INCOME":null,"NET_INTEREST_INCOME_YOY":null,"FEE_COMMISSION_INCOME":null,"FEE_COMMISSION_INCOME_YOY":null,"ACCOUNTS_RECE_TDAYS":1.297670014136,"INVENTORY_TDAYS":0.073799452682,"CURRENT_ASSETS_TDAYS":0.059587724283,"TOTAL_ASSETS_TDAYS":0.05007421037,"PREMIUM_EXPENSE":null,"LOAN_DEPOSIT":null,"LOAN_EQUITY":null,"LOAN_ASSETS":null,"DEPOSIT_EQUITY":null,"DEPOSIT_ASSETS":null,"EQUITY_MULTIPLIER":23.859911085677,"EQUITY_RATIO":42.012553289215},{"SECUCODE":"00832.HK","SECURITY_CODE":"00832","SECURITY_NAME_ABBR":"建业地产","ORG_CODE":"10107221","STD_REPORT_DATE":"2021-12-31 00:00:00","REPORT_DATE":"2021-12-31 00:00:00","DATE_TYPE_CODE":"001","REPORT_TYPE":"2021年年报","PER_NETCASH_OPERATE":0.263439072016,"PER_OI":14.155571273638,"BPS":3.074034022721,"BASIC_EPS":0.2121,"DILUTED_EPS":0.212,"OPERATE_INCOME":41958757000,"OPERATE_INCOME_YOY":-3.1074428274,"GROSS_PROFIT":6810642000,"GROSS_PROFIT_YOY":-20.770042591685,"HOLDER_PROFIT":604914000,"HOLDER_PROFIT_YOY":-66.4217977383,"GROSS_PROFIT_RATIO":16.231753481163,"EPS_TTM":0.204079049373,"OPERATE_INCOME_QOQ":-17.147087923149,"NET_PROFIT_RATIO":2.9862300258,"ROE_AVG":5.839211302884,"GROSS_PROFIT_QOQ":-25.526660582517,"ROA":0.390635769993,"HOLDER_PROFIT_QOQ":-66.461674936933,"ROE_YEARLY":5.839211302884,"ROIC_YEARLY":0.440609587648,"TOTAL_ASSETS":145806652000,"TOTAL_LIABILITIES":133063331000,"TAX_EBT":62.562338337132,"OCF_SALES":1.86102748468,"TOTAL_PARENT_EQUITY":9342377000,"DEBT_ASSET_RATIO":91.2601237151,"OPERATE_PROFIT":3855080000,"PRETAX_PROFIT":3346857000,"NETCASH_OPERATE":780864000,"NETCASH_INVEST":-2105399000,"NETCASH_FINANCE":-15335461000,"END_CASH":5901642000,"DIVI_RATIO":null,"DIVIDEND_RATE":null,"CURRENT_RATIO":1.046364738408,"COMMON_ACS":10000000000,"CURRENTDEBT_DEBT":87.056382948958,"ISSUED_COMMON_SHARES":3039126090,"HK_COMMON_SHARES":3039126090,"PER_SHARES":1000,"TOTAL_MARKET_CAP":355577752.53,"HKSK_MARKET_CAP":355577752.53,"PE_TTM":-0.068799004053,"PB_TTM":-0.061768717488,"REPORT_DATE_SQ":"2020-12-31 00:00:00","REPORT_TYPE_SQ":"2020年年报","OPERATE_INCOME_SQ":43304417000,"DPS_HKD":null,"OPERATE_INCOME_QOQ_SQ":24.733634441683,"NET_PROFIT_RATIO_SQ":4.8529945571,"HOLDER_PROFIT_SQ":1801508000,"HOLDER_PROFIT_QOQ_SQ":-13.568798738777,"ROE_AVG_SQ":17.080212502878,"PE_TTM_SQ":-0.077798422915,"PB_TTM_SQ":-0.241933386341,"ROA_SQ":1.170311320853,"START_DATE":"2021-01-01 00:00:00","FISCAL_YEAR":"12-31","CURRENCY":"HKD","IS_CNY_CODE":0,"DPS_HKD_LY":0.4155,"ORG_TYPE":"一般企业","PREMIUM_INCOME":null,"PREMIUM_INCOME_YOY":null,"NET_INTEREST_INCOME":null,"NET_INTEREST_INCOME_YOY":null,"FEE_COMMISSION_INCOME":null,"FEE_COMMISSION_INCOME_YOY":null,"ACCOUNTS_RECE_TDAYS":7.725016788509,"INVENTORY_TDAYS":0.396671795933,"CURRENT_ASSETS_TDAYS":0.315603599178,"TOTAL_ASSETS_TDAYS":0.270957381523,"PREMIUM_EXPENSE":null,"LOAN_DEPOSIT":null,"LOAN_EQUITY":null,"LOAN_ASSETS":null,"DEPOSIT_EQUITY":null,"DEPOSIT_ASSETS":null,"EQUITY_MULTIPLIER":11.441809556592,"EQUITY_RATIO":14.242984520963},{"SECUCODE":"00832.HK","SECURITY_CODE":"00832","SECURITY_NAME_ABBR":"建业地产","ORG_CODE":"10107221","STD_REPORT_DATE":"2021-06-30 00:00:00","REPORT_DATE":"2021-06-30 00:00:00","DATE_TYPE_CODE":"002","REPORT_TYPE":"2021年中报","PER_NETCASH_OPERATE":-1.125380290138,"PER_OI":6.860839002149,"BPS":3.190010125575,"BASIC_EPS":0.2563,"DILUTED_EPS":0.2554,"OPERATE_INCOME":20356906000,"OPERATE_INCOME_YOY":56.3647594897,"GROSS_PROFIT":3637804000,"GROSS_PROFIT_YOY":17.775013646191,"HOLDER_PROFIT":729124000,"HOLDER_PROFIT_YOY":0.2946427835,"GROSS_PROFIT_RATIO":17.870122306406,"EPS_TTM":0.607879815637,"OPERATE_INCOME_QOQ":16.945264498076,"NET_PROFIT_RATIO":5.0361926316,"ROE_AVG":6.920476509097,"GROSS_PROFIT_QOQ":6.387007791026,"ROA":0.448375972161,"HOLDER_PROFIT_QOQ":0.118900387897,"ROE_YEARLY":13.840953018193,"ROIC_YEARLY":1.021627543217,"TOTAL_ASSETS":161328069000,"TOTAL_LIABILITIES":148576407000,"TAX_EBT":50.330560174258,"OCF_SALES":-16.402954358585,"TOTAL_PARENT_EQUITY":9694843000,"DEBT_ASSET_RATIO":92.095819358,"OPERATE_PROFIT":2458737000,"PRETAX_PROFIT":2064072000,"NETCASH_OPERATE":-3339134000,"NETCASH_INVEST":-697726000,"NETCASH_FINANCE":-7675835000,"END_CASH":10872215000,"DIVI_RATIO":null,"DIVIDEND_RATE":null,"CURRENT_RATIO":1.09493449719,"COMMON_ACS":10000000000,"CURRENTDEBT_DEBT":85.099655828937,"ISSUED_COMMON_SHARES":3039126090,"HK_COMMON_SHARES":3039126090,"PER_SHARES":1000,"TOTAL_MARKET_CAP":355577752.53,"HKSK_MARKET_CAP":355577752.53,"PE_TTM":-0.068799004053,"PB_TTM":-0.061768717488,"REPORT_DATE_SQ":"2020-06-30 00:00:00","REPORT_TYPE_SQ":"2020年中报","OPERATE_INCOME_SQ":13018858000,"DPS_HKD":null,"OPERATE_INCOME_QOQ_SQ":12.841209024121,"NET_PROFIT_RATIO_SQ":6.0386018497,"HOLDER_PROFIT_SQ":726982000,"HOLDER_PROFIT_QOQ_SQ":3.437210927296,"ROE_AVG_SQ":7.526754807458,"PE_TTM_SQ":-0.077798422915,"PB_TTM_SQ":-0.241933386341,"ROA_SQ":0.471862536225,"START_DATE":"2021-01-01 00:00:00","FISCAL_YEAR":"12-31","CURRENCY":"HKD","IS_CNY_CODE":0,"DPS_HKD_LY":0.4155,"ORG_TYPE":"一般企业","PREMIUM_INCOME":null,"PREMIUM_INCOME_YOY":null,"NET_INTEREST_INCOME":null,"NET_INTEREST_INCOME_YOY":null,"FEE_COMMISSION_INCOME":null,"FEE_COMMISSION_INCOME_YOY":null,"ACCOUNTS_RECE_TDAYS":3.393616014834,"INVENTORY_TDAYS":0.18226376991,"CURRENT_ASSETS_TDAYS":0.143801228077,"TOTAL_ASSETS_TDAYS":0.12518511965,"PREMIUM_EXPENSE":null,"LOAN_DEPOSIT":null,"LOAN_EQUITY":null,"LOAN_ASSETS":null,"DEPOSIT_EQUITY":null,"DEPOSIT_ASSETS":null,"EQUITY_MULTIPLIER":12.651532717842,"EQUITY_RATIO":15.325303050292},{"SECUCODE":"00832.HK","SECURITY_CODE":"00832","SECURITY_NAME_ABBR":"建业地产","ORG_CODE":"10107221","STD_REPORT_DATE":"2020-12-31 00:00:00","REPORT_DATE":"2020-12-31 00:00:00","DATE_TYPE_CODE":"001","REPORT_TYPE":"2020年年报","PER_NETCASH_OPERATE":1.623387499428,"PER_OI":14.724134317031,"BPS":3.743396510409,"BASIC_EPS":0.647,"DILUTED_EPS":0.636,"OPERATE_INCOME":43304417000,"OPERATE_INCOME_YOY":40.7509411637,"GROSS_PROFIT":8596044000,"GROSS_PROFIT_YOY":7.378847774399,"HOLDER_PROFIT":1801508000,"HOLDER_PROFIT_YOY":-10.5979760444,"GROSS_PROFIT_RATIO":19.850270701023,"EPS_TTM":0.612539034187,"OPERATE_INCOME_QOQ":24.733634441683,"NET_PROFIT_RATIO":4.8529945571,"ROE_AVG":17.080212502878,"GROSS_PROFIT_QOQ":-0.275320379555,"ROA":1.170311320853,"HOLDER_PROFIT_QOQ":-13.568798738777,"ROE_YEARLY":17.080212502878,"ROIC_YEARLY":1.404948248651,"TOTAL_ASSETS":163900777000,"TOTAL_LIABILITIES":149318742000,"TAX_EBT":57.417481161607,"OCF_SALES":11.025351062918,"TOTAL_PARENT_EQUITY":11376654000,"DEBT_ASSET_RATIO":91.1031324763,"OPERATE_PROFIT":5355567000,"PRETAX_PROFIT":4935267000,"NETCASH_OPERATE":4774464000,"NETCASH_INVEST":-1365766000,"NETCASH_FINANCE":-3205026000,"END_CASH":22618964000,"DIVI_RATIO":null,"DIVIDEND_RATE":null,"CURRENT_RATIO":1.107515906598,"COMMON_ACS":10000000000,"CURRENTDEBT_DEBT":87.489725837631,"ISSUED_COMMON_SHARES":3039126090,"HK_COMMON_SHARES":3039126090,"PER_SHARES":1000,"TOTAL_MARKET_CAP":355577752.53,"HKSK_MARKET_CAP":355577752.53,"PE_TTM":-0.068799004053,"PB_TTM":-0.061768717488,"REPORT_DATE_SQ":"2019-12-31 00:00:00","REPORT_TYPE_SQ":"2019年年报","OPERATE_INCOME_SQ":30766698000,"DPS_HKD":null,"OPERATE_INCOME_QOQ_SQ":61.2436093746,"NET_PROFIT_RATIO_SQ":7.8510927627,"HOLDER_PROFIT_SQ":2015064000,"HOLDER_PROFIT_QOQ_SQ":59.675935500895,"ROE_AVG_SQ":21.719768376537,"PE_TTM_SQ":-0.077798422915,"PB_TTM_SQ":-0.241933386341,"ROA_SQ":1.638731292403,"START_DATE":"2020-01-01 00:00:00","FISCAL_YEAR":"12-31","CURRENCY":"HKD","IS_CNY_CODE":0,"DPS_HKD_LY":0.42,"ORG_TYPE":"一般企业","PREMIUM_INCOME":null,"PREMIUM_INCOME_YOY":null,"NET_INTEREST_INCOME":null,"NET_INTEREST_INCOME_YOY":null,"FEE_COMMISSION_INCOME":null,"FEE_COMMISSION_INCOME_YOY":null,"ACCOUNTS_RECE_TDAYS":9.025970362195,"INVENTORY_TDAYS":0.43542381017,"CURRENT_ASSETS_TDAYS":0.322965825445,"TOTAL_ASSETS_TDAYS":0.281317926193,"PREMIUM_EXPENSE":null,"LOAN_DEPOSIT":null,"LOAN_EQUITY":null,"LOAN_ASSETS":null,"DEPOSIT_EQUITY":null,"DEPOSIT_ASSETS":null,"EQUITY_MULTIPLIER":11.239911096081,"EQUITY_RATIO":13.125013910065},{"SECUCODE":"00832.HK","SECURITY_CODE":"00832","SECURITY_NAME_ABBR":"建业地产","ORG_CODE":"10107221","STD_REPORT_DATE":"2020-06-30 00:00:00","REPORT_DATE":"2020-06-30 00:00:00","DATE_TYPE_CODE":"002","REPORT_TYPE":"2020年中报","PER_NETCASH_OPERATE":1.700975291621,"PER_OI":4.684622882773,"BPS":3.158556346703,"BASIC_EPS":0.2643,"DILUTED_EPS":0.2593,"OPERATE_INCOME":13018858000,"OPERATE_INCOME_YOY":43.5685675033,"GROSS_PROFIT":3088774000,"GROSS_PROFIT_YOY":24.832238091774,"HOLDER_PROFIT":726982000,"HOLDER_PROFIT_YOY":10.5306209329,"GROSS_PROFIT_RATIO":23.725383593553,"EPS_TTM":0.750010582707,"OPERATE_INCOME_QOQ":12.841209024121,"NET_PROFIT_RATIO":6.0386018497,"ROE_AVG":7.526754807458,"GROSS_PROFIT_QOQ":7.675299818546,"ROA":0.471862536225,"HOLDER_PROFIT_QOQ":3.437210927296,"ROE_YEARLY":15.053509614917,"ROIC_YEARLY":1.147122533614,"TOTAL_ASSETS":164165571000,"TOTAL_LIABILITIES":151077683000,"TAX_EBT":46.054051828547,"OCF_SALES":36.309759273817,"TOTAL_PARENT_EQUITY":9599251000,"DEBT_ASSET_RATIO":92.0276292281,"OPERATE_PROFIT":1700514000,"PRETAX_PROFIT":1457305000,"NETCASH_OPERATE":4727116000,"NETCASH_INVEST":-664977000,"NETCASH_FINANCE":-1285803000,"END_CASH":25554776000,"DIVI_RATIO":null,"DIVIDEND_RATE":null,"CURRENT_RATIO":1.111206346454,"COMMON_ACS":10000000000,"CURRENTDEBT_DEBT":87.140912797822,"ISSUED_COMMON_SHARES":3039126090,"HK_COMMON_SHARES":3039126090,"PER_SHARES":1000,"TOTAL_MARKET_CAP":355577752.53,"HKSK_MARKET_CAP":355577752.53,"PE_TTM":-0.068799004053,"PB_TTM":-0.061768717488,"REPORT_DATE_SQ":"2019-06-30 00:00:00","REPORT_TYPE_SQ":"2019年中报","OPERATE_INCOME_SQ":9068042000,"DPS_HKD":null,"OPERATE_INCOME_QOQ_SQ":29.068926937365,"NET_PROFIT_RATIO_SQ":8.4724905332,"HOLDER_PROFIT_SQ":657720000,"HOLDER_PROFIT_QOQ_SQ":9.331416957329,"ROE_AVG_SQ":7.323708133328,"PE_TTM_SQ":-0.077798422915,"PB_TTM_SQ":-0.241933386341,"ROA_SQ":0.590175566149,"START_DATE":"2020-01-01 00:00:00","FISCAL_YEAR":"12-31","CURRENCY":"HKD","IS_CNY_CODE":0,"DPS_HKD_LY":0.42,"ORG_TYPE":"一般企业","PREMIUM_INCOME":null,"PREMIUM_INCOME_YOY":null,"NET_INTEREST_INCOME":null,"NET_INTEREST_INCOME_YOY":null,"FEE_COMMISSION_INCOME":null,"FEE_COMMISSION_INCOME_YOY":null,"ACCOUNTS_RECE_TDAYS":2.662783134718,"INVENTORY_TDAYS":0.125147618275,"CURRENT_ASSETS_TDAYS":0.096516867392,"TOTAL_ASSETS_TDAYS":0.084501560625,"PREMIUM_EXPENSE":null,"LOAN_DEPOSIT":null,"LOAN_EQUITY":null,"LOAN_ASSETS":null,"DEPOSIT_EQUITY":null,"DEPOSIT_ASSETS":null,"EQUITY_MULTIPLIER":12.543320282151,"EQUITY_RATIO":15.738486575671}],"count":37},"success":true,"message":"ok","code":0}