{"version":"36274dae104ecefc7535c6f92707852f","result":{"pages":4,"data":[{"SECUCODE":"00837.HK","SECURITY_CODE":"00837","SECURITY_NAME_ABBR":"谭木匠","ORG_CODE":"10137070","STD_REPORT_DATE":"2024-06-30 00:00:00","REPORT_DATE":"2024-06-30 00:00:00","DATE_TYPE_CODE":"002","REPORT_TYPE":"2024年中报","PER_NETCASH_OPERATE":0.215227128348,"PER_OI":1.057769164583,"BPS":3.262474167116,"BASIC_EPS":0.387,"DILUTED_EPS":null,"OPERATE_INCOME":263082000,"OPERATE_INCOME_YOY":2.457034034,"GROSS_PROFIT":162245000,"GROSS_PROFIT_YOY":4.75191270943,"HOLDER_PROFIT":96288000,"HOLDER_PROFIT_YOY":2.5649765658,"GROSS_PROFIT_RATIO":61.670885883489,"EPS_TTM":0.708211037577,"OPERATE_INCOME_QOQ":1.262587854821,"NET_PROFIT_RATIO":36.5999954387,"ROE_AVG":11.9182477126,"GROSS_PROFIT_QOQ":2.446182326997,"ROA":10.399013320604,"HOLDER_PROFIT_QOQ":1.386026914709,"ROE_YEARLY":23.836495425199,"ROIC_YEARLY":22.97927788822,"TOTAL_ASSETS":921091000,"TOTAL_LIABILITIES":109668000,"TAX_EBT":19.209276568609,"OCF_SALES":20.347268152135,"TOTAL_PARENT_EQUITY":811423000,"DEBT_ASSET_RATIO":11.9063154455,"OPERATE_PROFIT":119491000,"PRETAX_PROFIT":119182000,"NETCASH_OPERATE":53530000,"NETCASH_INVEST":77719000,"NETCASH_FINANCE":-92418000,"END_CASH":104304000,"DIVI_RATIO":0.494433706085,"DIVIDEND_RATE":6.303425774878,"CURRENT_RATIO":5.236714411749,"COMMON_ACS":10000000000,"CURRENTDEBT_DEBT":70.281212386476,"ISSUED_COMMON_SHARES":248714000,"HK_COMMON_SHARES":248714000,"PER_SHARES":500,"TOTAL_MARKET_CAP":1524616820,"HKSK_MARKET_CAP":1524616820,"PE_TTM":7.802990656064,"PB_TTM":1.714872858272,"REPORT_DATE_SQ":"2023-06-30 00:00:00","REPORT_TYPE_SQ":"2023年中报","OPERATE_INCOME_SQ":256773000,"DPS_HKD":0.3864,"OPERATE_INCOME_QOQ_SQ":25.771978321964,"NET_PROFIT_RATIO_SQ":36.5879590144,"HOLDER_PROFIT_SQ":93880000,"HOLDER_PROFIT_QOQ_SQ":36.225641025641,"ROE_AVG_SQ":13.283931296549,"PE_TTM_SQ":7.972468730316,"PB_TTM_SQ":1.595899951746,"ROA_SQ":11.267774680513,"START_DATE":"2024-01-01 00:00:00","FISCAL_YEAR":"12-31","CURRENCY":"HKD","IS_CNY_CODE":0,"DPS_HKD_LY":0.3864,"ORG_TYPE":"一般企业","PREMIUM_INCOME":null,"PREMIUM_INCOME_YOY":null,"NET_INTEREST_INCOME":null,"NET_INTEREST_INCOME_YOY":null,"FEE_COMMISSION_INCOME":null,"FEE_COMMISSION_INCOME_YOY":null,"ACCOUNTS_RECE_TDAYS":44.559959349594,"INVENTORY_TDAYS":0.393729964429,"CURRENT_ASSETS_TDAYS":0.503533203693,"TOTAL_ASSETS_TDAYS":0.284126082421,"PREMIUM_EXPENSE":null,"LOAN_DEPOSIT":null,"LOAN_EQUITY":null,"LOAN_ASSETS":null,"DEPOSIT_EQUITY":null,"DEPOSIT_ASSETS":null,"EQUITY_MULTIPLIER":1.135155153354,"EQUITY_RATIO":0.135155153354},{"SECUCODE":"00837.HK","SECURITY_CODE":"00837","SECURITY_NAME_ABBR":"谭木匠","ORG_CODE":"10137070","STD_REPORT_DATE":"2023-12-31 00:00:00","REPORT_DATE":"2023-12-31 00:00:00","DATE_TYPE_CODE":"001","REPORT_TYPE":"2023年年报","PER_NETCASH_OPERATE":0.762558601446,"PER_OI":2.009086742202,"BPS":3.234176604453,"BASIC_EPS":0.6985,"DILUTED_EPS":0.6985,"OPERATE_INCOME":499688000,"OPERATE_INCOME_YOY":43.5876805306,"GROSS_PROFIT":300877000,"GROSS_PROFIT_YOY":46.591927814157,"HOLDER_PROFIT":173734000,"HOLDER_PROFIT_YOY":61.9897435897,"GROSS_PROFIT_RATIO":60.212972895087,"EPS_TTM":0.698529234382,"OPERATE_INCOME_QOQ":14.165080685144,"NET_PROFIT_RATIO":34.7765005363,"ROE_AVG":23.285540525598,"GROSS_PROFIT_QOQ":15.749970185083,"ROA":20.011587632333,"HOLDER_PROFIT_QOQ":18.91281433519,"ROE_YEARLY":23.285540525598,"ROIC_YEARLY":21.269622651327,"TOTAL_ASSETS":930777000,"TOTAL_LIABILITIES":122293000,"TAX_EBT":17.128536751697,"OCF_SALES":37.955484222155,"TOTAL_PARENT_EQUITY":804385000,"DEBT_ASSET_RATIO":13.1388076843,"OPERATE_PROFIT":210272000,"PRETAX_PROFIT":209691000,"NETCASH_OPERATE":189659000,"NETCASH_INVEST":-89463000,"NETCASH_FINANCE":-59870000,"END_CASH":67381000,"DIVI_RATIO":0.501286690327,"DIVIDEND_RATE":6.365733113674,"CURRENT_RATIO":6.881548168337,"COMMON_ACS":10000000000,"CURRENTDEBT_DEBT":76.20550644763,"ISSUED_COMMON_SHARES":248714000,"HK_COMMON_SHARES":248714000,"PER_SHARES":500,"TOTAL_MARKET_CAP":1509693980,"HKSK_MARKET_CAP":1509693980,"PE_TTM":7.726615543607,"PB_TTM":1.698087805826,"REPORT_DATE_SQ":"2022-12-31 00:00:00","REPORT_TYPE_SQ":"2022年年报","OPERATE_INCOME_SQ":348002000,"DPS_HKD":0.3864,"OPERATE_INCOME_QOQ_SQ":5.958938102676,"NET_PROFIT_RATIO_SQ":30.8210872351,"HOLDER_PROFIT_SQ":107250000,"HOLDER_PROFIT_QOQ_SQ":1.347520411249,"ROE_AVG_SQ":15.816064697659,"PE_TTM_SQ":8.004042863902,"PB_TTM_SQ":1.602220347594,"ROA_SQ":13.491728532584,"START_DATE":"2023-01-01 00:00:00","FISCAL_YEAR":"12-31","CURRENCY":"HKD","IS_CNY_CODE":0,"DPS_HKD_LY":0.2503,"ORG_TYPE":"一般企业","PREMIUM_INCOME":null,"PREMIUM_INCOME_YOY":null,"NET_INTEREST_INCOME":null,"NET_INTEREST_INCOME_YOY":null,"FEE_COMMISSION_INCOME":null,"FEE_COMMISSION_INCOME_YOY":null,"ACCOUNTS_RECE_TDAYS":82.205807353788,"INVENTORY_TDAYS":0.807246135543,"CURRENT_ASSETS_TDAYS":0.856723780099,"TOTAL_ASSETS_TDAYS":0.575566682447,"PREMIUM_EXPENSE":null,"LOAN_DEPOSIT":null,"LOAN_EQUITY":null,"LOAN_ASSETS":null,"DEPOSIT_EQUITY":null,"DEPOSIT_ASSETS":null,"EQUITY_MULTIPLIER":1.151262115267,"EQUITY_RATIO":0.15203291956},{"SECUCODE":"00837.HK","SECURITY_CODE":"00837","SECURITY_NAME_ABBR":"谭木匠","ORG_CODE":"10137070","STD_REPORT_DATE":"2023-06-30 00:00:00","REPORT_DATE":"2023-06-30 00:00:00","DATE_TYPE_CODE":"002","REPORT_TYPE":"2023年中报","PER_NETCASH_OPERATE":0.465888530601,"PER_OI":1.032402679383,"BPS":2.917475493941,"BASIC_EPS":0.377,"DILUTED_EPS":0.377,"OPERATE_INCOME":256773000,"OPERATE_INCOME_YOY":53.6771482949,"GROSS_PROFIT":154885000,"GROSS_PROFIT_YOY":54.582019242285,"HOLDER_PROFIT":93880000,"HOLDER_PROFIT_YOY":70.6040561169,"GROSS_PROFIT_RATIO":60.319815556932,"EPS_TTM":0.587429738575,"OPERATE_INCOME_QOQ":25.771978321964,"NET_PROFIT_RATIO":36.5879590144,"ROE_AVG":13.283931296549,"GROSS_PROFIT_QOQ":26.645326629249,"ROA":11.267774680513,"HOLDER_PROFIT_QOQ":36.225641025641,"ROE_YEARLY":26.567862593098,"ROIC_YEARLY":23.971988420008,"TOTAL_ASSETS":860788000,"TOTAL_LIABILITIES":131044000,"TAX_EBT":22.506887506805,"OCF_SALES":45.126629357448,"TOTAL_PARENT_EQUITY":725617000,"DEBT_ASSET_RATIO":15.2237252378,"OPERATE_PROFIT":121508000,"PRETAX_PROFIT":121234000,"NETCASH_OPERATE":115873000,"NETCASH_INVEST":-21675000,"NETCASH_FINANCE":-57642000,"END_CASH":64504000,"DIVI_RATIO":0.596094111356,"DIVIDEND_RATE":6.365733113674,"CURRENT_RATIO":6.168750741744,"COMMON_ACS":10000000000,"CURRENTDEBT_DEBT":70.72967858124,"ISSUED_COMMON_SHARES":248714000,"HK_COMMON_SHARES":248714000,"PER_SHARES":500,"TOTAL_MARKET_CAP":1509693980,"HKSK_MARKET_CAP":1509693980,"PE_TTM":7.726615543607,"PB_TTM":1.698087805826,"REPORT_DATE_SQ":"2022-06-30 00:00:00","REPORT_TYPE_SQ":"2022年中报","OPERATE_INCOME_SQ":167086000,"DPS_HKD":0.3864,"OPERATE_INCOME_QOQ_SQ":-0.749146293554,"NET_PROFIT_RATIO_SQ":32.945309601,"HOLDER_PROFIT_SQ":55028000,"HOLDER_PROFIT_QOQ_SQ":-1.708107706454,"ROE_AVG_SQ":8.233841826085,"PE_TTM_SQ":8.004042863902,"PB_TTM_SQ":1.602220347594,"ROA_SQ":7.011414508409,"START_DATE":"2023-01-01 00:00:00","FISCAL_YEAR":"12-31","CURRENCY":"HKD","IS_CNY_CODE":0,"DPS_HKD_LY":0.2503,"ORG_TYPE":"一般企业","PREMIUM_INCOME":null,"PREMIUM_INCOME_YOY":null,"NET_INTEREST_INCOME":null,"NET_INTEREST_INCOME_YOY":null,"FEE_COMMISSION_INCOME":null,"FEE_COMMISSION_INCOME_YOY":null,"ACCOUNTS_RECE_TDAYS":49.143157894737,"INVENTORY_TDAYS":0.43836842343,"CURRENT_ASSETS_TDAYS":0.46815679432,"TOTAL_ASSETS_TDAYS":0.308187080106,"PREMIUM_EXPENSE":null,"LOAN_DEPOSIT":null,"LOAN_EQUITY":null,"LOAN_ASSETS":null,"DEPOSIT_EQUITY":null,"DEPOSIT_ASSETS":null,"EQUITY_MULTIPLIER":1.17957530312,"EQUITY_RATIO":0.18059665085},{"SECUCODE":"00837.HK","SECURITY_CODE":"00837","SECURITY_NAME_ABBR":"谭木匠","ORG_CODE":"10137070","STD_REPORT_DATE":"2022-12-31 00:00:00","REPORT_DATE":"2022-12-31 00:00:00","DATE_TYPE_CODE":"001","REPORT_TYPE":"2022年年报","PER_NETCASH_OPERATE":0.271223171997,"PER_OI":1.39920551316,"BPS":2.765505761638,"BASIC_EPS":0.4312,"DILUTED_EPS":0.4312,"OPERATE_INCOME":348002000,"OPERATE_INCOME_YOY":5.1651506452,"GROSS_PROFIT":205248000,"GROSS_PROFIT_YOY":2.731868461885,"HOLDER_PROFIT":107250000,"HOLDER_PROFIT_YOY":-0.3836043952,"GROSS_PROFIT_RATIO":58.978971385222,"EPS_TTM":0.431218186351,"OPERATE_INCOME_QOQ":5.958938102676,"NET_PROFIT_RATIO":30.8210872351,"ROE_AVG":15.816064697659,"GROSS_PROFIT_QOQ":5.056585231024,"ROA":13.491728532584,"HOLDER_PROFIT_QOQ":1.347520411249,"ROE_YEARLY":15.816064697659,"ROIC_YEARLY":14.123010433251,"TOTAL_ASSETS":805557000,"TOTAL_LIABILITIES":113678000,"TAX_EBT":19.57439469718,"OCF_SALES":19.384083999517,"TOTAL_PARENT_EQUITY":687820000,"DEBT_ASSET_RATIO":14.1117264204,"OPERATE_PROFIT":133990000,"PRETAX_PROFIT":133363000,"NETCASH_OPERATE":67457000,"NETCASH_INVEST":14023000,"NETCASH_FINANCE":-85684000,"END_CASH":27160000,"DIVI_RATIO":0.812033024311,"DIVIDEND_RATE":6.365733113674,"CURRENT_RATIO":6.566188237648,"COMMON_ACS":10000000000,"CURRENTDEBT_DEBT":70.360140044688,"ISSUED_COMMON_SHARES":248714000,"HK_COMMON_SHARES":248714000,"PER_SHARES":500,"TOTAL_MARKET_CAP":1509693980,"HKSK_MARKET_CAP":1509693980,"PE_TTM":7.726615543607,"PB_TTM":1.698087805826,"REPORT_DATE_SQ":"2021-12-31 00:00:00","REPORT_TYPE_SQ":"2021年年报","OPERATE_INCOME_SQ":330910000,"DPS_HKD":0.3864,"OPERATE_INCOME_QOQ_SQ":-2.316409697807,"NET_PROFIT_RATIO_SQ":32.7424375208,"HOLDER_PROFIT_SQ":107663000,"HOLDER_PROFIT_QOQ_SQ":-1.334323078474,"ROE_AVG_SQ":16.893348605859,"PE_TTM_SQ":8.004042863902,"PB_TTM_SQ":1.602220347594,"ROA_SQ":14.178114347533,"START_DATE":"2022-01-01 00:00:00","FISCAL_YEAR":"12-31","CURRENCY":"HKD","IS_CNY_CODE":0,"DPS_HKD_LY":0.4011,"ORG_TYPE":"一般企业","PREMIUM_INCOME":null,"PREMIUM_INCOME_YOY":null,"NET_INTEREST_INCOME":null,"NET_INTEREST_INCOME_YOY":null,"FEE_COMMISSION_INCOME":null,"FEE_COMMISSION_INCOME_YOY":null,"ACCOUNTS_RECE_TDAYS":67.896205248268,"INVENTORY_TDAYS":0.645167705007,"CURRENT_ASSETS_TDAYS":0.638544567127,"TOTAL_ASSETS_TDAYS":0.437776085109,"PREMIUM_EXPENSE":null,"LOAN_DEPOSIT":null,"LOAN_EQUITY":null,"LOAN_ASSETS":null,"DEPOSIT_EQUITY":null,"DEPOSIT_ASSETS":null,"EQUITY_MULTIPLIER":1.164303295808,"EQUITY_RATIO":0.165272891163},{"SECUCODE":"00837.HK","SECURITY_CODE":"00837","SECURITY_NAME_ABBR":"谭木匠","ORG_CODE":"10137070","STD_REPORT_DATE":"2022-06-30 00:00:00","REPORT_DATE":"2022-06-30 00:00:00","DATE_TYPE_CODE":"002","REPORT_TYPE":"2022年中报","PER_NETCASH_OPERATE":0.155085761155,"PER_OI":0.671799737852,"BPS":2.686756676343,"BASIC_EPS":0.221,"DILUTED_EPS":0.221,"OPERATE_INCOME":167086000,"OPERATE_INCOME_YOY":-1.4619762333,"GROSS_PROFIT":100196000,"GROSS_PROFIT_YOY":-4.22589062963,"HOLDER_PROFIT":55028000,"HOLDER_PROFIT_YOY":-3.2338614662,"GROSS_PROFIT_RATIO":59.966723723113,"EPS_TTM":0.425484693262,"OPERATE_INCOME_QOQ":-0.749146293554,"NET_PROFIT_RATIO":32.945309601,"ROE_AVG":8.233841826085,"GROSS_PROFIT_QOQ":-2.212823464638,"ROA":7.011414508409,"HOLDER_PROFIT_QOQ":-1.708107706454,"ROE_YEARLY":16.46768365217,"ROIC_YEARLY":14.828038487474,"TOTAL_ASSETS":785363000,"TOTAL_LIABILITIES":113059000,"TAX_EBT":21.793797150042,"OCF_SALES":23.085117843506,"TOTAL_PARENT_EQUITY":668234000,"DEBT_ASSET_RATIO":14.3957634877,"OPERATE_PROFIT":70715000,"PRETAX_PROFIT":70387000,"NETCASH_OPERATE":38572000,"NETCASH_INVEST":22973000,"NETCASH_FINANCE":-55932000,"END_CASH":41322000,"DIVI_RATIO":0.822975335059,"DIVIDEND_RATE":6.365733113674,"CURRENT_RATIO":7.034801762115,"COMMON_ACS":10000000000,"CURRENTDEBT_DEBT":68.265242041766,"ISSUED_COMMON_SHARES":248714000,"HK_COMMON_SHARES":248714000,"PER_SHARES":500,"TOTAL_MARKET_CAP":1509693980,"HKSK_MARKET_CAP":1509693980,"PE_TTM":7.726615543607,"PB_TTM":1.698087805826,"REPORT_DATE_SQ":"2021-06-30 00:00:00","REPORT_TYPE_SQ":"2021年中报","OPERATE_INCOME_SQ":169565000,"DPS_HKD":0.3864,"OPERATE_INCOME_QOQ_SQ":22.179823343348,"NET_PROFIT_RATIO_SQ":33.9763512517,"HOLDER_PROFIT_SQ":56867000,"HOLDER_PROFIT_QOQ_SQ":38.020490766506,"ROE_AVG_SQ":9.294104379916,"PE_TTM_SQ":8.004042863902,"PB_TTM_SQ":1.602220347594,"ROA_SQ":7.799851319063,"START_DATE":"2022-01-01 00:00:00","FISCAL_YEAR":"12-31","CURRENCY":"HKD","IS_CNY_CODE":0,"DPS_HKD_LY":0.4011,"ORG_TYPE":"一般企业","PREMIUM_INCOME":null,"PREMIUM_INCOME_YOY":null,"NET_INTEREST_INCOME":null,"NET_INTEREST_INCOME_YOY":null,"FEE_COMMISSION_INCOME":null,"FEE_COMMISSION_INCOME_YOY":null,"ACCOUNTS_RECE_TDAYS":36.609553023663,"INVENTORY_TDAYS":0.334640745225,"CURRENT_ASSETS_TDAYS":0.301669794654,"TOTAL_ASSETS_TDAYS":0.212893291516,"PREMIUM_EXPENSE":null,"LOAN_DEPOSIT":null,"LOAN_EQUITY":null,"LOAN_ASSETS":null,"DEPOSIT_EQUITY":null,"DEPOSIT_ASSETS":null,"EQUITY_MULTIPLIER":1.168166484209,"EQUITY_RATIO":0.169190732588},{"SECUCODE":"00837.HK","SECURITY_CODE":"00837","SECURITY_NAME_ABBR":"谭木匠","ORG_CODE":"10137070","STD_REPORT_DATE":"2021-12-31 00:00:00","REPORT_DATE":"2021-12-31 00:00:00","DATE_TYPE_CODE":"001","REPORT_TYPE":"2021年年报","PER_NETCASH_OPERATE":0.26596411943,"PER_OI":1.330484009746,"BPS":2.68740802689,"BASIC_EPS":0.4329,"DILUTED_EPS":0.4329,"OPERATE_INCOME":330910000,"OPERATE_INCOME_YOY":19.3496380667,"GROSS_PROFIT":199790000,"GROSS_PROFIT_YOY":26.748590025821,"HOLDER_PROFIT":107663000,"HOLDER_PROFIT_YOY":36.1788515052,"GROSS_PROFIT_RATIO":60.375933033151,"EPS_TTM":0.432878728178,"OPERATE_INCOME_QOQ":-2.316409697807,"NET_PROFIT_RATIO":32.7424375208,"ROE_AVG":16.893348605859,"GROSS_PROFIT_QOQ":-0.522308914105,"ROA":14.178114347533,"HOLDER_PROFIT_QOQ":-1.334323078474,"ROE_YEARLY":16.893348605859,"ROIC_YEARLY":15.71512710346,"TOTAL_ASSETS":784306000,"TOTAL_LIABILITIES":111859000,"TAX_EBT":17.161971023357,"OCF_SALES":19.990027499925,"TOTAL_PARENT_EQUITY":668396000,"DEBT_ASSET_RATIO":14.2621629823,"OPERATE_PROFIT":131129000,"PRETAX_PROFIT":130795000,"NETCASH_OPERATE":66149000,"NETCASH_INVEST":-66778000,"NETCASH_FINANCE":-60004000,"END_CASH":35795000,"DIVI_RATIO":0.808918029939,"DIVIDEND_RATE":6.365733113674,"CURRENT_RATIO":7.421065079428,"COMMON_ACS":10000000000,"CURRENTDEBT_DEBT":68.038333974021,"ISSUED_COMMON_SHARES":248714000,"HK_COMMON_SHARES":248714000,"PER_SHARES":500,"TOTAL_MARKET_CAP":1509693980,"HKSK_MARKET_CAP":1509693980,"PE_TTM":7.726615543607,"PB_TTM":1.698087805826,"REPORT_DATE_SQ":"2020-12-31 00:00:00","REPORT_TYPE_SQ":"2020年年报","OPERATE_INCOME_SQ":277261000,"DPS_HKD":0.3864,"OPERATE_INCOME_QOQ_SQ":1.097166110001,"NET_PROFIT_RATIO_SQ":29.2172357454,"HOLDER_PROFIT_SQ":79060000,"HOLDER_PROFIT_QOQ_SQ":3.690685413005,"ROE_AVG_SQ":13.231489136656,"PE_TTM_SQ":8.004042863902,"PB_TTM_SQ":1.602220347594,"ROA_SQ":9.870531979974,"START_DATE":"2021-01-01 00:00:00","FISCAL_YEAR":"12-31","CURRENCY":"HKD","IS_CNY_CODE":0,"DPS_HKD_LY":0.1958,"ORG_TYPE":"一般企业","PREMIUM_INCOME":null,"PREMIUM_INCOME_YOY":null,"NET_INTEREST_INCOME":null,"NET_INTEREST_INCOME_YOY":null,"FEE_COMMISSION_INCOME":null,"FEE_COMMISSION_INCOME_YOY":null,"ACCOUNTS_RECE_TDAYS":76.812906220984,"INVENTORY_TDAYS":0.733524098829,"CURRENT_ASSETS_TDAYS":0.601510729707,"TOTAL_ASSETS_TDAYS":0.435774576107,"PREMIUM_EXPENSE":null,"LOAN_DEPOSIT":null,"LOAN_EQUITY":null,"LOAN_ASSETS":null,"DEPOSIT_EQUITY":null,"DEPOSIT_ASSETS":null,"EQUITY_MULTIPLIER":1.166346195313,"EQUITY_RATIO":0.167354382731},{"SECUCODE":"00837.HK","SECURITY_CODE":"00837","SECURITY_NAME_ABBR":"谭木匠","ORG_CODE":"10137070","STD_REPORT_DATE":"2021-06-30 00:00:00","REPORT_DATE":"2021-06-30 00:00:00","DATE_TYPE_CODE":"002","REPORT_TYPE":"2021年中报","PER_NETCASH_OPERATE":0.074724382222,"PER_OI":0.681767009497,"BPS":2.482763334593,"BASIC_EPS":0.229,"DILUTED_EPS":0.229,"OPERATE_INCOME":169565000,"OPERATE_INCOME_YOY":56.9043851613,"GROSS_PROFIT":104617000,"GROSS_PROFIT_YOY":70.37211953424,"HOLDER_PROFIT":56867000,"HOLDER_PROFIT_YOY":112.1269770218,"GROSS_PROFIT_RATIO":61.697284227288,"EPS_TTM":0.438732841738,"OPERATE_INCOME_QOQ":22.179823343348,"NET_PROFIT_RATIO":33.9763512517,"ROE_AVG":9.294104379916,"GROSS_PROFIT_QOQ":27.414085150387,"ROA":7.799851319063,"HOLDER_PROFIT_QOQ":38.020490766506,"ROE_YEARLY":18.588208759833,"ROIC_YEARLY":17.686910855537,"TOTAL_ASSETS":723741000,"TOTAL_LIABILITIES":103140000,"TAX_EBT":21.125912133949,"OCF_SALES":10.960398667178,"TOTAL_PARENT_EQUITY":617498000,"DEBT_ASSET_RATIO":14.250954416,"OPERATE_PROFIT":73207000,"PRETAX_PROFIT":73043000,"NETCASH_OPERATE":18585000,"NETCASH_INVEST":3836000,"NETCASH_FINANCE":-58171000,"END_CASH":60280000,"DIVI_RATIO":0.798124449979,"DIVIDEND_RATE":6.365733113674,"CURRENT_RATIO":7.102493150311,"COMMON_ACS":10000000000,"CURRENTDEBT_DEBT":71.127593562149,"ISSUED_COMMON_SHARES":248714000,"HK_COMMON_SHARES":248714000,"PER_SHARES":500,"TOTAL_MARKET_CAP":1509693980,"HKSK_MARKET_CAP":1509693980,"PE_TTM":7.726615543607,"PB_TTM":1.698087805826,"REPORT_DATE_SQ":"2020-06-30 00:00:00","REPORT_TYPE_SQ":"2020年中报","OPERATE_INCOME_SQ":108069000,"DPS_HKD":0.3864,"OPERATE_INCOME_QOQ_SQ":-18.507865382215,"NET_PROFIT_RATIO_SQ":25.7964818773,"HOLDER_PROFIT_SQ":26808000,"HOLDER_PROFIT_QOQ_SQ":-37.750236765618,"ROE_AVG_SQ":4.695414579465,"PE_TTM_SQ":8.004042863902,"PB_TTM_SQ":1.602220347594,"ROA_SQ":3.513142505185,"START_DATE":"2021-01-01 00:00:00","FISCAL_YEAR":"12-31","CURRENCY":"HKD","IS_CNY_CODE":0,"DPS_HKD_LY":0.1958,"ORG_TYPE":"一般企业","PREMIUM_INCOME":null,"PREMIUM_INCOME_YOY":null,"NET_INTEREST_INCOME":null,"NET_INTEREST_INCOME_YOY":null,"FEE_COMMISSION_INCOME":null,"FEE_COMMISSION_INCOME_YOY":null,"ACCOUNTS_RECE_TDAYS":48.460988853958,"INVENTORY_TDAYS":0.375557643657,"CURRENT_ASSETS_TDAYS":0.32098959408,"TOTAL_ASSETS_TDAYS":0.232574566782,"PREMIUM_EXPENSE":null,"LOAN_DEPOSIT":null,"LOAN_EQUITY":null,"LOAN_ASSETS":null,"DEPOSIT_EQUITY":null,"DEPOSIT_ASSETS":null,"EQUITY_MULTIPLIER":1.166193738005,"EQUITY_RATIO":0.167028881065},{"SECUCODE":"00837.HK","SECURITY_CODE":"00837","SECURITY_NAME_ABBR":"谭木匠","ORG_CODE":"10137070","STD_REPORT_DATE":"2020-12-31 00:00:00","REPORT_DATE":"2020-12-31 00:00:00","DATE_TYPE_CODE":"001","REPORT_TYPE":"2020年年报","PER_NETCASH_OPERATE":0.32409916611,"PER_OI":1.114778420193,"BPS":2.437434161326,"BASIC_EPS":0.3179,"DILUTED_EPS":0.3179,"OPERATE_INCOME":277261000,"OPERATE_INCOME_YOY":-17.6137612989,"GROSS_PROFIT":157627000,"GROSS_PROFIT_YOY":-21.521212030689,"HOLDER_PROFIT":79060000,"HOLDER_PROFIT_YOY":-35.4527938343,"GROSS_PROFIT_RATIO":56.851486505495,"EPS_TTM":0.31787514977,"OPERATE_INCOME_QOQ":1.097166110001,"NET_PROFIT_RATIO":29.2172357454,"ROE_AVG":13.231489136656,"GROSS_PROFIT_QOQ":1.155776314607,"ROA":9.870531979974,"HOLDER_PROFIT_QOQ":3.690685413005,"ROE_YEARLY":13.231489136656,"ROIC_YEARLY":10.934478876512,"TOTAL_ASSETS":734415000,"TOTAL_LIABILITIES":115276000,"TAX_EBT":19.622959765838,"OCF_SALES":29.072967348455,"TOTAL_PARENT_EQUITY":606224000,"DEBT_ASSET_RATIO":15.6963024993,"OPERATE_PROFIT":101242000,"PRETAX_PROFIT":100785000,"NETCASH_OPERATE":80608000,"NETCASH_INVEST":195739000,"NETCASH_FINANCE":-213142000,"END_CASH":95777000,"DIVI_RATIO":1.101575282789,"DIVIDEND_RATE":6.365733113674,"CURRENT_RATIO":6.160894677497,"COMMON_ACS":10000000000,"CURRENTDEBT_DEBT":75.396439848711,"ISSUED_COMMON_SHARES":248714000,"HK_COMMON_SHARES":248714000,"PER_SHARES":500,"TOTAL_MARKET_CAP":1509693980,"HKSK_MARKET_CAP":1509693980,"PE_TTM":7.726615543607,"PB_TTM":1.698087805826,"REPORT_DATE_SQ":"2019-12-31 00:00:00","REPORT_TYPE_SQ":"2019年年报","OPERATE_INCOME_SQ":336538000,"DPS_HKD":0.3864,"OPERATE_INCOME_QOQ_SQ":3.533906986904,"NET_PROFIT_RATIO_SQ":36.4149070833,"HOLDER_PROFIT_SQ":122484000,"HOLDER_PROFIT_QOQ_SQ":-0.480195003047,"ROE_AVG_SQ":18.756230561796,"PE_TTM_SQ":8.004042863902,"PB_TTM_SQ":1.602220347594,"ROA_SQ":14.49802179722,"START_DATE":"2020-01-01 00:00:00","FISCAL_YEAR":"12-31","CURRENCY":"HKD","IS_CNY_CODE":0,"DPS_HKD_LY":0.9519,"ORG_TYPE":"一般企业","PREMIUM_INCOME":null,"PREMIUM_INCOME_YOY":null,"NET_INTEREST_INCOME":null,"NET_INTEREST_INCOME_YOY":null,"FEE_COMMISSION_INCOME":null,"FEE_COMMISSION_INCOME_YOY":null,"ACCOUNTS_RECE_TDAYS":65.138259133091,"INVENTORY_TDAYS":0.76571640702,"CURRENT_ASSETS_TDAYS":0.462411867961,"TOTAL_ASSETS_TDAYS":0.346156535201,"PREMIUM_EXPENSE":null,"LOAN_DEPOSIT":null,"LOAN_EQUITY":null,"LOAN_ASSETS":null,"DEPOSIT_EQUITY":null,"DEPOSIT_ASSETS":null,"EQUITY_MULTIPLIER":1.18618759277,"EQUITY_RATIO":0.190154134445},{"SECUCODE":"00837.HK","SECURITY_CODE":"00837","SECURITY_NAME_ABBR":"谭木匠","ORG_CODE":"10137070","STD_REPORT_DATE":"2020-06-30 00:00:00","REPORT_DATE":"2020-06-30 00:00:00","DATE_TYPE_CODE":"002","REPORT_TYPE":"2020年中报","PER_NETCASH_OPERATE":-0.047532507217,"PER_OI":0.434511125228,"BPS":2.223742933651,"BASIC_EPS":0.108,"DILUTED_EPS":0.108,"OPERATE_INCOME":108069000,"OPERATE_INCOME_YOY":-36.5624724839,"GROSS_PROFIT":61405000,"GROSS_PROFIT_YOY":-42.305885447986,"HOLDER_PROFIT":26808000,"HOLDER_PROFIT_YOY":-63.299838458,"GROSS_PROFIT_RATIO":56.820179700007,"EPS_TTM":0.306560949524,"OPERATE_INCOME_QOQ":-18.507865382215,"NET_PROFIT_RATIO":25.7964818773,"ROE_AVG":4.695414579465,"GROSS_PROFIT_QOQ":-22.417887708921,"ROA":3.513142505185,"HOLDER_PROFIT_QOQ":-37.750236765618,"ROE_YEARLY":9.390829158931,"ROIC_YEARLY":7.417429631536,"TOTAL_ASSETS":658630000,"TOTAL_LIABILITIES":96684000,"TAX_EBT":22.041387024609,"OCF_SALES":-10.939307294414,"TOTAL_PARENT_EQUITY":553076000,"DEBT_ASSET_RATIO":14.6795621214,"OPERATE_PROFIT":36001000,"PRETAX_PROFIT":35760000,"NETCASH_OPERATE":-11822000,"NETCASH_INVEST":215300000,"NETCASH_FINANCE":-213411000,"END_CASH":24429000,"DIVI_RATIO":1.142230961064,"DIVIDEND_RATE":6.365733113674,"CURRENT_RATIO":6.803714196716,"COMMON_ACS":10000000000,"CURRENTDEBT_DEBT":69.729220967275,"ISSUED_COMMON_SHARES":248714000,"HK_COMMON_SHARES":248714000,"PER_SHARES":500,"TOTAL_MARKET_CAP":1509693980,"HKSK_MARKET_CAP":1509693980,"PE_TTM":7.726615543607,"PB_TTM":1.698087805826,"REPORT_DATE_SQ":"2019-06-30 00:00:00","REPORT_TYPE_SQ":"2019年中报","OPERATE_INCOME_SQ":170355000,"DPS_HKD":0.3864,"OPERATE_INCOME_QOQ_SQ":4.091599044429,"NET_PROFIT_RATIO_SQ":42.8786944909,"HOLDER_PROFIT_SQ":73046000,"HOLDER_PROFIT_QOQ_SQ":7.479696096411,"ROE_AVG_SQ":10.449114816383,"PE_TTM_SQ":8.004042863902,"PB_TTM_SQ":1.602220347594,"ROA_SQ":9.090083240105,"START_DATE":"2020-01-01 00:00:00","FISCAL_YEAR":"12-31","CURRENCY":"HKD","IS_CNY_CODE":0,"DPS_HKD_LY":0.9519,"ORG_TYPE":"一般企业","PREMIUM_INCOME":null,"PREMIUM_INCOME_YOY":null,"NET_INTEREST_INCOME":null,"NET_INTEREST_INCOME_YOY":null,"FEE_COMMISSION_INCOME":null,"FEE_COMMISSION_INCOME_YOY":null,"ACCOUNTS_RECE_TDAYS":21.1568128426,"INVENTORY_TDAYS":0.29115685308,"CURRENT_ASSETS_TDAYS":0.19256548169,"TOTAL_ASSETS_TDAYS":0.141622574378,"PREMIUM_EXPENSE":null,"LOAN_DEPOSIT":null,"LOAN_EQUITY":null,"LOAN_ASSETS":null,"DEPOSIT_EQUITY":null,"DEPOSIT_ASSETS":null,"EQUITY_MULTIPLIER":1.172052118887,"EQUITY_RATIO":0.174811418322}],"count":35},"success":true,"message":"ok","code":0}