{"version":"76b2120a2d2b488c092a0adfb77966e2","result":{"pages":7,"data":[{"SECUCODE":"00831.HK","SECURITY_CODE":"00831","SECURITY_NAME_ABBR":"利亚零售","ORG_CODE":"10010682","STD_REPORT_DATE":"2024-06-30 00:00:00","REPORT_DATE":"2024-06-30 00:00:00","DATE_TYPE_CODE":"002","REPORT_TYPE":"2024年中报","PER_NETCASH_OPERATE":0.107301541013,"PER_OI":0.847214808459,"BPS":0.753601994546,"BASIC_EPS":0.01460288,"DILUTED_EPS":0.01460288,"OPERATE_INCOME":658639172.72,"OPERATE_INCOME_YOY":2.8243226299,"GROSS_PROFIT":353414338.36,"GROSS_PROFIT_YOY":4.770598714871,"HOLDER_PROFIT":11652185.56,"HOLDER_PROFIT_YOY":-16.0010527008,"GROSS_PROFIT_RATIO":53.658262824013,"EPS_TTM":0.064233304893,"OPERATE_INCOME_QOQ":0.858106405688,"NET_PROFIT_RATIO":1.7691303589,"ROE_AVG":1.960978569317,"GROSS_PROFIT_QOQ":2.234929586879,"ROA":1.016107941273,"HOLDER_PROFIT_QOQ":-4.514572926968,"ROE_YEARLY":3.921957138633,"ROIC_YEARLY":2.411319053094,"TOTAL_ASSETS":1119706855.12,"TOTAL_LIABILITIES":533843872.92,"TAX_EBT":23.765450528453,"OCF_SALES":12.665210751967,"TOTAL_PARENT_EQUITY":585862982.2,"DEBT_ASSET_RATIO":47.6771103507,"OPERATE_PROFIT":15897972.92,"PRETAX_PROFIT":15284651.96,"NETCASH_OPERATE":83418039.32,"NETCASH_INVEST":-14978904.16,"NETCASH_FINANCE":-110091112.32,"END_CASH":159205161.16,"DIVI_RATIO":0.848506862456,"DIVIDEND_RATE":18.75,"CURRENT_RATIO":0.73434159296,"COMMON_ACS":2000000000,"CURRENTDEBT_DEBT":75.964364296595,"ISSUED_COMMON_SHARES":777416974,"HK_COMMON_SHARES":777416974,"PER_SHARES":2000,"TOTAL_MARKET_CAP":248773431.68,"HKSK_MARKET_CAP":248773431.68,"PE_TTM":4.500487213127,"PB_TTM":0.387548868121,"REPORT_DATE_SQ":"2023-06-30 00:00:00","REPORT_TYPE_SQ":"2023年中报","OPERATE_INCOME_SQ":647075067.36,"DPS_HKD":0.06,"OPERATE_INCOME_QOQ_SQ":5.394873159287,"NET_PROFIT_RATIO_SQ":2.1656179827,"HOLDER_PROFIT_SQ":14013174.02,"HOLDER_PROFIT_QOQ_SQ":-0.429307617242,"ROE_AVG_SQ":2.358293321169,"PE_TTM_SQ":7.622424851419,"PB_TTM_SQ":0.798093741077,"ROA_SQ":1.187403321823,"START_DATE":"2024-01-01 00:00:00","FISCAL_YEAR":"12-31","CURRENCY":"HKD","IS_CNY_CODE":0,"DPS_HKD_LY":0.06,"ORG_TYPE":"一般企业","PREMIUM_INCOME":null,"PREMIUM_INCOME_YOY":null,"NET_INTEREST_INCOME":null,"NET_INTEREST_INCOME_YOY":null,"FEE_COMMISSION_INCOME":null,"FEE_COMMISSION_INCOME_YOY":null,"ACCOUNTS_RECE_TDAYS":12.834195877572,"INVENTORY_TDAYS":8.352218378891,"CURRENT_ASSETS_TDAYS":2.094671121186,"TOTAL_ASSETS_TDAYS":0.574354476581,"PREMIUM_EXPENSE":null,"LOAN_DEPOSIT":null,"LOAN_EQUITY":null,"LOAN_ASSETS":null,"DEPOSIT_EQUITY":null,"DEPOSIT_ASSETS":null,"EQUITY_MULTIPLIER":1.911209428039,"EQUITY_RATIO":0.91120942804},{"SECUCODE":"00831.HK","SECURITY_CODE":"00831","SECURITY_NAME_ABBR":"利亚零售","ORG_CODE":"10010682","STD_REPORT_DATE":"2023-12-31 00:00:00","REPORT_DATE":"2023-12-31 00:00:00","DATE_TYPE_CODE":"001","REPORT_TYPE":"2023年年报","PER_NETCASH_OPERATE":0.255405314677,"PER_OI":1.733472184002,"BPS":0.769570773226,"BASIC_EPS":0.06706028,"DILUTED_EPS":0.06706028,"OPERATE_INCOME":1347630699.8,"OPERATE_INCOME_YOY":1.6560664559,"GROSS_PROFIT":720035288.56,"GROSS_PROFIT_YOY":8.99584712907,"HOLDER_PROFIT":52297049.98,"HOLDER_PROFIT_YOY":-14.8646455706,"GROSS_PROFIT_RATIO":53.429718443403,"EPS_TTM":0.067270270304,"OPERATE_INCOME_QOQ":-2.149125952797,"NET_PROFIT_RATIO":3.8806662677,"ROE_AVG":8.770278105156,"GROSS_PROFIT_QOQ":0.284799656877,"ROA":4.422257421069,"HOLDER_PROFIT_QOQ":-13.258023185192,"ROE_YEARLY":8.770278105156,"ROIC_YEARLY":5.410635538019,"TOTAL_ASSETS":1165478667.36,"TOTAL_LIABILITIES":567201285.56,"TAX_EBT":18.863706661418,"OCF_SALES":14.733741737218,"TOTAL_PARENT_EQUITY":598277381.8,"DEBT_ASSET_RATIO":48.6668097362,"OPERATE_PROFIT":66129592.06,"PRETAX_PROFIT":64455803.72,"NETCASH_OPERATE":198556426.88,"NETCASH_INVEST":-29675080.12,"NETCASH_FINANCE":-200771228.56,"END_CASH":199948380.8,"DIVI_RATIO":0.81020040136,"DIVIDEND_RATE":14.457831325301,"CURRENT_RATIO":0.762543408982,"COMMON_ACS":2000000000,"CURRENTDEBT_DEBT":76.004077341676,"ISSUED_COMMON_SHARES":777416974,"HK_COMMON_SHARES":777416974,"PER_SHARES":2000,"TOTAL_MARKET_CAP":322628044.21,"HKSK_MARKET_CAP":322628044.21,"PE_TTM":5.836569354524,"PB_TTM":0.502602438345,"REPORT_DATE_SQ":"2022-12-31 00:00:00","REPORT_TYPE_SQ":"2022年年报","OPERATE_INCOME_SQ":1306732525.28,"DPS_HKD":0.06,"OPERATE_INCOME_QOQ_SQ":10.273522706084,"NET_PROFIT_RATIO_SQ":4.6337185138,"HOLDER_PROFIT_SQ":60550306.95,"HOLDER_PROFIT_QOQ_SQ":-0.605244820686,"ROE_AVG_SQ":10.427089975088,"PE_TTM_SQ":7.739692926057,"PB_TTM_SQ":0.810372106324,"ROA_SQ":5.126653721144,"START_DATE":"2023-01-01 00:00:00","FISCAL_YEAR":"12-31","CURRENCY":"HKD","IS_CNY_CODE":0,"DPS_HKD_LY":0.07,"ORG_TYPE":"一般企业","PREMIUM_INCOME":null,"PREMIUM_INCOME_YOY":null,"NET_INTEREST_INCOME":null,"NET_INTEREST_INCOME_YOY":null,"FEE_COMMISSION_INCOME":null,"FEE_COMMISSION_INCOME_YOY":null,"ACCOUNTS_RECE_TDAYS":28.248848363964,"INVENTORY_TDAYS":17.399022699009,"CURRENT_ASSETS_TDAYS":3.913652213961,"TOTAL_ASSETS_TDAYS":1.139561383545,"PREMIUM_EXPENSE":null,"LOAN_DEPOSIT":null,"LOAN_EQUITY":null,"LOAN_ASSETS":null,"DEPOSIT_EQUITY":null,"DEPOSIT_ASSETS":null,"EQUITY_MULTIPLIER":1.948057377422,"EQUITY_RATIO":0.948057377422},{"SECUCODE":"00831.HK","SECURITY_CODE":"00831","SECURITY_NAME_ABBR":"利亚零售","ORG_CODE":"10010682","STD_REPORT_DATE":"2023-06-30 00:00:00","REPORT_DATE":"2023-06-30 00:00:00","DATE_TYPE_CODE":"002","REPORT_TYPE":"2023年中报","PER_NETCASH_OPERATE":0.06568312214,"PER_OI":0.83252396478,"BPS":0.750898007534,"BASIC_EPS":0.0184396,"DILUTED_EPS":0.0184396,"OPERATE_INCOME":647075067.36,"OPERATE_INCOME_YOY":4.0967886908,"GROSS_PROFIT":337322056.66,"GROSS_PROFIT_YOY":20.498154122958,"HOLDER_PROFIT":14013174.02,"HOLDER_PROFIT_YOY":-8.9334931096,"GROSS_PROFIT_RATIO":52.130281890823,"EPS_TTM":0.077569314549,"OPERATE_INCOME_QOQ":5.394873159287,"NET_PROFIT_RATIO":2.1656179827,"ROE_AVG":2.358293321169,"GROSS_PROFIT_QOQ":8.686308894267,"ROA":1.187403321823,"HOLDER_PROFIT_QOQ":-0.429307617242,"ROE_YEARLY":4.716586642337,"ROIC_YEARLY":2.858505035155,"TOTAL_ASSETS":1139746144.12,"TOTAL_LIABILITIES":555985287.32,"TAX_EBT":25.054240631164,"OCF_SALES":7.889637406103,"TOTAL_PARENT_EQUITY":583760856.8,"DEBT_ASSET_RATIO":48.7815019325,"OPERATE_PROFIT":19944271.36,"PRETAX_PROFIT":18697754.4,"NETCASH_OPERATE":51051876.56,"NETCASH_INVEST":-11672266.8,"NETCASH_FINANCE":-111411141.22,"END_CASH":163254076.62,"DIVI_RATIO":0.702628356545,"DIVIDEND_RATE":14.457831325301,"CURRENT_RATIO":0.682930293436,"COMMON_ACS":2000000000,"CURRENTDEBT_DEBT":75.890745795428,"ISSUED_COMMON_SHARES":777416974,"HK_COMMON_SHARES":777416974,"PER_SHARES":2000,"TOTAL_MARKET_CAP":322628044.21,"HKSK_MARKET_CAP":322628044.21,"PE_TTM":5.836569354524,"PB_TTM":0.502602438345,"REPORT_DATE_SQ":"2022-06-30 00:00:00","REPORT_TYPE_SQ":"2022年中报","OPERATE_INCOME_SQ":576578505.09,"DPS_HKD":0.06,"OPERATE_INCOME_QOQ_SQ":6.426182354995,"NET_PROFIT_RATIO_SQ":2.4754861609,"HOLDER_PROFIT_SQ":14273121.1,"HOLDER_PROFIT_QOQ_SQ":-7.291825484483,"ROE_AVG_SQ":2.635218775263,"PE_TTM_SQ":7.739692926057,"PB_TTM_SQ":0.810372106324,"ROA_SQ":1.308047548978,"START_DATE":"2023-01-01 00:00:00","FISCAL_YEAR":"12-31","CURRENCY":"HKD","IS_CNY_CODE":0,"DPS_HKD_LY":0.07,"ORG_TYPE":"一般企业","PREMIUM_INCOME":null,"PREMIUM_INCOME_YOY":null,"NET_INTEREST_INCOME":null,"NET_INTEREST_INCOME_YOY":null,"FEE_COMMISSION_INCOME":null,"FEE_COMMISSION_INCOME_YOY":null,"ACCOUNTS_RECE_TDAYS":14.63827302117,"INVENTORY_TDAYS":8.143520257905,"CURRENT_ASSETS_TDAYS":1.977707423673,"TOTAL_ASSETS_TDAYS":0.548297682849,"PREMIUM_EXPENSE":null,"LOAN_DEPOSIT":null,"LOAN_EQUITY":null,"LOAN_ASSETS":null,"DEPOSIT_EQUITY":null,"DEPOSIT_ASSETS":null,"EQUITY_MULTIPLIER":1.952419609576,"EQUITY_RATIO":0.952419609577},{"SECUCODE":"00831.HK","SECURITY_CODE":"00831","SECURITY_NAME_ABBR":"利亚零售","ORG_CODE":"10010682","STD_REPORT_DATE":"2022-12-31 00:00:00","REPORT_DATE":"2022-12-31 00:00:00","DATE_TYPE_CODE":"001","REPORT_TYPE":"2022年年报","PER_NETCASH_OPERATE":0.269539710488,"PER_OI":1.68340223647,"BPS":0.753555724666,"BASIC_EPS":0.07771449,"DILUTED_EPS":0.07771449,"OPERATE_INCOME":1306732525.28,"OPERATE_INCOME_YOY":7.4181989074,"GROSS_PROFIT":660608002.53,"GROSS_PROFIT_YOY":18.308152953899,"HOLDER_PROFIT":60550306.95,"HOLDER_PROFIT_YOY":-15.6588279209,"GROSS_PROFIT_RATIO":50.554186855374,"EPS_TTM":0.078004121093,"OPERATE_INCOME_QOQ":10.273522706084,"NET_PROFIT_RATIO":4.6337185138,"ROE_AVG":10.427089975088,"GROSS_PROFIT_QOQ":12.472619083272,"ROA":5.126653721144,"HOLDER_PROFIT_QOQ":-0.605244820686,"ROE_YEARLY":10.427089975088,"ROIC_YEARLY":6.461853046108,"TOTAL_ASSETS":1182551916.42,"TOTAL_LIABILITIES":596724905.21,"TAX_EBT":14.239625506073,"OCF_SALES":16.011604633103,"TOTAL_PARENT_EQUITY":585827011.21,"DEBT_ASSET_RATIO":50.4607786706,"OPERATE_PROFIT":74818508.66,"PRETAX_PROFIT":70604060.8,"NETCASH_OPERATE":209228845.56,"NETCASH_INVEST":-53242465.08,"NETCASH_FINANCE":-184285174.08,"END_CASH":228788778.75,"DIVI_RATIO":0.698711801839,"DIVIDEND_RATE":14.457831325301,"CURRENT_RATIO":0.764842824821,"COMMON_ACS":2000000000,"CURRENTDEBT_DEBT":77.740586776204,"ISSUED_COMMON_SHARES":777416974,"HK_COMMON_SHARES":777416974,"PER_SHARES":2000,"TOTAL_MARKET_CAP":322628044.21,"HKSK_MARKET_CAP":322628044.21,"PE_TTM":5.836569354524,"PB_TTM":0.502602438345,"REPORT_DATE_SQ":"2021-12-31 00:00:00","REPORT_TYPE_SQ":"2021年年报","OPERATE_INCOME_SQ":1113440384,"DPS_HKD":0.06,"OPERATE_INCOME_QOQ_SQ":9.586726643971,"NET_PROFIT_RATIO_SQ":5.9015743406,"HOLDER_PROFIT_SQ":65710512,"HOLDER_PROFIT_QOQ_SQ":-97.460209004238,"ROE_AVG_SQ":13.140920305886,"PE_TTM_SQ":7.739692926057,"PB_TTM_SQ":0.810372106324,"ROA_SQ":6.032119516575,"START_DATE":"2022-01-01 00:00:00","FISCAL_YEAR":"12-31","CURRENCY":"HKD","IS_CNY_CODE":0,"DPS_HKD_LY":0.07,"ORG_TYPE":"一般企业","PREMIUM_INCOME":null,"PREMIUM_INCOME_YOY":null,"NET_INTEREST_INCOME":null,"NET_INTEREST_INCOME_YOY":null,"FEE_COMMISSION_INCOME":null,"FEE_COMMISSION_INCOME_YOY":null,"ACCOUNTS_RECE_TDAYS":31.267131193092,"INVENTORY_TDAYS":16.777616700493,"CURRENT_ASSETS_TDAYS":3.531172190218,"TOTAL_ASSETS_TDAYS":1.10638005003,"PREMIUM_EXPENSE":null,"LOAN_DEPOSIT":null,"LOAN_EQUITY":null,"LOAN_ASSETS":null,"DEPOSIT_EQUITY":null,"DEPOSIT_ASSETS":null,"EQUITY_MULTIPLIER":2.018602580268,"EQUITY_RATIO":1.018602580269},{"SECUCODE":"00831.HK","SECURITY_CODE":"00831","SECURITY_NAME_ABBR":"利亚零售","ORG_CODE":"10010682","STD_REPORT_DATE":"2022-06-30 00:00:00","REPORT_DATE":"2022-06-30 00:00:00","DATE_TYPE_CODE":"002","REPORT_TYPE":"2022年中报","PER_NETCASH_OPERATE":0.02857702678,"PER_OI":0.742779050947,"BPS":0.684599079258,"BASIC_EPS":0.01881418,"DILUTED_EPS":0.01795899,"OPERATE_INCOME":576578505.09,"OPERATE_INCOME_YOY":11.0827175444,"GROSS_PROFIT":279939604.98,"GROSS_PROFIT_YOY":11.54365882217,"HOLDER_PROFIT":14273121.1,"HOLDER_PROFIT_YOY":-27.156075419,"GROSS_PROFIT_RATIO":48.551862844125,"EPS_TTM":0.078479111853,"OPERATE_INCOME_QOQ":6.426182354995,"NET_PROFIT_RATIO":2.4754861609,"ROE_AVG":2.635218775263,"GROSS_PROFIT_QOQ":5.18840400285,"ROA":1.308047548978,"HOLDER_PROFIT_QOQ":-7.291825484483,"ROE_YEARLY":5.270437550525,"ROIC_YEARLY":3.207721595135,"TOTAL_ASSETS":1053017681.94,"TOTAL_LIABILITIES":520798737.34,"TAX_EBT":15.66021527111,"OCF_SALES":3.847311894941,"TOTAL_PARENT_EQUITY":532218944.6,"DEBT_ASSET_RATIO":49.4577390553,"OPERATE_PROFIT":19170794.23,"PRETAX_PROFIT":16923354.91,"NETCASH_OPERATE":22182773.41,"NETCASH_INVEST":-17690460.34,"NETCASH_FINANCE":-96868226.49,"END_CASH":154260882.58,"DIVI_RATIO":0.694482884847,"DIVIDEND_RATE":14.457831325301,"CURRENT_RATIO":0.699471839002,"COMMON_ACS":2000000000,"CURRENTDEBT_DEBT":79.342710669868,"ISSUED_COMMON_SHARES":777416974,"HK_COMMON_SHARES":777416974,"PER_SHARES":2000,"TOTAL_MARKET_CAP":322628044.21,"HKSK_MARKET_CAP":322628044.21,"PE_TTM":5.836569354524,"PB_TTM":0.502602438345,"REPORT_DATE_SQ":"2021-06-30 00:00:00","REPORT_TYPE_SQ":"2021年中报","OPERATE_INCOME_SQ":505026795.6,"DPS_HKD":0.06,"OPERATE_INCOME_QOQ_SQ":1.301375577804,"NET_PROFIT_RATIO_SQ":3.774971373,"HOLDER_PROFIT_SQ":19064616.96,"HOLDER_PROFIT_QOQ_SQ":-2.114317298041,"ROE_AVG_SQ":3.880229745097,"PE_TTM_SQ":7.739692926057,"PB_TTM_SQ":0.810372106324,"ROA_SQ":1.78762790157,"START_DATE":"2022-01-01 00:00:00","FISCAL_YEAR":"12-31","CURRENCY":"HKD","IS_CNY_CODE":0,"DPS_HKD_LY":0.07,"ORG_TYPE":"一般企业","PREMIUM_INCOME":null,"PREMIUM_INCOME_YOY":null,"NET_INTEREST_INCOME":null,"NET_INTEREST_INCOME_YOY":null,"FEE_COMMISSION_INCOME":null,"FEE_COMMISSION_INCOME_YOY":null,"ACCOUNTS_RECE_TDAYS":14.772370727432,"INVENTORY_TDAYS":7.434845513295,"CURRENT_ASSETS_TDAYS":1.752754394813,"TOTAL_ASSETS_TDAYS":0.528400267252,"PREMIUM_EXPENSE":null,"LOAN_DEPOSIT":null,"LOAN_EQUITY":null,"LOAN_ASSETS":null,"DEPOSIT_EQUITY":null,"DEPOSIT_ASSETS":null,"EQUITY_MULTIPLIER":1.978542275927,"EQUITY_RATIO":0.978542275926},{"SECUCODE":"00831.HK","SECURITY_CODE":"00831","SECURITY_NAME_ABBR":"利亚零售","ORG_CODE":"10010682","STD_REPORT_DATE":"2021-12-31 00:00:00","REPORT_DATE":"2021-12-31 00:00:00","DATE_TYPE_CODE":"001","REPORT_TYPE":"2021年年报","PER_NETCASH_OPERATE":0.213088215113,"PER_OI":1.434393034795,"BPS":0.677652974426,"BASIC_EPS":0.0850304,"DILUTED_EPS":0.0850304,"OPERATE_INCOME":1113440384,"OPERATE_INCOME_YOY":14.2769872644,"GROSS_PROFIT":558379102.4,"GROSS_PROFIT_YOY":3.911997628523,"HOLDER_PROFIT":65710512,"HOLDER_PROFIT_YOY":-97.4408093627,"GROSS_PROFIT_RATIO":50.148989602303,"EPS_TTM":0.084651771285,"OPERATE_INCOME_QOQ":9.586726643971,"NET_PROFIT_RATIO":5.9015743406,"ROE_AVG":13.140920305886,"GROSS_PROFIT_QOQ":5.079271645045,"ROA":6.032119516575,"HOLDER_PROFIT_QOQ":-97.460209004238,"ROE_YEARLY":13.140920305886,"ROIC_YEARLY":8.031751250558,"TOTAL_ASSETS":1079697214.4,"TOTAL_LIABILITIES":552878289.6,"TAX_EBT":15.399922676309,"OCF_SALES":14.855636491805,"TOTAL_PARENT_EQUITY":526818924.8,"DEBT_ASSET_RATIO":51.2067904063,"OPERATE_PROFIT":75869192,"PRETAX_PROFIT":71901379.2,"NETCASH_OPERATE":165408656,"NETCASH_INVEST":-97296852.8,"NETCASH_FINANCE":-136404296,"END_CASH":237337016,"DIVI_RATIO":0.643842404864,"DIVIDEND_RATE":14.457831325301,"CURRENT_RATIO":0.789383047721,"COMMON_ACS":2000000000,"CURRENTDEBT_DEBT":80.806126991028,"ISSUED_COMMON_SHARES":777416974,"HK_COMMON_SHARES":777416974,"PER_SHARES":2000,"TOTAL_MARKET_CAP":322628044.21,"HKSK_MARKET_CAP":322628044.21,"PE_TTM":5.836569354524,"PB_TTM":0.502602438345,"REPORT_DATE_SQ":"2020-12-31 00:00:00","REPORT_TYPE_SQ":"2020年年报","OPERATE_INCOME_SQ":1002983229.64,"DPS_HKD":0.06,"OPERATE_INCOME_QOQ_SQ":-80.998004668597,"NET_PROFIT_RATIO_SQ":263.5263375629,"HOLDER_PROFIT_SQ":2643124971.44,"HOLDER_PROFIT_QOQ_SQ":1303.06328933574,"ROE_AVG_SQ":481.424261563272,"PE_TTM_SQ":7.739692926057,"PB_TTM_SQ":0.810372106324,"ROA_SQ":157.349390044555,"START_DATE":"2021-01-01 00:00:00","FISCAL_YEAR":"12-31","CURRENCY":"HKD","IS_CNY_CODE":0,"DPS_HKD_LY":0.02,"ORG_TYPE":"一般企业","PREMIUM_INCOME":null,"PREMIUM_INCOME_YOY":null,"NET_INTEREST_INCOME":null,"NET_INTEREST_INCOME_YOY":null,"FEE_COMMISSION_INCOME":null,"FEE_COMMISSION_INCOME_YOY":null,"ACCOUNTS_RECE_TDAYS":44.154656723677,"INVENTORY_TDAYS":17.888383858346,"CURRENT_ASSETS_TDAYS":2.919959690388,"TOTAL_ASSETS_TDAYS":1.022120398464,"PREMIUM_EXPENSE":null,"LOAN_DEPOSIT":null,"LOAN_EQUITY":null,"LOAN_ASSETS":null,"DEPOSIT_EQUITY":null,"DEPOSIT_ASSETS":null,"EQUITY_MULTIPLIER":2.049465506219,"EQUITY_RATIO":1.049465506217},{"SECUCODE":"00831.HK","SECURITY_CODE":"00831","SECURITY_NAME_ABBR":"利亚零售","ORG_CODE":"10010682","STD_REPORT_DATE":"2021-06-30 00:00:00","REPORT_DATE":"2021-06-30 00:00:00","DATE_TYPE_CODE":"002","REPORT_TYPE":"2021年中报","PER_NETCASH_OPERATE":0.035603071254,"PER_OI":0.650602338844,"BPS":0.644443341624,"BASIC_EPS":0.0249624,"DILUTED_EPS":0.0249624,"OPERATE_INCOME":505026795.6,"OPERATE_INCOME_YOY":12.6904260158,"GROSS_PROFIT":250968641.28,"GROSS_PROFIT_YOY":-2.323223991257,"HOLDER_PROFIT":19064616.96,"HOLDER_PROFIT_YOY":-72.0759040109,"GROSS_PROFIT_RATIO":49.694123849772,"EPS_TTM":3.333021159065,"OPERATE_INCOME_QOQ":1.301375577804,"NET_PROFIT_RATIO":3.774971373,"ROE_AVG":3.880229745097,"GROSS_PROFIT_QOQ":-1.110850882622,"ROA":1.78762790157,"HOLDER_PROFIT_QOQ":-2.114317298041,"ROE_YEARLY":7.760459490195,"ROIC_YEARLY":4.724776412412,"TOTAL_ASSETS":1014497730.48,"TOTAL_LIABILITIES":513496537.92,"TAX_EBT":16.033901665345,"OCF_SALES":5.472324510458,"TOTAL_PARENT_EQUITY":501001192.56,"DEBT_ASSET_RATIO":50.6158390002,"OPERATE_PROFIT":35795249.52,"PRETAX_PROFIT":16788046.08,"NETCASH_OPERATE":28298208.72,"NETCASH_INVEST":-73503450.96,"NETCASH_FINANCE":-56991655.44,"END_CASH":208454345.76,"DIVI_RATIO":0.016352251426,"DIVIDEND_RATE":14.457831325301,"CURRENT_RATIO":0.758507376338,"COMMON_ACS":2000000000,"CURRENTDEBT_DEBT":84.026873043343,"ISSUED_COMMON_SHARES":777416974,"HK_COMMON_SHARES":777416974,"PER_SHARES":2000,"TOTAL_MARKET_CAP":322628044.21,"HKSK_MARKET_CAP":322628044.21,"PE_TTM":5.836569354524,"PB_TTM":0.502602438345,"REPORT_DATE_SQ":"2020-06-30 00:00:00","REPORT_TYPE_SQ":"2020年中报","OPERATE_INCOME_SQ":491974216.8,"DPS_HKD":0.06,"OPERATE_INCOME_QOQ_SQ":4.617476292446,"NET_PROFIT_RATIO_SQ":2.8701072788,"HOLDER_PROFIT_SQ":74948665.44,"HOLDER_PROFIT_QOQ_SQ":1.313220342762,"ROE_AVG_SQ":13.354361517122,"PE_TTM_SQ":7.739692926057,"PB_TTM_SQ":0.810372106324,"ROA_SQ":3.29910097076,"START_DATE":"2021-01-01 00:00:00","FISCAL_YEAR":"12-31","CURRENCY":"HKD","IS_CNY_CODE":0,"DPS_HKD_LY":0.02,"ORG_TYPE":"一般企业","PREMIUM_INCOME":null,"PREMIUM_INCOME_YOY":null,"NET_INTEREST_INCOME":null,"NET_INTEREST_INCOME_YOY":null,"FEE_COMMISSION_INCOME":null,"FEE_COMMISSION_INCOME_YOY":null,"ACCOUNTS_RECE_TDAYS":19.089922626911,"INVENTORY_TDAYS":8.2086514679,"CURRENT_ASSETS_TDAYS":1.356660925854,"TOTAL_ASSETS_TDAYS":0.47354740604,"PREMIUM_EXPENSE":null,"LOAN_DEPOSIT":null,"LOAN_EQUITY":null,"LOAN_ASSETS":null,"DEPOSIT_EQUITY":null,"DEPOSIT_ASSETS":null,"EQUITY_MULTIPLIER":2.024940749736,"EQUITY_RATIO":1.024940749734},{"SECUCODE":"00831.HK","SECURITY_CODE":"00831","SECURITY_NAME_ABBR":"利亚零售","ORG_CODE":"10010682","STD_REPORT_DATE":"2020-12-31 00:00:00","REPORT_DATE":"2020-12-31 00:00:00","DATE_TYPE_CODE":"001","REPORT_TYPE":"2020年年报","PER_NETCASH_OPERATE":0.386851149544,"PER_OI":1.292096262436,"BPS":0.626673582972,"BASIC_EPS":3.45661548,"DILUTED_EPS":3.45661548,"OPERATE_INCOME":1002983229.64,"OPERATE_INCOME_YOY":-0.4803528823,"GROSS_PROFIT":537357682.6,"GROSS_PROFIT_YOY":-5.073014208188,"HOLDER_PROFIT":2643124971.44,"HOLDER_PROFIT_YOY":1412.9284014376,"GROSS_PROFIT_RATIO":53.57593893099,"EPS_TTM":3.405013958184,"OPERATE_INCOME_QOQ":-80.998004668597,"NET_PROFIT_RATIO":263.5263375629,"ROE_AVG":481.424261563272,"GROSS_PROFIT_QOQ":-70.436205986049,"ROA":157.349390044555,"HOLDER_PROFIT_QOQ":1303.06328933574,"ROE_YEARLY":481.424261563272,"ROIC_YEARLY":211.058357748892,"TOTAL_ASSETS":1131303872.24,"TOTAL_LIABILITIES":644117191.68,"TAX_EBT":2.81927404488,"OCF_SALES":29.939808727189,"TOTAL_PARENT_EQUITY":487186680.56,"DEBT_ASSET_RATIO":56.9358248907,"OPERATE_PROFIT":56773667.84,"PRETAX_PROFIT":52959355.36,"NETCASH_OPERATE":300291260.52,"NETCASH_INVEST":2641971083,"NETCASH_FINANCE":-2877239762.04,"END_CASH":314052074.52,"DIVI_RATIO":0.016006512945,"DIVIDEND_RATE":14.457831325301,"CURRENT_RATIO":0.762659946128,"COMMON_ACS":2000000000,"CURRENTDEBT_DEBT":85.91097487038,"ISSUED_COMMON_SHARES":777416974,"HK_COMMON_SHARES":777416974,"PER_SHARES":2000,"TOTAL_MARKET_CAP":322628044.21,"HKSK_MARKET_CAP":322628044.21,"PE_TTM":5.836569354524,"PB_TTM":0.502602438345,"REPORT_DATE_SQ":"2019-12-31 00:00:00","REPORT_TYPE_SQ":"2019年年报","OPERATE_INCOME_SQ":1072654448.34,"DPS_HKD":0.06,"OPERATE_INCOME_QOQ_SQ":3.605544800497,"NET_PROFIT_RATIO_SQ":3.6853954129,"HOLDER_PROFIT_SQ":185940637.72,"HOLDER_PROFIT_QOQ_SQ":5.501315368458,"ROE_AVG_SQ":29.305861059266,"PE_TTM_SQ":7.739692926057,"PB_TTM_SQ":0.810372106324,"ROA_SQ":9.316878634251,"START_DATE":"2020-01-01 00:00:00","FISCAL_YEAR":"12-31","CURRENCY":"HKD","IS_CNY_CODE":0,"DPS_HKD_LY":0.27,"ORG_TYPE":"一般企业","PREMIUM_INCOME":null,"PREMIUM_INCOME_YOY":null,"NET_INTEREST_INCOME":null,"NET_INTEREST_INCOME_YOY":null,"FEE_COMMISSION_INCOME":null,"FEE_COMMISSION_INCOME_YOY":null,"ACCOUNTS_RECE_TDAYS":25.808638967395,"INVENTORY_TDAYS":4.508483416185,"CURRENT_ASSETS_TDAYS":1.500057273264,"TOTAL_ASSETS_TDAYS":0.59709170438,"PREMIUM_EXPENSE":null,"LOAN_DEPOSIT":null,"LOAN_EQUITY":null,"LOAN_ASSETS":null,"DEPOSIT_EQUITY":null,"DEPOSIT_ASSETS":null,"EQUITY_MULTIPLIER":2.322115766671,"EQUITY_RATIO":1.32211576667},{"SECUCODE":"00831.HK","SECURITY_CODE":"00831","SECURITY_NAME_ABBR":"利亚零售","ORG_CODE":"10010682","STD_REPORT_DATE":"2020-06-30 00:00:00","REPORT_DATE":"2020-06-30 00:00:00","DATE_TYPE_CODE":"002","REPORT_TYPE":"2020年中报","PER_NETCASH_OPERATE":0.421003457369,"PER_OI":0.645128348678,"BPS":0.591047634522,"BASIC_EPS":0.09865152,"DILUTED_EPS":0.09865152,"OPERATE_INCOME":491974216.8,"OPERATE_INCOME_YOY":5.7348348983,"GROSS_PROFIT":256937883.84,"GROSS_PROFIT_YOY":-69.276788739994,"HOLDER_PROFIT":74948665.44,"HOLDER_PROFIT_YOY":-0.4549535341,"GROSS_PROFIT_RATIO":32.367454604411,"EPS_TTM":0.247026883621,"OPERATE_INCOME_QOQ":4.617476292446,"NET_PROFIT_RATIO":2.8701072788,"ROE_AVG":13.354361517122,"GROSS_PROFIT_QOQ":0.493724405657,"ROA":3.29910097076,"HOLDER_PROFIT_QOQ":1.313220342762,"ROE_YEARLY":26.708723034243,"ROIC_YEARLY":8.375732516765,"TOTAL_ASSETS":2125231426.56,"TOTAL_LIABILITIES":1665740963.04,"TAX_EBT":15.195179460309,"OCF_SALES":12.294648163416,"TOTAL_PARENT_EQUITY":459490463.52,"DEBT_ASSET_RATIO":78.3792740039,"OPERATE_PROFIT":8394513.6,"PRETAX_PROFIT":6973200.96,"NETCASH_OPERATE":89612117.76,"NETCASH_INVEST":205266409.92,"NETCASH_FINANCE":-345413682.24,"END_CASH":377244325.92,"DIVI_RATIO":0.220633476005,"DIVIDEND_RATE":14.457831325301,"CURRENT_RATIO":0.554018583943,"COMMON_ACS":2000000000,"CURRENTDEBT_DEBT":84.173534526108,"ISSUED_COMMON_SHARES":777416974,"HK_COMMON_SHARES":777416974,"PER_SHARES":2000,"TOTAL_MARKET_CAP":322628044.21,"HKSK_MARKET_CAP":322628044.21,"PE_TTM":5.836569354524,"PB_TTM":0.502602438345,"REPORT_DATE_SQ":"2019-06-30 00:00:00","REPORT_TYPE_SQ":"2019年中报","OPERATE_INCOME_SQ":2378386882.62,"DPS_HKD":0.06,"OPERATE_INCOME_QOQ_SQ":4.468668501148,"NET_PROFIT_RATIO_SQ":3.0485727822,"HOLDER_PROFIT_SQ":72506855.16,"HOLDER_PROFIT_QOQ_SQ":9.794506711193,"ROE_AVG_SQ":12.337226915409,"PE_TTM_SQ":7.739692926057,"PB_TTM_SQ":0.810372106324,"ROA_SQ":3.780821867541,"START_DATE":"2020-01-01 00:00:00","FISCAL_YEAR":"12-31","CURRENCY":"HKD","IS_CNY_CODE":0,"DPS_HKD_LY":0.27,"ORG_TYPE":"一般企业","PREMIUM_INCOME":null,"PREMIUM_INCOME_YOY":null,"NET_INTEREST_INCOME":null,"NET_INTEREST_INCOME_YOY":null,"FEE_COMMISSION_INCOME":null,"FEE_COMMISSION_INCOME_YOY":null,"ACCOUNTS_RECE_TDAYS":6.541149751942,"INVENTORY_TDAYS":9.244791255765,"CURRENT_ASSETS_TDAYS":2.950510438668,"TOTAL_ASSETS_TDAYS":1.149469566918,"PREMIUM_EXPENSE":null,"LOAN_DEPOSIT":null,"LOAN_EQUITY":null,"LOAN_ASSETS":null,"DEPOSIT_EQUITY":null,"DEPOSIT_ASSETS":null,"EQUITY_MULTIPLIER":4.625191587833,"EQUITY_RATIO":3.625191587828}],"count":60},"success":true,"message":"ok","code":0}