{"version":"17bac56c3b416304e4ea697d424a92e7","result":{"pages":3,"data":[{"SECUCODE":"00839.HK","SECURITY_CODE":"00839","SECURITY_NAME_ABBR":"中教控股","ORG_CODE":"10715867","STD_REPORT_DATE":"2024-12-31 00:00:00","REPORT_DATE":"2024-08-31 00:00:00","DATE_TYPE_CODE":"001","REPORT_TYPE":"2024年年报","PER_NETCASH_OPERATE":1.663724152787,"PER_OI":2.42428376549,"BPS":5.839800747148,"BASIC_EPS":0.1613,"DILUTED_EPS":0.1613,"OPERATE_INCOME":6579000000,"OPERATE_INCOME_YOY":17.1474358974,"GROSS_PROFIT":3644000000,"GROSS_PROFIT_YOY":15.170670037927,"HOLDER_PROFIT":418000000,"HOLDER_PROFIT_YOY":-69.7101449275,"GROSS_PROFIT_RATIO":55.388356893145,"EPS_TTM":0.1540280611,"OPERATE_INCOME_QOQ":0,"NET_PROFIT_RATIO":7.6303389573,"ROE_AVG":2.660556298135,"GROSS_PROFIT_QOQ":0,"ROA":1.12098904488,"HOLDER_PROFIT_QOQ":0,"ROE_YEARLY":2.660556298135,"ROIC_YEARLY":1.447694252515,"TOTAL_ASSETS":38823000000,"TOTAL_LIABILITIES":20290000000,"TAX_EBT":-0.4,"OCF_SALES":68.627450980392,"TOTAL_PARENT_EQUITY":15848000000,"DEBT_ASSET_RATIO":52.2628338871,"OPERATE_PROFIT":972000000,"PRETAX_PROFIT":500000000,"NETCASH_OPERATE":4515000000,"NETCASH_INVEST":-4179000000,"NETCASH_FINANCE":729000000,"END_CASH":6238000000,"DIVI_RATIO":1.877035041121,"DIVIDEND_RATE":13.25,"CURRENT_RATIO":0.747400847131,"COMMON_ACS":50000000000,"CURRENTDEBT_DEBT":51.197634302612,"ISSUED_COMMON_SHARES":2713791221,"HK_COMMON_SHARES":2713791221,"PER_SHARES":1000,"TOTAL_MARKET_CAP":6513098930.4,"HKSK_MARKET_CAP":6513098930.4,"PE_TTM":14.213825613133,"PB_TTM":0.374897722507,"REPORT_DATE_SQ":"2023-12-31 00:00:00","REPORT_TYPE_SQ":"2023年年报","OPERATE_INCOME_SQ":5616000000,"DPS_HKD":0.318,"OPERATE_INCOME_QOQ_SQ":0,"NET_PROFIT_RATIO_SQ":27.4394586895,"HOLDER_PROFIT_SQ":1380000000,"HOLDER_PROFIT_QOQ_SQ":0,"ROE_AVG_SQ":9.32999797174,"PE_TTM_SQ":6.905338308437,"PB_TTM_SQ":0.61187664477,"ROA_SQ":3.980960623107,"START_DATE":"2023-09-01 00:00:00","FISCAL_YEAR":"8-31","CURRENCY":"HKD","IS_CNY_CODE":0,"DPS_HKD_LY":0.3549,"ORG_TYPE":"一般企业","PREMIUM_INCOME":null,"PREMIUM_INCOME_YOY":null,"NET_INTEREST_INCOME":null,"NET_INTEREST_INCOME_YOY":null,"FEE_COMMISSION_INCOME":null,"FEE_COMMISSION_INCOME_YOY":null,"ACCOUNTS_RECE_TDAYS":5.940406320542,"INVENTORY_TDAYS":null,"CURRENT_ASSETS_TDAYS":0.892854719414,"TOTAL_ASSETS_TDAYS":0.17643509393,"PREMIUM_EXPENSE":null,"LOAN_DEPOSIT":null,"LOAN_EQUITY":null,"LOAN_ASSETS":null,"DEPOSIT_EQUITY":null,"DEPOSIT_ASSETS":null,"EQUITY_MULTIPLIER":2.094803863378,"EQUITY_RATIO":1.280287733468},{"SECUCODE":"00839.HK","SECURITY_CODE":"00839","SECURITY_NAME_ABBR":"中教控股","ORG_CODE":"10715867","STD_REPORT_DATE":"2024-06-30 00:00:00","REPORT_DATE":"2024-02-29 00:00:00","DATE_TYPE_CODE":"002","REPORT_TYPE":"2024年中报","PER_NETCASH_OPERATE":0.429936347982,"PER_OI":1.287065603258,"BPS":6.006725894704,"BASIC_EPS":0.4197,"DILUTED_EPS":0.4197,"OPERATE_INCOME":3284000000,"OPERATE_INCOME_YOY":18.3423423423,"GROSS_PROFIT":1839000000,"GROSS_PROFIT_YOY":15.442561205273,"HOLDER_PROFIT":1071000000,"HOLDER_PROFIT_YOY":9.6212896622,"GROSS_PROFIT_RATIO":55.998781973203,"EPS_TTM":0.562957953811,"OPERATE_INCOME_QOQ":0,"NET_PROFIT_RATIO":36.1753958587,"ROE_AVG":6.72,"GROSS_PROFIT_QOQ":0,"ROA":2.976198746717,"HOLDER_PROFIT_QOQ":0,"ROE_YEARLY":13.44,"ROIC_YEARLY":7.493571690951,"TOTAL_ASSETS":36217000000,"TOTAL_LIABILITIES":17069000000,"TAX_EBT":7.404520654716,"OCF_SALES":33.404384896468,"TOTAL_PARENT_EQUITY":16301000000,"DEBT_ASSET_RATIO":47.1298009222,"OPERATE_PROFIT":1508000000,"PRETAX_PROFIT":1283000000,"NETCASH_OPERATE":1097000000,"NETCASH_INVEST":-2270000000,"NETCASH_FINANCE":44000000,"END_CASH":4048000000,"DIVI_RATIO":0.513566006205,"DIVIDEND_RATE":12.669322709163,"CURRENT_RATIO":0.766230296554,"COMMON_ACS":50000000000,"CURRENTDEBT_DEBT":43.857285136798,"ISSUED_COMMON_SHARES":2713791221,"HK_COMMON_SHARES":2713791221,"PER_SHARES":1000,"TOTAL_MARKET_CAP":6811615964.71,"HKSK_MARKET_CAP":6811615964.71,"PE_TTM":14.865292620401,"PB_TTM":0.392080534788,"REPORT_DATE_SQ":"2023-06-30 00:00:00","REPORT_TYPE_SQ":"2023年中报","OPERATE_INCOME_SQ":2775000000,"DPS_HKD":0.318,"OPERATE_INCOME_QOQ_SQ":0,"NET_PROFIT_RATIO_SQ":37.3333333333,"HOLDER_PROFIT_SQ":977000000,"HOLDER_PROFIT_QOQ_SQ":0,"ROE_AVG_SQ":6.603805468248,"PE_TTM_SQ":6.922263157233,"PB_TTM_SQ":0.613376342428,"ROA_SQ":2.854805247933,"START_DATE":"2023-09-01 00:00:00","FISCAL_YEAR":"8-31","CURRENCY":"HKD","IS_CNY_CODE":0,"DPS_HKD_LY":0.3549,"ORG_TYPE":"一般企业","PREMIUM_INCOME":null,"PREMIUM_INCOME_YOY":null,"NET_INTEREST_INCOME":null,"NET_INTEREST_INCOME_YOY":null,"FEE_COMMISSION_INCOME":null,"FEE_COMMISSION_INCOME_YOY":null,"ACCOUNTS_RECE_TDAYS":2.885764499121,"INVENTORY_TDAYS":null,"CURRENT_ASSETS_TDAYS":0.516799118735,"TOTAL_ASSETS_TDAYS":0.091258979311,"PREMIUM_EXPENSE":null,"LOAN_DEPOSIT":null,"LOAN_EQUITY":null,"LOAN_ASSETS":null,"DEPOSIT_EQUITY":null,"DEPOSIT_ASSETS":null,"EQUITY_MULTIPLIER":1.891424691873,"EQUITY_RATIO":1.047113674008},{"SECUCODE":"00839.HK","SECURITY_CODE":"00839","SECURITY_NAME_ABBR":"中教控股","ORG_CODE":"10715867","STD_REPORT_DATE":"2023-12-31 00:00:00","REPORT_DATE":"2023-08-31 00:00:00","DATE_TYPE_CODE":"001","REPORT_TYPE":"2023年年报","PER_NETCASH_OPERATE":1.507324698578,"PER_OI":2.201023272807,"BPS":5.738834984609,"BASIC_EPS":0.5531,"DILUTED_EPS":0.5522,"OPERATE_INCOME":5616000000,"OPERATE_INCOME_YOY":18.0824222035,"GROSS_PROFIT":3164000000,"GROSS_PROFIT_YOY":14.887436456064,"HOLDER_PROFIT":1380000000,"HOLDER_PROFIT_YOY":-25.2032520325,"GROSS_PROFIT_RATIO":56.339031339031,"EPS_TTM":0.540849735839,"OPERATE_INCOME_QOQ":0,"NET_PROFIT_RATIO":27.4394586895,"ROE_AVG":9.32999797174,"GROSS_PROFIT_QOQ":0,"ROA":3.980960623107,"HOLDER_PROFIT_QOQ":0,"ROE_YEARLY":9.32999797174,"ROIC_YEARLY":5.105343963301,"TOTAL_ASSETS":35754000000,"TOTAL_LIABILITIES":17450000000,"TAX_EBT":1.281229980782,"OCF_SALES":68.482905982906,"TOTAL_PARENT_EQUITY":15574000000,"DEBT_ASSET_RATIO":48.8057280304,"OPERATE_PROFIT":2030000000,"PRETAX_PROFIT":1561000000,"NETCASH_OPERATE":3846000000,"NETCASH_INVEST":-2703000000,"NETCASH_FINANCE":-764000000,"END_CASH":5177000000,"DIVI_RATIO":0.534558952037,"DIVIDEND_RATE":12.669322709163,"CURRENT_RATIO":0.847060252672,"COMMON_ACS":50000000000,"CURRENTDEBT_DEBT":47.174785100287,"ISSUED_COMMON_SHARES":2713791221,"HK_COMMON_SHARES":2713791221,"PER_SHARES":1000,"TOTAL_MARKET_CAP":6811615964.71,"HKSK_MARKET_CAP":6811615964.71,"PE_TTM":14.865292620401,"PB_TTM":0.392080534788,"REPORT_DATE_SQ":"2022-12-31 00:00:00","REPORT_TYPE_SQ":"2022年年报","OPERATE_INCOME_SQ":4756000000,"DPS_HKD":0.318,"OPERATE_INCOME_QOQ_SQ":0,"NET_PROFIT_RATIO_SQ":40.7064760303,"HOLDER_PROFIT_SQ":1845000000,"HOLDER_PROFIT_QOQ_SQ":0,"ROE_AVG_SQ":14.802631578947,"PE_TTM_SQ":6.922263157233,"PB_TTM_SQ":0.613376342428,"ROA_SQ":6.117074439027,"START_DATE":"2022-09-01 00:00:00","FISCAL_YEAR":"8-31","CURRENCY":"HKD","IS_CNY_CODE":0,"DPS_HKD_LY":0.5521,"ORG_TYPE":"一般企业","PREMIUM_INCOME":null,"PREMIUM_INCOME_YOY":null,"NET_INTEREST_INCOME":null,"NET_INTEREST_INCOME_YOY":null,"FEE_COMMISSION_INCOME":null,"FEE_COMMISSION_INCOME_YOY":null,"ACCOUNTS_RECE_TDAYS":5.00089047195,"INVENTORY_TDAYS":null,"CURRENT_ASSETS_TDAYS":0.85427441436,"TOTAL_ASSETS_TDAYS":0.162007788836,"PREMIUM_EXPENSE":null,"LOAN_DEPOSIT":null,"LOAN_EQUITY":null,"LOAN_ASSETS":null,"DEPOSIT_EQUITY":null,"DEPOSIT_ASSETS":null,"EQUITY_MULTIPLIER":1.953343531467,"EQUITY_RATIO":1.12045717221},{"SECUCODE":"00839.HK","SECURITY_CODE":"00839","SECURITY_NAME_ABBR":"中教控股","ORG_CODE":"10715867","STD_REPORT_DATE":"2023-06-30 00:00:00","REPORT_DATE":"2023-02-28 00:00:00","DATE_TYPE_CODE":"002","REPORT_TYPE":"2023年中报","PER_NETCASH_OPERATE":0.379838463639,"PER_OI":1.087772689987,"BPS":5.7414144019,"BASIC_EPS":0.4006,"DILUTED_EPS":0.4006,"OPERATE_INCOME":2775000000,"OPERATE_INCOME_YOY":18.034878775,"GROSS_PROFIT":1593000000,"GROSS_PROFIT_YOY":14.275466284075,"HOLDER_PROFIT":977000000,"HOLDER_PROFIT_YOY":-16.4242942686,"GROSS_PROFIT_RATIO":57.405405405405,"EPS_TTM":0.647872855495,"OPERATE_INCOME_QOQ":0,"NET_PROFIT_RATIO":37.3333333333,"ROE_AVG":6.603805468248,"GROSS_PROFIT_QOQ":0,"ROA":2.854805247933,"HOLDER_PROFIT_QOQ":0,"ROE_YEARLY":13.207610936497,"ROIC_YEARLY":7.085614823947,"TOTAL_ASSETS":34870000000,"TOTAL_LIABILITIES":16661000000,"TAX_EBT":3.086997193639,"OCF_SALES":34.918918918919,"TOTAL_PARENT_EQUITY":15581000000,"DEBT_ASSET_RATIO":47.7803269286,"OPERATE_PROFIT":1259000000,"PRETAX_PROFIT":1069000000,"NETCASH_OPERATE":969000000,"NETCASH_INVEST":-3075000000,"NETCASH_FINANCE":615000000,"END_CASH":3302000000,"DIVI_RATIO":0.44625433146,"DIVIDEND_RATE":12.669322709163,"CURRENT_RATIO":0.841021915486,"COMMON_ACS":50000000000,"CURRENTDEBT_DEBT":49.570854090391,"ISSUED_COMMON_SHARES":2713791221,"HK_COMMON_SHARES":2713791221,"PER_SHARES":1000,"TOTAL_MARKET_CAP":6811615964.71,"HKSK_MARKET_CAP":6811615964.71,"PE_TTM":14.865292620401,"PB_TTM":0.392080534788,"REPORT_DATE_SQ":"2022-06-30 00:00:00","REPORT_TYPE_SQ":"2022年中报","OPERATE_INCOME_SQ":2351000000,"DPS_HKD":0.318,"OPERATE_INCOME_QOQ_SQ":0,"NET_PROFIT_RATIO_SQ":51.3203795437,"HOLDER_PROFIT_SQ":1169000000,"HOLDER_PROFIT_QOQ_SQ":0,"ROE_AVG_SQ":9.634539852706,"PE_TTM_SQ":6.922263157233,"PB_TTM_SQ":0.613376342428,"ROA_SQ":3.966100302104,"START_DATE":"2022-09-01 00:00:00","FISCAL_YEAR":"8-31","CURRENCY":"HKD","IS_CNY_CODE":0,"DPS_HKD_LY":0.5521,"ORG_TYPE":"一般企业","PREMIUM_INCOME":null,"PREMIUM_INCOME_YOY":null,"NET_INTEREST_INCOME":null,"NET_INTEREST_INCOME_YOY":null,"FEE_COMMISSION_INCOME":null,"FEE_COMMISSION_INCOME_YOY":null,"ACCOUNTS_RECE_TDAYS":null,"INVENTORY_TDAYS":null,"CURRENT_ASSETS_TDAYS":0.422986052892,"TOTAL_ASSETS_TDAYS":0.081085819478,"PREMIUM_EXPENSE":null,"LOAN_DEPOSIT":null,"LOAN_EQUITY":null,"LOAN_ASSETS":null,"DEPOSIT_EQUITY":null,"DEPOSIT_ASSETS":null,"EQUITY_MULTIPLIER":1.914987094294,"EQUITY_RATIO":1.069315191579},{"SECUCODE":"00839.HK","SECURITY_CODE":"00839","SECURITY_NAME_ABBR":"中教控股","ORG_CODE":"10715867","STD_REPORT_DATE":"2022-12-31 00:00:00","REPORT_DATE":"2022-08-31 00:00:00","DATE_TYPE_CODE":"001","REPORT_TYPE":"2022年年报","PER_NETCASH_OPERATE":1.153296532433,"PER_OI":1.992400402561,"BPS":5.161782487762,"BASIC_EPS":0.7704,"DILUTED_EPS":0.6177,"OPERATE_INCOME":4756000000,"OPERATE_INCOME_YOY":29.1689299294,"GROSS_PROFIT":2754000000,"GROSS_PROFIT_YOY":26.620689655172,"HOLDER_PROFIT":1845000000,"HOLDER_PROFIT_YOY":27.7700831025,"GROSS_PROFIT_RATIO":57.905803195963,"EPS_TTM":0.774186275706,"OPERATE_INCOME_QOQ":0,"NET_PROFIT_RATIO":40.7064760303,"ROE_AVG":14.802631578947,"GROSS_PROFIT_QOQ":0,"ROA":6.117074439027,"HOLDER_PROFIT_QOQ":0,"ROE_YEARLY":14.802631578947,"ROIC_YEARLY":7.562042253085,"TOTAL_ASSETS":33576000000,"TOTAL_LIABILITIES":16999000000,"TAX_EBT":1.675977653631,"OCF_SALES":57.884777123633,"TOTAL_PARENT_EQUITY":14008000000,"DEBT_ASSET_RATIO":50.6284250655,"OPERATE_PROFIT":2277000000,"PRETAX_PROFIT":1969000000,"NETCASH_OPERATE":2753000000,"NETCASH_INVEST":-1744000000,"NETCASH_FINANCE":459000000,"END_CASH":4793000000,"DIVI_RATIO":0.373445095932,"DIVIDEND_RATE":12.669322709163,"CURRENT_RATIO":0.811112570603,"COMMON_ACS":50000000000,"CURRENTDEBT_DEBT":44.784987352197,"ISSUED_COMMON_SHARES":2713791221,"HK_COMMON_SHARES":2713791221,"PER_SHARES":1000,"TOTAL_MARKET_CAP":6811615964.71,"HKSK_MARKET_CAP":6811615964.71,"PE_TTM":14.865292620401,"PB_TTM":0.392080534788,"REPORT_DATE_SQ":"2021-12-31 00:00:00","REPORT_TYPE_SQ":"2021年年报","OPERATE_INCOME_SQ":3682000000,"DPS_HKD":0.318,"OPERATE_INCOME_QOQ_SQ":0,"NET_PROFIT_RATIO_SQ":39.9670327283,"HOLDER_PROFIT_SQ":1444000000,"HOLDER_PROFIT_QOQ_SQ":0,"ROE_AVG_SQ":14.813610575887,"PE_TTM_SQ":6.922263157233,"PB_TTM_SQ":0.613376342428,"ROA_SQ":6.456809913316,"START_DATE":"2021-09-01 00:00:00","FISCAL_YEAR":"8-31","CURRENCY":"HKD","IS_CNY_CODE":0,"DPS_HKD_LY":0.202,"ORG_TYPE":"一般企业","PREMIUM_INCOME":null,"PREMIUM_INCOME_YOY":null,"NET_INTEREST_INCOME":null,"NET_INTEREST_INCOME_YOY":null,"FEE_COMMISSION_INCOME":null,"FEE_COMMISSION_INCOME_YOY":null,"ACCOUNTS_RECE_TDAYS":null,"INVENTORY_TDAYS":null,"CURRENT_ASSETS_TDAYS":0.789329775043,"TOTAL_ASSETS_TDAYS":0.157684585539,"PREMIUM_EXPENSE":null,"LOAN_DEPOSIT":null,"LOAN_EQUITY":null,"LOAN_ASSETS":null,"DEPOSIT_EQUITY":null,"DEPOSIT_ASSETS":null,"EQUITY_MULTIPLIER":2.025456958435,"EQUITY_RATIO":1.213520845231},{"SECUCODE":"00839.HK","SECURITY_CODE":"00839","SECURITY_NAME_ABBR":"中教控股","ORG_CODE":"10715867","STD_REPORT_DATE":"2022-06-30 00:00:00","REPORT_DATE":"2022-02-28 00:00:00","DATE_TYPE_CODE":"002","REPORT_TYPE":"2022年中报","PER_NETCASH_OPERATE":0.284437694301,"PER_OI":0.98398610248,"BPS":4.914036089735,"BASIC_EPS":0.4908,"DILUTED_EPS":0.3321,"OPERATE_INCOME":2351000000,"OPERATE_INCOME_YOY":28.9109912155,"GROSS_PROFIT":1394000000,"GROSS_PROFIT_YOY":29.374870648331,"HOLDER_PROFIT":1169000000,"HOLDER_PROFIT_YOY":40.5339385455,"GROSS_PROFIT_RATIO":59.271117479193,"EPS_TTM":0.745341639759,"OPERATE_INCOME_QOQ":0,"NET_PROFIT_RATIO":51.3203795437,"ROE_AVG":9.634539852706,"GROSS_PROFIT_QOQ":0,"ROA":3.966100302104,"HOLDER_PROFIT_QOQ":0,"ROE_YEARLY":19.269079705412,"ROIC_YEARLY":9.537517405428,"TOTAL_ASSETS":32175459000,"TOTAL_LIABILITIES":16323305000,"TAX_EBT":1.790073230269,"OCF_SALES":28.911449443804,"TOTAL_PARENT_EQUITY":13335668000,"DEBT_ASSET_RATIO":50.7321589414,"OPERATE_PROFIT":1364000000,"PRETAX_PROFIT":1229000000,"NETCASH_OPERATE":680000000,"NETCASH_INVEST":-1972000000,"NETCASH_FINANCE":1222000000,"END_CASH":3222000000,"DIVI_RATIO":0.387897378299,"DIVIDEND_RATE":12.669322709163,"CURRENT_RATIO":0.769145239263,"COMMON_ACS":50000000000,"CURRENTDEBT_DEBT":48.99251101416,"ISSUED_COMMON_SHARES":2713791221,"HK_COMMON_SHARES":2713791221,"PER_SHARES":1000,"TOTAL_MARKET_CAP":6811615964.71,"HKSK_MARKET_CAP":6811615964.71,"PE_TTM":14.865292620401,"PB_TTM":0.392080534788,"REPORT_DATE_SQ":"2021-06-30 00:00:00","REPORT_TYPE_SQ":"2021年中报","OPERATE_INCOME_SQ":1823438000,"DPS_HKD":0.318,"OPERATE_INCOME_QOQ_SQ":0,"NET_PROFIT_RATIO_SQ":46.738030029,"HOLDER_PROFIT_SQ":831444000,"HOLDER_PROFIT_QOQ_SQ":0,"ROE_AVG_SQ":8.604447748701,"PE_TTM_SQ":6.922263157233,"PB_TTM_SQ":0.613376342428,"ROA_SQ":3.878558651057,"START_DATE":"2021-09-01 00:00:00","FISCAL_YEAR":"8-31","CURRENCY":"HKD","IS_CNY_CODE":0,"DPS_HKD_LY":0.202,"ORG_TYPE":"一般企业","PREMIUM_INCOME":null,"PREMIUM_INCOME_YOY":null,"NET_INTEREST_INCOME":null,"NET_INTEREST_INCOME_YOY":null,"FEE_COMMISSION_INCOME":null,"FEE_COMMISSION_INCOME_YOY":null,"ACCOUNTS_RECE_TDAYS":2.27378894867,"INVENTORY_TDAYS":761.940310385993,"CURRENT_ASSETS_TDAYS":0.390897746487,"TOTAL_ASSETS_TDAYS":0.079786684907,"PREMIUM_EXPENSE":null,"LOAN_DEPOSIT":null,"LOAN_EQUITY":null,"LOAN_ASSETS":null,"DEPOSIT_EQUITY":null,"DEPOSIT_ASSETS":null,"EQUITY_MULTIPLIER":2.029721576009,"EQUITY_RATIO":1.224033546726},{"SECUCODE":"00839.HK","SECURITY_CODE":"00839","SECURITY_NAME_ABBR":"中教控股","ORG_CODE":"10715867","STD_REPORT_DATE":"2021-12-31 00:00:00","REPORT_DATE":"2021-08-31 00:00:00","DATE_TYPE_CODE":"001","REPORT_TYPE":"2021年年报","PER_NETCASH_OPERATE":1.113166930054,"PER_OI":1.619919822328,"BPS":4.023671355225,"BASIC_EPS":0.6504,"DILUTED_EPS":0.5403,"OPERATE_INCOME":3682000000,"OPERATE_INCOME_YOY":37.502576465,"GROSS_PROFIT":2175000000,"GROSS_PROFIT_YOY":35.853695251742,"HOLDER_PROFIT":1444000000,"HOLDER_PROFIT_YOY":128.0155463817,"GROSS_PROFIT_RATIO":59.066597147544,"EPS_TTM":0.604286750648,"OPERATE_INCOME_QOQ":0,"NET_PROFIT_RATIO":39.9670327283,"ROE_AVG":14.813610575887,"GROSS_PROFIT_QOQ":0,"ROA":6.456809913316,"HOLDER_PROFIT_QOQ":0,"ROE_YEARLY":14.813610575887,"ROIC_YEARLY":7.850964469467,"TOTAL_ASSETS":26746000000,"TOTAL_LIABILITIES":14989000000,"TAX_EBT":2.581072137657,"OCF_SALES":68.709198248987,"TOTAL_PARENT_EQUITY":10920000000,"DEBT_ASSET_RATIO":56.0442471318,"OPERATE_PROFIT":1673000000,"PRETAX_PROFIT":1511000000,"NETCASH_OPERATE":2530000000,"NETCASH_INVEST":-4947000000,"NETCASH_FINANCE":2360000000,"END_CASH":3315000000,"DIVI_RATIO":0.478441845183,"DIVIDEND_RATE":12.669322709163,"CURRENT_RATIO":0.94028364393,"COMMON_ACS":50000000000,"CURRENTDEBT_DEBT":56.654880245513,"ISSUED_COMMON_SHARES":2713791221,"HK_COMMON_SHARES":2713791221,"PER_SHARES":1000,"TOTAL_MARKET_CAP":6811615964.71,"HKSK_MARKET_CAP":6811615964.71,"PE_TTM":14.865292620401,"PB_TTM":0.392080534788,"REPORT_DATE_SQ":"2020-12-31 00:00:00","REPORT_TYPE_SQ":"2020年年报","OPERATE_INCOME_SQ":2678088000,"DPS_HKD":0.318,"OPERATE_INCOME_QOQ_SQ":0,"NET_PROFIT_RATIO_SQ":26.5245578189,"HOLDER_PROFIT_SQ":633202000,"HOLDER_PROFIT_QOQ_SQ":0,"ROE_AVG_SQ":8.349176984984,"PE_TTM_SQ":6.922263157233,"PB_TTM_SQ":0.613376342428,"ROA_SQ":3.801433824027,"START_DATE":"2020-09-01 00:00:00","FISCAL_YEAR":"8-31","CURRENCY":"HKD","IS_CNY_CODE":0,"DPS_HKD_LY":0.336,"ORG_TYPE":"一般企业","PREMIUM_INCOME":null,"PREMIUM_INCOME_YOY":null,"NET_INTEREST_INCOME":null,"NET_INTEREST_INCOME_YOY":null,"FEE_COMMISSION_INCOME":null,"FEE_COMMISSION_INCOME_YOY":null,"ACCOUNTS_RECE_TDAYS":null,"INVENTORY_TDAYS":1184.55638506876,"CURRENT_ASSETS_TDAYS":0.674655981676,"TOTAL_ASSETS_TDAYS":0.164682307559,"PREMIUM_EXPENSE":null,"LOAN_DEPOSIT":null,"LOAN_EQUITY":null,"LOAN_ASSETS":null,"DEPOSIT_EQUITY":null,"DEPOSIT_ASSETS":null,"EQUITY_MULTIPLIER":2.275015065715,"EQUITY_RATIO":1.372619047619},{"SECUCODE":"00839.HK","SECURITY_CODE":"00839","SECURITY_NAME_ABBR":"中教控股","ORG_CODE":"10715867","STD_REPORT_DATE":"2021-06-30 00:00:00","REPORT_DATE":"2021-02-28 00:00:00","DATE_TYPE_CODE":"002","REPORT_TYPE":"2021年中报","PER_NETCASH_OPERATE":0.395963656717,"PER_OI":0.802374599129,"BPS":3.962148936438,"BASIC_EPS":0.3837,"DILUTED_EPS":0.2813,"OPERATE_INCOME":1823438000,"OPERATE_INCOME_YOY":38.6410811255,"GROSS_PROFIT":1077489000,"GROSS_PROFIT_YOY":42.272635444272,"HOLDER_PROFIT":831444000,"HOLDER_PROFIT_YOY":67.0824415976,"GROSS_PROFIT_RATIO":59.091068629698,"EPS_TTM":0.425447171784,"OPERATE_INCOME_QOQ":0,"NET_PROFIT_RATIO":46.738030029,"ROE_AVG":8.604447748701,"GROSS_PROFIT_QOQ":0,"ROA":3.878558651057,"HOLDER_PROFIT_QOQ":0,"ROE_YEARLY":17.208895497403,"ROIC_YEARLY":9.30299796014,"TOTAL_ASSETS":24899075000,"TOTAL_LIABILITIES":13322639000,"TAX_EBT":3.433385455617,"OCF_SALES":49.348977042269,"TOTAL_PARENT_EQUITY":10752445000,"DEBT_ASSET_RATIO":53.5065619908,"OPERATE_PROFIT":975886000,"PRETAX_PROFIT":882540000,"NETCASH_OPERATE":899848000,"NETCASH_INVEST":-3754329000,"NETCASH_FINANCE":1997573000,"END_CASH":2510667000,"DIVI_RATIO":0.679558091285,"DIVIDEND_RATE":12.669322709163,"CURRENT_RATIO":1.020889821009,"COMMON_ACS":50000000000,"CURRENTDEBT_DEBT":43.559365377986,"ISSUED_COMMON_SHARES":2713791221,"HK_COMMON_SHARES":2713791221,"PER_SHARES":1000,"TOTAL_MARKET_CAP":6811615964.71,"HKSK_MARKET_CAP":6811615964.71,"PE_TTM":14.865292620401,"PB_TTM":0.392080534788,"REPORT_DATE_SQ":"2020-06-30 00:00:00","REPORT_TYPE_SQ":"2020年中报","OPERATE_INCOME_SQ":1315222000,"DPS_HKD":0.318,"OPERATE_INCOME_QOQ_SQ":0,"NET_PROFIT_RATIO_SQ":41.1477301931,"HOLDER_PROFIT_SQ":497625000,"HOLDER_PROFIT_QOQ_SQ":0,"ROE_AVG_SQ":7.421022315262,"PE_TTM_SQ":6.922263157233,"PB_TTM_SQ":0.613376342428,"ROA_SQ":3.231397475429,"START_DATE":"2020-09-01 00:00:00","FISCAL_YEAR":"8-31","CURRENCY":"HKD","IS_CNY_CODE":0,"DPS_HKD_LY":0.336,"ORG_TYPE":"一般企业","PREMIUM_INCOME":null,"PREMIUM_INCOME_YOY":null,"NET_INTEREST_INCOME":null,"NET_INTEREST_INCOME_YOY":null,"FEE_COMMISSION_INCOME":null,"FEE_COMMISSION_INCOME_YOY":null,"ACCOUNTS_RECE_TDAYS":2.622351942095,"INVENTORY_TDAYS":595.805910543131,"CURRENT_ASSETS_TDAYS":0.332584756594,"TOTAL_ASSETS_TDAYS":0.085060584111,"PREMIUM_EXPENSE":null,"LOAN_DEPOSIT":null,"LOAN_EQUITY":null,"LOAN_ASSETS":null,"DEPOSIT_EQUITY":null,"DEPOSIT_ASSETS":null,"EQUITY_MULTIPLIER":2.150841156987,"EQUITY_RATIO":1.239033447741},{"SECUCODE":"00839.HK","SECURITY_CODE":"00839","SECURITY_NAME_ABBR":"中教控股","ORG_CODE":"10715867","STD_REPORT_DATE":"2020-12-31 00:00:00","REPORT_DATE":"2020-08-31 00:00:00","DATE_TYPE_CODE":"001","REPORT_TYPE":"2020年年报","PER_NETCASH_OPERATE":0.4236478838,"PER_OI":1.245493721113,"BPS":3.159221289264,"BASIC_EPS":0.3128,"DILUTED_EPS":0.3105,"OPERATE_INCOME":2678088000,"OPERATE_INCOME_YOY":36.9954278383,"GROSS_PROFIT":1600987000,"GROSS_PROFIT_YOY":42.757516230886,"HOLDER_PROFIT":633202000,"HOLDER_PROFIT_YOY":6.84843668,"GROSS_PROFIT_RATIO":59.780970602908,"EPS_TTM":0.294482151145,"OPERATE_INCOME_QOQ":0,"NET_PROFIT_RATIO":26.5245578189,"ROE_AVG":8.349176984984,"GROSS_PROFIT_QOQ":0,"ROA":3.801433824027,"HOLDER_PROFIT_QOQ":0,"ROE_YEARLY":8.349176984984,"ROIC_YEARLY":4.941754481973,"TOTAL_ASSETS":17974790000,"TOTAL_LIABILITIES":9067430000,"TAX_EBT":2.635759429042,"OCF_SALES":34.014453595252,"TOTAL_PARENT_EQUITY":8573467000,"DEBT_ASSET_RATIO":50.4452625038,"OPERATE_PROFIT":822190000,"PRETAX_PROFIT":729581000,"NETCASH_OPERATE":910937000,"NETCASH_INVEST":-2590541000,"NETCASH_FINANCE":1630159000,"END_CASH":3391104000,"DIVI_RATIO":0.981777900207,"DIVIDEND_RATE":12.669322709163,"CURRENT_RATIO":1.491936040016,"COMMON_ACS":50000000000,"CURRENTDEBT_DEBT":37.261660691067,"ISSUED_COMMON_SHARES":2713791221,"HK_COMMON_SHARES":2713791221,"PER_SHARES":1000,"TOTAL_MARKET_CAP":6811615964.71,"HKSK_MARKET_CAP":6811615964.71,"PE_TTM":14.865292620401,"PB_TTM":0.392080534788,"REPORT_DATE_SQ":"2019-12-31 00:00:00","REPORT_TYPE_SQ":"2019年年报","OPERATE_INCOME_SQ":1954874000,"DPS_HKD":0.318,"OPERATE_INCOME_QOQ_SQ":0,"NET_PROFIT_RATIO_SQ":35.1551046257,"HOLDER_PROFIT_SQ":592617000,"HOLDER_PROFIT_QOQ_SQ":0,"ROE_AVG_SQ":9.304973291756,"PE_TTM_SQ":6.922263157233,"PB_TTM_SQ":0.613376342428,"ROA_SQ":4.923644981316,"START_DATE":"2019-09-01 00:00:00","FISCAL_YEAR":"8-31","CURRENCY":"HKD","IS_CNY_CODE":0,"DPS_HKD_LY":0.224,"ORG_TYPE":"一般企业","PREMIUM_INCOME":null,"PREMIUM_INCOME_YOY":null,"NET_INTEREST_INCOME":null,"NET_INTEREST_INCOME_YOY":null,"FEE_COMMISSION_INCOME":null,"FEE_COMMISSION_INCOME_YOY":null,"ACCOUNTS_RECE_TDAYS":4.599459177706,"INVENTORY_TDAYS":1250.26233313987,"CURRENT_ASSETS_TDAYS":0.538470524533,"TOTAL_ASSETS_TDAYS":0.160779250649,"PREMIUM_EXPENSE":null,"LOAN_DEPOSIT":null,"LOAN_EQUITY":null,"LOAN_ASSETS":null,"DEPOSIT_EQUITY":null,"DEPOSIT_ASSETS":null,"EQUITY_MULTIPLIER":2.017970532236,"EQUITY_RATIO":1.057615314785}],"count":19},"success":true,"message":"ok","code":0}