{"version":"8b37aa13112a886bf63c72e3ebc23b07","result":{"pages":6,"data":[{"SECUCODE":"00834.HK","SECURITY_CODE":"00834","SECURITY_NAME_ABBR":"康大食品","ORG_CODE":"10119516","STD_REPORT_DATE":"2024-06-30 00:00:00","REPORT_DATE":"2024-06-30 00:00:00","DATE_TYPE_CODE":"002","REPORT_TYPE":"2024年中报","PER_NETCASH_OPERATE":0.317349889594,"PER_OI":1.775665899831,"BPS":1.15284977525,"BASIC_EPS":-0.046,"DILUTED_EPS":-0.046,"OPERATE_INCOME":768771000,"OPERATE_INCOME_YOY":-2.7614365238,"GROSS_PROFIT":21084000,"GROSS_PROFIT_YOY":-55.563049297111,"HOLDER_PROFIT":-20290000,"HOLDER_PROFIT_YOY":-210.8149509804,"GROSS_PROFIT_RATIO":2.74255922765,"EPS_TTM":-0.051080037325,"OPERATE_INCOME_QOQ":-1.317316998409,"NET_PROFIT_RATIO":-2.6055873596,"ROE_AVG":-3.811574110601,"GROSS_PROFIT_QOQ":-27.712021191607,"ROA":-1.262721734777,"HOLDER_PROFIT_QOQ":-164.755177780438,"ROE_YEARLY":-7.623148221203,"ROIC_YEARLY":-3.116298286113,"TOTAL_ASSETS":1631566000,"TOTAL_LIABILITIES":1097997000,"TAX_EBT":0.124650977264,"OCF_SALES":17.872162191342,"TOTAL_PARENT_EQUITY":522181000,"DEBT_ASSET_RATIO":67.2971243578,"OPERATE_PROFIT":-17105000,"PRETAX_PROFIT":-20056000,"NETCASH_OPERATE":137396000,"NETCASH_INVEST":-136937000,"NETCASH_FINANCE":17742000,"END_CASH":302497000,"DIVI_RATIO":null,"DIVIDEND_RATE":null,"CURRENT_RATIO":0.98067438831,"COMMON_ACS":2000000000,"CURRENTDEBT_DEBT":87.532843896659,"ISSUED_COMMON_SHARES":452948000,"HK_COMMON_SHARES":452948000,"PER_SHARES":4000,"TOTAL_MARKET_CAP":75189368,"HKSK_MARKET_CAP":75189368,"PE_TTM":-3.085549545802,"PB_TTM":0.131417712223,"REPORT_DATE_SQ":"2023-06-30 00:00:00","REPORT_TYPE_SQ":"2023年中报","OPERATE_INCOME_SQ":790603000,"DPS_HKD":null,"OPERATE_INCOME_QOQ_SQ":-1.054366884391,"NET_PROFIT_RATIO_SQ":-0.7914212316,"HOLDER_PROFIT_SQ":-6528000,"HOLDER_PROFIT_QOQ_SQ":-0.2205357722,"ROE_AVG_SQ":-1.192129534516,"PE_TTM_SQ":-8.144030219273,"PB_TTM_SQ":0.231017785088,"ROA_SQ":-0.461140212974,"START_DATE":"2024-01-01 00:00:00","FISCAL_YEAR":"12-31","CURRENCY":"HKD","IS_CNY_CODE":0,"DPS_HKD_LY":null,"ORG_TYPE":"一般企业","PREMIUM_INCOME":null,"PREMIUM_INCOME_YOY":null,"NET_INTEREST_INCOME":null,"NET_INTEREST_INCOME_YOY":null,"FEE_COMMISSION_INCOME":null,"FEE_COMMISSION_INCOME_YOY":null,"ACCOUNTS_RECE_TDAYS":6.628107581486,"INVENTORY_TDAYS":6.185826211415,"CURRENT_ASSETS_TDAYS":0.831364427767,"TOTAL_ASSETS_TDAYS":0.478434623345,"PREMIUM_EXPENSE":null,"LOAN_DEPOSIT":null,"LOAN_EQUITY":null,"LOAN_ASSETS":null,"DEPOSIT_EQUITY":null,"DEPOSIT_ASSETS":null,"EQUITY_MULTIPLIER":3.057835069126,"EQUITY_RATIO":2.102713426953},{"SECUCODE":"00834.HK","SECURITY_CODE":"00834","SECURITY_NAME_ABBR":"康大食品","ORG_CODE":"10119516","STD_REPORT_DATE":"2023-12-31 00:00:00","REPORT_DATE":"2023-12-31 00:00:00","DATE_TYPE_CODE":"001","REPORT_TYPE":"2023年年报","PER_NETCASH_OPERATE":0.912171900552,"PER_OI":3.82796086366,"BPS":1.197645204306,"BASIC_EPS":-0.0193,"DILUTED_EPS":-0.0193,"OPERATE_INCOME":1657308000,"OPERATE_INCOME_YOY":-5.0681440519,"GROSS_PROFIT":95132000,"GROSS_PROFIT_YOY":-21.731046114608,"HOLDER_PROFIT":-8353000,"HOLDER_PROFIT_YOY":45.8195498476,"GROSS_PROFIT_RATIO":5.740152102084,"EPS_TTM":-0.019293310051,"OPERATE_INCOME_QOQ":-4.056548067015,"NET_PROFIT_RATIO":-0.4853050851,"ROE_AVG":-1.527930973299,"GROSS_PROFIT_QOQ":-31.31213943783,"ROA":-0.572901413358,"HOLDER_PROFIT_QOQ":45.938774189373,"ROE_YEARLY":-1.527930973299,"ROIC_YEARLY":-0.692666180178,"TOTAL_ASSETS":1582127000,"TOTAL_LIABILITIES":1028527000,"TAX_EBT":3.247924936846,"OCF_SALES":23.829185643224,"TOTAL_PARENT_EQUITY":542471000,"DEBT_ASSET_RATIO":65.0091301141,"OPERATE_PROFIT":9717000,"PRETAX_PROFIT":-8313000,"NETCASH_OPERATE":394923000,"NETCASH_INVEST":-245477000,"NETCASH_FINANCE":-53145000,"END_CASH":284307000,"DIVI_RATIO":null,"DIVIDEND_RATE":null,"CURRENT_RATIO":0.999747551303,"COMMON_ACS":2000000000,"CURRENTDEBT_DEBT":88.195545668709,"ISSUED_COMMON_SHARES":452948000,"HK_COMMON_SHARES":452948000,"PER_SHARES":4000,"TOTAL_MARKET_CAP":77001160,"HKSK_MARKET_CAP":77001160,"PE_TTM":-3.159900137267,"PB_TTM":0.134584404084,"REPORT_DATE_SQ":"2022-12-31 00:00:00","REPORT_TYPE_SQ":"2022年年报","OPERATE_INCOME_SQ":1745787000,"DPS_HKD":null,"OPERATE_INCOME_QOQ_SQ":8.749416007924,"NET_PROFIT_RATIO_SQ":-0.864882142,"HOLDER_PROFIT_SQ":-15417000,"HOLDER_PROFIT_QOQ_SQ":-112.092447379282,"ROE_AVG_SQ":-2.758441767571,"PE_TTM_SQ":-5.946434763279,"PB_TTM_SQ":0.168679652604,"ROA_SQ":-1.189735263261,"START_DATE":"2023-01-01 00:00:00","FISCAL_YEAR":"12-31","CURRENCY":"HKD","IS_CNY_CODE":0,"DPS_HKD_LY":null,"ORG_TYPE":"一般企业","PREMIUM_INCOME":null,"PREMIUM_INCOME_YOY":null,"NET_INTEREST_INCOME":null,"NET_INTEREST_INCOME_YOY":null,"FEE_COMMISSION_INCOME":null,"FEE_COMMISSION_INCOME_YOY":null,"ACCOUNTS_RECE_TDAYS":13.078710206916,"INVENTORY_TDAYS":11.243650967874,"CURRENT_ASSETS_TDAYS":2.077989752412,"TOTAL_ASSETS_TDAYS":1.136686334933,"PREMIUM_EXPENSE":null,"LOAN_DEPOSIT":null,"LOAN_EQUITY":null,"LOAN_ASSETS":null,"DEPOSIT_EQUITY":null,"DEPOSIT_ASSETS":null,"EQUITY_MULTIPLIER":2.857888367054,"EQUITY_RATIO":1.896003657338},{"SECUCODE":"00834.HK","SECURITY_CODE":"00834","SECURITY_NAME_ABBR":"康大食品","ORG_CODE":"10119516","STD_REPORT_DATE":"2023-06-30 00:00:00","REPORT_DATE":"2023-06-30 00:00:00","DATE_TYPE_CODE":"002","REPORT_TYPE":"2023年中报","PER_NETCASH_OPERATE":0.399389765053,"PER_OI":1.82609227898,"BPS":1.201639040243,"BASIC_EPS":-0.015,"DILUTED_EPS":-0.015,"OPERATE_INCOME":790603000,"OPERATE_INCOME_YOY":-2.2752499969,"GROSS_PROFIT":47447000,"GROSS_PROFIT_YOY":55.599645820352,"HOLDER_PROFIT":-6528000,"HOLDER_PROFIT_YOY":-0.5235602094,"GROSS_PROFIT_RATIO":6.001368575632,"EPS_TTM":-0.035687888615,"OPERATE_INCOME_QOQ":-1.054366884391,"NET_PROFIT_RATIO":-0.7914212316,"ROE_AVG":-1.192129534516,"GROSS_PROFIT_QOQ":13.948743263812,"ROA":-0.461140212974,"HOLDER_PROFIT_QOQ":-0.2205357722,"ROE_YEARLY":-2.384259069032,"ROIC_YEARLY":-1.089853204553,"TOTAL_ASSETS":1497336000,"TOTAL_LIABILITIES":941966000,"TAX_EBT":4.560707748627,"OCF_SALES":21.871280528913,"TOTAL_PARENT_EQUITY":544280000,"DEBT_ASSET_RATIO":62.9094605352,"OPERATE_PROFIT":384000,"PRETAX_PROFIT":-6556000,"NETCASH_OPERATE":172915000,"NETCASH_INVEST":-199606000,"NETCASH_FINANCE":44222000,"END_CASH":215476000,"DIVI_RATIO":null,"DIVIDEND_RATE":null,"CURRENT_RATIO":1.034294989325,"COMMON_ACS":2000000000,"CURRENTDEBT_DEBT":94.379414968269,"ISSUED_COMMON_SHARES":452948000,"HK_COMMON_SHARES":452948000,"PER_SHARES":4000,"TOTAL_MARKET_CAP":77001160,"HKSK_MARKET_CAP":77001160,"PE_TTM":-3.159900137267,"PB_TTM":0.134584404084,"REPORT_DATE_SQ":"2022-06-30 00:00:00","REPORT_TYPE_SQ":"2022年中报","OPERATE_INCOME_SQ":809010000,"DPS_HKD":null,"OPERATE_INCOME_QOQ_SQ":5.64064295275,"NET_PROFIT_RATIO_SQ":-0.7905959135,"HOLDER_PROFIT_SQ":-6494000,"HOLDER_PROFIT_QOQ_SQ":82.103112074059,"ROE_AVG_SQ":-1.152452377488,"PE_TTM_SQ":-5.946434763279,"PB_TTM_SQ":0.168679652604,"ROA_SQ":-0.496998417319,"START_DATE":"2023-01-01 00:00:00","FISCAL_YEAR":"12-31","CURRENCY":"HKD","IS_CNY_CODE":0,"DPS_HKD_LY":null,"ORG_TYPE":"一般企业","PREMIUM_INCOME":null,"PREMIUM_INCOME_YOY":null,"NET_INTEREST_INCOME":null,"NET_INTEREST_INCOME_YOY":null,"FEE_COMMISSION_INCOME":null,"FEE_COMMISSION_INCOME_YOY":null,"ACCOUNTS_RECE_TDAYS":6.247159315391,"INVENTORY_TDAYS":4.410879468194,"CURRENT_ASSETS_TDAYS":0.983500981507,"TOTAL_ASSETS_TDAYS":0.55848473621,"PREMIUM_EXPENSE":null,"LOAN_DEPOSIT":null,"LOAN_EQUITY":null,"LOAN_ASSETS":null,"DEPOSIT_EQUITY":null,"DEPOSIT_ASSETS":null,"EQUITY_MULTIPLIER":2.696105299167,"EQUITY_RATIO":1.73066436393},{"SECUCODE":"00834.HK","SECURITY_CODE":"00834","SECURITY_NAME_ABBR":"康大食品","ORG_CODE":"10119516","STD_REPORT_DATE":"2022-12-31 00:00:00","REPORT_DATE":"2022-12-31 00:00:00","DATE_TYPE_CODE":"001","REPORT_TYPE":"2022年年报","PER_NETCASH_OPERATE":-0.187567560076,"PER_OI":4.03232489814,"BPS":1.216261027756,"BASIC_EPS":-0.0356,"DILUTED_EPS":-0.0356,"OPERATE_INCOME":1745787000,"OPERATE_INCOME_YOY":14.8835822781,"GROSS_PROFIT":121545000,"GROSS_PROFIT_YOY":68.559660509236,"HOLDER_PROFIT":-15417000,"HOLDER_PROFIT_YOY":62.0420523931,"GROSS_PROFIT_RATIO":6.96218954546,"EPS_TTM":-0.035609357244,"OPERATE_INCOME_QOQ":8.749416007924,"NET_PROFIT_RATIO":-0.864882142,"ROE_AVG":-2.758441767571,"GROSS_PROFIT_QOQ":78.145336225597,"ROA":-1.189735263261,"HOLDER_PROFIT_QOQ":-112.092447379282,"ROE_YEARLY":-2.758441767571,"ROIC_YEARLY":-1.383344414804,"TOTAL_ASSETS":1333907000,"TOTAL_LIABILITIES":772185000,"TAX_EBT":-2.805201879213,"OCF_SALES":-4.651598390869,"TOTAL_PARENT_EQUITY":550903000,"DEBT_ASSET_RATIO":57.8889682714,"OPERATE_PROFIT":488000,"PRETAX_PROFIT":-14687000,"NETCASH_OPERATE":-81207000,"NETCASH_INVEST":-1389000,"NETCASH_FINANCE":141441000,"END_CASH":197939000,"DIVI_RATIO":null,"DIVIDEND_RATE":null,"CURRENT_RATIO":0.965012696779,"COMMON_ACS":2000000000,"CURRENTDEBT_DEBT":92.357789907859,"ISSUED_COMMON_SHARES":452948000,"HK_COMMON_SHARES":452948000,"PER_SHARES":4000,"TOTAL_MARKET_CAP":77001160,"HKSK_MARKET_CAP":77001160,"PE_TTM":-3.159900137267,"PB_TTM":0.134584404084,"REPORT_DATE_SQ":"2021-12-31 00:00:00","REPORT_TYPE_SQ":"2021年年报","OPERATE_INCOME_SQ":1519614000,"DPS_HKD":null,"OPERATE_INCOME_QOQ_SQ":-1.42662818734,"NET_PROFIT_RATIO_SQ":-2.7354973039,"HOLDER_PROFIT_SQ":-40616000,"HOLDER_PROFIT_QOQ_SQ":45.315992137222,"ROE_AVG_SQ":-6.914203175365,"PE_TTM_SQ":-5.946434763279,"PB_TTM_SQ":0.168679652604,"ROA_SQ":-2.979894005986,"START_DATE":"2022-01-01 00:00:00","FISCAL_YEAR":"12-31","CURRENCY":"HKD","IS_CNY_CODE":0,"DPS_HKD_LY":null,"ORG_TYPE":"一般企业","PREMIUM_INCOME":null,"PREMIUM_INCOME_YOY":null,"NET_INTEREST_INCOME":null,"NET_INTEREST_INCOME_YOY":null,"FEE_COMMISSION_INCOME":null,"FEE_COMMISSION_INCOME_YOY":null,"ACCOUNTS_RECE_TDAYS":12.399627823728,"INVENTORY_TDAYS":11.18439100975,"CURRENT_ASSETS_TDAYS":2.955341975293,"TOTAL_ASSETS_TDAYS":1.347229912462,"PREMIUM_EXPENSE":null,"LOAN_DEPOSIT":null,"LOAN_EQUITY":null,"LOAN_ASSETS":null,"DEPOSIT_EQUITY":null,"DEPOSIT_ASSETS":null,"EQUITY_MULTIPLIER":2.374674661131,"EQUITY_RATIO":1.401671437622},{"SECUCODE":"00834.HK","SECURITY_CODE":"00834","SECURITY_NAME_ABBR":"康大食品","ORG_CODE":"10119516","STD_REPORT_DATE":"2022-06-30 00:00:00","REPORT_DATE":"2022-06-30 00:00:00","DATE_TYPE_CODE":"002","REPORT_TYPE":"2022年中报","PER_NETCASH_OPERATE":-0.326083039996,"PER_OI":1.868607777377,"BPS":1.236534878176,"BASIC_EPS":-0.015,"DILUTED_EPS":-0.015,"OPERATE_INCOME":809010000,"OPERATE_INCOME_YOY":11.8507826693,"GROSS_PROFIT":30493000,"GROSS_PROFIT_YOY":-11.287929479533,"HOLDER_PROFIT":-6494000,"HOLDER_PROFIT_YOY":83.7002083281,"GROSS_PROFIT_RATIO":3.769174670276,"EPS_TTM":-0.016789545165,"OPERATE_INCOME_QOQ":5.64064295275,"NET_PROFIT_RATIO":-0.7905959135,"ROE_AVG":-1.152452377488,"GROSS_PROFIT_QOQ":-5.380817662395,"ROA":-0.496998417319,"HOLDER_PROFIT_QOQ":82.103112074059,"ROE_YEARLY":-2.304904754975,"ROIC_YEARLY":-1.132276640605,"TOTAL_ASSETS":1355526000,"TOTAL_LIABILITIES":782751000,"TAX_EBT":4.920469748774,"OCF_SALES":-17.450587755405,"TOTAL_PARENT_EQUITY":560086000,"DEBT_ASSET_RATIO":57.7451852639,"OPERATE_PROFIT":-348000,"PRETAX_PROFIT":-6727000,"NETCASH_OPERATE":-141177000,"NETCASH_INVEST":-19289000,"NETCASH_FINANCE":174277000,"END_CASH":152495000,"DIVI_RATIO":null,"DIVIDEND_RATE":null,"CURRENT_RATIO":1.027105517909,"COMMON_ACS":2000000000,"CURRENTDEBT_DEBT":78.258475556084,"ISSUED_COMMON_SHARES":452948000,"HK_COMMON_SHARES":452948000,"PER_SHARES":4000,"TOTAL_MARKET_CAP":77001160,"HKSK_MARKET_CAP":77001160,"PE_TTM":-3.159900137267,"PB_TTM":0.134584404084,"REPORT_DATE_SQ":"2021-06-30 00:00:00","REPORT_TYPE_SQ":"2021年中报","OPERATE_INCOME_SQ":723294000,"DPS_HKD":null,"OPERATE_INCOME_QOQ_SQ":1.364895528747,"NET_PROFIT_RATIO_SQ":-5.6125171784,"HOLDER_PROFIT_SQ":-39841000,"HOLDER_PROFIT_QOQ_SQ":-105.990515017888,"ROE_AVG_SQ":-6.775737888928,"PE_TTM_SQ":-5.946434763279,"PB_TTM_SQ":0.168679652604,"ROA_SQ":-2.728975803552,"START_DATE":"2022-01-01 00:00:00","FISCAL_YEAR":"12-31","CURRENCY":"HKD","IS_CNY_CODE":0,"DPS_HKD_LY":null,"ORG_TYPE":"一般企业","PREMIUM_INCOME":null,"PREMIUM_INCOME_YOY":null,"NET_INTEREST_INCOME":null,"NET_INTEREST_INCOME_YOY":null,"FEE_COMMISSION_INCOME":null,"FEE_COMMISSION_INCOME_YOY":null,"ACCOUNTS_RECE_TDAYS":5.137550009526,"INVENTORY_TDAYS":5.711580646345,"CURRENT_ASSETS_TDAYS":1.441575485323,"TOTAL_ASSETS_TDAYS":0.619151046498,"PREMIUM_EXPENSE":null,"LOAN_DEPOSIT":null,"LOAN_EQUITY":null,"LOAN_ASSETS":null,"DEPOSIT_EQUITY":null,"DEPOSIT_ASSETS":null,"EQUITY_MULTIPLIER":2.366594212388,"EQUITY_RATIO":1.397555018336},{"SECUCODE":"00834.HK","SECURITY_CODE":"00834","SECURITY_NAME_ABBR":"康大食品","ORG_CODE":"10119516","STD_REPORT_DATE":"2021-12-31 00:00:00","REPORT_DATE":"2021-12-31 00:00:00","DATE_TYPE_CODE":"001","REPORT_TYPE":"2021年年报","PER_NETCASH_OPERATE":0.163606252945,"PER_OI":3.509922669697,"BPS":1.251582963166,"BASIC_EPS":-0.0938,"DILUTED_EPS":-0.0938,"OPERATE_INCOME":1519614000,"OPERATE_INCOME_YOY":-0.0812046429,"GROSS_PROFIT":72108000,"GROSS_PROFIT_YOY":-37.601246105919,"HOLDER_PROFIT":-40616000,"HOLDER_PROFIT_YOY":-12.643869429,"GROSS_PROFIT_RATIO":4.745152387383,"EPS_TTM":-0.093812651866,"OPERATE_INCOME_QOQ":-1.42662818734,"NET_PROFIT_RATIO":-2.7354973039,"ROE_AVG":-6.914203175365,"GROSS_PROFIT_QOQ":-19.773923298584,"ROA":-2.979894005986,"HOLDER_PROFIT_QOQ":45.315992137222,"ROE_YEARLY":-6.914203175365,"ROIC_YEARLY":-3.477424055494,"TOTAL_ASSETS":1257762000,"TOTAL_LIABILITIES":675519000,"TAX_EBT":0.997904163094,"OCF_SALES":4.661249501518,"TOTAL_PARENT_EQUITY":566902000,"DEBT_ASSET_RATIO":53.7080147118,"OPERATE_PROFIT":-29609000,"PRETAX_PROFIT":-41988000,"NETCASH_OPERATE":70833000,"NETCASH_INVEST":7390000,"NETCASH_FINANCE":-147241000,"END_CASH":138624000,"DIVI_RATIO":null,"DIVIDEND_RATE":null,"CURRENT_RATIO":0.822930136097,"COMMON_ACS":2000000000,"CURRENTDEBT_DEBT":88.724521442032,"ISSUED_COMMON_SHARES":452948000,"HK_COMMON_SHARES":452948000,"PER_SHARES":4000,"TOTAL_MARKET_CAP":77001160,"HKSK_MARKET_CAP":77001160,"PE_TTM":-3.159900137267,"PB_TTM":0.134584404084,"REPORT_DATE_SQ":"2020-12-31 00:00:00","REPORT_TYPE_SQ":"2020年年报","OPERATE_INCOME_SQ":1520849000,"DPS_HKD":null,"OPERATE_INCOME_QOQ_SQ":5.777514099852,"NET_PROFIT_RATIO_SQ":-2.3526990516,"HOLDER_PROFIT_SQ":-36057000,"HOLDER_PROFIT_QOQ_SQ":-1653.74513618677,"ROE_AVG_SQ":-5.761703535209,"PE_TTM_SQ":-5.946434763279,"PB_TTM_SQ":0.168679652604,"ROA_SQ":-2.432370625366,"START_DATE":"2021-01-01 00:00:00","FISCAL_YEAR":"12-31","CURRENCY":"HKD","IS_CNY_CODE":0,"DPS_HKD_LY":null,"ORG_TYPE":"一般企业","PREMIUM_INCOME":null,"PREMIUM_INCOME_YOY":null,"NET_INTEREST_INCOME":null,"NET_INTEREST_INCOME_YOY":null,"FEE_COMMISSION_INCOME":null,"FEE_COMMISSION_INCOME_YOY":null,"ACCOUNTS_RECE_TDAYS":14.701507771043,"INVENTORY_TDAYS":11.66727252943,"CURRENT_ASSETS_TDAYS":2.673336458882,"TOTAL_ASSETS_TDAYS":1.114902661516,"PREMIUM_EXPENSE":null,"LOAN_DEPOSIT":null,"LOAN_EQUITY":null,"LOAN_ASSETS":null,"DEPOSIT_EQUITY":null,"DEPOSIT_ASSETS":null,"EQUITY_MULTIPLIER":2.160201153125,"EQUITY_RATIO":1.191597489513},{"SECUCODE":"00834.HK","SECURITY_CODE":"00834","SECURITY_NAME_ABBR":"康大食品","ORG_CODE":"10119516","STD_REPORT_DATE":"2021-06-30 00:00:00","REPORT_DATE":"2021-06-30 00:00:00","DATE_TYPE_CODE":"002","REPORT_TYPE":"2021年中报","PER_NETCASH_OPERATE":-0.125407670205,"PER_OI":1.670625571662,"BPS":1.254084354054,"BASIC_EPS":-0.092,"DILUTED_EPS":-0.092,"OPERATE_INCOME":723294000,"OPERATE_INCOME_YOY":2.9547240284,"GROSS_PROFIT":34373000,"GROSS_PROFIT_YOY":-42.761273562912,"HOLDER_PROFIT":-39841000,"HOLDER_PROFIT_YOY":-2353.263546798,"GROSS_PROFIT_RATIO":4.752286069012,"EPS_TTM":-0.171554089637,"OPERATE_INCOME_QOQ":1.364895528747,"NET_PROFIT_RATIO":-5.6125171784,"ROE_AVG":-6.775737888928,"GROSS_PROFIT_QOQ":-22.22135687089,"ROA":-2.728975803552,"HOLDER_PROFIT_QOQ":-105.990515017888,"ROE_YEARLY":-13.551475777855,"ROIC_YEARLY":-6.288753728625,"TOTAL_ASSETS":1451609000,"TOTAL_LIABILITIES":857034000,"TAX_EBT":0.7627056494,"OCF_SALES":-7.50662939275,"TOTAL_PARENT_EQUITY":568035000,"DEBT_ASSET_RATIO":59.0402787527,"OPERATE_PROFIT":-34069000,"PRETAX_PROFIT":-40907000,"NETCASH_OPERATE":-54295000,"NETCASH_INVEST":-12721000,"NETCASH_FINANCE":-18604000,"END_CASH":123143000,"DIVI_RATIO":null,"DIVIDEND_RATE":null,"CURRENT_RATIO":0.849939253673,"COMMON_ACS":2000000000,"CURRENTDEBT_DEBT":90.949833962247,"ISSUED_COMMON_SHARES":452948000,"HK_COMMON_SHARES":452948000,"PER_SHARES":4000,"TOTAL_MARKET_CAP":77001160,"HKSK_MARKET_CAP":77001160,"PE_TTM":-3.159900137267,"PB_TTM":0.134584404084,"REPORT_DATE_SQ":"2020-06-30 00:00:00","REPORT_TYPE_SQ":"2020年中报","OPERATE_INCOME_SQ":702536000,"DPS_HKD":null,"OPERATE_INCOME_QOQ_SQ":1.931607510625,"NET_PROFIT_RATIO_SQ":-0.2485281893,"HOLDER_PROFIT_SQ":-1624000,"HOLDER_PROFIT_QOQ_SQ":-147.091158955566,"ROE_AVG_SQ":-0.252699520198,"PE_TTM_SQ":-5.946434763279,"PB_TTM_SQ":0.168679652604,"ROA_SQ":-0.107966950412,"START_DATE":"2021-01-01 00:00:00","FISCAL_YEAR":"12-31","CURRENCY":"HKD","IS_CNY_CODE":0,"DPS_HKD_LY":null,"ORG_TYPE":"一般企业","PREMIUM_INCOME":null,"PREMIUM_INCOME_YOY":null,"NET_INTEREST_INCOME":null,"NET_INTEREST_INCOME_YOY":null,"FEE_COMMISSION_INCOME":null,"FEE_COMMISSION_INCOME_YOY":null,"ACCOUNTS_RECE_TDAYS":6.263912704599,"INVENTORY_TDAYS":4.94930511403,"CURRENT_ASSETS_TDAYS":1.107523967458,"TOTAL_ASSETS_TDAYS":0.495432299604,"PREMIUM_EXPENSE":null,"LOAN_DEPOSIT":null,"LOAN_EQUITY":null,"LOAN_ASSETS":null,"DEPOSIT_EQUITY":null,"DEPOSIT_ASSETS":null,"EQUITY_MULTIPLIER":2.441422865069,"EQUITY_RATIO":1.508769706092},{"SECUCODE":"00834.HK","SECURITY_CODE":"00834","SECURITY_NAME_ABBR":"康大食品","ORG_CODE":"10119516","STD_REPORT_DATE":"2020-12-31 00:00:00","REPORT_DATE":"2020-12-31 00:00:00","DATE_TYPE_CODE":"001","REPORT_TYPE":"2020年年报","PER_NETCASH_OPERATE":0.193960937572,"PER_OI":3.51277520626,"BPS":1.34221809126,"BASIC_EPS":-0.0833,"DILUTED_EPS":-0.0833,"OPERATE_INCOME":1520849000,"OPERATE_INCOME_YOY":7.8207205068,"GROSS_PROFIT":115560000,"GROSS_PROFIT_YOY":8.446963653938,"HOLDER_PROFIT":-36057000,"HOLDER_PROFIT_YOY":-925.8589097572,"GROSS_PROFIT_RATIO":7.598387479625,"EPS_TTM":-0.083282518917,"OPERATE_INCOME_QOQ":5.777514099852,"NET_PROFIT_RATIO":-2.3526990516,"ROE_AVG":-5.761703535209,"GROSS_PROFIT_QOQ":1.661813479252,"ROA":-2.432370625366,"HOLDER_PROFIT_QOQ":-1653.74513618677,"ROE_YEARLY":-5.761703535209,"ROIC_YEARLY":-2.836653461678,"TOTAL_ASSETS":1468241000,"TOTAL_LIABILITIES":832992000,"TAX_EBT":-0.771678823894,"OCF_SALES":5.521586955707,"TOTAL_PARENT_EQUITY":607955000,"DEBT_ASSET_RATIO":56.7340102885,"OPERATE_PROFIT":-16559000,"PRETAX_PROFIT":-35507000,"NETCASH_OPERATE":83975000,"NETCASH_INVEST":-50689000,"NETCASH_FINANCE":32213000,"END_CASH":208762000,"DIVI_RATIO":null,"DIVIDEND_RATE":null,"CURRENT_RATIO":0.835329372403,"COMMON_ACS":2000000000,"CURRENTDEBT_DEBT":92.501008413046,"ISSUED_COMMON_SHARES":452948000,"HK_COMMON_SHARES":452948000,"PER_SHARES":4000,"TOTAL_MARKET_CAP":77001160,"HKSK_MARKET_CAP":77001160,"PE_TTM":-3.159900137267,"PB_TTM":0.134584404084,"REPORT_DATE_SQ":"2019-12-31 00:00:00","REPORT_TYPE_SQ":"2019年年报","OPERATE_INCOME_SQ":1410535000,"DPS_HKD":null,"OPERATE_INCOME_QOQ_SQ":0.545663207117,"NET_PROFIT_RATIO_SQ":0.3787215489,"HOLDER_PROFIT_SQ":4366000,"HOLDER_PROFIT_QOQ_SQ":1.064814814815,"ROE_AVG_SQ":0.680738272038,"PE_TTM_SQ":-5.946434763279,"PB_TTM_SQ":0.168679652604,"ROA_SQ":0.267817188699,"START_DATE":"2020-01-01 00:00:00","FISCAL_YEAR":"12-31","CURRENCY":"HKD","IS_CNY_CODE":0,"DPS_HKD_LY":null,"ORG_TYPE":"一般企业","PREMIUM_INCOME":null,"PREMIUM_INCOME_YOY":null,"NET_INTEREST_INCOME":null,"NET_INTEREST_INCOME_YOY":null,"FEE_COMMISSION_INCOME":null,"FEE_COMMISSION_INCOME_YOY":null,"ACCOUNTS_RECE_TDAYS":15.119887459487,"INVENTORY_TDAYS":11.000391392496,"CURRENT_ASSETS_TDAYS":2.558222153443,"TOTAL_ASSETS_TDAYS":1.025950143721,"PREMIUM_EXPENSE":null,"LOAN_DEPOSIT":null,"LOAN_EQUITY":null,"LOAN_ASSETS":null,"DEPOSIT_EQUITY":null,"DEPOSIT_ASSETS":null,"EQUITY_MULTIPLIER":2.311284236575,"EQUITY_RATIO":1.370154041006},{"SECUCODE":"00834.HK","SECURITY_CODE":"00834","SECURITY_NAME_ABBR":"康大食品","ORG_CODE":"10119516","STD_REPORT_DATE":"2020-06-30 00:00:00","REPORT_DATE":"2020-06-30 00:00:00","DATE_TYPE_CODE":"002","REPORT_TYPE":"2020年中报","PER_NETCASH_OPERATE":0.163888041982,"PER_OI":1.622679859937,"BPS":1.416646060916,"BASIC_EPS":-0.0038,"DILUTED_EPS":-0.0038,"OPERATE_INCOME":702536000,"OPERATE_INCOME_YOY":4.034711013,"GROSS_PROFIT":60052000,"GROSS_PROFIT_YOY":13.434076312807,"HOLDER_PROFIT":-1624000,"HOLDER_PROFIT_YOY":-133.8474364318,"GROSS_PROFIT_RATIO":8.54788936083,"EPS_TTM":-0.004748838198,"OPERATE_INCOME_QOQ":1.931607510625,"NET_PROFIT_RATIO":-0.2485281893,"ROE_AVG":-0.252699520198,"GROSS_PROFIT_QOQ":6.674236807778,"ROA":-0.107966950412,"HOLDER_PROFIT_QOQ":-147.091158955566,"ROE_YEARLY":-0.505399040395,"ROIC_YEARLY":-0.252349950645,"TOTAL_ASSETS":1511807000,"TOTAL_LIABILITIES":843244000,"TAX_EBT":15.324927255092,"OCF_SALES":10.099838300101,"TOTAL_PARENT_EQUITY":641667000,"DEBT_ASSET_RATIO":55.7772255321,"OPERATE_PROFIT":8622000,"PRETAX_PROFIT":-2062000,"NETCASH_OPERATE":70955000,"NETCASH_INVEST":1332000,"NETCASH_FINANCE":-11067000,"END_CASH":220744000,"DIVI_RATIO":null,"DIVIDEND_RATE":null,"CURRENT_RATIO":0.755074388574,"COMMON_ACS":2000000000,"CURRENTDEBT_DEBT":92.773977638738,"ISSUED_COMMON_SHARES":452948000,"HK_COMMON_SHARES":452948000,"PER_SHARES":4000,"TOTAL_MARKET_CAP":77001160,"HKSK_MARKET_CAP":77001160,"PE_TTM":-3.159900137267,"PB_TTM":0.134584404084,"REPORT_DATE_SQ":"2019-06-30 00:00:00","REPORT_TYPE_SQ":"2019年中报","OPERATE_INCOME_SQ":675290000,"DPS_HKD":null,"OPERATE_INCOME_QOQ_SQ":-0.056494639421,"NET_PROFIT_RATIO_SQ":0.7732973982,"HOLDER_PROFIT_SQ":4798000,"HOLDER_PROFIT_QOQ_SQ":-23.431407302375,"ROE_AVG_SQ":0.747971256578,"PE_TTM_SQ":-5.946434763279,"PB_TTM_SQ":0.168679652604,"ROA_SQ":0.274440929564,"START_DATE":"2020-01-01 00:00:00","FISCAL_YEAR":"12-31","CURRENCY":"HKD","IS_CNY_CODE":0,"DPS_HKD_LY":null,"ORG_TYPE":"一般企业","PREMIUM_INCOME":null,"PREMIUM_INCOME_YOY":null,"NET_INTEREST_INCOME":null,"NET_INTEREST_INCOME_YOY":null,"FEE_COMMISSION_INCOME":null,"FEE_COMMISSION_INCOME_YOY":null,"ACCOUNTS_RECE_TDAYS":5.882703644159,"INVENTORY_TDAYS":4.796106285855,"CURRENT_ASSETS_TDAYS":1.236805806792,"TOTAL_ASSETS_TDAYS":0.467060772629,"PREMIUM_EXPENSE":null,"LOAN_DEPOSIT":null,"LOAN_EQUITY":null,"LOAN_ASSETS":null,"DEPOSIT_EQUITY":null,"DEPOSIT_ASSETS":null,"EQUITY_MULTIPLIER":2.261278293893,"EQUITY_RATIO":1.314145810833}],"count":53},"success":true,"message":"ok","code":0}