{"version":"ad174f4a4d3f0440781e196cc99f2b87","result":{"pages":4,"data":[{"SECUCODE":"00830.HK","SECURITY_CODE":"00830","SECURITY_NAME_ABBR":"中国建筑兴业","ORG_CODE":"10152021","STD_REPORT_DATE":"2024-06-30 00:00:00","REPORT_DATE":"2024-06-30 00:00:00","DATE_TYPE_CODE":"002","REPORT_TYPE":"2024年中报","PER_NETCASH_OPERATE":-0.104738208247,"PER_OI":1.910721696371,"BPS":1.137922340401,"BASIC_EPS":0.222785188,"DILUTED_EPS":0.222785188,"OPERATE_INCOME":4309718768.64,"OPERATE_INCOME_YOY":0.1231701786,"GROSS_PROFIT":694215439.12,"GROSS_PROFIT_YOY":11.485932503366,"HOLDER_PROFIT":502402959.6,"HOLDER_PROFIT_YOY":26.0652002153,"GROSS_PROFIT_RATIO":16.108137824944,"EPS_TTM":0.277451345506,"OPERATE_INCOME_QOQ":-0.49100757471,"NET_PROFIT_RATIO":11.5557486921,"ROE_AVG":21.115001904481,"GROSS_PROFIT_QOQ":8.110840390932,"ROA":5.028336287699,"HOLDER_PROFIT_QOQ":18.976809811869,"ROE_YEARLY":42.230003808963,"ROIC_YEARLY":10.629784870781,"TOTAL_ASSETS":10270438237.4,"TOTAL_LIABILITIES":7805670144.96,"TAX_EBT":11.509040164635,"OCF_SALES":-5.481604591906,"TOTAL_PARENT_EQUITY":2566635045.28,"DEBT_ASSET_RATIO":76.0013347487,"OPERATE_PROFIT":594932283.36,"PRETAX_PROFIT":562792257.16,"NETCASH_OPERATE":-236241741.92,"NETCASH_INVEST":15925353.32,"NETCASH_FINANCE":204580872.72,"END_CASH":608004599,"DIVI_RATIO":0.334785329048,"DIVIDEND_RATE":5.828571428571,"CURRENT_RATIO":1.300022884367,"COMMON_ACS":10000000000,"CURRENTDEBT_DEBT":83.385318303293,"ISSUED_COMMON_SHARES":2255545000,"HK_COMMON_SHARES":2255545000,"PER_SHARES":2000,"TOTAL_MARKET_CAP":3947203750,"HKSK_MARKET_CAP":3947203750,"PE_TTM":5.685688203562,"PB_TTM":1.403601935996,"REPORT_DATE_SQ":"2023-06-30 00:00:00","REPORT_TYPE_SQ":"2023年中报","OPERATE_INCOME_SQ":4348278033.22,"DPS_HKD":0.102,"OPERATE_INCOME_QOQ_SQ":15.960856937279,"NET_PROFIT_RATIO_SQ":9.1235198216,"HOLDER_PROFIT_SQ":402587176.9,"HOLDER_PROFIT_QOQ_SQ":33.813508068439,"ROE_AVG_SQ":19.128618499372,"PE_TTM_SQ":8.152410273799,"PB_TTM_SQ":1.769313843384,"ROA_SQ":4.076726921989,"START_DATE":"2024-01-01 00:00:00","FISCAL_YEAR":"12-31","CURRENCY":"HKD","IS_CNY_CODE":0,"DPS_HKD_LY":0.102,"ORG_TYPE":"一般企业","PREMIUM_INCOME":null,"PREMIUM_INCOME_YOY":null,"NET_INTEREST_INCOME":null,"NET_INTEREST_INCOME_YOY":null,"FEE_COMMISSION_INCOME":null,"FEE_COMMISSION_INCOME_YOY":null,"ACCOUNTS_RECE_TDAYS":2.339283865397,"INVENTORY_TDAYS":22.315876641758,"CURRENT_ASSETS_TDAYS":0.529524800617,"TOTAL_ASSETS_TDAYS":0.43134131398,"PREMIUM_EXPENSE":null,"LOAN_DEPOSIT":null,"LOAN_EQUITY":null,"LOAN_ASSETS":null,"DEPOSIT_EQUITY":null,"DEPOSIT_ASSETS":null,"EQUITY_MULTIPLIER":4.16689840676,"EQUITY_RATIO":3.04120765409},{"SECUCODE":"00830.HK","SECURITY_CODE":"00830","SECURITY_NAME_ABBR":"中国建筑兴业","ORG_CODE":"10152021","STD_REPORT_DATE":"2023-12-31 00:00:00","REPORT_DATE":"2023-12-31 00:00:00","DATE_TYPE_CODE":"001","REPORT_TYPE":"2023年年报","PER_NETCASH_OPERATE":0.100640041134,"PER_OI":3.481681614998,"BPS":0.964990338406,"BASIC_EPS":0.233170406,"DILUTED_EPS":0.233170406,"OPERATE_INCOME":7853089558.3,"OPERATE_INCOME_YOY":12.9975773841,"GROSS_PROFIT":881809151.86,"GROSS_PROFIT_YOY":19.612722905549,"HOLDER_PROFIT":525988212.4,"HOLDER_PROFIT_YOY":37.5885381603,"GROSS_PROFIT_RATIO":11.228818228973,"EPS_TTM":0.233197835734,"OPERATE_INCOME_QOQ":-1.142730582263,"NET_PROFIT_RATIO":6.6033408476,"ROE_AVG":25.830040717404,"GROSS_PROFIT_QOQ":-2.219296386377,"ROA":5.543245085697,"HOLDER_PROFIT_QOQ":4.311741020019,"ROE_YEARLY":25.830040717404,"ROIC_YEARLY":5.965773428062,"TOTAL_ASSETS":9643686937.64,"TOTAL_LIABILITIES":7563127251.12,"TAX_EBT":12.027279030475,"OCF_SALES":2.890558421559,"TOTAL_PARENT_EQUITY":2176579132.84,"DEBT_ASSET_RATIO":78.4256820034,"OPERATE_PROFIT":663507097.4,"PRETAX_PROFIT":589462579.86,"NETCASH_OPERATE":226998141.58,"NETCASH_INVEST":-66318085.82,"NETCASH_FINANCE":-383056475.34,"END_CASH":636528928,"DIVI_RATIO":0.398316904219,"DIVIDEND_RATE":5.368421052632,"CURRENT_RATIO":1.170232603011,"COMMON_ACS":10000000000,"CURRENTDEBT_DEBT":87.686471128698,"ISSUED_COMMON_SHARES":2255545000,"HK_COMMON_SHARES":2255545000,"PER_SHARES":2000,"TOTAL_MARKET_CAP":4285535500,"HKSK_MARKET_CAP":4285535500,"PE_TTM":6.173032906725,"PB_TTM":1.523910673367,"REPORT_DATE_SQ":"2022-12-31 00:00:00","REPORT_TYPE_SQ":"2022年年报","OPERATE_INCOME_SQ":6850472444.41,"DPS_HKD":0.102,"OPERATE_INCOME_QOQ_SQ":11.352793299264,"NET_PROFIT_RATIO_SQ":5.3456892524,"HOLDER_PROFIT_SQ":376827736.04,"HOLDER_PROFIT_QOQ_SQ":15.590650241039,"ROE_AVG_SQ":22.420689545211,"PE_TTM_SQ":9.791296875233,"PB_TTM_SQ":2.125000646951,"ROA_SQ":4.415104515343,"START_DATE":"2023-01-01 00:00:00","FISCAL_YEAR":"12-31","CURRENCY":"HKD","IS_CNY_CODE":0,"DPS_HKD_LY":0.079,"ORG_TYPE":"一般企业","PREMIUM_INCOME":null,"PREMIUM_INCOME_YOY":null,"NET_INTEREST_INCOME":null,"NET_INTEREST_INCOME_YOY":null,"FEE_COMMISSION_INCOME":null,"FEE_COMMISSION_INCOME_YOY":null,"ACCOUNTS_RECE_TDAYS":4.460352689332,"INVENTORY_TDAYS":47.236075931879,"CURRENT_ASSETS_TDAYS":1.045451279907,"TOTAL_ASSETS_TDAYS":0.827615506875,"PREMIUM_EXPENSE":null,"LOAN_DEPOSIT":null,"LOAN_EQUITY":null,"LOAN_ASSETS":null,"DEPOSIT_EQUITY":null,"DEPOSIT_ASSETS":null,"EQUITY_MULTIPLIER":4.635140726848,"EQUITY_RATIO":3.474777065078},{"SECUCODE":"00830.HK","SECURITY_CODE":"00830","SECURITY_NAME_ABBR":"中国建筑兴业","ORG_CODE":"10152021","STD_REPORT_DATE":"2023-06-30 00:00:00","REPORT_DATE":"2023-06-30 00:00:00","DATE_TYPE_CODE":"002","REPORT_TYPE":"2023年中报","PER_NETCASH_OPERATE":-0.105652998535,"PER_OI":1.927817016827,"BPS":1.010923645168,"BASIC_EPS":0.178495328,"DILUTED_EPS":0.178495328,"OPERATE_INCOME":4348278033.22,"OPERATE_INCOME_YOY":23.9147238754,"GROSS_PROFIT":622693306.26,"GROSS_PROFIT_YOY":35.932460198461,"HOLDER_PROFIT":402587176.9,"HOLDER_PROFIT_YOY":35.7070266003,"GROSS_PROFIT_RATIO":14.320457466214,"EPS_TTM":0.223558569202,"OPERATE_INCOME_QOQ":15.960856937279,"NET_PROFIT_RATIO":9.1235198216,"ROE_AVG":19.128618499372,"GROSS_PROFIT_QOQ":22.327533434607,"ROA":4.076726921989,"HOLDER_PROFIT_QOQ":33.813508068439,"ROE_YEARLY":38.257236998745,"ROIC_YEARLY":8.731108434166,"TOTAL_ASSETS":10254243120.4,"TOTAL_LIABILITIES":8069895480.24,"TAX_EBT":13.629420277928,"OCF_SALES":-5.480447449758,"TOTAL_PARENT_EQUITY":2280183773.24,"DEBT_ASSET_RATIO":78.6981095093,"OPERATE_PROFIT":491311156.26,"PRETAX_PROFIT":459318450.26,"NETCASH_OPERATE":-238305092.58,"NETCASH_INVEST":-22163477.22,"NETCASH_FINANCE":-15972381.52,"END_CASH":594702915.44,"DIVI_RATIO":0.415491297568,"DIVIDEND_RATE":5.368421052632,"CURRENT_RATIO":1.190905786076,"COMMON_ACS":10000000000,"CURRENTDEBT_DEBT":86.048788111857,"ISSUED_COMMON_SHARES":2255545000,"HK_COMMON_SHARES":2255545000,"PER_SHARES":2000,"TOTAL_MARKET_CAP":4285535500,"HKSK_MARKET_CAP":4285535500,"PE_TTM":6.173032906725,"PB_TTM":1.523910673367,"REPORT_DATE_SQ":"2022-06-30 00:00:00","REPORT_TYPE_SQ":"2022年中报","OPERATE_INCOME_SQ":3254883926.84,"DPS_HKD":0.102,"OPERATE_INCOME_QOQ_SQ":19.534900993505,"NET_PROFIT_RATIO_SQ":8.350288857,"HOLDER_PROFIT_SQ":275168499.97,"HOLDER_PROFIT_QOQ_SQ":36.562707008577,"ROE_AVG_SQ":16.833790107468,"PE_TTM_SQ":9.791296875233,"PB_TTM_SQ":2.125000646951,"ROA_SQ":3.476865058783,"START_DATE":"2023-01-01 00:00:00","FISCAL_YEAR":"12-31","CURRENCY":"HKD","IS_CNY_CODE":0,"DPS_HKD_LY":0.079,"ORG_TYPE":"一般企业","PREMIUM_INCOME":null,"PREMIUM_INCOME_YOY":null,"NET_INTEREST_INCOME":null,"NET_INTEREST_INCOME_YOY":null,"FEE_COMMISSION_INCOME":null,"FEE_COMMISSION_INCOME_YOY":null,"ACCOUNTS_RECE_TDAYS":2.587096276959,"INVENTORY_TDAYS":21.423696823175,"CURRENT_ASSETS_TDAYS":0.555386615048,"TOTAL_ASSETS_TDAYS":0.440320584943,"PREMIUM_EXPENSE":null,"LOAN_DEPOSIT":null,"LOAN_EQUITY":null,"LOAN_ASSETS":null,"DEPOSIT_EQUITY":null,"DEPOSIT_ASSETS":null,"EQUITY_MULTIPLIER":4.694419025563,"EQUITY_RATIO":3.539142579185},{"SECUCODE":"00830.HK","SECURITY_CODE":"00830","SECURITY_NAME_ABBR":"中国建筑兴业","ORG_CODE":"10152021","STD_REPORT_DATE":"2022-12-31 00:00:00","REPORT_DATE":"2022-12-31 00:00:00","DATE_TYPE_CODE":"001","REPORT_TYPE":"2022年年报","PER_NETCASH_OPERATE":0.09726805345,"PER_OI":3.037169484275,"BPS":0.828629512047,"BASIC_EPS":0.170703897,"DILUTED_EPS":0.170703897,"OPERATE_INCOME":6850472444.41,"OPERATE_INCOME_YOY":21.8299247938,"GROSS_PROFIT":737220197.35,"GROSS_PROFIT_YOY":33.217519332795,"HOLDER_PROFIT":376827736.04,"HOLDER_PROFIT_YOY":44.4817382251,"GROSS_PROFIT_RATIO":10.761596420282,"EPS_TTM":0.167067265801,"OPERATE_INCOME_QOQ":11.352793299264,"NET_PROFIT_RATIO":5.3456892524,"ROE_AVG":22.420689545211,"GROSS_PROFIT_QOQ":6.167978850784,"ROA":4.415104515343,"HOLDER_PROFIT_QOQ":15.590650241039,"ROE_YEARLY":22.420689545211,"ROIC_YEARLY":4.851420280048,"TOTAL_ASSETS":9200557728.74,"TOTAL_LIABILITIES":7419658728.79,"TAX_EBT":19.333194284298,"OCF_SALES":3.202588922156,"TOTAL_PARENT_EQUITY":1869011152.75,"DEBT_ASSET_RATIO":80.643575613,"OPERATE_PROFIT":499619310.05,"PRETAX_PROFIT":453972319.78,"NETCASH_OPERATE":219392471.62,"NETCASH_INVEST":-16904241.48,"NETCASH_FINANCE":-131284785.17,"END_CASH":870793540.26,"DIVI_RATIO":0.555983480995,"DIVIDEND_RATE":5.368421052632,"CURRENT_RATIO":1.194035868226,"COMMON_ACS":10000000000,"CURRENTDEBT_DEBT":80.804803461328,"ISSUED_COMMON_SHARES":2255545000,"HK_COMMON_SHARES":2255545000,"PER_SHARES":2000,"TOTAL_MARKET_CAP":4285535500,"HKSK_MARKET_CAP":4285535500,"PE_TTM":6.173032906725,"PB_TTM":1.523910673367,"REPORT_DATE_SQ":"2021-12-31 00:00:00","REPORT_TYPE_SQ":"2021年年报","OPERATE_INCOME_SQ":5146650555.2,"DPS_HKD":0.102,"OPERATE_INCOME_QOQ_SQ":20.364806962082,"NET_PROFIT_RATIO_SQ":4.510163663,"HOLDER_PROFIT_SQ":238719577.6,"HOLDER_PROFIT_QOQ_SQ":13.711410329354,"ROE_AVG_SQ":18.998006997307,"PE_TTM_SQ":9.791296875233,"PB_TTM_SQ":2.125000646951,"ROA_SQ":3.604969760522,"START_DATE":"2022-01-01 00:00:00","FISCAL_YEAR":"12-31","CURRENCY":"HKD","IS_CNY_CODE":0,"DPS_HKD_LY":0.058,"ORG_TYPE":"一般企业","PREMIUM_INCOME":null,"PREMIUM_INCOME_YOY":null,"NET_INTEREST_INCOME":null,"NET_INTEREST_INCOME_YOY":null,"FEE_COMMISSION_INCOME":null,"FEE_COMMISSION_INCOME_YOY":null,"ACCOUNTS_RECE_TDAYS":4.651193383391,"INVENTORY_TDAYS":41.805197185163,"CURRENT_ASSETS_TDAYS":1.079935012242,"TOTAL_ASSETS_TDAYS":0.802636030442,"PREMIUM_EXPENSE":null,"LOAN_DEPOSIT":null,"LOAN_EQUITY":null,"LOAN_ASSETS":null,"DEPOSIT_EQUITY":null,"DEPOSIT_ASSETS":null,"EQUITY_MULTIPLIER":5.16624341359,"EQUITY_RATIO":3.969831168676},{"SECUCODE":"00830.HK","SECURITY_CODE":"00830","SECURITY_NAME_ABBR":"中国建筑兴业","ORG_CODE":"10152021","STD_REPORT_DATE":"2022-06-30 00:00:00","REPORT_DATE":"2022-06-30 00:00:00","DATE_TYPE_CODE":"002","REPORT_TYPE":"2022年中报","PER_NETCASH_OPERATE":-0.110515794085,"PER_OI":1.4430587405,"BPS":0.815964273255,"BASIC_EPS":0.12742331,"DILUTED_EPS":0.12742331,"OPERATE_INCOME":3254883926.84,"OPERATE_INCOME_YOY":40.7841447333,"GROSS_PROFIT":458090220.21,"GROSS_PROFIT_YOY":44.464341780189,"HOLDER_PROFIT":275168499.97,"HOLDER_PROFIT_YOY":42.497221029,"GROSS_PROFIT_RATIO":14.073934140402,"EPS_TTM":0.144533546141,"OPERATE_INCOME_QOQ":19.534900993505,"NET_PROFIT_RATIO":8.350288857,"ROE_AVG":16.833790107468,"GROSS_PROFIT_QOQ":25.478059180187,"ROA":3.476865058783,"HOLDER_PROFIT_QOQ":36.562707008577,"ROE_YEARLY":33.667580214935,"ROIC_YEARLY":7.5954053844,"TOTAL_ASSETS":8294634047.49,"TOTAL_LIABILITIES":6530632779.3,"TAX_EBT":14.816145036224,"OCF_SALES":-7.65844043514,"TOTAL_PARENT_EQUITY":1840444136.72,"DEBT_ASSET_RATIO":78.7332236951,"OPERATE_PROFIT":329270384.94,"PRETAX_PROFIT":319065402.67,"NETCASH_OPERATE":-249273346.77,"NETCASH_INVEST":-30227545.74,"NETCASH_FINANCE":130984321.16,"END_CASH":693234972.99,"DIVI_RATIO":0.642664920914,"DIVIDEND_RATE":5.368421052632,"CURRENT_RATIO":1.13013064469,"COMMON_ACS":10000000000,"CURRENTDEBT_DEBT":83.785702032484,"ISSUED_COMMON_SHARES":2255545000,"HK_COMMON_SHARES":2255545000,"PER_SHARES":2000,"TOTAL_MARKET_CAP":4285535500,"HKSK_MARKET_CAP":4285535500,"PE_TTM":6.173032906725,"PB_TTM":1.523910673367,"REPORT_DATE_SQ":"2021-06-30 00:00:00","REPORT_TYPE_SQ":"2021年中报","OPERATE_INCOME_SQ":2249490836.4,"DPS_HKD":0.102,"OPERATE_INCOME_QOQ_SQ":12.010461322134,"NET_PROFIT_RATIO_SQ":8.1964745113,"HOLDER_PROFIT_SQ":187886160.24,"HOLDER_PROFIT_QOQ_SQ":28.34722596833,"ROE_AVG_SQ":14.869018723652,"PE_TTM_SQ":9.791296875233,"PB_TTM_SQ":2.125000646951,"ROA_SQ":2.984634491554,"START_DATE":"2022-01-01 00:00:00","FISCAL_YEAR":"12-31","CURRENCY":"HKD","IS_CNY_CODE":0,"DPS_HKD_LY":0.058,"ORG_TYPE":"一般企业","PREMIUM_INCOME":null,"PREMIUM_INCOME_YOY":null,"NET_INTEREST_INCOME":null,"NET_INTEREST_INCOME_YOY":null,"FEE_COMMISSION_INCOME":null,"FEE_COMMISSION_INCOME_YOY":null,"ACCOUNTS_RECE_TDAYS":2.641826605219,"INVENTORY_TDAYS":19.399842802272,"CURRENT_ASSETS_TDAYS":0.567242234734,"TOTAL_ASSETS_TDAYS":0.4112677213,"PREMIUM_EXPENSE":null,"LOAN_DEPOSIT":null,"LOAN_EQUITY":null,"LOAN_ASSETS":null,"DEPOSIT_EQUITY":null,"DEPOSIT_ASSETS":null,"EQUITY_MULTIPLIER":4.702170115786,"EQUITY_RATIO":3.548400437157},{"SECUCODE":"00830.HK","SECURITY_CODE":"00830","SECURITY_NAME_ABBR":"中国建筑兴业","ORG_CODE":"10152021","STD_REPORT_DATE":"2021-12-31 00:00:00","REPORT_DATE":"2021-12-31 00:00:00","DATE_TYPE_CODE":"001","REPORT_TYPE":"2021年年报","PER_NETCASH_OPERATE":0.070198721159,"PER_OI":2.387633083605,"BPS":0.605615465885,"BASIC_EPS":0.1107848,"DILUTED_EPS":0.1107848,"OPERATE_INCOME":5146650555.2,"OPERATE_INCOME_YOY":38.7853402495,"GROSS_PROFIT":553395830.4,"GROSS_PROFIT_YOY":34.610987359854,"HOLDER_PROFIT":238719577.6,"HOLDER_PROFIT_YOY":50.2366936978,"GROSS_PROFIT_RATIO":10.752543318506,"EPS_TTM":0.11074673811,"OPERATE_INCOME_QOQ":20.364806962082,"NET_PROFIT_RATIO":4.510163663,"ROE_AVG":18.998006997307,"GROSS_PROFIT_QOQ":14.230724086635,"ROA":3.604969760522,"HOLDER_PROFIT_QOQ":13.711410329354,"ROE_YEARLY":18.998006997307,"ROIC_YEARLY":4.006232398828,"TOTAL_ASSETS":7202752670.4,"TOTAL_LIABILITIES":5906809249.6,"TAX_EBT":28.301424592081,"OCF_SALES":2.940096685739,"TOTAL_PARENT_EQUITY":1365992936,"DEBT_ASSET_RATIO":82.0076645679,"OPERATE_PROFIT":347874900.8,"PRETAX_PROFIT":323747524.8,"NETCASH_OPERATE":151316502.4,"NETCASH_INVEST":-147577617.6,"NETCASH_FINANCE":24553345.6,"END_CASH":758817830.4,"DIVI_RATIO":0.838730255942,"DIVIDEND_RATE":5.368421052632,"CURRENT_RATIO":1.045158680766,"COMMON_ACS":10000000000,"CURRENTDEBT_DEBT":81.958707305942,"ISSUED_COMMON_SHARES":2255545000,"HK_COMMON_SHARES":2255545000,"PER_SHARES":2000,"TOTAL_MARKET_CAP":4285535500,"HKSK_MARKET_CAP":4285535500,"PE_TTM":6.173032906725,"PB_TTM":1.523910673367,"REPORT_DATE_SQ":"2020-12-31 00:00:00","REPORT_TYPE_SQ":"2020年年报","OPERATE_INCOME_SQ":3817390357.48,"DPS_HKD":0.102,"OPERATE_INCOME_QOQ_SQ":-1.025160472672,"NET_PROFIT_RATIO_SQ":4.031609974,"HOLDER_PROFIT_SQ":163567684.16,"HOLDER_PROFIT_QOQ_SQ":-0.184376413734,"ROE_AVG_SQ":15.373224529574,"PE_TTM_SQ":9.791296875233,"PB_TTM_SQ":2.125000646951,"ROA_SQ":2.691206165635,"START_DATE":"2021-01-01 00:00:00","FISCAL_YEAR":"12-31","CURRENCY":"HKD","IS_CNY_CODE":0,"DPS_HKD_LY":0.06,"ORG_TYPE":"一般企业","PREMIUM_INCOME":null,"PREMIUM_INCOME_YOY":null,"NET_INTEREST_INCOME":null,"NET_INTEREST_INCOME_YOY":null,"FEE_COMMISSION_INCOME":null,"FEE_COMMISSION_INCOME_YOY":null,"ACCOUNTS_RECE_TDAYS":4.464343489432,"INVENTORY_TDAYS":38.566570215453,"CURRENT_ASSETS_TDAYS":1.141189921248,"TOTAL_ASSETS_TDAYS":0.777209804324,"PREMIUM_EXPENSE":null,"LOAN_DEPOSIT":null,"LOAN_EQUITY":null,"LOAN_ASSETS":null,"DEPOSIT_EQUITY":null,"DEPOSIT_ASSETS":null,"EQUITY_MULTIPLIER":5.557922170659,"EQUITY_RATIO":4.324187258901},{"SECUCODE":"00830.HK","SECURITY_CODE":"00830","SECURITY_NAME_ABBR":"中国建筑兴业","ORG_CODE":"10152021","STD_REPORT_DATE":"2021-06-30 00:00:00","REPORT_DATE":"2021-06-30 00:00:00","DATE_TYPE_CODE":"002","REPORT_TYPE":"2021年中报","PER_NETCASH_OPERATE":-0.137385487345,"PER_OI":1.043583333403,"BPS":0.602866546542,"BASIC_EPS":0.087201984,"DILUTED_EPS":0.087201984,"OPERATE_INCOME":2249490836.4,"OPERATE_INCOME_YOY":37.8803758814,"GROSS_PROFIT":317095703.04,"GROSS_PROFIT_YOY":30.091226018599,"HOLDER_PROFIT":187886160.24,"HOLDER_PROFIT_YOY":45.7451752404,"GROSS_PROFIT_RATIO":14.096332285908,"EPS_TTM":0.097392810264,"OPERATE_INCOME_QOQ":12.010461322134,"NET_PROFIT_RATIO":8.1964745113,"ROE_AVG":14.869018723652,"GROSS_PROFIT_QOQ":17.841314966858,"ROA":2.984634491554,"HOLDER_PROFIT_QOQ":28.34722596833,"ROE_YEARLY":29.738037447304,"ROIC_YEARLY":6.518995669386,"TOTAL_ASSETS":6442074858.72,"TOTAL_LIABILITIES":5149954468.32,"TAX_EBT":22.260189869421,"OCF_SALES":-13.16478358249,"TOTAL_PARENT_EQUITY":1359792624.72,"DEBT_ASSET_RATIO":79.9424809749,"OPERATE_PROFIT":247884952.8,"PRETAX_PROFIT":237174419.04,"NETCASH_OPERATE":-296140600.32,"NETCASH_INVEST":-110748183.84,"NETCASH_FINANCE":138991475.28,"END_CASH":480335653.68,"DIVI_RATIO":0.953732002891,"DIVIDEND_RATE":5.368421052632,"CURRENT_RATIO":1.075183014961,"COMMON_ACS":10000000000,"CURRENTDEBT_DEBT":77.523155456215,"ISSUED_COMMON_SHARES":2255545000,"HK_COMMON_SHARES":2255545000,"PER_SHARES":2000,"TOTAL_MARKET_CAP":4285535500,"HKSK_MARKET_CAP":4285535500,"PE_TTM":6.173032906725,"PB_TTM":1.523910673367,"REPORT_DATE_SQ":"2020-06-30 00:00:00","REPORT_TYPE_SQ":"2020年中报","OPERATE_INCOME_SQ":1791004644,"DPS_HKD":0.102,"OPERATE_INCOME_QOQ_SQ":-6.791889111464,"NET_PROFIT_RATIO_SQ":7.7654949062,"HOLDER_PROFIT_SQ":141519259.2,"HOLDER_PROFIT_QOQ_SQ":4.201038332589,"ROE_AVG_SQ":13.112065292042,"PE_TTM_SQ":9.791296875233,"PB_TTM_SQ":2.125000646951,"ROA_SQ":2.213059824108,"START_DATE":"2021-01-01 00:00:00","FISCAL_YEAR":"12-31","CURRENCY":"HKD","IS_CNY_CODE":0,"DPS_HKD_LY":0.06,"ORG_TYPE":"一般企业","PREMIUM_INCOME":null,"PREMIUM_INCOME_YOY":null,"NET_INTEREST_INCOME":null,"NET_INTEREST_INCOME_YOY":null,"FEE_COMMISSION_INCOME":null,"FEE_COMMISSION_INCOME_YOY":null,"ACCOUNTS_RECE_TDAYS":2.088228444485,"INVENTORY_TDAYS":19.262684239775,"CURRENT_ASSETS_TDAYS":0.540565318563,"TOTAL_ASSETS_TDAYS":0.357339142499,"PREMIUM_EXPENSE":null,"LOAN_DEPOSIT":null,"LOAN_EQUITY":null,"LOAN_ASSETS":null,"DEPOSIT_EQUITY":null,"DEPOSIT_ASSETS":null,"EQUITY_MULTIPLIER":4.985661480608,"EQUITY_RATIO":3.787308722446},{"SECUCODE":"00830.HK","SECURITY_CODE":"00830","SECURITY_NAME_ABBR":"中国建筑兴业","ORG_CODE":"10152021","STD_REPORT_DATE":"2020-12-31 00:00:00","REPORT_DATE":"2020-12-31 00:00:00","DATE_TYPE_CODE":"001","REPORT_TYPE":"2020年年报","PER_NETCASH_OPERATE":0.125457772081,"PER_OI":1.770962961794,"BPS":0.523526203716,"BASIC_EPS":0.075915928,"DILUTED_EPS":0.075915928,"OPERATE_INCOME":3817390357.48,"OPERATE_INCOME_YOY":-1.8131095473,"GROSS_PROFIT":411107474.4,"GROSS_PROFIT_YOY":-15.646322506606,"HOLDER_PROFIT":163567684.16,"HOLDER_PROFIT_YOY":10.6994759626,"GROSS_PROFIT_RATIO":10.76933286622,"EPS_TTM":0.07588228692,"OPERATE_INCOME_QOQ":-1.025160472672,"NET_PROFIT_RATIO":4.031609974,"ROE_AVG":15.373224529574,"GROSS_PROFIT_QOQ":-11.183191207545,"ROA":2.691206165635,"HOLDER_PROFIT_QOQ":-0.184376413734,"ROE_YEARLY":15.373224529574,"ROIC_YEARLY":3.012357401704,"TOTAL_ASSETS":6218792112.72,"TOTAL_LIABILITIES":5103723476.08,"TAX_EBT":28.651694161347,"OCF_SALES":7.08415561406,"TOTAL_PARENT_EQUITY":1180836911.16,"DEBT_ASSET_RATIO":82.0693694784,"OPERATE_PROFIT":242275332.04,"PRETAX_PROFIT":215705598.88,"NETCASH_OPERATE":270429873.32,"NETCASH_INVEST":-150551721.56,"NETCASH_FINANCE":-86024024.4,"END_CASH":722256732.56,"DIVI_RATIO":1.224088568882,"DIVIDEND_RATE":5.368421052632,"CURRENT_RATIO":1.042352334546,"COMMON_ACS":10000000000,"CURRENTDEBT_DEBT":76.627129650915,"ISSUED_COMMON_SHARES":2255545000,"HK_COMMON_SHARES":2255545000,"PER_SHARES":2000,"TOTAL_MARKET_CAP":4285535500,"HKSK_MARKET_CAP":4285535500,"PE_TTM":6.173032906725,"PB_TTM":1.523910673367,"REPORT_DATE_SQ":"2019-12-31 00:00:00","REPORT_TYPE_SQ":"2019年年报","OPERATE_INCOME_SQ":4137976881.36,"DPS_HKD":0.102,"OPERATE_INCOME_QOQ_SQ":19.415549002666,"NET_PROFIT_RATIO_SQ":3.6311980832,"HOLDER_PROFIT_SQ":157263136.8,"HOLDER_PROFIT_QOQ_SQ":4.964811789375,"ROE_AVG_SQ":16.309247713189,"PE_TTM_SQ":9.791296875233,"PB_TTM_SQ":2.125000646951,"ROA_SQ":3.369413399445,"START_DATE":"2020-01-01 00:00:00","FISCAL_YEAR":"12-31","CURRENCY":"HKD","IS_CNY_CODE":0,"DPS_HKD_LY":null,"ORG_TYPE":"一般企业","PREMIUM_INCOME":null,"PREMIUM_INCOME_YOY":null,"NET_INTEREST_INCOME":null,"NET_INTEREST_INCOME_YOY":null,"FEE_COMMISSION_INCOME":null,"FEE_COMMISSION_INCOME_YOY":null,"ACCOUNTS_RECE_TDAYS":3.070285129619,"INVENTORY_TDAYS":34.340477705655,"CURRENT_ASSETS_TDAYS":0.96131862365,"TOTAL_ASSETS_TDAYS":0.628081550426,"PREMIUM_EXPENSE":null,"LOAN_DEPOSIT":null,"LOAN_EQUITY":null,"LOAN_ASSETS":null,"DEPOSIT_EQUITY":null,"DEPOSIT_ASSETS":null,"EQUITY_MULTIPLIER":5.57704872004,"EQUITY_RATIO":4.322123934173},{"SECUCODE":"00830.HK","SECURITY_CODE":"00830","SECURITY_NAME_ABBR":"中国建筑兴业","ORG_CODE":"10152021","STD_REPORT_DATE":"2020-06-30 00:00:00","REPORT_DATE":"2020-06-30 00:00:00","DATE_TYPE_CODE":"002","REPORT_TYPE":"2020年中报","PER_NETCASH_OPERATE":-0.158590298936,"PER_OI":0.830882511847,"BPS":0.501295428147,"BASIC_EPS":0.065676336,"DILUTED_EPS":0.065676336,"OPERATE_INCOME":1791004644,"OPERATE_INCOME_YOY":-16.7602060527,"GROSS_PROFIT":243748723.68,"GROSS_PROFIT_YOY":-9.130062098425,"HOLDER_PROFIT":141519259.2,"HOLDER_PROFIT_YOY":1.0178067276,"GROSS_PROFIT_RATIO":13.609608690663,"EPS_TTM":0.076022454396,"OPERATE_INCOME_QOQ":-6.791889111464,"NET_PROFIT_RATIO":7.7654949062,"ROE_AVG":13.112065292042,"GROSS_PROFIT_QOQ":-5.025097568514,"ROA":2.213059824108,"HOLDER_PROFIT_QOQ":4.201038332589,"ROE_YEARLY":26.224130584085,"ROIC_YEARLY":4.813696088557,"TOTAL_ASSETS":6346065026.4,"TOTAL_LIABILITIES":5278620869.28,"TAX_EBT":15.894251908481,"OCF_SALES":-19.086970380854,"TOTAL_PARENT_EQUITY":1130694396.48,"DEBT_ASSET_RATIO":83.1794324092,"OPERATE_PROFIT":181337022.24,"PRETAX_PROFIT":165363696.96,"NETCASH_OPERATE":-341848525.92,"NETCASH_INVEST":-64787558.88,"NETCASH_FINANCE":68751888.48,"END_CASH":398999726.4,"DIVI_RATIO":1.221831638278,"DIVIDEND_RATE":5.368421052632,"CURRENT_RATIO":1.034153606669,"COMMON_ACS":10000000000,"CURRENTDEBT_DEBT":76.12576717426,"ISSUED_COMMON_SHARES":2255545000,"HK_COMMON_SHARES":2255545000,"PER_SHARES":2000,"TOTAL_MARKET_CAP":4285535500,"HKSK_MARKET_CAP":4285535500,"PE_TTM":6.173032906725,"PB_TTM":1.523910673367,"REPORT_DATE_SQ":"2019-06-30 00:00:00","REPORT_TYPE_SQ":"2019年中报","OPERATE_INCOME_SQ":2072051445.24,"DPS_HKD":0.102,"OPERATE_INCOME_QOQ_SQ":9.497409610111,"NET_PROFIT_RATIO_SQ":5.1283944601,"HOLDER_PROFIT_SQ":134912574.54,"HOLDER_PROFIT_QOQ_SQ":15.092204099617,"ROE_AVG_SQ":9.877132603743,"PE_TTM_SQ":9.791296875233,"PB_TTM_SQ":2.125000646951,"ROA_SQ":2.920277322951,"START_DATE":"2020-01-01 00:00:00","FISCAL_YEAR":"12-31","CURRENCY":"HKD","IS_CNY_CODE":0,"DPS_HKD_LY":null,"ORG_TYPE":"一般企业","PREMIUM_INCOME":null,"PREMIUM_INCOME_YOY":null,"NET_INTEREST_INCOME":null,"NET_INTEREST_INCOME_YOY":null,"FEE_COMMISSION_INCOME":null,"FEE_COMMISSION_INCOME_YOY":null,"ACCOUNTS_RECE_TDAYS":1.298338608643,"INVENTORY_TDAYS":15.934282811559,"CURRENT_ASSETS_TDAYS":0.428936045657,"TOTAL_ASSETS_TDAYS":0.280074983775,"PREMIUM_EXPENSE":null,"LOAN_DEPOSIT":null,"LOAN_EQUITY":null,"LOAN_ASSETS":null,"DEPOSIT_EQUITY":null,"DEPOSIT_ASSETS":null,"EQUITY_MULTIPLIER":5.945102593012,"EQUITY_RATIO":4.668477075426}],"count":36},"success":true,"message":"ok","code":0}