{"version":"61a4f86a53ce0e54115559bf0e3d2b6c","result":{"pages":5,"data":[{"SECUCODE":"00833.HK","SECURITY_CODE":"00833","SECURITY_NAME_ABBR":"华讯","ORG_CODE":"10009121","STD_REPORT_DATE":"2024-06-30 00:00:00","REPORT_DATE":"2024-06-30 00:00:00","DATE_TYPE_CODE":"002","REPORT_TYPE":"2024年中报","PER_NETCASH_OPERATE":0.106513827623,"PER_OI":1.01770018766,"BPS":1.297443684073,"BASIC_EPS":0.06936368,"DILUTED_EPS":0.06936368,"OPERATE_INCOME":481431398.56,"OPERATE_INCOME_YOY":-27.6663083066,"GROSS_PROFIT":90433810.48,"GROSS_PROFIT_YOY":-28.005137340747,"HOLDER_PROFIT":32976041.08,"HOLDER_PROFIT_YOY":-30.8087094736,"GROSS_PROFIT_RATIO":18.784360710684,"EPS_TTM":0.175636448185,"OPERATE_INCOME_QOQ":-15.635710207151,"NET_PROFIT_RATIO":7.6782207124,"ROE_AVG":5.496659574808,"GROSS_PROFIT_QOQ":-13.758376371851,"ROA":3.019581607722,"HOLDER_PROFIT_QOQ":-15.438215339638,"ROE_YEARLY":10.993319149616,"ROIC_YEARLY":10.210455890031,"TOTAL_ASSETS":1107255161.88,"TOTAL_LIABILITIES":446772375.56,"TAX_EBT":18.286728806036,"OCF_SALES":10.466130292023,"TOTAL_PARENT_EQUITY":613766347.84,"DEBT_ASSET_RATIO":40.3495410038,"OPERATE_PROFIT":48892267.6,"PRETAX_PROFIT":45237896.88,"NETCASH_OPERATE":50387237.44,"NETCASH_INVEST":-12051939.4,"NETCASH_FINANCE":-9584965.36,"END_CASH":418699251.44,"DIVI_RATIO":0.259085175488,"DIVIDEND_RATE":11.627906976744,"CURRENT_RATIO":1.99063255524,"COMMON_ACS":5000000000,"CURRENTDEBT_DEBT":97.000921316318,"ISSUED_COMMON_SHARES":473058180,"HK_COMMON_SHARES":473058180,"PER_SHARES":4000,"TOTAL_MARKET_CAP":203415017.4,"HKSK_MARKET_CAP":203415017.4,"PE_TTM":2.203010964423,"PB_TTM":0.30248125974,"REPORT_DATE_SQ":"2023-06-30 00:00:00","REPORT_TYPE_SQ":"2023年中报","OPERATE_INCOME_SQ":672352071.04,"DPS_HKD":0.05,"OPERATE_INCOME_QOQ_SQ":-3.941101208544,"NET_PROFIT_RATIO_SQ":7.5747893721,"HOLDER_PROFIT_SQ":48144873.62,"HOLDER_PROFIT_QOQ_SQ":13.546602281193,"ROE_AVG_SQ":8.634215262615,"PE_TTM_SQ":2.101122498587,"PB_TTM_SQ":0.419312259366,"ROA_SQ":4.235371790359,"START_DATE":"2024-01-01 00:00:00","FISCAL_YEAR":"12-31","CURRENCY":"HKD","IS_CNY_CODE":0,"DPS_HKD_LY":0.05,"ORG_TYPE":"一般企业","PREMIUM_INCOME":null,"PREMIUM_INCOME_YOY":null,"NET_INTEREST_INCOME":null,"NET_INTEREST_INCOME_YOY":null,"FEE_COMMISSION_INCOME":null,"FEE_COMMISSION_INCOME_YOY":null,"ACCOUNTS_RECE_TDAYS":2.984860445048,"INVENTORY_TDAYS":1.743380010011,"CURRENT_ASSETS_TDAYS":0.571955847592,"TOTAL_ASSETS_TDAYS":0.440841698658,"PREMIUM_EXPENSE":null,"LOAN_DEPOSIT":null,"LOAN_EQUITY":null,"LOAN_ASSETS":null,"DEPOSIT_EQUITY":null,"DEPOSIT_ASSETS":null,"EQUITY_MULTIPLIER":1.676433034763,"EQUITY_RATIO":0.727919308597},{"SECUCODE":"00833.HK","SECURITY_CODE":"00833","SECURITY_NAME_ABBR":"华讯","ORG_CODE":"10009121","STD_REPORT_DATE":"2023-12-31 00:00:00","REPORT_DATE":"2023-12-31 00:00:00","DATE_TYPE_CODE":"001","REPORT_TYPE":"2023年年报","PER_NETCASH_OPERATE":0.460393177896,"PER_OI":2.581194827917,"BPS":1.230171659435,"BASIC_EPS":0.207705624,"DILUTED_EPS":0.207705624,"OPERATE_INCOME":1221055327.52,"OPERATE_INCOME_YOY":-22.2086163009,"GROSS_PROFIT":255681817.02,"GROSS_PROFIT_YOY":-12.888669242064,"HOLDER_PROFIT":98255091.06,"HOLDER_PROFIT_YOY":-3.2395384327,"GROSS_PROFIT_RATIO":20.939412920731,"EPS_TTM":0.207701917468,"OPERATE_INCOME_QOQ":-17.84295943139,"NET_PROFIT_RATIO":8.4700641821,"ROE_AVG":17.611843563985,"GROSS_PROFIT_QOQ":-16.750320863059,"ROA":9.00509045123,"HOLDER_PROFIT_QOQ":-13.548072164952,"ROE_YEARLY":17.611843563985,"ROIC_YEARLY":13.339468515259,"TOTAL_ASSETS":1069268914.84,"TOTAL_LIABILITIES":445118045.82,"TAX_EBT":25.420350657074,"OCF_SALES":17.836436557084,"TOTAL_PARENT_EQUITY":581942766.3,"DEBT_ASSET_RATIO":41.6282601731,"OPERATE_PROFIT":136542886.06,"PRETAX_PROFIT":138676127.94,"NETCASH_OPERATE":217792758.82,"NETCASH_INVEST":-16666292.02,"NETCASH_FINANCE":-74294634.26,"END_CASH":390466636.28,"DIVI_RATIO":0.219087048183,"DIVIDEND_RATE":10.989010989011,"CURRENT_RATIO":1.902808840176,"COMMON_ACS":5000000000,"CURRENTDEBT_DEBT":96.220130664663,"ISSUED_COMMON_SHARES":473058180,"HK_COMMON_SHARES":473058180,"PER_SHARES":4000,"TOTAL_MARKET_CAP":215241471.9,"HKSK_MARKET_CAP":215241471.9,"PE_TTM":2.331092997238,"PB_TTM":0.320067379492,"REPORT_DATE_SQ":"2022-12-31 00:00:00","REPORT_TYPE_SQ":"2022年年报","OPERATE_INCOME_SQ":1547223141.03,"DPS_HKD":0.05,"OPERATE_INCOME_QOQ_SQ":12.797191326016,"NET_PROFIT_RATIO_SQ":7.0136696209,"HOLDER_PROFIT_SQ":100093583.31,"HOLDER_PROFIT_QOQ_SQ":95.175255686255,"ROE_AVG_SQ":20.436961731651,"PE_TTM_SQ":2.44494254381,"PB_TTM_SQ":0.487926992717,"ROA_SQ":8.663997819561,"START_DATE":"2023-01-01 00:00:00","FISCAL_YEAR":"12-31","CURRENCY":"HKD","IS_CNY_CODE":0,"DPS_HKD_LY":0.04,"ORG_TYPE":"一般企业","PREMIUM_INCOME":null,"PREMIUM_INCOME_YOY":null,"NET_INTEREST_INCOME":null,"NET_INTEREST_INCOME_YOY":null,"FEE_COMMISSION_INCOME":null,"FEE_COMMISSION_INCOME_YOY":null,"ACCOUNTS_RECE_TDAYS":7.061743664998,"INVENTORY_TDAYS":3.381664365189,"CURRENT_ASSETS_TDAYS":1.469328379652,"TOTAL_ASSETS_TDAYS":1.119098618876,"PREMIUM_EXPENSE":null,"LOAN_DEPOSIT":null,"LOAN_EQUITY":null,"LOAN_ASSETS":null,"DEPOSIT_EQUITY":null,"DEPOSIT_ASSETS":null,"EQUITY_MULTIPLIER":1.713157776289,"EQUITY_RATIO":0.76488285721},{"SECUCODE":"00833.HK","SECURITY_CODE":"00833","SECURITY_NAME_ABBR":"华讯","ORG_CODE":"10009121","STD_REPORT_DATE":"2023-06-30 00:00:00","REPORT_DATE":"2023-06-30 00:00:00","DATE_TYPE_CODE":"002","REPORT_TYPE":"2023年中报","PER_NETCASH_OPERATE":0.295950364964,"PER_OI":1.421288330835,"BPS":1.209335021033,"BASIC_EPS":0.1014178,"DILUTED_EPS":0.1014178,"OPERATE_INCOME":672352071.04,"OPERATE_INCOME_YOY":-14.9569973353,"GROSS_PROFIT":125611477.18,"GROSS_PROFIT_YOY":12.156571875322,"HOLDER_PROFIT":48144873.62,"HOLDER_PROFIT_YOY":29.1207160872,"GROSS_PROFIT_RATIO":18.682396112159,"EPS_TTM":0.240251342763,"OPERATE_INCOME_QOQ":-3.941101208544,"NET_PROFIT_RATIO":7.5747893721,"ROE_AVG":8.634215262615,"GROSS_PROFIT_QOQ":4.638638444051,"ROA":4.235371790359,"HOLDER_PROFIT_QOQ":13.546602281193,"ROE_YEARLY":17.268430525231,"ROIC_YEARLY":11.927646997017,"TOTAL_ASSETS":1141167837.28,"TOTAL_LIABILITIES":547835906.1,"TAX_EBT":28.064852194296,"OCF_SALES":20.82268309272,"TOTAL_PARENT_EQUITY":572085824.06,"DEBT_ASSET_RATIO":48.0066023772,"OPERATE_PROFIT":87710723.34,"PRETAX_PROFIT":70798844.2,"NETCASH_OPERATE":140001741.02,"NETCASH_INVEST":-2272680.7,"NETCASH_FINANCE":-52598037.02,"END_CASH":352006432.12,"DIVI_RATIO":0.189404976791,"DIVIDEND_RATE":10.989010989011,"CURRENT_RATIO":1.70436806816,"COMMON_ACS":5000000000,"CURRENTDEBT_DEBT":94.853204756014,"ISSUED_COMMON_SHARES":473058180,"HK_COMMON_SHARES":473058180,"PER_SHARES":4000,"TOTAL_MARKET_CAP":215241471.9,"HKSK_MARKET_CAP":215241471.9,"PE_TTM":2.331092997238,"PB_TTM":0.320067379492,"REPORT_DATE_SQ":"2022-06-30 00:00:00","REPORT_TYPE_SQ":"2022年中报","OPERATE_INCOME_SQ":733329700.95,"DPS_HKD":0.05,"OPERATE_INCOME_QOQ_SQ":1.286533604813,"NET_PROFIT_RATIO_SQ":5.1554218343,"HOLDER_PROFIT_SQ":34585593.98,"HOLDER_PROFIT_QOQ_SQ":-9.549094400809,"ROE_AVG_SQ":7.65348316563,"PE_TTM_SQ":2.44494254381,"PB_TTM_SQ":0.487926992717,"ROA_SQ":2.998161085364,"START_DATE":"2023-01-01 00:00:00","FISCAL_YEAR":"12-31","CURRENCY":"HKD","IS_CNY_CODE":0,"DPS_HKD_LY":0.04,"ORG_TYPE":"一般企业","PREMIUM_INCOME":null,"PREMIUM_INCOME_YOY":null,"NET_INTEREST_INCOME":null,"NET_INTEREST_INCOME_YOY":null,"FEE_COMMISSION_INCOME":null,"FEE_COMMISSION_INCOME_YOY":null,"ACCOUNTS_RECE_TDAYS":3.329907145907,"INVENTORY_TDAYS":1.733163233992,"CURRENT_ASSETS_TDAYS":0.769506664943,"TOTAL_ASSETS_TDAYS":0.591477509599,"PREMIUM_EXPENSE":null,"LOAN_DEPOSIT":null,"LOAN_EQUITY":null,"LOAN_ASSETS":null,"DEPOSIT_EQUITY":null,"DEPOSIT_ASSETS":null,"EQUITY_MULTIPLIER":1.923321124837,"EQUITY_RATIO":0.957611398605},{"SECUCODE":"00833.HK","SECURITY_CODE":"00833","SECURITY_NAME_ABBR":"华讯","ORG_CODE":"10009121","STD_REPORT_DATE":"2022-12-31 00:00:00","REPORT_DATE":"2022-12-31 00:00:00","DATE_TYPE_CODE":"001","REPORT_TYPE":"2022年年报","PER_NETCASH_OPERATE":0.428801839871,"PER_OI":3.270682563887,"BPS":1.112363919423,"BASIC_EPS":0.211615663,"DILUTED_EPS":0.211615663,"OPERATE_INCOME":1547223141.03,"OPERATE_INCOME_YOY":4.5702456188,"GROSS_PROFIT":293511549.87,"GROSS_PROFIT_YOY":37.964920605276,"HOLDER_PROFIT":100093583.31,"HOLDER_PROFIT_YOY":61.5830533404,"GROSS_PROFIT_RATIO":18.970214579043,"EPS_TTM":0.211588315226,"OPERATE_INCOME_QOQ":12.797191326016,"NET_PROFIT_RATIO":7.0136696209,"ROE_AVG":20.436961731651,"GROSS_PROFIT_QOQ":41.855177328207,"ROA":8.663997819561,"HOLDER_PROFIT_QOQ":95.175255686255,"ROE_YEARLY":20.436961731651,"ROIC_YEARLY":10.533578937918,"TOTAL_ASSETS":1097039179.32,"TOTAL_LIABILITIES":553010057.95,"TAX_EBT":17.171999536371,"OCF_SALES":13.11046949666,"TOTAL_PARENT_EQUITY":526212851.22,"DEBT_ASSET_RATIO":50.4093261549,"OPERATE_PROFIT":162536729.39,"PRETAX_PROFIT":131015017.63,"NETCASH_OPERATE":202848217.95,"NETCASH_INVEST":1388141.58,"NETCASH_FINANCE":-54500189.24,"END_CASH":261887112.06,"DIVI_RATIO":0.215062915698,"DIVIDEND_RATE":10.989010989011,"CURRENT_RATIO":1.623875157217,"COMMON_ACS":5000000000,"CURRENTDEBT_DEBT":92.981739179596,"ISSUED_COMMON_SHARES":473058180,"HK_COMMON_SHARES":473058180,"PER_SHARES":4000,"TOTAL_MARKET_CAP":215241471.9,"HKSK_MARKET_CAP":215241471.9,"PE_TTM":2.331092997238,"PB_TTM":0.320067379492,"REPORT_DATE_SQ":"2021-12-31 00:00:00","REPORT_TYPE_SQ":"2021年年报","OPERATE_INCOME_SQ":1354262828.8,"DPS_HKD":0.05,"OPERATE_INCOME_QOQ_SQ":-29.112319277474,"NET_PROFIT_RATIO_SQ":4.0535188615,"HOLDER_PROFIT_SQ":56698107.2,"HOLDER_PROFIT_QOQ_SQ":-45.687394712218,"ROE_AVG_SQ":14.454503861823,"PE_TTM_SQ":2.44494254381,"PB_TTM_SQ":0.487926992717,"ROA_SQ":5.107415020648,"START_DATE":"2022-01-01 00:00:00","FISCAL_YEAR":"12-31","CURRENCY":"HKD","IS_CNY_CODE":0,"DPS_HKD_LY":0.01,"ORG_TYPE":"一般企业","PREMIUM_INCOME":null,"PREMIUM_INCOME_YOY":null,"NET_INTEREST_INCOME":null,"NET_INTEREST_INCOME_YOY":null,"FEE_COMMISSION_INCOME":null,"FEE_COMMISSION_INCOME_YOY":null,"ACCOUNTS_RECE_TDAYS":6.180568961365,"INVENTORY_TDAYS":3.406374385958,"CURRENT_ASSETS_TDAYS":1.776343944871,"TOTAL_ASSETS_TDAYS":1.339260467751,"PREMIUM_EXPENSE":null,"LOAN_DEPOSIT":null,"LOAN_EQUITY":null,"LOAN_ASSETS":null,"DEPOSIT_EQUITY":null,"DEPOSIT_ASSETS":null,"EQUITY_MULTIPLIER":2.016508190882,"EQUITY_RATIO":1.050924652767},{"SECUCODE":"00833.HK","SECURITY_CODE":"00833","SECURITY_NAME_ABBR":"华讯","ORG_CODE":"10009121","STD_REPORT_DATE":"2022-06-30 00:00:00","REPORT_DATE":"2022-06-30 00:00:00","DATE_TYPE_CODE":"002","REPORT_TYPE":"2022年中报","PER_NETCASH_OPERATE":0.051497619035,"PER_OI":0.775094620444,"BPS":0.993091536014,"BASIC_EPS":0.07269115,"DILUTED_EPS":0.07269115,"OPERATE_INCOME":733329700.95,"OPERATE_INCOME_YOY":-0.334386354,"GROSS_PROFIT":111996537.59,"GROSS_PROFIT_YOY":-4.951429332316,"HOLDER_PROFIT":34585593.98,"HOLDER_PROFIT_YOY":-15.8720252954,"GROSS_PROFIT_RATIO":15.272330773582,"EPS_TTM":0.054204697845,"OPERATE_INCOME_QOQ":1.286533604813,"NET_PROFIT_RATIO":5.1554218343,"ROE_AVG":7.65348316563,"GROSS_PROFIT_QOQ":-2.742414338484,"ROA":2.998161085364,"HOLDER_PROFIT_QOQ":-9.549094400809,"ROE_YEARLY":15.30696633126,"ROIC_YEARLY":6.792568182658,"TOTAL_ASSETS":1145328600.92,"TOTAL_LIABILITIES":663482057.7,"TAX_EBT":19.566245769805,"OCF_SALES":6.644042891878,"TOTAL_PARENT_EQUITY":469790074.6,"DEBT_ASSET_RATIO":57.9294062129,"OPERATE_PROFIT":69161780.87,"PRETAX_PROFIT":47002952.78,"NETCASH_OPERATE":48722739.87,"NETCASH_INVEST":-1913060.03,"NETCASH_FINANCE":-30488378.69,"END_CASH":127876560.7,"DIVI_RATIO":0.839499191198,"DIVIDEND_RATE":10.989010989011,"CURRENT_RATIO":1.413446728443,"COMMON_ACS":5000000000,"CURRENTDEBT_DEBT":92.889679440084,"ISSUED_COMMON_SHARES":473058180,"HK_COMMON_SHARES":473058180,"PER_SHARES":4000,"TOTAL_MARKET_CAP":215241471.9,"HKSK_MARKET_CAP":215241471.9,"PE_TTM":2.331092997238,"PB_TTM":0.320067379492,"REPORT_DATE_SQ":"2021-06-30 00:00:00","REPORT_TYPE_SQ":"2021年中报","OPERATE_INCOME_SQ":715906654.56,"DPS_HKD":0.05,"OPERATE_INCOME_QOQ_SQ":3.000973652023,"NET_PROFIT_RATIO_SQ":5.5225469617,"HOLDER_PROFIT_SQ":39999749.76,"HOLDER_PROFIT_QOQ_SQ":1.298741214316,"ROE_AVG_SQ":10.079847015802,"PE_TTM_SQ":2.44494254381,"PB_TTM_SQ":0.487926992717,"ROA_SQ":3.586749351715,"START_DATE":"2022-01-01 00:00:00","FISCAL_YEAR":"12-31","CURRENCY":"HKD","IS_CNY_CODE":0,"DPS_HKD_LY":0.01,"ORG_TYPE":"一般企业","PREMIUM_INCOME":null,"PREMIUM_INCOME_YOY":null,"NET_INTEREST_INCOME":null,"NET_INTEREST_INCOME_YOY":null,"FEE_COMMISSION_INCOME":null,"FEE_COMMISSION_INCOME_YOY":null,"ACCOUNTS_RECE_TDAYS":2.591232769913,"INVENTORY_TDAYS":1.621711991125,"CURRENT_ASSETS_TDAYS":0.843156582851,"TOTAL_ASSETS_TDAYS":0.635709935588,"PREMIUM_EXPENSE":null,"LOAN_DEPOSIT":null,"LOAN_EQUITY":null,"LOAN_ASSETS":null,"DEPOSIT_EQUITY":null,"DEPOSIT_ASSETS":null,"EQUITY_MULTIPLIER":2.376957180734,"EQUITY_RATIO":1.412294753704},{"SECUCODE":"00833.HK","SECURITY_CODE":"00833","SECURITY_NAME_ABBR":"华讯","ORG_CODE":"10009121","STD_REPORT_DATE":"2021-12-31 00:00:00","REPORT_DATE":"2021-12-31 00:00:00","DATE_TYPE_CODE":"001","REPORT_TYPE":"2021年年报","PER_NETCASH_OPERATE":0.012732597077,"PER_OI":1.431391408135,"BPS":0.877102587255,"BASIC_EPS":0.11986016,"DILUTED_EPS":0.11986016,"OPERATE_INCOME":1354262828.8,"OPERATE_INCOME_YOY":-24.8381289986,"GROSS_PROFIT":212743608,"GROSS_PROFIT_YOY":-39.07006941845,"HOLDER_PROFIT":56698107.2,"HOLDER_PROFIT_YOY":-43.3643134821,"GROSS_PROFIT_RATIO":15.709181665165,"EPS_TTM":0.059927203035,"OPERATE_INCOME_QOQ":-29.112319277474,"NET_PROFIT_RATIO":4.0535188615,"ROE_AVG":14.454503861823,"GROSS_PROFIT_QOQ":-36.009005070608,"ROA":5.107415020648,"HOLDER_PROFIT_QOQ":-45.687394712218,"ROE_YEARLY":14.454503861823,"ROIC_YEARLY":5.870230548782,"TOTAL_ASSETS":1110725134.4,"TOTAL_LIABILITIES":686931985.6,"TAX_EBT":29.557782090962,"OCF_SALES":0.889525884032,"TOTAL_PARENT_EQUITY":414920553.6,"DEBT_ASSET_RATIO":61.8453624866,"OPERATE_PROFIT":109000796.8,"PRETAX_PROFIT":77929544,"NETCASH_OPERATE":12046518.4,"NETCASH_INVEST":-37412558.4,"NETCASH_FINANCE":-23405435.2,"END_CASH":108680297.6,"DIVI_RATIO":0.759334620936,"DIVIDEND_RATE":10.989010989011,"CURRENT_RATIO":1.31618706901,"COMMON_ACS":5000000000,"CURRENTDEBT_DEBT":91.823071457222,"ISSUED_COMMON_SHARES":473058180,"HK_COMMON_SHARES":473058180,"PER_SHARES":4000,"TOTAL_MARKET_CAP":215241471.9,"HKSK_MARKET_CAP":215241471.9,"PE_TTM":2.331092997238,"PB_TTM":0.320067379492,"REPORT_DATE_SQ":"2020-12-31 00:00:00","REPORT_TYPE_SQ":"2020年年报","OPERATE_INCOME_SQ":1854773408.04,"DPS_HKD":0.05,"OPERATE_INCOME_QOQ_SQ":50.737915124814,"NET_PROFIT_RATIO_SQ":5.8309862095,"HOLDER_PROFIT_SQ":103053768.16,"HOLDER_PROFIT_QOQ_SQ":156.845911415534,"ROE_AVG_SQ":31.673241331143,"PE_TTM_SQ":2.44494254381,"PB_TTM_SQ":0.487926992717,"ROA_SQ":10.679156091647,"START_DATE":"2021-01-01 00:00:00","FISCAL_YEAR":"12-31","CURRENCY":"HKD","IS_CNY_CODE":0,"DPS_HKD_LY":0.03,"ORG_TYPE":"一般企业","PREMIUM_INCOME":null,"PREMIUM_INCOME_YOY":null,"NET_INTEREST_INCOME":null,"NET_INTEREST_INCOME_YOY":null,"FEE_COMMISSION_INCOME":null,"FEE_COMMISSION_INCOME_YOY":null,"ACCOUNTS_RECE_TDAYS":4.808127780318,"INVENTORY_TDAYS":3.532771267861,"CURRENT_ASSETS_TDAYS":1.658369751853,"TOTAL_ASSETS_TDAYS":1.219931785257,"PREMIUM_EXPENSE":null,"LOAN_DEPOSIT":null,"LOAN_EQUITY":null,"LOAN_ASSETS":null,"DEPOSIT_EQUITY":null,"DEPOSIT_ASSETS":null,"EQUITY_MULTIPLIER":2.620913380841,"EQUITY_RATIO":1.655574735067},{"SECUCODE":"00833.HK","SECURITY_CODE":"00833","SECURITY_NAME_ABBR":"华讯","ORG_CODE":"10009121","STD_REPORT_DATE":"2021-06-30 00:00:00","REPORT_DATE":"2021-06-30 00:00:00","DATE_TYPE_CODE":"002","REPORT_TYPE":"2021年中报","PER_NETCASH_OPERATE":0.076590315973,"PER_OI":0.756679288962,"BPS":0.882615730522,"BASIC_EPS":0.042269664,"DILUTED_EPS":0.042269664,"OPERATE_INCOME":715906654.56,"OPERATE_INCOME_YOY":19.0326115228,"GROSS_PROFIT":117830848.8,"GROSS_PROFIT_YOY":-12.415086075042,"HOLDER_PROFIT":39999749.76,"HOLDER_PROFIT_YOY":13.5782634377,"GROSS_PROFIT_RATIO":16.458968225742,"EPS_TTM":0.110337559241,"OPERATE_INCOME_QOQ":3.000973652023,"NET_PROFIT_RATIO":5.5225469617,"ROE_AVG":10.079847015802,"GROSS_PROFIT_QOQ":-4.783586114297,"ROA":3.586749351715,"HOLDER_PROFIT_QOQ":1.298741214316,"ROE_YEARLY":20.159694031603,"ROIC_YEARLY":8.541524706225,"TOTAL_ASSETS":1101266200.8,"TOTAL_LIABILITIES":673024579.68,"TAX_EBT":27.099634846114,"OCF_SALES":10.121899342385,"TOTAL_PARENT_EQUITY":417528591.12,"DEBT_ASSET_RATIO":61.1137052232,"OPERATE_PROFIT":59186682.48,"PRETAX_PROFIT":54233310.24,"NETCASH_OPERATE":72463350.96,"NETCASH_INVEST":-19465679.52,"NETCASH_FINANCE":-33399691.2,"END_CASH":177102403.44,"DIVI_RATIO":0.412414415483,"DIVIDEND_RATE":10.989010989011,"CURRENT_RATIO":1.290274614107,"COMMON_ACS":5000000000,"CURRENTDEBT_DEBT":91.292780084219,"ISSUED_COMMON_SHARES":473058180,"HK_COMMON_SHARES":473058180,"PER_SHARES":4000,"TOTAL_MARKET_CAP":215241471.9,"HKSK_MARKET_CAP":215241471.9,"PE_TTM":2.331092997238,"PB_TTM":0.320067379492,"REPORT_DATE_SQ":"2020-06-30 00:00:00","REPORT_TYPE_SQ":"2020年中报","OPERATE_INCOME_SQ":660245393.28,"DPS_HKD":0.05,"OPERATE_INCOME_QOQ_SQ":8.944323234527,"NET_PROFIT_RATIO_SQ":6.1002030957,"HOLDER_PROFIT_SQ":38661348,"HOLDER_PROFIT_QOQ_SQ":22.768283034569,"ROE_AVG_SQ":12.282980128126,"PE_TTM_SQ":2.44494254381,"PB_TTM_SQ":0.487926992717,"ROA_SQ":3.941062378195,"START_DATE":"2021-01-01 00:00:00","FISCAL_YEAR":"12-31","CURRENCY":"HKD","IS_CNY_CODE":0,"DPS_HKD_LY":0.03,"ORG_TYPE":"一般企业","PREMIUM_INCOME":null,"PREMIUM_INCOME_YOY":null,"NET_INTEREST_INCOME":null,"NET_INTEREST_INCOME_YOY":null,"FEE_COMMISSION_INCOME":null,"FEE_COMMISSION_INCOME_YOY":null,"ACCOUNTS_RECE_TDAYS":2.590380707221,"INVENTORY_TDAYS":2.136769897364,"CURRENT_ASSETS_TDAYS":0.889302104436,"TOTAL_ASSETS_TDAYS":0.641948448312,"PREMIUM_EXPENSE":null,"LOAN_DEPOSIT":null,"LOAN_EQUITY":null,"LOAN_ASSETS":null,"DEPOSIT_EQUITY":null,"DEPOSIT_ASSETS":null,"EQUITY_MULTIPLIER":2.571600111916,"EQUITY_RATIO":1.611924534017},{"SECUCODE":"00833.HK","SECURITY_CODE":"00833","SECURITY_NAME_ABBR":"华讯","ORG_CODE":"10009121","STD_REPORT_DATE":"2020-12-31 00:00:00","REPORT_DATE":"2020-12-31 00:00:00","DATE_TYPE_CODE":"001","REPORT_TYPE":"2020年年报","PER_NETCASH_OPERATE":0.178237606334,"PER_OI":1.960407288634,"BPS":0.804236674229,"BASIC_EPS":0.108908216,"DILUTED_EPS":0.108908216,"OPERATE_INCOME":1854773408.04,"OPERATE_INCOME_YOY":74.7841728616,"GROSS_PROFIT":349161087.12,"GROSS_PROFIT_YOY":112.329793980325,"HOLDER_PROFIT":103053768.16,"HOLDER_PROFIT_YOY":146.7272172187,"GROSS_PROFIT_RATIO":18.82499962564,"EPS_TTM":0.108922932228,"OPERATE_INCOME_QOQ":50.737915124814,"NET_PROFIT_RATIO":5.8309862095,"ROE_AVG":31.673241331143,"GROSS_PROFIT_QOQ":65.681251067876,"ROA":10.679156091647,"HOLDER_PROFIT_QOQ":156.845911415534,"ROE_YEARLY":31.673241331143,"ROIC_YEARLY":12.122280149771,"TOTAL_ASSETS":1142124837.72,"TOTAL_LIABILITIES":750219379.92,"TAX_EBT":28.84772978959,"OCF_SALES":9.091866132489,"TOTAL_PARENT_EQUITY":380450737.4,"DEBT_ASSET_RATIO":65.6862853467,"OPERATE_PROFIT":169180581.32,"PRETAX_PROFIT":152000184,"NETCASH_OPERATE":168095707.36,"NETCASH_INVEST":-17501062.16,"NETCASH_FINANCE":-27583909.36,"END_CASH":159107833.8,"DIVI_RATIO":0.41777061147,"DIVIDEND_RATE":10.989010989011,"CURRENT_RATIO":1.209006389702,"COMMON_ACS":5000000000,"CURRENTDEBT_DEBT":91.139898000624,"ISSUED_COMMON_SHARES":473058180,"HK_COMMON_SHARES":473058180,"PER_SHARES":4000,"TOTAL_MARKET_CAP":215241471.9,"HKSK_MARKET_CAP":215241471.9,"PE_TTM":2.331092997238,"PB_TTM":0.320067379492,"REPORT_DATE_SQ":"2019-12-31 00:00:00","REPORT_TYPE_SQ":"2019年年报","OPERATE_INCOME_SQ":1129441525.66,"DPS_HKD":0.05,"OPERATE_INCOME_QOQ_SQ":-3.791781044457,"NET_PROFIT_RATIO_SQ":-20.622407001,"HOLDER_PROFIT_SQ":-234730191.2,"HOLDER_PROFIT_QOQ_SQ":-602.099963955057,"ROE_AVG_SQ":-58.570363673142,"PE_TTM_SQ":2.44494254381,"PB_TTM_SQ":0.487926992717,"ROA_SQ":-10.785849396959,"START_DATE":"2020-01-01 00:00:00","FISCAL_YEAR":"12-31","CURRENCY":"HKD","IS_CNY_CODE":0,"DPS_HKD_LY":0.015,"ORG_TYPE":"一般企业","PREMIUM_INCOME":null,"PREMIUM_INCOME_YOY":null,"NET_INTEREST_INCOME":null,"NET_INTEREST_INCOME_YOY":null,"FEE_COMMISSION_INCOME":null,"FEE_COMMISSION_INCOME_YOY":null,"ACCOUNTS_RECE_TDAYS":7.641917899424,"INVENTORY_TDAYS":5.821082311443,"CURRENT_ASSETS_TDAYS":2.73974566336,"TOTAL_ASSETS_TDAYS":1.922046626024,"PREMIUM_EXPENSE":null,"LOAN_DEPOSIT":null,"LOAN_EQUITY":null,"LOAN_ASSETS":null,"DEPOSIT_EQUITY":null,"DEPOSIT_ASSETS":null,"EQUITY_MULTIPLIER":2.91428663467,"EQUITY_RATIO":1.971922528123},{"SECUCODE":"00833.HK","SECURITY_CODE":"00833","SECURITY_NAME_ABBR":"华讯","ORG_CODE":"10009121","STD_REPORT_DATE":"2020-06-30 00:00:00","REPORT_DATE":"2020-06-30 00:00:00","DATE_TYPE_CODE":"002","REPORT_TYPE":"2020年中报","PER_NETCASH_OPERATE":0.116636576245,"PER_OI":0.697847982758,"BPS":0.710638431831,"BASIC_EPS":0.040830768,"DILUTED_EPS":0.040830768,"OPERATE_INCOME":660245393.28,"OPERATE_INCOME_YOY":13.6983112274,"GROSS_PROFIT":134533270.08,"GROSS_PROFIT_YOY":52.474283784008,"HOLDER_PROFIT":38661348,"HOLDER_PROFIT_YOY":351.8595656055,"GROSS_PROFIT_RATIO":20.376252746219,"EPS_TTM":-0.191610846788,"OPERATE_INCOME_QOQ":8.944323234527,"NET_PROFIT_RATIO":6.1002030957,"ROE_AVG":12.282980128126,"GROSS_PROFIT_QOQ":28.155595525614,"ROA":3.941062378195,"HOLDER_PROFIT_QOQ":22.768283034569,"ROE_YEARLY":24.565960256252,"ROIC_YEARLY":8.984601994868,"TOTAL_ASSETS":1106889236.64,"TOTAL_LIABILITIES":761668290.24,"TAX_EBT":28.147508392269,"OCF_SALES":16.713751293559,"TOTAL_PARENT_EQUITY":336173323.2,"DEBT_ASSET_RATIO":68.8116086983,"OPERATE_PROFIT":86483585.76,"PRETAX_PROFIT":56054159.04,"NETCASH_OPERATE":110351772.96,"NETCASH_INVEST":-2457153.6,"NETCASH_FINANCE":13148055.36,"END_CASH":154770533.28,"DIVI_RATIO":-0.237485511717,"DIVIDEND_RATE":10.989010989011,"CURRENT_RATIO":1.109790327162,"COMMON_ACS":5000000000,"CURRENTDEBT_DEBT":92.887655514328,"ISSUED_COMMON_SHARES":473058180,"HK_COMMON_SHARES":473058180,"PER_SHARES":4000,"TOTAL_MARKET_CAP":215241471.9,"HKSK_MARKET_CAP":215241471.9,"PE_TTM":2.331092997238,"PB_TTM":0.320067379492,"REPORT_DATE_SQ":"2019-06-30 00:00:00","REPORT_TYPE_SQ":"2019年中报","OPERATE_INCOME_SQ":559224492.48,"DPS_HKD":0.05,"OPERATE_INCOME_QOQ_SQ":4.281772709613,"NET_PROFIT_RATIO_SQ":-2.7456711046,"HOLDER_PROFIT_SQ":-14782686.3,"HOLDER_PROFIT_QOQ_SQ":-48.815679223979,"ROE_AVG_SQ":-2.933270496239,"PE_TTM_SQ":2.44494254381,"PB_TTM_SQ":0.487926992717,"ROA_SQ":-0.652361807894,"START_DATE":"2020-01-01 00:00:00","FISCAL_YEAR":"12-31","CURRENCY":"HKD","IS_CNY_CODE":0,"DPS_HKD_LY":0.015,"ORG_TYPE":"一般企业","PREMIUM_INCOME":null,"PREMIUM_INCOME_YOY":null,"NET_INTEREST_INCOME":null,"NET_INTEREST_INCOME_YOY":null,"FEE_COMMISSION_INCOME":null,"FEE_COMMISSION_INCOME_YOY":null,"ACCOUNTS_RECE_TDAYS":2.634557767588,"INVENTORY_TDAYS":2.1610590327,"CURRENT_ASSETS_TDAYS":0.97275510005,"TOTAL_ASSETS_TDAYS":0.673041271047,"PREMIUM_EXPENSE":null,"LOAN_DEPOSIT":null,"LOAN_EQUITY":null,"LOAN_ASSETS":null,"DEPOSIT_EQUITY":null,"DEPOSIT_ASSETS":null,"EQUITY_MULTIPLIER":3.206321192801,"EQUITY_RATIO":2.265701165666}],"count":42},"success":true,"message":"ok","code":0}