{"version":"bf39b87ae6bbce265c734a1c60ba4f04","result":{"pages":6,"data":[{"SECUCODE":"00836.HK","SECURITY_CODE":"00836","SECURITY_NAME_ABBR":"华润电力","ORG_CODE":"10009123","STD_REPORT_DATE":"2024-06-30 00:00:00","REPORT_DATE":"2024-06-30 00:00:00","DATE_TYPE_CODE":"002","REPORT_TYPE":"2024年中报","PER_NETCASH_OPERATE":1.967970933575,"PER_OI":9.698879295722,"BPS":15.948851349609,"BASIC_EPS":1.779726,"DILUTED_EPS":null,"OPERATE_INCOME":46655913193.12,"OPERATE_INCOME_YOY":-0.706991182,"GROSS_PROFIT":24069112080.76,"GROSS_PROFIT_YOY":10.207666369443,"HOLDER_PROFIT":8545192844.64,"HOLDER_PROFIT_YOY":38.9111140784,"GROSS_PROFIT_RATIO":51.588556376835,"EPS_TTM":2.55742530873,"OPERATE_INCOME_QOQ":-0.866049252588,"NET_PROFIT_RATIO":19.4702162087,"ROE_AVG":10.67335857028,"GROSS_PROFIT_QOQ":5.038436749546,"ROA":2.798299295376,"HOLDER_PROFIT_QOQ":23.37642244167,"ROE_YEARLY":21.346717140559,"ROIC_YEARLY":6.085528556217,"TOTAL_ASSETS":316497506584.36,"TOTAL_LIABILITIES":215540032062.92,"TAX_EBT":17.180316781484,"OCF_SALES":20.290704457406,"TOTAL_PARENT_EQUITY":82568124323.6,"DEBT_ASSET_RATIO":68.1016524866,"OPERATE_PROFIT":12108011721.16,"PRETAX_PROFIT":10968415743.48,"NETCASH_OPERATE":9466813457.92,"NETCASH_INVEST":-18392968974.04,"NETCASH_FINANCE":14337485433.52,"END_CASH":9088774100.48,"DIVI_RATIO":0.370380529498,"DIVIDEND_RATE":5.82774049217,"CURRENT_RATIO":0.724708719015,"COMMON_ACS":null,"CURRENTDEBT_DEBT":36.529536044226,"ISSUED_COMMON_SHARES":5177057740,"HK_COMMON_SHARES":5177057740,"PER_SHARES":2000,"TOTAL_MARKET_CAP":92565792391.2,"HKSK_MARKET_CAP":92565792391.2,"PE_TTM":6.793355433196,"PB_TTM":1.023190826868,"REPORT_DATE_SQ":"2023-06-30 00:00:00","REPORT_TYPE_SQ":"2023年中报","OPERATE_INCOME_SQ":47466913144.62,"DPS_HKD":1.042,"OPERATE_INCOME_QOQ_SQ":4.722065185577,"NET_PROFIT_RATIO_SQ":13.7491949146,"HOLDER_PROFIT_SQ":6214237398,"HOLDER_PROFIT_QOQ_SQ":39.376482313479,"ROE_AVG_SQ":8.172064459464,"PE_TTM_SQ":8.514295800402,"PB_TTM_SQ":0.96888087042,"ROA_SQ":2.269636633855,"START_DATE":"2024-01-01 00:00:00","FISCAL_YEAR":"12-31","CURRENCY":"HKD","IS_CNY_CODE":0,"DPS_HKD_LY":1.042,"ORG_TYPE":"一般企业","PREMIUM_INCOME":null,"PREMIUM_INCOME_YOY":null,"NET_INTEREST_INCOME":null,"NET_INTEREST_INCOME_YOY":null,"FEE_COMMISSION_INCOME":null,"FEE_COMMISSION_INCOME_YOY":null,"ACCOUNTS_RECE_TDAYS":1.188273389273,"INVENTORY_TDAYS":4.85458419841,"CURRENT_ASSETS_TDAYS":0.911735194222,"TOTAL_ASSETS_TDAYS":0.152784391631,"PREMIUM_EXPENSE":null,"LOAN_DEPOSIT":null,"LOAN_EQUITY":null,"LOAN_ASSETS":null,"DEPOSIT_EQUITY":null,"DEPOSIT_ASSETS":null,"EQUITY_MULTIPLIER":3.134958635647,"EQUITY_RATIO":2.610450871067},{"SECUCODE":"00836.HK","SECURITY_CODE":"00836","SECURITY_NAME_ABBR":"华润电力","ORG_CODE":"10009123","STD_REPORT_DATE":"2023-12-31 00:00:00","REPORT_DATE":"2023-12-31 00:00:00","DATE_TYPE_CODE":"001","REPORT_TYPE":"2023年年报","PER_NETCASH_OPERATE":5.438566278536,"PER_OI":19.466734119385,"BPS":14.874251034639,"BASIC_EPS":2.0752438,"DILUTED_EPS":null,"OPERATE_INCOME":93643629282.84,"OPERATE_INCOME_YOY":0.0282899884,"GROSS_PROFIT":44246499614.8,"GROSS_PROFIT_YOY":26.936777616405,"HOLDER_PROFIT":9971395120.26,"HOLDER_PROFIT_YOY":56.2416382415,"GROSS_PROFIT_RATIO":47.249876957629,"EPS_TTM":2.072863889322,"OPERATE_INCOME_QOQ":-3.097375341125,"NET_PROFIT_RATIO":11.7197217397,"ROE_AVG":13.16085430586,"GROSS_PROFIT_QOQ":10.846126528984,"ROA":3.632743555985,"HOLDER_PROFIT_QOQ":13.72558480309,"ROE_YEARLY":13.16085430586,"ROIC_YEARLY":3.957367832992,"TOTAL_ASSETS":292161694057.8,"TOTAL_LIABILITIES":197418983940.78,"TAX_EBT":21.8632220961,"OCF_SALES":27.93774366662,"TOTAL_PARENT_EQUITY":77004856445.58,"DEBT_ASSET_RATIO":67.5718233964,"OPERATE_PROFIT":16491750423.12,"PRETAX_PROFIT":14045591683.34,"NETCASH_OPERATE":26161917109.16,"NETCASH_INVEST":-39860630432,"NETCASH_FINANCE":10719652818.28,"END_CASH":3700070885.84,"DIVI_RATIO":0.456962246716,"DIVIDEND_RATE":5.988505747126,"CURRENT_RATIO":0.590245962237,"COMMON_ACS":null,"CURRENTDEBT_DEBT":38.587421685207,"ISSUED_COMMON_SHARES":5177057740,"HK_COMMON_SHARES":5177057740,"PER_SHARES":2000,"TOTAL_MARKET_CAP":90080804676,"HKSK_MARKET_CAP":90080804676,"PE_TTM":6.610983475258,"PB_TTM":0.995722616751,"REPORT_DATE_SQ":"2022-12-31 00:00:00","REPORT_TYPE_SQ":"2022年年报","OPERATE_INCOME_SQ":92279343997.19,"DPS_HKD":1.042,"OPERATE_INCOME_QOQ_SQ":14.04218695106,"NET_PROFIT_RATIO_SQ":7.3141599199,"HOLDER_PROFIT_SQ":6290834323.06,"HOLDER_PROFIT_QOQ_SQ":1696.3447177233,"ROE_AVG_SQ":8.225734674137,"PE_TTM_SQ":7.911242436388,"PB_TTM_SQ":0.900256655108,"ROA_SQ":2.467829274452,"START_DATE":"2023-01-01 00:00:00","FISCAL_YEAR":"12-31","CURRENCY":"HKD","IS_CNY_CODE":0,"DPS_HKD_LY":0.704,"ORG_TYPE":"一般企业","PREMIUM_INCOME":null,"PREMIUM_INCOME_YOY":null,"NET_INTEREST_INCOME":null,"NET_INTEREST_INCOME_YOY":null,"FEE_COMMISSION_INCOME":null,"FEE_COMMISSION_INCOME_YOY":null,"ACCOUNTS_RECE_TDAYS":2.71635075262,"INVENTORY_TDAYS":12.678633324332,"CURRENT_ASSETS_TDAYS":2.060510718485,"TOTAL_ASSETS_TDAYS":0.341159172547,"PREMIUM_EXPENSE":null,"LOAN_DEPOSIT":null,"LOAN_EQUITY":null,"LOAN_ASSETS":null,"DEPOSIT_EQUITY":null,"DEPOSIT_ASSETS":null,"EQUITY_MULTIPLIER":3.083737985715,"EQUITY_RATIO":2.563721212574},{"SECUCODE":"00836.HK","SECURITY_CODE":"00836","SECURITY_NAME_ABBR":"华润电力","ORG_CODE":"10009123","STD_REPORT_DATE":"2023-06-30 00:00:00","REPORT_DATE":"2023-06-30 00:00:00","DATE_TYPE_CODE":"002","REPORT_TYPE":"2023年中报","PER_NETCASH_OPERATE":1.614916353022,"PER_OI":9.867470801066,"BPS":14.730864919254,"BASIC_EPS":1.290772,"DILUTED_EPS":null,"OPERATE_INCOME":47466913144.62,"OPERATE_INCOME_YOY":2.1315445055,"GROSS_PROFIT":21839780183.78,"GROSS_PROFIT_YOY":30.154801780104,"HOLDER_PROFIT":6214237398,"HOLDER_PROFIT_YOY":54.2378509174,"GROSS_PROFIT_RATIO":46.010533942326,"EPS_TTM":1.822689145025,"OPERATE_INCOME_QOQ":4.722065185577,"NET_PROFIT_RATIO":13.7491949146,"ROE_AVG":8.172064459464,"GROSS_PROFIT_QOQ":14.516205113594,"ROA":2.269636633855,"HOLDER_PROFIT_QOQ":39.376482313479,"ROE_YEARLY":16.344128918927,"ROIC_YEARLY":5.059162765571,"TOTAL_ASSETS":286319816737.26,"TOTAL_LIABILITIES":192924486488.28,"TAX_EBT":18.56367874657,"OCF_SALES":16.36606163403,"TOTAL_PARENT_EQUITY":76262538247.12,"DEBT_ASSET_RATIO":67.3807662658,"OPERATE_PROFIT":9676465913.8,"PRETAX_PROFIT":8014014272.44,"NETCASH_OPERATE":7768464261.02,"NETCASH_INVEST":-17154210519.24,"NETCASH_FINANCE":17873791937.76,"END_CASH":15134533116.98,"DIVI_RATIO":0.519682987407,"DIVIDEND_RATE":5.988505747126,"CURRENT_RATIO":0.709026253929,"COMMON_ACS":null,"CURRENTDEBT_DEBT":42.022669456552,"ISSUED_COMMON_SHARES":5177057740,"HK_COMMON_SHARES":5177057740,"PER_SHARES":2000,"TOTAL_MARKET_CAP":90080804676,"HKSK_MARKET_CAP":90080804676,"PE_TTM":6.610983475258,"PB_TTM":0.995722616751,"REPORT_DATE_SQ":"2022-06-30 00:00:00","REPORT_TYPE_SQ":"2022年中报","OPERATE_INCOME_SQ":43109422368.25,"DPS_HKD":1.042,"OPERATE_INCOME_QOQ_SQ":10.210292010941,"NET_PROFIT_RATIO_SQ":8.6779043696,"HOLDER_PROFIT_SQ":3737128133.41,"HOLDER_PROFIT_QOQ_SQ":-73.10760234306,"ROE_AVG_SQ":4.979134656361,"PE_TTM_SQ":7.911242436388,"PB_TTM_SQ":0.900256655108,"ROA_SQ":1.532708951367,"START_DATE":"2023-01-01 00:00:00","FISCAL_YEAR":"12-31","CURRENCY":"HKD","IS_CNY_CODE":0,"DPS_HKD_LY":0.704,"ORG_TYPE":"一般企业","PREMIUM_INCOME":null,"PREMIUM_INCOME_YOY":null,"NET_INTEREST_INCOME":null,"NET_INTEREST_INCOME_YOY":null,"FEE_COMMISSION_INCOME":null,"FEE_COMMISSION_INCOME_YOY":null,"ACCOUNTS_RECE_TDAYS":1.369714550334,"INVENTORY_TDAYS":5.333763297705,"CURRENT_ASSETS_TDAYS":0.910983418355,"TOTAL_ASSETS_TDAYS":0.173364224875,"PREMIUM_EXPENSE":null,"LOAN_DEPOSIT":null,"LOAN_EQUITY":null,"LOAN_ASSETS":null,"DEPOSIT_EQUITY":null,"DEPOSIT_ASSETS":null,"EQUITY_MULTIPLIER":3.065675938768,"EQUITY_RATIO":2.529741219249},{"SECUCODE":"00836.HK","SECURITY_CODE":"00836","SECURITY_NAME_ABBR":"华润电力","ORG_CODE":"10009123","STD_REPORT_DATE":"2022-12-31 00:00:00","REPORT_DATE":"2022-12-31 00:00:00","DATE_TYPE_CODE":"001","REPORT_TYPE":"2022年年报","PER_NETCASH_OPERATE":4.487615719736,"PER_OI":19.183125088828,"BPS":14.189773361218,"BASIC_EPS":1.3041742,"DILUTED_EPS":null,"OPERATE_INCOME":92279343997.19,"OPERATE_INCOME_YOY":14.2576452013,"GROSS_PROFIT":34857115838.02,"GROSS_PROFIT_YOY":33.355712960689,"HOLDER_PROFIT":6290834323.06,"HOLDER_PROFIT_YOY":229.4188691531,"GROSS_PROFIT_RATIO":37.773475978634,"EPS_TTM":1.307745119385,"OPERATE_INCOME_QOQ":14.04218695106,"NET_PROFIT_RATIO":7.3141599199,"ROE_AVG":8.225734674137,"GROSS_PROFIT_QOQ":36.703027445885,"ROA":2.467829274452,"HOLDER_PROFIT_QOQ":1696.3447177233,"ROE_YEARLY":8.225734674137,"ROIC_YEARLY":2.718529576516,"TOTAL_ASSETS":253141682542.42,"TOTAL_LIABILITIES":163320214720.46,"TAX_EBT":20.1403502245,"OCF_SALES":23.393559177433,"TOTAL_PARENT_EQUITY":73461276008.54,"DEBT_ASSET_RATIO":64.5173142092,"OPERATE_PROFIT":12104772338.33,"PRETAX_PROFIT":8451650879.98,"NETCASH_OPERATE":21587422946.53,"NETCASH_INVEST":-30234587404.49,"NETCASH_FINANCE":9074299373.86,"END_CASH":6897488817.59,"DIVI_RATIO":0.724315867029,"DIVIDEND_RATE":5.988505747126,"CURRENT_RATIO":0.611491694776,"COMMON_ACS":null,"CURRENTDEBT_DEBT":45.332394726502,"ISSUED_COMMON_SHARES":5177057740,"HK_COMMON_SHARES":5177057740,"PER_SHARES":2000,"TOTAL_MARKET_CAP":90080804676,"HKSK_MARKET_CAP":90080804676,"PE_TTM":6.610983475258,"PB_TTM":0.995722616751,"REPORT_DATE_SQ":"2021-12-31 00:00:00","REPORT_TYPE_SQ":"2021年年报","OPERATE_INCOME_SQ":73922622121.6,"DPS_HKD":1.042,"OPERATE_INCOME_QOQ_SQ":12.612207629632,"NET_PROFIT_RATIO_SQ":0.9844541612,"HOLDER_PROFIT_SQ":1747905342.4,"HOLDER_PROFIT_QOQ_SQ":-79.944683777869,"ROE_AVG_SQ":1.828747934244,"PE_TTM_SQ":7.911242436388,"PB_TTM_SQ":0.900256655108,"ROA_SQ":0.582372875126,"START_DATE":"2022-01-01 00:00:00","FISCAL_YEAR":"12-31","CURRENCY":"HKD","IS_CNY_CODE":0,"DPS_HKD_LY":0.255,"ORG_TYPE":"一般企业","PREMIUM_INCOME":null,"PREMIUM_INCOME_YOY":null,"NET_INTEREST_INCOME":null,"NET_INTEREST_INCOME_YOY":null,"FEE_COMMISSION_INCOME":null,"FEE_COMMISSION_INCOME_YOY":null,"ACCOUNTS_RECE_TDAYS":2.814788008488,"INVENTORY_TDAYS":11.34753865175,"CURRENT_ASSETS_TDAYS":1.974809611844,"TOTAL_ASSETS_TDAYS":0.362002327273,"PREMIUM_EXPENSE":null,"LOAN_DEPOSIT":null,"LOAN_EQUITY":null,"LOAN_ASSETS":null,"DEPOSIT_EQUITY":null,"DEPOSIT_ASSETS":null,"EQUITY_MULTIPLIER":2.818275949842,"EQUITY_RATIO":2.223215054166},{"SECUCODE":"00836.HK","SECURITY_CODE":"00836","SECURITY_NAME_ABBR":"华润电力","ORG_CODE":"10009123","STD_REPORT_DATE":"2022-06-30 00:00:00","REPORT_DATE":"2022-06-30 00:00:00","DATE_TYPE_CODE":"002","REPORT_TYPE":"2022年中报","PER_NETCASH_OPERATE":1.456679647473,"PER_OI":8.961631129741,"BPS":14.295123589852,"BASIC_EPS":0.7782229,"DILUTED_EPS":null,"OPERATE_INCOME":43109422368.25,"OPERATE_INCOME_YOY":17.7785783498,"GROSS_PROFIT":16779849752.05,"GROSS_PROFIT_YOY":-0.814623377752,"HOLDER_PROFIT":3737128133.41,"HOLDER_PROFIT_YOY":-22.4565022816,"GROSS_PROFIT_RATIO":38.923856619356,"EPS_TTM":0.07280034319,"OPERATE_INCOME_QOQ":10.210292010941,"NET_PROFIT_RATIO":8.6779043696,"ROE_AVG":4.979134656361,"GROSS_PROFIT_QOQ":-0.537579866967,"ROA":1.532708951367,"HOLDER_PROFIT_QOQ":-73.10760234306,"ROE_YEARLY":9.958269312722,"ROIC_YEARLY":3.389821942754,"TOTAL_ASSETS":241906881216.35,"TOTAL_LIABILITIES":152085097919.72,"TAX_EBT":16.531844980789,"OCF_SALES":16.254626265953,"TOTAL_PARENT_EQUITY":74006680225.1,"DEBT_ASSET_RATIO":62.8692731497,"OPERATE_PROFIT":6337433385.64,"PRETAX_PROFIT":4481942180.87,"NETCASH_OPERATE":7007275491.37,"NETCASH_INVEST":-11024409934.58,"NETCASH_FINANCE":5642717223.57,"END_CASH":8107116536.19,"DIVI_RATIO":13.011209817006,"DIVIDEND_RATE":5.988505747126,"CURRENT_RATIO":0.793139097087,"COMMON_ACS":null,"CURRENTDEBT_DEBT":39.230038106412,"ISSUED_COMMON_SHARES":5177057740,"HK_COMMON_SHARES":5177057740,"PER_SHARES":2000,"TOTAL_MARKET_CAP":90080804676,"HKSK_MARKET_CAP":90080804676,"PE_TTM":6.610983475258,"PB_TTM":0.995722616751,"REPORT_DATE_SQ":"2021-06-30 00:00:00","REPORT_TYPE_SQ":"2021年中报","OPERATE_INCOME_SQ":35612984060.16,"DPS_HKD":1.042,"OPERATE_INCOME_QOQ_SQ":11.378860360419,"NET_PROFIT_RATIO_SQ":12.1329362796,"HOLDER_PROFIT_SQ":4689160213.44,"HOLDER_PROFIT_QOQ_SQ":1.744541460009,"ROE_AVG_SQ":5.7907263813,"PE_TTM_SQ":7.911242436388,"PB_TTM_SQ":0.900256655108,"ROA_SQ":1.934411485084,"START_DATE":"2022-01-01 00:00:00","FISCAL_YEAR":"12-31","CURRENCY":"HKD","IS_CNY_CODE":0,"DPS_HKD_LY":0.255,"ORG_TYPE":"一般企业","PREMIUM_INCOME":null,"PREMIUM_INCOME_YOY":null,"NET_INTEREST_INCOME":null,"NET_INTEREST_INCOME_YOY":null,"FEE_COMMISSION_INCOME":null,"FEE_COMMISSION_INCOME_YOY":null,"ACCOUNTS_RECE_TDAYS":1.299907541564,"INVENTORY_TDAYS":5.265516870727,"CURRENT_ASSETS_TDAYS":0.922615194011,"TOTAL_ASSETS_TDAYS":0.176804742019,"PREMIUM_EXPENSE":null,"LOAN_DEPOSIT":null,"LOAN_EQUITY":null,"LOAN_ASSETS":null,"DEPOSIT_EQUITY":null,"DEPOSIT_ASSETS":null,"EQUITY_MULTIPLIER":2.693187246325,"EQUITY_RATIO":2.055018512614},{"SECUCODE":"00836.HK","SECURITY_CODE":"00836","SECURITY_NAME_ABBR":"华润电力","ORG_CODE":"10009123","STD_REPORT_DATE":"2021-12-31 00:00:00","REPORT_DATE":"2021-12-31 00:00:00","DATE_TYPE_CODE":"001","REPORT_TYPE":"2021年年报","PER_NETCASH_OPERATE":1.257657379275,"PER_OI":15.367110835725,"BPS":13.95884708769,"BASIC_EPS":0.359744,"DILUTED_EPS":null,"OPERATE_INCOME":73922622121.6,"OPERATE_INCOME_YOY":29.1141162969,"GROSS_PROFIT":26138449612.8,"GROSS_PROFIT_YOY":-16.191871907498,"HOLDER_PROFIT":1747905342.4,"HOLDER_PROFIT_YOY":-78.9948340083,"GROSS_PROFIT_RATIO":34.917045300099,"EPS_TTM":0.270709752693,"OPERATE_INCOME_QOQ":12.612207629632,"NET_PROFIT_RATIO":0.9844541612,"ROE_AVG":1.828747934244,"GROSS_PROFIT_QOQ":-12.615965947724,"ROA":0.582372875126,"HOLDER_PROFIT_QOQ":-79.944683777869,"ROE_YEARLY":1.828747934244,"ROIC_YEARLY":0.643268643731,"TOTAL_ASSETS":235442106995.2,"TOTAL_LIABILITIES":147416935489.6,"TAX_EBT":39.934540874528,"OCF_SALES":8.240065706076,"TOTAL_PARENT_EQUITY":72759670334.4,"DEBT_ASSET_RATIO":62.7462277272,"OPERATE_PROFIT":4929424864,"PRETAX_PROFIT":1955221721.6,"NETCASH_OPERATE":6517012745.6,"NETCASH_INVEST":-16327040307.2,"NETCASH_FINANCE":12040742873.6,"END_CASH":6487010913.6,"DIVI_RATIO":3.499026283968,"DIVIDEND_RATE":5.988505747126,"CURRENT_RATIO":0.792550073127,"COMMON_ACS":null,"CURRENTDEBT_DEBT":37.746961915326,"ISSUED_COMMON_SHARES":5177057740,"HK_COMMON_SHARES":5177057740,"PER_SHARES":2000,"TOTAL_MARKET_CAP":90080804676,"HKSK_MARKET_CAP":90080804676,"PE_TTM":6.610983475258,"PB_TTM":0.995722616751,"REPORT_DATE_SQ":"2020-12-31 00:00:00","REPORT_TYPE_SQ":"2020年年报","OPERATE_INCOME_SQ":58536744570.04,"DPS_HKD":1.042,"OPERATE_INCOME_QOQ_SQ":-2.805711613116,"NET_PROFIT_RATIO_SQ":12.4748149953,"HOLDER_PROFIT_SQ":6381876695.52,"HOLDER_PROFIT_QOQ_SQ":-1.908636796429,"ROE_AVG_SQ":9.55436704061,"PE_TTM_SQ":7.911242436388,"PB_TTM_SQ":0.900256655108,"ROA_SQ":3.190232988145,"START_DATE":"2021-01-01 00:00:00","FISCAL_YEAR":"12-31","CURRENCY":"HKD","IS_CNY_CODE":0,"DPS_HKD_LY":0.656,"ORG_TYPE":"一般企业","PREMIUM_INCOME":null,"PREMIUM_INCOME_YOY":null,"NET_INTEREST_INCOME":null,"NET_INTEREST_INCOME_YOY":null,"FEE_COMMISSION_INCOME":null,"FEE_COMMISSION_INCOME_YOY":null,"ACCOUNTS_RECE_TDAYS":2.612597171798,"INVENTORY_TDAYS":12.100569546956,"CURRENT_ASSETS_TDAYS":1.898948762751,"TOTAL_ASSETS_TDAYS":0.328343864485,"PREMIUM_EXPENSE":null,"LOAN_DEPOSIT":null,"LOAN_EQUITY":null,"LOAN_ASSETS":null,"DEPOSIT_EQUITY":null,"DEPOSIT_ASSETS":null,"EQUITY_MULTIPLIER":2.684291922647,"EQUITY_RATIO":2.026080310866},{"SECUCODE":"00836.HK","SECURITY_CODE":"00836","SECURITY_NAME_ABBR":"华润电力","ORG_CODE":"10009123","STD_REPORT_DATE":"2021-06-30 00:00:00","REPORT_DATE":"2021-06-30 00:00:00","DATE_TYPE_CODE":"002","REPORT_TYPE":"2021年中报","PER_NETCASH_OPERATE":0.732603073246,"PER_OI":7.403263812032,"BPS":14.550460536251,"BASIC_EPS":0.9735336,"DILUTED_EPS":null,"OPERATE_INCOME":35612984060.16,"OPERATE_INCOME_YOY":35.4474519526,"GROSS_PROFIT":16917665006.16,"GROSS_PROFIT_YOY":6.422352856636,"HOLDER_PROFIT":4689160213.44,"HOLDER_PROFIT_YOY":12.7323516728,"GROSS_PROFIT_RATIO":46.807194675723,"EPS_TTM":1.349815428961,"OPERATE_INCOME_QOQ":11.378860360419,"NET_PROFIT_RATIO":12.1329362796,"ROE_AVG":5.7907263813,"GROSS_PROFIT_QOQ":1.925744023478,"ROA":1.934411485084,"HOLDER_PROFIT_QOQ":1.744541460009,"ROE_YEARLY":11.581452762601,"ROIC_YEARLY":4.273513227005,"TOTAL_ASSETS":223186756505.76,"TOTAL_LIABILITIES":130819856406.96,"TAX_EBT":14.134729222672,"OCF_SALES":10.027066375714,"TOTAL_PARENT_EQUITY":75328574339.76,"DEBT_ASSET_RATIO":58.6145246497,"OPERATE_PROFIT":6639316094.4,"PRETAX_PROFIT":5486917745.52,"NETCASH_OPERATE":3979212915.84,"NETCASH_INVEST":-6101383031.04,"NETCASH_FINANCE":1449241224.72,"END_CASH":3599645478.48,"DIVI_RATIO":0.701740785945,"DIVIDEND_RATE":5.988505747126,"CURRENT_RATIO":0.823556340477,"COMMON_ACS":null,"CURRENTDEBT_DEBT":36.15215573293,"ISSUED_COMMON_SHARES":5177057740,"HK_COMMON_SHARES":5177057740,"PER_SHARES":2000,"TOTAL_MARKET_CAP":90080804676,"HKSK_MARKET_CAP":90080804676,"PE_TTM":6.610983475258,"PB_TTM":0.995722616751,"REPORT_DATE_SQ":"2020-06-30 00:00:00","REPORT_TYPE_SQ":"2020年中报","OPERATE_INCOME_SQ":28485515873.76,"DPS_HKD":1.042,"OPERATE_INCOME_QOQ_SQ":-0.773370375379,"NET_PROFIT_RATIO_SQ":15.6647168649,"HOLDER_PROFIT_SQ":4136839138.08,"HOLDER_PROFIT_QOQ_SQ":10.20673265237,"ROE_AVG_SQ":6.187724745901,"PE_TTM_SQ":7.911242436388,"PB_TTM_SQ":0.900256655108,"ROA_SQ":2.058785959319,"START_DATE":"2021-01-01 00:00:00","FISCAL_YEAR":"12-31","CURRENCY":"HKD","IS_CNY_CODE":0,"DPS_HKD_LY":0.656,"ORG_TYPE":"一般企业","PREMIUM_INCOME":null,"PREMIUM_INCOME_YOY":null,"NET_INTEREST_INCOME":null,"NET_INTEREST_INCOME_YOY":null,"FEE_COMMISSION_INCOME":null,"FEE_COMMISSION_INCOME_YOY":null,"ACCOUNTS_RECE_TDAYS":1.25683731277,"INVENTORY_TDAYS":7.216346754516,"CURRENT_ASSETS_TDAYS":0.966042545794,"TOTAL_ASSETS_TDAYS":0.160039280456,"PREMIUM_EXPENSE":null,"LOAN_DEPOSIT":null,"LOAN_EQUITY":null,"LOAN_ASSETS":null,"DEPOSIT_EQUITY":null,"DEPOSIT_ASSETS":null,"EQUITY_MULTIPLIER":2.416306666858,"EQUITY_RATIO":1.736656475362},{"SECUCODE":"00836.HK","SECURITY_CODE":"00836","SECURITY_NAME_ABBR":"华润电力","ORG_CODE":"10009123","STD_REPORT_DATE":"2020-12-31 00:00:00","REPORT_DATE":"2020-12-31 00:00:00","DATE_TYPE_CODE":"001","REPORT_TYPE":"2020年年报","PER_NETCASH_OPERATE":3.622090183248,"PER_OI":12.168678761024,"BPS":13.949050848237,"BASIC_EPS":1.3297912,"DILUTED_EPS":null,"OPERATE_INCOME":58536744570.04,"OPERATE_INCOME_YOY":2.6464605493,"GROSS_PROFIT":31188442228.36,"GROSS_PROFIT_YOY":12.348555857426,"HOLDER_PROFIT":6381876695.52,"HOLDER_PROFIT_YOY":15.0572238631,"GROSS_PROFIT_RATIO":49.171080118678,"EPS_TTM":1.326671101556,"OPERATE_INCOME_QOQ":-2.805711613116,"NET_PROFIT_RATIO":12.4748149953,"ROE_AVG":9.55436704061,"GROSS_PROFIT_QOQ":-10.575603853223,"ROA":3.190232988145,"HOLDER_PROFIT_QOQ":-1.908636796429,"ROE_YEARLY":9.55436704061,"ROIC_YEARLY":3.514689983574,"TOTAL_ASSETS":218516623456.68,"TOTAL_LIABILITIES":129344619697.8,"TAX_EBT":24.358446911157,"OCF_SALES":29.765681668327,"TOTAL_PARENT_EQUITY":72215041659.52,"DEBT_ASSET_RATIO":59.1921189572,"OPERATE_PROFIT":11861394114.88,"PRETAX_PROFIT":9653887699.56,"NETCASH_OPERATE":17423861047.72,"NETCASH_INVEST":-24091262429.96,"NETCASH_FINANCE":6307963029.08,"END_CASH":4238906393.76,"DIVI_RATIO":0.713982944898,"DIVIDEND_RATE":5.988505747126,"CURRENT_RATIO":0.624576461557,"COMMON_ACS":null,"CURRENTDEBT_DEBT":42.33747758231,"ISSUED_COMMON_SHARES":5177057740,"HK_COMMON_SHARES":5177057740,"PER_SHARES":2000,"TOTAL_MARKET_CAP":90080804676,"HKSK_MARKET_CAP":90080804676,"PE_TTM":6.610983475258,"PB_TTM":0.995722616751,"REPORT_DATE_SQ":"2019-12-31 00:00:00","REPORT_TYPE_SQ":"2019年年报","OPERATE_INCOME_SQ":60695931592.96,"DPS_HKD":1.042,"OPERATE_INCOME_QOQ_SQ":-4.0069104406,"NET_PROFIT_RATIO_SQ":10.8347853715,"HOLDER_PROFIT_SQ":5903499244.1,"HOLDER_PROFIT_QOQ_SQ":31.165089633469,"ROE_AVG_SQ":9.213445504725,"PE_TTM_SQ":7.911242436388,"PB_TTM_SQ":0.900256655108,"ROA_SQ":3.108954716513,"START_DATE":"2020-01-01 00:00:00","FISCAL_YEAR":"12-31","CURRENCY":"HKD","IS_CNY_CODE":0,"DPS_HKD_LY":0.573,"ORG_TYPE":"一般企业","PREMIUM_INCOME":null,"PREMIUM_INCOME_YOY":null,"NET_INTEREST_INCOME":null,"NET_INTEREST_INCOME_YOY":null,"FEE_COMMISSION_INCOME":null,"FEE_COMMISSION_INCOME_YOY":null,"ACCOUNTS_RECE_TDAYS":2.684145000183,"INVENTORY_TDAYS":11.622345314108,"CURRENT_ASSETS_TDAYS":1.981292543435,"TOTAL_ASSETS_TDAYS":0.292619024866,"PREMIUM_EXPENSE":null,"LOAN_DEPOSIT":null,"LOAN_EQUITY":null,"LOAN_ASSETS":null,"DEPOSIT_EQUITY":null,"DEPOSIT_ASSETS":null,"EQUITY_MULTIPLIER":2.450507045321,"EQUITY_RATIO":1.791103580714},{"SECUCODE":"00836.HK","SECURITY_CODE":"00836","SECURITY_NAME_ABBR":"华润电力","ORG_CODE":"10009123","STD_REPORT_DATE":"2020-06-30 00:00:00","REPORT_DATE":"2020-06-30 00:00:00","DATE_TYPE_CODE":"002","REPORT_TYPE":"2020年中报","PER_NETCASH_OPERATE":0.561376730705,"PER_OI":5.921598383304,"BPS":12.960928736607,"BASIC_EPS":0.8586336,"DILUTED_EPS":null,"OPERATE_INCOME":28485515873.76,"OPERATE_INCOME_YOY":-5.259311905,"GROSS_PROFIT":15896721461.28,"GROSS_PROFIT_YOY":9.178289740929,"HOLDER_PROFIT":4136839138.08,"HOLDER_PROFIT_YOY":12.7202426212,"GROSS_PROFIT_RATIO":55.806331651952,"EPS_TTM":1.352485130422,"OPERATE_INCOME_QOQ":-0.773370375379,"NET_PROFIT_RATIO":15.6647168649,"ROE_AVG":6.187724745901,"GROSS_PROFIT_QOQ":4.33179007368,"ROA":2.058785959319,"HOLDER_PROFIT_QOQ":10.20673265237,"ROE_YEARLY":12.375449491802,"ROIC_YEARLY":4.494689627961,"TOTAL_ASSETS":204810065343.84,"TOTAL_LIABILITIES":124877523286.56,"TAX_EBT":18.715443826563,"OCF_SALES":9.480155430457,"TOTAL_PARENT_EQUITY":67099476433.44,"DEBT_ASSET_RATIO":60.9723565475,"OPERATE_PROFIT":6709870823.04,"PRETAX_PROFIT":5489573443.2,"NETCASH_OPERATE":2700471180,"NETCASH_INVEST":-13425154691.52,"NETCASH_FINANCE":10122833424,"END_CASH":3804430101.12,"DIVI_RATIO":0.700355603691,"DIVIDEND_RATE":5.988505747126,"CURRENT_RATIO":0.570995046361,"COMMON_ACS":null,"CURRENTDEBT_DEBT":43.987302025161,"ISSUED_COMMON_SHARES":5177057740,"HK_COMMON_SHARES":5177057740,"PER_SHARES":2000,"TOTAL_MARKET_CAP":90080804676,"HKSK_MARKET_CAP":90080804676,"PE_TTM":6.610983475258,"PB_TTM":0.995722616751,"REPORT_DATE_SQ":"2019-06-30 00:00:00","REPORT_TYPE_SQ":"2019年中报","OPERATE_INCOME_SQ":28954920227.76,"DPS_HKD":1.042,"OPERATE_INCOME_QOQ_SQ":-6.208501321073,"NET_PROFIT_RATIO_SQ":13.181948762,"HOLDER_PROFIT_SQ":3534284753.1,"HOLDER_PROFIT_QOQ_SQ":30.029856240666,"ROE_AVG_SQ":5.615346464592,"PE_TTM_SQ":7.911242436388,"PB_TTM_SQ":0.900256655108,"ROA_SQ":1.89682307599,"START_DATE":"2020-01-01 00:00:00","FISCAL_YEAR":"12-31","CURRENCY":"HKD","IS_CNY_CODE":0,"DPS_HKD_LY":0.573,"ORG_TYPE":"一般企业","PREMIUM_INCOME":null,"PREMIUM_INCOME_YOY":null,"NET_INTEREST_INCOME":null,"NET_INTEREST_INCOME_YOY":null,"FEE_COMMISSION_INCOME":null,"FEE_COMMISSION_INCOME_YOY":null,"ACCOUNTS_RECE_TDAYS":1.33717083055,"INVENTORY_TDAYS":4.407262749826,"CURRENT_ASSETS_TDAYS":0.975951565074,"TOTAL_ASSETS_TDAYS":0.141764226665,"PREMIUM_EXPENSE":null,"LOAN_DEPOSIT":null,"LOAN_EQUITY":null,"LOAN_ASSETS":null,"DEPOSIT_EQUITY":null,"DEPOSIT_ASSETS":null,"EQUITY_MULTIPLIER":2.562286398914,"EQUITY_RATIO":1.861080442415}],"count":46},"success":true,"message":"ok","code":0}