{"version":"86e95d18a013ded0f8fa980794d77dee","result":{"pages":5,"data":[{"SECUCODE":"00838.HK","SECURITY_CODE":"00838","SECURITY_NAME_ABBR":"亿和控股","ORG_CODE":"10009124","STD_REPORT_DATE":"2024-06-30 00:00:00","REPORT_DATE":"2024-06-30 00:00:00","DATE_TYPE_CODE":"002","REPORT_TYPE":"2024年中报","PER_NETCASH_OPERATE":0.144484790948,"PER_OI":1.572638956556,"BPS":1.638397408175,"BASIC_EPS":0.06662564,"DILUTED_EPS":0.06662564,"OPERATE_INCOME":2737838297.72,"OPERATE_INCOME_YOY":4.8082949998,"GROSS_PROFIT":550039379.52,"GROSS_PROFIT_YOY":9.46512591668,"HOLDER_PROFIT":116652368.84,"HOLDER_PROFIT_YOY":4.2316349165,"GROSS_PROFIT_RATIO":20.090279983959,"EPS_TTM":0.125482933918,"OPERATE_INCOME_QOQ":1.76670612876,"NET_PROFIT_RATIO":4.2607472084,"ROE_AVG":4.174899386339,"GROSS_PROFIT_QOQ":4.063449102991,"ROA":1.72593752053,"HOLDER_PROFIT_QOQ":1.673410339801,"ROE_YEARLY":8.349798772678,"ROIC_YEARLY":4.45087554147,"TOTAL_ASSETS":6727063095.6,"TOTAL_LIABILITIES":3874744607.44,"TAX_EBT":9.385257814549,"OCF_SALES":9.187410139214,"TOTAL_PARENT_EQUITY":2852318488.16,"DEBT_ASSET_RATIO":57.5993498556,"OPERATE_PROFIT":178868851.76,"PRETAX_PROFIT":128734426.68,"NETCASH_OPERATE":251536433.36,"NETCASH_INVEST":-146901322.08,"NETCASH_FINANCE":-86261037.52,"END_CASH":1520797771.32,"DIVI_RATIO":0.303728457807,"DIVIDEND_RATE":6.546875,"CURRENT_RATIO":1.371865644136,"COMMON_ACS":200000000000,"CURRENTDEBT_DEBT":72.853859348037,"ISSUED_COMMON_SHARES":1740919800,"HK_COMMON_SHARES":1740919800,"PER_SHARES":2000,"TOTAL_MARKET_CAP":1114188672,"HKSK_MARKET_CAP":1114188672,"PE_TTM":4.598688613363,"PB_TTM":0.356516188982,"REPORT_DATE_SQ":"2023-06-30 00:00:00","REPORT_TYPE_SQ":"2023年中报","OPERATE_INCOME_SQ":2638852432.84,"DPS_HKD":0.0419,"OPERATE_INCOME_QOQ_SQ":2.229366311819,"NET_PROFIT_RATIO_SQ":4.2843197336,"HOLDER_PROFIT_SQ":113056875.52,"HOLDER_PROFIT_QOQ_SQ":13.730103822058,"ROE_AVG_SQ":4.260264411276,"PE_TTM_SQ":5.161453656421,"PB_TTM_SQ":0.399699361326,"ROA_SQ":1.672278248641,"START_DATE":"2024-01-01 00:00:00","FISCAL_YEAR":"12-31","CURRENCY":"HKD","IS_CNY_CODE":0,"DPS_HKD_LY":0.0419,"ORG_TYPE":"一般企业","PREMIUM_INCOME":null,"PREMIUM_INCOME_YOY":null,"NET_INTEREST_INCOME":null,"NET_INTEREST_INCOME_YOY":null,"FEE_COMMISSION_INCOME":null,"FEE_COMMISSION_INCOME_YOY":null,"ACCOUNTS_RECE_TDAYS":1.654207179347,"INVENTORY_TDAYS":3.95987290029,"CURRENT_ASSETS_TDAYS":0.700733219503,"TOTAL_ASSETS_TDAYS":0.405078601504,"PREMIUM_EXPENSE":null,"LOAN_DEPOSIT":null,"LOAN_EQUITY":null,"LOAN_ASSETS":null,"DEPOSIT_EQUITY":null,"DEPOSIT_ASSETS":null,"EQUITY_MULTIPLIER":2.358454402455,"EQUITY_RATIO":1.358454402453},{"SECUCODE":"00838.HK","SECURITY_CODE":"00838","SECURITY_NAME_ABBR":"亿和控股","ORG_CODE":"10009124","STD_REPORT_DATE":"2023-12-31 00:00:00","REPORT_DATE":"2023-12-31 00:00:00","DATE_TYPE_CODE":"001","REPORT_TYPE":"2023年年报","PER_NETCASH_OPERATE":0.195281447899,"PER_OI":3.218326503472,"BPS":1.560432813206,"BASIC_EPS":0.12324592,"DILUTED_EPS":0.12324592,"OPERATE_INCOME":5602848332.76,"OPERATE_INCOME_YOY":-1.3625736172,"GROSS_PROFIT":1170441128.08,"GROSS_PROFIT_YOY":4.713231658021,"HOLDER_PROFIT":214860230.9,"HOLDER_PROFIT_YOY":15.0851628749,"GROSS_PROFIT_RATIO":20.890109076064,"EPS_TTM":0.123417650198,"OPERATE_INCOME_QOQ":-2.114816902115,"NET_PROFIT_RATIO":3.8348393199,"ROE_AVG":8.125092741442,"GROSS_PROFIT_QOQ":2.939879549552,"ROA":3.226451527259,"HOLDER_PROFIT_QOQ":2.65847183327,"ROE_YEARLY":8.125092741442,"ROIC_YEARLY":4.187107058603,"TOTAL_ASSETS":6742439013.38,"TOTAL_LIABILITIES":4025850632.3,"TAX_EBT":21.954310543468,"OCF_SALES":6.067794789878,"TOTAL_PARENT_EQUITY":2716588381.08,"DEBT_ASSET_RATIO":59.7091145253,"OPERATE_PROFIT":354142620.02,"PRETAX_PROFIT":275300573.8,"NETCASH_OPERATE":339969339.22,"NETCASH_INVEST":-383868448.46,"NETCASH_FINANCE":-50970343.9,"END_CASH":1459550682.24,"DIVI_RATIO":0.308811081225,"DIVIDEND_RATE":6.253731343284,"CURRENT_RATIO":1.420733007166,"COMMON_ACS":200000000000,"CURRENTDEBT_DEBT":68.424894737494,"ISSUED_COMMON_SHARES":1740919800,"HK_COMMON_SHARES":1740919800,"PER_SHARES":2000,"TOTAL_MARKET_CAP":1166416266,"HKSK_MARKET_CAP":1166416266,"PE_TTM":4.814252142114,"PB_TTM":0.37322788534,"REPORT_DATE_SQ":"2022-12-31 00:00:00","REPORT_TYPE_SQ":"2022年年报","OPERATE_INCOME_SQ":5599074422.55,"DPS_HKD":0.0419,"OPERATE_INCOME_QOQ_SQ":19.005207410378,"NET_PROFIT_RATIO_SQ":3.2867719145,"HOLDER_PROFIT_SQ":184028805.59,"HOLDER_PROFIT_QOQ_SQ":16.356345811638,"ROE_AVG_SQ":7.322647060653,"PE_TTM_SQ":6.239966360748,"PB_TTM_SQ":0.483218630857,"ROA_SQ":2.979189044893,"START_DATE":"2023-01-01 00:00:00","FISCAL_YEAR":"12-31","CURRENCY":"HKD","IS_CNY_CODE":0,"DPS_HKD_LY":0.0386,"ORG_TYPE":"一般企业","PREMIUM_INCOME":null,"PREMIUM_INCOME_YOY":null,"NET_INTEREST_INCOME":null,"NET_INTEREST_INCOME_YOY":null,"FEE_COMMISSION_INCOME":null,"FEE_COMMISSION_INCOME_YOY":null,"ACCOUNTS_RECE_TDAYS":3.531516659822,"INVENTORY_TDAYS":7.645888518491,"CURRENT_ASSETS_TDAYS":1.435235839842,"TOTAL_ASSETS_TDAYS":0.841352468277,"PREMIUM_EXPENSE":null,"LOAN_DEPOSIT":null,"LOAN_EQUITY":null,"LOAN_ASSETS":null,"DEPOSIT_EQUITY":null,"DEPOSIT_ASSETS":null,"EQUITY_MULTIPLIER":2.48195091326,"EQUITY_RATIO":1.481950913263},{"SECUCODE":"00838.HK","SECURITY_CODE":"00838","SECURITY_NAME_ABBR":"亿和控股","ORG_CODE":"10009124","STD_REPORT_DATE":"2023-06-30 00:00:00","REPORT_DATE":"2023-06-30 00:00:00","DATE_TYPE_CODE":"002","REPORT_TYPE":"2023年中报","PER_NETCASH_OPERATE":0.051697868931,"PER_OI":1.515780584976,"BPS":1.545478076199,"BASIC_EPS":0.0645386,"DILUTED_EPS":0.0645386,"OPERATE_INCOME":2638852432.84,"OPERATE_INCOME_YOY":-2.6387788543,"GROSS_PROFIT":502479100,"GROSS_PROFIT_YOY":3.984844466362,"HOLDER_PROFIT":113056875.52,"HOLDER_PROFIT_YOY":19.4525351907,"GROSS_PROFIT_RATIO":19.041576321084,"EPS_TTM":0.120221593011,"OPERATE_INCOME_QOQ":2.229366311819,"NET_PROFIT_RATIO":4.2843197336,"ROE_AVG":4.260264411276,"GROSS_PROFIT_QOQ":1.722706609168,"ROA":1.672278248641,"HOLDER_PROFIT_QOQ":13.730103822058,"ROE_YEARLY":8.520528822552,"ROIC_YEARLY":4.402065011626,"TOTAL_ASSETS":6830700885.4,"TOTAL_LIABILITIES":4140147502.08,"TAX_EBT":14.89290820505,"OCF_SALES":3.410643297819,"TOTAL_PARENT_EQUITY":2690553383.32,"DEBT_ASSET_RATIO":60.6108739285,"OPERATE_PROFIT":174259751.88,"PRETAX_PROFIT":132840722.36,"NETCASH_OPERATE":90001843.64,"NETCASH_INVEST":-162097913.7,"NETCASH_FINANCE":104835579.86,"END_CASH":1614114073.92,"DIVI_RATIO":0.317020736837,"DIVIDEND_RATE":6.253731343284,"CURRENT_RATIO":1.430882711042,"COMMON_ACS":200000000000,"CURRENTDEBT_DEBT":68.405895473462,"ISSUED_COMMON_SHARES":1740919800,"HK_COMMON_SHARES":1740919800,"PER_SHARES":2000,"TOTAL_MARKET_CAP":1166416266,"HKSK_MARKET_CAP":1166416266,"PE_TTM":4.814252142114,"PB_TTM":0.37322788534,"REPORT_DATE_SQ":"2022-06-30 00:00:00","REPORT_TYPE_SQ":"2022年中报","OPERATE_INCOME_SQ":2514028553.89,"DPS_HKD":0.0419,"OPERATE_INCOME_QOQ_SQ":12.639949160455,"NET_PROFIT_RATIO_SQ":3.4919861715,"HOLDER_PROFIT_SQ":87789529.45,"HOLDER_PROFIT_QOQ_SQ":24.649665609381,"ROE_AVG_SQ":3.657322866738,"PE_TTM_SQ":6.239966360748,"PB_TTM_SQ":0.483218630857,"ROA_SQ":1.544259534285,"START_DATE":"2023-01-01 00:00:00","FISCAL_YEAR":"12-31","CURRENCY":"HKD","IS_CNY_CODE":0,"DPS_HKD_LY":0.0386,"ORG_TYPE":"一般企业","PREMIUM_INCOME":null,"PREMIUM_INCOME_YOY":null,"NET_INTEREST_INCOME":null,"NET_INTEREST_INCOME_YOY":null,"FEE_COMMISSION_INCOME":null,"FEE_COMMISSION_INCOME_YOY":null,"ACCOUNTS_RECE_TDAYS":1.707385136667,"INVENTORY_TDAYS":3.432102111776,"CURRENT_ASSETS_TDAYS":0.658558772378,"TOTAL_ASSETS_TDAYS":0.390325268102,"PREMIUM_EXPENSE":null,"LOAN_DEPOSIT":null,"LOAN_EQUITY":null,"LOAN_ASSETS":null,"DEPOSIT_EQUITY":null,"DEPOSIT_ASSETS":null,"EQUITY_MULTIPLIER":2.538771736608,"EQUITY_RATIO":1.538771736605},{"SECUCODE":"00838.HK","SECURITY_CODE":"00838","SECURITY_NAME_ABBR":"亿和控股","ORG_CODE":"10009124","STD_REPORT_DATE":"2022-12-31 00:00:00","REPORT_DATE":"2022-12-31 00:00:00","DATE_TYPE_CODE":"001","REPORT_TYPE":"2022年年报","PER_NETCASH_OPERATE":0.191055190658,"PER_OI":3.216158735486,"BPS":1.45639169655,"BASIC_EPS":0.10540586,"DILUTED_EPS":0.10540586,"OPERATE_INCOME":5599074422.55,"OPERATE_INCOME_YOY":22.6920846222,"GROSS_PROFIT":1117758576.97,"GROSS_PROFIT_YOY":34.995151386975,"HOLDER_PROFIT":184028805.59,"HOLDER_PROFIT_YOY":32.751465945,"GROSS_PROFIT_RATIO":19.96327415239,"EPS_TTM":0.105707802042,"OPERATE_INCOME_QOQ":19.005207410378,"NET_PROFIT_RATIO":3.2867719145,"ROE_AVG":7.322647060653,"GROSS_PROFIT_QOQ":23.289529475374,"ROA":2.979189044893,"HOLDER_PROFIT_QOQ":16.356345811638,"ROE_YEARLY":7.322647060653,"ROIC_YEARLY":3.832564248289,"TOTAL_ASSETS":6482256724.44,"TOTAL_LIABILITIES":3946795583.36,"TAX_EBT":10.656964061911,"OCF_SALES":5.940477643419,"TOTAL_PARENT_EQUITY":2535461141.08,"DEBT_ASSET_RATIO":60.8861350474,"OPERATE_PROFIT":244019925.52,"PRETAX_PROFIT":205980022.57,"NETCASH_OPERATE":332611764.31,"NETCASH_INVEST":-308997278.59,"NETCASH_FINANCE":370277387.13,"END_CASH":1538355649.74,"DIVI_RATIO":0.360548013142,"DIVIDEND_RATE":6.253731343284,"CURRENT_RATIO":1.502666213438,"COMMON_ACS":200000000000,"CURRENTDEBT_DEBT":64.718149325724,"ISSUED_COMMON_SHARES":1740919800,"HK_COMMON_SHARES":1740919800,"PER_SHARES":2000,"TOTAL_MARKET_CAP":1166416266,"HKSK_MARKET_CAP":1166416266,"PE_TTM":4.814252142114,"PB_TTM":0.37322788534,"REPORT_DATE_SQ":"2021-12-31 00:00:00","REPORT_TYPE_SQ":"2021年年报","OPERATE_INCOME_SQ":4176936075.2,"DPS_HKD":0.0419,"OPERATE_INCOME_QOQ_SQ":9.728642110616,"NET_PROFIT_RATIO_SQ":3.0377133314,"HOLDER_PROFIT_SQ":126883344,"HOLDER_PROFIT_QOQ_SQ":22.428543020373,"ROE_AVG_SQ":5.749765706032,"PE_TTM_SQ":6.239966360748,"PB_TTM_SQ":0.483218630857,"ROA_SQ":2.448734019975,"START_DATE":"2022-01-01 00:00:00","FISCAL_YEAR":"12-31","CURRENCY":"HKD","IS_CNY_CODE":0,"DPS_HKD_LY":0.0326,"ORG_TYPE":"一般企业","PREMIUM_INCOME":null,"PREMIUM_INCOME_YOY":null,"NET_INTEREST_INCOME":null,"NET_INTEREST_INCOME_YOY":null,"FEE_COMMISSION_INCOME":null,"FEE_COMMISSION_INCOME_YOY":null,"ACCOUNTS_RECE_TDAYS":4.09261368589,"INVENTORY_TDAYS":7.560584470729,"CURRENT_ASSETS_TDAYS":1.579141888383,"TOTAL_ASSETS_TDAYS":0.906417945154,"PREMIUM_EXPENSE":null,"LOAN_DEPOSIT":null,"LOAN_EQUITY":null,"LOAN_ASSETS":null,"DEPOSIT_EQUITY":null,"DEPOSIT_ASSETS":null,"EQUITY_MULTIPLIER":2.556638167084,"EQUITY_RATIO":1.556638167083},{"SECUCODE":"00838.HK","SECURITY_CODE":"00838","SECURITY_NAME_ABBR":"亿和控股","ORG_CODE":"10009124","STD_REPORT_DATE":"2022-06-30 00:00:00","REPORT_DATE":"2022-06-30 00:00:00","DATE_TYPE_CODE":"002","REPORT_TYPE":"2022年中报","PER_NETCASH_OPERATE":0.01460074674,"PER_OI":1.441844462818,"BPS":1.387833450639,"BASIC_EPS":0.05045621,"DILUTED_EPS":0.04960102,"OPERATE_INCOME":2514028553.89,"OPERATE_INCOME_YOY":23.1626452897,"GROSS_PROFIT":483223399.12,"GROSS_PROFIT_YOY":19.429509171236,"HOLDER_PROFIT":87789529.45,"HOLDER_PROFIT_YOY":51.1454989841,"GROSS_PROFIT_RATIO":19.221078391186,"EPS_TTM":0.090707655425,"OPERATE_INCOME_QOQ":12.639949160455,"NET_PROFIT_RATIO":3.4919861715,"ROE_AVG":3.657322866738,"GROSS_PROFIT_QOQ":9.494416891208,"ROA":1.544259534285,"HOLDER_PROFIT_QOQ":24.649665609381,"ROE_YEARLY":7.314645733477,"ROIC_YEARLY":3.852263418189,"TOTAL_ASSETS":5748081762.71,"TOTAL_LIABILITIES":3331975029.39,"TAX_EBT":6.878753242983,"OCF_SALES":1.01264367386,"TOTAL_PARENT_EQUITY":2416106733.32,"DEBT_ASSET_RATIO":57.9667298925,"OPERATE_PROFIT":103638765.72,"PRETAX_PROFIT":94274435.22,"NETCASH_OPERATE":25458151.11,"NETCASH_INVEST":-133281361.5,"NETCASH_FINANCE":121477173.93,"END_CASH":1126862483.25,"DIVI_RATIO":0.420171129124,"DIVIDEND_RATE":6.253731343284,"CURRENT_RATIO":1.150905486024,"COMMON_ACS":200000000000,"CURRENTDEBT_DEBT":84.091627160032,"ISSUED_COMMON_SHARES":1740919800,"HK_COMMON_SHARES":1740919800,"PER_SHARES":2000,"TOTAL_MARKET_CAP":1166416266,"HKSK_MARKET_CAP":1166416266,"PE_TTM":4.814252142114,"PB_TTM":0.37322788534,"REPORT_DATE_SQ":"2021-06-30 00:00:00","REPORT_TYPE_SQ":"2021年中报","OPERATE_INCOME_SQ":1986065957.52,"DPS_HKD":0.0419,"OPERATE_INCOME_QOQ_SQ":12.832447935512,"NET_PROFIT_RATIO_SQ":2.8454850266,"HOLDER_PROFIT_SQ":56513209.44,"HOLDER_PROFIT_QOQ_SQ":901.112382514702,"ROE_AVG_SQ":2.551734061806,"PE_TTM_SQ":6.239966360748,"PB_TTM_SQ":0.483218630857,"ROA_SQ":1.073605303438,"START_DATE":"2022-01-01 00:00:00","FISCAL_YEAR":"12-31","CURRENCY":"HKD","IS_CNY_CODE":0,"DPS_HKD_LY":0.0326,"ORG_TYPE":"一般企业","PREMIUM_INCOME":null,"PREMIUM_INCOME_YOY":null,"NET_INTEREST_INCOME":null,"NET_INTEREST_INCOME_YOY":null,"FEE_COMMISSION_INCOME":null,"FEE_COMMISSION_INCOME_YOY":null,"ACCOUNTS_RECE_TDAYS":1.974435437777,"INVENTORY_TDAYS":3.598380739805,"CURRENT_ASSETS_TDAYS":0.79318195033,"TOTAL_ASSETS_TDAYS":0.442229567482,"PREMIUM_EXPENSE":null,"LOAN_DEPOSIT":null,"LOAN_EQUITY":null,"LOAN_ASSETS":null,"DEPOSIT_EQUITY":null,"DEPOSIT_ASSETS":null,"EQUITY_MULTIPLIER":2.379067813288,"EQUITY_RATIO":1.379067813288},{"SECUCODE":"00838.HK","SECURITY_CODE":"00838","SECURITY_NAME_ABBR":"亿和控股","ORG_CODE":"10009124","STD_REPORT_DATE":"2021-12-31 00:00:00","REPORT_DATE":"2021-12-31 00:00:00","DATE_TYPE_CODE":"001","REPORT_TYPE":"2021年年报","PER_NETCASH_OPERATE":0.121198444155,"PER_OI":2.388021721097,"BPS":1.309554501936,"BASIC_EPS":0.073584,"DILUTED_EPS":0.073584,"OPERATE_INCOME":4176936075.2,"OPERATE_INCOME_YOY":27.4499003233,"GROSS_PROFIT":827999054.4,"GROSS_PROFIT_YOY":33.251039199971,"HOLDER_PROFIT":126883344,"HOLDER_PROFIT_YOY":1109.6285212413,"GROSS_PROFIT_RATIO":19.823120093126,"EPS_TTM":0.072541254178,"OPERATE_INCOME_QOQ":9.728642110616,"NET_PROFIT_RATIO":3.0377133314,"ROE_AVG":5.749765706032,"GROSS_PROFIT_QOQ":9.645600501502,"ROA":2.448734019975,"HOLDER_PROFIT_QOQ":22.428543020373,"ROE_YEARLY":5.749765706032,"ROIC_YEARLY":3.129490298812,"TOTAL_ASSETS":5374604793.6,"TOTAL_LIABILITIES":3094775432,"TAX_EBT":13.837902661648,"OCF_SALES":5.075265567473,"TOTAL_PARENT_EQUITY":2279829361.6,"DEBT_ASSET_RATIO":57.5814511178,"OPERATE_PROFIT":159105777.6,"PRETAX_PROFIT":147261206.4,"NETCASH_OPERATE":211990598.4,"NETCASH_INVEST":-275732329.6,"NETCASH_FINANCE":-15070820.8,"END_CASH":1077745603.2,"DIVI_RATIO":0.525393976596,"DIVIDEND_RATE":6.253731343284,"CURRENT_RATIO":1.128867997462,"COMMON_ACS":200000000000,"CURRENTDEBT_DEBT":85.226547113161,"ISSUED_COMMON_SHARES":1740919800,"HK_COMMON_SHARES":1740919800,"PER_SHARES":2000,"TOTAL_MARKET_CAP":1166416266,"HKSK_MARKET_CAP":1166416266,"PE_TTM":4.814252142114,"PB_TTM":0.37322788534,"REPORT_DATE_SQ":"2020-12-31 00:00:00","REPORT_TYPE_SQ":"2020年年报","OPERATE_INCOME_SQ":3373679432.76,"DPS_HKD":0.0419,"OPERATE_INCOME_QOQ_SQ":0.959851445816,"NET_PROFIT_RATIO_SQ":-0.3834640694,"HOLDER_PROFIT_SQ":-12936848.44,"HOLDER_PROFIT_QOQ_SQ":70.939577827821,"ROE_AVG_SQ":-0.59063109457,"PE_TTM_SQ":6.239966360748,"PB_TTM_SQ":0.483218630857,"ROA_SQ":-0.254887147227,"START_DATE":"2021-01-01 00:00:00","FISCAL_YEAR":"12-31","CURRENCY":"HKD","IS_CNY_CODE":0,"DPS_HKD_LY":0.012,"ORG_TYPE":"一般企业","PREMIUM_INCOME":null,"PREMIUM_INCOME_YOY":null,"NET_INTEREST_INCOME":null,"NET_INTEREST_INCOME_YOY":null,"FEE_COMMISSION_INCOME":null,"FEE_COMMISSION_INCOME_YOY":null,"ACCOUNTS_RECE_TDAYS":4.239645444278,"INVENTORY_TDAYS":6.660998826699,"CURRENT_ASSETS_TDAYS":1.478184898361,"TOTAL_ASSETS_TDAYS":0.806110963359,"PREMIUM_EXPENSE":null,"LOAN_DEPOSIT":null,"LOAN_EQUITY":null,"LOAN_ASSETS":null,"DEPOSIT_EQUITY":null,"DEPOSIT_ASSETS":null,"EQUITY_MULTIPLIER":2.357459239771,"EQUITY_RATIO":1.357459239769},{"SECUCODE":"00838.HK","SECURITY_CODE":"00838","SECURITY_NAME_ABBR":"亿和控股","ORG_CODE":"10009124","STD_REPORT_DATE":"2021-06-30 00:00:00","REPORT_DATE":"2021-06-30 00:00:00","DATE_TYPE_CODE":"002","REPORT_TYPE":"2021年中报","PER_NETCASH_OPERATE":0.075580835547,"PER_OI":1.15564237764,"BPS":1.296971846262,"BASIC_EPS":0.0332832,"DILUTED_EPS":0.03245112,"OPERATE_INCOME":1986065957.52,"OPERATE_INCOME_YOY":40.3776347982,"GROSS_PROFIT":404609717.04,"GROSS_PROFIT_YOY":49.394467500668,"HOLDER_PROFIT":56513209.44,"HOLDER_PROFIT_YOY":203.2910545366,"GROSS_PROFIT_RATIO":20.372420941409,"EPS_TTM":0.060304778487,"OPERATE_INCOME_QOQ":12.832447935512,"NET_PROFIT_RATIO":2.8454850266,"ROE_AVG":2.551734061806,"GROSS_PROFIT_QOQ":21.528851673483,"ROA":1.073605303438,"HOLDER_PROFIT_QOQ":901.112382514702,"ROE_YEARLY":5.103468123612,"ROIC_YEARLY":2.815605471979,"TOTAL_ASSETS":5450820450.96,"TOTAL_LIABILITIES":3192896483.76,"TAX_EBT":8.028762170433,"OCF_SALES":6.540157838574,"TOTAL_PARENT_EQUITY":2257923967.2,"DEBT_ASSET_RATIO":58.5764384002,"OPERATE_PROFIT":68462710.32,"PRETAX_PROFIT":61446611.76,"NETCASH_OPERATE":129891848.4,"NETCASH_INVEST":-238432524,"NETCASH_FINANCE":98179615.44,"END_CASH":1166876540.88,"DIVI_RATIO":0.632001956669,"DIVIDEND_RATE":6.253731343284,"CURRENT_RATIO":1.298598372456,"COMMON_ACS":200000000000,"CURRENTDEBT_DEBT":72.88053127672,"ISSUED_COMMON_SHARES":1740919800,"HK_COMMON_SHARES":1740919800,"PER_SHARES":2000,"TOTAL_MARKET_CAP":1166416266,"HKSK_MARKET_CAP":1166416266,"PE_TTM":4.814252142114,"PB_TTM":0.37322788534,"REPORT_DATE_SQ":"2020-06-30 00:00:00","REPORT_TYPE_SQ":"2020年中报","OPERATE_INCOME_SQ":1553140300.8,"DPS_HKD":0.0419,"OPERATE_INCOME_QOQ_SQ":-0.444861452764,"NET_PROFIT_RATIO_SQ":-3.867154418,"HOLDER_PROFIT_SQ":-60062333.76,"HOLDER_PROFIT_QOQ_SQ":-195.974260835816,"ROE_AVG_SQ":-2.604082200032,"PE_TTM_SQ":6.239966360748,"PB_TTM_SQ":0.483218630857,"ROA_SQ":-1.133687505075,"START_DATE":"2021-01-01 00:00:00","FISCAL_YEAR":"12-31","CURRENCY":"HKD","IS_CNY_CODE":0,"DPS_HKD_LY":0.012,"ORG_TYPE":"一般企业","PREMIUM_INCOME":null,"PREMIUM_INCOME_YOY":null,"NET_INTEREST_INCOME":null,"NET_INTEREST_INCOME_YOY":null,"FEE_COMMISSION_INCOME":null,"FEE_COMMISSION_INCOME_YOY":null,"ACCOUNTS_RECE_TDAYS":2.18283803724,"INVENTORY_TDAYS":3.228243902688,"CURRENT_ASSETS_TDAYS":0.691627572738,"TOTAL_ASSETS_TDAYS":0.377301336466,"PREMIUM_EXPENSE":null,"LOAN_DEPOSIT":null,"LOAN_EQUITY":null,"LOAN_ASSETS":null,"DEPOSIT_EQUITY":null,"DEPOSIT_ASSETS":null,"EQUITY_MULTIPLIER":2.414085031271,"EQUITY_RATIO":1.414085031269},{"SECUCODE":"00838.HK","SECURITY_CODE":"00838","SECURITY_NAME_ABBR":"亿和控股","ORG_CODE":"10009124","STD_REPORT_DATE":"2020-12-31 00:00:00","REPORT_DATE":"2020-12-31 00:00:00","DATE_TYPE_CODE":"001","REPORT_TYPE":"2020年年报","PER_NETCASH_OPERATE":0.226916708356,"PER_OI":1.965347315671,"BPS":1.261644088878,"BASIC_EPS":-0.00757476,"DILUTED_EPS":-0.00757476,"OPERATE_INCOME":3373679432.76,"OPERATE_INCOME_YOY":6.9762520166,"GROSS_PROFIT":621382812,"GROSS_PROFIT_YOY":-9.322080209641,"HOLDER_PROFIT":-12936848.44,"HOLDER_PROFIT_YOY":-129.6846333597,"GROSS_PROFIT_RATIO":18.418549372714,"EPS_TTM":-0.007536400794,"OPERATE_INCOME_QOQ":0.959851445816,"NET_PROFIT_RATIO":-0.3834640694,"ROE_AVG":-0.59063109457,"GROSS_PROFIT_QOQ":5.390795825703,"ROA":-0.254887147227,"HOLDER_PROFIT_QOQ":70.939577827821,"ROE_YEARLY":-0.59063109457,"ROIC_YEARLY":-0.32938341807,"TOTAL_ASSETS":5135253835.4,"TOTAL_LIABILITIES":2938832660.52,"TAX_EBT":-16.854188839897,"OCF_SALES":11.5458833432,"TOTAL_PARENT_EQUITY":2196421174.88,"DEBT_ASSET_RATIO":57.228576322,"OPERATE_PROFIT":29167034.2,"PRETAX_PROFIT":-11070932.56,"NETCASH_OPERATE":381337825.96,"NETCASH_INVEST":-45735559.24,"NETCASH_FINANCE":-70564780.88,"END_CASH":1183088298.16,"DIVI_RATIO":-5.057153811641,"DIVIDEND_RATE":6.253731343284,"CURRENT_RATIO":1.179028546049,"COMMON_ACS":200000000000,"CURRENTDEBT_DEBT":79.440677038988,"ISSUED_COMMON_SHARES":1740919800,"HK_COMMON_SHARES":1740919800,"PER_SHARES":2000,"TOTAL_MARKET_CAP":1166416266,"HKSK_MARKET_CAP":1166416266,"PE_TTM":4.814252142114,"PB_TTM":0.37322788534,"REPORT_DATE_SQ":"2019-12-31 00:00:00","REPORT_TYPE_SQ":"2019年年报","OPERATE_INCOME_SQ":3356536927.9,"DPS_HKD":0.0419,"OPERATE_INCOME_QOQ_SQ":0.896662400809,"NET_PROFIT_RATIO_SQ":1.3819119282,"HOLDER_PROFIT_SQ":46384384.18,"HOLDER_PROFIT_QOQ_SQ":-27.988526246595,"ROE_AVG_SQ":1.993418918828,"PE_TTM_SQ":6.239966360748,"PB_TTM_SQ":0.483218630857,"ROA_SQ":0.887611949995,"START_DATE":"2020-01-01 00:00:00","FISCAL_YEAR":"12-31","CURRENCY":"HKD","IS_CNY_CODE":0,"DPS_HKD_LY":0.0267,"ORG_TYPE":"一般企业","PREMIUM_INCOME":null,"PREMIUM_INCOME_YOY":null,"NET_INTEREST_INCOME":null,"NET_INTEREST_INCOME_YOY":null,"FEE_COMMISSION_INCOME":null,"FEE_COMMISSION_INCOME_YOY":null,"ACCOUNTS_RECE_TDAYS":4.126981790028,"INVENTORY_TDAYS":5.691736939665,"CURRENT_ASSETS_TDAYS":1.252927695471,"TOTAL_ASSETS_TDAYS":0.66469629776,"PREMIUM_EXPENSE":null,"LOAN_DEPOSIT":null,"LOAN_EQUITY":null,"LOAN_ASSETS":null,"DEPOSIT_EQUITY":null,"DEPOSIT_ASSETS":null,"EQUITY_MULTIPLIER":2.338009619526,"EQUITY_RATIO":1.338009619526},{"SECUCODE":"00838.HK","SECURITY_CODE":"00838","SECURITY_NAME_ABBR":"亿和控股","ORG_CODE":"10009124","STD_REPORT_DATE":"2020-06-30 00:00:00","REPORT_DATE":"2020-06-30 00:00:00","DATE_TYPE_CODE":"002","REPORT_TYPE":"2020年中报","PER_NETCASH_OPERATE":0.020753495953,"PER_OI":0.904786652637,"BPS":1.288016029044,"BASIC_EPS":-0.03471072,"DILUTED_EPS":-0.03471072,"OPERATE_INCOME":1553140300.8,"OPERATE_INCOME_YOY":-4.6151412356,"GROSS_PROFIT":270833133.12,"GROSS_PROFIT_YOY":-26.10243014643,"HOLDER_PROFIT":-60062333.76,"HOLDER_PROFIT_YOY":-287.5577614239,"GROSS_PROFIT_RATIO":17.437776418557,"EPS_TTM":-0.025933555779,"OPERATE_INCOME_QOQ":-0.444861452764,"NET_PROFIT_RATIO":-3.867154418,"ROE_AVG":-2.604082200032,"GROSS_PROFIT_QOQ":-13.960304521921,"ROA":-1.133687505075,"HOLDER_PROFIT_QOQ":-195.974260835816,"ROE_YEARLY":-5.208164400065,"ROIC_YEARLY":-2.901246368009,"TOTAL_ASSETS":5152242791.52,"TOTAL_LIABILITIES":2909910183.84,"TAX_EBT":5.016828694007,"OCF_SALES":2.293744706879,"TOTAL_PARENT_EQUITY":2242332607.68,"DEBT_ASSET_RATIO":56.47851434,"OPERATE_PROFIT":-41851993.92,"PRETAX_PROFIT":-63234710.88,"NETCASH_OPERATE":37674832.8,"NETCASH_INVEST":374510.4,"NETCASH_FINANCE":-12637442.4,"END_CASH":999686091.36,"DIVI_RATIO":-1.469630247559,"DIVIDEND_RATE":6.253731343284,"CURRENT_RATIO":1.666973141281,"COMMON_ACS":200000000000,"CURRENTDEBT_DEBT":54.933936787373,"ISSUED_COMMON_SHARES":1740919800,"HK_COMMON_SHARES":1740919800,"PER_SHARES":2000,"TOTAL_MARKET_CAP":1166416266,"HKSK_MARKET_CAP":1166416266,"PE_TTM":4.814252142114,"PB_TTM":0.37322788534,"REPORT_DATE_SQ":"2019-06-30 00:00:00","REPORT_TYPE_SQ":"2019年中报","OPERATE_INCOME_SQ":1568072239.74,"DPS_HKD":0.0419,"OPERATE_INCOME_QOQ_SQ":3.547852156234,"NET_PROFIT_RATIO_SQ":1.9666900222,"HOLDER_PROFIT_SQ":30839120.28,"HOLDER_PROFIT_QOQ_SQ":-11.068486289239,"ROE_AVG_SQ":1.347017392731,"PE_TTM_SQ":6.239966360748,"PB_TTM_SQ":0.483218630857,"ROA_SQ":0.605352965432,"START_DATE":"2020-01-01 00:00:00","FISCAL_YEAR":"12-31","CURRENCY":"HKD","IS_CNY_CODE":0,"DPS_HKD_LY":0.0267,"ORG_TYPE":"一般企业","PREMIUM_INCOME":null,"PREMIUM_INCOME_YOY":null,"NET_INTEREST_INCOME":null,"NET_INTEREST_INCOME_YOY":null,"FEE_COMMISSION_INCOME":null,"FEE_COMMISSION_INCOME_YOY":null,"ACCOUNTS_RECE_TDAYS":1.96320945119,"INVENTORY_TDAYS":2.387986428938,"CURRENT_ASSETS_TDAYS":0.562530540487,"TOTAL_ASSETS_TDAYS":0.2931580647,"PREMIUM_EXPENSE":null,"LOAN_DEPOSIT":null,"LOAN_EQUITY":null,"LOAN_ASSETS":null,"DEPOSIT_EQUITY":null,"DEPOSIT_ASSETS":null,"EQUITY_MULTIPLIER":2.297715679589,"EQUITY_RATIO":1.297715679589}],"count":42},"success":true,"message":"ok","code":0}