{"version":"def55df770c904ad5bcd371dbb303720","result":{"pages":4,"data":[{"SECUCODE":"00844.HK","SECURITY_CODE":"00844","SECURITY_NAME_ABBR":"广泰国际控股","ORG_CODE":"10205960","STD_REPORT_DATE":"2024-06-30 00:00:00","REPORT_DATE":"2024-06-30 00:00:00","DATE_TYPE_CODE":"002","REPORT_TYPE":"2024年中报","PER_NETCASH_OPERATE":-0.050109709941,"PER_OI":0.486449147788,"BPS":0.517859000691,"BASIC_EPS":-0.028,"DILUTED_EPS":-0.028,"OPERATE_INCOME":240469000,"OPERATE_INCOME_YOY":-0.3100942305,"GROSS_PROFIT":52473000,"GROSS_PROFIT_YOY":15.941932917937,"HOLDER_PROFIT":-13822000,"HOLDER_PROFIT_YOY":-45.7248286769,"GROSS_PROFIT_RATIO":21.821107918276,"EPS_TTM":-0.011929149389,"OPERATE_INCOME_QOQ":-0.147064027903,"NET_PROFIT_RATIO":-6.7655290287,"ROE_AVG":-5.271819868681,"GROSS_PROFIT_QOQ":6.842170148603,"ROA":-2.253338354519,"HOLDER_PROFIT_QOQ":-278.012820512821,"ROE_YEARLY":-10.543639737363,"ROIC_YEARLY":-5.725256449819,"TOTAL_ASSETS":606867000,"TOTAL_LIABILITIES":339207000,"TAX_EBT":-42.174255003059,"OCF_SALES":-10.301119894872,"TOTAL_PARENT_EQUITY":255996000,"DEBT_ASSET_RATIO":55.8947841949,"OPERATE_PROFIT":-8652000,"PRETAX_PROFIT":-11443000,"NETCASH_OPERATE":-24771000,"NETCASH_INVEST":-5112000,"NETCASH_FINANCE":-5036000,"END_CASH":235341000,"DIVI_RATIO":null,"DIVIDEND_RATE":null,"CURRENT_RATIO":1.199620322308,"COMMON_ACS":1000000000,"CURRENTDEBT_DEBT":98.765945278252,"ISSUED_COMMON_SHARES":494335330,"HK_COMMON_SHARES":494335330,"PER_SHARES":4000,"TOTAL_MARKET_CAP":173017365.5,"HKSK_MARKET_CAP":173017365.5,"PE_TTM":-26.301610023077,"PB_TTM":0.616843580152,"REPORT_DATE_SQ":"2023-06-30 00:00:00","REPORT_TYPE_SQ":"2023年中报","OPERATE_INCOME_SQ":241217000,"DPS_HKD":null,"OPERATE_INCOME_QOQ_SQ":0.917611140959,"NET_PROFIT_RATIO_SQ":-4.744275901,"HOLDER_PROFIT_SQ":-9485000,"HOLDER_PROFIT_QOQ_SQ":-13813.4615384615,"ROE_AVG_SQ":-3.57587855962,"PE_TTM_SQ":-7.24327743522,"PB_TTM_SQ":0.626065910595,"ROA_SQ":-1.793638021722,"START_DATE":"2024-01-01 00:00:00","FISCAL_YEAR":"12-31","CURRENCY":"HKD","IS_CNY_CODE":0,"DPS_HKD_LY":null,"ORG_TYPE":"一般企业","PREMIUM_INCOME":null,"PREMIUM_INCOME_YOY":null,"NET_INTEREST_INCOME":null,"NET_INTEREST_INCOME_YOY":null,"FEE_COMMISSION_INCOME":null,"FEE_COMMISSION_INCOME_YOY":null,"ACCOUNTS_RECE_TDAYS":4.082908152437,"INVENTORY_TDAYS":2.638096039965,"CURRENT_ASSETS_TDAYS":0.59404984239,"TOTAL_ASSETS_TDAYS":0.39202577107,"PREMIUM_EXPENSE":null,"LOAN_DEPOSIT":null,"LOAN_EQUITY":null,"LOAN_ASSETS":null,"DEPOSIT_EQUITY":null,"DEPOSIT_ASSETS":null,"EQUITY_MULTIPLIER":2.267305536876,"EQUITY_RATIO":1.325048047626},{"SECUCODE":"00844.HK","SECURITY_CODE":"00844","SECURITY_NAME_ABBR":"广泰国际控股","ORG_CODE":"10205960","STD_REPORT_DATE":"2023-12-31 00:00:00","REPORT_DATE":"2023-12-31 00:00:00","DATE_TYPE_CODE":"001","REPORT_TYPE":"2023年年报","PER_NETCASH_OPERATE":0.082543159519,"PER_OI":1.028900766611,"BPS":0.542904752529,"BASIC_EPS":-0.0032,"DILUTED_EPS":-0.0032,"OPERATE_INCOME":508622000,"OPERATE_INCOME_YOY":8.4380143441,"GROSS_PROFIT":105449000,"GROSS_PROFIT_YOY":9.055464201131,"HOLDER_PROFIT":-1560000,"HOLDER_PROFIT_YOY":-900,"GROSS_PROFIT_RATIO":20.732292350705,"EPS_TTM":-0.003155752594,"OPERATE_INCOME_QOQ":7.452022613384,"NET_PROFIT_RATIO":-1.900035783,"ROE_AVG":-0.58122097388,"GROSS_PROFIT_QOQ":25.524063470901,"ROA":-0.277079159384,"HOLDER_PROFIT_QOQ":92.812715964064,"ROE_YEARLY":-0.58122097388,"ROIC_YEARLY":-0.352953154519,"TOTAL_ASSETS":619935000,"TOTAL_LIABILITIES":337447000,"TAX_EBT":-318.173950670705,"OCF_SALES":8.022460687898,"TOTAL_PARENT_EQUITY":268377000,"DEBT_ASSET_RATIO":54.4326421318,"OPERATE_PROFIT":3468000,"PRETAX_PROFIT":-2311000,"NETCASH_OPERATE":40804000,"NETCASH_INVEST":-42256000,"NETCASH_FINANCE":43770000,"END_CASH":270118000,"DIVI_RATIO":null,"DIVIDEND_RATE":null,"CURRENT_RATIO":1.23081892778,"COMMON_ACS":1000000000,"CURRENTDEBT_DEBT":98.160007349302,"ISSUED_COMMON_SHARES":494335330,"HK_COMMON_SHARES":494335330,"PER_SHARES":4000,"TOTAL_MARKET_CAP":126055509.15,"HKSK_MARKET_CAP":126055509.15,"PE_TTM":-19.162601588242,"PB_TTM":0.449414608396,"REPORT_DATE_SQ":"2022-12-31 00:00:00","REPORT_TYPE_SQ":"2022年年报","OPERATE_INCOME_SQ":469044000,"DPS_HKD":null,"OPERATE_INCOME_QOQ_SQ":-1.767187035323,"NET_PROFIT_RATIO_SQ":-0.0332591399,"HOLDER_PROFIT_SQ":-156000,"HOLDER_PROFIT_QOQ_SQ":86.813186813187,"ROE_AVG_SQ":-0.057765155022,"PE_TTM_SQ":-10.060107548917,"PB_TTM_SQ":0.869535986938,"ROA_SQ":-0.031710120712,"START_DATE":"2023-01-01 00:00:00","FISCAL_YEAR":"12-31","CURRENCY":"HKD","IS_CNY_CODE":0,"DPS_HKD_LY":null,"ORG_TYPE":"一般企业","PREMIUM_INCOME":null,"PREMIUM_INCOME_YOY":null,"NET_INTEREST_INCOME":null,"NET_INTEREST_INCOME_YOY":null,"FEE_COMMISSION_INCOME":null,"FEE_COMMISSION_INCOME_YOY":null,"ACCOUNTS_RECE_TDAYS":12.233548200885,"INVENTORY_TDAYS":5.864249247284,"CURRENT_ASSETS_TDAYS":1.356996594315,"TOTAL_ASSETS_TDAYS":0.903388180798,"PREMIUM_EXPENSE":null,"LOAN_DEPOSIT":null,"LOAN_EQUITY":null,"LOAN_ASSETS":null,"DEPOSIT_EQUITY":null,"DEPOSIT_ASSETS":null,"EQUITY_MULTIPLIER":2.194553396957,"EQUITY_RATIO":1.257361845464},{"SECUCODE":"00844.HK","SECURITY_CODE":"00844","SECURITY_NAME_ABBR":"广泰国际控股","ORG_CODE":"10205960","STD_REPORT_DATE":"2023-06-30 00:00:00","REPORT_DATE":"2023-06-30 00:00:00","DATE_TYPE_CODE":"002","REPORT_TYPE":"2023年中报","PER_NETCASH_OPERATE":-0.191954720291,"PER_OI":0.487962290699,"BPS":0.530156321216,"BASIC_EPS":-0.019,"DILUTED_EPS":-0.019,"OPERATE_INCOME":241217000,"OPERATE_INCOME_YOY":1.8167006454,"GROSS_PROFIT":45258000,"GROSS_PROFIT_YOY":-21.893552395416,"HOLDER_PROFIT":-9485000,"HOLDER_PROFIT_YOY":-178.6223474801,"GROSS_PROFIT_RATIO":18.762359203539,"EPS_TTM":-0.043907442343,"OPERATE_INCOME_QOQ":0.917611140959,"NET_PROFIT_RATIO":-4.744275901,"ROE_AVG":-3.57587855962,"GROSS_PROFIT_QOQ":-13.119874241155,"ROA":-1.793638021722,"HOLDER_PROFIT_QOQ":-13813.4615384615,"ROE_YEARLY":-7.151757119241,"ROIC_YEARLY":-5.357833819596,"TOTAL_ASSETS":551530000,"TOTAL_LIABILITIES":269199000,"TAX_EBT":-29.80943738657,"OCF_SALES":-39.338023439476,"TOTAL_PARENT_EQUITY":262075000,"DEBT_ASSET_RATIO":48.8094935906,"OPERATE_PROFIT":-6063000,"PRETAX_PROFIT":-8816000,"NETCASH_OPERATE":-94890000,"NETCASH_INVEST":-28162000,"NETCASH_FINANCE":-3634000,"END_CASH":101298000,"DIVI_RATIO":null,"DIVIDEND_RATE":null,"CURRENT_RATIO":1.381025363064,"COMMON_ACS":1000000000,"CURRENTDEBT_DEBT":99.37444046969,"ISSUED_COMMON_SHARES":494335330,"HK_COMMON_SHARES":494335330,"PER_SHARES":4000,"TOTAL_MARKET_CAP":126055509.15,"HKSK_MARKET_CAP":126055509.15,"PE_TTM":-19.162601588242,"PB_TTM":0.449414608396,"REPORT_DATE_SQ":"2022-06-30 00:00:00","REPORT_TYPE_SQ":"2022年中报","OPERATE_INCOME_SQ":236913000,"DPS_HKD":null,"OPERATE_INCOME_QOQ_SQ":10.787514298509,"NET_PROFIT_RATIO_SQ":5.0921646343,"HOLDER_PROFIT_SQ":12064000,"HOLDER_PROFIT_QOQ_SQ":91.7011574886,"ROE_AVG_SQ":4.308232924556,"PE_TTM_SQ":-10.060107548917,"PB_TTM_SQ":0.869535986938,"ROA_SQ":2.480507944863,"START_DATE":"2023-01-01 00:00:00","FISCAL_YEAR":"12-31","CURRENCY":"HKD","IS_CNY_CODE":0,"DPS_HKD_LY":null,"ORG_TYPE":"一般企业","PREMIUM_INCOME":null,"PREMIUM_INCOME_YOY":null,"NET_INTEREST_INCOME":null,"NET_INTEREST_INCOME_YOY":null,"FEE_COMMISSION_INCOME":null,"FEE_COMMISSION_INCOME_YOY":null,"ACCOUNTS_RECE_TDAYS":4.927622977611,"INVENTORY_TDAYS":2.756840787271,"CURRENT_ASSETS_TDAYS":0.678166380837,"TOTAL_ASSETS_TDAYS":0.456147583222,"PREMIUM_EXPENSE":null,"LOAN_DEPOSIT":null,"LOAN_EQUITY":null,"LOAN_ASSETS":null,"DEPOSIT_EQUITY":null,"DEPOSIT_ASSETS":null,"EQUITY_MULTIPLIER":1.953487218904,"EQUITY_RATIO":1.027183058285},{"SECUCODE":"00844.HK","SECURITY_CODE":"00844","SECURITY_NAME_ABBR":"广泰国际控股","ORG_CODE":"10205960","STD_REPORT_DATE":"2022-12-31 00:00:00","REPORT_DATE":"2022-12-31 00:00:00","DATE_TYPE_CODE":"001","REPORT_TYPE":"2022年年报","PER_NETCASH_OPERATE":0.159080274517,"PER_OI":0.948837704964,"BPS":0.542999829691,"BASIC_EPS":-0.0003,"DILUTED_EPS":-0.0003,"OPERATE_INCOME":469044000,"OPERATE_INCOME_YOY":8.8296917091,"GROSS_PROFIT":96693000,"GROSS_PROFIT_YOY":24.805421103582,"HOLDER_PROFIT":-156000,"HOLDER_PROFIT_YOY":98.9056471414,"GROSS_PROFIT_RATIO":20.614910328242,"EPS_TTM":-0.000315575259,"OPERATE_INCOME_QOQ":-1.767187035323,"NET_PROFIT_RATIO":-0.0332591399,"ROE_AVG":-0.057765155022,"GROSS_PROFIT_QOQ":4.147907197174,"ROA":-0.031710120712,"HOLDER_PROFIT_QOQ":86.813186813187,"ROE_YEARLY":-0.057765155022,"ROIC_YEARLY":-0.052476309974,"TOTAL_ASSETS":506097000,"TOTAL_LIABILITIES":237673000,"TAX_EBT":102.49081909628,"OCF_SALES":16.765804487426,"TOTAL_PARENT_EQUITY":268424000,"DEBT_ASSET_RATIO":46.9619460301,"OPERATE_PROFIT":11538000,"PRETAX_PROFIT":6263000,"NETCASH_OPERATE":78639000,"NETCASH_INVEST":-2623000,"NETCASH_FINANCE":-6249000,"END_CASH":227951000,"DIVI_RATIO":null,"DIVIDEND_RATE":null,"CURRENT_RATIO":1.457461318784,"COMMON_ACS":1000000000,"CURRENTDEBT_DEBT":98.711254538799,"ISSUED_COMMON_SHARES":494335330,"HK_COMMON_SHARES":494335330,"PER_SHARES":4000,"TOTAL_MARKET_CAP":126055509.15,"HKSK_MARKET_CAP":126055509.15,"PE_TTM":-19.162601588242,"PB_TTM":0.449414608396,"REPORT_DATE_SQ":"2021-12-31 00:00:00","REPORT_TYPE_SQ":"2021年年报","OPERATE_INCOME_SQ":430989000,"DPS_HKD":null,"OPERATE_INCOME_QOQ_SQ":3.787247569005,"NET_PROFIT_RATIO_SQ":-3.3075090084,"HOLDER_PROFIT_SQ":-14255000,"HOLDER_PROFIT_QOQ_SQ":-248.45865444699,"ROE_AVG_SQ":-5.002447707665,"PE_TTM_SQ":-10.060107548917,"PB_TTM_SQ":0.869535986938,"ROA_SQ":-2.986034449893,"START_DATE":"2022-01-01 00:00:00","FISCAL_YEAR":"12-31","CURRENCY":"HKD","IS_CNY_CODE":0,"DPS_HKD_LY":null,"ORG_TYPE":"一般企业","PREMIUM_INCOME":null,"PREMIUM_INCOME_YOY":null,"NET_INTEREST_INCOME":null,"NET_INTEREST_INCOME_YOY":null,"FEE_COMMISSION_INCOME":null,"FEE_COMMISSION_INCOME_YOY":null,"ACCOUNTS_RECE_TDAYS":13.284731073158,"INVENTORY_TDAYS":4.745138269402,"CURRENT_ASSETS_TDAYS":1.4787034658,"TOTAL_ASSETS_TDAYS":0.953425760204,"PREMIUM_EXPENSE":null,"LOAN_DEPOSIT":null,"LOAN_EQUITY":null,"LOAN_ASSETS":null,"DEPOSIT_EQUITY":null,"DEPOSIT_ASSETS":null,"EQUITY_MULTIPLIER":1.885438708908,"EQUITY_RATIO":0.885438708908},{"SECUCODE":"00844.HK","SECURITY_CODE":"00844","SECURITY_NAME_ABBR":"广泰国际控股","ORG_CODE":"10205960","STD_REPORT_DATE":"2022-06-30 00:00:00","REPORT_DATE":"2022-06-30 00:00:00","DATE_TYPE_CODE":"002","REPORT_TYPE":"2022年中报","PER_NETCASH_OPERATE":-0.093151343239,"PER_OI":0.479255650208,"BPS":0.583308500325,"BASIC_EPS":0.024,"DILUTED_EPS":0.024,"OPERATE_INCOME":236913000,"OPERATE_INCOME_YOY":24.4160277282,"GROSS_PROFIT":57944000,"GROSS_PROFIT_YOY":36.092256382554,"HOLDER_PROFIT":12064000,"HOLDER_PROFIT_YOY":1296.8253968254,"GROSS_PROFIT_RATIO":24.457923372715,"EPS_TTM":-0.002393112384,"OPERATE_INCOME_QOQ":10.787514298509,"NET_PROFIT_RATIO":5.0921646343,"ROE_AVG":4.308232924556,"GROSS_PROFIT_QOQ":19.83478541465,"ROA":2.480507944863,"HOLDER_PROFIT_QOQ":91.7011574886,"ROE_YEARLY":8.616465849112,"ROIC_YEARLY":6.929808689259,"TOTAL_ASSETS":494888000,"TOTAL_LIABILITIES":206538000,"TAX_EBT":19.358288770054,"OCF_SALES":-19.436670845416,"TOTAL_PARENT_EQUITY":288350000,"DEBT_ASSET_RATIO":41.7342913952,"OPERATE_PROFIT":17612000,"PRETAX_PROFIT":14960000,"NETCASH_OPERATE":-46048000,"NETCASH_INVEST":-1289000,"NETCASH_FINANCE":-3210000,"END_CASH":114942000,"DIVI_RATIO":null,"DIVIDEND_RATE":null,"CURRENT_RATIO":1.556976755462,"COMMON_ACS":1000000000,"CURRENTDEBT_DEBT":99.856684968384,"ISSUED_COMMON_SHARES":494335330,"HK_COMMON_SHARES":494335330,"PER_SHARES":4000,"TOTAL_MARKET_CAP":126055509.15,"HKSK_MARKET_CAP":126055509.15,"PE_TTM":-19.162601588242,"PB_TTM":0.449414608396,"REPORT_DATE_SQ":"2021-06-30 00:00:00","REPORT_TYPE_SQ":"2021年中报","OPERATE_INCOME_SQ":190420000,"DPS_HKD":null,"OPERATE_INCOME_QOQ_SQ":-0.693036158408,"NET_PROFIT_RATIO_SQ":-0.5293561601,"HOLDER_PROFIT_SQ":-1008000,"HOLDER_PROFIT_QOQ_SQ":7.621609504595,"ROE_AVG_SQ":-0.344089545208,"PE_TTM_SQ":-10.060107548917,"PB_TTM_SQ":0.869535986938,"ROA_SQ":-0.210063675552,"START_DATE":"2022-01-01 00:00:00","FISCAL_YEAR":"12-31","CURRENCY":"HKD","IS_CNY_CODE":0,"DPS_HKD_LY":null,"ORG_TYPE":"一般企业","PREMIUM_INCOME":null,"PREMIUM_INCOME_YOY":null,"NET_INTEREST_INCOME":null,"NET_INTEREST_INCOME_YOY":null,"FEE_COMMISSION_INCOME":null,"FEE_COMMISSION_INCOME_YOY":null,"ACCOUNTS_RECE_TDAYS":3.813949370145,"INVENTORY_TDAYS":1.805287685604,"CURRENT_ASSETS_TDAYS":0.772234336955,"TOTAL_ASSETS_TDAYS":0.487122495641,"PREMIUM_EXPENSE":null,"LOAN_DEPOSIT":null,"LOAN_EQUITY":null,"LOAN_ASSETS":null,"DEPOSIT_EQUITY":null,"DEPOSIT_ASSETS":null,"EQUITY_MULTIPLIER":1.716275359805,"EQUITY_RATIO":0.716275359806},{"SECUCODE":"00844.HK","SECURITY_CODE":"00844","SECURITY_NAME_ABBR":"广泰国际控股","ORG_CODE":"10205960","STD_REPORT_DATE":"2021-12-31 00:00:00","REPORT_DATE":"2021-12-31 00:00:00","DATE_TYPE_CODE":"001","REPORT_TYPE":"2021年年报","PER_NETCASH_OPERATE":0.083061026611,"PER_OI":0.871855547933,"BPS":0.549614772628,"BASIC_EPS":-0.0288,"DILUTED_EPS":-0.0288,"OPERATE_INCOME":430989000,"OPERATE_INCOME_YOY":3.0679644155,"GROSS_PROFIT":77475000,"GROSS_PROFIT_YOY":-21.088816459564,"HOLDER_PROFIT":-14255000,"HOLDER_PROFIT_YOY":-259.7735933647,"GROSS_PROFIT_RATIO":17.976096837738,"EPS_TTM":-0.028836700788,"OPERATE_INCOME_QOQ":3.787247569005,"NET_PROFIT_RATIO":-3.3075090084,"ROE_AVG":-5.002447707665,"GROSS_PROFIT_QOQ":-16.584121105106,"ROA":-2.986034449893,"HOLDER_PROFIT_QOQ":-248.45865444699,"ROE_YEARLY":-5.002447707665,"ROIC_YEARLY":-4.367534709722,"TOTAL_ASSETS":477816000,"TOTAL_LIABILITIES":206122000,"TAX_EBT":-20.295358649789,"OCF_SALES":9.526925281156,"TOTAL_PARENT_EQUITY":271694000,"DEBT_ASSET_RATIO":43.1383628845,"OPERATE_PROFIT":-5966000,"PRETAX_PROFIT":-11850000,"NETCASH_OPERATE":41060000,"NETCASH_INVEST":-10395000,"NETCASH_FINANCE":-5794000,"END_CASH":161408000,"DIVI_RATIO":null,"DIVIDEND_RATE":null,"CURRENT_RATIO":1.423494195809,"COMMON_ACS":1000000000,"CURRENTDEBT_DEBT":99.676405235734,"ISSUED_COMMON_SHARES":494335330,"HK_COMMON_SHARES":494335330,"PER_SHARES":4000,"TOTAL_MARKET_CAP":126055509.15,"HKSK_MARKET_CAP":126055509.15,"PE_TTM":-19.162601588242,"PB_TTM":0.449414608396,"REPORT_DATE_SQ":"2020-12-31 00:00:00","REPORT_TYPE_SQ":"2020年年报","OPERATE_INCOME_SQ":418160000,"DPS_HKD":null,"OPERATE_INCOME_QOQ_SQ":10.740938872146,"NET_PROFIT_RATIO_SQ":2.1336330591,"HOLDER_PROFIT_SQ":8922000,"HOLDER_PROFIT_QOQ_SQ":160.669114647083,"ROE_AVG_SQ":3.033197912594,"PE_TTM_SQ":-10.060107548917,"PB_TTM_SQ":0.869535986938,"ROA_SQ":1.907031671645,"START_DATE":"2021-01-01 00:00:00","FISCAL_YEAR":"12-31","CURRENCY":"HKD","IS_CNY_CODE":0,"DPS_HKD_LY":null,"ORG_TYPE":"一般企业","PREMIUM_INCOME":null,"PREMIUM_INCOME_YOY":null,"NET_INTEREST_INCOME":null,"NET_INTEREST_INCOME_YOY":null,"FEE_COMMISSION_INCOME":null,"FEE_COMMISSION_INCOME_YOY":null,"ACCOUNTS_RECE_TDAYS":9.442815827527,"INVENTORY_TDAYS":4.799397214152,"CURRENT_ASSETS_TDAYS":1.547006322787,"TOTAL_ASSETS_TDAYS":0.902804631024,"PREMIUM_EXPENSE":null,"LOAN_DEPOSIT":null,"LOAN_EQUITY":null,"LOAN_ASSETS":null,"DEPOSIT_EQUITY":null,"DEPOSIT_ASSETS":null,"EQUITY_MULTIPLIER":1.758654957417,"EQUITY_RATIO":0.758654957415},{"SECUCODE":"00844.HK","SECURITY_CODE":"00844","SECURITY_NAME_ABBR":"广泰国际控股","ORG_CODE":"10205960","STD_REPORT_DATE":"2021-06-30 00:00:00","REPORT_DATE":"2021-06-30 00:00:00","DATE_TYPE_CODE":"002","REPORT_TYPE":"2021年中报","PER_NETCASH_OPERATE":-0.038552777525,"PER_OI":0.385204108312,"BPS":0.581926847106,"BASIC_EPS":-0.002,"DILUTED_EPS":-0.002,"OPERATE_INCOME":190420000,"OPERATE_INCOME_YOY":-1.4990844101,"GROSS_PROFIT":42577000,"GROSS_PROFIT_YOY":-11.073748407444,"HOLDER_PROFIT":-1008000,"HOLDER_PROFIT_YOY":40.2843601896,"GROSS_PROFIT_RATIO":22.359521058712,"EPS_TTM":0.0194240618,"OPERATE_INCOME_QOQ":-0.693036158408,"NET_PROFIT_RATIO":-0.5293561601,"ROE_AVG":-0.344089545208,"GROSS_PROFIT_QOQ":-5.400285190466,"ROA":-0.210063675552,"HOLDER_PROFIT_QOQ":7.621609504595,"ROE_YEARLY":-0.688179090416,"ROIC_YEARLY":-0.572388230267,"TOTAL_ASSETS":482747000,"TOTAL_LIABILITIES":195080000,"TAX_EBT":160.943168077388,"OCF_SALES":-10.008402478731,"TOTAL_PARENT_EQUITY":287667000,"DEBT_ASSET_RATIO":40.4104013075,"OPERATE_PROFIT":4204000,"PRETAX_PROFIT":1654000,"NETCASH_OPERATE":-19058000,"NETCASH_INVEST":-3004000,"NETCASH_FINANCE":-363000,"END_CASH":114693000,"DIVI_RATIO":null,"DIVIDEND_RATE":null,"CURRENT_RATIO":1.481264352987,"COMMON_ACS":1000000000,"CURRENTDEBT_DEBT":99.33104367439,"ISSUED_COMMON_SHARES":494335330,"HK_COMMON_SHARES":494335330,"PER_SHARES":4000,"TOTAL_MARKET_CAP":126055509.15,"HKSK_MARKET_CAP":126055509.15,"PE_TTM":-19.162601588242,"PB_TTM":0.449414608396,"REPORT_DATE_SQ":"2020-06-30 00:00:00","REPORT_TYPE_SQ":"2020年中报","OPERATE_INCOME_SQ":193318000,"DPS_HKD":null,"OPERATE_INCOME_QOQ_SQ":-7.950670011238,"NET_PROFIT_RATIO_SQ":-0.8731726999,"HOLDER_PROFIT_SQ":-1688000,"HOLDER_PROFIT_QOQ_SQ":-118.028169014085,"ROE_AVG_SQ":-0.583107500082,"PE_TTM_SQ":-10.060107548917,"PB_TTM_SQ":0.869535986938,"ROA_SQ":-0.356587575204,"START_DATE":"2021-01-01 00:00:00","FISCAL_YEAR":"12-31","CURRENCY":"HKD","IS_CNY_CODE":0,"DPS_HKD_LY":null,"ORG_TYPE":"一般企业","PREMIUM_INCOME":null,"PREMIUM_INCOME_YOY":null,"NET_INTEREST_INCOME":null,"NET_INTEREST_INCOME_YOY":null,"FEE_COMMISSION_INCOME":null,"FEE_COMMISSION_INCOME_YOY":null,"ACCOUNTS_RECE_TDAYS":2.78202683848,"INVENTORY_TDAYS":2.109210488772,"CURRENT_ASSETS_TDAYS":0.690228886162,"TOTAL_ASSETS_TDAYS":0.396828622009,"PREMIUM_EXPENSE":null,"LOAN_DEPOSIT":null,"LOAN_EQUITY":null,"LOAN_ASSETS":null,"DEPOSIT_EQUITY":null,"DEPOSIT_ASSETS":null,"EQUITY_MULTIPLIER":1.678145216517,"EQUITY_RATIO":0.678145216518},{"SECUCODE":"00844.HK","SECURITY_CODE":"00844","SECURITY_NAME_ABBR":"广泰国际控股","ORG_CODE":"10205960","STD_REPORT_DATE":"2020-12-31 00:00:00","REPORT_DATE":"2020-12-31 00:00:00","DATE_TYPE_CODE":"001","REPORT_TYPE":"2020年年报","PER_NETCASH_OPERATE":0.062048973922,"PER_OI":0.845903528684,"BPS":0.603288864666,"BASIC_EPS":0.02,"DILUTED_EPS":0.02,"OPERATE_INCOME":418160000,"OPERATE_INCOME_YOY":1.9362922551,"GROSS_PROFIT":98180000,"GROSS_PROFIT_YOY":-1.805270790619,"HOLDER_PROFIT":8922000,"HOLDER_PROFIT_YOY":232.2757598221,"GROSS_PROFIT_RATIO":23.479051080926,"EPS_TTM":0.018048477336,"OPERATE_INCOME_QOQ":10.740938872146,"NET_PROFIT_RATIO":2.1336330591,"ROE_AVG":3.033197912594,"GROSS_PROFIT_QOQ":5.104269258768,"ROA":1.907031671645,"HOLDER_PROFIT_QOQ":160.669114647083,"ROE_YEARLY":3.033197912594,"ROIC_YEARLY":2.544268765123,"TOTAL_ASSETS":476962000,"TOTAL_LIABILITIES":178735000,"TAX_EBT":45.129151291513,"OCF_SALES":7.335230533767,"TOTAL_PARENT_EQUITY":298227000,"DEBT_ASSET_RATIO":37.4736352162,"OPERATE_PROFIT":21462000,"PRETAX_PROFIT":16260000,"NETCASH_OPERATE":30673000,"NETCASH_INVEST":17340000,"NETCASH_FINANCE":785000,"END_CASH":140599000,"DIVI_RATIO":null,"DIVIDEND_RATE":null,"CURRENT_RATIO":1.500201177597,"COMMON_ACS":1000000000,"CURRENTDEBT_DEBT":98.72772540353,"ISSUED_COMMON_SHARES":494335330,"HK_COMMON_SHARES":494335330,"PER_SHARES":4000,"TOTAL_MARKET_CAP":126055509.15,"HKSK_MARKET_CAP":126055509.15,"PE_TTM":-19.162601588242,"PB_TTM":0.449414608396,"REPORT_DATE_SQ":"2019-12-31 00:00:00","REPORT_TYPE_SQ":"2019年年报","OPERATE_INCOME_SQ":410217000,"DPS_HKD":null,"OPERATE_INCOME_QOQ_SQ":-3.668296394404,"NET_PROFIT_RATIO_SQ":-1.6442517009,"HOLDER_PROFIT_SQ":-6745000,"HOLDER_PROFIT_QOQ_SQ":-254.277218664227,"ROE_AVG_SQ":-2.301352663103,"PE_TTM_SQ":-10.060107548917,"PB_TTM_SQ":0.869535986938,"ROA_SQ":-1.421590685156,"START_DATE":"2020-01-01 00:00:00","FISCAL_YEAR":"12-31","CURRENCY":"HKD","IS_CNY_CODE":0,"DPS_HKD_LY":null,"ORG_TYPE":"一般企业","PREMIUM_INCOME":null,"PREMIUM_INCOME_YOY":null,"NET_INTEREST_INCOME":null,"NET_INTEREST_INCOME_YOY":null,"FEE_COMMISSION_INCOME":null,"FEE_COMMISSION_INCOME_YOY":null,"ACCOUNTS_RECE_TDAYS":8.667696166323,"INVENTORY_TDAYS":5.297682119205,"CURRENT_ASSETS_TDAYS":1.759629020245,"TOTAL_ASSETS_TDAYS":0.893795520976,"PREMIUM_EXPENSE":null,"LOAN_DEPOSIT":null,"LOAN_EQUITY":null,"LOAN_ASSETS":null,"DEPOSIT_EQUITY":null,"DEPOSIT_ASSETS":null,"EQUITY_MULTIPLIER":1.599325346128,"EQUITY_RATIO":0.599325346129},{"SECUCODE":"00844.HK","SECURITY_CODE":"00844","SECURITY_NAME_ABBR":"广泰国际控股","ORG_CODE":"10205960","STD_REPORT_DATE":"2020-06-30 00:00:00","REPORT_DATE":"2020-06-30 00:00:00","DATE_TYPE_CODE":"002","REPORT_TYPE":"2020年中报","PER_NETCASH_OPERATE":0.000954817452,"PER_OI":0.391066525631,"BPS":0.58442919708,"BASIC_EPS":-0.003,"DILUTED_EPS":-0.003,"OPERATE_INCOME":193318000,"OPERATE_INCOME_YOY":-14.4356955381,"GROSS_PROFIT":47879000,"GROSS_PROFIT_YOY":-12.071181958422,"HOLDER_PROFIT":-1688000,"HOLDER_PROFIT_YOY":-126.9089749721,"GROSS_PROFIT_RATIO":24.766964276477,"EPS_TTM":-0.029749036954,"OPERATE_INCOME_QOQ":-7.950670011238,"NET_PROFIT_RATIO":-0.8731726999,"ROE_AVG":-0.583107500082,"GROSS_PROFIT_QOQ":-6.573986097915,"ROA":-0.356587575204,"HOLDER_PROFIT_QOQ":-118.028169014085,"ROE_YEARLY":-1.166215000164,"ROIC_YEARLY":-0.902778799138,"TOTAL_ASSETS":488019000,"TOTAL_LIABILITIES":199115000,"TAX_EBT":142.842639593909,"OCF_SALES":0.244157295234,"TOTAL_PARENT_EQUITY":288904000,"DEBT_ASSET_RATIO":40.8006655479,"OPERATE_PROFIT":6490000,"PRETAX_PROFIT":3940000,"NETCASH_OPERATE":472000,"NETCASH_INVEST":3985000,"NETCASH_FINANCE":5997000,"END_CASH":105084000,"DIVI_RATIO":null,"DIVIDEND_RATE":null,"CURRENT_RATIO":1.357660568374,"COMMON_ACS":1000000000,"CURRENTDEBT_DEBT":99.017653115034,"ISSUED_COMMON_SHARES":494335330,"HK_COMMON_SHARES":494335330,"PER_SHARES":4000,"TOTAL_MARKET_CAP":126055509.15,"HKSK_MARKET_CAP":126055509.15,"PE_TTM":-19.162601588242,"PB_TTM":0.449414608396,"REPORT_DATE_SQ":"2019-06-30 00:00:00","REPORT_TYPE_SQ":"2019年中报","OPERATE_INCOME_SQ":225933000,"DPS_HKD":null,"OPERATE_INCOME_QOQ_SQ":22.650606573808,"NET_PROFIT_RATIO_SQ":2.7764868346,"HOLDER_PROFIT_SQ":6273000,"HOLDER_PROFIT_QOQ_SQ":121.758821480117,"ROE_AVG_SQ":2.100596223749,"PE_TTM_SQ":-10.060107548917,"PB_TTM_SQ":0.869535986938,"ROA_SQ":1.257057547505,"START_DATE":"2020-01-01 00:00:00","FISCAL_YEAR":"12-31","CURRENCY":"HKD","IS_CNY_CODE":0,"DPS_HKD_LY":null,"ORG_TYPE":"一般企业","PREMIUM_INCOME":null,"PREMIUM_INCOME_YOY":null,"NET_INTEREST_INCOME":null,"NET_INTEREST_INCOME_YOY":null,"FEE_COMMISSION_INCOME":null,"FEE_COMMISSION_INCOME_YOY":null,"ACCOUNTS_RECE_TDAYS":3.43722274081,"INVENTORY_TDAYS":2.286578990811,"CURRENT_ASSETS_TDAYS":0.808472910524,"TOTAL_ASSETS_TDAYS":0.408381498006,"PREMIUM_EXPENSE":null,"LOAN_DEPOSIT":null,"LOAN_EQUITY":null,"LOAN_ASSETS":null,"DEPOSIT_EQUITY":null,"DEPOSIT_ASSETS":null,"EQUITY_MULTIPLIER":1.689208179881,"EQUITY_RATIO":0.68920817988}],"count":31},"success":true,"message":"ok","code":0}