{"version":"532588b02311967accc2351f12d49327","result":{"pages":5,"data":[{"SECUCODE":"00848.HK","SECURITY_CODE":"00848","SECURITY_NAME_ABBR":"茂业国际","ORG_CODE":"10124714","STD_REPORT_DATE":"2024-06-30 00:00:00","REPORT_DATE":"2024-06-30 00:00:00","DATE_TYPE_CODE":"002","REPORT_TYPE":"2024年中报","PER_NETCASH_OPERATE":0.173336671643,"PER_OI":0.587186299079,"BPS":2.561556018042,"BASIC_EPS":0.02,"DILUTED_EPS":0.02,"OPERATE_INCOME":3018329000,"OPERATE_INCOME_YOY":7.0547338359,"GROSS_PROFIT":1826240000,"GROSS_PROFIT_YOY":-0.141129175573,"HOLDER_PROFIT":100935000,"HOLDER_PROFIT_YOY":20.8787918708,"GROSS_PROFIT_RATIO":60.505001277197,"EPS_TTM":-0.015306033119,"OPERATE_INCOME_QOQ":4.757518511945,"NET_PROFIT_RATIO":3.8285753475,"ROE_AVG":0.758618960995,"GROSS_PROFIT_QOQ":-0.106647648318,"ROA":0.209001496824,"HOLDER_PROFIT_QOQ":18.139254203429,"ROE_YEARLY":1.517237921989,"ROIC_YEARLY":0.447689618187,"TOTAL_ASSETS":47544467000,"TOTAL_LIABILITIES":31890685000,"TAX_EBT":55.613128733027,"OCF_SALES":29.519876726493,"TOTAL_PARENT_EQUITY":13167233000,"DEBT_ASSET_RATIO":67.0754916655,"OPERATE_PROFIT":628878000,"PRETAX_PROFIT":260345000,"NETCASH_OPERATE":891007000,"NETCASH_INVEST":-22369000,"NETCASH_FINANCE":-875550000,"END_CASH":715912000,"DIVI_RATIO":-0.444050391569,"DIVIDEND_RATE":5.514705882353,"CURRENT_RATIO":0.495617818252,"COMMON_ACS":9000000000,"CURRENTDEBT_DEBT":64.861893057487,"ISSUED_COMMON_SHARES":5140326000,"HK_COMMON_SHARES":5140326000,"PER_SHARES":1000,"TOTAL_MARKET_CAP":699084336,"HKSK_MARKET_CAP":699084336,"PE_TTM":-8.125742319881,"PB_TTM":0.048456672087,"REPORT_DATE_SQ":"2023-06-30 00:00:00","REPORT_TYPE_SQ":"2023年中报","OPERATE_INCOME_SQ":2819426000,"DPS_HKD":0.0075,"OPERATE_INCOME_QOQ_SQ":-5.162528823893,"NET_PROFIT_RATIO_SQ":4.2702613783,"HOLDER_PROFIT_SQ":83501000,"HOLDER_PROFIT_QOQ_SQ":-7.322013389275,"ROE_AVG_SQ":0.604335326675,"PE_TTM_SQ":4.044955536289,"PB_TTM_SQ":0.061772834651,"ROA_SQ":0.166301504801,"START_DATE":"2024-01-01 00:00:00","FISCAL_YEAR":"12-31","CURRENCY":"HKD","IS_CNY_CODE":0,"DPS_HKD_LY":0.0075,"ORG_TYPE":"一般企业","PREMIUM_INCOME":null,"PREMIUM_INCOME_YOY":null,"NET_INTEREST_INCOME":null,"NET_INTEREST_INCOME_YOY":null,"FEE_COMMISSION_INCOME":null,"FEE_COMMISSION_INCOME_YOY":null,"ACCOUNTS_RECE_TDAYS":110.470454753408,"INVENTORY_TDAYS":0.160718287,"CURRENT_ASSETS_TDAYS":0.277115906932,"TOTAL_ASSETS_TDAYS":0.062499160738,"PREMIUM_EXPENSE":null,"LOAN_DEPOSIT":null,"LOAN_EQUITY":null,"LOAN_ASSETS":null,"DEPOSIT_EQUITY":null,"DEPOSIT_ASSETS":null,"EQUITY_MULTIPLIER":3.037251125637,"EQUITY_RATIO":2.421973166268},{"SECUCODE":"00848.HK","SECURITY_CODE":"00848","SECURITY_NAME_ABBR":"茂业国际","ORG_CODE":"10124714","STD_REPORT_DATE":"2023-12-31 00:00:00","REPORT_DATE":"2023-12-31 00:00:00","DATE_TYPE_CODE":"001","REPORT_TYPE":"2023年年报","PER_NETCASH_OPERATE":0.2978484244,"PER_OI":0.813336352597,"BPS":2.615196779348,"BASIC_EPS":-0.0187,"DILUTED_EPS":-0.0187,"OPERATE_INCOME":4180814000,"OPERATE_INCOME_YOY":-3.8824835793,"GROSS_PROFIT":2420119000,"GROSS_PROFIT_YOY":-3.146425798603,"HOLDER_PROFIT":-96112000,"HOLDER_PROFIT_YOY":-142.1371984235,"GROSS_PROFIT_RATIO":57.886311134626,"EPS_TTM":-0.018697646803,"OPERATE_INCOME_QOQ":1.349725196939,"NET_PROFIT_RATIO":-1.8703534766,"ROE_AVG":-0.704965033406,"GROSS_PROFIT_QOQ":4.946328229955,"ROA":-0.193617548754,"HOLDER_PROFIT_QOQ":-145.466242809567,"ROE_YEARLY":-0.704965033406,"ROIC_YEARLY":-0.206675296845,"TOTAL_ASSETS":49043358000,"TOTAL_LIABILITIES":33120868000,"TAX_EBT":304.455367881609,"OCF_SALES":36.62057197474,"TOTAL_PARENT_EQUITY":13442964000,"DEBT_ASSET_RATIO":67.5338503534,"OPERATE_PROFIT":1012323000,"PRETAX_PROFIT":38246000,"NETCASH_OPERATE":1531038000,"NETCASH_INVEST":278101000,"NETCASH_FINANCE":-1617661000,"END_CASH":722822000,"DIVI_RATIO":-0.363502962251,"DIVIDEND_RATE":5.172413793103,"CURRENT_RATIO":0.649161768898,"COMMON_ACS":9000000000,"CURRENTDEBT_DEBT":53.635526701776,"ISSUED_COMMON_SHARES":5140326000,"HK_COMMON_SHARES":5140326000,"PER_SHARES":1000,"TOTAL_MARKET_CAP":745347270,"HKSK_MARKET_CAP":745347270,"PE_TTM":-8.66347526752,"PB_TTM":0.051663363623,"REPORT_DATE_SQ":"2022-12-31 00:00:00","REPORT_TYPE_SQ":"2022年年报","OPERATE_INCOME_SQ":4349690000,"DPS_HKD":0.0075,"OPERATE_INCOME_QOQ_SQ":-13.356741296064,"NET_PROFIT_RATIO_SQ":4.7172097322,"HOLDER_PROFIT_SQ":228093000,"HOLDER_PROFIT_QOQ_SQ":149.653036206821,"ROE_AVG_SQ":1.656480920872,"PE_TTM_SQ":3.77529183387,"PB_TTM_SQ":0.057654645675,"ROA_SQ":0.447320935548,"START_DATE":"2023-01-01 00:00:00","FISCAL_YEAR":"12-31","CURRENCY":"HKD","IS_CNY_CODE":0,"DPS_HKD_LY":0.0102,"ORG_TYPE":"一般企业","PREMIUM_INCOME":null,"PREMIUM_INCOME_YOY":null,"NET_INTEREST_INCOME":null,"NET_INTEREST_INCOME_YOY":null,"FEE_COMMISSION_INCOME":null,"FEE_COMMISSION_INCOME_YOY":null,"ACCOUNTS_RECE_TDAYS":151.640848007834,"INVENTORY_TDAYS":0.220802620494,"CURRENT_ASSETS_TDAYS":0.359607603429,"TOTAL_ASSETS_TDAYS":0.084222465298,"PREMIUM_EXPENSE":null,"LOAN_DEPOSIT":null,"LOAN_EQUITY":null,"LOAN_ASSETS":null,"DEPOSIT_EQUITY":null,"DEPOSIT_ASSETS":null,"EQUITY_MULTIPLIER":3.080131185512,"EQUITY_RATIO":2.463806940196},{"SECUCODE":"00848.HK","SECURITY_CODE":"00848","SECURITY_NAME_ABBR":"茂业国际","ORG_CODE":"10124714","STD_REPORT_DATE":"2023-06-30 00:00:00","REPORT_DATE":"2023-06-30 00:00:00","DATE_TYPE_CODE":"002","REPORT_TYPE":"2023年中报","PER_NETCASH_OPERATE":0.206880458555,"PER_OI":0.54849167154,"BPS":2.686559568401,"BASIC_EPS":0.016,"DILUTED_EPS":0.016,"OPERATE_INCOME":2819426000,"OPERATE_INCOME_YOY":-9.0773487095,"GROSS_PROFIT":1828821000,"GROSS_PROFIT_YOY":26.0116542905,"HOLDER_PROFIT":83501000,"HOLDER_PROFIT_YOY":-16.6673319894,"GROSS_PROFIT_RATIO":55.958038973338,"EPS_TTM":0.04112423998,"OPERATE_INCOME_QOQ":-5.162528823893,"NET_PROFIT_RATIO":4.2702613783,"ROE_AVG":0.604335326675,"GROSS_PROFIT_QOQ":-7.71132650856,"ROA":0.166301504801,"HOLDER_PROFIT_QOQ":-7.322013389275,"ROE_YEARLY":1.20867065335,"ROIC_YEARLY":0.355938898342,"TOTAL_ASSETS":50184321000,"TOTAL_LIABILITIES":33894032000,"TAX_EBT":54.213363969624,"OCF_SALES":47.279869110762,"TOTAL_PARENT_EQUITY":13809792000,"DEBT_ASSET_RATIO":67.5390865605,"OPERATE_PROFIT":709286000,"PRETAX_PROFIT":209773000,"NETCASH_OPERATE":1063433000,"NETCASH_INVEST":178550000,"NETCASH_FINANCE":-724268000,"END_CASH":1033089000,"DIVI_RATIO":0.165271139437,"DIVIDEND_RATE":5.172413793103,"CURRENT_RATIO":0.681893742839,"COMMON_ACS":9000000000,"CURRENTDEBT_DEBT":51.070675215035,"ISSUED_COMMON_SHARES":5140326000,"HK_COMMON_SHARES":5140326000,"PER_SHARES":1000,"TOTAL_MARKET_CAP":745347270,"HKSK_MARKET_CAP":745347270,"PE_TTM":-8.66347526752,"PB_TTM":0.051663363623,"REPORT_DATE_SQ":"2022-06-30 00:00:00","REPORT_TYPE_SQ":"2022年中报","OPERATE_INCOME_SQ":2473784000,"DPS_HKD":0.0075,"OPERATE_INCOME_QOQ_SQ":-4.09554475353,"NET_PROFIT_RATIO_SQ":3.473989645,"HOLDER_PROFIT_SQ":100202000,"HOLDER_PROFIT_QOQ_SQ":39.094161528507,"ROE_AVG_SQ":0.731726330321,"PE_TTM_SQ":3.77529183387,"PB_TTM_SQ":0.057654645675,"ROA_SQ":0.195095990228,"START_DATE":"2023-01-01 00:00:00","FISCAL_YEAR":"12-31","CURRENCY":"HKD","IS_CNY_CODE":0,"DPS_HKD_LY":0.0102,"ORG_TYPE":"一般企业","PREMIUM_INCOME":null,"PREMIUM_INCOME_YOY":null,"NET_INTEREST_INCOME":null,"NET_INTEREST_INCOME_YOY":null,"FEE_COMMISSION_INCOME":null,"FEE_COMMISSION_INCOME_YOY":null,"ACCOUNTS_RECE_TDAYS":96.85753547013,"INVENTORY_TDAYS":0.12508568345,"CURRENT_ASSETS_TDAYS":0.191232263884,"TOTAL_ASSETS_TDAYS":0.044795910665,"PREMIUM_EXPENSE":null,"LOAN_DEPOSIT":null,"LOAN_EQUITY":null,"LOAN_ASSETS":null,"DEPOSIT_EQUITY":null,"DEPOSIT_ASSETS":null,"EQUITY_MULTIPLIER":3.08062803551,"EQUITY_RATIO":2.454347755564},{"SECUCODE":"00848.HK","SECURITY_CODE":"00848","SECURITY_NAME_ABBR":"茂业国际","ORG_CODE":"10124714","STD_REPORT_DATE":"2022-12-31 00:00:00","REPORT_DATE":"2022-12-31 00:00:00","DATE_TYPE_CODE":"001","REPORT_TYPE":"2022年年报","PER_NETCASH_OPERATE":0.243084388033,"PER_OI":0.846189521832,"BPS":2.689363281628,"BASIC_EPS":0.0444,"DILUTED_EPS":0.0444,"OPERATE_INCOME":4349690000,"OPERATE_INCOME_YOY":-16.9052547322,"GROSS_PROFIT":2498740000,"GROSS_PROFIT_YOY":-18.459610627786,"HOLDER_PROFIT":228093000,"HOLDER_PROFIT_YOY":247.2527974423,"GROSS_PROFIT_RATIO":57.446392731436,"EPS_TTM":0.044373255704,"OPERATE_INCOME_QOQ":-13.356741296064,"NET_PROFIT_RATIO":4.7172097322,"ROE_AVG":1.656480920872,"GROSS_PROFIT_QOQ":-15.149654705677,"ROA":0.447320935548,"HOLDER_PROFIT_QOQ":149.653036206821,"ROE_YEARLY":1.656480920872,"ROIC_YEARLY":0.479374414214,"TOTAL_ASSETS":50236899000,"TOTAL_LIABILITIES":33898808000,"TAX_EBT":53.527602498652,"OCF_SALES":28.72694375921,"TOTAL_PARENT_EQUITY":13824204000,"DEBT_ASSET_RATIO":67.4779070261,"OPERATE_PROFIT":1510410000,"PRETAX_PROFIT":441518000,"NETCASH_OPERATE":1249533000,"NETCASH_INVEST":715705000,"NETCASH_FINANCE":-2551295000,"END_CASH":556293000,"DIVI_RATIO":0.153169964479,"DIVIDEND_RATE":5.172413793103,"CURRENT_RATIO":0.663384109862,"COMMON_ACS":9000000000,"CURRENTDEBT_DEBT":52.116938743097,"ISSUED_COMMON_SHARES":5140326000,"HK_COMMON_SHARES":5140326000,"PER_SHARES":1000,"TOTAL_MARKET_CAP":745347270,"HKSK_MARKET_CAP":745347270,"PE_TTM":-8.66347526752,"PB_TTM":0.051663363623,"REPORT_DATE_SQ":"2021-12-31 00:00:00","REPORT_TYPE_SQ":"2021年年报","OPERATE_INCOME_SQ":5234615000,"DPS_HKD":0.0075,"OPERATE_INCOME_QOQ_SQ":-18.390644931258,"NET_PROFIT_RATIO_SQ":2.1127055189,"HOLDER_PROFIT_SQ":65685000,"HOLDER_PROFIT_QOQ_SQ":127.687268956622,"ROE_AVG_SQ":0.492328434671,"PE_TTM_SQ":3.77529183387,"PB_TTM_SQ":0.057654645675,"ROA_SQ":0.127479271445,"START_DATE":"2022-01-01 00:00:00","FISCAL_YEAR":"12-31","CURRENCY":"HKD","IS_CNY_CODE":0,"DPS_HKD_LY":null,"ORG_TYPE":"一般企业","PREMIUM_INCOME":null,"PREMIUM_INCOME_YOY":null,"NET_INTEREST_INCOME":null,"NET_INTEREST_INCOME_YOY":null,"FEE_COMMISSION_INCOME":null,"FEE_COMMISSION_INCOME_YOY":null,"ACCOUNTS_RECE_TDAYS":204.811771630371,"INVENTORY_TDAYS":0.234641024396,"CURRENT_ASSETS_TDAYS":0.365907738158,"TOTAL_ASSETS_TDAYS":0.08530324912,"PREMIUM_EXPENSE":null,"LOAN_DEPOSIT":null,"LOAN_EQUITY":null,"LOAN_ASSETS":null,"DEPOSIT_EQUITY":null,"DEPOSIT_ASSETS":null,"EQUITY_MULTIPLIER":3.074832855322,"EQUITY_RATIO":2.45213453158},{"SECUCODE":"00848.HK","SECURITY_CODE":"00848","SECURITY_NAME_ABBR":"茂业国际","ORG_CODE":"10124714","STD_REPORT_DATE":"2022-06-30 00:00:00","REPORT_DATE":"2022-06-30 00:00:00","DATE_TYPE_CODE":"002","REPORT_TYPE":"2022年中报","PER_NETCASH_OPERATE":0.161685465085,"PER_OI":0.481250410966,"BPS":2.659864957981,"BASIC_EPS":0.019,"DILUTED_EPS":0.019,"OPERATE_INCOME":2473784000,"OPERATE_INCOME_YOY":-7.9751652611,"GROSS_PROFIT":1451311000,"GROSS_PROFIT_YOY":-7.609946704082,"HOLDER_PROFIT":100202000,"HOLDER_PROFIT_YOY":34.4578183916,"GROSS_PROFIT_RATIO":58.667652470871,"EPS_TTM":0.017773969978,"OPERATE_INCOME_QOQ":-4.09554475353,"NET_PROFIT_RATIO":3.473989645,"ROE_AVG":0.731726330321,"GROSS_PROFIT_QOQ":-3.900933945086,"ROA":0.195095990228,"HOLDER_PROFIT_QOQ":39.094161528507,"ROE_YEARLY":1.463452660643,"ROIC_YEARLY":0.420150123519,"TOTAL_ASSETS":50975803000,"TOTAL_LIABILITIES":34805210000,"TAX_EBT":65.002993146306,"OCF_SALES":33.596951067676,"TOTAL_PARENT_EQUITY":13672573000,"DEBT_ASSET_RATIO":68.2779043226,"OPERATE_PROFIT":789633000,"PRETAX_PROFIT":245561000,"NETCASH_OPERATE":831117000,"NETCASH_INVEST":254498000,"NETCASH_FINANCE":-1176570000,"END_CASH":1077462000,"DIVI_RATIO":0.382393466879,"DIVIDEND_RATE":5.172413793103,"CURRENT_RATIO":0.657441602804,"COMMON_ACS":9000000000,"CURRENTDEBT_DEBT":51.413101659206,"ISSUED_COMMON_SHARES":5140326000,"HK_COMMON_SHARES":5140326000,"PER_SHARES":1000,"TOTAL_MARKET_CAP":745347270,"HKSK_MARKET_CAP":745347270,"PE_TTM":-8.66347526752,"PB_TTM":0.051663363623,"REPORT_DATE_SQ":"2021-06-30 00:00:00","REPORT_TYPE_SQ":"2021年中报","OPERATE_INCOME_SQ":2688170000,"DPS_HKD":0.0075,"OPERATE_INCOME_QOQ_SQ":-7.198132571616,"NET_PROFIT_RATIO_SQ":3.9875454305,"HOLDER_PROFIT_SQ":74523000,"HOLDER_PROFIT_QOQ_SQ":-35.847706085801,"ROE_AVG_SQ":0.573742166939,"PE_TTM_SQ":3.77529183387,"PB_TTM_SQ":0.057654645675,"ROA_SQ":0.14571191753,"START_DATE":"2022-01-01 00:00:00","FISCAL_YEAR":"12-31","CURRENCY":"HKD","IS_CNY_CODE":0,"DPS_HKD_LY":null,"ORG_TYPE":"一般企业","PREMIUM_INCOME":null,"PREMIUM_INCOME_YOY":null,"NET_INTEREST_INCOME":null,"NET_INTEREST_INCOME_YOY":null,"FEE_COMMISSION_INCOME":null,"FEE_COMMISSION_INCOME_YOY":null,"ACCOUNTS_RECE_TDAYS":142.10207657179,"INVENTORY_TDAYS":0.13289202053,"CURRENT_ASSETS_TDAYS":0.207712412253,"TOTAL_ASSETS_TDAYS":0.048165240124,"PREMIUM_EXPENSE":null,"LOAN_DEPOSIT":null,"LOAN_EQUITY":null,"LOAN_ASSETS":null,"DEPOSIT_EQUITY":null,"DEPOSIT_ASSETS":null,"EQUITY_MULTIPLIER":3.152376848521,"EQUITY_RATIO":2.545622539371},{"SECUCODE":"00848.HK","SECURITY_CODE":"00848","SECURITY_NAME_ABBR":"茂业国际","ORG_CODE":"10124714","STD_REPORT_DATE":"2021-12-31 00:00:00","REPORT_DATE":"2021-12-31 00:00:00","DATE_TYPE_CODE":"001","REPORT_TYPE":"2021年年报","PER_NETCASH_OPERATE":0.15693459909,"PER_OI":1.018343000035,"BPS":2.66816968418,"BASIC_EPS":0.0128,"DILUTED_EPS":0.0128,"OPERATE_INCOME":5234615000,"OPERATE_INCOME_YOY":-24.2649944999,"GROSS_PROFIT":3064420000,"GROSS_PROFIT_YOY":-16.740794516513,"HOLDER_PROFIT":65685000,"HOLDER_PROFIT_YOY":137.6125197554,"GROSS_PROFIT_RATIO":58.541459113994,"EPS_TTM":0.012778372422,"OPERATE_INCOME_QOQ":-18.390644931258,"NET_PROFIT_RATIO":2.1127055189,"ROE_AVG":0.492328434671,"GROSS_PROFIT_QOQ":-15.332568373257,"ROA":0.127479271445,"HOLDER_PROFIT_QOQ":127.687268956622,"ROE_YEARLY":0.492328434671,"ROIC_YEARLY":0.137173848865,"TOTAL_ASSETS":51744914000,"TOTAL_LIABILITIES":35477911000,"TAX_EBT":74.961397916167,"OCF_SALES":15.410779971402,"TOTAL_PARENT_EQUITY":13715262000,"DEBT_ASSET_RATIO":68.563088152,"OPERATE_PROFIT":1614821000,"PRETAX_PROFIT":441686000,"NETCASH_OPERATE":806695000,"NETCASH_INVEST":-176773000,"NETCASH_FINANCE":-499886000,"END_CASH":1197116000,"DIVI_RATIO":0.531886986495,"DIVIDEND_RATE":5.172413793103,"CURRENT_RATIO":0.696445242154,"COMMON_ACS":9000000000,"CURRENTDEBT_DEBT":48.788100855205,"ISSUED_COMMON_SHARES":5140326000,"HK_COMMON_SHARES":5140326000,"PER_SHARES":1000,"TOTAL_MARKET_CAP":745347270,"HKSK_MARKET_CAP":745347270,"PE_TTM":-8.66347526752,"PB_TTM":0.051663363623,"REPORT_DATE_SQ":"2020-12-31 00:00:00","REPORT_TYPE_SQ":"2020年年报","OPERATE_INCOME_SQ":6911751000,"DPS_HKD":0.0075,"OPERATE_INCOME_QOQ_SQ":9.208028406487,"NET_PROFIT_RATIO_SQ":-3.6025024628,"HOLDER_PROFIT_SQ":-174636000,"HOLDER_PROFIT_QOQ_SQ":-573.871869318644,"ROE_AVG_SQ":-1.34343181687,"PE_TTM_SQ":3.77529183387,"PB_TTM_SQ":0.057654645675,"ROA_SQ":-0.332205939719,"START_DATE":"2021-01-01 00:00:00","FISCAL_YEAR":"12-31","CURRENCY":"HKD","IS_CNY_CODE":0,"DPS_HKD_LY":null,"ORG_TYPE":"一般企业","PREMIUM_INCOME":null,"PREMIUM_INCOME_YOY":null,"NET_INTEREST_INCOME":null,"NET_INTEREST_INCOME_YOY":null,"FEE_COMMISSION_INCOME":null,"FEE_COMMISSION_INCOME_YOY":null,"ACCOUNTS_RECE_TDAYS":416.122659883143,"INVENTORY_TDAYS":0.267183922735,"CURRENT_ASSETS_TDAYS":0.429391204814,"TOTAL_ASSETS_TDAYS":0.101591673365,"PREMIUM_EXPENSE":null,"LOAN_DEPOSIT":null,"LOAN_EQUITY":null,"LOAN_ASSETS":null,"DEPOSIT_EQUITY":null,"DEPOSIT_ASSETS":null,"EQUITY_MULTIPLIER":3.180974024532,"EQUITY_RATIO":2.586746866374},{"SECUCODE":"00848.HK","SECURITY_CODE":"00848","SECURITY_NAME_ABBR":"茂业国际","ORG_CODE":"10124714","STD_REPORT_DATE":"2021-06-30 00:00:00","REPORT_DATE":"2021-06-30 00:00:00","DATE_TYPE_CODE":"002","REPORT_TYPE":"2021年中报","PER_NETCASH_OPERATE":0.005136833734,"PER_OI":0.522957104277,"BPS":2.530914576235,"BASIC_EPS":0.014,"DILUTED_EPS":0.014,"OPERATE_INCOME":2688170000,"OPERATE_INCOME_YOY":-15.6172593227,"GROSS_PROFIT":1570852000,"GROSS_PROFIT_YOY":-3.750883081536,"HOLDER_PROFIT":74523000,"HOLDER_PROFIT_YOY":-45.6536324257,"GROSS_PROFIT_RATIO":58.435738811162,"EPS_TTM":-0.046152520288,"OPERATE_INCOME_QOQ":-7.198132571616,"NET_PROFIT_RATIO":3.9875454305,"ROE_AVG":0.573742166939,"GROSS_PROFIT_QOQ":-1.663244196971,"ROA":0.14571191753,"HOLDER_PROFIT_QOQ":-35.847706085801,"ROE_YEARLY":1.147484333878,"ROIC_YEARLY":0.313507238709,"TOTAL_ASSETS":50980999000,"TOTAL_LIABILITIES":35486108000,"TAX_EBT":72.094355193519,"OCF_SALES":0.982266746523,"TOTAL_PARENT_EQUITY":13009726000,"DEBT_ASSET_RATIO":69.6065371336,"OPERATE_PROFIT":967961000,"PRETAX_PROFIT":384123000,"NETCASH_OPERATE":26405000,"NETCASH_INVEST":-159511000,"NETCASH_FINANCE":267328000,"END_CASH":1185788000,"DIVI_RATIO":-0.147264980496,"DIVIDEND_RATE":5.172413793103,"CURRENT_RATIO":0.604587121692,"COMMON_ACS":9000000000,"CURRENTDEBT_DEBT":58.011380115283,"ISSUED_COMMON_SHARES":5140326000,"HK_COMMON_SHARES":5140326000,"PER_SHARES":1000,"TOTAL_MARKET_CAP":745347270,"HKSK_MARKET_CAP":745347270,"PE_TTM":-8.66347526752,"PB_TTM":0.051663363623,"REPORT_DATE_SQ":"2020-06-30 00:00:00","REPORT_TYPE_SQ":"2020年中报","OPERATE_INCOME_SQ":3185687000,"DPS_HKD":0.0075,"OPERATE_INCOME_QOQ_SQ":0.982609515631,"NET_PROFIT_RATIO_SQ":3.9952449817,"HOLDER_PROFIT_SQ":137126000,"HOLDER_PROFIT_QOQ_SQ":-80.214429137452,"ROE_AVG_SQ":1.049527300943,"PE_TTM_SQ":3.77529183387,"PB_TTM_SQ":0.057654645675,"ROA_SQ":0.259011009961,"START_DATE":"2021-01-01 00:00:00","FISCAL_YEAR":"12-31","CURRENCY":"HKD","IS_CNY_CODE":0,"DPS_HKD_LY":null,"ORG_TYPE":"一般企业","PREMIUM_INCOME":null,"PREMIUM_INCOME_YOY":null,"NET_INTEREST_INCOME":null,"NET_INTEREST_INCOME_YOY":null,"FEE_COMMISSION_INCOME":null,"FEE_COMMISSION_INCOME_YOY":null,"ACCOUNTS_RECE_TDAYS":255.468757424566,"INVENTORY_TDAYS":0.130779102812,"CURRENT_ASSETS_TDAYS":0.217025800257,"TOTAL_ASSETS_TDAYS":0.052560740355,"PREMIUM_EXPENSE":null,"LOAN_DEPOSIT":null,"LOAN_EQUITY":null,"LOAN_ASSETS":null,"DEPOSIT_EQUITY":null,"DEPOSIT_ASSETS":null,"EQUITY_MULTIPLIER":3.290181195857,"EQUITY_RATIO":2.727659906135},{"SECUCODE":"00848.HK","SECURITY_CODE":"00848","SECURITY_NAME_ABBR":"茂业国际","ORG_CODE":"10124714","STD_REPORT_DATE":"2020-12-31 00:00:00","REPORT_DATE":"2020-12-31 00:00:00","DATE_TYPE_CODE":"001","REPORT_TYPE":"2020年年报","PER_NETCASH_OPERATE":0.176036305869,"PER_OI":1.344613357207,"BPS":2.522825400568,"BASIC_EPS":-0.034,"DILUTED_EPS":-0.034,"OPERATE_INCOME":6911751000,"OPERATE_INCOME_YOY":10.2811168854,"GROSS_PROFIT":3680578000,"GROSS_PROFIT_YOY":-3.744383137618,"HOLDER_PROFIT":-174636000,"HOLDER_PROFIT_YOY":-193.7582545017,"GROSS_PROFIT_RATIO":53.251021340323,"EPS_TTM":-0.033973720733,"OPERATE_INCOME_QOQ":9.208028406487,"NET_PROFIT_RATIO":-3.6025024628,"ROE_AVG":-1.34343181687,"GROSS_PROFIT_QOQ":4.971711999434,"ROA":-0.332205939719,"HOLDER_PROFIT_QOQ":-573.871869318644,"ROE_YEARLY":-1.34343181687,"ROIC_YEARLY":-0.359164352418,"TOTAL_ASSETS":51307134000,"TOTAL_LIABILITIES":35851470000,"TAX_EBT":489.933600601353,"OCF_SALES":13.091964684492,"TOTAL_PARENT_EQUITY":12968145000,"DEBT_ASSET_RATIO":69.8761891475,"OPERATE_PROFIT":1304819000,"PRETAX_PROFIT":63856000,"NETCASH_OPERATE":904884000,"NETCASH_INVEST":-248461000,"NETCASH_FINANCE":-874863000,"END_CASH":1046689000,"DIVI_RATIO":-0.200056097872,"DIVIDEND_RATE":5.172413793103,"CURRENT_RATIO":0.614930962419,"COMMON_ACS":9000000000,"CURRENTDEBT_DEBT":55.913526000468,"ISSUED_COMMON_SHARES":5140326000,"HK_COMMON_SHARES":5140326000,"PER_SHARES":1000,"TOTAL_MARKET_CAP":745347270,"HKSK_MARKET_CAP":745347270,"PE_TTM":-8.66347526752,"PB_TTM":0.051663363623,"REPORT_DATE_SQ":"2019-12-31 00:00:00","REPORT_TYPE_SQ":"2019年年报","OPERATE_INCOME_SQ":6267393000,"DPS_HKD":0.0075,"OPERATE_INCOME_QOQ_SQ":-0.020658230239,"NET_PROFIT_RATIO_SQ":7.5158203738,"HOLDER_PROFIT_SQ":186262000,"HOLDER_PROFIT_QOQ_SQ":-73.640839419725,"ROE_AVG_SQ":1.470662431326,"PE_TTM_SQ":3.77529183387,"PB_TTM_SQ":0.057654645675,"ROA_SQ":0.355462568086,"START_DATE":"2020-01-01 00:00:00","FISCAL_YEAR":"12-31","CURRENCY":"HKD","IS_CNY_CODE":0,"DPS_HKD_LY":0.0198,"ORG_TYPE":"一般企业","PREMIUM_INCOME":null,"PREMIUM_INCOME_YOY":null,"NET_INTEREST_INCOME":null,"NET_INTEREST_INCOME_YOY":null,"FEE_COMMISSION_INCOME":null,"FEE_COMMISSION_INCOME_YOY":null,"ACCOUNTS_RECE_TDAYS":704.813236118901,"INVENTORY_TDAYS":0.390873123401,"CURRENT_ASSETS_TDAYS":0.553157205266,"TOTAL_ASSETS_TDAYS":0.131480607438,"PREMIUM_EXPENSE":null,"LOAN_DEPOSIT":null,"LOAN_EQUITY":null,"LOAN_ASSETS":null,"DEPOSIT_EQUITY":null,"DEPOSIT_ASSETS":null,"EQUITY_MULTIPLIER":3.319633113142,"EQUITY_RATIO":2.764579668102},{"SECUCODE":"00848.HK","SECURITY_CODE":"00848","SECURITY_NAME_ABBR":"茂业国际","ORG_CODE":"10124714","STD_REPORT_DATE":"2020-06-30 00:00:00","REPORT_DATE":"2020-06-30 00:00:00","DATE_TYPE_CODE":"002","REPORT_TYPE":"2020年中报","PER_NETCASH_OPERATE":0.009353881446,"PER_OI":0.619744156304,"BPS":2.54860411577,"BASIC_EPS":0.027,"DILUTED_EPS":0.027,"OPERATE_INCOME":3185687000,"OPERATE_INCOME_YOY":1.9712538287,"GROSS_PROFIT":1632069000,"GROSS_PROFIT_YOY":-16.285522008488,"HOLDER_PROFIT":137126000,"HOLDER_PROFIT_YOY":-52.1433681749,"GROSS_PROFIT_RATIO":51.231304268122,"EPS_TTM":0.007169389646,"OPERATE_INCOME_QOQ":0.982609515631,"NET_PROFIT_RATIO":3.9952449817,"ROE_AVG":1.049527300943,"GROSS_PROFIT_QOQ":-8.303279970417,"ROA":0.259011009961,"HOLDER_PROFIT_QOQ":-80.214429137452,"ROE_YEARLY":2.099054601886,"ROIC_YEARLY":0.560108238468,"TOTAL_ASSETS":52054243000,"TOTAL_LIABILITIES":36409667000,"TAX_EBT":61.060647316717,"OCF_SALES":1.509313375733,"TOTAL_PARENT_EQUITY":13100656000,"DEBT_ASSET_RATIO":69.9456276792,"OPERATE_PROFIT":1054961000,"PRETAX_PROFIT":326857000,"NETCASH_OPERATE":48082000,"NETCASH_INVEST":254137000,"NETCASH_FINANCE":-422171000,"END_CASH":1054913000,"DIVI_RATIO":0.94800957067,"DIVIDEND_RATE":5.172413793103,"CURRENT_RATIO":0.55569808939,"COMMON_ACS":9000000000,"CURRENTDEBT_DEBT":59.790412255075,"ISSUED_COMMON_SHARES":5140326000,"HK_COMMON_SHARES":5140326000,"PER_SHARES":1000,"TOTAL_MARKET_CAP":745347270,"HKSK_MARKET_CAP":745347270,"PE_TTM":-8.66347526752,"PB_TTM":0.051663363623,"REPORT_DATE_SQ":"2019-06-30 00:00:00","REPORT_TYPE_SQ":"2019年中报","OPERATE_INCOME_SQ":3124103000,"DPS_HKD":0.0075,"OPERATE_INCOME_QOQ_SQ":2.475639777174,"NET_PROFIT_RATIO_SQ":13.5077812735,"HOLDER_PROFIT_SQ":286535000,"HOLDER_PROFIT_QOQ_SQ":-11.605160350912,"ROE_AVG_SQ":2.306015087062,"PE_TTM_SQ":3.77529183387,"PB_TTM_SQ":0.057654645675,"ROA_SQ":0.550879012359,"START_DATE":"2020-01-01 00:00:00","FISCAL_YEAR":"12-31","CURRENCY":"HKD","IS_CNY_CODE":0,"DPS_HKD_LY":0.0198,"ORG_TYPE":"一般企业","PREMIUM_INCOME":null,"PREMIUM_INCOME_YOY":null,"NET_INTEREST_INCOME":null,"NET_INTEREST_INCOME_YOY":null,"FEE_COMMISSION_INCOME":null,"FEE_COMMISSION_INCOME_YOY":null,"ACCOUNTS_RECE_TDAYS":348.29574154048,"INVENTORY_TDAYS":0.192914772977,"CURRENT_ASSETS_TDAYS":0.257318475622,"TOTAL_ASSETS_TDAYS":0.060172980127,"PREMIUM_EXPENSE":null,"LOAN_DEPOSIT":null,"LOAN_EQUITY":null,"LOAN_ASSETS":null,"DEPOSIT_EQUITY":null,"DEPOSIT_ASSETS":null,"EQUITY_MULTIPLIER":3.327302893988,"EQUITY_RATIO":2.779224719739}],"count":40},"success":true,"message":"ok","code":0}