{"version":"cc756336bd96f5a45f29e2e97b0e2cbe","result":{"pages":4,"data":[{"SECUCODE":"00841.HK","SECURITY_CODE":"00841","SECURITY_NAME_ABBR":"木薯资源","ORG_CODE":"10124407","STD_REPORT_DATE":"2024-06-30 00:00:00","REPORT_DATE":"2024-09-30 00:00:00","DATE_TYPE_CODE":"002","REPORT_TYPE":"2024年中报","PER_NETCASH_OPERATE":0.349812834514,"PER_OI":0.692790453229,"BPS":0.922630753411,"BASIC_EPS":-0.01352685,"DILUTED_EPS":-0.01352685,"OPERATE_INCOME":405093085.9,"OPERATE_INCOME_YOY":-47.5392950195,"GROSS_PROFIT":30702342.34,"GROSS_PROFIT_YOY":-58.632167734425,"HOLDER_PROFIT":-8150378.02,"HOLDER_PROFIT_YOY":-155.0896013654,"GROSS_PROFIT_RATIO":7.579083279535,"EPS_TTM":-0.172650582589,"OPERATE_INCOME_QOQ":0,"NET_PROFIT_RATIO":-3.335633668,"ROE_AVG":-1.495145904106,"GROSS_PROFIT_QOQ":0,"ROA":-0.659271322099,"HOLDER_PROFIT_QOQ":0,"ROE_YEARLY":-2.990291808212,"ROIC_YEARLY":-1.273980968517,"TOTAL_ASSETS":1149129354.04,"TOTAL_LIABILITIES":731214617.92,"TAX_EBT":16.621223081632,"OCF_SALES":50.493310478395,"TOTAL_PARENT_EQUITY":539486849.6,"DEBT_ASSET_RATIO":63.6320545941,"OPERATE_PROFIT":-2628717.85,"PRETAX_PROFIT":-16206068.09,"NETCASH_OPERATE":204544909.59,"NETCASH_INVEST":-3156265,"NETCASH_FINANCE":-140809999.55,"END_CASH":104852926.88,"DIVI_RATIO":null,"DIVIDEND_RATE":null,"CURRENT_RATIO":2.015915867171,"COMMON_ACS":2000000000,"CURRENTDEBT_DEBT":14.435874541221,"ISSUED_COMMON_SHARES":584726715,"HK_COMMON_SHARES":584726715,"PER_SHARES":2000,"TOTAL_MARKET_CAP":64319938.65,"HKSK_MARKET_CAP":64319938.65,"PE_TTM":-0.470161242727,"PB_TTM":0.107515275893,"REPORT_DATE_SQ":"2023-06-30 00:00:00","REPORT_TYPE_SQ":"2023年中报","OPERATE_INCOME_SQ":785747298.77,"DPS_HKD":null,"OPERATE_INCOME_QOQ_SQ":0,"NET_PROFIT_RATIO_SQ":1.3722162987,"HOLDER_PROFIT_SQ":15054637.78,"HOLDER_PROFIT_QOQ_SQ":0,"ROE_AVG_SQ":2.169913512956,"PE_TTM_SQ":-0.738882602114,"PB_TTM_SQ":0.109186202379,"ROA_SQ":0.932163592836,"START_DATE":"2024-04-01 00:00:00","FISCAL_YEAR":"3-31","CURRENCY":"HKD","IS_CNY_CODE":0,"DPS_HKD_LY":null,"ORG_TYPE":"一般企业","PREMIUM_INCOME":null,"PREMIUM_INCOME_YOY":null,"NET_INTEREST_INCOME":null,"NET_INTEREST_INCOME_YOY":null,"FEE_COMMISSION_INCOME":null,"FEE_COMMISSION_INCOME_YOY":null,"ACCOUNTS_RECE_TDAYS":25.160188193122,"INVENTORY_TDAYS":2.735310104461,"CURRENT_ASSETS_TDAYS":1.375287022013,"TOTAL_ASSETS_TDAYS":0.327673457181,"PREMIUM_EXPENSE":null,"LOAN_DEPOSIT":null,"LOAN_EQUITY":null,"LOAN_ASSETS":null,"DEPOSIT_EQUITY":null,"DEPOSIT_ASSETS":null,"EQUITY_MULTIPLIER":2.74967416729,"EQUITY_RATIO":1.355389141482},{"SECUCODE":"00841.HK","SECURITY_CODE":"00841","SECURITY_NAME_ABBR":"木薯资源","ORG_CODE":"10124407","STD_REPORT_DATE":"2023-12-31 00:00:00","REPORT_DATE":"2024-03-31 00:00:00","DATE_TYPE_CODE":"001","REPORT_TYPE":"2023年年报","PER_NETCASH_OPERATE":0.38920799437,"PER_OI":1.849655799633,"BPS":0.946878988503,"BASIC_EPS":-0.17260712,"DILUTED_EPS":-0.17260712,"OPERATE_INCOME":1081543159.6,"OPERATE_INCOME_YOY":-69.9433347542,"GROSS_PROFIT":137832768.55,"GROSS_PROFIT_YOY":-65.064504383853,"HOLDER_PROFIT":-100953408,"HOLDER_PROFIT_YOY":-17.578739534,"GROSS_PROFIT_RATIO":12.744083980983,"EPS_TTM":-0.168744958215,"OPERATE_INCOME_QOQ":0,"NET_PROFIT_RATIO":-12.4907797947,"ROE_AVG":-16.347405862224,"GROSS_PROFIT_QOQ":0,"ROA":-6.34653228918,"HOLDER_PROFIT_QOQ":0,"ROE_YEARLY":-16.347405862224,"ROIC_YEARLY":-6.52824435894,"TOTAL_ASSETS":1330397480.45,"TOTAL_LIABILITIES":891671701.4,"TAX_EBT":-6.602045926032,"OCF_SALES":21.042184953966,"TOTAL_PARENT_EQUITY":553665440.45,"DEBT_ASSET_RATIO":67.0229547562,"OPERATE_PROFIT":-89360446.6,"PRETAX_PROFIT":-126726624.5,"NETCASH_OPERATE":227580312,"NETCASH_INVEST":-50333469.1,"NETCASH_FINANCE":-370047364.15,"END_CASH":44805327.2,"DIVI_RATIO":null,"DIVIDEND_RATE":null,"CURRENT_RATIO":1.461962919364,"COMMON_ACS":2000000000,"CURRENTDEBT_DEBT":29.01946750062,"ISSUED_COMMON_SHARES":584726715,"HK_COMMON_SHARES":584726715,"PER_SHARES":2000,"TOTAL_MARKET_CAP":52040677.635,"HKSK_MARKET_CAP":52040677.635,"PE_TTM":-0.380403187297,"PB_TTM":0.086989632313,"REPORT_DATE_SQ":"2022-12-31 00:00:00","REPORT_TYPE_SQ":"2022年年报","OPERATE_INCOME_SQ":3474743903.16,"DPS_HKD":null,"OPERATE_INCOME_QOQ_SQ":0,"NET_PROFIT_RATIO_SQ":-3.6426290336,"HOLDER_PROFIT_SQ":-82910956.51,"HOLDER_PROFIT_QOQ_SQ":0,"ROE_AVG_SQ":-11.665043972847,"PE_TTM_SQ":-0.697255413263,"PB_TTM_SQ":0.103034867034,"ROA_SQ":-3.817021859685,"START_DATE":"2023-04-01 00:00:00","FISCAL_YEAR":"3-31","CURRENCY":"HKD","IS_CNY_CODE":0,"DPS_HKD_LY":null,"ORG_TYPE":"一般企业","PREMIUM_INCOME":null,"PREMIUM_INCOME_YOY":null,"NET_INTEREST_INCOME":null,"NET_INTEREST_INCOME_YOY":null,"FEE_COMMISSION_INCOME":null,"FEE_COMMISSION_INCOME_YOY":null,"ACCOUNTS_RECE_TDAYS":10.403456680314,"INVENTORY_TDAYS":3.115913897066,"CURRENT_ASSETS_TDAYS":1.766406746812,"TOTAL_ASSETS_TDAYS":0.679922423673,"PREMIUM_EXPENSE":null,"LOAN_DEPOSIT":null,"LOAN_EQUITY":null,"LOAN_ASSETS":null,"DEPOSIT_EQUITY":null,"DEPOSIT_ASSETS":null,"EQUITY_MULTIPLIER":3.032412372324,"EQUITY_RATIO":1.610488277316},{"SECUCODE":"00841.HK","SECURITY_CODE":"00841","SECURITY_NAME_ABBR":"木薯资源","ORG_CODE":"10124407","STD_REPORT_DATE":"2023-06-30 00:00:00","REPORT_DATE":"2023-09-30 00:00:00","DATE_TYPE_CODE":"002","REPORT_TYPE":"2023年中报","PER_NETCASH_OPERATE":0.583838364389,"PER_OI":1.343785530254,"BPS":1.193405917241,"BASIC_EPS":0.02569364,"DILUTED_EPS":0.02569364,"OPERATE_INCOME":785747298.77,"OPERATE_INCOME_YOY":-59.4479808028,"GROSS_PROFIT":74217914.4,"GROSS_PROFIT_YOY":-66.669703877574,"HOLDER_PROFIT":15054637.78,"HOLDER_PROFIT_YOY":-51.8447855822,"GROSS_PROFIT_RATIO":9.445519509412,"EPS_TTM":-0.141794370572,"OPERATE_INCOME_QOQ":0,"NET_PROFIT_RATIO":1.3722162987,"ROE_AVG":2.169913512956,"GROSS_PROFIT_QOQ":0,"ROA":0.932163592836,"HOLDER_PROFIT_QOQ":0,"ROE_YEARLY":4.339827025912,"ROIC_YEARLY":1.959418444701,"TOTAL_ASSETS":1356444336.52,"TOTAL_LIABILITIES":747541773.72,"TAX_EBT":9.315427954002,"OCF_SALES":43.447287624711,"TOTAL_PARENT_EQUITY":697816321.65,"DEBT_ASSET_RATIO":55.1103907174,"OPERATE_PROFIT":25806508.49,"PRETAX_PROFIT":11889731.91,"NETCASH_OPERATE":341385888.9,"NETCASH_INVEST":-1761849.6,"NETCASH_FINANCE":-496681919.58,"END_CASH":85042277.88,"DIVI_RATIO":null,"DIVIDEND_RATE":null,"CURRENT_RATIO":3.354556133579,"COMMON_ACS":2000000000,"CURRENTDEBT_DEBT":14.629703281433,"ISSUED_COMMON_SHARES":584726715,"HK_COMMON_SHARES":584726715,"PER_SHARES":2000,"TOTAL_MARKET_CAP":52040677.635,"HKSK_MARKET_CAP":52040677.635,"PE_TTM":-0.380403187297,"PB_TTM":0.086989632313,"REPORT_DATE_SQ":"2022-06-30 00:00:00","REPORT_TYPE_SQ":"2022年中报","OPERATE_INCOME_SQ":1909776613.08,"DPS_HKD":null,"OPERATE_INCOME_QOQ_SQ":0,"NET_PROFIT_RATIO_SQ":1.4321659325,"HOLDER_PROFIT_SQ":30813366.36,"HOLDER_PROFIT_QOQ_SQ":0,"ROE_AVG_SQ":3.851210278636,"PE_TTM_SQ":-0.697255413263,"PB_TTM_SQ":0.103034867034,"ROA_SQ":1.346880281481,"START_DATE":"2023-04-01 00:00:00","FISCAL_YEAR":"3-31","CURRENCY":"HKD","IS_CNY_CODE":0,"DPS_HKD_LY":null,"ORG_TYPE":"一般企业","PREMIUM_INCOME":null,"PREMIUM_INCOME_YOY":null,"NET_INTEREST_INCOME":null,"NET_INTEREST_INCOME_YOY":null,"FEE_COMMISSION_INCOME":null,"FEE_COMMISSION_INCOME_YOY":null,"ACCOUNTS_RECE_TDAYS":6.287015962055,"INVENTORY_TDAYS":2.756057986056,"CURRENT_ASSETS_TDAYS":1.284444831119,"TOTAL_ASSETS_TDAYS":0.486524508783,"PREMIUM_EXPENSE":null,"LOAN_DEPOSIT":null,"LOAN_EQUITY":null,"LOAN_ASSETS":null,"DEPOSIT_EQUITY":null,"DEPOSIT_ASSETS":null,"EQUITY_MULTIPLIER":2.227687021521,"EQUITY_RATIO":1.071258654358},{"SECUCODE":"00841.HK","SECURITY_CODE":"00841","SECURITY_NAME_ABBR":"木薯资源","ORG_CODE":"10124407","STD_REPORT_DATE":"2022-12-31 00:00:00","REPORT_DATE":"2023-03-31 00:00:00","DATE_TYPE_CODE":"001","REPORT_TYPE":"2022年年报","PER_NETCASH_OPERATE":1.011391454126,"PER_OI":5.942509233839,"BPS":1.125358730001,"BASIC_EPS":-0.14181642,"DILUTED_EPS":-0.14181642,"OPERATE_INCOME":3474743903.16,"OPERATE_INCOME_YOY":10.7184090238,"GROSS_PROFIT":394535031.26,"GROSS_PROFIT_YOY":11.091656108689,"HOLDER_PROFIT":-82910956.51,"HOLDER_PROFIT_YOY":-310.5999288446,"GROSS_PROFIT_RATIO":11.354362861136,"EPS_TTM":0.081224728376,"OPERATE_INCOME_QOQ":0,"NET_PROFIT_RATIO":-3.6426290336,"ROE_AVG":-11.665043972847,"GROSS_PROFIT_QOQ":0,"ROA":-3.817021859685,"HOLDER_PROFIT_QOQ":0,"ROE_YEARLY":-11.665043972847,"ROIC_YEARLY":-4.0079218144,"TOTAL_ASSETS":1787393754.39,"TOTAL_LIABILITIES":1207390858.89,"TAX_EBT":-25.723676773649,"OCF_SALES":17.01960256732,"TOTAL_PARENT_EQUITY":658027313.39,"DEBT_ASSET_RATIO":67.5503568212,"OPERATE_PROFIT":-69265065.43,"PRETAX_PROFIT":-100674776.23,"NETCASH_OPERATE":591387602.55,"NETCASH_INVEST":-3780020.38,"NETCASH_FINANCE":-443387286.31,"END_CASH":231260561.34,"DIVI_RATIO":null,"DIVIDEND_RATE":null,"CURRENT_RATIO":1.374136481866,"COMMON_ACS":2000000000,"CURRENTDEBT_DEBT":49.255272329686,"ISSUED_COMMON_SHARES":584726715,"HK_COMMON_SHARES":584726715,"PER_SHARES":2000,"TOTAL_MARKET_CAP":70167205.8,"HKSK_MARKET_CAP":70167205.8,"PE_TTM":-0.512903173884,"PB_TTM":0.117289391883,"REPORT_DATE_SQ":"2021-12-31 00:00:00","REPORT_TYPE_SQ":"2021年年报","OPERATE_INCOME_SQ":2907486259.19,"DPS_HKD":null,"OPERATE_INCOME_QOQ_SQ":0,"NET_PROFIT_RATIO_SQ":0.9620590574,"HOLDER_PROFIT_SQ":36472741.72,"HOLDER_PROFIT_QOQ_SQ":0,"ROE_AVG_SQ":5.285472765512,"PE_TTM_SQ":-0.864331916039,"PB_TTM_SQ":0.107648368543,"ROA_SQ":1.608677673534,"START_DATE":"2022-04-01 00:00:00","FISCAL_YEAR":"3-31","CURRENCY":"HKD","IS_CNY_CODE":0,"DPS_HKD_LY":null,"ORG_TYPE":"一般企业","PREMIUM_INCOME":null,"PREMIUM_INCOME_YOY":null,"NET_INTEREST_INCOME":null,"NET_INTEREST_INCOME_YOY":null,"FEE_COMMISSION_INCOME":null,"FEE_COMMISSION_INCOME_YOY":null,"ACCOUNTS_RECE_TDAYS":10.475995170134,"INVENTORY_TDAYS":5.585010301489,"CURRENT_ASSETS_TDAYS":3.139958113071,"TOTAL_ASSETS_TDAYS":1.599688870261,"PREMIUM_EXPENSE":null,"LOAN_DEPOSIT":null,"LOAN_EQUITY":null,"LOAN_ASSETS":null,"DEPOSIT_EQUITY":null,"DEPOSIT_ASSETS":null,"EQUITY_MULTIPLIER":3.081697985059,"EQUITY_RATIO":1.834864350341},{"SECUCODE":"00841.HK","SECURITY_CODE":"00841","SECURITY_NAME_ABBR":"木薯资源","ORG_CODE":"10124407","STD_REPORT_DATE":"2022-06-30 00:00:00","REPORT_DATE":"2022-09-30 00:00:00","DATE_TYPE_CODE":"002","REPORT_TYPE":"2022年中报","PER_NETCASH_OPERATE":0.959556633905,"PER_OI":3.266101178702,"BPS":1.387607739318,"BASIC_EPS":0.05245752,"DILUTED_EPS":0.05245752,"OPERATE_INCOME":1909776613.08,"OPERATE_INCOME_YOY":37.2159336443,"GROSS_PROFIT":222674032.44,"GROSS_PROFIT_YOY":45.442160921089,"HOLDER_PROFIT":30813366.36,"HOLDER_PROFIT_YOY":43.400117855,"GROSS_PROFIT_RATIO":11.659689982321,"EPS_TTM":0.062375706094,"OPERATE_INCOME_QOQ":0,"NET_PROFIT_RATIO":1.4321659325,"ROE_AVG":3.851210278636,"GROSS_PROFIT_QOQ":0,"ROA":1.346880281481,"HOLDER_PROFIT_QOQ":0,"ROE_YEARLY":7.702420557272,"ROIC_YEARLY":2.766609687072,"TOTAL_ASSETS":1933845570.36,"TOTAL_LIABILITIES":1164079399.68,"TAX_EBT":24.489999750306,"OCF_SALES":29.379268473454,"TOTAL_PARENT_EQUITY":811371315.12,"DEBT_ASSET_RATIO":60.1950547408,"OPERATE_PROFIT":44363686.44,"PRETAX_PROFIT":36221917.56,"NETCASH_OPERATE":561078398.4,"NETCASH_INVEST":-349113.84,"NETCASH_FINANCE":-544556992.92,"END_CASH":106620813.84,"DIVI_RATIO":null,"DIVIDEND_RATE":null,"CURRENT_RATIO":1.476382721738,"COMMON_ACS":2000000000,"CURRENTDEBT_DEBT":44.514059819497,"ISSUED_COMMON_SHARES":584726715,"HK_COMMON_SHARES":584726715,"PER_SHARES":2000,"TOTAL_MARKET_CAP":70167205.8,"HKSK_MARKET_CAP":70167205.8,"PE_TTM":-0.512903173884,"PB_TTM":0.117289391883,"REPORT_DATE_SQ":"2021-06-30 00:00:00","REPORT_TYPE_SQ":"2021年中报","OPERATE_INCOME_SQ":1281960212.42,"DPS_HKD":null,"OPERATE_INCOME_QOQ_SQ":0,"NET_PROFIT_RATIO_SQ":1.4645935262,"HOLDER_PROFIT_SQ":19791839.48,"HOLDER_PROFIT_QOQ_SQ":0,"ROE_AVG_SQ":2.822163211027,"PE_TTM_SQ":-0.864331916039,"PB_TTM_SQ":0.107648368543,"ROA_SQ":1.0160972593,"START_DATE":"2022-04-01 00:00:00","FISCAL_YEAR":"3-31","CURRENCY":"HKD","IS_CNY_CODE":0,"DPS_HKD_LY":null,"ORG_TYPE":"一般企业","PREMIUM_INCOME":null,"PREMIUM_INCOME_YOY":null,"NET_INTEREST_INCOME":null,"NET_INTEREST_INCOME_YOY":null,"FEE_COMMISSION_INCOME":null,"FEE_COMMISSION_INCOME_YOY":null,"ACCOUNTS_RECE_TDAYS":5.487699464629,"INVENTORY_TDAYS":2.86679478973,"CURRENT_ASSETS_TDAYS":1.730368854038,"TOTAL_ASSETS_TDAYS":0.834780735133,"PREMIUM_EXPENSE":null,"LOAN_DEPOSIT":null,"LOAN_EQUITY":null,"LOAN_ASSETS":null,"DEPOSIT_EQUITY":null,"DEPOSIT_ASSETS":null,"EQUITY_MULTIPLIER":2.512250660033,"EQUITY_RATIO":1.434706130211},{"SECUCODE":"00841.HK","SECURITY_CODE":"00841","SECURITY_NAME_ABBR":"木薯资源","ORG_CODE":"10124407","STD_REPORT_DATE":"2021-12-31 00:00:00","REPORT_DATE":"2022-03-31 00:00:00","DATE_TYPE_CODE":"001","REPORT_TYPE":"2021年年报","PER_NETCASH_OPERATE":-0.212726789352,"PER_OI":4.972384850229,"BPS":1.2096825876,"BASIC_EPS":0.062366669,"DILUTED_EPS":0.062366669,"OPERATE_INCOME":2907486259.19,"OPERATE_INCOME_YOY":32.0201965894,"GROSS_PROFIT":355143712.03,"GROSS_PROFIT_YOY":58.779528185992,"HOLDER_PROFIT":36472741.72,"HOLDER_PROFIT_YOY":730.8318137186,"GROSS_PROFIT_RATIO":12.214802766736,"EPS_TTM":-0.007269590239,"OPERATE_INCOME_QOQ":0,"NET_PROFIT_RATIO":0.9620590574,"ROE_AVG":5.285472765512,"GROSS_PROFIT_QOQ":0,"ROA":1.608677673534,"HOLDER_PROFIT_QOQ":0,"ROE_YEARLY":5.285472765512,"ROIC_YEARLY":1.637586566197,"TOTAL_ASSETS":2368782598.81,"TOTAL_LIABILITIES":1693284259.71,"TAX_EBT":40.887121653584,"OCF_SALES":-4.278164216145,"TOTAL_PARENT_EQUITY":707333725.64,"DEBT_ASSET_RATIO":71.4833121689,"OPERATE_PROFIT":57977482.88,"PRETAX_PROFIT":47319189.46,"NETCASH_OPERATE":-124387036.73,"NETCASH_INVEST":-2348684.96,"NETCASH_FINANCE":155198117.64,"END_CASH":81570574.79,"DIVI_RATIO":null,"DIVIDEND_RATE":null,"CURRENT_RATIO":1.161864316017,"COMMON_ACS":2000000000,"CURRENTDEBT_DEBT":65.739550000934,"ISSUED_COMMON_SHARES":584726715,"HK_COMMON_SHARES":584726715,"PER_SHARES":2000,"TOTAL_MARKET_CAP":70167205.8,"HKSK_MARKET_CAP":70167205.8,"PE_TTM":-0.512903173884,"PB_TTM":0.117289391883,"REPORT_DATE_SQ":"2020-12-31 00:00:00","REPORT_TYPE_SQ":"2020年年报","OPERATE_INCOME_SQ":2295093051.44,"DPS_HKD":null,"OPERATE_INCOME_QOQ_SQ":0,"NET_PROFIT_RATIO_SQ":-1.7858905221,"HOLDER_PROFIT_SQ":-6025288.22,"HOLDER_PROFIT_QOQ_SQ":0,"ROE_AVG_SQ":-0.857294034176,"PE_TTM_SQ":-0.864331916039,"PB_TTM_SQ":0.107648368543,"ROA_SQ":-0.283913506143,"START_DATE":"2021-04-01 00:00:00","FISCAL_YEAR":"3-31","CURRENCY":"HKD","IS_CNY_CODE":0,"DPS_HKD_LY":null,"ORG_TYPE":"一般企业","PREMIUM_INCOME":null,"PREMIUM_INCOME_YOY":null,"NET_INTEREST_INCOME":null,"NET_INTEREST_INCOME_YOY":null,"FEE_COMMISSION_INCOME":null,"FEE_COMMISSION_INCOME_YOY":null,"ACCOUNTS_RECE_TDAYS":6.907950363219,"INVENTORY_TDAYS":4.028803539379,"CURRENT_ASSETS_TDAYS":2.466674441638,"TOTAL_ASSETS_TDAYS":1.282384600306,"PREMIUM_EXPENSE":null,"LOAN_DEPOSIT":null,"LOAN_EQUITY":null,"LOAN_ASSETS":null,"DEPOSIT_EQUITY":null,"DEPOSIT_ASSETS":null,"EQUITY_MULTIPLIER":3.506718613055,"EQUITY_RATIO":2.393897248683},{"SECUCODE":"00841.HK","SECURITY_CODE":"00841","SECURITY_NAME_ABBR":"木薯资源","ORG_CODE":"10124407","STD_REPORT_DATE":"2021-06-30 00:00:00","REPORT_DATE":"2021-09-30 00:00:00","DATE_TYPE_CODE":"002","REPORT_TYPE":"2021年中报","PER_NETCASH_OPERATE":0.643348813095,"PER_OI":2.192409170872,"BPS":1.216858844837,"BASIC_EPS":0.03415546,"DILUTED_EPS":0.03415546,"OPERATE_INCOME":1281960212.42,"OPERATE_INCOME_YOY":47.119666536,"GROSS_PROFIT":153101432.92,"GROSS_PROFIT_YOY":39.059907487992,"HOLDER_PROFIT":19791839.48,"HOLDER_PROFIT_YOY":15.8700741319,"GROSS_PROFIT_RATIO":11.942760113513,"EPS_TTM":-0.010304451747,"OPERATE_INCOME_QOQ":0,"NET_PROFIT_RATIO":1.4645935262,"ROE_AVG":2.822163211027,"GROSS_PROFIT_QOQ":0,"ROA":1.0160972593,"HOLDER_PROFIT_QOQ":0,"ROE_YEARLY":5.644326422055,"ROIC_YEARLY":2.075965681643,"TOTAL_ASSETS":1671059212.74,"TOTAL_LIABILITIES":984514473.3,"TAX_EBT":11.998750536879,"OCF_SALES":29.344377027885,"TOTAL_PARENT_EQUITY":711529874.96,"DEBT_ASSET_RATIO":58.9155947195,"OPERATE_PROFIT":25811531.04,"PRETAX_PROFIT":21335499.66,"NETCASH_OPERATE":376183238.08,"NETCASH_INVEST":-644788.44,"NETCASH_FINANCE":-354900221.2,"END_CASH":75985901.78,"DIVI_RATIO":null,"DIVIDEND_RATE":null,"CURRENT_RATIO":0.731425105035,"COMMON_ACS":2000000000,"CURRENTDEBT_DEBT":75.32376322659,"ISSUED_COMMON_SHARES":584726715,"HK_COMMON_SHARES":584726715,"PER_SHARES":2000,"TOTAL_MARKET_CAP":70167205.8,"HKSK_MARKET_CAP":70167205.8,"PE_TTM":-0.512903173884,"PB_TTM":0.117289391883,"REPORT_DATE_SQ":"2020-06-30 00:00:00","REPORT_TYPE_SQ":"2020年中报","OPERATE_INCOME_SQ":919132332.8,"DPS_HKD":null,"OPERATE_INCOME_QOQ_SQ":0,"NET_PROFIT_RATIO_SQ":1.8311838545,"HOLDER_PROFIT_SQ":18017274.88,"HOLDER_PROFIT_QOQ_SQ":0,"ROE_AVG_SQ":2.430024502905,"PE_TTM_SQ":-0.864331916039,"PB_TTM_SQ":0.107648368543,"ROA_SQ":0.963282828793,"START_DATE":"2021-04-01 00:00:00","FISCAL_YEAR":"3-31","CURRENCY":"HKD","IS_CNY_CODE":0,"DPS_HKD_LY":null,"ORG_TYPE":"一般企业","PREMIUM_INCOME":null,"PREMIUM_INCOME_YOY":null,"NET_INTEREST_INCOME":null,"NET_INTEREST_INCOME_YOY":null,"FEE_COMMISSION_INCOME":null,"FEE_COMMISSION_INCOME_YOY":null,"ACCOUNTS_RECE_TDAYS":4.231372257876,"INVENTORY_TDAYS":2.7976088478,"CURRENT_ASSETS_TDAYS":1.567752241564,"TOTAL_ASSETS_TDAYS":0.658148152267,"PREMIUM_EXPENSE":null,"LOAN_DEPOSIT":null,"LOAN_EQUITY":null,"LOAN_ASSETS":null,"DEPOSIT_EQUITY":null,"DEPOSIT_ASSETS":null,"EQUITY_MULTIPLIER":2.434013570776,"EQUITY_RATIO":1.383658659948},{"SECUCODE":"00841.HK","SECURITY_CODE":"00841","SECURITY_NAME_ABBR":"木薯资源","ORG_CODE":"10124407","STD_REPORT_DATE":"2020-12-31 00:00:00","REPORT_DATE":"2021-03-31 00:00:00","DATE_TYPE_CODE":"001","REPORT_TYPE":"2020年年报","PER_NETCASH_OPERATE":-0.326591424235,"PER_OI":3.925069596726,"BPS":1.199064395852,"BASIC_EPS":-0.010311196,"DILUTED_EPS":-0.010311196,"OPERATE_INCOME":2295093051.44,"OPERATE_INCOME_YOY":90.7156080829,"GROSS_PROFIT":223670970.74,"GROSS_PROFIT_YOY":53.473861026202,"HOLDER_PROFIT":-6025288.22,"HOLDER_PROFIT_YOY":79.2562632758,"GROSS_PROFIT_RATIO":9.745616658099,"EPS_TTM":-0.009360313424,"OPERATE_INCOME_QOQ":0,"NET_PROFIT_RATIO":-1.7858905221,"ROE_AVG":-0.857294034176,"GROSS_PROFIT_QOQ":0,"ROA":-0.283913506143,"HOLDER_PROFIT_QOQ":0,"ROE_YEARLY":-0.857294034176,"ROIC_YEARLY":-0.298580788427,"TOTAL_ASSETS":2256964446.1,"TOTAL_LIABILITIES":1580156979.8,"TAX_EBT":8.144556405788,"OCF_SALES":-8.32065307854,"TOTAL_PARENT_EQUITY":701124985.26,"DEBT_ASSET_RATIO":70.0124887891,"OPERATE_PROFIT":-33731978.98,"PRETAX_PROFIT":-44622123.28,"NETCASH_OPERATE":-180089264.04,"NETCASH_INVEST":2736692.84,"NETCASH_FINANCE":69139104.72,"END_CASH":55908657,"DIVI_RATIO":null,"DIVIDEND_RATE":null,"CURRENT_RATIO":0.831033910522,"COMMON_ACS":2000000000,"CURRENTDEBT_DEBT":84.445526072282,"ISSUED_COMMON_SHARES":584726715,"HK_COMMON_SHARES":584726715,"PER_SHARES":2000,"TOTAL_MARKET_CAP":70167205.8,"HKSK_MARKET_CAP":70167205.8,"PE_TTM":-0.512903173884,"PB_TTM":0.117289391883,"REPORT_DATE_SQ":"2019-12-31 00:00:00","REPORT_TYPE_SQ":"2019年年报","OPERATE_INCOME_SQ":1300973572.4,"DPS_HKD":null,"OPERATE_INCOME_QOQ_SQ":0,"NET_PROFIT_RATIO_SQ":-4.2156066782,"HOLDER_PROFIT_SQ":-31401127.9,"HOLDER_PROFIT_QOQ_SQ":0,"ROE_AVG_SQ":-4.023101195622,"PE_TTM_SQ":-0.864331916039,"PB_TTM_SQ":0.107648368543,"ROA_SQ":-1.467525338586,"START_DATE":"2020-04-01 00:00:00","FISCAL_YEAR":"3-31","CURRENCY":"HKD","IS_CNY_CODE":0,"DPS_HKD_LY":null,"ORG_TYPE":"一般企业","PREMIUM_INCOME":null,"PREMIUM_INCOME_YOY":null,"NET_INTEREST_INCOME":null,"NET_INTEREST_INCOME_YOY":null,"FEE_COMMISSION_INCOME":null,"FEE_COMMISSION_INCOME_YOY":null,"ACCOUNTS_RECE_TDAYS":6.101915508212,"INVENTORY_TDAYS":5.152350639822,"CURRENT_ASSETS_TDAYS":2.462908418261,"TOTAL_ASSETS_TDAYS":1.081455179181,"PREMIUM_EXPENSE":null,"LOAN_DEPOSIT":null,"LOAN_EQUITY":null,"LOAN_ASSETS":null,"DEPOSIT_EQUITY":null,"DEPOSIT_ASSETS":null,"EQUITY_MULTIPLIER":3.334721554473,"EQUITY_RATIO":2.253745071164},{"SECUCODE":"00841.HK","SECURITY_CODE":"00841","SECURITY_NAME_ABBR":"木薯资源","ORG_CODE":"10124407","STD_REPORT_DATE":"2020-06-30 00:00:00","REPORT_DATE":"2020-09-30 00:00:00","DATE_TYPE_CODE":"002","REPORT_TYPE":"2020年中报","PER_NETCASH_OPERATE":0.695506587073,"PER_OI":1.571900700313,"BPS":1.283338449552,"BASIC_EPS":0.0307552,"DILUTED_EPS":0.0307552,"OPERATE_INCOME":919132332.8,"OPERATE_INCOME_YOY":62.3676093702,"GROSS_PROFIT":110097464.96,"GROSS_PROFIT_YOY":73.210422602529,"HOLDER_PROFIT":18017274.88,"HOLDER_PROFIT_YOY":333.7970353478,"GROSS_PROFIT_RATIO":11.978412795533,"EPS_TTM":-0.053702228912,"OPERATE_INCOME_QOQ":0,"NET_PROFIT_RATIO":1.8311838545,"ROE_AVG":2.430024502905,"GROSS_PROFIT_QOQ":0,"ROA":0.963282828793,"HOLDER_PROFIT_QOQ":0,"ROE_YEARLY":4.86004900581,"ROIC_YEARLY":2.132048946453,"TOTAL_ASSETS":1674446653.44,"TOTAL_LIABILITIES":914163171.2,"TAX_EBT":10.298318737414,"OCF_SALES":44.246216503026,"TOTAL_PARENT_EQUITY":750402275.84,"DEBT_ASSET_RATIO":54.5949415183,"OPERATE_PROFIT":24172708.48,"PRETAX_PROFIT":18763308.16,"NETCASH_OPERATE":406681281.92,"NETCASH_INVEST":-4273215.36,"NETCASH_FINANCE":-408738365.44,"END_CASH":166720424.32,"DIVI_RATIO":null,"DIVIDEND_RATE":null,"CURRENT_RATIO":0.598846956263,"COMMON_ACS":2000000000,"CURRENTDEBT_DEBT":72.243652285081,"ISSUED_COMMON_SHARES":584726715,"HK_COMMON_SHARES":584726715,"PER_SHARES":2000,"TOTAL_MARKET_CAP":70167205.8,"HKSK_MARKET_CAP":70167205.8,"PE_TTM":-0.512903173884,"PB_TTM":0.117289391883,"REPORT_DATE_SQ":"2019-06-30 00:00:00","REPORT_TYPE_SQ":"2019年中报","OPERATE_INCOME_SQ":581084764.11,"DPS_HKD":null,"OPERATE_INCOME_QOQ_SQ":0,"NET_PROFIT_RATIO_SQ":-1.8608809846,"HOLDER_PROFIT_SQ":-7910627.7,"HOLDER_PROFIT_QOQ_SQ":0,"ROE_AVG_SQ":-1.008289936818,"PE_TTM_SQ":-0.864331916039,"PB_TTM_SQ":0.107648368543,"ROA_SQ":-0.416755668792,"START_DATE":"2020-04-01 00:00:00","FISCAL_YEAR":"3-31","CURRENCY":"HKD","IS_CNY_CODE":0,"DPS_HKD_LY":null,"ORG_TYPE":"一般企业","PREMIUM_INCOME":null,"PREMIUM_INCOME_YOY":null,"NET_INTEREST_INCOME":null,"NET_INTEREST_INCOME_YOY":null,"FEE_COMMISSION_INCOME":null,"FEE_COMMISSION_INCOME_YOY":null,"ACCOUNTS_RECE_TDAYS":4.078633371806,"INVENTORY_TDAYS":5.042676948861,"CURRENT_ASSETS_TDAYS":1.557501541137,"TOTAL_ASSETS_TDAYS":0.491408606169,"PREMIUM_EXPENSE":null,"LOAN_DEPOSIT":null,"LOAN_EQUITY":null,"LOAN_ASSETS":null,"DEPOSIT_EQUITY":null,"DEPOSIT_ASSETS":null,"EQUITY_MULTIPLIER":2.202397779981,"EQUITY_RATIO":1.218230808504}],"count":36},"success":true,"message":"ok","code":0}