{"version":"716dc9a6fa27518e621e68039e74d617","result":{"pages":4,"data":[{"SECUCODE":"00845.HK","SECURITY_CODE":"00845","SECURITY_NAME_ABBR":"恒盛地产","ORG_CODE":"10145065","STD_REPORT_DATE":"2024-06-30 00:00:00","REPORT_DATE":"2024-06-30 00:00:00","DATE_TYPE_CODE":"002","REPORT_TYPE":"2024年中报","PER_NETCASH_OPERATE":-0.013504912849,"PER_OI":0.298598205612,"BPS":-0.4585546646,"BASIC_EPS":-0.08,"DILUTED_EPS":-0.08,"OPERATE_INCOME":2326870000,"OPERATE_INCOME_YOY":382.4578318249,"GROSS_PROFIT":781063000,"GROSS_PROFIT_YOY":515.58219447991,"HOLDER_PROFIT":-616972000,"HOLDER_PROFIT_YOY":10.1234438414,"GROSS_PROFIT_RATIO":33.567109464646,"EPS_TTM":-0.369535474769,"OPERATE_INCOME_QOQ":69.879370645266,"NET_PROFIT_RATIO":-26.5162213617,"ROE_AVG":18.897303045636,"GROSS_PROFIT_QOQ":78.499490614467,"ROA":-1.39358287625,"HOLDER_PROFIT_QOQ":2.356405381477,"ROE_YEARLY":37.794606091272,"ROIC_YEARLY":-2.80333154043,"TOTAL_ASSETS":43716628000,"TOTAL_LIABILITIES":47155626000,"TAX_EBT":-145.359430859715,"OCF_SALES":-4.522770932626,"TOTAL_PARENT_EQUITY":-3573354000,"DEBT_ASSET_RATIO":107.8665673848,"OPERATE_PROFIT":725731000,"PRETAX_PROFIT":-251467000,"NETCASH_OPERATE":-105239000,"NETCASH_INVEST":-3044000,"NETCASH_FINANCE":7403000,"END_CASH":113767000,"DIVI_RATIO":null,"DIVIDEND_RATE":null,"CURRENT_RATIO":0.446012373546,"COMMON_ACS":38000000000,"CURRENTDEBT_DEBT":94.893362246957,"ISSUED_COMMON_SHARES":7792645623,"HK_COMMON_SHARES":7792645623,"PER_SHARES":1000,"TOTAL_MARKET_CAP":85719101.853,"HKSK_MARKET_CAP":85719101.853,"PE_TTM":-0.026906705342,"PB_TTM":-0.021893747409,"REPORT_DATE_SQ":"2023-06-30 00:00:00","REPORT_TYPE_SQ":"2023年中报","OPERATE_INCOME_SQ":482295000,"DPS_HKD":null,"OPERATE_INCOME_QOQ_SQ":0.381282169949,"NET_PROFIT_RATIO_SQ":-142.3371587929,"HOLDER_PROFIT_SQ":-686466000,"HOLDER_PROFIT_QOQ_SQ":96.55226917321,"ROE_AVG_SQ":195.874588400454,"PE_TTM_SQ":1.277812728333,"PB_TTM_SQ":-0.10357092687,"ROA_SQ":-1.407950863629,"START_DATE":"2024-01-01 00:00:00","FISCAL_YEAR":"12-31","CURRENCY":"HKD","IS_CNY_CODE":0,"DPS_HKD_LY":null,"ORG_TYPE":"一般企业","PREMIUM_INCOME":null,"PREMIUM_INCOME_YOY":null,"NET_INTEREST_INCOME":null,"NET_INTEREST_INCOME_YOY":null,"FEE_COMMISSION_INCOME":null,"FEE_COMMISSION_INCOME_YOY":null,"ACCOUNTS_RECE_TDAYS":0.7000611798,"INVENTORY_TDAYS":0.091965569527,"CURRENT_ASSETS_TDAYS":0.113407435367,"TOTAL_ASSETS_TDAYS":0.052558076983,"PREMIUM_EXPENSE":null,"LOAN_DEPOSIT":null,"LOAN_EQUITY":null,"LOAN_ASSETS":null,"DEPOSIT_EQUITY":null,"DEPOSIT_ASSETS":null,"EQUITY_MULTIPLIER":-12.712024839859,"EQUITY_RATIO":-13.196460804051},{"SECUCODE":"00845.HK","SECURITY_CODE":"00845","SECURITY_NAME_ABBR":"恒盛地产","ORG_CODE":"10145065","STD_REPORT_DATE":"2023-12-31 00:00:00","REPORT_DATE":"2023-12-31 00:00:00","DATE_TYPE_CODE":"001","REPORT_TYPE":"2023年年报","PER_NETCASH_OPERATE":0.04696517944,"PER_OI":0.338736820292,"BPS":-0.379381039897,"BASIC_EPS":-0.38,"DILUTED_EPS":-0.38,"OPERATE_INCOME":2639656000,"OPERATE_INCOME_YOY":-58.6587074307,"GROSS_PROFIT":833357000,"GROSS_PROFIT_YOY":-79.222392704574,"HOLDER_PROFIT":-2949153000,"HOLDER_PROFIT_YOY":-891.7953288157,"GROSS_PROFIT_RATIO":31.570666783854,"EPS_TTM":-0.378453370354,"OPERATE_INCOME_QOQ":-58.815735687383,"NET_PROFIT_RATIO":-111.7257324439,"ROE_AVG":199.024298398137,"GROSS_PROFIT_QOQ":-78.974808835981,"ROA":-6.32036824597,"HOLDER_PROFIT_QOQ":-28666.611392899,"ROE_YEARLY":199.024298398137,"ROIC_YEARLY":-6.382007679782,"TOTAL_ASSETS":44828088000,"TOTAL_LIABILITIES":47650088000,"TAX_EBT":13.241211891574,"OCF_SALES":13.864799049573,"TOTAL_PARENT_EQUITY":-2956382000,"DEBT_ASSET_RATIO":106.2951603022,"OPERATE_PROFIT":623856000,"PRETAX_PROFIT":-3399281000,"NETCASH_OPERATE":365983000,"NETCASH_INVEST":-209476000,"NETCASH_FINANCE":-232714000,"END_CASH":214647000,"DIVI_RATIO":null,"DIVIDEND_RATE":null,"CURRENT_RATIO":0.465624179391,"COMMON_ACS":38000000000,"CURRENTDEBT_DEBT":94.999704932339,"ISSUED_COMMON_SHARES":7792645623,"HK_COMMON_SHARES":7792645623,"PER_SHARES":1000,"TOTAL_MARKET_CAP":101304393.099,"HKSK_MARKET_CAP":101304393.099,"PE_TTM":-0.031798833586,"PB_TTM":-0.025874428756,"REPORT_DATE_SQ":"2022-12-31 00:00:00","REPORT_TYPE_SQ":"2022年年报","OPERATE_INCOME_SQ":6385035000,"DPS_HKD":null,"OPERATE_INCOME_QOQ_SQ":85.305351653069,"NET_PROFIT_RATIO_SQ":-4.6587998343,"HOLDER_PROFIT_SQ":-297355000,"HOLDER_PROFIT_QOQ_SQ":93.668640955699,"ROE_AVG_SQ":-210.221387996338,"PE_TTM_SQ":1.277812728333,"PB_TTM_SQ":-0.10357092687,"ROA_SQ":-0.604482935547,"START_DATE":"2023-01-01 00:00:00","FISCAL_YEAR":"12-31","CURRENCY":"HKD","IS_CNY_CODE":0,"DPS_HKD_LY":null,"ORG_TYPE":"一般企业","PREMIUM_INCOME":null,"PREMIUM_INCOME_YOY":null,"NET_INTEREST_INCOME":null,"NET_INTEREST_INCOME_YOY":null,"FEE_COMMISSION_INCOME":null,"FEE_COMMISSION_INCOME_YOY":null,"ACCOUNTS_RECE_TDAYS":0.789013114868,"INVENTORY_TDAYS":0.100501587381,"CURRENT_ASSETS_TDAYS":0.12012507378,"TOTAL_ASSETS_TDAYS":0.0565708119,"PREMIUM_EXPENSE":null,"LOAN_DEPOSIT":null,"LOAN_EQUITY":null,"LOAN_ASSETS":null,"DEPOSIT_EQUITY":null,"DEPOSIT_ASSETS":null,"EQUITY_MULTIPLIER":-15.885218993558,"EQUITY_RATIO":-16.117703327919},{"SECUCODE":"00845.HK","SECURITY_CODE":"00845","SECURITY_NAME_ABBR":"恒盛地产","ORG_CODE":"10145065","STD_REPORT_DATE":"2023-06-30 00:00:00","REPORT_DATE":"2023-06-30 00:00:00","DATE_TYPE_CODE":"002","REPORT_TYPE":"2023年中报","PER_NETCASH_OPERATE":0.042248167815,"PER_OI":0.061891047448,"BPS":-0.089019189831,"BASIC_EPS":-0.09,"DILUTED_EPS":-0.09,"OPERATE_INCOME":482295000,"OPERATE_INCOME_YOY":5.3160825418,"GROSS_PROFIT":126882000,"GROSS_PROFIT_YOY":-27.126217607058,"HOLDER_PROFIT":-686466000,"HOLDER_PROFIT_YOY":29.489743408,"GROSS_PROFIT_RATIO":26.307965042142,"EPS_TTM":-0.001315599412,"OPERATE_INCOME_QOQ":0.381282169949,"NET_PROFIT_RATIO":-142.3371587929,"ROE_AVG":195.874588400454,"GROSS_PROFIT_QOQ":-1.177558228422,"ROA":-1.407950863629,"HOLDER_PROFIT_QOQ":96.55226917321,"ROE_YEARLY":391.749176800909,"ROIC_YEARLY":-2.835075110032,"TOTAL_ASSETS":49018677000,"TOTAL_LIABILITIES":49577987000,"TAX_EBT":-0.549997802938,"OCF_SALES":68.262163198872,"TOTAL_PARENT_EQUITY":-693695000,"DEBT_ASSET_RATIO":101.1410140669,"OPERATE_PROFIT":-22002000,"PRETAX_PROFIT":-682730000,"NETCASH_OPERATE":329225000,"NETCASH_INVEST":-91785000,"NETCASH_FINANCE":-238440000,"END_CASH":289874000,"DIVI_RATIO":null,"DIVIDEND_RATE":null,"CURRENT_RATIO":0.496165503484,"COMMON_ACS":38000000000,"CURRENTDEBT_DEBT":94.399133228221,"ISSUED_COMMON_SHARES":7792645623,"HK_COMMON_SHARES":7792645623,"PER_SHARES":1000,"TOTAL_MARKET_CAP":101304393.099,"HKSK_MARKET_CAP":101304393.099,"PE_TTM":-0.031798833586,"PB_TTM":-0.025874428756,"REPORT_DATE_SQ":"2022-06-30 00:00:00","REPORT_TYPE_SQ":"2022年中报","OPERATE_INCOME_SQ":457950000,"DPS_HKD":null,"OPERATE_INCOME_QOQ_SQ":3.86127607396,"NET_PROFIT_RATIO_SQ":-214.0864723223,"HOLDER_PROFIT_SQ":-973569000,"HOLDER_PROFIT_QOQ_SQ":8.805556936345,"ROE_AVG_SQ":495.055642141072,"PE_TTM_SQ":1.277812728333,"PB_TTM_SQ":-0.10357092687,"ROA_SQ":-1.94941770755,"START_DATE":"2023-01-01 00:00:00","FISCAL_YEAR":"12-31","CURRENCY":"HKD","IS_CNY_CODE":0,"DPS_HKD_LY":null,"ORG_TYPE":"一般企业","PREMIUM_INCOME":null,"PREMIUM_INCOME_YOY":null,"NET_INTEREST_INCOME":null,"NET_INTEREST_INCOME_YOY":null,"FEE_COMMISSION_INCOME":null,"FEE_COMMISSION_INCOME_YOY":null,"ACCOUNTS_RECE_TDAYS":null,"INVENTORY_TDAYS":0.01905922822,"CURRENT_ASSETS_TDAYS":0.020927501921,"TOTAL_ASSETS_TDAYS":0.009891934368,"PREMIUM_EXPENSE":null,"LOAN_DEPOSIT":null,"LOAN_EQUITY":null,"LOAN_ASSETS":null,"DEPOSIT_EQUITY":null,"DEPOSIT_ASSETS":null,"EQUITY_MULTIPLIER":-87.641338438262,"EQUITY_RATIO":-71.469431090032},{"SECUCODE":"00845.HK","SECURITY_CODE":"00845","SECURITY_NAME_ABBR":"恒盛地产","ORG_CODE":"10145065","STD_REPORT_DATE":"2022-12-31 00:00:00","REPORT_DATE":"2022-12-31 00:00:00","DATE_TYPE_CODE":"001","REPORT_TYPE":"2022年年报","PER_NETCASH_OPERATE":0.095273548409,"PER_OI":0.819366786185,"BPS":-0.000927669543,"BASIC_EPS":-0.04,"DILUTED_EPS":-0.04,"OPERATE_INCOME":6385035000,"OPERATE_INCOME_YOY":92.4605028602,"GROSS_PROFIT":4010842000,"GROSS_PROFIT_YOY":467.594165919718,"HOLDER_PROFIT":-297355000,"HOLDER_PROFIT_YOY":94.2261523812,"GROSS_PROFIT_RATIO":62.816288399359,"EPS_TTM":-0.038158414277,"OPERATE_INCOME_QOQ":85.305351653069,"NET_PROFIT_RATIO":-4.6587998343,"ROE_AVG":-210.221387996338,"GROSS_PROFIT_QOQ":534.967281276909,"ROA":-0.604482935547,"HOLDER_PROFIT_QOQ":93.668640955699,"ROE_YEARLY":-210.221387996338,"ROIC_YEARLY":-0.609758760852,"TOTAL_ASSETS":48494101000,"TOTAL_LIABILITIES":48366926000,"TAX_EBT":123.217764595692,"OCF_SALES":11.627704468339,"TOTAL_PARENT_EQUITY":-7229000,"DEBT_ASSET_RATIO":99.7377516082,"OPERATE_PROFIT":3622679000,"PRETAX_PROFIT":1281200000,"NETCASH_OPERATE":742433000,"NETCASH_INVEST":-346120000,"NETCASH_FINANCE":-297139000,"END_CASH":290859000,"DIVI_RATIO":null,"DIVIDEND_RATE":null,"CURRENT_RATIO":0.501920515798,"COMMON_ACS":38000000000,"CURRENTDEBT_DEBT":94.210380457092,"ISSUED_COMMON_SHARES":7792645623,"HK_COMMON_SHARES":7792645623,"PER_SHARES":1000,"TOTAL_MARKET_CAP":101304393.099,"HKSK_MARKET_CAP":101304393.099,"PE_TTM":-0.031798833586,"PB_TTM":-0.025874428756,"REPORT_DATE_SQ":"2021-12-31 00:00:00","REPORT_TYPE_SQ":"2021年年报","OPERATE_INCOME_SQ":3317582000,"DPS_HKD":null,"OPERATE_INCOME_QOQ_SQ":21.054319662348,"NET_PROFIT_RATIO_SQ":-155.6509831558,"HOLDER_PROFIT_SQ":-5150032000,"HOLDER_PROFIT_QOQ_SQ":-266.294305332501,"ROE_AVG_SQ":-179.747879860754,"PE_TTM_SQ":1.277812728333,"PB_TTM_SQ":-0.10357092687,"ROA_SQ":-10.127592816034,"START_DATE":"2022-01-01 00:00:00","FISCAL_YEAR":"12-31","CURRENCY":"HKD","IS_CNY_CODE":0,"DPS_HKD_LY":null,"ORG_TYPE":"一般企业","PREMIUM_INCOME":null,"PREMIUM_INCOME_YOY":null,"NET_INTEREST_INCOME":null,"NET_INTEREST_INCOME_YOY":null,"FEE_COMMISSION_INCOME":null,"FEE_COMMISSION_INCOME_YOY":null,"ACCOUNTS_RECE_TDAYS":1.877437936094,"INVENTORY_TDAYS":0.123485202498,"CURRENT_ASSETS_TDAYS":0.27220633579,"TOTAL_ASSETS_TDAYS":0.1297992198,"PREMIUM_EXPENSE":null,"LOAN_DEPOSIT":null,"LOAN_EQUITY":null,"LOAN_ASSETS":null,"DEPOSIT_EQUITY":null,"DEPOSIT_ASSETS":null,"EQUITY_MULTIPLIER":381.317876970101,"EQUITY_RATIO":-6690.68003873288},{"SECUCODE":"00845.HK","SECURITY_CODE":"00845","SECURITY_NAME_ABBR":"恒盛地产","ORG_CODE":"10145065","STD_REPORT_DATE":"2022-06-30 00:00:00","REPORT_DATE":"2022-06-30 00:00:00","DATE_TYPE_CODE":"002","REPORT_TYPE":"2022年中报","PER_NETCASH_OPERATE":0.003600061052,"PER_OI":0.058766947986,"BPS":-0.087703590419,"BASIC_EPS":-0.12,"DILUTED_EPS":-0.12,"OPERATE_INCOME":457950000,"OPERATE_INCOME_YOY":38.8362553775,"GROSS_PROFIT":174112000,"GROSS_PROFIT_YOY":3308.61393891934,"HOLDER_PROFIT":-973569000,"HOLDER_PROFIT_YOY":31.7778955025,"GROSS_PROFIT_RATIO":38.019871164974,"EPS_TTM":-0.602689154263,"OPERATE_INCOME_QOQ":3.86127607396,"NET_PROFIT_RATIO":-214.0864723223,"ROE_AVG":495.055642141072,"GROSS_PROFIT_QOQ":15.48923752596,"ROA":-1.94941770755,"HOLDER_PROFIT_QOQ":8.805556936345,"ROE_YEARLY":990.111284282144,"ROIC_YEARLY":-3.923834480572,"TOTAL_ASSETS":49993901000,"TOTAL_LIABILITIES":50549669000,"TAX_EBT":0.84048147148,"OCF_SALES":6.125996287804,"TOTAL_PARENT_EQUITY":-683443000,"DEBT_ASSET_RATIO":101.1116716017,"OPERATE_PROFIT":-61323000,"PRETAX_PROFIT":-988719000,"NETCASH_OPERATE":28054000,"NETCASH_INVEST":-45927000,"NETCASH_FINANCE":8745000,"END_CASH":182531000,"DIVI_RATIO":null,"DIVIDEND_RATE":null,"CURRENT_RATIO":0.500445863553,"COMMON_ACS":38000000000,"CURRENTDEBT_DEBT":95.834837217233,"ISSUED_COMMON_SHARES":7792645623,"HK_COMMON_SHARES":7792645623,"PER_SHARES":1000,"TOTAL_MARKET_CAP":101304393.099,"HKSK_MARKET_CAP":101304393.099,"PE_TTM":-0.031798833586,"PB_TTM":-0.025874428756,"REPORT_DATE_SQ":"2021-06-30 00:00:00","REPORT_TYPE_SQ":"2021年中报","OPERATE_INCOME_SQ":329849000,"DPS_HKD":null,"OPERATE_INCOME_QOQ_SQ":-2.389914213687,"NET_PROFIT_RATIO_SQ":-434.7234643731,"HOLDER_PROFIT_SQ":-1427058000,"HOLDER_PROFIT_QOQ_SQ":-1835.71596113724,"ROE_AVG_SQ":-30.191876705364,"PE_TTM_SQ":1.277812728333,"PB_TTM_SQ":-0.10357092687,"ROA_SQ":-2.701996002799,"START_DATE":"2022-01-01 00:00:00","FISCAL_YEAR":"12-31","CURRENCY":"HKD","IS_CNY_CODE":0,"DPS_HKD_LY":null,"ORG_TYPE":"一般企业","PREMIUM_INCOME":null,"PREMIUM_INCOME_YOY":null,"NET_INTEREST_INCOME":null,"NET_INTEREST_INCOME_YOY":null,"FEE_COMMISSION_INCOME":null,"FEE_COMMISSION_INCOME_YOY":null,"ACCOUNTS_RECE_TDAYS":null,"INVENTORY_TDAYS":0.014236865003,"CURRENT_ASSETS_TDAYS":0.018968210923,"TOTAL_ASSETS_TDAYS":0.00916972335,"PREMIUM_EXPENSE":null,"LOAN_DEPOSIT":null,"LOAN_EQUITY":null,"LOAN_ASSETS":null,"DEPOSIT_EQUITY":null,"DEPOSIT_ASSETS":null,"EQUITY_MULTIPLIER":-89.954623152266,"EQUITY_RATIO":-73.963255165391},{"SECUCODE":"00845.HK","SECURITY_CODE":"00845","SECURITY_NAME_ABBR":"恒盛地产","ORG_CODE":"10145065","STD_REPORT_DATE":"2021-12-31 00:00:00","REPORT_DATE":"2021-12-31 00:00:00","DATE_TYPE_CODE":"001","REPORT_TYPE":"2021年年报","PER_NETCASH_OPERATE":-0.03734508331,"PER_OI":0.425732435491,"BPS":0.037230744735,"BASIC_EPS":-0.66,"DILUTED_EPS":-0.66,"OPERATE_INCOME":3317582000,"OPERATE_INCOME_YOY":18.1612252705,"GROSS_PROFIT":-1091106000,"GROSS_PROFIT_YOY":-194.971111045347,"HOLDER_PROFIT":-5150032000,"HOLDER_PROFIT_YOY":-6457.828722393,"GROSS_PROFIT_RATIO":-32.888591751462,"EPS_TTM":-0.660883639415,"OPERATE_INCOME_QOQ":21.054319662348,"NET_PROFIT_RATIO":-155.6509831558,"ROE_AVG":-179.747879860754,"GROSS_PROFIT_QOQ":-197.531992033724,"ROA":-10.127592816034,"HOLDER_PROFIT_QOQ":-266.294305332501,"ROE_YEARLY":-179.747879860754,"ROIC_YEARLY":-10.214978236628,"TOTAL_ASSETS":49889156000,"TOTAL_LIABILITIES":49464515000,"TAX_EBT":-4.480215959071,"OCF_SALES":-8.771961024626,"TOTAL_PARENT_EQUITY":290126000,"DEBT_ASSET_RATIO":99.1488310606,"OPERATE_PROFIT":-2874524000,"PRETAX_PROFIT":-4942418000,"NETCASH_OPERATE":-291017000,"NETCASH_INVEST":79845000,"NETCASH_FINANCE":7282000,"END_CASH":191642000,"DIVI_RATIO":null,"DIVIDEND_RATE":null,"CURRENT_RATIO":0.509077105452,"COMMON_ACS":38000000000,"CURRENTDEBT_DEBT":95.477202192319,"ISSUED_COMMON_SHARES":7792645623,"HK_COMMON_SHARES":7792645623,"PER_SHARES":1000,"TOTAL_MARKET_CAP":101304393.099,"HKSK_MARKET_CAP":101304393.099,"PE_TTM":-0.031798833586,"PB_TTM":-0.025874428756,"REPORT_DATE_SQ":"2020-12-31 00:00:00","REPORT_TYPE_SQ":"2020年年报","OPERATE_INCOME_SQ":2807674000,"DPS_HKD":null,"OPERATE_INCOME_QOQ_SQ":-47.191246873285,"NET_PROFIT_RATIO_SQ":2.3894868136,"HOLDER_PROFIT_SQ":81003000,"HOLDER_PROFIT_QOQ_SQ":-82.665145821385,"ROE_AVG_SQ":1.500150981826,"PE_TTM_SQ":1.277812728333,"PB_TTM_SQ":-0.10357092687,"ROA_SQ":0.155398727383,"START_DATE":"2021-01-01 00:00:00","FISCAL_YEAR":"12-31","CURRENCY":"HKD","IS_CNY_CODE":0,"DPS_HKD_LY":null,"ORG_TYPE":"一般企业","PREMIUM_INCOME":null,"PREMIUM_INCOME_YOY":null,"NET_INTEREST_INCOME":null,"NET_INTEREST_INCOME_YOY":null,"FEE_COMMISSION_INCOME":null,"FEE_COMMISSION_INCOME_YOY":null,"ACCOUNTS_RECE_TDAYS":null,"INVENTORY_TDAYS":0.21918069737,"CURRENT_ASSETS_TDAYS":0.133127797922,"TOTAL_ASSETS_TDAYS":0.065240603611,"PREMIUM_EXPENSE":null,"LOAN_DEPOSIT":null,"LOAN_EQUITY":null,"LOAN_ASSETS":null,"DEPOSIT_EQUITY":null,"DEPOSIT_ASSETS":null,"EQUITY_MULTIPLIER":117.485490096117,"EQUITY_RATIO":170.493216740313},{"SECUCODE":"00845.HK","SECURITY_CODE":"00845","SECURITY_NAME_ABBR":"恒盛地产","ORG_CODE":"10145065","STD_REPORT_DATE":"2021-06-30 00:00:00","REPORT_DATE":"2021-06-30 00:00:00","DATE_TYPE_CODE":"002","REPORT_TYPE":"2021年中报","PER_NETCASH_OPERATE":-0.033216831937,"PER_OI":0.042328243315,"BPS":0.514985563844,"BASIC_EPS":-0.18,"DILUTED_EPS":-0.18,"OPERATE_INCOME":329849000,"OPERATE_INCOME_YOY":-16.9041440988,"GROSS_PROFIT":5108000,"GROSS_PROFIT_YOY":-85.519079208482,"HOLDER_PROFIT":-1427058000,"HOLDER_PROFIT_YOY":-2481.3272815259,"GROSS_PROFIT_RATIO":1.548587383924,"EPS_TTM":-0.180424218939,"OPERATE_INCOME_QOQ":-2.389914213687,"NET_PROFIT_RATIO":-434.7234643731,"ROE_AVG":-30.191876705364,"GROSS_PROFIT_QOQ":-2.625683055353,"ROA":-2.701996002799,"HOLDER_PROFIT_QOQ":-1835.71596113724,"ROE_YEARLY":-60.383753410729,"ROIC_YEARLY":-5.468257780707,"TOTAL_ASSETS":53816085000,"TOTAL_LIABILITIES":49661526000,"TAX_EBT":1.742880127398,"OCF_SALES":-78.474392828234,"TOTAL_PARENT_EQUITY":4013100000,"DEBT_ASSET_RATIO":92.2800794595,"OPERATE_PROFIT":-568460000,"PRETAX_PROFIT":-1459366000,"NETCASH_OPERATE":-258847000,"NETCASH_INVEST":250382000,"NETCASH_FINANCE":169016000,"END_CASH":556083000,"DIVI_RATIO":null,"DIVIDEND_RATE":null,"CURRENT_RATIO":0.626394804321,"COMMON_ACS":38000000000,"CURRENTDEBT_DEBT":91.356612762967,"ISSUED_COMMON_SHARES":7792645623,"HK_COMMON_SHARES":7792645623,"PER_SHARES":1000,"TOTAL_MARKET_CAP":101304393.099,"HKSK_MARKET_CAP":101304393.099,"PE_TTM":-0.031798833586,"PB_TTM":-0.025874428756,"REPORT_DATE_SQ":"2020-06-30 00:00:00","REPORT_TYPE_SQ":"2020年中报","OPERATE_INCOME_SQ":396950000,"DPS_HKD":null,"OPERATE_INCOME_QOQ_SQ":-8.438205708926,"NET_PROFIT_RATIO_SQ":13.3263635219,"HOLDER_PROFIT_SQ":59927000,"HOLDER_PROFIT_QOQ_SQ":148.82468797835,"ROE_AVG_SQ":1.112000042307,"PE_TTM_SQ":1.277812728333,"PB_TTM_SQ":-0.10357092687,"ROA_SQ":0.111899165533,"START_DATE":"2021-01-01 00:00:00","FISCAL_YEAR":"12-31","CURRENCY":"HKD","IS_CNY_CODE":0,"DPS_HKD_LY":null,"ORG_TYPE":"一般企业","PREMIUM_INCOME":null,"PREMIUM_INCOME_YOY":null,"NET_INTEREST_INCOME":null,"NET_INTEREST_INCOME_YOY":null,"FEE_COMMISSION_INCOME":null,"FEE_COMMISSION_INCOME_YOY":null,"ACCOUNTS_RECE_TDAYS":0.06928391283,"INVENTORY_TDAYS":0.015287908603,"CURRENT_ASSETS_TDAYS":0.012167696113,"TOTAL_ASSETS_TDAYS":0.006245371103,"PREMIUM_EXPENSE":null,"LOAN_DEPOSIT":null,"LOAN_EQUITY":null,"LOAN_ASSETS":null,"DEPOSIT_EQUITY":null,"DEPOSIT_ASSETS":null,"EQUITY_MULTIPLIER":12.953501201908,"EQUITY_RATIO":12.374853853629},{"SECUCODE":"00845.HK","SECURITY_CODE":"00845","SECURITY_NAME_ABBR":"恒盛地产","ORG_CODE":"10145065","STD_REPORT_DATE":"2020-12-31 00:00:00","REPORT_DATE":"2020-12-31 00:00:00","DATE_TYPE_CODE":"001","REPORT_TYPE":"2020年年报","PER_NETCASH_OPERATE":0.485396126424,"PER_OI":0.360297918811,"BPS":0.69811438415,"BASIC_EPS":0.01,"DILUTED_EPS":0.01,"OPERATE_INCOME":2807674000,"OPERATE_INCOME_YOY":-51.6473580944,"GROSS_PROFIT":1148882000,"GROSS_PROFIT_YOY":842.579602418634,"HOLDER_PROFIT":81003000,"HOLDER_PROFIT_YOY":108.4636884642,"GROSS_PROFIT_RATIO":40.919351748102,"EPS_TTM":0.010394800934,"OPERATE_INCOME_QOQ":-47.191246873285,"NET_PROFIT_RATIO":2.3894868136,"ROE_AVG":1.500150981826,"GROSS_PROFIT_QOQ":257.391674936151,"ROA":0.155398727383,"HOLDER_PROFIT_QOQ":-82.665145821385,"ROE_YEARLY":1.500150981826,"ROIC_YEARLY":0.156965022774,"TOTAL_ASSETS":51813827000,"TOTAL_LIABILITIES":46225337000,"TAX_EBT":89.184949945997,"OCF_SALES":134.720768864192,"TOTAL_PARENT_EQUITY":5440158000,"DEBT_ASSET_RATIO":89.2142883018,"OPERATE_PROFIT":2201227000,"PRETAX_PROFIT":620330000,"NETCASH_OPERATE":3782520000,"NETCASH_INVEST":-1101584000,"NETCASH_FINANCE":-2619591000,"END_CASH":395543000,"DIVI_RATIO":null,"DIVIDEND_RATE":null,"CURRENT_RATIO":0.587736400383,"COMMON_ACS":38000000000,"CURRENTDEBT_DEBT":94.956962671792,"ISSUED_COMMON_SHARES":7792645623,"HK_COMMON_SHARES":7792645623,"PER_SHARES":1000,"TOTAL_MARKET_CAP":101304393.099,"HKSK_MARKET_CAP":101304393.099,"PE_TTM":-0.031798833586,"PB_TTM":-0.025874428756,"REPORT_DATE_SQ":"2019-12-31 00:00:00","REPORT_TYPE_SQ":"2019年年报","OPERATE_INCOME_SQ":5806661000,"DPS_HKD":null,"OPERATE_INCOME_QOQ_SQ":-32.700091573553,"NET_PROFIT_RATIO_SQ":-17.0887020957,"HOLDER_PROFIT_SQ":-957065000,"HOLDER_PROFIT_QOQ_SQ":-214.23836119072,"ROE_AVG_SQ":-16.405388178347,"PE_TTM_SQ":1.277812728333,"PB_TTM_SQ":-0.10357092687,"ROA_SQ":-1.841799512589,"START_DATE":"2020-01-01 00:00:00","FISCAL_YEAR":"12-31","CURRENCY":"HKD","IS_CNY_CODE":0,"DPS_HKD_LY":null,"ORG_TYPE":"一般企业","PREMIUM_INCOME":null,"PREMIUM_INCOME_YOY":null,"NET_INTEREST_INCOME":null,"NET_INTEREST_INCOME_YOY":null,"FEE_COMMISSION_INCOME":null,"FEE_COMMISSION_INCOME_YOY":null,"ACCOUNTS_RECE_TDAYS":0.599461084256,"INVENTORY_TDAYS":0.080346148843,"CURRENT_ASSETS_TDAYS":0.1005721205,"TOTAL_ASSETS_TDAYS":0.05386330957,"PREMIUM_EXPENSE":null,"LOAN_DEPOSIT":null,"LOAN_EQUITY":null,"LOAN_ASSETS":null,"DEPOSIT_EQUITY":null,"DEPOSIT_ASSETS":null,"EQUITY_MULTIPLIER":9.271525403065,"EQUITY_RATIO":8.497057806042},{"SECUCODE":"00845.HK","SECURITY_CODE":"00845","SECURITY_NAME_ABBR":"恒盛地产","ORG_CODE":"10145065","STD_REPORT_DATE":"2020-06-30 00:00:00","REPORT_DATE":"2020-06-30 00:00:00","DATE_TYPE_CODE":"002","REPORT_TYPE":"2020年中报","PER_NETCASH_OPERATE":0.318251479662,"PER_OI":0.050939054489,"BPS":0.695409782784,"BASIC_EPS":0.01,"DILUTED_EPS":0.01,"OPERATE_INCOME":396950000,"OPERATE_INCOME_YOY":-55.2443941335,"GROSS_PROFIT":35274000,"GROSS_PROFIT_YOY":121.46900220326,"HOLDER_PROFIT":59927000,"HOLDER_PROFIT_YOY":104.3921162221,"GROSS_PROFIT_RATIO":8.886257715077,"EPS_TTM":0.059964744017,"OPERATE_INCOME_QOQ":-8.438205708926,"NET_PROFIT_RATIO":13.3263635219,"ROE_AVG":1.112000042307,"GROSS_PROFIT_QOQ":163.738544717648,"ROA":0.111899165533,"HOLDER_PROFIT_QOQ":148.82468797835,"ROE_YEARLY":2.224000084615,"ROIC_YEARLY":0.225904370944,"TOTAL_ASSETS":54670939000,"TOTAL_LIABILITIES":49096639000,"TAX_EBT":89.689911904576,"OCF_SALES":624.769114498048,"TOTAL_PARENT_EQUITY":5419082000,"DEBT_ASSET_RATIO":89.8039066057,"OPERATE_PROFIT":1579088000,"PRETAX_PROFIT":513080000,"NETCASH_OPERATE":2480021000,"NETCASH_INVEST":-517402000,"NETCASH_FINANCE":-1949891000,"END_CASH":346912000,"DIVI_RATIO":null,"DIVIDEND_RATE":null,"CURRENT_RATIO":0.637824519149,"COMMON_ACS":38000000000,"CURRENTDEBT_DEBT":93.771264057403,"ISSUED_COMMON_SHARES":7792645623,"HK_COMMON_SHARES":7792645623,"PER_SHARES":1000,"TOTAL_MARKET_CAP":101304393.099,"HKSK_MARKET_CAP":101304393.099,"PE_TTM":-0.031798833586,"PB_TTM":-0.025874428756,"REPORT_DATE_SQ":"2019-06-30 00:00:00","REPORT_TYPE_SQ":"2019年中报","OPERATE_INCOME_SQ":886928000,"DPS_HKD":null,"OPERATE_INCOME_QOQ_SQ":-14.498031372191,"NET_PROFIT_RATIO_SQ":-153.8235347176,"HOLDER_PROFIT_SQ":-1364422000,"HOLDER_PROFIT_QOQ_SQ":59.488853776009,"ROE_AVG_SQ":-24.141810857872,"PE_TTM_SQ":1.277812728333,"PB_TTM_SQ":-0.10357092687,"ROA_SQ":-2.632613550371,"START_DATE":"2020-01-01 00:00:00","FISCAL_YEAR":"12-31","CURRENCY":"HKD","IS_CNY_CODE":0,"DPS_HKD_LY":null,"ORG_TYPE":"一般企业","PREMIUM_INCOME":null,"PREMIUM_INCOME_YOY":null,"NET_INTEREST_INCOME":null,"NET_INTEREST_INCOME_YOY":null,"FEE_COMMISSION_INCOME":null,"FEE_COMMISSION_INCOME_YOY":null,"ACCOUNTS_RECE_TDAYS":0.076890289015,"INVENTORY_TDAYS":0.017322800704,"CURRENT_ASSETS_TDAYS":0.013365242014,"TOTAL_ASSETS_TDAYS":0.007412080324,"PREMIUM_EXPENSE":null,"LOAN_DEPOSIT":null,"LOAN_EQUITY":null,"LOAN_ASSETS":null,"DEPOSIT_EQUITY":null,"DEPOSIT_ASSETS":null,"EQUITY_MULTIPLIER":9.80767791475,"EQUITY_RATIO":9.059954988686}],"count":34},"success":true,"message":"ok","code":0}