{"version":"6e1bd19b145171f6775f4c1a1a1f24c1","result":{"pages":4,"data":[{"SECUCODE":"00846.HK","SECURITY_CODE":"00846","SECURITY_NAME_ABBR":"明发集团","ORG_CODE":"10149817","STD_REPORT_DATE":"2024-06-30 00:00:00","REPORT_DATE":"2024-06-30 00:00:00","DATE_TYPE_CODE":"002","REPORT_TYPE":"2024年中报","PER_NETCASH_OPERATE":0.017905945175,"PER_OI":0.62614403295,"BPS":2.877429378719,"BASIC_EPS":0.001,"DILUTED_EPS":0.001,"OPERATE_INCOME":3815378000,"OPERATE_INCOME_YOY":-30.7708065736,"GROSS_PROFIT":1219009000,"GROSS_PROFIT_YOY":-30.562004994486,"HOLDER_PROFIT":6665000,"HOLDER_PROFIT_YOY":-98.0614743847,"GROSS_PROFIT_RATIO":31.949888058274,"EPS_TTM":-0.131990886046,"OPERATE_INCOME_QOQ":-17.804190845584,"NET_PROFIT_RATIO":0.9167636863,"ROE_AVG":0.038028707081,"GROSS_PROFIT_QOQ":-27.592440308958,"ROA":0.009686531136,"HOLDER_PROFIT_QOQ":-72.175875083221,"ROE_YEARLY":0.076057414161,"ROIC_YEARLY":0.020198227649,"TOTAL_ASSETS":66946009000,"TOTAL_LIABILITIES":48284676000,"TAX_EBT":91.218331588448,"OCF_SALES":2.859716651928,"TOTAL_PARENT_EQUITY":17533475000,"DEBT_ASSET_RATIO":72.1248013455,"OPERATE_PROFIT":384373000,"PRETAX_PROFIT":398307000,"NETCASH_OPERATE":109109000,"NETCASH_INVEST":89269000,"NETCASH_FINANCE":-806270000,"END_CASH":1218481000,"DIVI_RATIO":null,"DIVIDEND_RATE":null,"CURRENT_RATIO":1.074815459419,"COMMON_ACS":12000000000,"CURRENTDEBT_DEBT":88.854619217078,"ISSUED_COMMON_SHARES":6093451026,"HK_COMMON_SHARES":6093451026,"PER_SHARES":1000,"TOTAL_MARKET_CAP":737307574.146,"HKSK_MARKET_CAP":737307574.146,"PE_TTM":-0.836824860193,"PB_TTM":0.038379492757,"REPORT_DATE_SQ":"2023-06-30 00:00:00","REPORT_TYPE_SQ":"2023年中报","OPERATE_INCOME_SQ":5511227000,"DPS_HKD":null,"OPERATE_INCOME_QOQ_SQ":-4.224358449086,"NET_PROFIT_RATIO_SQ":5.5951424247,"HOLDER_PROFIT_SQ":343818000,"HOLDER_PROFIT_QOQ_SQ":56.314505535748,"ROE_AVG_SQ":1.893611274626,"PE_TTM_SQ":34.726938017416,"PB_TTM_SQ":0.098074918775,"ROA_SQ":0.486867403946,"START_DATE":"2024-01-01 00:00:00","FISCAL_YEAR":"12-31","CURRENCY":"HKD","IS_CNY_CODE":0,"DPS_HKD_LY":null,"ORG_TYPE":"一般企业","PREMIUM_INCOME":null,"PREMIUM_INCOME_YOY":null,"NET_INTEREST_INCOME":null,"NET_INTEREST_INCOME_YOY":null,"FEE_COMMISSION_INCOME":null,"FEE_COMMISSION_INCOME_YOY":null,"ACCOUNTS_RECE_TDAYS":0.789808566473,"INVENTORY_TDAYS":0.066220556747,"CURRENT_ASSETS_TDAYS":0.080010604392,"TOTAL_ASSETS_TDAYS":0.05545052932,"PREMIUM_EXPENSE":null,"LOAN_DEPOSIT":null,"LOAN_EQUITY":null,"LOAN_ASSETS":null,"DEPOSIT_EQUITY":null,"DEPOSIT_ASSETS":null,"EQUITY_MULTIPLIER":3.587418380025,"EQUITY_RATIO":2.753856608573},{"SECUCODE":"00846.HK","SECURITY_CODE":"00846","SECURITY_NAME_ABBR":"明发集团","ORG_CODE":"10149817","STD_REPORT_DATE":"2023-12-31 00:00:00","REPORT_DATE":"2023-12-31 00:00:00","DATE_TYPE_CODE":"001","REPORT_TYPE":"2023年年报","PER_NETCASH_OPERATE":-0.075347942905,"PER_OI":1.563153451034,"BPS":2.875052564671,"BASIC_EPS":-0.077,"DILUTED_EPS":-0.077,"OPERATE_INCOME":9524999000,"OPERATE_INCOME_YOY":-9.8726161659,"GROSS_PROFIT":1944471000,"GROSS_PROFIT_YOY":-15.024221407923,"HOLDER_PROFIT":-467127000,"HOLDER_PROFIT_YOY":-1073.9726027397,"GROSS_PROFIT_RATIO":20.414395844031,"EPS_TTM":-0.07666049961,"OPERATE_INCOME_QOQ":-5.897384371831,"NET_PROFIT_RATIO":-6.7521791866,"ROE_AVG":-2.631563751721,"GROSS_PROFIT_QOQ":-25.683278774988,"ROA":-0.65859983255,"HOLDER_PROFIT_QOQ":-723.085234093638,"ROE_YEARLY":-2.631563751721,"ROIC_YEARLY":-0.696837431496,"TOTAL_ASSETS":70667754000,"TOTAL_LIABILITIES":51652317000,"TAX_EBT":529.705821435014,"OCF_SALES":-4.820252474567,"TOTAL_PARENT_EQUITY":17518992000,"DEBT_ASSET_RATIO":73.0917767671,"OPERATE_PROFIT":-72171000,"PRETAX_PROFIT":149671000,"NETCASH_OPERATE":-459129000,"NETCASH_INVEST":-102150000,"NETCASH_FINANCE":-551716000,"END_CASH":1779200000,"DIVI_RATIO":null,"DIVIDEND_RATE":null,"CURRENT_RATIO":1.070384318004,"COMMON_ACS":12000000000,"CURRENTDEBT_DEBT":89.095236521529,"ISSUED_COMMON_SHARES":6093451026,"HK_COMMON_SHARES":6093451026,"PER_SHARES":1000,"TOTAL_MARKET_CAP":1035886674.42,"HKSK_MARKET_CAP":1035886674.42,"PE_TTM":-1.175704349031,"PB_TTM":0.053921601394,"REPORT_DATE_SQ":"2022-12-31 00:00:00","REPORT_TYPE_SQ":"2022年年报","OPERATE_INCOME_SQ":10568374000,"DPS_HKD":null,"OPERATE_INCOME_QOQ_SQ":-16.692950130261,"NET_PROFIT_RATIO_SQ":0.1762333543,"HOLDER_PROFIT_SQ":47961000,"HOLDER_PROFIT_QOQ_SQ":-95.177317373362,"ROE_AVG_SQ":0.267032419961,"PE_TTM_SQ":22.246944667407,"PB_TTM_SQ":0.06282924484,"ROA_SQ":0.066183894478,"START_DATE":"2023-01-01 00:00:00","FISCAL_YEAR":"12-31","CURRENCY":"HKD","IS_CNY_CODE":0,"DPS_HKD_LY":null,"ORG_TYPE":"一般企业","PREMIUM_INCOME":null,"PREMIUM_INCOME_YOY":null,"NET_INTEREST_INCOME":null,"NET_INTEREST_INCOME_YOY":null,"FEE_COMMISSION_INCOME":null,"FEE_COMMISSION_INCOME_YOY":null,"ACCOUNTS_RECE_TDAYS":2.181722750309,"INVENTORY_TDAYS":0.188221959712,"CURRENT_ASSETS_TDAYS":0.193421772546,"TOTAL_ASSETS_TDAYS":0.134292446089,"PREMIUM_EXPENSE":null,"LOAN_DEPOSIT":null,"LOAN_EQUITY":null,"LOAN_ASSETS":null,"DEPOSIT_EQUITY":null,"DEPOSIT_ASSETS":null,"EQUITY_MULTIPLIER":3.716336048444,"EQUITY_RATIO":2.948361241332},{"SECUCODE":"00846.HK","SECURITY_CODE":"00846","SECURITY_NAME_ABBR":"明发集团","ORG_CODE":"10149817","STD_REPORT_DATE":"2023-06-30 00:00:00","REPORT_DATE":"2023-06-30 00:00:00","DATE_TYPE_CODE":"002","REPORT_TYPE":"2023年中报","PER_NETCASH_OPERATE":0.030724461262,"PER_OI":0.904450856581,"BPS":3.008247202084,"BASIC_EPS":0.056,"DILUTED_EPS":0.056,"OPERATE_INCOME":5511227000,"OPERATE_INCOME_YOY":-7.4936304829,"GROSS_PROFIT":1755536000,"GROSS_PROFIT_YOY":22.993885111845,"HOLDER_PROFIT":343818000,"HOLDER_PROFIT_YOY":8.5253259851,"GROSS_PROFIT_RATIO":31.853814041773,"EPS_TTM":0.012303372864,"OPERATE_INCOME_QOQ":-4.224358449086,"NET_PROFIT_RATIO":5.5951424247,"ROE_AVG":1.893611274626,"GROSS_PROFIT_QOQ":14.342744393678,"ROA":0.486867403946,"HOLDER_PROFIT_QOQ":56.314505535748,"ROE_YEARLY":3.787222549251,"ROIC_YEARLY":1.03862032706,"TOTAL_ASSETS":70049990000,"TOTAL_LIABILITIES":50078708000,"TAX_EBT":62.202648355595,"OCF_SALES":3.397029372951,"TOTAL_PARENT_EQUITY":18330607000,"DEBT_ASSET_RATIO":71.4899573861,"OPERATE_PROFIT":809213000,"PRETAX_PROFIT":815827000,"NETCASH_OPERATE":187218000,"NETCASH_INVEST":33848000,"NETCASH_FINANCE":-336729000,"END_CASH":2674435000,"DIVI_RATIO":null,"DIVIDEND_RATE":null,"CURRENT_RATIO":1.09972337913,"COMMON_ACS":12000000000,"CURRENTDEBT_DEBT":88.203006355515,"ISSUED_COMMON_SHARES":6093451026,"HK_COMMON_SHARES":6093451026,"PER_SHARES":1000,"TOTAL_MARKET_CAP":1035886674.42,"HKSK_MARKET_CAP":1035886674.42,"PE_TTM":-1.175704349031,"PB_TTM":0.053921601394,"REPORT_DATE_SQ":"2022-06-30 00:00:00","REPORT_TYPE_SQ":"2022年中报","OPERATE_INCOME_SQ":5957673000,"DPS_HKD":null,"OPERATE_INCOME_QOQ_SQ":-22.723412124969,"NET_PROFIT_RATIO_SQ":4.6552739635,"HOLDER_PROFIT_SQ":316809000,"HOLDER_PROFIT_QOQ_SQ":-47.176357668975,"ROE_AVG_SQ":1.751441083262,"PE_TTM_SQ":22.246944667407,"PB_TTM_SQ":0.06282924484,"ROA_SQ":0.431120619264,"START_DATE":"2023-01-01 00:00:00","FISCAL_YEAR":"12-31","CURRENCY":"HKD","IS_CNY_CODE":0,"DPS_HKD_LY":null,"ORG_TYPE":"一般企业","PREMIUM_INCOME":null,"PREMIUM_INCOME_YOY":null,"NET_INTEREST_INCOME":null,"NET_INTEREST_INCOME_YOY":null,"FEE_COMMISSION_INCOME":null,"FEE_COMMISSION_INCOME_YOY":null,"ACCOUNTS_RECE_TDAYS":1.421793302574,"INVENTORY_TDAYS":0.0941347579,"CURRENT_ASSETS_TDAYS":0.112696658407,"TOTAL_ASSETS_TDAYS":0.078042359098,"PREMIUM_EXPENSE":null,"LOAN_DEPOSIT":null,"LOAN_EQUITY":null,"LOAN_ASSETS":null,"DEPOSIT_EQUITY":null,"DEPOSIT_ASSETS":null,"EQUITY_MULTIPLIER":3.507535970895,"EQUITY_RATIO":2.731972160005},{"SECUCODE":"00846.HK","SECURITY_CODE":"00846","SECURITY_NAME_ABBR":"明发集团","ORG_CODE":"10149817","STD_REPORT_DATE":"2022-12-31 00:00:00","REPORT_DATE":"2022-12-31 00:00:00","DATE_TYPE_CODE":"001","REPORT_TYPE":"2022年年报","PER_NETCASH_OPERATE":0.0114815069,"PER_OI":1.734382364756,"BPS":2.951179048337,"BASIC_EPS":0.008,"DILUTED_EPS":0.008,"OPERATE_INCOME":10568374000,"OPERATE_INCOME_YOY":-35.6231544013,"GROSS_PROFIT":2288265000,"GROSS_PROFIT_YOY":-53.771228831776,"HOLDER_PROFIT":47961000,"HOLDER_PROFIT_YOY":-97.4524833785,"GROSS_PROFIT_RATIO":21.65200625943,"EPS_TTM":0.007870909243,"OPERATE_INCOME_QOQ":-16.692950130261,"NET_PROFIT_RATIO":0.1762333543,"ROE_AVG":0.267032419961,"GROSS_PROFIT_QOQ":-27.24191677541,"ROA":0.066183894478,"HOLDER_PROFIT_QOQ":-95.177317373362,"ROE_YEARLY":0.267032419961,"ROIC_YEARLY":0.070928274701,"TOTAL_ASSETS":71186822000,"TOTAL_LIABILITIES":51571020000,"TAX_EBT":98.095118286762,"OCF_SALES":0.66199398318,"TOTAL_PARENT_EQUITY":17982865000,"DEBT_ASSET_RATIO":72.4446162241,"OPERATE_PROFIT":1046700000,"PRETAX_PROFIT":977751000,"NETCASH_OPERATE":69962000,"NETCASH_INVEST":228812000,"NETCASH_FINANCE":-869793000,"END_CASH":2875412000,"DIVI_RATIO":null,"DIVIDEND_RATE":null,"CURRENT_RATIO":1.086842499156,"COMMON_ACS":12000000000,"CURRENTDEBT_DEBT":87.834019959272,"ISSUED_COMMON_SHARES":6093451026,"HK_COMMON_SHARES":6093451026,"PER_SHARES":1000,"TOTAL_MARKET_CAP":1035886674.42,"HKSK_MARKET_CAP":1035886674.42,"PE_TTM":-1.175704349031,"PB_TTM":0.053921601394,"REPORT_DATE_SQ":"2021-12-31 00:00:00","REPORT_TYPE_SQ":"2021年年报","OPERATE_INCOME_SQ":16416421000,"DPS_HKD":null,"OPERATE_INCOME_QOQ_SQ":10.513037019774,"NET_PROFIT_RATIO_SQ":12.1639485245,"HOLDER_PROFIT_SQ":1882657000,"HOLDER_PROFIT_QOQ_SQ":23.282828150539,"ROE_AVG_SQ":11.076363288068,"PE_TTM_SQ":22.246944667407,"PB_TTM_SQ":0.06282924484,"ROA_SQ":2.512690565012,"START_DATE":"2022-01-01 00:00:00","FISCAL_YEAR":"12-31","CURRENCY":"HKD","IS_CNY_CODE":0,"DPS_HKD_LY":null,"ORG_TYPE":"一般企业","PREMIUM_INCOME":null,"PREMIUM_INCOME_YOY":null,"NET_INTEREST_INCOME":null,"NET_INTEREST_INCOME_YOY":null,"FEE_COMMISSION_INCOME":null,"FEE_COMMISSION_INCOME_YOY":null,"ACCOUNTS_RECE_TDAYS":2.767500719478,"INVENTORY_TDAYS":0.256756622036,"CURRENT_ASSETS_TDAYS":0.205261251297,"TOTAL_ASSETS_TDAYS":0.145838524973,"PREMIUM_EXPENSE":null,"LOAN_DEPOSIT":null,"LOAN_EQUITY":null,"LOAN_ASSETS":null,"DEPOSIT_EQUITY":null,"DEPOSIT_ASSETS":null,"EQUITY_MULTIPLIER":3.629054881372,"EQUITY_RATIO":2.867786640227},{"SECUCODE":"00846.HK","SECURITY_CODE":"00846","SECURITY_NAME_ABBR":"明发集团","ORG_CODE":"10149817","STD_REPORT_DATE":"2022-06-30 00:00:00","REPORT_DATE":"2022-06-30 00:00:00","DATE_TYPE_CODE":"002","REPORT_TYPE":"2022年中报","PER_NETCASH_OPERATE":-0.0516319896,"PER_OI":0.977717384546,"BPS":2.993104551457,"BASIC_EPS":0.052,"DILUTED_EPS":0.052,"OPERATE_INCOME":5957673000,"OPERATE_INCOME_YOY":-38.5048932478,"GROSS_PROFIT":1427336000,"GROSS_PROFIT_YOY":-55.839781002025,"HOLDER_PROFIT":316809000,"HOLDER_PROFIT_YOY":-73.7083166664,"GROSS_PROFIT_RATIO":23.957944653894,"EPS_TTM":0.163206038049,"OPERATE_INCOME_QOQ":-22.723412124969,"NET_PROFIT_RATIO":4.6552739635,"ROE_AVG":1.751441083262,"GROSS_PROFIT_QOQ":-36.462357006403,"ROA":0.431120619264,"HOLDER_PROFIT_QOQ":-47.176357668975,"ROE_YEARLY":3.502882166524,"ROIC_YEARLY":0.924450671081,"TOTAL_ASSETS":73224287000,"TOTAL_LIABILITIES":53497191000,"TAX_EBT":62.266363722943,"OCF_SALES":-5.280870568089,"TOTAL_PARENT_EQUITY":18238336000,"DEBT_ASSET_RATIO":73.0593539272,"OPERATE_PROFIT":757533000,"PRETAX_PROFIT":735010000,"NETCASH_OPERATE":-314617000,"NETCASH_INVEST":-43198000,"NETCASH_FINANCE":-12006000,"END_CASH":3215188000,"DIVI_RATIO":null,"DIVIDEND_RATE":null,"CURRENT_RATIO":1.117938860026,"COMMON_ACS":12000000000,"CURRENTDEBT_DEBT":88.18096823065,"ISSUED_COMMON_SHARES":6093451026,"HK_COMMON_SHARES":6093451026,"PER_SHARES":1000,"TOTAL_MARKET_CAP":1035886674.42,"HKSK_MARKET_CAP":1035886674.42,"PE_TTM":-1.175704349031,"PB_TTM":0.053921601394,"REPORT_DATE_SQ":"2021-06-30 00:00:00","REPORT_TYPE_SQ":"2021年中报","OPERATE_INCOME_SQ":9688044000,"DPS_HKD":null,"OPERATE_INCOME_QOQ_SQ":15.524020167095,"NET_PROFIT_RATIO_SQ":12.9827548265,"HOLDER_PROFIT_SQ":1204978000,"HOLDER_PROFIT_QOQ_SQ":42.055657467321,"ROE_AVG_SQ":7.233612551874,"PE_TTM_SQ":22.246944667407,"PB_TTM_SQ":0.06282924484,"ROA_SQ":1.582361887111,"START_DATE":"2022-01-01 00:00:00","FISCAL_YEAR":"12-31","CURRENCY":"HKD","IS_CNY_CODE":0,"DPS_HKD_LY":null,"ORG_TYPE":"一般企业","PREMIUM_INCOME":null,"PREMIUM_INCOME_YOY":null,"NET_INTEREST_INCOME":null,"NET_INTEREST_INCOME_YOY":null,"FEE_COMMISSION_INCOME":null,"FEE_COMMISSION_INCOME_YOY":null,"ACCOUNTS_RECE_TDAYS":1.559483300533,"INVENTORY_TDAYS":0.188105199287,"CURRENT_ASSETS_TDAYS":0.111899791036,"TOTAL_ASSETS_TDAYS":0.081073317776,"PREMIUM_EXPENSE":null,"LOAN_DEPOSIT":null,"LOAN_EQUITY":null,"LOAN_ASSETS":null,"DEPOSIT_EQUITY":null,"DEPOSIT_ASSETS":null,"EQUITY_MULTIPLIER":3.711863469413,"EQUITY_RATIO":2.93322762559},{"SECUCODE":"00846.HK","SECURITY_CODE":"00846","SECURITY_NAME_ABBR":"明发集团","ORG_CODE":"10149817","STD_REPORT_DATE":"2021-12-31 00:00:00","REPORT_DATE":"2021-12-31 00:00:00","DATE_TYPE_CODE":"001","REPORT_TYPE":"2021年年报","PER_NETCASH_OPERATE":0.165535095908,"PER_OI":2.694108958939,"BPS":2.9439173177,"BASIC_EPS":0.309,"DILUTED_EPS":0.309,"OPERATE_INCOME":16416421000,"OPERATE_INCOME_YOY":27.669103174,"GROSS_PROFIT":4949872000,"GROSS_PROFIT_YOY":31.273497237616,"HOLDER_PROFIT":1882657000,"HOLDER_PROFIT_YOY":75.1302320736,"GROSS_PROFIT_RATIO":30.151955776475,"EPS_TTM":0.308963999541,"OPERATE_INCOME_QOQ":10.513037019774,"NET_PROFIT_RATIO":12.1639485245,"ROE_AVG":11.076363288068,"GROSS_PROFIT_QOQ":6.564912842717,"ROA":2.512690565012,"HOLDER_PROFIT_QOQ":23.282828150539,"ROE_YEARLY":11.076363288068,"ROIC_YEARLY":2.69642475015,"TOTAL_ASSETS":73745719000,"TOTAL_LIABILITIES":54286855000,"TAX_EBT":46.836581094457,"OCF_SALES":6.14433560153,"TOTAL_PARENT_EQUITY":17938616000,"DEBT_ASSET_RATIO":73.6135679957,"OPERATE_PROFIT":3752811000,"PRETAX_PROFIT":3756126000,"NETCASH_OPERATE":1008675000,"NETCASH_INVEST":103362000,"NETCASH_FINANCE":-1019494000,"END_CASH":3665916000,"DIVI_RATIO":null,"DIVIDEND_RATE":null,"CURRENT_RATIO":1.124563063213,"COMMON_ACS":12000000000,"CURRENTDEBT_DEBT":88.034641166817,"ISSUED_COMMON_SHARES":6093451026,"HK_COMMON_SHARES":6093451026,"PER_SHARES":1000,"TOTAL_MARKET_CAP":1035886674.42,"HKSK_MARKET_CAP":1035886674.42,"PE_TTM":-1.175704349031,"PB_TTM":0.053921601394,"REPORT_DATE_SQ":"2020-12-31 00:00:00","REPORT_TYPE_SQ":"2020年年报","OPERATE_INCOME_SQ":12858570000,"DPS_HKD":null,"OPERATE_INCOME_QOQ_SQ":-20.791890750137,"NET_PROFIT_RATIO_SQ":9.9372869611,"HOLDER_PROFIT_SQ":1075004000,"HOLDER_PROFIT_QOQ_SQ":-16.454903301768,"ROE_AVG_SQ":6.940004561664,"PE_TTM_SQ":22.246944667407,"PB_TTM_SQ":0.06282924484,"ROA_SQ":1.416047975105,"START_DATE":"2021-01-01 00:00:00","FISCAL_YEAR":"12-31","CURRENCY":"HKD","IS_CNY_CODE":0,"DPS_HKD_LY":null,"ORG_TYPE":"一般企业","PREMIUM_INCOME":null,"PREMIUM_INCOME_YOY":null,"NET_INTEREST_INCOME":null,"NET_INTEREST_INCOME_YOY":null,"FEE_COMMISSION_INCOME":null,"FEE_COMMISSION_INCOME_YOY":null,"ACCOUNTS_RECE_TDAYS":4.286434641316,"INVENTORY_TDAYS":0.418224967306,"CURRENT_ASSETS_TDAYS":0.298040330689,"TOTAL_ASSETS_TDAYS":0.219101972149,"PREMIUM_EXPENSE":null,"LOAN_DEPOSIT":null,"LOAN_EQUITY":null,"LOAN_ASSETS":null,"DEPOSIT_EQUITY":null,"DEPOSIT_ASSETS":null,"EQUITY_MULTIPLIER":3.789826528411,"EQUITY_RATIO":3.026256596384},{"SECUCODE":"00846.HK","SECURITY_CODE":"00846","SECURITY_NAME_ABBR":"明发集团","ORG_CODE":"10149817","STD_REPORT_DATE":"2021-06-30 00:00:00","REPORT_DATE":"2021-06-30 00:00:00","DATE_TYPE_CODE":"002","REPORT_TYPE":"2021年中报","PER_NETCASH_OPERATE":0.255399771551,"PER_OI":1.589910866381,"BPS":2.832640801797,"BASIC_EPS":0.198,"DILUTED_EPS":0.198,"OPERATE_INCOME":9688044000,"OPERATE_INCOME_YOY":25.9516240314,"GROSS_PROFIT":3232176000,"GROSS_PROFIT_YOY":37.078819422061,"HOLDER_PROFIT":1204978000,"HOLDER_PROFIT_YOY":60.0495697842,"GROSS_PROFIT_RATIO":33.362523952203,"EPS_TTM":0.250613977775,"OPERATE_INCOME_QOQ":15.524020167095,"NET_PROFIT_RATIO":12.9827548265,"ROE_AVG":7.233612551874,"GROSS_PROFIT_QOQ":23.186416368929,"ROA":1.582361887111,"HOLDER_PROFIT_QOQ":42.055657467321,"ROE_YEARLY":14.467225103747,"ROIC_YEARLY":3.404300570394,"TOTAL_ASSETS":76195032000,"TOTAL_LIABILITIES":57428847000,"TAX_EBT":48.147358752544,"OCF_SALES":16.063779231391,"TOTAL_PARENT_EQUITY":17260558000,"DEBT_ASSET_RATIO":75.3708548872,"OPERATE_PROFIT":2426562000,"PRETAX_PROFIT":2425672000,"NETCASH_OPERATE":1556266000,"NETCASH_INVEST":-269514000,"NETCASH_FINANCE":-766473000,"END_CASH":4187799000,"DIVI_RATIO":null,"DIVIDEND_RATE":null,"CURRENT_RATIO":1.08174803226,"COMMON_ACS":12000000000,"CURRENTDEBT_DEBT":90.609907247485,"ISSUED_COMMON_SHARES":6093451026,"HK_COMMON_SHARES":6093451026,"PER_SHARES":1000,"TOTAL_MARKET_CAP":1035886674.42,"HKSK_MARKET_CAP":1035886674.42,"PE_TTM":-1.175704349031,"PB_TTM":0.053921601394,"REPORT_DATE_SQ":"2020-06-30 00:00:00","REPORT_TYPE_SQ":"2020年中报","OPERATE_INCOME_SQ":7691877000,"DPS_HKD":null,"OPERATE_INCOME_QOQ_SQ":28.220820373154,"NET_PROFIT_RATIO_SQ":11.0175578731,"HOLDER_PROFIT_SQ":752878000,"HOLDER_PROFIT_QOQ_SQ":35.145340044028,"ROE_AVG_SQ":4.921587485506,"PE_TTM_SQ":22.246944667407,"PB_TTM_SQ":0.06282924484,"ROA_SQ":0.996661338474,"START_DATE":"2021-01-01 00:00:00","FISCAL_YEAR":"12-31","CURRENCY":"HKD","IS_CNY_CODE":0,"DPS_HKD_LY":null,"ORG_TYPE":"一般企业","PREMIUM_INCOME":null,"PREMIUM_INCOME_YOY":null,"NET_INTEREST_INCOME":null,"NET_INTEREST_INCOME_YOY":null,"FEE_COMMISSION_INCOME":null,"FEE_COMMISSION_INCOME_YOY":null,"ACCOUNTS_RECE_TDAYS":2.566910192598,"INVENTORY_TDAYS":0.22563242723,"CURRENT_ASSETS_TDAYS":0.171913683398,"TOTAL_ASSETS_TDAYS":0.127222169917,"PREMIUM_EXPENSE":null,"LOAN_DEPOSIT":null,"LOAN_EQUITY":null,"LOAN_ASSETS":null,"DEPOSIT_EQUITY":null,"DEPOSIT_ASSETS":null,"EQUITY_MULTIPLIER":4.060230249244,"EQUITY_RATIO":3.327172099535},{"SECUCODE":"00846.HK","SECURITY_CODE":"00846","SECURITY_NAME_ABBR":"明发集团","ORG_CODE":"10149817","STD_REPORT_DATE":"2020-12-31 00:00:00","REPORT_DATE":"2020-12-31 00:00:00","DATE_TYPE_CODE":"001","REPORT_TYPE":"2020年年报","PER_NETCASH_OPERATE":0.080292431647,"PER_OI":2.110227840535,"BPS":2.634881273599,"BASIC_EPS":0.176,"DILUTED_EPS":0.176,"OPERATE_INCOME":12858570000,"OPERATE_INCOME_YOY":1.5612874822,"GROSS_PROFIT":3770656000,"GROSS_PROFIT_YOY":-5.685877053789,"HOLDER_PROFIT":1075004000,"HOLDER_PROFIT_YOY":12.9073050229,"GROSS_PROFIT_RATIO":29.324069472733,"EPS_TTM":0.176419568388,"OPERATE_INCOME_QOQ":-20.791890750137,"NET_PROFIT_RATIO":9.9372869611,"ROE_AVG":6.940004561664,"GROSS_PROFIT_QOQ":-25.874018370216,"ROA":1.416047975105,"HOLDER_PROFIT_QOQ":-16.454903301768,"ROE_YEARLY":6.940004561664,"ROIC_YEARLY":1.518809960451,"TOTAL_ASSETS":76106159000,"TOTAL_LIABILITIES":58592909000,"TAX_EBT":47.764591900974,"OCF_SALES":3.80491765414,"TOTAL_PARENT_EQUITY":16055520000,"DEBT_ASSET_RATIO":76.9883932784,"OPERATE_PROFIT":2447706000,"PRETAX_PROFIT":2446220000,"NETCASH_OPERATE":489258000,"NETCASH_INVEST":261168000,"NETCASH_FINANCE":-560495000,"END_CASH":3619464000,"DIVI_RATIO":null,"DIVIDEND_RATE":null,"CURRENT_RATIO":1.058897639439,"COMMON_ACS":12000000000,"CURRENTDEBT_DEBT":90.932643402293,"ISSUED_COMMON_SHARES":6093451026,"HK_COMMON_SHARES":6093451026,"PER_SHARES":1000,"TOTAL_MARKET_CAP":1035886674.42,"HKSK_MARKET_CAP":1035886674.42,"PE_TTM":-1.175704349031,"PB_TTM":0.053921601394,"REPORT_DATE_SQ":"2019-12-31 00:00:00","REPORT_TYPE_SQ":"2019年年报","OPERATE_INCOME_SQ":12660897000,"DPS_HKD":null,"OPERATE_INCOME_QOQ_SQ":36.982267246452,"NET_PROFIT_RATIO_SQ":8.9719156549,"HOLDER_PROFIT_SQ":952112000,"HOLDER_PROFIT_QOQ_SQ":65.627902931199,"ROE_AVG_SQ":6.592759584906,"PE_TTM_SQ":22.246944667407,"PB_TTM_SQ":0.06282924484,"ROA_SQ":1.260251701032,"START_DATE":"2020-01-01 00:00:00","FISCAL_YEAR":"12-31","CURRENCY":"HKD","IS_CNY_CODE":0,"DPS_HKD_LY":null,"ORG_TYPE":"一般企业","PREMIUM_INCOME":null,"PREMIUM_INCOME_YOY":null,"NET_INTEREST_INCOME":null,"NET_INTEREST_INCOME_YOY":null,"FEE_COMMISSION_INCOME":null,"FEE_COMMISSION_INCOME_YOY":null,"ACCOUNTS_RECE_TDAYS":3.157268227118,"INVENTORY_TDAYS":0.306335818156,"CURRENT_ASSETS_TDAYS":0.229510115614,"TOTAL_ASSETS_TDAYS":0.16937938846,"PREMIUM_EXPENSE":null,"LOAN_DEPOSIT":null,"LOAN_EQUITY":null,"LOAN_ASSETS":null,"DEPOSIT_EQUITY":null,"DEPOSIT_ASSETS":null,"EQUITY_MULTIPLIER":4.345633106363,"EQUITY_RATIO":3.649393417342},{"SECUCODE":"00846.HK","SECURITY_CODE":"00846","SECURITY_NAME_ABBR":"明发集团","ORG_CODE":"10149817","STD_REPORT_DATE":"2020-06-30 00:00:00","REPORT_DATE":"2020-06-30 00:00:00","DATE_TYPE_CODE":"002","REPORT_TYPE":"2020年中报","PER_NETCASH_OPERATE":0.135291971082,"PER_OI":1.262318670845,"BPS":2.571699178862,"BASIC_EPS":0.124,"DILUTED_EPS":0.124,"OPERATE_INCOME":7691877000,"OPERATE_INCOME_YOY":86.7473538846,"GROSS_PROFIT":2357896000,"GROSS_PROFIT_YOY":85.799940270328,"HOLDER_PROFIT":752878000,"HOLDER_PROFIT_YOY":80.0045426833,"GROSS_PROFIT_RATIO":30.654364337859,"EPS_TTM":0.211166873174,"OPERATE_INCOME_QOQ":28.220820373154,"NET_PROFIT_RATIO":11.0175578731,"ROE_AVG":4.921587485506,"GROSS_PROFIT_QOQ":27.234905862366,"ROA":0.996661338474,"HOLDER_PROFIT_QOQ":35.145340044028,"ROE_YEARLY":9.843174971012,"ROIC_YEARLY":2.138204845342,"TOTAL_ASSETS":75354585000,"TOTAL_LIABILITIES":57812419000,"TAX_EBT":47.516685586391,"OCF_SALES":10.717735085988,"TOTAL_PARENT_EQUITY":15670523000,"DEBT_ASSET_RATIO":76.7205061245,"OPERATE_PROFIT":1603076000,"PRETAX_PROFIT":1614717000,"NETCASH_OPERATE":824395000,"NETCASH_INVEST":-670543000,"NETCASH_FINANCE":-511685000,"END_CASH":3117232000,"DIVI_RATIO":null,"DIVIDEND_RATE":null,"CURRENT_RATIO":1.040384764814,"COMMON_ACS":12000000000,"CURRENTDEBT_DEBT":92.337482020948,"ISSUED_COMMON_SHARES":6093451026,"HK_COMMON_SHARES":6093451026,"PER_SHARES":1000,"TOTAL_MARKET_CAP":1035886674.42,"HKSK_MARKET_CAP":1035886674.42,"PE_TTM":-1.175704349031,"PB_TTM":0.053921601394,"REPORT_DATE_SQ":"2019-06-30 00:00:00","REPORT_TYPE_SQ":"2019年中报","OPERATE_INCOME_SQ":4118868000,"DPS_HKD":null,"OPERATE_INCOME_QOQ_SQ":-20.607951636677,"NET_PROFIT_RATIO_SQ":10.9221999831,"HOLDER_PROFIT_SQ":418255000,"HOLDER_PROFIT_QOQ_SQ":-32.772057688439,"ROE_AVG_SQ":2.951779751943,"PE_TTM_SQ":22.246944667407,"PB_TTM_SQ":0.06282924484,"ROA_SQ":0.548480629778,"START_DATE":"2020-01-01 00:00:00","FISCAL_YEAR":"12-31","CURRENCY":"HKD","IS_CNY_CODE":0,"DPS_HKD_LY":null,"ORG_TYPE":"一般企业","PREMIUM_INCOME":null,"PREMIUM_INCOME_YOY":null,"NET_INTEREST_INCOME":null,"NET_INTEREST_INCOME_YOY":null,"FEE_COMMISSION_INCOME":null,"FEE_COMMISSION_INCOME_YOY":null,"ACCOUNTS_RECE_TDAYS":1.733831235474,"INVENTORY_TDAYS":0.187115242036,"CURRENT_ASSETS_TDAYS":0.13837728647,"TOTAL_ASSETS_TDAYS":0.101825215057,"PREMIUM_EXPENSE":null,"LOAN_DEPOSIT":null,"LOAN_EQUITY":null,"LOAN_ASSETS":null,"DEPOSIT_EQUITY":null,"DEPOSIT_ASSETS":null,"EQUITY_MULTIPLIER":4.29562603615,"EQUITY_RATIO":3.689246300203}],"count":35},"success":true,"message":"ok","code":0}