{"version":"79d4658734e424983074b1b4afbec81b","result":{"pages":4,"data":[{"SECUCODE":"00842.HK","SECURITY_CODE":"00842","SECURITY_NAME_ABBR":"理士国际","ORG_CODE":"10161007","STD_REPORT_DATE":"2024-06-30 00:00:00","REPORT_DATE":"2024-06-30 00:00:00","DATE_TYPE_CODE":"002","REPORT_TYPE":"2024年中报","PER_NETCASH_OPERATE":-0.435516127645,"PER_OI":5.482492662479,"BPS":3.215850502648,"BASIC_EPS":0.18,"DILUTED_EPS":0.17,"OPERATE_INCOME":7542913000,"OPERATE_INCOME_YOY":25.6436835295,"GROSS_PROFIT":1061772000,"GROSS_PROFIT_YOY":29.80415169075,"HOLDER_PROFIT":244819000,"HOLDER_PROFIT_YOY":5.6365315245,"GROSS_PROFIT_RATIO":14.076418487128,"EPS_TTM":0.398624624644,"OPERATE_INCOME_QOQ":11.428031654113,"NET_PROFIT_RATIO":3.204955433,"ROE_AVG":5.662909112274,"GROSS_PROFIT_QOQ":12.542631168175,"ROA":1.739428657662,"HOLDER_PROFIT_QOQ":2.439985654834,"ROE_YEARLY":11.325818224548,"ROIC_YEARLY":3.924418802695,"TOTAL_ASSETS":14054114000,"TOTAL_LIABILITIES":9220605000,"TAX_EBT":9.134407571538,"OCF_SALES":-7.943761249798,"TOTAL_PARENT_EQUITY":4447242000,"DEBT_ASSET_RATIO":65.6078711187,"OPERATE_PROFIT":439814000,"PRETAX_PROFIT":266049000,"NETCASH_OPERATE":-599191000,"NETCASH_INVEST":-372469000,"NETCASH_FINANCE":266085000,"END_CASH":856868000,"DIVI_RATIO":0.250718580392,"DIVIDEND_RATE":5,"CURRENT_RATIO":1.194006396151,"COMMON_ACS":10000000000,"CURRENTDEBT_DEBT":82.382132191977,"ISSUED_COMMON_SHARES":1382913166,"HK_COMMON_SHARES":1382913166,"PER_SHARES":1000,"TOTAL_MARKET_CAP":3042408965.2,"HKSK_MARKET_CAP":3042408965.2,"PE_TTM":5.006852257877,"PB_TTM":0.624374795516,"REPORT_DATE_SQ":"2023-06-30 00:00:00","REPORT_TYPE_SQ":"2023年中报","OPERATE_INCOME_SQ":6003416000,"DPS_HKD":0.11,"OPERATE_INCOME_QOQ_SQ":-1.283674373197,"NET_PROFIT_RATIO_SQ":3.8748938937,"HOLDER_PROFIT_SQ":231756000,"HOLDER_PROFIT_QOQ_SQ":29.156089364278,"ROE_AVG_SQ":5.331501393268,"PE_TTM_SQ":2.541701956486,"PB_TTM_SQ":0.36641414202,"ROA_SQ":1.922444976028,"START_DATE":"2024-01-01 00:00:00","FISCAL_YEAR":"12-31","CURRENCY":"HKD","IS_CNY_CODE":0,"DPS_HKD_LY":0.11,"ORG_TYPE":"一般企业","PREMIUM_INCOME":null,"PREMIUM_INCOME_YOY":null,"NET_INTEREST_INCOME":null,"NET_INTEREST_INCOME_YOY":null,"FEE_COMMISSION_INCOME":null,"FEE_COMMISSION_INCOME_YOY":null,"ACCOUNTS_RECE_TDAYS":2.238801190202,"INVENTORY_TDAYS":2.189893898384,"CURRENT_ASSETS_TDAYS":0.818079627299,"TOTAL_ASSETS_TDAYS":0.5359207837,"PREMIUM_EXPENSE":null,"LOAN_DEPOSIT":null,"LOAN_EQUITY":null,"LOAN_ASSETS":null,"DEPOSIT_EQUITY":null,"DEPOSIT_ASSETS":null,"EQUITY_MULTIPLIER":2.907642046386,"EQUITY_RATIO":2.07333106676},{"SECUCODE":"00842.HK","SECURITY_CODE":"00842","SECURITY_NAME_ABBR":"理士国际","ORG_CODE":"10161007","STD_REPORT_DATE":"2023-12-31 00:00:00","REPORT_DATE":"2023-12-31 00:00:00","DATE_TYPE_CODE":"001","REPORT_TYPE":"2023年年报","PER_NETCASH_OPERATE":0.705493839736,"PER_OI":9.861879246545,"BPS":3.036461075966,"BASIC_EPS":0.39,"DILUTED_EPS":0.38,"OPERATE_INCOME":13471235000,"OPERATE_INCOME_YOY":4.8683081451,"GROSS_PROFIT":1943707000,"GROSS_PROFIT_YOY":21.87977732268,"HOLDER_PROFIT":535372000,"HOLDER_PROFIT_YOY":11.2865977238,"GROSS_PROFIT_RATIO":14.428573178332,"EPS_TTM":0.391929471647,"OPERATE_INCOME_QOQ":6.231980859493,"NET_PROFIT_RATIO":4.2151740356,"ROE_AVG":13.348525950453,"GROSS_PROFIT_QOQ":12.52550152025,"ROA":4.354451889269,"HOLDER_PROFIT_QOQ":-6.381728618717,"ROE_YEARLY":13.348525950453,"ROIC_YEARLY":4.869969604761,"TOTAL_ASSETS":14095244000,"TOTAL_LIABILITIES":9506604000,"TAX_EBT":11.806713944466,"OCF_SALES":7.153746482784,"TOTAL_PARENT_EQUITY":4199162000,"DEBT_ASSET_RATIO":67.4454730972,"OPERATE_PROFIT":867408000,"PRETAX_PROFIT":643854000,"NETCASH_OPERATE":963698000,"NETCASH_INVEST":-964276000,"NETCASH_FINANCE":1138037000,"END_CASH":1563343000,"DIVI_RATIO":0.255001491927,"DIVIDEND_RATE":7.236842105263,"CURRENT_RATIO":1.141370567063,"COMMON_ACS":10000000000,"CURRENTDEBT_DEBT":86.361512481218,"ISSUED_COMMON_SHARES":1382913166,"HK_COMMON_SHARES":1382913166,"PER_SHARES":1000,"TOTAL_MARKET_CAP":2102028012.32,"HKSK_MARKET_CAP":2102028012.32,"PE_TTM":3.459279741806,"PB_TTM":0.431386222356,"REPORT_DATE_SQ":"2022-12-31 00:00:00","REPORT_TYPE_SQ":"2022年年报","OPERATE_INCOME_SQ":12845859000,"DPS_HKD":0.11,"OPERATE_INCOME_QOQ_SQ":4.514794139557,"NET_PROFIT_RATIO_SQ":3.6154919652,"HOLDER_PROFIT_SQ":481075000,"HOLDER_PROFIT_QOQ_SQ":136.806862912887,"ROE_AVG_SQ":12.284012226528,"PE_TTM_SQ":2.498254059794,"PB_TTM_SQ":0.360150652413,"ROA_SQ":4.407769114656,"START_DATE":"2023-01-01 00:00:00","FISCAL_YEAR":"12-31","CURRENCY":"HKD","IS_CNY_CODE":0,"DPS_HKD_LY":0.14,"ORG_TYPE":"一般企业","PREMIUM_INCOME":null,"PREMIUM_INCOME_YOY":null,"NET_INTEREST_INCOME":null,"NET_INTEREST_INCOME_YOY":null,"FEE_COMMISSION_INCOME":null,"FEE_COMMISSION_INCOME_YOY":null,"ACCOUNTS_RECE_TDAYS":4.502820690018,"INVENTORY_TDAYS":4.71937754724,"CURRENT_ASSETS_TDAYS":1.667212658665,"TOTAL_ASSETS_TDAYS":1.095683836595,"PREMIUM_EXPENSE":null,"LOAN_DEPOSIT":null,"LOAN_EQUITY":null,"LOAN_ASSETS":null,"DEPOSIT_EQUITY":null,"DEPOSIT_ASSETS":null,"EQUITY_MULTIPLIER":3.071769413163,"EQUITY_RATIO":2.263928850566},{"SECUCODE":"00842.HK","SECURITY_CODE":"00842","SECURITY_NAME_ABBR":"理士国际","ORG_CODE":"10161007","STD_REPORT_DATE":"2023-06-30 00:00:00","REPORT_DATE":"2023-06-30 00:00:00","DATE_TYPE_CODE":"002","REPORT_TYPE":"2023年中报","PER_NETCASH_OPERATE":-0.045853454129,"PER_OI":4.408740693687,"BPS":2.908518841884,"BASIC_EPS":0.17,"DILUTED_EPS":0.16,"OPERATE_INCOME":6003416000,"OPERATE_INCOME_YOY":-2.6733232658,"GROSS_PROFIT":817980000,"GROSS_PROFIT_YOY":19.342404355958,"HOLDER_PROFIT":231756000,"HOLDER_PROFIT_YOY":161.3284178955,"GROSS_PROFIT_RATIO":13.625242695159,"EPS_TTM":0.419963120043,"OPERATE_INCOME_QOQ":-1.283674373197,"NET_PROFIT_RATIO":3.8748938937,"ROE_AVG":5.331501393268,"GROSS_PROFIT_QOQ":8.31302742583,"ROA":1.922444976028,"HOLDER_PROFIT_QOQ":29.156089364278,"ROE_YEARLY":10.663002786536,"ROIC_YEARLY":4.095940775104,"TOTAL_ASSETS":11260714000,"TOTAL_LIABILITIES":7000956000,"TAX_EBT":13.64737322824,"OCF_SALES":-1.040057860391,"TOTAL_PARENT_EQUITY":4022229000,"DEBT_ASSET_RATIO":62.1715106165,"OPERATE_PROFIT":361895000,"PRETAX_PROFIT":295610000,"NETCASH_OPERATE":-62439000,"NETCASH_INVEST":-161788000,"NETCASH_FINANCE":195099000,"END_CASH":445747000,"DIVI_RATIO":0.237979468268,"DIVIDEND_RATE":7.236842105263,"CURRENT_RATIO":1.151327753259,"COMMON_ACS":10000000000,"CURRENTDEBT_DEBT":93.094086007682,"ISSUED_COMMON_SHARES":1382913166,"HK_COMMON_SHARES":1382913166,"PER_SHARES":1000,"TOTAL_MARKET_CAP":2102028012.32,"HKSK_MARKET_CAP":2102028012.32,"PE_TTM":3.459279741806,"PB_TTM":0.431386222356,"REPORT_DATE_SQ":"2022-06-30 00:00:00","REPORT_TYPE_SQ":"2022年中报","OPERATE_INCOME_SQ":6168315000,"DPS_HKD":0.11,"OPERATE_INCOME_QOQ_SQ":8.739379596351,"NET_PROFIT_RATIO_SQ":1.5641224548,"HOLDER_PROFIT_SQ":80020000,"HOLDER_PROFIT_QOQ_SQ":37.355097483214,"ROE_AVG_SQ":2.322382842577,"PE_TTM_SQ":2.498254059794,"PB_TTM_SQ":0.360150652413,"ROA_SQ":0.811129483107,"START_DATE":"2023-01-01 00:00:00","FISCAL_YEAR":"12-31","CURRENCY":"HKD","IS_CNY_CODE":0,"DPS_HKD_LY":0.14,"ORG_TYPE":"一般企业","PREMIUM_INCOME":null,"PREMIUM_INCOME_YOY":null,"NET_INTEREST_INCOME":null,"NET_INTEREST_INCOME_YOY":null,"FEE_COMMISSION_INCOME":null,"FEE_COMMISSION_INCOME_YOY":null,"ACCOUNTS_RECE_TDAYS":2.158502880141,"INVENTORY_TDAYS":2.176355601294,"CURRENT_ASSETS_TDAYS":0.840036120589,"TOTAL_ASSETS_TDAYS":0.551908611444,"PREMIUM_EXPENSE":null,"LOAN_DEPOSIT":null,"LOAN_EQUITY":null,"LOAN_ASSETS":null,"DEPOSIT_EQUITY":null,"DEPOSIT_ASSETS":null,"EQUITY_MULTIPLIER":2.643510265139,"EQUITY_RATIO":1.740566238272},{"SECUCODE":"00842.HK","SECURITY_CODE":"00842","SECURITY_NAME_ABBR":"理士国际","ORG_CODE":"10161007","STD_REPORT_DATE":"2022-12-31 00:00:00","REPORT_DATE":"2022-12-31 00:00:00","DATE_TYPE_CODE":"001","REPORT_TYPE":"2022年年报","PER_NETCASH_OPERATE":0.58040523718,"PER_OI":9.459711227208,"BPS":2.763932034182,"BASIC_EPS":0.35,"DILUTED_EPS":0.35,"OPERATE_INCOME":12845859000,"OPERATE_INCOME_YOY":13.6487387338,"GROSS_PROFIT":1594774000,"GROSS_PROFIT_YOY":5.634739479077,"HOLDER_PROFIT":481075000,"HOLDER_PROFIT_YOY":225.2662974009,"GROSS_PROFIT_RATIO":12.414693326464,"EPS_TTM":0.326058012897,"OPERATE_INCOME_QOQ":4.514794139557,"NET_PROFIT_RATIO":3.6154919652,"ROE_AVG":12.284012226528,"GROSS_PROFIT_QOQ":9.97296143643,"ROA":4.407769114656,"HOLDER_PROFIT_QOQ":136.806862912887,"ROE_YEARLY":12.284012226528,"ROIC_YEARLY":4.685415758268,"TOTAL_ASSETS":10494395000,"TOTAL_LIABILITIES":6458160000,"TAX_EBT":13.823981131041,"OCF_SALES":6.135549206947,"TOTAL_PARENT_EQUITY":3822278000,"DEBT_ASSET_RATIO":61.5391358911,"OPERATE_PROFIT":739614000,"PRETAX_PROFIT":583392000,"NETCASH_OPERATE":788164000,"NETCASH_INVEST":-811259000,"NETCASH_FINANCE":80929000,"END_CASH":436194000,"DIVI_RATIO":0.306517846662,"DIVIDEND_RATE":7.236842105263,"CURRENT_RATIO":1.093561043321,"COMMON_ACS":10000000000,"CURRENTDEBT_DEBT":96.13572596529,"ISSUED_COMMON_SHARES":1382913166,"HK_COMMON_SHARES":1382913166,"PER_SHARES":1000,"TOTAL_MARKET_CAP":2102028012.32,"HKSK_MARKET_CAP":2102028012.32,"PE_TTM":3.459279741806,"PB_TTM":0.431386222356,"REPORT_DATE_SQ":"2021-12-31 00:00:00","REPORT_TYPE_SQ":"2021年年报","OPERATE_INCOME_SQ":11303125000,"DPS_HKD":0.11,"OPERATE_INCOME_QOQ_SQ":1.576736048361,"NET_PROFIT_RATIO_SQ":1.4750699475,"HOLDER_PROFIT_SQ":136126000,"HOLDER_PROFIT_QOQ_SQ":6.561560621242,"ROE_AVG_SQ":4.107880524248,"PE_TTM_SQ":2.498254059794,"PB_TTM_SQ":0.360150652413,"ROA_SQ":1.458313458546,"START_DATE":"2022-01-01 00:00:00","FISCAL_YEAR":"12-31","CURRENCY":"HKD","IS_CNY_CODE":0,"DPS_HKD_LY":null,"ORG_TYPE":"一般企业","PREMIUM_INCOME":null,"PREMIUM_INCOME_YOY":null,"NET_INTEREST_INCOME":null,"NET_INTEREST_INCOME_YOY":null,"FEE_COMMISSION_INCOME":null,"FEE_COMMISSION_INCOME_YOY":null,"ACCOUNTS_RECE_TDAYS":4.703783610397,"INVENTORY_TDAYS":5.414738604037,"CURRENT_ASSETS_TDAYS":1.994110587577,"TOTAL_ASSETS_TDAYS":1.27879767807,"PREMIUM_EXPENSE":null,"LOAN_DEPOSIT":null,"LOAN_EQUITY":null,"LOAN_ASSETS":null,"DEPOSIT_EQUITY":null,"DEPOSIT_ASSETS":null,"EQUITY_MULTIPLIER":2.600045587038,"EQUITY_RATIO":1.6896102272},{"SECUCODE":"00842.HK","SECURITY_CODE":"00842","SECURITY_NAME_ABBR":"理士国际","ORG_CODE":"10161007","STD_REPORT_DATE":"2022-06-30 00:00:00","REPORT_DATE":"2022-06-30 00:00:00","DATE_TYPE_CODE":"002","REPORT_TYPE":"2022年中报","PER_NETCASH_OPERATE":0.276952320021,"PER_OI":4.542691610856,"BPS":2.534187312814,"BASIC_EPS":0.06,"DILUTED_EPS":0.06,"OPERATE_INCOME":6168315000,"OPERATE_INCOME_YOY":19.0681309806,"GROSS_PROFIT":685406000,"GROSS_PROFIT_YOY":-7.994378229196,"HOLDER_PROFIT":80020000,"HOLDER_PROFIT_YOY":174.3229345218,"GROSS_PROFIT_RATIO":11.111721758698,"EPS_TTM":0.137699567326,"OPERATE_INCOME_QOQ":8.739379596351,"NET_PROFIT_RATIO":1.5641224548,"ROE_AVG":2.322382842577,"GROSS_PROFIT_QOQ":-3.944807797015,"ROA":0.811129483107,"HOLDER_PROFIT_QOQ":37.355097483214,"ROE_YEARLY":4.644765685154,"ROIC_YEARLY":1.725255256442,"TOTAL_ASSETS":10134381000,"TOTAL_LIABILITIES":6420932000,"TAX_EBT":33.250311332503,"OCF_SALES":6.096656866584,"TOTAL_PARENT_EQUITY":3504561000,"DEBT_ASSET_RATIO":63.3579100687,"OPERATE_PROFIT":218660000,"PRETAX_PROFIT":144540000,"NETCASH_OPERATE":376061000,"NETCASH_INVEST":-373343000,"NETCASH_FINANCE":32571000,"END_CASH":428641000,"DIVI_RATIO":0.725801844847,"DIVIDEND_RATE":7.236842105263,"CURRENT_RATIO":1.056933926533,"COMMON_ACS":10000000000,"CURRENTDEBT_DEBT":96.199383516287,"ISSUED_COMMON_SHARES":1382913166,"HK_COMMON_SHARES":1382913166,"PER_SHARES":1000,"TOTAL_MARKET_CAP":2102028012.32,"HKSK_MARKET_CAP":2102028012.32,"PE_TTM":3.459279741806,"PB_TTM":0.431386222356,"REPORT_DATE_SQ":"2021-06-30 00:00:00","REPORT_TYPE_SQ":"2021年中报","OPERATE_INCOME_SQ":5180492000,"DPS_HKD":0.11,"OPERATE_INCOME_QOQ_SQ":15.535798571375,"NET_PROFIT_RATIO_SQ":0.8587215268,"HOLDER_PROFIT_SQ":29170000,"HOLDER_PROFIT_QOQ_SQ":3.242491837197,"ROE_AVG_SQ":0.895591858189,"PE_TTM_SQ":2.498254059794,"PB_TTM_SQ":0.360150652413,"ROA_SQ":0.317393391809,"START_DATE":"2022-01-01 00:00:00","FISCAL_YEAR":"12-31","CURRENCY":"HKD","IS_CNY_CODE":0,"DPS_HKD_LY":null,"ORG_TYPE":"一般企业","PREMIUM_INCOME":null,"PREMIUM_INCOME_YOY":null,"NET_INTEREST_INCOME":null,"NET_INTEREST_INCOME_YOY":null,"FEE_COMMISSION_INCOME":null,"FEE_COMMISSION_INCOME_YOY":null,"ACCOUNTS_RECE_TDAYS":2.244873412055,"INVENTORY_TDAYS":2.578169365921,"CURRENT_ASSETS_TDAYS":0.977322305323,"TOTAL_ASSETS_TDAYS":0.625256455585,"PREMIUM_EXPENSE":null,"LOAN_DEPOSIT":null,"LOAN_EQUITY":null,"LOAN_ASSETS":null,"DEPOSIT_EQUITY":null,"DEPOSIT_ASSETS":null,"EQUITY_MULTIPLIER":2.72910197501,"EQUITY_RATIO":1.832164428013},{"SECUCODE":"00842.HK","SECURITY_CODE":"00842","SECURITY_NAME_ABBR":"理士国际","ORG_CODE":"10161007","STD_REPORT_DATE":"2021-12-31 00:00:00","REPORT_DATE":"2021-12-31 00:00:00","DATE_TYPE_CODE":"001","REPORT_TYPE":"2021年年报","PER_NETCASH_OPERATE":0.529317325334,"PER_OI":8.324252427763,"BPS":2.449848684136,"BASIC_EPS":0.1,"DILUTED_EPS":0.1,"OPERATE_INCOME":11303125000,"OPERATE_INCOME_YOY":17.3574931562,"GROSS_PROFIT":1509706000,"GROSS_PROFIT_YOY":27.049792178436,"HOLDER_PROFIT":136126000,"HOLDER_PROFIT_YOY":10.016810526,"GROSS_PROFIT_RATIO":13.356536356096,"EPS_TTM":0.100250787811,"OPERATE_INCOME_QOQ":1.576736048361,"NET_PROFIT_RATIO":1.4750699475,"ROE_AVG":4.107880524248,"GROSS_PROFIT_QOQ":3.696646786461,"ROA":1.458313458546,"HOLDER_PROFIT_QOQ":6.561560621242,"ROE_YEARLY":4.107880524248,"ROIC_YEARLY":1.548545859287,"TOTAL_ASSETS":9596131000,"TOTAL_LIABILITIES":6017066000,"TAX_EBT":13.145693984289,"OCF_SALES":6.358737074924,"TOTAL_PARENT_EQUITY":3386637000,"DEBT_ASSET_RATIO":62.7030414654,"OPERATE_PROFIT":335838000,"PRETAX_PROFIT":191964000,"NETCASH_OPERATE":718736000,"NETCASH_INVEST":-689435000,"NETCASH_FINANCE":-41231000,"END_CASH":349229000,"DIVI_RATIO":0.996925831525,"DIVIDEND_RATE":7.236842105263,"CURRENT_RATIO":1.097576595852,"COMMON_ACS":10000000000,"CURRENTDEBT_DEBT":92.279526267453,"ISSUED_COMMON_SHARES":1382913166,"HK_COMMON_SHARES":1382913166,"PER_SHARES":1000,"TOTAL_MARKET_CAP":2102028012.32,"HKSK_MARKET_CAP":2102028012.32,"PE_TTM":3.459279741806,"PB_TTM":0.431386222356,"REPORT_DATE_SQ":"2020-12-31 00:00:00","REPORT_TYPE_SQ":"2020年年报","OPERATE_INCOME_SQ":9631362000,"DPS_HKD":0.11,"OPERATE_INCOME_QOQ_SQ":19.156417632804,"NET_PROFIT_RATIO_SQ":1.43244538,"HOLDER_PROFIT_SQ":123732000,"HOLDER_PROFIT_QOQ_SQ":72.904235547295,"ROE_AVG_SQ":3.89255182802,"PE_TTM_SQ":2.498254059794,"PB_TTM_SQ":0.360150652413,"ROA_SQ":1.394606668779,"START_DATE":"2021-01-01 00:00:00","FISCAL_YEAR":"12-31","CURRENCY":"HKD","IS_CNY_CODE":0,"DPS_HKD_LY":null,"ORG_TYPE":"一般企业","PREMIUM_INCOME":null,"PREMIUM_INCOME_YOY":null,"NET_INTEREST_INCOME":null,"NET_INTEREST_INCOME_YOY":null,"FEE_COMMISSION_INCOME":null,"FEE_COMMISSION_INCOME_YOY":null,"ACCOUNTS_RECE_TDAYS":4.393506171947,"INVENTORY_TDAYS":5.159645009694,"CURRENT_ASSETS_TDAYS":1.934059779804,"TOTAL_ASSETS_TDAYS":1.210900144802,"PREMIUM_EXPENSE":null,"LOAN_DEPOSIT":null,"LOAN_EQUITY":null,"LOAN_ASSETS":null,"DEPOSIT_EQUITY":null,"DEPOSIT_ASSETS":null,"EQUITY_MULTIPLIER":2.68118377286,"EQUITY_RATIO":1.77670828022},{"SECUCODE":"00842.HK","SECURITY_CODE":"00842","SECURITY_NAME_ABBR":"理士国际","ORG_CODE":"10161007","STD_REPORT_DATE":"2021-06-30 00:00:00","REPORT_DATE":"2021-06-30 00:00:00","DATE_TYPE_CODE":"002","REPORT_TYPE":"2021年中报","PER_NETCASH_OPERATE":0.214975142266,"PER_OI":3.815203592635,"BPS":2.36782907308,"BASIC_EPS":0.02,"DILUTED_EPS":0.02,"OPERATE_INCOME":5180492000,"OPERATE_INCOME_YOY":40.6144048762,"GROSS_PROFIT":744961000,"GROSS_PROFIT_YOY":56.060818723251,"HOLDER_PROFIT":29170000,"HOLDER_PROFIT_YOY":15.94721361,"GROSS_PROFIT_RATIO":14.380120652633,"EPS_TTM":0.094077814952,"OPERATE_INCOME_QOQ":15.535798571375,"NET_PROFIT_RATIO":0.8587215268,"ROE_AVG":0.895591858189,"GROSS_PROFIT_QOQ":22.520636988451,"ROA":0.317393391809,"HOLDER_PROFIT_QOQ":3.242491837197,"ROE_YEARLY":1.791183716378,"ROIC_YEARLY":0.672462709672,"TOTAL_ASSETS":9308143000,"TOTAL_LIABILITIES":5857858000,"TAX_EBT":19.878248653711,"OCF_SALES":5.634696472845,"TOTAL_PARENT_EQUITY":3274502000,"DEBT_ASSET_RATIO":62.9326171719,"OPERATE_PROFIT":197667000,"PRETAX_PROFIT":55523000,"NETCASH_OPERATE":291905000,"NETCASH_INVEST":-313161000,"NETCASH_FINANCE":-14239000,"END_CASH":306586000,"DIVI_RATIO":1.062339724309,"DIVIDEND_RATE":7.236842105263,"CURRENT_RATIO":1.100892507373,"COMMON_ACS":10000000000,"CURRENTDEBT_DEBT":90.379418551969,"ISSUED_COMMON_SHARES":1382913166,"HK_COMMON_SHARES":1382913166,"PER_SHARES":1000,"TOTAL_MARKET_CAP":2102028012.32,"HKSK_MARKET_CAP":2102028012.32,"PE_TTM":3.459279741806,"PB_TTM":0.431386222356,"REPORT_DATE_SQ":"2020-06-30 00:00:00","REPORT_TYPE_SQ":"2020年中报","OPERATE_INCOME_SQ":3684183000,"DPS_HKD":0.11,"OPERATE_INCOME_QOQ_SQ":-3.345382041876,"NET_PROFIT_RATIO_SQ":0.3617627029,"HOLDER_PROFIT_SQ":25158000,"HOLDER_PROFIT_QOQ_SQ":-46.026729820645,"ROE_AVG_SQ":0.806481859928,"PE_TTM_SQ":2.498254059794,"PB_TTM_SQ":0.360150652413,"ROA_SQ":0.288541535966,"START_DATE":"2021-01-01 00:00:00","FISCAL_YEAR":"12-31","CURRENCY":"HKD","IS_CNY_CODE":0,"DPS_HKD_LY":null,"ORG_TYPE":"一般企业","PREMIUM_INCOME":null,"PREMIUM_INCOME_YOY":null,"NET_INTEREST_INCOME":null,"NET_INTEREST_INCOME_YOY":null,"FEE_COMMISSION_INCOME":null,"FEE_COMMISSION_INCOME_YOY":null,"ACCOUNTS_RECE_TDAYS":2.1031488415,"INVENTORY_TDAYS":2.323862609362,"CURRENT_ASSETS_TDAYS":0.907057418373,"TOTAL_ASSETS_TDAYS":0.563679783037,"PREMIUM_EXPENSE":null,"LOAN_DEPOSIT":null,"LOAN_EQUITY":null,"LOAN_ASSETS":null,"DEPOSIT_EQUITY":null,"DEPOSIT_ASSETS":null,"EQUITY_MULTIPLIER":2.69778960289,"EQUITY_RATIO":1.788930958051},{"SECUCODE":"00842.HK","SECURITY_CODE":"00842","SECURITY_NAME_ABBR":"理士国际","ORG_CODE":"10161007","STD_REPORT_DATE":"2020-12-31 00:00:00","REPORT_DATE":"2020-12-31 00:00:00","DATE_TYPE_CODE":"001","REPORT_TYPE":"2020年年报","PER_NETCASH_OPERATE":0.562037342398,"PER_OI":7.094169955661,"BPS":2.342609846843,"BASIC_EPS":0.09,"DILUTED_EPS":0.09,"OPERATE_INCOME":9631362000,"OPERATE_INCOME_YOY":15.1701802356,"GROSS_PROFIT":1188279000,"GROSS_PROFIT_YOY":17.027317690021,"HOLDER_PROFIT":123732000,"HOLDER_PROFIT_YOY":-6.6779297965,"GROSS_PROFIT_RATIO":12.337600850222,"EPS_TTM":0.091137249016,"OPERATE_INCOME_QOQ":19.156417632804,"NET_PROFIT_RATIO":1.43244538,"ROE_AVG":3.89255182802,"GROSS_PROFIT_QOQ":16.188447048401,"ROA":1.394606668779,"HOLDER_PROFIT_QOQ":72.904235547295,"ROE_YEARLY":3.89255182802,"ROIC_YEARLY":1.476554805695,"TOTAL_ASSETS":9072832000,"TOTAL_LIABILITIES":5672896000,"TAX_EBT":14.653700541905,"OCF_SALES":7.922524353253,"TOTAL_PARENT_EQUITY":3239626000,"DEBT_ASSET_RATIO":62.5261880745,"OPERATE_PROFIT":355706000,"PRETAX_PROFIT":161652000,"NETCASH_OPERATE":763047000,"NETCASH_INVEST":-490837000,"NETCASH_FINANCE":-111865000,"END_CASH":387148000,"DIVI_RATIO":1.096616378917,"DIVIDEND_RATE":7.236842105263,"CURRENT_RATIO":1.119337239216,"COMMON_ACS":10000000000,"CURRENTDEBT_DEBT":88.098935711143,"ISSUED_COMMON_SHARES":1382913166,"HK_COMMON_SHARES":1382913166,"PER_SHARES":1000,"TOTAL_MARKET_CAP":2102028012.32,"HKSK_MARKET_CAP":2102028012.32,"PE_TTM":3.459279741806,"PB_TTM":0.431386222356,"REPORT_DATE_SQ":"2019-12-31 00:00:00","REPORT_TYPE_SQ":"2019年年报","OPERATE_INCOME_SQ":8362722000,"DPS_HKD":0.11,"OPERATE_INCOME_QOQ_SQ":-1.866948609569,"NET_PROFIT_RATIO_SQ":1.5250178112,"HOLDER_PROFIT_SQ":132586000,"HOLDER_PROFIT_QOQ_SQ":6.834590343583,"ROE_AVG_SQ":4.350881499303,"PE_TTM_SQ":2.498254059794,"PB_TTM_SQ":0.360150652413,"ROA_SQ":1.497843854303,"START_DATE":"2020-01-01 00:00:00","FISCAL_YEAR":"12-31","CURRENCY":"HKD","IS_CNY_CODE":0,"DPS_HKD_LY":0.02,"ORG_TYPE":"一般企业","PREMIUM_INCOME":null,"PREMIUM_INCOME_YOY":null,"NET_INTEREST_INCOME":null,"NET_INTEREST_INCOME_YOY":null,"FEE_COMMISSION_INCOME":null,"FEE_COMMISSION_INCOME_YOY":null,"ACCOUNTS_RECE_TDAYS":4.075432657287,"INVENTORY_TDAYS":4.698602342322,"CURRENT_ASSETS_TDAYS":1.769610710382,"TOTAL_ASSETS_TDAYS":1.085568945352,"PREMIUM_EXPENSE":null,"LOAN_DEPOSIT":null,"LOAN_EQUITY":null,"LOAN_ASSETS":null,"DEPOSIT_EQUITY":null,"DEPOSIT_ASSETS":null,"EQUITY_MULTIPLIER":2.66853023116,"EQUITY_RATIO":1.751095959842},{"SECUCODE":"00842.HK","SECURITY_CODE":"00842","SECURITY_NAME_ABBR":"理士国际","ORG_CODE":"10161007","STD_REPORT_DATE":"2020-06-30 00:00:00","REPORT_DATE":"2020-06-30 00:00:00","DATE_TYPE_CODE":"002","REPORT_TYPE":"2020年中报","PER_NETCASH_OPERATE":0.232083554623,"PER_OI":2.713657772364,"BPS":2.256977572227,"BASIC_EPS":0.02,"DILUTED_EPS":0.02,"OPERATE_INCOME":3684183000,"OPERATE_INCOME_YOY":-7.057736378,"GROSS_PROFIT":477353000,"GROSS_PROFIT_YOY":1.559714226143,"HOLDER_PROFIT":25158000,"HOLDER_PROFIT_YOY":-70.8086281517,"GROSS_PROFIT_RATIO":12.956821091678,"EPS_TTM":0.05270966829,"OPERATE_INCOME_QOQ":-3.345382041876,"NET_PROFIT_RATIO":0.3617627029,"ROE_AVG":0.806481859928,"GROSS_PROFIT_QOQ":0.721991439709,"ROA":0.288541535966,"HOLDER_PROFIT_QOQ":-46.026729820645,"ROE_YEARLY":1.612963719857,"ROIC_YEARLY":0.605463940234,"TOTAL_ASSETS":8766518000,"TOTAL_LIABILITIES":5511118000,"TAX_EBT":48.919208952936,"OCF_SALES":8.552425327406,"TOTAL_PARENT_EQUITY":3121204000,"DEBT_ASSET_RATIO":62.865529963,"OPERATE_PROFIT":134943000,"PRETAX_PROFIT":26092000,"NETCASH_OPERATE":315087000,"NETCASH_INVEST":-235499000,"NETCASH_FINANCE":-135123000,"END_CASH":245859000,"DIVI_RATIO":1.896096166853,"DIVIDEND_RATE":7.236842105263,"CURRENT_RATIO":1.137885978174,"COMMON_ACS":10000000000,"CURRENTDEBT_DEBT":86.210148285702,"ISSUED_COMMON_SHARES":1382913166,"HK_COMMON_SHARES":1382913166,"PER_SHARES":1000,"TOTAL_MARKET_CAP":2102028012.32,"HKSK_MARKET_CAP":2102028012.32,"PE_TTM":3.459279741806,"PB_TTM":0.431386222356,"REPORT_DATE_SQ":"2019-06-30 00:00:00","REPORT_TYPE_SQ":"2019年中报","OPERATE_INCOME_SQ":3963948000,"DPS_HKD":0.11,"OPERATE_INCOME_QOQ_SQ":-10.714094877236,"NET_PROFIT_RATIO_SQ":1.9852177677,"HOLDER_PROFIT_SQ":86183000,"HOLDER_PROFIT_QOQ_SQ":16.619368903757,"ROE_AVG_SQ":2.852610595633,"PE_TTM_SQ":2.498254059794,"PB_TTM_SQ":0.360150652413,"ROA_SQ":0.969371382629,"START_DATE":"2020-01-01 00:00:00","FISCAL_YEAR":"12-31","CURRENCY":"HKD","IS_CNY_CODE":0,"DPS_HKD_LY":0.02,"ORG_TYPE":"一般企业","PREMIUM_INCOME":null,"PREMIUM_INCOME_YOY":null,"NET_INTEREST_INCOME":null,"NET_INTEREST_INCOME_YOY":null,"FEE_COMMISSION_INCOME":null,"FEE_COMMISSION_INCOME_YOY":null,"ACCOUNTS_RECE_TDAYS":1.610562650354,"INVENTORY_TDAYS":1.714439990751,"CURRENT_ASSETS_TDAYS":0.688801768809,"TOTAL_ASSETS_TDAYS":0.42254544145,"PREMIUM_EXPENSE":null,"LOAN_DEPOSIT":null,"LOAN_EQUITY":null,"LOAN_ASSETS":null,"DEPOSIT_EQUITY":null,"DEPOSIT_ASSETS":null,"EQUITY_MULTIPLIER":2.692915770721,"EQUITY_RATIO":1.765702594255}],"count":33},"success":true,"message":"ok","code":0}