{"version":"28faf303eb57b3fd06fa61ebd57b5e65","result":{"pages":6,"data":[{"SECUCODE":"00856.HK","SECURITY_CODE":"00856","SECURITY_NAME_ABBR":"伟仕佳杰","ORG_CODE":"10009128","STD_REPORT_DATE":"2024-06-30 00:00:00","REPORT_DATE":"2024-06-30 00:00:00","DATE_TYPE_CODE":"002","REPORT_TYPE":"2024年中报","PER_NETCASH_OPERATE":0.388682813449,"PER_OI":25.460015596518,"BPS":5.07432834366,"BASIC_EPS":0.297259876,"DILUTED_EPS":0.297259876,"OPERATE_INCOME":36583241759.56,"OPERATE_INCOME_YOY":17.7801276351,"GROSS_PROFIT":1619502287.96,"GROSS_PROFIT_YOY":-2.11358765976,"HOLDER_PROFIT":413731534.2,"HOLDER_PROFIT_YOY":-9.7131350793,"GROSS_PROFIT_RATIO":4.426896606386,"EPS_TTM":0.547283227119,"OPERATE_INCOME_QOQ":7.77476135081,"NET_PROFIT_RATIO":1.1913460156,"ROE_AVG":5.603436314443,"GROSS_PROFIT_QOQ":-1.103596352884,"ROA":1.293268609849,"HOLDER_PROFIT_QOQ":-5.885713874237,"ROE_YEARLY":11.206872628886,"ROIC_YEARLY":2.883135557075,"TOTAL_ASSETS":32019934852.92,"TOTAL_LIABILITIES":24581482418.64,"TAX_EBT":20.412163231973,"OCF_SALES":1.526640123122,"TOTAL_PARENT_EQUITY":7262246782.76,"DEBT_ASSET_RATIO":76.7693080312,"OPERATE_PROFIT":707690246.64,"PRETAX_PROFIT":547612563.4,"NETCASH_OPERATE":558494447.04,"NETCASH_INVEST":-238055237.08,"NETCASH_FINANCE":137088186.72,"END_CASH":2503465724.44,"DIVI_RATIO":0.425553951701,"DIVIDEND_RATE":4.393162393162,"CURRENT_RATIO":1.23896711111,"COMMON_ACS":2000000000,"CURRENTDEBT_DEBT":99.199455632949,"ISSUED_COMMON_SHARES":1431173998,"HK_COMMON_SHARES":1431173998,"PER_SHARES":2000,"TOTAL_MARKET_CAP":8372367888.3,"HKSK_MARKET_CAP":8372367888.3,"PE_TTM":9.587430949712,"PB_TTM":1.052194032077,"REPORT_DATE_SQ":"2023-06-30 00:00:00","REPORT_TYPE_SQ":"2023年中报","OPERATE_INCOME_SQ":31377123925.48,"DPS_HKD":0.257,"OPERATE_INCOME_QOQ_SQ":-1.70353531515,"NET_PROFIT_RATIO_SQ":1.4753120313,"HOLDER_PROFIT_SQ":462910484.34,"HOLDER_PROFIT_QOQ_SQ":4.500470758486,"ROE_AVG_SQ":6.587623442578,"PE_TTM_SQ":7.546489321452,"PB_TTM_SQ":0.818325942382,"ROA_SQ":1.524392456209,"START_DATE":"2024-01-01 00:00:00","FISCAL_YEAR":"12-31","CURRENCY":"HKD","IS_CNY_CODE":0,"DPS_HKD_LY":0.257,"ORG_TYPE":"一般企业","PREMIUM_INCOME":null,"PREMIUM_INCOME_YOY":null,"NET_INTEREST_INCOME":null,"NET_INTEREST_INCOME_YOY":null,"FEE_COMMISSION_INCOME":null,"FEE_COMMISSION_INCOME_YOY":null,"ACCOUNTS_RECE_TDAYS":2.318890343121,"INVENTORY_TDAYS":3.543224802417,"CURRENT_ASSETS_TDAYS":1.214877514307,"TOTAL_ASSETS_TDAYS":1.143542473881,"PREMIUM_EXPENSE":null,"LOAN_DEPOSIT":null,"LOAN_EQUITY":null,"LOAN_ASSETS":null,"DEPOSIT_EQUITY":null,"DEPOSIT_ASSETS":null,"EQUITY_MULTIPLIER":4.304650078194,"EQUITY_RATIO":3.384831602941},{"SECUCODE":"00856.HK","SECURITY_CODE":"00856","SECURITY_NAME_ABBR":"伟仕佳杰","ORG_CODE":"10009128","STD_REPORT_DATE":"2023-12-31 00:00:00","REPORT_DATE":"2023-12-31 00:00:00","DATE_TYPE_CODE":"001","REPORT_TYPE":"2023年年报","PER_NETCASH_OPERATE":0.402961237636,"PER_OI":46.507236597321,"BPS":5.206703343083,"BASIC_EPS":0.594661564,"DILUTED_EPS":0.594661564,"OPERATE_INCOME":66961770261.12,"OPERATE_INCOME_YOY":-4.4393697511,"GROSS_PROFIT":3168612729.52,"GROSS_PROFIT_YOY":5.011422074463,"HOLDER_PROFIT":835564745.26,"HOLDER_PROFIT_YOY":12.0235070851,"GROSS_PROFIT_RATIO":4.731972761717,"EPS_TTM":0.580328255192,"OPERATE_INCOME_QOQ":-1.373867976462,"NET_PROFIT_RATIO":1.2478235596,"ROE_AVG":11.612057317179,"GROSS_PROFIT_QOQ":0.427822748426,"ROA":2.64242228773,"HOLDER_PROFIT_QOQ":8.753141733973,"ROE_YEARLY":11.612057317179,"ROIC_YEARLY":2.944245756658,"TOTAL_ASSETS":31736138858.34,"TOTAL_LIABILITIES":24284440418.42,"TAX_EBT":20.665064536918,"OCF_SALES":0.866448465053,"TOTAL_PARENT_EQUITY":7451698439.92,"DEBT_ASSET_RATIO":76.5198328846,"OPERATE_PROFIT":1300558914.34,"PRETAX_PROFIT":1053211602.66,"NETCASH_OPERATE":580189230.6,"NETCASH_INVEST":124837242.32,"NETCASH_FINANCE":-1244684107.8,"END_CASH":2400296758.02,"DIVI_RATIO":0.401322075767,"DIVIDEND_RATE":5.456475583864,"CURRENT_RATIO":1.238325065993,"COMMON_ACS":2000000000,"CURRENTDEBT_DEBT":99.099140214925,"ISSUED_COMMON_SHARES":1431173998,"HK_COMMON_SHARES":1431173998,"PER_SHARES":2000,"TOTAL_MARKET_CAP":6740829530.58,"HKSK_MARKET_CAP":6740829530.58,"PE_TTM":7.719111072332,"PB_TTM":0.847151092493,"REPORT_DATE_SQ":"2022-12-31 00:00:00","REPORT_TYPE_SQ":"2022年年报","OPERATE_INCOME_SQ":69071204120.38,"DPS_HKD":0.257,"OPERATE_INCOME_QOQ_SQ":2.201479720078,"NET_PROFIT_RATIO_SQ":1.0644444983,"HOLDER_PROFIT_SQ":735224632.17,"HOLDER_PROFIT_QOQ_SQ":-24.004491118404,"ROE_AVG_SQ":10.573061905268,"PE_TTM_SQ":7.721176574263,"PB_TTM_SQ":0.83726867253,"ROA_SQ":2.45901896475,"START_DATE":"2023-01-01 00:00:00","FISCAL_YEAR":"12-31","CURRENCY":"HKD","IS_CNY_CODE":0,"DPS_HKD_LY":0.17,"ORG_TYPE":"一般企业","PREMIUM_INCOME":null,"PREMIUM_INCOME_YOY":null,"NET_INTEREST_INCOME":null,"NET_INTEREST_INCOME_YOY":null,"FEE_COMMISSION_INCOME":null,"FEE_COMMISSION_INCOME_YOY":null,"ACCOUNTS_RECE_TDAYS":4.74248169541,"INVENTORY_TDAYS":6.584810036593,"CURRENT_ASSETS_TDAYS":2.255300102644,"TOTAL_ASSETS_TDAYS":2.117624937716,"PREMIUM_EXPENSE":null,"LOAN_DEPOSIT":null,"LOAN_EQUITY":null,"LOAN_ASSETS":null,"DEPOSIT_EQUITY":null,"DEPOSIT_ASSETS":null,"EQUITY_MULTIPLIER":4.25891346976,"EQUITY_RATIO":3.258913469757},{"SECUCODE":"00856.HK","SECURITY_CODE":"00856","SECURITY_NAME_ABBR":"伟仕佳杰","ORG_CODE":"10009128","STD_REPORT_DATE":"2023-06-30 00:00:00","REPORT_DATE":"2023-06-30 00:00:00","DATE_TYPE_CODE":"002","REPORT_TYPE":"2023年中报","PER_NETCASH_OPERATE":0.293192230482,"PER_OI":21.625704532394,"BPS":4.886636248921,"BASIC_EPS":0.328317078,"DILUTED_EPS":0.328317078,"OPERATE_INCOME":31377123925.48,"OPERATE_INCOME_YOY":-10.5968394531,"GROSS_PROFIT":1654470982.48,"GROSS_PROFIT_YOY":9.079665867388,"HOLDER_PROFIT":462910484.34,"HOLDER_PROFIT_YOY":-0.103660138,"GROSS_PROFIT_RATIO":5.272857341576,"EPS_TTM":0.529535923332,"OPERATE_INCOME_QOQ":-1.70353531515,"NET_PROFIT_RATIO":1.4753120313,"ROE_AVG":6.587623442578,"GROSS_PROFIT_QOQ":4.564073182707,"ROA":1.524392456209,"HOLDER_PROFIT_QOQ":4.500470758486,"ROE_YEARLY":13.175246885156,"ROIC_YEARLY":3.420582836363,"TOTAL_ASSETS":28679652004.24,"TOTAL_LIABILITIES":21686025267.1,"TAX_EBT":17.860975689559,"OCF_SALES":1.355758051918,"TOTAL_PARENT_EQUITY":6993626737.14,"DEBT_ASSET_RATIO":75.6146736505,"OPERATE_PROFIT":696489507.44,"PRETAX_PROFIT":563569494.8,"NETCASH_OPERATE":425397884.08,"NETCASH_INVEST":212518233.96,"NETCASH_FINANCE":-808959081.7,"END_CASH":2547519250.08,"DIVI_RATIO":0.439816317908,"DIVIDEND_RATE":5.456475583864,"CURRENT_RATIO":1.32178600286,"COMMON_ACS":2000000000,"CURRENTDEBT_DEBT":93.358367545458,"ISSUED_COMMON_SHARES":1431173998,"HK_COMMON_SHARES":1431173998,"PER_SHARES":2000,"TOTAL_MARKET_CAP":6740829530.58,"HKSK_MARKET_CAP":6740829530.58,"PE_TTM":7.719111072332,"PB_TTM":0.847151092493,"REPORT_DATE_SQ":"2022-06-30 00:00:00","REPORT_TYPE_SQ":"2022年中报","OPERATE_INCOME_SQ":32553776280.27,"DPS_HKD":0.257,"OPERATE_INCOME_QOQ_SQ":5.521423234108,"NET_PROFIT_RATIO_SQ":1.3203442546,"HOLDER_PROFIT_SQ":429821914.76,"HOLDER_PROFIT_QOQ_SQ":-9.949261247405,"ROE_AVG_SQ":6.499613530831,"PE_TTM_SQ":7.721176574263,"PB_TTM_SQ":0.83726867253,"ROA_SQ":1.537089418655,"START_DATE":"2023-01-01 00:00:00","FISCAL_YEAR":"12-31","CURRENCY":"HKD","IS_CNY_CODE":0,"DPS_HKD_LY":0.17,"ORG_TYPE":"一般企业","PREMIUM_INCOME":null,"PREMIUM_INCOME_YOY":null,"NET_INTEREST_INCOME":null,"NET_INTEREST_INCOME_YOY":null,"FEE_COMMISSION_INCOME":null,"FEE_COMMISSION_INCOME_YOY":null,"ACCOUNTS_RECE_TDAYS":2.325933956192,"INVENTORY_TDAYS":3.260328225904,"CURRENT_ASSETS_TDAYS":1.103749604061,"TOTAL_ASSETS_TDAYS":1.033267826667,"PREMIUM_EXPENSE":null,"LOAN_DEPOSIT":null,"LOAN_EQUITY":null,"LOAN_ASSETS":null,"DEPOSIT_EQUITY":null,"DEPOSIT_ASSETS":null,"EQUITY_MULTIPLIER":4.10082680735,"EQUITY_RATIO":3.100826807347},{"SECUCODE":"00856.HK","SECURITY_CODE":"00856","SECURITY_NAME_ABBR":"伟仕佳杰","ORG_CODE":"10009128","STD_REPORT_DATE":"2022-12-31 00:00:00","REPORT_DATE":"2022-12-31 00:00:00","DATE_TYPE_CODE":"001","REPORT_TYPE":"2022年年报","PER_NETCASH_OPERATE":0.041222030606,"PER_OI":47.605174252157,"BPS":4.779616848559,"BASIC_EPS":0.519436505,"DILUTED_EPS":0.519436505,"OPERATE_INCOME":69071204120.38,"OPERATE_INCOME_YOY":-1.2911804957,"GROSS_PROFIT":3017398171.48,"GROSS_PROFIT_YOY":1.414825975906,"HOLDER_PROFIT":735224632.17,"HOLDER_PROFIT_YOY":-37.3626549246,"GROSS_PROFIT_RATIO":4.368532748063,"EPS_TTM":0.506730658234,"OPERATE_INCOME_QOQ":2.201479720078,"NET_PROFIT_RATIO":1.0644444983,"ROE_AVG":10.573061905268,"GROSS_PROFIT_QOQ":-2.187226653738,"ROA":2.45901896475,"HOLDER_PROFIT_QOQ":-24.004491118404,"ROE_YEARLY":10.573061905268,"ROIC_YEARLY":2.749683003598,"TOTAL_ASSETS":31055966141.62,"TOTAL_LIABILITIES":24215502787.56,"TAX_EBT":23.915332372574,"OCF_SALES":0.086591491898,"TOTAL_PARENT_EQUITY":6840463354.06,"DEBT_ASSET_RATIO":77.97375447,"OPERATE_PROFIT":1186501956.36,"PRETAX_PROFIT":966324300.41,"NETCASH_OPERATE":59809786.12,"NETCASH_INVEST":-944443651.76,"NETCASH_FINANCE":1405957850.15,"END_CASH":2899223910.1,"DIVI_RATIO":0.459610122687,"DIVIDEND_RATE":5.456475583864,"CURRENT_RATIO":1.279802777975,"COMMON_ACS":2000000000,"CURRENTDEBT_DEBT":94.084720298495,"ISSUED_COMMON_SHARES":1431173998,"HK_COMMON_SHARES":1431173998,"PER_SHARES":2000,"TOTAL_MARKET_CAP":6740829530.58,"HKSK_MARKET_CAP":6740829530.58,"PE_TTM":7.719111072332,"PB_TTM":0.847151092493,"REPORT_DATE_SQ":"2021-12-31 00:00:00","REPORT_TYPE_SQ":"2021年年报","OPERATE_INCOME_SQ":64047060649.6,"DPS_HKD":0.257,"OPERATE_INCOME_QOQ_SQ":4.032847014338,"NET_PROFIT_RATIO_SQ":1.6774347592,"HOLDER_PROFIT_SQ":1074347657.6,"HOLDER_PROFIT_QOQ_SQ":2.28367873912,"ROE_AVG_SQ":17.832152553354,"PE_TTM_SQ":7.721176574263,"PB_TTM_SQ":0.83726867253,"ROA_SQ":4.26617946173,"START_DATE":"2022-01-01 00:00:00","FISCAL_YEAR":"12-31","CURRENCY":"HKD","IS_CNY_CODE":0,"DPS_HKD_LY":0.27,"ORG_TYPE":"一般企业","PREMIUM_INCOME":null,"PREMIUM_INCOME_YOY":null,"NET_INTEREST_INCOME":null,"NET_INTEREST_INCOME_YOY":null,"FEE_COMMISSION_INCOME":null,"FEE_COMMISSION_INCOME_YOY":null,"ACCOUNTS_RECE_TDAYS":5.058979273454,"INVENTORY_TDAYS":7.619723344518,"CURRENT_ASSETS_TDAYS":2.470542814792,"TOTAL_ASSETS_TDAYS":2.310142960647,"PREMIUM_EXPENSE":null,"LOAN_DEPOSIT":null,"LOAN_EQUITY":null,"LOAN_ASSETS":null,"DEPOSIT_EQUITY":null,"DEPOSIT_ASSETS":null,"EQUITY_MULTIPLIER":4.540038376663,"EQUITY_RATIO":3.540038376667},{"SECUCODE":"00856.HK","SECURITY_CODE":"00856","SECURITY_NAME_ABBR":"伟仕佳杰","ORG_CODE":"10009128","STD_REPORT_DATE":"2022-06-30 00:00:00","REPORT_DATE":"2022-06-30 00:00:00","DATE_TYPE_CODE":"002","REPORT_TYPE":"2022年中报","PER_NETCASH_OPERATE":-0.758088166184,"PER_OI":22.375728639,"BPS":4.513986595863,"BASIC_EPS":0.303079336,"DILUTED_EPS":0.303079336,"OPERATE_INCOME":32553776280.27,"OPERATE_INCOME_YOY":9.1551786877,"GROSS_PROFIT":1516754721.72,"GROSS_PROFIT_YOY":7.786352754953,"HOLDER_PROFIT":429821914.76,"HOLDER_PROFIT_YOY":-22.0797985811,"GROSS_PROFIT_RATIO":4.659228191106,"EPS_TTM":0.664979004152,"OPERATE_INCOME_QOQ":5.521423234108,"NET_PROFIT_RATIO":1.3203442546,"ROE_AVG":6.499613530831,"GROSS_PROFIT_QOQ":3.682599425837,"ROA":1.537089418655,"HOLDER_PROFIT_QOQ":-9.949261247405,"ROE_YEARLY":12.999227061661,"ROIC_YEARLY":3.412345139805,"TOTAL_ASSETS":28409765848.66,"TOTAL_LIABILITIES":21949465605.34,"TAX_EBT":17.858923087735,"OCF_SALES":-3.387993206455,"TOTAL_PARENT_EQUITY":6460300243.32,"DEBT_ASSET_RATIO":77.2602833908,"OPERATE_PROFIT":599270971.74,"PRETAX_PROFIT":523272802.01,"NETCASH_OPERATE":-1102919728.82,"NETCASH_INVEST":-656600343.77,"NETCASH_FINANCE":1644708249.52,"END_CASH":2356213501.67,"DIVI_RATIO":0.350234426269,"DIVIDEND_RATE":5.456475583864,"CURRENT_RATIO":1.307081492824,"COMMON_ACS":2000000000,"CURRENTDEBT_DEBT":93.514996735393,"ISSUED_COMMON_SHARES":1431173998,"HK_COMMON_SHARES":1431173998,"PER_SHARES":2000,"TOTAL_MARKET_CAP":6740829530.58,"HKSK_MARKET_CAP":6740829530.58,"PE_TTM":7.719111072332,"PB_TTM":0.847151092493,"REPORT_DATE_SQ":"2021-06-30 00:00:00","REPORT_TYPE_SQ":"2021年中报","OPERATE_INCOME_SQ":29017466992.8,"DPS_HKD":0.257,"OPERATE_INCOME_QOQ_SQ":4.554053374573,"NET_PROFIT_RATIO_SQ":1.8496155094,"HOLDER_PROFIT_SQ":536711569.92,"HOLDER_PROFIT_QOQ_SQ":16.89924465035,"ROE_AVG_SQ":9.268917947981,"PE_TTM_SQ":7.721176574263,"PB_TTM_SQ":0.83726867253,"ROA_SQ":2.292359250292,"START_DATE":"2022-01-01 00:00:00","FISCAL_YEAR":"12-31","CURRENCY":"HKD","IS_CNY_CODE":0,"DPS_HKD_LY":0.27,"ORG_TYPE":"一般企业","PREMIUM_INCOME":null,"PREMIUM_INCOME_YOY":null,"NET_INTEREST_INCOME":null,"NET_INTEREST_INCOME_YOY":null,"FEE_COMMISSION_INCOME":null,"FEE_COMMISSION_INCOME_YOY":null,"ACCOUNTS_RECE_TDAYS":2.283736842994,"INVENTORY_TDAYS":3.894394621842,"CURRENT_ASSETS_TDAYS":1.241409528096,"TOTAL_ASSETS_TDAYS":1.164158069641,"PREMIUM_EXPENSE":null,"LOAN_DEPOSIT":null,"LOAN_EQUITY":null,"LOAN_ASSETS":null,"DEPOSIT_EQUITY":null,"DEPOSIT_ASSETS":null,"EQUITY_MULTIPLIER":4.397592182813,"EQUITY_RATIO":3.397592182815},{"SECUCODE":"00856.HK","SECURITY_CODE":"00856","SECURITY_NAME_ABBR":"伟仕佳杰","ORG_CODE":"10009128","STD_REPORT_DATE":"2021-12-31 00:00:00","REPORT_DATE":"2021-12-31 00:00:00","DATE_TYPE_CODE":"001","REPORT_TYPE":"2021年年报","PER_NETCASH_OPERATE":0.387475242772,"PER_OI":44.013395487012,"BPS":4.519635751515,"BASIC_EPS":0.75824224,"DILUTED_EPS":0.75824224,"OPERATE_INCOME":64047060649.6,"OPERATE_INCOME_YOY":11.9687533844,"GROSS_PROFIT":2975302814.4,"GROSS_PROFIT_YOY":13.040340023527,"HOLDER_PROFIT":1074347657.6,"HOLDER_PROFIT_YOY":23.0845463572,"GROSS_PROFIT_RATIO":4.645494710019,"EPS_TTM":0.738295994615,"OPERATE_INCOME_QOQ":4.032847014338,"NET_PROFIT_RATIO":1.6774347592,"ROE_AVG":17.832152553354,"GROSS_PROFIT_QOQ":6.824314126788,"ROA":4.26617946173,"HOLDER_PROFIT_QOQ":2.28367873912,"ROE_YEARLY":17.832152553354,"ROIC_YEARLY":4.796125537233,"TOTAL_ASSETS":26307450803.2,"TOTAL_LIABILITIES":19839065635.2,"TAX_EBT":15.504110251451,"OCF_SALES":0.880357533166,"TOTAL_PARENT_EQUITY":6468385168,"DEBT_ASSET_RATIO":75.4123452843,"OPERATE_PROFIT":1358206931.2,"PRETAX_PROFIT":1271479193.6,"NETCASH_OPERATE":563843123.2,"NETCASH_INVEST":-8243043.2,"NETCASH_FINANCE":-890054894.4,"END_CASH":2655154364.8,"DIVI_RATIO":0.31545415619,"DIVIDEND_RATE":5.456475583864,"CURRENT_RATIO":1.329588211477,"COMMON_ACS":2000000000,"CURRENTDEBT_DEBT":92.848020371068,"ISSUED_COMMON_SHARES":1431173998,"HK_COMMON_SHARES":1431173998,"PER_SHARES":2000,"TOTAL_MARKET_CAP":6740829530.58,"HKSK_MARKET_CAP":6740829530.58,"PE_TTM":7.719111072332,"PB_TTM":0.847151092493,"REPORT_DATE_SQ":"2020-12-31 00:00:00","REPORT_TYPE_SQ":"2020年年报","OPERATE_INCOME_SQ":58882717524.84,"DPS_HKD":0.257,"OPERATE_INCOME_QOQ_SQ":-0.582284832837,"NET_PROFIT_RATIO_SQ":1.5259452501,"HOLDER_PROFIT_SQ":898518031.2,"HOLDER_PROFIT_QOQ_SQ":17.366386084318,"ROE_AVG_SQ":17.107614777885,"PE_TTM_SQ":7.721176574263,"PB_TTM_SQ":0.83726867253,"ROA_SQ":3.927696073923,"START_DATE":"2021-01-01 00:00:00","FISCAL_YEAR":"12-31","CURRENCY":"HKD","IS_CNY_CODE":0,"DPS_HKD_LY":0.22,"ORG_TYPE":"一般企业","PREMIUM_INCOME":null,"PREMIUM_INCOME_YOY":null,"NET_INTEREST_INCOME":null,"NET_INTEREST_INCOME_YOY":null,"FEE_COMMISSION_INCOME":null,"FEE_COMMISSION_INCOME_YOY":null,"ACCOUNTS_RECE_TDAYS":5.071747712952,"INVENTORY_TDAYS":10.067802865015,"CURRENT_ASSETS_TDAYS":2.739884454727,"TOTAL_ASSETS_TDAYS":2.543275938609,"PREMIUM_EXPENSE":null,"LOAN_DEPOSIT":null,"LOAN_EQUITY":null,"LOAN_ASSETS":null,"DEPOSIT_EQUITY":null,"DEPOSIT_ASSETS":null,"EQUITY_MULTIPLIER":4.067081678032,"EQUITY_RATIO":3.067081678028},{"SECUCODE":"00856.HK","SECURITY_CODE":"00856","SECURITY_NAME_ABBR":"伟仕佳杰","ORG_CODE":"10009128","STD_REPORT_DATE":"2021-06-30 00:00:00","REPORT_DATE":"2021-06-30 00:00:00","DATE_TYPE_CODE":"002","REPORT_TYPE":"2021年中报","PER_NETCASH_OPERATE":0.675571387074,"PER_OI":19.940919034095,"BPS":4.123099911937,"BASIC_EPS":0.37942848,"DILUTED_EPS":0.37942848,"OPERATE_INCOME":29017466992.8,"OPERATE_INCOME_YOY":20.9556063841,"GROSS_PROFIT":1407186237.36,"GROSS_PROFIT_YOY":12.213304745906,"HOLDER_PROFIT":536711569.92,"HOLDER_PROFIT_YOY":53.0887169507,"GROSS_PROFIT_RATIO":4.849445465757,"EPS_TTM":0.72181212459,"OPERATE_INCOME_QOQ":4.554053374573,"NET_PROFIT_RATIO":1.8496155094,"ROE_AVG":9.268917947981,"GROSS_PROFIT_QOQ":5.818924228581,"ROA":2.292359250292,"HOLDER_PROFIT_QOQ":16.89924465035,"ROE_YEARLY":18.537835895962,"ROIC_YEARLY":5.144492449502,"TOTAL_ASSETS":22341701634,"TOTAL_LIABILITIES":16440828248.88,"TAX_EBT":15.105521884192,"OCF_SALES":3.38786485176,"TOTAL_PARENT_EQUITY":5900873385.12,"DEBT_ASSET_RATIO":73.5880754215,"OPERATE_PROFIT":681452718,"PRETAX_PROFIT":632210223.6,"NETCASH_OPERATE":983072565.12,"NETCASH_INVEST":-79050928.32,"NETCASH_FINANCE":-1690750780.56,"END_CASH":2133634513.44,"DIVI_RATIO":0.322658115687,"DIVIDEND_RATE":5.456475583864,"CURRENT_RATIO":1.252461951976,"COMMON_ACS":2000000000,"CURRENTDEBT_DEBT":99.038960588067,"ISSUED_COMMON_SHARES":1431173998,"HK_COMMON_SHARES":1431173998,"PER_SHARES":2000,"TOTAL_MARKET_CAP":6740829530.58,"HKSK_MARKET_CAP":6740829530.58,"PE_TTM":7.719111072332,"PB_TTM":0.847151092493,"REPORT_DATE_SQ":"2020-06-30 00:00:00","REPORT_TYPE_SQ":"2020年中报","OPERATE_INCOME_SQ":26335916608.32,"DPS_HKD":0.257,"OPERATE_INCOME_QOQ_SQ":-0.138143465416,"NET_PROFIT_RATIO_SQ":1.4613837647,"HOLDER_PROFIT_SQ":384868809.6,"HOLDER_PROFIT_QOQ_SQ":5.517517634898,"ROE_AVG_SQ":7.478948041067,"PE_TTM_SQ":7.721176574263,"PB_TTM_SQ":0.83726867253,"ROA_SQ":1.758056332574,"START_DATE":"2021-01-01 00:00:00","FISCAL_YEAR":"12-31","CURRENCY":"HKD","IS_CNY_CODE":0,"DPS_HKD_LY":0.22,"ORG_TYPE":"一般企业","PREMIUM_INCOME":null,"PREMIUM_INCOME_YOY":null,"NET_INTEREST_INCOME":null,"NET_INTEREST_INCOME_YOY":null,"FEE_COMMISSION_INCOME":null,"FEE_COMMISSION_INCOME_YOY":null,"ACCOUNTS_RECE_TDAYS":2.468236505987,"INVENTORY_TDAYS":6.053456544529,"CURRENT_ASSETS_TDAYS":1.348136697359,"TOTAL_ASSETS_TDAYS":1.239370690125,"PREMIUM_EXPENSE":null,"LOAN_DEPOSIT":null,"LOAN_EQUITY":null,"LOAN_ASSETS":null,"DEPOSIT_EQUITY":null,"DEPOSIT_ASSETS":null,"EQUITY_MULTIPLIER":3.786168618753,"EQUITY_RATIO":2.786168618757},{"SECUCODE":"00856.HK","SECURITY_CODE":"00856","SECURITY_NAME_ABBR":"伟仕佳杰","ORG_CODE":"10009128","STD_REPORT_DATE":"2020-12-31 00:00:00","REPORT_DATE":"2020-12-31 00:00:00","DATE_TYPE_CODE":"001","REPORT_TYPE":"2020年年报","PER_NETCASH_OPERATE":1.513952300982,"PER_OI":40.484469481158,"BPS":4.014379353642,"BASIC_EPS":0.635774856,"DILUTED_EPS":0.63501738,"OPERATE_INCOME":58882717524.84,"OPERATE_INCOME_YOY":5.6667640489,"GROSS_PROFIT":2632071713.32,"GROSS_PROFIT_YOY":-0.995753323988,"HOLDER_PROFIT":898518031.2,"HOLDER_PROFIT_YOY":31.8084617778,"GROSS_PROFIT_RATIO":4.470024183598,"EPS_TTM":0.617770839076,"OPERATE_INCOME_QOQ":-0.582284832837,"NET_PROFIT_RATIO":1.5259452501,"ROE_AVG":17.107614777885,"GROSS_PROFIT_QOQ":-0.818954292862,"ROA":3.927696073923,"HOLDER_PROFIT_QOQ":17.366386084318,"ROE_YEARLY":17.107614777885,"ROIC_YEARLY":4.404685276742,"TOTAL_ASSETS":24765737576.44,"TOTAL_LIABILITIES":19020462227.4,"TAX_EBT":14.406321030415,"OCF_SALES":3.739587847845,"TOTAL_PARENT_EQUITY":5745275349.04,"DEBT_ASSET_RATIO":76.8015172926,"OPERATE_PROFIT":1195426740.56,"PRETAX_PROFIT":1049748114.6,"NETCASH_OPERATE":2201970949.04,"NETCASH_INVEST":-6318191.48,"NETCASH_FINANCE":-1381970355.08,"END_CASH":2995558354.88,"DIVI_RATIO":0.376998273904,"DIVIDEND_RATE":5.456475583864,"CURRENT_RATIO":1.215869970368,"COMMON_ACS":2000000000,"CURRENTDEBT_DEBT":99.085519741001,"ISSUED_COMMON_SHARES":1431173998,"HK_COMMON_SHARES":1431173998,"PER_SHARES":2000,"TOTAL_MARKET_CAP":6740829530.58,"HKSK_MARKET_CAP":6740829530.58,"PE_TTM":7.719111072332,"PB_TTM":0.847151092493,"REPORT_DATE_SQ":"2019-12-31 00:00:00","REPORT_TYPE_SQ":"2019年年报","OPERATE_INCOME_SQ":59309523033.38,"DPS_HKD":0.257,"OPERATE_INCOME_QOQ_SQ":2.956913179999,"NET_PROFIT_RATIO_SQ":1.2233030757,"HOLDER_PROFIT_SQ":725535219.44,"HOLDER_PROFIT_QOQ_SQ":5.338124822639,"ROE_AVG_SQ":15.137525775161,"PE_TTM_SQ":7.721176574263,"PB_TTM_SQ":0.83726867253,"ROA_SQ":3.318538937872,"START_DATE":"2020-01-01 00:00:00","FISCAL_YEAR":"12-31","CURRENCY":"HKD","IS_CNY_CODE":0,"DPS_HKD_LY":0.167,"ORG_TYPE":"一般企业","PREMIUM_INCOME":null,"PREMIUM_INCOME_YOY":null,"NET_INTEREST_INCOME":null,"NET_INTEREST_INCOME_YOY":null,"FEE_COMMISSION_INCOME":null,"FEE_COMMISSION_INCOME_YOY":null,"ACCOUNTS_RECE_TDAYS":4.789603266728,"INVENTORY_TDAYS":11.635968965094,"CURRENT_ASSETS_TDAYS":2.793232454412,"TOTAL_ASSETS_TDAYS":2.573942986268,"PREMIUM_EXPENSE":null,"LOAN_DEPOSIT":null,"LOAN_EQUITY":null,"LOAN_ASSETS":null,"DEPOSIT_EQUITY":null,"DEPOSIT_ASSETS":null,"EQUITY_MULTIPLIER":4.310626744916,"EQUITY_RATIO":3.310626744909},{"SECUCODE":"00856.HK","SECURITY_CODE":"00856","SECURITY_NAME_ABBR":"伟仕佳杰","ORG_CODE":"10009128","STD_REPORT_DATE":"2020-06-30 00:00:00","REPORT_DATE":"2020-06-30 00:00:00","DATE_TYPE_CODE":"002","REPORT_TYPE":"2020年中报","PER_NETCASH_OPERATE":0.670551781678,"PER_OI":18.140032348954,"BPS":3.582399080674,"BASIC_EPS":0.271931088,"DILUTED_EPS":0.271657056,"OPERATE_INCOME":26335916608.32,"OPERATE_INCOME_YOY":-3.9967786239,"GROSS_PROFIT":1254027978.72,"GROSS_PROFIT_YOY":-0.376486769649,"HOLDER_PROFIT":384868809.6,"HOLDER_PROFIT_YOY":7.4814036305,"GROSS_PROFIT_RATIO":4.76166445,"EPS_TTM":0.527318106046,"OPERATE_INCOME_QOQ":-0.138143465416,"NET_PROFIT_RATIO":1.4613837647,"ROE_AVG":7.478948041067,"GROSS_PROFIT_QOQ":-0.178258889958,"ROA":1.758056332574,"HOLDER_PROFIT_QOQ":5.517517634898,"ROE_YEARLY":14.957896082135,"ROIC_YEARLY":3.897658571853,"TOTAL_ASSETS":21005841663.84,"TOTAL_LIABILITIES":15878805249.12,"TAX_EBT":16.502845728237,"OCF_SALES":3.696530241945,"TOTAL_PARENT_EQUITY":5127036414.72,"DEBT_ASSET_RATIO":75.5923304728,"OPERATE_PROFIT":529837218.24,"PRETAX_PROFIT":460936439.04,"NETCASH_OPERATE":973515121.92,"NETCASH_INVEST":4878683.04,"NETCASH_FINANCE":-736394318.88,"END_CASH":2159791428.96,"DIVI_RATIO":0.441666116391,"DIVIDEND_RATE":5.456475583864,"CURRENT_RATIO":1.332701263051,"COMMON_ACS":2000000000,"CURRENTDEBT_DEBT":90.471614988515,"ISSUED_COMMON_SHARES":1431173998,"HK_COMMON_SHARES":1431173998,"PER_SHARES":2000,"TOTAL_MARKET_CAP":6740829530.58,"HKSK_MARKET_CAP":6740829530.58,"PE_TTM":7.719111072332,"PB_TTM":0.847151092493,"REPORT_DATE_SQ":"2019-06-30 00:00:00","REPORT_TYPE_SQ":"2019年中报","OPERATE_INCOME_SQ":26417848838.76,"DPS_HKD":0.257,"OPERATE_INCOME_QOQ_SQ":5.223081940694,"NET_PROFIT_RATIO_SQ":1.3053192863,"HOLDER_PROFIT_SQ":344837275.92,"HOLDER_PROFIT_QOQ_SQ":6.109157218179,"ROE_AVG_SQ":7.642636574316,"PE_TTM_SQ":7.721176574263,"PB_TTM_SQ":0.83726867253,"ROA_SQ":1.690377765227,"START_DATE":"2020-01-01 00:00:00","FISCAL_YEAR":"12-31","CURRENCY":"HKD","IS_CNY_CODE":0,"DPS_HKD_LY":0.167,"ORG_TYPE":"一般企业","PREMIUM_INCOME":null,"PREMIUM_INCOME_YOY":null,"NET_INTEREST_INCOME":null,"NET_INTEREST_INCOME_YOY":null,"FEE_COMMISSION_INCOME":null,"FEE_COMMISSION_INCOME_YOY":null,"ACCOUNTS_RECE_TDAYS":2.075123118672,"INVENTORY_TDAYS":4.839841515093,"CURRENT_ASSETS_TDAYS":1.315701374769,"TOTAL_ASSETS_TDAYS":1.203007981227,"PREMIUM_EXPENSE":null,"LOAN_DEPOSIT":null,"LOAN_EQUITY":null,"LOAN_ASSETS":null,"DEPOSIT_EQUITY":null,"DEPOSIT_ASSETS":null,"EQUITY_MULTIPLIER":4.097072843786,"EQUITY_RATIO":3.097072843784}],"count":47},"success":true,"message":"ok","code":0}