{"version":"c442010de1143486c6019a4f66258eaa","result":{"pages":4,"data":[{"SECUCODE":"00854.HK","SECURITY_CODE":"00854","SECURITY_NAME_ABBR":"威雅利","ORG_CODE":"10356101","STD_REPORT_DATE":"2024-06-30 00:00:00","REPORT_DATE":"2024-09-30 00:00:00","DATE_TYPE_CODE":"002","REPORT_TYPE":"2024年中报","PER_NETCASH_OPERATE":-2.046662741111,"PER_OI":12.235726113664,"BPS":4.557527209337,"BASIC_EPS":-0.639278931,"DILUTED_EPS":-0.639278931,"OPERATE_INCOME":1072975893.91,"OPERATE_INCOME_YOY":-12.4776289357,"GROSS_PROFIT":21582540.07,"GROSS_PROFIT_YOY":-62.053093818985,"HOLDER_PROFIT":-56054364.61,"HOLDER_PROFIT_YOY":34.7254455144,"GROSS_PROFIT_RATIO":2.011465513112,"EPS_TTM":-1.749407299743,"OPERATE_INCOME_QOQ":0,"NET_PROFIT_RATIO":-5.2242801276,"ROE_AVG":-13.146023454271,"GROSS_PROFIT_QOQ":0,"ROA":-3.613412160002,"HOLDER_PROFIT_QOQ":0,"ROE_YEARLY":-26.292046908541,"ROIC_YEARLY":-7.500872611932,"TOTAL_ASSETS":1416384740.23,"TOTAL_LIABILITIES":1016725840.87,"TAX_EBT":11.698274025144,"OCF_SALES":-16.726941434441,"TOTAL_PARENT_EQUITY":399658899.36,"DEBT_ASSET_RATIO":71.7831682305,"OPERATE_PROFIT":-47498181.09,"PRETAX_PROFIT":-63481507.05,"NETCASH_OPERATE":-179476049.38,"NETCASH_INVEST":288572.8,"NETCASH_FINANCE":169920682.54,"END_CASH":51184698.61,"DIVI_RATIO":null,"DIVIDEND_RATE":null,"CURRENT_RATIO":1.187943128235,"COMMON_ACS":120000000,"CURRENTDEBT_DEBT":98.452529728512,"ISSUED_COMMON_SHARES":87692049,"HK_COMMON_SHARES":87692049,"PER_SHARES":1000,"TOTAL_MARKET_CAP":285876079.74,"HKSK_MARKET_CAP":285876079.74,"PE_TTM":-2.099637029415,"PB_TTM":0.645050542754,"REPORT_DATE_SQ":"2023-06-30 00:00:00","REPORT_TYPE_SQ":"2023年中报","OPERATE_INCOME_SQ":1247478526.91,"DPS_HKD":null,"OPERATE_INCOME_QOQ_SQ":0,"NET_PROFIT_RATIO_SQ":-7.0075037313,"HOLDER_PROFIT_SQ":-87383152.01,"HOLDER_PROFIT_QOQ_SQ":0,"ROE_AVG_SQ":-15.056044940303,"PE_TTM_SQ":-2.578586974559,"PB_TTM_SQ":0.472876589481,"ROA_SQ":-5.05633668203,"START_DATE":"2024-04-01 00:00:00","FISCAL_YEAR":"3-31","CURRENCY":"HKD","IS_CNY_CODE":0,"DPS_HKD_LY":null,"ORG_TYPE":"一般企业","PREMIUM_INCOME":null,"PREMIUM_INCOME_YOY":null,"NET_INTEREST_INCOME":null,"NET_INTEREST_INCOME_YOY":null,"FEE_COMMISSION_INCOME":null,"FEE_COMMISSION_INCOME_YOY":null,"ACCOUNTS_RECE_TDAYS":1.492853661122,"INVENTORY_TDAYS":1.969683428771,"CURRENT_ASSETS_TDAYS":0.812623148882,"TOTAL_ASSETS_TDAYS":0.691668555949,"PREMIUM_EXPENSE":null,"LOAN_DEPOSIT":null,"LOAN_EQUITY":null,"LOAN_ASSETS":null,"DEPOSIT_EQUITY":null,"DEPOSIT_ASSETS":null,"EQUITY_MULTIPLIER":3.543983988595,"EQUITY_RATIO":2.543983988592},{"SECUCODE":"00854.HK","SECURITY_CODE":"00854","SECURITY_NAME_ABBR":"威雅利","ORG_CODE":"10356101","STD_REPORT_DATE":"2023-12-31 00:00:00","REPORT_DATE":"2024-03-31 00:00:00","DATE_TYPE_CODE":"001","REPORT_TYPE":"2023年年报","PER_NETCASH_OPERATE":0.614477956342,"PER_OI":27.571253026165,"BPS":5.194640660067,"BASIC_EPS":-1.750820015,"DILUTED_EPS":-1.750820015,"OPERATE_INCOME":2415849683.65,"OPERATE_INCOME_YOY":-15.0074965722,"GROSS_PROFIT":91014900.35,"GROSS_PROFIT_YOY":-62.692180412892,"HOLDER_PROFIT":-153409110.65,"HOLDER_PROFIT_YOY":-6330.5964653903,"GROSS_PROFIT_RATIO":3.767407424641,"EPS_TTM":-1.102560375072,"OPERATE_INCOME_QOQ":0,"NET_PROFIT_RATIO":-6.3528867871,"ROE_AVG":-28.368464991836,"GROSS_PROFIT_QOQ":0,"ROA":-8.70575561553,"HOLDER_PROFIT_QOQ":0,"ROE_YEARLY":-28.368464991836,"ROIC_YEARLY":-9.666085561791,"TOTAL_ASSETS":1695088040.65,"TOTAL_LIABILITIES":1239478674.4,"TAX_EBT":0.415872567704,"OCF_SALES":2.228690715502,"TOTAL_PARENT_EQUITY":455528683.3,"DEBT_ASSET_RATIO":73.1217874633,"OPERATE_PROFIT":-106429876.55,"PRETAX_PROFIT":-154117126.2,"NETCASH_OPERATE":53841817.6,"NETCASH_INVEST":-3975221.75,"NETCASH_FINANCE":-271134600.2,"END_CASH":62416874.05,"DIVI_RATIO":null,"DIVIDEND_RATE":null,"CURRENT_RATIO":1.200159848144,"COMMON_ACS":120000000,"CURRENTDEBT_DEBT":98.100198354651,"ISSUED_COMMON_SHARES":87692049,"HK_COMMON_SHARES":87692049,"PER_SHARES":1000,"TOTAL_MARKET_CAP":285876079.74,"HKSK_MARKET_CAP":285876079.74,"PE_TTM":-2.099637029415,"PB_TTM":0.645050542754,"REPORT_DATE_SQ":"2022-12-31 00:00:00","REPORT_TYPE_SQ":"2022年年报","OPERATE_INCOME_SQ":2744789402.53,"DPS_HKD":null,"OPERATE_INCOME_QOQ_SQ":0,"NET_PROFIT_RATIO_SQ":0.0861762953,"HOLDER_PROFIT_SQ":2377613.56,"HOLDER_PROFIT_QOQ_SQ":0,"ROE_AVG_SQ":0.371770619171,"PE_TTM_SQ":-1.505562072242,"PB_TTM_SQ":0.276098911923,"ROA_SQ":0.139292730391,"START_DATE":"2023-04-01 00:00:00","FISCAL_YEAR":"3-31","CURRENCY":"HKD","IS_CNY_CODE":0,"DPS_HKD_LY":null,"ORG_TYPE":"一般企业","PREMIUM_INCOME":null,"PREMIUM_INCOME_YOY":null,"NET_INTEREST_INCOME":null,"NET_INTEREST_INCOME_YOY":null,"FEE_COMMISSION_INCOME":null,"FEE_COMMISSION_INCOME_YOY":null,"ACCOUNTS_RECE_TDAYS":3.284806456007,"INVENTORY_TDAYS":3.963874370232,"CURRENT_ASSETS_TDAYS":1.599205822925,"TOTAL_ASSETS_TDAYS":1.370961402527,"PREMIUM_EXPENSE":null,"LOAN_DEPOSIT":null,"LOAN_EQUITY":null,"LOAN_ASSETS":null,"DEPOSIT_EQUITY":null,"DEPOSIT_ASSETS":null,"EQUITY_MULTIPLIER":3.720485499676,"EQUITY_RATIO":2.720967350334},{"SECUCODE":"00854.HK","SECURITY_CODE":"00854","SECURITY_NAME_ABBR":"威雅利","ORG_CODE":"10356101","STD_REPORT_DATE":"2023-06-30 00:00:00","REPORT_DATE":"2023-09-30 00:00:00","DATE_TYPE_CODE":"002","REPORT_TYPE":"2023年中报","PER_NETCASH_OPERATE":-0.613641548716,"PER_OI":14.237038977598,"BPS":6.010833111107,"BASIC_EPS":-0.997280284,"DILUTED_EPS":-0.997280284,"OPERATE_INCOME":1247478526.91,"OPERATE_INCOME_YOY":-23.7478861034,"GROSS_PROFIT":56875625.03,"GROSS_PROFIT_YOY":-63.003220071448,"HOLDER_PROFIT":-87383152.01,"HOLDER_PROFIT_YOY":-842.2792111622,"GROSS_PROFIT_RATIO":4.559246816928,"EPS_TTM":0.027134877433,"OPERATE_INCOME_QOQ":0,"NET_PROFIT_RATIO":-7.0075037313,"ROE_AVG":-15.056044940303,"GROSS_PROFIT_QOQ":0,"ROA":-5.05633668203,"HOLDER_PROFIT_QOQ":0,"ROE_YEARLY":-30.112089880606,"ROIC_YEARLY":-11.232178616492,"TOTAL_ASSETS":1604798143.13,"TOTAL_LIABILITIES":1077583002.93,"TAX_EBT":1.497228885764,"OCF_SALES":-4.310176783819,"TOTAL_PARENT_EQUITY":527102271.71,"DEBT_ASSET_RATIO":67.1475728921,"OPERATE_PROFIT":-59708348.84,"PRETAX_PROFIT":-88745832.56,"NETCASH_OPERATE":-53768529.85,"NETCASH_INVEST":-1981163.17,"NETCASH_FINANCE":-178429482.98,"END_CASH":53222540,"DIVI_RATIO":null,"DIVIDEND_RATE":null,"CURRENT_RATIO":1.288383560065,"COMMON_ACS":120000000,"CURRENTDEBT_DEBT":97.507474595742,"ISSUED_COMMON_SHARES":87692049,"HK_COMMON_SHARES":87692049,"PER_SHARES":1000,"TOTAL_MARKET_CAP":285876079.74,"HKSK_MARKET_CAP":285876079.74,"PE_TTM":-2.099637029415,"PB_TTM":0.645050542754,"REPORT_DATE_SQ":"2022-06-30 00:00:00","REPORT_TYPE_SQ":"2022年中报","OPERATE_INCOME_SQ":1612476331.8,"DPS_HKD":null,"OPERATE_INCOME_QOQ_SQ":0,"NET_PROFIT_RATIO_SQ":0.7191315005,"HOLDER_PROFIT_SQ":11603060.76,"HOLDER_PROFIT_QOQ_SQ":0,"ROE_AVG_SQ":1.763471574348,"PE_TTM_SQ":-1.505562072242,"PB_TTM_SQ":0.276098911923,"ROA_SQ":0.651491768372,"START_DATE":"2023-04-01 00:00:00","FISCAL_YEAR":"3-31","CURRENCY":"HKD","IS_CNY_CODE":0,"DPS_HKD_LY":null,"ORG_TYPE":"一般企业","PREMIUM_INCOME":null,"PREMIUM_INCOME_YOY":null,"NET_INTEREST_INCOME":null,"NET_INTEREST_INCOME_YOY":null,"FEE_COMMISSION_INCOME":null,"FEE_COMMISSION_INCOME_YOY":null,"ACCOUNTS_RECE_TDAYS":1.695316065795,"INVENTORY_TDAYS":2.176752192101,"CURRENT_ASSETS_TDAYS":0.850120752857,"TOTAL_ASSETS_TDAYS":0.721840685598,"PREMIUM_EXPENSE":null,"LOAN_DEPOSIT":null,"LOAN_EQUITY":null,"LOAN_ASSETS":null,"DEPOSIT_EQUITY":null,"DEPOSIT_ASSETS":null,"EQUITY_MULTIPLIER":3.043915132102,"EQUITY_RATIO":2.044352795965},{"SECUCODE":"00854.HK","SECURITY_CODE":"00854","SECURITY_NAME_ABBR":"威雅利","ORG_CODE":"10356101","STD_REPORT_DATE":"2022-12-31 00:00:00","REPORT_DATE":"2023-03-31 00:00:00","DATE_TYPE_CODE":"001","REPORT_TYPE":"2022年年报","PER_NETCASH_OPERATE":-1.839596826822,"PER_OI":31.325327744048,"BPS":6.893605319908,"BASIC_EPS":0.027225251,"DILUTED_EPS":0.02713771,"OPERATE_INCOME":2744789402.53,"OPERATE_INCOME_YOY":-8.4767437516,"GROSS_PROFIT":243956632.57,"GROSS_PROFIT_YOY":-10.150856106345,"HOLDER_PROFIT":2377613.56,"HOLDER_PROFIT_YOY":-96.6955421452,"GROSS_PROFIT_RATIO":8.887990909071,"EPS_TTM":0.479276176708,"OPERATE_INCOME_QOQ":0,"NET_PROFIT_RATIO":0.0861762953,"ROE_AVG":0.371770619171,"GROSS_PROFIT_QOQ":0,"ROA":0.139292730391,"HOLDER_PROFIT_QOQ":0,"ROE_YEARLY":0.371770619171,"ROIC_YEARLY":0.166895461746,"TOTAL_ASSETS":1766392668.49,"TOTAL_LIABILITIES":1161820515.93,"TAX_EBT":37.784941284826,"OCF_SALES":-5.872554125698,"TOTAL_PARENT_EQUITY":604514375.5,"DEBT_ASSET_RATIO":65.7736264793,"OPERATE_PROFIT":42101093.13,"PRETAX_PROFIT":3801905.63,"NETCASH_OPERATE":-161189243.3,"NETCASH_INVEST":-2024823.33,"NETCASH_FINANCE":158932436.32,"END_CASH":277706314.3,"DIVI_RATIO":null,"DIVIDEND_RATE":null,"CURRENT_RATIO":1.33264445871,"COMMON_ACS":120000000,"CURRENTDEBT_DEBT":97.419854080817,"ISSUED_COMMON_SHARES":87692049,"HK_COMMON_SHARES":87692049,"PER_SHARES":1000,"TOTAL_MARKET_CAP":285876079.74,"HKSK_MARKET_CAP":285876079.74,"PE_TTM":-2.099637029415,"PB_TTM":0.645050542754,"REPORT_DATE_SQ":"2021-12-31 00:00:00","REPORT_TYPE_SQ":"2021年年报","OPERATE_INCOME_SQ":2778384010.32,"DPS_HKD":null,"OPERATE_INCOME_QOQ_SQ":0,"NET_PROFIT_RATIO_SQ":2.3991836144,"HOLDER_PROFIT_SQ":66658533.92,"HOLDER_PROFIT_QOQ_SQ":0,"ROE_AVG_SQ":11.27719842735,"PE_TTM_SQ":-1.505562072242,"PB_TTM_SQ":0.276098911923,"ROA_SQ":4.666424617275,"START_DATE":"2022-04-01 00:00:00","FISCAL_YEAR":"3-31","CURRENCY":"HKD","IS_CNY_CODE":0,"DPS_HKD_LY":0.4,"ORG_TYPE":"一般企业","PREMIUM_INCOME":null,"PREMIUM_INCOME_YOY":null,"NET_INTEREST_INCOME":null,"NET_INTEREST_INCOME_YOY":null,"FEE_COMMISSION_INCOME":null,"FEE_COMMISSION_INCOME_YOY":null,"ACCOUNTS_RECE_TDAYS":3.757576883368,"INVENTORY_TDAYS":6.035448878635,"CURRENT_ASSETS_TDAYS":1.907413490821,"TOTAL_ASSETS_TDAYS":1.60803764186,"PREMIUM_EXPENSE":null,"LOAN_DEPOSIT":null,"LOAN_EQUITY":null,"LOAN_ASSETS":null,"DEPOSIT_EQUITY":null,"DEPOSIT_ASSETS":null,"EQUITY_MULTIPLIER":2.921723504815,"EQUITY_RATIO":1.92190717544},{"SECUCODE":"00854.HK","SECURITY_CODE":"00854","SECURITY_NAME_ABBR":"威雅利","ORG_CODE":"10356101","STD_REPORT_DATE":"2022-06-30 00:00:00","REPORT_DATE":"2022-09-30 00:00:00","DATE_TYPE_CODE":"002","REPORT_TYPE":"2022年中报","PER_NETCASH_OPERATE":-1.406721229722,"PER_OI":18.402632102338,"BPS":7.058829908285,"BASIC_EPS":0.133676232,"DILUTED_EPS":0.132590904,"OPERATE_INCOME":1612476331.8,"OPERATE_INCOME_YOY":-0.1692734289,"GROSS_PROFIT":153731284.56,"GROSS_PROFIT_YOY":7.886085249809,"HOLDER_PROFIT":11603060.76,"HOLDER_PROFIT_YOY":-70.5310791565,"GROSS_PROFIT_RATIO":9.533863011086,"EPS_TTM":0.766304118674,"OPERATE_INCOME_QOQ":0,"NET_PROFIT_RATIO":0.7191315005,"ROE_AVG":1.763471574348,"GROSS_PROFIT_QOQ":0,"ROA":0.651491768372,"HOLDER_PROFIT_QOQ":0,"ROE_YEARLY":3.526943148695,"ROIC_YEARLY":1.580201962596,"TOTAL_ASSETS":1859921166.96,"TOTAL_LIABILITIES":1240854597.96,"TAX_EBT":22.569150863631,"OCF_SALES":-7.64413058903,"TOTAL_PARENT_EQUITY":619003258.2,"DEBT_ASSET_RATIO":66.7154404177,"OPERATE_PROFIT":28366856.16,"PRETAX_PROFIT":14975717.52,"NETCASH_OPERATE":-123259796.52,"NETCASH_INVEST":-2271953.28,"NETCASH_FINANCE":165990968.76,"END_CASH":328465474.8,"DIVI_RATIO":null,"DIVIDEND_RATE":null,"CURRENT_RATIO":1.326334763227,"COMMON_ACS":120000000,"CURRENTDEBT_DEBT":97.089927614455,"ISSUED_COMMON_SHARES":87692049,"HK_COMMON_SHARES":87692049,"PER_SHARES":1000,"TOTAL_MARKET_CAP":285876079.74,"HKSK_MARKET_CAP":285876079.74,"PE_TTM":-2.099637029415,"PB_TTM":0.645050542754,"REPORT_DATE_SQ":"2021-06-30 00:00:00","REPORT_TYPE_SQ":"2021年中报","OPERATE_INCOME_SQ":1487735196.08,"DPS_HKD":null,"OPERATE_INCOME_QOQ_SQ":0,"NET_PROFIT_RATIO_SQ":2.4376941633,"HOLDER_PROFIT_SQ":36266434.04,"HOLDER_PROFIT_QOQ_SQ":0,"ROE_AVG_SQ":6.240212488882,"PE_TTM_SQ":-1.505562072242,"PB_TTM_SQ":0.276098911923,"ROA_SQ":2.552848880013,"START_DATE":"2022-04-01 00:00:00","FISCAL_YEAR":"3-31","CURRENCY":"HKD","IS_CNY_CODE":0,"DPS_HKD_LY":0.4,"ORG_TYPE":"一般企业","PREMIUM_INCOME":null,"PREMIUM_INCOME_YOY":null,"NET_INTEREST_INCOME":null,"NET_INTEREST_INCOME_YOY":null,"FEE_COMMISSION_INCOME":null,"FEE_COMMISSION_INCOME_YOY":null,"ACCOUNTS_RECE_TDAYS":2.0038799748,"INVENTORY_TDAYS":3.898766581055,"CURRENT_ASSETS_TDAYS":1.07034867403,"TOTAL_ASSETS_TDAYS":0.905377536661,"PREMIUM_EXPENSE":null,"LOAN_DEPOSIT":null,"LOAN_EQUITY":null,"LOAN_ASSETS":null,"DEPOSIT_EQUITY":null,"DEPOSIT_ASSETS":null,"EQUITY_MULTIPLIER":3.004396069978,"EQUITY_RATIO":2.004601076848},{"SECUCODE":"00854.HK","SECURITY_CODE":"00854","SECURITY_NAME_ABBR":"威雅利","ORG_CODE":"10356101","STD_REPORT_DATE":"2021-12-31 00:00:00","REPORT_DATE":"2022-03-31 00:00:00","DATE_TYPE_CODE":"001","REPORT_TYPE":"2021年年报","PER_NETCASH_OPERATE":-0.336971214759,"PER_OI":32.390762362552,"BPS":7.126492524539,"BASIC_EPS":0.781245933,"DILUTED_EPS":0.770621702,"OPERATE_INCOME":2778384010.32,"OPERATE_INCOME_YOY":-3.7129121246,"GROSS_PROFIT":271518037.9,"GROSS_PROFIT_YOY":-3.70092151292,"HOLDER_PROFIT":66658533.92,"HOLDER_PROFIT_YOY":-11.1274504504,"GROSS_PROFIT_RATIO":9.772516574076,"EPS_TTM":1.1082078164,"OPERATE_INCOME_QOQ":0,"NET_PROFIT_RATIO":2.3991836144,"ROE_AVG":11.27719842735,"GROSS_PROFIT_QOQ":0,"ROA":4.666424617275,"HOLDER_PROFIT_QOQ":0,"ROE_YEARLY":11.27719842735,"ROIC_YEARLY":5.519759067943,"TOTAL_ASSETS":1526249451.12,"TOTAL_LIABILITIES":901312719.46,"TAX_EBT":23.948405722005,"OCF_SALES":-1.040331224648,"TOTAL_PARENT_EQUITY":624936731.66,"DEBT_ASSET_RATIO":59.0540896705,"OPERATE_PROFIT":101668213.6,"PRETAX_PROFIT":87649094.74,"NETCASH_OPERATE":-28904396.4,"NETCASH_INVEST":-3212410.61,"NETCASH_FINANCE":121198956.42,"END_CASH":265746079.73,"DIVI_RATIO":null,"DIVIDEND_RATE":null,"CURRENT_RATIO":1.468870988941,"COMMON_ACS":120000000,"CURRENTDEBT_DEBT":95.845938168671,"ISSUED_COMMON_SHARES":87692049,"HK_COMMON_SHARES":87692049,"PER_SHARES":1000,"TOTAL_MARKET_CAP":285876079.74,"HKSK_MARKET_CAP":285876079.74,"PE_TTM":-2.099637029415,"PB_TTM":0.645050542754,"REPORT_DATE_SQ":"2020-12-31 00:00:00","REPORT_TYPE_SQ":"2020年年报","OPERATE_INCOME_SQ":3007095503.3,"DPS_HKD":null,"OPERATE_INCOME_QOQ_SQ":2.769012291567,"NET_PROFIT_RATIO_SQ":2.5993448447,"HOLDER_PROFIT_SQ":78164781.94,"HOLDER_PROFIT_QOQ_SQ":916.438012006247,"ROE_AVG_SQ":14.70541234798,"PE_TTM_SQ":-1.505562072242,"PB_TTM_SQ":0.276098911923,"ROA_SQ":5.661932726936,"START_DATE":"2021-04-01 00:00:00","FISCAL_YEAR":"3-31","CURRENCY":"HKD","IS_CNY_CODE":0,"DPS_HKD_LY":0.33,"ORG_TYPE":"一般企业","PREMIUM_INCOME":null,"PREMIUM_INCOME_YOY":null,"NET_INTEREST_INCOME":null,"NET_INTEREST_INCOME_YOY":null,"FEE_COMMISSION_INCOME":null,"FEE_COMMISSION_INCOME_YOY":null,"ACCOUNTS_RECE_TDAYS":4.014180383334,"INVENTORY_TDAYS":9.968273522355,"CURRENT_ASSETS_TDAYS":2.363744752726,"TOTAL_ASSETS_TDAYS":1.945005204819,"PREMIUM_EXPENSE":null,"LOAN_DEPOSIT":null,"LOAN_EQUITY":null,"LOAN_ASSETS":null,"DEPOSIT_EQUITY":null,"DEPOSIT_ASSETS":null,"EQUITY_MULTIPLIER":2.442246348787,"EQUITY_RATIO":1.442246348788},{"SECUCODE":"00854.HK","SECURITY_CODE":"00854","SECURITY_NAME_ABBR":"威雅利","ORG_CODE":"10356101","STD_REPORT_DATE":"2021-06-30 00:00:00","REPORT_DATE":"2021-09-30 00:00:00","DATE_TYPE_CODE":"002","REPORT_TYPE":"2021年中报","PER_NETCASH_OPERATE":0.684001046205,"PER_OI":17.460236137036,"BPS":6.727517181404,"BASIC_EPS":0.425610354,"DILUTED_EPS":0.420445382,"OPERATE_INCOME":1487735196.08,"OPERATE_INCOME_YOY":5.8487223423,"GROSS_PROFIT":142494079.94,"GROSS_PROFIT_YOY":18.273291174132,"HOLDER_PROFIT":36266434.04,"HOLDER_PROFIT_YOY":94.4089670879,"GROSS_PROFIT_RATIO":9.577919532687,"EPS_TTM":0.917351121267,"OPERATE_INCOME_QOQ":0,"NET_PROFIT_RATIO":2.4376941633,"ROE_AVG":6.240212488882,"GROSS_PROFIT_QOQ":0,"ROA":2.552848880013,"HOLDER_PROFIT_QOQ":0,"ROE_YEARLY":12.480424977764,"ROIC_YEARLY":6.23184469202,"TOTAL_ASSETS":1474379578.16,"TOTAL_LIABILITIES":884429811.84,"TAX_EBT":21.485382437283,"OCF_SALES":3.917478783426,"TOTAL_PARENT_EQUITY":589949766.32,"DEBT_ASSET_RATIO":59.9865750273,"OPERATE_PROFIT":53434967.58,"PRETAX_PROFIT":46190677.82,"NETCASH_OPERATE":58281710.66,"NETCASH_INVEST":-2198445.34,"NETCASH_FINANCE":95106294.9,"END_CASH":332728329.3,"DIVI_RATIO":null,"DIVIDEND_RATE":null,"CURRENT_RATIO":1.441579208431,"COMMON_ACS":120000000,"CURRENTDEBT_DEBT":95.897101154414,"ISSUED_COMMON_SHARES":87692049,"HK_COMMON_SHARES":87692049,"PER_SHARES":1000,"TOTAL_MARKET_CAP":285876079.74,"HKSK_MARKET_CAP":285876079.74,"PE_TTM":-2.099637029415,"PB_TTM":0.645050542754,"REPORT_DATE_SQ":"2020-06-30 00:00:00","REPORT_TYPE_SQ":"2020年中报","OPERATE_INCOME_SQ":1482566718.08,"DPS_HKD":null,"OPERATE_INCOME_QOQ_SQ":-0.051655472926,"NET_PROFIT_RATIO_SQ":1.3272371975,"HOLDER_PROFIT_SQ":19677176.96,"HOLDER_PROFIT_QOQ_SQ":42.382187286407,"ROE_AVG_SQ":3.813268532914,"PE_TTM_SQ":-1.505562072242,"PB_TTM_SQ":0.276098911923,"ROA_SQ":1.341226683661,"START_DATE":"2021-04-01 00:00:00","FISCAL_YEAR":"3-31","CURRENCY":"HKD","IS_CNY_CODE":0,"DPS_HKD_LY":0.33,"ORG_TYPE":"一般企业","PREMIUM_INCOME":null,"PREMIUM_INCOME_YOY":null,"NET_INTEREST_INCOME":null,"NET_INTEREST_INCOME_YOY":null,"FEE_COMMISSION_INCOME":null,"FEE_COMMISSION_INCOME_YOY":null,"ACCOUNTS_RECE_TDAYS":2.118314095896,"INVENTORY_TDAYS":6.826861532348,"CURRENT_ASSETS_TDAYS":1.274839161014,"TOTAL_ASSETS_TDAYS":1.047239197788,"PREMIUM_EXPENSE":null,"LOAN_DEPOSIT":null,"LOAN_EQUITY":null,"LOAN_ASSETS":null,"DEPOSIT_EQUITY":null,"DEPOSIT_ASSETS":null,"EQUITY_MULTIPLIER":2.499161220721,"EQUITY_RATIO":1.49916122072},{"SECUCODE":"00854.HK","SECURITY_CODE":"00854","SECURITY_NAME_ABBR":"威雅利","ORG_CODE":"10356101","STD_REPORT_DATE":"2020-12-31 00:00:00","REPORT_DATE":"2021-03-31 00:00:00","DATE_TYPE_CODE":"001","REPORT_TYPE":"2020年年报","PER_NETCASH_OPERATE":1.286184140235,"PER_OI":35.291628317042,"BPS":6.622311028221,"BASIC_EPS":0.917358372,"DILUTED_EPS":0.917358372,"OPERATE_INCOME":3007095503.3,"OPERATE_INCOME_YOY":12.051804278,"GROSS_PROFIT":281952893.18,"GROSS_PROFIT_YOY":49.682363285106,"HOLDER_PROFIT":78164781.94,"HOLDER_PROFIT_YOY":227.4695739666,"GROSS_PROFIT_RATIO":9.376253360446,"EPS_TTM":0.445632910723,"OPERATE_INCOME_QOQ":2.769012291567,"NET_PROFIT_RATIO":2.5993448447,"ROE_AVG":14.70541234798,"GROSS_PROFIT_QOQ":8.559969144136,"ROA":5.661932726936,"HOLDER_PROFIT_QOQ":916.438012006247,"ROE_YEARLY":14.70541234798,"ROIC_YEARLY":6.641333997349,"TOTAL_ASSETS":1386758666.3,"TOTAL_LIABILITIES":806034643.12,"TAX_EBT":13.024301245157,"OCF_SALES":3.644445443776,"TOTAL_PARENT_EQUITY":580724023.18,"DEBT_ASSET_RATIO":58.1236420372,"OPERATE_PROFIT":114537948.42,"PRETAX_PROFIT":89869679.76,"NETCASH_OPERATE":109591955.06,"NETCASH_INVEST":911104.04,"NETCASH_FINANCE":-154048423.06,"END_CASH":183338981.14,"DIVI_RATIO":null,"DIVIDEND_RATE":null,"CURRENT_RATIO":1.464743885353,"COMMON_ACS":120000000,"CURRENTDEBT_DEBT":95.499557505421,"ISSUED_COMMON_SHARES":87692049,"HK_COMMON_SHARES":87692049,"PER_SHARES":1000,"TOTAL_MARKET_CAP":285876079.74,"HKSK_MARKET_CAP":285876079.74,"PE_TTM":-2.099637029415,"PB_TTM":0.645050542754,"REPORT_DATE_SQ":"2019-12-31 00:00:00","REPORT_TYPE_SQ":"2019年年报","OPERATE_INCOME_SQ":2901234148.3,"DPS_HKD":null,"OPERATE_INCOME_QOQ_SQ":0.155727275939,"NET_PROFIT_RATIO_SQ":-2.2849474641,"HOLDER_PROFIT_SQ":-66291676.1,"HOLDER_PROFIT_QOQ_SQ":2.713162933188,"ROE_AVG_SQ":-11.689577613653,"PE_TTM_SQ":-1.505562072242,"PB_TTM_SQ":0.276098911923,"ROA_SQ":-3.912060726907,"START_DATE":"2020-04-01 00:00:00","FISCAL_YEAR":"3-31","CURRENCY":"HKD","IS_CNY_CODE":0,"DPS_HKD_LY":null,"ORG_TYPE":"一般企业","PREMIUM_INCOME":null,"PREMIUM_INCOME_YOY":null,"NET_INTEREST_INCOME":null,"NET_INTEREST_INCOME_YOY":null,"FEE_COMMISSION_INCOME":null,"FEE_COMMISSION_INCOME_YOY":null,"ACCOUNTS_RECE_TDAYS":4.728275350657,"INVENTORY_TDAYS":10.15677423521,"CURRENT_ASSETS_TDAYS":2.678947029594,"TOTAL_ASSETS_TDAYS":2.178215306252,"PREMIUM_EXPENSE":null,"LOAN_DEPOSIT":null,"LOAN_EQUITY":null,"LOAN_ASSETS":null,"DEPOSIT_EQUITY":null,"DEPOSIT_ASSETS":null,"EQUITY_MULTIPLIER":2.387982261706,"EQUITY_RATIO":1.387982261705},{"SECUCODE":"00854.HK","SECURITY_CODE":"00854","SECURITY_NAME_ABBR":"威雅利","ORG_CODE":"10356101","STD_REPORT_DATE":"2020-09-30 00:00:00","REPORT_DATE":"2020-12-31 00:00:00","DATE_TYPE_CODE":"004","REPORT_TYPE":"2020年三季报","PER_NETCASH_OPERATE":1.907035999803,"PER_OI":27.162671543759,"BPS":6.27016266891,"BASIC_EPS":0.589484656,"DILUTED_EPS":0.589484656,"OPERATE_INCOME":2314451085.2,"OPERATE_INCOME_YOY":8.9586497342,"GROSS_PROFIT":189727538.64,"GROSS_PROFIT_YOY":35.559026592807,"HOLDER_PROFIT":50225708.64,"HOLDER_PROFIT_YOY":198.9258006763,"GROSS_PROFIT_RATIO":8.197517754997,"EPS_TTM":0.043842605792,"OPERATE_INCOME_QOQ":-0.843610520768,"NET_PROFIT_RATIO":2.1700916023,"ROE_AVG":9.750916660675,"GROSS_PROFIT_QOQ":13.305503371791,"ROA":3.562736697125,"HOLDER_PROFIT_QOQ":109.780388713582,"ROE_YEARLY":13.001222214234,"ROIC_YEARLY":4.241655522216,"TOTAL_ASSETS":1450952852.76,"TOTAL_LIABILITIES":901109440.76,"TAX_EBT":12.707166157132,"OCF_SALES":7.020796893012,"TOTAL_PARENT_EQUITY":549843412,"DEBT_ASSET_RATIO":62.1046672224,"OPERATE_PROFIT":null,"PRETAX_PROFIT":57537035.32,"NETCASH_OPERATE":162492909.88,"NETCASH_INVEST":1083190.68,"NETCASH_FINANCE":-161185842.96,"END_CASH":228389955.32,"DIVI_RATIO":null,"DIVIDEND_RATE":null,"CURRENT_RATIO":1.377083093224,"COMMON_ACS":120000000,"CURRENTDEBT_DEBT":95.626898947284,"ISSUED_COMMON_SHARES":87692049,"HK_COMMON_SHARES":87692049,"PER_SHARES":1000,"TOTAL_MARKET_CAP":285876079.74,"HKSK_MARKET_CAP":285876079.74,"PE_TTM":-2.099637029415,"PB_TTM":0.645050542754,"REPORT_DATE_SQ":"2019-09-30 00:00:00","REPORT_TYPE_SQ":"2019年三季报","OPERATE_INCOME_SQ":2260795541.62,"DPS_HKD":null,"OPERATE_INCOME_QOQ_SQ":-5.507989531719,"NET_PROFIT_RATIO_SQ":-2.3901777815,"HOLDER_PROFIT_SQ":-54037032.72,"HOLDER_PROFIT_QOQ_SQ":-65.811112264215,"ROE_AVG_SQ":-9.618115041419,"PE_TTM_SQ":-1.505562072242,"PB_TTM_SQ":0.276098911923,"ROA_SQ":-3.119778195996,"START_DATE":"2020-04-01 00:00:00","FISCAL_YEAR":"3-31","CURRENCY":"HKD","IS_CNY_CODE":0,"DPS_HKD_LY":null,"ORG_TYPE":"一般企业","PREMIUM_INCOME":null,"PREMIUM_INCOME_YOY":null,"NET_INTEREST_INCOME":null,"NET_INTEREST_INCOME_YOY":null,"FEE_COMMISSION_INCOME":null,"FEE_COMMISSION_INCOME_YOY":null,"ACCOUNTS_RECE_TDAYS":3.434465299465,"INVENTORY_TDAYS":9.142463952602,"CURRENT_ASSETS_TDAYS":2.013057388603,"TOTAL_ASSETS_TDAYS":1.641744843074,"PREMIUM_EXPENSE":null,"LOAN_DEPOSIT":null,"LOAN_EQUITY":null,"LOAN_ASSETS":null,"DEPOSIT_EQUITY":null,"DEPOSIT_ASSETS":null,"EQUITY_MULTIPLIER":2.638847390175,"EQUITY_RATIO":1.638847390173}],"count":33},"success":true,"message":"ok","code":0}