{"version":"75025d4f32d0d6ec35fdbd9be96dd9e1","result":{"pages":5,"data":[{"SECUCODE":"00851.HK","SECURITY_CODE":"00851","SECURITY_NAME_ABBR":"盛源控股","ORG_CODE":"10009126","STD_REPORT_DATE":"2024-06-30 00:00:00","REPORT_DATE":"2024-06-30 00:00:00","DATE_TYPE_CODE":"002","REPORT_TYPE":"2024年中报","PER_NETCASH_OPERATE":0.021174469318,"PER_OI":0.034714042994,"BPS":0.118490931229,"BASIC_EPS":0.030848584,"DILUTED_EPS":0.030848584,"OPERATE_INCOME":30616763.28,"OPERATE_INCOME_YOY":1044.5240532242,"GROSS_PROFIT":null,"GROSS_PROFIT_YOY":null,"HOLDER_PROFIT":27200602.04,"HOLDER_PROFIT_YOY":268.4927634555,"GROSS_PROFIT_RATIO":null,"EPS_TTM":0.020799637252,"OPERATE_INCOME_QOQ":584.944175277879,"NET_PROFIT_RATIO":88.8421868479,"ROE_AVG":29.922390337446,"GROSS_PROFIT_QOQ":null,"ROA":6.174509714551,"HOLDER_PROFIT_QOQ":172.900682946778,"ROE_YEARLY":59.844780674893,"ROIC_YEARLY":14.369695530534,"TOTAL_ASSETS":750505890.8,"TOTAL_LIABILITIES":646000380.08,"TAX_EBT":1.912190626646,"OCF_SALES":60.996840159781,"TOTAL_PARENT_EQUITY":104505510.72,"DEBT_ASSET_RATIO":86.075324391,"OPERATE_PROFIT":27834914.64,"PRETAX_PROFIT":27730869.12,"NETCASH_OPERATE":18675258.16,"NETCASH_INVEST":19919241,"NETCASH_FINANCE":-796769.64,"END_CASH":80847932.44,"DIVI_RATIO":null,"DIVIDEND_RATE":null,"CURRENT_RATIO":1.158861876606,"COMMON_ACS":6000000000,"CURRENTDEBT_DEBT":99.735520750036,"ISSUED_COMMON_SHARES":881970541,"HK_COMMON_SHARES":881970541,"PER_SHARES":10000,"TOTAL_MARKET_CAP":177276078.741,"HKSK_MARKET_CAP":177276078.741,"PE_TTM":8.988291778178,"PB_TTM":1.548208610538,"REPORT_DATE_SQ":"2023-06-30 00:00:00","REPORT_TYPE_SQ":"2023年中报","OPERATE_INCOME_SQ":2702323.38,"DPS_HKD":null,"OPERATE_INCOME_QOQ_SQ":-63.169219816034,"NET_PROFIT_RATIO_SQ":-603.4800409417,"HOLDER_PROFIT_SQ":-16307982.24,"HOLDER_PROFIT_QOQ_SQ":-391.419925289352,"ROE_AVG_SQ":-61.393217868175,"PE_TTM_SQ":-8.305102457714,"PB_TTM_SQ":2.465996258256,"ROA_SQ":-8.408222831215,"START_DATE":"2024-01-01 00:00:00","FISCAL_YEAR":"12-31","CURRENCY":"HKD","IS_CNY_CODE":0,"DPS_HKD_LY":null,"ORG_TYPE":"证券","PREMIUM_INCOME":null,"PREMIUM_INCOME_YOY":null,"NET_INTEREST_INCOME":null,"NET_INTEREST_INCOME_YOY":null,"FEE_COMMISSION_INCOME":null,"FEE_COMMISSION_INCOME_YOY":null,"ACCOUNTS_RECE_TDAYS":1.598684680821,"INVENTORY_TDAYS":null,"CURRENT_ASSETS_TDAYS":0.070176025806,"TOTAL_ASSETS_TDAYS":0.069499749315,"PREMIUM_EXPENSE":null,"LOAN_DEPOSIT":null,"LOAN_EQUITY":null,"LOAN_ASSETS":null,"DEPOSIT_EQUITY":null,"DEPOSIT_ASSETS":null,"EQUITY_MULTIPLIER":7.181495842917,"EQUITY_RATIO":6.18149584294},{"SECUCODE":"00851.HK","SECURITY_CODE":"00851","SECURITY_NAME_ABBR":"盛源控股","ORG_CODE":"10009126","STD_REPORT_DATE":"2023-12-31 00:00:00","REPORT_DATE":"2023-12-31 00:00:00","DATE_TYPE_CODE":"001","REPORT_TYPE":"2023年年报","PER_NETCASH_OPERATE":-0.031258441817,"PER_OI":-0.005410786753,"BPS":0.087026740681,"BASIC_EPS":-0.0362488,"DILUTED_EPS":-0.0362488,"OPERATE_INCOME":-4772154.52,"OPERATE_INCOME_YOY":-112.6504432219,"GROSS_PROFIT":null,"GROSS_PROFIT_YOY":null,"HOLDER_PROFIT":-25163916.96,"HOLDER_PROFIT_YOY":-378.5935884178,"GROSS_PROFIT_RATIO":null,"EPS_TTM":-0.028531471053,"OPERATE_INCOME_QOQ":-127.414672914544,"NET_PROFIT_RATIO":null,"ROE_AVG":-116.814606032561,"GROSS_PROFIT_QOQ":null,"ROA":-15.524384039538,"HOLDER_PROFIT_QOQ":1.198165446319,"ROE_YEARLY":-116.814606032561,"ROIC_YEARLY":-24.079188688817,"TOTAL_ASSETS":129631146.12,"TOTAL_LIABILITIES":52876124.56,"TAX_EBT":-1.117949091439,"OCF_SALES":null,"TOTAL_PARENT_EQUITY":76755021.56,"DEBT_ASSET_RATIO":40.7896760483,"OPERATE_PROFIT":-25884361.86,"PRETAX_PROFIT":-24885707.42,"NETCASH_OPERATE":-27569024.84,"NETCASH_INVEST":727694.66,"NETCASH_FINANCE":-2851874.34,"END_CASH":42742772.52,"DIVI_RATIO":null,"DIVIDEND_RATE":null,"CURRENT_RATIO":2.476317820414,"COMMON_ACS":6000000000,"CURRENTDEBT_DEBT":95.490848015356,"ISSUED_COMMON_SHARES":881970541,"HK_COMMON_SHARES":881970541,"PER_SHARES":10000,"TOTAL_MARKET_CAP":209908988.758,"HKSK_MARKET_CAP":209908988.758,"PE_TTM":10.642852951275,"PB_TTM":1.833202235363,"REPORT_DATE_SQ":"2022-12-31 00:00:00","REPORT_TYPE_SQ":"2022年年报","OPERATE_INCOME_SQ":37184150.29,"DPS_HKD":null,"OPERATE_INCOME_QOQ_SQ":-12.924960589327,"NET_PROFIT_RATIO_SQ":-10.9657909658,"HOLDER_PROFIT_SQ":-5182752.54,"HOLDER_PROFIT_QOQ_SQ":-176.217020402978,"ROE_AVG_SQ":16.949053517177,"PE_TTM_SQ":-8.77520259683,"PB_TTM_SQ":2.60558095212,"ROA_SQ":-3.106037286366,"START_DATE":"2023-01-01 00:00:00","FISCAL_YEAR":"12-31","CURRENCY":"HKD","IS_CNY_CODE":0,"DPS_HKD_LY":null,"ORG_TYPE":"证券","PREMIUM_INCOME":null,"PREMIUM_INCOME_YOY":null,"NET_INTEREST_INCOME":null,"NET_INTEREST_INCOME_YOY":null,"FEE_COMMISSION_INCOME":null,"FEE_COMMISSION_INCOME_YOY":null,"ACCOUNTS_RECE_TDAYS":-0.22753197373,"INVENTORY_TDAYS":null,"CURRENT_ASSETS_TDAYS":-0.031281743604,"TOTAL_ASSETS_TDAYS":-0.029440869473,"PREMIUM_EXPENSE":null,"LOAN_DEPOSIT":null,"LOAN_EQUITY":null,"LOAN_ASSETS":null,"DEPOSIT_EQUITY":null,"DEPOSIT_ASSETS":null,"EQUITY_MULTIPLIER":1.688894661032,"EQUITY_RATIO":0.688894661031},{"SECUCODE":"00851.HK","SECURITY_CODE":"00851","SECURITY_NAME_ABBR":"盛源控股","ORG_CODE":"10009126","STD_REPORT_DATE":"2023-06-30 00:00:00","REPORT_DATE":"2023-06-30 00:00:00","DATE_TYPE_CODE":"002","REPORT_TYPE":"2023年中报","PER_NETCASH_OPERATE":-0.010704524427,"PER_OI":0.003063961044,"BPS":0.099077482045,"BASIC_EPS":-0.032361498,"DILUTED_EPS":-0.032361498,"OPERATE_INCOME":2702323.38,"OPERATE_INCOME_YOY":-92.3012266555,"GROSS_PROFIT":null,"GROSS_PROFIT_YOY":null,"HOLDER_PROFIT":-16307982.24,"HOLDER_PROFIT_YOY":-480.2235597592,"GROSS_PROFIT_RATIO":null,"EPS_TTM":-0.028877470931,"OPERATE_INCOME_QOQ":-63.169219816034,"NET_PROFIT_RATIO":-603.4800409417,"ROE_AVG":-61.393217868175,"GROSS_PROFIT_QOQ":null,"ROA":-8.408222831215,"HOLDER_PROFIT_QOQ":-391.419925289352,"ROE_YEARLY":-122.786435736351,"ROIC_YEARLY":-26.038664944299,"TOTAL_ASSETS":189967525.14,"TOTAL_LIABILITIES":102584104.7,"TAX_EBT":null,"OCF_SALES":-349.368816103719,"TOTAL_PARENT_EQUITY":87383420.44,"DEBT_ASSET_RATIO":54.0008638973,"OPERATE_PROFIT":-12878216.64,"PRETAX_PROFIT":-16307982.24,"NETCASH_OPERATE":-9441075.2,"NETCASH_INVEST":1118361.74,"NETCASH_FINANCE":-1679847.56,"END_CASH":63693144.34,"DIVI_RATIO":null,"DIVIDEND_RATE":null,"CURRENT_RATIO":1.82515615872,"COMMON_ACS":6000000000,"CURRENTDEBT_DEBT":100,"ISSUED_COMMON_SHARES":881970541,"HK_COMMON_SHARES":881970541,"PER_SHARES":10000,"TOTAL_MARKET_CAP":209908988.758,"HKSK_MARKET_CAP":209908988.758,"PE_TTM":10.642852951275,"PB_TTM":1.833202235363,"REPORT_DATE_SQ":"2022-06-30 00:00:00","REPORT_TYPE_SQ":"2022年中报","OPERATE_INCOME_SQ":32557938.49,"DPS_HKD":null,"OPERATE_INCOME_QOQ_SQ":48.262375651997,"NET_PROFIT_RATIO_SQ":12.2192745134,"HOLDER_PROFIT_SQ":3978343.88,"HOLDER_PROFIT_QOQ_SQ":78.860594869852,"ROE_AVG_SQ":-16.038614032063,"PE_TTM_SQ":-8.77520259683,"PB_TTM_SQ":2.60558095212,"ROA_SQ":2.78132352018,"START_DATE":"2023-01-01 00:00:00","FISCAL_YEAR":"12-31","CURRENCY":"HKD","IS_CNY_CODE":0,"DPS_HKD_LY":null,"ORG_TYPE":"证券","PREMIUM_INCOME":null,"PREMIUM_INCOME_YOY":null,"NET_INTEREST_INCOME":null,"NET_INTEREST_INCOME_YOY":null,"FEE_COMMISSION_INCOME":null,"FEE_COMMISSION_INCOME_YOY":null,"ACCOUNTS_RECE_TDAYS":0.181373762376,"INVENTORY_TDAYS":null,"CURRENT_ASSETS_TDAYS":0.014589892604,"TOTAL_ASSETS_TDAYS":0.013932892989,"PREMIUM_EXPENSE":null,"LOAN_DEPOSIT":null,"LOAN_EQUITY":null,"LOAN_ASSETS":null,"DEPOSIT_EQUITY":null,"DEPOSIT_ASSETS":null,"EQUITY_MULTIPLIER":2.17395387115,"EQUITY_RATIO":1.173953871152},{"SECUCODE":"00851.HK","SECURITY_CODE":"00851","SECURITY_NAME_ABBR":"盛源控股","ORG_CODE":"10009126","STD_REPORT_DATE":"2022-12-31 00:00:00","REPORT_DATE":"2022-12-31 00:00:00","DATE_TYPE_CODE":"001","REPORT_TYPE":"2022年年报","PER_NETCASH_OPERATE":0.02321979545,"PER_OI":0.097348214846,"BPS":-0.037632028029,"BASIC_EPS":-0.013577704,"DILUTED_EPS":-0.013577704,"OPERATE_INCOME":37184150.29,"OPERATE_INCOME_YOY":18.8855184811,"GROSS_PROFIT":null,"GROSS_PROFIT_YOY":null,"HOLDER_PROFIT":-5182752.54,"HOLDER_PROFIT_YOY":-224.7741935484,"GROSS_PROFIT_RATIO":null,"EPS_TTM":-0.013568461396,"OPERATE_INCOME_QOQ":-12.924960589327,"NET_PROFIT_RATIO":-10.9657909658,"ROE_AVG":16.949053517177,"GROSS_PROFIT_QOQ":null,"ROA":-3.106037286366,"HOLDER_PROFIT_QOQ":-176.217020402978,"ROE_YEARLY":16.949053517177,"ROIC_YEARLY":-5.167300481818,"TOTAL_ASSETS":191774349.76,"TOTAL_LIABILITIES":224964689.88,"TAX_EBT":-57.620211898941,"OCF_SALES":18.765828765829,"TOTAL_PARENT_EQUITY":-33190340.12,"DEBT_ASSET_RATIO":117.3069757043,"OPERATE_PROFIT":-1245218.38,"PRETAX_PROFIT":-3288126.87,"NETCASH_OPERATE":9569601.51,"NETCASH_INVEST":2365378.96,"NETCASH_FINANCE":-2576190.68,"END_CASH":71398177.83,"DIVI_RATIO":null,"DIVIDEND_RATE":null,"CURRENT_RATIO":0.789016216388,"COMMON_ACS":6000000000,"CURRENTDEBT_DEBT":100,"ISSUED_COMMON_SHARES":881970541,"HK_COMMON_SHARES":881970541,"PER_SHARES":10000,"TOTAL_MARKET_CAP":209908988.758,"HKSK_MARKET_CAP":209908988.758,"PE_TTM":10.642852951275,"PB_TTM":1.833202235363,"REPORT_DATE_SQ":"2021-12-31 00:00:00","REPORT_TYPE_SQ":"2021年年报","OPERATE_INCOME_SQ":36387288,"DPS_HKD":null,"OPERATE_INCOME_QOQ_SQ":-24.286319827988,"NET_PROFIT_RATIO_SQ":10.3847957657,"HOLDER_PROFIT_SQ":3801840,"HOLDER_PROFIT_QOQ_SQ":-82.271045992506,"ROE_AVG_SQ":-11.331789935421,"PE_TTM_SQ":-8.77520259683,"PB_TTM_SQ":2.60558095212,"ROA_SQ":3.894162524757,"START_DATE":"2022-01-01 00:00:00","FISCAL_YEAR":"12-31","CURRENCY":"HKD","IS_CNY_CODE":0,"DPS_HKD_LY":null,"ORG_TYPE":"证券","PREMIUM_INCOME":null,"PREMIUM_INCOME_YOY":null,"NET_INTEREST_INCOME":null,"NET_INTEREST_INCOME_YOY":null,"FEE_COMMISSION_INCOME":null,"FEE_COMMISSION_INCOME_YOY":null,"ACCOUNTS_RECE_TDAYS":1.786336523194,"INVENTORY_TDAYS":null,"CURRENT_ASSETS_TDAYS":0.320641404011,"TOTAL_ASSETS_TDAYS":0.28324790214,"PREMIUM_EXPENSE":null,"LOAN_DEPOSIT":null,"LOAN_EQUITY":null,"LOAN_ASSETS":null,"DEPOSIT_EQUITY":null,"DEPOSIT_ASSETS":null,"EQUITY_MULTIPLIER":-5.778017009359,"EQUITY_RATIO":-6.778017009366},{"SECUCODE":"00851.HK","SECURITY_CODE":"00851","SECURITY_NAME_ABBR":"盛源控股","ORG_CODE":"10009126","STD_REPORT_DATE":"2022-06-30 00:00:00","REPORT_DATE":"2022-06-30 00:00:00","DATE_TYPE_CODE":"002","REPORT_TYPE":"2022年中报","PER_NETCASH_OPERATE":-0.001366842305,"PER_OI":0.008523677868,"BPS":-0.02589120874,"BASIC_EPS":0.010347799,"DILUTED_EPS":0.008722938,"OPERATE_INCOME":32557938.49,"OPERATE_INCOME_YOY":112.7584665251,"GROSS_PROFIT":null,"GROSS_PROFIT_YOY":null,"HOLDER_PROFIT":3978343.88,"HOLDER_PROFIT_YOY":294.9066213922,"GROSS_PROFIT_RATIO":null,"EPS_TTM":0.001780240334,"OPERATE_INCOME_QOQ":48.262375651997,"NET_PROFIT_RATIO":12.2192745134,"ROE_AVG":-16.038614032063,"GROSS_PROFIT_QOQ":null,"ROA":2.78132352018,"HOLDER_PROFIT_QOQ":78.860594869852,"ROE_YEARLY":-32.077228064127,"ROIC_YEARLY":9.12559462508,"TOTAL_ASSETS":150179915.9,"TOTAL_LIABILITIES":173015199.28,"TAX_EBT":48.890353768403,"OCF_SALES":-16.035827795435,"TOTAL_PARENT_EQUITY":-22835283.38,"DEBT_ASSET_RATIO":115.2052844371,"OPERATE_PROFIT":11780242.25,"PRETAX_PROFIT":7783939.38,"NETCASH_OPERATE":-6431028.8,"NETCASH_INVEST":1210093.85,"NETCASH_FINANCE":-1233183.98,"END_CASH":52600171.33,"DIVI_RATIO":null,"DIVIDEND_RATE":null,"CURRENT_RATIO":0.782739750516,"COMMON_ACS":6000000000,"CURRENTDEBT_DEBT":99.537348254182,"ISSUED_COMMON_SHARES":881970541,"HK_COMMON_SHARES":881970541,"PER_SHARES":10000,"TOTAL_MARKET_CAP":209908988.758,"HKSK_MARKET_CAP":209908988.758,"PE_TTM":10.642852951275,"PB_TTM":1.833202235363,"REPORT_DATE_SQ":"2021-06-30 00:00:00","REPORT_TYPE_SQ":"2021年中报","OPERATE_INCOME_SQ":14889239.52,"DPS_HKD":null,"OPERATE_INCOME_QOQ_SQ":28.278205586852,"NET_PROFIT_RATIO_SQ":6.5832122499,"HOLDER_PROFIT_SQ":980190.24,"HOLDER_PROFIT_QOQ_SQ":112.219856043178,"ROE_AVG_SQ":-2.753848491578,"PE_TTM_SQ":-8.77520259683,"PB_TTM_SQ":2.60558095212,"ROA_SQ":0.629864001775,"START_DATE":"2022-01-01 00:00:00","FISCAL_YEAR":"12-31","CURRENCY":"HKD","IS_CNY_CODE":0,"DPS_HKD_LY":null,"ORG_TYPE":"证券","PREMIUM_INCOME":null,"PREMIUM_INCOME_YOY":null,"NET_INTEREST_INCOME":null,"NET_INTEREST_INCOME_YOY":null,"FEE_COMMISSION_INCOME":null,"FEE_COMMISSION_INCOME_YOY":null,"ACCOUNTS_RECE_TDAYS":0.973496132455,"INVENTORY_TDAYS":null,"CURRENT_ASSETS_TDAYS":0.263520014397,"TOTAL_ASSETS_TDAYS":0.227617729443,"PREMIUM_EXPENSE":null,"LOAN_DEPOSIT":null,"LOAN_EQUITY":null,"LOAN_ASSETS":null,"DEPOSIT_EQUITY":null,"DEPOSIT_ASSETS":null,"EQUITY_MULTIPLIER":-6.576660924277,"EQUITY_RATIO":-7.576660924275},{"SECUCODE":"00851.HK","SECURITY_CODE":"00851","SECURITY_NAME_ABBR":"盛源控股","ORG_CODE":"10009126","STD_REPORT_DATE":"2021-12-31 00:00:00","REPORT_DATE":"2021-12-31 00:00:00","DATE_TYPE_CODE":"001","REPORT_TYPE":"2021年年报","PER_NETCASH_OPERATE":0.001409291508,"PER_OI":0.009526202695,"BPS":-0.029022988422,"BASIC_EPS":0.00997472,"DILUTED_EPS":0.00997472,"OPERATE_INCOME":36387288,"OPERATE_INCOME_YOY":-1.0015476454,"GROSS_PROFIT":null,"GROSS_PROFIT_YOY":null,"HOLDER_PROFIT":3801840,"HOLDER_PROFIT_YOY":-61.2693653173,"GROSS_PROFIT_RATIO":null,"EPS_TTM":0.00099532283,"OPERATE_INCOME_QOQ":-24.286319827988,"NET_PROFIT_RATIO":10.3847957657,"ROE_AVG":-11.331789935421,"GROSS_PROFIT_QOQ":null,"ROA":3.894162524757,"HOLDER_PROFIT_QOQ":-82.271045992506,"ROE_YEARLY":-11.331789935421,"ROIC_YEARLY":6.885318723625,"TOTAL_ASSETS":129922363.2,"TOTAL_LIABILITIES":155519784,"TAX_EBT":55.107163545086,"OCF_SALES":14.703977488443,"TOTAL_PARENT_EQUITY":-25597420.8,"DEBT_ASSET_RATIO":119.7020899016,"OPERATE_PROFIT":14756044.8,"PRETAX_PROFIT":8468700.8,"NETCASH_OPERATE":5383078.4,"NETCASH_INVEST":-15965275.2,"NETCASH_FINANCE":38752604.8,"END_CASH":56496160,"DIVI_RATIO":null,"DIVIDEND_RATE":null,"CURRENT_RATIO":2.761661409043,"COMMON_ACS":6000000000,"CURRENTDEBT_DEBT":24.998028546645,"ISSUED_COMMON_SHARES":881970541,"HK_COMMON_SHARES":881970541,"PER_SHARES":10000,"TOTAL_MARKET_CAP":209908988.758,"HKSK_MARKET_CAP":209908988.758,"PE_TTM":10.642852951275,"PB_TTM":1.833202235363,"REPORT_DATE_SQ":"2020-12-31 00:00:00","REPORT_TYPE_SQ":"2020年年报","OPERATE_INCOME_SQ":38067377.2,"DPS_HKD":null,"OPERATE_INCOME_QOQ_SQ":683.133729335568,"NET_PROFIT_RATIO_SQ":26.8074844818,"HOLDER_PROFIT_SQ":10104729.84,"HOLDER_PROFIT_QOQ_SQ":121.824179579975,"ROE_AVG_SQ":-21.148493922847,"PE_TTM_SQ":-8.77520259683,"PB_TTM_SQ":2.60558095212,"ROA_SQ":16.535937360117,"START_DATE":"2021-01-01 00:00:00","FISCAL_YEAR":"12-31","CURRENCY":"HKD","IS_CNY_CODE":0,"DPS_HKD_LY":null,"ORG_TYPE":"证券","PREMIUM_INCOME":null,"PREMIUM_INCOME_YOY":null,"NET_INTEREST_INCOME":null,"NET_INTEREST_INCOME_YOY":null,"FEE_COMMISSION_INCOME":null,"FEE_COMMISSION_INCOME_YOY":null,"ACCOUNTS_RECE_TDAYS":1.767439089772,"INVENTORY_TDAYS":null,"CURRENT_ASSETS_TDAYS":0.446862868377,"TOTAL_ASSETS_TDAYS":0.374986914776,"PREMIUM_EXPENSE":null,"LOAN_DEPOSIT":null,"LOAN_EQUITY":null,"LOAN_ASSETS":null,"DEPOSIT_EQUITY":null,"DEPOSIT_ASSETS":null,"EQUITY_MULTIPLIER":-5.075603679581,"EQUITY_RATIO":-6.075603679571},{"SECUCODE":"00851.HK","SECURITY_CODE":"00851","SECURITY_NAME_ABBR":"盛源控股","ORG_CODE":"10009126","STD_REPORT_DATE":"2021-06-30 00:00:00","REPORT_DATE":"2021-06-30 00:00:00","DATE_TYPE_CODE":"002","REPORT_TYPE":"2021年中报","PER_NETCASH_OPERATE":-0.001847708605,"PER_OI":0.003898007283,"BPS":-0.032822973029,"BASIC_EPS":0.000249624,"DILUTED_EPS":0.000249624,"OPERATE_INCOME":14889239.52,"OPERATE_INCOME_YOY":286.3960267761,"GROSS_PROFIT":null,"GROSS_PROFIT_YOY":null,"HOLDER_PROFIT":980190.24,"HOLDER_PROFIT_YOY":110.3870910854,"GROSS_PROFIT_RATIO":null,"EPS_TTM":0.005614109153,"OPERATE_INCOME_QOQ":28.278205586852,"NET_PROFIT_RATIO":6.5832122499,"ROE_AVG":-2.753848491578,"GROSS_PROFIT_QOQ":null,"ROA":0.629864001775,"HOLDER_PROFIT_QOQ":112.219856043178,"ROE_YEARLY":-5.507696983157,"ROIC_YEARLY":1.780881974995,"TOTAL_ASSETS":244745514.96,"TOTAL_LIABILITIES":273694410.24,"TAX_EBT":69.979612640163,"OCF_SALES":-47.401363585559,"TOTAL_PARENT_EQUITY":-28948895.28,"DEBT_ASSET_RATIO":111.828161707,"OPERATE_PROFIT":5990976,"PRETAX_PROFIT":3265081.92,"NETCASH_OPERATE":-7057702.56,"NETCASH_INVEST":null,"NETCASH_FINANCE":40489012.8,"END_CASH":62249568.96,"DIVI_RATIO":null,"DIVIDEND_RATE":null,"CURRENT_RATIO":1.504232700849,"COMMON_ACS":6000000000,"CURRENTDEBT_DEBT":57.568525634789,"ISSUED_COMMON_SHARES":881970541,"HK_COMMON_SHARES":881970541,"PER_SHARES":10000,"TOTAL_MARKET_CAP":209908988.758,"HKSK_MARKET_CAP":209908988.758,"PE_TTM":10.642852951275,"PB_TTM":1.833202235363,"REPORT_DATE_SQ":"2020-06-30 00:00:00","REPORT_TYPE_SQ":"2020年中报","OPERATE_INCOME_SQ":4230140.64,"DPS_HKD":null,"OPERATE_INCOME_QOQ_SQ":5.623291743861,"NET_PROFIT_RATIO_SQ":-244.893111639,"HOLDER_PROFIT_SQ":-10359323.04,"HOLDER_PROFIT_QOQ_SQ":33.163308397494,"ROE_AVG_SQ":16.558984355038,"PE_TTM_SQ":-8.77520259683,"PB_TTM_SQ":2.60558095212,"ROA_SQ":-18.366586772041,"START_DATE":"2021-01-01 00:00:00","FISCAL_YEAR":"12-31","CURRENCY":"HKD","IS_CNY_CODE":0,"DPS_HKD_LY":null,"ORG_TYPE":"证券","PREMIUM_INCOME":null,"PREMIUM_INCOME_YOY":null,"NET_INTEREST_INCOME":null,"NET_INTEREST_INCOME_YOY":null,"FEE_COMMISSION_INCOME":null,"FEE_COMMISSION_INCOME_YOY":null,"ACCOUNTS_RECE_TDAYS":0.608794760568,"INVENTORY_TDAYS":null,"CURRENT_ASSETS_TDAYS":0.101116325591,"TOTAL_ASSETS_TDAYS":0.09567730431,"PREMIUM_EXPENSE":null,"LOAN_DEPOSIT":null,"LOAN_EQUITY":null,"LOAN_ASSETS":null,"DEPOSIT_EQUITY":null,"DEPOSIT_ASSETS":null,"EQUITY_MULTIPLIER":-8.454399126182,"EQUITY_RATIO":-9.454399126211},{"SECUCODE":"00851.HK","SECURITY_CODE":"00851","SECURITY_NAME_ABBR":"盛源控股","ORG_CODE":"10009126","STD_REPORT_DATE":"2020-12-31 00:00:00","REPORT_DATE":"2020-12-31 00:00:00","DATE_TYPE_CODE":"001","REPORT_TYPE":"2020年年报","PER_NETCASH_OPERATE":0.001705223638,"PER_OI":0.009966050542,"BPS":-0.04844076723,"BASIC_EPS":0.002609084,"DILUTED_EPS":0.002609084,"OPERATE_INCOME":38067377.2,"OPERATE_INCOME_YOY":685.7441799634,"GROSS_PROFIT":null,"GROSS_PROFIT_YOY":null,"HOLDER_PROFIT":10104729.84,"HOLDER_PROFIT_YOY":115.5248661649,"GROSS_PROFIT_RATIO":null,"EPS_TTM":0.002645421243,"OPERATE_INCOME_QOQ":683.133729335568,"NET_PROFIT_RATIO":26.8074844818,"ROE_AVG":-21.148493922847,"GROSS_PROFIT_QOQ":null,"ROA":16.535937360117,"HOLDER_PROFIT_QOQ":121.824179579975,"ROE_YEARLY":-21.148493922847,"ROIC_YEARLY":29.746537499071,"TOTAL_ASSETS":67257135.68,"TOTAL_LIABILITIES":109980465.36,"TAX_EBT":17.045533061563,"OCF_SALES":17.279953556915,"TOTAL_PARENT_EQUITY":-42723329.68,"DEBT_ASSET_RATIO":163.5223746121,"OPERATE_PROFIT":17982480.24,"PRETAX_PROFIT":12181055.72,"NETCASH_OPERATE":6513451.96,"NETCASH_INVEST":42082,"NETCASH_FINANCE":-2580468.24,"END_CASH":29161984.36,"DIVI_RATIO":null,"DIVIDEND_RATE":null,"CURRENT_RATIO":3.292460922608,"COMMON_ACS":6000000000,"CURRENTDEBT_DEBT":16.058282443332,"ISSUED_COMMON_SHARES":881970541,"HK_COMMON_SHARES":881970541,"PER_SHARES":10000,"TOTAL_MARKET_CAP":209908988.758,"HKSK_MARKET_CAP":209908988.758,"PE_TTM":10.642852951275,"PB_TTM":1.833202235363,"REPORT_DATE_SQ":"2019-12-31 00:00:00","REPORT_TYPE_SQ":"2019年年报","OPERATE_INCOME_SQ":-6849133.88,"DPS_HKD":null,"OPERATE_INCOME_QOQ_SQ":-201.966608766427,"NET_PROFIT_RATIO_SQ":null,"HOLDER_PROFIT_SQ":-69274250.52,"HOLDER_PROFIT_QOQ_SQ":2.6001565103,"ROE_AVG_SQ":320.848027216529,"PE_TTM_SQ":-8.77520259683,"PB_TTM_SQ":2.60558095212,"ROA_SQ":-71.951656346965,"START_DATE":"2020-01-01 00:00:00","FISCAL_YEAR":"12-31","CURRENCY":"HKD","IS_CNY_CODE":0,"DPS_HKD_LY":null,"ORG_TYPE":"证券","PREMIUM_INCOME":null,"PREMIUM_INCOME_YOY":null,"NET_INTEREST_INCOME":null,"NET_INTEREST_INCOME_YOY":null,"FEE_COMMISSION_INCOME":null,"FEE_COMMISSION_INCOME_YOY":null,"ACCOUNTS_RECE_TDAYS":3.491450847196,"INVENTORY_TDAYS":null,"CURRENT_ASSETS_TDAYS":0.739286893364,"TOTAL_ASSETS_TDAYS":0.616840322014,"PREMIUM_EXPENSE":null,"LOAN_DEPOSIT":null,"LOAN_EQUITY":null,"LOAN_ASSETS":null,"DEPOSIT_EQUITY":null,"DEPOSIT_ASSETS":null,"EQUITY_MULTIPLIER":-1.574248453567,"EQUITY_RATIO":-2.574248453568},{"SECUCODE":"00851.HK","SECURITY_CODE":"00851","SECURITY_NAME_ABBR":"盛源控股","ORG_CODE":"10009126","STD_REPORT_DATE":"2020-06-30 00:00:00","REPORT_DATE":"2020-06-30 00:00:00","DATE_TYPE_CODE":"002","REPORT_TYPE":"2020年中报","PER_NETCASH_OPERATE":-0.000112873542,"PER_OI":0.001107452063,"BPS":-0.076846483425,"BASIC_EPS":-0.002648976,"DILUTED_EPS":-0.002648976,"OPERATE_INCOME":4230140.64,"OPERATE_INCOME_YOY":5.9482955845,"GROSS_PROFIT":null,"GROSS_PROFIT_YOY":null,"HOLDER_PROFIT":-10359323.04,"HOLDER_PROFIT_YOY":70.0709893648,"GROSS_PROFIT_RATIO":null,"EPS_TTM":-0.012121515189,"OPERATE_INCOME_QOQ":5.623291743861,"NET_PROFIT_RATIO":-244.893111639,"ROE_AVG":16.558984355038,"GROSS_PROFIT_QOQ":null,"ROA":-18.366586772041,"HOLDER_PROFIT_QOQ":33.163308397494,"ROE_YEARLY":33.117968710075,"ROIC_YEARLY":-68.934915738447,"TOTAL_ASSETS":53159467.68,"TOTAL_LIABILITIES":120935802.24,"TAX_EBT":-0.522956922531,"OCF_SALES":-10.192183113798,"TOTAL_PARENT_EQUITY":-67776334.56,"DEBT_ASSET_RATIO":227.496262694,"OPERATE_PROFIT":-6730225.92,"PRETAX_PROFIT":-10305430.08,"NETCASH_OPERATE":-431143.68,"NETCASH_INVEST":null,"NETCASH_FINANCE":-1317180.48,"END_CASH":25438390.56,"DIVI_RATIO":null,"DIVIDEND_RATE":null,"CURRENT_RATIO":0.367441897208,"COMMON_ACS":6000000000,"CURRENTDEBT_DEBT":95.611649898789,"ISSUED_COMMON_SHARES":881970541,"HK_COMMON_SHARES":881970541,"PER_SHARES":10000,"TOTAL_MARKET_CAP":209908988.758,"HKSK_MARKET_CAP":209908988.758,"PE_TTM":10.642852951275,"PB_TTM":1.833202235363,"REPORT_DATE_SQ":"2019-06-30 00:00:00","REPORT_TYPE_SQ":"2019年中报","OPERATE_INCOME_SQ":3844993.86,"DPS_HKD":null,"OPERATE_INCOME_QOQ_SQ":1971.91868449138,"NET_PROFIT_RATIO_SQ":-867.4216426447,"HOLDER_PROFIT_SQ":-33332956.38,"HOLDER_PROFIT_QOQ_SQ":0.579620781534,"ROE_AVG_SQ":826.816495745145,"PE_TTM_SQ":-8.77520259683,"PB_TTM_SQ":2.60558095212,"ROA_SQ":-29.365199297895,"START_DATE":"2020-01-01 00:00:00","FISCAL_YEAR":"12-31","CURRENCY":"HKD","IS_CNY_CODE":0,"DPS_HKD_LY":null,"ORG_TYPE":"证券","PREMIUM_INCOME":null,"PREMIUM_INCOME_YOY":null,"NET_INTEREST_INCOME":null,"NET_INTEREST_INCOME_YOY":null,"FEE_COMMISSION_INCOME":4233794.4,"FEE_COMMISSION_INCOME_YOY":-34.755067567568,"ACCOUNTS_RECE_TDAYS":1.282470229853,"INVENTORY_TDAYS":null,"CURRENT_ASSETS_TDAYS":0.093950336769,"TOTAL_ASSETS_TDAYS":0.074998380514,"PREMIUM_EXPENSE":null,"LOAN_DEPOSIT":null,"LOAN_EQUITY":null,"LOAN_ASSETS":null,"DEPOSIT_EQUITY":null,"DEPOSIT_ASSETS":null,"EQUITY_MULTIPLIER":-0.784336716128,"EQUITY_RATIO":-1.784336716128}],"count":44},"success":true,"message":"ok","code":0}