{"version":"4a940dba9ebd87fef25b92afae329df8","result":{"pages":6,"data":[{"SECUCODE":"00855.HK","SECURITY_CODE":"00855","SECURITY_NAME_ABBR":"中国水务","ORG_CODE":"10009127","STD_REPORT_DATE":"2024-06-30 00:00:00","REPORT_DATE":"2024-09-30 00:00:00","DATE_TYPE_CODE":"002","REPORT_TYPE":"2024年中报","PER_NETCASH_OPERATE":0.395078386754,"PER_OI":3.288581404417,"BPS":7.465720101548,"BASIC_EPS":0.417438591,"DILUTED_EPS":0.417438591,"OPERATE_INCOME":5368024913.07,"OPERATE_INCOME_YOY":-13.0489280023,"GROSS_PROFIT":2061699351.7,"GROSS_PROFIT_YOY":-10.980410504115,"HOLDER_PROFIT":681436711.71,"HOLDER_PROFIT_YOY":-8.5055503356,"GROSS_PROFIT_RATIO":38.407037692396,"EPS_TTM":0.851690482616,"OPERATE_INCOME_QOQ":0,"NET_PROFIT_RATIO":20.7975361491,"ROE_AVG":5.746973936433,"GROSS_PROFIT_QOQ":0,"ROA":1.166465390082,"HOLDER_PROFIT_QOQ":0,"ROE_YEARLY":11.493947872866,"ROIC_YEARLY":2.953381467476,"TOTAL_ASSETS":59806812898.69,"TOTAL_LIABILITIES":39454578613.16,"TAX_EBT":24.384925615716,"OCF_SALES":12.013641694356,"TOTAL_PARENT_EQUITY":12183624777.1,"DEBT_ASSET_RATIO":65.9700403698,"OPERATE_PROFIT":1820834849.86,"PRETAX_PROFIT":1476447561.39,"NETCASH_OPERATE":644895279.12,"NETCASH_INVEST":-1214985274.16,"NETCASH_FINANCE":464439885.8,"END_CASH":4229257126.13,"DIVI_RATIO":0.297308946347,"DIVIDEND_RATE":5.566600397614,"CURRENT_RATIO":0.798789804563,"COMMON_ACS":20000000000,"CURRENTDEBT_DEBT":49.985127334428,"ISSUED_COMMON_SHARES":1631942346,"HK_COMMON_SHARES":1631942346,"PER_SHARES":2000,"TOTAL_MARKET_CAP":8208670000.38,"HKSK_MARKET_CAP":8208670000.38,"PE_TTM":5.609712594294,"PB_TTM":0.607577519422,"REPORT_DATE_SQ":"2023-06-30 00:00:00","REPORT_TYPE_SQ":"2023年中报","OPERATE_INCOME_SQ":6282055521.91,"DPS_HKD":0.28,"OPERATE_INCOME_QOQ_SQ":0,"NET_PROFIT_RATIO_SQ":20.1255134965,"HOLDER_PROFIT_SQ":757866946.48,"HOLDER_PROFIT_QOQ_SQ":0,"ROE_AVG_SQ":6.546679820862,"PE_TTM_SQ":4.528072149563,"PB_TTM_SQ":0.633570543897,"ROA_SQ":1.360149952853,"START_DATE":"2024-04-01 00:00:00","FISCAL_YEAR":"3-31","CURRENCY":"HKD","IS_CNY_CODE":0,"DPS_HKD_LY":0.28,"ORG_TYPE":"一般企业","PREMIUM_INCOME":null,"PREMIUM_INCOME_YOY":null,"NET_INTEREST_INCOME":null,"NET_INTEREST_INCOME_YOY":null,"FEE_COMMISSION_INCOME":null,"FEE_COMMISSION_INCOME_YOY":null,"ACCOUNTS_RECE_TDAYS":2.52479749583,"INVENTORY_TDAYS":1.273226802889,"CURRENT_ASSETS_TDAYS":0.346642052574,"TOTAL_ASSETS_TDAYS":0.091888434635,"PREMIUM_EXPENSE":null,"LOAN_DEPOSIT":null,"LOAN_EQUITY":null,"LOAN_ASSETS":null,"DEPOSIT_EQUITY":null,"DEPOSIT_ASSETS":null,"EQUITY_MULTIPLIER":2.93858708875,"EQUITY_RATIO":3.238328439605},{"SECUCODE":"00855.HK","SECURITY_CODE":"00855","SECURITY_NAME_ABBR":"中国水务","ORG_CODE":"10009127","STD_REPORT_DATE":"2023-12-31 00:00:00","REPORT_DATE":"2024-03-31 00:00:00","DATE_TYPE_CODE":"001","REPORT_TYPE":"2023年年报","PER_NETCASH_OPERATE":1.542441802454,"PER_OI":7.141289710219,"BPS":7.103110733392,"BASIC_EPS":0.852157,"DILUTED_EPS":0.852157,"OPERATE_INCOME":11656886773.25,"OPERATE_INCOME_YOY":-9.4148814723,"GROSS_PROFIT":4329650164.2,"GROSS_PROFIT_YOY":-7.4900977201,"HOLDER_PROFIT":1390233406.65,"HOLDER_PROFIT_YOY":-17.4087374636,"GROSS_PROFIT_RATIO":37.142422744773,"EPS_TTM":0.922419703038,"OPERATE_INCOME_QOQ":0,"NET_PROFIT_RATIO":20.1528481322,"ROE_AVG":11.897177290551,"GROSS_PROFIT_QOQ":0,"ROA":2.46537721167,"HOLDER_PROFIT_QOQ":0,"ROE_YEARLY":11.897177290551,"ROIC_YEARLY":3.20248685605,"TOTAL_ASSETS":57332098558.5,"TOTAL_LIABILITIES":37884296608.4,"TAX_EBT":23.097329165156,"OCF_SALES":21.598924914736,"TOTAL_PARENT_EQUITY":11591867194.15,"DEBT_ASSET_RATIO":66.0786846477,"OPERATE_PROFIT":3671682520.05,"PRETAX_PROFIT":3054763459.9,"NETCASH_OPERATE":2517762221.55,"NETCASH_INVEST":-4926045838.9,"NETCASH_FINANCE":548778229.4,"END_CASH":4355790533.45,"DIVI_RATIO":0.403836885501,"DIVIDEND_RATE":8.798283261803,"CURRENT_RATIO":0.813386481175,"COMMON_ACS":20000000000,"CURRENTDEBT_DEBT":49.647387737904,"ISSUED_COMMON_SHARES":1631942346,"HK_COMMON_SHARES":1631942346,"PER_SHARES":2000,"TOTAL_MARKET_CAP":7604851332.36,"HKSK_MARKET_CAP":7604851332.36,"PE_TTM":5.197069719565,"PB_TTM":0.562884938471,"REPORT_DATE_SQ":"2022-12-31 00:00:00","REPORT_TYPE_SQ":"2022年年报","OPERATE_INCOME_SQ":12426403805.73,"DPS_HKD":0.41,"OPERATE_INCOME_QOQ_SQ":0,"NET_PROFIT_RATIO_SQ":21.7566412513,"HOLDER_PROFIT_SQ":1625449032.26,"HOLDER_PROFIT_QOQ_SQ":0,"ROE_AVG_SQ":14.303673247654,"PE_TTM_SQ":3.851244522997,"PB_TTM_SQ":0.538868420493,"ROA_SQ":3.141006420351,"START_DATE":"2023-04-01 00:00:00","FISCAL_YEAR":"3-31","CURRENCY":"HKD","IS_CNY_CODE":0,"DPS_HKD_LY":0.31,"ORG_TYPE":"一般企业","PREMIUM_INCOME":null,"PREMIUM_INCOME_YOY":null,"NET_INTEREST_INCOME":null,"NET_INTEREST_INCOME_YOY":null,"FEE_COMMISSION_INCOME":null,"FEE_COMMISSION_INCOME_YOY":null,"ACCOUNTS_RECE_TDAYS":6.287765485227,"INVENTORY_TDAYS":2.723183758236,"CURRENT_ASSETS_TDAYS":0.73980439292,"TOTAL_ASSETS_TDAYS":0.206717971762,"PREMIUM_EXPENSE":null,"LOAN_DEPOSIT":null,"LOAN_EQUITY":null,"LOAN_ASSETS":null,"DEPOSIT_EQUITY":null,"DEPOSIT_ASSETS":null,"EQUITY_MULTIPLIER":2.947998889825,"EQUITY_RATIO":3.26817897185},{"SECUCODE":"00855.HK","SECURITY_CODE":"00855","SECURITY_NAME_ABBR":"中国水务","ORG_CODE":"10009127","STD_REPORT_DATE":"2023-06-30 00:00:00","REPORT_DATE":"2023-09-30 00:00:00","DATE_TYPE_CODE":"002","REPORT_TYPE":"2023年中报","PER_NETCASH_OPERATE":0.648219731772,"PER_OI":3.848538578979,"BPS":6.881250211409,"BASIC_EPS":0.46432078,"DILUTED_EPS":0.46432078,"OPERATE_INCOME":6282055521.91,"OPERATE_INCOME_YOY":0.8953449608,"GROSS_PROFIT":2316006357,"GROSS_PROFIT_YOY":2.08814520584,"HOLDER_PROFIT":757866946.48,"HOLDER_PROFIT_YOY":-14.8874074181,"GROSS_PROFIT_RATIO":36.867015086423,"EPS_TTM":0.99578924239,"OPERATE_INCOME_QOQ":0,"NET_PROFIT_RATIO":20.1255134965,"ROE_AVG":6.546679820862,"GROSS_PROFIT_QOQ":0,"ROA":1.360149952853,"HOLDER_PROFIT_QOQ":0,"ROE_YEARLY":13.093359641723,"ROIC_YEARLY":3.562262001175,"TOTAL_ASSETS":55312548770.08,"TOTAL_LIABILITIES":36643936268.31,"TAX_EBT":23.120266454033,"OCF_SALES":16.843269684574,"TOTAL_PARENT_EQUITY":11229803613.42,"DEBT_ASSET_RATIO":66.248865914,"OPERATE_PROFIT":1951696235.44,"PRETAX_PROFIT":1644511334.27,"NETCASH_OPERATE":1058103553.29,"NETCASH_INVEST":-2201050258.75,"NETCASH_FINANCE":-155766774.87,"END_CASH":4985648963.4,"DIVI_RATIO":0.374082269764,"DIVIDEND_RATE":8.798283261803,"CURRENT_RATIO":0.820740445572,"COMMON_ACS":20000000000,"CURRENTDEBT_DEBT":52.37397358997,"ISSUED_COMMON_SHARES":1631942346,"HK_COMMON_SHARES":1631942346,"PER_SHARES":2000,"TOTAL_MARKET_CAP":7604851332.36,"HKSK_MARKET_CAP":7604851332.36,"PE_TTM":5.197069719565,"PB_TTM":0.562884938471,"REPORT_DATE_SQ":"2022-06-30 00:00:00","REPORT_TYPE_SQ":"2022年中报","OPERATE_INCOME_SQ":6136811714.64,"DPS_HKD":0.41,"OPERATE_INCOME_QOQ_SQ":0,"NET_PROFIT_RATIO_SQ":22.2604295286,"HOLDER_PROFIT_SQ":877629685.08,"HOLDER_PROFIT_QOQ_SQ":0,"ROE_AVG_SQ":7.655714580672,"PE_TTM_SQ":3.851244522997,"PB_TTM_SQ":0.538868420493,"ROA_SQ":1.697599368459,"START_DATE":"2023-04-01 00:00:00","FISCAL_YEAR":"3-31","CURRENCY":"HKD","IS_CNY_CODE":0,"DPS_HKD_LY":0.31,"ORG_TYPE":"一般企业","PREMIUM_INCOME":null,"PREMIUM_INCOME_YOY":null,"NET_INTEREST_INCOME":null,"NET_INTEREST_INCOME_YOY":null,"FEE_COMMISSION_INCOME":null,"FEE_COMMISSION_INCOME_YOY":null,"ACCOUNTS_RECE_TDAYS":3.203438828487,"INVENTORY_TDAYS":1.473368918257,"CURRENT_ASSETS_TDAYS":0.390620016743,"TOTAL_ASSETS_TDAYS":0.112744559736,"PREMIUM_EXPENSE":null,"LOAN_DEPOSIT":null,"LOAN_EQUITY":null,"LOAN_ASSETS":null,"DEPOSIT_EQUITY":null,"DEPOSIT_ASSETS":null,"EQUITY_MULTIPLIER":2.962863403203,"EQUITY_RATIO":3.263096802915},{"SECUCODE":"00855.HK","SECURITY_CODE":"00855","SECURITY_NAME_ABBR":"中国水务","ORG_CODE":"10009127","STD_REPORT_DATE":"2022-12-31 00:00:00","REPORT_DATE":"2023-03-31 00:00:00","DATE_TYPE_CODE":"001","REPORT_TYPE":"2022年年报","PER_NETCASH_OPERATE":1.859056214293,"PER_OI":7.612714385845,"BPS":6.96981542946,"BASIC_EPS":0.9979674,"DILUTED_EPS":0.9979674,"OPERATE_INCOME":12426403805.73,"OPERATE_INCOME_YOY":9.6149925698,"GROSS_PROFIT":4680201856.77,"GROSS_PROFIT_YOY":16.295821526833,"HOLDER_PROFIT":1625449032.26,"HOLDER_PROFIT_YOY":-1.9427294327,"GROSS_PROFIT_RATIO":37.663365282013,"EPS_TTM":0.958063447384,"OPERATE_INCOME_QOQ":0,"NET_PROFIT_RATIO":21.7566412513,"ROE_AVG":14.303673247654,"GROSS_PROFIT_QOQ":0,"ROA":3.141006420351,"HOLDER_PROFIT_QOQ":0,"ROE_YEARLY":14.303673247654,"ROIC_YEARLY":4.147918090421,"TOTAL_ASSETS":53543829358.08,"TOTAL_LIABILITIES":35009531533.14,"TAX_EBT":23.162022195435,"OCF_SALES":24.420411959096,"TOTAL_PARENT_EQUITY":11374336943.14,"DEBT_ASSET_RATIO":65.3848108229,"OPERATE_PROFIT":3930352788.48,"PRETAX_PROFIT":3518531035.95,"NETCASH_OPERATE":3034579001.06,"NETCASH_INVEST":-3599984434.81,"NETCASH_FINANCE":1634097207.65,"END_CASH":6114582151.61,"DIVI_RATIO":0.388812558309,"DIVIDEND_RATE":8.798283261803,"CURRENT_RATIO":0.844552269163,"COMMON_ACS":20000000000,"CURRENTDEBT_DEBT":52.95639989784,"ISSUED_COMMON_SHARES":1631942346,"HK_COMMON_SHARES":1631942346,"PER_SHARES":2000,"TOTAL_MARKET_CAP":7604851332.36,"HKSK_MARKET_CAP":7604851332.36,"PE_TTM":5.197069719565,"PB_TTM":0.562884938471,"REPORT_DATE_SQ":"2021-12-31 00:00:00","REPORT_TYPE_SQ":"2021年年报","OPERATE_INCOME_SQ":10502440006.28,"DPS_HKD":0.41,"OPERATE_INCOME_QOQ_SQ":0,"NET_PROFIT_RATIO_SQ":22.9897184735,"HOLDER_PROFIT_SQ":1535706638.73,"HOLDER_PROFIT_QOQ_SQ":0,"ROE_AVG_SQ":16.128036426579,"PE_TTM_SQ":3.851244522997,"PB_TTM_SQ":0.538868420493,"ROA_SQ":3.637901491481,"START_DATE":"2022-04-01 00:00:00","FISCAL_YEAR":"3-31","CURRENCY":"HKD","IS_CNY_CODE":0,"DPS_HKD_LY":0.34,"ORG_TYPE":"一般企业","PREMIUM_INCOME":null,"PREMIUM_INCOME_YOY":null,"NET_INTEREST_INCOME":null,"NET_INTEREST_INCOME_YOY":null,"FEE_COMMISSION_INCOME":null,"FEE_COMMISSION_INCOME_YOY":null,"ACCOUNTS_RECE_TDAYS":8.075206332303,"INVENTORY_TDAYS":2.684092968656,"CURRENT_ASSETS_TDAYS":0.825643543869,"TOTAL_ASSETS_TDAYS":0.240126964064,"PREMIUM_EXPENSE":null,"LOAN_DEPOSIT":null,"LOAN_EQUITY":null,"LOAN_ASSETS":null,"DEPOSIT_EQUITY":null,"DEPOSIT_ASSETS":null,"EQUITY_MULTIPLIER":2.888905199633,"EQUITY_RATIO":3.077940429245},{"SECUCODE":"00855.HK","SECURITY_CODE":"00855","SECURITY_NAME_ABBR":"中国水务","ORG_CODE":"10009127","STD_REPORT_DATE":"2022-06-30 00:00:00","REPORT_DATE":"2022-09-30 00:00:00","DATE_TYPE_CODE":"002","REPORT_TYPE":"2022年中报","PER_NETCASH_OPERATE":0.716360087323,"PER_OI":3.759558722993,"BPS":6.861496036748,"BASIC_EPS":0.53768958,"DILUTED_EPS":0.53768958,"OPERATE_INCOME":6136811714.64,"OPERATE_INCOME_YOY":4.8265887157,"GROSS_PROFIT":2268633985.2,"GROSS_PROFIT_YOY":7.837678429571,"HOLDER_PROFIT":877629685.08,"HOLDER_PROFIT_YOY":-4.838598955,"GROSS_PROFIT_RATIO":36.967632228115,"EPS_TTM":0.940810889769,"OPERATE_INCOME_QOQ":0,"NET_PROFIT_RATIO":22.2604295286,"ROE_AVG":7.655714580672,"GROSS_PROFIT_QOQ":0,"ROA":1.697599368459,"HOLDER_PROFIT_QOQ":0,"ROE_YEARLY":15.311429161344,"ROIC_YEARLY":4.462136976178,"TOTAL_ASSETS":51785197290.48,"TOTAL_LIABILITIES":33807836960.64,"TAX_EBT":24.725273082294,"OCF_SALES":19.054366219684,"TOTAL_PARENT_EQUITY":11197565939.28,"DEBT_ASSET_RATIO":65.2847507194,"OPERATE_PROFIT":1945429637.88,"PRETAX_PROFIT":1814793228.72,"NETCASH_OPERATE":1169330578.32,"NETCASH_INVEST":-1626027556.32,"NETCASH_FINANCE":780222401.52,"END_CASH":5700461018.88,"DIVI_RATIO":0.39594258958,"DIVIDEND_RATE":8.798283261803,"CURRENT_RATIO":0.819481689527,"COMMON_ACS":20000000000,"CURRENTDEBT_DEBT":56.13054528621,"ISSUED_COMMON_SHARES":1631942346,"HK_COMMON_SHARES":1631942346,"PER_SHARES":2000,"TOTAL_MARKET_CAP":7604851332.36,"HKSK_MARKET_CAP":7604851332.36,"PE_TTM":5.197069719565,"PB_TTM":0.562884938471,"REPORT_DATE_SQ":"2021-06-30 00:00:00","REPORT_TYPE_SQ":"2021年中报","OPERATE_INCOME_SQ":5392223270.46,"DPS_HKD":0.41,"OPERATE_INCOME_QOQ_SQ":0,"NET_PROFIT_RATIO_SQ":24.3909775551,"HOLDER_PROFIT_SQ":849467949.76,"HOLDER_PROFIT_QOQ_SQ":0,"ROE_AVG_SQ":9.152077802211,"PE_TTM_SQ":3.851244522997,"PB_TTM_SQ":0.538868420493,"ROA_SQ":2.052489055815,"START_DATE":"2022-04-01 00:00:00","FISCAL_YEAR":"3-31","CURRENCY":"HKD","IS_CNY_CODE":0,"DPS_HKD_LY":0.34,"ORG_TYPE":"一般企业","PREMIUM_INCOME":null,"PREMIUM_INCOME_YOY":null,"NET_INTEREST_INCOME":null,"NET_INTEREST_INCOME_YOY":null,"FEE_COMMISSION_INCOME":null,"FEE_COMMISSION_INCOME_YOY":null,"ACCOUNTS_RECE_TDAYS":4.15744759462,"INVENTORY_TDAYS":1.292011335108,"CURRENT_ASSETS_TDAYS":0.402767896034,"TOTAL_ASSETS_TDAYS":0.118704367779,"PREMIUM_EXPENSE":null,"LOAN_DEPOSIT":null,"LOAN_EQUITY":null,"LOAN_ASSETS":null,"DEPOSIT_EQUITY":null,"DEPOSIT_ASSETS":null,"EQUITY_MULTIPLIER":2.880578479841,"EQUITY_RATIO":3.019213027542},{"SECUCODE":"00855.HK","SECURITY_CODE":"00855","SECURITY_NAME_ABBR":"中国水务","ORG_CODE":"10009127","STD_REPORT_DATE":"2021-12-31 00:00:00","REPORT_DATE":"2022-03-31 00:00:00","DATE_TYPE_CODE":"001","REPORT_TYPE":"2021年年报","PER_NETCASH_OPERATE":1.852440625186,"PER_OI":6.434047804354,"BPS":6.445179052986,"BASIC_EPS":0.9488817,"DILUTED_EPS":0.9407716,"OPERATE_INCOME":10502440006.28,"OPERATE_INCOME_YOY":25.1731351106,"GROSS_PROFIT":4024393822,"GROSS_PROFIT_YOY":9.749677258189,"HOLDER_PROFIT":1535706638.73,"HOLDER_PROFIT_YOY":11.8826161147,"GROSS_PROFIT_RATIO":38.318655660909,"EPS_TTM":0.951810192519,"OPERATE_INCOME_QOQ":0,"NET_PROFIT_RATIO":22.9897184735,"ROE_AVG":16.128036426579,"GROSS_PROFIT_QOQ":0,"ROA":3.637901491481,"HOLDER_PROFIT_QOQ":0,"ROE_YEARLY":16.128036426579,"ROIC_YEARLY":4.720512496019,"TOTAL_ASSETS":46279833106.42,"TOTAL_LIABILITIES":29668122894.98,"TAX_EBT":23.979564999124,"OCF_SALES":28.791216377546,"TOTAL_PARENT_EQUITY":10518160624.12,"DEBT_ASSET_RATIO":64.1059418403,"OPERATE_PROFIT":3365126226.03,"PRETAX_PROFIT":3176095204.22,"NETCASH_OPERATE":2970147324.82,"NETCASH_INVEST":-3410593879.66,"NETCASH_FINANCE":2095980732.08,"END_CASH":4884568059.21,"DIVI_RATIO":0.391367000404,"DIVIDEND_RATE":8.798283261803,"CURRENT_RATIO":0.857158405757,"COMMON_ACS":20000000000,"CURRENTDEBT_DEBT":52.617527486012,"ISSUED_COMMON_SHARES":1631942346,"HK_COMMON_SHARES":1631942346,"PER_SHARES":2000,"TOTAL_MARKET_CAP":7604851332.36,"HKSK_MARKET_CAP":7604851332.36,"PE_TTM":5.197069719565,"PB_TTM":0.562884938471,"REPORT_DATE_SQ":"2020-12-31 00:00:00","REPORT_TYPE_SQ":"2020年年报","OPERATE_INCOME_SQ":8743837580.94,"DPS_HKD":0.41,"OPERATE_INCOME_QOQ_SQ":0,"NET_PROFIT_RATIO_SQ":25.7316273603,"HOLDER_PROFIT_SQ":1430436723.52,"HOLDER_PROFIT_QOQ_SQ":0,"ROE_AVG_SQ":17.796440457443,"PE_TTM_SQ":3.851244522997,"PB_TTM_SQ":0.538868420493,"ROA_SQ":3.805812842221,"START_DATE":"2021-04-01 00:00:00","FISCAL_YEAR":"3-31","CURRENCY":"HKD","IS_CNY_CODE":0,"DPS_HKD_LY":0.32,"ORG_TYPE":"一般企业","PREMIUM_INCOME":null,"PREMIUM_INCOME_YOY":null,"NET_INTEREST_INCOME":null,"NET_INTEREST_INCOME_YOY":null,"FEE_COMMISSION_INCOME":null,"FEE_COMMISSION_INCOME_YOY":null,"ACCOUNTS_RECE_TDAYS":9.836034544308,"INVENTORY_TDAYS":2.264360528612,"CURRENT_ASSETS_TDAYS":0.881669407027,"TOTAL_ASSETS_TDAYS":0.248789978499,"PREMIUM_EXPENSE":null,"LOAN_DEPOSIT":null,"LOAN_EQUITY":null,"LOAN_ASSETS":null,"DEPOSIT_EQUITY":null,"DEPOSIT_ASSETS":null,"EQUITY_MULTIPLIER":2.785976429722,"EQUITY_RATIO":2.820656952789},{"SECUCODE":"00855.HK","SECURITY_CODE":"00855","SECURITY_NAME_ABBR":"中国水务","ORG_CODE":"10009127","STD_REPORT_DATE":"2021-06-30 00:00:00","REPORT_DATE":"2021-09-30 00:00:00","DATE_TYPE_CODE":"002","REPORT_TYPE":"2021年中报","PER_NETCASH_OPERATE":0.859394529406,"PER_OI":3.303405901214,"BPS":6.008674875111,"BASIC_EPS":0.529909466,"DILUTED_EPS":0.520412582,"OPERATE_INCOME":5392223270.46,"OPERATE_INCOME_YOY":26.1449932774,"GROSS_PROFIT":2103748910.62,"GROSS_PROFIT_YOY":13.438830476215,"HOLDER_PROFIT":849467949.76,"HOLDER_PROFIT_YOY":23.3783314519,"GROSS_PROFIT_RATIO":39.014499309494,"EPS_TTM":0.902539051777,"OPERATE_INCOME_QOQ":0,"NET_PROFIT_RATIO":24.3909775551,"ROE_AVG":9.152077802211,"GROSS_PROFIT_QOQ":0,"ROA":2.052489055815,"HOLDER_PROFIT_QOQ":0,"ROE_YEARLY":18.304155604422,"ROIC_YEARLY":5.274296907331,"TOTAL_ASSETS":43588903981.82,"TOTAL_LIABILITIES":27936717916.66,"TAX_EBT":24.509734073201,"OCF_SALES":26.015408190995,"TOTAL_PARENT_EQUITY":9805810972.04,"DEBT_ASSET_RATIO":64.0913520751,"OPERATE_PROFIT":1807558592.92,"PRETAX_PROFIT":1742232526.9,"NETCASH_OPERATE":1402808894.38,"NETCASH_INVEST":-1718177919.4,"NETCASH_FINANCE":942259170.92,"END_CASH":3892066316.72,"DIVI_RATIO":0.412732390102,"DIVIDEND_RATE":8.798283261803,"CURRENT_RATIO":0.946479359082,"COMMON_ACS":20000000000,"CURRENTDEBT_DEBT":47.026886278811,"ISSUED_COMMON_SHARES":1631942346,"HK_COMMON_SHARES":1631942346,"PER_SHARES":2000,"TOTAL_MARKET_CAP":7604851332.36,"HKSK_MARKET_CAP":7604851332.36,"PE_TTM":5.197069719565,"PB_TTM":0.562884938471,"REPORT_DATE_SQ":"2020-06-30 00:00:00","REPORT_TYPE_SQ":"2020年中报","OPERATE_INCOME_SQ":4508915304.32,"DPS_HKD":0.41,"OPERATE_INCOME_QOQ_SQ":0,"NET_PROFIT_RATIO_SQ":24.7014800152,"HOLDER_PROFIT_SQ":726243626.88,"HOLDER_PROFIT_QOQ_SQ":0,"ROE_AVG_SQ":9.26708241959,"PE_TTM_SQ":3.851244522997,"PB_TTM_SQ":0.538868420493,"ROA_SQ":1.90737652709,"START_DATE":"2021-04-01 00:00:00","FISCAL_YEAR":"3-31","CURRENCY":"HKD","IS_CNY_CODE":0,"DPS_HKD_LY":0.32,"ORG_TYPE":"一般企业","PREMIUM_INCOME":null,"PREMIUM_INCOME_YOY":null,"NET_INTEREST_INCOME":null,"NET_INTEREST_INCOME_YOY":null,"FEE_COMMISSION_INCOME":null,"FEE_COMMISSION_INCOME_YOY":null,"ACCOUNTS_RECE_TDAYS":5.366406932365,"INVENTORY_TDAYS":1.100781317863,"CURRENT_ASSETS_TDAYS":0.465614268672,"TOTAL_ASSETS_TDAYS":0.130287190379,"PREMIUM_EXPENSE":null,"LOAN_DEPOSIT":null,"LOAN_EQUITY":null,"LOAN_ASSETS":null,"DEPOSIT_EQUITY":null,"DEPOSIT_ASSETS":null,"EQUITY_MULTIPLIER":2.784844481172,"EQUITY_RATIO":2.848996171384},{"SECUCODE":"00855.HK","SECURITY_CODE":"00855","SECURITY_NAME_ABBR":"中国水务","ORG_CODE":"10009127","STD_REPORT_DATE":"2020-12-31 00:00:00","REPORT_DATE":"2021-03-31 00:00:00","DATE_TYPE_CODE":"001","REPORT_TYPE":"2020年年报","PER_NETCASH_OPERATE":1.41513774401,"PER_OI":5.51695489177,"BPS":5.444427074595,"BASIC_EPS":0.8958908,"DILUTED_EPS":0.8789872,"OPERATE_INCOME":8743837580.94,"OPERATE_INCOME_YOY":18.992091718,"GROSS_PROFIT":3666884425.12,"GROSS_PROFIT_YOY":6.777752545542,"HOLDER_PROFIT":1430436723.52,"HOLDER_PROFIT_YOY":3.2308119268,"GROSS_PROFIT_RATIO":41.936785663919,"EPS_TTM":0.901952589373,"OPERATE_INCOME_QOQ":0,"NET_PROFIT_RATIO":25.7316273603,"ROE_AVG":17.796440457443,"GROSS_PROFIT_QOQ":0,"ROA":3.805812842221,"HOLDER_PROFIT_QOQ":0,"ROE_YEARLY":17.796440457443,"ROIC_YEARLY":5.024322095435,"TOTAL_ASSETS":39755616563.46,"TOTAL_LIABILITIES":25429791898.42,"TAX_EBT":24.579041205841,"OCF_SALES":25.650703545192,"TOTAL_PARENT_EQUITY":8884991092.74,"DEBT_ASSET_RATIO":63.9652811266,"OPERATE_PROFIT":3116225144.9,"PRETAX_PROFIT":2983165076.78,"NETCASH_OPERATE":2242855856.36,"NETCASH_INVEST":-3366275873.8,"NETCASH_FINANCE":-437857331.52,"END_CASH":3297231429.24,"DIVI_RATIO":0.413000754573,"DIVIDEND_RATE":8.798283261803,"CURRENT_RATIO":0.885175303657,"COMMON_ACS":20000000000,"CURRENTDEBT_DEBT":48.348673270912,"ISSUED_COMMON_SHARES":1631942346,"HK_COMMON_SHARES":1631942346,"PER_SHARES":2000,"TOTAL_MARKET_CAP":7604851332.36,"HKSK_MARKET_CAP":7604851332.36,"PE_TTM":5.197069719565,"PB_TTM":0.562884938471,"REPORT_DATE_SQ":"2019-12-31 00:00:00","REPORT_TYPE_SQ":"2019年年报","OPERATE_INCOME_SQ":7943984651.1,"DPS_HKD":0.41,"OPERATE_INCOME_QOQ_SQ":0,"NET_PROFIT_RATIO_SQ":28.8382979061,"HOLDER_PROFIT_SQ":1498006581.5,"HOLDER_PROFIT_QOQ_SQ":0,"ROE_AVG_SQ":19.898986392669,"PE_TTM_SQ":3.851244522997,"PB_TTM_SQ":0.538868420493,"ROA_SQ":4.218566460359,"START_DATE":"2020-04-01 00:00:00","FISCAL_YEAR":"3-31","CURRENCY":"HKD","IS_CNY_CODE":0,"DPS_HKD_LY":0.31,"ORG_TYPE":"一般企业","PREMIUM_INCOME":null,"PREMIUM_INCOME_YOY":null,"NET_INTEREST_INCOME":null,"NET_INTEREST_INCOME_YOY":null,"FEE_COMMISSION_INCOME":null,"FEE_COMMISSION_INCOME_YOY":null,"ACCOUNTS_RECE_TDAYS":8.634672034994,"INVENTORY_TDAYS":1.886292967933,"CURRENT_ASSETS_TDAYS":0.790778416462,"TOTAL_ASSETS_TDAYS":0.232638108409,"PREMIUM_EXPENSE":null,"LOAN_DEPOSIT":null,"LOAN_EQUITY":null,"LOAN_ASSETS":null,"DEPOSIT_EQUITY":null,"DEPOSIT_ASSETS":null,"EQUITY_MULTIPLIER":2.775101433463,"EQUITY_RATIO":2.862106628244},{"SECUCODE":"00855.HK","SECURITY_CODE":"00855","SECURITY_NAME_ABBR":"中国水务","ORG_CODE":"10009127","STD_REPORT_DATE":"2020-06-30 00:00:00","REPORT_DATE":"2020-09-30 00:00:00","DATE_TYPE_CODE":"002","REPORT_TYPE":"2020年中报","PER_NETCASH_OPERATE":0.638854518368,"PER_OI":2.832459438471,"BPS":5.023293113028,"BASIC_EPS":0.454122496,"DILUTED_EPS":0.444280832,"OPERATE_INCOME":4508915304.32,"OPERATE_INCOME_YOY":17.8317499902,"GROSS_PROFIT":1854522743.04,"GROSS_PROFIT_YOY":10.402607393308,"HOLDER_PROFIT":726243626.88,"HOLDER_PROFIT_YOY":-6.197053616,"GROSS_PROFIT_RATIO":41.130130372225,"EPS_TTM":0.933902512473,"OPERATE_INCOME_QOQ":0,"NET_PROFIT_RATIO":24.7014800152,"ROE_AVG":9.26708241959,"GROSS_PROFIT_QOQ":0,"ROA":1.90737652709,"HOLDER_PROFIT_QOQ":0,"ROE_YEARLY":18.534164839179,"ROIC_YEARLY":5.108707117797,"TOTAL_ASSETS":39330087188.48,"TOTAL_LIABILITIES":26123352646.4,"TAX_EBT":26.05291560923,"OCF_SALES":22.554763174763,"TOTAL_PARENT_EQUITY":8197724747.52,"DEBT_ASSET_RATIO":66.4207849863,"OPERATE_PROFIT":1612101469.44,"PRETAX_PROFIT":1506170016,"NETCASH_OPERATE":1016975168.64,"NETCASH_INVEST":-2174882965.76,"NETCASH_FINANCE":591042010.24,"END_CASH":4409531193.6,"DIVI_RATIO":0.398871504279,"DIVIDEND_RATE":8.798283261803,"CURRENT_RATIO":1.063166152352,"COMMON_ACS":20000000000,"CURRENTDEBT_DEBT":42.56157062142,"ISSUED_COMMON_SHARES":1631942346,"HK_COMMON_SHARES":1631942346,"PER_SHARES":2000,"TOTAL_MARKET_CAP":7604851332.36,"HKSK_MARKET_CAP":7604851332.36,"PE_TTM":5.197069719565,"PB_TTM":0.562884938471,"REPORT_DATE_SQ":"2019-06-30 00:00:00","REPORT_TYPE_SQ":"2019年中报","OPERATE_INCOME_SQ":3927991967.1,"DPS_HKD":0.41,"OPERATE_INCOME_QOQ_SQ":0,"NET_PROFIT_RATIO_SQ":29.4845810628,"HOLDER_PROFIT_SQ":794742970.8,"HOLDER_PROFIT_QOQ_SQ":0,"ROE_AVG_SQ":10.959964682513,"PE_TTM_SQ":3.851244522997,"PB_TTM_SQ":0.538868420493,"ROA_SQ":2.373438873261,"START_DATE":"2020-04-01 00:00:00","FISCAL_YEAR":"3-31","CURRENCY":"HKD","IS_CNY_CODE":0,"DPS_HKD_LY":0.31,"ORG_TYPE":"一般企业","PREMIUM_INCOME":null,"PREMIUM_INCOME_YOY":null,"NET_INTEREST_INCOME":null,"NET_INTEREST_INCOME_YOY":null,"FEE_COMMISSION_INCOME":null,"FEE_COMMISSION_INCOME_YOY":null,"ACCOUNTS_RECE_TDAYS":4.078038751148,"INVENTORY_TDAYS":1.019878306693,"CURRENT_ASSETS_TDAYS":0.383772903427,"TOTAL_ASSETS_TDAYS":0.11842030547,"PREMIUM_EXPENSE":null,"LOAN_DEPOSIT":null,"LOAN_EQUITY":null,"LOAN_ASSETS":null,"DEPOSIT_EQUITY":null,"DEPOSIT_ASSETS":null,"EQUITY_MULTIPLIER":2.978032689543,"EQUITY_RATIO":3.186658914634}],"count":48},"success":true,"message":"ok","code":0}