{"version":"9a3570d0e72619e0c8cfe8ab1881b70d","result":{"pages":6,"data":[{"SECUCODE":"00859.HK","SECURITY_CODE":"00859","SECURITY_NAME_ABBR":"中昌国际控股","ORG_CODE":"10009130","STD_REPORT_DATE":"2024-06-30 00:00:00","REPORT_DATE":"2024-06-30 00:00:00","DATE_TYPE_CODE":"002","REPORT_TYPE":"2024年中报","PER_NETCASH_OPERATE":0.010035182158,"PER_OI":0.013680135548,"BPS":0.752167324663,"BASIC_EPS":-0.021356712,"DILUTED_EPS":-0.021356712,"OPERATE_INCOME":15390522.84,"OPERATE_INCOME_YOY":2.9361494323,"GROSS_PROFIT":15390522.84,"GROSS_PROFIT_YOY":1.89783386177,"HOLDER_PROFIT":-24029951.72,"HOLDER_PROFIT_YOY":-18.9419949404,"GROSS_PROFIT_RATIO":null,"EPS_TTM":-0.061911235964,"OPERATE_INCOME_QOQ":0.936438022058,"NET_PROFIT_RATIO":-156.1347328471,"ROE_AVG":-2.799910459015,"GROSS_PROFIT_QOQ":0.936438022058,"ROA":-1.463864850064,"HOLDER_PROFIT_QOQ":-5.483807053496,"ROE_YEARLY":-5.599820918029,"ROIC_YEARLY":-3.044687956778,"TOTAL_ASSETS":1586742552.04,"TOTAL_LIABILITIES":740533949.12,"TAX_EBT":-9.873555064057,"OCF_SALES":73.355867876416,"TOTAL_PARENT_EQUITY":846208602.92,"DEBT_ASSET_RATIO":46.6700756319,"OPERATE_PROFIT":1672029.76,"PRETAX_PROFIT":-21870550.84,"NETCASH_OPERATE":11289851.6,"NETCASH_INVEST":-46546.68,"NETCASH_FINANCE":-109699572.6,"END_CASH":13813411.8,"DIVI_RATIO":null,"DIVIDEND_RATE":null,"CURRENT_RATIO":0.02279422795,"COMMON_ACS":2000000000,"CURRENTDEBT_DEBT":97.767641461996,"ISSUED_COMMON_SHARES":1125027072,"HK_COMMON_SHARES":1125027072,"PER_SHARES":2000,"TOTAL_MARKET_CAP":127128059.136,"HKSK_MARKET_CAP":127128059.136,"PE_TTM":-1.64979248006,"PB_TTM":0.137114225277,"REPORT_DATE_SQ":"2023-06-30 00:00:00","REPORT_TYPE_SQ":"2023年中报","OPERATE_INCOME_SQ":15103876.36,"DPS_HKD":null,"OPERATE_INCOME_QOQ_SQ":0.103553646576,"NET_PROFIT_RATIO_SQ":-135.1239164937,"HOLDER_PROFIT_SQ":-20408949.28,"HOLDER_PROFIT_QOQ_SQ":7.573026393258,"ROE_AVG_SQ":-2.179410497816,"PE_TTM_SQ":-2.544275786074,"PB_TTM_SQ":0.143272488977,"ROA_SQ":-1.207343985042,"START_DATE":"2024-01-01 00:00:00","FISCAL_YEAR":"12-31","CURRENCY":"HKD","IS_CNY_CODE":0,"DPS_HKD_LY":null,"ORG_TYPE":"一般企业","PREMIUM_INCOME":null,"PREMIUM_INCOME_YOY":null,"NET_INTEREST_INCOME":null,"NET_INTEREST_INCOME_YOY":null,"FEE_COMMISSION_INCOME":null,"FEE_COMMISSION_INCOME_YOY":null,"ACCOUNTS_RECE_TDAYS":5.695997297754,"INVENTORY_TDAYS":null,"CURRENT_ASSETS_TDAYS":0.234040929058,"TOTAL_ASSETS_TDAYS":0.00937565155,"PREMIUM_EXPENSE":null,"LOAN_DEPOSIT":null,"LOAN_EQUITY":null,"LOAN_ASSETS":null,"DEPOSIT_EQUITY":null,"DEPOSIT_ASSETS":null,"EQUITY_MULTIPLIER":1.875119854095,"EQUITY_RATIO":0.875119854093},{"SECUCODE":"00859.HK","SECURITY_CODE":"00859","SECURITY_NAME_ABBR":"中昌国际控股","ORG_CODE":"10009130","STD_REPORT_DATE":"2023-12-31 00:00:00","REPORT_DATE":"2023-12-31 00:00:00","DATE_TYPE_CODE":"001","REPORT_TYPE":"2023年年报","PER_NETCASH_OPERATE":-0.016568525011,"PER_OI":0.027208500064,"BPS":0.768080700444,"BASIC_EPS":-0.058723056,"DILUTED_EPS":-0.058723056,"OPERATE_INCOME":30610299.16,"OPERATE_INCOME_YOY":0.2969297464,"GROSS_PROFIT":30610299.16,"GROSS_PROFIT_YOY":1.750964069993,"HOLDER_PROFIT":-66030814.08,"HOLDER_PROFIT_YOY":-15.0181531176,"GROSS_PROFIT_RATIO":null,"EPS_TTM":-0.05869264458,"OPERATE_INCOME_QOQ":1.645706234599,"NET_PROFIT_RATIO":-215.7143703002,"ROE_AVG":-7.360717484078,"GROSS_PROFIT_QOQ":1.645706234599,"ROA":-3.927569800015,"HOLDER_PROFIT_QOQ":-26.270187207093,"ROE_YEARLY":-7.360717484078,"ROIC_YEARLY":-4.135217480011,"TOTAL_ASSETS":1684334022.14,"TOTAL_LIABILITIES":820222440.66,"TAX_EBT":-5.733315920073,"OCF_SALES":-60.894665166677,"TOTAL_PARENT_EQUITY":864111581.48,"DEBT_ASSET_RATIO":48.6971366652,"OPERATE_PROFIT":-23095016.7,"PRETAX_PROFIT":-62450338.86,"NETCASH_OPERATE":-18640039.18,"NETCASH_INVEST":1014060.18,"NETCASH_FINANCE":71824278.54,"END_CASH":111507652.34,"DIVI_RATIO":null,"DIVIDEND_RATE":null,"CURRENT_RATIO":0.142134344199,"COMMON_ACS":2000000000,"CURRENTDEBT_DEBT":97.95934827307,"ISSUED_COMMON_SHARES":1125027072,"HK_COMMON_SHARES":1125027072,"PER_SHARES":2000,"TOTAL_MARKET_CAP":145128492.288,"HKSK_MARKET_CAP":145128492.288,"PE_TTM":-1.88339141529,"PB_TTM":0.156528628856,"REPORT_DATE_SQ":"2022-12-31 00:00:00","REPORT_TYPE_SQ":"2022年年报","OPERATE_INCOME_SQ":30083547.06,"DPS_HKD":null,"OPERATE_INCOME_QOQ_SQ":1.053548584811,"NET_PROFIT_RATIO_SQ":-188.0693627888,"HOLDER_PROFIT_SQ":-56588654.5,"HOLDER_PROFIT_QOQ_SQ":-123.454877085175,"ROE_AVG_SQ":-6.01883153629,"PE_TTM_SQ":-2.544275786074,"PB_TTM_SQ":0.143272488977,"ROA_SQ":-3.314503976981,"START_DATE":"2023-01-01 00:00:00","FISCAL_YEAR":"12-31","CURRENCY":"HKD","IS_CNY_CODE":0,"DPS_HKD_LY":null,"ORG_TYPE":"一般企业","PREMIUM_INCOME":null,"PREMIUM_INCOME_YOY":null,"NET_INTEREST_INCOME":null,"NET_INTEREST_INCOME_YOY":null,"FEE_COMMISSION_INCOME":null,"FEE_COMMISSION_INCOME_YOY":null,"ACCOUNTS_RECE_TDAYS":9.288601677437,"INVENTORY_TDAYS":null,"CURRENT_ASSETS_TDAYS":0.348623947899,"TOTAL_ASSETS_TDAYS":0.018207270079,"PREMIUM_EXPENSE":null,"LOAN_DEPOSIT":null,"LOAN_EQUITY":null,"LOAN_ASSETS":null,"DEPOSIT_EQUITY":null,"DEPOSIT_ASSETS":null,"EQUITY_MULTIPLIER":1.949208942733,"EQUITY_RATIO":0.949208942733},{"SECUCODE":"00859.HK","SECURITY_CODE":"00859","SECURITY_NAME_ABBR":"中昌国际控股","ORG_CODE":"10009130","STD_REPORT_DATE":"2023-06-30 00:00:00","REPORT_DATE":"2023-06-30 00:00:00","DATE_TYPE_CODE":"002","REPORT_TYPE":"2023年中报","PER_NETCASH_OPERATE":0.007756738409,"PER_OI":0.013425344808,"BPS":0.823699238022,"BASIC_EPS":-0.018163006,"DILUTED_EPS":-0.018163006,"OPERATE_INCOME":15103876.36,"OPERATE_INCOME_YOY":-7.0524822695,"GROSS_PROFIT":15103876.36,"GROSS_PROFIT_YOY":0.20668202056,"HOLDER_PROFIT":-20408949.28,"HOLDER_PROFIT_YOY":23.3385281385,"GROSS_PROFIT_RATIO":null,"EPS_TTM":-0.046481791053,"OPERATE_INCOME_QOQ":0.103553646576,"NET_PROFIT_RATIO":-135.1239164937,"ROE_AVG":-2.179410497816,"GROSS_PROFIT_QOQ":0.103553646576,"ROA":-1.207343985042,"HOLDER_PROFIT_QOQ":7.573026393258,"ROE_YEARLY":-4.358820995631,"ROIC_YEARLY":-2.485642372252,"TOTAL_ASSETS":1673525543.14,"TOTAL_LIABILITIES":746841601.18,"TAX_EBT":-7.206509104998,"OCF_SALES":57.776828226102,"TOTAL_PARENT_EQUITY":926683941.96,"DEBT_ASSET_RATIO":44.6268420725,"OPERATE_PROFIT":-1827364.36,"PRETAX_PROFIT":-19037043.04,"NETCASH_OPERATE":8726540.7,"NETCASH_INVEST":532904.44,"NETCASH_FINANCE":-29264567.18,"END_CASH":38175503.88,"DIVI_RATIO":null,"DIVIDEND_RATE":null,"CURRENT_RATIO":0.056490349644,"COMMON_ACS":2000000000,"CURRENTDEBT_DEBT":97.586295014697,"ISSUED_COMMON_SHARES":1125027072,"HK_COMMON_SHARES":1125027072,"PER_SHARES":2000,"TOTAL_MARKET_CAP":145128492.288,"HKSK_MARKET_CAP":145128492.288,"PE_TTM":-1.88339141529,"PB_TTM":0.156528628856,"REPORT_DATE_SQ":"2022-06-30 00:00:00","REPORT_TYPE_SQ":"2022年中报","OPERATE_INCOME_SQ":15072723.75,"DPS_HKD":null,"OPERATE_INCOME_QOQ_SQ":-0.499169424489,"NET_PROFIT_RATIO_SQ":-164.3914893617,"HOLDER_PROFIT_SQ":-24693611.25,"HOLDER_PROFIT_QOQ_SQ":19.794978819452,"ROE_AVG_SQ":-2.715997189701,"PE_TTM_SQ":-2.544275786074,"PB_TTM_SQ":0.143272488977,"ROA_SQ":-1.487667974935,"START_DATE":"2023-01-01 00:00:00","FISCAL_YEAR":"12-31","CURRENCY":"HKD","IS_CNY_CODE":0,"DPS_HKD_LY":null,"ORG_TYPE":"一般企业","PREMIUM_INCOME":null,"PREMIUM_INCOME_YOY":null,"NET_INTEREST_INCOME":null,"NET_INTEREST_INCOME_YOY":null,"FEE_COMMISSION_INCOME":null,"FEE_COMMISSION_INCOME_YOY":null,"ACCOUNTS_RECE_TDAYS":null,"INVENTORY_TDAYS":null,"CURRENT_ASSETS_TDAYS":0.291460952025,"TOTAL_ASSETS_TDAYS":0.008935087262,"PREMIUM_EXPENSE":null,"LOAN_DEPOSIT":null,"LOAN_EQUITY":null,"LOAN_ASSETS":null,"DEPOSIT_EQUITY":null,"DEPOSIT_ASSETS":null,"EQUITY_MULTIPLIER":1.805929149479,"EQUITY_RATIO":0.805929149479},{"SECUCODE":"00859.HK","SECURITY_CODE":"00859","SECURITY_NAME_ABBR":"中昌国际控股","ORG_CODE":"10009130","STD_REPORT_DATE":"2022-12-31 00:00:00","REPORT_DATE":"2022-12-31 00:00:00","DATE_TYPE_CODE":"001","REPORT_TYPE":"2022年年报","PER_NETCASH_OPERATE":-0.002428841935,"PER_OI":0.026740287242,"BPS":0.814856222082,"BASIC_EPS":-0.050291101,"DILUTED_EPS":-0.050291101,"OPERATE_INCOME":30083547.06,"OPERATE_INCOME_YOY":-7.9685194294,"GROSS_PROFIT":30083547.06,"GROSS_PROFIT_YOY":0.549120167914,"HOLDER_PROFIT":-56588654.5,"HOLDER_PROFIT_YOY":-125.7175688131,"GROSS_PROFIT_RATIO":null,"EPS_TTM":-0.050290287823,"OPERATE_INCOME_QOQ":1.053548584811,"NET_PROFIT_RATIO":-188.0693627888,"ROE_AVG":-6.01883153629,"GROSS_PROFIT_QOQ":1.053548584811,"ROA":-3.314503976981,"HOLDER_PROFIT_QOQ":-123.454877085175,"ROE_YEARLY":-6.01883153629,"ROIC_YEARLY":-3.497379643327,"TOTAL_ASSETS":1654111829.23,"TOTAL_LIABILITIES":737372946.52,"TAX_EBT":-6.845895667133,"OCF_SALES":-9.083080943049,"TOTAL_PARENT_EQUITY":916738882.71,"DEBT_ASSET_RATIO":44.5783958841,"OPERATE_PROFIT":-33213565.14,"PRETAX_PROFIT":-52962871.57,"NETCASH_OPERATE":-2732512.93,"NETCASH_INVEST":707469.84,"NETCASH_FINANCE":-62612867.38,"END_CASH":56515406.36,"DIVI_RATIO":null,"DIVIDEND_RATE":null,"CURRENT_RATIO":0.084074194937,"COMMON_ACS":2000000000,"CURRENTDEBT_DEBT":97.632275196372,"ISSUED_COMMON_SHARES":1125027072,"HK_COMMON_SHARES":1125027072,"PER_SHARES":2000,"TOTAL_MARKET_CAP":145128492.288,"HKSK_MARKET_CAP":145128492.288,"PE_TTM":-1.88339141529,"PB_TTM":0.156528628856,"REPORT_DATE_SQ":"2021-12-31 00:00:00","REPORT_TYPE_SQ":"2021年年报","OPERATE_INCOME_SQ":29919254.4,"DPS_HKD":null,"OPERATE_INCOME_QOQ_SQ":-1.519881802586,"NET_PROFIT_RATIO_SQ":673.0147018637,"HOLDER_PROFIT_SQ":201360980.8,"HOLDER_PROFIT_QOQ_SQ":269.58122620759,"ROE_AVG_SQ":25.74648261313,"PE_TTM_SQ":-2.544275786074,"PB_TTM_SQ":0.143272488977,"ROA_SQ":10.105053860413,"START_DATE":"2022-01-01 00:00:00","FISCAL_YEAR":"12-31","CURRENCY":"HKD","IS_CNY_CODE":0,"DPS_HKD_LY":null,"ORG_TYPE":"一般企业","PREMIUM_INCOME":null,"PREMIUM_INCOME_YOY":null,"NET_INTEREST_INCOME":null,"NET_INTEREST_INCOME_YOY":null,"FEE_COMMISSION_INCOME":null,"FEE_COMMISSION_INCOME_YOY":null,"ACCOUNTS_RECE_TDAYS":7.833914863922,"INVENTORY_TDAYS":null,"CURRENT_ASSETS_TDAYS":0.32185863374,"TOTAL_ASSETS_TDAYS":0.01762383797,"PREMIUM_EXPENSE":null,"LOAN_DEPOSIT":null,"LOAN_EQUITY":null,"LOAN_ASSETS":null,"DEPOSIT_EQUITY":null,"DEPOSIT_ASSETS":null,"EQUITY_MULTIPLIER":1.804350516287,"EQUITY_RATIO":0.804343483654},{"SECUCODE":"00859.HK","SECURITY_CODE":"00859","SECURITY_NAME_ABBR":"中昌国际控股","ORG_CODE":"10009130","STD_REPORT_DATE":"2022-06-30 00:00:00","REPORT_DATE":"2022-06-30 00:00:00","DATE_TYPE_CODE":"002","REPORT_TYPE":"2022年中报","PER_NETCASH_OPERATE":0.006490165794,"PER_OI":0.013397654266,"BPS":0.802102547902,"BASIC_EPS":-0.021978383,"DILUTED_EPS":-0.021978383,"OPERATE_INCOME":15072723.75,"OPERATE_INCOME_YOY":-3.6569367006,"GROSS_PROFIT":15072723.75,"GROSS_PROFIT_YOY":-0.981126450521,"HOLDER_PROFIT":-24693611.25,"HOLDER_PROFIT_YOY":62.7017841971,"GROSS_PROFIT_RATIO":null,"EPS_TTM":0.21441292419,"OPERATE_INCOME_QOQ":-0.499169424489,"NET_PROFIT_RATIO":-164.3914893617,"ROE_AVG":-2.715997189701,"GROSS_PROFIT_QOQ":-0.499169424489,"ROA":-1.487667974935,"HOLDER_PROFIT_QOQ":19.794978819452,"ROE_YEARLY":-5.431994379403,"ROIC_YEARLY":-3.181908782866,"TOTAL_ASSETS":1646329689.76,"TOTAL_LIABILITIES":743942608.85,"TAX_EBT":-9.979051609217,"OCF_SALES":48.442553191489,"TOTAL_PARENT_EQUITY":902387080.91,"DEBT_ASSET_RATIO":45.1879482875,"OPERATE_PROFIT":-16337549.76,"PRETAX_PROFIT":-22453013.45,"NETCASH_OPERATE":7301612.22,"NETCASH_INVEST":184721.04,"NETCASH_FINANCE":-24118923.57,"END_CASH":99464583.33,"DIVI_RATIO":null,"DIVIDEND_RATE":null,"CURRENT_RATIO":0.142769747426,"COMMON_ACS":2000000000,"CURRENTDEBT_DEBT":97.898070501141,"ISSUED_COMMON_SHARES":1125027072,"HK_COMMON_SHARES":1125027072,"PER_SHARES":2000,"TOTAL_MARKET_CAP":145128492.288,"HKSK_MARKET_CAP":145128492.288,"PE_TTM":-1.88339141529,"PB_TTM":0.156528628856,"REPORT_DATE_SQ":"2021-06-30 00:00:00","REPORT_TYPE_SQ":"2021年中报","OPERATE_INCOME_SQ":15222071.52,"DPS_HKD":null,"OPERATE_INCOME_QOQ_SQ":-2.413103556016,"NET_PROFIT_RATIO_SQ":-424.6310265661,"HOLDER_PROFIT_SQ":-64637638.56,"HOLDER_PROFIT_QOQ_SQ":22.088656534094,"ROE_AVG_SQ":-9.770497329156,"PE_TTM_SQ":-2.544275786074,"PB_TTM_SQ":0.143272488977,"ROA_SQ":-2.650559450521,"START_DATE":"2022-01-01 00:00:00","FISCAL_YEAR":"12-31","CURRENCY":"HKD","IS_CNY_CODE":0,"DPS_HKD_LY":null,"ORG_TYPE":"一般企业","PREMIUM_INCOME":null,"PREMIUM_INCOME_YOY":null,"NET_INTEREST_INCOME":null,"NET_INTEREST_INCOME_YOY":null,"FEE_COMMISSION_INCOME":null,"FEE_COMMISSION_INCOME_YOY":null,"ACCOUNTS_RECE_TDAYS":null,"INVENTORY_TDAYS":null,"CURRENT_ASSETS_TDAYS":0.133978966253,"TOTAL_ASSETS_TDAYS":0.009049543749,"PREMIUM_EXPENSE":null,"LOAN_DEPOSIT":null,"LOAN_EQUITY":null,"LOAN_ASSETS":null,"DEPOSIT_EQUITY":null,"DEPOSIT_ASSETS":null,"EQUITY_MULTIPLIER":1.824416289405,"EQUITY_RATIO":0.824416289404},{"SECUCODE":"00859.HK","SECURITY_CODE":"00859","SECURITY_NAME_ABBR":"中昌国际控股","ORG_CODE":"10009130","STD_REPORT_DATE":"2021-12-31 00:00:00","REPORT_DATE":"2021-12-31 00:00:00","DATE_TYPE_CODE":"001","REPORT_TYPE":"2021年年报","PER_NETCASH_OPERATE":0.048802641435,"PER_OI":0.026594252836,"BPS":0.783708517905,"BASIC_EPS":0.17897264,"DILUTED_EPS":0.17897264,"OPERATE_INCOME":29919254.4,"OPERATE_INCOME_YOY":-1.0705596107,"GROSS_PROFIT":29919254.4,"GROSS_PROFIT_YOY":-3.896309036777,"HOLDER_PROFIT":201360980.8,"HOLDER_PROFIT_YOY":236.0078418379,"GROSS_PROFIT_RATIO":null,"EPS_TTM":0.178983231436,"OPERATE_INCOME_QOQ":-1.519881802586,"NET_PROFIT_RATIO":673.0147018637,"ROE_AVG":25.74648261313,"GROSS_PROFIT_QOQ":-1.519881802586,"ROA":10.105053860413,"HOLDER_PROFIT_QOQ":269.58122620759,"ROE_YEARLY":25.74648261313,"ROIC_YEARLY":11.241351310087,"TOTAL_ASSETS":1610770112,"TOTAL_LIABILITIES":729076812.8,"TAX_EBT":1.135948512979,"OCF_SALES":183.508225392141,"TOTAL_PARENT_EQUITY":881693299.2,"DEBT_ASSET_RATIO":45.2626235965,"OPERATE_PROFIT":319806692.8,"PRETAX_PROFIT":304382668.8,"NETCASH_OPERATE":54904292.8,"NETCASH_INVEST":-79155126.4,"NETCASH_FINANCE":-158364214.4,"END_CASH":111663720,"DIVI_RATIO":null,"DIVIDEND_RATE":null,"CURRENT_RATIO":0.161947202424,"COMMON_ACS":2000000000,"CURRENTDEBT_DEBT":97.992661439363,"ISSUED_COMMON_SHARES":1125027072,"HK_COMMON_SHARES":1125027072,"PER_SHARES":2000,"TOTAL_MARKET_CAP":145128492.288,"HKSK_MARKET_CAP":145128492.288,"PE_TTM":-1.88339141529,"PB_TTM":0.156528628856,"REPORT_DATE_SQ":"2020-12-31 00:00:00","REPORT_TYPE_SQ":"2020年年报","OPERATE_INCOME_SQ":31132263.6,"DPS_HKD":null,"OPERATE_INCOME_QOQ_SQ":-12.6869006089,"NET_PROFIT_RATIO_SQ":-489.5377128954,"HOLDER_PROFIT_SQ":-152404171.2,"HOLDER_PROFIT_QOQ_SQ":39.341140512592,"ROE_AVG_SQ":-19.448246752584,"PE_TTM_SQ":-2.544275786074,"PB_TTM_SQ":0.143272488977,"ROA_SQ":-5.451107109378,"START_DATE":"2021-01-01 00:00:00","FISCAL_YEAR":"12-31","CURRENCY":"HKD","IS_CNY_CODE":0,"DPS_HKD_LY":null,"ORG_TYPE":"一般企业","PREMIUM_INCOME":null,"PREMIUM_INCOME_YOY":null,"NET_INTEREST_INCOME":null,"NET_INTEREST_INCOME_YOY":null,"FEE_COMMISSION_INCOME":null,"FEE_COMMISSION_INCOME_YOY":null,"ACCOUNTS_RECE_TDAYS":null,"INVENTORY_TDAYS":null,"CURRENT_ASSETS_TDAYS":0.062392266182,"TOTAL_ASSETS_TDAYS":0.015014610873,"PREMIUM_EXPENSE":null,"LOAN_DEPOSIT":null,"LOAN_EQUITY":null,"LOAN_ASSETS":null,"DEPOSIT_EQUITY":null,"DEPOSIT_ASSETS":null,"EQUITY_MULTIPLIER":1.826905244103,"EQUITY_RATIO":0.826905244104},{"SECUCODE":"00859.HK","SECURITY_CODE":"00859","SECURITY_NAME_ABBR":"中昌国际控股","ORG_CODE":"10009130","STD_REPORT_DATE":"2021-06-30 00:00:00","REPORT_DATE":"2021-06-30 00:00:00","DATE_TYPE_CODE":"002","REPORT_TYPE":"2021年中报","PER_NETCASH_OPERATE":0.064804529077,"PER_OI":0.013530404644,"BPS":0.558690924515,"BASIC_EPS":-0.05741352,"DILUTED_EPS":-0.05741352,"OPERATE_INCOME":15222071.52,"OPERATE_INCOME_YOY":4.6148567507,"GROSS_PROFIT":15222071.52,"GROSS_PROFIT_YOY":-4.703176995592,"HOLDER_PROFIT":-64637638.56,"HOLDER_PROFIT_YOY":27.8162372116,"GROSS_PROFIT_RATIO":null,"EPS_TTM":-0.105544248877,"OPERATE_INCOME_QOQ":-2.413103556016,"NET_PROFIT_RATIO":-424.6310265661,"ROE_AVG":-9.770497329156,"GROSS_PROFIT_QOQ":-2.413103556016,"ROA":-2.650559450521,"HOLDER_PROFIT_QOQ":22.088656534094,"ROE_YEARLY":-19.540994658312,"ROIC_YEARLY":-6.054185828247,"TOTAL_ASSETS":2460646113.84,"TOTAL_LIABILITIES":1832103698.88,"TAX_EBT":-11.90553219023,"OCF_SALES":478.954848584235,"TOTAL_PARENT_EQUITY":628542414.96,"DEBT_ASSET_RATIO":74.4562043512,"OPERATE_PROFIT":-6968670,"PRETAX_PROFIT":-15431755.68,"NETCASH_OPERATE":72906849.6,"NETCASH_INVEST":1731558.48,"NETCASH_FINANCE":-67903552.56,"END_CASH":310334220.96,"DIVI_RATIO":null,"DIVIDEND_RATE":null,"CURRENT_RATIO":0.505292850929,"COMMON_ACS":2000000000,"CURRENTDEBT_DEBT":99.146303357743,"ISSUED_COMMON_SHARES":1125027072,"HK_COMMON_SHARES":1125027072,"PER_SHARES":2000,"TOTAL_MARKET_CAP":145128492.288,"HKSK_MARKET_CAP":145128492.288,"PE_TTM":-1.88339141529,"PB_TTM":0.156528628856,"REPORT_DATE_SQ":"2020-06-30 00:00:00","REPORT_TYPE_SQ":"2020年中报","OPERATE_INCOME_SQ":15973325.28,"DPS_HKD":null,"OPERATE_INCOME_QOQ_SQ":-11.498811258806,"NET_PROFIT_RATIO_SQ":-879.8593240693,"HOLDER_PROFIT_SQ":-98301672.48,"HOLDER_PROFIT_QOQ_SQ":-195.905115557982,"ROE_AVG_SQ":-10.815060573365,"PE_TTM_SQ":-2.544275786074,"PB_TTM_SQ":0.143272488977,"ROA_SQ":-4.168879998082,"START_DATE":"2021-01-01 00:00:00","FISCAL_YEAR":"12-31","CURRENCY":"HKD","IS_CNY_CODE":0,"DPS_HKD_LY":null,"ORG_TYPE":"一般企业","PREMIUM_INCOME":null,"PREMIUM_INCOME_YOY":null,"NET_INTEREST_INCOME":null,"NET_INTEREST_INCOME_YOY":null,"FEE_COMMISSION_INCOME":null,"FEE_COMMISSION_INCOME_YOY":null,"ACCOUNTS_RECE_TDAYS":0.404577873611,"INVENTORY_TDAYS":null,"CURRENT_ASSETS_TDAYS":0.017140528158,"TOTAL_ASSETS_TDAYS":0.006242029632,"PREMIUM_EXPENSE":null,"LOAN_DEPOSIT":null,"LOAN_EQUITY":null,"LOAN_ASSETS":null,"DEPOSIT_EQUITY":null,"DEPOSIT_ASSETS":null,"EQUITY_MULTIPLIER":3.914844973507,"EQUITY_RATIO":2.914844973504},{"SECUCODE":"00859.HK","SECURITY_CODE":"00859","SECURITY_NAME_ABBR":"中昌国际控股","ORG_CODE":"10009130","STD_REPORT_DATE":"2020-12-31 00:00:00","REPORT_DATE":"2020-12-31 00:00:00","DATE_TYPE_CODE":"001","REPORT_TYPE":"2020年年报","PER_NETCASH_OPERATE":-0.02470771146,"PER_OI":0.02767245729,"BPS":0.624479608149,"BASIC_EPS":-0.13550404,"DILUTED_EPS":-0.13550404,"OPERATE_INCOME":31132263.6,"OPERATE_INCOME_YOY":-17.7561366062,"GROSS_PROFIT":31132263.6,"GROSS_PROFIT_YOY":-22.726869112096,"HOLDER_PROFIT":-152404171.2,"HOLDER_PROFIT_YOY":82.9090967437,"GROSS_PROFIT_RATIO":null,"EPS_TTM":-0.135467114519,"OPERATE_INCOME_QOQ":-12.6869006089,"NET_PROFIT_RATIO":-489.5377128954,"ROE_AVG":-19.448246752584,"GROSS_PROFIT_QOQ":-12.6869006089,"ROA":-5.451107109378,"HOLDER_PROFIT_QOQ":39.341140512592,"ROE_YEARLY":-19.448246752584,"ROIC_YEARLY":-5.954916859554,"TOTAL_ASSETS":2444401984.48,"TOTAL_LIABILITIES":1741845519.4,"TAX_EBT":-9.224671098293,"OCF_SALES":-89.286293592863,"TOTAL_PARENT_EQUITY":702556465.08,"DEBT_ASSET_RATIO":71.2585544628,"OPERATE_PROFIT":-29905152.48,"PRETAX_PROFIT":-54569412.68,"NETCASH_OPERATE":-27796844.28,"NETCASH_INVEST":170818412.76,"NETCASH_FINANCE":-26380364.16,"END_CASH":299745036.16,"DIVI_RATIO":null,"DIVIDEND_RATE":null,"CURRENT_RATIO":0.503028854829,"COMMON_ACS":2000000000,"CURRENTDEBT_DEBT":99.083149520315,"ISSUED_COMMON_SHARES":1125027072,"HK_COMMON_SHARES":1125027072,"PER_SHARES":2000,"TOTAL_MARKET_CAP":145128492.288,"HKSK_MARKET_CAP":145128492.288,"PE_TTM":-1.88339141529,"PB_TTM":0.156528628856,"REPORT_DATE_SQ":"2019-12-31 00:00:00","REPORT_TYPE_SQ":"2019年年报","OPERATE_INCOME_SQ":40288601.28,"DPS_HKD":null,"OPERATE_INCOME_QOQ_SQ":27.950786654503,"NET_PROFIT_RATIO_SQ":-210.7501778726,"HOLDER_PROFIT_SQ":-949088763.58,"HOLDER_PROFIT_QOQ_SQ":-395.775415058049,"ROE_AVG_SQ":-4.646874866715,"PE_TTM_SQ":-2.544275786074,"PB_TTM_SQ":0.143272488977,"ROA_SQ":-2.824032956337,"START_DATE":"2020-01-01 00:00:00","FISCAL_YEAR":"12-31","CURRENCY":"HKD","IS_CNY_CODE":0,"DPS_HKD_LY":null,"ORG_TYPE":"一般企业","PREMIUM_INCOME":null,"PREMIUM_INCOME_YOY":null,"NET_INTEREST_INCOME":null,"NET_INTEREST_INCOME_YOY":null,"FEE_COMMISSION_INCOME":null,"FEE_COMMISSION_INCOME_YOY":null,"ACCOUNTS_RECE_TDAYS":0.270932442677,"INVENTORY_TDAYS":null,"CURRENT_ASSETS_TDAYS":0.028472955888,"TOTAL_ASSETS_TDAYS":0.011135213827,"PREMIUM_EXPENSE":null,"LOAN_DEPOSIT":null,"LOAN_EQUITY":null,"LOAN_ASSETS":null,"DEPOSIT_EQUITY":null,"DEPOSIT_ASSETS":null,"EQUITY_MULTIPLIER":3.479296122061,"EQUITY_RATIO":2.479296122059},{"SECUCODE":"00859.HK","SECURITY_CODE":"00859","SECURITY_NAME_ABBR":"中昌国际控股","ORG_CODE":"10009130","STD_REPORT_DATE":"2020-06-30 00:00:00","REPORT_DATE":"2020-06-30 00:00:00","DATE_TYPE_CODE":"002","REPORT_TYPE":"2020年中报","PER_NETCASH_OPERATE":-0.004945448139,"PER_OI":0.014198169695,"BPS":1.475989335979,"BASIC_EPS":-0.087416208,"DILUTED_EPS":-0.087416208,"OPERATE_INCOME":15973325.28,"OPERATE_INCOME_YOY":-25.3489861259,"GROSS_PROFIT":15973325.28,"GROSS_PROFIT_YOY":-22.482297577329,"HOLDER_PROFIT":-98301672.48,"HOLDER_PROFIT_YOY":-624.6573006888,"GROSS_PROFIT_RATIO":null,"EPS_TTM":-0.22332618131,"OPERATE_INCOME_QOQ":-11.498811258806,"NET_PROFIT_RATIO":-879.8593240693,"ROE_AVG":-10.815060573365,"GROSS_PROFIT_QOQ":-11.498811258806,"ROA":-4.168879998082,"HOLDER_PROFIT_QOQ":-195.905115557982,"ROE_YEARLY":-21.630121146729,"ROIC_YEARLY":-8.793182670239,"TOTAL_ASSETS":3326703721.44,"TOTAL_LIABILITIES":1666175760.48,"TAX_EBT":-2.166421417383,"OCF_SALES":-34.831589180534,"TOTAL_PARENT_EQUITY":1660527960.96,"DEBT_ASSET_RATIO":50.0848858208,"OPERATE_PROFIT":-42277656.96,"PRETAX_PROFIT":-96217202.4,"NETCASH_OPERATE":-5563763.04,"NETCASH_INVEST":555371.52,"NETCASH_FINANCE":-21074887.68,"END_CASH":161142690.72,"DIVI_RATIO":null,"DIVIDEND_RATE":null,"CURRENT_RATIO":0.862623579837,"COMMON_ACS":2000000000,"CURRENTDEBT_DEBT":98.87191643728,"ISSUED_COMMON_SHARES":1125027072,"HK_COMMON_SHARES":1125027072,"PER_SHARES":2000,"TOTAL_MARKET_CAP":145128492.288,"HKSK_MARKET_CAP":145128492.288,"PE_TTM":-1.88339141529,"PB_TTM":0.156528628856,"REPORT_DATE_SQ":"2019-06-30 00:00:00","REPORT_TYPE_SQ":"2019年中报","OPERATE_INCOME_SQ":20606035.5,"DPS_HKD":null,"OPERATE_INCOME_QOQ_SQ":0,"NET_PROFIT_RATIO_SQ":125.1910352188,"HOLDER_PROFIT_SQ":25796909.16,"HOLDER_PROFIT_QOQ_SQ":0,"ROE_AVG_SQ":1.392388866112,"PE_TTM_SQ":-2.544275786074,"PB_TTM_SQ":0.143272488977,"ROA_SQ":0.891806772361,"START_DATE":"2020-01-01 00:00:00","FISCAL_YEAR":"12-31","CURRENCY":"HKD","IS_CNY_CODE":0,"DPS_HKD_LY":null,"ORG_TYPE":"一般企业","PREMIUM_INCOME":null,"PREMIUM_INCOME_YOY":null,"NET_INTEREST_INCOME":null,"NET_INTEREST_INCOME_YOY":null,"FEE_COMMISSION_INCOME":null,"FEE_COMMISSION_INCOME_YOY":null,"ACCOUNTS_RECE_TDAYS":0.072999983302,"INVENTORY_TDAYS":null,"CURRENT_ASSETS_TDAYS":0.011200740951,"TOTAL_ASSETS_TDAYS":0.004738121066,"PREMIUM_EXPENSE":null,"LOAN_DEPOSIT":null,"LOAN_EQUITY":null,"LOAN_ASSETS":null,"DEPOSIT_EQUITY":null,"DEPOSIT_ASSETS":null,"EQUITY_MULTIPLIER":2.003401207117,"EQUITY_RATIO":1.003401207118}],"count":46},"success":true,"message":"ok","code":0}