{"version":"6458bbeb96732e299d2fef60620b24ae","result":{"pages":5,"data":[{"SECUCODE":"00858.HK","SECURITY_CODE":"00858","SECURITY_NAME_ABBR":"精优药业","ORG_CODE":"10009129","STD_REPORT_DATE":"2024-06-30 00:00:00","REPORT_DATE":"2024-09-30 00:00:00","DATE_TYPE_CODE":"002","REPORT_TYPE":"2024年中报","PER_NETCASH_OPERATE":0.000044900841,"PER_OI":0.011618375598,"BPS":0.458998281188,"BASIC_EPS":0.038055538,"DILUTED_EPS":0.030570681,"OPERATE_INCOME":27767917.68,"OPERATE_INCOME_YOY":2.1598487111,"GROSS_PROFIT":10651943.48,"GROSS_PROFIT_YOY":-22.046182813123,"HOLDER_PROFIT":91021271.86,"HOLDER_PROFIT_YOY":142.4583026606,"GROSS_PROFIT_RATIO":38.360613146272,"EPS_TTM":-0.061808123828,"OPERATE_INCOME_QOQ":0,"NET_PROFIT_RATIO":329.4979215381,"ROE_AVG":8.665346555054,"GROSS_PROFIT_QOQ":0,"ROA":7.51377744229,"HOLDER_PROFIT_QOQ":0,"ROE_YEARLY":17.330693110108,"ROIC_YEARLY":16.153381425068,"TOTAL_ASSETS":1262009113.71,"TOTAL_LIABILITIES":164962641.12,"TAX_EBT":0.895717746347,"OCF_SALES":0.386464016628,"TOTAL_PARENT_EQUITY":1097005892.04,"DEBT_ASSET_RATIO":13.0714302558,"OPERATE_PROFIT":102513683.62,"PRETAX_PROFIT":92321653.04,"NETCASH_OPERATE":107313.01,"NETCASH_INVEST":542877.58,"NETCASH_FINANCE":-771030.45,"END_CASH":84864751.53,"DIVI_RATIO":null,"DIVIDEND_RATE":null,"CURRENT_RATIO":18.70699833897,"COMMON_ACS":20000000000,"CURRENTDEBT_DEBT":27.316211842911,"ISSUED_COMMON_SHARES":2390000000,"HK_COMMON_SHARES":2390000000,"PER_SHARES":10000,"TOTAL_MARKET_CAP":117110000,"HKSK_MARKET_CAP":117110000,"PE_TTM":0.666495930795,"PB_TTM":0.096269881198,"REPORT_DATE_SQ":"2023-06-30 00:00:00","REPORT_TYPE_SQ":"2023年中报","OPERATE_INCOME_SQ":27658285.83,"DPS_HKD":null,"OPERATE_INCOME_QOQ_SQ":0,"NET_PROFIT_RATIO_SQ":-786.0157260874,"HOLDER_PROFIT_SQ":-218143591.75,"HOLDER_PROFIT_QOQ_SQ":0,"ROE_AVG_SQ":-20.473722626166,"PE_TTM_SQ":-0.635139777419,"PB_TTM_SQ":0.094173795293,"ROA_SQ":-17.942376084581,"START_DATE":"2024-04-01 00:00:00","FISCAL_YEAR":"3-31","CURRENCY":"HKD","IS_CNY_CODE":0,"DPS_HKD_LY":null,"ORG_TYPE":"一般企业","PREMIUM_INCOME":null,"PREMIUM_INCOME_YOY":null,"NET_INTEREST_INCOME":null,"NET_INTEREST_INCOME_YOY":null,"FEE_COMMISSION_INCOME":null,"FEE_COMMISSION_INCOME_YOY":null,"ACCOUNTS_RECE_TDAYS":5.310796826492,"INVENTORY_TDAYS":3.845218800648,"CURRENT_ASSETS_TDAYS":0.055370738672,"TOTAL_ASSETS_TDAYS":0.022922328948,"PREMIUM_EXPENSE":null,"LOAN_DEPOSIT":null,"LOAN_EQUITY":null,"LOAN_ASSETS":null,"DEPOSIT_EQUITY":null,"DEPOSIT_ASSETS":null,"EQUITY_MULTIPLIER":1.150369783999,"EQUITY_RATIO":0.150375346493},{"SECUCODE":"00858.HK","SECURITY_CODE":"00858","SECURITY_NAME_ABBR":"精优药业","ORG_CODE":"10009129","STD_REPORT_DATE":"2023-12-31 00:00:00","REPORT_DATE":"2024-03-31 00:00:00","DATE_TYPE_CODE":"001","REPORT_TYPE":"2023年年报","PER_NETCASH_OPERATE":-0.001399273201,"PER_OI":0.022416440126,"BPS":0.422219024582,"BASIC_EPS":-0.06182671,"DILUTED_EPS":-0.06182671,"OPERATE_INCOME":53575291.9,"OPERATE_INCOME_YOY":-18.5719993937,"GROSS_PROFIT":26089602.45,"GROSS_PROFIT_YOY":-4.303619402707,"HOLDER_PROFIT":-147721415.95,"HOLDER_PROFIT_YOY":-226.0580977063,"GROSS_PROFIT_RATIO":48.697079427392,"EPS_TTM":-0.061266135289,"OPERATE_INCOME_QOQ":0,"NET_PROFIT_RATIO":-273.5117939693,"ROE_AVG":-13.608301490659,"GROSS_PROFIT_QOQ":0,"ROA":-11.928641469834,"HOLDER_PROFIT_QOQ":0,"ROE_YEARLY":-13.608301490659,"ROIC_YEARLY":-12.847230161177,"TOTAL_ASSETS":1166901187.95,"TOTAL_LIABILITIES":158263685.9,"TAX_EBT":-1.335974772583,"OCF_SALES":-6.242174016041,"TOTAL_PARENT_EQUITY":1009103468.75,"DEBT_ASSET_RATIO":13.5627324348,"OPERATE_PROFIT":-125496436.15,"PRETAX_PROFIT":-144602883.95,"NETCASH_OPERATE":-3344262.95,"NETCASH_INVEST":1845735.8,"NETCASH_FINANCE":-5895294.65,"END_CASH":84862145.5,"DIVI_RATIO":null,"DIVIDEND_RATE":null,"CURRENT_RATIO":3.454060577747,"COMMON_ACS":20000000000,"CURRENTDEBT_DEBT":29.426388204699,"ISSUED_COMMON_SHARES":2390000000,"HK_COMMON_SHARES":2390000000,"PER_SHARES":10000,"TOTAL_MARKET_CAP":131450000,"HKSK_MARKET_CAP":131450000,"PE_TTM":0.748107677423,"PB_TTM":0.108058029916,"REPORT_DATE_SQ":"2022-12-31 00:00:00","REPORT_TYPE_SQ":"2022年年报","OPERATE_INCOME_SQ":63534631.57,"DPS_HKD":null,"OPERATE_INCOME_QOQ_SQ":0,"NET_PROFIT_RATIO_SQ":178.8073356573,"HOLDER_PROFIT_SQ":113159873.65,"HOLDER_PROFIT_QOQ_SQ":0,"ROE_AVG_SQ":10.563563001175,"PE_TTM_SQ":0.628631106641,"PB_TTM_SQ":0.078095342438,"ROA_SQ":9.360330922619,"START_DATE":"2023-04-01 00:00:00","FISCAL_YEAR":"3-31","CURRENCY":"HKD","IS_CNY_CODE":0,"DPS_HKD_LY":null,"ORG_TYPE":"一般企业","PREMIUM_INCOME":null,"PREMIUM_INCOME_YOY":null,"NET_INTEREST_INCOME":null,"NET_INTEREST_INCOME_YOY":null,"FEE_COMMISSION_INCOME":null,"FEE_COMMISSION_INCOME_YOY":null,"ACCOUNTS_RECE_TDAYS":11.805433479824,"INVENTORY_TDAYS":5.89691724205,"CURRENT_ASSETS_TDAYS":0.331913340167,"TOTAL_ASSETS_TDAYS":0.043262545556,"PREMIUM_EXPENSE":null,"LOAN_DEPOSIT":null,"LOAN_EQUITY":null,"LOAN_ASSETS":null,"DEPOSIT_EQUITY":null,"DEPOSIT_ASSETS":null,"EQUITY_MULTIPLIER":1.156908389365,"EQUITY_RATIO":0.156835934868},{"SECUCODE":"00858.HK","SECURITY_CODE":"00858","SECURITY_NAME_ABBR":"精优药业","ORG_CODE":"10009129","STD_REPORT_DATE":"2023-06-30 00:00:00","REPORT_DATE":"2023-09-30 00:00:00","DATE_TYPE_CODE":"002","REPORT_TYPE":"2023年中报","PER_NETCASH_OPERATE":-0.002449572971,"PER_OI":0.011572504531,"BPS":0.399504234515,"BASIC_EPS":-0.091304185,"DILUTED_EPS":-0.091304185,"OPERATE_INCOME":27658285.83,"OPERATE_INCOME_YOY":-11.597008359,"GROSS_PROFIT":13664428.33,"GROSS_PROFIT_YOY":11.647683511303,"HOLDER_PROFIT":-218143591.75,"HOLDER_PROFIT_YOY":-618.8123349556,"GROSS_PROFIT_RATIO":49.40446567798,"EPS_TTM":0.047347227469,"OPERATE_INCOME_QOQ":0,"NET_PROFIT_RATIO":-786.0157260874,"ROE_AVG":-20.473722626166,"GROSS_PROFIT_QOQ":0,"ROA":-17.942376084581,"HOLDER_PROFIT_QOQ":0,"ROE_YEARLY":-40.947445252331,"ROIC_YEARLY":-38.669986697915,"TOTAL_ASSETS":1105742314.74,"TOTAL_LIABILITIES":152006327.13,"TAX_EBT":-0.474140673042,"OCF_SALES":-21.16718091636,"TOTAL_PARENT_EQUITY":954815120.49,"DEBT_ASSET_RATIO":13.7469937709,"OPERATE_PROFIT":-207592682.01,"PRETAX_PROFIT":-216372565.85,"NETCASH_OPERATE":-5854479.4,"NETCASH_INVEST":-4061430.38,"NETCASH_FINANCE":-809349.66,"END_CASH":82390327.18,"DIVI_RATIO":null,"DIVIDEND_RATE":null,"CURRENT_RATIO":3.488892775931,"COMMON_ACS":20000000000,"CURRENTDEBT_DEBT":31.061086259666,"ISSUED_COMMON_SHARES":2390000000,"HK_COMMON_SHARES":2390000000,"PER_SHARES":10000,"TOTAL_MARKET_CAP":131450000,"HKSK_MARKET_CAP":131450000,"PE_TTM":0.748107677423,"PB_TTM":0.108058029916,"REPORT_DATE_SQ":"2022-06-30 00:00:00","REPORT_TYPE_SQ":"2022年中报","OPERATE_INCOME_SQ":30836881.8,"DPS_HKD":null,"OPERATE_INCOME_QOQ_SQ":0,"NET_PROFIT_RATIO_SQ":134.7411643936,"HOLDER_PROFIT_SQ":41442345.24,"HOLDER_PROFIT_QOQ_SQ":0,"ROE_AVG_SQ":3.875869979327,"PE_TTM_SQ":0.628631106641,"PB_TTM_SQ":0.078095342438,"ROA_SQ":3.439576030086,"START_DATE":"2023-04-01 00:00:00","FISCAL_YEAR":"3-31","CURRENCY":"HKD","IS_CNY_CODE":0,"DPS_HKD_LY":null,"ORG_TYPE":"一般企业","PREMIUM_INCOME":null,"PREMIUM_INCOME_YOY":null,"NET_INTEREST_INCOME":null,"NET_INTEREST_INCOME_YOY":null,"FEE_COMMISSION_INCOME":null,"FEE_COMMISSION_INCOME_YOY":null,"ACCOUNTS_RECE_TDAYS":5.063161431211,"INVENTORY_TDAYS":3.553950128175,"CURRENT_ASSETS_TDAYS":0.168302263964,"TOTAL_ASSETS_TDAYS":0.022749023349,"PREMIUM_EXPENSE":null,"LOAN_DEPOSIT":null,"LOAN_EQUITY":null,"LOAN_ASSETS":null,"DEPOSIT_EQUITY":null,"DEPOSIT_ASSETS":null,"EQUITY_MULTIPLIER":1.159379879866,"EQUITY_RATIO":0.159199748588},{"SECUCODE":"00858.HK","SECURITY_CODE":"00858","SECURITY_NAME_ABBR":"精优药业","ORG_CODE":"10009129","STD_REPORT_DATE":"2022-12-31 00:00:00","REPORT_DATE":"2023-03-31 00:00:00","DATE_TYPE_CODE":"001","REPORT_TYPE":"2022年年报","PER_NETCASH_OPERATE":0.000432210795,"PER_OI":0.026583527854,"BPS":0.469469563188,"BASIC_EPS":0.047359681,"DILUTED_EPS":0.03851804,"OPERATE_INCOME":63534631.57,"OPERATE_INCOME_YOY":-1.8234697328,"GROSS_PROFIT":27262893.63,"GROSS_PROFIT_YOY":-10.4910609438,"HOLDER_PROFIT":113159873.65,"HOLDER_PROFIT_YOY":-1.0131099335,"GROSS_PROFIT_RATIO":42.910288383372,"EPS_TTM":0.030773250042,"OPERATE_INCOME_QOQ":0,"NET_PROFIT_RATIO":178.8073356573,"ROE_AVG":10.563563001175,"GROSS_PROFIT_QOQ":0,"ROA":9.360330922619,"HOLDER_PROFIT_QOQ":0,"ROE_YEARLY":10.563563001175,"ROIC_YEARLY":10.144104114693,"TOTAL_ASSETS":1264857148.34,"TOTAL_LIABILITIES":142957954.64,"TAX_EBT":0.861719925745,"OCF_SALES":1.625859432051,"TOTAL_PARENT_EQUITY":1122032256.02,"DEBT_ASSET_RATIO":11.3023004082,"OPERATE_PROFIT":131648532.85,"PRETAX_PROFIT":114592044.41,"NETCASH_OPERATE":1032983.8,"NETCASH_INVEST":-7384958.76,"NETCASH_FINANCE":-2089603.67,"END_CASH":89642859.41,"DIVI_RATIO":null,"DIVIDEND_RATE":null,"CURRENT_RATIO":3.133668923422,"COMMON_ACS":20000000000,"CURRENTDEBT_DEBT":34.912800666242,"ISSUED_COMMON_SHARES":2390000000,"HK_COMMON_SHARES":2390000000,"PER_SHARES":10000,"TOTAL_MARKET_CAP":114720000,"HKSK_MARKET_CAP":114720000,"PE_TTM":0.652893973024,"PB_TTM":0.094305189745,"REPORT_DATE_SQ":"2021-12-31 00:00:00","REPORT_TYPE_SQ":"2021年年报","OPERATE_INCOME_SQ":59953914.25,"DPS_HKD":null,"OPERATE_INCOME_QOQ_SQ":0,"NET_PROFIT_RATIO_SQ":177.3297260737,"HOLDER_PROFIT_SQ":105908173.88,"HOLDER_PROFIT_QOQ_SQ":0,"ROE_AVG_SQ":11.892404826975,"PE_TTM_SQ":0.591652806251,"PB_TTM_SQ":0.073501498766,"ROA_SQ":10.52560310155,"START_DATE":"2022-04-01 00:00:00","FISCAL_YEAR":"3-31","CURRENCY":"HKD","IS_CNY_CODE":0,"DPS_HKD_LY":null,"ORG_TYPE":"一般企业","PREMIUM_INCOME":null,"PREMIUM_INCOME_YOY":null,"NET_INTEREST_INCOME":null,"NET_INTEREST_INCOME_YOY":null,"FEE_COMMISSION_INCOME":null,"FEE_COMMISSION_INCOME_YOY":null,"ACCOUNTS_RECE_TDAYS":10.665246142542,"INVENTORY_TDAYS":7.216581032831,"CURRENT_ASSETS_TDAYS":0.389105871946,"TOTAL_ASSETS_TDAYS":0.052554422107,"PREMIUM_EXPENSE":null,"LOAN_DEPOSIT":null,"LOAN_EQUITY":null,"LOAN_ASSETS":null,"DEPOSIT_EQUITY":null,"DEPOSIT_ASSETS":null,"EQUITY_MULTIPLIER":1.127424955328,"EQUITY_RATIO":0.127409843944},{"SECUCODE":"00858.HK","SECURITY_CODE":"00858","SECURITY_NAME_ABBR":"精优药业","ORG_CODE":"10009129","STD_REPORT_DATE":"2022-06-30 00:00:00","REPORT_DATE":"2022-09-30 00:00:00","DATE_TYPE_CODE":"002","REPORT_TYPE":"2022年中报","PER_NETCASH_OPERATE":-0.001304437105,"PER_OI":0.012902461004,"BPS":0.453647047381,"BASIC_EPS":0.017365248,"DILUTED_EPS":0.014651928,"OPERATE_INCOME":30836881.8,"OPERATE_INCOME_YOY":-21.552160508,"GROSS_PROFIT":12238882.08,"GROSS_PROFIT_YOY":-38.289253998595,"HOLDER_PROFIT":41442345.24,"HOLDER_PROFIT_YOY":-48.2786256095,"GROSS_PROFIT_RATIO":39.68910397419,"EPS_TTM":0.044313043464,"OPERATE_INCOME_QOQ":0,"NET_PROFIT_RATIO":134.7411643936,"ROE_AVG":3.875869979327,"GROSS_PROFIT_QOQ":0,"ROA":3.439576030086,"HOLDER_PROFIT_QOQ":0,"ROE_YEARLY":7.751739958654,"ROIC_YEARLY":7.46564910993,"TOTAL_ASSETS":1218496841.16,"TOTAL_LIABILITIES":134910792.6,"TAX_EBT":0.450723758343,"OCF_SALES":-10.109986801584,"TOTAL_PARENT_EQUITY":1084216443.24,"DEBT_ASSET_RATIO":11.071903352,"OPERATE_PROFIT":49537083.24,"PRETAX_PROFIT":41738097.12,"NETCASH_OPERATE":-3117604.68,"NETCASH_INVEST":-5530650.6,"NETCASH_FINANCE":-894491.16,"END_CASH":89407511.76,"DIVI_RATIO":null,"DIVIDEND_RATE":null,"CURRENT_RATIO":16.193375161469,"COMMON_ACS":20000000000,"CURRENTDEBT_DEBT":36.328897529581,"ISSUED_COMMON_SHARES":2390000000,"HK_COMMON_SHARES":2390000000,"PER_SHARES":10000,"TOTAL_MARKET_CAP":114720000,"HKSK_MARKET_CAP":114720000,"PE_TTM":0.652893973024,"PB_TTM":0.094305189745,"REPORT_DATE_SQ":"2021-06-30 00:00:00","REPORT_TYPE_SQ":"2021年中报","OPERATE_INCOME_SQ":36206453.72,"DPS_HKD":null,"OPERATE_INCOME_QOQ_SQ":0,"NET_PROFIT_RATIO_SQ":205.9339192858,"HOLDER_PROFIT_SQ":73802451.52,"HOLDER_PROFIT_QOQ_SQ":0,"ROE_AVG_SQ":8.242714982394,"PE_TTM_SQ":0.591652806251,"PB_TTM_SQ":0.073501498766,"ROA_SQ":7.310783388994,"START_DATE":"2022-04-01 00:00:00","FISCAL_YEAR":"3-31","CURRENCY":"HKD","IS_CNY_CODE":0,"DPS_HKD_LY":null,"ORG_TYPE":"一般企业","PREMIUM_INCOME":null,"PREMIUM_INCOME_YOY":null,"NET_INTEREST_INCOME":null,"NET_INTEREST_INCOME_YOY":null,"FEE_COMMISSION_INCOME":null,"FEE_COMMISSION_INCOME_YOY":null,"ACCOUNTS_RECE_TDAYS":4.37508020018,"INVENTORY_TDAYS":3.269937186929,"CURRENT_ASSETS_TDAYS":0.063615949607,"TOTAL_ASSETS_TDAYS":0.025593580399,"PREMIUM_EXPENSE":null,"LOAN_DEPOSIT":null,"LOAN_EQUITY":null,"LOAN_ASSETS":null,"DEPOSIT_EQUITY":null,"DEPOSIT_ASSETS":null,"EQUITY_MULTIPLIER":1.12450399558,"EQUITY_RATIO":0.124431605369},{"SECUCODE":"00858.HK","SECURITY_CODE":"00858","SECURITY_NAME_ABBR":"精优药业","ORG_CODE":"10009129","STD_REPORT_DATE":"2021-12-31 00:00:00","REPORT_DATE":"2022-03-31 00:00:00","DATE_TYPE_CODE":"001","REPORT_TYPE":"2021年年报","PER_NETCASH_OPERATE":-0.00059926513,"PER_OI":0.02508531977,"BPS":0.395546543736,"BASIC_EPS":0.044281146,"DILUTED_EPS":0.035360036,"OPERATE_INCOME":59953914.25,"OPERATE_INCOME_YOY":-6.188929215,"GROSS_PROFIT":30458291.56,"GROSS_PROFIT_YOY":-15.337032375991,"HOLDER_PROFIT":105908173.88,"HOLDER_PROFIT_YOY":207.8366281854,"GROSS_PROFIT_RATIO":50.802840716943,"EPS_TTM":-0.039516370862,"OPERATE_INCOME_QOQ":0,"NET_PROFIT_RATIO":177.3297260737,"ROE_AVG":11.892404826975,"GROSS_PROFIT_QOQ":0,"ROA":10.52560310155,"HOLDER_PROFIT_QOQ":0,"ROE_YEARLY":11.892404826975,"ROIC_YEARLY":11.635286670002,"TOTAL_ASSETS":1068182082.01,"TOTAL_LIABILITIES":123417068.77,"TAX_EBT":0.936295624575,"OCF_SALES":-2.388907676699,"TOTAL_PARENT_EQUITY":945356239.53,"DEBT_ASSET_RATIO":11.5539354993,"OPERATE_PROFIT":121012424.12,"PRETAX_PROFIT":107320953.3,"NETCASH_OPERATE":-1432243.66,"NETCASH_INVEST":-7604029.76,"NETCASH_FINANCE":-1569304.35,"END_CASH":90736609.81,"DIVI_RATIO":null,"DIVIDEND_RATE":null,"CURRENT_RATIO":3.034231927946,"COMMON_ACS":20000000000,"CURRENTDEBT_DEBT":42.097688875454,"ISSUED_COMMON_SHARES":2390000000,"HK_COMMON_SHARES":2390000000,"PER_SHARES":10000,"TOTAL_MARKET_CAP":114720000,"HKSK_MARKET_CAP":114720000,"PE_TTM":0.652893973024,"PB_TTM":0.094305189745,"REPORT_DATE_SQ":"2020-12-31 00:00:00","REPORT_TYPE_SQ":"2020年年报","OPERATE_INCOME_SQ":66601874.36,"DPS_HKD":null,"OPERATE_INCOME_QOQ_SQ":0,"NET_PROFIT_RATIO_SQ":-151.8527448542,"HOLDER_PROFIT_SQ":-102349607.64,"HOLDER_PROFIT_QOQ_SQ":0,"ROE_AVG_SQ":-11.145697192821,"PE_TTM_SQ":0.591652806251,"PB_TTM_SQ":0.073501498766,"ROA_SQ":-9.967122766774,"START_DATE":"2021-04-01 00:00:00","FISCAL_YEAR":"3-31","CURRENCY":"HKD","IS_CNY_CODE":0,"DPS_HKD_LY":null,"ORG_TYPE":"一般企业","PREMIUM_INCOME":null,"PREMIUM_INCOME_YOY":null,"NET_INTEREST_INCOME":null,"NET_INTEREST_INCOME_YOY":null,"FEE_COMMISSION_INCOME":null,"FEE_COMMISSION_INCOME_YOY":null,"ACCOUNTS_RECE_TDAYS":8.726317653308,"INVENTORY_TDAYS":4.539599325969,"CURRENT_ASSETS_TDAYS":0.364643963459,"TOTAL_ASSETS_TDAYS":0.059584740503,"PREMIUM_EXPENSE":null,"LOAN_DEPOSIT":null,"LOAN_EQUITY":null,"LOAN_ASSETS":null,"DEPOSIT_EQUITY":null,"DEPOSIT_ASSETS":null,"EQUITY_MULTIPLIER":1.130632556288,"EQUITY_RATIO":0.130550858617},{"SECUCODE":"00858.HK","SECURITY_CODE":"00858","SECURITY_NAME_ABBR":"精优药业","ORG_CODE":"10009129","STD_REPORT_DATE":"2021-06-30 00:00:00","REPORT_DATE":"2021-09-30 00:00:00","DATE_TYPE_CODE":"002","REPORT_TYPE":"2021年中报","PER_NETCASH_OPERATE":-0.001250635682,"PER_OI":0.015149143816,"BPS":0.390066576854,"BASIC_EPS":0.030906526,"DILUTED_EPS":0.023992128,"OPERATE_INCOME":36206453.72,"OPERATE_INCOME_YOY":18.2800381004,"GROSS_PROFIT":19832659.42,"GROSS_PROFIT_YOY":11.24774242801,"HOLDER_PROFIT":73802451.52,"HOLDER_PROFIT_YOY":18.1352677619,"GROSS_PROFIT_RATIO":54.77658644333,"EPS_TTM":-0.042824103615,"OPERATE_INCOME_QOQ":0,"NET_PROFIT_RATIO":205.9339192858,"ROE_AVG":8.242714982394,"GROSS_PROFIT_QOQ":0,"ROA":7.310783388994,"HOLDER_PROFIT_QOQ":0,"ROE_YEARLY":16.485429964789,"ROIC_YEARLY":16.280939564877,"TOTAL_ASSETS":1049121608.54,"TOTAL_LIABILITIES":117129902.12,"TAX_EBT":1.245696884103,"OCF_SALES":-8.255487552345,"TOTAL_PARENT_EQUITY":932259118.68,"DEBT_ASSET_RATIO":11.1645686417,"OPERATE_PROFIT":82559578.24,"PRETAX_PROFIT":75501893.92,"NETCASH_OPERATE":-2989019.28,"NETCASH_INVEST":-201600.52,"NETCASH_FINANCE":-792240.06,"END_CASH":101498364.28,"DIVI_RATIO":null,"DIVIDEND_RATE":null,"CURRENT_RATIO":3.601641370785,"COMMON_ACS":20000000000,"CURRENTDEBT_DEBT":41.424730800415,"ISSUED_COMMON_SHARES":2390000000,"HK_COMMON_SHARES":2390000000,"PER_SHARES":10000,"TOTAL_MARKET_CAP":114720000,"HKSK_MARKET_CAP":114720000,"PE_TTM":0.652893973024,"PB_TTM":0.094305189745,"REPORT_DATE_SQ":"2020-06-30 00:00:00","REPORT_TYPE_SQ":"2020年中报","OPERATE_INCOME_SQ":32288566.4,"DPS_HKD":null,"OPERATE_INCOME_QOQ_SQ":0,"NET_PROFIT_RATIO_SQ":206.6893454892,"HOLDER_PROFIT_SQ":65896970.24,"HOLDER_PROFIT_QOQ_SQ":0,"ROE_AVG_SQ":6.355302709936,"PE_TTM_SQ":0.591652806251,"PB_TTM_SQ":0.073501498766,"ROA_SQ":5.741952847413,"START_DATE":"2021-04-01 00:00:00","FISCAL_YEAR":"3-31","CURRENCY":"HKD","IS_CNY_CODE":0,"DPS_HKD_LY":null,"ORG_TYPE":"一般企业","PREMIUM_INCOME":null,"PREMIUM_INCOME_YOY":null,"NET_INTEREST_INCOME":null,"NET_INTEREST_INCOME_YOY":null,"FEE_COMMISSION_INCOME":null,"FEE_COMMISSION_INCOME_YOY":null,"ACCOUNTS_RECE_TDAYS":4.601588141874,"INVENTORY_TDAYS":2.760921477736,"CURRENT_ASSETS_TDAYS":0.206540954626,"TOTAL_ASSETS_TDAYS":0.035865683995,"PREMIUM_EXPENSE":null,"LOAN_DEPOSIT":null,"LOAN_EQUITY":null,"LOAN_ASSETS":null,"DEPOSIT_EQUITY":null,"DEPOSIT_ASSETS":null,"EQUITY_MULTIPLIER":1.125676979005,"EQUITY_RATIO":0.125640929408},{"SECUCODE":"00858.HK","SECURITY_CODE":"00858","SECURITY_NAME_ABBR":"精优药业","ORG_CODE":"10009129","STD_REPORT_DATE":"2020-12-31 00:00:00","REPORT_DATE":"2021-03-31 00:00:00","DATE_TYPE_CODE":"001","REPORT_TYPE":"2020年年报","PER_NETCASH_OPERATE":-0.000301294293,"PER_OI":0.027866893038,"BPS":0.364419337197,"BASIC_EPS":-0.042850626,"DILUTED_EPS":-0.042850626,"OPERATE_INCOME":66601874.36,"OPERATE_INCOME_YOY":1.5699113219,"GROSS_PROFIT":35975931.88,"GROSS_PROFIT_YOY":-8.253566506543,"HOLDER_PROFIT":-102349607.64,"HOLDER_PROFIT_YOY":-245.4106628242,"GROSS_PROFIT_RATIO":54.016395522956,"EPS_TTM":0.049958522933,"OPERATE_INCOME_QOQ":0,"NET_PROFIT_RATIO":-151.8527448542,"ROE_AVG":-11.145697192821,"GROSS_PROFIT_QOQ":0,"ROA":-9.967122766774,"HOLDER_PROFIT_QOQ":0,"ROE_YEARLY":-11.145697192821,"ROIC_YEARLY":-11.106545724689,"TOTAL_ASSETS":983991518.02,"TOTAL_LIABILITIES":114052815.1,"TAX_EBT":null,"OCF_SALES":-1.08119083272,"TOTAL_PARENT_EQUITY":870962215.9,"DEBT_ASSET_RATIO":11.5908331537,"OPERATE_PROFIT":-89201987.56,"PRETAX_PROFIT":-101136774.34,"NETCASH_OPERATE":-720093.36,"NETCASH_INVEST":-37187.92,"NETCASH_FINANCE":-1609222.72,"END_CASH":107092757.8,"DIVI_RATIO":null,"DIVIDEND_RATE":null,"CURRENT_RATIO":3.646071200318,"COMMON_ACS":20000000000,"CURRENTDEBT_DEBT":42.901181963022,"ISSUED_COMMON_SHARES":2390000000,"HK_COMMON_SHARES":2390000000,"PER_SHARES":10000,"TOTAL_MARKET_CAP":114720000,"HKSK_MARKET_CAP":114720000,"PE_TTM":0.652893973024,"PB_TTM":0.094305189745,"REPORT_DATE_SQ":"2019-12-31 00:00:00","REPORT_TYPE_SQ":"2019年年报","OPERATE_INCOME_SQ":70888500.8,"DPS_HKD":null,"OPERATE_INCOME_QOQ_SQ":0,"NET_PROFIT_RATIO_SQ":110.3075376366,"HOLDER_PROFIT_SQ":76092936,"HOLDER_PROFIT_QOQ_SQ":0,"ROE_AVG_SQ":7.539561649813,"PE_TTM_SQ":0.591652806251,"PB_TTM_SQ":0.073501498766,"ROA_SQ":6.765792128999,"START_DATE":"2020-04-01 00:00:00","FISCAL_YEAR":"3-31","CURRENCY":"HKD","IS_CNY_CODE":0,"DPS_HKD_LY":null,"ORG_TYPE":"一般企业","PREMIUM_INCOME":null,"PREMIUM_INCOME_YOY":null,"NET_INTEREST_INCOME":null,"NET_INTEREST_INCOME_YOY":null,"FEE_COMMISSION_INCOME":null,"FEE_COMMISSION_INCOME_YOY":null,"ACCOUNTS_RECE_TDAYS":8.035280921791,"INVENTORY_TDAYS":5.39909111227,"CURRENT_ASSETS_TDAYS":0.375089545596,"TOTAL_ASSETS_TDAYS":0.064858974406,"PREMIUM_EXPENSE":null,"LOAN_DEPOSIT":null,"LOAN_EQUITY":null,"LOAN_ASSETS":null,"DEPOSIT_EQUITY":null,"DEPOSIT_ASSETS":null,"EQUITY_MULTIPLIER":1.131104426918,"EQUITY_RATIO":0.13095035929},{"SECUCODE":"00858.HK","SECURITY_CODE":"00858","SECURITY_NAME_ABBR":"精优药业","ORG_CODE":"10009129","STD_REPORT_DATE":"2020-06-30 00:00:00","REPORT_DATE":"2020-09-30 00:00:00","DATE_TYPE_CODE":"002","REPORT_TYPE":"2020年中报","PER_NETCASH_OPERATE":0.000182361975,"PER_OI":0.013509860418,"BPS":0.447627688971,"BASIC_EPS":0.027591808,"DILUTED_EPS":0.021440768,"OPERATE_INCOME":32288566.4,"OPERATE_INCOME_YOY":-9.7063521317,"GROSS_PROFIT":17827471.36,"GROSS_PROFIT_YOY":-15.588273894613,"HOLDER_PROFIT":65896970.24,"HOLDER_PROFIT_YOY":199.4529409416,"GROSS_PROFIT_RATIO":55.212954143421,"EPS_TTM":0.031838048536,"OPERATE_INCOME_QOQ":0,"NET_PROFIT_RATIO":206.6893454892,"ROE_AVG":6.355302709936,"GROSS_PROFIT_QOQ":0,"ROA":5.741952847413,"HOLDER_PROFIT_QOQ":0,"ROE_YEARLY":12.710605419872,"ROIC_YEARLY":12.688701113679,"TOTAL_ASSETS":1183076095.36,"TOTAL_LIABILITIES":114731834.24,"TAX_EBT":1.538860439489,"OCF_SALES":1.349843516125,"TOTAL_PARENT_EQUITY":1069830176.64,"DEBT_ASSET_RATIO":9.6977561029,"OPERATE_PROFIT":73008451.2,"PRETAX_PROFIT":67780067.2,"NETCASH_OPERATE":435845.12,"NETCASH_INVEST":-56238.08,"NETCASH_FINANCE":-835662.72,"END_CASH":110646664.96,"DIVI_RATIO":null,"DIVIDEND_RATE":null,"CURRENT_RATIO":3.613579426351,"COMMON_ACS":20000000000,"CURRENTDEBT_DEBT":44.940145672337,"ISSUED_COMMON_SHARES":2390000000,"HK_COMMON_SHARES":2390000000,"PER_SHARES":10000,"TOTAL_MARKET_CAP":114720000,"HKSK_MARKET_CAP":114720000,"PE_TTM":0.652893973024,"PB_TTM":0.094305189745,"REPORT_DATE_SQ":"2019-06-30 00:00:00","REPORT_TYPE_SQ":"2019年中报","OPERATE_INCOME_SQ":36707296.95,"DPS_HKD":null,"OPERATE_INCOME_QOQ_SQ":0,"NET_PROFIT_RATIO_SQ":65.160339108,"HOLDER_PROFIT_SQ":22589036.43,"HOLDER_PROFIT_QOQ_SQ":0,"ROE_AVG_SQ":2.328557912917,"PE_TTM_SQ":0.591652806251,"PB_TTM_SQ":0.073501498766,"ROA_SQ":2.084287858605,"START_DATE":"2020-04-01 00:00:00","FISCAL_YEAR":"3-31","CURRENCY":"HKD","IS_CNY_CODE":0,"DPS_HKD_LY":null,"ORG_TYPE":"一般企业","PREMIUM_INCOME":null,"PREMIUM_INCOME_YOY":null,"NET_INTEREST_INCOME":null,"NET_INTEREST_INCOME_YOY":null,"FEE_COMMISSION_INCOME":null,"FEE_COMMISSION_INCOME_YOY":null,"ACCOUNTS_RECE_TDAYS":3.526899265729,"INVENTORY_TDAYS":2.594309135335,"CURRENT_ASSETS_TDAYS":0.174507098775,"TOTAL_ASSETS_TDAYS":0.028134742023,"PREMIUM_EXPENSE":null,"LOAN_DEPOSIT":null,"LOAN_EQUITY":null,"LOAN_ASSETS":null,"DEPOSIT_EQUITY":null,"DEPOSIT_ASSETS":null,"EQUITY_MULTIPLIER":1.107392194085,"EQUITY_RATIO":0.107243034217}],"count":45},"success":true,"message":"ok","code":0}