{"version":"6a68de1427e28f04c41f02b0681568a1","result":{"pages":4,"data":[{"SECUCODE":"00853.HK","SECURITY_CODE":"00853","SECURITY_NAME_ABBR":"微创医疗","ORG_CODE":"10142876","STD_REPORT_DATE":"2024-06-30 00:00:00","REPORT_DATE":"2024-06-30 00:00:00","DATE_TYPE_CODE":"002","REPORT_TYPE":"2024年中报","PER_NETCASH_OPERATE":-0.129941870113,"PER_OI":2.170107691637,"BPS":2.699720172239,"BASIC_EPS":-0.37700772,"DILUTED_EPS":-0.40123884,"OPERATE_INCOME":3981757413.6,"OPERATE_INCOME_YOY":15.7679675925,"GROSS_PROFIT":2355977544,"GROSS_PROFIT_YOY":13.048774962317,"HOLDER_PROFIT":-690088044,"HOLDER_PROFIT_YOY":40.4555461265,"GROSS_PROFIT_RATIO":59.169288815863,"EPS_TTM":-1.579416789152,"OPERATE_INCOME_QOQ":7.344405122316,"NET_PROFIT_RATIO":-19.093183844,"ROE_AVG":-13.285932251762,"GROSS_PROFIT_QOQ":7.215801108318,"ROA":-2.505416154462,"HOLDER_PROFIT_QOQ":14.335531113725,"ROE_YEARLY":-26.571864503524,"ROIC_YEARLY":-8.177021581324,"TOTAL_ASSETS":27062234173.2,"TOTAL_LIABILITIES":17883250732.8,"TAX_EBT":-23.402433945676,"OCF_SALES":-5.987807453705,"TOTAL_PARENT_EQUITY":4987427288.4,"DEBT_ASSET_RATIO":66.0819451134,"OPERATE_PROFIT":-262294747.2,"PRETAX_PROFIT":-616069099.2,"NETCASH_OPERATE":-238419967.2,"NETCASH_INVEST":-1226472392.4,"NETCASH_FINANCE":-478871072.4,"END_CASH":5274523299.6,"DIVI_RATIO":null,"DIVIDEND_RATE":null,"CURRENT_RATIO":2.093311143334,"COMMON_ACS":5000000000,"CURRENTDEBT_DEBT":36.277904240871,"ISSUED_COMMON_SHARES":1847386755,"HK_COMMON_SHARES":1847386755,"PER_SHARES":100,"TOTAL_MARKET_CAP":15000780450.6,"HKSK_MARKET_CAP":15000780450.6,"PE_TTM":-4.666433445987,"PB_TTM":2.74508509441,"REPORT_DATE_SQ":"2023-06-30 00:00:00","REPORT_TYPE_SQ":"2023年中报","OPERATE_INCOME_SQ":3487207209,"DPS_HKD":null,"OPERATE_INCOME_QOQ_SQ":13.135089070689,"NET_PROFIT_RATIO_SQ":-45.5695651723,"HOLDER_PROFIT_SQ":-1175045144.4,"HOLDER_PROFIT_QOQ_SQ":5.088052137692,"ROE_AVG_SQ":-15.522716881138,"PE_TTM_SQ":-4.540693876165,"PB_TTM_SQ":1.884375869263,"ROA_SQ":-4.155561799282,"START_DATE":"2024-01-01 00:00:00","FISCAL_YEAR":"12-31","CURRENCY":"HKD","IS_CNY_CODE":0,"DPS_HKD_LY":null,"ORG_TYPE":"一般企业","PREMIUM_INCOME":null,"PREMIUM_INCOME_YOY":null,"NET_INTEREST_INCOME":null,"NET_INTEREST_INCOME_YOY":null,"FEE_COMMISSION_INCOME":null,"FEE_COMMISSION_INCOME_YOY":null,"ACCOUNTS_RECE_TDAYS":1.593668705217,"INVENTORY_TDAYS":0.554515180243,"CURRENT_ASSETS_TDAYS":0.285341021392,"TOTAL_ASSETS_TDAYS":0.144560675032,"PREMIUM_EXPENSE":null,"LOAN_DEPOSIT":null,"LOAN_EQUITY":null,"LOAN_ASSETS":null,"DEPOSIT_EQUITY":null,"DEPOSIT_ASSETS":null,"EQUITY_MULTIPLIER":2.948282274274,"EQUITY_RATIO":3.585666456611},{"SECUCODE":"00853.HK","SECURITY_CODE":"00853","SECURITY_NAME_ABBR":"微创医疗","ORG_CODE":"10142876","STD_REPORT_DATE":"2023-12-31 00:00:00","REPORT_DATE":"2023-12-31 00:00:00","DATE_TYPE_CODE":"001","REPORT_TYPE":"2023年年报","PER_NETCASH_OPERATE":-0.89523418744,"PER_OI":3.670636610792,"BPS":2.905403872131,"BASIC_EPS":-1.85495913,"DILUTED_EPS":-1.92436959,"OPERATE_INCOME":6733699957.5,"OPERATE_INCOME_YOY":13.0696893906,"GROSS_PROFIT":3768690504.6,"GROSS_PROFIT_YOY":7.842199611056,"HOLDER_PROFIT":-3382902918.3,"HOLDER_PROFIT_YOY":-9.4186912248,"GROSS_PROFIT_RATIO":55.967603670883,"EPS_TTM":-1.844068993427,"OPERATE_INCOME_QOQ":1.636931391586,"NET_PROFIT_RATIO":-68.2802072103,"ROE_AVG":-50.466677479292,"GROSS_PROFIT_QOQ":-3.767716036777,"ROA":-12.051462879534,"HOLDER_PROFIT_QOQ":-17.239321869641,"ROE_YEARLY":-50.466677479292,"ROIC_YEARLY":-21.704903938001,"TOTAL_ASSETS":27852044893.5,"TOTAL_LIABILITIES":17915038041.6,"TAX_EBT":-3.613959761538,"OCF_SALES":-24.389071498067,"TOTAL_PARENT_EQUITY":5367404631.3,"DEBT_ASSET_RATIO":64.3221641718,"OPERATE_PROFIT":-3655848928.2,"PRETAX_PROFIT":-4437417790.5,"NETCASH_OPERATE":-1642286897.1,"NETCASH_INVEST":-2668818021.6,"NETCASH_FINANCE":3080244981.9,"END_CASH":7221173867.7,"DIVI_RATIO":null,"DIVIDEND_RATE":null,"CURRENT_RATIO":1.581679102247,"COMMON_ACS":5000000000,"CURRENTDEBT_DEBT":53.922498861394,"ISSUED_COMMON_SHARES":1847386755,"HK_COMMON_SHARES":1847386755,"PER_SHARES":100,"TOTAL_MARKET_CAP":12377491258.5,"HKSK_MARKET_CAP":12377491258.5,"PE_TTM":-3.850382276861,"PB_TTM":2.265033267555,"REPORT_DATE_SQ":"2022-12-31 00:00:00","REPORT_TYPE_SQ":"2022年年报","OPERATE_INCOME_SQ":5856051582.6,"DPS_HKD":null,"OPERATE_INCOME_QOQ_SQ":12.66506590601,"NET_PROFIT_RATIO_SQ":-69.9444953861,"HOLDER_PROFIT_SQ":-3040152369,"HOLDER_PROFIT_QOQ_SQ":-21.151469789234,"ROE_AVG_SQ":-33.248406187876,"PE_TTM_SQ":-3.383492461411,"PB_TTM_SQ":1.404140363125,"ROA_SQ":-10.424719276614,"START_DATE":"2023-01-01 00:00:00","FISCAL_YEAR":"12-31","CURRENCY":"HKD","IS_CNY_CODE":0,"DPS_HKD_LY":null,"ORG_TYPE":"一般企业","PREMIUM_INCOME":null,"PREMIUM_INCOME_YOY":null,"NET_INTEREST_INCOME":null,"NET_INTEREST_INCOME_YOY":null,"FEE_COMMISSION_INCOME":null,"FEE_COMMISSION_INCOME_YOY":null,"ACCOUNTS_RECE_TDAYS":3.193132946307,"INVENTORY_TDAYS":1.091174722662,"CURRENT_ASSETS_TDAYS":0.48141862596,"TOTAL_ASSETS_TDAYS":0.239885497869,"PREMIUM_EXPENSE":null,"LOAN_DEPOSIT":null,"LOAN_EQUITY":null,"LOAN_ASSETS":null,"DEPOSIT_EQUITY":null,"DEPOSIT_ASSETS":null,"EQUITY_MULTIPLIER":2.802860590579,"EQUITY_RATIO":3.337746876233},{"SECUCODE":"00853.HK","SECURITY_CODE":"00853","SECURITY_NAME_ABBR":"微创医疗","ORG_CODE":"10142876","STD_REPORT_DATE":"2023-06-30 00:00:00","REPORT_DATE":"2023-06-30 00:00:00","DATE_TYPE_CODE":"002","REPORT_TYPE":"2023年中报","PER_NETCASH_OPERATE":-0.645459293515,"PER_OI":1.901871835658,"BPS":3.755675003094,"BASIC_EPS":-0.64598652,"DILUTED_EPS":-0.6828381,"OPERATE_INCOME":3487207209,"OPERATE_INCOME_YOY":19.1664362049,"GROSS_PROFIT":2084036332.8,"GROSS_PROFIT_YOY":25.361058173849,"HOLDER_PROFIT":-1175045144.4,"HOLDER_PROFIT_YOY":17.9235855247,"GROSS_PROFIT_RATIO":59.762331513349,"EPS_TTM":-1.573691975365,"OPERATE_INCOME_QOQ":13.135089070689,"NET_PROFIT_RATIO":-45.5695651723,"ROE_AVG":-15.522716881138,"GROSS_PROFIT_QOQ":12.064470643001,"ROA":-4.155561799282,"HOLDER_PROFIT_QOQ":5.088052137692,"ROE_YEARLY":-31.045433762277,"ROIC_YEARLY":-14.321306000809,"TOTAL_ASSETS":27692430500.4,"TOTAL_LIABILITIES":16559958375.6,"TAX_EBT":-6.667151691524,"OCF_SALES":-33.93810673325,"TOTAL_PARENT_EQUITY":6938184256.8,"DEBT_ASSET_RATIO":59.7995844943,"OPERATE_PROFIT":-1155716129.4,"PRETAX_PROFIT":-1489779315,"NETCASH_OPERATE":-1183492104.6,"NETCASH_INVEST":-1964499923.4,"NETCASH_FINANCE":687469837.8,"END_CASH":6094456494,"DIVI_RATIO":null,"DIVIDEND_RATE":null,"CURRENT_RATIO":1.338620604725,"COMMON_ACS":5000000000,"CURRENTDEBT_DEBT":59.171727502878,"ISSUED_COMMON_SHARES":1847386755,"HK_COMMON_SHARES":1847386755,"PER_SHARES":100,"TOTAL_MARKET_CAP":12377491258.5,"HKSK_MARKET_CAP":12377491258.5,"PE_TTM":-3.850382276861,"PB_TTM":2.265033267555,"REPORT_DATE_SQ":"2022-06-30 00:00:00","REPORT_TYPE_SQ":"2022年中报","OPERATE_INCOME_SQ":2718009617.6,"DPS_HKD":null,"OPERATE_INCOME_QOQ_SQ":4.701183814212,"NET_PROFIT_RATIO_SQ":-62.5395077336,"HOLDER_PROFIT_SQ":-1329729682,"HOLDER_PROFIT_QOQ_SQ":-42.353708489082,"ROE_AVG_SQ":-14.539287741479,"PE_TTM_SQ":-3.383492461411,"PB_TTM_SQ":1.404140363125,"ROA_SQ":-4.698676305123,"START_DATE":"2023-01-01 00:00:00","FISCAL_YEAR":"12-31","CURRENCY":"HKD","IS_CNY_CODE":0,"DPS_HKD_LY":null,"ORG_TYPE":"一般企业","PREMIUM_INCOME":null,"PREMIUM_INCOME_YOY":null,"NET_INTEREST_INCOME":null,"NET_INTEREST_INCOME_YOY":null,"FEE_COMMISSION_INCOME":null,"FEE_COMMISSION_INCOME_YOY":null,"ACCOUNTS_RECE_TDAYS":1.615314198117,"INVENTORY_TDAYS":0.519338568021,"CURRENT_ASSETS_TDAYS":0.257079466883,"TOTAL_ASSETS_TDAYS":0.123325517602,"PREMIUM_EXPENSE":null,"LOAN_DEPOSIT":null,"LOAN_EQUITY":null,"LOAN_ASSETS":null,"DEPOSIT_EQUITY":null,"DEPOSIT_ASSETS":null,"EQUITY_MULTIPLIER":2.487536477971,"EQUITY_RATIO":2.386785614604},{"SECUCODE":"00853.HK","SECURITY_CODE":"00853","SECURITY_NAME_ABBR":"微创医疗","ORG_CODE":"10142876","STD_REPORT_DATE":"2022-12-31 00:00:00","REPORT_DATE":"2022-12-31 00:00:00","DATE_TYPE_CODE":"001","REPORT_TYPE":"2022年年报","PER_NETCASH_OPERATE":-1.308242935207,"PER_OI":3.204199250962,"BPS":4.27903356815,"BASIC_EPS":-1.67707568,"DILUTED_EPS":-1.73697124,"OPERATE_INCOME":5856051582.6,"OPERATE_INCOME_YOY":7.9872700956,"GROSS_PROFIT":3494634306.6,"GROSS_PROFIT_YOY":11.457470208649,"HOLDER_PROFIT":-3040152369,"HOLDER_PROFIT_YOY":-57.8807453596,"GROSS_PROFIT_RATIO":59.675606632011,"EPS_TTM":-1.663450843313,"OPERATE_INCOME_QOQ":12.66506590601,"NET_PROFIT_RATIO":-69.9444953861,"ROE_AVG":-33.248406187876,"GROSS_PROFIT_QOQ":9.267013349683,"ROA":-10.424719276614,"HOLDER_PROFIT_QOQ":-21.151469789234,"ROE_YEARLY":-33.248406187876,"ROIC_YEARLY":-21.648164692982,"TOTAL_ASSETS":27817204391,"TOTAL_LIABILITIES":15331988838.2,"TAX_EBT":-1.134444677551,"OCF_SALES":-40.829013202415,"TOTAL_PARENT_EQUITY":7905029938,"DEBT_ASSET_RATIO":55.116929159,"OPERATE_PROFIT":-3530703970,"PRETAX_PROFIT":-4050040262.8,"NETCASH_OPERATE":-2390968073.8,"NETCASH_INVEST":-2874652579.2,"NETCASH_FINANCE":1901307941.6,"END_CASH":8378462552.2,"DIVI_RATIO":null,"DIVIDEND_RATE":null,"CURRENT_RATIO":2.928803473664,"COMMON_ACS":5000000000,"CURRENTDEBT_DEBT":30.077218446119,"ISSUED_COMMON_SHARES":1847386755,"HK_COMMON_SHARES":1847386755,"PER_SHARES":100,"TOTAL_MARKET_CAP":12377491258.5,"HKSK_MARKET_CAP":12377491258.5,"PE_TTM":-3.850382276861,"PB_TTM":2.265033267555,"REPORT_DATE_SQ":"2021-12-31 00:00:00","REPORT_TYPE_SQ":"2021年年报","OPERATE_INCOME_SQ":4964368672.3,"DPS_HKD":null,"OPERATE_INCOME_QOQ_SQ":9.234660719414,"NET_PROFIT_RATIO_SQ":-45.1165430964,"HOLDER_PROFIT_SQ":-1762779038.8,"HOLDER_PROFIT_QOQ_SQ":-28.963570760242,"ROE_AVG_SQ":-21.116021496056,"PE_TTM_SQ":-3.383492461411,"PB_TTM_SQ":1.404140363125,"ROA_SQ":-8.072923890259,"START_DATE":"2022-01-01 00:00:00","FISCAL_YEAR":"12-31","CURRENCY":"HKD","IS_CNY_CODE":0,"DPS_HKD_LY":null,"ORG_TYPE":"一般企业","PREMIUM_INCOME":null,"PREMIUM_INCOME_YOY":null,"NET_INTEREST_INCOME":null,"NET_INTEREST_INCOME_YOY":null,"FEE_COMMISSION_INCOME":null,"FEE_COMMISSION_INCOME_YOY":null,"ACCOUNTS_RECE_TDAYS":2.836051059179,"INVENTORY_TDAYS":1.055671361342,"CURRENT_ASSETS_TDAYS":0.38873361333,"TOTAL_ASSETS_TDAYS":0.200804717686,"PREMIUM_EXPENSE":null,"LOAN_DEPOSIT":null,"LOAN_EQUITY":null,"LOAN_ASSETS":null,"DEPOSIT_EQUITY":null,"DEPOSIT_ASSETS":null,"EQUITY_MULTIPLIER":2.228011544804,"EQUITY_RATIO":1.939523184409},{"SECUCODE":"00853.HK","SECURITY_CODE":"00853","SECURITY_NAME_ABBR":"微创医疗","ORG_CODE":"10142876","STD_REPORT_DATE":"2022-06-30 00:00:00","REPORT_DATE":"2022-06-30 00:00:00","DATE_TYPE_CODE":"002","REPORT_TYPE":"2022年中报","PER_NETCASH_OPERATE":-0.597229344449,"PER_OI":1.49027300911,"BPS":4.485535352991,"BASIC_EPS":-0.73422716,"DILUTED_EPS":-0.75704592,"OPERATE_INCOME":2718009617.6,"OPERATE_INCOME_YOY":5.2970403863,"GROSS_PROFIT":1662427202.8,"GROSS_PROFIT_YOY":3.929472676371,"HOLDER_PROFIT":-1329729682,"HOLDER_PROFIT_YOY":-119.4957126714,"GROSS_PROFIT_RATIO":61.16340398633,"EPS_TTM":-1.375883016641,"OPERATE_INCOME_QOQ":4.701183814212,"NET_PROFIT_RATIO":-62.5395077336,"ROE_AVG":-14.539287741479,"GROSS_PROFIT_QOQ":2.004682650158,"ROA":-4.698676305123,"HOLDER_PROFIT_QOQ":-42.353708489082,"ROE_YEARLY":-29.078575482958,"ROIC_YEARLY":-20.121819626721,"TOTAL_ASSETS":27200700174,"TOTAL_LIABILITIES":14666704298.8,"TAX_EBT":-2.192947062621,"OCF_SALES":-40.075163463248,"TOTAL_PARENT_EQUITY":8286518600.2,"DEBT_ASSET_RATIO":53.9203189807,"OPERATE_PROFIT":-1245427786.6,"PRETAX_PROFIT":-1663353376,"NETCASH_OPERATE":-1089246797.2,"NETCASH_INVEST":-1403494679.4,"NETCASH_FINANCE":264979494.8,"END_CASH":9267087697.2,"DIVI_RATIO":null,"DIVIDEND_RATE":null,"CURRENT_RATIO":3.71457814731,"COMMON_ACS":5000000000,"CURRENTDEBT_DEBT":25.349487631684,"ISSUED_COMMON_SHARES":1847386755,"HK_COMMON_SHARES":1847386755,"PER_SHARES":100,"TOTAL_MARKET_CAP":12377491258.5,"HKSK_MARKET_CAP":12377491258.5,"PE_TTM":-3.850382276861,"PB_TTM":2.265033267555,"REPORT_DATE_SQ":"2021-06-30 00:00:00","REPORT_TYPE_SQ":"2021年中报","OPERATE_INCOME_SQ":2484625521.1,"DPS_HKD":null,"OPERATE_INCOME_QOQ_SQ":7.365408596222,"NET_PROFIT_RATIO_SQ":-29.8160999035,"HOLDER_PROFIT_SQ":-583127386.6,"HOLDER_PROFIT_QOQ_SQ":-9.534513256965,"ROE_AVG_SQ":-6.942406315278,"PE_TTM_SQ":-3.383492461411,"PB_TTM_SQ":1.404140363125,"ROA_SQ":-3.032906494511,"START_DATE":"2022-01-01 00:00:00","FISCAL_YEAR":"12-31","CURRENCY":"HKD","IS_CNY_CODE":0,"DPS_HKD_LY":null,"ORG_TYPE":"一般企业","PREMIUM_INCOME":null,"PREMIUM_INCOME_YOY":null,"NET_INTEREST_INCOME":null,"NET_INTEREST_INCOME_YOY":null,"FEE_COMMISSION_INCOME":null,"FEE_COMMISSION_INCOME_YOY":null,"ACCOUNTS_RECE_TDAYS":1.347689287111,"INVENTORY_TDAYS":0.514995686049,"CURRENT_ASSETS_TDAYS":0.182238758856,"TOTAL_ASSETS_TDAYS":0.096042432986,"PREMIUM_EXPENSE":null,"LOAN_DEPOSIT":null,"LOAN_EQUITY":null,"LOAN_ASSETS":null,"DEPOSIT_EQUITY":null,"DEPOSIT_ASSETS":null,"EQUITY_MULTIPLIER":2.170153911398,"EQUITY_RATIO":1.769947671202},{"SECUCODE":"00853.HK","SECURITY_CODE":"00853","SECURITY_NAME_ABBR":"微创医疗","ORG_CODE":"10142876","STD_REPORT_DATE":"2021-12-31 00:00:00","REPORT_DATE":"2021-12-31 00:00:00","DATE_TYPE_CODE":"001","REPORT_TYPE":"2021年年报","PER_NETCASH_OPERATE":-0.901789480084,"PER_OI":2.726550145548,"BPS":5.144875456791,"BASIC_EPS":-0.97484453,"DILUTED_EPS":-1.05454078,"OPERATE_INCOME":4964368672.3,"OPERATE_INCOME_YOY":20.0247559855,"GROSS_PROFIT":3135397116.1,"GROSS_PROFIT_YOY":10.204754521146,"HOLDER_PROFIT":-1762779038.8,"HOLDER_PROFIT_YOY":-44.5652855918,"GROSS_PROFIT_RATIO":63.158023166063,"EPS_TTM":-0.968160457467,"OPERATE_INCOME_QOQ":9.234660719414,"NET_PROFIT_RATIO":-45.1165430964,"ROE_AVG":-21.116021496056,"GROSS_PROFIT_QOQ":7.95991538284,"ROA":-8.072923890259,"HOLDER_PROFIT_QOQ":-28.963570760242,"ROE_YEARLY":-21.116021496056,"ROIC_YEARLY":-17.800663523525,"TOTAL_ASSETS":27928938745.3,"TOTAL_LIABILITIES":13790875000.9,"TAX_EBT":-4.14171538343,"OCF_SALES":-33.074377214601,"TOTAL_PARENT_EQUITY":9504574775,"DEBT_ASSET_RATIO":49.3784426493,"OPERATE_PROFIT":-1872026658.3,"PRETAX_PROFIT":-2150676626.8,"NETCASH_OPERATE":-1641934021,"NETCASH_INVEST":-4180820645.1,"NETCASH_FINANCE":10585370687.6,"END_CASH":11185617339.8,"DIVI_RATIO":null,"DIVIDEND_RATE":null,"CURRENT_RATIO":4.365315853295,"COMMON_ACS":5000000000,"CURRENTDEBT_DEBT":25.277283745031,"ISSUED_COMMON_SHARES":1847386755,"HK_COMMON_SHARES":1847386755,"PER_SHARES":100,"TOTAL_MARKET_CAP":12377491258.5,"HKSK_MARKET_CAP":12377491258.5,"PE_TTM":-3.850382276861,"PB_TTM":2.265033267555,"REPORT_DATE_SQ":"2020-12-31 00:00:00","REPORT_TYPE_SQ":"2020年年报","OPERATE_INCOME_SQ":4232911426.8,"DPS_HKD":null,"OPERATE_INCOME_QOQ_SQ":-15.50003689852,"NET_PROFIT_RATIO_SQ":-34.4283926182,"HOLDER_PROFIT_SQ":-1247900174.8,"HOLDER_PROFIT_QOQ_SQ":-111.004766444658,"ROE_AVG_SQ":-23.224469895634,"PE_TTM_SQ":-3.383492461411,"PB_TTM_SQ":1.404140363125,"ROA_SQ":-9.404870909969,"START_DATE":"2021-01-01 00:00:00","FISCAL_YEAR":"12-31","CURRENCY":"HKD","IS_CNY_CODE":0,"DPS_HKD_LY":0.043,"ORG_TYPE":"一般企业","PREMIUM_INCOME":null,"PREMIUM_INCOME_YOY":null,"NET_INTEREST_INCOME":null,"NET_INTEREST_INCOME_YOY":null,"FEE_COMMISSION_INCOME":null,"FEE_COMMISSION_INCOME_YOY":null,"ACCOUNTS_RECE_TDAYS":2.856856148024,"INVENTORY_TDAYS":1.08227224882,"CURRENT_ASSETS_TDAYS":0.402748129508,"TOTAL_ASSETS_TDAYS":0.227351072213,"PREMIUM_EXPENSE":null,"LOAN_DEPOSIT":null,"LOAN_EQUITY":null,"LOAN_ASSETS":null,"DEPOSIT_EQUITY":null,"DEPOSIT_ASSETS":null,"EQUITY_MULTIPLIER":1.975442977924,"EQUITY_RATIO":1.450972329364},{"SECUCODE":"00853.HK","SECURITY_CODE":"00853","SECURITY_NAME_ABBR":"微创医疗","ORG_CODE":"10142876","STD_REPORT_DATE":"2021-06-30 00:00:00","REPORT_DATE":"2021-06-30 00:00:00","DATE_TYPE_CODE":"002","REPORT_TYPE":"2021年中报","PER_NETCASH_OPERATE":-0.378151476079,"PER_OI":1.367417097895,"BPS":5.149027554926,"BASIC_EPS":-0.323005,"DILUTED_EPS":-0.36305762,"OPERATE_INCOME":2484625521.1,"OPERATE_INCOME_YOY":25.3122943289,"GROSS_PROFIT":1599572440.8,"GROSS_PROFIT_YOY":3.84040818589,"HOLDER_PROFIT":-583127386.6,"HOLDER_PROFIT_YOY":-37.6803636253,"GROSS_PROFIT_RATIO":64.378813918479,"EPS_TTM":-0.752265062568,"OPERATE_INCOME_QOQ":7.365408596222,"NET_PROFIT_RATIO":-29.8160999035,"ROE_AVG":-6.942406315278,"GROSS_PROFIT_QOQ":2.079326507756,"ROA":-3.032906494511,"HOLDER_PROFIT_QOQ":-9.534513256965,"ROE_YEARLY":-13.884812630556,"ROIC_YEARLY":-14.97546491406,"TOTAL_ASSETS":22502524470.9,"TOTAL_LIABILITIES":9243841071.3,"TAX_EBT":-11.994843447858,"OCF_SALES":-27.654435260562,"TOTAL_PARENT_EQUITY":9512245306.1,"DEBT_ASSET_RATIO":41.0791290695,"OPERATE_PROFIT":-542493357.6,"PRETAX_PROFIT":-661475479.4,"NETCASH_OPERATE":-687109156.2,"NETCASH_INVEST":-1385594548.5,"NETCASH_FINANCE":6563448679.8,"END_CASH":10978358541,"DIVI_RATIO":null,"DIVIDEND_RATE":null,"CURRENT_RATIO":6.189608241643,"COMMON_ACS":5000000000,"CURRENTDEBT_DEBT":24.929887421527,"ISSUED_COMMON_SHARES":1847386755,"HK_COMMON_SHARES":1847386755,"PER_SHARES":100,"TOTAL_MARKET_CAP":12377491258.5,"HKSK_MARKET_CAP":12377491258.5,"PE_TTM":-3.850382276861,"PB_TTM":2.265033267555,"REPORT_DATE_SQ":"2020-06-30 00:00:00","REPORT_TYPE_SQ":"2020年中报","OPERATE_INCOME_SQ":2172854299,"DPS_HKD":null,"OPERATE_INCOME_QOQ_SQ":-9.505822107094,"NET_PROFIT_RATIO_SQ":-22.4037377575,"HOLDER_PROFIT_SQ":-464146179,"HOLDER_PROFIT_QOQ_SQ":-283.174882931953,"ROE_AVG_SQ":-11.41987216613,"PE_TTM_SQ":-3.383492461411,"PB_TTM_SQ":1.404140363125,"ROA_SQ":-3.859329494332,"START_DATE":"2021-01-01 00:00:00","FISCAL_YEAR":"12-31","CURRENCY":"HKD","IS_CNY_CODE":0,"DPS_HKD_LY":0.043,"ORG_TYPE":"一般企业","PREMIUM_INCOME":null,"PREMIUM_INCOME_YOY":null,"NET_INTEREST_INCOME":null,"NET_INTEREST_INCOME_YOY":null,"FEE_COMMISSION_INCOME":null,"FEE_COMMISSION_INCOME_YOY":null,"ACCOUNTS_RECE_TDAYS":1.58195081121,"INVENTORY_TDAYS":0.565672288858,"CURRENT_ASSETS_TDAYS":0.208582722024,"TOTAL_ASSETS_TDAYS":0.129227970638,"PREMIUM_EXPENSE":null,"LOAN_DEPOSIT":null,"LOAN_EQUITY":null,"LOAN_ASSETS":null,"DEPOSIT_EQUITY":null,"DEPOSIT_ASSETS":null,"EQUITY_MULTIPLIER":1.697191477668,"EQUITY_RATIO":0.971783293412},{"SECUCODE":"00853.HK","SECURITY_CODE":"00853","SECURITY_NAME_ABBR":"微创医疗","ORG_CODE":"10142876","STD_REPORT_DATE":"2020-12-31 00:00:00","REPORT_DATE":"2020-12-31 00:00:00","DATE_TYPE_CODE":"001","REPORT_TYPE":"2020年年报","PER_NETCASH_OPERATE":-0.083655326171,"PER_OI":2.339219269713,"BPS":3.983922564553,"BASIC_EPS":-0.71578153,"DILUTED_EPS":-0.72491639,"OPERATE_INCOME":4232911426.8,"OPERATE_INCOME_YOY":-18.2435131753,"GROSS_PROFIT":2845065196.8,"GROSS_PROFIT_YOY":-27.745140892394,"HOLDER_PROFIT":-1247900174.8,"HOLDER_PROFIT_YOY":-513.2408547784,"GROSS_PROFIT_RATIO":67.212963134237,"EPS_TTM":-0.68962277762,"OPERATE_INCOME_QOQ":-15.50003689852,"NET_PROFIT_RATIO":-34.4283926182,"ROE_AVG":-23.224469895634,"GROSS_PROFIT_QOQ":-19.671299132066,"ROA":-9.404870909969,"HOLDER_PROFIT_QOQ":-111.004766444658,"ROE_YEARLY":-23.224469895634,"ROIC_YEARLY":-16.004311286248,"TOTAL_ASSETS":16110845911.7,"TOTAL_LIABILITIES":7054637056.3,"TAX_EBT":-4.887269243593,"OCF_SALES":-3.576207124051,"TOTAL_PARENT_EQUITY":7359845778.7,"DEBT_ASSET_RATIO":43.7881231995,"OPERATE_PROFIT":-1093318768.9,"PRETAX_PROFIT":-1389418730.9,"NETCASH_OPERATE":-151377680,"NETCASH_INVEST":-966553011.7,"NETCASH_FINANCE":5525885610.8,"END_CASH":6538452217.3,"DIVI_RATIO":null,"DIVIDEND_RATE":null,"CURRENT_RATIO":2.849293098104,"COMMON_ACS":5000000000,"CURRENTDEBT_DEBT":48.037850991549,"ISSUED_COMMON_SHARES":1847386755,"HK_COMMON_SHARES":1847386755,"PER_SHARES":100,"TOTAL_MARKET_CAP":12377491258.5,"HKSK_MARKET_CAP":12377491258.5,"PE_TTM":-3.850382276861,"PB_TTM":2.265033267555,"REPORT_DATE_SQ":"2019-12-31 00:00:00","REPORT_TYPE_SQ":"2019年年报","OPERATE_INCOME_SQ":5535565866.6,"DPS_HKD":null,"OPERATE_INCOME_QOQ_SQ":5.567375544618,"NET_PROFIT_RATIO_SQ":3.6558608583,"HOLDER_PROFIT_SQ":322865512.2,"HOLDER_PROFIT_QOQ_SQ":-29.347627353495,"ROE_AVG_SQ":9.623630201077,"PE_TTM_SQ":-3.383492461411,"PB_TTM_SQ":1.404140363125,"ROA_SQ":3.222464296382,"START_DATE":"2020-01-01 00:00:00","FISCAL_YEAR":"12-31","CURRENCY":"HKD","IS_CNY_CODE":0,"DPS_HKD_LY":0.053,"ORG_TYPE":"一般企业","PREMIUM_INCOME":null,"PREMIUM_INCOME_YOY":null,"NET_INTEREST_INCOME":null,"NET_INTEREST_INCOME_YOY":null,"FEE_COMMISSION_INCOME":null,"FEE_COMMISSION_INCOME_YOY":null,"ACCOUNTS_RECE_TDAYS":2.575534227269,"INVENTORY_TDAYS":0.983565621908,"CURRENT_ASSETS_TDAYS":0.584228236725,"TOTAL_ASSETS_TDAYS":0.319015786249,"PREMIUM_EXPENSE":null,"LOAN_DEPOSIT":null,"LOAN_EQUITY":null,"LOAN_ASSETS":null,"DEPOSIT_EQUITY":null,"DEPOSIT_ASSETS":null,"EQUITY_MULTIPLIER":1.778983476302,"EQUITY_RATIO":0.958530554637},{"SECUCODE":"00853.HK","SECURITY_CODE":"00853","SECURITY_NAME_ABBR":"微创医疗","ORG_CODE":"10142876","STD_REPORT_DATE":"2020-06-30 00:00:00","REPORT_DATE":"2020-06-30 00:00:00","DATE_TYPE_CODE":"002","REPORT_TYPE":"2020年中报","PER_NETCASH_OPERATE":0.034444637554,"PER_OI":1.251250686175,"BPS":2.411143847083,"BASIC_EPS":-0.2761005,"DILUTED_EPS":-0.2789323,"OPERATE_INCOME":2172854299,"OPERATE_INCOME_YOY":-21.8246236058,"GROSS_PROFIT":1540414246,"GROSS_PROFIT_YOY":-20.44041231474,"HOLDER_PROFIT":-464146179,"HOLDER_PROFIT_YOY":-200.1313458366,"GROSS_PROFIT_RATIO":70.893582082744,"EPS_TTM":-0.34056601117,"OPERATE_INCOME_QOQ":-9.505822107094,"NET_PROFIT_RATIO":-22.4037377575,"ROE_AVG":-11.41987216613,"GROSS_PROFIT_QOQ":-10.051005024471,"ROA":-3.859329494332,"HOLDER_PROFIT_QOQ":-283.174882931953,"ROE_YEARLY":-22.83974433226,"ROIC_YEARLY":-11.101069393536,"TOTAL_ASSETS":12740508903,"TOTAL_LIABILITIES":7231864999,"TAX_EBT":-24.575610993351,"OCF_SALES":2.75281667655,"TOTAL_PARENT_EQUITY":4454315207.5,"DEBT_ASSET_RATIO":56.7627639842,"OPERATE_PROFIT":-259138018,"PRETAX_PROFIT":-390767161.5,"NETCASH_OPERATE":59814695.5,"NETCASH_INVEST":-268036949.5,"NETCASH_FINANCE":1564158889,"END_CASH":3336377203.5,"DIVI_RATIO":null,"DIVIDEND_RATE":null,"CURRENT_RATIO":2.664727803074,"COMMON_ACS":5000000000,"CURRENTDEBT_DEBT":34.09755247562,"ISSUED_COMMON_SHARES":1847386755,"HK_COMMON_SHARES":1847386755,"PER_SHARES":100,"TOTAL_MARKET_CAP":12377491258.5,"HKSK_MARKET_CAP":12377491258.5,"PE_TTM":-3.850382276861,"PB_TTM":2.265033267555,"REPORT_DATE_SQ":"2019-06-30 00:00:00","REPORT_TYPE_SQ":"2019年中报","OPERATE_INCOME_SQ":2699055342.9,"DPS_HKD":null,"OPERATE_INCOME_QOQ_SQ":14.119943646798,"NET_PROFIT_RATIO_SQ":15.4987048117,"HOLDER_PROFIT_SQ":450127857.2,"HOLDER_PROFIT_QOQ_SQ":178.441642864893,"ROE_AVG_SQ":13.914159606096,"PE_TTM_SQ":-3.383492461411,"PB_TTM_SQ":1.404140363125,"ROA_SQ":4.953495726328,"START_DATE":"2020-01-01 00:00:00","FISCAL_YEAR":"12-31","CURRENCY":"HKD","IS_CNY_CODE":0,"DPS_HKD_LY":0.053,"ORG_TYPE":"一般企业","PREMIUM_INCOME":null,"PREMIUM_INCOME_YOY":null,"NET_INTEREST_INCOME":null,"NET_INTEREST_INCOME_YOY":null,"FEE_COMMISSION_INCOME":null,"FEE_COMMISSION_INCOME_YOY":null,"ACCOUNTS_RECE_TDAYS":1.24182995958,"INVENTORY_TDAYS":0.42721260204,"CURRENT_ASSETS_TDAYS":0.367765931188,"TOTAL_ASSETS_TDAYS":0.180670682264,"PREMIUM_EXPENSE":null,"LOAN_DEPOSIT":null,"LOAN_EQUITY":null,"LOAN_ASSETS":null,"DEPOSIT_EQUITY":null,"DEPOSIT_ASSETS":null,"EQUITY_MULTIPLIER":2.312821290507,"EQUITY_RATIO":1.623563816683}],"count":35},"success":true,"message":"ok","code":0}