{"version":"58b2a7db75e37cccd1bfa17bbe315fa7","result":{"pages":10,"data":[{"SECUCODE":"00857.HK","SECURITY_CODE":"00857","SECURITY_NAME_ABBR":"中国石油股份","ORG_CODE":"10016863","STD_REPORT_DATE":"2024-09-30 00:00:00","REPORT_DATE":"2024-09-30 00:00:00","DATE_TYPE_CODE":"004","REPORT_TYPE":"2024年三季报","PER_NETCASH_OPERATE":1.851853290485,"PER_OI":12.327980250678,"BPS":8.139848326466,"BASIC_EPS":0.724,"DILUTED_EPS":0.724,"OPERATE_INCOME":2256279000000,"OPERATE_INCOME_YOY":-1.1329741667,"GROSS_PROFIT":733436000000,"GROSS_PROFIT_YOY":-0.403174883386,"HOLDER_PROFIT":132522000000,"HOLDER_PROFIT_YOY":0.6615977091,"GROSS_PROFIT_RATIO":32.506440914444,"EPS_TTM":0.885237320506,"OPERATE_INCOME_QOQ":-3.236748017024,"NET_PROFIT_RATIO":6.5706856289,"ROE_AVG":9.027611731358,"GROSS_PROFIT_QOQ":-1.650678970352,"ROA":4.793575866092,"HOLDER_PROFIT_QOQ":-1.500440769675,"ROE_YEARLY":12.036815641811,"ROIC_YEARLY":5.717039298228,"TOTAL_ASSETS":2776702000000,"TOTAL_LIABILITIES":1097908000000,"TAX_EBT":23.152722126903,"OCF_SALES":15.021546537463,"TOTAL_PARENT_EQUITY":1489763000000,"DEBT_ASSET_RATIO":39.5400010516,"OPERATE_PROFIT":187879000000,"PRETAX_PROFIT":192919000000,"NETCASH_OPERATE":338928000000,"NETCASH_INVEST":-203941000000,"NETCASH_FINANCE":-177619000000,"END_CASH":205418000000,"DIVI_RATIO":0.506644066411,"DIVIDEND_RATE":8.206322795341,"CURRENT_RATIO":0.950587495194,"COMMON_ACS":null,"CURRENTDEBT_DEBT":65.153455480787,"ISSUED_COMMON_SHARES":183020977818,"HK_COMMON_SHARES":21098900000,"PER_SHARES":2000,"TOTAL_MARKET_CAP":1099956076686.18,"HKSK_MARKET_CAP":126804389000,"PE_TTM":6.066780047308,"PB_TTM":0.665830330324,"REPORT_DATE_SQ":"2023-09-30 00:00:00","REPORT_TYPE_SQ":"2023年三季报","OPERATE_INCOME_SQ":2282135000000,"DPS_HKD":0.4932,"OPERATE_INCOME_QOQ_SQ":-1.240683838544,"NET_PROFIT_RATIO_SQ":6.4130737226,"HOLDER_PROFIT_SQ":131651000000,"HOLDER_PROFIT_QOQ_SQ":5.276915536677,"ROE_AVG_SQ":9.45698701892,"PE_TTM_SQ":6.063214221036,"PB_TTM_SQ":0.698495959903,"ROA_SQ":4.826531238858,"START_DATE":"2024-01-01 00:00:00","FISCAL_YEAR":"12-31","CURRENCY":"HKD","IS_CNY_CODE":0,"DPS_HKD_LY":0.4932,"ORG_TYPE":"一般企业","PREMIUM_INCOME":null,"PREMIUM_INCOME_YOY":null,"NET_INTEREST_INCOME":null,"NET_INTEREST_INCOME_YOY":null,"FEE_COMMISSION_INCOME":null,"FEE_COMMISSION_INCOME_YOY":null,"ACCOUNTS_RECE_TDAYS":27.620690921555,"INVENTORY_TDAYS":8.62854342197,"CURRENT_ASSETS_TDAYS":3.371357020065,"TOTAL_ASSETS_TDAYS":0.816139551287,"PREMIUM_EXPENSE":null,"LOAN_DEPOSIT":null,"LOAN_EQUITY":null,"LOAN_ASSETS":null,"DEPOSIT_EQUITY":null,"DEPOSIT_ASSETS":null,"EQUITY_MULTIPLIER":1.653986135285,"EQUITY_RATIO":0.736968229175},{"SECUCODE":"00857.HK","SECURITY_CODE":"00857","SECURITY_NAME_ABBR":"中国石油股份","ORG_CODE":"10016863","STD_REPORT_DATE":"2024-06-30 00:00:00","REPORT_DATE":"2024-06-30 00:00:00","DATE_TYPE_CODE":"002","REPORT_TYPE":"2024年中报","PER_NETCASH_OPERATE":1.187454042651,"PER_OI":8.490114185409,"BPS":8.139291013303,"BASIC_EPS":0.48,"DILUTED_EPS":0.48,"OPERATE_INCOME":1553869000000,"OPERATE_INCOME_YOY":5.0003007019,"GROSS_PROFIT":489452000000,"GROSS_PROFIT_YOY":3.032114649467,"HOLDER_PROFIT":88611000000,"HOLDER_PROFIT_YOY":3.915705038,"GROSS_PROFIT_RATIO":31.498923010884,"EPS_TTM":0.898722113503,"OPERATE_INCOME_QOQ":-0.184908071731,"NET_PROFIT_RATIO":6.4107077238,"ROE_AVG":6.03653352517,"GROSS_PROFIT_QOQ":0.211090788082,"ROA":3.210260254213,"HOLDER_PROFIT_QOQ":0.784289697007,"ROE_YEARLY":12.073067050341,"ROIC_YEARLY":7.634246112704,"TOTAL_ASSETS":2768039000000,"TOTAL_LIABILITIES":1090130000000,"TAX_EBT":22.862961615004,"OCF_SALES":13.986314161619,"TOTAL_PARENT_EQUITY":1489661000000,"DEBT_ASSET_RATIO":39.3827543615,"OPERATE_PROFIT":124929000000,"PRETAX_PROFIT":129139000000,"NETCASH_OPERATE":217329000000,"NETCASH_INVEST":-140285000000,"NETCASH_FINANCE":-133006000000,"END_CASH":192104000000,"DIVI_RATIO":0.499042172281,"DIVIDEND_RATE":8.532871972318,"CURRENT_RATIO":0.938225694595,"COMMON_ACS":null,"CURRENTDEBT_DEBT":65.739040297946,"ISSUED_COMMON_SHARES":183020977818,"HK_COMMON_SHARES":21098900000,"PER_SHARES":2000,"TOTAL_MARKET_CAP":1057861251788.04,"HKSK_MARKET_CAP":121951642000,"PE_TTM":5.834607100406,"PB_TTM":0.640349302708,"REPORT_DATE_SQ":"2023-06-30 00:00:00","REPORT_TYPE_SQ":"2023年中报","OPERATE_INCOME_SQ":1479871000000,"DPS_HKD":0.4932,"OPERATE_INCOME_QOQ_SQ":-2.752054180881,"NET_PROFIT_RATIO_SQ":6.391030029,"HOLDER_PROFIT_SQ":85272000000,"HOLDER_PROFIT_QOQ_SQ":-0.700820868888,"ROE_AVG_SQ":6.137866624918,"PE_TTM_SQ":5.004720890923,"PB_TTM_SQ":0.576555139785,"ROA_SQ":3.162461091367,"START_DATE":"2024-01-01 00:00:00","FISCAL_YEAR":"12-31","CURRENCY":"HKD","IS_CNY_CODE":0,"DPS_HKD_LY":0.4932,"ORG_TYPE":"一般企业","PREMIUM_INCOME":null,"PREMIUM_INCOME_YOY":null,"NET_INTEREST_INCOME":null,"NET_INTEREST_INCOME_YOY":null,"FEE_COMMISSION_INCOME":null,"FEE_COMMISSION_INCOME_YOY":null,"ACCOUNTS_RECE_TDAYS":19.561638834511,"INVENTORY_TDAYS":5.861214128582,"CURRENT_ASSETS_TDAYS":2.335080784227,"TOTAL_ASSETS_TDAYS":0.562946348755,"PREMIUM_EXPENSE":null,"LOAN_DEPOSIT":null,"LOAN_EQUITY":null,"LOAN_ASSETS":null,"DEPOSIT_EQUITY":null,"DEPOSIT_ASSETS":null,"EQUITY_MULTIPLIER":1.64969554368,"EQUITY_RATIO":0.731797368663},{"SECUCODE":"00857.HK","SECURITY_CODE":"00857","SECURITY_NAME_ABBR":"中国石油股份","ORG_CODE":"10016863","STD_REPORT_DATE":"2024-03-31 00:00:00","REPORT_DATE":"2024-03-31 00:00:00","DATE_TYPE_CODE":"003","REPORT_TYPE":"2024年一季报","PER_NETCASH_OPERATE":0.606908570396,"PER_OI":4.437655233203,"BPS":8.148656059979,"BASIC_EPS":0.25,"DILUTED_EPS":0.25,"OPERATE_INCOME":812184000000,"OPERATE_INCOME_YOY":10.8827516721,"GROSS_PROFIT":247078000000,"GROSS_PROFIT_YOY":5.188363964562,"HOLDER_PROFIT":45683000000,"HOLDER_PROFIT_YOY":4.7198789657,"GROSS_PROFIT_RATIO":30.421431596781,"EPS_TTM":0.891728379696,"OPERATE_INCOME_QOQ":2.647382341884,"NET_PROFIT_RATIO":6.314209588,"ROE_AVG":3.110291679631,"GROSS_PROFIT_QOQ":1.174003344662,"ROA":1.659199608617,"HOLDER_PROFIT_QOQ":1.277723306815,"ROE_YEARLY":12.441166718524,"ROIC_YEARLY":7.93623804371,"TOTAL_ASSETS":2754183000000,"TOTAL_LIABILITIES":1073323000000,"TAX_EBT":22.383157767284,"OCF_SALES":13.676334426682,"TOTAL_PARENT_EQUITY":1491375000000,"DEBT_ASSET_RATIO":38.9706493722,"OPERATE_PROFIT":64541000000,"PRETAX_PROFIT":66072000000,"NETCASH_OPERATE":111077000000,"NETCASH_INVEST":-62912000000,"NETCASH_FINANCE":-65439000000,"END_CASH":232017000000,"DIVI_RATIO":0.502956108622,"DIVIDEND_RATE":8.532871972318,"CURRENT_RATIO":1.068721111362,"COMMON_ACS":null,"CURRENTDEBT_DEBT":58.495159425448,"ISSUED_COMMON_SHARES":183020977818,"HK_COMMON_SHARES":21098900000,"PER_SHARES":2000,"TOTAL_MARKET_CAP":1057861251788.04,"HKSK_MARKET_CAP":121951642000,"PE_TTM":5.834607100406,"PB_TTM":0.640349302708,"REPORT_DATE_SQ":"2023-03-31 00:00:00","REPORT_TYPE_SQ":"2023年一季报","OPERATE_INCOME_SQ":732471000000,"DPS_HKD":0.4932,"OPERATE_INCOME_QOQ_SQ":-1.447810501898,"NET_PROFIT_RATIO_SQ":6.6218321271,"HOLDER_PROFIT_SQ":43624000000,"HOLDER_PROFIT_QOQ_SQ":3.163074039363,"ROE_AVG_SQ":3.145064892557,"PE_TTM_SQ":5.004720890923,"PB_TTM_SQ":0.576555139785,"ROA_SQ":1.620477209439,"START_DATE":"2024-01-01 00:00:00","FISCAL_YEAR":"12-31","CURRENCY":"HKD","IS_CNY_CODE":0,"DPS_HKD_LY":0.4932,"ORG_TYPE":"一般企业","PREMIUM_INCOME":null,"PREMIUM_INCOME_YOY":null,"NET_INTEREST_INCOME":null,"NET_INTEREST_INCOME_YOY":null,"FEE_COMMISSION_INCOME":null,"FEE_COMMISSION_INCOME_YOY":null,"ACCOUNTS_RECE_TDAYS":9.354210456605,"INVENTORY_TDAYS":3.230524733174,"CURRENT_ASSETS_TDAYS":1.221781290523,"TOTAL_ASSETS_TDAYS":0.294983992935,"PREMIUM_EXPENSE":null,"LOAN_DEPOSIT":null,"LOAN_EQUITY":null,"LOAN_ASSETS":null,"DEPOSIT_EQUITY":null,"DEPOSIT_ASSETS":null,"EQUITY_MULTIPLIER":1.638555858309,"EQUITY_RATIO":0.719686866147},{"SECUCODE":"00857.HK","SECURITY_CODE":"00857","SECURITY_NAME_ABBR":"中国石油股份","ORG_CODE":"10016863","STD_REPORT_DATE":"2023-12-31 00:00:00","REPORT_DATE":"2023-12-31 00:00:00","DATE_TYPE_CODE":"001","REPORT_TYPE":"2023年年报","PER_NETCASH_OPERATE":2.494774126134,"PER_OI":16.451731576881,"BPS":7.901624268657,"BASIC_EPS":0.88,"DILUTED_EPS":0.88,"OPERATE_INCOME":3011012000000,"OPERATE_INCOME_YOY":-7.0436318967,"GROSS_PROFIT":1038072000000,"GROSS_PROFIT_YOY":1.168029611524,"HOLDER_PROFIT":161146000000,"HOLDER_PROFIT_YOY":8.3385436626,"GROSS_PROFIT_RATIO":34.475850644235,"EPS_TTM":0.880478303204,"OPERATE_INCOME_QOQ":-1.790305688279,"NET_PROFIT_RATIO":5.9877874947,"ROE_AVG":11.462205435703,"GROSS_PROFIT_QOQ":2.221740800189,"ROA":5.939844815629,"HOLDER_PROFIT_QOQ":0.028553693358,"ROE_YEARLY":11.462205435703,"ROIC_YEARLY":7.035820265368,"TOTAL_ASSETS":2752448000000,"TOTAL_LIABILITIES":1122075000000,"TAX_EBT":24.07500989632,"OCF_SALES":15.164203928779,"TOTAL_PARENT_EQUITY":1446163000000,"DEBT_ASSET_RATIO":40.7664377311,"OPERATE_PROFIT":235466000000,"PRETAX_PROFIT":237462000000,"NETCASH_OPERATE":456596000000,"NETCASH_INVEST":-255789000000,"NETCASH_FINANCE":-146572000000,"END_CASH":249001000000,"DIVI_RATIO":0.509382496045,"DIVIDEND_RATE":8.532871972318,"CURRENT_RATIO":0.955752263765,"COMMON_ACS":null,"CURRENTDEBT_DEBT":61.4047189359,"ISSUED_COMMON_SHARES":183020977818,"HK_COMMON_SHARES":21098900000,"PER_SHARES":2000,"TOTAL_MARKET_CAP":1057861251788.04,"HKSK_MARKET_CAP":121951642000,"PE_TTM":5.834607100406,"PB_TTM":0.640349302708,"REPORT_DATE_SQ":"2022-12-31 00:00:00","REPORT_TYPE_SQ":"2022年年报","OPERATE_INCOME_SQ":3239167000000,"DPS_HKD":0.4932,"OPERATE_INCOME_QOQ_SQ":1.560100946602,"NET_PROFIT_RATIO_SQ":5.0624743954,"HOLDER_PROFIT_SQ":148743000000,"HOLDER_PROFIT_QOQ_SQ":8.786367112114,"ROE_AVG_SQ":11.347235431207,"PE_TTM_SQ":5.004720890923,"PB_TTM_SQ":0.576555139785,"ROA_SQ":5.772306876669,"START_DATE":"2023-01-01 00:00:00","FISCAL_YEAR":"12-31","CURRENCY":"HKD","IS_CNY_CODE":0,"DPS_HKD_LY":0.47184,"ORG_TYPE":"一般企业","PREMIUM_INCOME":null,"PREMIUM_INCOME_YOY":null,"NET_INTEREST_INCOME":null,"NET_INTEREST_INCOME_YOY":null,"FEE_COMMISSION_INCOME":null,"FEE_COMMISSION_INCOME_YOY":null,"ACCOUNTS_RECE_TDAYS":42.773398489939,"INVENTORY_TDAYS":11.329489726775,"CURRENT_ASSETS_TDAYS":4.732855648478,"TOTAL_ASSETS_TDAYS":1.109859631514,"PREMIUM_EXPENSE":null,"LOAN_DEPOSIT":null,"LOAN_EQUITY":null,"LOAN_ASSETS":null,"DEPOSIT_EQUITY":null,"DEPOSIT_ASSETS":null,"EQUITY_MULTIPLIER":1.688232079409,"EQUITY_RATIO":0.775898014263},{"SECUCODE":"00857.HK","SECURITY_CODE":"00857","SECURITY_NAME_ABBR":"中国石油股份","ORG_CODE":"10016863","STD_REPORT_DATE":"2023-09-30 00:00:00","REPORT_DATE":"2023-09-30 00:00:00","DATE_TYPE_CODE":"004","REPORT_TYPE":"2023年三季报","PER_NETCASH_OPERATE":1.863174397085,"PER_OI":12.469253673584,"BPS":7.750963943656,"BASIC_EPS":0.719,"DILUTED_EPS":0.719,"OPERATE_INCOME":2282135000000,"OPERATE_INCOME_YOY":-7.056525594,"GROSS_PROFIT":736405000000,"GROSS_PROFIT_YOY":-1.415964507846,"HOLDER_PROFIT":131651000000,"HOLDER_PROFIT_YOY":9.772285731,"GROSS_PROFIT_RATIO":32.268248810872,"EPS_TTM":0.880226965896,"OPERATE_INCOME_QOQ":-1.240683838544,"NET_PROFIT_RATIO":6.4130737226,"ROE_AVG":9.45698701892,"GROSS_PROFIT_QOQ":1.749921095742,"ROA":4.826531238858,"HOLDER_PROFIT_QOQ":5.276915536677,"ROE_YEARLY":12.609316025227,"ROIC_YEARLY":5.716184995443,"TOTAL_ASSETS":2781820000000,"TOTAL_LIABILITIES":1184345000000,"TAX_EBT":22.553247784098,"OCF_SALES":14.942148470621,"TOTAL_PARENT_EQUITY":1418589000000,"DEBT_ASSET_RATIO":42.5744656376,"OPERATE_PROFIT":186236000000,"PRETAX_PROFIT":188975000000,"NETCASH_OPERATE":341000000000,"NETCASH_INVEST":-165279000000,"NETCASH_FINANCE":-132593000000,"END_CASH":237505000000,"DIVI_RATIO":0.509527943561,"DIVIDEND_RATE":8.532871972318,"CURRENT_RATIO":0.961368887663,"COMMON_ACS":null,"CURRENTDEBT_DEBT":63.65763354428,"ISSUED_COMMON_SHARES":183020977818,"HK_COMMON_SHARES":21098900000,"PER_SHARES":2000,"TOTAL_MARKET_CAP":1057861251788.04,"HKSK_MARKET_CAP":121951642000,"PE_TTM":5.834607100406,"PB_TTM":0.640349302708,"REPORT_DATE_SQ":"2022-09-30 00:00:00","REPORT_TYPE_SQ":"2022年三季报","OPERATE_INCOME_SQ":2455401000000,"DPS_HKD":0.4932,"OPERATE_INCOME_QOQ_SQ":5.178095554363,"NET_PROFIT_RATIO_SQ":5.4424918781,"HOLDER_PROFIT_SQ":119931000000,"HOLDER_PROFIT_QOQ_SQ":12.994141075014,"ROE_AVG_SQ":9.228473213327,"PE_TTM_SQ":5.004720890923,"PB_TTM_SQ":0.576555139785,"ROA_SQ":4.542318137888,"START_DATE":"2023-01-01 00:00:00","FISCAL_YEAR":"12-31","CURRENCY":"HKD","IS_CNY_CODE":0,"DPS_HKD_LY":0.47184,"ORG_TYPE":"一般企业","PREMIUM_INCOME":null,"PREMIUM_INCOME_YOY":null,"NET_INTEREST_INCOME":null,"NET_INTEREST_INCOME_YOY":null,"FEE_COMMISSION_INCOME":null,"FEE_COMMISSION_INCOME_YOY":null,"ACCOUNTS_RECE_TDAYS":25.675575331754,"INVENTORY_TDAYS":8.721678511075,"CURRENT_ASSETS_TDAYS":3.409560847051,"TOTAL_ASSETS_TDAYS":0.836666327547,"PREMIUM_EXPENSE":null,"LOAN_DEPOSIT":null,"LOAN_EQUITY":null,"LOAN_ASSETS":null,"DEPOSIT_EQUITY":null,"DEPOSIT_ASSETS":null,"EQUITY_MULTIPLIER":1.741385624188,"EQUITY_RATIO":0.834875358543},{"SECUCODE":"00857.HK","SECURITY_CODE":"00857","SECURITY_NAME_ABBR":"中国石油股份","ORG_CODE":"10016863","STD_REPORT_DATE":"2023-06-30 00:00:00","REPORT_DATE":"2023-06-30 00:00:00","DATE_TYPE_CODE":"002","REPORT_TYPE":"2023年中报","PER_NETCASH_OPERATE":1.211369333959,"PER_OI":8.085799877387,"BPS":7.720087701668,"BASIC_EPS":0.47,"DILUTED_EPS":0.47,"OPERATE_INCOME":1479871000000,"OPERATE_INCOME_YOY":-8.3456117566,"GROSS_PROFIT":475048000000,"GROSS_PROFIT_YOY":-5.573952970641,"HOLDER_PROFIT":85272000000,"HOLDER_PROFIT_YOY":4.4654342313,"GROSS_PROFIT_RATIO":32.100635798661,"EPS_TTM":0.83610634051,"OPERATE_INCOME_QOQ":-2.752054180881,"NET_PROFIT_RATIO":6.391030029,"ROE_AVG":6.137866624918,"GROSS_PROFIT_QOQ":-3.354737002137,"ROA":3.162461091367,"HOLDER_PROFIT_QOQ":-0.700820868888,"ROE_YEARLY":12.275733249837,"ROIC_YEARLY":7.477499301221,"TOTAL_ASSETS":2719277000000,"TOTAL_LIABILITIES":1131231000000,"TAX_EBT":22.320233255308,"OCF_SALES":14.981440949921,"TOTAL_PARENT_EQUITY":1412938000000,"DEBT_ASSET_RATIO":41.6004327621,"OPERATE_PROFIT":120617000000,"PRETAX_PROFIT":121755000000,"NETCASH_OPERATE":221706000000,"NETCASH_INVEST":-119409000000,"NETCASH_FINANCE":-78692000000,"END_CASH":219173000000,"DIVI_RATIO":0.536415302779,"DIVIDEND_RATE":8.532871972318,"CURRENT_RATIO":0.94813437657,"COMMON_ACS":null,"CURRENTDEBT_DEBT":61.57451484268,"ISSUED_COMMON_SHARES":183020977818,"HK_COMMON_SHARES":21098900000,"PER_SHARES":2000,"TOTAL_MARKET_CAP":1057861251788.04,"HKSK_MARKET_CAP":121951642000,"PE_TTM":5.834607100406,"PB_TTM":0.640349302708,"REPORT_DATE_SQ":"2022-06-30 00:00:00","REPORT_TYPE_SQ":"2022年中报","OPERATE_INCOME_SQ":1614621000000,"DPS_HKD":0.4932,"OPERATE_INCOME_QOQ_SQ":6.706854895182,"NET_PROFIT_RATIO_SQ":5.6804042559,"HOLDER_PROFIT_SQ":81627000000,"HOLDER_PROFIT_QOQ_SQ":17.404283685477,"ROE_AVG_SQ":6.342213658956,"PE_TTM_SQ":5.004720890923,"PB_TTM_SQ":0.576555139785,"ROA_SQ":3.124047919181,"START_DATE":"2023-01-01 00:00:00","FISCAL_YEAR":"12-31","CURRENCY":"HKD","IS_CNY_CODE":0,"DPS_HKD_LY":0.47184,"ORG_TYPE":"一般企业","PREMIUM_INCOME":null,"PREMIUM_INCOME_YOY":null,"NET_INTEREST_INCOME":null,"NET_INTEREST_INCOME_YOY":null,"FEE_COMMISSION_INCOME":null,"FEE_COMMISSION_INCOME_YOY":null,"ACCOUNTS_RECE_TDAYS":19.29566005385,"INVENTORY_TDAYS":5.982638361719,"CURRENT_ASSETS_TDAYS":2.322659677154,"TOTAL_ASSETS_TDAYS":0.548836013902,"PREMIUM_EXPENSE":null,"LOAN_DEPOSIT":null,"LOAN_EQUITY":null,"LOAN_ASSETS":null,"DEPOSIT_EQUITY":null,"DEPOSIT_ASSETS":null,"EQUITY_MULTIPLIER":1.712341456104,"EQUITY_RATIO":0.800623240369},{"SECUCODE":"00857.HK","SECURITY_CODE":"00857","SECURITY_NAME_ABBR":"中国石油股份","ORG_CODE":"10016863","STD_REPORT_DATE":"2023-03-31 00:00:00","REPORT_DATE":"2023-03-31 00:00:00","DATE_TYPE_CODE":"003","REPORT_TYPE":"2023年一季报","PER_NETCASH_OPERATE":0.690532864083,"PER_OI":4.002114996503,"BPS":7.695877362215,"BASIC_EPS":0.24,"DILUTED_EPS":0.24,"OPERATE_INCOME":732471000000,"OPERATE_INCOME_YOY":-6.0173114626,"GROSS_PROFIT":234891000000,"GROSS_PROFIT_YOY":2.891948363697,"HOLDER_PROFIT":43624000000,"HOLDER_PROFIT_YOY":12.1468418211,"GROSS_PROFIT_RATIO":32.068300314961,"EPS_TTM":0.84200730341,"OPERATE_INCOME_QOQ":-1.447810501898,"NET_PROFIT_RATIO":6.6218321271,"ROE_AVG":3.145064892557,"GROSS_PROFIT_QOQ":0.643415226974,"ROA":1.620477209439,"HOLDER_PROFIT_QOQ":3.163074039363,"ROE_YEARLY":12.580259570228,"ROIC_YEARLY":7.717259659898,"TOTAL_ASSETS":2710608000000,"TOTAL_LIABILITIES":1129870000000,"TAX_EBT":22.486975421101,"OCF_SALES":17.254198459734,"TOTAL_PARENT_EQUITY":1408507000000,"DEBT_ASSET_RATIO":41.6832681081,"OPERATE_PROFIT":62396000000,"PRETAX_PROFIT":62574000000,"NETCASH_OPERATE":126382000000,"NETCASH_INVEST":-70971000000,"NETCASH_FINANCE":-3638000000,"END_CASH":242243000000,"DIVI_RATIO":0.532655992393,"DIVIDEND_RATE":8.5625,"CURRENT_RATIO":0.998834942293,"COMMON_ACS":null,"CURRENTDEBT_DEBT":60.013806898139,"ISSUED_COMMON_SHARES":183020977818,"HK_COMMON_SHARES":21098900000,"PER_SHARES":2000,"TOTAL_MARKET_CAP":1054200832231.68,"HKSK_MARKET_CAP":121529664000,"PE_TTM":5.814418148501,"PB_TTM":0.638133561176,"REPORT_DATE_SQ":"2022-03-31 00:00:00","REPORT_TYPE_SQ":"2022年一季报","OPERATE_INCOME_SQ":779368000000,"DPS_HKD":0.4932,"OPERATE_INCOME_QOQ_SQ":8.69987136377,"NET_PROFIT_RATIO_SQ":5.5988955153,"HOLDER_PROFIT_SQ":38899000000,"HOLDER_PROFIT_QOQ_SQ":12.302267549094,"ROE_AVG_SQ":3.042814408575,"PE_TTM_SQ":5.06638069656,"PB_TTM_SQ":0.583658488529,"ROA_SQ":1.527851010666,"START_DATE":"2023-01-01 00:00:00","FISCAL_YEAR":"12-31","CURRENCY":"HKD","IS_CNY_CODE":0,"DPS_HKD_LY":0.47184,"ORG_TYPE":"一般企业","PREMIUM_INCOME":null,"PREMIUM_INCOME_YOY":null,"NET_INTEREST_INCOME":null,"NET_INTEREST_INCOME_YOY":null,"FEE_COMMISSION_INCOME":null,"FEE_COMMISSION_INCOME_YOY":null,"ACCOUNTS_RECE_TDAYS":9.475324372922,"INVENTORY_TDAYS":3.081620393021,"CURRENT_ASSETS_TDAYS":1.134598092406,"TOTAL_ASSETS_TDAYS":0.272087053474,"PREMIUM_EXPENSE":null,"LOAN_DEPOSIT":null,"LOAN_EQUITY":null,"LOAN_ASSETS":null,"DEPOSIT_EQUITY":null,"DEPOSIT_ASSETS":null,"EQUITY_MULTIPLIER":1.714773732269,"EQUITY_RATIO":0.80217563704},{"SECUCODE":"00857.HK","SECURITY_CODE":"00857","SECURITY_NAME_ABBR":"中国石油股份","ORG_CODE":"10016863","STD_REPORT_DATE":"2022-12-31 00:00:00","REPORT_DATE":"2022-12-31 00:00:00","DATE_TYPE_CODE":"001","REPORT_TYPE":"2022年年报","PER_NETCASH_OPERATE":2.151491073289,"PER_OI":17.698337308749,"BPS":7.481803541459,"BASIC_EPS":0.81,"DILUTED_EPS":0.81,"OPERATE_INCOME":3239167000000,"OPERATE_INCOME_YOY":23.8995635242,"GROSS_PROFIT":1026087000000,"GROSS_PROFIT_YOY":21.526772707354,"HOLDER_PROFIT":148743000000,"HOLDER_PROFIT_YOY":62.0700878811,"GROSS_PROFIT_RATIO":31.67749609699,"EPS_TTM":0.816190590723,"OPERATE_INCOME_QOQ":1.560100946602,"NET_PROFIT_RATIO":5.0624743954,"ROE_AVG":11.347235431207,"GROSS_PROFIT_QOQ":2.452664591827,"ROA":5.772306876669,"HOLDER_PROFIT_QOQ":8.786367112114,"ROE_YEARLY":11.347235431207,"ROIC_YEARLY":6.678696487269,"TOTAL_ASSETS":2670400000000,"TOTAL_LIABILITIES":1136234000000,"TAX_EBT":23.410400558898,"OCF_SALES":12.156458743868,"TOTAL_PARENT_EQUITY":1365617000000,"DEBT_ASSET_RATIO":42.4775901118,"OPERATE_PROFIT":216660000000,"PRETAX_PROFIT":213277000000,"NETCASH_OPERATE":393768000000,"NETCASH_INVEST":-232971000000,"NETCASH_FINANCE":-113713000000,"END_CASH":191190000000,"DIVI_RATIO":0.549504295807,"DIVIDEND_RATE":8.5625,"CURRENT_RATIO":0.983346762502,"COMMON_ACS":null,"CURRENTDEBT_DEBT":54.941411716249,"ISSUED_COMMON_SHARES":183020977818,"HK_COMMON_SHARES":21098900000,"PER_SHARES":2000,"TOTAL_MARKET_CAP":1054200832231.68,"HKSK_MARKET_CAP":121529664000,"PE_TTM":5.814418148501,"PB_TTM":0.638133561176,"REPORT_DATE_SQ":"2021-12-31 00:00:00","REPORT_TYPE_SQ":"2021年年报","OPERATE_INCOME_SQ":2614349000000,"DPS_HKD":0.4932,"OPERATE_INCOME_QOQ_SQ":9.478280423801,"NET_PROFIT_RATIO_SQ":4.3871724854,"HOLDER_PROFIT_SQ":92170000000,"HOLDER_PROFIT_QOQ_SQ":9.641348956165,"ROE_AVG_SQ":7.436905917936,"PE_TTM_SQ":5.06638069656,"PB_TTM_SQ":0.583658488529,"ROA_SQ":3.693901155581,"START_DATE":"2022-01-01 00:00:00","FISCAL_YEAR":"12-31","CURRENCY":"HKD","IS_CNY_CODE":0,"DPS_HKD_LY":0.34649,"ORG_TYPE":"一般企业","PREMIUM_INCOME":null,"PREMIUM_INCOME_YOY":null,"NET_INTEREST_INCOME":null,"NET_INTEREST_INCOME_YOY":null,"FEE_COMMISSION_INCOME":null,"FEE_COMMISSION_INCOME_YOY":null,"ACCOUNTS_RECE_TDAYS":51.920544344174,"INVENTORY_TDAYS":14.204666895593,"CURRENT_ASSETS_TDAYS":5.917881072983,"TOTAL_ASSETS_TDAYS":1.251671304645,"PREMIUM_EXPENSE":null,"LOAN_DEPOSIT":null,"LOAN_EQUITY":null,"LOAN_ASSETS":null,"DEPOSIT_EQUITY":null,"DEPOSIT_ASSETS":null,"EQUITY_MULTIPLIER":1.738452895043,"EQUITY_RATIO":0.832029771158},{"SECUCODE":"00857.HK","SECURITY_CODE":"00857","SECURITY_NAME_ABBR":"中国石油股份","ORG_CODE":"10016863","STD_REPORT_DATE":"2022-09-30 00:00:00","REPORT_DATE":"2022-09-30 00:00:00","DATE_TYPE_CODE":"004","REPORT_TYPE":"2022年三季报","PER_NETCASH_OPERATE":1.713180662338,"PER_OI":13.415953893776,"BPS":7.33773262503,"BASIC_EPS":0.66,"DILUTED_EPS":0.66,"OPERATE_INCOME":2455401000000,"OPERATE_INCOME_YOY":30.5827506819,"GROSS_PROFIT":746982000000,"GROSS_PROFIT_YOY":26.652412981592,"HOLDER_PROFIT":119931000000,"HOLDER_PROFIT_YOY":60.0923781381,"GROSS_PROFIT_RATIO":30.421996244198,"EPS_TTM":0.750269185735,"OPERATE_INCOME_QOQ":5.178095554363,"NET_PROFIT_RATIO":5.4424918781,"ROE_AVG":9.228473213327,"GROSS_PROFIT_QOQ":4.350204371668,"ROA":4.542318137888,"HOLDER_PROFIT_QOQ":12.994141075014,"ROE_YEARLY":12.304630951102,"ROIC_YEARLY":5.284035991073,"TOTAL_ASSETS":2793316000000,"TOTAL_LIABILITIES":1280591000000,"TAX_EBT":23.10776277307,"OCF_SALES":12.769726818552,"TOTAL_PARENT_EQUITY":1342959000000,"DEBT_ASSET_RATIO":45.844831018,"OPERATE_PROFIT":174857000000,"PRETAX_PROFIT":173353000000,"NETCASH_OPERATE":313548000000,"NETCASH_INVEST":-142404000000,"NETCASH_FINANCE":-81415000000,"END_CASH":235264000000,"DIVI_RATIO":0.597785760534,"DIVIDEND_RATE":8.5625,"CURRENT_RATIO":1.021242139971,"COMMON_ACS":null,"CURRENTDEBT_DEBT":58.876956030458,"ISSUED_COMMON_SHARES":183020977818,"HK_COMMON_SHARES":21098900000,"PER_SHARES":2000,"TOTAL_MARKET_CAP":1054200832231.68,"HKSK_MARKET_CAP":121529664000,"PE_TTM":5.814418148501,"PB_TTM":0.638133561176,"REPORT_DATE_SQ":"2021-09-30 00:00:00","REPORT_TYPE_SQ":"2021年三季报","OPERATE_INCOME_SQ":1880341000000,"DPS_HKD":0.4932,"OPERATE_INCOME_QOQ_SQ":8.478121825843,"NET_PROFIT_RATIO_SQ":4.9490491352,"HOLDER_PROFIT_SQ":75126000000,"HOLDER_PROFIT_QOQ_SQ":-17.604336149609,"ROE_AVG_SQ":6.105868870846,"PE_TTM_SQ":5.06638069656,"PB_TTM_SQ":0.583658488529,"ROA_SQ":2.983685168512,"START_DATE":"2022-01-01 00:00:00","FISCAL_YEAR":"12-31","CURRENCY":"HKD","IS_CNY_CODE":0,"DPS_HKD_LY":0.34649,"ORG_TYPE":"一般企业","PREMIUM_INCOME":null,"PREMIUM_INCOME_YOY":null,"NET_INTEREST_INCOME":null,"NET_INTEREST_INCOME_YOY":null,"FEE_COMMISSION_INCOME":null,"FEE_COMMISSION_INCOME_YOY":null,"ACCOUNTS_RECE_TDAYS":32.456739126124,"INVENTORY_TDAYS":9.752864343984,"CURRENT_ASSETS_TDAYS":3.926044129204,"TOTAL_ASSETS_TDAYS":0.92734013171,"PREMIUM_EXPENSE":null,"LOAN_DEPOSIT":null,"LOAN_EQUITY":null,"LOAN_ASSETS":null,"DEPOSIT_EQUITY":null,"DEPOSIT_ASSETS":null,"EQUITY_MULTIPLIER":1.846545803102,"EQUITY_RATIO":0.95355926726}],"count":88},"success":true,"message":"ok","code":0}