{"version":"883dc83189118af426c2115c52eb3fc9","result":{"pages":4,"data":[{"SECUCODE":"00852.HK","SECURITY_CODE":"00852","SECURITY_NAME_ABBR":"海峡石油化工","ORG_CODE":"10121132","STD_REPORT_DATE":"2024-06-30 00:00:00","REPORT_DATE":"2024-06-30 00:00:00","DATE_TYPE_CODE":"002","REPORT_TYPE":"2024年中报","PER_NETCASH_OPERATE":0.024235386367,"PER_OI":0.384880320925,"BPS":0.552865883062,"BASIC_EPS":-0.003741988,"DILUTED_EPS":-0.003741988,"OPERATE_INCOME":817241052.4,"OPERATE_INCOME_YOY":83.2576777769,"GROSS_PROFIT":10110669.04,"GROSS_PROFIT_YOY":-38.008726052519,"HOLDER_PROFIT":-7985950,"HOLDER_PROFIT_YOY":14.483971853,"GROSS_PROFIT_RATIO":1.237170968138,"EPS_TTM":-0.040036460342,"OPERATE_INCOME_QOQ":31.957141208549,"NET_PROFIT_RATIO":-1.0464246228,"ROE_AVG":-0.677026592057,"GROSS_PROFIT_QOQ":-16.428924852191,"ROA":-0.506390943068,"HOLDER_PROFIT_QOQ":1.674478204145,"ROE_YEARLY":-1.354053184114,"ROIC_YEARLY":-1.388263619362,"TOTAL_ASSETS":1704713743.48,"TOTAL_LIABILITIES":532437433.04,"TAX_EBT":-46.520719311963,"OCF_SALES":6.296862959695,"TOTAL_PARENT_EQUITY":1173935562.68,"DEBT_ASSET_RATIO":31.233245762,"OPERATE_PROFIT":-8559113.04,"PRETAX_PROFIT":-5836588.6,"NETCASH_OPERATE":51460549.12,"NETCASH_INVEST":-117877185.4,"NETCASH_FINANCE":89746562.44,"END_CASH":439111339.64,"DIVI_RATIO":-1.823697683988,"DIVIDEND_RATE":48.192771084337,"CURRENT_RATIO":2.938657082111,"COMMON_ACS":4000000000,"CURRENTDEBT_DEBT":51.84134471989,"ISSUED_COMMON_SHARES":2123364090,"HK_COMMON_SHARES":2123364090,"PER_SHARES":2000,"TOTAL_MARKET_CAP":352478438.94,"HKSK_MARKET_CAP":352478438.94,"PE_TTM":-3.752764854299,"PB_TTM":0.274035502355,"REPORT_DATE_SQ":"2023-06-30 00:00:00","REPORT_TYPE_SQ":"2023年中报","OPERATE_INCOME_SQ":450496023.64,"DPS_HKD":0.08,"OPERATE_INCOME_QOQ_SQ":5.078705464628,"NET_PROFIT_RATIO_SQ":-2.1759329374,"HOLDER_PROFIT_SQ":-9433699.36,"HOLDER_PROFIT_QOQ_SQ":-384.328565461622,"ROE_AVG_SQ":-0.738473974422,"PE_TTM_SQ":-26.556937300617,"PB_TTM_SQ":0.344464993776,"ROA_SQ":-0.690655562538,"START_DATE":"2024-01-01 00:00:00","FISCAL_YEAR":"12-31","CURRENCY":"HKD","IS_CNY_CODE":0,"DPS_HKD_LY":0.08,"ORG_TYPE":"一般企业","PREMIUM_INCOME":null,"PREMIUM_INCOME_YOY":null,"NET_INTEREST_INCOME":null,"NET_INTEREST_INCOME_YOY":null,"FEE_COMMISSION_INCOME":null,"FEE_COMMISSION_INCOME_YOY":null,"ACCOUNTS_RECE_TDAYS":5.964622460841,"INVENTORY_TDAYS":40.713210413645,"CURRENT_ASSETS_TDAYS":1.058690065684,"TOTAL_ASSETS_TDAYS":0.518214448173,"PREMIUM_EXPENSE":null,"LOAN_DEPOSIT":null,"LOAN_EQUITY":null,"LOAN_ASSETS":null,"DEPOSIT_EQUITY":null,"DEPOSIT_ASSETS":null,"EQUITY_MULTIPLIER":1.454191071079,"EQUITY_RATIO":0.453549112887},{"SECUCODE":"00852.HK","SECURITY_CODE":"00852","SECURITY_NAME_ABBR":"海峡石油化工","ORG_CODE":"10121132","STD_REPORT_DATE":"2023-12-31 00:00:00","REPORT_DATE":"2023-12-31 00:00:00","DATE_TYPE_CODE":"001","REPORT_TYPE":"2023年年报","PER_NETCASH_OPERATE":0.069393964998,"PER_OI":0.540470315065,"BPS":0.554214926852,"BASIC_EPS":-0.040689278,"DILUTED_EPS":-0.040689278,"OPERATE_INCOME":1147615258.72,"OPERATE_INCOME_YOY":37.185074449,"GROSS_PROFIT":37733188.36,"GROSS_PROFIT_YOY":26.638800904156,"HOLDER_PROFIT":-86459731.54,"HOLDER_PROFIT_YOY":-1643.8025889968,"GROSS_PROFIT_RATIO":3.287965027764,"EPS_TTM":-0.040718279049,"OPERATE_INCOME_QOQ":32.447279899809,"NET_PROFIT_RATIO":-7.5995596884,"ROE_AVG":-7.080097184643,"GROSS_PROFIT_QOQ":40.139026966183,"ROA":-6.222341065579,"HOLDER_PROFIT_QOQ":-450.835808652267,"ROE_YEARLY":-7.080097184643,"ROIC_YEARLY":-8.211959747135,"TOTAL_ASSETS":1439092765.74,"TOTAL_LIABILITIES":263378343.48,"TAX_EBT":-8.17624908672,"OCF_SALES":12.839551602368,"TOTAL_PARENT_EQUITY":1176800073.82,"DEBT_ASSET_RATIO":18.3016932438,"OPERATE_PROFIT":-84192369.1,"PRETAX_PROFIT":-80621862.3,"NETCASH_OPERATE":147348653.34,"NETCASH_INVEST":-136230240.16,"NETCASH_FINANCE":140012802.44,"END_CASH":413767364.92,"DIVI_RATIO":-1.79316026376,"DIVIDEND_RATE":48.192771084337,"CURRENT_RATIO":6.15245495858,"COMMON_ACS":4000000000,"CURRENTDEBT_DEBT":44.898738619707,"ISSUED_COMMON_SHARES":2123364090,"HK_COMMON_SHARES":2123364090,"PER_SHARES":2000,"TOTAL_MARKET_CAP":352478438.94,"HKSK_MARKET_CAP":352478438.94,"PE_TTM":-3.752764854299,"PB_TTM":0.274035502355,"REPORT_DATE_SQ":"2022-12-31 00:00:00","REPORT_TYPE_SQ":"2022年年报","OPERATE_INCOME_SQ":824590936.05,"DPS_HKD":0.08,"OPERATE_INCOME_QOQ_SQ":5.363038151747,"NET_PROFIT_RATIO_SQ":0.6211577106,"HOLDER_PROFIT_SQ":5520408.6,"HOLDER_PROFIT_QOQ_SQ":-74.103687127176,"ROE_AVG_SQ":0.435924095599,"PE_TTM_SQ":-32.154139332586,"PB_TTM_SQ":0.417065239102,"ROA_SQ":0.397804479742,"START_DATE":"2023-01-01 00:00:00","FISCAL_YEAR":"12-31","CURRENCY":"HKD","IS_CNY_CODE":0,"DPS_HKD_LY":null,"ORG_TYPE":"一般企业","PREMIUM_INCOME":null,"PREMIUM_INCOME_YOY":null,"NET_INTEREST_INCOME":null,"NET_INTEREST_INCOME_YOY":null,"FEE_COMMISSION_INCOME":null,"FEE_COMMISSION_INCOME_YOY":null,"ACCOUNTS_RECE_TDAYS":5.951504470527,"INVENTORY_TDAYS":54.96042003231,"CURRENT_ASSETS_TDAYS":1.655856671016,"TOTAL_ASSETS_TDAYS":0.825916692618,"PREMIUM_EXPENSE":null,"LOAN_DEPOSIT":null,"LOAN_EQUITY":null,"LOAN_ASSETS":null,"DEPOSIT_EQUITY":null,"DEPOSIT_ASSETS":null,"EQUITY_MULTIPLIER":1.22401557597,"EQUITY_RATIO":0.223808911419},{"SECUCODE":"00852.HK","SECURITY_CODE":"00852","SECURITY_NAME_ABBR":"海峡石油化工","ORG_CODE":"10121132","STD_REPORT_DATE":"2023-06-30 00:00:00","REPORT_DATE":"2023-06-30 00:00:00","DATE_TYPE_CODE":"002","REPORT_TYPE":"2023年中报","PER_NETCASH_OPERATE":0.006876105397,"PER_OI":0.212161459149,"BPS":0.596872087773,"BASIC_EPS":-0.004425504,"DILUTED_EPS":-0.004425504,"OPERATE_INCOME":450496023.64,"OPERATE_INCOME_YOY":2.262201005,"GROSS_PROFIT":16309826.2,"GROSS_PROFIT_YOY":-14.965302355857,"HOLDER_PROFIT":-9433699.36,"HOLDER_PROFIT_YOY":-174.2633183336,"GROSS_PROFIT_RATIO":3.62041513002,"EPS_TTM":-0.007392090058,"OPERATE_INCOME_QOQ":5.078705464628,"NET_PROFIT_RATIO":-2.1759329374,"ROE_AVG":-0.738473974422,"GROSS_PROFIT_QOQ":-9.633452118434,"ROA":-0.690655562538,"HOLDER_PROFIT_QOQ":-384.328565461622,"ROE_YEARLY":-1.476947948844,"ROIC_YEARLY":-1.744971078452,"TOTAL_ASSETS":1368590799.92,"TOTAL_LIABILITIES":101920279.1,"TAX_EBT":-95.190012851111,"OCF_SALES":3.240977614415,"TOTAL_PARENT_EQUITY":1267376757.5,"DEBT_ASSET_RATIO":7.4470966125,"OPERATE_PROFIT":-9241005.54,"PRETAX_PROFIT":-5022025.06,"NETCASH_OPERATE":14600475.28,"NETCASH_INVEST":-21935748.16,"NETCASH_FINANCE":48757990.32,"END_CASH":304870204.62,"DIVI_RATIO":-9.877368839314,"DIVIDEND_RATE":48.192771084337,"CURRENT_RATIO":12.707662896288,"COMMON_ACS":4000000000,"CURRENTDEBT_DEBT":51.104075263467,"ISSUED_COMMON_SHARES":2123364090,"HK_COMMON_SHARES":2123364090,"PER_SHARES":2000,"TOTAL_MARKET_CAP":352478438.94,"HKSK_MARKET_CAP":352478438.94,"PE_TTM":-3.752764854299,"PB_TTM":0.274035502355,"REPORT_DATE_SQ":"2022-06-30 00:00:00","REPORT_TYPE_SQ":"2022年中报","OPERATE_INCOME_SQ":408617478.71,"DPS_HKD":0.08,"OPERATE_INCOME_QOQ_SQ":18.085442204497,"NET_PROFIT_RATIO_SQ":2.8569993449,"HOLDER_PROFIT_SQ":11782807.82,"HOLDER_PROFIT_QOQ_SQ":318.91202156352,"ROE_AVG_SQ":0.961658592355,"PE_TTM_SQ":-32.154139332586,"PB_TTM_SQ":0.417065239102,"ROA_SQ":0.718927817623,"START_DATE":"2023-01-01 00:00:00","FISCAL_YEAR":"12-31","CURRENCY":"HKD","IS_CNY_CODE":0,"DPS_HKD_LY":null,"ORG_TYPE":"一般企业","PREMIUM_INCOME":null,"PREMIUM_INCOME_YOY":null,"NET_INTEREST_INCOME":null,"NET_INTEREST_INCOME_YOY":null,"FEE_COMMISSION_INCOME":null,"FEE_COMMISSION_INCOME_YOY":null,"ACCOUNTS_RECE_TDAYS":2.284206318968,"INVENTORY_TDAYS":14.190989905078,"CURRENT_ASSETS_TDAYS":0.676462973808,"TOTAL_ASSETS_TDAYS":0.329815030938,"PREMIUM_EXPENSE":null,"LOAN_DEPOSIT":null,"LOAN_EQUITY":null,"LOAN_ASSETS":null,"DEPOSIT_EQUITY":null,"DEPOSIT_ASSETS":null,"EQUITY_MULTIPLIER":1.080463133407,"EQUITY_RATIO":0.080418295899},{"SECUCODE":"00852.HK","SECURITY_CODE":"00852","SECURITY_NAME_ABBR":"海峡石油化工","ORG_CODE":"10121132","STD_REPORT_DATE":"2022-12-31 00:00:00","REPORT_DATE":"2022-12-31 00:00:00","DATE_TYPE_CODE":"001","REPORT_TYPE":"2022年年报","PER_NETCASH_OPERATE":0.079671237955,"PER_OI":0.388341754452,"BPS":0.587486194443,"BASIC_EPS":0.002590483,"DILUTED_EPS":0.002590483,"OPERATE_INCOME":824590936.05,"OPERATE_INCOME_YOY":13.8787730752,"GROSS_PROFIT":29795914.12,"GROSS_PROFIT_YOY":-5.175001318821,"HOLDER_PROFIT":5520408.6,"HOLDER_PROFIT_YOY":-0.706940874,"GROSS_PROFIT_RATIO":3.61341761319,"EPS_TTM":0.002599840803,"OPERATE_INCOME_QOQ":5.363038151747,"NET_PROFIT_RATIO":0.6211577106,"ROE_AVG":0.435924095599,"GROSS_PROFIT_QOQ":-3.734480705493,"ROA":0.397804479742,"HOLDER_PROFIT_QOQ":-74.103687127176,"ROE_YEARLY":0.435924095599,"ROIC_YEARLY":0.4644336277,"TOTAL_ASSETS":1320769370.06,"TOTAL_LIABILITIES":73649218.23,"TAX_EBT":57.720100280195,"OCF_SALES":20.515753725159,"TOTAL_PARENT_EQUITY":1247447088.65,"DEBT_ASSET_RATIO":5.5762360863,"OPERATE_PROFIT":4923704.24,"PRETAX_PROFIT":12114527.74,"NETCASH_OPERATE":169171045.68,"NETCASH_INVEST":-27152728.19,"NETCASH_FINANCE":-2494903.11,"END_CASH":257227815.74,"DIVI_RATIO":28.084181126175,"DIVIDEND_RATE":48.192771084337,"CURRENT_RATIO":8.996991643454,"COMMON_ACS":4000000000,"CURRENTDEBT_DEBT":97.969653967907,"ISSUED_COMMON_SHARES":2123364090,"HK_COMMON_SHARES":2123364090,"PER_SHARES":2000,"TOTAL_MARKET_CAP":352478438.94,"HKSK_MARKET_CAP":352478438.94,"PE_TTM":-3.752764854299,"PB_TTM":0.274035502355,"REPORT_DATE_SQ":"2021-12-31 00:00:00","REPORT_TYPE_SQ":"2021年年报","OPERATE_INCOME_SQ":662756371.2,"DPS_HKD":0.08,"OPERATE_INCOME_QOQ_SQ":-51.406628392315,"NET_PROFIT_RATIO_SQ":0.7678149349,"HOLDER_PROFIT_SQ":5088742.4,"HOLDER_PROFIT_QOQ_SQ":-30.22417276686,"ROE_AVG_SQ":0.435246885824,"PE_TTM_SQ":-32.154139332586,"PB_TTM_SQ":0.417065239102,"ROA_SQ":0.368672001867,"START_DATE":"2022-01-01 00:00:00","FISCAL_YEAR":"12-31","CURRENCY":"HKD","IS_CNY_CODE":0,"DPS_HKD_LY":null,"ORG_TYPE":"一般企业","PREMIUM_INCOME":null,"PREMIUM_INCOME_YOY":null,"NET_INTEREST_INCOME":null,"NET_INTEREST_INCOME_YOY":null,"FEE_COMMISSION_INCOME":null,"FEE_COMMISSION_INCOME_YOY":null,"ACCOUNTS_RECE_TDAYS":4.00230222939,"INVENTORY_TDAYS":25.293771498422,"CURRENT_ASSETS_TDAYS":1.316769025691,"TOTAL_ASSETS_TDAYS":0.594205958442,"PREMIUM_EXPENSE":null,"LOAN_DEPOSIT":null,"LOAN_EQUITY":null,"LOAN_ASSETS":null,"DEPOSIT_EQUITY":null,"DEPOSIT_ASSETS":null,"EQUITY_MULTIPLIER":1.059055431124,"EQUITY_RATIO":0.059039953598},{"SECUCODE":"00852.HK","SECURITY_CODE":"00852","SECURITY_NAME_ABBR":"海峡石油化工","ORG_CODE":"10121132","STD_REPORT_DATE":"2022-06-30 00:00:00","REPORT_DATE":"2022-06-30 00:00:00","DATE_TYPE_CODE":"002","REPORT_TYPE":"2022年中报","PER_NETCASH_OPERATE":0.05673331518,"PER_OI":0.192438725245,"BPS":0.574568598808,"BASIC_EPS":0.005558735,"DILUTED_EPS":0.005558735,"OPERATE_INCOME":408617478.71,"OPERATE_INCOME_YOY":37.6860080455,"GROSS_PROFIT":19180201.32,"GROSS_PROFIT_YOY":-2.392826249704,"HOLDER_PROFIT":11782807.82,"HOLDER_PROFIT_YOY":357.8701104249,"GROSS_PROFIT_RATIO":4.693925815546,"EPS_TTM":0.010039424591,"OPERATE_INCOME_QOQ":18.085442204497,"NET_PROFIT_RATIO":2.8569993449,"ROE_AVG":0.961658592355,"GROSS_PROFIT_QOQ":-1.496403513828,"ROA":0.718927817623,"HOLDER_PROFIT_QOQ":318.91202156352,"ROE_YEARLY":1.923317184709,"ROIC_YEARLY":1.625876188903,"TOTAL_ASSETS":1885227016.26,"TOTAL_LIABILITIES":665248880.24,"TAX_EBT":24.156897605423,"OCF_SALES":29.481236226191,"TOTAL_PARENT_EQUITY":1220018329.95,"DEBT_ASSET_RATIO":35.287468008,"OPERATE_PROFIT":13298204.5,"PRETAX_PROFIT":15392564.81,"NETCASH_OPERATE":120465484.16,"NETCASH_INVEST":1712090.38,"NETCASH_FINANCE":-1163058.4,"END_CASH":243853152.55,"DIVI_RATIO":7.272767412205,"DIVIDEND_RATE":48.192771084337,"CURRENT_RATIO":1.734977808346,"COMMON_ACS":4000000000,"CURRENTDEBT_DEBT":99.810000308525,"ISSUED_COMMON_SHARES":2123364090,"HK_COMMON_SHARES":2123364090,"PER_SHARES":2000,"TOTAL_MARKET_CAP":352478438.94,"HKSK_MARKET_CAP":352478438.94,"PE_TTM":-3.752764854299,"PB_TTM":0.274035502355,"REPORT_DATE_SQ":"2021-06-30 00:00:00","REPORT_TYPE_SQ":"2021年中报","OPERATE_INCOME_SQ":288755058.24,"DPS_HKD":0.08,"OPERATE_INCOME_QOQ_SQ":-75.34345583586,"NET_PROFIT_RATIO_SQ":-1.5396452159,"HOLDER_PROFIT_SQ":-4445803.44,"HOLDER_PROFIT_QOQ_SQ":109.316128128505,"ROE_AVG_SQ":-0.376131324249,"PE_TTM_SQ":-32.154139332586,"PB_TTM_SQ":0.417065239102,"ROA_SQ":-0.300481343781,"START_DATE":"2022-01-01 00:00:00","FISCAL_YEAR":"12-31","CURRENCY":"HKD","IS_CNY_CODE":0,"DPS_HKD_LY":null,"ORG_TYPE":"一般企业","PREMIUM_INCOME":null,"PREMIUM_INCOME_YOY":null,"NET_INTEREST_INCOME":null,"NET_INTEREST_INCOME_YOY":null,"FEE_COMMISSION_INCOME":null,"FEE_COMMISSION_INCOME_YOY":null,"ACCOUNTS_RECE_TDAYS":2.154364670528,"INVENTORY_TDAYS":198.336672473868,"CURRENT_ASSETS_TDAYS":0.472510503469,"TOTAL_ASSETS_TDAYS":0.249317884751,"PREMIUM_EXPENSE":null,"LOAN_DEPOSIT":null,"LOAN_EQUITY":null,"LOAN_ASSETS":null,"DEPOSIT_EQUITY":null,"DEPOSIT_ASSETS":null,"EQUITY_MULTIPLIER":1.545295739817,"EQUITY_RATIO":0.545277774857},{"SECUCODE":"00852.HK","SECURITY_CODE":"00852","SECURITY_NAME_ABBR":"海峡石油化工","ORG_CODE":"10121132","STD_REPORT_DATE":"2021-12-31 00:00:00","REPORT_DATE":"2021-12-31 00:00:00","DATE_TYPE_CODE":"001","REPORT_TYPE":"2021年年报","PER_NETCASH_OPERATE":0.094863457543,"PER_OI":0.312125637954,"BPS":0.554032518088,"BASIC_EPS":0.00237104,"DILUTED_EPS":0.00237104,"OPERATE_INCOME":662756371.2,"OPERATE_INCOME_YOY":-87.6662618372,"GROSS_PROFIT":31422003.2,"GROSS_PROFIT_YOY":-91.195207801381,"HOLDER_PROFIT":5088742.4,"HOLDER_PROFIT_YOY":106.691537742,"GROSS_PROFIT_RATIO":4.741109186639,"EPS_TTM":0.002396547264,"OPERATE_INCOME_QOQ":-51.406628392315,"NET_PROFIT_RATIO":0.7678149349,"ROE_AVG":0.435246885824,"GROSS_PROFIT_QOQ":-89.857302194457,"ROA":0.368672001867,"HOLDER_PROFIT_QOQ":-30.22417276686,"ROE_YEARLY":0.435246885824,"ROIC_YEARLY":0.404995420702,"TOTAL_ASSETS":1331441977.6,"TOTAL_LIABILITIES":155029224,"TAX_EBT":55.287356321839,"OCF_SALES":30.392715627205,"TOTAL_PARENT_EQUITY":1176412753.6,"DEBT_ASSET_RATIO":11.6437085963,"OPERATE_PROFIT":7741036.8,"PRETAX_PROFIT":11380992,"NETCASH_OPERATE":201429659.2,"NETCASH_INVEST":-76207678.4,"NETCASH_FINANCE":-119098974.4,"END_CASH":129305075.2,"DIVI_RATIO":30.466496990081,"DIVIDEND_RATE":48.192771084337,"CURRENT_RATIO":3.565932035144,"COMMON_ACS":4000000000,"CURRENTDEBT_DEBT":99.882393270575,"ISSUED_COMMON_SHARES":2123364090,"HK_COMMON_SHARES":2123364090,"PER_SHARES":2000,"TOTAL_MARKET_CAP":352478438.94,"HKSK_MARKET_CAP":352478438.94,"PE_TTM":-3.752764854299,"PB_TTM":0.274035502355,"REPORT_DATE_SQ":"2020-12-31 00:00:00","REPORT_TYPE_SQ":"2020年年报","OPERATE_INCOME_SQ":5531522354.96,"DPS_HKD":0.08,"OPERATE_INCOME_QOQ_SQ":-53.554202208919,"NET_PROFIT_RATIO_SQ":-1.2843878123,"HOLDER_PROFIT_SQ":-78283461.32,"HOLDER_PROFIT_QOQ_SQ":-284.499971777241,"ROE_AVG_SQ":-6.386586472423,"PE_TTM_SQ":-32.154139332586,"PB_TTM_SQ":0.417065239102,"ROA_SQ":-3.309512326121,"START_DATE":"2021-01-01 00:00:00","FISCAL_YEAR":"12-31","CURRENCY":"HKD","IS_CNY_CODE":0,"DPS_HKD_LY":null,"ORG_TYPE":"一般企业","PREMIUM_INCOME":null,"PREMIUM_INCOME_YOY":null,"NET_INTEREST_INCOME":null,"NET_INTEREST_INCOME_YOY":null,"FEE_COMMISSION_INCOME":null,"FEE_COMMISSION_INCOME_YOY":null,"ACCOUNTS_RECE_TDAYS":1.713207842259,"INVENTORY_TDAYS":null,"CURRENT_ASSETS_TDAYS":0.896966558448,"TOTAL_ASSETS_TDAYS":0.480157372714,"PREMIUM_EXPENSE":null,"LOAN_DEPOSIT":null,"LOAN_EQUITY":null,"LOAN_ASSETS":null,"DEPOSIT_EQUITY":null,"DEPOSIT_ASSETS":null,"EQUITY_MULTIPLIER":1.131781318696,"EQUITY_RATIO":0.131781318696},{"SECUCODE":"00852.HK","SECURITY_CODE":"00852","SECURITY_NAME_ABBR":"海峡石油化工","ORG_CODE":"10121132","STD_REPORT_DATE":"2021-06-30 00:00:00","REPORT_DATE":"2021-06-30 00:00:00","DATE_TYPE_CODE":"002","REPORT_TYPE":"2021年中报","PER_NETCASH_OPERATE":0.010538525892,"PER_OI":0.135989423387,"BPS":0.556415984373,"BASIC_EPS":-0.0020802,"DILUTED_EPS":-0.0020802,"OPERATE_INCOME":288755058.24,"OPERATE_INCOME_YOY":-92.8868683121,"GROSS_PROFIT":19650401.28,"GROSS_PROFIT_YOY":-65.497705752795,"HOLDER_PROFIT":-4445803.44,"HOLDER_PROFIT_YOY":94.5785516423,"GROSS_PROFIT_RATIO":3.421337759489,"EPS_TTM":0.003434638268,"OPERATE_INCOME_QOQ":-75.34345583586,"NET_PROFIT_RATIO":-1.5396452159,"ROE_AVG":-0.376131324249,"GROSS_PROFIT_QOQ":-13.190825878621,"ROA":-0.300481343781,"HOLDER_PROFIT_QOQ":109.316128128505,"ROE_YEARLY":-0.752262648498,"ROIC_YEARLY":-0.651790441383,"TOTAL_ASSETS":1504672730.16,"TOTAL_LIABILITIES":322776313.2,"TAX_EBT":-146.448339483395,"OCF_SALES":7.74951877082,"TOTAL_PARENT_EQUITY":1181473720.32,"DEBT_ASSET_RATIO":21.4515958673,"OPERATE_PROFIT":-4961693.04,"PRETAX_PROFIT":-1803949.44,"NETCASH_OPERATE":22377127.44,"NETCASH_INVEST":-32350438.32,"NETCASH_FINANCE":-1055077.44,"END_CASH":109952715.36,"DIVI_RATIO":21.258250303789,"DIVIDEND_RATE":48.192771084337,"CURRENT_RATIO":3.029532242888,"COMMON_ACS":4000000000,"CURRENTDEBT_DEBT":100,"ISSUED_COMMON_SHARES":2123364090,"HK_COMMON_SHARES":2123364090,"PER_SHARES":2000,"TOTAL_MARKET_CAP":352478438.94,"HKSK_MARKET_CAP":352478438.94,"PE_TTM":-3.752764854299,"PB_TTM":0.274035502355,"REPORT_DATE_SQ":"2020-06-30 00:00:00","REPORT_TYPE_SQ":"2020年中报","OPERATE_INCOME_SQ":4456395160.8,"DPS_HKD":0.08,"OPERATE_INCOME_QOQ_SQ":-23.397858521402,"NET_PROFIT_RATIO_SQ":-1.9482464061,"HOLDER_PROFIT_SQ":-90022252.32,"HOLDER_PROFIT_QOQ_SQ":-118.176467658463,"ROE_AVG_SQ":-6.846635177503,"PE_TTM_SQ":-32.154139332586,"PB_TTM_SQ":0.417065239102,"ROA_SQ":-2.951551111942,"START_DATE":"2021-01-01 00:00:00","FISCAL_YEAR":"12-31","CURRENCY":"HKD","IS_CNY_CODE":0,"DPS_HKD_LY":null,"ORG_TYPE":"一般企业","PREMIUM_INCOME":null,"PREMIUM_INCOME_YOY":null,"NET_INTEREST_INCOME":null,"NET_INTEREST_INCOME_YOY":null,"FEE_COMMISSION_INCOME":null,"FEE_COMMISSION_INCOME_YOY":null,"ACCOUNTS_RECE_TDAYS":0.512386346522,"INVENTORY_TDAYS":18.080325834817,"CURRENT_ASSETS_TDAYS":0.300809519723,"TOTAL_ASSETS_TDAYS":0.195162717143,"PREMIUM_EXPENSE":null,"LOAN_DEPOSIT":null,"LOAN_EQUITY":null,"LOAN_ASSETS":null,"DEPOSIT_EQUITY":null,"DEPOSIT_ASSETS":null,"EQUITY_MULTIPLIER":1.273100339901,"EQUITY_RATIO":0.273198047192},{"SECUCODE":"00852.HK","SECURITY_CODE":"00852","SECURITY_NAME_ABBR":"海峡石油化工","ORG_CODE":"10121132","STD_REPORT_DATE":"2020-12-31 00:00:00","REPORT_DATE":"2020-12-31 00:00:00","DATE_TYPE_CODE":"001","REPORT_TYPE":"2020年年报","PER_NETCASH_OPERATE":0.282080610641,"PER_OI":2.605074834321,"BPS":0.563292772367,"BASIC_EPS":-0.036863832,"DILUTED_EPS":-0.036863832,"OPERATE_INCOME":5531522354.96,"OPERATE_INCOME_YOY":-62.1328751085,"GROSS_PROFIT":356873876.08,"GROSS_PROFIT_YOY":20.334717761846,"HOLDER_PROFIT":-78283461.32,"HOLDER_PROFIT_YOY":-174.3842167557,"GROSS_PROFIT_RATIO":6.451639407369,"EPS_TTM":-0.036867658113,"OPERATE_INCOME_QOQ":-53.554202208919,"NET_PROFIT_RATIO":-1.2843878123,"ROE_AVG":-6.386586472423,"GROSS_PROFIT_QOQ":136.319522797632,"ROA":-3.309512326121,"HOLDER_PROFIT_QOQ":-284.499971777241,"ROE_YEARLY":-6.386586472423,"ROIC_YEARLY":-3.646231675837,"TOTAL_ASSETS":1471158945.88,"TOTAL_LIABILITIES":274659955.96,"TAX_EBT":-29.628378378378,"OCF_SALES":10.828119289492,"TOTAL_PARENT_EQUITY":1196075645,"DEBT_ASSET_RATIO":18.6696316349,"OPERATE_PROFIT":-41216794.08,"PRETAX_PROFIT":-54807596.8,"NETCASH_OPERATE":596662161.92,"NETCASH_INVEST":-157162803.76,"NETCASH_FINANCE":-625053204.04,"END_CASH":121341763.72,"DIVI_RATIO":-1.980445836179,"DIVIDEND_RATE":48.192771084337,"CURRENT_RATIO":3.47435114457,"COMMON_ACS":4000000000,"CURRENTDEBT_DEBT":99.848010810844,"ISSUED_COMMON_SHARES":2123364090,"HK_COMMON_SHARES":2123364090,"PER_SHARES":2000,"TOTAL_MARKET_CAP":352478438.94,"HKSK_MARKET_CAP":352478438.94,"PE_TTM":-3.752764854299,"PB_TTM":0.274035502355,"REPORT_DATE_SQ":"2019-12-31 00:00:00","REPORT_TYPE_SQ":"2019年年报","OPERATE_INCOME_SQ":15547384312.34,"DPS_HKD":0.08,"OPERATE_INCOME_QOQ_SQ":-21.525411954705,"NET_PROFIT_RATIO_SQ":0.7154885332,"HOLDER_PROFIT_SQ":112011914.32,"HOLDER_PROFIT_QOQ_SQ":-34.396109980173,"ROE_AVG_SQ":8.728761234762,"PE_TTM_SQ":-32.154139332586,"PB_TTM_SQ":0.417065239102,"ROA_SQ":3.318536981767,"START_DATE":"2020-01-01 00:00:00","FISCAL_YEAR":"12-31","CURRENCY":"HKD","IS_CNY_CODE":0,"DPS_HKD_LY":null,"ORG_TYPE":"一般企业","PREMIUM_INCOME":null,"PREMIUM_INCOME_YOY":null,"NET_INTEREST_INCOME":null,"NET_INTEREST_INCOME_YOY":null,"FEE_COMMISSION_INCOME":null,"FEE_COMMISSION_INCOME_YOY":null,"ACCOUNTS_RECE_TDAYS":3.864500799382,"INVENTORY_TDAYS":256.435268601935,"CURRENT_ASSETS_TDAYS":2.840055925514,"TOTAL_ASSETS_TDAYS":2.338506896255,"PREMIUM_EXPENSE":null,"LOAN_DEPOSIT":null,"LOAN_EQUITY":null,"LOAN_ASSETS":null,"DEPOSIT_EQUITY":null,"DEPOSIT_ASSETS":null,"EQUITY_MULTIPLIER":1.229553019496,"EQUITY_RATIO":0.229634268625},{"SECUCODE":"00852.HK","SECURITY_CODE":"00852","SECURITY_NAME_ABBR":"海峡石油化工","ORG_CODE":"10121132","STD_REPORT_DATE":"2020-06-30 00:00:00","REPORT_DATE":"2020-06-30 00:00:00","DATE_TYPE_CODE":"002","REPORT_TYPE":"2020年中报","PER_NETCASH_OPERATE":0.220026871039,"PER_OI":2.098742830675,"BPS":0.596769383399,"BASIC_EPS":-0.042383616,"DILUTED_EPS":-0.042383616,"OPERATE_INCOME":4456395160.8,"OPERATE_INCOME_YOY":-46.9790803692,"GROSS_PROFIT":56953897.44,"GROSS_PROFIT_YOY":-71.875769616649,"HOLDER_PROFIT":-90022252.32,"HOLDER_PROFIT_YOY":-304.7088881042,"GROSS_PROFIT_RATIO":1.27802619348,"EPS_TTM":-0.009588468354,"OPERATE_INCOME_QOQ":-23.397858521402,"NET_PROFIT_RATIO":-1.9482464061,"ROE_AVG":-6.846635177503,"GROSS_PROFIT_QOQ":-49.079654386027,"ROA":-2.951551111942,"HOLDER_PROFIT_QOQ":-118.176467658463,"ROE_YEARLY":-13.693270355007,"ROIC_YEARLY":-6.394713086134,"TOTAL_ASSETS":2562259487.04,"TOTAL_LIABILITIES":1277262238.56,"TAX_EBT":-24.885361783758,"OCF_SALES":10.483746165727,"TOTAL_PARENT_EQUITY":1267158678.72,"DEBT_ASSET_RATIO":49.84905881,"OPERATE_PROFIT":-59841281.28,"PRETAX_PROFIT":-69521004.96,"NETCASH_OPERATE":467197156.8,"NETCASH_INVEST":-68305216.32,"NETCASH_FINANCE":-615549860.64,"END_CASH":109120455.84,"DIVI_RATIO":-7.614813681173,"DIVIDEND_RATE":48.192771084337,"CURRENT_RATIO":1.882508016907,"COMMON_ACS":4000000000,"CURRENTDEBT_DEBT":91.012222707733,"ISSUED_COMMON_SHARES":2123364090,"HK_COMMON_SHARES":2123364090,"PER_SHARES":2000,"TOTAL_MARKET_CAP":352478438.94,"HKSK_MARKET_CAP":352478438.94,"PE_TTM":-3.752764854299,"PB_TTM":0.274035502355,"REPORT_DATE_SQ":"2019-06-30 00:00:00","REPORT_TYPE_SQ":"2019年中报","OPERATE_INCOME_SQ":8094150145.98,"DPS_HKD":0.08,"OPERATE_INCOME_QOQ_SQ":-0.873846187916,"NET_PROFIT_RATIO_SQ":0.5124951461,"HOLDER_PROFIT_SQ":42349471.38,"HOLDER_PROFIT_QOQ_SQ":2514.92075770513,"ROE_AVG_SQ":3.445447733582,"PE_TTM_SQ":-32.154139332586,"PB_TTM_SQ":0.417065239102,"ROA_SQ":1.405451199376,"START_DATE":"2020-01-01 00:00:00","FISCAL_YEAR":"12-31","CURRENCY":"HKD","IS_CNY_CODE":0,"DPS_HKD_LY":null,"ORG_TYPE":"一般企业","PREMIUM_INCOME":null,"PREMIUM_INCOME_YOY":null,"NET_INTEREST_INCOME":null,"NET_INTEREST_INCOME_YOY":null,"FEE_COMMISSION_INCOME":null,"FEE_COMMISSION_INCOME_YOY":null,"ACCOUNTS_RECE_TDAYS":2.191027900638,"INVENTORY_TDAYS":192.096679629076,"CURRENT_ASSETS_TDAYS":1.656060349675,"TOTAL_ASSETS_TDAYS":1.461114086032,"PREMIUM_EXPENSE":null,"LOAN_DEPOSIT":null,"LOAN_EQUITY":null,"LOAN_ASSETS":null,"DEPOSIT_EQUITY":null,"DEPOSIT_ASSETS":null,"EQUITY_MULTIPLIER":1.993980524137,"EQUITY_RATIO":1.007973397499}],"count":36},"success":true,"message":"ok","code":0}