{"version":"b790cda9fbfa5299ccfafee7f093f15e","result":{"pages":9,"data":[{"SECUCODE":"00861.HK","SECURITY_CODE":"00861","SECURITY_NAME_ABBR":"神州控股","ORG_CODE":"10009132","STD_REPORT_DATE":"2024-06-30 00:00:00","REPORT_DATE":"2024-06-30 00:00:00","DATE_TYPE_CODE":"002","REPORT_TYPE":"2024年中报","PER_NETCASH_OPERATE":-0.93545954272,"PER_OI":4.191152034029,"BPS":3.704172825633,"BASIC_EPS":0.0073,"DILUTED_EPS":0.0073,"OPERATE_INCOME":7014343000,"OPERATE_INCOME_YOY":5.0473581073,"GROSS_PROFIT":957458000,"GROSS_PROFIT_YOY":-13.672916450652,"HOLDER_PROFIT":10808000,"HOLDER_PROFIT_YOY":-73.2176929748,"GROSS_PROFIT_RATIO":13.650002573299,"EPS_TTM":-1.113305316161,"OPERATE_INCOME_QOQ":1.844046361712,"NET_PROFIT_RATIO":-0.7034158438,"ROE_AVG":0.173001380265,"GROSS_PROFIT_QOQ":-5.65666339408,"ROA":0.048346682573,"HOLDER_PROFIT_QOQ":-1.611341945117,"ROE_YEARLY":0.346002760531,"ROIC_YEARLY":0.135412591504,"TOTAL_ASSETS":21910597000,"TOTAL_LIABILITIES":11787817000,"TAX_EBT":18.761834197744,"OCF_SALES":-22.31986659335,"TOTAL_PARENT_EQUITY":6199331000,"DEBT_ASSET_RATIO":53.799615775,"OPERATE_PROFIT":466495000,"PRETAX_PROFIT":-60735000,"NETCASH_OPERATE":-1565592000,"NETCASH_INVEST":-73296000,"NETCASH_FINANCE":660590000,"END_CASH":1906885000,"DIVI_RATIO":-0.057037363496,"DIVIDEND_RATE":1.983002832861,"CURRENT_RATIO":1.500699995284,"COMMON_ACS":2500000000,"CURRENTDEBT_DEBT":72.85415951062,"ISSUED_COMMON_SHARES":1673607386,"HK_COMMON_SHARES":1673607386,"PER_SHARES":1000,"TOTAL_MARKET_CAP":5907834072.58,"HKSK_MARKET_CAP":5907834072.58,"PE_TTM":-2.874332753939,"PB_TTM":0.869765141007,"REPORT_DATE_SQ":"2023-06-30 00:00:00","REPORT_TYPE_SQ":"2023年中报","OPERATE_INCOME_SQ":6677315000,"DPS_HKD":0.07,"OPERATE_INCOME_QOQ_SQ":-3.220465237655,"NET_PROFIT_RATIO_SQ":1.2081952102,"HOLDER_PROFIT_SQ":40355000,"HOLDER_PROFIT_QOQ_SQ":-48.258207945356,"ROE_AVG_SQ":0.485412719293,"PE_TTM_SQ":24.673933173224,"PB_TTM_SQ":0.464860495184,"ROA_SQ":0.166160191353,"START_DATE":"2024-01-01 00:00:00","FISCAL_YEAR":"12-31","CURRENCY":"HKD","IS_CNY_CODE":0,"DPS_HKD_LY":0.07,"ORG_TYPE":"一般企业","PREMIUM_INCOME":null,"PREMIUM_INCOME_YOY":null,"NET_INTEREST_INCOME":null,"NET_INTEREST_INCOME_YOY":null,"FEE_COMMISSION_INCOME":null,"FEE_COMMISSION_INCOME_YOY":null,"ACCOUNTS_RECE_TDAYS":1.851255441624,"INVENTORY_TDAYS":4.338901349548,"CURRENT_ASSETS_TDAYS":0.526602445931,"TOTAL_ASSETS_TDAYS":0.313767778019,"PREMIUM_EXPENSE":null,"LOAN_DEPOSIT":null,"LOAN_EQUITY":null,"LOAN_ASSETS":null,"DEPOSIT_EQUITY":null,"DEPOSIT_ASSETS":null,"EQUITY_MULTIPLIER":2.164484163443,"EQUITY_RATIO":1.901465980765},{"SECUCODE":"00861.HK","SECURITY_CODE":"00861","SECURITY_NAME_ABBR":"神州控股","ORG_CODE":"10009132","STD_REPORT_DATE":"2023-12-31 00:00:00","REPORT_DATE":"2023-12-31 00:00:00","DATE_TYPE_CODE":"001","REPORT_TYPE":"2023年年报","PER_NETCASH_OPERATE":0.445827979872,"PER_OI":10.920450729894,"BPS":3.761555459579,"BASIC_EPS":-1.233,"DILUTED_EPS":-1.233,"OPERATE_INCOME":18276547000,"OPERATE_INCOME_YOY":2.9665663886,"GROSS_PROFIT":2680856000,"GROSS_PROFIT_YOY":-8.819601063477,"HOLDER_PROFIT":-1833689000,"HOLDER_PROFIT_YOY":-690.8074233979,"GROSS_PROFIT_RATIO":14.668284988406,"EPS_TTM":-1.095650637861,"OPERATE_INCOME_QOQ":6.392913172685,"NET_PROFIT_RATIO":-9.3095867617,"ROE_AVG":-25.020854817246,"GROSS_PROFIT_QOQ":-2.937343975438,"ROA":-7.709827707421,"HOLDER_PROFIT_QOQ":-1241.83796103144,"ROE_YEARLY":-25.020854817246,"ROIC_YEARLY":-10.741837052613,"TOTAL_ASSETS":22799813000,"TOTAL_LIABILITIES":12433808000,"TAX_EBT":-3.799245238819,"OCF_SALES":4.082505300372,"TOTAL_PARENT_EQUITY":6295367000,"DEBT_ASSET_RATIO":54.5346928942,"OPERATE_PROFIT":-41284000,"PRETAX_PROFIT":-1639194000,"NETCASH_OPERATE":746141000,"NETCASH_INVEST":303763000,"NETCASH_FINANCE":-690115000,"END_CASH":2883308000,"DIVI_RATIO":-0.057956430458,"DIVIDEND_RATE":1.960784313725,"CURRENT_RATIO":1.497915113159,"COMMON_ACS":2500000000,"CURRENTDEBT_DEBT":73.837669039123,"ISSUED_COMMON_SHARES":1673607386,"HK_COMMON_SHARES":1673607386,"PER_SHARES":1000,"TOTAL_MARKET_CAP":5974778368.02,"HKSK_MARKET_CAP":5974778368.02,"PE_TTM":-2.90690309676,"PB_TTM":0.879620836656,"REPORT_DATE_SQ":"2022-12-31 00:00:00","REPORT_TYPE_SQ":"2022年年报","OPERATE_INCOME_SQ":17749982000,"DPS_HKD":0.07,"OPERATE_INCOME_QOQ_SQ":4.406425598844,"NET_PROFIT_RATIO_SQ":2.628149144,"HOLDER_PROFIT_SQ":310370000,"HOLDER_PROFIT_QOQ_SQ":-47.231694767885,"ROE_AVG_SQ":3.706927805798,"PE_TTM_SQ":23.881196364446,"PB_TTM_SQ":0.449925218231,"ROA_SQ":1.141723926983,"START_DATE":"2023-01-01 00:00:00","FISCAL_YEAR":"12-31","CURRENCY":"HKD","IS_CNY_CODE":0,"DPS_HKD_LY":0.055,"ORG_TYPE":"一般企业","PREMIUM_INCOME":null,"PREMIUM_INCOME_YOY":null,"NET_INTEREST_INCOME":null,"NET_INTEREST_INCOME_YOY":null,"FEE_COMMISSION_INCOME":null,"FEE_COMMISSION_INCOME_YOY":null,"ACCOUNTS_RECE_TDAYS":4.702404661509,"INVENTORY_TDAYS":9.911903322072,"CURRENT_ASSETS_TDAYS":1.335830058208,"TOTAL_ASSETS_TDAYS":0.768445622222,"PREMIUM_EXPENSE":null,"LOAN_DEPOSIT":null,"LOAN_EQUITY":null,"LOAN_ASSETS":null,"DEPOSIT_EQUITY":null,"DEPOSIT_ASSETS":null,"EQUITY_MULTIPLIER":2.199479259368,"EQUITY_RATIO":1.975072779712},{"SECUCODE":"00861.HK","SECURITY_CODE":"00861","SECURITY_NAME_ABBR":"神州控股","ORG_CODE":"10009132","STD_REPORT_DATE":"2023-06-30 00:00:00","REPORT_DATE":"2023-06-30 00:00:00","DATE_TYPE_CODE":"002","REPORT_TYPE":"2023年中报","PER_NETCASH_OPERATE":-0.448568766056,"PER_OI":3.989773859662,"BPS":4.938535805434,"BASIC_EPS":0.027,"DILUTED_EPS":0.0265,"OPERATE_INCOME":6677315000,"OPERATE_INCOME_YOY":-7.8857246439,"GROSS_PROFIT":1109105000,"GROSS_PROFIT_YOY":-13.841668563421,"HOLDER_PROFIT":40355000,"HOLDER_PROFIT_YOY":-78.7754951771,"GROSS_PROFIT_RATIO":16.610044606253,"EPS_TTM":0.095955001958,"OPERATE_INCOME_QOQ":-3.220465237655,"NET_PROFIT_RATIO":1.2081952102,"ROE_AVG":0.485412719293,"GROSS_PROFIT_QOQ":-6.060268005185,"ROA":0.166160191353,"HOLDER_PROFIT_QOQ":-48.258207945356,"ROE_YEARLY":0.970825438586,"ROIC_YEARLY":0.443344673293,"TOTAL_ASSETS":23805847000,"TOTAL_LIABILITIES":11521874000,"TAX_EBT":25.505097141169,"OCF_SALES":-11.24296217866,"TOTAL_PARENT_EQUITY":8265170000,"DEBT_ASSET_RATIO":48.3993449172,"OPERATE_PROFIT":821999000,"PRETAX_PROFIT":108296000,"NETCASH_OPERATE":-750728000,"NETCASH_INVEST":331900000,"NETCASH_FINANCE":-435306000,"END_CASH":1672651000,"DIVI_RATIO":0.661768523834,"DIVIDEND_RATE":1.960784313725,"CURRENT_RATIO":1.561417386652,"COMMON_ACS":2500000000,"CURRENTDEBT_DEBT":70.998684762566,"ISSUED_COMMON_SHARES":1673607386,"HK_COMMON_SHARES":1673607386,"PER_SHARES":1000,"TOTAL_MARKET_CAP":5974778368.02,"HKSK_MARKET_CAP":5974778368.02,"PE_TTM":-2.90690309676,"PB_TTM":0.879620836656,"REPORT_DATE_SQ":"2022-06-30 00:00:00","REPORT_TYPE_SQ":"2022年中报","OPERATE_INCOME_SQ":7248947000,"DPS_HKD":0.07,"OPERATE_INCOME_QOQ_SQ":1.237353848052,"NET_PROFIT_RATIO_SQ":3.6413485935,"HOLDER_PROFIT_SQ":190134000,"HOLDER_PROFIT_QOQ_SQ":1.096726092847,"ROE_AVG_SQ":2.442873149251,"PE_TTM_SQ":23.881196364446,"PB_TTM_SQ":0.449925218231,"ROA_SQ":0.762532586367,"START_DATE":"2023-01-01 00:00:00","FISCAL_YEAR":"12-31","CURRENCY":"HKD","IS_CNY_CODE":0,"DPS_HKD_LY":0.055,"ORG_TYPE":"一般企业","PREMIUM_INCOME":null,"PREMIUM_INCOME_YOY":null,"NET_INTEREST_INCOME":null,"NET_INTEREST_INCOME_YOY":null,"FEE_COMMISSION_INCOME":null,"FEE_COMMISSION_INCOME_YOY":null,"ACCOUNTS_RECE_TDAYS":1.835576197903,"INVENTORY_TDAYS":3.100029813279,"CURRENT_ASSETS_TDAYS":0.506155195841,"TOTAL_ASSETS_TDAYS":0.274935928169,"PREMIUM_EXPENSE":null,"LOAN_DEPOSIT":null,"LOAN_EQUITY":null,"LOAN_ASSETS":null,"DEPOSIT_EQUITY":null,"DEPOSIT_ASSETS":null,"EQUITY_MULTIPLIER":1.937959892942,"EQUITY_RATIO":1.39402746707},{"SECUCODE":"00861.HK","SECURITY_CODE":"00861","SECURITY_NAME_ABBR":"神州控股","ORG_CODE":"10009132","STD_REPORT_DATE":"2022-12-31 00:00:00","REPORT_DATE":"2022-12-31 00:00:00","DATE_TYPE_CODE":"001","REPORT_TYPE":"2022年年报","PER_NETCASH_OPERATE":0.314026458294,"PER_OI":10.605821979803,"BPS":4.996343867713,"BASIC_EPS":0.206,"DILUTED_EPS":0.2038,"OPERATE_INCOME":17749982000,"OPERATE_INCOME_YOY":3.7734096241,"GROSS_PROFIT":2940167000,"GROSS_PROFIT_YOY":-6.227899825192,"HOLDER_PROFIT":310370000,"HOLDER_PROFIT_YOY":-47.6048510713,"GROSS_PROFIT_RATIO":16.564337924399,"EPS_TTM":0.185449707378,"OPERATE_INCOME_QOQ":4.406425598844,"NET_PROFIT_RATIO":2.628149144,"ROE_AVG":3.706927805798,"GROSS_PROFIT_QOQ":-3.684637402679,"ROA":1.141723926983,"HOLDER_PROFIT_QOQ":-47.231694767885,"ROE_YEARLY":3.706927805798,"ROIC_YEARLY":1.536141759994,"TOTAL_ASSETS":24767761000,"TOTAL_LIABILITIES":12455290000,"TAX_EBT":6.851886240518,"OCF_SALES":2.960887509632,"TOTAL_PARENT_EQUITY":8361918000,"DEBT_ASSET_RATIO":50.2883163319,"OPERATE_PROFIT":1827728000,"PRETAX_PROFIT":500811000,"NETCASH_OPERATE":525557000,"NETCASH_INVEST":-47882000,"NETCASH_FINANCE":-249293000,"END_CASH":2522006000,"DIVI_RATIO":0.342410893485,"DIVIDEND_RATE":1.960784313725,"CURRENT_RATIO":1.467254705245,"COMMON_ACS":2500000000,"CURRENTDEBT_DEBT":74.481035768738,"ISSUED_COMMON_SHARES":1673607386,"HK_COMMON_SHARES":1673607386,"PER_SHARES":1000,"TOTAL_MARKET_CAP":5974778368.02,"HKSK_MARKET_CAP":5974778368.02,"PE_TTM":-2.90690309676,"PB_TTM":0.879620836656,"REPORT_DATE_SQ":"2021-12-31 00:00:00","REPORT_TYPE_SQ":"2021年年报","OPERATE_INCOME_SQ":17104557000,"DPS_HKD":0.07,"OPERATE_INCOME_QOQ_SQ":3.211661252309,"NET_PROFIT_RATIO_SQ":4.7404751634,"HOLDER_PROFIT_SQ":592364000,"HOLDER_PROFIT_QOQ_SQ":22.010795764354,"ROE_AVG_SQ":7.265097844631,"PE_TTM_SQ":23.881196364446,"PB_TTM_SQ":0.449925218231,"ROA_SQ":2.469854151195,"START_DATE":"2022-01-01 00:00:00","FISCAL_YEAR":"12-31","CURRENCY":"HKD","IS_CNY_CODE":0,"DPS_HKD_LY":0.153,"ORG_TYPE":"一般企业","PREMIUM_INCOME":null,"PREMIUM_INCOME_YOY":null,"NET_INTEREST_INCOME":null,"NET_INTEREST_INCOME_YOY":null,"FEE_COMMISSION_INCOME":null,"FEE_COMMISSION_INCOME_YOY":null,"ACCOUNTS_RECE_TDAYS":5.12157979112,"INVENTORY_TDAYS":5.905098184947,"CURRENT_ASSETS_TDAYS":1.202115020243,"TOTAL_ASSETS_TDAYS":0.652949033506,"PREMIUM_EXPENSE":null,"LOAN_DEPOSIT":null,"LOAN_EQUITY":null,"LOAN_ASSETS":null,"DEPOSIT_EQUITY":null,"DEPOSIT_ASSETS":null,"EQUITY_MULTIPLIER":2.011599540013,"EQUITY_RATIO":1.489525489248},{"SECUCODE":"00861.HK","SECURITY_CODE":"00861","SECURITY_NAME_ABBR":"神州控股","ORG_CODE":"10009132","STD_REPORT_DATE":"2022-06-30 00:00:00","REPORT_DATE":"2022-06-30 00:00:00","DATE_TYPE_CODE":"002","REPORT_TYPE":"2022年中报","PER_NETCASH_OPERATE":-0.274241605367,"PER_OI":4.331330669689,"BPS":4.992320773762,"BASIC_EPS":0.1258,"DILUTED_EPS":0.1247,"OPERATE_INCOME":7248947000,"OPERATE_INCOME_YOY":0.0991334414,"GROSS_PROFIT":1287287000,"GROSS_PROFIT_YOY":-4.226518000042,"HOLDER_PROFIT":190134000,"HOLDER_PROFIT_YOY":0.6856686177,"GROSS_PROFIT_RATIO":17.76164868029,"EPS_TTM":0.351441469577,"OPERATE_INCOME_QOQ":1.237353848052,"NET_PROFIT_RATIO":3.6413485935,"ROE_AVG":2.442873149251,"GROSS_PROFIT_QOQ":-0.824322021992,"ROA":0.762532586367,"HOLDER_PROFIT_QOQ":1.096726092847,"ROE_YEARLY":4.885746298502,"ROIC_YEARLY":2.019994375923,"TOTAL_ASSETS":24420883462.29,"TOTAL_LIABILITIES":12155203726.26,"TAX_EBT":7.991326243205,"OCF_SALES":-6.181825427943,"TOTAL_PARENT_EQUITY":8355184920.25,"DEBT_ASSET_RATIO":49.7738083269,"OPERATE_PROFIT":372409000,"PRETAX_PROFIT":294682000,"NETCASH_OPERATE":-438368000,"NETCASH_INVEST":139441000,"NETCASH_FINANCE":-129077000,"END_CASH":1868833000,"DIVI_RATIO":0.180684425422,"DIVIDEND_RATE":1.960784313725,"CURRENT_RATIO":1.464777384189,"COMMON_ACS":2500000000,"CURRENTDEBT_DEBT":73.724465566216,"ISSUED_COMMON_SHARES":1673607386,"HK_COMMON_SHARES":1673607386,"PER_SHARES":1000,"TOTAL_MARKET_CAP":5974778368.02,"HKSK_MARKET_CAP":5974778368.02,"PE_TTM":-2.90690309676,"PB_TTM":0.879620836656,"REPORT_DATE_SQ":"2021-06-30 00:00:00","REPORT_TYPE_SQ":"2021年中报","OPERATE_INCOME_SQ":7216761308.64,"DPS_HKD":0.07,"OPERATE_INCOME_QOQ_SQ":-2.460284949707,"NET_PROFIT_RATIO_SQ":3.5152824381,"HOLDER_PROFIT_SQ":183243153.84,"HOLDER_PROFIT_QOQ_SQ":-7.571553990956,"ROE_AVG_SQ":2.321716440073,"PE_TTM_SQ":23.881196364446,"PB_TTM_SQ":0.449925218231,"ROA_SQ":0.797041396004,"START_DATE":"2022-01-01 00:00:00","FISCAL_YEAR":"12-31","CURRENCY":"HKD","IS_CNY_CODE":0,"DPS_HKD_LY":0.153,"ORG_TYPE":"一般企业","PREMIUM_INCOME":null,"PREMIUM_INCOME_YOY":null,"NET_INTEREST_INCOME":null,"NET_INTEREST_INCOME_YOY":null,"FEE_COMMISSION_INCOME":null,"FEE_COMMISSION_INCOME_YOY":null,"ACCOUNTS_RECE_TDAYS":2.005301958662,"INVENTORY_TDAYS":2.547116914363,"CURRENT_ASSETS_TDAYS":0.55529686031,"TOTAL_ASSETS_TDAYS":0.298562769497,"PREMIUM_EXPENSE":null,"LOAN_DEPOSIT":null,"LOAN_EQUITY":null,"LOAN_ASSETS":null,"DEPOSIT_EQUITY":null,"DEPOSIT_ASSETS":null,"EQUITY_MULTIPLIER":1.990993078887,"EQUITY_RATIO":1.454809659185},{"SECUCODE":"00861.HK","SECURITY_CODE":"00861","SECURITY_NAME_ABBR":"神州控股","ORG_CODE":"10009132","STD_REPORT_DATE":"2021-12-31 00:00:00","REPORT_DATE":"2021-12-31 00:00:00","DATE_TYPE_CODE":"001","REPORT_TYPE":"2021年年报","PER_NETCASH_OPERATE":0.264158559852,"PER_OI":10.2206676531,"BPS":4.96317209537,"BASIC_EPS":0.3862,"DILUTED_EPS":0.3847,"OPERATE_INCOME":17104557000,"OPERATE_INCOME_YOY":3.6324428933,"GROSS_PROFIT":3135439000,"GROSS_PROFIT_YOY":10.91318812918,"HOLDER_PROFIT":592364000,"HOLDER_PROFIT_YOY":16.0885524577,"GROSS_PROFIT_RATIO":18.329108944442,"EPS_TTM":0.347645757884,"OPERATE_INCOME_QOQ":3.211661252309,"NET_PROFIT_RATIO":4.7404751634,"ROE_AVG":7.265097844631,"GROSS_PROFIT_QOQ":3.986566272476,"ROA":2.469854151195,"HOLDER_PROFIT_QOQ":22.010795764354,"ROE_YEARLY":7.265097844631,"ROIC_YEARLY":3.331157152844,"TOTAL_ASSETS":24451357000,"TOTAL_LIABILITIES":12167112000,"TAX_EBT":14.606425293646,"OCF_SALES":2.632493746184,"TOTAL_PARENT_EQUITY":8383485000,"DEBT_ASSET_RATIO":49.7739950398,"OPERATE_PROFIT":1159978000,"PRETAX_PROFIT":952081000,"NETCASH_OPERATE":452894000,"NETCASH_INVEST":28741000,"NETCASH_FINANCE":-783689000,"END_CASH":2295103000,"DIVI_RATIO":0.182657197909,"DIVIDEND_RATE":1.960784313725,"CURRENT_RATIO":1.460240243981,"COMMON_ACS":2500000000,"CURRENTDEBT_DEBT":73.995521698165,"ISSUED_COMMON_SHARES":1673607386,"HK_COMMON_SHARES":1673607386,"PER_SHARES":1000,"TOTAL_MARKET_CAP":5974778368.02,"HKSK_MARKET_CAP":5974778368.02,"PE_TTM":-2.90690309676,"PB_TTM":0.879620836656,"REPORT_DATE_SQ":"2020-12-31 00:00:00","REPORT_TYPE_SQ":"2020年年报","OPERATE_INCOME_SQ":16680906704.28,"DPS_HKD":0.07,"OPERATE_INCOME_QOQ_SQ":-0.993266181073,"NET_PROFIT_RATIO_SQ":4.8707115967,"HOLDER_PROFIT_SQ":515900070.8,"HOLDER_PROFIT_QOQ_SQ":4.760133394085,"ROE_AVG_SQ":6.67499720954,"PE_TTM_SQ":23.881196364446,"PB_TTM_SQ":0.449925218231,"ROA_SQ":2.288394104495,"START_DATE":"2021-01-01 00:00:00","FISCAL_YEAR":"12-31","CURRENCY":"HKD","IS_CNY_CODE":0,"DPS_HKD_LY":0.12,"ORG_TYPE":"一般企业","PREMIUM_INCOME":null,"PREMIUM_INCOME_YOY":null,"NET_INTEREST_INCOME":null,"NET_INTEREST_INCOME_YOY":null,"FEE_COMMISSION_INCOME":null,"FEE_COMMISSION_INCOME_YOY":null,"ACCOUNTS_RECE_TDAYS":5.016363946703,"INVENTORY_TDAYS":5.104082944436,"CURRENT_ASSETS_TDAYS":1.321445543737,"TOTAL_ASSETS_TDAYS":0.712905087555,"PREMIUM_EXPENSE":null,"LOAN_DEPOSIT":null,"LOAN_EQUITY":null,"LOAN_ASSETS":null,"DEPOSIT_EQUITY":null,"DEPOSIT_ASSETS":null,"EQUITY_MULTIPLIER":1.991000480314,"EQUITY_RATIO":1.451319111324},{"SECUCODE":"00861.HK","SECURITY_CODE":"00861","SECURITY_NAME_ABBR":"神州控股","ORG_CODE":"10009132","STD_REPORT_DATE":"2021-06-30 00:00:00","REPORT_DATE":"2021-06-30 00:00:00","DATE_TYPE_CODE":"002","REPORT_TYPE":"2021年中报","PER_NETCASH_OPERATE":-0.286769042717,"PER_OI":4.313400882712,"BPS":4.743560450754,"BASIC_EPS":0.118488192,"DILUTED_EPS":0.117905736,"OPERATE_INCOME":7216761308.64,"OPERATE_INCOME_YOY":3.8710389034,"GROSS_PROFIT":1344095435.52,"GROSS_PROFIT_YOY":10.989583266509,"HOLDER_PROFIT":183243153.84,"HOLDER_PROFIT_YOY":-9.511404399,"GROSS_PROFIT_RATIO":18.624634763946,"EPS_TTM":0.285002533252,"OPERATE_INCOME_QOQ":-2.460284949707,"NET_PROFIT_RATIO":3.5152824381,"ROE_AVG":2.321716440073,"GROSS_PROFIT_QOQ":4.707755966523,"ROA":0.797041396004,"HOLDER_PROFIT_QOQ":-7.571553990956,"ROE_YEARLY":4.643432880147,"ROIC_YEARLY":2.104373225412,"TOTAL_ASSETS":22665152764.08,"TOTAL_LIABILITIES":11032993882.8,"TAX_EBT":6.610469052002,"OCF_SALES":-6.648328094565,"TOTAL_PARENT_EQUITY":7938857806.32,"DEBT_ASSET_RATIO":48.6782242222,"OPERATE_PROFIT":334650094.8,"PRETAX_PROFIT":271646661.36,"NETCASH_OPERATE":-479793969.6,"NETCASH_INVEST":5940219.12,"NETCASH_FINANCE":-840494825.04,"END_CASH":1289550927.36,"DIVI_RATIO":0.222805037118,"DIVIDEND_RATE":1.960784313725,"CURRENT_RATIO":1.432474139903,"COMMON_ACS":2500000000,"CURRENTDEBT_DEBT":73.722736129133,"ISSUED_COMMON_SHARES":1673607386,"HK_COMMON_SHARES":1673607386,"PER_SHARES":1000,"TOTAL_MARKET_CAP":5974778368.02,"HKSK_MARKET_CAP":5974778368.02,"PE_TTM":-2.90690309676,"PB_TTM":0.879620836656,"REPORT_DATE_SQ":"2020-06-30 00:00:00","REPORT_TYPE_SQ":"2020年中报","OPERATE_INCOME_SQ":7627159145.76,"DPS_HKD":0.07,"OPERATE_INCOME_QOQ_SQ":6.09814805594,"NET_PROFIT_RATIO_SQ":4.1287656458,"HOLDER_PROFIT_SQ":222304806.24,"HOLDER_PROFIT_QOQ_SQ":82.131739519407,"ROE_AVG_SQ":2.733387386127,"PE_TTM_SQ":23.881196364446,"PB_TTM_SQ":0.449925218231,"ROA_SQ":0.966859580919,"START_DATE":"2021-01-01 00:00:00","FISCAL_YEAR":"12-31","CURRENCY":"HKD","IS_CNY_CODE":0,"DPS_HKD_LY":0.12,"ORG_TYPE":"一般企业","PREMIUM_INCOME":null,"PREMIUM_INCOME_YOY":null,"NET_INTEREST_INCOME":null,"NET_INTEREST_INCOME_YOY":null,"FEE_COMMISSION_INCOME":null,"FEE_COMMISSION_INCOME_YOY":null,"ACCOUNTS_RECE_TDAYS":2.232523958396,"INVENTORY_TDAYS":2.396548173399,"CURRENT_ASSETS_TDAYS":0.594674676607,"TOTAL_ASSETS_TDAYS":0.313902996512,"PREMIUM_EXPENSE":null,"LOAN_DEPOSIT":null,"LOAN_EQUITY":null,"LOAN_ASSETS":null,"DEPOSIT_EQUITY":null,"DEPOSIT_ASSETS":null,"EQUITY_MULTIPLIER":1.948490645237,"EQUITY_RATIO":1.389745748314},{"SECUCODE":"00861.HK","SECURITY_CODE":"00861","SECURITY_NAME_ABBR":"神州控股","ORG_CODE":"10009132","STD_REPORT_DATE":"2020-12-31 00:00:00","REPORT_DATE":"2020-12-31 00:00:00","DATE_TYPE_CODE":"001","REPORT_TYPE":"2020年年报","PER_NETCASH_OPERATE":0.576530091584,"PER_OI":9.973651943284,"BPS":4.742113053916,"BASIC_EPS":0.317634936,"DILUTED_EPS":0.316372476,"OPERATE_INCOME":16680906704.28,"OPERATE_INCOME_YOY":11.801474427,"GROSS_PROFIT":2826930731.04,"GROSS_PROFIT_YOY":0.033234894541,"HOLDER_PROFIT":515900070.8,"HOLDER_PROFIT_YOY":103.0750983952,"GROSS_PROFIT_RATIO":16.947104741703,"EPS_TTM":0.308460914919,"OPERATE_INCOME_QOQ":-0.993266181073,"NET_PROFIT_RATIO":4.8707115967,"ROE_AVG":6.67499720954,"GROSS_PROFIT_QOQ":-0.517567789519,"ROA":2.288394104495,"HOLDER_PROFIT_QOQ":4.760133394085,"ROE_YEARLY":6.67499720954,"ROIC_YEARLY":3.016345356855,"TOTAL_ASSETS":23583564982.6,"TOTAL_LIABILITIES":11998700106.12,"TAX_EBT":15.82725156295,"OCF_SALES":5.780531493007,"TOTAL_PARENT_EQUITY":7936435432.28,"DEBT_ASSET_RATIO":50.8773805613,"OPERATE_PROFIT":1195627892.52,"PRETAX_PROFIT":965251666.8,"NETCASH_OPERATE":964245065.36,"NETCASH_INVEST":1270699655.6,"NETCASH_FINANCE":-1292974499.84,"END_CASH":2589488095.88,"DIVI_RATIO":0.205860765267,"DIVIDEND_RATE":1.960784313725,"CURRENT_RATIO":1.400864040088,"COMMON_ACS":2500000000,"CURRENTDEBT_DEBT":75.942256679891,"ISSUED_COMMON_SHARES":1673607386,"HK_COMMON_SHARES":1673607386,"PER_SHARES":1000,"TOTAL_MARKET_CAP":5974778368.02,"HKSK_MARKET_CAP":5974778368.02,"PE_TTM":-2.90690309676,"PB_TTM":0.879620836656,"REPORT_DATE_SQ":"2019-12-31 00:00:00","REPORT_TYPE_SQ":"2019年年报","OPERATE_INCOME_SQ":15879876349.62,"DPS_HKD":0.07,"OPERATE_INCOME_QOQ_SQ":12.640643012027,"NET_PROFIT_RATIO_SQ":2.5394319729,"HOLDER_PROFIT_SQ":270385818.32,"HOLDER_PROFIT_QOQ_SQ":1769.75460646816,"ROE_AVG_SQ":3.394029021352,"PE_TTM_SQ":23.881196364446,"PB_TTM_SQ":0.449925218231,"ROA_SQ":1.182791095681,"START_DATE":"2020-01-01 00:00:00","FISCAL_YEAR":"12-31","CURRENCY":"HKD","IS_CNY_CODE":0,"DPS_HKD_LY":0.1,"ORG_TYPE":"一般企业","PREMIUM_INCOME":null,"PREMIUM_INCOME_YOY":null,"NET_INTEREST_INCOME":null,"NET_INTEREST_INCOME_YOY":null,"FEE_COMMISSION_INCOME":null,"FEE_COMMISSION_INCOME_YOY":null,"ACCOUNTS_RECE_TDAYS":4.40711287637,"INVENTORY_TDAYS":6.352323836056,"CURRENT_ASSETS_TDAYS":1.416520901615,"TOTAL_ASSETS_TDAYS":0.739920203936,"PREMIUM_EXPENSE":null,"LOAN_DEPOSIT":null,"LOAN_EQUITY":null,"LOAN_ASSETS":null,"DEPOSIT_EQUITY":null,"DEPOSIT_ASSETS":null,"EQUITY_MULTIPLIER":2.03572205926,"EQUITY_RATIO":1.511850024926},{"SECUCODE":"00861.HK","SECURITY_CODE":"00861","SECURITY_NAME_ABBR":"神州控股","ORG_CODE":"10009132","STD_REPORT_DATE":"2020-06-30 00:00:00","REPORT_DATE":"2020-06-30 00:00:00","DATE_TYPE_CODE":"002","REPORT_TYPE":"2020年中报","PER_NETCASH_OPERATE":-0.189505924722,"PER_OI":4.563313837961,"BPS":4.841635805831,"BASIC_EPS":0.135371808,"DILUTED_EPS":0.13518912,"OPERATE_INCOME":7627159145.76,"OPERATE_INCOME_YOY":10.3069584731,"GROSS_PROFIT":1211010435.36,"GROSS_PROFIT_YOY":1.308941994529,"HOLDER_PROFIT":222304806.24,"HOLDER_PROFIT_YOY":92085.9848484849,"GROSS_PROFIT_RATIO":15.877608061099,"EPS_TTM":0.294636857901,"OPERATE_INCOME_QOQ":6.09814805594,"NET_PROFIT_RATIO":4.1287656458,"ROE_AVG":2.733387386127,"GROSS_PROFIT_QOQ":0.553668292805,"ROA":0.966859580919,"HOLDER_PROFIT_QOQ":82.131739519407,"ROE_YEARLY":5.466774772253,"ROIC_YEARLY":2.470995593814,"TOTAL_ASSETS":22645523097.12,"TOTAL_LIABILITIES":11221415837.28,"TAX_EBT":9.334080228066,"OCF_SALES":-4.152813754464,"TOTAL_PARENT_EQUITY":8102997444.96,"DEBT_ASSET_RATIO":49.552469109,"OPERATE_PROFIT":465130042.08,"PRETAX_PROFIT":347327339.04,"NETCASH_OPERATE":-316741714.08,"NETCASH_INVEST":1001543114.88,"NETCASH_FINANCE":-746029284,"END_CASH":1637888350.56,"DIVI_RATIO":0.215519539722,"DIVIDEND_RATE":1.960784313725,"CURRENT_RATIO":1.301395740284,"COMMON_ACS":2500000000,"CURRENTDEBT_DEBT":78.150642742117,"ISSUED_COMMON_SHARES":1673607386,"HK_COMMON_SHARES":1673607386,"PER_SHARES":1000,"TOTAL_MARKET_CAP":5974778368.02,"HKSK_MARKET_CAP":5974778368.02,"PE_TTM":-2.90690309676,"PB_TTM":0.879620836656,"REPORT_DATE_SQ":"2019-06-30 00:00:00","REPORT_TYPE_SQ":"2019年中报","OPERATE_INCOME_SQ":6658780774.86,"DPS_HKD":0.07,"OPERATE_INCOME_QOQ_SQ":5.475306924147,"NET_PROFIT_RATIO_SQ":1.160280544,"HOLDER_PROFIT_SQ":232230.24,"HOLDER_PROFIT_QOQ_SQ":-88.966782080282,"ROE_AVG_SQ":0.002983584016,"PE_TTM_SQ":23.881196364446,"PB_TTM_SQ":0.449925218231,"ROA_SQ":0.001044114861,"START_DATE":"2020-01-01 00:00:00","FISCAL_YEAR":"12-31","CURRENCY":"HKD","IS_CNY_CODE":0,"DPS_HKD_LY":0.1,"ORG_TYPE":"一般企业","PREMIUM_INCOME":null,"PREMIUM_INCOME_YOY":null,"NET_INTEREST_INCOME":null,"NET_INTEREST_INCOME_YOY":null,"FEE_COMMISSION_INCOME":null,"FEE_COMMISSION_INCOME_YOY":null,"ACCOUNTS_RECE_TDAYS":1.644683657674,"INVENTORY_TDAYS":4.443415430902,"CURRENT_ASSETS_TDAYS":0.659785219516,"TOTAL_ASSETS_TDAYS":0.331724357201,"PREMIUM_EXPENSE":null,"LOAN_DEPOSIT":null,"LOAN_EQUITY":null,"LOAN_ASSETS":null,"DEPOSIT_EQUITY":null,"DEPOSIT_ASSETS":null,"EQUITY_MULTIPLIER":1.98225757007,"EQUITY_RATIO":1.384847510258}],"count":77},"success":true,"message":"ok","code":0}