{"version":"15b9b7b40fe5b6010898773eeea129e0","result":{"pages":5,"data":[{"SECUCODE":"00862.HK","SECURITY_CODE":"00862","SECURITY_NAME_ABBR":"远见控股","ORG_CODE":"10009133","STD_REPORT_DATE":"2023-12-31 00:00:00","REPORT_DATE":"2024-06-30 00:00:00","DATE_TYPE_CODE":"001","REPORT_TYPE":"2023年年报","PER_NETCASH_OPERATE":-0.010489263543,"PER_OI":0.122062234152,"BPS":0.045351761281,"BASIC_EPS":-0.013142592,"DILUTED_EPS":-0.013142592,"OPERATE_INCOME":478995455.64,"OPERATE_INCOME_YOY":30.96902349,"GROSS_PROFIT":78671190.64,"GROSS_PROFIT_YOY":1.488542550537,"HOLDER_PROFIT":-51536301.56,"HOLDER_PROFIT_YOY":-463.0371921428,"GROSS_PROFIT_RATIO":16.424203969719,"EPS_TTM":-0.007753007752,"OPERATE_INCOME_QOQ":18.772335527753,"NET_PROFIT_RATIO":-8.3477667709,"ROE_AVG":-25.293452334293,"GROSS_PROFIT_QOQ":11.762346785055,"ROA":-8.457568742928,"HOLDER_PROFIT_QOQ":-229.034293898959,"ROE_YEARLY":-25.293452334293,"ROIC_YEARLY":-10.222047631806,"TOTAL_ASSETS":640420254.56,"TOTAL_LIABILITIES":380090149.4,"TAX_EBT":-17.323657008195,"OCF_SALES":-8.593373384932,"TOTAL_PARENT_EQUITY":177968949.28,"DEBT_ASSET_RATIO":59.3501137251,"OPERATE_PROFIT":-25199094.8,"PRETAX_PROFIT":-34081296.56,"NETCASH_OPERATE":-41161868,"NETCASH_INVEST":-12513755.48,"NETCASH_FINANCE":69374632.16,"END_CASH":37746619.44,"DIVI_RATIO":null,"DIVIDEND_RATE":null,"CURRENT_RATIO":1.262496615218,"COMMON_ACS":20000000000,"CURRENTDEBT_DEBT":66.507785955265,"ISSUED_COMMON_SHARES":3924190467,"HK_COMMON_SHARES":3924190467,"PER_SHARES":5000,"TOTAL_MARKET_CAP":117725714.01,"HKSK_MARKET_CAP":117725714.01,"PE_TTM":-2.084858660988,"PB_TTM":0.603733994595,"REPORT_DATE_SQ":"2022-12-31 00:00:00","REPORT_TYPE_SQ":"2022年年报","OPERATE_INCOME_SQ":369458591.54,"DPS_HKD":null,"OPERATE_INCOME_QOQ_SQ":121.129545548528,"NET_PROFIT_RATIO_SQ":0.0970745378,"HOLDER_PROFIT_SQ":-9246537.42,"HOLDER_PROFIT_QOQ_SQ":13.259168886526,"ROE_AVG_SQ":-3.839932000008,"PE_TTM_SQ":-15.260088564463,"PB_TTM_SQ":0.60852499697,"ROA_SQ":-1.804325415459,"START_DATE":"2023-07-01 00:00:00","FISCAL_YEAR":"6-30","CURRENCY":"HKD","IS_CNY_CODE":0,"DPS_HKD_LY":null,"ORG_TYPE":"一般企业","PREMIUM_INCOME":null,"PREMIUM_INCOME_YOY":null,"NET_INTEREST_INCOME":null,"NET_INTEREST_INCOME_YOY":null,"FEE_COMMISSION_INCOME":null,"FEE_COMMISSION_INCOME_YOY":null,"ACCOUNTS_RECE_TDAYS":2.299727007024,"INVENTORY_TDAYS":500.427837992014,"CURRENT_ASSETS_TDAYS":1.76461213353,"TOTAL_ASSETS_TDAYS":0.786074450629,"PREMIUM_EXPENSE":null,"LOAN_DEPOSIT":null,"LOAN_EQUITY":null,"LOAN_ASSETS":null,"DEPOSIT_EQUITY":null,"DEPOSIT_ASSETS":null,"EQUITY_MULTIPLIER":2.460031482591,"EQUITY_RATIO":2.135710476112},{"SECUCODE":"00862.HK","SECURITY_CODE":"00862","SECURITY_NAME_ABBR":"远见控股","ORG_CODE":"10009133","STD_REPORT_DATE":"2023-06-30 00:00:00","REPORT_DATE":"2023-12-31 00:00:00","DATE_TYPE_CODE":"002","REPORT_TYPE":"2023年中报","PER_NETCASH_OPERATE":-0.004283321287,"PER_OI":0.055208150206,"BPS":0.051857100218,"BASIC_EPS":-0.006252918,"DILUTED_EPS":-0.006252918,"OPERATE_INCOME":216647296.74,"OPERATE_INCOME_YOY":44.9857480745,"GROSS_PROFIT":38085707.94,"GROSS_PROFIT_YOY":31.47577130935,"HOLDER_PROFIT":-24448003.16,"HOLDER_PROFIT_YOY":-636.9024856597,"GROSS_PROFIT_RATIO":17.579590658686,"EPS_TTM":-0.002356291698,"OPERATE_INCOME_QOQ":53.68648081191,"NET_PROFIT_RATIO":-8.9828374472,"ROE_AVG":-11.333984518596,"GROSS_PROFIT_QOQ":-51.690773617778,"ROA":-4.171689017578,"HOLDER_PROFIT_QOQ":66.80067431473,"ROE_YEARLY":-22.667969037191,"ROIC_YEARLY":-10.029583516507,"TOTAL_ASSETS":597902206.72,"TOTAL_LIABILITIES":315453369.56,"TAX_EBT":-16.972601993573,"OCF_SALES":-7.758494480627,"TOTAL_PARENT_EQUITY":203497138.32,"DEBT_ASSET_RATIO":52.7600276457,"OPERATE_PROFIT":-12837512.52,"PRETAX_PROFIT":-16637292.98,"NETCASH_OPERATE":-16808568.56,"NETCASH_INVEST":-10980667.74,"NETCASH_FINANCE":34309489.2,"END_CASH":28484307.04,"DIVI_RATIO":null,"DIVIDEND_RATE":null,"CURRENT_RATIO":1.258183502913,"COMMON_ACS":20000000000,"CURRENTDEBT_DEBT":64.486437727307,"ISSUED_COMMON_SHARES":3924190467,"HK_COMMON_SHARES":3924190467,"PER_SHARES":5000,"TOTAL_MARKET_CAP":78483809.34,"HKSK_MARKET_CAP":78483809.34,"PE_TTM":-1.389905773992,"PB_TTM":0.40248932973,"REPORT_DATE_SQ":"2022-06-30 00:00:00","REPORT_TYPE_SQ":"2022年中报","OPERATE_INCOME_SQ":147291290.3,"DPS_HKD":null,"OPERATE_INCOME_QOQ_SQ":182.140498452689,"NET_PROFIT_RATIO_SQ":0.029110316,"HOLDER_PROFIT_SQ":-3270261.47,"HOLDER_PROFIT_QOQ_SQ":-37.019919196486,"ROE_AVG_SQ":-1.367335581725,"PE_TTM_SQ":-12.912382631469,"PB_TTM_SQ":0.514905766667,"ROA_SQ":-0.675002950027,"START_DATE":"2023-07-01 00:00:00","FISCAL_YEAR":"6-30","CURRENCY":"HKD","IS_CNY_CODE":0,"DPS_HKD_LY":null,"ORG_TYPE":"一般企业","PREMIUM_INCOME":null,"PREMIUM_INCOME_YOY":null,"NET_INTEREST_INCOME":null,"NET_INTEREST_INCOME_YOY":null,"FEE_COMMISSION_INCOME":null,"FEE_COMMISSION_INCOME_YOY":null,"ACCOUNTS_RECE_TDAYS":1.11346212961,"INVENTORY_TDAYS":172.463894967177,"CURRENT_ASSETS_TDAYS":0.906272567539,"TOTAL_ASSETS_TDAYS":0.36967646911,"PREMIUM_EXPENSE":null,"LOAN_DEPOSIT":null,"LOAN_EQUITY":null,"LOAN_ASSETS":null,"DEPOSIT_EQUITY":null,"DEPOSIT_ASSETS":null,"EQUITY_MULTIPLIER":2.116851365831,"EQUITY_RATIO":1.550161207004},{"SECUCODE":"00862.HK","SECURITY_CODE":"00862","SECURITY_NAME_ABBR":"远见控股","ORG_CODE":"10009133","STD_REPORT_DATE":"2022-12-31 00:00:00","REPORT_DATE":"2023-06-30 00:00:00","DATE_TYPE_CODE":"001","REPORT_TYPE":"2022年年报","PER_NETCASH_OPERATE":-0.034680882828,"PER_OI":0.094148995735,"BPS":0.059089142071,"BASIC_EPS":-0.002397148,"DILUTED_EPS":-0.002397148,"OPERATE_INCOME":369458591.54,"OPERATE_INCOME_YOY":215.2271046711,"GROSS_PROFIT":77517312.46,"GROSS_PROFIT_YOY":162.506169625292,"HOLDER_PROFIT":-9246537.42,"HOLDER_PROFIT_YOY":73.2887657806,"GROSS_PROFIT_RATIO":20.981326252798,"EPS_TTM":-0.007097408305,"OPERATE_INCOME_QOQ":121.129545548528,"NET_PROFIT_RATIO":0.0970745378,"ROE_AVG":-3.839932000008,"GROSS_PROFIT_QOQ":443.387235283683,"ROA":-1.804325415459,"HOLDER_PROFIT_QOQ":13.259168886526,"ROE_YEARLY":-3.839932000008,"ROIC_YEARLY":-2.153530004799,"TOTAL_ASSETS":584174825.82,"TOTAL_LIABILITIES":283424949.82,"TAX_EBT":92.423061940008,"OCF_SALES":-36.83616862521,"TOTAL_PARENT_EQUITY":231877048.02,"DEBT_ASSET_RATIO":48.517145432,"OPERATE_PROFIT":11074823.76,"PRETAX_PROFIT":4733445.32,"NETCASH_OPERATE":-136094389.78,"NETCASH_INVEST":-7608178.96,"NETCASH_FINANCE":145211850,"END_CASH":22305462.14,"DIVI_RATIO":null,"DIVIDEND_RATE":null,"CURRENT_RATIO":1.221881635216,"COMMON_ACS":20000000000,"CURRENTDEBT_DEBT":65.266143801906,"ISSUED_COMMON_SHARES":3924190467,"HK_COMMON_SHARES":3924190467,"PER_SHARES":5000,"TOTAL_MARKET_CAP":78483809.34,"HKSK_MARKET_CAP":78483809.34,"PE_TTM":-1.389905773992,"PB_TTM":0.40248932973,"REPORT_DATE_SQ":"2021-12-31 00:00:00","REPORT_TYPE_SQ":"2021年年报","OPERATE_INCOME_SQ":108713463.18,"DPS_HKD":null,"OPERATE_INCOME_QOQ_SQ":-15.987557855956,"NET_PROFIT_RATIO_SQ":-29.5173140762,"HOLDER_PROFIT_SQ":-32108963.74,"HOLDER_PROFIT_QOQ_SQ":59.145112452628,"ROE_AVG_SQ":-13.170938761765,"PE_TTM_SQ":-12.912382631469,"PB_TTM_SQ":0.514905766667,"ROA_SQ":-7.703386978966,"START_DATE":"2022-07-01 00:00:00","FISCAL_YEAR":"6-30","CURRENCY":"HKD","IS_CNY_CODE":0,"DPS_HKD_LY":null,"ORG_TYPE":"一般企业","PREMIUM_INCOME":null,"PREMIUM_INCOME_YOY":null,"NET_INTEREST_INCOME":null,"NET_INTEREST_INCOME_YOY":null,"FEE_COMMISSION_INCOME":null,"FEE_COMMISSION_INCOME_YOY":null,"ACCOUNTS_RECE_TDAYS":3.332346520862,"INVENTORY_TDAYS":307.125121241513,"CURRENT_ASSETS_TDAYS":2.36245405211,"TOTAL_ASSETS_TDAYS":0.720943955987,"PREMIUM_EXPENSE":null,"LOAN_DEPOSIT":null,"LOAN_EQUITY":null,"LOAN_ASSETS":null,"DEPOSIT_EQUITY":null,"DEPOSIT_ASSETS":null,"EQUITY_MULTIPLIER":1.942394236666,"EQUITY_RATIO":1.222307046947},{"SECUCODE":"00862.HK","SECURITY_CODE":"00862","SECURITY_NAME_ABBR":"远见控股","ORG_CODE":"10009133","STD_REPORT_DATE":"2022-06-30 00:00:00","REPORT_DATE":"2022-12-31 00:00:00","DATE_TYPE_CODE":"002","REPORT_TYPE":"2022年中报","PER_NETCASH_OPERATE":-0.026812050632,"PER_OI":0.037534184831,"BPS":0.060240443166,"BASIC_EPS":-0.000803943,"DILUTED_EPS":-0.000803943,"OPERATE_INCOME":147291290.3,"OPERATE_INCOME_YOY":763.7959033999,"GROSS_PROFIT":28967852.83,"GROSS_PROFIT_YOY":253.138127910771,"HOLDER_PROFIT":-3270261.47,"HOLDER_PROFIT_YOY":60.2367763658,"GROSS_PROFIT_RATIO":94.461762387046,"EPS_TTM":-0.008182315311,"OPERATE_INCOME_QOQ":182.140498452689,"NET_PROFIT_RATIO":0.029110316,"ROE_AVG":-1.367335581725,"GROSS_PROFIT_QOQ":22.10136802886,"ROA":-0.675002950027,"HOLDER_PROFIT_QOQ":-37.019919196486,"ROE_YEARLY":-2.734671163449,"ROIC_YEARLY":-1.594085208013,"TOTAL_ASSETS":541931723.41,"TOTAL_LIABILITIES":246784596.17,"TAX_EBT":96.281951975213,"OCF_SALES":-71.433683061435,"TOTAL_PARENT_EQUITY":236394972.8,"DEBT_ASSET_RATIO":45.5379498025,"OPERATE_PROFIT":3646328.14,"PRETAX_PROFIT":1153211.57,"NETCASH_OPERATE":-105215593.49,"NETCASH_INVEST":-5876823.33,"NETCASH_FINANCE":108026714.18,"END_CASH":16928359.77,"DIVI_RATIO":null,"DIVIDEND_RATE":null,"CURRENT_RATIO":1.158131567784,"COMMON_ACS":20000000000,"CURRENTDEBT_DEBT":67.408812361775,"ISSUED_COMMON_SHARES":3924190467,"HK_COMMON_SHARES":3924190467,"PER_SHARES":5000,"TOTAL_MARKET_CAP":78483809.34,"HKSK_MARKET_CAP":78483809.34,"PE_TTM":-1.389905773992,"PB_TTM":0.40248932973,"REPORT_DATE_SQ":"2021-06-30 00:00:00","REPORT_TYPE_SQ":"2021年中报","OPERATE_INCOME_SQ":15607166.4,"DPS_HKD":null,"OPERATE_INCOME_QOQ_SQ":-11.691650535976,"NET_PROFIT_RATIO_SQ":-54.4030593536,"HOLDER_PROFIT_SQ":-7527643.2,"HOLDER_PROFIT_QOQ_SQ":52.871512713951,"ROE_AVG_SQ":-3.117988800707,"PE_TTM_SQ":-12.912382631469,"PB_TTM_SQ":0.514905766667,"ROA_SQ":-1.794978271931,"START_DATE":"2022-07-01 00:00:00","FISCAL_YEAR":"6-30","CURRENCY":"HKD","IS_CNY_CODE":0,"DPS_HKD_LY":null,"ORG_TYPE":"一般企业","PREMIUM_INCOME":null,"PREMIUM_INCOME_YOY":null,"NET_INTEREST_INCOME":null,"NET_INTEREST_INCOME_YOY":null,"FEE_COMMISSION_INCOME":null,"FEE_COMMISSION_INCOME_YOY":null,"ACCOUNTS_RECE_TDAYS":1.611127124565,"INVENTORY_TDAYS":2.686277393734,"CURRENT_ASSETS_TDAYS":1.064589439975,"TOTAL_ASSETS_TDAYS":0.304018673668,"PREMIUM_EXPENSE":null,"LOAN_DEPOSIT":null,"LOAN_EQUITY":null,"LOAN_ASSETS":null,"DEPOSIT_EQUITY":null,"DEPOSIT_ASSETS":null,"EQUITY_MULTIPLIER":1.836140939193,"EQUITY_RATIO":1.043950272068},{"SECUCODE":"00862.HK","SECURITY_CODE":"00862","SECURITY_NAME_ABBR":"远见控股","ORG_CODE":"10009133","STD_REPORT_DATE":"2021-12-31 00:00:00","REPORT_DATE":"2022-06-30 00:00:00","DATE_TYPE_CODE":"001","REPORT_TYPE":"2021年年报","PER_NETCASH_OPERATE":0.001266596084,"PER_OI":0.027703411466,"BPS":0.059026602864,"BASIC_EPS":-0.008209824,"DILUTED_EPS":-0.008209824,"OPERATE_INCOME":108713463.18,"OPERATE_INCOME_YOY":130.6277213353,"GROSS_PROFIT":29529710.7,"GROSS_PROFIT_YOY":1.19483415632,"HOLDER_PROFIT":-32108963.74,"HOLDER_PROFIT_YOY":45.5334087678,"GROSS_PROFIT_RATIO":27.162882899891,"EPS_TTM":-0.00597162468,"OPERATE_INCOME_QOQ":-15.987557855956,"NET_PROFIT_RATIO":-29.5173140762,"ROE_AVG":-13.170938761765,"GROSS_PROFIT_QOQ":-17.122276523224,"ROA":-7.703386978966,"HOLDER_PROFIT_QOQ":59.145112452628,"ROE_YEARLY":-13.170938761765,"ROIC_YEARLY":-9.080663261357,"TOTAL_ASSETS":408826145.07,"TOTAL_LIABILITIES":127188132.75,"TAX_EBT":-6.053109021936,"OCF_SALES":4.571985966237,"TOTAL_PARENT_EQUITY":231631632.26,"DEBT_ASSET_RATIO":31.1105672384,"OPERATE_PROFIT":-24050508.37,"PRETAX_PROFIT":-25925084.85,"NETCASH_OPERATE":4970364.28,"NETCASH_INVEST":-7465808.7,"NETCASH_FINANCE":-3657647.63,"END_CASH":19577864.67,"DIVI_RATIO":null,"DIVIDEND_RATE":null,"CURRENT_RATIO":0.646418290865,"COMMON_ACS":20000000000,"CURRENTDEBT_DEBT":97.871238863675,"ISSUED_COMMON_SHARES":3924190467,"HK_COMMON_SHARES":3924190467,"PER_SHARES":5000,"TOTAL_MARKET_CAP":78483809.34,"HKSK_MARKET_CAP":78483809.34,"PE_TTM":-1.389905773992,"PB_TTM":0.40248932973,"REPORT_DATE_SQ":"2020-12-31 00:00:00","REPORT_TYPE_SQ":"2020年年报","OPERATE_INCOME_SQ":45864249.6,"DPS_HKD":null,"OPERATE_INCOME_QOQ_SQ":-12.38443574406,"NET_PROFIT_RATIO_SQ":-128.6647314949,"HOLDER_PROFIT_SQ":-57358602.72,"HOLDER_PROFIT_QOQ_SQ":-22.996941526942,"ROE_AVG_SQ":-20.759845145902,"PE_TTM_SQ":-12.912382631469,"PB_TTM_SQ":0.514905766667,"ROA_SQ":-14.090549986049,"START_DATE":"2021-07-01 00:00:00","FISCAL_YEAR":"6-30","CURRENCY":"HKD","IS_CNY_CODE":0,"DPS_HKD_LY":null,"ORG_TYPE":"一般企业","PREMIUM_INCOME":null,"PREMIUM_INCOME_YOY":null,"NET_INTEREST_INCOME":null,"NET_INTEREST_INCOME_YOY":null,"FEE_COMMISSION_INCOME":null,"FEE_COMMISSION_INCOME_YOY":null,"ACCOUNTS_RECE_TDAYS":5.031744775174,"INVENTORY_TDAYS":1.957071747884,"CURRENT_ASSETS_TDAYS":1.0903476758,"TOTAL_ASSETS_TDAYS":0.26081871825,"PREMIUM_EXPENSE":null,"LOAN_DEPOSIT":null,"LOAN_EQUITY":null,"LOAN_ASSETS":null,"DEPOSIT_EQUITY":null,"DEPOSIT_ASSETS":null,"EQUITY_MULTIPLIER":1.451601442939,"EQUITY_RATIO":0.549096561247},{"SECUCODE":"00862.HK","SECURITY_CODE":"00862","SECURITY_NAME_ABBR":"远见控股","ORG_CODE":"10009133","STD_REPORT_DATE":"2021-06-30 00:00:00","REPORT_DATE":"2021-12-31 00:00:00","DATE_TYPE_CODE":"002","REPORT_TYPE":"2021年中报","PER_NETCASH_OPERATE":-0.00013667675,"PER_OI":0.00397716842,"BPS":0.060690519179,"BASIC_EPS":-0.00188048,"DILUTED_EPS":-0.00188048,"OPERATE_INCOME":15607166.4,"OPERATE_INCOME_YOY":-29.964044614,"GROSS_PROFIT":8202980.8,"GROSS_PROFIT_YOY":-37.853570110366,"HOLDER_PROFIT":-7527643.2,"HOLDER_PROFIT_YOY":81.3063428896,"GROSS_PROFIT_RATIO":52.559065430353,"EPS_TTM":-0.014616671439,"OPERATE_INCOME_QOQ":-11.691650535976,"NET_PROFIT_RATIO":-54.4030593536,"ROE_AVG":-3.117988800707,"GROSS_PROFIT_QOQ":-1.611855578292,"ROA":-1.794978271931,"HOLDER_PROFIT_QOQ":52.871512713951,"ROE_YEARLY":-6.235977601414,"ROIC_YEARLY":-4.200494095265,"TOTAL_ASSETS":432610964.8,"TOTAL_LIABILITIES":163945969.6,"TAX_EBT":0.246533127889,"OCF_SALES":-3.436534129603,"TOTAL_PARENT_EQUITY":238161156.8,"DEBT_ASSET_RATIO":37.8968595204,"OPERATE_PROFIT":-4020139.2,"PRETAX_PROFIT":-5306224,"NETCASH_OPERATE":-536345.6,"NETCASH_INVEST":-3620332.8,"NETCASH_FINANCE":15613707.2,"END_CASH":37051996.8,"DIVI_RATIO":null,"DIVIDEND_RATE":null,"CURRENT_RATIO":1.068459161805,"COMMON_ACS":20000000000,"CURRENTDEBT_DEBT":73.764343884182,"ISSUED_COMMON_SHARES":3924190467,"HK_COMMON_SHARES":3924190467,"PER_SHARES":5000,"TOTAL_MARKET_CAP":78483809.34,"HKSK_MARKET_CAP":78483809.34,"PE_TTM":-1.389905773992,"PB_TTM":0.40248932973,"REPORT_DATE_SQ":"2020-06-30 00:00:00","REPORT_TYPE_SQ":"2020年中报","OPERATE_INCOME_SQ":22939739.84,"DPS_HKD":null,"OPERATE_INCOME_QOQ_SQ":3.297155374765,"NET_PROFIT_RATIO_SQ":-183.6806574699,"HOLDER_PROFIT_SQ":-41452453.28,"HOLDER_PROFIT_QOQ_SQ":-86.997054634758,"ROE_AVG_SQ":-14.412569005602,"PE_TTM_SQ":-12.912382631469,"PB_TTM_SQ":0.514905766667,"ROA_SQ":-10.322672593841,"START_DATE":"2021-07-01 00:00:00","FISCAL_YEAR":"6-30","CURRENCY":"HKD","IS_CNY_CODE":0,"DPS_HKD_LY":null,"ORG_TYPE":"一般企业","PREMIUM_INCOME":null,"PREMIUM_INCOME_YOY":null,"NET_INTEREST_INCOME":null,"NET_INTEREST_INCOME_YOY":null,"FEE_COMMISSION_INCOME":null,"FEE_COMMISSION_INCOME_YOY":null,"ACCOUNTS_RECE_TDAYS":4.926193548387,"INVENTORY_TDAYS":0.095443359488,"CURRENT_ASSETS_TDAYS":0.128491808134,"TOTAL_ASSETS_TDAYS":0.037215531914,"PREMIUM_EXPENSE":null,"LOAN_DEPOSIT":null,"LOAN_EQUITY":null,"LOAN_ASSETS":null,"DEPOSIT_EQUITY":null,"DEPOSIT_ASSETS":null,"EQUITY_MULTIPLIER":1.610224526936,"EQUITY_RATIO":0.688382487736},{"SECUCODE":"00862.HK","SECURITY_CODE":"00862","SECURITY_NAME_ABBR":"远见控股","ORG_CODE":"10009133","STD_REPORT_DATE":"2020-12-31 00:00:00","REPORT_DATE":"2021-06-30 00:00:00","DATE_TYPE_CODE":"001","REPORT_TYPE":"2020年年报","PER_NETCASH_OPERATE":-0.005414406609,"PER_OI":0.0116875697,"BPS":0.063458923438,"BASIC_EPS":-0.014644608,"DILUTED_EPS":-0.014644608,"OPERATE_INCOME":45864249.6,"OPERATE_INCOME_YOY":-15.0627937437,"GROSS_PROFIT":29181045.6,"GROSS_PROFIT_YOY":-11.874654574916,"HOLDER_PROFIT":-57358602.72,"HOLDER_PROFIT_YOY":36.3654826084,"GROSS_PROFIT_RATIO":63.624818577649,"EPS_TTM":-0.031014514322,"OPERATE_INCOME_QOQ":-12.38443574406,"NET_PROFIT_RATIO":-128.6647314949,"ROE_AVG":-20.759845145902,"GROSS_PROFIT_QOQ":-10.430930532276,"ROA":-14.090549986049,"HOLDER_PROFIT_QOQ":-22.996941526942,"ROE_YEARLY":-20.759845145902,"ROIC_YEARLY":-15.888315747258,"TOTAL_ASSETS":413326587.12,"TOTAL_LIABILITIES":134628047.76,"TAX_EBT":-0.582379097312,"OCF_SALES":-46.326197387518,"TOTAL_PARENT_EQUITY":249024902.4,"DEBT_ASSET_RATIO":32.5718334981,"OPERATE_PROFIT":-40793554.08,"PRETAX_PROFIT":-42291298.08,"NETCASH_OPERATE":-21247162.8,"NETCASH_INVEST":-13264187.28,"NETCASH_FINANCE":46879387.2,"END_CASH":25643873.52,"DIVI_RATIO":null,"DIVIDEND_RATE":null,"CURRENT_RATIO":1.082988779618,"COMMON_ACS":20000000000,"CURRENTDEBT_DEBT":79.375390149385,"ISSUED_COMMON_SHARES":3924190467,"HK_COMMON_SHARES":3924190467,"PER_SHARES":5000,"TOTAL_MARKET_CAP":78483809.34,"HKSK_MARKET_CAP":78483809.34,"PE_TTM":-1.389905773992,"PB_TTM":0.40248932973,"REPORT_DATE_SQ":"2019-12-31 00:00:00","REPORT_TYPE_SQ":"2019年年报","OPERATE_INCOME_SQ":59277688.8,"DPS_HKD":null,"OPERATE_INCOME_QOQ_SQ":20.762884111522,"NET_PROFIT_RATIO_SQ":-169.7958240234,"HOLDER_PROFIT_SQ":-98951128.32,"HOLDER_PROFIT_QOQ_SQ":9.694927122834,"ROE_AVG_SQ":-26.489204710094,"PE_TTM_SQ":-12.912382631469,"PB_TTM_SQ":0.514905766667,"ROA_SQ":-21.634014339065,"START_DATE":"2020-07-01 00:00:00","FISCAL_YEAR":"6-30","CURRENCY":"HKD","IS_CNY_CODE":0,"DPS_HKD_LY":null,"ORG_TYPE":"一般企业","PREMIUM_INCOME":null,"PREMIUM_INCOME_YOY":null,"NET_INTEREST_INCOME":null,"NET_INTEREST_INCOME_YOY":null,"FEE_COMMISSION_INCOME":null,"FEE_COMMISSION_INCOME_YOY":null,"ACCOUNTS_RECE_TDAYS":10.672862813438,"INVENTORY_TDAYS":0.225668846444,"CURRENT_ASSETS_TDAYS":0.427132855211,"TOTAL_ASSETS_TDAYS":0.112668801351,"PREMIUM_EXPENSE":null,"LOAN_DEPOSIT":null,"LOAN_EQUITY":null,"LOAN_ASSETS":null,"DEPOSIT_EQUITY":null,"DEPOSIT_ASSETS":null,"EQUITY_MULTIPLIER":1.48305975363,"EQUITY_RATIO":0.540620823309},{"SECUCODE":"00862.HK","SECURITY_CODE":"00862","SECURITY_NAME_ABBR":"远见控股","ORG_CODE":"10009133","STD_REPORT_DATE":"2020-06-30 00:00:00","REPORT_DATE":"2020-12-31 00:00:00","DATE_TYPE_CODE":"002","REPORT_TYPE":"2020年中报","PER_NETCASH_OPERATE":-0.004794155401,"PER_OI":0.005845725388,"BPS":0.068338108319,"BASIC_EPS":-0.010604664,"DILUTED_EPS":-0.010604664,"OPERATE_INCOME":22939739.84,"OPERATE_INCOME_YOY":-19.3704886996,"GROSS_PROFIT":13199440.12,"GROSS_PROFIT_YOY":-20.740487369089,"HOLDER_PROFIT":-41452453.28,"HOLDER_PROFIT_YOY":-135.9716366424,"GROSS_PROFIT_RATIO":57.539624302906,"EPS_TTM":-0.025215679298,"OPERATE_INCOME_QOQ":3.297155374765,"NET_PROFIT_RATIO":-183.6806574699,"ROE_AVG":-14.412569005602,"GROSS_PROFIT_QOQ":3.158083773403,"ROA":-10.322672593841,"HOLDER_PROFIT_QOQ":-86.997054634758,"ROE_YEARLY":-28.825138011205,"ROIC_YEARLY":-22.93489548166,"TOTAL_ASSETS":397712773.8,"TOTAL_LIABILITIES":100441317.6,"TAX_EBT":-0.015982100048,"OCF_SALES":-82.011300264162,"TOTAL_PARENT_EQUITY":268171753.2,"DEBT_ASSET_RATIO":25.254737644,"OPERATE_PROFIT":-41467602.8,"PRETAX_PROFIT":-42129131.84,"NETCASH_OPERATE":-18162591.2,"NETCASH_INVEST":-10725860.16,"NETCASH_FINANCE":29305904.8,"END_CASH":13850027.84,"DIVI_RATIO":null,"DIVIDEND_RATE":null,"CURRENT_RATIO":1.134820929533,"COMMON_ACS":20000000000,"CURRENTDEBT_DEBT":97.448466566114,"ISSUED_COMMON_SHARES":3924190467,"HK_COMMON_SHARES":3924190467,"PER_SHARES":5000,"TOTAL_MARKET_CAP":78483809.34,"HKSK_MARKET_CAP":78483809.34,"PE_TTM":-1.389905773992,"PB_TTM":0.40248932973,"REPORT_DATE_SQ":"2019-06-30 00:00:00","REPORT_TYPE_SQ":"2019年中报","OPERATE_INCOME_SQ":30280947.12,"DPS_HKD":null,"OPERATE_INCOME_QOQ_SQ":36.164234129018,"NET_PROFIT_RATIO_SQ":-64.1995030174,"HOLDER_PROFIT_SQ":-18696720.16,"HOLDER_PROFIT_QOQ_SQ":-136.323037391849,"ROE_AVG_SQ":-4.71310827594,"PE_TTM_SQ":-12.912382631469,"PB_TTM_SQ":0.514905766667,"ROA_SQ":-3.942617462025,"START_DATE":"2020-07-01 00:00:00","FISCAL_YEAR":"6-30","CURRENCY":"HKD","IS_CNY_CODE":0,"DPS_HKD_LY":null,"ORG_TYPE":"一般企业","PREMIUM_INCOME":null,"PREMIUM_INCOME_YOY":null,"NET_INTEREST_INCOME":null,"NET_INTEREST_INCOME_YOY":null,"FEE_COMMISSION_INCOME":null,"FEE_COMMISSION_INCOME_YOY":null,"ACCOUNTS_RECE_TDAYS":5.065700213735,"INVENTORY_TDAYS":0.12937809527,"CURRENT_ASSETS_TDAYS":0.217194858595,"TOTAL_ASSETS_TDAYS":0.057125551088,"PREMIUM_EXPENSE":null,"LOAN_DEPOSIT":null,"LOAN_EQUITY":null,"LOAN_ASSETS":null,"DEPOSIT_EQUITY":null,"DEPOSIT_ASSETS":null,"EQUITY_MULTIPLIER":1.337877436616,"EQUITY_RATIO":0.374541003672},{"SECUCODE":"00862.HK","SECURITY_CODE":"00862","SECURITY_NAME_ABBR":"远见控股","ORG_CODE":"10009133","STD_REPORT_DATE":"2019-12-31 00:00:00","REPORT_DATE":"2020-06-30 00:00:00","DATE_TYPE_CODE":"001","REPORT_TYPE":"2019年年报","PER_NETCASH_OPERATE":-0.008922832827,"PER_OI":0.015105711432,"BPS":0.084921821344,"BASIC_EPS":-0.025210944,"DILUTED_EPS":-0.025210944,"OPERATE_INCOME":59277688.8,"OPERATE_INCOME_YOY":20.1314328027,"GROSS_PROFIT":33113113.44,"GROSS_PROFIT_YOY":22.516133174984,"HOLDER_PROFIT":-98951128.32,"HOLDER_PROFIT_YOY":-62.6229114437,"GROSS_PROFIT_RATIO":55.861006240851,"EPS_TTM":-0.01348453287,"OPERATE_INCOME_QOQ":20.762884111522,"NET_PROFIT_RATIO":-169.7958240234,"ROE_AVG":-26.489204710094,"GROSS_PROFIT_QOQ":18.765421664969,"ROA":-21.634014339065,"HOLDER_PROFIT_QOQ":9.694927122834,"ROE_YEARLY":-26.489204710094,"ROIC_YEARLY":-23.775144825195,"TOTAL_ASSETS":440007701.76,"TOTAL_LIABILITIES":80917082.4,"TAX_EBT":-0.413723971386,"OCF_SALES":-59.06926573696,"TOTAL_PARENT_EQUITY":333249401.76,"DEBT_ASSET_RATIO":18.3899241028,"OPERATE_PROFIT":-79759753.92,"PRETAX_PROFIT":-100236338.4,"NETCASH_OPERATE":-35014895.52,"NETCASH_INVEST":-19842657.12,"NETCASH_FINANCE":44983266.24,"END_CASH":14560233.6,"DIVI_RATIO":null,"DIVIDEND_RATE":null,"CURRENT_RATIO":1.389728378915,"COMMON_ACS":20000000000,"CURRENTDEBT_DEBT":96.668736242027,"ISSUED_COMMON_SHARES":3924190467,"HK_COMMON_SHARES":3924190467,"PER_SHARES":5000,"TOTAL_MARKET_CAP":78483809.34,"HKSK_MARKET_CAP":78483809.34,"PE_TTM":-1.389905773992,"PB_TTM":0.40248932973,"REPORT_DATE_SQ":"2018-12-31 00:00:00","REPORT_TYPE_SQ":"2018年年报","OPERATE_INCOME_SQ":47519233.2,"DPS_HKD":null,"OPERATE_INCOME_QOQ_SQ":36.367650245664,"NET_PROFIT_RATIO_SQ":-179.8593113662,"HOLDER_PROFIT_SQ":-58596791.58,"HOLDER_PROFIT_QOQ_SQ":-399.516966137015,"ROE_AVG_SQ":-13.757985199627,"PE_TTM_SQ":-12.912382631469,"PB_TTM_SQ":0.514905766667,"ROA_SQ":-12.123699481931,"START_DATE":"2019-07-01 00:00:00","FISCAL_YEAR":"6-30","CURRENCY":"HKD","IS_CNY_CODE":0,"DPS_HKD_LY":null,"ORG_TYPE":"一般企业","PREMIUM_INCOME":null,"PREMIUM_INCOME_YOY":null,"NET_INTEREST_INCOME":null,"NET_INTEREST_INCOME_YOY":null,"FEE_COMMISSION_INCOME":null,"FEE_COMMISSION_INCOME_YOY":null,"ACCOUNTS_RECE_TDAYS":8.064496085498,"INVENTORY_TDAYS":0.340167803766,"CURRENT_ASSETS_TDAYS":0.506264432378,"TOTAL_ASSETS_TDAYS":0.129600782857,"PREMIUM_EXPENSE":null,"LOAN_DEPOSIT":null,"LOAN_EQUITY":null,"LOAN_ASSETS":null,"DEPOSIT_EQUITY":null,"DEPOSIT_ASSETS":null,"EQUITY_MULTIPLIER":1.225338892295,"EQUITY_RATIO":0.242812386077}],"count":45},"success":true,"message":"ok","code":0}