{"version":"91c09f8118e4d5447a5e2f107d3da17f","result":{"pages":6,"data":[{"SECUCODE":"00860.HK","SECURITY_CODE":"00860","SECURITY_NAME_ABBR":"APOLLO出行","ORG_CODE":"10009131","STD_REPORT_DATE":"2024-06-30 00:00:00","REPORT_DATE":"2024-06-30 00:00:00","DATE_TYPE_CODE":"002","REPORT_TYPE":"2024年中报","PER_NETCASH_OPERATE":-0.004097266368,"PER_OI":0.112683751639,"BPS":2.856102623289,"BASIC_EPS":-0.457617752,"DILUTED_EPS":-0.469208788,"OPERATE_INCOME":115212159.8,"OPERATE_INCOME_YOY":-1.0472599572,"GROSS_PROFIT":11235090.8,"GROSS_PROFIT_YOY":-44.027241772579,"HOLDER_PROFIT":-313269195.88,"HOLDER_PROFIT_YOY":-343.4409074466,"GROSS_PROFIT_RATIO":9.751653661821,"EPS_TTM":-0.99931555138,"OPERATE_INCOME_QOQ":-0.950782889902,"NET_PROFIT_RATIO":-275.593139779,"ROE_AVG":-10.460219041054,"GROSS_PROFIT_QOQ":-15.44311804209,"ROA":-8.92275189823,"HOLDER_PROFIT_QOQ":-31.019966732339,"ROE_YEARLY":-20.920438082108,"ROIC_YEARLY":-18.383332936111,"TOTAL_ASSETS":3444403209.92,"TOTAL_LIABILITIES":540781153.6,"TAX_EBT":0.203955181494,"OCF_SALES":-3.636075573335,"TOTAL_PARENT_EQUITY":2920188111,"DEBT_ASSET_RATIO":15.7002859608,"OPERATE_PROFIT":-41484044.04,"PRETAX_PROFIT":-318165724.08,"NETCASH_OPERATE":-4189201.2,"NETCASH_INVEST":26832792,"NETCASH_FINANCE":100509797.68,"END_CASH":180250649.28,"DIVI_RATIO":null,"DIVIDEND_RATE":null,"CURRENT_RATIO":1.622744074799,"COMMON_ACS":200000000000,"CURRENTDEBT_DEBT":90.812630797273,"ISSUED_COMMON_SHARES":1022438090,"HK_COMMON_SHARES":1022438090,"PER_SHARES":4000,"TOTAL_MARKET_CAP":552116568.6,"HKSK_MARKET_CAP":552116568.6,"PE_TTM":-0.490172490616,"PB_TTM":0.172559345726,"REPORT_DATE_SQ":"2023-06-30 00:00:00","REPORT_TYPE_SQ":"2023年中报","OPERATE_INCOME_SQ":117617910.58,"DPS_HKD":null,"OPERATE_INCOME_QOQ_SQ":-41.374017818751,"NET_PROFIT_RATIO_SQ":-64.6212697243,"HOLDER_PROFIT_SQ":-71364939.92,"HOLDER_PROFIT_QOQ_SQ":-222.291282562766,"ROE_AVG_SQ":-1.845202429582,"PE_TTM_SQ":-6.995815554845,"PB_TTM_SQ":0.077104606155,"ROA_SQ":-1.648070584876,"START_DATE":"2024-01-01 00:00:00","FISCAL_YEAR":"12-31","CURRENCY":"HKD","IS_CNY_CODE":0,"DPS_HKD_LY":null,"ORG_TYPE":"一般企业","PREMIUM_INCOME":null,"PREMIUM_INCOME_YOY":null,"NET_INTEREST_INCOME":null,"NET_INTEREST_INCOME_YOY":null,"FEE_COMMISSION_INCOME":null,"FEE_COMMISSION_INCOME_YOY":null,"ACCOUNTS_RECE_TDAYS":30.583888552392,"INVENTORY_TDAYS":1.383886543776,"CURRENT_ASSETS_TDAYS":0.158535796613,"TOTAL_ASSETS_TDAYS":0.032815531532,"PREMIUM_EXPENSE":null,"LOAN_DEPOSIT":null,"LOAN_EQUITY":null,"LOAN_ASSETS":null,"DEPOSIT_EQUITY":null,"DEPOSIT_ASSETS":null,"EQUITY_MULTIPLIER":1.186243644356,"EQUITY_RATIO":0.185187095161},{"SECUCODE":"00860.HK","SECURITY_CODE":"00860","SECURITY_NAME_ABBR":"APOLLO出行","ORG_CODE":"10009131","STD_REPORT_DATE":"2023-12-31 00:00:00","REPORT_DATE":"2023-12-31 00:00:00","DATE_TYPE_CODE":"001","REPORT_TYPE":"2023年年报","PER_NETCASH_OPERATE":-0.054602659603,"PER_OI":0.526424239345,"BPS":2.980924629735,"BASIC_EPS":-1.6221338,"DILUTED_EPS":-1.65747638,"OPERATE_INCOME":253028404.86,"OPERATE_INCOME_YOY":-59.530007566,"GROSS_PROFIT":57225074.34,"GROSS_PROFIT_YOY":-61.286106459309,"HOLDER_PROFIT":-779834027.7,"HOLDER_PROFIT_YOY":-2375.2835726184,"GROSS_PROFIT_RATIO":22.616067303457,"EPS_TTM":-1.622440512458,"OPERATE_INCOME_QOQ":-30.833329100494,"NET_PROFIT_RATIO":-311.2233312919,"ROE_AVG":-22.531046021161,"GROSS_PROFIT_QOQ":-3.767547953063,"ROA":-20.278880410962,"HOLDER_PROFIT_QOQ":-1764.20604894119,"ROE_YEARLY":-22.531046021161,"ROIC_YEARLY":-20.678195603449,"TOTAL_ASSETS":3552082441.18,"TOTAL_LIABILITIES":523987278.64,"TAX_EBT":-0.123400602601,"OCF_SALES":-10.372368048766,"TOTAL_PARENT_EQUITY":3047810884.86,"DEBT_ASSET_RATIO":14.7515517254,"OPERATE_PROFIT":-660425949.4,"PRETAX_PROFIT":-786512869.1,"NETCASH_OPERATE":-26245037.42,"NETCASH_INVEST":120989432.2,"NETCASH_FINANCE":-109676181.72,"END_CASH":58259977.58,"DIVI_RATIO":null,"DIVIDEND_RATE":null,"CURRENT_RATIO":1.370816365033,"COMMON_ACS":200000000000,"CURRENTDEBT_DEBT":90.754429171307,"ISSUED_COMMON_SHARES":1022438090,"HK_COMMON_SHARES":1022438090,"PER_SHARES":4000,"TOTAL_MARKET_CAP":500994664.1,"HKSK_MARKET_CAP":500994664.1,"PE_TTM":-0.444786148892,"PB_TTM":0.156581628529,"REPORT_DATE_SQ":"2022-12-31 00:00:00","REPORT_TYPE_SQ":"2022年年报","OPERATE_INCOME_SQ":623996671.44,"DPS_HKD":null,"OPERATE_INCOME_QOQ_SQ":0,"NET_PROFIT_RATIO_SQ":6.0729701446,"HOLDER_PROFIT_SQ":34206825.24,"HOLDER_PROFIT_QOQ_SQ":0,"ROE_AVG_SQ":0.998210552987,"PE_TTM_SQ":-7.63179879663,"PB_TTM_SQ":0.084114115911,"ROA_SQ":0.783936077942,"START_DATE":"2023-01-01 00:00:00","FISCAL_YEAR":"12-31","CURRENCY":"HKD","IS_CNY_CODE":0,"DPS_HKD_LY":null,"ORG_TYPE":"一般企业","PREMIUM_INCOME":null,"PREMIUM_INCOME_YOY":null,"NET_INTEREST_INCOME":null,"NET_INTEREST_INCOME_YOY":null,"FEE_COMMISSION_INCOME":null,"FEE_COMMISSION_INCOME_YOY":null,"ACCOUNTS_RECE_TDAYS":13.525468065008,"INVENTORY_TDAYS":2.204620125298,"CURRENT_ASSETS_TDAYS":0.294258898889,"TOTAL_ASSETS_TDAYS":0.065797754143,"PREMIUM_EXPENSE":null,"LOAN_DEPOSIT":null,"LOAN_EQUITY":null,"LOAN_ASSETS":null,"DEPOSIT_EQUITY":null,"DEPOSIT_ASSETS":null,"EQUITY_MULTIPLIER":1.173041879635,"EQUITY_RATIO":0.171922503868},{"SECUCODE":"00860.HK","SECURITY_CODE":"00860","SECURITY_NAME_ABBR":"APOLLO出行","ORG_CODE":"10009131","STD_REPORT_DATE":"2023-06-30 00:00:00","REPORT_DATE":"2023-06-30 00:00:00","DATE_TYPE_CODE":"002","REPORT_TYPE":"2023年中报","PER_NETCASH_OPERATE":-0.002867095343,"PER_OI":0.012235171607,"BPS":3.71006476666,"BASIC_EPS":-0.14843878,"DILUTED_EPS":-0.170197508,"OPERATE_INCOME":117617910.58,"OPERATE_INCOME_YOY":-72.4683346246,"GROSS_PROFIT":20072426.58,"GROSS_PROFIT_YOY":-81.48681066851,"HOLDER_PROFIT":-71364939.92,"HOLDER_PROFIT_YOY":-1443.1199028284,"GROSS_PROFIT_RATIO":17.065790814527,"EPS_TTM":-0.004351558973,"OPERATE_INCOME_QOQ":-41.374017818751,"NET_PROFIT_RATIO":-64.6212697243,"ROE_AVG":-1.845202429582,"GROSS_PROFIT_QOQ":-59.770438436082,"ROA":-1.648070584876,"HOLDER_PROFIT_QOQ":-222.291282562766,"ROE_YEARLY":-3.690404859163,"ROIC_YEARLY":-3.37614358773,"TOTAL_ASSETS":4449428459.02,"TOTAL_LIABILITIES":670845555.72,"TAX_EBT":5.589848715629,"OCF_SALES":-23.43322541957,"TOTAL_PARENT_EQUITY":3793311533.8,"DEBT_ASSET_RATIO":15.0771174747,"OPERATE_PROFIT":-73349962.86,"PRETAX_PROFIT":-80506371.62,"NETCASH_OPERATE":-27561670.12,"NETCASH_INVEST":86640304.56,"NETCASH_FINANCE":-12919705.74,"END_CASH":119121659.96,"DIVI_RATIO":null,"DIVIDEND_RATE":null,"CURRENT_RATIO":1.859904595264,"COMMON_ACS":200000000000,"CURRENTDEBT_DEBT":93.549464413824,"ISSUED_COMMON_SHARES":1022438090,"HK_COMMON_SHARES":1022438090,"PER_SHARES":4000,"TOTAL_MARKET_CAP":500994664.1,"HKSK_MARKET_CAP":500994664.1,"PE_TTM":-0.444786148892,"PB_TTM":0.156581628529,"REPORT_DATE_SQ":"2022-06-30 00:00:00","REPORT_TYPE_SQ":"2022年中报","OPERATE_INCOME_SQ":375790404.61,"DPS_HKD":null,"OPERATE_INCOME_QOQ_SQ":0,"NET_PROFIT_RATIO_SQ":2.0206707082,"HOLDER_PROFIT_SQ":4673850.63,"HOLDER_PROFIT_QOQ_SQ":0,"ROE_AVG_SQ":0.15870863004,"PE_TTM_SQ":-7.63179879663,"PB_TTM_SQ":0.084114115911,"ROA_SQ":0.113084491854,"START_DATE":"2023-01-01 00:00:00","FISCAL_YEAR":"12-31","CURRENCY":"HKD","IS_CNY_CODE":0,"DPS_HKD_LY":null,"ORG_TYPE":"一般企业","PREMIUM_INCOME":null,"PREMIUM_INCOME_YOY":null,"NET_INTEREST_INCOME":null,"NET_INTEREST_INCOME_YOY":null,"FEE_COMMISSION_INCOME":null,"FEE_COMMISSION_INCOME_YOY":null,"ACCOUNTS_RECE_TDAYS":5.525304805423,"INVENTORY_TDAYS":0.950895846347,"CURRENT_ASSETS_TDAYS":0.104378384017,"TOTAL_ASSETS_TDAYS":0.027162163788,"PREMIUM_EXPENSE":null,"LOAN_DEPOSIT":null,"LOAN_EQUITY":null,"LOAN_ASSETS":null,"DEPOSIT_EQUITY":null,"DEPOSIT_ASSETS":null,"EQUITY_MULTIPLIER":1.177538927393,"EQUITY_RATIO":0.176849581096},{"SECUCODE":"00860.HK","SECURITY_CODE":"00860","SECURITY_NAME_ABBR":"APOLLO出行","ORG_CODE":"10009131","STD_REPORT_DATE":"2022-12-31 00:00:00","REPORT_DATE":"2022-09-30 00:00:00","DATE_TYPE_CODE":"001","REPORT_TYPE":"2022年年报","PER_NETCASH_OPERATE":null,"PER_OI":0.064889297115,"BPS":3.466769650297,"BASIC_EPS":0.004160424,"DILUTED_EPS":-0.006602412,"OPERATE_INCOME":623996671.44,"OPERATE_INCOME_YOY":30.5296097503,"GROSS_PROFIT":147815342.52,"GROSS_PROFIT_YOY":34.924575107337,"HOLDER_PROFIT":34206825.24,"HOLDER_PROFIT_YOY":110.8187042498,"GROSS_PROFIT_RATIO":23.688482532909,"EPS_TTM":0.003558355822,"OPERATE_INCOME_QOQ":0,"NET_PROFIT_RATIO":6.0729701446,"ROE_AVG":0.998210552987,"GROSS_PROFIT_QOQ":0,"ROA":0.783936077942,"HOLDER_PROFIT_QOQ":0,"ROE_YEARLY":0.998210552987,"ROIC_YEARLY":0.804984386015,"TOTAL_ASSETS":4407241430.83,"TOTAL_LIABILITIES":601209120.61,"TAX_EBT":-6.958874735149,"OCF_SALES":null,"TOTAL_PARENT_EQUITY":3819128541.69,"DEBT_ASSET_RATIO":14.5020797673,"OPERATE_PROFIT":110164409.76,"PRETAX_PROFIT":35429628.12,"NETCASH_OPERATE":null,"NETCASH_INVEST":null,"NETCASH_FINANCE":null,"END_CASH":null,"DIVI_RATIO":null,"DIVIDEND_RATE":null,"CURRENT_RATIO":2.038992544093,"COMMON_ACS":200000000000,"CURRENTDEBT_DEBT":91.954005910469,"ISSUED_COMMON_SHARES":1022438090,"HK_COMMON_SHARES":1022438090,"PER_SHARES":4000,"TOTAL_MARKET_CAP":500994664.1,"HKSK_MARKET_CAP":500994664.1,"PE_TTM":-0.444786148892,"PB_TTM":0.156581628529,"REPORT_DATE_SQ":"2021-12-31 00:00:00","REPORT_TYPE_SQ":"2021年年报","OPERATE_INCOME_SQ":440321360.54,"DPS_HKD":null,"OPERATE_INCOME_QOQ_SQ":0,"NET_PROFIT_RATIO_SQ":-67.987301323,"HOLDER_PROFIT_SQ":-291228612.34,"HOLDER_PROFIT_QOQ_SQ":0,"ROE_AVG_SQ":-9.622741433536,"PE_TTM_SQ":-7.63179879663,"PB_TTM_SQ":0.084114115911,"ROA_SQ":-6.723167280685,"START_DATE":"2021-10-01 00:00:00","FISCAL_YEAR":"9-30","CURRENCY":"HKD","IS_CNY_CODE":0,"DPS_HKD_LY":null,"ORG_TYPE":"一般企业","PREMIUM_INCOME":null,"PREMIUM_INCOME_YOY":null,"NET_INTEREST_INCOME":null,"NET_INTEREST_INCOME_YOY":null,"FEE_COMMISSION_INCOME":null,"FEE_COMMISSION_INCOME_YOY":null,"ACCOUNTS_RECE_TDAYS":14.737914681819,"INVENTORY_TDAYS":3.587772110408,"CURRENT_ASSETS_TDAYS":0.549681827561,"TOTAL_ASSETS_TDAYS":0.143004648875,"PREMIUM_EXPENSE":null,"LOAN_DEPOSIT":null,"LOAN_EQUITY":null,"LOAN_ASSETS":null,"DEPOSIT_EQUITY":null,"DEPOSIT_ASSETS":null,"EQUITY_MULTIPLIER":1.169619093983,"EQUITY_RATIO":0.157420498956},{"SECUCODE":"00860.HK","SECURITY_CODE":"00860","SECURITY_NAME_ABBR":"APOLLO出行","ORG_CODE":"10009131","STD_REPORT_DATE":"2022-06-30 00:00:00","REPORT_DATE":"2022-03-31 00:00:00","DATE_TYPE_CODE":"002","REPORT_TYPE":"2022年中报","PER_NETCASH_OPERATE":0.009122497186,"PER_OI":0.04707504392,"BPS":2.85847212977,"BASIC_EPS":0.000567707,"DILUTED_EPS":0.000081101,"OPERATE_INCOME":375790404.61,"OPERATE_INCOME_YOY":92.2021735523,"GROSS_PROFIT":108422304.88,"GROSS_PROFIT_YOY":109.72598525385,"HOLDER_PROFIT":4673850.63,"HOLDER_PROFIT_YOY":102.8555431131,"GROSS_PROFIT_RATIO":28.851802374391,"EPS_TTM":-0.014529025339,"OPERATE_INCOME_QOQ":0,"NET_PROFIT_RATIO":2.0206707082,"ROE_AVG":0.15870863004,"GROSS_PROFIT_QOQ":0,"ROA":0.113084491854,"HOLDER_PROFIT_QOQ":0,"ROE_YEARLY":0.31741726008,"ROIC_YEARLY":0.234635817261,"TOTAL_ASSETS":4144841783.16,"TOTAL_LIABILITIES":1234272874.96,"TAX_EBT":-418.151632540122,"OCF_SALES":19.378627031623,"TOTAL_PARENT_EQUITY":2922610784.68,"DEBT_ASSET_RATIO":29.7785280967,"OPERATE_PROFIT":9289308.54,"PRETAX_PROFIT":1465495.07,"NETCASH_OPERATE":72823020.93,"NETCASH_INVEST":-78688245.25,"NETCASH_FINANCE":89052142.04,"END_CASH":204132839.02,"DIVI_RATIO":null,"DIVIDEND_RATE":null,"CURRENT_RATIO":1.048791477654,"COMMON_ACS":200000000000,"CURRENTDEBT_DEBT":90.55888181584,"ISSUED_COMMON_SHARES":1022438090,"HK_COMMON_SHARES":1022438090,"PER_SHARES":4000,"TOTAL_MARKET_CAP":500994664.1,"HKSK_MARKET_CAP":500994664.1,"PE_TTM":-0.444786148892,"PB_TTM":0.156581628529,"REPORT_DATE_SQ":"2021-06-30 00:00:00","REPORT_TYPE_SQ":"2021年中报","OPERATE_INCOME_SQ":203755994.4,"DPS_HKD":null,"OPERATE_INCOME_QOQ_SQ":0,"NET_PROFIT_RATIO_SQ":-86.0075493612,"HOLDER_PROFIT_SQ":-170572537.24,"HOLDER_PROFIT_QOQ_SQ":0,"ROE_AVG_SQ":-5.41896867267,"PE_TTM_SQ":-7.63179879663,"PB_TTM_SQ":0.084114115911,"ROA_SQ":-3.638742917435,"START_DATE":"2021-10-01 00:00:00","FISCAL_YEAR":"9-30","CURRENCY":"HKD","IS_CNY_CODE":0,"DPS_HKD_LY":null,"ORG_TYPE":"一般企业","PREMIUM_INCOME":null,"PREMIUM_INCOME_YOY":null,"NET_INTEREST_INCOME":null,"NET_INTEREST_INCOME_YOY":null,"FEE_COMMISSION_INCOME":null,"FEE_COMMISSION_INCOME_YOY":null,"ACCOUNTS_RECE_TDAYS":5.776956307623,"INVENTORY_TDAYS":1.884852764191,"CURRENT_ASSETS_TDAYS":0.333673227635,"TOTAL_ASSETS_TDAYS":0.090923031806,"PREMIUM_EXPENSE":null,"LOAN_DEPOSIT":null,"LOAN_EQUITY":null,"LOAN_ASSETS":null,"DEPOSIT_EQUITY":null,"DEPOSIT_ASSETS":null,"EQUITY_MULTIPLIER":1.424065848943,"EQUITY_RATIO":0.422318593167},{"SECUCODE":"00860.HK","SECURITY_CODE":"00860","SECURITY_NAME_ABBR":"APOLLO出行","ORG_CODE":"10009131","STD_REPORT_DATE":"2021-12-31 00:00:00","REPORT_DATE":"2021-09-30 00:00:00","DATE_TYPE_CODE":"001","REPORT_TYPE":"2021年年报","PER_NETCASH_OPERATE":-0.029400167172,"PER_OI":0.055158798979,"BPS":2.981025602068,"BASIC_EPS":-0.037571006,"DILUTED_EPS":-0.04206953,"OPERATE_INCOME":440321360.54,"OPERATE_INCOME_YOY":47.7639395591,"GROSS_PROFIT":109554054.48,"GROSS_PROFIT_YOY":-0.98511806902,"HOLDER_PROFIT":-291228612.34,"HOLDER_PROFIT_YOY":-1.2781848153,"GROSS_PROFIT_RATIO":24.880476919322,"EPS_TTM":-0.036482037722,"OPERATE_INCOME_QOQ":0,"NET_PROFIT_RATIO":-67.987301323,"ROE_AVG":-9.622741433536,"GROSS_PROFIT_QOQ":0,"ROA":-6.723167280685,"HOLDER_PROFIT_QOQ":0,"ROE_YEARLY":-9.622741433536,"ROIC_YEARLY":-7.021370160266,"TOTAL_ASSETS":4233330178.78,"TOTAL_LIABILITIES":1201339997.86,"TAX_EBT":-0.882627895421,"OCF_SALES":-53.300955995452,"TOTAL_PARENT_EQUITY":3047914122.82,"DEBT_ASSET_RATIO":28.3781313322,"OPERATE_PROFIT":-255315395.74,"PRETAX_PROFIT":-296743469.54,"NETCASH_OPERATE":-234695494.62,"NETCASH_INVEST":-36452206.42,"NETCASH_FINANCE":245521942.38,"END_CASH":125003152.18,"DIVI_RATIO":null,"DIVIDEND_RATE":null,"CURRENT_RATIO":1.042487642798,"COMMON_ACS":200000000000,"CURRENTDEBT_DEBT":88.593844589867,"ISSUED_COMMON_SHARES":1022438090,"HK_COMMON_SHARES":1022438090,"PER_SHARES":4000,"TOTAL_MARKET_CAP":500994664.1,"HKSK_MARKET_CAP":500994664.1,"PE_TTM":-0.444786148892,"PB_TTM":0.156581628529,"REPORT_DATE_SQ":"2020-12-31 00:00:00","REPORT_TYPE_SQ":"2020年年报","OPERATE_INCOME_SQ":314322537.6,"DPS_HKD":null,"OPERATE_INCOME_QOQ_SQ":0,"NET_PROFIT_RATIO_SQ":-100.4635104346,"HOLDER_PROFIT_SQ":-303313933.44,"HOLDER_PROFIT_QOQ_SQ":0,"ROE_AVG_SQ":-9.166281504055,"PE_TTM_SQ":-7.63179879663,"PB_TTM_SQ":0.084114115911,"ROA_SQ":-6.993632675489,"START_DATE":"2020-10-01 00:00:00","FISCAL_YEAR":"9-30","CURRENCY":"HKD","IS_CNY_CODE":0,"DPS_HKD_LY":null,"ORG_TYPE":"一般企业","PREMIUM_INCOME":null,"PREMIUM_INCOME_YOY":null,"NET_INTEREST_INCOME":null,"NET_INTEREST_INCOME_YOY":null,"FEE_COMMISSION_INCOME":null,"FEE_COMMISSION_INCOME_YOY":null,"ACCOUNTS_RECE_TDAYS":14.691376554791,"INVENTORY_TDAYS":2.294999624293,"CURRENT_ASSETS_TDAYS":0.35132489871,"TOTAL_ASSETS_TDAYS":0.101650526038,"PREMIUM_EXPENSE":null,"LOAN_DEPOSIT":null,"LOAN_EQUITY":null,"LOAN_ASSETS":null,"DEPOSIT_EQUITY":null,"DEPOSIT_ASSETS":null,"EQUITY_MULTIPLIER":1.396221599074,"EQUITY_RATIO":0.394151524436},{"SECUCODE":"00860.HK","SECURITY_CODE":"00860","SECURITY_NAME_ABBR":"APOLLO出行","ORG_CODE":"10009131","STD_REPORT_DATE":"2021-06-30 00:00:00","REPORT_DATE":"2021-03-31 00:00:00","DATE_TYPE_CODE":"002","REPORT_TYPE":"2021年中报","PER_NETCASH_OPERATE":-0.01045189423,"PER_OI":0.025524394098,"BPS":3.175408296438,"BASIC_EPS":-0.022735342,"DILUTED_EPS":-0.028567084,"OPERATE_INCOME":203755994.4,"OPERATE_INCOME_YOY":-6.1609603438,"GROSS_PROFIT":51697125.06,"GROSS_PROFIT_YOY":-37.022798822162,"HOLDER_PROFIT":-170572537.24,"HOLDER_PROFIT_YOY":0.7631410729,"GROSS_PROFIT_RATIO":25.372075659532,"EPS_TTM":-0.036086022187,"OPERATE_INCOME_QOQ":0,"NET_PROFIT_RATIO":-86.0075493612,"ROE_AVG":-5.41896867267,"GROSS_PROFIT_QOQ":0,"ROA":-3.638742917435,"HOLDER_PROFIT_QOQ":0,"ROE_YEARLY":-10.83793734534,"ROIC_YEARLY":-7.805688187669,"TOTAL_ASSETS":4880797865.16,"TOTAL_LIABILITIES":1530120633.44,"TAX_EBT":2.184660672334,"OCF_SALES":-40.948647751784,"TOTAL_PARENT_EQUITY":3246658393.58,"DEBT_ASSET_RATIO":31.3498054153,"OPERATE_PROFIT":-156723417.76,"PRETAX_PROFIT":-179159566.04,"NETCASH_OPERATE":-83435324.42,"NETCASH_INVEST":145005842.24,"NETCASH_FINANCE":211278941.58,"END_CASH":430828814.64,"DIVI_RATIO":null,"DIVIDEND_RATE":null,"CURRENT_RATIO":2.074092809753,"COMMON_ACS":200000000000,"CURRENTDEBT_DEBT":52.958062491991,"ISSUED_COMMON_SHARES":1022438090,"HK_COMMON_SHARES":1022438090,"PER_SHARES":4000,"TOTAL_MARKET_CAP":500994664.1,"HKSK_MARKET_CAP":500994664.1,"PE_TTM":-0.444786148892,"PB_TTM":0.156581628529,"REPORT_DATE_SQ":"2020-06-30 00:00:00","REPORT_TYPE_SQ":"2020年中报","OPERATE_INCOME_SQ":234736839.6,"DPS_HKD":null,"OPERATE_INCOME_QOQ_SQ":0,"NET_PROFIT_RATIO_SQ":-89.0521120401,"HOLDER_PROFIT_SQ":-185819169,"HOLDER_PROFIT_QOQ_SQ":0,"ROE_AVG_SQ":-5.339169305907,"PE_TTM_SQ":-7.63179879663,"PB_TTM_SQ":0.084114115911,"ROA_SQ":-4.270379238948,"START_DATE":"2020-10-01 00:00:00","FISCAL_YEAR":"9-30","CURRENCY":"HKD","IS_CNY_CODE":0,"DPS_HKD_LY":null,"ORG_TYPE":"一般企业","PREMIUM_INCOME":null,"PREMIUM_INCOME_YOY":null,"NET_INTEREST_INCOME":null,"NET_INTEREST_INCOME_YOY":null,"FEE_COMMISSION_INCOME":null,"FEE_COMMISSION_INCOME_YOY":null,"ACCOUNTS_RECE_TDAYS":5.002438138715,"INVENTORY_TDAYS":1.096238388725,"CURRENT_ASSETS_TDAYS":0.131535693406,"TOTAL_ASSETS_TDAYS":0.043466298474,"PREMIUM_EXPENSE":null,"LOAN_DEPOSIT":null,"LOAN_EQUITY":null,"LOAN_ASSETS":null,"DEPOSIT_EQUITY":null,"DEPOSIT_ASSETS":null,"EQUITY_MULTIPLIER":1.456660110069,"EQUITY_RATIO":0.471290923759},{"SECUCODE":"00860.HK","SECURITY_CODE":"00860","SECURITY_NAME_ABBR":"APOLLO出行","ORG_CODE":"10009131","STD_REPORT_DATE":"2020-12-31 00:00:00","REPORT_DATE":"2020-09-30 00:00:00","DATE_TYPE_CODE":"001","REPORT_TYPE":"2020年年报","PER_NETCASH_OPERATE":-0.056596947157,"PER_OI":0.043837354696,"BPS":3.100152881041,"BASIC_EPS":-0.042266432,"DILUTED_EPS":-0.042266432,"OPERATE_INCOME":314322537.6,"OPERATE_INCOME_YOY":-33.3081634365,"GROSS_PROFIT":110644028.8,"GROSS_PROFIT_YOY":-13.999158325083,"HOLDER_PROFIT":-303313933.44,"HOLDER_PROFIT_YOY":42.9828937284,"GROSS_PROFIT_RATIO":35.200793950322,"EPS_TTM":-0.040711276541,"OPERATE_INCOME_QOQ":0,"NET_PROFIT_RATIO":-100.4635104346,"ROE_AVG":-9.166281504055,"GROSS_PROFIT_QOQ":0,"ROA":-6.993632675489,"HOLDER_PROFIT_QOQ":0,"ROE_YEARLY":-9.166281504055,"ROIC_YEARLY":-7.676207042789,"TOTAL_ASSETS":4672918726.4,"TOTAL_LIABILITIES":1392312508.16,"TAX_EBT":-360.922709899187,"OCF_SALES":-129.106666107547,"TOTAL_PARENT_EQUITY":3169714390.4,"DEBT_ASSET_RATIO":29.795350394,"OPERATE_PROFIT":-65381161.6,"PRETAX_PROFIT":-68510283.52,"NETCASH_OPERATE":-405811349.12,"NETCASH_INVEST":195651401.6,"NETCASH_FINANCE":-20741306.88,"END_CASH":162159867.52,"DIVI_RATIO":null,"DIVIDEND_RATE":null,"CURRENT_RATIO":1.927943670068,"COMMON_ACS":200000000000,"CURRENTDEBT_DEBT":54.899784029819,"ISSUED_COMMON_SHARES":1022438090,"HK_COMMON_SHARES":1022438090,"PER_SHARES":4000,"TOTAL_MARKET_CAP":500994664.1,"HKSK_MARKET_CAP":500994664.1,"PE_TTM":-0.444786148892,"PB_TTM":0.156581628529,"REPORT_DATE_SQ":"2019-12-31 00:00:00","REPORT_TYPE_SQ":"2019年年报","OPERATE_INCOME_SQ":483797573.55,"DPS_HKD":null,"OPERATE_INCOME_QOQ_SQ":0,"NET_PROFIT_RATIO_SQ":-115.4699779064,"HOLDER_PROFIT_SQ":-546069637.92,"HOLDER_PROFIT_QOQ_SQ":0,"ROE_AVG_SQ":-15.469167999965,"PE_TTM_SQ":-7.63179879663,"PB_TTM_SQ":0.084114115911,"ROA_SQ":-13.377165821928,"START_DATE":"2019-10-01 00:00:00","FISCAL_YEAR":"9-30","CURRENCY":"HKD","IS_CNY_CODE":0,"DPS_HKD_LY":null,"ORG_TYPE":"一般企业","PREMIUM_INCOME":null,"PREMIUM_INCOME_YOY":null,"NET_INTEREST_INCOME":null,"NET_INTEREST_INCOME_YOY":null,"FEE_COMMISSION_INCOME":null,"FEE_COMMISSION_INCOME_YOY":null,"ACCOUNTS_RECE_TDAYS":14.126253850407,"INVENTORY_TDAYS":1.196323134729,"CURRENT_ASSETS_TDAYS":0.249487622916,"TOTAL_ASSETS_TDAYS":0.072474625371,"PREMIUM_EXPENSE":null,"LOAN_DEPOSIT":null,"LOAN_EQUITY":null,"LOAN_ASSETS":null,"DEPOSIT_EQUITY":null,"DEPOSIT_ASSETS":null,"EQUITY_MULTIPLIER":1.424407080745,"EQUITY_RATIO":0.439254878098},{"SECUCODE":"00860.HK","SECURITY_CODE":"00860","SECURITY_NAME_ABBR":"APOLLO出行","ORG_CODE":"10009131","STD_REPORT_DATE":"2020-06-30 00:00:00","REPORT_DATE":"2020-03-31 00:00:00","DATE_TYPE_CODE":"002","REPORT_TYPE":"2020年中报","PER_NETCASH_OPERATE":-0.024785942908,"PER_OI":0.032737843669,"BPS":3.300942678202,"BASIC_EPS":-0.02594908,"DILUTED_EPS":-0.02594908,"OPERATE_INCOME":234736839.6,"OPERATE_INCOME_YOY":-8.6152926781,"GROSS_PROFIT":82088635.4,"GROSS_PROFIT_YOY":9.962107341472,"HOLDER_PROFIT":-185819169,"HOLDER_PROFIT_YOY":-1527.3505641354,"GROSS_PROFIT_RATIO":34.970495274573,"EPS_TTM":-0.100578665856,"OPERATE_INCOME_QOQ":0,"NET_PROFIT_RATIO":-89.0521120401,"ROE_AVG":-5.339169305907,"GROSS_PROFIT_QOQ":0,"ROA":-4.270379238948,"HOLDER_PROFIT_QOQ":0,"ROE_YEARLY":-10.678338611813,"ROIC_YEARLY":-9.330412064525,"TOTAL_ASSETS":4542342596.4,"TOTAL_LIABILITIES":1062081225.2,"TAX_EBT":8.94937298274,"OCF_SALES":-75.710371027761,"TOTAL_PARENT_EQUITY":3375009527.1,"DEBT_ASSET_RATIO":23.3817948043,"OPERATE_PROFIT":-227565208.3,"PRETAX_PROFIT":-229584485.3,"NETCASH_OPERATE":-177720132.2,"NETCASH_INVEST":-112625403.1,"NETCASH_FINANCE":-4895604.6,"END_CASH":113195551.9,"DIVI_RATIO":null,"DIVIDEND_RATE":null,"CURRENT_RATIO":2.245243927647,"COMMON_ACS":200000000000,"CURRENTDEBT_DEBT":36.208228521089,"ISSUED_COMMON_SHARES":1022438090,"HK_COMMON_SHARES":1022438090,"PER_SHARES":4000,"TOTAL_MARKET_CAP":500994664.1,"HKSK_MARKET_CAP":500994664.1,"PE_TTM":-0.444786148892,"PB_TTM":0.156581628529,"REPORT_DATE_SQ":"2019-06-30 00:00:00","REPORT_TYPE_SQ":"2019年中报","OPERATE_INCOME_SQ":241148787.12,"DPS_HKD":null,"OPERATE_INCOME_QOQ_SQ":0,"NET_PROFIT_RATIO_SQ":-9.12431348,"HOLDER_PROFIT_SQ":-10719801.63,"HOLDER_PROFIT_QOQ_SQ":0,"ROE_AVG_SQ":-0.312301406718,"PE_TTM_SQ":-7.63179879663,"PB_TTM_SQ":0.084114115911,"ROA_SQ":-0.270764145515,"START_DATE":"2019-10-01 00:00:00","FISCAL_YEAR":"9-30","CURRENCY":"HKD","IS_CNY_CODE":0,"DPS_HKD_LY":null,"ORG_TYPE":"一般企业","PREMIUM_INCOME":null,"PREMIUM_INCOME_YOY":null,"NET_INTEREST_INCOME":null,"NET_INTEREST_INCOME_YOY":null,"FEE_COMMISSION_INCOME":null,"FEE_COMMISSION_INCOME_YOY":null,"ACCOUNTS_RECE_TDAYS":9.536302895323,"INVENTORY_TDAYS":0.932113695263,"CURRENT_ASSETS_TDAYS":0.240614545441,"TOTAL_ASSETS_TDAYS":0.053945743695,"PREMIUM_EXPENSE":null,"LOAN_DEPOSIT":null,"LOAN_EQUITY":null,"LOAN_ASSETS":null,"DEPOSIT_EQUITY":null,"DEPOSIT_ASSETS":null,"EQUITY_MULTIPLIER":1.305172833853,"EQUITY_RATIO":0.314689845072}],"count":46},"success":true,"message":"ok","code":0}