{"version":"a908226984cdef3dc006a71804cb4fc2","result":{"pages":5,"data":[{"SECUCODE":"00863.HK","SECURITY_CODE":"00863","SECURITY_NAME_ABBR":"OSL集团","ORG_CODE":"10195329","STD_REPORT_DATE":"2024-06-30 00:00:00","REPORT_DATE":"2024-06-30 00:00:00","DATE_TYPE_CODE":"002","REPORT_TYPE":"2024年中报","PER_NETCASH_OPERATE":-0.283964654868,"PER_OI":0.180377057874,"BPS":1.622982609313,"BASIC_EPS":-0.0182536,"DILUTED_EPS":-0.0182536,"OPERATE_INCOME":112979744.52,"OPERATE_INCOME_YOY":17.6511400249,"GROSS_PROFIT":100511623.04,"GROSS_PROFIT_YOY":35.243574246258,"HOLDER_PROFIT":-16404510.32,"HOLDER_PROFIT_YOY":81.0704355885,"GROSS_PROFIT_RATIO":88.964286002795,"EPS_TTM":-0.268183656268,"OPERATE_INCOME_QOQ":8.399191213713,"NET_PROFIT_RATIO":-14.4576658669,"ROE_AVG":-2.356375973985,"GROSS_PROFIT_QOQ":15.034722424284,"ROA":-1.071311599746,"HOLDER_PROFIT_QOQ":29.750845068279,"ROE_YEARLY":-4.712751947969,"ROIC_YEARLY":-2.984448869479,"TOTAL_ASSETS":1747533038.36,"TOTAL_LIABILITIES":748485217.28,"TAX_EBT":-0.489787411421,"OCF_SALES":-157.428366009904,"TOTAL_PARENT_EQUITY":1016560324.92,"DEBT_ASSET_RATIO":42.8309623252,"OPERATE_PROFIT":-14068049.52,"PRETAX_PROFIT":-8758077.28,"NETCASH_OPERATE":-177862165.72,"NETCASH_INVEST":3052001.92,"NETCASH_FINANCE":640715962.88,"END_CASH":696992724.36,"DIVI_RATIO":null,"DIVIDEND_RATE":null,"CURRENT_RATIO":2.274191257703,"COMMON_ACS":2000000000,"CURRENTDEBT_DEBT":97.019007530826,"ISSUED_COMMON_SHARES":626353184,"HK_COMMON_SHARES":626353184,"PER_SHARES":500,"TOTAL_MARKET_CAP":6276058903.68,"HKSK_MARKET_CAP":6276058903.68,"PE_TTM":-33.582644333811,"PB_TTM":5.634720635651,"REPORT_DATE_SQ":"2023-06-30 00:00:00","REPORT_TYPE_SQ":"2023年中报","OPERATE_INCOME_SQ":97007969.66,"DPS_HKD":null,"OPERATE_INCOME_QOQ_SQ":89.224040802756,"NET_PROFIT_RATIO_SQ":-74.9594512267,"HOLDER_PROFIT_SQ":-87543844.96,"HOLDER_PROFIT_QOQ_SQ":36.132483163942,"ROE_AVG_SQ":-15.262000188059,"PE_TTM_SQ":-16.541669932337,"PB_TTM_SQ":9.523537113197,"ROA_SQ":-4.051450416433,"START_DATE":"2024-01-01 00:00:00","FISCAL_YEAR":"12-31","CURRENCY":"HKD","IS_CNY_CODE":0,"DPS_HKD_LY":null,"ORG_TYPE":"一般企业","PREMIUM_INCOME":null,"PREMIUM_INCOME_YOY":null,"NET_INTEREST_INCOME":null,"NET_INTEREST_INCOME_YOY":null,"FEE_COMMISSION_INCOME":null,"FEE_COMMISSION_INCOME_YOY":null,"ACCOUNTS_RECE_TDAYS":7.95559125964,"INVENTORY_TDAYS":null,"CURRENT_ASSETS_TDAYS":0.078034220227,"TOTAL_ASSETS_TDAYS":0.073782458897,"PREMIUM_EXPENSE":null,"LOAN_DEPOSIT":null,"LOAN_EQUITY":null,"LOAN_ASSETS":null,"DEPOSIT_EQUITY":null,"DEPOSIT_ASSETS":null,"EQUITY_MULTIPLIER":1.749198588383,"EQUITY_RATIO":0.736291982809},{"SECUCODE":"00863.HK","SECURITY_CODE":"00863","SECURITY_NAME_ABBR":"OSL集团","ORG_CODE":"10195329","STD_REPORT_DATE":"2023-12-31 00:00:00","REPORT_DATE":"2023-12-31 00:00:00","DATE_TYPE_CODE":"001","REPORT_TYPE":"2023年年报","PER_NETCASH_OPERATE":-1.418698861313,"PER_OI":0.433703056744,"BPS":0.59571924788,"BASIC_EPS":-0.5256076,"DILUTED_EPS":-0.5256076,"OPERATE_INCOME":190158486.14,"OPERATE_INCOME_YOY":193.5604364857,"GROSS_PROFIT":174214451.46,"GROSS_PROFIT_YOY":177.959101776471,"HOLDER_PROFIT":-239117021.64,"HOLDER_PROFIT_YOY":51.2304126512,"GROSS_PROFIT_RATIO":91.615396712687,"EPS_TTM":-0.545365002162,"OPERATE_INCOME_QOQ":-2.886555951984,"NET_PROFIT_RATIO":-126.5963581256,"ROE_AVG":-48.689898112926,"GROSS_PROFIT_QOQ":-0.834250462633,"ROA":-13.342924361929,"HOLDER_PROFIT_QOQ":22.532428117865,"ROE_YEARLY":-48.689898112926,"ROIC_YEARLY":-19.78035323398,"TOTAL_ASSETS":1305669088.92,"TOTAL_LIABILITIES":947630629.12,"TAX_EBT":0.817162801225,"OCF_SALES":-327.112949575146,"TOTAL_PARENT_EQUITY":373130647.68,"DEBT_ASSET_RATIO":72.5781621976,"OPERATE_PROFIT":-205771750.52,"PRETAX_PROFIT":-228228788.34,"NETCASH_OPERATE":-622033032.88,"NETCASH_INVEST":5713717.1,"NETCASH_FINANCE":-73347634.36,"END_CASH":228278630.44,"DIVI_RATIO":null,"DIVIDEND_RATE":null,"CURRENT_RATIO":1.303655173205,"COMMON_ACS":2000000000,"CURRENTDEBT_DEBT":100,"ISSUED_COMMON_SHARES":626353184,"HK_COMMON_SHARES":626353184,"PER_SHARES":500,"TOTAL_MARKET_CAP":5242576150.08,"HKSK_MARKET_CAP":5242576150.08,"PE_TTM":-28.052568171058,"PB_TTM":4.706847477086,"REPORT_DATE_SQ":"2022-12-31 00:00:00","REPORT_TYPE_SQ":"2022年年报","OPERATE_INCOME_SQ":63850939.6,"DPS_HKD":null,"OPERATE_INCOME_QOQ_SQ":-46.014500247911,"NET_PROFIT_RATIO_SQ":-474.7447019725,"HOLDER_PROFIT_SQ":-483293014.26,"HOLDER_PROFIT_QOQ_SQ":-10.398722778372,"ROE_AVG_SQ":-57.969806388017,"PE_TTM_SQ":-12.843735412094,"PB_TTM_SQ":7.394524940317,"ROA_SQ":-13.885126993794,"START_DATE":"2023-01-01 00:00:00","FISCAL_YEAR":"12-31","CURRENCY":"HKD","IS_CNY_CODE":0,"DPS_HKD_LY":null,"ORG_TYPE":"一般企业","PREMIUM_INCOME":null,"PREMIUM_INCOME_YOY":null,"NET_INTEREST_INCOME":null,"NET_INTEREST_INCOME_YOY":null,"FEE_COMMISSION_INCOME":null,"FEE_COMMISSION_INCOME_YOY":null,"ACCOUNTS_RECE_TDAYS":16.752115599553,"INVENTORY_TDAYS":null,"CURRENT_ASSETS_TDAYS":0.116117190172,"TOTAL_ASSETS_TDAYS":0.106109982466,"PREMIUM_EXPENSE":null,"LOAN_DEPOSIT":null,"LOAN_EQUITY":null,"LOAN_ASSETS":null,"DEPOSIT_EQUITY":null,"DEPOSIT_ASSETS":null,"EQUITY_MULTIPLIER":3.646728593488,"EQUITY_RATIO":2.53967513795},{"SECUCODE":"00863.HK","SECURITY_CODE":"00863","SECURITY_NAME_ABBR":"OSL集团","ORG_CODE":"10195329","STD_REPORT_DATE":"2023-06-30 00:00:00","REPORT_DATE":"2023-06-30 00:00:00","DATE_TYPE_CODE":"002","REPORT_TYPE":"2023年中报","PER_NETCASH_OPERATE":-1.062930395643,"PER_OI":0.221250462307,"BPS":0.842252821054,"BASIC_EPS":-0.2120554,"DILUTED_EPS":-0.2120554,"OPERATE_INCOME":97007969.66,"OPERATE_INCOME_YOY":346.6428722878,"GROSS_PROFIT":74318963.84,"GROSS_PROFIT_YOY":438.535371176401,"HOLDER_PROFIT":-87543844.96,"HOLDER_PROFIT_YOY":69.026921057,"GROSS_PROFIT_RATIO":91.66871058857,"EPS_TTM":-0.7039913462,"OPERATE_INCOME_QOQ":89.224040802756,"NET_PROFIT_RATIO":-74.9594512267,"ROE_AVG":-15.262000188059,"GROSS_PROFIT_QOQ":112.536586414154,"ROA":-4.051450416433,"HOLDER_PROFIT_QOQ":36.132483163942,"ROE_YEARLY":-30.524000376117,"ROIC_YEARLY":-12.073103357956,"TOTAL_ASSETS":2003471759.8,"TOTAL_LIABILITIES":1489468831.78,"TAX_EBT":-0.327808957405,"OCF_SALES":-399.935913158374,"TOTAL_PARENT_EQUITY":527547736.2,"DEBT_ASSET_RATIO":74.344388659,"OPERATE_PROFIT":-80527577.16,"PRETAX_PROFIT":-90845455.34,"NETCASH_OPERATE":-466045216.34,"NETCASH_INVEST":2006228.48,"NETCASH_FINANCE":-33776737.3,"END_CASH":434193573.28,"DIVI_RATIO":null,"DIVIDEND_RATE":null,"CURRENT_RATIO":1.254460163049,"COMMON_ACS":2000000000,"CURRENTDEBT_DEBT":96.656104477159,"ISSUED_COMMON_SHARES":626353184,"HK_COMMON_SHARES":626353184,"PER_SHARES":500,"TOTAL_MARKET_CAP":5242576150.08,"HKSK_MARKET_CAP":5242576150.08,"PE_TTM":-28.052568171058,"PB_TTM":4.706847477086,"REPORT_DATE_SQ":"2022-06-30 00:00:00","REPORT_TYPE_SQ":"2022年中报","OPERATE_INCOME_SQ":24200166.62,"DPS_HKD":null,"OPERATE_INCOME_QOQ_SQ":-33.39973934968,"NET_PROFIT_RATIO_SQ":-869.6187877284,"HOLDER_PROFIT_SQ":-262169611.97,"HOLDER_PROFIT_QOQ_SQ":-42.525735492812,"ROE_AVG_SQ":-29.190902118215,"PE_TTM_SQ":-12.843735412094,"PB_TTM_SQ":7.394524940317,"ROA_SQ":-7.006862800222,"START_DATE":"2023-01-01 00:00:00","FISCAL_YEAR":"12-31","CURRENCY":"HKD","IS_CNY_CODE":0,"DPS_HKD_LY":null,"ORG_TYPE":"一般企业","PREMIUM_INCOME":null,"PREMIUM_INCOME_YOY":null,"NET_INTEREST_INCOME":null,"NET_INTEREST_INCOME_YOY":null,"FEE_COMMISSION_INCOME":null,"FEE_COMMISSION_INCOME_YOY":null,"ACCOUNTS_RECE_TDAYS":3.366728529374,"INVENTORY_TDAYS":null,"CURRENT_ASSETS_TDAYS":0.060045683577,"TOTAL_ASSETS_TDAYS":0.053929024095,"PREMIUM_EXPENSE":null,"LOAN_DEPOSIT":null,"LOAN_EQUITY":null,"LOAN_ASSETS":null,"DEPOSIT_EQUITY":null,"DEPOSIT_ASSETS":null,"EQUITY_MULTIPLIER":3.897782776285,"EQUITY_RATIO":2.823382093361},{"SECUCODE":"00863.HK","SECURITY_CODE":"00863","SECURITY_NAME_ABBR":"OSL集团","ORG_CODE":"10195329","STD_REPORT_DATE":"2022-12-31 00:00:00","REPORT_DATE":"2022-12-31 00:00:00","DATE_TYPE_CODE":"001","REPORT_TYPE":"2022年年报","PER_NETCASH_OPERATE":0.348524550571,"PER_OI":0.145627724761,"BPS":0.958515837624,"BASIC_EPS":-1.161251,"DILUTED_EPS":-1.161251,"OPERATE_INCOME":63850939.6,"OPERATE_INCOME_YOY":-64.2826310824,"GROSS_PROFIT":62676289.55,"GROSS_PROFIT_YOY":-74.427524054549,"HOLDER_PROFIT":-483293014.26,"HOLDER_PROFIT_YOY":-44.0175683769,"GROSS_PROFIT_RATIO":79.878285640295,"EPS_TTM":-1.102268228163,"OPERATE_INCOME_QOQ":-46.014500247911,"NET_PROFIT_RATIO":-474.7447019725,"ROE_AVG":-57.969806388017,"GROSS_PROFIT_QOQ":-46.373047480209,"ROA":-13.885126993794,"HOLDER_PROFIT_QOQ":-10.398722778372,"ROE_YEARLY":-57.969806388017,"ROIC_YEARLY":-18.796644148757,"TOTAL_ASSETS":2245947867.73,"TOTAL_LIABILITIES":1657015850,"TAX_EBT":-0.088632680084,"OCF_SALES":147.671457551038,"TOTAL_PARENT_EQUITY":600369446.81,"DEBT_ASSET_RATIO":73.7780192411,"OPERATE_PROFIT":-471225829.83,"PRETAX_PROFIT":-499885504.51,"NETCASH_OPERATE":152811698.9,"NETCASH_INVEST":13365999.01,"NETCASH_FINANCE":-111207648.65,"END_CASH":901449673.39,"DIVI_RATIO":null,"DIVIDEND_RATE":null,"CURRENT_RATIO":1.273587526429,"COMMON_ACS":2000000000,"CURRENTDEBT_DEBT":95.280269541779,"ISSUED_COMMON_SHARES":626353184,"HK_COMMON_SHARES":626353184,"PER_SHARES":500,"TOTAL_MARKET_CAP":5242576150.08,"HKSK_MARKET_CAP":5242576150.08,"PE_TTM":-28.052568171058,"PB_TTM":4.706847477086,"REPORT_DATE_SQ":"2021-12-31 00:00:00","REPORT_TYPE_SQ":"2021年年报","OPERATE_INCOME_SQ":265178748.8,"DPS_HKD":null,"OPERATE_INCOME_QOQ_SQ":13.699061668614,"NET_PROFIT_RATIO_SQ":-104.8929177118,"HOLDER_PROFIT_SQ":-307151880,"HOLDER_PROFIT_QOQ_SQ":-7.318803563496,"ROE_AVG_SQ":-55.10143915704,"PE_TTM_SQ":-12.843735412094,"PB_TTM_SQ":7.394524940317,"ROA_SQ":-8.648566973177,"START_DATE":"2022-01-01 00:00:00","FISCAL_YEAR":"12-31","CURRENCY":"HKD","IS_CNY_CODE":0,"DPS_HKD_LY":null,"ORG_TYPE":"一般企业","PREMIUM_INCOME":null,"PREMIUM_INCOME_YOY":null,"NET_INTEREST_INCOME":null,"NET_INTEREST_INCOME_YOY":null,"FEE_COMMISSION_INCOME":null,"FEE_COMMISSION_INCOME_YOY":null,"ACCOUNTS_RECE_TDAYS":0.994898846847,"INVENTORY_TDAYS":null,"CURRENT_ASSETS_TDAYS":0.032107121853,"TOTAL_ASSETS_TDAYS":0.029730306126,"PREMIUM_EXPENSE":null,"LOAN_DEPOSIT":null,"LOAN_EQUITY":null,"LOAN_ASSETS":null,"DEPOSIT_EQUITY":null,"DEPOSIT_ASSETS":null,"EQUITY_MULTIPLIER":3.813594438935,"EQUITY_RATIO":2.759993631928},{"SECUCODE":"00863.HK","SECURITY_CODE":"00863","SECURITY_NAME_ABBR":"OSL集团","ORG_CODE":"10195329","STD_REPORT_DATE":"2022-06-30 00:00:00","REPORT_DATE":"2022-06-30 00:00:00","DATE_TYPE_CODE":"002","REPORT_TYPE":"2022年中报","PER_NETCASH_OPERATE":0.163775162453,"PER_OI":0.057177343126,"BPS":1.236846810633,"BASIC_EPS":-0.6242887,"DILUTED_EPS":-0.6242887,"OPERATE_INCOME":24200166.62,"OPERATE_INCOME_YOY":-76.2593741411,"GROSS_PROFIT":13800201.03,"GROSS_PROFIT_YOY":-87.160684842444,"HOLDER_PROFIT":-262169611.97,"HOLDER_PROFIT_YOY":-93.9057173037,"GROSS_PROFIT_RATIO":45.739959756333,"EPS_TTM":-1.034313238942,"OPERATE_INCOME_QOQ":-33.39973934968,"NET_PROFIT_RATIO":-869.6187877284,"ROE_AVG":-29.190902118215,"GROSS_PROFIT_QOQ":-37.704850189907,"ROA":-7.006862800222,"HOLDER_PROFIT_QOQ":-42.525735492812,"ROE_YEARLY":-58.381804236429,"ROIC_YEARLY":-18.053302832564,"TOTAL_ASSETS":2968881879.95,"TOTAL_LIABILITIES":2205045841.32,"TAX_EBT":-0.535119427316,"OCF_SALES":223.421262989608,"TOTAL_PARENT_EQUITY":774702937.96,"DEBT_ASSET_RATIO":74.2719289781,"OPERATE_PROFIT":-248109433.18,"PRETAX_PROFIT":-265449265.62,"NETCASH_OPERATE":69317425.45,"NETCASH_INVEST":3538776.22,"NETCASH_FINANCE":-20722108.89,"END_CASH":871891005.51,"DIVI_RATIO":null,"DIVIDEND_RATE":null,"CURRENT_RATIO":1.278638874115,"COMMON_ACS":2000000000,"CURRENTDEBT_DEBT":95.668833878627,"ISSUED_COMMON_SHARES":626353184,"HK_COMMON_SHARES":626353184,"PER_SHARES":500,"TOTAL_MARKET_CAP":5242576150.08,"HKSK_MARKET_CAP":5242576150.08,"PE_TTM":-28.052568171058,"PB_TTM":4.706847477086,"REPORT_DATE_SQ":"2021-06-30 00:00:00","REPORT_TYPE_SQ":"2021年中报","OPERATE_INCOME_SQ":127153473.12,"DPS_HKD":null,"OPERATE_INCOME_QOQ_SQ":16.920213748925,"NET_PROFIT_RATIO_SQ":-103.3027078671,"HOLDER_PROFIT_SQ":-131551015.92,"HOLDER_PROFIT_QOQ_SQ":-15.478705151357,"ROE_AVG_SQ":-20.983733190344,"PE_TTM_SQ":-12.843735412094,"PB_TTM_SQ":7.394524940317,"ROA_SQ":-3.552503347211,"START_DATE":"2022-01-01 00:00:00","FISCAL_YEAR":"12-31","CURRENCY":"HKD","IS_CNY_CODE":0,"DPS_HKD_LY":null,"ORG_TYPE":"一般企业","PREMIUM_INCOME":null,"PREMIUM_INCOME_YOY":null,"NET_INTEREST_INCOME":null,"NET_INTEREST_INCOME_YOY":null,"FEE_COMMISSION_INCOME":null,"FEE_COMMISSION_INCOME_YOY":null,"ACCOUNTS_RECE_TDAYS":0.265184775631,"INVENTORY_TDAYS":null,"CURRENT_ASSETS_TDAYS":0.008936550712,"TOTAL_ASSETS_TDAYS":0.00829199791,"PREMIUM_EXPENSE":null,"LOAN_DEPOSIT":null,"LOAN_EQUITY":null,"LOAN_ASSETS":null,"DEPOSIT_EQUITY":null,"DEPOSIT_ASSETS":null,"EQUITY_MULTIPLIER":3.886805190909,"EQUITY_RATIO":2.846311448265},{"SECUCODE":"00863.HK","SECURITY_CODE":"00863","SECURITY_NAME_ABBR":"OSL集团","ORG_CODE":"10195329","STD_REPORT_DATE":"2021-12-31 00:00:00","REPORT_DATE":"2021-12-31 00:00:00","DATE_TYPE_CODE":"001","REPORT_TYPE":"2021年年报","PER_NETCASH_OPERATE":-0.802319078168,"PER_OI":0.626533550286,"BPS":1.559243449459,"BASIC_EPS":-0.77672,"DILUTED_EPS":-0.77672,"OPERATE_INCOME":265178748.8,"OPERATE_INCOME_YOY":44.4257539889,"GROSS_PROFIT":245092769.6,"GROSS_PROFIT_YOY":48.214332712842,"HOLDER_PROFIT":-307151880,"HOLDER_PROFIT_YOY":-34.7737179142,"GROSS_PROFIT_RATIO":85.96950732773,"EPS_TTM":-0.725702790002,"OPERATE_INCOME_QOQ":13.699061668614,"NET_PROFIT_RATIO":-104.8929177118,"ROE_AVG":-55.10143915704,"GROSS_PROFIT_QOQ":17.725045979082,"ROA":-8.648566973177,"HOLDER_PROFIT_QOQ":-7.318803563496,"ROE_YEARLY":-55.10143915704,"ROIC_YEARLY":-10.160469753296,"TOTAL_ASSETS":4315913358.4,"TOTAL_LIABILITIES":3342034841.6,"TAX_EBT":-0.405143512692,"OCF_SALES":-117.987097287362,"TOTAL_PARENT_EQUITY":976637099.2,"DEBT_ASSET_RATIO":77.435169895,"OPERATE_PROFIT":-266420683.2,"PRETAX_PROFIT":-293626323.2,"NETCASH_OPERATE":-339579531.2,"NETCASH_INVEST":-85294484.8,"NETCASH_FINANCE":864024963.2,"END_CASH":780414734.4,"DIVI_RATIO":null,"DIVIDEND_RATE":null,"CURRENT_RATIO":1.257028952283,"COMMON_ACS":2000000000,"CURRENTDEBT_DEBT":96.631214869499,"ISSUED_COMMON_SHARES":626353184,"HK_COMMON_SHARES":626353184,"PER_SHARES":500,"TOTAL_MARKET_CAP":5242576150.08,"HKSK_MARKET_CAP":5242576150.08,"PE_TTM":-28.052568171058,"PB_TTM":4.706847477086,"REPORT_DATE_SQ":"2020-12-31 00:00:00","REPORT_TYPE_SQ":"2020年年报","OPERATE_INCOME_SQ":205138808.68,"DPS_HKD":null,"OPERATE_INCOME_QOQ_SQ":27.580120232552,"NET_PROFIT_RATIO_SQ":-119.5882875511,"HOLDER_PROFIT_SQ":-234602941.8,"HOLDER_PROFIT_QOQ_SQ":-21.944239990915,"ROE_AVG_SQ":-755.069204003347,"PE_TTM_SQ":-12.843735412094,"PB_TTM_SQ":7.394524940317,"ROA_SQ":-10.885849605305,"START_DATE":"2021-01-01 00:00:00","FISCAL_YEAR":"12-31","CURRENCY":"HKD","IS_CNY_CODE":0,"DPS_HKD_LY":null,"ORG_TYPE":"一般企业","PREMIUM_INCOME":null,"PREMIUM_INCOME_YOY":null,"NET_INTEREST_INCOME":null,"NET_INTEREST_INCOME_YOY":null,"FEE_COMMISSION_INCOME":null,"FEE_COMMISSION_INCOME_YOY":null,"ACCOUNTS_RECE_TDAYS":4.555021101194,"INVENTORY_TDAYS":null,"CURRENT_ASSETS_TDAYS":0.08637495874,"TOTAL_ASSETS_TDAYS":0.081039725756,"PREMIUM_EXPENSE":null,"LOAN_DEPOSIT":null,"LOAN_EQUITY":null,"LOAN_ASSETS":null,"DEPOSIT_EQUITY":null,"DEPOSIT_ASSETS":null,"EQUITY_MULTIPLIER":4.431675290028,"EQUITY_RATIO":3.421982274007},{"SECUCODE":"00863.HK","SECURITY_CODE":"00863","SECURITY_NAME_ABBR":"OSL集团","ORG_CODE":"10195329","STD_REPORT_DATE":"2021-06-30 00:00:00","REPORT_DATE":"2021-06-30 00:00:00","DATE_TYPE_CODE":"002","REPORT_TYPE":"2021年中报","PER_NETCASH_OPERATE":1.050674356675,"PER_OI":0.303264733536,"BPS":1.777220056472,"BASIC_EPS":-0.3661152,"DILUTED_EPS":-0.3661152,"OPERATE_INCOME":127153473.12,"OPERATE_INCOME_YOY":54.2033723852,"GROSS_PROFIT":107483934,"GROSS_PROFIT_YOY":49.634269697512,"HOLDER_PROFIT":-131551015.92,"HOLDER_PROFIT_YOY":-54.9701526186,"GROSS_PROFIT_RATIO":84.530867590666,"EPS_TTM":-0.682607471892,"OPERATE_INCOME_QOQ":16.920213748925,"NET_PROFIT_RATIO":-103.3027078671,"ROE_AVG":-20.983733190344,"GROSS_PROFIT_QOQ":20.428747136185,"ROA":-3.552503347211,"HOLDER_PROFIT_QOQ":-15.478705151357,"ROE_YEARLY":-41.967466380688,"ROIC_YEARLY":-9.559450365138,"TOTAL_ASSETS":4569701816.16,"TOTAL_LIABILITIES":3464923405.68,"TAX_EBT":-0.84322956925,"OCF_SALES":346.454513329931,"TOTAL_PARENT_EQUITY":1113167441.04,"DEBT_ASSET_RATIO":75.8238402652,"OPERATE_PROFIT":-117675249.84,"PRETAX_PROFIT":-130254635.28,"NETCASH_OPERATE":440528946.48,"NETCASH_INVEST":-41145523.92,"NETCASH_FINANCE":881553812.64,"END_CASH":1625721232.32,"DIVI_RATIO":null,"DIVIDEND_RATE":null,"CURRENT_RATIO":1.318354766007,"COMMON_ACS":2000000000,"CURRENTDEBT_DEBT":94.691668521778,"ISSUED_COMMON_SHARES":626353184,"HK_COMMON_SHARES":626353184,"PER_SHARES":500,"TOTAL_MARKET_CAP":5242576150.08,"HKSK_MARKET_CAP":5242576150.08,"PE_TTM":-28.052568171058,"PB_TTM":4.706847477086,"REPORT_DATE_SQ":"2020-06-30 00:00:00","REPORT_TYPE_SQ":"2020年中报","OPERATE_INCOME_SQ":90520990.56,"DPS_HKD":null,"OPERATE_INCOME_QOQ_SQ":3.042021557736,"NET_PROFIT_RATIO_SQ":-100.8293888792,"HOLDER_PROFIT_SQ":-93188235.36,"HOLDER_PROFIT_QOQ_SQ":16.560491819772,"ROE_AVG_SQ":-325.911085806812,"PE_TTM_SQ":-12.843735412094,"PB_TTM_SQ":7.394524940317,"ROA_SQ":-6.176590601755,"START_DATE":"2021-01-01 00:00:00","FISCAL_YEAR":"12-31","CURRENCY":"HKD","IS_CNY_CODE":0,"DPS_HKD_LY":null,"ORG_TYPE":"一般企业","PREMIUM_INCOME":null,"PREMIUM_INCOME_YOY":null,"NET_INTEREST_INCOME":null,"NET_INTEREST_INCOME_YOY":null,"FEE_COMMISSION_INCOME":null,"FEE_COMMISSION_INCOME_YOY":null,"ACCOUNTS_RECE_TDAYS":7.062461005199,"INVENTORY_TDAYS":0.008833435122,"CURRENT_ASSETS_TDAYS":0.036452719846,"TOTAL_ASSETS_TDAYS":0.034337487682,"PREMIUM_EXPENSE":null,"LOAN_DEPOSIT":null,"LOAN_EQUITY":null,"LOAN_ASSETS":null,"DEPOSIT_EQUITY":null,"DEPOSIT_ASSETS":null,"EQUITY_MULTIPLIER":4.136306224684,"EQUITY_RATIO":3.112670455437},{"SECUCODE":"00863.HK","SECURITY_CODE":"00863","SECURITY_NAME_ABBR":"OSL集团","ORG_CODE":"10195329","STD_REPORT_DATE":"2020-12-31 00:00:00","REPORT_DATE":"2020-12-31 00:00:00","DATE_TYPE_CODE":"001","REPORT_TYPE":"2020年年报","PER_NETCASH_OPERATE":-0.10548248481,"PER_OI":0.60940579634,"BPS":0.227754210634,"BASIC_EPS":-0.7490596,"DILUTED_EPS":-0.7490596,"OPERATE_INCOME":205138808.68,"OPERATE_INCOME_YOY":31.4611349934,"GROSS_PROFIT":165363743.92,"GROSS_PROFIT_YOY":72.100339803054,"HOLDER_PROFIT":-234602941.8,"HOLDER_PROFIT_YOY":-1.7496741025,"GROSS_PROFIT_RATIO":80.610549593054,"EPS_TTM":-0.736265077649,"OPERATE_INCOME_QOQ":27.580120232552,"NET_PROFIT_RATIO":-119.5882875511,"ROE_AVG":-755.069204003347,"GROSS_PROFIT_QOQ":48.43384556168,"ROA":-10.885849605305,"HOLDER_PROFIT_QOQ":-21.944239990915,"ROE_YEARLY":-755.069204003347,"ROIC_YEARLY":-12.33946625882,"TOTAL_ASSETS":3400038755.92,"TOTAL_LIABILITIES":3265050641.24,"TAX_EBT":-0.698317315937,"OCF_SALES":-16.400651249672,"TOTAL_PARENT_EQUITY":142286816.76,"DEBT_ASSET_RATIO":96.0298033182,"OPERATE_PROFIT":-212626038.12,"PRETAX_PROFIT":-245386875.12,"NETCASH_OPERATE":-26190995.16,"NETCASH_INVEST":-6860207.64,"NETCASH_FINANCE":197771933.76,"END_CASH":348007198.68,"DIVI_RATIO":null,"DIVIDEND_RATE":null,"CURRENT_RATIO":1.042208567769,"COMMON_ACS":2000000000,"CURRENTDEBT_DEBT":93.380198077482,"ISSUED_COMMON_SHARES":626353184,"HK_COMMON_SHARES":626353184,"PER_SHARES":500,"TOTAL_MARKET_CAP":5242576150.08,"HKSK_MARKET_CAP":5242576150.08,"PE_TTM":-28.052568171058,"PB_TTM":4.706847477086,"REPORT_DATE_SQ":"2019-12-31 00:00:00","REPORT_TYPE_SQ":"2019年年报","OPERATE_INCOME_SQ":164688445,"DPS_HKD":null,"OPERATE_INCOME_QOQ_SQ":44.521960472375,"NET_PROFIT_RATIO_SQ":-148.8400166751,"HOLDER_PROFIT_SQ":-243580447,"HOLDER_PROFIT_QOQ_SQ":13.07389861668,"ROE_AVG_SQ":1245.4752511207,"PE_TTM_SQ":-12.843735412094,"PB_TTM_SQ":7.394524940317,"ROA_SQ":-22.687682022983,"START_DATE":"2020-01-01 00:00:00","FISCAL_YEAR":"12-31","CURRENCY":"HKD","IS_CNY_CODE":0,"DPS_HKD_LY":null,"ORG_TYPE":"一般企业","PREMIUM_INCOME":null,"PREMIUM_INCOME_YOY":null,"NET_INTEREST_INCOME":null,"NET_INTEREST_INCOME_YOY":null,"FEE_COMMISSION_INCOME":null,"FEE_COMMISSION_INCOME_YOY":null,"ACCOUNTS_RECE_TDAYS":8.28882351941,"INVENTORY_TDAYS":0.027019557879,"CURRENT_ASSETS_TDAYS":0.110144544016,"TOTAL_ASSETS_TDAYS":0.095092745494,"PREMIUM_EXPENSE":null,"LOAN_DEPOSIT":null,"LOAN_EQUITY":null,"LOAN_ASSETS":null,"DEPOSIT_EQUITY":null,"DEPOSIT_ASSETS":null,"EQUITY_MULTIPLIER":25.187669028695,"EQUITY_RATIO":22.946965260649},{"SECUCODE":"00863.HK","SECURITY_CODE":"00863","SECURITY_NAME_ABBR":"OSL集团","ORG_CODE":"10195329","STD_REPORT_DATE":"2020-06-30 00:00:00","REPORT_DATE":"2020-06-30 00:00:00","DATE_TYPE_CODE":"002","REPORT_TYPE":"2020年中报","PER_NETCASH_OPERATE":0.295851759363,"PER_OI":0.276329169314,"BPS":0.214015945675,"BASIC_EPS":-0.3105696,"DILUTED_EPS":-0.3105696,"OPERATE_INCOME":90520990.56,"OPERATE_INCOME_YOY":5.8940488455,"GROSS_PROFIT":71831094.72,"GROSS_PROFIT_YOY":43.851835068244,"HOLDER_PROFIT":-93188235.36,"HOLDER_PROFIT_YOY":30.2629379189,"GROSS_PROFIT_RATIO":79.353260879166,"EPS_TTM":-0.620428290079,"OPERATE_INCOME_QOQ":3.042021557736,"NET_PROFIT_RATIO":-100.8293888792,"ROE_AVG":-325.911085806812,"GROSS_PROFIT_QOQ":22.366033024408,"ROA":-6.176590601755,"HOLDER_PROFIT_QOQ":16.560491819772,"ROE_YEARLY":-651.822171613624,"ROIC_YEARLY":-15.892519290635,"TOTAL_ASSETS":1865212219,"TOTAL_LIABILITIES":1725906106,"TAX_EBT":-0.800577206282,"OCF_SALES":107.674653536106,"TOTAL_PARENT_EQUITY":134049569,"DEBT_ASSET_RATIO":92.5313531843,"OPERATE_PROFIT":-74119261.92,"PRETAX_PROFIT":-92419118.88,"NETCASH_OPERATE":97468615.2,"NETCASH_INVEST":-6301822.56,"NETCASH_FINANCE":183807877.44,"END_CASH":470379581.76,"DIVI_RATIO":null,"DIVIDEND_RATE":null,"CURRENT_RATIO":1.106483373274,"COMMON_ACS":2000000000,"CURRENTDEBT_DEBT":78.306901650188,"ISSUED_COMMON_SHARES":626353184,"HK_COMMON_SHARES":626353184,"PER_SHARES":500,"TOTAL_MARKET_CAP":5242576150.08,"HKSK_MARKET_CAP":5242576150.08,"PE_TTM":-28.052568171058,"PB_TTM":4.706847477086,"REPORT_DATE_SQ":"2019-06-30 00:00:00","REPORT_TYPE_SQ":"2019年中报","OPERATE_INCOME_SQ":84998583,"DPS_HKD":null,"OPERATE_INCOME_QOQ_SQ":-16.455736701597,"NET_PROFIT_RATIO_SQ":-303.7626648294,"HOLDER_PROFIT_SQ":-133292148,"HOLDER_PROFIT_QOQ_SQ":-73.795748479775,"ROE_AVG_SQ":-507.609489733869,"PE_TTM_SQ":-12.843735412094,"PB_TTM_SQ":7.394524940317,"ROA_SQ":-11.410648202929,"START_DATE":"2020-01-01 00:00:00","FISCAL_YEAR":"12-31","CURRENCY":"HKD","IS_CNY_CODE":0,"DPS_HKD_LY":null,"ORG_TYPE":"一般企业","PREMIUM_INCOME":null,"PREMIUM_INCOME_YOY":null,"NET_INTEREST_INCOME":null,"NET_INTEREST_INCOME_YOY":null,"FEE_COMMISSION_INCOME":null,"FEE_COMMISSION_INCOME_YOY":null,"ACCOUNTS_RECE_TDAYS":2.130494811983,"INVENTORY_TDAYS":0.027950666849,"CURRENT_ASSETS_TDAYS":0.080334468074,"TOTAL_ASSETS_TDAYS":0.059808628278,"PREMIUM_EXPENSE":null,"LOAN_DEPOSIT":null,"LOAN_EQUITY":null,"LOAN_ASSETS":null,"DEPOSIT_EQUITY":null,"DEPOSIT_ASSETS":null,"EQUITY_MULTIPLIER":13.389306318487,"EQUITY_RATIO":12.875133570926}],"count":37},"success":true,"message":"ok","code":0}