{"version":"43500149c423cfac37435fc788db1022","result":{"pages":4,"data":[{"SECUCODE":"00866.HK","SECURITY_CODE":"00866","SECURITY_NAME_ABBR":"中国秦发","ORG_CODE":"10133360","STD_REPORT_DATE":"2024-06-30 00:00:00","REPORT_DATE":"2024-06-30 00:00:00","DATE_TYPE_CODE":"002","REPORT_TYPE":"2024年中报","PER_NETCASH_OPERATE":0.280250293054,"PER_OI":0.550759323667,"BPS":-0.181568546272,"BASIC_EPS":0.0162,"DILUTED_EPS":0.0162,"OPERATE_INCOME":1373271000,"OPERATE_INCOME_YOY":-27.9472318938,"GROSS_PROFIT":317288000,"GROSS_PROFIT_YOY":-18.674964372495,"HOLDER_PROFIT":43022000,"HOLDER_PROFIT_YOY":-67.1080597563,"GROSS_PROFIT_RATIO":23.104543822742,"EPS_TTM":0.045146935357,"OPERATE_INCOME_QOQ":-15.442878920277,"NET_PROFIT_RATIO":4.4278951496,"ROE_AVG":-11.081418365915,"GROSS_PROFIT_QOQ":-8.298216441539,"ROA":0.553467178169,"HOLDER_PROFIT_QOQ":-43.812204885548,"ROE_YEARLY":-22.162836731829,"ROIC_YEARLY":1.290494623114,"TOTAL_ASSETS":7688787000,"TOTAL_LIABILITIES":7182817000,"TAX_EBT":17.843921420272,"OCF_SALES":50.884348391541,"TOTAL_PARENT_EQUITY":-303602000,"DEBT_ASSET_RATIO":93.4193781152,"OPERATE_PROFIT":146246000,"PRETAX_PROFIT":74014000,"NETCASH_OPERATE":698780000,"NETCASH_INVEST":-283657000,"NETCASH_FINANCE":-483156000,"END_CASH":307227000,"DIVI_RATIO":0.404315372804,"DIVIDEND_RATE":1.941747572816,"CURRENT_RATIO":0.326221474261,"COMMON_ACS":20000000000,"CURRENTDEBT_DEBT":72.038059719467,"ISSUED_COMMON_SHARES":2536413985,"HK_COMMON_SHARES":2536413985,"PER_SHARES":2000,"TOTAL_MARKET_CAP":2612506404.55,"HKSK_MARKET_CAP":2612506404.55,"PE_TTM":20.676669169568,"PB_TTM":-5.177440802949,"REPORT_DATE_SQ":"2023-06-30 00:00:00","REPORT_TYPE_SQ":"2023年中报","OPERATE_INCOME_SQ":1905924000,"DPS_HKD":0.02,"OPERATE_INCOME_QOQ_SQ":-3.980718173957,"NET_PROFIT_RATIO_SQ":7.3508177661,"HOLDER_PROFIT_SQ":130798000,"HOLDER_PROFIT_QOQ_SQ":-43.057499512642,"ROE_AVG_SQ":188.224289651103,"PE_TTM_SQ":4.476427540943,"PB_TTM_SQ":-35.902616182798,"ROA_SQ":1.650333519461,"START_DATE":"2024-01-01 00:00:00","FISCAL_YEAR":"12-31","CURRENCY":"HKD","IS_CNY_CODE":0,"DPS_HKD_LY":null,"ORG_TYPE":"一般企业","PREMIUM_INCOME":null,"PREMIUM_INCOME_YOY":null,"NET_INTEREST_INCOME":null,"NET_INTEREST_INCOME_YOY":null,"FEE_COMMISSION_INCOME":null,"FEE_COMMISSION_INCOME_YOY":null,"ACCOUNTS_RECE_TDAYS":27.272602698919,"INVENTORY_TDAYS":4.590202628542,"CURRENT_ASSETS_TDAYS":0.777081139441,"TOTAL_ASSETS_TDAYS":0.176667850223,"PREMIUM_EXPENSE":null,"LOAN_DEPOSIT":null,"LOAN_EQUITY":null,"LOAN_ASSETS":null,"DEPOSIT_EQUITY":null,"DEPOSIT_ASSETS":null,"EQUITY_MULTIPLIER":15.19613218182,"EQUITY_RATIO":-23.658661668895},{"SECUCODE":"00866.HK","SECURITY_CODE":"00866","SECURITY_NAME_ABBR":"中国秦发","ORG_CODE":"10133360","STD_REPORT_DATE":"2023-12-31 00:00:00","REPORT_DATE":"2023-12-31 00:00:00","DATE_TYPE_CODE":"001","REPORT_TYPE":"2023年年报","PER_NETCASH_OPERATE":0.585662071676,"PER_OI":1.383317018654,"BPS":-0.248303314729,"BASIC_EPS":0.078,"DILUTED_EPS":0.077,"OPERATE_INCOME":3449182000,"OPERATE_INCOME_YOY":-9.0894426757,"GROSS_PROFIT":878020000,"GROSS_PROFIT_YOY":-31.042823944088,"HOLDER_PROFIT":200346000,"HOLDER_PROFIT_YOY":-56.1167294209,"GROSS_PROFIT_RATIO":25.455890701042,"EPS_TTM":0.080350074719,"OPERATE_INCOME_QOQ":-5.320519383839,"NET_PROFIT_RATIO":5.5673200196,"ROE_AVG":-87.151669117199,"GROSS_PROFIT_QOQ":-8.523574958951,"ROA":2.55086164441,"HOLDER_PROFIT_QOQ":-22.934064708213,"ROE_YEARLY":-87.151669117199,"ROIC_YEARLY":3.092359596971,"TOTAL_ASSETS":7857573000,"TOTAL_LIABILITIES":7538655000,"TAX_EBT":45.468099063717,"OCF_SALES":42.337516547402,"TOTAL_PARENT_EQUITY":-472869000,"DEBT_ASSET_RATIO":95.9412658336,"OPERATE_PROFIT":523859000,"PRETAX_PROFIT":352137000,"NETCASH_OPERATE":1460298000,"NETCASH_INVEST":-1842789000,"NETCASH_FINANCE":-212072000,"END_CASH":302732000,"DIVI_RATIO":0.227175893288,"DIVIDEND_RATE":1.724137931034,"CURRENT_RATIO":0.35706279848,"COMMON_ACS":20000000000,"CURRENTDEBT_DEBT":68.59589674816,"ISSUED_COMMON_SHARES":2536413985,"HK_COMMON_SHARES":2536413985,"PER_SHARES":2000,"TOTAL_MARKET_CAP":2942240222.6,"HKSK_MARKET_CAP":2942240222.6,"PE_TTM":23.286345860873,"PB_TTM":-5.830904205263,"REPORT_DATE_SQ":"2022-12-31 00:00:00","REPORT_TYPE_SQ":"2022年年报","OPERATE_INCOME_SQ":3794039000,"DPS_HKD":0.02,"OPERATE_INCOME_QOQ_SQ":-24.280986101293,"NET_PROFIT_RATIO_SQ":12.9159452499,"HOLDER_PROFIT_SQ":456543000,"HOLDER_PROFIT_QOQ_SQ":-82.759633775851,"ROE_AVG_SQ":-208.948468046253,"PE_TTM_SQ":3.69189900284,"PB_TTM_SQ":-29.610405099215,"ROA_SQ":5.810238432144,"START_DATE":"2023-01-01 00:00:00","FISCAL_YEAR":"12-31","CURRENCY":"HKD","IS_CNY_CODE":0,"DPS_HKD_LY":null,"ORG_TYPE":"一般企业","PREMIUM_INCOME":null,"PREMIUM_INCOME_YOY":null,"NET_INTEREST_INCOME":null,"NET_INTEREST_INCOME_YOY":null,"FEE_COMMISSION_INCOME":null,"FEE_COMMISSION_INCOME_YOY":null,"ACCOUNTS_RECE_TDAYS":28.201710491889,"INVENTORY_TDAYS":8.029624355305,"CURRENT_ASSETS_TDAYS":1.791066430571,"TOTAL_ASSETS_TDAYS":0.439159557385,"PREMIUM_EXPENSE":null,"LOAN_DEPOSIT":null,"LOAN_EQUITY":null,"LOAN_ASSETS":null,"DEPOSIT_EQUITY":null,"DEPOSIT_ASSETS":null,"EQUITY_MULTIPLIER":24.638223618547,"EQUITY_RATIO":-15.942375160985},{"SECUCODE":"00866.HK","SECURITY_CODE":"00866","SECURITY_NAME_ABBR":"中国秦发","ORG_CODE":"10133360","STD_REPORT_DATE":"2023-06-30 00:00:00","REPORT_DATE":"2023-06-30 00:00:00","DATE_TYPE_CODE":"002","REPORT_TYPE":"2023年中报","PER_NETCASH_OPERATE":0.401002804193,"PER_OI":0.764383295941,"BPS":-0.012243663765,"BASIC_EPS":0.0514,"DILUTED_EPS":0.0501,"OPERATE_INCOME":1905924000,"OPERATE_INCOME_YOY":-7.3424101852,"GROSS_PROFIT":390148000,"GROSS_PROFIT_YOY":-44.549665363368,"HOLDER_PROFIT":130798000,"HOLDER_PROFIT_YOY":-60.0463078925,"GROSS_PROFIT_RATIO":20.470281081512,"EPS_TTM":0.104261467034,"OPERATE_INCOME_QOQ":-3.980718173957,"NET_PROFIT_RATIO":7.3508177661,"ROE_AVG":188.224289651103,"GROSS_PROFIT_QOQ":-24.61754378249,"ROA":1.650333519461,"HOLDER_PROFIT_QOQ":-43.057499512642,"ROE_YEARLY":376.448579302207,"ROIC_YEARLY":4.26940382723,"TOTAL_ASSETS":8000568000,"TOTAL_LIABILITIES":7065286000,"TAX_EBT":24.56413348984,"OCF_SALES":52.460958569177,"TOTAL_PARENT_EQUITY":125876000,"DEBT_ASSET_RATIO":88.3098050038,"OPERATE_PROFIT":259335000,"PRETAX_PROFIT":185722000,"NETCASH_OPERATE":999866000,"NETCASH_INVEST":-557776000,"NETCASH_FINANCE":-83334000,"END_CASH":1131141000,"DIVI_RATIO":0.17507522692,"DIVIDEND_RATE":1.724137931034,"CURRENT_RATIO":0.377656088847,"COMMON_ACS":20000000000,"CURRENTDEBT_DEBT":86.935688095287,"ISSUED_COMMON_SHARES":2536413985,"HK_COMMON_SHARES":2536413985,"PER_SHARES":2000,"TOTAL_MARKET_CAP":2942240222.6,"HKSK_MARKET_CAP":2942240222.6,"PE_TTM":23.286345860873,"PB_TTM":-5.830904205263,"REPORT_DATE_SQ":"2022-06-30 00:00:00","REPORT_TYPE_SQ":"2022年中报","OPERATE_INCOME_SQ":2056954000,"DPS_HKD":0.02,"OPERATE_INCOME_QOQ_SQ":9.903140477016,"NET_PROFIT_RATIO_SQ":18.0454205587,"HOLDER_PROFIT_SQ":327374000,"HOLDER_PROFIT_QOQ_SQ":-5.206322000783,"ROE_AVG_SQ":-114.459229838681,"PE_TTM_SQ":3.69189900284,"PB_TTM_SQ":-29.610405099215,"ROA_SQ":4.223933204429,"START_DATE":"2023-01-01 00:00:00","FISCAL_YEAR":"12-31","CURRENCY":"HKD","IS_CNY_CODE":0,"DPS_HKD_LY":null,"ORG_TYPE":"一般企业","PREMIUM_INCOME":null,"PREMIUM_INCOME_YOY":null,"NET_INTEREST_INCOME":null,"NET_INTEREST_INCOME_YOY":null,"FEE_COMMISSION_INCOME":null,"FEE_COMMISSION_INCOME_YOY":null,"ACCOUNTS_RECE_TDAYS":12.059489950552,"INVENTORY_TDAYS":4.442264013809,"CURRENT_ASSETS_TDAYS":0.881402271667,"TOTAL_ASSETS_TDAYS":0.240478467771,"PREMIUM_EXPENSE":null,"LOAN_DEPOSIT":null,"LOAN_EQUITY":null,"LOAN_ASSETS":null,"DEPOSIT_EQUITY":null,"DEPOSIT_ASSETS":null,"EQUITY_MULTIPLIER":8.554177242767,"EQUITY_RATIO":56.128936413613},{"SECUCODE":"00866.HK","SECURITY_CODE":"00866","SECURITY_NAME_ABBR":"中国秦发","ORG_CODE":"10133360","STD_REPORT_DATE":"2022-12-31 00:00:00","REPORT_DATE":"2022-12-31 00:00:00","DATE_TYPE_CODE":"001","REPORT_TYPE":"2022年年报","PER_NETCASH_OPERATE":0.394812897466,"PER_OI":1.521624175859,"BPS":-0.056703677259,"BASIC_EPS":0.181,"DILUTED_EPS":0.175,"OPERATE_INCOME":3794039000,"OPERATE_INCOME_YOY":-16.7824257871,"GROSS_PROFIT":1273283000,"GROSS_PROFIT_YOY":-34.404691314649,"HOLDER_PROFIT":456543000,"HOLDER_PROFIT_YOY":-83.6572227556,"GROSS_PROFIT_RATIO":33.560092555717,"EPS_TTM":0.183099558576,"OPERATE_INCOME_QOQ":-24.280986101293,"NET_PROFIT_RATIO":12.9159452499,"ROE_AVG":-208.948468046253,"GROSS_PROFIT_QOQ":-39.960862994547,"ROA":5.810238432144,"HOLDER_PROFIT_QOQ":-82.759633775851,"ROE_YEARLY":-208.948468046253,"ROIC_YEARLY":7.446488198306,"TOTAL_ASSETS":7850531000,"TOTAL_LIABILITIES":7037320000,"TAX_EBT":36.091791528481,"OCF_SALES":25.94680761057,"TOTAL_PARENT_EQUITY":13105000,"DEBT_ASSET_RATIO":89.6413248989,"OPERATE_PROFIT":1020470000,"PRETAX_PROFIT":766781000,"NETCASH_OPERATE":984432000,"NETCASH_INVEST":-835634000,"NETCASH_FINANCE":-307814000,"END_CASH":855997000,"DIVI_RATIO":0.099692211942,"DIVIDEND_RATE":1.724137931034,"CURRENT_RATIO":0.325452979281,"COMMON_ACS":20000000000,"CURRENTDEBT_DEBT":87.546580232248,"ISSUED_COMMON_SHARES":2536413985,"HK_COMMON_SHARES":2536413985,"PER_SHARES":2000,"TOTAL_MARKET_CAP":2942240222.6,"HKSK_MARKET_CAP":2942240222.6,"PE_TTM":23.286345860873,"PB_TTM":-5.830904205263,"REPORT_DATE_SQ":"2021-12-31 00:00:00","REPORT_TYPE_SQ":"2021年年报","OPERATE_INCOME_SQ":4559180000,"DPS_HKD":0.02,"OPERATE_INCOME_QOQ_SQ":51.612334684566,"NET_PROFIT_RATIO_SQ":69.9228808689,"HOLDER_PROFIT_SQ":2793546000,"HOLDER_PROFIT_QOQ_SQ":217.677641447797,"ROE_AVG_SQ":-148.975056754642,"PE_TTM_SQ":3.69189900284,"PB_TTM_SQ":-29.610405099215,"ROA_SQ":42.4469943624,"START_DATE":"2022-01-01 00:00:00","FISCAL_YEAR":"12-31","CURRENCY":"HKD","IS_CNY_CODE":0,"DPS_HKD_LY":null,"ORG_TYPE":"一般企业","PREMIUM_INCOME":null,"PREMIUM_INCOME_YOY":null,"NET_INTEREST_INCOME":null,"NET_INTEREST_INCOME_YOY":null,"FEE_COMMISSION_INCOME":null,"FEE_COMMISSION_INCOME_YOY":null,"ACCOUNTS_RECE_TDAYS":21.002850911184,"INVENTORY_TDAYS":7.674632291378,"CURRENT_ASSETS_TDAYS":1.957229759079,"TOTAL_ASSETS_TDAYS":0.482852025129,"PREMIUM_EXPENSE":null,"LOAN_DEPOSIT":null,"LOAN_EQUITY":null,"LOAN_ASSETS":null,"DEPOSIT_EQUITY":null,"DEPOSIT_ASSETS":null,"EQUITY_MULTIPLIER":9.653744231188,"EQUITY_RATIO":536.995040061045},{"SECUCODE":"00866.HK","SECURITY_CODE":"00866","SECURITY_NAME_ABBR":"中国秦发","ORG_CODE":"10133360","STD_REPORT_DATE":"2022-06-30 00:00:00","REPORT_DATE":"2022-06-30 00:00:00","DATE_TYPE_CODE":"002","REPORT_TYPE":"2022年中报","PER_NETCASH_OPERATE":0.185889307908,"PER_OI":0.824954866049,"BPS":-0.109946168744,"BASIC_EPS":0.1303,"DILUTED_EPS":0.1254,"OPERATE_INCOME":2056954000,"OPERATE_INCOME_YOY":28.1230457217,"GROSS_PROFIT":703599000,"GROSS_PROFIT_YOY":34.284100213183,"HOLDER_PROFIT":327374000,"HOLDER_PROFIT_YOY":-30.7606569166,"GROSS_PROFIT_RATIO":34.205869455515,"EPS_TTM":1.062039844138,"OPERATE_INCOME_QOQ":9.903140477016,"NET_PROFIT_RATIO":18.0454205587,"ROE_AVG":-114.459229838681,"GROSS_PROFIT_QOQ":9.254249739454,"ROA":4.223933204429,"HOLDER_PROFIT_QOQ":-5.206322000783,"ROE_YEARLY":-228.918459677363,"ROIC_YEARLY":11.025411905006,"TOTAL_ASSETS":7636318000,"TOTAL_LIABILITIES":6947831000,"TAX_EBT":22.950972801415,"OCF_SALES":22.533270068266,"TOTAL_PARENT_EQUITY":-121938000,"DEBT_ASSET_RATIO":90.9840449285,"OPERATE_PROFIT":615864000,"PRETAX_PROFIT":481753000,"NETCASH_OPERATE":463499000,"NETCASH_INVEST":-253036000,"NETCASH_FINANCE":-226613000,"END_CASH":1016360000,"DIVI_RATIO":0.017187302436,"DIVIDEND_RATE":1.724137931034,"CURRENT_RATIO":0.446816135614,"COMMON_ACS":20000000000,"CURRENTDEBT_DEBT":59.600283887159,"ISSUED_COMMON_SHARES":2536413985,"HK_COMMON_SHARES":2536413985,"PER_SHARES":2000,"TOTAL_MARKET_CAP":2942240222.6,"HKSK_MARKET_CAP":2942240222.6,"PE_TTM":23.286345860873,"PB_TTM":-5.830904205263,"REPORT_DATE_SQ":"2021-06-30 00:00:00","REPORT_TYPE_SQ":"2021年中报","OPERATE_INCOME_SQ":1605452000,"DPS_HKD":0.02,"OPERATE_INCOME_QOQ_SQ":33.807044077882,"NET_PROFIT_RATIO_SQ":29.8097358252,"HOLDER_PROFIT_SQ":472815000,"HOLDER_PROFIT_QOQ_SQ":18.183773284085,"ROE_AVG_SQ":-15.606726919661,"PE_TTM_SQ":3.69189900284,"PB_TTM_SQ":-29.610405099215,"ROA_SQ":9.224951140332,"START_DATE":"2022-01-01 00:00:00","FISCAL_YEAR":"12-31","CURRENCY":"HKD","IS_CNY_CODE":0,"DPS_HKD_LY":null,"ORG_TYPE":"一般企业","PREMIUM_INCOME":null,"PREMIUM_INCOME_YOY":null,"NET_INTEREST_INCOME":null,"NET_INTEREST_INCOME_YOY":null,"FEE_COMMISSION_INCOME":null,"FEE_COMMISSION_INCOME_YOY":null,"ACCOUNTS_RECE_TDAYS":13.632142620452,"INVENTORY_TDAYS":5.820481171188,"CURRENT_ASSETS_TDAYS":1.10526916754,"TOTAL_ASSETS_TDAYS":0.265397872176,"PREMIUM_EXPENSE":null,"LOAN_DEPOSIT":null,"LOAN_EQUITY":null,"LOAN_ASSETS":null,"DEPOSIT_EQUITY":null,"DEPOSIT_ASSETS":null,"EQUITY_MULTIPLIER":11.091448349838,"EQUITY_RATIO":-56.978390657547},{"SECUCODE":"00866.HK","SECURITY_CODE":"00866","SECURITY_NAME_ABBR":"中国秦发","ORG_CODE":"10133360","STD_REPORT_DATE":"2021-12-31 00:00:00","REPORT_DATE":"2021-12-31 00:00:00","DATE_TYPE_CODE":"001","REPORT_TYPE":"2021年年报","PER_NETCASH_OPERATE":0.757141417894,"PER_OI":1.828488982346,"BPS":-0.251911558515,"BASIC_EPS":1.118,"DILUTED_EPS":1.07,"OPERATE_INCOME":4559180000,"OPERATE_INCOME_YOY":102.8679834989,"GROSS_PROFIT":1941119000,"GROSS_PROFIT_YOY":446.309331156861,"HOLDER_PROFIT":2793546000,"HOLDER_PROFIT_YOY":196.2794059209,"GROSS_PROFIT_RATIO":42.576055343285,"EPS_TTM":1.120369909211,"OPERATE_INCOME_QOQ":51.612334684566,"NET_PROFIT_RATIO":69.9228808689,"ROE_AVG":-148.975056754642,"GROSS_PROFIT_QOQ":143.63451289891,"ROA":42.4469943624,"HOLDER_PROFIT_QOQ":217.677641447797,"ROE_YEARLY":-148.975056754642,"ROIC_YEARLY":51.549475886923,"TOTAL_ASSETS":7896513000,"TOTAL_LIABILITIES":7579998000,"TAX_EBT":19.701941716271,"OCF_SALES":41.408038287587,"TOTAL_PARENT_EQUITY":-450098000,"DEBT_ASSET_RATIO":96.3813498224,"OPERATE_PROFIT":4330857000,"PRETAX_PROFIT":3970096000,"NETCASH_OPERATE":1887867000,"NETCASH_INVEST":-18766000,"NETCASH_FINANCE":-989725000,"END_CASH":1030439000,"DIVI_RATIO":0.016292476128,"DIVIDEND_RATE":1.724137931034,"CURRENT_RATIO":0.408619398318,"COMMON_ACS":20000000000,"CURRENTDEBT_DEBT":60.434356315134,"ISSUED_COMMON_SHARES":2536413985,"HK_COMMON_SHARES":2536413985,"PER_SHARES":2000,"TOTAL_MARKET_CAP":2942240222.6,"HKSK_MARKET_CAP":2942240222.6,"PE_TTM":23.286345860873,"PB_TTM":-5.830904205263,"REPORT_DATE_SQ":"2020-12-31 00:00:00","REPORT_TYPE_SQ":"2020年年报","OPERATE_INCOME_SQ":2247363000,"DPS_HKD":0.02,"OPERATE_INCOME_QOQ_SQ":-2.986137071786,"NET_PROFIT_RATIO_SQ":-152.9290105782,"HOLDER_PROFIT_SQ":-2901499000,"HOLDER_PROFIT_QOQ_SQ":-15307.2801614274,"ROE_AVG_SQ":160.717192757393,"PE_TTM_SQ":3.69189900284,"PB_TTM_SQ":-29.610405099215,"ROA_SQ":-39.603992695337,"START_DATE":"2021-01-01 00:00:00","FISCAL_YEAR":"12-31","CURRENCY":"HKD","IS_CNY_CODE":0,"DPS_HKD_LY":null,"ORG_TYPE":"一般企业","PREMIUM_INCOME":null,"PREMIUM_INCOME_YOY":null,"NET_INTEREST_INCOME":null,"NET_INTEREST_INCOME_YOY":null,"FEE_COMMISSION_INCOME":null,"FEE_COMMISSION_INCOME_YOY":null,"ACCOUNTS_RECE_TDAYS":14.885562977909,"INVENTORY_TDAYS":19.168138288526,"CURRENT_ASSETS_TDAYS":3.242877988599,"TOTAL_ASSETS_TDAYS":0.692752107025,"PREMIUM_EXPENSE":null,"LOAN_DEPOSIT":null,"LOAN_EQUITY":null,"LOAN_ASSETS":null,"DEPOSIT_EQUITY":null,"DEPOSIT_ASSETS":null,"EQUITY_MULTIPLIER":27.634613762617,"EQUITY_RATIO":-16.840772453999},{"SECUCODE":"00866.HK","SECURITY_CODE":"00866","SECURITY_NAME_ABBR":"中国秦发","ORG_CODE":"10133360","STD_REPORT_DATE":"2021-06-30 00:00:00","REPORT_DATE":"2021-06-30 00:00:00","DATE_TYPE_CODE":"002","REPORT_TYPE":"2021年中报","PER_NETCASH_OPERATE":0.371641855534,"PER_OI":0.64387703352,"BPS":-1.162158865797,"BASIC_EPS":0.1887,"DILUTED_EPS":0.1811,"OPERATE_INCOME":1605452000,"OPERATE_INCOME_YOY":89.8404252174,"GROSS_PROFIT":523963000,"GROSS_PROFIT_YOY":534.768123667377,"HOLDER_PROFIT":472815000,"HOLDER_PROFIT_YOY":963.0058225491,"GROSS_PROFIT_RATIO":32.636478698834,"EPS_TTM":-0.952066930835,"OPERATE_INCOME_QOQ":33.807044077882,"NET_PROFIT_RATIO":29.8097358252,"ROE_AVG":-15.606726919661,"GROSS_PROFIT_QOQ":124.233145237325,"ROA":9.224951140332,"HOLDER_PROFIT_QOQ":18.183773284085,"ROE_YEARLY":-31.213453839321,"ROIC_YEARLY":21.31765579503,"TOTAL_ASSETS":4952861000,"TOTAL_LIABILITIES":7365247000,"TAX_EBT":-1.105315528289,"OCF_SALES":57.719383700042,"TOTAL_PARENT_EQUITY":-2790785000,"DEBT_ASSET_RATIO":148.7069190918,"OPERATE_PROFIT":644061000,"PRETAX_PROFIT":473349000,"NETCASH_OPERATE":926657000,"NETCASH_INVEST":39786000,"NETCASH_FINANCE":-648606000,"END_CASH":473433000,"DIVI_RATIO":-0.019172601641,"DIVIDEND_RATE":1.724137931034,"CURRENT_RATIO":0.212978609497,"COMMON_ACS":20000000000,"CURRENTDEBT_DEBT":60.967459747107,"ISSUED_COMMON_SHARES":2536413985,"HK_COMMON_SHARES":2536413985,"PER_SHARES":2000,"TOTAL_MARKET_CAP":2942240222.6,"HKSK_MARKET_CAP":2942240222.6,"PE_TTM":23.286345860873,"PB_TTM":-5.830904205263,"REPORT_DATE_SQ":"2020-06-30 00:00:00","REPORT_TYPE_SQ":"2020年中报","OPERATE_INCOME_SQ":845685000,"DPS_HKD":0.02,"OPERATE_INCOME_QOQ_SQ":-17.252314682517,"NET_PROFIT_RATIO_SQ":-10.0448748648,"HOLDER_PROFIT_SQ":-54787000,"HOLDER_PROFIT_QOQ_SQ":-123.129168150723,"ROE_AVG_SQ":14.474577614563,"PE_TTM_SQ":3.69189900284,"PB_TTM_SQ":-29.610405099215,"ROA_SQ":-0.59457034975,"START_DATE":"2021-01-01 00:00:00","FISCAL_YEAR":"12-31","CURRENCY":"HKD","IS_CNY_CODE":0,"DPS_HKD_LY":null,"ORG_TYPE":"一般企业","PREMIUM_INCOME":null,"PREMIUM_INCOME_YOY":null,"NET_INTEREST_INCOME":null,"NET_INTEREST_INCOME_YOY":null,"FEE_COMMISSION_INCOME":null,"FEE_COMMISSION_INCOME_YOY":null,"ACCOUNTS_RECE_TDAYS":5.901854608951,"INVENTORY_TDAYS":13.254922387749,"CURRENT_ASSETS_TDAYS":1.6932316696,"TOTAL_ASSETS_TDAYS":0.31323490706,"PREMIUM_EXPENSE":null,"LOAN_DEPOSIT":null,"LOAN_EQUITY":null,"LOAN_ASSETS":null,"DEPOSIT_EQUITY":null,"DEPOSIT_ASSETS":null,"EQUITY_MULTIPLIER":-2.053096395022,"EQUITY_RATIO":-2.639130925528},{"SECUCODE":"00866.HK","SECURITY_CODE":"00866","SECURITY_NAME_ABBR":"中国秦发","ORG_CODE":"10133360","STD_REPORT_DATE":"2020-12-31 00:00:00","REPORT_DATE":"2020-12-31 00:00:00","DATE_TYPE_CODE":"001","REPORT_TYPE":"2020年年报","PER_NETCASH_OPERATE":0.211389285201,"PER_OI":0.901319641872,"BPS":-1.350435701844,"BASIC_EPS":-1.166,"DILUTED_EPS":-1.166,"OPERATE_INCOME":2247363000,"OPERATE_INCOME_YOY":-19.7232739898,"GROSS_PROFIT":355315000,"GROSS_PROFIT_YOY":-12.604105687257,"HOLDER_PROFIT":-2901499000,"HOLDER_PROFIT_YOY":-3663.5757359895,"GROSS_PROFIT_RATIO":15.810307458119,"EPS_TTM":-1.163665166497,"OPERATE_INCOME_QOQ":-2.986137071786,"NET_PROFIT_RATIO":-152.9290105782,"ROE_AVG":160.717192757393,"GROSS_PROFIT_QOQ":19.107319444212,"ROA":-39.603992695337,"HOLDER_PROFIT_QOQ":-15307.2801614274,"ROE_YEARLY":160.717192757393,"ROIC_YEARLY":-44.439868311522,"TOTAL_ASSETS":5297925000,"TOTAL_LIABILITIES":8194009000,"TAX_EBT":20.313665807404,"OCF_SALES":23.453309500957,"TOTAL_PARENT_EQUITY":-3268333000,"DEBT_ASSET_RATIO":154.6644960055,"OPERATE_PROFIT":-3946158000,"PRETAX_PROFIT":-4312998000,"NETCASH_OPERATE":527081000,"NETCASH_INVEST":-139679000,"NETCASH_FINANCE":-394072000,"END_CASH":154904000,"DIVI_RATIO":-0.015686299226,"DIVIDEND_RATE":1.724137931034,"CURRENT_RATIO":0.182703734674,"COMMON_ACS":20000000000,"CURRENTDEBT_DEBT":62.786189275604,"ISSUED_COMMON_SHARES":2536413985,"HK_COMMON_SHARES":2536413985,"PER_SHARES":2000,"TOTAL_MARKET_CAP":2942240222.6,"HKSK_MARKET_CAP":2942240222.6,"PE_TTM":23.286345860873,"PB_TTM":-5.830904205263,"REPORT_DATE_SQ":"2019-12-31 00:00:00","REPORT_TYPE_SQ":"2019年年报","OPERATE_INCOME_SQ":2799520000,"DPS_HKD":0.02,"OPERATE_INCOME_QOQ_SQ":-10.50516985195,"NET_PROFIT_RATIO_SQ":2.8834585929,"HOLDER_PROFIT_SQ":81421000,"HOLDER_PROFIT_QOQ_SQ":-94.397127444861,"ROE_AVG_SQ":-21.208135155269,"PE_TTM_SQ":3.69189900284,"PB_TTM_SQ":-29.610405099215,"ROA_SQ":0.846838606838,"START_DATE":"2020-01-01 00:00:00","FISCAL_YEAR":"12-31","CURRENCY":"HKD","IS_CNY_CODE":0,"DPS_HKD_LY":null,"ORG_TYPE":"一般企业","PREMIUM_INCOME":null,"PREMIUM_INCOME_YOY":null,"NET_INTEREST_INCOME":null,"NET_INTEREST_INCOME_YOY":null,"FEE_COMMISSION_INCOME":null,"FEE_COMMISSION_INCOME_YOY":null,"ACCOUNTS_RECE_TDAYS":8.036758566062,"INVENTORY_TDAYS":32.860891841431,"CURRENT_ASSETS_TDAYS":2.814898641815,"TOTAL_ASSETS_TDAYS":0.306753674,"PREMIUM_EXPENSE":null,"LOAN_DEPOSIT":null,"LOAN_EQUITY":null,"LOAN_ASSETS":null,"DEPOSIT_EQUITY":null,"DEPOSIT_ASSETS":null,"EQUITY_MULTIPLIER":-1.829340930719,"EQUITY_RATIO":-2.507091229688},{"SECUCODE":"00866.HK","SECURITY_CODE":"00866","SECURITY_NAME_ABBR":"中国秦发","ORG_CODE":"10133360","STD_REPORT_DATE":"2020-06-30 00:00:00","REPORT_DATE":"2020-06-30 00:00:00","DATE_TYPE_CODE":"002","REPORT_TYPE":"2020年中报","PER_NETCASH_OPERATE":0.055658627422,"PER_OI":0.33916750491,"BPS":-0.225351619799,"BASIC_EPS":-0.023,"DILUTED_EPS":-0.023,"OPERATE_INCOME":845685000,"OPERATE_INCOME_YOY":-36.3508689536,"GROSS_PROFIT":82544000,"GROSS_PROFIT_YOY":-56.734997667556,"HOLDER_PROFIT":-54787000,"HOLDER_PROFIT_YOY":-220.5010337395,"GROSS_PROFIT_RATIO":9.760608264306,"EPS_TTM":-0.00755269687,"OPERATE_INCOME_QOQ":-17.252314682517,"NET_PROFIT_RATIO":-10.0448748648,"ROE_AVG":14.474577614563,"GROSS_PROFIT_QOQ":-26.624245495108,"ROA":-0.59457034975,"HOLDER_PROFIT_QOQ":-123.129168150723,"ROE_YEARLY":28.949155229125,"ROIC_YEARLY":-1.336301211323,"TOTAL_ASSETS":9074473000,"TOTAL_LIABILITIES":8611668000,"TAX_EBT":40.800312208176,"OCF_SALES":16.410365561645,"TOTAL_PARENT_EQUITY":-414654000,"DEBT_ASSET_RATIO":94.899924216,"OPERATE_PROFIT":26717000,"PRETAX_PROFIT":-143494000,"NETCASH_OPERATE":138780000,"NETCASH_INVEST":-57623000,"NETCASH_FINANCE":-155532000,"END_CASH":84736000,"DIVI_RATIO":-2.416832068638,"DIVIDEND_RATE":1.724137931034,"CURRENT_RATIO":0.106562665961,"COMMON_ACS":20000000000,"CURRENTDEBT_DEBT":58.380443835039,"ISSUED_COMMON_SHARES":2536413985,"HK_COMMON_SHARES":2536413985,"PER_SHARES":2000,"TOTAL_MARKET_CAP":2942240222.6,"HKSK_MARKET_CAP":2942240222.6,"PE_TTM":23.286345860873,"PB_TTM":-5.830904205263,"REPORT_DATE_SQ":"2019-06-30 00:00:00","REPORT_TYPE_SQ":"2019年中报","OPERATE_INCOME_SQ":1328667000,"DPS_HKD":0.02,"OPERATE_INCOME_QOQ_SQ":-14.364955326895,"NET_PROFIT_RATIO_SQ":3.8748610449,"HOLDER_PROFIT_SQ":45466000,"HOLDER_PROFIT_QOQ_SQ":-3.410282025564,"ROE_AVG_SQ":-11.287865904145,"PE_TTM_SQ":3.69189900284,"PB_TTM_SQ":-29.610405099215,"ROA_SQ":0.462027701643,"START_DATE":"2020-01-01 00:00:00","FISCAL_YEAR":"12-31","CURRENCY":"HKD","IS_CNY_CODE":0,"DPS_HKD_LY":null,"ORG_TYPE":"一般企业","PREMIUM_INCOME":null,"PREMIUM_INCOME_YOY":null,"NET_INTEREST_INCOME":null,"NET_INTEREST_INCOME_YOY":null,"FEE_COMMISSION_INCOME":null,"FEE_COMMISSION_INCOME_YOY":null,"ACCOUNTS_RECE_TDAYS":6.253517064928,"INVENTORY_TDAYS":13.05596947897,"CURRENT_ASSETS_TDAYS":1.418276588126,"TOTAL_ASSETS_TDAYS":0.091777105194,"PREMIUM_EXPENSE":null,"LOAN_DEPOSIT":null,"LOAN_EQUITY":null,"LOAN_ASSETS":null,"DEPOSIT_EQUITY":null,"DEPOSIT_ASSETS":null,"EQUITY_MULTIPLIER":19.607551776725,"EQUITY_RATIO":-20.768322505028}],"count":35},"success":true,"message":"ok","code":0}