{"version":"0195af48c0b7033e2923d88b89b24e04","result":{"pages":4,"data":[{"SECUCODE":"00864.HK","SECURITY_CODE":"00864","SECURITY_NAME_ABBR":"永利地产发展","ORG_CODE":"10320108","STD_REPORT_DATE":"2024-06-30 00:00:00","REPORT_DATE":"2024-06-30 00:00:00","DATE_TYPE_CODE":"002","REPORT_TYPE":"2024年中报","PER_NETCASH_OPERATE":0.017567002329,"PER_OI":0.031629112359,"BPS":1.883136327371,"BASIC_EPS":-0.144842316,"DILUTED_EPS":-0.144842316,"OPERATE_INCOME":12214396.44,"OPERATE_INCOME_YOY":-3.0709060621,"GROSS_PROFIT":12214396.44,"GROSS_PROFIT_YOY":-4.048628543782,"HOLDER_PROFIT":-55920816.28,"HOLDER_PROFIT_YOY":-56632.4074074074,"GROSS_PROFIT_RATIO":null,"EPS_TTM":-0.25505732206,"OPERATE_INCOME_QOQ":-2.046696533475,"NET_PROFIT_RATIO":-457.8270940746,"ROE_AVG":-7.298128507857,"GROSS_PROFIT_QOQ":-2.156349305212,"ROA":-6.309907484693,"HOLDER_PROFIT_QOQ":-130.803305932124,"ROE_YEARLY":-14.596257015713,"ROIC_YEARLY":-13.436210291789,"TOTAL_ASSETS":861288814.56,"TOTAL_LIABILITIES":134067215.92,"TAX_EBT":-1.735131006542,"OCF_SALES":55.540611223194,"TOTAL_PARENT_EQUITY":727221598.64,"DEBT_ASSET_RATIO":15.5658837841,"OPERATE_PROFIT":-51550904.44,"PRETAX_PROFIT":-54967065.68,"NETCASH_OPERATE":6783950.44,"NETCASH_INVEST":-4567963.4,"NETCASH_FINANCE":27631387,"END_CASH":68772263.36,"DIVI_RATIO":null,"DIVIDEND_RATE":null,"CURRENT_RATIO":1.530578150793,"COMMON_ACS":1000000000,"CURRENTDEBT_DEBT":34.22944436124,"ISSUED_COMMON_SHARES":386175758,"HK_COMMON_SHARES":386175758,"PER_SHARES":4000,"TOTAL_MARKET_CAP":73759569.778,"HKSK_MARKET_CAP":73759569.778,"PE_TTM":-0.681350235814,"PB_TTM":0.092569973542,"REPORT_DATE_SQ":"2023-06-30 00:00:00","REPORT_TYPE_SQ":"2023年中报","OPERATE_INCOME_SQ":12729777.86,"DPS_HKD":null,"OPERATE_INCOME_QOQ_SQ":2.540457127884,"NET_PROFIT_RATIO_SQ":-0.7822119215,"HOLDER_PROFIT_SQ":-99573.84,"HOLDER_PROFIT_QOQ_SQ":35.349364647203,"ROE_AVG_SQ":-0.01156347868,"PE_TTM_SQ":2.895473671846,"PB_TTM_SQ":0.074463615819,"ROA_SQ":-0.010220933039,"START_DATE":"2024-01-01 00:00:00","FISCAL_YEAR":"12-31","CURRENCY":"HKD","IS_CNY_CODE":0,"DPS_HKD_LY":null,"ORG_TYPE":"一般企业","PREMIUM_INCOME":null,"PREMIUM_INCOME_YOY":null,"NET_INTEREST_INCOME":null,"NET_INTEREST_INCOME_YOY":null,"FEE_COMMISSION_INCOME":null,"FEE_COMMISSION_INCOME_YOY":null,"ACCOUNTS_RECE_TDAYS":null,"INVENTORY_TDAYS":null,"CURRENT_ASSETS_TDAYS":0.21879981362,"TOTAL_ASSETS_TDAYS":0.013782293723,"PREMIUM_EXPENSE":null,"LOAN_DEPOSIT":null,"LOAN_EQUITY":null,"LOAN_ASSETS":null,"DEPOSIT_EQUITY":null,"DEPOSIT_ASSETS":null,"EQUITY_MULTIPLIER":1.184355382418,"EQUITY_RATIO":0.184355382418},{"SECUCODE":"00864.HK","SECURITY_CODE":"00864","SECURITY_NAME_ABBR":"永利地产发展","ORG_CODE":"10320108","STD_REPORT_DATE":"2023-12-31 00:00:00","REPORT_DATE":"2023-12-31 00:00:00","DATE_TYPE_CODE":"001","REPORT_TYPE":"2023年年报","PER_NETCASH_OPERATE":0.031750197536,"PER_OI":0.065206410859,"BPS":2.070427330656,"BASIC_EPS":-0.110468218,"DILUTED_EPS":-0.110468218,"OPERATE_INCOME":25181135.14,"OPERATE_INCOME_YOY":-5.2640550953,"GROSS_PROFIT":23900646.28,"GROSS_PROFIT_YOY":-4.523438136685,"HOLDER_PROFIT":-42675712.24,"HOLDER_PROFIT_YOY":-368.6826039824,"GROSS_PROFIT_RATIO":94.914888257099,"EPS_TTM":-0.110508521977,"OPERATE_INCOME_QOQ":-6.271765628457,"NET_PROFIT_RATIO":-169.4749343218,"ROE_AVG":-5.184225388085,"GROSS_PROFIT_QOQ":-5.667330856213,"ROA":-4.564901190905,"HOLDER_PROFIT_QOQ":-301.388293217218,"ROE_YEARLY":-5.184225388085,"ROIC_YEARLY":-4.788636293149,"TOTAL_ASSETS":904738330.3,"TOTAL_LIABILITIES":105189486.5,"TAX_EBT":-4.225040391298,"OCF_SALES":48.691834311009,"TOTAL_PARENT_EQUITY":799548843.8,"DEBT_ASSET_RATIO":11.6265093428,"OPERATE_PROFIT":-35209365.66,"PRETAX_PROFIT":-40945738.26,"NETCASH_OPERATE":12261156.6,"NETCASH_INVEST":-4773060.74,"NETCASH_FINANCE":-17547137.86,"END_CASH":38649376.78,"DIVI_RATIO":null,"DIVIDEND_RATE":null,"CURRENT_RATIO":0.404612215415,"COMMON_ACS":1000000000,"CURRENTDEBT_DEBT":96.607365927202,"ISSUED_COMMON_SHARES":386175758,"HK_COMMON_SHARES":386175758,"PER_SHARES":4000,"TOTAL_MARKET_CAP":71056339.472,"HKSK_MARKET_CAP":71056339.472,"PE_TTM":-0.656379284763,"PB_TTM":0.08917735671,"REPORT_DATE_SQ":"2022-12-31 00:00:00","REPORT_TYPE_SQ":"2022年年报","OPERATE_INCOME_SQ":26200502.37,"DPS_HKD":null,"OPERATE_INCOME_QOQ_SQ":7.971222034153,"NET_PROFIT_RATIO_SQ":59.755889673,"HOLDER_PROFIT_SQ":15656343.29,"HOLDER_PROFIT_QOQ_SQ":-27.609182863808,"ROE_AVG_SQ":1.873577606434,"PE_TTM_SQ":2.766785953097,"PB_TTM_SQ":0.071154121783,"ROA_SQ":1.651274586699,"START_DATE":"2023-01-01 00:00:00","FISCAL_YEAR":"12-31","CURRENCY":"HKD","IS_CNY_CODE":0,"DPS_HKD_LY":null,"ORG_TYPE":"一般企业","PREMIUM_INCOME":null,"PREMIUM_INCOME_YOY":null,"NET_INTEREST_INCOME":null,"NET_INTEREST_INCOME_YOY":null,"FEE_COMMISSION_INCOME":null,"FEE_COMMISSION_INCOME_YOY":null,"ACCOUNTS_RECE_TDAYS":null,"INVENTORY_TDAYS":null,"CURRENT_ASSETS_TDAYS":0.550701085072,"TOTAL_ASSETS_TDAYS":0.02693555368,"PREMIUM_EXPENSE":null,"LOAN_DEPOSIT":null,"LOAN_EQUITY":null,"LOAN_ASSETS":null,"DEPOSIT_EQUITY":null,"DEPOSIT_ASSETS":null,"EQUITY_MULTIPLIER":1.131561051355,"EQUITY_RATIO":0.131561051355},{"SECUCODE":"00864.HK","SECURITY_CODE":"00864","SECURITY_NAME_ABBR":"永利地产发展","ORG_CODE":"10320108","STD_REPORT_DATE":"2023-06-30 00:00:00","REPORT_DATE":"2023-06-30 00:00:00","DATE_TYPE_CODE":"002","REPORT_TYPE":"2023年中报","PER_NETCASH_OPERATE":0.015107860396,"PER_OI":0.032963689709,"BPS":2.228691128872,"BASIC_EPS":-0.000276594,"DILUTED_EPS":-0.000276594,"OPERATE_INCOME":12729777.86,"OPERATE_INCOME_YOY":-2.1266038137,"GROSS_PROFIT":12729777.86,"GROSS_PROFIT_YOY":10.343374550496,"HOLDER_PROFIT":-99573.84,"HOLDER_PROFIT_YOY":98.3606557377,"GROSS_PROFIT_RATIO":93.010791627435,"EPS_TTM":0.054873359425,"OPERATE_INCOME_QOQ":2.540457127884,"NET_PROFIT_RATIO":-0.7822119215,"ROE_AVG":-0.01156347868,"GROSS_PROFIT_QOQ":1.212615661054,"ROA":-0.010220933039,"HOLDER_PROFIT_QOQ":35.349364647203,"ROE_YEARLY":-0.02312695736,"ROIC_YEARLY":-0.021461604841,"TOTAL_ASSETS":966653618.92,"TOTAL_LIABILITIES":105987132.88,"TAX_EBT":109.836065573771,"OCF_SALES":45.83182443688,"TOTAL_PARENT_EQUITY":860666486.04,"DEBT_ASSET_RATIO":10.964334153,"OPERATE_PROFIT":3668558.42,"PRETAX_PROFIT":1012334.04,"NETCASH_OPERATE":5834289.44,"NETCASH_INVEST":843611.7,"NETCASH_FINANCE":-13210129.44,"END_CASH":43023274.72,"DIVI_RATIO":null,"DIVIDEND_RATE":null,"CURRENT_RATIO":0.46103428827,"COMMON_ACS":1000000000,"CURRENTDEBT_DEBT":89.455095862765,"ISSUED_COMMON_SHARES":386175758,"HK_COMMON_SHARES":386175758,"PER_SHARES":4000,"TOTAL_MARKET_CAP":71056339.472,"HKSK_MARKET_CAP":71056339.472,"PE_TTM":-0.656379284763,"PB_TTM":0.08917735671,"REPORT_DATE_SQ":"2022-06-30 00:00:00","REPORT_TYPE_SQ":"2022年中报","OPERATE_INCOME_SQ":12064165.33,"DPS_HKD":null,"OPERATE_INCOME_QOQ_SQ":2.57753107078,"NET_PROFIT_RATIO_SQ":-46.7002197491,"HOLDER_PROFIT_SQ":-5633991.72,"HOLDER_PROFIT_QOQ_SQ":51.97319518676,"ROE_AVG_SQ":-0.706676256354,"PE_TTM_SQ":2.766785953097,"PB_TTM_SQ":0.071154121783,"ROA_SQ":-0.626290214406,"START_DATE":"2023-01-01 00:00:00","FISCAL_YEAR":"12-31","CURRENCY":"HKD","IS_CNY_CODE":0,"DPS_HKD_LY":null,"ORG_TYPE":"一般企业","PREMIUM_INCOME":null,"PREMIUM_INCOME_YOY":null,"NET_INTEREST_INCOME":null,"NET_INTEREST_INCOME_YOY":null,"FEE_COMMISSION_INCOME":null,"FEE_COMMISSION_INCOME_YOY":null,"ACCOUNTS_RECE_TDAYS":null,"INVENTORY_TDAYS":null,"CURRENT_ASSETS_TDAYS":0.268219478791,"TOTAL_ASSETS_TDAYS":0.013066705784,"PREMIUM_EXPENSE":null,"LOAN_DEPOSIT":null,"LOAN_EQUITY":null,"LOAN_ASSETS":null,"DEPOSIT_EQUITY":null,"DEPOSIT_ASSETS":null,"EQUITY_MULTIPLIER":1.123145416488,"EQUITY_RATIO":0.123145416487},{"SECUCODE":"00864.HK","SECURITY_CODE":"00864","SECURITY_NAME_ABBR":"永利地产发展","ORG_CODE":"10320108","STD_REPORT_DATE":"2022-12-31 00:00:00","REPORT_DATE":"2022-12-31 00:00:00","DATE_TYPE_CODE":"001","REPORT_TYPE":"2022年年报","PER_NETCASH_OPERATE":0.038640631994,"PER_OI":0.067846056691,"BPS":2.161497506635,"BASIC_EPS":0.040554458,"DILUTED_EPS":0.040465131,"OPERATE_INCOME":26200502.37,"OPERATE_INCOME_YOY":1.3720882007,"GROSS_PROFIT":25032998.48,"GROSS_PROFIT_YOY":11.902560538873,"HOLDER_PROFIT":15656343.29,"HOLDER_PROFIT_YOY":0.6951625876,"GROSS_PROFIT_RATIO":95.543963724387,"EPS_TTM":0.040542014784,"OPERATE_INCOME_QOQ":7.971222034153,"NET_PROFIT_RATIO":59.755889673,"ROE_AVG":1.873577606434,"GROSS_PROFIT_QOQ":9.520798896985,"ROA":1.651274586699,"HOLDER_PROFIT_QOQ":-27.609182863808,"ROE_YEARLY":1.873577606434,"ROIC_YEARLY":1.732062475603,"TOTAL_ASSETS":951203919.12,"TOTAL_LIABILITIES":116485981.08,"TAX_EBT":12.435051958433,"OCF_SALES":56.953394019979,"TOTAL_PARENT_EQUITY":834717938.04,"DEBT_ASSET_RATIO":12.2461628615,"OPERATE_PROFIT":20617564.87,"PRETAX_PROFIT":17879692.32,"NETCASH_OPERATE":14922075.35,"NETCASH_INVEST":-12803238.91,"NETCASH_FINANCE":5458772.97,"END_CASH":48012369.23,"DIVI_RATIO":null,"DIVIDEND_RATE":null,"CURRENT_RATIO":0.809299004823,"COMMON_ACS":1000000000,"CURRENTDEBT_DEBT":52.629520566854,"ISSUED_COMMON_SHARES":386175758,"HK_COMMON_SHARES":386175758,"PER_SHARES":4000,"TOTAL_MARKET_CAP":71056339.472,"HKSK_MARKET_CAP":71056339.472,"PE_TTM":-0.656379284763,"PB_TTM":0.08917735671,"REPORT_DATE_SQ":"2021-12-31 00:00:00","REPORT_TYPE_SQ":"2021年年报","OPERATE_INCOME_SQ":23656438.4,"DPS_HKD":null,"OPERATE_INCOME_QOQ_SQ":0.744778169467,"NET_PROFIT_RATIO_SQ":60.1576000553,"HOLDER_PROFIT_SQ":14231145.6,"HOLDER_PROFIT_QOQ_SQ":119.653499600211,"ROE_AVG_SQ":1.921230223117,"PE_TTM_SQ":2.766785953097,"PB_TTM_SQ":0.071154121783,"ROA_SQ":1.681130837199,"START_DATE":"2022-01-01 00:00:00","FISCAL_YEAR":"12-31","CURRENCY":"HKD","IS_CNY_CODE":0,"DPS_HKD_LY":null,"ORG_TYPE":"一般企业","PREMIUM_INCOME":null,"PREMIUM_INCOME_YOY":null,"NET_INTEREST_INCOME":null,"NET_INTEREST_INCOME_YOY":null,"FEE_COMMISSION_INCOME":null,"FEE_COMMISSION_INCOME_YOY":null,"ACCOUNTS_RECE_TDAYS":21.409489051095,"INVENTORY_TDAYS":null,"CURRENT_ASSETS_TDAYS":0.575874187658,"TOTAL_ASSETS_TDAYS":0.027633670852,"PREMIUM_EXPENSE":null,"LOAN_DEPOSIT":null,"LOAN_EQUITY":null,"LOAN_ASSETS":null,"DEPOSIT_EQUITY":null,"DEPOSIT_ASSETS":null,"EQUITY_MULTIPLIER":1.139551309217,"EQUITY_RATIO":0.139551309217},{"SECUCODE":"00864.HK","SECURITY_CODE":"00864","SECURITY_NAME_ABBR":"永利地产发展","ORG_CODE":"10320108","STD_REPORT_DATE":"2022-06-30 00:00:00","REPORT_DATE":"2022-06-30 00:00:00","DATE_TYPE_CODE":"002","REPORT_TYPE":"2022年中报","PER_NETCASH_OPERATE":0.018708178777,"PER_OI":0.031240089726,"BPS":2.055040733318,"BASIC_EPS":-0.01453823,"DILUTED_EPS":-0.01453823,"OPERATE_INCOME":12064165.33,"OPERATE_INCOME_YOY":2.477117536,"GROSS_PROFIT":11536513.1,"GROSS_PROFIT_YOY":4.402621844459,"HOLDER_PROFIT":-5633991.72,"HOLDER_PROFIT_YOY":57.9310344828,"GROSS_PROFIT_RATIO":95.626284823138,"EPS_TTM":0.056004361309,"OPERATE_INCOME_QOQ":2.57753107078,"NET_PROFIT_RATIO":-46.7002197491,"ROE_AVG":-0.706676256354,"GROSS_PROFIT_QOQ":2.174711713095,"ROA":-0.626290214406,"HOLDER_PROFIT_QOQ":51.97319518676,"ROE_YEARLY":-1.413352512707,"ROIC_YEARLY":-1.312500933872,"TOTAL_ASSETS":894381647.32,"TOTAL_LIABILITIES":100774734.41,"TAX_EBT":-33.064027469198,"OCF_SALES":59.88516339406,"TOTAL_PARENT_EQUITY":793606912.91,"DEBT_ASSET_RATIO":11.2675315635,"OPERATE_PROFIT":-3384842.02,"PRETAX_PROFIT":-4234045.69,"NETCASH_OPERATE":7224645.12,"NETCASH_INVEST":90650.14,"NETCASH_FINANCE":-2598922.41,"END_CASH":43427403.39,"DIVI_RATIO":null,"DIVIDEND_RATE":null,"CURRENT_RATIO":0.944787511157,"COMMON_ACS":1000000000,"CURRENTDEBT_DEBT":46.586444216261,"ISSUED_COMMON_SHARES":386175758,"HK_COMMON_SHARES":386175758,"PER_SHARES":4000,"TOTAL_MARKET_CAP":71056339.472,"HKSK_MARKET_CAP":71056339.472,"PE_TTM":-0.656379284763,"PB_TTM":0.08917735671,"REPORT_DATE_SQ":"2021-06-30 00:00:00","REPORT_TYPE_SQ":"2021年中报","OPERATE_INCOME_SQ":11454413.28,"DPS_HKD":null,"OPERATE_INCOME_QOQ_SQ":-8.015697770641,"NET_PROFIT_RATIO_SQ":-113.7585355223,"HOLDER_PROFIT_SQ":-13030372.8,"HOLDER_PROFIT_QOQ_SQ":10.937173533719,"ROE_AVG_SQ":-1.809116282509,"PE_TTM_SQ":2.766785953097,"PB_TTM_SQ":0.071154121783,"ROA_SQ":-1.565068002005,"START_DATE":"2022-01-01 00:00:00","FISCAL_YEAR":"12-31","CURRENCY":"HKD","IS_CNY_CODE":0,"DPS_HKD_LY":null,"ORG_TYPE":"一般企业","PREMIUM_INCOME":null,"PREMIUM_INCOME_YOY":null,"NET_INTEREST_INCOME":null,"NET_INTEREST_INCOME_YOY":null,"FEE_COMMISSION_INCOME":null,"FEE_COMMISSION_INCOME_YOY":null,"ACCOUNTS_RECE_TDAYS":null,"INVENTORY_TDAYS":null,"CURRENT_ASSETS_TDAYS":0.287343796148,"TOTAL_ASSETS_TDAYS":0.013410862257,"PREMIUM_EXPENSE":null,"LOAN_DEPOSIT":null,"LOAN_EQUITY":null,"LOAN_ASSETS":null,"DEPOSIT_EQUITY":null,"DEPOSIT_ASSETS":null,"EQUITY_MULTIPLIER":1.126983186223,"EQUITY_RATIO":0.126983186223},{"SECUCODE":"00864.HK","SECURITY_CODE":"00864","SECURITY_NAME_ABBR":"永利地产发展","ORG_CODE":"10320108","STD_REPORT_DATE":"2021-12-31 00:00:00","REPORT_DATE":"2021-12-31 00:00:00","DATE_TYPE_CODE":"001","REPORT_TYPE":"2021年年报","PER_NETCASH_OPERATE":0.033148541654,"PER_OI":0.061258217042,"BPS":1.982760001212,"BASIC_EPS":0.03687376,"DILUTED_EPS":0.03662848,"OPERATE_INCOME":23656438.4,"OPERATE_INCOME_YOY":-4.6058488016,"GROSS_PROFIT":22370353.6,"GROSS_PROFIT_YOY":-10.204459247518,"HOLDER_PROFIT":14231145.6,"HOLDER_PROFIT_YOY":118.0186335404,"GROSS_PROFIT_RATIO":94.563489320523,"EPS_TTM":0.036851473209,"OPERATE_INCOME_QOQ":0.744778169467,"NET_PROFIT_RATIO":60.1576000553,"ROE_AVG":1.921230223117,"GROSS_PROFIT_QOQ":-1.750135082865,"ROA":1.681130837199,"HOLDER_PROFIT_QOQ":119.653499600211,"ROE_YEARLY":1.921230223117,"ROIC_YEARLY":1.776831368434,"TOTAL_ASSETS":865011806.4,"TOTAL_LIABILITIES":99317960,"TAX_EBT":8.346058659365,"OCF_SALES":54.112808460635,"TOTAL_PARENT_EQUITY":765693846.4,"DEBT_ASSET_RATIO":11.4816883729,"OPERATE_PROFIT":17246454.4,"PRETAX_PROFIT":15527041.6,"NETCASH_OPERATE":12801163.2,"NETCASH_INVEST":-17369094.4,"NETCASH_FINANCE":-12600851.2,"END_CASH":37009481.6,"DIVI_RATIO":null,"DIVIDEND_RATE":null,"CURRENT_RATIO":0.975077357021,"COMMON_ACS":1000000000,"CURRENTDEBT_DEBT":39.108458530562,"ISSUED_COMMON_SHARES":386175758,"HK_COMMON_SHARES":386175758,"PER_SHARES":4000,"TOTAL_MARKET_CAP":71056339.472,"HKSK_MARKET_CAP":71056339.472,"PE_TTM":-0.656379284763,"PB_TTM":0.08917735671,"REPORT_DATE_SQ":"2020-12-31 00:00:00","REPORT_TYPE_SQ":"2020年年报","OPERATE_INCOME_SQ":25527782.84,"DPS_HKD":null,"OPERATE_INCOME_QOQ_SQ":-10.564789350925,"NET_PROFIT_RATIO_SQ":-318.4860373875,"HOLDER_PROFIT_SQ":-81302424,"HOLDER_PROFIT_QOQ_SQ":29.655253354293,"ROE_AVG_SQ":-10.397292829097,"PE_TTM_SQ":2.766785953097,"PB_TTM_SQ":0.071154121783,"ROA_SQ":-9.243775881496,"START_DATE":"2021-01-01 00:00:00","FISCAL_YEAR":"12-31","CURRENCY":"HKD","IS_CNY_CODE":0,"DPS_HKD_LY":null,"ORG_TYPE":"一般企业","PREMIUM_INCOME":null,"PREMIUM_INCOME_YOY":null,"NET_INTEREST_INCOME":null,"NET_INTEREST_INCOME_YOY":null,"FEE_COMMISSION_INCOME":null,"FEE_COMMISSION_INCOME_YOY":null,"ACCOUNTS_RECE_TDAYS":null,"INVENTORY_TDAYS":null,"CURRENT_ASSETS_TDAYS":0.507222494916,"TOTAL_ASSETS_TDAYS":0.027945443895,"PREMIUM_EXPENSE":null,"LOAN_DEPOSIT":null,"LOAN_EQUITY":null,"LOAN_ASSETS":null,"DEPOSIT_EQUITY":null,"DEPOSIT_ASSETS":null,"EQUITY_MULTIPLIER":1.129709753404,"EQUITY_RATIO":0.129709753405},{"SECUCODE":"00864.HK","SECURITY_CODE":"00864","SECURITY_NAME_ABBR":"永利地产发展","ORG_CODE":"10320108","STD_REPORT_DATE":"2021-06-30 00:00:00","REPORT_DATE":"2021-06-30 00:00:00","DATE_TYPE_CODE":"002","REPORT_TYPE":"2021年中报","PER_NETCASH_OPERATE":0.018010857947,"PER_OI":0.029661140149,"BPS":1.843924875678,"BASIC_EPS":-0.03411528,"DILUTED_EPS":-0.03411528,"OPERATE_INCOME":11454413.28,"OPERATE_INCOME_YOY":-6.8606224628,"GROSS_PROFIT":11050022.4,"GROSS_PROFIT_YOY":-16.247910097788,"HOLDER_PROFIT":-13030372.8,"HOLDER_PROFIT_YOY":34.75,"GROSS_PROFIT_RATIO":96.469562690687,"EPS_TTM":-0.18750590968,"OPERATE_INCOME_QOQ":-8.015697770641,"NET_PROFIT_RATIO":-113.7585355223,"ROE_AVG":-1.809116282509,"GROSS_PROFIT_QOQ":-8.604921922065,"ROA":-1.565068002005,"HOLDER_PROFIT_QOQ":10.937173533719,"ROE_YEARLY":-3.618232565017,"ROIC_YEARLY":-3.339560355196,"TOTAL_ASSETS":822453666.48,"TOTAL_LIABILITIES":110374579.92,"TAX_EBT":-10.914370706141,"OCF_SALES":60.72206886532,"TOTAL_PARENT_EQUITY":712079086.56,"DEBT_ASSET_RATIO":13.4201578057,"OPERATE_PROFIT":-10843666.56,"PRETAX_PROFIT":-11748137.52,"NETCASH_OPERATE":6955356.72,"NETCASH_INVEST":-10002433.68,"NETCASH_FINANCE":-2806605.84,"END_CASH":49284098.4,"DIVI_RATIO":null,"DIVIDEND_RATE":null,"CURRENT_RATIO":1.295776775502,"COMMON_ACS":1000000000,"CURRENTDEBT_DEBT":34.933546427037,"ISSUED_COMMON_SHARES":386175758,"HK_COMMON_SHARES":386175758,"PER_SHARES":4000,"TOTAL_MARKET_CAP":71056339.472,"HKSK_MARKET_CAP":71056339.472,"PE_TTM":-0.656379284763,"PB_TTM":0.08917735671,"REPORT_DATE_SQ":"2020-06-30 00:00:00","REPORT_TYPE_SQ":"2020年中报","OPERATE_INCOME_SQ":13500643.2,"DPS_HKD":null,"OPERATE_INCOME_QOQ_SQ":-4.04946456893,"NET_PROFIT_RATIO_SQ":-162.3815967524,"HOLDER_PROFIT_SQ":-21922560,"HOLDER_PROFIT_QOQ_SQ":-43.231079079221,"ROE_AVG_SQ":-2.479055851579,"PE_TTM_SQ":2.766785953097,"PB_TTM_SQ":0.071154121783,"ROA_SQ":-2.234612944089,"START_DATE":"2021-01-01 00:00:00","FISCAL_YEAR":"12-31","CURRENCY":"HKD","IS_CNY_CODE":0,"DPS_HKD_LY":null,"ORG_TYPE":"一般企业","PREMIUM_INCOME":null,"PREMIUM_INCOME_YOY":null,"NET_INTEREST_INCOME":null,"NET_INTEREST_INCOME_YOY":null,"FEE_COMMISSION_INCOME":null,"FEE_COMMISSION_INCOME_YOY":null,"ACCOUNTS_RECE_TDAYS":null,"INVENTORY_TDAYS":null,"CURRENT_ASSETS_TDAYS":0.215413504421,"TOTAL_ASSETS_TDAYS":0.013757807226,"PREMIUM_EXPENSE":null,"LOAN_DEPOSIT":null,"LOAN_EQUITY":null,"LOAN_ASSETS":null,"DEPOSIT_EQUITY":null,"DEPOSIT_ASSETS":null,"EQUITY_MULTIPLIER":1.155003260177,"EQUITY_RATIO":0.155003260176},{"SECUCODE":"00864.HK","SECURITY_CODE":"00864","SECURITY_NAME_ABBR":"永利地产发展","ORG_CODE":"10320108","STD_REPORT_DATE":"2020-12-31 00:00:00","REPORT_DATE":"2020-12-31 00:00:00","DATE_TYPE_CODE":"001","REPORT_TYPE":"2020年年报","PER_NETCASH_OPERATE":0.029550784905,"PER_OI":0.066104053171,"BPS":1.907975119453,"BASIC_EPS":-0.210494164,"DILUTED_EPS":-0.210494164,"OPERATE_INCOME":25527782.84,"OPERATE_INCOME_YOY":-8.6663253937,"GROSS_PROFIT":24912544,"GROSS_PROFIT_YOY":-13.724190578755,"HOLDER_PROFIT":-81302424,"HOLDER_PROFIT_YOY":-7.2368201952,"GROSS_PROFIT_RATIO":97.589924499687,"EPS_TTM":-0.210532179495,"OPERATE_INCOME_QOQ":-10.564789350925,"NET_PROFIT_RATIO":-318.4860373875,"ROE_AVG":-10.397292829097,"GROSS_PROFIT_QOQ":-10.182651127636,"ROA":-9.243775881496,"HOLDER_PROFIT_QOQ":29.655253354293,"ROE_YEARLY":-10.397292829097,"ROIC_YEARLY":-9.586581168124,"TOTAL_ASSETS":852379326.4,"TOTAL_LIABILITIES":115565588.4,"TAX_EBT":-2.821743712014,"OCF_SALES":44.703438726056,"TOTAL_PARENT_EQUITY":736813738,"DEBT_ASSET_RATIO":13.557999921,"OPERATE_PROFIT":-77078232.84,"PRETAX_PROFIT":-79071236.36,"NETCASH_OPERATE":11411796.76,"NETCASH_INVEST":-854264.6,"NETCASH_FINANCE":38082526.72,"END_CASH":55771274.6,"DIVI_RATIO":null,"DIVIDEND_RATE":null,"CURRENT_RATIO":0.905114266252,"COMMON_ACS":1000000000,"CURRENTDEBT_DEBT":54.525526181633,"ISSUED_COMMON_SHARES":386175758,"HK_COMMON_SHARES":386175758,"PER_SHARES":4000,"TOTAL_MARKET_CAP":71056339.472,"HKSK_MARKET_CAP":71056339.472,"PE_TTM":-0.656379284763,"PB_TTM":0.08917735671,"REPORT_DATE_SQ":"2019-12-31 00:00:00","REPORT_TYPE_SQ":"2019年年报","OPERATE_INCOME_SQ":29747958.02,"DPS_HKD":null,"OPERATE_INCOME_QOQ_SQ":0.007484435148,"NET_PROFIT_RATIO_SQ":-271.2547803306,"HOLDER_PROFIT_SQ":-80692758.18,"HOLDER_PROFIT_QOQ_SQ":-516.120488800736,"ROE_AVG_SQ":-8.704954318341,"PE_TTM_SQ":2.766785953097,"PB_TTM_SQ":0.071154121783,"ROA_SQ":-7.96615835217,"START_DATE":"2020-01-01 00:00:00","FISCAL_YEAR":"12-31","CURRENCY":"HKD","IS_CNY_CODE":0,"DPS_HKD_LY":null,"ORG_TYPE":"一般企业","PREMIUM_INCOME":null,"PREMIUM_INCOME_YOY":null,"NET_INTEREST_INCOME":null,"NET_INTEREST_INCOME_YOY":null,"FEE_COMMISSION_INCOME":null,"FEE_COMMISSION_INCOME_YOY":null,"ACCOUNTS_RECE_TDAYS":null,"INVENTORY_TDAYS":null,"CURRENT_ASSETS_TDAYS":0.783716393421,"TOTAL_ASSETS_TDAYS":0.02902411659,"PREMIUM_EXPENSE":null,"LOAN_DEPOSIT":null,"LOAN_EQUITY":null,"LOAN_ASSETS":null,"DEPOSIT_EQUITY":null,"DEPOSIT_ASSETS":null,"EQUITY_MULTIPLIER":1.156845051116,"EQUITY_RATIO":0.156845051117},{"SECUCODE":"00864.HK","SECURITY_CODE":"00864","SECURITY_NAME_ABBR":"永利地产发展","ORG_CODE":"10320108","STD_REPORT_DATE":"2020-06-30 00:00:00","REPORT_DATE":"2020-06-30 00:00:00","DATE_TYPE_CODE":"002","REPORT_TYPE":"2020年中报","PER_NETCASH_OPERATE":0.012157887964,"PER_OI":0.034959841265,"BPS":2.255347350933,"BASIC_EPS":-0.06942144,"DILUTED_EPS":-0.06942144,"OPERATE_INCOME":13500643.2,"OPERATE_INCOME_YOY":-11.5870072381,"GROSS_PROFIT":13193727.36,"GROSS_PROFIT_YOY":-7.944105201624,"HOLDER_PROFIT":-21922560,"HOLDER_PROFIT_YOY":-262.877502545,"GROSS_PROFIT_RATIO":97.726657645467,"EPS_TTM":-0.299286285806,"OPERATE_INCOME_QOQ":-4.04946456893,"NET_PROFIT_RATIO":-162.3815967524,"ROE_AVG":-2.479055851579,"GROSS_PROFIT_QOQ":-3.943046076936,"ROA":-2.234612944089,"HOLDER_PROFIT_QOQ":-43.231079079221,"ROE_YEARLY":-4.958111703158,"ROIC_YEARLY":-4.572441040516,"TOTAL_ASSETS":978045784.32,"TOTAL_LIABILITIES":107085311.52,"TAX_EBT":-7.286544479213,"OCF_SALES":34.776725304466,"TOTAL_PARENT_EQUITY":870960472.8,"DEBT_ASSET_RATIO":10.9489057912,"OPERATE_PROFIT":-19317429.12,"PRETAX_PROFIT":-20433652.8,"NETCASH_OPERATE":4695081.6,"NETCASH_INVEST":39277.92,"NETCASH_FINANCE":24077364.96,"END_CASH":36551301.6,"DIVI_RATIO":null,"DIVIDEND_RATE":null,"CURRENT_RATIO":0.695144035682,"COMMON_ACS":1000000000,"CURRENTDEBT_DEBT":50.871341687068,"ISSUED_COMMON_SHARES":386175758,"HK_COMMON_SHARES":386175758,"PER_SHARES":4000,"TOTAL_MARKET_CAP":71056339.472,"HKSK_MARKET_CAP":71056339.472,"PE_TTM":-0.656379284763,"PB_TTM":0.08917735671,"REPORT_DATE_SQ":"2019-06-30 00:00:00","REPORT_TYPE_SQ":"2019年中报","OPERATE_INCOME_SQ":14705276.22,"DPS_HKD":null,"OPERATE_INCOME_QOQ_SQ":4.990146699164,"NET_PROFIT_RATIO_SQ":88.1438057068,"HOLDER_PROFIT_SQ":12961790.1,"HOLDER_PROFIT_QOQ_SQ":13.804542554379,"ROE_AVG_SQ":1.351303638891,"PE_TTM_SQ":2.766785953097,"PB_TTM_SQ":0.071154121783,"ROA_SQ":1.240257748034,"START_DATE":"2020-01-01 00:00:00","FISCAL_YEAR":"12-31","CURRENCY":"HKD","IS_CNY_CODE":0,"DPS_HKD_LY":null,"ORG_TYPE":"一般企业","PREMIUM_INCOME":null,"PREMIUM_INCOME_YOY":null,"NET_INTEREST_INCOME":null,"NET_INTEREST_INCOME_YOY":null,"FEE_COMMISSION_INCOME":null,"FEE_COMMISSION_INCOME_YOY":null,"ACCOUNTS_RECE_TDAYS":null,"INVENTORY_TDAYS":null,"CURRENT_ASSETS_TDAYS":0.578530188864,"TOTAL_ASSETS_TDAYS":0.013761491381,"PREMIUM_EXPENSE":null,"LOAN_DEPOSIT":null,"LOAN_EQUITY":null,"LOAN_ASSETS":null,"DEPOSIT_EQUITY":null,"DEPOSIT_ASSETS":null,"EQUITY_MULTIPLIER":1.122950828269,"EQUITY_RATIO":0.122950828269}],"count":28},"success":true,"message":"ok","code":0}