{"version":"634bbfa6751f2d533b963778fea7503d","result":{"pages":4,"data":[{"SECUCODE":"00867.HK","SECURITY_CODE":"00867","SECURITY_NAME_ABBR":"康哲药业","ORG_CODE":"10143029","STD_REPORT_DATE":"2024-06-30 00:00:00","REPORT_DATE":"2024-06-30 00:00:00","DATE_TYPE_CODE":"002","REPORT_TYPE":"2024年中报","PER_NETCASH_OPERATE":0.357801106118,"PER_OI":1.480232340896,"BPS":6.52435334193,"BASIC_EPS":0.3734,"DILUTED_EPS":null,"OPERATE_INCOME":3611069000,"OPERATE_INCOME_YOY":-21.6709431215,"GROSS_PROFIT":2696500000,"GROSS_PROFIT_YOY":-25.219571312492,"HOLDER_PROFIT":910426000,"HOLDER_PROFIT_YOY":-52.6080447421,"GROSS_PROFIT_RATIO":74.673178496451,"EPS_TTM":0.569909305491,"OPERATE_INCOME_QOQ":-12.467521122736,"NET_PROFIT_RATIO":25.0175778973,"ROE_AVG":5.792148846849,"GROSS_PROFIT_QOQ":-14.88566524465,"ROA":5.074841886038,"HOLDER_PROFIT_QOQ":-42.093096870392,"ROE_YEARLY":11.584297693698,"ROIC_YEARLY":13.212437564163,"TOTAL_ASSETS":18149138000,"TOTAL_LIABILITIES":2177142000,"TAX_EBT":20.498690528154,"OCF_SALES":24.171955728345,"TOTAL_PARENT_EQUITY":15916346000,"DEBT_ASSET_RATIO":11.9958424472,"OPERATE_PROFIT":948721000,"PRETAX_PROFIT":1136336000,"NETCASH_OPERATE":872866000,"NETCASH_INVEST":-633719000,"NETCASH_FINANCE":-633922000,"END_CASH":3914372000,"DIVI_RATIO":0.3993871267,"DIVIDEND_RATE":3.105590062112,"CURRENT_RATIO":4.284344634663,"COMMON_ACS":20000000000,"CURRENTDEBT_DEBT":94.100292952871,"ISSUED_COMMON_SHARES":2439528512,"HK_COMMON_SHARES":2439528512,"PER_SHARES":1000,"TOTAL_MARKET_CAP":19638204521.6,"HKSK_MARKET_CAP":19638204521.6,"PE_TTM":12.56192976264,"PB_TTM":1.126099954272,"REPORT_DATE_SQ":"2023-06-30 00:00:00","REPORT_TYPE_SQ":"2023年中报","OPERATE_INCOME_SQ":4610127000,"DPS_HKD":0.25,"OPERATE_INCOME_QOQ_SQ":1.774096654477,"NET_PROFIT_RATIO_SQ":41.5596143013,"HOLDER_PROFIT_SQ":1921056000,"HOLDER_PROFIT_QOQ_SQ":3.753307771237,"ROE_AVG_SQ":12.566926664504,"PE_TTM_SQ":8.284368942104,"PB_TTM_SQ":1.733968627099,"ROA_SQ":10.63147663779,"START_DATE":"2024-01-01 00:00:00","FISCAL_YEAR":"12-31","CURRENCY":"HKD","IS_CNY_CODE":0,"DPS_HKD_LY":0.25,"ORG_TYPE":"一般企业","PREMIUM_INCOME":null,"PREMIUM_INCOME_YOY":null,"NET_INTEREST_INCOME":null,"NET_INTEREST_INCOME_YOY":null,"FEE_COMMISSION_INCOME":null,"FEE_COMMISSION_INCOME_YOY":null,"ACCOUNTS_RECE_TDAYS":2.284801991302,"INVENTORY_TDAYS":1.433346576488,"CURRENT_ASSETS_TDAYS":0.41100825478,"TOTAL_ASSETS_TDAYS":0.201286037685,"PREMIUM_EXPENSE":null,"LOAN_DEPOSIT":null,"LOAN_EQUITY":null,"LOAN_ASSETS":null,"DEPOSIT_EQUITY":null,"DEPOSIT_ASSETS":null,"EQUITY_MULTIPLIER":1.136309951493,"EQUITY_RATIO":0.136786546359},{"SECUCODE":"00867.HK","SECURITY_CODE":"00867","SECURITY_NAME_ABBR":"康哲药业","ORG_CODE":"10143029","STD_REPORT_DATE":"2023-12-31 00:00:00","REPORT_DATE":"2023-12-31 00:00:00","DATE_TYPE_CODE":"001","REPORT_TYPE":"2023年年报","PER_NETCASH_OPERATE":1.020744178756,"PER_OI":3.268076078164,"BPS":6.361970324863,"BASIC_EPS":0.9792,"DILUTED_EPS":null,"OPERATE_INCOME":8013285000,"OPERATE_INCOME_YOY":-12.4264358499,"GROSS_PROFIT":6109166000,"GROSS_PROFIT_YOY":-13.170852066567,"HOLDER_PROFIT":2400940000,"HOLDER_PROFIT_YOY":-26.3287544124,"GROSS_PROFIT_RATIO":76.237972317221,"EPS_TTM":0.979180770322,"OPERATE_INCOME_QOQ":-13.952992923736,"NET_PROFIT_RATIO":29.7559615064,"ROE_AVG":15.948175437635,"GROSS_PROFIT_QOQ":-15.216262047769,"ROA":13.532378306441,"HOLDER_PROFIT_QOQ":-28.993834345958,"ROE_YEARLY":15.948175437635,"ROIC_YEARLY":18.043543291852,"TOTAL_ASSETS":17730837000,"TOTAL_LIABILITIES":2174430000,"TAX_EBT":17.027835551267,"OCF_SALES":31.233794879378,"TOTAL_PARENT_EQUITY":15520208000,"DEBT_ASSET_RATIO":12.2635496565,"OPERATE_PROFIT":2642157000,"PRETAX_PROFIT":2873771000,"NETCASH_OPERATE":2502853000,"NETCASH_INVEST":-442276000,"NETCASH_FINANCE":-2125024000,"END_CASH":4311058000,"DIVI_RATIO":0.232453952221,"DIVIDEND_RATE":3.298153034301,"CURRENT_RATIO":4.292510296341,"COMMON_ACS":20000000000,"CURRENTDEBT_DEBT":94.221750067834,"ISSUED_COMMON_SHARES":2439528512,"HK_COMMON_SHARES":2439528512,"PER_SHARES":1000,"TOTAL_MARKET_CAP":18491626120.96,"HKSK_MARKET_CAP":18491626120.96,"PE_TTM":11.828500323083,"PB_TTM":1.060352503525,"REPORT_DATE_SQ":"2022-12-31 00:00:00","REPORT_TYPE_SQ":"2022年年报","OPERATE_INCOME_SQ":9150347000,"DPS_HKD":0.25,"OPERATE_INCOME_QOQ_SQ":2.330027881918,"NET_PROFIT_RATIO_SQ":35.8040520212,"HOLDER_PROFIT_SQ":3258992000,"HOLDER_PROFIT_QOQ_SQ":2.205787577654,"ROE_AVG_SQ":23.839150659962,"PE_TTM_SQ":9.433098730161,"PB_TTM_SQ":1.97440473363,"ROA_SQ":19.421062602301,"START_DATE":"2023-01-01 00:00:00","FISCAL_YEAR":"12-31","CURRENCY":"HKD","IS_CNY_CODE":0,"DPS_HKD_LY":0.616,"ORG_TYPE":"一般企业","PREMIUM_INCOME":null,"PREMIUM_INCOME_YOY":null,"NET_INTEREST_INCOME":null,"NET_INTEREST_INCOME_YOY":null,"FEE_COMMISSION_INCOME":null,"FEE_COMMISSION_INCOME_YOY":null,"ACCOUNTS_RECE_TDAYS":4.436382691249,"INVENTORY_TDAYS":3.415944142757,"CURRENT_ASSETS_TDAYS":0.909370283192,"TOTAL_ASSETS_TDAYS":0.451651453586,"PREMIUM_EXPENSE":null,"LOAN_DEPOSIT":null,"LOAN_EQUITY":null,"LOAN_ASSETS":null,"DEPOSIT_EQUITY":null,"DEPOSIT_ASSETS":null,"EQUITY_MULTIPLIER":1.139777134914,"EQUITY_RATIO":0.140103148102},{"SECUCODE":"00867.HK","SECURITY_CODE":"00867","SECURITY_NAME_ABBR":"康哲药业","ORG_CODE":"10143029","STD_REPORT_DATE":"2023-06-30 00:00:00","REPORT_DATE":"2023-06-30 00:00:00","DATE_TYPE_CODE":"002","REPORT_TYPE":"2023年中报","PER_NETCASH_OPERATE":0.607982456975,"PER_OI":1.88015848257,"BPS":6.552141498398,"BASIC_EPS":0.7835,"DILUTED_EPS":null,"OPERATE_INCOME":4610127000,"OPERATE_INCOME_YOY":3.649811783,"GROSS_PROFIT":3605890000,"GROSS_PROFIT_YOY":4.939830915414,"HOLDER_PROFIT":1921056000,"HOLDER_PROFIT_YOY":6.800330899,"GROSS_PROFIT_RATIO":78.216717240111,"EPS_TTM":1.379008092188,"OPERATE_INCOME_QOQ":1.774096654477,"NET_PROFIT_RATIO":41.5596143013,"ROE_AVG":12.566926664504,"GROSS_PROFIT_QOQ":2.412502716446,"ROA":10.63147663779,"HOLDER_PROFIT_QOQ":3.753307771237,"ROE_YEARLY":25.133853329008,"ROIC_YEARLY":28.338685958244,"TOTAL_ASSETS":18385486000,"TOTAL_LIABILITIES":2353746000,"TAX_EBT":16.062485104653,"OCF_SALES":32.336766427476,"TOTAL_PARENT_EQUITY":15984136000,"DEBT_ASSET_RATIO":12.8021962542,"OPERATE_PROFIT":2103518000,"PRETAX_PROFIT":2282592000,"NETCASH_OPERATE":1490766000,"NETCASH_INVEST":-236083000,"NETCASH_FINANCE":-1205417000,"END_CASH":4451367000,"DIVI_RATIO":0.165056638383,"DIVIDEND_RATE":3.298153034301,"CURRENT_RATIO":4.164589320768,"COMMON_ACS":20000000000,"CURRENTDEBT_DEBT":94.299852235543,"ISSUED_COMMON_SHARES":2439528512,"HK_COMMON_SHARES":2439528512,"PER_SHARES":1000,"TOTAL_MARKET_CAP":18491626120.96,"HKSK_MARKET_CAP":18491626120.96,"PE_TTM":11.828500323083,"PB_TTM":1.060352503525,"REPORT_DATE_SQ":"2022-06-30 00:00:00","REPORT_TYPE_SQ":"2022年中报","OPERATE_INCOME_SQ":4447791000,"DPS_HKD":0.25,"OPERATE_INCOME_QOQ_SQ":7.253915903153,"NET_PROFIT_RATIO_SQ":40.3868796893,"HOLDER_PROFIT_SQ":1798736000,"HOLDER_PROFIT_QOQ_SQ":5.675577864666,"ROE_AVG_SQ":13.531997772121,"PE_TTM_SQ":9.433098730161,"PB_TTM_SQ":1.97440473363,"ROA_SQ":10.970396866458,"START_DATE":"2023-01-01 00:00:00","FISCAL_YEAR":"12-31","CURRENCY":"HKD","IS_CNY_CODE":0,"DPS_HKD_LY":0.616,"ORG_TYPE":"一般企业","PREMIUM_INCOME":null,"PREMIUM_INCOME_YOY":null,"NET_INTEREST_INCOME":null,"NET_INTEREST_INCOME_YOY":null,"FEE_COMMISSION_INCOME":null,"FEE_COMMISSION_INCOME_YOY":null,"ACCOUNTS_RECE_TDAYS":2.30800851887,"INVENTORY_TDAYS":1.836480276212,"CURRENT_ASSETS_TDAYS":0.510167010909,"TOTAL_ASSETS_TDAYS":0.255132893043,"PREMIUM_EXPENSE":null,"LOAN_DEPOSIT":null,"LOAN_EQUITY":null,"LOAN_ASSETS":null,"DEPOSIT_EQUITY":null,"DEPOSIT_ASSETS":null,"EQUITY_MULTIPLIER":1.146817875041,"EQUITY_RATIO":0.14725512846},{"SECUCODE":"00867.HK","SECURITY_CODE":"00867","SECURITY_NAME_ABBR":"康哲药业","ORG_CODE":"10143029","STD_REPORT_DATE":"2022-12-31 00:00:00","REPORT_DATE":"2022-12-31 00:00:00","DATE_TYPE_CODE":"001","REPORT_TYPE":"2022年年报","PER_NETCASH_OPERATE":1.449127099336,"PER_OI":3.731806635805,"BPS":5.980281406115,"BASIC_EPS":1.3281,"DILUTED_EPS":null,"OPERATE_INCOME":9150347000,"OPERATE_INCOME_YOY":9.7529620481,"GROSS_PROFIT":7035847000,"GROSS_PROFIT_YOY":12.628731067925,"HOLDER_PROFIT":3258992000,"HOLDER_PROFIT_YOY":8.0065566338,"GROSS_PROFIT_RATIO":76.891586734361,"EPS_TTM":1.32912205096,"OPERATE_INCOME_QOQ":2.330027881918,"NET_PROFIT_RATIO":35.8040520212,"ROE_AVG":23.839150659962,"GROSS_PROFIT_QOQ":3.32691711506,"ROA":19.421062602301,"HOLDER_PROFIT_QOQ":2.205787577654,"ROE_YEARLY":23.839150659962,"ROIC_YEARLY":25.503962749567,"TOTAL_ASSETS":17753539000,"TOTAL_LIABILITIES":3016462000,"TAX_EBT":12.933149075834,"OCF_SALES":38.831784193539,"TOTAL_PARENT_EQUITY":14589067000,"DEBT_ASSET_RATIO":16.9907644893,"OPERATE_PROFIT":3746875000,"PRETAX_PROFIT":3762850000,"NETCASH_OPERATE":3553243000,"NETCASH_INVEST":-1178202000,"NETCASH_FINANCE":-1399914000,"END_CASH":4376376000,"DIVI_RATIO":0.171251722019,"DIVIDEND_RATE":3.298153034301,"CURRENT_RATIO":3.068842512764,"COMMON_ACS":20000000000,"CURRENTDEBT_DEBT":95.380051199054,"ISSUED_COMMON_SHARES":2439528512,"HK_COMMON_SHARES":2439528512,"PER_SHARES":1000,"TOTAL_MARKET_CAP":18491626120.96,"HKSK_MARKET_CAP":18491626120.96,"PE_TTM":11.828500323083,"PB_TTM":1.060352503525,"REPORT_DATE_SQ":"2021-12-31 00:00:00","REPORT_TYPE_SQ":"2021年年报","OPERATE_INCOME_SQ":8337221000,"DPS_HKD":0.25,"OPERATE_INCOME_QOQ_SQ":8.544774346252,"NET_PROFIT_RATIO_SQ":36.2862397434,"HOLDER_PROFIT_SQ":3017402000,"HOLDER_PROFIT_QOQ_SQ":4.827028916177,"ROE_AVG_SQ":25.370618549463,"PE_TTM_SQ":9.433098730161,"PB_TTM_SQ":1.97440473363,"ROA_SQ":21.16810632003,"START_DATE":"2022-01-01 00:00:00","FISCAL_YEAR":"12-31","CURRENCY":"HKD","IS_CNY_CODE":0,"DPS_HKD_LY":0.616,"ORG_TYPE":"一般企业","PREMIUM_INCOME":null,"PREMIUM_INCOME_YOY":null,"NET_INTEREST_INCOME":null,"NET_INTEREST_INCOME_YOY":null,"FEE_COMMISSION_INCOME":null,"FEE_COMMISSION_INCOME_YOY":null,"ACCOUNTS_RECE_TDAYS":4.308127739854,"INVENTORY_TDAYS":4.452497567919,"CURRENT_ASSETS_TDAYS":1.129038674216,"TOTAL_ASSETS_TDAYS":0.545289653733,"PREMIUM_EXPENSE":null,"LOAN_DEPOSIT":null,"LOAN_EQUITY":null,"LOAN_ASSETS":null,"DEPOSIT_EQUITY":null,"DEPOSIT_ASSETS":null,"EQUITY_MULTIPLIER":1.204685230321,"EQUITY_RATIO":0.206761816914},{"SECUCODE":"00867.HK","SECURITY_CODE":"00867","SECURITY_NAME_ABBR":"康哲药业","ORG_CODE":"10143029","STD_REPORT_DATE":"2022-06-30 00:00:00","REPORT_DATE":"2022-06-30 00:00:00","DATE_TYPE_CODE":"002","REPORT_TYPE":"2022年中报","PER_NETCASH_OPERATE":0.591951319588,"PER_OI":1.813416437851,"BPS":5.670146887793,"BASIC_EPS":0.7325,"DILUTED_EPS":null,"OPERATE_INCOME":4447791000,"OPERATE_INCOME_YOY":15.736988865,"GROSS_PROFIT":3436150000,"GROSS_PROFIT_YOY":19.568958107803,"HOLDER_PROFIT":1798736000,"HOLDER_PROFIT_YOY":10.5227034909,"GROSS_PROFIT_RATIO":77.255203762947,"EPS_TTM":1.30005277192,"OPERATE_INCOME_QOQ":7.253915903153,"NET_PROFIT_RATIO":40.3868796893,"ROE_AVG":13.531997772121,"GROSS_PROFIT_QOQ":9.002314413878,"ROA":10.970396866458,"HOLDER_PROFIT_QOQ":5.675577864666,"ROE_YEARLY":27.063995544242,"ROIC_YEARLY":28.58774866171,"TOTAL_ASSETS":16984663000,"TOTAL_LIABILITIES":3026958000,"TAX_EBT":12.618000363864,"OCF_SALES":32.642878228766,"TOTAL_PARENT_EQUITY":13832485000,"DEBT_ASSET_RATIO":17.8217136248,"OPERATE_PROFIT":1991402000,"PRETAX_PROFIT":2055714000,"NETCASH_OPERATE":1451887000,"NETCASH_INVEST":-248814000,"NETCASH_FINANCE":-577137000,"END_CASH":4019112000,"DIVI_RATIO":0.175080923572,"DIVIDEND_RATE":3.298153034301,"CURRENT_RATIO":3.156147628635,"COMMON_ACS":20000000000,"CURRENTDEBT_DEBT":89.592918038506,"ISSUED_COMMON_SHARES":2439528512,"HK_COMMON_SHARES":2439528512,"PER_SHARES":1000,"TOTAL_MARKET_CAP":18491626120.96,"HKSK_MARKET_CAP":18491626120.96,"PE_TTM":11.828500323083,"PB_TTM":1.060352503525,"REPORT_DATE_SQ":"2021-06-30 00:00:00","REPORT_TYPE_SQ":"2021年中报","OPERATE_INCOME_SQ":3843016000,"DPS_HKD":0.25,"OPERATE_INCOME_QOQ_SQ":10.580835143977,"NET_PROFIT_RATIO_SQ":42.4551966476,"HOLDER_PROFIT_SQ":1627481000,"HOLDER_PROFIT_QOQ_SQ":13.75514839958,"ROE_AVG_SQ":14.004600532715,"PE_TTM_SQ":9.433098730161,"PB_TTM_SQ":1.97440473363,"ROA_SQ":11.943755738941,"START_DATE":"2022-01-01 00:00:00","FISCAL_YEAR":"12-31","CURRENCY":"HKD","IS_CNY_CODE":0,"DPS_HKD_LY":0.616,"ORG_TYPE":"一般企业","PREMIUM_INCOME":null,"PREMIUM_INCOME_YOY":null,"NET_INTEREST_INCOME":null,"NET_INTEREST_INCOME_YOY":null,"FEE_COMMISSION_INCOME":null,"FEE_COMMISSION_INCOME_YOY":null,"ACCOUNTS_RECE_TDAYS":1.973416195862,"INVENTORY_TDAYS":1.903269442061,"CURRENT_ASSETS_TDAYS":0.558101602478,"TOTAL_ASSETS_TDAYS":0.271268448783,"PREMIUM_EXPENSE":null,"LOAN_DEPOSIT":null,"LOAN_EQUITY":null,"LOAN_ASSETS":null,"DEPOSIT_EQUITY":null,"DEPOSIT_ASSETS":null,"EQUITY_MULTIPLIER":1.216866454764,"EQUITY_RATIO":0.218829660759},{"SECUCODE":"00867.HK","SECURITY_CODE":"00867","SECURITY_NAME_ABBR":"康哲药业","ORG_CODE":"10143029","STD_REPORT_DATE":"2021-12-31 00:00:00","REPORT_DATE":"2021-12-31 00:00:00","DATE_TYPE_CODE":"001","REPORT_TYPE":"2021年年报","PER_NETCASH_OPERATE":1.014815595078,"PER_OI":3.392639936295,"BPS":5.227421584651,"BASIC_EPS":1.2228,"DILUTED_EPS":null,"OPERATE_INCOME":8337221000,"OPERATE_INCOME_YOY":20.0297179772,"GROSS_PROFIT":6246938000,"GROSS_PROFIT_YOY":21.672699721379,"HOLDER_PROFIT":3017402000,"HOLDER_PROFIT_YOY":19.2461423065,"GROSS_PROFIT_RATIO":74.928300449274,"EPS_TTM":1.227862201213,"OPERATE_INCOME_QOQ":8.544774346252,"NET_PROFIT_RATIO":36.2862397434,"ROE_AVG":25.370618549463,"GROSS_PROFIT_QOQ":9.315574815415,"ROA":21.16810632003,"HOLDER_PROFIT_QOQ":4.827028916177,"ROE_YEARLY":25.370618549463,"ROIC_YEARLY":27.072019968002,"TOTAL_ASSETS":15807879000,"TOTAL_LIABILITIES":2960892000,"TAX_EBT":12.478342088111,"OCF_SALES":29.912269328113,"TOTAL_PARENT_EQUITY":12752444000,"DEBT_ASSET_RATIO":18.7304824385,"OPERATE_PROFIT":3409507000,"PRETAX_PROFIT":3456589000,"NETCASH_OPERATE":2493852000,"NETCASH_INVEST":-1519525000,"NETCASH_FINANCE":-258392000,"END_CASH":3385739000,"DIVI_RATIO":0.185374580124,"DIVIDEND_RATE":3.298153034301,"CURRENT_RATIO":3.545803635693,"COMMON_ACS":20000000000,"CURRENTDEBT_DEBT":70.291452710872,"ISSUED_COMMON_SHARES":2439528512,"HK_COMMON_SHARES":2439528512,"PER_SHARES":1000,"TOTAL_MARKET_CAP":18491626120.96,"HKSK_MARKET_CAP":18491626120.96,"PE_TTM":11.828500323083,"PB_TTM":1.060352503525,"REPORT_DATE_SQ":"2020-12-31 00:00:00","REPORT_TYPE_SQ":"2020年年报","OPERATE_INCOME_SQ":6945964000,"DPS_HKD":0.25,"OPERATE_INCOME_QOQ_SQ":11.719241945791,"NET_PROFIT_RATIO_SQ":36.7940288778,"HOLDER_PROFIT_SQ":2530398000,"HOLDER_PROFIT_QOQ_SQ":22.227455117458,"ROE_AVG_SQ":24.678379380936,"PE_TTM_SQ":9.433098730161,"PB_TTM_SQ":1.97440473363,"ROA_SQ":21.199676961038,"START_DATE":"2021-01-01 00:00:00","FISCAL_YEAR":"12-31","CURRENCY":"HKD","IS_CNY_CODE":0,"DPS_HKD_LY":0.559659,"ORG_TYPE":"一般企业","PREMIUM_INCOME":null,"PREMIUM_INCOME_YOY":null,"NET_INTEREST_INCOME":null,"NET_INTEREST_INCOME_YOY":null,"FEE_COMMISSION_INCOME":null,"FEE_COMMISSION_INCOME_YOY":null,"ACCOUNTS_RECE_TDAYS":4.264990761222,"INVENTORY_TDAYS":4.896348497856,"CURRENT_ASSETS_TDAYS":1.349255812979,"TOTAL_ASSETS_TDAYS":0.58488454817,"PREMIUM_EXPENSE":null,"LOAN_DEPOSIT":null,"LOAN_EQUITY":null,"LOAN_ASSETS":null,"DEPOSIT_EQUITY":null,"DEPOSIT_ASSETS":null,"EQUITY_MULTIPLIER":1.230473651136,"EQUITY_RATIO":0.232182317366},{"SECUCODE":"00867.HK","SECURITY_CODE":"00867","SECURITY_NAME_ABBR":"康哲药业","ORG_CODE":"10143029","STD_REPORT_DATE":"2021-06-30 00:00:00","REPORT_DATE":"2021-06-30 00:00:00","DATE_TYPE_CODE":"002","REPORT_TYPE":"2021年中报","PER_NETCASH_OPERATE":0.58063336897,"PER_OI":1.555398016657,"BPS":5.004224767183,"BASIC_EPS":0.6587,"DILUTED_EPS":null,"OPERATE_INCOME":3843016000,"OPERATE_INCOME_YOY":23.6461797093,"GROSS_PROFIT":2873781000,"GROSS_PROFIT_YOY":25.306302201312,"HOLDER_PROFIT":1627481000,"HOLDER_PROFIT_YOY":27.2044932825,"GROSS_PROFIT_RATIO":74.779313955498,"EPS_TTM":1.165008905566,"OPERATE_INCOME_QOQ":10.580835143977,"NET_PROFIT_RATIO":42.4551966476,"ROE_AVG":14.004600532715,"GROSS_PROFIT_QOQ":11.304084460818,"ROA":11.943755738941,"HOLDER_PROFIT_QOQ":13.75514839958,"ROE_YEARLY":28.009201065429,"ROIC_YEARLY":30.793359247044,"TOTAL_ASSETS":14551349000,"TOTAL_LIABILITIES":2254619000,"TAX_EBT":10.165390913466,"OCF_SALES":37.330211479734,"TOTAL_PARENT_EQUITY":12207949000,"DEBT_ASSET_RATIO":15.4942266865,"OPERATE_PROFIT":1713218000,"PRETAX_PROFIT":1816182000,"NETCASH_OPERATE":1434606000,"NETCASH_INVEST":-767805000,"NETCASH_FINANCE":-48254000,"END_CASH":3285961000,"DIVI_RATIO":0.195375708214,"DIVIDEND_RATE":3.298153034301,"CURRENT_RATIO":4.146079690967,"COMMON_ACS":20000000000,"CURRENTDEBT_DEBT":62.277661990784,"ISSUED_COMMON_SHARES":2439528512,"HK_COMMON_SHARES":2439528512,"PER_SHARES":1000,"TOTAL_MARKET_CAP":18491626120.96,"HKSK_MARKET_CAP":18491626120.96,"PE_TTM":11.828500323083,"PB_TTM":1.060352503525,"REPORT_DATE_SQ":"2020-06-30 00:00:00","REPORT_TYPE_SQ":"2020年中报","OPERATE_INCOME_SQ":3108075000,"DPS_HKD":0.25,"OPERATE_INCOME_QOQ_SQ":2.366214964904,"NET_PROFIT_RATIO_SQ":41.8431022417,"HOLDER_PROFIT_SQ":1279421000,"HOLDER_PROFIT_QOQ_SQ":5.58598101098,"ROE_AVG_SQ":12.918937823053,"PE_TTM_SQ":9.433098730161,"PB_TTM_SQ":1.97440473363,"ROA_SQ":11.029295038843,"START_DATE":"2021-01-01 00:00:00","FISCAL_YEAR":"12-31","CURRENCY":"HKD","IS_CNY_CODE":0,"DPS_HKD_LY":0.559659,"ORG_TYPE":"一般企业","PREMIUM_INCOME":null,"PREMIUM_INCOME_YOY":null,"NET_INTEREST_INCOME":null,"NET_INTEREST_INCOME_YOY":null,"FEE_COMMISSION_INCOME":null,"FEE_COMMISSION_INCOME_YOY":null,"ACCOUNTS_RECE_TDAYS":2.160980270102,"INVENTORY_TDAYS":2.476584828016,"CURRENT_ASSETS_TDAYS":0.711660206721,"TOTAL_ASSETS_TDAYS":0.282031215141,"PREMIUM_EXPENSE":null,"LOAN_DEPOSIT":null,"LOAN_EQUITY":null,"LOAN_ASSETS":null,"DEPOSIT_EQUITY":null,"DEPOSIT_ASSETS":null,"EQUITY_MULTIPLIER":1.183351102285,"EQUITY_RATIO":0.184684503515},{"SECUCODE":"00867.HK","SECURITY_CODE":"00867","SECURITY_NAME_ABBR":"康哲药业","ORG_CODE":"10143029","STD_REPORT_DATE":"2020-12-31 00:00:00","REPORT_DATE":"2020-12-31 00:00:00","DATE_TYPE_CODE":"001","REPORT_TYPE":"2020年年报","PER_NETCASH_OPERATE":1.089554000449,"PER_OI":2.811265586553,"BPS":4.523063348398,"BASIC_EPS":1.0237,"DILUTED_EPS":null,"OPERATE_INCOME":6945964000,"OPERATE_INCOME_YOY":14.3627593674,"GROSS_PROFIT":5134215000,"GROSS_PROFIT_YOY":12.931327254859,"HOLDER_PROFIT":2530398000,"HOLDER_PROFIT_YOY":29.0550575505,"GROSS_PROFIT_RATIO":73.916521882348,"EPS_TTM":1.024137300119,"OPERATE_INCOME_QOQ":11.719241945791,"NET_PROFIT_RATIO":36.7940288778,"ROE_AVG":24.678379380936,"GROSS_PROFIT_QOQ":11.07629154856,"ROA":21.199676961038,"HOLDER_PROFIT_QOQ":22.227455117458,"ROE_YEARLY":24.678379380936,"ROIC_YEARLY":25.654464885652,"TOTAL_ASSETS":12701067000,"TOTAL_LIABILITIES":1598352000,"TAX_EBT":9.246476229977,"OCF_SALES":38.756708212136,"TOTAL_PARENT_EQUITY":11034142000,"DEBT_ASSET_RATIO":12.5843915318,"OPERATE_PROFIT":2689805000,"PRETAX_PROFIT":2816089000,"NETCASH_OPERATE":2692027000,"NETCASH_INVEST":-353821000,"NETCASH_FINANCE":-1034556000,"END_CASH":2668426000,"DIVI_RATIO":0.222249926815,"DIVIDEND_RATE":3.298153034301,"CURRENT_RATIO":5.459139241395,"COMMON_ACS":20000000000,"CURRENTDEBT_DEBT":57.056455649319,"ISSUED_COMMON_SHARES":2439528512,"HK_COMMON_SHARES":2439528512,"PER_SHARES":1000,"TOTAL_MARKET_CAP":18491626120.96,"HKSK_MARKET_CAP":18491626120.96,"PE_TTM":11.828500323083,"PB_TTM":1.060352503525,"REPORT_DATE_SQ":"2019-12-31 00:00:00","REPORT_TYPE_SQ":"2019年年报","OPERATE_INCOME_SQ":6073624000,"DPS_HKD":0.25,"OPERATE_INCOME_QOQ_SQ":5.760637403135,"NET_PROFIT_RATIO_SQ":32.1997871452,"HOLDER_PROFIT_SQ":1960712000,"HOLDER_PROFIT_QOQ_SQ":-4.922959798471,"ROE_AVG_SQ":21.995073434344,"PE_TTM_SQ":9.433098730161,"PB_TTM_SQ":1.97440473363,"ROA_SQ":18.08989516653,"START_DATE":"2020-01-01 00:00:00","FISCAL_YEAR":"12-31","CURRENCY":"HKD","IS_CNY_CODE":0,"DPS_HKD_LY":0.37341,"ORG_TYPE":"一般企业","PREMIUM_INCOME":null,"PREMIUM_INCOME_YOY":null,"NET_INTEREST_INCOME":null,"NET_INTEREST_INCOME_YOY":null,"FEE_COMMISSION_INCOME":null,"FEE_COMMISSION_INCOME_YOY":null,"ACCOUNTS_RECE_TDAYS":4.220764250318,"INVENTORY_TDAYS":4.596755185069,"CURRENT_ASSETS_TDAYS":1.628433066975,"TOTAL_ASSETS_TDAYS":0.581932933013,"PREMIUM_EXPENSE":null,"LOAN_DEPOSIT":null,"LOAN_EQUITY":null,"LOAN_ASSETS":null,"DEPOSIT_EQUITY":null,"DEPOSIT_ASSETS":null,"EQUITY_MULTIPLIER":1.143960463724,"EQUITY_RATIO":0.144855123307},{"SECUCODE":"00867.HK","SECURITY_CODE":"00867","SECURITY_NAME_ABBR":"康哲药业","ORG_CODE":"10143029","STD_REPORT_DATE":"2020-06-30 00:00:00","REPORT_DATE":"2020-06-30 00:00:00","DATE_TYPE_CODE":"002","REPORT_TYPE":"2020年中报","PER_NETCASH_OPERATE":0.582418649242,"PER_OI":1.257942639485,"BPS":4.236083304281,"BASIC_EPS":0.5174,"DILUTED_EPS":null,"OPERATE_INCOME":3108075000,"OPERATE_INCOME_YOY":4.848095373,"GROSS_PROFIT":2293405000,"GROSS_PROFIT_YOY":3.423978310505,"HOLDER_PROFIT":1279421000,"HOLDER_PROFIT_YOY":9.3619432838,"GROSS_PROFIT_RATIO":73.788599052468,"EPS_TTM":0.837894644157,"OPERATE_INCOME_QOQ":2.366214964904,"NET_PROFIT_RATIO":41.8431022417,"ROE_AVG":12.918937823053,"GROSS_PROFIT_QOQ":1.670055491083,"ROA":11.029295038843,"HOLDER_PROFIT_QOQ":5.58598101098,"ROE_YEARLY":25.837875646107,"ROIC_YEARLY":26.08575270097,"TOTAL_ASSETS":12029437000,"TOTAL_LIABILITIES":1631026000,"TAX_EBT":11.372836309118,"OCF_SALES":46.299301014293,"TOTAL_PARENT_EQUITY":10334046000,"DEBT_ASSET_RATIO":13.5586229015,"OPERATE_PROFIT":1401781000,"PRETAX_PROFIT":1467400000,"NETCASH_OPERATE":1439017000,"NETCASH_INVEST":-255931000,"NETCASH_FINANCE":-439798000,"END_CASH":2109075000,"DIVI_RATIO":0.271650429546,"DIVIDEND_RATE":3.298153034301,"CURRENT_RATIO":4.67777977586,"COMMON_ACS":20000000000,"CURRENTDEBT_DEBT":54.210110691062,"ISSUED_COMMON_SHARES":2439528512,"HK_COMMON_SHARES":2439528512,"PER_SHARES":1000,"TOTAL_MARKET_CAP":18491626120.96,"HKSK_MARKET_CAP":18491626120.96,"PE_TTM":11.828500323083,"PB_TTM":1.060352503525,"REPORT_DATE_SQ":"2019-06-30 00:00:00","REPORT_TYPE_SQ":"2019年中报","OPERATE_INCOME_SQ":2964360000,"DPS_HKD":0.25,"OPERATE_INCOME_QOQ_SQ":5.693492291913,"NET_PROFIT_RATIO_SQ":39.3852298641,"HOLDER_PROFIT_SQ":1169896000,"HOLDER_PROFIT_QOQ_SQ":11.479212469113,"ROE_AVG_SQ":13.34836850751,"PE_TTM_SQ":9.433098730161,"PB_TTM_SQ":1.97440473363,"ROA_SQ":10.727957051712,"START_DATE":"2020-01-01 00:00:00","FISCAL_YEAR":"12-31","CURRENCY":"HKD","IS_CNY_CODE":0,"DPS_HKD_LY":0.37341,"ORG_TYPE":"一般企业","PREMIUM_INCOME":null,"PREMIUM_INCOME_YOY":null,"NET_INTEREST_INCOME":null,"NET_INTEREST_INCOME_YOY":null,"FEE_COMMISSION_INCOME":null,"FEE_COMMISSION_INCOME_YOY":null,"ACCOUNTS_RECE_TDAYS":2.045899988316,"INVENTORY_TDAYS":1.945880228536,"CURRENT_ASSETS_TDAYS":0.808517899928,"TOTAL_ASSETS_TDAYS":0.267932730335,"PREMIUM_EXPENSE":null,"LOAN_DEPOSIT":null,"LOAN_EQUITY":null,"LOAN_ASSETS":null,"DEPOSIT_EQUITY":null,"DEPOSIT_ASSETS":null,"EQUITY_MULTIPLIER":1.156853388465,"EQUITY_RATIO":0.157830340604}],"count":33},"success":true,"message":"ok","code":0}