{"version":"f893bb66b8c932e4245982cd09157324","result":{"pages":5,"data":[{"SECUCODE":"00869.HK","SECURITY_CODE":"00869","SECURITY_NAME_ABBR":"彩星玩具","ORG_CODE":"10116472","STD_REPORT_DATE":"2024-06-30 00:00:00","REPORT_DATE":"2024-06-30 00:00:00","DATE_TYPE_CODE":"002","REPORT_TYPE":"2024年中报","PER_NETCASH_OPERATE":0.092176273905,"PER_OI":0.344093578284,"BPS":0.916186083424,"BASIC_EPS":0.0707327,"DILUTED_EPS":0.0707327,"OPERATE_INCOME":406271287.88,"OPERATE_INCOME_YOY":28.1973671706,"GROSS_PROFIT":227665287.96,"GROSS_PROFIT_YOY":31.756172893319,"HOLDER_PROFIT":83471887.44,"HOLDER_PROFIT_YOY":5.160400138,"GROSS_PROFIT_RATIO":56.037749836569,"EPS_TTM":0.17451467836,"OPERATE_INCOME_QOQ":8.567208566406,"NET_PROFIT_RATIO":20.5458495173,"ROE_AVG":7.788796866018,"GROSS_PROFIT_QOQ":9.50948210146,"ROA":6.020231342289,"HOLDER_PROFIT_QOQ":1.621252353198,"ROE_YEARLY":15.577593732036,"ROIC_YEARLY":38.568595595468,"TOTAL_ASSETS":1341863206.6,"TOTAL_LIABILITIES":260763628.16,"TAX_EBT":22.110373019929,"OCF_SALES":26.78814128557,"TOTAL_PARENT_EQUITY":1081099578.44,"DEBT_ASSET_RATIO":19.4329516509,"OPERATE_PROFIT":62459255.8,"PRETAX_PROFIT":107166885.6,"NETCASH_OPERATE":108832526.6,"NETCASH_INVEST":27308298.28,"NETCASH_FINANCE":-69067971.68,"END_CASH":420646910.56,"DIVI_RATIO":0.26038038993,"DIVIDEND_RATE":8.620689655172,"CURRENT_RATIO":5.089629981845,"COMMON_ACS":3000000000,"CURRENTDEBT_DEBT":97.163577308619,"ISSUED_COMMON_SHARES":1180000000,"HK_COMMON_SHARES":1180000000,"PER_SHARES":4000,"TOTAL_MARKET_CAP":684400000,"HKSK_MARKET_CAP":684400000,"PE_TTM":2.998689935285,"PB_TTM":0.577780441744,"REPORT_DATE_SQ":"2023-06-30 00:00:00","REPORT_TYPE_SQ":"2023年中报","OPERATE_INCOME_SQ":320140037.38,"DPS_HKD":0.05,"OPERATE_INCOME_QOQ_SQ":20.293783396074,"NET_PROFIT_RATIO_SQ":25.0467268187,"HOLDER_PROFIT_SQ":80184600.6,"HOLDER_PROFIT_QOQ_SQ":937.225383880252,"ROE_AVG_SQ":8.539120206502,"PE_TTM_SQ":8.785686618283,"PB_TTM_SQ":0.820731612095,"ROA_SQ":6.945575819142,"START_DATE":"2024-01-01 00:00:00","FISCAL_YEAR":"12-31","CURRENCY":"HKD","IS_CNY_CODE":0,"DPS_HKD_LY":0.05,"ORG_TYPE":"一般企业","PREMIUM_INCOME":null,"PREMIUM_INCOME_YOY":null,"NET_INTEREST_INCOME":null,"NET_INTEREST_INCOME_YOY":null,"FEE_COMMISSION_INCOME":null,"FEE_COMMISSION_INCOME_YOY":null,"ACCOUNTS_RECE_TDAYS":1.923765236689,"INVENTORY_TDAYS":3.53180891191,"CURRENT_ASSETS_TDAYS":0.305717055428,"TOTAL_ASSETS_TDAYS":0.293014476584,"PREMIUM_EXPENSE":null,"LOAN_DEPOSIT":null,"LOAN_EQUITY":null,"LOAN_ASSETS":null,"DEPOSIT_EQUITY":null,"DEPOSIT_ASSETS":null,"EQUITY_MULTIPLIER":1.241202229064,"EQUITY_RATIO":0.241202229064},{"SECUCODE":"00869.HK","SECURITY_CODE":"00869","SECURITY_NAME_ABBR":"彩星玩具","ORG_CODE":"10116472","STD_REPORT_DATE":"2023-12-31 00:00:00","REPORT_DATE":"2023-12-31 00:00:00","DATE_TYPE_CODE":"001","REPORT_TYPE":"2023年年报","PER_NETCASH_OPERATE":0.06632590946,"PER_OI":0.851494504768,"BPS":0.893868528593,"BASIC_EPS":0.171819312,"DILUTED_EPS":0.171819312,"OPERATE_INCOME":1005359561.78,"OPERATE_INCOME_YOY":120.0105900271,"GROSS_PROFIT":577028335.24,"GROSS_PROFIT_YOY":174.057638312075,"HOLDER_PROFIT":202762193.9,"HOLDER_PROFIT_YOY":2201.4297469656,"GROSS_PROFIT_RATIO":57.395220294953,"EPS_TTM":0.17173049369,"OPERATE_INCOME_QOQ":85.545871508605,"NET_PROFIT_RATIO":20.168127067,"ROE_AVG":20.806510932845,"GROSS_PROFIT_QOQ":112.387404977617,"ROA":16.29932568456,"HOLDER_PROFIT_QOQ":125.099992012545,"ROE_YEARLY":20.806510932845,"ROIC_YEARLY":54.926360209596,"TOTAL_ASSETS":1421052644.2,"TOTAL_LIABILITIES":366287780.46,"TAX_EBT":14.190767295501,"OCF_SALES":7.789352613442,"TOTAL_PARENT_EQUITY":1054764863.74,"DEBT_ASSET_RATIO":25.7758065442,"OPERATE_PROFIT":190170267,"PRETAX_PROFIT":236294146.34,"NETCASH_OPERATE":78311001.3,"NETCASH_INVEST":-517432589.38,"NETCASH_FINANCE":-50907814.72,"END_CASH":351071440.44,"DIVI_RATIO":0.264601813129,"DIVIDEND_RATE":8.064516129032,"CURRENT_RATIO":3.829140710205,"COMMON_ACS":3000000000,"CURRENTDEBT_DEBT":96.864864062465,"ISSUED_COMMON_SHARES":1180000000,"HK_COMMON_SHARES":1180000000,"PER_SHARES":4000,"TOTAL_MARKET_CAP":731600000,"HKSK_MARKET_CAP":731600000,"PE_TTM":3.205496137719,"PB_TTM":0.617627368761,"REPORT_DATE_SQ":"2022-12-31 00:00:00","REPORT_TYPE_SQ":"2022年年报","OPERATE_INCOME_SQ":450429610.96,"DPS_HKD":0.05,"OPERATE_INCOME_QOQ_SQ":-19.81871103529,"NET_PROFIT_RATIO_SQ":1.9280195459,"HOLDER_PROFIT_SQ":8684370.94,"HOLDER_PROFIT_QOQ_SQ":-60.314029168147,"ROE_AVG_SQ":0.981028273433,"PE_TTM_SQ":8.183927260866,"PB_TTM_SQ":0.764517118116,"ROA_SQ":0.798073525048,"START_DATE":"2023-01-01 00:00:00","FISCAL_YEAR":"12-31","CURRENCY":"HKD","IS_CNY_CODE":0,"DPS_HKD_LY":0.04,"ORG_TYPE":"一般企业","PREMIUM_INCOME":null,"PREMIUM_INCOME_YOY":null,"NET_INTEREST_INCOME":null,"NET_INTEREST_INCOME_YOY":null,"FEE_COMMISSION_INCOME":null,"FEE_COMMISSION_INCOME_YOY":null,"ACCOUNTS_RECE_TDAYS":5.692305324163,"INVENTORY_TDAYS":11.446419489986,"CURRENT_ASSETS_TDAYS":0.848225331178,"TOTAL_ASSETS_TDAYS":0.80817250062,"PREMIUM_EXPENSE":null,"LOAN_DEPOSIT":null,"LOAN_EQUITY":null,"LOAN_ASSETS":null,"DEPOSIT_EQUITY":null,"DEPOSIT_ASSETS":null,"EQUITY_MULTIPLIER":1.347269607713,"EQUITY_RATIO":0.347269607713},{"SECUCODE":"00869.HK","SECURITY_CODE":"00869","SECURITY_NAME_ABBR":"彩星玩具","ORG_CODE":"10116472","STD_REPORT_DATE":"2023-06-30 00:00:00","REPORT_DATE":"2023-06-30 00:00:00","DATE_TYPE_CODE":"002","REPORT_TYPE":"2023年中报","PER_NETCASH_OPERATE":-0.009117444593,"PER_OI":0.271305116424,"BPS":0.820541885186,"BASIC_EPS":0.067949926,"DILUTED_EPS":0.067949926,"OPERATE_INCOME":320140037.38,"OPERATE_INCOME_YOY":29.8244236564,"GROSS_PROFIT":172792881.7,"GROSS_PROFIT_YOY":54.754438246751,"HOLDER_PROFIT":80184600.6,"HOLDER_PROFIT_YOY":6259.3484419263,"GROSS_PROFIT_RATIO":53.974155533348,"EPS_TTM":0.076336016797,"OPERATE_INCOME_QOQ":20.293783396074,"NET_PROFIT_RATIO":25.0467268187,"ROE_AVG":8.539120206502,"GROSS_PROFIT_QOQ":29.036671614759,"ROA":6.945575819142,"HOLDER_PROFIT_QOQ":937.225383880252,"ROE_YEARLY":17.078240413004,"ROIC_YEARLY":52.066698296622,"TOTAL_ASSETS":1223455474.26,"TOTAL_LIABILITIES":255216049.74,"TAX_EBT":-0.627111584209,"OCF_SALES":-3.36058704436,"TOTAL_PARENT_EQUITY":968239424.52,"DEBT_ASSET_RATIO":20.8602646446,"OPERATE_PROFIT":51840169.46,"PRETAX_PROFIT":79684887.44,"NETCASH_OPERATE":-10758584.62,"NETCASH_INVEST":18774278.74,"NETCASH_FINANCE":-26140898.94,"END_CASH":837400320.74,"DIVI_RATIO":0.595265536596,"DIVIDEND_RATE":8.064516129032,"CURRENT_RATIO":4.831781644866,"COMMON_ACS":3000000000,"CURRENTDEBT_DEBT":94.28964680127,"ISSUED_COMMON_SHARES":1180000000,"HK_COMMON_SHARES":1180000000,"PER_SHARES":4000,"TOTAL_MARKET_CAP":731600000,"HKSK_MARKET_CAP":731600000,"PE_TTM":3.205496137719,"PB_TTM":0.617627368761,"REPORT_DATE_SQ":"2022-06-30 00:00:00","REPORT_TYPE_SQ":"2022年中报","OPERATE_INCOME_SQ":228730827.78,"DPS_HKD":0.05,"OPERATE_INCOME_QOQ_SQ":9.915251955617,"NET_PROFIT_RATIO_SQ":-0.5279254623,"HOLDER_PROFIT_SQ":-1207528.28,"HOLDER_PROFIT_QOQ_SQ":-37.729269830282,"ROE_AVG_SQ":-0.143686933444,"PE_TTM_SQ":8.183927260866,"PB_TTM_SQ":0.764517118116,"ROA_SQ":-0.114104744438,"START_DATE":"2023-01-01 00:00:00","FISCAL_YEAR":"12-31","CURRENCY":"HKD","IS_CNY_CODE":0,"DPS_HKD_LY":0.04,"ORG_TYPE":"一般企业","PREMIUM_INCOME":null,"PREMIUM_INCOME_YOY":null,"NET_INTEREST_INCOME":null,"NET_INTEREST_INCOME_YOY":null,"FEE_COMMISSION_INCOME":null,"FEE_COMMISSION_INCOME_YOY":null,"ACCOUNTS_RECE_TDAYS":2.968382538373,"INVENTORY_TDAYS":3.741230174987,"CURRENT_ASSETS_TDAYS":0.29206723844,"TOTAL_ASSETS_TDAYS":0.277304730051,"PREMIUM_EXPENSE":null,"LOAN_DEPOSIT":null,"LOAN_EQUITY":null,"LOAN_ASSETS":null,"DEPOSIT_EQUITY":null,"DEPOSIT_ASSETS":null,"EQUITY_MULTIPLIER":1.263587748315,"EQUITY_RATIO":0.263587748316},{"SECUCODE":"00869.HK","SECURITY_CODE":"00869","SECURITY_NAME_ABBR":"彩星玩具","ORG_CODE":"10116472","STD_REPORT_DATE":"2022-12-31 00:00:00","REPORT_DATE":"2022-12-31 00:00:00","DATE_TYPE_CODE":"001","REPORT_TYPE":"2022年年报","PER_NETCASH_OPERATE":0.050731679932,"PER_OI":0.381720009288,"BPS":0.747018990746,"BASIC_EPS":0.007324814,"DILUTED_EPS":0.007324814,"OPERATE_INCOME":450429610.96,"OPERATE_INCOME_YOY":-19.33425904,"GROSS_PROFIT":210549991.89,"GROSS_PROFIT_YOY":-15.155966007202,"HOLDER_PROFIT":8684370.94,"HOLDER_PROFIT_YOY":-77.3807031014,"GROSS_PROFIT_RATIO":46.744260760578,"EPS_TTM":0.00735963639,"OPERATE_INCOME_QOQ":-19.81871103529,"NET_PROFIT_RATIO":1.9280195459,"ROE_AVG":0.981028273433,"GROSS_PROFIT_QOQ":-21.270801859588,"ROA":0.798073525048,"HOLDER_PROFIT_QOQ":-60.314029168147,"ROE_YEARLY":0.981028273433,"ROIC_YEARLY":3.164466317736,"TOTAL_ASSETS":1051683395.07,"TOTAL_LIABILITIES":170200985.99,"TAX_EBT":34.773565917477,"OCF_SALES":13.290285732417,"TOTAL_PARENT_EQUITY":881482409.08,"DEBT_ASSET_RATIO":16.1836715106,"OPERATE_PROFIT":30846399.64,"PRETAX_PROFIT":13314189.35,"NETCASH_OPERATE":59863382.32,"NETCASH_INVEST":-4767381.99,"NETCASH_FINANCE":-29459151.33,"END_CASH":828884884.94,"DIVI_RATIO":6.17424524706,"DIVIDEND_RATE":8.064516129032,"CURRENT_RATIO":6.554028831029,"COMMON_ACS":3000000000,"CURRENTDEBT_DEBT":89.416753701381,"ISSUED_COMMON_SHARES":1180000000,"HK_COMMON_SHARES":1180000000,"PER_SHARES":4000,"TOTAL_MARKET_CAP":731600000,"HKSK_MARKET_CAP":731600000,"PE_TTM":3.205496137719,"PB_TTM":0.617627368761,"REPORT_DATE_SQ":"2021-12-31 00:00:00","REPORT_TYPE_SQ":"2021年年报","OPERATE_INCOME_SQ":511088300.8,"DPS_HKD":0.05,"OPERATE_INCOME_QOQ_SQ":48.239034815215,"NET_PROFIT_RATIO_SQ":6.8757718666,"HOLDER_PROFIT_SQ":35141265.6,"HOLDER_PROFIT_QOQ_SQ":0.892378925159,"ROE_AVG_SQ":4.415236216833,"PE_TTM_SQ":8.183927260866,"PB_TTM_SQ":0.764517118116,"ROA_SQ":3.658542813659,"START_DATE":"2022-01-01 00:00:00","FISCAL_YEAR":"12-31","CURRENCY":"HKD","IS_CNY_CODE":0,"DPS_HKD_LY":0.02,"ORG_TYPE":"一般企业","PREMIUM_INCOME":null,"PREMIUM_INCOME_YOY":null,"NET_INTEREST_INCOME":null,"NET_INTEREST_INCOME_YOY":null,"FEE_COMMISSION_INCOME":null,"FEE_COMMISSION_INCOME_YOY":null,"ACCOUNTS_RECE_TDAYS":5.441329448581,"INVENTORY_TDAYS":6.573267896263,"CURRENT_ASSETS_TDAYS":0.434401271205,"TOTAL_ASSETS_TDAYS":0.413934353897,"PREMIUM_EXPENSE":null,"LOAN_DEPOSIT":null,"LOAN_EQUITY":null,"LOAN_ASSETS":null,"DEPOSIT_EQUITY":null,"DEPOSIT_ASSETS":null,"EQUITY_MULTIPLIER":1.193084948986,"EQUITY_RATIO":0.193084948987},{"SECUCODE":"00869.HK","SECURITY_CODE":"00869","SECURITY_NAME_ABBR":"彩星玩具","ORG_CODE":"10116472","STD_REPORT_DATE":"2022-06-30 00:00:00","REPORT_DATE":"2022-06-30 00:00:00","DATE_TYPE_CODE":"002","REPORT_TYPE":"2022年中报","PER_NETCASH_OPERATE":0.044433643136,"PER_OI":0.193839684559,"BPS":0.703129970627,"BASIC_EPS":-0.001026228,"DILUTED_EPS":-0.001026228,"OPERATE_INCOME":228730827.78,"OPERATE_INCOME_YOY":24.9892517337,"GROSS_PROFIT":111656171.97,"GROSS_PROFIT_YOY":20.863973844945,"HOLDER_PROFIT":-1207528.28,"HOLDER_PROFIT_YOY":-109.7493613202,"GROSS_PROFIT_RATIO":48.8155326738,"EPS_TTM":0.018544680237,"OPERATE_INCOME_QOQ":9.915251955617,"NET_PROFIT_RATIO":-0.5279254623,"ROE_AVG":-0.143686933444,"GROSS_PROFIT_QOQ":7.766922560904,"ROA":-0.114104744438,"HOLDER_PROFIT_QOQ":-37.729269830282,"ROE_YEARLY":-0.287373866888,"ROIC_YEARLY":-0.844651685864,"TOTAL_ASSETS":1039819534.67,"TOTAL_LIABILITIES":210126169.33,"TAX_EBT":80.726180726181,"OCF_SALES":22.922882502935,"TOTAL_PARENT_EQUITY":829693365.34,"DEBT_ASSET_RATIO":20.2079459295,"OPERATE_PROFIT":16031391.74,"PRETAX_PROFIT":-6265121.94,"NETCASH_OPERATE":52431698.9,"NETCASH_INVEST":-12614052.5,"NETCASH_FINANCE":-24212994.47,"END_CASH":780141946.36,"DIVI_RATIO":2.450309167835,"DIVIDEND_RATE":8.064516129032,"CURRENT_RATIO":4.950759763962,"COMMON_ACS":3000000000,"CURRENTDEBT_DEBT":95.109622436479,"ISSUED_COMMON_SHARES":1180000000,"HK_COMMON_SHARES":1180000000,"PER_SHARES":4000,"TOTAL_MARKET_CAP":731600000,"HKSK_MARKET_CAP":731600000,"PE_TTM":3.205496137719,"PB_TTM":0.617627368761,"REPORT_DATE_SQ":"2021-06-30 00:00:00","REPORT_TYPE_SQ":"2021年中报","OPERATE_INCOME_SQ":178055135.04,"DPS_HKD":0.05,"OPERATE_INCOME_QOQ_SQ":41.627842897238,"NET_PROFIT_RATIO_SQ":6.768136531,"HOLDER_PROFIT_SQ":12051014.64,"HOLDER_PROFIT_QOQ_SQ":237.657650078792,"ROE_AVG_SQ":1.509922976518,"PE_TTM_SQ":8.183927260866,"PB_TTM_SQ":0.764517118116,"ROA_SQ":1.271885645335,"START_DATE":"2022-01-01 00:00:00","FISCAL_YEAR":"12-31","CURRENCY":"HKD","IS_CNY_CODE":0,"DPS_HKD_LY":0.02,"ORG_TYPE":"一般企业","PREMIUM_INCOME":null,"PREMIUM_INCOME_YOY":null,"NET_INTEREST_INCOME":null,"NET_INTEREST_INCOME_YOY":null,"FEE_COMMISSION_INCOME":null,"FEE_COMMISSION_INCOME_YOY":null,"ACCOUNTS_RECE_TDAYS":2.912767903816,"INVENTORY_TDAYS":2.176074136479,"CURRENT_ASSETS_TDAYS":0.226480184191,"TOTAL_ASSETS_TDAYS":0.216137982698,"PREMIUM_EXPENSE":null,"LOAN_DEPOSIT":null,"LOAN_EQUITY":null,"LOAN_ASSETS":null,"DEPOSIT_EQUITY":null,"DEPOSIT_ASSETS":null,"EQUITY_MULTIPLIER":1.253257622766,"EQUITY_RATIO":0.253257622765},{"SECUCODE":"00869.HK","SECURITY_CODE":"00869","SECURITY_NAME_ABBR":"彩星玩具","ORG_CODE":"10116472","STD_REPORT_DATE":"2021-12-31 00:00:00","REPORT_DATE":"2021-12-31 00:00:00","DATE_TYPE_CODE":"001","REPORT_TYPE":"2021年年报","PER_NETCASH_OPERATE":0.017536827119,"PER_OI":0.433125678644,"BPS":0.689554139661,"BASIC_EPS":0.02976064,"DILUTED_EPS":0.02976064,"OPERATE_INCOME":511088300.8,"OPERATE_INCOME_YOY":116.1208684829,"GROSS_PROFIT":248161222.4,"GROSS_PROFIT_YOY":107.630754834655,"HOLDER_PROFIT":35141265.6,"HOLDER_PROFIT_YOY":242.9697634967,"GROSS_PROFIT_RATIO":48.555449618306,"EPS_TTM":0.029780733559,"OPERATE_INCOME_QOQ":48.239034815215,"NET_PROFIT_RATIO":6.8757718666,"ROE_AVG":4.415236216833,"GROSS_PROFIT_QOQ":40.548206144043,"ROA":3.658542813659,"HOLDER_PROFIT_QOQ":0.892378925159,"ROE_YEARLY":4.415236216833,"ROIC_YEARLY":16.999153621629,"TOTAL_ASSETS":1029379657.6,"TOTAL_LIABILITIES":215705772.8,"TAX_EBT":-34.139566818551,"OCF_SALES":4.04890035002,"TOTAL_PARENT_EQUITY":813673884.8,"DEBT_ASSET_RATIO":20.9549286512,"OPERATE_PROFIT":30870123.2,"PRETAX_PROFIT":26197539.2,"NETCASH_OPERATE":20693456,"NETCASH_INVEST":-58846760,"NETCASH_FINANCE":-7302803.2,"END_CASH":730931947.2,"DIVI_RATIO":1.525825410227,"DIVIDEND_RATE":8.064516129032,"CURRENT_RATIO":4.819584659936,"COMMON_ACS":3000000000,"CURRENTDEBT_DEBT":94.763254847855,"ISSUED_COMMON_SHARES":1180000000,"HK_COMMON_SHARES":1180000000,"PER_SHARES":4000,"TOTAL_MARKET_CAP":731600000,"HKSK_MARKET_CAP":731600000,"PE_TTM":3.205496137719,"PB_TTM":0.617627368761,"REPORT_DATE_SQ":"2020-12-31 00:00:00","REPORT_TYPE_SQ":"2020年年报","OPERATE_INCOME_SQ":243435953.6,"DPS_HKD":0.05,"OPERATE_INCOME_QOQ_SQ":-6.307859536353,"NET_PROFIT_RATIO_SQ":-10.3937906237,"HOLDER_PROFIT_SQ":-25302223.32,"HOLDER_PROFIT_QOQ_SQ":60.445763401354,"ROE_AVG_SQ":-3.104046421823,"PE_TTM_SQ":8.183927260866,"PB_TTM_SQ":0.764517118116,"ROA_SQ":-2.65775179818,"START_DATE":"2021-01-01 00:00:00","FISCAL_YEAR":"12-31","CURRENCY":"HKD","IS_CNY_CODE":0,"DPS_HKD_LY":null,"ORG_TYPE":"一般企业","PREMIUM_INCOME":null,"PREMIUM_INCOME_YOY":null,"NET_INTEREST_INCOME":null,"NET_INTEREST_INCOME_YOY":null,"FEE_COMMISSION_INCOME":null,"FEE_COMMISSION_INCOME_YOY":null,"ACCOUNTS_RECE_TDAYS":7.546469164418,"INVENTORY_TDAYS":9.418187143066,"CURRENT_ASSETS_TDAYS":0.555690824374,"TOTAL_ASSETS_TDAYS":0.532091943222,"PREMIUM_EXPENSE":null,"LOAN_DEPOSIT":null,"LOAN_EQUITY":null,"LOAN_ASSETS":null,"DEPOSIT_EQUITY":null,"DEPOSIT_ASSETS":null,"EQUITY_MULTIPLIER":1.265101015074,"EQUITY_RATIO":0.265101015074},{"SECUCODE":"00869.HK","SECURITY_CODE":"00869","SECURITY_NAME_ABBR":"彩星玩具","ORG_CODE":"10116472","STD_REPORT_DATE":"2021-06-30 00:00:00","REPORT_DATE":"2021-06-30 00:00:00","DATE_TYPE_CODE":"002","REPORT_TYPE":"2021年中报","PER_NETCASH_OPERATE":0.027933207661,"PER_OI":0.150894182237,"BPS":0.681624422644,"BASIC_EPS":0.010234584,"DILUTED_EPS":0.010234584,"OPERATE_INCOME":178055135.04,"OPERATE_INCOME_YOY":154.7840167643,"GROSS_PROFIT":92381682,"GROSS_PROFIT_YOY":161.441462883464,"HOLDER_PROFIT":12051014.64,"HOLDER_PROFIT_YOY":127.5143432501,"GROSS_PROFIT_RATIO":51.883750490682,"EPS_TTM":0.029517327153,"OPERATE_INCOME_QOQ":41.627842897238,"NET_PROFIT_RATIO":6.768136531,"ROE_AVG":1.509922976518,"GROSS_PROFIT_QOQ":47.729210162855,"ROA":1.271885645335,"HOLDER_PROFIT_QOQ":237.657650078792,"ROE_YEARLY":3.019845953035,"ROIC_YEARLY":16.956087795141,"TOTAL_ASSETS":987519200.64,"TOTAL_LIABILITIES":183202381.92,"TAX_EBT":-0.165986582751,"OCF_SALES":18.51178570761,"TOTAL_PARENT_EQUITY":804316818.72,"DEBT_ASSET_RATIO":18.5517792263,"OPERATE_PROFIT":12895575.84,"PRETAX_PROFIT":12031044.72,"NETCASH_OPERATE":32961185.04,"NETCASH_INVEST":439338.24,"NETCASH_FINANCE":-3561302.4,"END_CASH":820267792.32,"DIVI_RATIO":1.539441554622,"DIVIDEND_RATE":8.064516129032,"CURRENT_RATIO":5.572699107161,"COMMON_ACS":3000000000,"CURRENTDEBT_DEBT":91.769237057963,"ISSUED_COMMON_SHARES":1180000000,"HK_COMMON_SHARES":1180000000,"PER_SHARES":4000,"TOTAL_MARKET_CAP":731600000,"HKSK_MARKET_CAP":731600000,"PE_TTM":3.205496137719,"PB_TTM":0.617627368761,"REPORT_DATE_SQ":"2020-06-30 00:00:00","REPORT_TYPE_SQ":"2020年中报","OPERATE_INCOME_SQ":76717998.72,"DPS_HKD":0.05,"OPERATE_INCOME_QOQ_SQ":-19.145982382804,"NET_PROFIT_RATIO_SQ":-62.6732390341,"HOLDER_PROFIT_SQ":-48081654.72,"HOLDER_PROFIT_QOQ_SQ":-91.563036183427,"ROE_AVG_SQ":-5.485742156154,"PE_TTM_SQ":8.183927260866,"PB_TTM_SQ":0.764517118116,"ROA_SQ":-4.622471386175,"START_DATE":"2021-01-01 00:00:00","FISCAL_YEAR":"12-31","CURRENCY":"HKD","IS_CNY_CODE":0,"DPS_HKD_LY":null,"ORG_TYPE":"一般企业","PREMIUM_INCOME":null,"PREMIUM_INCOME_YOY":null,"NET_INTEREST_INCOME":null,"NET_INTEREST_INCOME_YOY":null,"FEE_COMMISSION_INCOME":null,"FEE_COMMISSION_INCOME_YOY":null,"ACCOUNTS_RECE_TDAYS":4.120819973618,"INVENTORY_TDAYS":7.094047126912,"CURRENT_ASSETS_TDAYS":0.197145649977,"TOTAL_ASSETS_TDAYS":0.18792257507,"PREMIUM_EXPENSE":null,"LOAN_DEPOSIT":null,"LOAN_EQUITY":null,"LOAN_ASSETS":null,"DEPOSIT_EQUITY":null,"DEPOSIT_ASSETS":null,"EQUITY_MULTIPLIER":1.227773904084,"EQUITY_RATIO":0.227773904084},{"SECUCODE":"00869.HK","SECURITY_CODE":"00869","SECURITY_NAME_ABBR":"彩星玩具","ORG_CODE":"10116472","STD_REPORT_DATE":"2020-12-31 00:00:00","REPORT_DATE":"2020-12-31 00:00:00","DATE_TYPE_CODE":"001","REPORT_TYPE":"2020年年报","PER_NETCASH_OPERATE":-0.030800457729,"PER_OI":0.206301655593,"BPS":0.678834014305,"BASIC_EPS":-0.02146182,"DILUTED_EPS":-0.02146182,"OPERATE_INCOME":243435953.6,"OPERATE_INCOME_YOY":-19.3731375736,"GROSS_PROFIT":119520454.76,"GROSS_PROFIT_YOY":-27.585764452036,"HOLDER_PROFIT":-25302223.32,"HOLDER_PROFIT_YOY":19.3545791083,"GROSS_PROFIT_RATIO":49.097289448209,"EPS_TTM":-0.021442562136,"OPERATE_INCOME_QOQ":-6.307859536353,"NET_PROFIT_RATIO":-10.3937906237,"ROE_AVG":-3.104046421823,"GROSS_PROFIT_QOQ":-8.062211164097,"ROA":-2.65775179818,"HOLDER_PROFIT_QOQ":60.445763401354,"ROE_YEARLY":-3.104046421823,"ROIC_YEARLY":-19.598486256026,"TOTAL_ASSETS":917890900.72,"TOTAL_LIABILITIES":116866763.84,"TAX_EBT":-33.19893664156,"OCF_SALES":-14.9298160697,"TOTAL_PARENT_EQUITY":801024136.88,"DEBT_ASSET_RATIO":12.7320974365,"OPERATE_PROFIT":-27386965.6,"PRETAX_PROFIT":-18995814.8,"NETCASH_OPERATE":-36344540.12,"NETCASH_INVEST":1420688.32,"NETCASH_FINANCE":-7036110.4,"END_CASH":799510026.52,"DIVI_RATIO":-2.119159068429,"DIVIDEND_RATE":8.064516129032,"CURRENT_RATIO":7.863979829909,"COMMON_ACS":3000000000,"CURRENTDEBT_DEBT":95.689059169211,"ISSUED_COMMON_SHARES":1180000000,"HK_COMMON_SHARES":1180000000,"PER_SHARES":4000,"TOTAL_MARKET_CAP":731600000,"HKSK_MARKET_CAP":731600000,"PE_TTM":3.205496137719,"PB_TTM":0.617627368761,"REPORT_DATE_SQ":"2019-12-31 00:00:00","REPORT_TYPE_SQ":"2019年年报","OPERATE_INCOME_SQ":321351221.42,"DPS_HKD":0.05,"OPERATE_INCOME_QOQ_SQ":-26.711688154505,"NET_PROFIT_RATIO_SQ":-10.3913987607,"HOLDER_PROFIT_SQ":-33392886.84,"HOLDER_PROFIT_QOQ_SQ":-482.195845071058,"ROE_AVG_SQ":-3.722185083801,"PE_TTM_SQ":8.183927260866,"PB_TTM_SQ":0.764517118116,"ROA_SQ":-3.097594416054,"START_DATE":"2020-01-01 00:00:00","FISCAL_YEAR":"12-31","CURRENCY":"HKD","IS_CNY_CODE":0,"DPS_HKD_LY":null,"ORG_TYPE":"一般企业","PREMIUM_INCOME":null,"PREMIUM_INCOME_YOY":null,"NET_INTEREST_INCOME":null,"NET_INTEREST_INCOME_YOY":null,"FEE_COMMISSION_INCOME":null,"FEE_COMMISSION_INCOME_YOY":null,"ACCOUNTS_RECE_TDAYS":5.385868705019,"INVENTORY_TDAYS":9.880943592497,"CURRENT_ASSETS_TDAYS":0.264309894304,"TOTAL_ASSETS_TDAYS":0.255705728006,"PREMIUM_EXPENSE":null,"LOAN_DEPOSIT":null,"LOAN_EQUITY":null,"LOAN_ASSETS":null,"DEPOSIT_EQUITY":null,"DEPOSIT_ASSETS":null,"EQUITY_MULTIPLIER":1.145896682085,"EQUITY_RATIO":0.145896682084},{"SECUCODE":"00869.HK","SECURITY_CODE":"00869","SECURITY_NAME_ABBR":"彩星玩具","ORG_CODE":"10116472","STD_REPORT_DATE":"2020-06-30 00:00:00","REPORT_DATE":"2020-06-30 00:00:00","DATE_TYPE_CODE":"002","REPORT_TYPE":"2020年中报","PER_NETCASH_OPERATE":-0.025909183729,"PER_OI":0.065015253153,"BPS":0.722860807322,"BASIC_EPS":-0.040739424,"DILUTED_EPS":-0.040739424,"OPERATE_INCOME":76717998.72,"OPERATE_INCOME_YOY":-46.5575606404,"GROSS_PROFIT":35335512.96,"GROSS_PROFIT_YOY":-49.796895494861,"HOLDER_PROFIT":-48081654.72,"HOLDER_PROFIT_YOY":-164.4992713934,"GROSS_PROFIT_RATIO":46.058960803924,"EPS_TTM":-0.054210532119,"OPERATE_INCOME_QOQ":-19.145982382804,"NET_PROFIT_RATIO":-62.6732390341,"ROE_AVG":-5.485742156154,"GROSS_PROFIT_QOQ":-21.235613271912,"ROA":-4.622471386175,"HOLDER_PROFIT_QOQ":-91.563036183427,"ROE_YEARLY":-10.971484312307,"ROIC_YEARLY":-69.397266324106,"TOTAL_ASSETS":1010075557.92,"TOTAL_LIABILITIES":157099805.28,"TAX_EBT":-6.498603973617,"OCF_SALES":-39.850931085393,"TOTAL_PARENT_EQUITY":852975752.64,"DEBT_ASSET_RATIO":15.5532726288,"OPERATE_PROFIT":-49600705.44,"PRETAX_PROFIT":-45147685.44,"NETCASH_OPERATE":-30572836.8,"NETCASH_INVEST":795606.24,"NETCASH_FINANCE":-4047452.64,"END_CASH":884690389.44,"DIVI_RATIO":-0.838217191828,"DIVIDEND_RATE":8.064516129032,"CURRENT_RATIO":6.543210708901,"COMMON_ACS":3000000000,"CURRENTDEBT_DEBT":94.864146708763,"ISSUED_COMMON_SHARES":1180000000,"HK_COMMON_SHARES":1180000000,"PER_SHARES":4000,"TOTAL_MARKET_CAP":731600000,"HKSK_MARKET_CAP":731600000,"PE_TTM":3.205496137719,"PB_TTM":0.617627368761,"REPORT_DATE_SQ":"2019-06-30 00:00:00","REPORT_TYPE_SQ":"2019年中报","OPERATE_INCOME_SQ":138243846.96,"DPS_HKD":0.05,"OPERATE_INCOME_QOQ_SQ":5.535099500766,"NET_PROFIT_RATIO_SQ":-12.6632136221,"HOLDER_PROFIT_SQ":-17506113.66,"HOLDER_PROFIT_QOQ_SQ":1674.30566803757,"ROE_AVG_SQ":-1.971103490114,"PE_TTM_SQ":8.183927260866,"PB_TTM_SQ":0.764517118116,"ROA_SQ":-1.634054949932,"START_DATE":"2020-01-01 00:00:00","FISCAL_YEAR":"12-31","CURRENCY":"HKD","IS_CNY_CODE":0,"DPS_HKD_LY":null,"ORG_TYPE":"一般企业","PREMIUM_INCOME":null,"PREMIUM_INCOME_YOY":null,"NET_INTEREST_INCOME":null,"NET_INTEREST_INCOME_YOY":null,"FEE_COMMISSION_INCOME":null,"FEE_COMMISSION_INCOME_YOY":null,"ACCOUNTS_RECE_TDAYS":2.151579972077,"INVENTORY_TDAYS":3.01203377435,"CURRENT_ASSETS_TDAYS":0.075962315499,"TOTAL_ASSETS_TDAYS":0.073755105966,"PREMIUM_EXPENSE":null,"LOAN_DEPOSIT":null,"LOAN_EQUITY":null,"LOAN_ASSETS":null,"DEPOSIT_EQUITY":null,"DEPOSIT_ASSETS":null,"EQUITY_MULTIPLIER":1.184178512454,"EQUITY_RATIO":0.184178512453}],"count":39},"success":true,"message":"ok","code":0}