{"version":"60849e6f1ce9606fecc9c2d1e51d20ee","result":{"pages":5,"data":[{"SECUCODE":"00868.HK","SECURITY_CODE":"00868","SECURITY_NAME_ABBR":"信义玻璃","ORG_CODE":"10009135","STD_REPORT_DATE":"2024-06-30 00:00:00","REPORT_DATE":"2024-06-30 00:00:00","DATE_TYPE_CODE":"002","REPORT_TYPE":"2024年中报","PER_NETCASH_OPERATE":0.463154603843,"PER_OI":2.550857449454,"BPS":7.487965486396,"BASIC_EPS":0.58959128,"DILUTED_EPS":0.58959128,"OPERATE_INCOME":10776189819.92,"OPERATE_INCOME_YOY":-6.4496691723,"GROSS_PROFIT":3693357671.56,"GROSS_PROFIT_YOY":9.467210084359,"HOLDER_PROFIT":2491539734.88,"HOLDER_PROFIT_YOY":27.0975701735,"GROSS_PROFIT_RATIO":34.273316759257,"EPS_TTM":1.271903322827,"OPERATE_INCOME_QOQ":-3.542561041185,"NET_PROFIT_RATIO":23.2010840171,"ROE_AVG":7.636253521404,"GROSS_PROFIT_QOQ":4.092925335307,"ROA":5.358455119668,"HOLDER_PROFIT_QOQ":10.514826977367,"ROE_YEARLY":15.272507042808,"ROIC_YEARLY":11.144136326128,"TOTAL_ASSETS":46618312602.48,"TOTAL_LIABILITIES":13894810991.16,"TAX_EBT":15.73326352625,"OCF_SALES":18.156820324965,"TOTAL_PARENT_EQUITY":32626510195.04,"DEBT_ASSET_RATIO":29.8054781812,"OPERATE_PROFIT":2644650019,"PRETAX_PROFIT":2966998555.52,"NETCASH_OPERATE":1956613423.48,"NETCASH_INVEST":-1672236938.36,"NETCASH_FINANCE":-840647643.68,"END_CASH":1220703111.24,"DIVI_RATIO":0.48606854696,"DIVIDEND_RATE":8.935611038108,"CURRENT_RATIO":1.075465969048,"COMMON_ACS":20000000000,"CURRENTDEBT_DEBT":82.744221415567,"ISSUED_COMMON_SHARES":4357192919,"HK_COMMON_SHARES":4357192919,"PER_SHARES":1000,"TOTAL_MARKET_CAP":33158238113.59,"HKSK_MARKET_CAP":33158238113.59,"PE_TTM":5.575493113259,"PB_TTM":0.927554328692,"REPORT_DATE_SQ":"2023-06-30 00:00:00","REPORT_TYPE_SQ":"2023年中报","OPERATE_INCOME_SQ":11636513337.58,"DPS_HKD":0.68,"OPERATE_INCOME_QOQ_SQ":-0.157976329718,"NET_PROFIT_RATIO_SQ":17.0833154732,"HOLDER_PROFIT_SQ":1980311622.2,"HOLDER_PROFIT_QOQ_SQ":-18.472330797791,"ROE_AVG_SQ":6.755636476373,"PE_TTM_SQ":7.53014282862,"PB_TTM_SQ":0.945602689908,"ROA_SQ":4.137252761808,"START_DATE":"2024-01-01 00:00:00","FISCAL_YEAR":"12-31","CURRENCY":"HKD","IS_CNY_CODE":0,"DPS_HKD_LY":0.68,"ORG_TYPE":"一般企业","PREMIUM_INCOME":null,"PREMIUM_INCOME_YOY":null,"NET_INTEREST_INCOME":null,"NET_INTEREST_INCOME_YOY":null,"FEE_COMMISSION_INCOME":null,"FEE_COMMISSION_INCOME_YOY":null,"ACCOUNTS_RECE_TDAYS":1.578626811106,"INVENTORY_TDAYS":1.90671315878,"CURRENT_ASSETS_TDAYS":0.869462834407,"TOTAL_ASSETS_TDAYS":0.231759215808,"PREMIUM_EXPENSE":null,"LOAN_DEPOSIT":null,"LOAN_EQUITY":null,"LOAN_ASSETS":null,"DEPOSIT_EQUITY":null,"DEPOSIT_ASSETS":null,"EQUITY_MULTIPLIER":1.424612596666,"EQUITY_RATIO":0.425874876231},{"SECUCODE":"00868.HK","SECURITY_CODE":"00868","SECURITY_NAME_ABBR":"信义玻璃","ORG_CODE":"10009135","STD_REPORT_DATE":"2023-12-31 00:00:00","REPORT_DATE":"2023-12-31 00:00:00","DATE_TYPE_CODE":"001","REPORT_TYPE":"2023年年报","PER_NETCASH_OPERATE":1.073324587083,"PER_OI":5.75135396532,"BPS":7.435542400105,"BASIC_EPS":1.170926862,"DILUTED_EPS":1.16857069,"OPERATE_INCOME":24285354794.4,"OPERATE_INCOME_YOY":4.0881317829,"GROSS_PROFIT":7804148240.98,"GROSS_PROFIT_YOY":0.578276014793,"HOLDER_PROFIT":4861973609.08,"HOLDER_PROFIT_YOY":4.6411713009,"GROSS_PROFIT_RATIO":32.135203735132,"EPS_TTM":1.151431858113,"OPERATE_INCOME_QOQ":5.764210704474,"NET_PROFIT_RATIO":20.0709031693,"ROE_AVG":15.844178576016,"GROSS_PROFIT_QOQ":17.348312436739,"ROA":10.413126634671,"HOLDER_PROFIT_QOQ":30.211235548534,"ROE_YEARLY":15.844178576016,"ROIC_YEARLY":11.029378381305,"TOTAL_ASSETS":46048136566.18,"TOTAL_LIABILITIES":13545783260.52,"TAX_EBT":15.220523842639,"OCF_SALES":18.662120146934,"TOTAL_PARENT_EQUITY":32398092694.66,"DEBT_ASSET_RATIO":29.416572028,"OPERATE_PROFIT":5114122980.54,"PRETAX_PROFIT":5749375044.56,"NETCASH_OPERATE":4532162089.84,"NETCASH_INVEST":110818925.14,"NETCASH_FINANCE":-5601630373.08,"END_CASH":1804102776,"DIVI_RATIO":0.536924695668,"DIVIDEND_RATE":9.327846364883,"CURRENT_RATIO":1.199450781509,"COMMON_ACS":20000000000,"CURRENTDEBT_DEBT":75.921986228393,"ISSUED_COMMON_SHARES":4357192919,"HK_COMMON_SHARES":4357192919,"PER_SHARES":1000,"TOTAL_MARKET_CAP":31763936379.51,"HKSK_MARKET_CAP":31763936379.51,"PE_TTM":5.341043994174,"PB_TTM":0.888550730113,"REPORT_DATE_SQ":"2022-12-31 00:00:00","REPORT_TYPE_SQ":"2022年年报","OPERATE_INCOME_SQ":22998120487.3,"DPS_HKD":0.68,"OPERATE_INCOME_QOQ_SQ":-9.027478677273,"NET_PROFIT_RATIO_SQ":19.9806028046,"HOLDER_PROFIT_SQ":4579932853.58,"HOLDER_PROFIT_QOQ_SQ":-41.285610579707,"ROE_AVG_SQ":15.403492768515,"PE_TTM_SQ":7.615229188265,"PB_TTM_SQ":0.956287466065,"ROA_SQ":9.430943790596,"START_DATE":"2023-01-01 00:00:00","FISCAL_YEAR":"12-31","CURRENCY":"HKD","IS_CNY_CODE":0,"DPS_HKD_LY":0.48,"ORG_TYPE":"一般企业","PREMIUM_INCOME":null,"PREMIUM_INCOME_YOY":null,"NET_INTEREST_INCOME":null,"NET_INTEREST_INCOME_YOY":null,"FEE_COMMISSION_INCOME":null,"FEE_COMMISSION_INCOME_YOY":null,"ACCOUNTS_RECE_TDAYS":4.529123066872,"INVENTORY_TDAYS":4.488012848022,"CURRENT_ASSETS_TDAYS":2.020192867458,"TOTAL_ASSETS_TDAYS":0.52013131945,"PREMIUM_EXPENSE":null,"LOAN_DEPOSIT":null,"LOAN_EQUITY":null,"LOAN_ASSETS":null,"DEPOSIT_EQUITY":null,"DEPOSIT_ASSETS":null,"EQUITY_MULTIPLIER":1.416763153522,"EQUITY_RATIO":0.418104342999},{"SECUCODE":"00868.HK","SECURITY_CODE":"00868","SECURITY_NAME_ABBR":"信义玻璃","ORG_CODE":"10009135","STD_REPORT_DATE":"2023-06-30 00:00:00","REPORT_DATE":"2023-06-30 00:00:00","DATE_TYPE_CODE":"002","REPORT_TYPE":"2023年中报","PER_NETCASH_OPERATE":0.316748346695,"PER_OI":2.820034131047,"BPS":6.689807568206,"BASIC_EPS":0.48035158,"DILUTED_EPS":0.4794296,"OPERATE_INCOME":11636513337.58,"OPERATE_INCOME_YOY":-7.5328931631,"GROSS_PROFIT":3373939711,"GROSS_PROFIT_YOY":-24.735956531968,"HOLDER_PROFIT":1980311622.2,"HOLDER_PROFIT_YOY":-35.0092604444,"GROSS_PROFIT_RATIO":28.994421379675,"EPS_TTM":0.904889669727,"OPERATE_INCOME_QOQ":-0.157976329718,"NET_PROFIT_RATIO":17.0833154732,"ROE_AVG":6.755636476373,"GROSS_PROFIT_QOQ":-14.290820271477,"ROA":4.137252761808,"HOLDER_PROFIT_QOQ":-18.472330797791,"ROE_YEARLY":13.511272952747,"ROIC_YEARLY":8.889833930494,"TOTAL_ASSETS":47574088709.72,"TOTAL_LIABILITIES":18320609261.2,"TAX_EBT":12.822595611701,"OCF_SALES":11.232074931578,"TOTAL_PARENT_EQUITY":29148782165.66,"DEBT_ASSET_RATIO":38.5096378261,"OPERATE_PROFIT":2123650008.84,"PRETAX_PROFIT":2280295332.82,"NETCASH_OPERATE":1307021897.5,"NETCASH_INVEST":-151845496.1,"NETCASH_FINANCE":-368362357.32,"END_CASH":3483482920.74,"DIVI_RATIO":0.683212794535,"DIVIDEND_RATE":9.327846364883,"CURRENT_RATIO":1.029629700161,"COMMON_ACS":20000000000,"CURRENTDEBT_DEBT":66.594086641095,"ISSUED_COMMON_SHARES":4357192919,"HK_COMMON_SHARES":4357192919,"PER_SHARES":1000,"TOTAL_MARKET_CAP":31763936379.51,"HKSK_MARKET_CAP":31763936379.51,"PE_TTM":5.341043994174,"PB_TTM":0.888550730113,"REPORT_DATE_SQ":"2022-06-30 00:00:00","REPORT_TYPE_SQ":"2022年中报","OPERATE_INCOME_SQ":11672844924.23,"DPS_HKD":0.68,"OPERATE_INCOME_QOQ_SQ":1.513518014589,"NET_PROFIT_RATIO_SQ":24.2976238472,"HOLDER_PROFIT_SQ":2826331969.23,"HOLDER_PROFIT_QOQ_SQ":-17.439865328347,"ROE_AVG_SQ":9.805545511995,"PE_TTM_SQ":7.615229188265,"PB_TTM_SQ":0.956287466065,"ROA_SQ":5.735293355865,"START_DATE":"2023-01-01 00:00:00","FISCAL_YEAR":"12-31","CURRENCY":"HKD","IS_CNY_CODE":0,"DPS_HKD_LY":0.48,"ORG_TYPE":"一般企业","PREMIUM_INCOME":null,"PREMIUM_INCOME_YOY":null,"NET_INTEREST_INCOME":null,"NET_INTEREST_INCOME_YOY":null,"FEE_COMMISSION_INCOME":null,"FEE_COMMISSION_INCOME_YOY":null,"ACCOUNTS_RECE_TDAYS":2.5826196689,"INVENTORY_TDAYS":2.098616662018,"CURRENT_ASSETS_TDAYS":0.950978271345,"TOTAL_ASSETS_TDAYS":0.243109197583,"PREMIUM_EXPENSE":null,"LOAN_DEPOSIT":null,"LOAN_EQUITY":null,"LOAN_ASSETS":null,"DEPOSIT_EQUITY":null,"DEPOSIT_ASSETS":null,"EQUITY_MULTIPLIER":1.626271117369,"EQUITY_RATIO":0.628520572732},{"SECUCODE":"00868.HK","SECURITY_CODE":"00868","SECURITY_NAME_ABBR":"信义玻璃","ORG_CODE":"10009135","STD_REPORT_DATE":"2022-12-31 00:00:00","REPORT_DATE":"2022-12-31 00:00:00","DATE_TYPE_CODE":"001","REPORT_TYPE":"2022年年报","PER_NETCASH_OPERATE":1.464609552142,"PER_OI":5.596871223765,"BPS":6.554730869584,"BASIC_EPS":1.131058474,"DILUTED_EPS":1.124090968,"OPERATE_INCOME":22998120487.3,"OPERATE_INCOME_YOY":-15.4736249767,"GROSS_PROFIT":7759278196.25,"GROSS_PROFIT_YOY":-39.847664889365,"HOLDER_PROFIT":4579932853.58,"HOLDER_PROFIT_YOY":-55.6316706801,"GROSS_PROFIT_RATIO":33.73874921881,"EPS_TTM":1.114582142012,"OPERATE_INCOME_QOQ":-9.027478677273,"NET_PROFIT_RATIO":19.9806028046,"ROE_AVG":15.403492768515,"GROSS_PROFIT_QOQ":-31.888439356565,"ROA":9.430943790596,"HOLDER_PROFIT_QOQ":-41.285610579707,"ROE_YEARLY":15.403492768515,"ROIC_YEARLY":10.669669150823,"TOTAL_ASSETS":46657090160.03,"TOTAL_LIABILITIES":17994179162.82,"TAX_EBT":14.262780822425,"OCF_SALES":26.168362529466,"TOTAL_PARENT_EQUITY":28560226930.9,"DEBT_ASSET_RATIO":38.5668696893,"OPERATE_PROFIT":4768155561.82,"PRETAX_PROFIT":5359589628.82,"NETCASH_OPERATE":6018231544.08,"NETCASH_INVEST":-5862321984.82,"NETCASH_FINANCE":-4826183274.29,"END_CASH":2840737056.85,"DIVI_RATIO":0.554676211557,"DIVIDEND_RATE":9.327846364883,"CURRENT_RATIO":1.085355129545,"COMMON_ACS":20000000000,"CURRENTDEBT_DEBT":59.087782537138,"ISSUED_COMMON_SHARES":4357192919,"HK_COMMON_SHARES":4357192919,"PER_SHARES":1000,"TOTAL_MARKET_CAP":31763936379.51,"HKSK_MARKET_CAP":31763936379.51,"PE_TTM":5.341043994174,"PB_TTM":0.888550730113,"REPORT_DATE_SQ":"2021-12-31 00:00:00","REPORT_TYPE_SQ":"2021年年报","OPERATE_INCOME_SQ":24903376512,"DPS_HKD":0.68,"OPERATE_INCOME_QOQ_SQ":21.792652119265,"NET_PROFIT_RATIO_SQ":37.9875715385,"HOLDER_PROFIT_SQ":9448093211.2,"HOLDER_PROFIT_QOQ_SQ":9.650783975675,"ROE_AVG_SQ":36.990544575699,"PE_TTM_SQ":7.615229188265,"PB_TTM_SQ":0.956287466065,"ROA_SQ":22.754583022816,"START_DATE":"2022-01-01 00:00:00","FISCAL_YEAR":"12-31","CURRENCY":"HKD","IS_CNY_CODE":0,"DPS_HKD_LY":1.16,"ORG_TYPE":"一般企业","PREMIUM_INCOME":null,"PREMIUM_INCOME_YOY":null,"NET_INTEREST_INCOME":null,"NET_INTEREST_INCOME_YOY":null,"FEE_COMMISSION_INCOME":null,"FEE_COMMISSION_INCOME_YOY":null,"ACCOUNTS_RECE_TDAYS":5.031012965132,"INVENTORY_TDAYS":4.030234290414,"CURRENT_ASSETS_TDAYS":1.591683306212,"TOTAL_ASSETS_TDAYS":0.473574588404,"PREMIUM_EXPENSE":null,"LOAN_DEPOSIT":null,"LOAN_EQUITY":null,"LOAN_ASSETS":null,"DEPOSIT_EQUITY":null,"DEPOSIT_ASSETS":null,"EQUITY_MULTIPLIER":1.627786171635,"EQUITY_RATIO":0.630043283842},{"SECUCODE":"00868.HK","SECURITY_CODE":"00868","SECURITY_NAME_ABBR":"信义玻璃","ORG_CODE":"10009135","STD_REPORT_DATE":"2022-06-30 00:00:00","REPORT_DATE":"2022-06-30 00:00:00","DATE_TYPE_CODE":"002","REPORT_TYPE":"2022年中报","PER_NETCASH_OPERATE":0.834226929055,"PER_OI":2.892654378684,"BPS":6.439743863877,"BASIC_EPS":0.70211099,"DILUTED_EPS":0.69697985,"OPERATE_INCOME":11672844924.23,"OPERATE_INCOME_YOY":0.5442586371,"GROSS_PROFIT":4482804212.39,"GROSS_PROFIT_YOY":-25.163996958912,"HOLDER_PROFIT":2826331969.23,"HOLDER_PROFIT_YOY":-38.5356651808,"GROSS_PROFIT_RATIO":38.403698853951,"EPS_TTM":1.933011297267,"OPERATE_INCOME_QOQ":1.513518014589,"NET_PROFIT_RATIO":24.2976238472,"ROE_AVG":9.805545511995,"GROSS_PROFIT_QOQ":-11.685572107893,"ROA":5.735293355865,"HOLDER_PROFIT_QOQ":-17.439865328347,"ROE_YEARLY":19.61109102399,"ROIC_YEARLY":14.11222999661,"TOTAL_ASSETS":50242188440.22,"TOTAL_LIABILITIES":22087530899.7,"TAX_EBT":14.938109577889,"OCF_SALES":28.839495489075,"TOTAL_PARENT_EQUITY":28059206363.86,"DEBT_ASSET_RATIO":43.9621194566,"OPERATE_PROFIT":3008285614.39,"PRETAX_PROFIT":3334306277.33,"NETCASH_OPERATE":3366389585.37,"NETCASH_INVEST":-1493412310.67,"NETCASH_FINANCE":406912229.85,"END_CASH":9807991099.34,"DIVI_RATIO":0.319828549825,"DIVIDEND_RATE":9.327846364883,"CURRENT_RATIO":1.385108022108,"COMMON_ACS":20000000000,"CURRENTDEBT_DEBT":63.385250601778,"ISSUED_COMMON_SHARES":4357192919,"HK_COMMON_SHARES":4357192919,"PER_SHARES":1000,"TOTAL_MARKET_CAP":31763936379.51,"HKSK_MARKET_CAP":31763936379.51,"PE_TTM":5.341043994174,"PB_TTM":0.888550730113,"REPORT_DATE_SQ":"2021-06-30 00:00:00","REPORT_TYPE_SQ":"2021年中报","OPERATE_INCOME_SQ":11295927834.48,"DPS_HKD":0.68,"OPERATE_INCOME_QOQ_SQ":30.505024316927,"NET_PROFIT_RATIO_SQ":39.6536975239,"HOLDER_PROFIT_SQ":4474066701.36,"HOLDER_PROFIT_QOQ_SQ":59.412126464015,"ROE_AVG_SQ":18.199730935449,"PE_TTM_SQ":7.615229188265,"PB_TTM_SQ":0.956287466065,"ROA_SQ":11.120615040589,"START_DATE":"2022-01-01 00:00:00","FISCAL_YEAR":"12-31","CURRENCY":"HKD","IS_CNY_CODE":0,"DPS_HKD_LY":1.16,"ORG_TYPE":"一般企业","PREMIUM_INCOME":null,"PREMIUM_INCOME_YOY":null,"NET_INTEREST_INCOME":null,"NET_INTEREST_INCOME_YOY":null,"FEE_COMMISSION_INCOME":null,"FEE_COMMISSION_INCOME_YOY":null,"ACCOUNTS_RECE_TDAYS":2.535308841204,"INVENTORY_TDAYS":1.833747883265,"CURRENT_ASSETS_TDAYS":0.648314113007,"TOTAL_ASSETS_TDAYS":0.236869520873,"PREMIUM_EXPENSE":null,"LOAN_DEPOSIT":null,"LOAN_EQUITY":null,"LOAN_ASSETS":null,"DEPOSIT_EQUITY":null,"DEPOSIT_ASSETS":null,"EQUITY_MULTIPLIER":1.784507176758,"EQUITY_RATIO":0.787175895614},{"SECUCODE":"00868.HK","SECURITY_CODE":"00868","SECURITY_NAME_ABBR":"信义玻璃","ORG_CODE":"10009135","STD_REPORT_DATE":"2021-12-31 00:00:00","REPORT_DATE":"2021-12-31 00:00:00","DATE_TYPE_CODE":"001","REPORT_TYPE":"2021年年报","PER_NETCASH_OPERATE":2.227203883716,"PER_OI":6.196939977894,"BPS":6.492219718766,"BASIC_EPS":2.34626672,"DILUTED_EPS":2.31716016,"OPERATE_INCOME":24903376512,"OPERATE_INCOME_YOY":63.6190265311,"GROSS_PROFIT":12899379852.8,"GROSS_PROFIT_YOY":97.215590894147,"HOLDER_PROFIT":9448093211.2,"HOLDER_PROFIT_YOY":79.9362151333,"GROSS_PROFIT_RATIO":51.797714444803,"EPS_TTM":2.351057355903,"OPERATE_INCOME_QOQ":21.792652119265,"NET_PROFIT_RATIO":37.9875715385,"ROE_AVG":36.990544575699,"GROSS_PROFIT_QOQ":25.229233331244,"ROA":22.754583022816,"HOLDER_PROFIT_QOQ":9.650783975675,"ROE_YEARLY":36.990544575699,"ROIC_YEARLY":26.594247034618,"TOTAL_ASSETS":46193308504,"TOTAL_LIABILITIES":17817254481.6,"TAX_EBT":14.302184143784,"OCF_SALES":35.940381731317,"TOTAL_PARENT_EQUITY":28287853787.2,"DEBT_ASSET_RATIO":38.5710724315,"OPERATE_PROFIT":10197121099.2,"PRETAX_PROFIT":11039007089.6,"NETCASH_OPERATE":8950368582.4,"NETCASH_INVEST":-4101760208,"NETCASH_FINANCE":-1732241761.6,"END_CASH":7538585958.4,"DIVI_RATIO":0.262959216392,"DIVIDEND_RATE":9.327846364883,"CURRENT_RATIO":1.889203875952,"COMMON_ACS":20000000000,"CURRENTDEBT_DEBT":47.19951105309,"ISSUED_COMMON_SHARES":4357192919,"HK_COMMON_SHARES":4357192919,"PER_SHARES":1000,"TOTAL_MARKET_CAP":31763936379.51,"HKSK_MARKET_CAP":31763936379.51,"PE_TTM":5.341043994174,"PB_TTM":0.888550730113,"REPORT_DATE_SQ":"2020-12-31 00:00:00","REPORT_TYPE_SQ":"2020年年报","OPERATE_INCOME_SQ":15667868401.56,"DPS_HKD":0.68,"OPERATE_INCOME_QOQ_SQ":7.853019845655,"NET_PROFIT_RATIO_SQ":34.5471680386,"HOLDER_PROFIT_SQ":5405191349.32,"HOLDER_PROFIT_QOQ_SQ":58.753462628678,"ROE_AVG_SQ":26.359482034066,"PE_TTM_SQ":7.615229188265,"PB_TTM_SQ":0.956287466065,"ROA_SQ":15.793870123237,"START_DATE":"2021-01-01 00:00:00","FISCAL_YEAR":"12-31","CURRENCY":"HKD","IS_CNY_CODE":0,"DPS_HKD_LY":1.28,"ORG_TYPE":"一般企业","PREMIUM_INCOME":null,"PREMIUM_INCOME_YOY":null,"NET_INTEREST_INCOME":null,"NET_INTEREST_INCOME_YOY":null,"FEE_COMMISSION_INCOME":null,"FEE_COMMISSION_INCOME_YOY":null,"ACCOUNTS_RECE_TDAYS":5.755285412112,"INVENTORY_TDAYS":4.405423396616,"CURRENT_ASSETS_TDAYS":1.881781303882,"TOTAL_ASSETS_TDAYS":0.599767525281,"PREMIUM_EXPENSE":null,"LOAN_DEPOSIT":null,"LOAN_EQUITY":null,"LOAN_ASSETS":null,"DEPOSIT_EQUITY":null,"DEPOSIT_ASSETS":null,"EQUITY_MULTIPLIER":1.627897538802,"EQUITY_RATIO":0.62985529463},{"SECUCODE":"00868.HK","SECURITY_CODE":"00868","SECURITY_NAME_ABBR":"信义玻璃","ORG_CODE":"10009135","STD_REPORT_DATE":"2021-06-30 00:00:00","REPORT_DATE":"2021-06-30 00:00:00","DATE_TYPE_CODE":"002","REPORT_TYPE":"2021年中报","PER_NETCASH_OPERATE":0.516132801056,"PER_OI":2.786393615329,"BPS":5.959477902089,"BASIC_EPS":1.10999472,"DILUTED_EPS":1.09584936,"OPERATE_INCOME":11295927834.48,"OPERATE_INCOME_YOY":90.2945714832,"GROSS_PROFIT":5990170546.56,"GROSS_PROFIT_YOY":168.580517828185,"HOLDER_PROFIT":4474066701.36,"HOLDER_PROFIT_YOY":288.9624974772,"GROSS_PROFIT_RATIO":53.029468976204,"EPS_TTM":2.125460240011,"OPERATE_INCOME_QOQ":30.505024316927,"NET_PROFIT_RATIO":39.6536975239,"ROE_AVG":18.199730935449,"GROSS_PROFIT_QOQ":57.483668667437,"ROA":11.120615040589,"HOLDER_PROFIT_QOQ":59.412126464015,"ROE_YEARLY":36.399461870898,"ROIC_YEARLY":25.598207038589,"TOTAL_ASSETS":42961623392.16,"TOTAL_LIABILITIES":16913584485.84,"TAX_EBT":14.576123366347,"OCF_SALES":18.523327006509,"TOTAL_PARENT_EQUITY":25966594915.92,"DEBT_ASSET_RATIO":39.3690534723,"OPERATE_PROFIT":4674671204.4,"PRETAX_PROFIT":5243560972.08,"NETCASH_OPERATE":2092381651.2,"NETCASH_INVEST":-2618546607.12,"NETCASH_FINANCE":321633035.28,"END_CASH":4186642139.04,"DIVI_RATIO":0.29086980239,"DIVIDEND_RATE":9.327846364883,"CURRENT_RATIO":1.449774758866,"COMMON_ACS":20000000000,"CURRENTDEBT_DEBT":62.893584271422,"ISSUED_COMMON_SHARES":4357192919,"HK_COMMON_SHARES":4357192919,"PER_SHARES":1000,"TOTAL_MARKET_CAP":31763936379.51,"HKSK_MARKET_CAP":31763936379.51,"PE_TTM":5.341043994174,"PB_TTM":0.888550730113,"REPORT_DATE_SQ":"2020-06-30 00:00:00","REPORT_TYPE_SQ":"2020年中报","OPERATE_INCOME_SQ":6516440768.64,"DPS_HKD":0.68,"OPERATE_INCOME_QOQ_SQ":-0.253868287809,"NET_PROFIT_RATIO_SQ":19.4563016649,"HOLDER_PROFIT_SQ":1262727581.28,"HOLDER_PROFIT_QOQ_SQ":-15.116634855041,"ROE_AVG_SQ":6.713088290033,"PE_TTM_SQ":7.615229188265,"PB_TTM_SQ":0.956287466065,"ROA_SQ":3.738683725653,"START_DATE":"2021-01-01 00:00:00","FISCAL_YEAR":"12-31","CURRENCY":"HKD","IS_CNY_CODE":0,"DPS_HKD_LY":1.28,"ORG_TYPE":"一般企业","PREMIUM_INCOME":null,"PREMIUM_INCOME_YOY":null,"NET_INTEREST_INCOME":null,"NET_INTEREST_INCOME_YOY":null,"FEE_COMMISSION_INCOME":null,"FEE_COMMISSION_INCOME_YOY":null,"ACCOUNTS_RECE_TDAYS":2.104741483127,"INVENTORY_TDAYS":2.221802976063,"CURRENT_ASSETS_TDAYS":0.862621535523,"TOTAL_ASSETS_TDAYS":0.280768422463,"PREMIUM_EXPENSE":null,"LOAN_DEPOSIT":null,"LOAN_EQUITY":null,"LOAN_ASSETS":null,"DEPOSIT_EQUITY":null,"DEPOSIT_ASSETS":null,"EQUITY_MULTIPLIER":1.649322758871,"EQUITY_RATIO":0.651359353839},{"SECUCODE":"00868.HK","SECURITY_CODE":"00868","SECURITY_NAME_ABBR":"信义玻璃","ORG_CODE":"10009135","STD_REPORT_DATE":"2020-12-31 00:00:00","REPORT_DATE":"2020-12-31 00:00:00","DATE_TYPE_CODE":"001","REPORT_TYPE":"2020年年报","PER_NETCASH_OPERATE":0.938489536649,"PER_OI":3.878670420617,"BPS":5.385634370017,"BASIC_EPS":1.342331636,"DILUTED_EPS":1.336860976,"OPERATE_INCOME":15667868401.56,"OPERATE_INCOME_YOY":14.4994408767,"GROSS_PROFIT":6540750553.4,"GROSS_PROFIT_YOY":24.110043627595,"HOLDER_PROFIT":5405191349.32,"HOLDER_PROFIT_YOY":43.4236561234,"GROSS_PROFIT_RATIO":41.746269407961,"EPS_TTM":1.338086028492,"OPERATE_INCOME_QOQ":7.853019845655,"NET_PROFIT_RATIO":34.5471680386,"ROE_AVG":26.359482034066,"GROSS_PROFIT_QOQ":27.373451915401,"ROA":15.793870123237,"HOLDER_PROFIT_QOQ":58.753462628678,"ROE_YEARLY":26.359482034066,"ROIC_YEARLY":18.139270034964,"TOTAL_ASSETS":37933631345.96,"TOTAL_LIABILITIES":14390141893.6,"TAX_EBT":12.265225824389,"OCF_SALES":24.196166079507,"TOTAL_PARENT_EQUITY":23466247941.36,"DEBT_ASSET_RATIO":37.9350496723,"OPERATE_PROFIT":5353668673.44,"PRETAX_PROFIT":6169509040.88,"NETCASH_OPERATE":3791023459.56,"NETCASH_INVEST":-3061593429.28,"NETCASH_FINANCE":-862482372.96,"END_CASH":4414026428.56,"DIVI_RATIO":0.462027244016,"DIVIDEND_RATE":9.327846364883,"CURRENT_RATIO":1.488404931805,"COMMON_ACS":20000000000,"CURRENTDEBT_DEBT":50.850831747354,"ISSUED_COMMON_SHARES":4357192919,"HK_COMMON_SHARES":4357192919,"PER_SHARES":1000,"TOTAL_MARKET_CAP":31763936379.51,"HKSK_MARKET_CAP":31763936379.51,"PE_TTM":5.341043994174,"PB_TTM":0.888550730113,"REPORT_DATE_SQ":"2019-12-31 00:00:00","REPORT_TYPE_SQ":"2019年年报","OPERATE_INCOME_SQ":14564029276.42,"DPS_HKD":0.68,"OPERATE_INCOME_QOQ_SQ":3.635645087964,"NET_PROFIT_RATIO_SQ":27.5713136688,"HOLDER_PROFIT_SQ":4011116517.76,"HOLDER_PROFIT_QOQ_SQ":3.144840503511,"ROE_AVG_SQ":22.688983231971,"PE_TTM_SQ":7.615229188265,"PB_TTM_SQ":0.956287466065,"ROA_SQ":12.99161591309,"START_DATE":"2020-01-01 00:00:00","FISCAL_YEAR":"12-31","CURRENCY":"HKD","IS_CNY_CODE":0,"DPS_HKD_LY":0.47,"ORG_TYPE":"一般企业","PREMIUM_INCOME":null,"PREMIUM_INCOME_YOY":null,"NET_INTEREST_INCOME":null,"NET_INTEREST_INCOME_YOY":null,"FEE_COMMISSION_INCOME":null,"FEE_COMMISSION_INCOME_YOY":null,"ACCOUNTS_RECE_TDAYS":4.652787360412,"INVENTORY_TDAYS":4.776359135437,"CURRENT_ASSETS_TDAYS":1.601639764218,"TOTAL_ASSETS_TDAYS":0.457812245025,"PREMIUM_EXPENSE":null,"LOAN_DEPOSIT":null,"LOAN_EQUITY":null,"LOAN_ASSETS":null,"DEPOSIT_EQUITY":null,"DEPOSIT_ASSETS":null,"EQUITY_MULTIPLIER":1.611215339286,"EQUITY_RATIO":0.613227215938},{"SECUCODE":"00868.HK","SECURITY_CODE":"00868","SECURITY_NAME_ABBR":"信义玻璃","ORG_CODE":"10009135","STD_REPORT_DATE":"2020-06-30 00:00:00","REPORT_DATE":"2020-06-30 00:00:00","DATE_TYPE_CODE":"002","REPORT_TYPE":"2020年中报","PER_NETCASH_OPERATE":0.259443598421,"PER_OI":1.619982543482,"BPS":4.263751855271,"BASIC_EPS":0.31422336,"DILUTED_EPS":0.31330992,"OPERATE_INCOME":6516440768.64,"OPERATE_INCOME_YOY":-4.2414301323,"GROSS_PROFIT":2230307170.08,"GROSS_PROFIT_YOY":-5.708487735546,"HOLDER_PROFIT":1262727581.28,"HOLDER_PROFIT_YOY":-34.93939103,"GROSS_PROFIT_RATIO":34.225848883845,"EPS_TTM":0.846423571125,"OPERATE_INCOME_QOQ":-0.253868287809,"NET_PROFIT_RATIO":19.4563016649,"ROE_AVG":6.713088290033,"GROSS_PROFIT_QOQ":-2.562078862378,"ROA":3.738683725653,"HOLDER_PROFIT_QOQ":-15.116634855041,"ROE_YEARLY":13.426176580066,"ROIC_YEARLY":8.679795084838,"TOTAL_ASSETS":34433186784.48,"TOTAL_LIABILITIES":15776982265.44,"TAX_EBT":15.446605720983,"OCF_SALES":16.015209513487,"TOTAL_PARENT_EQUITY":18577989392.16,"DEBT_ASSET_RATIO":45.8191173654,"OPERATE_PROFIT":1262335715.52,"PRETAX_PROFIT":1499476614.24,"NETCASH_OPERATE":1043621641.92,"NETCASH_INVEST":-1745502543.84,"NETCASH_FINANCE":392406516.48,"END_CASH":4273605768.96,"DIVI_RATIO":0.730405226284,"DIVIDEND_RATE":9.327846364883,"CURRENT_RATIO":1.319035103251,"COMMON_ACS":20000000000,"CURRENTDEBT_DEBT":48.787975440786,"ISSUED_COMMON_SHARES":4357192919,"HK_COMMON_SHARES":4357192919,"PER_SHARES":1000,"TOTAL_MARKET_CAP":31763936379.51,"HKSK_MARKET_CAP":31763936379.51,"PE_TTM":5.341043994174,"PB_TTM":0.888550730113,"REPORT_DATE_SQ":"2019-06-30 00:00:00","REPORT_TYPE_SQ":"2019年中报","OPERATE_INCOME_SQ":6553414220.4,"DPS_HKD":0.68,"OPERATE_INCOME_QOQ_SQ":0.151169894584,"NET_PROFIT_RATIO_SQ":28.5418674513,"HOLDER_PROFIT_SQ":1869073418.88,"HOLDER_PROFIT_QOQ_SQ":4.755284802475,"ROE_AVG_SQ":11.08630290857,"PE_TTM_SQ":7.615229188265,"PB_TTM_SQ":0.956287466065,"ROA_SQ":6.207588321314,"START_DATE":"2020-01-01 00:00:00","FISCAL_YEAR":"12-31","CURRENCY":"HKD","IS_CNY_CODE":0,"DPS_HKD_LY":0.47,"ORG_TYPE":"一般企业","PREMIUM_INCOME":null,"PREMIUM_INCOME_YOY":null,"NET_INTEREST_INCOME":null,"NET_INTEREST_INCOME_YOY":null,"FEE_COMMISSION_INCOME":null,"FEE_COMMISSION_INCOME_YOY":null,"ACCOUNTS_RECE_TDAYS":2.048590429572,"INVENTORY_TDAYS":2.32013383926,"CURRENT_ASSETS_TDAYS":0.666089460269,"TOTAL_ASSETS_TDAYS":0.192938773272,"PREMIUM_EXPENSE":null,"LOAN_DEPOSIT":null,"LOAN_EQUITY":null,"LOAN_ASSETS":null,"DEPOSIT_EQUITY":null,"DEPOSIT_ASSETS":null,"EQUITY_MULTIPLIER":1.845669452718,"EQUITY_RATIO":0.849229802666}],"count":43},"success":true,"message":"ok","code":0}