{"version":"8c0865ef70707c23298eb098e9436db1","result":{"pages":7,"data":[{"SECUCODE":"00865.HK","SECURITY_CODE":"00865","SECURITY_NAME_ABBR":"建德国际控股","ORG_CODE":"10010719","STD_REPORT_DATE":"2024-06-30 00:00:00","REPORT_DATE":"2024-06-30 00:00:00","DATE_TYPE_CODE":"002","REPORT_TYPE":"2024年中报","PER_NETCASH_OPERATE":-0.001315350043,"PER_OI":0.010951372532,"BPS":0.13432517713,"BASIC_EPS":-0.0007,"DILUTED_EPS":-0.0007,"OPERATE_INCOME":63934000,"OPERATE_INCOME_YOY":241.9661959777,"GROSS_PROFIT":8176000,"GROSS_PROFIT_YOY":31.616226658081,"HOLDER_PROFIT":-3830000,"HOLDER_PROFIT_YOY":-14.3966547192,"GROSS_PROFIT_RATIO":12.788187818688,"EPS_TTM":0.000689449658,"OPERATE_INCOME_QOQ":16.255938135587,"NET_PROFIT_RATIO":-5.9655269497,"ROE_AVG":-0.487199872794,"GROSS_PROFIT_QOQ":5.307247473383,"ROA":-0.325390989558,"HOLDER_PROFIT_QOQ":-10.694475260706,"ROE_YEARLY":-0.974399745588,"ROIC_YEARLY":-0.747548630917,"TOTAL_ASSETS":1152290000,"TOTAL_LIABILITIES":351909000,"TAX_EBT":-2091.95402298851,"OCF_SALES":-12.010823661901,"TOTAL_PARENT_EQUITY":784189000,"DEBT_ASSET_RATIO":30.5399682372,"OPERATE_PROFIT":-176000,"PRETAX_PROFIT":-174000,"NETCASH_OPERATE":-7679000,"NETCASH_INVEST":-23175000,"NETCASH_FINANCE":-3207000,"END_CASH":119100000,"DIVI_RATIO":null,"DIVIDEND_RATE":null,"CURRENT_RATIO":3.125332201666,"COMMON_ACS":100000000000,"CURRENTDEBT_DEBT":94.414465103194,"ISSUED_COMMON_SHARES":5837989696,"HK_COMMON_SHARES":5837989696,"PER_SHARES":4000,"TOTAL_MARKET_CAP":105083814.528,"HKSK_MARKET_CAP":105083814.528,"PE_TTM":23.837779378152,"PB_TTM":0.122302016278,"REPORT_DATE_SQ":"2023-06-30 00:00:00","REPORT_TYPE_SQ":"2023年中报","OPERATE_INCOME_SQ":18696000,"DPS_HKD":null,"OPERATE_INCOME_QOQ_SQ":-72.549617971185,"NET_PROFIT_RATIO_SQ":-18.1643132221,"HOLDER_PROFIT_SQ":-3348000,"HOLDER_PROFIT_QOQ_SQ":-98.828262188308,"ROE_AVG_SQ":-0.428339219586,"PE_TTM_SQ":-178.878036218963,"PB_TTM_SQ":0.179437005458,"ROA_SQ":-0.238977194738,"START_DATE":"2024-01-01 00:00:00","FISCAL_YEAR":"12-31","CURRENCY":"HKD","IS_CNY_CODE":0,"DPS_HKD_LY":null,"ORG_TYPE":"一般企业","PREMIUM_INCOME":null,"PREMIUM_INCOME_YOY":null,"NET_INTEREST_INCOME":null,"NET_INTEREST_INCOME_YOY":null,"FEE_COMMISSION_INCOME":null,"FEE_COMMISSION_INCOME_YOY":null,"ACCOUNTS_RECE_TDAYS":null,"INVENTORY_TDAYS":0.064689707981,"CURRENT_ASSETS_TDAYS":0.059522490609,"TOTAL_ASSETS_TDAYS":0.054317356466,"PREMIUM_EXPENSE":null,"LOAN_DEPOSIT":null,"LOAN_EQUITY":null,"LOAN_ASSETS":null,"DEPOSIT_EQUITY":null,"DEPOSIT_ASSETS":null,"EQUITY_MULTIPLIER":1.439676853899,"EQUITY_RATIO":0.448755338318},{"SECUCODE":"00865.HK","SECURITY_CODE":"00865","SECURITY_NAME_ABBR":"建德国际控股","ORG_CODE":"10010719","STD_REPORT_DATE":"2023-12-31 00:00:00","REPORT_DATE":"2023-12-31 00:00:00","DATE_TYPE_CODE":"001","REPORT_TYPE":"2023年年报","PER_NETCASH_OPERATE":0.002083080073,"PER_OI":0.047668121133,"BPS":0.134988419137,"BASIC_EPS":0.0008,"DILUTED_EPS":0.0008,"OPERATE_INCOME":278286000,"OPERATE_INCOME_YOY":6.1540398164,"GROSS_PROFIT":37006000,"GROSS_PROFIT_YOY":-55.730743004797,"HOLDER_PROFIT":4507000,"HOLDER_PROFIT_YOY":-85.6102934134,"GROSS_PROFIT_RATIO":13.297830289702,"EPS_TTM":0.000772012325,"OPERATE_INCOME_QOQ":286.712431561102,"NET_PROFIT_RATIO":2.7274099308,"ROE_AVG":0.57363043665,"GROSS_PROFIT_QOQ":20.470082687675,"ROA":0.352057941535,"HOLDER_PROFIT_QOQ":1128.06539509537,"ROE_YEARLY":0.57363043665,"ROIC_YEARLY":0.401615730291,"TOTAL_ASSETS":1201801000,"TOTAL_LIABILITIES":397467000,"TAX_EBT":52.601011678012,"OCF_SALES":4.369964712562,"TOTAL_PARENT_EQUITY":788061000,"DEBT_ASSET_RATIO":33.0726135192,"OPERATE_PROFIT":16021000,"PRETAX_PROFIT":16013000,"NETCASH_OPERATE":12161000,"NETCASH_INVEST":9520000,"NETCASH_FINANCE":-1943000,"END_CASH":153161000,"DIVI_RATIO":null,"DIVIDEND_RATE":null,"CURRENT_RATIO":2.931998848155,"COMMON_ACS":100000000000,"CURRENTDEBT_DEBT":95.233818153457,"ISSUED_COMMON_SHARES":5837989696,"HK_COMMON_SHARES":5837989696,"PER_SHARES":4000,"TOTAL_MARKET_CAP":99245824.832,"HKSK_MARKET_CAP":99245824.832,"PE_TTM":22.513458301588,"PB_TTM":0.115507459819,"REPORT_DATE_SQ":"2022-12-31 00:00:00","REPORT_TYPE_SQ":"2022年年报","OPERATE_INCOME_SQ":262153000,"DPS_HKD":null,"OPERATE_INCOME_QOQ_SQ":-9.997493760149,"NET_PROFIT_RATIO_SQ":12.2928213677,"HOLDER_PROFIT_SQ":31321000,"HOLDER_PROFIT_QOQ_SQ":-32.344745652878,"ROE_AVG_SQ":4.080571782939,"PE_TTM_SQ":-151.358338339123,"PB_TTM_SQ":0.151831312311,"ROA_SQ":2.236040364523,"START_DATE":"2023-01-01 00:00:00","FISCAL_YEAR":"12-31","CURRENCY":"HKD","IS_CNY_CODE":0,"DPS_HKD_LY":null,"ORG_TYPE":"一般企业","PREMIUM_INCOME":null,"PREMIUM_INCOME_YOY":null,"NET_INTEREST_INCOME":null,"NET_INTEREST_INCOME_YOY":null,"FEE_COMMISSION_INCOME":null,"FEE_COMMISSION_INCOME_YOY":null,"ACCOUNTS_RECE_TDAYS":null,"INVENTORY_TDAYS":0.251747668037,"CURRENT_ASSETS_TDAYS":0.235165073821,"TOTAL_ASSETS_TDAYS":0.21737917976,"PREMIUM_EXPENSE":null,"LOAN_DEPOSIT":null,"LOAN_EQUITY":null,"LOAN_ASSETS":null,"DEPOSIT_EQUITY":null,"DEPOSIT_ASSETS":null,"EQUITY_MULTIPLIER":1.494156656314,"EQUITY_RATIO":0.504360703042},{"SECUCODE":"00865.HK","SECURITY_CODE":"00865","SECURITY_NAME_ABBR":"建德国际控股","ORG_CODE":"10010719","STD_REPORT_DATE":"2023-06-30 00:00:00","REPORT_DATE":"2023-06-30 00:00:00","DATE_TYPE_CODE":"002","REPORT_TYPE":"2023年中报","PER_NETCASH_OPERATE":0.000704009465,"PER_OI":0.00320247225,"BPS":0.13359273322,"BASIC_EPS":-0.0006,"DILUTED_EPS":-0.0006,"OPERATE_INCOME":18696000,"OPERATE_INCOME_YOY":-91.0497063005,"GROSS_PROFIT":6212000,"GROSS_PROFIT_YOY":-89.486689119434,"HOLDER_PROFIT":-3348000,"HOLDER_PROFIT_YOY":-112.1277983047,"GROSS_PROFIT_RATIO":33.226358579375,"EPS_TTM":0.000062864105,"OPERATE_INCOME_QOQ":-72.549617971185,"NET_PROFIT_RATIO":-18.1643132221,"ROE_AVG":-0.428339219586,"GROSS_PROFIT_QOQ":-63.252903951288,"ROA":-0.238977194738,"HOLDER_PROFIT_QOQ":-98.828262188308,"ROE_YEARLY":-0.856678439172,"ROIC_YEARLY":-0.538759766328,"TOTAL_ASSETS":1443368000,"TOTAL_LIABILITIES":650313000,"TAX_EBT":13.234542667348,"OCF_SALES":21.983311938383,"TOTAL_PARENT_EQUITY":779913000,"DEBT_ASSET_RATIO":45.0552457862,"OPERATE_PROFIT":-3908000,"PRETAX_PROFIT":-3914000,"NETCASH_OPERATE":4110000,"NETCASH_INVEST":5269000,"NETCASH_FINANCE":14002000,"END_CASH":156584000,"DIVI_RATIO":null,"DIVIDEND_RATE":null,"CURRENT_RATIO":2.2465118456,"COMMON_ACS":100000000000,"CURRENTDEBT_DEBT":91.992471317658,"ISSUED_COMMON_SHARES":5837989696,"HK_COMMON_SHARES":5837989696,"PER_SHARES":4000,"TOTAL_MARKET_CAP":99245824.832,"HKSK_MARKET_CAP":99245824.832,"PE_TTM":22.513458301588,"PB_TTM":0.115507459819,"REPORT_DATE_SQ":"2022-06-30 00:00:00","REPORT_TYPE_SQ":"2022年中报","OPERATE_INCOME_SQ":208887000,"DPS_HKD":null,"OPERATE_INCOME_QOQ_SQ":175.803198591029,"NET_PROFIT_RATIO_SQ":14.5925787627,"HOLDER_PROFIT_SQ":27606000,"HOLDER_PROFIT_QOQ_SQ":316.284506788958,"ROE_AVG_SQ":3.981268703801,"PE_TTM_SQ":-151.358338339123,"PB_TTM_SQ":0.151831312311,"ROA_SQ":2.229957776267,"START_DATE":"2023-01-01 00:00:00","FISCAL_YEAR":"12-31","CURRENCY":"HKD","IS_CNY_CODE":0,"DPS_HKD_LY":null,"ORG_TYPE":"一般企业","PREMIUM_INCOME":null,"PREMIUM_INCOME_YOY":null,"NET_INTEREST_INCOME":null,"NET_INTEREST_INCOME_YOY":null,"FEE_COMMISSION_INCOME":null,"FEE_COMMISSION_INCOME_YOY":null,"ACCOUNTS_RECE_TDAYS":null,"INVENTORY_TDAYS":0.01187948847,"CURRENT_ASSETS_TDAYS":0.014376832814,"TOTAL_ASSETS_TDAYS":0.013345034746,"PREMIUM_EXPENSE":null,"LOAN_DEPOSIT":null,"LOAN_EQUITY":null,"LOAN_ASSETS":null,"DEPOSIT_EQUITY":null,"DEPOSIT_ASSETS":null,"EQUITY_MULTIPLIER":1.820009961477,"EQUITY_RATIO":0.833827619234},{"SECUCODE":"00865.HK","SECURITY_CODE":"00865","SECURITY_NAME_ABBR":"建德国际控股","ORG_CODE":"10010719","STD_REPORT_DATE":"2022-12-31 00:00:00","REPORT_DATE":"2022-12-31 00:00:00","DATE_TYPE_CODE":"001","REPORT_TYPE":"2022年年报","PER_NETCASH_OPERATE":-0.022260402427,"PER_OI":0.044904669869,"BPS":0.134178722607,"BASIC_EPS":0.0054,"DILUTED_EPS":0.0054,"OPERATE_INCOME":262153000,"OPERATE_INCOME_YOY":148.2297910216,"GROSS_PROFIT":83593000,"GROSS_PROFIT_YOY":105.676254213518,"HOLDER_PROFIT":31321000,"HOLDER_PROFIT_YOY":2303.760552571,"GROSS_PROFIT_RATIO":31.8871040957,"EPS_TTM":0.005365031737,"OPERATE_INCOME_QOQ":-9.997493760149,"NET_PROFIT_RATIO":12.2928213677,"ROE_AVG":4.080571782939,"GROSS_PROFIT_QOQ":-9.185424995654,"ROA":2.236040364523,"HOLDER_PROFIT_QOQ":-32.344745652878,"ROE_YEARLY":4.080571782939,"ROIC_YEARLY":2.620316762088,"TOTAL_ASSETS":1358573000,"TOTAL_LIABILITIES":561936000,"TAX_EBT":29.682079032927,"OCF_SALES":-49.572577845762,"TOTAL_PARENT_EQUITY":783334000,"DEBT_ASSET_RATIO":41.3622234506,"OPERATE_PROFIT":50327000,"PRETAX_PROFIT":45829000,"NETCASH_OPERATE":-129956000,"NETCASH_INVEST":10929000,"NETCASH_FINANCE":21006000,"END_CASH":133203000,"DIVI_RATIO":null,"DIVIDEND_RATE":null,"CURRENT_RATIO":2.452339468247,"COMMON_ACS":100000000000,"CURRENTDEBT_DEBT":91.208073517269,"ISSUED_COMMON_SHARES":5837989696,"HK_COMMON_SHARES":5837989696,"PER_SHARES":4000,"TOTAL_MARKET_CAP":99245824.832,"HKSK_MARKET_CAP":99245824.832,"PE_TTM":22.513458301588,"PB_TTM":0.115507459819,"REPORT_DATE_SQ":"2021-12-31 00:00:00","REPORT_TYPE_SQ":"2021年年报","OPERATE_INCOME_SQ":105609000,"DPS_HKD":null,"OPERATE_INCOME_QOQ_SQ":25.185510063773,"NET_PROFIT_RATIO_SQ":9.0200645778,"HOLDER_PROFIT_SQ":1303000,"HOLDER_PROFIT_QOQ_SQ":357.967988865692,"ROE_AVG_SQ":1.450832359785,"PE_TTM_SQ":-151.358338339123,"PB_TTM_SQ":0.151831312311,"ROA_SQ":0.868989702773,"START_DATE":"2022-01-01 00:00:00","FISCAL_YEAR":"12-31","CURRENCY":"HKD","IS_CNY_CODE":0,"DPS_HKD_LY":null,"ORG_TYPE":"一般企业","PREMIUM_INCOME":null,"PREMIUM_INCOME_YOY":null,"NET_INTEREST_INCOME":null,"NET_INTEREST_INCOME_YOY":null,"FEE_COMMISSION_INCOME":null,"FEE_COMMISSION_INCOME_YOY":null,"ACCOUNTS_RECE_TDAYS":null,"INVENTORY_TDAYS":0.172347227155,"CURRENT_ASSETS_TDAYS":0.202581640278,"TOTAL_ASSETS_TDAYS":0.187153887066,"PREMIUM_EXPENSE":null,"LOAN_DEPOSIT":null,"LOAN_EQUITY":null,"LOAN_ASSETS":null,"DEPOSIT_EQUITY":null,"DEPOSIT_ASSETS":null,"EQUITY_MULTIPLIER":1.7053852633,"EQUITY_RATIO":0.71736449586},{"SECUCODE":"00865.HK","SECURITY_CODE":"00865","SECURITY_NAME_ABBR":"建德国际控股","ORG_CODE":"10010719","STD_REPORT_DATE":"2022-06-30 00:00:00","REPORT_DATE":"2022-06-30 00:00:00","DATE_TYPE_CODE":"002","REPORT_TYPE":"2022年中报","PER_NETCASH_OPERATE":-0.024686751348,"PER_OI":0.035780638692,"BPS":0.137553685741,"BASIC_EPS":0.0047,"DILUTED_EPS":0.0047,"OPERATE_INCOME":208887000,"OPERATE_INCOME_YOY":799.4832708952,"GROSS_PROFIT":59087000,"GROSS_PROFIT_YOY":669.161676646707,"HOLDER_PROFIT":27606000,"HOLDER_PROFIT_YOY":832.9149893441,"GROSS_PROFIT_RATIO":28.286585570189,"EPS_TTM":0.007929955757,"OPERATE_INCOME_QOQ":175.803198591029,"NET_PROFIT_RATIO":14.5925787627,"ROE_AVG":3.981268703801,"GROSS_PROFIT_QOQ":126.479344536575,"ROA":2.229957776267,"HOLDER_PROFIT_QOQ":316.284506788958,"ROE_YEARLY":7.962537407603,"ROIC_YEARLY":5.243847996008,"TOTAL_ASSETS":1333030000,"TOTAL_LIABILITIES":517735000,"TAX_EBT":33.604648312045,"OCF_SALES":-68.994719633103,"TOTAL_PARENT_EQUITY":803037000,"DEBT_ASSET_RATIO":38.8389608636,"OPERATE_PROFIT":44183000,"PRETAX_PROFIT":40789000,"NETCASH_OPERATE":-147507000,"NETCASH_INVEST":5893000,"NETCASH_FINANCE":25095000,"END_CASH":114373000,"DIVI_RATIO":null,"DIVIDEND_RATE":null,"CURRENT_RATIO":2.826685218831,"COMMON_ACS":100000000000,"CURRENTDEBT_DEBT":83.983118776981,"ISSUED_COMMON_SHARES":5837989696,"HK_COMMON_SHARES":5837989696,"PER_SHARES":4000,"TOTAL_MARKET_CAP":99245824.832,"HKSK_MARKET_CAP":99245824.832,"PE_TTM":22.513458301588,"PB_TTM":0.115507459819,"REPORT_DATE_SQ":"2021-06-30 00:00:00","REPORT_TYPE_SQ":"2021年中报","OPERATE_INCOME_SQ":23223000,"DPS_HKD":null,"OPERATE_INCOME_QOQ_SQ":-82.42546206023,"NET_PROFIT_RATIO_SQ":-23.9503940059,"HOLDER_PROFIT_SQ":-4223000,"HOLDER_PROFIT_QOQ_SQ":-104.35965373569,"ROE_AVG_SQ":-0.556497400355,"PE_TTM_SQ":-151.358338339123,"PB_TTM_SQ":0.151831312311,"ROA_SQ":-0.352505939095,"START_DATE":"2022-01-01 00:00:00","FISCAL_YEAR":"12-31","CURRENCY":"HKD","IS_CNY_CODE":0,"DPS_HKD_LY":null,"ORG_TYPE":"一般企业","PREMIUM_INCOME":null,"PREMIUM_INCOME_YOY":null,"NET_INTEREST_INCOME":null,"NET_INTEREST_INCOME_YOY":null,"FEE_COMMISSION_INCOME":null,"FEE_COMMISSION_INCOME_YOY":null,"ACCOUNTS_RECE_TDAYS":4.389627310267,"INVENTORY_TDAYS":0.148434403488,"CURRENT_ASSETS_TDAYS":0.163174292942,"TOTAL_ASSETS_TDAYS":0.150498914417,"PREMIUM_EXPENSE":null,"LOAN_DEPOSIT":null,"LOAN_EQUITY":null,"LOAN_ASSETS":null,"DEPOSIT_EQUITY":null,"DEPOSIT_ASSETS":null,"EQUITY_MULTIPLIER":1.635027812019,"EQUITY_RATIO":0.644721227042},{"SECUCODE":"00865.HK","SECURITY_CODE":"00865","SECURITY_NAME_ABBR":"建德国际控股","ORG_CODE":"10010719","STD_REPORT_DATE":"2021-12-31 00:00:00","REPORT_DATE":"2021-12-31 00:00:00","DATE_TYPE_CODE":"001","REPORT_TYPE":"2021年年报","PER_NETCASH_OPERATE":0.00427732855,"PER_OI":0.018089959986,"BPS":0.132252031984,"BASIC_EPS":0.0002,"DILUTED_EPS":0.0002,"OPERATE_INCOME":105609000,"OPERATE_INCOME_YOY":-77.9992250387,"GROSS_PROFIT":40643000,"GROSS_PROFIT_YOY":-74.33927241044,"HOLDER_PROFIT":1303000,"HOLDER_PROFIT_YOY":-88.7534889365,"GROSS_PROFIT_RATIO":38.484409472678,"EPS_TTM":0.001904936558,"OPERATE_INCOME_QOQ":25.185510063773,"NET_PROFIT_RATIO":9.0200645778,"ROE_AVG":1.450832359785,"GROSS_PROFIT_QOQ":53.741110606748,"ROA":0.868989702773,"HOLDER_PROFIT_QOQ":357.967988865692,"ROE_YEARLY":1.450832359785,"ROIC_YEARLY":1.048973310652,"TOTAL_ASSETS":1422276000,"TOTAL_LIABILITIES":657987000,"TAX_EBT":106.540023201856,"OCF_SALES":23.644765124185,"TOTAL_PARENT_EQUITY":751794000,"DEBT_ASSET_RATIO":45.6017997127,"OPERATE_PROFIT":16858000,"PRETAX_PROFIT":6896000,"NETCASH_OPERATE":15040000,"NETCASH_INVEST":13163000,"NETCASH_FINANCE":52924000,"END_CASH":230892000,"DIVI_RATIO":null,"DIVIDEND_RATE":null,"CURRENT_RATIO":2.180265256855,"COMMON_ACS":100000000000,"CURRENTDEBT_DEBT":92.794842451295,"ISSUED_COMMON_SHARES":5837989696,"HK_COMMON_SHARES":5837989696,"PER_SHARES":4000,"TOTAL_MARKET_CAP":99245824.832,"HKSK_MARKET_CAP":99245824.832,"PE_TTM":22.513458301588,"PB_TTM":0.115507459819,"REPORT_DATE_SQ":"2020-12-31 00:00:00","REPORT_TYPE_SQ":"2020年年报","OPERATE_INCOME_SQ":480024000,"DPS_HKD":null,"OPERATE_INCOME_QOQ_SQ":-11.487434610002,"NET_PROFIT_RATIO_SQ":20.6129276869,"HOLDER_PROFIT_SQ":98884000,"HOLDER_PROFIT_QOQ_SQ":-15.615746311325,"ROE_AVG_SQ":13.897512800008,"PE_TTM_SQ":-151.358338339123,"PB_TTM_SQ":0.151831312311,"ROA_SQ":8.239238201256,"START_DATE":"2021-01-01 00:00:00","FISCAL_YEAR":"12-31","CURRENCY":"HKD","IS_CNY_CODE":0,"DPS_HKD_LY":null,"ORG_TYPE":"一般企业","PREMIUM_INCOME":null,"PREMIUM_INCOME_YOY":null,"NET_INTEREST_INCOME":null,"NET_INTEREST_INCOME_YOY":null,"FEE_COMMISSION_INCOME":null,"FEE_COMMISSION_INCOME_YOY":null,"ACCOUNTS_RECE_TDAYS":1.841658746698,"INVENTORY_TDAYS":null,"CURRENT_ASSETS_TDAYS":0.090786864192,"TOTAL_ASSETS_TDAYS":0.082522375254,"PREMIUM_EXPENSE":null,"LOAN_DEPOSIT":null,"LOAN_EQUITY":null,"LOAN_ASSETS":null,"DEPOSIT_EQUITY":null,"DEPOSIT_ASSETS":null,"EQUITY_MULTIPLIER":1.838296110383,"EQUITY_RATIO":0.875222467857},{"SECUCODE":"00865.HK","SECURITY_CODE":"00865","SECURITY_NAME_ABBR":"建德国际控股","ORG_CODE":"10010719","STD_REPORT_DATE":"2021-06-30 00:00:00","REPORT_DATE":"2021-06-30 00:00:00","DATE_TYPE_CODE":"002","REPORT_TYPE":"2021年中报","PER_NETCASH_OPERATE":0.002559956557,"PER_OI":0.003977910413,"BPS":0.129623729983,"BASIC_EPS":-0.0007,"DILUTED_EPS":null,"OPERATE_INCOME":23223000,"OPERATE_INCOME_YOY":-94.4559962758,"GROSS_PROFIT":7682000,"GROSS_PROFIT_YOY":-94.498395783202,"HOLDER_PROFIT":-4223000,"HOLDER_PROFIT_YOY":-104.2668633553,"GROSS_PROFIT_RATIO":33.079274856823,"EPS_TTM":-0.000738439125,"OPERATE_INCOME_QOQ":-82.42546206023,"NET_PROFIT_RATIO":-23.9503940059,"ROE_AVG":-0.556497400355,"GROSS_PROFIT_QOQ":-83.309130857525,"ROA":-0.352505939095,"HOLDER_PROFIT_QOQ":-104.35965373569,"ROE_YEARLY":-1.112994800709,"ROIC_YEARLY":-0.823815947461,"TOTAL_ASSETS":1279361000,"TOTAL_LIABILITIES":509539000,"TAX_EBT":-28.245330873876,"OCF_SALES":64.354303922835,"TOTAL_PARENT_EQUITY":756742000,"DEBT_ASSET_RATIO":39.8276170682,"OPERATE_PROFIT":-4318000,"PRETAX_PROFIT":-4337000,"NETCASH_OPERATE":-25062000,"NETCASH_INVEST":11080000,"NETCASH_FINANCE":11195000,"END_CASH":157622000,"DIVI_RATIO":null,"DIVIDEND_RATE":null,"CURRENT_RATIO":2.397384210936,"COMMON_ACS":100000000000,"CURRENTDEBT_DEBT":95.704941133063,"ISSUED_COMMON_SHARES":5837989696,"HK_COMMON_SHARES":5837989696,"PER_SHARES":4000,"TOTAL_MARKET_CAP":99245824.832,"HKSK_MARKET_CAP":99245824.832,"PE_TTM":22.513458301588,"PB_TTM":0.115507459819,"REPORT_DATE_SQ":"2020-06-30 00:00:00","REPORT_TYPE_SQ":"2020年中报","OPERATE_INCOME_SQ":418885000,"DPS_HKD":null,"OPERATE_INCOME_QOQ_SQ":194.60946751991,"NET_PROFIT_RATIO_SQ":23.9454742949,"HOLDER_PROFIT_SQ":98972000,"HOLDER_PROFIT_QOQ_SQ":253.557204923968,"ROE_AVG_SQ":13.90902051388,"PE_TTM_SQ":-151.358338339123,"PB_TTM_SQ":0.151831312311,"ROA_SQ":8.579961422596,"START_DATE":"2021-01-01 00:00:00","FISCAL_YEAR":"12-31","CURRENCY":"HKD","IS_CNY_CODE":0,"DPS_HKD_LY":null,"ORG_TYPE":"一般企业","PREMIUM_INCOME":null,"PREMIUM_INCOME_YOY":null,"NET_INTEREST_INCOME":null,"NET_INTEREST_INCOME_YOY":null,"FEE_COMMISSION_INCOME":null,"FEE_COMMISSION_INCOME_YOY":null,"ACCOUNTS_RECE_TDAYS":0.479962798388,"INVENTORY_TDAYS":0.018157007114,"CURRENT_ASSETS_TDAYS":0.021459084697,"TOTAL_ASSETS_TDAYS":0.0193849051,"PREMIUM_EXPENSE":null,"LOAN_DEPOSIT":null,"LOAN_EQUITY":null,"LOAN_ASSETS":null,"DEPOSIT_EQUITY":null,"DEPOSIT_ASSETS":null,"EQUITY_MULTIPLIER":1.661891969832,"EQUITY_RATIO":0.673332522841},{"SECUCODE":"00865.HK","SECURITY_CODE":"00865","SECURITY_NAME_ABBR":"建德国际控股","ORG_CODE":"10010719","STD_REPORT_DATE":"2020-12-31 00:00:00","REPORT_DATE":"2020-12-31 00:00:00","DATE_TYPE_CODE":"001","REPORT_TYPE":"2020年年报","PER_NETCASH_OPERATE":-0.034892661791,"PER_OI":0.082224194457,"BPS":0.130347095426,"BASIC_EPS":0.0169,"DILUTED_EPS":null,"OPERATE_INCOME":480024000,"OPERATE_INCOME_YOY":160.7663975837,"GROSS_PROFIT":158386000,"GROSS_PROFIT_YOY":169.988408564026,"HOLDER_PROFIT":98884000,"HOLDER_PROFIT_YOY":198.3466087376,"GROSS_PROFIT_RATIO":32.995433561655,"EPS_TTM":0.016938022359,"OPERATE_INCOME_QOQ":-11.487434610002,"NET_PROFIT_RATIO":20.6129276869,"ROE_AVG":13.897512800008,"GROSS_PROFIT_QOQ":-11.299156595468,"ROA":8.239238201256,"HOLDER_PROFIT_QOQ":-15.615746311325,"ROE_YEARLY":13.897512800008,"ROIC_YEARLY":9.609592099618,"TOTAL_ASSETS":1116627000,"TOTAL_LIABILITIES":341243000,"TAX_EBT":27.832803337515,"OCF_SALES":-42.43600319984,"TOTAL_PARENT_EQUITY":760965000,"DEBT_ASSET_RATIO":30.5601601967,"OPERATE_PROFIT":137144000,"PRETAX_PROFIT":137108000,"NETCASH_OPERATE":-177887000,"NETCASH_INVEST":131552000,"NETCASH_FINANCE":53733000,"END_CASH":160409000,"DIVI_RATIO":null,"DIVIDEND_RATE":null,"CURRENT_RATIO":3.155828096364,"COMMON_ACS":100000000000,"CURRENTDEBT_DEBT":92.422701711097,"ISSUED_COMMON_SHARES":5837989696,"HK_COMMON_SHARES":5837989696,"PER_SHARES":4000,"TOTAL_MARKET_CAP":99245824.832,"HKSK_MARKET_CAP":99245824.832,"PE_TTM":22.513458301588,"PB_TTM":0.115507459819,"REPORT_DATE_SQ":"2019-12-31 00:00:00","REPORT_TYPE_SQ":"2019年年报","OPERATE_INCOME_SQ":184082000,"DPS_HKD":null,"OPERATE_INCOME_QOQ_SQ":1.846247475725,"NET_PROFIT_RATIO_SQ":18.3282450212,"HOLDER_PROFIT_SQ":33144000,"HOLDER_PROFIT_QOQ_SQ":47.006120819658,"ROE_AVG_SQ":5.134552732805,"PE_TTM_SQ":-151.358338339123,"PB_TTM_SQ":0.151831312311,"ROA_SQ":2.641025620594,"START_DATE":"2020-01-01 00:00:00","FISCAL_YEAR":"12-31","CURRENCY":"HKD","IS_CNY_CODE":0,"DPS_HKD_LY":null,"ORG_TYPE":"一般企业","PREMIUM_INCOME":null,"PREMIUM_INCOME_YOY":null,"NET_INTEREST_INCOME":null,"NET_INTEREST_INCOME_YOY":null,"FEE_COMMISSION_INCOME":null,"FEE_COMMISSION_INCOME_YOY":null,"ACCOUNTS_RECE_TDAYS":10.095991250578,"INVENTORY_TDAYS":null,"CURRENT_ASSETS_TDAYS":0.451695892125,"TOTAL_ASSETS_TDAYS":0.399966837741,"PREMIUM_EXPENSE":null,"LOAN_DEPOSIT":null,"LOAN_EQUITY":null,"LOAN_ASSETS":null,"DEPOSIT_EQUITY":null,"DEPOSIT_ASSETS":null,"EQUITY_MULTIPLIER":1.44009548817,"EQUITY_RATIO":0.448434553495},{"SECUCODE":"00865.HK","SECURITY_CODE":"00865","SECURITY_NAME_ABBR":"建德国际控股","ORG_CODE":"10010719","STD_REPORT_DATE":"2020-06-30 00:00:00","REPORT_DATE":"2020-06-30 00:00:00","DATE_TYPE_CODE":"002","REPORT_TYPE":"2020年中报","PER_NETCASH_OPERATE":-0.016464743003,"PER_OI":0.071751582619,"BPS":0.130362169108,"BASIC_EPS":0.017,"DILUTED_EPS":null,"OPERATE_INCOME":418885000,"OPERATE_INCOME_YOY":590.7278543632,"GROSS_PROFIT":139632000,"GROSS_PROFIT_YOY":607.570690179386,"HOLDER_PROFIT":98972000,"HOLDER_PROFIT_YOY":562.7737226277,"GROSS_PROFIT_RATIO":33.334208673025,"EPS_TTM":0.020072491748,"OPERATE_INCOME_QOQ":194.60946751991,"NET_PROFIT_RATIO":23.9454742949,"ROE_AVG":13.90902051388,"GROSS_PROFIT_QOQ":204.380880949134,"ROA":8.579961422596,"HOLDER_PROFIT_QOQ":253.557204923968,"ROE_YEARLY":27.81804102776,"ROIC_YEARLY":19.554070694134,"TOTAL_ASSETS":1023358000,"TOTAL_LIABILITIES":246320000,"TAX_EBT":25.353496264103,"OCF_SALES":-22.946870859544,"TOTAL_PARENT_EQUITY":761053000,"DEBT_ASSET_RATIO":24.0697781226,"OPERATE_PROFIT":134406000,"PRETAX_PROFIT":134372000,"NETCASH_OPERATE":-96121000,"NETCASH_INVEST":19346000,"NETCASH_FINANCE":22784000,"END_CASH":99020000,"DIVI_RATIO":null,"DIVIDEND_RATE":null,"CURRENT_RATIO":4.054737430823,"COMMON_ACS":100000000000,"CURRENTDEBT_DEBT":90.010149399156,"ISSUED_COMMON_SHARES":5837989696,"HK_COMMON_SHARES":5837989696,"PER_SHARES":4000,"TOTAL_MARKET_CAP":99245824.832,"HKSK_MARKET_CAP":99245824.832,"PE_TTM":22.513458301588,"PB_TTM":0.115507459819,"REPORT_DATE_SQ":"2019-06-30 00:00:00","REPORT_TYPE_SQ":"2019年中报","OPERATE_INCOME_SQ":60644000,"DPS_HKD":null,"OPERATE_INCOME_QOQ_SQ":12.994579861089,"NET_PROFIT_RATIO_SQ":25.0659587098,"HOLDER_PROFIT_SQ":14933000,"HOLDER_PROFIT_QOQ_SQ":105.824356399489,"ROE_AVG_SQ":2.346467296299,"PE_TTM_SQ":-151.358338339123,"PB_TTM_SQ":0.151831312311,"ROA_SQ":1.206098904472,"START_DATE":"2020-01-01 00:00:00","FISCAL_YEAR":"12-31","CURRENCY":"HKD","IS_CNY_CODE":0,"DPS_HKD_LY":null,"ORG_TYPE":"一般企业","PREMIUM_INCOME":null,"PREMIUM_INCOME_YOY":null,"NET_INTEREST_INCOME":null,"NET_INTEREST_INCOME_YOY":null,"FEE_COMMISSION_INCOME":null,"FEE_COMMISSION_INCOME_YOY":null,"ACCOUNTS_RECE_TDAYS":9.257536244696,"INVENTORY_TDAYS":0.481681632991,"CURRENT_ASSETS_TDAYS":0.412874781801,"TOTAL_ASSETS_TDAYS":0.363134739169,"PREMIUM_EXPENSE":null,"LOAN_DEPOSIT":null,"LOAN_EQUITY":null,"LOAN_ASSETS":null,"DEPOSIT_EQUITY":null,"DEPOSIT_ASSETS":null,"EQUITY_MULTIPLIER":1.316998653862,"EQUITY_RATIO":0.323656828105}],"count":57},"success":true,"message":"ok","code":0}