{"version":"7d07d5886dd4c67883225b5441867da1","result":{"pages":6,"data":[{"SECUCODE":"00878.HK","SECURITY_CODE":"00878","SECURITY_NAME_ABBR":"金朝阳集团","ORG_CODE":"10009139","STD_REPORT_DATE":"2024-06-30 00:00:00","REPORT_DATE":"2024-06-30 00:00:00","DATE_TYPE_CODE":"002","REPORT_TYPE":"2024年中报","PER_NETCASH_OPERATE":1.112820355087,"PER_OI":3.318519953336,"BPS":55.451631956647,"BASIC_EPS":-3.1396192,"DILUTED_EPS":null,"OPERATE_INCOME":940165358.2,"OPERATE_INCOME_YOY":385.2098180431,"GROSS_PROFIT":414933533.76,"GROSS_PROFIT_YOY":142.773447116662,"HOLDER_PROFIT":-889706931.72,"HOLDER_PROFIT_YOY":-180.3278829951,"GROSS_PROFIT_RATIO":44.134101532353,"EPS_TTM":-4.076731628953,"OPERATE_INCOME_QOQ":207.496752238948,"NET_PROFIT_RATIO":-94.6058449785,"ROE_AVG":-5.465635990221,"GROSS_PROFIT_QOQ":76.175704103246,"ROA":-4.815415827413,"HOLDER_PROFIT_QOQ":-97.134380856515,"ROE_YEARLY":-10.931271980442,"ROIC_YEARLY":-10.187887408486,"TOTAL_ASSETS":17785951894.8,"TOTAL_LIABILITIES":2076025736.64,"TAX_EBT":-6.306279772716,"OCF_SALES":33.533634594196,"TOTAL_PARENT_EQUITY":15709926158.16,"DEBT_ASSET_RATIO":11.6722779243,"OPERATE_PROFIT":-803272485,"PRETAX_PROFIT":-836687525.16,"NETCASH_OPERATE":315271615.8,"NETCASH_INVEST":421139757.76,"NETCASH_FINANCE":-405925382.16,"END_CASH":803289825.92,"DIVI_RATIO":-0.177832652719,"DIVIDEND_RATE":14.545454545455,"CURRENT_RATIO":1.075896092589,"COMMON_ACS":5000000000,"CURRENTDEBT_DEBT":93.113352043921,"ISSUED_COMMON_SHARES":283308635,"HK_COMMON_SHARES":283308635,"PER_SHARES":500,"TOTAL_MARKET_CAP":1558197492.5,"HKSK_MARKET_CAP":1558197492.5,"PE_TTM":-1.223464850258,"PB_TTM":0.090524657668,"REPORT_DATE_SQ":"2023-06-30 00:00:00","REPORT_TYPE_SQ":"2023年中报","OPERATE_INCOME_SQ":195739119.94,"DPS_HKD":0.8,"OPERATE_INCOME_QOQ_SQ":-8.278789051011,"NET_PROFIT_RATIO_SQ":-163.7946708242,"HOLDER_PROFIT_SQ":-320614857.08,"HOLDER_PROFIT_QOQ_SQ":-156.243442228998,"ROE_AVG_SQ":-1.833912971641,"PE_TTM_SQ":-2.692222585923,"PB_TTM_SQ":0.097459584254,"ROA_SQ":-1.571137437297,"START_DATE":"2024-01-01 00:00:00","FISCAL_YEAR":"12-31","CURRENCY":"HKD","IS_CNY_CODE":0,"DPS_HKD_LY":0.8,"ORG_TYPE":"一般企业","PREMIUM_INCOME":null,"PREMIUM_INCOME_YOY":null,"NET_INTEREST_INCOME":null,"NET_INTEREST_INCOME_YOY":null,"FEE_COMMISSION_INCOME":null,"FEE_COMMISSION_INCOME_YOY":null,"ACCOUNTS_RECE_TDAYS":7.080217469002,"INVENTORY_TDAYS":0.489447439617,"CURRENT_ASSETS_TDAYS":0.416553273036,"TOTAL_ASSETS_TDAYS":0.050885150883,"PREMIUM_EXPENSE":null,"LOAN_DEPOSIT":null,"LOAN_EQUITY":null,"LOAN_ASSETS":null,"DEPOSIT_EQUITY":null,"DEPOSIT_ASSETS":null,"EQUITY_MULTIPLIER":1.132147389857,"EQUITY_RATIO":0.132147389857},{"SECUCODE":"00878.HK","SECURITY_CODE":"00878","SECURITY_NAME_ABBR":"金朝阳集团","ORG_CODE":"10009139","STD_REPORT_DATE":"2023-12-31 00:00:00","REPORT_DATE":"2023-12-31 00:00:00","DATE_TYPE_CODE":"001","REPORT_TYPE":"2023年年报","PER_NETCASH_OPERATE":0.029130582412,"PER_OI":1.266340675567,"BPS":59.042412690951,"BASIC_EPS":-2.0661816,"DILUTED_EPS":null,"OPERATE_INCOME":358765248.24,"OPERATE_INCOME_YOY":-17.2425038045,"GROSS_PROFIT":320337895.36,"GROSS_PROFIT_YOY":-9.392750581736,"HOLDER_PROFIT":-585881198.42,"HOLDER_PROFIT_YOY":-141.0546567686,"GROSS_PROFIT_RATIO":89.288998009558,"EPS_TTM":-2.067996262874,"OPERATE_INCOME_QOQ":-8.464732113088,"NET_PROFIT_RATIO":-163.3028704798,"ROE_AVG":-3.435923169282,"GROSS_PROFIT_QOQ":-8.942070681127,"ROA":-2.991500696536,"HOLDER_PROFIT_QOQ":4.563685430854,"ROE_YEARLY":-3.435923169282,"ROIC_YEARLY":-3.177981822204,"TOTAL_ASSETS":19030831149.26,"TOTAL_LIABILITIES":2302135007.62,"TAX_EBT":-3.657248037095,"OCF_SALES":2.300374849706,"TOTAL_PARENT_EQUITY":16727225346.58,"DEBT_ASSET_RATIO":12.0968705442,"OPERATE_PROFIT":-498923045.88,"PRETAX_PROFIT":-565203070.46,"NETCASH_OPERATE":8252945.54,"NETCASH_INVEST":-180028758.98,"NETCASH_FINANCE":-383659111.64,"END_CASH":455924719.32,"DIVI_RATIO":-0.350569298898,"DIVIDEND_RATE":14.545454545455,"CURRENT_RATIO":1.829971711467,"COMMON_ACS":5000000000,"CURRENTDEBT_DEBT":57.372761695044,"ISSUED_COMMON_SHARES":283308635,"HK_COMMON_SHARES":283308635,"PER_SHARES":500,"TOTAL_MARKET_CAP":1558197492.5,"HKSK_MARKET_CAP":1558197492.5,"PE_TTM":-1.223464850258,"PB_TTM":0.090524657668,"REPORT_DATE_SQ":"2022-12-31 00:00:00","REPORT_TYPE_SQ":"2022年年报","OPERATE_INCOME_SQ":427318929.52,"DPS_HKD":0.8,"OPERATE_INCOME_QOQ_SQ":-10.917057372706,"NET_PROFIT_RATIO_SQ":-54.8503687476,"HOLDER_PROFIT_SQ":-239575907.27,"HOLDER_PROFIT_QOQ_SQ":22.611659628634,"ROE_AVG_SQ":-1.386071987153,"PE_TTM_SQ":-2.642134723859,"PB_TTM_SQ":0.095646382686,"ROA_SQ":-1.205409671466,"START_DATE":"2023-01-01 00:00:00","FISCAL_YEAR":"12-31","CURRENCY":"HKD","IS_CNY_CODE":0,"DPS_HKD_LY":0.2,"ORG_TYPE":"一般企业","PREMIUM_INCOME":null,"PREMIUM_INCOME_YOY":null,"NET_INTEREST_INCOME":null,"NET_INTEREST_INCOME_YOY":null,"FEE_COMMISSION_INCOME":null,"FEE_COMMISSION_INCOME_YOY":null,"ACCOUNTS_RECE_TDAYS":2.466539983178,"INVENTORY_TDAYS":0.03468608577,"CURRENT_ASSETS_TDAYS":0.14832529342,"TOTAL_ASSETS_TDAYS":0.018318500285,"PREMIUM_EXPENSE":null,"LOAN_DEPOSIT":null,"LOAN_EQUITY":null,"LOAN_ASSETS":null,"DEPOSIT_EQUITY":null,"DEPOSIT_ASSETS":null,"EQUITY_MULTIPLIER":1.137615925839,"EQUITY_RATIO":0.137628026162},{"SECUCODE":"00878.HK","SECURITY_CODE":"00878","SECURITY_NAME_ABBR":"金朝阳集团","ORG_CODE":"10009139","STD_REPORT_DATE":"2023-06-30 00:00:00","REPORT_DATE":"2023-06-30 00:00:00","DATE_TYPE_CODE":"002","REPORT_TYPE":"2023年中报","PER_NETCASH_OPERATE":-0.057780642302,"PER_OI":0.690904179253,"BPS":61.017816211073,"BASIC_EPS":-1.1340354,"DILUTED_EPS":null,"OPERATE_INCOME":195739119.94,"OPERATE_INCOME_YOY":-21.4422888352,"GROSS_PROFIT":170913886.46,"GROSS_PROFIT_YOY":-1.013432218773,"HOLDER_PROFIT":-320614857.08,"HOLDER_PROFIT_YOY":-653.7268514833,"GROSS_PROFIT_RATIO":87.31718345949,"EPS_TTM":-2.166886129468,"OPERATE_INCOME_QOQ":-8.278789051011,"NET_PROFIT_RATIO":-163.7946708242,"ROE_AVG":-1.833912971641,"GROSS_PROFIT_QOQ":-0.494937567744,"ROA":-1.571137437297,"HOLDER_PROFIT_QOQ":-156.243442228998,"ROE_YEARLY":-3.667825943282,"ROIC_YEARLY":-3.358440155373,"TOTAL_ASSETS":20323967617.46,"TOTAL_LIABILITIES":3035782340.46,"TAX_EBT":-5.611606492055,"OCF_SALES":-8.363047154303,"TOTAL_PARENT_EQUITY":17286874221.44,"DEBT_ASSET_RATIO":14.9369571808,"OPERATE_PROFIT":-280899646.6,"PRETAX_PROFIT":-303574822.72,"NETCASH_OPERATE":-16369754.9,"NETCASH_INVEST":-744512679.7,"NETCASH_FINANCE":88475044.76,"END_CASH":356097257.38,"DIVI_RATIO":-0.334570418879,"DIVIDEND_RATE":14.545454545455,"CURRENT_RATIO":1.613526409208,"COMMON_ACS":5000000000,"CURRENTDEBT_DEBT":55.643599417738,"ISSUED_COMMON_SHARES":283308635,"HK_COMMON_SHARES":283308635,"PER_SHARES":500,"TOTAL_MARKET_CAP":1558197492.5,"HKSK_MARKET_CAP":1558197492.5,"PE_TTM":-1.223464850258,"PB_TTM":0.090524657668,"REPORT_DATE_SQ":"2022-06-30 00:00:00","REPORT_TYPE_SQ":"2022年中报","OPERATE_INCOME_SQ":231115952.69,"DPS_HKD":0.8,"OPERATE_INCOME_QOQ_SQ":3.13062065341,"NET_PROFIT_RATIO_SQ":23.088906239,"HOLDER_PROFIT_SQ":53706787.19,"HOLDER_PROFIT_QOQ_SQ":53.134528471301,"ROE_AVG_SQ":0.321747549109,"PE_TTM_SQ":-2.642134723859,"PB_TTM_SQ":0.095646382686,"ROA_SQ":0.281341391097,"START_DATE":"2023-01-01 00:00:00","FISCAL_YEAR":"12-31","CURRENCY":"HKD","IS_CNY_CODE":0,"DPS_HKD_LY":0.2,"ORG_TYPE":"一般企业","PREMIUM_INCOME":null,"PREMIUM_INCOME_YOY":null,"NET_INTEREST_INCOME":null,"NET_INTEREST_INCOME_YOY":null,"FEE_COMMISSION_INCOME":null,"FEE_COMMISSION_INCOME_YOY":null,"ACCOUNTS_RECE_TDAYS":1.163795135482,"INVENTORY_TDAYS":0.023398856388,"CURRENT_ASSETS_TDAYS":0.075455261935,"TOTAL_ASSETS_TDAYS":0.009591977804,"PREMIUM_EXPENSE":null,"LOAN_DEPOSIT":null,"LOAN_EQUITY":null,"LOAN_ASSETS":null,"DEPOSIT_EQUITY":null,"DEPOSIT_ASSETS":null,"EQUITY_MULTIPLIER":1.175598669948,"EQUITY_RATIO":0.175611987545},{"SECUCODE":"00878.HK","SECURITY_CODE":"00878","SECURITY_NAME_ABBR":"金朝阳集团","ORG_CODE":"10009139","STD_REPORT_DATE":"2022-12-31 00:00:00","REPORT_DATE":"2022-12-31 00:00:00","DATE_TYPE_CODE":"001","REPORT_TYPE":"2022年年报","PER_NETCASH_OPERATE":0.326000506056,"PER_OI":1.508315937917,"BPS":60.456137079726,"BASIC_EPS":-0.8486065,"DILUTED_EPS":null,"OPERATE_INCOME":427318929.52,"OPERATE_INCOME_YOY":-15.9107807998,"GROSS_PROFIT":353545546.76,"GROSS_PROFIT_YOY":-5.775732074883,"HOLDER_PROFIT":-239575907.27,"HOLDER_PROFIT_YOY":66.8039310336,"GROSS_PROFIT_RATIO":82.73575597438,"EPS_TTM":-0.845635740224,"OPERATE_INCOME_QOQ":-10.917057372706,"NET_PROFIT_RATIO":-54.8503687476,"ROE_AVG":-1.386071987153,"GROSS_PROFIT_QOQ":-12.206456294108,"ROA":-1.205409671466,"HOLDER_PROFIT_QOQ":22.611659628634,"ROE_YEARLY":-1.386071987153,"ROIC_YEARLY":-1.278664480454,"TOTAL_ASSETS":19851099906.12,"TOTAL_LIABILITIES":2722081322.94,"TAX_EBT":-44.431967677835,"OCF_SALES":21.613542485409,"TOTAL_PARENT_EQUITY":17127745673.43,"DEBT_ASSET_RATIO":13.7124962134,"OPERATE_PROFIT":-123096179.08,"PRETAX_PROFIT":-162281254.17,"NETCASH_OPERATE":92358758.38,"NETCASH_INVEST":343014786.73,"NETCASH_FINANCE":-211739827.53,"END_CASH":1002734878.88,"DIVI_RATIO":-0.857314758016,"DIVIDEND_RATE":14.545454545455,"CURRENT_RATIO":2.214464853482,"COMMON_ACS":5000000000,"CURRENTDEBT_DEBT":39.58114698742,"ISSUED_COMMON_SHARES":283308635,"HK_COMMON_SHARES":283308635,"PER_SHARES":500,"TOTAL_MARKET_CAP":1558197492.5,"HKSK_MARKET_CAP":1558197492.5,"PE_TTM":-1.223464850258,"PB_TTM":0.090524657668,"REPORT_DATE_SQ":"2021-12-31 00:00:00","REPORT_TYPE_SQ":"2021年年报","OPERATE_INCOME_SQ":465125281.6,"DPS_HKD":0.8,"OPERATE_INCOME_QOQ_SQ":0.496040020635,"NET_PROFIT_RATIO_SQ":-142.0483009926,"HOLDER_PROFIT_SQ":-660563568,"HOLDER_PROFIT_QOQ_SQ":-27.000022498047,"ROE_AVG_SQ":-4.050233462549,"PE_TTM_SQ":-2.642134723859,"PB_TTM_SQ":0.095646382686,"ROA_SQ":-3.558116407786,"START_DATE":"2022-01-01 00:00:00","FISCAL_YEAR":"12-31","CURRENCY":"HKD","IS_CNY_CODE":0,"DPS_HKD_LY":0.2,"ORG_TYPE":"一般企业","PREMIUM_INCOME":null,"PREMIUM_INCOME_YOY":null,"NET_INTEREST_INCOME":null,"NET_INTEREST_INCOME_YOY":null,"FEE_COMMISSION_INCOME":null,"FEE_COMMISSION_INCOME_YOY":null,"ACCOUNTS_RECE_TDAYS":2.936380349081,"INVENTORY_TDAYS":0.084626829578,"CURRENT_ASSETS_TDAYS":0.193586909566,"TOTAL_ASSETS_TDAYS":0.021500257531,"PREMIUM_EXPENSE":null,"LOAN_DEPOSIT":null,"LOAN_EQUITY":null,"LOAN_ASSETS":null,"DEPOSIT_EQUITY":null,"DEPOSIT_ASSETS":null,"EQUITY_MULTIPLIER":1.158916362296,"EQUITY_RATIO":0.158928172735},{"SECUCODE":"00878.HK","SECURITY_CODE":"00878","SECURITY_NAME_ABBR":"金朝阳集团","ORG_CODE":"10009139","STD_REPORT_DATE":"2022-06-30 00:00:00","REPORT_DATE":"2022-06-30 00:00:00","DATE_TYPE_CODE":"002","REPORT_TYPE":"2022年中报","PER_NETCASH_OPERATE":0.156054589088,"PER_OI":0.815774473976,"BPS":58.899194126787,"BASIC_EPS":0.1881418,"DILUTED_EPS":null,"OPERATE_INCOME":231115952.69,"OPERATE_INCOME_YOY":3.8400504117,"GROSS_PROFIT":172663716.19,"GROSS_PROFIT_YOY":-11.171565674407,"HOLDER_PROFIT":53706787.19,"HOLDER_PROFIT_YOY":117.5778254225,"GROSS_PROFIT_RATIO":84.488124003241,"EPS_TTM":-1.092717244181,"OPERATE_INCOME_QOQ":3.13062065341,"NET_PROFIT_RATIO":23.088906239,"ROE_AVG":0.321747549109,"GROSS_PROFIT_QOQ":0.220662117513,"ROA":0.281341391097,"HOLDER_PROFIT_QOQ":53.134528471301,"ROE_YEARLY":0.643495098218,"ROIC_YEARLY":0.593338459929,"TOTAL_ASSETS":19128357991.82,"TOTAL_LIABILITIES":2429363888.7,"TAX_EBT":38.044363246421,"OCF_SALES":19.129623942187,"TOTAL_PARENT_EQUITY":16686650290.66,"DEBT_ASSET_RATIO":12.7003263413,"OPERATE_PROFIT":97143597.67,"PRETAX_PROFIT":86129605.66,"NETCASH_OPERATE":44211612.62,"NETCASH_INVEST":-169629502.07,"NETCASH_FINANCE":17592968.68,"END_CASH":631765626.17,"DIVI_RATIO":-0.663461662988,"DIVIDEND_RATE":14.545454545455,"CURRENT_RATIO":2.48235696047,"COMMON_ACS":5000000000,"CURRENTDEBT_DEBT":33.69373365297,"ISSUED_COMMON_SHARES":283308635,"HK_COMMON_SHARES":283308635,"PER_SHARES":500,"TOTAL_MARKET_CAP":1558197492.5,"HKSK_MARKET_CAP":1558197492.5,"PE_TTM":-1.223464850258,"PB_TTM":0.090524657668,"REPORT_DATE_SQ":"2021-06-30 00:00:00","REPORT_TYPE_SQ":"2021年中报","OPERATE_INCOME_SQ":216554644.56,"DPS_HKD":0.8,"OPERATE_INCOME_QOQ_SQ":-20.335827870588,"NET_PROFIT_RATIO_SQ":-137.275846567,"HOLDER_PROFIT_SQ":-297280549.92,"HOLDER_PROFIT_QOQ_SQ":-232.600103838609,"ROE_AVG_SQ":-1.771570082088,"PE_TTM_SQ":-2.642134723859,"PB_TTM_SQ":0.095646382686,"ROA_SQ":-1.541909167475,"START_DATE":"2022-01-01 00:00:00","FISCAL_YEAR":"12-31","CURRENCY":"HKD","IS_CNY_CODE":0,"DPS_HKD_LY":0.2,"ORG_TYPE":"一般企业","PREMIUM_INCOME":null,"PREMIUM_INCOME_YOY":null,"NET_INTEREST_INCOME":null,"NET_INTEREST_INCOME_YOY":null,"FEE_COMMISSION_INCOME":null,"FEE_COMMISSION_INCOME_YOY":null,"ACCOUNTS_RECE_TDAYS":1.350333397456,"INVENTORY_TDAYS":0.047034126978,"CURRENT_ASSETS_TDAYS":0.116306823366,"TOTAL_ASSETS_TDAYS":0.012106939744,"PREMIUM_EXPENSE":null,"LOAN_DEPOSIT":null,"LOAN_EQUITY":null,"LOAN_ASSETS":null,"DEPOSIT_EQUITY":null,"DEPOSIT_ASSETS":null,"EQUITY_MULTIPLIER":1.145479654265,"EQUITY_RATIO":0.145587271644},{"SECUCODE":"00878.HK","SECURITY_CODE":"00878","SECURITY_NAME_ABBR":"金朝阳集团","ORG_CODE":"10009139","STD_REPORT_DATE":"2021-12-31 00:00:00","REPORT_DATE":"2021-12-31 00:00:00","DATE_TYPE_CODE":"001","REPORT_TYPE":"2021年年报","PER_NETCASH_OPERATE":1.135075875114,"PER_OI":1.641761754279,"BPS":56.347817080831,"BASIC_EPS":-2.33016,"DILUTED_EPS":null,"OPERATE_INCOME":465125281.6,"OPERATE_INCOME_YOY":-17.5866664735,"GROSS_PROFIT":375217080,"GROSS_PROFIT_YOY":-23.596913113253,"HOLDER_PROFIT":-660563568,"HOLDER_PROFIT_YOY":-334.8221541707,"GROSS_PROFIT_RATIO":86.388429417938,"EPS_TTM":-2.331604075534,"OPERATE_INCOME_QOQ":0.496040020635,"NET_PROFIT_RATIO":-142.0483009926,"ROE_AVG":-4.050233462549,"GROSS_PROFIT_QOQ":-3.310972511976,"ROA":-3.558116407786,"HOLDER_PROFIT_QOQ":-27.000022498047,"ROE_YEARLY":-4.050233462549,"ROIC_YEARLY":-3.73901990039,"TOTAL_ASSETS":18213351430.4,"TOTAL_LIABILITIES":2236057510.4,"TAX_EBT":-8.311039389244,"OCF_SALES":69.137673121916,"TOTAL_PARENT_EQUITY":15963823142.4,"DEBT_ASSET_RATIO":12.2770239126,"OPERATE_PROFIT":-589880412.8,"PRETAX_PROFIT":-610004819.2,"NETCASH_OPERATE":321576796.8,"NETCASH_INVEST":-34104548.8,"NETCASH_FINANCE":-59054430.4,"END_CASH":723868700.8,"DIVI_RATIO":-0.310934436771,"DIVIDEND_RATE":14.545454545455,"CURRENT_RATIO":1.067026190525,"COMMON_ACS":5000000000,"CURRENTDEBT_DEBT":77.829276640058,"ISSUED_COMMON_SHARES":283308635,"HK_COMMON_SHARES":283308635,"PER_SHARES":500,"TOTAL_MARKET_CAP":1558197492.5,"HKSK_MARKET_CAP":1558197492.5,"PE_TTM":-1.223464850258,"PB_TTM":0.090524657668,"REPORT_DATE_SQ":"2020-12-31 00:00:00","REPORT_TYPE_SQ":"2020年年报","OPERATE_INCOME_SQ":580975675.6,"DPS_HKD":0.8,"OPERATE_INCOME_QOQ_SQ":-13.910833988917,"NET_PROFIT_RATIO_SQ":-26.8498746903,"HOLDER_PROFIT_SQ":-156382603.48,"HOLDER_PROFIT_QOQ_SQ":74.876382524869,"ROE_AVG_SQ":-0.907235735617,"PE_TTM_SQ":-2.642134723859,"PB_TTM_SQ":0.095646382686,"ROA_SQ":-0.794839028274,"START_DATE":"2021-01-01 00:00:00","FISCAL_YEAR":"12-31","CURRENCY":"HKD","IS_CNY_CODE":0,"DPS_HKD_LY":0.2,"ORG_TYPE":"一般企业","PREMIUM_INCOME":null,"PREMIUM_INCOME_YOY":null,"NET_INTEREST_INCOME":null,"NET_INTEREST_INCOME_YOY":null,"FEE_COMMISSION_INCOME":null,"FEE_COMMISSION_INCOME_YOY":null,"ACCOUNTS_RECE_TDAYS":3.523363009987,"INVENTORY_TDAYS":0.084681723139,"CURRENT_ASSETS_TDAYS":0.24729617413,"TOTAL_ASSETS_TDAYS":0.025053908152,"PREMIUM_EXPENSE":null,"LOAN_DEPOSIT":null,"LOAN_EQUITY":null,"LOAN_ASSETS":null,"DEPOSIT_EQUITY":null,"DEPOSIT_ASSETS":null,"EQUITY_MULTIPLIER":1.139952204772,"EQUITY_RATIO":0.140070300858},{"SECUCODE":"00878.HK","SECURITY_CODE":"00878","SECURITY_NAME_ABBR":"金朝阳集团","ORG_CODE":"10009139","STD_REPORT_DATE":"2021-06-30 00:00:00","REPORT_DATE":"2021-06-30 00:00:00","DATE_TYPE_CODE":"002","REPORT_TYPE":"2021年中报","PER_NETCASH_OPERATE":0.512801764761,"PER_OI":0.764377141417,"BPS":58.634185523078,"BASIC_EPS":-1.0484208,"DILUTED_EPS":null,"OPERATE_INCOME":216554644.56,"OPERATE_INCOME_YOY":-28.9726487236,"GROSS_PROFIT":194378880.48,"GROSS_PROFIT_YOY":-27.982990835745,"HOLDER_PROFIT":-297280549.92,"HOLDER_PROFIT_YOY":-591.0037930845,"GROSS_PROFIT_RATIO":89.75973749025,"EPS_TTM":-1.835908395662,"OPERATE_INCOME_QOQ":-20.335827870588,"NET_PROFIT_RATIO":-137.275846567,"ROE_AVG":-1.771570082088,"GROSS_PROFIT_QOQ":-15.379295144906,"ROA":-1.541909167475,"HOLDER_PROFIT_QOQ":-232.600103838609,"ROE_YEARLY":-3.543140164176,"ROIC_YEARLY":-3.265980271833,"TOTAL_ASSETS":19308433041.6,"TOTAL_LIABILITIES":2682811473.84,"TAX_EBT":-8.779183767918,"OCF_SALES":67.087532708054,"TOTAL_PARENT_EQUITY":16611571064.88,"DEBT_ASSET_RATIO":13.8945064473,"OPERATE_PROFIT":-263424878.88,"PRETAX_PROFIT":-273285026.88,"NETCASH_OPERATE":145281168,"NETCASH_INVEST":-164419008,"NETCASH_FINANCE":329343920.64,"END_CASH":809994100.56,"DIVI_RATIO":-0.394886804654,"DIVIDEND_RATE":14.545454545455,"CURRENT_RATIO":0.954483123756,"COMMON_ACS":5000000000,"CURRENTDEBT_DEBT":96.306427936281,"ISSUED_COMMON_SHARES":283308635,"HK_COMMON_SHARES":283308635,"PER_SHARES":500,"TOTAL_MARKET_CAP":1558197492.5,"HKSK_MARKET_CAP":1558197492.5,"PE_TTM":-1.223464850258,"PB_TTM":0.090524657668,"REPORT_DATE_SQ":"2020-06-30 00:00:00","REPORT_TYPE_SQ":"2020年中报","OPERATE_INCOME_SQ":334700857.92,"DPS_HKD":0.8,"OPERATE_INCOME_QOQ_SQ":2.656811075846,"NET_PROFIT_RATIO_SQ":19.8543739663,"HOLDER_PROFIT_SQ":66465548.16,"HOLDER_PROFIT_QOQ_SQ":-419.067759792014,"ROE_AVG_SQ":0.353322437072,"PE_TTM_SQ":-2.642134723859,"PB_TTM_SQ":0.095646382686,"ROA_SQ":0.309411930869,"START_DATE":"2021-01-01 00:00:00","FISCAL_YEAR":"12-31","CURRENCY":"HKD","IS_CNY_CODE":0,"DPS_HKD_LY":0.2,"ORG_TYPE":"一般企业","PREMIUM_INCOME":null,"PREMIUM_INCOME_YOY":null,"NET_INTEREST_INCOME":null,"NET_INTEREST_INCOME_YOY":null,"FEE_COMMISSION_INCOME":null,"FEE_COMMISSION_INCOME_YOY":null,"ACCOUNTS_RECE_TDAYS":1.369708803267,"INVENTORY_TDAYS":0.028614436811,"CURRENT_ASSETS_TDAYS":0.098331507496,"TOTAL_ASSETS_TDAYS":0.011232069902,"PREMIUM_EXPENSE":null,"LOAN_DEPOSIT":null,"LOAN_EQUITY":null,"LOAN_ASSETS":null,"DEPOSIT_EQUITY":null,"DEPOSIT_ASSETS":null,"EQUITY_MULTIPLIER":1.161366085647,"EQUITY_RATIO":0.161502573318},{"SECUCODE":"00878.HK","SECURITY_CODE":"00878","SECURITY_NAME_ABBR":"金朝阳集团","ORG_CODE":"10009139","STD_REPORT_DATE":"2020-12-31 00:00:00","REPORT_DATE":"2020-12-31 00:00:00","DATE_TYPE_CODE":"001","REPORT_TYPE":"2020年年报","PER_NETCASH_OPERATE":0.786254363902,"PER_OI":2.050681143552,"BPS":60.514994809671,"BASIC_EPS":-0.5554824,"DILUTED_EPS":null,"OPERATE_INCOME":580975675.6,"OPERATE_INCOME_YOY":-5.9386378006,"GROSS_PROFIT":491101989.84,"GROSS_PROFIT_YOY":-9.375008388222,"HOLDER_PROFIT":-156382603.48,"HOLDER_PROFIT_YOY":-185.317886694,"GROSS_PROFIT_RATIO":84.53055961987,"EPS_TTM":-0.551986717525,"OPERATE_INCOME_QOQ":-13.910833988917,"NET_PROFIT_RATIO":-26.8498746903,"ROE_AVG":-0.907235735617,"GROSS_PROFIT_QOQ":-5.961279200916,"ROA":-0.794839028274,"HOLDER_PROFIT_QOQ":74.876382524869,"ROE_YEARLY":-0.907235735617,"ROIC_YEARLY":-0.823297046192,"TOTAL_ASSETS":19472814270,"TOTAL_LIABILITIES":2314315581.16,"TAX_EBT":-45.484944582248,"OCF_SALES":38.341131988005,"TOTAL_PARENT_EQUITY":17144420576.56,"DEBT_ASSET_RATIO":11.8848541822,"OPERATE_PROFIT":-148793535.6,"PRETAX_PROFIT":-107221569.44,"NETCASH_OPERATE":222752650.6,"NETCASH_INVEST":176858021.4,"NETCASH_FINANCE":-160686750.44,"END_CASH":506504001.84,"DIVI_RATIO":-1.313393922324,"DIVIDEND_RATE":14.545454545455,"CURRENT_RATIO":2.415535279175,"COMMON_ACS":5000000000,"CURRENTDEBT_DEBT":35.073855294754,"ISSUED_COMMON_SHARES":283308635,"HK_COMMON_SHARES":283308635,"PER_SHARES":500,"TOTAL_MARKET_CAP":1558197492.5,"HKSK_MARKET_CAP":1558197492.5,"PE_TTM":-1.223464850258,"PB_TTM":0.090524657668,"REPORT_DATE_SQ":"2019-12-31 00:00:00","REPORT_TYPE_SQ":"2019年年报","OPERATE_INCOME_SQ":657387860.16,"DPS_HKD":0.8,"OPERATE_INCOME_QOQ_SQ":-21.745090438796,"NET_PROFIT_RATIO_SQ":29.66116707,"HOLDER_PROFIT_SQ":195084759.96,"HOLDER_PROFIT_QOQ_SQ":-81.569018122488,"ROE_AVG_SQ":1.061521705027,"PE_TTM_SQ":-2.642134723859,"PB_TTM_SQ":0.095646382686,"ROA_SQ":0.931867496146,"START_DATE":"2020-01-01 00:00:00","FISCAL_YEAR":"12-31","CURRENCY":"HKD","IS_CNY_CODE":0,"DPS_HKD_LY":0.2,"ORG_TYPE":"一般企业","PREMIUM_INCOME":null,"PREMIUM_INCOME_YOY":null,"NET_INTEREST_INCOME":null,"NET_INTEREST_INCOME_YOY":null,"FEE_COMMISSION_INCOME":null,"FEE_COMMISSION_INCOME_YOY":null,"ACCOUNTS_RECE_TDAYS":5.175538236033,"INVENTORY_TDAYS":0.10867361685,"CURRENT_ASSETS_TDAYS":0.302051930668,"TOTAL_ASSETS_TDAYS":0.029528996907,"PREMIUM_EXPENSE":null,"LOAN_DEPOSIT":null,"LOAN_EQUITY":null,"LOAN_ASSETS":null,"DEPOSIT_EQUITY":null,"DEPOSIT_ASSETS":null,"EQUITY_MULTIPLIER":1.134878675759,"EQUITY_RATIO":0.134989431158},{"SECUCODE":"00878.HK","SECURITY_CODE":"00878","SECURITY_NAME_ABBR":"金朝阳集团","ORG_CODE":"10009139","STD_REPORT_DATE":"2020-06-30 00:00:00","REPORT_DATE":"2020-06-30 00:00:00","DATE_TYPE_CODE":"002","REPORT_TYPE":"2020年中报","PER_NETCASH_OPERATE":0.280381744383,"PER_OI":1.181400128944,"BPS":66.41039999928,"BASIC_EPS":0.2374944,"DILUTED_EPS":null,"OPERATE_INCOME":334700857.92,"OPERATE_INCOME_YOY":1.6038421225,"GROSS_PROFIT":269906904.96,"GROSS_PROFIT_YOY":-6.793276816148,"HOLDER_PROFIT":66465548.16,"HOLDER_PROFIT_YOY":-92.7593471034,"GROSS_PROFIT_RATIO":80.641234873833,"EPS_TTM":-2.19708295619,"OPERATE_INCOME_QOQ":2.656811075846,"NET_PROFIT_RATIO":19.8543739663,"ROE_AVG":0.353322437072,"GROSS_PROFIT_QOQ":-3.630131458933,"ROA":0.309411930869,"HOLDER_PROFIT_QOQ":-419.067759792014,"ROE_YEARLY":0.706644874144,"ROIC_YEARLY":0.63733421851,"TOTAL_ASSETS":21390136833.12,"TOTAL_LIABILITIES":2562475058.88,"TAX_EBT":33.720834889717,"OCF_SALES":23.733004382973,"TOTAL_PARENT_EQUITY":18814639773.6,"DEBT_ASSET_RATIO":11.9797039115,"OPERATE_PROFIT":122430190.08,"PRETAX_PROFIT":100261914.72,"NETCASH_OPERATE":79434569.28,"NETCASH_INVEST":434039284.8,"NETCASH_FINANCE":-130072029.12,"END_CASH":664840909.92,"DIVI_RATIO":-0.329972064986,"DIVIDEND_RATE":14.545454545455,"CURRENT_RATIO":2.2273568169,"COMMON_ACS":5000000000,"CURRENTDEBT_DEBT":34.760963347262,"ISSUED_COMMON_SHARES":283308635,"HK_COMMON_SHARES":283308635,"PER_SHARES":500,"TOTAL_MARKET_CAP":1558197492.5,"HKSK_MARKET_CAP":1558197492.5,"PE_TTM":-1.223464850258,"PB_TTM":0.090524657668,"REPORT_DATE_SQ":"2019-06-30 00:00:00","REPORT_TYPE_SQ":"2019年中报","OPERATE_INCOME_SQ":317235304.44,"DPS_HKD":0.8,"OPERATE_INCOME_QOQ_SQ":-2.207754055344,"NET_PROFIT_RATIO_SQ":278.6334621805,"HOLDER_PROFIT_SQ":884002881.42,"HOLDER_PROFIT_QOQ_SQ":79.873054009142,"ROE_AVG_SQ":4.805416373711,"PE_TTM_SQ":-2.642134723859,"PB_TTM_SQ":0.095646382686,"ROA_SQ":4.17284414347,"START_DATE":"2020-01-01 00:00:00","FISCAL_YEAR":"12-31","CURRENCY":"HKD","IS_CNY_CODE":0,"DPS_HKD_LY":0.2,"ORG_TYPE":"一般企业","PREMIUM_INCOME":null,"PREMIUM_INCOME_YOY":null,"NET_INTEREST_INCOME":null,"NET_INTEREST_INCOME_YOY":null,"FEE_COMMISSION_INCOME":null,"FEE_COMMISSION_INCOME_YOY":null,"ACCOUNTS_RECE_TDAYS":1.843802757014,"INVENTORY_TDAYS":0.071767761975,"CURRENT_ASSETS_TDAYS":0.16606243124,"TOTAL_ASSETS_TDAYS":0.015581070431,"PREMIUM_EXPENSE":null,"LOAN_DEPOSIT":null,"LOAN_EQUITY":null,"LOAN_ASSETS":null,"DEPOSIT_EQUITY":null,"DEPOSIT_ASSETS":null,"EQUITY_MULTIPLIER":1.136101608877,"EQUITY_RATIO":0.136195807611}],"count":47},"success":true,"message":"ok","code":0}