{"version":"3f84745774b1bb4a6f33e396699d9ca0","result":{"pages":5,"data":[{"SECUCODE":"00876.HK","SECURITY_CODE":"00876","SECURITY_NAME_ABBR":"佳兆业健康","ORG_CODE":"10009138","STD_REPORT_DATE":"2024-06-30 00:00:00","REPORT_DATE":"2024-06-30 00:00:00","DATE_TYPE_CODE":"002","REPORT_TYPE":"2024年中报","PER_NETCASH_OPERATE":-0.004794243214,"PER_OI":0.016022322448,"BPS":0.082857541018,"BASIC_EPS":-0.004380864,"DILUTED_EPS":-0.004380864,"OPERATE_INCOME":80786782.88,"OPERATE_INCOME_YOY":-4.4000432012,"GROSS_PROFIT":34546763.36,"GROSS_PROFIT_YOY":-2.826277543216,"HOLDER_PROFIT":-22145267.52,"HOLDER_PROFIT_YOY":-160.6584835379,"GROSS_PROFIT_RATIO":42.762890324913,"EPS_TTM":-0.010364199532,"OPERATE_INCOME_QOQ":-2.718519263583,"NET_PROFIT_RATIO":-27.4119933119,"ROE_AVG":-5.109495967933,"GROSS_PROFIT_QOQ":-1.367613712752,"ROA":-4.13783577069,"HOLDER_PROFIT_QOQ":-872.169528967552,"ROE_YEARLY":-10.218991935866,"ROIC_YEARLY":-11.388261135869,"TOTAL_ASSETS":518146689.6,"TOTAL_LIABILITIES":100833799.08,"TAX_EBT":-7.267904509284,"OCF_SALES":-29.922273939175,"TOTAL_PARENT_EQUITY":417779270,"DEBT_ASSET_RATIO":19.4604734728,"OPERATE_PROFIT":-20271535.48,"PRETAX_PROFIT":-20644821.6,"NETCASH_OPERATE":-24173242.48,"NETCASH_INVEST":6407926.28,"NETCASH_FINANCE":-3561277.36,"END_CASH":134365662.28,"DIVI_RATIO":null,"DIVIDEND_RATE":null,"CURRENT_RATIO":3.37593346414,"COMMON_ACS":160000000000,"CURRENTDEBT_DEBT":92.722730605263,"ISSUED_COMMON_SHARES":5042139374,"HK_COMMON_SHARES":5042139374,"PER_SHARES":10000,"TOTAL_MARKET_CAP":131095623.724,"HKSK_MARKET_CAP":131095623.724,"PE_TTM":-2.308143453422,"PB_TTM":0.286391313433,"REPORT_DATE_SQ":"2023-06-30 00:00:00","REPORT_TYPE_SQ":"2023年中报","OPERATE_INCOME_SQ":85366128.2,"DPS_HKD":null,"OPERATE_INCOME_QOQ_SQ":2.92074014099,"NET_PROFIT_RATIO_SQ":41.8792526191,"HOLDER_PROFIT_SQ":36880121.98,"HOLDER_PROFIT_QOQ_SQ":108.798246674763,"ROE_AVG_SQ":8.112707020967,"PE_TTM_SQ":8.832944888759,"PB_TTM_SQ":0.241634624745,"ROA_SQ":5.8104968359,"START_DATE":"2024-01-01 00:00:00","FISCAL_YEAR":"12-31","CURRENCY":"HKD","IS_CNY_CODE":0,"DPS_HKD_LY":null,"ORG_TYPE":"一般企业","PREMIUM_INCOME":null,"PREMIUM_INCOME_YOY":null,"NET_INTEREST_INCOME":null,"NET_INTEREST_INCOME_YOY":null,"FEE_COMMISSION_INCOME":null,"FEE_COMMISSION_INCOME_YOY":null,"ACCOUNTS_RECE_TDAYS":0.522946403252,"INVENTORY_TDAYS":3.665991316932,"CURRENT_ASSETS_TDAYS":0.252450249909,"TOTAL_ASSETS_TDAYS":0.15094983147,"PREMIUM_EXPENSE":null,"LOAN_DEPOSIT":null,"LOAN_EQUITY":null,"LOAN_ASSETS":null,"DEPOSIT_EQUITY":null,"DEPOSIT_ASSETS":null,"EQUITY_MULTIPLIER":1.241626370453,"EQUITY_RATIO":0.241356635718},{"SECUCODE":"00876.HK","SECURITY_CODE":"00876","SECURITY_NAME_ABBR":"佳兆业健康","ORG_CODE":"10009138","STD_REPORT_DATE":"2023-12-31 00:00:00","REPORT_DATE":"2023-12-31 00:00:00","DATE_TYPE_CODE":"001","REPORT_TYPE":"2023年年报","PER_NETCASH_OPERATE":-0.006437902246,"PER_OI":0.0334084351,"BPS":0.088428775039,"BASIC_EPS":0.00135933,"DILUTED_EPS":0.00135933,"OPERATE_INCOME":168449986.04,"OPERATE_INCOME_YOY":-2.9331745858,"GROSS_PROFIT":73469974.06,"GROSS_PROFIT_YOY":-0.38352895888,"HOLDER_PROFIT":6767650.96,"HOLDER_PROFIT_YOY":106.0558880293,"GROSS_PROFIT_RATIO":43.615304332856,"EPS_TTM":0.001342218146,"OPERATE_INCOME_QOQ":-4.320517105847,"NET_PROFIT_RATIO":3.3085505859,"ROE_AVG":1.528229684654,"GROSS_PROFIT_QOQ":-2.240876248598,"ROA":1.088102341066,"HOLDER_PROFIT_QOQ":-30.171518707525,"ROE_YEARLY":1.528229684654,"ROIC_YEARLY":1.436420412634,"TOTAL_ASSETS":548323816.74,"TOTAL_LIABILITIES":102677444.66,"TAX_EBT":-1.720145550777,"OCF_SALES":-19.270289753715,"TOTAL_PARENT_EQUITY":445870208.42,"DEBT_ASSET_RATIO":18.7256948404,"OPERATE_PROFIT":8804833.52,"PRETAX_PROFIT":5479006.12,"NETCASH_OPERATE":-32460800.4,"NETCASH_INVEST":42753647.16,"NETCASH_FINANCE":-8002828.82,"END_CASH":157752965.16,"DIVI_RATIO":null,"DIVIDEND_RATE":null,"CURRENT_RATIO":3.471145488461,"COMMON_ACS":160000000000,"CURRENTDEBT_DEBT":90.370952225449,"ISSUED_COMMON_SHARES":5042139374,"HK_COMMON_SHARES":5042139374,"PER_SHARES":10000,"TOTAL_MARKET_CAP":136137763.098,"HKSK_MARKET_CAP":136137763.098,"PE_TTM":-2.39691820163,"PB_TTM":0.29740636395,"REPORT_DATE_SQ":"2022-12-31 00:00:00","REPORT_TYPE_SQ":"2022年年报","OPERATE_INCOME_SQ":171060311.73,"DPS_HKD":null,"OPERATE_INCOME_QOQ_SQ":3.15585117832,"NET_PROFIT_RATIO_SQ":-89.8866312618,"HOLDER_PROFIT_SQ":-110156269.86,"HOLDER_PROFIT_QOQ_SQ":16.242575396977,"ROE_AVG_SQ":-21.70239501041,"PE_TTM_SQ":13.617456703504,"PB_TTM_SQ":0.372520046481,"ROA_SQ":-14.183196458054,"START_DATE":"2023-01-01 00:00:00","FISCAL_YEAR":"12-31","CURRENCY":"HKD","IS_CNY_CODE":0,"DPS_HKD_LY":null,"ORG_TYPE":"一般企业","PREMIUM_INCOME":null,"PREMIUM_INCOME_YOY":null,"NET_INTEREST_INCOME":null,"NET_INTEREST_INCOME_YOY":null,"FEE_COMMISSION_INCOME":null,"FEE_COMMISSION_INCOME_YOY":null,"ACCOUNTS_RECE_TDAYS":1.298684421963,"INVENTORY_TDAYS":1.330088770725,"CURRENT_ASSETS_TDAYS":0.447075687935,"TOTAL_ASSETS_TDAYS":0.27083374312,"PREMIUM_EXPENSE":null,"LOAN_DEPOSIT":null,"LOAN_EQUITY":null,"LOAN_ASSETS":null,"DEPOSIT_EQUITY":null,"DEPOSIT_ASSETS":null,"EQUITY_MULTIPLIER":1.23040116804,"EQUITY_RATIO":0.230285501747},{"SECUCODE":"00876.HK","SECURITY_CODE":"00876","SECURITY_NAME_ABBR":"佳兆业健康","ORG_CODE":"10009138","STD_REPORT_DATE":"2023-06-30 00:00:00","REPORT_DATE":"2023-06-30 00:00:00","DATE_TYPE_CODE":"002","REPORT_TYPE":"2023年中报","PER_NETCASH_OPERATE":-0.000251059807,"PER_OI":0.016930537192,"BPS":0.091574293309,"BASIC_EPS":0.007283642,"DILUTED_EPS":0.007283642,"OPERATE_INCOME":85366128.2,"OPERATE_INCOME_YOY":-1.4779897637,"GROSS_PROFIT":35551548.8,"GROSS_PROFIT_YOY":4.103174604199,"HOLDER_PROFIT":36880121.98,"HOLDER_PROFIT_YOY":141.2309182927,"GROSS_PROFIT_RATIO":41.64596608705,"EPS_TTM":0.00192216431,"OPERATE_INCOME_QOQ":2.92074014099,"NET_PROFIT_RATIO":41.8792526191,"ROE_AVG":8.112707020967,"GROSS_PROFIT_QOQ":1.899922194926,"ROA":5.8104968359,"HOLDER_PROFIT_QOQ":108.798246674763,"ROE_YEARLY":16.225414041934,"ROIC_YEARLY":14.958733625271,"TOTAL_ASSETS":561720924.9,"TOTAL_LIABILITIES":100128871.96,"TAX_EBT":3.152005594685,"OCF_SALES":-1.482881520683,"TOTAL_PARENT_EQUITY":461730349.94,"DEBT_ASSET_RATIO":17.8253768947,"OPERATE_PROFIT":-22866025.98,"PRETAX_PROFIT":36914235.24,"NETCASH_OPERATE":-1265878.54,"NETCASH_INVEST":-8406613.64,"NETCASH_FINANCE":-4501106.36,"END_CASH":136766513.2,"DIVI_RATIO":null,"DIVIDEND_RATE":null,"CURRENT_RATIO":3.481380390165,"COMMON_ACS":160000000000,"CURRENTDEBT_DEBT":87.037071140495,"ISSUED_COMMON_SHARES":5042139374,"HK_COMMON_SHARES":5042139374,"PER_SHARES":10000,"TOTAL_MARKET_CAP":136137763.098,"HKSK_MARKET_CAP":136137763.098,"PE_TTM":-2.39691820163,"PB_TTM":0.29740636395,"REPORT_DATE_SQ":"2022-06-30 00:00:00","REPORT_TYPE_SQ":"2022年中报","OPERATE_INCOME_SQ":80369901.01,"DPS_HKD":null,"OPERATE_INCOME_QOQ_SQ":-3.24590345231,"NET_PROFIT_RATIO_SQ":-128.3595271284,"HOLDER_PROFIT_SQ":-82967968.23,"HOLDER_PROFIT_QOQ_SQ":-6918.94335170961,"ROE_AVG_SQ":-16.391426251929,"PE_TTM_SQ":13.617456703504,"PB_TTM_SQ":0.372520046481,"ROA_SQ":-10.710417864938,"START_DATE":"2023-01-01 00:00:00","FISCAL_YEAR":"12-31","CURRENCY":"HKD","IS_CNY_CODE":0,"DPS_HKD_LY":null,"ORG_TYPE":"一般企业","PREMIUM_INCOME":null,"PREMIUM_INCOME_YOY":null,"NET_INTEREST_INCOME":null,"NET_INTEREST_INCOME_YOY":null,"FEE_COMMISSION_INCOME":null,"FEE_COMMISSION_INCOME_YOY":null,"ACCOUNTS_RECE_TDAYS":0.717362671419,"INVENTORY_TDAYS":0.675826959279,"CURRENT_ASSETS_TDAYS":0.229980414779,"TOTAL_ASSETS_TDAYS":0.134495113131,"PREMIUM_EXPENSE":null,"LOAN_DEPOSIT":null,"LOAN_EQUITY":null,"LOAN_ASSETS":null,"DEPOSIT_EQUITY":null,"DEPOSIT_ASSETS":null,"EQUITY_MULTIPLIER":1.216920701563,"EQUITY_RATIO":0.216855729698},{"SECUCODE":"00876.HK","SECURITY_CODE":"00876","SECURITY_NAME_ABBR":"佳兆业健康","ORG_CODE":"10009138","STD_REPORT_DATE":"2022-12-31 00:00:00","REPORT_DATE":"2022-12-31 00:00:00","DATE_TYPE_CODE":"001","REPORT_TYPE":"2022年年报","PER_NETCASH_OPERATE":-0.010016677853,"PER_OI":0.03392613711,"BPS":0.085981327304,"BASIC_EPS":-0.021885115,"DILUTED_EPS":-0.021885115,"OPERATE_INCOME":171060311.73,"OPERATE_INCOME_YOY":-8.6473052007,"GROSS_PROFIT":73752837.55,"GROSS_PROFIT_YOY":-7.399780472474,"HOLDER_PROFIT":-110156269.86,"HOLDER_PROFIT_YOY":-5327.5540483256,"GROSS_PROFIT_RATIO":43.115107650693,"EPS_TTM":-0.021847129103,"OPERATE_INCOME_QOQ":3.15585117832,"NET_PROFIT_RATIO":-89.8866312618,"ROE_AVG":-21.70239501041,"GROSS_PROFIT_QOQ":7.173616214499,"ROA":-14.183196458054,"HOLDER_PROFIT_QOQ":16.242575396977,"ROE_YEARLY":-21.70239501041,"ROIC_YEARLY":-19.135193764048,"TOTAL_ASSETS":685672265.46,"TOTAL_LIABILITIES":265026062.84,"TAX_EBT":-0.683773682025,"OCF_SALES":-29.524958354874,"TOTAL_PARENT_EQUITY":433529835.83,"DEBT_ASSET_RATIO":38.652002741,"OPERATE_PROFIT":-145809355.37,"PRETAX_PROFIT":-152716119.01,"NETCASH_OPERATE":-52326863.33,"NETCASH_INVEST":4839736.86,"NETCASH_FINANCE":-17352663.02,"END_CASH":154937681.5,"DIVI_RATIO":null,"DIVIDEND_RATE":null,"CURRENT_RATIO":1.756866955957,"COMMON_ACS":160000000000,"CURRENTDEBT_DEBT":91.343211141521,"ISSUED_COMMON_SHARES":5042139374,"HK_COMMON_SHARES":5042139374,"PER_SHARES":10000,"TOTAL_MARKET_CAP":136137763.098,"HKSK_MARKET_CAP":136137763.098,"PE_TTM":-2.39691820163,"PB_TTM":0.29740636395,"REPORT_DATE_SQ":"2021-12-31 00:00:00","REPORT_TYPE_SQ":"2021年年报","OPERATE_INCOME_SQ":171390217.6,"DPS_HKD":null,"OPERATE_INCOME_QOQ_SQ":0.196779935525,"NET_PROFIT_RATIO_SQ":-5.8785646819,"HOLDER_PROFIT_SQ":1928718.4,"HOLDER_PROFIT_QOQ_SQ":-91.466468062106,"ROE_AVG_SQ":0.366408751562,"PE_TTM_SQ":13.617456703504,"PB_TTM_SQ":0.372520046481,"ROA_SQ":0.272894696658,"START_DATE":"2022-01-01 00:00:00","FISCAL_YEAR":"12-31","CURRENCY":"HKD","IS_CNY_CODE":0,"DPS_HKD_LY":null,"ORG_TYPE":"一般企业","PREMIUM_INCOME":null,"PREMIUM_INCOME_YOY":null,"NET_INTEREST_INCOME":null,"NET_INTEREST_INCOME_YOY":null,"FEE_COMMISSION_INCOME":null,"FEE_COMMISSION_INCOME_YOY":null,"ACCOUNTS_RECE_TDAYS":1.457307885485,"INVENTORY_TDAYS":0.716152784169,"CURRENT_ASSETS_TDAYS":0.364080729382,"TOTAL_ASSETS_TDAYS":0.220249107066,"PREMIUM_EXPENSE":null,"LOAN_DEPOSIT":null,"LOAN_EQUITY":null,"LOAN_ASSETS":null,"DEPOSIT_EQUITY":null,"DEPOSIT_ASSETS":null,"EQUITY_MULTIPLIER":1.630045062071,"EQUITY_RATIO":0.611321392293},{"SECUCODE":"00876.HK","SECURITY_CODE":"00876","SECURITY_NAME_ABBR":"佳兆业健康","ORG_CODE":"10009138","STD_REPORT_DATE":"2022-06-30 00:00:00","REPORT_DATE":"2022-06-30 00:00:00","DATE_TYPE_CODE":"002","REPORT_TYPE":"2022年中报","PER_NETCASH_OPERATE":-0.008763504702,"PER_OI":0.015939642887,"BPS":0.090339625118,"BASIC_EPS":-0.016419648,"DILUTED_EPS":-0.016419648,"OPERATE_INCOME":80369901.01,"OPERATE_INCOME_YOY":-9.0012103607,"GROSS_PROFIT":34150302.27,"GROSS_PROFIT_YOY":-24.077675778976,"HOLDER_PROFIT":-82967968.23,"HOLDER_PROFIT_YOY":-259.9198892296,"GROSS_PROFIT_RATIO":42.491407654902,"EPS_TTM":-0.026083811921,"OPERATE_INCOME_QOQ":-3.24590345231,"NET_PROFIT_RATIO":-128.3595271284,"ROE_AVG":-16.391426251929,"GROSS_PROFIT_QOQ":-13.597933149709,"ROA":-10.710417864938,"HOLDER_PROFIT_QOQ":-6918.94335170961,"ROE_YEARLY":-32.782852503859,"ROIC_YEARLY":-29.650604407233,"TOTAL_ASSETS":718620432.95,"TOTAL_LIABILITIES":255079231.68,"TAX_EBT":-0.165238474824,"OCF_SALES":-54.979303887039,"TOTAL_PARENT_EQUITY":455504980.84,"DEBT_ASSET_RATIO":35.4956831151,"OPERATE_PROFIT":-99499646.12,"PRETAX_PROFIT":-102992242.08,"NETCASH_OPERATE":-44186812.11,"NETCASH_INVEST":5399669.66,"NETCASH_FINANCE":-5406511.18,"END_CASH":173130649.93,"DIVI_RATIO":null,"DIVIDEND_RATE":null,"CURRENT_RATIO":1.859714463066,"COMMON_ACS":160000000000,"CURRENTDEBT_DEBT":91.278765690377,"ISSUED_COMMON_SHARES":5042139374,"HK_COMMON_SHARES":5042139374,"PER_SHARES":10000,"TOTAL_MARKET_CAP":136137763.098,"HKSK_MARKET_CAP":136137763.098,"PE_TTM":-2.39691820163,"PB_TTM":0.29740636395,"REPORT_DATE_SQ":"2021-06-30 00:00:00","REPORT_TYPE_SQ":"2021年中报","OPERATE_INCOME_SQ":85933062,"DPS_HKD":null,"OPERATE_INCOME_QOQ_SQ":10.569860780022,"NET_PROFIT_RATIO_SQ":56.3437424352,"HOLDER_PROFIT_SQ":50478965.28,"HOLDER_PROFIT_QOQ_SQ":167.656675712908,"ROE_AVG_SQ":9.033539617966,"PE_TTM_SQ":13.617456703504,"PB_TTM_SQ":0.372520046481,"ROA_SQ":7.263549412334,"START_DATE":"2022-01-01 00:00:00","FISCAL_YEAR":"12-31","CURRENCY":"HKD","IS_CNY_CODE":0,"DPS_HKD_LY":null,"ORG_TYPE":"一般企业","PREMIUM_INCOME":null,"PREMIUM_INCOME_YOY":null,"NET_INTEREST_INCOME":null,"NET_INTEREST_INCOME_YOY":null,"FEE_COMMISSION_INCOME":null,"FEE_COMMISSION_INCOME_YOY":null,"ACCOUNTS_RECE_TDAYS":0.69754098969,"INVENTORY_TDAYS":0.344282606549,"CURRENT_ASSETS_TDAYS":0.173688130569,"TOTAL_ASSETS_TDAYS":0.103750307733,"PREMIUM_EXPENSE":null,"LOAN_DEPOSIT":null,"LOAN_EQUITY":null,"LOAN_ASSETS":null,"DEPOSIT_EQUITY":null,"DEPOSIT_ASSETS":null,"EQUITY_MULTIPLIER":1.550283838808,"EQUITY_RATIO":0.559992189788},{"SECUCODE":"00876.HK","SECURITY_CODE":"00876","SECURITY_NAME_ABBR":"佳兆业健康","ORG_CODE":"10009138","STD_REPORT_DATE":"2021-12-31 00:00:00","REPORT_DATE":"2021-12-31 00:00:00","DATE_TYPE_CODE":"001","REPORT_TYPE":"2021年年报","PER_NETCASH_OPERATE":-0.019914058012,"PER_OI":0.03399156685,"BPS":0.105580829825,"BASIC_EPS":0.0004088,"DILUTED_EPS":0.0004088,"OPERATE_INCOME":171390217.6,"OPERATE_INCOME_YOY":14.0449377074,"GROSS_PROFIT":79646504,"GROSS_PROFIT_YOY":5.19047604087,"HOLDER_PROFIT":1928718.4,"HOLDER_PROFIT_YOY":105.9432631261,"GROSS_PROFIT_RATIO":46.470857622623,"EPS_TTM":0.000382519851,"OPERATE_INCOME_QOQ":0.196779935525,"NET_PROFIT_RATIO":-5.8785646819,"ROE_AVG":0.366408751562,"GROSS_PROFIT_QOQ":-8.427547502799,"ROA":0.272894696658,"HOLDER_PROFIT_QOQ":-91.466468062106,"ROE_YEARLY":0.366408751562,"ROIC_YEARLY":0.377350643368,"TOTAL_ASSETS":794161860.8,"TOTAL_LIABILITIES":235868606.4,"TAX_EBT":209.997322145854,"OCF_SALES":-58.585289992654,"TOTAL_PARENT_EQUITY":532353259.2,"DEBT_ASSET_RATIO":29.7003190461,"OPERATE_PROFIT":15849993.6,"PRETAX_PROFIT":9159572.8,"NETCASH_OPERATE":-100409456,"NETCASH_INVEST":105606939.2,"NETCASH_FINANCE":68194380.8,"END_CASH":211974246.4,"DIVI_RATIO":null,"DIVIDEND_RATE":null,"CURRENT_RATIO":2.19791519556,"COMMON_ACS":160000000000,"CURRENTDEBT_DEBT":90.814901088083,"ISSUED_COMMON_SHARES":5042139374,"HK_COMMON_SHARES":5042139374,"PER_SHARES":10000,"TOTAL_MARKET_CAP":136137763.098,"HKSK_MARKET_CAP":136137763.098,"PE_TTM":-2.39691820163,"PB_TTM":0.29740636395,"REPORT_DATE_SQ":"2020-12-31 00:00:00","REPORT_TYPE_SQ":"2020年年报","OPERATE_INCOME_SQ":154701848.4,"DPS_HKD":null,"OPERATE_INCOME_QOQ_SQ":-18.773014267795,"NET_PROFIT_RATIO_SQ":-22.1397094826,"HOLDER_PROFIT_SQ":-33406374.88,"HOLDER_PROFIT_QOQ_SQ":89.814189391117,"ROE_AVG_SQ":-6.209039649658,"PE_TTM_SQ":13.617456703504,"PB_TTM_SQ":0.372520046481,"ROA_SQ":-5.391484356111,"START_DATE":"2021-01-01 00:00:00","FISCAL_YEAR":"12-31","CURRENCY":"HKD","IS_CNY_CODE":0,"DPS_HKD_LY":null,"ORG_TYPE":"一般企业","PREMIUM_INCOME":null,"PREMIUM_INCOME_YOY":null,"NET_INTEREST_INCOME":null,"NET_INTEREST_INCOME_YOY":null,"FEE_COMMISSION_INCOME":null,"FEE_COMMISSION_INCOME_YOY":null,"ACCOUNTS_RECE_TDAYS":1.60859139096,"INVENTORY_TDAYS":1.339129293267,"CURRENT_ASSETS_TDAYS":0.461576740827,"TOTAL_ASSETS_TDAYS":0.242500312342,"PREMIUM_EXPENSE":null,"LOAN_DEPOSIT":null,"LOAN_EQUITY":null,"LOAN_ASSETS":null,"DEPOSIT_EQUITY":null,"DEPOSIT_ASSETS":null,"EQUITY_MULTIPLIER":1.422481562407,"EQUITY_RATIO":0.443067835735},{"SECUCODE":"00876.HK","SECURITY_CODE":"00876","SECURITY_NAME_ABBR":"佳兆业健康","ORG_CODE":"10009138","STD_REPORT_DATE":"2021-06-30 00:00:00","REPORT_DATE":"2021-06-30 00:00:00","DATE_TYPE_CODE":"002","REPORT_TYPE":"2021年中报","PER_NETCASH_OPERATE":0.008634117856,"PER_OI":0.017042976329,"BPS":0.116608778407,"BASIC_EPS":0.00998496,"DILUTED_EPS":0.00998496,"OPERATE_INCOME":85933062,"OPERATE_INCOME_YOY":35.5759763702,"GROSS_PROFIT":44980580.64,"GROSS_PROFIT_YOY":33.39218741308,"HOLDER_PROFIT":50478965.28,"HOLDER_PROFIT_YOY":1102.2468197588,"GROSS_PROFIT_RATIO":52.343742435246,"EPS_TTM":0.004482550172,"OPERATE_INCOME_QOQ":10.569860780022,"NET_PROFIT_RATIO":56.3437424352,"ROE_AVG":9.033539617966,"GROSS_PROFIT_QOQ":14.871310281972,"ROA":7.263549412334,"HOLDER_PROFIT_QOQ":167.656675712908,"ROE_YEARLY":18.067079235933,"ROIC_YEARLY":20.231019662933,"TOTAL_ASSETS":759592518.72,"TOTAL_LIABILITIES":135346964.88,"TAX_EBT":0.078990297931,"OCF_SALES":50.660856935367,"TOTAL_PARENT_EQUITY":587957712.96,"DEBT_ASSET_RATIO":17.8183646553,"OPERATE_PROFIT":46382635.44,"PRETAX_PROFIT":48456178.8,"NETCASH_OPERATE":43534425.6,"NETCASH_INVEST":7357251.36,"NETCASH_FINANCE":-3555477.84,"END_CASH":199501164.96,"DIVI_RATIO":null,"DIVIDEND_RATE":null,"CURRENT_RATIO":5.020228208764,"COMMON_ACS":160000000000,"CURRENTDEBT_DEBT":91.054401485298,"ISSUED_COMMON_SHARES":5042139374,"HK_COMMON_SHARES":5042139374,"PER_SHARES":10000,"TOTAL_MARKET_CAP":136137763.098,"HKSK_MARKET_CAP":136137763.098,"PE_TTM":-2.39691820163,"PB_TTM":0.29740636395,"REPORT_DATE_SQ":"2020-06-30 00:00:00","REPORT_TYPE_SQ":"2020年中报","OPERATE_INCOME_SQ":69581292,"DPS_HKD":null,"OPERATE_INCOME_QOQ_SQ":-15.500897189128,"NET_PROFIT_RATIO_SQ":-8.3085001641,"HOLDER_PROFIT_SQ":-5529052.32,"HOLDER_PROFIT_QOQ_SQ":-3.229604483303,"ROE_AVG_SQ":-0.953051994316,"PE_TTM_SQ":13.617456703504,"PB_TTM_SQ":0.372520046481,"ROA_SQ":-0.837594182643,"START_DATE":"2021-01-01 00:00:00","FISCAL_YEAR":"12-31","CURRENCY":"HKD","IS_CNY_CODE":0,"DPS_HKD_LY":null,"ORG_TYPE":"一般企业","PREMIUM_INCOME":null,"PREMIUM_INCOME_YOY":null,"NET_INTEREST_INCOME":null,"NET_INTEREST_INCOME_YOY":null,"FEE_COMMISSION_INCOME":null,"FEE_COMMISSION_INCOME_YOY":null,"ACCOUNTS_RECE_TDAYS":0.85957202427,"INVENTORY_TDAYS":6.705313351499,"CURRENT_ASSETS_TDAYS":0.191958112147,"TOTAL_ASSETS_TDAYS":0.123651314667,"PREMIUM_EXPENSE":null,"LOAN_DEPOSIT":null,"LOAN_EQUITY":null,"LOAN_ASSETS":null,"DEPOSIT_EQUITY":null,"DEPOSIT_ASSETS":null,"EQUITY_MULTIPLIER":1.216816866452,"EQUITY_RATIO":0.230198468183},{"SECUCODE":"00876.HK","SECURITY_CODE":"00876","SECURITY_NAME_ABBR":"佳兆业健康","ORG_CODE":"10009138","STD_REPORT_DATE":"2020-12-31 00:00:00","REPORT_DATE":"2020-12-31 00:00:00","DATE_TYPE_CODE":"001","REPORT_TYPE":"2020年年报","PER_NETCASH_OPERATE":-0.005182569695,"PER_OI":0.030681787417,"BPS":0.106248020236,"BASIC_EPS":-0.006648956,"DILUTED_EPS":-0.006648956,"OPERATE_INCOME":154701848.4,"OPERATE_INCOME_YOY":-26.9487874476,"GROSS_PROFIT":75716459.32,"GROSS_PROFIT_YOY":-31.218381474993,"HOLDER_PROFIT":-33406374.88,"HOLDER_PROFIT_YOY":88.8088464586,"GROSS_PROFIT_RATIO":48.943474239704,"EPS_TTM":-0.006625436626,"OPERATE_INCOME_QOQ":-18.773014267795,"NET_PROFIT_RATIO":-22.1397094826,"ROE_AVG":-6.209039649658,"GROSS_PROFIT_QOQ":-17.854034140835,"ROA":-5.391484356111,"HOLDER_PROFIT_QOQ":89.814189391117,"ROE_YEARLY":-6.209039649658,"ROIC_YEARLY":-7.524685278692,"TOTAL_ASSETS":637575123.96,"TOTAL_LIABILITIES":92612382.32,"TAX_EBT":1.87591927278,"OCF_SALES":-16.891355203743,"TOTAL_PARENT_EQUITY":535717326.24,"DEBT_ASSET_RATIO":14.525720788,"OPERATE_PROFIT":-33990473.04,"PRETAX_PROFIT":-34905335.72,"NETCASH_OPERATE":-26131238.72,"NETCASH_INVEST":-16759577.32,"NETCASH_FINANCE":-5447935.72,"END_CASH":148633624,"DIVI_RATIO":null,"DIVIDEND_RATE":null,"CURRENT_RATIO":3.581608799164,"COMMON_ACS":160000000000,"CURRENTDEBT_DEBT":84.3590396045,"ISSUED_COMMON_SHARES":5042139374,"HK_COMMON_SHARES":5042139374,"PER_SHARES":10000,"TOTAL_MARKET_CAP":136137763.098,"HKSK_MARKET_CAP":136137763.098,"PE_TTM":-2.39691820163,"PB_TTM":0.29740636395,"REPORT_DATE_SQ":"2019-12-31 00:00:00","REPORT_TYPE_SQ":"2019年年报","OPERATE_INCOME_SQ":225394372.04,"DPS_HKD":null,"OPERATE_INCOME_QOQ_SQ":7.671948366776,"NET_PROFIT_RATIO_SQ":-141.1051673569,"HOLDER_PROFIT_SQ":-317708979.94,"HOLDER_PROFIT_QOQ_SQ":-1948.34695052918,"ROE_AVG_SQ":-43.066332908547,"PE_TTM_SQ":13.617456703504,"PB_TTM_SQ":0.372520046481,"ROA_SQ":-39.645034240738,"START_DATE":"2020-01-01 00:00:00","FISCAL_YEAR":"12-31","CURRENCY":"HKD","IS_CNY_CODE":0,"DPS_HKD_LY":null,"ORG_TYPE":"一般企业","PREMIUM_INCOME":null,"PREMIUM_INCOME_YOY":null,"NET_INTEREST_INCOME":null,"NET_INTEREST_INCOME_YOY":null,"FEE_COMMISSION_INCOME":null,"FEE_COMMISSION_INCOME_YOY":null,"ACCOUNTS_RECE_TDAYS":1.499216991289,"INVENTORY_TDAYS":13.822372781501,"CURRENT_ASSETS_TDAYS":0.493391384642,"TOTAL_ASSETS_TDAYS":0.249674679909,"PREMIUM_EXPENSE":null,"LOAN_DEPOSIT":null,"LOAN_EQUITY":null,"LOAN_ASSETS":null,"DEPOSIT_EQUITY":null,"DEPOSIT_ASSETS":null,"EQUITY_MULTIPLIER":1.169942594684,"EQUITY_RATIO":0.172875465817},{"SECUCODE":"00876.HK","SECURITY_CODE":"00876","SECURITY_NAME_ABBR":"佳兆业健康","ORG_CODE":"10009138","STD_REPORT_DATE":"2020-06-30 00:00:00","REPORT_DATE":"2020-06-30 00:00:00","DATE_TYPE_CODE":"002","REPORT_TYPE":"2020年中报","PER_NETCASH_OPERATE":-0.007723988758,"PER_OI":0.013799954114,"BPS":0.113810535916,"BASIC_EPS":-0.001096128,"DILUTED_EPS":-0.001096128,"OPERATE_INCOME":69581292,"OPERATE_INCOME_YOY":-35.8893433655,"GROSS_PROFIT":33720551.04,"GROSS_PROFIT_YOY":-34.687920678237,"HOLDER_PROFIT":-5529052.32,"HOLDER_PROFIT_YOY":-212.5302100762,"GROSS_PROFIT_RATIO":48.462093862816,"EPS_TTM":-0.065045747266,"OPERATE_INCOME_QOQ":-15.500897189128,"NET_PROFIT_RATIO":-8.3085001641,"ROE_AVG":-0.953051994316,"GROSS_PROFIT_QOQ":-16.269024527718,"ROA":-0.837594182643,"HOLDER_PROFIT_QOQ":-3.229604483303,"ROE_YEARLY":-1.906103988632,"ROIC_YEARLY":-2.365783878432,"TOTAL_ASSETS":667243257.12,"TOTAL_LIABILITIES":83875714.56,"TAX_EBT":2.540806898676,"OCF_SALES":-55.971119133574,"TOTAL_PARENT_EQUITY":573848584.32,"DEBT_ASSET_RATIO":12.5704851514,"OPERATE_PROFIT":-9246753.12,"PRETAX_PROFIT":-5931879.36,"NETCASH_OPERATE":-19240700.16,"NETCASH_INVEST":-21109598.4,"NETCASH_FINANCE":-1405784.16,"END_CASH":165930943.2,"DIVI_RATIO":null,"DIVIDEND_RATE":null,"CURRENT_RATIO":4.792818685463,"COMMON_ACS":160000000000,"CURRENTDEBT_DEBT":83.740634256839,"ISSUED_COMMON_SHARES":5042139374,"HK_COMMON_SHARES":5042139374,"PER_SHARES":10000,"TOTAL_MARKET_CAP":136137763.098,"HKSK_MARKET_CAP":136137763.098,"PE_TTM":-2.39691820163,"PB_TTM":0.29740636395,"REPORT_DATE_SQ":"2019-06-30 00:00:00","REPORT_TYPE_SQ":"2019年中报","OPERATE_INCOME_SQ":104519441.88,"DPS_HKD":null,"OPERATE_INCOME_QOQ_SQ":-1.254978069334,"NET_PROFIT_RATIO_SQ":4.4698614688,"HOLDER_PROFIT_SQ":4731691.14,"HOLDER_PROFIT_QOQ_SQ":19.6786800482,"ROE_AVG_SQ":0.533905850334,"PE_TTM_SQ":13.617456703504,"PB_TTM_SQ":0.372520046481,"ROA_SQ":0.500379540533,"START_DATE":"2020-01-01 00:00:00","FISCAL_YEAR":"12-31","CURRENCY":"HKD","IS_CNY_CODE":0,"DPS_HKD_LY":null,"ORG_TYPE":"一般企业","PREMIUM_INCOME":null,"PREMIUM_INCOME_YOY":null,"NET_INTEREST_INCOME":null,"NET_INTEREST_INCOME_YOY":null,"FEE_COMMISSION_INCOME":null,"FEE_COMMISSION_INCOME_YOY":null,"ACCOUNTS_RECE_TDAYS":0.610276356848,"INVENTORY_TDAYS":5.937537810042,"CURRENT_ASSETS_TDAYS":0.195031216516,"TOTAL_ASSETS_TDAYS":0.105408453433,"PREMIUM_EXPENSE":null,"LOAN_DEPOSIT":null,"LOAN_EQUITY":null,"LOAN_ASSETS":null,"DEPOSIT_EQUITY":null,"DEPOSIT_ASSETS":null,"EQUITY_MULTIPLIER":1.143778507443,"EQUITY_RATIO":0.146163494782}],"count":45},"success":true,"message":"ok","code":0}