{"version":"b378f7a1c87679a632465bdf2384a068","result":{"pages":9,"data":[{"SECUCODE":"00874.HK","SECURITY_CODE":"00874","SECURITY_NAME_ABBR":"白云山","ORG_CODE":"10002522","STD_REPORT_DATE":"2024-09-30 00:00:00","REPORT_DATE":"2024-09-30 00:00:00","DATE_TYPE_CODE":"004","REPORT_TYPE":"2024年三季报","PER_NETCASH_OPERATE":-0.462151810269,"PER_OI":36.326933878151,"BPS":22.27989094689,"BASIC_EPS":1.943,"DILUTED_EPS":1.943,"OPERATE_INCOME":59060000304.02,"OPERATE_INCOME_YOY":1.5046104082,"GROSS_PROFIT":10456258977.95,"GROSS_PROFIT_YOY":-10.403856822513,"HOLDER_PROFIT":3158976998.91,"HOLDER_PROFIT_YOY":-16.6771687263,"GROSS_PROFIT_RATIO":17.704468208813,"EPS_TTM":2.105686160072,"OPERATE_INCOME_QOQ":-0.25726484421,"NET_PROFIT_RATIO":5.5696590595,"ROE_AVG":8.880799431902,"GROSS_PROFIT_QOQ":-5.036896291867,"ROA":4.002697162978,"HOLDER_PROFIT_QOQ":-9.767813209058,"ROE_YEARLY":11.841065909203,"ROIC_YEARLY":5.457956472417,"TOTAL_ASSETS":79255540499.7,"TOTAL_LIABILITIES":41202453235.03,"TAX_EBT":17.887927679056,"OCF_SALES":-1.272201534596,"TOTAL_PARENT_EQUITY":36222445046.16,"DEBT_ASSET_RATIO":51.9868427813,"OPERATE_PROFIT":4008080508.99,"PRETAX_PROFIT":4006037802.35,"NETCASH_OPERATE":-751362230.2,"NETCASH_INVEST":-4239805542.16,"NETCASH_FINANCE":587309332.49,"END_CASH":15424695678.2,"DIVI_RATIO":0.545729136559,"DIVIDEND_RATE":7.050724637681,"CURRENT_RATIO":1.46302882602,"COMMON_ACS":null,"CURRENTDEBT_DEBT":88.005873547164,"ISSUED_COMMON_SHARES":1625790949,"HK_COMMON_SHARES":219900000,"PER_SHARES":2000,"TOTAL_MARKET_CAP":29166689625.06,"HKSK_MARKET_CAP":3945006000,"PE_TTM":7.582026559651,"PB_TTM":0.726130690611,"REPORT_DATE_SQ":"2023-09-30 00:00:00","REPORT_TYPE_SQ":"2023年三季报","OPERATE_INCOME_SQ":58184549516.02,"DPS_HKD":1.2649,"OPERATE_INCOME_QOQ_SQ":0.85500545478,"NET_PROFIT_RATIO_SQ":6.7521794734,"HOLDER_PROFIT_SQ":3791250189.92,"HOLDER_PROFIT_QOQ_SQ":2.283584373993,"ROE_AVG_SQ":11.363774029514,"PE_TTM_SQ":6.907930575,"PB_TTM_SQ":0.865164964545,"ROA_SQ":5.088290238148,"START_DATE":"2024-01-01 00:00:00","FISCAL_YEAR":"12-31","CURRENCY":"HKD","IS_CNY_CODE":0,"DPS_HKD_LY":1.2649,"ORG_TYPE":"一般企业","PREMIUM_INCOME":null,"PREMIUM_INCOME_YOY":null,"NET_INTEREST_INCOME":null,"NET_INTEREST_INCOME_YOY":null,"FEE_COMMISSION_INCOME":null,"FEE_COMMISSION_INCOME_YOY":null,"ACCOUNTS_RECE_TDAYS":2.906971518153,"INVENTORY_TDAYS":4.254074362564,"CURRENT_ASSETS_TDAYS":1.0833319505,"TOTAL_ASSETS_TDAYS":0.74834130082,"PREMIUM_EXPENSE":null,"LOAN_DEPOSIT":null,"LOAN_EQUITY":null,"LOAN_ASSETS":null,"DEPOSIT_EQUITY":null,"DEPOSIT_ASSETS":null,"EQUITY_MULTIPLIER":2.082762429984,"EQUITY_RATIO":1.137484042906},{"SECUCODE":"00874.HK","SECURITY_CODE":"00874","SECURITY_NAME_ABBR":"白云山","ORG_CODE":"10002522","STD_REPORT_DATE":"2024-06-30 00:00:00","REPORT_DATE":"2024-06-30 00:00:00","DATE_TYPE_CODE":"002","REPORT_TYPE":"2024年中报","PER_NETCASH_OPERATE":-1.252768995819,"PER_OI":25.244829363329,"BPS":22.305074061149,"BASIC_EPS":1.568,"DILUTED_EPS":1.568,"OPERATE_INCOME":41042815087.95,"OPERATE_INCOME_YOY":2.6832014753,"GROSS_PROFIT":7798759421.1,"GROSS_PROFIT_YOY":-6.319330892134,"HOLDER_PROFIT":2549565302.08,"HOLDER_PROFIT_YOY":-9.3084192309,"GROSS_PROFIT_RATIO":19.001521714308,"EPS_TTM":2.333630863841,"OPERATE_INCOME_QOQ":-0.319141601952,"NET_PROFIT_RATIO":6.5006068093,"ROE_AVG":7.163444014688,"GROSS_PROFIT_QOQ":-4.004388643739,"ROA":3.257032941615,"HOLDER_PROFIT_QOQ":-7.580646358662,"ROE_YEARLY":14.326888029376,"ROIC_YEARLY":8.836363697622,"TOTAL_ASSETS":77970660816.75,"TOTAL_LIABILITIES":39854854261.41,"TAX_EBT":17.38312867438,"OCF_SALES":-4.962477574273,"TOTAL_PARENT_EQUITY":36263387525.39,"DEBT_ASSET_RATIO":51.1151936433,"OPERATE_PROFIT":3169734459.98,"PRETAX_PROFIT":3229403376.72,"NETCASH_OPERATE":-2036740494.59,"NETCASH_INVEST":-3914678746.75,"NETCASH_FINANCE":595081664.61,"END_CASH":14471487165.36,"DIVI_RATIO":0.492423333872,"DIVIDEND_RATE":7.066480446927,"CURRENT_RATIO":1.516433320871,"COMMON_ACS":null,"CURRENTDEBT_DEBT":85.940528348549,"ISSUED_COMMON_SHARES":1625790949,"HK_COMMON_SHARES":219900000,"PER_SHARES":2000,"TOTAL_MARKET_CAP":29101657987.1,"HKSK_MARKET_CAP":3936210000,"PE_TTM":7.565121260744,"PB_TTM":0.724511670119,"REPORT_DATE_SQ":"2023-06-30 00:00:00","REPORT_TYPE_SQ":"2023年中报","OPERATE_INCOME_SQ":39970330587.93,"DPS_HKD":1.2649,"OPERATE_INCOME_QOQ_SQ":2.309279512836,"NET_PROFIT_RATIO_SQ":7.3097795465,"HOLDER_PROFIT_SQ":2811248056.83,"HOLDER_PROFIT_QOQ_SQ":2.906811786935,"ROE_AVG_SQ":8.551191218974,"PE_TTM_SQ":6.976666202612,"PB_TTM_SQ":0.873773571158,"ROA_SQ":3.792000987699,"START_DATE":"2024-01-01 00:00:00","FISCAL_YEAR":"12-31","CURRENCY":"HKD","IS_CNY_CODE":0,"DPS_HKD_LY":1.2649,"ORG_TYPE":"一般企业","PREMIUM_INCOME":null,"PREMIUM_INCOME_YOY":null,"NET_INTEREST_INCOME":null,"NET_INTEREST_INCOME_YOY":null,"FEE_COMMISSION_INCOME":null,"FEE_COMMISSION_INCOME_YOY":null,"ACCOUNTS_RECE_TDAYS":2.005200187831,"INVENTORY_TDAYS":2.987128523767,"CURRENT_ASSETS_TDAYS":0.760588855945,"TOTAL_ASSETS_TDAYS":0.524316049677,"PREMIUM_EXPENSE":null,"LOAN_DEPOSIT":null,"LOAN_EQUITY":null,"LOAN_ASSETS":null,"DEPOSIT_EQUITY":null,"DEPOSIT_ASSETS":null,"EQUITY_MULTIPLIER":2.045625368143,"EQUITY_RATIO":1.099038368479},{"SECUCODE":"00874.HK","SECURITY_CODE":"00874","SECURITY_NAME_ABBR":"白云山","ORG_CODE":"10002522","STD_REPORT_DATE":"2024-03-31 00:00:00","REPORT_DATE":"2024-03-31 00:00:00","DATE_TYPE_CODE":"003","REPORT_TYPE":"2024年一季报","PER_NETCASH_OPERATE":-1.93025223735,"PER_OI":14.113876021978,"BPS":22.683179635902,"BASIC_EPS":1.204,"DILUTED_EPS":1.204,"OPERATE_INCOME":22946211891.84,"OPERATE_INCOME_YOY":6.0923762122,"GROSS_PROFIT":5078949166.37,"GROSS_PROFIT_YOY":0.869771592026,"HOLDER_PROFIT":1958118123.91,"HOLDER_PROFIT_YOY":2.5944488776,"GROSS_PROFIT_RATIO":22.134150901728,"EPS_TTM":2.525045644549,"OPERATE_INCOME_QOQ":1.744929908461,"NET_PROFIT_RATIO":8.8542934123,"ROE_AVG":5.454566380862,"GROSS_PROFIT_QOQ":0.308687090486,"ROA":2.489813137832,"HOLDER_PROFIT_QOQ":1.220946406181,"ROE_YEARLY":21.818265523449,"ROIC_YEARLY":13.907907065484,"TOTAL_ASSETS":78703490268.5,"TOTAL_LIABILITIES":39990236195.46,"TAX_EBT":17.15164368229,"OCF_SALES":-13.676273153766,"TOTAL_PARENT_EQUITY":36878108146.59,"DEBT_ASSET_RATIO":50.8112614308,"OPERATE_PROFIT":2432432136.62,"PRETAX_PROFIT":2452341866.77,"NETCASH_OPERATE":-3138186616.77,"NETCASH_INVEST":-282996800.88,"NETCASH_FINANCE":1939655468.86,"END_CASH":18344448005.36,"DIVI_RATIO":0.455094462344,"DIVIDEND_RATE":7.066480446927,"CURRENT_RATIO":1.640087548927,"COMMON_ACS":null,"CURRENTDEBT_DEBT":85.320868427038,"ISSUED_COMMON_SHARES":1625790949,"HK_COMMON_SHARES":219900000,"PER_SHARES":2000,"TOTAL_MARKET_CAP":29101657987.1,"HKSK_MARKET_CAP":3936210000,"PE_TTM":7.565121260744,"PB_TTM":0.724511670119,"REPORT_DATE_SQ":"2023-03-31 00:00:00","REPORT_TYPE_SQ":"2023年一季报","OPERATE_INCOME_SQ":21628521022.04,"DPS_HKD":1.2649,"OPERATE_INCOME_QOQ_SQ":1.53982293393,"NET_PROFIT_RATIO_SQ":9.1039739764,"HOLDER_PROFIT_SQ":1908600460.68,"HOLDER_PROFIT_QOQ_SQ":2.595720105607,"ROE_AVG_SQ":5.780750030283,"PE_TTM_SQ":6.976666202612,"PB_TTM_SQ":0.873773571158,"ROA_SQ":2.57356276973,"START_DATE":"2024-01-01 00:00:00","FISCAL_YEAR":"12-31","CURRENCY":"HKD","IS_CNY_CODE":0,"DPS_HKD_LY":1.2649,"ORG_TYPE":"一般企业","PREMIUM_INCOME":null,"PREMIUM_INCOME_YOY":null,"NET_INTEREST_INCOME":null,"NET_INTEREST_INCOME_YOY":null,"FEE_COMMISSION_INCOME":null,"FEE_COMMISSION_INCOME_YOY":null,"ACCOUNTS_RECE_TDAYS":1.088310730603,"INVENTORY_TDAYS":1.673289331905,"CURRENT_ASSETS_TDAYS":0.409960490031,"TOTAL_ASSETS_TDAYS":0.29176881177,"PREMIUM_EXPENSE":null,"LOAN_DEPOSIT":null,"LOAN_EQUITY":null,"LOAN_ASSETS":null,"DEPOSIT_EQUITY":null,"DEPOSIT_ASSETS":null,"EQUITY_MULTIPLIER":2.032985657059,"EQUITY_RATIO":1.084389579761},{"SECUCODE":"00874.HK","SECURITY_CODE":"00874","SECURITY_NAME_ABBR":"白云山","ORG_CODE":"10002522","STD_REPORT_DATE":"2023-12-31 00:00:00","REPORT_DATE":"2023-12-31 00:00:00","DATE_TYPE_CODE":"001","REPORT_TYPE":"2023年年报","PER_NETCASH_OPERATE":2.524079125834,"PER_OI":46.448409644074,"BPS":21.478333956889,"BASIC_EPS":2.495,"DILUTED_EPS":2.495,"OPERATE_INCOME":75515403994.78,"OPERATE_INCOME_YOY":6.678022505,"GROSS_PROFIT":14187294379.9,"GROSS_PROFIT_YOY":6.854538827694,"HOLDER_PROFIT":4055678691.49,"HOLDER_PROFIT_YOY":2.2477240272,"GROSS_PROFIT_RATIO":18.787285281399,"EPS_TTM":2.494588061266,"OPERATE_INCOME_QOQ":1.818353860235,"NET_PROFIT_RATIO":5.6403432081,"ROE_AVG":12.109322007236,"GROSS_PROFIT_QOQ":0.549142672272,"ROA":5.29281708493,"HOLDER_PROFIT_QOQ":-5.316491255844,"ROE_YEARLY":12.109322007236,"ROIC_YEARLY":7.644110854928,"TOTAL_ASSETS":78586877764.09,"TOTAL_LIABILITIES":41909053857.29,"TAX_EBT":16.655325261192,"OCF_SALES":5.434156185702,"TOTAL_PARENT_EQUITY":34919280946.71,"DEBT_ASSET_RATIO":53.3283100814,"OPERATE_PROFIT":5090937247.73,"PRETAX_PROFIT":5110498029.62,"NETCASH_OPERATE":4103624997.34,"NETCASH_INVEST":-3114859281.33,"NETCASH_FINANCE":-1978000764.47,"END_CASH":19823543794.72,"DIVI_RATIO":0.460650921827,"DIVIDEND_RATE":7.066480446927,"CURRENT_RATIO":1.545005240778,"COMMON_ACS":null,"CURRENTDEBT_DEBT":86.461724056906,"ISSUED_COMMON_SHARES":1625790949,"HK_COMMON_SHARES":219900000,"PER_SHARES":2000,"TOTAL_MARKET_CAP":29101657987.1,"HKSK_MARKET_CAP":3936210000,"PE_TTM":7.565121260744,"PB_TTM":0.724511670119,"REPORT_DATE_SQ":"2022-12-31 00:00:00","REPORT_TYPE_SQ":"2022年年报","OPERATE_INCOME_SQ":70788155068.45,"DPS_HKD":1.2649,"OPERATE_INCOME_QOQ_SQ":0.72243426185,"NET_PROFIT_RATIO_SQ":6.0085904624,"HOLDER_PROFIT_SQ":3966522218.54,"HOLDER_PROFIT_QOQ_SQ":2.164077988456,"ROE_AVG_SQ":12.97790551733,"PE_TTM_SQ":6.976666202612,"PB_TTM_SQ":0.873773571158,"ROA_SQ":5.634941326626,"START_DATE":"2023-01-01 00:00:00","FISCAL_YEAR":"12-31","CURRENCY":"HKD","IS_CNY_CODE":0,"DPS_HKD_LY":0.8126,"ORG_TYPE":"一般企业","PREMIUM_INCOME":null,"PREMIUM_INCOME_YOY":null,"NET_INTEREST_INCOME":null,"NET_INTEREST_INCOME_YOY":null,"FEE_COMMISSION_INCOME":null,"FEE_COMMISSION_INCOME_YOY":null,"ACCOUNTS_RECE_TDAYS":3.896020144481,"INVENTORY_TDAYS":5.530367994323,"CURRENT_ASSETS_TDAYS":1.335988025187,"TOTAL_ASSETS_TDAYS":0.985505141908,"PREMIUM_EXPENSE":null,"LOAN_DEPOSIT":null,"LOAN_EQUITY":null,"LOAN_ASSETS":null,"DEPOSIT_EQUITY":null,"DEPOSIT_ASSETS":null,"EQUITY_MULTIPLIER":2.142626508155,"EQUITY_RATIO":1.200169439951},{"SECUCODE":"00874.HK","SECURITY_CODE":"00874","SECURITY_NAME_ABBR":"白云山","ORG_CODE":"10002522","STD_REPORT_DATE":"2023-09-30 00:00:00","REPORT_DATE":"2023-09-30 00:00:00","DATE_TYPE_CODE":"004","REPORT_TYPE":"2023年三季报","PER_NETCASH_OPERATE":0.55457709867,"PER_OI":35.788457028752,"BPS":21.318897269135,"BASIC_EPS":2.332,"DILUTED_EPS":2.332,"OPERATE_INCOME":58184549516.02,"OPERATE_INCOME_YOY":6.1647255289,"GROSS_PROFIT":11670434247.64,"GROSS_PROFIT_YOY":7.682426783988,"HOLDER_PROFIT":3791250189.92,"HOLDER_PROFIT_YOY":9.1206073188,"GROSS_PROFIT_RATIO":20.057617262168,"EPS_TTM":2.634659503385,"OPERATE_INCOME_QOQ":0.85500545478,"NET_PROFIT_RATIO":6.7521794734,"ROE_AVG":11.363774029514,"GROSS_PROFIT_QOQ":1.531605353419,"ROA":5.088290238148,"HOLDER_PROFIT_QOQ":2.283584373993,"ROE_YEARLY":15.151698706019,"ROIC_YEARLY":7.336258824274,"TOTAL_ASSETS":74353330761.96,"TOTAL_LIABILITIES":37977384691.7,"TAX_EBT":17.332338318903,"OCF_SALES":1.549597676771,"TOTAL_PARENT_EQUITY":34660070222.82,"DEBT_ASSET_RATIO":51.0769111518,"OPERATE_PROFIT":4708588883.39,"PRETAX_PROFIT":4752432969.83,"NETCASH_OPERATE":901626427.54,"NETCASH_INVEST":-2209174427.17,"NETCASH_FINANCE":-916775454.39,"END_CASH":18587127376.32,"DIVI_RATIO":0.436160455848,"DIVIDEND_RATE":7.066480446927,"CURRENT_RATIO":1.619059219225,"COMMON_ACS":null,"CURRENTDEBT_DEBT":86.074184710339,"ISSUED_COMMON_SHARES":1625790949,"HK_COMMON_SHARES":219900000,"PER_SHARES":2000,"TOTAL_MARKET_CAP":29101657987.1,"HKSK_MARKET_CAP":3936210000,"PE_TTM":7.565121260744,"PB_TTM":0.724511670119,"REPORT_DATE_SQ":"2022-09-30 00:00:00","REPORT_TYPE_SQ":"2022年三季报","OPERATE_INCOME_SQ":54805915266.27,"DPS_HKD":1.2649,"OPERATE_INCOME_QOQ_SQ":0.248908275544,"NET_PROFIT_RATIO_SQ":6.7232388663,"HOLDER_PROFIT_SQ":3474366834.16,"HOLDER_PROFIT_QOQ_SQ":1.970035371085,"ROE_AVG_SQ":11.487218738059,"PE_TTM_SQ":6.976666202612,"PB_TTM_SQ":0.873773571158,"ROA_SQ":5.121775837414,"START_DATE":"2023-01-01 00:00:00","FISCAL_YEAR":"12-31","CURRENCY":"HKD","IS_CNY_CODE":0,"DPS_HKD_LY":0.8126,"ORG_TYPE":"一般企业","PREMIUM_INCOME":null,"PREMIUM_INCOME_YOY":null,"NET_INTEREST_INCOME":null,"NET_INTEREST_INCOME_YOY":null,"FEE_COMMISSION_INCOME":null,"FEE_COMMISSION_INCOME_YOY":null,"ACCOUNTS_RECE_TDAYS":2.964329231736,"INVENTORY_TDAYS":4.576143279088,"CURRENT_ASSETS_TDAYS":1.0580038934,"TOTAL_ASSETS_TDAYS":0.780903027979,"PREMIUM_EXPENSE":null,"LOAN_DEPOSIT":null,"LOAN_EQUITY":null,"LOAN_ASSETS":null,"DEPOSIT_EQUITY":null,"DEPOSIT_ASSETS":null,"EQUITY_MULTIPLIER":2.044024658997,"EQUITY_RATIO":1.095709975414},{"SECUCODE":"00874.HK","SECURITY_CODE":"00874","SECURITY_NAME_ABBR":"白云山","ORG_CODE":"10002522","STD_REPORT_DATE":"2023-06-30 00:00:00","REPORT_DATE":"2023-06-30 00:00:00","DATE_TYPE_CODE":"002","REPORT_TYPE":"2023年中报","PER_NETCASH_OPERATE":-0.455599947494,"PER_OI":24.585159987829,"BPS":20.719701402508,"BASIC_EPS":1.729,"DILUTED_EPS":1.729,"OPERATE_INCOME":39970330587.93,"OPERATE_INCOME_YOY":7.3880890683,"GROSS_PROFIT":8324833175.69,"GROSS_PROFIT_YOY":8.043551370862,"HOLDER_PROFIT":2811248056.83,"HOLDER_PROFIT_YOY":8.5425611899,"GROSS_PROFIT_RATIO":20.827531454553,"EPS_TTM":2.57583806777,"OPERATE_INCOME_QOQ":2.309279512836,"NET_PROFIT_RATIO":7.3097795465,"ROE_AVG":8.551191218974,"GROSS_PROFIT_QOQ":3.132464494973,"ROA":3.792000987699,"HOLDER_PROFIT_QOQ":2.906811786935,"ROE_YEARLY":17.102382437949,"ROIC_YEARLY":11.065166920069,"TOTAL_ASSETS":73607239439.86,"TOTAL_LIABILITIES":38232202660.6,"TAX_EBT":17.294136990663,"OCF_SALES":-1.853150224441,"TOTAL_PARENT_EQUITY":33685903006.18,"DEBT_ASSET_RATIO":51.9408185276,"OPERATE_PROFIT":3493009928.59,"PRETAX_PROFIT":3532691569.46,"NETCASH_OPERATE":-740710271,"NETCASH_INVEST":-955178414.52,"NETCASH_FINANCE":674988120.85,"END_CASH":19787561470.01,"DIVI_RATIO":0.446120547863,"DIVIDEND_RATE":7.066480446927,"CURRENT_RATIO":1.628482554954,"COMMON_ACS":null,"CURRENTDEBT_DEBT":86.443540460223,"ISSUED_COMMON_SHARES":1625790949,"HK_COMMON_SHARES":219900000,"PER_SHARES":2000,"TOTAL_MARKET_CAP":29101657987.1,"HKSK_MARKET_CAP":3936210000,"PE_TTM":7.565121260744,"PB_TTM":0.724511670119,"REPORT_DATE_SQ":"2022-06-30 00:00:00","REPORT_TYPE_SQ":"2022年中报","OPERATE_INCOME_SQ":37220450549.68,"DPS_HKD":1.2649,"OPERATE_INCOME_QOQ_SQ":0.862239121384,"NET_PROFIT_RATIO_SQ":7.385541458,"HOLDER_PROFIT_SQ":2589996058.7,"HOLDER_PROFIT_QOQ_SQ":-2.324340180622,"ROE_AVG_SQ":8.690844446863,"PE_TTM_SQ":6.976666202612,"PB_TTM_SQ":0.873773571158,"ROA_SQ":3.897122992995,"START_DATE":"2023-01-01 00:00:00","FISCAL_YEAR":"12-31","CURRENCY":"HKD","IS_CNY_CODE":0,"DPS_HKD_LY":0.8126,"ORG_TYPE":"一般企业","PREMIUM_INCOME":null,"PREMIUM_INCOME_YOY":null,"NET_INTEREST_INCOME":null,"NET_INTEREST_INCOME_YOY":null,"FEE_COMMISSION_INCOME":null,"FEE_COMMISSION_INCOME_YOY":null,"ACCOUNTS_RECE_TDAYS":2.021835106596,"INVENTORY_TDAYS":3.191013823742,"CURRENT_ASSETS_TDAYS":0.720936492153,"TOTAL_ASSETS_TDAYS":0.539146777531,"PREMIUM_EXPENSE":null,"LOAN_DEPOSIT":null,"LOAN_EQUITY":null,"LOAN_ASSETS":null,"DEPOSIT_EQUITY":null,"DEPOSIT_ASSETS":null,"EQUITY_MULTIPLIER":2.080767856136,"EQUITY_RATIO":1.134961489784},{"SECUCODE":"00874.HK","SECURITY_CODE":"00874","SECURITY_NAME_ABBR":"白云山","ORG_CODE":"10002522","STD_REPORT_DATE":"2023-03-31 00:00:00","REPORT_DATE":"2023-03-31 00:00:00","DATE_TYPE_CODE":"003","REPORT_TYPE":"2023年一季报","PER_NETCASH_OPERATE":-1.746154524403,"PER_OI":13.303383830094,"BPS":20.893119772824,"BASIC_EPS":1.174,"DILUTED_EPS":1.174,"OPERATE_INCOME":21628521022.04,"OPERATE_INCOME_YOY":5.3071635246,"GROSS_PROFIT":5035154820.13,"GROSS_PROFIT_YOY":4.086126401144,"HOLDER_PROFIT":1908600460.68,"HOLDER_PROFIT_YOY":5.7021210145,"GROSS_PROFIT_RATIO":23.280162406847,"EPS_TTM":2.503078292915,"OPERATE_INCOME_QOQ":1.53982293393,"NET_PROFIT_RATIO":9.1039739764,"ROE_AVG":5.780750030283,"GROSS_PROFIT_QOQ":1.488761651402,"ROA":2.57356276973,"HOLDER_PROFIT_QOQ":2.595720105607,"ROE_YEARLY":23.123000121132,"ROIC_YEARLY":14.914978318144,"TOTAL_ASSETS":73658300175.56,"TOTAL_LIABILITIES":38057349122.22,"TAX_EBT":16.387851957695,"OCF_SALES":-13.125641917157,"TOTAL_PARENT_EQUITY":33967845023.03,"DEBT_ASSET_RATIO":51.6674278819,"OPERATE_PROFIT":2319735144.26,"PRETAX_PROFIT":2354986651.37,"NETCASH_OPERATE":-2838882221.33,"NETCASH_INVEST":-638055604.71,"NETCASH_FINANCE":1571436553.79,"END_CASH":18900995214.13,"DIVI_RATIO":0.459088432532,"DIVIDEND_RATE":7.066480446927,"CURRENT_RATIO":1.68558524939,"COMMON_ACS":null,"CURRENTDEBT_DEBT":86.419500465122,"ISSUED_COMMON_SHARES":1625790949,"HK_COMMON_SHARES":219900000,"PER_SHARES":2000,"TOTAL_MARKET_CAP":29101657987.1,"HKSK_MARKET_CAP":3936210000,"PE_TTM":7.565121260744,"PB_TTM":0.724511670119,"REPORT_DATE_SQ":"2022-03-31 00:00:00","REPORT_TYPE_SQ":"2022年一季报","OPERATE_INCOME_SQ":20538508775.79,"DPS_HKD":1.2649,"OPERATE_INCOME_QOQ_SQ":0.71371000189,"NET_PROFIT_RATIO_SQ":9.2097529607,"HOLDER_PROFIT_SQ":1805640645.96,"HOLDER_PROFIT_QOQ_SQ":4.791025018273,"ROE_AVG_SQ":6.025944341271,"PE_TTM_SQ":6.976666202612,"PB_TTM_SQ":0.873773571158,"ROA_SQ":2.711989709614,"START_DATE":"2023-01-01 00:00:00","FISCAL_YEAR":"12-31","CURRENCY":"HKD","IS_CNY_CODE":0,"DPS_HKD_LY":0.8126,"ORG_TYPE":"一般企业","PREMIUM_INCOME":null,"PREMIUM_INCOME_YOY":null,"NET_INTEREST_INCOME":null,"NET_INTEREST_INCOME_YOY":null,"FEE_COMMISSION_INCOME":null,"FEE_COMMISSION_INCOME_YOY":null,"ACCOUNTS_RECE_TDAYS":1.054327145482,"INVENTORY_TDAYS":1.691761152272,"CURRENT_ASSETS_TDAYS":0.384501996063,"TOTAL_ASSETS_TDAYS":0.291639647026,"PREMIUM_EXPENSE":null,"LOAN_DEPOSIT":null,"LOAN_EQUITY":null,"LOAN_ASSETS":null,"DEPOSIT_EQUITY":null,"DEPOSIT_ASSETS":null,"EQUITY_MULTIPLIER":2.068998102473,"EQUITY_RATIO":1.120393392528},{"SECUCODE":"00874.HK","SECURITY_CODE":"00874","SECURITY_NAME_ABBR":"白云山","ORG_CODE":"10002522","STD_REPORT_DATE":"2022-12-31 00:00:00","REPORT_DATE":"2022-12-31 00:00:00","DATE_TYPE_CODE":"001","REPORT_TYPE":"2022年年报","PER_NETCASH_OPERATE":4.30502838452,"PER_OI":43.540748650367,"BPS":19.722784648686,"BASIC_EPS":2.44,"DILUTED_EPS":2.44,"OPERATE_INCOME":70788155068.45,"OPERATE_INCOME_YOY":2.5706398351,"GROSS_PROFIT":13277203322.9,"GROSS_PROFIT_YOY":0.331877210249,"HOLDER_PROFIT":3966522218.54,"HOLDER_PROFIT_YOY":6.630447538,"GROSS_PROFIT_RATIO":18.75624998287,"EPS_TTM":2.439749231585,"OPERATE_INCOME_QOQ":0.72243426185,"NET_PROFIT_RATIO":6.0085904624,"ROE_AVG":12.97790551733,"GROSS_PROFIT_QOQ":0.304055493184,"ROA":5.634941326626,"HOLDER_PROFIT_QOQ":2.164077988456,"ROE_YEARLY":12.97790551733,"ROIC_YEARLY":8.616375533738,"TOTAL_ASSETS":74665298776.74,"TOTAL_LIABILITIES":41027440697.52,"TAX_EBT":15.662016870538,"OCF_SALES":9.887354990354,"TOTAL_PARENT_EQUITY":32065124770.91,"DEBT_ASSET_RATIO":54.9484718734,"OPERATE_PROFIT":4880788547.1,"PRETAX_PROFIT":5043244071.24,"NETCASH_OPERATE":6999076182.74,"NETCASH_INVEST":-7253187800.71,"NETCASH_FINANCE":45949844.48,"END_CASH":20804699012.64,"DIVI_RATIO":0.471005083278,"DIVIDEND_RATE":7.066480446927,"CURRENT_RATIO":1.52598300527,"COMMON_ACS":null,"CURRENTDEBT_DEBT":91.146596949515,"ISSUED_COMMON_SHARES":1625790949,"HK_COMMON_SHARES":219900000,"PER_SHARES":2000,"TOTAL_MARKET_CAP":29101657987.1,"HKSK_MARKET_CAP":3936210000,"PE_TTM":7.565121260744,"PB_TTM":0.724511670119,"REPORT_DATE_SQ":"2021-12-31 00:00:00","REPORT_TYPE_SQ":"2021年年报","OPERATE_INCOME_SQ":69014052347.03,"DPS_HKD":1.2649,"OPERATE_INCOME_QOQ_SQ":1.003121713751,"NET_PROFIT_RATIO_SQ":5.750981987,"HOLDER_PROFIT_SQ":3719877680.46,"HOLDER_PROFIT_QOQ_SQ":4.259002295652,"ROE_AVG_SQ":13.476102061012,"PE_TTM_SQ":6.976666202612,"PB_TTM_SQ":0.873773571158,"ROA_SQ":5.910297327692,"START_DATE":"2022-01-01 00:00:00","FISCAL_YEAR":"12-31","CURRENCY":"HKD","IS_CNY_CODE":0,"DPS_HKD_LY":0.805,"ORG_TYPE":"一般企业","PREMIUM_INCOME":null,"PREMIUM_INCOME_YOY":null,"NET_INTEREST_INCOME":null,"NET_INTEREST_INCOME_YOY":null,"FEE_COMMISSION_INCOME":null,"FEE_COMMISSION_INCOME_YOY":null,"ACCOUNTS_RECE_TDAYS":3.89178877668,"INVENTORY_TDAYS":5.448871779786,"CURRENT_ASSETS_TDAYS":1.288522931159,"TOTAL_ASSETS_TDAYS":1.00563435285,"PREMIUM_EXPENSE":null,"LOAN_DEPOSIT":null,"LOAN_EQUITY":null,"LOAN_ASSETS":null,"DEPOSIT_EQUITY":null,"DEPOSIT_ASSETS":null,"EQUITY_MULTIPLIER":2.219680533788,"EQUITY_RATIO":1.279503541329},{"SECUCODE":"00874.HK","SECURITY_CODE":"00874","SECURITY_NAME_ABBR":"白云山","ORG_CODE":"10002522","STD_REPORT_DATE":"2022-09-30 00:00:00","REPORT_DATE":"2022-09-30 00:00:00","DATE_TYPE_CODE":"004","REPORT_TYPE":"2022年三季报","PER_NETCASH_OPERATE":2.029455263052,"PER_OI":33.710309003738,"BPS":19.33140121162,"BASIC_EPS":2.137,"DILUTED_EPS":2.137,"OPERATE_INCOME":54805915266.27,"OPERATE_INCOME_YOY":2.3653038358,"GROSS_PROFIT":10837826185.93,"GROSS_PROFIT_YOY":0.033879581381,"HOLDER_PROFIT":3474366834.16,"HOLDER_PROFIT_YOY":4.9105316031,"GROSS_PROFIT_RATIO":19.774920523223,"EPS_TTM":2.388069544229,"OPERATE_INCOME_QOQ":0.248908275544,"NET_PROFIT_RATIO":6.7232388663,"ROE_AVG":11.487218738059,"GROSS_PROFIT_QOQ":-1.272405543897,"ROA":5.121775837414,"HOLDER_PROFIT_QOQ":1.970035371085,"ROE_YEARLY":15.316291650745,"ROIC_YEARLY":7.995706439482,"TOTAL_ASSETS":69552608334.32,"TOTAL_LIABILITIES":35673611929.67,"TAX_EBT":17.326192580414,"OCF_SALES":6.020280807354,"TOTAL_PARENT_EQUITY":31428817121.34,"DEBT_ASSET_RATIO":51.2901137484,"OPERATE_PROFIT":4294009478.73,"PRETAX_PROFIT":4456952826.11,"NETCASH_OPERATE":3299469998.07,"NETCASH_INVEST":-5873833327.38,"NETCASH_FINANCE":1291273948.29,"END_CASH":19729398356.5,"DIVI_RATIO":0.48119800061,"DIVIDEND_RATE":7.066480446927,"CURRENT_RATIO":1.652496281097,"COMMON_ACS":null,"CURRENTDEBT_DEBT":89.665777454276,"ISSUED_COMMON_SHARES":1625790949,"HK_COMMON_SHARES":219900000,"PER_SHARES":2000,"TOTAL_MARKET_CAP":29101657987.1,"HKSK_MARKET_CAP":3936210000,"PE_TTM":7.565121260744,"PB_TTM":0.724511670119,"REPORT_DATE_SQ":"2021-09-30 00:00:00","REPORT_TYPE_SQ":"2021年三季报","OPERATE_INCOME_SQ":53539542415.85,"DPS_HKD":1.2649,"OPERATE_INCOME_QOQ_SQ":1.479229135069,"NET_PROFIT_RATIO_SQ":6.5543618781,"HOLDER_PROFIT_SQ":3311742664.03,"HOLDER_PROFIT_QOQ_SQ":-2.338566858526,"ROE_AVG_SQ":12.103163802526,"PE_TTM_SQ":6.976666202612,"PB_TTM_SQ":0.873773571158,"ROA_SQ":5.32654867301,"START_DATE":"2022-01-01 00:00:00","FISCAL_YEAR":"12-31","CURRENCY":"HKD","IS_CNY_CODE":0,"DPS_HKD_LY":0.805,"ORG_TYPE":"一般企业","PREMIUM_INCOME":null,"PREMIUM_INCOME_YOY":null,"NET_INTEREST_INCOME":null,"NET_INTEREST_INCOME_YOY":null,"FEE_COMMISSION_INCOME":null,"FEE_COMMISSION_INCOME_YOY":null,"ACCOUNTS_RECE_TDAYS":3.030402377649,"INVENTORY_TDAYS":4.658248641993,"CURRENT_ASSETS_TDAYS":1.037312946182,"TOTAL_ASSETS_TDAYS":0.807927389239,"PREMIUM_EXPENSE":null,"LOAN_DEPOSIT":null,"LOAN_EQUITY":null,"LOAN_ASSETS":null,"DEPOSIT_EQUITY":null,"DEPOSIT_ASSETS":null,"EQUITY_MULTIPLIER":2.052971330778,"EQUITY_RATIO":1.135060597156}],"count":79},"success":true,"message":"ok","code":0}