{"version":"19be220f871efc92b4555db9bce6ea69","result":{"pages":5,"data":[{"SECUCODE":"00875.HK","SECURITY_CODE":"00875","SECURITY_NAME_ABBR":"从玉智农","ORG_CODE":"10009137","STD_REPORT_DATE":"2024-06-30 00:00:00","REPORT_DATE":"2024-06-30 00:00:00","DATE_TYPE_CODE":"002","REPORT_TYPE":"2024年中报","PER_NETCASH_OPERATE":0.005166743827,"PER_OI":0.721320273877,"BPS":1.196273260353,"BASIC_EPS":0.02236066,"DILUTED_EPS":0.022086856,"OPERATE_INCOME":273565790.52,"OPERATE_INCOME_YOY":-72.226201452,"GROSS_PROFIT":4598994.52,"GROSS_PROFIT_YOY":-75.776167084276,"HOLDER_PROFIT":8470583.08,"HOLDER_PROFIT_YOY":-69.3595245956,"GROSS_PROFIT_RATIO":1.681129249113,"EPS_TTM":0.061703986994,"OPERATE_INCOME_QOQ":-55.308235592701,"NET_PROFIT_RATIO":1.6504358792,"ROE_AVG":1.861863789648,"GROSS_PROFIT_QOQ":-34.816310863278,"ROA":0.744488630325,"HOLDER_PROFIT_QOQ":-45.397017030793,"ROE_YEARLY":3.723727579296,"ROIC_YEARLY":1.50146652236,"TOTAL_ASSETS":1065070179.6,"TOTAL_LIABILITIES":610224236.76,"TAX_EBT":1.414906337186,"OCF_SALES":0.716289838826,"TOTAL_PARENT_EQUITY":453695053.36,"DEBT_ASSET_RATIO":57.2942749171,"OPERATE_PROFIT":12262768.48,"PRETAX_PROFIT":4579828.24,"NETCASH_OPERATE":1959523.96,"NETCASH_INVEST":-3065692.12,"NETCASH_FINANCE":4841767.4,"END_CASH":10534152.56,"DIVI_RATIO":null,"DIVIDEND_RATE":null,"CURRENT_RATIO":1.792829399752,"COMMON_ACS":150000000000,"CURRENTDEBT_DEBT":92.57216870299,"ISSUED_COMMON_SHARES":379257038,"HK_COMMON_SHARES":379257038,"PER_SHARES":2000,"TOTAL_MARKET_CAP":204798800.52,"HKSK_MARKET_CAP":204798800.52,"PE_TTM":7.791766874144,"PB_TTM":0.411985468817,"REPORT_DATE_SQ":"2023-06-30 00:00:00","REPORT_TYPE_SQ":"2023年中报","OPERATE_INCOME_SQ":995014645.7,"DPS_HKD":null,"OPERATE_INCOME_QOQ_SQ":79.915209651511,"NET_PROFIT_RATIO_SQ":2.7930486511,"HOLDER_PROFIT_SQ":27926774.2,"HOLDER_PROFIT_QOQ_SQ":44.74734651004,"ROE_AVG_SQ":6.255983097073,"PE_TTM_SQ":17.306896569177,"PB_TTM_SQ":2.046192006671,"ROA_SQ":2.53867093997,"START_DATE":"2024-01-01 00:00:00","FISCAL_YEAR":"12-31","CURRENCY":"HKD","IS_CNY_CODE":0,"DPS_HKD_LY":null,"ORG_TYPE":"一般企业","PREMIUM_INCOME":null,"PREMIUM_INCOME_YOY":null,"NET_INTEREST_INCOME":null,"NET_INTEREST_INCOME_YOY":null,"FEE_COMMISSION_INCOME":null,"FEE_COMMISSION_INCOME_YOY":null,"ACCOUNTS_RECE_TDAYS":0.284661072321,"INVENTORY_TDAYS":2.29167314691,"CURRENT_ASSETS_TDAYS":0.251367160474,"TOTAL_ASSETS_TDAYS":0.240439906869,"PREMIUM_EXPENSE":null,"LOAN_DEPOSIT":null,"LOAN_EQUITY":null,"LOAN_ASSETS":null,"DEPOSIT_EQUITY":null,"DEPOSIT_ASSETS":null,"EQUITY_MULTIPLIER":2.341606419418,"EQUITY_RATIO":1.345009676083},{"SECUCODE":"00875.HK","SECURITY_CODE":"00875","SECURITY_NAME_ABBR":"从玉智农","ORG_CODE":"10009137","STD_REPORT_DATE":"2023-12-31 00:00:00","REPORT_DATE":"2023-12-31 00:00:00","DATE_TYPE_CODE":"001","REPORT_TYPE":"2023年年报","PER_NETCASH_OPERATE":-0.403508323028,"PER_OI":3.439395317009,"BPS":1.194386547732,"BASIC_EPS":0.113005634,"DILUTED_EPS":0.110830706,"OPERATE_INCOME":1304414880.44,"OPERATE_INCOME_YOY":44.0329572245,"GROSS_PROFIT":41320913.34,"GROSS_PROFIT_YOY":-3.156987760675,"HOLDER_PROFIT":42857862.46,"HOLDER_PROFIT_YOY":15.2447791018,"GROSS_PROFIT_RATIO":3.167773839414,"EPS_TTM":0.113004791384,"OPERATE_INCOME_QOQ":-18.783383579991,"NET_PROFIT_RATIO":3.5709273712,"ROE_AVG":9.662567129537,"GROSS_PROFIT_QOQ":-18.62695186289,"ROA":3.844912460417,"HOLDER_PROFIT_QOQ":-19.2278686638,"ROE_YEARLY":9.662567129537,"ROIC_YEARLY":3.865864878242,"TOTAL_ASSETS":1201905992.7,"TOTAL_LIABILITIES":748670934.34,"TAX_EBT":7.477409367462,"OCF_SALES":-11.731955353682,"TOTAL_PARENT_EQUITY":452979504.32,"DEBT_ASSET_RATIO":62.2903071361,"OPERATE_PROFIT":67652947.88,"PRETAX_PROFIT":50344145.88,"NETCASH_OPERATE":-153033371.4,"NETCASH_INVEST":48029660,"NETCASH_FINANCE":103735909.62,"END_CASH":6936207.88,"DIVI_RATIO":null,"DIVIDEND_RATE":null,"CURRENT_RATIO":1.616076758035,"COMMON_ACS":150000000000,"CURRENTDEBT_DEBT":95.51290508832,"ISSUED_COMMON_SHARES":379257038,"HK_COMMON_SHARES":379257038,"PER_SHARES":2000,"TOTAL_MARKET_CAP":614396401.56,"HKSK_MARKET_CAP":614396401.56,"PE_TTM":23.375300622432,"PB_TTM":1.235956406452,"REPORT_DATE_SQ":"2022-12-31 00:00:00","REPORT_TYPE_SQ":"2022年年报","OPERATE_INCOME_SQ":892694734.12,"DPS_HKD":null,"OPERATE_INCOME_QOQ_SQ":70.693022591805,"NET_PROFIT_RATIO_SQ":4.0094821065,"HOLDER_PROFIT_SQ":36657120.99,"HOLDER_PROFIT_QOQ_SQ":16.455282896446,"ROE_AVG_SQ":8.940668965179,"PE_TTM_SQ":17.765791553965,"PB_TTM_SQ":2.100447097756,"ROA_SQ":3.344125391053,"START_DATE":"2023-01-01 00:00:00","FISCAL_YEAR":"12-31","CURRENCY":"HKD","IS_CNY_CODE":0,"DPS_HKD_LY":null,"ORG_TYPE":"一般企业","PREMIUM_INCOME":null,"PREMIUM_INCOME_YOY":null,"NET_INTEREST_INCOME":null,"NET_INTEREST_INCOME_YOY":null,"FEE_COMMISSION_INCOME":null,"FEE_COMMISSION_INCOME_YOY":null,"ACCOUNTS_RECE_TDAYS":1.427941342783,"INVENTORY_TDAYS":18.777854121197,"CURRENT_ASSETS_TDAYS":1.280499103945,"TOTAL_ASSETS_TDAYS":1.170231257342,"PREMIUM_EXPENSE":null,"LOAN_DEPOSIT":null,"LOAN_EQUITY":null,"LOAN_ASSETS":null,"DEPOSIT_EQUITY":null,"DEPOSIT_ASSETS":null,"EQUITY_MULTIPLIER":2.651838092687,"EQUITY_RATIO":1.652769997759},{"SECUCODE":"00875.HK","SECURITY_CODE":"00875","SECURITY_NAME_ABBR":"从玉智农","ORG_CODE":"10009137","STD_REPORT_DATE":"2023-06-30 00:00:00","REPORT_DATE":"2023-06-30 00:00:00","DATE_TYPE_CODE":"002","REPORT_TYPE":"2023年中报","PER_NETCASH_OPERATE":-0.355463187476,"PER_OI":2.623589138773,"BPS":1.18953998064,"BASIC_EPS":0.073666202,"DILUTED_EPS":0.07191444,"OPERATE_INCOME":995014645.7,"OPERATE_INCOME_YOY":227.7280429515,"GROSS_PROFIT":18985412.16,"GROSS_PROFIT_YOY":74.598718342639,"HOLDER_PROFIT":27926774.2,"HOLDER_PROFIT_YOY":124.7866419295,"GROSS_PROFIT_RATIO":1.908053538915,"EPS_TTM":0.139905669832,"OPERATE_INCOME_QOQ":79.915209651511,"NET_PROFIT_RATIO":2.7930486511,"ROE_AVG":6.255983097073,"GROSS_PROFIT_QOQ":19.011164576444,"ROA":2.53867093997,"HOLDER_PROFIT_QOQ":44.74734651004,"ROE_YEARLY":12.511966194146,"ROIC_YEARLY":5.112436901532,"TOTAL_ASSETS":1154819595.14,"TOTAL_LIABILITIES":707412204.5,"TAX_EBT":0.593608811793,"OCF_SALES":-13.548736813332,"TOTAL_PARENT_EQUITY":451141409.64,"DEBT_ASSET_RATIO":61.2573779902,"OPERATE_PROFIT":35942468.32,"PRETAX_PROFIT":27957199.54,"NETCASH_OPERATE":-170133891.38,"NETCASH_INVEST":34608363.26,"NETCASH_FINANCE":141404072.6,"END_CASH":13861047.32,"DIVI_RATIO":null,"DIVIDEND_RATE":null,"CURRENT_RATIO":1.536797272241,"COMMON_ACS":150000000000,"CURRENTDEBT_DEBT":98.196735199244,"ISSUED_COMMON_SHARES":379257038,"HK_COMMON_SHARES":379257038,"PER_SHARES":2000,"TOTAL_MARKET_CAP":614396401.56,"HKSK_MARKET_CAP":614396401.56,"PE_TTM":23.375300622432,"PB_TTM":1.235956406452,"REPORT_DATE_SQ":"2022-06-30 00:00:00","REPORT_TYPE_SQ":"2022年中报","OPERATE_INCOME_SQ":281615777.38,"DPS_HKD":null,"OPERATE_INCOME_QOQ_SQ":13.761276748404,"NET_PROFIT_RATIO_SQ":3.7984217562,"HOLDER_PROFIT_SQ":11523685.25,"HOLDER_PROFIT_QOQ_SQ":7.809309312621,"ROE_AVG_SQ":3.110920774833,"PE_TTM_SQ":17.765791553965,"PB_TTM_SQ":2.100447097756,"ROA_SQ":1.021198876113,"START_DATE":"2023-01-01 00:00:00","FISCAL_YEAR":"12-31","CURRENCY":"HKD","IS_CNY_CODE":0,"DPS_HKD_LY":null,"ORG_TYPE":"一般企业","PREMIUM_INCOME":null,"PREMIUM_INCOME_YOY":null,"NET_INTEREST_INCOME":null,"NET_INTEREST_INCOME_YOY":null,"FEE_COMMISSION_INCOME":null,"FEE_COMMISSION_INCOME_YOY":null,"ACCOUNTS_RECE_TDAYS":1.155378720644,"INVENTORY_TDAYS":14.310550861778,"CURRENT_ASSETS_TDAYS":1.012937011906,"TOTAL_ASSETS_TDAYS":0.904513621156,"PREMIUM_EXPENSE":null,"LOAN_DEPOSIT":null,"LOAN_EQUITY":null,"LOAN_ASSETS":null,"DEPOSIT_EQUITY":null,"DEPOSIT_ASSETS":null,"EQUITY_MULTIPLIER":2.581136609048,"EQUITY_RATIO":1.568049816275},{"SECUCODE":"00875.HK","SECURITY_CODE":"00875","SECURITY_NAME_ABBR":"从玉智农","ORG_CODE":"10009137","STD_REPORT_DATE":"2022-12-31 00:00:00","REPORT_DATE":"2022-12-31 00:00:00","DATE_TYPE_CODE":"001","REPORT_TYPE":"2022年年报","PER_NETCASH_OPERATE":-0.130430309351,"PER_OI":2.353798729293,"BPS":1.128278585696,"BASIC_EPS":0.096651814,"DILUTED_EPS":0.094061331,"OPERATE_INCOME":892694734.12,"OPERATE_INCOME_YOY":91.2185601531,"GROSS_PROFIT":42667934.82,"GROSS_PROFIT_YOY":37.710599358446,"HOLDER_PROFIT":36657120.99,"HOLDER_PROFIT_YOY":14.9141721038,"GROSS_PROFIT_RATIO":4.779678112705,"EPS_TTM":0.096655084328,"OPERATE_INCOME_QOQ":70.693022591805,"NET_PROFIT_RATIO":4.0094821065,"ROE_AVG":8.940668965179,"GROSS_PROFIT_QOQ":-34.408197744961,"ROA":3.344125391053,"HOLDER_PROFIT_QOQ":16.455282896446,"ROE_YEARLY":8.940668965179,"ROIC_YEARLY":3.554571951996,"TOTAL_ASSETS":1012740396.15,"TOTAL_LIABILITIES":588319234.51,"TAX_EBT":-12.775504073893,"OCF_SALES":-5.541268576964,"TOTAL_PARENT_EQUITY":427907594.45,"DEBT_ASSET_RATIO":58.0918107687,"OPERATE_PROFIT":-35624500.87,"PRETAX_PROFIT":-47580919.82,"NETCASH_OPERATE":-49466612.79,"NETCASH_INVEST":76043181.83,"NETCASH_FINANCE":-24805214.63,"END_CASH":8307411,"DIVI_RATIO":null,"DIVIDEND_RATE":null,"CURRENT_RATIO":1.536027936392,"COMMON_ACS":150000000000,"CURRENTDEBT_DEBT":96.177725006946,"ISSUED_COMMON_SHARES":379257038,"HK_COMMON_SHARES":379257038,"PER_SHARES":2000,"TOTAL_MARKET_CAP":614396401.56,"HKSK_MARKET_CAP":614396401.56,"PE_TTM":23.375300622432,"PB_TTM":1.235956406452,"REPORT_DATE_SQ":"2021-12-31 00:00:00","REPORT_TYPE_SQ":"2021年年报","OPERATE_INCOME_SQ":427298200,"DPS_HKD":null,"OPERATE_INCOME_QOQ_SQ":5.677943829433,"NET_PROFIT_RATIO_SQ":5.4451615657,"HOLDER_PROFIT_SQ":29197313.6,"HOLDER_PROFIT_QOQ_SQ":163.527509771628,"ROE_AVG_SQ":9.544274330737,"PE_TTM_SQ":17.765791553965,"PB_TTM_SQ":2.100447097756,"ROA_SQ":3.299978699978,"START_DATE":"2022-01-01 00:00:00","FISCAL_YEAR":"12-31","CURRENCY":"HKD","IS_CNY_CODE":0,"DPS_HKD_LY":null,"ORG_TYPE":"一般企业","PREMIUM_INCOME":null,"PREMIUM_INCOME_YOY":null,"NET_INTEREST_INCOME":null,"NET_INTEREST_INCOME_YOY":null,"FEE_COMMISSION_INCOME":null,"FEE_COMMISSION_INCOME_YOY":null,"ACCOUNTS_RECE_TDAYS":1.274109413258,"INVENTORY_TDAYS":45.521909682357,"CURRENT_ASSETS_TDAYS":0.905455715069,"TOTAL_ASSETS_TDAYS":0.814380138485,"PREMIUM_EXPENSE":null,"LOAN_DEPOSIT":null,"LOAN_EQUITY":null,"LOAN_ASSETS":null,"DEPOSIT_EQUITY":null,"DEPOSIT_ASSETS":null,"EQUITY_MULTIPLIER":2.386168475285,"EQUITY_RATIO":1.37487448725},{"SECUCODE":"00875.HK","SECURITY_CODE":"00875","SECURITY_NAME_ABBR":"从玉智农","ORG_CODE":"10009137","STD_REPORT_DATE":"2022-06-30 00:00:00","REPORT_DATE":"2022-06-30 00:00:00","DATE_TYPE_CODE":"002","REPORT_TYPE":"2022年中报","PER_NETCASH_OPERATE":-0.524182844486,"PER_OI":0.742545949483,"BPS":0.963642003843,"BASIC_EPS":0.030359245,"DILUTED_EPS":0.029760612,"OPERATE_INCOME":281615777.38,"OPERATE_INCOME_YOY":23.5780820361,"GROSS_PROFIT":10873740.85,"GROSS_PROFIT_YOY":-52.30604559184,"HOLDER_PROFIT":11523685.25,"HOLDER_PROFIT_YOY":21.2980466289,"GROSS_PROFIT_RATIO":8.743010737232,"EPS_TTM":0.082997595235,"OPERATE_INCOME_QOQ":13.761276748404,"NET_PROFIT_RATIO":3.7984217562,"ROE_AVG":3.110920774833,"GROSS_PROFIT_QOQ":5.190587587247,"ROA":1.021198876113,"HOLDER_PROFIT_QOQ":7.809309312621,"ROE_YEARLY":6.221841549666,"ROIC_YEARLY":2.182414195491,"TOTAL_ASSETS":1127590249.94,"TOTAL_LIABILITIES":764684387.11,"TAX_EBT":-0.57280675309,"OCF_SALES":-66.827557459286,"TOTAL_PARENT_EQUITY":365468012.07,"DEBT_ASSET_RATIO":67.8158034047,"OPERATE_PROFIT":-1227197.65,"PRETAX_PROFIT":-5673330.46,"NETCASH_OPERATE":-198800032.97,"NETCASH_INVEST":6212100.16,"NETCASH_FINANCE":103125651.72,"END_CASH":27709866.38,"DIVI_RATIO":null,"DIVIDEND_RATE":null,"CURRENT_RATIO":1.453590444668,"COMMON_ACS":150000000000,"CURRENTDEBT_DEBT":97.143269337228,"ISSUED_COMMON_SHARES":379257038,"HK_COMMON_SHARES":379257038,"PER_SHARES":2000,"TOTAL_MARKET_CAP":614396401.56,"HKSK_MARKET_CAP":614396401.56,"PE_TTM":23.375300622432,"PB_TTM":1.235956406452,"REPORT_DATE_SQ":"2021-06-30 00:00:00","REPORT_TYPE_SQ":"2021年中报","OPERATE_INCOME_SQ":234218870.88,"DPS_HKD":null,"OPERATE_INCOME_QOQ_SQ":57.251766506225,"NET_PROFIT_RATIO_SQ":3.1308839516,"HOLDER_PROFIT_SQ":9243576.72,"HOLDER_PROFIT_QOQ_SQ":19.799377486776,"ROE_AVG_SQ":3.247566663695,"PE_TTM_SQ":17.765791553965,"PB_TTM_SQ":2.100447097756,"ROA_SQ":1.11965006526,"START_DATE":"2022-01-01 00:00:00","FISCAL_YEAR":"12-31","CURRENCY":"HKD","IS_CNY_CODE":0,"DPS_HKD_LY":null,"ORG_TYPE":"一般企业","PREMIUM_INCOME":null,"PREMIUM_INCOME_YOY":null,"NET_INTEREST_INCOME":null,"NET_INTEREST_INCOME_YOY":null,"FEE_COMMISSION_INCOME":null,"FEE_COMMISSION_INCOME_YOY":null,"ACCOUNTS_RECE_TDAYS":0.430243040766,"INVENTORY_TDAYS":16.052692793932,"CURRENT_ASSETS_TDAYS":0.278612205178,"TOTAL_ASSETS_TDAYS":0.263620879444,"PREMIUM_EXPENSE":null,"LOAN_DEPOSIT":null,"LOAN_EQUITY":null,"LOAN_ASSETS":null,"DEPOSIT_EQUITY":null,"DEPOSIT_ASSETS":null,"EQUITY_MULTIPLIER":3.107114999869,"EQUITY_RATIO":2.092342864096},{"SECUCODE":"00875.HK","SECURITY_CODE":"00875","SECURITY_NAME_ABBR":"从玉智农","ORG_CODE":"10009137","STD_REPORT_DATE":"2021-12-31 00:00:00","REPORT_DATE":"2021-12-31 00:00:00","DATE_TYPE_CODE":"001","REPORT_TYPE":"2021年年报","PER_NETCASH_OPERATE":-0.01576747641,"PER_OI":1.126671774513,"BPS":0.946294345103,"BASIC_EPS":0.08364048,"DILUTED_EPS":0.08306816,"OPERATE_INCOME":427298200,"OPERATE_INCOME_YOY":71.0666585537,"GROSS_PROFIT":30983769.6,"GROSS_PROFIT_YOY":-18.425921480296,"HOLDER_PROFIT":29197313.6,"HOLDER_PROFIT_YOY":152.4475319068,"GROSS_PROFIT_RATIO":13.451862865232,"EPS_TTM":0.076985555111,"OPERATE_INCOME_QOQ":5.677943829433,"NET_PROFIT_RATIO":5.4451615657,"ROE_AVG":9.544274330737,"GROSS_PROFIT_QOQ":28.988292704728,"ROA":3.299978699978,"HOLDER_PROFIT_QOQ":163.527509771628,"ROE_YEARLY":9.544274330737,"ROIC_YEARLY":3.64246128017,"TOTAL_ASSETS":1079662057.6,"TOTAL_LIABILITIES":723176193.6,"TAX_EBT":null,"OCF_SALES":-1.300777727783,"TOTAL_PARENT_EQUITY":358885520,"DEBT_ASSET_RATIO":66.9814899938,"OPERATE_PROFIT":3962907.2,"PRETAX_PROFIT":-4773966.4,"NETCASH_OPERATE":-36827156.8,"NETCASH_INVEST":-77415273.6,"NETCASH_FINANCE":78664566.4,"END_CASH":8259395.2,"DIVI_RATIO":null,"DIVIDEND_RATE":null,"CURRENT_RATIO":1.566297010608,"COMMON_ACS":150000000000,"CURRENTDEBT_DEBT":96.31706106538,"ISSUED_COMMON_SHARES":379257038,"HK_COMMON_SHARES":379257038,"PER_SHARES":2000,"TOTAL_MARKET_CAP":614396401.56,"HKSK_MARKET_CAP":614396401.56,"PE_TTM":23.375300622432,"PB_TTM":1.235956406452,"REPORT_DATE_SQ":"2020-12-31 00:00:00","REPORT_TYPE_SQ":"2020年年报","OPERATE_INCOME_SQ":276638651.6,"DPS_HKD":null,"OPERATE_INCOME_QOQ_SQ":42.939850979736,"NET_PROFIT_RATIO_SQ":-20.7253034774,"HOLDER_PROFIT_SQ":-57306425.96,"HOLDER_PROFIT_QOQ_SQ":-54.487216278415,"ROE_AVG_SQ":-27.654510525439,"PE_TTM_SQ":17.765791553965,"PB_TTM_SQ":2.100447097756,"ROA_SQ":-9.186028235748,"START_DATE":"2021-01-01 00:00:00","FISCAL_YEAR":"12-31","CURRENCY":"HKD","IS_CNY_CODE":0,"DPS_HKD_LY":null,"ORG_TYPE":"一般企业","PREMIUM_INCOME":null,"PREMIUM_INCOME_YOY":null,"NET_INTEREST_INCOME":null,"NET_INTEREST_INCOME_YOY":null,"FEE_COMMISSION_INCOME":null,"FEE_COMMISSION_INCOME_YOY":null,"ACCOUNTS_RECE_TDAYS":1.002970770155,"INVENTORY_TDAYS":7.281462750438,"CURRENT_ASSETS_TDAYS":0.560634099552,"TOTAL_ASSETS_TDAYS":0.519590244867,"PREMIUM_EXPENSE":null,"LOAN_DEPOSIT":null,"LOAN_EQUITY":null,"LOAN_ASSETS":null,"DEPOSIT_EQUITY":null,"DEPOSIT_ASSETS":null,"EQUITY_MULTIPLIER":3.028604258073,"EQUITY_RATIO":2.015060940882},{"SECUCODE":"00875.HK","SECURITY_CODE":"00875","SECURITY_NAME_ABBR":"从玉智农","ORG_CODE":"10009137","STD_REPORT_DATE":"2021-06-30 00:00:00","REPORT_DATE":"2021-06-30 00:00:00","DATE_TYPE_CODE":"002","REPORT_TYPE":"2021年中报","PER_NETCASH_OPERATE":-0.001595300817,"PER_OI":0.646122080084,"BPS":0.822244332141,"BASIC_EPS":0.02829072,"DILUTED_EPS":0.02829072,"OPERATE_INCOME":234218870.88,"OPERATE_INCOME_YOY":239.0376392653,"GROSS_PROFIT":22798992,"GROSS_PROFIT_YOY":77.584382950173,"HOLDER_PROFIT":9243576.72,"HOLDER_PROFIT_YOY":582.5803649001,"GROSS_PROFIT_RATIO":9.734054269129,"EPS_TTM":-0.126786718744,"OPERATE_INCOME_QOQ":57.251766506225,"NET_PROFIT_RATIO":3.1308839516,"ROE_AVG":3.247566663695,"GROSS_PROFIT_QOQ":26.224251911878,"ROA":1.11965006526,"HOLDER_PROFIT_QOQ":19.799377486776,"ROE_YEARLY":6.495133327389,"ROIC_YEARLY":2.441168262395,"TOTAL_ASSETS":949055470.56,"TOTAL_LIABILITIES":637290072,"TAX_EBT":22.604724686046,"OCF_SALES":-0.246903931279,"TOTAL_PARENT_EQUITY":311841949.92,"DEBT_ASSET_RATIO":67.1499287206,"OPERATE_PROFIT":12561079.68,"PRETAX_PROFIT":9474894.96,"NETCASH_OPERATE":-578295.6,"NETCASH_INVEST":-189714.24,"NETCASH_FINANCE":24479793.6,"END_CASH":83701423.44,"DIVI_RATIO":null,"DIVIDEND_RATE":null,"CURRENT_RATIO":1.49550462183,"COMMON_ACS":150000000000,"CURRENTDEBT_DEBT":92.927405666536,"ISSUED_COMMON_SHARES":379257038,"HK_COMMON_SHARES":379257038,"PER_SHARES":2000,"TOTAL_MARKET_CAP":386842178.76,"HKSK_MARKET_CAP":386842178.76,"PE_TTM":14.717781873383,"PB_TTM":0.778194774433,"REPORT_DATE_SQ":"2020-06-30 00:00:00","REPORT_TYPE_SQ":"2020年中报","OPERATE_INCOME_SQ":75838356,"DPS_HKD":null,"OPERATE_INCOME_QOQ_SQ":-30.62405963934,"NET_PROFIT_RATIO_SQ":-2.7726588377,"HOLDER_PROFIT_SQ":-2102738.88,"HOLDER_PROFIT_QOQ_SQ":30.498474514262,"ROE_AVG_SQ":-0.94266994267,"PE_TTM_SQ":14.619083086842,"PB_TTM_SQ":1.728412187453,"ROA_SQ":-0.342374835003,"START_DATE":"2021-01-01 00:00:00","FISCAL_YEAR":"12-31","CURRENCY":"HKD","IS_CNY_CODE":0,"DPS_HKD_LY":null,"ORG_TYPE":"一般企业","PREMIUM_INCOME":null,"PREMIUM_INCOME_YOY":null,"NET_INTEREST_INCOME":null,"NET_INTEREST_INCOME_YOY":null,"FEE_COMMISSION_INCOME":null,"FEE_COMMISSION_INCOME_YOY":null,"ACCOUNTS_RECE_TDAYS":0.613723897722,"INVENTORY_TDAYS":3.640643917956,"CURRENT_ASSETS_TDAYS":0.306657188691,"TOTAL_ASSETS_TDAYS":0.283703140039,"PREMIUM_EXPENSE":null,"LOAN_DEPOSIT":null,"LOAN_EQUITY":null,"LOAN_ASSETS":null,"DEPOSIT_EQUITY":null,"DEPOSIT_ASSETS":null,"EQUITY_MULTIPLIER":3.044133425144,"EQUITY_RATIO":2.043631628662},{"SECUCODE":"00875.HK","SECURITY_CODE":"00875","SECURITY_NAME_ABBR":"从玉智农","ORG_CODE":"10009137","STD_REPORT_DATE":"2020-12-31 00:00:00","REPORT_DATE":"2020-12-31 00:00:00","DATE_TYPE_CODE":"001","REPORT_TYPE":"2020年年报","PER_NETCASH_OPERATE":-0.308495695164,"PER_OI":0.915769106113,"BPS":0.68654579631,"BASIC_EPS":-0.2440756,"DILUTED_EPS":-0.2440756,"OPERATE_INCOME":276638651.6,"OPERATE_INCOME_YOY":5.5448876444,"GROSS_PROFIT":37982371.56,"GROSS_PROFIT_YOY":266.826289108042,"HOLDER_PROFIT":-57306425.96,"HOLDER_PROFIT_YOY":-14.2778020207,"GROSS_PROFIT_RATIO":13.729958319389,"EPS_TTM":-0.189703984503,"OPERATE_INCOME_QOQ":42.939850979736,"NET_PROFIT_RATIO":-20.7253034774,"ROE_AVG":-27.654510525439,"GROSS_PROFIT_QOQ":145.046079954232,"ROA":-9.186028235748,"HOLDER_PROFIT_QOQ":-54.487216278415,"ROE_YEARLY":-27.654510525439,"ROIC_YEARLY":-9.860689823963,"TOTAL_ASSETS":710165732.32,"TOTAL_LIABILITIES":450633413.72,"TAX_EBT":-7.297327096032,"OCF_SALES":-33.687060756336,"TOTAL_PARENT_EQUITY":260377325.16,"DEBT_ASSET_RATIO":63.4546829298,"OPERATE_PROFIT":-46633589.12,"PRETAX_PROFIT":-53434881.96,"NETCASH_OPERATE":-93191430.64,"NETCASH_INVEST":-200310.32,"NETCASH_FINANCE":113539760.92,"END_CASH":54367419.08,"DIVI_RATIO":null,"DIVIDEND_RATE":null,"CURRENT_RATIO":1.588818269068,"COMMON_ACS":150000000000,"CURRENTDEBT_DEBT":90.683814479393,"ISSUED_COMMON_SHARES":379257038,"HK_COMMON_SHARES":379257038,"PER_SHARES":2000,"TOTAL_MARKET_CAP":614396401.56,"HKSK_MARKET_CAP":614396401.56,"PE_TTM":23.375300622432,"PB_TTM":1.235956406452,"REPORT_DATE_SQ":"2019-12-31 00:00:00","REPORT_TYPE_SQ":"2019年年报","OPERATE_INCOME_SQ":278965599.16,"DPS_HKD":null,"OPERATE_INCOME_QOQ_SQ":5.757329391442,"NET_PROFIT_RATIO_SQ":-19.1328807856,"HOLDER_PROFIT_SQ":-53372363.96,"HOLDER_PROFIT_QOQ_SQ":58.412607129278,"ROE_AVG_SQ":-32.613538707435,"PE_TTM_SQ":17.765791553965,"PB_TTM_SQ":2.100447097756,"ROA_SQ":-10.905573315006,"START_DATE":"2020-01-01 00:00:00","FISCAL_YEAR":"12-31","CURRENCY":"HKD","IS_CNY_CODE":0,"DPS_HKD_LY":null,"ORG_TYPE":"一般企业","PREMIUM_INCOME":null,"PREMIUM_INCOME_YOY":null,"NET_INTEREST_INCOME":null,"NET_INTEREST_INCOME_YOY":null,"FEE_COMMISSION_INCOME":null,"FEE_COMMISSION_INCOME_YOY":null,"ACCOUNTS_RECE_TDAYS":1.023420764211,"INVENTORY_TDAYS":4.612060342374,"CURRENT_ASSETS_TDAYS":0.493689014522,"TOTAL_ASSETS_TDAYS":0.443442497438,"PREMIUM_EXPENSE":null,"LOAN_DEPOSIT":null,"LOAN_EQUITY":null,"LOAN_ASSETS":null,"DEPOSIT_EQUITY":null,"DEPOSIT_ASSETS":null,"EQUITY_MULTIPLIER":2.736328701374,"EQUITY_RATIO":1.73069376699},{"SECUCODE":"00875.HK","SECURITY_CODE":"00875","SECURITY_NAME_ABBR":"从玉智农","ORG_CODE":"10009137","STD_REPORT_DATE":"2020-06-30 00:00:00","REPORT_DATE":"2020-06-30 00:00:00","DATE_TYPE_CODE":"002","REPORT_TYPE":"2020年中报","PER_NETCASH_OPERATE":-0.101164274276,"PER_OI":0.251051048295,"BPS":0.735418151739,"BASIC_EPS":-0.011326656,"DILUTED_EPS":-0.011326656,"OPERATE_INCOME":75838356,"OPERATE_INCOME_YOY":-54.7130599844,"GROSS_PROFIT":12838399.2,"GROSS_PROFIT_YOY":66.892268410737,"HOLDER_PROFIT":-2102738.88,"HOLDER_PROFIT_YOY":88.9819556789,"GROSS_PROFIT_RATIO":16.928635953026,"EPS_TTM":-0.122801734886,"OPERATE_INCOME_QOQ":-30.62405963934,"NET_PROFIT_RATIO":-2.7726588377,"ROE_AVG":-0.94266994267,"GROSS_PROFIT_QOQ":49.696860760456,"ROA":-0.342374835003,"HOLDER_PROFIT_QOQ":30.495178201584,"ROE_YEARLY":-1.88533988534,"ROIC_YEARLY":-0.736816246446,"TOTAL_ASSETS":644948927.04,"TOTAL_LIABILITIES":365517583.2,"TAX_EBT":949.446494464945,"OCF_SALES":-40.296296296296,"TOTAL_PARENT_EQUITY":278912509.92,"DEBT_ASSET_RATIO":56.6738803455,"OPERATE_PROFIT":3967983.36,"PRETAX_PROFIT":247542.24,"NETCASH_OPERATE":-30560048.64,"NETCASH_INVEST":-153457.92,"NETCASH_FINANCE":52973125.92,"END_CASH":51719886.24,"DIVI_RATIO":null,"DIVIDEND_RATE":null,"CURRENT_RATIO":1.810914597869,"COMMON_ACS":150000000000,"CURRENTDEBT_DEBT":87.788731866402,"ISSUED_COMMON_SHARES":379257038,"HK_COMMON_SHARES":379257038,"PER_SHARES":2000,"TOTAL_MARKET_CAP":383049608.38,"HKSK_MARKET_CAP":383049608.38,"PE_TTM":14.573489894232,"PB_TTM":0.770565413899,"REPORT_DATE_SQ":"2019-06-30 00:00:00","REPORT_TYPE_SQ":"2019年中报","OPERATE_INCOME_SQ":161268947.46,"DPS_HKD":null,"OPERATE_INCOME_QOQ_SQ":91.481302398075,"NET_PROFIT_RATIO_SQ":-11.4397871362,"HOLDER_PROFIT_SQ":-18378736.38,"HOLDER_PROFIT_QOQ_SQ":7.644079317443,"ROE_AVG_SQ":-10.833106487783,"PE_TTM_SQ":14.619083086842,"PB_TTM_SQ":1.728412187453,"ROA_SQ":-4.092966945565,"START_DATE":"2020-01-01 00:00:00","FISCAL_YEAR":"12-31","CURRENCY":"HKD","IS_CNY_CODE":0,"DPS_HKD_LY":null,"ORG_TYPE":"一般企业","PREMIUM_INCOME":null,"PREMIUM_INCOME_YOY":null,"NET_INTEREST_INCOME":null,"NET_INTEREST_INCOME_YOY":null,"FEE_COMMISSION_INCOME":null,"FEE_COMMISSION_INCOME_YOY":null,"ACCOUNTS_RECE_TDAYS":0.292713625418,"INVENTORY_TDAYS":1.797943196778,"CURRENT_ASSETS_TDAYS":0.138804484208,"TOTAL_ASSETS_TDAYS":0.123482496421,"PREMIUM_EXPENSE":null,"LOAN_DEPOSIT":null,"LOAN_EQUITY":null,"LOAN_ASSETS":null,"DEPOSIT_EQUITY":null,"DEPOSIT_ASSETS":null,"EQUITY_MULTIPLIER":2.308076532065,"EQUITY_RATIO":1.310509820104}],"count":44},"success":true,"message":"ok","code":0}