{"version":"60fadda70d473e5b5af436489ee66810","result":{"pages":2,"data":[{"SECUCODE":"00873.HK","SECURITY_CODE":"00873","SECURITY_NAME_ABBR":"世茂服务","ORG_CODE":"10000103633","STD_REPORT_DATE":"2024-06-30 00:00:00","REPORT_DATE":"2024-06-30 00:00:00","DATE_TYPE_CODE":"002","REPORT_TYPE":"2024年中报","PER_NETCASH_OPERATE":-0.018556640884,"PER_OI":1.633501784518,"BPS":3.310815732933,"BASIC_EPS":0.0746,"DILUTED_EPS":0.0743,"OPERATE_INCOME":4031765000,"OPERATE_INCOME_YOY":-1.6196131952,"GROSS_PROFIT":811508000,"GROSS_PROFIT_YOY":-5.931093321463,"HOLDER_PROFIT":183965000,"HOLDER_PROFIT_YOY":18.8557953224,"GROSS_PROFIT_RATIO":20.127859634676,"EPS_TTM":0.122531929488,"OPERATE_INCOME_QOQ":-0.809175746233,"NET_PROFIT_RATIO":5.2293970507,"ROE_AVG":2.286969019225,"GROSS_PROFIT_QOQ":-3.107689840819,"ROA":1.278637147188,"HOLDER_PROFIT_QOQ":10.680890775678,"ROE_YEARLY":4.573938038449,"ROIC_YEARLY":4.046480692938,"TOTAL_ASSETS":14535131000,"TOTAL_LIABILITIES":5701504000,"TAX_EBT":19.535847587644,"OCF_SALES":-1.136003710534,"TOTAL_PARENT_EQUITY":8171666000,"DEBT_ASSET_RATIO":39.2256801813,"OPERATE_PROFIT":252032000,"PRETAX_PROFIT":262026000,"NETCASH_OPERATE":-45801000,"NETCASH_INVEST":850551000,"NETCASH_FINANCE":-183053000,"END_CASH":4410010000,"DIVI_RATIO":null,"DIVIDEND_RATE":null,"CURRENT_RATIO":1.983226106973,"COMMON_ACS":3500000000,"CURRENTDEBT_DEBT":94.96173290416,"ISSUED_COMMON_SHARES":2468173000,"HK_COMMON_SHARES":2468173000,"PER_SHARES":1000,"TOTAL_MARKET_CAP":2073265320,"HKSK_MARKET_CAP":2073265320,"PE_TTM":6.184982008661,"PB_TTM":0.23155961003,"REPORT_DATE_SQ":"2023-06-30 00:00:00","REPORT_TYPE_SQ":"2023年中报","OPERATE_INCOME_SQ":4098139000,"DPS_HKD":null,"OPERATE_INCOME_QOQ_SQ":-1.939813201887,"NET_PROFIT_RATIO_SQ":4.9765515518,"HOLDER_PROFIT_SQ":154780000,"HOLDER_PROFIT_QOQ_SQ":1.635926309431,"ROE_AVG_SQ":2.026189792509,"PE_TTM_SQ":-2.412586927201,"PB_TTM_SQ":0.298086258893,"ROA_SQ":1.052862463872,"START_DATE":"2024-01-01 00:00:00","FISCAL_YEAR":"12-31","CURRENCY":"HKD","IS_CNY_CODE":0,"DPS_HKD_LY":null,"ORG_TYPE":"一般企业","PREMIUM_INCOME":null,"PREMIUM_INCOME_YOY":null,"NET_INTEREST_INCOME":null,"NET_INTEREST_INCOME_YOY":null,"FEE_COMMISSION_INCOME":null,"FEE_COMMISSION_INCOME_YOY":null,"ACCOUNTS_RECE_TDAYS":1.156501699715,"INVENTORY_TDAYS":14.200918135154,"CURRENT_ASSETS_TDAYS":0.404791313748,"TOTAL_ASSETS_TDAYS":0.280225287295,"PREMIUM_EXPENSE":null,"LOAN_DEPOSIT":null,"LOAN_EQUITY":null,"LOAN_ASSETS":null,"DEPOSIT_EQUITY":null,"DEPOSIT_ASSETS":null,"EQUITY_MULTIPLIER":1.645431825454,"EQUITY_RATIO":0.697716230693},{"SECUCODE":"00873.HK","SECURITY_CODE":"00873","SECURITY_NAME_ABBR":"世茂服务","ORG_CODE":"10000103633","STD_REPORT_DATE":"2023-12-31 00:00:00","REPORT_DATE":"2023-12-31 00:00:00","DATE_TYPE_CODE":"001","REPORT_TYPE":"2023年年报","PER_NETCASH_OPERATE":0.417479244769,"PER_OI":3.323376440792,"BPS":3.207408880982,"BASIC_EPS":0.11,"DILUTED_EPS":0.11,"OPERATE_INCOME":8202668000,"OPERATE_INCOME_YOY":-5.0266585665,"GROSS_PROFIT":1646432000,"GROSS_PROFIT_YOY":-15.261575391748,"HOLDER_PROFIT":273245000,"HOLDER_PROFIT_YOY":129.4724523255,"GROSS_PROFIT_RATIO":20.071908310808,"EPS_TTM":0.110707393688,"OPERATE_INCOME_QOQ":-3.14790891733,"NET_PROFIT_RATIO":3.8615240797,"ROE_AVG":3.529388818795,"GROSS_PROFIT_QOQ":-2.693834322688,"ROA":1.89492919458,"HOLDER_PROFIT_QOQ":129.962618687586,"ROE_YEARLY":3.529388818795,"ROIC_YEARLY":3.060779340767,"TOTAL_ASSETS":14240038000,"TOTAL_LIABILITIES":5593885000,"TAX_EBT":18.331292139901,"OCF_SALES":12.561900591369,"TOTAL_PARENT_EQUITY":7916440000,"DEBT_ASSET_RATIO":39.2827954532,"OPERATE_PROFIT":343569000,"PRETAX_PROFIT":387845000,"NETCASH_OPERATE":1030411000,"NETCASH_INVEST":921376000,"NETCASH_FINANCE":-470814000,"END_CASH":3788300000,"DIVI_RATIO":null,"DIVIDEND_RATE":null,"CURRENT_RATIO":1.751148754425,"COMMON_ACS":3500000000,"CURRENTDEBT_DEBT":93.740271743162,"ISSUED_COMMON_SHARES":2468173000,"HK_COMMON_SHARES":2468173000,"PER_SHARES":1000,"TOTAL_MARKET_CAP":2246037430,"HKSK_MARKET_CAP":2246037430,"PE_TTM":6.70039717605,"PB_TTM":0.250856244199,"REPORT_DATE_SQ":"2022-12-31 00:00:00","REPORT_TYPE_SQ":"2022年年报","OPERATE_INCOME_SQ":8636811000,"DPS_HKD":null,"OPERATE_INCOME_QOQ_SQ":-2.187527498681,"NET_PROFIT_RATIO_SQ":-10.150413156,"HOLDER_PROFIT_SQ":-927120000,"HOLDER_PROFIT_QOQ_SQ":-237.983997713959,"ROE_AVG_SQ":-11.520896381211,"PE_TTM_SQ":-2.723117917831,"PB_TTM_SQ":0.336453797166,"ROA_SQ":-5.660069977371,"START_DATE":"2023-01-01 00:00:00","FISCAL_YEAR":"12-31","CURRENCY":"HKD","IS_CNY_CODE":0,"DPS_HKD_LY":null,"ORG_TYPE":"一般企业","PREMIUM_INCOME":null,"PREMIUM_INCOME_YOY":null,"NET_INTEREST_INCOME":null,"NET_INTEREST_INCOME_YOY":null,"FEE_COMMISSION_INCOME":null,"FEE_COMMISSION_INCOME_YOY":null,"ACCOUNTS_RECE_TDAYS":2.552388787829,"INVENTORY_TDAYS":32.404798268116,"CURRENT_ASSETS_TDAYS":0.88828740829,"TOTAL_ASSETS_TDAYS":0.568847556832,"PREMIUM_EXPENSE":null,"LOAN_DEPOSIT":null,"LOAN_EQUITY":null,"LOAN_ASSETS":null,"DEPOSIT_EQUITY":null,"DEPOSIT_ASSETS":null,"EQUITY_MULTIPLIER":1.646979645167,"EQUITY_RATIO":0.706616231538},{"SECUCODE":"00873.HK","SECURITY_CODE":"00873","SECURITY_NAME_ABBR":"世茂服务","ORG_CODE":"10000103633","STD_REPORT_DATE":"2023-06-30 00:00:00","REPORT_DATE":"2023-06-30 00:00:00","DATE_TYPE_CODE":"002","REPORT_TYPE":"2023年中报","PER_NETCASH_OPERATE":0.142035424583,"PER_OI":1.660393740633,"BPS":3.123927293589,"BASIC_EPS":0.0636,"DILUTED_EPS":0.0634,"OPERATE_INCOME":4098139000,"OPERATE_INCOME_YOY":-3.9275828901,"GROSS_PROFIT":862674000,"GROSS_PROFIT_YOY":-22.534257646235,"HOLDER_PROFIT":154780000,"HOLDER_PROFIT_YOY":10.8636015271,"GROSS_PROFIT_RATIO":21.050384088973,"EPS_TTM":-0.369485040149,"OPERATE_INCOME_QOQ":-1.939813201887,"NET_PROFIT_RATIO":4.9765515518,"ROE_AVG":2.026189792509,"GROSS_PROFIT_QOQ":-12.915667760188,"ROA":1.052862463872,"HOLDER_PROFIT_QOQ":1.635926309431,"ROE_YEARLY":4.052379585019,"ROIC_YEARLY":3.36301318855,"TOTAL_ASSETS":14802189000,"TOTAL_LIABILITIES":6342609000,"TAX_EBT":28.351759535428,"OCF_SALES":8.554321851943,"TOTAL_PARENT_EQUITY":7710393000,"DEBT_ASSET_RATIO":42.8491285985,"OPERATE_PROFIT":268706000,"PRETAX_PROFIT":284649000,"NETCASH_OPERATE":350568000,"NETCASH_INVEST":1592073000,"NETCASH_FINANCE":-190593000,"END_CASH":4075899000,"DIVI_RATIO":null,"DIVIDEND_RATE":null,"CURRENT_RATIO":1.75317051314,"COMMON_ACS":3500000000,"CURRENTDEBT_DEBT":86.984520092599,"ISSUED_COMMON_SHARES":2468173000,"HK_COMMON_SHARES":2468173000,"PER_SHARES":1000,"TOTAL_MARKET_CAP":2246037430,"HKSK_MARKET_CAP":2246037430,"PE_TTM":6.70039717605,"PB_TTM":0.250856244199,"REPORT_DATE_SQ":"2022-06-30 00:00:00","REPORT_TYPE_SQ":"2022年中报","OPERATE_INCOME_SQ":4265677000,"DPS_HKD":null,"OPERATE_INCOME_QOQ_SQ":5.831377303728,"NET_PROFIT_RATIO_SQ":4.3561197906,"HOLDER_PROFIT_SQ":139613000,"HOLDER_PROFIT_QOQ_SQ":-39.4924746521,"ROE_AVG_SQ":1.62698113268,"PE_TTM_SQ":-2.723117917831,"PB_TTM_SQ":0.336453797166,"ROA_SQ":0.762556770984,"START_DATE":"2023-01-01 00:00:00","FISCAL_YEAR":"12-31","CURRENCY":"HKD","IS_CNY_CODE":0,"DPS_HKD_LY":null,"ORG_TYPE":"一般企业","PREMIUM_INCOME":null,"PREMIUM_INCOME_YOY":null,"NET_INTEREST_INCOME":null,"NET_INTEREST_INCOME_YOY":null,"FEE_COMMISSION_INCOME":null,"FEE_COMMISSION_INCOME_YOY":null,"ACCOUNTS_RECE_TDAYS":1.228854369054,"INVENTORY_TDAYS":16.743550002199,"CURRENT_ASSETS_TDAYS":0.432330607552,"TOTAL_ASSETS_TDAYS":0.27876836315,"PREMIUM_EXPENSE":null,"LOAN_DEPOSIT":null,"LOAN_EQUITY":null,"LOAN_ASSETS":null,"DEPOSIT_EQUITY":null,"DEPOSIT_ASSETS":null,"EQUITY_MULTIPLIER":1.749754597747,"EQUITY_RATIO":0.822605151255},{"SECUCODE":"00873.HK","SECURITY_CODE":"00873","SECURITY_NAME_ABBR":"世茂服务","ORG_CODE":"10000103633","STD_REPORT_DATE":"2022-12-31 00:00:00","REPORT_DATE":"2022-12-31 00:00:00","DATE_TYPE_CODE":"001","REPORT_TYPE":"2022年年报","PER_NETCASH_OPERATE":-0.612527971094,"PER_OI":3.499272943995,"BPS":3.06605088055,"BASIC_EPS":-0.38,"DILUTED_EPS":-0.38,"OPERATE_INCOME":8636811000,"OPERATE_INCOME_YOY":3.516286823,"GROSS_PROFIT":1942958000,"GROSS_PROFIT_YOY":-18.707713394773,"HOLDER_PROFIT":-927120000,"HOLDER_PROFIT_YOY":-183.4907023928,"GROSS_PROFIT_RATIO":22.496243115659,"EPS_TTM":-0.375630071312,"OPERATE_INCOME_QOQ":-2.187527498681,"NET_PROFIT_RATIO":-10.150413156,"ROE_AVG":-11.520896381211,"GROSS_PROFIT_QOQ":-13.583476696834,"ROA":-5.660069977371,"HOLDER_PROFIT_QOQ":-237.983997713959,"ROE_YEARLY":-11.520896381211,"ROIC_YEARLY":-11.069527815006,"TOTAL_ASSETS":14599562000,"TOTAL_LIABILITIES":6232335000,"TAX_EBT":8.558268194534,"OCF_SALES":-17.504435375511,"TOTAL_PARENT_EQUITY":7567544000,"DEBT_ASSET_RATIO":42.6885066826,"OPERATE_PROFIT":-809789000,"PRETAX_PROFIT":-958722000,"NETCASH_OPERATE":-1511825000,"NETCASH_INVEST":-2932439000,"NETCASH_FINANCE":-3091362000,"END_CASH":2307301000,"DIVI_RATIO":null,"DIVIDEND_RATE":null,"CURRENT_RATIO":1.672309368808,"COMMON_ACS":3500000000,"CURRENTDEBT_DEBT":89.09625365132,"ISSUED_COMMON_SHARES":2468173000,"HK_COMMON_SHARES":2468173000,"PER_SHARES":1000,"TOTAL_MARKET_CAP":2246037430,"HKSK_MARKET_CAP":2246037430,"PE_TTM":6.70039717605,"PB_TTM":0.250856244199,"REPORT_DATE_SQ":"2021-12-31 00:00:00","REPORT_TYPE_SQ":"2021年年报","OPERATE_INCOME_SQ":8343432000,"DPS_HKD":null,"OPERATE_INCOME_QOQ_SQ":8.429358025651,"NET_PROFIT_RATIO_SQ":14.5844779462,"HOLDER_PROFIT_SQ":1110447000,"HOLDER_PROFIT_QOQ_SQ":8.26362402602,"ROE_AVG_SQ":14.830654027666,"PE_TTM_SQ":-2.723117917831,"PB_TTM_SQ":0.336453797166,"ROA_SQ":7.64100231615,"START_DATE":"2022-01-01 00:00:00","FISCAL_YEAR":"12-31","CURRENCY":"HKD","IS_CNY_CODE":0,"DPS_HKD_LY":null,"ORG_TYPE":"一般企业","PREMIUM_INCOME":null,"PREMIUM_INCOME_YOY":null,"NET_INTEREST_INCOME":null,"NET_INTEREST_INCOME_YOY":null,"FEE_COMMISSION_INCOME":null,"FEE_COMMISSION_INCOME_YOY":null,"ACCOUNTS_RECE_TDAYS":2.710349638675,"INVENTORY_TDAYS":32.476144501155,"CURRENT_ASSETS_TDAYS":0.743914765502,"TOTAL_ASSETS_TDAYS":0.52727753302,"PREMIUM_EXPENSE":null,"LOAN_DEPOSIT":null,"LOAN_EQUITY":null,"LOAN_ASSETS":null,"DEPOSIT_EQUITY":null,"DEPOSIT_ASSETS":null,"EQUITY_MULTIPLIER":1.744850713385,"EQUITY_RATIO":0.823561118376},{"SECUCODE":"00873.HK","SECURITY_CODE":"00873","SECURITY_NAME_ABBR":"世茂服务","ORG_CODE":"10000103633","STD_REPORT_DATE":"2022-06-30 00:00:00","REPORT_DATE":"2022-06-30 00:00:00","DATE_TYPE_CODE":"002","REPORT_TYPE":"2022年中报","PER_NETCASH_OPERATE":-0.974101086107,"PER_OI":1.728273099171,"BPS":3.498611321005,"BASIC_EPS":0.0566,"DILUTED_EPS":0.0565,"OPERATE_INCOME":4265677000,"OPERATE_INCOME_YOY":12.874278275,"GROSS_PROFIT":1113620000,"GROSS_PROFIT_YOY":-11.289725135321,"HOLDER_PROFIT":139613000,"HOLDER_PROFIT_YOY":-75.8520191782,"GROSS_PROFIT_RATIO":26.10652423988,"EPS_TTM":0.272227270941,"OPERATE_INCOME_QOQ":5.831377303728,"NET_PROFIT_RATIO":4.3561197906,"ROE_AVG":1.62698113268,"GROSS_PROFIT_QOQ":-5.929695505063,"ROA":0.762556770984,"HOLDER_PROFIT_QOQ":-39.4924746521,"ROE_YEARLY":3.25396226536,"ROIC_YEARLY":3.06518785124,"TOTAL_ASSETS":18456620000,"TOTAL_LIABILITIES":9012914000,"TAX_EBT":16.324959134691,"OCF_SALES":-56.362682875426,"TOTAL_PARENT_EQUITY":8635178000,"DEBT_ASSET_RATIO":48.832960748,"OPERATE_PROFIT":318399000,"PRETAX_PROFIT":222071000,"NETCASH_OPERATE":-2404250000,"NETCASH_INVEST":-416373000,"NETCASH_FINANCE":-102144000,"END_CASH":7047187000,"DIVI_RATIO":null,"DIVIDEND_RATE":null,"CURRENT_RATIO":1.531420075242,"COMMON_ACS":3500000000,"CURRENTDEBT_DEBT":90.555008069532,"ISSUED_COMMON_SHARES":2468173000,"HK_COMMON_SHARES":2468173000,"PER_SHARES":1000,"TOTAL_MARKET_CAP":2246037430,"HKSK_MARKET_CAP":2246037430,"PE_TTM":6.70039717605,"PB_TTM":0.250856244199,"REPORT_DATE_SQ":"2021-06-30 00:00:00","REPORT_TYPE_SQ":"2021年中报","OPERATE_INCOME_SQ":3779140000,"DPS_HKD":null,"OPERATE_INCOME_QOQ_SQ":53.10956430244,"NET_PROFIT_RATIO_SQ":15.0948672775,"HOLDER_PROFIT_SQ":578156000,"HOLDER_PROFIT_QOQ_SQ":48.017178679043,"ROE_AVG_SQ":8.825240153869,"PE_TTM_SQ":-2.723117917831,"PB_TTM_SQ":0.336453797166,"ROA_SQ":4.969615946753,"START_DATE":"2022-01-01 00:00:00","FISCAL_YEAR":"12-31","CURRENCY":"HKD","IS_CNY_CODE":0,"DPS_HKD_LY":null,"ORG_TYPE":"一般企业","PREMIUM_INCOME":null,"PREMIUM_INCOME_YOY":null,"NET_INTEREST_INCOME":null,"NET_INTEREST_INCOME_YOY":null,"FEE_COMMISSION_INCOME":null,"FEE_COMMISSION_INCOME_YOY":null,"ACCOUNTS_RECE_TDAYS":1.304299116229,"INVENTORY_TDAYS":14.519954211379,"CURRENT_ASSETS_TDAYS":0.322755859756,"TOTAL_ASSETS_TDAYS":0.232988395005,"PREMIUM_EXPENSE":null,"LOAN_DEPOSIT":null,"LOAN_EQUITY":null,"LOAN_ASSETS":null,"DEPOSIT_EQUITY":null,"DEPOSIT_ASSETS":null,"EQUITY_MULTIPLIER":1.954383162713,"EQUITY_RATIO":1.043743857973},{"SECUCODE":"00873.HK","SECURITY_CODE":"00873","SECURITY_NAME_ABBR":"世茂服务","ORG_CODE":"10000103633","STD_REPORT_DATE":"2021-12-31 00:00:00","REPORT_DATE":"2021-12-31 00:00:00","DATE_TYPE_CODE":"001","REPORT_TYPE":"2021年年报","PER_NETCASH_OPERATE":0.485968584571,"PER_OI":3.36568086865,"BPS":3.454797131319,"BASIC_EPS":0.46,"DILUTED_EPS":0.46,"OPERATE_INCOME":8343432000,"OPERATE_INCOME_YOY":66.015717649,"GROSS_PROFIT":2390089000,"GROSS_PROFIT_YOY":51.487277127097,"HOLDER_PROFIT":1110447000,"HOLDER_PROFIT_YOY":60.248761819,"GROSS_PROFIT_RATIO":28.646353203334,"EPS_TTM":0.447946387476,"OPERATE_INCOME_QOQ":8.429358025651,"NET_PROFIT_RATIO":14.5844779462,"ROE_AVG":14.830654027666,"GROSS_PROFIT_QOQ":3.858255706886,"ROA":7.64100231615,"HOLDER_PROFIT_QOQ":8.26362402602,"ROE_YEARLY":14.830654027666,"ROIC_YEARLY":17.909870745205,"TOTAL_ASSETS":18160457000,"TOTAL_LIABILITIES":8933334000,"TAX_EBT":18.643875154359,"OCF_SALES":14.43893831699,"TOTAL_PARENT_EQUITY":8527037000,"DEBT_ASSET_RATIO":49.1911299369,"OPERATE_PROFIT":1505293000,"PRETAX_PROFIT":1495703000,"NETCASH_OPERATE":1208121000,"NETCASH_INVEST":-1236428000,"NETCASH_FINANCE":4149775000,"END_CASH":9842099000,"DIVI_RATIO":null,"DIVIDEND_RATE":null,"CURRENT_RATIO":1.779288391039,"COMMON_ACS":3500000000,"CURRENTDEBT_DEBT":87.66248972668,"ISSUED_COMMON_SHARES":2468173000,"HK_COMMON_SHARES":2468173000,"PER_SHARES":1000,"TOTAL_MARKET_CAP":2246037430,"HKSK_MARKET_CAP":2246037430,"PE_TTM":6.70039717605,"PB_TTM":0.250856244199,"REPORT_DATE_SQ":"2020-12-31 00:00:00","REPORT_TYPE_SQ":"2020年年报","OPERATE_INCOME_SQ":5025688000,"DPS_HKD":null,"OPERATE_INCOME_QOQ_SQ":56.644251163762,"NET_PROFIT_RATIO_SQ":14.412315289,"HOLDER_PROFIT_SQ":692952000,"HOLDER_PROFIT_QOQ_SQ":32.986610218608,"ROE_AVG_SQ":20.741532722858,"PE_TTM_SQ":-2.723117917831,"PB_TTM_SQ":0.336453797166,"ROA_SQ":9.571190626711,"START_DATE":"2021-01-01 00:00:00","FISCAL_YEAR":"12-31","CURRENCY":"HKD","IS_CNY_CODE":0,"DPS_HKD_LY":0.11,"ORG_TYPE":"一般企业","PREMIUM_INCOME":null,"PREMIUM_INCOME_YOY":null,"NET_INTEREST_INCOME":null,"NET_INTEREST_INCOME_YOY":null,"FEE_COMMISSION_INCOME":null,"FEE_COMMISSION_INCOME_YOY":null,"ACCOUNTS_RECE_TDAYS":3.325331110981,"INVENTORY_TDAYS":24.514385363865,"CURRENT_ASSETS_TDAYS":0.746587679042,"TOTAL_ASSETS_TDAYS":0.574112796348,"PREMIUM_EXPENSE":null,"LOAN_DEPOSIT":null,"LOAN_EQUITY":null,"LOAN_ASSETS":null,"DEPOSIT_EQUITY":null,"DEPOSIT_ASSETS":null,"EQUITY_MULTIPLIER":1.96816028138,"EQUITY_RATIO":1.047648086903},{"SECUCODE":"00873.HK","SECURITY_CODE":"00873","SECURITY_NAME_ABBR":"世茂服务","ORG_CODE":"10000103633","STD_REPORT_DATE":"2021-06-30 00:00:00","REPORT_DATE":"2021-06-30 00:00:00","DATE_TYPE_CODE":"002","REPORT_TYPE":"2021年中报","PER_NETCASH_OPERATE":0.105590038465,"PER_OI":1.598639239957,"BPS":2.696059798077,"BASIC_EPS":0.24,"DILUTED_EPS":0.24,"OPERATE_INCOME":3779140000,"OPERATE_INCOME_YOY":170.5905399083,"GROSS_PROFIT":1255345000,"GROSS_PROFIT_YOY":136.058067488412,"HOLDER_PROFIT":578156000,"HOLDER_PROFIT_YOY":135.5781924863,"GROSS_PROFIT_RATIO":29.650851477777,"EPS_TTM":0.433883128107,"OPERATE_INCOME_QOQ":53.10956430244,"NET_PROFIT_RATIO":15.0948672775,"ROE_AVG":8.825240153869,"GROSS_PROFIT_QOQ":45.859639270885,"ROA":4.969615946753,"HOLDER_PROFIT_QOQ":48.017178679043,"ROE_YEARLY":17.650480307738,"ROIC_YEARLY":20.756547947074,"TOTAL_ASSETS":12362610000,"TOTAL_LIABILITIES":5326781000,"TAX_EBT":13.239796091528,"OCF_SALES":5.895756416818,"TOTAL_PARENT_EQUITY":6654342000,"DEBT_ASSET_RATIO":43.0878350122,"OPERATE_PROFIT":732929000,"PRETAX_PROFIT":736605000,"NETCASH_OPERATE":249612000,"NETCASH_INVEST":-281146000,"NETCASH_FINANCE":-140504000,"END_CASH":5621582000,"DIVI_RATIO":null,"DIVIDEND_RATE":null,"CURRENT_RATIO":1.820440698595,"COMMON_ACS":3500000000,"CURRENTDEBT_DEBT":96.616624561813,"ISSUED_COMMON_SHARES":2468173000,"HK_COMMON_SHARES":2468173000,"PER_SHARES":1000,"TOTAL_MARKET_CAP":2246037430,"HKSK_MARKET_CAP":2246037430,"PE_TTM":6.70039717605,"PB_TTM":0.250856244199,"REPORT_DATE_SQ":"2020-06-30 00:00:00","REPORT_TYPE_SQ":"2020年中报","OPERATE_INCOME_SQ":1564636000,"DPS_HKD":null,"OPERATE_INCOME_QOQ_SQ":28.896510606705,"NET_PROFIT_RATIO_SQ":16.2766931095,"HOLDER_PROFIT_SQ":245420000,"HOLDER_PROFIT_QOQ_SQ":35.507670382882,"ROE_AVG_SQ":31.526873377378,"PE_TTM_SQ":-2.723117917831,"PB_TTM_SQ":0.336453797166,"ROA_SQ":6.459861771803,"START_DATE":"2021-01-01 00:00:00","FISCAL_YEAR":"12-31","CURRENCY":"HKD","IS_CNY_CODE":0,"DPS_HKD_LY":0.11,"ORG_TYPE":"一般企业","PREMIUM_INCOME":null,"PREMIUM_INCOME_YOY":null,"NET_INTEREST_INCOME":null,"NET_INTEREST_INCOME_YOY":null,"FEE_COMMISSION_INCOME":null,"FEE_COMMISSION_INCOME_YOY":null,"ACCOUNTS_RECE_TDAYS":1.641530619558,"INVENTORY_TDAYS":10.811678482364,"CURRENT_ASSETS_TDAYS":0.476079885707,"TOTAL_ASSETS_TDAYS":0.363918151881,"PREMIUM_EXPENSE":null,"LOAN_DEPOSIT":null,"LOAN_EQUITY":null,"LOAN_ASSETS":null,"DEPOSIT_EQUITY":null,"DEPOSIT_ASSETS":null,"EQUITY_MULTIPLIER":1.75709358485,"EQUITY_RATIO":0.800497028857},{"SECUCODE":"00873.HK","SECURITY_CODE":"00873","SECURITY_NAME_ABBR":"世茂服务","ORG_CODE":"10000103633","STD_REPORT_DATE":"2020-12-31 00:00:00","REPORT_DATE":"2020-12-31 00:00:00","DATE_TYPE_CODE":"001","REPORT_TYPE":"2020年年报","PER_NETCASH_OPERATE":0.407842644565,"PER_OI":2.125949831068,"BPS":2.612453422025,"BASIC_EPS":0.34,"DILUTED_EPS":0.34,"OPERATE_INCOME":5025688000,"OPERATE_INCOME_YOY":101.9089738161,"GROSS_PROFIT":1577749000,"GROSS_PROFIT_YOY":88.257340280951,"HOLDER_PROFIT":692952000,"HOLDER_PROFIT_YOY":80.2070574284,"GROSS_PROFIT_RATIO":31.393691769167,"EPS_TTM":0.293130251488,"OPERATE_INCOME_QOQ":56.644251163762,"NET_PROFIT_RATIO":14.412315289,"ROE_AVG":20.741532722858,"GROSS_PROFIT_QOQ":45.07436473893,"ROA":9.571190626711,"HOLDER_PROFIT_QOQ":32.986610218608,"ROE_YEARLY":20.741532722858,"ROIC_YEARLY":18.460360556082,"TOTAL_ASSETS":10905023000,"TOTAL_LIABILITIES":4164178000,"TAX_EBT":19.946020444591,"OCF_SALES":19.184020177934,"TOTAL_PARENT_EQUITY":6447987000,"DEBT_ASSET_RATIO":38.1858708597,"OPERATE_PROFIT":897052000,"PRETAX_PROFIT":904787000,"NETCASH_OPERATE":964129000,"NETCASH_INVEST":175932000,"NETCASH_FINANCE":4009589000,"END_CASH":5830046000,"DIVI_RATIO":null,"DIVIDEND_RATE":null,"CURRENT_RATIO":2.090418716563,"COMMON_ACS":3500000000,"CURRENTDEBT_DEBT":96.691904140505,"ISSUED_COMMON_SHARES":2468173000,"HK_COMMON_SHARES":2468173000,"PER_SHARES":1000,"TOTAL_MARKET_CAP":2246037430,"HKSK_MARKET_CAP":2246037430,"PE_TTM":6.70039717605,"PB_TTM":0.250856244199,"REPORT_DATE_SQ":"2019-12-31 00:00:00","REPORT_TYPE_SQ":"2019年年报","OPERATE_INCOME_SQ":2489086000,"DPS_HKD":null,"OPERATE_INCOME_QOQ_SQ":87.244635051075,"NET_PROFIT_RATIO_SQ":15.4486827695,"HOLDER_PROFIT_SQ":384531000,"HOLDER_PROFIT_QOQ_SQ":163.024296150374,"ROE_AVG_SQ":51.917834667516,"PE_TTM_SQ":-2.723117917831,"PB_TTM_SQ":0.336453797166,"ROA_SQ":11.360102312444,"START_DATE":"2020-01-01 00:00:00","FISCAL_YEAR":"12-31","CURRENCY":"HKD","IS_CNY_CODE":0,"DPS_HKD_LY":null,"ORG_TYPE":"一般企业","PREMIUM_INCOME":null,"PREMIUM_INCOME_YOY":null,"NET_INTEREST_INCOME":null,"NET_INTEREST_INCOME_YOY":null,"FEE_COMMISSION_INCOME":null,"FEE_COMMISSION_INCOME_YOY":null,"ACCOUNTS_RECE_TDAYS":3.850410022107,"INVENTORY_TDAYS":12.676059910884,"CURRENT_ASSETS_TDAYS":0.870449019195,"TOTAL_ASSETS_TDAYS":0.694158006303,"PREMIUM_EXPENSE":null,"LOAN_DEPOSIT":null,"LOAN_EQUITY":null,"LOAN_ASSETS":null,"DEPOSIT_EQUITY":null,"DEPOSIT_ASSETS":null,"EQUITY_MULTIPLIER":1.617753115522,"EQUITY_RATIO":0.645810545214},{"SECUCODE":"00873.HK","SECURITY_CODE":"00873","SECURITY_NAME_ABBR":"世茂服务","ORG_CODE":"10000103633","STD_REPORT_DATE":"2020-06-30 00:00:00","REPORT_DATE":"2020-06-30 00:00:00","DATE_TYPE_CODE":"002","REPORT_TYPE":"2020年中报","PER_NETCASH_OPERATE":3795.4436784,"PER_OI":14292.0110784,"BPS":-0.164454031383,"BASIC_EPS":0.12,"DILUTED_EPS":0.12,"OPERATE_INCOME":1564636000,"OPERATE_INCOME_YOY":85.0814488684,"GROSS_PROFIT":531795000,"GROSS_PROFIT_YOY":88.35869954061,"HOLDER_PROFIT":245420000,"HOLDER_PROFIT_YOY":125.3999742841,"GROSS_PROFIT_RATIO":33.988416475142,"EPS_TTM":4759.6526736,"OPERATE_INCOME_QOQ":28.896510606705,"NET_PROFIT_RATIO":16.2766931095,"ROE_AVG":31.526873377378,"GROSS_PROFIT_QOQ":29.766096594482,"ROA":6.459861771803,"HOLDER_PROFIT_QOQ":35.507670382882,"ROE_YEARLY":63.053746754757,"ROIC_YEARLY":19.478763310445,"TOTAL_ASSETS":4023374000,"TOTAL_LIABILITIES":2744887000,"TAX_EBT":16.124283253576,"OCF_SALES":26.556400338481,"TOTAL_PARENT_EQUITY":1323099000,"DEBT_ASSET_RATIO":68.223510914,"OPERATE_PROFIT":314145000,"PRETAX_PROFIT":303629000,"NETCASH_OPERATE":415511000,"NETCASH_INVEST":696430000,"NETCASH_FINANCE":-201675000,"END_CASH":1753581000,"DIVI_RATIO":null,"DIVIDEND_RATE":null,"CURRENT_RATIO":1.206472276525,"COMMON_ACS":3500000000,"CURRENTDEBT_DEBT":98.640818365201,"ISSUED_COMMON_SHARES":2468173000,"HK_COMMON_SHARES":2468173000,"PER_SHARES":1000,"TOTAL_MARKET_CAP":2246037430,"HKSK_MARKET_CAP":2246037430,"PE_TTM":6.70039717605,"PB_TTM":0.250856244199,"REPORT_DATE_SQ":"2019-06-30 00:00:00","REPORT_TYPE_SQ":"2019年中报","OPERATE_INCOME_SQ":845377000,"DPS_HKD":null,"OPERATE_INCOME_QOQ_SQ":0,"NET_PROFIT_RATIO_SQ":12.8796974604,"HOLDER_PROFIT_SQ":108882000,"HOLDER_PROFIT_QOQ_SQ":0,"ROE_AVG_SQ":null,"PE_TTM_SQ":-2.723117917831,"PB_TTM_SQ":0.336453797166,"ROA_SQ":null,"START_DATE":"2020-01-01 00:00:00","FISCAL_YEAR":"12-31","CURRENCY":"HKD","IS_CNY_CODE":0,"DPS_HKD_LY":null,"ORG_TYPE":"一般企业","PREMIUM_INCOME":null,"PREMIUM_INCOME_YOY":null,"NET_INTEREST_INCOME":null,"NET_INTEREST_INCOME_YOY":null,"FEE_COMMISSION_INCOME":null,"FEE_COMMISSION_INCOME_YOY":null,"ACCOUNTS_RECE_TDAYS":2.065340669088,"INVENTORY_TDAYS":3.512933189575,"CURRENT_ASSETS_TDAYS":0.489173846403,"TOTAL_ASSETS_TDAYS":0.411838166538,"PREMIUM_EXPENSE":null,"LOAN_DEPOSIT":null,"LOAN_EQUITY":null,"LOAN_ASSETS":null,"DEPOSIT_EQUITY":null,"DEPOSIT_ASSETS":null,"EQUITY_MULTIPLIER":3.146980767112,"EQUITY_RATIO":2.074589278656}],"count":13},"success":true,"message":"ok","code":0}