{"version":"8b8e1649728bda6a57758fc3e098fdfb","result":{"pages":4,"data":[{"SECUCODE":"00871.HK","SECURITY_CODE":"00871","SECURITY_NAME_ABBR":"中国疏浚环保","ORG_CODE":"10175277","STD_REPORT_DATE":"2024-06-30 00:00:00","REPORT_DATE":"2024-06-30 00:00:00","DATE_TYPE_CODE":"002","REPORT_TYPE":"2024年中报","PER_NETCASH_OPERATE":0.023959334562,"PER_OI":0.109110325514,"BPS":0.277606979007,"BASIC_EPS":-0.021,"DILUTED_EPS":-0.021,"OPERATE_INCOME":164089000,"OPERATE_INCOME_YOY":-25.6476249598,"GROSS_PROFIT":18758000,"GROSS_PROFIT_YOY":-74.532964049093,"HOLDER_PROFIT":-31522000,"HOLDER_PROFIT_YOY":-535.5241935484,"GROSS_PROFIT_RATIO":11.431601143282,"EPS_TTM":-0.171042066812,"OPERATE_INCOME_QOQ":-15.087389147593,"NET_PROFIT_RATIO":-11.8563706281,"ROE_AVG":-7.275723660066,"GROSS_PROFIT_QOQ":-119.987760365441,"ROA":-1.953577587342,"HOLDER_PROFIT_QOQ":-11.51540112284,"ROE_YEARLY":-14.551447320132,"ROIC_YEARLY":-4.459046076479,"TOTAL_ASSETS":1593064000,"TOTAL_LIABILITIES":1002536000,"TAX_EBT":-30.71083042193,"OCF_SALES":21.958815033305,"TOTAL_PARENT_EQUITY":417488000,"DEBT_ASSET_RATIO":62.9313072168,"OPERATE_PROFIT":-3380000,"PRETAX_PROFIT":-14884000,"NETCASH_OPERATE":36032000,"NETCASH_INVEST":106000,"NETCASH_FINANCE":-43696000,"END_CASH":24950000,"DIVI_RATIO":null,"DIVIDEND_RATE":null,"CURRENT_RATIO":0.45694568303,"COMMON_ACS":5000000000,"CURRENTDEBT_DEBT":82.99372790603,"ISSUED_COMMON_SHARES":1503881500,"HK_COMMON_SHARES":1503881500,"PER_SHARES":20000,"TOTAL_MARKET_CAP":257163736.5,"HKSK_MARKET_CAP":257163736.5,"PE_TTM":-0.906484604251,"PB_TTM":0.562191485812,"REPORT_DATE_SQ":"2023-06-30 00:00:00","REPORT_TYPE_SQ":"2023年中报","OPERATE_INCOME_SQ":220691000,"DPS_HKD":null,"OPERATE_INCOME_QOQ_SQ":12.441889423875,"NET_PROFIT_RATIO_SQ":11.3217122583,"HOLDER_PROFIT_SQ":-4960000,"HOLDER_PROFIT_QOQ_SQ":3.720796331493,"ROE_AVG_SQ":-0.732433051041,"PE_TTM_SQ":-0.283632399865,"PB_TTM_SQ":0.141795955197,"ROA_SQ":-0.266374442446,"START_DATE":"2024-01-01 00:00:00","FISCAL_YEAR":"12-31","CURRENCY":"HKD","IS_CNY_CODE":0,"DPS_HKD_LY":null,"ORG_TYPE":"一般企业","PREMIUM_INCOME":null,"PREMIUM_INCOME_YOY":null,"NET_INTEREST_INCOME":null,"NET_INTEREST_INCOME_YOY":null,"FEE_COMMISSION_INCOME":null,"FEE_COMMISSION_INCOME_YOY":null,"ACCOUNTS_RECE_TDAYS":0.473200793623,"INVENTORY_TDAYS":null,"CURRENT_ASSETS_TDAYS":0.433534747193,"TOTAL_ASSETS_TDAYS":0.101694242982,"PREMIUM_EXPENSE":null,"LOAN_DEPOSIT":null,"LOAN_EQUITY":null,"LOAN_ASSETS":null,"DEPOSIT_EQUITY":null,"DEPOSIT_ASSETS":null,"EQUITY_MULTIPLIER":2.697694266827,"EQUITY_RATIO":2.401352853256},{"SECUCODE":"00871.HK","SECURITY_CODE":"00871","SECURITY_NAME_ABBR":"中国疏浚环保","ORG_CODE":"10175277","STD_REPORT_DATE":"2023-12-31 00:00:00","REPORT_DATE":"2023-12-31 00:00:00","DATE_TYPE_CODE":"001","REPORT_TYPE":"2023年年报","PER_NETCASH_OPERATE":0.059002654132,"PER_OI":0.249461809325,"BPS":0.298567407073,"BASIC_EPS":-0.1534,"DILUTED_EPS":-0.1534,"OPERATE_INCOME":375161000,"OPERATE_INCOME_YOY":-2.6749024572,"GROSS_PROFIT":45753000,"GROSS_PROFIT_YOY":-42.692702723014,"HOLDER_PROFIT":-230665000,"HOLDER_PROFIT_YOY":32.2392637136,"GROSS_PROFIT_RATIO":12.19556403784,"EPS_TTM":-0.153379770946,"OPERATE_INCOME_QOQ":-13.444092729655,"NET_PROFIT_RATIO":-56.4805510168,"ROE_AVG":-40.873228580162,"GROSS_PROFIT_QOQ":-63.401699009711,"ROA":-13.095946765727,"HOLDER_PROFIT_QOQ":29.620589177562,"ROE_YEARLY":-40.873228580162,"ROIC_YEARLY":-14.747873477676,"TOTAL_ASSETS":1634041000,"TOTAL_LIABILITIES":1016114000,"TAX_EBT":-9.335349146805,"OCF_SALES":23.651978750457,"TOTAL_PARENT_EQUITY":449010000,"DEBT_ASSET_RATIO":62.1841190031,"OPERATE_PROFIT":-169158000,"PRETAX_PROFIT":-193801000,"NETCASH_OPERATE":88733000,"NETCASH_INVEST":-43000,"NETCASH_FINANCE":-91249000,"END_CASH":32508000,"DIVI_RATIO":null,"DIVIDEND_RATE":null,"CURRENT_RATIO":0.454103252617,"COMMON_ACS":5000000000,"CURRENTDEBT_DEBT":81.657373090027,"ISSUED_COMMON_SHARES":1503881500,"HK_COMMON_SHARES":1503881500,"PER_SHARES":20000,"TOTAL_MARKET_CAP":270698670,"HKSK_MARKET_CAP":270698670,"PE_TTM":-0.954194320264,"PB_TTM":0.591780511381,"REPORT_DATE_SQ":"2022-12-31 00:00:00","REPORT_TYPE_SQ":"2022年年报","OPERATE_INCOME_SQ":385472000,"DPS_HKD":null,"OPERATE_INCOME_QOQ_SQ":-6.736057177006,"NET_PROFIT_RATIO_SQ":-81.7530196746,"HOLDER_PROFIT_SQ":-340411000,"HOLDER_PROFIT_QOQ_SQ":-108.701543139864,"ROE_AVG_SQ":-40.053984060112,"PE_TTM_SQ":-0.283632399865,"PB_TTM_SQ":0.141795955197,"ROA_SQ":-16.372600251882,"START_DATE":"2023-01-01 00:00:00","FISCAL_YEAR":"12-31","CURRENCY":"HKD","IS_CNY_CODE":0,"DPS_HKD_LY":null,"ORG_TYPE":"一般企业","PREMIUM_INCOME":null,"PREMIUM_INCOME_YOY":null,"NET_INTEREST_INCOME":null,"NET_INTEREST_INCOME_YOY":null,"FEE_COMMISSION_INCOME":null,"FEE_COMMISSION_INCOME_YOY":null,"ACCOUNTS_RECE_TDAYS":0.953889691225,"INVENTORY_TDAYS":null,"CURRENT_ASSETS_TDAYS":0.865730847868,"TOTAL_ASSETS_TDAYS":0.21299670451,"PREMIUM_EXPENSE":null,"LOAN_DEPOSIT":null,"LOAN_EQUITY":null,"LOAN_ASSETS":null,"DEPOSIT_EQUITY":null,"DEPOSIT_ASSETS":null,"EQUITY_MULTIPLIER":2.644391651439,"EQUITY_RATIO":2.263009732523},{"SECUCODE":"00871.HK","SECURITY_CODE":"00871","SECURITY_NAME_ABBR":"中国疏浚环保","ORG_CODE":"10175277","STD_REPORT_DATE":"2023-06-30 00:00:00","REPORT_DATE":"2023-06-30 00:00:00","DATE_TYPE_CODE":"002","REPORT_TYPE":"2023年中报","PER_NETCASH_OPERATE":0.03815992151,"PER_OI":0.146747599462,"BPS":0.448649045819,"BASIC_EPS":-0.0033,"DILUTED_EPS":-0.0033,"OPERATE_INCOME":220691000,"OPERATE_INCOME_YOY":27.7657166345,"GROSS_PROFIT":73656000,"GROSS_PROFIT_YOY":158.623595505618,"HOLDER_PROFIT":-4960000,"HOLDER_PROFIT_YOY":71.8597526381,"GROSS_PROFIT_RATIO":33.375171620048,"EPS_TTM":-0.217932729407,"OPERATE_INCOME_QOQ":12.441889423875,"NET_PROFIT_RATIO":11.3217122583,"ROE_AVG":-0.732433051041,"GROSS_PROFIT_QOQ":56.584583782159,"ROA":-0.266374442446,"HOLDER_PROFIT_QOQ":3.720796331493,"ROE_YEARLY":-1.464866102083,"ROIC_YEARLY":-0.599383094617,"TOTAL_ASSETS":1835429000,"TOTAL_LIABILITIES":980469000,"TAX_EBT":44.395237565372,"OCF_SALES":26.003779039472,"TOTAL_PARENT_EQUITY":674715000,"DEBT_ASSET_RATIO":53.4190644258,"OPERATE_PROFIT":55831000,"PRETAX_PROFIT":44935000,"NETCASH_OPERATE":57388000,"NETCASH_INVEST":-286000,"NETCASH_FINANCE":-51559000,"END_CASH":40610000,"DIVI_RATIO":null,"DIVIDEND_RATE":null,"CURRENT_RATIO":0.625714378134,"COMMON_ACS":5000000000,"CURRENTDEBT_DEBT":78.827071534133,"ISSUED_COMMON_SHARES":1503881500,"HK_COMMON_SHARES":1503881500,"PER_SHARES":20000,"TOTAL_MARKET_CAP":270698670,"HKSK_MARKET_CAP":270698670,"PE_TTM":-0.954194320264,"PB_TTM":0.591780511381,"REPORT_DATE_SQ":"2022-06-30 00:00:00","REPORT_TYPE_SQ":"2022年中报","OPERATE_INCOME_SQ":172731000,"DPS_HKD":null,"OPERATE_INCOME_QOQ_SQ":6.691981445007,"NET_PROFIT_RATIO_SQ":-3.4099264174,"HOLDER_PROFIT_SQ":-17626000,"HOLDER_PROFIT_QOQ_SQ":-821.944850174833,"ROE_AVG_SQ":-1.742951705425,"PE_TTM_SQ":-0.283632399865,"PB_TTM_SQ":0.141795955197,"ROA_SQ":-0.788378197894,"START_DATE":"2023-01-01 00:00:00","FISCAL_YEAR":"12-31","CURRENCY":"HKD","IS_CNY_CODE":0,"DPS_HKD_LY":null,"ORG_TYPE":"一般企业","PREMIUM_INCOME":null,"PREMIUM_INCOME_YOY":null,"NET_INTEREST_INCOME":null,"NET_INTEREST_INCOME_YOY":null,"FEE_COMMISSION_INCOME":null,"FEE_COMMISSION_INCOME_YOY":null,"ACCOUNTS_RECE_TDAYS":0.502648292418,"INVENTORY_TDAYS":null,"CURRENT_ASSETS_TDAYS":0.453393760908,"TOTAL_ASSETS_TDAYS":0.118521052576,"PREMIUM_EXPENSE":null,"LOAN_DEPOSIT":null,"LOAN_EQUITY":null,"LOAN_ASSETS":null,"DEPOSIT_EQUITY":null,"DEPOSIT_ASSETS":null,"EQUITY_MULTIPLIER":2.14680101993,"EQUITY_RATIO":1.453160223205},{"SECUCODE":"00871.HK","SECURITY_CODE":"00871","SECURITY_NAME_ABBR":"中国疏浚环保","ORG_CODE":"10175277","STD_REPORT_DATE":"2022-12-31 00:00:00","REPORT_DATE":"2022-12-31 00:00:00","DATE_TYPE_CODE":"001","REPORT_TYPE":"2022年年报","PER_NETCASH_OPERATE":0.069340569719,"PER_OI":0.256318067614,"BPS":0.451947178019,"BASIC_EPS":-0.2264,"DILUTED_EPS":-0.2264,"OPERATE_INCOME":385472000,"OPERATE_INCOME_YOY":-0.4948514284,"GROSS_PROFIT":79838000,"GROSS_PROFIT_YOY":128.585335127552,"HOLDER_PROFIT":-340411000,"HOLDER_PROFIT_YOY":-1606.7100429337,"GROSS_PROFIT_RATIO":20.711750788644,"EPS_TTM":-0.226354935545,"OPERATE_INCOME_QOQ":-6.736057177006,"NET_PROFIT_RATIO":-81.7530196746,"ROE_AVG":-40.053984060112,"GROSS_PROFIT_QOQ":67.116004521288,"ROA":-16.372600251882,"HOLDER_PROFIT_QOQ":-108.701543139864,"ROE_YEARLY":-40.053984060112,"ROIC_YEARLY":-17.951955811349,"TOTAL_ASSETS":1888652000,"TOTAL_LIABILITIES":1050888000,"TAX_EBT":-4.445136764516,"OCF_SALES":27.052548563839,"TOTAL_PARENT_EQUITY":679675000,"DEBT_ASSET_RATIO":55.6422252485,"OPERATE_PROFIT":-275243000,"PRETAX_PROFIT":-301723000,"NETCASH_OPERATE":104280000,"NETCASH_INVEST":-2612000,"NETCASH_FINANCE":-98676000,"END_CASH":35067000,"DIVI_RATIO":null,"DIVIDEND_RATE":null,"CURRENT_RATIO":0.600934935964,"COMMON_ACS":5000000000,"CURRENTDEBT_DEBT":77.576582851836,"ISSUED_COMMON_SHARES":1503881500,"HK_COMMON_SHARES":1503881500,"PER_SHARES":20000,"TOTAL_MARKET_CAP":270698670,"HKSK_MARKET_CAP":270698670,"PE_TTM":-0.954194320264,"PB_TTM":0.591780511381,"REPORT_DATE_SQ":"2021-12-31 00:00:00","REPORT_TYPE_SQ":"2021年年报","OPERATE_INCOME_SQ":387389000,"DPS_HKD":null,"OPERATE_INCOME_QOQ_SQ":23.682286495133,"NET_PROFIT_RATIO_SQ":10.64950218,"HOLDER_PROFIT_SQ":22593000,"HOLDER_PROFIT_QOQ_SQ":107.943422495992,"ROE_AVG_SQ":2.34341330548,"PE_TTM_SQ":-0.283632399865,"PB_TTM_SQ":0.141795955197,"ROA_SQ":0.965922718487,"START_DATE":"2022-01-01 00:00:00","FISCAL_YEAR":"12-31","CURRENCY":"HKD","IS_CNY_CODE":0,"DPS_HKD_LY":null,"ORG_TYPE":"一般企业","PREMIUM_INCOME":null,"PREMIUM_INCOME_YOY":null,"NET_INTEREST_INCOME":null,"NET_INTEREST_INCOME_YOY":null,"FEE_COMMISSION_INCOME":null,"FEE_COMMISSION_INCOME_YOY":null,"ACCOUNTS_RECE_TDAYS":0.743292049186,"INVENTORY_TDAYS":null,"CURRENT_ASSETS_TDAYS":0.68983832809,"TOTAL_ASSETS_TDAYS":0.185398796287,"PREMIUM_EXPENSE":null,"LOAN_DEPOSIT":null,"LOAN_EQUITY":null,"LOAN_ASSETS":null,"DEPOSIT_EQUITY":null,"DEPOSIT_ASSETS":null,"EQUITY_MULTIPLIER":2.254396226146,"EQUITY_RATIO":1.546162504138},{"SECUCODE":"00871.HK","SECURITY_CODE":"00871","SECURITY_NAME_ABBR":"中国疏浚环保","ORG_CODE":"10175277","STD_REPORT_DATE":"2022-06-30 00:00:00","REPORT_DATE":"2022-06-30 00:00:00","DATE_TYPE_CODE":"002","REPORT_TYPE":"2022年中报","PER_NETCASH_OPERATE":0.020710408367,"PER_OI":0.114856788916,"BPS":0.666581775226,"BASIC_EPS":-0.0117,"DILUTED_EPS":-0.0117,"OPERATE_INCOME":172731000,"OPERATE_INCOME_YOY":17.6585585156,"GROSS_PROFIT":28480000,"GROSS_PROFIT_YOY":82.17872449306,"HOLDER_PROFIT":-17626000,"HOLDER_PROFIT_YOY":-110.4869225826,"GROSS_PROFIT_RATIO":16.488065257539,"EPS_TTM":-0.108458678426,"OPERATE_INCOME_QOQ":6.691981445007,"NET_PROFIT_RATIO":-3.4099264174,"ROE_AVG":-1.742951705425,"GROSS_PROFIT_QOQ":36.782431929453,"ROA":-0.788378197894,"HOLDER_PROFIT_QOQ":-821.944850174833,"ROE_YEARLY":-3.485903410849,"ROIC_YEARLY":-1.711999708612,"TOTAL_ASSETS":2201809000,"TOTAL_LIABILITIES":1047010000,"TAX_EBT":256.565656565657,"OCF_SALES":18.031505635931,"TOTAL_PARENT_EQUITY":1002460000,"DEBT_ASSET_RATIO":47.5522627076,"OPERATE_PROFIT":17029000,"PRETAX_PROFIT":3762000,"NETCASH_OPERATE":31146000,"NETCASH_INVEST":-395000,"NETCASH_FINANCE":-34610000,"END_CASH":28216000,"DIVI_RATIO":null,"DIVIDEND_RATE":null,"CURRENT_RATIO":0.783662151394,"COMMON_ACS":5000000000,"CURRENTDEBT_DEBT":74.915712361869,"ISSUED_COMMON_SHARES":1503881500,"HK_COMMON_SHARES":1503881500,"PER_SHARES":20000,"TOTAL_MARKET_CAP":270698670,"HKSK_MARKET_CAP":270698670,"PE_TTM":-0.954194320264,"PB_TTM":0.591780511381,"REPORT_DATE_SQ":"2021-06-30 00:00:00","REPORT_TYPE_SQ":"2021年中报","OPERATE_INCOME_SQ":146807000,"DPS_HKD":null,"OPERATE_INCOME_QOQ_SQ":9.384614847332,"NET_PROFIT_RATIO_SQ":120.1202939914,"HOLDER_PROFIT_SQ":168076000,"HOLDER_PROFIT_QOQ_SQ":45.986862469924,"ROE_AVG_SQ":16.226191228979,"PE_TTM_SQ":-0.283632399865,"PB_TTM_SQ":0.141795955197,"ROA_SQ":6.915498318195,"START_DATE":"2022-01-01 00:00:00","FISCAL_YEAR":"12-31","CURRENCY":"HKD","IS_CNY_CODE":0,"DPS_HKD_LY":null,"ORG_TYPE":"一般企业","PREMIUM_INCOME":null,"PREMIUM_INCOME_YOY":null,"NET_INTEREST_INCOME":null,"NET_INTEREST_INCOME_YOY":null,"FEE_COMMISSION_INCOME":null,"FEE_COMMISSION_INCOME_YOY":null,"ACCOUNTS_RECE_TDAYS":null,"INVENTORY_TDAYS":null,"CURRENT_ASSETS_TDAYS":0.278071620776,"TOTAL_ASSETS_TDAYS":0.077259363724,"PREMIUM_EXPENSE":null,"LOAN_DEPOSIT":null,"LOAN_EQUITY":null,"LOAN_ASSETS":null,"DEPOSIT_EQUITY":null,"DEPOSIT_ASSETS":null,"EQUITY_MULTIPLIER":1.906659946882,"EQUITY_RATIO":1.044440675937},{"SECUCODE":"00871.HK","SECURITY_CODE":"00871","SECURITY_NAME_ABBR":"中国疏浚环保","ORG_CODE":"10175277","STD_REPORT_DATE":"2021-12-31 00:00:00","REPORT_DATE":"2021-12-31 00:00:00","DATE_TYPE_CODE":"001","REPORT_TYPE":"2021年年报","PER_NETCASH_OPERATE":0.077288004407,"PER_OI":0.257592769111,"BPS":0.678302113564,"BASIC_EPS":0.0164,"DILUTED_EPS":0.0164,"OPERATE_INCOME":387389000,"OPERATE_INCOME_YOY":35.2893927171,"GROSS_PROFIT":34927000,"GROSS_PROFIT_YOY":180.192404830785,"HOLDER_PROFIT":22593000,"HOLDER_PROFIT_YOY":104.2904917174,"GROSS_PROFIT_RATIO":9.016002003154,"EPS_TTM":0.01502312516,"OPERATE_INCOME_QOQ":23.682286495133,"NET_PROFIT_RATIO":10.64950218,"ROE_AVG":2.34341330548,"GROSS_PROFIT_QOQ":361.625468164794,"ROA":0.965922718487,"HOLDER_PROFIT_QOQ":107.943422495992,"ROE_YEARLY":2.34341330548,"ROIC_YEARLY":1.039643871471,"TOTAL_ASSETS":2269649000,"TOTAL_LIABILITIES":1108960000,"TAX_EBT":-1.508291914768,"OCF_SALES":30.003949518443,"TOTAL_PARENT_EQUITY":1020086000,"DEBT_ASSET_RATIO":48.8604185052,"OPERATE_PROFIT":-52864000,"PRETAX_PROFIT":40642000,"NETCASH_OPERATE":116232000,"NETCASH_INVEST":-27426000,"NETCASH_FINANCE":-86040000,"END_CASH":32075000,"DIVI_RATIO":null,"DIVIDEND_RATE":null,"CURRENT_RATIO":0.763543424233,"COMMON_ACS":5000000000,"CURRENTDEBT_DEBT":74.127200259703,"ISSUED_COMMON_SHARES":1503881500,"HK_COMMON_SHARES":1503881500,"PER_SHARES":20000,"TOTAL_MARKET_CAP":270698670,"HKSK_MARKET_CAP":270698670,"PE_TTM":-0.954194320264,"PB_TTM":0.591780511381,"REPORT_DATE_SQ":"2020-12-31 00:00:00","REPORT_TYPE_SQ":"2020年年报","OPERATE_INCOME_SQ":286341000,"DPS_HKD":null,"OPERATE_INCOME_QOQ_SQ":-1.894336519683,"NET_PROFIT_RATIO_SQ":-187.665755166,"HOLDER_PROFIT_SQ":-526583000,"HOLDER_PROFIT_QOQ_SQ":6.739881588059,"ROE_AVG_SQ":-45.297540296844,"PE_TTM_SQ":-0.283632399865,"PB_TTM_SQ":0.141795955197,"ROA_SQ":-20.03918536902,"START_DATE":"2021-01-01 00:00:00","FISCAL_YEAR":"12-31","CURRENCY":"HKD","IS_CNY_CODE":0,"DPS_HKD_LY":null,"ORG_TYPE":"一般企业","PREMIUM_INCOME":null,"PREMIUM_INCOME_YOY":null,"NET_INTEREST_INCOME":null,"NET_INTEREST_INCOME_YOY":null,"FEE_COMMISSION_INCOME":null,"FEE_COMMISSION_INCOME_YOY":null,"ACCOUNTS_RECE_TDAYS":0.662972920706,"INVENTORY_TDAYS":null,"CURRENT_ASSETS_TDAYS":0.624967129409,"TOTAL_ASSETS_TDAYS":0.165621137517,"PREMIUM_EXPENSE":null,"LOAN_DEPOSIT":null,"LOAN_EQUITY":null,"LOAN_ASSETS":null,"DEPOSIT_EQUITY":null,"DEPOSIT_ASSETS":null,"EQUITY_MULTIPLIER":1.955432506036,"EQUITY_RATIO":1.087124026798},{"SECUCODE":"00871.HK","SECURITY_CODE":"00871","SECURITY_NAME_ABBR":"中国疏浚环保","ORG_CODE":"10175277","STD_REPORT_DATE":"2021-06-30 00:00:00","REPORT_DATE":"2021-06-30 00:00:00","DATE_TYPE_CODE":"002","REPORT_TYPE":"2021年中报","PER_NETCASH_OPERATE":0.023086260453,"PER_OI":0.097618728603,"BPS":0.773688618418,"BASIC_EPS":0.1341,"DILUTED_EPS":0.1341,"OPERATE_INCOME":146807000,"OPERATE_INCOME_YOY":22.4054696294,"GROSS_PROFIT":15633000,"GROSS_PROFIT_YOY":207.288449660284,"HOLDER_PROFIT":168076000,"HOLDER_PROFIT_YOY":326.875261531,"GROSS_PROFIT_RATIO":10.648674790712,"EPS_TTM":-0.189126603393,"OPERATE_INCOME_QOQ":9.384614847332,"NET_PROFIT_RATIO":120.1202939914,"ROE_AVG":16.226191228979,"GROSS_PROFIT_QOQ":69.348395095743,"ROA":6.915498318195,"HOLDER_PROFIT_QOQ":45.986862469924,"ROE_YEARLY":32.452382457958,"ROIC_YEARLY":14.782881160459,"TOTAL_ASSETS":2452485000,"TOTAL_LIABILITIES":1158738000,"TAX_EBT":2.686341487642,"OCF_SALES":23.64941726212,"TOTAL_PARENT_EQUITY":1163536000,"DEBT_ASSET_RATIO":47.247506101,"OPERATE_PROFIT":198658000,"PRETAX_PROFIT":181213000,"NETCASH_OPERATE":34719000,"NETCASH_INVEST":-15206000,"NETCASH_FINANCE":-25078000,"END_CASH":23744000,"DIVI_RATIO":null,"DIVIDEND_RATE":null,"CURRENT_RATIO":0.645429956348,"COMMON_ACS":5000000000,"CURRENTDEBT_DEBT":77.341383470638,"ISSUED_COMMON_SHARES":1503881500,"HK_COMMON_SHARES":1503881500,"PER_SHARES":20000,"TOTAL_MARKET_CAP":270698670,"HKSK_MARKET_CAP":270698670,"PE_TTM":-0.954194320264,"PB_TTM":0.591780511381,"REPORT_DATE_SQ":"2020-06-30 00:00:00","REPORT_TYPE_SQ":"2020年中报","OPERATE_INCOME_SQ":119935000,"DPS_HKD":null,"OPERATE_INCOME_QOQ_SQ":-34.02099609375,"NET_PROFIT_RATIO_SQ":-61.4307750031,"HOLDER_PROFIT_SQ":-74083000,"HOLDER_PROFIT_QOQ_SQ":-9.090856398743,"ROE_AVG_SQ":-5.368436422873,"PE_TTM_SQ":-0.283632399865,"PB_TTM_SQ":0.141795955197,"ROA_SQ":-2.649484340672,"START_DATE":"2021-01-01 00:00:00","FISCAL_YEAR":"12-31","CURRENCY":"HKD","IS_CNY_CODE":0,"DPS_HKD_LY":null,"ORG_TYPE":"一般企业","PREMIUM_INCOME":null,"PREMIUM_INCOME_YOY":null,"NET_INTEREST_INCOME":null,"NET_INTEREST_INCOME_YOY":null,"FEE_COMMISSION_INCOME":null,"FEE_COMMISSION_INCOME_YOY":null,"ACCOUNTS_RECE_TDAYS":0.260885636069,"INVENTORY_TDAYS":null,"CURRENT_ASSETS_TDAYS":0.246637042513,"TOTAL_ASSETS_TDAYS":0.060403838835,"PREMIUM_EXPENSE":null,"LOAN_DEPOSIT":null,"LOAN_EQUITY":null,"LOAN_ASSETS":null,"DEPOSIT_EQUITY":null,"DEPOSIT_ASSETS":null,"EQUITY_MULTIPLIER":1.89564497541,"EQUITY_RATIO":0.995876363086},{"SECUCODE":"00871.HK","SECURITY_CODE":"00871","SECURITY_NAME_ABBR":"中国疏浚环保","ORG_CODE":"10175277","STD_REPORT_DATE":"2020-12-31 00:00:00","REPORT_DATE":"2020-12-31 00:00:00","DATE_TYPE_CODE":"001","REPORT_TYPE":"2020年年报","PER_NETCASH_OPERATE":0.018452268494,"PER_OI":0.145035438182,"BPS":0.603855423449,"BASIC_EPS":-0.5501,"DILUTED_EPS":-0.5501,"OPERATE_INCOME":286341000,"OPERATE_INCOME_YOY":-35.2708604601,"GROSS_PROFIT":-43554000,"GROSS_PROFIT_YOY":-184.794797912935,"HOLDER_PROFIT":-526583000,"HOLDER_PROFIT_YOY":-1.7382618541,"GROSS_PROFIT_RATIO":-15.210535689964,"EPS_TTM":-0.266721133698,"OPERATE_INCOME_QOQ":-1.894336519683,"NET_PROFIT_RATIO":-187.665755166,"ROE_AVG":-45.297540296844,"GROSS_PROFIT_QOQ":-790.019011406844,"ROA":-20.03918536902,"HOLDER_PROFIT_QOQ":6.739881588059,"ROE_YEARLY":-45.297540296844,"ROIC_YEARLY":-21.329615989708,"TOTAL_ASSETS":2408365000,"TOTAL_LIABILITIES":1370507000,"TAX_EBT":-2.289776999438,"OCF_SALES":12.722592992272,"TOTAL_PARENT_EQUITY":908127000,"DEBT_ASSET_RATIO":56.9061168054,"OPERATE_PROFIT":-331990000,"PRETAX_PROFIT":-525335000,"NETCASH_OPERATE":36430000,"NETCASH_INVEST":-9793000,"NETCASH_FINANCE":-9940000,"END_CASH":29309000,"DIVI_RATIO":null,"DIVIDEND_RATE":null,"CURRENT_RATIO":0.523342126302,"COMMON_ACS":5000000000,"CURRENTDEBT_DEBT":85.333019094394,"ISSUED_COMMON_SHARES":1503881500,"HK_COMMON_SHARES":1503881500,"PER_SHARES":20000,"TOTAL_MARKET_CAP":270698670,"HKSK_MARKET_CAP":270698670,"PE_TTM":-0.954194320264,"PB_TTM":0.591780511381,"REPORT_DATE_SQ":"2019-12-31 00:00:00","REPORT_TYPE_SQ":"2019年年报","OPERATE_INCOME_SQ":442368000,"DPS_HKD":null,"OPERATE_INCOME_QOQ_SQ":-17.643510606213,"NET_PROFIT_RATIO_SQ":-118.0076316551,"HOLDER_PROFIT_SQ":-517586000,"HOLDER_PROFIT_QOQ_SQ":-69.310635847983,"ROE_AVG_SQ":-30.897963520792,"PE_TTM_SQ":-0.283632399865,"PB_TTM_SQ":0.141795955197,"ROA_SQ":-16.706413793493,"START_DATE":"2020-01-01 00:00:00","FISCAL_YEAR":"12-31","CURRENCY":"HKD","IS_CNY_CODE":0,"DPS_HKD_LY":null,"ORG_TYPE":"一般企业","PREMIUM_INCOME":null,"PREMIUM_INCOME_YOY":null,"NET_INTEREST_INCOME":null,"NET_INTEREST_INCOME_YOY":null,"FEE_COMMISSION_INCOME":null,"FEE_COMMISSION_INCOME_YOY":null,"ACCOUNTS_RECE_TDAYS":0.397581528644,"INVENTORY_TDAYS":null,"CURRENT_ASSETS_TDAYS":0.384784703269,"TOTAL_ASSETS_TDAYS":0.108967444406,"PREMIUM_EXPENSE":null,"LOAN_DEPOSIT":null,"LOAN_EQUITY":null,"LOAN_ASSETS":null,"DEPOSIT_EQUITY":null,"DEPOSIT_ASSETS":null,"EQUITY_MULTIPLIER":2.320514945205,"EQUITY_RATIO":1.509157860079},{"SECUCODE":"00871.HK","SECURITY_CODE":"00871","SECURITY_NAME_ABBR":"中国疏浚环保","ORG_CODE":"10175277","STD_REPORT_DATE":"2020-06-30 00:00:00","REPORT_DATE":"2020-06-30 00:00:00","DATE_TYPE_CODE":"002","REPORT_TYPE":"2020年中报","PER_NETCASH_OPERATE":0.026900905291,"PER_OI":0.06074863634,"BPS":0.893074354595,"BASIC_EPS":-0.08,"DILUTED_EPS":-0.08,"OPERATE_INCOME":119935000,"OPERATE_INCOME_YOY":-55.6507526818,"GROSS_PROFIT":-14571000,"GROSS_PROFIT_YOY":-147.803549752305,"HOLDER_PROFIT":-74083000,"HOLDER_PROFIT_YOY":-174.0769515353,"GROSS_PROFIT_RATIO":-12.149080752074,"EPS_TTM":-0.285996992326,"OPERATE_INCOME_QOQ":-34.02099609375,"NET_PROFIT_RATIO":-61.4307750031,"ROE_AVG":-5.368436422873,"GROSS_PROFIT_QOQ":-87.711237442567,"ROA":-2.649484340672,"HOLDER_PROFIT_QOQ":-9.090856398743,"ROE_YEARLY":-10.736872845747,"ROIC_YEARLY":-5.626783101726,"TOTAL_ASSETS":2745090000,"TOTAL_LIABILITIES":1261094000,"TAX_EBT":-0.66951781054,"OCF_SALES":44.282319589778,"TOTAL_PARENT_EQUITY":1343078000,"DEBT_ASSET_RATIO":45.9399873957,"OPERATE_PROFIT":-47325000,"PRETAX_PROFIT":-73187000,"NETCASH_OPERATE":53110000,"NETCASH_INVEST":-16245000,"NETCASH_FINANCE":-23509000,"END_CASH":25968000,"DIVI_RATIO":null,"DIVIDEND_RATE":null,"CURRENT_RATIO":0.696523872832,"COMMON_ACS":5000000000,"CURRENTDEBT_DEBT":91.972049664815,"ISSUED_COMMON_SHARES":1503881500,"HK_COMMON_SHARES":1503881500,"PER_SHARES":20000,"TOTAL_MARKET_CAP":270698670,"HKSK_MARKET_CAP":270698670,"PE_TTM":-0.954194320264,"PB_TTM":0.591780511381,"REPORT_DATE_SQ":"2019-06-30 00:00:00","REPORT_TYPE_SQ":"2019年中报","OPERATE_INCOME_SQ":270433000,"DPS_HKD":null,"OPERATE_INCOME_QOQ_SQ":-13.201461460523,"NET_PROFIT_RATIO_SQ":-9.3379875977,"HOLDER_PROFIT_SQ":-27030000,"HOLDER_PROFIT_QOQ_SQ":-18.192749190982,"ROE_AVG_SQ":-1.407879960915,"PE_TTM_SQ":-0.283632399865,"PB_TTM_SQ":0.141795955197,"ROA_SQ":-0.810647523829,"START_DATE":"2020-01-01 00:00:00","FISCAL_YEAR":"12-31","CURRENCY":"HKD","IS_CNY_CODE":0,"DPS_HKD_LY":null,"ORG_TYPE":"一般企业","PREMIUM_INCOME":null,"PREMIUM_INCOME_YOY":null,"NET_INTEREST_INCOME":null,"NET_INTEREST_INCOME_YOY":null,"FEE_COMMISSION_INCOME":null,"FEE_COMMISSION_INCOME_YOY":null,"ACCOUNTS_RECE_TDAYS":0.145789889219,"INVENTORY_TDAYS":null,"CURRENT_ASSETS_TDAYS":0.142428945846,"TOTAL_ASSETS_TDAYS":0.04289322846,"PREMIUM_EXPENSE":null,"LOAN_DEPOSIT":null,"LOAN_EQUITY":null,"LOAN_ASSETS":null,"DEPOSIT_EQUITY":null,"DEPOSIT_ASSETS":null,"EQUITY_MULTIPLIER":1.849796091095,"EQUITY_RATIO":0.938958124547}],"count":31},"success":true,"message":"ok","code":0}