{"version":"b0b54c247df6857801bc315dba7961d8","result":{"pages":5,"data":[{"SECUCODE":"00889.HK","SECURITY_CODE":"00889","SECURITY_NAME_ABBR":"连达科技控股","ORG_CODE":"10009144","STD_REPORT_DATE":"2024-06-30 00:00:00","REPORT_DATE":"2024-06-30 00:00:00","DATE_TYPE_CODE":"002","REPORT_TYPE":"2024年中报","PER_NETCASH_OPERATE":0.04686041375,"PER_OI":0.275968762875,"BPS":2.2590769445,"BASIC_EPS":-0.04289596,"DILUTED_EPS":-0.04289596,"OPERATE_INCOME":88310004.12,"OPERATE_INCOME_YOY":-12.2231999492,"GROSS_PROFIT":23438535.08,"GROSS_PROFIT_YOY":-15.971586915805,"HOLDER_PROFIT":-13747698.84,"HOLDER_PROFIT_YOY":-7.7621977393,"GROSS_PROFIT_RATIO":26.541200301781,"EPS_TTM":-0.071297669813,"OPERATE_INCOME_QOQ":-6.609496897989,"NET_PROFIT_RATIO":-15.5675441044,"ROE_AVG":-1.876600118354,"GROSS_PROFIT_QOQ":-6.66740482152,"ROA":-1.734112031719,"HOLDER_PROFIT_QOQ":-3.918299775973,"ROE_YEARLY":-3.753200236709,"ROIC_YEARLY":-4.192055882946,"TOTAL_ASSETS":784797103.76,"TOTAL_LIABILITIES":61892481.52,"TAX_EBT":-13.128051070222,"OCF_SALES":16.980332578882,"TOTAL_PARENT_EQUITY":722904622.24,"DEBT_ASSET_RATIO":7.8864309289,"OPERATE_PROFIT":-12082057.84,"PRETAX_PROFIT":-12152334.2,"NETCASH_OPERATE":14995332.4,"NETCASH_INVEST":-5348304.8,"NETCASH_FINANCE":-212654.44,"END_CASH":141275562.56,"DIVI_RATIO":null,"DIVIDEND_RATE":null,"CURRENT_RATIO":9.590089095059,"COMMON_ACS":1000000000,"CURRENTDEBT_DEBT":40.053676232047,"ISSUED_COMMON_SHARES":320000000,"HK_COMMON_SHARES":320000000,"PER_SHARES":2000,"TOTAL_MARKET_CAP":83200000,"HKSK_MARKET_CAP":83200000,"PE_TTM":-3.286978508217,"PB_TTM":0.105041486337,"REPORT_DATE_SQ":"2023-06-30 00:00:00","REPORT_TYPE_SQ":"2023年中报","OPERATE_INCOME_SQ":101632621.34,"DPS_HKD":null,"OPERATE_INCOME_QOQ_SQ":-3.071347101726,"NET_PROFIT_RATIO_SQ":-12.6804133064,"HOLDER_PROFIT_SQ":-12887436.44,"HOLDER_PROFIT_QOQ_SQ":12.344746628262,"ROE_AVG_SQ":-1.663433732789,"PE_TTM_SQ":3.04658947821,"PB_TTM_SQ":0.119468845367,"ROA_SQ":-1.522786509754,"START_DATE":"2024-01-01 00:00:00","FISCAL_YEAR":"12-31","CURRENCY":"HKD","IS_CNY_CODE":0,"DPS_HKD_LY":null,"ORG_TYPE":"一般企业","PREMIUM_INCOME":null,"PREMIUM_INCOME_YOY":null,"NET_INTEREST_INCOME":null,"NET_INTEREST_INCOME_YOY":null,"FEE_COMMISSION_INCOME":null,"FEE_COMMISSION_INCOME_YOY":null,"ACCOUNTS_RECE_TDAYS":3.986855930283,"INVENTORY_TDAYS":0.834224347877,"CURRENT_ASSETS_TDAYS":0.363402482925,"TOTAL_ASSETS_TDAYS":0.111392781038,"PREMIUM_EXPENSE":null,"LOAN_DEPOSIT":null,"LOAN_EQUITY":null,"LOAN_ASSETS":null,"DEPOSIT_EQUITY":null,"DEPOSIT_ASSETS":null,"EQUITY_MULTIPLIER":1.085616386472,"EQUITY_RATIO":0.085616386472},{"SECUCODE":"00889.HK","SECURITY_CODE":"00889","SECURITY_NAME_ABBR":"连达科技控股","ORG_CODE":"10009144","STD_REPORT_DATE":"2023-12-31 00:00:00","REPORT_DATE":"2023-12-31 00:00:00","DATE_TYPE_CODE":"001","REPORT_TYPE":"2023年年报","PER_NETCASH_OPERATE":0.051139127375,"PER_OI":0.629899362313,"BPS":2.303163793875,"BASIC_EPS":-0.06887272,"DILUTED_EPS":-0.06887272,"OPERATE_INCOME":201567795.94,"OPERATE_INCOME_YOY":-15.241365119,"GROSS_PROFIT":66818319.26,"GROSS_PROFIT_YOY":-7.277615609737,"HOLDER_PROFIT":-21954991.94,"HOLDER_PROFIT_YOY":-186.9130044843,"GROSS_PROFIT_RATIO":33.149302917362,"EPS_TTM":-0.068609349813,"OPERATE_INCOME_QOQ":-11.287938740079,"NET_PROFIT_RATIO":-10.8921129179,"ROE_AVG":-2.912669215418,"GROSS_PROFIT_QOQ":-16.122550674098,"ROA":-2.685239936446,"HOLDER_PROFIT_QOQ":-178.484317889327,"ROE_YEARLY":-2.912669215418,"ROIC_YEARLY":-3.182509922766,"TOTAL_ASSETS":795095678.72,"TOTAL_LIABILITIES":58083264.68,"TAX_EBT":-2.379141311697,"OCF_SALES":8.118618692875,"TOTAL_PARENT_EQUITY":737012414.04,"DEBT_ASSET_RATIO":7.3051918448,"OPERATE_PROFIT":-21315200.62,"PRETAX_PROFIT":-21444790.08,"NETCASH_OPERATE":16364520.76,"NETCASH_INVEST":-8169573.3,"NETCASH_FINANCE":-1091088.88,"END_CASH":131561394.72,"DIVI_RATIO":null,"DIVIDEND_RATE":null,"CURRENT_RATIO":11.999602999559,"COMMON_ACS":1000000000,"CURRENTDEBT_DEBT":35.369925422036,"ISSUED_COMMON_SHARES":320000000,"HK_COMMON_SHARES":320000000,"PER_SHARES":2000,"TOTAL_MARKET_CAP":88000000,"HKSK_MARKET_CAP":88000000,"PE_TTM":-3.476611883692,"PB_TTM":0.111101572087,"REPORT_DATE_SQ":"2022-12-31 00:00:00","REPORT_TYPE_SQ":"2022年年报","OPERATE_INCOME_SQ":234415486.48,"DPS_HKD":null,"OPERATE_INCOME_QOQ_SQ":11.232075003912,"NET_PROFIT_RATIO_SQ":10.6221229766,"HOLDER_PROFIT_SQ":24899901.25,"HOLDER_PROFIT_QOQ_SQ":814.888752820233,"ROE_AVG_SQ":3.225401468469,"PE_TTM_SQ":2.948312398268,"PB_TTM_SQ":0.115615011646,"ROA_SQ":2.908827181751,"START_DATE":"2023-01-01 00:00:00","FISCAL_YEAR":"12-31","CURRENCY":"HKD","IS_CNY_CODE":0,"DPS_HKD_LY":null,"ORG_TYPE":"一般企业","PREMIUM_INCOME":null,"PREMIUM_INCOME_YOY":null,"NET_INTEREST_INCOME":null,"NET_INTEREST_INCOME_YOY":null,"FEE_COMMISSION_INCOME":null,"FEE_COMMISSION_INCOME_YOY":null,"ACCOUNTS_RECE_TDAYS":6.786276543813,"INVENTORY_TDAYS":1.511517270824,"CURRENT_ASSETS_TDAYS":0.786163922142,"TOTAL_ASSETS_TDAYS":0.246530673771,"PREMIUM_EXPENSE":null,"LOAN_DEPOSIT":null,"LOAN_EQUITY":null,"LOAN_ASSETS":null,"DEPOSIT_EQUITY":null,"DEPOSIT_ASSETS":null,"EQUITY_MULTIPLIER":1.078809072376,"EQUITY_RATIO":0.078809072376},{"SECUCODE":"00889.HK","SECURITY_CODE":"00889","SECURITY_NAME_ABBR":"连达科技控股","ORG_CODE":"10009144","STD_REPORT_DATE":"2023-06-30 00:00:00","REPORT_DATE":"2023-06-30 00:00:00","DATE_TYPE_CODE":"002","REPORT_TYPE":"2023年中报","PER_NETCASH_OPERATE":0.032407597,"PER_OI":0.317601941688,"BPS":2.392370991125,"BASIC_EPS":-0.04056712,"DILUTED_EPS":-0.04056712,"OPERATE_INCOME":101632621.34,"OPERATE_INCOME_YOY":-13.3803757632,"GROSS_PROFIT":27893582.92,"GROSS_PROFIT_YOY":37.443956880112,"HOLDER_PROFIT":-12887436.44,"HOLDER_PROFIT_YOY":25.1071581655,"GROSS_PROFIT_RATIO":27.445501800731,"EPS_TTM":0.087417909281,"OPERATE_INCOME_QOQ":-3.071347101726,"NET_PROFIT_RATIO":-12.6804133064,"ROE_AVG":-1.663433732789,"GROSS_PROFIT_QOQ":10.545069187779,"ROA":-1.522786509754,"HOLDER_PROFIT_QOQ":12.344746628262,"ROE_YEARLY":-3.326867465578,"ROIC_YEARLY":-3.587800758731,"TOTAL_ASSETS":837862232.72,"TOTAL_LIABILITIES":72303515.56,"TAX_EBT":-12.553345680006,"OCF_SALES":10.203840955068,"TOTAL_PARENT_EQUITY":765558717.16,"DEBT_ASSET_RATIO":8.6295231765,"OPERATE_PROFIT":-11432552,"PRETAX_PROFIT":-11450069.62,"NETCASH_OPERATE":10370431.04,"NETCASH_INVEST":-3835436.8,"NETCASH_FINANCE":-472053.76,"END_CASH":129705068.38,"DIVI_RATIO":null,"DIVIDEND_RATE":null,"CURRENT_RATIO":11.166976688962,"COMMON_ACS":1000000000,"CURRENTDEBT_DEBT":32.219275203387,"ISSUED_COMMON_SHARES":320000000,"HK_COMMON_SHARES":320000000,"PER_SHARES":2000,"TOTAL_MARKET_CAP":88000000,"HKSK_MARKET_CAP":88000000,"PE_TTM":-3.476611883692,"PB_TTM":0.111101572087,"REPORT_DATE_SQ":"2022-06-30 00:00:00","REPORT_TYPE_SQ":"2022年中报","OPERATE_INCOME_SQ":108832334.59,"DPS_HKD":null,"OPERATE_INCOME_QOQ_SQ":5.812338140307,"NET_PROFIT_RATIO_SQ":-14.6659227886,"HOLDER_PROFIT_SQ":-15961266.16,"HOLDER_PROFIT_QOQ_SQ":-211.345664589691,"ROE_AVG_SQ":-2.167627624245,"PE_TTM_SQ":2.948312398268,"PB_TTM_SQ":0.115615011646,"ROA_SQ":-1.926232638208,"START_DATE":"2023-01-01 00:00:00","FISCAL_YEAR":"12-31","CURRENCY":"HKD","IS_CNY_CODE":0,"DPS_HKD_LY":null,"ORG_TYPE":"一般企业","PREMIUM_INCOME":null,"PREMIUM_INCOME_YOY":null,"NET_INTEREST_INCOME":null,"NET_INTEREST_INCOME_YOY":null,"FEE_COMMISSION_INCOME":null,"FEE_COMMISSION_INCOME_YOY":null,"ACCOUNTS_RECE_TDAYS":3.354931977965,"INVENTORY_TDAYS":0.778316254537,"CURRENT_ASSETS_TDAYS":0.382767427285,"TOTAL_ASSETS_TDAYS":0.120089658985,"PREMIUM_EXPENSE":null,"LOAN_DEPOSIT":null,"LOAN_EQUITY":null,"LOAN_ASSETS":null,"DEPOSIT_EQUITY":null,"DEPOSIT_ASSETS":null,"EQUITY_MULTIPLIER":1.094445421284,"EQUITY_RATIO":0.094445421284},{"SECUCODE":"00889.HK","SECURITY_CODE":"00889","SECURITY_NAME_ABBR":"连达科技控股","ORG_CODE":"10009144","STD_REPORT_DATE":"2022-12-31 00:00:00","REPORT_DATE":"2022-12-31 00:00:00","DATE_TYPE_CODE":"001","REPORT_TYPE":"2022年年报","PER_NETCASH_OPERATE":-0.0666826055,"PER_OI":0.73254839525,"BPS":2.373524465813,"BASIC_EPS":0.07771449,"DILUTED_EPS":0.07771449,"OPERATE_INCOME":234415486.48,"OPERATE_INCOME_YOY":7.7269797743,"GROSS_PROFIT":72062770.71,"GROSS_PROFIT_YOY":3.196848881217,"HOLDER_PROFIT":24899901.25,"HOLDER_PROFIT_YOY":628.5676947203,"GROSS_PROFIT_RATIO":30.741471816602,"EPS_TTM":0.077812191406,"OPERATE_INCOME_QOQ":11.232075003912,"NET_PROFIT_RATIO":10.6221229766,"ROE_AVG":3.225401468469,"GROSS_PROFIT_QOQ":12.057405387486,"ROA":2.908827181751,"HOLDER_PROFIT_QOQ":814.888752820233,"ROE_YEARLY":3.225401468469,"ROIC_YEARLY":3.547356090285,"TOTAL_ASSETS":828133644.87,"TOTAL_LIABILITIES":68605815.81,"TAX_EBT":1.071796145793,"OCF_SALES":-9.10282596104,"TOTAL_PARENT_EQUITY":759527829.06,"DEBT_ASSET_RATIO":8.2843893899,"OPERATE_PROFIT":25204506.32,"PRETAX_PROFIT":25169668.79,"NETCASH_OPERATE":-21338433.76,"NETCASH_INVEST":-39318172.32,"NETCASH_FINANCE":-5488250.88,"END_CASH":122174324.44,"DIVI_RATIO":null,"DIVIDEND_RATE":null,"CURRENT_RATIO":13.48863792866,"COMMON_ACS":1000000000,"CURRENTDEBT_DEBT":28.362173352603,"ISSUED_COMMON_SHARES":320000000,"HK_COMMON_SHARES":320000000,"PER_SHARES":2000,"TOTAL_MARKET_CAP":88000000,"HKSK_MARKET_CAP":88000000,"PE_TTM":-3.476611883692,"PB_TTM":0.111101572087,"REPORT_DATE_SQ":"2021-12-31 00:00:00","REPORT_TYPE_SQ":"2021年年报","OPERATE_INCOME_SQ":199168177.6,"DPS_HKD":null,"OPERATE_INCOME_QOQ_SQ":3.735128991259,"NET_PROFIT_RATIO_SQ":1.5706011059,"HOLDER_PROFIT_SQ":3128137.6,"HOLDER_PROFIT_QOQ_SQ":134.337963804583,"ROE_AVG_SQ":0.438817326517,"PE_TTM_SQ":2.948312398268,"PB_TTM_SQ":0.115615011646,"ROA_SQ":0.392543721275,"START_DATE":"2022-01-01 00:00:00","FISCAL_YEAR":"12-31","CURRENCY":"HKD","IS_CNY_CODE":0,"DPS_HKD_LY":0.02,"ORG_TYPE":"一般企业","PREMIUM_INCOME":null,"PREMIUM_INCOME_YOY":null,"NET_INTEREST_INCOME":null,"NET_INTEREST_INCOME_YOY":null,"FEE_COMMISSION_INCOME":null,"FEE_COMMISSION_INCOME_YOY":null,"ACCOUNTS_RECE_TDAYS":8.242865892922,"INVENTORY_TDAYS":1.688539363422,"CURRENT_ASSETS_TDAYS":0.812761417185,"TOTAL_ASSETS_TDAYS":0.273846121738,"PREMIUM_EXPENSE":null,"LOAN_DEPOSIT":null,"LOAN_EQUITY":null,"LOAN_ASSETS":null,"DEPOSIT_EQUITY":null,"DEPOSIT_ASSETS":null,"EQUITY_MULTIPLIER":1.090326928369,"EQUITY_RATIO":0.090326928369},{"SECUCODE":"00889.HK","SECURITY_CODE":"00889","SECURITY_NAME_ABBR":"连达科技控股","ORG_CODE":"10009144","STD_REPORT_DATE":"2022-06-30 00:00:00","REPORT_DATE":"2022-06-30 00:00:00","DATE_TYPE_CODE":"002","REPORT_TYPE":"2022年中报","PER_NETCASH_OPERATE":-0.075646900438,"PER_OI":0.340101045594,"BPS":2.255237583813,"BASIC_EPS":-0.04960102,"DILUTED_EPS":-0.04960102,"OPERATE_INCOME":108832334.59,"OPERATE_INCOME_YOY":8.8789644345,"GROSS_PROFIT":20294513.89,"GROSS_PROFIT_YOY":-21.38819255636,"HOLDER_PROFIT":-15961266.16,"HOLDER_PROFIT_YOY":-66.0941532437,"GROSS_PROFIT_RATIO":18.647503948578,"EPS_TTM":-0.0108845175,"OPERATE_INCOME_QOQ":5.812338140307,"NET_PROFIT_RATIO":-14.6659227886,"ROE_AVG":-2.167627624245,"GROSS_PROFIT_QOQ":-7.907158367294,"ROA":-1.926232638208,"HOLDER_PROFIT_QOQ":-211.345664589691,"ROE_YEARLY":-4.335255248489,"ROIC_YEARLY":-4.776373024906,"TOTAL_ASSETS":811042526.63,"TOTAL_LIABILITIES":89366499.81,"TAX_EBT":-4.262331713312,"OCF_SALES":-22.242478056907,"TOTAL_PARENT_EQUITY":721676026.82,"DEBT_ASSET_RATIO":11.018719349,"OPERATE_PROFIT":-15295073.15,"PRETAX_PROFIT":-15308756.19,"NETCASH_OPERATE":-24207008.14,"NETCASH_INVEST":-7788215.33,"NETCASH_FINANCE":-3203541.74,"END_CASH":142503730.46,"DIVI_RATIO":null,"DIVIDEND_RATE":null,"CURRENT_RATIO":7.977932780619,"COMMON_ACS":1000000000,"CURRENTDEBT_DEBT":38.551565086747,"ISSUED_COMMON_SHARES":320000000,"HK_COMMON_SHARES":320000000,"PER_SHARES":2000,"TOTAL_MARKET_CAP":88000000,"HKSK_MARKET_CAP":88000000,"PE_TTM":-3.476611883692,"PB_TTM":0.111101572087,"REPORT_DATE_SQ":"2021-06-30 00:00:00","REPORT_TYPE_SQ":"2021年中报","OPERATE_INCOME_SQ":97256006.64,"DPS_HKD":null,"OPERATE_INCOME_QOQ_SQ":-1.162753919942,"NET_PROFIT_RATIO_SQ":-9.6138873917,"HOLDER_PROFIT_SQ":-9350082.96,"HOLDER_PROFIT_QOQ_SQ":-56.686872986034,"ROE_AVG_SQ":-1.309047361373,"PE_TTM_SQ":2.948312398268,"PB_TTM_SQ":0.115615011646,"ROA_SQ":-1.178592967459,"START_DATE":"2022-01-01 00:00:00","FISCAL_YEAR":"12-31","CURRENCY":"HKD","IS_CNY_CODE":0,"DPS_HKD_LY":0.02,"ORG_TYPE":"一般企业","PREMIUM_INCOME":null,"PREMIUM_INCOME_YOY":null,"NET_INTEREST_INCOME":null,"NET_INTEREST_INCOME_YOY":null,"FEE_COMMISSION_INCOME":null,"FEE_COMMISSION_INCOME_YOY":null,"ACCOUNTS_RECE_TDAYS":3.686160352219,"INVENTORY_TDAYS":0.971770503344,"CURRENT_ASSETS_TDAYS":0.378002034648,"TOTAL_ASSETS_TDAYS":0.131340704978,"PREMIUM_EXPENSE":null,"LOAN_DEPOSIT":null,"LOAN_EQUITY":null,"LOAN_ASSETS":null,"DEPOSIT_EQUITY":null,"DEPOSIT_ASSETS":null,"EQUITY_MULTIPLIER":1.123831880912,"EQUITY_RATIO":0.123831880912},{"SECUCODE":"00889.HK","SECURITY_CODE":"00889","SECURITY_NAME_ABBR":"连达科技控股","ORG_CODE":"10009144","STD_REPORT_DATE":"2021-12-31 00:00:00","REPORT_DATE":"2021-12-31 00:00:00","DATE_TYPE_CODE":"001","REPORT_TYPE":"2021年年报","PER_NETCASH_OPERATE":-0.01968883,"PER_OI":0.622400555,"BPS":2.243772895,"BASIC_EPS":0.0098112,"DILUTED_EPS":0.0098112,"OPERATE_INCOME":199168177.6,"OPERATE_INCOME_YOY":5.5436167171,"GROSS_PROFIT":69830398.4,"GROSS_PROFIT_YOY":3.853298512836,"HOLDER_PROFIT":3128137.6,"HOLDER_PROFIT_YOY":155.3850607991,"GROSS_PROFIT_RATIO":35.061021916987,"EPS_TTM":0.00977543,"OPERATE_INCOME_QOQ":3.735128991259,"NET_PROFIT_RATIO":1.5706011059,"ROE_AVG":0.438817326517,"GROSS_PROFIT_QOQ":13.924618269202,"ROA":0.392543721275,"HOLDER_PROFIT_QOQ":134.337963804583,"ROE_YEARLY":0.438817326517,"ROIC_YEARLY":0.515494475883,"TOTAL_ASSETS":809014382.4,"TOTAL_LIABILITIES":91007056,"TAX_EBT":44.324796274738,"OCF_SALES":-3.163369608499,"TOTAL_PARENT_EQUITY":718007326.4,"DEBT_ASSET_RATIO":11.2491270835,"OPERATE_PROFIT":5647980.8,"PRETAX_PROFIT":5618547.2,"NETCASH_OPERATE":-6300425.6,"NETCASH_INVEST":-29382908.8,"NETCASH_FINANCE":-5821312,"END_CASH":170236584,"DIVI_RATIO":null,"DIVIDEND_RATE":null,"CURRENT_RATIO":7.749504558066,"COMMON_ACS":1000000000,"CURRENTDEBT_DEBT":40.799568771898,"ISSUED_COMMON_SHARES":320000000,"HK_COMMON_SHARES":320000000,"PER_SHARES":2000,"TOTAL_MARKET_CAP":88000000,"HKSK_MARKET_CAP":88000000,"PE_TTM":-3.476611883692,"PB_TTM":0.111101572087,"REPORT_DATE_SQ":"2020-12-31 00:00:00","REPORT_TYPE_SQ":"2020年年报","OPERATE_INCOME_SQ":194255561.84,"DPS_HKD":null,"OPERATE_INCOME_QOQ_SQ":-13.701805063676,"NET_PROFIT_RATIO_SQ":-2.9929897836,"HOLDER_PROFIT_SQ":-5814049.12,"HOLDER_PROFIT_QOQ_SQ":-364.823127020552,"ROE_AVG_SQ":-0.798737836968,"PE_TTM_SQ":2.948312398268,"PB_TTM_SQ":0.115615011646,"ROA_SQ":-0.71637865818,"START_DATE":"2021-01-01 00:00:00","FISCAL_YEAR":"12-31","CURRENCY":"HKD","IS_CNY_CODE":0,"DPS_HKD_LY":0.02,"ORG_TYPE":"一般企业","PREMIUM_INCOME":null,"PREMIUM_INCOME_YOY":null,"NET_INTEREST_INCOME":null,"NET_INTEREST_INCOME_YOY":null,"FEE_COMMISSION_INCOME":null,"FEE_COMMISSION_INCOME_YOY":null,"ACCOUNTS_RECE_TDAYS":9.108622494765,"INVENTORY_TDAYS":1.662256874757,"CURRENT_ASSETS_TDAYS":0.665909457461,"TOTAL_ASSETS_TDAYS":0.24993215642,"PREMIUM_EXPENSE":null,"LOAN_DEPOSIT":null,"LOAN_EQUITY":null,"LOAN_ASSETS":null,"DEPOSIT_EQUITY":null,"DEPOSIT_ASSETS":null,"EQUITY_MULTIPLIER":1.126749481034,"EQUITY_RATIO":0.126749481034},{"SECUCODE":"00889.HK","SECURITY_CODE":"00889","SECURITY_NAME_ABBR":"连达科技控股","ORG_CODE":"10009144","STD_REPORT_DATE":"2021-06-30 00:00:00","REPORT_DATE":"2021-06-30 00:00:00","DATE_TYPE_CODE":"002","REPORT_TYPE":"2021年中报","PER_NETCASH_OPERATE":-0.02237515125,"PER_OI":0.30392502075,"BPS":2.213416008,"BASIC_EPS":-0.0291228,"DILUTED_EPS":-0.0291228,"OPERATE_INCOME":97256006.64,"OPERATE_INCOME_YOY":7.2862453532,"GROSS_PROFIT":25816114.08,"GROSS_PROFIT_YOY":-18.715796365305,"HOLDER_PROFIT":-9350082.96,"HOLDER_PROFIT_YOY":-69.5383222692,"GROSS_PROFIT_RATIO":26.54449321116,"EPS_TTM":-0.02846828675,"OPERATE_INCOME_QOQ":-1.162753919942,"NET_PROFIT_RATIO":-9.6138873917,"ROE_AVG":-1.309047361373,"GROSS_PROFIT_QOQ":-8.840336627302,"ROA":-1.178592967459,"HOLDER_PROFIT_QOQ":-56.686872986034,"ROE_YEARLY":-2.618094722746,"ROIC_YEARLY":-3.152979996801,"TOTAL_ASSETS":787989744.96,"TOTAL_LIABILITIES":79696622.4,"TAX_EBT":-23.510661683887,"OCF_SALES":-7.362062917618,"TOTAL_PARENT_EQUITY":708293122.56,"DEBT_ASSET_RATIO":10.1139161911,"OPERATE_PROFIT":-7557782.64,"PRETAX_PROFIT":-7570263.84,"NETCASH_OPERATE":-7160048.4,"NETCASH_INVEST":-16788878.16,"NETCASH_FINANCE":-2912280,"END_CASH":186848556.48,"DIVI_RATIO":null,"DIVIDEND_RATE":null,"CURRENT_RATIO":10.538709773807,"COMMON_ACS":1000000000,"CURRENTDEBT_DEBT":34.941532679056,"ISSUED_COMMON_SHARES":320000000,"HK_COMMON_SHARES":320000000,"PER_SHARES":2000,"TOTAL_MARKET_CAP":88000000,"HKSK_MARKET_CAP":88000000,"PE_TTM":-3.476611883692,"PB_TTM":0.111101572087,"REPORT_DATE_SQ":"2020-06-30 00:00:00","REPORT_TYPE_SQ":"2020年中报","OPERATE_INCOME_SQ":99514720.8,"DPS_HKD":null,"OPERATE_INCOME_QOQ_SQ":-11.588631410476,"NET_PROFIT_RATIO_SQ":-6.0838037542,"HOLDER_PROFIT_SQ":-6054280.32,"HOLDER_PROFIT_QOQ_SQ":-86.108504860112,"ROE_AVG_SQ":-0.774209524833,"PE_TTM_SQ":2.948312398268,"PB_TTM_SQ":0.115615011646,"ROA_SQ":-0.695961157219,"START_DATE":"2021-01-01 00:00:00","FISCAL_YEAR":"12-31","CURRENCY":"HKD","IS_CNY_CODE":0,"DPS_HKD_LY":0.02,"ORG_TYPE":"一般企业","PREMIUM_INCOME":null,"PREMIUM_INCOME_YOY":null,"NET_INTEREST_INCOME":null,"NET_INTEREST_INCOME_YOY":null,"FEE_COMMISSION_INCOME":null,"FEE_COMMISSION_INCOME_YOY":null,"ACCOUNTS_RECE_TDAYS":4.959709757495,"INVENTORY_TDAYS":0.969620653438,"CURRENT_ASSETS_TDAYS":0.319179352182,"TOTAL_ASSETS_TDAYS":0.122592757689,"PREMIUM_EXPENSE":null,"LOAN_DEPOSIT":null,"LOAN_EQUITY":null,"LOAN_ASSETS":null,"DEPOSIT_EQUITY":null,"DEPOSIT_ASSETS":null,"EQUITY_MULTIPLIER":1.112519266193,"EQUITY_RATIO":0.112519266193},{"SECUCODE":"00889.HK","SECURITY_CODE":"00889","SECURITY_NAME_ABBR":"连达科技控股","ORG_CODE":"10009144","STD_REPORT_DATE":"2020-12-31 00:00:00","REPORT_DATE":"2020-12-31 00:00:00","DATE_TYPE_CODE":"001","REPORT_TYPE":"2020年年报","PER_NETCASH_OPERATE":0.023068826375,"PER_OI":0.60704863075,"BPS":2.276607268625,"BASIC_EPS":-0.01851608,"DILUTED_EPS":-0.01851608,"OPERATE_INCOME":194255561.84,"OPERATE_INCOME_YOY":-18.7946169408,"GROSS_PROFIT":67239461.24,"GROSS_PROFIT_YOY":-28.256387436968,"HOLDER_PROFIT":-5814049.12,"HOLDER_PROFIT_YOY":-139.1543388313,"GROSS_PROFIT_RATIO":34.61391818237,"EPS_TTM":-0.0181689035,"OPERATE_INCOME_QOQ":-13.701805063676,"NET_PROFIT_RATIO":-2.9929897836,"ROE_AVG":-0.798737836968,"GROSS_PROFIT_QOQ":-18.231944809094,"ROA":-0.71637865818,"HOLDER_PROFIT_QOQ":-364.823127020552,"ROE_YEARLY":-0.798737836968,"ROIC_YEARLY":-1.032515725762,"TOTAL_ASSETS":807838054.32,"TOTAL_LIABILITIES":79323728.36,"TAX_EBT":-69.98031496063,"OCF_SALES":3.80016117432,"TOTAL_PARENT_EQUITY":728514325.96,"DEBT_ASSET_RATIO":9.819261167,"OPERATE_PROFIT":-3383392.8,"PRETAX_PROFIT":-3420424.96,"NETCASH_OPERATE":7382024.44,"NETCASH_INVEST":-71666487.64,"NETCASH_FINANCE":-8433232.8,"END_CASH":216067504.08,"DIVI_RATIO":null,"DIVIDEND_RATE":null,"CURRENT_RATIO":11.998293623207,"COMMON_ACS":1000000000,"CURRENTDEBT_DEBT":33.577014079725,"ISSUED_COMMON_SHARES":320000000,"HK_COMMON_SHARES":320000000,"PER_SHARES":2000,"TOTAL_MARKET_CAP":88000000,"HKSK_MARKET_CAP":88000000,"PE_TTM":-3.476611883692,"PB_TTM":0.111101572087,"REPORT_DATE_SQ":"2019-12-31 00:00:00","REPORT_TYPE_SQ":"2019年年报","OPERATE_INCOME_SQ":254603070.5,"DPS_HKD":null,"OPERATE_INCOME_QOQ_SQ":-6.828727275318,"NET_PROFIT_RATIO_SQ":6.2074061043,"HOLDER_PROFIT_SQ":15804246.54,"HOLDER_PROFIT_QOQ_SQ":-58.958867560879,"ROE_AVG_SQ":2.045657716697,"PE_TTM_SQ":2.948312398268,"PB_TTM_SQ":0.115615011646,"ROA_SQ":1.841492607884,"START_DATE":"2020-01-01 00:00:00","FISCAL_YEAR":"12-31","CURRENCY":"HKD","IS_CNY_CODE":0,"DPS_HKD_LY":0.03,"ORG_TYPE":"一般企业","PREMIUM_INCOME":null,"PREMIUM_INCOME_YOY":null,"NET_INTEREST_INCOME":null,"NET_INTEREST_INCOME_YOY":null,"FEE_COMMISSION_INCOME":null,"FEE_COMMISSION_INCOME_YOY":null,"ACCOUNTS_RECE_TDAYS":8.14504005364,"INVENTORY_TDAYS":1.848236756538,"CURRENT_ASSETS_TDAYS":0.553021472154,"TOTAL_ASSETS_TDAYS":0.239352189606,"PREMIUM_EXPENSE":null,"LOAN_DEPOSIT":null,"LOAN_EQUITY":null,"LOAN_ASSETS":null,"DEPOSIT_EQUITY":null,"DEPOSIT_ASSETS":null,"EQUITY_MULTIPLIER":1.108884239518,"EQUITY_RATIO":0.108884239518},{"SECUCODE":"00889.HK","SECURITY_CODE":"00889","SECURITY_NAME_ABBR":"连达科技控股","ORG_CODE":"10009144","STD_REPORT_DATE":"2020-06-30 00:00:00","REPORT_DATE":"2020-06-30 00:00:00","DATE_TYPE_CODE":"002","REPORT_TYPE":"2020年中报","PER_NETCASH_OPERATE":-0.0754073265,"PER_OI":0.3109835025,"BPS":2.420781561,"BASIC_EPS":-0.02466288,"DILUTED_EPS":-0.02466288,"OPERATE_INCOME":99514720.8,"OPERATE_INCOME_YOY":-25.7210063408,"GROSS_PROFIT":31760308.8,"GROSS_PROFIT_YOY":-26.566172961281,"HOLDER_PROFIT":-6054280.32,"HOLDER_PROFIT_YOY":-177.1774569166,"GROSS_PROFIT_RATIO":31.915186562027,"EPS_TTM":0.006860769188,"OPERATE_INCOME_QOQ":-11.588631410476,"NET_PROFIT_RATIO":-6.0838037542,"ROE_AVG":-0.774209524833,"GROSS_PROFIT_QOQ":-12.259607501328,"ROA":-0.695961157219,"HOLDER_PROFIT_QOQ":-86.108504860112,"ROE_YEARLY":-1.548419049666,"ROIC_YEARLY":-2.045947385074,"TOTAL_ASSETS":854936908.32,"TOTAL_LIABILITIES":80286808.8,"TAX_EBT":-30.910527355323,"OCF_SALES":-24.248015053467,"TOTAL_PARENT_EQUITY":774650099.52,"DEBT_ASSET_RATIO":9.3909630078,"OPERATE_PROFIT":-4602824.16,"PRETAX_PROFIT":-4624746.72,"NETCASH_OPERATE":-24130344.48,"NETCASH_INVEST":-19418820.96,"NETCASH_FINANCE":-5846016,"END_CASH":251285517.12,"DIVI_RATIO":null,"DIVIDEND_RATE":null,"CURRENT_RATIO":13.830174400605,"COMMON_ACS":1000000000,"CURRENTDEBT_DEBT":33.07469139314,"ISSUED_COMMON_SHARES":320000000,"HK_COMMON_SHARES":320000000,"PER_SHARES":2000,"TOTAL_MARKET_CAP":88000000,"HKSK_MARKET_CAP":88000000,"PE_TTM":-3.476611883692,"PB_TTM":0.111101572087,"REPORT_DATE_SQ":"2019-06-30 00:00:00","REPORT_TYPE_SQ":"2019年中报","OPERATE_INCOME_SQ":129019732.2,"DPS_HKD":null,"OPERATE_INCOME_QOQ_SQ":-0.246472647728,"NET_PROFIT_RATIO_SQ":5.85532147,"HOLDER_PROFIT_SQ":7554520.08,"HOLDER_PROFIT_QOQ_SQ":-8.379945354745,"ROE_AVG_SQ":0.995762675016,"PE_TTM_SQ":2.948312398268,"PB_TTM_SQ":0.115615011646,"ROA_SQ":0.903816858163,"START_DATE":"2020-01-01 00:00:00","FISCAL_YEAR":"12-31","CURRENCY":"HKD","IS_CNY_CODE":0,"DPS_HKD_LY":0.03,"ORG_TYPE":"一般企业","PREMIUM_INCOME":null,"PREMIUM_INCOME_YOY":null,"NET_INTEREST_INCOME":null,"NET_INTEREST_INCOME_YOY":null,"FEE_COMMISSION_INCOME":null,"FEE_COMMISSION_INCOME_YOY":null,"ACCOUNTS_RECE_TDAYS":3.573607557567,"INVENTORY_TDAYS":0.884536266881,"CURRENT_ASSETS_TDAYS":0.254227202509,"TOTAL_ASSETS_TDAYS":0.11439572763,"PREMIUM_EXPENSE":null,"LOAN_DEPOSIT":null,"LOAN_EQUITY":null,"LOAN_ASSETS":null,"DEPOSIT_EQUITY":null,"DEPOSIT_ASSETS":null,"EQUITY_MULTIPLIER":1.103642675384,"EQUITY_RATIO":0.103642675383}],"count":43},"success":true,"message":"ok","code":0}