{"version":"ccb43bff9b86ccf77218b31a3c2feada","result":{"pages":5,"data":[{"SECUCODE":"00880.HK","SECURITY_CODE":"00880","SECURITY_NAME_ABBR":"澳博控股","ORG_CODE":"10125501","STD_REPORT_DATE":"2024-06-30 00:00:00","REPORT_DATE":"2024-06-30 00:00:00","DATE_TYPE_CODE":"002","REPORT_TYPE":"2024年中报","PER_NETCASH_OPERATE":0.211096769165,"PER_OI":1.773657518735,"BPS":1.769300900889,"BASIC_EPS":-0.02099164,"DILUTED_EPS":-0.02099164,"OPERATE_INCOME":12596170484,"OPERATE_INCOME_YOY":47.4245855409,"GROSS_PROFIT":12276002340,"GROSS_PROFIT_YOY":46.645501843227,"HOLDER_PROFIT":-148219232,"HOLDER_PROFIT_YOY":87.1529151175,"GROSS_PROFIT_RATIO":97.458210458435,"EPS_TTM":-0.113219840387,"OPERATE_INCOME_QOQ":20.23417389127,"NET_PROFIT_RATIO":-0.7868823951,"ROE_AVG":-1.172436198246,"GROSS_PROFIT_QOQ":20.527075376787,"ROA":-0.331198760044,"HOLDER_PROFIT_QOQ":55.852631720337,"ROE_YEARLY":-2.344872396491,"ROIC_YEARLY":-0.708008584168,"TOTAL_ASSETS":44108272844,"TOTAL_LIABILITIES":31358315780,"TAX_EBT":-27.464788732394,"OCF_SALES":11.901777368799,"TOTAL_PARENT_EQUITY":12565230632,"DEBT_ASSET_RATIO":71.0939553016,"OPERATE_PROFIT":807721800,"PRETAX_PROFIT":-77760336,"NETCASH_OPERATE":1499168168,"NETCASH_INVEST":-203436372,"NETCASH_FINANCE":-1997947788,"END_CASH":2117143796,"DIVI_RATIO":null,"DIVIDEND_RATE":null,"CURRENT_RATIO":0.638893687261,"COMMON_ACS":null,"CURRENTDEBT_DEBT":15.163933233407,"ISSUED_COMMON_SHARES":7101805366,"HK_COMMON_SHARES":7101805366,"PER_SHARES":1000,"TOTAL_MARKET_CAP":17186368985.72,"HKSK_MARKET_CAP":17186368985.72,"PE_TTM":-18.925634826253,"PB_TTM":1.248338029382,"REPORT_DATE_SQ":"2023-06-30 00:00:00","REPORT_TYPE_SQ":"2023年中报","OPERATE_INCOME_SQ":8631207968,"DPS_HKD":null,"OPERATE_INCOME_QOQ_SQ":85.49383118374,"NET_PROFIT_RATIO_SQ":-12.7852076568,"HOLDER_PROFIT_SQ":-1165474918,"HOLDER_PROFIT_QOQ_SQ":17.11557239043,"ROE_AVG_SQ":-8.23641327365,"PE_TTM_SQ":-2.804455691276,"PB_TTM_SQ":1.203220793733,"ROA_SQ":-2.435699442281,"START_DATE":"2024-01-01 00:00:00","FISCAL_YEAR":"12-31","CURRENCY":"HKD","IS_CNY_CODE":0,"DPS_HKD_LY":null,"ORG_TYPE":"一般企业","PREMIUM_INCOME":null,"PREMIUM_INCOME_YOY":null,"NET_INTEREST_INCOME":null,"NET_INTEREST_INCOME_YOY":null,"FEE_COMMISSION_INCOME":null,"FEE_COMMISSION_INCOME_YOY":null,"ACCOUNTS_RECE_TDAYS":19.316025192442,"INVENTORY_TDAYS":2.399452804378,"CURRENT_ASSETS_TDAYS":3.555890499195,"TOTAL_ASSETS_TDAYS":0.281463882204,"PREMIUM_EXPENSE":null,"LOAN_DEPOSIT":null,"LOAN_EQUITY":null,"LOAN_ASSETS":null,"DEPOSIT_EQUITY":null,"DEPOSIT_ASSETS":null,"EQUITY_MULTIPLIER":3.459484029842,"EQUITY_RATIO":2.495641878641},{"SECUCODE":"00880.HK","SECURITY_CODE":"00880","SECURITY_NAME_ABBR":"澳博控股","ORG_CODE":"10125501","STD_REPORT_DATE":"2023-12-31 00:00:00","REPORT_DATE":"2023-12-31 00:00:00","DATE_TYPE_CODE":"001","REPORT_TYPE":"2023年年报","PER_NETCASH_OPERATE":0.484308877918,"PER_OI":2.759210551983,"BPS":1.778240712208,"BASIC_EPS":-0.25646026,"DILUTED_EPS":-0.25646026,"OPERATE_INCOME":19595376304,"OPERATE_INCOME_YOY":223.7684544665,"GROSS_PROFIT":19022645264,"GROSS_PROFIT_YOY":239.278851135848,"HOLDER_PROFIT":-1821320956,"HOLDER_PROFIT_YOY":74.2280467788,"GROSS_PROFIT_RATIO":97.077213363425,"EPS_TTM":-0.256458866744,"OPERATE_INCOME_QOQ":77.074471768685,"NET_PROFIT_RATIO":-8.6712419993,"ROE_AVG":-13.42811900769,"GROSS_PROFIT_QOQ":78.960849753051,"ROA":-3.925873691489,"HOLDER_PROFIT_QOQ":68.455381039392,"ROE_YEARLY":-13.42811900769,"ROIC_YEARLY":-4.377418982465,"TOTAL_ASSETS":45075110934,"TOTAL_LIABILITIES":32310820990,"TAX_EBT":-1.963130132144,"OCF_SALES":17.552443671612,"TOTAL_PARENT_EQUITY":12628719432,"DEBT_ASSET_RATIO":71.6821774156,"OPERATE_PROFIT":83825350,"PRETAX_PROFIT":-1666447958,"NETCASH_OPERATE":3439467388,"NETCASH_INVEST":-1155158634,"NETCASH_FINANCE":-5178594190,"END_CASH":2799404202,"DIVI_RATIO":null,"DIVIDEND_RATE":null,"CURRENT_RATIO":0.840451142072,"COMMON_ACS":null,"CURRENTDEBT_DEBT":14.796168786549,"ISSUED_COMMON_SHARES":7101805366,"HK_COMMON_SHARES":7101805366,"PER_SHARES":1000,"TOTAL_MARKET_CAP":20453199454.08,"HKSK_MARKET_CAP":20453199454.08,"PE_TTM":-22.523069545292,"PB_TTM":1.485625423397,"REPORT_DATE_SQ":"2022-12-31 00:00:00","REPORT_TYPE_SQ":"2022年年报","OPERATE_INCOME_SQ":5965793022,"DPS_HKD":null,"OPERATE_INCOME_QOQ_SQ":-19.643654223848,"NET_PROFIT_RATIO_SQ":-117.5186416315,"HOLDER_PROFIT_SQ":-6966076768,"HOLDER_PROFIT_QOQ_SQ":-53.91577095079,"ROE_AVG_SQ":-42.916617366635,"PE_TTM_SQ":-2.579198206033,"PB_TTM_SQ":1.106576553273,"ROA_SQ":-15.208392854879,"START_DATE":"2023-01-01 00:00:00","FISCAL_YEAR":"12-31","CURRENCY":"HKD","IS_CNY_CODE":0,"DPS_HKD_LY":null,"ORG_TYPE":"一般企业","PREMIUM_INCOME":null,"PREMIUM_INCOME_YOY":null,"NET_INTEREST_INCOME":null,"NET_INTEREST_INCOME_YOY":null,"FEE_COMMISSION_INCOME":null,"FEE_COMMISSION_INCOME_YOY":null,"ACCOUNTS_RECE_TDAYS":30.863831001998,"INVENTORY_TDAYS":4.2905634759,"CURRENT_ASSETS_TDAYS":3.512027156524,"TOTAL_ASSETS_TDAYS":0.422380097551,"PREMIUM_EXPENSE":null,"LOAN_DEPOSIT":null,"LOAN_EQUITY":null,"LOAN_ASSETS":null,"DEPOSIT_EQUITY":null,"DEPOSIT_ASSETS":null,"EQUITY_MULTIPLIER":3.531344957825,"EQUITY_RATIO":2.558519188266},{"SECUCODE":"00880.HK","SECURITY_CODE":"00880","SECURITY_NAME_ABBR":"澳博控股","ORG_CODE":"10125501","STD_REPORT_DATE":"2023-06-30 00:00:00","REPORT_DATE":"2023-06-30 00:00:00","DATE_TYPE_CODE":"002","REPORT_TYPE":"2023年中报","PER_NETCASH_OPERATE":0.225568030584,"PER_OI":1.215354057621,"BPS":1.90798747159,"BASIC_EPS":-0.16411244,"DILUTED_EPS":-0.16411244,"OPERATE_INCOME":8631207968,"OPERATE_INCOME_YOY":126.7444958462,"GROSS_PROFIT":8371209608,"GROSS_PROFIT_YOY":149.999059144887,"HOLDER_PROFIT":-1165474918,"HOLDER_PROFIT_YOY":54.1494377947,"GROSS_PROFIT_RATIO":96.987694411212,"EPS_TTM":-0.813003533389,"OPERATE_INCOME_QOQ":85.49383118374,"NET_PROFIT_RATIO":-12.7852076568,"ROE_AVG":-8.23641327365,"GROSS_PROFIT_QOQ":89.582722480376,"ROA":-2.435699442281,"HOLDER_PROFIT_QOQ":17.11557239043,"ROE_YEARLY":-16.4728265473,"ROIC_YEARLY":-5.443140581453,"TOTAL_ASSETS":47159277000,"TOTAL_LIABILITIES":33533518976,"TAX_EBT":null,"OCF_SALES":18.559861562126,"TOTAL_PARENT_EQUITY":13550155664,"DEBT_ASSET_RATIO":71.1069403715,"OPERATE_PROFIT":-354224716,"PRETAX_PROFIT":-1103517862,"NETCASH_OPERATE":1601940250,"NETCASH_INVEST":-431394442,"NETCASH_FINANCE":-3982861402,"END_CASH":2980392548,"DIVI_RATIO":null,"DIVIDEND_RATE":null,"CURRENT_RATIO":0.841200056275,"COMMON_ACS":null,"CURRENTDEBT_DEBT":15.634348055604,"ISSUED_COMMON_SHARES":7101805366,"HK_COMMON_SHARES":7101805366,"PER_SHARES":1000,"TOTAL_MARKET_CAP":20453199454.08,"HKSK_MARKET_CAP":20453199454.08,"PE_TTM":-22.523069545292,"PB_TTM":1.485625423397,"REPORT_DATE_SQ":"2022-06-30 00:00:00","REPORT_TYPE_SQ":"2022年中报","OPERATE_INCOME_SQ":3530822953,"DPS_HKD":null,"OPERATE_INCOME_QOQ_SQ":-9.880461027988,"NET_PROFIT_RATIO_SQ":-67.1034466055,"HOLDER_PROFIT_SQ":-2357758830,"HOLDER_PROFIT_QOQ_SQ":-33.590614028124,"ROE_AVG_SQ":-14.342007725021,"PE_TTM_SQ":-2.579198206033,"PB_TTM_SQ":1.106576553273,"ROA_SQ":-5.54061155731,"START_DATE":"2023-01-01 00:00:00","FISCAL_YEAR":"12-31","CURRENCY":"HKD","IS_CNY_CODE":0,"DPS_HKD_LY":null,"ORG_TYPE":"一般企业","PREMIUM_INCOME":null,"PREMIUM_INCOME_YOY":null,"NET_INTEREST_INCOME":null,"NET_INTEREST_INCOME_YOY":null,"FEE_COMMISSION_INCOME":null,"FEE_COMMISSION_INCOME_YOY":null,"ACCOUNTS_RECE_TDAYS":13.897862232779,"INVENTORY_TDAYS":1.947513812155,"CURRENT_ASSETS_TDAYS":1.478528673184,"TOTAL_ASSETS_TDAYS":0.180381646221,"PREMIUM_EXPENSE":null,"LOAN_DEPOSIT":null,"LOAN_EQUITY":null,"LOAN_ASSETS":null,"DEPOSIT_EQUITY":null,"DEPOSIT_ASSETS":null,"EQUITY_MULTIPLIER":3.461038785292,"EQUITY_RATIO":2.474770017963},{"SECUCODE":"00880.HK","SECURITY_CODE":"00880","SECURITY_NAME_ABBR":"澳博控股","ORG_CODE":"10125501","STD_REPORT_DATE":"2022-12-31 00:00:00","REPORT_DATE":"2022-12-31 00:00:00","DATE_TYPE_CODE":"001","REPORT_TYPE":"2022年年报","PER_NETCASH_OPERATE":-0.530442338231,"PER_OI":0.840038935812,"BPS":2.012314993934,"BASIC_EPS":-1.09514902,"DILUTED_EPS":-1.09514902,"OPERATE_INCOME":5965793022,"OPERATE_INCOME_YOY":-33.717745137,"GROSS_PROFIT":5606787809,"GROSS_PROFIT_YOY":-29.58891530054,"HOLDER_PROFIT":-6966076768,"HOLDER_PROFIT_YOY":-88.1989526269,"GROSS_PROFIT_RATIO":93.982271733597,"EPS_TTM":-0.980888155757,"OPERATE_INCOME_QOQ":-19.643654223848,"NET_PROFIT_RATIO":-117.5186416315,"ROE_AVG":-42.916617366635,"GROSS_PROFIT_QOQ":788.836655468751,"ROA":-15.208392854879,"HOLDER_PROFIT_QOQ":-53.91577095079,"ROE_YEARLY":-42.916617366635,"ROIC_YEARLY":-16.875891305618,"TOTAL_ASSETS":47028610979,"TOTAL_LIABILITIES":32724321161,"TAX_EBT":-0.784590690209,"OCF_SALES":-63.1449705028,"TOTAL_PARENT_EQUITY":14291069422,"DEBT_ASSET_RATIO":69.5838564648,"OPERATE_PROFIT":-5953912531,"PRETAX_PROFIT":-6956340125,"NETCASH_OPERATE":-3767098244,"NETCASH_INVEST":-1801457609,"NETCASH_FINANCE":8479454802,"END_CASH":5612326083,"DIVI_RATIO":null,"DIVIDEND_RATE":null,"CURRENT_RATIO":1.736065212602,"COMMON_ACS":null,"CURRENTDEBT_DEBT":12.39002792465,"ISSUED_COMMON_SHARES":7101805366,"HK_COMMON_SHARES":7101805366,"PER_SHARES":1000,"TOTAL_MARKET_CAP":20453199454.08,"HKSK_MARKET_CAP":20453199454.08,"PE_TTM":-22.523069545292,"PB_TTM":1.485625423397,"REPORT_DATE_SQ":"2021-12-31 00:00:00","REPORT_TYPE_SQ":"2021年年报","OPERATE_INCOME_SQ":8238137600,"DPS_HKD":null,"OPERATE_INCOME_QOQ_SQ":23.561252168025,"NET_PROFIT_RATIO_SQ":-41.6643509329,"HOLDER_PROFIT_SQ":-3387889120,"HOLDER_PROFIT_QOQ_SQ":-36.857852825238,"ROE_AVG_SQ":-18.469143065993,"PE_TTM_SQ":-2.579198206033,"PB_TTM_SQ":1.106576553273,"ROA_SQ":-8.075207765545,"START_DATE":"2022-01-01 00:00:00","FISCAL_YEAR":"12-31","CURRENCY":"HKD","IS_CNY_CODE":0,"DPS_HKD_LY":null,"ORG_TYPE":"一般企业","PREMIUM_INCOME":null,"PREMIUM_INCOME_YOY":null,"NET_INTEREST_INCOME":null,"NET_INTEREST_INCOME_YOY":null,"FEE_COMMISSION_INCOME":null,"FEE_COMMISSION_INCOME_YOY":null,"ACCOUNTS_RECE_TDAYS":9.401182432432,"INVENTORY_TDAYS":2.697315436242,"CURRENT_ASSETS_TDAYS":1.103371937418,"TOTAL_ASSETS_TDAYS":0.130245656187,"PREMIUM_EXPENSE":null,"LOAN_DEPOSIT":null,"LOAN_EQUITY":null,"LOAN_ASSETS":null,"DEPOSIT_EQUITY":null,"DEPOSIT_ASSETS":null,"EQUITY_MULTIPLIER":3.28772777799,"EQUITY_RATIO":2.28984411136},{"SECUCODE":"00880.HK","SECURITY_CODE":"00880","SECURITY_NAME_ABBR":"澳博控股","ORG_CODE":"10125501","STD_REPORT_DATE":"2022-06-30 00:00:00","REPORT_DATE":"2022-06-30 00:00:00","DATE_TYPE_CODE":"002","REPORT_TYPE":"2022年中报","PER_NETCASH_OPERATE":-0.276330756941,"PER_OI":0.621465734928,"BPS":2.1799392932,"BASIC_EPS":-0.38825626,"DILUTED_EPS":-0.38825626,"OPERATE_INCOME":3530822953,"OPERATE_INCOME_YOY":-20.9303661713,"GROSS_PROFIT":3348496445,"GROSS_PROFIT_YOY":39.22807235323,"HOLDER_PROFIT":-2357758830,"HOLDER_PROFIT_YOY":-88.0755849649,"GROSS_PROFIT_RATIO":54.428754813864,"EPS_TTM":-0.796611151072,"OPERATE_INCOME_QOQ":-9.880461027988,"NET_PROFIT_RATIO":-67.1034466055,"ROE_AVG":-14.342007725021,"GROSS_PROFIT_QOQ":-43.378301037817,"ROA":-5.54061155731,"HOLDER_PROFIT_QOQ":-33.590614028124,"ROE_YEARLY":-28.684015450041,"ROIC_YEARLY":-11.738083631185,"TOTAL_ASSETS":42428969065,"TOTAL_LIABILITIES":26906329856,"TAX_EBT":-0.387709254294,"OCF_SALES":-44.464359241408,"TOTAL_PARENT_EQUITY":15481504570,"DEBT_ASSET_RATIO":63.414997934,"OPERATE_PROFIT":-2021669160,"PRETAX_PROFIT":-2360153362,"NETCASH_OPERATE":-1569957802,"NETCASH_INVEST":-565366109,"NETCASH_FINANCE":1364797721,"END_CASH":1815739408,"DIVI_RATIO":null,"DIVIDEND_RATE":null,"CURRENT_RATIO":0.734736479652,"COMMON_ACS":null,"CURRENTDEBT_DEBT":14.769057668837,"ISSUED_COMMON_SHARES":7101805366,"HK_COMMON_SHARES":7101805366,"PER_SHARES":1000,"TOTAL_MARKET_CAP":20453199454.08,"HKSK_MARKET_CAP":20453199454.08,"PE_TTM":-22.523069545292,"PB_TTM":1.485625423397,"REPORT_DATE_SQ":"2021-06-30 00:00:00","REPORT_TYPE_SQ":"2021年中报","OPERATE_INCOME_SQ":4344788928,"DPS_HKD":null,"OPERATE_INCOME_QOQ_SQ":5.52887618357,"NET_PROFIT_RATIO_SQ":-28.690439712,"HOLDER_PROFIT_SQ":-1219746072,"HOLDER_PROFIT_QOQ_SQ":2.765121352477,"ROE_AVG_SQ":-6.152832342769,"PE_TTM_SQ":-2.579198206033,"PB_TTM_SQ":1.106576553273,"ROA_SQ":-2.865733382598,"START_DATE":"2022-01-01 00:00:00","FISCAL_YEAR":"12-31","CURRENCY":"HKD","IS_CNY_CODE":0,"DPS_HKD_LY":null,"ORG_TYPE":"一般企业","PREMIUM_INCOME":null,"PREMIUM_INCOME_YOY":null,"NET_INTEREST_INCOME":null,"NET_INTEREST_INCOME_YOY":null,"FEE_COMMISSION_INCOME":null,"FEE_COMMISSION_INCOME_YOY":null,"ACCOUNTS_RECE_TDAYS":5.198891896997,"INVENTORY_TDAYS":12.619047619048,"CURRENT_ASSETS_TDAYS":1.080825665257,"TOTAL_ASSETS_TDAYS":0.082972516999,"PREMIUM_EXPENSE":null,"LOAN_DEPOSIT":null,"LOAN_EQUITY":null,"LOAN_ASSETS":null,"DEPOSIT_EQUITY":null,"DEPOSIT_ASSETS":null,"EQUITY_MULTIPLIER":2.733360512584,"EQUITY_RATIO":1.73796608297},{"SECUCODE":"00880.HK","SECURITY_CODE":"00880","SECURITY_NAME_ABBR":"澳博控股","ORG_CODE":"10125501","STD_REPORT_DATE":"2021-12-31 00:00:00","REPORT_DATE":"2021-12-31 00:00:00","DATE_TYPE_CODE":"001","REPORT_TYPE":"2021年年报","PER_NETCASH_OPERATE":-0.653366877956,"PER_OI":1.450007634529,"BPS":2.34205877841,"BASIC_EPS":-0.5576032,"DILUTED_EPS":-0.5576032,"OPERATE_INCOME":8238137600,"OPERATE_INCOME_YOY":34.22675743,"GROSS_PROFIT":7962933440,"GROSS_PROFIT_YOY":4659.16035158721,"HOLDER_PROFIT":-3387889120,"HOLDER_PROFIT_YOY":-36.9863466561,"GROSS_PROFIT_RATIO":13.523223501389,"EPS_TTM":-0.596307724811,"OPERATE_INCOME_QOQ":23.561252168025,"NET_PROFIT_RATIO":-41.6643509329,"ROE_AVG":-18.469143065993,"GROSS_PROFIT_QOQ":54.853905413606,"ROA":-8.075207765545,"HOLDER_PROFIT_QOQ":-36.857852825238,"ROE_YEARLY":-18.469143065993,"ROIC_YEARLY":-8.899020800605,"TOTAL_ASSETS":40803309120,"TOTAL_LIABILITIES":24120099360,"TAX_EBT":-0.512366222137,"OCF_SALES":-45.05954743946,"TOTAL_PARENT_EQUITY":16632845600,"DEBT_ASSET_RATIO":59.1130961684,"OPERATE_PROFIT":-3144898400,"PRETAX_PROFIT":-3414869920,"NETCASH_OPERATE":-3712067520,"NETCASH_INVEST":-644023520,"NETCASH_FINANCE":2489183200,"END_CASH":2472585920,"DIVI_RATIO":null,"DIVIDEND_RATE":null,"CURRENT_RATIO":0.221599937072,"COMMON_ACS":null,"CURRENTDEBT_DEBT":64.639962577667,"ISSUED_COMMON_SHARES":7101805366,"HK_COMMON_SHARES":7101805366,"PER_SHARES":1000,"TOTAL_MARKET_CAP":20453199454.08,"HKSK_MARKET_CAP":20453199454.08,"PE_TTM":-22.523069545292,"PB_TTM":1.485625423397,"REPORT_DATE_SQ":"2020-12-31 00:00:00","REPORT_TYPE_SQ":"2020年年报","OPERATE_INCOME_SQ":6317938988,"DPS_HKD":null,"OPERATE_INCOME_QOQ_SQ":-74.201192899131,"NET_PROFIT_RATIO_SQ":-42.294217166,"HOLDER_PROFIT_SQ":-2545876836,"HOLDER_PROFIT_QOQ_SQ":-2505.05072616396,"ROE_AVG_SQ":-11.302438978824,"PE_TTM_SQ":-2.579198206033,"PB_TTM_SQ":1.106576553273,"ROA_SQ":-5.482513375962,"START_DATE":"2021-01-01 00:00:00","FISCAL_YEAR":"12-31","CURRENCY":"HKD","IS_CNY_CODE":0,"DPS_HKD_LY":null,"ORG_TYPE":"一般企业","PREMIUM_INCOME":null,"PREMIUM_INCOME_YOY":null,"NET_INTEREST_INCOME":null,"NET_INTEREST_INCOME_YOY":null,"FEE_COMMISSION_INCOME":null,"FEE_COMMISSION_INCOME_YOY":null,"ACCOUNTS_RECE_TDAYS":13.222229512499,"INVENTORY_TDAYS":63.834432234432,"CURRENT_ASSETS_TDAYS":1.787681744391,"TOTAL_ASSETS_TDAYS":0.196360241923,"PREMIUM_EXPENSE":null,"LOAN_DEPOSIT":null,"LOAN_EQUITY":null,"LOAN_ASSETS":null,"DEPOSIT_EQUITY":null,"DEPOSIT_ASSETS":null,"EQUITY_MULTIPLIER":2.445770910213,"EQUITY_RATIO":1.450148696144},{"SECUCODE":"00880.HK","SECURITY_CODE":"00880","SECURITY_NAME_ABBR":"澳博控股","ORG_CODE":"10125501","STD_REPORT_DATE":"2021-06-30 00:00:00","REPORT_DATE":"2021-06-30 00:00:00","DATE_TYPE_CODE":"002","REPORT_TYPE":"2021年中报","PER_NETCASH_OPERATE":-0.281561116769,"PER_OI":0.76473317416,"BPS":2.70902069664,"BASIC_EPS":-0.21467664,"DILUTED_EPS":-0.21467664,"OPERATE_INCOME":4344788928,"OPERATE_INCOME_YOY":19.375414371,"GROSS_PROFIT":2405044032,"GROSS_PROFIT_YOY":278.251465097938,"HOLDER_PROFIT":-1219746072,"HOLDER_PROFIT_YOY":-3.7878787879,"GROSS_PROFIT_RATIO":-18.346866860732,"EPS_TTM":-0.435713196211,"OPERATE_INCOME_QOQ":5.52887618357,"NET_PROFIT_RATIO":-28.690439712,"ROE_AVG":-6.152832342769,"GROSS_PROFIT_QOQ":329.976140288334,"ROA":-2.865733382598,"HOLDER_PROFIT_QOQ":2.765121352477,"ROE_YEARLY":-12.305664685538,"ROIC_YEARLY":-6.27645249202,"TOTAL_ASSETS":41257771512,"TOTAL_LIABILITIES":21949105488,"TAX_EBT":-0.699065671842,"OCF_SALES":-36.818216638578,"TOTAL_PARENT_EQUITY":19238937720,"DEBT_ASSET_RATIO":53.1999298159,"OPERATE_PROFIT":-1228982160,"PRETAX_PROFIT":-1237885416,"NETCASH_OPERATE":-1599673800,"NETCASH_INVEST":-187717248,"NETCASH_FINANCE":-610081056,"END_CASH":2018875704,"DIVI_RATIO":null,"DIVIDEND_RATE":null,"CURRENT_RATIO":0.216431424263,"COMMON_ACS":null,"CURRENTDEBT_DEBT":60.082415291183,"ISSUED_COMMON_SHARES":7101805366,"HK_COMMON_SHARES":7101805366,"PER_SHARES":1000,"TOTAL_MARKET_CAP":20453199454.08,"HKSK_MARKET_CAP":20453199454.08,"PE_TTM":-22.523069545292,"PB_TTM":1.485625423397,"REPORT_DATE_SQ":"2020-06-30 00:00:00","REPORT_TYPE_SQ":"2020年中报","OPERATE_INCOME_SQ":3995477904,"DPS_HKD":null,"OPERATE_INCOME_QOQ_SQ":-19.295985850506,"NET_PROFIT_RATIO_SQ":-61.645263509,"HOLDER_PROFIT_SQ":-1290142656,"HOLDER_PROFIT_QOQ_SQ":-96.31555394027,"ROE_AVG_SQ":-5.129182849703,"PE_TTM_SQ":-2.579198206033,"PB_TTM_SQ":1.106576553273,"ROA_SQ":-2.598188589419,"START_DATE":"2021-01-01 00:00:00","FISCAL_YEAR":"12-31","CURRENCY":"HKD","IS_CNY_CODE":0,"DPS_HKD_LY":null,"ORG_TYPE":"一般企业","PREMIUM_INCOME":null,"PREMIUM_INCOME_YOY":null,"NET_INTEREST_INCOME":null,"NET_INTEREST_INCOME_YOY":null,"FEE_COMMISSION_INCOME":null,"FEE_COMMISSION_INCOME_YOY":null,"ACCOUNTS_RECE_TDAYS":6.761103198239,"INVENTORY_TDAYS":51.049979347377,"CURRENT_ASSETS_TDAYS":0.99676437182,"TOTAL_ASSETS_TDAYS":0.102078678154,"PREMIUM_EXPENSE":null,"LOAN_DEPOSIT":null,"LOAN_EQUITY":null,"LOAN_ASSETS":null,"DEPOSIT_EQUITY":null,"DEPOSIT_ASSETS":null,"EQUITY_MULTIPLIER":2.136748932355,"EQUITY_RATIO":1.140868888264},{"SECUCODE":"00880.HK","SECURITY_CODE":"00880","SECURITY_NAME_ABBR":"澳博控股","ORG_CODE":"10125501","STD_REPORT_DATE":"2020-12-31 00:00:00","REPORT_DATE":"2020-12-31 00:00:00","DATE_TYPE_CODE":"001","REPORT_TYPE":"2020年年报","PER_NETCASH_OPERATE":-1.110616403281,"PER_OI":1.112676723589,"BPS":2.906842559053,"BASIC_EPS":-0.44859412,"DILUTED_EPS":-0.44859412,"OPERATE_INCOME":6317938988,"OPERATE_INCOME_YOY":-77.84,"GROSS_PROFIT":167318032,"GROSS_PROFIT_YOY":-99.252896911653,"HOLDER_PROFIT":-2545876836,"HOLDER_PROFIT_YOY":-194.3129735291,"GROSS_PROFIT_RATIO":2.64830085124,"EPS_TTM":-0.448364237439,"OPERATE_INCOME_QOQ":-74.201192899131,"NET_PROFIT_RATIO":-42.294217166,"ROE_AVG":-11.302438978824,"GROSS_PROFIT_QOQ":-99.0091408292,"ROA":-5.482513375962,"HOLDER_PROFIT_QOQ":-2505.05072616396,"ROE_YEARLY":-11.302438978824,"ROIC_YEARLY":-6.76956749426,"TOTAL_ASSETS":44372523260,"TOTAL_LIABILITIES":23634597824,"TAX_EBT":-0.713741910925,"OCF_SALES":-99.814832083339,"TOTAL_PARENT_EQUITY":20643830084,"DEBT_ASSET_RATIO":53.2640383904,"OPERATE_PROFIT":-2640393008,"PRETAX_PROFIT":-2653185936,"NETCASH_OPERATE":-6306240192,"NETCASH_INVEST":2136923960,"NETCASH_FINANCE":1282070212,"END_CASH":4467088464,"DIVI_RATIO":null,"DIVIDEND_RATE":null,"CURRENT_RATIO":0.529977588256,"COMMON_ACS":null,"CURRENTDEBT_DEBT":47.349866104496,"ISSUED_COMMON_SHARES":7101805366,"HK_COMMON_SHARES":7101805366,"PER_SHARES":1000,"TOTAL_MARKET_CAP":20453199454.08,"HKSK_MARKET_CAP":20453199454.08,"PE_TTM":-22.523069545292,"PB_TTM":1.485625423397,"REPORT_DATE_SQ":"2019-12-31 00:00:00","REPORT_TYPE_SQ":"2019年年报","OPERATE_INCOME_SQ":30344547500,"DPS_HKD":null,"OPERATE_INCOME_QOQ_SQ":-1.065190841022,"NET_PROFIT_RATIO_SQ":9.7933579336,"HOLDER_PROFIT_SQ":2873035194,"HOLDER_PROFIT_QOQ_SQ":5.967313229465,"ROE_AVG_SQ":11.343135781293,"PE_TTM_SQ":-2.579198206033,"PB_TTM_SQ":1.106576553273,"ROA_SQ":5.625642955054,"START_DATE":"2020-01-01 00:00:00","FISCAL_YEAR":"12-31","CURRENCY":"HKD","IS_CNY_CODE":0,"DPS_HKD_LY":0.22,"ORG_TYPE":"一般企业","PREMIUM_INCOME":null,"PREMIUM_INCOME_YOY":null,"NET_INTEREST_INCOME":null,"NET_INTEREST_INCOME_YOY":null,"FEE_COMMISSION_INCOME":null,"FEE_COMMISSION_INCOME_YOY":null,"ACCOUNTS_RECE_TDAYS":7.108280857914,"INVENTORY_TDAYS":64.959111111111,"CURRENT_ASSETS_TDAYS":0.625837352486,"TOTAL_ASSETS_TDAYS":0.136056012296,"PREMIUM_EXPENSE":null,"LOAN_DEPOSIT":null,"LOAN_EQUITY":null,"LOAN_ASSETS":null,"DEPOSIT_EQUITY":null,"DEPOSIT_ASSETS":null,"EQUITY_MULTIPLIER":2.139679949999,"EQUITY_RATIO":1.144874653968},{"SECUCODE":"00880.HK","SECURITY_CODE":"00880","SECURITY_NAME_ABBR":"澳博控股","ORG_CODE":"10125501","STD_REPORT_DATE":"2020-06-30 00:00:00","REPORT_DATE":"2020-06-30 00:00:00","DATE_TYPE_CODE":"002","REPORT_TYPE":"2020年中报","PER_NETCASH_OPERATE":-0.689491856623,"PER_OI":0.7049969214,"BPS":3.353749186373,"BASIC_EPS":-0.22744656,"DILUTED_EPS":-0.22744656,"OPERATE_INCOME":3995477904,"OPERATE_INCOME_YOY":-73.7788078891,"GROSS_PROFIT":-1349242224,"GROSS_PROFIT_YOY":-132.432334874191,"HOLDER_PROFIT":-1290142656,"HOLDER_PROFIT_YOY":-184.1164909773,"GROSS_PROFIT_RATIO":-61.586891260841,"EPS_TTM":0.018678054407,"OPERATE_INCOME_QOQ":-19.295985850506,"NET_PROFIT_RATIO":-61.645263509,"ROE_AVG":-5.129182849703,"GROSS_PROFIT_QOQ":-24.600477003802,"ROA":-2.598188589419,"HOLDER_PROFIT_QOQ":-96.31555394027,"ROE_YEARLY":-10.258365699407,"ROIC_YEARLY":-6.535568154607,"TOTAL_ASSETS":46673312928,"TOTAL_LIABILITIES":22698892656,"TAX_EBT":-0.914613336974,"OCF_SALES":-178.364743162108,"TOTAL_PARENT_EQUITY":23817673968,"DEBT_ASSET_RATIO":48.6335578771,"OPERATE_PROFIT":-1334079120,"PRETAX_PROFIT":-1338280944,"NETCASH_OPERATE":-3907604976,"NETCASH_INVEST":814331760,"NETCASH_FINANCE":-1627384704,"END_CASH":3261072144,"DIVI_RATIO":null,"DIVIDEND_RATE":null,"CURRENT_RATIO":0.795074138299,"COMMON_ACS":null,"CURRENTDEBT_DEBT":43.396150487527,"ISSUED_COMMON_SHARES":7101805366,"HK_COMMON_SHARES":7101805366,"PER_SHARES":1000,"TOTAL_MARKET_CAP":20453199454.08,"HKSK_MARKET_CAP":20453199454.08,"PE_TTM":-22.523069545292,"PB_TTM":1.485625423397,"REPORT_DATE_SQ":"2019-06-30 00:00:00","REPORT_TYPE_SQ":"2019年中报","OPERATE_INCOME_SQ":8046074088,"DPS_HKD":null,"OPERATE_INCOME_QOQ_SQ":1.728434618916,"NET_PROFIT_RATIO_SQ":10.1889974992,"HOLDER_PROFIT_SQ":1477037106,"HOLDER_PROFIT_QOQ_SQ":8.568959577346,"ROE_AVG_SQ":6.05309026282,"PE_TTM_SQ":-2.579198206033,"PB_TTM_SQ":1.106576553273,"ROA_SQ":2.934891757186,"START_DATE":"2020-01-01 00:00:00","FISCAL_YEAR":"12-31","CURRENCY":"HKD","IS_CNY_CODE":0,"DPS_HKD_LY":0.22,"ORG_TYPE":"一般企业","PREMIUM_INCOME":null,"PREMIUM_INCOME_YOY":null,"NET_INTEREST_INCOME":null,"NET_INTEREST_INCOME_YOY":null,"FEE_COMMISSION_INCOME":null,"FEE_COMMISSION_INCOME_YOY":null,"ACCOUNTS_RECE_TDAYS":3.86029476657,"INVENTORY_TDAYS":36.253507951356,"CURRENT_ASSETS_TDAYS":0.187988901256,"TOTAL_ASSETS_TDAYS":0.044119905925,"PREMIUM_EXPENSE":null,"LOAN_DEPOSIT":null,"LOAN_EQUITY":null,"LOAN_ASSETS":null,"DEPOSIT_EQUITY":null,"DEPOSIT_ASSETS":null,"EQUITY_MULTIPLIER":1.946796310337,"EQUITY_RATIO":0.953027263976}],"count":41},"success":true,"message":"ok","code":0}