{"version":"6fe95a91b2d81b8977c58de6b5e112c0","result":{"pages":7,"data":[{"SECUCODE":"00883.HK","SECURITY_CODE":"00883","SECURITY_NAME_ABBR":"中国海洋石油","ORG_CODE":"10009141","STD_REPORT_DATE":"2024-09-30 00:00:00","REPORT_DATE":"2024-09-30 00:00:00","DATE_TYPE_CODE":"004","REPORT_TYPE":"2024年三季报","PER_NETCASH_OPERATE":3.84532246889,"PER_OI":6.859337589718,"BPS":15.123789100279,"BASIC_EPS":2.45,"DILUTED_EPS":2.45,"OPERATE_INCOME":326024000000,"OPERATE_INCOME_YOY":6.2600833722,"GROSS_PROFIT":177526000000,"GROSS_PROFIT_YOY":16.662176104514,"HOLDER_PROFIT":116659000000,"HOLDER_PROFIT_YOY":19.4725792411,"GROSS_PROFIT_RATIO":54.451819497951,"EPS_TTM":3.005620414615,"OPERATE_INCOME_QOQ":-3.434186765341,"NET_PROFIT_RATIO":35.7900031899,"ROE_AVG":16.840970132501,"GROSS_PROFIT_QOQ":-2.015779243502,"ROA":11.190376155642,"HOLDER_PROFIT_QOQ":2.177193823178,"ROE_YEARLY":22.454626843335,"ROIC_YEARLY":13.352990226686,"TOTAL_ASSETS":1079390000000,"TOTAL_LIABILITIES":358786000000,"TAX_EBT":24.420118534832,"OCF_SALES":56.059676588227,"TOTAL_PARENT_EQUITY":718833000000,"DEBT_ASSET_RATIO":33.239700201,"OPERATE_PROFIT":155811000000,"PRETAX_PROFIT":154385000000,"NETCASH_OPERATE":182768000000,"NETCASH_INVEST":-118317000000,"NETCASH_FINANCE":-64155000000,"END_CASH":133365000000,"DIVI_RATIO":0.42370233906,"DIVIDEND_RATE":7.575757575758,"CURRENT_RATIO":1.710702862003,"COMMON_ACS":null,"CURRENTDEBT_DEBT":46.530801090344,"ISSUED_COMMON_SHARES":47529953984,"HK_COMMON_SHARES":44539953984,"PER_SHARES":1000,"TOTAL_MARKET_CAP":878353549624.32,"HKSK_MARKET_CAP":823098349624.32,"PE_TTM":5.503030506605,"PB_TTM":1.101911636661,"REPORT_DATE_SQ":"2023-09-30 00:00:00","REPORT_TYPE_SQ":"2023年三季报","OPERATE_INCOME_SQ":306817000000,"DPS_HKD":1.4,"OPERATE_INCOME_QOQ_SQ":1.447544417984,"NET_PROFIT_RATIO_SQ":31.8297226034,"HOLDER_PROFIT_SQ":97645000000,"HOLDER_PROFIT_QOQ_SQ":-2.243700121281,"ROE_AVG_SQ":15.741614722589,"PE_TTM_SQ":5.118712282352,"PB_TTM_SQ":1.056933059546,"ROA_SQ":10.019722368162,"START_DATE":"2024-01-01 00:00:00","FISCAL_YEAR":"12-31","CURRENCY":"HKD","IS_CNY_CODE":0,"DPS_HKD_LY":1.4,"ORG_TYPE":"一般企业","PREMIUM_INCOME":null,"PREMIUM_INCOME_YOY":null,"NET_INTEREST_INCOME":null,"NET_INTEREST_INCOME_YOY":null,"FEE_COMMISSION_INCOME":null,"FEE_COMMISSION_INCOME_YOY":null,"ACCOUNTS_RECE_TDAYS":9.238031820693,"INVENTORY_TDAYS":24.320013101867,"CURRENT_ASSETS_TDAYS":1.216802582716,"TOTAL_ASSETS_TDAYS":0.312734653629,"PREMIUM_EXPENSE":null,"LOAN_DEPOSIT":null,"LOAN_EQUITY":null,"LOAN_ASSETS":null,"DEPOSIT_EQUITY":null,"DEPOSIT_ASSETS":null,"EQUITY_MULTIPLIER":1.49789620929,"EQUITY_RATIO":0.499122883897},{"SECUCODE":"00883.HK","SECURITY_CODE":"00883","SECURITY_NAME_ABBR":"中国海洋石油","ORG_CODE":"10009141","STD_REPORT_DATE":"2024-06-30 00:00:00","REPORT_DATE":"2024-06-30 00:00:00","DATE_TYPE_CODE":"002","REPORT_TYPE":"2024年中报","PER_NETCASH_OPERATE":2.492370513998,"PER_OI":4.767404401869,"BPS":15.131468468118,"BASIC_EPS":1.68,"DILUTED_EPS":1.68,"OPERATE_INCOME":226770000000,"OPERATE_INCOME_YOY":18.0700183272,"GROSS_PROFIT":175545000000,"GROSS_PROFIT_YOY":22.471831722887,"HOLDER_PROFIT":79731000000,"HOLDER_PROFIT_YOY":25.0466586158,"GROSS_PROFIT_RATIO":77.411033205451,"EPS_TTM":2.939300223304,"OPERATE_INCOME_QOQ":4.867717245321,"NET_PROFIT_RATIO":35.1655862768,"ROE_AVG":11.506988102042,"GROSS_PROFIT_QOQ":6.494909606767,"ROA":7.662750924795,"HOLDER_PROFIT_QOQ":6.362924023766,"ROE_YEARLY":23.013976204084,"ROIC_YEARLY":18.317880041561,"TOTAL_ASSETS":1075404000000,"TOTAL_LIABILITIES":354501000000,"TAX_EBT":24.609552261383,"OCF_SALES":52.279402037307,"TOTAL_PARENT_EQUITY":719198000000,"DEBT_ASSET_RATIO":32.9644487095,"OPERATE_PROFIT":105542000000,"PRETAX_PROFIT":105776000000,"NETCASH_OPERATE":118554000000,"NETCASH_INVEST":-78802000000,"NETCASH_FINANCE":-30322000000,"END_CASH":142960000000,"DIVI_RATIO":0.433262444545,"DIVIDEND_RATE":7.518796992481,"CURRENT_RATIO":1.788833709556,"COMMON_ACS":null,"CURRENTDEBT_DEBT":46.861644960099,"ISSUED_COMMON_SHARES":47529953984,"HK_COMMON_SHARES":44539953984,"PER_SHARES":1000,"TOTAL_MARKET_CAP":885007743182.08,"HKSK_MARKET_CAP":829333943182.08,"PE_TTM":5.544720131655,"PB_TTM":1.11025945209,"REPORT_DATE_SQ":"2023-06-30 00:00:00","REPORT_TYPE_SQ":"2023年中报","OPERATE_INCOME_SQ":192064000000,"DPS_HKD":1.4,"OPERATE_INCOME_QOQ_SQ":-3.986546803001,"NET_PROFIT_RATIO_SQ":33.1910196601,"HOLDER_PROFIT_SQ":63761000000,"HOLDER_PROFIT_QOQ_SQ":-4.256264694076,"ROE_AVG_SQ":10.336389404719,"PE_TTM_SQ":4.803310241848,"PB_TTM_SQ":0.991807530845,"ROA_SQ":6.613851424067,"START_DATE":"2024-01-01 00:00:00","FISCAL_YEAR":"12-31","CURRENCY":"HKD","IS_CNY_CODE":0,"DPS_HKD_LY":1.4,"ORG_TYPE":"一般企业","PREMIUM_INCOME":null,"PREMIUM_INCOME_YOY":null,"NET_INTEREST_INCOME":null,"NET_INTEREST_INCOME_YOY":null,"FEE_COMMISSION_INCOME":null,"FEE_COMMISSION_INCOME_YOY":null,"ACCOUNTS_RECE_TDAYS":5.690732515245,"INVENTORY_TDAYS":8.232221775814,"CURRENT_ASSETS_TDAYS":0.828466786618,"TOTAL_ASSETS_TDAYS":0.217943087032,"PREMIUM_EXPENSE":null,"LOAN_DEPOSIT":null,"LOAN_EQUITY":null,"LOAN_ASSETS":null,"DEPOSIT_EQUITY":null,"DEPOSIT_ASSETS":null,"EQUITY_MULTIPLIER":1.491745768848,"EQUITY_RATIO":0.492911548697},{"SECUCODE":"00883.HK","SECURITY_CODE":"00883","SECURITY_NAME_ABBR":"中国海洋石油","ORG_CODE":"10009141","STD_REPORT_DATE":"2024-03-31 00:00:00","REPORT_DATE":"2024-03-31 00:00:00","DATE_TYPE_CODE":"003","REPORT_TYPE":"2024年一季报","PER_NETCASH_OPERATE":1.26092243778,"PER_OI":2.343400951923,"BPS":14.8639529556,"BASIC_EPS":0.84,"DILUTED_EPS":0.84,"OPERATE_INCOME":111468000000,"OPERATE_INCOME_YOY":14.0792745955,"GROSS_PROFIT":59554000000,"GROSS_PROFIT_YOY":23.854088678147,"HOLDER_PROFIT":39719000000,"HOLDER_PROFIT_YOY":23.6851119484,"GROSS_PROFIT_RATIO":53.42699250009,"EPS_TTM":2.763463161888,"OPERATE_INCOME_QOQ":3.302137015763,"NET_PROFIT_RATIO":35.638927764,"ROE_AVG":5.785433943961,"GROSS_PROFIT_QOQ":3.725755789214,"ROA":3.854759636778,"HOLDER_PROFIT_QOQ":6.141647085423,"ROE_YEARLY":23.141735775842,"ROIC_YEARLY":18.43162504713,"TOTAL_ASSETS":1055179000000,"TOTAL_LIABILITIES":347100000000,"TAX_EBT":24.384719340655,"OCF_SALES":53.807370725231,"TOTAL_PARENT_EQUITY":706483000000,"DEBT_ASSET_RATIO":32.8948927149,"OPERATE_PROFIT":52227000000,"PRETAX_PROFIT":52537000000,"NETCASH_OPERATE":59978000000,"NETCASH_INVEST":-33884000000,"NETCASH_FINANCE":-1156000000,"END_CASH":158407000000,"DIVI_RATIO":0.460830604715,"DIVIDEND_RATE":7.518796992481,"CURRENT_RATIO":2.188555403972,"COMMON_ACS":null,"CURRENTDEBT_DEBT":38.012100259291,"ISSUED_COMMON_SHARES":47529953984,"HK_COMMON_SHARES":44539953984,"PER_SHARES":1000,"TOTAL_MARKET_CAP":885007743182.08,"HKSK_MARKET_CAP":829333943182.08,"PE_TTM":5.544720131655,"PB_TTM":1.11025945209,"REPORT_DATE_SQ":"2023-03-31 00:00:00","REPORT_TYPE_SQ":"2023年一季报","OPERATE_INCOME_SQ":97711000000,"DPS_HKD":1.4,"OPERATE_INCOME_QOQ_SQ":1.613575539398,"NET_PROFIT_RATIO_SQ":32.8611927009,"HOLDER_PROFIT_SQ":32113000000,"HOLDER_PROFIT_QOQ_SQ":-1.544107268878,"ROE_AVG_SQ":5.251847623969,"PE_TTM_SQ":4.803310241848,"PB_TTM_SQ":0.991807530845,"ROA_SQ":3.397859474444,"START_DATE":"2024-01-01 00:00:00","FISCAL_YEAR":"12-31","CURRENCY":"HKD","IS_CNY_CODE":0,"DPS_HKD_LY":1.4,"ORG_TYPE":"一般企业","PREMIUM_INCOME":null,"PREMIUM_INCOME_YOY":null,"NET_INTEREST_INCOME":null,"NET_INTEREST_INCOME_YOY":null,"FEE_COMMISSION_INCOME":null,"FEE_COMMISSION_INCOME_YOY":null,"ACCOUNTS_RECE_TDAYS":2.767122607552,"INVENTORY_TDAYS":8.163862242491,"CURRENT_ASSETS_TDAYS":0.413585068076,"TOTAL_ASSETS_TDAYS":0.108180555198,"PREMIUM_EXPENSE":null,"LOAN_DEPOSIT":null,"LOAN_EQUITY":null,"LOAN_ASSETS":null,"DEPOSIT_EQUITY":null,"DEPOSIT_ASSETS":null,"EQUITY_MULTIPLIER":1.490199539882,"EQUITY_RATIO":0.491306938737},{"SECUCODE":"00883.HK","SECURITY_CODE":"00883","SECURITY_NAME_ABBR":"中国海洋石油","ORG_CODE":"10009141","STD_REPORT_DATE":"2023-12-31 00:00:00","REPORT_DATE":"2023-12-31 00:00:00","DATE_TYPE_CODE":"001","REPORT_TYPE":"2023年年报","PER_NETCASH_OPERATE":4.409444377392,"PER_OI":8.758405346644,"BPS":14.024545452419,"BASIC_EPS":2.6,"DILUTED_EPS":2.6,"OPERATE_INCOME":416609000000,"OPERATE_INCOME_YOY":-1.3312649504,"GROSS_PROFIT":307857000000,"GROSS_PROFIT_YOY":-7.628397658432,"HOLDER_PROFIT":123843000000,"HOLDER_PROFIT_YOY":-12.6019760056,"GROSS_PROFIT_RATIO":73.895907193556,"EPS_TTM":2.603561596952,"OPERATE_INCOME_QOQ":-0.309402682926,"NET_PROFIT_RATIO":29.785722344,"ROE_AVG":19.599008678808,"GROSS_PROFIT_QOQ":-11.423096510233,"ROA":12.802764767819,"HOLDER_PROFIT_QOQ":-5.157110364,"ROE_YEARLY":19.599008678808,"ROIC_YEARLY":14.919144747978,"TOTAL_ASSETS":1005598000000,"TOTAL_LIABILITIES":337722000000,"TAX_EBT":28.260894700938,"OCF_SALES":50.34528778783,"TOTAL_PARENT_EQUITY":666586000000,"DEBT_ASSET_RATIO":33.5841956726,"OPERATE_PROFIT":167769000000,"PRETAX_PROFIT":172974000000,"NETCASH_OPERATE":209743000000,"NETCASH_INVEST":-78095000000,"NETCASH_FINANCE":-84228000000,"END_CASH":133439000000,"DIVI_RATIO":0.489133194118,"DIVIDEND_RATE":7.518796992481,"CURRENT_RATIO":2.019340159272,"COMMON_ACS":null,"CURRENTDEBT_DEBT":36.698527191003,"ISSUED_COMMON_SHARES":47529953984,"HK_COMMON_SHARES":44539953984,"PER_SHARES":1000,"TOTAL_MARKET_CAP":885007743182.08,"HKSK_MARKET_CAP":829333943182.08,"PE_TTM":5.544720131655,"PB_TTM":1.11025945209,"REPORT_DATE_SQ":"2022-12-31 00:00:00","REPORT_TYPE_SQ":"2022年年报","OPERATE_INCOME_SQ":422230000000,"DPS_HKD":1.4,"OPERATE_INCOME_QOQ_SQ":10.127516620979,"NET_PROFIT_RATIO_SQ":33.5544608389,"HOLDER_PROFIT_SQ":141700000000,"HOLDER_PROFIT_QOQ_SQ":12.236734758537,"ROE_AVG_SQ":26.287132661902,"PE_TTM_SQ":4.803310241848,"PB_TTM_SQ":0.991807530845,"ROA_SQ":16.519002098391,"START_DATE":"2023-01-01 00:00:00","FISCAL_YEAR":"12-31","CURRENCY":"HKD","IS_CNY_CODE":0,"DPS_HKD_LY":1.34,"ORG_TYPE":"一般企业","PREMIUM_INCOME":null,"PREMIUM_INCOME_YOY":null,"NET_INTEREST_INCOME":null,"NET_INTEREST_INCOME_YOY":null,"FEE_COMMISSION_INCOME":null,"FEE_COMMISSION_INCOME_YOY":null,"ACCOUNTS_RECE_TDAYS":11.103059538404,"INVENTORY_TDAYS":17.139795114263,"CURRENT_ASSETS_TDAYS":1.618043553405,"TOTAL_ASSETS_TDAYS":0.43068619358,"PREMIUM_EXPENSE":null,"LOAN_DEPOSIT":null,"LOAN_EQUITY":null,"LOAN_ASSETS":null,"DEPOSIT_EQUITY":null,"DEPOSIT_ASSETS":null,"EQUITY_MULTIPLIER":1.505665722379,"EQUITY_RATIO":0.506644303961},{"SECUCODE":"00883.HK","SECURITY_CODE":"00883","SECURITY_NAME_ABBR":"中国海洋石油","ORG_CODE":"10009141","STD_REPORT_DATE":"2023-09-30 00:00:00","REPORT_DATE":"2023-09-30 00:00:00","DATE_TYPE_CODE":"004","REPORT_TYPE":"2023年三季报","PER_NETCASH_OPERATE":3.343616144531,"PER_OI":6.450239080868,"BPS":13.537042350527,"BASIC_EPS":2.05,"DILUTED_EPS":2.05,"OPERATE_INCOME":306817000000,"OPERATE_INCOME_YOY":-1.3909913384,"GROSS_PROFIT":152171000000,"GROSS_PROFIT_YOY":-10.201877740338,"HOLDER_PROFIT":97645000000,"HOLDER_PROFIT_YOY":-10.2263533392,"GROSS_PROFIT_RATIO":49.59666511308,"EPS_TTM":2.745131034012,"OPERATE_INCOME_QOQ":1.447544417984,"NET_PROFIT_RATIO":31.8297226034,"ROE_AVG":15.741614722589,"GROSS_PROFIT_QOQ":1.844016104739,"ROA":10.019722368162,"HOLDER_PROFIT_QOQ":-2.243700121281,"ROE_YEARLY":20.988819630119,"ROIC_YEARLY":11.666640779297,"TOTAL_ASSETS":1020025000000,"TOTAL_LIABILITIES":375395000000,"TAX_EBT":26.547328043323,"OCF_SALES":51.837088557674,"TOTAL_PARENT_EQUITY":643415000000,"DEBT_ASSET_RATIO":36.8025293498,"OPERATE_PROFIT":133699000000,"PRETAX_PROFIT":132955000000,"NETCASH_OPERATE":159045000000,"NETCASH_INVEST":-54283000000,"NETCASH_FINANCE":-55910000000,"END_CASH":135146000000,"DIVI_RATIO":0.46390805547,"DIVIDEND_RATE":7.518796992481,"CURRENT_RATIO":1.677769740881,"COMMON_ACS":null,"CURRENTDEBT_DEBT":43.82557039918,"ISSUED_COMMON_SHARES":47529953984,"HK_COMMON_SHARES":44539953984,"PER_SHARES":1000,"TOTAL_MARKET_CAP":885007743182.08,"HKSK_MARKET_CAP":829333943182.08,"PE_TTM":5.544720131655,"PB_TTM":1.11025945209,"REPORT_DATE_SQ":"2022-09-30 00:00:00","REPORT_TYPE_SQ":"2022年三季报","OPERATE_INCOME_SQ":311145000000,"DPS_HKD":1.4,"OPERATE_INCOME_QOQ_SQ":13.354107966993,"NET_PROFIT_RATIO_SQ":34.954121069,"HOLDER_PROFIT_SQ":108768000000,"HOLDER_PROFIT_QOQ_SQ":15.956391557523,"ROE_AVG_SQ":20.745711116812,"PE_TTM_SQ":4.803310241848,"PB_TTM_SQ":0.991807530845,"ROA_SQ":12.636194178322,"START_DATE":"2023-01-01 00:00:00","FISCAL_YEAR":"12-31","CURRENCY":"HKD","IS_CNY_CODE":0,"DPS_HKD_LY":1.34,"ORG_TYPE":"一般企业","PREMIUM_INCOME":null,"PREMIUM_INCOME_YOY":null,"NET_INTEREST_INCOME":null,"NET_INTEREST_INCOME_YOY":null,"FEE_COMMISSION_INCOME":null,"FEE_COMMISSION_INCOME_YOY":null,"ACCOUNTS_RECE_TDAYS":7.121863466493,"INVENTORY_TDAYS":24.96102009523,"CURRENT_ASSETS_TDAYS":1.134879712375,"TOTAL_ASSETS_TDAYS":0.314836515729,"PREMIUM_EXPENSE":null,"LOAN_DEPOSIT":null,"LOAN_EQUITY":null,"LOAN_ASSETS":null,"DEPOSIT_EQUITY":null,"DEPOSIT_ASSETS":null,"EQUITY_MULTIPLIER":1.58234180848,"EQUITY_RATIO":0.583441480227},{"SECUCODE":"00883.HK","SECURITY_CODE":"00883","SECURITY_NAME_ABBR":"中国海洋石油","ORG_CODE":"10009141","STD_REPORT_DATE":"2023-06-30 00:00:00","REPORT_DATE":"2023-06-30 00:00:00","DATE_TYPE_CODE":"002","REPORT_TYPE":"2023年中报","PER_NETCASH_OPERATE":2.094277425168,"PER_OI":4.037777303173,"BPS":13.392333605336,"BASIC_EPS":1.34,"DILUTED_EPS":1.34,"OPERATE_INCOME":192064000000,"OPERATE_INCOME_YOY":-5.0856168615,"GROSS_PROFIT":143335000000,"GROSS_PROFIT_YOY":-14.127465311893,"HOLDER_PROFIT":63761000000,"HOLDER_PROFIT_YOY":-11.3038518786,"GROSS_PROFIT_RATIO":74.628769576808,"EPS_TTM":2.808137212044,"OPERATE_INCOME_QOQ":-3.986546803001,"NET_PROFIT_RATIO":33.1910196601,"ROE_AVG":10.336389404719,"GROSS_PROFIT_QOQ":-5.168063490652,"ROA":6.613851424067,"HOLDER_PROFIT_QOQ":-4.256264694076,"ROE_YEARLY":20.672778809437,"ROIC_YEARLY":15.259878767717,"TOTAL_ASSETS":999074000000,"TOTAL_LIABILITIES":361348000000,"TAX_EBT":26.406686523054,"OCF_SALES":51.867085971343,"TOTAL_PARENT_EQUITY":636537000000,"DEBT_ASSET_RATIO":36.1682918382,"OPERATE_PROFIT":84273000000,"PRETAX_PROFIT":86622000000,"NETCASH_OPERATE":99618000000,"NETCASH_INVEST":-50244000000,"NETCASH_FINANCE":-21796000000,"END_CASH":114065000000,"DIVI_RATIO":0.453499349867,"DIVIDEND_RATE":7.518796992481,"CURRENT_RATIO":1.774842569063,"COMMON_ACS":null,"CURRENTDEBT_DEBT":42.144691543886,"ISSUED_COMMON_SHARES":47529953984,"HK_COMMON_SHARES":44539953984,"PER_SHARES":1000,"TOTAL_MARKET_CAP":885007743182.08,"HKSK_MARKET_CAP":829333943182.08,"PE_TTM":5.544720131655,"PB_TTM":1.11025945209,"REPORT_DATE_SQ":"2022-06-30 00:00:00","REPORT_TYPE_SQ":"2022年中报","OPERATE_INCOME_SQ":202355000000,"DPS_HKD":1.4,"OPERATE_INCOME_QOQ_SQ":18.835441970607,"NET_PROFIT_RATIO_SQ":35.5232141533,"HOLDER_PROFIT_SQ":71887000000,"HOLDER_PROFIT_QOQ_SQ":21.224739742805,"ROE_AVG_SQ":13.964023026351,"PE_TTM_SQ":4.803310241848,"PB_TTM_SQ":0.991807530845,"ROA_SQ":8.425658249057,"START_DATE":"2023-01-01 00:00:00","FISCAL_YEAR":"12-31","CURRENCY":"HKD","IS_CNY_CODE":0,"DPS_HKD_LY":1.34,"ORG_TYPE":"一般企业","PREMIUM_INCOME":null,"PREMIUM_INCOME_YOY":null,"NET_INTEREST_INCOME":null,"NET_INTEREST_INCOME_YOY":null,"FEE_COMMISSION_INCOME":null,"FEE_COMMISSION_INCOME_YOY":null,"ACCOUNTS_RECE_TDAYS":5.118430870909,"INVENTORY_TDAYS":7.920838751625,"CURRENT_ASSETS_TDAYS":0.718039209822,"TOTAL_ASSETS_TDAYS":0.199225664577,"PREMIUM_EXPENSE":null,"LOAN_DEPOSIT":null,"LOAN_EQUITY":null,"LOAN_ASSETS":null,"DEPOSIT_EQUITY":null,"DEPOSIT_ASSETS":null,"EQUITY_MULTIPLIER":1.566619519981,"EQUITY_RATIO":0.567677919744},{"SECUCODE":"00883.HK","SECURITY_CODE":"00883","SECURITY_NAME_ABBR":"中国海洋石油","ORG_CODE":"10009141","STD_REPORT_DATE":"2023-03-31 00:00:00","REPORT_DATE":"2023-03-31 00:00:00","DATE_TYPE_CODE":"003","REPORT_TYPE":"2023年一季报","PER_NETCASH_OPERATE":1.092527547543,"PER_OI":2.054186406981,"BPS":13.165171592858,"BASIC_EPS":0.68,"DILUTED_EPS":0.68,"OPERATE_INCOME":97711000000,"OPERATE_INCOME_YOY":7.4952144162,"GROSS_PROFIT":48084000000,"GROSS_PROFIT_YOY":-9.390016394369,"HOLDER_PROFIT":32113000000,"HOLDER_PROFIT_YOY":-6.3788227748,"GROSS_PROFIT_RATIO":49.210426666394,"EPS_TTM":2.932972275493,"OPERATE_INCOME_QOQ":1.613575539398,"NET_PROFIT_RATIO":32.8611927009,"ROE_AVG":5.251847623969,"GROSS_PROFIT_QOQ":-1.365777983648,"ROA":3.397859474444,"HOLDER_PROFIT_QOQ":-1.544107268878,"ROE_YEARLY":21.007390495878,"ROIC_YEARLY":15.81790665056,"TOTAL_ASSETS":961159000000,"TOTAL_LIABILITIES":334222000000,"TAX_EBT":25.792137558067,"OCF_SALES":53.185414129423,"TOTAL_PARENT_EQUITY":625740000000,"DEBT_ASSET_RATIO":34.772810742,"OPERATE_PROFIT":43220000000,"PRETAX_PROFIT":43269000000,"NETCASH_OPERATE":51968000000,"NETCASH_INVEST":-42935000000,"NETCASH_FINANCE":-1735000000,"END_CASH":92600000000,"DIVI_RATIO":0.434197217151,"DIVIDEND_RATE":7.518796992481,"CURRENT_RATIO":2.472193793401,"COMMON_ACS":null,"CURRENTDEBT_DEBT":35.374391871271,"ISSUED_COMMON_SHARES":47529953984,"HK_COMMON_SHARES":44539953984,"PER_SHARES":1000,"TOTAL_MARKET_CAP":885007743182.08,"HKSK_MARKET_CAP":829333943182.08,"PE_TTM":5.544720131655,"PB_TTM":1.11025945209,"REPORT_DATE_SQ":"2022-03-31 00:00:00","REPORT_TYPE_SQ":"2022年一季报","OPERATE_INCOME_SQ":90898000000,"DPS_HKD":1.4,"OPERATE_INCOME_QOQ_SQ":15.64822376895,"NET_PROFIT_RATIO_SQ":37.7346036216,"HOLDER_PROFIT_SQ":34301000000,"HOLDER_PROFIT_QOQ_SQ":27.723265073948,"ROE_AVG_SQ":6.88674841514,"PE_TTM_SQ":4.803310241848,"PB_TTM_SQ":0.991807530845,"ROA_SQ":4.257471458396,"START_DATE":"2023-01-01 00:00:00","FISCAL_YEAR":"12-31","CURRENCY":"HKD","IS_CNY_CODE":0,"DPS_HKD_LY":1.34,"ORG_TYPE":"一般企业","PREMIUM_INCOME":null,"PREMIUM_INCOME_YOY":null,"NET_INTEREST_INCOME":null,"NET_INTEREST_INCOME_YOY":null,"FEE_COMMISSION_INCOME":null,"FEE_COMMISSION_INCOME_YOY":null,"ACCOUNTS_RECE_TDAYS":2.504607497597,"INVENTORY_TDAYS":7.603339972422,"CURRENT_ASSETS_TDAYS":0.350870074188,"TOTAL_ASSETS_TDAYS":0.103387490146,"PREMIUM_EXPENSE":null,"LOAN_DEPOSIT":null,"LOAN_EQUITY":null,"LOAN_ASSETS":null,"DEPOSIT_EQUITY":null,"DEPOSIT_ASSETS":null,"EQUITY_MULTIPLIER":1.533103007159,"EQUITY_RATIO":0.534122798606},{"SECUCODE":"00883.HK","SECURITY_CODE":"00883","SECURITY_NAME_ABBR":"中国海洋石油","ORG_CODE":"10009141","STD_REPORT_DATE":"2022-12-31 00:00:00","REPORT_DATE":"2022-12-31 00:00:00","DATE_TYPE_CODE":"001","REPORT_TYPE":"2022年年报","PER_NETCASH_OPERATE":4.321799146756,"PER_OI":8.876576092963,"BPS":12.564329437412,"BASIC_EPS":3.03,"DILUTED_EPS":3.03,"OPERATE_INCOME":422230000000,"OPERATE_INCOME_YOY":71.5607998017,"GROSS_PROFIT":333281000000,"GROSS_PROFIT_YOY":45.239464853794,"HOLDER_PROFIT":141700000000,"HOLDER_PROFIT_YOY":101.5073947668,"GROSS_PROFIT_RATIO":86.409539824266,"EPS_TTM":2.978970779842,"OPERATE_INCOME_QOQ":10.127516620979,"NET_PROFIT_RATIO":33.5544608389,"ROE_AVG":26.287132661902,"GROSS_PROFIT_QOQ":16.566026402893,"ROA":16.519002098391,"HOLDER_PROFIT_QOQ":12.236734758537,"ROE_YEARLY":26.287132661902,"ROIC_YEARLY":18.74068421352,"TOTAL_ASSETS":929031000000,"TOTAL_LIABILITIES":330648000000,"TAX_EBT":27.259331519228,"OCF_SALES":48.687682069015,"TOTAL_PARENT_EQUITY":597182000000,"DEBT_ASSET_RATIO":35.590631529,"OPERATE_PROFIT":193325000000,"PRETAX_PROFIT":194770000000,"NETCASH_OPERATE":205574000000,"NETCASH_INVEST":-98473000000,"NETCASH_FINANCE":-64962000000,"END_CASH":85633000000,"DIVI_RATIO":0.42749274636,"DIVIDEND_RATE":7.518796992481,"CURRENT_RATIO":2.334215237541,"COMMON_ACS":null,"CURRENTDEBT_DEBT":34.293568991798,"ISSUED_COMMON_SHARES":47529953984,"HK_COMMON_SHARES":44539953984,"PER_SHARES":1000,"TOTAL_MARKET_CAP":885007743182.08,"HKSK_MARKET_CAP":829333943182.08,"PE_TTM":5.544720131655,"PB_TTM":1.11025945209,"REPORT_DATE_SQ":"2021-12-31 00:00:00","REPORT_TYPE_SQ":"2021年年报","OPERATE_INCOME_SQ":246111000000,"DPS_HKD":1.4,"OPERATE_INCOME_QOQ_SQ":28.823575597372,"NET_PROFIT_RATIO_SQ":28.5671912267,"HOLDER_PROFIT_SQ":70320000000,"HOLDER_PROFIT_QOQ_SQ":46.799716087011,"ROE_AVG_SQ":15.376877829044,"PE_TTM_SQ":4.803310241848,"PB_TTM_SQ":0.991807530845,"ROA_SQ":9.327224832277,"START_DATE":"2022-01-01 00:00:00","FISCAL_YEAR":"12-31","CURRENCY":"HKD","IS_CNY_CODE":0,"DPS_HKD_LY":1.88,"ORG_TYPE":"一般企业","PREMIUM_INCOME":null,"PREMIUM_INCOME_YOY":null,"NET_INTEREST_INCOME":null,"NET_INTEREST_INCOME_YOY":null,"FEE_COMMISSION_INCOME":null,"FEE_COMMISSION_INCOME_YOY":null,"ACCOUNTS_RECE_TDAYS":12.983702337023,"INVENTORY_TDAYS":9.610283034668,"CURRENT_ASSETS_TDAYS":1.786608161029,"TOTAL_ASSETS_TDAYS":0.492224294707,"PREMIUM_EXPENSE":null,"LOAN_DEPOSIT":null,"LOAN_EQUITY":null,"LOAN_ASSETS":null,"DEPOSIT_EQUITY":null,"DEPOSIT_ASSETS":null,"EQUITY_MULTIPLIER":1.552569173924,"EQUITY_RATIO":0.553680452525},{"SECUCODE":"00883.HK","SECURITY_CODE":"00883","SECURITY_NAME_ABBR":"中国海洋石油","ORG_CODE":"10009141","STD_REPORT_DATE":"2022-09-30 00:00:00","REPORT_DATE":"2022-09-30 00:00:00","DATE_TYPE_CODE":"004","REPORT_TYPE":"2022年三季报","PER_NETCASH_OPERATE":3.506677621643,"PER_OI":6.537672318542,"BPS":11.943436768129,"BASIC_EPS":2.34,"DILUTED_EPS":2.34,"OPERATE_INCOME":311145000000,"OPERATE_INCOME_YOY":78.9681056052,"GROSS_PROFIT":169459000000,"GROSS_PROFIT_YOY":97.198980601166,"HOLDER_PROFIT":108768000000,"HOLDER_PROFIT_YOY":105.8557450272,"GROSS_PROFIT_RATIO":54.463031705475,"EPS_TTM":2.652742830154,"OPERATE_INCOME_QOQ":13.354107966993,"NET_PROFIT_RATIO":34.954121069,"ROE_AVG":20.745711116812,"GROSS_PROFIT_QOQ":2.582960523081,"ROA":12.636194178322,"HOLDER_PROFIT_QOQ":15.956391557523,"ROE_YEARLY":27.660948155749,"ROIC_YEARLY":14.597615379247,"TOTAL_ASSETS":934962000000,"TOTAL_LIABILITIES":366130000000,"TAX_EBT":27.34596808134,"OCF_SALES":53.638014430571,"TOTAL_PARENT_EQUITY":567671000000,"DEBT_ASSET_RATIO":39.1598802946,"OPERATE_PROFIT":151865000000,"PRETAX_PROFIT":149693000000,"NETCASH_OPERATE":166892000000,"NETCASH_INVEST":-75913000000,"NETCASH_FINANCE":-31581000000,"END_CASH":104111000000,"DIVI_RATIO":0.480064778811,"DIVIDEND_RATE":7.518796992481,"CURRENT_RATIO":1.959580487042,"COMMON_ACS":null,"CURRENTDEBT_DEBT":41.902056646546,"ISSUED_COMMON_SHARES":47529953984,"HK_COMMON_SHARES":44539953984,"PER_SHARES":1000,"TOTAL_MARKET_CAP":885007743182.08,"HKSK_MARKET_CAP":829333943182.08,"PE_TTM":5.544720131655,"PB_TTM":1.11025945209,"REPORT_DATE_SQ":"2021-09-30 00:00:00","REPORT_TYPE_SQ":"2021年三季报","OPERATE_INCOME_SQ":173855000000,"DPS_HKD":1.4,"OPERATE_INCOME_QOQ_SQ":0,"NET_PROFIT_RATIO_SQ":30.387391792,"HOLDER_PROFIT_SQ":52837000000,"HOLDER_PROFIT_QOQ_SQ":0,"ROE_AVG_SQ":null,"PE_TTM_SQ":4.803310241848,"PB_TTM_SQ":0.991807530845,"ROA_SQ":null,"START_DATE":"2022-01-01 00:00:00","FISCAL_YEAR":"12-31","CURRENCY":"HKD","IS_CNY_CODE":0,"DPS_HKD_LY":1.88,"ORG_TYPE":"一般企业","PREMIUM_INCOME":null,"PREMIUM_INCOME_YOY":null,"NET_INTEREST_INCOME":null,"NET_INTEREST_INCOME_YOY":null,"FEE_COMMISSION_INCOME":null,"FEE_COMMISSION_INCOME_YOY":null,"ACCOUNTS_RECE_TDAYS":9.657339727175,"INVENTORY_TDAYS":23.403700033036,"CURRENT_ASSETS_TDAYS":1.223503921449,"TOTAL_ASSETS_TDAYS":0.361474757062,"PREMIUM_EXPENSE":null,"LOAN_DEPOSIT":null,"LOAN_EQUITY":null,"LOAN_ASSETS":null,"DEPOSIT_EQUITY":null,"DEPOSIT_ASSETS":null,"EQUITY_MULTIPLIER":1.643652255851,"EQUITY_RATIO":0.644968652617}],"count":60},"success":true,"message":"ok","code":0}