{"version":"7ae01ac8c6bc86b3f6b23048b548ff12","result":{"pages":4,"data":[{"SECUCODE":"00884.HK","SECURITY_CODE":"00884","SECURITY_NAME_ABBR":"旭辉控股集团","ORG_CODE":"10319939","STD_REPORT_DATE":"2024-06-30 00:00:00","REPORT_DATE":"2024-06-30 00:00:00","DATE_TYPE_CODE":"002","REPORT_TYPE":"2024年中报","PER_NETCASH_OPERATE":0.660153499433,"PER_OI":1.940373268813,"BPS":1.448020969862,"BASIC_EPS":-0.47,"DILUTED_EPS":-0.47,"OPERATE_INCOME":20206011000,"OPERATE_INCOME_YOY":-35.4830406955,"GROSS_PROFIT":2708108000,"GROSS_PROFIT_YOY":-45.440230221764,"HOLDER_PROFIT":-4939432000,"HOLDER_PROFIT_YOY":44.946223328,"GROSS_PROFIT_RATIO":13.402487012404,"EPS_TTM":-0.47541260664,"OPERATE_INCOME_QOQ":-15.470566020232,"NET_PROFIT_RATIO":-21.9756784256,"ROE_AVG":-27.882774674302,"GROSS_PROFIT_QOQ":-20.079404067099,"ROA":-1.691969625201,"HOLDER_PROFIT_QOQ":44.889880905336,"ROE_YEARLY":-55.765549348604,"ROIC_YEARLY":-4.173555894135,"TOTAL_ASSETS":282786800000,"TOTAL_LIABILITIES":225595798000,"TAX_EBT":-28.586644086919,"OCF_SALES":34.021984844015,"TOTAL_PARENT_EQUITY":15200708000,"DEBT_ASSET_RATIO":79.7759294281,"OPERATE_PROFIT":746134000,"PRETAX_PROFIT":-3453242000,"NETCASH_OPERATE":6874486000,"NETCASH_INVEST":284326000,"NETCASH_FINANCE":-7004865000,"END_CASH":2925364000,"DIVI_RATIO":null,"DIVIDEND_RATE":null,"CURRENT_RATIO":1.019157049717,"COMMON_ACS":20000000000,"CURRENTDEBT_DEBT":87.912120597211,"ISSUED_COMMON_SHARES":10497574494,"HK_COMMON_SHARES":10497574494,"PER_SHARES":2000,"TOTAL_MARKET_CAP":2781857240.91,"HKSK_MARKET_CAP":2781857240.91,"PE_TTM":-0.497322352515,"PB_TTM":0.167028105969,"REPORT_DATE_SQ":"2023-06-30 00:00:00","REPORT_TYPE_SQ":"2023年中报","OPERATE_INCOME_SQ":31318914000,"DPS_HKD":null,"OPERATE_INCOME_QOQ_SQ":3.369705414661,"NET_PROFIT_RATIO_SQ":-29.1583035095,"HOLDER_PROFIT_SQ":-8972013000,"HOLDER_PROFIT_QOQ_SQ":-74.356445446609,"ROE_AVG_SQ":-35.989142622495,"PE_TTM_SQ":-0.117799180215,"PB_TTM_SQ":0.133835262148,"ROA_SQ":-2.395965039422,"START_DATE":"2024-01-01 00:00:00","FISCAL_YEAR":"12-31","CURRENCY":"HKD","IS_CNY_CODE":0,"DPS_HKD_LY":null,"ORG_TYPE":"一般企业","PREMIUM_INCOME":null,"PREMIUM_INCOME_YOY":null,"NET_INTEREST_INCOME":null,"NET_INTEREST_INCOME_YOY":null,"FEE_COMMISSION_INCOME":null,"FEE_COMMISSION_INCOME_YOY":null,"ACCOUNTS_RECE_TDAYS":0.627743602077,"INVENTORY_TDAYS":0.154216853559,"CURRENT_ASSETS_TDAYS":0.096232019836,"TOTAL_ASSETS_TDAYS":0.069214348651,"PREMIUM_EXPENSE":null,"LOAN_DEPOSIT":null,"LOAN_EQUITY":null,"LOAN_ASSETS":null,"DEPOSIT_EQUITY":null,"DEPOSIT_ASSETS":null,"EQUITY_MULTIPLIER":4.944602998911,"EQUITY_RATIO":14.841137531226},{"SECUCODE":"00884.HK","SECURITY_CODE":"00884","SECURITY_NAME_ABBR":"旭辉控股集团","ORG_CODE":"10319939","STD_REPORT_DATE":"2023-12-31 00:00:00","REPORT_DATE":"2023-12-31 00:00:00","DATE_TYPE_CODE":"001","REPORT_TYPE":"2023年年报","PER_NETCASH_OPERATE":1.161388824544,"PER_OI":6.898044918065,"BPS":1.927043338589,"BASIC_EPS":-0.86,"DILUTED_EPS":-0.86,"OPERATE_INCOME":71832556000,"OPERATE_INCOME_YOY":51.4172481064,"GROSS_PROFIT":11232674000,"GROSS_PROFIT_YOY":69.684801296246,"HOLDER_PROFIT":-8983274000,"HOLDER_PROFIT_YOY":31.1578403027,"GROSS_PROFIT_RATIO":15.637302395309,"EPS_TTM":-0.862659370819,"OPERATE_INCOME_QOQ":46.481261119017,"NET_PROFIT_RATIO":-12.0821859659,"ROE_AVG":-36.19103165406,"GROSS_PROFIT_QOQ":106.693585026066,"ROA":-2.614404657588,"HOLDER_PROFIT_QOQ":60.516423972195,"ROE_YEARLY":-36.19103165406,"ROIC_YEARLY":-3.247454066257,"TOTAL_ASSETS":301080892000,"TOTAL_LIABILITIES":236512072000,"TAX_EBT":-59.17939630281,"OCF_SALES":16.836492634343,"TOTAL_PARENT_EQUITY":20229281000,"DEBT_ASSET_RATIO":78.5543281837,"OPERATE_PROFIT":-2837121000,"PRETAX_PROFIT":-5452303000,"NETCASH_OPERATE":12094083000,"NETCASH_INVEST":2738076000,"NETCASH_FINANCE":-17771164000,"END_CASH":2765401000,"DIVI_RATIO":null,"DIVIDEND_RATE":null,"CURRENT_RATIO":1.04458758456,"COMMON_ACS":20000000000,"CURRENTDEBT_DEBT":88.16496352034,"ISSUED_COMMON_SHARES":10497574494,"HK_COMMON_SHARES":10497574494,"PER_SHARES":2000,"TOTAL_MARKET_CAP":3674151072.9,"HKSK_MARKET_CAP":3674151072.9,"PE_TTM":-0.656840842944,"PB_TTM":0.220603158827,"REPORT_DATE_SQ":"2022-12-31 00:00:00","REPORT_TYPE_SQ":"2022年年报","OPERATE_INCOME_SQ":47440141000,"DPS_HKD":null,"OPERATE_INCOME_QOQ_SQ":-53.113917927047,"NET_PROFIT_RATIO_SQ":-28.5833425326,"HOLDER_PROFIT_SQ":-13049088000,"HOLDER_PROFIT_QOQ_SQ":-375.226144134932,"ROE_AVG_SQ":-36.549753432976,"PE_TTM_SQ":-0.111599223362,"PB_TTM_SQ":0.126791300983,"ROA_SQ":-3.187048185341,"START_DATE":"2023-01-01 00:00:00","FISCAL_YEAR":"12-31","CURRENCY":"HKD","IS_CNY_CODE":0,"DPS_HKD_LY":null,"ORG_TYPE":"一般企业","PREMIUM_INCOME":null,"PREMIUM_INCOME_YOY":null,"NET_INTEREST_INCOME":null,"NET_INTEREST_INCOME_YOY":null,"FEE_COMMISSION_INCOME":null,"FEE_COMMISSION_INCOME_YOY":null,"ACCOUNTS_RECE_TDAYS":2.160701794313,"INVENTORY_TDAYS":0.400650418213,"CURRENT_ASSETS_TDAYS":0.273419670176,"TOTAL_ASSETS_TDAYS":0.209054481665,"PREMIUM_EXPENSE":null,"LOAN_DEPOSIT":null,"LOAN_EQUITY":null,"LOAN_ASSETS":null,"DEPOSIT_EQUITY":null,"DEPOSIT_ASSETS":null,"EQUITY_MULTIPLIER":4.662945551745,"EQUITY_RATIO":11.691570847229},{"SECUCODE":"00884.HK","SECURITY_CODE":"00884","SECURITY_NAME_ABBR":"旭辉控股集团","ORG_CODE":"10319939","STD_REPORT_DATE":"2023-06-30 00:00:00","REPORT_DATE":"2023-06-30 00:00:00","DATE_TYPE_CODE":"002","REPORT_TYPE":"2023年中报","PER_NETCASH_OPERATE":1.05100380589,"PER_OI":3.007651808731,"BPS":1.94761066108,"BASIC_EPS":-0.86,"DILUTED_EPS":-0.86,"OPERATE_INCOME":31318914000,"OPERATE_INCOME_YOY":5.3787877998,"GROSS_PROFIT":4963562000,"GROSS_PROFIT_YOY":-19.276370121555,"HOLDER_PROFIT":-8972013000,"HOLDER_PROFIT_YOY":-1327.655457873,"GROSS_PROFIT_RATIO":15.848448640333,"EPS_TTM":-2.184937555179,"OPERATE_INCOME_QOQ":3.369705414661,"NET_PROFIT_RATIO":-29.1583035095,"ROE_AVG":-35.989142622495,"GROSS_PROFIT_QOQ":-17.905143851055,"ROA":-2.395965039422,"HOLDER_PROFIT_QOQ":-74.356445446609,"ROE_YEARLY":-71.97828524499,"ROIC_YEARLY":-6.003403838727,"TOTAL_ASSETS":362794024000,"TOTAL_LIABILITIES":287853994000,"TAX_EBT":-34.077498365153,"OCF_SALES":34.944331083766,"TOTAL_PARENT_EQUITY":20445188000,"DEBT_ASSET_RATIO":79.3436426615,"OPERATE_PROFIT":2030985000,"PRETAX_PROFIT":-6811034000,"NETCASH_OPERATE":10944185000,"NETCASH_INVEST":419821000,"NETCASH_FINANCE":-12071961000,"END_CASH":5012774000,"DIVI_RATIO":null,"DIVIDEND_RATE":null,"CURRENT_RATIO":1.120754829285,"COMMON_ACS":20000000000,"CURRENTDEBT_DEBT":87.887100152586,"ISSUED_COMMON_SHARES":10497574494,"HK_COMMON_SHARES":10497574494,"PER_SHARES":2000,"TOTAL_MARKET_CAP":3674151072.9,"HKSK_MARKET_CAP":3674151072.9,"PE_TTM":-0.656840842944,"PB_TTM":0.220603158827,"REPORT_DATE_SQ":"2022-06-30 00:00:00","REPORT_TYPE_SQ":"2022年中报","OPERATE_INCOME_SQ":29720321000,"DPS_HKD":null,"OPERATE_INCOME_QOQ_SQ":-6.169651763711,"NET_PROFIT_RATIO_SQ":6.407346677,"HOLDER_PROFIT_SQ":730825000,"HOLDER_PROFIT_QOQ_SQ":-37.721339212988,"ROE_AVG_SQ":1.741197105919,"PE_TTM_SQ":-0.111599223362,"PB_TTM_SQ":0.126791300983,"ROA_SQ":0.173435261176,"START_DATE":"2023-01-01 00:00:00","FISCAL_YEAR":"12-31","CURRENCY":"HKD","IS_CNY_CODE":0,"DPS_HKD_LY":null,"ORG_TYPE":"一般企业","PREMIUM_INCOME":null,"PREMIUM_INCOME_YOY":null,"NET_INTEREST_INCOME":null,"NET_INTEREST_INCOME_YOY":null,"FEE_COMMISSION_INCOME":null,"FEE_COMMISSION_INCOME_YOY":null,"ACCOUNTS_RECE_TDAYS":0.987788560879,"INVENTORY_TDAYS":0.151939806259,"CURRENT_ASSETS_TDAYS":0.105958248198,"TOTAL_ASSETS_TDAYS":0.083636774731,"PREMIUM_EXPENSE":null,"LOAN_DEPOSIT":null,"LOAN_EQUITY":null,"LOAN_ASSETS":null,"DEPOSIT_EQUITY":null,"DEPOSIT_ASSETS":null,"EQUITY_MULTIPLIER":4.841124616566,"EQUITY_RATIO":14.079302865789},{"SECUCODE":"00884.HK","SECURITY_CODE":"00884","SECURITY_NAME_ABBR":"旭辉控股集团","ORG_CODE":"10319939","STD_REPORT_DATE":"2022-12-31 00:00:00","REPORT_DATE":"2022-12-31 00:00:00","DATE_TYPE_CODE":"001","REPORT_TYPE":"2022年年报","PER_NETCASH_OPERATE":1.927242961501,"PER_OI":4.555822908964,"BPS":2.802015457648,"BASIC_EPS":-1.42,"DILUTED_EPS":-1.42,"OPERATE_INCOME":47440141000,"OPERATE_INCOME_YOY":-56.0066259166,"GROSS_PROFIT":6619729000,"GROSS_PROFIT_YOY":-68.170471508857,"HOLDER_PROFIT":-13049088000,"HOLDER_PROFIT_YOY":-271.407156703,"GROSS_PROFIT_RATIO":13.953856081499,"EPS_TTM":-1.253144126437,"OPERATE_INCOME_QOQ":-53.113917927047,"NET_PROFIT_RATIO":-28.5833425326,"ROE_AVG":-36.549753432976,"GROSS_PROFIT_QOQ":-65.914833127999,"ROA":-3.187048185341,"HOLDER_PROFIT_QOQ":-375.226144134932,"ROE_YEARLY":-36.549753432976,"ROIC_YEARLY":-4.129061824846,"TOTAL_ASSETS":386132847000,"TOTAL_LIABILITIES":299952445000,"TAX_EBT":-4.853081726769,"OCF_SALES":42.30285065974,"TOTAL_PARENT_EQUITY":29414366000,"DEBT_ASSET_RATIO":77.6811523108,"OPERATE_PROFIT":-8626687000,"PRETAX_PROFIT":-12932360000,"NETCASH_OPERATE":20068532000,"NETCASH_INVEST":-4487513000,"NETCASH_FINANCE":-39400226000,"END_CASH":5700600000,"DIVI_RATIO":null,"DIVIDEND_RATE":null,"CURRENT_RATIO":1.189291399866,"COMMON_ACS":20000000000,"CURRENTDEBT_DEBT":86.233043374592,"ISSUED_COMMON_SHARES":10497574494,"HK_COMMON_SHARES":10497574494,"PER_SHARES":2000,"TOTAL_MARKET_CAP":3674151072.9,"HKSK_MARKET_CAP":3674151072.9,"PE_TTM":-0.656840842944,"PB_TTM":0.220603158827,"REPORT_DATE_SQ":"2021-12-31 00:00:00","REPORT_TYPE_SQ":"2021年年报","OPERATE_INCOME_SQ":107834741000,"DPS_HKD":null,"OPERATE_INCOME_QOQ_SQ":26.641419903699,"NET_PROFIT_RATIO_SQ":11.4315450528,"HOLDER_PROFIT_SQ":7612919000,"HOLDER_PROFIT_QOQ_SQ":-7.896453848712,"ROE_AVG_SQ":18.233825298575,"PE_TTM_SQ":-0.111599223362,"PB_TTM_SQ":0.126791300983,"ROA_SQ":1.874990199174,"START_DATE":"2022-01-01 00:00:00","FISCAL_YEAR":"12-31","CURRENCY":"HKD","IS_CNY_CODE":0,"DPS_HKD_LY":0.07,"ORG_TYPE":"一般企业","PREMIUM_INCOME":null,"PREMIUM_INCOME_YOY":null,"NET_INTEREST_INCOME":null,"NET_INTEREST_INCOME_YOY":null,"FEE_COMMISSION_INCOME":null,"FEE_COMMISSION_INCOME_YOY":null,"ACCOUNTS_RECE_TDAYS":1.445171582315,"INVENTORY_TDAYS":0.219146713051,"CURRENT_ASSETS_TDAYS":0.143944071244,"TOTAL_ASSETS_TDAYS":0.115865580251,"PREMIUM_EXPENSE":null,"LOAN_DEPOSIT":null,"LOAN_EQUITY":null,"LOAN_ASSETS":null,"DEPOSIT_EQUITY":null,"DEPOSIT_ASSETS":null,"EQUITY_MULTIPLIER":4.480518053286,"EQUITY_RATIO":10.197481223971},{"SECUCODE":"00884.HK","SECURITY_CODE":"00884","SECURITY_NAME_ABBR":"旭辉控股集团","ORG_CODE":"10319939","STD_REPORT_DATE":"2022-06-30 00:00:00","REPORT_DATE":"2022-06-30 00:00:00","DATE_TYPE_CODE":"002","REPORT_TYPE":"2022年中报","PER_NETCASH_OPERATE":0.62127833978,"PER_OI":3.250300250351,"BPS":3.99663427242,"BASIC_EPS":0.08,"DILUTED_EPS":0.08,"OPERATE_INCOME":29720321000,"OPERATE_INCOME_YOY":-18.2909415352,"GROSS_PROFIT":6148834000,"GROSS_PROFIT_YOY":-18.289407887192,"HOLDER_PROFIT":730825000,"HOLDER_PROFIT_YOY":-79.7135061013,"GROSS_PROFIT_RATIO":20.688989193623,"EPS_TTM":0.518513967402,"OPERATE_INCOME_QOQ":-6.169651763711,"NET_PROFIT_RATIO":6.407346677,"ROE_AVG":1.741197105919,"GROSS_PROFIT_QOQ":-6.617653917697,"ROA":0.173435261176,"HOLDER_PROFIT_QOQ":-37.721339212988,"ROE_YEARLY":3.482394211837,"ROIC_YEARLY":0.458216759531,"TOTAL_ASSETS":410014500000,"TOTAL_LIABILITIES":304356152000,"TAX_EBT":28.814075066774,"OCF_SALES":19.114490721685,"TOTAL_PARENT_EQUITY":41954966000,"DEBT_ASSET_RATIO":74.230582577,"OPERATE_PROFIT":2943793000,"PRETAX_PROFIT":2675085000,"NETCASH_OPERATE":5680888000,"NETCASH_INVEST":1906298000,"NETCASH_FINANCE":-22838669000,"END_CASH":31139923000,"DIVI_RATIO":null,"DIVIDEND_RATE":null,"CURRENT_RATIO":1.614824174907,"COMMON_ACS":20000000000,"CURRENTDEBT_DEBT":66.918589179692,"ISSUED_COMMON_SHARES":10497574494,"HK_COMMON_SHARES":10497574494,"PER_SHARES":2000,"TOTAL_MARKET_CAP":3674151072.9,"HKSK_MARKET_CAP":3674151072.9,"PE_TTM":-0.656840842944,"PB_TTM":0.220603158827,"REPORT_DATE_SQ":"2021-06-30 00:00:00","REPORT_TYPE_SQ":"2021年中报","OPERATE_INCOME_SQ":36373349000,"DPS_HKD":null,"OPERATE_INCOME_QOQ_SQ":18.595052389764,"NET_PROFIT_RATIO_SQ":14.7453428058,"HOLDER_PROFIT_SQ":3602520000,"HOLDER_PROFIT_QOQ_SQ":2.909823895855,"ROE_AVG_SQ":9.133989635686,"PE_TTM_SQ":-0.111599223362,"PB_TTM_SQ":0.126791300983,"ROA_SQ":0.879424520092,"START_DATE":"2022-01-01 00:00:00","FISCAL_YEAR":"12-31","CURRENCY":"HKD","IS_CNY_CODE":0,"DPS_HKD_LY":0.07,"ORG_TYPE":"一般企业","PREMIUM_INCOME":null,"PREMIUM_INCOME_YOY":null,"NET_INTEREST_INCOME":null,"NET_INTEREST_INCOME_YOY":null,"FEE_COMMISSION_INCOME":null,"FEE_COMMISSION_INCOME_YOY":null,"ACCOUNTS_RECE_TDAYS":null,"INVENTORY_TDAYS":0.123722923202,"CURRENT_ASSETS_TDAYS":0.087358806256,"TOTAL_ASSETS_TDAYS":0.070530587143,"PREMIUM_EXPENSE":null,"LOAN_DEPOSIT":null,"LOAN_EQUITY":null,"LOAN_ASSETS":null,"DEPOSIT_EQUITY":null,"DEPOSIT_ASSETS":null,"EQUITY_MULTIPLIER":3.880568906876,"EQUITY_RATIO":7.254353441736},{"SECUCODE":"00884.HK","SECURITY_CODE":"00884","SECURITY_NAME_ABBR":"旭辉控股集团","ORG_CODE":"10319939","STD_REPORT_DATE":"2021-12-31 00:00:00","REPORT_DATE":"2021-12-31 00:00:00","DATE_TYPE_CODE":"001","REPORT_TYPE":"2021年年报","PER_NETCASH_OPERATE":0.578281279946,"PER_OI":12.891184843201,"BPS":3.999986284832,"BASIC_EPS":0.88,"DILUTED_EPS":0.88,"OPERATE_INCOME":107834741000,"OPERATE_INCOME_YOY":50.1904582819,"GROSS_PROFIT":20797446000,"GROSS_PROFIT_YOY":33.239554481906,"HOLDER_PROFIT":7612919000,"HOLDER_PROFIT_YOY":-5.2164028539,"GROSS_PROFIT_RATIO":19.286406038662,"EPS_TTM":0.910092101258,"OPERATE_INCOME_QOQ":26.641419903699,"NET_PROFIT_RATIO":11.4315450528,"ROE_AVG":18.233825298575,"GROSS_PROFIT_QOQ":20.682991780769,"ROA":1.874990199174,"HOLDER_PROFIT_QOQ":-7.896453848712,"ROE_YEARLY":18.233825298575,"ROIC_YEARLY":2.508395967073,"TOTAL_ASSETS":432749532000,"TOTAL_LIABILITIES":325349739000,"TAX_EBT":32.370827914126,"OCF_SALES":4.485866016037,"TOTAL_PARENT_EQUITY":41990154000,"DEBT_ASSET_RATIO":75.1819967306,"OPERATE_PROFIT":18047544000,"PRETAX_PROFIT":18227603000,"NETCASH_OPERATE":-82204000,"NETCASH_INVEST":-12449500000,"NETCASH_FINANCE":2935072000,"END_CASH":29615093000,"DIVI_RATIO":null,"DIVIDEND_RATE":null,"CURRENT_RATIO":1.571142826711,"COMMON_ACS":20000000000,"CURRENTDEBT_DEBT":68.768971411408,"ISSUED_COMMON_SHARES":10497574494,"HK_COMMON_SHARES":10497574494,"PER_SHARES":2000,"TOTAL_MARKET_CAP":3674151072.9,"HKSK_MARKET_CAP":3674151072.9,"PE_TTM":-0.656840842944,"PB_TTM":0.220603158827,"REPORT_DATE_SQ":"2020-12-31 00:00:00","REPORT_TYPE_SQ":"2020年年报","OPERATE_INCOME_SQ":71798663000,"DPS_HKD":null,"OPERATE_INCOME_QOQ_SQ":25.741413991333,"NET_PROFIT_RATIO_SQ":16.5679032213,"HOLDER_PROFIT_SQ":8031895000,"HOLDER_PROFIT_QOQ_SQ":21.533573407647,"ROE_AVG_SQ":21.804628920991,"PE_TTM_SQ":-0.111599223362,"PB_TTM_SQ":0.126791300983,"ROA_SQ":2.28829217921,"START_DATE":"2021-01-01 00:00:00","FISCAL_YEAR":"12-31","CURRENCY":"HKD","IS_CNY_CODE":0,"DPS_HKD_LY":0.41,"ORG_TYPE":"一般企业","PREMIUM_INCOME":null,"PREMIUM_INCOME_YOY":null,"NET_INTEREST_INCOME":null,"NET_INTEREST_INCOME_YOY":null,"FEE_COMMISSION_INCOME":null,"FEE_COMMISSION_INCOME_YOY":null,"ACCOUNTS_RECE_TDAYS":3.307769293435,"INVENTORY_TDAYS":0.527140701248,"CURRENT_ASSETS_TDAYS":0.32267222509,"TOTAL_ASSETS_TDAYS":0.265586803834,"PREMIUM_EXPENSE":null,"LOAN_DEPOSIT":null,"LOAN_EQUITY":null,"LOAN_ASSETS":null,"DEPOSIT_EQUITY":null,"DEPOSIT_ASSETS":null,"EQUITY_MULTIPLIER":4.029333017427,"EQUITY_RATIO":7.748238765688},{"SECUCODE":"00884.HK","SECURITY_CODE":"00884","SECURITY_NAME_ABBR":"旭辉控股集团","ORG_CODE":"10319939","STD_REPORT_DATE":"2021-06-30 00:00:00","REPORT_DATE":"2021-06-30 00:00:00","DATE_TYPE_CODE":"002","REPORT_TYPE":"2021年中报","PER_NETCASH_OPERATE":0.541979685089,"PER_OI":4.399998356534,"BPS":3.559729728173,"BASIC_EPS":0.42,"DILUTED_EPS":0.42,"OPERATE_INCOME":36373349000,"OPERATE_INCOME_YOY":57.9914691593,"GROSS_PROFIT":7525137000,"GROSS_PROFIT_YOY":27.521373633534,"HOLDER_PROFIT":3602520000,"HOLDER_PROFIT_YOY":6.9375915384,"GROSS_PROFIT_RATIO":20.688600876427,"EPS_TTM":0.999871252321,"OPERATE_INCOME_QOQ":18.595052389764,"NET_PROFIT_RATIO":14.7453428058,"ROE_AVG":9.133989635686,"GROSS_PROFIT_QOQ":10.404583542266,"ROA":0.879424520092,"HOLDER_PROFIT_QOQ":2.909823895855,"ROE_YEARLY":18.267979271372,"ROIC_YEARLY":2.344456417882,"TOTAL_ASSETS":439990918000,"TOTAL_LIABILITIES":343462689000,"TAX_EBT":23.881089087102,"OCF_SALES":12.317724716523,"TOTAL_PARENT_EQUITY":39293073000,"DEBT_ASSET_RATIO":78.0613133019,"OPERATE_PROFIT":4917053000,"PRETAX_PROFIT":7046048000,"NETCASH_OPERATE":4480369000,"NETCASH_INVEST":-10525977000,"NETCASH_FINANCE":7276734000,"END_CASH":52303957000,"DIVI_RATIO":null,"DIVIDEND_RATE":null,"CURRENT_RATIO":1.466817085764,"COMMON_ACS":20000000000,"CURRENTDEBT_DEBT":72.100631576899,"ISSUED_COMMON_SHARES":10497574494,"HK_COMMON_SHARES":10497574494,"PER_SHARES":2000,"TOTAL_MARKET_CAP":3674151072.9,"HKSK_MARKET_CAP":3674151072.9,"PE_TTM":-0.656840842944,"PB_TTM":0.220603158827,"REPORT_DATE_SQ":"2020-06-30 00:00:00","REPORT_TYPE_SQ":"2020年中报","OPERATE_INCOME_SQ":23022350000,"DPS_HKD":null,"OPERATE_INCOME_QOQ_SQ":4.26189150033,"NET_PROFIT_RATIO_SQ":20.5736121638,"HOLDER_PROFIT_SQ":3368806000,"HOLDER_PROFIT_QOQ_SQ":2.670641262438,"ROE_AVG_SQ":9.607709243196,"PE_TTM_SQ":-0.111599223362,"PB_TTM_SQ":0.126791300983,"ROA_SQ":0.997356003227,"START_DATE":"2021-01-01 00:00:00","FISCAL_YEAR":"12-31","CURRENCY":"HKD","IS_CNY_CODE":0,"DPS_HKD_LY":0.41,"ORG_TYPE":"一般企业","PREMIUM_INCOME":null,"PREMIUM_INCOME_YOY":null,"NET_INTEREST_INCOME":null,"NET_INTEREST_INCOME_YOY":null,"FEE_COMMISSION_INCOME":null,"FEE_COMMISSION_INCOME_YOY":null,"ACCOUNTS_RECE_TDAYS":1.040952039138,"INVENTORY_TDAYS":0.181376292977,"CURRENT_ASSETS_TDAYS":0.10696479605,"TOTAL_ASSETS_TDAYS":0.088792331447,"PREMIUM_EXPENSE":null,"LOAN_DEPOSIT":null,"LOAN_EQUITY":null,"LOAN_ASSETS":null,"DEPOSIT_EQUITY":null,"DEPOSIT_ASSETS":null,"EQUITY_MULTIPLIER":4.558157987126,"EQUITY_RATIO":8.741049319304},{"SECUCODE":"00884.HK","SECURITY_CODE":"00884","SECURITY_NAME_ABBR":"旭辉控股集团","ORG_CODE":"10319939","STD_REPORT_DATE":"2020-12-31 00:00:00","REPORT_DATE":"2020-12-31 00:00:00","DATE_TYPE_CODE":"001","REPORT_TYPE":"2020年年报","PER_NETCASH_OPERATE":2.085329685583,"PER_OI":8.734134256884,"BPS":3.434286750773,"BASIC_EPS":0.99,"DILUTED_EPS":0.99,"OPERATE_INCOME":71798663000,"OPERATE_INCOME_YOY":27.1873518574,"GROSS_PROFIT":15609063000,"GROSS_PROFIT_YOY":10.57542057665,"HOLDER_PROFIT":8031895000,"HOLDER_PROFIT_YOY":24.654893723,"GROSS_PROFIT_RATIO":21.740046886388,"EPS_TTM":0.977060662915,"OPERATE_INCOME_QOQ":25.741413991333,"NET_PROFIT_RATIO":16.5679032213,"ROE_AVG":21.804628920991,"GROSS_PROFIT_QOQ":14.905415240906,"ROA":2.28829217921,"HOLDER_PROFIT_QOQ":21.533573407647,"ROE_YEARLY":21.804628920991,"ROIC_YEARLY":3.110286832159,"TOTAL_ASSETS":379299406000,"TOTAL_LIABILITIES":295657156000,"TAX_EBT":26.433491589582,"OCF_SALES":23.875631221712,"TOTAL_PARENT_EQUITY":39588558000,"DEBT_ASSET_RATIO":77.9482254185,"OPERATE_PROFIT":11535853000,"PRETAX_PROFIT":16169767000,"NETCASH_OPERATE":16981602000,"NETCASH_INVEST":-37180186000,"NETCASH_FINANCE":13115239000,"END_CASH":51052696000,"DIVI_RATIO":null,"DIVIDEND_RATE":null,"CURRENT_RATIO":1.531675381928,"COMMON_ACS":20000000000,"CURRENTDEBT_DEBT":69.969772353489,"ISSUED_COMMON_SHARES":10497574494,"HK_COMMON_SHARES":10497574494,"PER_SHARES":2000,"TOTAL_MARKET_CAP":3674151072.9,"HKSK_MARKET_CAP":3674151072.9,"PE_TTM":-0.656840842944,"PB_TTM":0.220603158827,"REPORT_DATE_SQ":"2019-12-31 00:00:00","REPORT_TYPE_SQ":"2019年年报","OPERATE_INCOME_SQ":56451103000,"DPS_HKD":null,"OPERATE_INCOME_QOQ_SQ":24.438756110865,"NET_PROFIT_RATIO_SQ":16.5083134524,"HOLDER_PROFIT_SQ":6443305000,"HOLDER_PROFIT_QOQ_SQ":24.165594480055,"ROE_AVG_SQ":20.253694723571,"PE_TTM_SQ":-0.111599223362,"PB_TTM_SQ":0.126791300983,"ROA_SQ":2.283550010535,"START_DATE":"2020-01-01 00:00:00","FISCAL_YEAR":"12-31","CURRENCY":"HKD","IS_CNY_CODE":0,"DPS_HKD_LY":0.15,"ORG_TYPE":"一般企业","PREMIUM_INCOME":null,"PREMIUM_INCOME_YOY":null,"NET_INTEREST_INCOME":null,"NET_INTEREST_INCOME_YOY":null,"FEE_COMMISSION_INCOME":null,"FEE_COMMISSION_INCOME_YOY":null,"ACCOUNTS_RECE_TDAYS":2.611763620587,"INVENTORY_TDAYS":0.412131316519,"CURRENT_ASSETS_TDAYS":0.240547588573,"TOTAL_ASSETS_TDAYS":0.204554864102,"PREMIUM_EXPENSE":null,"LOAN_DEPOSIT":null,"LOAN_EQUITY":null,"LOAN_ASSETS":null,"DEPOSIT_EQUITY":null,"DEPOSIT_ASSETS":null,"EQUITY_MULTIPLIER":4.534782433514,"EQUITY_RATIO":7.468247668935},{"SECUCODE":"00884.HK","SECURITY_CODE":"00884","SECURITY_NAME_ABBR":"旭辉控股集团","ORG_CODE":"10319939","STD_REPORT_DATE":"2020-06-30 00:00:00","REPORT_DATE":"2020-06-30 00:00:00","DATE_TYPE_CODE":"002","REPORT_TYPE":"2020年中报","PER_NETCASH_OPERATE":-0.147128457716,"PER_OI":2.830079447511,"BPS":3.063627890269,"BASIC_EPS":0.43,"DILUTED_EPS":0.42,"OPERATE_INCOME":23022350000,"OPERATE_INCOME_YOY":11.2821151111,"GROSS_PROFIT":5901079000,"GROSS_PROFIT_YOY":-2.791194624381,"HOLDER_PROFIT":3368806000,"HOLDER_PROFIT_YOY":5.377271732,"GROSS_PROFIT_RATIO":25.631957641162,"EPS_TTM":0.812401525547,"OPERATE_INCOME_QOQ":4.26189150033,"NET_PROFIT_RATIO":20.5736121638,"ROE_AVG":9.607709243196,"GROSS_PROFIT_QOQ":-1.231958414714,"ROA":0.997356003227,"HOLDER_PROFIT_QOQ":2.670641262438,"ROE_YEARLY":19.215418486391,"ROIC_YEARLY":2.754214482084,"TOTAL_ASSETS":352847673000,"TOTAL_LIABILITIES":280206210000,"TAX_EBT":25.321388822889,"OCF_SALES":-5.198739485761,"TOTAL_PARENT_EQUITY":36044234000,"DEBT_ASSET_RATIO":79.4127980546,"OPERATE_PROFIT":4325860000,"PRETAX_PROFIT":6342551000,"NETCASH_OPERATE":-1196872000,"NETCASH_INVEST":-6455994000,"NETCASH_FINANCE":8426579000,"END_CASH":59272033000,"DIVI_RATIO":null,"DIVIDEND_RATE":null,"CURRENT_RATIO":1.544840524369,"COMMON_ACS":20000000000,"CURRENTDEBT_DEBT":70.217934855905,"ISSUED_COMMON_SHARES":10497574494,"HK_COMMON_SHARES":10497574494,"PER_SHARES":2000,"TOTAL_MARKET_CAP":3674151072.9,"HKSK_MARKET_CAP":3674151072.9,"PE_TTM":-0.656840842944,"PB_TTM":0.220603158827,"REPORT_DATE_SQ":"2019-06-30 00:00:00","REPORT_TYPE_SQ":"2019年中报","OPERATE_INCOME_SQ":20688275000,"DPS_HKD":null,"OPERATE_INCOME_QOQ_SQ":3.877720657935,"NET_PROFIT_RATIO_SQ":21.9960366675,"HOLDER_PROFIT_SQ":3196900000,"HOLDER_PROFIT_QOQ_SQ":-4.157540657768,"ROE_AVG_SQ":10.513426695131,"PE_TTM_SQ":-0.111599223362,"PB_TTM_SQ":0.126791300983,"ROA_SQ":1.176317909778,"START_DATE":"2020-01-01 00:00:00","FISCAL_YEAR":"12-31","CURRENCY":"HKD","IS_CNY_CODE":0,"DPS_HKD_LY":0.15,"ORG_TYPE":"一般企业","PREMIUM_INCOME":null,"PREMIUM_INCOME_YOY":null,"NET_INTEREST_INCOME":null,"NET_INTEREST_INCOME_YOY":null,"FEE_COMMISSION_INCOME":null,"FEE_COMMISSION_INCOME_YOY":null,"ACCOUNTS_RECE_TDAYS":0.835372354254,"INVENTORY_TDAYS":0.125595089564,"CURRENT_ASSETS_TDAYS":0.078836022419,"TOTAL_ASSETS_TDAYS":0.068159101417,"PREMIUM_EXPENSE":null,"LOAN_DEPOSIT":null,"LOAN_EQUITY":null,"LOAN_ASSETS":null,"DEPOSIT_EQUITY":null,"DEPOSIT_ASSETS":null,"EQUITY_MULTIPLIER":4.857386655322,"EQUITY_RATIO":7.77395380354}],"count":29},"success":true,"message":"ok","code":0}