{"version":"54d061d955cfef7170c8b2e993331632","result":{"pages":5,"data":[{"SECUCODE":"00887.HK","SECURITY_CODE":"00887","SECURITY_NAME_ABBR":"英皇钟表珠宝","ORG_CODE":"10125743","STD_REPORT_DATE":"2024-06-30 00:00:00","REPORT_DATE":"2024-06-30 00:00:00","DATE_TYPE_CODE":"002","REPORT_TYPE":"2024年中报","PER_NETCASH_OPERATE":0.043320762753,"PER_OI":0.349661653839,"BPS":0.65236052592,"BASIC_EPS":0.024824896,"DILUTED_EPS":null,"OPERATE_INCOME":2370516541.52,"OPERATE_INCOME_YOY":11.4764835374,"GROSS_PROFIT":712068372.6,"GROSS_PROFIT_YOY":6.481053582036,"HOLDER_PROFIT":168579297.44,"HOLDER_PROFIT_YOY":-0.6513589251,"GROSS_PROFIT_RATIO":30.03853211433,"EPS_TTM":0.039578965589,"OPERATE_INCOME_QOQ":5.087646012987,"NET_PROFIT_RATIO":7.1115005733,"ROE_AVG":3.609834624163,"GROSS_PROFIT_QOQ":3.297684999763,"ROA":3.170894543225,"HOLDER_PROFIT_QOQ":-1.045257616812,"ROE_YEARLY":7.219669248326,"ROIC_YEARLY":7.174923427422,"TOTAL_ASSETS":5423007658,"TOTAL_LIABILITIES":689017726.52,"TAX_EBT":17.287765209526,"OCF_SALES":12.389337600306,"TOTAL_PARENT_EQUITY":4733989931.48,"DEBT_ASSET_RATIO":12.7054536887,"OPERATE_PROFIT":215001852.96,"PRETAX_PROFIT":203814221.52,"NETCASH_OPERATE":293691297.2,"NETCASH_INVEST":84782495.92,"NETCASH_FINANCE":-166816912.36,"END_CASH":628580969.6,"DIVI_RATIO":0.278108632608,"DIVIDEND_RATE":7.245508982036,"CURRENT_RATIO":7.574365658507,"COMMON_ACS":null,"CURRENTDEBT_DEBT":69.614233732792,"ISSUED_COMMON_SHARES":7256708129,"HK_COMMON_SHARES":7256708129,"PER_SHARES":10000,"TOTAL_MARKET_CAP":1211870257.543,"HKSK_MARKET_CAP":1211870257.543,"PE_TTM":4.066569546935,"PB_TTM":0.233640071623,"REPORT_DATE_SQ":"2023-06-30 00:00:00","REPORT_TYPE_SQ":"2023年中报","OPERATE_INCOME_SQ":2148140563.58,"DPS_HKD":0.0121,"OPERATE_INCOME_QOQ_SQ":22.511750879965,"NET_PROFIT_RATIO_SQ":7.979626777,"HOLDER_PROFIT_SQ":171413599.62,"HOLDER_PROFIT_QOQ_SQ":49.353189009904,"ROE_AVG_SQ":3.781822338827,"PE_TTM_SQ":3.746347689506,"PB_TTM_SQ":0.241968875621,"ROA_SQ":3.41444865733,"START_DATE":"2024-01-01 00:00:00","FISCAL_YEAR":"12-31","CURRENCY":"HKD","IS_CNY_CODE":0,"DPS_HKD_LY":0.0121,"ORG_TYPE":"一般企业","PREMIUM_INCOME":null,"PREMIUM_INCOME_YOY":null,"NET_INTEREST_INCOME":null,"NET_INTEREST_INCOME_YOY":null,"FEE_COMMISSION_INCOME":null,"FEE_COMMISSION_INCOME_YOY":null,"ACCOUNTS_RECE_TDAYS":18.16773570784,"INVENTORY_TDAYS":0.58639204534,"CURRENT_ASSETS_TDAYS":0.662595483722,"TOTAL_ASSETS_TDAYS":0.445882624989,"PREMIUM_EXPENSE":null,"LOAN_DEPOSIT":null,"LOAN_EQUITY":null,"LOAN_ASSETS":null,"DEPOSIT_EQUITY":null,"DEPOSIT_ASSETS":null,"EQUITY_MULTIPLIER":1.145546935354,"EQUITY_RATIO":0.145546935353},{"SECUCODE":"00887.HK","SECURITY_CODE":"00887","SECURITY_NAME_ABBR":"英皇钟表珠宝","ORG_CODE":"10125743","STD_REPORT_DATE":"2023-12-31 00:00:00","REPORT_DATE":"2023-12-31 00:00:00","DATE_TYPE_CODE":"001","REPORT_TYPE":"2023年年报","PER_NETCASH_OPERATE":0.053948995291,"PER_OI":0.64472721328,"BPS":0.630231989224,"BASIC_EPS":0.039964302,"DILUTED_EPS":null,"OPERATE_INCOME":4370901147.06,"OPERATE_INCOME_YOY":30.9142593318,"GROSS_PROFIT":1314273647.82,"GROSS_PROFIT_YOY":24.976951060425,"HOLDER_PROFIT":271158242.18,"HOLDER_PROFIT_YOY":34.7074845245,"GROSS_PROFIT_RATIO":30.068711316064,"EPS_TTM":0.039997037672,"OPERATE_INCOME_QOQ":8.407692490656,"NET_PROFIT_RATIO":6.2037148189,"ROE_AVG":6.049871675853,"GROSS_PROFIT_QOQ":3.359294413909,"ROA":5.396100861365,"HOLDER_PROFIT_QOQ":-8.498519671636,"ROE_YEARLY":6.049871675853,"ROIC_YEARLY":5.981776132849,"TOTAL_ASSETS":5173033624.08,"TOTAL_LIABILITIES":599624024.72,"TAX_EBT":18.631231440288,"OCF_SALES":8.367724237507,"TOTAL_PARENT_EQUITY":4573409599.36,"DEBT_ASSET_RATIO":11.5913421078,"OPERATE_PROFIT":342514911.2,"PRETAX_PROFIT":333246093.04,"NETCASH_OPERATE":365744954.68,"NETCASH_INVEST":-60249130.48,"NETCASH_FINANCE":-312085856.04,"END_CASH":415728425,"DIVI_RATIO":0.275201680943,"DIVIDEND_RATE":6.914285714286,"CURRENT_RATIO":7.26641234885,"COMMON_ACS":null,"CURRENTDEBT_DEBT":80.264963516887,"ISSUED_COMMON_SHARES":7256708129,"HK_COMMON_SHARES":7256708129,"PER_SHARES":10000,"TOTAL_MARKET_CAP":1269923922.575,"HKSK_MARKET_CAP":1269923922.575,"PE_TTM":4.261375273734,"PB_TTM":0.244832410384,"REPORT_DATE_SQ":"2022-12-31 00:00:00","REPORT_TYPE_SQ":"2022年年报","OPERATE_INCOME_SQ":3291039823.47,"DPS_HKD":0.0121,"OPERATE_INCOME_QOQ_SQ":13.701235437115,"NET_PROFIT_RATIO_SQ":6.0290245452,"HOLDER_PROFIT_SQ":198417598.75,"HOLDER_PROFIT_QOQ_SQ":51.641299641259,"ROE_AVG_SQ":4.644125158154,"PE_TTM_SQ":3.767394586638,"PB_TTM_SQ":0.243328251326,"ROA_SQ":4.139456977787,"START_DATE":"2023-01-01 00:00:00","FISCAL_YEAR":"12-31","CURRENCY":"HKD","IS_CNY_CODE":0,"DPS_HKD_LY":0.0138,"ORG_TYPE":"一般企业","PREMIUM_INCOME":null,"PREMIUM_INCOME_YOY":null,"NET_INTEREST_INCOME":null,"NET_INTEREST_INCOME_YOY":null,"FEE_COMMISSION_INCOME":null,"FEE_COMMISSION_INCOME_YOY":null,"ACCOUNTS_RECE_TDAYS":30.783418697047,"INVENTORY_TDAYS":1.170409810097,"CURRENT_ASSETS_TDAYS":1.309759743654,"TOTAL_ASSETS_TDAYS":0.869817684868,"PREMIUM_EXPENSE":null,"LOAN_DEPOSIT":null,"LOAN_EQUITY":null,"LOAN_ASSETS":null,"DEPOSIT_EQUITY":null,"DEPOSIT_ASSETS":null,"EQUITY_MULTIPLIER":1.1311109385,"EQUITY_RATIO":0.131110938501},{"SECUCODE":"00887.HK","SECURITY_CODE":"00887","SECURITY_NAME_ABBR":"英皇钟表珠宝","ORG_CODE":"10125743","STD_REPORT_DATE":"2023-06-30 00:00:00","REPORT_DATE":"2023-06-30 00:00:00","DATE_TYPE_CODE":"002","REPORT_TYPE":"2023年中报","PER_NETCASH_OPERATE":0.050182024228,"PER_OI":0.316860215478,"BPS":0.633632322613,"BASIC_EPS":0.025262252,"DILUTED_EPS":null,"OPERATE_INCOME":2148140563.58,"OPERATE_INCOME_YOY":41.5879905005,"GROSS_PROFIT":668727767.66,"GROSS_PROFIT_YOY":49.009379292471,"HOLDER_PROFIT":171413599.62,"HOLDER_PROFIT_YOY":116.3559558721,"GROSS_PROFIT_RATIO":31.130540477553,"EPS_TTM":0.043711902286,"OPERATE_INCOME_QOQ":22.511750879965,"NET_PROFIT_RATIO":7.979626777,"ROE_AVG":3.781822338827,"GROSS_PROFIT_QOQ":20.915058262634,"ROA":3.41444865733,"HOLDER_PROFIT_QOQ":49.353189009904,"ROE_YEARLY":7.563644677654,"ROIC_YEARLY":7.761922455506,"TOTAL_ASSETS":5078546121.92,"TOTAL_LIABILITIES":480461295.62,"TAX_EBT":17.273370443047,"OCF_SALES":15.837275169416,"TOTAL_PARENT_EQUITY":4598084826.3,"DEBT_ASSET_RATIO":9.4606071125,"OPERATE_PROFIT":210747110.38,"PRETAX_PROFIT":207204863.22,"NETCASH_OPERATE":340206932.08,"NETCASH_INVEST":-200781428.56,"NETCASH_FINANCE":-149873380.88,"END_CASH":419812529.24,"DIVI_RATIO":0.251813611951,"DIVIDEND_RATE":6.914285714286,"CURRENT_RATIO":8.308468716351,"COMMON_ACS":null,"CURRENTDEBT_DEBT":85.364187450467,"ISSUED_COMMON_SHARES":7256708129,"HK_COMMON_SHARES":7256708129,"PER_SHARES":10000,"TOTAL_MARKET_CAP":1269923922.575,"HKSK_MARKET_CAP":1269923922.575,"PE_TTM":4.261375273734,"PB_TTM":0.244832410384,"REPORT_DATE_SQ":"2022-06-30 00:00:00","REPORT_TYPE_SQ":"2022年中报","OPERATE_INCOME_SQ":1407269877.16,"DPS_HKD":0.0121,"OPERATE_INCOME_QOQ_SQ":-9.840909073307,"NET_PROFIT_RATIO_SQ":5.2220393737,"HOLDER_PROFIT_SQ":73488187.08,"HOLDER_PROFIT_QOQ_SQ":-21.816596134701,"ROE_AVG_SQ":1.811794501364,"PE_TTM_SQ":3.767394586638,"PB_TTM_SQ":0.243328251326,"ROA_SQ":1.609603525648,"START_DATE":"2023-01-01 00:00:00","FISCAL_YEAR":"12-31","CURRENCY":"HKD","IS_CNY_CODE":0,"DPS_HKD_LY":0.0138,"ORG_TYPE":"一般企业","PREMIUM_INCOME":null,"PREMIUM_INCOME_YOY":null,"NET_INTEREST_INCOME":null,"NET_INTEREST_INCOME_YOY":null,"FEE_COMMISSION_INCOME":null,"FEE_COMMISSION_INCOME_YOY":null,"ACCOUNTS_RECE_TDAYS":null,"INVENTORY_TDAYS":0.589749498589,"CURRENT_ASSETS_TDAYS":0.647028096412,"TOTAL_ASSETS_TDAYS":0.427895784193,"PREMIUM_EXPENSE":null,"LOAN_DEPOSIT":null,"LOAN_EQUITY":null,"LOAN_ASSETS":null,"DEPOSIT_EQUITY":null,"DEPOSIT_ASSETS":null,"EQUITY_MULTIPLIER":1.104491612002,"EQUITY_RATIO":0.104491612002},{"SECUCODE":"00887.HK","SECURITY_CODE":"00887","SECURITY_NAME_ABBR":"英皇钟表珠宝","ORG_CODE":"10125743","STD_REPORT_DATE":"2022-12-31 00:00:00","REPORT_DATE":"2022-12-31 00:00:00","DATE_TYPE_CODE":"001","REPORT_TYPE":"2022年年报","PER_NETCASH_OPERATE":0.07979132992,"PER_OI":0.485442901313,"BPS":0.596406218356,"BASIC_EPS":0.029299256,"DILUTED_EPS":null,"OPERATE_INCOME":3291039823.47,"OPERATE_INCOME_YOY":-6.1719173393,"GROSS_PROFIT":1051612826.74,"GROSS_PROFIT_YOY":4.612767803927,"HOLDER_PROFIT":198417598.75,"HOLDER_PROFIT_YOY":8.5151078434,"GROSS_PROFIT_RATIO":31.953816518428,"EPS_TTM":0.029267471673,"OPERATE_INCOME_QOQ":13.701235437115,"NET_PROFIT_RATIO":6.0290245452,"ROE_AVG":4.644125158154,"GROSS_PROFIT_QOQ":13.86374131903,"ROA":4.139456977787,"HOLDER_PROFIT_QOQ":51.641299641259,"ROE_YEARLY":4.644125158154,"ROIC_YEARLY":4.575393210889,"TOTAL_ASSETS":4807426390.83,"TOTAL_LIABILITIES":479480537.9,"TAX_EBT":19.881043413023,"OCF_SALES":16.436810529982,"TOTAL_PARENT_EQUITY":4327945852.93,"DEBT_ASSET_RATIO":9.9737468433,"OPERATE_PROFIT":253813737.8,"PRETAX_PROFIT":247653747.88,"NETCASH_OPERATE":540941980.25,"NETCASH_INVEST":-196910652.26,"NETCASH_FINANCE":-416501429.82,"END_CASH":416435327.84,"DIVI_RATIO":0.37609165981,"DIVIDEND_RATE":6.914285714286,"CURRENT_RATIO":8.087954931345,"COMMON_ACS":null,"CURRENTDEBT_DEBT":80.755630903366,"ISSUED_COMMON_SHARES":7256708129,"HK_COMMON_SHARES":7256708129,"PER_SHARES":10000,"TOTAL_MARKET_CAP":1269923922.575,"HKSK_MARKET_CAP":1269923922.575,"PE_TTM":4.261375273734,"PB_TTM":0.244832410384,"REPORT_DATE_SQ":"2021-12-31 00:00:00","REPORT_TYPE_SQ":"2021年年报","OPERATE_INCOME_SQ":3210394700.8,"DPS_HKD":0.0121,"OPERATE_INCOME_QOQ_SQ":4.104253992631,"NET_PROFIT_RATIO_SQ":5.2130235562,"HOLDER_PROFIT_SQ":167358632,"HOLDER_PROFIT_QOQ_SQ":-30.982263078358,"ROE_AVG_SQ":4.41633293448,"PE_TTM_SQ":3.767394586638,"PB_TTM_SQ":0.243328251326,"ROA_SQ":3.680344806569,"START_DATE":"2022-01-01 00:00:00","FISCAL_YEAR":"12-31","CURRENCY":"HKD","IS_CNY_CODE":0,"DPS_HKD_LY":0.0073,"ORG_TYPE":"一般企业","PREMIUM_INCOME":null,"PREMIUM_INCOME_YOY":null,"NET_INTEREST_INCOME":null,"NET_INTEREST_INCOME_YOY":null,"FEE_COMMISSION_INCOME":null,"FEE_COMMISSION_INCOME_YOY":null,"ACCOUNTS_RECE_TDAYS":27.085374639769,"INVENTORY_TDAYS":0.926087169329,"CURRENT_ASSETS_TDAYS":1.061511899025,"TOTAL_ASSETS_TDAYS":0.686588178028,"PREMIUM_EXPENSE":null,"LOAN_DEPOSIT":null,"LOAN_EQUITY":null,"LOAN_ASSETS":null,"DEPOSIT_EQUITY":null,"DEPOSIT_ASSETS":null,"EQUITY_MULTIPLIER":1.110787092582,"EQUITY_RATIO":0.110787092582},{"SECUCODE":"00887.HK","SECURITY_CODE":"00887","SECURITY_NAME_ABBR":"英皇钟表珠宝","ORG_CODE":"10125743","STD_REPORT_DATE":"2022-06-30 00:00:00","REPORT_DATE":"2022-06-30 00:00:00","DATE_TYPE_CODE":"002","REPORT_TYPE":"2022年中报","PER_NETCASH_OPERATE":0.044940925181,"PER_OI":0.20757851887,"BPS":0.56155304276,"BASIC_EPS":0.010860913,"DILUTED_EPS":null,"OPERATE_INCOME":1407269877.16,"OPERATE_INCOME_YOY":-20.540890033,"GROSS_PROFIT":448782332.25,"GROSS_PROFIT_YOY":-15.39661224533,"HOLDER_PROFIT":73488187.08,"HOLDER_PROFIT_YOY":-34.9979954463,"GROSS_PROFIT_RATIO":31.890281994502,"EPS_TTM":0.019300462171,"OPERATE_INCOME_QOQ":-9.840909073307,"NET_PROFIT_RATIO":5.2220393737,"ROE_AVG":1.811794501364,"GROSS_PROFIT_QOQ":-8.124599989371,"ROA":1.609603525648,"HOLDER_PROFIT_QOQ":-21.816596134701,"ROE_YEARLY":3.623589002729,"ROIC_YEARLY":3.613604760192,"TOTAL_ASSETS":4555731394.83,"TOTAL_LIABILITIES":480704864.57,"TAX_EBT":17.579919624788,"OCF_SALES":21.650084712597,"TOTAL_PARENT_EQUITY":4075026530.26,"DEBT_ASSET_RATIO":10.551650721,"OPERATE_PROFIT":92297235.94,"PRETAX_PROFIT":89162964.59,"NETCASH_OPERATE":304675120.54,"NETCASH_INVEST":-14253451.73,"NETCASH_FINANCE":-243290437.53,"END_CASH":520823537.85,"DIVI_RATIO":0.570310280778,"DIVIDEND_RATE":6.914285714286,"CURRENT_RATIO":7.877170822652,"COMMON_ACS":null,"CURRENTDEBT_DEBT":76.338322335942,"ISSUED_COMMON_SHARES":7256708129,"HK_COMMON_SHARES":7256708129,"PER_SHARES":10000,"TOTAL_MARKET_CAP":1269923922.575,"HKSK_MARKET_CAP":1269923922.575,"PE_TTM":4.261375273734,"PB_TTM":0.244832410384,"REPORT_DATE_SQ":"2021-06-30 00:00:00","REPORT_TYPE_SQ":"2021年中报","OPERATE_INCOME_SQ":1723201900.56,"DPS_HKD":0.0121,"OPERATE_INCOME_QOQ_SQ":39.498056742974,"NET_PROFIT_RATIO_SQ":6.3834739205,"HOLDER_PROFIT_SQ":110000143.92,"HOLDER_PROFIT_QOQ_SQ":747.562123784272,"ROE_AVG_SQ":2.859069205894,"PE_TTM_SQ":3.767394586638,"PB_TTM_SQ":0.243328251326,"ROA_SQ":2.252595573735,"START_DATE":"2022-01-01 00:00:00","FISCAL_YEAR":"12-31","CURRENCY":"HKD","IS_CNY_CODE":0,"DPS_HKD_LY":0.0073,"ORG_TYPE":"一般企业","PREMIUM_INCOME":null,"PREMIUM_INCOME_YOY":null,"NET_INTEREST_INCOME":null,"NET_INTEREST_INCOME_YOY":null,"FEE_COMMISSION_INCOME":null,"FEE_COMMISSION_INCOME_YOY":null,"ACCOUNTS_RECE_TDAYS":null,"INVENTORY_TDAYS":0.419999565307,"CURRENT_ASSETS_TDAYS":0.482872626794,"TOTAL_ASSETS_TDAYS":0.308232744039,"PREMIUM_EXPENSE":null,"LOAN_DEPOSIT":null,"LOAN_EQUITY":null,"LOAN_ASSETS":null,"DEPOSIT_EQUITY":null,"DEPOSIT_ASSETS":null,"EQUITY_MULTIPLIER":1.117963615942,"EQUITY_RATIO":0.117963615942},{"SECUCODE":"00887.HK","SECURITY_CODE":"00887","SECURITY_NAME_ABBR":"英皇钟表珠宝","ORG_CODE":"10125743","STD_REPORT_DATE":"2021-12-31 00:00:00","REPORT_DATE":"2021-12-31 00:00:00","DATE_TYPE_CODE":"001","REPORT_TYPE":"2021年年报","PER_NETCASH_OPERATE":0.117411196596,"PER_OI":0.473547389734,"BPS":0.531882753914,"BASIC_EPS":0.02469152,"DILUTED_EPS":null,"OPERATE_INCOME":3210394700.8,"OPERATE_INCOME_YOY":49.4934343102,"GROSS_PROFIT":1005243288,"GROSS_PROFIT_YOY":42.178012976674,"HOLDER_PROFIT":167358632,"HOLDER_PROFIT_YOY":502.168093431,"GROSS_PROFIT_RATIO":31.312140147425,"EPS_TTM":0.024686136977,"OPERATE_INCOME_QOQ":4.104253992631,"NET_PROFIT_RATIO":5.2130235562,"ROE_AVG":4.41633293448,"GROSS_PROFIT_QOQ":4.852807856937,"ROA":3.680344806569,"HOLDER_PROFIT_QOQ":-30.982263078358,"ROE_YEARLY":4.41633293448,"ROIC_YEARLY":4.028544519407,"TOTAL_ASSETS":4374368488,"TOTAL_LIABILITIES":514650584,"TAX_EBT":20.12494683321,"OCF_SALES":24.793969757103,"TOTAL_PARENT_EQUITY":3859717904,"DEBT_ASSET_RATIO":11.7651401662,"OPERATE_PROFIT":222916187.2,"PRETAX_PROFIT":209525534.4,"NETCASH_OPERATE":795984291.2,"NETCASH_INVEST":-14258126.4,"NETCASH_FINANCE":-661112995.2,"END_CASH":454866854.4,"DIVI_RATIO":0.445887990106,"DIVIDEND_RATE":6.914285714286,"CURRENT_RATIO":6.417353735575,"COMMON_ACS":null,"CURRENTDEBT_DEBT":85.050955970546,"ISSUED_COMMON_SHARES":7256708129,"HK_COMMON_SHARES":7256708129,"PER_SHARES":10000,"TOTAL_MARKET_CAP":1269923922.575,"HKSK_MARKET_CAP":1269923922.575,"PE_TTM":4.261375273734,"PB_TTM":0.244832410384,"REPORT_DATE_SQ":"2020-12-31 00:00:00","REPORT_TYPE_SQ":"2020年年报","OPERATE_INCOME_SQ":2210659198.76,"DPS_HKD":0.0121,"OPERATE_INCOME_QOQ_SQ":-8.585007849182,"NET_PROFIT_RATIO_SQ":1.294178159,"HOLDER_PROFIT_SQ":28609868.52,"HOLDER_PROFIT_QOQ_SQ":122.58719093236,"ROE_AVG_SQ":0.753545858551,"PE_TTM_SQ":3.767394586638,"PB_TTM_SQ":0.243328251326,"ROA_SQ":0.573236179022,"START_DATE":"2021-01-01 00:00:00","FISCAL_YEAR":"12-31","CURRENCY":"HKD","IS_CNY_CODE":0,"DPS_HKD_LY":0.007,"ORG_TYPE":"一般企业","PREMIUM_INCOME":null,"PREMIUM_INCOME_YOY":null,"NET_INTEREST_INCOME":null,"NET_INTEREST_INCOME_YOY":null,"FEE_COMMISSION_INCOME":null,"FEE_COMMISSION_INCOME_YOY":null,"ACCOUNTS_RECE_TDAYS":null,"INVENTORY_TDAYS":0.939641570218,"CURRENT_ASSETS_TDAYS":1.118536226302,"TOTAL_ASSETS_TDAYS":0.705990442377,"PREMIUM_EXPENSE":null,"LOAN_DEPOSIT":null,"LOAN_EQUITY":null,"LOAN_ASSETS":null,"DEPOSIT_EQUITY":null,"DEPOSIT_ASSETS":null,"EQUITY_MULTIPLIER":1.133338911496,"EQUITY_RATIO":0.133338911496},{"SECUCODE":"00887.HK","SECURITY_CODE":"00887","SECURITY_NAME_ABBR":"英皇钟表珠宝","ORG_CODE":"10125743","STD_REPORT_DATE":"2021-06-30 00:00:00","REPORT_DATE":"2021-06-30 00:00:00","DATE_TYPE_CODE":"002","REPORT_TYPE":"2021年中报","PER_NETCASH_OPERATE":0.066916361752,"PER_OI":0.254179886913,"BPS":0.538755573555,"BASIC_EPS":0.01622556,"DILUTED_EPS":null,"OPERATE_INCOME":1723201900.56,"OPERATE_INCOME_YOY":122.5433221647,"GROSS_PROFIT":530454328.32,"GROSS_PROFIT_YOY":90.285725683486,"HOLDER_PROFIT":110000143.92,"HOLDER_PROFIT_YOY":216.2495603236,"GROSS_PROFIT_RATIO":30.78306309595,"EPS_TTM":0.03576781575,"OPERATE_INCOME_QOQ":39.498056742974,"NET_PROFIT_RATIO":6.3834739205,"ROE_AVG":2.859069205894,"GROSS_PROFIT_QOQ":35.597716344101,"ROA":2.252595573735,"HOLDER_PROFIT_QOQ":747.562123784272,"ROE_YEARLY":5.718138411788,"ROIC_YEARLY":5.055604904165,"TOTAL_ASSETS":4962567556.08,"TOTAL_LIABILITIES":1052975605.92,"TAX_EBT":18.786705983536,"OCF_SALES":26.326379543371,"TOTAL_PARENT_EQUITY":3909591950.16,"DEBT_ASSET_RATIO":21.2183631562,"OPERATE_PROFIT":143777599.44,"PRETAX_PROFIT":135445982.4,"NETCASH_OPERATE":453656672.64,"NETCASH_INVEST":7650143.52,"NETCASH_FINANCE":-76786838.64,"END_CASH":726216125.76,"DIVI_RATIO":0.307741799976,"DIVIDEND_RATE":6.914285714286,"CURRENT_RATIO":3.431675515227,"COMMON_ACS":null,"CURRENTDEBT_DEBT":89.289783907058,"ISSUED_COMMON_SHARES":7256708129,"HK_COMMON_SHARES":7256708129,"PER_SHARES":10000,"TOTAL_MARKET_CAP":1269923922.575,"HKSK_MARKET_CAP":1269923922.575,"PE_TTM":4.261375273734,"PB_TTM":0.244832410384,"REPORT_DATE_SQ":"2020-06-30 00:00:00","REPORT_TYPE_SQ":"2020年中报","OPERATE_INCOME_SQ":850034475.84,"DPS_HKD":0.0121,"OPERATE_INCOME_QOQ_SQ":-34.317628806493,"NET_PROFIT_RATIO_SQ":-12.2202569134,"HOLDER_PROFIT_SQ":-103876396.8,"HOLDER_PROFIT_QOQ_SQ":-257.058050770374,"ROE_AVG_SQ":-2.579580933785,"PE_TTM_SQ":3.767394586638,"PB_TTM_SQ":0.243328251326,"ROA_SQ":-1.920215647714,"START_DATE":"2021-01-01 00:00:00","FISCAL_YEAR":"12-31","CURRENCY":"HKD","IS_CNY_CODE":0,"DPS_HKD_LY":0.007,"ORG_TYPE":"一般企业","PREMIUM_INCOME":null,"PREMIUM_INCOME_YOY":null,"NET_INTEREST_INCOME":null,"NET_INTEREST_INCOME_YOY":null,"FEE_COMMISSION_INCOME":null,"FEE_COMMISSION_INCOME_YOY":null,"ACCOUNTS_RECE_TDAYS":15.028170240557,"INVENTORY_TDAYS":0.485334692157,"CURRENT_ASSETS_TDAYS":0.554998595055,"TOTAL_ASSETS_TDAYS":0.352879263201,"PREMIUM_EXPENSE":null,"LOAN_DEPOSIT":null,"LOAN_EQUITY":null,"LOAN_ASSETS":null,"DEPOSIT_EQUITY":null,"DEPOSIT_ASSETS":null,"EQUITY_MULTIPLIER":1.269331331593,"EQUITY_RATIO":0.269331331593},{"SECUCODE":"00887.HK","SECURITY_CODE":"00887","SECURITY_NAME_ABBR":"英皇钟表珠宝","ORG_CODE":"10125743","STD_REPORT_DATE":"2020-12-31 00:00:00","REPORT_DATE":"2020-12-31 00:00:00","DATE_TYPE_CODE":"001","REPORT_TYPE":"2020年年报","PER_NETCASH_OPERATE":0.071611908368,"PER_OI":0.326081990138,"BPS":0.527611088314,"BASIC_EPS":0.0042082,"DILUTED_EPS":null,"OPERATE_INCOME":2210659198.76,"OPERATE_INCOME_YOY":-36.0940576631,"GROSS_PROFIT":707031464.96,"GROSS_PROFIT_YOY":-37.555021374995,"HOLDER_PROFIT":28609868.52,"HOLDER_PROFIT_YOY":-62.2430051871,"GROSS_PROFIT_RATIO":31.982834140902,"EPS_TTM":0.004220081897,"OPERATE_INCOME_QOQ":-8.585007849182,"NET_PROFIT_RATIO":1.294178159,"ROE_AVG":0.753545858551,"GROSS_PROFIT_QOQ":-5.004589417586,"ROA":0.573236179022,"HOLDER_PROFIT_QOQ":122.58719093236,"ROE_YEARLY":0.753545858551,"ROIC_YEARLY":0.606205271452,"TOTAL_ASSETS":4859150466.84,"TOTAL_LIABILITIES":1030430793.32,"TAX_EBT":2.307736521439,"OCF_SALES":21.961319709176,"TOTAL_PARENT_EQUITY":3828719673.52,"DEBT_ASSET_RATIO":21.2059865269,"OPERATE_PROFIT":57176813.4,"PRETAX_PROFIT":29285705.44,"NETCASH_OPERATE":485489934.32,"NETCASH_INVEST":8433232.8,"NETCASH_FINANCE":-359599106.4,"END_CASH":340957622.04,"DIVI_RATIO":2.608302935653,"DIVIDEND_RATE":6.914285714286,"CURRENT_RATIO":3.490189951356,"COMMON_ACS":null,"CURRENTDEBT_DEBT":83.905259521054,"ISSUED_COMMON_SHARES":7256708129,"HK_COMMON_SHARES":7256708129,"PER_SHARES":10000,"TOTAL_MARKET_CAP":1269923922.575,"HKSK_MARKET_CAP":1269923922.575,"PE_TTM":4.261375273734,"PB_TTM":0.244832410384,"REPORT_DATE_SQ":"2019-12-31 00:00:00","REPORT_TYPE_SQ":"2019年年报","OPERATE_INCOME_SQ":3681760606.26,"DPS_HKD":0.0121,"OPERATE_INCOME_QOQ_SQ":-11.966194508148,"NET_PROFIT_RATIO_SQ":2.1904729233,"HOLDER_PROFIT_SQ":80647969.18,"HOLDER_PROFIT_QOQ_SQ":-60.1698123835,"ROE_AVG_SQ":2.014556423791,"PE_TTM_SQ":3.767394586638,"PB_TTM_SQ":0.243328251326,"ROA_SQ":1.493537614318,"START_DATE":"2020-01-01 00:00:00","FISCAL_YEAR":"12-31","CURRENCY":"HKD","IS_CNY_CODE":0,"DPS_HKD_LY":null,"ORG_TYPE":"一般企业","PREMIUM_INCOME":null,"PREMIUM_INCOME_YOY":null,"NET_INTEREST_INCOME":null,"NET_INTEREST_INCOME_YOY":null,"FEE_COMMISSION_INCOME":null,"FEE_COMMISSION_INCOME_YOY":null,"ACCOUNTS_RECE_TDAYS":17.929377634431,"INVENTORY_TDAYS":0.578329083782,"CURRENT_ASSETS_TDAYS":0.737318590381,"TOTAL_ASSETS_TDAYS":0.442934517973,"PREMIUM_EXPENSE":null,"LOAN_DEPOSIT":null,"LOAN_EQUITY":null,"LOAN_ASSETS":null,"DEPOSIT_EQUITY":null,"DEPOSIT_ASSETS":null,"EQUITY_MULTIPLIER":1.269131950413,"EQUITY_RATIO":0.269131950413},{"SECUCODE":"00887.HK","SECURITY_CODE":"00887","SECURITY_NAME_ABBR":"英皇钟表珠宝","ORG_CODE":"10125743","STD_REPORT_DATE":"2020-06-30 00:00:00","REPORT_DATE":"2020-06-30 00:00:00","DATE_TYPE_CODE":"002","REPORT_TYPE":"2020年中报","PER_NETCASH_OPERATE":0.022500714691,"PER_OI":0.12538383742,"BPS":0.546790661333,"BASIC_EPS":-0.015345792,"DILUTED_EPS":null,"OPERATE_INCOME":850034475.84,"OPERATE_INCOME_YOY":-61.2685752148,"GROSS_PROFIT":278767272.96,"GROSS_PROFIT_YOY":-58.189180764547,"HOLDER_PROFIT":-103876396.8,"HOLDER_PROFIT_YOY":-196.7121936285,"GROSS_PROFIT_RATIO":32.79481960829,"EPS_TTM":-0.018683518058,"OPERATE_INCOME_QOQ":-34.317628806493,"NET_PROFIT_RATIO":-12.2202569134,"ROE_AVG":-2.579580933785,"GROSS_PROFIT_QOQ":-34.265267930148,"ROA":-1.920215647714,"HOLDER_PROFIT_QOQ":-257.058050770374,"ROE_YEARLY":-5.159161867569,"ROIC_YEARLY":-4.006519578332,"TOTAL_ASSETS":5259497089.44,"TOTAL_LIABILITIES":1291596852.48,"TAX_EBT":-2.752227262049,"OCF_SALES":17.945466619958,"TOTAL_PARENT_EQUITY":3967900236.96,"DEBT_ASSET_RATIO":24.5574211853,"OPERATE_PROFIT":-82110035.04,"PRETAX_PROFIT":-101094058.56,"NETCASH_OPERATE":152542653.12,"NETCASH_INVEST":-664984.32,"NETCASH_FINANCE":-138072850.08,"END_CASH":229363870.56,"DIVI_RATIO":-0.58914236417,"DIVIDEND_RATE":6.914285714286,"CURRENT_RATIO":2.991513217646,"COMMON_ACS":null,"CURRENTDEBT_DEBT":81.606685186338,"ISSUED_COMMON_SHARES":7256708129,"HK_COMMON_SHARES":7256708129,"PER_SHARES":10000,"TOTAL_MARKET_CAP":1269923922.575,"HKSK_MARKET_CAP":1269923922.575,"PE_TTM":4.261375273734,"PB_TTM":0.244832410384,"REPORT_DATE_SQ":"2019-06-30 00:00:00","REPORT_TYPE_SQ":"2019年中报","OPERATE_INCOME_SQ":2113527414.24,"DPS_HKD":0.0121,"OPERATE_INCOME_QOQ_SQ":1.07739267654,"NET_PROFIT_RATIO_SQ":4.893984344,"HOLDER_PROFIT_SQ":103435700.76,"HOLDER_PROFIT_QOQ_SQ":-12.560641354009,"ROE_AVG_SQ":2.613171172979,"PE_TTM_SQ":3.767394586638,"PB_TTM_SQ":0.243328251326,"ROA_SQ":1.851912224659,"START_DATE":"2020-01-01 00:00:00","FISCAL_YEAR":"12-31","CURRENCY":"HKD","IS_CNY_CODE":0,"DPS_HKD_LY":null,"ORG_TYPE":"一般企业","PREMIUM_INCOME":null,"PREMIUM_INCOME_YOY":null,"NET_INTEREST_INCOME":null,"NET_INTEREST_INCOME_YOY":null,"FEE_COMMISSION_INCOME":null,"FEE_COMMISSION_INCOME_YOY":null,"ACCOUNTS_RECE_TDAYS":7.766695182256,"INVENTORY_TDAYS":0.200119002269,"CURRENT_ASSETS_TDAYS":0.266210293848,"TOTAL_ASSETS_TDAYS":0.157133819798,"PREMIUM_EXPENSE":null,"LOAN_DEPOSIT":null,"LOAN_EQUITY":null,"LOAN_ASSETS":null,"DEPOSIT_EQUITY":null,"DEPOSIT_ASSETS":null,"EQUITY_MULTIPLIER":1.325511423007,"EQUITY_RATIO":0.325511423006}],"count":37},"success":true,"message":"ok","code":0}