{"version":"75815d01d654aec8685fa35db90a84b1","result":{"pages":6,"data":[{"SECUCODE":"00888.HK","SECURITY_CODE":"00888","SECURITY_NAME_ABBR":"贝森金融","ORG_CODE":"10009143","STD_REPORT_DATE":"2024-06-30 00:00:00","REPORT_DATE":"2024-06-30 00:00:00","DATE_TYPE_CODE":"002","REPORT_TYPE":"2024年中报","PER_NETCASH_OPERATE":-0.003683229998,"PER_OI":0.014970423495,"BPS":0.031497457786,"BASIC_EPS":-0.006114956,"DILUTED_EPS":-0.006114956,"OPERATE_INCOME":21285522.96,"OPERATE_INCOME_YOY":11.6045365363,"GROSS_PROFIT":7018509.2,"GROSS_PROFIT_YOY":-23.569969154041,"HOLDER_PROFIT":-8736172.96,"HOLDER_PROFIT_YOY":48.9575001333,"GROSS_PROFIT_RATIO":32.973158391219,"EPS_TTM":-0.007136562041,"OPERATE_INCOME_QOQ":6.263940524345,"NET_PROFIT_RATIO":-41.0470800103,"ROE_AVG":-17.773651471544,"GROSS_PROFIT_QOQ":-19.47802407761,"ROA":-5.285010711367,"HOLDER_PROFIT_QOQ":45.739958409125,"ROE_YEARLY":-35.547302943088,"ROIC_YEARLY":-27.916879329202,"TOTAL_ASSETS":160260219.24,"TOTAL_LIABILITIES":115478662.36,"TAX_EBT":0.041766732797,"OCF_SALES":-24.603378783981,"TOTAL_PARENT_EQUITY":44784294.92,"DEBT_ASSET_RATIO":72.0569726584,"OPERATE_PROFIT":-4697563.96,"PRETAX_PROFIT":-8740736.36,"NETCASH_OPERATE":-5236957.84,"NETCASH_INVEST":10418242.2,"NETCASH_FINANCE":-4985058.16,"END_CASH":102814314.68,"DIVI_RATIO":null,"DIVIDEND_RATE":null,"CURRENT_RATIO":1.348774101404,"COMMON_ACS":10000000000,"CURRENTDEBT_DEBT":99.607198463569,"ISSUED_COMMON_SHARES":1421838398,"HK_COMMON_SHARES":1421838398,"PER_SHARES":2000,"TOTAL_MARKET_CAP":52608020.726,"HKSK_MARKET_CAP":52608020.726,"PE_TTM":-4.592581468878,"PB_TTM":1.072123351322,"REPORT_DATE_SQ":"2023-06-30 00:00:00","REPORT_TYPE_SQ":"2023年中报","OPERATE_INCOME_SQ":19266616.06,"DPS_HKD":null,"OPERATE_INCOME_QOQ_SQ":9.625938219287,"NET_PROFIT_RATIO_SQ":-89.7497248409,"HOLDER_PROFIT_SQ":-17289890.94,"HOLDER_PROFIT_QOQ_SQ":3.932704357657,"ROE_AVG_SQ":-26.828134276579,"PE_TTM_SQ":-0.58546502221,"PB_TTM_SQ":1.127622812504,"ROA_SQ":-9.555595753408,"START_DATE":"2024-01-01 00:00:00","FISCAL_YEAR":"12-31","CURRENCY":"HKD","IS_CNY_CODE":0,"DPS_HKD_LY":null,"ORG_TYPE":"一般企业","PREMIUM_INCOME":null,"PREMIUM_INCOME_YOY":null,"NET_INTEREST_INCOME":null,"NET_INTEREST_INCOME_YOY":null,"FEE_COMMISSION_INCOME":null,"FEE_COMMISSION_INCOME_YOY":null,"ACCOUNTS_RECE_TDAYS":1.421856424326,"INVENTORY_TDAYS":null,"CURRENT_ASSETS_TDAYS":0.134785485796,"TOTAL_ASSETS_TDAYS":0.128768303187,"PREMIUM_EXPENSE":null,"LOAN_DEPOSIT":null,"LOAN_EQUITY":null,"LOAN_ASSETS":null,"DEPOSIT_EQUITY":null,"DEPOSIT_ASSETS":null,"EQUITY_MULTIPLIER":3.578710308569,"EQUITY_RATIO":2.57855265035},{"SECUCODE":"00888.HK","SECURITY_CODE":"00888","SECURITY_NAME_ABBR":"贝森金融","ORG_CODE":"10009143","STD_REPORT_DATE":"2023-12-31 00:00:00","REPORT_DATE":"2023-12-31 00:00:00","DATE_TYPE_CODE":"001","REPORT_TYPE":"2023年年报","PER_NETCASH_OPERATE":-0.001567263188,"PER_OI":0.022668272685,"BPS":0.037375307275,"BASIC_EPS":-0.01314019,"DILUTED_EPS":-0.01314019,"OPERATE_INCOME":32230620.52,"OPERATE_INCOME_YOY":-13.1625851503,"GROSS_PROFIT":11112069.64,"GROSS_PROFIT_YOY":-36.661070014912,"HOLDER_PROFIT":-18700755.92,"HOLDER_PROFIT_YOY":83.2353036753,"GROSS_PROFIT_RATIO":34.476747455435,"EPS_TTM":-0.013152518561,"OPERATE_INCOME_QOQ":-19.639162020636,"NET_PROFIT_RATIO":-58.027329472,"ROE_AVG":-29.925027915138,"GROSS_PROFIT_QOQ":-44.408246879031,"ROA":-10.463892825723,"HOLDER_PROFIT_QOQ":82.29601553422,"ROE_YEARLY":-29.925027915138,"ROIC_YEARLY":-26.146341463415,"TOTAL_ASSETS":169135994.58,"TOTAL_LIABILITIES":115996160,"TAX_EBT":-0.033929523533,"OCF_SALES":-6.913906539954,"TOTAL_PARENT_EQUITY":53141647.02,"DEBT_ASSET_RATIO":68.5815933433,"OPERATE_PROFIT":-10111602.76,"PRETAX_PROFIT":-18696224.82,"NETCASH_OPERATE":-2228394.98,"NETCASH_INVEST":5612220.46,"NETCASH_FINANCE":-9450968.38,"END_CASH":101891751.92,"DIVI_RATIO":null,"DIVIDEND_RATE":null,"CURRENT_RATIO":1.418586851434,"COMMON_ACS":10000000000,"CURRENTDEBT_DEBT":96.96875,"ISSUED_COMMON_SHARES":1421838398,"HK_COMMON_SHARES":1421838398,"PER_SHARES":2000,"TOTAL_MARKET_CAP":56873535.92,"HKSK_MARKET_CAP":56873535.92,"PE_TTM":-4.964952939328,"PB_TTM":1.159052271699,"REPORT_DATE_SQ":"2022-12-31 00:00:00","REPORT_TYPE_SQ":"2022年年报","OPERATE_INCOME_SQ":36585659.39,"DPS_HKD":null,"OPERATE_INCOME_QOQ_SQ":-7.14494230402,"NET_PROFIT_RATIO_SQ":-300.539590302,"HOLDER_PROFIT_SQ":-109954390.84,"HOLDER_PROFIT_QOQ_SQ":41.881244949865,"ROE_AVG_SQ":-87.409016992963,"PE_TTM_SQ":-0.500084706471,"PB_TTM_SQ":0.963177819014,"ROA_SQ":-44.782059817586,"START_DATE":"2023-01-01 00:00:00","FISCAL_YEAR":"12-31","CURRENCY":"HKD","IS_CNY_CODE":0,"DPS_HKD_LY":null,"ORG_TYPE":"一般企业","PREMIUM_INCOME":null,"PREMIUM_INCOME_YOY":null,"NET_INTEREST_INCOME":null,"NET_INTEREST_INCOME_YOY":null,"FEE_COMMISSION_INCOME":null,"FEE_COMMISSION_INCOME_YOY":null,"ACCOUNTS_RECE_TDAYS":1.966982827752,"INVENTORY_TDAYS":null,"CURRENT_ASSETS_TDAYS":0.187339838555,"TOTAL_ASSETS_TDAYS":0.180344452529,"PREMIUM_EXPENSE":null,"LOAN_DEPOSIT":null,"LOAN_EQUITY":null,"LOAN_ASSETS":null,"DEPOSIT_EQUITY":null,"DEPOSIT_ASSETS":null,"EQUITY_MULTIPLIER":3.182847592899,"EQUITY_RATIO":2.182773145069},{"SECUCODE":"00888.HK","SECURITY_CODE":"00888","SECURITY_NAME_ABBR":"贝森金融","ORG_CODE":"10009143","STD_REPORT_DATE":"2023-06-30 00:00:00","REPORT_DATE":"2023-06-30 00:00:00","DATE_TYPE_CODE":"002","REPORT_TYPE":"2023年中报","PER_NETCASH_OPERATE":-0.000272994161,"PER_OI":0.013550496376,"BPS":0.039246314911,"BASIC_EPS":-0.012170136,"DILUTED_EPS":-0.012170136,"OPERATE_INCOME":19266616.06,"OPERATE_INCOME_YOY":13.5027972408,"GROSS_PROFIT":9182920.8,"GROSS_PROFIT_YOY":36.284706838745,"HOLDER_PROFIT":-17289890.94,"HOLDER_PROFIT_YOY":25.8012186437,"GROSS_PROFIT_RATIO":47.662343877112,"EPS_TTM":-0.074291290676,"OPERATE_INCOME_QOQ":9.625938219287,"NET_PROFIT_RATIO":-89.7497248409,"ROE_AVG":-26.828134276579,"GROSS_PROFIT_QOQ":13.935838373835,"ROA":-9.555595753408,"HOLDER_PROFIT_QOQ":3.932704357657,"ROE_YEARLY":-53.656268553158,"ROIC_YEARLY":-49.901875345099,"TOTAL_ASSETS":170307223.62,"TOTAL_LIABILITIES":114507150.06,"TAX_EBT":-0.042673494426,"OCF_SALES":-2.014643250227,"TOTAL_PARENT_EQUITY":55801917.52,"DEBT_ASSET_RATIO":67.2356389976,"OPERATE_PROFIT":-12975024.54,"PRETAX_PROFIT":-17284359.06,"NETCASH_OPERATE":-388153.58,"NETCASH_INVEST":-24893.46,"NETCASH_FINANCE":-5262661.84,"END_CASH":104160690.5,"DIVI_RATIO":null,"DIVIDEND_RATE":null,"CURRENT_RATIO":1.54711355575,"COMMON_ACS":10000000000,"CURRENTDEBT_DEBT":93.978115413416,"ISSUED_COMMON_SHARES":1421838398,"HK_COMMON_SHARES":1421838398,"PER_SHARES":2000,"TOTAL_MARKET_CAP":56873535.92,"HKSK_MARKET_CAP":56873535.92,"PE_TTM":-4.964952939328,"PB_TTM":1.159052271699,"REPORT_DATE_SQ":"2022-06-30 00:00:00","REPORT_TYPE_SQ":"2022年中报","OPERATE_INCOME_SQ":15744903.09,"DPS_HKD":null,"OPERATE_INCOME_QOQ_SQ":-36.232736929001,"NET_PROFIT_RATIO_SQ":-137.2766281028,"HOLDER_PROFIT_SQ":-21614072.06,"HOLDER_PROFIT_QOQ_SQ":10.575144141077,"ROE_AVG_SQ":-13.320894735733,"PE_TTM_SQ":-0.500084706471,"PB_TTM_SQ":0.963177819014,"ROA_SQ":-7.704195942754,"START_DATE":"2023-01-01 00:00:00","FISCAL_YEAR":"12-31","CURRENCY":"HKD","IS_CNY_CODE":0,"DPS_HKD_LY":null,"ORG_TYPE":"一般企业","PREMIUM_INCOME":null,"PREMIUM_INCOME_YOY":null,"NET_INTEREST_INCOME":null,"NET_INTEREST_INCOME_YOY":null,"FEE_COMMISSION_INCOME":null,"FEE_COMMISSION_INCOME_YOY":null,"ACCOUNTS_RECE_TDAYS":1.198978713638,"INVENTORY_TDAYS":null,"CURRENT_ASSETS_TDAYS":0.108783017002,"TOTAL_ASSETS_TDAYS":0.106480714797,"PREMIUM_EXPENSE":null,"LOAN_DEPOSIT":null,"LOAN_EQUITY":null,"LOAN_ASSETS":null,"DEPOSIT_EQUITY":null,"DEPOSIT_ASSETS":null,"EQUITY_MULTIPLIER":3.052096758202,"EQUITY_RATIO":2.052028947195},{"SECUCODE":"00888.HK","SECURITY_CODE":"00888","SECURITY_NAME_ABBR":"贝森金融","ORG_CODE":"10009143","STD_REPORT_DATE":"2022-12-31 00:00:00","REPORT_DATE":"2022-12-31 00:00:00","DATE_TYPE_CODE":"001","REPORT_TYPE":"2022年年报","PER_NETCASH_OPERATE":-0.007819827982,"PER_OI":0.025731236012,"BPS":0.049805776725,"BASIC_EPS":-0.077357182,"DILUTED_EPS":-0.077357182,"OPERATE_INCOME":36585659.39,"OPERATE_INCOME_YOY":-45.8047186164,"GROSS_PROFIT":17543822.8,"GROSS_PROFIT_YOY":-51.475104242176,"HOLDER_PROFIT":-109954390.84,"HOLDER_PROFIT_YOY":52.4300510125,"GROSS_PROFIT_RATIO":47.952730912909,"EPS_TTM":-0.07733255129,"OPERATE_INCOME_QOQ":-7.14494230402,"NET_PROFIT_RATIO":-300.539590302,"ROE_AVG":-87.409016992963,"GROSS_PROFIT_QOQ":-11.623304749398,"ROA":-44.782059817586,"HOLDER_PROFIT_QOQ":41.881244949865,"ROE_YEARLY":-87.409016992963,"ROIC_YEARLY":-88.503821514082,"TOTAL_ASSETS":185607213.68,"TOTAL_LIABILITIES":114791447.89,"TAX_EBT":2.872202758577,"OCF_SALES":-30.390409453817,"TOTAL_PARENT_EQUITY":70815765.79,"DEBT_ASSET_RATIO":61.8464366842,"OPERATE_PROFIT":-104727868.07,"PRETAX_PROFIT":-113205893.64,"NETCASH_OPERATE":-11118531.69,"NETCASH_INVEST":4742370.43,"NETCASH_FINANCE":-14406658.56,"END_CASH":106416148.37,"DIVI_RATIO":null,"DIVIDEND_RATE":null,"CURRENT_RATIO":1.744860621953,"COMMON_ACS":10000000000,"CURRENTDEBT_DEBT":90.809839152731,"ISSUED_COMMON_SHARES":1421838398,"HK_COMMON_SHARES":1421838398,"PER_SHARES":2000,"TOTAL_MARKET_CAP":56873535.92,"HKSK_MARKET_CAP":56873535.92,"PE_TTM":-4.964952939328,"PB_TTM":1.159052271699,"REPORT_DATE_SQ":"2021-12-31 00:00:00","REPORT_TYPE_SQ":"2021年年报","OPERATE_INCOME_SQ":61788484.8,"DPS_HKD":null,"OPERATE_INCOME_QOQ_SQ":-68.243711699536,"NET_PROFIT_RATIO_SQ":-342.3974170669,"HOLDER_PROFIT_SQ":-211562176,"HOLDER_PROFIT_QOQ_SQ":13.798474809515,"ROE_AVG_SQ":-87.774315938013,"PE_TTM_SQ":-0.500084706471,"PB_TTM_SQ":0.963177819014,"ROA_SQ":-53.741845574232,"START_DATE":"2022-01-01 00:00:00","FISCAL_YEAR":"12-31","CURRENCY":"HKD","IS_CNY_CODE":0,"DPS_HKD_LY":null,"ORG_TYPE":"一般企业","PREMIUM_INCOME":null,"PREMIUM_INCOME_YOY":null,"NET_INTEREST_INCOME":null,"NET_INTEREST_INCOME_YOY":null,"FEE_COMMISSION_INCOME":null,"FEE_COMMISSION_INCOME_YOY":null,"ACCOUNTS_RECE_TDAYS":1.268843520555,"INVENTORY_TDAYS":null,"CURRENT_ASSETS_TDAYS":0.164811595603,"TOTAL_ASSETS_TDAYS":0.149005526269,"PREMIUM_EXPENSE":null,"LOAN_DEPOSIT":null,"LOAN_EQUITY":null,"LOAN_ASSETS":null,"DEPOSIT_EQUITY":null,"DEPOSIT_ASSETS":null,"EQUITY_MULTIPLIER":2.62098717156,"EQUITY_RATIO":1.620987171563},{"SECUCODE":"00888.HK","SECURITY_CODE":"00888","SECURITY_NAME_ABBR":"贝森金融","ORG_CODE":"10009143","STD_REPORT_DATE":"2022-06-30 00:00:00","REPORT_DATE":"2022-06-30 00:00:00","DATE_TYPE_CODE":"002","REPORT_TYPE":"2022年中报","PER_NETCASH_OPERATE":-0.004242753796,"PER_OI":0.011073623495,"BPS":0.106516938397,"BASIC_EPS":-0.015222382,"DILUTED_EPS":-0.015222382,"OPERATE_INCOME":15744903.09,"OPERATE_INCOME_YOY":-59.8258706468,"GROSS_PROFIT":6738042.01,"GROSS_PROFIT_YOY":-70.756456799539,"HOLDER_PROFIT":-21614072.06,"HOLDER_PROFIT_YOY":52.1905266344,"GROSS_PROFIT_RATIO":42.795068165771,"EPS_TTM":-0.133059545449,"OPERATE_INCOME_QOQ":-36.232736929001,"NET_PROFIT_RATIO":-137.2766281028,"ROE_AVG":-13.320894735733,"GROSS_PROFIT_QOQ":-45.093108969253,"ROA":-7.704195942754,"HOLDER_PROFIT_QOQ":10.575144141077,"ROE_YEARLY":-26.641789471465,"ROIC_YEARLY":-27.214385700442,"TOTAL_ASSETS":268663069.64,"TOTAL_LIABILITIES":117213196.59,"TAX_EBT":1.022126493049,"OCF_SALES":-38.314051382326,"TOTAL_PARENT_EQUITY":151449873.05,"DEBT_ASSET_RATIO":43.6283247813,"OPERATE_PROFIT":-17923072.02,"PRETAX_PROFIT":-21837276.65,"NETCASH_OPERATE":-6032510.26,"NETCASH_INVEST":4613750.05,"NETCASH_FINANCE":-7307598.55,"END_CASH":113050131.67,"DIVI_RATIO":null,"DIVIDEND_RATE":null,"CURRENT_RATIO":2.103841536615,"COMMON_ACS":10000000000,"CURRENTDEBT_DEBT":86.301719672263,"ISSUED_COMMON_SHARES":1421838398,"HK_COMMON_SHARES":1421838398,"PER_SHARES":2000,"TOTAL_MARKET_CAP":56873535.92,"HKSK_MARKET_CAP":56873535.92,"PE_TTM":-4.964952939328,"PB_TTM":1.159052271699,"REPORT_DATE_SQ":"2021-06-30 00:00:00","REPORT_TYPE_SQ":"2021年中报","OPERATE_INCOME_SQ":38132562.24,"DPS_HKD":null,"OPERATE_INCOME_QOQ_SQ":-22.482436595007,"NET_PROFIT_RATIO_SQ":-47.7301455452,"HOLDER_PROFIT_SQ":-43987077.12,"HOLDER_PROFIT_QOQ_SQ":15.224110861622,"ROE_AVG_SQ":-13.30211456416,"PE_TTM_SQ":-0.500084706471,"PB_TTM_SQ":0.963177819014,"ROA_SQ":-8.709742525156,"START_DATE":"2022-01-01 00:00:00","FISCAL_YEAR":"12-31","CURRENCY":"HKD","IS_CNY_CODE":0,"DPS_HKD_LY":null,"ORG_TYPE":"一般企业","PREMIUM_INCOME":null,"PREMIUM_INCOME_YOY":null,"NET_INTEREST_INCOME":null,"NET_INTEREST_INCOME_YOY":null,"FEE_COMMISSION_INCOME":null,"FEE_COMMISSION_INCOME_YOY":null,"ACCOUNTS_RECE_TDAYS":0.530828780256,"INVENTORY_TDAYS":null,"CURRENT_ASSETS_TDAYS":0.067905822211,"TOTAL_ASSETS_TDAYS":0.056121686912,"PREMIUM_EXPENSE":null,"LOAN_DEPOSIT":null,"LOAN_EQUITY":null,"LOAN_ASSETS":null,"DEPOSIT_EQUITY":null,"DEPOSIT_ASSETS":null,"EQUITY_MULTIPLIER":1.773940540387,"EQUITY_RATIO":0.773940540388},{"SECUCODE":"00888.HK","SECURITY_CODE":"00888","SECURITY_NAME_ABBR":"贝森金融","ORG_CODE":"10009143","STD_REPORT_DATE":"2021-12-31 00:00:00","REPORT_DATE":"2021-12-31 00:00:00","DATE_TYPE_CODE":"001","REPORT_TYPE":"2021年年报","PER_NETCASH_OPERATE":-0.011303368387,"PER_OI":0.043456756328,"BPS":0.116368283929,"BASIC_EPS":-0.16335648,"DILUTED_EPS":-0.16335648,"OPERATE_INCOME":61788484.8,"OPERATE_INCOME_YOY":-4.3101156033,"GROSS_PROFIT":36154272,"GROSS_PROFIT_YOY":-15.889466430203,"HOLDER_PROFIT":-211562176,"HOLDER_PROFIT_YOY":24.7731653357,"GROSS_PROFIT_RATIO":58.512960978127,"EPS_TTM":-0.148794811209,"OPERATE_INCOME_QOQ":-68.243711699536,"NET_PROFIT_RATIO":-342.3974170669,"ROE_AVG":-87.774315938013,"GROSS_PROFIT_QOQ":-70.917825068479,"ROA":-53.741845574232,"HOLDER_PROFIT_QOQ":13.798474809515,"ROE_YEARLY":-87.774315938013,"ROIC_YEARLY":-77.986974041513,"TOTAL_ASSETS":279581590.4,"TOTAL_LIABILITIES":114124696,"TAX_EBT":1.971990365849,"OCF_SALES":-26.0106122557,"TOTAL_PARENT_EQUITY":165456894.4,"DEBT_ASSET_RATIO":40.8198178702,"OPERATE_PROFIT":-148966720,"PRETAX_PROFIT":-157509004.8,"NETCASH_OPERATE":-16071563.2,"NETCASH_INVEST":23097200,"NETCASH_FINANCE":-10708107.2,"END_CASH":116423787.2,"DIVI_RATIO":null,"DIVIDEND_RATE":null,"CURRENT_RATIO":2.158323340959,"COMMON_ACS":10000000000,"CURRENTDEBT_DEBT":97.386538668195,"ISSUED_COMMON_SHARES":1421838398,"HK_COMMON_SHARES":1421838398,"PER_SHARES":2000,"TOTAL_MARKET_CAP":56873535.92,"HKSK_MARKET_CAP":56873535.92,"PE_TTM":-4.964952939328,"PB_TTM":1.159052271699,"REPORT_DATE_SQ":"2020-12-31 00:00:00","REPORT_TYPE_SQ":"2020年年报","OPERATE_INCOME_SQ":66470202.28,"DPS_HKD":null,"OPERATE_INCOME_QOQ_SQ":-46.77560215985,"NET_PROFIT_RATIO_SQ":-115.3381618214,"HOLDER_PROFIT_SQ":-289501435.72,"HOLDER_PROFIT_QOQ_SQ":-211.230345563581,"ROE_AVG_SQ":-62.028024802338,"PE_TTM_SQ":-0.500084706471,"PB_TTM_SQ":0.963177819014,"ROA_SQ":-40.062381091867,"START_DATE":"2021-01-01 00:00:00","FISCAL_YEAR":"12-31","CURRENCY":"HKD","IS_CNY_CODE":0,"DPS_HKD_LY":null,"ORG_TYPE":"一般企业","PREMIUM_INCOME":null,"PREMIUM_INCOME_YOY":null,"NET_INTEREST_INCOME":null,"NET_INTEREST_INCOME_YOY":null,"FEE_COMMISSION_INCOME":null,"FEE_COMMISSION_INCOME_YOY":null,"ACCOUNTS_RECE_TDAYS":1.23896257193,"INVENTORY_TDAYS":null,"CURRENT_ASSETS_TDAYS":0.23092965588,"TOTAL_ASSETS_TDAYS":0.156957508718,"PREMIUM_EXPENSE":null,"LOAN_DEPOSIT":null,"LOAN_EQUITY":null,"LOAN_ASSETS":null,"DEPOSIT_EQUITY":null,"DEPOSIT_ASSETS":null,"EQUITY_MULTIPLIER":1.689754853756,"EQUITY_RATIO":0.689754853757},{"SECUCODE":"00888.HK","SECURITY_CODE":"00888","SECURITY_NAME_ABBR":"贝森金融","ORG_CODE":"10009143","STD_REPORT_DATE":"2021-06-30 00:00:00","REPORT_DATE":"2021-06-30 00:00:00","DATE_TYPE_CODE":"002","REPORT_TYPE":"2021年中报","PER_NETCASH_OPERATE":-0.006121925595,"PER_OI":0.026819195693,"BPS":0.238525694226,"BASIC_EPS":-0.05075688,"DILUTED_EPS":-0.05075688,"OPERATE_INCOME":38132562.24,"OPERATE_INCOME_YOY":-31.9136902932,"GROSS_PROFIT":23041127.28,"GROSS_PROFIT_YOY":-79.723017937493,"HOLDER_PROFIT":-43987077.12,"HOLDER_PROFIT_YOY":45.1652386781,"GROSS_PROFIT_RATIO":69.765069161039,"EPS_TTM":-0.172612736121,"OPERATE_INCOME_QOQ":-22.482436595007,"NET_PROFIT_RATIO":-47.7301455452,"ROE_AVG":-13.30211456416,"GROSS_PROFIT_QOQ":-28.411379662585,"ROA":-8.709742525156,"HOLDER_PROFIT_QOQ":15.224110861622,"ROE_YEARLY":-26.60422912832,"ROIC_YEARLY":-24.062587124122,"TOTAL_ASSETS":493327750.8,"TOTAL_LIABILITIES":154182759.84,"TAX_EBT":2.160966479496,"OCF_SALES":-9.445086496443,"TOTAL_PARENT_EQUITY":339144990.96,"DEBT_ASSET_RATIO":31.253615794,"OPERATE_PROFIT":-24523893.84,"PRETAX_PROFIT":-29340804.96,"NETCASH_OPERATE":7048549.68,"NETCASH_INVEST":21951934.56,"NETCASH_FINANCE":-2997152.16,"END_CASH":148236716.16,"DIVI_RATIO":null,"DIVIDEND_RATE":null,"CURRENT_RATIO":2.032267328907,"COMMON_ACS":10000000000,"CURRENTDEBT_DEBT":95.83427775799,"ISSUED_COMMON_SHARES":1421838398,"HK_COMMON_SHARES":1421838398,"PER_SHARES":2000,"TOTAL_MARKET_CAP":56873535.92,"HKSK_MARKET_CAP":56873535.92,"PE_TTM":-4.964952939328,"PB_TTM":1.159052271699,"REPORT_DATE_SQ":"2020-06-30 00:00:00","REPORT_TYPE_SQ":"2020年中报","OPERATE_INCOME_SQ":148589284.8,"DPS_HKD":null,"OPERATE_INCOME_QOQ_SQ":-10.968187893491,"NET_PROFIT_RATIO_SQ":-59.2647691646,"HOLDER_PROFIT_SQ":-88061096.64,"HOLDER_PROFIT_QOQ_SQ":-600.051317059039,"ROE_AVG_SQ":-14.202635721383,"PE_TTM_SQ":-0.500084706471,"PB_TTM_SQ":0.963177819014,"ROA_SQ":-9.498989070931,"START_DATE":"2021-01-01 00:00:00","FISCAL_YEAR":"12-31","CURRENCY":"HKD","IS_CNY_CODE":0,"DPS_HKD_LY":null,"ORG_TYPE":"一般企业","PREMIUM_INCOME":null,"PREMIUM_INCOME_YOY":null,"NET_INTEREST_INCOME":null,"NET_INTEREST_INCOME_YOY":null,"FEE_COMMISSION_INCOME":null,"FEE_COMMISSION_INCOME_YOY":null,"ACCOUNTS_RECE_TDAYS":0.642947332978,"INVENTORY_TDAYS":null,"CURRENT_ASSETS_TDAYS":0.306802049299,"TOTAL_ASSETS_TDAYS":0.182478859548,"PREMIUM_EXPENSE":null,"LOAN_DEPOSIT":null,"LOAN_EQUITY":null,"LOAN_ASSETS":null,"DEPOSIT_EQUITY":null,"DEPOSIT_ASSETS":null,"EQUITY_MULTIPLIER":1.454621958012,"EQUITY_RATIO":0.454621958011},{"SECUCODE":"00888.HK","SECURITY_CODE":"00888","SECURITY_NAME_ABBR":"贝森金融","ORG_CODE":"10009143","STD_REPORT_DATE":"2020-12-31 00:00:00","REPORT_DATE":"2020-12-31 00:00:00","DATE_TYPE_CODE":"001","REPORT_TYPE":"2020年年报","PER_NETCASH_OPERATE":0.079871124561,"PER_OI":0.056099373055,"BPS":0.229218471113,"BASIC_EPS":-0.253922788,"DILUTED_EPS":-0.253922788,"OPERATE_INCOME":66470202.28,"OPERATE_INCOME_YOY":-41.9386114172,"GROSS_PROFIT":42984238.08,"GROSS_PROFIT_YOY":-88.259078863129,"HOLDER_PROFIT":-289501435.72,"HOLDER_PROFIT_YOY":-1756.423962246,"GROSS_PROFIT_RATIO":69.184857324884,"EPS_TTM":-0.244332775972,"OPERATE_INCOME_QOQ":-46.77560215985,"NET_PROFIT_RATIO":-115.3381618214,"ROE_AVG":-62.028024802338,"GROSS_PROFIT_QOQ":-55.49429871355,"ROA":-40.062381091867,"HOLDER_PROFIT_QOQ":-211.230345563581,"ROE_YEARLY":-62.028024802338,"ROIC_YEARLY":-46.341121677896,"TOTAL_ASSETS":522675272.8,"TOTAL_LIABILITIES":196763649.04,"TAX_EBT":1.043163643126,"OCF_SALES":37.703450357107,"TOTAL_PARENT_EQUITY":325911623.76,"DEBT_ASSET_RATIO":37.6454864578,"OPERATE_PROFIT":-183464895.4,"PRETAX_PROFIT":-199121924.32,"NETCASH_OPERATE":94636526.52,"NETCASH_INVEST":20291098.76,"NETCASH_FINANCE":-68766196.2,"END_CASH":123637757.64,"DIVI_RATIO":null,"DIVIDEND_RATE":null,"CURRENT_RATIO":1.652291882098,"COMMON_ACS":10000000000,"CURRENTDEBT_DEBT":93.48463979879,"ISSUED_COMMON_SHARES":1421838398,"HK_COMMON_SHARES":1421838398,"PER_SHARES":2000,"TOTAL_MARKET_CAP":56873535.92,"HKSK_MARKET_CAP":56873535.92,"PE_TTM":-4.964952939328,"PB_TTM":1.159052271699,"REPORT_DATE_SQ":"2019-12-31 00:00:00","REPORT_TYPE_SQ":"2019年年报","OPERATE_INCOME_SQ":460113813.88,"DPS_HKD":null,"OPERATE_INCOME_QOQ_SQ":24.213029262161,"NET_PROFIT_RATIO_SQ":3.5118219162,"HOLDER_PROFIT_SQ":18601767.48,"HOLDER_PROFIT_QOQ_SQ":-67.074074584227,"ROE_AVG_SQ":2.876278871345,"PE_TTM_SQ":-0.500084706471,"PB_TTM_SQ":0.963177819014,"ROA_SQ":2.027444605539,"START_DATE":"2020-01-01 00:00:00","FISCAL_YEAR":"12-31","CURRENCY":"HKD","IS_CNY_CODE":0,"DPS_HKD_LY":null,"ORG_TYPE":"一般企业","PREMIUM_INCOME":null,"PREMIUM_INCOME_YOY":null,"NET_INTEREST_INCOME":null,"NET_INTEREST_INCOME_YOY":null,"FEE_COMMISSION_INCOME":null,"FEE_COMMISSION_INCOME_YOY":null,"ACCOUNTS_RECE_TDAYS":0.711238590977,"INVENTORY_TDAYS":null,"CURRENT_ASSETS_TDAYS":0.633611156553,"TOTAL_ASSETS_TDAYS":0.347347143905,"PREMIUM_EXPENSE":null,"LOAN_DEPOSIT":null,"LOAN_EQUITY":null,"LOAN_ASSETS":null,"DEPOSIT_EQUITY":null,"DEPOSIT_ASSETS":null,"EQUITY_MULTIPLIER":1.603733143268,"EQUITY_RATIO":0.603733143267},{"SECUCODE":"00888.HK","SECURITY_CODE":"00888","SECURITY_NAME_ABBR":"贝森金融","ORG_CODE":"10009143","STD_REPORT_DATE":"2020-06-30 00:00:00","REPORT_DATE":"2020-06-30 00:00:00","DATE_TYPE_CODE":"002","REPORT_TYPE":"2020年中报","PER_NETCASH_OPERATE":0.023375157912,"PER_OI":0.12540605315,"BPS":0.408411906288,"BASIC_EPS":-0.074810736,"DILUTED_EPS":-0.074810736,"OPERATE_INCOME":148589284.8,"OPERATE_INCOME_YOY":-30.7675283663,"GROSS_PROFIT":113631936,"GROSS_PROFIT_YOY":-28.590400374968,"HOLDER_PROFIT":-88061096.64,"HOLDER_PROFIT_YOY":-459.9656485699,"GROSS_PROFIT_RATIO":76.473842749124,"EPS_TTM":-0.078505447639,"OPERATE_INCOME_QOQ":-10.968187893491,"NET_PROFIT_RATIO":-59.2647691646,"ROE_AVG":-14.202635721383,"GROSS_PROFIT_QOQ":-10.442250763703,"ROA":-9.498989070931,"HOLDER_PROFIT_QOQ":-600.051317059039,"ROE_YEARLY":-28.405271442767,"ROIC_YEARLY":-21.495769398641,"TOTAL_ASSETS":852832342.56,"TOTAL_LIABILITIES":272136612,"TAX_EBT":0.475910268719,"OCF_SALES":18.639577057847,"TOTAL_PARENT_EQUITY":580695730.56,"DEBT_ASSET_RATIO":31.9097433832,"OPERATE_PROFIT":-79240006.56,"PRETAX_PROFIT":-88482192.48,"NETCASH_OPERATE":27696414.24,"NETCASH_INVEST":32423466.24,"NETCASH_FINANCE":-7091948.16,"END_CASH":137113738.08,"DIVI_RATIO":null,"DIVIDEND_RATE":null,"CURRENT_RATIO":1.728557555517,"COMMON_ACS":10000000000,"CURRENTDEBT_DEBT":93.668205085172,"ISSUED_COMMON_SHARES":1421838398,"HK_COMMON_SHARES":1421838398,"PER_SHARES":2000,"TOTAL_MARKET_CAP":56873535.92,"HKSK_MARKET_CAP":56873535.92,"PE_TTM":-4.964952939328,"PB_TTM":1.159052271699,"REPORT_DATE_SQ":"2019-06-30 00:00:00","REPORT_TYPE_SQ":"2019年中报","OPERATE_INCOME_SQ":206686672.92,"DPS_HKD":null,"OPERATE_INCOME_QOQ_SQ":17.555402081158,"NET_PROFIT_RATIO_SQ":11.5373017309,"HOLDER_PROFIT_SQ":23559054.12,"HOLDER_PROFIT_QOQ_SQ":296.618133853376,"ROE_AVG_SQ":3.665907213482,"PE_TTM_SQ":-0.500084706471,"PB_TTM_SQ":0.963177819014,"ROA_SQ":2.763981549376,"START_DATE":"2020-01-01 00:00:00","FISCAL_YEAR":"12-31","CURRENCY":"HKD","IS_CNY_CODE":0,"DPS_HKD_LY":null,"ORG_TYPE":"一般企业","PREMIUM_INCOME":null,"PREMIUM_INCOME_YOY":null,"NET_INTEREST_INCOME":null,"NET_INTEREST_INCOME_YOY":null,"FEE_COMMISSION_INCOME":null,"FEE_COMMISSION_INCOME_YOY":null,"ACCOUNTS_RECE_TDAYS":1.5059736244,"INVENTORY_TDAYS":null,"CURRENT_ASSETS_TDAYS":0.306166621495,"TOTAL_ASSETS_TDAYS":0.160280537743,"PREMIUM_EXPENSE":null,"LOAN_DEPOSIT":null,"LOAN_EQUITY":null,"LOAN_ASSETS":null,"DEPOSIT_EQUITY":null,"DEPOSIT_ASSETS":null,"EQUITY_MULTIPLIER":1.468638906192,"EQUITY_RATIO":0.468638906192}],"count":46},"success":true,"message":"ok","code":0}