{"version":"fdcebfc1543d0c85db91e84a86325a86","result":{"pages":4,"data":[{"SECUCODE":"00881.HK","SECURITY_CODE":"00881","SECURITY_NAME_ABBR":"中升控股","ORG_CODE":"10151996","STD_REPORT_DATE":"2024-06-30 00:00:00","REPORT_DATE":"2024-06-30 00:00:00","DATE_TYPE_CODE":"002","REPORT_TYPE":"2024年中报","PER_NETCASH_OPERATE":1.229347421615,"PER_OI":34.633967533987,"BPS":19.217572006016,"BASIC_EPS":0.662,"DILUTED_EPS":0.662,"OPERATE_INCOME":82421409000,"OPERATE_INCOME_YOY":0.6345533809,"GROSS_PROFIT":4926225000,"GROSS_PROFIT_YOY":-29.320526671459,"HOLDER_PROFIT":1579552000,"HOLDER_PROFIT_YOY":-47.500637317,"GROSS_PROFIT_RATIO":5.976875498452,"EPS_TTM":1.508086424851,"OPERATE_INCOME_QOQ":0.289871008099,"NET_PROFIT_RATIO":1.8199482613,"ROE_AVG":3.460697904592,"GROSS_PROFIT_QOQ":-14.846973915166,"ROA":1.502671901945,"HOLDER_PROFIT_QOQ":-28.480132927414,"ROE_YEARLY":6.921395809184,"ROIC_YEARLY":3.73829435563,"TOTAL_ASSETS":106963992000,"TOTAL_LIABILITIES":61310326000,"TAX_EBT":23.641336578348,"OCF_SALES":3.549542570911,"TOTAL_PARENT_EQUITY":45487875000,"DEBT_ASSET_RATIO":57.3186591615,"OPERATE_PROFIT":2755760000,"PRETAX_PROFIT":1964449000,"NETCASH_OPERATE":2925583000,"NETCASH_INVEST":-433293000,"NETCASH_FINANCE":-942448000,"END_CASH":17146435000,"DIVI_RATIO":0.478923043201,"DIVIDEND_RATE":6.355661881978,"CURRENT_RATIO":1.510861620227,"COMMON_ACS":1000000000000,"CURRENTDEBT_DEBT":66.735670268659,"ISSUED_COMMON_SHARES":2366993863,"HK_COMMON_SHARES":2366993863,"PER_SHARES":500,"TOTAL_MARKET_CAP":29682103042.02,"HKSK_MARKET_CAP":29682103042.02,"PE_TTM":7.411750742326,"PB_TTM":0.595549073339,"REPORT_DATE_SQ":"2023-06-30 00:00:00","REPORT_TYPE_SQ":"2023年中报","OPERATE_INCOME_SQ":81901699000,"DPS_HKD":0.797,"OPERATE_INCOME_QOQ_SQ":-2.294929662221,"NET_PROFIT_RATIO_SQ":3.6815878508,"HOLDER_PROFIT_SQ":3008707000,"HOLDER_PROFIT_QOQ_SQ":-6.598160795074,"ROE_AVG_SQ":6.884171144073,"PE_TTM_SQ":4.732199029235,"PB_TTM_SQ":0.66921421694,"ROA_SQ":3.156312606067,"START_DATE":"2024-01-01 00:00:00","FISCAL_YEAR":"12-31","CURRENCY":"HKD","IS_CNY_CODE":0,"DPS_HKD_LY":0.797,"ORG_TYPE":"一般企业","PREMIUM_INCOME":null,"PREMIUM_INCOME_YOY":null,"NET_INTEREST_INCOME":null,"NET_INTEREST_INCOME_YOY":null,"FEE_COMMISSION_INCOME":null,"FEE_COMMISSION_INCOME_YOY":null,"ACCOUNTS_RECE_TDAYS":20.377463434859,"INVENTORY_TDAYS":4.464057538423,"CURRENT_ASSETS_TDAYS":1.380398252826,"TOTAL_ASSETS_TDAYS":0.784097867136,"PREMIUM_EXPENSE":null,"LOAN_DEPOSIT":null,"LOAN_EQUITY":null,"LOAN_ASSETS":null,"DEPOSIT_EQUITY":null,"DEPOSIT_ASSETS":null,"EQUITY_MULTIPLIER":2.342944200802,"EQUITY_RATIO":1.347838869149},{"SECUCODE":"00881.HK","SECURITY_CODE":"00881","SECURITY_NAME_ABBR":"中升控股","ORG_CODE":"10151996","STD_REPORT_DATE":"2023-12-31 00:00:00","REPORT_DATE":"2023-12-31 00:00:00","DATE_TYPE_CODE":"001","REPORT_TYPE":"2023年年报","PER_NETCASH_OPERATE":2.693572207966,"PER_OI":75.152982610936,"BPS":19.348295200882,"BASIC_EPS":2.09,"DILUTED_EPS":2.08,"OPERATE_INCOME":179290093000,"OPERATE_INCOME_YOY":-0.3151832224,"GROSS_PROFIT":13764320000,"GROSS_PROFIT_YOY":-14.142541649786,"HOLDER_PROFIT":5018077000,"HOLDER_PROFIT_YOY":-24.9702793865,"GROSS_PROFIT_RATIO":7.677122460972,"EPS_TTM":2.103426057799,"OPERATE_INCOME_QOQ":2.02624739229,"NET_PROFIT_RATIO":2.7836925713,"ROE_AVG":11.206229978704,"GROSS_PROFIT_QOQ":-5.298782824554,"ROA":5.148615274852,"HOLDER_PROFIT_QOQ":-19.422222200812,"ROE_YEARLY":11.206229978704,"ROIC_YEARLY":6.228350515067,"TOTAL_ASSETS":103268461000,"TOTAL_LIABILITIES":57221885000,"TAX_EBT":26.937154257359,"OCF_SALES":3.584118839182,"TOTAL_PARENT_EQUITY":45797296000,"DEBT_ASSET_RATIO":55.4108044662,"OPERATE_PROFIT":8339660000,"PRETAX_PROFIT":6830948000,"NETCASH_OPERATE":6425970000,"NETCASH_INVEST":-497015000,"NETCASH_FINANCE":-2001298000,"END_CASH":15611984000,"DIVI_RATIO":0.343371870536,"DIVIDEND_RATE":4.789663461538,"CURRENT_RATIO":1.717845909387,"COMMON_ACS":1000000000000,"CURRENTDEBT_DEBT":58.595733083592,"ISSUED_COMMON_SHARES":2366993863,"HK_COMMON_SHARES":2366993863,"PER_SHARES":500,"TOTAL_MARKET_CAP":39386777880.32,"HKSK_MARKET_CAP":39386777880.32,"PE_TTM":9.835050426819,"PB_TTM":0.790266074988,"REPORT_DATE_SQ":"2022-12-31 00:00:00","REPORT_TYPE_SQ":"2022年年报","OPERATE_INCOME_SQ":179856972000,"DPS_HKD":0.797,"OPERATE_INCOME_QOQ_SQ":3.502248535871,"NET_PROFIT_RATIO_SQ":3.6776077827,"HOLDER_PROFIT_SQ":6688119000,"HOLDER_PROFIT_QOQ_SQ":-17.262688888933,"ROE_AVG_SQ":15.864268649864,"PE_TTM_SQ":5.985781549791,"PB_TTM_SQ":0.846492315279,"ROA_SQ":7.528227855329,"START_DATE":"2023-01-01 00:00:00","FISCAL_YEAR":"12-31","CURRENCY":"HKD","IS_CNY_CODE":0,"DPS_HKD_LY":1.09,"ORG_TYPE":"一般企业","PREMIUM_INCOME":null,"PREMIUM_INCOME_YOY":null,"NET_INTEREST_INCOME":null,"NET_INTEREST_INCOME_YOY":null,"FEE_COMMISSION_INCOME":null,"FEE_COMMISSION_INCOME_YOY":null,"ACCOUNTS_RECE_TDAYS":60.726702376483,"INVENTORY_TDAYS":10.475146900553,"CURRENT_ASSETS_TDAYS":3.433640592203,"TOTAL_ASSETS_TDAYS":1.839540747281,"PREMIUM_EXPENSE":null,"LOAN_DEPOSIT":null,"LOAN_EQUITY":null,"LOAN_ASSETS":null,"DEPOSIT_EQUITY":null,"DEPOSIT_ASSETS":null,"EQUITY_MULTIPLIER":2.24269576526,"EQUITY_RATIO":1.249459902611},{"SECUCODE":"00881.HK","SECURITY_CODE":"00881","SECURITY_NAME_ABBR":"中升控股","ORG_CODE":"10151996","STD_REPORT_DATE":"2023-06-30 00:00:00","REPORT_DATE":"2023-06-30 00:00:00","DATE_TYPE_CODE":"002","REPORT_TYPE":"2023年中报","PER_NETCASH_OPERATE":1.448340783324,"PER_OI":34.21479664653,"BPS":18.440273412741,"BASIC_EPS":1.253,"DILUTED_EPS":1.245,"OPERATE_INCOME":81901699000,"OPERATE_INCOME_YOY":-4.7978903464,"GROSS_PROFIT":6969810000,"GROSS_PROFIT_YOY":-17.682018345482,"HOLDER_PROFIT":3008707000,"HOLDER_PROFIT_YOY":-12.756785785,"GROSS_PROFIT_RATIO":8.50996998243,"EPS_TTM":2.601615354488,"OPERATE_INCOME_QOQ":-2.294929662221,"NET_PROFIT_RATIO":3.6815878508,"ROE_AVG":6.884171144073,"GROSS_PROFIT_QOQ":-9.338590452166,"ROA":3.156312606067,"HOLDER_PROFIT_QOQ":-6.598160795074,"ROE_YEARLY":13.768342288146,"ROIC_YEARLY":7.624948976736,"TOTAL_ASSETS":98986231000,"TOTAL_LIABILITIES":55029068000,"TAX_EBT":25.505949947167,"OCF_SALES":4.233083125663,"TOTAL_PARENT_EQUITY":43648014000,"DEBT_ASSET_RATIO":55.5926490423,"OPERATE_PROFIT":4767631000,"PRETAX_PROFIT":4047683000,"NETCASH_OPERATE":3466967000,"NETCASH_INVEST":-513336000,"NETCASH_FINANCE":1689296000,"END_CASH":16352611000,"DIVI_RATIO":0.277618802777,"DIVIDEND_RATE":4.789663461538,"CURRENT_RATIO":1.511918898202,"COMMON_ACS":1000000000000,"CURRENTDEBT_DEBT":64.859608380066,"ISSUED_COMMON_SHARES":2366993863,"HK_COMMON_SHARES":2366993863,"PER_SHARES":500,"TOTAL_MARKET_CAP":39386777880.32,"HKSK_MARKET_CAP":39386777880.32,"PE_TTM":9.835050426819,"PB_TTM":0.790266074988,"REPORT_DATE_SQ":"2022-06-30 00:00:00","REPORT_TYPE_SQ":"2022年中报","OPERATE_INCOME_SQ":86029290000,"DPS_HKD":0.797,"OPERATE_INCOME_QOQ_SQ":-0.760686297993,"NET_PROFIT_RATIO_SQ":3.9939571744,"HOLDER_PROFIT_SQ":3448643000,"HOLDER_PROFIT_QOQ_SQ":-3.244658690471,"ROE_AVG_SQ":8.384943807911,"PE_TTM_SQ":5.985781549791,"PB_TTM_SQ":0.846492315279,"ROA_SQ":3.961985136547,"START_DATE":"2023-01-01 00:00:00","FISCAL_YEAR":"12-31","CURRENCY":"HKD","IS_CNY_CODE":0,"DPS_HKD_LY":1.09,"ORG_TYPE":"一般企业","PREMIUM_INCOME":null,"PREMIUM_INCOME_YOY":null,"NET_INTEREST_INCOME":null,"NET_INTEREST_INCOME_YOY":null,"FEE_COMMISSION_INCOME":null,"FEE_COMMISSION_INCOME_YOY":null,"ACCOUNTS_RECE_TDAYS":37.746449591446,"INVENTORY_TDAYS":4.885020036357,"CURRENT_ASSETS_TDAYS":1.625103196377,"TOTAL_ASSETS_TDAYS":0.859197539049,"PREMIUM_EXPENSE":null,"LOAN_DEPOSIT":null,"LOAN_EQUITY":null,"LOAN_ASSETS":null,"DEPOSIT_EQUITY":null,"DEPOSIT_ASSETS":null,"EQUITY_MULTIPLIER":2.251879426342,"EQUITY_RATIO":1.260746204856},{"SECUCODE":"00881.HK","SECURITY_CODE":"00881","SECURITY_NAME_ABBR":"中升控股","ORG_CODE":"10151996","STD_REPORT_DATE":"2022-12-31 00:00:00","REPORT_DATE":"2022-12-31 00:00:00","DATE_TYPE_CODE":"001","REPORT_TYPE":"2022年年报","PER_NETCASH_OPERATE":3.655325372095,"PER_OI":74.837601117445,"BPS":18.510282043769,"BASIC_EPS":2.77,"DILUTED_EPS":2.72,"OPERATE_INCOME":179856972000,"OPERATE_INCOME_YOY":2.7149211131,"GROSS_PROFIT":16031595000,"GROSS_PROFIT_YOY":-13.19988489165,"HOLDER_PROFIT":6688119000,"HOLDER_PROFIT_YOY":-19.9472322442,"GROSS_PROFIT_RATIO":8.913524353118,"EPS_TTM":2.774336829815,"OPERATE_INCOME_QOQ":3.502248535871,"NET_PROFIT_RATIO":3.6776077827,"ROE_AVG":15.864268649864,"GROSS_PROFIT_QOQ":-13.218965902507,"ROA":7.528227855329,"HOLDER_PROFIT_QOQ":-17.262688888933,"ROE_YEARLY":15.864268649864,"ROIC_YEARLY":8.799359330102,"TOTAL_ASSETS":91829419000,"TOTAL_LIABILITIES":47764994000,"TAX_EBT":25.869849647589,"OCF_SALES":4.884343321425,"TOTAL_PARENT_EQUITY":43761405000,"DEBT_ASSET_RATIO":51.8686345149,"OPERATE_PROFIT":10168839000,"PRETAX_PROFIT":8950771000,"NETCASH_OPERATE":8784832000,"NETCASH_INVEST":-3599774000,"NETCASH_FINANCE":-4526821000,"END_CASH":11679029000,"DIVI_RATIO":0.260335130269,"DIVIDEND_RATE":4.789663461538,"CURRENT_RATIO":1.620978956789,"COMMON_ACS":1000000000000,"CURRENTDEBT_DEBT":60.487171839695,"ISSUED_COMMON_SHARES":2366993863,"HK_COMMON_SHARES":2366993863,"PER_SHARES":500,"TOTAL_MARKET_CAP":39386777880.32,"HKSK_MARKET_CAP":39386777880.32,"PE_TTM":9.835050426819,"PB_TTM":0.790266074988,"REPORT_DATE_SQ":"2021-12-31 00:00:00","REPORT_TYPE_SQ":"2021年年报","OPERATE_INCOME_SQ":175103062000,"DPS_HKD":0.797,"OPERATE_INCOME_QOQ_SQ":-1.353844944961,"NET_PROFIT_RATIO_SQ":4.8013609265,"HOLDER_PROFIT_SQ":8328950000,"HOLDER_PROFIT_QOQ_SQ":19.948028449556,"ROE_AVG_SQ":24.97185777061,"PE_TTM_SQ":5.985781549791,"PB_TTM_SQ":0.846492315279,"ROA_SQ":10.818569314788,"START_DATE":"2022-01-01 00:00:00","FISCAL_YEAR":"12-31","CURRENCY":"HKD","IS_CNY_CODE":0,"DPS_HKD_LY":0.84,"ORG_TYPE":"一般企业","PREMIUM_INCOME":null,"PREMIUM_INCOME_YOY":null,"NET_INTEREST_INCOME":null,"NET_INTEREST_INCOME_YOY":null,"FEE_COMMISSION_INCOME":null,"FEE_COMMISSION_INCOME_YOY":null,"ACCOUNTS_RECE_TDAYS":99.602420934471,"INVENTORY_TDAYS":12.397187258165,"CURRENT_ASSETS_TDAYS":4.126117337824,"TOTAL_ASSETS_TDAYS":2.030735804332,"PREMIUM_EXPENSE":null,"LOAN_DEPOSIT":null,"LOAN_EQUITY":null,"LOAN_ASSETS":null,"DEPOSIT_EQUITY":null,"DEPOSIT_ASSETS":null,"EQUITY_MULTIPLIER":2.077647267891,"EQUITY_RATIO":1.091486756424},{"SECUCODE":"00881.HK","SECURITY_CODE":"00881","SECURITY_NAME_ABBR":"中升控股","ORG_CODE":"10151996","STD_REPORT_DATE":"2022-06-30 00:00:00","REPORT_DATE":"2022-06-30 00:00:00","DATE_TYPE_CODE":"002","REPORT_TYPE":"2022年中报","PER_NETCASH_OPERATE":1.513530732368,"PER_OI":35.6441796233,"BPS":17.516326783987,"BASIC_EPS":1.428,"DILUTED_EPS":1.397,"OPERATE_INCOME":86029290000,"OPERATE_INCOME_YOY":-1.5246858519,"GROSS_PROFIT":8466935000,"GROSS_PROFIT_YOY":0.047986062418,"HOLDER_PROFIT":3448643000,"HOLDER_PROFIT_YOY":-7.3124481492,"GROSS_PROFIT_RATIO":9.841921280531,"EPS_TTM":3.338931344278,"OPERATE_INCOME_QOQ":-0.760686297993,"NET_PROFIT_RATIO":3.9939571744,"ROE_AVG":8.384943807911,"GROSS_PROFIT_QOQ":0.021987535704,"ROA":3.961985136547,"HOLDER_PROFIT_QOQ":-3.244658690471,"ROE_YEARLY":16.769887615823,"ROIC_YEARLY":9.192706189211,"TOTAL_ASSETS":87441890000,"TOTAL_LIABILITIES":45509611000,"TAX_EBT":26.21471264564,"OCF_SALES":4.246221257899,"TOTAL_PARENT_EQUITY":41461038000,"DEBT_ASSET_RATIO":52.0455481921,"OPERATE_PROFIT":5248069000,"PRETAX_PROFIT":4687940000,"NETCASH_OPERATE":3652994000,"NETCASH_INVEST":-835228000,"NETCASH_FINANCE":-2418325000,"END_CASH":11422508000,"DIVI_RATIO":0.216313923686,"DIVIDEND_RATE":4.789663461538,"CURRENT_RATIO":1.496327109245,"COMMON_ACS":1000000000000,"CURRENTDEBT_DEBT":62.712445509587,"ISSUED_COMMON_SHARES":2366993863,"HK_COMMON_SHARES":2366993863,"PER_SHARES":500,"TOTAL_MARKET_CAP":39386777880.32,"HKSK_MARKET_CAP":39386777880.32,"PE_TTM":9.835050426819,"PB_TTM":0.790266074988,"REPORT_DATE_SQ":"2021-06-30 00:00:00","REPORT_TYPE_SQ":"2021年中报","OPERATE_INCOME_SQ":87361275000,"DPS_HKD":0.797,"OPERATE_INCOME_QOQ_SQ":19.655230155442,"NET_PROFIT_RATIO_SQ":4.2721171366,"HOLDER_PROFIT_SQ":3695698000,"HOLDER_PROFIT_QOQ_SQ":25.343879805025,"ROE_AVG_SQ":13.014971081055,"PE_TTM_SQ":5.985781549791,"PB_TTM_SQ":0.846492315279,"ROA_SQ":5.339917882228,"START_DATE":"2022-01-01 00:00:00","FISCAL_YEAR":"12-31","CURRENCY":"HKD","IS_CNY_CODE":0,"DPS_HKD_LY":0.84,"ORG_TYPE":"一般企业","PREMIUM_INCOME":null,"PREMIUM_INCOME_YOY":null,"NET_INTEREST_INCOME":null,"NET_INTEREST_INCOME_YOY":null,"FEE_COMMISSION_INCOME":null,"FEE_COMMISSION_INCOME_YOY":null,"ACCOUNTS_RECE_TDAYS":48.357631327774,"INVENTORY_TDAYS":6.066927931919,"CURRENT_ASSETS_TDAYS":2.071687081209,"TOTAL_ASSETS_TDAYS":0.995041729639,"PREMIUM_EXPENSE":null,"LOAN_DEPOSIT":null,"LOAN_EQUITY":null,"LOAN_ASSETS":null,"DEPOSIT_EQUITY":null,"DEPOSIT_ASSETS":null,"EQUITY_MULTIPLIER":2.085312129113,"EQUITY_RATIO":1.097647651754},{"SECUCODE":"00881.HK","SECURITY_CODE":"00881","SECURITY_NAME_ABBR":"中升控股","ORG_CODE":"10151996","STD_REPORT_DATE":"2021-12-31 00:00:00","REPORT_DATE":"2021-12-31 00:00:00","DATE_TYPE_CODE":"001","REPORT_TYPE":"2021年年报","PER_NETCASH_OPERATE":4.501901879413,"PER_OI":72.505217068039,"BPS":17.002068162946,"BASIC_EPS":3.56,"DILUTED_EPS":3.47,"OPERATE_INCOME":175103062000,"OPERATE_INCOME_YOY":18.0352838706,"GROSS_PROFIT":18469555000,"GROSS_PROFIT_YOY":36.99714457545,"HOLDER_PROFIT":8328950000,"HOLDER_PROFIT_YOY":50.3475126083,"GROSS_PROFIT_RATIO":10.547819546411,"EPS_TTM":3.448782224601,"OPERATE_INCOME_QOQ":-1.353844944961,"NET_PROFIT_RATIO":4.8013609265,"ROE_AVG":24.97185777061,"GROSS_PROFIT_QOQ":11.700176922345,"ROA":10.818569314788,"HOLDER_PROFIT_QOQ":19.948028449556,"ROE_YEARLY":24.97185777061,"ROIC_YEARLY":12.476056302268,"TOTAL_ASSETS":85474054000,"TOTAL_LIABILITIES":44767563000,"TAX_EBT":26.915546827067,"OCF_SALES":6.209073031516,"TOTAL_PARENT_EQUITY":40243791000,"DEBT_ASSET_RATIO":52.3756168158,"OPERATE_PROFIT":12617281000,"PRETAX_PROFIT":11503582000,"NETCASH_OPERATE":10872277000,"NETCASH_INVEST":-9416562000,"NETCASH_FINANCE":1300593000,"END_CASH":10950038000,"DIVI_RATIO":0.209423875723,"DIVIDEND_RATE":4.789663461538,"CURRENT_RATIO":1.421623473458,"COMMON_ACS":1000000000000,"CURRENTDEBT_DEBT":63.396099984268,"ISSUED_COMMON_SHARES":2366993863,"HK_COMMON_SHARES":2366993863,"PER_SHARES":500,"TOTAL_MARKET_CAP":39386777880.32,"HKSK_MARKET_CAP":39386777880.32,"PE_TTM":9.835050426819,"PB_TTM":0.790266074988,"REPORT_DATE_SQ":"2020-12-31 00:00:00","REPORT_TYPE_SQ":"2020年年报","OPERATE_INCOME_SQ":148348067000,"DPS_HKD":0.797,"OPERATE_INCOME_QOQ_SQ":18.837139208728,"NET_PROFIT_RATIO_SQ":3.7619829586,"HOLDER_PROFIT_SQ":5539799000,"HOLDER_PROFIT_QOQ_SQ":17.590899577549,"ROE_AVG_SQ":22.976491396889,"PE_TTM_SQ":5.985781549791,"PB_TTM_SQ":0.846492315279,"ROA_SQ":8.423929020318,"START_DATE":"2021-01-01 00:00:00","FISCAL_YEAR":"12-31","CURRENCY":"HKD","IS_CNY_CODE":0,"DPS_HKD_LY":0.58,"ORG_TYPE":"一般企业","PREMIUM_INCOME":null,"PREMIUM_INCOME_YOY":null,"NET_INTEREST_INCOME":null,"NET_INTEREST_INCOME_YOY":null,"FEE_COMMISSION_INCOME":null,"FEE_COMMISSION_INCOME_YOY":null,"ACCOUNTS_RECE_TDAYS":107.931476114338,"INVENTORY_TDAYS":15.445486704118,"CURRENT_ASSETS_TDAYS":4.719906087641,"TOTAL_ASSETS_TDAYS":2.2744338884,"PREMIUM_EXPENSE":null,"LOAN_DEPOSIT":null,"LOAN_EQUITY":null,"LOAN_ASSETS":null,"DEPOSIT_EQUITY":null,"DEPOSIT_ASSETS":null,"EQUITY_MULTIPLIER":2.099764727938,"EQUITY_RATIO":1.112409191271},{"SECUCODE":"00881.HK","SECURITY_CODE":"00881","SECURITY_NAME_ABBR":"中升控股","ORG_CODE":"10151996","STD_REPORT_DATE":"2021-06-30 00:00:00","REPORT_DATE":"2021-06-30 00:00:00","DATE_TYPE_CODE":"002","REPORT_TYPE":"2021年中报","PER_NETCASH_OPERATE":2.764998102209,"PER_OI":37.730783619955,"BPS":12.813125743199,"BASIC_EPS":1.609,"DILUTED_EPS":1.571,"OPERATE_INCOME":87361275000,"OPERATE_INCOME_YOY":50.0972344765,"GROSS_PROFIT":8462874000,"GROSS_PROFIT_YOY":56.440497748096,"HOLDER_PROFIT":3695698000,"HOLDER_PROFIT_YOY":61.2646168911,"GROSS_PROFIT_RATIO":9.687214386466,"EPS_TTM":2.998982988395,"OPERATE_INCOME_QOQ":19.655230155442,"NET_PROFIT_RATIO":4.2721171366,"ROE_AVG":13.014971081055,"GROSS_PROFIT_QOQ":22.647204642023,"ROA":5.339917882228,"HOLDER_PROFIT_QOQ":25.343879805025,"ROE_YEARLY":26.029942162109,"ROIC_YEARLY":12.487138902221,"TOTAL_ASSETS":69916765000,"TOTAL_LIABILITIES":39189458000,"TAX_EBT":26.955897494913,"OCF_SALES":7.328228668824,"TOTAL_PARENT_EQUITY":30328590000,"DEBT_ASSET_RATIO":56.0515893434,"OPERATE_PROFIT":5703086000,"PRETAX_PROFIT":5109483000,"NETCASH_OPERATE":6402034000,"NETCASH_INVEST":-1984405000,"NETCASH_FINANCE":-2135070000,"END_CASH":10481365000,"DIVI_RATIO":0.240834090355,"DIVIDEND_RATE":4.789663461538,"CURRENT_RATIO":1.418261865544,"COMMON_ACS":1000000000000,"CURRENTDEBT_DEBT":61.846910462502,"ISSUED_COMMON_SHARES":2366993863,"HK_COMMON_SHARES":2366993863,"PER_SHARES":500,"TOTAL_MARKET_CAP":39386777880.32,"HKSK_MARKET_CAP":39386777880.32,"PE_TTM":9.835050426819,"PB_TTM":0.790266074988,"REPORT_DATE_SQ":"2020-06-30 00:00:00","REPORT_TYPE_SQ":"2020年中报","OPERATE_INCOME_SQ":58203121000,"DPS_HKD":0.797,"OPERATE_INCOME_QOQ_SQ":0.637333875513,"NET_PROFIT_RATIO_SQ":3.9673680042,"HOLDER_PROFIT_SQ":2291698000,"HOLDER_PROFIT_QOQ_SQ":4.651715040164,"ROE_AVG_SQ":10.420259380885,"PE_TTM_SQ":5.985781549791,"PB_TTM_SQ":0.846492315279,"ROA_SQ":3.585180194103,"START_DATE":"2021-01-01 00:00:00","FISCAL_YEAR":"12-31","CURRENCY":"HKD","IS_CNY_CODE":0,"DPS_HKD_LY":0.58,"ORG_TYPE":"一般企业","PREMIUM_INCOME":null,"PREMIUM_INCOME_YOY":null,"NET_INTEREST_INCOME":null,"NET_INTEREST_INCOME_YOY":null,"FEE_COMMISSION_INCOME":null,"FEE_COMMISSION_INCOME_YOY":null,"ACCOUNTS_RECE_TDAYS":54.39604675526,"INVENTORY_TDAYS":8.880968632774,"CURRENT_ASSETS_TDAYS":2.560944330922,"TOTAL_ASSETS_TDAYS":1.262283970678,"PREMIUM_EXPENSE":null,"LOAN_DEPOSIT":null,"LOAN_EQUITY":null,"LOAN_ASSETS":null,"DEPOSIT_EQUITY":null,"DEPOSIT_ASSETS":null,"EQUITY_MULTIPLIER":2.275395139573,"EQUITY_RATIO":1.292162213937},{"SECUCODE":"00881.HK","SECURITY_CODE":"00881","SECURITY_NAME_ABBR":"中升控股","ORG_CODE":"10151996","STD_REPORT_DATE":"2020-12-31 00:00:00","REPORT_DATE":"2020-12-31 00:00:00","DATE_TYPE_CODE":"001","REPORT_TYPE":"2020年年报","PER_NETCASH_OPERATE":4.086299949778,"PER_OI":65.011901478733,"BPS":11.179961390546,"BASIC_EPS":2.44,"DILUTED_EPS":2.36,"OPERATE_INCOME":148348067000,"OPERATE_INCOME_YOY":19.5945285536,"GROSS_PROFIT":13481708000,"GROSS_PROFIT_YOY":17.358316925852,"HOLDER_PROFIT":5539799000,"HOLDER_PROFIT_YOY":23.0608931391,"GROSS_PROFIT_RATIO":9.087889227434,"EPS_TTM":2.427755710494,"OPERATE_INCOME_QOQ":18.837139208728,"NET_PROFIT_RATIO":3.7619829586,"ROE_AVG":22.976491396889,"GROSS_PROFIT_QOQ":15.238684383709,"ROA":8.423929020318,"HOLDER_PROFIT_QOQ":17.590899577549,"ROE_YEARLY":22.976491396889,"ROIC_YEARLY":9.556936262842,"TOTAL_ASSETS":68501019000,"TOTAL_LIABILITIES":41619272000,"TAX_EBT":27.321684912335,"OCF_SALES":6.285464440868,"TOTAL_PARENT_EQUITY":26462900000,"DEBT_ASSET_RATIO":60.7571574957,"OPERATE_PROFIT":8936671000,"PRETAX_PROFIT":7678809000,"NETCASH_OPERATE":9324365000,"NETCASH_INVEST":-3234130000,"NETCASH_FINANCE":-3963605000,"END_CASH":8210363000,"DIVI_RATIO":0.297500006643,"DIVIDEND_RATE":4.789663461538,"CURRENT_RATIO":1.188826772361,"COMMON_ACS":1000000000000,"CURRENTDEBT_DEBT":68.415617649439,"ISSUED_COMMON_SHARES":2366993863,"HK_COMMON_SHARES":2366993863,"PER_SHARES":500,"TOTAL_MARKET_CAP":39386777880.32,"HKSK_MARKET_CAP":39386777880.32,"PE_TTM":9.835050426819,"PB_TTM":0.790266074988,"REPORT_DATE_SQ":"2019-12-31 00:00:00","REPORT_TYPE_SQ":"2019年年报","OPERATE_INCOME_SQ":124042520000,"DPS_HKD":0.797,"OPERATE_INCOME_QOQ_SQ":7.07837193768,"NET_PROFIT_RATIO_SQ":3.6435215924,"HOLDER_PROFIT_SQ":4501673000,"HOLDER_PROFIT_QOQ_SQ":15.993471736841,"ROE_AVG_SQ":22.509395930334,"PE_TTM_SQ":5.985781549791,"PB_TTM_SQ":0.846492315279,"ROA_SQ":7.490773818782,"START_DATE":"2020-01-01 00:00:00","FISCAL_YEAR":"12-31","CURRENCY":"HKD","IS_CNY_CODE":0,"DPS_HKD_LY":0.45,"ORG_TYPE":"一般企业","PREMIUM_INCOME":null,"PREMIUM_INCOME_YOY":null,"NET_INTEREST_INCOME":null,"NET_INTEREST_INCOME_YOY":null,"FEE_COMMISSION_INCOME":null,"FEE_COMMISSION_INCOME_YOY":null,"ACCOUNTS_RECE_TDAYS":102.581560318017,"INVENTORY_TDAYS":14.257558483389,"CURRENT_ASSETS_TDAYS":4.530230836515,"TOTAL_ASSETS_TDAYS":2.255810340248,"PREMIUM_EXPENSE":null,"LOAN_DEPOSIT":null,"LOAN_EQUITY":null,"LOAN_ASSETS":null,"DEPOSIT_EQUITY":null,"DEPOSIT_ASSETS":null,"EQUITY_MULTIPLIER":2.548235388123,"EQUITY_RATIO":1.572740402601},{"SECUCODE":"00881.HK","SECURITY_CODE":"00881","SECURITY_NAME_ABBR":"中升控股","ORG_CODE":"10151996","STD_REPORT_DATE":"2020-06-30 00:00:00","REPORT_DATE":"2020-06-30 00:00:00","DATE_TYPE_CODE":"002","REPORT_TYPE":"2020年中报","PER_NETCASH_OPERATE":2.088225676991,"PER_OI":25.620976975348,"BPS":9.390340358479,"BASIC_EPS":1.009,"DILUTED_EPS":0.978,"OPERATE_INCOME":58203121000,"OPERATE_INCOME_YOY":1.3769897303,"GROSS_PROFIT":5409644000,"GROSS_PROFIT_YOY":4.064695950463,"HOLDER_PROFIT":2291698000,"HOLDER_PROFIT_YOY":10.0564617948,"GROSS_PROFIT_RATIO":9.294422544798,"EPS_TTM":2.073813549742,"OPERATE_INCOME_QOQ":0.637333875513,"NET_PROFIT_RATIO":3.9673680042,"ROE_AVG":10.420259380885,"GROSS_PROFIT_QOQ":1.839341149614,"ROA":3.585180194103,"HOLDER_PROFIT_QOQ":4.651715040164,"ROE_YEARLY":20.840518761769,"ROIC_YEARLY":8.181216039028,"TOTAL_ASSETS":64818553000,"TOTAL_LIABILITIES":42167915000,"TAX_EBT":27.668855688978,"OCF_SALES":8.150452962823,"TOTAL_PARENT_EQUITY":22226878000,"DEBT_ASSET_RATIO":65.055316801,"OPERATE_PROFIT":3802191000,"PRETAX_PROFIT":3192445000,"NETCASH_OPERATE":4743818000,"NETCASH_INVEST":-1093461000,"NETCASH_FINANCE":-1536453000,"END_CASH":8225908000,"DIVI_RATIO":0.348274964299,"DIVIDEND_RATE":4.789663461538,"CURRENT_RATIO":1.195674490202,"COMMON_ACS":1000000000000,"CURRENTDEBT_DEBT":63.949260948757,"ISSUED_COMMON_SHARES":2366993863,"HK_COMMON_SHARES":2366993863,"PER_SHARES":500,"TOTAL_MARKET_CAP":39386777880.32,"HKSK_MARKET_CAP":39386777880.32,"PE_TTM":9.835050426819,"PB_TTM":0.790266074988,"REPORT_DATE_SQ":"2019-06-30 00:00:00","REPORT_TYPE_SQ":"2019年中报","OPERATE_INCOME_SQ":57412556000,"DPS_HKD":0.797,"OPERATE_INCOME_QOQ_SQ":7.524978615482,"NET_PROFIT_RATIO_SQ":3.6623399941,"HOLDER_PROFIT_SQ":2082293000,"HOLDER_PROFIT_QOQ_SQ":6.718709268676,"ROE_AVG_SQ":11.016109507364,"PE_TTM_SQ":5.985781549791,"PB_TTM_SQ":0.846492315279,"ROA_SQ":3.54773052757,"START_DATE":"2020-01-01 00:00:00","FISCAL_YEAR":"12-31","CURRENCY":"HKD","IS_CNY_CODE":0,"DPS_HKD_LY":0.45,"ORG_TYPE":"一般企业","PREMIUM_INCOME":null,"PREMIUM_INCOME_YOY":null,"NET_INTEREST_INCOME":null,"NET_INTEREST_INCOME_YOY":null,"FEE_COMMISSION_INCOME":null,"FEE_COMMISSION_INCOME_YOY":null,"ACCOUNTS_RECE_TDAYS":39.428133716529,"INVENTORY_TDAYS":5.487943328321,"CURRENT_ASSETS_TDAYS":1.822139083149,"TOTAL_ASSETS_TDAYS":0.910541775767,"PREMIUM_EXPENSE":null,"LOAN_DEPOSIT":null,"LOAN_EQUITY":null,"LOAN_ASSETS":null,"DEPOSIT_EQUITY":null,"DEPOSIT_ASSETS":null,"EQUITY_MULTIPLIER":2.861665662571,"EQUITY_RATIO":1.89715870128}],"count":36},"success":true,"message":"ok","code":0}