{"version":"c681056bd2ddaa8e1c6b234d2293d487","result":{"pages":6,"data":[{"SECUCODE":"00882.HK","SECURITY_CODE":"00882","SECURITY_NAME_ABBR":"天津发展","ORG_CODE":"10009140","STD_REPORT_DATE":"2024-06-30 00:00:00","REPORT_DATE":"2024-06-30 00:00:00","DATE_TYPE_CODE":"002","REPORT_TYPE":"2024年中报","PER_NETCASH_OPERATE":-0.29445724615,"PER_OI":1.548621515537,"BPS":10.640416395712,"BASIC_EPS":0.24505458,"DILUTED_EPS":0.24505458,"OPERATE_INCOME":1661314896.8,"OPERATE_INCOME_YOY":-0.5581605232,"GROSS_PROFIT":537103965.88,"GROSS_PROFIT_YOY":-3.072777729232,"HOLDER_PROFIT":262922116.36,"HOLDER_PROFIT_YOY":-22.4575986046,"GROSS_PROFIT_RATIO":32.330051750849,"EPS_TTM":0.462748244429,"OPERATE_INCOME_QOQ":-0.870916681797,"NET_PROFIT_RATIO":21.1140166789,"ROE_AVG":2.300786846467,"GROSS_PROFIT_QOQ":-1.860088836905,"ROA":1.296848918724,"HOLDER_PROFIT_QOQ":-13.819166877264,"ROE_YEARLY":4.601573692934,"ROIC_YEARLY":5.651928477286,"TOTAL_ASSETS":20201758355.96,"TOTAL_LIABILITIES":4435862096.8,"TAX_EBT":7.789200926115,"OCF_SALES":-19.014151824465,"TOTAL_PARENT_EQUITY":11414720826.88,"DEBT_ASSET_RATIO":21.9578019826,"OPERATE_PROFIT":198625635.72,"PRETAX_PROFIT":380400460.6,"NETCASH_OPERATE":-315884936.76,"NETCASH_INVEST":-270180660.4,"NETCASH_FINANCE":40964729.12,"END_CASH":3511138371.52,"DIVI_RATIO":0.274499548143,"DIVIDEND_RATE":6.99,"CURRENT_RATIO":3.55086392776,"COMMON_ACS":null,"CURRENTDEBT_DEBT":61.127717447215,"ISSUED_COMMON_SHARES":1072770125,"HK_COMMON_SHARES":1072770125,"PER_SHARES":2000,"TOTAL_MARKET_CAP":2145540250,"HKSK_MARKET_CAP":2145540250,"PE_TTM":3.885426438151,"PB_TTM":0.171549677392,"REPORT_DATE_SQ":"2023-06-30 00:00:00","REPORT_TYPE_SQ":"2023年中报","OPERATE_INCOME_SQ":1687663184.46,"DPS_HKD":0.1398,"OPERATE_INCOME_QOQ_SQ":0.248042680465,"NET_PROFIT_RATIO_SQ":26.3490336126,"HOLDER_PROFIT_SQ":342523867.82,"HOLDER_PROFIT_QOQ_SQ":34.227262046391,"ROE_AVG_SQ":3.084873227652,"PE_TTM_SQ":3.449233005063,"PB_TTM_SQ":0.130653652969,"ROA_SQ":1.735972745468,"START_DATE":"2024-01-01 00:00:00","FISCAL_YEAR":"12-31","CURRENCY":"HKD","IS_CNY_CODE":0,"DPS_HKD_LY":0.1398,"ORG_TYPE":"一般企业","PREMIUM_INCOME":null,"PREMIUM_INCOME_YOY":null,"NET_INTEREST_INCOME":null,"NET_INTEREST_INCOME_YOY":null,"FEE_COMMISSION_INCOME":null,"FEE_COMMISSION_INCOME_YOY":null,"ACCOUNTS_RECE_TDAYS":1.252340493015,"INVENTORY_TDAYS":3.479612763986,"CURRENT_ASSETS_TDAYS":0.171655979072,"TOTAL_ASSETS_TDAYS":0.08194344612,"PREMIUM_EXPENSE":null,"LOAN_DEPOSIT":null,"LOAN_EQUITY":null,"LOAN_ASSETS":null,"DEPOSIT_EQUITY":null,"DEPOSIT_ASSETS":null,"EQUITY_MULTIPLIER":1.281358067051,"EQUITY_RATIO":0.388608899339},{"SECUCODE":"00882.HK","SECURITY_CODE":"00882","SECURITY_NAME_ABBR":"天津发展","ORG_CODE":"10009140","STD_REPORT_DATE":"2023-12-31 00:00:00","REPORT_DATE":"2023-12-31 00:00:00","DATE_TYPE_CODE":"001","REPORT_TYPE":"2023年年报","PER_NETCASH_OPERATE":-0.245647536726,"PER_OI":2.820129921478,"BPS":10.588734748761,"BASIC_EPS":0.53693535,"DILUTED_EPS":0.53693535,"OPERATE_INCOME":3025351128.38,"OPERATE_INCOME_YOY":-9.8970913024,"GROSS_PROFIT":915398196.16,"GROSS_PROFIT_YOY":1.414690791435,"HOLDER_PROFIT":576024243.48,"HOLDER_PROFIT_YOY":77.4710885019,"GROSS_PROFIT_RATIO":30.25758522946,"EPS_TTM":0.536950302825,"OPERATE_INCOME_QOQ":-8.817015442969,"NET_PROFIT_RATIO":29.4311186489,"ROE_AVG":5.178117173237,"GROSS_PROFIT_QOQ":-4.412598582374,"ROA":2.91850304964,"HOLDER_PROFIT_QOQ":34.133660136018,"ROE_YEARLY":5.178117173237,"ROIC_YEARLY":6.551732312764,"TOTAL_ASSETS":20202071563.38,"TOTAL_LIABILITIES":4331505951.22,"TAX_EBT":9.236218050273,"OCF_SALES":-8.71050425215,"TOTAL_PARENT_EQUITY":11359278300.02,"DEBT_ASSET_RATIO":21.4408999475,"OPERATE_PROFIT":577700750.48,"PRETAX_PROFIT":981002180.62,"NETCASH_OPERATE":-263523338.68,"NETCASH_INVEST":928928966.98,"NETCASH_FINANCE":93494717.4,"END_CASH":4042728073.58,"DIVI_RATIO":0.236565997508,"DIVIDEND_RATE":6.99,"CURRENT_RATIO":3.769176365666,"COMMON_ACS":null,"CURRENTDEBT_DEBT":59.163521279665,"ISSUED_COMMON_SHARES":1072770125,"HK_COMMON_SHARES":1072770125,"PER_SHARES":2000,"TOTAL_MARKET_CAP":2145540250,"HKSK_MARKET_CAP":2145540250,"PE_TTM":3.885426438151,"PB_TTM":0.171549677392,"REPORT_DATE_SQ":"2022-12-31 00:00:00","REPORT_TYPE_SQ":"2022年年报","OPERATE_INCOME_SQ":3309680581.83,"DPS_HKD":0.1398,"OPERATE_INCOME_QOQ_SQ":6.894796512826,"NET_PROFIT_RATIO_SQ":13.6069216483,"HOLDER_PROFIT_SQ":319935369.74,"HOLDER_PROFIT_QOQ_SQ":-19.616527215376,"ROE_AVG_SQ":2.875108284558,"PE_TTM_SQ":3.449233005063,"PB_TTM_SQ":0.130653652969,"ROA_SQ":1.601646928887,"START_DATE":"2023-01-01 00:00:00","FISCAL_YEAR":"12-31","CURRENCY":"HKD","IS_CNY_CODE":0,"DPS_HKD_LY":0.0895,"ORG_TYPE":"一般企业","PREMIUM_INCOME":null,"PREMIUM_INCOME_YOY":null,"NET_INTEREST_INCOME":null,"NET_INTEREST_INCOME_YOY":null,"FEE_COMMISSION_INCOME":null,"FEE_COMMISSION_INCOME_YOY":null,"ACCOUNTS_RECE_TDAYS":2.417332319121,"INVENTORY_TDAYS":7.066646432609,"CURRENT_ASSETS_TDAYS":0.322326916733,"TOTAL_ASSETS_TDAYS":0.153283418091,"PREMIUM_EXPENSE":null,"LOAN_DEPOSIT":null,"LOAN_EQUITY":null,"LOAN_ASSETS":null,"DEPOSIT_EQUITY":null,"DEPOSIT_ASSETS":null,"EQUITY_MULTIPLIER":1.272927005696,"EQUITY_RATIO":0.381318763113},{"SECUCODE":"00882.HK","SECURITY_CODE":"00882","SECURITY_NAME_ABBR":"天津发展","ORG_CODE":"10009140","STD_REPORT_DATE":"2023-06-30 00:00:00","REPORT_DATE":"2023-06-30 00:00:00","DATE_TYPE_CODE":"002","REPORT_TYPE":"2023年中报","PER_NETCASH_OPERATE":-0.825327433312,"PER_OI":1.573182497471,"BPS":10.373308125709,"BASIC_EPS":0.319281674,"DILUTED_EPS":0.319281674,"OPERATE_INCOME":1687663184.46,"OPERATE_INCOME_YOY":-6.7907876265,"GROSS_PROFIT":554131185.54,"GROSS_PROFIT_YOY":11.025132544335,"HOLDER_PROFIT":342523867.82,"HOLDER_PROFIT_YOY":36.3455864003,"GROSS_PROFIT_RATIO":32.834228455206,"EPS_TTM":0.400309886631,"OPERATE_INCOME_QOQ":0.248042680465,"NET_PROFIT_RATIO":26.3490336126,"ROE_AVG":3.084873227652,"GROSS_PROFIT_QOQ":6.096294372884,"ROA":1.735972745468,"HOLDER_PROFIT_QOQ":34.227262046391,"ROE_YEARLY":6.169746455305,"ROIC_YEARLY":7.245048719091,"TOTAL_ASSETS":19854858661.58,"TOTAL_LIABILITIES":4551060158.38,"TAX_EBT":6.65891264338,"OCF_SALES":-52.462281689418,"TOTAL_PARENT_EQUITY":11128175054.68,"DEBT_ASSET_RATIO":22.9216447014,"OPERATE_PROFIT":196465640.18,"PRETAX_PROFIT":476406427.58,"NETCASH_OPERATE":-885386613.8,"NETCASH_INVEST":-306370266.08,"NETCASH_FINANCE":135869426.66,"END_CASH":2274492390.7,"DIVI_RATIO":0.317314631095,"DIVIDEND_RATE":6.99,"CURRENT_RATIO":3.367376903685,"COMMON_ACS":null,"CURRENTDEBT_DEBT":61.21943259374,"ISSUED_COMMON_SHARES":1072770125,"HK_COMMON_SHARES":1072770125,"PER_SHARES":2000,"TOTAL_MARKET_CAP":2145540250,"HKSK_MARKET_CAP":2145540250,"PE_TTM":3.885426438151,"PB_TTM":0.171549677392,"REPORT_DATE_SQ":"2022-06-30 00:00:00","REPORT_TYPE_SQ":"2022年中报","OPERATE_INCOME_SQ":1679453764.03,"DPS_HKD":0.1398,"OPERATE_INCOME_QOQ_SQ":6.946846040552,"NET_PROFIT_RATIO_SQ":18.9396574156,"HOLDER_PROFIT_SQ":233018750.44,"HOLDER_PROFIT_QOQ_SQ":3.491976911452,"ROE_AVG_SQ":2.149332443339,"PE_TTM_SQ":3.449233005063,"PB_TTM_SQ":0.130653652969,"ROA_SQ":1.180755841302,"START_DATE":"2023-01-01 00:00:00","FISCAL_YEAR":"12-31","CURRENCY":"HKD","IS_CNY_CODE":0,"DPS_HKD_LY":0.0895,"ORG_TYPE":"一般企业","PREMIUM_INCOME":null,"PREMIUM_INCOME_YOY":null,"NET_INTEREST_INCOME":null,"NET_INTEREST_INCOME_YOY":null,"FEE_COMMISSION_INCOME":null,"FEE_COMMISSION_INCOME_YOY":null,"ACCOUNTS_RECE_TDAYS":1.279841732524,"INVENTORY_TDAYS":3.63414241228,"CURRENT_ASSETS_TDAYS":0.180951387227,"TOTAL_ASSETS_TDAYS":0.085533814341,"PREMIUM_EXPENSE":null,"LOAN_DEPOSIT":null,"LOAN_EQUITY":null,"LOAN_ASSETS":null,"DEPOSIT_EQUITY":null,"DEPOSIT_ASSETS":null,"EQUITY_MULTIPLIER":1.297381082051,"EQUITY_RATIO":0.408967340648},{"SECUCODE":"00882.HK","SECURITY_CODE":"00882","SECURITY_NAME_ABBR":"天津发展","ORG_CODE":"10009140","STD_REPORT_DATE":"2022-12-31 00:00:00","REPORT_DATE":"2022-12-31 00:00:00","DATE_TYPE_CODE":"001","REPORT_TYPE":"2022年年报","PER_NETCASH_OPERATE":0.165139646744,"PER_OI":3.085172214159,"BPS":10.005423868622,"BASIC_EPS":0.298262853,"DILUTED_EPS":0.298173526,"OPERATE_INCOME":3309680581.83,"OPERATE_INCOME_YOY":4.6363737261,"GROSS_PROFIT":902628789.79,"GROSS_PROFIT_YOY":8.729928809845,"HOLDER_PROFIT":319935369.74,"HOLDER_PROFIT_YOY":-23.856719794,"GROSS_PROFIT_RATIO":27.272383768554,"EPS_TTM":0.298232922678,"OPERATE_INCOME_QOQ":6.894796512826,"NET_PROFIT_RATIO":13.6069216483,"ROE_AVG":2.875108284558,"GROSS_PROFIT_QOQ":1.463820382383,"ROA":1.601646928887,"HOLDER_PROFIT_QOQ":-19.616527215376,"ROE_YEARLY":2.875108284558,"ROIC_YEARLY":3.495049033461,"TOTAL_ASSETS":18996482592.29,"TOTAL_LIABILITIES":4320699646.69,"TAX_EBT":9.00453574903,"OCF_SALES":5.352688125029,"TOTAL_PARENT_EQUITY":10733519814.22,"DEBT_ASSET_RATIO":22.7447351145,"OPERATE_PROFIT":160375909.26,"PRETAX_PROFIT":494909990.61,"NETCASH_OPERATE":177156879.48,"NETCASH_INVEST":554597398.74,"NETCASH_FINANCE":-770510583.71,"END_CASH":3270663441.5,"DIVI_RATIO":0.425922741391,"DIVIDEND_RATE":6.99,"CURRENT_RATIO":3.240613858776,"COMMON_ACS":null,"CURRENTDEBT_DEBT":64.153256175848,"ISSUED_COMMON_SHARES":1072770125,"HK_COMMON_SHARES":1072770125,"PER_SHARES":2000,"TOTAL_MARKET_CAP":2145540250,"HKSK_MARKET_CAP":2145540250,"PE_TTM":3.885426438151,"PB_TTM":0.171549677392,"REPORT_DATE_SQ":"2021-12-31 00:00:00","REPORT_TYPE_SQ":"2021年年报","OPERATE_INCOME_SQ":2895086443.2,"DPS_HKD":0.1398,"OPERATE_INCOME_QOQ_SQ":-11.625776856857,"NET_PROFIT_RATIO_SQ":16.745953142,"HOLDER_PROFIT_SQ":384581870.4,"HOLDER_PROFIT_QOQ_SQ":6.003803962707,"ROE_AVG_SQ":3.739049586391,"PE_TTM_SQ":3.449233005063,"PB_TTM_SQ":0.130653652969,"ROA_SQ":1.987346367497,"START_DATE":"2022-01-01 00:00:00","FISCAL_YEAR":"12-31","CURRENCY":"HKD","IS_CNY_CODE":0,"DPS_HKD_LY":0.0895,"ORG_TYPE":"一般企业","PREMIUM_INCOME":null,"PREMIUM_INCOME_YOY":null,"NET_INTEREST_INCOME":null,"NET_INTEREST_INCOME_YOY":null,"FEE_COMMISSION_INCOME":null,"FEE_COMMISSION_INCOME_YOY":null,"ACCOUNTS_RECE_TDAYS":2.969085325176,"INVENTORY_TDAYS":6.868820449552,"CURRENT_ASSETS_TDAYS":0.356123857968,"TOTAL_ASSETS_TDAYS":0.165687830758,"PREMIUM_EXPENSE":null,"LOAN_DEPOSIT":null,"LOAN_EQUITY":null,"LOAN_ASSETS":null,"DEPOSIT_EQUITY":null,"DEPOSIT_ASSETS":null,"EQUITY_MULTIPLIER":1.294410162831,"EQUITY_RATIO":0.402542662749},{"SECUCODE":"00882.HK","SECURITY_CODE":"00882","SECURITY_NAME_ABBR":"天津发展","ORG_CODE":"10009140","STD_REPORT_DATE":"2022-06-30 00:00:00","REPORT_DATE":"2022-06-30 00:00:00","DATE_TYPE_CODE":"002","REPORT_TYPE":"2022年中报","PER_NETCASH_OPERATE":0.235764145762,"PER_OI":1.565529953614,"BPS":9.929491575802,"BASIC_EPS":0.21721826,"DILUTED_EPS":0.21721826,"OPERATE_INCOME":1679453764.03,"OPERATE_INCOME_YOY":10.5343349041,"GROSS_PROFIT":499104277.42,"GROSS_PROFIT_YOY":13.521948810094,"HOLDER_PROFIT":233018750.44,"HOLDER_PROFIT_YOY":3.2481508427,"GROSS_PROFIT_RATIO":29.718250547271,"EPS_TTM":0.371012737253,"OPERATE_INCOME_QOQ":6.946846040552,"NET_PROFIT_RATIO":18.9396574156,"ROE_AVG":2.149332443339,"GROSS_PROFIT_QOQ":7.161280149002,"ROA":1.180755841302,"HOLDER_PROFIT_QOQ":3.491976911452,"ROE_YEARLY":4.298664886679,"ROIC_YEARLY":5.175686831399,"TOTAL_ASSETS":19408385681.37,"TOTAL_LIABILITIES":4813504475.01,"TAX_EBT":9.752777582321,"OCF_SALES":15.059702001745,"TOTAL_PARENT_EQUITY":10652061918.96,"DEBT_ASSET_RATIO":24.8011583963,"OPERATE_PROFIT":122758248.55,"PRETAX_PROFIT":352457151.41,"NETCASH_OPERATE":252920732.12,"NETCASH_INVEST":480790383.57,"NETCASH_FINANCE":-84185758.79,"END_CASH":3929223476.78,"DIVI_RATIO":0.34237149091,"DIVIDEND_RATE":6.99,"CURRENT_RATIO":1.959899639416,"COMMON_ACS":null,"CURRENTDEBT_DEBT":96.783877422703,"ISSUED_COMMON_SHARES":1072770125,"HK_COMMON_SHARES":1072770125,"PER_SHARES":2000,"TOTAL_MARKET_CAP":2145540250,"HKSK_MARKET_CAP":2145540250,"PE_TTM":3.885426438151,"PB_TTM":0.171549677392,"REPORT_DATE_SQ":"2021-06-30 00:00:00","REPORT_TYPE_SQ":"2021年中报","OPERATE_INCOME_SQ":1478336566.08,"DPS_HKD":0.1398,"OPERATE_INCOME_QOQ_SQ":3.901562157776,"NET_PROFIT_RATIO_SQ":15.9269459313,"HOLDER_PROFIT_SQ":219589240.32,"HOLDER_PROFIT_QOQ_SQ":46.382154332528,"ROE_AVG_SQ":2.130929545585,"PE_TTM_SQ":3.449233005063,"PB_TTM_SQ":0.130653652969,"ROA_SQ":1.095205101645,"START_DATE":"2022-01-01 00:00:00","FISCAL_YEAR":"12-31","CURRENCY":"HKD","IS_CNY_CODE":0,"DPS_HKD_LY":0.0895,"ORG_TYPE":"一般企业","PREMIUM_INCOME":null,"PREMIUM_INCOME_YOY":null,"NET_INTEREST_INCOME":null,"NET_INTEREST_INCOME_YOY":null,"FEE_COMMISSION_INCOME":null,"FEE_COMMISSION_INCOME_YOY":null,"ACCOUNTS_RECE_TDAYS":1.627881357056,"INVENTORY_TDAYS":3.233756466487,"CURRENT_ASSETS_TDAYS":0.183288292221,"TOTAL_ASSETS_TDAYS":0.085101513862,"PREMIUM_EXPENSE":null,"LOAN_DEPOSIT":null,"LOAN_EQUITY":null,"LOAN_ASSETS":null,"DEPOSIT_EQUITY":null,"DEPOSIT_ASSETS":null,"EQUITY_MULTIPLIER":1.329807718675,"EQUITY_RATIO":0.451884762934},{"SECUCODE":"00882.HK","SECURITY_CODE":"00882","SECURITY_NAME_ABBR":"天津发展","ORG_CODE":"10009140","STD_REPORT_DATE":"2021-12-31 00:00:00","REPORT_DATE":"2021-12-31 00:00:00","DATE_TYPE_CODE":"001","REPORT_TYPE":"2021年年报","PER_NETCASH_OPERATE":-0.301792581705,"PER_OI":2.698701591079,"BPS":9.830597581938,"BASIC_EPS":0.3585176,"DILUTED_EPS":0.3585176,"OPERATE_INCOME":2895086443.2,"OPERATE_INCOME_YOY":19.6193686412,"GROSS_PROFIT":830156700.8,"GROSS_PROFIT_YOY":9.760610600012,"HOLDER_PROFIT":384581870.4,"HOLDER_PROFIT_YOY":59.7331549386,"GROSS_PROFIT_RATIO":28.674677495378,"EPS_TTM":0.358494202474,"OPERATE_INCOME_QOQ":-11.625776856857,"NET_PROFIT_RATIO":16.745953142,"ROE_AVG":3.739049586391,"GROSS_PROFIT_QOQ":-4.792399530149,"ROA":1.987346367497,"HOLDER_PROFIT_QOQ":6.003803962707,"ROE_YEARLY":3.739049586391,"ROIC_YEARLY":4.197099749546,"TOTAL_ASSETS":19179250171.2,"TOTAL_LIABILITIES":4564112190.4,"TAX_EBT":6.125880328225,"OCF_SALES":-11.182880786183,"TOTAL_PARENT_EQUITY":10545971396.8,"DEBT_ASSET_RATIO":23.7971357048,"OPERATE_PROFIT":142522396.8,"PRETAX_PROFIT":556782329.6,"NETCASH_OPERATE":-323754065.6,"NETCASH_INVEST":63825126.4,"NETCASH_FINANCE":-129101492.8,"END_CASH":3269430326.4,"DIVI_RATIO":0.354327024324,"DIVIDEND_RATE":6.99,"CURRENT_RATIO":2.017006045986,"COMMON_ACS":null,"CURRENTDEBT_DEBT":95.494371614428,"ISSUED_COMMON_SHARES":1072770125,"HK_COMMON_SHARES":1072770125,"PER_SHARES":2000,"TOTAL_MARKET_CAP":2145540250,"HKSK_MARKET_CAP":2145540250,"PE_TTM":3.885426438151,"PB_TTM":0.171549677392,"REPORT_DATE_SQ":"2020-12-31 00:00:00","REPORT_TYPE_SQ":"2020年年报","OPERATE_INCOME_SQ":2491411786.68,"DPS_HKD":0.1398,"OPERATE_INCOME_QOQ_SQ":-15.800743389219,"NET_PROFIT_RATIO_SQ":8.0541726617,"HOLDER_PROFIT_SQ":247844463.92,"HOLDER_PROFIT_QOQ_SQ":23.463764616642,"ROE_AVG_SQ":2.493033377142,"PE_TTM_SQ":3.449233005063,"PB_TTM_SQ":0.130653652969,"ROA_SQ":1.268329675181,"START_DATE":"2021-01-01 00:00:00","FISCAL_YEAR":"12-31","CURRENCY":"HKD","IS_CNY_CODE":0,"DPS_HKD_LY":0.0823,"ORG_TYPE":"一般企业","PREMIUM_INCOME":null,"PREMIUM_INCOME_YOY":null,"NET_INTEREST_INCOME":null,"NET_INTEREST_INCOME_YOY":null,"FEE_COMMISSION_INCOME":null,"FEE_COMMISSION_INCOME_YOY":null,"ACCOUNTS_RECE_TDAYS":2.937982997493,"INVENTORY_TDAYS":3.422408682319,"CURRENT_ASSETS_TDAYS":0.320543469449,"TOTAL_ASSETS_TDAYS":0.149605063819,"PREMIUM_EXPENSE":null,"LOAN_DEPOSIT":null,"LOAN_EQUITY":null,"LOAN_ASSETS":null,"DEPOSIT_EQUITY":null,"DEPOSIT_ASSETS":null,"EQUITY_MULTIPLIER":1.312286630232,"EQUITY_RATIO":0.432782530757},{"SECUCODE":"00882.HK","SECURITY_CODE":"00882","SECURITY_NAME_ABBR":"天津发展","ORG_CODE":"10009140","STD_REPORT_DATE":"2021-06-30 00:00:00","REPORT_DATE":"2021-06-30 00:00:00","DATE_TYPE_CODE":"002","REPORT_TYPE":"2021年中报","PER_NETCASH_OPERATE":-0.081222360065,"PER_OI":1.378055308988,"BPS":9.701084295277,"BASIC_EPS":0.20469168,"DILUTED_EPS":0.20469168,"OPERATE_INCOME":1478336566.08,"OPERATE_INCOME_YOY":18.4671121422,"GROSS_PROFIT":439654430.4,"GROSS_PROFIT_YOY":-9.775120400284,"HOLDER_PROFIT":219589240.32,"HOLDER_PROFIT_YOY":130.3852499804,"GROSS_PROFIT_RATIO":28.368086374152,"EPS_TTM":0.338189941373,"OPERATE_INCOME_QOQ":3.901562157776,"NET_PROFIT_RATIO":15.9269459313,"ROE_AVG":2.130929545585,"GROSS_PROFIT_QOQ":-1.303287842039,"ROA":1.095205101645,"HOLDER_PROFIT_QOQ":46.382154332528,"ROE_YEARLY":4.26185909117,"ROIC_YEARLY":4.503636281334,"TOTAL_ASSETS":20230534944.72,"TOTAL_LIABILITIES":5781716200.8,"TAX_EBT":6.173258242724,"OCF_SALES":-5.195318720998,"TOTAL_PARENT_EQUITY":10407033412.08,"DEBT_ASSET_RATIO":28.5791562932,"OPERATE_PROFIT":70375662.24,"PRETAX_PROFIT":340999697.28,"NETCASH_OPERATE":-87132921.36,"NETCASH_INVEST":-581152130.64,"NETCASH_FINANCE":-80397233.76,"END_CASH":2851935062.16,"DIVI_RATIO":0.375600124251,"DIVIDEND_RATE":6.99,"CURRENT_RATIO":2.482176578245,"COMMON_ACS":null,"CURRENTDEBT_DEBT":67.744091898839,"ISSUED_COMMON_SHARES":1072770125,"HK_COMMON_SHARES":1072770125,"PER_SHARES":2000,"TOTAL_MARKET_CAP":2145540250,"HKSK_MARKET_CAP":2145540250,"PE_TTM":3.885426438151,"PB_TTM":0.171549677392,"REPORT_DATE_SQ":"2020-06-30 00:00:00","REPORT_TYPE_SQ":"2020年中报","OPERATE_INCOME_SQ":1554129556.32,"DPS_HKD":0.1398,"OPERATE_INCOME_QOQ_SQ":-8.106930957358,"NET_PROFIT_RATIO_SQ":12.0840995524,"HOLDER_PROFIT_SQ":104633638.56,"HOLDER_PROFIT_QOQ_SQ":-51.435137248859,"ROE_AVG_SQ":1.014087753927,"PE_TTM_SQ":3.449233005063,"PB_TTM_SQ":0.130653652969,"ROA_SQ":0.510350174561,"START_DATE":"2021-01-01 00:00:00","FISCAL_YEAR":"12-31","CURRENCY":"HKD","IS_CNY_CODE":0,"DPS_HKD_LY":0.0823,"ORG_TYPE":"一般企业","PREMIUM_INCOME":null,"PREMIUM_INCOME_YOY":null,"NET_INTEREST_INCOME":null,"NET_INTEREST_INCOME_YOY":null,"FEE_COMMISSION_INCOME":null,"FEE_COMMISSION_INCOME_YOY":null,"ACCOUNTS_RECE_TDAYS":1.469377695625,"INVENTORY_TDAYS":1.309605335602,"CURRENT_ASSETS_TDAYS":0.175077263933,"TOTAL_ASSETS_TDAYS":0.083647791943,"PREMIUM_EXPENSE":null,"LOAN_DEPOSIT":null,"LOAN_EQUITY":null,"LOAN_ASSETS":null,"DEPOSIT_EQUITY":null,"DEPOSIT_ASSETS":null,"EQUITY_MULTIPLIER":1.400151479735,"EQUITY_RATIO":0.555558531607},{"SECUCODE":"00882.HK","SECURITY_CODE":"00882","SECURITY_NAME_ABBR":"天津发展","ORG_CODE":"10009140","STD_REPORT_DATE":"2020-12-31 00:00:00","REPORT_DATE":"2020-12-31 00:00:00","DATE_TYPE_CODE":"001","REPORT_TYPE":"2020年年报","PER_NETCASH_OPERATE":0.204193606864,"PER_OI":2.322409739626,"BPS":9.619863192145,"BASIC_EPS":0.23103018,"DILUTED_EPS":0.23103018,"OPERATE_INCOME":2491411786.68,"OPERATE_INCOME_YOY":-17.6495441474,"GROSS_PROFIT":756333894.52,"GROSS_PROFIT_YOY":-47.224693485637,"HOLDER_PROFIT":247844463.92,"HOLDER_PROFIT_YOY":-36.1829573012,"GROSS_PROFIT_RATIO":28.020244676563,"EPS_TTM":0.231032220365,"OPERATE_INCOME_QOQ":-15.800743389219,"NET_PROFIT_RATIO":8.0541726617,"ROE_AVG":2.493033377142,"GROSS_PROFIT_QOQ":-25.296160618771,"ROA":1.268329675181,"HOLDER_PROFIT_QOQ":23.463764616642,"ROE_YEARLY":2.493033377142,"ROIC_YEARLY":2.575568405692,"TOTAL_ASSETS":20097864949.12,"TOTAL_LIABILITIES":5755662028.28,"TAX_EBT":16.562116873384,"OCF_SALES":6.947602484671,"TOTAL_PARENT_EQUITY":10319901839.12,"DEBT_ASSET_RATIO":28.6381764573,"OPERATE_PROFIT":22485254.24,"PRETAX_PROFIT":388553205.68,"NETCASH_OPERATE":219052801.16,"NETCASH_INVEST":663223261.32,"NETCASH_FINANCE":-165186157.88,"END_CASH":3644882773.24,"DIVI_RATIO":0.549811553554,"DIVIDEND_RATE":6.99,"CURRENT_RATIO":2.475438203988,"COMMON_ACS":null,"CURRENTDEBT_DEBT":66.99422267072,"ISSUED_COMMON_SHARES":1072770125,"HK_COMMON_SHARES":1072770125,"PER_SHARES":2000,"TOTAL_MARKET_CAP":2145540250,"HKSK_MARKET_CAP":2145540250,"PE_TTM":3.885426438151,"PB_TTM":0.171549677392,"REPORT_DATE_SQ":"2019-12-31 00:00:00","REPORT_TYPE_SQ":"2019年年报","OPERATE_INCOME_SQ":4074955175.24,"DPS_HKD":0.1398,"OPERATE_INCOME_QOQ_SQ":-7.029570099169,"NET_PROFIT_RATIO_SQ":14.1521607331,"HOLDER_PROFIT_SQ":413349618.98,"HOLDER_PROFIT_QOQ_SQ":-24.023190649254,"ROE_AVG_SQ":4.069249940464,"PE_TTM_SQ":3.449233005063,"PB_TTM_SQ":0.130653652969,"ROA_SQ":2.025747313725,"START_DATE":"2020-01-01 00:00:00","FISCAL_YEAR":"12-31","CURRENCY":"HKD","IS_CNY_CODE":0,"DPS_HKD_LY":0.0778,"ORG_TYPE":"一般企业","PREMIUM_INCOME":null,"PREMIUM_INCOME_YOY":null,"NET_INTEREST_INCOME":null,"NET_INTEREST_INCOME_YOY":null,"FEE_COMMISSION_INCOME":null,"FEE_COMMISSION_INCOME_YOY":null,"ACCOUNTS_RECE_TDAYS":2.453063877974,"INVENTORY_TDAYS":2.523369497321,"CURRENT_ASSETS_TDAYS":0.342431393885,"TOTAL_ASSETS_TDAYS":0.161349186672,"PREMIUM_EXPENSE":null,"LOAN_DEPOSIT":null,"LOAN_EQUITY":null,"LOAN_ASSETS":null,"DEPOSIT_EQUITY":null,"DEPOSIT_ASSETS":null,"EQUITY_MULTIPLIER":1.401309482235,"EQUITY_RATIO":0.557724493702},{"SECUCODE":"00882.HK","SECURITY_CODE":"00882","SECURITY_NAME_ABBR":"天津发展","ORG_CODE":"10009140","STD_REPORT_DATE":"2020-06-30 00:00:00","REPORT_DATE":"2020-06-30 00:00:00","DATE_TYPE_CODE":"002","REPORT_TYPE":"2020年中报","PER_NETCASH_OPERATE":0.33691020141,"PER_OI":1.448706969091,"BPS":9.561348662352,"BASIC_EPS":0.097555392,"DILUTED_EPS":0.097555392,"OPERATE_INCOME":1554129556.32,"OPERATE_INCOME_YOY":-23.1412418566,"GROSS_PROFIT":487287356.16,"GROSS_PROFIT_YOY":-32.539772513642,"HOLDER_PROFIT":104633638.56,"HOLDER_PROFIT_YOY":-68.2373003549,"GROSS_PROFIT_RATIO":36.130589610384,"EPS_TTM":0.187125527139,"OPERATE_INCOME_QOQ":-8.106930957358,"NET_PROFIT_RATIO":12.0840995524,"ROE_AVG":1.014087753927,"GROSS_PROFIT_QOQ":-17.479842023983,"ROA":0.510350174561,"HOLDER_PROFIT_QOQ":-51.435137248859,"ROE_YEARLY":2.028175507854,"ROIC_YEARLY":2.011370885455,"TOTAL_ASSETS":20400952561.44,"TOTAL_LIABILITIES":6007842857.28,"TAX_EBT":11.657078571246,"OCF_SALES":27.676707196712,"TOTAL_PARENT_EQUITY":10257129199.68,"DEBT_ASSET_RATIO":29.4488349953,"OPERATE_PROFIT":10720131.84,"PRETAX_PROFIT":178627759.2,"NETCASH_OPERATE":361427198.88,"NETCASH_INVEST":416492102.4,"NETCASH_FINANCE":-86213207.52,"END_CASH":3465994187.04,"DIVI_RATIO":0.678818042315,"DIVIDEND_RATE":6.99,"CURRENT_RATIO":2.572637451429,"COMMON_ACS":null,"CURRENTDEBT_DEBT":66.404947909144,"ISSUED_COMMON_SHARES":1072770125,"HK_COMMON_SHARES":1072770125,"PER_SHARES":2000,"TOTAL_MARKET_CAP":2145540250,"HKSK_MARKET_CAP":2145540250,"PE_TTM":3.885426438151,"PB_TTM":0.171549677392,"REPORT_DATE_SQ":"2019-06-30 00:00:00","REPORT_TYPE_SQ":"2019年中报","OPERATE_INCOME_SQ":1636243250.76,"DPS_HKD":0.1398,"OPERATE_INCOME_QOQ_SQ":-7.217699113954,"NET_PROFIT_RATIO_SQ":19.3320098015,"HOLDER_PROFIT_SQ":317240582.4,"HOLDER_PROFIT_QOQ_SQ":31.569351895035,"ROE_AVG_SQ":3.154585721826,"PE_TTM_SQ":3.449233005063,"PB_TTM_SQ":0.130653652969,"ROA_SQ":1.586233338425,"START_DATE":"2020-01-01 00:00:00","FISCAL_YEAR":"12-31","CURRENCY":"HKD","IS_CNY_CODE":0,"DPS_HKD_LY":0.0778,"ORG_TYPE":"一般企业","PREMIUM_INCOME":null,"PREMIUM_INCOME_YOY":null,"NET_INTEREST_INCOME":null,"NET_INTEREST_INCOME_YOY":null,"FEE_COMMISSION_INCOME":null,"FEE_COMMISSION_INCOME_YOY":null,"ACCOUNTS_RECE_TDAYS":1.703444578327,"INVENTORY_TDAYS":1.286582848512,"CURRENT_ASSETS_TDAYS":0.131311356488,"TOTAL_ASSETS_TDAYS":0.063694708222,"PREMIUM_EXPENSE":null,"LOAN_DEPOSIT":null,"LOAN_EQUITY":null,"LOAN_ASSETS":null,"DEPOSIT_EQUITY":null,"DEPOSIT_ASSETS":null,"EQUITY_MULTIPLIER":1.417411037696,"EQUITY_RATIO":0.585723621134}],"count":51},"success":true,"message":"ok","code":0}