{"version":"b5e4d514e891f30bb04f7a15bacfa7f1","result":{"pages":5,"data":[{"SECUCODE":"00898.HK","SECURITY_CODE":"00898","SECURITY_NAME_ABBR":"万事昌国际","ORG_CODE":"10009148","STD_REPORT_DATE":"2024-06-30 00:00:00","REPORT_DATE":"2024-06-30 00:00:00","DATE_TYPE_CODE":"002","REPORT_TYPE":"2024年中报","PER_NETCASH_OPERATE":0.099158900843,"PER_OI":0.153973787528,"BPS":8.918489261297,"BASIC_EPS":0.140278916,"DILUTED_EPS":0.140278916,"OPERATE_INCOME":128733514,"OPERATE_INCOME_YOY":3.4857188974,"GROSS_PROFIT":107921671.96,"GROSS_PROFIT_YOY":2.4894660614,"HOLDER_PROFIT":117316799.88,"HOLDER_PROFIT_YOY":12.4003147954,"GROSS_PROFIT_RATIO":83.833392414038,"EPS_TTM":0.208474400606,"OPERATE_INCOME_QOQ":1.193675602432,"NET_PROFIT_RATIO":112.7791563275,"ROE_AVG":1.584173082935,"GROSS_PROFIT_QOQ":1.228543095036,"ROA":0.970317967267,"HOLDER_PROFIT_QOQ":7.313816608364,"ROE_YEARLY":3.168346165869,"ROIC_YEARLY":2.349272771037,"TOTAL_ASSETS":12125693070.8,"TOTAL_LIABILITIES":2958166551.16,"TAX_EBT":4.752353124326,"OCF_SALES":64.39985820631,"TOTAL_PARENT_EQUITY":7456518934.88,"DEBT_ASSET_RATIO":24.3958554277,"OPERATE_PROFIT":184308424.56,"PRETAX_PROFIT":152428512.16,"NETCASH_OPERATE":82904200.48,"NETCASH_INVEST":4733158.48,"NETCASH_FINANCE":-102188216.2,"END_CASH":397828997.88,"DIVI_RATIO":0.174496244595,"DIVIDEND_RATE":4.938271604938,"CURRENT_RATIO":3.272477385004,"COMMON_ACS":10000000000,"CURRENTDEBT_DEBT":17.824148992329,"ISSUED_COMMON_SHARES":836074218,"HK_COMMON_SHARES":836074218,"PER_SHARES":2000,"TOTAL_MARKET_CAP":677220116.58,"HKSK_MARKET_CAP":677220116.58,"PE_TTM":3.501474156352,"PB_TTM":0.082891931396,"REPORT_DATE_SQ":"2023-06-30 00:00:00","REPORT_TYPE_SQ":"2023年中报","OPERATE_INCOME_SQ":125664952.02,"DPS_HKD":0.04,"OPERATE_INCOME_QOQ_SQ":4.317194111193,"NET_PROFIT_RATIO_SQ":102.8899698457,"HOLDER_PROFIT_SQ":105437632.8,"HOLDER_PROFIT_QOQ_SQ":12.702034707578,"ROE_AVG_SQ":1.434388485608,"PE_TTM_SQ":2.304575921938,"PB_TTM_SQ":0.083382757383,"ROA_SQ":0.874924373667,"START_DATE":"2024-01-01 00:00:00","FISCAL_YEAR":"12-31","CURRENCY":"HKD","IS_CNY_CODE":0,"DPS_HKD_LY":0.04,"ORG_TYPE":"一般企业","PREMIUM_INCOME":null,"PREMIUM_INCOME_YOY":null,"NET_INTEREST_INCOME":null,"NET_INTEREST_INCOME_YOY":null,"FEE_COMMISSION_INCOME":null,"FEE_COMMISSION_INCOME_YOY":null,"ACCOUNTS_RECE_TDAYS":36.371841155235,"INVENTORY_TDAYS":0.080904449514,"CURRENT_ASSETS_TDAYS":0.076174603749,"TOTAL_ASSETS_TDAYS":0.010647447062,"PREMIUM_EXPENSE":null,"LOAN_DEPOSIT":null,"LOAN_EQUITY":null,"LOAN_ASSETS":null,"DEPOSIT_EQUITY":null,"DEPOSIT_ASSETS":null,"EQUITY_MULTIPLIER":1.322678810344,"EQUITY_RATIO":0.396722193961},{"SECUCODE":"00898.HK","SECURITY_CODE":"00898","SECURITY_NAME_ABBR":"万事昌国际","ORG_CODE":"10009148","STD_REPORT_DATE":"2023-12-31 00:00:00","REPORT_DATE":"2023-12-31 00:00:00","DATE_TYPE_CODE":"001","REPORT_TYPE":"2023年年报","PER_NETCASH_OPERATE":0.188547480913,"PER_OI":0.307470710238,"BPS":8.734312773295,"BASIC_EPS":0.194293568,"DILUTED_EPS":0.194293568,"OPERATE_INCOME":257068333.62,"OPERATE_INCOME_YOY":3.638117298,"GROSS_PROFIT":213375842.54,"GROSS_PROFIT_YOY":3.498091366117,"HOLDER_PROFIT":162420904.38,"HOLDER_PROFIT_YOY":-32.1410722399,"GROSS_PROFIT_RATIO":83.003549887017,"EPS_TTM":0.194266131981,"OPERATE_INCOME_QOQ":0.789319252565,"NET_PROFIT_RATIO":87.7449580676,"ROE_AVG":2.242864555591,"GROSS_PROFIT_QOQ":-0.356568428879,"ROA":1.360297422801,"HOLDER_PROFIT_QOQ":-38.91618822033,"ROE_YEARLY":2.242864555591,"ROIC_YEARLY":1.65110439353,"TOTAL_ASSETS":11970082360.88,"TOTAL_LIABILITIES":2995223844.48,"TAX_EBT":25.073825341734,"OCF_SALES":61.322094962122,"TOTAL_PARENT_EQUITY":7302533721.7,"DEBT_ASSET_RATIO":25.0225834224,"OPERATE_PROFIT":373727846.66,"PRETAX_PROFIT":301049002.66,"NETCASH_OPERATE":157639687.66,"NETCASH_INVEST":13158314.4,"NETCASH_FINANCE":-274063583.5,"END_CASH":410099892.58,"DIVI_RATIO":0.187258579913,"DIVIDEND_RATE":5.063291139241,"CURRENT_RATIO":1.542781909199,"COMMON_ACS":10000000000,"CURRENTDEBT_DEBT":35.550395984006,"ISSUED_COMMON_SHARES":836074218,"HK_COMMON_SHARES":836074218,"PER_SHARES":2000,"TOTAL_MARKET_CAP":660498632.22,"HKSK_MARKET_CAP":660498632.22,"PE_TTM":3.415018004343,"PB_TTM":0.08084521704,"REPORT_DATE_SQ":"2022-12-31 00:00:00","REPORT_TYPE_SQ":"2022年年报","OPERATE_INCOME_SQ":244499611.51,"DPS_HKD":0.04,"OPERATE_INCOME_QOQ_SQ":8.674393565433,"NET_PROFIT_RATIO_SQ":135.638789535,"HOLDER_PROFIT_SQ":235930472.4,"HOLDER_PROFIT_QOQ_SQ":-28.234319774517,"ROE_AVG_SQ":3.301598222547,"PE_TTM_SQ":2.362190319986,"PB_TTM_SQ":0.085467326318,"ROA_SQ":1.99487323922,"START_DATE":"2023-01-01 00:00:00","FISCAL_YEAR":"12-31","CURRENCY":"HKD","IS_CNY_CODE":0,"DPS_HKD_LY":0.04,"ORG_TYPE":"一般企业","PREMIUM_INCOME":null,"PREMIUM_INCOME_YOY":null,"NET_INTEREST_INCOME":null,"NET_INTEREST_INCOME_YOY":null,"FEE_COMMISSION_INCOME":null,"FEE_COMMISSION_INCOME_YOY":null,"ACCOUNTS_RECE_TDAYS":42.175289919715,"INVENTORY_TDAYS":0.171062015036,"CURRENT_ASSETS_TDAYS":0.15432187588,"TOTAL_ASSETS_TDAYS":0.021529826659,"PREMIUM_EXPENSE":null,"LOAN_DEPOSIT":null,"LOAN_EQUITY":null,"LOAN_ASSETS":null,"DEPOSIT_EQUITY":null,"DEPOSIT_ASSETS":null,"EQUITY_MULTIPLIER":1.333734937326,"EQUITY_RATIO":0.410162274989},{"SECUCODE":"00898.HK","SECURITY_CODE":"00898","SECURITY_NAME_ABBR":"万事昌国际","ORG_CODE":"10009148","STD_REPORT_DATE":"2023-06-30 00:00:00","REPORT_DATE":"2023-06-30 00:00:00","DATE_TYPE_CODE":"002","REPORT_TYPE":"2023年中报","PER_NETCASH_OPERATE":0.08742373448,"PER_OI":0.150303584675,"BPS":8.845761679617,"BASIC_EPS":0.126126864,"DILUTED_EPS":0.126126864,"OPERATE_INCOME":125664952.02,"OPERATE_INCOME_YOY":1.2615062295,"GROSS_PROFIT":105300257.78,"GROSS_PROFIT_YOY":8.19457302087,"HOLDER_PROFIT":105437632.8,"HOLDER_PROFIT_YOY":29.5878706841,"GROSS_PROFIT_RATIO":83.794451903536,"EPS_TTM":0.318032104286,"OPERATE_INCOME_QOQ":4.317194111193,"NET_PROFIT_RATIO":102.8899698457,"ROE_AVG":1.434388485608,"GROSS_PROFIT_QOQ":3.868453478787,"ROA":0.874924373667,"HOLDER_PROFIT_QOQ":12.702034707578,"ROE_YEARLY":2.868776971216,"ROIC_YEARLY":2.112035485742,"TOTAL_ASSETS":11984863197.02,"TOTAL_LIABILITIES":2932541786,"TAX_EBT":4.695304695305,"OCF_SALES":58.164770101028,"TOTAL_PARENT_EQUITY":7395713278.9,"DEBT_ASSET_RATIO":24.4687130574,"OPERATE_PROFIT":169800134.62,"PRETAX_PROFIT":135666591.06,"NETCASH_OPERATE":73092730.44,"NETCASH_INVEST":8337465.14,"NETCASH_FINANCE":-292004895.7,"END_CASH":316095311.12,"DIVI_RATIO":0.114384678495,"DIVIDEND_RATE":5.063291139241,"CURRENT_RATIO":0.965567882369,"COMMON_ACS":10000000000,"CURRENTDEBT_DEBT":56.003458358223,"ISSUED_COMMON_SHARES":836074218,"HK_COMMON_SHARES":836074218,"PER_SHARES":2000,"TOTAL_MARKET_CAP":660498632.22,"HKSK_MARKET_CAP":660498632.22,"PE_TTM":3.415018004343,"PB_TTM":0.08084521704,"REPORT_DATE_SQ":"2022-06-30 00:00:00","REPORT_TYPE_SQ":"2022年中报","OPERATE_INCOME_SQ":115109429.19,"DPS_HKD":0.04,"OPERATE_INCOME_QOQ_SQ":2.577215815982,"NET_PROFIT_RATIO_SQ":79.2052064992,"HOLDER_PROFIT_SQ":75469662.31,"HOLDER_PROFIT_QOQ_SQ":-4.55788736581,"ROE_AVG_SQ":1.088246978262,"PE_TTM_SQ":2.362190319986,"PB_TTM_SQ":0.085467326318,"ROA_SQ":0.652786191459,"START_DATE":"2023-01-01 00:00:00","FISCAL_YEAR":"12-31","CURRENCY":"HKD","IS_CNY_CODE":0,"DPS_HKD_LY":0.04,"ORG_TYPE":"一般企业","PREMIUM_INCOME":null,"PREMIUM_INCOME_YOY":null,"NET_INTEREST_INCOME":null,"NET_INTEREST_INCOME_YOY":null,"FEE_COMMISSION_INCOME":null,"FEE_COMMISSION_INCOME_YOY":null,"ACCOUNTS_RECE_TDAYS":14.797416132885,"INVENTORY_TDAYS":0.078367648155,"CURRENT_ASSETS_TDAYS":0.076069367065,"TOTAL_ASSETS_TDAYS":0.010427712243,"PREMIUM_EXPENSE":null,"LOAN_DEPOSIT":null,"LOAN_EQUITY":null,"LOAN_ASSETS":null,"DEPOSIT_EQUITY":null,"DEPOSIT_ASSETS":null,"EQUITY_MULTIPLIER":1.323954668957,"EQUITY_RATIO":0.396519128772},{"SECUCODE":"00898.HK","SECURITY_CODE":"00898","SECURITY_NAME_ABBR":"万事昌国际","ORG_CODE":"10009148","STD_REPORT_DATE":"2022-12-31 00:00:00","REPORT_DATE":"2022-12-31 00:00:00","DATE_TYPE_CODE":"001","REPORT_TYPE":"2022年年报","PER_NETCASH_OPERATE":0.160098023367,"PER_OI":0.292437688241,"BPS":8.465990569895,"BASIC_EPS":0.282183993,"DILUTED_EPS":0.282183993,"OPERATE_INCOME":244499611.51,"OPERATE_INCOME_YOY":2.031968747,"GROSS_PROFIT":206164036.19,"GROSS_PROFIT_YOY":16.648892764088,"HOLDER_PROFIT":235930472.4,"HOLDER_PROFIT_YOY":-37.30758732,"GROSS_PROFIT_RATIO":84.32080317705,"EPS_TTM":0.282188431745,"OPERATE_INCOME_QOQ":8.674393565433,"NET_PROFIT_RATIO":135.638789535,"ROE_AVG":3.301598222547,"GROSS_PROFIT_QOQ":11.281051782626,"ROA":1.99487323922,"HOLDER_PROFIT_QOQ":-28.234319774517,"ROE_YEARLY":3.301598222547,"ROIC_YEARLY":2.412453014504,"TOTAL_ASSETS":11739925139.53,"TOTAL_LIABILITIES":3078781899.34,"TAX_EBT":20.01202207926,"OCF_SALES":54.746029600348,"TOTAL_PARENT_EQUITY":7078196445.32,"DEBT_ASSET_RATIO":26.2248852761,"OPERATE_PROFIT":447975798.27,"PRETAX_PROFIT":414607697.42,"NETCASH_OPERATE":133853829.69,"NETCASH_INVEST":-9289114.73,"NETCASH_FINANCE":-47363855.21,"END_CASH":510273341.34,"DIVI_RATIO":0.128913860058,"DIVIDEND_RATE":5.063291139241,"CURRENT_RATIO":1.032968257285,"COMMON_ACS":10000000000,"CURRENTDEBT_DEBT":52.343672478894,"ISSUED_COMMON_SHARES":836074218,"HK_COMMON_SHARES":836074218,"PER_SHARES":2000,"TOTAL_MARKET_CAP":660498632.22,"HKSK_MARKET_CAP":660498632.22,"PE_TTM":3.415018004343,"PB_TTM":0.08084521704,"REPORT_DATE_SQ":"2021-12-31 00:00:00","REPORT_TYPE_SQ":"2021年年报","OPERATE_INCOME_SQ":219331011.2,"DPS_HKD":0.04,"OPERATE_INCOME_QOQ_SQ":-33.890216178756,"NET_PROFIT_RATIO_SQ":182.5245468982,"HOLDER_PROFIT_SQ":344450792,"HOLDER_PROFIT_QOQ_SQ":51.050306784463,"ROE_AVG_SQ":5.381686909974,"PE_TTM_SQ":2.362190319986,"PB_TTM_SQ":0.085467326318,"ROA_SQ":3.23208518997,"START_DATE":"2022-01-01 00:00:00","FISCAL_YEAR":"12-31","CURRENCY":"HKD","IS_CNY_CODE":0,"DPS_HKD_LY":0.045,"ORG_TYPE":"一般企业","PREMIUM_INCOME":null,"PREMIUM_INCOME_YOY":null,"NET_INTEREST_INCOME":null,"NET_INTEREST_INCOME_YOY":null,"FEE_COMMISSION_INCOME":null,"FEE_COMMISSION_INCOME_YOY":null,"ACCOUNTS_RECE_TDAYS":28.548943937419,"INVENTORY_TDAYS":0.152264849158,"CURRENT_ASSETS_TDAYS":0.147934181334,"TOTAL_ASSETS_TDAYS":0.020673282558,"PREMIUM_EXPENSE":null,"LOAN_DEPOSIT":null,"LOAN_EQUITY":null,"LOAN_ASSETS":null,"DEPOSIT_EQUITY":null,"DEPOSIT_ASSETS":null,"EQUITY_MULTIPLIER":1.355470613285,"EQUITY_RATIO":0.434967003689},{"SECUCODE":"00898.HK","SECURITY_CODE":"00898","SECURITY_NAME_ABBR":"万事昌国际","ORG_CODE":"10009148","STD_REPORT_DATE":"2022-06-30 00:00:00","REPORT_DATE":"2022-06-30 00:00:00","DATE_TYPE_CODE":"002","REPORT_TYPE":"2022年中报","PER_NETCASH_OPERATE":0.101690044256,"PER_OI":0.13767848202,"BPS":8.329131345215,"BASIC_EPS":0.090308064,"DILUTED_EPS":0.090308064,"OPERATE_INCOME":115109429.19,"OPERATE_INCOME_YOY":2.3223815243,"GROSS_PROFIT":97324897.95,"GROSS_PROFIT_YOY":9.600631647599,"HOLDER_PROFIT":75469662.31,"HOLDER_PROFIT_YOY":-19.4573233061,"GROSS_PROFIT_RATIO":84.549891902735,"EPS_TTM":0.393208049946,"OPERATE_INCOME_QOQ":2.577215815982,"NET_PROFIT_RATIO":79.2052064992,"ROE_AVG":1.088246978262,"GROSS_PROFIT_QOQ":4.823679229728,"ROA":0.652786191459,"HOLDER_PROFIT_QOQ":-4.55788736581,"ROE_YEARLY":2.176493956523,"ROIC_YEARLY":1.589940937754,"TOTAL_ASSETS":11716448496.76,"TOTAL_LIABILITIES":3218292912.31,"TAX_EBT":5.872225459554,"OCF_SALES":73.860521095683,"TOTAL_PARENT_EQUITY":6963771976.07,"DEBT_ASSET_RATIO":27.4681607929,"OPERATE_PROFIT":106202625.34,"PRETAX_PROFIT":96860529.78,"NETCASH_OPERATE":85020424.23,"NETCASH_INVEST":-14693019.39,"NETCASH_FINANCE":219627330.23,"END_CASH":685383473.6,"DIVI_RATIO":0.092515908576,"DIVIDEND_RATE":5.063291139241,"CURRENT_RATIO":1.042803117423,"COMMON_ACS":10000000000,"CURRENTDEBT_DEBT":55.572804244418,"ISSUED_COMMON_SHARES":836074218,"HK_COMMON_SHARES":836074218,"PER_SHARES":2000,"TOTAL_MARKET_CAP":660498632.22,"HKSK_MARKET_CAP":660498632.22,"PE_TTM":3.415018004343,"PB_TTM":0.08084521704,"REPORT_DATE_SQ":"2021-06-30 00:00:00","REPORT_TYPE_SQ":"2021年中报","OPERATE_INCOME_SQ":109456795.68,"DPS_HKD":0.04,"OPERATE_INCOME_QOQ_SQ":405.303249551601,"NET_PROFIT_RATIO_SQ":73.7140105602,"HOLDER_PROFIT_SQ":91169341.44,"HOLDER_PROFIT_QOQ_SQ":625.321360617931,"ROE_AVG_SQ":1.436893305741,"PE_TTM_SQ":2.362190319986,"PB_TTM_SQ":0.085467326318,"ROA_SQ":0.861333572628,"START_DATE":"2022-01-01 00:00:00","FISCAL_YEAR":"12-31","CURRENCY":"HKD","IS_CNY_CODE":0,"DPS_HKD_LY":0.045,"ORG_TYPE":"一般企业","PREMIUM_INCOME":null,"PREMIUM_INCOME_YOY":null,"NET_INTEREST_INCOME":null,"NET_INTEREST_INCOME_YOY":null,"FEE_COMMISSION_INCOME":null,"FEE_COMMISSION_INCOME_YOY":null,"ACCOUNTS_RECE_TDAYS":13.977258566978,"INVENTORY_TDAYS":0.073783665838,"CURRENT_ASSETS_TDAYS":0.067003140064,"TOTAL_ASSETS_TDAYS":0.009956563152,"PREMIUM_EXPENSE":null,"LOAN_DEPOSIT":null,"LOAN_EQUITY":null,"LOAN_ASSETS":null,"DEPOSIT_EQUITY":null,"DEPOSIT_ASSETS":null,"EQUITY_MULTIPLIER":1.37870487076,"EQUITY_RATIO":0.462147945592},{"SECUCODE":"00898.HK","SECURITY_CODE":"00898","SECURITY_NAME_ABBR":"万事昌国际","ORG_CODE":"10009148","STD_REPORT_DATE":"2021-12-31 00:00:00","REPORT_DATE":"2021-12-31 00:00:00","DATE_TYPE_CODE":"001","REPORT_TYPE":"2021年年报","PER_NETCASH_OPERATE":0.187323304831,"PER_OI":0.262334379506,"BPS":7.897166254683,"BASIC_EPS":0.41198864,"DILUTED_EPS":0.41198864,"OPERATE_INCOME":219331011.2,"OPERATE_INCOME_YOY":6.2516338057,"GROSS_PROFIT":176738956.8,"GROSS_PROFIT_YOY":4.073117396494,"HOLDER_PROFIT":344450792,"HOLDER_PROFIT_YOY":1027.8142149645,"GROSS_PROFIT_RATIO":80.58092461847,"EPS_TTM":0.411985903385,"OPERATE_INCOME_QOQ":-33.890216178756,"NET_PROFIT_RATIO":182.5245468982,"ROE_AVG":5.381686909974,"GROSS_PROFIT_QOQ":-38.635443656878,"ROA":3.23208518997,"HOLDER_PROFIT_QOQ":51.050306784463,"ROE_YEARLY":5.381686909974,"ROIC_YEARLY":3.914606123509,"TOTAL_ASSETS":10904526606.4,"TOTAL_LIABILITIES":2848395760,"TAX_EBT":19.892676302895,"OCF_SALES":71.406311740015,"TOTAL_PARENT_EQUITY":6602617100.8,"DEBT_ASSET_RATIO":26.1212234406,"OPERATE_PROFIT":513608144,"PRETAX_PROFIT":499745736,"NETCASH_OPERATE":156616185.6,"NETCASH_INVEST":12966318.4,"NETCASH_FINANCE":-165473246.4,"END_CASH":378049246.4,"DIVI_RATIO":0.088299137667,"DIVIDEND_RATE":5.063291139241,"CURRENT_RATIO":1.013442550956,"COMMON_ACS":10000000000,"CURRENTDEBT_DEBT":52.026579789601,"ISSUED_COMMON_SHARES":836074218,"HK_COMMON_SHARES":836074218,"PER_SHARES":2000,"TOTAL_MARKET_CAP":660498632.22,"HKSK_MARKET_CAP":660498632.22,"PE_TTM":3.415018004343,"PB_TTM":0.08084521704,"REPORT_DATE_SQ":"2020-12-31 00:00:00","REPORT_TYPE_SQ":"2020年年报","OPERATE_INCOME_SQ":212495583.92,"DPS_HKD":0.04,"OPERATE_INCOME_QOQ_SQ":651.22736753603,"NET_PROFIT_RATIO_SQ":9.0038584302,"HOLDER_PROFIT_SQ":31439462.2,"HOLDER_PROFIT_QOQ_SQ":-89.123191455088,"ROE_AVG_SQ":0.498577642273,"PE_TTM_SQ":2.362190319986,"PB_TTM_SQ":0.085467326318,"ROA_SQ":0.296101616716,"START_DATE":"2021-01-01 00:00:00","FISCAL_YEAR":"12-31","CURRENCY":"HKD","IS_CNY_CODE":0,"DPS_HKD_LY":0.025,"ORG_TYPE":"一般企业","PREMIUM_INCOME":null,"PREMIUM_INCOME_YOY":null,"NET_INTEREST_INCOME":null,"NET_INTEREST_INCOME_YOY":null,"FEE_COMMISSION_INCOME":null,"FEE_COMMISSION_INCOME_YOY":null,"ACCOUNTS_RECE_TDAYS":32.968170087256,"INVENTORY_TDAYS":0.184828153883,"CURRENT_ASSETS_TDAYS":0.144665154918,"TOTAL_ASSETS_TDAYS":0.020580487241,"PREMIUM_EXPENSE":null,"LOAN_DEPOSIT":null,"LOAN_EQUITY":null,"LOAN_ASSETS":null,"DEPOSIT_EQUITY":null,"DEPOSIT_ASSETS":null,"EQUITY_MULTIPLIER":1.353568706157,"EQUITY_RATIO":0.43140405032},{"SECUCODE":"00898.HK","SECURITY_CODE":"00898","SECURITY_NAME_ABBR":"万事昌国际","ORG_CODE":"10009148","STD_REPORT_DATE":"2021-06-30 00:00:00","REPORT_DATE":"2021-06-30 00:00:00","DATE_TYPE_CODE":"002","REPORT_TYPE":"2021年中报","PER_NETCASH_OPERATE":0.093186677741,"PER_OI":0.1309175589,"BPS":7.633032298384,"BASIC_EPS":0.109085688,"DILUTED_EPS":0.109085688,"OPERATE_INCOME":109456795.68,"OPERATE_INCOME_YOY":242.554618401,"GROSS_PROFIT":88799577.6,"GROSS_PROFIT_YOY":165.607427233002,"HOLDER_PROFIT":91169341.44,"HOLDER_PROFIT_YOY":194.9306440014,"GROSS_PROFIT_RATIO":86.259533534797,"EPS_TTM":0.272747478741,"OPERATE_INCOME_QOQ":405.303249551601,"NET_PROFIT_RATIO":73.7140105602,"ROE_AVG":1.436893305741,"GROSS_PROFIT_QOQ":1153.13663523573,"ROA":0.861333572628,"HOLDER_PROFIT_QOQ":625.321360617931,"ROE_YEARLY":2.873786611482,"ROIC_YEARLY":2.10003121738,"TOTAL_ASSETS":10575046173.6,"TOTAL_LIABILITIES":2645581718.4,"TAX_EBT":4.118612586929,"OCF_SALES":51.823686337019,"TOTAL_PARENT_EQUITY":6381781509.84,"DEBT_ASSET_RATIO":25.0172119816,"OPERATE_PROFIT":122600331.36,"PRETAX_PROFIT":115580904.48,"NETCASH_OPERATE":77910978.72,"NETCASH_INVEST":14989089.12,"NETCASH_FINANCE":-143006261.28,"END_CASH":338289612.72,"DIVI_RATIO":0.133376118334,"DIVIDEND_RATE":5.063291139241,"CURRENT_RATIO":1.338420821795,"COMMON_ACS":10000000000,"CURRENTDEBT_DEBT":43.887176519431,"ISSUED_COMMON_SHARES":836074218,"HK_COMMON_SHARES":836074218,"PER_SHARES":2000,"TOTAL_MARKET_CAP":660498632.22,"HKSK_MARKET_CAP":660498632.22,"PE_TTM":3.415018004343,"PB_TTM":0.08084521704,"REPORT_DATE_SQ":"2020-06-30 00:00:00","REPORT_TYPE_SQ":"2020年中报","OPERATE_INCOME_SQ":-115772125.92,"DPS_HKD":0.04,"OPERATE_INCOME_QOQ_SQ":-104.249157992825,"NET_PROFIT_RATIO_SQ":null,"HOLDER_PROFIT_SQ":-105428331.36,"HOLDER_PROFIT_QOQ_SQ":-39.230807329753,"ROE_AVG_SQ":-1.574561028649,"PE_TTM_SQ":2.362190319986,"PB_TTM_SQ":0.085467326318,"ROA_SQ":-0.932950040747,"START_DATE":"2021-01-01 00:00:00","FISCAL_YEAR":"12-31","CURRENCY":"HKD","IS_CNY_CODE":0,"DPS_HKD_LY":0.025,"ORG_TYPE":"一般企业","PREMIUM_INCOME":null,"PREMIUM_INCOME_YOY":null,"NET_INTEREST_INCOME":null,"NET_INTEREST_INCOME_YOY":null,"FEE_COMMISSION_INCOME":null,"FEE_COMMISSION_INCOME_YOY":null,"ACCOUNTS_RECE_TDAYS":16.335030423445,"INVENTORY_TDAYS":0.088082000773,"CURRENT_ASSETS_TDAYS":0.096633513823,"TOTAL_ASSETS_TDAYS":0.014203419542,"PREMIUM_EXPENSE":null,"LOAN_DEPOSIT":null,"LOAN_EQUITY":null,"LOAN_ASSETS":null,"DEPOSIT_EQUITY":null,"DEPOSIT_ASSETS":null,"EQUITY_MULTIPLIER":1.333639394356,"EQUITY_RATIO":0.414552224065},{"SECUCODE":"00898.HK","SECURITY_CODE":"00898","SECURITY_NAME_ABBR":"万事昌国际","ORG_CODE":"10009148","STD_REPORT_DATE":"2020-12-31 00:00:00","REPORT_DATE":"2020-12-31 00:00:00","DATE_TYPE_CODE":"001","REPORT_TYPE":"2020年年报","PER_NETCASH_OPERATE":0.034641082146,"PER_OI":0.050831751355,"BPS":7.631474089397,"BASIC_EPS":0.037621308,"DILUTED_EPS":0.037621308,"OPERATE_INCOME":212495583.92,"OPERATE_INCOME_YOY":-75.0707826031,"GROSS_PROFIT":169821911,"GROSS_PROFIT_YOY":-27.840100388858,"HOLDER_PROFIT":31439462.2,"HOLDER_PROFIT_YOY":-92.9650673361,"GROSS_PROFIT_RATIO":35.005319762598,"EPS_TTM":0.007520734764,"OPERATE_INCOME_QOQ":651.22736753603,"NET_PROFIT_RATIO":9.0038584302,"ROE_AVG":0.498577642273,"GROSS_PROFIT_QOQ":140.422421927192,"ROA":0.296101616716,"HOLDER_PROFIT_QOQ":-89.123191455088,"ROE_YEARLY":0.498577642273,"ROIC_YEARLY":0.36162771291,"TOTAL_ASSETS":10716020546.76,"TOTAL_LIABILITIES":2788320496.04,"TAX_EBT":75.20999505894,"OCF_SALES":220.558639166271,"TOTAL_PARENT_EQUITY":6380478731.48,"DEBT_ASSET_RATIO":26.0201115132,"OPERATE_PROFIT":49937026.12,"PRETAX_PROFIT":23847027.76,"NETCASH_OPERATE":144812578.4,"NETCASH_INVEST":2411298.6,"NETCASH_FINANCE":-205076527.32,"END_CASH":392858194.28,"DIVI_RATIO":4.837027383527,"DIVIDEND_RATE":5.063291139241,"CURRENT_RATIO":1.220450719359,"COMMON_ACS":10000000000,"CURRENTDEBT_DEBT":58.368510827625,"ISSUED_COMMON_SHARES":836074218,"HK_COMMON_SHARES":836074218,"PER_SHARES":2000,"TOTAL_MARKET_CAP":660498632.22,"HKSK_MARKET_CAP":660498632.22,"PE_TTM":3.415018004343,"PB_TTM":0.08084521704,"REPORT_DATE_SQ":"2019-12-31 00:00:00","REPORT_TYPE_SQ":"2019年年报","OPERATE_INCOME_SQ":280316435.4,"DPS_HKD":0.04,"OPERATE_INCOME_QOQ_SQ":60.016491155822,"NET_PROFIT_RATIO_SQ":194.5131499057,"HOLDER_PROFIT_SQ":475652909.54,"HOLDER_PROFIT_QOQ_SQ":-34.033599476703,"ROE_AVG_SQ":7.372623408374,"PE_TTM_SQ":2.362190319986,"PB_TTM_SQ":0.085467326318,"ROA_SQ":4.29932976128,"START_DATE":"2020-01-01 00:00:00","FISCAL_YEAR":"12-31","CURRENCY":"HKD","IS_CNY_CODE":0,"DPS_HKD_LY":0.0125,"ORG_TYPE":"一般企业","PREMIUM_INCOME":null,"PREMIUM_INCOME_YOY":null,"NET_INTEREST_INCOME":null,"NET_INTEREST_INCOME_YOY":null,"FEE_COMMISSION_INCOME":null,"FEE_COMMISSION_INCOME_YOY":null,"ACCOUNTS_RECE_TDAYS":46.317739864245,"INVENTORY_TDAYS":0.179892922147,"CURRENT_ASSETS_TDAYS":0.039290988321,"TOTAL_ASSETS_TDAYS":0.00618369247,"PREMIUM_EXPENSE":null,"LOAN_DEPOSIT":null,"LOAN_EQUITY":null,"LOAN_ASSETS":null,"DEPOSIT_EQUITY":null,"DEPOSIT_ASSETS":null,"EQUITY_MULTIPLIER":1.351718717687,"EQUITY_RATIO":0.437008038642},{"SECUCODE":"00898.HK","SECURITY_CODE":"00898","SECURITY_NAME_ABBR":"万事昌国际","ORG_CODE":"10009148","STD_REPORT_DATE":"2020-06-30 00:00:00","REPORT_DATE":"2020-06-30 00:00:00","DATE_TYPE_CODE":"002","REPORT_TYPE":"2020年中报","PER_NETCASH_OPERATE":0.01299919501,"PER_OI":-0.027694222205,"BPS":7.92835633604,"BASIC_EPS":-0.12605472,"DILUTED_EPS":-0.12605472,"OPERATE_INCOME":-115772125.92,"OPERATE_INCOME_YOY":-163.1835290012,"GROSS_PROFIT":-135349885.44,"GROSS_PROFIT_YOY":-186.292818722723,"HOLDER_PROFIT":-105428331.36,"HOLDER_PROFIT_YOY":-225.0761278297,"GROSS_PROFIT_RATIO":null,"EPS_TTM":0.069144682775,"OPERATE_INCOME_QOQ":-104.249157992825,"NET_PROFIT_RATIO":null,"ROE_AVG":-1.574561028649,"GROSS_PROFIT_QOQ":-124.159955367146,"ROA":-0.932950040747,"HOLDER_PROFIT_QOQ":-39.230807329753,"ROE_YEARLY":-3.149122057299,"ROIC_YEARLY":-2.27426858661,"TOTAL_ASSETS":11184077150.4,"TOTAL_LIABILITIES":3045188820.96,"TAX_EBT":-3.301794559833,"OCF_SALES":null,"TOTAL_PARENT_EQUITY":6628694323.68,"DEBT_ASSET_RATIO":27.2278953374,"OPERATE_PROFIT":-149755747.68,"PRETAX_PROFIT":-168175265.28,"NETCASH_OPERATE":54341459.04,"NETCASH_INVEST":1499868.48,"NETCASH_FINANCE":-70304736.48,"END_CASH":477551912.64,"DIVI_RATIO":0.526114207771,"DIVIDEND_RATE":5.063291139241,"CURRENT_RATIO":2.863205894301,"COMMON_ACS":10000000000,"CURRENTDEBT_DEBT":19.346389466065,"ISSUED_COMMON_SHARES":836074218,"HK_COMMON_SHARES":836074218,"PER_SHARES":2000,"TOTAL_MARKET_CAP":660498632.22,"HKSK_MARKET_CAP":660498632.22,"PE_TTM":3.415018004343,"PB_TTM":0.08084521704,"REPORT_DATE_SQ":"2019-06-30 00:00:00","REPORT_TYPE_SQ":"2019年中报","OPERATE_INCOME_SQ":176455397.7,"DPS_HKD":0.04,"OPERATE_INCOME_QOQ_SQ":258.428108305945,"NET_PROFIT_RATIO_SQ":69.2614471946,"HOLDER_PROFIT_SQ":81174145.14,"HOLDER_PROFIT_QOQ_SQ":12.337428269683,"ROE_AVG_SQ":1.312404045059,"PE_TTM_SQ":2.362190319986,"PB_TTM_SQ":0.085467326318,"ROA_SQ":0.75041306507,"START_DATE":"2020-01-01 00:00:00","FISCAL_YEAR":"12-31","CURRENCY":"HKD","IS_CNY_CODE":0,"DPS_HKD_LY":0.0125,"ORG_TYPE":"一般企业","PREMIUM_INCOME":null,"PREMIUM_INCOME_YOY":null,"NET_INTEREST_INCOME":null,"NET_INTEREST_INCOME_YOY":null,"FEE_COMMISSION_INCOME":null,"FEE_COMMISSION_INCOME_YOY":null,"ACCOUNTS_RECE_TDAYS":-22.67925203543,"INVENTORY_TDAYS":0.076043725231,"CURRENT_ASSETS_TDAYS":-0.064242662627,"TOTAL_ASSETS_TDAYS":-0.010244837246,"PREMIUM_EXPENSE":null,"LOAN_DEPOSIT":null,"LOAN_EQUITY":null,"LOAN_ASSETS":null,"DEPOSIT_EQUITY":null,"DEPOSIT_ASSETS":null,"EQUITY_MULTIPLIER":1.374152918397,"EQUITY_RATIO":0.459394968641}],"count":45},"success":true,"message":"ok","code":0}