{"version":"9266f6f6e8ab25f31fe9cfe02c9a719b","result":{"pages":10,"data":[{"SECUCODE":"00895.HK","SECURITY_CODE":"00895","SECURITY_NAME_ABBR":"东江环保","ORG_CODE":"10010791","STD_REPORT_DATE":"2024-09-30 00:00:00","REPORT_DATE":"2024-09-30 00:00:00","DATE_TYPE_CODE":"004","REPORT_TYPE":"2024年三季报","PER_NETCASH_OPERATE":-0.097376917032,"PER_OI":2.232317497058,"BPS":3.668764185949,"BASIC_EPS":-0.32,"DILUTED_EPS":-0.32,"OPERATE_INCOME":2467281865.53,"OPERATE_INCOME_YOY":-17.3913124011,"GROSS_PROFIT":157882194.26,"GROSS_PROFIT_YOY":-1.500428460381,"HOLDER_PROFIT":-354282204.17,"HOLDER_PROFIT_YOY":0.7400902435,"GROSS_PROFIT_RATIO":6.39903354642,"EPS_TTM":-0.676611703134,"OPERATE_INCOME_QOQ":-1.857548131688,"NET_PROFIT_RATIO":-17.6409492207,"ROE_AVG":-8.285998375997,"GROSS_PROFIT_QOQ":26.089943203666,"ROA":-2.98095950436,"HOLDER_PROFIT_QOQ":7.550682876328,"ROE_YEARLY":-11.047997834662,"ROIC_YEARLY":-3.365076848624,"TOTAL_ASSETS":11608178102.59,"TOTAL_LIABILITIES":6996051932.66,"TAX_EBT":-1.665344353415,"OCF_SALES":-4.362144594569,"TOTAL_PARENT_EQUITY":4054922902.69,"DEBT_ASSET_RATIO":60.2683028364,"OPERATE_PROFIT":-285764122.43,"PRETAX_PROFIT":-428122231.62,"NETCASH_OPERATE":-107626402.53,"NETCASH_INVEST":-691476665.79,"NETCASH_FINANCE":-169733230.43,"END_CASH":268984042.09,"DIVI_RATIO":null,"DIVIDEND_RATE":null,"CURRENT_RATIO":0.912145442039,"COMMON_ACS":null,"CURRENTDEBT_DEBT":54.732763610348,"ISSUED_COMMON_SHARES":1105255802,"HK_COMMON_SHARES":200137500,"PER_SHARES":200,"TOTAL_MARKET_CAP":1934197653.5,"HKSK_MARKET_CAP":350240625,"PE_TTM":-2.324656812139,"PB_TTM":0.430153702995,"REPORT_DATE_SQ":"2023-09-30 00:00:00","REPORT_TYPE_SQ":"2023年三季报","OPERATE_INCOME_SQ":2986709917.86,"DPS_HKD":null,"OPERATE_INCOME_QOQ_SQ":4.293193570398,"NET_PROFIT_RATIO_SQ":-14.9415830005,"HOLDER_PROFIT_SQ":-356923762.11,"HOLDER_PROFIT_QOQ_SQ":-6.565555425357,"ROE_AVG_SQ":-7.971190404396,"PE_TTM_SQ":-2.091202206414,"PB_TTM_SQ":0.333463568814,"ROA_SQ":-2.982084771816,"START_DATE":"2024-01-01 00:00:00","FISCAL_YEAR":"12-31","CURRENCY":"HKD","IS_CNY_CODE":0,"DPS_HKD_LY":null,"ORG_TYPE":"一般企业","PREMIUM_INCOME":null,"PREMIUM_INCOME_YOY":null,"NET_INTEREST_INCOME":null,"NET_INTEREST_INCOME_YOY":null,"FEE_COMMISSION_INCOME":null,"FEE_COMMISSION_INCOME_YOY":null,"ACCOUNTS_RECE_TDAYS":2.182682432385,"INVENTORY_TDAYS":2.806289442348,"CURRENT_ASSETS_TDAYS":0.689793444557,"TOTAL_ASSETS_TDAYS":0.207599118455,"PREMIUM_EXPENSE":null,"LOAN_DEPOSIT":null,"LOAN_EQUITY":null,"LOAN_ASSETS":null,"DEPOSIT_EQUITY":null,"DEPOSIT_ASSETS":null,"EQUITY_MULTIPLIER":2.516882165598,"EQUITY_RATIO":1.725323045728},{"SECUCODE":"00895.HK","SECURITY_CODE":"00895","SECURITY_NAME_ABBR":"东江环保","ORG_CODE":"10010791","STD_REPORT_DATE":"2024-06-30 00:00:00","REPORT_DATE":"2024-06-30 00:00:00","DATE_TYPE_CODE":"002","REPORT_TYPE":"2024年中报","PER_NETCASH_OPERATE":0.002154407745,"PER_OI":1.405428905643,"BPS":3.746458668488,"BASIC_EPS":-0.23,"DILUTED_EPS":-0.23,"OPERATE_INCOME":1553358452.26,"OPERATE_INCOME_YOY":-22.58307287,"GROSS_PROFIT":77724149.7,"GROSS_PROFIT_YOY":-32.802397909183,"HOLDER_PROFIT":-257357295.18,"HOLDER_PROFIT_YOY":-29.3767322678,"GROSS_PROFIT_RATIO":5.003619711015,"EPS_TTM":-0.731873121603,"OPERATE_INCOME_QOQ":-10.404486551839,"NET_PROFIT_RATIO":-20.556305826,"ROE_AVG":-5.959263285003,"GROSS_PROFIT_QOQ":3.321361412716,"ROA":-2.15583324871,"HOLDER_PROFIT_QOQ":-2.564690705737,"ROE_YEARLY":-11.918526570006,"ROIC_YEARLY":-4.996762503896,"TOTAL_ASSETS":11713938485.21,"TOTAL_LIABILITIES":6989544095.46,"TAX_EBT":-1.35651112571,"OCF_SALES":0.153291833996,"TOTAL_PARENT_EQUITY":4140795180.3,"DEBT_ASSET_RATIO":59.6686085067,"OPERATE_PROFIT":-221144308.3,"PRETAX_PROFIT":-315039567.24,"NETCASH_OPERATE":2381171.66,"NETCASH_INVEST":-147850885.18,"NETCASH_FINANCE":-195531541.11,"END_CASH":896795765.01,"DIVI_RATIO":null,"DIVIDEND_RATE":null,"CURRENT_RATIO":0.83642111752,"COMMON_ACS":null,"CURRENTDEBT_DEBT":59.511701002385,"ISSUED_COMMON_SHARES":1105255802,"HK_COMMON_SHARES":200137500,"PER_SHARES":200,"TOTAL_MARKET_CAP":2376299974.3,"HKSK_MARKET_CAP":430295625,"PE_TTM":-2.856006940628,"PB_TTM":0.528474549393,"REPORT_DATE_SQ":"2023-06-30 00:00:00","REPORT_TYPE_SQ":"2023年中报","OPERATE_INCOME_SQ":2006484253.31,"DPS_HKD":null,"OPERATE_INCOME_QOQ_SQ":2.883711890622,"NET_PROFIT_RATIO_SQ":-12.6632457573,"HOLDER_PROFIT_SQ":-198920849.73,"HOLDER_PROFIT_QOQ_SQ":-15.436788283935,"ROE_AVG_SQ":-4.3652905982,"PE_TTM_SQ":-2.247068209377,"PB_TTM_SQ":0.358317996303,"ROA_SQ":-1.62989533555,"START_DATE":"2024-01-01 00:00:00","FISCAL_YEAR":"12-31","CURRENCY":"HKD","IS_CNY_CODE":0,"DPS_HKD_LY":null,"ORG_TYPE":"一般企业","PREMIUM_INCOME":null,"PREMIUM_INCOME_YOY":null,"NET_INTEREST_INCOME":null,"NET_INTEREST_INCOME_YOY":null,"FEE_COMMISSION_INCOME":null,"FEE_COMMISSION_INCOME_YOY":null,"ACCOUNTS_RECE_TDAYS":1.411763417829,"INVENTORY_TDAYS":1.851931551421,"CURRENT_ASSETS_TDAYS":0.435106384222,"TOTAL_ASSETS_TDAYS":0.130121891288,"PREMIUM_EXPENSE":null,"LOAN_DEPOSIT":null,"LOAN_EQUITY":null,"LOAN_ASSETS":null,"DEPOSIT_EQUITY":null,"DEPOSIT_ASSETS":null,"EQUITY_MULTIPLIER":2.479458215981,"EQUITY_RATIO":1.687971462272},{"SECUCODE":"00895.HK","SECURITY_CODE":"00895","SECURITY_NAME_ABBR":"东江环保","ORG_CODE":"10010791","STD_REPORT_DATE":"2024-03-31 00:00:00","REPORT_DATE":"2024-03-31 00:00:00","DATE_TYPE_CODE":"003","REPORT_TYPE":"2024年一季报","PER_NETCASH_OPERATE":-0.108560654296,"PER_OI":0.714846397386,"BPS":3.927765607007,"BASIC_EPS":-0.14,"DILUTED_EPS":-0.14,"OPERATE_INCOME":790088128.25,"OPERATE_INCOME_YOY":-4.6611465724,"GROSS_PROFIT":-1075048.74,"GROSS_PROFIT_YOY":-102.606537901591,"HOLDER_PROFIT":-155869080.45,"HOLDER_PROFIT_YOY":-32.4743343206,"GROSS_PROFIT_RATIO":-0.136066940074,"EPS_TTM":-0.713572201668,"OPERATE_INCOME_QOQ":-0.96029742019,"NET_PROFIT_RATIO":-24.4205030959,"ROE_AVG":-3.527403844362,"GROSS_PROFIT_QOQ":-24.301035190784,"ROA":-1.299641289643,"HOLDER_PROFIT_QOQ":-5.091371882157,"ROE_YEARLY":-14.109615377448,"ROIC_YEARLY":-5.909604087234,"TOTAL_ASSETS":11824979499.89,"TOTAL_LIABILITIES":6974394942.17,"TAX_EBT":-0.975594137582,"OCF_SALES":-15.186570806445,"TOTAL_PARENT_EQUITY":4341185726.04,"DEBT_ASSET_RATIO":58.980186327,"OPERATE_PROFIT":-144092995.94,"PRETAX_PROFIT":-191079337.01,"NETCASH_OPERATE":-119987293.03,"NETCASH_INVEST":-608436973.54,"NETCASH_FINANCE":78275984.76,"END_CASH":587661723.66,"DIVI_RATIO":null,"DIVIDEND_RATE":null,"CURRENT_RATIO":0.907813381179,"COMMON_ACS":null,"CURRENTDEBT_DEBT":54.953553841869,"ISSUED_COMMON_SHARES":1105255802,"HK_COMMON_SHARES":200137500,"PER_SHARES":200,"TOTAL_MARKET_CAP":2376299974.3,"HKSK_MARKET_CAP":430295625,"PE_TTM":-2.856006940628,"PB_TTM":0.528474549393,"REPORT_DATE_SQ":"2023-03-31 00:00:00","REPORT_TYPE_SQ":"2023年一季报","OPERATE_INCOME_SQ":828715785.69,"DPS_HKD":null,"OPERATE_INCOME_QOQ_SQ":-3.47892111253,"NET_PROFIT_RATIO_SQ":-17.8136974774,"HOLDER_PROFIT_SQ":-117659832.94,"HOLDER_PROFIT_QOQ_SQ":-24.491981392689,"ROE_AVG_SQ":-2.942431854588,"PE_TTM_SQ":-2.247068209377,"PB_TTM_SQ":0.358317996303,"ROA_SQ":-0.994182498558,"START_DATE":"2024-01-01 00:00:00","FISCAL_YEAR":"12-31","CURRENCY":"HKD","IS_CNY_CODE":0,"DPS_HKD_LY":null,"ORG_TYPE":"一般企业","PREMIUM_INCOME":null,"PREMIUM_INCOME_YOY":null,"NET_INTEREST_INCOME":null,"NET_INTEREST_INCOME_YOY":null,"FEE_COMMISSION_INCOME":null,"FEE_COMMISSION_INCOME_YOY":null,"ACCOUNTS_RECE_TDAYS":0.705848573808,"INVENTORY_TDAYS":1.036921668292,"CURRENT_ASSETS_TDAYS":0.221303481731,"TOTAL_ASSETS_TDAYS":0.065877796351,"PREMIUM_EXPENSE":null,"LOAN_DEPOSIT":null,"LOAN_EQUITY":null,"LOAN_ASSETS":null,"DEPOSIT_EQUITY":null,"DEPOSIT_ASSETS":null,"EQUITY_MULTIPLIER":2.43784627588,"EQUITY_RATIO":1.606564515389},{"SECUCODE":"00895.HK","SECURITY_CODE":"00895","SECURITY_NAME_ABBR":"东江环保","ORG_CODE":"10010791","STD_REPORT_DATE":"2023-12-31 00:00:00","REPORT_DATE":"2023-12-31 00:00:00","DATE_TYPE_CODE":"001","REPORT_TYPE":"2023年年报","PER_NETCASH_OPERATE":0.000931319373,"PER_OI":3.639400125918,"BPS":4.068219594264,"BASIC_EPS":-0.74,"DILUTED_EPS":-0.74,"OPERATE_INCOME":4022468104.97,"OPERATE_INCOME_YOY":3.7126495213,"GROSS_PROFIT":174146347.42,"GROSS_PROFIT_YOY":-71.469292749728,"HOLDER_PROFIT":-750470568.53,"HOLDER_PROFIT_YOY":-50.37324768,"GROSS_PROFIT_RATIO":4.32934066537,"EPS_TTM":-0.679001700034,"OPERATE_INCOME_QOQ":0.139856855498,"NET_PROFIT_RATIO":-22.1125819618,"ROE_AVG":-17.544570537163,"GROSS_PROFIT_QOQ":-40.083665852799,"ROA":-6.288650570329,"HOLDER_PROFIT_QOQ":2.34208120793,"ROE_YEARLY":-17.544570537163,"ROIC_YEARLY":-7.237612123865,"TOTAL_ASSETS":12161497644.55,"TOTAL_LIABILITIES":7119601250.6,"TAX_EBT":-0.256612683977,"OCF_SALES":0.02558991428,"TOTAL_PARENT_EQUITY":4496423310.37,"DEBT_ASSET_RATIO":58.5421422483,"OPERATE_PROFIT":-718226103.4,"PRETAX_PROFIT":-887194901.95,"NETCASH_OPERATE":1029346.14,"NETCASH_INVEST":-493551800.57,"NETCASH_FINANCE":1111985097.71,"END_CASH":1237810786.72,"DIVI_RATIO":null,"DIVIDEND_RATE":null,"CURRENT_RATIO":1.117483796842,"COMMON_ACS":null,"CURRENTDEBT_DEBT":46.014823463097,"ISSUED_COMMON_SHARES":1105255802,"HK_COMMON_SHARES":200137500,"PER_SHARES":200,"TOTAL_MARKET_CAP":2376299974.3,"HKSK_MARKET_CAP":430295625,"PE_TTM":-2.856006940628,"PB_TTM":0.528474549393,"REPORT_DATE_SQ":"2022-12-31 00:00:00","REPORT_TYPE_SQ":"2022年年报","OPERATE_INCOME_SQ":3878473960.06,"DPS_HKD":null,"OPERATE_INCOME_QOQ_SQ":-8.123569628965,"NET_PROFIT_RATIO_SQ":-14.6628287311,"HOLDER_PROFIT_SQ":-499071862.92,"HOLDER_PROFIT_QOQ_SQ":-446.015070564365,"ROE_AVG_SQ":-11.58766870424,"PE_TTM_SQ":-2.247068209377,"PB_TTM_SQ":0.358317996303,"ROA_SQ":-4.26708899446,"START_DATE":"2023-01-01 00:00:00","FISCAL_YEAR":"12-31","CURRENCY":"HKD","IS_CNY_CODE":0,"DPS_HKD_LY":null,"ORG_TYPE":"一般企业","PREMIUM_INCOME":null,"PREMIUM_INCOME_YOY":null,"NET_INTEREST_INCOME":null,"NET_INTEREST_INCOME_YOY":null,"FEE_COMMISSION_INCOME":null,"FEE_COMMISSION_INCOME_YOY":null,"ACCOUNTS_RECE_TDAYS":3.570888387596,"INVENTORY_TDAYS":5.346600985535,"CURRENT_ASSETS_TDAYS":1.202912705923,"TOTAL_ASSETS_TDAYS":0.337067133652,"PREMIUM_EXPENSE":null,"LOAN_DEPOSIT":null,"LOAN_EQUITY":null,"LOAN_ASSETS":null,"DEPOSIT_EQUITY":null,"DEPOSIT_ASSETS":null,"EQUITY_MULTIPLIER":2.41208797133,"EQUITY_RATIO":1.583392122841},{"SECUCODE":"00895.HK","SECURITY_CODE":"00895","SECURITY_NAME_ABBR":"东江环保","ORG_CODE":"10010791","STD_REPORT_DATE":"2023-09-30 00:00:00","REPORT_DATE":"2023-09-30 00:00:00","DATE_TYPE_CODE":"004","REPORT_TYPE":"2023年三季报","PER_NETCASH_OPERATE":-0.157026518989,"PER_OI":2.702279338824,"BPS":4.430421905625,"BASIC_EPS":-0.32,"DILUTED_EPS":-0.32,"OPERATE_INCOME":2986709917.86,"OPERATE_INCOME_YOY":4.858148003,"GROSS_PROFIT":160287188.86,"GROSS_PROFIT_YOY":-66.608226022939,"HOLDER_PROFIT":-356923762.11,"HOLDER_PROFIT_YOY":-295.4963999965,"GROSS_PROFIT_RATIO":5.366680838387,"EPS_TTM":-0.69528585949,"OPERATE_INCOME_QOQ":4.293193570398,"NET_PROFIT_RATIO":-14.9415830005,"ROE_AVG":-7.971190404396,"GROSS_PROFIT_QOQ":-7.618087201264,"ROA":-2.982084771816,"HOLDER_PROFIT_QOQ":-6.565555425357,"ROE_YEARLY":-10.628253872528,"ROIC_YEARLY":-3.35707591362,"TOTAL_ASSETS":12231906264.73,"TOTAL_LIABILITIES":6708104028.93,"TAX_EBT":0.332644648993,"OCF_SALES":-5.810891447548,"TOTAL_PARENT_EQUITY":4896749516.5,"DEBT_ASSET_RATIO":54.8410352708,"OPERATE_PROFIT":-328730802.41,"PRETAX_PROFIT":-447751161.64,"NETCASH_OPERATE":-173554471.18,"NETCASH_INVEST":-675154048.93,"NETCASH_FINANCE":930963319.13,"END_CASH":700135214.52,"DIVI_RATIO":null,"DIVIDEND_RATE":null,"CURRENT_RATIO":1.289850239916,"COMMON_ACS":null,"CURRENTDEBT_DEBT":40.968545399979,"ISSUED_COMMON_SHARES":1105255802,"HK_COMMON_SHARES":200137500,"PER_SHARES":200,"TOTAL_MARKET_CAP":2376299974.3,"HKSK_MARKET_CAP":430295625,"PE_TTM":-2.856006940628,"PB_TTM":0.528474549393,"REPORT_DATE_SQ":"2022-09-30 00:00:00","REPORT_TYPE_SQ":"2022年三季报","OPERATE_INCOME_SQ":2848333653.36,"DPS_HKD":null,"OPERATE_INCOME_QOQ_SQ":-3.894954801925,"NET_PROFIT_RATIO_SQ":-4.5559772851,"HOLDER_PROFIT_SQ":-90247031.86,"HOLDER_PROFIT_QOQ_SQ":-232.159049843251,"ROE_AVG_SQ":-1.989557522678,"PE_TTM_SQ":-2.247068209377,"PB_TTM_SQ":0.358317996303,"ROA_SQ":-0.742602966094,"START_DATE":"2023-01-01 00:00:00","FISCAL_YEAR":"12-31","CURRENCY":"HKD","IS_CNY_CODE":0,"DPS_HKD_LY":null,"ORG_TYPE":"一般企业","PREMIUM_INCOME":null,"PREMIUM_INCOME_YOY":null,"NET_INTEREST_INCOME":null,"NET_INTEREST_INCOME_YOY":null,"FEE_COMMISSION_INCOME":null,"FEE_COMMISSION_INCOME_YOY":null,"ACCOUNTS_RECE_TDAYS":2.570752264028,"INVENTORY_TDAYS":3.879835224547,"CURRENT_ASSETS_TDAYS":0.908960332829,"TOTAL_ASSETS_TDAYS":0.249538504,"PREMIUM_EXPENSE":null,"LOAN_DEPOSIT":null,"LOAN_EQUITY":null,"LOAN_ASSETS":null,"DEPOSIT_EQUITY":null,"DEPOSIT_ASSETS":null,"EQUITY_MULTIPLIER":2.214399745425,"EQUITY_RATIO":1.369909570895},{"SECUCODE":"00895.HK","SECURITY_CODE":"00895","SECURITY_NAME_ABBR":"东江环保","ORG_CODE":"10010791","STD_REPORT_DATE":"2023-06-30 00:00:00","REPORT_DATE":"2023-06-30 00:00:00","DATE_TYPE_CODE":"002","REPORT_TYPE":"2023年中报","PER_NETCASH_OPERATE":-0.137721964205,"PER_OI":1.815402597009,"BPS":4.573749344588,"BASIC_EPS":-0.2,"DILUTED_EPS":-0.2,"OPERATE_INCOME":2006484253.31,"OPERATE_INCOME_YOY":-1.3266058836,"GROSS_PROFIT":115665064.35,"GROSS_PROFIT_YOY":-71.887061140413,"HOLDER_PROFIT":-198920849.73,"HOLDER_PROFIT_YOY":-1074.6251837335,"GROSS_PROFIT_RATIO":5.76456129229,"EPS_TTM":-0.652448961313,"OPERATE_INCOME_QOQ":2.883711890622,"NET_PROFIT_RATIO":-12.6632457573,"ROE_AVG":-4.3652905982,"GROSS_PROFIT_QOQ":-30.111408454872,"ROA":-1.62989533555,"HOLDER_PROFIT_QOQ":-15.436788283935,"ROE_YEARLY":-8.730581196399,"ROIC_YEARLY":-3.817873641052,"TOTAL_ASSETS":12703090000,"TOTAL_LIABILITIES":6983441000,"TAX_EBT":1.144958167958,"OCF_SALES":-7.586305198546,"TOTAL_PARENT_EQUITY":5055163000,"DEBT_ASSET_RATIO":54.9743487608,"OPERATE_PROFIT":-177453134.03,"PRETAX_PROFIT":-257028878.64,"NETCASH_OPERATE":-152218535.33,"NETCASH_INVEST":-226055285.76,"NETCASH_FINANCE":1317669103.3,"END_CASH":1557275697.71,"DIVI_RATIO":null,"DIVIDEND_RATE":null,"CURRENT_RATIO":1.293498594128,"COMMON_ACS":null,"CURRENTDEBT_DEBT":44.796082618869,"ISSUED_COMMON_SHARES":1105255802,"HK_COMMON_SHARES":200137500,"PER_SHARES":200,"TOTAL_MARKET_CAP":2376299974.3,"HKSK_MARKET_CAP":430295625,"PE_TTM":-2.856006940628,"PB_TTM":0.528474549393,"REPORT_DATE_SQ":"2022-06-30 00:00:00","REPORT_TYPE_SQ":"2022年中报","OPERATE_INCOME_SQ":2033460000,"DPS_HKD":null,"OPERATE_INCOME_QOQ_SQ":3.904069226161,"NET_PROFIT_RATIO_SQ":0.3302253302,"HOLDER_PROFIT_SQ":20410000,"HOLDER_PROFIT_QOQ_SQ":-48.184418201531,"ROE_AVG_SQ":0.444566035155,"PE_TTM_SQ":-2.247068209377,"PB_TTM_SQ":0.358317996303,"ROA_SQ":0.170974709984,"START_DATE":"2023-01-01 00:00:00","FISCAL_YEAR":"12-31","CURRENCY":"HKD","IS_CNY_CODE":0,"DPS_HKD_LY":null,"ORG_TYPE":"一般企业","PREMIUM_INCOME":null,"PREMIUM_INCOME_YOY":null,"NET_INTEREST_INCOME":null,"NET_INTEREST_INCOME_YOY":null,"FEE_COMMISSION_INCOME":null,"FEE_COMMISSION_INCOME_YOY":null,"ACCOUNTS_RECE_TDAYS":1.68670759062,"INVENTORY_TDAYS":2.609375884078,"CURRENT_ASSETS_TDAYS":0.567333461985,"TOTAL_ASSETS_TDAYS":0.164404910113,"PREMIUM_EXPENSE":null,"LOAN_DEPOSIT":null,"LOAN_EQUITY":null,"LOAN_ASSETS":null,"DEPOSIT_EQUITY":null,"DEPOSIT_ASSETS":null,"EQUITY_MULTIPLIER":2.220956216019,"EQUITY_RATIO":1.381447245123},{"SECUCODE":"00895.HK","SECURITY_CODE":"00895","SECURITY_NAME_ABBR":"东江环保","ORG_CODE":"10010791","STD_REPORT_DATE":"2023-03-31 00:00:00","REPORT_DATE":"2023-03-31 00:00:00","DATE_TYPE_CODE":"003","REPORT_TYPE":"2023年一季报","PER_NETCASH_OPERATE":-0.139730805702,"PER_OI":0.94250744035,"BPS":3.563754705745,"BASIC_EPS":-0.13,"DILUTED_EPS":-0.13,"OPERATE_INCOME":828715785.69,"OPERATE_INCOME_YOY":-14.0019481988,"GROSS_PROFIT":41244316.43,"GROSS_PROFIT_YOY":-79.526986926714,"HOLDER_PROFIT":-117659832.94,"HOLDER_PROFIT_YOY":-2345.8579745383,"GROSS_PROFIT_RATIO":4.976895232623,"EPS_TTM":-0.710467617689,"OPERATE_INCOME_QOQ":-3.47892111253,"NET_PROFIT_RATIO":-17.8136974774,"ROE_AVG":-2.942431854588,"GROSS_PROFIT_QOQ":-26.247935908988,"ROA":-0.994182498558,"HOLDER_PROFIT_QOQ":-24.491981392689,"ROE_YEARLY":-11.769727418351,"ROIC_YEARLY":-4.512965042174,"TOTAL_ASSETS":11963702897.68,"TOTAL_LIABILITIES":7334321477.23,"TAX_EBT":-0.794647210254,"OCF_SALES":-14.825432640662,"TOTAL_PARENT_EQUITY":3938860565.43,"DEBT_ASSET_RATIO":61.3047777929,"OPERATE_PROFIT":-105647359.62,"PRETAX_PROFIT":-146461074.17,"NETCASH_OPERATE":-122860700.59,"NETCASH_INVEST":-134966263.77,"NETCASH_FINANCE":416013114.89,"END_CASH":775868062.27,"DIVI_RATIO":null,"DIVIDEND_RATE":null,"CURRENT_RATIO":0.985901392085,"COMMON_ACS":null,"CURRENTDEBT_DEBT":45.743490770834,"ISSUED_COMMON_SHARES":1105255802,"HK_COMMON_SHARES":200137500,"PER_SHARES":200,"TOTAL_MARKET_CAP":2376299974.3,"HKSK_MARKET_CAP":430295625,"PE_TTM":-2.856006940628,"PB_TTM":0.528474549393,"REPORT_DATE_SQ":"2022-03-31 00:00:00","REPORT_TYPE_SQ":"2022年一季报","OPERATE_INCOME_SQ":963644836.52,"DPS_HKD":null,"OPERATE_INCOME_QOQ_SQ":5.285266283127,"NET_PROFIT_RATIO_SQ":-0.264520857,"HOLDER_PROFIT_SQ":5238970.33,"HOLDER_PROFIT_QOQ_SQ":-16.511944950076,"ROE_AVG_SQ":0.113706298652,"PE_TTM_SQ":-2.247068209377,"PB_TTM_SQ":0.358317996303,"ROA_SQ":0.043710172177,"START_DATE":"2023-01-01 00:00:00","FISCAL_YEAR":"12-31","CURRENCY":"HKD","IS_CNY_CODE":0,"DPS_HKD_LY":null,"ORG_TYPE":"一般企业","PREMIUM_INCOME":null,"PREMIUM_INCOME_YOY":null,"NET_INTEREST_INCOME":null,"NET_INTEREST_INCOME_YOY":null,"FEE_COMMISSION_INCOME":null,"FEE_COMMISSION_INCOME_YOY":null,"ACCOUNTS_RECE_TDAYS":0.753046566275,"INVENTORY_TDAYS":1.11929187269,"CURRENT_ASSETS_TDAYS":0.261647508151,"TOTAL_ASSETS_TDAYS":0.07002344894,"PREMIUM_EXPENSE":null,"LOAN_DEPOSIT":null,"LOAN_EQUITY":null,"LOAN_ASSETS":null,"DEPOSIT_EQUITY":null,"DEPOSIT_ASSETS":null,"EQUITY_MULTIPLIER":2.584298378358,"EQUITY_RATIO":1.862041409031},{"SECUCODE":"00895.HK","SECURITY_CODE":"00895","SECURITY_NAME_ABBR":"东江环保","ORG_CODE":"10010791","STD_REPORT_DATE":"2022-12-31 00:00:00","REPORT_DATE":"2022-12-31 00:00:00","DATE_TYPE_CODE":"001","REPORT_TYPE":"2022年年报","PER_NETCASH_OPERATE":0.337845006738,"PER_OI":4.41103044938,"BPS":3.66962470829,"BASIC_EPS":-0.57,"DILUTED_EPS":-0.57,"OPERATE_INCOME":3878473960.06,"OPERATE_INCOME_YOY":-3.4059319142,"GROSS_PROFIT":610382160.85,"GROSS_PROFIT_YOY":-44.690568863795,"HOLDER_PROFIT":-499071862.92,"HOLDER_PROFIT_YOY":-412.1664748515,"GROSS_PROFIT_RATIO":15.737684460435,"EPS_TTM":-0.570693477396,"OPERATE_INCOME_QOQ":-8.123569628965,"NET_PROFIT_RATIO":-14.6628287311,"ROE_AVG":-11.58766870424,"GROSS_PROFIT_QOQ":-26.66093975519,"ROA":-4.26708899446,"HOLDER_PROFIT_QOQ":-446.015070564365,"ROE_YEARLY":-11.58766870424,"ROIC_YEARLY":-4.828972681273,"TOTAL_ASSETS":11738378872.19,"TOTAL_LIABILITIES":6958950980.42,"TAX_EBT":-4.714441628891,"OCF_SALES":7.659094788311,"TOTAL_PARENT_EQUITY":4058594516.26,"DEBT_ASSET_RATIO":59.1962112981,"OPERATE_PROFIT":-375742374.08,"PRETAX_PROFIT":-540271623.98,"NETCASH_OPERATE":283536530.66,"NETCASH_INVEST":-555327901.21,"NETCASH_FINANCE":366811904.7,"END_CASH":617856312.92,"DIVI_RATIO":null,"DIVIDEND_RATE":null,"CURRENT_RATIO":0.875230632174,"COMMON_ACS":null,"CURRENTDEBT_DEBT":49.697569332803,"ISSUED_COMMON_SHARES":1105255802,"HK_COMMON_SHARES":200137500,"PER_SHARES":200,"TOTAL_MARKET_CAP":2376299974.3,"HKSK_MARKET_CAP":430295625,"PE_TTM":-2.856006940628,"PB_TTM":0.528474549393,"REPORT_DATE_SQ":"2021-12-31 00:00:00","REPORT_TYPE_SQ":"2021年年报","OPERATE_INCOME_SQ":4015230000,"DPS_HKD":null,"OPERATE_INCOME_QOQ_SQ":9.861359394517,"NET_PROFIT_RATIO_SQ":3.8812720566,"HOLDER_PROFIT_SQ":160745000,"HOLDER_PROFIT_QOQ_SQ":-31.931308791063,"ROE_AVG_SQ":3.509076785027,"PE_TTM_SQ":-2.247068209377,"PB_TTM_SQ":0.358317996303,"ROA_SQ":1.445719915364,"START_DATE":"2022-01-01 00:00:00","FISCAL_YEAR":"12-31","CURRENCY":"HKD","IS_CNY_CODE":0,"DPS_HKD_LY":0.0644446,"ORG_TYPE":"一般企业","PREMIUM_INCOME":null,"PREMIUM_INCOME_YOY":null,"NET_INTEREST_INCOME":null,"NET_INTEREST_INCOME_YOY":null,"FEE_COMMISSION_INCOME":null,"FEE_COMMISSION_INCOME_YOY":null,"ACCOUNTS_RECE_TDAYS":3.182537878319,"INVENTORY_TDAYS":5.444020865938,"CURRENT_ASSETS_TDAYS":1.291908918562,"TOTAL_ASSETS_TDAYS":0.329813821677,"PREMIUM_EXPENSE":null,"LOAN_DEPOSIT":null,"LOAN_EQUITY":null,"LOAN_ASSETS":null,"DEPOSIT_EQUITY":null,"DEPOSIT_ASSETS":null,"EQUITY_MULTIPLIER":2.450752814416,"EQUITY_RATIO":1.71462089956},{"SECUCODE":"00895.HK","SECURITY_CODE":"00895","SECURITY_NAME_ABBR":"东江环保","ORG_CODE":"10010791","STD_REPORT_DATE":"2022-09-30 00:00:00","REPORT_DATE":"2022-09-30 00:00:00","DATE_TYPE_CODE":"004","REPORT_TYPE":"2022年三季报","PER_NETCASH_OPERATE":0.20951523917,"PER_OI":3.2394407193,"BPS":4.041735518453,"BASIC_EPS":-0.1,"DILUTED_EPS":-0.1,"OPERATE_INCOME":2848333653.36,"OPERATE_INCOME_YOY":7.8031797388,"GROSS_PROFIT":480019986.27,"GROSS_PROFIT_YOY":-36.110027804943,"HOLDER_PROFIT":-90247031.86,"HOLDER_PROFIT_YOY":-155.5712676135,"GROSS_PROFIT_RATIO":16.852660000129,"EPS_TTM":-0.104519729978,"OPERATE_INCOME_QOQ":-3.894954801925,"NET_PROFIT_RATIO":-4.5559772851,"ROE_AVG":-1.989557522678,"GROSS_PROFIT_QOQ":-18.271491339828,"ROA":-0.742602966094,"HOLDER_PROFIT_QOQ":-232.159049843251,"ROE_YEARLY":-2.65274336357,"ROIC_YEARLY":-0.854162712201,"TOTAL_ASSETS":12492384235.57,"TOTAL_LIABILITIES":7263385627.93,"TAX_EBT":-10.15785974579,"OCF_SALES":6.467636154658,"TOTAL_PARENT_EQUITY":4467151631.92,"DEBT_ASSET_RATIO":58.1425089956,"OPERATE_PROFIT":1821581.03,"PRETAX_PROFIT":-117803154.99,"NETCASH_OPERATE":184219857.17,"NETCASH_INVEST":-468868199.38,"NETCASH_FINANCE":780870418.6,"END_CASH":1017639452.5,"DIVI_RATIO":null,"DIVIDEND_RATE":null,"CURRENT_RATIO":0.878289604491,"COMMON_ACS":null,"CURRENTDEBT_DEBT":55.994929507124,"ISSUED_COMMON_SHARES":1105255802,"HK_COMMON_SHARES":200137500,"PER_SHARES":200,"TOTAL_MARKET_CAP":2376299974.3,"HKSK_MARKET_CAP":430295625,"PE_TTM":-2.856006940628,"PB_TTM":0.528474549393,"REPORT_DATE_SQ":"2021-09-30 00:00:00","REPORT_TYPE_SQ":"2021年三季报","OPERATE_INCOME_SQ":2642161075.64,"DPS_HKD":null,"OPERATE_INCOME_QOQ_SQ":4.656744561082,"NET_PROFIT_RATIO_SQ":6.5006582613,"HOLDER_PROFIT_SQ":162398728.22,"HOLDER_PROFIT_QOQ_SQ":-7.113774041544,"ROE_AVG_SQ":3.545615121765,"PE_TTM_SQ":-2.247068209377,"PB_TTM_SQ":0.358317996303,"ROA_SQ":1.477164154133,"START_DATE":"2022-01-01 00:00:00","FISCAL_YEAR":"12-31","CURRENCY":"HKD","IS_CNY_CODE":0,"DPS_HKD_LY":0.0644446,"ORG_TYPE":"一般企业","PREMIUM_INCOME":null,"PREMIUM_INCOME_YOY":null,"NET_INTEREST_INCOME":null,"NET_INTEREST_INCOME_YOY":null,"FEE_COMMISSION_INCOME":null,"FEE_COMMISSION_INCOME_YOY":null,"ACCOUNTS_RECE_TDAYS":2.34821347511,"INVENTORY_TDAYS":3.84355779057,"CURRENT_ASSETS_TDAYS":0.869793773981,"TOTAL_ASSETS_TDAYS":0.234376796202,"PREMIUM_EXPENSE":null,"LOAN_DEPOSIT":null,"LOAN_EQUITY":null,"LOAN_ASSETS":null,"DEPOSIT_EQUITY":null,"DEPOSIT_ASSETS":null,"EQUITY_MULTIPLIER":2.389058627271,"EQUITY_RATIO":1.625954573834}],"count":88},"success":true,"message":"ok","code":0}