{"version":"fb40df8cb68fa66bafda4d069a4471c3","result":{"pages":4,"data":[{"SECUCODE":"00893.HK","SECURITY_CODE":"00893","SECURITY_NAME_ABBR":"中国铁钛","ORG_CODE":"10145126","STD_REPORT_DATE":"2024-06-30 00:00:00","REPORT_DATE":"2024-06-30 00:00:00","DATE_TYPE_CODE":"002","REPORT_TYPE":"2024年中报","PER_NETCASH_OPERATE":0.009907001927,"PER_OI":0.128659411898,"BPS":0.287283491757,"BASIC_EPS":-0.0001,"DILUTED_EPS":-0.0001,"OPERATE_INCOME":289357000,"OPERATE_INCOME_YOY":2.8185129253,"GROSS_PROFIT":9760000,"GROSS_PROFIT_YOY":-39.045715713215,"HOLDER_PROFIT":-172000,"HOLDER_PROFIT_YOY":-102.8122956181,"GROSS_PROFIT_RATIO":3.372995987655,"EPS_TTM":0.001515774407,"OPERATE_INCOME_QOQ":1.010508936227,"NET_PROFIT_RATIO":-0.0563317977,"ROE_AVG":-0.026617290561,"GROSS_PROFIT_QOQ":-17.112826408277,"ROA":-0.013202110496,"HOLDER_PROFIT_QOQ":-64.844797360008,"ROE_YEARLY":-0.053234581122,"ROIC_YEARLY":-0.034238326622,"TOTAL_ASSETS":1298310000,"TOTAL_LIABILITIES":358182000,"TAX_EBT":191.061452513966,"OCF_SALES":7.700176598458,"TOTAL_PARENT_EQUITY":646105000,"DEBT_ASSET_RATIO":27.5883263627,"OPERATE_PROFIT":2652000,"PRETAX_PROFIT":179000,"NETCASH_OPERATE":22281000,"NETCASH_INVEST":-22870000,"NETCASH_FINANCE":-7312000,"END_CASH":125000,"DIVI_RATIO":null,"DIVIDEND_RATE":null,"CURRENT_RATIO":1.019133664125,"COMMON_ACS":10000000000,"CURRENTDEBT_DEBT":63.749993020308,"ISSUED_COMMON_SHARES":2249015410,"HK_COMMON_SHARES":2249015410,"PER_SHARES":1000,"TOTAL_MARKET_CAP":114699785.91,"HKSK_MARKET_CAP":114699785.91,"PE_TTM":29.573335284206,"PB_TTM":0.162023511046,"REPORT_DATE_SQ":"2023-06-30 00:00:00","REPORT_TYPE_SQ":"2023年中报","OPERATE_INCOME_SQ":281425000,"DPS_HKD":null,"OPERATE_INCOME_QOQ_SQ":6.567714009002,"NET_PROFIT_RATIO_SQ":2.1170827041,"HOLDER_PROFIT_SQ":6116000,"HOLDER_PROFIT_QOQ_SQ":1056.9018404908,"ROE_AVG_SQ":0.956163589022,"PE_TTM_SQ":6.592474701717,"PB_TTM_SQ":0.161314324145,"ROA_SQ":0.492249445555,"START_DATE":"2024-01-01 00:00:00","FISCAL_YEAR":"12-31","CURRENCY":"HKD","IS_CNY_CODE":0,"DPS_HKD_LY":null,"ORG_TYPE":"一般企业","PREMIUM_INCOME":null,"PREMIUM_INCOME_YOY":null,"NET_INTEREST_INCOME":null,"NET_INTEREST_INCOME_YOY":null,"FEE_COMMISSION_INCOME":null,"FEE_COMMISSION_INCOME_YOY":null,"ACCOUNTS_RECE_TDAYS":1.966395063574,"INVENTORY_TDAYS":14.795840609621,"CURRENT_ASSETS_TDAYS":1.211806609809,"TOTAL_ASSETS_TDAYS":0.222100179457,"PREMIUM_EXPENSE":null,"LOAN_DEPOSIT":null,"LOAN_EQUITY":null,"LOAN_ASSETS":null,"DEPOSIT_EQUITY":null,"DEPOSIT_ASSETS":null,"EQUITY_MULTIPLIER":1.38099280098,"EQUITY_RATIO":0.554371193537},{"SECUCODE":"00893.HK","SECURITY_CODE":"00893","SECURITY_NAME_ABBR":"中国铁钛","ORG_CODE":"10145126","STD_REPORT_DATE":"2023-12-31 00:00:00","REPORT_DATE":"2023-12-31 00:00:00","DATE_TYPE_CODE":"001","REPORT_TYPE":"2023年年报","PER_NETCASH_OPERATE":0.042306068503,"PER_OI":0.349019840642,"BPS":0.287364860697,"BASIC_EPS":0.0043,"DILUTED_EPS":0.0043,"OPERATE_INCOME":784951000,"OPERATE_INCOME_YOY":8.1394852239,"GROSS_PROFIT":36534000,"GROSS_PROFIT_YOY":44.528839306907,"HOLDER_PROFIT":9697000,"HOLDER_PROFIT_YOY":643.6349693252,"GROSS_PROFIT_RATIO":4.654303262242,"EPS_TTM":0.004311664543,"OPERATE_INCOME_QOQ":1.474903754418,"NET_PROFIT_RATIO":1.1567601035,"ROE_AVG":1.511774834881,"GROSS_PROFIT_QOQ":6.7964570727,"ROA":0.773926104702,"HOLDER_PROFIT_QOQ":-35.721861328384,"ROE_YEARLY":1.511774834881,"ROIC_YEARLY":1.020799164581,"TOTAL_ASSETS":1307334000,"TOTAL_LIABILITIES":367032000,"TAX_EBT":35.657596371882,"OCF_SALES":12.121393564694,"TOTAL_PARENT_EQUITY":646288000,"DEBT_ASSET_RATIO":28.0748454488,"OPERATE_PROFIT":22435000,"PRETAX_PROFIT":14112000,"NETCASH_OPERATE":95147000,"NETCASH_INVEST":-79770000,"NETCASH_FINANCE":-16712000,"END_CASH":8038000,"DIVI_RATIO":null,"DIVIDEND_RATE":null,"CURRENT_RATIO":1.013330188055,"COMMON_ACS":10000000000,"CURRENTDEBT_DEBT":65.834041718433,"ISSUED_COMMON_SHARES":2249015410,"HK_COMMON_SHARES":2249015410,"PER_SHARES":1000,"TOTAL_MARKET_CAP":139438955.42,"HKSK_MARKET_CAP":139438955.42,"PE_TTM":35.951897796485,"PB_TTM":0.196969758526,"REPORT_DATE_SQ":"2022-12-31 00:00:00","REPORT_TYPE_SQ":"2022年年报","OPERATE_INCOME_SQ":725869000,"DPS_HKD":null,"OPERATE_INCOME_QOQ_SQ":3.364509670455,"NET_PROFIT_RATIO_SQ":0.1430010098,"HOLDER_PROFIT_SQ":1304000,"HOLDER_PROFIT_QOQ_SQ":-82.421137772985,"ROE_AVG_SQ":0.205061270704,"PE_TTM_SQ":7.119872677854,"PB_TTM_SQ":0.174219470077,"ROA_SQ":0.110498922974,"START_DATE":"2023-01-01 00:00:00","FISCAL_YEAR":"12-31","CURRENCY":"HKD","IS_CNY_CODE":0,"DPS_HKD_LY":null,"ORG_TYPE":"一般企业","PREMIUM_INCOME":null,"PREMIUM_INCOME_YOY":null,"NET_INTEREST_INCOME":null,"NET_INTEREST_INCOME_YOY":null,"FEE_COMMISSION_INCOME":null,"FEE_COMMISSION_INCOME_YOY":null,"ACCOUNTS_RECE_TDAYS":4.799001011827,"INVENTORY_TDAYS":46.311500262987,"CURRENT_ASSETS_TDAYS":3.257105393647,"TOTAL_ASSETS_TDAYS":0.626476301755,"PREMIUM_EXPENSE":null,"LOAN_DEPOSIT":null,"LOAN_EQUITY":null,"LOAN_ASSETS":null,"DEPOSIT_EQUITY":null,"DEPOSIT_ASSETS":null,"EQUITY_MULTIPLIER":1.390334169234,"EQUITY_RATIO":0.567907805808},{"SECUCODE":"00893.HK","SECURITY_CODE":"00893","SECURITY_NAME_ABBR":"中国铁钛","ORG_CODE":"10145126","STD_REPORT_DATE":"2023-06-30 00:00:00","REPORT_DATE":"2023-06-30 00:00:00","DATE_TYPE_CODE":"002","REPORT_TYPE":"2023年中报","PER_NETCASH_OPERATE":0.026803729193,"PER_OI":0.125132535219,"BPS":0.285771274462,"BASIC_EPS":0.0027,"DILUTED_EPS":0.0027,"OPERATE_INCOME":281425000,"OPERATE_INCOME_YOY":20.3946918101,"GROSS_PROFIT":16012000,"GROSS_PROFIT_YOY":126.126253354046,"HOLDER_PROFIT":6116000,"HOLDER_PROFIT_YOY":179.7808505087,"GROSS_PROFIT_RATIO":5.689615350449,"EPS_TTM":0.006707824203,"OPERATE_INCOME_QOQ":6.567714009002,"NET_PROFIT_RATIO":2.1170827041,"ROE_AVG":0.956163589022,"GROSS_PROFIT_QOQ":35.331117968194,"ROA":0.492249445555,"HOLDER_PROFIT_QOQ":1056.9018404908,"ROE_YEARLY":1.912327178043,"ROIC_YEARLY":1.299623723233,"TOTAL_ASSETS":1286329000,"TOTAL_LIABILITIES":349152000,"TAX_EBT":20.865984858547,"OCF_SALES":21.420271830861,"TOTAL_PARENT_EQUITY":642704000,"DEBT_ASSET_RATIO":27.1432891585,"OPERATE_PROFIT":11120000,"PRETAX_PROFIT":7529000,"NETCASH_OPERATE":60282000,"NETCASH_INVEST":-55286000,"NETCASH_FINANCE":-10295000,"END_CASH":4067000,"DIVI_RATIO":null,"DIVIDEND_RATE":null,"CURRENT_RATIO":1.041864415026,"COMMON_ACS":10000000000,"CURRENTDEBT_DEBT":64.753173402988,"ISSUED_COMMON_SHARES":2249015410,"HK_COMMON_SHARES":2249015410,"PER_SHARES":1000,"TOTAL_MARKET_CAP":139438955.42,"HKSK_MARKET_CAP":139438955.42,"PE_TTM":35.951897796485,"PB_TTM":0.196969758526,"REPORT_DATE_SQ":"2022-06-30 00:00:00","REPORT_TYPE_SQ":"2022年中报","OPERATE_INCOME_SQ":233752000,"DPS_HKD":null,"OPERATE_INCOME_QOQ_SQ":-1.751357098886,"NET_PROFIT_RATIO_SQ":-3.3278859646,"HOLDER_PROFIT_SQ":-7666000,"HOLDER_PROFIT_QOQ_SQ":-10.744796053423,"ROE_AVG_SQ":-1.214105222981,"PE_TTM_SQ":7.119872677854,"PB_TTM_SQ":0.174219470077,"ROA_SQ":-0.659781392547,"START_DATE":"2023-01-01 00:00:00","FISCAL_YEAR":"12-31","CURRENCY":"HKD","IS_CNY_CODE":0,"DPS_HKD_LY":null,"ORG_TYPE":"一般企业","PREMIUM_INCOME":null,"PREMIUM_INCOME_YOY":null,"NET_INTEREST_INCOME":null,"NET_INTEREST_INCOME_YOY":null,"FEE_COMMISSION_INCOME":null,"FEE_COMMISSION_INCOME_YOY":null,"ACCOUNTS_RECE_TDAYS":2.644313211465,"INVENTORY_TDAYS":18.332159138002,"CURRENT_ASSETS_TDAYS":1.190733077776,"TOTAL_ASSETS_TDAYS":0.226506377069,"PREMIUM_EXPENSE":null,"LOAN_DEPOSIT":null,"LOAN_EQUITY":null,"LOAN_ASSETS":null,"DEPOSIT_EQUITY":null,"DEPOSIT_ASSETS":null,"EQUITY_MULTIPLIER":1.372557158359,"EQUITY_RATIO":0.543254748687},{"SECUCODE":"00893.HK","SECURITY_CODE":"00893","SECURITY_NAME_ABBR":"中国铁钛","ORG_CODE":"10145126","STD_REPORT_DATE":"2022-12-31 00:00:00","REPORT_DATE":"2022-12-31 00:00:00","DATE_TYPE_CODE":"001","REPORT_TYPE":"2022年年报","PER_NETCASH_OPERATE":0.009477925276,"PER_OI":0.322749678269,"BPS":0.28304608193,"BASIC_EPS":0.0006,"DILUTED_EPS":0.0006,"OPERATE_INCOME":725869000,"OPERATE_INCOME_YOY":1.5542279926,"GROSS_PROFIT":25278000,"GROSS_PROFIT_YOY":2.49776984835,"HOLDER_PROFIT":1304000,"HOLDER_PROFIT_YOY":-84.3099506678,"GROSS_PROFIT_RATIO":3.482446557161,"EPS_TTM":0.000579809278,"OPERATE_INCOME_QOQ":3.364509670455,"NET_PROFIT_RATIO":0.1430010098,"ROE_AVG":0.205061270704,"GROSS_PROFIT_QOQ":17.676085843303,"ROA":0.110498922974,"HOLDER_PROFIT_QOQ":-82.421137772985,"ROE_YEARLY":0.205061270704,"ROIC_YEARLY":0.148613896197,"TOTAL_ASSETS":1198590000,"TOTAL_LIABILITIES":267384000,"TAX_EBT":81.188836534976,"OCF_SALES":2.936618039894,"TOTAL_PARENT_EQUITY":636575000,"DEBT_ASSET_RATIO":22.3082121493,"OPERATE_PROFIT":11483000,"PRETAX_PROFIT":5518000,"NETCASH_OPERATE":21316000,"NETCASH_INVEST":-23766000,"NETCASH_FINANCE":5231000,"END_CASH":9357000,"DIVI_RATIO":null,"DIVIDEND_RATE":null,"CURRENT_RATIO":1.022459265902,"COMMON_ACS":10000000000,"CURRENTDEBT_DEBT":86.740792268797,"ISSUED_COMMON_SHARES":2249015410,"HK_COMMON_SHARES":2249015410,"PER_SHARES":1000,"TOTAL_MARKET_CAP":119197816.73,"HKSK_MARKET_CAP":119197816.73,"PE_TTM":30.733073922802,"PB_TTM":0.168377374224,"REPORT_DATE_SQ":"2021-12-31 00:00:00","REPORT_TYPE_SQ":"2021年年报","OPERATE_INCOME_SQ":714760000,"DPS_HKD":null,"OPERATE_INCOME_QOQ_SQ":21.241111653911,"NET_PROFIT_RATIO_SQ":1.0630141586,"HOLDER_PROFIT_SQ":8311000,"HOLDER_PROFIT_QOQ_SQ":276.379456706282,"ROE_AVG_SQ":1.317647133432,"PE_TTM_SQ":6.856173689786,"PB_TTM_SQ":0.167766897111,"ROA_SQ":0.696283499899,"START_DATE":"2022-01-01 00:00:00","FISCAL_YEAR":"12-31","CURRENCY":"HKD","IS_CNY_CODE":0,"DPS_HKD_LY":null,"ORG_TYPE":"一般企业","PREMIUM_INCOME":null,"PREMIUM_INCOME_YOY":null,"NET_INTEREST_INCOME":null,"NET_INTEREST_INCOME_YOY":null,"FEE_COMMISSION_INCOME":null,"FEE_COMMISSION_INCOME_YOY":null,"ACCOUNTS_RECE_TDAYS":3.532810941036,"INVENTORY_TDAYS":54.892345059939,"CURRENT_ASSETS_TDAYS":3.003691151581,"TOTAL_ASSETS_TDAYS":0.615090051538,"PREMIUM_EXPENSE":null,"LOAN_DEPOSIT":null,"LOAN_EQUITY":null,"LOAN_ASSETS":null,"DEPOSIT_EQUITY":null,"DEPOSIT_ASSETS":null,"EQUITY_MULTIPLIER":1.287137325147,"EQUITY_RATIO":0.420035345403},{"SECUCODE":"00893.HK","SECURITY_CODE":"00893","SECURITY_NAME_ABBR":"中国铁钛","ORG_CODE":"10145126","STD_REPORT_DATE":"2022-06-30 00:00:00","REPORT_DATE":"2022-06-30 00:00:00","DATE_TYPE_CODE":"002","REPORT_TYPE":"2022年中报","PER_NETCASH_OPERATE":0.000291238556,"PER_OI":0.103935259385,"BPS":0.279047887893,"BASIC_EPS":-0.003,"DILUTED_EPS":-0.003,"OPERATE_INCOME":233752000,"OPERATE_INCOME_YOY":-5.083038941,"GROSS_PROFIT":7081000,"GROSS_PROFIT_YOY":-30.997856168388,"HOLDER_PROFIT":-7666000,"HOLDER_PROFIT_YOY":-13.1847039717,"GROSS_PROFIT_RATIO":3.02927889387,"EPS_TTM":0.003298332224,"OPERATE_INCOME_QOQ":-1.751357098886,"NET_PROFIT_RATIO":-3.3278859646,"ROE_AVG":-1.214105222981,"GROSS_PROFIT_QOQ":-12.898386181169,"ROA":-0.659781392547,"HOLDER_PROFIT_QOQ":-10.744796053423,"ROE_YEARLY":-2.428210445961,"ROIC_YEARLY":-1.778720323724,"TOTAL_ASSETS":1162186000,"TOTAL_LIABILITIES":239819000,"TAX_EBT":1.61881876818,"OCF_SALES":0.280211506212,"TOTAL_PARENT_EQUITY":627583000,"DEBT_ASSET_RATIO":20.6351651113,"OPERATE_PROFIT":-5168000,"PRETAX_PROFIT":-7907000,"NETCASH_OPERATE":655000,"NETCASH_INVEST":-10021000,"NETCASH_FINANCE":6672000,"END_CASH":3747000,"DIVI_RATIO":null,"DIVIDEND_RATE":null,"CURRENT_RATIO":1.102923371258,"COMMON_ACS":10000000000,"CURRENTDEBT_DEBT":90.232216796834,"ISSUED_COMMON_SHARES":2249015410,"HK_COMMON_SHARES":2249015410,"PER_SHARES":1000,"TOTAL_MARKET_CAP":139438955.42,"HKSK_MARKET_CAP":139438955.42,"PE_TTM":35.951897796485,"PB_TTM":0.196969758526,"REPORT_DATE_SQ":"2021-06-30 00:00:00","REPORT_TYPE_SQ":"2021年中报","OPERATE_INCOME_SQ":246270000,"DPS_HKD":null,"OPERATE_INCOME_QOQ_SQ":20.773146772921,"NET_PROFIT_RATIO_SQ":-3.0941649409,"HOLDER_PROFIT_SQ":-6773000,"HOLDER_PROFIT_QOQ_SQ":72.370118447285,"ROE_AVG_SQ":-1.08701321733,"PE_TTM_SQ":7.119872677854,"PB_TTM_SQ":0.174219470077,"ROA_SQ":-0.521074754186,"START_DATE":"2022-01-01 00:00:00","FISCAL_YEAR":"12-31","CURRENCY":"HKD","IS_CNY_CODE":0,"DPS_HKD_LY":null,"ORG_TYPE":"一般企业","PREMIUM_INCOME":null,"PREMIUM_INCOME_YOY":null,"NET_INTEREST_INCOME":null,"NET_INTEREST_INCOME_YOY":null,"FEE_COMMISSION_INCOME":null,"FEE_COMMISSION_INCOME_YOY":null,"ACCOUNTS_RECE_TDAYS":1.117147772892,"INVENTORY_TDAYS":20.902895610476,"CURRENT_ASSETS_TDAYS":0.964235919182,"TOTAL_ASSETS_TDAYS":0.201180824512,"PREMIUM_EXPENSE":null,"LOAN_DEPOSIT":null,"LOAN_EQUITY":null,"LOAN_ASSETS":null,"DEPOSIT_EQUITY":null,"DEPOSIT_ASSETS":null,"EQUITY_MULTIPLIER":1.260003881319,"EQUITY_RATIO":0.382131128472},{"SECUCODE":"00893.HK","SECURITY_CODE":"00893","SECURITY_NAME_ABBR":"中国铁钛","ORG_CODE":"10145126","STD_REPORT_DATE":"2021-12-31 00:00:00","REPORT_DATE":"2021-12-31 00:00:00","DATE_TYPE_CODE":"001","REPORT_TYPE":"2021年年报","PER_NETCASH_OPERATE":-0.008100433603,"PER_OI":0.317810183435,"BPS":0.282452488843,"BASIC_EPS":0.004,"DILUTED_EPS":0.004,"OPERATE_INCOME":714760000,"OPERATE_INCOME_YOY":46.4267057269,"GROSS_PROFIT":24662000,"GROSS_PROFIT_YOY":-47.062485242664,"HOLDER_PROFIT":8311000,"HOLDER_PROFIT_YOY":148.7334349713,"GROSS_PROFIT_RATIO":3.450388941743,"EPS_TTM":0.003695394866,"OPERATE_INCOME_QOQ":21.241111653911,"NET_PROFIT_RATIO":1.0630141586,"ROE_AVG":1.317647133432,"GROSS_PROFIT_QOQ":-47.897916930747,"ROA":0.696283499899,"HOLDER_PROFIT_QOQ":276.379456706282,"ROE_YEARLY":1.317647133432,"ROIC_YEARLY":0.942254460857,"TOTAL_ASSETS":1161614000,"TOTAL_LIABILITIES":231477000,"TAX_EBT":82.536012804553,"OCF_SALES":-2.548827578488,"TOTAL_PARENT_EQUITY":635240000,"DEBT_ASSET_RATIO":19.9271875167,"OPERATE_PROFIT":11016000,"PRETAX_PROFIT":5623000,"NETCASH_OPERATE":-18218000,"NETCASH_INVEST":-21619000,"NETCASH_FINANCE":-1603000,"END_CASH":6436000,"DIVI_RATIO":null,"DIVIDEND_RATE":null,"CURRENT_RATIO":1.843173956664,"COMMON_ACS":10000000000,"CURRENTDEBT_DEBT":57.699901070085,"ISSUED_COMMON_SHARES":2249015410,"HK_COMMON_SHARES":2249015410,"PER_SHARES":1000,"TOTAL_MARKET_CAP":119197816.73,"HKSK_MARKET_CAP":119197816.73,"PE_TTM":30.733073922802,"PB_TTM":0.168377374224,"REPORT_DATE_SQ":"2020-12-31 00:00:00","REPORT_TYPE_SQ":"2020年年报","OPERATE_INCOME_SQ":488135000,"DPS_HKD":null,"OPERATE_INCOME_QOQ_SQ":-8.267026982331,"NET_PROFIT_RATIO_SQ":-4.9969782949,"HOLDER_PROFIT_SQ":-17054000,"HOLDER_PROFIT_QOQ_SQ":-116.899705687077,"ROE_AVG_SQ":-2.683575257417,"PE_TTM_SQ":6.856173689786,"PB_TTM_SQ":0.167766897111,"ROA_SQ":-1.366745152599,"START_DATE":"2021-01-01 00:00:00","FISCAL_YEAR":"12-31","CURRENCY":"HKD","IS_CNY_CODE":0,"DPS_HKD_LY":null,"ORG_TYPE":"一般企业","PREMIUM_INCOME":null,"PREMIUM_INCOME_YOY":null,"NET_INTEREST_INCOME":null,"NET_INTEREST_INCOME_YOY":null,"FEE_COMMISSION_INCOME":null,"FEE_COMMISSION_INCOME_YOY":null,"ACCOUNTS_RECE_TDAYS":3.709040903961,"INVENTORY_TDAYS":77.915547024952,"CURRENT_ASSETS_TDAYS":2.56151032922,"TOTAL_ASSETS_TDAYS":0.59881553891,"PREMIUM_EXPENSE":null,"LOAN_DEPOSIT":null,"LOAN_EQUITY":null,"LOAN_ASSETS":null,"DEPOSIT_EQUITY":null,"DEPOSIT_ASSETS":null,"EQUITY_MULTIPLIER":1.248863339487,"EQUITY_RATIO":0.364392985328},{"SECUCODE":"00893.HK","SECURITY_CODE":"00893","SECURITY_NAME_ABBR":"中国铁钛","ORG_CODE":"10145126","STD_REPORT_DATE":"2021-06-30 00:00:00","REPORT_DATE":"2021-06-30 00:00:00","DATE_TYPE_CODE":"002","REPORT_TYPE":"2021年中报","PER_NETCASH_OPERATE":-0.017260886621,"PER_OI":0.109501250594,"BPS":0.275638840554,"BASIC_EPS":-0.003,"DILUTED_EPS":-0.003,"OPERATE_INCOME":246270000,"OPERATE_INCOME_YOY":69.9949609647,"GROSS_PROFIT":10262000,"GROSS_PROFIT_YOY":7.850761954808,"HOLDER_PROFIT":-6773000,"HOLDER_PROFIT_YOY":64.5670939053,"GROSS_PROFIT_RATIO":4.16697121046,"EPS_TTM":-0.002095139046,"OPERATE_INCOME_QOQ":20.773146772921,"NET_PROFIT_RATIO":-3.0941649409,"ROE_AVG":-1.08701321733,"GROSS_PROFIT_QOQ":1.603451606671,"ROA":-0.521074754186,"HOLDER_PROFIT_QOQ":72.370118447285,"ROE_YEARLY":-2.174026434659,"ROIC_YEARLY":-1.36366496284,"TOTAL_ASSETS":1373995000,"TOTAL_LIABILITIES":465621000,"TAX_EBT":-905.51724137931,"OCF_SALES":-15.763186746254,"TOTAL_PARENT_EQUITY":619916000,"DEBT_ASSET_RATIO":33.8881145856,"OPERATE_PROFIT":2232000,"PRETAX_PROFIT":-145000,"NETCASH_OPERATE":-38820000,"NETCASH_INVEST":-9757000,"NETCASH_FINANCE":4445000,"END_CASH":4316000,"DIVI_RATIO":null,"DIVIDEND_RATE":null,"CURRENT_RATIO":1.043471943808,"COMMON_ACS":10000000000,"CURRENTDEBT_DEBT":94.602906655842,"ISSUED_COMMON_SHARES":2249015410,"HK_COMMON_SHARES":2249015410,"PER_SHARES":1000,"TOTAL_MARKET_CAP":139438955.42,"HKSK_MARKET_CAP":139438955.42,"PE_TTM":35.951897796485,"PB_TTM":0.196969758526,"REPORT_DATE_SQ":"2020-06-30 00:00:00","REPORT_TYPE_SQ":"2020年中报","OPERATE_INCOME_SQ":144869000,"DPS_HKD":null,"OPERATE_INCOME_QOQ_SQ":-13.42899441977,"NET_PROFIT_RATIO_SQ":-12.4719144543,"HOLDER_PROFIT_SQ":-19115000,"HOLDER_PROFIT_QOQ_SQ":45.830142054076,"ROE_AVG_SQ":-3.008476143485,"PE_TTM_SQ":7.119872677854,"PB_TTM_SQ":0.174219470077,"ROA_SQ":-1.523936323937,"START_DATE":"2021-01-01 00:00:00","FISCAL_YEAR":"12-31","CURRENCY":"HKD","IS_CNY_CODE":0,"DPS_HKD_LY":null,"ORG_TYPE":"一般企业","PREMIUM_INCOME":null,"PREMIUM_INCOME_YOY":null,"NET_INTEREST_INCOME":null,"NET_INTEREST_INCOME_YOY":null,"FEE_COMMISSION_INCOME":null,"FEE_COMMISSION_INCOME_YOY":null,"ACCOUNTS_RECE_TDAYS":0.898400520939,"INVENTORY_TDAYS":31.106893370239,"CURRENT_ASSETS_TDAYS":0.638386393948,"TOTAL_ASSETS_TDAYS":0.189465642571,"PREMIUM_EXPENSE":null,"LOAN_DEPOSIT":null,"LOAN_EQUITY":null,"LOAN_ASSETS":null,"DEPOSIT_EQUITY":null,"DEPOSIT_ASSETS":null,"EQUITY_MULTIPLIER":1.512587326366,"EQUITY_RATIO":0.751103375296},{"SECUCODE":"00893.HK","SECURITY_CODE":"00893","SECURITY_NAME_ABBR":"中国铁钛","ORG_CODE":"10145126","STD_REPORT_DATE":"2020-12-31 00:00:00","REPORT_DATE":"2020-12-31 00:00:00","DATE_TYPE_CODE":"001","REPORT_TYPE":"2020年年报","PER_NETCASH_OPERATE":0.016381390646,"PER_OI":0.21704386632,"BPS":0.278455628723,"BASIC_EPS":-0.008,"DILUTED_EPS":-0.008,"OPERATE_INCOME":488135000,"OPERATE_INCOME_YOY":-5.6993607489,"GROSS_PROFIT":46587000,"GROSS_PROFIT_YOY":14.944485566247,"HOLDER_PROFIT":-17054000,"HOLDER_PROFIT_YOY":-124.6448648102,"GROSS_PROFIT_RATIO":9.543876181794,"EPS_TTM":-0.007582873787,"OPERATE_INCOME_QOQ":-8.267026982331,"NET_PROFIT_RATIO":-4.9969782949,"ROE_AVG":-2.683575257417,"GROSS_PROFIT_QOQ":-4.503525746146,"ROA":-1.366745152599,"HOLDER_PROFIT_QOQ":-116.899705687077,"ROE_YEARLY":-2.683575257417,"ROIC_YEARLY":-1.843521218493,"TOTAL_ASSETS":1225632000,"TOTAL_LIABILITIES":310180000,"TAX_EBT":-3.112162330387,"OCF_SALES":7.547502227867,"TOTAL_PARENT_EQUITY":626251000,"DEBT_ASSET_RATIO":25.3077595885,"OPERATE_PROFIT":13631000,"PRETAX_PROFIT":8033000,"NETCASH_OPERATE":36842000,"NETCASH_INVEST":-8226000,"NETCASH_FINANCE":-4692000,"END_CASH":47173000,"DIVI_RATIO":null,"DIVIDEND_RATE":null,"CURRENT_RATIO":1.095043324392,"COMMON_ACS":10000000000,"CURRENTDEBT_DEBT":91.826681281836,"ISSUED_COMMON_SHARES":2249015410,"HK_COMMON_SHARES":2249015410,"PER_SHARES":1000,"TOTAL_MARKET_CAP":119197816.73,"HKSK_MARKET_CAP":119197816.73,"PE_TTM":30.733073922802,"PB_TTM":0.168377374224,"REPORT_DATE_SQ":"2019-12-31 00:00:00","REPORT_TYPE_SQ":"2019年年报","OPERATE_INCOME_SQ":517637000,"DPS_HKD":null,"OPERATE_INCOME_QOQ_SQ":2.799486897318,"NET_PROFIT_RATIO_SQ":9.8242959637,"HOLDER_PROFIT_SQ":69199000,"HOLDER_PROFIT_QOQ_SQ":173.284617421234,"ROE_AVG_SQ":11.348963531088,"PE_TTM_SQ":6.856173689786,"PB_TTM_SQ":0.167766897111,"ROA_SQ":3.724602566514,"START_DATE":"2020-01-01 00:00:00","FISCAL_YEAR":"12-31","CURRENCY":"HKD","IS_CNY_CODE":0,"DPS_HKD_LY":null,"ORG_TYPE":"一般企业","PREMIUM_INCOME":null,"PREMIUM_INCOME_YOY":null,"NET_INTEREST_INCOME":null,"NET_INTEREST_INCOME_YOY":null,"FEE_COMMISSION_INCOME":null,"FEE_COMMISSION_INCOME_YOY":null,"ACCOUNTS_RECE_TDAYS":2.540358674383,"INVENTORY_TDAYS":25.065168029064,"CURRENT_ASSETS_TDAYS":1.532382242467,"TOTAL_ASSETS_TDAYS":0.391202149093,"PREMIUM_EXPENSE":null,"LOAN_DEPOSIT":null,"LOAN_EQUITY":null,"LOAN_ASSETS":null,"DEPOSIT_EQUITY":null,"DEPOSIT_ASSETS":null,"EQUITY_MULTIPLIER":1.338827158605,"EQUITY_RATIO":0.495296614297},{"SECUCODE":"00893.HK","SECURITY_CODE":"00893","SECURITY_NAME_ABBR":"中国铁钛","ORG_CODE":"10145126","STD_REPORT_DATE":"2020-06-30 00:00:00","REPORT_DATE":"2020-06-30 00:00:00","DATE_TYPE_CODE":"002","REPORT_TYPE":"2020年中报","PER_NETCASH_OPERATE":-0.007604661099,"PER_OI":0.064414409682,"BPS":0.278345358247,"BASIC_EPS":-0.008,"DILUTED_EPS":-0.008,"OPERATE_INCOME":144869000,"OPERATE_INCOME_YOY":-31.3037806187,"GROSS_PROFIT":9515000,"GROSS_PROFIT_YOY":-49.003108586129,"HOLDER_PROFIT":-19115000,"HOLDER_PROFIT_YOY":62.3935155128,"GROSS_PROFIT_RATIO":7.710482878168,"EPS_TTM":0.044869857072,"OPERATE_INCOME_QOQ":-13.42899441977,"NET_PROFIT_RATIO":-12.4719144543,"ROE_AVG":-3.008476143485,"GROSS_PROFIT_QOQ":-8.772323515662,"ROA":-1.523936323937,"HOLDER_PROFIT_QOQ":45.830142054076,"ROE_YEARLY":-6.016952286969,"ROIC_YEARLY":-4.057623992095,"TOTAL_ASSETS":1238703000,"TOTAL_LIABILITIES":319214000,"TAX_EBT":31.525383141763,"OCF_SALES":-9.441711796757,"TOTAL_PARENT_EQUITY":626003000,"DEBT_ASSET_RATIO":25.7700191248,"OPERATE_PROFIT":-5882000,"PRETAX_PROFIT":-8352000,"NETCASH_OPERATE":-17103000,"NETCASH_INVEST":-1900000,"NETCASH_FINANCE":-609000,"END_CASH":7232000,"DIVI_RATIO":null,"DIVIDEND_RATE":null,"CURRENT_RATIO":1.031213333425,"COMMON_ACS":10000000000,"CURRENTDEBT_DEBT":91.311158031916,"ISSUED_COMMON_SHARES":2249015410,"HK_COMMON_SHARES":2249015410,"PER_SHARES":1000,"TOTAL_MARKET_CAP":139438955.42,"HKSK_MARKET_CAP":139438955.42,"PE_TTM":35.951897796485,"PB_TTM":0.196969758526,"REPORT_DATE_SQ":"2019-06-30 00:00:00","REPORT_TYPE_SQ":"2019年中报","OPERATE_INCOME_SQ":263687000,"DPS_HKD":null,"OPERATE_INCOME_QOQ_SQ":-12.678933917488,"NET_PROFIT_RATIO_SQ":-19.9395495417,"HOLDER_PROFIT_SQ":-50829000,"HOLDER_PROFIT_QOQ_SQ":78.731623153869,"ROE_AVG_SQ":-9.251021945901,"PE_TTM_SQ":7.119872677854,"PB_TTM_SQ":0.174219470077,"ROA_SQ":-2.089646058465,"START_DATE":"2020-01-01 00:00:00","FISCAL_YEAR":"12-31","CURRENCY":"HKD","IS_CNY_CODE":0,"DPS_HKD_LY":null,"ORG_TYPE":"一般企业","PREMIUM_INCOME":null,"PREMIUM_INCOME_YOY":null,"NET_INTEREST_INCOME":null,"NET_INTEREST_INCOME_YOY":null,"FEE_COMMISSION_INCOME":null,"FEE_COMMISSION_INCOME_YOY":null,"ACCOUNTS_RECE_TDAYS":0.846402603435,"INVENTORY_TDAYS":5.602318995995,"CURRENT_ASSETS_TDAYS":0.578944340572,"TOTAL_ASSETS_TDAYS":0.144415588557,"PREMIUM_EXPENSE":null,"LOAN_DEPOSIT":null,"LOAN_EQUITY":null,"LOAN_ASSETS":null,"DEPOSIT_EQUITY":null,"DEPOSIT_ASSETS":null,"EQUITY_MULTIPLIER":1.347164566405,"EQUITY_RATIO":0.509924073846}],"count":35},"success":true,"message":"ok","code":0}