{"version":"2ccb82f82d7675731ef8467220c75155","result":{"pages":6,"data":[{"SECUCODE":"00897.HK","SECURITY_CODE":"00897","SECURITY_NAME_ABBR":"位元堂","ORG_CODE":"10009147","STD_REPORT_DATE":"2024-06-30 00:00:00","REPORT_DATE":"2024-09-30 00:00:00","DATE_TYPE_CODE":"002","REPORT_TYPE":"2024年中报","PER_NETCASH_OPERATE":0.026874090568,"PER_OI":0.278000840906,"BPS":0.961794117393,"BASIC_EPS":0.01893759,"DILUTED_EPS":0.01893759,"OPERATE_INCOME":312779548.97,"OPERATE_INCOME_YOY":-5.832604812,"GROSS_PROFIT":164142914.01,"GROSS_PROFIT_YOY":-3.939051391936,"HOLDER_PROFIT":21373324.79,"HOLDER_PROFIT_YOY":567.8219216681,"GROSS_PROFIT_RATIO":52.478787232264,"EPS_TTM":-0.012373074453,"OPERATE_INCOME_QOQ":0,"NET_PROFIT_RATIO":6.8451720231,"ROE_AVG":1.832377753863,"GROSS_PROFIT_QOQ":0,"ROA":1.225112717245,"HOLDER_PROFIT_QOQ":0,"ROE_YEARLY":3.664755507725,"ROIC_YEARLY":2.618252037,"TOTAL_ASSETS":1599852112.15,"TOTAL_LIABILITIES":519041466.72,"TAX_EBT":5.605916030534,"OCF_SALES":9.666909812221,"TOTAL_PARENT_EQUITY":1082117339.14,"DEBT_ASSET_RATIO":32.4430903818,"OPERATE_PROFIT":35702767.89,"PRETAX_PROFIT":22681822.08,"NETCASH_OPERATE":30236116.91,"NETCASH_INVEST":241215298.15,"NETCASH_FINANCE":-324008638.05,"END_CASH":86820734.04,"DIVI_RATIO":-10.770391022141,"DIVIDEND_RATE":37.215189873418,"CURRENT_RATIO":1.549328289712,"COMMON_ACS":60000000000,"CURRENTDEBT_DEBT":62.465251716565,"ISSUED_COMMON_SHARES":1125102888,"HK_COMMON_SHARES":1125102888,"PER_SHARES":5000,"TOTAL_MARKET_CAP":444415640.76,"HKSK_MARKET_CAP":444415640.76,"PE_TTM":92.663811668057,"PB_TTM":0.370356860744,"REPORT_DATE_SQ":"2023-06-30 00:00:00","REPORT_TYPE_SQ":"2023年中报","OPERATE_INCOME_SQ":337986987.38,"DPS_HKD":0.147,"OPERATE_INCOME_QOQ_SQ":0,"NET_PROFIT_RATIO_SQ":3.1119439485,"HOLDER_PROFIT_SQ":3256668.87,"HOLDER_PROFIT_QOQ_SQ":0,"ROE_AVG_SQ":0.155146930569,"PE_TTM_SQ":13.505675964744,"PB_TTM_SQ":0.220979983152,"ROA_SQ":0.05219970882,"START_DATE":"2024-04-01 00:00:00","FISCAL_YEAR":"3-31","CURRENCY":"HKD","IS_CNY_CODE":0,"DPS_HKD_LY":0.147,"ORG_TYPE":"一般企业","PREMIUM_INCOME":null,"PREMIUM_INCOME_YOY":null,"NET_INTEREST_INCOME":null,"NET_INTEREST_INCOME_YOY":null,"FEE_COMMISSION_INCOME":null,"FEE_COMMISSION_INCOME_YOY":null,"ACCOUNTS_RECE_TDAYS":4.133684517886,"INVENTORY_TDAYS":0.564825539556,"CURRENT_ASSETS_TDAYS":0.500041088247,"TOTAL_ASSETS_TDAYS":0.179284321416,"PREMIUM_EXPENSE":null,"LOAN_DEPOSIT":null,"LOAN_EQUITY":null,"LOAN_ASSETS":null,"DEPOSIT_EQUITY":null,"DEPOSIT_ASSETS":null,"EQUITY_MULTIPLIER":1.480233488553,"EQUITY_RATIO":0.479653590185},{"SECUCODE":"00897.HK","SECURITY_CODE":"00897","SECURITY_NAME_ABBR":"位元堂","ORG_CODE":"10009147","STD_REPORT_DATE":"2023-12-31 00:00:00","REPORT_DATE":"2024-03-31 00:00:00","DATE_TYPE_CODE":"001","REPORT_TYPE":"2023年年报","PER_NETCASH_OPERATE":0.148385558759,"PER_OI":0.60680178303,"BPS":1.117529703026,"BASIC_EPS":-0.01178515,"DILUTED_EPS":-0.01178515,"OPERATE_INCOME":710627320.55,"OPERATE_INCOME_YOY":8.3310069956,"GROSS_PROFIT":357917725.15,"GROSS_PROFIT_YOY":19.422148397222,"HOLDER_PROFIT":-13920981.8,"HOLDER_PROFIT_YOY":25.1474530831,"GROSS_PROFIT_RATIO":50.366445927379,"EPS_TTM":0.028674817955,"OPERATE_INCOME_QOQ":0,"NET_PROFIT_RATIO":0.5160222023,"ROE_AVG":-0.822025530648,"GROSS_PROFIT_QOQ":0,"ROA":-0.337163825589,"HOLDER_PROFIT_QOQ":0,"ROE_YEARLY":-0.822025530648,"ROIC_YEARLY":-0.433150024033,"TOTAL_ASSETS":1899321970.5,"TOTAL_LIABILITIES":643336833.7,"TAX_EBT":46.64417222915,"OCF_SALES":24.453711724101,"TOTAL_PARENT_EQUITY":1257335896.3,"DEBT_ASSET_RATIO":33.8719208061,"OPERATE_PROFIT":22324700.3,"PRETAX_PROFIT":-12358996.15,"NETCASH_OPERATE":173774756.4,"NETCASH_INVEST":-76713167.55,"NETCASH_FINANCE":-426050396.95,"END_CASH":140487146.95,"DIVI_RATIO":4.647382599221,"DIVIDEND_RATE":38.684210526316,"CURRENT_RATIO":2.179808439581,"COMMON_ACS":60000000000,"CURRENTDEBT_DEBT":53.670098385974,"ISSUED_COMMON_SHARES":1125102888,"HK_COMMON_SHARES":1125102888,"PER_SHARES":5000,"TOTAL_MARKET_CAP":427539097.44,"HKSK_MARKET_CAP":427539097.44,"PE_TTM":89.144932743953,"PB_TTM":0.356292676159,"REPORT_DATE_SQ":"2022-12-31 00:00:00","REPORT_TYPE_SQ":"2022年年报","OPERATE_INCOME_SQ":633444925.18,"DPS_HKD":0.147,"OPERATE_INCOME_QOQ_SQ":0,"NET_PROFIT_RATIO_SQ":0.2601777946,"HOLDER_PROFIT_SQ":-17959036.15,"HOLDER_PROFIT_QOQ_SQ":0,"ROE_AVG_SQ":-0.843372924379,"PE_TTM_SQ":13.023330394574,"PB_TTM_SQ":0.213087840897,"ROA_SQ":-0.280805676176,"START_DATE":"2023-04-01 00:00:00","FISCAL_YEAR":"3-31","CURRENCY":"HKD","IS_CNY_CODE":0,"DPS_HKD_LY":null,"ORG_TYPE":"一般企业","PREMIUM_INCOME":null,"PREMIUM_INCOME_YOY":null,"NET_INTEREST_INCOME":null,"NET_INTEREST_INCOME_YOY":null,"FEE_COMMISSION_INCOME":null,"FEE_COMMISSION_INCOME_YOY":null,"ACCOUNTS_RECE_TDAYS":10.494845498849,"INVENTORY_TDAYS":0.400131845597,"CURRENT_ASSETS_TDAYS":0.443798586762,"TOTAL_ASSETS_TDAYS":0.172112735586,"PREMIUM_EXPENSE":null,"LOAN_DEPOSIT":null,"LOAN_EQUITY":null,"LOAN_ASSETS":null,"DEPOSIT_EQUITY":null,"DEPOSIT_ASSETS":null,"EQUITY_MULTIPLIER":1.512216916308,"EQUITY_RATIO":0.51166664023},{"SECUCODE":"00897.HK","SECURITY_CODE":"00897","SECURITY_NAME_ABBR":"位元堂","ORG_CODE":"10009147","STD_REPORT_DATE":"2023-06-30 00:00:00","REPORT_DATE":"2023-09-30 00:00:00","DATE_TYPE_CODE":"002","REPORT_TYPE":"2023年中报","PER_NETCASH_OPERATE":0.052776719521,"PER_OI":0.288605715897,"BPS":1.815376755135,"BASIC_EPS":0.00275289,"DILUTED_EPS":0.00275289,"OPERATE_INCOME":337986987.38,"OPERATE_INCOME_YOY":11.9903914526,"GROSS_PROFIT":170873717.56,"GROSS_PROFIT_YOY":-29.55429076573,"HOLDER_PROFIT":3256668.87,"HOLDER_PROFIT_YOY":106.6479348131,"GROSS_PROFIT_RATIO":47.734986829777,"EPS_TTM":-0.014908182607,"OPERATE_INCOME_QOQ":0,"NET_PROFIT_RATIO":3.1119439485,"ROE_AVG":0.155146930569,"GROSS_PROFIT_QOQ":0,"ROA":0.05219970882,"HOLDER_PROFIT_QOQ":0,"ROE_YEARLY":0.310293861139,"ROIC_YEARLY":0.141721822305,"TOTAL_ASSETS":6041641050.06,"TOTAL_LIABILITIES":2843025124.38,"TAX_EBT":4.570035798614,"OCF_SALES":9.922599159699,"TOTAL_PARENT_EQUITY":2042485630.01,"DEBT_ASSET_RATIO":47.0571670979,"OPERATE_PROFIT":29395359.42,"PRETAX_PROFIT":12047564.27,"NETCASH_OPERATE":61806968.65,"NETCASH_INVEST":103677507.92,"NETCASH_FINANCE":-196418701.5,"END_CASH":418439280,"DIVI_RATIO":-8.938906472835,"DIVIDEND_RATE":38.684210526316,"CURRENT_RATIO":1.563185351123,"COMMON_ACS":60000000000,"CURRENTDEBT_DEBT":52.157589536722,"ISSUED_COMMON_SHARES":1125102888,"HK_COMMON_SHARES":1125102888,"PER_SHARES":5000,"TOTAL_MARKET_CAP":427539097.44,"HKSK_MARKET_CAP":427539097.44,"PE_TTM":89.144932743953,"PB_TTM":0.356292676159,"REPORT_DATE_SQ":"2022-06-30 00:00:00","REPORT_TYPE_SQ":"2022年中报","OPERATE_INCOME_SQ":548205503.88,"DPS_HKD":0.147,"OPERATE_INCOME_QOQ_SQ":0,"NET_PROFIT_RATIO_SQ":-5.8804507966,"HOLDER_PROFIT_SQ":-48283529.4,"HOLDER_PROFIT_QOQ_SQ":0,"ROE_AVG_SQ":-2.234811102262,"PE_TTM_SQ":13.023330394574,"PB_TTM_SQ":0.213087840897,"ROA_SQ":-0.735740302761,"START_DATE":"2023-04-01 00:00:00","FISCAL_YEAR":"3-31","CURRENCY":"HKD","IS_CNY_CODE":0,"DPS_HKD_LY":null,"ORG_TYPE":"一般企业","PREMIUM_INCOME":null,"PREMIUM_INCOME_YOY":null,"NET_INTEREST_INCOME":null,"NET_INTEREST_INCOME_YOY":null,"FEE_COMMISSION_INCOME":null,"FEE_COMMISSION_INCOME_YOY":null,"ACCOUNTS_RECE_TDAYS":5.473141447613,"INVENTORY_TDAYS":0.218485180011,"CURRENT_ASSETS_TDAYS":0.259659571782,"TOTAL_ASSETS_TDAYS":0.099840437154,"PREMIUM_EXPENSE":null,"LOAN_DEPOSIT":null,"LOAN_EQUITY":null,"LOAN_ASSETS":null,"DEPOSIT_EQUITY":null,"DEPOSIT_ASSETS":null,"EQUITY_MULTIPLIER":1.888829790898,"EQUITY_RATIO":1.391943758432},{"SECUCODE":"00897.HK","SECURITY_CODE":"00897","SECURITY_NAME_ABBR":"位元堂","ORG_CODE":"10009147","STD_REPORT_DATE":"2022-12-31 00:00:00","REPORT_DATE":"2023-03-31 00:00:00","DATE_TYPE_CODE":"001","REPORT_TYPE":"2022年年报","PER_NETCASH_OPERATE":0.120497211743,"PER_OI":0.525836271886,"BPS":1.827837538455,"BASIC_EPS":-0.014794429,"DILUTED_EPS":-0.014794429,"OPERATE_INCOME":633444925.18,"OPERATE_INCOME_YOY":-7.5450747479,"GROSS_PROFIT":299707993.83,"GROSS_PROFIT_YOY":-35.211158476126,"HOLDER_PROFIT":-17959036.15,"HOLDER_PROFIT_YOY":81.1636917879,"GROSS_PROFIT_RATIO":47.556256549142,"EPS_TTM":-0.123161723311,"OPERATE_INCOME_QOQ":0,"NET_PROFIT_RATIO":0.2601777946,"ROE_AVG":-0.843372924379,"GROSS_PROFIT_QOQ":0,"ROA":-0.280805676176,"HOLDER_PROFIT_QOQ":0,"ROE_YEARLY":-0.843372924379,"ROIC_YEARLY":-0.380206397494,"TOTAL_ASSETS":6139963789.15,"TOTAL_LIABILITIES":2911115551.71,"TAX_EBT":225.520745131245,"OCF_SALES":12.889567080319,"TOTAL_PARENT_EQUITY":2056505293.31,"DEBT_ASSET_RATIO":47.4125850197,"OPERATE_PROFIT":18080718.14,"PRETAX_PROFIT":-5169296.05,"NETCASH_OPERATE":147363893.17,"NETCASH_INVEST":16849891.68,"NETCASH_FINANCE":-139111403.1,"END_CASH":461081073.23,"DIVI_RATIO":-1.08201514576,"DIVIDEND_RATE":38.684210526316,"CURRENT_RATIO":1.630696094831,"COMMON_ACS":60000000000,"CURRENTDEBT_DEBT":49.833780944485,"ISSUED_COMMON_SHARES":1125102888,"HK_COMMON_SHARES":1125102888,"PER_SHARES":5000,"TOTAL_MARKET_CAP":427539097.44,"HKSK_MARKET_CAP":427539097.44,"PE_TTM":89.144932743953,"PB_TTM":0.356292676159,"REPORT_DATE_SQ":"2021-12-31 00:00:00","REPORT_TYPE_SQ":"2021年年报","OPERATE_INCOME_SQ":1128448235.11,"DPS_HKD":0.147,"OPERATE_INCOME_QOQ_SQ":0,"NET_PROFIT_RATIO_SQ":-6.3117942865,"HOLDER_PROFIT_SQ":-88328721.12,"HOLDER_PROFIT_QOQ_SQ":0,"ROE_AVG_SQ":-4.286926334985,"PE_TTM_SQ":13.023330394574,"PB_TTM_SQ":0.213087840897,"ROA_SQ":-1.399695763572,"START_DATE":"2022-04-01 00:00:00","FISCAL_YEAR":"3-31","CURRENCY":"HKD","IS_CNY_CODE":0,"DPS_HKD_LY":null,"ORG_TYPE":"一般企业","PREMIUM_INCOME":null,"PREMIUM_INCOME_YOY":null,"NET_INTEREST_INCOME":null,"NET_INTEREST_INCOME_YOY":null,"FEE_COMMISSION_INCOME":null,"FEE_COMMISSION_INCOME_YOY":null,"ACCOUNTS_RECE_TDAYS":11.015847884665,"INVENTORY_TDAYS":0.384902202808,"CURRENT_ASSETS_TDAYS":0.460171888202,"TOTAL_ASSETS_TDAYS":0.176083979718,"PREMIUM_EXPENSE":null,"LOAN_DEPOSIT":null,"LOAN_EQUITY":null,"LOAN_ASSETS":null,"DEPOSIT_EQUITY":null,"DEPOSIT_ASSETS":null,"EQUITY_MULTIPLIER":1.901595658152,"EQUITY_RATIO":1.415564336829},{"SECUCODE":"00897.HK","SECURITY_CODE":"00897","SECURITY_NAME_ABBR":"位元堂","ORG_CODE":"10009147","STD_REPORT_DATE":"2022-06-30 00:00:00","REPORT_DATE":"2022-09-30 00:00:00","DATE_TYPE_CODE":"002","REPORT_TYPE":"2022年中报","PER_NETCASH_OPERATE":0.000406930954,"PER_OI":0.455077192868,"BPS":1.81818983499,"BASIC_EPS":-0.03934314,"DILUTED_EPS":-0.03934314,"OPERATE_INCOME":548205503.88,"OPERATE_INCOME_YOY":-7.614139696,"GROSS_PROFIT":242560859.16,"GROSS_PROFIT_YOY":5.797522017943,"HOLDER_PROFIT":-48283529.4,"HOLDER_PROFIT_YOY":-478.3755049968,"GROSS_PROFIT_RATIO":44.246337813693,"EPS_TTM":-0.071716178432,"OPERATE_INCOME_QOQ":0,"NET_PROFIT_RATIO":-5.8804507966,"ROE_AVG":-2.234811102262,"GROSS_PROFIT_QOQ":0,"ROA":-0.735740302761,"HOLDER_PROFIT_QOQ":0,"ROE_YEARLY":-4.469622204524,"ROIC_YEARLY":-1.995051144557,"TOTAL_ASSETS":6253479952.44,"TOTAL_LIABILITIES":3060539942.64,"TAX_EBT":-87.36792304053,"OCF_SALES":0.089420204017,"TOTAL_PARENT_EQUITY":2045650634.28,"DEBT_ASSET_RATIO":48.9413888893,"OPERATE_PROFIT":29576996.88,"PRETAX_PROFIT":-17205162.12,"NETCASH_OPERATE":490206.48,"NETCASH_INVEST":40296419.76,"NETCASH_FINANCE":63948430.2,"END_CASH":529063031.28,"DIVI_RATIO":-1.858197869911,"DIVIDEND_RATE":38.684210526316,"CURRENT_RATIO":1.684695038357,"COMMON_ACS":60000000000,"CURRENTDEBT_DEBT":45.590362143629,"ISSUED_COMMON_SHARES":1125102888,"HK_COMMON_SHARES":1125102888,"PER_SHARES":5000,"TOTAL_MARKET_CAP":427539097.44,"HKSK_MARKET_CAP":427539097.44,"PE_TTM":89.144932743953,"PB_TTM":0.356292676159,"REPORT_DATE_SQ":"2021-06-30 00:00:00","REPORT_TYPE_SQ":"2021年中报","OPERATE_INCOME_SQ":546555670.92,"DPS_HKD":0.147,"OPERATE_INCOME_QOQ_SQ":0,"NET_PROFIT_RATIO_SQ":5.3834734073,"HOLDER_PROFIT_SQ":11753643.54,"HOLDER_PROFIT_QOQ_SQ":0,"ROE_AVG_SQ":0.543313554189,"PE_TTM_SQ":13.023330394574,"PB_TTM_SQ":0.213087840897,"ROA_SQ":0.17639218901,"START_DATE":"2022-04-01 00:00:00","FISCAL_YEAR":"3-31","CURRENCY":"HKD","IS_CNY_CODE":0,"DPS_HKD_LY":null,"ORG_TYPE":"一般企业","PREMIUM_INCOME":null,"PREMIUM_INCOME_YOY":null,"NET_INTEREST_INCOME":null,"NET_INTEREST_INCOME_YOY":null,"FEE_COMMISSION_INCOME":null,"FEE_COMMISSION_INCOME_YOY":null,"ACCOUNTS_RECE_TDAYS":10.363182505963,"INVENTORY_TDAYS":0.191858865889,"CURRENT_ASSETS_TDAYS":0.220902068318,"TOTAL_ASSETS_TDAYS":0.083535087102,"PREMIUM_EXPENSE":null,"LOAN_DEPOSIT":null,"LOAN_EQUITY":null,"LOAN_ASSETS":null,"DEPOSIT_EQUITY":null,"DEPOSIT_ASSETS":null,"EQUITY_MULTIPLIER":1.958533493659,"EQUITY_RATIO":1.496120545392},{"SECUCODE":"00897.HK","SECURITY_CODE":"00897","SECURITY_NAME_ABBR":"位元堂","ORG_CODE":"10009147","STD_REPORT_DATE":"2021-12-31 00:00:00","REPORT_DATE":"2022-03-31 00:00:00","DATE_TYPE_CODE":"001","REPORT_TYPE":"2021年年报","PER_NETCASH_OPERATE":0.10026713499,"PER_OI":0.916213819854,"BPS":1.813467335069,"BASIC_EPS":-0.071693284,"DILUTED_EPS":-0.071693284,"OPERATE_INCOME":1128448235.11,"OPERATE_INCOME_YOY":25.5146067213,"GROSS_PROFIT":462591993.9,"GROSS_PROFIT_YOY":22.917511984752,"HOLDER_PROFIT":-88328721.12,"HOLDER_PROFIT_YOY":71.0336573625,"GROSS_PROFIT_RATIO":40.993638831373,"EPS_TTM":-0.086575962236,"OPERATE_INCOME_QOQ":0,"NET_PROFIT_RATIO":-6.3117942865,"ROE_AVG":-4.286926334985,"GROSS_PROFIT_QOQ":0,"ROA":-1.399695763572,"HOLDER_PROFIT_QOQ":0,"ROE_YEARLY":-4.286926334985,"ROIC_YEARLY":-1.859356303386,"TOTAL_ASSETS":6161821220.13,"TOTAL_LIABILITIES":2949726093.02,"TAX_EBT":-85.656604092677,"OCF_SALES":10.943639226656,"TOTAL_PARENT_EQUITY":2040337335.98,"DEBT_ASSET_RATIO":47.8710106581,"OPERATE_PROFIT":37970677.19,"PRETAX_PROFIT":-38364017.04,"NETCASH_OPERATE":137146657.06,"NETCASH_INVEST":5243179.65,"NETCASH_FINANCE":-165780987.13,"END_CASH":413733507.46,"DIVI_RATIO":-1.539259241917,"DIVIDEND_RATE":38.684210526316,"CURRENT_RATIO":1.535472547379,"COMMON_ACS":60000000000,"CURRENTDEBT_DEBT":51.7256321104,"ISSUED_COMMON_SHARES":1125102888,"HK_COMMON_SHARES":1125102888,"PER_SHARES":5000,"TOTAL_MARKET_CAP":427539097.44,"HKSK_MARKET_CAP":427539097.44,"PE_TTM":89.144932743953,"PB_TTM":0.356292676159,"REPORT_DATE_SQ":"2020-12-31 00:00:00","REPORT_TYPE_SQ":"2020年年报","OPERATE_INCOME_SQ":936936966.7,"DPS_HKD":0.147,"OPERATE_INCOME_QOQ_SQ":0,"NET_PROFIT_RATIO_SQ":-40.7069499759,"HOLDER_PROFIT_SQ":-317783454.1,"HOLDER_PROFIT_QOQ_SQ":0,"ROE_AVG_SQ":-14.438824364535,"PE_TTM_SQ":13.023330394574,"PB_TTM_SQ":0.213087840897,"ROA_SQ":-4.791359941749,"START_DATE":"2021-04-01 00:00:00","FISCAL_YEAR":"3-31","CURRENCY":"HKD","IS_CNY_CODE":0,"DPS_HKD_LY":null,"ORG_TYPE":"一般企业","PREMIUM_INCOME":null,"PREMIUM_INCOME_YOY":null,"NET_INTEREST_INCOME":null,"NET_INTEREST_INCOME_YOY":null,"FEE_COMMISSION_INCOME":null,"FEE_COMMISSION_INCOME_YOY":null,"ACCOUNTS_RECE_TDAYS":23.85698609468,"INVENTORY_TDAYS":0.411883617008,"CURRENT_ASSETS_TDAYS":0.45452729486,"TOTAL_ASSETS_TDAYS":0.178818870472,"PREMIUM_EXPENSE":null,"LOAN_DEPOSIT":null,"LOAN_EQUITY":null,"LOAN_ASSETS":null,"DEPOSIT_EQUITY":null,"DEPOSIT_ASSETS":null,"EQUITY_MULTIPLIER":1.918318410973,"EQUITY_RATIO":1.44570510033},{"SECUCODE":"00897.HK","SECURITY_CODE":"00897","SECURITY_NAME_ABBR":"位元堂","ORG_CODE":"10009147","STD_REPORT_DATE":"2021-06-30 00:00:00","REPORT_DATE":"2021-09-30 00:00:00","DATE_TYPE_CODE":"002","REPORT_TYPE":"2021年中报","PER_NETCASH_OPERATE":-0.019792940809,"PER_OI":0.443761480089,"BPS":1.946117495576,"BASIC_EPS":0.00958019,"DILUTED_EPS":0.00958019,"OPERATE_INCOME":546555670.92,"OPERATE_INCOME_YOY":28.759160187,"GROSS_PROFIT":229268941.78,"GROSS_PROFIT_YOY":51.179945607896,"HOLDER_PROFIT":11753643.54,"HOLDER_PROFIT_YOY":106.2176097303,"GROSS_PROFIT_RATIO":41.947957724797,"EPS_TTM":-0.258015904769,"OPERATE_INCOME_QOQ":0,"NET_PROFIT_RATIO":5.3834734073,"ROE_AVG":0.543313554189,"GROSS_PROFIT_QOQ":0,"ROA":0.17639218901,"HOLDER_PROFIT_QOQ":0,"ROE_YEARLY":1.086627108377,"ROIC_YEARLY":0.463416945347,"TOTAL_ASSETS":6691788539.86,"TOTAL_LIABILITIES":3326983391.4,"TAX_EBT":34.940779900164,"OCF_SALES":-4.460265637527,"TOTAL_PARENT_EQUITY":2189582414.66,"DEBT_ASSET_RATIO":49.7174017317,"OPERATE_PROFIT":85065422.72,"PRETAX_PROFIT":45225994.34,"NETCASH_OPERATE":-24377834.78,"NETCASH_INVEST":-12417592.36,"NETCASH_FINANCE":37736784.94,"END_CASH":429929770.1,"DIVI_RATIO":-0.516490834622,"DIVIDEND_RATE":38.684210526316,"CURRENT_RATIO":1.386750857721,"COMMON_ACS":60000000000,"CURRENTDEBT_DEBT":59.232739646793,"ISSUED_COMMON_SHARES":1125102888,"HK_COMMON_SHARES":1125102888,"PER_SHARES":5000,"TOTAL_MARKET_CAP":427539097.44,"HKSK_MARKET_CAP":427539097.44,"PE_TTM":89.144932743953,"PB_TTM":0.356292676159,"REPORT_DATE_SQ":"2020-06-30 00:00:00","REPORT_TYPE_SQ":"2020年中报","OPERATE_INCOME_SQ":447744746.24,"DPS_HKD":0.147,"OPERATE_INCOME_QOQ_SQ":0,"NET_PROFIT_RATIO_SQ":-48.4923715808,"HOLDER_PROFIT_SQ":-199399142.4,"HOLDER_PROFIT_QOQ_SQ":0,"ROE_AVG_SQ":-9.461716304724,"PE_TTM_SQ":13.023330394574,"PB_TTM_SQ":0.213087840897,"ROA_SQ":-2.977908797768,"START_DATE":"2021-04-01 00:00:00","FISCAL_YEAR":"3-31","CURRENCY":"HKD","IS_CNY_CODE":0,"DPS_HKD_LY":null,"ORG_TYPE":"一般企业","PREMIUM_INCOME":null,"PREMIUM_INCOME_YOY":null,"NET_INTEREST_INCOME":null,"NET_INTEREST_INCOME_YOY":null,"FEE_COMMISSION_INCOME":null,"FEE_COMMISSION_INCOME_YOY":null,"ACCOUNTS_RECE_TDAYS":10.00796265788,"INVENTORY_TDAYS":0.183829328401,"CURRENT_ASSETS_TDAYS":0.201431149092,"TOTAL_ASSETS_TDAYS":0.082024055674,"PREMIUM_EXPENSE":null,"LOAN_DEPOSIT":null,"LOAN_EQUITY":null,"LOAN_ASSETS":null,"DEPOSIT_EQUITY":null,"DEPOSIT_ASSETS":null,"EQUITY_MULTIPLIER":1.988759599622,"EQUITY_RATIO":1.519460226354},{"SECUCODE":"00897.HK","SECURITY_CODE":"00897","SECURITY_NAME_ABBR":"位元堂","ORG_CODE":"10009147","STD_REPORT_DATE":"2020-12-31 00:00:00","REPORT_DATE":"2021-03-31 00:00:00","DATE_TYPE_CODE":"001","REPORT_TYPE":"2020年年报","PER_NETCASH_OPERATE":0.283101422967,"PER_OI":0.760721290098,"BPS":1.927078320236,"BASIC_EPS":-0.258033454,"DILUTED_EPS":-0.258033454,"OPERATE_INCOME":936936966.7,"OPERATE_INCOME_YOY":78.5873657451,"GROSS_PROFIT":376343440.76,"GROSS_PROFIT_YOY":46.280046966155,"HOLDER_PROFIT":-317783454.1,"HOLDER_PROFIT_YOY":-185.7363390096,"GROSS_PROFIT_RATIO":40.167423651297,"EPS_TTM":-0.118875828356,"OPERATE_INCOME_QOQ":0,"NET_PROFIT_RATIO":-40.7069499759,"ROE_AVG":-14.438824364535,"GROSS_PROFIT_QOQ":0,"ROA":-4.791359941749,"HOLDER_PROFIT_QOQ":0,"ROE_YEARLY":-14.438824364535,"ROIC_YEARLY":-6.125923951508,"TOTAL_ASSETS":6731458084.68,"TOTAL_LIABILITIES":3392702116.86,"TAX_EBT":-48.867321389102,"OCF_SALES":37.214867869724,"TOTAL_PARENT_EQUITY":2168161383.5,"DEBT_ASSET_RATIO":50.400701812,"OPERATE_PROFIT":54293518.02,"PRETAX_PROFIT":-256200258.58,"NETCASH_OPERATE":348679854.18,"NETCASH_INVEST":-54503967.84,"NETCASH_FINANCE":-296553377.68,"END_CASH":428704032.12,"DIVI_RATIO":-1.121025626847,"DIVIDEND_RATE":38.684210526316,"CURRENT_RATIO":1.363647557661,"COMMON_ACS":60000000000,"CURRENTDEBT_DEBT":59.075496670924,"ISSUED_COMMON_SHARES":1125102888,"HK_COMMON_SHARES":1125102888,"PER_SHARES":5000,"TOTAL_MARKET_CAP":427539097.44,"HKSK_MARKET_CAP":427539097.44,"PE_TTM":89.144932743953,"PB_TTM":0.356292676159,"REPORT_DATE_SQ":"2019-12-31 00:00:00","REPORT_TYPE_SQ":"2019年年报","OPERATE_INCOME_SQ":567171051.7,"DPS_HKD":0.147,"OPERATE_INCOME_QOQ_SQ":0,"NET_PROFIT_RATIO_SQ":15.0492717575,"HOLDER_PROFIT_SQ":400701307.6,"HOLDER_PROFIT_QOQ_SQ":0,"ROE_AVG_SQ":4.039603058822,"PE_TTM_SQ":13.023330394574,"PB_TTM_SQ":0.213087840897,"ROA_SQ":1.713442277695,"START_DATE":"2020-04-01 00:00:00","FISCAL_YEAR":"3-31","CURRENCY":"HKD","IS_CNY_CODE":0,"DPS_HKD_LY":null,"ORG_TYPE":"一般企业","PREMIUM_INCOME":null,"PREMIUM_INCOME_YOY":null,"NET_INTEREST_INCOME":null,"NET_INTEREST_INCOME_YOY":null,"FEE_COMMISSION_INCOME":null,"FEE_COMMISSION_INCOME_YOY":null,"ACCOUNTS_RECE_TDAYS":18.383857647469,"INVENTORY_TDAYS":0.314732795305,"CURRENT_ASSETS_TDAYS":0.350285504655,"TOTAL_ASSETS_TDAYS":0.141266078906,"PREMIUM_EXPENSE":null,"LOAN_DEPOSIT":null,"LOAN_EQUITY":null,"LOAN_ASSETS":null,"DEPOSIT_EQUITY":null,"DEPOSIT_ASSETS":null,"EQUITY_MULTIPLIER":2.016157559749,"EQUITY_RATIO":1.564783019695},{"SECUCODE":"00897.HK","SECURITY_CODE":"00897","SECURITY_NAME_ABBR":"位元堂","ORG_CODE":"10009147","STD_REPORT_DATE":"2020-06-30 00:00:00","REPORT_DATE":"2020-09-30 00:00:00","DATE_TYPE_CODE":"002","REPORT_TYPE":"2020年中报","PER_NETCASH_OPERATE":0.134896231382,"PER_OI":0.36353455259,"BPS":1.785678481558,"BASIC_EPS":-0.161860224,"DILUTED_EPS":-0.161860224,"OPERATE_INCOME":447744746.24,"OPERATE_INCOME_YOY":80.9183289424,"GROSS_PROFIT":151653012.48,"GROSS_PROFIT_YOY":49.383251272641,"HOLDER_PROFIT":-199399142.4,"HOLDER_PROFIT_YOY":-823.9033930401,"GROSS_PROFIT_RATIO":33.870416962684,"EPS_TTM":0.071086737847,"OPERATE_INCOME_QOQ":0,"NET_PROFIT_RATIO":-48.4923715808,"ROE_AVG":-9.461716304724,"GROSS_PROFIT_QOQ":0,"ROA":-2.977908797768,"HOLDER_PROFIT_QOQ":0,"ROE_YEARLY":-18.923432609449,"ROIC_YEARLY":-7.41904061135,"TOTAL_ASSETS":6969312851.2,"TOTAL_LIABILITIES":4061660883.84,"TAX_EBT":-17.123703541497,"OCF_SALES":37.106852820769,"TOTAL_PARENT_EQUITY":2009072016.64,"DEBT_ASSET_RATIO":58.2792159078,"OPERATE_PROFIT":-130290450.56,"PRETAX_PROFIT":-176562967.04,"NETCASH_OPERATE":166143984,"NETCASH_INVEST":-26097105.28,"NETCASH_FINANCE":-105997357.44,"END_CASH":473900725.76,"DIVI_RATIO":1.874651363063,"DIVIDEND_RATE":38.684210526316,"CURRENT_RATIO":1.19289850495,"COMMON_ACS":60000000000,"CURRENTDEBT_DEBT":60.483418562444,"ISSUED_COMMON_SHARES":1125102888,"HK_COMMON_SHARES":1125102888,"PER_SHARES":5000,"TOTAL_MARKET_CAP":427539097.44,"HKSK_MARKET_CAP":427539097.44,"PE_TTM":89.144932743953,"PB_TTM":0.356292676159,"REPORT_DATE_SQ":"2019-06-30 00:00:00","REPORT_TYPE_SQ":"2019年中报","OPERATE_INCOME_SQ":254043900.42,"DPS_HKD":0.147,"OPERATE_INCOME_QOQ_SQ":0,"NET_PROFIT_RATIO_SQ":11.3942522777,"HOLDER_PROFIT_SQ":29056448.13,"HOLDER_PROFIT_QOQ_SQ":0,"ROE_AVG_SQ":1.315685753157,"PE_TTM_SQ":13.023330394574,"PB_TTM_SQ":0.213087840897,"ROA_SQ":0.906304291251,"START_DATE":"2020-04-01 00:00:00","FISCAL_YEAR":"3-31","CURRENCY":"HKD","IS_CNY_CODE":0,"DPS_HKD_LY":null,"ORG_TYPE":"一般企业","PREMIUM_INCOME":null,"PREMIUM_INCOME_YOY":null,"NET_INTEREST_INCOME":null,"NET_INTEREST_INCOME_YOY":null,"FEE_COMMISSION_INCOME":null,"FEE_COMMISSION_INCOME_YOY":null,"ACCOUNTS_RECE_TDAYS":7.746683795638,"INVENTORY_TDAYS":0.160332085807,"CURRENT_ASSETS_TDAYS":0.158471089963,"TOTAL_ASSETS_TDAYS":0.065069818502,"PREMIUM_EXPENSE":null,"LOAN_DEPOSIT":null,"LOAN_EQUITY":null,"LOAN_ASSETS":null,"DEPOSIT_EQUITY":null,"DEPOSIT_ASSETS":null,"EQUITY_MULTIPLIER":2.396886879667,"EQUITY_RATIO":2.021660174548}],"count":48},"success":true,"message":"ok","code":0}