{"version":"32b74ae4b5b88ef70416b5fd4dec4ed9","result":{"pages":5,"data":[{"SECUCODE":"00899.HK","SECURITY_CODE":"00899","SECURITY_NAME_ABBR":"中加国信","ORG_CODE":"10009149","STD_REPORT_DATE":"2024-06-30 00:00:00","REPORT_DATE":"2024-09-30 00:00:00","DATE_TYPE_CODE":"002","REPORT_TYPE":"2024年中报","PER_NETCASH_OPERATE":-0.012234016916,"PER_OI":0.00657725131,"BPS":0.958656686932,"BASIC_EPS":-0.01172327,"DILUTED_EPS":-0.01172327,"OPERATE_INCOME":8640951.78,"OPERATE_INCOME_YOY":26.3449367089,"GROSS_PROFIT":998281.53,"GROSS_PROFIT_YOY":-79.913384015991,"HOLDER_PROFIT":-14177040.59,"HOLDER_PROFIT_YOY":-21.9249263223,"GROSS_PROFIT_RATIO":11.552911709455,"EPS_TTM":-0.005759768525,"OPERATE_INCOME_QOQ":0,"NET_PROFIT_RATIO":-190.0333959507,"ROE_AVG":-1.147351170395,"GROSS_PROFIT_QOQ":0,"ROA":-0.805352487072,"HOLDER_PROFIT_QOQ":0,"ROE_YEARLY":-2.294702340791,"ROIC_YEARLY":-1.722993763313,"TOTAL_ASSETS":1758035997.84,"TOTAL_LIABILITIES":394650357.7,"TAX_EBT":7.70361360296,"OCF_SALES":-186.005009392611,"TOTAL_PARENT_EQUITY":1259448030.11,"DEBT_ASSET_RATIO":22.4483661418,"OPERATE_PROFIT":-11934288.86,"PRETAX_PROFIT":-17793218.49,"NETCASH_OPERATE":-16072603.17,"NETCASH_INVEST":-918022.22,"NETCASH_FINANCE":15651467.24,"END_CASH":11395018.44,"DIVI_RATIO":null,"DIVIDEND_RATE":null,"CURRENT_RATIO":1.296326829291,"COMMON_ACS":25000000000,"CURRENTDEBT_DEBT":49.33779676896,"ISSUED_COMMON_SHARES":1313763360,"HK_COMMON_SHARES":1313763360,"PER_SHARES":10000,"TOTAL_MARKET_CAP":115611175.68,"HKSK_MARKET_CAP":115611175.68,"PE_TTM":-10.34644493288,"PB_TTM":0.082779915982,"REPORT_DATE_SQ":"2023-06-30 00:00:00","REPORT_TYPE_SQ":"2023年中报","OPERATE_INCOME_SQ":6959305.92,"DPS_HKD":null,"OPERATE_INCOME_QOQ_SQ":0,"NET_PROFIT_RATIO_SQ":-176.0152953586,"HOLDER_PROFIT_SQ":-11831921.22,"HOLDER_PROFIT_QOQ_SQ":0,"ROE_AVG_SQ":-0.950922473711,"PE_TTM_SQ":-0.383402503415,"PB_TTM_SQ":0.070026523008,"ROA_SQ":-0.754864555848,"START_DATE":"2024-04-01 00:00:00","FISCAL_YEAR":"3-31","CURRENCY":"HKD","IS_CNY_CODE":0,"DPS_HKD_LY":null,"ORG_TYPE":"一般企业","PREMIUM_INCOME":null,"PREMIUM_INCOME_YOY":null,"NET_INTEREST_INCOME":null,"NET_INTEREST_INCOME_YOY":null,"FEE_COMMISSION_INCOME":null,"FEE_COMMISSION_INCOME_YOY":null,"ACCOUNTS_RECE_TDAYS":11.984990619137,"INVENTORY_TDAYS":0.132462234587,"CURRENT_ASSETS_TDAYS":0.034224851057,"TOTAL_ASSETS_TDAYS":0.004908649279,"PREMIUM_EXPENSE":null,"LOAN_DEPOSIT":null,"LOAN_EQUITY":null,"LOAN_ASSETS":null,"DEPOSIT_EQUITY":null,"DEPOSIT_ASSETS":null,"EQUITY_MULTIPLIER":1.289463484197,"EQUITY_RATIO":0.313351840064},{"SECUCODE":"00899.HK","SECURITY_CODE":"00899","SECURITY_NAME_ABBR":"中加国信","ORG_CODE":"10009149","STD_REPORT_DATE":"2023-12-31 00:00:00","REPORT_DATE":"2024-03-31 00:00:00","DATE_TYPE_CODE":"001","REPORT_TYPE":"2023年年报","PER_NETCASH_OPERATE":-0.017716507719,"PER_OI":0.01367935816,"BPS":0.927269599374,"BASIC_EPS":-0.00815895,"DILUTED_EPS":-0.00815895,"OPERATE_INCOME":12836748,"OPERATE_INCOME_YOY":-36.2736273627,"GROSS_PROFIT":9922189.75,"GROSS_PROFIT_YOY":-39.456575592807,"HOLDER_PROFIT":-7566972.85,"HOLDER_PROFIT_YOY":96.6092813155,"GROSS_PROFIT_RATIO":77.295197740113,"EPS_TTM":-0.226105091183,"OPERATE_INCOME_QOQ":0,"NET_PROFIT_RATIO":-139.5903954802,"ROE_AVG":-0.611722320426,"GROSS_PROFIT_QOQ":0,"ROA":-0.451496695046,"HOLDER_PROFIT_QOQ":0,"ROE_YEARLY":-0.611722320426,"ROIC_YEARLY":-0.481186068605,"TOTAL_ASSETS":1771972546.15,"TOTAL_LIABILITIES":447318059.95,"TAX_EBT":45.039505898064,"OCF_SALES":-129.512711864407,"TOTAL_PARENT_EQUITY":1218212824.5,"DEBT_ASSET_RATIO":25.2440739515,"OPERATE_PROFIT":-21526936.3,"PRETAX_PROFIT":-32585033.2,"NETCASH_OPERATE":-16625220.45,"NETCASH_INVEST":-5905266.7,"NETCASH_FINANCE":4876332.45,"END_CASH":12989954.95,"DIVI_RATIO":null,"DIVIDEND_RATE":null,"CURRENT_RATIO":1.032979963409,"COMMON_ACS":25000000000,"CURRENTDEBT_DEBT":54.942859053684,"ISSUED_COMMON_SHARES":1313763360,"HK_COMMON_SHARES":1313763360,"PER_SHARES":10000,"TOTAL_MARKET_CAP":105101068.8,"HKSK_MARKET_CAP":105101068.8,"PE_TTM":-9.405859029891,"PB_TTM":0.075254469075,"REPORT_DATE_SQ":"2022-12-31 00:00:00","REPORT_TYPE_SQ":"2022年年报","OPERATE_INCOME_SQ":19451610.2,"DPS_HKD":null,"OPERATE_INCOME_QOQ_SQ":0,"NET_PROFIT_RATIO_SQ":-1197.3807380738,"HOLDER_PROFIT_SQ":-215501430.52,"HOLDER_PROFIT_QOQ_SQ":0,"ROE_AVG_SQ":-16.245818882072,"PE_TTM_SQ":-0.356293235497,"PB_TTM_SQ":0.065075152695,"ROA_SQ":-13.472197025108,"START_DATE":"2023-04-01 00:00:00","FISCAL_YEAR":"3-31","CURRENCY":"HKD","IS_CNY_CODE":0,"DPS_HKD_LY":null,"ORG_TYPE":"一般企业","PREMIUM_INCOME":null,"PREMIUM_INCOME_YOY":null,"NET_INTEREST_INCOME":null,"NET_INTEREST_INCOME_YOY":null,"FEE_COMMISSION_INCOME":null,"FEE_COMMISSION_INCOME_YOY":null,"ACCOUNTS_RECE_TDAYS":1.582918785982,"INVENTORY_TDAYS":0.049104210896,"CURRENT_ASSETS_TDAYS":0.038758469862,"TOTAL_ASSETS_TDAYS":0.007659270638,"PREMIUM_EXPENSE":null,"LOAN_DEPOSIT":null,"LOAN_EQUITY":null,"LOAN_ASSETS":null,"DEPOSIT_EQUITY":null,"DEPOSIT_ASSETS":null,"EQUITY_MULTIPLIER":1.337686592701,"EQUITY_RATIO":0.367192046376},{"SECUCODE":"00899.HK","SECURITY_CODE":"00899","SECURITY_NAME_ABBR":"中加国信","ORG_CODE":"10009149","STD_REPORT_DATE":"2023-06-30 00:00:00","REPORT_DATE":"2023-09-30 00:00:00","DATE_TYPE_CODE":"002","REPORT_TYPE":"2023年中报","PER_NETCASH_OPERATE":-0.010986298261,"PER_OI":0.007416118025,"BPS":0.926642861474,"BASIC_EPS":-0.01284682,"DILUTED_EPS":-0.01284682,"OPERATE_INCOME":6959305.92,"OPERATE_INCOME_YOY":-62.7614651871,"GROSS_PROFIT":4969884.08,"GROSS_PROFIT_YOY":-67.248868575562,"HOLDER_PROFIT":-11831921.22,"HOLDER_PROFIT_YOY":23.0530524557,"GROSS_PROFIT_RATIO":71.413502109705,"EPS_TTM":-0.229647045512,"OPERATE_INCOME_QOQ":0,"NET_PROFIT_RATIO":-176.0152953586,"ROE_AVG":-0.950922473711,"GROSS_PROFIT_QOQ":0,"ROA":-0.754864555848,"HOLDER_PROFIT_QOQ":0,"ROE_YEARLY":-1.901844947422,"ROIC_YEARLY":-1.599665526736,"TOTAL_ASSETS":1535557453.85,"TOTAL_LIABILITIES":256928141.33,"TAX_EBT":10.874499332443,"OCF_SALES":-148.14082278481,"TOTAL_PARENT_EQUITY":1217389439.21,"DEBT_ASSET_RATIO":16.7319132661,"OPERATE_PROFIT":-8218294.28,"PRETAX_PROFIT":-13746097.4,"NETCASH_OPERATE":-10309573.05,"NETCASH_INVEST":-489096.79,"NETCASH_FINANCE":6587665.77,"END_CASH":26524095.15,"DIVI_RATIO":null,"DIVIDEND_RATE":null,"CURRENT_RATIO":3.159260291658,"COMMON_ACS":25000000000,"CURRENTDEBT_DEBT":48.688707851324,"ISSUED_COMMON_SHARES":1313763360,"HK_COMMON_SHARES":1313763360,"PER_SHARES":10000,"TOTAL_MARKET_CAP":105101068.8,"HKSK_MARKET_CAP":105101068.8,"PE_TTM":-9.405859029891,"PB_TTM":0.075254469075,"REPORT_DATE_SQ":"2022-06-30 00:00:00","REPORT_TYPE_SQ":"2022年中报","OPERATE_INCOME_SQ":18419825.04,"DPS_HKD":null,"OPERATE_INCOME_QOQ_SQ":0,"NET_PROFIT_RATIO_SQ":-83.2073062948,"HOLDER_PROFIT_SQ":-15155701.08,"HOLDER_PROFIT_QOQ_SQ":0,"ROE_AVG_SQ":-1.04231362898,"PE_TTM_SQ":-0.356293235497,"PB_TTM_SQ":0.065075152695,"ROA_SQ":-0.864412309764,"START_DATE":"2023-04-01 00:00:00","FISCAL_YEAR":"3-31","CURRENCY":"HKD","IS_CNY_CODE":0,"DPS_HKD_LY":null,"ORG_TYPE":"一般企业","PREMIUM_INCOME":null,"PREMIUM_INCOME_YOY":null,"NET_INTEREST_INCOME":null,"NET_INTEREST_INCOME_YOY":null,"FEE_COMMISSION_INCOME":null,"FEE_COMMISSION_INCOME_YOY":null,"ACCOUNTS_RECE_TDAYS":0.452573474564,"INVENTORY_TDAYS":0.033609537171,"CURRENT_ASSETS_TDAYS":0.017210606399,"TOTAL_ASSETS_TDAYS":0.004439966489,"PREMIUM_EXPENSE":null,"LOAN_DEPOSIT":null,"LOAN_EQUITY":null,"LOAN_ASSETS":null,"DEPOSIT_EQUITY":null,"DEPOSIT_ASSETS":null,"EQUITY_MULTIPLIER":1.200940287238,"EQUITY_RATIO":0.211048439435},{"SECUCODE":"00899.HK","SECURITY_CODE":"00899","SECURITY_NAME_ABBR":"中加国信","ORG_CODE":"10009149","STD_REPORT_DATE":"2022-12-31 00:00:00","REPORT_DATE":"2023-03-31 00:00:00","DATE_TYPE_CODE":"001","REPORT_TYPE":"2022年年报","PER_NETCASH_OPERATE":0.001755665712,"PER_OI":0.020728423018,"BPS":0.923028248147,"BASIC_EPS":-0.25999677,"DILUTED_EPS":-0.25999677,"OPERATE_INCOME":19451610.2,"OPERATE_INCOME_YOY":4.8113207547,"GROSS_PROFIT":16388550.61,"GROSS_PROFIT_YOY":18.422300885863,"HOLDER_PROFIT":-215501430.52,"HOLDER_PROFIT_YOY":31.9293666112,"GROSS_PROFIT_RATIO":84.252925292529,"EPS_TTM":-0.417359144651,"OPERATE_INCOME_QOQ":0,"NET_PROFIT_RATIO":-1197.3807380738,"ROE_AVG":-16.245818882072,"GROSS_PROFIT_QOQ":0,"ROA":-13.472197025108,"HOLDER_PROFIT_QOQ":0,"ROE_YEARLY":-16.245818882072,"ROIC_YEARLY":-14.272942218738,"TOTAL_ASSETS":1525705692.27,"TOTAL_LIABILITIES":254036978.72,"TAX_EBT":8.428561096445,"OCF_SALES":8.469846984698,"TOTAL_PARENT_EQUITY":1212640692.66,"DEBT_ASSET_RATIO":16.6504575559,"OPERATE_PROFIT":-180727519.09,"PRETAX_PROFIT":-193661701.84,"NETCASH_OPERATE":1647521.62,"NETCASH_INVEST":-17414531.13,"NETCASH_FINANCE":33248947.21,"END_CASH":29970536.76,"DIVI_RATIO":null,"DIVIDEND_RATE":null,"CURRENT_RATIO":3.066476132149,"COMMON_ACS":25000000000,"CURRENTDEBT_DEBT":50.640610354524,"ISSUED_COMMON_SHARES":1313763360,"HK_COMMON_SHARES":1313763360,"PER_SHARES":10000,"TOTAL_MARKET_CAP":105101068.8,"HKSK_MARKET_CAP":105101068.8,"PE_TTM":-9.405859029891,"PB_TTM":0.075254469075,"REPORT_DATE_SQ":"2021-12-31 00:00:00","REPORT_TYPE_SQ":"2021年年报","OPERATE_INCOME_SQ":17193412,"DPS_HKD":null,"OPERATE_INCOME_QOQ_SQ":0,"NET_PROFIT_RATIO_SQ":-1774.2075471698,"HOLDER_PROFIT_SQ":-293295278.42,"HOLDER_PROFIT_QOQ_SQ":0,"ROE_AVG_SQ":-19.980546644269,"PE_TTM_SQ":-0.356293235497,"PB_TTM_SQ":0.065075152695,"ROA_SQ":-17.273484984178,"START_DATE":"2022-04-01 00:00:00","FISCAL_YEAR":"3-31","CURRENCY":"HKD","IS_CNY_CODE":0,"DPS_HKD_LY":null,"ORG_TYPE":"一般企业","PREMIUM_INCOME":null,"PREMIUM_INCOME_YOY":null,"NET_INTEREST_INCOME":null,"NET_INTEREST_INCOME_YOY":null,"FEE_COMMISSION_INCOME":null,"FEE_COMMISSION_INCOME_YOY":null,"ACCOUNTS_RECE_TDAYS":1.859647654517,"INVENTORY_TDAYS":0.048245432609,"CURRENT_ASSETS_TDAYS":0.03246380877,"TOTAL_ASSETS_TDAYS":0.012160287031,"PREMIUM_EXPENSE":null,"LOAN_DEPOSIT":null,"LOAN_EQUITY":null,"LOAN_ASSETS":null,"DEPOSIT_EQUITY":null,"DEPOSIT_ASSETS":null,"EQUITY_MULTIPLIER":1.199766634197,"EQUITY_RATIO":0.209490725701},{"SECUCODE":"00899.HK","SECURITY_CODE":"00899","SECURITY_NAME_ABBR":"中加国信","ORG_CODE":"10009149","STD_REPORT_DATE":"2022-06-30 00:00:00","REPORT_DATE":"2022-09-30 00:00:00","DATE_TYPE_CODE":"002","REPORT_TYPE":"2022年中报","PER_NETCASH_OPERATE":0.00076363446,"PER_OI":0.002138932665,"BPS":1.080831123925,"BASIC_EPS":-0.01899324,"DILUTED_EPS":-0.01899324,"OPERATE_INCOME":18419825.04,"OPERATE_INCOME_YOY":65.6176303163,"GROSS_PROFIT":15174694.32,"GROSS_PROFIT_YOY":121.116871854726,"HOLDER_PROFIT":-15155701.08,"HOLDER_PROFIT_YOY":-127.390117524,"GROSS_PROFIT_RATIO":82.38240204262,"EPS_TTM":-0.038532215371,"OPERATE_INCOME_QOQ":0,"NET_PROFIT_RATIO":-83.2073062948,"ROE_AVG":-1.04231362898,"GROSS_PROFIT_QOQ":0,"ROA":-0.864412309764,"HOLDER_PROFIT_QOQ":0,"ROE_YEARLY":-2.08462725796,"ROIC_YEARLY":-1.840555318946,"TOTAL_ASSETS":1777598133.72,"TOTAL_LIABILITIES":279002555.64,"TAX_EBT":-6.596730595958,"OCF_SALES":35.701659628793,"TOTAL_PARENT_EQUITY":1419956328.96,"DEBT_ASSET_RATIO":15.6954797796,"OPERATE_PROFIT":-7168591.44,"PRETAX_PROFIT":-14053188.72,"NETCASH_OPERATE":6576183.24,"NETCASH_INVEST":-7424547.96,"NETCASH_FINANCE":25819953.12,"END_CASH":38319313.92,"DIVI_RATIO":null,"DIVIDEND_RATE":null,"CURRENT_RATIO":2.023699049672,"COMMON_ACS":25000000000,"CURRENTDEBT_DEBT":49.324917904182,"ISSUED_COMMON_SHARES":1313763360,"HK_COMMON_SHARES":1313763360,"PER_SHARES":10000,"TOTAL_MARKET_CAP":105101068.8,"HKSK_MARKET_CAP":105101068.8,"PE_TTM":-9.405859029891,"PB_TTM":0.075254469075,"REPORT_DATE_SQ":"2021-06-30 00:00:00","REPORT_TYPE_SQ":"2021年中报","OPERATE_INCOME_SQ":10244138.82,"DPS_HKD":null,"OPERATE_INCOME_QOQ_SQ":0,"NET_PROFIT_RATIO_SQ":493.9822720989,"HOLDER_PROFIT_SQ":50965777.74,"HOLDER_PROFIT_QOQ_SQ":0,"ROE_AVG_SQ":3.040720122684,"PE_TTM_SQ":-0.356293235497,"PB_TTM_SQ":0.065075152695,"ROA_SQ":2.646535709025,"START_DATE":"2022-04-01 00:00:00","FISCAL_YEAR":"3-31","CURRENCY":"HKD","IS_CNY_CODE":0,"DPS_HKD_LY":null,"ORG_TYPE":"一般企业","PREMIUM_INCOME":null,"PREMIUM_INCOME_YOY":null,"NET_INTEREST_INCOME":null,"NET_INTEREST_INCOME_YOY":null,"FEE_COMMISSION_INCOME":null,"FEE_COMMISSION_INCOME_YOY":null,"ACCOUNTS_RECE_TDAYS":1.660497350183,"INVENTORY_TDAYS":null,"CURRENT_ASSETS_TDAYS":0.033218153364,"TOTAL_ASSETS_TDAYS":0.010505831056,"PREMIUM_EXPENSE":null,"LOAN_DEPOSIT":null,"LOAN_EQUITY":null,"LOAN_ASSETS":null,"DEPOSIT_EQUITY":null,"DEPOSIT_ASSETS":null,"EQUITY_MULTIPLIER":1.18617601688,"EQUITY_RATIO":0.196486715788},{"SECUCODE":"00899.HK","SECURITY_CODE":"00899","SECURITY_NAME_ABBR":"中加国信","ORG_CODE":"10009149","STD_REPORT_DATE":"2021-12-31 00:00:00","REPORT_DATE":"2022-03-31 00:00:00","DATE_TYPE_CODE":"001","REPORT_TYPE":"2021年年报","PER_NETCASH_OPERATE":0.000841302649,"PER_OI":0.002258816636,"BPS":1.015712484652,"BASIC_EPS":-0.38522975,"DILUTED_EPS":-0.38522975,"OPERATE_INCOME":17193412,"OPERATE_INCOME_YOY":-35.6014580802,"GROSS_PROFIT":13839074.64,"GROSS_PROFIT_YOY":-0.455254744548,"HOLDER_PROFIT":-293295278.42,"HOLDER_PROFIT_YOY":-496.2592040673,"GROSS_PROFIT_RATIO":80.490566037736,"EPS_TTM":0.012046244592,"OPERATE_INCOME_QOQ":0,"NET_PROFIT_RATIO":-1774.2075471698,"ROE_AVG":-19.980546644269,"GROSS_PROFIT_QOQ":0,"ROA":-17.273484984178,"HOLDER_PROFIT_QOQ":0,"ROE_YEARLY":-19.980546644269,"ROIC_YEARLY":-18.264249358856,"TOTAL_ASSETS":1550385108.72,"TOTAL_LIABILITIES":144764473.99,"TAX_EBT":6.232092394241,"OCF_SALES":37.245283018868,"TOTAL_PARENT_EQUITY":1334405846.63,"DEBT_ASSET_RATIO":9.3373235576,"OPERATE_PROFIT":-235167758.69,"PRETAX_PROFIT":-247671910.87,"NETCASH_OPERATE":6403734.96,"NETCASH_INVEST":-6205037.51,"NETCASH_FINANCE":-1441164.77,"END_CASH":14786334.32,"DIVI_RATIO":null,"DIVIDEND_RATE":null,"CURRENT_RATIO":5.633554395372,"COMMON_ACS":25000000000,"CURRENTDEBT_DEBT":91.317598417918,"ISSUED_COMMON_SHARES":1313763360,"HK_COMMON_SHARES":1313763360,"PER_SHARES":10000,"TOTAL_MARKET_CAP":107728595.52,"HKSK_MARKET_CAP":107728595.52,"PE_TTM":-9.641005505638,"PB_TTM":0.077135830802,"REPORT_DATE_SQ":"2020-12-31 00:00:00","REPORT_TYPE_SQ":"2020年年报","OPERATE_INCOME_SQ":27823325.6,"DPS_HKD":null,"OPERATE_INCOME_QOQ_SQ":0,"NET_PROFIT_RATIO_SQ":275.4981773998,"HOLDER_PROFIT_SQ":77134507.52,"HOLDER_PROFIT_QOQ_SQ":0,"ROE_AVG_SQ":4.820995503031,"PE_TTM_SQ":-0.476348564849,"PB_TTM_SQ":0.087002649798,"ROA_SQ":4.156864424111,"START_DATE":"2021-04-01 00:00:00","FISCAL_YEAR":"3-31","CURRENCY":"HKD","IS_CNY_CODE":0,"DPS_HKD_LY":null,"ORG_TYPE":"一般企业","PREMIUM_INCOME":null,"PREMIUM_INCOME_YOY":null,"NET_INTEREST_INCOME":null,"NET_INTEREST_INCOME_YOY":null,"FEE_COMMISSION_INCOME":null,"FEE_COMMISSION_INCOME_YOY":null,"ACCOUNTS_RECE_TDAYS":4.566505115778,"INVENTORY_TDAYS":0.020493559839,"CURRENT_ASSETS_TDAYS":0.021565140967,"TOTAL_ASSETS_TDAYS":0.01012597767,"PREMIUM_EXPENSE":null,"LOAN_DEPOSIT":null,"LOAN_EQUITY":null,"LOAN_ASSETS":null,"DEPOSIT_EQUITY":null,"DEPOSIT_ASSETS":null,"EQUITY_MULTIPLIER":1.102989718857,"EQUITY_RATIO":0.108486090911},{"SECUCODE":"00899.HK","SECURITY_CODE":"00899","SECURITY_NAME_ABBR":"中加国信","ORG_CODE":"10009149","STD_REPORT_DATE":"2021-06-30 00:00:00","REPORT_DATE":"2021-09-30 00:00:00","DATE_TYPE_CODE":"002","REPORT_TYPE":"2021年中报","PER_NETCASH_OPERATE":0.000060741872,"PER_OI":0.001345842884,"BPS":1.299530581504,"BASIC_EPS":0.00666448,"DILUTED_EPS":0.00666448,"OPERATE_INCOME":10244138.82,"OPERATE_INCOME_YOY":-31.5197416049,"GROSS_PROFIT":6862748.28,"GROSS_PROFIT_YOY":17.566423302725,"HOLDER_PROFIT":50965777.74,"HOLDER_PROFIT_YOY":47.6576641807,"GROSS_PROFIT_RATIO":66.991949255916,"EPS_TTM":0.01013369009,"OPERATE_INCOME_QOQ":0,"NET_PROFIT_RATIO":493.9822720989,"ROE_AVG":3.040720122684,"GROSS_PROFIT_QOQ":0,"ROA":2.646535709025,"HOLDER_PROFIT_QOQ":0,"ROE_YEARLY":6.081440245369,"ROIC_YEARLY":5.588232003107,"TOTAL_ASSETS":1955815781.94,"TOTAL_LIABILITIES":163808753.1,"TAX_EBT":0.992600319458,"OCF_SALES":4.513295925836,"TOTAL_PARENT_EQUITY":1707275663.18,"DEBT_ASSET_RATIO":8.375469439,"OPERATE_PROFIT":57302865.16,"PRETAX_PROFIT":51111563.24,"NETCASH_OPERATE":462348.3,"NETCASH_INVEST":2027668.04,"NETCASH_FINANCE":-743089.52,"END_CASH":17814988.1,"DIVI_RATIO":null,"DIVIDEND_RATE":null,"CURRENT_RATIO":6.8590700842,"COMMON_ACS":25000000000,"CURRENTDEBT_DEBT":82.142039819971,"ISSUED_COMMON_SHARES":1313763360,"HK_COMMON_SHARES":1313763360,"PER_SHARES":10000,"TOTAL_MARKET_CAP":105101068.8,"HKSK_MARKET_CAP":105101068.8,"PE_TTM":-9.405859029891,"PB_TTM":0.075254469075,"REPORT_DATE_SQ":"2020-06-30 00:00:00","REPORT_TYPE_SQ":"2020年中报","OPERATE_INCOME_SQ":15779175.04,"DPS_HKD":null,"OPERATE_INCOME_QOQ_SQ":0,"NET_PROFIT_RATIO_SQ":230.3391435095,"HOLDER_PROFIT_SQ":36408005.76,"HOLDER_PROFIT_QOQ_SQ":0,"ROE_AVG_SQ":2.238619688053,"PE_TTM_SQ":-0.356293235497,"PB_TTM_SQ":0.065075152695,"ROA_SQ":1.921702441076,"START_DATE":"2021-04-01 00:00:00","FISCAL_YEAR":"3-31","CURRENCY":"HKD","IS_CNY_CODE":0,"DPS_HKD_LY":null,"ORG_TYPE":"一般企业","PREMIUM_INCOME":null,"PREMIUM_INCOME_YOY":null,"NET_INTEREST_INCOME":null,"NET_INTEREST_INCOME_YOY":null,"FEE_COMMISSION_INCOME":null,"FEE_COMMISSION_INCOME_YOY":null,"ACCOUNTS_RECE_TDAYS":3.479626485569,"INVENTORY_TDAYS":0.012445136693,"CURRENT_ASSETS_TDAYS":0.011408622013,"TOTAL_ASSETS_TDAYS":0.00531954586,"PREMIUM_EXPENSE":null,"LOAN_DEPOSIT":null,"LOAN_EQUITY":null,"LOAN_ASSETS":null,"DEPOSIT_EQUITY":null,"DEPOSIT_ASSETS":null,"EQUITY_MULTIPLIER":1.091410775998,"EQUITY_RATIO":0.095947453966},{"SECUCODE":"00899.HK","SECURITY_CODE":"00899","SECURITY_NAME_ABBR":"中加国信","ORG_CODE":"10009149","STD_REPORT_DATE":"2020-12-31 00:00:00","REPORT_DATE":"2021-03-31 00:00:00","DATE_TYPE_CODE":"001","REPORT_TYPE":"2020年年报","PER_NETCASH_OPERATE":-0.00318221231,"PER_OI":0.003655341403,"BPS":1.270300181031,"BASIC_EPS":0.01014216,"DILUTED_EPS":0.01014216,"OPERATE_INCOME":27823325.6,"OPERATE_INCOME_YOY":-83.6633417696,"GROSS_PROFIT":13902365.82,"GROSS_PROFIT_YOY":117.440121979391,"HOLDER_PROFIT":77134507.52,"HOLDER_PROFIT_YOY":126.9386984037,"GROSS_PROFIT_RATIO":49.966585662211,"EPS_TTM":-0.02767115187,"OPERATE_INCOME_QOQ":0,"NET_PROFIT_RATIO":275.4981773998,"ROE_AVG":4.820995503031,"GROSS_PROFIT_QOQ":0,"ROA":4.156864424111,"HOLDER_PROFIT_QOQ":0,"ROE_YEARLY":4.820995503031,"ROIC_YEARLY":4.428517705288,"TOTAL_ASSETS":1923273014.04,"TOTAL_LIABILITIES":168135038.12,"TAX_EBT":2.320972762227,"OCF_SALES":-87.056500607533,"TOTAL_PARENT_EQUITY":1668873834.04,"DEBT_ASSET_RATIO":8.7421305708,"OPERATE_PROFIT":88156499.9,"PRETAX_PROFIT":78474117.82,"NETCASH_OPERATE":-24222013.62,"NETCASH_INVEST":1968424.22,"NETCASH_FINANCE":-2490745.46,"END_CASH":16087156.12,"DIVI_RATIO":null,"DIVIDEND_RATE":null,"CURRENT_RATIO":6.342446766013,"COMMON_ACS":25000000000,"CURRENTDEBT_DEBT":83.049654659334,"ISSUED_COMMON_SHARES":1313763360,"HK_COMMON_SHARES":1313763360,"PER_SHARES":10000,"TOTAL_MARKET_CAP":107728595.52,"HKSK_MARKET_CAP":107728595.52,"PE_TTM":-9.641005505638,"PB_TTM":0.077135830802,"REPORT_DATE_SQ":"2019-12-31 00:00:00","REPORT_TYPE_SQ":"2019年年报","OPERATE_INCOME_SQ":184119687,"DPS_HKD":null,"OPERATE_INCOME_QOQ_SQ":0,"NET_PROFIT_RATIO_SQ":-176.1302168627,"HOLDER_PROFIT_SQ":-309546940.8,"HOLDER_PROFIT_QOQ_SQ":0,"ROE_AVG_SQ":-16.833418796284,"PE_TTM_SQ":-0.476348564849,"PB_TTM_SQ":0.087002649798,"ROA_SQ":-14.011236814733,"START_DATE":"2020-04-01 00:00:00","FISCAL_YEAR":"3-31","CURRENCY":"HKD","IS_CNY_CODE":0,"DPS_HKD_LY":null,"ORG_TYPE":"一般企业","PREMIUM_INCOME":null,"PREMIUM_INCOME_YOY":null,"NET_INTEREST_INCOME":null,"NET_INTEREST_INCOME_YOY":null,"FEE_COMMISSION_INCOME":null,"FEE_COMMISSION_INCOME_YOY":null,"ACCOUNTS_RECE_TDAYS":21.341977309562,"INVENTORY_TDAYS":0.051185317201,"CURRENT_ASSETS_TDAYS":0.031092404037,"TOTAL_ASSETS_TDAYS":0.014994299707,"PREMIUM_EXPENSE":null,"LOAN_DEPOSIT":null,"LOAN_EQUITY":null,"LOAN_ASSETS":null,"DEPOSIT_EQUITY":null,"DEPOSIT_ASSETS":null,"EQUITY_MULTIPLIER":1.095795909169,"EQUITY_RATIO":0.100747602779},{"SECUCODE":"00899.HK","SECURITY_CODE":"00899","SECURITY_NAME_ABBR":"中加国信","ORG_CODE":"10009149","STD_REPORT_DATE":"2020-06-30 00:00:00","REPORT_DATE":"2020-09-30 00:00:00","DATE_TYPE_CODE":"002","REPORT_TYPE":"2020年中报","PER_NETCASH_OPERATE":-0.003242114758,"PER_OI":0.002073018612,"BPS":1.264225603125,"BASIC_EPS":0.0043936,"DILUTED_EPS":0.0043936,"OPERATE_INCOME":15779175.04,"OPERATE_INCOME_YOY":-89.3504845272,"GROSS_PROFIT":5837336.96,"GROSS_PROFIT_YOY":116.056661845666,"HOLDER_PROFIT":36408005.76,"HOLDER_PROFIT_YOY":159.7827027963,"GROSS_PROFIT_RATIO":36.993929943755,"EPS_TTM":-0.040667307891,"OPERATE_INCOME_QOQ":0,"NET_PROFIT_RATIO":230.3391435095,"ROE_AVG":2.238619688053,"GROSS_PROFIT_QOQ":0,"ROA":1.921702441076,"HOLDER_PROFIT_QOQ":0,"ROE_YEARLY":4.477239376106,"ROIC_YEARLY":4.099646959179,"TOTAL_ASSETS":1930275436.8,"TOTAL_LIABILITIES":179455713.28,"TAX_EBT":0.08696072274,"OCF_SALES":-156.395834493512,"TOTAL_PARENT_EQUITY":1660893276.16,"DEBT_ASSET_RATIO":9.2968966946,"OPERATE_PROFIT":39617091.2,"PRETAX_PROFIT":36377250.56,"NETCASH_OPERATE":-24677972.48,"NETCASH_INVEST":1528094.08,"NETCASH_FINANCE":-1473613.44,"END_CASH":16635927.04,"DIVI_RATIO":null,"DIVIDEND_RATE":null,"CURRENT_RATIO":5.765367724592,"COMMON_ACS":25000000000,"CURRENTDEBT_DEBT":84.516021623316,"ISSUED_COMMON_SHARES":1313763360,"HK_COMMON_SHARES":1313763360,"PER_SHARES":10000,"TOTAL_MARKET_CAP":105101068.8,"HKSK_MARKET_CAP":105101068.8,"PE_TTM":-9.405859029891,"PB_TTM":0.075254469075,"REPORT_DATE_SQ":"2019-06-30 00:00:00","REPORT_TYPE_SQ":"2019年中报","OPERATE_INCOME_SQ":152095122.18,"DPS_HKD":null,"OPERATE_INCOME_QOQ_SQ":0,"NET_PROFIT_RATIO_SQ":-41.2891862079,"HOLDER_PROFIT_SQ":-62514705.06,"HOLDER_PROFIT_QOQ_SQ":0,"ROE_AVG_SQ":-3.207119651995,"PE_TTM_SQ":-0.356293235497,"PB_TTM_SQ":0.065075152695,"ROA_SQ":-2.693707123772,"START_DATE":"2020-04-01 00:00:00","FISCAL_YEAR":"3-31","CURRENCY":"HKD","IS_CNY_CODE":0,"DPS_HKD_LY":null,"ORG_TYPE":"一般企业","PREMIUM_INCOME":null,"PREMIUM_INCOME_YOY":null,"NET_INTEREST_INCOME":null,"NET_INTEREST_INCOME_YOY":null,"FEE_COMMISSION_INCOME":null,"FEE_COMMISSION_INCOME_YOY":null,"ACCOUNTS_RECE_TDAYS":44.283600493218,"INVENTORY_TDAYS":0.035649186046,"CURRENT_ASSETS_TDAYS":0.017393351065,"TOTAL_ASSETS_TDAYS":0.008328629531,"PREMIUM_EXPENSE":null,"LOAN_DEPOSIT":null,"LOAN_EQUITY":null,"LOAN_ASSETS":null,"DEPOSIT_EQUITY":null,"DEPOSIT_ASSETS":null,"EQUITY_MULTIPLIER":1.102498110382,"EQUITY_RATIO":0.108047708938}],"count":44},"success":true,"message":"ok","code":0}