{"version":"fd1336bec574159612c5a72dac2ca7ce","result":{"pages":6,"data":[{"SECUCODE":"00894.HK","SECURITY_CODE":"00894","SECURITY_NAME_ABBR":"万裕科技","ORG_CODE":"10009145","STD_REPORT_DATE":"2024-06-30 00:00:00","REPORT_DATE":"2024-06-30 00:00:00","DATE_TYPE_CODE":"002","REPORT_TYPE":"2024年中报","PER_NETCASH_OPERATE":0.152029036744,"PER_OI":1.566038797627,"BPS":2.883711427089,"BASIC_EPS":0.005293544,"DILUTED_EPS":0.005293544,"OPERATE_INCOME":744725888.36,"OPERATE_INCOME_YOY":7.0871091571,"GROSS_PROFIT":121422034.52,"GROSS_PROFIT_YOY":28.517514077797,"HOLDER_PROFIT":2515346.08,"HOLDER_PROFIT_YOY":117.9333680375,"GROSS_PROFIT_RATIO":16.304258575916,"EPS_TTM":0.042851841263,"OPERATE_INCOME_QOQ":3.165790252667,"NET_PROFIT_RATIO":0.2931455176,"ROE_AVG":0.182555183034,"GROSS_PROFIT_QOQ":11.16004507997,"ROA":0.086565578216,"HOLDER_PROFIT_QOQ":451.690624271134,"ROE_YEARLY":0.365110366068,"ROIC_YEARLY":0.188399421813,"TOTAL_ASSETS":2919032658.12,"TOTAL_LIABILITIES":1522706185.2,"TAX_EBT":66.465722697322,"OCF_SALES":9.707871667951,"TOTAL_PARENT_EQUITY":1371341857.92,"DEBT_ASSET_RATIO":52.1647533118,"OPERATE_PROFIT":29430279.28,"PRETAX_PROFIT":6510146.44,"NETCASH_OPERATE":72297033.52,"NETCASH_INVEST":-24670653.08,"NETCASH_FINANCE":-82227904.6,"END_CASH":191558754.48,"DIVI_RATIO":null,"DIVIDEND_RATE":null,"CURRENT_RATIO":1.113543172769,"COMMON_ACS":1000000000,"CURRENTDEBT_DEBT":91.988623763029,"ISSUED_COMMON_SHARES":475547534,"HK_COMMON_SHARES":475547534,"PER_SHARES":2000,"TOTAL_MARKET_CAP":178330325.25,"HKSK_MARKET_CAP":178330325.25,"PE_TTM":8.032897533784,"PB_TTM":0.118685592735,"REPORT_DATE_SQ":"2023-06-30 00:00:00","REPORT_TYPE_SQ":"2023年中报","OPERATE_INCOME_SQ":702525710.5,"DPS_HKD":null,"OPERATE_INCOME_QOQ_SQ":-8.722154690537,"NET_PROFIT_RATIO_SQ":-2.333147413,"HOLDER_PROFIT_SQ":-14168988.64,"HOLDER_PROFIT_QOQ_SQ":-105.350263801219,"ROE_AVG_SQ":-1.053145903332,"PE_TTM_SQ":-51.622950061568,"PB_TTM_SQ":0.110254911302,"ROA_SQ":-0.481159767867,"START_DATE":"2024-01-01 00:00:00","FISCAL_YEAR":"12-31","CURRENCY":"HKD","IS_CNY_CODE":0,"DPS_HKD_LY":null,"ORG_TYPE":"一般企业","PREMIUM_INCOME":null,"PREMIUM_INCOME_YOY":null,"NET_INTEREST_INCOME":null,"NET_INTEREST_INCOME_YOY":null,"FEE_COMMISSION_INCOME":null,"FEE_COMMISSION_INCOME_YOY":null,"ACCOUNTS_RECE_TDAYS":1.230540585986,"INVENTORY_TDAYS":1.092755874896,"CURRENT_ASSETS_TDAYS":0.483886883509,"TOTAL_ASSETS_TDAYS":0.256297245339,"PREMIUM_EXPENSE":null,"LOAN_DEPOSIT":null,"LOAN_EQUITY":null,"LOAN_ASSETS":null,"DEPOSIT_EQUITY":null,"DEPOSIT_ASSETS":null,"EQUITY_MULTIPLIER":2.090508713205,"EQUITY_RATIO":1.110376800946},{"SECUCODE":"00894.HK","SECURITY_CODE":"00894","SECURITY_NAME_ABBR":"万裕科技","ORG_CODE":"10009145","STD_REPORT_DATE":"2023-12-31 00:00:00","REPORT_DATE":"2023-12-31 00:00:00","DATE_TYPE_CODE":"001","REPORT_TYPE":"2023年年报","PER_NETCASH_OPERATE":0.244997957029,"PER_OI":2.803097537333,"BPS":2.890499484201,"BASIC_EPS":0.007793492,"DILUTED_EPS":0.007793492,"OPERATE_INCOME":1333006121.44,"OPERATE_INCOME_YOY":-20.3407426261,"GROSS_PROFIT":241424257.76,"GROSS_PROFIT_YOY":-17.60205735484,"HOLDER_PROFIT":3693752.72,"HOLDER_PROFIT_YOY":-90.4512017992,"GROSS_PROFIT_RATIO":18.111263997738,"EPS_TTM":0.007767368046,"OPERATE_INCOME_QOQ":-11.463618615202,"NET_PROFIT_RATIO":0.0662836041,"ROE_AVG":0.272605580322,"GROSS_PROFIT_QOQ":-2.15404713539,"ROA":0.127365746083,"HOLDER_PROFIT_QOQ":281.060791000007,"ROE_YEARLY":0.272605580322,"ROIC_YEARLY":0.141101387024,"TOTAL_ASSETS":2871918113.96,"TOTAL_LIABILITIES":1471024333.66,"TAX_EBT":91.802589540945,"OCF_SALES":8.740258009779,"TOTAL_PARENT_EQUITY":1374569901.74,"DEBT_ASSET_RATIO":51.2209706297,"OPERATE_PROFIT":54539038.26,"PRETAX_PROFIT":10778580.68,"NETCASH_OPERATE":116508174.3,"NETCASH_INVEST":-43436030.82,"NETCASH_FINANCE":-127127260.26,"END_CASH":226301258.4,"DIVI_RATIO":null,"DIVIDEND_RATE":null,"CURRENT_RATIO":1.12422513872,"COMMON_ACS":1000000000,"CURRENTDEBT_DEBT":91.161451726872,"ISSUED_COMMON_SHARES":475547534,"HK_COMMON_SHARES":475547534,"PER_SHARES":2000,"TOTAL_MARKET_CAP":140286522.53,"HKSK_MARKET_CAP":140286522.53,"PE_TTM":6.319212726577,"PB_TTM":0.093365999618,"REPORT_DATE_SQ":"2022-12-31 00:00:00","REPORT_TYPE_SQ":"2022年年报","OPERATE_INCOME_SQ":1649472184.85,"DPS_HKD":null,"OPERATE_INCOME_QOQ_SQ":-2.706108065171,"NET_PROFIT_RATIO_SQ":2.1490830222,"HOLDER_PROFIT_SQ":38130123.22,"HOLDER_PROFIT_QOQ_SQ":-33.55437741514,"ROE_AVG_SQ":2.732676144972,"PE_TTM_SQ":-67.803277692806,"PB_TTM_SQ":0.144812420815,"ROA_SQ":1.278467970912,"START_DATE":"2023-01-01 00:00:00","FISCAL_YEAR":"12-31","CURRENCY":"HKD","IS_CNY_CODE":0,"DPS_HKD_LY":null,"ORG_TYPE":"一般企业","PREMIUM_INCOME":null,"PREMIUM_INCOME_YOY":null,"NET_INTEREST_INCOME":null,"NET_INTEREST_INCOME_YOY":null,"FEE_COMMISSION_INCOME":null,"FEE_COMMISSION_INCOME_YOY":null,"ACCOUNTS_RECE_TDAYS":2.200365443113,"INVENTORY_TDAYS":1.861898402335,"CURRENT_ASSETS_TDAYS":0.837524842589,"TOTAL_ASSETS_TDAYS":0.459639104346,"PREMIUM_EXPENSE":null,"LOAN_DEPOSIT":null,"LOAN_EQUITY":null,"LOAN_ASSETS":null,"DEPOSIT_EQUITY":null,"DEPOSIT_ASSETS":null,"EQUITY_MULTIPLIER":2.050061292546,"EQUITY_RATIO":1.070170627043},{"SECUCODE":"00894.HK","SECURITY_CODE":"00894","SECURITY_NAME_ABBR":"万裕科技","ORG_CODE":"10009145","STD_REPORT_DATE":"2023-06-30 00:00:00","REPORT_DATE":"2023-06-30 00:00:00","DATE_TYPE_CODE":"002","REPORT_TYPE":"2023年中报","PER_NETCASH_OPERATE":0.042527044836,"PER_OI":1.477298609018,"BPS":2.801356387225,"BASIC_EPS":-0.029779954,"DILUTED_EPS":-0.029779954,"OPERATE_INCOME":702525710.5,"OPERATE_INCOME_YOY":-23.0107424756,"GROSS_PROFIT":94478978.52,"GROSS_PROFIT_YOY":-32.868779187463,"HOLDER_PROFIT":-14168988.64,"HOLDER_PROFIT_YOY":-150.545980792,"GROSS_PROFIT_RATIO":13.448472718921,"EPS_TTM":-0.00428992274,"OPERATE_INCOME_QOQ":-8.722154690537,"NET_PROFIT_RATIO":-2.333147413,"ROE_AVG":-1.053145903332,"GROSS_PROFIT_QOQ":-15.78809318851,"ROA":-0.481159767867,"HOLDER_PROFIT_QOQ":-105.350263801219,"ROE_YEARLY":-2.106291806665,"ROIC_YEARLY":-1.075714954436,"TOTAL_ASSETS":2910277812.96,"TOTAL_LIABILITIES":1550923408.68,"TAX_EBT":-17.447314527317,"OCF_SALES":2.878703369533,"TOTAL_PARENT_EQUITY":1332178121.8,"DEBT_ASSET_RATIO":53.2912494393,"OPERATE_PROFIT":3016718.56,"PRETAX_PROFIT":-13956011.26,"NETCASH_OPERATE":20223631.3,"NETCASH_INVEST":-21663764.06,"NETCASH_FINANCE":-34503257.54,"END_CASH":246232276.62,"DIVI_RATIO":null,"DIVIDEND_RATE":null,"CURRENT_RATIO":1.089281840908,"COMMON_ACS":1000000000,"CURRENTDEBT_DEBT":94.004218370839,"ISSUED_COMMON_SHARES":475547534,"HK_COMMON_SHARES":475547534,"PER_SHARES":2000,"TOTAL_MARKET_CAP":140286522.53,"HKSK_MARKET_CAP":140286522.53,"PE_TTM":6.319212726577,"PB_TTM":0.093365999618,"REPORT_DATE_SQ":"2022-06-30 00:00:00","REPORT_TYPE_SQ":"2022年中报","OPERATE_INCOME_SQ":846395226.04,"DPS_HKD":null,"OPERATE_INCOME_QOQ_SQ":-0.846128530883,"NET_PROFIT_RATIO_SQ":2.9041664477,"HOLDER_PROFIT_SQ":26001196.76,"HOLDER_PROFIT_QOQ_SQ":-8.244188741355,"ROE_AVG_SQ":1.887241597526,"PE_TTM_SQ":-67.803277692806,"PB_TTM_SQ":0.144812420815,"ROA_SQ":0.878061783447,"START_DATE":"2023-01-01 00:00:00","FISCAL_YEAR":"12-31","CURRENCY":"HKD","IS_CNY_CODE":0,"DPS_HKD_LY":null,"ORG_TYPE":"一般企业","PREMIUM_INCOME":null,"PREMIUM_INCOME_YOY":null,"NET_INTEREST_INCOME":null,"NET_INTEREST_INCOME_YOY":null,"FEE_COMMISSION_INCOME":null,"FEE_COMMISSION_INCOME_YOY":null,"ACCOUNTS_RECE_TDAYS":1.132510279503,"INVENTORY_TDAYS":1.009502627458,"CURRENT_ASSETS_TDAYS":0.426697585524,"TOTAL_ASSETS_TDAYS":0.238568267908,"PREMIUM_EXPENSE":null,"LOAN_DEPOSIT":null,"LOAN_EQUITY":null,"LOAN_ASSETS":null,"DEPOSIT_EQUITY":null,"DEPOSIT_ASSETS":null,"EQUITY_MULTIPLIER":2.140926460237,"EQUITY_RATIO":1.164201230526},{"SECUCODE":"00894.HK","SECURITY_CODE":"00894","SECURITY_NAME_ABBR":"万裕科技","ORG_CODE":"10009145","STD_REPORT_DATE":"2022-12-31 00:00:00","REPORT_DATE":"2022-12-31 00:00:00","DATE_TYPE_CODE":"001","REPORT_TYPE":"2022年年报","PER_NETCASH_OPERATE":0.390489966624,"PER_OI":3.46857478363,"BPS":2.767984871266,"BASIC_EPS":0.080215646,"DILUTED_EPS":0.080215646,"OPERATE_INCOME":1649472184.85,"OPERATE_INCOME_YOY":-11.7014877127,"GROSS_PROFIT":292997919.62,"GROSS_PROFIT_YOY":0.244596231853,"HOLDER_PROFIT":38130123.22,"HOLDER_PROFIT_YOY":-44.1969304782,"GROSS_PROFIT_RATIO":17.763131886134,"EPS_TTM":0.080181518132,"OPERATE_INCOME_QOQ":-2.706108065171,"NET_PROFIT_RATIO":2.1490830222,"ROE_AVG":2.732676144972,"GROSS_PROFIT_QOQ":2.465407369295,"ROA":1.278467970912,"HOLDER_PROFIT_QOQ":-33.55437741514,"ROE_YEARLY":2.732676144972,"ROIC_YEARLY":1.404477145166,"TOTAL_ASSETS":2886465334.69,"TOTAL_LIABILITIES":1541195355.07,"TAX_EBT":40.329298548981,"OCF_SALES":11.257937077423,"TOTAL_PARENT_EQUITY":1316308379.68,"DEBT_ASSET_RATIO":53.3938633022,"OPERATE_PROFIT":89755769.6,"PRETAX_PROFIT":59406921.35,"NETCASH_OPERATE":185696540.68,"NETCASH_INVEST":-75524191.96,"NETCASH_FINANCE":-12266383.64,"END_CASH":278583221.63,"DIVI_RATIO":null,"DIVIDEND_RATE":null,"CURRENT_RATIO":1.121426344704,"COMMON_ACS":1000000000,"CURRENTDEBT_DEBT":95.563833468283,"ISSUED_COMMON_SHARES":475547534,"HK_COMMON_SHARES":475547534,"PER_SHARES":2000,"TOTAL_MARKET_CAP":140286522.53,"HKSK_MARKET_CAP":140286522.53,"PE_TTM":6.319212726577,"PB_TTM":0.093365999618,"REPORT_DATE_SQ":"2021-12-31 00:00:00","REPORT_TYPE_SQ":"2021年年报","OPERATE_INCOME_SQ":1709817446.4,"DPS_HKD":null,"OPERATE_INCOME_QOQ_SQ":7.054641770374,"NET_PROFIT_RATIO_SQ":3.5378603562,"HOLDER_PROFIT_SQ":62541494.4,"HOLDER_PROFIT_QOQ_SQ":-7.515859184224,"ROE_AVG_SQ":4.847597636848,"PE_TTM_SQ":-67.803277692806,"PB_TTM_SQ":0.144812420815,"ROA_SQ":2.283764297038,"START_DATE":"2022-01-01 00:00:00","FISCAL_YEAR":"12-31","CURRENCY":"HKD","IS_CNY_CODE":0,"DPS_HKD_LY":null,"ORG_TYPE":"一般企业","PREMIUM_INCOME":null,"PREMIUM_INCOME_YOY":null,"NET_INTEREST_INCOME":null,"NET_INTEREST_INCOME_YOY":null,"FEE_COMMISSION_INCOME":null,"FEE_COMMISSION_INCOME_YOY":null,"ACCOUNTS_RECE_TDAYS":2.488434145717,"INVENTORY_TDAYS":2.073983579388,"CURRENT_ASSETS_TDAYS":0.972341358794,"TOTAL_ASSETS_TDAYS":0.553052856681,"PREMIUM_EXPENSE":null,"LOAN_DEPOSIT":null,"LOAN_EQUITY":null,"LOAN_ASSETS":null,"DEPOSIT_EQUITY":null,"DEPOSIT_ASSETS":null,"EQUITY_MULTIPLIER":2.145640190012,"EQUITY_RATIO":1.17084672472},{"SECUCODE":"00894.HK","SECURITY_CODE":"00894","SECURITY_NAME_ABBR":"万裕科技","ORG_CODE":"10009145","STD_REPORT_DATE":"2022-06-30 00:00:00","REPORT_DATE":"2022-06-30 00:00:00","DATE_TYPE_CODE":"002","REPORT_TYPE":"2022年中报","PER_NETCASH_OPERATE":0.076301218944,"PER_OI":1.779833067203,"BPS":2.826114138908,"BASIC_EPS":0.054646641,"DILUTED_EPS":0.054646641,"OPERATE_INCOME":846395226.04,"OPERATE_INCOME_YOY":-4.3374628235,"GROSS_PROFIT":140737763.11,"GROSS_PROFIT_YOY":-4.307309158219,"HOLDER_PROFIT":26001196.76,"HOLDER_PROFIT_YOY":-18.8035785819,"GROSS_PROFIT_RATIO":16.627901337353,"EPS_TTM":0.120672385949,"OPERATE_INCOME_QOQ":-0.846128530883,"NET_PROFIT_RATIO":2.9041664477,"ROE_AVG":1.887241597526,"GROSS_PROFIT_QOQ":-2.167376478033,"ROA":0.878061783447,"HOLDER_PROFIT_QOQ":-8.244188741355,"ROE_YEARLY":3.774483195052,"ROIC_YEARLY":1.910733958388,"TOTAL_ASSETS":2975137594.8,"TOTAL_LIABILITIES":1601137174.21,"TAX_EBT":22.677749979824,"OCF_SALES":4.286987378197,"TOTAL_PARENT_EQUITY":1343951609.56,"DEBT_ASSET_RATIO":53.8172478815,"OPERATE_PROFIT":43305966.41,"PRETAX_PROFIT":31789977.87,"NETCASH_OPERATE":36284856.51,"NETCASH_INVEST":-48601302.89,"NETCASH_FINANCE":64611314.88,"END_CASH":231246796.76,"DIVI_RATIO":null,"DIVIDEND_RATE":null,"CURRENT_RATIO":1.138198710822,"COMMON_ACS":1000000000,"CURRENTDEBT_DEBT":95.406351364849,"ISSUED_COMMON_SHARES":475547534,"HK_COMMON_SHARES":475547534,"PER_SHARES":2000,"TOTAL_MARKET_CAP":140286522.53,"HKSK_MARKET_CAP":140286522.53,"PE_TTM":6.319212726577,"PB_TTM":0.093365999618,"REPORT_DATE_SQ":"2021-06-30 00:00:00","REPORT_TYPE_SQ":"2021年中报","OPERATE_INCOME_SQ":860862479.28,"DPS_HKD":null,"OPERATE_INCOME_QOQ_SQ":18.633337884637,"NET_PROFIT_RATIO_SQ":3.5699131348,"HOLDER_PROFIT_SQ":31157235.6,"HOLDER_PROFIT_QOQ_SQ":233.892605713693,"ROE_AVG_SQ":2.434193248096,"PE_TTM_SQ":-67.803277692806,"PB_TTM_SQ":0.144812420815,"ROA_SQ":1.126183703435,"START_DATE":"2022-01-01 00:00:00","FISCAL_YEAR":"12-31","CURRENCY":"HKD","IS_CNY_CODE":0,"DPS_HKD_LY":null,"ORG_TYPE":"一般企业","PREMIUM_INCOME":null,"PREMIUM_INCOME_YOY":null,"NET_INTEREST_INCOME":null,"NET_INTEREST_INCOME_YOY":null,"FEE_COMMISSION_INCOME":null,"FEE_COMMISSION_INCOME_YOY":null,"ACCOUNTS_RECE_TDAYS":1.257794047656,"INVENTORY_TDAYS":1.039641066444,"CURRENT_ASSETS_TDAYS":0.497061972787,"TOTAL_ASSETS_TDAYS":0.285828113428,"PREMIUM_EXPENSE":null,"LOAN_DEPOSIT":null,"LOAN_EQUITY":null,"LOAN_ASSETS":null,"DEPOSIT_EQUITY":null,"DEPOSIT_ASSETS":null,"EQUITY_MULTIPLIER":2.16531054155,"EQUITY_RATIO":1.191365197095},{"SECUCODE":"00894.HK","SECURITY_CODE":"00894","SECURITY_NAME_ABBR":"万裕科技","ORG_CODE":"10009145","STD_REPORT_DATE":"2021-12-31 00:00:00","REPORT_DATE":"2021-12-31 00:00:00","DATE_TYPE_CODE":"001","REPORT_TYPE":"2021年年报","PER_NETCASH_OPERATE":0.131487198081,"PER_OI":3.595471165665,"BPS":2.837730582785,"BASIC_EPS":0.13155184,"DILUTED_EPS":0.13155184,"OPERATE_INCOME":1709817446.4,"OPERATE_INCOME_YOY":30.736765902,"GROSS_PROFIT":292283006.4,"GROSS_PROFIT_YOY":27.733475491672,"HOLDER_PROFIT":62541494.4,"HOLDER_PROFIT_YOY":217.8773271277,"GROSS_PROFIT_RATIO":17.094398411678,"EPS_TTM":0.131514706582,"OPERATE_INCOME_QOQ":7.054641770374,"NET_PROFIT_RATIO":3.5378603562,"ROE_AVG":4.847597636848,"GROSS_PROFIT_QOQ":0.98131375101,"ROA":2.283764297038,"HOLDER_PROFIT_QOQ":-7.515859184224,"ROE_YEARLY":4.847597636848,"ROIC_YEARLY":2.491660831977,"TOTAL_ASSETS":2817721860.8,"TOTAL_LIABILITIES":1436281190.4,"TAX_EBT":18.505055845615,"OCF_SALES":3.657022738401,"TOTAL_PARENT_EQUITY":1349475780.8,"DEBT_ASSET_RATIO":50.9731357939,"OPERATE_PROFIT":82325779.2,"PRETAX_PROFIT":74226633.6,"NETCASH_OPERATE":62528412.8,"NETCASH_INVEST":-86835660.8,"NETCASH_FINANCE":-17892358.4,"END_CASH":176382483.2,"DIVI_RATIO":null,"DIVIDEND_RATE":null,"CURRENT_RATIO":1.175949041758,"COMMON_ACS":1000000000,"CURRENTDEBT_DEBT":94.353630435179,"ISSUED_COMMON_SHARES":475547534,"HK_COMMON_SHARES":475547534,"PER_SHARES":2000,"TOTAL_MARKET_CAP":140286522.53,"HKSK_MARKET_CAP":140286522.53,"PE_TTM":6.319212726577,"PB_TTM":0.093365999618,"REPORT_DATE_SQ":"2020-12-31 00:00:00","REPORT_TYPE_SQ":"2020年年报","OPERATE_INCOME_SQ":1346286502.36,"DPS_HKD":null,"OPERATE_INCOME_QOQ_SQ":6.076519166832,"NET_PROFIT_RATIO_SQ":1.6297209488,"HOLDER_PROFIT_SQ":20253224.96,"HOLDER_PROFIT_QOQ_SQ":272.516235669031,"ROE_AVG_SQ":1.679856279583,"PE_TTM_SQ":-67.803277692806,"PB_TTM_SQ":0.144812420815,"ROA_SQ":0.779853061346,"START_DATE":"2021-01-01 00:00:00","FISCAL_YEAR":"12-31","CURRENCY":"HKD","IS_CNY_CODE":0,"DPS_HKD_LY":null,"ORG_TYPE":"一般企业","PREMIUM_INCOME":null,"PREMIUM_INCOME_YOY":null,"NET_INTEREST_INCOME":null,"NET_INTEREST_INCOME_YOY":null,"FEE_COMMISSION_INCOME":null,"FEE_COMMISSION_INCOME_YOY":null,"ACCOUNTS_RECE_TDAYS":2.72044603959,"INVENTORY_TDAYS":2.368674517733,"CURRENT_ASSETS_TDAYS":1.102473028801,"TOTAL_ASSETS_TDAYS":0.624356689267,"PREMIUM_EXPENSE":null,"LOAN_DEPOSIT":null,"LOAN_EQUITY":null,"LOAN_ASSETS":null,"DEPOSIT_EQUITY":null,"DEPOSIT_ASSETS":null,"EQUITY_MULTIPLIER":2.039698063894,"EQUITY_RATIO":1.064325281591},{"SECUCODE":"00894.HK","SECURITY_CODE":"00894","SECURITY_NAME_ABBR":"万裕科技","ORG_CODE":"10009145","STD_REPORT_DATE":"2021-06-30 00:00:00","REPORT_DATE":"2021-06-30 00:00:00","DATE_TYPE_CODE":"002","REPORT_TYPE":"2021年中报","PER_NETCASH_OPERATE":-0.086693894537,"PER_OI":1.810255374555,"BPS":2.749109991095,"BASIC_EPS":0.065484696,"DILUTED_EPS":0.065484696,"OPERATE_INCOME":860862479.28,"OPERATE_INCOME_YOY":54.9229571285,"GROSS_PROFIT":147072636.24,"GROSS_PROFIT_YOY":70.119530662011,"HOLDER_PROFIT":31157235.6,"HOLDER_PROFIT_YOY":310.9577464789,"GROSS_PROFIT_RATIO":17.084335742337,"EPS_TTM":0.14220244187,"OPERATE_INCOME_QOQ":18.633337884637,"NET_PROFIT_RATIO":3.5699131348,"ROE_AVG":2.434193248096,"GROSS_PROFIT_QOQ":26.492190234943,"ROA":1.126183703435,"HOLDER_PROFIT_QOQ":233.892605713693,"ROE_YEARLY":4.868386496192,"ROIC_YEARLY":2.462518440528,"TOTAL_ASSETS":2826812902.8,"TOTAL_LIABILITIES":1485885195.84,"TAX_EBT":15.218988155358,"OCF_SALES":-4.78904223988,"TOTAL_PARENT_EQUITY":1307332476.96,"DEBT_ASSET_RATIO":52.5639738791,"OPERATE_PROFIT":43907197.44,"PRETAX_PROFIT":36248733.12,"NETCASH_OPERATE":-41227067.76,"NETCASH_INVEST":-45018856.32,"NETCASH_FINANCE":51237822.24,"END_CASH":185566321.2,"DIVI_RATIO":null,"DIVIDEND_RATE":null,"CURRENT_RATIO":1.159788304938,"COMMON_ACS":1000000000,"CURRENTDEBT_DEBT":93.991537439773,"ISSUED_COMMON_SHARES":475547534,"HK_COMMON_SHARES":475547534,"PER_SHARES":2000,"TOTAL_MARKET_CAP":140286522.53,"HKSK_MARKET_CAP":140286522.53,"PE_TTM":6.319212726577,"PB_TTM":0.093365999618,"REPORT_DATE_SQ":"2020-06-30 00:00:00","REPORT_TYPE_SQ":"2020年中报","OPERATE_INCOME_SQ":610004366.4,"DPS_HKD":null,"OPERATE_INCOME_QOQ_SQ":9.647965231568,"NET_PROFIT_RATIO_SQ":-2.533654782,"HOLDER_PROFIT_SQ":-16213560,"HOLDER_PROFIT_QOQ_SQ":-141.502879673007,"ROE_AVG_SQ":-1.335473602201,"PE_TTM_SQ":-67.803277692806,"PB_TTM_SQ":0.144812420815,"ROA_SQ":-0.604240920216,"START_DATE":"2021-01-01 00:00:00","FISCAL_YEAR":"12-31","CURRENCY":"HKD","IS_CNY_CODE":0,"DPS_HKD_LY":null,"ORG_TYPE":"一般企业","PREMIUM_INCOME":null,"PREMIUM_INCOME_YOY":null,"NET_INTEREST_INCOME":null,"NET_INTEREST_INCOME_YOY":null,"FEE_COMMISSION_INCOME":null,"FEE_COMMISSION_INCOME_YOY":null,"ACCOUNTS_RECE_TDAYS":1.294622377666,"INVENTORY_TDAYS":1.216536103059,"CURRENT_ASSETS_TDAYS":0.545776002,"TOTAL_ASSETS_TDAYS":0.311160241399,"PREMIUM_EXPENSE":null,"LOAN_DEPOSIT":null,"LOAN_EQUITY":null,"LOAN_ASSETS":null,"DEPOSIT_EQUITY":null,"DEPOSIT_ASSETS":null,"EQUITY_MULTIPLIER":2.108102389208,"EQUITY_RATIO":1.13657789585},{"SECUCODE":"00894.HK","SECURITY_CODE":"00894","SECURITY_NAME_ABBR":"万裕科技","ORG_CODE":"10009145","STD_REPORT_DATE":"2020-12-31 00:00:00","REPORT_DATE":"2020-12-31 00:00:00","DATE_TYPE_CODE":"001","REPORT_TYPE":"2020年年报","PER_NETCASH_OPERATE":0.232810989952,"PER_OI":2.831024043035,"BPS":2.664346424894,"BASIC_EPS":0.042586984,"DILUTED_EPS":0.042586984,"OPERATE_INCOME":1346286502.36,"OPERATE_INCOME_YOY":23.7926417781,"GROSS_PROFIT":228822558.28,"GROSS_PROFIT_YOY":4.138740359236,"HOLDER_PROFIT":20253224.96,"HOLDER_PROFIT_YOY":-23.7950471847,"GROSS_PROFIT_RATIO":16.996572265924,"EPS_TTM":0.042589275544,"OPERATE_INCOME_QOQ":6.076519166832,"NET_PROFIT_RATIO":1.6297209488,"ROE_AVG":1.679856279583,"GROSS_PROFIT_QOQ":10.249782663066,"ROA":0.779853061346,"HOLDER_PROFIT_QOQ":272.516235669031,"ROE_YEARLY":1.679856279583,"ROIC_YEARLY":0.858682590928,"TOTAL_ASSETS":2737524155.48,"TOTAL_LIABILITIES":1436309158.4,"TAX_EBT":20.794215051803,"OCF_SALES":8.223561029983,"TOTAL_PARENT_EQUITY":1267023372.08,"DEBT_ASSET_RATIO":52.4674514935,"OPERATE_PROFIT":43708890.12,"PRETAX_PROFIT":27700897.32,"NETCASH_OPERATE":110712692.16,"NETCASH_INVEST":-65529248.76,"NETCASH_FINANCE":-21249726.72,"END_CASH":221760357.04,"DIVI_RATIO":null,"DIVIDEND_RATE":null,"CURRENT_RATIO":1.159571278151,"COMMON_ACS":1000000000,"CURRENTDEBT_DEBT":93.215298612413,"ISSUED_COMMON_SHARES":475547534,"HK_COMMON_SHARES":475547534,"PER_SHARES":2000,"TOTAL_MARKET_CAP":140286522.53,"HKSK_MARKET_CAP":140286522.53,"PE_TTM":6.319212726577,"PB_TTM":0.093365999618,"REPORT_DATE_SQ":"2019-12-31 00:00:00","REPORT_TYPE_SQ":"2019年年报","OPERATE_INCOME_SQ":1157491084.8,"DPS_HKD":null,"OPERATE_INCOME_QOQ_SQ":4.352840106114,"NET_PROFIT_RATIO_SQ":2.0489722635,"HOLDER_PROFIT_SQ":28286940.84,"HOLDER_PROFIT_QOQ_SQ":-23.33957647025,"ROE_AVG_SQ":2.304764991045,"PE_TTM_SQ":-67.803277692806,"PB_TTM_SQ":0.144812420815,"ROA_SQ":1.119095736057,"START_DATE":"2020-01-01 00:00:00","FISCAL_YEAR":"12-31","CURRENCY":"HKD","IS_CNY_CODE":0,"DPS_HKD_LY":null,"ORG_TYPE":"一般企业","PREMIUM_INCOME":null,"PREMIUM_INCOME_YOY":null,"NET_INTEREST_INCOME":null,"NET_INTEREST_INCOME_YOY":null,"FEE_COMMISSION_INCOME":null,"FEE_COMMISSION_INCOME_YOY":null,"ACCOUNTS_RECE_TDAYS":2.253827712263,"INVENTORY_TDAYS":2.086202724573,"CURRENT_ASSETS_TDAYS":0.923976915581,"TOTAL_ASSETS_TDAYS":0.518389368798,"PREMIUM_EXPENSE":null,"LOAN_DEPOSIT":null,"LOAN_EQUITY":null,"LOAN_ASSETS":null,"DEPOSIT_EQUITY":null,"DEPOSIT_ASSETS":null,"EQUITY_MULTIPLIER":2.103821552643,"EQUITY_RATIO":1.133609047828},{"SECUCODE":"00894.HK","SECURITY_CODE":"00894","SECURITY_NAME_ABBR":"万裕科技","ORG_CODE":"10009145","STD_REPORT_DATE":"2020-06-30 00:00:00","REPORT_DATE":"2020-06-30 00:00:00","DATE_TYPE_CODE":"002","REPORT_TYPE":"2020年中报","PER_NETCASH_OPERATE":0.06285875094,"PER_OI":1.282741099021,"BPS":2.494465735406,"BASIC_EPS":-0.034071312,"DILUTED_EPS":-0.034071312,"OPERATE_INCOME":610004366.4,"OPERATE_INCOME_YOY":17.8828708762,"GROSS_PROFIT":86452528.8,"GROSS_PROFIT_YOY":-12.348288412131,"HOLDER_PROFIT":-16213560,"HOLDER_PROFIT_YOY":-165.5683203428,"GROSS_PROFIT_RATIO":14.172444258097,"EPS_TTM":-0.024687111552,"OPERATE_INCOME_QOQ":9.647965231568,"NET_PROFIT_RATIO":-2.533654782,"ROE_AVG":-1.335473602201,"GROSS_PROFIT_QOQ":-5.542906440465,"ROA":-0.604240920216,"HOLDER_PROFIT_QOQ":-141.502879673007,"ROE_YEARLY":-2.670947204402,"ROIC_YEARLY":-1.327565838851,"TOTAL_ASSETS":2700428248.32,"TOTAL_LIABILITIES":1480566579.36,"TAX_EBT":-14.71186440678,"OCF_SALES":4.90034590677,"TOTAL_PARENT_EQUITY":1186237029.12,"DEBT_ASSET_RATIO":54.8271030819,"OPERATE_PROFIT":768203.04,"PRETAX_PROFIT":-13473240,"NETCASH_OPERATE":29892324,"NETCASH_INVEST":-34696104.96,"NETCASH_FINANCE":9312520.8,"END_CASH":208037786.88,"DIVI_RATIO":null,"DIVIDEND_RATE":null,"CURRENT_RATIO":1.101741421232,"COMMON_ACS":1000000000,"CURRENTDEBT_DEBT":93.020102179757,"ISSUED_COMMON_SHARES":475547534,"HK_COMMON_SHARES":475547534,"PER_SHARES":2000,"TOTAL_MARKET_CAP":140286522.53,"HKSK_MARKET_CAP":140286522.53,"PE_TTM":6.319212726577,"PB_TTM":0.093365999618,"REPORT_DATE_SQ":"2019-06-30 00:00:00","REPORT_TYPE_SQ":"2019年中报","OPERATE_INCOME_SQ":498330028.98,"DPS_HKD":null,"OPERATE_INCOME_QOQ_SQ":-7.034254968311,"NET_PROFIT_RATIO_SQ":4.3311332861,"HOLDER_PROFIT_SQ":23813275.86,"HOLDER_PROFIT_QOQ_SQ":-2.168498808858,"ROE_AVG_SQ":1.947889582414,"PE_TTM_SQ":-67.803277692806,"PB_TTM_SQ":0.144812420815,"ROA_SQ":0.974553816999,"START_DATE":"2020-01-01 00:00:00","FISCAL_YEAR":"12-31","CURRENCY":"HKD","IS_CNY_CODE":0,"DPS_HKD_LY":null,"ORG_TYPE":"一般企业","PREMIUM_INCOME":null,"PREMIUM_INCOME_YOY":null,"NET_INTEREST_INCOME":null,"NET_INTEREST_INCOME_YOY":null,"FEE_COMMISSION_INCOME":null,"FEE_COMMISSION_INCOME_YOY":null,"ACCOUNTS_RECE_TDAYS":0.983994489242,"INVENTORY_TDAYS":0.964779687892,"CURRENT_ASSETS_TDAYS":0.407333106024,"TOTAL_ASSETS_TDAYS":0.227334157143,"PREMIUM_EXPENSE":null,"LOAN_DEPOSIT":null,"LOAN_EQUITY":null,"LOAN_ASSETS":null,"DEPOSIT_EQUITY":null,"DEPOSIT_ASSETS":null,"EQUITY_MULTIPLIER":2.213716782019,"EQUITY_RATIO":1.248120352859}],"count":47},"success":true,"message":"ok","code":0}