{"version":"ea2553c371c2735c6d43e07219c9479b","result":{"pages":5,"data":[{"SECUCODE":"00896.HK","SECURITY_CODE":"00896","SECURITY_NAME_ABBR":"兴胜创建","ORG_CODE":"10009146","STD_REPORT_DATE":"2024-06-30 00:00:00","REPORT_DATE":"2024-09-30 00:00:00","DATE_TYPE_CODE":"002","REPORT_TYPE":"2024年中报","PER_NETCASH_OPERATE":-0.21540860421,"PER_OI":0.827210790221,"BPS":3.004767792423,"BASIC_EPS":-0.1623222,"DILUTED_EPS":-0.1623222,"OPERATE_INCOME":887658950.7,"OPERATE_INCOME_YOY":49.1908654262,"GROSS_PROFIT":55571906.96,"GROSS_PROFIT_YOY":28.042487217165,"HOLDER_PROFIT":-174119416.78,"HOLDER_PROFIT_YOY":-78.6423396834,"GROSS_PROFIT_RATIO":6.260502067396,"EPS_TTM":-0.182491951473,"OPERATE_INCOME_QOQ":0,"NET_PROFIT_RATIO":-19.6155760771,"ROE_AVG":-5.259646023605,"GROSS_PROFIT_QOQ":0,"ROA":-3.139244062642,"HOLDER_PROFIT_QOQ":0,"ROE_YEARLY":-10.519292047211,"ROIC_YEARLY":-6.711017617716,"TOTAL_ASSETS":5478426553.82,"TOTAL_LIABILITIES":2254086328.51,"TAX_EBT":-1.084759960212,"OCF_SALES":-26.040352320868,"TOTAL_PARENT_EQUITY":3224340225.31,"DEBT_ASSET_RATIO":41.1447759017,"OPERATE_PROFIT":-156053857.71,"PRETAX_PROFIT":-172250907.9,"NETCASH_OPERATE":-231149518.17,"NETCASH_INVEST":103144936.62,"NETCASH_FINANCE":46583766.03,"END_CASH":316829487.86,"DIVI_RATIO":null,"DIVIDEND_RATE":null,"CURRENT_RATIO":1.510037327851,"COMMON_ACS":1500000000,"CURRENTDEBT_DEBT":65.849592469742,"ISSUED_COMMON_SHARES":1073074676,"HK_COMMON_SHARES":1073074676,"PER_SHARES":2000,"TOTAL_MARKET_CAP":278999415.76,"HKSK_MARKET_CAP":278999415.76,"PE_TTM":-0.926868327149,"PB_TTM":0.07803112127,"REPORT_DATE_SQ":"2023-06-30 00:00:00","REPORT_TYPE_SQ":"2023年中报","OPERATE_INCOME_SQ":605433003.77,"DPS_HKD":null,"OPERATE_INCOME_QOQ_SQ":0,"NET_PROFIT_RATIO_SQ":-16.3816975078,"HOLDER_PROFIT_SQ":-99180203.29,"HOLDER_PROFIT_QOQ_SQ":0,"ROE_AVG_SQ":-2.716357266965,"PE_TTM_SQ":-11.053637523721,"PB_TTM_SQ":0.19609601428,"ROA_SQ":-1.759378036106,"START_DATE":"2024-04-01 00:00:00","FISCAL_YEAR":"3-31","CURRENCY":"HKD","IS_CNY_CODE":0,"DPS_HKD_LY":null,"ORG_TYPE":"一般企业","PREMIUM_INCOME":null,"PREMIUM_INCOME_YOY":null,"NET_INTEREST_INCOME":null,"NET_INTEREST_INCOME_YOY":null,"FEE_COMMISSION_INCOME":null,"FEE_COMMISSION_INCOME_YOY":null,"ACCOUNTS_RECE_TDAYS":8.543530055072,"INVENTORY_TDAYS":0.835097204882,"CURRENT_ASSETS_TDAYS":0.434276582913,"TOTAL_ASSETS_TDAYS":0.160038331288,"PREMIUM_EXPENSE":null,"LOAN_DEPOSIT":null,"LOAN_EQUITY":null,"LOAN_ASSETS":null,"DEPOSIT_EQUITY":null,"DEPOSIT_ASSETS":null,"EQUITY_MULTIPLIER":1.69908451683,"EQUITY_RATIO":0.699084516831},{"SECUCODE":"00896.HK","SECURITY_CODE":"00896","SECURITY_NAME_ABBR":"兴胜创建","ORG_CODE":"10009146","STD_REPORT_DATE":"2023-12-31 00:00:00","REPORT_DATE":"2024-03-31 00:00:00","DATE_TYPE_CODE":"001","REPORT_TYPE":"2023年年报","PER_NETCASH_OPERATE":-0.172764747083,"PER_OI":1.362399985479,"BPS":3.182019128462,"BASIC_EPS":-0.18040345,"DILUTED_EPS":-0.18040345,"OPERATE_INCOME":1461956923,"OPERATE_INCOME_YOY":30.8124655764,"GROSS_PROFIT":108654550.25,"GROSS_PROFIT_YOY":8.092653656937,"HOLDER_PROFIT":-195827491.7,"HOLDER_PROFIT_YOY":-462.0680682764,"GROSS_PROFIT_RATIO":7.432130765319,"EPS_TTM":-0.058383043279,"OPERATE_INCOME_QOQ":0,"NET_PROFIT_RATIO":-13.3948879491,"ROE_AVG":-5.511117959876,"GROSS_PROFIT_QOQ":0,"ROA":-3.4872031973,"HOLDER_PROFIT_QOQ":0,"ROE_YEARLY":-5.511117959876,"ROIC_YEARLY":-3.74115613803,"TOTAL_ASSETS":5644289086,"TOTAL_LIABILITIES":2229744940.7,"TAX_EBT":-0.074124176527,"OCF_SALES":-12.680912281572,"TOTAL_PARENT_EQUITY":3414544145.3,"DEBT_ASSET_RATIO":39.5044425742,"OPERATE_PROFIT":-124328799.75,"PRETAX_PROFIT":-195682443.7,"NETCASH_OPERATE":-185389475,"NETCASH_INVEST":-17000532.15,"NETCASH_FINANCE":240746137.65,"END_CASH":400228226.75,"DIVI_RATIO":null,"DIVIDEND_RATE":null,"CURRENT_RATIO":0.848497392237,"COMMON_ACS":1500000000,"CURRENTDEBT_DEBT":98.120706100275,"ISSUED_COMMON_SHARES":1073074676,"HK_COMMON_SHARES":1073074676,"PER_SHARES":2000,"TOTAL_MARKET_CAP":300460909.28,"HKSK_MARKET_CAP":300460909.28,"PE_TTM":-0.998165890775,"PB_TTM":0.084033515214,"REPORT_DATE_SQ":"2022-12-31 00:00:00","REPORT_TYPE_SQ":"2022年年报","OPERATE_INCOME_SQ":1079208074.23,"DPS_HKD":null,"OPERATE_INCOME_QOQ_SQ":0,"NET_PROFIT_RATIO_SQ":-3.117448611,"HOLDER_PROFIT_SQ":-33643757.12,"HOLDER_PROFIT_QOQ_SQ":0,"ROE_AVG_SQ":-0.927287818248,"PE_TTM_SQ":-10.586582417085,"PB_TTM_SQ":0.187810267197,"ROA_SQ":-0.59669444135,"START_DATE":"2023-04-01 00:00:00","FISCAL_YEAR":"3-31","CURRENCY":"HKD","IS_CNY_CODE":0,"DPS_HKD_LY":0.06,"ORG_TYPE":"一般企业","PREMIUM_INCOME":null,"PREMIUM_INCOME_YOY":null,"NET_INTEREST_INCOME":null,"NET_INTEREST_INCOME_YOY":null,"FEE_COMMISSION_INCOME":null,"FEE_COMMISSION_INCOME_YOY":null,"ACCOUNTS_RECE_TDAYS":16.11435309165,"INVENTORY_TDAYS":1.50896602614,"CURRENT_ASSETS_TDAYS":0.86307086808,"TOTAL_ASSETS_TDAYS":0.260338362706,"PREMIUM_EXPENSE":null,"LOAN_DEPOSIT":null,"LOAN_EQUITY":null,"LOAN_ASSETS":null,"DEPOSIT_EQUITY":null,"DEPOSIT_ASSETS":null,"EQUITY_MULTIPLIER":1.653013944415,"EQUITY_RATIO":0.653013944415},{"SECUCODE":"00896.HK","SECURITY_CODE":"00896","SECURITY_NAME_ABBR":"兴胜创建","ORG_CODE":"10009146","STD_REPORT_DATE":"2023-06-30 00:00:00","REPORT_DATE":"2023-09-30 00:00:00","DATE_TYPE_CODE":"002","REPORT_TYPE":"2023年中报","PER_NETCASH_OPERATE":-0.096070799783,"PER_OI":0.564203980684,"BPS":3.322440297389,"BASIC_EPS":-0.09084537,"DILUTED_EPS":-0.09084537,"OPERATE_INCOME":605433003.77,"OPERATE_INCOME_YOY":16.4896960366,"GROSS_PROFIT":43401146.11,"GROSS_PROFIT_YOY":-10.798644898829,"HOLDER_PROFIT":-99180203.29,"HOLDER_PROFIT_YOY":-39.3019629071,"GROSS_PROFIT_RATIO":7.168612520253,"EPS_TTM":-0.030836447745,"OPERATE_INCOME_QOQ":0,"NET_PROFIT_RATIO":-16.3816975078,"ROE_AVG":-2.716357266965,"GROSS_PROFIT_QOQ":0,"ROA":-1.759378036106,"HOLDER_PROFIT_QOQ":0,"ROE_YEARLY":-5.43271453393,"ROIC_YEARLY":-3.746054824562,"TOTAL_ASSETS":5619260549.21,"TOTAL_LIABILITIES":2054034003.56,"TAX_EBT":1.864058981623,"OCF_SALES":-17.027671386934,"TOTAL_PARENT_EQUITY":3565226545.65,"DEBT_ASSET_RATIO":36.5534572667,"OPERATE_PROFIT":-49651124.04,"PRETAX_PROFIT":-101064097.68,"NETCASH_OPERATE":-103091142.35,"NETCASH_INVEST":-33298957.44,"NETCASH_FINANCE":87656605.75,"END_CASH":317516497.34,"DIVI_RATIO":null,"DIVIDEND_RATE":null,"CURRENT_RATIO":0.78710413416,"COMMON_ACS":1500000000,"CURRENTDEBT_DEBT":97.863038618449,"ISSUED_COMMON_SHARES":1073074676,"HK_COMMON_SHARES":1073074676,"PER_SHARES":2000,"TOTAL_MARKET_CAP":300460909.28,"HKSK_MARKET_CAP":300460909.28,"PE_TTM":-0.998165890775,"PB_TTM":0.084033515214,"REPORT_DATE_SQ":"2022-06-30 00:00:00","REPORT_TYPE_SQ":"2022年中报","OPERATE_INCOME_SQ":512260344.96,"DPS_HKD":null,"OPERATE_INCOME_QOQ_SQ":0,"NET_PROFIT_RATIO_SQ":-13.699009859,"HOLDER_PROFIT_SQ":-70174595.16,"HOLDER_PROFIT_QOQ_SQ":0,"ROE_AVG_SQ":-1.870526283053,"PE_TTM_SQ":-10.586582417085,"PB_TTM_SQ":0.187810267197,"ROA_SQ":-1.191041880345,"START_DATE":"2023-04-01 00:00:00","FISCAL_YEAR":"3-31","CURRENCY":"HKD","IS_CNY_CODE":0,"DPS_HKD_LY":0.06,"ORG_TYPE":"一般企业","PREMIUM_INCOME":null,"PREMIUM_INCOME_YOY":null,"NET_INTEREST_INCOME":null,"NET_INTEREST_INCOME_YOY":null,"FEE_COMMISSION_INCOME":null,"FEE_COMMISSION_INCOME_YOY":null,"ACCOUNTS_RECE_TDAYS":null,"INVENTORY_TDAYS":0.643557459024,"CURRENT_ASSETS_TDAYS":0.386570155811,"TOTAL_ASSETS_TDAYS":0.107399006438,"PREMIUM_EXPENSE":null,"LOAN_DEPOSIT":null,"LOAN_EQUITY":null,"LOAN_ASSETS":null,"DEPOSIT_EQUITY":null,"DEPOSIT_ASSETS":null,"EQUITY_MULTIPLIER":1.576130009485,"EQUITY_RATIO":0.576130009485},{"SECUCODE":"00896.HK","SECURITY_CODE":"00896","SECURITY_NAME_ABBR":"兴胜创建","ORG_CODE":"10009146","STD_REPORT_DATE":"2022-12-31 00:00:00","REPORT_DATE":"2023-03-31 00:00:00","DATE_TYPE_CODE":"001","REPORT_TYPE":"2022年年报","PER_NETCASH_OPERATE":-0.113893319178,"PER_OI":0.984421408976,"BPS":3.322477577152,"BASIC_EPS":-0.03063935,"DILUTED_EPS":-0.03063935,"OPERATE_INCOME":1079208074.23,"OPERATE_INCOME_YOY":-14.2898758291,"GROSS_PROFIT":100519828.66,"GROSS_PROFIT_YOY":-11.035819639519,"HOLDER_PROFIT":-33643757.12,"HOLDER_PROFIT_YOY":-124.9003842092,"GROSS_PROFIT_RATIO":9.314221331389,"EPS_TTM":-0.020592618424,"OPERATE_INCOME_QOQ":0,"NET_PROFIT_RATIO":-3.117448611,"ROE_AVG":-0.927287818248,"GROSS_PROFIT_QOQ":0,"ROA":-0.59669444135,"HOLDER_PROFIT_QOQ":0,"ROE_YEARLY":-0.927287818248,"ROIC_YEARLY":-0.647024117524,"TOTAL_ASSETS":5395006511.94,"TOTAL_LIABILITIES":1829739962.32,"TAX_EBT":-6.901059775806,"OCF_SALES":-11.569569509484,"TOTAL_PARENT_EQUITY":3565266549.62,"DEBT_ASSET_RATIO":33.9154356583,"OPERATE_PROFIT":73416259.65,"PRETAX_PROFIT":-31471864.91,"NETCASH_OPERATE":-124859728.3,"NETCASH_INVEST":262826970.53,"NETCASH_FINANCE":-321667653.68,"END_CASH":349715790.08,"DIVI_RATIO":null,"DIVIDEND_RATE":null,"CURRENT_RATIO":1.84681896399,"COMMON_ACS":1500000000,"CURRENTDEBT_DEBT":43.762463208417,"ISSUED_COMMON_SHARES":1073074676,"HK_COMMON_SHARES":1073074676,"PER_SHARES":2000,"TOTAL_MARKET_CAP":300460909.28,"HKSK_MARKET_CAP":300460909.28,"PE_TTM":-0.998165890775,"PB_TTM":0.084033515214,"REPORT_DATE_SQ":"2021-12-31 00:00:00","REPORT_TYPE_SQ":"2021年年报","OPERATE_INCOME_SQ":1166508123.4,"DPS_HKD":null,"OPERATE_INCOME_QOQ_SQ":0,"NET_PROFIT_RATIO_SQ":10.7306339252,"HOLDER_PROFIT_SQ":125173716.43,"HOLDER_PROFIT_QOQ_SQ":0,"ROE_AVG_SQ":3.69527037809,"PE_TTM_SQ":-10.586582417085,"PB_TTM_SQ":0.187810267197,"ROA_SQ":2.078838911434,"START_DATE":"2022-04-01 00:00:00","FISCAL_YEAR":"3-31","CURRENCY":"HKD","IS_CNY_CODE":0,"DPS_HKD_LY":0.075,"ORG_TYPE":"一般企业","PREMIUM_INCOME":null,"PREMIUM_INCOME_YOY":null,"NET_INTEREST_INCOME":null,"NET_INTEREST_INCOME_YOY":null,"FEE_COMMISSION_INCOME":null,"FEE_COMMISSION_INCOME_YOY":null,"ACCOUNTS_RECE_TDAYS":11.681793200167,"INVENTORY_TDAYS":1.209412843947,"CURRENT_ASSETS_TDAYS":0.648986802879,"TOTAL_ASSETS_TDAYS":0.191404740159,"PREMIUM_EXPENSE":null,"LOAN_DEPOSIT":null,"LOAN_EQUITY":null,"LOAN_ASSETS":null,"DEPOSIT_EQUITY":null,"DEPOSIT_ASSETS":null,"EQUITY_MULTIPLIER":1.513212669194,"EQUITY_RATIO":0.513212669194},{"SECUCODE":"00896.HK","SECURITY_CODE":"00896","SECURITY_NAME_ABBR":"兴胜创建","ORG_CODE":"10009146","STD_REPORT_DATE":"2022-06-30 00:00:00","REPORT_DATE":"2022-09-30 00:00:00","DATE_TYPE_CODE":"002","REPORT_TYPE":"2022年中报","PER_NETCASH_OPERATE":-0.06175297214,"PER_OI":0.460797272476,"BPS":3.438416294375,"BASIC_EPS":-0.0633108,"DILUTED_EPS":-0.0633108,"OPERATE_INCOME":512260344.96,"OPERATE_INCOME_YOY":-19.4873427798,"GROSS_PROFIT":48655254.24,"GROSS_PROFIT_YOY":-19.622561268906,"HOLDER_PROFIT":-70174595.16,"HOLDER_PROFIT_YOY":-183.0557280182,"GROSS_PROFIT_RATIO":9.498149665245,"EPS_TTM":0.113219372453,"OPERATE_INCOME_QOQ":0,"NET_PROFIT_RATIO":-13.699009859,"ROE_AVG":-1.870526283053,"GROSS_PROFIT_QOQ":0,"ROA":-1.191041880345,"HOLDER_PROFIT_QOQ":0,"ROE_YEARLY":-3.741052566106,"ROIC_YEARLY":-2.619487819216,"TOTAL_ASSETS":5706980222.4,"TOTAL_LIABILITIES":2017302771.36,"TAX_EBT":-1.9432400473,"OCF_SALES":-13.40133195853,"TOTAL_PARENT_EQUITY":3689677451.04,"DEBT_ASSET_RATIO":35.3479895277,"OPERATE_PROFIT":-5111894.88,"PRETAX_PROFIT":-68836928.4,"NETCASH_OPERATE":-68649709.32,"NETCASH_INVEST":237202052.16,"NETCASH_FINANCE":-196578225.12,"END_CASH":523008709.92,"DIVI_RATIO":null,"DIVIDEND_RATE":null,"CURRENT_RATIO":1.752596186665,"COMMON_ACS":1500000000,"CURRENTDEBT_DEBT":47.550801544446,"ISSUED_COMMON_SHARES":1073074676,"HK_COMMON_SHARES":1073074676,"PER_SHARES":2000,"TOTAL_MARKET_CAP":300460909.28,"HKSK_MARKET_CAP":300460909.28,"PE_TTM":-0.998165890775,"PB_TTM":0.084033515214,"REPORT_DATE_SQ":"2021-06-30 00:00:00","REPORT_TYPE_SQ":"2021年中报","OPERATE_INCOME_SQ":586034384.32,"DPS_HKD":null,"OPERATE_INCOME_QOQ_SQ":0,"NET_PROFIT_RATIO_SQ":13.2795619442,"HOLDER_PROFIT_SQ":77822799.08,"HOLDER_PROFIT_QOQ_SQ":0,"ROE_AVG_SQ":2.246177365251,"PE_TTM_SQ":-10.586582417085,"PB_TTM_SQ":0.187810267197,"ROA_SQ":1.164567638775,"START_DATE":"2022-04-01 00:00:00","FISCAL_YEAR":"3-31","CURRENCY":"HKD","IS_CNY_CODE":0,"DPS_HKD_LY":0.075,"ORG_TYPE":"一般企业","PREMIUM_INCOME":null,"PREMIUM_INCOME_YOY":null,"NET_INTEREST_INCOME":null,"NET_INTEREST_INCOME_YOY":null,"FEE_COMMISSION_INCOME":null,"FEE_COMMISSION_INCOME_YOY":null,"ACCOUNTS_RECE_TDAYS":null,"INVENTORY_TDAYS":0.564350821719,"CURRENT_ASSETS_TDAYS":0.28542789945,"TOTAL_ASSETS_TDAYS":0.086943647213,"PREMIUM_EXPENSE":null,"LOAN_DEPOSIT":null,"LOAN_EQUITY":null,"LOAN_ASSETS":null,"DEPOSIT_EQUITY":null,"DEPOSIT_ASSETS":null,"EQUITY_MULTIPLIER":1.546742309628,"EQUITY_RATIO":0.546742309627},{"SECUCODE":"00896.HK","SECURITY_CODE":"00896","SECURITY_NAME_ABBR":"兴胜创建","ORG_CODE":"10009146","STD_REPORT_DATE":"2021-12-31 00:00:00","REPORT_DATE":"2022-03-31 00:00:00","DATE_TYPE_CODE":"001","REPORT_TYPE":"2021年年报","PER_NETCASH_OPERATE":-0.130955311156,"PER_OI":1.055104230023,"BPS":3.186705882508,"BASIC_EPS":0.1135414,"DILUTED_EPS":0.11273039,"OPERATE_INCOME":1166508123.4,"OPERATE_INCOME_YOY":-0.9107443027,"GROSS_PROFIT":112989102.19,"GROSS_PROFIT_YOY":-2.58930614233,"HOLDER_PROFIT":125173716.43,"HOLDER_PROFIT_YOY":-43.872415323,"GROSS_PROFIT_RATIO":9.686096472322,"EPS_TTM":0.199163352257,"OPERATE_INCOME_QOQ":0,"NET_PROFIT_RATIO":10.7306339252,"ROE_AVG":3.69527037809,"GROSS_PROFIT_QOQ":0,"ROA":2.078838911434,"HOLDER_PROFIT_QOQ":0,"ROE_YEARLY":3.69527037809,"ROIC_YEARLY":2.279800399482,"TOTAL_ASSETS":5449014799.01,"TOTAL_LIABILITIES":2029441416.63,"TAX_EBT":5.14577546154,"OCF_SALES":-12.411599482737,"TOTAL_PARENT_EQUITY":3419573382.38,"DEBT_ASSET_RATIO":37.2441898488,"OPERATE_PROFIT":165583100.69,"PRETAX_PROFIT":131964303.16,"NETCASH_OPERATE":-144782316.21,"NETCASH_INVEST":980856580.26,"NETCASH_FINANCE":-914792516.67,"END_CASH":494172723.3,"DIVI_RATIO":null,"DIVIDEND_RATE":null,"CURRENT_RATIO":1.601713405098,"COMMON_ACS":1500000000,"CURRENTDEBT_DEBT":52.640644063231,"ISSUED_COMMON_SHARES":1073074676,"HK_COMMON_SHARES":1073074676,"PER_SHARES":2000,"TOTAL_MARKET_CAP":300460909.28,"HKSK_MARKET_CAP":300460909.28,"PE_TTM":-0.998165890775,"PB_TTM":0.084033515214,"REPORT_DATE_SQ":"2020-12-31 00:00:00","REPORT_TYPE_SQ":"2020年年报","OPERATE_INCOME_SQ":1226829480.8,"DPS_HKD":null,"OPERATE_INCOME_QOQ_SQ":0,"NET_PROFIT_RATIO_SQ":18.9441704098,"HOLDER_PROFIT_SQ":232412667.48,"HOLDER_PROFIT_QOQ_SQ":0,"ROE_AVG_SQ":6.822838219417,"PE_TTM_SQ":-10.586582417085,"PB_TTM_SQ":0.187810267197,"ROA_SQ":3.754176307143,"START_DATE":"2021-04-01 00:00:00","FISCAL_YEAR":"3-31","CURRENCY":"HKD","IS_CNY_CODE":0,"DPS_HKD_LY":0.075,"ORG_TYPE":"一般企业","PREMIUM_INCOME":null,"PREMIUM_INCOME_YOY":null,"NET_INTEREST_INCOME":null,"NET_INTEREST_INCOME_YOY":null,"FEE_COMMISSION_INCOME":null,"FEE_COMMISSION_INCOME_YOY":null,"ACCOUNTS_RECE_TDAYS":null,"INVENTORY_TDAYS":1.438643510676,"CURRENT_ASSETS_TDAYS":0.683988048731,"TOTAL_ASSETS_TDAYS":0.193729366403,"PREMIUM_EXPENSE":null,"LOAN_DEPOSIT":null,"LOAN_EQUITY":null,"LOAN_ASSETS":null,"DEPOSIT_EQUITY":null,"DEPOSIT_ASSETS":null,"EQUITY_MULTIPLIER":1.593477954616,"EQUITY_RATIO":0.593477954615},{"SECUCODE":"00896.HK","SECURITY_CODE":"00896","SECURITY_NAME_ABBR":"兴胜创建","ORG_CODE":"10009146","STD_REPORT_DATE":"2021-06-30 00:00:00","REPORT_DATE":"2021-09-30 00:00:00","DATE_TYPE_CODE":"002","REPORT_TYPE":"2021年中报","PER_NETCASH_OPERATE":-0.033293445184,"PER_OI":0.530066911178,"BPS":3.24571825786,"BASIC_EPS":0.0708101,"DILUTED_EPS":0.06997704,"OPERATE_INCOME":586034384.32,"OPERATE_INCOME_YOY":7.5845952915,"GROSS_PROFIT":60533471.84,"GROSS_PROFIT_YOY":0.170474842867,"HOLDER_PROFIT":77822799.08,"HOLDER_PROFIT_YOY":-8.8346946941,"GROSS_PROFIT_RATIO":10.329337912525,"EPS_TTM":0.21023275905,"OPERATE_INCOME_QOQ":0,"NET_PROFIT_RATIO":13.2795619442,"ROE_AVG":2.246177365251,"GROSS_PROFIT_QOQ":0,"ROA":1.164567638775,"HOLDER_PROFIT_QOQ":0,"ROE_YEARLY":4.492354730502,"ROIC_YEARLY":2.499179195212,"TOTAL_ASSETS":6592185387.08,"TOTAL_LIABILITIES":3109287319.14,"TAX_EBT":2.583033526253,"OCF_SALES":-6.280989150954,"TOTAL_PARENT_EQUITY":3482898067.94,"DEBT_ASSET_RATIO":47.1662603002,"OPERATE_PROFIT":102975379.66,"PRETAX_PROFIT":79886288.7,"NETCASH_OPERATE":-36808756.1,"NETCASH_INVEST":-21672888.96,"NETCASH_FINANCE":-164788431.66,"END_CASH":365191011.38,"DIVI_RATIO":null,"DIVIDEND_RATE":null,"CURRENT_RATIO":1.212416541892,"COMMON_ACS":1500000000,"CURRENTDEBT_DEBT":68.552144763822,"ISSUED_COMMON_SHARES":1073074676,"HK_COMMON_SHARES":1073074676,"PER_SHARES":2000,"TOTAL_MARKET_CAP":300460909.28,"HKSK_MARKET_CAP":300460909.28,"PE_TTM":-0.998165890775,"PB_TTM":0.084033515214,"REPORT_DATE_SQ":"2020-06-30 00:00:00","REPORT_TYPE_SQ":"2020年中报","OPERATE_INCOME_SQ":574575676.16,"DPS_HKD":null,"OPERATE_INCOME_QOQ_SQ":0,"NET_PROFIT_RATIO_SQ":15.671272011,"HOLDER_PROFIT_SQ":90043317.12,"HOLDER_PROFIT_QOQ_SQ":0,"ROE_AVG_SQ":2.594529639433,"PE_TTM_SQ":-10.586582417085,"PB_TTM_SQ":0.187810267197,"ROA_SQ":1.44932209812,"START_DATE":"2021-04-01 00:00:00","FISCAL_YEAR":"3-31","CURRENCY":"HKD","IS_CNY_CODE":0,"DPS_HKD_LY":0.075,"ORG_TYPE":"一般企业","PREMIUM_INCOME":null,"PREMIUM_INCOME_YOY":null,"NET_INTEREST_INCOME":null,"NET_INTEREST_INCOME_YOY":null,"FEE_COMMISSION_INCOME":null,"FEE_COMMISSION_INCOME_YOY":null,"ACCOUNTS_RECE_TDAYS":4.57931447505,"INVENTORY_TDAYS":0.705967408177,"CURRENT_ASSETS_TDAYS":0.270671038874,"TOTAL_ASSETS_TDAYS":0.087696239053,"PREMIUM_EXPENSE":null,"LOAN_DEPOSIT":null,"LOAN_EQUITY":null,"LOAN_ASSETS":null,"DEPOSIT_EQUITY":null,"DEPOSIT_ASSETS":null,"EQUITY_MULTIPLIER":1.892729921603,"EQUITY_RATIO":0.892729921602},{"SECUCODE":"00896.HK","SECURITY_CODE":"00896","SECURITY_NAME_ABBR":"兴胜创建","ORG_CODE":"10009146","STD_REPORT_DATE":"2020-12-31 00:00:00","REPORT_DATE":"2021-03-31 00:00:00","DATE_TYPE_CODE":"001","REPORT_TYPE":"2020年年报","PER_NETCASH_OPERATE":-0.647550898788,"PER_OI":1.11314945352,"BPS":3.258485622766,"BASIC_EPS":0.21298536,"DILUTED_EPS":0.21298536,"OPERATE_INCOME":1226829480.8,"OPERATE_INCOME_YOY":51.4810930399,"GROSS_PROFIT":115992503.2,"GROSS_PROFIT_YOY":-21.65872040572,"HOLDER_PROFIT":232412667.48,"HOLDER_PROFIT_YOY":24.2167172593,"GROSS_PROFIT_RATIO":9.454655680785,"EPS_TTM":0.151039814182,"OPERATE_INCOME_QOQ":0,"NET_PROFIT_RATIO":18.9441704098,"ROE_AVG":6.822838219417,"GROSS_PROFIT_QOQ":0,"ROA":3.754176307143,"HOLDER_PROFIT_QOQ":0,"ROE_YEARLY":6.822838219417,"ROIC_YEARLY":4.015251138272,"TOTAL_ASSETS":6871449473.98,"TOTAL_LIABILITIES":3374851070.08,"TAX_EBT":-0.657417914272,"OCF_SALES":-58.172862299871,"TOTAL_PARENT_EQUITY":3496598403.9,"DEBT_ASSET_RATIO":49.1141073344,"OPERATE_PROFIT":188885897.48,"PRETAX_PROFIT":230894724.2,"NETCASH_OPERATE":-713681824.52,"NETCASH_INVEST":646465504.3,"NETCASH_FINANCE":456215486.3,"END_CASH":597025855.02,"DIVI_RATIO":null,"DIVIDEND_RATE":null,"CURRENT_RATIO":0.535955703236,"COMMON_ACS":1500000000,"CURRENTDEBT_DEBT":97.933362316982,"ISSUED_COMMON_SHARES":1073074676,"HK_COMMON_SHARES":1073074676,"PER_SHARES":2000,"TOTAL_MARKET_CAP":300460909.28,"HKSK_MARKET_CAP":300460909.28,"PE_TTM":-0.998165890775,"PB_TTM":0.084033515214,"REPORT_DATE_SQ":"2019-12-31 00:00:00","REPORT_TYPE_SQ":"2019年年报","OPERATE_INCOME_SQ":875548456.5,"DPS_HKD":null,"OPERATE_INCOME_QOQ_SQ":0,"NET_PROFIT_RATIO_SQ":23.1022337711,"HOLDER_PROFIT_SQ":202271251.2,"HOLDER_PROFIT_QOQ_SQ":0,"ROE_AVG_SQ":5.747719421687,"PE_TTM_SQ":-10.586582417085,"PB_TTM_SQ":0.187810267197,"ROA_SQ":3.755586276815,"START_DATE":"2020-04-01 00:00:00","FISCAL_YEAR":"3-31","CURRENCY":"HKD","IS_CNY_CODE":0,"DPS_HKD_LY":0.075,"ORG_TYPE":"一般企业","PREMIUM_INCOME":null,"PREMIUM_INCOME_YOY":null,"NET_INTEREST_INCOME":null,"NET_INTEREST_INCOME_YOY":null,"FEE_COMMISSION_INCOME":null,"FEE_COMMISSION_INCOME_YOY":null,"ACCOUNTS_RECE_TDAYS":10.958891699068,"INVENTORY_TDAYS":2.122044351877,"CURRENT_ASSETS_TDAYS":0.817610541136,"TOTAL_ASSETS_TDAYS":0.198170530878,"PREMIUM_EXPENSE":null,"LOAN_DEPOSIT":null,"LOAN_EQUITY":null,"LOAN_ASSETS":null,"DEPOSIT_EQUITY":null,"DEPOSIT_ASSETS":null,"EQUITY_MULTIPLIER":1.965181207632,"EQUITY_RATIO":0.965181207632},{"SECUCODE":"00896.HK","SECURITY_CODE":"00896","SECURITY_NAME_ABBR":"兴胜创建","ORG_CODE":"10009146","STD_REPORT_DATE":"2020-06-30 00:00:00","REPORT_DATE":"2020-09-30 00:00:00","DATE_TYPE_CODE":"002","REPORT_TYPE":"2020年中报","PER_NETCASH_OPERATE":-0.020240147323,"PER_OI":0.526686845389,"BPS":3.255343416342,"BASIC_EPS":0.08259968,"DILUTED_EPS":0.08259968,"OPERATE_INCOME":574575676.16,"OPERATE_INCOME_YOY":70.3503776284,"GROSS_PROFIT":60430453.12,"GROSS_PROFIT_YOY":-24.001945438018,"HOLDER_PROFIT":90043317.12,"HOLDER_PROFIT_YOY":-27.5295798355,"GROSS_PROFIT_RATIO":10.517405387549,"EPS_TTM":0.185412664733,"OPERATE_INCOME_QOQ":0,"NET_PROFIT_RATIO":15.671272011,"ROE_AVG":2.594529639433,"GROSS_PROFIT_QOQ":0,"ROA":1.44932209812,"HOLDER_PROFIT_QOQ":0,"ROE_YEARLY":5.189059278866,"ROIC_YEARLY":3.063314890197,"TOTAL_ASSETS":6696811234.56,"TOTAL_LIABILITIES":3203584652.8,"TAX_EBT":1.385801310737,"OCF_SALES":-3.842918709606,"TOTAL_PARENT_EQUITY":3493226581.76,"DEBT_ASSET_RATIO":47.8374638405,"OPERATE_PROFIT":131442452.48,"PRETAX_PROFIT":91308673.92,"NETCASH_OPERATE":-22080476.16,"NETCASH_INVEST":234489068.16,"NETCASH_FINANCE":22965347.2,"END_CASH":451657686.4,"DIVI_RATIO":null,"DIVIDEND_RATE":null,"CURRENT_RATIO":0.391308237911,"COMMON_ACS":1500000000,"CURRENTDEBT_DEBT":97.182190721225,"ISSUED_COMMON_SHARES":1073074676,"HK_COMMON_SHARES":1073074676,"PER_SHARES":2000,"TOTAL_MARKET_CAP":300460909.28,"HKSK_MARKET_CAP":300460909.28,"PE_TTM":-0.998165890775,"PB_TTM":0.084033515214,"REPORT_DATE_SQ":"2019-06-30 00:00:00","REPORT_TYPE_SQ":"2019年中报","OPERATE_INCOME_SQ":346230224.43,"DPS_HKD":null,"OPERATE_INCOME_QOQ_SQ":0,"NET_PROFIT_RATIO_SQ":36.8371964579,"HOLDER_PROFIT_SQ":127541507.97,"HOLDER_PROFIT_QOQ_SQ":0,"ROE_AVG_SQ":3.701611819126,"PE_TTM_SQ":-10.586582417085,"PB_TTM_SQ":0.187810267197,"ROA_SQ":2.569092148241,"START_DATE":"2020-04-01 00:00:00","FISCAL_YEAR":"3-31","CURRENCY":"HKD","IS_CNY_CODE":0,"DPS_HKD_LY":0.075,"ORG_TYPE":"一般企业","PREMIUM_INCOME":null,"PREMIUM_INCOME_YOY":null,"NET_INTEREST_INCOME":null,"NET_INTEREST_INCOME_YOY":null,"FEE_COMMISSION_INCOME":null,"FEE_COMMISSION_INCOME_YOY":null,"ACCOUNTS_RECE_TDAYS":6.390676081804,"INVENTORY_TDAYS":1.683177488094,"CURRENT_ASSETS_TDAYS":0.460271153106,"TOTAL_ASSETS_TDAYS":0.092482735103,"PREMIUM_EXPENSE":null,"LOAN_DEPOSIT":null,"LOAN_EQUITY":null,"LOAN_ASSETS":null,"DEPOSIT_EQUITY":null,"DEPOSIT_ASSETS":null,"EQUITY_MULTIPLIER":1.917084700296,"EQUITY_RATIO":0.917084700296}],"count":45},"success":true,"message":"ok","code":0}