{"version":"6841c2a45accb1a2766bcf5ee66e83d1","result":{"pages":6,"data":[{"SECUCODE":"00907.HK","SECURITY_CODE":"00907","SECURITY_NAME_ABBR":"高雅光学","ORG_CODE":"10009155","STD_REPORT_DATE":"2024-06-30 00:00:00","REPORT_DATE":"2024-09-30 00:00:00","DATE_TYPE_CODE":"002","REPORT_TYPE":"2024年中报","PER_NETCASH_OPERATE":-0.011955490956,"PER_OI":0.007331158298,"BPS":0.004236905324,"BASIC_EPS":-0.014248282,"DILUTED_EPS":null,"OPERATE_INCOME":6399101.84,"OPERATE_INCOME_YOY":-31.08003108,"GROSS_PROFIT":1140764.35,"GROSS_PROFIT_YOY":-23.591656550963,"HOLDER_PROFIT":-12432978.73,"HOLDER_PROFIT_YOY":-45.2027382833,"GROSS_PROFIT_RATIO":17.82694475761,"EPS_TTM":-0.06164983426,"OPERATE_INCOME_QOQ":0,"NET_PROFIT_RATIO":-194.2925591883,"ROE_AVG":-125.313579349209,"GROSS_PROFIT_QOQ":0,"ROA":-14.193428834681,"HOLDER_PROFIT_QOQ":0,"ROE_YEARLY":-250.627158698418,"ROIC_YEARLY":-30.102948722148,"TOTAL_ASSETS":92391090.87,"TOTAL_LIABILITIES":88692850.08,"TAX_EBT":null,"OCF_SALES":-163.077790304397,"TOTAL_PARENT_EQUITY":3698240.79,"DEBT_ASSET_RATIO":95.9971889549,"OPERATE_PROFIT":-11478884.91,"PRETAX_PROFIT":-12432978.73,"NETCASH_OPERATE":-10435513.88,"NETCASH_INVEST":-19138689.17,"NETCASH_FINANCE":26839975.77,"END_CASH":3626097.59,"DIVI_RATIO":null,"DIVIDEND_RATE":null,"CURRENT_RATIO":0.500005143028,"COMMON_ACS":10000000000,"CURRENTDEBT_DEBT":98.848015292012,"ISSUED_COMMON_SHARES":872863684,"HK_COMMON_SHARES":872863684,"PER_SHARES":20000,"TOTAL_MARKET_CAP":68956231.036,"HKSK_MARKET_CAP":68956231.036,"PE_TTM":-1.083348746068,"PB_TTM":16.814491840039,"REPORT_DATE_SQ":"2023-06-30 00:00:00","REPORT_TYPE_SQ":"2023年中报","OPERATE_INCOME_SQ":9447918.48,"DPS_HKD":null,"OPERATE_INCOME_QOQ_SQ":0,"NET_PROFIT_RATIO_SQ":-92.2202797203,"HOLDER_PROFIT_SQ":-8712896.85,"HOLDER_PROFIT_QOQ_SQ":0,"ROE_AVG_SQ":-11.608643824312,"PE_TTM_SQ":-1.166930058824,"PB_TTM_SQ":1.142210487854,"ROA_SQ":-6.3422193426,"START_DATE":"2024-04-01 00:00:00","FISCAL_YEAR":"3-31","CURRENCY":"HKD","IS_CNY_CODE":0,"DPS_HKD_LY":null,"ORG_TYPE":"一般企业","PREMIUM_INCOME":null,"PREMIUM_INCOME_YOY":null,"NET_INTEREST_INCOME":null,"NET_INTEREST_INCOME_YOY":null,"FEE_COMMISSION_INCOME":null,"FEE_COMMISSION_INCOME_YOY":null,"ACCOUNTS_RECE_TDAYS":1.379471228616,"INVENTORY_TDAYS":23.70325203252,"CURRENT_ASSETS_TDAYS":0.164407682862,"TOTAL_ASSETS_TDAYS":0.073051839422,"PREMIUM_EXPENSE":null,"LOAN_DEPOSIT":null,"LOAN_EQUITY":null,"LOAN_ASSETS":null,"DEPOSIT_EQUITY":null,"DEPOSIT_ASSETS":null,"EQUITY_MULTIPLIER":24.982443306289,"EQUITY_RATIO":23.982443306511},{"SECUCODE":"00907.HK","SECURITY_CODE":"00907","SECURITY_NAME_ABBR":"高雅光学","ORG_CODE":"10009155","STD_REPORT_DATE":"2023-12-31 00:00:00","REPORT_DATE":"2024-03-31 00:00:00","DATE_TYPE_CODE":"001","REPORT_TYPE":"2023年年报","PER_NETCASH_OPERATE":-0.008614089276,"PER_OI":0.024914804395,"BPS":0.018593928179,"BASIC_EPS":-0.0616454,"DILUTED_EPS":null,"OPERATE_INCOME":21747227.95,"OPERATE_INCOME_YOY":10.5280132694,"GROSS_PROFIT":4418524.7,"GROSS_PROFIT_YOY":-20.75086422641,"HOLDER_PROFIT":-53811901.45,"HOLDER_PROFIT_YOY":23.2978847123,"GROSS_PROFIT_RATIO":20.317645587561,"EPS_TTM":-0.075850640499,"OPERATE_INCOME_QOQ":0,"NET_PROFIT_RATIO":-247.4425778482,"ROE_AVG":-113.818129523992,"GROSS_PROFIT_QOQ":0,"ROA":-49.43081983595,"HOLDER_PROFIT_QOQ":0,"ROE_YEARLY":-113.818129523992,"ROIC_YEARLY":-52.596881880973,"TOTAL_ASSETS":83239421,"TOTAL_LIABILITIES":67009456.35,"TAX_EBT":null,"OCF_SALES":-34.574179832423,"TOTAL_PARENT_EQUITY":16229964.65,"DEBT_ASSET_RATIO":80.502069266,"OPERATE_PROFIT":-47172329.25,"PRETAX_PROFIT":-53811901.45,"NETCASH_OPERATE":-7518925.7,"NETCASH_INVEST":-4949763,"NETCASH_FINANCE":11375389.4,"END_CASH":6394803.7,"DIVI_RATIO":null,"DIVIDEND_RATE":null,"CURRENT_RATIO":0.518135854034,"COMMON_ACS":10000000000,"CURRENTDEBT_DEBT":98.467199696957,"ISSUED_COMMON_SHARES":872863684,"HK_COMMON_SHARES":872863684,"PER_SHARES":20000,"TOTAL_MARKET_CAP":51498957.356,"HKSK_MARKET_CAP":51498957.356,"PE_TTM":-0.809083240735,"PB_TTM":12.557658462814,"REPORT_DATE_SQ":"2022-12-31 00:00:00","REPORT_TYPE_SQ":"2022年年报","OPERATE_INCOME_SQ":18999898.64,"DPS_HKD":null,"OPERATE_INCOME_QOQ_SQ":0,"NET_PROFIT_RATIO_SQ":-210.4128271286,"HOLDER_PROFIT_SQ":-67747104.49,"HOLDER_PROFIT_QOQ_SQ":0,"ROE_AVG_SQ":-62.008926067482,"PE_TTM_SQ":-1.96413970297,"PB_TTM_SQ":1.922532504308,"ROA_SQ":-37.625832298152,"START_DATE":"2023-04-01 00:00:00","FISCAL_YEAR":"3-31","CURRENCY":"HKD","IS_CNY_CODE":0,"DPS_HKD_LY":null,"ORG_TYPE":"一般企业","PREMIUM_INCOME":null,"PREMIUM_INCOME_YOY":null,"NET_INTEREST_INCOME":null,"NET_INTEREST_INCOME_YOY":null,"FEE_COMMISSION_INCOME":null,"FEE_COMMISSION_INCOME_YOY":null,"ACCOUNTS_RECE_TDAYS":4.570203848352,"INVENTORY_TDAYS":141.070110701107,"CURRENT_ASSETS_TDAYS":0.503711325053,"TOTAL_ASSETS_TDAYS":0.199766831827,"PREMIUM_EXPENSE":null,"LOAN_DEPOSIT":null,"LOAN_EQUITY":null,"LOAN_ASSETS":null,"DEPOSIT_EQUITY":null,"DEPOSIT_ASSETS":null,"EQUITY_MULTIPLIER":5.128749371625,"EQUITY_RATIO":4.128749371614},{"SECUCODE":"00907.HK","SECURITY_CODE":"00907","SECURITY_NAME_ABBR":"高雅光学","ORG_CODE":"10009155","STD_REPORT_DATE":"2023-06-30 00:00:00","REPORT_DATE":"2023-09-30 00:00:00","DATE_TYPE_CODE":"002","REPORT_TYPE":"2023年中报","PER_NETCASH_OPERATE":0.000564540969,"PER_OI":0.010824048077,"BPS":0.081141462966,"BASIC_EPS":-0.010002167,"DILUTED_EPS":null,"OPERATE_INCOME":9447918.48,"OPERATE_INCOME_YOY":71.7717717718,"GROSS_PROFIT":1492984.01,"GROSS_PROFIT_YOY":-24.761735047442,"HOLDER_PROFIT":-8712896.85,"HOLDER_PROFIT_YOY":16.2402964008,"GROSS_PROFIT_RATIO":15.802253302253,"EPS_TTM":-0.077614759019,"OPERATE_INCOME_QOQ":0,"NET_PROFIT_RATIO":-92.2202797203,"ROE_AVG":-11.608643824312,"GROSS_PROFIT_QOQ":0,"ROA":-6.3422193426,"HOLDER_PROFIT_QOQ":0,"ROE_YEARLY":-23.217287648623,"ROIC_YEARLY":-13.334410010287,"TOTAL_ASSETS":138628199.36,"TOTAL_LIABILITIES":67802763.07,"TAX_EBT":null,"OCF_SALES":5.215617715618,"TOTAL_PARENT_EQUITY":70825436.29,"DEBT_ASSET_RATIO":48.9097913578,"OPERATE_PROFIT":-8689038.47,"PRETAX_PROFIT":-8712896.85,"NETCASH_OPERATE":492767.31,"NETCASH_INVEST":-9449753.74,"NETCASH_FINANCE":8897340.48,"END_CASH":6599594.96,"DIVI_RATIO":null,"DIVIDEND_RATE":null,"CURRENT_RATIO":0.830144037192,"COMMON_ACS":10000000000,"CURRENTDEBT_DEBT":97.812935619646,"ISSUED_COMMON_SHARES":872863684,"HK_COMMON_SHARES":872863684,"PER_SHARES":20000,"TOTAL_MARKET_CAP":51498957.356,"HKSK_MARKET_CAP":51498957.356,"PE_TTM":-0.809083240735,"PB_TTM":12.557658462814,"REPORT_DATE_SQ":"2022-06-30 00:00:00","REPORT_TYPE_SQ":"2022年中报","OPERATE_INCOME_SQ":5421213.36,"DPS_HKD":null,"OPERATE_INCOME_QOQ_SQ":0,"NET_PROFIT_RATIO_SQ":-70.5411655874,"HOLDER_PROFIT_SQ":-10252731.84,"HOLDER_PROFIT_QOQ_SQ":0,"ROE_AVG_SQ":-7.188582987993,"PE_TTM_SQ":-1.96413970297,"PB_TTM_SQ":1.922532504308,"ROA_SQ":-4.686563338474,"START_DATE":"2023-04-01 00:00:00","FISCAL_YEAR":"3-31","CURRENCY":"HKD","IS_CNY_CODE":0,"DPS_HKD_LY":null,"ORG_TYPE":"一般企业","PREMIUM_INCOME":null,"PREMIUM_INCOME_YOY":null,"NET_INTEREST_INCOME":null,"NET_INTEREST_INCOME_YOY":null,"FEE_COMMISSION_INCOME":null,"FEE_COMMISSION_INCOME_YOY":null,"ACCOUNTS_RECE_TDAYS":1.972602739726,"INVENTORY_TDAYS":162.03738317757,"CURRENT_ASSETS_TDAYS":0.175200367553,"TOTAL_ASSETS_TDAYS":0.068772501687,"PREMIUM_EXPENSE":null,"LOAN_DEPOSIT":null,"LOAN_EQUITY":null,"LOAN_ASSETS":null,"DEPOSIT_EQUITY":null,"DEPOSIT_ASSETS":null,"EQUITY_MULTIPLIER":1.95732220826,"EQUITY_RATIO":0.957322208258},{"SECUCODE":"00907.HK","SECURITY_CODE":"00907","SECURITY_NAME_ABBR":"高雅光学","ORG_CODE":"10009155","STD_REPORT_DATE":"2022-12-31 00:00:00","REPORT_DATE":"2023-03-31 00:00:00","DATE_TYPE_CODE":"001","REPORT_TYPE":"2022年年报","PER_NETCASH_OPERATE":0.001032001797,"PER_OI":0.021767314861,"BPS":0.086654051722,"BASIC_EPS":-0.077648867,"DILUTED_EPS":null,"OPERATE_INCOME":18999898.64,"OPERATE_INCOME_YOY":42.0883797054,"GROSS_PROFIT":5575486.29,"GROSS_PROFIT_YOY":56.244186261575,"HOLDER_PROFIT":-67747104.49,"HOLDER_PROFIT_YOY":56.2961666177,"GROSS_PROFIT_RATIO":29.34482123111,"EPS_TTM":-0.11484122247,"OPERATE_INCOME_QOQ":0,"NET_PROFIT_RATIO":-210.4128271286,"ROE_AVG":-62.008926067482,"GROSS_PROFIT_QOQ":0,"ROA":-37.625832298152,"HOLDER_PROFIT_QOQ":0,"ROE_YEARLY":-62.008926067482,"ROIC_YEARLY":-38.540626548505,"TOTAL_ASSETS":129867073.5,"TOTAL_LIABILITIES":54229898.68,"TAX_EBT":null,"OCF_SALES":4.741061555474,"TOTAL_PARENT_EQUITY":75637174.82,"DEBT_ASSET_RATIO":41.7580047186,"OPERATE_PROFIT":-31175976.33,"PRETAX_PROFIT":-32237848.66,"NETCASH_OPERATE":900796.89,"NETCASH_INVEST":3909581.06,"NETCASH_FINANCE":-14602714.21,"END_CASH":6480660.23,"DIVI_RATIO":null,"DIVIDEND_RATE":null,"CURRENT_RATIO":0.954305712201,"COMMON_ACS":10000000000,"CURRENTDEBT_DEBT":97.326790211145,"ISSUED_COMMON_SHARES":872863684,"HK_COMMON_SHARES":872863684,"PER_SHARES":20000,"TOTAL_MARKET_CAP":56736139.46,"HKSK_MARKET_CAP":56736139.46,"PE_TTM":-0.891362892335,"PB_TTM":13.834708475981,"REPORT_DATE_SQ":"2021-12-31 00:00:00","REPORT_TYPE_SQ":"2021年年报","OPERATE_INCOME_SQ":12388177.75,"DPS_HKD":null,"OPERATE_INCOME_QOQ_SQ":0,"NET_PROFIT_RATIO_SQ":-320.7922535211,"HOLDER_PROFIT_SQ":-143610406.76,"HOLDER_PROFIT_QOQ_SQ":0,"ROE_AVG_SQ":-79.290719802978,"PE_TTM_SQ":-2.086598632105,"PB_TTM_SQ":2.092167725276,"ROA_SQ":-53.374648277899,"START_DATE":"2022-04-01 00:00:00","FISCAL_YEAR":"3-31","CURRENCY":"HKD","IS_CNY_CODE":0,"DPS_HKD_LY":null,"ORG_TYPE":"一般企业","PREMIUM_INCOME":null,"PREMIUM_INCOME_YOY":null,"NET_INTEREST_INCOME":null,"NET_INTEREST_INCOME_YOY":null,"FEE_COMMISSION_INCOME":null,"FEE_COMMISSION_INCOME_YOY":null,"ACCOUNTS_RECE_TDAYS":2.611950177508,"INVENTORY_TDAYS":5.531109107304,"CURRENT_ASSETS_TDAYS":0.258488655988,"TOTAL_ASSETS_TDAYS":0.105522886224,"PREMIUM_EXPENSE":null,"LOAN_DEPOSIT":null,"LOAN_EQUITY":null,"LOAN_ASSETS":null,"DEPOSIT_EQUITY":null,"DEPOSIT_ASSETS":null,"EQUITY_MULTIPLIER":1.716974144118,"EQUITY_RATIO":0.716974144117},{"SECUCODE":"00907.HK","SECURITY_CODE":"00907","SECURITY_NAME_ABBR":"高雅光学","ORG_CODE":"10009155","STD_REPORT_DATE":"2022-06-30 00:00:00","REPORT_DATE":"2022-09-30 00:00:00","DATE_TYPE_CODE":"002","REPORT_TYPE":"2022年中报","PER_NETCASH_OPERATE":0.021170102478,"PER_OI":0.006210836193,"BPS":0.157690374709,"BASIC_EPS":-0.01175772,"DILUTED_EPS":null,"OPERATE_INCOME":5421213.36,"OPERATE_INCOME_YOY":-38.0071684588,"GROSS_PROFIT":1984341.36,"GROSS_PROFIT_YOY":-57.143020420594,"HOLDER_PROFIT":-10252731.84,"HOLDER_PROFIT_YOY":82.3887646035,"GROSS_PROFIT_RATIO":8.404255319149,"EPS_TTM":-0.164527874618,"OPERATE_INCOME_QOQ":0,"NET_PROFIT_RATIO":-70.5411655874,"ROE_AVG":-7.188582987993,"GROSS_PROFIT_QOQ":0,"ROA":-4.686563338474,"HOLDER_PROFIT_QOQ":0,"ROE_YEARLY":-14.377165975985,"ROIC_YEARLY":-9.30853193136,"TOTAL_ASSETS":199659652.2,"TOTAL_LIABILITIES":82399910.64,"TAX_EBT":null,"OCF_SALES":94.50046253469,"TOTAL_PARENT_EQUITY":137642201.4,"DEBT_ASSET_RATIO":41.2701864057,"OPERATE_PROFIT":1341284.52,"PRETAX_PROFIT":140188.2,"NETCASH_OPERATE":18478613.64,"NETCASH_INVEST":-5849917.92,"NETCASH_FINANCE":-13388425.32,"END_CASH":15210871.92,"DIVI_RATIO":null,"DIVIDEND_RATE":null,"CURRENT_RATIO":1.083504370416,"COMMON_ACS":10000000000,"CURRENTDEBT_DEBT":76.474655895331,"ISSUED_COMMON_SHARES":872863684,"HK_COMMON_SHARES":872863684,"PER_SHARES":20000,"TOTAL_MARKET_CAP":56736139.46,"HKSK_MARKET_CAP":56736139.46,"PE_TTM":-0.891362892335,"PB_TTM":13.834708475981,"REPORT_DATE_SQ":"2021-06-30 00:00:00","REPORT_TYPE_SQ":"2021年中报","OPERATE_INCOME_SQ":29052967.5,"DPS_HKD":null,"OPERATE_INCOME_QOQ_SQ":0,"NET_PROFIT_RATIO_SQ":-185.6458781362,"HOLDER_PROFIT_SQ":-53622406.08,"HOLDER_PROFIT_QOQ_SQ":0,"ROE_AVG_SQ":-23.006319160495,"PE_TTM_SQ":-2.086598632105,"PB_TTM_SQ":2.092167725276,"ROA_SQ":-16.468869492243,"START_DATE":"2022-04-01 00:00:00","FISCAL_YEAR":"3-31","CURRENCY":"HKD","IS_CNY_CODE":0,"DPS_HKD_LY":null,"ORG_TYPE":"一般企业","PREMIUM_INCOME":null,"PREMIUM_INCOME_YOY":null,"NET_INTEREST_INCOME":null,"NET_INTEREST_INCOME_YOY":null,"FEE_COMMISSION_INCOME":null,"FEE_COMMISSION_INCOME_YOY":null,"ACCOUNTS_RECE_TDAYS":0.772621809745,"INVENTORY_TDAYS":5.069243568412,"CURRENT_ASSETS_TDAYS":0.232618191991,"TOTAL_ASSETS_TDAYS":0.089382056614,"PREMIUM_EXPENSE":null,"LOAN_DEPOSIT":null,"LOAN_EQUITY":null,"LOAN_ASSETS":null,"DEPOSIT_EQUITY":null,"DEPOSIT_ASSETS":null,"EQUITY_MULTIPLIER":1.702712708928,"EQUITY_RATIO":0.598652955285},{"SECUCODE":"00907.HK","SECURITY_CODE":"00907","SECURITY_NAME_ABBR":"高雅光学","ORG_CODE":"10009155","STD_REPORT_DATE":"2021-12-31 00:00:00","REPORT_DATE":"2022-03-31 00:00:00","DATE_TYPE_CODE":"001","REPORT_TYPE":"2021年年报","PER_NETCASH_OPERATE":-0.026436736862,"PER_OI":0.014192568642,"BPS":0.151638885276,"BASIC_EPS":-0.164553929,"DILUTED_EPS":null,"OPERATE_INCOME":12388177.75,"OPERATE_INCOME_YOY":5.3217133321,"GROSS_PROFIT":3568444,"GROSS_PROFIT_YOY":-45.570307254878,"HOLDER_PROFIT":-143610406.76,"HOLDER_PROFIT_YOY":-1059.3295796779,"GROSS_PROFIT_RATIO":11.084507042254,"EPS_TTM":-0.072771309432,"OPERATE_INCOME_QOQ":0,"NET_PROFIT_RATIO":-320.7922535211,"ROE_AVG":-79.290719802978,"GROSS_PROFIT_QOQ":0,"ROA":-53.374648277899,"HOLDER_PROFIT_QOQ":0,"ROE_YEARLY":-79.290719802978,"ROIC_YEARLY":-56.033517078141,"TOTAL_ASSETS":213304551.11,"TOTAL_LIABILITIES":94252338.16,"TAX_EBT":-0.024952788191,"OCF_SALES":-50.093309859155,"TOTAL_PARENT_EQUITY":132360076.04,"DEBT_ASSET_RATIO":44.1867450411,"OPERATE_PROFIT":-93479445.63,"PRETAX_PROFIT":-143007826.33,"NETCASH_OPERATE":-23075667.53,"NETCASH_INVEST":13632267.09,"NETCASH_FINANCE":-7938165.88,"END_CASH":15222657.7,"DIVI_RATIO":null,"DIVIDEND_RATE":null,"CURRENT_RATIO":1.166353224579,"COMMON_ACS":10000000000,"CURRENTDEBT_DEBT":81.441453844565,"ISSUED_COMMON_SHARES":872863684,"HK_COMMON_SHARES":872863684,"PER_SHARES":20000,"TOTAL_MARKET_CAP":56736139.46,"HKSK_MARKET_CAP":56736139.46,"PE_TTM":-0.891362892335,"PB_TTM":13.834708475981,"REPORT_DATE_SQ":"2020-12-31 00:00:00","REPORT_TYPE_SQ":"2020年年报","OPERATE_INCOME_SQ":45580557.4,"DPS_HKD":null,"OPERATE_INCOME_QOQ_SQ":0,"NET_PROFIT_RATIO_SQ":-33.6844057111,"HOLDER_PROFIT_SQ":-12909279.32,"HOLDER_PROFIT_QOQ_SQ":0,"ROE_AVG_SQ":-5.95662203295,"PE_TTM_SQ":-2.086598632105,"PB_TTM_SQ":2.092167725276,"ROA_SQ":-3.915536790511,"START_DATE":"2021-04-01 00:00:00","FISCAL_YEAR":"3-31","CURRENCY":"HKD","IS_CNY_CODE":0,"DPS_HKD_LY":null,"ORG_TYPE":"一般企业","PREMIUM_INCOME":null,"PREMIUM_INCOME_YOY":null,"NET_INTEREST_INCOME":null,"NET_INTEREST_INCOME_YOY":null,"FEE_COMMISSION_INCOME":null,"FEE_COMMISSION_INCOME_YOY":null,"ACCOUNTS_RECE_TDAYS":1.254208063059,"INVENTORY_TDAYS":10.08265122779,"CURRENT_ASSETS_TDAYS":0.39083734148,"TOTAL_ASSETS_TDAYS":0.171207844213,"PREMIUM_EXPENSE":null,"LOAN_DEPOSIT":null,"LOAN_EQUITY":null,"LOAN_ASSETS":null,"DEPOSIT_EQUITY":null,"DEPOSIT_ASSETS":null,"EQUITY_MULTIPLIER":1.791689090228,"EQUITY_RATIO":0.712090389941},{"SECUCODE":"00907.HK","SECURITY_CODE":"00907","SECURITY_NAME_ABBR":"高雅光学","ORG_CODE":"10009155","STD_REPORT_DATE":"2021-06-30 00:00:00","REPORT_DATE":"2021-09-30 00:00:00","DATE_TYPE_CODE":"002","REPORT_TYPE":"2021年中报","PER_NETCASH_OPERATE":-0.033701728299,"PER_OI":0.033284656049,"BPS":0.263530488823,"BASIC_EPS":-0.061396522,"DILUTED_EPS":null,"OPERATE_INCOME":29052967.5,"OPERATE_INCOME_YOY":-19.5260401043,"GROSS_PROFIT":4630147.48,"GROSS_PROFIT_YOY":-33.720811174172,"HOLDER_PROFIT":-53622406.08,"HOLDER_PROFIT_YOY":-1777.7129521587,"GROSS_PROFIT_RATIO":15.936917562724,"EPS_TTM":-0.014789570876,"OPERATE_INCOME_QOQ":0,"NET_PROFIT_RATIO":-185.6458781362,"ROE_AVG":-23.006319160495,"GROSS_PROFIT_QOQ":0,"ROA":-16.468869492243,"HOLDER_PROFIT_QOQ":0,"ROE_YEARLY":-46.012638320991,"ROIC_YEARLY":-34.50631835842,"TOTAL_ASSETS":317548309.98,"TOTAL_LIABILITIES":97164786.16,"TAX_EBT":null,"OCF_SALES":-101.253046594982,"TOTAL_PARENT_EQUITY":230026193.32,"DEBT_ASSET_RATIO":30.5984264776,"OPERATE_PROFIT":-52724367.4,"PRETAX_PROFIT":-53935636.64,"NETCASH_OPERATE":-29417014.72,"NETCASH_INVEST":-1112135.1,"NETCASH_FINANCE":11912758,"END_CASH":14982584.1,"DIVI_RATIO":null,"DIVIDEND_RATE":null,"CURRENT_RATIO":2.005980066445,"COMMON_ACS":10000000000,"CURRENTDEBT_DEBT":69.678315442916,"ISSUED_COMMON_SHARES":872863684,"HK_COMMON_SHARES":872863684,"PER_SHARES":20000,"TOTAL_MARKET_CAP":56736139.46,"HKSK_MARKET_CAP":56736139.46,"PE_TTM":-0.891362892335,"PB_TTM":13.834708475981,"REPORT_DATE_SQ":"2020-06-30 00:00:00","REPORT_TYPE_SQ":"2020年中报","OPERATE_INCOME_SQ":38081088.64,"DPS_HKD":null,"OPERATE_INCOME_QOQ_SQ":0,"NET_PROFIT_RATIO_SQ":-10.3814292637,"HOLDER_PROFIT_SQ":-3012252.16,"HOLDER_PROFIT_QOQ_SQ":0,"ROE_AVG_SQ":-1.470203503956,"PE_TTM_SQ":-2.086598632105,"PB_TTM_SQ":2.092167725276,"ROA_SQ":-0.911543334871,"START_DATE":"2021-04-01 00:00:00","FISCAL_YEAR":"3-31","CURRENCY":"HKD","IS_CNY_CODE":0,"DPS_HKD_LY":null,"ORG_TYPE":"一般企业","PREMIUM_INCOME":null,"PREMIUM_INCOME_YOY":null,"NET_INTEREST_INCOME":null,"NET_INTEREST_INCOME_YOY":null,"FEE_COMMISSION_INCOME":null,"FEE_COMMISSION_INCOME_YOY":null,"ACCOUNTS_RECE_TDAYS":2.279262793281,"INVENTORY_TDAYS":6.499722868862,"CURRENT_ASSETS_TDAYS":0.203180392145,"TOTAL_ASSETS_TDAYS":0.089229403359,"PREMIUM_EXPENSE":null,"LOAN_DEPOSIT":null,"LOAN_EQUITY":null,"LOAN_ASSETS":null,"DEPOSIT_EQUITY":null,"DEPOSIT_ASSETS":null,"EQUITY_MULTIPLIER":1.440889520577,"EQUITY_RATIO":0.422407486546},{"SECUCODE":"00907.HK","SECURITY_CODE":"00907","SECURITY_NAME_ABBR":"高雅光学","ORG_CODE":"10009155","STD_REPORT_DATE":"2020-12-31 00:00:00","REPORT_DATE":"2021-03-31 00:00:00","DATE_TYPE_CODE":"001","REPORT_TYPE":"2020年年报","PER_NETCASH_OPERATE":-0.056504216872,"PER_OI":0.052219559864,"BPS":0.274456246343,"BASIC_EPS":-0.01817137,"DILUTED_EPS":null,"OPERATE_INCOME":45580557.4,"OPERATE_INCOME_YOY":-18.5913111735,"GROSS_PROFIT":6556061.26,"GROSS_PROFIT_YOY":-5.724757949931,"HOLDER_PROFIT":-12909279.32,"HOLDER_PROFIT_YOY":84.4774845273,"GROSS_PROFIT_RATIO":14.383460040794,"EPS_TTM":-0.102159042022,"OPERATE_INCOME_QOQ":0,"NET_PROFIT_RATIO":-33.6844057111,"ROE_AVG":-5.95662203295,"GROSS_PROFIT_QOQ":0,"ROA":-3.915536790511,"HOLDER_PROFIT_QOQ":0,"ROE_YEARLY":-5.95662203295,"ROIC_YEARLY":-4.17638485958,"TOTAL_ASSETS":338503041.8,"TOTAL_LIABILITIES":108198253.24,"TAX_EBT":2.3385839471,"OCF_SALES":-108.205080660115,"TOTAL_PARENT_EQUITY":239562890.28,"DEBT_ASSET_RATIO":31.9637462236,"OPERATE_PROFIT":-24784058.32,"PRETAX_PROFIT":-15721193.18,"NETCASH_OPERATE":-49320478.9,"NETCASH_INVEST":16358458.9,"NETCASH_FINANCE":42405216.14,"END_CASH":33873124.04,"DIVI_RATIO":null,"DIVIDEND_RATE":null,"CURRENT_RATIO":1.684467743141,"COMMON_ACS":10000000000,"CURRENTDEBT_DEBT":83.594494524208,"ISSUED_COMMON_SHARES":872863684,"HK_COMMON_SHARES":872863684,"PER_SHARES":20000,"TOTAL_MARKET_CAP":56736139.46,"HKSK_MARKET_CAP":56736139.46,"PE_TTM":-0.891362892335,"PB_TTM":13.834708475981,"REPORT_DATE_SQ":"2019-12-31 00:00:00","REPORT_TYPE_SQ":"2019年年报","OPERATE_INCOME_SQ":60528970.2,"DPS_HKD":null,"OPERATE_INCOME_QOQ_SQ":0,"NET_PROFIT_RATIO_SQ":-153.4960601395,"HOLDER_PROFIT_SQ":-89907166.3,"HOLDER_PROFIT_QOQ_SQ":0,"ROE_AVG_SQ":-36.935591031767,"PE_TTM_SQ":-2.086598632105,"PB_TTM_SQ":2.092167725276,"ROA_SQ":-24.374257648925,"START_DATE":"2020-04-01 00:00:00","FISCAL_YEAR":"3-31","CURRENCY":"HKD","IS_CNY_CODE":0,"DPS_HKD_LY":null,"ORG_TYPE":"一般企业","PREMIUM_INCOME":null,"PREMIUM_INCOME_YOY":null,"NET_INTEREST_INCOME":null,"NET_INTEREST_INCOME_YOY":null,"FEE_COMMISSION_INCOME":null,"FEE_COMMISSION_INCOME_YOY":null,"ACCOUNTS_RECE_TDAYS":4.795269639443,"INVENTORY_TDAYS":6.924045887381,"CURRENT_ASSETS_TDAYS":0.332231644248,"TOTAL_ASSETS_TDAYS":0.138251210627,"PREMIUM_EXPENSE":null,"LOAN_DEPOSIT":null,"LOAN_EQUITY":null,"LOAN_ASSETS":null,"DEPOSIT_EQUITY":null,"DEPOSIT_ASSETS":null,"EQUITY_MULTIPLIER":1.469804618118,"EQUITY_RATIO":0.451648638541},{"SECUCODE":"00907.HK","SECURITY_CODE":"00907","SECURITY_NAME_ABBR":"高雅光学","ORG_CODE":"10009155","STD_REPORT_DATE":"2020-06-30 00:00:00","REPORT_DATE":"2020-09-30 00:00:00","DATE_TYPE_CODE":"002","REPORT_TYPE":"2020年中报","PER_NETCASH_OPERATE":0.007249590433,"PER_OI":0.052318984278,"BPS":0.238524671167,"BASIC_EPS":-0.004657216,"DILUTED_EPS":null,"OPERATE_INCOME":38081088.64,"OPERATE_INCOME_YOY":-4.735002528,"GROSS_PROFIT":6985824,"GROSS_PROFIT_YOY":122.230419017804,"HOLDER_PROFIT":-3012252.16,"HOLDER_PROFIT_YOY":83.3414325979,"GROSS_PROFIT_RATIO":18.344601610633,"EPS_TTM":-0.148226230706,"OPERATE_INCOME_QOQ":0,"NET_PROFIT_RATIO":-10.3814292637,"ROE_AVG":-1.470203503956,"GROSS_PROFIT_QOQ":0,"ROA":-0.911543334871,"HOLDER_PROFIT_QOQ":0,"ROE_YEARLY":-2.940407007913,"ROIC_YEARLY":-1.934657343289,"TOTAL_ASSETS":327294202.24,"TOTAL_LIABILITIES":127649018.24,"TAX_EBT":-1.19208277103,"OCF_SALES":13.856519832937,"TOTAL_PARENT_EQUITY":208199523.2,"DEBT_ASSET_RATIO":39.0013074984,"OPERATE_PROFIT":-5622050.56,"PRETAX_PROFIT":-3906789.12,"NETCASH_OPERATE":5276713.6,"NETCASH_INVEST":7931326.72,"NETCASH_FINANCE":443753.6,"END_CASH":29442392.32,"DIVI_RATIO":null,"DIVIDEND_RATE":null,"CURRENT_RATIO":1.300721416849,"COMMON_ACS":10000000000,"CURRENTDEBT_DEBT":80.53584089986,"ISSUED_COMMON_SHARES":872863684,"HK_COMMON_SHARES":872863684,"PER_SHARES":20000,"TOTAL_MARKET_CAP":56736139.46,"HKSK_MARKET_CAP":56736139.46,"PE_TTM":-0.891362892335,"PB_TTM":13.834708475981,"REPORT_DATE_SQ":"2019-06-30 00:00:00","REPORT_TYPE_SQ":"2019年中报","OPERATE_INCOME_SQ":41033336.91,"DPS_HKD":null,"OPERATE_INCOME_QOQ_SQ":0,"NET_PROFIT_RATIO_SQ":-44.4989118727,"HOLDER_PROFIT_SQ":-18561561.78,"HOLDER_PROFIT_QOQ_SQ":0,"ROE_AVG_SQ":-7.033722766456,"PE_TTM_SQ":-2.086598632105,"PB_TTM_SQ":2.092167725276,"ROA_SQ":-4.748575634993,"START_DATE":"2020-04-01 00:00:00","FISCAL_YEAR":"3-31","CURRENCY":"HKD","IS_CNY_CODE":0,"DPS_HKD_LY":null,"ORG_TYPE":"一般企业","PREMIUM_INCOME":null,"PREMIUM_INCOME_YOY":null,"NET_INTEREST_INCOME":null,"NET_INTEREST_INCOME_YOY":null,"FEE_COMMISSION_INCOME":null,"FEE_COMMISSION_INCOME_YOY":null,"ACCOUNTS_RECE_TDAYS":2.094637376447,"INVENTORY_TDAYS":5.70344105085,"CURRENT_ASSETS_TDAYS":0.292262663457,"TOTAL_ASSETS_TDAYS":0.115237904035,"PREMIUM_EXPENSE":null,"LOAN_DEPOSIT":null,"LOAN_EQUITY":null,"LOAN_ASSETS":null,"DEPOSIT_EQUITY":null,"DEPOSIT_ASSETS":null,"EQUITY_MULTIPLIER":1.639379401409,"EQUITY_RATIO":0.61310908055}],"count":48},"success":true,"message":"ok","code":0}