{"version":"8f83b0cd37718e09e05475596549af8b","result":{"pages":6,"data":[{"SECUCODE":"00905.HK","SECURITY_CODE":"00905","SECURITY_NAME_ABBR":"胡桃资本","ORG_CODE":"10009153","STD_REPORT_DATE":"2024-06-30 00:00:00","REPORT_DATE":"2024-06-30 00:00:00","DATE_TYPE_CODE":"002","REPORT_TYPE":"2024年中报","PER_NETCASH_OPERATE":-0.039111845357,"PER_OI":0.000144221563,"BPS":0.094360867303,"BASIC_EPS":-0.020626568,"DILUTED_EPS":-0.020626568,"OPERATE_INCOME":151504.88,"OPERATE_INCOME_YOY":1.2195121951,"GROSS_PROFIT":null,"GROSS_PROFIT_YOY":null,"HOLDER_PROFIT":-17021482,"HOLDER_PROFIT_YOY":-70.6156801756,"GROSS_PROFIT_RATIO":null,"EPS_TTM":-0.028429530779,"OPERATE_INCOME_QOQ":0.200740605499,"NET_PROFIT_RATIO":-11234.9397590361,"ROE_AVG":-20.665621381439,"GROSS_PROFIT_QOQ":null,"ROA":-18.329598616189,"HOLDER_PROFIT_QOQ":-30.291162305457,"ROE_YEARLY":-41.331242762877,"ROIC_YEARLY":-39.292730844794,"TOTAL_ASSETS":109304382.16,"TOTAL_LIABILITIES":10178207.36,"TAX_EBT":null,"OCF_SALES":-27119.2771084337,"TOTAL_PARENT_EQUITY":99126174.8,"DEBT_ASSET_RATIO":9.3118017401,"OPERATE_PROFIT":-17259691.48,"PRETAX_PROFIT":-17021482,"NETCASH_OPERATE":-41087028.24,"NETCASH_INVEST":480069.68,"NETCASH_FINANCE":50143551.88,"END_CASH":10992317.92,"DIVI_RATIO":null,"DIVIDEND_RATE":null,"CURRENT_RATIO":10.094870875179,"COMMON_ACS":100000000000,"CURRENTDEBT_DEBT":100,"ISSUED_COMMON_SHARES":1050500887,"HK_COMMON_SHARES":1050500887,"PER_SHARES":16000,"TOTAL_MARKET_CAP":509492930.195,"HKSK_MARKET_CAP":509492930.195,"PE_TTM":-15.433099996819,"PB_TTM":4.691031490609,"REPORT_DATE_SQ":"2023-06-30 00:00:00","REPORT_TYPE_SQ":"2023年中报","OPERATE_INCOME_SQ":151204.72,"DPS_HKD":null,"OPERATE_INCOME_QOQ_SQ":-50.680488991525,"NET_PROFIT_RATIO_SQ":-6665.243902439,"HOLDER_PROFIT_SQ":-10078163.38,"HOLDER_PROFIT_QOQ_SQ":25.683405226548,"ROE_AVG_SQ":-11.918897848143,"PE_TTM_SQ":-1.544641669812,"PB_TTM_SQ":1.518475569592,"ROA_SQ":-10.597291297056,"START_DATE":"2024-01-01 00:00:00","FISCAL_YEAR":"12-31","CURRENCY":"HKD","IS_CNY_CODE":0,"DPS_HKD_LY":null,"ORG_TYPE":"证券","PREMIUM_INCOME":null,"PREMIUM_INCOME_YOY":null,"NET_INTEREST_INCOME":null,"NET_INTEREST_INCOME_YOY":null,"FEE_COMMISSION_INCOME":null,"FEE_COMMISSION_INCOME_YOY":null,"ACCOUNTS_RECE_TDAYS":null,"INVENTORY_TDAYS":null,"CURRENT_ASSETS_TDAYS":0.001755833386,"TOTAL_ASSETS_TDAYS":0.0016314817,"PREMIUM_EXPENSE":null,"LOAN_DEPOSIT":null,"LOAN_EQUITY":null,"LOAN_ASSETS":null,"DEPOSIT_EQUITY":null,"DEPOSIT_ASSETS":null,"EQUITY_MULTIPLIER":1.102679311297,"EQUITY_RATIO":0.102679311297},{"SECUCODE":"00905.HK","SECURITY_CODE":"00905","SECURITY_NAME_ABBR":"胡桃资本","ORG_CODE":"10009153","STD_REPORT_DATE":"2023-12-31 00:00:00","REPORT_DATE":"2023-12-31 00:00:00","DATE_TYPE_CODE":"001","REPORT_TYPE":"2023年年报","PER_NETCASH_OPERATE":-0.002516796398,"PER_OI":0.000213507149,"BPS":0.06201024013,"BASIC_EPS":-0.032714542,"DILUTED_EPS":-0.032714542,"OPERATE_INCOME":149526.3,"OPERATE_INCOME_YOY":-84.9452554745,"GROSS_PROFIT":null,"GROSS_PROFIT_YOY":null,"HOLDER_PROFIT":-22921928.68,"HOLDER_PROFIT_YOY":78.3878464746,"GROSS_PROFIT_RATIO":null,"EPS_TTM":-0.032729999022,"OPERATE_INCOME_QOQ":-69.032544509027,"NET_PROFIT_RATIO":-15329.696969697,"ROE_AVG":-29.923104223353,"GROSS_PROFIT_QOQ":null,"ROA":-26.205288922272,"HOLDER_PROFIT_QOQ":70.497206729086,"ROE_YEARLY":-29.923104223353,"ROIC_YEARLY":-26.719484497967,"TOTAL_ASSETS":75881425.48,"TOTAL_LIABILITIES":10739613.22,"TAX_EBT":null,"OCF_SALES":-1178.78787878788,"TOTAL_PARENT_EQUITY":65141812.26,"DEBT_ASSET_RATIO":14.1531516469,"OPERATE_PROFIT":-22738872.24,"PRETAX_PROFIT":-22921928.68,"NETCASH_OPERATE":-1762597.9,"NETCASH_INVEST":149526.3,"NETCASH_FINANCE":1137306.1,"END_CASH":1445420.9,"DIVI_RATIO":null,"DIVIDEND_RATE":null,"CURRENT_RATIO":6.455657750401,"COMMON_ACS":100000000000,"CURRENTDEBT_DEBT":100,"ISSUED_COMMON_SHARES":1050500887,"HK_COMMON_SHARES":1050500887,"PER_SHARES":16000,"TOTAL_MARKET_CAP":320402770.535,"HKSK_MARKET_CAP":320402770.535,"PE_TTM":-9.705351544392,"PB_TTM":2.950030112651,"REPORT_DATE_SQ":"2022-12-31 00:00:00","REPORT_TYPE_SQ":"2022年年报","OPERATE_INCOME_SQ":979023.92,"DPS_HKD":null,"OPERATE_INCOME_QOQ_SQ":-81.429215206371,"NET_PROFIT_RATIO_SQ":-10678.4671532847,"HOLDER_PROFIT_SQ":-104544747.72,"HOLDER_PROFIT_QOQ_SQ":11.796325822349,"ROE_AVG_SQ":-75.170043996275,"PE_TTM_SQ":-0.966433558118,"PB_TTM_SQ":0.950062254771,"ROA_SQ":-65.123292778268,"START_DATE":"2023-01-01 00:00:00","FISCAL_YEAR":"12-31","CURRENCY":"HKD","IS_CNY_CODE":0,"DPS_HKD_LY":null,"ORG_TYPE":"证券","PREMIUM_INCOME":null,"PREMIUM_INCOME_YOY":null,"NET_INTEREST_INCOME":null,"NET_INTEREST_INCOME_YOY":null,"FEE_COMMISSION_INCOME":null,"FEE_COMMISSION_INCOME_YOY":null,"ACCOUNTS_RECE_TDAYS":null,"INVENTORY_TDAYS":null,"CURRENT_ASSETS_TDAYS":0.001848811998,"TOTAL_ASSETS_TDAYS":0.001709445984,"PREMIUM_EXPENSE":null,"LOAN_DEPOSIT":null,"LOAN_EQUITY":null,"LOAN_ASSETS":null,"DEPOSIT_EQUITY":null,"DEPOSIT_ASSETS":null,"EQUITY_MULTIPLIER":1.164865128056,"EQUITY_RATIO":0.164865128055},{"SECUCODE":"00905.HK","SECURITY_CODE":"00905","SECURITY_NAME_ABBR":"胡桃资本","ORG_CODE":"10009153","STD_REPORT_DATE":"2023-06-30 00:00:00","REPORT_DATE":"2023-06-30 00:00:00","DATE_TYPE_CODE":"002","REPORT_TYPE":"2023年中报","PER_NETCASH_OPERATE":0.000473935059,"PER_OI":0.000215903749,"BPS":0.075694450204,"BASIC_EPS":-0.012999918,"DILUTED_EPS":-0.012999918,"OPERATE_INCOME":151204.72,"OPERATE_INCOME_YOY":-78.3355350066,"GROSS_PROFIT":null,"GROSS_PROFIT_YOY":null,"HOLDER_PROFIT":-10078163.38,"HOLDER_PROFIT_YOY":74.6862118475,"GROSS_PROFIT_RATIO":null,"EPS_TTM":-0.110938644761,"OPERATE_INCOME_QOQ":-50.680488991525,"NET_PROFIT_RATIO":-6665.243902439,"ROE_AVG":-11.918897848143,"GROSS_PROFIT_QOQ":null,"ROA":-10.597291297056,"HOLDER_PROFIT_QOQ":25.683405226548,"ROE_YEARLY":-23.837795696287,"ROIC_YEARLY":-21.578033084607,"TOTAL_ASSETS":89420074.26,"TOTAL_LIABILITIES":9902987.18,"TAX_EBT":null,"OCF_SALES":219.512195121951,"TOTAL_PARENT_EQUITY":79517087.08,"DEBT_ASSET_RATIO":11.0746801118,"OPERATE_PROFIT":-9985965.38,"PRETAX_PROFIT":-10078163.38,"NETCASH_OPERATE":331912.8,"NETCASH_INVEST":151204.72,"NETCASH_FINANCE":-1012334.04,"END_CASH":1425381.08,"DIVI_RATIO":null,"DIVIDEND_RATE":null,"CURRENT_RATIO":8.352388045806,"COMMON_ACS":100000000000,"CURRENTDEBT_DEBT":100,"ISSUED_COMMON_SHARES":1050500887,"HK_COMMON_SHARES":1050500887,"PER_SHARES":16000,"TOTAL_MARKET_CAP":320402770.535,"HKSK_MARKET_CAP":320402770.535,"PE_TTM":-9.705351544392,"PB_TTM":2.950030112651,"REPORT_DATE_SQ":"2022-06-30 00:00:00","REPORT_TYPE_SQ":"2022年中报","OPERATE_INCOME_SQ":647378.83,"DPS_HKD":null,"OPERATE_INCOME_QOQ_SQ":-1.377218589322,"NET_PROFIT_RATIO_SQ":-5098.2290436836,"HOLDER_PROFIT_SQ":-36928814.58,"HOLDER_PROFIT_QOQ_SQ":-126.407681827531,"ROE_AVG_SQ":-22.418000020766,"PE_TTM_SQ":-0.966433558118,"PB_TTM_SQ":0.950062254771,"ROA_SQ":-19.377594291997,"START_DATE":"2023-01-01 00:00:00","FISCAL_YEAR":"12-31","CURRENCY":"HKD","IS_CNY_CODE":0,"DPS_HKD_LY":null,"ORG_TYPE":"证券","PREMIUM_INCOME":null,"PREMIUM_INCOME_YOY":null,"NET_INTEREST_INCOME":null,"NET_INTEREST_INCOME_YOY":null,"FEE_COMMISSION_INCOME":null,"FEE_COMMISSION_INCOME_YOY":null,"ACCOUNTS_RECE_TDAYS":null,"INVENTORY_TDAYS":null,"CURRENT_ASSETS_TDAYS":0.001711006781,"TOTAL_ASSETS_TDAYS":0.00158993301,"PREMIUM_EXPENSE":null,"LOAN_DEPOSIT":null,"LOAN_EQUITY":null,"LOAN_ASSETS":null,"DEPOSIT_EQUITY":null,"DEPOSIT_ASSETS":null,"EQUITY_MULTIPLIER":1.124539109061,"EQUITY_RATIO":0.12453910906},{"SECUCODE":"00905.HK","SECURITY_CODE":"00905","SECURITY_NAME_ABBR":"胡桃资本","ORG_CODE":"10009153","STD_REPORT_DATE":"2022-12-31 00:00:00","REPORT_DATE":"2022-12-31 00:00:00","DATE_TYPE_CODE":"001","REPORT_TYPE":"2022年年报","PER_NETCASH_OPERATE":0.031308215463,"PER_OI":0.001397938733,"BPS":0.082632294617,"BASIC_EPS":-0.149265417,"DILUTED_EPS":-0.149265417,"OPERATE_INCOME":979023.92,"OPERATE_INCOME_YOY":-83.464091732,"GROSS_PROFIT":null,"GROSS_PROFIT_YOY":null,"HOLDER_PROFIT":-104544747.72,"HOLDER_PROFIT_YOY":-82.7830704357,"GROSS_PROFIT_RATIO":null,"EPS_TTM":-0.149278428458,"OPERATE_INCOME_QOQ":-81.429215206371,"NET_PROFIT_RATIO":-10678.4671532847,"ROE_AVG":-75.170043996275,"GROSS_PROFIT_QOQ":null,"ROA":-65.123292778268,"HOLDER_PROFIT_QOQ":11.796325822349,"ROE_YEARLY":-75.170043996275,"ROIC_YEARLY":-65.947292203145,"TOTAL_ASSETS":97644236.97,"TOTAL_LIABILITIES":10838938.18,"TAX_EBT":null,"OCF_SALES":2239.59854014599,"TOTAL_PARENT_EQUITY":86805298.79,"DEBT_ASSET_RATIO":11.1004381993,"OPERATE_PROFIT":-103863182.71,"PRETAX_PROFIT":-104544747.72,"NETCASH_OPERATE":21926205.42,"NETCASH_INVEST":649407.29,"NETCASH_FINANCE":-22799823.48,"END_CASH":1893732.4,"DIVI_RATIO":null,"DIVIDEND_RATE":null,"CURRENT_RATIO":8.40506016153,"COMMON_ACS":100000000000,"CURRENTDEBT_DEBT":100,"ISSUED_COMMON_SHARES":1050500887,"HK_COMMON_SHARES":1050500887,"PER_SHARES":16000,"TOTAL_MARKET_CAP":320402770.535,"HKSK_MARKET_CAP":320402770.535,"PE_TTM":-9.705351544392,"PB_TTM":2.950030112651,"REPORT_DATE_SQ":"2021-12-31 00:00:00","REPORT_TYPE_SQ":"2021年年报","OPERATE_INCOME_SQ":5419052.8,"DPS_HKD":null,"OPERATE_INCOME_QOQ_SQ":33.508693173768,"NET_PROFIT_RATIO_SQ":-979.3514836341,"HOLDER_PROFIT_SQ":-52350928,"HOLDER_PROFIT_QOQ_SQ":-193.009398785098,"ROE_AVG_SQ":-26.004353688451,"PE_TTM_SQ":-0.966433558118,"PB_TTM_SQ":0.950062254771,"ROA_SQ":-22.466824328592,"START_DATE":"2022-01-01 00:00:00","FISCAL_YEAR":"12-31","CURRENCY":"HKD","IS_CNY_CODE":0,"DPS_HKD_LY":null,"ORG_TYPE":"证券","PREMIUM_INCOME":null,"PREMIUM_INCOME_YOY":null,"NET_INTEREST_INCOME":null,"NET_INTEREST_INCOME_YOY":null,"FEE_COMMISSION_INCOME":null,"FEE_COMMISSION_INCOME_YOY":null,"ACCOUNTS_RECE_TDAYS":null,"INVENTORY_TDAYS":null,"CURRENT_ASSETS_TDAYS":0.006359005303,"TOTAL_ASSETS_TDAYS":0.006098561886,"PREMIUM_EXPENSE":null,"LOAN_DEPOSIT":null,"LOAN_EQUITY":null,"LOAN_ASSETS":null,"DEPOSIT_EQUITY":null,"DEPOSIT_ASSETS":null,"EQUITY_MULTIPLIER":1.124864937177,"EQUITY_RATIO":0.124864937176},{"SECUCODE":"00905.HK","SECURITY_CODE":"00905","SECURITY_NAME_ABBR":"胡桃资本","ORG_CODE":"10009153","STD_REPORT_DATE":"2022-06-30 00:00:00","REPORT_DATE":"2022-06-30 00:00:00","DATE_TYPE_CODE":"002","REPORT_TYPE":"2022年中报","PER_NETCASH_OPERATE":0.01525053625,"PER_OI":0.000924385935,"BPS":0.139232629596,"BASIC_EPS":-0.052765223,"DILUTED_EPS":-0.052765223,"OPERATE_INCOME":647378.83,"OPERATE_INCOME_YOY":-11.6788321168,"GROSS_PROFIT":null,"GROSS_PROFIT_YOY":null,"HOLDER_PROFIT":-36928814.58,"HOLDER_PROFIT_YOY":-222.8541352528,"GROSS_PROFIT_RATIO":null,"EPS_TTM":-0.169242868679,"OPERATE_INCOME_QOQ":-1.377218589322,"NET_PROFIT_RATIO":-5098.2290436836,"ROE_AVG":-22.418000020766,"GROSS_PROFIT_QOQ":null,"ROA":-19.377594291997,"HOLDER_PROFIT_QOQ":-126.407681827531,"ROE_YEARLY":-44.836000041532,"ROIC_YEARLY":-39.295212312172,"TOTAL_ASSETS":167251218.68,"TOTAL_LIABILITIES":20987217.79,"TAX_EBT":null,"OCF_SALES":1474.49822904368,"TOTAL_PARENT_EQUITY":146264000.89,"DEBT_ASSET_RATIO":12.5483198004,"OPERATE_PROFIT":-36671402.39,"PRETAX_PROFIT":-36928814.58,"NETCASH_OPERATE":10680467.91,"NETCASH_INVEST":621723.13,"NETCASH_FINANCE":-10119463.27,"END_CASH":3210383.26,"DIVI_RATIO":null,"DIVIDEND_RATE":null,"CURRENT_RATIO":7.668636159896,"COMMON_ACS":100000000000,"CURRENTDEBT_DEBT":100,"ISSUED_COMMON_SHARES":1050500887,"HK_COMMON_SHARES":1050500887,"PER_SHARES":16000,"TOTAL_MARKET_CAP":320402770.535,"HKSK_MARKET_CAP":320402770.535,"PE_TTM":-9.705351544392,"PB_TTM":2.950030112651,"REPORT_DATE_SQ":"2021-06-30 00:00:00","REPORT_TYPE_SQ":"2021年中报","OPERATE_INCOME_SQ":797964.72,"DPS_HKD":null,"OPERATE_INCOME_QOQ_SQ":-28.954849032585,"NET_PROFIT_RATIO_SQ":3665.1720542231,"HOLDER_PROFIT_SQ":29246779.92,"HOLDER_PROFIT_QOQ_SQ":455.875570246814,"ROE_AVG_SQ":11.881988050065,"PE_TTM_SQ":-0.966433558118,"PB_TTM_SQ":0.950062254771,"ROA_SQ":10.447392981768,"START_DATE":"2022-01-01 00:00:00","FISCAL_YEAR":"12-31","CURRENCY":"HKD","IS_CNY_CODE":0,"DPS_HKD_LY":null,"ORG_TYPE":"证券","PREMIUM_INCOME":null,"PREMIUM_INCOME_YOY":null,"NET_INTEREST_INCOME":null,"NET_INTEREST_INCOME_YOY":null,"FEE_COMMISSION_INCOME":null,"FEE_COMMISSION_INCOME_YOY":null,"ACCOUNTS_RECE_TDAYS":null,"INVENTORY_TDAYS":null,"CURRENT_ASSETS_TDAYS":0.003931151475,"TOTAL_ASSETS_TDAYS":0.003800848123,"PREMIUM_EXPENSE":null,"LOAN_DEPOSIT":null,"LOAN_EQUITY":null,"LOAN_ASSETS":null,"DEPOSIT_EQUITY":null,"DEPOSIT_ASSETS":null,"EQUITY_MULTIPLIER":1.143488607329,"EQUITY_RATIO":0.143488607328},{"SECUCODE":"00905.HK","SECURITY_CODE":"00905","SECURITY_NAME_ABBR":"胡桃资本","ORG_CODE":"10009153","STD_REPORT_DATE":"2021-12-31 00:00:00","REPORT_DATE":"2021-12-31 00:00:00","DATE_TYPE_CODE":"001","REPORT_TYPE":"2021年年报","PER_NETCASH_OPERATE":0.001447629429,"PER_OI":0.007737812787,"BPS":0.166720990879,"BASIC_EPS":-0.07472864,"DILUTED_EPS":-0.07472864,"OPERATE_INCOME":5419052.8,"OPERATE_INCOME_YOY":-2.3596176822,"GROSS_PROFIT":null,"GROSS_PROFIT_YOY":null,"HOLDER_PROFIT":-52350928,"HOLDER_PROFIT_YOY":-240.730097914,"GROSS_PROFIT_RATIO":null,"EPS_TTM":-0.074751380922,"OPERATE_INCOME_QOQ":33.508693173768,"NET_PROFIT_RATIO":-979.3514836341,"ROE_AVG":-26.004353688451,"GROSS_PROFIT_QOQ":null,"ROA":-22.466824328592,"HOLDER_PROFIT_QOQ":-193.009398785098,"ROE_YEARLY":-26.004353688451,"ROIC_YEARLY":-22.667733439067,"TOTAL_ASSETS":204496476.8,"TOTAL_LIABILITIES":29355928,"TAX_EBT":null,"OCF_SALES":18.966044661976,"TOTAL_PARENT_EQUITY":175140548.8,"DEBT_ASSET_RATIO":14.3552243341,"OPERATE_PROFIT":-51543139.2,"PRETAX_PROFIT":-52350928,"NETCASH_OPERATE":1013824,"NETCASH_INVEST":4223721.6,"NETCASH_FINANCE":-5491001.6,"END_CASH":1938529.6,"DIVI_RATIO":null,"DIVIDEND_RATE":null,"CURRENT_RATIO":6.760089124077,"COMMON_ACS":100000000000,"CURRENTDEBT_DEBT":100,"ISSUED_COMMON_SHARES":1050500887,"HK_COMMON_SHARES":1050500887,"PER_SHARES":16000,"TOTAL_MARKET_CAP":320402770.535,"HKSK_MARKET_CAP":320402770.535,"PE_TTM":-9.705351544392,"PB_TTM":2.950030112651,"REPORT_DATE_SQ":"2020-12-31 00:00:00","REPORT_TYPE_SQ":"2020年年报","OPERATE_INCOME_SQ":5635621.44,"DPS_HKD":null,"OPERATE_INCOME_QOQ_SQ":-9.947543285296,"NET_PROFIT_RATIO_SQ":-280.6451612903,"HOLDER_PROFIT_SQ":-15816098.88,"HOLDER_PROFIT_QOQ_SQ":85.953142157175,"ROE_AVG_SQ":-6.533234597774,"PE_TTM_SQ":-0.966433558118,"PB_TTM_SQ":0.950062254771,"ROA_SQ":-5.699588726995,"START_DATE":"2021-01-01 00:00:00","FISCAL_YEAR":"12-31","CURRENCY":"HKD","IS_CNY_CODE":0,"DPS_HKD_LY":null,"ORG_TYPE":"证券","PREMIUM_INCOME":null,"PREMIUM_INCOME_YOY":null,"NET_INTEREST_INCOME":null,"NET_INTEREST_INCOME_YOY":null,"FEE_COMMISSION_INCOME":null,"FEE_COMMISSION_INCOME_YOY":null,"ACCOUNTS_RECE_TDAYS":null,"INVENTORY_TDAYS":null,"CURRENT_ASSETS_TDAYS":0.023663242168,"TOTAL_ASSETS_TDAYS":0.022940511863,"PREMIUM_EXPENSE":null,"LOAN_DEPOSIT":null,"LOAN_EQUITY":null,"LOAN_ASSETS":null,"DEPOSIT_EQUITY":null,"DEPOSIT_ASSETS":null,"EQUITY_MULTIPLIER":1.167613543529,"EQUITY_RATIO":0.167613543529},{"SECUCODE":"00905.HK","SECURITY_CODE":"00905","SECURITY_NAME_ABBR":"胡桃资本","ORG_CODE":"10009153","STD_REPORT_DATE":"2021-06-30 00:00:00","REPORT_DATE":"2021-06-30 00:00:00","DATE_TYPE_CODE":"002","REPORT_TYPE":"2021年中报","PER_NETCASH_OPERATE":0.001917623968,"PER_OI":0.001139406063,"BPS":0.24823131383,"BASIC_EPS":0.041770416,"DILUTED_EPS":0.041770416,"OPERATE_INCOME":797964.72,"OPERATE_INCOME_YOY":-63.9473684211,"GROSS_PROFIT":null,"GROSS_PROFIT_YOY":null,"HOLDER_PROFIT":29246779.92,"HOLDER_PROFIT_YOY":174.9190041777,"GROSS_PROFIT_RATIO":null,"EPS_TTM":0.080369706608,"OPERATE_INCOME_QOQ":-28.954849032585,"NET_PROFIT_RATIO":3665.1720542231,"ROE_AVG":11.881988050065,"GROSS_PROFIT_QOQ":null,"ROA":10.447392981768,"HOLDER_PROFIT_QOQ":455.875570246814,"ROE_YEARLY":23.763976100129,"ROIC_YEARLY":21.047651982293,"TOTAL_ASSETS":293722575.84,"TOTAL_LIABILITIES":32955360.48,"TAX_EBT":null,"OCF_SALES":168.30031282586,"TOTAL_PARENT_EQUITY":260767215.36,"DEBT_ASSET_RATIO":11.2198935971,"OPERATE_PROFIT":-7790765.04,"PRETAX_PROFIT":29246779.92,"NETCASH_OPERATE":1342977.12,"NETCASH_INVEST":792972.24,"NETCASH_FINANCE":-2531187.36,"END_CASH":1835568.48,"DIVI_RATIO":null,"DIVIDEND_RATE":null,"CURRENT_RATIO":8.720850376206,"COMMON_ACS":100000000000,"CURRENTDEBT_DEBT":100,"ISSUED_COMMON_SHARES":1050500887,"HK_COMMON_SHARES":1050500887,"PER_SHARES":16000,"TOTAL_MARKET_CAP":320402770.535,"HKSK_MARKET_CAP":320402770.535,"PE_TTM":-9.705351544392,"PB_TTM":2.950030112651,"REPORT_DATE_SQ":"2020-06-30 00:00:00","REPORT_TYPE_SQ":"2020年中报","OPERATE_INCOME_SQ":2429750.4,"DPS_HKD":null,"OPERATE_INCOME_QOQ_SQ":13.156175481359,"NET_PROFIT_RATIO_SQ":-1763.7593984962,"HOLDER_PROFIT_SQ":-42854951.04,"HOLDER_PROFIT_QOQ_SQ":-37.680308184881,"ROE_AVG_SQ":-17.149227816869,"PE_TTM_SQ":-0.966433558118,"PB_TTM_SQ":0.950062254771,"ROA_SQ":-15.064121088357,"START_DATE":"2021-01-01 00:00:00","FISCAL_YEAR":"12-31","CURRENCY":"HKD","IS_CNY_CODE":0,"DPS_HKD_LY":null,"ORG_TYPE":"证券","PREMIUM_INCOME":null,"PREMIUM_INCOME_YOY":null,"NET_INTEREST_INCOME":null,"NET_INTEREST_INCOME_YOY":null,"FEE_COMMISSION_INCOME":null,"FEE_COMMISSION_INCOME_YOY":null,"ACCOUNTS_RECE_TDAYS":null,"INVENTORY_TDAYS":null,"CURRENT_ASSETS_TDAYS":0.002927064511,"TOTAL_ASSETS_TDAYS":0.0028504509,"PREMIUM_EXPENSE":null,"LOAN_DEPOSIT":null,"LOAN_EQUITY":null,"LOAN_ASSETS":null,"DEPOSIT_EQUITY":null,"DEPOSIT_ASSETS":null,"EQUITY_MULTIPLIER":1.126378465308,"EQUITY_RATIO":0.126378465309},{"SECUCODE":"00905.HK","SECURITY_CODE":"00905","SECURITY_NAME_ABBR":"胡桃资本","ORG_CODE":"10009153","STD_REPORT_DATE":"2020-12-31 00:00:00","REPORT_DATE":"2020-12-31 00:00:00","DATE_TYPE_CODE":"001","REPORT_TYPE":"2020年年报","PER_NETCASH_OPERATE":-0.03749160528,"PER_OI":0.008047049042,"BPS":0.222922647109,"BASIC_EPS":-0.022555952,"DILUTED_EPS":-0.022555952,"OPERATE_INCOME":5635621.44,"OPERATE_INCOME_YOY":8.4548104956,"GROSS_PROFIT":null,"GROSS_PROFIT_YOY":null,"HOLDER_PROFIT":-15816098.88,"HOLDER_PROFIT_YOY":79.416178323,"GROSS_PROFIT_RATIO":null,"EPS_TTM":-0.022583653762,"OPERATE_INCOME_QOQ":-9.947543285296,"NET_PROFIT_RATIO":-280.6451612903,"ROE_AVG":-6.533234597774,"GROSS_PROFIT_QOQ":null,"ROA":-5.699588726995,"HOLDER_PROFIT_QOQ":85.953142157175,"ROE_YEARLY":-6.533234597774,"ROIC_YEARLY":-5.756665104353,"TOTAL_ASSETS":269222119.92,"TOTAL_LIABILITIES":35041681.4,"TAX_EBT":null,"OCF_SALES":-465.905017921147,"TOTAL_PARENT_EQUITY":234180438.52,"DEBT_ASSET_RATIO":13.0158998118,"OPERATE_PROFIT":-15244625.32,"PRETAX_PROFIT":-15816098.88,"NETCASH_OPERATE":-26256643.08,"NETCASH_INVEST":5038898.68,"NETCASH_FINANCE":20227975.76,"END_CASH":2256436.84,"DIVI_RATIO":null,"DIVIDEND_RATE":null,"CURRENT_RATIO":7.442440254593,"COMMON_ACS":100000000000,"CURRENTDEBT_DEBT":100,"ISSUED_COMMON_SHARES":1050500887,"HK_COMMON_SHARES":1050500887,"PER_SHARES":16000,"TOTAL_MARKET_CAP":320402770.535,"HKSK_MARKET_CAP":320402770.535,"PE_TTM":-9.705351544392,"PB_TTM":2.950030112651,"REPORT_DATE_SQ":"2019-12-31 00:00:00","REPORT_TYPE_SQ":"2019年年报","OPERATE_INCOME_SQ":5530545.72,"DPS_HKD":null,"OPERATE_INCOME_QOQ_SQ":58.749053448115,"NET_PROFIT_RATIO_SQ":-1478.7010042112,"HOLDER_PROFIT_SQ":-81780235.1,"HOLDER_PROFIT_QOQ_SQ":6.895947898818,"ROE_AVG_SQ":-26.641628584269,"PE_TTM_SQ":-0.966433558118,"PB_TTM_SQ":0.950062254771,"ROA_SQ":-24.048162177255,"START_DATE":"2020-01-01 00:00:00","FISCAL_YEAR":"12-31","CURRENCY":"HKD","IS_CNY_CODE":0,"DPS_HKD_LY":null,"ORG_TYPE":"证券","PREMIUM_INCOME":null,"PREMIUM_INCOME_YOY":null,"NET_INTEREST_INCOME":null,"NET_INTEREST_INCOME_YOY":null,"FEE_COMMISSION_INCOME":null,"FEE_COMMISSION_INCOME_YOY":null,"ACCOUNTS_RECE_TDAYS":null,"INVENTORY_TDAYS":null,"CURRENT_ASSETS_TDAYS":0.021110541872,"TOTAL_ASSETS_TDAYS":0.020308879372,"PREMIUM_EXPENSE":null,"LOAN_DEPOSIT":null,"LOAN_EQUITY":null,"LOAN_ASSETS":null,"DEPOSIT_EQUITY":null,"DEPOSIT_ASSETS":null,"EQUITY_MULTIPLIER":1.149635390648,"EQUITY_RATIO":0.149635390648},{"SECUCODE":"00905.HK","SECURITY_CODE":"00905","SECURITY_NAME_ABBR":"胡桃资本","ORG_CODE":"10009153","STD_REPORT_DATE":"2020-06-30 00:00:00","REPORT_DATE":"2020-06-30 00:00:00","DATE_TYPE_CODE":"002","REPORT_TYPE":"2020年中报","PER_NETCASH_OPERATE":-0.002114257481,"PER_OI":0.003469416964,"BPS":0.217485489244,"BASIC_EPS":-0.06120048,"DILUTED_EPS":-0.06120048,"OPERATE_INCOME":2429750.4,"OPERATE_INCOME_YOY":37.4677002584,"GROSS_PROFIT":null,"GROSS_PROFIT_YOY":null,"HOLDER_PROFIT":-42854951.04,"HOLDER_PROFIT_YOY":-242.7778183678,"GROSS_PROFIT_RATIO":null,"EPS_TTM":-0.160773704801,"OPERATE_INCOME_QOQ":13.156175481359,"NET_PROFIT_RATIO":-1763.7593984962,"ROE_AVG":-17.149227816869,"GROSS_PROFIT_QOQ":null,"ROA":-15.064121088357,"HOLDER_PROFIT_QOQ":-37.680308184881,"ROE_YEARLY":-34.298455633739,"ROIC_YEARLY":-30.444671566003,"TOTAL_ASSETS":258819570.24,"TOTAL_LIABILITIES":30350870.88,"TAX_EBT":null,"OCF_SALES":-60.93984962406,"TOTAL_PARENT_EQUITY":228468699.36,"DEBT_ASSET_RATIO":11.7266522203,"OPERATE_PROFIT":-6416002.56,"PRETAX_PROFIT":-42854951.04,"NETCASH_OPERATE":-1480686.24,"NETCASH_INVEST":2237014.56,"NETCASH_FINANCE":-1888993.92,"END_CASH":2390472.48,"DIVI_RATIO":null,"DIVIDEND_RATE":null,"CURRENT_RATIO":8.422250551911,"COMMON_ACS":100000000000,"CURRENTDEBT_DEBT":96.791765732687,"ISSUED_COMMON_SHARES":1050500887,"HK_COMMON_SHARES":1050500887,"PER_SHARES":16000,"TOTAL_MARKET_CAP":320402770.535,"HKSK_MARKET_CAP":320402770.535,"PE_TTM":-9.705351544392,"PB_TTM":2.950030112651,"REPORT_DATE_SQ":"2019-06-30 00:00:00","REPORT_TYPE_SQ":"2019年中报","OPERATE_INCOME_SQ":1702142.1,"DPS_HKD":null,"OPERATE_INCOME_QOQ_SQ":10.507673174082,"NET_PROFIT_RATIO_SQ":-707.338501292,"HOLDER_PROFIT_SQ":-12039906.42,"HOLDER_PROFIT_QOQ_SQ":29.01426392768,"ROE_AVG_SQ":-3.587854194764,"PE_TTM_SQ":-0.966433558118,"PB_TTM_SQ":0.950062254771,"ROA_SQ":-3.276996856362,"START_DATE":"2020-01-01 00:00:00","FISCAL_YEAR":"12-31","CURRENCY":"HKD","IS_CNY_CODE":0,"DPS_HKD_LY":null,"ORG_TYPE":"证券","PREMIUM_INCOME":null,"PREMIUM_INCOME_YOY":null,"NET_INTEREST_INCOME":null,"NET_INTEREST_INCOME_YOY":null,"FEE_COMMISSION_INCOME":null,"FEE_COMMISSION_INCOME_YOY":null,"ACCOUNTS_RECE_TDAYS":null,"INVENTORY_TDAYS":null,"CURRENT_ASSETS_TDAYS":0.008935514808,"TOTAL_ASSETS_TDAYS":0.008540916126,"PREMIUM_EXPENSE":null,"LOAN_DEPOSIT":null,"LOAN_EQUITY":null,"LOAN_ASSETS":null,"DEPOSIT_EQUITY":null,"DEPOSIT_ASSETS":null,"EQUITY_MULTIPLIER":1.132844765892,"EQUITY_RATIO":0.132844765891}],"count":47},"success":true,"message":"ok","code":0}