{"version":"a248879b56f06b0c8ed73d113f81addc","result":{"pages":2,"data":[{"SECUCODE":"00909.HK","SECURITY_CODE":"00909","SECURITY_NAME_ABBR":"明源云","ORG_CODE":"10000101953","STD_REPORT_DATE":"2024-06-30 00:00:00","REPORT_DATE":"2024-06-30 00:00:00","DATE_TYPE_CODE":"002","REPORT_TYPE":"2024年中报","PER_NETCASH_OPERATE":-0.084000583178,"PER_OI":0.36762909675,"BPS":2.449492071477,"BASIC_EPS":-0.06,"DILUTED_EPS":-0.06,"OPERATE_INCOME":720106000,"OPERATE_INCOME_YOY":-5.5400477477,"GROSS_PROFIT":577696000,"GROSS_PROFIT_YOY":-5.104079058032,"HOLDER_PROFIT":-115369000,"HOLDER_PROFIT_YOY":64.3178359788,"GROSS_PROFIT_RATIO":80.223744837566,"EPS_TTM":-0.192812988131,"OPERATE_INCOME_QOQ":-2.575803040172,"NET_PROFIT_RATIO":-16.0211135583,"ROE_AVG":-2.387277400024,"GROSS_PROFIT_QOQ":-2.38423544018,"ROA":-2.013955187756,"HOLDER_PROFIT_QOQ":35.509379578371,"ROE_YEARLY":-4.774554800048,"ROIC_YEARLY":-11.496744744793,"TOTAL_ASSETS":5604740000,"TOTAL_LIABILITIES":873377000,"TAX_EBT":0.789426161136,"OCF_SALES":-22.849274967852,"TOTAL_PARENT_EQUITY":4731363000,"DEBT_ASSET_RATIO":15.5828281062,"OPERATE_PROFIT":-210434000,"PRETAX_PROFIT":-116287000,"NETCASH_OPERATE":-164539000,"NETCASH_INVEST":-1320169000,"NETCASH_FINANCE":-54728000,"END_CASH":2451619000,"DIVI_RATIO":-0.46999945843,"DIVIDEND_RATE":2.583979328165,"CURRENT_RATIO":5.428868703091,"COMMON_ACS":3800000000,"CURRENTDEBT_DEBT":90.402426443563,"ISSUED_COMMON_SHARES":1931569020,"HK_COMMON_SHARES":1931569020,"PER_SHARES":1000,"TOTAL_MARKET_CAP":7475172107.4,"HKSK_MARKET_CAP":7475172107.4,"PE_TTM":-17.715329054672,"PB_TTM":1.441960821645,"REPORT_DATE_SQ":"2023-06-30 00:00:00","REPORT_TYPE_SQ":"2023年中报","OPERATE_INCOME_SQ":762340000,"DPS_HKD":0.1,"OPERATE_INCOME_QOQ_SQ":-6.545794686837,"NET_PROFIT_RATIO_SQ":-42.5968727864,"HOLDER_PROFIT_SQ":-323324000,"HOLDER_PROFIT_QOQ_SQ":20.640602389803,"ROE_AVG_SQ":-6.358913259199,"PE_TTM_SQ":-4.392731001239,"PB_TTM_SQ":0.788217276159,"ROA_SQ":-5.333010484451,"START_DATE":"2024-01-01 00:00:00","FISCAL_YEAR":"12-31","CURRENCY":"HKD","IS_CNY_CODE":0,"DPS_HKD_LY":0.1,"ORG_TYPE":"一般企业","PREMIUM_INCOME":null,"PREMIUM_INCOME_YOY":null,"NET_INTEREST_INCOME":null,"NET_INTEREST_INCOME_YOY":null,"FEE_COMMISSION_INCOME":null,"FEE_COMMISSION_INCOME_YOY":null,"ACCOUNTS_RECE_TDAYS":9.427877534187,"INVENTORY_TDAYS":14.926890624181,"CURRENT_ASSETS_TDAYS":0.159495183456,"TOTAL_ASSETS_TDAYS":0.125706317506,"PREMIUM_EXPENSE":null,"LOAN_DEPOSIT":null,"LOAN_EQUITY":null,"LOAN_ASSETS":null,"DEPOSIT_EQUITY":null,"DEPOSIT_ASSETS":null,"EQUITY_MULTIPLIER":1.184593107736,"EQUITY_RATIO":0.184593107737},{"SECUCODE":"00909.HK","SECURITY_CODE":"00909","SECURITY_NAME_ABBR":"明源云","ORG_CODE":"10000101953","STD_REPORT_DATE":"2023-12-31 00:00:00","REPORT_DATE":"2023-12-31 00:00:00","DATE_TYPE_CODE":"001","REPORT_TYPE":"2023年年报","PER_NETCASH_OPERATE":-0.0715275051,"PER_OI":0.844169644726,"BPS":2.55437778765,"BASIC_EPS":-0.32,"DILUTED_EPS":-0.32,"OPERATE_INCOME":1639644000,"OPERATE_INCOME_YOY":-9.7289794903,"GROSS_PROFIT":1303227000,"GROSS_PROFIT_YOY":-11.904121330766,"HOLDER_PROFIT":-585634000,"HOLDER_PROFIT_YOY":49.2548978831,"GROSS_PROFIT_RATIO":79.482314453625,"EPS_TTM":-0.3015132832,"OPERATE_INCOME_QOQ":-3.406143996154,"NET_PROFIT_RATIO":-35.8030767654,"ROE_AVG":-11.669843505445,"GROSS_PROFIT_QOQ":-5.670577676122,"ROA":-9.73106127795,"HOLDER_PROFIT_QOQ":36.056593617168,"ROE_YEARLY":-11.669843505445,"ROIC_YEARLY":-35.991484476501,"TOTAL_ASSETS":5852218000,"TOTAL_LIABILITIES":918261000,"TAX_EBT":0.403784718275,"OCF_SALES":-8.47311977478,"TOTAL_PARENT_EQUITY":4933957000,"DEBT_ASSET_RATIO":15.6908201301,"OPERATE_PROFIT":-763220000,"PRETAX_PROFIT":-589423000,"NETCASH_OPERATE":-138929000,"NETCASH_INVEST":2543754000,"NETCASH_FINANCE":-76437000,"END_CASH":3972900000,"DIVI_RATIO":-0.300557239264,"DIVIDEND_RATE":3.355704697987,"CURRENT_RATIO":5.957384012348,"COMMON_ACS":3800000000,"CURRENTDEBT_DEBT":86.710314387739,"ISSUED_COMMON_SHARES":1931569020,"HK_COMMON_SHARES":1931569020,"PER_SHARES":1000,"TOTAL_MARKET_CAP":5756075679.6,"HKSK_MARKET_CAP":5756075679.6,"PE_TTM":-13.641261132538,"PB_TTM":1.110347092636,"REPORT_DATE_SQ":"2022-12-31 00:00:00","REPORT_TYPE_SQ":"2022年年报","OPERATE_INCOME_SQ":1816357000,"DPS_HKD":0.1,"OPERATE_INCOME_QOQ_SQ":-13.177172187548,"NET_PROFIT_RATIO_SQ":-63.8207136593,"HOLDER_PROFIT_SQ":-1154070000,"HOLDER_PROFIT_QOQ_SQ":-7.774516514929,"ROE_AVG_SQ":-20.914489482272,"PE_TTM_SQ":-5.791313517329,"PB_TTM_SQ":1.039174346147,"ROA_SQ":-17.54310492907,"START_DATE":"2023-01-01 00:00:00","FISCAL_YEAR":"12-31","CURRENCY":"HKD","IS_CNY_CODE":0,"DPS_HKD_LY":null,"ORG_TYPE":"一般企业","PREMIUM_INCOME":null,"PREMIUM_INCOME_YOY":null,"NET_INTEREST_INCOME":null,"NET_INTEREST_INCOME_YOY":null,"FEE_COMMISSION_INCOME":null,"FEE_COMMISSION_INCOME_YOY":null,"ACCOUNTS_RECE_TDAYS":23.478156278191,"INVENTORY_TDAYS":41.382249830863,"CURRENT_ASSETS_TDAYS":0.330764210038,"TOTAL_ASSETS_TDAYS":0.272447915217,"PREMIUM_EXPENSE":null,"LOAN_DEPOSIT":null,"LOAN_EQUITY":null,"LOAN_ASSETS":null,"DEPOSIT_EQUITY":null,"DEPOSIT_ASSETS":null,"EQUITY_MULTIPLIER":1.186110458604,"EQUITY_RATIO":0.186110458604},{"SECUCODE":"00909.HK","SECURITY_CODE":"00909","SECURITY_NAME_ABBR":"明源云","ORG_CODE":"10000101953","STD_REPORT_DATE":"2023-06-30 00:00:00","REPORT_DATE":"2023-06-30 00:00:00","DATE_TYPE_CODE":"002","REPORT_TYPE":"2023年中报","PER_NETCASH_OPERATE":-0.140641699532,"PER_OI":0.397015419786,"BPS":2.622950020186,"BASIC_EPS":-0.18,"DILUTED_EPS":-0.18,"OPERATE_INCOME":762340000,"OPERATE_INCOME_YOY":-13.4918608544,"GROSS_PROFIT":608768000,"GROSS_PROFIT_YOY":-13.83643347874,"HOLDER_PROFIT":-323324000,"HOLDER_PROFIT_YOY":42.4209883337,"GROSS_PROFIT_RATIO":79.855182726867,"EPS_TTM":-0.476967932172,"OPERATE_INCOME_QOQ":-6.545794686837,"NET_PROFIT_RATIO":-42.5968727864,"ROE_AVG":-6.358913259199,"GROSS_PROFIT_QOQ":-6.608270782409,"ROA":-5.333010484451,"HOLDER_PROFIT_QOQ":20.640602389803,"ROE_YEARLY":-12.717826518397,"ROIC_YEARLY":-36.894465185501,"TOTAL_ASSETS":5941217000,"TOTAL_LIABILITIES":874808000,"TAX_EBT":-0.050528547089,"OCF_SALES":-35.424744864496,"TOTAL_PARENT_EQUITY":5066409000,"DEBT_ASSET_RATIO":14.7243906425,"OPERATE_PROFIT":-403167000,"PRETAX_PROFIT":-324569000,"NETCASH_OPERATE":-270057000,"NETCASH_INVEST":-447079000,"NETCASH_FINANCE":-44192000,"END_CASH":914815000,"DIVI_RATIO":-0.189996001591,"DIVIDEND_RATE":3.355704697987,"CURRENT_RATIO":6.582290407281,"COMMON_ACS":3800000000,"CURRENTDEBT_DEBT":83.108636409361,"ISSUED_COMMON_SHARES":1931569020,"HK_COMMON_SHARES":1931569020,"PER_SHARES":1000,"TOTAL_MARKET_CAP":5756075679.6,"HKSK_MARKET_CAP":5756075679.6,"PE_TTM":-13.641261132538,"PB_TTM":1.110347092636,"REPORT_DATE_SQ":"2022-06-30 00:00:00","REPORT_TYPE_SQ":"2022年中报","OPERATE_INCOME_SQ":881235000,"DPS_HKD":0.1,"OPERATE_INCOME_QOQ_SQ":-4.232704200981,"NET_PROFIT_RATIO_SQ":-63.9769187561,"HOLDER_PROFIT_SQ":-561531000,"HOLDER_PROFIT_QOQ_SQ":-211.300882022897,"ROE_AVG_SQ":-9.831520847057,"PE_TTM_SQ":-5.791313517329,"PB_TTM_SQ":1.039174346147,"ROA_SQ":-8.319910224013,"START_DATE":"2023-01-01 00:00:00","FISCAL_YEAR":"12-31","CURRENCY":"HKD","IS_CNY_CODE":0,"DPS_HKD_LY":null,"ORG_TYPE":"一般企业","PREMIUM_INCOME":null,"PREMIUM_INCOME_YOY":null,"NET_INTEREST_INCOME":null,"NET_INTEREST_INCOME_YOY":null,"FEE_COMMISSION_INCOME":null,"FEE_COMMISSION_INCOME_YOY":null,"ACCOUNTS_RECE_TDAYS":9.536640896695,"INVENTORY_TDAYS":18.787863958894,"CURRENT_ASSETS_TDAYS":0.153135025544,"TOTAL_ASSETS_TDAYS":0.125742821836,"PREMIUM_EXPENSE":null,"LOAN_DEPOSIT":null,"LOAN_EQUITY":null,"LOAN_ASSETS":null,"DEPOSIT_EQUITY":null,"DEPOSIT_ASSETS":null,"EQUITY_MULTIPLIER":1.172668254773,"EQUITY_RATIO":0.172668254774},{"SECUCODE":"00909.HK","SECURITY_CODE":"00909","SECURITY_NAME_ABBR":"明源云","ORG_CODE":"10000101953","STD_REPORT_DATE":"2022-12-31 00:00:00","REPORT_DATE":"2022-12-31 00:00:00","DATE_TYPE_CODE":"001","REPORT_TYPE":"2022年年报","PER_NETCASH_OPERATE":-0.187773888261,"PER_OI":0.926936459393,"BPS":2.641764258572,"BASIC_EPS":-0.62,"DILUTED_EPS":-0.62,"OPERATE_INCOME":1816357000,"OPERATE_INCOME_YOY":-16.8521256678,"GROSS_PROFIT":1479328000,"GROSS_PROFIT_YOY":-15.521472147398,"HOLDER_PROFIT":-1154070000,"HOLDER_PROFIT_YOY":-235.5030205069,"GROSS_PROFIT_RATIO":81.44478205551,"EPS_TTM":-0.588953360871,"OPERATE_INCOME_QOQ":-13.177172187548,"NET_PROFIT_RATIO":-63.8207136593,"ROE_AVG":-20.914489482272,"GROSS_PROFIT_QOQ":-12.149850171207,"ROA":-17.54310492907,"HOLDER_PROFIT_QOQ":-7.774516514929,"ROE_YEARLY":-20.914489482272,"ROIC_YEARLY":-74.889521943116,"TOTAL_ASSETS":6184167000,"TOTAL_LIABILITIES":1089714000,"TAX_EBT":0.808956536769,"OCF_SALES":-20.257471411182,"TOTAL_PARENT_EQUITY":5102750000,"DEBT_ASSET_RATIO":17.6210312561,"OPERATE_PROFIT":-1265677000,"PRETAX_PROFIT":-1168666000,"NETCASH_OPERATE":-367948000,"NETCASH_INVEST":440321000,"NETCASH_FINANCE":-597481000,"END_CASH":1642078000,"DIVI_RATIO":-0.153869569342,"DIVIDEND_RATE":3.355704697987,"CURRENT_RATIO":5.871092162184,"COMMON_ACS":3800000000,"CURRENTDEBT_DEBT":80.822123970143,"ISSUED_COMMON_SHARES":1931569020,"HK_COMMON_SHARES":1931569020,"PER_SHARES":1000,"TOTAL_MARKET_CAP":5756075679.6,"HKSK_MARKET_CAP":5756075679.6,"PE_TTM":-13.641261132538,"PB_TTM":1.110347092636,"REPORT_DATE_SQ":"2021-12-31 00:00:00","REPORT_TYPE_SQ":"2021年年报","OPERATE_INCOME_SQ":2184490000,"DPS_HKD":0.1,"OPERATE_INCOME_QOQ_SQ":8.77531234766,"NET_PROFIT_RATIO_SQ":-22.701774785,"HOLDER_PROFIT_SQ":-343982000,"HOLDER_PROFIT_QOQ_SQ":43.532675607794,"ROE_AVG_SQ":-5.516013150607,"PE_TTM_SQ":-5.791313517329,"PB_TTM_SQ":1.039174346147,"ROA_SQ":-4.762656712932,"START_DATE":"2022-01-01 00:00:00","FISCAL_YEAR":"12-31","CURRENCY":"HKD","IS_CNY_CODE":0,"DPS_HKD_LY":0.068,"ORG_TYPE":"一般企业","PREMIUM_INCOME":null,"PREMIUM_INCOME_YOY":null,"NET_INTEREST_INCOME":null,"NET_INTEREST_INCOME_YOY":null,"FEE_COMMISSION_INCOME":null,"FEE_COMMISSION_INCOME_YOY":null,"ACCOUNTS_RECE_TDAYS":23.729890388409,"INVENTORY_TDAYS":90.344189786892,"CURRENT_ASSETS_TDAYS":0.316313243902,"TOTAL_ASSETS_TDAYS":0.276105794619,"PREMIUM_EXPENSE":null,"LOAN_DEPOSIT":null,"LOAN_EQUITY":null,"LOAN_ASSETS":null,"DEPOSIT_EQUITY":null,"DEPOSIT_ASSETS":null,"EQUITY_MULTIPLIER":1.213902061713,"EQUITY_RATIO":0.213554259958},{"SECUCODE":"00909.HK","SECURITY_CODE":"00909","SECURITY_NAME_ABBR":"明源云","ORG_CODE":"10000101953","STD_REPORT_DATE":"2022-06-30 00:00:00","REPORT_DATE":"2022-06-30 00:00:00","DATE_TYPE_CODE":"002","REPORT_TYPE":"2022年中报","PER_NETCASH_OPERATE":-0.206052348662,"PER_OI":0.446276513344,"BPS":2.842116405449,"BASIC_EPS":-0.3,"DILUTED_EPS":-0.3,"OPERATE_INCOME":881235000,"OPERATE_INCOME_YOY":-9.4960655152,"GROSS_PROFIT":706526000,"GROSS_PROFIT_YOY":-8.686071293327,"HOLDER_PROFIT":-561531000,"HOLDER_PROFIT_YOY":-439.6918442162,"GROSS_PROFIT_RATIO":80.174527793381,"EPS_TTM":-0.542285962022,"OPERATE_INCOME_QOQ":-4.232704200981,"NET_PROFIT_RATIO":-63.9769187561,"ROE_AVG":-9.831520847057,"GROSS_PROFIT_QOQ":-3.837923990751,"ROA":-8.319910224013,"HOLDER_PROFIT_QOQ":-211.300882022897,"ROE_YEARLY":-19.663041694115,"ROIC_YEARLY":-60.565639983843,"TOTAL_ASSETS":6525690000,"TOTAL_LIABILITIES":1041357000,"TAX_EBT":0.630634600301,"OCF_SALES":-46.171452563732,"TOTAL_PARENT_EQUITY":5489744000,"DEBT_ASSET_RATIO":15.9578067607,"OPERATE_PROFIT":-613123000,"PRETAX_PROFIT":-567365000,"NETCASH_OPERATE":-406879000,"NETCASH_INVEST":1029048000,"NETCASH_FINANCE":-338714000,"END_CASH":2375141000,"DIVI_RATIO":-0.16711109331,"DIVIDEND_RATE":3.355704697987,"CURRENT_RATIO":6.704966790634,"COMMON_ACS":3800000000,"CURRENTDEBT_DEBT":78.521678924711,"ISSUED_COMMON_SHARES":1931569020,"HK_COMMON_SHARES":1931569020,"PER_SHARES":1000,"TOTAL_MARKET_CAP":5756075679.6,"HKSK_MARKET_CAP":5756075679.6,"PE_TTM":-13.641261132538,"PB_TTM":1.110347092636,"REPORT_DATE_SQ":"2021-06-30 00:00:00","REPORT_TYPE_SQ":"2021年中报","OPERATE_INCOME_SQ":973698000,"DPS_HKD":0.1,"OPERATE_INCOME_QOQ_SQ":17.767387801154,"NET_PROFIT_RATIO_SQ":19.2581272633,"HOLDER_PROFIT_SQ":165306000,"HOLDER_PROFIT_QOQ_SQ":13.529373355174,"ROE_AVG_SQ":2.533739820575,"PE_TTM_SQ":-5.791313517329,"PB_TTM_SQ":1.039174346147,"ROA_SQ":2.214172790023,"START_DATE":"2022-01-01 00:00:00","FISCAL_YEAR":"12-31","CURRENCY":"HKD","IS_CNY_CODE":0,"DPS_HKD_LY":0.068,"ORG_TYPE":"一般企业","PREMIUM_INCOME":null,"PREMIUM_INCOME_YOY":null,"NET_INTEREST_INCOME":null,"NET_INTEREST_INCOME_YOY":null,"FEE_COMMISSION_INCOME":null,"FEE_COMMISSION_INCOME_YOY":null,"ACCOUNTS_RECE_TDAYS":8.291128224187,"INVENTORY_TDAYS":236.093243243243,"CURRENT_ASSETS_TDAYS":0.149408839559,"TOTAL_ASSETS_TDAYS":0.130567966617,"PREMIUM_EXPENSE":null,"LOAN_DEPOSIT":null,"LOAN_EQUITY":null,"LOAN_ASSETS":null,"DEPOSIT_EQUITY":null,"DEPOSIT_ASSETS":null,"EQUITY_MULTIPLIER":1.189878513942,"EQUITY_RATIO":0.189691359014},{"SECUCODE":"00909.HK","SECURITY_CODE":"00909","SECURITY_NAME_ABBR":"明源云","ORG_CODE":"10000101953","STD_REPORT_DATE":"2021-12-31 00:00:00","REPORT_DATE":"2021-12-31 00:00:00","DATE_TYPE_CODE":"001","REPORT_TYPE":"2021年年报","PER_NETCASH_OPERATE":0.045288160298,"PER_OI":1.109670158263,"BPS":3.071767531248,"BASIC_EPS":-0.18,"DILUTED_EPS":-0.18,"OPERATE_INCOME":2184490000,"OPERATE_INCOME_YOY":28.1018439244,"GROSS_PROFIT":1751129000,"GROSS_PROFIT_YOY":30.708385769585,"HOLDER_PROFIT":-343982000,"HOLDER_PROFIT_YOY":51.1723507485,"GROSS_PROFIT_RATIO":80.161914222542,"EPS_TTM":-0.174734862773,"OPERATE_INCOME_QOQ":8.77531234766,"NET_PROFIT_RATIO":-22.701774785,"ROE_AVG":-5.516013150607,"GROSS_PROFIT_QOQ":10.547444149561,"ROA":-4.762656712932,"HOLDER_PROFIT_QOQ":43.532675607794,"ROE_YEARLY":-5.516013150607,"ROIC_YEARLY":-28.723991006582,"TOTAL_ASSETS":6972797000,"TOTAL_LIABILITIES":1042621000,"TAX_EBT":1.516421277559,"OCF_SALES":4.081227197195,"TOTAL_PARENT_EQUITY":5933331000,"DEBT_ASSET_RATIO":14.9526940193,"OPERATE_PROFIT":-626771000,"PRETAX_PROFIT":-503554000,"NETCASH_OPERATE":89154000,"NETCASH_INVEST":-1961952000,"NETCASH_FINANCE":-816311000,"END_CASH":2017356000,"DIVI_RATIO":-0.518625754253,"DIVIDEND_RATE":3.355704697987,"CURRENT_RATIO":6.656853121563,"COMMON_ACS":3800000000,"CURRENTDEBT_DEBT":90.967954798532,"ISSUED_COMMON_SHARES":1931569020,"HK_COMMON_SHARES":1931569020,"PER_SHARES":1000,"TOTAL_MARKET_CAP":5756075679.6,"HKSK_MARKET_CAP":5756075679.6,"PE_TTM":-13.641261132538,"PB_TTM":1.110347092636,"REPORT_DATE_SQ":"2020-12-31 00:00:00","REPORT_TYPE_SQ":"2020年年报","OPERATE_INCOME_SQ":1705276000,"DPS_HKD":0.1,"OPERATE_INCOME_QOQ_SQ":17.902925939216,"NET_PROFIT_RATIO_SQ":-39.1842728098,"HOLDER_PROFIT_SQ":-704482000,"HOLDER_PROFIT_QOQ_SQ":-404.418392612534,"ROE_AVG_SQ":-20.703988874518,"PE_TTM_SQ":-5.791313517329,"PB_TTM_SQ":1.039174346147,"ROA_SQ":-16.182239876768,"START_DATE":"2021-01-01 00:00:00","FISCAL_YEAR":"12-31","CURRENCY":"HKD","IS_CNY_CODE":0,"DPS_HKD_LY":0.083,"ORG_TYPE":"一般企业","PREMIUM_INCOME":null,"PREMIUM_INCOME_YOY":null,"NET_INTEREST_INCOME":null,"NET_INTEREST_INCOME_YOY":null,"FEE_COMMISSION_INCOME":null,"FEE_COMMISSION_INCOME_YOY":null,"ACCOUNTS_RECE_TDAYS":39.924883487161,"INVENTORY_TDAYS":749.759515570934,"CURRENT_ASSETS_TDAYS":0.323064938272,"TOTAL_ASSETS_TDAYS":0.302456987948,"PREMIUM_EXPENSE":null,"LOAN_DEPOSIT":null,"LOAN_EQUITY":null,"LOAN_ASSETS":null,"DEPOSIT_EQUITY":null,"DEPOSIT_ASSETS":null,"EQUITY_MULTIPLIER":1.175816198372,"EQUITY_RATIO":0.175722709554},{"SECUCODE":"00909.HK","SECURITY_CODE":"00909","SECURITY_NAME_ABBR":"明源云","ORG_CODE":"10000101953","STD_REPORT_DATE":"2021-06-30 00:00:00","REPORT_DATE":"2021-06-30 00:00:00","DATE_TYPE_CODE":"002","REPORT_TYPE":"2021年中报","PER_NETCASH_OPERATE":0.007174324817,"PER_OI":0.505252837118,"BPS":3.370103233484,"BASIC_EPS":0.09,"DILUTED_EPS":0.09,"OPERATE_INCOME":973698000,"OPERATE_INCOME_YOY":45.1731361308,"GROSS_PROFIT":773733000,"GROSS_PROFIT_YOY":46.151986293995,"HOLDER_PROFIT":165306000,"HOLDER_PROFIT_YOY":136.1716718576,"GROSS_PROFIT_RATIO":79.463344897494,"EPS_TTM":-0.316098904165,"OPERATE_INCOME_QOQ":17.767387801154,"NET_PROFIT_RATIO":19.2581272633,"ROE_AVG":2.533739820575,"GROSS_PROFIT_QOQ":18.237365662428,"ROA":2.214172790023,"HOLDER_PROFIT_QOQ":13.529373355174,"ROE_YEARLY":5.067479641151,"ROIC_YEARLY":31.029031175724,"TOTAL_ASSETS":7459460000,"TOTAL_LIABILITIES":895436000,"TAX_EBT":-0.32690404216,"OCF_SALES":1.419947458041,"TOTAL_PARENT_EQUITY":6509587000,"DEBT_ASSET_RATIO":12.0040324635,"OPERATE_PROFIT":126055000,"PRETAX_PROFIT":186905000,"NETCASH_OPERATE":13826000,"NETCASH_INVEST":-2009727000,"NETCASH_FINANCE":-156137000,"END_CASH":2567827000,"DIVI_RATIO":-0.286688750913,"DIVIDEND_RATE":3.355704697987,"CURRENT_RATIO":8.44540186439,"COMMON_ACS":3800000000,"CURRENTDEBT_DEBT":94.546567258855,"ISSUED_COMMON_SHARES":1931569020,"HK_COMMON_SHARES":1931569020,"PER_SHARES":1000,"TOTAL_MARKET_CAP":5756075679.6,"HKSK_MARKET_CAP":5756075679.6,"PE_TTM":-13.641261132538,"PB_TTM":1.110347092636,"REPORT_DATE_SQ":"2020-06-30 00:00:00","REPORT_TYPE_SQ":"2020年中报","OPERATE_INCOME_SQ":670715000,"DPS_HKD":0.1,"OPERATE_INCOME_QOQ_SQ":9.329204087017,"NET_PROFIT_RATIO_SQ":12.7232878346,"HOLDER_PROFIT_SQ":69994000,"HOLDER_PROFIT_QOQ_SQ":4.696477528751,"ROE_AVG_SQ":23.243434412198,"PE_TTM_SQ":-5.791313517329,"PB_TTM_SQ":1.039174346147,"ROA_SQ":5.447898448695,"START_DATE":"2021-01-01 00:00:00","FISCAL_YEAR":"12-31","CURRENCY":"HKD","IS_CNY_CODE":0,"DPS_HKD_LY":0.083,"ORG_TYPE":"一般企业","PREMIUM_INCOME":null,"PREMIUM_INCOME_YOY":null,"NET_INTEREST_INCOME":null,"NET_INTEREST_INCOME_YOY":null,"FEE_COMMISSION_INCOME":null,"FEE_COMMISSION_INCOME_YOY":null,"ACCOUNTS_RECE_TDAYS":21.255836798847,"INVENTORY_TDAYS":506.882129277567,"CURRENT_ASSETS_TDAYS":0.135614924135,"TOTAL_ASSETS_TDAYS":0.13042089321,"PREMIUM_EXPENSE":null,"LOAN_DEPOSIT":null,"LOAN_EQUITY":null,"LOAN_ASSETS":null,"DEPOSIT_EQUITY":null,"DEPOSIT_ASSETS":null,"EQUITY_MULTIPLIER":1.136415710851,"EQUITY_RATIO":0.13755649936},{"SECUCODE":"00909.HK","SECURITY_CODE":"00909","SECURITY_NAME_ABBR":"明源云","ORG_CODE":"10000101953","STD_REPORT_DATE":"2020-12-31 00:00:00","REPORT_DATE":"2020-12-31 00:00:00","DATE_TYPE_CODE":"001","REPORT_TYPE":"2020年年报","PER_NETCASH_OPERATE":0.210643697744,"PER_OI":0.884869371273,"BPS":3.385223583675,"BASIC_EPS":-0.48,"DILUTED_EPS":-0.48,"OPERATE_INCOME":1705276000,"OPERATE_INCOME_YOY":34.9143847673,"GROSS_PROFIT":1339722000,"GROSS_PROFIT_YOY":34.703776208589,"HOLDER_PROFIT":-704482000,"HOLDER_PROFIT_YOY":-425.5146219637,"GROSS_PROFIT_RATIO":78.563352794504,"EPS_TTM":-0.36555639346,"OPERATE_INCOME_QOQ":17.902925939216,"NET_PROFIT_RATIO":-39.1842728098,"ROE_AVG":-20.703988874518,"GROSS_PROFIT_QOQ":16.805220009922,"ROA":-16.182239876768,"HOLDER_PROFIT_QOQ":-404.418392612534,"ROE_YEARLY":-20.703988874518,"ROIC_YEARLY":-103.046947165332,"TOTAL_ASSETS":7472166000,"TOTAL_LIABILITIES":902630000,"TAX_EBT":-2.78640056854,"OCF_SALES":23.805061468056,"TOTAL_PARENT_EQUITY":6538793000,"DEBT_ASSET_RATIO":12.0798975826,"OPERATE_PROFIT":326456000,"PRETAX_PROFIT":-650086000,"NETCASH_OPERATE":405942000,"NETCASH_INVEST":-2051103000,"NETCASH_FINANCE":5888596000,"END_CASH":4759384000,"DIVI_RATIO":-0.247901559435,"DIVIDEND_RATE":3.355704697987,"CURRENT_RATIO":8.549003146958,"COMMON_ACS":3800000000,"CURRENTDEBT_DEBT":93.432968104317,"ISSUED_COMMON_SHARES":1931569020,"HK_COMMON_SHARES":1931569020,"PER_SHARES":1000,"TOTAL_MARKET_CAP":5756075679.6,"HKSK_MARKET_CAP":5756075679.6,"PE_TTM":-13.641261132538,"PB_TTM":1.110347092636,"REPORT_DATE_SQ":"2019-12-31 00:00:00","REPORT_TYPE_SQ":"2019年年报","OPERATE_INCOME_SQ":1263969000,"DPS_HKD":0.1,"OPERATE_INCOME_QOQ_SQ":38.472384270291,"NET_PROFIT_RATIO_SQ":18.3271108706,"HOLDER_PROFIT_SQ":216421000,"HOLDER_PROFIT_QOQ_SQ":37.731970572512,"ROE_AVG_SQ":76.065169293601,"PE_TTM_SQ":-5.791313517329,"PB_TTM_SQ":1.039174346147,"ROA_SQ":21.412663312605,"START_DATE":"2020-01-01 00:00:00","FISCAL_YEAR":"12-31","CURRENCY":"HKD","IS_CNY_CODE":0,"DPS_HKD_LY":null,"ORG_TYPE":"一般企业","PREMIUM_INCOME":null,"PREMIUM_INCOME_YOY":null,"NET_INTEREST_INCOME":null,"NET_INTEREST_INCOME_YOY":null,"FEE_COMMISSION_INCOME":null,"FEE_COMMISSION_INCOME_YOY":null,"ACCOUNTS_RECE_TDAYS":67.120995040542,"INVENTORY_TDAYS":1045.93419170243,"CURRENT_ASSETS_TDAYS":0.416006003178,"TOTAL_ASSETS_TDAYS":0.391708876708,"PREMIUM_EXPENSE":null,"LOAN_DEPOSIT":null,"LOAN_EQUITY":null,"LOAN_ASSETS":null,"DEPOSIT_EQUITY":null,"DEPOSIT_ASSETS":null,"EQUITY_MULTIPLIER":1.137396309268,"EQUITY_RATIO":0.138042296185},{"SECUCODE":"00909.HK","SECURITY_CODE":"00909","SECURITY_NAME_ABBR":"明源云","ORG_CODE":"10000101953","STD_REPORT_DATE":"2020-06-30 00:00:00","REPORT_DATE":"2020-06-30 00:00:00","DATE_TYPE_CODE":"002","REPORT_TYPE":"2020年中报","PER_NETCASH_OPERATE":0.032919935613,"PER_OI":0.494078959355,"BPS":0.173840021518,"BASIC_EPS":0.05,"DILUTED_EPS":0.05,"OPERATE_INCOME":670715000,"OPERATE_INCOME_YOY":37.344500302,"GROSS_PROFIT":529403000,"GROSS_PROFIT_YOY":40.424826459346,"HOLDER_PROFIT":69994000,"HOLDER_PROFIT_YOY":27.2710742599,"GROSS_PROFIT_RATIO":78.931140648413,"EPS_TTM":0.170473686581,"OPERATE_INCOME_QOQ":9.329204087017,"NET_PROFIT_RATIO":12.7232878346,"ROE_AVG":23.243434412198,"GROSS_PROFIT_QOQ":9.879857181314,"ROA":5.447898448695,"HOLDER_PROFIT_QOQ":4.696477528751,"ROE_YEARLY":46.486868824396,"ROIC_YEARLY":18.081679363677,"TOTAL_ASSETS":1334890000,"TOTAL_LIABILITIES":984544000,"TAX_EBT":9.260361950535,"OCF_SALES":6.662889602886,"TOTAL_PARENT_EQUITY":335784000,"DEBT_ASSET_RATIO":73.7546913978,"OPERATE_PROFIT":132683000,"PRETAX_PROFIT":94046000,"NETCASH_OPERATE":44689000,"NETCASH_INVEST":-489999000,"NETCASH_FINANCE":-18877000,"END_CASH":269946000,"DIVI_RATIO":0.531589372047,"DIVIDEND_RATE":3.355704697987,"CURRENT_RATIO":1.144404309084,"COMMON_ACS":3800000000,"CURRENTDEBT_DEBT":95.462975753242,"ISSUED_COMMON_SHARES":1931569020,"HK_COMMON_SHARES":1931569020,"PER_SHARES":1000,"TOTAL_MARKET_CAP":5756075679.6,"HKSK_MARKET_CAP":5756075679.6,"PE_TTM":-13.641261132538,"PB_TTM":1.110347092636,"REPORT_DATE_SQ":"2019-06-30 00:00:00","REPORT_TYPE_SQ":"2019年中报","OPERATE_INCOME_SQ":488345000,"DPS_HKD":0.1,"OPERATE_INCOME_QOQ_SQ":0,"NET_PROFIT_RATIO_SQ":12.366667008,"HOLDER_PROFIT_SQ":54996000,"HOLDER_PROFIT_QOQ_SQ":0,"ROE_AVG_SQ":null,"PE_TTM_SQ":-5.791313517329,"PB_TTM_SQ":1.039174346147,"ROA_SQ":null,"START_DATE":"2020-01-01 00:00:00","FISCAL_YEAR":"12-31","CURRENCY":"HKD","IS_CNY_CODE":0,"DPS_HKD_LY":null,"ORG_TYPE":"一般企业","PREMIUM_INCOME":null,"PREMIUM_INCOME_YOY":null,"NET_INTEREST_INCOME":null,"NET_INTEREST_INCOME_YOY":null,"FEE_COMMISSION_INCOME":null,"FEE_COMMISSION_INCOME_YOY":null,"ACCOUNTS_RECE_TDAYS":31.07032010006,"INVENTORY_TDAYS":348.488286066584,"CURRENT_ASSETS_TDAYS":0.649890871742,"TOTAL_ASSETS_TDAYS":0.52204291911,"PREMIUM_EXPENSE":null,"LOAN_DEPOSIT":null,"LOAN_EQUITY":null,"LOAN_ASSETS":null,"DEPOSIT_EQUITY":null,"DEPOSIT_ASSETS":null,"EQUITY_MULTIPLIER":3.810204769001,"EQUITY_RATIO":2.932075381793}],"count":15},"success":true,"message":"ok","code":0}