{"version":"1a59a5c7686f9e76a1ef3e62e766958b","result":{"pages":9,"data":[{"SECUCODE":"00900.HK","SECURITY_CODE":"00900","SECURITY_NAME_ABBR":"AEON CREDIT","ORG_CODE":"10009150","STD_REPORT_DATE":"2024-09-30 00:00:00","REPORT_DATE":"2024-11-30 00:00:00","DATE_TYPE_CODE":"004","REPORT_TYPE":"2024年三季报","PER_NETCASH_OPERATE":0.054815474934,"PER_OI":2.900185219607,"BPS":9.118597812117,"BASIC_EPS":0.60714177,"DILUTED_EPS":null,"OPERATE_INCOME":1214497803.6,"OPERATE_INCOME_YOY":10.3681422346,"GROSS_PROFIT":null,"GROSS_PROFIT_YOY":null,"HOLDER_PROFIT":254259779.85,"HOLDER_PROFIT_YOY":-2.4643683373,"GROSS_PROFIT_RATIO":null,"EPS_TTM":0.802778386381,"OPERATE_INCOME_QOQ":2.420782824864,"NET_PROFIT_RATIO":20.9353840819,"ROE_AVG":6.71264209751,"GROSS_PROFIT_QOQ":null,"ROA":3.560067762415,"HOLDER_PROFIT_QOQ":-2.29347072806,"ROE_YEARLY":8.950189463346,"ROIC_YEARLY":3.681037702668,"TOTAL_ASSETS":7300809594.45,"TOTAL_LIABILITIES":3482254510.5,"TAX_EBT":16.255916385803,"OCF_SALES":1.890068074389,"TOTAL_PARENT_EQUITY":3818555083.95,"DEBT_ASSET_RATIO":47.6968268443,"OPERATE_PROFIT":303615215.4,"PRETAX_PROFIT":303615215.4,"NETCASH_OPERATE":22954835.25,"NETCASH_INVEST":-35450466.75,"NETCASH_FINANCE":-25718096.85,"END_CASH":211849440.3,"DIVI_RATIO":0.544035573714,"DIVIDEND_RATE":8.108108108108,"CURRENT_RATIO":2.523779081881,"COMMON_ACS":null,"CURRENTDEBT_DEBT":61.607687023771,"ISSUED_COMMON_SHARES":418765600,"HK_COMMON_SHARES":418765600,"PER_SHARES":2000,"TOTAL_MARKET_CAP":2479092352,"HKSK_MARKET_CAP":2479092352,"PE_TTM":6.433953482095,"PB_TTM":0.599589554518,"REPORT_DATE_SQ":"2023-09-30 00:00:00","REPORT_TYPE_SQ":"2023年三季报","OPERATE_INCOME_SQ":1084011145.84,"DPS_HKD":0.48,"OPERATE_INCOME_QOQ_SQ":8.694651050451,"NET_PROFIT_RATIO_SQ":23.6897983711,"HOLDER_PROFIT_SQ":256800054.77,"HOLDER_PROFIT_QOQ_SQ":0.735154177001,"ROE_AVG_SQ":7.204540042253,"PE_TTM_SQ":5.565505927606,"PB_TTM_SQ":0.572409421901,"ROA_SQ":4.080363779661,"START_DATE":"2024-03-01 00:00:00","FISCAL_YEAR":"2-28","CURRENCY":"HKD","IS_CNY_CODE":0,"DPS_HKD_LY":0.48,"ORG_TYPE":"证券","PREMIUM_INCOME":null,"PREMIUM_INCOME_YOY":null,"NET_INTEREST_INCOME":1020978060.15,"NET_INTEREST_INCOME_YOY":null,"FEE_COMMISSION_INCOME":183840015.9,"FEE_COMMISSION_INCOME_YOY":6.003706386061,"ACCOUNTS_RECE_TDAYS":null,"INVENTORY_TDAYS":null,"CURRENT_ASSETS_TDAYS":0.230385394727,"TOTAL_ASSETS_TDAYS":0.170050272232,"PREMIUM_EXPENSE":null,"LOAN_DEPOSIT":null,"LOAN_EQUITY":null,"LOAN_ASSETS":null,"DEPOSIT_EQUITY":null,"DEPOSIT_ASSETS":null,"EQUITY_MULTIPLIER":1.911929888122,"EQUITY_RATIO":0.911929888124},{"SECUCODE":"00900.HK","SECURITY_CODE":"00900","SECURITY_NAME_ABBR":"AEON CREDIT","ORG_CODE":"10009150","STD_REPORT_DATE":"2024-06-30 00:00:00","REPORT_DATE":"2024-08-31 00:00:00","DATE_TYPE_CODE":"002","REPORT_TYPE":"2024年中报","PER_NETCASH_OPERATE":-0.000437849288,"PER_OI":1.892449975452,"BPS":8.987974142002,"BASIC_EPS":0.371091096,"DILUTED_EPS":null,"OPERATE_INCOME":792492949.44,"OPERATE_INCOME_YOY":11.4640602206,"GROSS_PROFIT":null,"GROSS_PROFIT_YOY":null,"HOLDER_PROFIT":155406711.42,"HOLDER_PROFIT_YOY":-11.0042522959,"GROSS_PROFIT_RATIO":null,"EPS_TTM":0.821622047537,"OPERATE_INCOME_QOQ":3.227634379292,"NET_PROFIT_RATIO":19.6098541356,"ROE_AVG":4.158173187287,"GROSS_PROFIT_QOQ":null,"ROA":2.210536252368,"HOLDER_PROFIT_QOQ":-3.351081701078,"ROE_YEARLY":8.316346374574,"ROIC_YEARLY":4.592252627402,"TOTAL_ASSETS":7163036964.86,"TOTAL_LIABILITIES":3399182580.5,"TAX_EBT":16.165463483768,"OCF_SALES":-0.023136637383,"TOTAL_PARENT_EQUITY":3763854384.36,"DEBT_ASSET_RATIO":47.4544888875,"OPERATE_PROFIT":185373138.42,"PRETAX_PROFIT":185373138.42,"NETCASH_OPERATE":-183356.22,"NETCASH_INVEST":-26513674.3,"NETCASH_FINANCE":50152943.38,"END_CASH":271253178.1,"DIVI_RATIO":0.53155827708,"DIVIDEND_RATE":8.304498269896,"CURRENT_RATIO":2.958378093582,"COMMON_ACS":null,"CURRENTDEBT_DEBT":52.361567517159,"ISSUED_COMMON_SHARES":418765600,"HK_COMMON_SHARES":418765600,"PER_SHARES":2000,"TOTAL_MARKET_CAP":2420465168,"HKSK_MARKET_CAP":2420465168,"PE_TTM":6.520561867432,"PB_TTM":0.58663181677,"REPORT_DATE_SQ":"2023-06-30 00:00:00","REPORT_TYPE_SQ":"2023年中报","OPERATE_INCOME_SQ":713448087.38,"DPS_HKD":0.48,"OPERATE_INCOME_QOQ_SQ":8.983612449499,"NET_PROFIT_RATIO_SQ":24.5606561962,"HOLDER_PROFIT_SQ":175227531.88,"HOLDER_PROFIT_QOQ_SQ":5.280136467665,"ROE_AVG_SQ":4.877421738397,"PE_TTM_SQ":5.791876310645,"PB_TTM_SQ":0.568299910918,"ROA_SQ":2.827406371686,"START_DATE":"2024-03-01 00:00:00","FISCAL_YEAR":"2-28","CURRENCY":"HKD","IS_CNY_CODE":0,"DPS_HKD_LY":0.48,"ORG_TYPE":"证券","PREMIUM_INCOME":null,"PREMIUM_INCOME_YOY":null,"NET_INTEREST_INCOME":670018292.24,"NET_INTEREST_INCOME_YOY":null,"FEE_COMMISSION_INCOME":114783730.38,"FEE_COMMISSION_INCOME_YOY":0.391740733058,"ACCOUNTS_RECE_TDAYS":null,"INVENTORY_TDAYS":null,"CURRENT_ASSETS_TDAYS":0.153414089147,"TOTAL_ASSETS_TDAYS":0.112725787611,"PREMIUM_EXPENSE":null,"LOAN_DEPOSIT":null,"LOAN_EQUITY":null,"LOAN_ASSETS":null,"DEPOSIT_EQUITY":null,"DEPOSIT_ASSETS":null,"EQUITY_MULTIPLIER":1.903112138083,"EQUITY_RATIO":0.903112138085},{"SECUCODE":"00900.HK","SECURITY_CODE":"00900","SECURITY_NAME_ABBR":"AEON CREDIT","ORG_CODE":"10009150","STD_REPORT_DATE":"2024-03-31 00:00:00","REPORT_DATE":"2024-05-31 00:00:00","DATE_TYPE_CODE":"003","REPORT_TYPE":"2024年一季报","PER_NETCASH_OPERATE":0.00810767212,"PER_OI":0.869822505621,"BPS":8.993271365365,"BASIC_EPS":0.180762876,"DILUTED_EPS":null,"OPERATE_INCOME":364251743.46,"OPERATE_INCOME_YOY":13.2400497512,"GROSS_PROFIT":null,"GROSS_PROFIT_YOY":null,"HOLDER_PROFIT":75701273.85,"HOLDER_PROFIT_YOY":-14.1408932936,"GROSS_PROFIT_RATIO":null,"EPS_TTM":0.850109925696,"OPERATE_INCOME_QOQ":4.656176876443,"NET_PROFIT_RATIO":20.7826798936,"ROE_AVG":2.028171745257,"GROSS_PROFIT_QOQ":null,"ROA":1.090880907789,"HOLDER_PROFIT_QOQ":-0.524370789493,"ROE_YEARLY":8.112686981028,"ROIC_YEARLY":4.539047228063,"TOTAL_ASSETS":7003724007.33,"TOTAL_LIABILITIES":3237651328.05,"TAX_EBT":16.201145433866,"OCF_SALES":0.932106500781,"TOTAL_PARENT_EQUITY":3766072679.28,"DEBT_ASSET_RATIO":46.2275687143,"OPERATE_PROFIT":90336883.77,"PRETAX_PROFIT":90336883.77,"NETCASH_OPERATE":3395214.18,"NETCASH_INVEST":-19636594.92,"NETCASH_FINANCE":54042462.45,"END_CASH":284686981.38,"DIVI_RATIO":0.513745324927,"DIVIDEND_RATE":8.304498269896,"CURRENT_RATIO":3.083811223896,"COMMON_ACS":null,"CURRENTDEBT_DEBT":51.666083918539,"ISSUED_COMMON_SHARES":418765600,"HK_COMMON_SHARES":418765600,"PER_SHARES":2000,"TOTAL_MARKET_CAP":2420465168,"HKSK_MARKET_CAP":2420465168,"PE_TTM":6.281799176775,"PB_TTM":0.58541007181,"REPORT_DATE_SQ":"2023-03-31 00:00:00","REPORT_TYPE_SQ":"2023年一季报","OPERATE_INCOME_SQ":319699987.2,"DPS_HKD":0.48,"OPERATE_INCOME_QOQ_SQ":1.832299589812,"NET_PROFIT_RATIO_SQ":25.9143945994,"HOLDER_PROFIT_SQ":87631017.24,"HOLDER_PROFIT_QOQ_SQ":7.386766858703,"ROE_AVG_SQ":2.467349608709,"PE_TTM_SQ":5.791876310645,"PB_TTM_SQ":0.568299910918,"ROA_SQ":1.461518461718,"START_DATE":"2024-03-01 00:00:00","FISCAL_YEAR":"2-28","CURRENCY":"HKD","IS_CNY_CODE":0,"DPS_HKD_LY":0.48,"ORG_TYPE":"证券","PREMIUM_INCOME":null,"PREMIUM_INCOME_YOY":null,"NET_INTEREST_INCOME":300631940.1,"NET_INTEREST_INCOME_YOY":null,"FEE_COMMISSION_INCOME":58476972.24,"FEE_COMMISSION_INCOME_YOY":3.193093931517,"ACCOUNTS_RECE_TDAYS":null,"INVENTORY_TDAYS":null,"CURRENT_ASSETS_TDAYS":0.071365755151,"TOTAL_ASSETS_TDAYS":0.052489905699,"PREMIUM_EXPENSE":null,"LOAN_DEPOSIT":null,"LOAN_EQUITY":null,"LOAN_ASSETS":null,"DEPOSIT_EQUITY":null,"DEPOSIT_ASSETS":null,"EQUITY_MULTIPLIER":1.859689019243,"EQUITY_RATIO":0.859689019244},{"SECUCODE":"00900.HK","SECURITY_CODE":"00900","SECURITY_NAME_ABBR":"AEON CREDIT","ORG_CODE":"10009150","STD_REPORT_DATE":"2023-12-31 00:00:00","REPORT_DATE":"2024-02-29 00:00:00","DATE_TYPE_CODE":"001","REPORT_TYPE":"2023年年报","PER_NETCASH_OPERATE":-1.381338150531,"PER_OI":3.296169202962,"BPS":8.81597172091,"BASIC_EPS":0.850083351,"DILUTED_EPS":null,"OPERATE_INCOME":1380322273.98,"OPERATE_INCOME_YOY":26.3092944459,"GROSS_PROFIT":null,"GROSS_PROFIT_YOY":null,"HOLDER_PROFIT":355996793.1,"HOLDER_PROFIT_YOY":4.9942319685,"GROSS_PROFIT_RATIO":null,"EPS_TTM":0.854591152067,"OPERATE_INCOME_QOQ":4.353911756485,"NET_PROFIT_RATIO":25.7908460807,"ROE_AVG":9.855469280454,"GROSS_PROFIT_QOQ":null,"ROA":5.596297344616,"HOLDER_PROFIT_QOQ":1.936311153174,"ROE_YEARLY":9.855469280454,"ROIC_YEARLY":5.876612559145,"TOTAL_ASSETS":6862044876.96,"TOTAL_LIABILITIES":3170219189.67,"TAX_EBT":16.984813598348,"OCF_SALES":-41.907379915133,"TOTAL_PARENT_EQUITY":3691825687.29,"DEBT_ASSET_RATIO":46.1993362986,"OPERATE_PROFIT":428833335.84,"PRETAX_PROFIT":428833335.84,"NETCASH_OPERATE":-578456899.41,"NETCASH_INVEST":-109991728.47,"NETCASH_FINANCE":584889472.05,"END_CASH":246537784.74,"DIVI_RATIO":0.51105139451,"DIVIDEND_RATE":8.304498269896,"CURRENT_RATIO":3.310427810196,"COMMON_ACS":null,"CURRENTDEBT_DEBT":48.02256587654,"ISSUED_COMMON_SHARES":418765600,"HK_COMMON_SHARES":418765600,"PER_SHARES":2000,"TOTAL_MARKET_CAP":2420465168,"HKSK_MARKET_CAP":2420465168,"PE_TTM":6.281799176775,"PB_TTM":0.58541007181,"REPORT_DATE_SQ":"2022-12-31 00:00:00","REPORT_TYPE_SQ":"2022年年报","OPERATE_INCOME_SQ":1066933926.4,"DPS_HKD":0.48,"OPERATE_INCOME_QOQ_SQ":11.087644217867,"NET_PROFIT_RATIO_SQ":31.0266908052,"HOLDER_PROFIT_SQ":331034290.44,"HOLDER_PROFIT_QOQ_SQ":6.55864180149,"ROE_AVG_SQ":9.928538419203,"PE_TTM_SQ":5.791876310645,"PB_TTM_SQ":0.568299910918,"ROA_SQ":6.471003104119,"START_DATE":"2023-03-01 00:00:00","FISCAL_YEAR":"2-29","CURRENCY":"HKD","IS_CNY_CODE":0,"DPS_HKD_LY":0.46,"ORG_TYPE":"证券","PREMIUM_INCOME":null,"PREMIUM_INCOME_YOY":null,"NET_INTEREST_INCOME":1142488609.47,"NET_INTEREST_INCOME_YOY":null,"FEE_COMMISSION_INCOME":232290471.27,"FEE_COMMISSION_INCOME_YOY":28.301536857512,"ACCOUNTS_RECE_TDAYS":null,"INVENTORY_TDAYS":null,"CURRENT_ASSETS_TDAYS":0.291896253032,"TOTAL_ASSETS_TDAYS":0.216987737707,"PREMIUM_EXPENSE":null,"LOAN_DEPOSIT":null,"LOAN_EQUITY":null,"LOAN_ASSETS":null,"DEPOSIT_EQUITY":null,"DEPOSIT_ASSETS":null,"EQUITY_MULTIPLIER":1.858713129544,"EQUITY_RATIO":0.858713129546},{"SECUCODE":"00900.HK","SECURITY_CODE":"00900","SECURITY_NAME_ABBR":"AEON CREDIT","ORG_CODE":"10009150","STD_REPORT_DATE":"2023-09-30 00:00:00","REPORT_DATE":"2023-11-30 00:00:00","DATE_TYPE_CODE":"004","REPORT_TYPE":"2023年三季报","PER_NETCASH_OPERATE":-1.216555197323,"PER_OI":2.588586898828,"BPS":8.566889209668,"BASIC_EPS":0.61319846,"DILUTED_EPS":null,"OPERATE_INCOME":1084011145.84,"OPERATE_INCOME_YOY":31.5590377995,"GROSS_PROFIT":null,"GROSS_PROFIT_YOY":null,"HOLDER_PROFIT":256800054.77,"HOLDER_PROFIT_YOY":12.7635689574,"GROSS_PROFIT_RATIO":null,"EPS_TTM":0.83835793389,"OPERATE_INCOME_QOQ":8.694651050451,"NET_PROFIT_RATIO":23.6897983711,"ROE_AVG":7.204540042253,"GROSS_PROFIT_QOQ":null,"ROA":4.080363779661,"HOLDER_PROFIT_QOQ":0.735154177001,"ROE_YEARLY":9.60605338967,"ROIC_YEARLY":4.291662713501,"TOTAL_ASSETS":6711983003.32,"TOTAL_LIABILITIES":3124464503.3,"TAX_EBT":16.845243531315,"OCF_SALES":-46.996884588786,"TOTAL_PARENT_EQUITY":3587518500.02,"DEBT_ASSET_RATIO":46.5505425409,"OPERATE_PROFIT":308821846.97,"PRETAX_PROFIT":308821846.97,"NETCASH_OPERATE":-509451467.14,"NETCASH_INVEST":-78206458.19,"NETCASH_FINANCE":494973978.87,"END_CASH":258494993.54,"DIVI_RATIO":0.520946939661,"DIVIDEND_RATE":8.304498269896,"CURRENT_RATIO":3.219514509951,"COMMON_ACS":null,"CURRENTDEBT_DEBT":49.0888311053,"ISSUED_COMMON_SHARES":418765600,"HK_COMMON_SHARES":418765600,"PER_SHARES":2000,"TOTAL_MARKET_CAP":2420465168,"HKSK_MARKET_CAP":2420465168,"PE_TTM":6.281799176775,"PB_TTM":0.58541007181,"REPORT_DATE_SQ":"2022-09-30 00:00:00","REPORT_TYPE_SQ":"2022年三季报","OPERATE_INCOME_SQ":832033647.06,"DPS_HKD":0.48,"OPERATE_INCOME_QOQ_SQ":6.784021795594,"NET_PROFIT_RATIO_SQ":28.5008027144,"HOLDER_PROFIT_SQ":229960968.66,"HOLDER_PROFIT_QOQ_SQ":7.997591192574,"ROE_AVG_SQ":6.7880998763,"PE_TTM_SQ":5.791876310645,"PB_TTM_SQ":0.568299910918,"ROA_SQ":4.495923047322,"START_DATE":"2023-03-01 00:00:00","FISCAL_YEAR":"2-29","CURRENCY":"HKD","IS_CNY_CODE":0,"DPS_HKD_LY":0.46,"ORG_TYPE":"证券","PREMIUM_INCOME":null,"PREMIUM_INCOME_YOY":null,"NET_INTEREST_INCOME":914434477.95,"NET_INTEREST_INCOME_YOY":null,"FEE_COMMISSION_INCOME":170844005.36,"FEE_COMMISSION_INCOME_YOY":30.301495333588,"ACCOUNTS_RECE_TDAYS":null,"INVENTORY_TDAYS":null,"CURRENT_ASSETS_TDAYS":0.231459817013,"TOTAL_ASSETS_TDAYS":0.17224138913,"PREMIUM_EXPENSE":null,"LOAN_DEPOSIT":null,"LOAN_EQUITY":null,"LOAN_ASSETS":null,"DEPOSIT_EQUITY":null,"DEPOSIT_ASSETS":null,"EQUITY_MULTIPLIER":1.870926380806,"EQUITY_RATIO":0.870926380807},{"SECUCODE":"00900.HK","SECURITY_CODE":"00900","SECURITY_NAME_ABBR":"AEON CREDIT","ORG_CODE":"10009150","STD_REPORT_DATE":"2023-06-30 00:00:00","REPORT_DATE":"2023-08-31 00:00:00","DATE_TYPE_CODE":"002","REPORT_TYPE":"2023年中报","PER_NETCASH_OPERATE":-0.715941484353,"PER_OI":1.703693157652,"BPS":8.649641686662,"BASIC_EPS":0.418420198,"DILUTED_EPS":null,"OPERATE_INCOME":713448087.38,"OPERATE_INCOME_YOY":32.4727882138,"GROSS_PROFIT":null,"GROSS_PROFIT_YOY":null,"HOLDER_PROFIT":175227531.88,"HOLDER_PROFIT_YOY":8.288549221,"GROSS_PROFIT_RATIO":null,"EPS_TTM":0.832239689053,"OPERATE_INCOME_QOQ":8.983612449499,"NET_PROFIT_RATIO":24.5606561962,"ROE_AVG":4.877421738397,"GROSS_PROFIT_QOQ":null,"ROA":2.827406371686,"HOLDER_PROFIT_QOQ":5.280136467665,"ROE_YEARLY":9.754843476793,"ROIC_YEARLY":5.982739764837,"TOTAL_ASSETS":6483699701.22,"TOTAL_LIABILITIES":2861527310.52,"TAX_EBT":17.083143828644,"OCF_SALES":-42.022912467395,"TOTAL_PARENT_EQUITY":3622172390.7,"DEBT_ASSET_RATIO":44.1341740424,"OPERATE_PROFIT":211329203.7,"PRETAX_PROFIT":211329203.7,"NETCASH_OPERATE":-299811665.26,"NETCASH_INVEST":-62958005.64,"NETCASH_FINANCE":327102804.58,"END_CASH":317455614.76,"DIVI_RATIO":0.524776702848,"DIVIDEND_RATE":8.233276157804,"CURRENT_RATIO":4.760962071986,"COMMON_ACS":null,"CURRENTDEBT_DEBT":34.948756483413,"ISSUED_COMMON_SHARES":418765600,"HK_COMMON_SHARES":418765600,"PER_SHARES":2000,"TOTAL_MARKET_CAP":2441403448,"HKSK_MARKET_CAP":2441403448,"PE_TTM":6.57696811196,"PB_TTM":0.591706486465,"REPORT_DATE_SQ":"2022-06-30 00:00:00","REPORT_TYPE_SQ":"2022年中报","OPERATE_INCOME_SQ":516498942.24,"DPS_HKD":0.48,"OPERATE_INCOME_QOQ_SQ":3.70563471302,"NET_PROFIT_RATIO_SQ":30.0458232203,"HOLDER_PROFIT_SQ":155186359.12,"HOLDER_PROFIT_QOQ_SQ":-3.390022665115,"ROE_AVG_SQ":4.788039840834,"PE_TTM_SQ":5.802661927611,"PB_TTM_SQ":0.56935819753,"ROA_SQ":3.329743475036,"START_DATE":"2023-03-01 00:00:00","FISCAL_YEAR":"2-29","CURRENCY":"HKD","IS_CNY_CODE":0,"DPS_HKD_LY":0.46,"ORG_TYPE":"证券","PREMIUM_INCOME":null,"PREMIUM_INCOME_YOY":null,"NET_INTEREST_INCOME":602110417.98,"NET_INTEREST_INCOME_YOY":null,"FEE_COMMISSION_INCOME":114731898.44,"FEE_COMMISSION_INCOME_YOY":36.214747595501,"ACCOUNTS_RECE_TDAYS":null,"INVENTORY_TDAYS":null,"CURRENT_ASSETS_TDAYS":0.154807000469,"TOTAL_ASSETS_TDAYS":0.115119333502,"PREMIUM_EXPENSE":null,"LOAN_DEPOSIT":null,"LOAN_EQUITY":null,"LOAN_ASSETS":null,"DEPOSIT_EQUITY":null,"DEPOSIT_ASSETS":null,"EQUITY_MULTIPLIER":1.790003070498,"EQUITY_RATIO":0.790003070496},{"SECUCODE":"00900.HK","SECURITY_CODE":"00900","SECURITY_NAME_ABBR":"AEON CREDIT","ORG_CODE":"10009150","STD_REPORT_DATE":"2023-03-31 00:00:00","REPORT_DATE":"2023-05-31 00:00:00","DATE_TYPE_CODE":"003","REPORT_TYPE":"2023年一季报","PER_NETCASH_OPERATE":-0.404050838655,"PER_OI":0.763434215227,"BPS":8.56220519823,"BASIC_EPS":0.209301552,"DILUTED_EPS":null,"OPERATE_INCOME":319699987.2,"OPERATE_INCOME_YOY":31.0528159148,"GROSS_PROFIT":null,"GROSS_PROFIT_YOY":null,"HOLDER_PROFIT":87631017.24,"HOLDER_PROFIT_YOY":17.3039933223,"GROSS_PROFIT_RATIO":null,"EPS_TTM":0.79050019973,"OPERATE_INCOME_QOQ":1.832299589812,"NET_PROFIT_RATIO":25.9143945994,"ROE_AVG":2.467349608709,"GROSS_PROFIT_QOQ":null,"ROA":1.461518461718,"HOLDER_PROFIT_QOQ":7.386766858703,"ROE_YEARLY":9.869398434837,"ROIC_YEARLY":6.213343515151,"TOTAL_ASSETS":6155842412.4,"TOTAL_LIABILITIES":2570285415.24,"TAX_EBT":17.445384733266,"OCF_SALES":-50.036880448552,"TOTAL_PARENT_EQUITY":3585556997.16,"DEBT_ASSET_RATIO":41.7535934653,"OPERATE_PROFIT":106149143.76,"PRETAX_PROFIT":106149143.76,"NETCASH_OPERATE":-169202591.88,"NETCASH_INVEST":-52673320.2,"NETCASH_FINANCE":222517553.28,"END_CASH":350506898.28,"DIVI_RATIO":0.552485628908,"DIVIDEND_RATE":8.304498269896,"CURRENT_RATIO":5.191389936421,"COMMON_ACS":null,"CURRENTDEBT_DEBT":36.100905834746,"ISSUED_COMMON_SHARES":418765600,"HK_COMMON_SHARES":418765600,"PER_SHARES":2000,"TOTAL_MARKET_CAP":2420465168,"HKSK_MARKET_CAP":2420465168,"PE_TTM":6.281799176775,"PB_TTM":0.58541007181,"REPORT_DATE_SQ":"2022-03-31 00:00:00","REPORT_TYPE_SQ":"2022年一季报","OPERATE_INCOME_SQ":242306548,"DPS_HKD":0.48,"OPERATE_INCOME_QOQ_SQ":2.443324315598,"NET_PROFIT_RATIO_SQ":28.9517371813,"HOLDER_PROFIT_SQ":70151954.95,"HOLDER_PROFIT_QOQ_SQ":8.682410193835,"ROE_AVG_SQ":2.241829457373,"PE_TTM_SQ":5.791876310645,"PB_TTM_SQ":0.568299910918,"ROA_SQ":1.598162701597,"START_DATE":"2023-03-01 00:00:00","FISCAL_YEAR":"2-29","CURRENCY":"HKD","IS_CNY_CODE":0,"DPS_HKD_LY":0.46,"ORG_TYPE":"证券","PREMIUM_INCOME":null,"PREMIUM_INCOME_YOY":null,"NET_INTEREST_INCOME":268593717.48,"NET_INTEREST_INCOME_YOY":null,"FEE_COMMISSION_INCOME":56321637.84,"FEE_COMMISSION_INCOME_YOY":37.95378076855,"ACCOUNTS_RECE_TDAYS":null,"INVENTORY_TDAYS":null,"CURRENT_ASSETS_TDAYS":0.073382235605,"TOTAL_ASSETS_TDAYS":0.056397939613,"PREMIUM_EXPENSE":null,"LOAN_DEPOSIT":null,"LOAN_EQUITY":null,"LOAN_ASSETS":null,"DEPOSIT_EQUITY":null,"DEPOSIT_ASSETS":null,"EQUITY_MULTIPLIER":1.71684411021,"EQUITY_RATIO":0.716844110211},{"SECUCODE":"00900.HK","SECURITY_CODE":"00900","SECURITY_NAME_ABBR":"AEON CREDIT","ORG_CODE":"10009150","STD_REPORT_DATE":"2022-12-31 00:00:00","REPORT_DATE":"2023-02-28 00:00:00","DATE_TYPE_CODE":"001","REPORT_TYPE":"2022年年报","PER_NETCASH_OPERATE":-2.149236091503,"PER_OI":2.547806998474,"BPS":8.235813205287,"BASIC_EPS":0.790524888,"DILUTED_EPS":null,"OPERATE_INCOME":1066933926.4,"OPERATE_INCOME_YOY":17.9955571365,"GROSS_PROFIT":null,"GROSS_PROFIT_YOY":null,"HOLDER_PROFIT":331034290.44,"HOLDER_PROFIT_YOY":9.0542102559,"GROSS_PROFIT_RATIO":null,"EPS_TTM":0.736124406064,"OPERATE_INCOME_QOQ":11.087644217867,"NET_PROFIT_RATIO":31.0266908052,"ROE_AVG":9.928538419203,"GROSS_PROFIT_QOQ":null,"ROA":6.471003104119,"HOLDER_PROFIT_QOQ":6.55864180149,"ROE_YEARLY":9.928538419203,"ROIC_YEARLY":7.115388259555,"TOTAL_ASSETS":5721762787.2,"TOTAL_LIABILITIES":2272887528.8,"TAX_EBT":16.844872177238,"OCF_SALES":-84.356314775445,"TOTAL_PARENT_EQUITY":3448875258.4,"DEBT_ASSET_RATIO":39.7235539698,"OPERATE_PROFIT":398092455.76,"PRETAX_PROFIT":398092455.76,"NETCASH_OPERATE":-900026141.4,"NETCASH_INVEST":-8102835.8,"NETCASH_FINANCE":733125444.72,"END_CASH":343346702.28,"DIVI_RATIO":0.593296454244,"DIVIDEND_RATE":8.304498269896,"CURRENT_RATIO":4.087808355839,"COMMON_ACS":null,"CURRENTDEBT_DEBT":46.422217197745,"ISSUED_COMMON_SHARES":418765600,"HK_COMMON_SHARES":418765600,"PER_SHARES":2000,"TOTAL_MARKET_CAP":2420465168,"HKSK_MARKET_CAP":2420465168,"PE_TTM":6.281799176775,"PB_TTM":0.58541007181,"REPORT_DATE_SQ":"2021-12-31 00:00:00","REPORT_TYPE_SQ":"2021年年报","OPERATE_INCOME_SQ":825921581.16,"DPS_HKD":0.48,"OPERATE_INCOME_QOQ_SQ":0.066579124936,"NET_PROFIT_RATIO_SQ":32.5551649985,"HOLDER_PROFIT_SQ":277266557.44,"HOLDER_PROFIT_QOQ_SQ":-1.847685488968,"ROE_AVG_SQ":9.711246657252,"PE_TTM_SQ":5.791876310645,"PB_TTM_SQ":0.568299910918,"ROA_SQ":6.735370624094,"START_DATE":"2022-03-01 00:00:00","FISCAL_YEAR":"2-28","CURRENCY":"HKD","IS_CNY_CODE":0,"DPS_HKD_LY":0.44,"ORG_TYPE":"证券","PREMIUM_INCOME":null,"PREMIUM_INCOME_YOY":null,"NET_INTEREST_INCOME":875411950.2,"NET_INTEREST_INCOME_YOY":null,"FEE_COMMISSION_INCOME":176763207.92,"FEE_COMMISSION_INCOME_YOY":17.134033208859,"ACCOUNTS_RECE_TDAYS":null,"INVENTORY_TDAYS":null,"CURRENT_ASSETS_TDAYS":0.26983793164,"TOTAL_ASSETS_TDAYS":0.208562464645,"PREMIUM_EXPENSE":null,"LOAN_DEPOSIT":null,"LOAN_EQUITY":null,"LOAN_ASSETS":null,"DEPOSIT_EQUITY":null,"DEPOSIT_ASSETS":null,"EQUITY_MULTIPLIER":1.65902282875,"EQUITY_RATIO":0.659022828751},{"SECUCODE":"00900.HK","SECURITY_CODE":"00900","SECURITY_NAME_ABBR":"AEON CREDIT","ORG_CODE":"10009150","STD_REPORT_DATE":"2022-09-30 00:00:00","REPORT_DATE":"2022-11-30 00:00:00","DATE_TYPE_CODE":"004","REPORT_TYPE":"2022年三季报","PER_NETCASH_OPERATE":-1.431516890666,"PER_OI":1.986872004434,"BPS":8.208210753916,"BASIC_EPS":0.549101013,"DILUTED_EPS":null,"OPERATE_INCOME":832033647.06,"OPERATE_INCOME_YOY":17.6080677364,"GROSS_PROFIT":null,"GROSS_PROFIT_YOY":null,"HOLDER_PROFIT":229960968.66,"HOLDER_PROFIT_YOY":2.9014700562,"GROSS_PROFIT_RATIO":null,"EPS_TTM":0.690816243168,"OPERATE_INCOME_QOQ":6.784021795594,"NET_PROFIT_RATIO":28.5008027144,"ROE_AVG":6.7880998763,"GROSS_PROFIT_QOQ":null,"ROA":4.495923047322,"HOLDER_PROFIT_QOQ":7.997591192574,"ROE_YEARLY":9.050799835066,"ROIC_YEARLY":5.047147256047,"TOTAL_ASSETS":5554031345.31,"TOTAL_LIABILITIES":2116715044.02,"TAX_EBT":16.468444658017,"OCF_SALES":-74.296856319811,"TOTAL_PARENT_EQUITY":3437316301.29,"DEBT_ASSET_RATIO":38.1113269339,"OPERATE_PROFIT":275298320.16,"PRETAX_PROFIT":275298320.16,"NETCASH_OPERATE":-599470029.63,"NETCASH_INVEST":2955425.73,"NETCASH_FINANCE":569887292.94,"END_CASH":512750287.08,"DIVI_RATIO":0.632208643499,"DIVIDEND_RATE":8.233276157804,"CURRENT_RATIO":4.996320675797,"COMMON_ACS":null,"CURRENTDEBT_DEBT":40.26009761907,"ISSUED_COMMON_SHARES":418765600,"HK_COMMON_SHARES":418765600,"PER_SHARES":2000,"TOTAL_MARKET_CAP":2441403448,"HKSK_MARKET_CAP":2441403448,"PE_TTM":6.57696811196,"PB_TTM":0.591706486465,"REPORT_DATE_SQ":"2021-09-30 00:00:00","REPORT_TYPE_SQ":"2021年三季报","OPERATE_INCOME_SQ":610803843.84,"DPS_HKD":0.48,"OPERATE_INCOME_QOQ_SQ":-3.207103080401,"NET_PROFIT_RATIO_SQ":31.5370105078,"HOLDER_PROFIT_SQ":198963947.52,"HOLDER_PROFIT_QOQ_SQ":-0.786050638376,"ROE_AVG_SQ":7.03756186103,"PE_TTM_SQ":5.802661927611,"PB_TTM_SQ":0.56935819753,"ROA_SQ":4.841234318121,"START_DATE":"2022-03-01 00:00:00","FISCAL_YEAR":"2-28","CURRENCY":"HKD","IS_CNY_CODE":0,"DPS_HKD_LY":0.44,"ORG_TYPE":"证券","PREMIUM_INCOME":null,"PREMIUM_INCOME_YOY":null,"NET_INTEREST_INCOME":682812667.74,"NET_INTEREST_INCOME_YOY":null,"FEE_COMMISSION_INCOME":132397009.35,"FEE_COMMISSION_INCOME_YOY":21.569867982623,"ACCOUNTS_RECE_TDAYS":null,"INVENTORY_TDAYS":null,"CURRENT_ASSETS_TDAYS":0.202090812815,"TOTAL_ASSETS_TDAYS":0.157747242854,"PREMIUM_EXPENSE":null,"LOAN_DEPOSIT":null,"LOAN_EQUITY":null,"LOAN_ASSETS":null,"DEPOSIT_EQUITY":null,"DEPOSIT_ASSETS":null,"EQUITY_MULTIPLIER":1.615804557535,"EQUITY_RATIO":0.615804557534}],"count":76},"success":true,"message":"ok","code":0}