{"version":"329dab463f9f7c252356df7e7f8fbd2e","result":{"pages":4,"data":[{"SECUCODE":"00906.HK","SECURITY_CODE":"00906","SECURITY_NAME_ABBR":"中粮包装","ORG_CODE":"10151783","STD_REPORT_DATE":"2024-06-30 00:00:00","REPORT_DATE":"2024-06-30 00:00:00","DATE_TYPE_CODE":"002","REPORT_TYPE":"2024年中报","PER_NETCASH_OPERATE":0.225741699246,"PER_OI":4.982425367538,"BPS":5.195390251504,"BASIC_EPS":0.24,"DILUTED_EPS":0.24,"OPERATE_INCOME":5547547000,"OPERATE_INCOME_YOY":4.7975822803,"GROSS_PROFIT":892081000,"GROSS_PROFIT_YOY":12.313022721178,"HOLDER_PROFIT":266930000,"HOLDER_PROFIT_YOY":-2.3196923178,"GROSS_PROFIT_RATIO":16.080638884177,"EPS_TTM":0.42070354214,"OPERATE_INCOME_QOQ":2.474002246401,"NET_PROFIT_RATIO":4.9525132459,"ROE_AVG":4.707804562177,"GROSS_PROFIT_QOQ":6.09233057808,"ROA":1.864876027977,"HOLDER_PROFIT_QOQ":-1.335200943635,"ROE_YEARLY":9.415609124354,"ROIC_YEARLY":4.592076264283,"TOTAL_ASSETS":14384345000,"TOTAL_LIABILITIES":8220912000,"TAX_EBT":17.826988129099,"OCF_SALES":4.530759270719,"TOTAL_PARENT_EQUITY":5784667000,"DEBT_ASSET_RATIO":57.1517994041,"OPERATE_PROFIT":473074000,"PRETAX_PROFIT":334347000,"NETCASH_OPERATE":251346000,"NETCASH_INVEST":-186522000,"NETCASH_FINANCE":-218708000,"END_CASH":2232579000,"DIVI_RATIO":null,"DIVIDEND_RATE":null,"CURRENT_RATIO":0.977156393938,"COMMON_ACS":null,"CURRENTDEBT_DEBT":95.194620742808,"ISSUED_COMMON_SHARES":1113423000,"HK_COMMON_SHARES":1113423000,"PER_SHARES":1000,"TOTAL_MARKET_CAP":7938705990,"HKSK_MARKET_CAP":7938705990,"PE_TTM":15.267765524017,"PB_TTM":1.252535052226,"REPORT_DATE_SQ":"2023-06-30 00:00:00","REPORT_TYPE_SQ":"2023年中报","OPERATE_INCOME_SQ":5293583000,"DPS_HKD":null,"OPERATE_INCOME_QOQ_SQ":0.653393757816,"NET_PROFIT_RATIO_SQ":5.1301358645,"HOLDER_PROFIT_SQ":273269000,"HOLDER_PROFIT_QOQ_SQ":1.192159700069,"ROE_AVG_SQ":5.061983920774,"PE_TTM_SQ":14.563902845867,"PB_TTM_SQ":1.30920359376,"ROA_SQ":1.942922712638,"START_DATE":"2024-01-01 00:00:00","FISCAL_YEAR":"12-31","CURRENCY":"HKD","IS_CNY_CODE":0,"DPS_HKD_LY":null,"ORG_TYPE":"一般企业","PREMIUM_INCOME":null,"PREMIUM_INCOME_YOY":null,"NET_INTEREST_INCOME":null,"NET_INTEREST_INCOME_YOY":null,"FEE_COMMISSION_INCOME":null,"FEE_COMMISSION_INCOME_YOY":null,"ACCOUNTS_RECE_TDAYS":1.756729189546,"INVENTORY_TDAYS":2.884310457042,"CURRENT_ASSETS_TDAYS":0.738281273133,"TOTAL_ASSETS_TDAYS":0.387573049653,"PREMIUM_EXPENSE":null,"LOAN_DEPOSIT":null,"LOAN_EQUITY":null,"LOAN_ASSETS":null,"DEPOSIT_EQUITY":null,"DEPOSIT_ASSETS":null,"EQUITY_MULTIPLIER":2.333820291384,"EQUITY_RATIO":1.421155617082},{"SECUCODE":"00906.HK","SECURITY_CODE":"00906","SECURITY_NAME_ABBR":"中粮包装","ORG_CODE":"10151783","STD_REPORT_DATE":"2023-12-31 00:00:00","REPORT_DATE":"2023-12-31 00:00:00","DATE_TYPE_CODE":"001","REPORT_TYPE":"2023年年报","PER_NETCASH_OPERATE":0.727806952075,"PER_OI":9.219595787046,"BPS":4.98932211747,"BASIC_EPS":0.426,"DILUTED_EPS":0.426,"OPERATE_INCOME":10265310000,"OPERATE_INCOME_YOY":0.0983401144,"GROSS_PROFIT":1605297000,"GROSS_PROFIT_YOY":25.204501848472,"HOLDER_PROFIT":474760000,"HOLDER_PROFIT_YOY":-2.4155622061,"GROSS_PROFIT_RATIO":15.638076200329,"EPS_TTM":0.426396796186,"OPERATE_INCOME_QOQ":-0.551450500241,"NET_PROFIT_RATIO":4.7293067623,"ROE_AVG":8.684128454715,"GROSS_PROFIT_QOQ":10.276560914638,"ROA":3.353148688618,"HOLDER_PROFIT_QOQ":-3.565218804335,"ROE_YEARLY":8.684128454715,"ROIC_YEARLY":4.160339571199,"TOTAL_ASSETS":14242759000,"TOTAL_LIABILITIES":8314867000,"TAX_EBT":22.483761568087,"OCF_SALES":7.894130815338,"TOTAL_PARENT_EQUITY":5555226000,"DEBT_ASSET_RATIO":58.3796088946,"OPERATE_PROFIT":862290000,"PRETAX_PROFIT":626292000,"NETCASH_OPERATE":810357000,"NETCASH_INVEST":-522868000,"NETCASH_FINANCE":-286426000,"END_CASH":2391737000,"DIVI_RATIO":null,"DIVIDEND_RATE":null,"CURRENT_RATIO":0.933651516777,"COMMON_ACS":null,"CURRENTDEBT_DEBT":95.079235783326,"ISSUED_COMMON_SHARES":1113423000,"HK_COMMON_SHARES":1113423000,"PER_SHARES":1000,"TOTAL_MARKET_CAP":7938705990,"HKSK_MARKET_CAP":7938705990,"PE_TTM":15.267765524017,"PB_TTM":1.252535052226,"REPORT_DATE_SQ":"2022-12-31 00:00:00","REPORT_TYPE_SQ":"2022年年报","OPERATE_INCOME_SQ":10255225000,"DPS_HKD":null,"OPERATE_INCOME_QOQ_SQ":1.389725545864,"NET_PROFIT_RATIO_SQ":4.7261566665,"HOLDER_PROFIT_SQ":486512000,"HOLDER_PROFIT_QOQ_SQ":1.233499242588,"ROE_AVG_SQ":8.962641720004,"PE_TTM_SQ":14.205601328675,"PB_TTM_SQ":1.276994532843,"ROA_SQ":3.59496230001,"START_DATE":"2023-01-01 00:00:00","FISCAL_YEAR":"12-31","CURRENCY":"HKD","IS_CNY_CODE":0,"DPS_HKD_LY":0.243,"ORG_TYPE":"一般企业","PREMIUM_INCOME":null,"PREMIUM_INCOME_YOY":null,"NET_INTEREST_INCOME":null,"NET_INTEREST_INCOME_YOY":null,"FEE_COMMISSION_INCOME":null,"FEE_COMMISSION_INCOME_YOY":null,"ACCOUNTS_RECE_TDAYS":3.694071060049,"INVENTORY_TDAYS":4.950758605432,"CURRENT_ASSETS_TDAYS":1.389857649162,"TOTAL_ASSETS_TDAYS":0.725021290015,"PREMIUM_EXPENSE":null,"LOAN_DEPOSIT":null,"LOAN_EQUITY":null,"LOAN_ASSETS":null,"DEPOSIT_EQUITY":null,"DEPOSIT_ASSETS":null,"EQUITY_MULTIPLIER":2.40266843593,"EQUITY_RATIO":1.496764848091},{"SECUCODE":"00906.HK","SECURITY_CODE":"00906","SECURITY_NAME_ABBR":"中粮包装","ORG_CODE":"10151783","STD_REPORT_DATE":"2023-06-30 00:00:00","REPORT_DATE":"2023-06-30 00:00:00","DATE_TYPE_CODE":"002","REPORT_TYPE":"2023年中报","PER_NETCASH_OPERATE":0.046521402917,"PER_OI":4.754332360657,"BPS":4.866226941603,"BASIC_EPS":0.245,"DILUTED_EPS":0.245,"OPERATE_INCOME":5293583000,"OPERATE_INCOME_YOY":1.2820439232,"GROSS_PROFIT":794281000,"GROSS_PROFIT_YOY":27.96123856167,"HOLDER_PROFIT":273269000,"HOLDER_PROFIT_YOY":2.168475599,"GROSS_PROFIT_RATIO":15.004600853524,"EPS_TTM":0.442160796032,"OPERATE_INCOME_QOQ":0.653393757816,"NET_PROFIT_RATIO":5.1301358645,"ROE_AVG":5.061983920774,"GROSS_PROFIT_QOQ":13.536821251969,"ROA":1.942922712638,"HOLDER_PROFIT_QOQ":1.192159700069,"ROE_YEARLY":10.123967841549,"ROIC_YEARLY":4.730023164684,"TOTAL_ASSETS":14055177000,"TOTAL_LIABILITIES":8285299000,"TAX_EBT":19.045120671564,"OCF_SALES":0.978505484848,"TOTAL_PARENT_EQUITY":5418169000,"DEBT_ASSET_RATIO":58.9483789496,"OPERATE_PROFIT":435478000,"PRETAX_PROFIT":335456000,"NETCASH_OPERATE":51798000,"NETCASH_INVEST":-362712000,"NETCASH_FINANCE":-144822000,"END_CASH":1938933000,"DIVI_RATIO":null,"DIVIDEND_RATE":null,"CURRENT_RATIO":0.950937709797,"COMMON_ACS":null,"CURRENTDEBT_DEBT":91.364548219684,"ISSUED_COMMON_SHARES":1113423000,"HK_COMMON_SHARES":1113423000,"PER_SHARES":1000,"TOTAL_MARKET_CAP":7938705990,"HKSK_MARKET_CAP":7938705990,"PE_TTM":15.267765524017,"PB_TTM":1.252535052226,"REPORT_DATE_SQ":"2022-06-30 00:00:00","REPORT_TYPE_SQ":"2022年中报","OPERATE_INCOME_SQ":5226576000,"DPS_HKD":null,"OPERATE_INCOME_QOQ_SQ":5.731289007694,"NET_PROFIT_RATIO_SQ":5.0216623656,"HOLDER_PROFIT_SQ":267469000,"HOLDER_PROFIT_QOQ_SQ":3.910503396771,"ROE_AVG_SQ":4.895548012589,"PE_TTM_SQ":14.205601328675,"PB_TTM_SQ":1.276994532843,"ROA_SQ":2.020273356916,"START_DATE":"2023-01-01 00:00:00","FISCAL_YEAR":"12-31","CURRENCY":"HKD","IS_CNY_CODE":0,"DPS_HKD_LY":0.243,"ORG_TYPE":"一般企业","PREMIUM_INCOME":null,"PREMIUM_INCOME_YOY":null,"NET_INTEREST_INCOME":null,"NET_INTEREST_INCOME_YOY":null,"FEE_COMMISSION_INCOME":null,"FEE_COMMISSION_INCOME_YOY":null,"ACCOUNTS_RECE_TDAYS":1.746583270149,"INVENTORY_TDAYS":2.748461768005,"CURRENT_ASSETS_TDAYS":0.725695311727,"TOTAL_ASSETS_TDAYS":0.376369900791,"PREMIUM_EXPENSE":null,"LOAN_DEPOSIT":null,"LOAN_EQUITY":null,"LOAN_ASSETS":null,"DEPOSIT_EQUITY":null,"DEPOSIT_ASSETS":null,"EQUITY_MULTIPLIER":2.435957398058,"EQUITY_RATIO":1.529169540485},{"SECUCODE":"00906.HK","SECURITY_CODE":"00906","SECURITY_NAME_ABBR":"中粮包装","ORG_CODE":"10151783","STD_REPORT_DATE":"2022-12-31 00:00:00","REPORT_DATE":"2022-12-31 00:00:00","DATE_TYPE_CODE":"001","REPORT_TYPE":"2022年年报","PER_NETCASH_OPERATE":0.803423317104,"PER_OI":9.210538133306,"BPS":4.830818116744,"BASIC_EPS":0.437,"DILUTED_EPS":0.437,"OPERATE_INCOME":10255225000,"OPERATE_INCOME_YOY":7.200663741,"GROSS_PROFIT":1282140000,"GROSS_PROFIT_YOY":-3.613787587082,"HOLDER_PROFIT":486512000,"HOLDER_PROFIT_YOY":5.1922386691,"GROSS_PROFIT_RATIO":12.502309798176,"EPS_TTM":0.436951634734,"OPERATE_INCOME_QOQ":1.389725545864,"NET_PROFIT_RATIO":4.7261566665,"ROE_AVG":8.962641720004,"GROSS_PROFIT_QOQ":-0.563669528962,"ROA":3.59496230001,"HOLDER_PROFIT_QOQ":1.233499242588,"ROE_YEARLY":8.962641720004,"ROIC_YEARLY":4.407218982516,"TOTAL_ASSETS":14074506000,"TOTAL_LIABILITIES":8346104000,"TAX_EBT":18.690875417091,"OCF_SALES":8.722870536726,"TOTAL_PARENT_EQUITY":5378744000,"DEBT_ASSET_RATIO":59.2994453944,"OPERATE_PROFIT":681832000,"PRETAX_PROFIT":596093000,"NETCASH_OPERATE":894550000,"NETCASH_INVEST":-807463000,"NETCASH_FINANCE":346155000,"END_CASH":2380067000,"DIVI_RATIO":null,"DIVIDEND_RATE":null,"CURRENT_RATIO":1.082328301842,"COMMON_ACS":null,"CURRENTDEBT_DEBT":81.815335634447,"ISSUED_COMMON_SHARES":1113423000,"HK_COMMON_SHARES":1113423000,"PER_SHARES":1000,"TOTAL_MARKET_CAP":7938705990,"HKSK_MARKET_CAP":7938705990,"PE_TTM":15.267765524017,"PB_TTM":1.252535052226,"REPORT_DATE_SQ":"2021-12-31 00:00:00","REPORT_TYPE_SQ":"2021年年报","OPERATE_INCOME_SQ":9566382000,"DPS_HKD":null,"OPERATE_INCOME_QOQ_SQ":10.642118497997,"NET_PROFIT_RATIO_SQ":4.9491960492,"HOLDER_PROFIT_SQ":462498000,"HOLDER_PROFIT_QOQ_SQ":1.404096523962,"ROE_AVG_SQ":8.648558283775,"PE_TTM_SQ":14.205601328675,"PB_TTM_SQ":1.276994532843,"ROA_SQ":3.731601260423,"START_DATE":"2022-01-01 00:00:00","FISCAL_YEAR":"12-31","CURRENCY":"HKD","IS_CNY_CODE":0,"DPS_HKD_LY":0.254,"ORG_TYPE":"一般企业","PREMIUM_INCOME":null,"PREMIUM_INCOME_YOY":null,"NET_INTEREST_INCOME":null,"NET_INTEREST_INCOME_YOY":null,"FEE_COMMISSION_INCOME":null,"FEE_COMMISSION_INCOME_YOY":null,"ACCOUNTS_RECE_TDAYS":3.924077369399,"INVENTORY_TDAYS":4.884548983702,"CURRENT_ASSETS_TDAYS":1.448756194868,"TOTAL_ASSETS_TDAYS":0.757784951925,"PREMIUM_EXPENSE":null,"LOAN_DEPOSIT":null,"LOAN_EQUITY":null,"LOAN_ASSETS":null,"DEPOSIT_EQUITY":null,"DEPOSIT_ASSETS":null,"EQUITY_MULTIPLIER":2.456968976689,"EQUITY_RATIO":1.551682697671},{"SECUCODE":"00906.HK","SECURITY_CODE":"00906","SECURITY_NAME_ABBR":"中粮包装","ORG_CODE":"10151783","STD_REPORT_DATE":"2022-06-30 00:00:00","REPORT_DATE":"2022-06-30 00:00:00","DATE_TYPE_CODE":"002","REPORT_TYPE":"2022年中报","PER_NETCASH_OPERATE":-0.201695132937,"PER_OI":4.694151279433,"BPS":4.894215406005,"BASIC_EPS":0.24,"DILUTED_EPS":0.24,"OPERATE_INCOME":5226576000,"OPERATE_INCOME_YOY":11.7195801294,"GROSS_PROFIT":620720000,"GROSS_PROFIT_YOY":-6.16803950883,"HOLDER_PROFIT":267469000,"HOLDER_PROFIT_YOY":7.2522986731,"GROSS_PROFIT_RATIO":11.876226424336,"EPS_TTM":0.431627512634,"OPERATE_INCOME_QOQ":5.731289007694,"NET_PROFIT_RATIO":5.0216623656,"ROE_AVG":4.895548012589,"GROSS_PROFIT_QOQ":-3.067408102925,"ROA":2.020273356916,"HOLDER_PROFIT_QOQ":3.910503396771,"ROE_YEARLY":9.791096025178,"ROIC_YEARLY":4.848129689721,"TOTAL_ASSETS":13486682000,"TOTAL_LIABILITIES":7694851000,"TAX_EBT":12.826533899741,"OCF_SALES":-4.296732698424,"TOTAL_PARENT_EQUITY":5449332000,"DEBT_ASSET_RATIO":57.0551822902,"OPERATE_PROFIT":335274000,"PRETAX_PROFIT":301079000,"NETCASH_OPERATE":-224572000,"NETCASH_INVEST":-321802000,"NETCASH_FINANCE":432912000,"END_CASH":1809552000,"DIVI_RATIO":null,"DIVIDEND_RATE":null,"CURRENT_RATIO":1.13752203986,"COMMON_ACS":null,"CURRENTDEBT_DEBT":81.621671426776,"ISSUED_COMMON_SHARES":1113423000,"HK_COMMON_SHARES":1113423000,"PER_SHARES":1000,"TOTAL_MARKET_CAP":7938705990,"HKSK_MARKET_CAP":7938705990,"PE_TTM":15.267765524017,"PB_TTM":1.252535052226,"REPORT_DATE_SQ":"2021-06-30 00:00:00","REPORT_TYPE_SQ":"2021年中报","OPERATE_INCOME_SQ":4678299000,"DPS_HKD":null,"OPERATE_INCOME_QOQ_SQ":17.720038552723,"NET_PROFIT_RATIO_SQ":5.5086688559,"HOLDER_PROFIT_SQ":249383000,"HOLDER_PROFIT_QOQ_SQ":17.130985032923,"ROE_AVG_SQ":4.723471067383,"PE_TTM_SQ":14.205601328675,"PB_TTM_SQ":1.276994532843,"ROA_SQ":2.072110368088,"START_DATE":"2022-01-01 00:00:00","FISCAL_YEAR":"12-31","CURRENCY":"HKD","IS_CNY_CODE":0,"DPS_HKD_LY":0.254,"ORG_TYPE":"一般企业","PREMIUM_INCOME":null,"PREMIUM_INCOME_YOY":null,"NET_INTEREST_INCOME":null,"NET_INTEREST_INCOME_YOY":null,"FEE_COMMISSION_INCOME":null,"FEE_COMMISSION_INCOME_YOY":null,"ACCOUNTS_RECE_TDAYS":1.909734259765,"INVENTORY_TDAYS":2.484356854553,"CURRENT_ASSETS_TDAYS":0.751424454474,"TOTAL_ASSETS_TDAYS":0.394778917957,"PREMIUM_EXPENSE":null,"LOAN_DEPOSIT":null,"LOAN_EQUITY":null,"LOAN_ASSETS":null,"DEPOSIT_EQUITY":null,"DEPOSIT_ASSETS":null,"EQUITY_MULTIPLIER":2.328569669937,"EQUITY_RATIO":1.412072342078},{"SECUCODE":"00906.HK","SECURITY_CODE":"00906","SECURITY_NAME_ABBR":"中粮包装","ORG_CODE":"10151783","STD_REPORT_DATE":"2021-12-31 00:00:00","REPORT_DATE":"2021-12-31 00:00:00","DATE_TYPE_CODE":"001","REPORT_TYPE":"2021年年报","PER_NETCASH_OPERATE":0.585785456201,"PER_OI":8.591866702951,"BPS":4.919691797277,"BASIC_EPS":0.415,"DILUTED_EPS":0.415,"OPERATE_INCOME":9566382000,"OPERATE_INCOME_YOY":30.2479445514,"GROSS_PROFIT":1330211000,"GROSS_PROFIT_YOY":14.355532554349,"HOLDER_PROFIT":462498000,"HOLDER_PROFIT_YOY":18.7756171223,"GROSS_PROFIT_RATIO":13.905058359576,"EPS_TTM":0.415383910697,"OPERATE_INCOME_QOQ":10.642118497997,"NET_PROFIT_RATIO":4.9491960492,"ROE_AVG":8.648558283775,"GROSS_PROFIT_QOQ":4.402086768703,"ROA":3.731601260423,"HOLDER_PROFIT_QOQ":1.404096523962,"ROE_YEARLY":8.648558283775,"ROIC_YEARLY":4.556623807945,"TOTAL_ASSETS":12991814000,"TOTAL_LIABILITIES":7172775000,"TAX_EBT":16.447281345571,"OCF_SALES":6.81790670705,"TOTAL_PARENT_EQUITY":5477698000,"DEBT_ASSET_RATIO":55.2099575933,"OPERATE_PROFIT":630681000,"PRETAX_PROFIT":566659000,"NETCASH_OPERATE":652227000,"NETCASH_INVEST":-510068000,"NETCASH_FINANCE":-161507000,"END_CASH":1917295000,"DIVI_RATIO":null,"DIVIDEND_RATE":null,"CURRENT_RATIO":1.383247678257,"COMMON_ACS":null,"CURRENTDEBT_DEBT":68.201037952536,"ISSUED_COMMON_SHARES":1113423000,"HK_COMMON_SHARES":1113423000,"PER_SHARES":1000,"TOTAL_MARKET_CAP":7938705990,"HKSK_MARKET_CAP":7938705990,"PE_TTM":15.267765524017,"PB_TTM":1.252535052226,"REPORT_DATE_SQ":"2020-12-31 00:00:00","REPORT_TYPE_SQ":"2020年年报","OPERATE_INCOME_SQ":7344747000,"DPS_HKD":null,"OPERATE_INCOME_QOQ_SQ":5.171328492088,"NET_PROFIT_RATIO_SQ":5.3648274066,"HOLDER_PROFIT_SQ":389388000,"HOLDER_PROFIT_QOQ_SQ":23.751561243656,"ROE_AVG_SQ":7.670112742707,"PE_TTM_SQ":14.205601328675,"PB_TTM_SQ":1.276994532843,"ROA_SQ":3.369297845763,"START_DATE":"2021-01-01 00:00:00","FISCAL_YEAR":"12-31","CURRENCY":"HKD","IS_CNY_CODE":0,"DPS_HKD_LY":0.202,"ORG_TYPE":"一般企业","PREMIUM_INCOME":null,"PREMIUM_INCOME_YOY":null,"NET_INTEREST_INCOME":null,"NET_INTEREST_INCOME_YOY":null,"FEE_COMMISSION_INCOME":null,"FEE_COMMISSION_INCOME_YOY":null,"ACCOUNTS_RECE_TDAYS":4.119266209113,"INVENTORY_TDAYS":5.227386595802,"CURRENT_ASSETS_TDAYS":1.524386986978,"TOTAL_ASSETS_TDAYS":0.771850324302,"PREMIUM_EXPENSE":null,"LOAN_DEPOSIT":null,"LOAN_EQUITY":null,"LOAN_ASSETS":null,"DEPOSIT_EQUITY":null,"DEPOSIT_ASSETS":null,"EQUITY_MULTIPLIER":2.232639100718,"EQUITY_RATIO":1.309450612283},{"SECUCODE":"00906.HK","SECURITY_CODE":"00906","SECURITY_NAME_ABBR":"中粮包装","ORG_CODE":"10151783","STD_REPORT_DATE":"2021-06-30 00:00:00","REPORT_DATE":"2021-06-30 00:00:00","DATE_TYPE_CODE":"002","REPORT_TYPE":"2021年中报","PER_NETCASH_OPERATE":-0.166570117556,"PER_OI":4.201726567531,"BPS":4.797485771356,"BASIC_EPS":0.224,"DILUTED_EPS":0.224,"OPERATE_INCOME":4678299000,"OPERATE_INCOME_YOY":38.5420902053,"GROSS_PROFIT":661523000,"GROSS_PROFIT_YOY":20.140604114605,"HOLDER_PROFIT":249383000,"HOLDER_PROFIT_YOY":36.5158175359,"GROSS_PROFIT_RATIO":14.140246273272,"EPS_TTM":0.409632278119,"OPERATE_INCOME_QOQ":17.720038552723,"NET_PROFIT_RATIO":5.5086688559,"ROE_AVG":4.723471067383,"GROSS_PROFIT_QOQ":9.533761339175,"ROA":2.072110368088,"HOLDER_PROFIT_QOQ":17.130985032923,"ROE_YEARLY":9.446942134766,"ROIC_YEARLY":4.953663010757,"TOTAL_ASSETS":12274071000,"TOTAL_LIABILITIES":6635544000,"TAX_EBT":19.777117153574,"OCF_SALES":-3.964325495228,"TOTAL_PARENT_EQUITY":5341631000,"DEBT_ASSET_RATIO":54.0614764246,"OPERATE_PROFIT":350259000,"PRETAX_PROFIT":321245000,"NETCASH_OPERATE":-185463000,"NETCASH_INVEST":-300303000,"NETCASH_FINANCE":-48416000,"END_CASH":1406767000,"DIVI_RATIO":null,"DIVIDEND_RATE":null,"CURRENT_RATIO":1.599315059538,"COMMON_ACS":null,"CURRENTDEBT_DEBT":57.633164665926,"ISSUED_COMMON_SHARES":1113423000,"HK_COMMON_SHARES":1113423000,"PER_SHARES":1000,"TOTAL_MARKET_CAP":7938705990,"HKSK_MARKET_CAP":7938705990,"PE_TTM":15.267765524017,"PB_TTM":1.252535052226,"REPORT_DATE_SQ":"2020-06-30 00:00:00","REPORT_TYPE_SQ":"2020年中报","OPERATE_INCOME_SQ":3376807000,"DPS_HKD":null,"OPERATE_INCOME_QOQ_SQ":-4.167115508673,"NET_PROFIT_RATIO_SQ":5.419942567,"HOLDER_PROFIT_SQ":182677000,"HOLDER_PROFIT_QOQ_SQ":4.158694428813,"ROE_AVG_SQ":3.734983175636,"PE_TTM_SQ":14.205601328675,"PB_TTM_SQ":1.276994532843,"ROA_SQ":1.555094388322,"START_DATE":"2021-01-01 00:00:00","FISCAL_YEAR":"12-31","CURRENCY":"HKD","IS_CNY_CODE":0,"DPS_HKD_LY":0.202,"ORG_TYPE":"一般企业","PREMIUM_INCOME":null,"PREMIUM_INCOME_YOY":null,"NET_INTEREST_INCOME":null,"NET_INTEREST_INCOME_YOY":null,"FEE_COMMISSION_INCOME":null,"FEE_COMMISSION_INCOME_YOY":null,"ACCOUNTS_RECE_TDAYS":1.871349915869,"INVENTORY_TDAYS":2.91981049613,"CURRENT_ASSETS_TDAYS":0.786227776368,"TOTAL_ASSETS_TDAYS":0.388717429132,"PREMIUM_EXPENSE":null,"LOAN_DEPOSIT":null,"LOAN_EQUITY":null,"LOAN_ASSETS":null,"DEPOSIT_EQUITY":null,"DEPOSIT_ASSETS":null,"EQUITY_MULTIPLIER":2.176822244534,"EQUITY_RATIO":1.242231820206},{"SECUCODE":"00906.HK","SECURITY_CODE":"00906","SECURITY_NAME_ABBR":"中粮包装","ORG_CODE":"10151783","STD_REPORT_DATE":"2020-12-31 00:00:00","REPORT_DATE":"2020-12-31 00:00:00","DATE_TYPE_CODE":"001","REPORT_TYPE":"2020年年报","PER_NETCASH_OPERATE":0.868093258357,"PER_OI":6.596546864938,"BPS":4.686161503759,"BASIC_EPS":0.345,"DILUTED_EPS":0.345,"OPERATE_INCOME":7344747000,"OPERATE_INCOME_YOY":0.7887177518,"GROSS_PROFIT":1163224000,"GROSS_PROFIT_YOY":5.999626384541,"HOLDER_PROFIT":389388000,"HOLDER_PROFIT_YOY":28.8980105267,"GROSS_PROFIT_RATIO":15.837495832055,"EPS_TTM":0.349721534403,"OPERATE_INCOME_QOQ":5.171328492088,"NET_PROFIT_RATIO":5.3648274066,"ROE_AVG":7.670112742707,"GROSS_PROFIT_QOQ":8.227018980275,"ROA":3.369297845763,"HOLDER_PROFIT_QOQ":23.751561243656,"ROE_YEARLY":7.670112742707,"ROIC_YEARLY":3.90822710169,"TOTAL_ASSETS":11796365000,"TOTAL_LIABILITIES":6293402000,"TAX_EBT":22.28713091944,"OCF_SALES":13.159813401333,"TOTAL_PARENT_EQUITY":5217680000,"DEBT_ASSET_RATIO":53.3503498747,"OPERATE_PROFIT":498719000,"PRETAX_PROFIT":507037000,"NETCASH_OPERATE":966555000,"NETCASH_INVEST":478148000,"NETCASH_FINANCE":-176024000,"END_CASH":1944230000,"DIVI_RATIO":null,"DIVIDEND_RATE":null,"CURRENT_RATIO":1.37396143531,"COMMON_ACS":null,"CURRENTDEBT_DEBT":66.895726667389,"ISSUED_COMMON_SHARES":1113423000,"HK_COMMON_SHARES":1113423000,"PER_SHARES":1000,"TOTAL_MARKET_CAP":7938705990,"HKSK_MARKET_CAP":7938705990,"PE_TTM":15.267765524017,"PB_TTM":1.252535052226,"REPORT_DATE_SQ":"2019-12-31 00:00:00","REPORT_TYPE_SQ":"2019年年报","OPERATE_INCOME_SQ":7287271000,"DPS_HKD":null,"OPERATE_INCOME_QOQ_SQ":5.028572993369,"NET_PROFIT_RATIO_SQ":4.2064992505,"HOLDER_PROFIT_SQ":302090000,"HOLDER_PROFIT_QOQ_SQ":7.122973869072,"ROE_AVG_SQ":6.144573522276,"PE_TTM_SQ":14.205601328675,"PB_TTM_SQ":1.276994532843,"ROA_SQ":2.710151945334,"START_DATE":"2020-01-01 00:00:00","FISCAL_YEAR":"12-31","CURRENCY":"HKD","IS_CNY_CODE":0,"DPS_HKD_LY":0.1177,"ORG_TYPE":"一般企业","PREMIUM_INCOME":null,"PREMIUM_INCOME_YOY":null,"NET_INTEREST_INCOME":null,"NET_INTEREST_INCOME_YOY":null,"FEE_COMMISSION_INCOME":null,"FEE_COMMISSION_INCOME_YOY":null,"ACCOUNTS_RECE_TDAYS":3.676054149217,"INVENTORY_TDAYS":5.332832101606,"CURRENT_ASSETS_TDAYS":1.516976418311,"TOTAL_ASSETS_TDAYS":0.635526524823,"PREMIUM_EXPENSE":null,"LOAN_DEPOSIT":null,"LOAN_EQUITY":null,"LOAN_ASSETS":null,"DEPOSIT_EQUITY":null,"DEPOSIT_ASSETS":null,"EQUITY_MULTIPLIER":2.143638799678,"EQUITY_RATIO":1.206168642002},{"SECUCODE":"00906.HK","SECURITY_CODE":"00906","SECURITY_NAME_ABBR":"中粮包装","ORG_CODE":"10151783","STD_REPORT_DATE":"2020-06-30 00:00:00","REPORT_DATE":"2020-06-30 00:00:00","DATE_TYPE_CODE":"002","REPORT_TYPE":"2020年中报","PER_NETCASH_OPERATE":0.164286007361,"PER_OI":3.011999628942,"BPS":4.352560527311,"BASIC_EPS":0.159,"DILUTED_EPS":0.159,"OPERATE_INCOME":3376807000,"OPERATE_INCOME_YOY":-8.250807776,"GROSS_PROFIT":550624000,"GROSS_PROFIT_YOY":-3.94009863767,"HOLDER_PROFIT":182677000,"HOLDER_PROFIT_YOY":7.3850476739,"GROSS_PROFIT_RATIO":16.306054802658,"EPS_TTM":0.28066001973,"OPERATE_INCOME_QOQ":-4.167115508673,"NET_PROFIT_RATIO":5.419942567,"ROE_AVG":3.734983175636,"GROSS_PROFIT_QOQ":-2.058074422377,"ROA":1.555094388322,"HOLDER_PROFIT_QOQ":4.158694428813,"ROE_YEARLY":7.469966351273,"ROIC_YEARLY":3.465942237174,"TOTAL_ASSETS":12176477000,"TOTAL_LIABILITIES":7049582000,"TAX_EBT":20.511361662208,"OCF_SALES":5.454383386436,"TOTAL_PARENT_EQUITY":4846241000,"DEBT_ASSET_RATIO":57.8950873886,"OPERATE_PROFIT":280330000,"PRETAX_PROFIT":230248000,"NETCASH_OPERATE":184184000,"NETCASH_INVEST":289410000,"NETCASH_FINANCE":19915000,"END_CASH":1173030000,"DIVI_RATIO":null,"DIVIDEND_RATE":null,"CURRENT_RATIO":1.608643867456,"COMMON_ACS":null,"CURRENTDEBT_DEBT":54.940250358106,"ISSUED_COMMON_SHARES":1113423000,"HK_COMMON_SHARES":1113423000,"PER_SHARES":1000,"TOTAL_MARKET_CAP":7938705990,"HKSK_MARKET_CAP":7938705990,"PE_TTM":15.267765524017,"PB_TTM":1.252535052226,"REPORT_DATE_SQ":"2019-06-30 00:00:00","REPORT_TYPE_SQ":"2019年中报","OPERATE_INCOME_SQ":3680476000,"DPS_HKD":null,"OPERATE_INCOME_QOQ_SQ":5.26546555941,"NET_PROFIT_RATIO_SQ":4.7543850306,"HOLDER_PROFIT_SQ":170114000,"HOLDER_PROFIT_QOQ_SQ":10.562963369547,"ROE_AVG_SQ":3.444058844627,"PE_TTM_SQ":14.205601328675,"PB_TTM_SQ":1.276994532843,"ROA_SQ":1.535723809849,"START_DATE":"2020-01-01 00:00:00","FISCAL_YEAR":"12-31","CURRENCY":"HKD","IS_CNY_CODE":0,"DPS_HKD_LY":0.1177,"ORG_TYPE":"一般企业","PREMIUM_INCOME":null,"PREMIUM_INCOME_YOY":null,"NET_INTEREST_INCOME":null,"NET_INTEREST_INCOME_YOY":null,"FEE_COMMISSION_INCOME":null,"FEE_COMMISSION_INCOME_YOY":null,"ACCOUNTS_RECE_TDAYS":1.642475371797,"INVENTORY_TDAYS":2.866836170313,"CURRENT_ASSETS_TDAYS":0.666735640992,"TOTAL_ASSETS_TDAYS":0.287461126258,"PREMIUM_EXPENSE":null,"LOAN_DEPOSIT":null,"LOAN_EQUITY":null,"LOAN_ASSETS":null,"DEPOSIT_EQUITY":null,"DEPOSIT_ASSETS":null,"EQUITY_MULTIPLIER":2.375019773178,"EQUITY_RATIO":1.454649490193}],"count":35},"success":true,"message":"ok","code":0}