{"version":"fb9252c9f761f6e8c72f72841178946e","result":{"pages":9,"data":[{"SECUCODE":"00902.HK","SECURITY_CODE":"00902","SECURITY_NAME_ABBR":"华能国际电力股份","ORG_CODE":"10002262","STD_REPORT_DATE":"2024-09-30 00:00:00","REPORT_DATE":"2024-09-30 00:00:00","DATE_TYPE_CODE":"004","REPORT_TYPE":"2024年三季报","PER_NETCASH_OPERATE":2.738726521865,"PER_OI":11.746376505162,"BPS":3.701941910205,"BASIC_EPS":0.53,"DILUTED_EPS":0.53,"OPERATE_INCOME":184395715008,"OPERATE_INCOME_YOY":-3.6200799026,"GROSS_PROFIT":29550456286,"GROSS_PROFIT_YOY":20.104701810843,"HOLDER_PROFIT":10412915465,"HOLDER_PROFIT_YOY":-17.1184997395,"GROSS_PROFIT_RATIO":16.025565607486,"EPS_TTM":0.395382857335,"OPERATE_INCOME_QOQ":0.121539724641,"NET_PROFIT_RATIO":7.2432106996,"ROE_AVG":7.717841234057,"GROSS_PROFIT_QOQ":2.78649796982,"ROA":1.867422140429,"HOLDER_PROFIT_QOQ":-35.633169504504,"ROE_YEARLY":10.290454978743,"ROIC_YEARLY":2.15645184984,"TOTAL_ASSETS":564902152145,"TOTAL_LIABILITIES":363443174783,"TAX_EBT":18.856326351492,"OCF_SALES":23.31550091776,"TOTAL_PARENT_EQUITY":137701441934,"DEBT_ASSET_RATIO":64.3373677022,"OPERATE_PROFIT":22418165617,"PRETAX_PROFIT":16459903229,"NETCASH_OPERATE":42992784625,"NETCASH_INVEST":-35515831855,"NETCASH_FINANCE":2985091432,"END_CASH":26632189222,"DIVI_RATIO":0.505204028688,"DIVIDEND_RATE":5.273205741627,"CURRENT_RATIO":0.630835244189,"COMMON_ACS":null,"CURRENTDEBT_DEBT":44.24357127631,"ISSUED_COMMON_SHARES":15698093359,"HK_COMMON_SHARES":4700383440,"PER_SHARES":2000,"TOTAL_MARKET_CAP":65618030240.62,"HKSK_MARKET_CAP":19647602779.2,"PE_TTM":9.27084182078,"PB_TTM":1.018244556893,"REPORT_DATE_SQ":"2023-09-30 00:00:00","REPORT_TYPE_SQ":"2023年三季报","OPERATE_INCOME_SQ":191321713923,"DPS_HKD":0.22042,"OPERATE_INCOME_QOQ_SQ":-0.701195938485,"NET_PROFIT_RATIO_SQ":7.0320862766,"HOLDER_PROFIT_SQ":12563618458,"HOLDER_PROFIT_QOQ_SQ":403.653922796714,"ROE_AVG_SQ":9.926832762122,"PE_TTM_SQ":7.3425341034,"PB_TTM_SQ":1.057222115155,"ROA_SQ":2.430346026208,"START_DATE":"2024-01-01 00:00:00","FISCAL_YEAR":"12-31","CURRENCY":"HKD","IS_CNY_CODE":0,"DPS_HKD_LY":0.22042,"ORG_TYPE":"一般企业","PREMIUM_INCOME":null,"PREMIUM_INCOME_YOY":null,"NET_INTEREST_INCOME":null,"NET_INTEREST_INCOME_YOY":null,"FEE_COMMISSION_INCOME":null,"FEE_COMMISSION_INCOME_YOY":null,"ACCOUNTS_RECE_TDAYS":3.88824368381,"INVENTORY_TDAYS":14.234170459206,"CURRENT_ASSETS_TDAYS":1.918963516639,"TOTAL_ASSETS_TDAYS":0.330689941701,"PREMIUM_EXPENSE":null,"LOAN_DEPOSIT":null,"LOAN_EQUITY":null,"LOAN_ASSETS":null,"DEPOSIT_EQUITY":null,"DEPOSIT_ASSETS":null,"EQUITY_MULTIPLIER":2.804055493295,"EQUITY_RATIO":2.63935634717},{"SECUCODE":"00902.HK","SECURITY_CODE":"00902","SECURITY_NAME_ABBR":"华能国际电力股份","ORG_CODE":"10002262","STD_REPORT_DATE":"2024-06-30 00:00:00","REPORT_DATE":"2024-06-30 00:00:00","DATE_TYPE_CODE":"002","REPORT_TYPE":"2024年中报","PER_NETCASH_OPERATE":1.503554314542,"PER_OI":7.568171196529,"BPS":3.974171166732,"BASIC_EPS":0.4,"DILUTED_EPS":0.4,"OPERATE_INCOME":118805858000,"OPERATE_INCOME_YOY":-5.7337768906,"GROSS_PROFIT":50691833000,"GROSS_PROFIT_YOY":4.45150918731,"HOLDER_PROFIT":7774991000,"HOLDER_PROFIT_YOY":19.8057741981,"GROSS_PROFIT_RATIO":42.667789159016,"EPS_TTM":0.614264916094,"OPERATE_INCOME_QOQ":-2.877835798745,"NET_PROFIT_RATIO":7.9377096035,"ROE_AVG":5.673196286012,"GROSS_PROFIT_QOQ":-1.737348697463,"ROA":1.398896771154,"HOLDER_PROFIT_QOQ":-9.908395594154,"ROE_YEARLY":11.346392572024,"ROIC_YEARLY":3.137615438744,"TOTAL_ASSETS":561272942000,"TOTAL_LIABILITIES":377057190000,"TAX_EBT":17.103159031742,"OCF_SALES":19.866811617993,"TOTAL_PARENT_EQUITY":141956947000,"DEBT_ASSET_RATIO":67.1789359124,"OPERATE_PROFIT":14494248000,"PRETAX_PROFIT":11376144000,"NETCASH_OPERATE":23602936000,"NETCASH_INVEST":-21553650000,"NETCASH_FINANCE":1980766000,"END_CASH":20326742000,"DIVI_RATIO":0.325183820802,"DIVIDEND_RATE":5.137995337995,"CURRENT_RATIO":0.554581446183,"COMMON_ACS":null,"CURRENTDEBT_DEBT":45.738355499865,"ISSUED_COMMON_SHARES":15698093359,"HK_COMMON_SHARES":4700383440,"PER_SHARES":2000,"TOTAL_MARKET_CAP":67344820510.11,"HKSK_MARKET_CAP":20164644957.6,"PE_TTM":9.514811342379,"PB_TTM":1.045040466285,"REPORT_DATE_SQ":"2023-06-30 00:00:00","REPORT_TYPE_SQ":"2023年中报","OPERATE_INCOME_SQ":126032267000,"DPS_HKD":0.22042,"OPERATE_INCOME_QOQ_SQ":3.70595621942,"NET_PROFIT_RATIO_SQ":5.4026958033,"HOLDER_PROFIT_SQ":6489663000,"HOLDER_PROFIT_QOQ_SQ":134.932961339472,"ROE_AVG_SQ":5.105416673668,"PE_TTM_SQ":7.065457344781,"PB_TTM_SQ":1.017326940999,"ROA_SQ":1.25022990904,"START_DATE":"2024-01-01 00:00:00","FISCAL_YEAR":"12-31","CURRENCY":"HKD","IS_CNY_CODE":0,"DPS_HKD_LY":0.22042,"ORG_TYPE":"一般企业","PREMIUM_INCOME":null,"PREMIUM_INCOME_YOY":null,"NET_INTEREST_INCOME":null,"NET_INTEREST_INCOME_YOY":null,"FEE_COMMISSION_INCOME":null,"FEE_COMMISSION_INCOME_YOY":null,"ACCOUNTS_RECE_TDAYS":2.555020744091,"INVENTORY_TDAYS":5.508350650537,"CURRENT_ASSETS_TDAYS":1.274828917918,"TOTAL_ASSETS_TDAYS":0.213758615477,"PREMIUM_EXPENSE":null,"LOAN_DEPOSIT":null,"LOAN_EQUITY":null,"LOAN_ASSETS":null,"DEPOSIT_EQUITY":null,"DEPOSIT_ASSETS":null,"EQUITY_MULTIPLIER":3.04682382427,"EQUITY_RATIO":2.656137638688},{"SECUCODE":"00902.HK","SECURITY_CODE":"00902","SECURITY_NAME_ABBR":"华能国际电力股份","ORG_CODE":"10002262","STD_REPORT_DATE":"2024-03-31 00:00:00","REPORT_DATE":"2024-03-31 00:00:00","DATE_TYPE_CODE":"003","REPORT_TYPE":"2024年一季报","PER_NETCASH_OPERATE":0.773506585438,"PER_OI":4.164001526945,"BPS":3.620506357507,"BASIC_EPS":0.25,"DILUTED_EPS":0.25,"OPERATE_INCOME":65366884717,"OPERATE_INCOME_YOY":0.1494062647,"GROSS_PROFIT":10506738788,"GROSS_PROFIT_YOY":59.713187725044,"HOLDER_PROFIT":4596138134,"HOLDER_PROFIT_YOY":104.2470830779,"GROSS_PROFIT_RATIO":16.073488637998,"EPS_TTM":0.681822596173,"OPERATE_INCOME_QOQ":0.038332465365,"NET_PROFIT_RATIO":8.9300819265,"ROE_AVG":3.42456992841,"GROSS_PROFIT_QOQ":4.015469153639,"ROA":0.838910055829,"HOLDER_PROFIT_QOQ":28.068991882701,"ROE_YEARLY":13.698279713642,"ROIC_YEARLY":3.763613544246,"TOTAL_ASSETS":545424371101,"TOTAL_LIABILITIES":368584289140,"TAX_EBT":16.590148281414,"OCF_SALES":18.576039908541,"TOTAL_PARENT_EQUITY":136282669898,"DEBT_ASSET_RATIO":67.5775247072,"OPERATE_PROFIT":9045911418,"PRETAX_PROFIT":6998353597,"NETCASH_OPERATE":12142578592,"NETCASH_INVEST":-9282083496,"NETCASH_FINANCE":1444277989,"END_CASH":20474723636,"DIVI_RATIO":0.292963321429,"DIVIDEND_RATE":5.137995337995,"CURRENT_RATIO":0.540464496137,"COMMON_ACS":null,"CURRENTDEBT_DEBT":47.032996106124,"ISSUED_COMMON_SHARES":15698093359,"HK_COMMON_SHARES":4700383440,"PER_SHARES":2000,"TOTAL_MARKET_CAP":67344820510.11,"HKSK_MARKET_CAP":20164644957.6,"PE_TTM":9.514811342379,"PB_TTM":1.045040466285,"REPORT_DATE_SQ":"2023-03-31 00:00:00","REPORT_TYPE_SQ":"2023年一季报","OPERATE_INCOME_SQ":65269368192,"DPS_HKD":0.22042,"OPERATE_INCOME_QOQ_SQ":0.007696278545,"NET_PROFIT_RATIO_SQ":3.7751046751,"HOLDER_PROFIT_SQ":2250283365,"HOLDER_PROFIT_QOQ_SQ":39.951762713592,"ROE_AVG_SQ":1.850232563592,"PE_TTM_SQ":7.065457344781,"PB_TTM_SQ":1.017326940999,"ROA_SQ":0.441137321988,"START_DATE":"2024-01-01 00:00:00","FISCAL_YEAR":"12-31","CURRENCY":"HKD","IS_CNY_CODE":0,"DPS_HKD_LY":0.22042,"ORG_TYPE":"一般企业","PREMIUM_INCOME":null,"PREMIUM_INCOME_YOY":null,"NET_INTEREST_INCOME":null,"NET_INTEREST_INCOME_YOY":null,"FEE_COMMISSION_INCOME":null,"FEE_COMMISSION_INCOME_YOY":null,"ACCOUNTS_RECE_TDAYS":1.384746294623,"INVENTORY_TDAYS":5.01621895943,"CURRENT_ASSETS_TDAYS":0.708825970457,"TOTAL_ASSETS_TDAYS":0.119310898212,"PREMIUM_EXPENSE":null,"LOAN_DEPOSIT":null,"LOAN_EQUITY":null,"LOAN_ASSETS":null,"DEPOSIT_EQUITY":null,"DEPOSIT_ASSETS":null,"EQUITY_MULTIPLIER":3.084280243779,"EQUITY_RATIO":2.704557295626},{"SECUCODE":"00902.HK","SECURITY_CODE":"00902","SECURITY_NAME_ABBR":"华能国际电力股份","ORG_CODE":"10002262","STD_REPORT_DATE":"2023-12-31 00:00:00","REPORT_DATE":"2023-12-31 00:00:00","DATE_TYPE_CODE":"001","REPORT_TYPE":"2023年年报","PER_NETCASH_OPERATE":2.898257575587,"PER_OI":16.205579186096,"BPS":3.767141948235,"BASIC_EPS":0.35,"DILUTED_EPS":0.35,"OPERATE_INCOME":254396695000,"OPERATE_INCOME_YOY":3.1094994674,"GROSS_PROFIT":97827537000,"GROSS_PROFIT_YOY":28.352483871369,"HOLDER_PROFIT":8357460000,"HOLDER_PROFIT_YOY":204.1268051899,"GROSS_PROFIT_RATIO":38.454720097681,"EPS_TTM":0.532386947184,"OPERATE_INCOME_QOQ":0.119238375371,"NET_PROFIT_RATIO":3.4471395157,"ROE_AVG":6.569616491781,"GROSS_PROFIT_QOQ":1.731989269488,"ROA":1.573112996096,"HOLDER_PROFIT_QOQ":-1.441370398293,"ROE_YEARLY":6.569616491781,"ROIC_YEARLY":1.726267409161,"TOTAL_ASSETS":541159281130,"TOTAL_LIABILITIES":369796719577,"TAX_EBT":29.716204239721,"OCF_SALES":17.884319605646,"TOTAL_PARENT_EQUITY":132138663588,"DEBT_ASSET_RATIO":67.4088207933,"OPERATE_PROFIT":18560947000,"PRETAX_PROFIT":12477142000,"NETCASH_OPERATE":45497118000,"NETCASH_INVEST":-54529049000,"NETCASH_FINANCE":8719534000,"END_CASH":16150635000,"DIVI_RATIO":0.37519517234,"DIVIDEND_RATE":5.5105,"CURRENT_RATIO":0.553320216127,"COMMON_ACS":null,"CURRENTDEBT_DEBT":44.348515141128,"ISSUED_COMMON_SHARES":15698093359,"HK_COMMON_SHARES":4700383440,"PER_SHARES":2000,"TOTAL_MARKET_CAP":62792373436,"HKSK_MARKET_CAP":18801533760,"PE_TTM":8.871618967253,"PB_TTM":0.974396705161,"REPORT_DATE_SQ":"2022-12-31 00:00:00","REPORT_TYPE_SQ":"2022年年报","OPERATE_INCOME_SQ":246724789000,"DPS_HKD":0.22042,"OPERATE_INCOME_QOQ_SQ":1.433030548014,"NET_PROFIT_RATIO_SQ":-4.4473095081,"HOLDER_PROFIT_SQ":-8026233000,"HOLDER_PROFIT_QOQ_SQ":48.633514535513,"ROE_AVG_SQ":-7.010065261018,"PE_TTM_SQ":7.619610862019,"PB_TTM_SQ":1.097117289312,"ROA_SQ":-1.584657155912,"START_DATE":"2023-01-01 00:00:00","FISCAL_YEAR":"12-31","CURRENCY":"HKD","IS_CNY_CODE":0,"DPS_HKD_LY":null,"ORG_TYPE":"一般企业","PREMIUM_INCOME":null,"PREMIUM_INCOME_YOY":null,"NET_INTEREST_INCOME":null,"NET_INTEREST_INCOME_YOY":null,"FEE_COMMISSION_INCOME":null,"FEE_COMMISSION_INCOME_YOY":null,"ACCOUNTS_RECE_TDAYS":5.666165864402,"INVENTORY_TDAYS":12.728554613512,"CURRENT_ASSETS_TDAYS":2.866990480769,"TOTAL_ASSETS_TDAYS":0.47884733767,"PREMIUM_EXPENSE":null,"LOAN_DEPOSIT":null,"LOAN_EQUITY":null,"LOAN_ASSETS":null,"DEPOSIT_EQUITY":null,"DEPOSIT_ASSETS":null,"EQUITY_MULTIPLIER":3.06831487642,"EQUITY_RATIO":2.79855047369},{"SECUCODE":"00902.HK","SECURITY_CODE":"00902","SECURITY_NAME_ABBR":"华能国际电力股份","ORG_CODE":"10002262","STD_REPORT_DATE":"2023-09-30 00:00:00","REPORT_DATE":"2023-09-30 00:00:00","DATE_TYPE_CODE":"004","REPORT_TYPE":"2023年三季报","PER_NETCASH_OPERATE":2.144210933725,"PER_OI":12.187576513126,"BPS":3.68016440843,"BASIC_EPS":0.66,"DILUTED_EPS":0.66,"OPERATE_INCOME":191321713923,"OPERATE_INCOME_YOY":4.0058805162,"GROSS_PROFIT":24603912953,"GROSS_PROFIT_YOY":428.007269842868,"HOLDER_PROFIT":12563618458,"HOLDER_PROFIT_YOY":418.6876752118,"GROSS_PROFIT_RATIO":12.859968922765,"EPS_TTM":0.540172838578,"OPERATE_INCOME_QOQ":-0.701195938485,"NET_PROFIT_RATIO":7.0320862766,"ROE_AVG":9.926832762122,"GROSS_PROFIT_QOQ":8.515330360509,"ROA":2.430346026208,"HOLDER_PROFIT_QOQ":403.653922796714,"ROE_YEARLY":13.235777016162,"ROIC_YEARLY":2.619066271431,"TOTAL_ASSETS":521673674193,"TOTAL_LIABILITIES":365296531099,"TAX_EBT":16.262220123997,"OCF_SALES":17.593415158588,"TOTAL_PARENT_EQUITY":137459888556,"DEBT_ASSET_RATIO":70.0239535116,"OPERATE_PROFIT":22801351964,"PRETAX_PROFIT":16066712073,"NETCASH_OPERATE":33660023419,"NETCASH_INVEST":-34005822903,"NETCASH_FINANCE":2208130352,"END_CASH":18044980188,"DIVI_RATIO":0.36978722019,"DIVIDEND_RATE":5.137995337995,"CURRENT_RATIO":0.589916183284,"COMMON_ACS":null,"CURRENTDEBT_DEBT":42.378967213911,"ISSUED_COMMON_SHARES":15698093359,"HK_COMMON_SHARES":4700383440,"PER_SHARES":2000,"TOTAL_MARKET_CAP":67344820510.11,"HKSK_MARKET_CAP":20164644957.6,"PE_TTM":9.514811342379,"PB_TTM":1.045040466285,"REPORT_DATE_SQ":"2022-09-30 00:00:00","REPORT_TYPE_SQ":"2022年三季报","OPERATE_INCOME_SQ":183952785144,"DPS_HKD":0.22042,"OPERATE_INCOME_QOQ_SQ":7.526359578692,"NET_PROFIT_RATIO_SQ":-2.9820420168,"HOLDER_PROFIT_SQ":-3942298192,"HOLDER_PROFIT_QOQ_SQ":13.400187449517,"ROE_AVG_SQ":-3.654940888719,"PE_TTM_SQ":7.065457344781,"PB_TTM_SQ":1.017326940999,"ROA_SQ":-0.798941012599,"START_DATE":"2023-01-01 00:00:00","FISCAL_YEAR":"12-31","CURRENCY":"HKD","IS_CNY_CODE":0,"DPS_HKD_LY":null,"ORG_TYPE":"一般企业","PREMIUM_INCOME":null,"PREMIUM_INCOME_YOY":null,"NET_INTEREST_INCOME":null,"NET_INTEREST_INCOME_YOY":null,"FEE_COMMISSION_INCOME":null,"FEE_COMMISSION_INCOME_YOY":null,"ACCOUNTS_RECE_TDAYS":4.446623804958,"INVENTORY_TDAYS":14.188097546565,"CURRENT_ASSETS_TDAYS":2.149125148081,"TOTAL_ASSETS_TDAYS":0.370098764711,"PREMIUM_EXPENSE":null,"LOAN_DEPOSIT":null,"LOAN_EQUITY":null,"LOAN_ASSETS":null,"DEPOSIT_EQUITY":null,"DEPOSIT_ASSETS":null,"EQUITY_MULTIPLIER":3.335996961397,"EQUITY_RATIO":2.657477282547},{"SECUCODE":"00902.HK","SECURITY_CODE":"00902","SECURITY_NAME_ABBR":"华能国际电力股份","ORG_CODE":"10002262","STD_REPORT_DATE":"2023-06-30 00:00:00","REPORT_DATE":"2023-06-30 00:00:00","DATE_TYPE_CODE":"002","REPORT_TYPE":"2023年中报","PER_NETCASH_OPERATE":0.87652249769,"PER_OI":8.028507928814,"BPS":3.755897780172,"BASIC_EPS":0.32,"DILUTED_EPS":0.32,"OPERATE_INCOME":126032267000,"OPERATE_INCOME_YOY":7.8405737525,"GROSS_PROFIT":48531451000,"GROSS_PROFIT_YOY":34.312417505015,"HOLDER_PROFIT":6489663000,"HOLDER_PROFIT_YOY":301.5296240641,"GROSS_PROFIT_RATIO":38.507163407606,"EPS_TTM":0.107250795463,"OPERATE_INCOME_QOQ":3.70595621942,"NET_PROFIT_RATIO":5.4026958033,"ROE_AVG":5.105416673668,"GROSS_PROFIT_QOQ":10.203742905233,"ROA":1.25022990904,"HOLDER_PROFIT_QOQ":134.932961339472,"ROE_YEARLY":10.210833347337,"ROIC_YEARLY":2.692093363887,"TOTAL_ASSETS":525933362000,"TOTAL_LIABILITIES":367166426000,"TAX_EBT":19.277191847698,"OCF_SALES":10.917626356749,"TOTAL_PARENT_EQUITY":138562054000,"DEBT_ASSET_RATIO":69.8123474434,"OPERATE_PROFIT":12050363000,"PRETAX_PROFIT":8435212000,"NETCASH_OPERATE":13759732000,"NETCASH_INVEST":-20788794000,"NETCASH_FINANCE":7075037000,"END_CASH":16284573000,"DIVI_RATIO":1.862447840487,"DIVIDEND_RATE":5.137995337995,"CURRENT_RATIO":0.590065032209,"COMMON_ACS":null,"CURRENTDEBT_DEBT":42.817164606439,"ISSUED_COMMON_SHARES":15698093359,"HK_COMMON_SHARES":4700383440,"PER_SHARES":2000,"TOTAL_MARKET_CAP":67344820510.11,"HKSK_MARKET_CAP":20164644957.6,"PE_TTM":9.514811342379,"PB_TTM":1.045040466285,"REPORT_DATE_SQ":"2022-06-30 00:00:00","REPORT_TYPE_SQ":"2022年中报","OPERATE_INCOME_SQ":116869062000,"DPS_HKD":0.22042,"OPERATE_INCOME_QOQ_SQ":2.884263383316,"NET_PROFIT_RATIO_SQ":-3.5725922058,"HOLDER_PROFIT_SQ":-3220203000,"HOLDER_PROFIT_QOQ_SQ":-22.04039731692,"ROE_AVG_SQ":-2.888646689439,"PE_TTM_SQ":7.065457344781,"PB_TTM_SQ":1.017326940999,"ROA_SQ":-0.650026127687,"START_DATE":"2023-01-01 00:00:00","FISCAL_YEAR":"12-31","CURRENCY":"HKD","IS_CNY_CODE":0,"DPS_HKD_LY":null,"ORG_TYPE":"一般企业","PREMIUM_INCOME":null,"PREMIUM_INCOME_YOY":null,"NET_INTEREST_INCOME":null,"NET_INTEREST_INCOME_YOY":null,"FEE_COMMISSION_INCOME":null,"FEE_COMMISSION_INCOME_YOY":null,"ACCOUNTS_RECE_TDAYS":2.845872696241,"INVENTORY_TDAYS":5.774600779041,"CURRENT_ASSETS_TDAYS":1.404367718988,"TOTAL_ASSETS_TDAYS":0.24280045005,"PREMIUM_EXPENSE":null,"LOAN_DEPOSIT":null,"LOAN_EQUITY":null,"LOAN_ASSETS":null,"DEPOSIT_EQUITY":null,"DEPOSIT_ASSETS":null,"EQUITY_MULTIPLIER":3.312612658851,"EQUITY_RATIO":2.649833885979},{"SECUCODE":"00902.HK","SECURITY_CODE":"00902","SECURITY_NAME_ABBR":"华能国际电力股份","ORG_CODE":"10002262","STD_REPORT_DATE":"2023-03-31 00:00:00","REPORT_DATE":"2023-03-31 00:00:00","DATE_TYPE_CODE":"003","REPORT_TYPE":"2023年一季报","PER_NETCASH_OPERATE":0.391029951958,"PER_OI":4.157789528916,"BPS":3.064804048156,"BASIC_EPS":0.1,"DILUTED_EPS":0.1,"OPERATE_INCOME":65269368192,"OPERATE_INCOME_YOY":0.0291011748,"GROSS_PROFIT":6578504216,"GROSS_PROFIT_YOY":175.798812545106,"HOLDER_PROFIT":2250283365,"HOLDER_PROFIT_YOY":335.3020479268,"GROSS_PROFIT_RATIO":10.079007041478,"EPS_TTM":-0.307018905212,"OPERATE_INCOME_QOQ":0.007696278545,"NET_PROFIT_RATIO":3.7751046751,"ROE_AVG":1.850232563592,"GROSS_PROFIT_QOQ":5.501661431762,"ROA":0.441137321988,"HOLDER_PROFIT_QOQ":39.951762713592,"ROE_YEARLY":7.40093025437,"ROIC_YEARLY":1.902074047476,"TOTAL_ASSETS":507997216797,"TOTAL_LIABILITIES":362178767968,"TAX_EBT":21.260009097738,"OCF_SALES":9.404755802052,"TOTAL_PARENT_EQUITY":127578777170,"DEBT_ASSET_RATIO":71.2954236741,"OPERATE_PROFIT":5256296856,"PRETAX_PROFIT":3129270072,"NETCASH_OPERATE":6138424692,"NETCASH_INVEST":-9246104637,"NETCASH_FINANCE":4798998768,"END_CASH":18024588273,"DIVI_RATIO":-0.650608184085,"DIVIDEND_RATE":5.137995337995,"CURRENT_RATIO":0.6119589134,"COMMON_ACS":null,"CURRENTDEBT_DEBT":40.61439260763,"ISSUED_COMMON_SHARES":15698093359,"HK_COMMON_SHARES":4700383440,"PER_SHARES":2000,"TOTAL_MARKET_CAP":67344820510.11,"HKSK_MARKET_CAP":20164644957.6,"PE_TTM":9.514811342379,"PB_TTM":1.045040466285,"REPORT_DATE_SQ":"2022-03-31 00:00:00","REPORT_TYPE_SQ":"2022年一季报","OPERATE_INCOME_SQ":65250379565,"DPS_HKD":0.22042,"OPERATE_INCOME_QOQ_SQ":7.461542777996,"NET_PROFIT_RATIO_SQ":-1.7040978097,"HOLDER_PROFIT_SQ":-956338198,"HOLDER_PROFIT_QOQ_SQ":-39.0032953423,"ROE_AVG_SQ":-0.877287647574,"PE_TTM_SQ":7.065457344781,"PB_TTM_SQ":1.017326940999,"ROA_SQ":-0.193281200234,"START_DATE":"2023-01-01 00:00:00","FISCAL_YEAR":"12-31","CURRENCY":"HKD","IS_CNY_CODE":0,"DPS_HKD_LY":null,"ORG_TYPE":"一般企业","PREMIUM_INCOME":null,"PREMIUM_INCOME_YOY":null,"NET_INTEREST_INCOME":null,"NET_INTEREST_INCOME_YOY":null,"FEE_COMMISSION_INCOME":null,"FEE_COMMISSION_INCOME_YOY":null,"ACCOUNTS_RECE_TDAYS":1.49478266993,"INVENTORY_TDAYS":5.143433569412,"CURRENT_ASSETS_TDAYS":0.738596089654,"TOTAL_ASSETS_TDAYS":0.127951682619,"PREMIUM_EXPENSE":null,"LOAN_DEPOSIT":null,"LOAN_EQUITY":null,"LOAN_ASSETS":null,"DEPOSIT_EQUITY":null,"DEPOSIT_ASSETS":null,"EQUITY_MULTIPLIER":3.483765057691,"EQUITY_RATIO":2.838863767172},{"SECUCODE":"00902.HK","SECURITY_CODE":"00902","SECURITY_NAME_ABBR":"华能国际电力股份","ORG_CODE":"10002262","STD_REPORT_DATE":"2022-12-31 00:00:00","REPORT_DATE":"2022-12-31 00:00:00","DATE_TYPE_CODE":"001","REPORT_TYPE":"2022年年报","PER_NETCASH_OPERATE":2.071560491858,"PER_OI":15.716863402303,"BPS":3.41320546226,"BASIC_EPS":-0.65,"DILUTED_EPS":-0.65,"OPERATE_INCOME":246724789000,"OPERATE_INCOME_YOY":20.306901767,"GROSS_PROFIT":76217876000,"GROSS_PROFIT_YOY":30.672879156245,"HOLDER_PROFIT":-8026233000,"HOLDER_PROFIT_YOY":22.6606265464,"GROSS_PROFIT_RATIO":30.891859836589,"EPS_TTM":-0.51128712363,"OPERATE_INCOME_QOQ":1.433030548014,"NET_PROFIT_RATIO":-4.4473095081,"ROE_AVG":-7.010065261018,"GROSS_PROFIT_QOQ":48.627204558283,"ROA":-1.584657155912,"HOLDER_PROFIT_QOQ":48.633514535513,"ROE_YEARLY":-7.010065261018,"ROIC_YEARLY":-1.708972055651,"TOTAL_ASSETS":512221773000,"TOTAL_LIABILITIES":376905714000,"TAX_EBT":-1.467159523568,"OCF_SALES":13.18049561692,"TOTAL_PARENT_EQUITY":115664522000,"DEBT_ASSET_RATIO":73.5825249662,"OPERATE_PROFIT":-2374787000,"PRETAX_PROFIT":-10813957000,"NETCASH_OPERATE":32519550000,"NETCASH_INVEST":-39829878000,"NETCASH_FINANCE":7831487000,"END_CASH":16517108000,"DIVI_RATIO":-0.390678746184,"DIVIDEND_RATE":5.137995337995,"CURRENT_RATIO":0.506158687252,"COMMON_ACS":null,"CURRENTDEBT_DEBT":45.457879951377,"ISSUED_COMMON_SHARES":15698093359,"HK_COMMON_SHARES":4700383440,"PER_SHARES":2000,"TOTAL_MARKET_CAP":67344820510.11,"HKSK_MARKET_CAP":20164644957.6,"PE_TTM":9.514811342379,"PB_TTM":1.045040466285,"REPORT_DATE_SQ":"2021-12-31 00:00:00","REPORT_TYPE_SQ":"2021年年报","OPERATE_INCOME_SQ":205079497000,"DPS_HKD":0.22042,"OPERATE_INCOME_QOQ_SQ":6.234754937063,"NET_PROFIT_RATIO_SQ":-6.4469996574,"HOLDER_PROFIT_SQ":-10377939000,"HOLDER_PROFIT_QOQ_SQ":-78.244504977535,"ROE_AVG_SQ":-8.757898932569,"PE_TTM_SQ":7.065457344781,"PB_TTM_SQ":1.017326940999,"ROA_SQ":-2.237606783252,"START_DATE":"2022-01-01 00:00:00","FISCAL_YEAR":"12-31","CURRENCY":"HKD","IS_CNY_CODE":0,"DPS_HKD_LY":null,"ORG_TYPE":"一般企业","PREMIUM_INCOME":null,"PREMIUM_INCOME_YOY":null,"NET_INTEREST_INCOME":null,"NET_INTEREST_INCOME_YOY":null,"FEE_COMMISSION_INCOME":null,"FEE_COMMISSION_INCOME_YOY":null,"ACCOUNTS_RECE_TDAYS":5.702488118631,"INVENTORY_TDAYS":11.549478789091,"CURRENT_ASSETS_TDAYS":2.75373266005,"TOTAL_ASSETS_TDAYS":0.487120424276,"PREMIUM_EXPENSE":null,"LOAN_DEPOSIT":null,"LOAN_EQUITY":null,"LOAN_ASSETS":null,"DEPOSIT_EQUITY":null,"DEPOSIT_ASSETS":null,"EQUITY_MULTIPLIER":3.785373124118,"EQUITY_RATIO":3.258611261974},{"SECUCODE":"00902.HK","SECURITY_CODE":"00902","SECURITY_NAME_ABBR":"华能国际电力股份","ORG_CODE":"10002262","STD_REPORT_DATE":"2022-09-30 00:00:00","REPORT_DATE":"2022-09-30 00:00:00","DATE_TYPE_CODE":"004","REPORT_TYPE":"2022年三季报","PER_NETCASH_OPERATE":1.629688940557,"PER_OI":11.718160985362,"BPS":3.270758808589,"BASIC_EPS":-0.35,"DILUTED_EPS":-0.35,"OPERATE_INCOME":183952785144,"OPERATE_INCOME_YOY":26.5857022373,"GROSS_PROFIT":4659767840,"GROSS_PROFIT_YOY":-59.282880013086,"HOLDER_PROFIT":-3942298192,"HOLDER_PROFIT_YOY":-476.556007112,"GROSS_PROFIT_RATIO":2.533132529824,"EPS_TTM":-0.995371045939,"OPERATE_INCOME_QOQ":7.526359578692,"NET_PROFIT_RATIO":-2.9820420168,"ROE_AVG":-3.654940888719,"GROSS_PROFIT_QOQ":-8.946649214842,"ROA":-0.798941012599,"HOLDER_PROFIT_QOQ":13.400187449517,"ROE_YEARLY":-4.873254518292,"ROIC_YEARLY":-0.861177708424,"TOTAL_ASSETS":486109693071,"TOTAL_LIABILITIES":366313843738,"TAX_EBT":3.268128842674,"OCF_SALES":13.907377980156,"TOTAL_PARENT_EQUITY":102397165148,"DEBT_ASSET_RATIO":75.3562105343,"OPERATE_PROFIT":1594119731,"PRETAX_PROFIT":-5670881043,"NETCASH_OPERATE":25583009135,"NETCASH_INVEST":-22368228322,"NETCASH_FINANCE":-2639353465,"END_CASH":16192979672,"DIVI_RATIO":-0.200677941372,"DIVIDEND_RATE":5.137995337995,"CURRENT_RATIO":0.490098480539,"COMMON_ACS":null,"CURRENTDEBT_DEBT":46.112752921731,"ISSUED_COMMON_SHARES":15698093359,"HK_COMMON_SHARES":4700383440,"PER_SHARES":2000,"TOTAL_MARKET_CAP":67344820510.11,"HKSK_MARKET_CAP":20164644957.6,"PE_TTM":9.514811342379,"PB_TTM":1.045040466285,"REPORT_DATE_SQ":"2021-09-30 00:00:00","REPORT_TYPE_SQ":"2021年三季报","OPERATE_INCOME_SQ":145318769729,"DPS_HKD":0.22042,"OPERATE_INCOME_QOQ_SQ":3.862272409948,"NET_PROFIT_RATIO_SQ":0.57374525,"HOLDER_PROFIT_SQ":1046935414,"HOLDER_PROFIT_QOQ_SQ":-724.597610863271,"ROE_AVG_SQ":0.634877910193,"PE_TTM_SQ":7.065457344781,"PB_TTM_SQ":1.017326940999,"ROA_SQ":0.173326335035,"START_DATE":"2022-01-01 00:00:00","FISCAL_YEAR":"12-31","CURRENCY":"HKD","IS_CNY_CODE":0,"DPS_HKD_LY":null,"ORG_TYPE":"一般企业","PREMIUM_INCOME":null,"PREMIUM_INCOME_YOY":null,"NET_INTEREST_INCOME":null,"NET_INTEREST_INCOME_YOY":null,"FEE_COMMISSION_INCOME":null,"FEE_COMMISSION_INCOME_YOY":null,"ACCOUNTS_RECE_TDAYS":4.357291857398,"INVENTORY_TDAYS":12.471840078899,"CURRENT_ASSETS_TDAYS":2.099231267409,"TOTAL_ASSETS_TDAYS":0.372796316452,"PREMIUM_EXPENSE":null,"LOAN_DEPOSIT":null,"LOAN_EQUITY":null,"LOAN_ASSETS":null,"DEPOSIT_EQUITY":null,"DEPOSIT_ASSETS":null,"EQUITY_MULTIPLIER":4.057817493498,"EQUITY_RATIO":3.577382666879}],"count":78},"success":true,"message":"ok","code":0}