{"version":"c2411ca71cee73734907e98f63cc9853","result":{"pages":3,"data":[{"SECUCODE":"00911.HK","SECURITY_CODE":"00911","SECURITY_NAME_ABBR":"前海健康","ORG_CODE":"10400418","STD_REPORT_DATE":"2024-06-30 00:00:00","REPORT_DATE":"2024-06-30 00:00:00","DATE_TYPE_CODE":"002","REPORT_TYPE":"2024年中报","PER_NETCASH_OPERATE":-0.090263456815,"PER_OI":1.653429606067,"BPS":2.153487433208,"BASIC_EPS":0.083784024,"DILUTED_EPS":0.083784024,"OPERATE_INCOME":280165379.6,"OPERATE_INCOME_YOY":-9.6878778696,"GROSS_PROFIT":39150321.28,"GROSS_PROFIT_YOY":761.525293946225,"HOLDER_PROFIT":14190348.64,"HOLDER_PROFIT_YOY":113.8675324212,"GROSS_PROFIT_RATIO":13.97400397433,"EPS_TTM":0.411924678686,"OPERATE_INCOME_QOQ":-3.812780647751,"NET_PROFIT_RATIO":5.0649900642,"ROE_AVG":3.966716118802,"GROSS_PROFIT_QOQ":139.686029162622,"ROA":3.099115691615,"HOLDER_PROFIT_QOQ":246.137310178813,"ROE_YEARLY":7.933432237605,"ROIC_YEARLY":6.33661106645,"TOTAL_ASSETS":479399772.88,"TOTAL_LIABILITIES":114502094.76,"TAX_EBT":null,"OCF_SALES":-5.459165390755,"TOTAL_PARENT_EQUITY":364897678.12,"DEBT_ASSET_RATIO":23.8844699638,"OPERATE_PROFIT":14190348.64,"PRETAX_PROFIT":14190348.64,"NETCASH_OPERATE":-15294691.44,"NETCASH_INVEST":-7301.44,"NETCASH_FINANCE":-339516.96,"END_CASH":2178567.16,"DIVI_RATIO":null,"DIVIDEND_RATE":null,"CURRENT_RATIO":3.985501008314,"COMMON_ACS":500000000,"CURRENTDEBT_DEBT":100,"ISSUED_COMMON_SHARES":169445000,"HK_COMMON_SHARES":169445000,"PER_SHARES":10000,"TOTAL_MARKET_CAP":42361250,"HKSK_MARKET_CAP":42361250,"PE_TTM":0.565110524139,"PB_TTM":0.1059537179,"REPORT_DATE_SQ":"2023-06-30 00:00:00","REPORT_TYPE_SQ":"2023年中报","OPERATE_INCOME_SQ":313380080.02,"DPS_HKD":null,"OPERATE_INCOME_QOQ_SQ":-40.742392430007,"NET_PROFIT_RATIO_SQ":-32.9856810405,"HOLDER_PROFIT_SQ":-103370553.64,"HOLDER_PROFIT_QOQ_SQ":-57.548950423248,"ROE_AVG_SQ":-29.453967503382,"PE_TTM_SQ":-0.129832607702,"PB_TTM_SQ":0.146161026478,"ROA_SQ":-23.556502893665,"START_DATE":"2024-01-01 00:00:00","FISCAL_YEAR":"12-31","CURRENCY":"HKD","IS_CNY_CODE":0,"DPS_HKD_LY":null,"ORG_TYPE":"一般企业","PREMIUM_INCOME":null,"PREMIUM_INCOME_YOY":null,"NET_INTEREST_INCOME":null,"NET_INTEREST_INCOME_YOY":null,"FEE_COMMISSION_INCOME":null,"FEE_COMMISSION_INCOME_YOY":null,"ACCOUNTS_RECE_TDAYS":2.732338202177,"INVENTORY_TDAYS":0.749087659828,"CURRENT_ASSETS_TDAYS":0.645124682003,"TOTAL_ASSETS_TDAYS":0.611870043642,"PREMIUM_EXPENSE":null,"LOAN_DEPOSIT":null,"LOAN_EQUITY":null,"LOAN_ASSETS":null,"DEPOSIT_EQUITY":null,"DEPOSIT_ASSETS":null,"EQUITY_MULTIPLIER":1.313792335841,"EQUITY_RATIO":0.31379233584},{"SECUCODE":"00911.HK","SECURITY_CODE":"00911","SECURITY_NAME_ABBR":"前海健康","ORG_CODE":"10400418","STD_REPORT_DATE":"2023-12-31 00:00:00","REPORT_DATE":"2023-12-31 00:00:00","DATE_TYPE_CODE":"001","REPORT_TYPE":"2023年年报","PER_NETCASH_OPERATE":0.000458337832,"PER_OI":0.514114391112,"BPS":2.054305462421,"BASIC_EPS":-0.028183442,"DILUTED_EPS":-0.028183442,"OPERATE_INCOME":871141130.02,"OPERATE_INCOME_YOY":-50.9971432999,"GROSS_PROFIT":-32264150.66,"GROSS_PROFIT_YOY":-147.22568348829,"HOLDER_PROFIT":-47762325.1,"HOLDER_PROFIT_YOY":77.4478718716,"GROSS_PROFIT_RATIO":-3.70366517527,"EPS_TTM":-0.02818750928,"OPERATE_INCOME_QOQ":-16.106525931109,"NET_PROFIT_RATIO":-5.4827310357,"ROE_AVG":-12.842051658161,"GROSS_PROFIT_QOQ":-184.203170880037,"ROA":-10.410339824858,"HOLDER_PROFIT_QOQ":85.478117782421,"ROE_YEARLY":-12.842051658161,"ROIC_YEARLY":-10.632610572694,"TOTAL_ASSETS":433279187.74,"TOTAL_LIABILITIES":85187398.66,"TAX_EBT":null,"OCF_SALES":0.089150943887,"TOTAL_PARENT_EQUITY":348091789.08,"DEBT_ASSET_RATIO":19.6610871398,"OPERATE_PROFIT":-47762325.1,"PRETAX_PROFIT":-47762325.1,"NETCASH_OPERATE":776630.54,"NETCASH_INVEST":16102623.18,"NETCASH_FINANCE":-673321.46,"END_CASH":17693945.5,"DIVI_RATIO":null,"DIVIDEND_RATE":null,"CURRENT_RATIO":4.80465517058,"COMMON_ACS":500000000,"CURRENTDEBT_DEBT":100,"ISSUED_COMMON_SHARES":169445000,"HK_COMMON_SHARES":169445000,"PER_SHARES":10000,"TOTAL_MARKET_CAP":49139050,"HKSK_MARKET_CAP":49139050,"PE_TTM":0.655528208001,"PB_TTM":0.122906312764,"REPORT_DATE_SQ":"2022-12-31 00:00:00","REPORT_TYPE_SQ":"2022年年报","OPERATE_INCOME_SQ":1752331332.08,"DPS_HKD":null,"OPERATE_INCOME_QOQ_SQ":59.858241287804,"NET_PROFIT_RATIO_SQ":-11.9132652021,"HOLDER_PROFIT_SQ":-208759878.81,"HOLDER_PROFIT_QOQ_SQ":-1191.05780342931,"ROE_AVG_SQ":-42.213688475287,"PE_TTM_SQ":-0.162290759628,"PB_TTM_SQ":0.182701283098,"ROA_SQ":-36.715158751355,"START_DATE":"2023-01-01 00:00:00","FISCAL_YEAR":"12-31","CURRENCY":"HKD","IS_CNY_CODE":0,"DPS_HKD_LY":null,"ORG_TYPE":"一般企业","PREMIUM_INCOME":null,"PREMIUM_INCOME_YOY":null,"NET_INTEREST_INCOME":null,"NET_INTEREST_INCOME_YOY":null,"FEE_COMMISSION_INCOME":null,"FEE_COMMISSION_INCOME_YOY":null,"ACCOUNTS_RECE_TDAYS":8.515477798693,"INVENTORY_TDAYS":2.807179484291,"CURRENT_ASSETS_TDAYS":2.008573028496,"TOTAL_ASSETS_TDAYS":1.898750778973,"PREMIUM_EXPENSE":null,"LOAN_DEPOSIT":null,"LOAN_EQUITY":null,"LOAN_ASSETS":null,"DEPOSIT_EQUITY":null,"DEPOSIT_ASSETS":null,"EQUITY_MULTIPLIER":1.244726825891,"EQUITY_RATIO":0.24472682589},{"SECUCODE":"00911.HK","SECURITY_CODE":"00911","SECURITY_NAME_ABBR":"前海健康","ORG_CODE":"10400418","STD_REPORT_DATE":"2023-06-30 00:00:00","REPORT_DATE":"2023-06-30 00:00:00","DATE_TYPE_CODE":"002","REPORT_TYPE":"2023年中报","PER_NETCASH_OPERATE":0.004295808138,"PER_OI":0.184945014618,"BPS":1.766232806515,"BASIC_EPS":-0.61035076,"DILUTED_EPS":null,"OPERATE_INCOME":313380080.02,"OPERATE_INCOME_YOY":-71.7052408308,"GROSS_PROFIT":-5918189.62,"GROSS_PROFIT_YOY":-124.573259553612,"HOLDER_PROFIT":-103370553.64,"HOLDER_PROFIT_YOY":-671.7972256222,"GROSS_PROFIT_RATIO":-1.888502172704,"EPS_TTM":-0.194103690265,"OPERATE_INCOME_QOQ":-40.742392430007,"NET_PROFIT_RATIO":-32.9856810405,"ROE_AVG":-29.453967503382,"GROSS_PROFIT_QOQ":-43.914602033727,"ROA":-23.556502893665,"HOLDER_PROFIT_QOQ":-57.548950423248,"ROE_YEARLY":-58.907935006765,"ROIC_YEARLY":-47.654021889279,"TOTAL_ASSETS":384901756.54,"TOTAL_LIABILITIES":85622438.64,"TAX_EBT":null,"OCF_SALES":2.32274881656,"TOTAL_PARENT_EQUITY":299279317.9,"DEBT_ASSET_RATIO":22.2452709517,"OPERATE_PROFIT":-103370553.64,"PRETAX_PROFIT":-103370553.64,"NETCASH_OPERATE":7279032.1,"NETCASH_INVEST":null,"NETCASH_FINANCE":-342976.56,"END_CASH":8449946.7,"DIVI_RATIO":null,"DIVIDEND_RATE":null,"CURRENT_RATIO":4.202824950132,"COMMON_ACS":500000000,"CURRENTDEBT_DEBT":99.867553947539,"ISSUED_COMMON_SHARES":169445000,"HK_COMMON_SHARES":169445000,"PER_SHARES":10000,"TOTAL_MARKET_CAP":49139050,"HKSK_MARKET_CAP":49139050,"PE_TTM":0.655528208001,"PB_TTM":0.122906312764,"REPORT_DATE_SQ":"2022-06-30 00:00:00","REPORT_TYPE_SQ":"2022年中报","OPERATE_INCOME_SQ":1027321788.01,"DPS_HKD":null,"OPERATE_INCOME_QOQ_SQ":373.089742519489,"NET_PROFIT_RATIO_SQ":1.6322602826,"HOLDER_PROFIT_SQ":16768565.52,"HOLDER_PROFIT_QOQ_SQ":2735.39324059872,"ROE_AVG_SQ":2.882101076378,"PE_TTM_SQ":-0.162290759628,"PB_TTM_SQ":0.182701283098,"ROA_SQ":2.691657755332,"START_DATE":"2023-01-01 00:00:00","FISCAL_YEAR":"12-31","CURRENCY":"HKD","IS_CNY_CODE":0,"DPS_HKD_LY":null,"ORG_TYPE":"一般企业","PREMIUM_INCOME":null,"PREMIUM_INCOME_YOY":null,"NET_INTEREST_INCOME":null,"NET_INTEREST_INCOME_YOY":null,"FEE_COMMISSION_INCOME":null,"FEE_COMMISSION_INCOME_YOY":null,"ACCOUNTS_RECE_TDAYS":2.937215642728,"INVENTORY_TDAYS":1.060573255527,"CURRENT_ASSETS_TDAYS":0.759273427474,"TOTAL_ASSETS_TDAYS":0.71414329341,"PREMIUM_EXPENSE":null,"LOAN_DEPOSIT":null,"LOAN_EQUITY":null,"LOAN_ASSETS":null,"DEPOSIT_EQUITY":null,"DEPOSIT_ASSETS":null,"EQUITY_MULTIPLIER":1.286095408266,"EQUITY_RATIO":0.286095408265},{"SECUCODE":"00911.HK","SECURITY_CODE":"00911","SECURITY_NAME_ABBR":"前海健康","ORG_CODE":"10400418","STD_REPORT_DATE":"2022-12-31 00:00:00","REPORT_DATE":"2022-12-31 00:00:00","DATE_TYPE_CODE":"001","REPORT_TYPE":"2022年年报","PER_NETCASH_OPERATE":-0.002771353767,"PER_OI":1.034159362672,"BPS":2.302195257163,"BASIC_EPS":-0.123181933,"DILUTED_EPS":-0.123181933,"OPERATE_INCOME":1752331332.08,"OPERATE_INCOME_YOY":592.2081313206,"GROSS_PROFIT":68319076.14,"GROSS_PROFIT_YOY":421.01579916363,"HOLDER_PROFIT":-208759878.81,"HOLDER_PROFIT_YOY":-26217.9054054054,"GROSS_PROFIT_RATIO":3.898753328739,"EPS_TTM":-0.123202147487,"OPERATE_INCOME_QOQ":59.858241287804,"NET_PROFIT_RATIO":-11.9132652021,"ROE_AVG":-42.213688475287,"GROSS_PROFIT_QOQ":140.470400803822,"ROA":-36.715158751355,"HOLDER_PROFIT_QOQ":-1191.05780342931,"ROE_YEARLY":-42.213688475287,"ROIC_YEARLY":-36.83413347119,"TOTAL_ASSETS":477393859.18,"TOTAL_LIABILITIES":87298383.83,"TAX_EBT":null,"OCF_SALES":-0.267981306048,"TOTAL_PARENT_EQUITY":390095475.35,"DEBT_ASSET_RATIO":18.2864488412,"OPERATE_PROFIT":-208759878.81,"PRETAX_PROFIT":-208759878.81,"NETCASH_OPERATE":-4695920.39,"NETCASH_INVEST":11024738.34,"NETCASH_FINANCE":-7068445.51,"END_CASH":1466749.34,"DIVI_RATIO":null,"DIVIDEND_RATE":null,"CURRENT_RATIO":5.19874128463,"COMMON_ACS":500000000,"CURRENTDEBT_DEBT":99.501683226064,"ISSUED_COMMON_SHARES":169445000,"HK_COMMON_SHARES":169445000,"PER_SHARES":10000,"TOTAL_MARKET_CAP":49139050,"HKSK_MARKET_CAP":49139050,"PE_TTM":0.655528208001,"PB_TTM":0.122906312764,"REPORT_DATE_SQ":"2021-12-31 00:00:00","REPORT_TYPE_SQ":"2021年年报","OPERATE_INCOME_SQ":231706204.8,"DPS_HKD":null,"OPERATE_INCOME_QOQ_SQ":-48.169687328323,"NET_PROFIT_RATIO_SQ":-0.3133402494,"HOLDER_PROFIT_SQ":-726028.8,"HOLDER_PROFIT_QOQ_SQ":92.790604392447,"ROE_AVG_SQ":-0.132170491003,"PE_TTM_SQ":-0.162290759628,"PB_TTM_SQ":0.182701283098,"ROA_SQ":-0.120480538255,"START_DATE":"2022-01-01 00:00:00","FISCAL_YEAR":"12-31","CURRENCY":"HKD","IS_CNY_CODE":0,"DPS_HKD_LY":null,"ORG_TYPE":"一般企业","PREMIUM_INCOME":null,"PREMIUM_INCOME_YOY":null,"NET_INTEREST_INCOME":null,"NET_INTEREST_INCOME_YOY":null,"FEE_COMMISSION_INCOME":null,"FEE_COMMISSION_INCOME_YOY":null,"ACCOUNTS_RECE_TDAYS":11.007791347872,"INVENTORY_TDAYS":4.512567276609,"CURRENT_ASSETS_TDAYS":3.28023302867,"TOTAL_ASSETS_TDAYS":3.081872024885,"PREMIUM_EXPENSE":null,"LOAN_DEPOSIT":null,"LOAN_EQUITY":null,"LOAN_ASSETS":null,"DEPOSIT_EQUITY":null,"DEPOSIT_ASSETS":null,"EQUITY_MULTIPLIER":1.223787224786,"EQUITY_RATIO":0.223787224786},{"SECUCODE":"00911.HK","SECURITY_CODE":"00911","SECURITY_NAME_ABBR":"前海健康","ORG_CODE":"10400418","STD_REPORT_DATE":"2022-06-30 00:00:00","REPORT_DATE":"2022-06-30 00:00:00","DATE_TYPE_CODE":"002","REPORT_TYPE":"2022年中报","PER_NETCASH_OPERATE":0.085049628404,"PER_OI":0.60628628051,"BPS":3.483146046151,"BASIC_EPS":0.009920204,"DILUTED_EPS":0.009920204,"OPERATE_INCOME":1027321788.01,"OPERATE_INCOME_YOY":513.7930858293,"GROSS_PROFIT":24083860.78,"GROSS_PROFIT_YOY":174.11842939767,"HOLDER_PROFIT":16768565.52,"HOLDER_PROFIT_YOY":627.8061911171,"GROSS_PROFIT_RATIO":2.344334663305,"EPS_TTM":0.011291990864,"OPERATE_INCOME_QOQ":373.089742519489,"NET_PROFIT_RATIO":1.6322602826,"ROE_AVG":2.882101076378,"GROSS_PROFIT_QOQ":116.665251699181,"ROA":2.691657755332,"HOLDER_PROFIT_QOQ":2735.39324059872,"ROE_YEARLY":5.764202152757,"ROIC_YEARLY":6.075064598683,"TOTAL_ASSETS":614300080.8,"TOTAL_LIABILITIES":24098399.01,"TAX_EBT":null,"OCF_SALES":14.027965193764,"TOTAL_PARENT_EQUITY":590201681.79,"DEBT_ASSET_RATIO":3.9229034414,"OPERATE_PROFIT":16768565.52,"PRETAX_PROFIT":16768565.52,"NETCASH_OPERATE":144112342.85,"NETCASH_INVEST":-4275.95,"NETCASH_FINANCE":-6458394.88,"END_CASH":139761991.32,"DIVI_RATIO":null,"DIVIDEND_RATE":null,"CURRENT_RATIO":23.843926328117,"COMMON_ACS":500000000,"CURRENTDEBT_DEBT":100,"ISSUED_COMMON_SHARES":169445000,"HK_COMMON_SHARES":169445000,"PER_SHARES":10000,"TOTAL_MARKET_CAP":49139050,"HKSK_MARKET_CAP":49139050,"PE_TTM":0.655528208001,"PB_TTM":0.122906312764,"REPORT_DATE_SQ":"2021-06-30 00:00:00","REPORT_TYPE_SQ":"2021年中报","OPERATE_INCOME_SQ":162849705.12,"DPS_HKD":null,"OPERATE_INCOME_QOQ_SQ":-30.176428067585,"NET_PROFIT_RATIO_SQ":-1.8981779535,"HOLDER_PROFIT_SQ":-3091177.2,"HOLDER_PROFIT_QOQ_SQ":-1388.23863430814,"ROE_AVG_SQ":-0.554655184384,"PE_TTM_SQ":-0.162290759628,"PB_TTM_SQ":0.182701283098,"ROA_SQ":-0.49945214872,"START_DATE":"2022-01-01 00:00:00","FISCAL_YEAR":"12-31","CURRENCY":"HKD","IS_CNY_CODE":0,"DPS_HKD_LY":null,"ORG_TYPE":"一般企业","PREMIUM_INCOME":null,"PREMIUM_INCOME_YOY":null,"NET_INTEREST_INCOME":null,"NET_INTEREST_INCOME_YOY":null,"FEE_COMMISSION_INCOME":null,"FEE_COMMISSION_INCOME_YOY":null,"ACCOUNTS_RECE_TDAYS":5.171484659196,"INVENTORY_TDAYS":3.205404105678,"CURRENT_ASSETS_TDAYS":1.763425565053,"TOTAL_ASSETS_TDAYS":1.649037095404,"PREMIUM_EXPENSE":null,"LOAN_DEPOSIT":null,"LOAN_EQUITY":null,"LOAN_ASSETS":null,"DEPOSIT_EQUITY":null,"DEPOSIT_ASSETS":null,"EQUITY_MULTIPLIER":1.040830786753,"EQUITY_RATIO":0.040830786752},{"SECUCODE":"00911.HK","SECURITY_CODE":"00911","SECURITY_NAME_ABBR":"前海健康","ORG_CODE":"10400418","STD_REPORT_DATE":"2021-12-31 00:00:00","REPORT_DATE":"2021-12-31 00:00:00","DATE_TYPE_CODE":"001","REPORT_TYPE":"2021年年报","PER_NETCASH_OPERATE":-0.021316129245,"PER_OI":0.136744197114,"BPS":3.235432032813,"BASIC_EPS":-0.0004088,"DILUTED_EPS":-0.0004088,"OPERATE_INCOME":231706204.8,"OPERATE_INCOME_YOY":-62.7461316304,"GROSS_PROFIT":13112668.8,"GROSS_PROFIT_YOY":-65.476196383824,"HOLDER_PROFIT":-726028.8,"HOLDER_PROFIT_YOY":-10.447761194,"GROSS_PROFIT_RATIO":5.65917896386,"EPS_TTM":-0.000428474608,"OPERATE_INCOME_QOQ":-48.169687328323,"NET_PROFIT_RATIO":-0.3133402494,"ROE_AVG":-0.132170491003,"GROSS_PROFIT_QOQ":-56.348165212814,"ROA":-0.120480538255,"HOLDER_PROFIT_QOQ":92.790604392447,"ROE_YEARLY":-0.132170491003,"ROIC_YEARLY":-0.122039880104,"TOTAL_ASSETS":603900617.6,"TOTAL_LIABILITIES":55672836.8,"TAX_EBT":null,"OCF_SALES":-15.588324547103,"TOTAL_PARENT_EQUITY":548227780.8,"DEBT_ASSET_RATIO":9.2188739633,"OPERATE_PROFIT":-310688,"PRETAX_PROFIT":-726028.8,"NETCASH_OPERATE":-36119115.2,"NETCASH_INVEST":38297201.6,"NETCASH_FINANCE":-13538638.4,"END_CASH":2019472,"DIVI_RATIO":null,"DIVIDEND_RATE":null,"CURRENT_RATIO":10.141130512681,"COMMON_ACS":500000000,"CURRENTDEBT_DEBT":100,"ISSUED_COMMON_SHARES":169445000,"HK_COMMON_SHARES":169445000,"PER_SHARES":10000,"TOTAL_MARKET_CAP":49139050,"HKSK_MARKET_CAP":49139050,"PE_TTM":0.655528208001,"PB_TTM":0.122906312764,"REPORT_DATE_SQ":"2020-12-31 00:00:00","REPORT_TYPE_SQ":"2020年年报","OPERATE_INCOME_SQ":640253222.44,"DPS_HKD":null,"OPERATE_INCOME_QOQ_SQ":-23.441284828853,"NET_PROFIT_RATIO_SQ":-0.105689208,"HOLDER_PROFIT_SQ":-676678.56,"HOLDER_PROFIT_QOQ_SQ":-102.928409728049,"ROE_AVG_SQ":-0.120395418086,"PE_TTM_SQ":-0.162290759628,"PB_TTM_SQ":0.182701283098,"ROA_SQ":-0.105680942138,"START_DATE":"2021-01-01 00:00:00","FISCAL_YEAR":"12-31","CURRENCY":"HKD","IS_CNY_CODE":0,"DPS_HKD_LY":null,"ORG_TYPE":"一般企业","PREMIUM_INCOME":null,"PREMIUM_INCOME_YOY":null,"NET_INTEREST_INCOME":null,"NET_INTEREST_INCOME_YOY":null,"FEE_COMMISSION_INCOME":null,"FEE_COMMISSION_INCOME_YOY":null,"ACCOUNTS_RECE_TDAYS":1.273561503478,"INVENTORY_TDAYS":0.684255044705,"CURRENT_ASSETS_TDAYS":0.455131345024,"TOTAL_ASSETS_TDAYS":0.384503869148,"PREMIUM_EXPENSE":null,"LOAN_DEPOSIT":null,"LOAN_EQUITY":null,"LOAN_ASSETS":null,"DEPOSIT_EQUITY":null,"DEPOSIT_ASSETS":null,"EQUITY_MULTIPLIER":1.101550557542,"EQUITY_RATIO":0.101550557542},{"SECUCODE":"00911.HK","SECURITY_CODE":"00911","SECURITY_NAME_ABBR":"前海健康","ORG_CODE":"10400418","STD_REPORT_DATE":"2021-06-30 00:00:00","REPORT_DATE":"2021-06-30 00:00:00","DATE_TYPE_CODE":"002","REPORT_TYPE":"2021年中报","PER_NETCASH_OPERATE":-0.003447747537,"PER_OI":0.096203658593,"BPS":3.272363485497,"BASIC_EPS":-0.001830576,"DILUTED_EPS":null,"OPERATE_INCOME":162849705.12,"OPERATE_INCOME_YOY":-49.7906597297,"GROSS_PROFIT":8785932.72,"GROSS_PROFIT_YOY":-53.119310643819,"HOLDER_PROFIT":-3091177.2,"HOLDER_PROFIT_YOY":-153.8405797101,"GROSS_PROFIT_RATIO":6.631104570956,"EPS_TTM":-0.005949214159,"OPERATE_INCOME_QOQ":-30.176428067585,"NET_PROFIT_RATIO":-1.8981779535,"ROE_AVG":-0.554655184384,"GROSS_PROFIT_QOQ":-20.910990833515,"ROA":-0.49945214872,"HOLDER_PROFIT_QOQ":-1388.23863430814,"ROE_YEARLY":-1.109310368767,"ROIC_YEARLY":-1.014579632211,"TOTAL_ASSETS":625856460.72,"TOTAL_LIABILITIES":71370829.92,"TAX_EBT":null,"OCF_SALES":-3.583800852264,"TOTAL_PARENT_EQUITY":554485630.8,"DEBT_ASSET_RATIO":11.4037058654,"OPERATE_PROFIT":-2862355.2,"PRETAX_PROFIT":-3091177.2,"NETCASH_OPERATE":-5836209.12,"NETCASH_INVEST":1485262.8,"NETCASH_FINANCE":-3988159.44,"END_CASH":5507537.52,"DIVI_RATIO":null,"DIVIDEND_RATE":null,"CURRENT_RATIO":8.083189029812,"COMMON_ACS":500000000,"CURRENTDEBT_DEBT":99.643248536853,"ISSUED_COMMON_SHARES":169445000,"HK_COMMON_SHARES":169445000,"PER_SHARES":10000,"TOTAL_MARKET_CAP":49139050,"HKSK_MARKET_CAP":49139050,"PE_TTM":0.655528208001,"PB_TTM":0.122906312764,"REPORT_DATE_SQ":"2020-06-30 00:00:00","REPORT_TYPE_SQ":"2020年中报","OPERATE_INCOME_SQ":356055258.24,"DPS_HKD":null,"OPERATE_INCOME_QOQ_SQ":58.825518703579,"NET_PROFIT_RATIO_SQ":1.7701566973,"HOLDER_PROFIT_SQ":6302736,"HOLDER_PROFIT_QOQ_SQ":-3.44071632953,"ROE_AVG_SQ":1.037577602158,"PE_TTM_SQ":-0.162290759628,"PB_TTM_SQ":0.182701283098,"ROA_SQ":0.917783857911,"START_DATE":"2021-01-01 00:00:00","FISCAL_YEAR":"12-31","CURRENCY":"HKD","IS_CNY_CODE":0,"DPS_HKD_LY":null,"ORG_TYPE":"一般企业","PREMIUM_INCOME":null,"PREMIUM_INCOME_YOY":null,"NET_INTEREST_INCOME":null,"NET_INTEREST_INCOME_YOY":null,"FEE_COMMISSION_INCOME":null,"FEE_COMMISSION_INCOME_YOY":null,"ACCOUNTS_RECE_TDAYS":0.714072274123,"INVENTORY_TDAYS":0.541830920976,"CURRENT_ASSETS_TDAYS":0.314233418429,"TOTAL_ASSETS_TDAYS":0.263121878424,"PREMIUM_EXPENSE":null,"LOAN_DEPOSIT":null,"LOAN_EQUITY":null,"LOAN_ASSETS":null,"DEPOSIT_EQUITY":null,"DEPOSIT_ASSETS":null,"EQUITY_MULTIPLIER":1.128715382249,"EQUITY_RATIO":0.128715382249},{"SECUCODE":"00911.HK","SECURITY_CODE":"00911","SECURITY_NAME_ABBR":"前海健康","ORG_CODE":"10400418","STD_REPORT_DATE":"2020-12-31 00:00:00","REPORT_DATE":"2020-12-31 00:00:00","DATE_TYPE_CODE":"001","REPORT_TYPE":"2020年年报","PER_NETCASH_OPERATE":-0.03524450781,"PER_OI":0.378230358964,"BPS":3.343741420756,"BASIC_EPS":-0.00042082,"DILUTED_EPS":-0.00042082,"OPERATE_INCOME":640253222.44,"OPERATE_INCOME_YOY":29.4165782024,"GROSS_PROFIT":37981529.92,"GROSS_PROFIT_YOY":29.732616947482,"HOLDER_PROFIT":-676678.56,"HOLDER_PROFIT_YOY":-103.0095451993,"GROSS_PROFIT_RATIO":5.932266888912,"EPS_TTM":-0.000399748671,"OPERATE_INCOME_QOQ":-23.441284828853,"NET_PROFIT_RATIO":-0.105689208,"ROE_AVG":-0.120395418086,"GROSS_PROFIT_QOQ":-2.365898560038,"ROA":-0.105680942138,"HOLDER_PROFIT_QOQ":-102.928409728049,"ROE_YEARLY":-0.120395418086,"ROIC_YEARLY":-0.108268465396,"TOTAL_ASSETS":619001812.44,"TOTAL_LIABILITIES":52421547.4,"TAX_EBT":null,"OCF_SALES":-9.31826517212,"TOTAL_PARENT_EQUITY":566580265.04,"DEBT_ASSET_RATIO":8.4687227641,"OPERATE_PROFIT":702769.4,"PRETAX_PROFIT":-676678.56,"NETCASH_OPERATE":-59660493.04,"NETCASH_INVEST":103044510.12,"NETCASH_FINANCE":-46453478.16,"END_CASH":13773438.6,"DIVI_RATIO":null,"DIVIDEND_RATE":null,"CURRENT_RATIO":9.003813758743,"COMMON_ACS":500000000,"CURRENTDEBT_DEBT":98.930721682588,"ISSUED_COMMON_SHARES":169445000,"HK_COMMON_SHARES":169445000,"PER_SHARES":10000,"TOTAL_MARKET_CAP":49139050,"HKSK_MARKET_CAP":49139050,"PE_TTM":0.655528208001,"PB_TTM":0.122906312764,"REPORT_DATE_SQ":"2019-12-31 00:00:00","REPORT_TYPE_SQ":"2019年年报","OPERATE_INCOME_SQ":526546650.24,"DPS_HKD":null,"OPERATE_INCOME_QOQ_SQ":543.513045985274,"NET_PROFIT_RATIO_SQ":4.54485138,"HOLDER_PROFIT_SQ":23930762.7,"HOLDER_PROFIT_QOQ_SQ":1664.77627811563,"ROE_AVG_SQ":4.116427960585,"PE_TTM_SQ":-0.162290759628,"PB_TTM_SQ":0.182701283098,"ROA_SQ":3.613499596246,"START_DATE":"2020-01-01 00:00:00","FISCAL_YEAR":"12-31","CURRENCY":"HKD","IS_CNY_CODE":0,"DPS_HKD_LY":null,"ORG_TYPE":"一般企业","PREMIUM_INCOME":null,"PREMIUM_INCOME_YOY":null,"NET_INTEREST_INCOME":null,"NET_INTEREST_INCOME_YOY":null,"FEE_COMMISSION_INCOME":null,"FEE_COMMISSION_INCOME_YOY":null,"ACCOUNTS_RECE_TDAYS":3.195145461838,"INVENTORY_TDAYS":2.738472548037,"CURRENT_ASSETS_TDAYS":1.430323256918,"TOTAL_ASSETS_TDAYS":0.999921790845,"PREMIUM_EXPENSE":null,"LOAN_DEPOSIT":null,"LOAN_EQUITY":null,"LOAN_ASSETS":null,"DEPOSIT_EQUITY":null,"DEPOSIT_ASSETS":null,"EQUITY_MULTIPLIER":1.092522720319,"EQUITY_RATIO":0.092522720318},{"SECUCODE":"00911.HK","SECURITY_CODE":"00911","SECURITY_NAME_ABBR":"前海健康","ORG_CODE":"10400418","STD_REPORT_DATE":"2020-06-30 00:00:00","REPORT_DATE":"2020-06-30 00:00:00","DATE_TYPE_CODE":"002","REPORT_TYPE":"2020年中报","PER_NETCASH_OPERATE":-0.040624973652,"PER_OI":0.210340070796,"BPS":3.598925028888,"BASIC_EPS":0.003745104,"DILUTED_EPS":0.003745104,"OPERATE_INCOME":356055258.24,"OPERATE_INCOME_YOY":640.395464129,"GROSS_PROFIT":18741048.48,"GROSS_PROFIT_YOY":105.586002411619,"HOLDER_PROFIT":6302736,"HOLDER_PROFIT_YOY":-14.8253302061,"GROSS_PROFIT_RATIO":5.263522457901,"EPS_TTM":0.013650708334,"OPERATE_INCOME_QOQ":58.825518703579,"NET_PROFIT_RATIO":1.7701566973,"ROE_AVG":1.037577602158,"GROSS_PROFIT_QOQ":32.876336274021,"ROA":0.917783857911,"HOLDER_PROFIT_QOQ":-3.44071632953,"ROE_YEARLY":2.075155204316,"ROIC_YEARLY":1.8821950486,"TOTAL_ASSETS":655422430.08,"TOTAL_LIABILITIES":45602578.56,"TAX_EBT":null,"OCF_SALES":-19.313948834775,"TOTAL_PARENT_EQUITY":609819851.52,"DEBT_ASSET_RATIO":6.9577384702,"OPERATE_PROFIT":7173244.32,"PRETAX_PROFIT":6302736,"NETCASH_OPERATE":-68768330.4,"NETCASH_INVEST":111735634.56,"NETCASH_FINANCE":-45460995.36,"END_CASH":15756840,"DIVI_RATIO":null,"DIVIDEND_RATE":null,"CURRENT_RATIO":10.888610712916,"COMMON_ACS":500000000,"CURRENTDEBT_DEBT":99.208797372005,"ISSUED_COMMON_SHARES":169445000,"HK_COMMON_SHARES":169445000,"PER_SHARES":10000,"TOTAL_MARKET_CAP":49139050,"HKSK_MARKET_CAP":49139050,"PE_TTM":0.655528208001,"PB_TTM":0.122906312764,"REPORT_DATE_SQ":"2019-06-30 00:00:00","REPORT_TYPE_SQ":"2019年中报","OPERATE_INCOME_SQ":46311460.02,"DPS_HKD":null,"OPERATE_INCOME_QOQ_SQ":19.652020149618,"NET_PROFIT_RATIO_SQ":15.3873914943,"HOLDER_PROFIT_SQ":7126125.66,"HOLDER_PROFIT_QOQ_SQ":-69.481019376486,"ROE_AVG_SQ":1.264769434452,"PE_TTM_SQ":-0.162290759628,"PB_TTM_SQ":0.182701283098,"ROA_SQ":1.166901818774,"START_DATE":"2020-01-01 00:00:00","FISCAL_YEAR":"12-31","CURRENCY":"HKD","IS_CNY_CODE":0,"DPS_HKD_LY":null,"ORG_TYPE":"一般企业","PREMIUM_INCOME":null,"PREMIUM_INCOME_YOY":null,"NET_INTEREST_INCOME":null,"NET_INTEREST_INCOME_YOY":null,"FEE_COMMISSION_INCOME":null,"FEE_COMMISSION_INCOME_YOY":null,"ACCOUNTS_RECE_TDAYS":1.663175725407,"INVENTORY_TDAYS":1.437809172833,"CURRENT_ASSETS_TDAYS":0.743742850846,"TOTAL_ASSETS_TDAYS":0.518476053157,"PREMIUM_EXPENSE":null,"LOAN_DEPOSIT":null,"LOAN_EQUITY":null,"LOAN_ASSETS":null,"DEPOSIT_EQUITY":null,"DEPOSIT_ASSETS":null,"EQUITY_MULTIPLIER":1.074780410061,"EQUITY_RATIO":0.074780410061}],"count":25},"success":true,"message":"ok","code":0}