{"version":"7078d0d0499b2addc6d6d154ba8f5129","result":{"pages":6,"data":[{"SECUCODE":"00913.HK","SECURITY_CODE":"00913","SECURITY_NAME_ABBR":"港湾数字","ORG_CODE":"10009160","STD_REPORT_DATE":"2024-06-30 00:00:00","REPORT_DATE":"2024-06-30 00:00:00","DATE_TYPE_CODE":"002","REPORT_TYPE":"2024年中报","PER_NETCASH_OPERATE":-0.008071714825,"PER_OI":0.001858192094,"BPS":0.331729988029,"BASIC_EPS":-0.146850212,"DILUTED_EPS":-0.146850212,"OPERATE_INCOME":549433.36,"OPERATE_INCOME_YOY":-28.3333333333,"GROSS_PROFIT":null,"GROSS_PROFIT_YOY":null,"HOLDER_PROFIT":-41912090.96,"HOLDER_PROFIT_YOY":-37.7632447351,"GROSS_PROFIT_RATIO":null,"EPS_TTM":-0.083114584238,"OPERATE_INCOME_QOQ":-7.299147828183,"NET_PROFIT_RATIO":-7628.2392026578,"ROE_AVG":-30.68944661826,"GROSS_PROFIT_QOQ":null,"ROA":-30.556609109359,"HOLDER_PROFIT_QOQ":-83.444812121265,"ROE_YEARLY":-61.37889323652,"ROIC_YEARLY":-62.341928958818,"TOTAL_ASSETS":118123609,"TOTAL_LIABILITIES":419832.8,"TAX_EBT":null,"OCF_SALES":-434.385382059801,"TOTAL_PARENT_EQUITY":117703776.2,"DEBT_ASSET_RATIO":0.3554181959,"OPERATE_PROFIT":-2267097.12,"PRETAX_PROFIT":-41912090.96,"NETCASH_OPERATE":-2386658.2,"NETCASH_INVEST":null,"NETCASH_FINANCE":4182812.44,"END_CASH":3601435.28,"DIVI_RATIO":null,"DIVIDEND_RATE":null,"CURRENT_RATIO":240.578260869565,"COMMON_ACS":2000000000000,"CURRENTDEBT_DEBT":100,"ISSUED_COMMON_SHARES":354818016,"HK_COMMON_SHARES":354818016,"PER_SHARES":10000,"TOTAL_MARKET_CAP":86930413.92,"HKSK_MARKET_CAP":86930413.92,"PE_TTM":-3.176004308209,"PB_TTM":0.67406206273,"REPORT_DATE_SQ":"2023-06-30 00:00:00","REPORT_TYPE_SQ":"2023年中报","OPERATE_INCOME_SQ":774463.2,"DPS_HKD":null,"OPERATE_INCOME_QOQ_SQ":-38.529284582486,"NET_PROFIT_RATIO_SQ":-3968.3333333333,"HOLDER_PROFIT_SQ":-30733281.32,"HOLDER_PROFIT_QOQ_SQ":13.612612391914,"ROE_AVG_SQ":-19.792186201164,"PE_TTM_SQ":-7.027745133347,"PB_TTM_SQ":1.630543570144,"ROA_SQ":-19.683205149024,"START_DATE":"2024-01-01 00:00:00","FISCAL_YEAR":"12-31","CURRENCY":"HKD","IS_CNY_CODE":0,"DPS_HKD_LY":null,"ORG_TYPE":"证券","PREMIUM_INCOME":null,"PREMIUM_INCOME_YOY":null,"NET_INTEREST_INCOME":null,"NET_INTEREST_INCOME_YOY":null,"FEE_COMMISSION_INCOME":null,"FEE_COMMISSION_INCOME_YOY":null,"ACCOUNTS_RECE_TDAYS":null,"INVENTORY_TDAYS":null,"CURRENT_ASSETS_TDAYS":0.004566625704,"TOTAL_ASSETS_TDAYS":0.004005722461,"PREMIUM_EXPENSE":null,"LOAN_DEPOSIT":null,"LOAN_EQUITY":null,"LOAN_ASSETS":null,"DEPOSIT_EQUITY":null,"DEPOSIT_ASSETS":null,"EQUITY_MULTIPLIER":1.003566859226,"EQUITY_RATIO":0.003566859225},{"SECUCODE":"00913.HK","SECURITY_CODE":"00913","SECURITY_NAME_ABBR":"港湾数字","ORG_CODE":"10009160","STD_REPORT_DATE":"2023-12-31 00:00:00","REPORT_DATE":"2023-12-31 00:00:00","DATE_TYPE_CODE":"001","REPORT_TYPE":"2023年年报","PER_NETCASH_OPERATE":-0.017551904946,"PER_OI":0.010964300519,"BPS":0.434963513465,"BASIC_EPS":-0.045311,"DILUTED_EPS":-0.045311,"OPERATE_INCOME":3082960.44,"OPERATE_INCOME_YOY":89.5264623955,"GROSS_PROFIT":null,"GROSS_PROFIT_YOY":null,"HOLDER_PROFIT":-13396650.26,"HOLDER_PROFIT_YOY":66.4632486388,"GROSS_PROFIT_RATIO":null,"EPS_TTM":-0.047644107753,"OPERATE_INCOME_QOQ":212.789728247171,"NET_PROFIT_RATIO":-434.5385067607,"ROE_AVG":-8.319287770371,"GROSS_PROFIT_QOQ":null,"ROA":-8.267087952801,"HOLDER_PROFIT_QOQ":60.615843898452,"ROE_YEARLY":-8.319287770371,"ROIC_YEARLY":-8.490292419156,"TOTAL_ASSETS":155095021.9,"TOTAL_LIABILITIES":762131.02,"TAX_EBT":null,"OCF_SALES":-160.082304526749,"TOTAL_PARENT_EQUITY":154332890.88,"DEBT_ASSET_RATIO":0.4913961845,"OPERATE_PROFIT":-19547165.4,"PRETAX_PROFIT":-13396650.26,"NETCASH_OPERATE":-4935274.12,"NETCASH_INVEST":null,"NETCASH_FINANCE":null,"END_CASH":1792503.16,"DIVI_RATIO":null,"DIVIDEND_RATE":null,"CURRENT_RATIO":181.909631391201,"COMMON_ACS":2000000000000,"CURRENTDEBT_DEBT":100,"ISSUED_COMMON_SHARES":354818016,"HK_COMMON_SHARES":354818016,"PER_SHARES":10000,"TOTAL_MARKET_CAP":118864035.36,"HKSK_MARKET_CAP":118864035.36,"PE_TTM":-4.342699768368,"PB_TTM":0.921676698019,"REPORT_DATE_SQ":"2022-12-31 00:00:00","REPORT_TYPE_SQ":"2022年年报","OPERATE_INCOME_SQ":1603419.65,"DPS_HKD":null,"OPERATE_INCOME_QOQ_SQ":0.472814860861,"NET_PROFIT_RATIO_SQ":-2455.7103064067,"HOLDER_PROFIT_SQ":-39375341.6,"HOLDER_PROFIT_QOQ_SQ":36.349643251138,"ROE_AVG_SQ":-21.922931545547,"PE_TTM_SQ":-7.027745133347,"PB_TTM_SQ":1.630543570144,"ROA_SQ":-21.810445065684,"START_DATE":"2023-01-01 00:00:00","FISCAL_YEAR":"12-31","CURRENCY":"HKD","IS_CNY_CODE":0,"DPS_HKD_LY":null,"ORG_TYPE":"证券","PREMIUM_INCOME":null,"PREMIUM_INCOME_YOY":null,"NET_INTEREST_INCOME":null,"NET_INTEREST_INCOME_YOY":null,"FEE_COMMISSION_INCOME":null,"FEE_COMMISSION_INCOME_YOY":null,"ACCOUNTS_RECE_TDAYS":null,"INVENTORY_TDAYS":null,"CURRENT_ASSETS_TDAYS":0.021105789513,"TOTAL_ASSETS_TDAYS":0.019024983573,"PREMIUM_EXPENSE":null,"LOAN_DEPOSIT":null,"LOAN_EQUITY":null,"LOAN_ASSETS":null,"DEPOSIT_EQUITY":null,"DEPOSIT_ASSETS":null,"EQUITY_MULTIPLIER":1.00493822811,"EQUITY_RATIO":0.00493822811},{"SECUCODE":"00913.HK","SECURITY_CODE":"00913","SECURITY_NAME_ABBR":"港湾数字","ORG_CODE":"10009160","STD_REPORT_DATE":"2023-06-30 00:00:00","REPORT_DATE":"2023-06-30 00:00:00","DATE_TYPE_CODE":"002","REPORT_TYPE":"2023年中报","PER_NETCASH_OPERATE":-0.021595149015,"PER_OI":0.002754316,"BPS":0.394323919956,"BASIC_EPS":-0.10925463,"DILUTED_EPS":-0.10925463,"OPERATE_INCOME":774463.2,"OPERATE_INCOME_YOY":-48.4029484029,"GROSS_PROFIT":null,"GROSS_PROFIT_YOY":null,"HOLDER_PROFIT":-30733281.32,"HOLDER_PROFIT_YOY":21.0188366307,"GROSS_PROFIT_RATIO":null,"EPS_TTM":-0.120972778063,"OPERATE_INCOME_QOQ":-38.529284582486,"NET_PROFIT_RATIO":-3968.3333333333,"ROE_AVG":-19.792186201164,"GROSS_PROFIT_QOQ":null,"ROA":-19.683205149024,"HOLDER_PROFIT_QOQ":13.612612391914,"ROE_YEARLY":-39.584372402328,"ROIC_YEARLY":-40.350680752808,"TOTAL_ASSETS":140339185.7,"TOTAL_LIABILITIES":425954.76,"TAX_EBT":null,"OCF_SALES":-784.047619047619,"TOTAL_PARENT_EQUITY":139913230.94,"DEBT_ASSET_RATIO":0.3035180501,"OPERATE_PROFIT":-2901471.06,"PRETAX_PROFIT":-30733281.32,"NETCASH_OPERATE":-6072160.28,"NETCASH_INVEST":null,"NETCASH_FINANCE":null,"END_CASH":772619.24,"DIVI_RATIO":null,"DIVIDEND_RATE":null,"CURRENT_RATIO":293.766233766234,"COMMON_ACS":2000000000000,"CURRENTDEBT_DEBT":100,"ISSUED_COMMON_SHARES":354818016,"HK_COMMON_SHARES":354818016,"PER_SHARES":10000,"TOTAL_MARKET_CAP":118864035.36,"HKSK_MARKET_CAP":118864035.36,"PE_TTM":-4.342699768368,"PB_TTM":0.921676698019,"REPORT_DATE_SQ":"2022-06-30 00:00:00","REPORT_TYPE_SQ":"2022年中报","OPERATE_INCOME_SQ":1392249.32,"DPS_HKD":null,"OPERATE_INCOME_QOQ_SQ":440.69275116414,"NET_PROFIT_RATIO_SQ":-2592.4447174447,"HOLDER_PROFIT_SQ":-36093293.95,"HOLDER_PROFIT_QOQ_SQ":-234.14076562533,"ROE_AVG_SQ":-20.892943773947,"PE_TTM_SQ":-7.027745133347,"PB_TTM_SQ":1.630543570144,"ROA_SQ":-20.765118733379,"START_DATE":"2023-01-01 00:00:00","FISCAL_YEAR":"12-31","CURRENCY":"HKD","IS_CNY_CODE":0,"DPS_HKD_LY":null,"ORG_TYPE":"证券","PREMIUM_INCOME":null,"PREMIUM_INCOME_YOY":null,"NET_INTEREST_INCOME":null,"NET_INTEREST_INCOME_YOY":null,"FEE_COMMISSION_INCOME":null,"FEE_COMMISSION_INCOME_YOY":null,"ACCOUNTS_RECE_TDAYS":null,"INVENTORY_TDAYS":null,"CURRENT_ASSETS_TDAYS":0.005506210875,"TOTAL_ASSETS_TDAYS":0.004960068496,"PREMIUM_EXPENSE":null,"LOAN_DEPOSIT":null,"LOAN_EQUITY":null,"LOAN_ASSETS":null,"DEPOSIT_EQUITY":null,"DEPOSIT_ASSETS":null,"EQUITY_MULTIPLIER":1.003044420868,"EQUITY_RATIO":0.003044420868},{"SECUCODE":"00913.HK","SECURITY_CODE":"00913","SECURITY_NAME_ABBR":"港湾数字","ORG_CODE":"10009160","STD_REPORT_DATE":"2022-12-31 00:00:00","REPORT_DATE":"2022-12-31 00:00:00","DATE_TYPE_CODE":"001","REPORT_TYPE":"2022年年报","PER_NETCASH_OPERATE":0.018441572545,"PER_OI":0.005702432854,"BPS":0.4659646834,"BASIC_EPS":-0.1429232,"DILUTED_EPS":-0.1429232,"OPERATE_INCOME":1603419.65,"OPERATE_INCOME_YOY":397.2299168975,"GROSS_PROFIT":null,"GROSS_PROFIT_YOY":null,"HOLDER_PROFIT":-39375341.6,"HOLDER_PROFIT_YOY":-94.6652534888,"GROSS_PROFIT_RATIO":null,"EPS_TTM":-0.140035231314,"OPERATE_INCOME_QOQ":0.472814860861,"NET_PROFIT_RATIO":-2455.7103064067,"ROE_AVG":-21.922931545547,"GROSS_PROFIT_QOQ":null,"ROA":-21.810445065684,"HOLDER_PROFIT_QOQ":36.349643251138,"ROE_YEARLY":-21.922931545547,"ROIC_YEARLY":-22.25335403178,"TOTAL_ASSETS":166585922.3,"TOTAL_LIABILITIES":1253257.81,"TAX_EBT":null,"OCF_SALES":323.398328690808,"TOTAL_PARENT_EQUITY":165332664.49,"DEBT_ASSET_RATIO":0.7523191592,"OPERATE_PROFIT":-66061782.85,"PRETAX_PROFIT":-39375341.6,"NETCASH_OPERATE":5185432.35,"NETCASH_INVEST":null,"NETCASH_FINANCE":null,"END_CASH":6631636.48,"DIVI_RATIO":null,"DIVIDEND_RATE":null,"CURRENT_RATIO":120.734141126158,"COMMON_ACS":2000000000000,"CURRENTDEBT_DEBT":100,"ISSUED_COMMON_SHARES":354818016,"HK_COMMON_SHARES":354818016,"PER_SHARES":10000,"TOTAL_MARKET_CAP":118864035.36,"HKSK_MARKET_CAP":118864035.36,"PE_TTM":-4.342699768368,"PB_TTM":0.921676698019,"REPORT_DATE_SQ":"2021-12-31 00:00:00","REPORT_TYPE_SQ":"2021年年报","OPERATE_INCOME_SQ":295153.6,"DPS_HKD":null,"OPERATE_INCOME_QOQ_SQ":100.843129377463,"NET_PROFIT_RATIO_SQ":-6272.5761772853,"HOLDER_PROFIT_SQ":-18513734.4,"HOLDER_PROFIT_QOQ_SQ":-278.8220344095,"ROE_AVG_SQ":-10.14193513712,"PE_TTM_SQ":-7.027745133347,"PB_TTM_SQ":1.630543570144,"ROA_SQ":-10.112766004957,"START_DATE":"2022-01-01 00:00:00","FISCAL_YEAR":"12-31","CURRENCY":"HKD","IS_CNY_CODE":0,"DPS_HKD_LY":null,"ORG_TYPE":"证券","PREMIUM_INCOME":null,"PREMIUM_INCOME_YOY":null,"NET_INTEREST_INCOME":null,"NET_INTEREST_INCOME_YOY":null,"FEE_COMMISSION_INCOME":null,"FEE_COMMISSION_INCOME_YOY":null,"ACCOUNTS_RECE_TDAYS":null,"INVENTORY_TDAYS":null,"CURRENT_ASSETS_TDAYS":0.010924804479,"TOTAL_ASSETS_TDAYS":0.008881521981,"PREMIUM_EXPENSE":null,"LOAN_DEPOSIT":null,"LOAN_EQUITY":null,"LOAN_ASSETS":null,"DEPOSIT_EQUITY":null,"DEPOSIT_ASSETS":null,"EQUITY_MULTIPLIER":1.007580219032,"EQUITY_RATIO":0.007580219032},{"SECUCODE":"00913.HK","SECURITY_CODE":"00913","SECURITY_NAME_ABBR":"港湾数字","ORG_CODE":"10009160","STD_REPORT_DATE":"2022-06-30 00:00:00","REPORT_DATE":"2022-06-30 00:00:00","DATE_TYPE_CODE":"002","REPORT_TYPE":"2022年中报","PER_NETCASH_OPERATE":0.025605667517,"PER_OI":0.004951422582,"BPS":0.45062223664,"BASIC_EPS":-0.130245437,"DILUTED_EPS":-0.130245437,"OPERATE_INCOME":1392249.32,"OPERATE_INCOME_YOY":1380,"GROSS_PROFIT":null,"GROSS_PROFIT_YOY":null,"HOLDER_PROFIT":-36093293.95,"HOLDER_PROFIT_YOY":-584.0578047941,"GROSS_PROFIT_RATIO":null,"EPS_TTM":-0.220006985768,"OPERATE_INCOME_QOQ":440.69275116414,"NET_PROFIT_RATIO":-2592.4447174447,"ROE_AVG":-20.892943773947,"GROSS_PROFIT_QOQ":null,"ROA":-20.765118733379,"HOLDER_PROFIT_QOQ":-234.14076562533,"ROE_YEARLY":-41.785887547895,"ROIC_YEARLY":-42.648652608763,"TOTAL_ASSETS":161441913.01,"TOTAL_LIABILITIES":1553025.04,"TAX_EBT":null,"OCF_SALES":517.137592137592,"TOTAL_PARENT_EQUITY":159888887.97,"DEBT_ASSET_RATIO":0.9619714057,"OPERATE_PROFIT":-36093293.95,"PRETAX_PROFIT":-36093293.95,"NETCASH_OPERATE":7199844.61,"NETCASH_INVEST":null,"NETCASH_FINANCE":854334.81,"END_CASH":8585252.41,"DIVI_RATIO":null,"DIVIDEND_RATE":null,"CURRENT_RATIO":92.761013215859,"COMMON_ACS":2000000000000,"CURRENTDEBT_DEBT":100,"ISSUED_COMMON_SHARES":354818016,"HK_COMMON_SHARES":354818016,"PER_SHARES":10000,"TOTAL_MARKET_CAP":118864035.36,"HKSK_MARKET_CAP":118864035.36,"PE_TTM":-4.342699768368,"PB_TTM":0.921676698019,"REPORT_DATE_SQ":"2021-06-30 00:00:00","REPORT_TYPE_SQ":"2021年中报","OPERATE_INCOME_SQ":91528.8,"DPS_HKD":null,"OPERATE_INCOME_QOQ_SQ":21.255722953599,"NET_PROFIT_RATIO_SQ":7926.3636363636,"HOLDER_PROFIT_SQ":7254905.52,"HOLDER_PROFIT_QOQ_SQ":86.294513195788,"ROE_AVG_SQ":3.648849978238,"PE_TTM_SQ":-7.027745133347,"PB_TTM_SQ":1.630543570144,"ROA_SQ":3.642386872535,"START_DATE":"2022-01-01 00:00:00","FISCAL_YEAR":"12-31","CURRENCY":"HKD","IS_CNY_CODE":0,"DPS_HKD_LY":null,"ORG_TYPE":"证券","PREMIUM_INCOME":null,"PREMIUM_INCOME_YOY":null,"NET_INTEREST_INCOME":null,"NET_INTEREST_INCOME_YOY":null,"FEE_COMMISSION_INCOME":null,"FEE_COMMISSION_INCOME_YOY":null,"ACCOUNTS_RECE_TDAYS":null,"INVENTORY_TDAYS":null,"CURRENT_ASSETS_TDAYS":0.009936705384,"TOTAL_ASSETS_TDAYS":0.008009859803,"PREMIUM_EXPENSE":null,"LOAN_DEPOSIT":null,"LOAN_EQUITY":null,"LOAN_ASSETS":null,"DEPOSIT_EQUITY":null,"DEPOSIT_ASSETS":null,"EQUITY_MULTIPLIER":1.0097131518,"EQUITY_RATIO":0.0097131518},{"SECUCODE":"00913.HK","SECURITY_CODE":"00913","SECURITY_NAME_ABBR":"港湾数字","ORG_CODE":"10009160","STD_REPORT_DATE":"2021-12-31 00:00:00","REPORT_DATE":"2021-12-31 00:00:00","DATE_TYPE_CODE":"001","REPORT_TYPE":"2021年年报","PER_NETCASH_OPERATE":-0.02112516005,"PER_OI":0.001070942673,"BPS":0.500141634296,"BASIC_EPS":-0.073584,"DILUTED_EPS":-0.073584,"OPERATE_INCOME":295153.6,"OPERATE_INCOME_YOY":150.6944444444,"GROSS_PROFIT":null,"GROSS_PROFIT_YOY":null,"HOLDER_PROFIT":-18513734.4,"HOLDER_PROFIT_YOY":46.5540030211,"GROSS_PROFIT_RATIO":null,"EPS_TTM":-0.06717569501,"OPERATE_INCOME_QOQ":100.843129377463,"NET_PROFIT_RATIO":-6272.5761772853,"ROE_AVG":-10.14193513712,"GROSS_PROFIT_QOQ":null,"ROA":-10.112766004957,"HOLDER_PROFIT_QOQ":-278.8220344095,"ROE_YEARLY":-10.14193513712,"ROIC_YEARLY":-10.143502518629,"TOTAL_ASSETS":178007872,"TOTAL_LIABILITIES":548609.6,"TAX_EBT":null,"OCF_SALES":-1972.57617728532,"TOTAL_PARENT_EQUITY":177459262.4,"DEBT_ASSET_RATIO":0.3081940107,"OPERATE_PROFIT":-6936518.4,"PRETAX_PROFIT":-18513734.4,"NETCASH_OPERATE":-5822129.6,"NETCASH_INVEST":null,"NETCASH_FINANCE":5728105.6,"END_CASH":507729.6,"DIVI_RATIO":null,"DIVIDEND_RATE":null,"CURRENT_RATIO":237.287630402384,"COMMON_ACS":2000000000000,"CURRENTDEBT_DEBT":100,"ISSUED_COMMON_SHARES":354818016,"HK_COMMON_SHARES":354818016,"PER_SHARES":10000,"TOTAL_MARKET_CAP":118864035.36,"HKSK_MARKET_CAP":118864035.36,"PE_TTM":-4.342699768368,"PB_TTM":0.921676698019,"REPORT_DATE_SQ":"2020-12-31 00:00:00","REPORT_TYPE_SQ":"2020年年报","OPERATE_INCOME_SQ":121196.16,"DPS_HKD":null,"OPERATE_INCOME_QOQ_SQ":-49.203900995769,"NET_PROFIT_RATIO_SQ":-29422.2222222222,"HOLDER_PROFIT_SQ":-35658603.52,"HOLDER_PROFIT_QOQ_SQ":54.467908564747,"ROE_AVG_SQ":-17.133544429212,"PE_TTM_SQ":-7.027745133347,"PB_TTM_SQ":1.630543570144,"ROA_SQ":-17.067697947509,"START_DATE":"2021-01-01 00:00:00","FISCAL_YEAR":"12-31","CURRENCY":"HKD","IS_CNY_CODE":0,"DPS_HKD_LY":null,"ORG_TYPE":"证券","PREMIUM_INCOME":null,"PREMIUM_INCOME_YOY":null,"NET_INTEREST_INCOME":null,"NET_INTEREST_INCOME_YOY":null,"FEE_COMMISSION_INCOME":null,"FEE_COMMISSION_INCOME_YOY":null,"ACCOUNTS_RECE_TDAYS":null,"INVENTORY_TDAYS":null,"CURRENT_ASSETS_TDAYS":0.002500536819,"TOTAL_ASSETS_TDAYS":0.001612218922,"PREMIUM_EXPENSE":null,"LOAN_DEPOSIT":null,"LOAN_EQUITY":null,"LOAN_ASSETS":null,"DEPOSIT_EQUITY":null,"DEPOSIT_ASSETS":null,"EQUITY_MULTIPLIER":1.003091467826,"EQUITY_RATIO":0.003091467825},{"SECUCODE":"00913.HK","SECURITY_CODE":"00913","SECURITY_NAME_ABBR":"港湾数字","ORG_CODE":"10009160","STD_REPORT_DATE":"2021-06-30 00:00:00","REPORT_DATE":"2021-06-30 00:00:00","DATE_TYPE_CODE":"002","REPORT_TYPE":"2021年中报","PER_NETCASH_OPERATE":0.015790101134,"PER_OI":0.000332105378,"BPS":0.582546025171,"BASIC_EPS":0.028457136,"DILUTED_EPS":0.028041096,"OPERATE_INCOME":91528.8,"OPERATE_INCOME_YOY":52.7777777778,"GROSS_PROFIT":null,"GROSS_PROFIT_YOY":null,"HOLDER_PROFIT":7254905.52,"HOLDER_PROFIT_YOY":133.8667702466,"GROSS_PROFIT_RATIO":null,"EPS_TTM":-0.017732784503,"OPERATE_INCOME_QOQ":21.255722953599,"NET_PROFIT_RATIO":7926.3636363636,"ROE_AVG":3.648849978238,"GROSS_PROFIT_QOQ":null,"ROA":3.642386872535,"HOLDER_PROFIT_QOQ":86.294513195788,"ROE_YEARLY":7.297699956477,"ROIC_YEARLY":7.508724942031,"TOTAL_ASSETS":206890035.36,"TOTAL_LIABILITIES":192210.48,"TAX_EBT":null,"OCF_SALES":4754.54545454546,"TOTAL_PARENT_EQUITY":206697824.88,"DEBT_ASSET_RATIO":0.0929046581,"OPERATE_PROFIT":7269882.96,"PRETAX_PROFIT":7254905.52,"NETCASH_OPERATE":4351778.4,"NETCASH_INVEST":null,"NETCASH_FINANCE":6304670.16,"END_CASH":11268859.44,"DIVI_RATIO":null,"DIVIDEND_RATE":null,"CURRENT_RATIO":723.160173160173,"COMMON_ACS":2000000000000,"CURRENTDEBT_DEBT":100,"ISSUED_COMMON_SHARES":354818016,"HK_COMMON_SHARES":354818016,"PER_SHARES":10000,"TOTAL_MARKET_CAP":118864035.36,"HKSK_MARKET_CAP":118864035.36,"PE_TTM":-4.342699768368,"PB_TTM":0.921676698019,"REPORT_DATE_SQ":"2020-06-30 00:00:00","REPORT_TYPE_SQ":"2020年中报","OPERATE_INCOME_SQ":65767.68,"DPS_HKD":null,"OPERATE_INCOME_QOQ_SQ":-24.545971520096,"NET_PROFIT_RATIO_SQ":-35756.9444444444,"HOLDER_PROFIT_SQ":-23516512.8,"HOLDER_PROFIT_QOQ_SQ":-23.769353903195,"ROE_AVG_SQ":-10.072674276436,"PE_TTM_SQ":-7.027745133347,"PB_TTM_SQ":1.630543570144,"ROA_SQ":-10.040481724724,"START_DATE":"2021-01-01 00:00:00","FISCAL_YEAR":"12-31","CURRENCY":"HKD","IS_CNY_CODE":0,"DPS_HKD_LY":null,"ORG_TYPE":"证券","PREMIUM_INCOME":null,"PREMIUM_INCOME_YOY":null,"NET_INTEREST_INCOME":null,"NET_INTEREST_INCOME_YOY":null,"FEE_COMMISSION_INCOME":null,"FEE_COMMISSION_INCOME_YOY":null,"ACCOUNTS_RECE_TDAYS":null,"INVENTORY_TDAYS":null,"CURRENT_ASSETS_TDAYS":0.000741819751,"TOTAL_ASSETS_TDAYS":0.000459528106,"PREMIUM_EXPENSE":null,"LOAN_DEPOSIT":null,"LOAN_EQUITY":null,"LOAN_ASSETS":null,"DEPOSIT_EQUITY":null,"DEPOSIT_ASSETS":null,"EQUITY_MULTIPLIER":1.000929910511,"EQUITY_RATIO":0.000929910511},{"SECUCODE":"00913.HK","SECURITY_CODE":"00913","SECURITY_NAME_ABBR":"港湾数字","ORG_CODE":"10009160","STD_REPORT_DATE":"2020-12-31 00:00:00","REPORT_DATE":"2020-12-31 00:00:00","DATE_TYPE_CODE":"001","REPORT_TYPE":"2020年年报","PER_NETCASH_OPERATE":-0.01844310241,"PER_OI":0.000542333418,"BPS":0.544364941492,"BASIC_EPS":-0.168328,"DILUTED_EPS":-0.168328,"OPERATE_INCOME":121196.16,"OPERATE_INCOME_YOY":-59.2067988669,"GROSS_PROFIT":null,"GROSS_PROFIT_YOY":null,"HOLDER_PROFIT":-35658603.52,"HOLDER_PROFIT_YOY":40.020102779,"GROSS_PROFIT_RATIO":null,"EPS_TTM":-0.159566543376,"OPERATE_INCOME_QOQ":-49.203900995769,"NET_PROFIT_RATIO":-29422.2222222222,"ROE_AVG":-17.133544429212,"GROSS_PROFIT_QOQ":null,"ROA":-17.067697947509,"HOLDER_PROFIT_QOQ":54.467908564747,"ROE_YEARLY":-17.133544429212,"ROIC_YEARLY":-17.103284575032,"TOTAL_ASSETS":193669780.4,"TOTAL_LIABILITIES":519291.88,"TAX_EBT":null,"OCF_SALES":-3400.69444444444,"TOTAL_PARENT_EQUITY":193150488.52,"DEBT_ASSET_RATIO":0.2681326322,"OPERATE_PROFIT":-7071459.28,"PRETAX_PROFIT":-35658603.52,"NETCASH_OPERATE":-4121511.08,"NETCASH_INVEST":null,"NETCASH_FINANCE":4490991.04,"END_CASH":619447.04,"DIVI_RATIO":null,"DIVIDEND_RATE":null,"CURRENT_RATIO":209.915721231767,"COMMON_ACS":2000000000000,"CURRENTDEBT_DEBT":100,"ISSUED_COMMON_SHARES":354818016,"HK_COMMON_SHARES":354818016,"PER_SHARES":10000,"TOTAL_MARKET_CAP":118864035.36,"HKSK_MARKET_CAP":118864035.36,"PE_TTM":-4.342699768368,"PB_TTM":0.921676698019,"REPORT_DATE_SQ":"2019-12-31 00:00:00","REPORT_TYPE_SQ":"2019年年报","OPERATE_INCOME_SQ":316210.34,"DPS_HKD":null,"OPERATE_INCOME_QOQ_SQ":100.392583492024,"NET_PROFIT_RATIO_SQ":-20010.4815864023,"HOLDER_PROFIT_SQ":-63275211.86,"HOLDER_PROFIT_QOQ_SQ":37.852635197762,"ROE_AVG_SQ":-23.531547738024,"PE_TTM_SQ":-7.027745133347,"PB_TTM_SQ":1.630543570144,"ROA_SQ":-22.406199396365,"START_DATE":"2020-01-01 00:00:00","FISCAL_YEAR":"12-31","CURRENCY":"HKD","IS_CNY_CODE":0,"DPS_HKD_LY":null,"ORG_TYPE":"证券","PREMIUM_INCOME":null,"PREMIUM_INCOME_YOY":null,"NET_INTEREST_INCOME":null,"NET_INTEREST_INCOME_YOY":null,"FEE_COMMISSION_INCOME":null,"FEE_COMMISSION_INCOME_YOY":null,"ACCOUNTS_RECE_TDAYS":null,"INVENTORY_TDAYS":null,"CURRENT_ASSETS_TDAYS":0.001163359038,"TOTAL_ASSETS_TDAYS":0.000580095474,"PREMIUM_EXPENSE":null,"LOAN_DEPOSIT":null,"LOAN_EQUITY":null,"LOAN_ASSETS":null,"DEPOSIT_EQUITY":null,"DEPOSIT_ASSETS":null,"EQUITY_MULTIPLIER":1.002688535162,"EQUITY_RATIO":0.002688535162},{"SECUCODE":"00913.HK","SECURITY_CODE":"00913","SECURITY_NAME_ABBR":"港湾数字","ORG_CODE":"10009160","STD_REPORT_DATE":"2020-06-30 00:00:00","REPORT_DATE":"2020-06-30 00:00:00","DATE_TYPE_CODE":"002","REPORT_TYPE":"2020年中报","PER_NETCASH_OPERATE":-0.005722496918,"PER_OI":0.000294299841,"BPS":0.633598602389,"BASIC_EPS":-0.122766336,"DILUTED_EPS":-0.122766336,"OPERATE_INCOME":65767.68,"OPERATE_INCOME_YOY":-55.8282208589,"GROSS_PROFIT":null,"GROSS_PROFIT_YOY":null,"HOLDER_PROFIT":-23516512.8,"HOLDER_PROFIT_YOY":-167.1751764218,"GROSS_PROFIT_RATIO":null,"EPS_TTM":-0.350448526185,"OPERATE_INCOME_QOQ":-24.545971520096,"NET_PROFIT_RATIO":-35756.9444444444,"ROE_AVG":-10.072674276436,"GROSS_PROFIT_QOQ":null,"ROA":-10.040481724724,"HOLDER_PROFIT_QOQ":-23.769353903195,"ROE_YEARLY":-20.145348552872,"ROIC_YEARLY":-20.25980873387,"TOTAL_ASSETS":225130076.16,"TOTAL_LIABILITIES":317877.12,"TAX_EBT":null,"OCF_SALES":-1944.44444444444,"TOTAL_PARENT_EQUITY":224812199.04,"DEBT_ASSET_RATIO":0.1411970917,"OPERATE_PROFIT":-23513772.48,"PRETAX_PROFIT":-23516512.8,"NETCASH_OPERATE":-1278816,"NETCASH_INVEST":null,"NETCASH_FINANCE":4871375.52,"END_CASH":3863851.2,"DIVI_RATIO":null,"DIVIDEND_RATE":null,"CURRENT_RATIO":300.057471264368,"COMMON_ACS":2000000000000,"CURRENTDEBT_DEBT":100,"ISSUED_COMMON_SHARES":354818016,"HK_COMMON_SHARES":354818016,"PER_SHARES":10000,"TOTAL_MARKET_CAP":118864035.36,"HKSK_MARKET_CAP":118864035.36,"PE_TTM":-4.342699768368,"PB_TTM":0.921676698019,"REPORT_DATE_SQ":"2019-06-30 00:00:00","REPORT_TYPE_SQ":"2019年中报","OPERATE_INCOME_SQ":143384.58,"DPS_HKD":null,"OPERATE_INCOME_QOQ_SQ":-199940.24473269,"NET_PROFIT_RATIO_SQ":null,"HOLDER_PROFIT_SQ":-8476403.76,"HOLDER_PROFIT_QOQ_SQ":5.735049265352,"ROE_AVG_SQ":-2.913990997352,"PE_TTM_SQ":-7.027745133347,"PB_TTM_SQ":1.630543570144,"ROA_SQ":-2.790515837104,"START_DATE":"2020-01-01 00:00:00","FISCAL_YEAR":"12-31","CURRENCY":"HKD","IS_CNY_CODE":0,"DPS_HKD_LY":null,"ORG_TYPE":"证券","PREMIUM_INCOME":null,"PREMIUM_INCOME_YOY":null,"NET_INTEREST_INCOME":null,"NET_INTEREST_INCOME_YOY":null,"FEE_COMMISSION_INCOME":null,"FEE_COMMISSION_INCOME_YOY":null,"ACCOUNTS_RECE_TDAYS":null,"INVENTORY_TDAYS":null,"CURRENT_ASSETS_TDAYS":0.000647304471,"TOTAL_ASSETS_TDAYS":0.000280798091,"PREMIUM_EXPENSE":null,"LOAN_DEPOSIT":null,"LOAN_EQUITY":null,"LOAN_ASSETS":null,"DEPOSIT_EQUITY":null,"DEPOSIT_ASSETS":null,"EQUITY_MULTIPLIER":1.001413967398,"EQUITY_RATIO":0.001413967397}],"count":46},"success":true,"message":"ok","code":0}