{"version":"ff6d1d03dadec0cbcd3ee746b70b36d4","result":{"pages":6,"data":[{"SECUCODE":"00915.HK","SECURITY_CODE":"00915","SECURITY_NAME_ABBR":"道和环球","ORG_CODE":"10009161","STD_REPORT_DATE":"2024-06-30 00:00:00","REPORT_DATE":"2024-06-30 00:00:00","DATE_TYPE_CODE":"002","REPORT_TYPE":"2024年中报","PER_NETCASH_OPERATE":-0.002506855523,"PER_OI":0.092243785431,"BPS":0.062992416655,"BASIC_EPS":0,"DILUTED_EPS":0,"OPERATE_INCOME":139250545.2,"OPERATE_INCOME_YOY":1.4644025549,"GROSS_PROFIT":49623908.4,"GROSS_PROFIT_YOY":-6.039121660177,"HOLDER_PROFIT":171043.2,"HOLDER_PROFIT_YOY":-96.006655574,"GROSS_PROFIT_RATIO":35.636419468755,"EPS_TTM":0.006516935325,"OPERATE_INCOME_QOQ":0.032886697843,"NET_PROFIT_RATIO":0.1228312606,"ROE_AVG":0.179964007199,"GROSS_PROFIT_QOQ":-2.640693754975,"ROA":0.082565019953,"HOLDER_PROFIT_QOQ":-29.777212602639,"ROE_YEARLY":0.359928014397,"ROIC_YEARLY":0.503118285205,"TOTAL_ASSETS":204681696,"TOTAL_LIABILITIES":109588803.6,"TAX_EBT":67.567567567568,"OCF_SALES":-2.717641639797,"TOTAL_PARENT_EQUITY":95092892.4,"DEBT_ASSET_RATIO":53.541086351,"OPERATE_PROFIT":762567.6,"PRETAX_PROFIT":527383.2,"NETCASH_OPERATE":-3784330.8,"NETCASH_INVEST":1061893.2,"NETCASH_FINANCE":-5872483.2,"END_CASH":109560296.4,"DIVI_RATIO":null,"DIVIDEND_RATE":null,"CURRENT_RATIO":1.83944082519,"COMMON_ACS":3000000000,"CURRENTDEBT_DEBT":95.831436561098,"ISSUED_COMMON_SHARES":1509592701,"HK_COMMON_SHARES":1509592701,"PER_SHARES":1000,"TOTAL_MARKET_CAP":241534832.16,"HKSK_MARKET_CAP":241534832.16,"PE_TTM":22.085059036517,"PB_TTM":2.318196504153,"REPORT_DATE_SQ":"2023-06-30 00:00:00","REPORT_TYPE_SQ":"2023年中报","OPERATE_INCOME_SQ":139147230.6,"DPS_HKD":null,"OPERATE_INCOME_QOQ_SQ":-17.93628471656,"NET_PROFIT_RATIO_SQ":3.1209430337,"HOLDER_PROFIT_SQ":4342705.8,"HOLDER_PROFIT_QOQ_SQ":-3.202955885793,"ROE_AVG_SQ":5.268463730002,"PE_TTM_SQ":25.550379830984,"PB_TTM_SQ":2.067031458305,"ROA_SQ":2.207975899631,"START_DATE":"2024-01-01 00:00:00","FISCAL_YEAR":"12-31","CURRENCY":"HKD","IS_CNY_CODE":0,"DPS_HKD_LY":null,"ORG_TYPE":"一般企业","PREMIUM_INCOME":null,"PREMIUM_INCOME_YOY":null,"NET_INTEREST_INCOME":null,"NET_INTEREST_INCOME_YOY":null,"FEE_COMMISSION_INCOME":null,"FEE_COMMISSION_INCOME_YOY":null,"ACCOUNTS_RECE_TDAYS":4.791319274154,"INVENTORY_TDAYS":12.806517311609,"CURRENT_ASSETS_TDAYS":0.718477661335,"TOTAL_ASSETS_TDAYS":0.672182468694,"PREMIUM_EXPENSE":null,"LOAN_DEPOSIT":null,"LOAN_EQUITY":null,"LOAN_ASSETS":null,"DEPOSIT_EQUITY":null,"DEPOSIT_ASSETS":null,"EQUITY_MULTIPLIER":2.152439481377,"EQUITY_RATIO":1.152439481376},{"SECUCODE":"00915.HK","SECURITY_CODE":"00915","SECURITY_NAME_ABBR":"道和环球","ORG_CODE":"10009161","STD_REPORT_DATE":"2023-12-31 00:00:00","REPORT_DATE":"2023-12-31 00:00:00","DATE_TYPE_CODE":"001","REPORT_TYPE":"2023年年报","PER_NETCASH_OPERATE":0.013620281872,"PER_OI":0.20810458231,"BPS":0.062536940088,"BASIC_EPS":0.00920751,"DILUTED_EPS":0.00920751,"OPERATE_INCOME":314153158.5,"OPERATE_INCOME_YOY":-14.5013300436,"GROSS_PROFIT":120781283.1,"GROSS_PROFIT_YOY":1.404343642415,"HOLDER_PROFIT":14009580.6,"HOLDER_PROFIT_YOY":93.7316356513,"GROSS_PROFIT_RATIO":38.446623830459,"EPS_TTM":0.009280371183,"OPERATE_INCOME_QOQ":5.952413059872,"NET_PROFIT_RATIO":4.4594746928,"ROE_AVG":16.088494855423,"GROSS_PROFIT_QOQ":11.929217445098,"ROA":7.103736824148,"HOLDER_PROFIT_QOQ":103.535945073578,"ROE_YEARLY":16.088494855423,"ROIC_YEARLY":22.810355763132,"TOTAL_ASSETS":208344703.2,"TOTAL_LIABILITIES":113939394.9,"TAX_EBT":8.46830171217,"OCF_SALES":6.54492165483,"TOTAL_PARENT_EQUITY":94405308.3,"DEBT_ASSET_RATIO":54.6879249388,"OPERATE_PROFIT":16106059.8,"PRETAX_PROFIT":15305714.7,"NETCASH_OPERATE":20561078.1,"NETCASH_INVEST":2280629.4,"NETCASH_FINANCE":-8350503.3,"END_CASH":117586985.4,"DIVI_RATIO":null,"DIVIDEND_RATE":null,"CURRENT_RATIO":1.800329924117,"COMMON_ACS":3000000000,"CURRENTDEBT_DEBT":94.206502144589,"ISSUED_COMMON_SHARES":1509592701,"HK_COMMON_SHARES":1509592701,"PER_SHARES":1000,"TOTAL_MARKET_CAP":134353750.389,"HKSK_MARKET_CAP":134353750.389,"PE_TTM":12.284814089063,"PB_TTM":1.289496805435,"REPORT_DATE_SQ":"2022-12-31 00:00:00","REPORT_TYPE_SQ":"2022年年报","OPERATE_INCOME_SQ":361309518.8,"DPS_HKD":null,"OPERATE_INCOME_QOQ_SQ":-14.37600615451,"NET_PROFIT_RATIO_SQ":1.9680789545,"HOLDER_PROFIT_SQ":7110856.6,"HOLDER_PROFIT_QOQ_SQ":-71.8057319853,"ROE_AVG_SQ":9.190332598227,"PE_TTM_SQ":15.041755868241,"PB_TTM_SQ":1.216881423034,"ROA_SQ":3.574867386775,"START_DATE":"2023-01-01 00:00:00","FISCAL_YEAR":"12-31","CURRENCY":"HKD","IS_CNY_CODE":0,"DPS_HKD_LY":null,"ORG_TYPE":"一般企业","PREMIUM_INCOME":null,"PREMIUM_INCOME_YOY":null,"NET_INTEREST_INCOME":null,"NET_INTEREST_INCOME_YOY":null,"FEE_COMMISSION_INCOME":null,"FEE_COMMISSION_INCOME_YOY":null,"ACCOUNTS_RECE_TDAYS":12.42262988377,"INVENTORY_TDAYS":32.157832744405,"CURRENT_ASSETS_TDAYS":1.702719821878,"TOTAL_ASSETS_TDAYS":1.592953725152,"PREMIUM_EXPENSE":null,"LOAN_DEPOSIT":null,"LOAN_EQUITY":null,"LOAN_ASSETS":null,"DEPOSIT_EQUITY":null,"DEPOSIT_ASSETS":null,"EQUITY_MULTIPLIER":2.206917248105,"EQUITY_RATIO":1.206917248106},{"SECUCODE":"00915.HK","SECURITY_CODE":"00915","SECURITY_NAME_ABBR":"道和环球","ORG_CODE":"10009161","STD_REPORT_DATE":"2023-06-30 00:00:00","REPORT_DATE":"2023-06-30 00:00:00","DATE_TYPE_CODE":"002","REPORT_TYPE":"2023年中报","PER_NETCASH_OPERATE":0.006581560042,"PER_OI":0.092175346706,"BPS":0.055309037295,"BASIC_EPS":0.00289032,"DILUTED_EPS":0.00289032,"OPERATE_INCOME":139147230.6,"OPERATE_INCOME_YOY":-36.6316759354,"GROSS_PROFIT":52813372.2,"GROSS_PROFIT_YOY":-17.496294037693,"HOLDER_PROFIT":4342705.8,"HOLDER_PROFIT_YOY":-11.7474302496,"GROSS_PROFIT_RATIO":37.95502933998,"EPS_TTM":0.004559573583,"OPERATE_INCOME_QOQ":-17.93628471656,"NET_PROFIT_RATIO":3.1209430337,"ROE_AVG":5.268463730002,"GROSS_PROFIT_QOQ":-9.403151422769,"ROA":2.207975899631,"HOLDER_PROFIT_QOQ":-3.202955885793,"ROE_YEARLY":10.536927460004,"ROIC_YEARLY":13.888728407187,"TOTAL_ASSETS":203521882.8,"TOTAL_LIABILITIES":120027763.8,"TAX_EBT":7.963246554364,"OCF_SALES":7.140260684426,"TOTAL_PARENT_EQUITY":83494119,"DEBT_ASSET_RATIO":58.9753603636,"OPERATE_PROFIT":5144769.6,"PRETAX_PROFIT":4718447.4,"NETCASH_OPERATE":9935475,"NETCASH_INVEST":-8996121,"NETCASH_FINANCE":-1611353.4,"END_CASH":101450232,"DIVI_RATIO":null,"DIVIDEND_RATE":null,"CURRENT_RATIO":1.674785569305,"COMMON_ACS":3000000000,"CURRENTDEBT_DEBT":91.94509662272,"ISSUED_COMMON_SHARES":1509592701,"HK_COMMON_SHARES":1509592701,"PER_SHARES":1000,"TOTAL_MARKET_CAP":134353750.389,"HKSK_MARKET_CAP":134353750.389,"PE_TTM":12.284814089063,"PB_TTM":1.289496805435,"REPORT_DATE_SQ":"2022-06-30 00:00:00","REPORT_TYPE_SQ":"2022年中报","OPERATE_INCOME_SQ":203952734.6,"DPS_HKD":null,"OPERATE_INCOME_QOQ_SQ":5.660152357881,"NET_PROFIT_RATIO_SQ":2.2409424463,"HOLDER_PROFIT_SQ":4570463.4,"HOLDER_PROFIT_QOQ_SQ":-3.186736356441,"ROE_AVG_SQ":6.145932042778,"PE_TTM_SQ":15.041755868241,"PB_TTM_SQ":1.216881423034,"ROA_SQ":2.255863256923,"START_DATE":"2023-01-01 00:00:00","FISCAL_YEAR":"12-31","CURRENCY":"HKD","IS_CNY_CODE":0,"DPS_HKD_LY":null,"ORG_TYPE":"一般企业","PREMIUM_INCOME":null,"PREMIUM_INCOME_YOY":null,"NET_INTEREST_INCOME":null,"NET_INTEREST_INCOME_YOY":null,"FEE_COMMISSION_INCOME":null,"FEE_COMMISSION_INCOME_YOY":null,"ACCOUNTS_RECE_TDAYS":6.058518168948,"INVENTORY_TDAYS":15.5068137573,"CURRENT_ASSETS_TDAYS":0.76425764972,"TOTAL_ASSETS_TDAYS":0.707470747075,"PREMIUM_EXPENSE":null,"LOAN_DEPOSIT":null,"LOAN_EQUITY":null,"LOAN_ASSETS":null,"DEPOSIT_EQUITY":null,"DEPOSIT_ASSETS":null,"EQUITY_MULTIPLIER":2.437559498055,"EQUITY_RATIO":1.437559498053},{"SECUCODE":"00915.HK","SECURITY_CODE":"00915","SECURITY_NAME_ABBR":"道和环球","ORG_CODE":"10009161","STD_REPORT_DATE":"2022-12-31 00:00:00","REPORT_DATE":"2022-12-31 00:00:00","DATE_TYPE_CODE":"001","REPORT_TYPE":"2022年年报","PER_NETCASH_OPERATE":0.021882126072,"PER_OI":0.239342385904,"BPS":0.051948711694,"BASIC_EPS":0.00487522,"DILUTED_EPS":0.00487522,"OPERATE_INCOME":361309518.8,"OPERATE_INCOME_YOY":-17.1793930299,"GROSS_PROFIT":119108589.2,"GROSS_PROFIT_YOY":-10.665412450503,"HOLDER_PROFIT":7110856.6,"HOLDER_PROFIT_YOY":-75.0122369065,"GROSS_PROFIT_RATIO":32.965804387216,"EPS_TTM":0.004710447126,"OPERATE_INCOME_QOQ":-14.37600615451,"NET_PROFIT_RATIO":1.9680789545,"ROE_AVG":9.190332598227,"GROSS_PROFIT_QOQ":-14.896238490867,"ROA":3.574867386775,"HOLDER_PROFIT_QOQ":-71.8057319853,"ROE_YEARLY":9.190332598227,"ROIC_YEARLY":8.951821489632,"TOTAL_ASSETS":182980935.8,"TOTAL_LIABILITIES":104559539.8,"TAX_EBT":19.032513877875,"OCF_SALES":9.142603801226,"TOTAL_PARENT_EQUITY":78421396,"DEBT_ASSET_RATIO":57.1423134016,"OPERATE_PROFIT":9506679,"PRETAX_PROFIT":8782360.6,"NETCASH_OPERATE":33033097.8,"NETCASH_INVEST":-25406860.8,"NETCASH_FINANCE":-12995943.6,"END_CASH":100861337.2,"DIVI_RATIO":null,"DIVIDEND_RATE":null,"CURRENT_RATIO":1.755447085456,"COMMON_ACS":3000000000,"CURRENTDEBT_DEBT":94.158396056751,"ISSUED_COMMON_SHARES":1509592701,"HK_COMMON_SHARES":1509592701,"PER_SHARES":1000,"TOTAL_MARKET_CAP":134353750.389,"HKSK_MARKET_CAP":134353750.389,"PE_TTM":12.284814089063,"PB_TTM":1.289496805435,"REPORT_DATE_SQ":"2021-12-31 00:00:00","REPORT_TYPE_SQ":"2021年年报","OPERATE_INCOME_SQ":399367472.3,"DPS_HKD":null,"OPERATE_INCOME_QOQ_SQ":22.11815559457,"NET_PROFIT_RATIO_SQ":6.523092642,"HOLDER_PROFIT_SQ":26051110.2,"HOLDER_PROFIT_QOQ_SQ":304.266090225894,"ROE_AVG_SQ":45.707254320711,"PE_TTM_SQ":15.041755868241,"PB_TTM_SQ":1.216881423034,"ROA_SQ":15.144832187402,"START_DATE":"2022-01-01 00:00:00","FISCAL_YEAR":"12-31","CURRENCY":"HKD","IS_CNY_CODE":0,"DPS_HKD_LY":null,"ORG_TYPE":"一般企业","PREMIUM_INCOME":null,"PREMIUM_INCOME_YOY":null,"NET_INTEREST_INCOME":null,"NET_INTEREST_INCOME_YOY":null,"FEE_COMMISSION_INCOME":null,"FEE_COMMISSION_INCOME_YOY":null,"ACCOUNTS_RECE_TDAYS":9.250713266762,"INVENTORY_TDAYS":43.226848974518,"CURRENT_ASSETS_TDAYS":1.924793618403,"TOTAL_ASSETS_TDAYS":1.816424782479,"PREMIUM_EXPENSE":null,"LOAN_DEPOSIT":null,"LOAN_EQUITY":null,"LOAN_ASSETS":null,"DEPOSIT_EQUITY":null,"DEPOSIT_ASSETS":null,"EQUITY_MULTIPLIER":2.333303730018,"EQUITY_RATIO":1.333303730018},{"SECUCODE":"00915.HK","SECURITY_CODE":"00915","SECURITY_NAME_ABBR":"道和环球","ORG_CODE":"10009161","STD_REPORT_DATE":"2022-06-30 00:00:00","REPORT_DATE":"2022-06-30 00:00:00","DATE_TYPE_CODE":"002","REPORT_TYPE":"2022年中报","PER_NETCASH_OPERATE":0.003254351188,"PER_OI":0.135104478489,"BPS":0.049802243181,"BASIC_EPS":0.0033557,"DILUTED_EPS":0.0033557,"OPERATE_INCOME":203952734.6,"OPERATE_INCOME_YOY":8.2537760046,"GROSS_PROFIT":64013333.2,"GROSS_PROFIT_YOY":11.550504506414,"HOLDER_PROFIT":4570463.4,"HOLDER_PROFIT_YOY":-18.5406698565,"GROSS_PROFIT_RATIO":31.386356905459,"EPS_TTM":0.016707109132,"OPERATE_INCOME_QOQ":5.660152357881,"NET_PROFIT_RATIO":2.2409424463,"ROE_AVG":6.145932042778,"GROSS_PROFIT_QOQ":4.971373727012,"ROA":2.255863256923,"HOLDER_PROFIT_QOQ":-3.186736356441,"ROE_YEARLY":12.291864085556,"ROIC_YEARLY":9.509844993716,"TOTAL_ASSETS":198174219.2,"TOTAL_LIABILITIES":122993116.4,"TAX_EBT":16.849816849817,"OCF_SALES":2.408766329922,"TOTAL_PARENT_EQUITY":75181102.8,"DEBT_ASSET_RATIO":62.063126524,"OPERATE_PROFIT":5892609.2,"PRETAX_PROFIT":5496636.6,"NETCASH_OPERATE":4912744.8,"NETCASH_INVEST":523489.2,"NETCASH_FINANCE":-5261737.6,"END_CASH":104885759.2,"DIVI_RATIO":null,"DIVIDEND_RATE":null,"CURRENT_RATIO":1.591656427359,"COMMON_ACS":3000000000,"CURRENTDEBT_DEBT":93.260940739932,"ISSUED_COMMON_SHARES":1509592701,"HK_COMMON_SHARES":1509592701,"PER_SHARES":1000,"TOTAL_MARKET_CAP":134353750.389,"HKSK_MARKET_CAP":134353750.389,"PE_TTM":12.284814089063,"PB_TTM":1.289496805435,"REPORT_DATE_SQ":"2021-06-30 00:00:00","REPORT_TYPE_SQ":"2021年中报","OPERATE_INCOME_SQ":181347927.2,"DPS_HKD":null,"OPERATE_INCOME_QOQ_SQ":17.505671452718,"NET_PROFIT_RATIO_SQ":2.9780564263,"HOLDER_PROFIT_SQ":5400643.6,"HOLDER_PROFIT_QOQ_SQ":128.404056700596,"ROE_AVG_SQ":11.22750470051,"PE_TTM_SQ":15.041755868241,"PB_TTM_SQ":1.216881423034,"ROA_SQ":3.585136265197,"START_DATE":"2022-01-01 00:00:00","FISCAL_YEAR":"12-31","CURRENCY":"HKD","IS_CNY_CODE":0,"DPS_HKD_LY":null,"ORG_TYPE":"一般企业","PREMIUM_INCOME":null,"PREMIUM_INCOME_YOY":null,"NET_INTEREST_INCOME":null,"NET_INTEREST_INCOME_YOY":null,"FEE_COMMISSION_INCOME":null,"FEE_COMMISSION_INCOME_YOY":null,"ACCOUNTS_RECE_TDAYS":4.268417725964,"INVENTORY_TDAYS":18.258318739054,"CURRENT_ASSETS_TDAYS":1.079672428188,"TOTAL_ASSETS_TDAYS":1.006658274811,"PREMIUM_EXPENSE":null,"LOAN_DEPOSIT":null,"LOAN_EQUITY":null,"LOAN_ASSETS":null,"DEPOSIT_EQUITY":null,"DEPOSIT_ASSETS":null,"EQUITY_MULTIPLIER":2.635957864669,"EQUITY_RATIO":1.635957864667},{"SECUCODE":"00915.HK","SECURITY_CODE":"00915","SECURITY_NAME_ABBR":"道和环球","ORG_CODE":"10009161","STD_REPORT_DATE":"2021-12-31 00:00:00","REPORT_DATE":"2021-12-31 00:00:00","DATE_TYPE_CODE":"001","REPORT_TYPE":"2021年年报","PER_NETCASH_OPERATE":0.019398338426,"PER_OI":0.264553128824,"BPS":0.046284866278,"BASIC_EPS":0.01721439,"DILUTED_EPS":0.01721439,"OPERATE_INCOME":399367472.3,"OPERATE_INCOME_YOY":46.8537534581,"GROSS_PROFIT":133328638.4,"GROSS_PROFIT_YOY":60.479234766146,"HOLDER_PROFIT":26051110.2,"HOLDER_PROFIT_YOY":217.5150992235,"GROSS_PROFIT_RATIO":33.384951867048,"EPS_TTM":0.01725704568,"OPERATE_INCOME_QOQ":22.11815559457,"NET_PROFIT_RATIO":6.523092642,"ROE_AVG":45.707254320711,"GROSS_PROFIT_QOQ":30.655206194478,"ROA":15.144832187402,"HOLDER_PROFIT_QOQ":304.266090225894,"ROE_YEARLY":45.707254320711,"ROIC_YEARLY":31.914395063657,"TOTAL_ASSETS":196677593.6,"TOTAL_LIABILITIES":126806297.3,"TAX_EBT":3.289940828402,"OCF_SALES":7.332492536599,"TOTAL_PARENT_EQUITY":69871296.3,"DEBT_ASSET_RATIO":64.4741960581,"OPERATE_PROFIT":25853463.5,"PRETAX_PROFIT":26937332.5,"NETCASH_OPERATE":29283590.1,"NETCASH_INVEST":-522807.4,"NETCASH_FINANCE":-5661621.6,"END_CASH":102674272.8,"DIVI_RATIO":null,"DIVIDEND_RATE":null,"CURRENT_RATIO":1.523754648787,"COMMON_ACS":3000000000,"CURRENTDEBT_DEBT":95.987731912112,"ISSUED_COMMON_SHARES":1509592701,"HK_COMMON_SHARES":1509592701,"PER_SHARES":1000,"TOTAL_MARKET_CAP":134353750.389,"HKSK_MARKET_CAP":134353750.389,"PE_TTM":12.284814089063,"PB_TTM":1.289496805435,"REPORT_DATE_SQ":"2020-12-31 00:00:00","REPORT_TYPE_SQ":"2020年年报","OPERATE_INCOME_SQ":278313084.6,"DPS_HKD":null,"OPERATE_INCOME_QOQ_SQ":-18.044254996354,"NET_PROFIT_RATIO_SQ":-8.1516387678,"HOLDER_PROFIT_SQ":-22687077.3,"HOLDER_PROFIT_QOQ_SQ":78.970138049093,"ROE_AVG_SQ":-41.645706072584,"PE_TTM_SQ":15.041755868241,"PB_TTM_SQ":1.216881423034,"ROA_SQ":-14.032609573008,"START_DATE":"2021-01-01 00:00:00","FISCAL_YEAR":"12-31","CURRENCY":"HKD","IS_CNY_CODE":0,"DPS_HKD_LY":null,"ORG_TYPE":"一般企业","PREMIUM_INCOME":null,"PREMIUM_INCOME_YOY":null,"NET_INTEREST_INCOME":null,"NET_INTEREST_INCOME_YOY":null,"FEE_COMMISSION_INCOME":null,"FEE_COMMISSION_INCOME_YOY":null,"ACCOUNTS_RECE_TDAYS":7.70467404674,"INVENTORY_TDAYS":62.139985107967,"CURRENT_ASSETS_TDAYS":2.497368630891,"TOTAL_ASSETS_TDAYS":2.32172575474,"PREMIUM_EXPENSE":null,"LOAN_DEPOSIT":null,"LOAN_EQUITY":null,"LOAN_ASSETS":null,"DEPOSIT_EQUITY":null,"DEPOSIT_ASSETS":null,"EQUITY_MULTIPLIER":2.814855370016,"EQUITY_RATIO":1.814855370016},{"SECUCODE":"00915.HK","SECURITY_CODE":"00915","SECURITY_NAME_ABBR":"道和环球","ORG_CODE":"10009161","STD_REPORT_DATE":"2021-06-30 00:00:00","REPORT_DATE":"2021-06-30 00:00:00","DATE_TYPE_CODE":"002","REPORT_TYPE":"2021年中报","PER_NETCASH_OPERATE":0.004142426494,"PER_OI":0.12013036833,"BPS":0.03411510745,"BASIC_EPS":0.00387606,"DILUTED_EPS":0.00387606,"OPERATE_INCOME":181347927.2,"OPERATE_INCOME_YOY":49.8452012384,"GROSS_PROFIT":57385068.3,"GROSS_PROFIT_YOY":49.360753264541,"HOLDER_PROFIT":5400643.6,"HOLDER_PROFIT_YOY":124.9403341289,"GROSS_PROFIT_RATIO":31.643630664007,"EPS_TTM":0.004268734405,"OPERATE_INCOME_QOQ":17.505671452718,"NET_PROFIT_RATIO":2.9780564263,"ROE_AVG":11.22750470051,"GROSS_PROFIT_QOQ":22.826513722901,"ROA":3.585136265197,"HOLDER_PROFIT_QOQ":128.404056700596,"ROE_YEARLY":22.455009401021,"ROIC_YEARLY":14.979394373768,"TOTAL_ASSETS":151980312.6,"TOTAL_LIABILITIES":100480395.4,"TAX_EBT":8.232711306257,"OCF_SALES":3.448275862069,"TOTAL_PARENT_EQUITY":51499917.2,"DEBT_ASSET_RATIO":66.1140865425,"OPERATE_PROFIT":6259836.9,"PRETAX_PROFIT":5885151.1,"NETCASH_OPERATE":6253376.8,"NETCASH_INVEST":626629.7,"NETCASH_FINANCE":-9573868.2,"END_CASH":77934646.4,"DIVI_RATIO":null,"DIVIDEND_RATE":null,"CURRENT_RATIO":1.509258607336,"COMMON_ACS":3000000000,"CURRENTDEBT_DEBT":91.314131413141,"ISSUED_COMMON_SHARES":1509592701,"HK_COMMON_SHARES":1509592701,"PER_SHARES":1000,"TOTAL_MARKET_CAP":134353750.389,"HKSK_MARKET_CAP":134353750.389,"PE_TTM":12.284814089063,"PB_TTM":1.289496805435,"REPORT_DATE_SQ":"2020-06-30 00:00:00","REPORT_TYPE_SQ":"2020年中报","OPERATE_INCOME_SQ":132627353,"DPS_HKD":null,"OPERATE_INCOME_QOQ_SQ":-25.899213915198,"NET_PROFIT_RATIO_SQ":-17.8926016868,"HOLDER_PROFIT_SQ":-23730484,"HOLDER_PROFIT_QOQ_SQ":0.083681539544,"ROE_AVG_SQ":-41.681173837354,"PE_TTM_SQ":15.041755868241,"PB_TTM_SQ":1.216881423034,"ROA_SQ":-14.074867208331,"START_DATE":"2021-01-01 00:00:00","FISCAL_YEAR":"12-31","CURRENCY":"HKD","IS_CNY_CODE":0,"DPS_HKD_LY":null,"ORG_TYPE":"一般企业","PREMIUM_INCOME":null,"PREMIUM_INCOME_YOY":null,"NET_INTEREST_INCOME":null,"NET_INTEREST_INCOME_YOY":null,"FEE_COMMISSION_INCOME":null,"FEE_COMMISSION_INCOME_YOY":null,"ACCOUNTS_RECE_TDAYS":4.630051129804,"INVENTORY_TDAYS":22.722320899941,"CURRENT_ASSETS_TDAYS":1.320724535403,"TOTAL_ASSETS_TDAYS":1.203851019577,"PREMIUM_EXPENSE":null,"LOAN_DEPOSIT":null,"LOAN_EQUITY":null,"LOAN_ASSETS":null,"DEPOSIT_EQUITY":null,"DEPOSIT_ASSETS":null,"EQUITY_MULTIPLIER":2.951078775711,"EQUITY_RATIO":1.951078775715},{"SECUCODE":"00915.HK","SECURITY_CODE":"00915","SECURITY_NAME_ABBR":"道和环球","ORG_CODE":"10009161","STD_REPORT_DATE":"2020-12-31 00:00:00","REPORT_DATE":"2020-12-31 00:00:00","DATE_TYPE_CODE":"001","REPORT_TYPE":"2020年年报","PER_NETCASH_OPERATE":0.000825557714,"PER_OI":0.184363030118,"BPS":0.029910258555,"BASIC_EPS":-0.01500727,"DILUTED_EPS":-0.01500727,"OPERATE_INCOME":278313084.6,"OPERATE_INCOME_YOY":-35.0697192961,"GROSS_PROFIT":83081551.7,"GROSS_PROFIT_YOY":-18.070413677279,"HOLDER_PROFIT":-22687077.3,"HOLDER_PROFIT_YOY":77.5344058926,"GROSS_PROFIT_RATIO":29.851831012332,"EPS_TTM":-0.015028608236,"OPERATE_INCOME_QOQ":-18.044254996354,"NET_PROFIT_RATIO":-8.1516387678,"ROE_AVG":-41.645706072584,"GROSS_PROFIT_QOQ":-6.020313596777,"ROA":-14.032609573008,"HOLDER_PROFIT_QOQ":78.970138049093,"ROE_YEARLY":-41.645706072584,"ROIC_YEARLY":-28.286690530426,"TOTAL_ASSETS":150796963.9,"TOTAL_LIABILITIES":105644655.9,"TAX_EBT":0.429553264605,"OCF_SALES":0.447789187415,"TOTAL_PARENT_EQUITY":45152308,"DEBT_ASSET_RATIO":70.0575483536,"OPERATE_PROFIT":-22191184.9,"PRETAX_PROFIT":-22784950.8,"NETCASH_OPERATE":1246255.9,"NETCASH_INVEST":-6557524.5,"NETCASH_FINANCE":-1494202.1,"END_CASH":79923500.1,"DIVI_RATIO":null,"DIVIDEND_RATE":null,"CURRENT_RATIO":1.441055798687,"COMMON_ACS":3000000000,"CURRENTDEBT_DEBT":90.321783706998,"ISSUED_COMMON_SHARES":1509592701,"HK_COMMON_SHARES":1509592701,"PER_SHARES":1000,"TOTAL_MARKET_CAP":134353750.389,"HKSK_MARKET_CAP":134353750.389,"PE_TTM":12.284814089063,"PB_TTM":1.289496805435,"REPORT_DATE_SQ":"2019-12-31 00:00:00","REPORT_TYPE_SQ":"2019年年报","OPERATE_INCOME_SQ":458280530.4,"DPS_HKD":null,"OPERATE_INCOME_QOQ_SQ":-24.107830214391,"NET_PROFIT_RATIO_SQ":-23.5782134811,"HOLDER_PROFIT_SQ":-107970647.4,"HOLDER_PROFIT_QOQ_SQ":79.49847604382,"ROE_AVG_SQ":-90.205449511875,"PE_TTM_SQ":15.041755868241,"PB_TTM_SQ":1.216881423034,"ROA_SQ":-40.245995423341,"START_DATE":"2020-01-01 00:00:00","FISCAL_YEAR":"12-31","CURRENCY":"HKD","IS_CNY_CODE":0,"DPS_HKD_LY":null,"ORG_TYPE":"一般企业","PREMIUM_INCOME":null,"PREMIUM_INCOME_YOY":null,"NET_INTEREST_INCOME":null,"NET_INTEREST_INCOME_YOY":null,"FEE_COMMISSION_INCOME":null,"FEE_COMMISSION_INCOME_YOY":null,"ACCOUNTS_RECE_TDAYS":5.796955694482,"INVENTORY_TDAYS":67.694570135747,"CURRENT_ASSETS_TDAYS":1.874859893189,"TOTAL_ASSETS_TDAYS":1.721446444427,"PREMIUM_EXPENSE":null,"LOAN_DEPOSIT":null,"LOAN_EQUITY":null,"LOAN_ASSETS":null,"DEPOSIT_EQUITY":null,"DEPOSIT_ASSETS":null,"EQUITY_MULTIPLIER":3.339739884393,"EQUITY_RATIO":2.339739884393},{"SECUCODE":"00915.HK","SECURITY_CODE":"00915","SECURITY_NAME_ABBR":"道和环球","ORG_CODE":"10009161","STD_REPORT_DATE":"2020-06-30 00:00:00","REPORT_DATE":"2020-06-30 00:00:00","DATE_TYPE_CODE":"002","REPORT_TYPE":"2020年中报","PER_NETCASH_OPERATE":-0.003840844286,"PER_OI":0.087856381998,"BPS":0.0295730941,"BASIC_EPS":-0.0155749,"DILUTED_EPS":-0.0155749,"OPERATE_INCOME":132627353,"OPERATE_INCOME_YOY":-48.7540006018,"GROSS_PROFIT":38420446.5,"GROSS_PROFIT_YOY":-25.285127658269,"HOLDER_PROFIT":-23730484,"HOLDER_PROFIT_YOY":3.2611832612,"GROSS_PROFIT_RATIO":28.968719974378,"EPS_TTM":-0.07146318065,"OPERATE_INCOME_QOQ":-25.899213915198,"NET_PROFIT_RATIO":-17.8926016868,"ROE_AVG":-41.681173837354,"GROSS_PROFIT_QOQ":-12.822026271507,"ROA":-14.074867208331,"HOLDER_PROFIT_QOQ":0.083681539544,"ROE_YEARLY":-83.362347674708,"ROIC_YEARLY":-55.384361187988,"TOTAL_ASSETS":149986287,"TOTAL_LIABILITIES":105342960,"TAX_EBT":0.593119810202,"OCF_SALES":-4.371730543397,"TOTAL_PARENT_EQUITY":44643327,"DEBT_ASSET_RATIO":70.2350608893,"OPERATE_PROFIT":-23603053,"PRETAX_PROFIT":-23872074,"NETCASH_OPERATE":-5996336.5,"NETCASH_INVEST":-5578646,"NETCASH_FINANCE":-1861908.5,"END_CASH":75743570.5,"DIVI_RATIO":null,"DIVIDEND_RATE":null,"CURRENT_RATIO":1.380720180045,"COMMON_ACS":3000000000,"CURRENTDEBT_DEBT":89.583333333333,"ISSUED_COMMON_SHARES":1509592701,"HK_COMMON_SHARES":1509592701,"PER_SHARES":1000,"TOTAL_MARKET_CAP":134353750.389,"HKSK_MARKET_CAP":134353750.389,"PE_TTM":12.284814089063,"PB_TTM":1.289496805435,"REPORT_DATE_SQ":"2019-06-30 00:00:00","REPORT_TYPE_SQ":"2019年中报","OPERATE_INCOME_SQ":251318407.9,"DPS_HKD":null,"OPERATE_INCOME_QOQ_SQ":-18.163546151569,"NET_PROFIT_RATIO_SQ":-9.5166452389,"HOLDER_PROFIT_SQ":-23820835.5,"HOLDER_PROFIT_QOQ_SQ":8.822605242646,"ROE_AVG_SQ":-15.429143938551,"PE_TTM_SQ":15.041755868241,"PB_TTM_SQ":1.216881423034,"ROA_SQ":-7.167754413909,"START_DATE":"2020-01-01 00:00:00","FISCAL_YEAR":"12-31","CURRENCY":"HKD","IS_CNY_CODE":0,"DPS_HKD_LY":null,"ORG_TYPE":"一般企业","PREMIUM_INCOME":null,"PREMIUM_INCOME_YOY":null,"NET_INTEREST_INCOME":null,"NET_INTEREST_INCOME_YOY":null,"FEE_COMMISSION_INCOME":null,"FEE_COMMISSION_INCOME_YOY":null,"ACCOUNTS_RECE_TDAYS":3.408970976253,"INVENTORY_TDAYS":42.650641025641,"CURRENT_ASSETS_TDAYS":0.874766529697,"TOTAL_ASSETS_TDAYS":0.786630555731,"PREMIUM_EXPENSE":null,"LOAN_DEPOSIT":null,"LOAN_EQUITY":null,"LOAN_ASSETS":null,"DEPOSIT_EQUITY":null,"DEPOSIT_ASSETS":null,"EQUITY_MULTIPLIER":3.359657469081,"EQUITY_RATIO":2.359657469077}],"count":50},"success":true,"message":"ok","code":0}