{"version":"4240e90de9a9f855257d51cfc354dc8c","result":{"pages":6,"data":[{"SECUCODE":"00910.HK","SECURITY_CODE":"00910","SECURITY_NAME_ABBR":"中国三迪","ORG_CODE":"10009158","STD_REPORT_DATE":"2024-06-30 00:00:00","REPORT_DATE":"2024-06-30 00:00:00","DATE_TYPE_CODE":"002","REPORT_TYPE":"2024年中报","PER_NETCASH_OPERATE":0.035009774737,"PER_OI":0.037920033382,"BPS":0.817777569484,"BASIC_EPS":-0.0569,"DILUTED_EPS":-0.0569,"OPERATE_INCOME":192945000,"OPERATE_INCOME_YOY":-86.4830026096,"GROSS_PROFIT":79588000,"GROSS_PROFIT_YOY":-75.181798904841,"HOLDER_PROFIT":-289500000,"HOLDER_PROFIT_YOY":-452.2026351327,"GROSS_PROFIT_RATIO":41.249060613128,"EPS_TTM":-0.16435335871,"OPERATE_INCOME_QOQ":-37.377280482506,"NET_PROFIT_RATIO":-150.8398766488,"ROE_AVG":-6.769302068589,"GROSS_PROFIT_QOQ":-47.28568598724,"ROA":-1.239316115829,"HOLDER_PROFIT_QOQ":-80.009342032473,"ROE_YEARLY":-13.538604137178,"ROIC_YEARLY":-2.511895713378,"TOTAL_ASSETS":23312288000,"TOTAL_LIABILITIES":18935729000,"TAX_EBT":21.556059879142,"OCF_SALES":92.325274041825,"TOTAL_PARENT_EQUITY":4161022000,"DEBT_ASSET_RATIO":81.2263858442,"OPERATE_PROFIT":-321655000,"PRETAX_PROFIT":-371014000,"NETCASH_OPERATE":178137000,"NETCASH_INVEST":10060000,"NETCASH_FINANCE":-271908000,"END_CASH":38000000,"DIVI_RATIO":null,"DIVIDEND_RATE":null,"CURRENT_RATIO":0.78842652444,"COMMON_ACS":200000000000,"CURRENTDEBT_DEBT":86.867027934335,"ISSUED_COMMON_SHARES":5088207546,"HK_COMMON_SHARES":5088207546,"PER_SHARES":6000,"TOTAL_MARKET_CAP":132293396.196,"HKSK_MARKET_CAP":132293396.196,"PE_TTM":-0.143954734182,"PB_TTM":0.02901727913,"REPORT_DATE_SQ":"2023-06-30 00:00:00","REPORT_TYPE_SQ":"2023年中报","OPERATE_INCOME_SQ":1427425000,"DPS_HKD":null,"OPERATE_INCOME_QOQ_SQ":25.749847490612,"NET_PROFIT_RATIO_SQ":10.2048093595,"HOLDER_PROFIT_SQ":82197000,"HOLDER_PROFIT_QOQ_SQ":-89.376053962901,"ROE_AVG_SQ":1.676083937758,"PE_TTM_SQ":-86.327645506296,"PB_TTM_SQ":0.061894670261,"ROA_SQ":0.319669330066,"START_DATE":"2024-01-01 00:00:00","FISCAL_YEAR":"12-31","CURRENCY":"HKD","IS_CNY_CODE":0,"DPS_HKD_LY":null,"ORG_TYPE":"一般企业","PREMIUM_INCOME":null,"PREMIUM_INCOME_YOY":null,"NET_INTEREST_INCOME":null,"NET_INTEREST_INCOME_YOY":null,"FEE_COMMISSION_INCOME":null,"FEE_COMMISSION_INCOME_YOY":null,"ACCOUNTS_RECE_TDAYS":0.186807893673,"INVENTORY_TDAYS":0.010271948795,"CURRENT_ASSETS_TDAYS":0.014877965521,"TOTAL_ASSETS_TDAYS":0.008259752952,"PREMIUM_EXPENSE":null,"LOAN_DEPOSIT":null,"LOAN_EQUITY":null,"LOAN_ASSETS":null,"DEPOSIT_EQUITY":null,"DEPOSIT_ASSETS":null,"EQUITY_MULTIPLIER":5.326624866694,"EQUITY_RATIO":4.550739938409},{"SECUCODE":"00910.HK","SECURITY_CODE":"00910","SECURITY_NAME_ABBR":"中国三迪","ORG_CODE":"10009158","STD_REPORT_DATE":"2023-12-31 00:00:00","REPORT_DATE":"2023-12-31 00:00:00","DATE_TYPE_CODE":"001","REPORT_TYPE":"2023年年报","PER_NETCASH_OPERATE":-0.00197240382,"PER_OI":0.649099898175,"BPS":0.863230707531,"BASIC_EPS":-0.0913,"DILUTED_EPS":-0.0913,"OPERATE_INCOME":3302755000,"OPERATE_INCOME_YOY":-4.2393260825,"GROSS_PROFIT":509871000,"GROSS_PROFIT_YOY":-46.721776557293,"HOLDER_PROFIT":-464567000,"HOLDER_PROFIT_YOY":-1203.4059330689,"GROSS_PROFIT_RATIO":15.437748182956,"EPS_TTM":-0.09130268288,"OPERATE_INCOME_QOQ":-23.848278285442,"NET_PROFIT_RATIO":-12.7897467417,"ROE_AVG":-10.018776296169,"GROSS_PROFIT_QOQ":-52.692830129859,"ROA":-1.875963437839,"HOLDER_PROFIT_QOQ":-10486.0272747597,"ROE_YEARLY":-10.018776296169,"ROIC_YEARLY":-1.909457971349,"TOTAL_ASSETS":23407027000,"TOTAL_LIABILITIES":18797655000,"TAX_EBT":14.763539213728,"OCF_SALES":-0.303867528775,"TOTAL_PARENT_EQUITY":4392297000,"DEBT_ASSET_RATIO":80.3077426279,"OPERATE_PROFIT":-326880000,"PRETAX_PROFIT":-495579000,"NETCASH_OPERATE":-10036000,"NETCASH_INVEST":306313000,"NETCASH_FINANCE":-434395000,"END_CASH":148063000,"DIVI_RATIO":null,"DIVIDEND_RATE":null,"CURRENT_RATIO":0.910980813942,"COMMON_ACS":200000000000,"CURRENTDEBT_DEBT":75.730153575007,"ISSUED_COMMON_SHARES":5088207546,"HK_COMMON_SHARES":5088207546,"PER_SHARES":6000,"TOTAL_MARKET_CAP":178087264.11,"HKSK_MARKET_CAP":178087264.11,"PE_TTM":-0.193785219091,"PB_TTM":0.039061721906,"REPORT_DATE_SQ":"2022-12-31 00:00:00","REPORT_TYPE_SQ":"2022年年报","OPERATE_INCOME_SQ":3448968000,"DPS_HKD":null,"OPERATE_INCOME_QOQ_SQ":123.986159358312,"NET_PROFIT_RATIO_SQ":0.4139209178,"HOLDER_PROFIT_SQ":42103000,"HOLDER_PROFIT_QOQ_SQ":-47.798001339053,"ROE_AVG_SQ":0.866523518675,"PE_TTM_SQ":-128.827409447858,"PB_TTM_SQ":0.092365892544,"ROA_SQ":0.150072977142,"START_DATE":"2023-01-01 00:00:00","FISCAL_YEAR":"12-31","CURRENCY":"HKD","IS_CNY_CODE":0,"DPS_HKD_LY":null,"ORG_TYPE":"一般企业","PREMIUM_INCOME":null,"PREMIUM_INCOME_YOY":null,"NET_INTEREST_INCOME":null,"NET_INTEREST_INCOME_YOY":null,"FEE_COMMISSION_INCOME":null,"FEE_COMMISSION_INCOME_YOY":null,"ACCOUNTS_RECE_TDAYS":3.579075754054,"INVENTORY_TDAYS":0.232533940084,"CURRENT_ASSETS_TDAYS":0.234046863088,"TOTAL_ASSETS_TDAYS":0.133368225124,"PREMIUM_EXPENSE":null,"LOAN_DEPOSIT":null,"LOAN_EQUITY":null,"LOAN_ASSETS":null,"DEPOSIT_EQUITY":null,"DEPOSIT_ASSETS":null,"EQUITY_MULTIPLIER":5.078137976283,"EQUITY_RATIO":4.279686687854},{"SECUCODE":"00910.HK","SECURITY_CODE":"00910","SECURITY_NAME_ABBR":"中国三迪","ORG_CODE":"10009158","STD_REPORT_DATE":"2023-06-30 00:00:00","REPORT_DATE":"2023-06-30 00:00:00","DATE_TYPE_CODE":"002","REPORT_TYPE":"2023年中报","PER_NETCASH_OPERATE":0.038908986752,"PER_OI":0.280535922935,"BPS":0.968236840864,"BASIC_EPS":0.0162,"DILUTED_EPS":0.0162,"OPERATE_INCOME":1427425000,"OPERATE_INCOME_YOY":164.6707619395,"GROSS_PROFIT":320684000,"GROSS_PROFIT_YOY":60.427828888455,"HOLDER_PROFIT":82197000,"HOLDER_PROFIT_YOY":-31.4036068666,"GROSS_PROFIT_RATIO":22.465908891886,"EPS_TTM":0.000879091499,"OPERATE_INCOME_QOQ":25.749847490612,"NET_PROFIT_RATIO":10.2048093595,"ROE_AVG":1.676083937758,"GROSS_PROFIT_QOQ":12.621878647477,"ROA":0.319669330066,"HOLDER_PROFIT_QOQ":-89.376053962901,"ROE_YEARLY":3.352167875517,"ROIC_YEARLY":0.653568267101,"TOTAL_ASSETS":25304929000,"TOTAL_LIABILITIES":20122159000,"TAX_EBT":16.765139480932,"OCF_SALES":13.869520290033,"TOTAL_PARENT_EQUITY":4926590000,"DEBT_ASSET_RATIO":79.5187332871,"OPERATE_PROFIT":216505000,"PRETAX_PROFIT":175006000,"NETCASH_OPERATE":197977000,"NETCASH_INVEST":377720000,"NETCASH_FINANCE":-489583000,"END_CASH":359824000,"DIVI_RATIO":null,"DIVIDEND_RATE":null,"CURRENT_RATIO":1.044716757403,"COMMON_ACS":200000000000,"CURRENTDEBT_DEBT":69.320692675175,"ISSUED_COMMON_SHARES":5088207546,"HK_COMMON_SHARES":5088207546,"PER_SHARES":6000,"TOTAL_MARKET_CAP":178087264.11,"HKSK_MARKET_CAP":178087264.11,"PE_TTM":-0.193785219091,"PB_TTM":0.039061721906,"REPORT_DATE_SQ":"2022-06-30 00:00:00","REPORT_TYPE_SQ":"2022年中报","OPERATE_INCOME_SQ":539321000,"DPS_HKD":null,"OPERATE_INCOME_QOQ_SQ":-47.402746456598,"NET_PROFIT_RATIO_SQ":19.8846327141,"HOLDER_PROFIT_SQ":119827000,"HOLDER_PROFIT_QOQ_SQ":-52.474559093025,"ROE_AVG_SQ":2.445791889598,"PE_TTM_SQ":-128.827409447858,"PB_TTM_SQ":0.092365892544,"ROA_SQ":0.398067885645,"START_DATE":"2023-01-01 00:00:00","FISCAL_YEAR":"12-31","CURRENCY":"HKD","IS_CNY_CODE":0,"DPS_HKD_LY":null,"ORG_TYPE":"一般企业","PREMIUM_INCOME":null,"PREMIUM_INCOME_YOY":null,"NET_INTEREST_INCOME":null,"NET_INTEREST_INCOME_YOY":null,"FEE_COMMISSION_INCOME":null,"FEE_COMMISSION_INCOME_YOY":null,"ACCOUNTS_RECE_TDAYS":1.604593819713,"INVENTORY_TDAYS":0.0869870825,"CURRENT_ASSETS_TDAYS":0.095712562654,"TOTAL_ASSETS_TDAYS":0.055513460767,"PREMIUM_EXPENSE":null,"LOAN_DEPOSIT":null,"LOAN_EQUITY":null,"LOAN_ASSETS":null,"DEPOSIT_EQUITY":null,"DEPOSIT_ASSETS":null,"EQUITY_MULTIPLIER":4.882510510789,"EQUITY_RATIO":4.084398945315},{"SECUCODE":"00910.HK","SECURITY_CODE":"00910","SECURITY_NAME_ABBR":"中国三迪","ORG_CODE":"10009158","STD_REPORT_DATE":"2022-12-31 00:00:00","REPORT_DATE":"2022-12-31 00:00:00","DATE_TYPE_CODE":"001","REPORT_TYPE":"2022年年报","PER_NETCASH_OPERATE":0.22041612687,"PER_OI":0.677835557771,"BPS":0.959400723313,"BASIC_EPS":0.0083,"DILUTED_EPS":0.0016,"OPERATE_INCOME":3448968000,"OPERATE_INCOME_YOY":17.8105681398,"GROSS_PROFIT":956997000,"GROSS_PROFIT_YOY":17.499499674021,"HOLDER_PROFIT":42103000,"HOLDER_PROFIT_YOY":-75.1907699741,"GROSS_PROFIT_RATIO":27.747343553202,"EPS_TTM":0.008274623159,"OPERATE_INCOME_QOQ":123.986159358312,"NET_PROFIT_RATIO":0.4139209178,"ROE_AVG":0.866523518675,"GROSS_PROFIT_QOQ":104.064891559534,"ROA":0.150072977142,"HOLDER_PROFIT_QOQ":-47.798001339053,"ROE_YEARLY":0.866523518675,"ROIC_YEARLY":0.153818011624,"TOTAL_ASSETS":26121337000,"TOTAL_LIABILITIES":21046996000,"TAX_EBT":91.719881911457,"OCF_SALES":32.517640059287,"TOTAL_PARENT_EQUITY":4881630000,"DEBT_ASSET_RATIO":80.5739614324,"OPERATE_PROFIT":730850000,"PRETAX_PROFIT":172413000,"NETCASH_OPERATE":1121523000,"NETCASH_INVEST":320279000,"NETCASH_FINANCE":-1729984000,"END_CASH":310947000,"DIVI_RATIO":null,"DIVIDEND_RATE":null,"CURRENT_RATIO":1.112485933269,"COMMON_ACS":200000000000,"CURRENTDEBT_DEBT":65.15095550928,"ISSUED_COMMON_SHARES":5088207546,"HK_COMMON_SHARES":5088207546,"PER_SHARES":6000,"TOTAL_MARKET_CAP":178087264.11,"HKSK_MARKET_CAP":178087264.11,"PE_TTM":-0.193785219091,"PB_TTM":0.039061721906,"REPORT_DATE_SQ":"2021-12-31 00:00:00","REPORT_TYPE_SQ":"2021年年报","OPERATE_INCOME_SQ":2927554000,"DPS_HKD":null,"OPERATE_INCOME_QOQ_SQ":-17.816124866655,"NET_PROFIT_RATIO_SQ":7.0167108788,"HOLDER_PROFIT_SQ":169707000,"HOLDER_PROFIT_QOQ_SQ":-68.108940027737,"ROE_AVG_SQ":3.569450340993,"PE_TTM_SQ":-128.827409447858,"PB_TTM_SQ":0.092365892544,"ROA_SQ":0.594450245962,"START_DATE":"2022-01-01 00:00:00","FISCAL_YEAR":"12-31","CURRENCY":"HKD","IS_CNY_CODE":0,"DPS_HKD_LY":null,"ORG_TYPE":"一般企业","PREMIUM_INCOME":null,"PREMIUM_INCOME_YOY":null,"NET_INTEREST_INCOME":null,"NET_INTEREST_INCOME_YOY":null,"FEE_COMMISSION_INCOME":null,"FEE_COMMISSION_INCOME_YOY":null,"ACCOUNTS_RECE_TDAYS":3.809898758927,"INVENTORY_TDAYS":0.17206675674,"CURRENT_ASSETS_TDAYS":0.199591663727,"TOTAL_ASSETS_TDAYS":0.122935870562,"PREMIUM_EXPENSE":null,"LOAN_DEPOSIT":null,"LOAN_EQUITY":null,"LOAN_ASSETS":null,"DEPOSIT_EQUITY":null,"DEPOSIT_ASSETS":null,"EQUITY_MULTIPLIER":5.147729921981,"EQUITY_RATIO":4.311468915096},{"SECUCODE":"00910.HK","SECURITY_CODE":"00910","SECURITY_NAME_ABBR":"中国三迪","ORG_CODE":"10009158","STD_REPORT_DATE":"2022-06-30 00:00:00","REPORT_DATE":"2022-06-30 00:00:00","DATE_TYPE_CODE":"002","REPORT_TYPE":"2022年中报","PER_NETCASH_OPERATE":0.107258006885,"PER_OI":0.105994300571,"BPS":0.975308879431,"BASIC_EPS":0.0236,"DILUTED_EPS":0.0101,"OPERATE_INCOME":539321000,"OPERATE_INCOME_YOY":-72.0133031527,"GROSS_PROFIT":199893000,"GROSS_PROFIT_YOY":-63.348948926925,"HOLDER_PROFIT":119827000,"HOLDER_PROFIT_YOY":-42.6335695136,"GROSS_PROFIT_RATIO":37.063826552276,"EPS_TTM":0.015851161587,"OPERATE_INCOME_QOQ":-47.402746456598,"NET_PROFIT_RATIO":19.8846327141,"ROE_AVG":2.445791889598,"GROSS_PROFIT_QOQ":-42.420521836927,"ROA":0.398067885645,"HOLDER_PROFIT_QOQ":-52.474559093025,"ROE_YEARLY":4.891583779195,"ROIC_YEARLY":0.817370460967,"TOTAL_ASSETS":30215606000,"TOTAL_LIABILITIES":24996008000,"TAX_EBT":16.333536176255,"OCF_SALES":101.192239871987,"TOTAL_PARENT_EQUITY":4962574000,"DEBT_ASSET_RATIO":82.725489603,"OPERATE_PROFIT":168443000,"PRETAX_PROFIT":128178000,"NETCASH_OPERATE":545751000,"NETCASH_INVEST":313010000,"NETCASH_FINANCE":-1013293000,"END_CASH":444577000,"DIVI_RATIO":null,"DIVIDEND_RATE":null,"CURRENT_RATIO":1.192830777719,"COMMON_ACS":200000000000,"CURRENTDEBT_DEBT":65.349963082105,"ISSUED_COMMON_SHARES":5088207546,"HK_COMMON_SHARES":5088207546,"PER_SHARES":6000,"TOTAL_MARKET_CAP":178087264.11,"HKSK_MARKET_CAP":178087264.11,"PE_TTM":-0.193785219091,"PB_TTM":0.039061721906,"REPORT_DATE_SQ":"2021-06-30 00:00:00","REPORT_TYPE_SQ":"2021年中报","OPERATE_INCOME_SQ":1927062000,"DPS_HKD":null,"OPERATE_INCOME_QOQ_SQ":10.452800047627,"NET_PROFIT_RATIO_SQ":13.0812604888,"HOLDER_PROFIT_SQ":208880000,"HOLDER_PROFIT_QOQ_SQ":26.549870036599,"ROE_AVG_SQ":4.368758981101,"PE_TTM_SQ":-128.827409447858,"PB_TTM_SQ":0.092365892544,"ROA_SQ":0.747790410544,"START_DATE":"2022-01-01 00:00:00","FISCAL_YEAR":"12-31","CURRENCY":"HKD","IS_CNY_CODE":0,"DPS_HKD_LY":null,"ORG_TYPE":"一般企业","PREMIUM_INCOME":null,"PREMIUM_INCOME_YOY":null,"NET_INTEREST_INCOME":null,"NET_INTEREST_INCOME_YOY":null,"FEE_COMMISSION_INCOME":null,"FEE_COMMISSION_INCOME_YOY":null,"ACCOUNTS_RECE_TDAYS":0.482102431827,"INVENTORY_TDAYS":0.021057310523,"CURRENT_ASSETS_TDAYS":0.027807054194,"TOTAL_ASSETS_TDAYS":0.017916360266,"PREMIUM_EXPENSE":null,"LOAN_DEPOSIT":null,"LOAN_EQUITY":null,"LOAN_ASSETS":null,"DEPOSIT_EQUITY":null,"DEPOSIT_ASSETS":null,"EQUITY_MULTIPLIER":5.788876078211,"EQUITY_RATIO":5.036903832568},{"SECUCODE":"00910.HK","SECURITY_CODE":"00910","SECURITY_NAME_ABBR":"中国三迪","ORG_CODE":"10009158","STD_REPORT_DATE":"2021-12-31 00:00:00","REPORT_DATE":"2021-12-31 00:00:00","DATE_TYPE_CODE":"001","REPORT_TYPE":"2021年年报","PER_NETCASH_OPERATE":0.285508204386,"PER_OI":0.57536057119,"BPS":0.950443148452,"BASIC_EPS":0.0334,"DILUTED_EPS":0.0096,"OPERATE_INCOME":2927554000,"OPERATE_INCOME_YOY":-9.2256087276,"GROSS_PROFIT":814469000,"GROSS_PROFIT_YOY":-28.613462023896,"HOLDER_PROFIT":169707000,"HOLDER_PROFIT_YOY":-59.6419050518,"GROSS_PROFIT_RATIO":27.820801939093,"EPS_TTM":0.033353002696,"OPERATE_INCOME_QOQ":-17.816124866655,"NET_PROFIT_RATIO":7.0167108788,"ROE_AVG":3.569450340993,"GROSS_PROFIT_QOQ":-30.373101536894,"ROA":0.594450245962,"HOLDER_PROFIT_QOQ":-68.108940027737,"ROE_YEARLY":3.569450340993,"ROIC_YEARLY":0.615295893271,"TOTAL_ASSETS":29988698000,"TOTAL_LIABILITIES":24883037000,"TAX_EBT":46.463206453042,"OCF_SALES":49.622483479382,"TOTAL_PARENT_EQUITY":4836052000,"DEBT_ASSET_RATIO":82.974716008,"OPERATE_PROFIT":561860000,"PRETAX_PROFIT":383695000,"NETCASH_OPERATE":1452725000,"NETCASH_INVEST":-1246974000,"NETCASH_FINANCE":-444234000,"END_CASH":592854000,"DIVI_RATIO":null,"DIVIDEND_RATE":null,"CURRENT_RATIO":1.226476457096,"COMMON_ACS":200000000000,"CURRENTDEBT_DEBT":63.258367537693,"ISSUED_COMMON_SHARES":5088207546,"HK_COMMON_SHARES":5088207546,"PER_SHARES":6000,"TOTAL_MARKET_CAP":178087264.11,"HKSK_MARKET_CAP":178087264.11,"PE_TTM":-0.193785219091,"PB_TTM":0.039061721906,"REPORT_DATE_SQ":"2020-12-31 00:00:00","REPORT_TYPE_SQ":"2020年年报","OPERATE_INCOME_SQ":3225088000,"DPS_HKD":null,"OPERATE_INCOME_QOQ_SQ":47.081883837214,"NET_PROFIT_RATIO_SQ":16.7717283993,"HOLDER_PROFIT_SQ":420503000,"HOLDER_PROFIT_QOQ_SQ":7.441929392887,"ROE_AVG_SQ":9.758295362116,"PE_TTM_SQ":-128.827409447858,"PB_TTM_SQ":0.092365892544,"ROA_SQ":1.774901880389,"START_DATE":"2021-01-01 00:00:00","FISCAL_YEAR":"12-31","CURRENCY":"HKD","IS_CNY_CODE":0,"DPS_HKD_LY":null,"ORG_TYPE":"一般企业","PREMIUM_INCOME":null,"PREMIUM_INCOME_YOY":null,"NET_INTEREST_INCOME":null,"NET_INTEREST_INCOME_YOY":null,"FEE_COMMISSION_INCOME":null,"FEE_COMMISSION_INCOME_YOY":null,"ACCOUNTS_RECE_TDAYS":3.293010678606,"INVENTORY_TDAYS":0.141371558719,"CURRENT_ASSETS_TDAYS":0.160215435026,"TOTAL_ASSETS_TDAYS":0.102546459213,"PREMIUM_EXPENSE":null,"LOAN_DEPOSIT":null,"LOAN_EQUITY":null,"LOAN_ASSETS":null,"DEPOSIT_EQUITY":null,"DEPOSIT_ASSETS":null,"EQUITY_MULTIPLIER":5.873617147707,"EQUITY_RATIO":5.145320397713},{"SECUCODE":"00910.HK","SECURITY_CODE":"00910","SECURITY_NAME_ABBR":"中国三迪","ORG_CODE":"10009158","STD_REPORT_DATE":"2021-06-30 00:00:00","REPORT_DATE":"2021-06-30 00:00:00","DATE_TYPE_CODE":"002","REPORT_TYPE":"2021年中报","PER_NETCASH_OPERATE":0.029548430773,"PER_OI":0.378805461066,"BPS":0.960973772354,"BASIC_EPS":0.0411,"DILUTED_EPS":0.0279,"OPERATE_INCOME":1927062000,"OPERATE_INCOME_YOY":21.2026793295,"GROSS_PROFIT":545395000,"GROSS_PROFIT_YOY":5.581915785357,"HOLDER_PROFIT":208880000,"HOLDER_PROFIT_YOY":114.8153480671,"GROSS_PROFIT_RATIO":28.301891687969,"EPS_TTM":0.104604735543,"OPERATE_INCOME_QOQ":10.452800047627,"NET_PROFIT_RATIO":13.0812604888,"ROE_AVG":4.368758981101,"GROSS_PROFIT_QOQ":2.527240982779,"ROA":0.747790410544,"HOLDER_PROFIT_QOQ":26.549870036599,"ROE_YEARLY":8.737517962202,"ROIC_YEARLY":1.543239121348,"TOTAL_ASSETS":28757494000,"TOTAL_LIABILITIES":23590758000,"TAX_EBT":29.87830150628,"OCF_SALES":7.800423650095,"TOTAL_PARENT_EQUITY":4889634000,"DEBT_ASSET_RATIO":82.0334275302,"OPERATE_PROFIT":411055000,"PRETAX_PROFIT":359495000,"NETCASH_OPERATE":150319000,"NETCASH_INVEST":-910107000,"NETCASH_FINANCE":297942000,"END_CASH":376215000,"DIVI_RATIO":null,"DIVIDEND_RATE":null,"CURRENT_RATIO":1.42140324136,"COMMON_ACS":200000000000,"CURRENTDEBT_DEBT":54.251982916361,"ISSUED_COMMON_SHARES":5088207546,"HK_COMMON_SHARES":5088207546,"PER_SHARES":6000,"TOTAL_MARKET_CAP":178087264.11,"HKSK_MARKET_CAP":178087264.11,"PE_TTM":-0.193785219091,"PB_TTM":0.039061721906,"REPORT_DATE_SQ":"2020-06-30 00:00:00","REPORT_TYPE_SQ":"2020年中报","OPERATE_INCOME_SQ":1589950000,"DPS_HKD":null,"OPERATE_INCOME_QOQ_SQ":12.935492759707,"NET_PROFIT_RATIO_SQ":11.5844523413,"HOLDER_PROFIT_SQ":97237000,"HOLDER_PROFIT_QOQ_SQ":-18.82923895347,"ROE_AVG_SQ":2.434739628313,"PE_TTM_SQ":-128.827409447858,"PB_TTM_SQ":0.092365892544,"ROA_SQ":0.444723271508,"START_DATE":"2021-01-01 00:00:00","FISCAL_YEAR":"12-31","CURRENCY":"HKD","IS_CNY_CODE":0,"DPS_HKD_LY":null,"ORG_TYPE":"一般企业","PREMIUM_INCOME":null,"PREMIUM_INCOME_YOY":null,"NET_INTEREST_INCOME":null,"NET_INTEREST_INCOME_YOY":null,"FEE_COMMISSION_INCOME":null,"FEE_COMMISSION_INCOME_YOY":null,"ACCOUNTS_RECE_TDAYS":1.872316404491,"INVENTORY_TDAYS":0.094874058837,"CURRENT_ASSETS_TDAYS":0.108776757226,"TOTAL_ASSETS_TDAYS":0.068988820573,"PREMIUM_EXPENSE":null,"LOAN_DEPOSIT":null,"LOAN_EQUITY":null,"LOAN_ASSETS":null,"DEPOSIT_EQUITY":null,"DEPOSIT_ASSETS":null,"EQUITY_MULTIPLIER":5.565891889958,"EQUITY_RATIO":4.824646998119},{"SECUCODE":"00910.HK","SECURITY_CODE":"00910","SECURITY_NAME_ABBR":"中国三迪","ORG_CODE":"10009158","STD_REPORT_DATE":"2020-12-31 00:00:00","REPORT_DATE":"2020-12-31 00:00:00","DATE_TYPE_CODE":"001","REPORT_TYPE":"2020年年报","PER_NETCASH_OPERATE":-0.665929779622,"PER_OI":0.633960374299,"BPS":0.918360141121,"BASIC_EPS":0.0827,"DILUTED_EPS":0.0581,"OPERATE_INCOME":3225088000,"OPERATE_INCOME_YOY":66.1076502718,"GROSS_PROFIT":1140928000,"GROSS_PROFIT_YOY":84.186710275878,"HOLDER_PROFIT":420503000,"HOLDER_PROFIT_YOY":-12.7885682287,"GROSS_PROFIT_RATIO":35.376647086839,"EPS_TTM":0.082658903966,"OPERATE_INCOME_QOQ":47.081883837214,"NET_PROFIT_RATIO":16.7717283993,"ROE_AVG":9.758295362116,"GROSS_PROFIT_QOQ":67.285608717582,"ROA":1.774901880389,"HOLDER_PROFIT_QOQ":7.441929392887,"ROE_YEARLY":9.758295362116,"ROIC_YEARLY":1.846333462568,"TOTAL_ASSETS":27108427000,"TOTAL_LIABILITIES":22201722000,"TAX_EBT":36.746034808783,"OCF_SALES":-105.042808134228,"TOTAL_PARENT_EQUITY":4672807000,"DEBT_ASSET_RATIO":81.8997059475,"OPERATE_PROFIT":958194000,"PRETAX_PROFIT":855129000,"NETCASH_OPERATE":-3392756000,"NETCASH_INVEST":-676889000,"NETCASH_FINANCE":4195599000,"END_CASH":838036000,"DIVI_RATIO":null,"DIVIDEND_RATE":null,"CURRENT_RATIO":1.226052516948,"COMMON_ACS":200000000000,"CURRENTDEBT_DEBT":63.333713484026,"ISSUED_COMMON_SHARES":5088207546,"HK_COMMON_SHARES":5088207546,"PER_SHARES":6000,"TOTAL_MARKET_CAP":178087264.11,"HKSK_MARKET_CAP":178087264.11,"PE_TTM":-0.193785219091,"PB_TTM":0.039061721906,"REPORT_DATE_SQ":"2019-12-31 00:00:00","REPORT_TYPE_SQ":"2019年年报","OPERATE_INCOME_SQ":1941565000,"DPS_HKD":null,"OPERATE_INCOME_QOQ_SQ":694.869904278785,"NET_PROFIT_RATIO_SQ":24.0621354423,"HOLDER_PROFIT_SQ":482165000,"HOLDER_PROFIT_QOQ_SQ":1031.27655655338,"ROE_AVG_SQ":12.163720118266,"PE_TTM_SQ":-128.827409447858,"PB_TTM_SQ":0.092365892544,"ROA_SQ":3.44343778591,"START_DATE":"2020-01-01 00:00:00","FISCAL_YEAR":"12-31","CURRENCY":"HKD","IS_CNY_CODE":0,"DPS_HKD_LY":null,"ORG_TYPE":"一般企业","PREMIUM_INCOME":null,"PREMIUM_INCOME_YOY":null,"NET_INTEREST_INCOME":null,"NET_INTEREST_INCOME_YOY":null,"FEE_COMMISSION_INCOME":null,"FEE_COMMISSION_INCOME_YOY":null,"ACCOUNTS_RECE_TDAYS":3.594069557,"INVENTORY_TDAYS":0.183221761839,"CURRENT_ASSETS_TDAYS":0.224999488969,"TOTAL_ASSETS_TDAYS":0.136127798271,"PREMIUM_EXPENSE":null,"LOAN_DEPOSIT":null,"LOAN_EQUITY":null,"LOAN_ASSETS":null,"DEPOSIT_EQUITY":null,"DEPOSIT_ASSETS":null,"EQUITY_MULTIPLIER":5.524772123036,"EQUITY_RATIO":4.751260216825},{"SECUCODE":"00910.HK","SECURITY_CODE":"00910","SECURITY_NAME_ABBR":"中国三迪","ORG_CODE":"10009158","STD_REPORT_DATE":"2020-06-30 00:00:00","REPORT_DATE":"2020-06-30 00:00:00","DATE_TYPE_CODE":"002","REPORT_TYPE":"2020年中报","PER_NETCASH_OPERATE":-0.465274510347,"PER_OI":0.312538850759,"BPS":0.794366771296,"BASIC_EPS":0.0191,"DILUTED_EPS":0.019,"OPERATE_INCOME":1589950000,"OPERATE_INCOME_YOY":18.7594254253,"GROSS_PROFIT":516561000,"GROSS_PROFIT_YOY":13.785469780474,"HOLDER_PROFIT":97237000,"HOLDER_PROFIT_YOY":-48.2850684749,"GROSS_PROFIT_RATIO":32.489134878455,"EPS_TTM":0.076933562561,"OPERATE_INCOME_QOQ":12.935492759707,"NET_PROFIT_RATIO":11.5844523413,"ROE_AVG":2.434739628313,"GROSS_PROFIT_QOQ":10.103141380696,"ROA":0.444723271508,"HOLDER_PROFIT_QOQ":-18.82923895347,"ROE_YEARLY":4.869479256625,"ROIC_YEARLY":0.928834327582,"TOTAL_ASSETS":23454404000,"TOTAL_LIABILITIES":19247082000,"TAX_EBT":44.293793854343,"OCF_SALES":-148.869335513695,"TOTAL_PARENT_EQUITY":4041903000,"DEBT_ASSET_RATIO":82.0616972403,"OPERATE_PROFIT":422145000,"PRETAX_PROFIT":330640000,"NETCASH_OPERATE":-2366948000,"NETCASH_INVEST":-220062000,"NETCASH_FINANCE":2808858000,"END_CASH":927700000,"DIVI_RATIO":null,"DIVIDEND_RATE":null,"CURRENT_RATIO":1.2358337203,"COMMON_ACS":200000000000,"CURRENTDEBT_DEBT":60.452587046701,"ISSUED_COMMON_SHARES":5088207546,"HK_COMMON_SHARES":5088207546,"PER_SHARES":6000,"TOTAL_MARKET_CAP":178087264.11,"HKSK_MARKET_CAP":178087264.11,"PE_TTM":-0.193785219091,"PB_TTM":0.039061721906,"REPORT_DATE_SQ":"2019-06-30 00:00:00","REPORT_TYPE_SQ":"2019年中报","OPERATE_INCOME_SQ":1338799000,"DPS_HKD":null,"OPERATE_INCOME_QOQ_SQ":0,"NET_PROFIT_RATIO_SQ":13.8726575087,"HOLDER_PROFIT_SQ":188025000,"HOLDER_PROFIT_QOQ_SQ":0,"ROE_AVG_SQ":5.569866379409,"PE_TTM_SQ":-128.827409447858,"PB_TTM_SQ":0.092365892544,"ROA_SQ":1.470410304207,"START_DATE":"2020-01-01 00:00:00","FISCAL_YEAR":"12-31","CURRENCY":"HKD","IS_CNY_CODE":0,"DPS_HKD_LY":null,"ORG_TYPE":"一般企业","PREMIUM_INCOME":null,"PREMIUM_INCOME_YOY":null,"NET_INTEREST_INCOME":null,"NET_INTEREST_INCOME_YOY":null,"FEE_COMMISSION_INCOME":null,"FEE_COMMISSION_INCOME_YOY":null,"ACCOUNTS_RECE_TDAYS":1.573992081284,"INVENTORY_TDAYS":0.1053898517,"CURRENT_ASSETS_TDAYS":0.123217819066,"TOTAL_ASSETS_TDAYS":0.07271797418,"PREMIUM_EXPENSE":null,"LOAN_DEPOSIT":null,"LOAN_EQUITY":null,"LOAN_ASSETS":null,"DEPOSIT_EQUITY":null,"DEPOSIT_ASSETS":null,"EQUITY_MULTIPLIER":5.574663408216,"EQUITY_RATIO":4.761886170945}],"count":48},"success":true,"message":"ok","code":0}