{"version":"fc8deef5c65438d6c2d0cfd9e6b0dcc4","result":{"pages":9,"data":[{"SECUCODE":"00914.HK","SECURITY_CODE":"00914","SECURITY_NAME_ABBR":"海螺水泥","ORG_CODE":"10002644","STD_REPORT_DATE":"2024-09-30 00:00:00","REPORT_DATE":"2024-09-30 00:00:00","DATE_TYPE_CODE":"004","REPORT_TYPE":"2024年三季报","PER_NETCASH_OPERATE":1.952668825707,"PER_OI":12.86025081679,"BPS":35.004337213559,"BASIC_EPS":0.99,"DILUTED_EPS":0.99,"OPERATE_INCOME":68150360320,"OPERATE_INCOME_YOY":-31.2700233924,"GROSS_PROFIT":13317506328,"GROSS_PROFIT_YOY":-26.813546911906,"HOLDER_PROFIT":5198463674,"HOLDER_PROFIT_YOY":-40.0545867405,"GROSS_PROFIT_RATIO":19.541358645013,"EPS_TTM":1.361622372648,"OPERATE_INCOME_QOQ":-9.142657921766,"NET_PROFIT_RATIO":7.696247407,"ROE_AVG":2.803254803945,"GROSS_PROFIT_QOQ":-4.457789700566,"ROA":2.086562760743,"HOLDER_PROFIT_QOQ":-2.792992469862,"ROE_YEARLY":3.737673071926,"ROIC_YEARLY":3.145448635216,"TOTAL_ASSETS":252090916161,"TOTAL_LIABILITIES":54103961187,"TAX_EBT":22.894575026683,"OCF_SALES":15.183753828171,"TOTAL_PARENT_EQUITY":185498574472,"DEBT_ASSET_RATIO":21.4620828116,"OPERATE_PROFIT":6080760085,"PRETAX_PROFIT":6802401181,"NETCASH_OPERATE":10347782944,"NETCASH_INVEST":-6767086621,"NETCASH_FINANCE":2810214014,"END_CASH":17942538963,"DIVI_RATIO":0.701756558495,"DIVIDEND_RATE":5.081493975904,"CURRENT_RATIO":3.685893511215,"COMMON_ACS":null,"CURRENTDEBT_DEBT":52.775151683091,"ISSUED_COMMON_SHARES":5299302579,"HK_COMMON_SHARES":1299600000,"PER_SHARES":500,"TOTAL_MARKET_CAP":109960528514.25,"HKSK_MARKET_CAP":26966700000,"PE_TTM":13.55942571265,"PB_TTM":0.534566399182,"REPORT_DATE_SQ":"2023-09-30 00:00:00","REPORT_TYPE_SQ":"2023年三季报","OPERATE_INCOME_SQ":99156676146,"DPS_HKD":1.05441,"OPERATE_INCOME_QOQ_SQ":3.306382323421,"NET_PROFIT_RATIO_SQ":9.1498329428,"HOLDER_PROFIT_SQ":8671995723,"HOLDER_PROFIT_QOQ_SQ":-4.20475993005,"ROE_AVG_SQ":4.716452912137,"PE_TTM_SQ":6.553063573301,"PB_TTM_SQ":0.438301311652,"ROA_SQ":3.532029641668,"START_DATE":"2024-01-01 00:00:00","FISCAL_YEAR":"12-31","CURRENCY":"HKD","IS_CNY_CODE":0,"DPS_HKD_LY":1.05441,"ORG_TYPE":"一般企业","PREMIUM_INCOME":null,"PREMIUM_INCOME_YOY":null,"NET_INTEREST_INCOME":null,"NET_INTEREST_INCOME_YOY":null,"FEE_COMMISSION_INCOME":null,"FEE_COMMISSION_INCOME_YOY":null,"ACCOUNTS_RECE_TDAYS":5.561166805575,"INVENTORY_TDAYS":5.77146946263,"CURRENT_ASSETS_TDAYS":0.659758931307,"TOTAL_ASSETS_TDAYS":0.27354236346,"PREMIUM_EXPENSE":null,"LOAN_DEPOSIT":null,"LOAN_EQUITY":null,"LOAN_ASSETS":null,"DEPOSIT_EQUITY":null,"DEPOSIT_ASSETS":null,"EQUITY_MULTIPLIER":1.273270333362,"EQUITY_RATIO":0.291667800365},{"SECUCODE":"00914.HK","SECURITY_CODE":"00914","SECURITY_NAME_ABBR":"海螺水泥","ORG_CODE":"10002644","STD_REPORT_DATE":"2024-06-30 00:00:00","REPORT_DATE":"2024-06-30 00:00:00","DATE_TYPE_CODE":"002","REPORT_TYPE":"2024年中报","PER_NETCASH_OPERATE":1.213381743002,"PER_OI":8.598418625984,"BPS":34.627890984596,"BASIC_EPS":0.66,"DILUTED_EPS":0.66,"OPERATE_INCOME":45565622000,"OPERATE_INCOME_YOY":-30.438109204,"GROSS_PROFIT":8171530000,"GROSS_PROFIT_YOY":-33.211070632047,"HOLDER_PROFIT":3486319000,"HOLDER_PROFIT_YOY":-48.3701659586,"GROSS_PROFIT_RATIO":17.933542090131,"EPS_TTM":1.400745077176,"OPERATE_INCOME_QOQ":-7.532949502513,"NET_PROFIT_RATIO":7.7849612148,"ROE_AVG":1.890152909582,"GROSS_PROFIT_QOQ":-12.671982610623,"ROA":1.423208928951,"HOLDER_PROFIT_QOQ":-22.990033099165,"ROE_YEARLY":3.780305819164,"ROIC_YEARLY":4.223795602312,"TOTAL_ASSETS":243734511000,"TOTAL_LIABILITIES":47580120000,"TAX_EBT":22.045614070558,"OCF_SALES":14.111684901393,"TOTAL_PARENT_EQUITY":183503672000,"DEBT_ASSET_RATIO":19.5212897036,"OPERATE_PROFIT":4753134000,"PRETAX_PROFIT":4550438000,"NETCASH_OPERATE":6430077000,"NETCASH_INVEST":-1622370000,"NETCASH_FINANCE":-2521777000,"END_CASH":13858506000,"DIVI_RATIO":0.68215655066,"DIVIDEND_RATE":5.009073634204,"CURRENT_RATIO":3.398686692841,"COMMON_ACS":null,"CURRENTDEBT_DEBT":60.30344185765,"ISSUED_COMMON_SHARES":5299302579,"HK_COMMON_SHARES":1299600000,"PER_SHARES":500,"TOTAL_MARKET_CAP":111550319287.95,"HKSK_MARKET_CAP":27356580000,"PE_TTM":13.755465602472,"PB_TTM":0.542295070013,"REPORT_DATE_SQ":"2023-06-30 00:00:00","REPORT_TYPE_SQ":"2023年中报","OPERATE_INCOME_SQ":65503714000,"DPS_HKD":1.05441,"OPERATE_INCOME_QOQ_SQ":2.361906767814,"NET_PROFIT_RATIO_SQ":10.89115405,"HOLDER_PROFIT_SQ":6752528000,"HOLDER_PROFIT_QOQ_SQ":-6.240410496857,"ROE_AVG_SQ":3.697821890413,"PE_TTM_SQ":6.837292836721,"PB_TTM_SQ":0.457311970953,"ROA_SQ":2.784907280793,"START_DATE":"2024-01-01 00:00:00","FISCAL_YEAR":"12-31","CURRENCY":"HKD","IS_CNY_CODE":0,"DPS_HKD_LY":1.05441,"ORG_TYPE":"一般企业","PREMIUM_INCOME":null,"PREMIUM_INCOME_YOY":null,"NET_INTEREST_INCOME":null,"NET_INTEREST_INCOME_YOY":null,"FEE_COMMISSION_INCOME":null,"FEE_COMMISSION_INCOME_YOY":null,"ACCOUNTS_RECE_TDAYS":4.072036228572,"INVENTORY_TDAYS":3.625032184514,"CURRENT_ASSETS_TDAYS":0.458260553679,"TOTAL_ASSETS_TDAYS":0.186011091021,"PREMIUM_EXPENSE":null,"LOAN_DEPOSIT":null,"LOAN_EQUITY":null,"LOAN_ASSETS":null,"DEPOSIT_EQUITY":null,"DEPOSIT_ASSETS":null,"EQUITY_MULTIPLIER":1.242564643888,"EQUITY_RATIO":0.259287018518},{"SECUCODE":"00914.HK","SECURITY_CODE":"00914","SECURITY_NAME_ABBR":"海螺水泥","ORG_CODE":"10002644","STD_REPORT_DATE":"2024-03-31 00:00:00","REPORT_DATE":"2024-03-31 00:00:00","DATE_TYPE_CODE":"003","REPORT_TYPE":"2024年一季报","PER_NETCASH_OPERATE":0.030114379698,"PER_OI":4.024627505234,"BPS":35.192299862446,"BASIC_EPS":0.28,"DILUTED_EPS":0.28,"OPERATE_INCOME":21327718918,"OPERATE_INCOME_YOY":-32.0846615361,"GROSS_PROFIT":3785071776,"GROSS_PROFIT_YOY":-27.107628851993,"HOLDER_PROFIT":1502318719,"HOLDER_PROFIT_YOY":-41.1437968552,"GROSS_PROFIT_RATIO":17.74719458069,"EPS_TTM":1.818914010156,"OPERATE_INCOME_QOQ":-7.145895328738,"NET_PROFIT_RATIO":6.9762758395,"ROE_AVG":0.807950668866,"GROSS_PROFIT_QOQ":-6.293832414024,"ROA":0.61148899511,"HOLDER_PROFIT_QOQ":-9.824936961962,"ROE_YEARLY":3.231802675465,"ROIC_YEARLY":3.61851144848,"TOTAL_ASSETS":245174906636,"TOTAL_LIABILITIES":46021060380,"TAX_EBT":22.331955086184,"OCF_SALES":0.748252593789,"TOTAL_PARENT_EQUITY":186494645422,"DEBT_ASSET_RATIO":18.7707057837,"OPERATE_PROFIT":1661043041,"PRETAX_PROFIT":1915691973,"NETCASH_OPERATE":159585210,"NETCASH_INVEST":-847235460,"NETCASH_FINANCE":580427108,"END_CASH":11468225840,"DIVI_RATIO":0.525328533875,"DIVIDEND_RATE":5.009073634204,"CURRENT_RATIO":3.775765743666,"COMMON_ACS":null,"CURRENTDEBT_DEBT":57.199666601859,"ISSUED_COMMON_SHARES":5299302579,"HK_COMMON_SHARES":1299600000,"PER_SHARES":500,"TOTAL_MARKET_CAP":111550319287.95,"HKSK_MARKET_CAP":27356580000,"PE_TTM":13.755465602472,"PB_TTM":0.542295070013,"REPORT_DATE_SQ":"2023-03-31 00:00:00","REPORT_TYPE_SQ":"2023年一季报","OPERATE_INCOME_SQ":31403390457,"DPS_HKD":1.05441,"OPERATE_INCOME_QOQ_SQ":4.471171982266,"NET_PROFIT_RATIO_SQ":8.5170155475,"HOLDER_PROFIT_SQ":2552524014,"HOLDER_PROFIT_QOQ_SQ":-14.963451690493,"ROE_AVG_SQ":1.379943813961,"PE_TTM_SQ":6.837292836721,"PB_TTM_SQ":0.457311970953,"ROA_SQ":1.046107115994,"START_DATE":"2024-01-01 00:00:00","FISCAL_YEAR":"12-31","CURRENCY":"HKD","IS_CNY_CODE":0,"DPS_HKD_LY":1.05441,"ORG_TYPE":"一般企业","PREMIUM_INCOME":null,"PREMIUM_INCOME_YOY":null,"NET_INTEREST_INCOME":null,"NET_INTEREST_INCOME_YOY":null,"FEE_COMMISSION_INCOME":null,"FEE_COMMISSION_INCOME_YOY":null,"ACCOUNTS_RECE_TDAYS":1.640503136608,"INVENTORY_TDAYS":1.720212312268,"CURRENT_ASSETS_TDAYS":0.21249140783,"TOTAL_ASSETS_TDAYS":0.086810243687,"PREMIUM_EXPENSE":null,"LOAN_DEPOSIT":null,"LOAN_EQUITY":null,"LOAN_ASSETS":null,"DEPOSIT_EQUITY":null,"DEPOSIT_ASSETS":null,"EQUITY_MULTIPLIER":1.231082960461,"EQUITY_RATIO":0.246768802803},{"SECUCODE":"00914.HK","SECURITY_CODE":"00914","SECURITY_NAME_ABBR":"海螺水泥","ORG_CODE":"10002644","STD_REPORT_DATE":"2023-12-31 00:00:00","REPORT_DATE":"2023-12-31 00:00:00","DATE_TYPE_CODE":"001","REPORT_TYPE":"2023年年报","PER_NETCASH_OPERATE":3.599962016813,"PER_OI":26.607166867344,"BPS":34.96111690889,"BASIC_EPS":2.02,"DILUTED_EPS":2.02,"OPERATE_INCOME":140999428000,"OPERATE_INCOME_YOY":6.8003092889,"GROSS_PROFIT":22364974000,"GROSS_PROFIT_YOY":-17.748476202784,"HOLDER_PROFIT":10689181000,"HOLDER_PROFIT_YOY":-32.605243966,"GROSS_PROFIT_RATIO":15.861748034893,"EPS_TTM":2.01709203063,"OPERATE_INCOME_QOQ":-3.325814187033,"NET_PROFIT_RATIO":7.8147061703,"ROE_AVG":5.796230317427,"GROSS_PROFIT_QOQ":-5.808880178213,"ROA":4.361456830198,"HOLDER_PROFIT_QOQ":-11.760943739751,"ROE_YEARLY":5.796230317427,"ROIC_YEARLY":6.277896511777,"TOTAL_ASSETS":246356360411,"TOTAL_LIABILITIES":48335063593,"TAX_EBT":20.557222465914,"OCF_SALES":13.530046377209,"TOTAL_PARENT_EQUITY":185389128400,"DEBT_ASSET_RATIO":19.6104601664,"OPERATE_PROFIT":14499317000,"PRETAX_PROFIT":13869972000,"NETCASH_OPERATE":19077288000,"NETCASH_INVEST":-19307018000,"NETCASH_FINANCE":-4407925000,"END_CASH":11551409000,"DIVI_RATIO":0.473715336579,"DIVIDEND_RATE":5.009073634204,"CURRENT_RATIO":3.416969632563,"COMMON_ACS":null,"CURRENTDEBT_DEBT":61.599822076808,"ISSUED_COMMON_SHARES":5299302579,"HK_COMMON_SHARES":1299600000,"PER_SHARES":500,"TOTAL_MARKET_CAP":111550319287.95,"HKSK_MARKET_CAP":27356580000,"PE_TTM":13.755465602472,"PB_TTM":0.542295070013,"REPORT_DATE_SQ":"2022-12-31 00:00:00","REPORT_TYPE_SQ":"2022年年报","OPERATE_INCOME_SQ":132021554000,"DPS_HKD":1.05441,"OPERATE_INCOME_QOQ_SQ":0.344436238748,"NET_PROFIT_RATIO_SQ":12.3899109686,"HOLDER_PROFIT_SQ":15860553000,"HOLDER_PROFIT_QOQ_SQ":-32.016237253388,"ROE_AVG_SQ":8.639487327819,"PE_TTM_SQ":6.837292836721,"PB_TTM_SQ":0.457311970953,"ROA_SQ":6.685290184777,"START_DATE":"2023-01-01 00:00:00","FISCAL_YEAR":"12-31","CURRENCY":"HKD","IS_CNY_CODE":0,"DPS_HKD_LY":1.64071,"ORG_TYPE":"一般企业","PREMIUM_INCOME":null,"PREMIUM_INCOME_YOY":null,"NET_INTEREST_INCOME":null,"NET_INTEREST_INCOME_YOY":null,"FEE_COMMISSION_INCOME":null,"FEE_COMMISSION_INCOME_YOY":null,"ACCOUNTS_RECE_TDAYS":9.52006111877,"INVENTORY_TDAYS":10.894219384058,"CURRENT_ASSETS_TDAYS":1.357366892007,"TOTAL_ASSETS_TDAYS":0.575313411107,"PREMIUM_EXPENSE":null,"LOAN_DEPOSIT":null,"LOAN_EQUITY":null,"LOAN_ASSETS":null,"DEPOSIT_EQUITY":null,"DEPOSIT_ASSETS":null,"EQUITY_MULTIPLIER":1.243942933459,"EQUITY_RATIO":0.260722211762},{"SECUCODE":"00914.HK","SECURITY_CODE":"00914","SECURITY_NAME_ABBR":"海螺水泥","ORG_CODE":"10002644","STD_REPORT_DATE":"2023-09-30 00:00:00","REPORT_DATE":"2023-09-30 00:00:00","DATE_TYPE_CODE":"004","REPORT_TYPE":"2023年三季报","PER_NETCASH_OPERATE":1.822312625301,"PER_OI":18.711269014707,"BPS":34.753849908822,"BASIC_EPS":1.64,"DILUTED_EPS":1.64,"OPERATE_INCOME":99156676146,"OPERATE_INCOME_YOY":16.2063596394,"GROSS_PROFIT":18196682263,"GROSS_PROFIT_YOY":-15.924979679282,"HOLDER_PROFIT":8671995723,"HOLDER_PROFIT_YOY":-30.1696346042,"GROSS_PROFIT_RATIO":18.351444370934,"EPS_TTM":2.285940167675,"OPERATE_INCOME_QOQ":3.306382323421,"NET_PROFIT_RATIO":9.1498329428,"ROE_AVG":4.716452912137,"GROSS_PROFIT_QOQ":-0.285864745644,"ROA":3.532029641668,"HOLDER_PROFIT_QOQ":-4.20475993005,"ROE_YEARLY":6.288603882849,"ROIC_YEARLY":5.089693426515,"TOTAL_ASSETS":247072442409,"TOTAL_LIABILITIES":50451640418,"TAX_EBT":20.661687155272,"OCF_SALES":9.739118302817,"TOTAL_PARENT_EQUITY":184171166452,"DEBT_ASSET_RATIO":20.4197764535,"OPERATE_PROFIT":10429115217,"PRETAX_PROFIT":11435421165,"NETCASH_OPERATE":9656985995,"NETCASH_INVEST":-10749507691,"NETCASH_FINANCE":-2431485454,"END_CASH":12864254741,"DIVI_RATIO":0.418001942357,"DIVIDEND_RATE":5.009073634204,"CURRENT_RATIO":3.350835137244,"COMMON_ACS":null,"CURRENTDEBT_DEBT":61.571970837081,"ISSUED_COMMON_SHARES":5299302579,"HK_COMMON_SHARES":1299600000,"PER_SHARES":500,"TOTAL_MARKET_CAP":111550319287.95,"HKSK_MARKET_CAP":27356580000,"PE_TTM":13.755465602472,"PB_TTM":0.542295070013,"REPORT_DATE_SQ":"2022-09-30 00:00:00","REPORT_TYPE_SQ":"2022年三季报","OPERATE_INCOME_SQ":85328097751,"DPS_HKD":1.05441,"OPERATE_INCOME_QOQ_SQ":-8.483318124419,"NET_PROFIT_RATIO_SQ":14.9519606135,"HOLDER_PROFIT_SQ":12418660097,"HOLDER_PROFIT_QOQ_SQ":-17.525055836063,"ROE_AVG_SQ":6.819115007545,"PE_TTM_SQ":6.837292836721,"PB_TTM_SQ":0.457311970953,"ROA_SQ":5.349621593042,"START_DATE":"2023-01-01 00:00:00","FISCAL_YEAR":"12-31","CURRENCY":"HKD","IS_CNY_CODE":0,"DPS_HKD_LY":1.64071,"ORG_TYPE":"一般企业","PREMIUM_INCOME":null,"PREMIUM_INCOME_YOY":null,"NET_INTEREST_INCOME":null,"NET_INTEREST_INCOME_YOY":null,"FEE_COMMISSION_INCOME":null,"FEE_COMMISSION_INCOME_YOY":null,"ACCOUNTS_RECE_TDAYS":5.885393561284,"INVENTORY_TDAYS":7.693871059561,"CURRENT_ASSETS_TDAYS":0.942114354635,"TOTAL_ASSETS_TDAYS":0.403856655958,"PREMIUM_EXPENSE":null,"LOAN_DEPOSIT":null,"LOAN_EQUITY":null,"LOAN_ASSETS":null,"DEPOSIT_EQUITY":null,"DEPOSIT_ASSETS":null,"EQUITY_MULTIPLIER":1.256593605088,"EQUITY_RATIO":0.273938865621},{"SECUCODE":"00914.HK","SECURITY_CODE":"00914","SECURITY_NAME_ABBR":"海螺水泥","ORG_CODE":"10002644","STD_REPORT_DATE":"2023-06-30 00:00:00","REPORT_DATE":"2023-06-30 00:00:00","DATE_TYPE_CODE":"002","REPORT_TYPE":"2023年中报","PER_NETCASH_OPERATE":0.869070775134,"PER_OI":12.360817866784,"BPS":34.310252017032,"BASIC_EPS":1.27,"DILUTED_EPS":1.27,"OPERATE_INCOME":65503714000,"OPERATE_INCOME_YOY":16.277985034,"GROSS_PROFIT":12234857000,"GROSS_PROFIT_YOY":-21.502074557284,"HOLDER_PROFIT":6752528000,"HOLDER_PROFIT_YOY":-32.24441691,"GROSS_PROFIT_RATIO":18.655672301311,"EPS_TTM":2.386277403769,"OPERATE_INCOME_QOQ":2.361906767814,"NET_PROFIT_RATIO":10.89115405,"ROE_AVG":3.697821890413,"GROSS_PROFIT_QOQ":-2.334349678189,"ROA":2.784907280793,"HOLDER_PROFIT_QOQ":-6.240410496857,"ROE_YEARLY":7.395643780827,"ROIC_YEARLY":7.8756711716,"TOTAL_ASSETS":241182064000,"TOTAL_LIABILITIES":46677789000,"TAX_EBT":19.222739966141,"OCF_SALES":7.038094310548,"TOTAL_PARENT_EQUITY":181820407000,"DEBT_ASSET_RATIO":19.353756339,"OPERATE_PROFIT":8927043000,"PRETAX_PROFIT":8817744000,"NETCASH_OPERATE":4589275000,"NETCASH_INVEST":-3454240000,"NETCASH_FINANCE":-3173196000,"END_CASH":14358672000,"DIVI_RATIO":0.400425964178,"DIVIDEND_RATE":5.009073634204,"CURRENT_RATIO":3.078685222257,"COMMON_ACS":null,"CURRENTDEBT_DEBT":69.408510330256,"ISSUED_COMMON_SHARES":5299302579,"HK_COMMON_SHARES":1299600000,"PER_SHARES":500,"TOTAL_MARKET_CAP":111550319287.95,"HKSK_MARKET_CAP":27356580000,"PE_TTM":13.755465602472,"PB_TTM":0.542295070013,"REPORT_DATE_SQ":"2022-06-30 00:00:00","REPORT_TYPE_SQ":"2022年中报","OPERATE_INCOME_SQ":56275749000,"DPS_HKD":1.05441,"OPERATE_INCOME_QOQ_SQ":-9.567083678463,"NET_PROFIT_RATIO_SQ":18.3035573636,"HOLDER_PROFIT_SQ":9970554000,"HOLDER_PROFIT_QOQ_SQ":-12.740120750616,"ROE_AVG_SQ":5.499293548267,"PE_TTM_SQ":6.837292836721,"PB_TTM_SQ":0.457311970953,"ROA_SQ":4.340037202456,"START_DATE":"2023-01-01 00:00:00","FISCAL_YEAR":"12-31","CURRENCY":"HKD","IS_CNY_CODE":0,"DPS_HKD_LY":1.64071,"ORG_TYPE":"一般企业","PREMIUM_INCOME":null,"PREMIUM_INCOME_YOY":null,"NET_INTEREST_INCOME":null,"NET_INTEREST_INCOME_YOY":null,"FEE_COMMISSION_INCOME":null,"FEE_COMMISSION_INCOME_YOY":null,"ACCOUNTS_RECE_TDAYS":3.817320063993,"INVENTORY_TDAYS":4.74825856587,"CURRENT_ASSETS_TDAYS":0.634835695415,"TOTAL_ASSETS_TDAYS":0.269752292862,"PREMIUM_EXPENSE":null,"LOAN_DEPOSIT":null,"LOAN_EQUITY":null,"LOAN_ASSETS":null,"DEPOSIT_EQUITY":null,"DEPOSIT_ASSETS":null,"EQUITY_MULTIPLIER":1.239983357692,"EQUITY_RATIO":0.256724697575},{"SECUCODE":"00914.HK","SECURITY_CODE":"00914","SECURITY_NAME_ABBR":"海螺水泥","ORG_CODE":"10002644","STD_REPORT_DATE":"2023-03-31 00:00:00","REPORT_DATE":"2023-03-31 00:00:00","DATE_TYPE_CODE":"003","REPORT_TYPE":"2023年一季报","PER_NETCASH_OPERATE":0.583910438,"PER_OI":5.925947799517,"BPS":35.118856036546,"BASIC_EPS":0.48,"DILUTED_EPS":0.48,"OPERATE_INCOME":31403390457,"OPERATE_INCOME_YOY":23.1799910141,"GROSS_PROFIT":5192685759,"GROSS_PROFIT_YOY":-34.979033208195,"HOLDER_PROFIT":2552524014,"HOLDER_PROFIT_YOY":-48.1993950338,"GROSS_PROFIT_RATIO":16.502840482619,"EPS_TTM":2.545102230517,"OPERATE_INCOME_QOQ":4.471171982266,"NET_PROFIT_RATIO":8.5170155475,"ROE_AVG":1.379943813961,"GROSS_PROFIT_QOQ":-10.332426228958,"ROA":1.046107115994,"HOLDER_PROFIT_QOQ":-14.963451690493,"ROE_YEARLY":5.519775255843,"ROIC_YEARLY":5.9028149806,"TOTAL_ASSETS":243661189293,"TOTAL_LIABILITIES":45083084271,"TAX_EBT":21.855864557129,"OCF_SALES":9.864426378291,"TOTAL_PARENT_EQUITY":186105444366,"DEBT_ASSET_RATIO":18.5023656832,"OPERATE_PROFIT":3136528253,"PRETAX_PROFIT":3420077298,"NETCASH_OPERATE":3108356197,"NETCASH_INVEST":-1049753693,"NETCASH_FINANCE":68482213,"END_CASH":18427380297,"DIVI_RATIO":0.375437740277,"DIVIDEND_RATE":5.009073634204,"CURRENT_RATIO":3.241801913007,"COMMON_ACS":null,"CURRENTDEBT_DEBT":71.594143319876,"ISSUED_COMMON_SHARES":5299302579,"HK_COMMON_SHARES":1299600000,"PER_SHARES":500,"TOTAL_MARKET_CAP":111550319287.95,"HKSK_MARKET_CAP":27356580000,"PE_TTM":13.755465602472,"PB_TTM":0.542295070013,"REPORT_DATE_SQ":"2022-03-31 00:00:00","REPORT_TYPE_SQ":"2022年一季报","OPERATE_INCOME_SQ":25465543664,"DPS_HKD":1.05441,"OPERATE_INCOME_QOQ_SQ":-5.346245678485,"NET_PROFIT_RATIO_SQ":20.0565128542,"HOLDER_PROFIT_SQ":4923892062,"HOLDER_PROFIT_QOQ_SQ":-2.652858135629,"ROE_AVG_SQ":2.648987653867,"PE_TTM_SQ":6.624120889156,"PB_TTM_SQ":0.443053976477,"ROA_SQ":2.134383168244,"START_DATE":"2023-01-01 00:00:00","FISCAL_YEAR":"12-31","CURRENCY":"HKD","IS_CNY_CODE":0,"DPS_HKD_LY":1.64071,"ORG_TYPE":"一般企业","PREMIUM_INCOME":null,"PREMIUM_INCOME_YOY":null,"NET_INTEREST_INCOME":null,"NET_INTEREST_INCOME_YOY":null,"FEE_COMMISSION_INCOME":null,"FEE_COMMISSION_INCOME_YOY":null,"ACCOUNTS_RECE_TDAYS":1.916617062971,"INVENTORY_TDAYS":2.368561931602,"CURRENT_ASSETS_TDAYS":0.29727109575,"TOTAL_ASSETS_TDAYS":0.128654778346,"PREMIUM_EXPENSE":null,"LOAN_DEPOSIT":null,"LOAN_EQUITY":null,"LOAN_ASSETS":null,"DEPOSIT_EQUITY":null,"DEPOSIT_ASSETS":null,"EQUITY_MULTIPLIER":1.227029481755,"EQUITY_RATIO":0.24224484364},{"SECUCODE":"00914.HK","SECURITY_CODE":"00914","SECURITY_NAME_ABBR":"海螺水泥","ORG_CODE":"10002644","STD_REPORT_DATE":"2022-12-31 00:00:00","REPORT_DATE":"2022-12-31 00:00:00","DATE_TYPE_CODE":"001","REPORT_TYPE":"2022年年报","PER_NETCASH_OPERATE":1.724646944339,"PER_OI":24.913005443994,"BPS":34.639016976955,"BASIC_EPS":2.99,"DILUTED_EPS":2.99,"OPERATE_INCOME":132021554000,"OPERATE_INCOME_YOY":-21.396883001,"GROSS_PROFIT":27190954000,"GROSS_PROFIT_YOY":-44.013475662736,"HOLDER_PROFIT":15860553000,"HOLDER_PROFIT_YOY":-52.3724008467,"GROSS_PROFIT_RATIO":20.595844523993,"EPS_TTM":2.992951008846,"OPERATE_INCOME_QOQ":0.344436238748,"NET_PROFIT_RATIO":12.3899109686,"ROE_AVG":8.639487327819,"GROSS_PROFIT_QOQ":-26.915496759305,"ROA":6.685290184777,"HOLDER_PROFIT_QOQ":-32.016237253388,"ROE_YEARLY":8.639487327819,"ROIC_YEARLY":9.669353889232,"TOTAL_ASSETS":243976422000,"TOTAL_LIABILITIES":48067537000,"TAX_EBT":19.151530003393,"OCF_SALES":6.922677186484,"TOTAL_PARENT_EQUITY":183562632000,"DEBT_ASSET_RATIO":19.7017140451,"OPERATE_PROFIT":20091734000,"PRETAX_PROFIT":20232112000,"NETCASH_OPERATE":9139426000,"NETCASH_INVEST":-5280634000,"NETCASH_FINANCE":-5213615000,"END_CASH":16158423000,"DIVI_RATIO":0.319259295383,"DIVIDEND_RATE":5.009073634204,"CURRENT_RATIO":2.991393834863,"COMMON_ACS":null,"CURRENTDEBT_DEBT":74.002635084049,"ISSUED_COMMON_SHARES":5299302579,"HK_COMMON_SHARES":1299600000,"PER_SHARES":500,"TOTAL_MARKET_CAP":111550319287.95,"HKSK_MARKET_CAP":27356580000,"PE_TTM":13.755465602472,"PB_TTM":0.542295070013,"REPORT_DATE_SQ":"2021-12-31 00:00:00","REPORT_TYPE_SQ":"2021年年报","OPERATE_INCOME_SQ":167959693000,"DPS_HKD":1.05441,"OPERATE_INCOME_QOQ_SQ":-3.417320841565,"NET_PROFIT_RATIO_SQ":20.3637811902,"HOLDER_PROFIT_SQ":33301181000,"HOLDER_PROFIT_QOQ_SQ":1.489042531415,"ROE_AVG_SQ":19.270944774315,"PE_TTM_SQ":6.837292836721,"PB_TTM_SQ":0.457311970953,"ROA_SQ":15.435302306448,"START_DATE":"2022-01-01 00:00:00","FISCAL_YEAR":"12-31","CURRENCY":"HKD","IS_CNY_CODE":0,"DPS_HKD_LY":2.79398,"ORG_TYPE":"一般企业","PREMIUM_INCOME":null,"PREMIUM_INCOME_YOY":null,"NET_INTEREST_INCOME":null,"NET_INTEREST_INCOME_YOY":null,"FEE_COMMISSION_INCOME":null,"FEE_COMMISSION_INCOME_YOY":null,"ACCOUNTS_RECE_TDAYS":8.371608684722,"INVENTORY_TDAYS":9.717998426385,"CURRENT_ASSETS_TDAYS":1.145891207937,"TOTAL_ASSETS_TDAYS":0.556476435049,"PREMIUM_EXPENSE":null,"LOAN_DEPOSIT":null,"LOAN_EQUITY":null,"LOAN_ASSETS":null,"DEPOSIT_EQUITY":null,"DEPOSIT_ASSETS":null,"EQUITY_MULTIPLIER":1.245356595235,"EQUITY_RATIO":0.2618590531},{"SECUCODE":"00914.HK","SECURITY_CODE":"00914","SECURITY_NAME_ABBR":"海螺水泥","ORG_CODE":"10002644","STD_REPORT_DATE":"2022-09-30 00:00:00","REPORT_DATE":"2022-09-30 00:00:00","DATE_TYPE_CODE":"004","REPORT_TYPE":"2022年三季报","PER_NETCASH_OPERATE":1.810183805509,"PER_OI":16.101759897451,"BPS":34.085477668287,"BASIC_EPS":2.34,"DILUTED_EPS":2.34,"OPERATE_INCOME":85328097751,"OPERATE_INCOME_YOY":-29.8936559359,"GROSS_PROFIT":21643387291,"GROSS_PROFIT_YOY":-34.418448576573,"HOLDER_PROFIT":12418660097,"HOLDER_PROFIT_YOY":-44.5334062356,"GROSS_PROFIT_RATIO":25.364900731947,"EPS_TTM":4.402449773193,"OPERATE_INCOME_QOQ":-8.483318124419,"NET_PROFIT_RATIO":14.9519606135,"ROE_AVG":6.819115007545,"GROSS_PROFIT_QOQ":-12.907183026683,"ROA":5.349621593042,"HOLDER_PROFIT_QOQ":-17.525055836063,"ROE_YEARLY":9.092153343393,"ROIC_YEARLY":7.960013589492,"TOTAL_ASSETS":233767150368,"TOTAL_LIABILITIES":44049326398,"TAX_EBT":21.909181191364,"OCF_SALES":11.242148790183,"TOTAL_PARENT_EQUITY":180629259714,"DEBT_ASSET_RATIO":18.8432490744,"OPERATE_PROFIT":14896199437,"PRETAX_PROFIT":16337674214,"NETCASH_OPERATE":9592711709,"NETCASH_INVEST":-3058949763,"NETCASH_FINANCE":-2973742739,"END_CASH":21080779389,"DIVI_RATIO":0.21704448192,"DIVIDEND_RATE":5.009073634204,"CURRENT_RATIO":3.052500976817,"COMMON_ACS":null,"CURRENTDEBT_DEBT":78.529430948507,"ISSUED_COMMON_SHARES":5299302579,"HK_COMMON_SHARES":1299600000,"PER_SHARES":500,"TOTAL_MARKET_CAP":111550319287.95,"HKSK_MARKET_CAP":27356580000,"PE_TTM":13.755465602472,"PB_TTM":0.542295070013,"REPORT_DATE_SQ":"2021-09-30 00:00:00","REPORT_TYPE_SQ":"2021年三季报","OPERATE_INCOME_SQ":121712376947,"DPS_HKD":1.05441,"OPERATE_INCOME_QOQ_SQ":-4.802920617162,"NET_PROFIT_RATIO_SQ":18.87340449,"HOLDER_PROFIT_SQ":22389440660,"HOLDER_PROFIT_QOQ_SQ":-3.622897834233,"ROE_AVG_SQ":13.38024653362,"PE_TTM_SQ":6.837292836721,"PB_TTM_SQ":0.457311970953,"ROA_SQ":10.844163823151,"START_DATE":"2022-01-01 00:00:00","FISCAL_YEAR":"12-31","CURRENCY":"HKD","IS_CNY_CODE":0,"DPS_HKD_LY":2.79398,"ORG_TYPE":"一般企业","PREMIUM_INCOME":null,"PREMIUM_INCOME_YOY":null,"NET_INTEREST_INCOME":null,"NET_INTEREST_INCOME_YOY":null,"FEE_COMMISSION_INCOME":null,"FEE_COMMISSION_INCOME_YOY":null,"ACCOUNTS_RECE_TDAYS":6.134267540697,"INVENTORY_TDAYS":6.274762898565,"CURRENT_ASSETS_TDAYS":0.743245242427,"TOTAL_ASSETS_TDAYS":0.367570277837,"PREMIUM_EXPENSE":null,"LOAN_DEPOSIT":null,"LOAN_EQUITY":null,"LOAN_ASSETS":null,"DEPOSIT_EQUITY":null,"DEPOSIT_ASSETS":null,"EQUITY_MULTIPLIER":1.232183384124,"EQUITY_RATIO":0.243865952104}],"count":79},"success":true,"message":"ok","code":0}