{"version":"c37f139ec70506f2a0cd7aec4f5ae308","result":{"pages":5,"data":[{"SECUCODE":"00919.HK","SECURITY_CODE":"00919","SECURITY_NAME_ABBR":"现代健康科技","ORG_CODE":"10073209","STD_REPORT_DATE":"2024-06-30 00:00:00","REPORT_DATE":"2024-09-30 00:00:00","DATE_TYPE_CODE":"002","REPORT_TYPE":"2024年中报","PER_NETCASH_OPERATE":0.033361338758,"PER_OI":0.223580093056,"BPS":0.17457349182,"BASIC_EPS":-0.01623222,"DILUTED_EPS":-0.01623222,"OPERATE_INCOME":202224603.92,"OPERATE_INCOME_YOY":6.1061875719,"GROSS_PROFIT":193625134.48,"GROSS_PROFIT_YOY":2.581818544035,"HOLDER_PROFIT":-14700980.58,"HOLDER_PROFIT_YOY":43.3997639053,"GROSS_PROFIT_RATIO":95.747565195676,"EPS_TTM":-0.009592862457,"OPERATE_INCOME_QOQ":0,"NET_PROFIT_RATIO":-7.1906995826,"ROE_AVG":-8.946647751127,"GROSS_PROFIT_QOQ":0,"ROA":-2.724417225898,"HOLDER_PROFIT_QOQ":0,"ROE_YEARLY":-17.893295502254,"ROIC_YEARLY":-8.132032035278,"TOTAL_ASSETS":528175697.63,"TOTAL_LIABILITIES":365558612.3,"TAX_EBT":-2.602443369814,"OCF_SALES":14.921426278049,"TOTAL_PARENT_EQUITY":157898920.05,"DEBT_ASSET_RATIO":69.21155478,"OPERATE_PROFIT":-9079221.72,"PRETAX_PROFIT":-14172531.64,"NETCASH_OPERATE":30174795.19,"NETCASH_INVEST":-4258252.38,"NETCASH_FINANCE":-30200045.31,"END_CASH":166813114.2,"DIVI_RATIO":null,"DIVIDEND_RATE":null,"CURRENT_RATIO":0.962979708566,"COMMON_ACS":10000000000,"CURRENTDEBT_DEBT":90.571576584355,"ISSUED_COMMON_SHARES":904483942,"HK_COMMON_SHARES":904483942,"PER_SHARES":4000,"TOTAL_MARKET_CAP":75976651.128,"HKSK_MARKET_CAP":75976651.128,"PE_TTM":25.939450709457,"PB_TTM":0.43391673736,"REPORT_DATE_SQ":"2023-06-30 00:00:00","REPORT_TYPE_SQ":"2023年中报","OPERATE_INCOME_SQ":193934677.09,"DPS_HKD":null,"OPERATE_INCOME_QOQ_SQ":0,"NET_PROFIT_RATIO_SQ":-13.5178359349,"HOLDER_PROFIT_SQ":-26429579.26,"HOLDER_PROFIT_QOQ_SQ":0,"ROE_AVG_SQ":-15.601031329896,"PE_TTM_SQ":-1.044438732102,"PB_TTM_SQ":0.555088043148,"ROA_SQ":-4.832217917895,"START_DATE":"2024-04-01 00:00:00","FISCAL_YEAR":"3-31","CURRENCY":"HKD","IS_CNY_CODE":0,"DPS_HKD_LY":null,"ORG_TYPE":"一般企业","PREMIUM_INCOME":null,"PREMIUM_INCOME_YOY":null,"NET_INTEREST_INCOME":null,"NET_INTEREST_INCOME_YOY":null,"FEE_COMMISSION_INCOME":null,"FEE_COMMISSION_INCOME_YOY":null,"ACCOUNTS_RECE_TDAYS":1.715326010464,"INVENTORY_TDAYS":0.876108227296,"CURRENT_ASSETS_TDAYS":0.625650940856,"TOTAL_ASSETS_TDAYS":0.374766969742,"PREMIUM_EXPENSE":null,"LOAN_DEPOSIT":null,"LOAN_EQUITY":null,"LOAN_ASSETS":null,"DEPOSIT_EQUITY":null,"DEPOSIT_ASSETS":null,"EQUITY_MULTIPLIER":3.247971740224,"EQUITY_RATIO":2.315143207973},{"SECUCODE":"00919.HK","SECURITY_CODE":"00919","SECURITY_NAME_ABBR":"现代健康科技","ORG_CODE":"10073209","STD_REPORT_DATE":"2023-12-31 00:00:00","REPORT_DATE":"2024-03-31 00:00:00","DATE_TYPE_CODE":"001","REPORT_TYPE":"2023年年报","PER_NETCASH_OPERATE":0.078835669147,"PER_OI":0.455744657433,"BPS":0.189764479644,"BASIC_EPS":-0.00960943,"DILUTED_EPS":-0.00960943,"OPERATE_INCOME":412213724.3,"OPERATE_INCOME_YOY":11.9064201985,"GROSS_PROFIT":399091413.05,"GROSS_PROFIT_YOY":15.496692514762,"HOLDER_PROFIT":-8676590.05,"HOLDER_PROFIT_YOY":53.554617363,"GROSS_PROFIT_RATIO":96.816624368273,"EPS_TTM":-0.089818246138,"OPERATE_INCOME_QOQ":0,"NET_PROFIT_RATIO":-1.897049962,"ROE_AVG":-4.919532667527,"GROSS_PROFIT_QOQ":0,"ROA":-1.632740098176,"HOLDER_PROFIT_QOQ":0,"ROE_YEARLY":-4.919532667527,"ROIC_YEARLY":-2.416815439741,"TOTAL_ASSETS":553934685.8,"TOTAL_LIABILITIES":377713150.95,"TAX_EBT":10.033375052149,"OCF_SALES":17.298210272132,"TOTAL_PARENT_EQUITY":171638924.6,"DEBT_ASSET_RATIO":68.1873081128,"OPERATE_PROFIT":-4002418.25,"PRETAX_PROFIT":-8692001.4,"NETCASH_OPERATE":71305596.8,"NETCASH_INVEST":7401980.75,"NETCASH_FINANCE":-64001523.45,"END_CASH":170415082.1,"DIVI_RATIO":null,"DIVIDEND_RATE":null,"CURRENT_RATIO":1.005919961457,"COMMON_ACS":10000000000,"CURRENTDEBT_DEBT":86.679915228406,"ISSUED_COMMON_SHARES":904483942,"HK_COMMON_SHARES":904483942,"PER_SHARES":4000,"TOTAL_MARKET_CAP":85021490.548,"HKSK_MARKET_CAP":85021490.548,"PE_TTM":29.027480555821,"PB_TTM":0.485573491807,"REPORT_DATE_SQ":"2022-12-31 00:00:00","REPORT_TYPE_SQ":"2022年年报","OPERATE_INCOME_SQ":355702719.07,"DPS_HKD":null,"OPERATE_INCOME_QOQ_SQ":0,"NET_PROFIT_RATIO_SQ":-4.9531534946,"HOLDER_PROFIT_SQ":-18039573.87,"HOLDER_PROFIT_QOQ_SQ":0,"ROE_AVG_SQ":-9.82806724693,"PE_TTM_SQ":-0.88375585024,"PB_TTM_SQ":0.469689882664,"ROA_SQ":-3.639809522464,"START_DATE":"2023-04-01 00:00:00","FISCAL_YEAR":"3-31","CURRENCY":"HKD","IS_CNY_CODE":0,"DPS_HKD_LY":null,"ORG_TYPE":"一般企业","PREMIUM_INCOME":null,"PREMIUM_INCOME_YOY":null,"NET_INTEREST_INCOME":null,"NET_INTEREST_INCOME_YOY":null,"FEE_COMMISSION_INCOME":null,"FEE_COMMISSION_INCOME_YOY":null,"ACCOUNTS_RECE_TDAYS":3.253372637544,"INVENTORY_TDAYS":1.785934608267,"CURRENT_ASSETS_TDAYS":1.220398939311,"TOTAL_ASSETS_TDAYS":0.775693991308,"PREMIUM_EXPENSE":null,"LOAN_DEPOSIT":null,"LOAN_EQUITY":null,"LOAN_ASSETS":null,"DEPOSIT_EQUITY":null,"DEPOSIT_ASSETS":null,"EQUITY_MULTIPLIER":3.143399507171,"EQUITY_RATIO":2.200626412862},{"SECUCODE":"00919.HK","SECURITY_CODE":"00919","SECURITY_NAME_ABBR":"现代健康科技","ORG_CODE":"10073209","STD_REPORT_DATE":"2023-06-30 00:00:00","REPORT_DATE":"2023-09-30 00:00:00","DATE_TYPE_CODE":"002","REPORT_TYPE":"2023年中报","PER_NETCASH_OPERATE":0.043404821763,"PER_OI":0.214414726547,"BPS":0.17192501474,"BASIC_EPS":-0.029180634,"DILUTED_EPS":-0.029180634,"OPERATE_INCOME":193934677.09,"OPERATE_INCOME_YOY":-6.3146089331,"GROSS_PROFIT":188751902.85,"GROSS_PROFIT_YOY":-5.237807924894,"HOLDER_PROFIT":-26429579.26,"HOLDER_PROFIT_YOY":-170.8449145247,"GROSS_PROFIT_RATIO":97.327567035577,"EPS_TTM":-0.019944603804,"OPERATE_INCOME_QOQ":0,"NET_PROFIT_RATIO":-13.5178359349,"ROE_AVG":-15.601031329896,"GROSS_PROFIT_QOQ":0,"ROA":-4.832217917895,"HOLDER_PROFIT_QOQ":0,"ROE_YEARLY":-31.202062659791,"ROIC_YEARLY":-14.375214459064,"TOTAL_ASSETS":578779522.79,"TOTAL_LIABILITIES":419290840.64,"TAX_EBT":2.344898307982,"OCF_SALES":20.243395806816,"TOTAL_PARENT_EQUITY":155503415.06,"DEBT_ASSET_RATIO":72.4439659888,"OPERATE_PROFIT":-27191212.16,"PRETAX_PROFIT":-26845265.65,"NETCASH_OPERATE":39258964.29,"NETCASH_INVEST":19159196.77,"NETCASH_FINANCE":-32185872.25,"END_CASH":182797401.78,"DIVI_RATIO":null,"DIVIDEND_RATE":null,"CURRENT_RATIO":0.93216159523,"COMMON_ACS":10000000000,"CURRENTDEBT_DEBT":86.17856642622,"ISSUED_COMMON_SHARES":904483942,"HK_COMMON_SHARES":904483942,"PER_SHARES":4000,"TOTAL_MARKET_CAP":85021490.548,"HKSK_MARKET_CAP":85021490.548,"PE_TTM":29.027480555821,"PB_TTM":0.485573491807,"REPORT_DATE_SQ":"2022-06-30 00:00:00","REPORT_TYPE_SQ":"2022年中报","OPERATE_INCOME_SQ":204030810.72,"DPS_HKD":null,"OPERATE_INCOME_QOQ_SQ":0,"NET_PROFIT_RATIO_SQ":18.1569941664,"HOLDER_PROFIT_SQ":36770008.2,"HOLDER_PROFIT_QOQ_SQ":0,"ROE_AVG_SQ":17.020466006167,"PE_TTM_SQ":-0.88375585024,"PB_TTM_SQ":0.469689882664,"ROA_SQ":7.034649824804,"START_DATE":"2023-04-01 00:00:00","FISCAL_YEAR":"3-31","CURRENCY":"HKD","IS_CNY_CODE":0,"DPS_HKD_LY":null,"ORG_TYPE":"一般企业","PREMIUM_INCOME":null,"PREMIUM_INCOME_YOY":null,"NET_INTEREST_INCOME":null,"NET_INTEREST_INCOME_YOY":null,"FEE_COMMISSION_INCOME":null,"FEE_COMMISSION_INCOME_YOY":null,"ACCOUNTS_RECE_TDAYS":1.552001292459,"INVENTORY_TDAYS":0.687313659872,"CURRENT_ASSETS_TDAYS":0.564372960473,"TOTAL_ASSETS_TDAYS":0.354577956886,"PREMIUM_EXPENSE":null,"LOAN_DEPOSIT":null,"LOAN_EQUITY":null,"LOAN_ASSETS":null,"DEPOSIT_EQUITY":null,"DEPOSIT_ASSETS":null,"EQUITY_MULTIPLIER":3.628969247148,"EQUITY_RATIO":2.696344903282},{"SECUCODE":"00919.HK","SECURITY_CODE":"00919","SECURITY_NAME_ABBR":"现代健康科技","ORG_CODE":"10073209","STD_REPORT_DATE":"2022-12-31 00:00:00","REPORT_DATE":"2023-03-31 00:00:00","DATE_TYPE_CODE":"001","REPORT_TYPE":"2022年年报","PER_NETCASH_OPERATE":0.135321722008,"PER_OI":0.393265930497,"BPS":0.193348546701,"BASIC_EPS":-0.019959348,"DILUTED_EPS":-0.019959348,"OPERATE_INCOME":355702719.07,"OPERATE_INCOME_YOY":14.268077651,"GROSS_PROFIT":345543586.02,"GROSS_PROFIT_YOY":24.754994584471,"HOLDER_PROFIT":-18039573.87,"HOLDER_PROFIT_YOY":70.0514475061,"GROSS_PROFIT_RATIO":97.143925951266,"EPS_TTM":0.017528873851,"OPERATE_INCOME_QOQ":0,"NET_PROFIT_RATIO":-4.9531534946,"ROE_AVG":-9.82806724693,"GROSS_PROFIT_QOQ":0,"ROA":-3.639809522464,"HOLDER_PROFIT_QOQ":0,"ROE_YEARLY":-9.82806724693,"ROIC_YEARLY":-5.029102756525,"TOTAL_ASSETS":491410528.09,"TOTAL_LIABILITIES":312931937.29,"TAX_EBT":-10.056324164707,"OCF_SALES":34.409724187662,"TOTAL_PARENT_EQUITY":174880655.7,"DEBT_ASSET_RATIO":63.6803485888,"OPERATE_PROFIT":-10432260.97,"PRETAX_PROFIT":-16008622.67,"NETCASH_OPERATE":122396324.56,"NETCASH_INVEST":-11531775.93,"NETCASH_FINANCE":-67677071.69,"END_CASH":150491733.1,"DIVI_RATIO":null,"DIVIDEND_RATE":null,"CURRENT_RATIO":1.114992029244,"COMMON_ACS":10000000000,"CURRENTDEBT_DEBT":95.813063510402,"ISSUED_COMMON_SHARES":904483942,"HK_COMMON_SHARES":904483942,"PER_SHARES":4000,"TOTAL_MARKET_CAP":77785619.012,"HKSK_MARKET_CAP":77785619.012,"PE_TTM":26.55705667873,"PB_TTM":0.444248088249,"REPORT_DATE_SQ":"2021-12-31 00:00:00","REPORT_TYPE_SQ":"2021年年报","OPERATE_INCOME_SQ":288387856.91,"DPS_HKD":null,"OPERATE_INCOME_QOQ_SQ":0,"NET_PROFIT_RATIO_SQ":-19.3210739304,"HOLDER_PROFIT_SQ":-55803976.08,"HOLDER_PROFIT_QOQ_SQ":0,"ROE_AVG_SQ":-27.039357732731,"PE_TTM_SQ":-4.081962760518,"PB_TTM_SQ":0.496376807815,"ROA_SQ":-11.098019766049,"START_DATE":"2022-04-01 00:00:00","FISCAL_YEAR":"3-31","CURRENCY":"HKD","IS_CNY_CODE":0,"DPS_HKD_LY":null,"ORG_TYPE":"一般企业","PREMIUM_INCOME":null,"PREMIUM_INCOME_YOY":null,"NET_INTEREST_INCOME":null,"NET_INTEREST_INCOME_YOY":null,"FEE_COMMISSION_INCOME":null,"FEE_COMMISSION_INCOME_YOY":null,"ACCOUNTS_RECE_TDAYS":2.546450998333,"INVENTORY_TDAYS":1.482877587529,"CURRENT_ASSETS_TDAYS":1.095807325483,"TOTAL_ASSETS_TDAYS":0.71769441638,"PREMIUM_EXPENSE":null,"LOAN_DEPOSIT":null,"LOAN_EQUITY":null,"LOAN_ASSETS":null,"DEPOSIT_EQUITY":null,"DEPOSIT_ASSETS":null,"EQUITY_MULTIPLIER":2.753330390422,"EQUITY_RATIO":1.789402813235},{"SECUCODE":"00919.HK","SECURITY_CODE":"00919","SECURITY_NAME_ABBR":"现代健康科技","ORG_CODE":"10073209","STD_REPORT_DATE":"2022-06-30 00:00:00","REPORT_DATE":"2022-09-30 00:00:00","DATE_TYPE_CODE":"002","REPORT_TYPE":"2022年中报","PER_NETCASH_OPERATE":0.059703099339,"PER_OI":0.225577040394,"BPS":0.258126458988,"BASIC_EPS":0.040609356,"DILUTED_EPS":0.040609356,"OPERATE_INCOME":204030810.72,"OPERATE_INCOME_YOY":9.8307659351,"GROSS_PROFIT":199184821.2,"GROSS_PROFIT_YOY":21.390383366324,"HOLDER_PROFIT":36770008.2,"HOLDER_PROFIT_YOY":197.0749761223,"GROSS_PROFIT_RATIO":96.549461850808,"EPS_TTM":-0.061697033511,"OPERATE_INCOME_QOQ":0,"NET_PROFIT_RATIO":18.1569941664,"ROE_AVG":17.020466006167,"GROSS_PROFIT_QOQ":0,"ROA":7.034649824804,"HOLDER_PROFIT_QOQ":0,"ROE_YEARLY":34.040932012334,"ROIC_YEARLY":18.610325285873,"TOTAL_ASSETS":528995198.28,"TOTAL_LIABILITIES":291965894.16,"TAX_EBT":2.462256512835,"OCF_SALES":26.466833342199,"TOTAL_PARENT_EQUITY":233471237.16,"DEBT_ASSET_RATIO":55.1925414653,"OPERATE_PROFIT":44468601.48,"PRETAX_PROFIT":37981053.36,"NETCASH_OPERATE":54000494.64,"NETCASH_INVEST":-3475762.92,"NETCASH_FINANCE":-34830888.84,"END_CASH":128201656.68,"DIVI_RATIO":null,"DIVIDEND_RATE":null,"CURRENT_RATIO":1.253715443435,"COMMON_ACS":10000000000,"CURRENTDEBT_DEBT":94.797623399233,"ISSUED_COMMON_SHARES":904483942,"HK_COMMON_SHARES":904483942,"PER_SHARES":4000,"TOTAL_MARKET_CAP":77785619.012,"HKSK_MARKET_CAP":77785619.012,"PE_TTM":26.55705667873,"PB_TTM":0.444248088249,"REPORT_DATE_SQ":"2021-06-30 00:00:00","REPORT_TYPE_SQ":"2021年中报","OPERATE_INCOME_SQ":171107191.76,"DPS_HKD":null,"OPERATE_INCOME_QOQ_SQ":0,"NET_PROFIT_RATIO_SQ":-20.2647568599,"HOLDER_PROFIT_SQ":-34888552.8,"HOLDER_PROFIT_QOQ_SQ":0,"ROE_AVG_SQ":-15.63377836842,"PE_TTM_SQ":-4.081962760518,"PB_TTM_SQ":0.496376807815,"ROA_SQ":-6.398005435555,"START_DATE":"2022-04-01 00:00:00","FISCAL_YEAR":"3-31","CURRENCY":"HKD","IS_CNY_CODE":0,"DPS_HKD_LY":null,"ORG_TYPE":"一般企业","PREMIUM_INCOME":null,"PREMIUM_INCOME_YOY":null,"NET_INTEREST_INCOME":null,"NET_INTEREST_INCOME_YOY":null,"FEE_COMMISSION_INCOME":null,"FEE_COMMISSION_INCOME_YOY":null,"ACCOUNTS_RECE_TDAYS":null,"INVENTORY_TDAYS":1.002705139766,"CURRENT_ASSETS_TDAYS":0.606926758661,"TOTAL_ASSETS_TDAYS":0.390341307263,"PREMIUM_EXPENSE":null,"LOAN_DEPOSIT":null,"LOAN_EQUITY":null,"LOAN_ASSETS":null,"DEPOSIT_EQUITY":null,"DEPOSIT_ASSETS":null,"EQUITY_MULTIPLIER":2.231771300364,"EQUITY_RATIO":1.250543311937},{"SECUCODE":"00919.HK","SECURITY_CODE":"00919","SECURITY_NAME_ABBR":"现代健康科技","ORG_CODE":"10073209","STD_REPORT_DATE":"2021-12-31 00:00:00","REPORT_DATE":"2022-03-31 00:00:00","DATE_TYPE_CODE":"001","REPORT_TYPE":"2021年年报","PER_NETCASH_OPERATE":0.04600377865,"PER_OI":0.318842428836,"BPS":0.196887493001,"BASIC_EPS":-0.061717861,"DILUTED_EPS":-0.061717861,"OPERATE_INCOME":288387856.91,"OPERATE_INCOME_YOY":-17.5825296499,"GROSS_PROFIT":276977757.22,"GROSS_PROFIT_YOY":-21.420243027518,"HOLDER_PROFIT":-55803976.08,"HOLDER_PROFIT_YOY":-154.7298425905,"GROSS_PROFIT_RATIO":96.043488164774,"EPS_TTM":0.014964663795,"OPERATE_INCOME_QOQ":0,"NET_PROFIT_RATIO":-19.3210739304,"ROE_AVG":-27.039357732731,"GROSS_PROFIT_QOQ":0,"ROA":-11.098019766049,"HOLDER_PROFIT_QOQ":0,"ROE_YEARLY":-27.039357732731,"ROIC_YEARLY":-15.800187605413,"TOTAL_ASSETS":463056702.63,"TOTAL_LIABILITIES":282031971.54,"TAX_EBT":-3.06321442501,"OCF_SALES":14.42837417145,"TOTAL_PARENT_EQUITY":178081575.8,"DEBT_ASSET_RATIO":60.9065736309,"OPERATE_PROFIT":-58595472.5,"PRETAX_PROFIT":-54063548.62,"NETCASH_OPERATE":41609679.06,"NETCASH_INVEST":-64848359.6,"NETCASH_FINANCE":-63631844.6,"END_CASH":98974849.39,"DIVI_RATIO":null,"DIVIDEND_RATE":null,"CURRENT_RATIO":1.062497600109,"COMMON_ACS":10000000000,"CURRENTDEBT_DEBT":97.355314388907,"ISSUED_COMMON_SHARES":904483942,"HK_COMMON_SHARES":904483942,"PER_SHARES":4000,"TOTAL_MARKET_CAP":77785619.012,"HKSK_MARKET_CAP":77785619.012,"PE_TTM":26.55705667873,"PB_TTM":0.444248088249,"REPORT_DATE_SQ":"2020-12-31 00:00:00","REPORT_TYPE_SQ":"2020年年报","OPERATE_INCOME_SQ":364653756.18,"DPS_HKD":null,"OPERATE_INCOME_QOQ_SQ":0,"NET_PROFIT_RATIO_SQ":28.724235197,"HOLDER_PROFIT_SQ":106258565.14,"HOLDER_PROFIT_QOQ_SQ":0,"ROE_AVG_SQ":57.649944974321,"PE_TTM_SQ":-4.081962760518,"PB_TTM_SQ":0.496376807815,"ROA_SQ":19.506469548245,"START_DATE":"2021-04-01 00:00:00","FISCAL_YEAR":"3-31","CURRENCY":"HKD","IS_CNY_CODE":0,"DPS_HKD_LY":null,"ORG_TYPE":"一般企业","PREMIUM_INCOME":null,"PREMIUM_INCOME_YOY":null,"NET_INTEREST_INCOME":null,"NET_INTEREST_INCOME_YOY":null,"FEE_COMMISSION_INCOME":null,"FEE_COMMISSION_INCOME_YOY":null,"ACCOUNTS_RECE_TDAYS":2.037905076839,"INVENTORY_TDAYS":1.618428620729,"CURRENT_ASSETS_TDAYS":0.847633134332,"TOTAL_ASSETS_TDAYS":0.57353155834,"PREMIUM_EXPENSE":null,"LOAN_DEPOSIT":null,"LOAN_EQUITY":null,"LOAN_ASSETS":null,"DEPOSIT_EQUITY":null,"DEPOSIT_ASSETS":null,"EQUITY_MULTIPLIER":2.557974812846,"EQUITY_RATIO":1.583723472083},{"SECUCODE":"00919.HK","SECURITY_CODE":"00919","SECURITY_NAME_ABBR":"现代健康科技","ORG_CODE":"10073209","STD_REPORT_DATE":"2021-06-30 00:00:00","REPORT_DATE":"2021-09-30 00:00:00","DATE_TYPE_CODE":"002","REPORT_TYPE":"2021年中报","PER_NETCASH_OPERATE":0.041761500416,"PER_OI":0.189176594315,"BPS":0.226938967326,"BASIC_EPS":-0.038570678,"DILUTED_EPS":-0.038570678,"OPERATE_INCOME":171107191.76,"OPERATE_INCOME_YOY":-5.8800887146,"GROSS_PROFIT":164086162.08,"GROSS_PROFIT_YOY":-12.582610592705,"HOLDER_PROFIT":-34888552.8,"HOLDER_PROFIT_YOY":-163.6309767993,"GROSS_PROFIT_RATIO":95.896706849208,"EPS_TTM":0.11747976963,"OPERATE_INCOME_QOQ":0,"NET_PROFIT_RATIO":-20.2647568599,"ROE_AVG":-15.63377836842,"GROSS_PROFIT_QOQ":0,"ROA":-6.398005435555,"HOLDER_PROFIT_QOQ":0,"ROE_YEARLY":-31.267556736841,"ROIC_YEARLY":-18.97078508157,"TOTAL_ASSETS":533255034.96,"TOTAL_LIABILITIES":324841750.28,"TAX_EBT":-3.852391526735,"OCF_SALES":22.075405558044,"TOTAL_PARENT_EQUITY":205262651.76,"DEBT_ASSET_RATIO":60.9167713352,"OPERATE_PROFIT":-29468664.44,"PRETAX_PROFIT":-33388211.74,"NETCASH_OPERATE":37772606.52,"NETCASH_INVEST":-43348277.1,"NETCASH_FINANCE":-35775761.7,"END_CASH":149143564.86,"DIVI_RATIO":null,"DIVIDEND_RATE":null,"CURRENT_RATIO":1.168114987141,"COMMON_ACS":10000000000,"CURRENTDEBT_DEBT":92.636008801399,"ISSUED_COMMON_SHARES":904483942,"HK_COMMON_SHARES":904483942,"PER_SHARES":4000,"TOTAL_MARKET_CAP":77785619.012,"HKSK_MARKET_CAP":77785619.012,"PE_TTM":26.55705667873,"PB_TTM":0.444248088249,"REPORT_DATE_SQ":"2020-06-30 00:00:00","REPORT_TYPE_SQ":"2020年中报","OPERATE_INCOME_SQ":191761308.16,"DPS_HKD":null,"OPERATE_INCOME_QOQ_SQ":0,"NET_PROFIT_RATIO_SQ":30.2151877853,"HOLDER_PROFIT_SQ":57834714.24,"HOLDER_PROFIT_QOQ_SQ":0,"ROE_AVG_SQ":36.419423471181,"PE_TTM_SQ":-4.081962760518,"PB_TTM_SQ":0.496376807815,"ROA_SQ":10.117271624694,"START_DATE":"2021-04-01 00:00:00","FISCAL_YEAR":"3-31","CURRENCY":"HKD","IS_CNY_CODE":0,"DPS_HKD_LY":null,"ORG_TYPE":"一般企业","PREMIUM_INCOME":null,"PREMIUM_INCOME_YOY":null,"NET_INTEREST_INCOME":null,"NET_INTEREST_INCOME_YOY":null,"FEE_COMMISSION_INCOME":null,"FEE_COMMISSION_INCOME_YOY":null,"ACCOUNTS_RECE_TDAYS":1.149740687563,"INVENTORY_TDAYS":0.964577968526,"CURRENT_ASSETS_TDAYS":0.455799967823,"TOTAL_ASSETS_TDAYS":0.313783363047,"PREMIUM_EXPENSE":null,"LOAN_DEPOSIT":null,"LOAN_EQUITY":null,"LOAN_ASSETS":null,"DEPOSIT_EQUITY":null,"DEPOSIT_ASSETS":null,"EQUITY_MULTIPLIER":2.558642246721,"EQUITY_RATIO":1.582566275427},{"SECUCODE":"00919.HK","SECURITY_CODE":"00919","SECURITY_NAME_ABBR":"现代健康科技","ORG_CODE":"10073209","STD_REPORT_DATE":"2020-12-31 00:00:00","REPORT_DATE":"2021-03-31 00:00:00","DATE_TYPE_CODE":"001","REPORT_TYPE":"2020年年报","PER_NETCASH_OPERATE":0.115755740017,"PER_OI":0.403162222398,"BPS":0.270394188004,"BASIC_EPS":0.11748002,"DILUTED_EPS":0.11748002,"OPERATE_INCOME":364653756.18,"OPERATE_INCOME_YOY":-17.4423944616,"GROSS_PROFIT":352479783.46,"GROSS_PROFIT_YOY":-16.108458422665,"HOLDER_PROFIT":106258565.14,"HOLDER_PROFIT_YOY":497.9835390947,"GROSS_PROFIT_RATIO":96.661498061194,"EPS_TTM":0.026727886419,"OPERATE_INCOME_QOQ":0,"NET_PROFIT_RATIO":28.724235197,"ROE_AVG":57.649944974321,"GROSS_PROFIT_QOQ":0,"ROA":19.506469548245,"HOLDER_PROFIT_QOQ":0,"ROE_YEARLY":57.649944974321,"ROIC_YEARLY":29.03781616443,"TOTAL_ASSETS":565460917.56,"TOTAL_LIABILITIES":317914457,"TAX_EBT":4.687524033655,"OCF_SALES":28.711951067445,"TOTAL_PARENT_EQUITY":244567201.06,"DEBT_ASSET_RATIO":56.2221803713,"OPERATE_PROFIT":113238061.58,"PRETAX_PROFIT":109895374.68,"NETCASH_OPERATE":104699208.04,"NETCASH_INVEST":-2409608.18,"NETCASH_FINANCE":-65831070.2,"END_CASH":193432120.7,"DIVI_RATIO":null,"DIVIDEND_RATE":null,"CURRENT_RATIO":1.446744481571,"COMMON_ACS":10000000000,"CURRENTDEBT_DEBT":88.076299348664,"ISSUED_COMMON_SHARES":904483942,"HK_COMMON_SHARES":904483942,"PER_SHARES":4000,"TOTAL_MARKET_CAP":77785619.012,"HKSK_MARKET_CAP":77785619.012,"PE_TTM":26.55705667873,"PB_TTM":0.444248088249,"REPORT_DATE_SQ":"2019-12-31 00:00:00","REPORT_TYPE_SQ":"2019年年报","OPERATE_INCOME_SQ":477505102.2,"DPS_HKD":null,"OPERATE_INCOME_QOQ_SQ":0,"NET_PROFIT_RATIO_SQ":-6.128708817,"HOLDER_PROFIT_SQ":-28863783,"HOLDER_PROFIT_QOQ_SQ":0,"ROE_AVG_SQ":-19.259670226159,"PE_TTM_SQ":-4.081962760518,"PB_TTM_SQ":0.496376807815,"ROA_SQ":-5.267221011527,"START_DATE":"2020-04-01 00:00:00","FISCAL_YEAR":"3-31","CURRENCY":"HKD","IS_CNY_CODE":0,"DPS_HKD_LY":null,"ORG_TYPE":"一般企业","PREMIUM_INCOME":null,"PREMIUM_INCOME_YOY":null,"NET_INTEREST_INCOME":null,"NET_INTEREST_INCOME_YOY":null,"FEE_COMMISSION_INCOME":null,"FEE_COMMISSION_INCOME_YOY":null,"ACCOUNTS_RECE_TDAYS":2.374445532894,"INVENTORY_TDAYS":1.167071787393,"CURRENT_ASSETS_TDAYS":0.933403860382,"TOTAL_ASSETS_TDAYS":0.669414967274,"PREMIUM_EXPENSE":null,"LOAN_DEPOSIT":null,"LOAN_EQUITY":null,"LOAN_ASSETS":null,"DEPOSIT_EQUITY":null,"DEPOSIT_ASSETS":null,"EQUITY_MULTIPLIER":2.28426177567,"EQUITY_RATIO":1.299906347303},{"SECUCODE":"00919.HK","SECURITY_CODE":"00919","SECURITY_NAME_ABBR":"现代健康科技","ORG_CODE":"10073209","STD_REPORT_DATE":"2020-06-30 00:00:00","REPORT_DATE":"2020-09-30 00:00:00","DATE_TYPE_CODE":"002","REPORT_TYPE":"2020年中报","PER_NETCASH_OPERATE":0.068741509001,"PER_OI":0.212011843722,"BPS":0.20853187587,"BASIC_EPS":0.063970816,"DILUTED_EPS":0.063970816,"OPERATE_INCOME":191761308.16,"OPERATE_INCOME_YOY":-24.5462812175,"GROSS_PROFIT":187704257.92,"GROSS_PROFIT_YOY":-18.744737477767,"HOLDER_PROFIT":57834714.24,"HOLDER_PROFIT_YOY":1137.8596953169,"GROSS_PROFIT_RATIO":97.884322818337,"EPS_TTM":-0.031911879979,"OPERATE_INCOME_QOQ":0,"NET_PROFIT_RATIO":30.2151877853,"ROE_AVG":36.419423471181,"GROSS_PROFIT_QOQ":0,"ROA":10.117271624694,"HOLDER_PROFIT_QOQ":0,"ROE_YEARLY":72.838846942361,"ROIC_YEARLY":29.421632054143,"TOTAL_ASSETS":598483011.2,"TOTAL_LIABILITIES":405090798.72,"TAX_EBT":6.578257604738,"OCF_SALES":32.42342870759,"TOTAL_PARENT_EQUITY":188613733.12,"DEBT_ASSET_RATIO":67.6862652973,"OPERATE_PROFIT":66411021.44,"PRETAX_PROFIT":62020936.32,"NETCASH_OPERATE":62175591.04,"NETCASH_INVEST":-657282.56,"NETCASH_FINANCE":-31561864.96,"END_CASH":184732426.88,"DIVI_RATIO":null,"DIVIDEND_RATE":null,"CURRENT_RATIO":1.213146332104,"COMMON_ACS":10000000000,"CURRENTDEBT_DEBT":85.35968468615,"ISSUED_COMMON_SHARES":904483942,"HK_COMMON_SHARES":904483942,"PER_SHARES":4000,"TOTAL_MARKET_CAP":77785619.012,"HKSK_MARKET_CAP":77785619.012,"PE_TTM":26.55705667873,"PB_TTM":0.444248088249,"REPORT_DATE_SQ":"2019-06-30 00:00:00","REPORT_TYPE_SQ":"2019年中报","OPERATE_INCOME_SQ":260880234.21,"DPS_HKD":null,"OPERATE_INCOME_QOQ_SQ":0,"NET_PROFIT_RATIO_SQ":1.8926703109,"HOLDER_PROFIT_SQ":4795987.17,"HOLDER_PROFIT_QOQ_SQ":0,"ROE_AVG_SQ":2.896663688466,"PE_TTM_SQ":-4.081962760518,"PB_TTM_SQ":0.496376807815,"ROA_SQ":0.861156528197,"START_DATE":"2020-04-01 00:00:00","FISCAL_YEAR":"3-31","CURRENCY":"HKD","IS_CNY_CODE":0,"DPS_HKD_LY":null,"ORG_TYPE":"一般企业","PREMIUM_INCOME":null,"PREMIUM_INCOME_YOY":null,"NET_INTEREST_INCOME":null,"NET_INTEREST_INCOME_YOY":null,"FEE_COMMISSION_INCOME":null,"FEE_COMMISSION_INCOME_YOY":null,"ACCOUNTS_RECE_TDAYS":1.175056672249,"INVENTORY_TDAYS":0.304672033786,"CURRENT_ASSETS_TDAYS":0.473098931545,"TOTAL_ASSETS_TDAYS":0.335456181855,"PREMIUM_EXPENSE":null,"LOAN_DEPOSIT":null,"LOAN_EQUITY":null,"LOAN_ASSETS":null,"DEPOSIT_EQUITY":null,"DEPOSIT_ASSETS":null,"EQUITY_MULTIPLIER":3.094659311901,"EQUITY_RATIO":2.14772695508}],"count":42},"success":true,"message":"ok","code":0}