{"version":"57ba648557ba1e63eb4249f8e320f5a4","result":{"pages":6,"data":[{"SECUCODE":"00912.HK","SECURITY_CODE":"00912","SECURITY_NAME_ABBR":"信佳国际","ORG_CODE":"10009159","STD_REPORT_DATE":"2024-06-30 00:00:00","REPORT_DATE":"2024-09-30 00:00:00","DATE_TYPE_CODE":"002","REPORT_TYPE":"2024年中报","PER_NETCASH_OPERATE":0.53122932459,"PER_OI":2.199903389831,"BPS":2.50864431676,"BASIC_EPS":0.064387806,"DILUTED_EPS":0.064387806,"OPERATE_INCOME":626510486.39,"OPERATE_INCOME_YOY":-3.1748199704,"GROSS_PROFIT":89047253.55,"GROSS_PROFIT_YOY":-6.745648954466,"HOLDER_PROFIT":18346015.76,"HOLDER_PROFIT_YOY":3.5160026459,"GROSS_PROFIT_RATIO":14.213210390635,"EPS_TTM":0.102050937357,"OPERATE_INCOME_QOQ":0,"NET_PROFIT_RATIO":2.9277097508,"ROE_AVG":2.586274843824,"GROSS_PROFIT_QOQ":0,"ROA":1.832455191814,"HOLDER_PROFIT_QOQ":0,"ROE_YEARLY":5.172549687649,"ROIC_YEARLY":4.589967905872,"TOTAL_ASSETS":1029222846.69,"TOTAL_LIABILITIES":312940067.59,"TAX_EBT":18.237729629779,"OCF_SALES":24.147847903032,"TOTAL_PARENT_EQUITY":714436814.97,"DEBT_ASSET_RATIO":30.4054723033,"OPERATE_PROFIT":20995474.78,"PRETAX_PROFIT":22433829.83,"NETCASH_OPERATE":151288799.35,"NETCASH_INVEST":-4438610.38,"NETCASH_FINANCE":-38654326.56,"END_CASH":253878233.33,"DIVI_RATIO":0.708798976992,"DIVIDEND_RATE":7.079646017699,"CURRENT_RATIO":2.413258299586,"COMMON_ACS":2000000000,"CURRENTDEBT_DEBT":98.624002581976,"ISSUED_COMMON_SHARES":284790000,"HK_COMMON_SHARES":284790000,"PER_SHARES":2000,"TOTAL_MARKET_CAP":321812700,"HKSK_MARKET_CAP":321812700,"PE_TTM":9.826341984733,"PB_TTM":0.40620453573,"REPORT_DATE_SQ":"2023-06-30 00:00:00","REPORT_TYPE_SQ":"2023年中报","OPERATE_INCOME_SQ":658418795.23,"DPS_HKD":0.08,"OPERATE_INCOME_QOQ_SQ":0,"NET_PROFIT_RATIO_SQ":2.7406863353,"HOLDER_PROFIT_SQ":18034182.39,"HOLDER_PROFIT_QOQ_SQ":0,"ROE_AVG_SQ":2.480762822261,"PE_TTM_SQ":6.634563809235,"PB_TTM_SQ":0.448049346712,"ROA_SQ":1.652775797973,"START_DATE":"2024-04-01 00:00:00","FISCAL_YEAR":"3-31","CURRENCY":"HKD","IS_CNY_CODE":0,"DPS_HKD_LY":0.08,"ORG_TYPE":"一般企业","PREMIUM_INCOME":null,"PREMIUM_INCOME_YOY":null,"NET_INTEREST_INCOME":null,"NET_INTEREST_INCOME_YOY":null,"FEE_COMMISSION_INCOME":null,"FEE_COMMISSION_INCOME_YOY":null,"ACCOUNTS_RECE_TDAYS":2.237397468061,"INVENTORY_TDAYS":2.31693198826,"CURRENT_ASSETS_TDAYS":0.879330497754,"TOTAL_ASSETS_TDAYS":0.625777503154,"PREMIUM_EXPENSE":null,"LOAN_DEPOSIT":null,"LOAN_EQUITY":null,"LOAN_ASSETS":null,"DEPOSIT_EQUITY":null,"DEPOSIT_ASSETS":null,"EQUITY_MULTIPLIER":1.4368945851,"EQUITY_RATIO":0.438023434729},{"SECUCODE":"00912.HK","SECURITY_CODE":"00912","SECURITY_NAME_ABBR":"信佳国际","ORG_CODE":"10009159","STD_REPORT_DATE":"2023-12-31 00:00:00","REPORT_DATE":"2024-03-31 00:00:00","DATE_TYPE_CODE":"001","REPORT_TYPE":"2023年年报","PER_NETCASH_OPERATE":0.517041317638,"PER_OI":4.457444499982,"BPS":2.486049200288,"BASIC_EPS":0.10207753,"DILUTED_EPS":0.10207753,"OPERATE_INCOME":1269435619.15,"OPERATE_INCOME_YOY":-2.9920012858,"GROSS_PROFIT":184271698.85,"GROSS_PROFIT_YOY":3.75575178125,"HOLDER_PROFIT":29063086.45,"HOLDER_PROFIT_YOY":-46.3985955526,"GROSS_PROFIT_RATIO":14.516033430146,"EPS_TTM":0.16249012216,"OPERATE_INCOME_QOQ":0,"NET_PROFIT_RATIO":2.308588274,"ROE_AVG":4.048870865281,"GROSS_PROFIT_QOQ":0,"ROA":2.775276930375,"HOLDER_PROFIT_QOQ":0,"ROE_YEARLY":4.048870865281,"ROIC_YEARLY":3.195681807421,"TOTAL_ASSETS":978256291.9,"TOTAL_LIABILITIES":268395006.1,"TAX_EBT":22.039743404235,"OCF_SALES":11.599500961585,"TOTAL_PARENT_EQUITY":708001951.75,"DEBT_ASSET_RATIO":27.436062341,"OPERATE_PROFIT":40754861.8,"PRETAX_PROFIT":37591002.3,"NETCASH_OPERATE":147248196.85,"NETCASH_INVEST":-5787415.2,"NETCASH_FINANCE":-118153381.15,"END_CASH":146746874.7,"DIVI_RATIO":0.445156905776,"DIVIDEND_RATE":6.4,"CURRENT_RATIO":2.609922279972,"COMMON_ACS":2000000000,"CURRENTDEBT_DEBT":97.60996007593,"ISSUED_COMMON_SHARES":284790000,"HK_COMMON_SHARES":284790000,"PER_SHARES":2000,"TOTAL_MARKET_CAP":355987500,"HKSK_MARKET_CAP":355987500,"PE_TTM":10.869847328244,"PB_TTM":0.449341300586,"REPORT_DATE_SQ":"2022-12-31 00:00:00","REPORT_TYPE_SQ":"2022年年报","OPERATE_INCOME_SQ":1263638577.62,"DPS_HKD":0.08,"OPERATE_INCOME_QOQ_SQ":0,"NET_PROFIT_RATIO_SQ":4.1618115086,"HOLDER_PROFIT_SQ":52358272.1,"HOLDER_PROFIT_QOQ_SQ":0,"ROE_AVG_SQ":7.424934421976,"PE_TTM_SQ":6.850321981893,"PB_TTM_SQ":0.462620057175,"ROA_SQ":4.664482473291,"START_DATE":"2023-04-01 00:00:00","FISCAL_YEAR":"3-31","CURRENCY":"HKD","IS_CNY_CODE":0,"DPS_HKD_LY":0.08,"ORG_TYPE":"一般企业","PREMIUM_INCOME":null,"PREMIUM_INCOME_YOY":null,"NET_INTEREST_INCOME":null,"NET_INTEREST_INCOME_YOY":null,"FEE_COMMISSION_INCOME":null,"FEE_COMMISSION_INCOME_YOY":null,"ACCOUNTS_RECE_TDAYS":4.878202828069,"INVENTORY_TDAYS":3.423649554034,"CURRENT_ASSETS_TDAYS":1.723830041302,"TOTAL_ASSETS_TDAYS":1.212202769477,"PREMIUM_EXPENSE":null,"LOAN_DEPOSIT":null,"LOAN_EQUITY":null,"LOAN_ASSETS":null,"DEPOSIT_EQUITY":null,"DEPOSIT_ASSETS":null,"EQUITY_MULTIPLIER":1.378095004573,"EQUITY_RATIO":0.379087946631},{"SECUCODE":"00912.HK","SECURITY_CODE":"00912","SECURITY_NAME_ABBR":"信佳国际","ORG_CODE":"10009159","STD_REPORT_DATE":"2023-06-30 00:00:00","REPORT_DATE":"2023-09-30 00:00:00","DATE_TYPE_CODE":"002","REPORT_TYPE":"2023年中报","PER_NETCASH_OPERATE":0.288422396116,"PER_OI":2.311944925138,"BPS":2.519108460445,"BASIC_EPS":0.06331647,"DILUTED_EPS":0.06331647,"OPERATE_INCOME":658418795.23,"OPERATE_INCOME_YOY":-3.5040130397,"GROSS_PROFIT":95488577.8,"GROSS_PROFIT_YOY":-2.134250620762,"HOLDER_PROFIT":18034182.39,"HOLDER_PROFIT_YOY":-26.2966435402,"GROSS_PROFIT_RATIO":14.502711418899,"EPS_TTM":0.183848702904,"OPERATE_INCOME_QOQ":0,"NET_PROFIT_RATIO":2.7406863353,"ROE_AVG":2.480762822261,"GROSS_PROFIT_QOQ":0,"ROA":1.652775797973,"HOLDER_PROFIT_QOQ":0,"ROE_YEARLY":4.961525644521,"ROIC_YEARLY":3.804916014218,"TOTAL_ASSETS":1052476646.13,"TOTAL_LIABILITIES":333412601.83,"TAX_EBT":15.918419702412,"OCF_SALES":12.475314311358,"TOTAL_PARENT_EQUITY":717416898.45,"DEBT_ASSET_RATIO":31.6788598641,"OPERATE_PROFIT":24063011.49,"PRETAX_PROFIT":21461530.44,"NETCASH_OPERATE":82139814.19,"NETCASH_INVEST":-1544371.29,"NETCASH_FINANCE":-49438233.88,"END_CASH":156285235.82,"DIVI_RATIO":0.393440904709,"DIVIDEND_RATE":6.4,"CURRENT_RATIO":2.30907309524,"COMMON_ACS":2000000000,"CURRENTDEBT_DEBT":98.879840150162,"ISSUED_COMMON_SHARES":284790000,"HK_COMMON_SHARES":284790000,"PER_SHARES":2000,"TOTAL_MARKET_CAP":355987500,"HKSK_MARKET_CAP":355987500,"PE_TTM":10.869847328244,"PB_TTM":0.449341300586,"REPORT_DATE_SQ":"2022-06-30 00:00:00","REPORT_TYPE_SQ":"2022年中报","OPERATE_INCOME_SQ":672519877.44,"DPS_HKD":0.08,"OPERATE_INCOME_QOQ_SQ":0,"NET_PROFIT_RATIO_SQ":3.6241083628,"HOLDER_PROFIT_SQ":24116892.6,"HOLDER_PROFIT_QOQ_SQ":0,"ROE_AVG_SQ":3.34628636255,"PE_TTM_SQ":6.850321981893,"PB_TTM_SQ":0.462620057175,"ROA_SQ":2.048407404534,"START_DATE":"2023-04-01 00:00:00","FISCAL_YEAR":"3-31","CURRENCY":"HKD","IS_CNY_CODE":0,"DPS_HKD_LY":0.08,"ORG_TYPE":"一般企业","PREMIUM_INCOME":null,"PREMIUM_INCOME_YOY":null,"NET_INTEREST_INCOME":null,"NET_INTEREST_INCOME_YOY":null,"FEE_COMMISSION_INCOME":null,"FEE_COMMISSION_INCOME_YOY":null,"ACCOUNTS_RECE_TDAYS":2.462154279047,"INVENTORY_TDAYS":1.619750328723,"CURRENT_ASSETS_TDAYS":0.844151291014,"TOTAL_ASSETS_TDAYS":0.603420008822,"PREMIUM_EXPENSE":null,"LOAN_DEPOSIT":null,"LOAN_EQUITY":null,"LOAN_ASSETS":null,"DEPOSIT_EQUITY":null,"DEPOSIT_ASSETS":null,"EQUITY_MULTIPLIER":1.463675808119,"EQUITY_RATIO":0.464740379757},{"SECUCODE":"00912.HK","SECURITY_CODE":"00912","SECURITY_NAME_ABBR":"信佳国际","ORG_CODE":"10009159","STD_REPORT_DATE":"2022-12-31 00:00:00","REPORT_DATE":"2023-03-31 00:00:00","DATE_TYPE_CODE":"001","REPORT_TYPE":"2022年年报","PER_NETCASH_OPERATE":0.265690731241,"PER_OI":4.4370890046,"BPS":2.467147540188,"BASIC_EPS":0.1838361,"DILUTED_EPS":0.1838361,"OPERATE_INCOME":1263638577.62,"OPERATE_INCOME_YOY":-22.2209469927,"GROSS_PROFIT":177601429.98,"GROSS_PROFIT_YOY":-15.03301261443,"HOLDER_PROFIT":52358272.1,"HOLDER_PROFIT_YOY":5.9240237315,"GROSS_PROFIT_RATIO":14.054764797898,"EPS_TTM":0.160349826434,"OPERATE_INCOME_QOQ":0,"NET_PROFIT_RATIO":4.1618115086,"ROE_AVG":7.424934421976,"GROSS_PROFIT_QOQ":0,"ROA":4.664482473291,"HOLDER_PROFIT_QOQ":0,"ROE_YEARLY":7.424934421976,"ROIC_YEARLY":5.243494616892,"TOTAL_ASSETS":1077831054.3,"TOTAL_LIABILITIES":373651250.3,"TAX_EBT":15.234507280732,"OCF_SALES":5.987951356512,"TOTAL_PARENT_EQUITY":702618947.97,"DEBT_ASSET_RATIO":34.6669590572,"OPERATE_PROFIT":73789184.31,"PRETAX_PROFIT":62042057.52,"NETCASH_OPERATE":75666063.35,"NETCASH_INVEST":13146907.38,"NETCASH_FINANCE":-89445016.75,"END_CASH":121003547.25,"DIVI_RATIO":0.451098710917,"DIVIDEND_RATE":6.4,"CURRENT_RATIO":2.132463262496,"COMMON_ACS":2000000000,"CURRENTDEBT_DEBT":95.62729892463,"ISSUED_COMMON_SHARES":284790000,"HK_COMMON_SHARES":284790000,"PER_SHARES":2000,"TOTAL_MARKET_CAP":355987500,"HKSK_MARKET_CAP":355987500,"PE_TTM":10.869847328244,"PB_TTM":0.449341300586,"REPORT_DATE_SQ":"2021-12-31 00:00:00","REPORT_TYPE_SQ":"2021年年报","OPERATE_INCOME_SQ":1505133183.75,"DPS_HKD":0.08,"OPERATE_INCOME_QOQ_SQ":0,"NET_PROFIT_RATIO_SQ":3.0599582407,"HOLDER_PROFIT_SQ":45793679.65,"HOLDER_PROFIT_QOQ_SQ":0,"ROE_AVG_SQ":7.016835309724,"PE_TTM_SQ":6.850321981893,"PB_TTM_SQ":0.462620057175,"ROA_SQ":4.24569302583,"START_DATE":"2022-04-01 00:00:00","FISCAL_YEAR":"3-31","CURRENCY":"HKD","IS_CNY_CODE":0,"DPS_HKD_LY":0.11,"ORG_TYPE":"一般企业","PREMIUM_INCOME":null,"PREMIUM_INCOME_YOY":null,"NET_INTEREST_INCOME":null,"NET_INTEREST_INCOME_YOY":null,"FEE_COMMISSION_INCOME":null,"FEE_COMMISSION_INCOME_YOY":null,"ACCOUNTS_RECE_TDAYS":5.220946256316,"INVENTORY_TDAYS":2.824796468902,"CURRENT_ASSETS_TDAYS":1.631412571131,"TOTAL_ASSETS_TDAYS":1.125747615702,"PREMIUM_EXPENSE":null,"LOAN_DEPOSIT":null,"LOAN_EQUITY":null,"LOAN_ASSETS":null,"DEPOSIT_EQUITY":null,"DEPOSIT_ASSETS":null,"EQUITY_MULTIPLIER":1.530619094978,"EQUITY_RATIO":0.531797856263},{"SECUCODE":"00912.HK","SECURITY_CODE":"00912","SECURITY_NAME_ABBR":"信佳国际","ORG_CODE":"10009159","STD_REPORT_DATE":"2022-06-30 00:00:00","REPORT_DATE":"2022-09-30 00:00:00","DATE_TYPE_CODE":"002","REPORT_TYPE":"2022年中报","PER_NETCASH_OPERATE":0.243299091962,"PER_OI":2.361458890551,"BPS":2.493858566101,"BASIC_EPS":0.084655584,"DILUTED_EPS":0.084655584,"OPERATE_INCOME":672519877.44,"OPERATE_INCOME_YOY":-25.8868252503,"GROSS_PROFIT":97570987.2,"GROSS_PROFIT_YOY":-13.043387000574,"HOLDER_PROFIT":24116892.6,"HOLDER_PROFIT_YOY":-8.3771432498,"GROSS_PROFIT_RATIO":14.508268152818,"EPS_TTM":0.160798060501,"OPERATE_INCOME_QOQ":0,"NET_PROFIT_RATIO":3.6241083628,"ROE_AVG":3.34628636255,"GROSS_PROFIT_QOQ":0,"ROA":2.048407404534,"HOLDER_PROFIT_QOQ":0,"ROE_YEARLY":6.692572725099,"ROIC_YEARLY":4.636441841692,"TOTAL_ASSETS":1148846821.2,"TOTAL_LIABILITIES":436991943.72,"TAX_EBT":7.838577291382,"OCF_SALES":10.302914564214,"TOTAL_PARENT_EQUITY":710225981.04,"DEBT_ASSET_RATIO":38.0374420381,"OPERATE_PROFIT":30293313.36,"PRETAX_PROFIT":26445825.6,"NETCASH_OPERATE":69289148.4,"NETCASH_INVEST":-6825808.68,"NETCASH_FINANCE":-44601554.16,"END_CASH":142936793.16,"DIVI_RATIO":0.449841246684,"DIVIDEND_RATE":6.4,"CURRENT_RATIO":1.95159419016,"COMMON_ACS":2000000000,"CURRENTDEBT_DEBT":94.189745489617,"ISSUED_COMMON_SHARES":284790000,"HK_COMMON_SHARES":284790000,"PER_SHARES":2000,"TOTAL_MARKET_CAP":355987500,"HKSK_MARKET_CAP":355987500,"PE_TTM":10.869847328244,"PB_TTM":0.449341300586,"REPORT_DATE_SQ":"2021-06-30 00:00:00","REPORT_TYPE_SQ":"2021年中报","OPERATE_INCOME_SQ":835807431.88,"DPS_HKD":0.08,"OPERATE_INCOME_QOQ_SQ":0,"NET_PROFIT_RATIO_SQ":2.9410005801,"HOLDER_PROFIT_SQ":24244545.18,"HOLDER_PROFIT_QOQ_SQ":0,"ROE_AVG_SQ":3.642202391717,"PE_TTM_SQ":6.850321981893,"PB_TTM_SQ":0.462620057175,"ROA_SQ":2.174340200601,"START_DATE":"2022-04-01 00:00:00","FISCAL_YEAR":"3-31","CURRENCY":"HKD","IS_CNY_CODE":0,"DPS_HKD_LY":0.11,"ORG_TYPE":"一般企业","PREMIUM_INCOME":null,"PREMIUM_INCOME_YOY":null,"NET_INTEREST_INCOME":null,"NET_INTEREST_INCOME_YOY":null,"FEE_COMMISSION_INCOME":null,"FEE_COMMISSION_INCOME_YOY":null,"ACCOUNTS_RECE_TDAYS":2.611526419027,"INVENTORY_TDAYS":1.415781936585,"CURRENT_ASSETS_TDAYS":0.832037382466,"TOTAL_ASSETS_TDAYS":0.571215670067,"PREMIUM_EXPENSE":null,"LOAN_DEPOSIT":null,"LOAN_EQUITY":null,"LOAN_ASSETS":null,"DEPOSIT_EQUITY":null,"DEPOSIT_ASSETS":null,"EQUITY_MULTIPLIER":1.61387785284,"EQUITY_RATIO":0.615285775775},{"SECUCODE":"00912.HK","SECURITY_CODE":"00912","SECURITY_NAME_ABBR":"信佳国际","ORG_CODE":"10009159","STD_REPORT_DATE":"2021-12-31 00:00:00","REPORT_DATE":"2022-03-31 00:00:00","DATE_TYPE_CODE":"001","REPORT_TYPE":"2021年年报","PER_NETCASH_OPERATE":0.142313331718,"PER_OI":5.285063322975,"BPS":2.30223580677,"BASIC_EPS":0.160823283,"DILUTED_EPS":0.160742182,"OPERATE_INCOME":1505133183.75,"OPERATE_INCOME_YOY":-11.6911475357,"GROSS_PROFIT":209024040.33,"GROSS_PROFIT_YOY":-13.718175048255,"HOLDER_PROFIT":45793679.65,"HOLDER_PROFIT_YOY":-28.7723591594,"GROSS_PROFIT_RATIO":13.887411598303,"EPS_TTM":0.230724336739,"OPERATE_INCOME_QOQ":0,"NET_PROFIT_RATIO":3.0599582407,"ROE_AVG":7.016835309724,"GROSS_PROFIT_QOQ":0,"ROA":4.24569302583,"HOLDER_PROFIT_QOQ":0,"ROE_YEARLY":7.016835309724,"ROIC_YEARLY":4.729630403654,"TOTAL_ASSETS":1081283948.56,"TOTAL_LIABILITIES":424399099.97,"TAX_EBT":10.188040676251,"OCF_SALES":2.692746009295,"TOTAL_PARENT_EQUITY":655653735.41,"DEBT_ASSET_RATIO":39.249551474,"OPERATE_PROFIT":61582422.33,"PRETAX_PROFIT":51280973.31,"NETCASH_OPERATE":40529413.74,"NETCASH_INVEST":-43710194.96,"NETCASH_FINANCE":13881247.16,"END_CASH":114885243.57,"DIVI_RATIO":0.313506589822,"DIVIDEND_RATE":6.4,"CURRENT_RATIO":1.795556292158,"COMMON_ACS":2000000000,"CURRENTDEBT_DEBT":95.700529527209,"ISSUED_COMMON_SHARES":284790000,"HK_COMMON_SHARES":284790000,"PER_SHARES":2000,"TOTAL_MARKET_CAP":355987500,"HKSK_MARKET_CAP":355987500,"PE_TTM":10.869847328244,"PB_TTM":0.449341300586,"REPORT_DATE_SQ":"2020-12-31 00:00:00","REPORT_TYPE_SQ":"2020年年报","OPERATE_INCOME_SQ":1776207468.14,"DPS_HKD":0.08,"OPERATE_INCOME_QOQ_SQ":0,"NET_PROFIT_RATIO_SQ":3.7884004029,"HOLDER_PROFIT_SQ":67000799.32,"HOLDER_PROFIT_QOQ_SQ":0,"ROE_AVG_SQ":10.535009830807,"PE_TTM_SQ":6.850321981893,"PB_TTM_SQ":0.462620057175,"ROA_SQ":6.820506775854,"START_DATE":"2021-04-01 00:00:00","FISCAL_YEAR":"3-31","CURRENCY":"HKD","IS_CNY_CODE":0,"DPS_HKD_LY":0.09,"ORG_TYPE":"一般企业","PREMIUM_INCOME":null,"PREMIUM_INCOME_YOY":null,"NET_INTEREST_INCOME":null,"NET_INTEREST_INCOME_YOY":null,"FEE_COMMISSION_INCOME":null,"FEE_COMMISSION_INCOME_YOY":null,"ACCOUNTS_RECE_TDAYS":5.317670554425,"INVENTORY_TDAYS":4.006678876174,"CURRENT_ASSETS_TDAYS":2.091871584699,"TOTAL_ASSETS_TDAYS":1.395461886888,"PREMIUM_EXPENSE":null,"LOAN_DEPOSIT":null,"LOAN_EQUITY":null,"LOAN_ASSETS":null,"DEPOSIT_EQUITY":null,"DEPOSIT_ASSETS":null,"EQUITY_MULTIPLIER":1.646078381746,"EQUITY_RATIO":0.647291515398},{"SECUCODE":"00912.HK","SECURITY_CODE":"00912","SECURITY_NAME_ABBR":"信佳国际","ORG_CODE":"10009159","STD_REPORT_DATE":"2021-06-30 00:00:00","REPORT_DATE":"2021-09-30 00:00:00","DATE_TYPE_CODE":"002","REPORT_TYPE":"2021年中报","PER_NETCASH_OPERATE":0.141590070719,"PER_OI":2.934820154781,"BPS":2.331728475368,"BASIC_EPS":0.085138732,"DILUTED_EPS":0.085055426,"OPERATE_INCOME":835807431.88,"OPERATE_INCOME_YOY":10.7345268802,"GROSS_PROFIT":112206517.52,"GROSS_PROFIT_YOY":4.299750673156,"HOLDER_PROFIT":24244545.18,"HOLDER_PROFIT_YOY":0.141077696,"GROSS_PROFIT_RATIO":13.424924598674,"EPS_TTM":0.23634272574,"OPERATE_INCOME_QOQ":0,"NET_PROFIT_RATIO":2.9410005801,"ROE_AVG":3.642202391717,"GROSS_PROFIT_QOQ":0,"ROA":2.174340200601,"HOLDER_PROFIT_QOQ":0,"ROE_YEARLY":7.284404783433,"ROIC_YEARLY":4.810769061017,"TOTAL_ASSETS":1124909242.04,"TOTAL_LIABILITIES":459525059.66,"TAX_EBT":14.173938336242,"OCF_SALES":4.824488835819,"TOTAL_PARENT_EQUITY":664052952.5,"DEBT_ASSET_RATIO":40.8499674895,"OPERATE_PROFIT":32450186.18,"PRETAX_PROFIT":28640602.8,"NETCASH_OPERATE":40171819.32,"NETCASH_INVEST":-28768060.98,"NETCASH_FINANCE":-12777474.28,"END_CASH":105421243.82,"DIVI_RATIO":0.30605384521,"DIVIDEND_RATE":6.4,"CURRENT_RATIO":1.64894060963,"COMMON_ACS":2000000000,"CURRENTDEBT_DEBT":99.482968976326,"ISSUED_COMMON_SHARES":284790000,"HK_COMMON_SHARES":284790000,"PER_SHARES":2000,"TOTAL_MARKET_CAP":355987500,"HKSK_MARKET_CAP":355987500,"PE_TTM":10.869847328244,"PB_TTM":0.449341300586,"REPORT_DATE_SQ":"2020-06-30 00:00:00","REPORT_TYPE_SQ":"2020年中报","OPERATE_INCOME_SQ":796154590.08,"DPS_HKD":0.08,"OPERATE_INCOME_QOQ_SQ":0,"NET_PROFIT_RATIO_SQ":3.2366156424,"HOLDER_PROFIT_SQ":25537360.64,"HOLDER_PROFIT_QOQ_SQ":0,"ROE_AVG_SQ":4.060790290545,"PE_TTM_SQ":6.850321981893,"PB_TTM_SQ":0.462620057175,"ROA_SQ":2.662124450791,"START_DATE":"2021-04-01 00:00:00","FISCAL_YEAR":"3-31","CURRENCY":"HKD","IS_CNY_CODE":0,"DPS_HKD_LY":0.09,"ORG_TYPE":"一般企业","PREMIUM_INCOME":null,"PREMIUM_INCOME_YOY":null,"NET_INTEREST_INCOME":null,"NET_INTEREST_INCOME_YOY":null,"FEE_COMMISSION_INCOME":null,"FEE_COMMISSION_INCOME_YOY":null,"ACCOUNTS_RECE_TDAYS":2.570940600212,"INVENTORY_TDAYS":2.35667929197,"CURRENT_ASSETS_TDAYS":1.127283391048,"TOTAL_ASSETS_TDAYS":0.749582920861,"PREMIUM_EXPENSE":null,"LOAN_DEPOSIT":null,"LOAN_EQUITY":null,"LOAN_ASSETS":null,"DEPOSIT_EQUITY":null,"DEPOSIT_ASSETS":null,"EQUITY_MULTIPLIER":1.690616146022,"EQUITY_RATIO":0.692000627254},{"SECUCODE":"00912.HK","SECURITY_CODE":"00912","SECURITY_NAME_ABBR":"信佳国际","ORG_CODE":"10009159","STD_REPORT_DATE":"2020-12-31 00:00:00","REPORT_DATE":"2021-03-31 00:00:00","DATE_TYPE_CODE":"001","REPORT_TYPE":"2020年年报","PER_NETCASH_OPERATE":0.16495156457,"PER_OI":6.265503079968,"BPS":2.377075056428,"BASIC_EPS":0.236312328,"DILUTED_EPS":0.236312328,"OPERATE_INCOME":1776207468.14,"OPERATE_INCOME_YOY":30.1136156089,"GROSS_PROFIT":242257324.12,"GROSS_PROFIT_YOY":28.494207606653,"HOLDER_PROFIT":67000799.32,"HOLDER_PROFIT_YOY":186.1360765205,"GROSS_PROFIT_RATIO":13.639021818419,"EPS_TTM":0.092029491763,"OPERATE_INCOME_QOQ":0,"NET_PROFIT_RATIO":3.7884004029,"ROE_AVG":10.535009830807,"GROSS_PROFIT_QOQ":0,"ROA":6.820506775854,"HOLDER_PROFIT_QOQ":0,"ROE_YEARLY":10.535009830807,"ROIC_YEARLY":7.673101893593,"TOTAL_ASSETS":1121229310.88,"TOTAL_LIABILITIES":443252960.64,"TAX_EBT":13.464631972523,"OCF_SALES":2.632694653005,"TOTAL_PARENT_EQUITY":676967205.32,"DEBT_ASSET_RATIO":39.5327660755,"OPERATE_PROFIT":86278509.94,"PRETAX_PROFIT":77759940.72,"NETCASH_OPERATE":46762119.04,"NETCASH_INVEST":-73407263.72,"NETCASH_FINANCE":15030681.12,"END_CASH":108005552.2,"DIVI_RATIO":0.785982825875,"DIVIDEND_RATE":6.4,"CURRENT_RATIO":1.683852347831,"COMMON_ACS":2000000000,"CURRENTDEBT_DEBT":99.101340838367,"ISSUED_COMMON_SHARES":284790000,"HK_COMMON_SHARES":284790000,"PER_SHARES":2000,"TOTAL_MARKET_CAP":355987500,"HKSK_MARKET_CAP":355987500,"PE_TTM":10.869847328244,"PB_TTM":0.449341300586,"REPORT_DATE_SQ":"2019-12-31 00:00:00","REPORT_TYPE_SQ":"2019年年报","OPERATE_INCOME_SQ":1475792707.1,"DPS_HKD":0.08,"OPERATE_INCOME_QOQ_SQ":0,"NET_PROFIT_RATIO_SQ":1.7049461268,"HOLDER_PROFIT_SQ":25314058.5,"HOLDER_PROFIT_QOQ_SQ":0,"ROE_AVG_SQ":3.881284935767,"PE_TTM_SQ":6.850321981893,"PB_TTM_SQ":0.462620057175,"ROA_SQ":2.715337910351,"START_DATE":"2020-04-01 00:00:00","FISCAL_YEAR":"3-31","CURRENCY":"HKD","IS_CNY_CODE":0,"DPS_HKD_LY":0.08,"ORG_TYPE":"一般企业","PREMIUM_INCOME":null,"PREMIUM_INCOME_YOY":null,"NET_INTEREST_INCOME":null,"NET_INTEREST_INCOME_YOY":null,"FEE_COMMISSION_INCOME":null,"FEE_COMMISSION_INCOME_YOY":null,"ACCOUNTS_RECE_TDAYS":6.553213582439,"INVENTORY_TDAYS":6.003668480508,"CURRENT_ASSETS_TDAYS":2.790983636493,"TOTAL_ASSETS_TDAYS":1.808132917028,"PREMIUM_EXPENSE":null,"LOAN_DEPOSIT":null,"LOAN_EQUITY":null,"LOAN_ASSETS":null,"DEPOSIT_EQUITY":null,"DEPOSIT_ASSETS":null,"EQUITY_MULTIPLIER":1.653788233886,"EQUITY_RATIO":0.654762826259},{"SECUCODE":"00912.HK","SECURITY_CODE":"00912","SECURITY_NAME_ABBR":"信佳国际","ORG_CODE":"10009159","STD_REPORT_DATE":"2020-06-30 00:00:00","REPORT_DATE":"2020-09-30 00:00:00","DATE_TYPE_CODE":"002","REPORT_TYPE":"2020年中报","PER_NETCASH_OPERATE":0.033569217962,"PER_OI":2.808404494268,"BPS":2.244264271077,"BASIC_EPS":0.0900688,"DILUTED_EPS":0.0900688,"OPERATE_INCOME":796154590.08,"OPERATE_INCOME_YOY":2.9855428616,"GROSS_PROFIT":107580810.88,"GROSS_PROFIT_YOY":0.80366253605,"HOLDER_PROFIT":25537360.64,"HOLDER_PROFIT_YOY":5.8647821652,"GROSS_PROFIT_RATIO":13.512552991648,"EPS_TTM":0.089294361353,"OPERATE_INCOME_QOQ":0,"NET_PROFIT_RATIO":3.2366156424,"ROE_AVG":4.060790290545,"GROSS_PROFIT_QOQ":0,"ROA":2.662124450791,"HOLDER_PROFIT_QOQ":0,"ROE_YEARLY":8.121580581089,"ROIC_YEARLY":6.067565395127,"TOTAL_ASSETS":1041640839.04,"TOTAL_LIABILITIES":401517044.48,"TAX_EBT":14.161519772854,"OCF_SALES":1.195312784549,"TOTAL_PARENT_EQUITY":639144021.76,"DEBT_ASSET_RATIO":38.5465920144,"OPERATE_PROFIT":32836008.96,"PRETAX_PROFIT":30019711.36,"NETCASH_OPERATE":9516537.6,"NETCASH_INVEST":-8032379.52,"NETCASH_FINANCE":5352283.52,"END_CASH":120429454.72,"DIVI_RATIO":0.8100578682,"DIVIDEND_RATE":6.4,"CURRENT_RATIO":1.792968698226,"COMMON_ACS":2000000000,"CURRENTDEBT_DEBT":99.071200654799,"ISSUED_COMMON_SHARES":284790000,"HK_COMMON_SHARES":284790000,"PER_SHARES":2000,"TOTAL_MARKET_CAP":355987500,"HKSK_MARKET_CAP":355987500,"PE_TTM":10.869847328244,"PB_TTM":0.449341300586,"REPORT_DATE_SQ":"2019-06-30 00:00:00","REPORT_TYPE_SQ":"2019年中报","OPERATE_INCOME_SQ":793564043.73,"DPS_HKD":0.08,"OPERATE_INCOME_QOQ_SQ":0,"NET_PROFIT_RATIO_SQ":3.1068241467,"HOLDER_PROFIT_SQ":24761978.52,"HOLDER_PROFIT_QOQ_SQ":0,"ROE_AVG_SQ":3.77908877596,"PE_TTM_SQ":6.850321981893,"PB_TTM_SQ":0.462620057175,"ROA_SQ":2.492506002688,"START_DATE":"2020-04-01 00:00:00","FISCAL_YEAR":"3-31","CURRENCY":"HKD","IS_CNY_CODE":0,"DPS_HKD_LY":0.08,"ORG_TYPE":"一般企业","PREMIUM_INCOME":null,"PREMIUM_INCOME_YOY":null,"NET_INTEREST_INCOME":null,"NET_INTEREST_INCOME_YOY":null,"FEE_COMMISSION_INCOME":null,"FEE_COMMISSION_INCOME_YOY":null,"ACCOUNTS_RECE_TDAYS":2.879289551584,"INVENTORY_TDAYS":2.878379371143,"CURRENT_ASSETS_TDAYS":1.256228357511,"TOTAL_ASSETS_TDAYS":0.829945831419,"PREMIUM_EXPENSE":null,"LOAN_DEPOSIT":null,"LOAN_EQUITY":null,"LOAN_ASSETS":null,"DEPOSIT_EQUITY":null,"DEPOSIT_ASSETS":null,"EQUITY_MULTIPLIER":1.627249053843,"EQUITY_RATIO":0.628210592308}],"count":46},"success":true,"message":"ok","code":0}