{"version":"37c3e199c78d504394a2c7bbc194487b","result":{"pages":6,"data":[{"SECUCODE":"00918.HK","SECURITY_CODE":"00918","SECURITY_NAME_ABBR":"龙翼航空科技","ORG_CODE":"10009164","STD_REPORT_DATE":"2024-06-30 00:00:00","REPORT_DATE":"2024-09-30 00:00:00","DATE_TYPE_CODE":"002","REPORT_TYPE":"2024年中报","PER_NETCASH_OPERATE":0.00113000062,"PER_OI":0.014685960775,"BPS":0.219060657373,"BASIC_EPS":-0.013256313,"DILUTED_EPS":-0.013256313,"OPERATE_INCOME":16361175.97,"OPERATE_INCOME_YOY":-80.2844910023,"GROSS_PROFIT":5349418.28,"GROSS_PROFIT_YOY":-70.881105642829,"HOLDER_PROFIT":-14793864.95,"HOLDER_PROFIT_YOY":-782.9386437029,"GROSS_PROFIT_RATIO":32.695805544838,"EPS_TTM":-0.047492459308,"OPERATE_INCOME_QOQ":0,"NET_PROFIT_RATIO":-90.4205478697,"ROE_AVG":-5.913224644864,"GROSS_PROFIT_QOQ":0,"ROA":-4.160437422887,"HOLDER_PROFIT_QOQ":0,"ROE_YEARLY":-11.826449289728,"ROIC_YEARLY":-8.941041177569,"TOTAL_ASSETS":343329488.8,"TOTAL_LIABILITIES":99280766.47,"TAX_EBT":0.864152767706,"OCF_SALES":7.694427602932,"TOTAL_PARENT_EQUITY":244048722.33,"DEBT_ASSET_RATIO":28.9170519017,"OPERATE_PROFIT":-13719833.06,"PRETAX_PROFIT":-14922820.92,"NETCASH_OPERATE":1258898.84,"NETCASH_INVEST":-773735.82,"NETCASH_FINANCE":-4417869.21,"END_CASH":22821599.53,"DIVI_RATIO":null,"DIVIDEND_RATE":null,"CURRENT_RATIO":1.889912390008,"COMMON_ACS":30000000000,"CURRENTDEBT_DEBT":94.761701470575,"ISSUED_COMMON_SHARES":1114069159,"HK_COMMON_SHARES":1114069159,"PER_SHARES":6000,"TOTAL_MARKET_CAP":813270486.07,"HKSK_MARKET_CAP":813270486.07,"PE_TTM":-11.154290656691,"PB_TTM":3.005134321668,"REPORT_DATE_SQ":"2023-06-30 00:00:00","REPORT_TYPE_SQ":"2023年中报","OPERATE_INCOME_SQ":84443983.12,"DPS_HKD":null,"OPERATE_INCOME_QOQ_SQ":0,"NET_PROFIT_RATIO_SQ":-2.0190385117,"HOLDER_PROFIT_SQ":-1704956.54,"HOLDER_PROFIT_QOQ_SQ":0,"ROE_AVG_SQ":-0.598534267536,"PE_TTM_SQ":-45.959337186772,"PB_TTM_SQ":2.004157549304,"ROA_SQ":-0.355581412929,"START_DATE":"2024-04-01 00:00:00","FISCAL_YEAR":"3-31","CURRENCY":"HKD","IS_CNY_CODE":0,"DPS_HKD_LY":null,"ORG_TYPE":"一般企业","PREMIUM_INCOME":null,"PREMIUM_INCOME_YOY":null,"NET_INTEREST_INCOME":null,"NET_INTEREST_INCOME_YOY":null,"FEE_COMMISSION_INCOME":null,"FEE_COMMISSION_INCOME_YOY":null,"ACCOUNTS_RECE_TDAYS":0.149060719465,"INVENTORY_TDAYS":0.221243828419,"CURRENT_ASSETS_TDAYS":0.088461876018,"TOTAL_ASSETS_TDAYS":0.046012079344,"PREMIUM_EXPENSE":null,"LOAN_DEPOSIT":null,"LOAN_EQUITY":null,"LOAN_ASSETS":null,"DEPOSIT_EQUITY":null,"DEPOSIT_ASSETS":null,"EQUITY_MULTIPLIER":1.406807155237,"EQUITY_RATIO":0.406807155236},{"SECUCODE":"00918.HK","SECURITY_CODE":"00918","SECURITY_NAME_ABBR":"龙翼航空科技","ORG_CODE":"10009164","STD_REPORT_DATE":"2023-12-31 00:00:00","REPORT_DATE":"2024-03-31 00:00:00","DATE_TYPE_CODE":"001","REPORT_TYPE":"2023年年报","PER_NETCASH_OPERATE":-0.0282909042,"PER_OI":0.200159347468,"BPS":0.231286909765,"BASIC_EPS":-0.05384907,"DILUTED_EPS":-0.05384907,"OPERATE_INCOME":222991355.9,"OPERATE_INCOME_YOY":19.0957596181,"GROSS_PROFIT":50176635.95,"GROSS_PROFIT_YOY":51.686742223799,"HOLDER_PROFIT":-52909884.2,"HOLDER_PROFIT_YOY":-136.7515820217,"GROSS_PROFIT_RATIO":22.501605834668,"EPS_TTM":-0.011580688789,"OPERATE_INCOME_QOQ":0,"NET_PROFIT_RATIO":-23.7273252079,"ROE_AVG":-20.828069574403,"GROSS_PROFIT_QOQ":0,"ROA":-12.962158908819,"HOLDER_PROFIT_QOQ":0,"ROE_YEARLY":-20.828069574403,"ROIC_YEARLY":-13.642170022241,"TOTAL_ASSETS":369780838.45,"TOTAL_LIABILITIES":112111225.4,"TAX_EBT":0.994854712548,"OCF_SALES":-14.134190862598,"TOTAL_PARENT_EQUITY":257669613.05,"DEBT_ASSET_RATIO":30.3182895766,"OPERATE_PROFIT":-58222267.2,"PRETAX_PROFIT":-60961861.3,"NETCASH_OPERATE":-31518023.85,"NETCASH_INVEST":14375163.35,"NETCASH_FINANCE":30399341.15,"END_CASH":26646224.15,"DIVI_RATIO":null,"DIVIDEND_RATE":null,"CURRENT_RATIO":1.811310647416,"COMMON_ACS":30000000000,"CURRENTDEBT_DEBT":95.098166057509,"ISSUED_COMMON_SHARES":1114069159,"HK_COMMON_SHARES":1114069159,"PER_SHARES":6000,"TOTAL_MARKET_CAP":868973944.02,"HKSK_MARKET_CAP":868973944.02,"PE_TTM":-11.918283167423,"PB_TTM":3.21096543959,"REPORT_DATE_SQ":"2022-12-31 00:00:00","REPORT_TYPE_SQ":"2022年年报","OPERATE_INCOME_SQ":180805430.58,"DPS_HKD":null,"OPERATE_INCOME_QOQ_SQ":0,"NET_PROFIT_RATIO_SQ":-11.5379035013,"HOLDER_PROFIT_SQ":-21580607.32,"HOLDER_PROFIT_QOQ_SQ":0,"ROE_AVG_SQ":-8.552728584786,"PE_TTM_SQ":-20.110367343623,"PB_TTM_SQ":1.438467918452,"ROA_SQ":-5.468045581834,"START_DATE":"2023-04-01 00:00:00","FISCAL_YEAR":"3-31","CURRENCY":"HKD","IS_CNY_CODE":0,"DPS_HKD_LY":null,"ORG_TYPE":"一般企业","PREMIUM_INCOME":null,"PREMIUM_INCOME_YOY":null,"NET_INTEREST_INCOME":null,"NET_INTEREST_INCOME_YOY":null,"FEE_COMMISSION_INCOME":null,"FEE_COMMISSION_INCOME_YOY":null,"ACCOUNTS_RECE_TDAYS":1.421402691661,"INVENTORY_TDAYS":2.314188943113,"CURRENT_ASSETS_TDAYS":0.876942547996,"TOTAL_ASSETS_TDAYS":0.546296676731,"PREMIUM_EXPENSE":null,"LOAN_DEPOSIT":null,"LOAN_EQUITY":null,"LOAN_ASSETS":null,"DEPOSIT_EQUITY":null,"DEPOSIT_ASSETS":null,"EQUITY_MULTIPLIER":1.435096805064,"EQUITY_RATIO":0.435096805063},{"SECUCODE":"00918.HK","SECURITY_CODE":"00918","SECURITY_NAME_ABBR":"龙翼航空科技","ORG_CODE":"10009164","STD_REPORT_DATE":"2023-06-30 00:00:00","REPORT_DATE":"2023-09-30 00:00:00","DATE_TYPE_CODE":"002","REPORT_TYPE":"2023年中报","PER_NETCASH_OPERATE":-0.041105459908,"PER_OI":0.075797792658,"BPS":0.283875187456,"BASIC_EPS":-0.002018786,"DILUTED_EPS":-0.002018786,"OPERATE_INCOME":84443983.12,"OPERATE_INCOME_YOY":-28.935154796,"GROSS_PROFIT":18370952.6,"GROSS_PROFIT_YOY":-19.90550525574,"HOLDER_PROFIT":-1704956.54,"HOLDER_PROFIT_YOY":83.816740702,"GROSS_PROFIT_RATIO":21.75519429714,"EPS_TTM":-0.0278942059,"OPERATE_INCOME_QOQ":0,"NET_PROFIT_RATIO":-2.0190385117,"ROE_AVG":-0.598534267536,"GROSS_PROFIT_QOQ":0,"ROA":-0.355581412929,"HOLDER_PROFIT_QOQ":0,"ROE_YEARLY":-1.197068535073,"ROIC_YEARLY":-0.753758651186,"TOTAL_ASSETS":506916246.97,"TOTAL_LIABILITIES":190659655.62,"TAX_EBT":-6.494869402985,"OCF_SALES":-54.230418151787,"TOTAL_PARENT_EQUITY":316256591.35,"DEBT_ASSET_RATIO":37.6116679549,"OPERATE_PROFIT":-6663829.06,"PRETAX_PROFIT":-7869594.88,"NETCASH_OPERATE":-45794325.15,"NETCASH_INVEST":23176580.91,"NETCASH_FINANCE":41678754.6,"END_CASH":39973798.06,"DIVI_RATIO":null,"DIVIDEND_RATE":null,"CURRENT_RATIO":1.798655114445,"COMMON_ACS":30000000000,"CURRENTDEBT_DEBT":96.76764176461,"ISSUED_COMMON_SHARES":1114069159,"HK_COMMON_SHARES":1114069159,"PER_SHARES":6000,"TOTAL_MARKET_CAP":868973944.02,"HKSK_MARKET_CAP":868973944.02,"PE_TTM":-11.918283167423,"PB_TTM":3.21096543959,"REPORT_DATE_SQ":"2022-06-30 00:00:00","REPORT_TYPE_SQ":"2022年中报","OPERATE_INCOME_SQ":117118648.92,"DPS_HKD":null,"OPERATE_INCOME_QOQ_SQ":0,"NET_PROFIT_RATIO_SQ":-8.395735221,"HOLDER_PROFIT_SQ":-10383875.64,"HOLDER_PROFIT_QOQ_SQ":0,"ROE_AVG_SQ":-3.880381109463,"PE_TTM_SQ":-20.110367343623,"PB_TTM_SQ":1.438467918452,"ROA_SQ":-2.48643193444,"START_DATE":"2023-04-01 00:00:00","FISCAL_YEAR":"3-31","CURRENCY":"HKD","IS_CNY_CODE":0,"DPS_HKD_LY":null,"ORG_TYPE":"一般企业","PREMIUM_INCOME":null,"PREMIUM_INCOME_YOY":null,"NET_INTEREST_INCOME":null,"NET_INTEREST_INCOME_YOY":null,"FEE_COMMISSION_INCOME":null,"FEE_COMMISSION_INCOME_YOY":null,"ACCOUNTS_RECE_TDAYS":0.457619111555,"INVENTORY_TDAYS":0.600473680699,"CURRENT_ASSETS_TDAYS":0.259367561862,"TOTAL_ASSETS_TDAYS":0.17611423005,"PREMIUM_EXPENSE":null,"LOAN_DEPOSIT":null,"LOAN_EQUITY":null,"LOAN_ASSETS":null,"DEPOSIT_EQUITY":null,"DEPOSIT_ASSETS":null,"EQUITY_MULTIPLIER":1.60286381639,"EQUITY_RATIO":0.602863816391},{"SECUCODE":"00918.HK","SECURITY_CODE":"00918","SECURITY_NAME_ABBR":"龙翼航空科技","ORG_CODE":"10009164","STD_REPORT_DATE":"2022-12-31 00:00:00","REPORT_DATE":"2023-03-31 00:00:00","DATE_TYPE_CODE":"001","REPORT_TYPE":"2022年年报","PER_NETCASH_OPERATE":-0.086498968443,"PER_OI":0.233701667137,"BPS":0.217035555734,"BASIC_EPS":-0.027838038,"DILUTED_EPS":-0.027838038,"OPERATE_INCOME":180805430.58,"OPERATE_INCOME_YOY":3.1053053188,"GROSS_PROFIT":33079117.67,"GROSS_PROFIT_YOY":16.055081280904,"HOLDER_PROFIT":-21580607.32,"HOLDER_PROFIT_YOY":-110.4131102765,"GROSS_PROFIT_RATIO":12.74916807466,"EPS_TTM":-0.035733595464,"OPERATE_INCOME_QOQ":0,"NET_PROFIT_RATIO":-11.5379035013,"ROE_AVG":-8.552728584786,"GROSS_PROFIT_QOQ":0,"ROA":-5.468045581834,"HOLDER_PROFIT_QOQ":0,"ROE_YEARLY":-8.552728584786,"ROIC_YEARLY":-6.012426298877,"TOTAL_ASSETS":431253228.3,"TOTAL_LIABILITIES":189460609.25,"TAX_EBT":-14.925881751576,"OCF_SALES":-35.778639995133,"TOTAL_PARENT_EQUITY":241792619.05,"DEBT_ASSET_RATIO":43.9325660232,"OPERATE_PROFIT":-3898200.73,"PRETAX_PROFIT":-5137781.29,"NETCASH_OPERATE":-66920717.45,"NETCASH_INVEST":-6859712.76,"NETCASH_FINANCE":29608117.02,"END_CASH":13564477.95,"DIVI_RATIO":null,"DIVIDEND_RATE":null,"CURRENT_RATIO":1.624080539168,"COMMON_ACS":30000000000,"CURRENTDEBT_DEBT":98.997805244311,"ISSUED_COMMON_SHARES":1114069159,"HK_COMMON_SHARES":1114069159,"PER_SHARES":6000,"TOTAL_MARKET_CAP":868973944.02,"HKSK_MARKET_CAP":868973944.02,"PE_TTM":-11.918283167423,"PB_TTM":3.21096543959,"REPORT_DATE_SQ":"2021-12-31 00:00:00","REPORT_TYPE_SQ":"2021年年报","OPERATE_INCOME_SQ":168062358.26,"DPS_HKD":null,"OPERATE_INCOME_QOQ_SQ":0,"NET_PROFIT_RATIO_SQ":-5.6537307095,"HOLDER_PROFIT_SQ":-9501793.16,"HOLDER_PROFIT_QOQ_SQ":0,"ROE_AVG_SQ":-5.625552183767,"PE_TTM_SQ":-15.139265303626,"PB_TTM_SQ":1.08289157906,"ROA_SQ":-3.02988376739,"START_DATE":"2022-04-01 00:00:00","FISCAL_YEAR":"3-31","CURRENCY":"HKD","IS_CNY_CODE":0,"DPS_HKD_LY":null,"ORG_TYPE":"一般企业","PREMIUM_INCOME":null,"PREMIUM_INCOME_YOY":null,"NET_INTEREST_INCOME":null,"NET_INTEREST_INCOME_YOY":null,"FEE_COMMISSION_INCOME":null,"FEE_COMMISSION_INCOME_YOY":null,"ACCOUNTS_RECE_TDAYS":1.070672092481,"INVENTORY_TDAYS":2.524558861368,"CURRENT_ASSETS_TDAYS":0.68965840023,"TOTAL_ASSETS_TDAYS":0.473920204065,"PREMIUM_EXPENSE":null,"LOAN_DEPOSIT":null,"LOAN_EQUITY":null,"LOAN_ASSETS":null,"DEPOSIT_EQUITY":null,"DEPOSIT_ASSETS":null,"EQUITY_MULTIPLIER":1.783566553828,"EQUITY_RATIO":0.783566553828},{"SECUCODE":"00918.HK","SECURITY_CODE":"00918","SECURITY_NAME_ABBR":"龙翼航空科技","ORG_CODE":"10009164","STD_REPORT_DATE":"2022-06-30 00:00:00","REPORT_DATE":"2022-09-30 00:00:00","DATE_TYPE_CODE":"002","REPORT_TYPE":"2022年中报","PER_NETCASH_OPERATE":-0.04932889475,"PER_OI":0.151382751158,"BPS":0.23663357797,"BASIC_EPS":-0.013385712,"DILUTED_EPS":-0.013385712,"OPERATE_INCOME":117118648.92,"OPERATE_INCOME_YOY":20.1430316023,"GROSS_PROFIT":22936598.4,"GROSS_PROFIT_YOY":52.774103247337,"HOLDER_PROFIT":-10383875.64,"HOLDER_PROFIT_YOY":-223.2528180354,"GROSS_PROFIT_RATIO":13.187030157662,"EPS_TTM":-0.012281627245,"OPERATE_INCOME_QOQ":0,"NET_PROFIT_RATIO":-8.395735221,"ROE_AVG":-3.880381109463,"GROSS_PROFIT_QOQ":0,"ROA":-2.48643193444,"HOLDER_PROFIT_QOQ":0,"ROE_YEARLY":-7.760762218925,"ROIC_YEARLY":-5.652762066771,"TOTAL_ASSETS":465286444.68,"TOTAL_LIABILITIES":201660273.48,"TAX_EBT":null,"OCF_SALES":-30.856758416942,"TOTAL_PARENT_EQUITY":263626171.2,"DEBT_ASSET_RATIO":43.3411021932,"OPERATE_PROFIT":-544472.88,"PRETAX_PROFIT":-722647.56,"NETCASH_OPERATE":-38163750.24,"NETCASH_INVEST":-7417312.44,"NETCASH_FINANCE":21625160.4,"END_CASH":40636489.2,"DIVI_RATIO":null,"DIVIDEND_RATE":null,"CURRENT_RATIO":1.656730503115,"COMMON_ACS":30000000000,"CURRENTDEBT_DEBT":98.851848031323,"ISSUED_COMMON_SHARES":1114069159,"HK_COMMON_SHARES":1114069159,"PER_SHARES":6000,"TOTAL_MARKET_CAP":868973944.02,"HKSK_MARKET_CAP":868973944.02,"PE_TTM":-11.918283167423,"PB_TTM":3.21096543959,"REPORT_DATE_SQ":"2021-06-30 00:00:00","REPORT_TYPE_SQ":"2021年中报","OPERATE_INCOME_SQ":94819722.26,"DPS_HKD":null,"OPERATE_INCOME_QOQ_SQ":0,"NET_PROFIT_RATIO_SQ":8.1839027947,"HOLDER_PROFIT_SQ":7759953.9,"HOLDER_PROFIT_QOQ_SQ":0,"ROE_AVG_SQ":4.231061853446,"PE_TTM_SQ":-15.139265303626,"PB_TTM_SQ":1.08289157906,"ROA_SQ":2.329134307161,"START_DATE":"2022-04-01 00:00:00","FISCAL_YEAR":"3-31","CURRENCY":"HKD","IS_CNY_CODE":0,"DPS_HKD_LY":null,"ORG_TYPE":"一般企业","PREMIUM_INCOME":null,"PREMIUM_INCOME_YOY":null,"NET_INTEREST_INCOME":null,"NET_INTEREST_INCOME_YOY":null,"FEE_COMMISSION_INCOME":null,"FEE_COMMISSION_INCOME_YOY":null,"ACCOUNTS_RECE_TDAYS":0.648421421597,"INVENTORY_TDAYS":1.9317858218,"CURRENT_ASSETS_TDAYS":0.429484924623,"TOTAL_ASSETS_TDAYS":0.296154162678,"PREMIUM_EXPENSE":null,"LOAN_DEPOSIT":null,"LOAN_EQUITY":null,"LOAN_ASSETS":null,"DEPOSIT_EQUITY":null,"DEPOSIT_ASSETS":null,"EQUITY_MULTIPLIER":1.764947852339,"EQUITY_RATIO":0.76494785234},{"SECUCODE":"00918.HK","SECURITY_CODE":"00918","SECURITY_NAME_ABBR":"龙翼航空科技","ORG_CODE":"10009164","STD_REPORT_DATE":"2021-12-31 00:00:00","REPORT_DATE":"2022-03-31 00:00:00","DATE_TYPE_CODE":"001","REPORT_TYPE":"2021年年报","PER_NETCASH_OPERATE":0.012138013133,"PER_OI":0.21723049569,"BPS":0.218584929573,"BASIC_EPS":-0.017274513,"DILUTED_EPS":-0.017274513,"OPERATE_INCOME":168062358.26,"OPERATE_INCOME_YOY":-25.1594496009,"GROSS_PROFIT":28502946.45,"GROSS_PROFIT_YOY":-27.398519431045,"HOLDER_PROFIT":-9501793.16,"HOLDER_PROFIT_YOY":-253.8744418177,"GROSS_PROFIT_RATIO":16.959744433614,"EPS_TTM":0.01098540912,"OPERATE_INCOME_QOQ":0,"NET_PROFIT_RATIO":-5.6537307095,"ROE_AVG":-5.625552183767,"GROSS_PROFIT_QOQ":0,"ROA":-3.02988376739,"HOLDER_PROFIT_QOQ":0,"ROE_YEARLY":-5.625552183767,"ROIC_YEARLY":-3.349299394376,"TOTAL_ASSETS":331739585.45,"TOTAL_LIABILITIES":88220856.79,"TAX_EBT":-23.118957545187,"OCF_SALES":5.587619314179,"TOTAL_PARENT_EQUITY":243518728.66,"DEBT_ASSET_RATIO":26.5934065934,"OPERATE_PROFIT":-7475890.18,"PRETAX_PROFIT":-7717571.16,"NETCASH_OPERATE":9390684.79,"NETCASH_INVEST":1704743.02,"NETCASH_FINANCE":35973970.57,"END_CASH":53644256.45,"DIVI_RATIO":null,"DIVIDEND_RATE":null,"CURRENT_RATIO":2.548766642584,"COMMON_ACS":30000000000,"CURRENTDEBT_DEBT":97.977550814036,"ISSUED_COMMON_SHARES":1114069159,"HK_COMMON_SHARES":1114069159,"PER_SHARES":6000,"TOTAL_MARKET_CAP":868973944.02,"HKSK_MARKET_CAP":868973944.02,"PE_TTM":-11.918283167423,"PB_TTM":3.21096543959,"REPORT_DATE_SQ":"2020-12-31 00:00:00","REPORT_TYPE_SQ":"2020年年报","OPERATE_INCOME_SQ":234021890.2,"DPS_HKD":null,"OPERATE_INCOME_QOQ_SQ":0,"NET_PROFIT_RATIO_SQ":3.701831052,"HOLDER_PROFIT_SQ":6435200.52,"HOLDER_PROFIT_QOQ_SQ":0,"ROE_AVG_SQ":10.309110849344,"PE_TTM_SQ":-15.139265303626,"PB_TTM_SQ":1.08289157906,"ROA_SQ":2.256514819677,"START_DATE":"2021-04-01 00:00:00","FISCAL_YEAR":"3-31","CURRENCY":"HKD","IS_CNY_CODE":0,"DPS_HKD_LY":null,"ORG_TYPE":"一般企业","PREMIUM_INCOME":null,"PREMIUM_INCOME_YOY":null,"NET_INTEREST_INCOME":null,"NET_INTEREST_INCOME_YOY":null,"FEE_COMMISSION_INCOME":null,"FEE_COMMISSION_INCOME_YOY":null,"ACCOUNTS_RECE_TDAYS":1.222038755941,"INVENTORY_TDAYS":5.18527111928,"CURRENT_ASSETS_TDAYS":0.86474779615,"TOTAL_ASSETS_TDAYS":0.535908751776,"PREMIUM_EXPENSE":null,"LOAN_DEPOSIT":null,"LOAN_EQUITY":null,"LOAN_ASSETS":null,"DEPOSIT_EQUITY":null,"DEPOSIT_ASSETS":null,"EQUITY_MULTIPLIER":1.362275449102,"EQUITY_RATIO":0.362275449102},{"SECUCODE":"00918.HK","SECURITY_CODE":"00918","SECURITY_NAME_ABBR":"龙翼航空科技","ORG_CODE":"10009164","STD_REPORT_DATE":"2021-06-30 00:00:00","REPORT_DATE":"2021-09-30 00:00:00","DATE_TYPE_CODE":"002","REPORT_TYPE":"2021年中报","PER_NETCASH_OPERATE":-0.025520451876,"PER_OI":0.123939213763,"BPS":0.242314931707,"BASIC_EPS":0.024408658,"DILUTED_EPS":0.024408658,"OPERATE_INCOME":94819722.26,"OPERATE_INCOME_YOY":4.9234882006,"GROSS_PROFIT":15013407.32,"GROSS_PROFIT_YOY":-14.878727413431,"HOLDER_PROFIT":7759953.9,"HOLDER_PROFIT_YOY":41.3505311077,"GROSS_PROFIT_RATIO":15.833633512269,"EPS_TTM":0.006729179736,"OPERATE_INCOME_QOQ":0,"NET_PROFIT_RATIO":8.1839027947,"ROE_AVG":4.231061853446,"GROSS_PROFIT_QOQ":0,"ROA":2.329134307161,"HOLDER_PROFIT_QOQ":0,"ROE_YEARLY":8.462123706892,"ROIC_YEARLY":4.855419017709,"TOTAL_ASSETS":362839283,"TOTAL_LIABILITIES":92883690.82,"TAX_EBT":12.748220307231,"OCF_SALES":-20.591103574912,"TOTAL_PARENT_EQUITY":269955592.18,"DEBT_ASSET_RATIO":25.5991275399,"OPERATE_PROFIT":9045365.48,"PRETAX_PROFIT":8893748.56,"NETCASH_OPERATE":-19524427.22,"NETCASH_INVEST":833.06,"NETCASH_FINANCE":33709772.9,"END_CASH":20717369.14,"DIVI_RATIO":null,"DIVIDEND_RATE":null,"CURRENT_RATIO":2.613026390717,"COMMON_ACS":30000000000,"CURRENTDEBT_DEBT":96.075230723697,"ISSUED_COMMON_SHARES":1114069159,"HK_COMMON_SHARES":1114069159,"PER_SHARES":6000,"TOTAL_MARKET_CAP":868973944.02,"HKSK_MARKET_CAP":868973944.02,"PE_TTM":-11.918283167423,"PB_TTM":3.21096543959,"REPORT_DATE_SQ":"2020-06-30 00:00:00","REPORT_TYPE_SQ":"2020年中报","OPERATE_INCOME_SQ":95323545.6,"DPS_HKD":null,"OPERATE_INCOME_QOQ_SQ":0,"NET_PROFIT_RATIO_SQ":7.0390855457,"HOLDER_PROFIT_SQ":5790764.8,"HOLDER_PROFIT_QOQ_SQ":0,"ROE_AVG_SQ":19.06718361206,"PE_TTM_SQ":-15.139265303626,"PB_TTM_SQ":1.08289157906,"ROA_SQ":2.044123919197,"START_DATE":"2021-04-01 00:00:00","FISCAL_YEAR":"3-31","CURRENCY":"HKD","IS_CNY_CODE":0,"DPS_HKD_LY":null,"ORG_TYPE":"一般企业","PREMIUM_INCOME":null,"PREMIUM_INCOME_YOY":null,"NET_INTEREST_INCOME":null,"NET_INTEREST_INCOME_YOY":null,"FEE_COMMISSION_INCOME":null,"FEE_COMMISSION_INCOME_YOY":null,"ACCOUNTS_RECE_TDAYS":0.600646446523,"INVENTORY_TDAYS":3.216512498531,"CURRENT_ASSETS_TDAYS":0.466919637363,"TOTAL_ASSETS_TDAYS":0.284599458911,"PREMIUM_EXPENSE":null,"LOAN_DEPOSIT":null,"LOAN_EQUITY":null,"LOAN_ASSETS":null,"DEPOSIT_EQUITY":null,"DEPOSIT_ASSETS":null,"EQUITY_MULTIPLIER":1.344070260112,"EQUITY_RATIO":0.344070260112},{"SECUCODE":"00918.HK","SECURITY_CODE":"00918","SECURITY_NAME_ABBR":"龙翼航空科技","ORG_CODE":"10009164","STD_REPORT_DATE":"2020-12-31 00:00:00","REPORT_DATE":"2021-03-31 00:00:00","DATE_TYPE_CODE":"001","REPORT_TYPE":"2020年年报","PER_NETCASH_OPERATE":-0.015576804945,"PER_OI":0.244712710419,"BPS":0.088201272216,"BASIC_EPS":0.107168824,"DILUTED_EPS":0.107168824,"OPERATE_INCOME":234021890.2,"OPERATE_INCOME_YOY":31.7400882105,"GROSS_PROFIT":39259456.18,"GROSS_PROFIT_YOY":18.753955800182,"HOLDER_PROFIT":6435200.52,"HOLDER_PROFIT_YOY":-18.792662116,"GROSS_PROFIT_RATIO":16.775976019358,"EPS_TTM":0.017990455942,"OPERATE_INCOME_QOQ":0,"NET_PROFIT_RATIO":3.701831052,"ROE_AVG":10.309110849344,"GROSS_PROFIT_QOQ":0,"ROA":2.256514819677,"HOLDER_PROFIT_QOQ":0,"ROE_YEARLY":10.309110849344,"ROIC_YEARLY":2.330403749948,"TOTAL_ASSETS":307914287.24,"TOTAL_LIABILITIES":209651970.08,"TAX_EBT":23.47319695386,"OCF_SALES":-6.365343638268,"TOTAL_PARENT_EQUITY":98262317.16,"DEBT_ASSET_RATIO":68.0877694761,"OPERATE_PROFIT":13518654.1,"PRETAX_PROFIT":11320340.92,"NETCASH_OPERATE":-14896297.5,"NETCASH_INVEST":-179178.16,"NETCASH_FINANCE":10842814.22,"END_CASH":6430974.62,"DIVI_RATIO":null,"DIVIDEND_RATE":null,"CURRENT_RATIO":0.855602853246,"COMMON_ACS":30000000000,"CURRENTDEBT_DEBT":97.829119231141,"ISSUED_COMMON_SHARES":1114069159,"HK_COMMON_SHARES":1114069159,"PER_SHARES":6000,"TOTAL_MARKET_CAP":868973944.02,"HKSK_MARKET_CAP":868973944.02,"PE_TTM":-11.918283167423,"PB_TTM":3.21096543959,"REPORT_DATE_SQ":"2019-12-31 00:00:00","REPORT_TYPE_SQ":"2019年年报","OPERATE_INCOME_SQ":192040552.3,"DPS_HKD":null,"OPERATE_INCOME_QOQ_SQ":0,"NET_PROFIT_RATIO_SQ":5.1979503185,"HOLDER_PROFIT_SQ":8566851.2,"HOLDER_PROFIT_QOQ_SQ":0,"ROE_AVG_SQ":34.493414759768,"PE_TTM_SQ":-15.139265303626,"PB_TTM_SQ":1.08289157906,"ROA_SQ":3.407509167493,"START_DATE":"2020-04-01 00:00:00","FISCAL_YEAR":"3-31","CURRENCY":"HKD","IS_CNY_CODE":0,"DPS_HKD_LY":null,"ORG_TYPE":"一般企业","PREMIUM_INCOME":null,"PREMIUM_INCOME_YOY":null,"NET_INTEREST_INCOME":null,"NET_INTEREST_INCOME_YOY":null,"FEE_COMMISSION_INCOME":null,"FEE_COMMISSION_INCOME_YOY":null,"ACCOUNTS_RECE_TDAYS":1.942406173273,"INVENTORY_TDAYS":9.429921839833,"CURRENT_ASSETS_TDAYS":1.56499131,"TOTAL_ASSETS_TDAYS":0.820602033649,"PREMIUM_EXPENSE":null,"LOAN_DEPOSIT":null,"LOAN_EQUITY":null,"LOAN_ASSETS":null,"DEPOSIT_EQUITY":null,"DEPOSIT_ASSETS":null,"EQUITY_MULTIPLIER":3.133594811717,"EQUITY_RATIO":2.133594811718},{"SECUCODE":"00918.HK","SECURITY_CODE":"00918","SECURITY_NAME_ABBR":"龙翼航空科技","ORG_CODE":"10009164","STD_REPORT_DATE":"2020-06-30 00:00:00","REPORT_DATE":"2020-09-30 00:00:00","DATE_TYPE_CODE":"002","REPORT_TYPE":"2020年中报","PER_NETCASH_OPERATE":-0.006735970163,"PER_OI":0.122933721947,"BPS":0.029713720708,"BASIC_EPS":0.036291136,"DILUTED_EPS":0.036291136,"OPERATE_INCOME":95323545.6,"OPERATE_INCOME_YOY":22.9820424451,"GROSS_PROFIT":17637667.84,"GROSS_PROFIT_YOY":62.934244602058,"HOLDER_PROFIT":5790764.8,"HOLDER_PROFIT_YOY":1357.9646017699,"GROSS_PROFIT_RATIO":18.502949852507,"EPS_TTM":0.01104821371,"OPERATE_INCOME_QOQ":0,"NET_PROFIT_RATIO":7.0390855457,"ROE_AVG":19.06718361206,"GROSS_PROFIT_QOQ":0,"ROA":2.044123919197,"HOLDER_PROFIT_QOQ":0,"ROE_YEARLY":38.134367224119,"ROIC_YEARLY":4.328058990328,"TOTAL_ASSETS":293709523.84,"TOTAL_LIABILITIES":258279533.44,"TAX_EBT":11.178318017913,"OCF_SALES":-5.479351032448,"TOTAL_PARENT_EQUITY":33103139.84,"DEBT_ASSET_RATIO":87.9370645062,"OPERATE_PROFIT":9184381.44,"PRETAX_PROFIT":7554355.84,"NETCASH_OPERATE":-5223111.68,"NETCASH_INVEST":138837.76,"NETCASH_FINANCE":11162380.16,"END_CASH":16950508.8,"DIVI_RATIO":null,"DIVIDEND_RATE":null,"CURRENT_RATIO":0.603599035997,"COMMON_ACS":30000000000,"CURRENTDEBT_DEBT":97.971945415018,"ISSUED_COMMON_SHARES":1114069159,"HK_COMMON_SHARES":1114069159,"PER_SHARES":6000,"TOTAL_MARKET_CAP":868973944.02,"HKSK_MARKET_CAP":868973944.02,"PE_TTM":-11.918283167423,"PB_TTM":3.21096543959,"REPORT_DATE_SQ":"2019-06-30 00:00:00","REPORT_TYPE_SQ":"2019年中报","OPERATE_INCOME_SQ":79564498.08,"DPS_HKD":null,"OPERATE_INCOME_QOQ_SQ":0,"NET_PROFIT_RATIO_SQ":0.5124251769,"HOLDER_PROFIT_SQ":407708.52,"HOLDER_PROFIT_QOQ_SQ":0,"ROE_AVG_SQ":1.91286315834,"PE_TTM_SQ":-15.139265303626,"PB_TTM_SQ":1.08289157906,"ROA_SQ":0.179708093623,"START_DATE":"2020-04-01 00:00:00","FISCAL_YEAR":"3-31","CURRENCY":"HKD","IS_CNY_CODE":0,"DPS_HKD_LY":null,"ORG_TYPE":"一般企业","PREMIUM_INCOME":null,"PREMIUM_INCOME_YOY":null,"NET_INTEREST_INCOME":null,"NET_INTEREST_INCOME_YOY":null,"FEE_COMMISSION_INCOME":null,"FEE_COMMISSION_INCOME_YOY":null,"ACCOUNTS_RECE_TDAYS":0.988315681585,"INVENTORY_TDAYS":2.564260231459,"CURRENT_ASSETS_TDAYS":0.677913142379,"TOTAL_ASSETS_TDAYS":0.336489473072,"PREMIUM_EXPENSE":null,"LOAN_DEPOSIT":null,"LOAN_EQUITY":null,"LOAN_ASSETS":null,"DEPOSIT_EQUITY":null,"DEPOSIT_ASSETS":null,"EQUITY_MULTIPLIER":8.289856150802,"EQUITY_RATIO":7.802266935655}],"count":46},"success":true,"message":"ok","code":0}