{"version":"6c12439eb23f95f3809712800d7de03c","result":{"pages":5,"data":[{"SECUCODE":"00929.HK","SECURITY_CODE":"00929","SECURITY_NAME_ABBR":"国际精密","ORG_CODE":"10009170","STD_REPORT_DATE":"2024-06-30 00:00:00","REPORT_DATE":"2024-06-30 00:00:00","DATE_TYPE_CODE":"002","REPORT_TYPE":"2024年中报","PER_NETCASH_OPERATE":0.020100131343,"PER_OI":0.435542455074,"BPS":1.55913320525,"BASIC_EPS":0.00182536,"DILUTED_EPS":0.00182536,"OPERATE_INCOME":458301349.32,"OPERATE_INCOME_YOY":19.6273593783,"GROSS_PROFIT":125396755.92,"GROSS_PROFIT_YOY":41.060910358017,"HOLDER_PROFIT":2170353.04,"HOLDER_PROFIT_YOY":290.3923138511,"GROSS_PROFIT_RATIO":27.361201555714,"EPS_TTM":0.008037464068,"OPERATE_INCOME_QOQ":8.753160827609,"NET_PROFIT_RATIO":2.5267400712,"ROE_AVG":0.130997775572,"GROSS_PROFIT_QOQ":18.076426677748,"ROA":0.094769277857,"HOLDER_PROFIT_QOQ":64.684539631105,"ROE_YEARLY":0.261995551144,"ROIC_YEARLY":0.270817763163,"TOTAL_ASSETS":2255850164.36,"TOTAL_LIABILITIES":484064480.36,"TAX_EBT":24.940842404165,"OCF_SALES":4.614964880942,"TOTAL_PARENT_EQUITY":1640604362.24,"DEBT_ASSET_RATIO":21.4581840588,"OPERATE_PROFIT":24061895.52,"PRETAX_PROFIT":15427942.72,"NETCASH_OPERATE":21150446.32,"NETCASH_INVEST":-232074445.04,"NETCASH_FINANCE":100454124.2,"END_CASH":508257801.8,"DIVI_RATIO":null,"DIVIDEND_RATE":null,"CURRENT_RATIO":4.115813794336,"COMMON_ACS":2000000000,"CURRENTDEBT_DEBT":62.264577838028,"ISSUED_COMMON_SHARES":1052254135,"HK_COMMON_SHARES":1052254135,"PER_SHARES":5000,"TOTAL_MARKET_CAP":505081984.8,"HKSK_MARKET_CAP":505081984.8,"PE_TTM":54.344952098128,"PB_TTM":0.280980738865,"REPORT_DATE_SQ":"2023-06-30 00:00:00","REPORT_TYPE_SQ":"2023年中报","OPERATE_INCOME_SQ":387011246.78,"DPS_HKD":null,"OPERATE_INCOME_QOQ_SQ":-5.004124589059,"NET_PROFIT_RATIO_SQ":1.9608777376,"HOLDER_PROFIT_SQ":-1151553.02,"HOLDER_PROFIT_QOQ_SQ":-141.28226054551,"ROE_AVG_SQ":-0.068715231482,"PE_TTM_SQ":-117.264576708767,"PB_TTM_SQ":0.263814084821,"ROA_SQ":-0.055080746876,"START_DATE":"2024-01-01 00:00:00","FISCAL_YEAR":"12-31","CURRENCY":"HKD","IS_CNY_CODE":0,"DPS_HKD_LY":null,"ORG_TYPE":"一般企业","PREMIUM_INCOME":null,"PREMIUM_INCOME_YOY":null,"NET_INTEREST_INCOME":null,"NET_INTEREST_INCOME_YOY":null,"FEE_COMMISSION_INCOME":null,"FEE_COMMISSION_INCOME_YOY":null,"ACCOUNTS_RECE_TDAYS":1.466402481048,"INVENTORY_TDAYS":1.129903862685,"CURRENT_ASSETS_TDAYS":0.355684013985,"TOTAL_ASSETS_TDAYS":0.200118999606,"PREMIUM_EXPENSE":null,"LOAN_DEPOSIT":null,"LOAN_EQUITY":null,"LOAN_ASSETS":null,"DEPOSIT_EQUITY":null,"DEPOSIT_ASSETS":null,"EQUITY_MULTIPLIER":1.273207129243,"EQUITY_RATIO":0.295052537651},{"SECUCODE":"00929.HK","SECURITY_CODE":"00929","SECURITY_NAME_ABBR":"国际精密","ORG_CODE":"10009170","STD_REPORT_DATE":"2023-12-31 00:00:00","REPORT_DATE":"2023-12-31 00:00:00","DATE_TYPE_CODE":"001","REPORT_TYPE":"2023年年报","PER_NETCASH_OPERATE":0.127120915823,"PER_OI":0.774004864576,"BPS":1.578636356853,"BASIC_EPS":0.004893588,"DILUTED_EPS":0.004893588,"OPERATE_INCOME":814449819.26,"OPERATE_INCOME_YOY":-6.6315452655,"GROSS_PROFIT":201927565.28,"GROSS_PROFIT_YOY":-17.554681445801,"HOLDER_PROFIT":5135548.74,"HOLDER_PROFIT_YOY":-34.8096169332,"GROSS_PROFIT_RATIO":24.793125433249,"EPS_TTM":0.00488052132,"OPERATE_INCOME_QOQ":-0.288255156182,"NET_PROFIT_RATIO":1.7407839703,"ROE_AVG":0.308538966996,"GROSS_PROFIT_QOQ":-7.254112981292,"ROA":0.232096577077,"HOLDER_PROFIT_QOQ":260.203115095754,"ROE_YEARLY":0.308538966996,"ROIC_YEARLY":0.345863009686,"TOTAL_ASSETS":2307985563.94,"TOTAL_LIABILITIES":527997302.14,"TAX_EBT":46.736799101215,"OCF_SALES":16.423787710032,"TOTAL_PARENT_EQUITY":1661126634.16,"DEBT_ASSET_RATIO":22.8769759391,"OPERATE_PROFIT":37852809.4,"PRETAX_PROFIT":26618400.06,"NETCASH_OPERATE":133763509.32,"NETCASH_INVEST":-122321575.6,"NETCASH_FINANCE":-46286998.94,"END_CASH":611154768,"DIVI_RATIO":null,"DIVIDEND_RATE":null,"CURRENT_RATIO":3.426582459162,"COMMON_ACS":2000000000,"CURRENTDEBT_DEBT":73.348757459619,"ISSUED_COMMON_SHARES":1052254135,"HK_COMMON_SHARES":1052254135,"PER_SHARES":5000,"TOTAL_MARKET_CAP":473514360.75,"HKSK_MARKET_CAP":473514360.75,"PE_TTM":50.948392591995,"PB_TTM":0.263419442686,"REPORT_DATE_SQ":"2022-12-31 00:00:00","REPORT_TYPE_SQ":"2022年年报","OPERATE_INCOME_SQ":859831330.82,"DPS_HKD":null,"OPERATE_INCOME_QOQ_SQ":2.168317928114,"NET_PROFIT_RATIO_SQ":2.8819841964,"HOLDER_PROFIT_SQ":7765196.11,"HOLDER_PROFIT_QOQ_SQ":-84.853849473072,"ROE_AVG_SQ":0.451964770352,"PE_TTM_SQ":-117.264576708767,"PB_TTM_SQ":0.263814084821,"ROA_SQ":0.362778424512,"START_DATE":"2023-01-01 00:00:00","FISCAL_YEAR":"12-31","CURRENCY":"HKD","IS_CNY_CODE":0,"DPS_HKD_LY":null,"ORG_TYPE":"一般企业","PREMIUM_INCOME":null,"PREMIUM_INCOME_YOY":null,"NET_INTEREST_INCOME":null,"NET_INTEREST_INCOME_YOY":null,"FEE_COMMISSION_INCOME":null,"FEE_COMMISSION_INCOME_YOY":null,"ACCOUNTS_RECE_TDAYS":2.599560344204,"INVENTORY_TDAYS":2.060456318389,"CURRENT_ASSETS_TDAYS":0.614241304519,"TOTAL_ASSETS_TDAYS":0.368083382753,"PREMIUM_EXPENSE":null,"LOAN_DEPOSIT":null,"LOAN_EQUITY":null,"LOAN_ASSETS":null,"DEPOSIT_EQUITY":null,"DEPOSIT_ASSETS":null,"EQUITY_MULTIPLIER":1.296629653954,"EQUITY_RATIO":0.317854937295},{"SECUCODE":"00929.HK","SECURITY_CODE":"00929","SECURITY_NAME_ABBR":"国际精密","ORG_CODE":"10009170","STD_REPORT_DATE":"2023-06-30 00:00:00","REPORT_DATE":"2023-06-30 00:00:00","DATE_TYPE_CODE":"002","REPORT_TYPE":"2023年中报","PER_NETCASH_OPERATE":0.034888339631,"PER_OI":0.367792564464,"BPS":1.572664326399,"BASIC_EPS":-0.00092198,"DILUTED_EPS":-0.00092198,"OPERATE_INCOME":387011246.78,"OPERATE_INCOME_YOY":-16.5247774218,"GROSS_PROFIT":88895467.64,"GROSS_PROFIT_YOY":-23.430119052121,"HOLDER_PROFIT":-1151553.02,"HOLDER_PROFIT_YOY":-110.877895837,"GROSS_PROFIT_RATIO":22.969737541125,"EPS_TTM":-0.003046458439,"OPERATE_INCOME_QOQ":-5.004124589059,"NET_PROFIT_RATIO":1.9608777376,"ROE_AVG":-0.068715231482,"GROSS_PROFIT_QOQ":-11.106226697073,"ROA":-0.055080746876,"HOLDER_PROFIT_QOQ":-141.28226054551,"ROE_YEARLY":-0.137430462964,"ROIC_YEARLY":-0.169053126535,"TOTAL_ASSETS":2027134376.5,"TOTAL_LIABILITIES":304439639.96,"TAX_EBT":-12.660826717766,"OCF_SALES":9.48587410455,"TOTAL_PARENT_EQUITY":1654842540.42,"DEBT_ASSET_RATIO":15.0182268866,"OPERATE_PROFIT":11323758.36,"PRETAX_PROFIT":6735985.88,"NETCASH_OPERATE":36711399.64,"NETCASH_INVEST":-32706318.52,"NETCASH_FINANCE":-22624467.22,"END_CASH":650504832.96,"DIVI_RATIO":null,"DIVIDEND_RATE":null,"CURRENT_RATIO":7.713802305116,"COMMON_ACS":2000000000,"CURRENTDEBT_DEBT":53.340076680335,"ISSUED_COMMON_SHARES":1052254135,"HK_COMMON_SHARES":1052254135,"PER_SHARES":5000,"TOTAL_MARKET_CAP":473514360.75,"HKSK_MARKET_CAP":473514360.75,"PE_TTM":50.948392591995,"PB_TTM":0.263419442686,"REPORT_DATE_SQ":"2022-06-30 00:00:00","REPORT_TYPE_SQ":"2022年中报","OPERATE_INCOME_SQ":430038277.83,"DPS_HKD":null,"OPERATE_INCOME_QOQ_SQ":-0.143035620113,"NET_PROFIT_RATIO_SQ":3.9064783825,"HOLDER_PROFIT_SQ":9819291.58,"HOLDER_PROFIT_QOQ_SQ":-22.995842166175,"ROE_AVG_SQ":0.582207826187,"PE_TTM_SQ":-117.264576708767,"PB_TTM_SQ":0.263814084821,"ROA_SQ":0.466267484523,"START_DATE":"2023-01-01 00:00:00","FISCAL_YEAR":"12-31","CURRENCY":"HKD","IS_CNY_CODE":0,"DPS_HKD_LY":null,"ORG_TYPE":"一般企业","PREMIUM_INCOME":null,"PREMIUM_INCOME_YOY":null,"NET_INTEREST_INCOME":null,"NET_INTEREST_INCOME_YOY":null,"FEE_COMMISSION_INCOME":null,"FEE_COMMISSION_INCOME_YOY":null,"ACCOUNTS_RECE_TDAYS":1.33729333824,"INVENTORY_TDAYS":1.019570437335,"CURRENT_ASSETS_TDAYS":0.297641936384,"TOTAL_ASSETS_TDAYS":0.185114086383,"PREMIUM_EXPENSE":null,"LOAN_DEPOSIT":null,"LOAN_EQUITY":null,"LOAN_ASSETS":null,"DEPOSIT_EQUITY":null,"DEPOSIT_ASSETS":null,"EQUITY_MULTIPLIER":1.17672291759,"EQUITY_RATIO":0.18396894721},{"SECUCODE":"00929.HK","SECURITY_CODE":"00929","SECURITY_NAME_ABBR":"国际精密","ORG_CODE":"10009170","STD_REPORT_DATE":"2022-12-31 00:00:00","REPORT_DATE":"2022-12-31 00:00:00","DATE_TYPE_CODE":"001","REPORT_TYPE":"2022年年报","PER_NETCASH_OPERATE":0.003743697049,"PER_OI":0.817132765005,"BPS":1.562347496767,"BASIC_EPS":0.007414141,"DILUTED_EPS":0.007414141,"OPERATE_INCOME":859831330.82,"OPERATE_INCOME_YOY":-6.6202435371,"GROSS_PROFIT":244923021.49,"GROSS_PROFIT_YOY":12.274657699824,"HOLDER_PROFIT":7765196.11,"HOLDER_PROFIT_YOY":-89.3248354455,"GROSS_PROFIT_RATIO":28.485007781285,"EPS_TTM":0.007379582414,"OPERATE_INCOME_QOQ":2.168317928114,"NET_PROFIT_RATIO":2.8819841964,"ROE_AVG":0.451964770352,"GROSS_PROFIT_QOQ":8.208546902031,"ROA":0.362778424512,"HOLDER_PROFIT_QOQ":-84.853849473072,"ROE_YEARLY":0.451964770352,"ROIC_YEARLY":0.561492576839,"TOTAL_ASSETS":2087111955.95,"TOTAL_LIABILITIES":379102894.73,"TAX_EBT":25.74281278441,"OCF_SALES":0.458150402154,"TOTAL_PARENT_EQUITY":1643986613.78,"DEBT_ASSET_RATIO":18.163994205,"OPERATE_PROFIT":40207869.24,"PRETAX_PROFIT":33370780.66,"NETCASH_OPERATE":3939320.7,"NETCASH_INVEST":-77717169.81,"NETCASH_FINANCE":38044369.3,"END_CASH":651245639.66,"DIVI_RATIO":null,"DIVIDEND_RATE":null,"CURRENT_RATIO":5.869285060462,"COMMON_ACS":2000000000,"CURRENTDEBT_DEBT":58.690995973129,"ISSUED_COMMON_SHARES":1052254135,"HK_COMMON_SHARES":1052254135,"PER_SHARES":5000,"TOTAL_MARKET_CAP":473514360.75,"HKSK_MARKET_CAP":473514360.75,"PE_TTM":50.948392591995,"PB_TTM":0.263419442686,"REPORT_DATE_SQ":"2021-12-31 00:00:00","REPORT_TYPE_SQ":"2021年年报","OPERATE_INCOME_SQ":842788620.8,"DPS_HKD":null,"OPERATE_INCOME_QOQ_SQ":6.644904973336,"NET_PROFIT_RATIO_SQ":8.8033853055,"HOLDER_PROFIT_SQ":66578803.2,"HOLDER_PROFIT_QOQ_SQ":45.422697220032,"ROE_AVG_SQ":4.189652897095,"PE_TTM_SQ":-117.264576708767,"PB_TTM_SQ":0.263814084821,"ROA_SQ":3.439629189794,"START_DATE":"2022-01-01 00:00:00","FISCAL_YEAR":"12-31","CURRENCY":"HKD","IS_CNY_CODE":0,"DPS_HKD_LY":null,"ORG_TYPE":"一般企业","PREMIUM_INCOME":null,"PREMIUM_INCOME_YOY":null,"NET_INTEREST_INCOME":null,"NET_INTEREST_INCOME_YOY":null,"FEE_COMMISSION_INCOME":null,"FEE_COMMISSION_INCOME_YOY":null,"ACCOUNTS_RECE_TDAYS":2.657645556514,"INVENTORY_TDAYS":2.145893406569,"CURRENT_ASSETS_TDAYS":0.644338493824,"TOTAL_ASSETS_TDAYS":0.401700422143,"PREMIUM_EXPENSE":null,"LOAN_DEPOSIT":null,"LOAN_EQUITY":null,"LOAN_ASSETS":null,"DEPOSIT_EQUITY":null,"DEPOSIT_ASSETS":null,"EQUITY_MULTIPLIER":1.221956020807,"EQUITY_RATIO":0.230599745492},{"SECUCODE":"00929.HK","SECURITY_CODE":"00929","SECURITY_NAME_ABBR":"国际精密","ORG_CODE":"10009170","STD_REPORT_DATE":"2022-06-30 00:00:00","REPORT_DATE":"2022-06-30 00:00:00","DATE_TYPE_CODE":"002","REPORT_TYPE":"2022年中报","PER_NETCASH_OPERATE":0.026296430415,"PER_OI":0.408682906083,"BPS":1.57501444316,"BASIC_EPS":0.00940709,"DILUTED_EPS":0.00940709,"OPERATE_INCOME":430038277.83,"OPERATE_INCOME_YOY":-2.9743069276,"GROSS_PROFIT":116097173.64,"GROSS_PROFIT_YOY":7.597035787979,"HOLDER_PROFIT":9819291.58,"HOLDER_PROFIT_YOY":-61.9813913447,"GROSS_PROFIT_RATIO":26.996939487767,"EPS_TTM":0.048722494875,"OPERATE_INCOME_QOQ":-0.143035620113,"NET_PROFIT_RATIO":3.9064783825,"ROE_AVG":0.582207826187,"GROSS_PROFIT_QOQ":3.757661399403,"ROA":0.466267484523,"HOLDER_PROFIT_QOQ":-22.995842166175,"ROE_YEARLY":1.164415652375,"ROIC_YEARLY":1.475990568418,"TOTAL_ASSETS":2111547918.62,"TOTAL_LIABILITIES":399706398.91,"TAX_EBT":34.602836407218,"OCF_SALES":6.434433646146,"TOTAL_PARENT_EQUITY":1657315460.5,"DEBT_ASSET_RATIO":18.9295443113,"OPERATE_PROFIT":27837289.69,"PRETAX_PROFIT":25688197.22,"NETCASH_OPERATE":27670527.64,"NETCASH_INVEST":-36894606.98,"NETCASH_FINANCE":60058283.32,"END_CASH":730589672.19,"DIVI_RATIO":null,"DIVIDEND_RATE":null,"CURRENT_RATIO":5.883415526952,"COMMON_ACS":2000000000,"CURRENTDEBT_DEBT":57.397371354482,"ISSUED_COMMON_SHARES":1052254135,"HK_COMMON_SHARES":1052254135,"PER_SHARES":5000,"TOTAL_MARKET_CAP":473514360.75,"HKSK_MARKET_CAP":473514360.75,"PE_TTM":50.948392591995,"PB_TTM":0.263419442686,"REPORT_DATE_SQ":"2021-06-30 00:00:00","REPORT_TYPE_SQ":"2021年中报","OPERATE_INCOME_SQ":431243765.76,"DPS_HKD":null,"OPERATE_INCOME_QOQ_SQ":18.298392010072,"NET_PROFIT_RATIO_SQ":6.1816960978,"HOLDER_PROFIT_SQ":25129648.08,"HOLDER_PROFIT_QOQ_SQ":98.457897240323,"ROE_AVG_SQ":1.588250699701,"PE_TTM_SQ":-117.264576708767,"PB_TTM_SQ":0.263814084821,"ROA_SQ":1.304040318555,"START_DATE":"2022-01-01 00:00:00","FISCAL_YEAR":"12-31","CURRENCY":"HKD","IS_CNY_CODE":0,"DPS_HKD_LY":null,"ORG_TYPE":"一般企业","PREMIUM_INCOME":null,"PREMIUM_INCOME_YOY":null,"NET_INTEREST_INCOME":null,"NET_INTEREST_INCOME_YOY":null,"FEE_COMMISSION_INCOME":null,"FEE_COMMISSION_INCOME_YOY":null,"ACCOUNTS_RECE_TDAYS":1.60303547605,"INVENTORY_TDAYS":1.112506496675,"CURRENT_ASSETS_TDAYS":0.323989307245,"TOTAL_ASSETS_TDAYS":0.204202985947,"PREMIUM_EXPENSE":null,"LOAN_DEPOSIT":null,"LOAN_EQUITY":null,"LOAN_ASSETS":null,"DEPOSIT_EQUITY":null,"DEPOSIT_ASSETS":null,"EQUITY_MULTIPLIER":1.23349497854,"EQUITY_RATIO":0.241177016951},{"SECUCODE":"00929.HK","SECURITY_CODE":"00929","SECURITY_NAME_ABBR":"国际精密","ORG_CODE":"10009170","STD_REPORT_DATE":"2021-12-31 00:00:00","REPORT_DATE":"2021-12-31 00:00:00","DATE_TYPE_CODE":"001","REPORT_TYPE":"2021年年报","PER_NETCASH_OPERATE":0.064967961756,"PER_OI":0.80093638292,"BPS":1.55892805268,"BASIC_EPS":0.06328224,"DILUTED_EPS":0.06328224,"OPERATE_INCOME":842788620.8,"OPERATE_INCOME_YOY":29.8686834708,"GROSS_PROFIT":218146308.8,"GROSS_PROFIT_YOY":42.048669211282,"HOLDER_PROFIT":66578803.2,"HOLDER_PROFIT_YOY":197.088653776,"GROSS_PROFIT_RATIO":25.883869741019,"EPS_TTM":0.063272550789,"OPERATE_INCOME_QOQ":6.644904973336,"NET_PROFIT_RATIO":8.8033853055,"ROE_AVG":4.189652897095,"GROSS_PROFIT_QOQ":10.451472739471,"ROA":3.439629189794,"HOLDER_PROFIT_QOQ":45.422697220032,"ROE_YEARLY":4.189652897095,"ROIC_YEARLY":5.585190931266,"TOTAL_ASSETS":2008321571.2,"TOTAL_LIABILITIES":323002691.2,"TAX_EBT":22.823877601354,"OCF_SALES":8.111500880862,"TOTAL_PARENT_EQUITY":1640388489.6,"DEBT_ASSET_RATIO":16.0698900476,"OPERATE_PROFIT":100626120,"PRETAX_PROFIT":96135860.8,"NETCASH_OPERATE":67401308.8,"NETCASH_INVEST":-129288723.2,"NETCASH_FINANCE":-13224680,"END_CASH":687097140.8,"DIVI_RATIO":null,"DIVIDEND_RATE":null,"CURRENT_RATIO":4.209065730963,"COMMON_ACS":2000000000,"CURRENTDEBT_DEBT":91.759774415155,"ISSUED_COMMON_SHARES":1052254135,"HK_COMMON_SHARES":1052254135,"PER_SHARES":5000,"TOTAL_MARKET_CAP":473514360.75,"HKSK_MARKET_CAP":473514360.75,"PE_TTM":50.948392591995,"PB_TTM":0.263419442686,"REPORT_DATE_SQ":"2020-12-31 00:00:00","REPORT_TYPE_SQ":"2020年年报","OPERATE_INCOME_SQ":668035758.84,"DPS_HKD":null,"OPERATE_INCOME_QOQ_SQ":-1.947175049843,"NET_PROFIT_RATIO_SQ":3.6585442675,"HOLDER_PROFIT_SQ":23069352.4,"HOLDER_PROFIT_QOQ_SQ":-6.207232046614,"ROE_AVG_SQ":1.523582313883,"PE_TTM_SQ":-117.264576708767,"PB_TTM_SQ":0.263814084821,"ROA_SQ":1.250025937696,"START_DATE":"2021-01-01 00:00:00","FISCAL_YEAR":"12-31","CURRENCY":"HKD","IS_CNY_CODE":0,"DPS_HKD_LY":null,"ORG_TYPE":"一般企业","PREMIUM_INCOME":null,"PREMIUM_INCOME_YOY":null,"NET_INTEREST_INCOME":null,"NET_INTEREST_INCOME_YOY":null,"FEE_COMMISSION_INCOME":null,"FEE_COMMISSION_INCOME_YOY":null,"ACCOUNTS_RECE_TDAYS":3.07625367257,"INVENTORY_TDAYS":2.85511148648,"CURRENT_ASSETS_TDAYS":0.690364903374,"TOTAL_ASSETS_TDAYS":0.43540589521,"PREMIUM_EXPENSE":null,"LOAN_DEPOSIT":null,"LOAN_EQUITY":null,"LOAN_ASSETS":null,"DEPOSIT_EQUITY":null,"DEPOSIT_ASSETS":null,"EQUITY_MULTIPLIER":1.191467520497,"EQUITY_RATIO":0.196906216575},{"SECUCODE":"00929.HK","SECURITY_CODE":"00929","SECURITY_NAME_ABBR":"国际精密","ORG_CODE":"10009170","STD_REPORT_DATE":"2021-06-30 00:00:00","REPORT_DATE":"2021-06-30 00:00:00","DATE_TYPE_CODE":"002","REPORT_TYPE":"2021年中报","PER_NETCASH_OPERATE":0.057067534774,"PER_OI":0.409828530405,"BPS":1.519924454904,"BASIC_EPS":0.02413032,"DILUTED_EPS":0.02413032,"OPERATE_INCOME":431243765.76,"OPERATE_INCOME_YOY":53.2052760091,"GROSS_PROFIT":107899974,"GROSS_PROFIT_YOY":68.679921261057,"HOLDER_PROFIT":25129648.08,"HOLDER_PROFIT_YOY":1041.8147448015,"GROSS_PROFIT_RATIO":25.02064552976,"EPS_TTM":0.04350940534,"OPERATE_INCOME_QOQ":18.298392010072,"NET_PROFIT_RATIO":6.1816960978,"ROE_AVG":1.588250699701,"GROSS_PROFIT_QOQ":28.607311145901,"ROA":1.304040318555,"HOLDER_PROFIT_QOQ":98.457897240323,"ROE_YEARLY":3.176501399402,"ROIC_YEARLY":4.227870473257,"TOTAL_ASSETS":1957846796.4,"TOTAL_LIABILITIES":344179074.96,"TAX_EBT":25.882570675057,"OCF_SALES":13.924734502346,"TOTAL_PARENT_EQUITY":1599346792.56,"DEBT_ASSET_RATIO":17.5794692206,"OPERATE_PROFIT":39157684.8,"PRETAX_PROFIT":35967490.08,"NETCASH_OPERATE":60049549.44,"NETCASH_INVEST":-110034259.2,"NETCASH_FINANCE":-12174162.48,"END_CASH":693772494.48,"DIVI_RATIO":null,"DIVIDEND_RATE":null,"CURRENT_RATIO":3.846819058111,"COMMON_ACS":2000000000,"CURRENTDEBT_DEBT":92.17139665939,"ISSUED_COMMON_SHARES":1052254135,"HK_COMMON_SHARES":1052254135,"PER_SHARES":5000,"TOTAL_MARKET_CAP":473514360.75,"HKSK_MARKET_CAP":473514360.75,"PE_TTM":50.948392591995,"PB_TTM":0.263419442686,"REPORT_DATE_SQ":"2020-06-30 00:00:00","REPORT_TYPE_SQ":"2020年中报","OPERATE_INCOME_SQ":309003963.84,"DPS_HKD":null,"OPERATE_INCOME_QOQ_SQ":-6.354362302206,"NET_PROFIT_RATIO_SQ":0.6461987785,"HOLDER_PROFIT_SQ":2416048.8,"HOLDER_PROFIT_QOQ_SQ":-31.942660287676,"ROE_AVG_SQ":0.156837631544,"PE_TTM_SQ":-117.264576708767,"PB_TTM_SQ":0.263814084821,"ROA_SQ":0.127911281316,"START_DATE":"2021-01-01 00:00:00","FISCAL_YEAR":"12-31","CURRENCY":"HKD","IS_CNY_CODE":0,"DPS_HKD_LY":null,"ORG_TYPE":"一般企业","PREMIUM_INCOME":null,"PREMIUM_INCOME_YOY":null,"NET_INTEREST_INCOME":null,"NET_INTEREST_INCOME_YOY":null,"FEE_COMMISSION_INCOME":null,"FEE_COMMISSION_INCOME_YOY":null,"ACCOUNTS_RECE_TDAYS":1.744081060572,"INVENTORY_TDAYS":1.579431465314,"CURRENT_ASSETS_TDAYS":0.354123527665,"TOTAL_ASSETS_TDAYS":0.223783180682,"PREMIUM_EXPENSE":null,"LOAN_DEPOSIT":null,"LOAN_EQUITY":null,"LOAN_ASSETS":null,"DEPOSIT_EQUITY":null,"DEPOSIT_ASSETS":null,"EQUITY_MULTIPLIER":1.213289929759,"EQUITY_RATIO":0.21519977816},{"SECUCODE":"00929.HK","SECURITY_CODE":"00929","SECURITY_NAME_ABBR":"国际精密","ORG_CODE":"10009170","STD_REPORT_DATE":"2020-12-31 00:00:00","REPORT_DATE":"2020-12-31 00:00:00","DATE_TYPE_CODE":"001","REPORT_TYPE":"2020年年报","PER_NETCASH_OPERATE":0.129366898235,"PER_OI":0.634861614338,"BPS":1.504464080628,"BASIC_EPS":0.02188264,"DILUTED_EPS":0.02188264,"OPERATE_INCOME":668035758.84,"OPERATE_INCOME_YOY":-2.2711798044,"GROSS_PROFIT":153571525.88,"GROSS_PROFIT_YOY":-5.244690348495,"HOLDER_PROFIT":23069352.4,"HOLDER_PROFIT_YOY":-32.0609740984,"GROSS_PROFIT_RATIO":22.988518780292,"EPS_TTM":0.021923746016,"OPERATE_INCOME_QOQ":-1.947175049843,"NET_PROFIT_RATIO":3.6585442675,"ROE_AVG":1.523582313883,"GROSS_PROFIT_QOQ":2.56246651617,"ROA":1.250025937696,"HOLDER_PROFIT_QOQ":-6.207232046614,"ROE_YEARLY":1.523582313883,"ROIC_YEARLY":2.095583372643,"TOTAL_ASSETS":1918061369.48,"TOTAL_LIABILITIES":335530727.32,"TAX_EBT":31.192095348672,"OCF_SALES":20.37718068212,"TOTAL_PARENT_EQUITY":1583078549.8,"DEBT_ASSET_RATIO":17.4932216799,"OPERATE_PROFIT":43637350.72,"PRETAX_PROFIT":35519732.92,"NETCASH_OPERATE":136126853.6,"NETCASH_INVEST":-43579277.56,"NETCASH_FINANCE":-56774509.48,"END_CASH":777882403.44,"DIVI_RATIO":null,"DIVIDEND_RATE":null,"CURRENT_RATIO":6.417726803331,"COMMON_ACS":2000000000,"CURRENTDEBT_DEBT":57.082046741233,"ISSUED_COMMON_SHARES":1052254135,"HK_COMMON_SHARES":1052254135,"PER_SHARES":5000,"TOTAL_MARKET_CAP":473514360.75,"HKSK_MARKET_CAP":473514360.75,"PE_TTM":50.948392591995,"PB_TTM":0.263419442686,"REPORT_DATE_SQ":"2019-12-31 00:00:00","REPORT_TYPE_SQ":"2019年年报","OPERATE_INCOME_SQ":727531913.06,"DPS_HKD":null,"OPERATE_INCOME_QOQ_SQ":-6.33814618771,"NET_PROFIT_RATIO_SQ":5.0618276558,"HOLDER_PROFIT_SQ":36140244.1,"HOLDER_PROFIT_QOQ_SQ":-28.099236985662,"ROE_AVG_SQ":2.365766430334,"PE_TTM_SQ":-117.264576708767,"PB_TTM_SQ":0.263814084821,"ROA_SQ":1.8498870214,"START_DATE":"2020-01-01 00:00:00","FISCAL_YEAR":"12-31","CURRENCY":"HKD","IS_CNY_CODE":0,"DPS_HKD_LY":0.005,"ORG_TYPE":"一般企业","PREMIUM_INCOME":null,"PREMIUM_INCOME_YOY":null,"NET_INTEREST_INCOME":null,"NET_INTEREST_INCOME_YOY":null,"FEE_COMMISSION_INCOME":null,"FEE_COMMISSION_INCOME_YOY":null,"ACCOUNTS_RECE_TDAYS":2.704447495835,"INVENTORY_TDAYS":2.642429639492,"CURRENT_ASSETS_TDAYS":0.562003875884,"TOTAL_ASSETS_TDAYS":0.361978962989,"PREMIUM_EXPENSE":null,"LOAN_DEPOSIT":null,"LOAN_EQUITY":null,"LOAN_ASSETS":null,"DEPOSIT_EQUITY":null,"DEPOSIT_ASSETS":null,"EQUITY_MULTIPLIER":1.21202163066,"EQUITY_RATIO":0.211948249417},{"SECUCODE":"00929.HK","SECURITY_CODE":"00929","SECURITY_NAME_ABBR":"国际精密","ORG_CODE":"10009170","STD_REPORT_DATE":"2020-06-30 00:00:00","REPORT_DATE":"2020-06-30 00:00:00","DATE_TYPE_CODE":"002","REPORT_TYPE":"2020年中报","PER_NETCASH_OPERATE":0.096723128277,"PER_OI":0.293659063492,"BPS":1.437331798026,"BASIC_EPS":0.00274032,"DILUTED_EPS":0.00274032,"OPERATE_INCOME":309003963.84,"OPERATE_INCOME_YOY":-16.2307995176,"GROSS_PROFIT":63967289.76,"GROSS_PROFIT_YOY":-16.16822375606,"HOLDER_PROFIT":2416048.8,"HOLDER_PROFIT_YOY":-83.3333333333,"GROSS_PROFIT_RATIO":20.701122718646,"EPS_TTM":0.02337466576,"OPERATE_INCOME_QOQ":-6.354362302206,"NET_PROFIT_RATIO":0.6461987785,"ROE_AVG":0.156837631544,"GROSS_PROFIT_QOQ":-7.612099367203,"ROA":0.127911281316,"HOLDER_PROFIT_QOQ":-31.942660287676,"ROE_YEARLY":0.313675263088,"ROIC_YEARLY":0.434355464524,"TOTAL_ASSETS":1853485766.88,"TOTAL_LIABILITIES":342526298.4,"TAX_EBT":37.932992617831,"OCF_SALES":32.937218803025,"TOTAL_PARENT_EQUITY":1512438327.84,"DEBT_ASSET_RATIO":18.4801148474,"OPERATE_PROFIT":8874069.6,"PRETAX_PROFIT":3217135.68,"NETCASH_OPERATE":101777311.68,"NETCASH_INVEST":-15539441.28,"NETCASH_FINANCE":-25178973.6,"END_CASH":781510947.36,"DIVI_RATIO":null,"DIVIDEND_RATE":null,"CURRENT_RATIO":7.234866262521,"COMMON_ACS":2000000000,"CURRENTDEBT_DEBT":49.093163726549,"ISSUED_COMMON_SHARES":1052254135,"HK_COMMON_SHARES":1052254135,"PER_SHARES":5000,"TOTAL_MARKET_CAP":473514360.75,"HKSK_MARKET_CAP":473514360.75,"PE_TTM":50.948392591995,"PB_TTM":0.263419442686,"REPORT_DATE_SQ":"2019-06-30 00:00:00","REPORT_TYPE_SQ":"2019年中报","OPERATE_INCOME_SQ":355233977.46,"DPS_HKD":null,"OPERATE_INCOME_QOQ_SQ":-6.037363748086,"NET_PROFIT_RATIO_SQ":3.8937080115,"HOLDER_PROFIT_SQ":13960204.2,"HOLDER_PROFIT_QOQ_SQ":-32.770053257009,"ROE_AVG_SQ":0.931385034691,"PE_TTM_SQ":-117.264576708767,"PB_TTM_SQ":0.263814084821,"ROA_SQ":0.727833079945,"START_DATE":"2020-01-01 00:00:00","FISCAL_YEAR":"12-31","CURRENCY":"HKD","IS_CNY_CODE":0,"DPS_HKD_LY":0.005,"ORG_TYPE":"一般企业","PREMIUM_INCOME":null,"PREMIUM_INCOME_YOY":null,"NET_INTEREST_INCOME":null,"NET_INTEREST_INCOME_YOY":null,"FEE_COMMISSION_INCOME":null,"FEE_COMMISSION_INCOME_YOY":null,"ACCOUNTS_RECE_TDAYS":1.451874360245,"INVENTORY_TDAYS":1.113926941587,"CURRENT_ASSETS_TDAYS":0.250946838685,"TOTAL_ASSETS_TDAYS":0.163593934636,"PREMIUM_EXPENSE":null,"LOAN_DEPOSIT":null,"LOAN_EQUITY":null,"LOAN_ASSETS":null,"DEPOSIT_EQUITY":null,"DEPOSIT_ASSETS":null,"EQUITY_MULTIPLIER":1.226694564312,"EQUITY_RATIO":0.226472902792}],"count":44},"success":true,"message":"ok","code":0}