{"version":"6bbdd7f3e33ecbb15fb727755295b737","result":{"pages":9,"data":[{"SECUCODE":"00921.HK","SECURITY_CODE":"00921","SECURITY_NAME_ABBR":"海信家电","ORG_CODE":"10005788","STD_REPORT_DATE":"2024-06-30 00:00:00","REPORT_DATE":"2024-06-30 00:00:00","DATE_TYPE_CODE":"002","REPORT_TYPE":"2024年中报","PER_NETCASH_OPERATE":1.513857323843,"PER_OI":35.06546825333,"BPS":10.217576189466,"BASIC_EPS":1.48,"DILUTED_EPS":1.48,"OPERATE_INCOME":48641673374.79,"OPERATE_INCOME_YOY":13.2677463445,"GROSS_PROFIT":10349997973.74,"GROSS_PROFIT_YOY":11.941968300758,"HOLDER_PROFIT":2015831383.14,"HOLDER_PROFIT_YOY":34.60747587,"GROSS_PROFIT_RATIO":21.278046694636,"EPS_TTM":2.419024182446,"OPERATE_INCOME_QOQ":6.656174252718,"NET_PROFIT_RATIO":6.2295404956,"ROE_AVG":14.5327871657,"GROSS_PROFIT_QOQ":5.840739734329,"ROA":2.949964046495,"HOLDER_PROFIT_QOQ":18.266115749906,"ROE_YEARLY":29.065574331401,"ROIC_YEARLY":6.960588038164,"TOTAL_ASSETS":70721704555.81,"TOTAL_LIABILITIES":51709057700.84,"TAX_EBT":13.408116455866,"OCF_SALES":4.317231165732,"TOTAL_PARENT_EQUITY":14161666912.48,"DEBT_ASSET_RATIO":73.1162491425,"OPERATE_PROFIT":3394332909.32,"PRETAX_PROFIT":3499349611.74,"NETCASH_OPERATE":2099973482.47,"NETCASH_INVEST":493052678.68,"NETCASH_FINANCE":-2612982815.1,"END_CASH":2749716134.21,"DIVI_RATIO":0.407215382884,"DIVIDEND_RATE":4.133091254753,"CURRENT_RATIO":1.01330196468,"COMMON_ACS":null,"CURRENTDEBT_DEBT":95.282910789225,"ISSUED_COMMON_SHARES":1386010405,"HK_COMMON_SHARES":459589808,"PER_SHARES":1000,"TOTAL_MARKET_CAP":36452073651.5,"HKSK_MARKET_CAP":12087211950.4,"PE_TTM":9.811215602593,"PB_TTM":2.349234647719,"REPORT_DATE_SQ":"2023-06-30 00:00:00","REPORT_TYPE_SQ":"2023年中报","OPERATE_INCOME_SQ":42943975619.38,"DPS_HKD":1.087003,"OPERATE_INCOME_QOQ_SQ":6.256125576904,"NET_PROFIT_RATIO_SQ":5.790049305,"HOLDER_PROFIT_SQ":1497562724.59,"HOLDER_PROFIT_QOQ_SQ":61.141945938232,"ROE_AVG_SQ":12.596531601176,"PE_TTM_SQ":11.52282096244,"PB_TTM_SQ":2.171194484853,"ROA_SQ":2.510790997913,"START_DATE":"2024-01-01 00:00:00","FISCAL_YEAR":"12-31","CURRENCY":"HKD","IS_CNY_CODE":0,"DPS_HKD_LY":1.087003,"ORG_TYPE":"一般企业","PREMIUM_INCOME":null,"PREMIUM_INCOME_YOY":null,"NET_INTEREST_INCOME":null,"NET_INTEREST_INCOME_YOY":null,"FEE_COMMISSION_INCOME":null,"FEE_COMMISSION_INCOME_YOY":null,"ACCOUNTS_RECE_TDAYS":2.836980840732,"INVENTORY_TDAYS":5.704126115375,"CURRENT_ASSETS_TDAYS":1.023332886417,"TOTAL_ASSETS_TDAYS":0.711821379591,"PREMIUM_EXPENSE":null,"LOAN_DEPOSIT":null,"LOAN_EQUITY":null,"LOAN_ASSETS":null,"DEPOSIT_EQUITY":null,"DEPOSIT_ASSETS":null,"EQUITY_MULTIPLIER":3.719719042557,"EQUITY_RATIO":3.651339776624},{"SECUCODE":"00921.HK","SECURITY_CODE":"00921","SECURITY_NAME_ABBR":"海信家电","ORG_CODE":"10005788","STD_REPORT_DATE":"2023-12-31 00:00:00","REPORT_DATE":"2023-12-31 00:00:00","DATE_TYPE_CODE":"001","REPORT_TYPE":"2023年年报","PER_NETCASH_OPERATE":7.645786555141,"PER_OI":61.674477842625,"BPS":9.798032133785,"BASIC_EPS":2.08,"DILUTED_EPS":2.08,"OPERATE_INCOME":85600189224.06,"OPERATE_INCOME_YOY":15.4962082971,"GROSS_PROFIT":18904072992.85,"GROSS_PROFIT_YOY":23.297898093606,"HOLDER_PROFIT":2837322754.58,"HOLDER_PROFIT_YOY":97.7272195481,"GROSS_PROFIT_RATIO":22.084148603186,"EPS_TTM":2.044275847354,"OPERATE_INCOME_QOQ":8.696047093797,"NET_PROFIT_RATIO":5.5975225842,"ROE_AVG":22.609457429145,"GROSS_PROFIT_QOQ":9.883828428046,"ROA":4.677340744247,"HOLDER_PROFIT_QOQ":22.709214891765,"ROE_YEARLY":22.609457429145,"ROIC_YEARLY":5.68572782235,"TOTAL_ASSETS":65946495555.67,"TOTAL_LIABILITIES":46550436429.03,"TAX_EBT":15.710413859645,"OCF_SALES":12.397002492101,"TOTAL_PARENT_EQUITY":13580174485.95,"DEBT_ASSET_RATIO":70.5881882529,"OPERATE_PROFIT":5479970988.94,"PRETAX_PROFIT":5684557420.82,"NETCASH_OPERATE":10611857591.35,"NETCASH_INVEST":-9557443576.97,"NETCASH_FINANCE":-621138711.21,"END_CASH":2877140400.54,"DIVI_RATIO":0.481864450893,"DIVIDEND_RATE":4.391931313131,"CURRENT_RATIO":1.02492677299,"COMMON_ACS":null,"CURRENTDEBT_DEBT":94.611556033435,"ISSUED_COMMON_SHARES":1386010405,"HK_COMMON_SHARES":459589808,"PER_SHARES":1000,"TOTAL_MARKET_CAP":34303757523.75,"HKSK_MARKET_CAP":11374847748,"PE_TTM":9.232988067079,"PB_TTM":2.210781655173,"REPORT_DATE_SQ":"2022-12-31 00:00:00","REPORT_TYPE_SQ":"2022年年报","OPERATE_INCOME_SQ":74115151039.29,"DPS_HKD":1.087003,"OPERATE_INCOME_QOQ_SQ":0.911040944571,"NET_PROFIT_RATIO_SQ":4.1411699057,"HOLDER_PROFIT_SQ":1434968215.84,"HOLDER_PROFIT_QOQ_SQ":46.802197126774,"ROE_AVG_SQ":13.127760048028,"PE_TTM_SQ":9.439849480768,"PB_TTM_SQ":1.778709327975,"ROA_SQ":2.577886316181,"START_DATE":"2023-01-01 00:00:00","FISCAL_YEAR":"12-31","CURRENCY":"HKD","IS_CNY_CODE":0,"DPS_HKD_LY":0.5627416,"ORG_TYPE":"一般企业","PREMIUM_INCOME":null,"PREMIUM_INCOME_YOY":null,"NET_INTEREST_INCOME":null,"NET_INTEREST_INCOME_YOY":null,"FEE_COMMISSION_INCOME":null,"FEE_COMMISSION_INCOME_YOY":null,"ACCOUNTS_RECE_TDAYS":6.22700306187,"INVENTORY_TDAYS":10.008842188521,"CURRENT_ASSETS_TDAYS":2.093704821731,"TOTAL_ASSETS_TDAYS":1.411123398375,"PREMIUM_EXPENSE":null,"LOAN_DEPOSIT":null,"LOAN_EQUITY":null,"LOAN_ASSETS":null,"DEPOSIT_EQUITY":null,"DEPOSIT_ASSETS":null,"EQUITY_MULTIPLIER":3.399994562044,"EQUITY_RATIO":3.427823145954},{"SECUCODE":"00921.HK","SECURITY_CODE":"00921","SECURITY_NAME_ABBR":"海信家电","ORG_CODE":"10005788","STD_REPORT_DATE":"2023-06-30 00:00:00","REPORT_DATE":"2023-06-30 00:00:00","DATE_TYPE_CODE":"002","REPORT_TYPE":"2023年中报","PER_NETCASH_OPERATE":2.7461379474,"PER_OI":30.93617907397,"BPS":8.8448171859,"BASIC_EPS":1.09,"DILUTED_EPS":1.09,"OPERATE_INCOME":42943975619.38,"OPERATE_INCOME_YOY":12.104075047,"GROSS_PROFIT":9245860271.04,"GROSS_PROFIT_YOY":25.38115843692,"HOLDER_PROFIT":1497562724.59,"HOLDER_PROFIT_YOY":141.4511424406,"GROSS_PROFIT_RATIO":21.530051975131,"EPS_TTM":1.665696943956,"OPERATE_INCOME_QOQ":6.256125576904,"NET_PROFIT_RATIO":5.790049305,"ROE_AVG":12.596531601176,"GROSS_PROFIT_QOQ":12.207501192356,"ROA":2.510790997913,"HOLDER_PROFIT_QOQ":61.141945938232,"ROE_YEARLY":25.193063202351,"ROIC_YEARLY":6.03804051195,"TOTAL_ASSETS":63914563349.11,"TOTAL_LIABILITIES":46899307012.77,"TAX_EBT":15.959583149049,"OCF_SALES":8.876784495052,"TOTAL_PARENT_EQUITY":12259008649.98,"DEBT_ASSET_RATIO":73.378123162,"OPERATE_PROFIT":2673802374.81,"PRETAX_PROFIT":2958668525.3,"NETCASH_OPERATE":3812044169.34,"NETCASH_INVEST":-4588662285.55,"NETCASH_FINANCE":944935699.25,"END_CASH":2617231520.93,"DIVI_RATIO":0.591382401363,"DIVIDEND_RATE":4.391931313131,"CURRENT_RATIO":1.019599590832,"COMMON_ACS":null,"CURRENTDEBT_DEBT":94.197887529556,"ISSUED_COMMON_SHARES":1386010405,"HK_COMMON_SHARES":459589808,"PER_SHARES":1000,"TOTAL_MARKET_CAP":34303757523.75,"HKSK_MARKET_CAP":11374847748,"PE_TTM":9.232988067079,"PB_TTM":2.210781655173,"REPORT_DATE_SQ":"2022-06-30 00:00:00","REPORT_TYPE_SQ":"2022年中报","OPERATE_INCOME_SQ":38307238698.85,"DPS_HKD":1.087003,"OPERATE_INCOME_QOQ_SQ":8.708107250269,"NET_PROFIT_RATIO_SQ":3.5583021451,"HOLDER_PROFIT_SQ":620234267.46,"HOLDER_PROFIT_QOQ_SQ":0.499616299818,"ROE_AVG_SQ":5.891134007349,"PE_TTM_SQ":9.439849480768,"PB_TTM_SQ":1.778709327975,"ROA_SQ":1.11165402973,"START_DATE":"2023-01-01 00:00:00","FISCAL_YEAR":"12-31","CURRENCY":"HKD","IS_CNY_CODE":0,"DPS_HKD_LY":0.5627416,"ORG_TYPE":"一般企业","PREMIUM_INCOME":null,"PREMIUM_INCOME_YOY":null,"NET_INTEREST_INCOME":null,"NET_INTEREST_INCOME_YOY":null,"FEE_COMMISSION_INCOME":null,"FEE_COMMISSION_INCOME_YOY":null,"ACCOUNTS_RECE_TDAYS":2.722438058648,"INVENTORY_TDAYS":5.332940901251,"CURRENT_ASSETS_TDAYS":1.05160481164,"TOTAL_ASSETS_TDAYS":0.719992195514,"PREMIUM_EXPENSE":null,"LOAN_DEPOSIT":null,"LOAN_EQUITY":null,"LOAN_ASSETS":null,"DEPOSIT_EQUITY":null,"DEPOSIT_ASSETS":null,"EQUITY_MULTIPLIER":3.75630916665,"EQUITY_RATIO":3.825701437355},{"SECUCODE":"00921.HK","SECURITY_CODE":"00921","SECURITY_NAME_ABBR":"海信家电","ORG_CODE":"10005788","STD_REPORT_DATE":"2022-12-31 00:00:00","REPORT_DATE":"2022-12-31 00:00:00","DATE_TYPE_CODE":"001","REPORT_TYPE":"2022年年报","PER_NETCASH_OPERATE":2.959057408889,"PER_OI":54.387444947392,"BPS":8.310368551339,"BASIC_EPS":1.05,"DILUTED_EPS":1.05,"OPERATE_INCOME":74115151039.29,"OPERATE_INCOME_YOY":9.6984826174,"GROSS_PROFIT":15332031839.26,"GROSS_PROFIT_YOY":15.16985987587,"HOLDER_PROFIT":1434968215.84,"HOLDER_PROFIT_YOY":47.5356448321,"GROSS_PROFIT_RATIO":20.686771360868,"EPS_TTM":1.052966655226,"OPERATE_INCOME_QOQ":0.911040944571,"NET_PROFIT_RATIO":4.1411699057,"ROE_AVG":13.127760048028,"GROSS_PROFIT_QOQ":10.320934752889,"ROA":2.577886316181,"HOLDER_PROFIT_QOQ":46.802197126774,"ROE_YEARLY":13.127760048028,"ROIC_YEARLY":3.250404140796,"TOTAL_ASSETS":55375868443.33,"TOTAL_LIABILITIES":39096785837.42,"TAX_EBT":19.729032591356,"OCF_SALES":5.440699433025,"TOTAL_PARENT_EQUITY":11518373442.25,"DEBT_ASSET_RATIO":70.6029740998,"OPERATE_PROFIT":3641645896.82,"PRETAX_PROFIT":3823809728.21,"NETCASH_OPERATE":4032382602.38,"NETCASH_INVEST":-2597645960.92,"NETCASH_FINANCE":-1778631506.86,"END_CASH":2478346075.4,"DIVI_RATIO":0.935512870964,"DIVIDEND_RATE":4.391931313131,"CURRENT_RATIO":1.007266548942,"COMMON_ACS":null,"CURRENTDEBT_DEBT":93.012613251227,"ISSUED_COMMON_SHARES":1386010405,"HK_COMMON_SHARES":459589808,"PER_SHARES":1000,"TOTAL_MARKET_CAP":34303757523.75,"HKSK_MARKET_CAP":11374847748,"PE_TTM":9.232988067079,"PB_TTM":2.210781655173,"REPORT_DATE_SQ":"2021-12-31 00:00:00","REPORT_TYPE_SQ":"2021年年报","OPERATE_INCOME_SQ":67562603666.81,"DPS_HKD":1.087003,"OPERATE_INCOME_QOQ_SQ":13.113376779275,"NET_PROFIT_RATIO_SQ":3.4676001963,"HOLDER_PROFIT_SQ":972581491.39,"HOLDER_PROFIT_QOQ_SQ":-42.483141788152,"ROE_AVG_SQ":9.667101403393,"PE_TTM_SQ":9.439849480768,"PB_TTM_SQ":1.778709327975,"ROA_SQ":1.989729230566,"START_DATE":"2022-01-01 00:00:00","FISCAL_YEAR":"12-31","CURRENCY":"HKD","IS_CNY_CODE":0,"DPS_HKD_LY":0.250662,"ORG_TYPE":"一般企业","PREMIUM_INCOME":null,"PREMIUM_INCOME_YOY":null,"NET_INTEREST_INCOME":null,"NET_INTEREST_INCOME_YOY":null,"FEE_COMMISSION_INCOME":null,"FEE_COMMISSION_INCOME_YOY":null,"ACCOUNTS_RECE_TDAYS":5.804335480261,"INVENTORY_TDAYS":7.843221444767,"CURRENT_ASSETS_TDAYS":1.941991596851,"TOTAL_ASSETS_TDAYS":1.331520323138,"PREMIUM_EXPENSE":null,"LOAN_DEPOSIT":null,"LOAN_EQUITY":null,"LOAN_ASSETS":null,"DEPOSIT_EQUITY":null,"DEPOSIT_ASSETS":null,"EQUITY_MULTIPLIER":3.401704660175,"EQUITY_RATIO":3.394297470336},{"SECUCODE":"00921.HK","SECURITY_CODE":"00921","SECURITY_NAME_ABBR":"海信家电","ORG_CODE":"10005788","STD_REPORT_DATE":"2022-06-30 00:00:00","REPORT_DATE":"2022-06-30 00:00:00","DATE_TYPE_CODE":"002","REPORT_TYPE":"2022年中报","PER_NETCASH_OPERATE":0.528373943952,"PER_OI":28.110754772878,"BPS":7.730228483905,"BASIC_EPS":0.46,"DILUTED_EPS":0.46,"OPERATE_INCOME":38307238698.85,"OPERATE_INCOME_YOY":18.1453787622,"GROSS_PROFIT":7374202301.45,"GROSS_PROFIT_YOY":8.618618255284,"HOLDER_PROFIT":620234267.46,"HOLDER_PROFIT_YOY":0.7896282649,"GROSS_PROFIT_RATIO":19.250153631333,"EPS_TTM":0.717269002668,"OPERATE_INCOME_QOQ":8.708107250269,"NET_PROFIT_RATIO":3.5583021451,"ROE_AVG":5.891134007349,"GROSS_PROFIT_QOQ":4.395290099601,"ROA":1.11165402973,"HOLDER_PROFIT_QOQ":0.499616299818,"ROE_YEARLY":11.782268014699,"ROIC_YEARLY":2.882032183526,"TOTAL_ASSETS":55639093947.5,"TOTAL_LIABILITIES":39489989084.87,"TAX_EBT":21.411660041189,"OCF_SALES":1.879614931085,"TOTAL_PARENT_EQUITY":10714177111.72,"DEBT_ASSET_RATIO":70.975255496,"OPERATE_PROFIT":1667660384.04,"PRETAX_PROFIT":1734465058.13,"NETCASH_OPERATE":720028578.27,"NETCASH_INVEST":1516440091.45,"NETCASH_FINANCE":-1235341806.65,"END_CASH":3814351610.2,"DIVI_RATIO":1.37335344898,"DIVIDEND_RATE":4.391931313131,"CURRENT_RATIO":1.071226884809,"COMMON_ACS":null,"CURRENTDEBT_DEBT":94.586093753925,"ISSUED_COMMON_SHARES":1386010405,"HK_COMMON_SHARES":459589808,"PER_SHARES":1000,"TOTAL_MARKET_CAP":34303757523.75,"HKSK_MARKET_CAP":11374847748,"PE_TTM":9.232988067079,"PB_TTM":2.210781655173,"REPORT_DATE_SQ":"2021-06-30 00:00:00","REPORT_TYPE_SQ":"2021年中报","OPERATE_INCOME_SQ":32423814710.47,"DPS_HKD":1.087003,"OPERATE_INCOME_QOQ_SQ":23.427241939734,"NET_PROFIT_RATIO_SQ":4.1058143326,"HOLDER_PROFIT_SQ":615375091.8,"HOLDER_PROFIT_QOQ_SQ":7.097903733364,"ROE_AVG_SQ":6.243648149013,"PE_TTM_SQ":9.439849480768,"PB_TTM_SQ":1.778709327975,"ROA_SQ":1.266218830287,"START_DATE":"2022-01-01 00:00:00","FISCAL_YEAR":"12-31","CURRENCY":"HKD","IS_CNY_CODE":0,"DPS_HKD_LY":0.250662,"ORG_TYPE":"一般企业","PREMIUM_INCOME":null,"PREMIUM_INCOME_YOY":null,"NET_INTEREST_INCOME":null,"NET_INTEREST_INCOME_YOY":null,"FEE_COMMISSION_INCOME":null,"FEE_COMMISSION_INCOME_YOY":null,"ACCOUNTS_RECE_TDAYS":2.76217446312,"INVENTORY_TDAYS":4.022478869854,"CURRENT_ASSETS_TDAYS":0.961137087896,"TOTAL_ASSETS_TDAYS":0.686585674181,"PREMIUM_EXPENSE":null,"LOAN_DEPOSIT":null,"LOAN_EQUITY":null,"LOAN_ASSETS":null,"DEPOSIT_EQUITY":null,"DEPOSIT_ASSETS":null,"EQUITY_MULTIPLIER":3.445336098866,"EQUITY_RATIO":3.685769674432},{"SECUCODE":"00921.HK","SECURITY_CODE":"00921","SECURITY_NAME_ABBR":"海信家电","ORG_CODE":"10005788","STD_REPORT_DATE":"2021-12-31 00:00:00","REPORT_DATE":"2021-12-31 00:00:00","DATE_TYPE_CODE":"001","REPORT_TYPE":"2021年年报","PER_NETCASH_OPERATE":3.165554010541,"PER_OI":49.579031222417,"BPS":7.461960709689,"BASIC_EPS":0.71,"DILUTED_EPS":0.71,"OPERATE_INCOME":67562603666.81,"OPERATE_INCOME_YOY":39.6127212236,"GROSS_PROFIT":13312538415.68,"GROSS_PROFIT_YOY":14.402605757355,"HOLDER_PROFIT":972581491.39,"HOLDER_PROFIT_YOY":-38.4006505618,"GROSS_PROFIT_RATIO":19.704004424299,"EPS_TTM":0.713703225023,"OPERATE_INCOME_QOQ":13.113376779275,"NET_PROFIT_RATIO":3.4676001963,"ROE_AVG":9.667101403393,"GROSS_PROFIT_QOQ":-1.978030946753,"ROA":1.989729230566,"HOLDER_PROFIT_QOQ":-42.483141788152,"ROE_YEARLY":9.667101403393,"ROIC_YEARLY":2.637489787432,"TOTAL_ASSETS":55948549486.98,"TOTAL_LIABILITIES":40357298250.2,"TAX_EBT":19.671824025442,"OCF_SALES":6.384864593946,"TOTAL_PARENT_EQUITY":10342355185.33,"DEBT_ASSET_RATIO":72.1328767596,"OPERATE_PROFIT":2973200969.08,"PRETAX_PROFIT":2916537004.54,"NETCASH_OPERATE":4313780760.27,"NETCASH_INVEST":-4423288521.06,"NETCASH_FINANCE":1474922727.52,"END_CASH":2879176794.68,"DIVI_RATIO":1.380214946665,"DIVIDEND_RATE":4.391931313131,"CURRENT_RATIO":1.044389140604,"COMMON_ACS":null,"CURRENTDEBT_DEBT":94.189857919371,"ISSUED_COMMON_SHARES":1386010405,"HK_COMMON_SHARES":459589808,"PER_SHARES":1000,"TOTAL_MARKET_CAP":34303757523.75,"HKSK_MARKET_CAP":11374847748,"PE_TTM":9.232988067079,"PB_TTM":2.210781655173,"REPORT_DATE_SQ":"2020-12-31 00:00:00","REPORT_TYPE_SQ":"2020年年报","OPERATE_INCOME_SQ":48392870703.11,"DPS_HKD":1.087003,"OPERATE_INCOME_QOQ_SQ":22.236727533051,"NET_PROFIT_RATIO_SQ":5.8811031499,"HOLDER_PROFIT_SQ":1578882732.14,"HOLDER_PROFIT_QOQ_SQ":18.071136678218,"ROE_AVG_SQ":17.06834808789,"PE_TTM_SQ":9.439849480768,"PB_TTM_SQ":1.778709327975,"ROA_SQ":4.165791131734,"START_DATE":"2021-01-01 00:00:00","FISCAL_YEAR":"12-31","CURRENCY":"HKD","IS_CNY_CODE":0,"DPS_HKD_LY":0.417117,"ORG_TYPE":"一般企业","PREMIUM_INCOME":null,"PREMIUM_INCOME_YOY":null,"NET_INTEREST_INCOME":null,"NET_INTEREST_INCOME_YOY":null,"FEE_COMMISSION_INCOME":null,"FEE_COMMISSION_INCOME_YOY":null,"ACCOUNTS_RECE_TDAYS":5.621117297677,"INVENTORY_TDAYS":8.521870736138,"CURRENT_ASSETS_TDAYS":1.932258001132,"TOTAL_ASSETS_TDAYS":1.382211039374,"PREMIUM_EXPENSE":null,"LOAN_DEPOSIT":null,"LOAN_EQUITY":null,"LOAN_ASSETS":null,"DEPOSIT_EQUITY":null,"DEPOSIT_ASSETS":null,"EQUITY_MULTIPLIER":3.588457952309,"EQUITY_RATIO":3.902138103654},{"SECUCODE":"00921.HK","SECURITY_CODE":"00921","SECURITY_NAME_ABBR":"海信家电","ORG_CODE":"10005788","STD_REPORT_DATE":"2021-06-30 00:00:00","REPORT_DATE":"2021-06-30 00:00:00","DATE_TYPE_CODE":"002","REPORT_TYPE":"2021年中报","PER_NETCASH_OPERATE":1.529748389354,"PER_OI":23.793359560386,"BPS":7.166555595829,"BASIC_EPS":0.45,"DILUTED_EPS":0.45,"OPERATE_INCOME":32423814710.47,"OPERATE_INCOME_YOY":53.7642922019,"GROSS_PROFIT":6789077618.46,"GROSS_PROFIT_YOY":40.140814043634,"HOLDER_PROFIT":615375091.8,"HOLDER_PROFIT_YOY":22.2662235231,"GROSS_PROFIT_RATIO":20.938552971276,"EPS_TTM":1.240859197132,"OPERATE_INCOME_QOQ":23.427241939734,"NET_PROFIT_RATIO":4.1058143326,"ROE_AVG":6.243648149013,"GROSS_PROFIT_QOQ":16.711189198015,"ROA":1.266218830287,"HOLDER_PROFIT_QOQ":7.097903733364,"ROE_YEARLY":12.487296298026,"ROIC_YEARLY":3.463319004876,"TOTAL_ASSETS":55387217509.54,"TOTAL_LIABILITIES":40875674359.87,"TAX_EBT":20.672172196358,"OCF_SALES":6.429308082669,"TOTAL_PARENT_EQUITY":9932920623.83,"DEBT_ASSET_RATIO":73.7998336039,"OPERATE_PROFIT":1634102576.55,"PRETAX_PROFIT":1678177341.33,"NETCASH_OPERATE":2084626939.89,"NETCASH_INVEST":541119116.1,"NETCASH_FINANCE":-411038900.06,"END_CASH":3802768453.39,"DIVI_RATIO":0.793856273892,"DIVIDEND_RATE":4.391931313131,"CURRENT_RATIO":1.042451911912,"COMMON_ACS":null,"CURRENTDEBT_DEBT":94.988842466607,"ISSUED_COMMON_SHARES":1386010405,"HK_COMMON_SHARES":459589808,"PER_SHARES":1000,"TOTAL_MARKET_CAP":34303757523.75,"HKSK_MARKET_CAP":11374847748,"PE_TTM":9.232988067079,"PB_TTM":2.210781655173,"REPORT_DATE_SQ":"2020-06-30 00:00:00","REPORT_TYPE_SQ":"2020年中报","OPERATE_INCOME_SQ":21086699809.27,"DPS_HKD":1.087003,"OPERATE_INCOME_QOQ_SQ":5.704274667563,"NET_PROFIT_RATIO_SQ":4.4636372386,"HOLDER_PROFIT_SQ":503307515.41,"HOLDER_PROFIT_QOQ_SQ":-25.447222959393,"ROE_AVG_SQ":5.782280645656,"PE_TTM_SQ":9.439849480768,"PB_TTM_SQ":1.778709327975,"ROA_SQ":1.424383337899,"START_DATE":"2021-01-01 00:00:00","FISCAL_YEAR":"12-31","CURRENCY":"HKD","IS_CNY_CODE":0,"DPS_HKD_LY":0.417117,"ORG_TYPE":"一般企业","PREMIUM_INCOME":null,"PREMIUM_INCOME_YOY":null,"NET_INTEREST_INCOME":null,"NET_INTEREST_INCOME_YOY":null,"FEE_COMMISSION_INCOME":null,"FEE_COMMISSION_INCOME_YOY":null,"ACCOUNTS_RECE_TDAYS":2.356332893427,"INVENTORY_TDAYS":4.849423420459,"CURRENT_ASSETS_TDAYS":0.917131081368,"TOTAL_ASSETS_TDAYS":0.667164551884,"PREMIUM_EXPENSE":null,"LOAN_DEPOSIT":null,"LOAN_EQUITY":null,"LOAN_ASSETS":null,"DEPOSIT_EQUITY":null,"DEPOSIT_ASSETS":null,"EQUITY_MULTIPLIER":3.81676965284,"EQUITY_RATIO":4.115171751378},{"SECUCODE":"00921.HK","SECURITY_CODE":"00921","SECURITY_NAME_ABBR":"海信家电","ORG_CODE":"10005788","STD_REPORT_DATE":"2020-12-31 00:00:00","REPORT_DATE":"2020-12-31 00:00:00","DATE_TYPE_CODE":"001","REPORT_TYPE":"2020年年报","PER_NETCASH_OPERATE":4.375575549636,"PER_OI":35.511829285977,"BPS":7.055585979118,"BASIC_EPS":1.16,"DILUTED_EPS":1.16,"OPERATE_INCOME":48392870703.11,"OPERATE_INCOME_YOY":29.2094462162,"GROSS_PROFIT":11636569226.33,"GROSS_PROFIT_YOY":44.945553550073,"HOLDER_PROFIT":1578882732.14,"HOLDER_PROFIT_YOY":-11.974688723,"GROSS_PROFIT_RATIO":24.046040371774,"EPS_TTM":1.158621367811,"OPERATE_INCOME_QOQ":22.236727533051,"NET_PROFIT_RATIO":5.8811031499,"ROE_AVG":17.06834808789,"GROSS_PROFIT_QOQ":29.102183323735,"ROA":4.165791131734,"HOLDER_PROFIT_QOQ":18.071136678218,"ROE_YEARLY":17.06834808789,"ROIC_YEARLY":5.82782465304,"TOTAL_ASSETS":41811635813.53,"TOTAL_LIABILITIES":27405116775,"TAX_EBT":18.337776301431,"OCF_SALES":12.321459180261,"TOTAL_PARENT_EQUITY":9779115580.43,"DEBT_ASSET_RATIO":65.5442348566,"OPERATE_PROFIT":3375249976.57,"PRETAX_PROFIT":3485129983.4,"NETCASH_OPERATE":5962707809.84,"NETCASH_INVEST":-3900554598.52,"NETCASH_FINANCE":-2512457690.93,"END_CASH":1617202572.26,"DIVI_RATIO":0.850203427994,"DIVIDEND_RATE":4.391931313131,"CURRENT_RATIO":1.131443453155,"COMMON_ACS":null,"CURRENTDEBT_DEBT":97.497629840295,"ISSUED_COMMON_SHARES":1386010405,"HK_COMMON_SHARES":459589808,"PER_SHARES":1000,"TOTAL_MARKET_CAP":34303757523.75,"HKSK_MARKET_CAP":11374847748,"PE_TTM":9.232988067079,"PB_TTM":2.210781655173,"REPORT_DATE_SQ":"2019-12-31 00:00:00","REPORT_TYPE_SQ":"2019年年报","OPERATE_INCOME_SQ":37453043968.74,"DPS_HKD":1.087003,"OPERATE_INCOME_QOQ_SQ":8.248562714007,"NET_PROFIT_RATIO_SQ":5.2077186414,"HOLDER_PROFIT_SQ":1793669013.19,"HOLDER_PROFIT_QOQ_SQ":16.052332760132,"ROE_AVG_SQ":22.31845152426,"PE_TTM_SQ":9.439849480768,"PB_TTM_SQ":1.778709327975,"ROA_SQ":6.426782551928,"START_DATE":"2020-01-01 00:00:00","FISCAL_YEAR":"12-31","CURRENCY":"HKD","IS_CNY_CODE":0,"DPS_HKD_LY":0.432,"ORG_TYPE":"一般企业","PREMIUM_INCOME":null,"PREMIUM_INCOME_YOY":null,"NET_INTEREST_INCOME":null,"NET_INTEREST_INCOME_YOY":null,"FEE_COMMISSION_INCOME":null,"FEE_COMMISSION_INCOME_YOY":null,"ACCOUNTS_RECE_TDAYS":4.710484132331,"INVENTORY_TDAYS":9.431696528295,"CURRENT_ASSETS_TDAYS":1.767715437447,"TOTAL_ASSETS_TDAYS":1.276818015109,"PREMIUM_EXPENSE":null,"LOAN_DEPOSIT":null,"LOAN_EQUITY":null,"LOAN_ASSETS":null,"DEPOSIT_EQUITY":null,"DEPOSIT_ASSETS":null,"EQUITY_MULTIPLIER":2.902271929931,"EQUITY_RATIO":2.80241260568},{"SECUCODE":"00921.HK","SECURITY_CODE":"00921","SECURITY_NAME_ABBR":"海信家电","ORG_CODE":"10005788","STD_REPORT_DATE":"2020-06-30 00:00:00","REPORT_DATE":"2020-06-30 00:00:00","DATE_TYPE_CODE":"002","REPORT_TYPE":"2020年中报","PER_NETCASH_OPERATE":1.864511367643,"PER_OI":15.473917396335,"BPS":6.267645745798,"BASIC_EPS":0.37,"DILUTED_EPS":0.37,"OPERATE_INCOME":21086699809.27,"OPERATE_INCOME_YOY":11.2738441231,"GROSS_PROFIT":4844468518.89,"GROSS_PROFIT_YOY":25.5288651132,"HOLDER_PROFIT":503307515.41,"HOLDER_PROFIT_YOY":-47.5582841919,"GROSS_PROFIT_RATIO":22.974047919819,"EPS_TTM":0.981290940705,"OPERATE_INCOME_QOQ":5.704274667563,"NET_PROFIT_RATIO":4.4636372386,"ROE_AVG":5.782280645656,"GROSS_PROFIT_QOQ":12.271961494725,"ROA":1.424383337899,"HOLDER_PROFIT_QOQ":-25.447222959393,"ROE_YEARLY":11.564561291313,"ROIC_YEARLY":4.000240136722,"TOTAL_ASSETS":36679569955.56,"TOTAL_LIABILITIES":24219756535.05,"TAX_EBT":21.755395567275,"OCF_SALES":12.049381678128,"TOTAL_PARENT_EQUITY":8687022218.53,"DEBT_ASSET_RATIO":66.0306447551,"OPERATE_PROFIT":1132493151.05,"PRETAX_PROFIT":1202937623.5,"NETCASH_OPERATE":2540816943.34,"NETCASH_INVEST":-1117975720.54,"NETCASH_FINANCE":-1414862522.9,"END_CASH":2072574458.19,"DIVI_RATIO":1.00384485151,"DIVIDEND_RATE":4.391931313131,"CURRENT_RATIO":1.133541520251,"COMMON_ACS":null,"CURRENTDEBT_DEBT":97.336425838978,"ISSUED_COMMON_SHARES":1386010405,"HK_COMMON_SHARES":459589808,"PER_SHARES":1000,"TOTAL_MARKET_CAP":34303757523.75,"HKSK_MARKET_CAP":11374847748,"PE_TTM":9.232988067079,"PB_TTM":2.210781655173,"REPORT_DATE_SQ":"2019-06-30 00:00:00","REPORT_TYPE_SQ":"2019年中报","OPERATE_INCOME_SQ":18950275309.93,"DPS_HKD":1.087003,"OPERATE_INCOME_QOQ_SQ":-3.943641924127,"NET_PROFIT_RATIO_SQ":5.2058990045,"HOLDER_PROFIT_SQ":959746468.35,"HOLDER_PROFIT_QOQ_SQ":12.204512831441,"ROE_AVG_SQ":12.581713743732,"PE_TTM_SQ":9.439849480768,"PB_TTM_SQ":1.778709327975,"ROA_SQ":4.124663874107,"START_DATE":"2020-01-01 00:00:00","FISCAL_YEAR":"12-31","CURRENCY":"HKD","IS_CNY_CODE":0,"DPS_HKD_LY":0.432,"ORG_TYPE":"一般企业","PREMIUM_INCOME":null,"PREMIUM_INCOME_YOY":null,"NET_INTEREST_INCOME":null,"NET_INTEREST_INCOME_YOY":null,"FEE_COMMISSION_INCOME":null,"FEE_COMMISSION_INCOME_YOY":null,"ACCOUNTS_RECE_TDAYS":2.186244847073,"INVENTORY_TDAYS":4.589980725916,"CURRENT_ASSETS_TDAYS":0.823003249281,"TOTAL_ASSETS_TDAYS":0.59676326977,"PREMIUM_EXPENSE":null,"LOAN_DEPOSIT":null,"LOAN_EQUITY":null,"LOAN_ASSETS":null,"DEPOSIT_EQUITY":null,"DEPOSIT_ASSETS":null,"EQUITY_MULTIPLIER":2.943829792443,"EQUITY_RATIO":2.788038976508}],"count":74},"success":true,"message":"ok","code":0}