{"version":"820534eadfbafd702a6361e6cf2eeb32","result":{"pages":4,"data":[{"SECUCODE":"00926.HK","SECURITY_CODE":"00926","SECURITY_NAME_ABBR":"碧生源","ORG_CODE":"10143046","STD_REPORT_DATE":"2024-06-30 00:00:00","REPORT_DATE":"2024-06-30 00:00:00","DATE_TYPE_CODE":"002","REPORT_TYPE":"2024年中报","PER_NETCASH_OPERATE":0.101042333376,"PER_OI":2.079783939201,"BPS":4.600108853199,"BASIC_EPS":0.0639,"DILUTED_EPS":0.0639,"OPERATE_INCOME":254286000,"OPERATE_INCOME_YOY":-25.8269452903,"GROSS_PROFIT":173435000,"GROSS_PROFIT_YOY":-22.079351601005,"HOLDER_PROFIT":7813000,"HOLDER_PROFIT_YOY":106.7226529225,"GROSS_PROFIT_RATIO":68.204698646406,"EPS_TTM":-1.433036123779,"OPERATE_INCOME_QOQ":-16.30980187004,"NET_PROFIT_RATIO":3.0725246376,"ROE_AVG":1.399671266252,"GROSS_PROFIT_QOQ":-14.194442839813,"ROA":1.130986243745,"HOLDER_PROFIT_QOQ":41.448588605247,"ROE_YEARLY":2.799342532504,"ROIC_YEARLY":3.450400220811,"TOTAL_ASSETS":676683000,"TOTAL_LIABILITIES":114248000,"TAX_EBT":40.472380952381,"OCF_SALES":4.858309147967,"TOTAL_PARENT_EQUITY":562435000,"DEBT_ASSET_RATIO":16.8835333531,"OPERATE_PROFIT":11655000,"PRETAX_PROFIT":13125000,"NETCASH_OPERATE":12354000,"NETCASH_INVEST":5574000,"NETCASH_FINANCE":-2414000,"END_CASH":184518000,"DIVI_RATIO":-0.573196995086,"DIVIDEND_RATE":41.666666666667,"CURRENT_RATIO":3.171768660875,"COMMON_ACS":150000000,"CURRENTDEBT_DEBT":95.81524403053,"ISSUED_COMMON_SHARES":122265585,"HK_COMMON_SHARES":122265585,"PER_SHARES":1000,"TOTAL_MARKET_CAP":264093663.6,"HKSK_MARKET_CAP":264093663.6,"PE_TTM":-1.350200475895,"PB_TTM":0.428552641451,"REPORT_DATE_SQ":"2023-06-30 00:00:00","REPORT_TYPE_SQ":"2023年中报","OPERATE_INCOME_SQ":342828000,"DPS_HKD":0.9,"OPERATE_INCOME_QOQ_SQ":-6.444195432336,"NET_PROFIT_RATIO_SQ":-50.8736482724,"HOLDER_PROFIT_SQ":-116219000,"HOLDER_PROFIT_QOQ_SQ":-110.605617172441,"ROE_AVG_SQ":-14.596205230289,"PE_TTM_SQ":-1.504052577302,"PB_TTM_SQ":0.430674385186,"ROA_SQ":-9.493705525953,"START_DATE":"2024-01-01 00:00:00","FISCAL_YEAR":"12-31","CURRENCY":"HKD","IS_CNY_CODE":0,"DPS_HKD_LY":0.9,"ORG_TYPE":"一般企业","PREMIUM_INCOME":null,"PREMIUM_INCOME_YOY":null,"NET_INTEREST_INCOME":null,"NET_INTEREST_INCOME_YOY":null,"FEE_COMMISSION_INCOME":null,"FEE_COMMISSION_INCOME_YOY":null,"ACCOUNTS_RECE_TDAYS":5.815242124521,"INVENTORY_TDAYS":3.723536049002,"CURRENT_ASSETS_TDAYS":0.656159282856,"TOTAL_ASSETS_TDAYS":0.36809672082,"PREMIUM_EXPENSE":null,"LOAN_DEPOSIT":null,"LOAN_EQUITY":null,"LOAN_ASSETS":null,"DEPOSIT_EQUITY":null,"DEPOSIT_ASSETS":null,"EQUITY_MULTIPLIER":1.203131028474,"EQUITY_RATIO":0.203131028474},{"SECUCODE":"00926.HK","SECURITY_CODE":"00926","SECURITY_NAME_ABBR":"碧生源","ORG_CODE":"10143046","STD_REPORT_DATE":"2023-12-31 00:00:00","REPORT_DATE":"2023-12-31 00:00:00","DATE_TYPE_CODE":"001","REPORT_TYPE":"2023年年报","PER_NETCASH_OPERATE":0.081666480392,"PER_OI":4.440137427061,"BPS":4.530874325756,"BASIC_EPS":-2.45,"DILUTED_EPS":-2.45,"OPERATE_INCOME":542876000,"OPERATE_INCOME_YOY":-32.254143674,"GROSS_PROFIT":346220000,"GROSS_PROFIT_YOY":-29.714509603302,"HOLDER_PROFIT":-299243000,"HOLDER_PROFIT_YOY":-201.9941668601,"GROSS_PROFIT_RATIO":63.77515307363,"EPS_TTM":-2.447483484416,"OPERATE_INCOME_QOQ":-38.484027123069,"NET_PROFIT_RATIO":-65.8555544913,"ROE_AVG":-42.496841952784,"GROSS_PROFIT_QOQ":-36.608435974008,"ROA":-26.693326423086,"HOLDER_PROFIT_QOQ":-43.393215677067,"ROE_YEARLY":-42.496841952784,"ROIC_YEARLY":-43.546523472744,"TOTAL_ASSETS":704943000,"TOTAL_LIABILITIES":150973000,"TAX_EBT":-6.296056279688,"OCF_SALES":1.839278214546,"TOTAL_PARENT_EQUITY":553970000,"DEBT_ASSET_RATIO":21.4163414631,"OPERATE_PROFIT":-150287000,"PRETAX_PROFIT":-149681000,"NETCASH_OPERATE":9985000,"NETCASH_INVEST":8393000,"NETCASH_FINANCE":-81116000,"END_CASH":169082000,"DIVI_RATIO":-0.335614930695,"DIVIDEND_RATE":40.723981900452,"CURRENT_RATIO":2.937436925464,"COMMON_ACS":150000000,"CURRENTDEBT_DEBT":96.481490067761,"ISSUED_COMMON_SHARES":122265585,"HK_COMMON_SHARES":122265585,"PER_SHARES":1000,"TOTAL_MARKET_CAP":270206942.85,"HKSK_MARKET_CAP":270206942.85,"PE_TTM":-1.381455116541,"PB_TTM":0.438472841485,"REPORT_DATE_SQ":"2022-12-31 00:00:00","REPORT_TYPE_SQ":"2022年年报","OPERATE_INCOME_SQ":801342000,"DPS_HKD":0.9,"OPERATE_INCOME_QOQ_SQ":5.920921134485,"NET_PROFIT_RATIO_SQ":-11.0665622088,"HOLDER_PROFIT_SQ":-99089000,"HOLDER_PROFIT_QOQ_SQ":44.569625705543,"ROE_AVG_SQ":-11.78330580419,"PE_TTM_SQ":-1.498719057525,"PB_TTM_SQ":0.429147171054,"ROA_SQ":-6.233443526344,"START_DATE":"2023-01-01 00:00:00","FISCAL_YEAR":"12-31","CURRENCY":"HKD","IS_CNY_CODE":0,"DPS_HKD_LY":null,"ORG_TYPE":"一般企业","PREMIUM_INCOME":null,"PREMIUM_INCOME_YOY":null,"NET_INTEREST_INCOME":null,"NET_INTEREST_INCOME_YOY":null,"FEE_COMMISSION_INCOME":null,"FEE_COMMISSION_INCOME_YOY":null,"ACCOUNTS_RECE_TDAYS":6.686694380293,"INVENTORY_TDAYS":2.961508342871,"CURRENT_ASSETS_TDAYS":0.927484235146,"TOTAL_ASSETS_TDAYS":0.48426082733,"PREMIUM_EXPENSE":null,"LOAN_DEPOSIT":null,"LOAN_EQUITY":null,"LOAN_ASSETS":null,"DEPOSIT_EQUITY":null,"DEPOSIT_ASSETS":null,"EQUITY_MULTIPLIER":1.272529198333,"EQUITY_RATIO":0.272529198332},{"SECUCODE":"00926.HK","SECURITY_CODE":"00926","SECURITY_NAME_ABBR":"碧生源","ORG_CODE":"10143046","STD_REPORT_DATE":"2023-06-30 00:00:00","REPORT_DATE":"2023-06-30 00:00:00","DATE_TYPE_CODE":"002","REPORT_TYPE":"2023年中报","PER_NETCASH_OPERATE":0.721355890948,"PER_OI":2.803961556312,"BPS":6.037005425525,"BASIC_EPS":-2.0693,"DILUTED_EPS":-2.0693,"OPERATE_INCOME":342828000,"OPERATE_INCOME_YOY":-15.0547088223,"GROSS_PROFIT":222579000,"GROSS_PROFIT_YOY":-8.13415494847,"HOLDER_PROFIT":-116219000,"HOLDER_PROFIT_YOY":-1655.3088657303,"GROSS_PROFIT_RATIO":64.772134220831,"EPS_TTM":-1.706833529648,"OPERATE_INCOME_QOQ":-6.444195432336,"NET_PROFIT_RATIO":-50.8736482724,"ROE_AVG":-14.596205230289,"GROSS_PROFIT_QOQ":-3.554198570339,"ROA":-9.493705525953,"HOLDER_PROFIT_QOQ":-110.605617172441,"ROE_YEARLY":-29.192410460578,"ROIC_YEARLY":-32.409113503286,"TOTAL_ASSETS":911200000,"TOTAL_LIABILITIES":173082000,"TAX_EBT":54.032258064516,"OCF_SALES":25.714385676425,"TOTAL_PARENT_EQUITY":738118000,"DEBT_ASSET_RATIO":18.994951712,"OPERATE_PROFIT":13550000,"PRETAX_PROFIT":11160000,"NETCASH_OPERATE":88197000,"NETCASH_INVEST":18013000,"NETCASH_FINANCE":-71313000,"END_CASH":264961000,"DIVI_RATIO":-0.481249041416,"DIVIDEND_RATE":40.723981900452,"CURRENT_RATIO":3.618846006686,"COMMON_ACS":150000000,"CURRENTDEBT_DEBT":92.111831386279,"ISSUED_COMMON_SHARES":122265585,"HK_COMMON_SHARES":122265585,"PER_SHARES":1000,"TOTAL_MARKET_CAP":270206942.85,"HKSK_MARKET_CAP":270206942.85,"PE_TTM":-1.381455116541,"PB_TTM":0.438472841485,"REPORT_DATE_SQ":"2022-06-30 00:00:00","REPORT_TYPE_SQ":"2022年中报","OPERATE_INCOME_SQ":403774000,"DPS_HKD":0.9,"OPERATE_INCOME_QOQ_SQ":-19.125096490033,"NET_PROFIT_RATIO_SQ":-1.9800086503,"HOLDER_PROFIT_SQ":-6621000,"HOLDER_PROFIT_QOQ_SQ":-22.681572680543,"ROE_AVG_SQ":-0.8033181005,"PE_TTM_SQ":-1.498719057525,"PB_TTM_SQ":0.429147171054,"ROA_SQ":-0.416051899348,"START_DATE":"2023-01-01 00:00:00","FISCAL_YEAR":"12-31","CURRENCY":"HKD","IS_CNY_CODE":0,"DPS_HKD_LY":null,"ORG_TYPE":"一般企业","PREMIUM_INCOME":null,"PREMIUM_INCOME_YOY":null,"NET_INTEREST_INCOME":null,"NET_INTEREST_INCOME_YOY":null,"FEE_COMMISSION_INCOME":null,"FEE_COMMISSION_INCOME_YOY":null,"ACCOUNTS_RECE_TDAYS":3.125810907533,"INVENTORY_TDAYS":1.671894782723,"CURRENT_ASSETS_TDAYS":0.519787136827,"TOTAL_ASSETS_TDAYS":0.280179452347,"PREMIUM_EXPENSE":null,"LOAN_DEPOSIT":null,"LOAN_EQUITY":null,"LOAN_ASSETS":null,"DEPOSIT_EQUITY":null,"DEPOSIT_ASSETS":null,"EQUITY_MULTIPLIER":1.234490962149,"EQUITY_RATIO":0.23449096215},{"SECUCODE":"00926.HK","SECURITY_CODE":"00926","SECURITY_NAME_ABBR":"碧生源","ORG_CODE":"10143046","STD_REPORT_DATE":"2022-12-31 00:00:00","REPORT_DATE":"2022-12-31 00:00:00","DATE_TYPE_CODE":"001","REPORT_TYPE":"2022年年报","PER_NETCASH_OPERATE":0.311706683447,"PER_OI":6.554109236872,"BPS":6.987550912221,"BASIC_EPS":-1.76,"DILUTED_EPS":-1.76,"OPERATE_INCOME":801342000,"OPERATE_INCOME_YOY":-14.3365572356,"GROSS_PROFIT":492591000,"GROSS_PROFIT_YOY":-29.483787846253,"HOLDER_PROFIT":-99089000,"HOLDER_PROFIT_YOY":31.9971450728,"GROSS_PROFIT_RATIO":60.033733248665,"EPS_TTM":-0.810440648528,"OPERATE_INCOME_QOQ":5.920921134485,"NET_PROFIT_RATIO":-11.0665622088,"ROE_AVG":-11.78330580419,"GROSS_PROFIT_QOQ":9.484967006877,"ROA":-6.233443526344,"HOLDER_PROFIT_QOQ":44.569625705543,"ROE_YEARLY":-11.78330580419,"ROIC_YEARLY":-9.487970914369,"TOTAL_ASSETS":1537138000,"TOTAL_LIABILITIES":484728000,"TAX_EBT":-60.994533221194,"OCF_SALES":4.040250910914,"TOTAL_PARENT_EQUITY":854337000,"DEBT_ASSET_RATIO":31.5344490865,"OPERATE_PROFIT":-31377000,"PRETAX_PROFIT":-47560000,"NETCASH_OPERATE":38113000,"NETCASH_INVEST":-35491000,"NETCASH_FINANCE":12490000,"END_CASH":230320000,"DIVI_RATIO":-1.013537513811,"DIVIDEND_RATE":40.723981900452,"CURRENT_RATIO":2.122151144685,"COMMON_ACS":150000000,"CURRENTDEBT_DEBT":72.207299763991,"ISSUED_COMMON_SHARES":122265585,"HK_COMMON_SHARES":122265585,"PER_SHARES":1000,"TOTAL_MARKET_CAP":270206942.85,"HKSK_MARKET_CAP":270206942.85,"PE_TTM":-1.381455116541,"PB_TTM":0.438472841485,"REPORT_DATE_SQ":"2021-12-31 00:00:00","REPORT_TYPE_SQ":"2021年年报","OPERATE_INCOME_SQ":1101150000,"DPS_HKD":0.9,"OPERATE_INCOME_QOQ_SQ":-18.652128977543,"NET_PROFIT_RATIO_SQ":-10.3519956409,"HOLDER_PROFIT_SQ":-145713000,"HOLDER_PROFIT_QOQ_SQ":-333.051308297614,"ROE_AVG_SQ":-15.823337394692,"PE_TTM_SQ":-1.498719057525,"PB_TTM_SQ":0.429147171054,"ROA_SQ":-8.337519840611,"START_DATE":"2022-01-01 00:00:00","FISCAL_YEAR":"12-31","CURRENCY":"HKD","IS_CNY_CODE":0,"DPS_HKD_LY":null,"ORG_TYPE":"一般企业","PREMIUM_INCOME":null,"PREMIUM_INCOME_YOY":null,"NET_INTEREST_INCOME":null,"NET_INTEREST_INCOME_YOY":null,"FEE_COMMISSION_INCOME":null,"FEE_COMMISSION_INCOME_YOY":null,"ACCOUNTS_RECE_TDAYS":7.766936277242,"INVENTORY_TDAYS":3.070241876374,"CURRENT_ASSETS_TDAYS":1.379724284199,"TOTAL_ASSETS_TDAYS":0.593395968257,"PREMIUM_EXPENSE":null,"LOAN_DEPOSIT":null,"LOAN_EQUITY":null,"LOAN_ASSETS":null,"DEPOSIT_EQUITY":null,"DEPOSIT_ASSETS":null,"EQUITY_MULTIPLIER":1.46058855389,"EQUITY_RATIO":0.567373296486},{"SECUCODE":"00926.HK","SECURITY_CODE":"00926","SECURITY_NAME_ABBR":"碧生源","ORG_CODE":"10143046","STD_REPORT_DATE":"2022-06-30 00:00:00","REPORT_DATE":"2022-06-30 00:00:00","DATE_TYPE_CODE":"002","REPORT_TYPE":"2022年中报","PER_NETCASH_OPERATE":0.23322180154,"PER_OI":9.907301388203,"BPS":6.714039768427,"BASIC_EPS":-0.1625,"DILUTED_EPS":-0.1625,"OPERATE_INCOME":403774000,"OPERATE_INCOME_YOY":-31.3996675091,"GROSS_PROFIT":242287000,"GROSS_PROFIT_YOY":-46.850218379887,"HOLDER_PROFIT":-6621000,"HOLDER_PROFIT_YOY":-125.0520261834,"GROSS_PROFIT_RATIO":59.668897346006,"EPS_TTM":-4.386262904643,"OPERATE_INCOME_QOQ":-19.125096490033,"NET_PROFIT_RATIO":-1.9800086503,"ROE_AVG":-0.8033181005,"GROSS_PROFIT_QOQ":-25.956767590008,"ROA":-0.416051899348,"HOLDER_PROFIT_QOQ":-22.681572680543,"ROE_YEARLY":-1.606636201001,"ROIC_YEARLY":-1.169172414524,"TOTAL_ASSETS":1540644000,"TOTAL_LIABILITIES":518864000,"TAX_EBT":142.927141031104,"OCF_SALES":2.065859738882,"TOTAL_PARENT_EQUITY":820896000,"DEBT_ASSET_RATIO":33.6783838447,"OPERATE_PROFIT":17058000,"PRETAX_PROFIT":9388000,"NETCASH_OPERATE":9505000,"NETCASH_INVEST":85016000,"NETCASH_FINANCE":-49463000,"END_CASH":261659000,"DIVI_RATIO":-0.187269212507,"DIVIDEND_RATE":40.723981900452,"CURRENT_RATIO":1.686757657845,"COMMON_ACS":150000000,"CURRENTDEBT_DEBT":70.292793487311,"ISSUED_COMMON_SHARES":122265585,"HK_COMMON_SHARES":122265585,"PER_SHARES":1000,"TOTAL_MARKET_CAP":270206942.85,"HKSK_MARKET_CAP":270206942.85,"PE_TTM":-1.381455116541,"PB_TTM":0.438472841485,"REPORT_DATE_SQ":"2021-06-30 00:00:00","REPORT_TYPE_SQ":"2021年中报","OPERATE_INCOME_SQ":670695000,"DPS_HKD":0.9,"OPERATE_INCOME_QOQ_SQ":4.712576902339,"NET_PROFIT_RATIO_SQ":8.3877172187,"HOLDER_PROFIT_SQ":26429000,"HOLDER_PROFIT_QOQ_SQ":37.478836386024,"ROE_AVG_SQ":2.635642757667,"PE_TTM_SQ":-1.498719057525,"PB_TTM_SQ":0.429147171054,"ROA_SQ":1.450100764692,"START_DATE":"2022-01-01 00:00:00","FISCAL_YEAR":"12-31","CURRENCY":"HKD","IS_CNY_CODE":0,"DPS_HKD_LY":null,"ORG_TYPE":"一般企业","PREMIUM_INCOME":null,"PREMIUM_INCOME_YOY":null,"NET_INTEREST_INCOME":null,"NET_INTEREST_INCOME_YOY":null,"FEE_COMMISSION_INCOME":null,"FEE_COMMISSION_INCOME_YOY":null,"ACCOUNTS_RECE_TDAYS":3.542156836943,"INVENTORY_TDAYS":1.374092888244,"CURRENT_ASSETS_TDAYS":0.742227445375,"TOTAL_ASSETS_TDAYS":0.28911805292,"PREMIUM_EXPENSE":null,"LOAN_DEPOSIT":null,"LOAN_EQUITY":null,"LOAN_ASSETS":null,"DEPOSIT_EQUITY":null,"DEPOSIT_ASSETS":null,"EQUITY_MULTIPLIER":1.507804028265,"EQUITY_RATIO":0.632070323159},{"SECUCODE":"00926.HK","SECURITY_CODE":"00926","SECURITY_NAME_ABBR":"碧生源","ORG_CODE":"10143046","STD_REPORT_DATE":"2021-12-31 00:00:00","REPORT_DATE":"2021-12-31 00:00:00","DATE_TYPE_CODE":"001","REPORT_TYPE":"2021年年报","PER_NETCASH_OPERATE":-0.089263465808,"PER_OI":0.675466027393,"BPS":6.768192374003,"BASIC_EPS":-3.65,"DILUTED_EPS":-3.65,"OPERATE_INCOME":1101150000,"OPERATE_INCOME_YOY":-14.8185479972,"GROSS_PROFIT":698550000,"GROSS_PROFIT_YOY":-23.515809251023,"HOLDER_PROFIT":-145713000,"HOLDER_PROFIT_YOY":-420.39622683,"GROSS_PROFIT_RATIO":63.438223675249,"EPS_TTM":-0.089383082459,"OPERATE_INCOME_QOQ":-18.652128977543,"NET_PROFIT_RATIO":-10.3519956409,"ROE_AVG":-15.823337394692,"GROSS_PROFIT_QOQ":-24.715074767614,"ROA":-8.337519840611,"HOLDER_PROFIT_QOQ":-333.051308297614,"ROE_YEARLY":-15.823337394692,"ROIC_YEARLY":-13.364456194497,"TOTAL_ASSETS":1642132000,"TOTAL_LIABILITIES":586742000,"TAX_EBT":-25.645915083109,"OCF_SALES":-13.215093311538,"TOTAL_PARENT_EQUITY":827517000,"DEBT_ASSET_RATIO":35.7305015675,"OPERATE_PROFIT":-88101000,"PRETAX_PROFIT":-90724000,"NETCASH_OPERATE":-145518000,"NETCASH_INVEST":-188354000,"NETCASH_FINANCE":6316000,"END_CASH":216042000,"DIVI_RATIO":-9.189792714733,"DIVIDEND_RATE":40.723981900452,"CURRENT_RATIO":1.577950360774,"COMMON_ACS":150000000,"CURRENTDEBT_DEBT":67.459973889716,"ISSUED_COMMON_SHARES":122265585,"HK_COMMON_SHARES":122265585,"PER_SHARES":1000,"TOTAL_MARKET_CAP":270206942.85,"HKSK_MARKET_CAP":270206942.85,"PE_TTM":-1.381455116541,"PB_TTM":0.438472841485,"REPORT_DATE_SQ":"2020-12-31 00:00:00","REPORT_TYPE_SQ":"2020年年报","OPERATE_INCOME_SQ":1292711000,"DPS_HKD":0.9,"OPERATE_INCOME_QOQ_SQ":19.285364298481,"NET_PROFIT_RATIO_SQ":10.1228348796,"HOLDER_PROFIT_SQ":45479000,"HOLDER_PROFIT_QOQ_SQ":897.565255538495,"ROE_AVG_SQ":4.587105994939,"PE_TTM_SQ":-1.498719057525,"PB_TTM_SQ":0.429147171054,"ROA_SQ":2.583458684202,"START_DATE":"2021-01-01 00:00:00","FISCAL_YEAR":"12-31","CURRENCY":"HKD","IS_CNY_CODE":0,"DPS_HKD_LY":0.0375,"ORG_TYPE":"一般企业","PREMIUM_INCOME":null,"PREMIUM_INCOME_YOY":null,"NET_INTEREST_INCOME":null,"NET_INTEREST_INCOME_YOY":null,"FEE_COMMISSION_INCOME":null,"FEE_COMMISSION_INCOME_YOY":null,"ACCOUNTS_RECE_TDAYS":12.819497884081,"INVENTORY_TDAYS":2.920195114875,"CURRENT_ASSETS_TDAYS":1.307524425171,"TOTAL_ASSETS_TDAYS":0.630064577113,"PREMIUM_EXPENSE":null,"LOAN_DEPOSIT":null,"LOAN_EQUITY":null,"LOAN_ASSETS":null,"DEPOSIT_EQUITY":null,"DEPOSIT_ASSETS":null,"EQUITY_MULTIPLIER":1.555948038167,"EQUITY_RATIO":0.709039210071},{"SECUCODE":"00926.HK","SECURITY_CODE":"00926","SECURITY_NAME_ABBR":"碧生源","ORG_CODE":"10143046","STD_REPORT_DATE":"2021-06-30 00:00:00","REPORT_DATE":"2021-06-30 00:00:00","DATE_TYPE_CODE":"002","REPORT_TYPE":"2021年中报","PER_NETCASH_OPERATE":-0.041441342123,"PER_OI":0.411416870764,"BPS":8.107563547011,"BASIC_EPS":0.6626,"DILUTED_EPS":0.6626,"OPERATE_INCOME":670695000,"OPERATE_INCOME_YOY":9.9905702923,"GROSS_PROFIT":455857000,"GROSS_PROFIT_YOY":3.296790450207,"HOLDER_PROFIT":26429000,"HOLDER_PROFIT_YOY":181.6389599318,"GROSS_PROFIT_RATIO":67.96785424075,"EPS_TTM":0.038353392269,"OPERATE_INCOME_QOQ":4.712576902339,"NET_PROFIT_RATIO":8.3877172187,"ROE_AVG":2.635642757667,"GROSS_PROFIT_QOQ":1.592968994642,"ROA":1.450100764692,"HOLDER_PROFIT_QOQ":37.478836386024,"ROE_YEARLY":5.271285515334,"ROIC_YEARLY":4.914008568697,"TOTAL_ASSETS":1791902000,"TOTAL_LIABILITIES":574648000,"TAX_EBT":14.662783289342,"OCF_SALES":-10.072834895146,"TOTAL_PARENT_EQUITY":991276000,"DEBT_ASSET_RATIO":32.0691644967,"OPERATE_PROFIT":53608000,"PRETAX_PROFIT":65922000,"NETCASH_OPERATE":-67558000,"NETCASH_INVEST":-121952000,"NETCASH_FINANCE":-66676000,"END_CASH":287256000,"DIVI_RATIO":21.416932151523,"DIVIDEND_RATE":40.723981900452,"CURRENT_RATIO":2.147546607273,"COMMON_ACS":150000000,"CURRENTDEBT_DEBT":68.990234021523,"ISSUED_COMMON_SHARES":122265585,"HK_COMMON_SHARES":122265585,"PER_SHARES":1000,"TOTAL_MARKET_CAP":270206942.85,"HKSK_MARKET_CAP":270206942.85,"PE_TTM":-1.381455116541,"PB_TTM":0.438472841485,"REPORT_DATE_SQ":"2020-06-30 00:00:00","REPORT_TYPE_SQ":"2020年中报","OPERATE_INCOME_SQ":609775000,"DPS_HKD":0.9,"OPERATE_INCOME_QOQ_SQ":33.435899330181,"NET_PROFIT_RATIO_SQ":7.7556475749,"HOLDER_PROFIT_SQ":9384000,"HOLDER_PROFIT_QOQ_SQ":-97.191834823958,"ROE_AVG_SQ":0.964064357254,"PE_TTM_SQ":-1.498719057525,"PB_TTM_SQ":0.429147171054,"ROA_SQ":0.545933554232,"START_DATE":"2021-01-01 00:00:00","FISCAL_YEAR":"12-31","CURRENCY":"HKD","IS_CNY_CODE":0,"DPS_HKD_LY":0.0375,"ORG_TYPE":"一般企业","PREMIUM_INCOME":null,"PREMIUM_INCOME_YOY":null,"NET_INTEREST_INCOME":null,"NET_INTEREST_INCOME_YOY":null,"FEE_COMMISSION_INCOME":null,"FEE_COMMISSION_INCOME_YOY":null,"ACCOUNTS_RECE_TDAYS":6.597886929063,"INVENTORY_TDAYS":1.464921073267,"CURRENT_ASSETS_TDAYS":0.701876935683,"TOTAL_ASSETS_TDAYS":0.36799550962,"PREMIUM_EXPENSE":null,"LOAN_DEPOSIT":null,"LOAN_EQUITY":null,"LOAN_ASSETS":null,"DEPOSIT_EQUITY":null,"DEPOSIT_ASSETS":null,"EQUITY_MULTIPLIER":1.472085530218,"EQUITY_RATIO":0.579705349469},{"SECUCODE":"00926.HK","SECURITY_CODE":"00926","SECURITY_NAME_ABBR":"碧生源","ORG_CODE":"10143046","STD_REPORT_DATE":"2020-12-31 00:00:00","REPORT_DATE":"2020-12-31 00:00:00","DATE_TYPE_CODE":"001","REPORT_TYPE":"2020年年报","PER_NETCASH_OPERATE":0.046096576816,"PER_OI":0.792973131487,"BPS":8.29531057329,"BASIC_EPS":0.0285,"DILUTED_EPS":0.0285,"OPERATE_INCOME":1292711000,"OPERATE_INCOME_YOY":59.169498621,"GROSS_PROFIT":913326000,"GROSS_PROFIT_YOY":56.270489278846,"HOLDER_PROFIT":45479000,"HOLDER_PROFIT_YOY":-71.9867198857,"GROSS_PROFIT_RATIO":70.651986406861,"EPS_TTM":0.027897670126,"OPERATE_INCOME_QOQ":19.285364298481,"NET_PROFIT_RATIO":10.1228348796,"ROE_AVG":4.587105994939,"GROSS_PROFIT_QOQ":17.247603251465,"ROA":2.583458684202,"HOLDER_PROFIT_QOQ":897.565255538495,"ROE_YEARLY":4.587105994939,"ROIC_YEARLY":4.008837618673,"TOTAL_ASSETS":1853224000,"TOTAL_LIABILITIES":642842000,"TAX_EBT":-13.733073754107,"OCF_SALES":5.813132246883,"TOTAL_PARENT_EQUITY":1014231000,"DEBT_ASSET_RATIO":34.6877657531,"OPERATE_PROFIT":113870000,"PRETAX_PROFIT":115058000,"NETCASH_OPERATE":75147000,"NETCASH_INVEST":170851000,"NETCASH_FINANCE":43138000,"END_CASH":543822000,"DIVI_RATIO":29.443749111499,"DIVIDEND_RATE":40.723981900452,"CURRENT_RATIO":2.134888274684,"COMMON_ACS":150000000,"CURRENTDEBT_DEBT":77.218974491399,"ISSUED_COMMON_SHARES":122265585,"HK_COMMON_SHARES":122265585,"PER_SHARES":1000,"TOTAL_MARKET_CAP":270206942.85,"HKSK_MARKET_CAP":270206942.85,"PE_TTM":-1.381455116541,"PB_TTM":0.438472841485,"REPORT_DATE_SQ":"2019-12-31 00:00:00","REPORT_TYPE_SQ":"2019年年报","OPERATE_INCOME_SQ":812160000,"DPS_HKD":0.9,"OPERATE_INCOME_QOQ_SQ":47.953021417992,"NET_PROFIT_RATIO_SQ":23.1784377463,"HOLDER_PROFIT_SQ":162348000,"HOLDER_PROFIT_QOQ_SQ":65.544667530004,"ROE_AVG_SQ":16.800063330862,"PE_TTM_SQ":-1.498719057525,"PB_TTM_SQ":0.429147171054,"ROA_SQ":10.459461757907,"START_DATE":"2020-01-01 00:00:00","FISCAL_YEAR":"12-31","CURRENCY":"HKD","IS_CNY_CODE":0,"DPS_HKD_LY":null,"ORG_TYPE":"一般企业","PREMIUM_INCOME":null,"PREMIUM_INCOME_YOY":null,"NET_INTEREST_INCOME":null,"NET_INTEREST_INCOME_YOY":null,"FEE_COMMISSION_INCOME":null,"FEE_COMMISSION_INCOME_YOY":null,"ACCOUNTS_RECE_TDAYS":11.77214486709,"INVENTORY_TDAYS":3.801871949814,"CURRENT_ASSETS_TDAYS":1.258435005748,"TOTAL_ASSETS_TDAYS":0.734331330749,"PREMIUM_EXPENSE":null,"LOAN_DEPOSIT":null,"LOAN_EQUITY":null,"LOAN_ASSETS":null,"DEPOSIT_EQUITY":null,"DEPOSIT_ASSETS":null,"EQUITY_MULTIPLIER":1.531106708461,"EQUITY_RATIO":0.633822078008},{"SECUCODE":"00926.HK","SECURITY_CODE":"00926","SECURITY_NAME_ABBR":"碧生源","ORG_CODE":"10143046","STD_REPORT_DATE":"2020-06-30 00:00:00","REPORT_DATE":"2020-06-30 00:00:00","DATE_TYPE_CODE":"002","REPORT_TYPE":"2020年中报","PER_NETCASH_OPERATE":0.03600767907,"PER_OI":0.374047402128,"BPS":7.999659102764,"BASIC_EPS":0.0059,"DILUTED_EPS":0.0059,"OPERATE_INCOME":609775000,"OPERATE_INCOME_YOY":80.2883904654,"GROSS_PROFIT":441308000,"GROSS_PROFIT_YOY":78.82068820202,"HOLDER_PROFIT":9384000,"HOLDER_PROFIT_YOY":-94.3866533471,"GROSS_PROFIT_RATIO":72.372268459678,"EPS_TTM":0.00279657596,"OPERATE_INCOME_QOQ":33.435899330181,"NET_PROFIT_RATIO":7.7556475749,"ROE_AVG":0.964064357254,"GROSS_PROFIT_QOQ":33.282459466303,"ROA":0.545933554232,"HOLDER_PROFIT_QOQ":-97.191834823958,"ROE_YEARLY":1.928128714509,"ROIC_YEARLY":1.443898896304,"TOTAL_ASSETS":1770221000,"TOTAL_LIABILITIES":643459000,"TAX_EBT":19.109195402299,"OCF_SALES":9.626501578451,"TOTAL_PARENT_EQUITY":978083000,"DEBT_ASSET_RATIO":36.3490773186,"OPERATE_PROFIT":60054000,"PRETAX_PROFIT":58464000,"NETCASH_OPERATE":58700000,"NETCASH_INVEST":-148174000,"NETCASH_FINANCE":52467000,"END_CASH":232458000,"DIVI_RATIO":293.720611064233,"DIVIDEND_RATE":40.723981900452,"CURRENT_RATIO":2.081870281792,"COMMON_ACS":150000000,"CURRENTDEBT_DEBT":80.349019906474,"ISSUED_COMMON_SHARES":122265585,"HK_COMMON_SHARES":122265585,"PER_SHARES":1000,"TOTAL_MARKET_CAP":270206942.85,"HKSK_MARKET_CAP":270206942.85,"PE_TTM":-1.381455116541,"PB_TTM":0.438472841485,"REPORT_DATE_SQ":"2019-06-30 00:00:00","REPORT_TYPE_SQ":"2019年中报","OPERATE_INCOME_SQ":338222000,"DPS_HKD":0.9,"OPERATE_INCOME_QOQ_SQ":45.074766503338,"NET_PROFIT_RATIO_SQ":51.0753292216,"HOLDER_PROFIT_SQ":167173000,"HOLDER_PROFIT_QOQ_SQ":202.906641202951,"ROE_AVG_SQ":15.957141663982,"PE_TTM_SQ":-1.498719057525,"PB_TTM_SQ":0.429147171054,"ROA_SQ":11.162492241917,"START_DATE":"2020-01-01 00:00:00","FISCAL_YEAR":"12-31","CURRENCY":"HKD","IS_CNY_CODE":0,"DPS_HKD_LY":null,"ORG_TYPE":"一般企业","PREMIUM_INCOME":null,"PREMIUM_INCOME_YOY":null,"NET_INTEREST_INCOME":null,"NET_INTEREST_INCOME_YOY":null,"FEE_COMMISSION_INCOME":null,"FEE_COMMISSION_INCOME_YOY":null,"ACCOUNTS_RECE_TDAYS":5.285752674191,"INVENTORY_TDAYS":2.169219378722,"CURRENT_ASSETS_TDAYS":0.588847933299,"TOTAL_ASSETS_TDAYS":0.354749182685,"PREMIUM_EXPENSE":null,"LOAN_DEPOSIT":null,"LOAN_EQUITY":null,"LOAN_ASSETS":null,"DEPOSIT_EQUITY":null,"DEPOSIT_ASSETS":null,"EQUITY_MULTIPLIER":1.571069134387,"EQUITY_RATIO":0.657877705675}],"count":33},"success":true,"message":"ok","code":0}