{"version":"98e308fa2c1323da58bee195fc854efe","result":{"pages":2,"data":[{"SECUCODE":"00924.HK","SECURITY_CODE":"00924","SECURITY_NAME_ABBR":"坤集团","ORG_CODE":"10973789","STD_REPORT_DATE":"2023-12-31 00:00:00","REPORT_DATE":"2024-06-30 00:00:00","DATE_TYPE_CODE":"001","REPORT_TYPE":"2023年年报","PER_NETCASH_OPERATE":-0.016187224697,"PER_OI":0.366925526165,"BPS":0.190962746602,"BASIC_EPS":null,"DILUTED_EPS":null,"OPERATE_INCOME":366925526.165,"OPERATE_INCOME_YOY":37.3434863491,"GROSS_PROFIT":31097095.043,"GROSS_PROFIT_YOY":135.351313693104,"HOLDER_PROFIT":-46961.984,"HOLDER_PROFIT_YOY":99.4256001787,"GROSS_PROFIT_RATIO":8.475042706355,"EPS_TTM":-0.01311522571,"OPERATE_INCOME_QOQ":17.187722886821,"NET_PROFIT_RATIO":-0.0127987781,"ROE_AVG":-0.024512631314,"GROSS_PROFIT_QOQ":8.53658495761,"ROA":-0.017279897116,"HOLDER_PROFIT_QOQ":-58.457422836863,"ROE_YEARLY":-0.024512631314,"ROIC_YEARLY":-0.020757447811,"TOTAL_ASSETS":276763605.841,"TOTAL_LIABILITIES":85800859.239,"TAX_EBT":103.021585177386,"OCF_SALES":-4.411583153177,"TOTAL_PARENT_EQUITY":190962746.602,"DEBT_ASSET_RATIO":31.0014963775,"OPERATE_PROFIT":1607619.149,"PRETAX_PROFIT":1554216.785,"NETCASH_OPERATE":-16187224.697,"NETCASH_INVEST":752083.293,"NETCASH_FINANCE":-1142961.569,"END_CASH":37297908.744,"DIVI_RATIO":null,"DIVIDEND_RATE":null,"CURRENT_RATIO":3.240246294846,"COMMON_ACS":1500000000,"CURRENTDEBT_DEBT":97.813451483307,"ISSUED_COMMON_SHARES":1000000000,"HK_COMMON_SHARES":1000000000,"PER_SHARES":8000,"TOTAL_MARKET_CAP":460000000,"HKSK_MARKET_CAP":460000000,"PE_TTM":-8939.84377320252,"PB_TTM":2.198506293558,"REPORT_DATE_SQ":"2022-12-31 00:00:00","REPORT_TYPE_SQ":"2022年年报","OPERATE_INCOME_SQ":270458664.3612,"DPS_HKD":null,"OPERATE_INCOME_QOQ_SQ":69.415824708129,"NET_PROFIT_RATIO_SQ":-3.0602878769,"HOLDER_PROFIT_SQ":-8276813.7174,"HOLDER_PROFIT_QOQ_SQ":109.089428370565,"ROE_AVG_SQ":-4.177122191209,"PE_TTM_SQ":-65.721933419094,"PB_TTM_SQ":2.795649147055,"ROA_SQ":-3.060546652336,"START_DATE":"2023-07-01 00:00:00","FISCAL_YEAR":"6-30","CURRENCY":"HKD","IS_CNY_CODE":0,"DPS_HKD_LY":null,"ORG_TYPE":"一般企业","PREMIUM_INCOME":null,"PREMIUM_INCOME_YOY":null,"NET_INTEREST_INCOME":null,"NET_INTEREST_INCOME_YOY":null,"FEE_COMMISSION_INCOME":null,"FEE_COMMISSION_INCOME_YOY":null,"ACCOUNTS_RECE_TDAYS":7.963756451244,"INVENTORY_TDAYS":null,"CURRENT_ASSETS_TDAYS":1.367797416227,"TOTAL_ASSETS_TDAYS":1.350120842734,"PREMIUM_EXPENSE":null,"LOAN_DEPOSIT":null,"LOAN_EQUITY":null,"LOAN_ASSETS":null,"DEPOSIT_EQUITY":null,"DEPOSIT_ASSETS":null,"EQUITY_MULTIPLIER":1.4493067929,"EQUITY_RATIO":0.449306792899},{"SECUCODE":"00924.HK","SECURITY_CODE":"00924","SECURITY_NAME_ABBR":"坤集团","ORG_CODE":"10973789","STD_REPORT_DATE":"2023-06-30 00:00:00","REPORT_DATE":"2023-12-31 00:00:00","DATE_TYPE_CODE":"002","REPORT_TYPE":"2023年中报","PER_NETCASH_OPERATE":-0.012935462224,"PER_OI":0.173223997602,"BPS":0.192454494094,"BASIC_EPS":-0.00215088,"DILUTED_EPS":null,"OPERATE_INCOME":173223997.602,"OPERATE_INCOME_YOY":31.7448164833,"GROSS_PROFIT":11622425.2644,"GROSS_PROFIT_YOY":10.747968017449,"HOLDER_PROFIT":-2282013.7764,"HOLDER_PROFIT_YOY":-186.0445077025,"GROSS_PROFIT_RATIO":6.709477569675,"EPS_TTM":-0.008276813717,"OPERATE_INCOME_QOQ":43.728190260001,"NET_PROFIT_RATIO":-1.3173773888,"ROE_AVG":-1.175590725773,"GROSS_PROFIT_QOQ":-0.233480324457,"ROA":-0.845727006284,"HOLDER_PROFIT_QOQ":-3159.65058447517,"ROE_YEARLY":-2.351181451546,"ROIC_YEARLY":-2.057169418072,"TOTAL_ASSETS":267913526.7648,"TOTAL_LIABILITIES":75459032.6712,"TAX_EBT":-35.358564466332,"OCF_SALES":-7.46747702551,"TOTAL_PARENT_EQUITY":192454494.0936,"DEBT_ASSET_RATIO":28.1654433736,"OPERATE_PROFIT":-1678476.8484,"PRETAX_PROFIT":-1685902.7616,"NETCASH_OPERATE":-12935462.2236,"NETCASH_INVEST":440355.0396,"NETCASH_FINANCE":-370558.9836,"END_CASH":41174430.27,"DIVI_RATIO":null,"DIVIDEND_RATE":null,"CURRENT_RATIO":3.535219312761,"COMMON_ACS":1500000000,"CURRENTDEBT_DEBT":99.328610990009,"ISSUED_COMMON_SHARES":1000000000,"HK_COMMON_SHARES":1000000000,"PER_SHARES":8000,"TOTAL_MARKET_CAP":610000000,"HKSK_MARKET_CAP":610000000,"PE_TTM":-11855.0102209859,"PB_TTM":2.915410519718,"REPORT_DATE_SQ":"2022-06-30 00:00:00","REPORT_TYPE_SQ":"2022年中报","OPERATE_INCOME_SQ":126738311.8482,"DPS_HKD":null,"OPERATE_INCOME_QOQ_SQ":5.096906627739,"NET_PROFIT_RATIO_SQ":2.0170682239,"HOLDER_PROFIT_SQ":2556398.2158,"HOLDER_PROFIT_QOQ_SQ":-40.665711073278,"ROE_AVG_SQ":1.298234549678,"PE_TTM_SQ":-63.494071269294,"PB_TTM_SQ":2.700881379358,"ROA_SQ":0.965780211543,"START_DATE":"2023-07-01 00:00:00","FISCAL_YEAR":"6-30","CURRENCY":"HKD","IS_CNY_CODE":0,"DPS_HKD_LY":null,"ORG_TYPE":"一般企业","PREMIUM_INCOME":null,"PREMIUM_INCOME_YOY":null,"NET_INTEREST_INCOME":null,"NET_INTEREST_INCOME_YOY":null,"FEE_COMMISSION_INCOME":null,"FEE_COMMISSION_INCOME_YOY":null,"ACCOUNTS_RECE_TDAYS":3.791060534926,"INVENTORY_TDAYS":null,"CURRENT_ASSETS_TDAYS":0.648198429049,"TOTAL_ASSETS_TDAYS":0.641977776049,"PREMIUM_EXPENSE":null,"LOAN_DEPOSIT":null,"LOAN_EQUITY":null,"LOAN_ASSETS":null,"DEPOSIT_EQUITY":null,"DEPOSIT_ASSETS":null,"EQUITY_MULTIPLIER":1.392087662211,"EQUITY_RATIO":0.392087662211},{"SECUCODE":"00924.HK","SECURITY_CODE":"00924","SECURITY_NAME_ABBR":"坤集团","ORG_CODE":"10973789","STD_REPORT_DATE":"2022-12-31 00:00:00","REPORT_DATE":"2023-06-30 00:00:00","DATE_TYPE_CODE":"001","REPORT_TYPE":"2022年年报","PER_NETCASH_OPERATE":-0.01914111806,"PER_OI":0.270458664361,"BPS":0.194576705246,"BASIC_EPS":-0.0080163,"DILUTED_EPS":-0.0080163,"OPERATE_INCOME":270458664.3612,"OPERATE_INCOME_YOY":119.4774345351,"GROSS_PROFIT":13213053.522,"GROSS_PROFIT_YOY":92.049505385792,"HOLDER_PROFIT":-8276813.7174,"HOLDER_PROFIT_YOY":-150.6699922149,"GROSS_PROFIT_RATIO":4.885424378327,"EPS_TTM":0.000270514998,"OPERATE_INCOME_QOQ":69.415824708129,"NET_PROFIT_RATIO":-3.0602878769,"ROE_AVG":-4.177122191209,"GROSS_PROFIT_QOQ":92.498952564816,"ROA":-3.060546652336,"HOLDER_PROFIT_QOQ":109.089428370565,"ROE_YEARLY":-4.177122191209,"ROIC_YEARLY":-3.966688104966,"TOTAL_ASSETS":270076078.4274,"TOTAL_LIABILITIES":75499373.1816,"TAX_EBT":3.960285524531,"OCF_SALES":-7.077280406457,"TOTAL_PARENT_EQUITY":194576705.2458,"DEBT_ASSET_RATIO":27.9548539142,"OPERATE_PROFIT":-8592410.1042,"PRETAX_PROFIT":-8618115.7062,"NETCASH_OPERATE":-19141118.0604,"NETCASH_INVEST":6286793.9634,"NETCASH_FINANCE":-723310.749,"END_CASH":54427614.7734,"DIVI_RATIO":null,"DIVIDEND_RATE":null,"CURRENT_RATIO":3.556682209538,"COMMON_ACS":1500000000,"CURRENTDEBT_DEBT":99.748204687815,"ISSUED_COMMON_SHARES":1000000000,"HK_COMMON_SHARES":1000000000,"PER_SHARES":8000,"TOTAL_MARKET_CAP":610000000,"HKSK_MARKET_CAP":610000000,"PE_TTM":-11855.0102209859,"PB_TTM":2.915410519718,"REPORT_DATE_SQ":"2021-12-31 00:00:00","REPORT_TYPE_SQ":"2021年年报","OPERATE_INCOME_SQ":111072096.035,"DPS_HKD":null,"OPERATE_INCOME_QOQ_SQ":-16.341767067689,"NET_PROFIT_RATIO_SQ":-2.6794756174,"HOLDER_PROFIT_SQ":-2976149.731,"HOLDER_PROFIT_QOQ_SQ":-140.565549603035,"ROE_AVG_SQ":-1.623605976835,"PE_TTM_SQ":-63.494071269294,"PB_TTM_SQ":2.700881379358,"ROA_SQ":-1.103775697946,"START_DATE":"2022-07-01 00:00:00","FISCAL_YEAR":"6-30","CURRENCY":"HKD","IS_CNY_CODE":0,"DPS_HKD_LY":null,"ORG_TYPE":"一般企业","PREMIUM_INCOME":null,"PREMIUM_INCOME_YOY":null,"NET_INTEREST_INCOME":null,"NET_INTEREST_INCOME_YOY":null,"FEE_COMMISSION_INCOME":null,"FEE_COMMISSION_INCOME_YOY":null,"ACCOUNTS_RECE_TDAYS":7.706043207873,"INVENTORY_TDAYS":null,"CURRENT_ASSETS_TDAYS":1.019435397945,"TOTAL_ASSETS_TDAYS":1.00008455919,"PREMIUM_EXPENSE":null,"LOAN_DEPOSIT":null,"LOAN_EQUITY":null,"LOAN_ASSETS":null,"DEPOSIT_EQUITY":null,"DEPOSIT_ASSETS":null,"EQUITY_MULTIPLIER":1.388018561041,"EQUITY_RATIO":0.388018561041},{"SECUCODE":"00924.HK","SECURITY_CODE":"00924","SECURITY_NAME_ABBR":"坤集团","ORG_CODE":"10973789","STD_REPORT_DATE":"2022-06-30 00:00:00","REPORT_DATE":"2022-12-31 00:00:00","DATE_TYPE_CODE":"002","REPORT_TYPE":"2022年中报","PER_NETCASH_OPERATE":-0.011166662415,"PER_OI":0.126738311848,"BPS":0.198191631772,"BASIC_EPS":0.00259155,"DILUTED_EPS":null,"OPERATE_INCOME":126738311.8482,"OPERATE_INCOME_YOY":132.4150020564,"GROSS_PROFIT":10494481.725,"GROSS_PROFIT_YOY":154.071014480925,"HOLDER_PROFIT":2556398.2158,"HOLDER_PROFIT_YOY":437.1093856795,"GROSS_PROFIT_RATIO":8.280433573685,"EPS_TTM":-0.002976149731,"OPERATE_INCOME_QOQ":5.096906627739,"NET_PROFIT_RATIO":2.0170682239,"ROE_AVG":1.298234549678,"GROSS_PROFIT_QOQ":14.329923646901,"ROA":0.965780211543,"HOLDER_PROFIT_QOQ":-40.665711073278,"ROE_YEARLY":2.596469099355,"ROIC_YEARLY":2.50923536107,"TOTAL_ASSETS":266763013.335,"TOTAL_LIABILITIES":68571381.5631,"TAX_EBT":28.954157513774,"OCF_SALES":-8.810802552013,"TOTAL_PARENT_EQUITY":198191631.7719,"DEBT_ASSET_RATIO":25.7049808764,"OPERATE_PROFIT":3612460.0239,"PRETAX_PROFIT":3598237.5975,"NETCASH_OPERATE":-11166662.4147,"NETCASH_INVEST":281292.0201,"NETCASH_FINANCE":-350310.1797,"END_CASH":54833113.7172,"DIVI_RATIO":null,"DIVIDEND_RATE":null,"CURRENT_RATIO":3.815369999901,"COMMON_ACS":1500000000,"CURRENTDEBT_DEBT":99.256897363762,"ISSUED_COMMON_SHARES":1000000000,"HK_COMMON_SHARES":1000000000,"PER_SHARES":8000,"TOTAL_MARKET_CAP":610000000,"HKSK_MARKET_CAP":610000000,"PE_TTM":-11855.0102209859,"PB_TTM":2.915410519718,"REPORT_DATE_SQ":"2021-06-30 00:00:00","REPORT_TYPE_SQ":"2021年中报","OPERATE_INCOME_SQ":49636700.3649,"DPS_HKD":null,"OPERATE_INCOME_QOQ_SQ":-0.869378106206,"NET_PROFIT_RATIO_SQ":-1.3906373875,"HOLDER_PROFIT_SQ":-690266.5132,"HOLDER_PROFIT_QOQ_SQ":-120.243794278728,"ROE_AVG_SQ":-0.382109778341,"PE_TTM_SQ":-63.494071269294,"PB_TTM_SQ":2.700881379358,"ROA_SQ":-0.249607180214,"START_DATE":"2022-07-01 00:00:00","FISCAL_YEAR":"6-30","CURRENCY":"HKD","IS_CNY_CODE":0,"DPS_HKD_LY":null,"ORG_TYPE":"一般企业","PREMIUM_INCOME":null,"PREMIUM_INCOME_YOY":null,"NET_INTEREST_INCOME":null,"NET_INTEREST_INCOME_YOY":null,"FEE_COMMISSION_INCOME":null,"FEE_COMMISSION_INCOME_YOY":null,"ACCOUNTS_RECE_TDAYS":3.948673523708,"INVENTORY_TDAYS":null,"CURRENT_ASSETS_TDAYS":0.492652473997,"TOTAL_ASSETS_TDAYS":0.47880393935,"PREMIUM_EXPENSE":null,"LOAN_DEPOSIT":null,"LOAN_EQUITY":null,"LOAN_ASSETS":null,"DEPOSIT_EQUITY":null,"DEPOSIT_ASSETS":null,"EQUITY_MULTIPLIER":1.345985251496,"EQUITY_RATIO":0.345985251496},{"SECUCODE":"00924.HK","SECURITY_CODE":"00924","SECURITY_NAME_ABBR":"坤集团","ORG_CODE":"10973789","STD_REPORT_DATE":"2021-12-31 00:00:00","REPORT_DATE":"2022-06-30 00:00:00","DATE_TYPE_CODE":"001","REPORT_TYPE":"2021年年报","PER_NETCASH_OPERATE":-0.023985008714,"PER_OI":0.111072096035,"BPS":0.181816850927,"BASIC_EPS":-0.0028902,"DILUTED_EPS":-0.0028902,"OPERATE_INCOME":111072096.035,"OPERATE_INCOME_YOY":-12.3387955685,"GROSS_PROFIT":6880024.76,"GROSS_PROFIT_YOY":-35.899988722799,"HOLDER_PROFIT":-2976149.731,"HOLDER_PROFIT_YOY":-237.388668942,"GROSS_PROFIT_RATIO":6.194197287708,"EPS_TTM":-0.002115760627,"OPERATE_INCOME_QOQ":-16.341767067689,"NET_PROFIT_RATIO":-2.6794756174,"ROE_AVG":-1.623605976835,"GROSS_PROFIT_QOQ":-43.934178181411,"ROA":-1.103775697946,"HOLDER_PROFIT_QOQ":-140.565549603035,"ROE_YEARLY":-1.623605976835,"ROIC_YEARLY":-1.520509664568,"TOTAL_ASSETS":244081807.189,"TOTAL_LIABILITIES":62264956.262,"TAX_EBT":-6.347165420471,"OCF_SALES":-21.594090298289,"TOTAL_PARENT_EQUITY":181816850.927,"DEBT_ASSET_RATIO":25.5098718659,"OPERATE_PROFIT":-2776533.251,"PRETAX_PROFIT":-2798522.856,"NETCASH_OPERATE":-23985008.714,"NETCASH_INVEST":-75728.057,"NETCASH_FINANCE":-640400.882,"END_CASH":62308497.125,"DIVI_RATIO":null,"DIVIDEND_RATE":null,"CURRENT_RATIO":3.855141462735,"COMMON_ACS":1500000000,"CURRENTDEBT_DEBT":98.664003937464,"ISSUED_COMMON_SHARES":1000000000,"HK_COMMON_SHARES":1000000000,"PER_SHARES":8000,"TOTAL_MARKET_CAP":610000000,"HKSK_MARKET_CAP":610000000,"PE_TTM":-11855.0102209859,"PB_TTM":2.915410519718,"REPORT_DATE_SQ":"2020-12-31 00:00:00","REPORT_TYPE_SQ":"2020年年报","OPERATE_INCOME_SQ":126329956.6515,"DPS_HKD":null,"OPERATE_INCOME_QOQ_SQ":-33.823030866293,"NET_PROFIT_RATIO_SQ":-0.6961883474,"HOLDER_PROFIT_SQ":-879494.4375,"HOLDER_PROFIT_QOQ_SQ":-76.919314446837,"ROE_AVG_SQ":-0.476215409972,"PE_TTM_SQ":-63.494071269294,"PB_TTM_SQ":2.700881379358,"ROA_SQ":-0.285748237788,"START_DATE":"2021-07-01 00:00:00","FISCAL_YEAR":"6-30","CURRENCY":"HKD","IS_CNY_CODE":0,"DPS_HKD_LY":null,"ORG_TYPE":"一般企业","PREMIUM_INCOME":null,"PREMIUM_INCOME_YOY":null,"NET_INTEREST_INCOME":null,"NET_INTEREST_INCOME_YOY":null,"FEE_COMMISSION_INCOME":null,"FEE_COMMISSION_INCOME_YOY":null,"ACCOUNTS_RECE_TDAYS":3.733636244698,"INVENTORY_TDAYS":null,"CURRENT_ASSETS_TDAYS":0.424099782385,"TOTAL_ASSETS_TDAYS":0.411937205465,"PREMIUM_EXPENSE":null,"LOAN_DEPOSIT":null,"LOAN_EQUITY":null,"LOAN_ASSETS":null,"DEPOSIT_EQUITY":null,"DEPOSIT_ASSETS":null,"EQUITY_MULTIPLIER":1.342459766212,"EQUITY_RATIO":0.342459766213},{"SECUCODE":"00924.HK","SECURITY_CODE":"00924","SECURITY_NAME_ABBR":"坤集团","ORG_CODE":"10973789","STD_REPORT_DATE":"2021-06-30 00:00:00","REPORT_DATE":"2021-12-31 00:00:00","DATE_TYPE_CODE":"002","REPORT_TYPE":"2021年中报","PER_NETCASH_OPERATE":-0.001069175216,"PER_OI":0.049636700365,"BPS":0.180300993151,"BASIC_EPS":-0.00047179,"DILUTED_EPS":-0.00047179,"OPERATE_INCOME":49636700.3649,"OPERATE_INCOME_YOY":-26.1781472411,"GROSS_PROFIT":4130530.8858,"GROSS_PROFIT_YOY":-53.306774434722,"HOLDER_PROFIT":-690266.5132,"HOLDER_PROFIT_YOY":-232.1435345334,"GROSS_PROFIT_RATIO":8.321525918191,"EPS_TTM":-0.000879494438,"OPERATE_INCOME_QOQ":-0.869378106206,"NET_PROFIT_RATIO":-1.3906373875,"ROE_AVG":-0.382109778341,"GROSS_PROFIT_QOQ":-34.388754414666,"ROA":-0.249607180214,"HOLDER_PROFIT_QOQ":-120.243794278728,"ROE_YEARLY":-0.764219556683,"ROIC_YEARLY":-0.713930781266,"TOTAL_ASSETS":263969779.2226,"TOTAL_LIABILITIES":83668786.0712,"TAX_EBT":-54.234089878875,"OCF_SALES":-2.154001390181,"TOTAL_PARENT_EQUITY":180300993.1514,"DEBT_ASSET_RATIO":31.6963503616,"OPERATE_PROFIT":-441543.5431,"PRETAX_PROFIT":-447544.7119,"NETCASH_OPERATE":-1069175.2159,"NETCASH_INVEST":-34803.9483,"NETCASH_FINANCE":-309862.2362,"END_CASH":82608405.0209,"DIVI_RATIO":null,"DIVIDEND_RATE":null,"CURRENT_RATIO":3.105340266304,"COMMON_ACS":1500000000,"CURRENTDEBT_DEBT":98.926748168862,"ISSUED_COMMON_SHARES":1000000000,"HK_COMMON_SHARES":1000000000,"PER_SHARES":8000,"TOTAL_MARKET_CAP":610000000,"HKSK_MARKET_CAP":610000000,"PE_TTM":-11855.0102209859,"PB_TTM":2.915410519718,"REPORT_DATE_SQ":"2020-06-30 00:00:00","REPORT_TYPE_SQ":"2020年中报","OPERATE_INCOME_SQ":70281247.6176,"DPS_HKD":null,"OPERATE_INCOME_QOQ_SQ":-28.123882863299,"NET_PROFIT_RATIO_SQ":0.7768781789,"HOLDER_PROFIT_SQ":545999.6766,"HOLDER_PROFIT_QOQ_SQ":-32.337439460917,"ROE_AVG_SQ":0.286828179004,"PE_TTM_SQ":-63.494071269294,"PB_TTM_SQ":2.700881379358,"ROA_SQ":0.16437987481,"START_DATE":"2021-07-01 00:00:00","FISCAL_YEAR":"6-30","CURRENCY":"HKD","IS_CNY_CODE":0,"DPS_HKD_LY":null,"ORG_TYPE":"一般企业","PREMIUM_INCOME":null,"PREMIUM_INCOME_YOY":null,"NET_INTEREST_INCOME":null,"NET_INTEREST_INCOME_YOY":null,"FEE_COMMISSION_INCOME":null,"FEE_COMMISSION_INCOME_YOY":null,"ACCOUNTS_RECE_TDAYS":2.006412705647,"INVENTORY_TDAYS":null,"CURRENT_ASSETS_TDAYS":0.184490074927,"TOTAL_ASSETS_TDAYS":0.179491204865,"PREMIUM_EXPENSE":null,"LOAN_DEPOSIT":null,"LOAN_EQUITY":null,"LOAN_ASSETS":null,"DEPOSIT_EQUITY":null,"DEPOSIT_ASSETS":null,"EQUITY_MULTIPLIER":1.464050611196,"EQUITY_RATIO":0.464050611196},{"SECUCODE":"00924.HK","SECURITY_CODE":"00924","SECURITY_NAME_ABBR":"坤集团","ORG_CODE":"10973789","STD_REPORT_DATE":"2020-12-31 00:00:00","REPORT_DATE":"2021-06-30 00:00:00","DATE_TYPE_CODE":"001","REPORT_TYPE":"2020年年报","PER_NETCASH_OPERATE":-0.013114214198,"PER_OI":0.126329956652,"BPS":0.18424441442,"BASIC_EPS":-0.00096054,"DILUTED_EPS":-0.00096054,"OPERATE_INCOME":126329956.6515,"OPERATE_INCOME_YOY":-30.5928709515,"GROSS_PROFIT":10733266.068,"GROSS_PROFIT_YOY":-69.271590913168,"HOLDER_PROFIT":-879494.4375,"HOLDER_PROFIT_YOY":-104.9434483012,"GROSS_PROFIT_RATIO":8.496216061887,"EPS_TTM":0.004344513807,"OPERATE_INCOME_QOQ":-33.823030866293,"NET_PROFIT_RATIO":-0.6961883474,"ROE_AVG":-0.476215409972,"GROSS_PROFIT_QOQ":-53.165941581056,"ROA":-0.285748237788,"HOLDER_PROFIT_QOQ":-76.919314446837,"ROE_YEARLY":-0.476215409972,"ROIC_YEARLY":-0.38686730783,"TOTAL_ASSETS":294309014.1516,"TOTAL_LIABILITIES":110064599.7318,"TAX_EBT":2511.12574061883,"OCF_SALES":-10.38092194916,"TOTAL_PARENT_EQUITY":184244414.4198,"DEBT_ASSET_RATIO":37.3976312105,"OPERATE_PROFIT":53540.4996,"PRETAX_PROFIT":36476.5065,"NETCASH_OPERATE":-13114214.1984,"NETCASH_INVEST":26431861.1634,"NETCASH_FINANCE":-736604.5071,"END_CASH":85237445.5086,"DIVI_RATIO":null,"DIVIDEND_RATE":null,"CURRENT_RATIO":2.627692438659,"COMMON_ACS":1500000000,"CURRENTDEBT_DEBT":98.928343621224,"ISSUED_COMMON_SHARES":1000000000,"HK_COMMON_SHARES":1000000000,"PER_SHARES":8000,"TOTAL_MARKET_CAP":610000000,"HKSK_MARKET_CAP":610000000,"PE_TTM":-11855.0102209859,"PB_TTM":2.915410519718,"REPORT_DATE_SQ":"2019-12-31 00:00:00","REPORT_TYPE_SQ":"2019年年报","OPERATE_INCOME_SQ":192571336.0585,"DPS_HKD":null,"OPERATE_INCOME_QOQ_SQ":8.402973733932,"NET_PROFIT_RATIO_SQ":9.7746414096,"HOLDER_PROFIT_SQ":18823157.5574,"HOLDER_PROFIT_QOQ_SQ":50.007824487621,"ROE_AVG_SQ":14.006660691789,"PE_TTM_SQ":-63.494071269294,"PB_TTM_SQ":2.700881379358,"ROA_SQ":6.620048175513,"START_DATE":"2020-07-01 00:00:00","FISCAL_YEAR":"6-30","CURRENCY":"HKD","IS_CNY_CODE":0,"DPS_HKD_LY":null,"ORG_TYPE":"一般企业","PREMIUM_INCOME":null,"PREMIUM_INCOME_YOY":null,"NET_INTEREST_INCOME":null,"NET_INTEREST_INCOME_YOY":null,"FEE_COMMISSION_INCOME":null,"FEE_COMMISSION_INCOME_YOY":null,"ACCOUNTS_RECE_TDAYS":5.311482854661,"INVENTORY_TDAYS":null,"CURRENT_ASSETS_TDAYS":0.423504896109,"TOTAL_ASSETS_TDAYS":0.410446740238,"PREMIUM_EXPENSE":null,"LOAN_DEPOSIT":null,"LOAN_EQUITY":null,"LOAN_ASSETS":null,"DEPOSIT_EQUITY":null,"DEPOSIT_ASSETS":null,"EQUITY_MULTIPLIER":1.597383644319,"EQUITY_RATIO":0.597383644321},{"SECUCODE":"00924.HK","SECURITY_CODE":"00924","SECURITY_NAME_ABBR":"坤集团","ORG_CODE":"10973789","STD_REPORT_DATE":"2020-06-30 00:00:00","REPORT_DATE":"2020-12-31 00:00:00","DATE_TYPE_CODE":"002","REPORT_TYPE":"2020年中报","PER_NETCASH_OPERATE":-0.008223158814,"PER_OI":0.070281247618,"BPS":0.190630752865,"BASIC_EPS":0.00049314,"DILUTED_EPS":0.00049314,"OPERATE_INCOME":70281247.6176,"OPERATE_INCOME_YOY":-45.54704935,"GROSS_PROFIT":8846103.1248,"GROSS_PROFIT_YOY":-67.734590648513,"HOLDER_PROFIT":545999.6766,"HOLDER_PROFIT_YOY":-96.1872703543,"GROSS_PROFIT_RATIO":12.586718967955,"EPS_TTM":0.018823157557,"OPERATE_INCOME_QOQ":-28.123882863299,"NET_PROFIT_RATIO":0.7768781789,"ROE_AVG":0.286828179004,"GROSS_PROFIT_QOQ":-34.784854428477,"ROA":0.16437987481,"HOLDER_PROFIT_QOQ":-32.337439460917,"ROE_YEARLY":0.573656358008,"ROIC_YEARLY":0.441242871883,"TOTAL_ASSETS":334441516.8978,"TOTAL_LIABILITIES":143810764.0326,"TAX_EBT":67.757069221585,"OCF_SALES":-11.70035975847,"TOTAL_PARENT_EQUITY":190630752.8652,"DEBT_ASSET_RATIO":43.0002726236,"OPERATE_PROFIT":1705978.3788,"PRETAX_PROFIT":1693393.446,"NETCASH_OPERATE":-8223158.814,"NETCASH_INVEST":26910062.9634,"NETCASH_FINANCE":-445384.3224,"END_CASH":91661263.278,"DIVI_RATIO":null,"DIVIDEND_RATE":null,"CURRENT_RATIO":2.261030905133,"COMMON_ACS":1500000000,"CURRENTDEBT_DEBT":99.783915916802,"ISSUED_COMMON_SHARES":1000000000,"HK_COMMON_SHARES":1000000000,"PER_SHARES":8000,"TOTAL_MARKET_CAP":610000000,"HKSK_MARKET_CAP":610000000,"PE_TTM":-11855.0102209859,"PB_TTM":2.915410519718,"REPORT_DATE_SQ":"2019-06-30 00:00:00","REPORT_TYPE_SQ":"2019年中报","OPERATE_INCOME_SQ":135414710.0523,"DPS_HKD":null,"OPERATE_INCOME_QOQ_SQ":37.305566447953,"NET_PROFIT_RATIO_SQ":11.0952816139,"HOLDER_PROFIT_SQ":15024643.427,"HOLDER_PROFIT_QOQ_SQ":33.093375870364,"ROE_AVG_SQ":11.091019823232,"PE_TTM_SQ":-63.494071269294,"PB_TTM_SQ":2.700881379358,"ROA_SQ":5.052754622386,"START_DATE":"2020-07-01 00:00:00","FISCAL_YEAR":"6-30","CURRENCY":"HKD","IS_CNY_CODE":0,"DPS_HKD_LY":null,"ORG_TYPE":"一般企业","PREMIUM_INCOME":null,"PREMIUM_INCOME_YOY":null,"NET_INTEREST_INCOME":null,"NET_INTEREST_INCOME_YOY":null,"FEE_COMMISSION_INCOME":null,"FEE_COMMISSION_INCOME_YOY":null,"ACCOUNTS_RECE_TDAYS":2.990386742893,"INVENTORY_TDAYS":null,"CURRENT_ASSETS_TDAYS":0.218517848339,"TOTAL_ASSETS_TDAYS":0.211590284391,"PREMIUM_EXPENSE":null,"LOAN_DEPOSIT":null,"LOAN_EQUITY":null,"LOAN_ASSETS":null,"DEPOSIT_EQUITY":null,"DEPOSIT_ASSETS":null,"EQUITY_MULTIPLIER":1.754394355953,"EQUITY_RATIO":0.754394355953},{"SECUCODE":"00924.HK","SECURITY_CODE":"00924","SECURITY_NAME_ABBR":"坤集团","ORG_CODE":"10973789","STD_REPORT_DATE":"2019-12-31 00:00:00","REPORT_DATE":"2020-06-30 00:00:00","DATE_TYPE_CODE":"001","REPORT_TYPE":"2019年年报","PER_NETCASH_OPERATE":-0.027881525011,"PER_OI":0.192571336059,"BPS":0.195862768459,"BASIC_EPS":0.01880081,"DILUTED_EPS":0.01880081,"OPERATE_INCOME":192571336.0585,"OPERATE_INCOME_YOY":-22.0964186925,"GROSS_PROFIT":34929455.7934,"GROSS_PROFIT_YOY":-28.190437880073,"HOLDER_PROFIT":18823157.5574,"HOLDER_PROFIT_YOY":1.4831550309,"GROSS_PROFIT_RATIO":18.138450149605,"EPS_TTM":0.027819162337,"OPERATE_INCOME_QOQ":8.402973733932,"NET_PROFIT_RATIO":9.7746414096,"ROE_AVG":14.006660691789,"GROSS_PROFIT_QOQ":10.111786902587,"ROA":6.620048175513,"HOLDER_PROFIT_QOQ":50.007824487621,"ROE_YEARLY":14.006660691789,"ROIC_YEARLY":8.21671912266,"TOTAL_ASSETS":339900153.9493,"TOTAL_LIABILITIES":144037385.4906,"TAX_EBT":18.095301267021,"OCF_SALES":-14.478543682135,"TOTAL_PARENT_EQUITY":195862768.4587,"DEBT_ASSET_RATIO":42.3763813629,"OPERATE_PROFIT":25126855.7358,"PRETAX_PROFIT":22981779.8595,"NETCASH_OPERATE":-27881525.0105,"NETCASH_INVEST":-28132205.8647,"NETCASH_FINANCE":103318992.6153,"END_CASH":80049519.7124,"DIVI_RATIO":null,"DIVIDEND_RATE":null,"CURRENT_RATIO":2.292425561256,"COMMON_ACS":1500000000,"CURRENTDEBT_DEBT":99.482603922126,"ISSUED_COMMON_SHARES":1000000000,"HK_COMMON_SHARES":1000000000,"PER_SHARES":8000,"TOTAL_MARKET_CAP":610000000,"HKSK_MARKET_CAP":610000000,"PE_TTM":-11855.0102209859,"PB_TTM":2.915410519718,"REPORT_DATE_SQ":"2018-12-31 00:00:00","REPORT_TYPE_SQ":"2018年年报","OPERATE_INCOME_SQ":247152973.446,"DPS_HKD":null,"OPERATE_INCOME_QOQ_SQ":0,"NET_PROFIT_RATIO_SQ":7.5035070754,"HOLDER_PROFIT_SQ":18545140.8495,"HOLDER_PROFIT_QOQ_SQ":0,"ROE_AVG_SQ":29.146396553304,"PE_TTM_SQ":-63.494071269294,"PB_TTM_SQ":2.700881379358,"ROA_SQ":10.436865930328,"START_DATE":"2019-07-01 00:00:00","FISCAL_YEAR":"6-30","CURRENCY":"HKD","IS_CNY_CODE":0,"DPS_HKD_LY":null,"ORG_TYPE":"一般企业","PREMIUM_INCOME":null,"PREMIUM_INCOME_YOY":null,"NET_INTEREST_INCOME":null,"NET_INTEREST_INCOME_YOY":null,"FEE_COMMISSION_INCOME":null,"FEE_COMMISSION_INCOME_YOY":null,"ACCOUNTS_RECE_TDAYS":13.674009940688,"INVENTORY_TDAYS":null,"CURRENT_ASSETS_TDAYS":0.703108175814,"TOTAL_ASSETS_TDAYS":0.677267625287,"PREMIUM_EXPENSE":null,"LOAN_DEPOSIT":null,"LOAN_EQUITY":null,"LOAN_ASSETS":null,"DEPOSIT_EQUITY":null,"DEPOSIT_ASSETS":null,"EQUITY_MULTIPLIER":1.735399517857,"EQUITY_RATIO":0.735399517857}],"count":17},"success":true,"message":"ok","code":0}