{"version":"304f71d8521b8bbbf3cb48dad4e844e5","result":{"pages":4,"data":[{"SECUCODE":"00923.HK","SECURITY_CODE":"00923","SECURITY_NAME_ABBR":"综合环保集团","ORG_CODE":"10152076","STD_REPORT_DATE":"2024-06-30 00:00:00","REPORT_DATE":"2024-09-30 00:00:00","DATE_TYPE_CODE":"002","REPORT_TYPE":"2024年中报","PER_NETCASH_OPERATE":-0.001921932845,"PER_OI":0.004192577117,"BPS":0.129259940348,"BASIC_EPS":-0.00360716,"DILUTED_EPS":-0.00360716,"OPERATE_INCOME":20220837.17,"OPERATE_INCOME_YOY":7.4104234528,"GROSS_PROFIT":11061356.14,"GROSS_PROFIT_YOY":-5.367671273743,"HOLDER_PROFIT":-17689512.64,"HOLDER_PROFIT_YOY":0.4314501802,"GROSS_PROFIT_RATIO":54.702760558355,"EPS_TTM":-0.01216725795,"OPERATE_INCOME_QOQ":0,"NET_PROFIT_RATIO":-87.7625652232,"ROE_AVG":-2.797793257683,"GROSS_PROFIT_QOQ":0,"ROA":-2.573646624778,"HOLDER_PROFIT_QOQ":0,"ROE_YEARLY":-5.595586515367,"ROIC_YEARLY":-5.514329427491,"TOTAL_ASSETS":678858494.1,"TOTAL_LIABILITIES":55622407.2,"TAX_EBT":null,"OCF_SALES":-45.841323640904,"TOTAL_PARENT_EQUITY":623421855.64,"DEBT_ASSET_RATIO":8.1935201052,"OPERATE_PROFIT":-20544579.78,"PRETAX_PROFIT":-17746325.41,"NETCASH_OPERATE":-9269499.41,"NETCASH_INVEST":11326482.4,"NETCASH_FINANCE":-1643963.17,"END_CASH":46113031.65,"DIVI_RATIO":null,"DIVIDEND_RATE":null,"CURRENT_RATIO":8.718835616438,"COMMON_ACS":7500000000,"CURRENTDEBT_DEBT":18.9364461738,"ISSUED_COMMON_SHARES":4823009000,"HK_COMMON_SHARES":4823009000,"PER_SHARES":2000,"TOTAL_MARKET_CAP":67522126,"HKSK_MARKET_CAP":67522126,"PE_TTM":-1.04447423701,"PB_TTM":0.097671869304,"REPORT_DATE_SQ":"2023-06-30 00:00:00","REPORT_TYPE_SQ":"2023年中报","OPERATE_INCOME_SQ":19156443.88,"DPS_HKD":null,"OPERATE_INCOME_QOQ_SQ":0,"NET_PROFIT_RATIO_SQ":-94.984671393,"HOLDER_PROFIT_SQ":-18078228.63,"HOLDER_PROFIT_QOQ_SQ":0,"ROE_AVG_SQ":-2.571218819844,"PE_TTM_SQ":-3.219059135,"PB_TTM_SQ":0.191529092671,"ROA_SQ":-2.526271246209,"START_DATE":"2024-04-01 00:00:00","FISCAL_YEAR":"3-31","CURRENCY":"HKD","IS_CNY_CODE":0,"DPS_HKD_LY":null,"ORG_TYPE":"一般企业","PREMIUM_INCOME":null,"PREMIUM_INCOME_YOY":null,"NET_INTEREST_INCOME":null,"NET_INTEREST_INCOME_YOY":null,"FEE_COMMISSION_INCOME":null,"FEE_COMMISSION_INCOME_YOY":null,"ACCOUNTS_RECE_TDAYS":4.731089777403,"INVENTORY_TDAYS":24.415865384615,"CURRENT_ASSETS_TDAYS":0.242333526065,"TOTAL_ASSETS_TDAYS":0.029419289492,"PREMIUM_EXPENSE":null,"LOAN_DEPOSIT":null,"LOAN_EQUITY":null,"LOAN_ASSETS":null,"DEPOSIT_EQUITY":null,"DEPOSIT_ASSETS":null,"EQUITY_MULTIPLIER":1.089247731909,"EQUITY_RATIO":0.089221137656},{"SECUCODE":"00923.HK","SECURITY_CODE":"00923","SECURITY_NAME_ABBR":"综合环保集团","ORG_CODE":"10152076","STD_REPORT_DATE":"2023-12-31 00:00:00","REPORT_DATE":"2024-03-31 00:00:00","DATE_TYPE_CODE":"001","REPORT_TYPE":"2023年年报","PER_NETCASH_OPERATE":-0.003616231164,"PER_OI":0.008025668602,"BPS":0.133629318253,"BASIC_EPS":-0.01178515,"DILUTED_EPS":-0.01178515,"OPERATE_INCOME":38707871.9,"OPERATE_INCOME_YOY":0.8502999669,"GROSS_PROFIT":22979229.4,"GROSS_PROFIT_YOY":5.007107003259,"HOLDER_PROFIT":-58682794.6,"HOLDER_PROFIT_YOY":-62.6432160804,"GROSS_PROFIT_RATIO":59.365778256593,"EPS_TTM":-0.008243242198,"OPERATE_INCOME_QOQ":0,"NET_PROFIT_RATIO":-152.2764532297,"ROE_AVG":-8.701069756282,"GROSS_PROFIT_QOQ":0,"ROA":-8.286894616437,"HOLDER_PROFIT_QOQ":0,"ROE_YEARLY":-8.701069756282,"ROIC_YEARLY":-9.008090053069,"TOTAL_ASSETS":699479475.2,"TOTAL_LIABILITIES":55113707.25,"TAX_EBT":null,"OCF_SALES":-45.058316548785,"TOTAL_PARENT_EQUITY":644495404.6,"DEBT_ASSET_RATIO":7.8792458112,"OPERATE_PROFIT":-62070571.95,"PRETAX_PROFIT":-58942974.45,"NETCASH_OPERATE":-17441115.45,"NETCASH_INVEST":-48495892.25,"NETCASH_FINANCE":44431828.6,"END_CASH":45941234.35,"DIVI_RATIO":null,"DIVIDEND_RATE":null,"CURRENT_RATIO":7.709402501158,"COMMON_ACS":7500000000,"CURRENTDEBT_DEBT":17.756394440332,"ISSUED_COMMON_SHARES":4823009000,"HK_COMMON_SHARES":4823009000,"PER_SHARES":2000,"TOTAL_MARKET_CAP":81991153,"HKSK_MARKET_CAP":81991153,"PE_TTM":-1.268290144941,"PB_TTM":0.118601555584,"REPORT_DATE_SQ":"2022-12-31 00:00:00","REPORT_TYPE_SQ":"2022年年报","OPERATE_INCOME_SQ":37063108.58,"DPS_HKD":null,"OPERATE_INCOME_QOQ_SQ":0,"NET_PROFIT_RATIO_SQ":-95.9587132127,"HOLDER_PROFIT_SQ":-34841318,"HOLDER_PROFIT_QOQ_SQ":0,"ROE_AVG_SQ":-4.989600819398,"PE_TTM_SQ":-4.362520703518,"PB_TTM_SQ":0.229834911205,"ROA_SQ":-4.902329099018,"START_DATE":"2023-04-01 00:00:00","FISCAL_YEAR":"3-31","CURRENCY":"HKD","IS_CNY_CODE":0,"DPS_HKD_LY":null,"ORG_TYPE":"一般企业","PREMIUM_INCOME":null,"PREMIUM_INCOME_YOY":null,"NET_INTEREST_INCOME":null,"NET_INTEREST_INCOME_YOY":null,"FEE_COMMISSION_INCOME":null,"FEE_COMMISSION_INCOME_YOY":null,"ACCOUNTS_RECE_TDAYS":11.834257206208,"INVENTORY_TDAYS":43.868520859671,"CURRENT_ASSETS_TDAYS":0.398404441438,"TOTAL_ASSETS_TDAYS":0.054661346217,"PREMIUM_EXPENSE":null,"LOAN_DEPOSIT":null,"LOAN_EQUITY":null,"LOAN_ASSETS":null,"DEPOSIT_EQUITY":null,"DEPOSIT_ASSETS":null,"EQUITY_MULTIPLIER":1.085531711942,"EQUITY_RATIO":0.085514507717},{"SECUCODE":"00923.HK","SECURITY_CODE":"00923","SECURITY_NAME_ABBR":"综合环保集团","ORG_CODE":"10152076","STD_REPORT_DATE":"2023-06-30 00:00:00","REPORT_DATE":"2023-09-30 00:00:00","DATE_TYPE_CODE":"002","REPORT_TYPE":"2023年中报","PER_NETCASH_OPERATE":-0.001679052382,"PER_OI":0.003971886405,"BPS":0.143732211207,"BASIC_EPS":-0.00367052,"DILUTED_EPS":-0.00367052,"OPERATE_INCOME":19156443.88,"OPERATE_INCOME_YOY":-6.0063034669,"GROSS_PROFIT":11688770.94,"GROSS_PROFIT_YOY":-6.539152292716,"HOLDER_PROFIT":-18078228.63,"HOLDER_PROFIT_YOY":-35.3741496599,"GROSS_PROFIT_RATIO":61.017436290477,"EPS_TTM":-0.00722397947,"OPERATE_INCOME_QOQ":0,"NET_PROFIT_RATIO":-94.984671393,"ROE_AVG":-2.571218819844,"GROSS_PROFIT_QOQ":0,"ROA":-2.526271246209,"HOLDER_PROFIT_QOQ":0,"ROE_YEARLY":-5.142437639689,"ROIC_YEARLY":-5.581023782595,"TOTAL_ASSETS":705657470,"TOTAL_LIABILITIES":12421039.68,"TAX_EBT":null,"OCF_SALES":-42.273424027592,"TOTAL_PARENT_EQUITY":693221748.24,"DEBT_ASSET_RATIO":1.7602080624,"OPERATE_PROFIT":-20772390.31,"PRETAX_PROFIT":-18195685.27,"NETCASH_OPERATE":-8098084.75,"NETCASH_INVEST":6940953.32,"NETCASH_FINANCE":-5505.78,"END_CASH":67108117.16,"DIVI_RATIO":null,"DIVIDEND_RATE":null,"CURRENT_RATIO":10.656988770686,"COMMON_ACS":7500000000,"CURRENTDEBT_DEBT":100,"ISSUED_COMMON_SHARES":4823009000,"HK_COMMON_SHARES":4823009000,"PER_SHARES":2000,"TOTAL_MARKET_CAP":81991153,"HKSK_MARKET_CAP":81991153,"PE_TTM":-1.268290144941,"PB_TTM":0.118601555584,"REPORT_DATE_SQ":"2022-06-30 00:00:00","REPORT_TYPE_SQ":"2022年中报","OPERATE_INCOME_SQ":20087612.4,"DPS_HKD":null,"OPERATE_INCOME_QOQ_SQ":0,"NET_PROFIT_RATIO_SQ":-68.1674921207,"HOLDER_PROFIT_SQ":-13162315.32,"HOLDER_PROFIT_QOQ_SQ":0,"ROE_AVG_SQ":-1.800902121656,"PE_TTM_SQ":-3.862870962001,"PB_TTM_SQ":0.229834911205,"ROA_SQ":-1.769107896983,"START_DATE":"2023-04-01 00:00:00","FISCAL_YEAR":"3-31","CURRENCY":"HKD","IS_CNY_CODE":0,"DPS_HKD_LY":null,"ORG_TYPE":"一般企业","PREMIUM_INCOME":null,"PREMIUM_INCOME_YOY":null,"NET_INTEREST_INCOME":null,"NET_INTEREST_INCOME_YOY":null,"FEE_COMMISSION_INCOME":null,"FEE_COMMISSION_INCOME_YOY":null,"ACCOUNTS_RECE_TDAYS":5.956912541019,"INVENTORY_TDAYS":23.318051575931,"CURRENT_ASSETS_TDAYS":0.15161870177,"TOTAL_ASSETS_TDAYS":0.026769422129,"PREMIUM_EXPENSE":null,"LOAN_DEPOSIT":null,"LOAN_EQUITY":null,"LOAN_ASSETS":null,"DEPOSIT_EQUITY":null,"DEPOSIT_ASSETS":null,"EQUITY_MULTIPLIER":1.017917465293,"EQUITY_RATIO":0.017917844776},{"SECUCODE":"00923.HK","SECURITY_CODE":"00923","SECURITY_NAME_ABBR":"综合环保集团","ORG_CODE":"10152076","STD_REPORT_DATE":"2022-12-31 00:00:00","REPORT_DATE":"2023-03-31 00:00:00","DATE_TYPE_CODE":"001","REPORT_TYPE":"2022年年报","PER_NETCASH_OPERATE":-0.002469221525,"PER_OI":0.007684644292,"BPS":0.141026781325,"BASIC_EPS":-0.00700328,"DILUTED_EPS":-0.00700328,"OPERATE_INCOME":37063108.58,"OPERATE_INCOME_YOY":0.5080239294,"GROSS_PROFIT":21883499.18,"GROSS_PROFIT_YOY":7.245708108296,"HOLDER_PROFIT":-34841318,"HOLDER_PROFIT_YOY":-44.3127016933,"GROSS_PROFIT_RATIO":59.043884926071,"EPS_TTM":-0.004846521064,"OPERATE_INCOME_QOQ":0,"NET_PROFIT_RATIO":-95.9587132127,"ROE_AVG":-4.989600819398,"GROSS_PROFIT_QOQ":0,"ROA":-4.902329099018,"HOLDER_PROFIT_QOQ":0,"ROE_YEARLY":-4.989600819398,"ROIC_YEARLY":-5.408556662785,"TOTAL_ASSETS":692177932.9,"TOTAL_LIABILITIES":11878438.29,"TAX_EBT":null,"OCF_SALES":-32.131890972649,"TOTAL_PARENT_EQUITY":680173435.57,"DEBT_ASSET_RATIO":1.716096068,"OPERATE_PROFIT":-37215429.92,"PRETAX_PROFIT":-35565282.07,"NETCASH_OPERATE":-11909077.64,"NETCASH_INVEST":9769575.6,"NETCASH_FINANCE":333531.21,"END_CASH":65129628.59,"DIVI_RATIO":null,"DIVIDEND_RATE":null,"CURRENT_RATIO":9.663350283735,"COMMON_ACS":7500000000,"CURRENTDEBT_DEBT":100,"ISSUED_COMMON_SHARES":4823009000,"HK_COMMON_SHARES":4823009000,"PER_SHARES":2000,"TOTAL_MARKET_CAP":91637171,"HKSK_MARKET_CAP":91637171,"PE_TTM":-1.417500750228,"PB_TTM":0.13255467977,"REPORT_DATE_SQ":"2021-12-31 00:00:00","REPORT_TYPE_SQ":"2021年年报","OPERATE_INCOME_SQ":34162985.24,"DPS_HKD":null,"OPERATE_INCOME_QOQ_SQ":0,"NET_PROFIT_RATIO_SQ":-69.3856233976,"HOLDER_PROFIT_SQ":-22366844.79,"HOLDER_PROFIT_QOQ_SQ":0,"ROE_AVG_SQ":-3.315182113235,"PE_TTM_SQ":-4.362520703518,"PB_TTM_SQ":0.229834911205,"ROA_SQ":-3.253539296052,"START_DATE":"2022-04-01 00:00:00","FISCAL_YEAR":"3-31","CURRENCY":"HKD","IS_CNY_CODE":0,"DPS_HKD_LY":null,"ORG_TYPE":"一般企业","PREMIUM_INCOME":null,"PREMIUM_INCOME_YOY":null,"NET_INTEREST_INCOME":null,"NET_INTEREST_INCOME_YOY":null,"FEE_COMMISSION_INCOME":null,"FEE_COMMISSION_INCOME_YOY":null,"ACCOUNTS_RECE_TDAYS":14.100915903414,"INVENTORY_TDAYS":34.68,"CURRENT_ASSETS_TDAYS":0.29489344956,"TOTAL_ASSETS_TDAYS":0.052149449597,"PREMIUM_EXPENSE":null,"LOAN_DEPOSIT":null,"LOAN_EQUITY":null,"LOAN_ASSETS":null,"DEPOSIT_EQUITY":null,"DEPOSIT_ASSETS":null,"EQUITY_MULTIPLIER":1.017460601374,"EQUITY_RATIO":0.017463837411},{"SECUCODE":"00923.HK","SECURITY_CODE":"00923","SECURITY_NAME_ABBR":"综合环保集团","ORG_CODE":"10152076","STD_REPORT_DATE":"2022-06-30 00:00:00","REPORT_DATE":"2022-09-30 00:00:00","DATE_TYPE_CODE":"002","REPORT_TYPE":"2022年中报","PER_NETCASH_OPERATE":-0.001058584755,"PER_OI":0.004164954368,"BPS":0.149617500104,"BASIC_EPS":-0.00271332,"DILUTED_EPS":-0.00271332,"OPERATE_INCOME":20087612.4,"OPERATE_INCOME_YOY":-0.1304015468,"GROSS_PROFIT":12506596.32,"GROSS_PROFIT_YOY":10.169808435113,"HOLDER_PROFIT":-13162315.32,"HOLDER_PROFIT_YOY":0.253598355,"GROSS_PROFIT_RATIO":62.260243133724,"EPS_TTM":-0.004637529142,"OPERATE_INCOME_QOQ":0,"NET_PROFIT_RATIO":-68.1674921207,"ROE_AVG":-1.800902121656,"GROSS_PROFIT_QOQ":0,"ROA":-1.769107896983,"HOLDER_PROFIT_QOQ":0,"ROE_YEARLY":-3.601804243313,"ROIC_YEARLY":-3.912577958176,"TOTAL_ASSETS":734593403.52,"TOTAL_LIABILITIES":12639549,"TAX_EBT":null,"OCF_SALES":-25.416479063485,"TOTAL_PARENT_EQUITY":721606549.56,"DEBT_ASSET_RATIO":1.7206183638,"OPERATE_PROFIT":-19630870.2,"PRETAX_PROFIT":-13693221.6,"NETCASH_OPERATE":-5105563.8,"NETCASH_INVEST":7595487.12,"NETCASH_FINANCE":350018.28,"END_CASH":71995232.88,"DIVI_RATIO":null,"DIVIDEND_RATE":null,"CURRENT_RATIO":11.541180679785,"COMMON_ACS":7500000000,"CURRENTDEBT_DEBT":100,"ISSUED_COMMON_SHARES":4823009000,"HK_COMMON_SHARES":4823009000,"PER_SHARES":2000,"TOTAL_MARKET_CAP":91637171,"HKSK_MARKET_CAP":91637171,"PE_TTM":-1.417500750228,"PB_TTM":0.13255467977,"REPORT_DATE_SQ":"2021-06-30 00:00:00","REPORT_TYPE_SQ":"2021年中报","OPERATE_INCOME_SQ":18526421.34,"DPS_HKD":null,"OPERATE_INCOME_QOQ_SQ":0,"NET_PROFIT_RATIO_SQ":-69.5759701425,"HOLDER_PROFIT_SQ":-12154345.4,"HOLDER_PROFIT_QOQ_SQ":0,"ROE_AVG_SQ":-1.740662728402,"PE_TTM_SQ":-4.362520703518,"PB_TTM_SQ":0.229834911205,"ROA_SQ":-1.707803985305,"START_DATE":"2022-04-01 00:00:00","FISCAL_YEAR":"3-31","CURRENCY":"HKD","IS_CNY_CODE":0,"DPS_HKD_LY":null,"ORG_TYPE":"一般企业","PREMIUM_INCOME":null,"PREMIUM_INCOME_YOY":null,"NET_INTEREST_INCOME":null,"NET_INTEREST_INCOME_YOY":null,"FEE_COMMISSION_INCOME":null,"FEE_COMMISSION_INCOME_YOY":null,"ACCOUNTS_RECE_TDAYS":6.153206815348,"INVENTORY_TDAYS":15.171040723982,"CURRENT_ASSETS_TDAYS":0.139990608464,"TOTAL_ASSETS_TDAYS":0.026999166077,"PREMIUM_EXPENSE":null,"LOAN_DEPOSIT":null,"LOAN_EQUITY":null,"LOAN_ASSETS":null,"DEPOSIT_EQUITY":null,"DEPOSIT_ASSETS":null,"EQUITY_MULTIPLIER":1.017507419513,"EQUITY_RATIO":0.01751584573},{"SECUCODE":"00923.HK","SECURITY_CODE":"00923","SECURITY_NAME_ABBR":"综合环保集团","ORG_CODE":"10152076","STD_REPORT_DATE":"2021-12-31 00:00:00","REPORT_DATE":"2022-03-31 00:00:00","DATE_TYPE_CODE":"001","REPORT_TYPE":"2021年年报","PER_NETCASH_OPERATE":-0.002817090022,"PER_OI":0.007083334333,"BPS":0.13760760853,"BASIC_EPS":-0.00486606,"DILUTED_EPS":-0.00486606,"OPERATE_INCOME":34162985.24,"OPERATE_INCOME_YOY":-17.9285352453,"GROSS_PROFIT":20405011.6,"GROSS_PROFIT_YOY":-16.992264476709,"HOLDER_PROFIT":-22366844.79,"HOLDER_PROFIT_YOY":-15.4271125434,"GROSS_PROFIT_RATIO":59.728420852721,"EPS_TTM":-0.004897338027,"OPERATE_INCOME_QOQ":0,"NET_PROFIT_RATIO":-69.3856233976,"ROE_AVG":-3.315182113235,"GROSS_PROFIT_QOQ":0,"ROA":-3.253539296052,"HOLDER_PROFIT_QOQ":0,"ROE_YEARLY":-3.315182113235,"ROIC_YEARLY":-3.586765681289,"TOTAL_ASSETS":675594038.28,"TOTAL_LIABILITIES":11123813.16,"TAX_EBT":null,"OCF_SALES":-39.770677048713,"TOTAL_PARENT_EQUITY":663682734.41,"DEBT_ASSET_RATIO":1.6465232861,"OPERATE_PROFIT":-29816782.65,"PRETAX_PROFIT":-23704200.28,"NETCASH_OPERATE":-13586850.53,"NETCASH_INVEST":11416587.77,"NETCASH_FINANCE":653674.06,"END_CASH":62011446.62,"DIVI_RATIO":null,"DIVIDEND_RATE":null,"CURRENT_RATIO":11.374963546223,"COMMON_ACS":7500000000,"CURRENTDEBT_DEBT":100,"ISSUED_COMMON_SHARES":4823009000,"HK_COMMON_SHARES":4823009000,"PER_SHARES":2000,"TOTAL_MARKET_CAP":91637171,"HKSK_MARKET_CAP":91637171,"PE_TTM":-1.417500750228,"PB_TTM":0.13255467977,"REPORT_DATE_SQ":"2020-12-31 00:00:00","REPORT_TYPE_SQ":"2020年年报","OPERATE_INCOME_SQ":43379708.68,"DPS_HKD":null,"OPERATE_INCOME_QOQ_SQ":0,"NET_PROFIT_RATIO_SQ":-46.9839847251,"HOLDER_PROFIT_SQ":-20193885.74,"HOLDER_PROFIT_QOQ_SQ":0,"ROE_AVG_SQ":-2.788516582238,"PE_TTM_SQ":-4.362520703518,"PB_TTM_SQ":0.229834911205,"ROA_SQ":-2.723798840393,"START_DATE":"2021-04-01 00:00:00","FISCAL_YEAR":"3-31","CURRENCY":"HKD","IS_CNY_CODE":0,"DPS_HKD_LY":null,"ORG_TYPE":"一般企业","PREMIUM_INCOME":null,"PREMIUM_INCOME_YOY":null,"NET_INTEREST_INCOME":null,"NET_INTEREST_INCOME_YOY":null,"FEE_COMMISSION_INCOME":null,"FEE_COMMISSION_INCOME_YOY":null,"ACCOUNTS_RECE_TDAYS":9.934905660377,"INVENTORY_TDAYS":34.444670050761,"CURRENT_ASSETS_TDAYS":0.27495814336,"TOTAL_ASSETS_TDAYS":0.049694365027,"PREMIUM_EXPENSE":null,"LOAN_DEPOSIT":null,"LOAN_EQUITY":null,"LOAN_ASSETS":null,"DEPOSIT_EQUITY":null,"DEPOSIT_ASSETS":null,"EQUITY_MULTIPLIER":1.016740875271,"EQUITY_RATIO":0.016760739105},{"SECUCODE":"00923.HK","SECURITY_CODE":"00923","SECURITY_NAME_ABBR":"综合环保集团","ORG_CODE":"10152076","STD_REPORT_DATE":"2021-06-30 00:00:00","REPORT_DATE":"2021-09-30 00:00:00","DATE_TYPE_CODE":"002","REPORT_TYPE":"2021年中报","PER_NETCASH_OPERATE":-0.001494254325,"PER_OI":0.003841257883,"BPS":0.143520614795,"BASIC_EPS":-0.00249918,"DILUTED_EPS":-0.00249918,"OPERATE_INCOME":18526421.34,"OPERATE_INCOME_YOY":-21.8257874016,"GROSS_PROFIT":11352108.62,"GROSS_PROFIT_YOY":-12.402260779098,"HOLDER_PROFIT":-12154345.4,"HOLDER_PROFIT_YOY":-46.8841236283,"GROSS_PROFIT_RATIO":61.275237195917,"EPS_TTM":-0.004186989023,"OPERATE_INCOME_QOQ":0,"NET_PROFIT_RATIO":-69.5759701425,"ROE_AVG":-1.740662728402,"GROSS_PROFIT_QOQ":0,"ROA":-1.707803985305,"HOLDER_PROFIT_QOQ":0,"ROE_YEARLY":-3.481325456805,"ROIC_YEARLY":-3.789147818318,"TOTAL_ASSETS":705045335.92,"TOTAL_LIABILITIES":11723653.38,"TAX_EBT":null,"OCF_SALES":-38.900130401547,"TOTAL_PARENT_EQUITY":692201216.84,"DEBT_ASSET_RATIO":1.6628226275,"OPERATE_PROFIT":-17227680.8,"PRETAX_PROFIT":-12889937.38,"NETCASH_OPERATE":-7206802.06,"NETCASH_INVEST":14102872.74,"NETCASH_FINANCE":344886.84,"END_CASH":72496213.44,"DIVI_RATIO":null,"DIVIDEND_RATE":null,"CURRENT_RATIO":10.940382292333,"COMMON_ACS":7500000000,"CURRENTDEBT_DEBT":100,"ISSUED_COMMON_SHARES":4823009000,"HK_COMMON_SHARES":4823009000,"PER_SHARES":2000,"TOTAL_MARKET_CAP":91637171,"HKSK_MARKET_CAP":91637171,"PE_TTM":-1.417500750228,"PB_TTM":0.13255467977,"REPORT_DATE_SQ":"2020-06-30 00:00:00","REPORT_TYPE_SQ":"2020年中报","OPERATE_INCOME_SQ":24997826.56,"DPS_HKD":null,"OPERATE_INCOME_QOQ_SQ":0,"NET_PROFIT_RATIO_SQ":-34.9163385827,"HOLDER_PROFIT_SQ":-8728325.76,"HOLDER_PROFIT_QOQ_SQ":0,"ROE_AVG_SQ":-1.150439710496,"PE_TTM_SQ":-4.362520703518,"PB_TTM_SQ":0.229834911205,"ROA_SQ":-1.121829079463,"START_DATE":"2021-04-01 00:00:00","FISCAL_YEAR":"3-31","CURRENCY":"HKD","IS_CNY_CODE":0,"DPS_HKD_LY":null,"ORG_TYPE":"一般企业","PREMIUM_INCOME":null,"PREMIUM_INCOME_YOY":null,"NET_INTEREST_INCOME":null,"NET_INTEREST_INCOME_YOY":null,"FEE_COMMISSION_INCOME":null,"FEE_COMMISSION_INCOME_YOY":null,"ACCOUNTS_RECE_TDAYS":4.135949414171,"INVENTORY_TDAYS":12.844146159582,"CURRENT_ASSETS_TDAYS":0.14614191649,"TOTAL_ASSETS_TDAYS":0.026031427573,"PREMIUM_EXPENSE":null,"LOAN_DEPOSIT":null,"LOAN_EQUITY":null,"LOAN_ASSETS":null,"DEPOSIT_EQUITY":null,"DEPOSIT_ASSETS":null,"EQUITY_MULTIPLIER":1.016909399598,"EQUITY_RATIO":0.016936770833},{"SECUCODE":"00923.HK","SECURITY_CODE":"00923","SECURITY_NAME_ABBR":"综合环保集团","ORG_CODE":"10152076","STD_REPORT_DATE":"2020-12-31 00:00:00","REPORT_DATE":"2021-03-31 00:00:00","DATE_TYPE_CODE":"001","REPORT_TYPE":"2020年年报","PER_NETCASH_OPERATE":-0.001242971294,"PER_OI":0.008994324638,"BPS":0.14815751694,"BASIC_EPS":-0.0042259,"DILUTED_EPS":-0.0042259,"OPERATE_INCOME":43379708.68,"OPERATE_INCOME_YOY":-50.7876695911,"GROSS_PROFIT":24582060.3,"GROSS_PROFIT_YOY":40.044056742668,"HOLDER_PROFIT":-20193885.74,"HOLDER_PROFIT_YOY":69.2056863731,"GROSS_PROFIT_RATIO":56.667186221408,"EPS_TTM":-0.010379188453,"OPERATE_INCOME_QOQ":0,"NET_PROFIT_RATIO":-46.9839847251,"ROE_AVG":-2.788516582238,"GROSS_PROFIT_QOQ":0,"ROA":-2.723798840393,"HOLDER_PROFIT_QOQ":0,"ROE_YEARLY":-2.788516582238,"ROIC_YEARLY":-3.033346113513,"TOTAL_ASSETS":728794488.1,"TOTAL_LIABILITIES":12760527.64,"TAX_EBT":null,"OCF_SALES":-13.819506682773,"TOTAL_PARENT_EQUITY":714565037.62,"DEBT_ASSET_RATIO":1.7509089117,"OPERATE_PROFIT":-28966854.14,"PRETAX_PROFIT":-20381515.7,"NETCASH_OPERATE":-5994861.74,"NETCASH_INVEST":-11682923.14,"NETCASH_FINANCE":241721.48,"END_CASH":66204639.76,"DIVI_RATIO":null,"DIVIDEND_RATE":null,"CURRENT_RATIO":9.960524572791,"COMMON_ACS":7500000000,"CURRENTDEBT_DEBT":100,"ISSUED_COMMON_SHARES":4823009000,"HK_COMMON_SHARES":4823009000,"PER_SHARES":2000,"TOTAL_MARKET_CAP":91637171,"HKSK_MARKET_CAP":91637171,"PE_TTM":-1.417500750228,"PB_TTM":0.13255467977,"REPORT_DATE_SQ":"2019-12-31 00:00:00","REPORT_TYPE_SQ":"2019年年报","OPERATE_INCOME_SQ":95294341.5,"DPS_HKD":null,"OPERATE_INCOME_QOQ_SQ":0,"NET_PROFIT_RATIO_SQ":-74.3937868546,"HOLDER_PROFIT_SQ":-70893069.3,"HOLDER_PROFIT_QOQ_SQ":0,"ROE_AVG_SQ":-8.554460554322,"PE_TTM_SQ":-4.362520703518,"PB_TTM_SQ":0.229834911205,"ROA_SQ":-8.342010720358,"START_DATE":"2020-04-01 00:00:00","FISCAL_YEAR":"3-31","CURRENCY":"HKD","IS_CNY_CODE":0,"DPS_HKD_LY":null,"ORG_TYPE":"一般企业","PREMIUM_INCOME":null,"PREMIUM_INCOME_YOY":null,"NET_INTEREST_INCOME":null,"NET_INTEREST_INCOME_YOY":null,"FEE_COMMISSION_INCOME":null,"FEE_COMMISSION_INCOME_YOY":null,"ACCOUNTS_RECE_TDAYS":8.138587171965,"INVENTORY_TDAYS":18.880305602716,"CURRENT_ASSETS_TDAYS":0.324601568429,"TOTAL_ASSETS_TDAYS":0.058511572127,"PREMIUM_EXPENSE":null,"LOAN_DEPOSIT":null,"LOAN_EQUITY":null,"LOAN_ASSETS":null,"DEPOSIT_EQUITY":null,"DEPOSIT_ASSETS":null,"EQUITY_MULTIPLIER":1.017821120708,"EQUITY_RATIO":0.017857755373},{"SECUCODE":"00923.HK","SECURITY_CODE":"00923","SECURITY_NAME_ABBR":"综合环保集团","ORG_CODE":"10152076","STD_REPORT_DATE":"2020-06-30 00:00:00","REPORT_DATE":"2020-09-30 00:00:00","DATE_TYPE_CODE":"002","REPORT_TYPE":"2020年中报","PER_NETCASH_OPERATE":0.000218814172,"PER_OI":0.005183035437,"BPS":0.156432273778,"BASIC_EPS":-0.00175744,"DILUTED_EPS":-0.00175744,"OPERATE_INCOME":24997826.56,"OPERATE_INCOME_YOY":-54.1072465639,"GROSS_PROFIT":12959362.56,"GROSS_PROFIT_YOY":67.743198780556,"HOLDER_PROFIT":-8728325.76,"HOLDER_PROFIT_YOY":69.6924391286,"GROSS_PROFIT_RATIO":51.841957255343,"EPS_TTM":-0.014698929506,"OPERATE_INCOME_QOQ":0,"NET_PROFIT_RATIO":-34.9163385827,"ROE_AVG":-1.150439710496,"GROSS_PROFIT_QOQ":0,"ROA":-1.121829079463,"HOLDER_PROFIT_QOQ":0,"ROE_YEARLY":-2.300879420993,"ROIC_YEARLY":-2.503828339162,"TOTAL_ASSETS":772188380.8,"TOTAL_LIABILITIES":17714116.48,"TAX_EBT":null,"OCF_SALES":4.221737907762,"TOTAL_PARENT_EQUITY":754474264.32,"DEBT_ASSET_RATIO":2.2940148959,"OPERATE_PROFIT":-14840702.08,"PRETAX_PROFIT":-8728325.76,"NETCASH_OPERATE":1055342.72,"NETCASH_INVEST":-12608753.28,"NETCASH_FINANCE":-674856.96,"END_CASH":74731621.12,"DIVI_RATIO":null,"DIVIDEND_RATE":null,"CURRENT_RATIO":7.352944094449,"COMMON_ACS":7500000000,"CURRENTDEBT_DEBT":100,"ISSUED_COMMON_SHARES":4823009000,"HK_COMMON_SHARES":4823009000,"PER_SHARES":2000,"TOTAL_MARKET_CAP":91637171,"HKSK_MARKET_CAP":91637171,"PE_TTM":-1.417500750228,"PB_TTM":0.13255467977,"REPORT_DATE_SQ":"2019-06-30 00:00:00","REPORT_TYPE_SQ":"2019年中报","OPERATE_INCOME_SQ":55913795.88,"DPS_HKD":null,"OPERATE_INCOME_QOQ_SQ":0,"NET_PROFIT_RATIO_SQ":-52.8715235207,"HOLDER_PROFIT_SQ":-29562475.74,"HOLDER_PROFIT_QOQ_SQ":0,"ROE_AVG_SQ":-3.526353504727,"PE_TTM_SQ":-4.362520703518,"PB_TTM_SQ":0.229834911205,"ROA_SQ":-3.441636620341,"START_DATE":"2020-04-01 00:00:00","FISCAL_YEAR":"3-31","CURRENCY":"HKD","IS_CNY_CODE":0,"DPS_HKD_LY":null,"ORG_TYPE":"一般企业","PREMIUM_INCOME":null,"PREMIUM_INCOME_YOY":null,"NET_INTEREST_INCOME":null,"NET_INTEREST_INCOME_YOY":null,"FEE_COMMISSION_INCOME":null,"FEE_COMMISSION_INCOME_YOY":null,"ACCOUNTS_RECE_TDAYS":4.90060292851,"INVENTORY_TDAYS":12.107821475917,"CURRENT_ASSETS_TDAYS":0.181148991989,"TOTAL_ASSETS_TDAYS":0.032129058343,"PREMIUM_EXPENSE":null,"LOAN_DEPOSIT":null,"LOAN_EQUITY":null,"LOAN_ASSETS":null,"DEPOSIT_EQUITY":null,"DEPOSIT_ASSETS":null,"EQUITY_MULTIPLIER":1.023478755098,"EQUITY_RATIO":0.023478755098}],"count":35},"success":true,"message":"ok","code":0}