{"version":"da6f630e08b9859e13279591da91e1ca","result":{"pages":6,"data":[{"SECUCODE":"00928.HK","SECURITY_CODE":"00928","SECURITY_NAME_ABBR":"帝王国际投资","ORG_CODE":"10009169","STD_REPORT_DATE":"2024-06-30 00:00:00","REPORT_DATE":"2024-09-30 00:00:00","DATE_TYPE_CODE":"002","REPORT_TYPE":"2024年中报","PER_NETCASH_OPERATE":0.00003752534,"PER_OI":0.018122302635,"BPS":0.131338690906,"BASIC_EPS":-0.000811611,"DILUTED_EPS":-0.000811611,"OPERATE_INCOME":33533962.94,"OPERATE_INCOME_YOY":-55.4269001642,"GROSS_PROFIT":909906.11,"GROSS_PROFIT_YOY":-91.751931592824,"HOLDER_PROFIT":-1431140.73,"HOLDER_PROFIT_YOY":-193.7389249852,"GROSS_PROFIT_RATIO":2.713386758457,"EPS_TTM":0.007749466979,"OPERATE_INCOME_QOQ":0,"NET_PROFIT_RATIO":-4.2704243533,"ROE_AVG":-0.588489414051,"GROSS_PROFIT_QOQ":0,"ROA":-0.47174298182,"HOLDER_PROFIT_QOQ":0,"ROE_YEARLY":-1.176978828101,"ROIC_YEARLY":-0.933846644963,"TOTAL_ASSETS":303623675.1,"TOTAL_LIABILITIES":64017170.31,"TAX_EBT":-2.253702511269,"OCF_SALES":0.207067175819,"TOTAL_PARENT_EQUITY":243032405,"DEBT_ASSET_RATIO":21.0843802905,"OPERATE_PROFIT":-1400479.87,"PRETAX_PROFIT":-1400479.87,"NETCASH_OPERATE":69437.83,"NETCASH_INVEST":null,"NETCASH_FINANCE":-444582.47,"END_CASH":161420.41,"DIVI_RATIO":null,"DIVIDEND_RATE":null,"CURRENT_RATIO":4.817649622313,"COMMON_ACS":10000000000,"CURRENTDEBT_DEBT":96.972770429221,"ISSUED_COMMON_SHARES":1850425060,"HK_COMMON_SHARES":1850425060,"PER_SHARES":20000,"TOTAL_MARKET_CAP":53662326.74,"HKSK_MARKET_CAP":53662326.74,"PE_TTM":4.279975015154,"PB_TTM":0.19911809551,"REPORT_DATE_SQ":"2023-06-30 00:00:00","REPORT_TYPE_SQ":"2023年中报","OPERATE_INCOME_SQ":76555118.01,"DPS_HKD":null,"OPERATE_INCOME_QOQ_SQ":0,"NET_PROFIT_RATIO_SQ":1.1543025639,"HOLDER_PROFIT_SQ":1553547.59,"HOLDER_PROFIT_QOQ_SQ":0,"ROE_AVG_SQ":0.712824097075,"PE_TTM_SQ":-6.906744613932,"PB_TTM_SQ":0.646655803745,"ROA_SQ":0.610157152408,"START_DATE":"2024-04-01 00:00:00","FISCAL_YEAR":"3-31","CURRENCY":"HKD","IS_CNY_CODE":0,"DPS_HKD_LY":null,"ORG_TYPE":"一般企业","PREMIUM_INCOME":null,"PREMIUM_INCOME_YOY":null,"NET_INTEREST_INCOME":null,"NET_INTEREST_INCOME_YOY":null,"FEE_COMMISSION_INCOME":null,"FEE_COMMISSION_INCOME_YOY":null,"ACCOUNTS_RECE_TDAYS":0.245489414235,"INVENTORY_TDAYS":0.201684748068,"CURRENT_ASSETS_TDAYS":0.112284367574,"TOTAL_ASSETS_TDAYS":0.110537079533,"PREMIUM_EXPENSE":null,"LOAN_DEPOSIT":null,"LOAN_EQUITY":null,"LOAN_ASSETS":null,"DEPOSIT_EQUITY":null,"DEPOSIT_ASSETS":null,"EQUITY_MULTIPLIER":1.267176262039,"EQUITY_RATIO":0.263410018553},{"SECUCODE":"00928.HK","SECURITY_CODE":"00928","SECURITY_NAME_ABBR":"帝王国际投资","ORG_CODE":"10009169","STD_REPORT_DATE":"2023-12-31 00:00:00","REPORT_DATE":"2024-03-31 00:00:00","DATE_TYPE_CODE":"001","REPORT_TYPE":"2023年年报","PER_NETCASH_OPERATE":-0.015833545537,"PER_OI":0.11448370168,"BPS":0.132201948157,"BASIC_EPS":0.00870288,"DILUTED_EPS":0.00870288,"OPERATE_INCOME":211843510.55,"OPERATE_INCOME_YOY":4.3903811877,"GROSS_PROFIT":34257617.95,"GROSS_PROFIT_YOY":224.784020744527,"HOLDER_PROFIT":14339807.9,"HOLDER_PROFIT_YOY":162.7897745316,"GROSS_PROFIT_RATIO":16.171190640232,"EPS_TTM":-0.010461584351,"OPERATE_INCOME_QOQ":0,"NET_PROFIT_RATIO":6.467791562,"ROE_AVG":6.235513016604,"GROSS_PROFIT_QOQ":0,"ROA":5.269127569316,"HOLDER_PROFIT_QOQ":0,"ROE_YEARLY":6.235513016604,"ROIC_YEARLY":5.357929179679,"TOTAL_ASSETS":304722277.7,"TOTAL_LIABILITIES":63535556.75,"TAX_EBT":36.68202764977,"OCF_SALES":-13.830392714855,"TOTAL_PARENT_EQUITY":244629797.85,"DEBT_ASSET_RATIO":20.8503156479,"OPERATE_PROFIT":21652040.2,"PRETAX_PROFIT":21639348.5,"NETCASH_OPERATE":-29298789.45,"NETCASH_INVEST":906.55,"NETCASH_FINANCE":15761278.3,"END_CASH":428798.15,"DIVI_RATIO":null,"DIVIDEND_RATE":null,"CURRENT_RATIO":4.888355111453,"COMMON_ACS":10000000000,"CURRENTDEBT_DEBT":96.5285011058,"ISSUED_COMMON_SHARES":1850425060,"HK_COMMON_SHARES":1850425060,"PER_SHARES":20000,"TOTAL_MARKET_CAP":81418702.64,"HKSK_MARKET_CAP":81418702.64,"PE_TTM":6.493755195406,"PB_TTM":0.302110213878,"REPORT_DATE_SQ":"2022-12-31 00:00:00","REPORT_TYPE_SQ":"2022年年报","OPERATE_INCOME_SQ":195963154.73,"DPS_HKD":null,"OPERATE_INCOME_QOQ_SQ":0,"NET_PROFIT_RATIO_SQ":-14.1847551742,"HOLDER_PROFIT_SQ":-22053328.72,"HOLDER_PROFIT_QOQ_SQ":0,"ROE_AVG_SQ":-10.081074375535,"PE_TTM_SQ":-5.824965337051,"PB_TTM_SQ":0.545372364604,"ROA_SQ":-8.882792762456,"START_DATE":"2023-04-01 00:00:00","FISCAL_YEAR":"3-31","CURRENCY":"HKD","IS_CNY_CODE":0,"DPS_HKD_LY":null,"ORG_TYPE":"一般企业","PREMIUM_INCOME":null,"PREMIUM_INCOME_YOY":null,"NET_INTEREST_INCOME":null,"NET_INTEREST_INCOME_YOY":null,"FEE_COMMISSION_INCOME":null,"FEE_COMMISSION_INCOME_YOY":null,"ACCOUNTS_RECE_TDAYS":1.310352175266,"INVENTORY_TDAYS":0.996373439129,"CURRENT_ASSETS_TDAYS":0.812838819079,"TOTAL_ASSETS_TDAYS":0.778413832043,"PREMIUM_EXPENSE":null,"LOAN_DEPOSIT":null,"LOAN_EQUITY":null,"LOAN_ASSETS":null,"DEPOSIT_EQUITY":null,"DEPOSIT_ASSETS":null,"EQUITY_MULTIPLIER":1.263428917229,"EQUITY_RATIO":0.259721249449},{"SECUCODE":"00928.HK","SECURITY_CODE":"00928","SECURITY_NAME_ABBR":"帝王国际投资","ORG_CODE":"10009169","STD_REPORT_DATE":"2023-06-30 00:00:00","REPORT_DATE":"2023-09-30 00:00:00","DATE_TYPE_CODE":"002","REPORT_TYPE":"2023年中报","PER_NETCASH_OPERATE":-0.010150893747,"PER_OI":0.049645832611,"BPS":0.117780262017,"BASIC_EPS":0.001009393,"DILUTED_EPS":0.001009393,"OPERATE_INCOME":76555118.01,"OPERATE_INCOME_YOY":47.9018561526,"GROSS_PROFIT":11031747.86,"GROSS_PROFIT_YOY":141.292268177726,"HOLDER_PROFIT":1553547.59,"HOLDER_PROFIT_YOY":234.1521394612,"GROSS_PROFIT_RATIO":14.410202931905,"EPS_TTM":-0.014301537175,"OPERATE_INCOME_QOQ":0,"NET_PROFIT_RATIO":1.1543025639,"ROE_AVG":0.712824097075,"GROSS_PROFIT_QOQ":0,"ROA":0.610157152408,"HOLDER_PROFIT_QOQ":0,"ROE_YEARLY":1.425648194151,"ROIC_YEARLY":1.241967193873,"TOTAL_ASSETS":266727512.1,"TOTAL_LIABILITIES":52364555.95,"TAX_EBT":64.200743494424,"OCF_SALES":-20.446618001367,"TOTAL_PARENT_EQUITY":217943548.41,"DEBT_ASSET_RATIO":19.6322289882,"OPERATE_PROFIT":2468424.7,"PRETAX_PROFIT":2468424.7,"NETCASH_OPERATE":-15652932.54,"NETCASH_INVEST":null,"NETCASH_FINANCE":-884595.32,"END_CASH":276206.63,"DIVI_RATIO":null,"DIVIDEND_RATE":null,"CURRENT_RATIO":4.929679197363,"COMMON_ACS":10000000000,"CURRENTDEBT_DEBT":97.287303951634,"ISSUED_COMMON_SHARES":1850425060,"HK_COMMON_SHARES":1850425060,"PER_SHARES":20000,"TOTAL_MARKET_CAP":81418702.64,"HKSK_MARKET_CAP":81418702.64,"PE_TTM":6.493755195406,"PB_TTM":0.302110213878,"REPORT_DATE_SQ":"2022-06-30 00:00:00","REPORT_TYPE_SQ":"2022年中报","OPERATE_INCOME_SQ":51016747.08,"DPS_HKD":null,"OPERATE_INCOME_QOQ_SQ":0,"NET_PROFIT_RATIO_SQ":-2.3773645115,"HOLDER_PROFIT_SQ":-1141403.28,"HOLDER_PROFIT_QOQ_SQ":0,"ROE_AVG_SQ":-0.482156024467,"PE_TTM_SQ":-5.824965337051,"PB_TTM_SQ":0.545372364604,"ROA_SQ":-0.422495367449,"START_DATE":"2023-04-01 00:00:00","FISCAL_YEAR":"3-31","CURRENCY":"HKD","IS_CNY_CODE":0,"DPS_HKD_LY":null,"ORG_TYPE":"一般企业","PREMIUM_INCOME":null,"PREMIUM_INCOME_YOY":null,"NET_INTEREST_INCOME":null,"NET_INTEREST_INCOME_YOY":null,"FEE_COMMISSION_INCOME":null,"FEE_COMMISSION_INCOME_YOY":null,"ACCOUNTS_RECE_TDAYS":0.415216698851,"INVENTORY_TDAYS":0.755033202216,"CURRENT_ASSETS_TDAYS":0.322143685961,"TOTAL_ASSETS_TDAYS":0.300670884548,"PREMIUM_EXPENSE":null,"LOAN_DEPOSIT":null,"LOAN_EQUITY":null,"LOAN_ASSETS":null,"DEPOSIT_EQUITY":null,"DEPOSIT_ASSETS":null,"EQUITY_MULTIPLIER":1.244279874147,"EQUITY_RATIO":0.240266602669},{"SECUCODE":"00928.HK","SECURITY_CODE":"00928","SECURITY_NAME_ABBR":"帝王国际投资","ORG_CODE":"10009169","STD_REPORT_DATE":"2022-12-31 00:00:00","REPORT_DATE":"2023-03-31 00:00:00","DATE_TYPE_CODE":"001","REPORT_TYPE":"2022年年报","PER_NETCASH_OPERATE":-0.076349612301,"PER_OI":0.127081692648,"BPS":0.112360266052,"BASIC_EPS":-0.014969511,"DILUTED_EPS":-0.014969511,"OPERATE_INCOME":195963154.73,"OPERATE_INCOME_YOY":141.0313008086,"GROSS_PROFIT":10547815.09,"GROSS_PROFIT_YOY":-5.440040290206,"HOLDER_PROFIT":-22053328.72,"HOLDER_PROFIT_YOY":26.890707528,"GROSS_PROFIT_RATIO":5.382550155683,"EPS_TTM":-0.016385989058,"OPERATE_INCOME_QOQ":0,"NET_PROFIT_RATIO":-14.1847551742,"ROE_AVG":-10.081074375535,"GROSS_PROFIT_QOQ":0,"ROA":-8.882792762456,"HOLDER_PROFIT_QOQ":0,"ROE_YEARLY":-10.081074375535,"ROIC_YEARLY":-9.77513920416,"TOTAL_ASSETS":231343725.29,"TOTAL_LIABILITIES":27377572.34,"TAX_EBT":-3.399654824319,"OCF_SALES":-60.079159091011,"TOTAL_PARENT_EQUITY":207914252.05,"DEBT_ASSET_RATIO":11.8341538357,"OPERATE_PROFIT":-27143837.87,"PRETAX_PROFIT":-26882965.69,"NETCASH_OPERATE":-117733015.49,"NETCASH_INVEST":83049271.29,"NETCASH_FINANCE":23987109.41,"END_CASH":15570042.26,"DIVI_RATIO":null,"DIVIDEND_RATE":null,"CURRENT_RATIO":8.477995279745,"COMMON_ACS":10000000000,"CURRENTDEBT_DEBT":92.127645967897,"ISSUED_COMMON_SHARES":1850425060,"HK_COMMON_SHARES":1850425060,"PER_SHARES":20000,"TOTAL_MARKET_CAP":81418702.64,"HKSK_MARKET_CAP":81418702.64,"PE_TTM":6.493755195406,"PB_TTM":0.302110213878,"REPORT_DATE_SQ":"2021-12-31 00:00:00","REPORT_TYPE_SQ":"2021年年报","OPERATE_INCOME_SQ":75320931.73,"DPS_HKD":null,"OPERATE_INCOME_QOQ_SQ":0,"NET_PROFIT_RATIO_SQ":-40.1817535775,"HOLDER_PROFIT_SQ":-27945782.58,"HOLDER_PROFIT_QOQ_SQ":0,"ROE_AVG_SQ":-12.465249201885,"PE_TTM_SQ":-5.824965337051,"PB_TTM_SQ":0.545372364604,"ROA_SQ":-10.974794091231,"START_DATE":"2022-04-01 00:00:00","FISCAL_YEAR":"3-31","CURRENCY":"HKD","IS_CNY_CODE":0,"DPS_HKD_LY":null,"ORG_TYPE":"一般企业","PREMIUM_INCOME":null,"PREMIUM_INCOME_YOY":null,"NET_INTEREST_INCOME":null,"NET_INTEREST_INCOME_YOY":null,"FEE_COMMISSION_INCOME":null,"FEE_COMMISSION_INCOME_YOY":null,"ACCOUNTS_RECE_TDAYS":1.169934879637,"INVENTORY_TDAYS":null,"CURRENT_ASSETS_TDAYS":1.014479420642,"TOTAL_ASSETS_TDAYS":0.789313991844,"PREMIUM_EXPENSE":null,"LOAN_DEPOSIT":null,"LOAN_EQUITY":null,"LOAN_ASSETS":null,"DEPOSIT_EQUITY":null,"DEPOSIT_ASSETS":null,"EQUITY_MULTIPLIER":1.134226056353,"EQUITY_RATIO":0.131677227848},{"SECUCODE":"00928.HK","SECURITY_CODE":"00928","SECURITY_NAME_ABBR":"帝王国际投资","ORG_CODE":"10009169","STD_REPORT_DATE":"2022-06-30 00:00:00","REPORT_DATE":"2022-09-30 00:00:00","DATE_TYPE_CODE":"002","REPORT_TYPE":"2022年中报","PER_NETCASH_OPERATE":-0.024223582981,"PER_OI":0.033084252911,"BPS":0.127667328262,"BASIC_EPS":-0.000813996,"DILUTED_EPS":-0.000813996,"OPERATE_INCOME":51016747.08,"OPERATE_INCOME_YOY":-35.528962648,"GROSS_PROFIT":4571944.2,"GROSS_PROFIT_YOY":-37.726845028113,"HOLDER_PROFIT":-1141403.28,"HOLDER_PROFIT_YOY":72.4754634678,"GROSS_PROFIT_RATIO":8.961653695463,"EPS_TTM":-0.02174726661,"OPERATE_INCOME_QOQ":0,"NET_PROFIT_RATIO":-2.3773645115,"ROE_AVG":-0.482156024467,"GROSS_PROFIT_QOQ":0,"ROA":-0.422495367449,"HOLDER_PROFIT_QOQ":0,"ROE_YEARLY":-0.964312048934,"ROIC_YEARLY":-1.132016235732,"TOTAL_ASSETS":266324115.72,"TOTAL_LIABILITIES":29345460.24,"TAX_EBT":null,"OCF_SALES":-73.217863031184,"TOTAL_PARENT_EQUITY":236238823.56,"DEBT_ASSET_RATIO":11.0187018403,"OPERATE_PROFIT":-1212854.04,"PRETAX_PROFIT":-1212854.04,"NETCASH_OPERATE":-37353372,"NETCASH_INVEST":86075554.8,"NETCASH_FINANCE":23517248.88,"END_CASH":101434754.88,"DIVI_RATIO":null,"DIVIDEND_RATE":null,"CURRENT_RATIO":9.157811533439,"COMMON_ACS":10000000000,"CURRENTDEBT_DEBT":89.681316649202,"ISSUED_COMMON_SHARES":1850425060,"HK_COMMON_SHARES":1850425060,"PER_SHARES":20000,"TOTAL_MARKET_CAP":88820402.88,"HKSK_MARKET_CAP":88820402.88,"PE_TTM":7.084096576807,"PB_TTM":0.329574778776,"REPORT_DATE_SQ":"2021-06-30 00:00:00","REPORT_TYPE_SQ":"2021年中报","OPERATE_INCOME_SQ":72886085.52,"DPS_HKD":null,"OPERATE_INCOME_QOQ_SQ":0,"NET_PROFIT_RATIO_SQ":-5.2461939377,"HOLDER_PROFIT_SQ":-3819580.1,"HOLDER_PROFIT_QOQ_SQ":0,"ROE_AVG_SQ":-1.580745587875,"PE_TTM_SQ":-5.408896384404,"PB_TTM_SQ":0.506417195704,"ROA_SQ":-1.395230654298,"START_DATE":"2022-04-01 00:00:00","FISCAL_YEAR":"3-31","CURRENCY":"HKD","IS_CNY_CODE":0,"DPS_HKD_LY":null,"ORG_TYPE":"一般企业","PREMIUM_INCOME":null,"PREMIUM_INCOME_YOY":null,"NET_INTEREST_INCOME":null,"NET_INTEREST_INCOME_YOY":null,"FEE_COMMISSION_INCOME":null,"FEE_COMMISSION_INCOME_YOY":null,"ACCOUNTS_RECE_TDAYS":0.414379536305,"INVENTORY_TDAYS":2.879120879121,"CURRENT_ASSETS_TDAYS":0.243384348531,"TOTAL_ASSETS_TDAYS":0.188840698825,"PREMIUM_EXPENSE":null,"LOAN_DEPOSIT":null,"LOAN_EQUITY":null,"LOAN_ASSETS":null,"DEPOSIT_EQUITY":null,"DEPOSIT_ASSETS":null,"EQUITY_MULTIPLIER":1.123831659778,"EQUITY_RATIO":0.124219464852},{"SECUCODE":"00928.HK","SECURITY_CODE":"00928","SECURITY_NAME_ABBR":"帝王国际投资","ORG_CODE":"10009169","STD_REPORT_DATE":"2021-12-31 00:00:00","REPORT_DATE":"2022-03-31 00:00:00","DATE_TYPE_CODE":"001","REPORT_TYPE":"2021年年报","PER_NETCASH_OPERATE":0.061129396636,"PER_OI":0.05861436798,"BPS":0.114954201836,"BASIC_EPS":-0.021735068,"DILUTED_EPS":-0.021735068,"OPERATE_INCOME":75320931.73,"OPERATE_INCOME_YOY":-8.9846238277,"GROSS_PROFIT":11154631.54,"GROSS_PROFIT_YOY":-53.400409611021,"HOLDER_PROFIT":-27945782.58,"HOLDER_PROFIT_YOY":-651.8655902247,"GROSS_PROFIT_RATIO":14.80947099803,"EPS_TTM":-0.006243799448,"OPERATE_INCOME_QOQ":0,"NET_PROFIT_RATIO":-40.1817535775,"ROE_AVG":-12.465249201885,"GROSS_PROFIT_QOQ":0,"ROA":-10.974794091231,"HOLDER_PROFIT_QOQ":0,"ROE_YEARLY":-12.465249201885,"ROIC_YEARLY":-11.948672514204,"TOTAL_ASSETS":245687369.4,"TOTAL_LIABILITIES":32080311.56,"TAX_EBT":-1.719955297517,"OCF_SALES":104.290805723946,"TOTAL_PARENT_EQUITY":212714135.83,"DEBT_ASSET_RATIO":13.0573710966,"OPERATE_PROFIT":-24944234.57,"PRETAX_PROFIT":-29753523.87,"NETCASH_OPERATE":78552806.58,"NETCASH_INVEST":-55003509.21,"NETCASH_FINANCE":-673138.3,"END_CASH":30333396.02,"DIVI_RATIO":null,"DIVIDEND_RATE":null,"CURRENT_RATIO":5.003377091639,"COMMON_ACS":10000000000,"CURRENTDEBT_DEBT":99.562645363535,"ISSUED_COMMON_SHARES":1850425060,"HK_COMMON_SHARES":1850425060,"PER_SHARES":20000,"TOTAL_MARKET_CAP":81418702.64,"HKSK_MARKET_CAP":81418702.64,"PE_TTM":6.493755195406,"PB_TTM":0.302110213878,"REPORT_DATE_SQ":"2020-12-31 00:00:00","REPORT_TYPE_SQ":"2020年年报","OPERATE_INCOME_SQ":86243012.38,"DPS_HKD":null,"OPERATE_INCOME_QOQ_SQ":0,"NET_PROFIT_RATIO_SQ":-2.2990758617,"HOLDER_PROFIT_SQ":-3873459.94,"HOLDER_PROFIT_QOQ_SQ":0,"ROE_AVG_SQ":-1.703676305219,"PE_TTM_SQ":-5.824965337051,"PB_TTM_SQ":0.545372364604,"ROA_SQ":-1.457333331213,"START_DATE":"2021-04-01 00:00:00","FISCAL_YEAR":"3-31","CURRENCY":"HKD","IS_CNY_CODE":0,"DPS_HKD_LY":null,"ORG_TYPE":"一般企业","PREMIUM_INCOME":null,"PREMIUM_INCOME_YOY":null,"NET_INTEREST_INCOME":null,"NET_INTEREST_INCOME_YOY":null,"FEE_COMMISSION_INCOME":null,"FEE_COMMISSION_INCOME_YOY":null,"ACCOUNTS_RECE_TDAYS":0.557772345907,"INVENTORY_TDAYS":2.920059051486,"CURRENT_ASSETS_TDAYS":0.407495892046,"TOTAL_ASSETS_TDAYS":0.29579837821,"PREMIUM_EXPENSE":null,"LOAN_DEPOSIT":null,"LOAN_EQUITY":null,"LOAN_ASSETS":null,"DEPOSIT_EQUITY":null,"DEPOSIT_ASSETS":null,"EQUITY_MULTIPLIER":1.150183762112,"EQUITY_RATIO":0.150814196879},{"SECUCODE":"00928.HK","SECURITY_CODE":"00928","SECURITY_NAME_ABBR":"帝王国际投资","ORG_CODE":"10009169","STD_REPORT_DATE":"2021-06-30 00:00:00","REPORT_DATE":"2021-09-30 00:00:00","DATE_TYPE_CODE":"002","REPORT_TYPE":"2021年中报","PER_NETCASH_OPERATE":0.007426730931,"PER_OI":0.056719582978,"BPS":0.130343491695,"BASIC_EPS":-0.002999016,"DILUTED_EPS":-0.002999016,"OPERATE_INCOME":72886085.52,"OPERATE_INCOME_YOY":-4.6367144072,"GROSS_PROFIT":7341757.78,"GROSS_PROFIT_YOY":-40.57145329093,"HOLDER_PROFIT":-3819580.1,"HOLDER_PROFIT_YOY":-1319.414893617,"GROSS_PROFIT_RATIO":10.072920952773,"EPS_TTM":-0.003014306927,"OPERATE_INCOME_QOQ":0,"NET_PROFIT_RATIO":-5.2461939377,"ROE_AVG":-1.580745587875,"GROSS_PROFIT_QOQ":0,"ROA":-1.395230654298,"HOLDER_PROFIT_QOQ":0,"ROE_YEARLY":-3.161491175751,"ROIC_YEARLY":-2.961054225718,"TOTAL_ASSETS":276768356.86,"TOTAL_LIABILITIES":32232757.52,"TAX_EBT":-22.990353697749,"OCF_SALES":13.093768573127,"TOTAL_PARENT_EQUITY":241190863.44,"DEBT_ASSET_RATIO":11.646113698,"OPERATE_PROFIT":-3108979.92,"PRETAX_PROFIT":-3108979.92,"NETCASH_OPERATE":9543535.36,"NETCASH_INVEST":3332.24,"NETCASH_FINANCE":-368212.52,"END_CASH":18603062.86,"DIVI_RATIO":null,"DIVIDEND_RATE":null,"CURRENT_RATIO":6.968882456322,"COMMON_ACS":10000000000,"CURRENTDEBT_DEBT":100,"ISSUED_COMMON_SHARES":1850425060,"HK_COMMON_SHARES":1850425060,"PER_SHARES":20000,"TOTAL_MARKET_CAP":88820402.88,"HKSK_MARKET_CAP":88820402.88,"PE_TTM":7.084096576807,"PB_TTM":0.329574778776,"REPORT_DATE_SQ":"2020-06-30 00:00:00","REPORT_TYPE_SQ":"2020年中报","OPERATE_INCOME_SQ":80619045.12,"DPS_HKD":null,"OPERATE_INCOME_QOQ_SQ":0,"NET_PROFIT_RATIO_SQ":1.9030802433,"HOLDER_PROFIT_SQ":330398.72,"HOLDER_PROFIT_QOQ_SQ":0,"ROE_AVG_SQ":0.140002308549,"PE_TTM_SQ":-5.408896384404,"PB_TTM_SQ":0.506417195704,"ROA_SQ":0.11929596345,"START_DATE":"2021-04-01 00:00:00","FISCAL_YEAR":"3-31","CURRENCY":"HKD","IS_CNY_CODE":0,"DPS_HKD_LY":null,"ORG_TYPE":"一般企业","PREMIUM_INCOME":null,"PREMIUM_INCOME_YOY":null,"NET_INTEREST_INCOME":null,"NET_INTEREST_INCOME_YOY":null,"FEE_COMMISSION_INCOME":null,"FEE_COMMISSION_INCOME_YOY":null,"ACCOUNTS_RECE_TDAYS":0.414814252899,"INVENTORY_TDAYS":2.903873479858,"CURRENT_ASSETS_TDAYS":0.33114881296,"TOTAL_ASSETS_TDAYS":0.266241047777,"PREMIUM_EXPENSE":null,"LOAN_DEPOSIT":null,"LOAN_EQUITY":null,"LOAN_ASSETS":null,"DEPOSIT_EQUITY":null,"DEPOSIT_ASSETS":null,"EQUITY_MULTIPLIER":1.131812127179,"EQUITY_RATIO":0.133640043658},{"SECUCODE":"00928.HK","SECURITY_CODE":"00928","SECURITY_NAME_ABBR":"帝王国际投资","ORG_CODE":"10009169","STD_REPORT_DATE":"2020-12-31 00:00:00","REPORT_DATE":"2021-03-31 00:00:00","DATE_TYPE_CODE":"001","REPORT_TYPE":"2020年年报","PER_NETCASH_OPERATE":-0.119497571106,"PER_OI":0.06711387588,"BPS":0.132723069996,"BASIC_EPS":-0.003211684,"DILUTED_EPS":-0.003211684,"OPERATE_INCOME":86243012.38,"OPERATE_INCOME_YOY":59.9263380613,"GROSS_PROFIT":23937187.96,"GROSS_PROFIT_YOY":116.459410706745,"HOLDER_PROFIT":-3873459.94,"HOLDER_PROFIT_YOY":81.5603122234,"GROSS_PROFIT_RATIO":27.755510040082,"EPS_TTM":-0.008673035948,"OPERATE_INCOME_QOQ":0,"NET_PROFIT_RATIO":-2.2990758617,"ROE_AVG":-1.703676305219,"GROSS_PROFIT_QOQ":0,"ROA":-1.457333331213,"HOLDER_PROFIT_QOQ":0,"ROE_YEARLY":-1.703676305219,"ROIC_YEARLY":-2.148677412398,"TOTAL_ASSETS":274690261.44,"TOTAL_LIABILITIES":25627547.96,"TAX_EBT":465.990639625585,"OCF_SALES":-178.051959506473,"TOTAL_PARENT_EQUITY":245594094.76,"DEBT_ASSET_RATIO":9.3296165017,"OPERATE_PROFIT":4477763.64,"PRETAX_PROFIT":541760.38,"NETCASH_OPERATE":-153557373.48,"NETCASH_INVEST":-28830780.16,"NETCASH_FINANCE":23908451.84,"END_CASH":7246573.32,"DIVI_RATIO":null,"DIVIDEND_RATE":null,"CURRENT_RATIO":8.534232570411,"COMMON_ACS":10000000000,"CURRENTDEBT_DEBT":100,"ISSUED_COMMON_SHARES":1850425060,"HK_COMMON_SHARES":1850425060,"PER_SHARES":20000,"TOTAL_MARKET_CAP":81418702.64,"HKSK_MARKET_CAP":81418702.64,"PE_TTM":6.493755195406,"PB_TTM":0.302110213878,"REPORT_DATE_SQ":"2019-12-31 00:00:00","REPORT_TYPE_SQ":"2019年年报","OPERATE_INCOME_SQ":58298628.5,"DPS_HKD":null,"OPERATE_INCOME_QOQ_SQ":0,"NET_PROFIT_RATIO_SQ":-37.1804717499,"HOLDER_PROFIT_SQ":-22709099.8,"HOLDER_PROFIT_QOQ_SQ":0,"ROE_AVG_SQ":-9.277827135423,"PE_TTM_SQ":-5.824965337051,"PB_TTM_SQ":0.545372364604,"ROA_SQ":-8.222518133772,"START_DATE":"2020-04-01 00:00:00","FISCAL_YEAR":"3-31","CURRENCY":"HKD","IS_CNY_CODE":0,"DPS_HKD_LY":null,"ORG_TYPE":"一般企业","PREMIUM_INCOME":null,"PREMIUM_INCOME_YOY":null,"NET_INTEREST_INCOME":null,"NET_INTEREST_INCOME_YOY":null,"FEE_COMMISSION_INCOME":null,"FEE_COMMISSION_INCOME_YOY":null,"ACCOUNTS_RECE_TDAYS":0.880833175077,"INVENTORY_TDAYS":2.720810496595,"CURRENT_ASSETS_TDAYS":0.389297105099,"TOTAL_ASSETS_TDAYS":0.324476872028,"PREMIUM_EXPENSE":null,"LOAN_DEPOSIT":null,"LOAN_EQUITY":null,"LOAN_ASSETS":null,"DEPOSIT_EQUITY":null,"DEPOSIT_ASSETS":null,"EQUITY_MULTIPLIER":1.102895963839,"EQUITY_RATIO":0.104349202635},{"SECUCODE":"00928.HK","SECURITY_CODE":"00928","SECURITY_NAME_ABBR":"帝王国际投资","ORG_CODE":"10009169","STD_REPORT_DATE":"2020-06-30 00:00:00","REPORT_DATE":"2020-09-30 00:00:00","DATE_TYPE_CODE":"002","REPORT_TYPE":"2020年中报","PER_NETCASH_OPERATE":-0.11770857387,"PER_OI":0.062737333014,"BPS":0.137572618131,"BASIC_EPS":0.000263616,"DILUTED_EPS":0.000263616,"OPERATE_INCOME":80619045.12,"OPERATE_INCOME_YOY":1247.2246696035,"GROSS_PROFIT":12353924.48,"GROSS_PROFIT_YOY":157.443515663806,"HOLDER_PROFIT":330398.72,"HOLDER_PROFIT_YOY":103.019110326,"GROSS_PROFIT_RATIO":15.323828831775,"EPS_TTM":-0.004241294314,"OPERATE_INCOME_QOQ":0,"NET_PROFIT_RATIO":1.9030802433,"ROE_AVG":0.140002308549,"GROSS_PROFIT_QOQ":0,"ROA":0.11929596345,"HOLDER_PROFIT_QOQ":0,"ROE_YEARLY":0.280004617097,"ROIC_YEARLY":0.360033417995,"TOTAL_ASSETS":286828267.52,"TOTAL_LIABILITIES":29085632,"TAX_EBT":45.180533751962,"OCF_SALES":-187.621258692477,"TOTAL_PARENT_EQUITY":254567820.16,"DEBT_ASSET_RATIO":10.1404342924,"OPERATE_PROFIT":2798723.2,"PRETAX_PROFIT":2798723.2,"NETCASH_OPERATE":-151258467.2,"NETCASH_INVEST":-29738520.96,"NETCASH_FINANCE":25899393.28,"END_CASH":16978627.84,"DIVI_RATIO":null,"DIVIDEND_RATE":null,"CURRENT_RATIO":7.766117718817,"COMMON_ACS":10000000000,"CURRENTDEBT_DEBT":99.063444108761,"ISSUED_COMMON_SHARES":1850425060,"HK_COMMON_SHARES":1850425060,"PER_SHARES":20000,"TOTAL_MARKET_CAP":88820402.88,"HKSK_MARKET_CAP":88820402.88,"PE_TTM":7.084096576807,"PB_TTM":0.329574778776,"REPORT_DATE_SQ":"2019-06-30 00:00:00","REPORT_TYPE_SQ":"2019年中报","OPERATE_INCOME_SQ":6142688.1,"DPS_HKD":null,"OPERATE_INCOME_QOQ_SQ":0,"NET_PROFIT_RATIO_SQ":-182.8781204112,"HOLDER_PROFIT_SQ":-11233632.54,"HOLDER_PROFIT_QOQ_SQ":0,"ROE_AVG_SQ":-4.524794814688,"PE_TTM_SQ":-5.408896384404,"PB_TTM_SQ":0.506417195704,"ROA_SQ":-4.297602225063,"START_DATE":"2020-04-01 00:00:00","FISCAL_YEAR":"3-31","CURRENCY":"HKD","IS_CNY_CODE":0,"DPS_HKD_LY":null,"ORG_TYPE":"一般企业","PREMIUM_INCOME":null,"PREMIUM_INCOME_YOY":null,"NET_INTEREST_INCOME":null,"NET_INTEREST_INCOME_YOY":null,"FEE_COMMISSION_INCOME":null,"FEE_COMMISSION_INCOME_YOY":null,"ACCOUNTS_RECE_TDAYS":0.824586789858,"INVENTORY_TDAYS":3.105802866452,"CURRENT_ASSETS_TDAYS":0.352795957763,"TOTAL_ASSETS_TDAYS":0.291088496347,"PREMIUM_EXPENSE":null,"LOAN_DEPOSIT":null,"LOAN_EQUITY":null,"LOAN_ASSETS":null,"DEPOSIT_EQUITY":null,"DEPOSIT_ASSETS":null,"EQUITY_MULTIPLIER":1.112847577356,"EQUITY_RATIO":0.114254943856}],"count":49},"success":true,"message":"ok","code":0}