{"version":"2f5bcceff61a0613c0cb56896f5dacc9","result":{"pages":5,"data":[{"SECUCODE":"00925.HK","SECURITY_CODE":"00925","SECURITY_NAME_ABBR":"北京建设","ORG_CODE":"10009166","STD_REPORT_DATE":"2024-06-30 00:00:00","REPORT_DATE":"2024-06-30 00:00:00","DATE_TYPE_CODE":"002","REPORT_TYPE":"2024年中报","PER_NETCASH_OPERATE":0.02781471867,"PER_OI":0.070190087437,"BPS":0.18862138586,"BASIC_EPS":-0.0122,"DILUTED_EPS":-0.0122,"OPERATE_INCOME":489178000,"OPERATE_INCOME_YOY":-35.4731565756,"GROSS_PROFIT":96771000,"GROSS_PROFIT_YOY":-28.966549954857,"HOLDER_PROFIT":-84839000,"HOLDER_PROFIT_YOY":-25.9673348181,"GROSS_PROFIT_RATIO":19.782369607791,"EPS_TTM":-0.131848366844,"OPERATE_INCOME_QOQ":-18.314745398873,"NET_PROFIT_RATIO":-17.1614422562,"ROE_AVG":-6.307211821181,"GROSS_PROFIT_QOQ":-16.857186795161,"ROA":-0.597160049578,"HOLDER_PROFIT_QOQ":-1.940191212395,"ROE_YEARLY":-12.614423642361,"ROIC_YEARLY":-1.485753849243,"TOTAL_ASSETS":14811076000,"TOTAL_LIABILITIES":11877736000,"TAX_EBT":-27.067976448151,"OCF_SALES":39.627701981692,"TOTAL_PARENT_EQUITY":1314565000,"DEBT_ASSET_RATIO":80.1949568012,"OPERATE_PROFIT":107151000,"PRETAX_PROFIT":-66067000,"NETCASH_OPERATE":193850000,"NETCASH_INVEST":234168000,"NETCASH_FINANCE":1164949000,"END_CASH":2004358000,"DIVI_RATIO":null,"DIVIDEND_RATE":null,"CURRENT_RATIO":2.403107448492,"COMMON_ACS":10000000000,"CURRENTDEBT_DEBT":23.540311049176,"ISSUED_COMMON_SHARES":6969331680,"HK_COMMON_SHARES":6969331680,"PER_SHARES":2000,"TOTAL_MARKET_CAP":376343910.72,"HKSK_MARKET_CAP":376343910.72,"PE_TTM":-0.370930394055,"PB_TTM":0.261289141606,"REPORT_DATE_SQ":"2023-06-30 00:00:00","REPORT_TYPE_SQ":"2023年中报","OPERATE_INCOME_SQ":758100000,"DPS_HKD":null,"OPERATE_INCOME_QOQ_SQ":37.321488112996,"NET_PROFIT_RATIO_SQ":-13.0297852302,"HOLDER_PROFIT_SQ":-67350000,"HOLDER_PROFIT_QOQ_SQ":-85.852760156569,"ROE_AVG_SQ":-3.532818553439,"PE_TTM_SQ":-0.991705118016,"PB_TTM_SQ":0.098645010996,"ROA_SQ":-0.477297018237,"START_DATE":"2024-01-01 00:00:00","FISCAL_YEAR":"12-31","CURRENCY":"HKD","IS_CNY_CODE":0,"DPS_HKD_LY":null,"ORG_TYPE":"一般企业","PREMIUM_INCOME":null,"PREMIUM_INCOME_YOY":null,"NET_INTEREST_INCOME":null,"NET_INTEREST_INCOME_YOY":null,"FEE_COMMISSION_INCOME":null,"FEE_COMMISSION_INCOME_YOY":null,"ACCOUNTS_RECE_TDAYS":5.135619199597,"INVENTORY_TDAYS":0.193874821056,"CURRENT_ASSETS_TDAYS":0.079822190196,"TOTAL_ASSETS_TDAYS":0.034431989855,"PREMIUM_EXPENSE":null,"LOAN_DEPOSIT":null,"LOAN_EQUITY":null,"LOAN_ASSETS":null,"DEPOSIT_EQUITY":null,"DEPOSIT_ASSETS":null,"EQUITY_MULTIPLIER":5.049218979036,"EQUITY_RATIO":9.035487784933},{"SECUCODE":"00925.HK","SECURITY_CODE":"00925","SECURITY_NAME_ABBR":"北京建设","ORG_CODE":"10009166","STD_REPORT_DATE":"2023-12-31 00:00:00","REPORT_DATE":"2023-12-31 00:00:00","DATE_TYPE_CODE":"001","REPORT_TYPE":"2023年年报","PER_NETCASH_OPERATE":-0.004388799587,"PER_OI":0.210685337909,"BPS":0.1973872192,"BASIC_EPS":-0.1293,"DILUTED_EPS":-0.1293,"OPERATE_INCOME":1468336000,"OPERATE_INCOME_YOY":30.408980174,"GROSS_PROFIT":234096000,"GROSS_PROFIT_YOY":-41.449798784956,"HOLDER_PROFIT":-901406000,"HOLDER_PROFIT_YOY":-1170.0688994406,"GROSS_PROFIT_RATIO":15.942944939033,"EPS_TTM":-0.129338944018,"OPERATE_INCOME_QOQ":-8.841993351175,"NET_PROFIT_RATIO":-61.9669476196,"ROE_AVG":-47.494890407877,"GROSS_PROFIT_QOQ":-34.007979595912,"ROA":-5.751289948198,"HOLDER_PROFIT_QOQ":-345.170460535654,"ROE_YEARLY":-47.494890407877,"ROIC_YEARLY":-6.801351237051,"TOTAL_ASSETS":13603082000,"TOTAL_LIABILITIES":10599305000,"TAX_EBT":1.596717450011,"OCF_SALES":-2.08310631899,"TOTAL_PARENT_EQUITY":1375657000,"DEBT_ASSET_RATIO":77.9184084901,"OPERATE_PROFIT":-137587000,"PRETAX_PROFIT":-924647000,"NETCASH_OPERATE":-30587000,"NETCASH_INVEST":931904000,"NETCASH_FINANCE":-1194777000,"END_CASH":412058000,"DIVI_RATIO":null,"DIVIDEND_RATE":null,"CURRENT_RATIO":1.98586059342,"COMMON_ACS":10000000000,"CURRENTDEBT_DEBT":26.307838108253,"ISSUED_COMMON_SHARES":6969331680,"HK_COMMON_SHARES":6969331680,"PER_SHARES":2000,"TOTAL_MARKET_CAP":418159900.8,"HKSK_MARKET_CAP":418159900.8,"PE_TTM":-0.412144882283,"PB_TTM":0.290321268452,"REPORT_DATE_SQ":"2022-12-31 00:00:00","REPORT_TYPE_SQ":"2022年年报","OPERATE_INCOME_SQ":1125947000,"DPS_HKD":null,"OPERATE_INCOME_QOQ_SQ":71.561603589875,"NET_PROFIT_RATIO_SQ":4.1362845404,"HOLDER_PROFIT_SQ":-70973000,"HOLDER_PROFIT_QOQ_SQ":46.485189414279,"ROE_AVG_SQ":-4.02446547155,"PE_TTM_SQ":-1.115668257768,"PB_TTM_SQ":0.110975637371,"ROA_SQ":-0.613428649055,"START_DATE":"2023-01-01 00:00:00","FISCAL_YEAR":"12-31","CURRENCY":"HKD","IS_CNY_CODE":0,"DPS_HKD_LY":null,"ORG_TYPE":"一般企业","PREMIUM_INCOME":null,"PREMIUM_INCOME_YOY":null,"NET_INTEREST_INCOME":null,"NET_INTEREST_INCOME_YOY":null,"FEE_COMMISSION_INCOME":null,"FEE_COMMISSION_INCOME_YOY":null,"ACCOUNTS_RECE_TDAYS":15.503576726728,"INVENTORY_TDAYS":0.557417014533,"CURRENT_ASSETS_TDAYS":0.226016313474,"TOTAL_ASSETS_TDAYS":0.093685044002,"PREMIUM_EXPENSE":null,"LOAN_DEPOSIT":null,"LOAN_EQUITY":null,"LOAN_ASSETS":null,"DEPOSIT_EQUITY":null,"DEPOSIT_ASSETS":null,"EQUITY_MULTIPLIER":4.528659084884,"EQUITY_RATIO":7.704903911367},{"SECUCODE":"00925.HK","SECURITY_CODE":"00925","SECURITY_NAME_ABBR":"北京建设","ORG_CODE":"10009166","STD_REPORT_DATE":"2023-06-30 00:00:00","REPORT_DATE":"2023-06-30 00:00:00","DATE_TYPE_CODE":"002","REPORT_TYPE":"2023年中报","PER_NETCASH_OPERATE":-0.028960224166,"PER_OI":0.108776570668,"BPS":0.299086184918,"BASIC_EPS":-0.0097,"DILUTED_EPS":-0.0097,"OPERATE_INCOME":758100000,"OPERATE_INCOME_YOY":107.7125141934,"GROSS_PROFIT":136233000,"GROSS_PROFIT_YOY":-33.343051385696,"HOLDER_PROFIT":-67350000,"HOLDER_PROFIT_YOY":-508.6842625544,"GROSS_PROFIT_RATIO":17.970328996599,"EPS_TTM":-0.029053801967,"OPERATE_INCOME_QOQ":37.321488112996,"NET_PROFIT_RATIO":-13.0297852302,"ROE_AVG":-3.532818553439,"GROSS_PROFIT_QOQ":-14.92517450408,"ROA":-0.477297018237,"HOLDER_PROFIT_QOQ":-85.852760156569,"ROE_YEARLY":-7.065637106879,"ROIC_YEARLY":-1.135951097158,"TOTAL_ASSETS":15585196940.98,"TOTAL_LIABILITIES":11690220516.54,"TAX_EBT":-32.474466784997,"OCF_SALES":-25.516060526236,"TOTAL_PARENT_EQUITY":2084430823.6,"DEBT_ASSET_RATIO":75.0084876105,"OPERATE_PROFIT":193782000,"PRETAX_PROFIT":-68734000,"NETCASH_OPERATE":-45282000,"NETCASH_INVEST":383192000,"NETCASH_FINANCE":-279873000,"END_CASH":757118000,"DIVI_RATIO":null,"DIVIDEND_RATE":null,"CURRENT_RATIO":1.169397691936,"COMMON_ACS":10000000000,"CURRENTDEBT_DEBT":47.559831548204,"ISSUED_COMMON_SHARES":6969331680,"HK_COMMON_SHARES":6969331680,"PER_SHARES":2000,"TOTAL_MARKET_CAP":418159900.8,"HKSK_MARKET_CAP":418159900.8,"PE_TTM":-0.412144882283,"PB_TTM":0.290321268452,"REPORT_DATE_SQ":"2022-06-30 00:00:00","REPORT_TYPE_SQ":"2022年中报","OPERATE_INCOME_SQ":353230243.17,"DPS_HKD":null,"OPERATE_INCOME_QOQ_SQ":17.644963714227,"NET_PROFIT_RATIO_SQ":40.2950782364,"HOLDER_PROFIT_SQ":17302204.08,"HOLDER_PROFIT_QOQ_SQ":33.417589318347,"ROE_AVG_SQ":0.630699071564,"PE_TTM_SQ":-1.115668257768,"PB_TTM_SQ":0.110975637371,"ROA_SQ":0.096028097616,"START_DATE":"2023-01-01 00:00:00","FISCAL_YEAR":"12-31","CURRENCY":"HKD","IS_CNY_CODE":0,"DPS_HKD_LY":null,"ORG_TYPE":"一般企业","PREMIUM_INCOME":null,"PREMIUM_INCOME_YOY":null,"NET_INTEREST_INCOME":null,"NET_INTEREST_INCOME_YOY":null,"FEE_COMMISSION_INCOME":null,"FEE_COMMISSION_INCOME_YOY":null,"ACCOUNTS_RECE_TDAYS":7.051437075621,"INVENTORY_TDAYS":0.297275731735,"CURRENT_ASSETS_TDAYS":0.118275014616,"TOTAL_ASSETS_TDAYS":0.049524479461,"PREMIUM_EXPENSE":null,"LOAN_DEPOSIT":null,"LOAN_EQUITY":null,"LOAN_ASSETS":null,"DEPOSIT_EQUITY":null,"DEPOSIT_ASSETS":null,"EQUITY_MULTIPLIER":4.00135847889,"EQUITY_RATIO":5.608351394627},{"SECUCODE":"00925.HK","SECURITY_CODE":"00925","SECURITY_NAME_ABBR":"北京建设","ORG_CODE":"10009166","STD_REPORT_DATE":"2022-12-31 00:00:00","REPORT_DATE":"2022-12-31 00:00:00","DATE_TYPE_CODE":"001","REPORT_TYPE":"2022年年报","PER_NETCASH_OPERATE":-0.068430274497,"PER_OI":0.161557384796,"BPS":0.339933748434,"BASIC_EPS":-0.0102,"DILUTED_EPS":-0.0102,"OPERATE_INCOME":1125947000,"OPERATE_INCOME_YOY":84.7360150362,"GROSS_PROFIT":399821000,"GROSS_PROFIT_YOY":9.472950007579,"HOLDER_PROFIT":-70973000,"HOLDER_PROFIT_YOY":67.3869330609,"GROSS_PROFIT_RATIO":35.547525578101,"EPS_TTM":-0.015632698671,"OPERATE_INCOME_QOQ":71.561603589875,"NET_PROFIT_RATIO":4.1362845404,"ROE_AVG":-4.02446547155,"GROSS_PROFIT_QOQ":6.376891832698,"ROA":-0.613428649055,"HOLDER_PROFIT_QOQ":46.485189414279,"ROE_YEARLY":-4.02446547155,"ROIC_YEARLY":-0.726202766075,"TOTAL_ASSETS":15677261000,"TOTAL_LIABILITIES":11466652000,"TAX_EBT":75.572486788766,"OCF_SALES":-40.658119690664,"TOTAL_PARENT_EQUITY":2420145000,"DEBT_ASSET_RATIO":73.14531398,"OPERATE_PROFIT":291722000,"PRETAX_PROFIT":260006000,"NETCASH_OPERATE":-466022000,"NETCASH_INVEST":2102395000,"NETCASH_FINANCE":-1934619000,"END_CASH":728318000,"DIVI_RATIO":null,"DIVIDEND_RATE":null,"CURRENT_RATIO":0.767860146103,"COMMON_ACS":10000000000,"CURRENTDEBT_DEBT":74.814976507528,"ISSUED_COMMON_SHARES":6969331680,"HK_COMMON_SHARES":6969331680,"PER_SHARES":2000,"TOTAL_MARKET_CAP":418159900.8,"HKSK_MARKET_CAP":418159900.8,"PE_TTM":-0.412144882283,"PB_TTM":0.290321268452,"REPORT_DATE_SQ":"2021-12-31 00:00:00","REPORT_TYPE_SQ":"2021年年报","OPERATE_INCOME_SQ":581163979.2,"DPS_HKD":null,"OPERATE_INCOME_QOQ_SQ":19.271776968785,"NET_PROFIT_RATIO_SQ":-47.1676957642,"HOLDER_PROFIT_SQ":-305767683.2,"HOLDER_PROFIT_QOQ_SQ":-63.09807041789,"ROE_AVG_SQ":-10.844211775612,"PE_TTM_SQ":-1.115668257768,"PB_TTM_SQ":0.110975637371,"ROA_SQ":-1.773107085675,"START_DATE":"2022-01-01 00:00:00","FISCAL_YEAR":"12-31","CURRENCY":"HKD","IS_CNY_CODE":0,"DPS_HKD_LY":null,"ORG_TYPE":"一般企业","PREMIUM_INCOME":null,"PREMIUM_INCOME_YOY":null,"NET_INTEREST_INCOME":null,"NET_INTEREST_INCOME_YOY":null,"FEE_COMMISSION_INCOME":null,"FEE_COMMISSION_INCOME_YOY":null,"ACCOUNTS_RECE_TDAYS":11.876576937682,"INVENTORY_TDAYS":0.38929591251,"CURRENT_ASSETS_TDAYS":0.17379460093,"TOTAL_ASSETS_TDAYS":0.066043653536,"PREMIUM_EXPENSE":null,"LOAN_DEPOSIT":null,"LOAN_EQUITY":null,"LOAN_ASSETS":null,"DEPOSIT_EQUITY":null,"DEPOSIT_ASSETS":null,"EQUITY_MULTIPLIER":3.723744895976,"EQUITY_RATIO":4.73800206186},{"SECUCODE":"00925.HK","SECURITY_CODE":"00925","SECURITY_NAME_ABBR":"北京建设","ORG_CODE":"10009166","STD_REPORT_DATE":"2022-06-30 00:00:00","REPORT_DATE":"2022-06-30 00:00:00","DATE_TYPE_CODE":"002","REPORT_TYPE":"2022年中报","PER_NETCASH_OPERATE":-0.041681564735,"PER_OI":0.050683517357,"BPS":0.368937471263,"BASIC_EPS":0.002480051,"DILUTED_EPS":0.002480051,"OPERATE_INCOME":353230243.17,"OPERATE_INCOME_YOY":37.0987871506,"GROSS_PROFIT":204379292.53,"GROSS_PROFIT_YOY":15.057954360788,"HOLDER_PROFIT":17302204.08,"HOLDER_PROFIT_YOY":119.8339329654,"GROSS_PROFIT_RATIO":57.860077522195,"EPS_TTM":-0.029211910684,"OPERATE_INCOME_QOQ":17.644963714227,"NET_PROFIT_RATIO":40.2950782364,"ROE_AVG":0.630699071564,"GROSS_PROFIT_QOQ":7.323647620525,"ROA":0.096028097616,"HOLDER_PROFIT_QOQ":33.417589318347,"ROE_YEARLY":1.261398143129,"ROIC_YEARLY":0.226771863241,"TOTAL_ASSETS":17202264011.03,"TOTAL_LIABILITIES":12622550523.03,"TAX_EBT":56.060910060509,"OCF_SALES":-82.238895223984,"TOTAL_PARENT_EQUITY":2571247606.41,"DEBT_ASSET_RATIO":73.3772631029,"OPERATE_PROFIT":585488729.7,"PRETAX_PROFIT":323935709.72,"NETCASH_OPERATE":-290492649.58,"NETCASH_INVEST":1382565148.44,"NETCASH_FINANCE":-1401302361.34,"END_CASH":746848544.47,"DIVI_RATIO":null,"DIVIDEND_RATE":null,"CURRENT_RATIO":0.847339358461,"COMMON_ACS":10000000000,"CURRENTDEBT_DEBT":75.505396804878,"ISSUED_COMMON_SHARES":6969331680,"HK_COMMON_SHARES":6969331680,"PER_SHARES":2000,"TOTAL_MARKET_CAP":418159900.8,"HKSK_MARKET_CAP":418159900.8,"PE_TTM":-0.412144882283,"PB_TTM":0.290321268452,"REPORT_DATE_SQ":"2021-06-30 00:00:00","REPORT_TYPE_SQ":"2021年中报","OPERATE_INCOME_SQ":250684069.92,"DPS_HKD":null,"OPERATE_INCOME_QOQ_SQ":-15.896155021108,"NET_PROFIT_RATIO_SQ":-26.3006432683,"HOLDER_PROFIT_SQ":-84877984.56,"HOLDER_PROFIT_QOQ_SQ":17.693518715049,"ROE_AVG_SQ":-2.923335904928,"PE_TTM_SQ":-1.115668257768,"PB_TTM_SQ":0.110975637371,"ROA_SQ":-0.501363097971,"START_DATE":"2022-01-01 00:00:00","FISCAL_YEAR":"12-31","CURRENCY":"HKD","IS_CNY_CODE":0,"DPS_HKD_LY":null,"ORG_TYPE":"一般企业","PREMIUM_INCOME":null,"PREMIUM_INCOME_YOY":null,"NET_INTEREST_INCOME":null,"NET_INTEREST_INCOME_YOY":null,"FEE_COMMISSION_INCOME":null,"FEE_COMMISSION_INCOME_YOY":null,"ACCOUNTS_RECE_TDAYS":4.044148100281,"INVENTORY_TDAYS":0.083652174665,"CURRENT_ASSETS_TDAYS":0.048312394488,"TOTAL_ASSETS_TDAYS":0.019604455083,"PREMIUM_EXPENSE":null,"LOAN_DEPOSIT":null,"LOAN_EQUITY":null,"LOAN_ASSETS":null,"DEPOSIT_EQUITY":null,"DEPOSIT_ASSETS":null,"EQUITY_MULTIPLIER":3.756187817448,"EQUITY_RATIO":4.909115128221},{"SECUCODE":"00925.HK","SECURITY_CODE":"00925","SECURITY_NAME_ABBR":"北京建设","ORG_CODE":"10009166","STD_REPORT_DATE":"2021-12-31 00:00:00","REPORT_DATE":"2021-12-31 00:00:00","DATE_TYPE_CODE":"001","REPORT_TYPE":"2021年年报","PER_NETCASH_OPERATE":-0.028327453516,"PER_OI":0.083388767515,"BPS":0.399934953648,"BASIC_EPS":-0.04390512,"DILUTED_EPS":-0.04390512,"OPERATE_INCOME":581163979.2,"OPERATE_INCOME_YOY":3.2616417162,"GROSS_PROFIT":365223555.2,"GROSS_PROFIT_YOY":25.675588249707,"HOLDER_PROFIT":-305767683.2,"HOLDER_PROFIT_YOY":-38.1873674409,"GROSS_PROFIT_RATIO":62.843460412455,"EPS_TTM":-0.043873314866,"OPERATE_INCOME_QOQ":19.271776968785,"NET_PROFIT_RATIO":-47.1676957642,"ROE_AVG":-10.844211775612,"GROSS_PROFIT_QOQ":6.76353291032,"ROA":-1.773107085675,"HOLDER_PROFIT_QOQ":-63.09807041789,"ROE_YEARLY":-10.844211775612,"ROIC_YEARLY":-2.081953126355,"TOTAL_ASSETS":18005620528,"TOTAL_LIABILITIES":13384801236.8,"TAX_EBT":-30.758790677358,"OCF_SALES":-33.970346798121,"TOTAL_PARENT_EQUITY":2787279342.4,"DEBT_ASSET_RATIO":74.3367950912,"OPERATE_PROFIT":248865993.6,"PRETAX_PROFIT":-209639180.8,"NETCASH_OPERATE":-197423419.2,"NETCASH_INVEST":69166507.2,"NETCASH_FINANCE":463606998.4,"END_CASH":1035711969.6,"DIVI_RATIO":null,"DIVIDEND_RATE":null,"CURRENT_RATIO":1.31246369805,"COMMON_ACS":10000000000,"CURRENTDEBT_DEBT":35.630541444934,"ISSUED_COMMON_SHARES":6969331680,"HK_COMMON_SHARES":6969331680,"PER_SHARES":2000,"TOTAL_MARKET_CAP":418159900.8,"HKSK_MARKET_CAP":418159900.8,"PE_TTM":-0.412144882283,"PB_TTM":0.290321268452,"REPORT_DATE_SQ":"2020-12-31 00:00:00","REPORT_TYPE_SQ":"2020年年报","OPERATE_INCOME_SQ":579355518.6,"DPS_HKD":null,"OPERATE_INCOME_QOQ_SQ":-25.880249329332,"NET_PROFIT_RATIO_SQ":-14.7147225672,"HOLDER_PROFIT_SQ":-227776399.76,"HOLDER_PROFIT_QOQ_SQ":54.978699659409,"ROE_AVG_SQ":-8.08056620156,"PE_TTM_SQ":-1.115668257768,"PB_TTM_SQ":0.110975637371,"ROA_SQ":-1.406422244456,"START_DATE":"2021-01-01 00:00:00","FISCAL_YEAR":"12-31","CURRENCY":"HKD","IS_CNY_CODE":0,"DPS_HKD_LY":null,"ORG_TYPE":"一般企业","PREMIUM_INCOME":null,"PREMIUM_INCOME_YOY":null,"NET_INTEREST_INCOME":null,"NET_INTEREST_INCOME_YOY":null,"FEE_COMMISSION_INCOME":null,"FEE_COMMISSION_INCOME_YOY":null,"ACCOUNTS_RECE_TDAYS":9.996301400686,"INVENTORY_TDAYS":0.253501768221,"CURRENT_ASSETS_TDAYS":0.120885363774,"TOTAL_ASSETS_TDAYS":0.033700944412,"PREMIUM_EXPENSE":null,"LOAN_DEPOSIT":null,"LOAN_EQUITY":null,"LOAN_ASSETS":null,"DEPOSIT_EQUITY":null,"DEPOSIT_ASSETS":null,"EQUITY_MULTIPLIER":3.896629448869,"EQUITY_RATIO":4.802102549677},{"SECUCODE":"00925.HK","SECURITY_CODE":"00925","SECURITY_NAME_ABBR":"北京建设","ORG_CODE":"10009166","STD_REPORT_DATE":"2021-06-30 00:00:00","REPORT_DATE":"2021-06-30 00:00:00","DATE_TYPE_CODE":"002","REPORT_TYPE":"2021年中报","PER_NETCASH_OPERATE":-0.015720059608,"PER_OI":0.035969599587,"BPS":0.416742519564,"BASIC_EPS":-0.012148368,"DILUTED_EPS":-0.012148368,"OPERATE_INCOME":250684069.92,"OPERATE_INCOME_YOY":-19.7163581711,"GROSS_PROFIT":177631606.32,"GROSS_PROFIT_YOY":40.806071355643,"HOLDER_PROFIT":-84877984.56,"HOLDER_PROFIT_YOY":25.5651552079,"GROSS_PROFIT_RATIO":70.858753161574,"EPS_TTM":-0.026899959487,"OPERATE_INCOME_QOQ":-15.896155021108,"NET_PROFIT_RATIO":-26.3006432683,"ROE_AVG":-2.923335904928,"GROSS_PROFIT_QOQ":17.713965456044,"ROA":-0.501363097971,"HOLDER_PROFIT_QOQ":17.693518715049,"ROE_YEARLY":-5.846671809856,"ROIC_YEARLY":-1.161726053842,"TOTAL_ASSETS":17083095823.44,"TOTAL_LIABILITIES":12334882892.4,"TAX_EBT":-86.461936698435,"OCF_SALES":-43.703738125427,"TOTAL_PARENT_EQUITY":2904416844,"DEBT_ASSET_RATIO":72.205196411,"OPERATE_PROFIT":139966673.04,"PRETAX_PROFIT":-35359239.6,"NETCASH_OPERATE":-109558309.44,"NETCASH_INVEST":4378404.96,"NETCASH_FINANCE":-136917931.92,"END_CASH":447659872.08,"DIVI_RATIO":null,"DIVIDEND_RATE":null,"CURRENT_RATIO":1.217558432265,"COMMON_ACS":10000000000,"CURRENTDEBT_DEBT":29.033121955349,"ISSUED_COMMON_SHARES":6969331680,"HK_COMMON_SHARES":6969331680,"PER_SHARES":2000,"TOTAL_MARKET_CAP":418159900.8,"HKSK_MARKET_CAP":418159900.8,"PE_TTM":-0.412144882283,"PB_TTM":0.290321268452,"REPORT_DATE_SQ":"2020-06-30 00:00:00","REPORT_TYPE_SQ":"2020年中报","OPERATE_INCOME_SQ":342779321.28,"DPS_HKD":null,"OPERATE_INCOME_QOQ_SQ":25.977100708856,"NET_PROFIT_RATIO_SQ":-20.2373275205,"HOLDER_PROFIT_SQ":-125179644.48,"HOLDER_PROFIT_QOQ_SQ":-12.019657083973,"ROE_AVG_SQ":-4.483500377055,"PE_TTM_SQ":-1.115668257768,"PB_TTM_SQ":0.110975637371,"ROA_SQ":-0.728219808857,"START_DATE":"2021-01-01 00:00:00","FISCAL_YEAR":"12-31","CURRENCY":"HKD","IS_CNY_CODE":0,"DPS_HKD_LY":null,"ORG_TYPE":"一般企业","PREMIUM_INCOME":null,"PREMIUM_INCOME_YOY":null,"NET_INTEREST_INCOME":null,"NET_INTEREST_INCOME_YOY":null,"FEE_COMMISSION_INCOME":null,"FEE_COMMISSION_INCOME_YOY":null,"ACCOUNTS_RECE_TDAYS":4.483310763553,"INVENTORY_TDAYS":0.11179967617,"CURRENT_ASSETS_TDAYS":0.064479331018,"TOTAL_ASSETS_TDAYS":0.014807578497,"PREMIUM_EXPENSE":null,"LOAN_DEPOSIT":null,"LOAN_EQUITY":null,"LOAN_ASSETS":null,"DEPOSIT_EQUITY":null,"DEPOSIT_ASSETS":null,"EQUITY_MULTIPLIER":3.597794806493,"EQUITY_RATIO":4.246939594047},{"SECUCODE":"00925.HK","SECURITY_CODE":"00925","SECURITY_NAME_ABBR":"北京建设","ORG_CODE":"10009166","STD_REPORT_DATE":"2020-12-31 00:00:00","REPORT_DATE":"2020-12-31 00:00:00","DATE_TYPE_CODE":"001","REPORT_TYPE":"2020年年报","PER_NETCASH_OPERATE":-0.039686829501,"PER_OI":0.083129279133,"BPS":0.421253801357,"BASIC_EPS":-0.032655632,"DILUTED_EPS":-0.032655632,"OPERATE_INCOME":579355518.6,"OPERATE_INCOME_YOY":-0.6196429113,"GROSS_PROFIT":290608192.32,"GROSS_PROFIT_YOY":3.6887083293,"HOLDER_PROFIT":-227776399.76,"HOLDER_PROFIT_YOY":46.3231196114,"GROSS_PROFIT_RATIO":50.160597938594,"EPS_TTM":-0.032682674641,"OPERATE_INCOME_QOQ":-25.880249329332,"NET_PROFIT_RATIO":-14.7147225672,"ROE_AVG":-8.08056620156,"GROSS_PROFIT_QOQ":7.319271294523,"ROA":-1.406422244456,"HOLDER_PROFIT_QOQ":54.978699659409,"ROE_YEARLY":-8.08056620156,"ROIC_YEARLY":-1.65971658227,"TOTAL_ASSETS":16968533807.72,"TOTAL_LIABILITIES":12194609490.56,"TAX_EBT":416.851226226226,"OCF_SALES":-47.74109665657,"TOTAL_PARENT_EQUITY":2935857463.12,"DEBT_ASSET_RATIO":71.8660175873,"OPERATE_PROFIT":587882173.44,"PRETAX_PROFIT":26905547.52,"NETCASH_OPERATE":-276590678.12,"NETCASH_INVEST":-272129144.48,"NETCASH_FINANCE":272708192.8,"END_CASH":708120547.12,"DIVI_RATIO":null,"DIVIDEND_RATE":null,"CURRENT_RATIO":1.038644014271,"COMMON_ACS":10000000000,"CURRENTDEBT_DEBT":27.274571291641,"ISSUED_COMMON_SHARES":6969331680,"HK_COMMON_SHARES":6969331680,"PER_SHARES":2000,"TOTAL_MARKET_CAP":418159900.8,"HKSK_MARKET_CAP":418159900.8,"PE_TTM":-0.412144882283,"PB_TTM":0.290321268452,"REPORT_DATE_SQ":"2019-12-31 00:00:00","REPORT_TYPE_SQ":"2019年年报","OPERATE_INCOME_SQ":620468287.46,"DPS_HKD":null,"OPERATE_INCOME_QOQ_SQ":42.594507888648,"NET_PROFIT_RATIO_SQ":-60.2172503851,"HOLDER_PROFIT_SQ":-451644213.98,"HOLDER_PROFIT_QOQ_SQ":-1174.40484380233,"ROE_AVG_SQ":-14.121588995607,"PE_TTM_SQ":-1.115668257768,"PB_TTM_SQ":0.110975637371,"ROA_SQ":-2.751713486608,"START_DATE":"2020-01-01 00:00:00","FISCAL_YEAR":"12-31","CURRENCY":"HKD","IS_CNY_CODE":0,"DPS_HKD_LY":null,"ORG_TYPE":"一般企业","PREMIUM_INCOME":null,"PREMIUM_INCOME_YOY":null,"NET_INTEREST_INCOME":null,"NET_INTEREST_INCOME_YOY":null,"FEE_COMMISSION_INCOME":null,"FEE_COMMISSION_INCOME_YOY":null,"ACCOUNTS_RECE_TDAYS":20.532273459405,"INVENTORY_TDAYS":1.905237115463,"CURRENT_ASSETS_TDAYS":0.164844599005,"TOTAL_ASSETS_TDAYS":0.03577273544,"PREMIUM_EXPENSE":null,"LOAN_DEPOSIT":null,"LOAN_EQUITY":null,"LOAN_ASSETS":null,"DEPOSIT_EQUITY":null,"DEPOSIT_ASSETS":null,"EQUITY_MULTIPLIER":3.554420363711,"EQUITY_RATIO":4.153678999661},{"SECUCODE":"00925.HK","SECURITY_CODE":"00925","SECURITY_NAME_ABBR":"北京建设","ORG_CODE":"10009166","STD_REPORT_DATE":"2020-06-30 00:00:00","REPORT_DATE":"2020-06-30 00:00:00","DATE_TYPE_CODE":"002","REPORT_TYPE":"2020年中报","PER_NETCASH_OPERATE":0.017862151305,"PER_OI":0.049183958666,"BPS":0.380488305851,"BASIC_EPS":-0.017994768,"DILUTED_EPS":-0.017994768,"OPERATE_INCOME":342779321.28,"OPERATE_INCOME_YOY":81.7751146806,"GROSS_PROFIT":126153371.52,"GROSS_PROFIT_YOY":-6.990393025711,"HOLDER_PROFIT":-125179644.48,"HOLDER_PROFIT_YOY":-70.0441731189,"GROSS_PROFIT_RATIO":36.803086909946,"EPS_TTM":-0.072593804251,"OPERATE_INCOME_QOQ":25.977100708856,"NET_PROFIT_RATIO":-20.2373275205,"ROE_AVG":-4.483500377055,"GROSS_PROFIT_QOQ":-3.382955289791,"ROA":-0.728219808857,"HOLDER_PROFIT_QOQ":-12.019657083973,"ROE_YEARLY":-8.96700075411,"ROIC_YEARLY":-1.777883870357,"TOTAL_ASSETS":17641590991.2,"TOTAL_LIABILITIES":13143189465.12,"TAX_EBT":968.217674631302,"OCF_SALES":36.317026504149,"TOTAL_PARENT_EQUITY":2651749203.84,"DEBT_ASSET_RATIO":74.5011573598,"OPERATE_PROFIT":271234133.28,"PRETAX_PROFIT":7989859.68,"NETCASH_OPERATE":124487256.96,"NETCASH_INVEST":-1573380304.32,"NETCASH_FINANCE":2122539518.88,"END_CASH":1651983643.2,"DIVI_RATIO":null,"DIVIDEND_RATE":null,"CURRENT_RATIO":0.887173521198,"COMMON_ACS":10000000000,"CURRENTDEBT_DEBT":39.505839072165,"ISSUED_COMMON_SHARES":6969331680,"HK_COMMON_SHARES":6969331680,"PER_SHARES":2000,"TOTAL_MARKET_CAP":418159900.8,"HKSK_MARKET_CAP":418159900.8,"PE_TTM":-0.412144882283,"PB_TTM":0.290321268452,"REPORT_DATE_SQ":"2019-06-30 00:00:00","REPORT_TYPE_SQ":"2019年中报","OPERATE_INCOME_SQ":181599649.38,"DPS_HKD":null,"OPERATE_INCOME_QOQ_SQ":3.308225618112,"NET_PROFIT_RATIO_SQ":0.174382275,"HOLDER_PROFIT_SQ":-70893558.72,"HOLDER_PROFIT_QOQ_SQ":302.627585877989,"ROE_AVG_SQ":-2.073658996154,"PE_TTM_SQ":-1.115668257768,"PB_TTM_SQ":0.110975637371,"ROA_SQ":-0.44051372935,"START_DATE":"2020-01-01 00:00:00","FISCAL_YEAR":"12-31","CURRENCY":"HKD","IS_CNY_CODE":0,"DPS_HKD_LY":null,"ORG_TYPE":"一般企业","PREMIUM_INCOME":null,"PREMIUM_INCOME_YOY":null,"NET_INTEREST_INCOME":null,"NET_INTEREST_INCOME_YOY":null,"FEE_COMMISSION_INCOME":null,"FEE_COMMISSION_INCOME_YOY":null,"ACCOUNTS_RECE_TDAYS":16.97557224283,"INVENTORY_TDAYS":0.994054218319,"CURRENT_ASSETS_TDAYS":0.080787096264,"TOTAL_ASSETS_TDAYS":0.019940837255,"PREMIUM_EXPENSE":null,"LOAN_DEPOSIT":null,"LOAN_EQUITY":null,"LOAN_ASSETS":null,"DEPOSIT_EQUITY":null,"DEPOSIT_ASSETS":null,"EQUITY_MULTIPLIER":3.921746622427,"EQUITY_RATIO":4.956422517668}],"count":45},"success":true,"message":"ok","code":0}