{"version":"5dfc0e7aa1403b3d7cf1d0a73e9843dd","result":{"pages":6,"data":[{"SECUCODE":"00922.HK","SECURITY_CODE":"00922","SECURITY_NAME_ABBR":"安贤园中国","ORG_CODE":"10009165","STD_REPORT_DATE":"2024-06-30 00:00:00","REPORT_DATE":"2024-09-30 00:00:00","DATE_TYPE_CODE":"002","REPORT_TYPE":"2024年中报","PER_NETCASH_OPERATE":0.005225142539,"PER_OI":0.041532799142,"BPS":0.380265421613,"BASIC_EPS":0.007033962,"DILUTED_EPS":0.007033962,"OPERATE_INCOME":92259429.53,"OPERATE_INCOME_YOY":-25.0404812321,"GROSS_PROFIT":66977746.88,"GROSS_PROFIT_YOY":-26.172126453265,"HOLDER_PROFIT":15674913.78,"HOLDER_PROFIT_YOY":-33.1821326978,"GROSS_PROFIT_RATIO":72.597182988456,"EPS_TTM":0.023598278922,"OPERATE_INCOME_QOQ":0,"NET_PROFIT_RATIO":17.824782273,"ROE_AVG":1.849477513558,"GROSS_PROFIT_QOQ":0,"ROA":1.350336710211,"HOLDER_PROFIT_QOQ":0,"ROE_YEARLY":3.698955027117,"ROIC_YEARLY":3.780390664292,"TOTAL_ASSETS":1171730015.02,"TOTAL_LIABILITIES":294327121.99,"TAX_EBT":37.249234369086,"OCF_SALES":12.580761824704,"TOTAL_PARENT_EQUITY":844707594.79,"DEBT_ASSET_RATIO":25.1190221482,"OPERATE_PROFIT":26475652.61,"PRETAX_PROFIT":26206919.19,"NETCASH_OPERATE":11606939.09,"NETCASH_INVEST":-40769024.11,"NETCASH_FINANCE":13924539.39,"END_CASH":292093388.16,"DIVI_RATIO":0.690478320648,"DIVIDEND_RATE":11.538461538462,"CURRENT_RATIO":3.21809285158,"COMMON_ACS":10000000000,"CURRENTDEBT_DEBT":54.288086622689,"ISSUED_COMMON_SHARES":2221363150,"HK_COMMON_SHARES":2221363150,"PER_SHARES":10000,"TOTAL_MARKET_CAP":346532651.4,"HKSK_MARKET_CAP":346532651.4,"PE_TTM":7.044492019027,"PB_TTM":0.369950124319,"REPORT_DATE_SQ":"2023-06-30 00:00:00","REPORT_TYPE_SQ":"2023年中报","OPERATE_INCOME_SQ":125240895.29,"DPS_HKD":0.018,"OPERATE_INCOME_QOQ_SQ":0,"NET_PROFIT_RATIO_SQ":19.9153008067,"HOLDER_PROFIT_SQ":23871226.82,"HOLDER_PROFIT_QOQ_SQ":0,"ROE_AVG_SQ":2.753781898229,"PE_TTM_SQ":3.530963248113,"PB_TTM_SQ":0.374657414883,"ROA_SQ":1.995014381297,"START_DATE":"2024-04-01 00:00:00","FISCAL_YEAR":"3-31","CURRENCY":"HKD","IS_CNY_CODE":0,"DPS_HKD_LY":0.018,"ORG_TYPE":"一般企业","PREMIUM_INCOME":null,"PREMIUM_INCOME_YOY":null,"NET_INTEREST_INCOME":null,"NET_INTEREST_INCOME_YOY":null,"FEE_COMMISSION_INCOME":null,"FEE_COMMISSION_INCOME_YOY":null,"ACCOUNTS_RECE_TDAYS":66.606119791667,"INVENTORY_TDAYS":0.117482640562,"CURRENT_ASSETS_TDAYS":0.177351370045,"TOTAL_ASSETS_TDAYS":0.079478137045,"PREMIUM_EXPENSE":null,"LOAN_DEPOSIT":null,"LOAN_EQUITY":null,"LOAN_ASSETS":null,"DEPOSIT_EQUITY":null,"DEPOSIT_ASSETS":null,"EQUITY_MULTIPLIER":1.335452645903,"EQUITY_RATIO":0.348436694313},{"SECUCODE":"00922.HK","SECURITY_CODE":"00922","SECURITY_NAME_ABBR":"安贤园中国","ORG_CODE":"10009165","STD_REPORT_DATE":"2023-12-31 00:00:00","REPORT_DATE":"2024-03-31 00:00:00","DATE_TYPE_CODE":"001","REPORT_TYPE":"2023年年报","PER_NETCASH_OPERATE":0.037398358503,"PER_OI":0.116077380909,"BPS":0.384828982488,"BASIC_EPS":0.0235703,"DILUTED_EPS":0.0235703,"OPERATE_INCOME":257850016.5,"OPERATE_INCOME_YOY":-16.475055281,"GROSS_PROFIT":188316724.95,"GROSS_PROFIT_YOY":-15.204593015928,"HOLDER_PROFIT":52420347.2,"HOLDER_PROFIT_YOY":-44.8880586346,"GROSS_PROFIT_RATIO":73.033435291636,"EPS_TTM":0.038485837541,"OPERATE_INCOME_QOQ":0,"NET_PROFIT_RATIO":20.5312379144,"ROE_AVG":6.044454293675,"GROSS_PROFIT_QOQ":0,"ROA":4.43482175658,"HOLDER_PROFIT_QOQ":0,"ROE_YEARLY":6.044454293675,"ROIC_YEARLY":6.232092192371,"TOTAL_ASSETS":1155970008.05,"TOTAL_LIABILITIES":268755813,"TAX_EBT":33.426434711234,"OCF_SALES":32.218472031783,"TOTAL_PARENT_EQUITY":854844920.75,"DEBT_ASSET_RATIO":23.2493759465,"OPERATE_PROFIT":80132674.15,"PRETAX_PROFIT":79520752.9,"NETCASH_OPERATE":83075335.45,"NETCASH_INVEST":52375926.25,"NETCASH_FINANCE":-72290110.1,"END_CASH":307708453.4,"DIVI_RATIO":0.614125650116,"DIVIDEND_RATE":17.218543046358,"CURRENT_RATIO":3.956604285327,"COMMON_ACS":10000000000,"CURRENTDEBT_DEBT":49.747014774337,"ISSUED_COMMON_SHARES":2221363150,"HK_COMMON_SHARES":2221363150,"PER_SHARES":10000,"TOTAL_MARKET_CAP":335425835.65,"HKSK_MARKET_CAP":335425835.65,"PE_TTM":6.818707018418,"PB_TTM":0.35809274854,"REPORT_DATE_SQ":"2022-12-31 00:00:00","REPORT_TYPE_SQ":"2022年年报","OPERATE_INCOME_SQ":298105993.53,"DPS_HKD":0.026,"OPERATE_INCOME_QOQ_SQ":0,"NET_PROFIT_RATIO_SQ":30.9843686221,"HOLDER_PROFIT_SQ":91848892.61,"HOLDER_PROFIT_QOQ_SQ":0,"ROE_AVG_SQ":10.841107782853,"PE_TTM_SQ":3.345139463978,"PB_TTM_SQ":0.38190884872,"ROA_SQ":7.852615917038,"START_DATE":"2023-04-01 00:00:00","FISCAL_YEAR":"3-31","CURRENCY":"HKD","IS_CNY_CODE":0,"DPS_HKD_LY":0.023,"ORG_TYPE":"一般企业","PREMIUM_INCOME":null,"PREMIUM_INCOME_YOY":null,"NET_INTEREST_INCOME":null,"NET_INTEREST_INCOME_YOY":null,"FEE_COMMISSION_INCOME":null,"FEE_COMMISSION_INCOME_YOY":null,"ACCOUNTS_RECE_TDAYS":279.950787401575,"INVENTORY_TDAYS":0.305780247731,"CURRENT_ASSETS_TDAYS":0.478403873923,"TOTAL_ASSETS_TDAYS":0.218144084156,"PREMIUM_EXPENSE":null,"LOAN_DEPOSIT":null,"LOAN_EQUITY":null,"LOAN_ASSETS":null,"DEPOSIT_EQUITY":null,"DEPOSIT_ASSETS":null,"EQUITY_MULTIPLIER":1.302921002053,"EQUITY_RATIO":0.314391308267},{"SECUCODE":"00922.HK","SECURITY_CODE":"00922","SECURITY_NAME_ABBR":"安贤园中国","ORG_CODE":"10009165","STD_REPORT_DATE":"2023-06-30 00:00:00","REPORT_DATE":"2023-09-30 00:00:00","DATE_TYPE_CODE":"002","REPORT_TYPE":"2023年中报","PER_NETCASH_OPERATE":0.01513697393,"PER_OI":0.056380198479,"BPS":0.379633885117,"BASIC_EPS":0.010736271,"DILUTED_EPS":0.010736271,"OPERATE_INCOME":125240895.29,"OPERATE_INCOME_YOY":-4.525295204,"GROSS_PROFIT":90721489.95,"GROSS_PROFIT_YOY":0.428326853176,"HOLDER_PROFIT":23871226.82,"HOLDER_PROFIT_YOY":-22.1673697753,"GROSS_PROFIT_RATIO":72.437592960295,"EPS_TTM":0.041347986082,"OPERATE_INCOME_QOQ":0,"NET_PROFIT_RATIO":19.9153008067,"ROE_AVG":2.753781898229,"GROSS_PROFIT_QOQ":0,"ROA":1.995014381297,"HOLDER_PROFIT_QOQ":0,"ROE_YEARLY":5.507563796459,"ROIC_YEARLY":5.622496903888,"TOTAL_ASSETS":1170259044.78,"TOTAL_LIABILITIES":294046274.83,"TAX_EBT":31.652794890493,"OCF_SALES":26.848032355678,"TOTAL_PARENT_EQUITY":843304722.89,"DEBT_ASSET_RATIO":25.1265970677,"OPERATE_PROFIT":37064910.96,"PRETAX_PROFIT":36493227.47,"NETCASH_OPERATE":33624716.09,"NETCASH_INVEST":53423500.97,"NETCASH_FINANCE":-18523279.18,"END_CASH":316053795.12,"DIVI_RATIO":0.571615264476,"DIVIDEND_RATE":17.218543046358,"CURRENT_RATIO":3.292047468124,"COMMON_ACS":10000000000,"CURRENTDEBT_DEBT":55.828998161908,"ISSUED_COMMON_SHARES":2221363150,"HK_COMMON_SHARES":2221363150,"PER_SHARES":10000,"TOTAL_MARKET_CAP":335425835.65,"HKSK_MARKET_CAP":335425835.65,"PE_TTM":6.818707018418,"PB_TTM":0.35809274854,"REPORT_DATE_SQ":"2022-06-30 00:00:00","REPORT_TYPE_SQ":"2022年中报","OPERATE_INCOME_SQ":129291506.88,"DPS_HKD":0.026,"OPERATE_INCOME_QOQ_SQ":0,"NET_PROFIT_RATIO_SQ":23.4414348872,"HOLDER_PROFIT_SQ":30229098.12,"HOLDER_PROFIT_QOQ_SQ":0,"ROE_AVG_SQ":3.622737956588,"PE_TTM_SQ":3.345139463978,"PB_TTM_SQ":0.38190884872,"ROA_SQ":2.597794249379,"START_DATE":"2023-04-01 00:00:00","FISCAL_YEAR":"3-31","CURRENCY":"HKD","IS_CNY_CODE":0,"DPS_HKD_LY":0.023,"ORG_TYPE":"一般企业","PREMIUM_INCOME":null,"PREMIUM_INCOME_YOY":null,"NET_INTEREST_INCOME":null,"NET_INTEREST_INCOME_YOY":null,"FEE_COMMISSION_INCOME":null,"FEE_COMMISSION_INCOME_YOY":null,"ACCOUNTS_RECE_TDAYS":140.198253723677,"INVENTORY_TDAYS":0.149889230671,"CURRENT_ASSETS_TDAYS":0.228518471699,"TOTAL_ASSETS_TDAYS":0.104668850543,"PREMIUM_EXPENSE":null,"LOAN_DEPOSIT":null,"LOAN_EQUITY":null,"LOAN_ASSETS":null,"DEPOSIT_EQUITY":null,"DEPOSIT_ASSETS":null,"EQUITY_MULTIPLIER":1.335587753243,"EQUITY_RATIO":0.34868330136},{"SECUCODE":"00922.HK","SECURITY_CODE":"00922","SECURITY_NAME_ABBR":"安贤园中国","ORG_CODE":"10009165","STD_REPORT_DATE":"2022-12-31 00:00:00","REPORT_DATE":"2023-03-31 00:00:00","DATE_TYPE_CODE":"001","REPORT_TYPE":"2022年年报","PER_NETCASH_OPERATE":0.072098976847,"PER_OI":0.134199576296,"BPS":0.382392713978,"BASIC_EPS":0.041319352,"DILUTED_EPS":0.041319352,"OPERATE_INCOME":298105993.53,"OPERATE_INCOME_YOY":9.5148047738,"GROSS_PROFIT":222083638.31,"GROSS_PROFIT_YOY":22.989392125501,"HOLDER_PROFIT":91848892.61,"HOLDER_PROFIT_YOY":43.4817094017,"GROSS_PROFIT_RATIO":74.498213095354,"EPS_TTM":0.027036570941,"OPERATE_INCOME_QOQ":0,"NET_PROFIT_RATIO":30.9843686221,"ROE_AVG":10.841107782853,"GROSS_PROFIT_QOQ":0,"ROA":7.852615917038,"HOLDER_PROFIT_QOQ":0,"ROE_YEARLY":10.841107782853,"ROIC_YEARLY":10.251933089479,"TOTAL_ASSETS":1166566988.95,"TOTAL_LIABILITIES":285285614.08,"TAX_EBT":27.751795728597,"OCF_SALES":53.725189629199,"TOTAL_PARENT_EQUITY":849433083.66,"DEBT_ASSET_RATIO":24.4551420349,"OPERATE_PROFIT":128723788.04,"PRETAX_PROFIT":127845751.81,"NETCASH_OPERATE":160158010.32,"NETCASH_INVEST":-50104966.76,"NETCASH_FINANCE":-29458421.91,"END_CASH":248099072.69,"DIVI_RATIO":0.874191481303,"DIVIDEND_RATE":17.218543046358,"CURRENT_RATIO":3.785406196084,"COMMON_ACS":10000000000,"CURRENTDEBT_DEBT":49.088030243519,"ISSUED_COMMON_SHARES":2221363150,"HK_COMMON_SHARES":2221363150,"PER_SHARES":10000,"TOTAL_MARKET_CAP":335425835.65,"HKSK_MARKET_CAP":335425835.65,"PE_TTM":6.818707018418,"PB_TTM":0.35809274854,"REPORT_DATE_SQ":"2021-12-31 00:00:00","REPORT_TYPE_SQ":"2021年年报","OPERATE_INCOME_SQ":252181126.47,"DPS_HKD":0.026,"OPERATE_INCOME_QOQ_SQ":0,"NET_PROFIT_RATIO_SQ":22.9254503179,"HOLDER_PROFIT_SQ":59305106.25,"HOLDER_PROFIT_QOQ_SQ":0,"ROE_AVG_SQ":7.852458611503,"PE_TTM_SQ":3.345139463978,"PB_TTM_SQ":0.38190884872,"ROA_SQ":5.454895381634,"START_DATE":"2022-04-01 00:00:00","FISCAL_YEAR":"3-31","CURRENCY":"HKD","IS_CNY_CODE":0,"DPS_HKD_LY":0.014,"ORG_TYPE":"一般企业","PREMIUM_INCOME":null,"PREMIUM_INCOME_YOY":null,"NET_INTEREST_INCOME":null,"NET_INTEREST_INCOME_YOY":null,"FEE_COMMISSION_INCOME":null,"FEE_COMMISSION_INCOME_YOY":null,"ACCOUNTS_RECE_TDAYS":268.983412322275,"INVENTORY_TDAYS":0.304566640831,"CURRENT_ASSETS_TDAYS":0.603261548328,"TOTAL_ASSETS_TDAYS":0.254865551803,"PREMIUM_EXPENSE":null,"LOAN_DEPOSIT":null,"LOAN_EQUITY":null,"LOAN_ASSETS":null,"DEPOSIT_EQUITY":null,"DEPOSIT_ASSETS":null,"EQUITY_MULTIPLIER":1.323716831213,"EQUITY_RATIO":0.33585413562},{"SECUCODE":"00922.HK","SECURITY_CODE":"00922","SECURITY_NAME_ABBR":"安贤园中国","ORG_CODE":"10009165","STD_REPORT_DATE":"2022-06-30 00:00:00","REPORT_DATE":"2022-09-30 00:00:00","DATE_TYPE_CODE":"002","REPORT_TYPE":"2022年中报","PER_NETCASH_OPERATE":0.023606055732,"PER_OI":0.05820367862,"BPS":0.358252371315,"BASIC_EPS":0.0135666,"DILUTED_EPS":0.0135666,"OPERATE_INCOME":129291506.88,"OPERATE_INCOME_YOY":-8.4204592046,"GROSS_PROFIT":90334562.76,"GROSS_PROFIT_YOY":1.46061104644,"HOLDER_PROFIT":30229098.12,"HOLDER_PROFIT_YOY":-5.5393833197,"GROSS_PROFIT_RATIO":69.868907045722,"EPS_TTM":0.026697618645,"OPERATE_INCOME_QOQ":0,"NET_PROFIT_RATIO":23.4414348872,"ROE_AVG":3.622737956588,"GROSS_PROFIT_QOQ":0,"ROA":2.597794249379,"HOLDER_PROFIT_QOQ":0,"ROE_YEARLY":7.245475913177,"ROIC_YEARLY":6.526409620416,"TOTAL_ASSETS":1115646637.68,"TOTAL_LIABILITIES":288434055.96,"TAX_EBT":28.323921971253,"OCF_SALES":40.557669707314,"TOTAL_PARENT_EQUITY":795808616.04,"DEBT_ASSET_RATIO":25.8535315949,"OPERATE_PROFIT":42989842.08,"PRETAX_PROFIT":42284378.88,"NETCASH_OPERATE":52437622.32,"NETCASH_INVEST":885446.76,"NETCASH_FINANCE":-8076649.2,"END_CASH":218411406.72,"DIVI_RATIO":0.885290194402,"DIVIDEND_RATE":17.218543046358,"CURRENT_RATIO":3.346170976447,"COMMON_ACS":10000000000,"CURRENTDEBT_DEBT":47.874472028071,"ISSUED_COMMON_SHARES":2221363150,"HK_COMMON_SHARES":2221363150,"PER_SHARES":10000,"TOTAL_MARKET_CAP":335425835.65,"HKSK_MARKET_CAP":335425835.65,"PE_TTM":6.818707018418,"PB_TTM":0.35809274854,"REPORT_DATE_SQ":"2021-06-30 00:00:00","REPORT_TYPE_SQ":"2021年中报","OPERATE_INCOME_SQ":130037333.76,"DPS_HKD":0.026,"OPERATE_INCOME_QOQ_SQ":0,"NET_PROFIT_RATIO_SQ":22.4118491185,"HOLDER_PROFIT_SQ":29476161.98,"HOLDER_PROFIT_QOQ_SQ":0,"ROE_AVG_SQ":3.889605257228,"PE_TTM_SQ":3.345139463978,"PB_TTM_SQ":0.38190884872,"ROA_SQ":2.593590021756,"START_DATE":"2022-04-01 00:00:00","FISCAL_YEAR":"3-31","CURRENCY":"HKD","IS_CNY_CODE":0,"DPS_HKD_LY":0.014,"ORG_TYPE":"一般企业","PREMIUM_INCOME":null,"PREMIUM_INCOME_YOY":null,"NET_INTEREST_INCOME":null,"NET_INTEREST_INCOME_YOY":null,"FEE_COMMISSION_INCOME":null,"FEE_COMMISSION_INCOME_YOY":null,"ACCOUNTS_RECE_TDAYS":114.867014865408,"INVENTORY_TDAYS":0.150162545648,"CURRENT_ASSETS_TDAYS":0.276424304888,"TOTAL_ASSETS_TDAYS":0.111109081632,"PREMIUM_EXPENSE":null,"LOAN_DEPOSIT":null,"LOAN_EQUITY":null,"LOAN_ASSETS":null,"DEPOSIT_EQUITY":null,"DEPOSIT_ASSETS":null,"EQUITY_MULTIPLIER":1.348681901526,"EQUITY_RATIO":0.362441484229},{"SECUCODE":"00922.HK","SECURITY_CODE":"00922","SECURITY_NAME_ABBR":"安贤园中国","ORG_CODE":"10009165","STD_REPORT_DATE":"2021-12-31 00:00:00","REPORT_DATE":"2022-03-31 00:00:00","DATE_TYPE_CODE":"001","REPORT_TYPE":"2021年年报","PER_NETCASH_OPERATE":0.024091565969,"PER_OI":0.113525393842,"BPS":0.352422439744,"BASIC_EPS":0.026682229,"DILUTED_EPS":0.026682229,"OPERATE_INCOME":252181126.47,"OPERATE_INCOME_YOY":4.0854650501,"GROSS_PROFIT":180571376.5,"GROSS_PROFIT_YOY":-0.587487015963,"HOLDER_PROFIT":59305106.25,"HOLDER_PROFIT_YOY":-8.9295722025,"GROSS_PROFIT_RATIO":71.603842455467,"EPS_TTM":0.032337874768,"OPERATE_INCOME_QOQ":0,"NET_PROFIT_RATIO":22.9254503179,"ROE_AVG":7.852458611503,"GROSS_PROFIT_QOQ":0,"ROA":5.454895381634,"HOLDER_PROFIT_QOQ":0,"ROE_YEARLY":7.852458611503,"ROIC_YEARLY":6.84118670382,"TOTAL_ASSETS":1086478467.61,"TOTAL_LIABILITIES":272290119.42,"TAX_EBT":33.998111216044,"OCF_SALES":21.221301379335,"TOTAL_PARENT_EQUITY":782858220.88,"DEBT_ASSET_RATIO":25.0617133738,"OPERATE_PROFIT":90335970.87,"PRETAX_PROFIT":87593946.06,"NETCASH_OPERATE":53516116.87,"NETCASH_INVEST":423347.22,"NETCASH_FINANCE":-106487235.02,"END_CASH":170202613.65,"DIVI_RATIO":0.730881054158,"DIVIDEND_RATE":17.218543046358,"CURRENT_RATIO":3.71500156148,"COMMON_ACS":10000000000,"CURRENTDEBT_DEBT":41.964365494934,"ISSUED_COMMON_SHARES":2221363150,"HK_COMMON_SHARES":2221363150,"PER_SHARES":10000,"TOTAL_MARKET_CAP":335425835.65,"HKSK_MARKET_CAP":335425835.65,"PE_TTM":6.818707018418,"PB_TTM":0.35809274854,"REPORT_DATE_SQ":"2020-12-31 00:00:00","REPORT_TYPE_SQ":"2020年年报","OPERATE_INCOME_SQ":252490763.56,"DPS_HKD":0.026,"OPERATE_INCOME_QOQ_SQ":0,"NET_PROFIT_RATIO_SQ":27.2111052346,"HOLDER_PROFIT_SQ":67863728.1,"HOLDER_PROFIT_QOQ_SQ":0,"ROE_AVG_SQ":10.410879333247,"PE_TTM_SQ":3.345139463978,"PB_TTM_SQ":0.38190884872,"ROA_SQ":6.662252545794,"START_DATE":"2021-04-01 00:00:00","FISCAL_YEAR":"3-31","CURRENCY":"HKD","IS_CNY_CODE":0,"DPS_HKD_LY":0.019,"ORG_TYPE":"一般企业","PREMIUM_INCOME":null,"PREMIUM_INCOME_YOY":null,"NET_INTEREST_INCOME":null,"NET_INTEREST_INCOME_YOY":null,"FEE_COMMISSION_INCOME":null,"FEE_COMMISSION_INCOME_YOY":null,"ACCOUNTS_RECE_TDAYS":210.454822335025,"INVENTORY_TDAYS":0.299416406406,"CURRENT_ASSETS_TDAYS":0.584108050231,"TOTAL_ASSETS_TDAYS":0.231956698015,"PREMIUM_EXPENSE":null,"LOAN_DEPOSIT":null,"LOAN_EQUITY":null,"LOAN_ASSETS":null,"DEPOSIT_EQUITY":null,"DEPOSIT_ASSETS":null,"EQUITY_MULTIPLIER":1.334431363487,"EQUITY_RATIO":0.34781536702},{"SECUCODE":"00922.HK","SECURITY_CODE":"00922","SECURITY_NAME_ABBR":"安贤园中国","ORG_CODE":"10009165","STD_REPORT_DATE":"2021-06-30 00:00:00","REPORT_DATE":"2021-09-30 00:00:00","DATE_TYPE_CODE":"002","REPORT_TYPE":"2021年中报","PER_NETCASH_OPERATE":0.02276008378,"PER_OI":0.058539430511,"BPS":0.345836266601,"BASIC_EPS":0.013245654,"DILUTED_EPS":0.013245654,"OPERATE_INCOME":130037333.76,"OPERATE_INCOME_YOY":11.5226337449,"GROSS_PROFIT":89034120.56,"GROSS_PROFIT_YOY":23.475201018698,"HOLDER_PROFIT":29476161.98,"HOLDER_PROFIT_YOY":21.9010542272,"GROSS_PROFIT_RATIO":68.468122181222,"EPS_TTM":0.030550487929,"OPERATE_INCOME_QOQ":0,"NET_PROFIT_RATIO":22.4118491185,"ROE_AVG":3.889605257228,"GROSS_PROFIT_QOQ":0,"ROA":2.593590021756,"HOLDER_PROFIT_QOQ":0,"ROE_YEARLY":7.779210514455,"ROIC_YEARLY":6.766035583691,"TOTAL_ASSETS":1155520031.74,"TOTAL_LIABILITIES":354781926.68,"TAX_EBT":34.070821476358,"OCF_SALES":38.879920049201,"TOTAL_PARENT_EQUITY":768227938.56,"DEBT_ASSET_RATIO":30.7032259878,"OPERATE_PROFIT":46089877.56,"PRETAX_PROFIT":44204662.78,"NETCASH_OPERATE":50558411.4,"NETCASH_INVEST":290737.94,"NETCASH_FINANCE":-13757985.9,"END_CASH":252313047.5,"DIVI_RATIO":0.773641980938,"DIVIDEND_RATE":17.218543046358,"CURRENT_RATIO":2.97667340738,"COMMON_ACS":10000000000,"CURRENTDEBT_DEBT":46.213704394216,"ISSUED_COMMON_SHARES":2221363150,"HK_COMMON_SHARES":2221363150,"PER_SHARES":10000,"TOTAL_MARKET_CAP":335425835.65,"HKSK_MARKET_CAP":335425835.65,"PE_TTM":6.818707018418,"PB_TTM":0.35809274854,"REPORT_DATE_SQ":"2020-06-30 00:00:00","REPORT_TYPE_SQ":"2020年中报","OPERATE_INCOME_SQ":122992680.96,"DPS_HKD":0.026,"OPERATE_INCOME_QOQ_SQ":0,"NET_PROFIT_RATIO_SQ":21.4198959762,"HOLDER_PROFIT_SQ":25505726.72,"HOLDER_PROFIT_QOQ_SQ":0,"ROE_AVG_SQ":3.925522455176,"PE_TTM_SQ":3.345139463978,"PB_TTM_SQ":0.38190884872,"ROA_SQ":2.489050484609,"START_DATE":"2021-04-01 00:00:00","FISCAL_YEAR":"3-31","CURRENCY":"HKD","IS_CNY_CODE":0,"DPS_HKD_LY":0.019,"ORG_TYPE":"一般企业","PREMIUM_INCOME":null,"PREMIUM_INCOME_YOY":null,"NET_INTEREST_INCOME":null,"NET_INTEREST_INCOME_YOY":null,"FEE_COMMISSION_INCOME":null,"FEE_COMMISSION_INCOME_YOY":null,"ACCOUNTS_RECE_TDAYS":109.196222455404,"INVENTORY_TDAYS":0.175959474267,"CURRENT_ASSETS_TDAYS":0.276980322537,"TOTAL_ASSETS_TDAYS":0.114419079229,"PREMIUM_EXPENSE":null,"LOAN_DEPOSIT":null,"LOAN_EQUITY":null,"LOAN_ASSETS":null,"DEPOSIT_EQUITY":null,"DEPOSIT_ASSETS":null,"EQUITY_MULTIPLIER":1.443068619362,"EQUITY_RATIO":0.461818568256},{"SECUCODE":"00922.HK","SECURITY_CODE":"00922","SECURITY_NAME_ABBR":"安贤园中国","ORG_CODE":"10009165","STD_REPORT_DATE":"2020-12-31 00:00:00","REPORT_DATE":"2021-03-31 00:00:00","DATE_TYPE_CODE":"001","REPORT_TYPE":"2020年年报","PER_NETCASH_OPERATE":0.040554017771,"PER_OI":0.113664784419,"BPS":0.341359612218,"BASIC_EPS":0.03676533,"DILUTED_EPS":0.03676533,"OPERATE_INCOME":252490763.56,"OPERATE_INCOME_YOY":4.0949161992,"GROSS_PROFIT":181638478.98,"GROSS_PROFIT_YOY":9.730544954299,"HOLDER_PROFIT":67863728.1,"HOLDER_PROFIT_YOY":49.6896031021,"GROSS_PROFIT_RATIO":71.938662792644,"EPS_TTM":0.030814677537,"OPERATE_INCOME_QOQ":0,"NET_PROFIT_RATIO":27.2111052346,"ROE_AVG":10.410879333247,"GROSS_PROFIT_QOQ":0,"ROA":6.662252545794,"HOLDER_PROFIT_QOQ":0,"ROE_YEARLY":10.410879333247,"ROIC_YEARLY":8.017469786585,"TOTAL_ASSETS":1133738820.06,"TOTAL_LIABILITIES":342612306.96,"TAX_EBT":28.793917468882,"OCF_SALES":35.678612314305,"TOTAL_PARENT_EQUITY":758283663.48,"DEBT_ASSET_RATIO":30.2196856011,"OPERATE_PROFIT":99026359.88,"PRETAX_PROFIT":96488284.34,"NETCASH_OPERATE":90085200.66,"NETCASH_INVEST":-4211531.94,"NETCASH_FINANCE":54029821.86,"END_CASH":216311988.48,"DIVI_RATIO":0.767009162162,"DIVIDEND_RATE":17.218543046358,"CURRENT_RATIO":3.274843752836,"COMMON_ACS":10000000000,"CURRENTDEBT_DEBT":40.773166375576,"ISSUED_COMMON_SHARES":2221363150,"HK_COMMON_SHARES":2221363150,"PER_SHARES":10000,"TOTAL_MARKET_CAP":335425835.65,"HKSK_MARKET_CAP":335425835.65,"PE_TTM":6.818707018418,"PB_TTM":0.35809274854,"REPORT_DATE_SQ":"2019-12-31 00:00:00","REPORT_TYPE_SQ":"2019年年报","OPERATE_INCOME_SQ":262222763,"DPS_HKD":0.026,"OPERATE_INCOME_QOQ_SQ":0,"NET_PROFIT_RATIO_SQ":18.3055158716,"HOLDER_PROFIT_SQ":49011781.7,"HOLDER_PROFIT_QOQ_SQ":0,"ROE_AVG_SQ":8.539514017739,"PE_TTM_SQ":3.345139463978,"PB_TTM_SQ":0.38190884872,"ROA_SQ":4.949027535141,"START_DATE":"2020-04-01 00:00:00","FISCAL_YEAR":"3-31","CURRENCY":"HKD","IS_CNY_CODE":0,"DPS_HKD_LY":0.008,"ORG_TYPE":"一般企业","PREMIUM_INCOME":null,"PREMIUM_INCOME_YOY":null,"NET_INTEREST_INCOME":null,"NET_INTEREST_INCOME_YOY":null,"FEE_COMMISSION_INCOME":null,"FEE_COMMISSION_INCOME_YOY":null,"ACCOUNTS_RECE_TDAYS":242.879674796748,"INVENTORY_TDAYS":0.328747730401,"CURRENT_ASSETS_TDAYS":0.701111834733,"TOTAL_ASSETS_TDAYS":0.247872800303,"PREMIUM_EXPENSE":null,"LOAN_DEPOSIT":null,"LOAN_EQUITY":null,"LOAN_ASSETS":null,"DEPOSIT_EQUITY":null,"DEPOSIT_ASSETS":null,"EQUITY_MULTIPLIER":1.433068922968,"EQUITY_RATIO":0.45182604276},{"SECUCODE":"00922.HK","SECURITY_CODE":"00922","SECURITY_NAME_ABBR":"安贤园中国","ORG_CODE":"10009165","STD_REPORT_DATE":"2020-06-30 00:00:00","REPORT_DATE":"2020-09-30 00:00:00","DATE_TYPE_CODE":"002","REPORT_TYPE":"2020年中报","PER_NETCASH_OPERATE":0.020484950964,"PER_OI":0.055368110775,"BPS":0.329713365417,"BASIC_EPS":0.017222912,"DILUTED_EPS":0.017222912,"OPERATE_INCOME":122992680.96,"OPERATE_INCOME_YOY":42.366881961,"GROSS_PROFIT":72106884.48,"GROSS_PROFIT_YOY":20.682710384811,"HOLDER_PROFIT":25505726.72,"HOLDER_PROFIT_YOY":331.5492120131,"GROSS_PROFIT_RATIO":58.626971879287,"EPS_TTM":0.022063831256,"OPERATE_INCOME_QOQ":0,"NET_PROFIT_RATIO":21.4198959762,"ROE_AVG":3.925522455176,"GROSS_PROFIT_QOQ":0,"ROA":2.489050484609,"HOLDER_PROFIT_QOQ":0,"ROE_YEARLY":7.851044910352,"ROIC_YEARLY":5.964827737497,"TOTAL_ASSETS":1110057099.52,"TOTAL_LIABILITIES":344809728,"TAX_EBT":26.895223232791,"OCF_SALES":36.997742341107,"TOTAL_PARENT_EQUITY":732413120,"DEBT_ASSET_RATIO":31.0623415813,"OPERATE_PROFIT":37718177.28,"PRETAX_PROFIT":36037185.92,"NETCASH_OPERATE":45504515.2,"NETCASH_INVEST":636193.28,"NETCASH_FINANCE":87270955.52,"END_CASH":207203933.44,"DIVI_RATIO":1.071216495708,"DIVIDEND_RATE":17.218543046358,"CURRENT_RATIO":3.316272930162,"COMMON_ACS":10000000000,"CURRENTDEBT_DEBT":37.453618756371,"ISSUED_COMMON_SHARES":2221363150,"HK_COMMON_SHARES":2221363150,"PER_SHARES":10000,"TOTAL_MARKET_CAP":335425835.65,"HKSK_MARKET_CAP":335425835.65,"PE_TTM":6.818707018418,"PB_TTM":0.35809274854,"REPORT_DATE_SQ":"2019-06-30 00:00:00","REPORT_TYPE_SQ":"2019年中报","OPERATE_INCOME_SQ":88681113.15,"DPS_HKD":0.026,"OPERATE_INCOME_QOQ_SQ":0,"NET_PROFIT_RATIO_SQ":6.5259624676,"HOLDER_PROFIT_SQ":6066919.26,"HOLDER_PROFIT_QOQ_SQ":0,"ROE_AVG_SQ":1.123049565457,"PE_TTM_SQ":3.345139463978,"PB_TTM_SQ":0.38190884872,"ROA_SQ":0.618794858832,"START_DATE":"2020-04-01 00:00:00","FISCAL_YEAR":"3-31","CURRENCY":"HKD","IS_CNY_CODE":0,"DPS_HKD_LY":0.008,"ORG_TYPE":"一般企业","PREMIUM_INCOME":null,"PREMIUM_INCOME_YOY":null,"NET_INTEREST_INCOME":null,"NET_INTEREST_INCOME_YOY":null,"FEE_COMMISSION_INCOME":null,"FEE_COMMISSION_INCOME_YOY":null,"ACCOUNTS_RECE_TDAYS":138.650817236256,"INVENTORY_TDAYS":0.243937782365,"CURRENT_ASSETS_TDAYS":0.350662967162,"TOTAL_ASSETS_TDAYS":0.120025982991,"PREMIUM_EXPENSE":null,"LOAN_DEPOSIT":null,"LOAN_EQUITY":null,"LOAN_ASSETS":null,"DEPOSIT_EQUITY":null,"DEPOSIT_ASSETS":null,"EQUITY_MULTIPLIER":1.450585968451,"EQUITY_RATIO":0.470785842831}],"count":47},"success":true,"message":"ok","code":0}