{"version":"0141790f139ae02f43295fce0c533b6d","result":{"pages":5,"data":[{"SECUCODE":"00927.HK","SECURITY_CODE":"00927","SECURITY_NAME_ABBR":"富士高实业","ORG_CODE":"10009168","STD_REPORT_DATE":"2024-06-30 00:00:00","REPORT_DATE":"2024-09-30 00:00:00","DATE_TYPE_CODE":"002","REPORT_TYPE":"2024年中报","PER_NETCASH_OPERATE":0.132340068594,"PER_OI":1.093537297312,"BPS":1.204745054375,"BASIC_EPS":0.034989452,"DILUTED_EPS":0.034989452,"OPERATE_INCOME":465670829.15,"OPERATE_INCOME_YOY":4.8361228186,"GROSS_PROFIT":109318590.96,"GROSS_PROFIT_YOY":16.427990423897,"HOLDER_PROFIT":14897570.8,"HOLDER_PROFIT_YOY":-9.2905776411,"GROSS_PROFIT_RATIO":23.475507615442,"EPS_TTM":0.036548203429,"OPERATE_INCOME_QOQ":0,"NET_PROFIT_RATIO":7.6841891225,"ROE_AVG":2.898632098315,"GROSS_PROFIT_QOQ":0,"ROA":1.723755637813,"HOLDER_PROFIT_QOQ":0,"ROE_YEARLY":5.79726419663,"ROIC_YEARLY":6.112677515559,"TOTAL_ASSETS":878990945.22,"TOTAL_LIABILITIES":270866153.35,"TAX_EBT":20.51600496775,"OCF_SALES":12.102016905991,"TOTAL_PARENT_EQUITY":513027429.21,"DEBT_ASSET_RATIO":30.8155794804,"OPERATE_PROFIT":39193596.98,"PRETAX_PROFIT":45019160.38,"NETCASH_OPERATE":56355562.47,"NETCASH_INVEST":-51373172.72,"NETCASH_FINANCE":-44243620.98,"END_CASH":257122873.75,"DIVI_RATIO":0.741522084735,"DIVIDEND_RATE":4.545454545455,"CURRENT_RATIO":2.775033831823,"COMMON_ACS":2000000000,"CURRENTDEBT_DEBT":96.930734273301,"ISSUED_COMMON_SHARES":425839000,"HK_COMMON_SHARES":425839000,"PER_SHARES":2000,"TOTAL_MARKET_CAP":281053740,"HKSK_MARKET_CAP":281053740,"PE_TTM":18.160619023003,"PB_TTM":0.494030996715,"REPORT_DATE_SQ":"2023-06-30 00:00:00","REPORT_TYPE_SQ":"2023年中报","OPERATE_INCOME_SQ":451991503.32,"DPS_HKD":0.03,"OPERATE_INCOME_QOQ_SQ":0,"NET_PROFIT_RATIO_SQ":6.4572319536,"HOLDER_PROFIT_SQ":16711877.56,"HOLDER_PROFIT_QOQ_SQ":0,"ROE_AVG_SQ":3.087145932568,"PE_TTM_SQ":6.878735786095,"PB_TTM_SQ":0.558695263381,"ROA_SQ":2.004397965226,"START_DATE":"2024-04-01 00:00:00","FISCAL_YEAR":"3-31","CURRENCY":"HKD","IS_CNY_CODE":0,"DPS_HKD_LY":0.03,"ORG_TYPE":"一般企业","PREMIUM_INCOME":null,"PREMIUM_INCOME_YOY":null,"NET_INTEREST_INCOME":null,"NET_INTEREST_INCOME_YOY":null,"FEE_COMMISSION_INCOME":null,"FEE_COMMISSION_INCOME_YOY":null,"ACCOUNTS_RECE_TDAYS":1.705406003441,"INVENTORY_TDAYS":2.524554869128,"CURRENT_ASSETS_TDAYS":0.642380559338,"TOTAL_ASSETS_TDAYS":0.538814500625,"PREMIUM_EXPENSE":null,"LOAN_DEPOSIT":null,"LOAN_EQUITY":null,"LOAN_ASSETS":null,"DEPOSIT_EQUITY":null,"DEPOSIT_ASSETS":null,"EQUITY_MULTIPLIER":1.445412120951,"EQUITY_RATIO":0.527975967615},{"SECUCODE":"00927.HK","SECURITY_CODE":"00927","SECURITY_NAME_ABBR":"富士高实业","ORG_CODE":"10009168","STD_REPORT_DATE":"2023-12-31 00:00:00","REPORT_DATE":"2024-03-31 00:00:00","DATE_TYPE_CODE":"001","REPORT_TYPE":"2023年年报","PER_NETCASH_OPERATE":0.064510729759,"PER_OI":2.112934495314,"BPS":1.215468324766,"BASIC_EPS":0.036262,"DILUTED_EPS":0.036262,"OPERATE_INCOME":899769912.55,"OPERATE_INCOME_YOY":-8.5011468228,"GROSS_PROFIT":159546454.15,"GROSS_PROFIT_YOY":-13.364070408361,"HOLDER_PROFIT":15563650.4,"HOLDER_PROFIT_YOY":-30.2482427985,"GROSS_PROFIT_RATIO":17.731917007298,"EPS_TTM":0.0988136325,"OPERATE_INCOME_QOQ":0,"NET_PROFIT_RATIO":4.7458945453,"ROE_AVG":2.930855672259,"GROSS_PROFIT_QOQ":0,"ROA":1.863824031041,"HOLDER_PROFIT_QOQ":0,"ROE_YEARLY":2.930855672259,"ROIC_YEARLY":3.529405718221,"TOTAL_ASSETS":853994576.85,"TOTAL_LIABILITIES":244753995.2,"TAX_EBT":18.58969927411,"OCF_SALES":3.053134392119,"TOTAL_PARENT_EQUITY":517593815.95,"DEBT_ASSET_RATIO":28.6599004063,"OPERATE_PROFIT":40093986.85,"PRETAX_PROFIT":52452983,"NETCASH_OPERATE":27471184.65,"NETCASH_INVEST":-22619329.05,"NETCASH_FINANCE":-37990790.85,"END_CASH":295392065.1,"DIVI_RATIO":0.274266812326,"DIVIDEND_RATE":4.347826086957,"CURRENT_RATIO":3.004906841399,"COMMON_ACS":2000000000,"CURRENTDEBT_DEBT":98.583249377741,"ISSUED_COMMON_SHARES":425839000,"HK_COMMON_SHARES":425839000,"PER_SHARES":2000,"TOTAL_MARKET_CAP":293828910,"HKSK_MARKET_CAP":293828910,"PE_TTM":18.986101705867,"PB_TTM":0.516486951111,"REPORT_DATE_SQ":"2022-12-31 00:00:00","REPORT_TYPE_SQ":"2022年年报","OPERATE_INCOME_SQ":949588741.76,"DPS_HKD":0.03,"OPERATE_INCOME_QOQ_SQ":0,"NET_PROFIT_RATIO_SQ":4.0453160953,"HOLDER_PROFIT_SQ":21546466.33,"HOLDER_PROFIT_QOQ_SQ":0,"ROE_AVG_SQ":4.052803519796,"PE_TTM_SQ":6.969245467491,"PB_TTM_SQ":0.566046516847,"ROA_SQ":2.71607308778,"START_DATE":"2023-04-01 00:00:00","FISCAL_YEAR":"3-31","CURRENCY":"HKD","IS_CNY_CODE":0,"DPS_HKD_LY":0.03,"ORG_TYPE":"一般企业","PREMIUM_INCOME":null,"PREMIUM_INCOME_YOY":null,"NET_INTEREST_INCOME":null,"NET_INTEREST_INCOME_YOY":null,"FEE_COMMISSION_INCOME":null,"FEE_COMMISSION_INCOME_YOY":null,"ACCOUNTS_RECE_TDAYS":3.63589440194,"INVENTORY_TDAYS":5.40997813556,"CURRENT_ASSETS_TDAYS":1.259562798188,"TOTAL_ASSETS_TDAYS":1.077518925392,"PREMIUM_EXPENSE":null,"LOAN_DEPOSIT":null,"LOAN_EQUITY":null,"LOAN_ASSETS":null,"DEPOSIT_EQUITY":null,"DEPOSIT_ASSETS":null,"EQUITY_MULTIPLIER":1.401736198429,"EQUITY_RATIO":0.472868855187},{"SECUCODE":"00927.HK","SECURITY_CODE":"00927","SECURITY_NAME_ABBR":"富士高实业","ORG_CODE":"10009168","STD_REPORT_DATE":"2023-06-30 00:00:00","REPORT_DATE":"2023-09-30 00:00:00","DATE_TYPE_CODE":"002","REPORT_TYPE":"2023年中报","PER_NETCASH_OPERATE":0.194820133125,"PER_OI":1.061414063343,"BPS":1.248263312238,"BASIC_EPS":0.039274564,"DILUTED_EPS":0.039274564,"OPERATE_INCOME":451991503.32,"OPERATE_INCOME_YOY":-7.2937624808,"GROSS_PROFIT":93893736.86,"GROSS_PROFIT_YOY":13.449489237523,"HOLDER_PROFIT":16711877.56,"HOLDER_PROFIT_YOY":531.1553030303,"GROSS_PROFIT_RATIO":20.773341129275,"EPS_TTM":0.050597682058,"OPERATE_INCOME_QOQ":0,"NET_PROFIT_RATIO":6.4572319536,"ROE_AVG":3.087145932568,"GROSS_PROFIT_QOQ":0,"ROA":2.004397965226,"HOLDER_PROFIT_QOQ":0,"ROE_YEARLY":6.174291865137,"ROIC_YEARLY":8.229664206926,"TOTAL_ASSETS":841463957.11,"TOTAL_LIABILITIES":232261329.3,"TAX_EBT":20.271726869376,"OCF_SALES":18.354772171738,"TOTAL_PARENT_EQUITY":531559200.62,"DEBT_ASSET_RATIO":27.6020532237,"OPERATE_PROFIT":30826862.22,"PRETAX_PROFIT":36607013.59,"NETCASH_OPERATE":82962010.67,"NETCASH_INVEST":-21569810.78,"NETCASH_FINANCE":-27039803.21,"END_CASH":371603444.8,"DIVI_RATIO":0.535623350667,"DIVIDEND_RATE":4.411764705882,"CURRENT_RATIO":3.13658320942,"COMMON_ACS":2000000000,"CURRENTDEBT_DEBT":98.309035597171,"ISSUED_COMMON_SHARES":425839000,"HK_COMMON_SHARES":425839000,"PER_SHARES":2000,"TOTAL_MARKET_CAP":289570520,"HKSK_MARKET_CAP":289570520,"PE_TTM":18.710940811579,"PB_TTM":0.509001632979,"REPORT_DATE_SQ":"2022-06-30 00:00:00","REPORT_TYPE_SQ":"2022年中报","OPERATE_INCOME_SQ":480544347.48,"DPS_HKD":0.03,"OPERATE_INCOME_QOQ_SQ":0,"NET_PROFIT_RATIO_SQ":1.2086946211,"HOLDER_PROFIT_SQ":-3820354.56,"HOLDER_PROFIT_QOQ_SQ":0,"ROE_AVG_SQ":-0.711625062545,"PE_TTM_SQ":6.969245467491,"PB_TTM_SQ":0.566046516847,"ROA_SQ":-0.462260743951,"START_DATE":"2023-04-01 00:00:00","FISCAL_YEAR":"3-31","CURRENCY":"HKD","IS_CNY_CODE":0,"DPS_HKD_LY":0.03,"ORG_TYPE":"一般企业","PREMIUM_INCOME":null,"PREMIUM_INCOME_YOY":null,"NET_INTEREST_INCOME":null,"NET_INTEREST_INCOME_YOY":null,"FEE_COMMISSION_INCOME":null,"FEE_COMMISSION_INCOME_YOY":null,"ACCOUNTS_RECE_TDAYS":2.219146606836,"INVENTORY_TDAYS":2.554073511702,"CURRENT_ASSETS_TDAYS":0.63284318449,"TOTAL_ASSETS_TDAYS":0.542111947806,"PREMIUM_EXPENSE":null,"LOAN_DEPOSIT":null,"LOAN_EQUITY":null,"LOAN_ASSETS":null,"DEPOSIT_EQUITY":null,"DEPOSIT_ASSETS":null,"EQUITY_MULTIPLIER":1.381254641226,"EQUITY_RATIO":0.436943484431},{"SECUCODE":"00927.HK","SECURITY_CODE":"00927","SECURITY_NAME_ABBR":"富士高实业","ORG_CODE":"10009168","STD_REPORT_DATE":"2022-12-31 00:00:00","REPORT_DATE":"2023-03-31 00:00:00","DATE_TYPE_CODE":"001","REPORT_TYPE":"2022年年报","PER_NETCASH_OPERATE":0.118514889219,"PER_OI":2.229924318252,"BPS":1.234642647245,"BASIC_EPS":0.05077378,"DILUTED_EPS":0.05077378,"OPERATE_INCOME":949588741.76,"OPERATE_INCOME_YOY":23.5086824394,"GROSS_PROFIT":184157375.47,"GROSS_PROFIT_YOY":97.016741843748,"HOLDER_PROFIT":21546466.33,"HOLDER_PROFIT_YOY":166.3906346937,"GROSS_PROFIT_RATIO":19.393382352941,"EPS_TTM":-0.033661024542,"OPERATE_INCOME_QOQ":0,"NET_PROFIT_RATIO":4.0453160953,"ROE_AVG":4.052803519796,"GROSS_PROFIT_QOQ":0,"ROA":2.71607308778,"HOLDER_PROFIT_QOQ":0,"ROE_YEARLY":4.052803519796,"ROIC_YEARLY":5.290694800016,"TOTAL_ASSETS":788050209.87,"TOTAL_LIABILITIES":198695309.34,"TAX_EBT":28.202820772931,"OCF_SALES":5.314749395245,"TOTAL_PARENT_EQUITY":525758990.26,"DEBT_ASSET_RATIO":25.2135342205,"OPERATE_PROFIT":49677766.68,"PRETAX_PROFIT":53503308.38,"NETCASH_OPERATE":50468261.91,"NETCASH_INVEST":-11403966.07,"NETCASH_FINANCE":-37578725.07,"END_CASH":323723116.36,"DIVI_RATIO":-0.805124037923,"DIVIDEND_RATE":4.347826086957,"CURRENT_RATIO":3.526102994621,"COMMON_ACS":2000000000,"CURRENTDEBT_DEBT":96.983795500806,"ISSUED_COMMON_SHARES":425839000,"HK_COMMON_SHARES":425839000,"PER_SHARES":2000,"TOTAL_MARKET_CAP":293828910,"HKSK_MARKET_CAP":293828910,"PE_TTM":18.986101705867,"PB_TTM":0.516486951111,"REPORT_DATE_SQ":"2021-12-31 00:00:00","REPORT_TYPE_SQ":"2021年年报","OPERATE_INCOME_SQ":712283319.67,"DPS_HKD":0.03,"OPERATE_INCOME_QOQ_SQ":0,"NET_PROFIT_RATIO_SQ":-3.5289951689,"HOLDER_PROFIT_SQ":-30066573.73,"HOLDER_PROFIT_QOQ_SQ":0,"ROE_AVG_SQ":-5.814857193049,"PE_TTM_SQ":7.059755148887,"PB_TTM_SQ":0.573397770312,"ROA_SQ":-4.026255971833,"START_DATE":"2022-04-01 00:00:00","FISCAL_YEAR":"3-31","CURRENCY":"HKD","IS_CNY_CODE":0,"DPS_HKD_LY":0.05,"ORG_TYPE":"一般企业","PREMIUM_INCOME":null,"PREMIUM_INCOME_YOY":null,"NET_INTEREST_INCOME":null,"NET_INTEREST_INCOME_YOY":null,"FEE_COMMISSION_INCOME":null,"FEE_COMMISSION_INCOME_YOY":null,"ACCOUNTS_RECE_TDAYS":4.978513747025,"INVENTORY_TDAYS":4.907099102335,"CURRENT_ASSETS_TDAYS":1.38858383103,"TOTAL_ASSETS_TDAYS":1.197018753076,"PREMIUM_EXPENSE":null,"LOAN_DEPOSIT":null,"LOAN_EQUITY":null,"LOAN_ASSETS":null,"DEPOSIT_EQUITY":null,"DEPOSIT_ASSETS":null,"EQUITY_MULTIPLIER":1.337140336259,"EQUITY_RATIO":0.377920897257},{"SECUCODE":"00927.HK","SECURITY_CODE":"00927","SECURITY_NAME_ABBR":"富士高实业","ORG_CODE":"10009168","STD_REPORT_DATE":"2022-06-30 00:00:00","REPORT_DATE":"2022-09-30 00:00:00","DATE_TYPE_CODE":"002","REPORT_TYPE":"2022年中报","PER_NETCASH_OPERATE":0.022351937141,"PER_OI":1.128464859912,"BPS":1.217233314187,"BASIC_EPS":-0.008953956,"DILUTED_EPS":-0.008953956,"OPERATE_INCOME":480544347.48,"OPERATE_INCOME_YOY":28.885670691,"GROSS_PROFIT":82762591.08,"GROSS_PROFIT_YOY":91.204017282995,"HOLDER_PROFIT":-3820354.56,"HOLDER_PROFIT_YOY":82.00332325,"GROSS_PROFIT_RATIO":17.22267497558,"EPS_TTM":-0.070605495809,"OPERATE_INCOME_QOQ":0,"NET_PROFIT_RATIO":1.2086946211,"ROE_AVG":-0.711625062545,"GROSS_PROFIT_QOQ":0,"ROA":-0.462260743951,"HOLDER_PROFIT_QOQ":0,"ROE_YEARLY":-1.42325012509,"ROIC_YEARLY":-1.76790955368,"TOTAL_ASSETS":827880058.44,"TOTAL_LIABILITIES":239181871.32,"TAX_EBT":41.955892986262,"OCF_SALES":1.980738429224,"TOTAL_PARENT_EQUITY":518345417.28,"DEBT_ASSET_RATIO":28.8908844804,"OPERATE_PROFIT":8981993.64,"PRETAX_PROFIT":10006724.16,"NETCASH_OPERATE":9518326.56,"NETCASH_INVEST":-6663913.92,"NETCASH_FINANCE":-14671825.68,"END_CASH":320643877.68,"DIVI_RATIO":-0.383841224954,"DIVIDEND_RATE":4.347826086957,"CURRENT_RATIO":3.090595886799,"COMMON_ACS":2000000000,"CURRENTDEBT_DEBT":96.80548150333,"ISSUED_COMMON_SHARES":425839000,"HK_COMMON_SHARES":425839000,"PER_SHARES":2000,"TOTAL_MARKET_CAP":293828910,"HKSK_MARKET_CAP":293828910,"PE_TTM":18.986101705867,"PB_TTM":0.516486951111,"REPORT_DATE_SQ":"2021-06-30 00:00:00","REPORT_TYPE_SQ":"2021年中报","OPERATE_INCOME_SQ":343419821.34,"DPS_HKD":0.03,"OPERATE_INCOME_QOQ_SQ":0,"NET_PROFIT_RATIO_SQ":-5.1557470302,"HOLDER_PROFIT_SQ":-19552751.26,"HOLDER_PROFIT_QOQ_SQ":0,"ROE_AVG_SQ":-3.635406139036,"PE_TTM_SQ":7.059755148887,"PB_TTM_SQ":0.573397770312,"ROA_SQ":-2.497041073884,"START_DATE":"2022-04-01 00:00:00","FISCAL_YEAR":"3-31","CURRENCY":"HKD","IS_CNY_CODE":0,"DPS_HKD_LY":0.05,"ORG_TYPE":"一般企业","PREMIUM_INCOME":null,"PREMIUM_INCOME_YOY":null,"NET_INTEREST_INCOME":null,"NET_INTEREST_INCOME_YOY":null,"FEE_COMMISSION_INCOME":null,"FEE_COMMISSION_INCOME_YOY":null,"ACCOUNTS_RECE_TDAYS":2.797789432667,"INVENTORY_TDAYS":1.989694359494,"CURRENT_ASSETS_TDAYS":0.673671544596,"TOTAL_ASSETS_TDAYS":0.581455946245,"PREMIUM_EXPENSE":null,"LOAN_DEPOSIT":null,"LOAN_EQUITY":null,"LOAN_ASSETS":null,"DEPOSIT_EQUITY":null,"DEPOSIT_ASSETS":null,"EQUITY_MULTIPLIER":1.406289464709,"EQUITY_RATIO":0.4614333673},{"SECUCODE":"00927.HK","SECURITY_CODE":"00927","SECURITY_NAME_ABBR":"富士高实业","ORG_CODE":"10009168","STD_REPORT_DATE":"2021-12-31 00:00:00","REPORT_DATE":"2022-03-31 00:00:00","DATE_TYPE_CODE":"001","REPORT_TYPE":"2021年年报","PER_NETCASH_OPERATE":-0.165529540859,"PER_OI":1.672658727054,"BPS":1.169419593555,"BASIC_EPS":-0.07055787,"DILUTED_EPS":-0.07055787,"OPERATE_INCOME":712283319.67,"OPERATE_INCOME_YOY":-1.4091511192,"GROSS_PROFIT":93472957.55,"GROSS_PROFIT_YOY":-36.085366104795,"HOLDER_PROFIT":-30066573.73,"HOLDER_PROFIT_YOY":-461.1240989675,"GROSS_PROFIT_RATIO":13.12300245825,"EPS_TTM":-0.035005769833,"OPERATE_INCOME_QOQ":0,"NET_PROFIT_RATIO":-3.5289951689,"ROE_AVG":-5.814857193049,"GROSS_PROFIT_QOQ":0,"ROA":-4.026255971833,"HOLDER_PROFIT_QOQ":0,"ROE_YEARLY":-5.814857193049,"ROIC_YEARLY":-8.70277623562,"TOTAL_ASSETS":739794400.89,"TOTAL_LIABILITIES":185310918.94,"TAX_EBT":-61.933124346918,"OCF_SALES":-9.896193298849,"TOTAL_PARENT_EQUITY":497984470.3,"DEBT_ASSET_RATIO":25.0489755961,"OPERATE_PROFIT":-18900588.05,"PRETAX_PROFIT":-15522731.4,"NETCASH_OPERATE":-70488934.15,"NETCASH_INVEST":-8743498.81,"NETCASH_FINANCE":-20229833.44,"END_CASH":299961780.62,"DIVI_RATIO":-0.774195229219,"DIVIDEND_RATE":4.347826086957,"CURRENT_RATIO":3.501226947417,"COMMON_ACS":2000000000,"CURRENTDEBT_DEBT":98.269976454524,"ISSUED_COMMON_SHARES":425839000,"HK_COMMON_SHARES":425839000,"PER_SHARES":2000,"TOTAL_MARKET_CAP":293828910,"HKSK_MARKET_CAP":293828910,"PE_TTM":18.986101705867,"PB_TTM":0.516486951111,"REPORT_DATE_SQ":"2020-12-31 00:00:00","REPORT_TYPE_SQ":"2020年年报","OPERATE_INCOME_SQ":752903247.6,"DPS_HKD":0.03,"OPERATE_INCOME_QOQ_SQ":0,"NET_PROFIT_RATIO_SQ":2.2884533351,"HOLDER_PROFIT_SQ":8676617.88,"HOLDER_PROFIT_QOQ_SQ":0,"ROE_AVG_SQ":1.56573263125,"PE_TTM_SQ":7.059755148887,"PB_TTM_SQ":0.573397770312,"ROA_SQ":1.093380976598,"START_DATE":"2021-04-01 00:00:00","FISCAL_YEAR":"3-31","CURRENCY":"HKD","IS_CNY_CODE":0,"DPS_HKD_LY":0.04,"ORG_TYPE":"一般企业","PREMIUM_INCOME":null,"PREMIUM_INCOME_YOY":null,"NET_INTEREST_INCOME":null,"NET_INTEREST_INCOME_YOY":null,"FEE_COMMISSION_INCOME":null,"FEE_COMMISSION_INCOME_YOY":null,"ACCOUNTS_RECE_TDAYS":5.437158926642,"INVENTORY_TDAYS":4.380733115353,"CURRENT_ASSETS_TDAYS":1.115171176891,"TOTAL_ASSETS_TDAYS":0.953828326171,"PREMIUM_EXPENSE":null,"LOAN_DEPOSIT":null,"LOAN_EQUITY":null,"LOAN_ASSETS":null,"DEPOSIT_EQUITY":null,"DEPOSIT_ASSETS":null,"EQUITY_MULTIPLIER":1.334204579528,"EQUITY_RATIO":0.372121883296},{"SECUCODE":"00927.HK","SECURITY_CODE":"00927","SECURITY_NAME_ABBR":"富士高实业","ORG_CODE":"10009168","STD_REPORT_DATE":"2021-06-30 00:00:00","REPORT_DATE":"2021-09-30 00:00:00","DATE_TYPE_CODE":"002","REPORT_TYPE":"2021年中报","PER_NETCASH_OPERATE":-0.103281763061,"PER_OI":0.806454602185,"BPS":1.232772845418,"BASIC_EPS":-0.045901606,"DILUTED_EPS":-0.045901606,"OPERATE_INCOME":343419821.34,"OPERATE_INCOME_YOY":-18.098645835,"GROSS_PROFIT":43284964.54,"GROSS_PROFIT_YOY":-45.646920026814,"HOLDER_PROFIT":-19552751.26,"HOLDER_PROFIT_YOY":-611.6851972967,"GROSS_PROFIT_RATIO":12.604096167515,"EPS_TTM":0.020375348148,"OPERATE_INCOME_QOQ":0,"NET_PROFIT_RATIO":-5.1557470302,"ROE_AVG":-3.635406139036,"GROSS_PROFIT_QOQ":0,"ROA":-2.497041073884,"HOLDER_PROFIT_QOQ":0,"ROE_YEARLY":-7.270812278073,"ROIC_YEARLY":-11.036749587668,"TOTAL_ASSETS":791850187.92,"TOTAL_LIABILITIES":212483615.84,"TAX_EBT":-38.751795273534,"OCF_SALES":-12.806891148096,"TOTAL_PARENT_EQUITY":524962755.72,"DEBT_ASSET_RATIO":26.8338151688,"OPERATE_PROFIT":-15013407.32,"PRETAX_PROFIT":-12760813.08,"NETCASH_OPERATE":-43981402.7,"NETCASH_INVEST":-3492187.52,"NETCASH_FINANCE":-14018733.68,"END_CASH":344800201.76,"DIVI_RATIO":1.330102425889,"DIVIDEND_RATE":4.347826086957,"CURRENT_RATIO":3.275919141278,"COMMON_ACS":2000000000,"CURRENTDEBT_DEBT":97.59432926638,"ISSUED_COMMON_SHARES":425839000,"HK_COMMON_SHARES":425839000,"PER_SHARES":2000,"TOTAL_MARKET_CAP":293828910,"HKSK_MARKET_CAP":293828910,"PE_TTM":18.986101705867,"PB_TTM":0.516486951111,"REPORT_DATE_SQ":"2020-06-30 00:00:00","REPORT_TYPE_SQ":"2020年中报","OPERATE_INCOME_SQ":442291409.92,"DPS_HKD":0.03,"OPERATE_INCOME_QOQ_SQ":0,"NET_PROFIT_RATIO_SQ":2.3680006993,"HOLDER_PROFIT_SQ":4030688.64,"HOLDER_PROFIT_QOQ_SQ":0,"ROE_AVG_SQ":0.705393329443,"PE_TTM_SQ":7.059755148887,"PB_TTM_SQ":0.573397770312,"ROA_SQ":0.465022680881,"START_DATE":"2021-04-01 00:00:00","FISCAL_YEAR":"3-31","CURRENCY":"HKD","IS_CNY_CODE":0,"DPS_HKD_LY":0.04,"ORG_TYPE":"一般企业","PREMIUM_INCOME":null,"PREMIUM_INCOME_YOY":null,"NET_INTEREST_INCOME":null,"NET_INTEREST_INCOME_YOY":null,"FEE_COMMISSION_INCOME":null,"FEE_COMMISSION_INCOME_YOY":null,"ACCOUNTS_RECE_TDAYS":2.526129052025,"INVENTORY_TDAYS":2.228627984659,"CURRENT_ASSETS_TDAYS":0.513877877668,"TOTAL_ASSETS_TDAYS":0.438574289658,"PREMIUM_EXPENSE":null,"LOAN_DEPOSIT":null,"LOAN_EQUITY":null,"LOAN_ASSETS":null,"DEPOSIT_EQUITY":null,"DEPOSIT_ASSETS":null,"EQUITY_MULTIPLIER":1.366751597486,"EQUITY_RATIO":0.404759411072},{"SECUCODE":"00927.HK","SECURITY_CODE":"00927","SECURITY_NAME_ABBR":"富士高实业","ORG_CODE":"10009168","STD_REPORT_DATE":"2020-12-31 00:00:00","REPORT_DATE":"2021-03-31 00:00:00","DATE_TYPE_CODE":"001","REPORT_TYPE":"2020年年报","PER_NETCASH_OPERATE":0.208657775779,"PER_OI":1.768046720944,"BPS":1.312078344022,"BASIC_EPS":0.02028432,"DILUTED_EPS":0.02028432,"OPERATE_INCOME":752903247.6,"OPERATE_INCOME_YOY":-28.7442617942,"GROSS_PROFIT":146246566.48,"GROSS_PROFIT_YOY":-33.959499127004,"HOLDER_PROFIT":8676617.88,"HOLDER_PROFIT_YOY":-64.5890103825,"GROSS_PROFIT_RATIO":19.424350598325,"EPS_TTM":-0.000103188059,"OPERATE_INCOME_QOQ":0,"NET_PROFIT_RATIO":2.2884533351,"ROE_AVG":1.56573263125,"GROSS_PROFIT_QOQ":0,"ROA":1.093380976598,"HOLDER_PROFIT_QOQ":0,"ROE_YEARLY":1.56573263125,"ROIC_YEARLY":2.443122322703,"TOTAL_ASSETS":785487472.14,"TOTAL_LIABILITIES":173757175.48,"TAX_EBT":38.310234218968,"OCF_SALES":11.8015985272,"TOTAL_PARENT_EQUITY":558734129.94,"DEBT_ASSET_RATIO":22.1209352972,"OPERATE_PROFIT":25109452.62,"PRETAX_PROFIT":27929818.28,"NETCASH_OPERATE":88854618.58,"NETCASH_INVEST":-4727936.92,"NETCASH_FINANCE":-37190455.54,"END_CASH":411898473,"DIVI_RATIO":-262.639884635254,"DIVIDEND_RATE":4.347826086957,"CURRENT_RATIO":3.994349882036,"COMMON_ACS":2000000000,"CURRENTDEBT_DEBT":96.075608261263,"ISSUED_COMMON_SHARES":425839000,"HK_COMMON_SHARES":425839000,"PER_SHARES":2000,"TOTAL_MARKET_CAP":293828910,"HKSK_MARKET_CAP":293828910,"PE_TTM":18.986101705867,"PB_TTM":0.516486951111,"REPORT_DATE_SQ":"2019-12-31 00:00:00","REPORT_TYPE_SQ":"2019年年报","OPERATE_INCOME_SQ":1142283070.1,"DPS_HKD":0.03,"OPERATE_INCOME_QOQ_SQ":0,"NET_PROFIT_RATIO_SQ":4.1499056531,"HOLDER_PROFIT_SQ":26489076.7,"HOLDER_PROFIT_QOQ_SQ":0,"ROE_AVG_SQ":4.381472707419,"PE_TTM_SQ":7.059755148887,"PB_TTM_SQ":0.573397770312,"ROA_SQ":2.914945644524,"START_DATE":"2020-04-01 00:00:00","FISCAL_YEAR":"3-31","CURRENCY":"HKD","IS_CNY_CODE":0,"DPS_HKD_LY":0.05,"ORG_TYPE":"一般企业","PREMIUM_INCOME":null,"PREMIUM_INCOME_YOY":null,"NET_INTEREST_INCOME":null,"NET_INTEREST_INCOME_YOY":null,"FEE_COMMISSION_INCOME":null,"FEE_COMMISSION_INCOME_YOY":null,"ACCOUNTS_RECE_TDAYS":5.979139259538,"INVENTORY_TDAYS":4.576653319391,"CURRENT_ASSETS_TDAYS":1.125222390008,"TOTAL_ASSETS_TDAYS":0.948768402078,"PREMIUM_EXPENSE":null,"LOAN_DEPOSIT":null,"LOAN_EQUITY":null,"LOAN_ASSETS":null,"DEPOSIT_EQUITY":null,"DEPOSIT_ASSETS":null,"EQUITY_MULTIPLIER":1.284042128416,"EQUITY_RATIO":0.310983643506},{"SECUCODE":"00927.HK","SECURITY_CODE":"00927","SECURITY_NAME_ABBR":"富士高实业","ORG_CODE":"10009168","STD_REPORT_DATE":"2020-06-30 00:00:00","REPORT_DATE":"2020-09-30 00:00:00","DATE_TYPE_CODE":"002","REPORT_TYPE":"2020年中报","PER_NETCASH_OPERATE":0.080028831929,"PER_OI":1.038635282161,"BPS":1.341893854908,"BASIC_EPS":0.009490176,"DILUTED_EPS":0.009490176,"OPERATE_INCOME":442291409.92,"OPERATE_INCOME_YOY":-37.576767767,"GROSS_PROFIT":79636636.16,"GROSS_PROFIT_YOY":-43.634940363768,"HOLDER_PROFIT":4030688.64,"HOLDER_PROFIT_YOY":-86.4626372329,"GROSS_PROFIT_RATIO":18.005467520702,"EPS_TTM":0.062204440411,"OPERATE_INCOME_QOQ":0,"NET_PROFIT_RATIO":2.3680006993,"ROE_AVG":0.705393329443,"GROSS_PROFIT_QOQ":0,"ROA":0.465022680881,"HOLDER_PROFIT_QOQ":0,"ROE_YEARLY":1.410786658885,"ROIC_YEARLY":1.904712471258,"TOTAL_ASSETS":900103651.2,"TOTAL_LIABILITIES":263869071.36,"TAX_EBT":17.171646977067,"OCF_SALES":7.705190965876,"TOTAL_PARENT_EQUITY":571430737.28,"DEBT_ASSET_RATIO":29.3154095096,"OPERATE_PROFIT":11321428.48,"PRETAX_PROFIT":12644780.8,"NETCASH_OPERATE":34079397.76,"NETCASH_INVEST":-2275006.08,"NETCASH_FINANCE":-14738770.56,"END_CASH":393994322.56,"DIVI_RATIO":0.435681115707,"DIVIDEND_RATE":4.347826086957,"CURRENT_RATIO":2.971226273482,"COMMON_ACS":2000000000,"CURRENTDEBT_DEBT":98.722226662404,"ISSUED_COMMON_SHARES":425839000,"HK_COMMON_SHARES":425839000,"PER_SHARES":2000,"TOTAL_MARKET_CAP":293828910,"HKSK_MARKET_CAP":293828910,"PE_TTM":18.986101705867,"PB_TTM":0.516486951111,"REPORT_DATE_SQ":"2019-06-30 00:00:00","REPORT_TYPE_SQ":"2019年中报","OPERATE_INCOME_SQ":727315919.28,"DPS_HKD":0.03,"OPERATE_INCOME_QOQ_SQ":0,"NET_PROFIT_RATIO_SQ":6.8658163923,"HOLDER_PROFIT_SQ":30563706.84,"HOLDER_PROFIT_QOQ_SQ":0,"ROE_AVG_SQ":5.067800754846,"PE_TTM_SQ":7.059755148887,"PB_TTM_SQ":0.573397770312,"ROA_SQ":3.21648376736,"START_DATE":"2020-04-01 00:00:00","FISCAL_YEAR":"3-31","CURRENCY":"HKD","IS_CNY_CODE":0,"DPS_HKD_LY":0.05,"ORG_TYPE":"一般企业","PREMIUM_INCOME":null,"PREMIUM_INCOME_YOY":null,"NET_INTEREST_INCOME":null,"NET_INTEREST_INCOME_YOY":null,"FEE_COMMISSION_INCOME":null,"FEE_COMMISSION_INCOME_YOY":null,"ACCOUNTS_RECE_TDAYS":2.314172545936,"INVENTORY_TDAYS":2.676828081827,"CURRENT_ASSETS_TDAYS":0.600914260336,"TOTAL_ASSETS_TDAYS":0.51027393962,"PREMIUM_EXPENSE":null,"LOAN_DEPOSIT":null,"LOAN_EQUITY":null,"LOAN_ASSETS":null,"DEPOSIT_EQUITY":null,"DEPOSIT_ASSETS":null,"EQUITY_MULTIPLIER":1.414735507502,"EQUITY_RATIO":0.461769124664}],"count":44},"success":true,"message":"ok","code":0}