{"version":"377399a6df3303f58f45494c31d0d891","result":{"pages":9,"data":[{"SECUCODE":"00939.HK","SECURITY_CODE":"00939","SECURITY_NAME_ABBR":"建设银行","ORG_CODE":"10008225","STD_REPORT_DATE":"2024-09-30 00:00:00","REPORT_DATE":"2024-09-30 00:00:00","DATE_TYPE_CODE":"004","REPORT_TYPE":"2024年三季报","PER_NETCASH_OPERATE":3.819308294387,"PER_OI":2.209290990156,"BPS":12.483235861812,"BASIC_EPS":1.01,"DILUTED_EPS":1.01,"OPERATE_INCOME":552347000000,"OPERATE_INCOME_YOY":-3.2033240687,"GROSS_PROFIT":null,"GROSS_PROFIT_YOY":null,"HOLDER_PROFIT":255776000000,"HOLDER_PROFIT_YOY":0.1260500912,"GROSS_PROFIT_RATIO":null,"EPS_TTM":1.331841518913,"OPERATE_INCOME_QOQ":-0.676643574754,"NET_PROFIT_RATIO":46.5489990893,"ROE_AVG":7.905228495058,"GROSS_PROFIT_QOQ":null,"ROA":0.645508848263,"HOLDER_PROFIT_QOQ":1.013241919092,"ROE_YEARLY":10.540304660077,"ROIC_YEARLY":0.700892300711,"TOTAL_ASSETS":40923042000000,"TOTAL_LIABILITIES":37579717000000,"TAX_EBT":13.615868941466,"OCF_SALES":172.874841358784,"TOTAL_PARENT_EQUITY":3320914000000,"DEBT_ASSET_RATIO":91.8302138927,"OPERATE_PROFIT":297594000000,"PRETAX_PROFIT":297638000000,"NETCASH_OPERATE":954869000000,"NETCASH_INVEST":-470810000000,"NETCASH_FINANCE":-19844000000,"END_CASH":1385789000000,"DIVI_RATIO":0.444347652219,"DIVIDEND_RATE":9.680887369985,"CURRENT_RATIO":null,"COMMON_ACS":null,"CURRENTDEBT_DEBT":null,"ISSUED_COMMON_SHARES":250010977486,"HK_COMMON_SHARES":240417319880,"PER_SHARES":1000,"TOTAL_MARKET_CAP":1682573878480.78,"HKSK_MARKET_CAP":1618008562792.4,"PE_TTM":4.519106708169,"PB_TTM":0.486175761412,"REPORT_DATE_SQ":"2023-09-30 00:00:00","REPORT_TYPE_SQ":"2023年三季报","OPERATE_INCOME_SQ":570626000000,"DPS_HKD":0.65152372,"OPERATE_INCOME_QOQ_SQ":-0.528004463052,"NET_PROFIT_RATIO_SQ":44.7648722631,"HOLDER_PROFIT_SQ":255454000000,"HOLDER_PROFIT_QOQ_SQ":0.686291777253,"ROE_AVG_SQ":8.613101622218,"PE_TTM_SQ":3.269756629739,"PB_TTM_SQ":0.382849692003,"ROA_SQ":0.705214241256,"START_DATE":"2024-01-01 00:00:00","FISCAL_YEAR":"12-31","CURRENCY":"HKD","IS_CNY_CODE":0,"DPS_HKD_LY":0.43839268,"ORG_TYPE":"银行","PREMIUM_INCOME":null,"PREMIUM_INCOME_YOY":null,"NET_INTEREST_INCOME":440817000000,"NET_INTEREST_INCOME_YOY":-5.893793029834,"FEE_COMMISSION_INCOME":85144000000,"FEE_COMMISSION_INCOME_YOY":null,"ACCOUNTS_RECE_TDAYS":null,"INVENTORY_TDAYS":null,"CURRENT_ASSETS_TDAYS":null,"TOTAL_ASSETS_TDAYS":0.013939731476,"PREMIUM_EXPENSE":null,"LOAN_DEPOSIT":89.84954577902,"LOAN_EQUITY":7.674029596285,"LOAN_ASSETS":62.695180382729,"DEPOSIT_EQUITY":8.540977619585,"DEPOSIT_ASSETS":69.777960299237,"EQUITY_MULTIPLIER":12.240222532955,"EQUITY_RATIO":11.316076537965},{"SECUCODE":"00939.HK","SECURITY_CODE":"00939","SECURITY_NAME_ABBR":"建设银行","ORG_CODE":"10008225","STD_REPORT_DATE":"2024-06-30 00:00:00","REPORT_DATE":"2024-06-30 00:00:00","DATE_TYPE_CODE":"002","REPORT_TYPE":"2024年中报","PER_NETCASH_OPERATE":1.163168925318,"PER_OI":1.499258167658,"BPS":12.138239010605,"BASIC_EPS":0.66,"DILUTED_EPS":0.66,"OPERATE_INCOME":374831000000,"OPERATE_INCOME_YOY":-3.4326493282,"GROSS_PROFIT":null,"GROSS_PROFIT_YOY":null,"HOLDER_PROFIT":164326000000,"HOLDER_PROFIT_YOY":-1.8034706951,"GROSS_PROFIT_RATIO":null,"EPS_TTM":1.318482105525,"OPERATE_INCOME_QOQ":-1.035203682406,"NET_PROFIT_RATIO":44.0302429628,"ROE_AVG":5.147407767754,"GROSS_PROFIT_QOQ":null,"ROA":0.418030132151,"HOLDER_PROFIT_QOQ":-0.330181690639,"ROE_YEARLY":10.294815535507,"ROIC_YEARLY":0.908922571566,"TOTAL_ASSETS":40294387000000,"TOTAL_LIABILITIES":37038911000000,"TAX_EBT":14.492881271631,"OCF_SALES":77.582964055801,"TOTAL_PARENT_EQUITY":3234661000000,"DEBT_ASSET_RATIO":91.9207705033,"OPERATE_PROFIT":192806000000,"PRETAX_PROFIT":193012000000,"NETCASH_OPERATE":290805000000,"NETCASH_INVEST":-80924000000,"NETCASH_FINANCE":7400000000,"END_CASH":1148419000000,"DIVI_RATIO":0.448849968898,"DIVIDEND_RATE":10.663236006547,"CURRENT_RATIO":null,"COMMON_ACS":null,"CURRENTDEBT_DEBT":null,"ISSUED_COMMON_SHARES":250010977486,"HK_COMMON_SHARES":240417319880,"PER_SHARES":1000,"TOTAL_MARKET_CAP":1527567072439.46,"HKSK_MARKET_CAP":1468949824466.8,"PE_TTM":4.102784842038,"PB_TTM":0.441386909692,"REPORT_DATE_SQ":"2023-06-30 00:00:00","REPORT_TYPE_SQ":"2023年中报","OPERATE_INCOME_SQ":388155000000,"DPS_HKD":0.65152372,"OPERATE_INCOME_QOQ_SQ":-0.461483801353,"NET_PROFIT_RATIO_SQ":43.1000502377,"HOLDER_PROFIT_SQ":167344000000,"HOLDER_PROFIT_QOQ_SQ":1.609115958172,"ROE_AVG_SQ":5.779742304395,"PE_TTM_SQ":3.031336875487,"PB_TTM_SQ":0.354933568628,"ROA_SQ":0.459378964079,"START_DATE":"2024-01-01 00:00:00","FISCAL_YEAR":"12-31","CURRENCY":"HKD","IS_CNY_CODE":0,"DPS_HKD_LY":0.43839268,"ORG_TYPE":"银行","PREMIUM_INCOME":null,"PREMIUM_INCOME_YOY":null,"NET_INTEREST_INCOME":296059000000,"NET_INTEREST_INCOME_YOY":-5.165526851066,"FEE_COMMISSION_INCOME":62696000000,"FEE_COMMISSION_INCOME_YOY":null,"ACCOUNTS_RECE_TDAYS":null,"INVENTORY_TDAYS":null,"CURRENT_ASSETS_TDAYS":null,"TOTAL_ASSETS_TDAYS":0.009535353655,"PREMIUM_EXPENSE":null,"LOAN_DEPOSIT":88.174127994337,"LOAN_EQUITY":7.77527034449,"LOAN_ASSETS":62.818193511667,"DEPOSIT_EQUITY":8.818085895887,"DEPOSIT_ASSETS":71.243339674084,"EQUITY_MULTIPLIER":12.377417925911,"EQUITY_RATIO":11.450631457207},{"SECUCODE":"00939.HK","SECURITY_CODE":"00939","SECURITY_NAME_ABBR":"建设银行","ORG_CODE":"10008225","STD_REPORT_DATE":"2024-03-31 00:00:00","REPORT_DATE":"2024-03-31 00:00:00","DATE_TYPE_CODE":"003","REPORT_TYPE":"2024年一季报","PER_NETCASH_OPERATE":0.837303234062,"PER_OI":0.781101701868,"BPS":12.168185695648,"BASIC_EPS":0.35,"DILUTED_EPS":0.35,"OPERATE_INCOME":195284000000,"OPERATE_INCOME_YOY":-2.8186396481,"GROSS_PROFIT":null,"GROSS_PROFIT_YOY":null,"HOLDER_PROFIT":86817000000,"HOLDER_PROFIT_YOY":-2.1703120246,"GROSS_PROFIT_RATIO":null,"EPS_TTM":1.322849913734,"OPERATE_INCOME_QOQ":-0.759641369876,"NET_PROFIT_RATIO":44.5028778599,"ROE_AVG":2.716302272127,"GROSS_PROFIT_QOQ":null,"ROA":0.22245338096,"HOLDER_PROFIT_QOQ":-0.578981701653,"ROE_YEARLY":10.865209088507,"ROIC_YEARLY":0.965175037823,"TOTAL_ASSETS":39729281000000,"TOTAL_LIABILITIES":36466753000000,"TAX_EBT":15.05273343955,"OCF_SALES":107.195161918027,"TOTAL_PARENT_EQUITY":3242148000000,"DEBT_ASSET_RATIO":91.7881020802,"OPERATE_PROFIT":102352000000,"PRETAX_PROFIT":102307000000,"NETCASH_OPERATE":209335000000,"NETCASH_INVEST":-135041000000,"NETCASH_FINANCE":38576000000,"END_CASH":1042389000000,"DIVI_RATIO":0.447367948482,"DIVIDEND_RATE":10.663236006547,"CURRENT_RATIO":null,"COMMON_ACS":null,"CURRENTDEBT_DEBT":null,"ISSUED_COMMON_SHARES":250010977486,"HK_COMMON_SHARES":240417319880,"PER_SHARES":1000,"TOTAL_MARKET_CAP":1527567072439.46,"HKSK_MARKET_CAP":1468949824466.8,"PE_TTM":4.102784842038,"PB_TTM":0.441386909692,"REPORT_DATE_SQ":"2023-03-31 00:00:00","REPORT_TYPE_SQ":"2023年一季报","OPERATE_INCOME_SQ":200948000000,"DPS_HKD":0.65152372,"OPERATE_INCOME_QOQ_SQ":0.235439982589,"NET_PROFIT_RATIO_SQ":44.363218345,"HOLDER_PROFIT_SQ":88743000000,"HOLDER_PROFIT_QOQ_SQ":0.071018121972,"ROE_AVG_SQ":3.061304746483,"PE_TTM_SQ":3.031336875487,"PB_TTM_SQ":0.354933568628,"ROA_SQ":0.248079975105,"START_DATE":"2024-01-01 00:00:00","FISCAL_YEAR":"12-31","CURRENCY":"HKD","IS_CNY_CODE":0,"DPS_HKD_LY":0.43839268,"ORG_TYPE":"银行","PREMIUM_INCOME":null,"PREMIUM_INCOME_YOY":null,"NET_INTEREST_INCOME":149731000000,"NET_INTEREST_INCOME_YOY":-2.189022876628,"FEE_COMMISSION_INCOME":39278000000,"FEE_COMMISSION_INCOME_YOY":null,"ACCOUNTS_RECE_TDAYS":null,"INVENTORY_TDAYS":null,"CURRENT_ASSETS_TDAYS":null,"TOTAL_ASSETS_TDAYS":0.00500381101,"PREMIUM_EXPENSE":null,"LOAN_DEPOSIT":84.682560563093,"LOAN_EQUITY":7.62222730349,"LOAN_ASSETS":62.592952537953,"DEPOSIT_EQUITY":9.000940988093,"DEPOSIT_ASSETS":73.914808576576,"EQUITY_MULTIPLIER":12.177452883198,"EQUITY_RATIO":11.247713861304},{"SECUCODE":"00939.HK","SECURITY_CODE":"00939","SECURITY_NAME_ABBR":"建设银行","ORG_CODE":"10008225","STD_REPORT_DATE":"2023-12-31 00:00:00","REPORT_DATE":"2023-12-31 00:00:00","DATE_TYPE_CODE":"001","REPORT_TYPE":"2023年年报","PER_NETCASH_OPERATE":2.571287094928,"PER_OI":2.982329046099,"BPS":11.800189854324,"BASIC_EPS":1.31,"DILUTED_EPS":1.31,"OPERATE_INCOME":745615000000,"OPERATE_INCOME_YOY":-1.5702763,"GROSS_PROFIT":null,"GROSS_PROFIT_YOY":null,"HOLDER_PROFIT":332653000000,"HOLDER_PROFIT_YOY":2.4408195192,"GROSS_PROFIT_RATIO":null,"EPS_TTM":1.330553575467,"OPERATE_INCOME_QOQ":-0.906917371375,"NET_PROFIT_RATIO":44.5886952382,"ROE_AVG":11.078103002284,"GROSS_PROFIT_QOQ":null,"ROA":0.912293587553,"HOLDER_PROFIT_QOQ":0.327838198126,"ROE_YEARLY":11.078103002284,"ROIC_YEARLY":0.998097241458,"TOTAL_ASSETS":38324826000000,"TOTAL_LIABILITIES":35152752000000,"TAX_EBT":14.617453008267,"OCF_SALES":86.217417836283,"TOTAL_PARENT_EQUITY":3150145000000,"DEBT_ASSET_RATIO":91.7231874712,"OPERATE_PROFIT":388226000000,"PRETAX_PROFIT":389377000000,"NETCASH_OPERATE":642850000000,"NETCASH_INVEST":-821254000000,"NETCASH_FINANCE":-47327000000,"END_CASH":925463000000,"DIVI_RATIO":0.444777769921,"DIVIDEND_RATE":10.663236006547,"CURRENT_RATIO":null,"COMMON_ACS":null,"CURRENTDEBT_DEBT":null,"ISSUED_COMMON_SHARES":250010977486,"HK_COMMON_SHARES":240417319880,"PER_SHARES":1000,"TOTAL_MARKET_CAP":1527567072439.46,"HKSK_MARKET_CAP":1468949824466.8,"PE_TTM":4.102784842038,"PB_TTM":0.441386909692,"REPORT_DATE_SQ":"2022-12-31 00:00:00","REPORT_TYPE_SQ":"2022年年报","OPERATE_INCOME_SQ":757510000000,"DPS_HKD":0.65152372,"OPERATE_INCOME_QOQ_SQ":-1.427193251614,"NET_PROFIT_RATIO_SQ":42.6253206798,"HOLDER_PROFIT_SQ":324727000000,"HOLDER_PROFIT_QOQ_SQ":1.957864514139,"ROE_AVG_SQ":11.895799494726,"PE_TTM_SQ":3.031336875487,"PB_TTM_SQ":0.354933568628,"ROA_SQ":0.99870950823,"START_DATE":"2023-01-01 00:00:00","FISCAL_YEAR":"12-31","CURRENCY":"HKD","IS_CNY_CODE":0,"DPS_HKD_LY":0.4219867,"ORG_TYPE":"银行","PREMIUM_INCOME":null,"PREMIUM_INCOME_YOY":null,"NET_INTEREST_INCOME":617233000000,"NET_INTEREST_INCOME_YOY":-4.107079881119,"FEE_COMMISSION_INCOME":115746000000,"FEE_COMMISSION_INCOME_YOY":null,"ACCOUNTS_RECE_TDAYS":null,"INVENTORY_TDAYS":null,"CURRENT_ASSETS_TDAYS":null,"TOTAL_ASSETS_TDAYS":0.020448328537,"PREMIUM_EXPENSE":null,"LOAN_DEPOSIT":85.913927639647,"LOAN_EQUITY":7.489940966068,"LOAN_ASSETS":61.992837227754,"DEPOSIT_EQUITY":8.717958975736,"DEPOSIT_ASSETS":72.156912075739,"EQUITY_MULTIPLIER":12.08194575533,"EQUITY_RATIO":11.159090137121},{"SECUCODE":"00939.HK","SECURITY_CODE":"00939","SECURITY_NAME_ABBR":"建设银行","ORG_CODE":"10008225","STD_REPORT_DATE":"2023-09-30 00:00:00","REPORT_DATE":"2023-09-30 00:00:00","DATE_TYPE_CODE":"004","REPORT_TYPE":"2023年三季报","PER_NETCASH_OPERATE":1.908740187325,"PER_OI":2.282403779778,"BPS":11.504838823172,"BASIC_EPS":1.02,"DILUTED_EPS":1.02,"OPERATE_INCOME":570626000000,"OPERATE_INCOME_YOY":-0.9917722463,"GROSS_PROFIT":null,"GROSS_PROFIT_YOY":null,"HOLDER_PROFIT":255454000000,"HOLDER_PROFIT_YOY":3.1100024622,"GROSS_PROFIT_RATIO":null,"EPS_TTM":1.326205766379,"OPERATE_INCOME_QOQ":-0.528004463052,"NET_PROFIT_RATIO":44.7648722631,"ROE_AVG":8.613101622218,"GROSS_PROFIT_QOQ":null,"ROA":0.705214241256,"HOLDER_PROFIT_QOQ":0.686291777253,"ROE_YEARLY":11.484135496291,"ROIC_YEARLY":0.771179686748,"TOTAL_ASSETS":37845287000000,"TOTAL_LIABILITIES":34748165000000,"TAX_EBT":15.051546391753,"OCF_SALES":83.62850623701,"TOTAL_PARENT_EQUITY":3076304000000,"DEBT_ASSET_RATIO":91.816360119,"OPERATE_PROFIT":299842000000,"PRETAX_PROFIT":300700000000,"NETCASH_OPERATE":477206000000,"NETCASH_INVEST":-712081000000,"NETCASH_FINANCE":-83196000000,"END_CASH":841116000000,"DIVI_RATIO":0.446235921348,"DIVIDEND_RATE":10.663236006547,"CURRENT_RATIO":null,"COMMON_ACS":null,"CURRENTDEBT_DEBT":null,"ISSUED_COMMON_SHARES":250010977486,"HK_COMMON_SHARES":240417319880,"PER_SHARES":1000,"TOTAL_MARKET_CAP":1527567072439.46,"HKSK_MARKET_CAP":1468949824466.8,"PE_TTM":4.102784842038,"PB_TTM":0.441386909692,"REPORT_DATE_SQ":"2022-09-30 00:00:00","REPORT_TYPE_SQ":"2022年三季报","OPERATE_INCOME_SQ":576342000000,"DPS_HKD":0.65152372,"OPERATE_INCOME_QOQ_SQ":-0.649478144053,"NET_PROFIT_RATIO_SQ":42.7623859333,"HOLDER_PROFIT_SQ":247749000000,"HOLDER_PROFIT_QOQ_SQ":2.183333065256,"ROE_AVG_SQ":9.193591232401,"PE_TTM_SQ":3.031336875487,"PB_TTM_SQ":0.354933568628,"ROA_SQ":0.766128353903,"START_DATE":"2023-01-01 00:00:00","FISCAL_YEAR":"12-31","CURRENCY":"HKD","IS_CNY_CODE":0,"DPS_HKD_LY":0.4219867,"ORG_TYPE":"银行","PREMIUM_INCOME":null,"PREMIUM_INCOME_YOY":null,"NET_INTEREST_INCOME":468425000000,"NET_INTEREST_INCOME_YOY":-3.052724168262,"FEE_COMMISSION_INCOME":94907000000,"FEE_COMMISSION_INCOME_YOY":null,"ACCOUNTS_RECE_TDAYS":null,"INVENTORY_TDAYS":null,"CURRENT_ASSETS_TDAYS":null,"TOTAL_ASSETS_TDAYS":0.015752878469,"PREMIUM_EXPENSE":null,"LOAN_DEPOSIT":84.172428244864,"LOAN_EQUITY":7.574828502074,"LOAN_ASSETS":61.989668621089,"DEPOSIT_EQUITY":8.999180206656,"DEPOSIT_ASSETS":73.64605003524,"EQUITY_MULTIPLIER":12.219501524275,"EQUITY_RATIO":11.295426264764},{"SECUCODE":"00939.HK","SECURITY_CODE":"00939","SECURITY_NAME_ABBR":"建设银行","ORG_CODE":"10008225","STD_REPORT_DATE":"2023-06-30 00:00:00","REPORT_DATE":"2023-06-30 00:00:00","DATE_TYPE_CODE":"002","REPORT_TYPE":"2023年中报","PER_NETCASH_OPERATE":3.258316927486,"PER_OI":1.552551827536,"BPS":11.180669057448,"BASIC_EPS":0.67,"DILUTED_EPS":0.67,"OPERATE_INCOME":388155000000,"OPERATE_INCOME_YOY":-0.4416777599,"GROSS_PROFIT":null,"GROSS_PROFIT_YOY":null,"HOLDER_PROFIT":167344000000,"HOLDER_PROFIT_YOY":3.3632079259,"GROSS_PROFIT_RATIO":null,"EPS_TTM":1.317166163308,"OPERATE_INCOME_QOQ":-0.461483801353,"NET_PROFIT_RATIO":43.1000502377,"ROE_AVG":5.779742304395,"GROSS_PROFIT_QOQ":null,"ROA":0.459378964079,"HOLDER_PROFIT_QOQ":1.609115958172,"ROE_YEARLY":11.559484608791,"ROIC_YEARLY":1.010797711982,"TOTAL_ASSETS":38254706000000,"TOTAL_LIABILITIES":35298478000000,"TAX_EBT":15.192331089302,"OCF_SALES":209.868480375108,"TOTAL_PARENT_EQUITY":2935258000000,"DEBT_ASSET_RATIO":92.2722501122,"OPERATE_PROFIT":196800000000,"PRETAX_PROFIT":197264000000,"NETCASH_OPERATE":814615000000,"NETCASH_INVEST":-571238000000,"NETCASH_FINANCE":9703000000,"END_CASH":1412468000000,"DIVI_RATIO":0.449298401783,"DIVIDEND_RATE":10.663236006547,"CURRENT_RATIO":null,"COMMON_ACS":null,"CURRENTDEBT_DEBT":null,"ISSUED_COMMON_SHARES":250010977486,"HK_COMMON_SHARES":240417319880,"PER_SHARES":1000,"TOTAL_MARKET_CAP":1527567072439.46,"HKSK_MARKET_CAP":1468949824466.8,"PE_TTM":4.102784842038,"PB_TTM":0.441386909692,"REPORT_DATE_SQ":"2022-06-30 00:00:00","REPORT_TYPE_SQ":"2022年中报","OPERATE_INCOME_SQ":389877000000,"DPS_HKD":0.65152372,"OPERATE_INCOME_QOQ_SQ":0.59447624369,"NET_PROFIT_RATIO_SQ":41.4308806464,"HOLDER_PROFIT_SQ":161899000000,"HOLDER_PROFIT_QOQ_SQ":0.881420397937,"ROE_AVG_SQ":6.160773464028,"PE_TTM_SQ":3.031336875487,"PB_TTM_SQ":0.354933568628,"ROA_SQ":0.505581082869,"START_DATE":"2023-01-01 00:00:00","FISCAL_YEAR":"12-31","CURRENCY":"HKD","IS_CNY_CODE":0,"DPS_HKD_LY":0.4219867,"ORG_TYPE":"银行","PREMIUM_INCOME":null,"PREMIUM_INCOME_YOY":null,"NET_INTEREST_INCOME":312185000000,"NET_INTEREST_INCOME_YOY":-1.72632520013,"FEE_COMMISSION_INCOME":70601000000,"FEE_COMMISSION_INCOME_YOY":null,"ACCOUNTS_RECE_TDAYS":null,"INVENTORY_TDAYS":null,"CURRENT_ASSETS_TDAYS":null,"TOTAL_ASSETS_TDAYS":0.010655311323,"PREMIUM_EXPENSE":null,"LOAN_DEPOSIT":83.110858135374,"LOAN_EQUITY":7.767418818846,"LOAN_ASSETS":60.024669905972,"DEPOSIT_EQUITY":9.345853229183,"DEPOSIT_ASSETS":72.222416243377,"EQUITY_MULTIPLIER":12.940377399878,"EQUITY_RATIO":12.025681558487},{"SECUCODE":"00939.HK","SECURITY_CODE":"00939","SECURITY_NAME_ABBR":"建设银行","ORG_CODE":"10008225","STD_REPORT_DATE":"2023-03-31 00:00:00","REPORT_DATE":"2023-03-31 00:00:00","DATE_TYPE_CODE":"003","REPORT_TYPE":"2023年一季报","PER_NETCASH_OPERATE":1.483082877914,"PER_OI":0.803756707088,"BPS":11.208731825213,"BASIC_EPS":0.35,"DILUTED_EPS":0.35,"OPERATE_INCOME":200948000000,"OPERATE_INCOME_YOY":0.8962508096,"GROSS_PROFIT":null,"GROSS_PROFIT_YOY":null,"HOLDER_PROFIT":88743000000,"HOLDER_PROFIT_YOY":0.2598488358,"GROSS_PROFIT_RATIO":null,"EPS_TTM":1.296307079229,"OPERATE_INCOME_QOQ":0.235439982589,"NET_PROFIT_RATIO":44.363218345,"ROE_AVG":3.061304746483,"GROSS_PROFIT_QOQ":null,"ROA":0.248079975105,"HOLDER_PROFIT_QOQ":0.071018121972,"ROE_YEARLY":12.245218985933,"ROIC_YEARLY":1.091580377735,"TOTAL_ASSETS":36941947000000,"TOTAL_LIABILITIES":33978267000000,"TAX_EBT":14.858889260303,"OCF_SALES":184.5188805064,"TOTAL_PARENT_EQUITY":2942274000000,"DEBT_ASSET_RATIO":91.9774666993,"OPERATE_PROFIT":104342000000,"PRETAX_PROFIT":104705000000,"NETCASH_OPERATE":370787000000,"NETCASH_INVEST":-268382000000,"NETCASH_FINANCE":19322000000,"END_CASH":1264228000000,"DIVI_RATIO":0.456528134066,"DIVIDEND_RATE":10.663236006547,"CURRENT_RATIO":null,"COMMON_ACS":null,"CURRENTDEBT_DEBT":null,"ISSUED_COMMON_SHARES":250010977486,"HK_COMMON_SHARES":240417319880,"PER_SHARES":1000,"TOTAL_MARKET_CAP":1527567072439.46,"HKSK_MARKET_CAP":1468949824466.8,"PE_TTM":4.102784842038,"PB_TTM":0.441386909692,"REPORT_DATE_SQ":"2022-03-31 00:00:00","REPORT_TYPE_SQ":"2022年一季报","OPERATE_INCOME_SQ":199163000000,"DPS_HKD":0.65152372,"OPERATE_INCOME_QOQ_SQ":0.638022978766,"NET_PROFIT_RATIO_SQ":43.858781695,"HOLDER_PROFIT_SQ":88513000000,"HOLDER_PROFIT_QOQ_SQ":1.859754787398,"ROE_AVG_SQ":3.373218000024,"PE_TTM_SQ":3.031336875487,"PB_TTM_SQ":0.354933568628,"ROA_SQ":0.285037326252,"START_DATE":"2023-01-01 00:00:00","FISCAL_YEAR":"12-31","CURRENCY":"HKD","IS_CNY_CODE":0,"DPS_HKD_LY":0.4219867,"ORG_TYPE":"银行","PREMIUM_INCOME":null,"PREMIUM_INCOME_YOY":null,"NET_INTEREST_INCOME":153082000000,"NET_INTEREST_INCOME_YOY":-4.10138508667,"FEE_COMMISSION_INCOME":43017000000,"FEE_COMMISSION_INCOME_YOY":null,"ACCOUNTS_RECE_TDAYS":null,"INVENTORY_TDAYS":null,"CURRENT_ASSETS_TDAYS":null,"TOTAL_ASSETS_TDAYS":0.005617476853,"PREMIUM_EXPENSE":null,"LOAN_DEPOSIT":81.302976993015,"LOAN_EQUITY":7.53773855477,"LOAN_ASSETS":60.471758567571,"DEPOSIT_EQUITY":9.27117165146,"DEPOSIT_ASSETS":74.378283310298,"EQUITY_MULTIPLIER":12.464890608964,"EQUITY_RATIO":11.548301415844},{"SECUCODE":"00939.HK","SECURITY_CODE":"00939","SECURITY_NAME_ABBR":"建设银行","ORG_CODE":"10008225","STD_REPORT_DATE":"2022-12-31 00:00:00","REPORT_DATE":"2022-12-31 00:00:00","DATE_TYPE_CODE":"001","REPORT_TYPE":"2022年年报","PER_NETCASH_OPERATE":3.913504158252,"PER_OI":3.029906956955,"BPS":10.866582848956,"BASIC_EPS":1.28,"DILUTED_EPS":1.28,"OPERATE_INCOME":757510000000,"OPERATE_INCOME_YOY":-0.856669099,"GROSS_PROFIT":null,"GROSS_PROFIT_YOY":null,"HOLDER_PROFIT":324727000000,"HOLDER_PROFIT_YOY":7.0568868115,"GROSS_PROFIT_RATIO":null,"EPS_TTM":1.295387119624,"OPERATE_INCOME_QOQ":-1.427193251614,"NET_PROFIT_RATIO":42.6253206798,"ROE_AVG":11.895799494726,"GROSS_PROFIT_QOQ":null,"ROA":0.99870950823,"HOLDER_PROFIT_QOQ":1.957864514139,"ROE_YEARLY":11.895799494726,"ROIC_YEARLY":1.099981845906,"TOTAL_ASSETS":34600711000000,"TOTAL_LIABILITIES":31724467000000,"TAX_EBT":15.333894537124,"OCF_SALES":129.052634355772,"TOTAL_PARENT_EQUITY":2855450000000,"DEBT_ASSET_RATIO":91.6803453404,"OPERATE_PROFIT":382505000000,"PRETAX_PROFIT":383699000000,"NETCASH_OPERATE":978419000000,"NETCASH_INVEST":-651668000000,"NETCASH_FINANCE":-6425000000,"END_CASH":1143652000000,"DIVI_RATIO":0.456852351773,"DIVIDEND_RATE":10.663236006547,"CURRENT_RATIO":null,"COMMON_ACS":null,"CURRENTDEBT_DEBT":null,"ISSUED_COMMON_SHARES":250010977486,"HK_COMMON_SHARES":240417319880,"PER_SHARES":1000,"TOTAL_MARKET_CAP":1527567072439.46,"HKSK_MARKET_CAP":1468949824466.8,"PE_TTM":4.102784842038,"PB_TTM":0.441386909692,"REPORT_DATE_SQ":"2021-12-31 00:00:00","REPORT_TYPE_SQ":"2021年年报","OPERATE_INCOME_SQ":764706000000,"DPS_HKD":0.65152372,"OPERATE_INCOME_QOQ_SQ":1.850936789516,"NET_PROFIT_RATIO_SQ":39.7444246547,"HOLDER_PROFIT_SQ":302513000000,"HOLDER_PROFIT_QOQ_SQ":1.729153145398,"ROE_AVG_SQ":12.215248052761,"PE_TTM_SQ":3.031336875487,"PB_TTM_SQ":0.354933568628,"ROA_SQ":1.036247705859,"START_DATE":"2022-01-01 00:00:00","FISCAL_YEAR":"12-31","CURRENCY":"HKD","IS_CNY_CODE":0,"DPS_HKD_LY":0.4259502,"ORG_TYPE":"银行","PREMIUM_INCOME":null,"PREMIUM_INCOME_YOY":null,"NET_INTEREST_INCOME":643669000000,"NET_INTEREST_INCOME_YOY":6.317762875359,"FEE_COMMISSION_INCOME":116085000000,"FEE_COMMISSION_INCOME_YOY":null,"ACCOUNTS_RECE_TDAYS":null,"INVENTORY_TDAYS":null,"CURRENT_ASSETS_TDAYS":null,"TOTAL_ASSETS_TDAYS":0.023379678541,"PREMIUM_EXPENSE":null,"LOAN_DEPOSIT":83.941449210651,"LOAN_EQUITY":7.302171860246,"LOAN_ASSETS":60.700567684866,"DEPOSIT_EQUITY":8.699125317602,"DEPOSIT_ASSETS":72.312985129121,"EQUITY_MULTIPLIER":12.019729675271,"EQUITY_RATIO":11.11014621163},{"SECUCODE":"00939.HK","SECURITY_CODE":"00939","SECURITY_NAME_ABBR":"建设银行","ORG_CODE":"10008225","STD_REPORT_DATE":"2022-09-30 00:00:00","REPORT_DATE":"2022-09-30 00:00:00","DATE_TYPE_CODE":"004","REPORT_TYPE":"2022年三季报","PER_NETCASH_OPERATE":3.296915232637,"PER_OI":2.305266775865,"BPS":10.604546354963,"BASIC_EPS":0.99,"DILUTED_EPS":0.99,"OPERATE_INCOME":576342000000,"OPERATE_INCOME_YOY":0.7730477749,"GROSS_PROFIT":null,"GROSS_PROFIT_YOY":null,"HOLDER_PROFIT":247749000000,"HOLDER_PROFIT_YOY":6.5168229573,"GROSS_PROFIT_RATIO":null,"EPS_TTM":1.27051221188,"OPERATE_INCOME_QOQ":-0.649478144053,"NET_PROFIT_RATIO":42.7623859333,"ROE_AVG":9.193591232401,"GROSS_PROFIT_QOQ":null,"ROA":0.766128353903,"HOLDER_PROFIT_QOQ":2.183333065256,"ROE_YEARLY":12.258121643201,"ROIC_YEARLY":0.840314802868,"TOTAL_ASSETS":34299695000000,"TOTAL_LIABILITIES":31486358000000,"TAX_EBT":15.771232271011,"OCF_SALES":142.862218678776,"TOTAL_PARENT_EQUITY":2791212000000,"DEBT_ASSET_RATIO":91.7977783767,"OPERATE_PROFIT":293235000000,"PRETAX_PROFIT":294010000000,"NETCASH_OPERATE":824265000000,"NETCASH_INVEST":-562424000000,"NETCASH_FINANCE":7111000000,"END_CASH":1108805000000,"DIVI_RATIO":0.46579690185,"DIVIDEND_RATE":10.663236006547,"CURRENT_RATIO":null,"COMMON_ACS":null,"CURRENTDEBT_DEBT":null,"ISSUED_COMMON_SHARES":250010977486,"HK_COMMON_SHARES":240417319880,"PER_SHARES":1000,"TOTAL_MARKET_CAP":1527567072439.46,"HKSK_MARKET_CAP":1468949824466.8,"PE_TTM":4.102784842038,"PB_TTM":0.441386909692,"REPORT_DATE_SQ":"2021-09-30 00:00:00","REPORT_TYPE_SQ":"2021年三季报","OPERATE_INCOME_SQ":572539000000,"DPS_HKD":0.65152372,"OPERATE_INCOME_QOQ_SQ":2.122123429184,"NET_PROFIT_RATIO_SQ":40.7261339402,"HOLDER_PROFIT_SQ":232153000000,"HOLDER_PROFIT_QOQ_SQ":3.713327102021,"ROE_AVG_SQ":9.500249933348,"PE_TTM_SQ":3.031336875487,"PB_TTM_SQ":0.354933568628,"ROA_SQ":0.796848276677,"START_DATE":"2022-01-01 00:00:00","FISCAL_YEAR":"12-31","CURRENCY":"HKD","IS_CNY_CODE":0,"DPS_HKD_LY":0.4259502,"ORG_TYPE":"银行","PREMIUM_INCOME":null,"PREMIUM_INCOME_YOY":null,"NET_INTEREST_INCOME":483175000000,"NET_INTEREST_INCOME_YOY":7.816666480715,"FEE_COMMISSION_INCOME":94873000000,"FEE_COMMISSION_INCOME_YOY":null,"ACCOUNTS_RECE_TDAYS":null,"INVENTORY_TDAYS":null,"CURRENT_ASSETS_TDAYS":null,"TOTAL_ASSETS_TDAYS":0.017875512399,"PREMIUM_EXPENSE":null,"LOAN_DEPOSIT":83.076860710886,"LOAN_EQUITY":7.320873041516,"LOAN_ASSETS":60.047423162218,"DEPOSIT_EQUITY":8.812168609733,"DEPOSIT_ASSETS":72.279359918507,"EQUITY_MULTIPLIER":12.191818825759,"EQUITY_RATIO":11.280532614506}],"count":78},"success":true,"message":"ok","code":0}