{"version":"754fd4e230823688732d1619b192298a","result":{"pages":6,"data":[{"SECUCODE":"00938.HK","SECURITY_CODE":"00938","SECURITY_NAME_ABBR":"民生国际","ORG_CODE":"10009174","STD_REPORT_DATE":"2024-06-30 00:00:00","REPORT_DATE":"2024-09-30 00:00:00","DATE_TYPE_CODE":"002","REPORT_TYPE":"2024年中报","PER_NETCASH_OPERATE":-0.021037167765,"PER_OI":0.098156264616,"BPS":-1.541531978604,"BASIC_EPS":-0.2525012,"DILUTED_EPS":-0.2525012,"OPERATE_INCOME":63526596.55,"OPERATE_INCOME_YOY":2.6386339132,"GROSS_PROFIT":8983631.98,"GROSS_PROFIT_YOY":68.6774182823,"HOLDER_PROFIT":-162493540.1,"HOLDER_PROFIT_YOY":-11.9853329604,"GROSS_PROFIT_RATIO":14.141528852296,"EPS_TTM":-0.772961618373,"OPERATE_INCOME_QOQ":0,"NET_PROFIT_RATIO":-256.6626446164,"ROE_AVG":17.720489494225,"GROSS_PROFIT_QOQ":0,"ROA":-8.042722527858,"HOLDER_PROFIT_QOQ":0,"ROE_YEARLY":35.44097898845,"ROIC_YEARLY":-16.214949087004,"TOTAL_ASSETS":2006186061.09,"TOTAL_LIABILITIES":3005405452.69,"TAX_EBT":-3.56330727153,"OCF_SALES":-21.432323088935,"TOTAL_PARENT_EQUITY":-997677330.7,"DEBT_ASSET_RATIO":149.8069152697,"OPERATE_PROFIT":-86261624.24,"PRETAX_PROFIT":-157439007.15,"NETCASH_OPERATE":-13615225.42,"NETCASH_INVEST":-1307595.5,"NETCASH_FINANCE":15897655.91,"END_CASH":17590315.74,"DIVI_RATIO":null,"DIVIDEND_RATE":null,"CURRENT_RATIO":0.216852249007,"COMMON_ACS":1000000000,"CURRENTDEBT_DEBT":53.487596134198,"ISSUED_COMMON_SHARES":647198595,"HK_COMMON_SHARES":647198595,"PER_SHARES":2000,"TOTAL_MARKET_CAP":498342918.15,"HKSK_MARKET_CAP":498342918.15,"PE_TTM":-0.872581990167,"PB_TTM":-0.450446899343,"REPORT_DATE_SQ":"2023-06-30 00:00:00","REPORT_TYPE_SQ":"2023年中报","OPERATE_INCOME_SQ":62980617.42,"DPS_HKD":null,"OPERATE_INCOME_QOQ_SQ":0,"NET_PROFIT_RATIO_SQ":-232.6150304514,"HOLDER_PROFIT_SQ":-147651255.15,"HOLDER_PROFIT_QOQ_SQ":0,"ROE_AVG_SQ":32.88789235835,"PE_TTM_SQ":-1.406480676987,"PB_TTM_SQ":-1.200632257477,"ROA_SQ":-5.970018009675,"START_DATE":"2024-04-01 00:00:00","FISCAL_YEAR":"3-31","CURRENCY":"HKD","IS_CNY_CODE":0,"DPS_HKD_LY":null,"ORG_TYPE":"一般企业","PREMIUM_INCOME":null,"PREMIUM_INCOME_YOY":null,"NET_INTEREST_INCOME":null,"NET_INTEREST_INCOME_YOY":null,"FEE_COMMISSION_INCOME":null,"FEE_COMMISSION_INCOME_YOY":null,"ACCOUNTS_RECE_TDAYS":1.89070950253,"INVENTORY_TDAYS":0.198291915284,"CURRENT_ASSETS_TDAYS":0.18237148952,"TOTAL_ASSETS_TDAYS":0.031442898522,"PREMIUM_EXPENSE":null,"LOAN_DEPOSIT":null,"LOAN_EQUITY":null,"LOAN_ASSETS":null,"DEPOSIT_EQUITY":null,"DEPOSIT_ASSETS":null,"EQUITY_MULTIPLIER":-2.007753330205,"EQUITY_RATIO":-3.012402266955},{"SECUCODE":"00938.HK","SECURITY_CODE":"00938","SECURITY_NAME_ABBR":"民生国际","ORG_CODE":"10009174","STD_REPORT_DATE":"2023-12-31 00:00:00","REPORT_DATE":"2024-03-31 00:00:00","DATE_TYPE_CODE":"001","REPORT_TYPE":"2023年年报","PER_NETCASH_OPERATE":-0.064276663641,"PER_OI":0.177486402763,"BPS":-1.298981674319,"BASIC_EPS":-0.7705675,"DILUTED_EPS":-0.7705675,"OPERATE_INCOME":114868950.5,"OPERATE_INCOME_YOY":-7.6033455595,"GROSS_PROFIT":15055982.4,"GROSS_PROFIT_YOY":64.818190440953,"HOLDER_PROFIT":-500259673.4,"HOLDER_PROFIT_YOY":-14.268556827,"GROSS_PROFIT_RATIO":13.107094941204,"EPS_TTM":-0.676113866981,"OPERATE_INCOME_QOQ":0,"NET_PROFIT_RATIO":-435.2639886355,"ROE_AVG":83.376910844266,"GROSS_PROFIT_QOQ":0,"ROA":-21.761778586124,"HOLDER_PROFIT_QOQ":0,"ROE_YEARLY":83.376910844266,"ROIC_YEARLY":-21.975968637846,"TOTAL_ASSETS":2045312782.5,"TOTAL_LIABILITIES":2886966494.2,"TAX_EBT":-1.008763495508,"OCF_SALES":-36.214979086102,"TOTAL_PARENT_EQUITY":-840699114.55,"DEBT_ASSET_RATIO":141.1503667753,"OPERATE_PROFIT":-370616677.55,"PRETAX_PROFIT":-494989898.25,"NETCASH_OPERATE":-41599766.4,"NETCASH_INVEST":-3049634.2,"NETCASH_FINANCE":40181922.2,"END_CASH":17264338.2,"DIVI_RATIO":null,"DIVIDEND_RATE":null,"CURRENT_RATIO":0.22777840724,"COMMON_ACS":1000000000,"CURRENTDEBT_DEBT":53.211931052414,"ISSUED_COMMON_SHARES":647198595,"HK_COMMON_SHARES":647198595,"PER_SHARES":2000,"TOTAL_MARKET_CAP":543646819.8,"HKSK_MARKET_CAP":543646819.8,"PE_TTM":-0.951907625636,"PB_TTM":-0.491396617465,"REPORT_DATE_SQ":"2022-12-31 00:00:00","REPORT_TYPE_SQ":"2022年年报","OPERATE_INCOME_SQ":120051101.17,"DPS_HKD":null,"OPERATE_INCOME_QOQ_SQ":0,"NET_PROFIT_RATIO_SQ":-352.4395312716,"HOLDER_PROFIT_SQ":-422754748.02,"HOLDER_PROFIT_QOQ_SQ":0,"ROE_AVG_SQ":470.989481486539,"PE_TTM_SQ":-1.393778992881,"PB_TTM_SQ":-1.156164396089,"ROA_SQ":-15.659832947773,"START_DATE":"2023-04-01 00:00:00","FISCAL_YEAR":"3-31","CURRENCY":"HKD","IS_CNY_CODE":0,"DPS_HKD_LY":null,"ORG_TYPE":"一般企业","PREMIUM_INCOME":null,"PREMIUM_INCOME_YOY":null,"NET_INTEREST_INCOME":null,"NET_INTEREST_INCOME_YOY":null,"FEE_COMMISSION_INCOME":null,"FEE_COMMISSION_INCOME_YOY":null,"ACCOUNTS_RECE_TDAYS":3.902131066765,"INVENTORY_TDAYS":0.320437953018,"CURRENT_ASSETS_TDAYS":0.296575606182,"TOTAL_ASSETS_TDAYS":0.049969102051,"PREMIUM_EXPENSE":null,"LOAN_DEPOSIT":null,"LOAN_EQUITY":null,"LOAN_ASSETS":null,"DEPOSIT_EQUITY":null,"DEPOSIT_ASSETS":null,"EQUITY_MULTIPLIER":-2.430111997447,"EQUITY_RATIO":-3.434006821507},{"SECUCODE":"00938.HK","SECURITY_CODE":"00938","SECURITY_NAME_ABBR":"民生国际","ORG_CODE":"10009174","STD_REPORT_DATE":"2023-06-30 00:00:00","REPORT_DATE":"2023-09-30 00:00:00","DATE_TYPE_CODE":"002","REPORT_TYPE":"2023年中报","PER_NETCASH_OPERATE":-0.015196507557,"PER_OI":0.097312660915,"BPS":-0.825432095322,"BASIC_EPS":-0.2294075,"DILUTED_EPS":-0.2294075,"OPERATE_INCOME":62980617.42,"OPERATE_INCOME_YOY":-17.2276559052,"GROSS_PROFIT":5325924.52,"GROSS_PROFIT_YOY":145.667220315991,"HOLDER_PROFIT":-147651255.15,"HOLDER_PROFIT_YOY":-9.5635298924,"GROSS_PROFIT_RATIO":8.456450155899,"EPS_TTM":-0.653207147367,"OPERATE_INCOME_QOQ":0,"NET_PROFIT_RATIO":-232.6150304514,"ROE_AVG":32.88789235835,"GROSS_PROFIT_QOQ":0,"ROA":-5.970018009675,"HOLDER_PROFIT_QOQ":0,"ROE_YEARLY":65.775784716701,"ROIC_YEARLY":-12.085938946498,"TOTAL_ASSETS":2362944966.76,"TOTAL_LIABILITIES":2897267151.31,"TAX_EBT":-0.740792155428,"OCF_SALES":-15.616166914357,"TOTAL_PARENT_EQUITY":-534218492.36,"DEBT_ASSET_RATIO":122.6125530669,"OPERATE_PROFIT":-62937488.81,"PRETAX_PROFIT":-145425084.77,"NETCASH_OPERATE":-9835158.34,"NETCASH_INVEST":-5315830.59,"NETCASH_FINANCE":17546003.23,"END_CASH":30968177.24,"DIVI_RATIO":null,"DIVIDEND_RATE":null,"CURRENT_RATIO":0.949710404554,"COMMON_ACS":1000000000,"CURRENTDEBT_DEBT":14.409136560336,"ISSUED_COMMON_SHARES":647198595,"HK_COMMON_SHARES":647198595,"PER_SHARES":2000,"TOTAL_MARKET_CAP":543646819.8,"HKSK_MARKET_CAP":543646819.8,"PE_TTM":-0.951907625636,"PB_TTM":-0.491396617465,"REPORT_DATE_SQ":"2022-06-30 00:00:00","REPORT_TYPE_SQ":"2022年中报","OPERATE_INCOME_SQ":74995260.36,"DPS_HKD":null,"OPERATE_INCOME_QOQ_SQ":0,"NET_PROFIT_RATIO_SQ":-176.1827807861,"HOLDER_PROFIT_SQ":-132826058.4,"HOLDER_PROFIT_QOQ_SQ":0,"ROE_AVG_SQ":-241.117751362711,"PE_TTM_SQ":-1.393778992881,"PB_TTM_SQ":-1.156164396089,"ROA_SQ":-4.646270763438,"START_DATE":"2023-04-01 00:00:00","FISCAL_YEAR":"3-31","CURRENCY":"HKD","IS_CNY_CODE":0,"DPS_HKD_LY":null,"ORG_TYPE":"一般企业","PREMIUM_INCOME":null,"PREMIUM_INCOME_YOY":null,"NET_INTEREST_INCOME":null,"NET_INTEREST_INCOME_YOY":null,"FEE_COMMISSION_INCOME":null,"FEE_COMMISSION_INCOME_YOY":null,"ACCOUNTS_RECE_TDAYS":2.519696024083,"INVENTORY_TDAYS":0.17319871817,"CURRENT_ASSETS_TDAYS":0.152423972897,"TOTAL_ASSETS_TDAYS":0.025465101524,"PREMIUM_EXPENSE":null,"LOAN_DEPOSIT":null,"LOAN_EQUITY":null,"LOAN_ASSETS":null,"DEPOSIT_EQUITY":null,"DEPOSIT_ASSETS":null,"EQUITY_MULTIPLIER":-4.422322402258,"EQUITY_RATIO":-5.423374878902},{"SECUCODE":"00938.HK","SECURITY_CODE":"00938","SECURITY_NAME_ABBR":"民生国际","ORG_CODE":"10009174","STD_REPORT_DATE":"2022-12-31 00:00:00","REPORT_DATE":"2023-03-31 00:00:00","DATE_TYPE_CODE":"001","REPORT_TYPE":"2022年年报","PER_NETCASH_OPERATE":-0.003565490991,"PER_OI":0.185493451465,"BPS":-0.536086990331,"BASIC_EPS":-0.6565575,"DILUTED_EPS":-0.6565575,"OPERATE_INCOME":120051101.17,"OPERATE_INCOME_YOY":17.5567480455,"GROSS_PROFIT":9134903.35,"GROSS_PROFIT_YOY":234.186486822731,"HOLDER_PROFIT":-422754748.02,"HOLDER_PROFIT_YOY":-29.9102855529,"GROSS_PROFIT_RATIO":7.609179142026,"EPS_TTM":-0.413806246582,"OPERATE_INCOME_QOQ":0,"NET_PROFIT_RATIO":-352.4395312716,"ROE_AVG":470.989481486539,"GROSS_PROFIT_QOQ":0,"ROA":-15.659832947773,"HOLDER_PROFIT_QOQ":0,"ROE_YEARLY":470.989481486539,"ROIC_YEARLY":-15.81911280407,"TOTAL_ASSETS":2464615307.44,"TOTAL_LIABILITIES":2812821890.68,"TAX_EBT":-0.426786571391,"OCF_SALES":-1.922165425815,"TOTAL_PARENT_EQUITY":-346954746.94,"DEBT_ASSET_RATIO":114.1282325963,"OPERATE_PROFIT":-274351743.18,"PRETAX_PROFIT":-421309446.11,"NETCASH_OPERATE":-2307580.76,"NETCASH_INVEST":-8223601.54,"NETCASH_FINANCE":15429976.66,"END_CASH":28773851.29,"DIVI_RATIO":null,"DIVIDEND_RATE":null,"CURRENT_RATIO":1.010142368321,"COMMON_ACS":1000000000,"CURRENTDEBT_DEBT":14.434349118061,"ISSUED_COMMON_SHARES":647198595,"HK_COMMON_SHARES":647198595,"PER_SHARES":2000,"TOTAL_MARKET_CAP":543646819.8,"HKSK_MARKET_CAP":543646819.8,"PE_TTM":-0.951907625636,"PB_TTM":-0.491396617465,"REPORT_DATE_SQ":"2021-12-31 00:00:00","REPORT_TYPE_SQ":"2021年年报","OPERATE_INCOME_SQ":94609182.56,"DPS_HKD":null,"OPERATE_INCOME_QOQ_SQ":0,"NET_PROFIT_RATIO_SQ":-321.9808668221,"HOLDER_PROFIT_SQ":-301480802.35,"HOLDER_PROFIT_QOQ_SQ":0,"ROE_AVG_SQ":-196.848183813581,"PE_TTM_SQ":-1.393778992881,"PB_TTM_SQ":-1.156164396089,"ROA_SQ":-10.845554098888,"START_DATE":"2022-04-01 00:00:00","FISCAL_YEAR":"3-31","CURRENCY":"HKD","IS_CNY_CODE":0,"DPS_HKD_LY":null,"ORG_TYPE":"一般企业","PREMIUM_INCOME":null,"PREMIUM_INCOME_YOY":null,"NET_INTEREST_INCOME":null,"NET_INTEREST_INCOME_YOY":null,"FEE_COMMISSION_INCOME":null,"FEE_COMMISSION_INCOME_YOY":null,"ACCOUNTS_RECE_TDAYS":5.142187558589,"INVENTORY_TDAYS":0.298067648761,"CURRENT_ASSETS_TDAYS":0.27088388814,"TOTAL_ASSETS_TDAYS":0.044469759318,"PREMIUM_EXPENSE":null,"LOAN_DEPOSIT":null,"LOAN_EQUITY":null,"LOAN_ASSETS":null,"DEPOSIT_EQUITY":null,"DEPOSIT_ASSETS":null,"EQUITY_MULTIPLIER":-7.078026166287,"EQUITY_RATIO":-8.10717223352},{"SECUCODE":"00938.HK","SECURITY_CODE":"00938","SECURITY_NAME_ABBR":"民生国际","ORG_CODE":"10009174","STD_REPORT_DATE":"2022-06-30 00:00:00","REPORT_DATE":"2022-09-30 00:00:00","DATE_TYPE_CODE":"002","REPORT_TYPE":"2022年中报","PER_NETCASH_OPERATE":-0.020196222583,"PER_OI":0.115876735425,"BPS":-0.097055622378,"BASIC_EPS":-0.205217436,"DILUTED_EPS":-0.205217436,"OPERATE_INCOME":74995260.36,"OPERATE_INCOME_YOY":69.1016620781,"GROSS_PROFIT":2167942.68,"GROSS_PROFIT_YOY":41.664931857039,"HOLDER_PROFIT":-132826058.4,"HOLDER_PROFIT_YOY":26.5170923065,"GROSS_PROFIT_RATIO":2.890772922973,"EPS_TTM":-0.46582425345,"OPERATE_INCOME_QOQ":0,"NET_PROFIT_RATIO":-176.1827807861,"ROE_AVG":-241.117751362711,"GROSS_PROFIT_QOQ":0,"ROA":-4.646270763438,"HOLDER_PROFIT_QOQ":0,"ROE_YEARLY":-482.235502725422,"ROIC_YEARLY":-9.380234505863,"TOTAL_ASSETS":2685608862.84,"TOTAL_LIABILITIES":2748658279.68,"TAX_EBT":-2.252381518993,"OCF_SALES":-17.42905727276,"TOTAL_PARENT_EQUITY":-62814262.44,"DEBT_ASSET_RATIO":102.3476768234,"OPERATE_PROFIT":-48753838.2,"PRETAX_PROFIT":-129218247.24,"NETCASH_OPERATE":-13070966.88,"NETCASH_INVEST":-3537264.84,"NETCASH_FINANCE":19033035.36,"END_CASH":25954714.68,"DIVI_RATIO":null,"DIVIDEND_RATE":null,"CURRENT_RATIO":0.300525265486,"COMMON_ACS":1000000000,"CURRENTDEBT_DEBT":53.341447652441,"ISSUED_COMMON_SHARES":647198595,"HK_COMMON_SHARES":647198595,"PER_SHARES":2000,"TOTAL_MARKET_CAP":543646819.8,"HKSK_MARKET_CAP":543646819.8,"PE_TTM":-0.951907625636,"PB_TTM":-0.491396617465,"REPORT_DATE_SQ":"2021-06-30 00:00:00","REPORT_TYPE_SQ":"2021年中报","OPERATE_INCOME_SQ":40849097.1,"DPS_HKD":null,"OPERATE_INCOME_QOQ_SQ":0,"NET_PROFIT_RATIO_SQ":-408.1717140818,"HOLDER_PROFIT_SQ":-166492039.36,"HOLDER_PROFIT_QOQ_SQ":0,"ROE_AVG_SQ":-174.250726931108,"PE_TTM_SQ":-1.393778992881,"PB_TTM_SQ":-1.156164396089,"ROA_SQ":-5.792521220251,"START_DATE":"2022-04-01 00:00:00","FISCAL_YEAR":"3-31","CURRENCY":"HKD","IS_CNY_CODE":0,"DPS_HKD_LY":null,"ORG_TYPE":"一般企业","PREMIUM_INCOME":null,"PREMIUM_INCOME_YOY":null,"NET_INTEREST_INCOME":null,"NET_INTEREST_INCOME_YOY":null,"FEE_COMMISSION_INCOME":null,"FEE_COMMISSION_INCOME_YOY":null,"ACCOUNTS_RECE_TDAYS":3.008562824281,"INVENTORY_TDAYS":0.181854727609,"CURRENT_ASSETS_TDAYS":0.160821807017,"TOTAL_ASSETS_TDAYS":0.026233428124,"PREMIUM_EXPENSE":null,"LOAN_DEPOSIT":null,"LOAN_EQUITY":null,"LOAN_ASSETS":null,"DEPOSIT_EQUITY":null,"DEPOSIT_ASSETS":null,"EQUITY_MULTIPLIER":-42.595300598136,"EQUITY_RATIO":-43.758505997034},{"SECUCODE":"00938.HK","SECURITY_CODE":"00938","SECURITY_NAME_ABBR":"民生国际","ORG_CODE":"10009174","STD_REPORT_DATE":"2021-12-31 00:00:00","REPORT_DATE":"2022-03-31 00:00:00","DATE_TYPE_CODE":"001","REPORT_TYPE":"2021年年报","PER_NETCASH_OPERATE":-0.117676904228,"PER_OI":0.146182614256,"BPS":0.239678285565,"BASIC_EPS":-0.5595969,"DILUTED_EPS":-0.5595969,"OPERATE_INCOME":94609182.56,"OPERATE_INCOME_YOY":-26.5061834951,"GROSS_PROFIT":-6807617.94,"GROSS_PROFIT_YOY":66.823309946892,"HOLDER_PROFIT":-301480802.35,"HOLDER_PROFIT_YOY":28.7619701009,"GROSS_PROFIT_RATIO":-7.195515018516,"EPS_TTM":-0.750037248242,"OPERATE_INCOME_QOQ":0,"NET_PROFIT_RATIO":-321.9808668221,"ROE_AVG":-196.848183813581,"GROSS_PROFIT_QOQ":0,"ROA":-10.845554098888,"HOLDER_PROFIT_QOQ":0,"ROE_YEARLY":-196.848183813581,"ROIC_YEARLY":-11.149970530496,"TOTAL_ASSETS":2718722870.68,"TOTAL_LIABILITIES":2564502020.09,"TAX_EBT":-0.097536536227,"OCF_SALES":-80.499931422302,"TOTAL_PARENT_EQUITY":155119449.67,"DEBT_ASSET_RATIO":94.3274523397,"OPERATE_PROFIT":-153852652.05,"PRETAX_PROFIT":-304326636.44,"NETCASH_OPERATE":-76160327.08,"NETCASH_INVEST":-8266624.93,"NETCASH_FINANCE":-24016439.13,"END_CASH":25765787.7,"DIVI_RATIO":null,"DIVIDEND_RATE":null,"CURRENT_RATIO":1.492297310642,"COMMON_ACS":1000000000,"CURRENTDEBT_DEBT":11.528634844656,"ISSUED_COMMON_SHARES":647198595,"HK_COMMON_SHARES":647198595,"PER_SHARES":2000,"TOTAL_MARKET_CAP":543646819.8,"HKSK_MARKET_CAP":543646819.8,"PE_TTM":-0.951907625636,"PB_TTM":-0.491396617465,"REPORT_DATE_SQ":"2020-12-31 00:00:00","REPORT_TYPE_SQ":"2020年年报","OPERATE_INCOME_SQ":134154576.22,"DPS_HKD":null,"OPERATE_INCOME_QOQ_SQ":0,"NET_PROFIT_RATIO_SQ":-327.6710619988,"HOLDER_PROFIT_SQ":-441032672.78,"HOLDER_PROFIT_QOQ_SQ":0,"ROE_AVG_SQ":-178.943596285475,"PE_TTM_SQ":-1.393778992881,"PB_TTM_SQ":-1.156164396089,"ROA_SQ":-12.877091039566,"START_DATE":"2021-04-01 00:00:00","FISCAL_YEAR":"3-31","CURRENCY":"HKD","IS_CNY_CODE":0,"DPS_HKD_LY":null,"ORG_TYPE":"一般企业","PREMIUM_INCOME":null,"PREMIUM_INCOME_YOY":null,"NET_INTEREST_INCOME":null,"NET_INTEREST_INCOME_YOY":null,"FEE_COMMISSION_INCOME":null,"FEE_COMMISSION_INCOME_YOY":null,"ACCOUNTS_RECE_TDAYS":3.830501239554,"INVENTORY_TDAYS":0.26861192826,"CURRENT_ASSETS_TDAYS":0.192094321447,"TOTAL_ASSETS_TDAYS":0.034034970045,"PREMIUM_EXPENSE":null,"LOAN_DEPOSIT":null,"LOAN_EQUITY":null,"LOAN_ASSETS":null,"DEPOSIT_EQUITY":null,"DEPOSIT_ASSETS":null,"EQUITY_MULTIPLIER":17.628763297991,"EQUITY_RATIO":16.53243371831},{"SECUCODE":"00938.HK","SECURITY_CODE":"00938","SECURITY_NAME_ABBR":"民生国际","ORG_CODE":"10009174","STD_REPORT_DATE":"2021-06-30 00:00:00","REPORT_DATE":"2021-09-30 00:00:00","DATE_TYPE_CODE":"002","REPORT_TYPE":"2021年中报","PER_NETCASH_OPERATE":-0.098863549487,"PER_OI":0.092377265694,"BPS":0.055308765218,"BASIC_EPS":-0.37654312,"DILUTED_EPS":-0.37654312,"OPERATE_INCOME":40849097.1,"OPERATE_INCOME_YOY":-39.2747897807,"GROSS_PROFIT":1530331.22,"GROSS_PROFIT_YOY":142.363072432107,"HOLDER_PROFIT":-166492039.36,"HOLDER_PROFIT_YOY":-43.828893015,"GROSS_PROFIT_RATIO":3.746303660651,"EPS_TTM":-0.997363351595,"OPERATE_INCOME_QOQ":0,"NET_PROFIT_RATIO":-408.1717140818,"ROE_AVG":-174.250726931108,"GROSS_PROFIT_QOQ":0,"ROA":-5.792521220251,"HOLDER_PROFIT_QOQ":0,"ROE_YEARLY":-348.501453862217,"ROIC_YEARLY":-11.925135548502,"TOTAL_ASSETS":2830475466.1,"TOTAL_LIABILITIES":2792627884.18,"TAX_EBT":7.246598450302,"OCF_SALES":-107.021515244213,"TOTAL_PARENT_EQUITY":35795755.14,"DEBT_ASSET_RATIO":98.6628542669,"OPERATE_PROFIT":-99099151.48,"PRETAX_PROFIT":-179761019.04,"NETCASH_OPERATE":-43717322.68,"NETCASH_INVEST":2705778.88,"NETCASH_FINANCE":-58567450.24,"END_CASH":31520491.22,"DIVI_RATIO":null,"DIVIDEND_RATE":null,"CURRENT_RATIO":0.311710846991,"COMMON_ACS":1000000000,"CURRENTDEBT_DEBT":55.631093476537,"ISSUED_COMMON_SHARES":647198595,"HK_COMMON_SHARES":647198595,"PER_SHARES":2000,"TOTAL_MARKET_CAP":543646819.8,"HKSK_MARKET_CAP":543646819.8,"PE_TTM":-0.951907625636,"PB_TTM":-0.491396617465,"REPORT_DATE_SQ":"2020-06-30 00:00:00","REPORT_TYPE_SQ":"2020年中报","OPERATE_INCOME_SQ":70955761.28,"DPS_HKD":null,"OPERATE_INCOME_QOQ_SQ":0,"NET_PROFIT_RATIO_SQ":-176.716851031,"HOLDER_PROFIT_SQ":-122101658.88,"HOLDER_PROFIT_QOQ_SQ":0,"ROE_AVG_SQ":-31.674738913274,"PE_TTM_SQ":-1.393778992881,"PB_TTM_SQ":-1.156164396089,"ROA_SQ":-3.271635569852,"START_DATE":"2021-04-01 00:00:00","FISCAL_YEAR":"3-31","CURRENCY":"HKD","IS_CNY_CODE":0,"DPS_HKD_LY":null,"ORG_TYPE":"一般企业","PREMIUM_INCOME":null,"PREMIUM_INCOME_YOY":null,"NET_INTEREST_INCOME":null,"NET_INTEREST_INCOME_YOY":null,"FEE_COMMISSION_INCOME":null,"FEE_COMMISSION_INCOME_YOY":null,"ACCOUNTS_RECE_TDAYS":1.237694987127,"INVENTORY_TDAYS":0.100319463013,"CURRENT_ASSETS_TDAYS":0.078339180614,"TOTAL_ASSETS_TDAYS":0.014212046575,"PREMIUM_EXPENSE":null,"LOAN_DEPOSIT":null,"LOAN_EQUITY":null,"LOAN_ASSETS":null,"DEPOSIT_EQUITY":null,"DEPOSIT_ASSETS":null,"EQUITY_MULTIPLIER":74.78616393455,"EQUITY_RATIO":78.015615909144},{"SECUCODE":"00938.HK","SECURITY_CODE":"00938","SECURITY_NAME_ABBR":"民生国际","ORG_CODE":"10009174","STD_REPORT_DATE":"2020-12-31 00:00:00","REPORT_DATE":"2021-03-31 00:00:00","DATE_TYPE_CODE":"001","REPORT_TYPE":"2020年年报","PER_NETCASH_OPERATE":-0.187991029822,"PER_OI":0.303380828743,"BPS":0.243446844318,"BASIC_EPS":-1.0649268,"DILUTED_EPS":-1.0649268,"OPERATE_INCOME":134154576.22,"OPERATE_INCOME_YOY":16.8516909848,"GROSS_PROFIT":-20519280.04,"GROSS_PROFIT_YOY":-139.803174851801,"HOLDER_PROFIT":-441032672.78,"HOLDER_PROFIT_YOY":-157.1636259696,"GROSS_PROFIT_RATIO":-15.295251655337,"EPS_TTM":-0.094043126651,"OPERATE_INCOME_QOQ":0,"NET_PROFIT_RATIO":-327.6710619988,"ROE_AVG":-178.943596285475,"GROSS_PROFIT_QOQ":0,"ROA":-12.877091039566,"HOLDER_PROFIT_QOQ":0,"ROE_YEARLY":-178.943596285475,"ROIC_YEARLY":-15.880763335477,"TOTAL_ASSETS":2960495658.82,"TOTAL_LIABILITIES":2800648455.78,"TAX_EBT":-0.998902838057,"OCF_SALES":-61.965362347145,"TOTAL_PARENT_EQUITY":157558455.6,"DEBT_ASSET_RATIO":94.6006607858,"OPERATE_PROFIT":-304938408.46,"PRETAX_PROFIT":-435238118.7,"NETCASH_OPERATE":-94661850.36,"NETCASH_INVEST":-35259219.24,"NETCASH_FINANCE":-918933787.52,"END_CASH":129977696.66,"DIVI_RATIO":null,"DIVIDEND_RATE":null,"CURRENT_RATIO":1.712222537146,"COMMON_ACS":1000000000,"CURRENTDEBT_DEBT":11.818584283111,"ISSUED_COMMON_SHARES":647198595,"HK_COMMON_SHARES":647198595,"PER_SHARES":2000,"TOTAL_MARKET_CAP":543646819.8,"HKSK_MARKET_CAP":543646819.8,"PE_TTM":-0.951907625636,"PB_TTM":-0.491396617465,"REPORT_DATE_SQ":"2019-12-31 00:00:00","REPORT_TYPE_SQ":"2019年年报","OPERATE_INCOME_SQ":124115180.6,"DPS_HKD":null,"OPERATE_INCOME_QOQ_SQ":0,"NET_PROFIT_RATIO_SQ":-152.8533555461,"HOLDER_PROFIT_SQ":-185402521.8,"HOLDER_PROFIT_QOQ_SQ":0,"ROE_AVG_SQ":-32.188378639581,"PE_TTM_SQ":-1.393778992881,"PB_TTM_SQ":-1.156164396089,"ROA_SQ":-4.761267974945,"START_DATE":"2020-04-01 00:00:00","FISCAL_YEAR":"3-31","CURRENCY":"HKD","IS_CNY_CODE":0,"DPS_HKD_LY":null,"ORG_TYPE":"一般企业","PREMIUM_INCOME":null,"PREMIUM_INCOME_YOY":null,"NET_INTEREST_INCOME":null,"NET_INTEREST_INCOME_YOY":null,"FEE_COMMISSION_INCOME":null,"FEE_COMMISSION_INCOME_YOY":null,"ACCOUNTS_RECE_TDAYS":4.485200412552,"INVENTORY_TDAYS":0.39478557815,"CURRENT_ASSETS_TDAYS":0.124462437364,"TOTAL_ASSETS_TDAYS":0.039169902775,"PREMIUM_EXPENSE":null,"LOAN_DEPOSIT":null,"LOAN_EQUITY":null,"LOAN_ASSETS":null,"DEPOSIT_EQUITY":null,"DEPOSIT_ASSETS":null,"EQUITY_MULTIPLIER":18.520784865119,"EQUITY_RATIO":17.775297714837},{"SECUCODE":"00938.HK","SECURITY_CODE":"00938","SECURITY_NAME_ABBR":"民生国际","ORG_CODE":"10009174","STD_REPORT_DATE":"2020-06-30 00:00:00","REPORT_DATE":"2020-09-30 00:00:00","DATE_TYPE_CODE":"002","REPORT_TYPE":"2020年中报","PER_NETCASH_OPERATE":-0.009728141296,"PER_OI":0.034658622614,"BPS":0.609473477364,"BASIC_EPS":-0.285935488,"DILUTED_EPS":-0.285935488,"OPERATE_INCOME":70955761.28,"OPERATE_INCOME_YOY":153.8539519481,"GROSS_PROFIT":-3612417.92,"GROSS_PROFIT_YOY":-151.802528987665,"HOLDER_PROFIT":-122101658.88,"HOLDER_PROFIT_YOY":-43.5910630816,"GROSS_PROFIT_RATIO":-3.996113041279,"EPS_TTM":-0.091477762014,"OPERATE_INCOME_QOQ":0,"NET_PROFIT_RATIO":-176.716851031,"ROE_AVG":-31.674738913274,"GROSS_PROFIT_QOQ":0,"ROA":-3.271635569852,"HOLDER_PROFIT_QOQ":0,"ROE_YEARLY":-63.349477826548,"ROIC_YEARLY":-8.128132665962,"TOTAL_ASSETS":3150973050.24,"TOTAL_LIABILITIES":2754787200,"TAX_EBT":1.420312254039,"OCF_SALES":-30.170520346632,"TOTAL_PARENT_EQUITY":394450378.24,"DEBT_ASSET_RATIO":87.4265554188,"OPERATE_PROFIT":-67638593.28,"PRETAX_PROFIT":-122808149.76,"NETCASH_OPERATE":-17226426.88,"NETCASH_INVEST":-33058325.12,"NETCASH_FINANCE":-972101574.4,"END_CASH":198368403.84,"DIVI_RATIO":null,"DIVIDEND_RATE":null,"CURRENT_RATIO":1.864224317153,"COMMON_ACS":1000000000,"CURRENTDEBT_DEBT":12.658086124402,"ISSUED_COMMON_SHARES":647198595,"HK_COMMON_SHARES":647198595,"PER_SHARES":2000,"TOTAL_MARKET_CAP":543646819.8,"HKSK_MARKET_CAP":543646819.8,"PE_TTM":-0.951907625636,"PB_TTM":-0.491396617465,"REPORT_DATE_SQ":"2019-06-30 00:00:00","REPORT_TYPE_SQ":"2019年中报","OPERATE_INCOME_SQ":26693181.93,"DPS_HKD":null,"OPERATE_INCOME_QOQ_SQ":0,"NET_PROFIT_RATIO_SQ":-394.9802857506,"HOLDER_PROFIT_SQ":-84135884.76,"HOLDER_PROFIT_QOQ_SQ":0,"ROE_AVG_SQ":-14.38830699091,"PE_TTM_SQ":-1.393778992881,"PB_TTM_SQ":-1.156164396089,"ROA_SQ":-2.771523079317,"START_DATE":"2020-04-01 00:00:00","FISCAL_YEAR":"3-31","CURRENCY":"HKD","IS_CNY_CODE":0,"DPS_HKD_LY":null,"ORG_TYPE":"一般企业","PREMIUM_INCOME":null,"PREMIUM_INCOME_YOY":null,"NET_INTEREST_INCOME":null,"NET_INTEREST_INCOME_YOY":null,"FEE_COMMISSION_INCOME":null,"FEE_COMMISSION_INCOME_YOY":null,"ACCOUNTS_RECE_TDAYS":1.840600852499,"INVENTORY_TDAYS":0.167193482183,"CURRENT_ASSETS_TDAYS":0.05734888786,"TOTAL_ASSETS_TDAYS":0.018350188068,"PREMIUM_EXPENSE":null,"LOAN_DEPOSIT":null,"LOAN_EQUITY":null,"LOAN_ASSETS":null,"DEPOSIT_EQUITY":null,"DEPOSIT_ASSETS":null,"EQUITY_MULTIPLIER":7.95327003306,"EQUITY_RATIO":6.983862488082}],"count":52},"success":true,"message":"ok","code":0}