{"version":"004eacd38f240c2b0673f531544cd95e","result":{"pages":4,"data":[{"SECUCODE":"00932.HK","SECURITY_CODE":"00932","SECURITY_NAME_ABBR":"顺腾国际控股","ORG_CODE":"10338472","STD_REPORT_DATE":"2024-06-30 00:00:00","REPORT_DATE":"2024-09-30 00:00:00","DATE_TYPE_CODE":"002","REPORT_TYPE":"2024年中报","PER_NETCASH_OPERATE":0.004911558142,"PER_OI":0.029885439972,"BPS":0.048944676491,"BASIC_EPS":-0.001262506,"DILUTED_EPS":-0.001262506,"OPERATE_INCOME":92880762.84,"OPERATE_INCOME_YOY":-19.5419179452,"GROSS_PROFIT":71832082.45,"GROSS_PROFIT_YOY":-20.255891576269,"HOLDER_PROFIT":-3842527.19,"HOLDER_PROFIT_YOY":-139.2863728564,"GROSS_PROFIT_RATIO":77.337954872034,"EPS_TTM":0.000166556563,"OPERATE_INCOME_QOQ":0,"NET_PROFIT_RATIO":-4.1370538662,"ROE_AVG":-2.494964399475,"GROSS_PROFIT_QOQ":0,"ROA":-1.260578161911,"HOLDER_PROFIT_QOQ":0,"ROE_YEARLY":-4.989928798951,"ROIC_YEARLY":-2.633526629614,"TOTAL_ASSETS":299128251.95,"TOTAL_LIABILITIES":148166802.37,"TAX_EBT":-47.286553750432,"OCF_SALES":16.434618820148,"TOTAL_PARENT_EQUITY":152114838.99,"DEBT_ASSET_RATIO":49.5328680605,"OPERATE_PROFIT":636663.74,"PRETAX_PROFIT":-2608878.47,"NETCASH_OPERATE":15264599.33,"NETCASH_INVEST":-198393.8,"NETCASH_FINANCE":-9656367.32,"END_CASH":16867080.16,"DIVI_RATIO":null,"DIVIDEND_RATE":null,"CURRENT_RATIO":0.531003561435,"COMMON_ACS":4000000000,"CURRENTDEBT_DEBT":95.701234913544,"ISSUED_COMMON_SHARES":3107893440,"HK_COMMON_SHARES":3107893440,"PER_SHARES":4000,"TOTAL_MARKET_CAP":62157868.8,"HKSK_MARKET_CAP":62157868.8,"PE_TTM":-4.276132966428,"PB_TTM":0.368493599161,"REPORT_DATE_SQ":"2023-06-30 00:00:00","REPORT_TYPE_SQ":"2023年中报","OPERATE_INCOME_SQ":117467651.56,"DPS_HKD":null,"OPERATE_INCOME_QOQ_SQ":0,"NET_PROFIT_RATIO_SQ":8.4359278818,"HOLDER_PROFIT_SQ":9952614.98,"HOLDER_PROFIT_QOQ_SQ":0,"ROE_AVG_SQ":6.731127274533,"PE_TTM_SQ":4.781807265816,"PB_TTM_SQ":0.899269620157,"ROA_SQ":3.10608544742,"START_DATE":"2024-04-01 00:00:00","FISCAL_YEAR":"3-31","CURRENCY":"HKD","IS_CNY_CODE":0,"DPS_HKD_LY":null,"ORG_TYPE":"一般企业","PREMIUM_INCOME":null,"PREMIUM_INCOME_YOY":null,"NET_INTEREST_INCOME":null,"NET_INTEREST_INCOME_YOY":null,"FEE_COMMISSION_INCOME":null,"FEE_COMMISSION_INCOME_YOY":null,"ACCOUNTS_RECE_TDAYS":2.406167503796,"INVENTORY_TDAYS":1.003439233051,"CURRENT_ASSETS_TDAYS":1.215650634405,"TOTAL_ASSETS_TDAYS":0.304704314396,"PREMIUM_EXPENSE":null,"LOAN_DEPOSIT":null,"LOAN_EQUITY":null,"LOAN_ASSETS":null,"DEPOSIT_EQUITY":null,"DEPOSIT_ASSETS":null,"EQUITY_MULTIPLIER":1.981487676373,"EQUITY_RATIO":0.974045683865},{"SECUCODE":"00932.HK","SECURITY_CODE":"00932","SECURITY_NAME_ABBR":"顺腾国际控股","ORG_CODE":"10338472","STD_REPORT_DATE":"2023-12-31 00:00:00","REPORT_DATE":"2024-03-31 00:00:00","DATE_TYPE_CODE":"001","REPORT_TYPE":"2023年年报","PER_NETCASH_OPERATE":0.011310969964,"PER_OI":0.068718729398,"BPS":0.050429885347,"BASIC_EPS":0.00018131,"DILUTED_EPS":0.00018131,"OPERATE_INCOME":213570488.3,"OPERATE_INCOME_YOY":9.0035025702,"GROSS_PROFIT":166997388.6,"GROSS_PROFIT_YOY":14.704330153633,"HOLDER_PROFIT":517640.05,"HOLDER_PROFIT_YOY":-98.6085388439,"GROSS_PROFIT_RATIO":78.193101457642,"EPS_TTM":0.0093089602,"OPERATE_INCOME_QOQ":0,"NET_PROFIT_RATIO":0.2198772423,"ROE_AVG":0.358112727113,"GROSS_PROFIT_QOQ":0,"ROA":0.167012781889,"HOLDER_PROFIT_QOQ":0,"ROE_YEARLY":0.358112727113,"ROIC_YEARLY":0.172547170952,"TOTAL_ASSETS":312155987.7,"TOTAL_LIABILITIES":156584755.3,"TAX_EBT":88.675120244862,"OCF_SALES":16.4598066099,"TOTAL_PARENT_EQUITY":156730709.85,"DEBT_ASSET_RATIO":50.1623423769,"OPERATE_PROFIT":11196799.05,"PRETAX_PROFIT":4146559.7,"NETCASH_OPERATE":35153289.35,"NETCASH_INVEST":-4483796.3,"NETCASH_FINANCE":-30912448.45,"END_CASH":11513185,"DIVI_RATIO":null,"DIVIDEND_RATE":null,"CURRENT_RATIO":0.519365558912,"COMMON_ACS":4000000000,"CURRENTDEBT_DEBT":95.816495489967,"ISSUED_COMMON_SHARES":3107893440,"HK_COMMON_SHARES":3107893440,"PER_SHARES":4000,"TOTAL_MARKET_CAP":90128909.76,"HKSK_MARKET_CAP":90128909.76,"PE_TTM":-6.200392801321,"PB_TTM":0.534315718783,"REPORT_DATE_SQ":"2022-12-31 00:00:00","REPORT_TYPE_SQ":"2022年年报","OPERATE_INCOME_SQ":189199737.07,"DPS_HKD":null,"OPERATE_INCOME_QOQ_SQ":0,"NET_PROFIT_RATIO_SQ":18.8560429747,"HOLDER_PROFIT_SQ":35923324.76,"HOLDER_PROFIT_QOQ_SQ":0,"ROE_AVG_SQ":32.676397283072,"PE_TTM_SQ":4.089732083049,"PB_TTM_SQ":0.952167833107,"ROA_SQ":14.000228583516,"START_DATE":"2023-04-01 00:00:00","FISCAL_YEAR":"3-31","CURRENCY":"HKD","IS_CNY_CODE":0,"DPS_HKD_LY":null,"ORG_TYPE":"一般企业","PREMIUM_INCOME":null,"PREMIUM_INCOME_YOY":null,"NET_INTEREST_INCOME":null,"NET_INTEREST_INCOME_YOY":null,"FEE_COMMISSION_INCOME":null,"FEE_COMMISSION_INCOME_YOY":null,"ACCOUNTS_RECE_TDAYS":4.538660861356,"INVENTORY_TDAYS":2.067488983238,"CURRENT_ASSETS_TDAYS":2.574218045729,"TOTAL_ASSETS_TDAYS":0.689069583784,"PREMIUM_EXPENSE":null,"LOAN_DEPOSIT":null,"LOAN_EQUITY":null,"LOAN_ASSETS":null,"DEPOSIT_EQUITY":null,"DEPOSIT_ASSETS":null,"EQUITY_MULTIPLIER":2.006514847794,"EQUITY_RATIO":0.999068755893},{"SECUCODE":"00932.HK","SECURITY_CODE":"00932","SECURITY_NAME_ABBR":"顺腾国际控股","ORG_CODE":"10338472","STD_REPORT_DATE":"2023-06-30 00:00:00","REPORT_DATE":"2023-09-30 00:00:00","DATE_TYPE_CODE":"002","REPORT_TYPE":"2023年中报","PER_NETCASH_OPERATE":0.010706050398,"PER_OI":0.037796550566,"BPS":0.052041266547,"BASIC_EPS":0.003211705,"DILUTED_EPS":0.003211705,"OPERATE_INCOME":117467651.56,"OPERATE_INCOME_YOY":13.9971859583,"GROSS_PROFIT":90078231.32,"GROSS_PROFIT_YOY":15.659538812986,"HOLDER_PROFIT":9952614.98,"HOLDER_PROFIT_YOY":-42.1083533493,"GROSS_PROFIT_RATIO":76.683435927882,"EPS_TTM":0.011558737599,"OPERATE_INCOME_QOQ":0,"NET_PROFIT_RATIO":8.4359278818,"ROE_AVG":6.731127274533,"GROSS_PROFIT_QOQ":0,"ROA":3.10608544742,"HOLDER_PROFIT_QOQ":0,"ROE_YEARLY":13.462254549065,"ROIC_YEARLY":6.482393213987,"TOTAL_ASSETS":329360347.75,"TOTAL_LIABILITIES":170001969.06,"TAX_EBT":20.337857775155,"OCF_SALES":28.325469487236,"TOTAL_PARENT_EQUITY":161738710.91,"DEBT_ASSET_RATIO":51.6157971721,"OPERATE_PROFIT":16011725.87,"PRETAX_PROFIT":12439392.28,"NETCASH_OPERATE":33273263.8,"NETCASH_INVEST":-3603533.01,"NETCASH_FINANCE":-22057989.94,"END_CASH":19449167.85,"DIVI_RATIO":null,"DIVIDEND_RATE":null,"CURRENT_RATIO":0.533896436507,"COMMON_ACS":4000000000,"CURRENTDEBT_DEBT":95.473977394177,"ISSUED_COMMON_SHARES":3107893440,"HK_COMMON_SHARES":3107893440,"PER_SHARES":4000,"TOTAL_MARKET_CAP":90128909.76,"HKSK_MARKET_CAP":90128909.76,"PE_TTM":-6.200392801321,"PB_TTM":0.534315718783,"REPORT_DATE_SQ":"2022-06-30 00:00:00","REPORT_TYPE_SQ":"2022年中报","OPERATE_INCOME_SQ":101563185.36,"DPS_HKD":null,"OPERATE_INCOME_QOQ_SQ":0,"NET_PROFIT_RATIO_SQ":16.482625964,"HOLDER_PROFIT_SQ":16944683.4,"HOLDER_PROFIT_QOQ_SQ":0,"ROE_AVG_SQ":16.379253819422,"PE_TTM_SQ":5.063090046158,"PB_TTM_SQ":0.952167833107,"ROA_SQ":7.868592200287,"START_DATE":"2023-04-01 00:00:00","FISCAL_YEAR":"3-31","CURRENCY":"HKD","IS_CNY_CODE":0,"DPS_HKD_LY":null,"ORG_TYPE":"一般企业","PREMIUM_INCOME":null,"PREMIUM_INCOME_YOY":null,"NET_INTEREST_INCOME":null,"NET_INTEREST_INCOME_YOY":null,"FEE_COMMISSION_INCOME":null,"FEE_COMMISSION_INCOME_YOY":null,"ACCOUNTS_RECE_TDAYS":2.411544185521,"INVENTORY_TDAYS":1.202070034836,"CURRENT_ASSETS_TDAYS":1.336842215191,"TOTAL_ASSETS_TDAYS":0.36660170597,"PREMIUM_EXPENSE":null,"LOAN_DEPOSIT":null,"LOAN_EQUITY":null,"LOAN_ASSETS":null,"DEPOSIT_EQUITY":null,"DEPOSIT_ASSETS":null,"EQUITY_MULTIPLIER":2.066790277721,"EQUITY_RATIO":1.051090169468},{"SECUCODE":"00932.HK","SECURITY_CODE":"00932","SECURITY_NAME_ABBR":"顺腾国际控股","ORG_CODE":"10338472","STD_REPORT_DATE":"2022-12-31 00:00:00","REPORT_DATE":"2023-03-31 00:00:00","DATE_TYPE_CODE":"001","REPORT_TYPE":"2022年年报","PER_NETCASH_OPERATE":0.001362734489,"PER_OI":0.060877163494,"BPS":0.041126245265,"BASIC_EPS":0.011555412,"DILUTED_EPS":0.011555412,"OPERATE_INCOME":189199737.07,"OPERATE_INCOME_YOY":38.8642949389,"GROSS_PROFIT":145589437.1,"GROSS_PROFIT_YOY":67.289048084567,"HOLDER_PROFIT":35923324.76,"HOLDER_PROFIT_YOY":193.5016405396,"GROSS_PROFIT_RATIO":76.950126545966,"EPS_TTM":0.009510812765,"OPERATE_INCOME_QOQ":0,"NET_PROFIT_RATIO":18.8560429747,"ROE_AVG":32.676397283072,"GROSS_PROFIT_QOQ":0,"ROA":14.000228583516,"HOLDER_PROFIT_QOQ":0,"ROE_YEARLY":32.676397283072,"ROIC_YEARLY":15.11633046989,"TOTAL_ASSETS":297154422.86,"TOTAL_LIABILITIES":171611874.76,"TAX_EBT":5.917835762921,"OCF_SALES":2.23849866051,"TOTAL_PARENT_EQUITY":127815987.87,"DEBT_ASSET_RATIO":57.7517484372,"OPERATE_PROFIT":42662230.94,"PRETAX_PROFIT":38313194.06,"NETCASH_OPERATE":4235233.58,"NETCASH_INVEST":-13365759.88,"NETCASH_FINANCE":6519178.27,"END_CASH":11474874.28,"DIVI_RATIO":null,"DIVIDEND_RATE":null,"CURRENT_RATIO":0.505743533641,"COMMON_ACS":4000000000,"CURRENTDEBT_DEBT":97.918239507029,"ISSUED_COMMON_SHARES":3107893440,"HK_COMMON_SHARES":3107893440,"PER_SHARES":4000,"TOTAL_MARKET_CAP":83913122.88,"HKSK_MARKET_CAP":83913122.88,"PE_TTM":-5.772779504678,"PB_TTM":0.497466358867,"REPORT_DATE_SQ":"2021-12-31 00:00:00","REPORT_TYPE_SQ":"2021年年报","OPERATE_INCOME_SQ":126224785.39,"DPS_HKD":null,"OPERATE_INCOME_QOQ_SQ":0,"NET_PROFIT_RATIO_SQ":-27.2312307891,"HOLDER_PROFIT_SQ":-35593606.88,"HOLDER_PROFIT_QOQ_SQ":0,"ROE_AVG_SQ":-69.545926330885,"PE_TTM_SQ":4.165467862365,"PB_TTM_SQ":0.969800570757,"ROA_SQ":-19.287147248633,"START_DATE":"2022-04-01 00:00:00","FISCAL_YEAR":"3-31","CURRENCY":"HKD","IS_CNY_CODE":0,"DPS_HKD_LY":null,"ORG_TYPE":"一般企业","PREMIUM_INCOME":null,"PREMIUM_INCOME_YOY":null,"NET_INTEREST_INCOME":null,"NET_INTEREST_INCOME_YOY":null,"FEE_COMMISSION_INCOME":null,"FEE_COMMISSION_INCOME_YOY":null,"ACCOUNTS_RECE_TDAYS":5.437157232704,"INVENTORY_TDAYS":2.282461284706,"CURRENT_ASSETS_TDAYS":2.469133968914,"TOTAL_ASSETS_TDAYS":0.737359246289,"PREMIUM_EXPENSE":null,"LOAN_DEPOSIT":null,"LOAN_EQUITY":null,"LOAN_ASSETS":null,"DEPOSIT_EQUITY":null,"DEPOSIT_ASSETS":null,"EQUITY_MULTIPLIER":2.366961857613,"EQUITY_RATIO":1.342647955235},{"SECUCODE":"00932.HK","SECURITY_CODE":"00932","SECURITY_NAME_ABBR":"顺腾国际控股","ORG_CODE":"10338472","STD_REPORT_DATE":"2022-06-30 00:00:00","REPORT_DATE":"2022-09-30 00:00:00","DATE_TYPE_CODE":"002","REPORT_TYPE":"2022年中报","PER_NETCASH_OPERATE":0.002554228462,"PER_OI":0.032679107994,"BPS":0.035971056537,"BASIC_EPS":0.00542664,"DILUTED_EPS":0.00542664,"OPERATE_INCOME":101563185.36,"OPERATE_INCOME_YOY":23.3362988347,"GROSS_PROFIT":77882232.84,"GROSS_PROFIT_YOY":52.496238398857,"HOLDER_PROFIT":16944683.4,"HOLDER_PROFIT_YOY":132.3754060966,"GROSS_PROFIT_RATIO":76.683527169751,"EPS_TTM":-0.011452647128,"OPERATE_INCOME_QOQ":0,"NET_PROFIT_RATIO":16.482625964,"ROE_AVG":16.379253819422,"GROSS_PROFIT_QOQ":0,"ROA":7.868592200287,"HOLDER_PROFIT_QOQ":0,"ROE_YEARLY":32.758507638843,"ROIC_YEARLY":19.502420236298,"TOTAL_ASSETS":207500242.56,"TOTAL_LIABILITIES":97980698.52,"TAX_EBT":19.225189862616,"OCF_SALES":7.816089906852,"TOTAL_PARENT_EQUITY":111794210.64,"DEBT_ASSET_RATIO":47.2195585466,"OPERATE_PROFIT":24001124.28,"PRETAX_PROFIT":21198264.72,"NETCASH_OPERATE":7938269.88,"NETCASH_INVEST":48108972.48,"NETCASH_FINANCE":-14754129.72,"END_CASH":55785859.2,"DIVI_RATIO":null,"DIVIDEND_RATE":null,"CURRENT_RATIO":1.201288928693,"COMMON_ACS":4000000000,"CURRENTDEBT_DEBT":99.975999926154,"ISSUED_COMMON_SHARES":3107893440,"HK_COMMON_SHARES":3107893440,"PER_SHARES":4000,"TOTAL_MARKET_CAP":83913122.88,"HKSK_MARKET_CAP":83913122.88,"PE_TTM":-5.772779504678,"PB_TTM":0.497466358867,"REPORT_DATE_SQ":"2021-06-30 00:00:00","REPORT_TYPE_SQ":"2021年中报","OPERATE_INCOME_SQ":75847613.82,"DPS_HKD":null,"OPERATE_INCOME_QOQ_SQ":0,"NET_PROFIT_RATIO_SQ":-60.6646752867,"HOLDER_PROFIT_SQ":-48207516.08,"HOLDER_PROFIT_QOQ_SQ":0,"ROE_AVG_SQ":-109.444060936746,"PE_TTM_SQ":4.165467862365,"PB_TTM_SQ":0.969800570757,"ROA_SQ":-25.308107446185,"START_DATE":"2022-04-01 00:00:00","FISCAL_YEAR":"3-31","CURRENCY":"HKD","IS_CNY_CODE":0,"DPS_HKD_LY":null,"ORG_TYPE":"一般企业","PREMIUM_INCOME":null,"PREMIUM_INCOME_YOY":null,"NET_INTEREST_INCOME":null,"NET_INTEREST_INCOME_YOY":null,"FEE_COMMISSION_INCOME":null,"FEE_COMMISSION_INCOME_YOY":null,"ACCOUNTS_RECE_TDAYS":3.681891209548,"INVENTORY_TDAYS":1.347381963206,"CURRENT_ASSETS_TDAYS":1.079277815956,"TOTAL_ASSETS_TDAYS":0.471628338692,"PREMIUM_EXPENSE":null,"LOAN_DEPOSIT":null,"LOAN_EQUITY":null,"LOAN_ASSETS":null,"DEPOSIT_EQUITY":null,"DEPOSIT_ASSETS":null,"EQUITY_MULTIPLIER":1.894641220239,"EQUITY_RATIO":0.876438036988},{"SECUCODE":"00932.HK","SECURITY_CODE":"00932","SECURITY_NAME_ABBR":"顺腾国际控股","ORG_CODE":"10338472","STD_REPORT_DATE":"2021-12-31 00:00:00","REPORT_DATE":"2022-03-31 00:00:00","DATE_TYPE_CODE":"001","REPORT_TYPE":"2021年年报","PER_NETCASH_OPERATE":0.002730859283,"PER_OI":0.040614257801,"BPS":0.027441417229,"BASIC_EPS":-0.012408453,"DILUTED_EPS":-0.012408453,"OPERATE_INCOME":126224785.39,"OPERATE_INCOME_YOY":-26.9571179536,"GROSS_PROFIT":87028672.09,"GROSS_PROFIT_YOY":-36.220593139354,"HOLDER_PROFIT":-35593606.88,"HOLDER_PROFIT_YOY":65.5448000816,"GROSS_PROFIT_RATIO":69.049591086734,"EPS_TTM":-0.031155818257,"OPERATE_INCOME_QOQ":0,"NET_PROFIT_RATIO":-27.2312307891,"ROE_AVG":-69.545926330885,"GROSS_PROFIT_QOQ":0,"ROA":-19.287147248633,"HOLDER_PROFIT_QOQ":0,"ROE_YEARLY":-69.545926330885,"ROIC_YEARLY":-22.640536092898,"TOTAL_ASSETS":200135370.73,"TOTAL_LIABILITIES":116881139.18,"TAX_EBT":-7.15695952616,"OCF_SALES":6.420521126674,"TOTAL_PARENT_EQUITY":85285000.59,"DEBT_ASSET_RATIO":58.4010406325,"OPERATE_PROFIT":-20774832.16,"PRETAX_PROFIT":-31219018.94,"NETCASH_OPERATE":8487219.65,"NETCASH_INVEST":24561437.85,"NETCASH_FINANCE":-50006876.6,"END_CASH":13229195.12,"DIVI_RATIO":null,"DIVIDEND_RATE":null,"CURRENT_RATIO":0.542245245628,"COMMON_ACS":4000000000,"CURRENTDEBT_DEBT":99.789755616925,"ISSUED_COMMON_SHARES":3107893440,"HK_COMMON_SHARES":3107893440,"PER_SHARES":4000,"TOTAL_MARKET_CAP":83913122.88,"HKSK_MARKET_CAP":83913122.88,"PE_TTM":-5.772779504678,"PB_TTM":0.497466358867,"REPORT_DATE_SQ":"2020-12-31 00:00:00","REPORT_TYPE_SQ":"2020年年报","OPERATE_INCOME_SQ":188599381.46,"DPS_HKD":null,"OPERATE_INCOME_QOQ_SQ":0,"NET_PROFIT_RATIO_SQ":-56.3162399674,"HOLDER_PROFIT_SQ":-107656492.86,"HOLDER_PROFIT_QOQ_SQ":0,"ROE_AVG_SQ":-155.558812214915,"PE_TTM_SQ":4.165467862365,"PB_TTM_SQ":0.969800570757,"ROA_SQ":-39.363396864884,"START_DATE":"2021-04-01 00:00:00","FISCAL_YEAR":"3-31","CURRENCY":"HKD","IS_CNY_CODE":0,"DPS_HKD_LY":null,"ORG_TYPE":"一般企业","PREMIUM_INCOME":null,"PREMIUM_INCOME_YOY":null,"NET_INTEREST_INCOME":null,"NET_INTEREST_INCOME_YOY":null,"FEE_COMMISSION_INCOME":null,"FEE_COMMISSION_INCOME_YOY":null,"ACCOUNTS_RECE_TDAYS":3.897454518136,"INVENTORY_TDAYS":2.227240618102,"CURRENT_ASSETS_TDAYS":1.631088072531,"TOTAL_ASSETS_TDAYS":0.716293745784,"PREMIUM_EXPENSE":null,"LOAN_DEPOSIT":null,"LOAN_EQUITY":null,"LOAN_ASSETS":null,"DEPOSIT_EQUITY":null,"DEPOSIT_ASSETS":null,"EQUITY_MULTIPLIER":2.403906288053,"EQUITY_RATIO":1.370477087078},{"SECUCODE":"00932.HK","SECURITY_CODE":"00932","SECURITY_NAME_ABBR":"顺腾国际控股","ORG_CODE":"10338472","STD_REPORT_DATE":"2021-06-30 00:00:00","REPORT_DATE":"2021-09-30 00:00:00","DATE_TYPE_CODE":"002","REPORT_TYPE":"2021年中报","PER_NETCASH_OPERATE":0.002663285965,"PER_OI":0.024642702972,"BPS":0.022702199436,"BASIC_EPS":-0.018160708,"DILUTED_EPS":-0.018160708,"OPERATE_INCOME":75847613.82,"OPERATE_INCOME_YOY":-18.4133611691,"GROSS_PROFIT":51071576.36,"GROSS_PROFIT_YOY":-31.484390741871,"HOLDER_PROFIT":-48207516.08,"HOLDER_PROFIT_YOY":13.8651146868,"GROSS_PROFIT_RATIO":67.561046936687,"EPS_TTM":-0.041972795339,"OPERATE_INCOME_QOQ":0,"NET_PROFIT_RATIO":-60.6646752867,"ROE_AVG":-109.444060936746,"GROSS_PROFIT_QOQ":0,"ROA":-25.308107446185,"HOLDER_PROFIT_QOQ":0,"ROE_YEARLY":-218.888121873493,"ROIC_YEARLY":-58.818507074321,"TOTAL_ASSETS":207415278.8,"TOTAL_LIABILITIES":138667002.3,"TAX_EBT":-2.042452400474,"OCF_SALES":10.277191736469,"TOTAL_PARENT_EQUITY":70556016.7,"DEBT_ASSET_RATIO":66.8547674512,"OPERATE_PROFIT":-38424892.5,"PRETAX_PROFIT":-45722498.1,"NETCASH_OPERATE":8197310.4,"NETCASH_INVEST":4116982.52,"NETCASH_FINANCE":-16636208.2,"END_CASH":26080609.42,"DIVI_RATIO":null,"DIVIDEND_RATE":null,"CURRENT_RATIO":1.595260444718,"COMMON_ACS":4000000000,"CURRENTDEBT_DEBT":39.040581538554,"ISSUED_COMMON_SHARES":3107893440,"HK_COMMON_SHARES":3107893440,"PER_SHARES":4000,"TOTAL_MARKET_CAP":83913122.88,"HKSK_MARKET_CAP":83913122.88,"PE_TTM":-5.772779504678,"PB_TTM":0.497466358867,"REPORT_DATE_SQ":"2020-06-30 00:00:00","REPORT_TYPE_SQ":"2020年中报","OPERATE_INCOME_SQ":103122185.6,"DPS_HKD":null,"OPERATE_INCOME_QOQ_SQ":0,"NET_PROFIT_RATIO_SQ":-58.1585577611,"HOLDER_PROFIT_SQ":-59035045.76,"HOLDER_PROFIT_QOQ_SQ":0,"ROE_AVG_SQ":-61.173053371516,"PE_TTM_SQ":4.165467862365,"PB_TTM_SQ":0.969800570757,"ROA_SQ":-18.718907118746,"START_DATE":"2021-04-01 00:00:00","FISCAL_YEAR":"3-31","CURRENCY":"HKD","IS_CNY_CODE":0,"DPS_HKD_LY":null,"ORG_TYPE":"一般企业","PREMIUM_INCOME":null,"PREMIUM_INCOME_YOY":null,"NET_INTEREST_INCOME":null,"NET_INTEREST_INCOME_YOY":null,"FEE_COMMISSION_INCOME":null,"FEE_COMMISSION_INCOME_YOY":null,"ACCOUNTS_RECE_TDAYS":1.625403909667,"INVENTORY_TDAYS":1.39034871749,"CURRENT_ASSETS_TDAYS":0.84902657143,"TOTAL_ASSETS_TDAYS":0.418737481085,"PREMIUM_EXPENSE":null,"LOAN_DEPOSIT":null,"LOAN_EQUITY":null,"LOAN_ASSETS":null,"DEPOSIT_EQUITY":null,"DEPOSIT_ASSETS":null,"EQUITY_MULTIPLIER":3.017025143896,"EQUITY_RATIO":1.965346242399},{"SECUCODE":"00932.HK","SECURITY_CODE":"00932","SECURITY_NAME_ABBR":"顺腾国际控股","ORG_CODE":"10338472","STD_REPORT_DATE":"2020-12-31 00:00:00","REPORT_DATE":"2021-03-31 00:00:00","DATE_TYPE_CODE":"001","REPORT_TYPE":"2020年年报","PER_NETCASH_OPERATE":0.010272670064,"PER_OI":0.073530569581,"BPS":0.005725556575,"BASIC_EPS":-0.042005446,"DILUTED_EPS":-0.042005446,"OPERATE_INCOME":188599381.46,"OPERATE_INCOME_YOY":-26.5611115865,"GROSS_PROFIT":136452620.64,"GROSS_PROFIT_YOY":-35.043549740507,"HOLDER_PROFIT":-107656492.86,"HOLDER_PROFIT_YOY":8.814517861,"GROSS_PROFIT_RATIO":72.350513338741,"EPS_TTM":-0.062040286393,"OPERATE_INCOME_QOQ":0,"NET_PROFIT_RATIO":-56.3162399674,"ROE_AVG":-155.558812214915,"GROSS_PROFIT_QOQ":0,"ROA":-39.363396864884,"HOLDER_PROFIT_QOQ":0,"ROE_YEARLY":-155.558812214915,"ROIC_YEARLY":-45.065833116632,"TOTAL_ASSETS":176074659.04,"TOTAL_LIABILITIES":159984967.38,"TAX_EBT":-6.679561573179,"OCF_SALES":13.970611301071,"TOTAL_PARENT_EQUITY":17794419.72,"DEBT_ASSET_RATIO":90.8620060674,"OPERATE_PROFIT":-85485731.1,"PRETAX_PROFIT":-98315563.5,"NETCASH_OPERATE":26348486.5,"NETCASH_INVEST":3561588.52,"NETCASH_FINANCE":-47100191.04,"END_CASH":30977537.36,"DIVI_RATIO":null,"DIVIDEND_RATE":null,"CURRENT_RATIO":0.678576200975,"COMMON_ACS":4000000000,"CURRENTDEBT_DEBT":94.882482526903,"ISSUED_COMMON_SHARES":3107893440,"HK_COMMON_SHARES":3107893440,"PER_SHARES":4000,"TOTAL_MARKET_CAP":83913122.88,"HKSK_MARKET_CAP":83913122.88,"PE_TTM":-5.772779504678,"PB_TTM":0.497466358867,"REPORT_DATE_SQ":"2019-12-31 00:00:00","REPORT_TYPE_SQ":"2019年年报","OPERATE_INCOME_SQ":277631399.8,"DPS_HKD":null,"OPERATE_INCOME_QOQ_SQ":0,"NET_PROFIT_RATIO_SQ":-47.6745355672,"HOLDER_PROFIT_SQ":-127634753,"HOLDER_PROFIT_QOQ_SQ":0,"ROE_AVG_SQ":-91.695904897253,"PE_TTM_SQ":4.165467862365,"PB_TTM_SQ":0.969800570757,"ROA_SQ":-22.690079567152,"START_DATE":"2020-04-01 00:00:00","FISCAL_YEAR":"3-31","CURRENCY":"HKD","IS_CNY_CODE":0,"DPS_HKD_LY":null,"ORG_TYPE":"一般企业","PREMIUM_INCOME":null,"PREMIUM_INCOME_YOY":null,"NET_INTEREST_INCOME":null,"NET_INTEREST_INCOME_YOY":null,"FEE_COMMISSION_INCOME":null,"FEE_COMMISSION_INCOME_YOY":null,"ACCOUNTS_RECE_TDAYS":2.73623739309,"INVENTORY_TDAYS":2.170398381849,"CURRENT_ASSETS_TDAYS":1.171928995326,"TOTAL_ASSETS_TDAYS":0.689592620348,"PREMIUM_EXPENSE":null,"LOAN_DEPOSIT":null,"LOAN_EQUITY":null,"LOAN_ASSETS":null,"DEPOSIT_EQUITY":null,"DEPOSIT_ASSETS":null,"EQUITY_MULTIPLIER":10.943320901456,"EQUITY_RATIO":8.990738102023},{"SECUCODE":"00932.HK","SECURITY_CODE":"00932","SECURITY_NAME_ABBR":"顺腾国际控股","ORG_CODE":"10338472","STD_REPORT_DATE":"2020-06-30 00:00:00","REPORT_DATE":"2020-09-30 00:00:00","DATE_TYPE_CODE":"002","REPORT_TYPE":"2020年中报","PER_NETCASH_OPERATE":0.004756900434,"PER_OI":0.040204973022,"BPS":0.021752741278,"BASIC_EPS":-0.023022464,"DILUTED_EPS":-0.023022464,"OPERATE_INCOME":103122185.6,"OPERATE_INCOME_YOY":-21.9955913207,"GROSS_PROFIT":74540060.16,"GROSS_PROFIT_YOY":-26.807730865425,"HOLDER_PROFIT":-59035045.76,"HOLDER_PROFIT_YOY":-120.0268553088,"GROSS_PROFIT_RATIO":72.225154063532,"EPS_TTM":-0.049761860372,"OPERATE_INCOME_QOQ":0,"NET_PROFIT_RATIO":-58.1585577611,"ROE_AVG":-61.173053371516,"GROSS_PROFIT_QOQ":0,"ROA":-18.718907118746,"HOLDER_PROFIT_QOQ":0,"ROE_YEARLY":-122.346106743031,"ROIC_YEARLY":-41.442591804381,"TOTAL_ASSETS":245120701.44,"TOTAL_LIABILITIES":181790472.32,"TAX_EBT":-9.082984073764,"OCF_SALES":11.818630622042,"TOTAL_PARENT_EQUITY":67605201.92,"DEBT_ASSET_RATIO":74.1636553959,"OPERATE_PROFIT":-34700652.8,"PRETAX_PROFIT":-52415648,"NETCASH_OPERATE":13958467.2,"NETCASH_INVEST":1934941.44,"NETCASH_FINANCE":-42646039.04,"END_CASH":23701714.56,"DIVI_RATIO":null,"DIVIDEND_RATE":null,"CURRENT_RATIO":1.20459581745,"COMMON_ACS":4000000000,"CURRENTDEBT_DEBT":67.838515861776,"ISSUED_COMMON_SHARES":3107893440,"HK_COMMON_SHARES":3107893440,"PER_SHARES":4000,"TOTAL_MARKET_CAP":83913122.88,"HKSK_MARKET_CAP":83913122.88,"PE_TTM":-5.772779504678,"PB_TTM":0.497466358867,"REPORT_DATE_SQ":"2019-06-30 00:00:00","REPORT_TYPE_SQ":"2019年中报","OPERATE_INCOME_SQ":135853530.12,"DPS_HKD":null,"OPERATE_INCOME_QOQ_SQ":0,"NET_PROFIT_RATIO_SQ":-10.7050920591,"HOLDER_PROFIT_SQ":-27541973.34,"HOLDER_PROFIT_QOQ_SQ":0,"ROE_AVG_SQ":-15.154666037993,"PE_TTM_SQ":4.165467862365,"PB_TTM_SQ":0.969800570757,"ROA_SQ":-3.724605585689,"START_DATE":"2020-04-01 00:00:00","FISCAL_YEAR":"3-31","CURRENCY":"HKD","IS_CNY_CODE":0,"DPS_HKD_LY":null,"ORG_TYPE":"一般企业","PREMIUM_INCOME":null,"PREMIUM_INCOME_YOY":null,"NET_INTEREST_INCOME":null,"NET_INTEREST_INCOME_YOY":null,"FEE_COMMISSION_INCOME":null,"FEE_COMMISSION_INCOME_YOY":null,"ACCOUNTS_RECE_TDAYS":1.128950798697,"INVENTORY_TDAYS":1.015640319343,"CURRENT_ASSETS_TDAYS":0.5489855235,"TOTAL_ASSETS_TDAYS":0.327340559954,"PREMIUM_EXPENSE":null,"LOAN_DEPOSIT":null,"LOAN_EQUITY":null,"LOAN_ASSETS":null,"DEPOSIT_EQUITY":null,"DEPOSIT_ASSETS":null,"EQUITY_MULTIPLIER":3.870516573932,"EQUITY_RATIO":2.68900124779}],"count":32},"success":true,"message":"ok","code":0}