{"version":"02a8f4da8a0334645fc18cb07ade4b35","result":{"pages":6,"data":[{"SECUCODE":"00934.HK","SECURITY_CODE":"00934","SECURITY_NAME_ABBR":"中石化冠德","ORG_CODE":"10041610","STD_REPORT_DATE":"2024-06-30 00:00:00","REPORT_DATE":"2024-06-30 00:00:00","DATE_TYPE_CODE":"002","REPORT_TYPE":"2024年中报","PER_NETCASH_OPERATE":-0.034417862648,"PER_OI":0.121598156386,"BPS":5.801669199472,"BASIC_EPS":0.251625876,"DILUTED_EPS":0.251625876,"OPERATE_INCOME":302312472.48,"OPERATE_INCOME_YOY":7.2902124517,"GROSS_PROFIT":162101094.8,"GROSS_PROFIT_YOY":14.998201488517,"HOLDER_PROFIT":625520753.56,"HOLDER_PROFIT_YOY":-7.9041748803,"GROSS_PROFIT_RATIO":53.620379427357,"EPS_TTM":0.448974139227,"OPERATE_INCOME_QOQ":3.197250938652,"NET_PROFIT_RATIO":206.9104807448,"ROE_AVG":4.376732593285,"GROSS_PROFIT_QOQ":9.031031665952,"ROA":4.256275786167,"HOLDER_PROFIT_QOQ":-5.149997457406,"ROE_YEARLY":8.753465186569,"ROIC_YEARLY":13.749234605304,"TOTAL_ASSETS":14765141726.48,"TOTAL_LIABILITIES":339495055.68,"TAX_EBT":8.959498412614,"OCF_SALES":-28.304592495985,"TOTAL_PARENT_EQUITY":14423877896.96,"DEBT_ASSET_RATIO":2.2993010292,"OPERATE_PROFIT":108468367.28,"PRETAX_PROFIT":687074630.8,"NETCASH_OPERATE":-85568313.4,"NETCASH_INVEST":-88541824.84,"NETCASH_FINANCE":-345172837.96,"END_CASH":1155843507.04,"DIVI_RATIO":0.506044736544,"DIVIDEND_RATE":5.800464037123,"CURRENT_RATIO":43.544858955639,"COMMON_ACS":10000000000,"CURRENTDEBT_DEBT":41.608598404198,"ISSUED_COMMON_SHARES":2486160000,"HK_COMMON_SHARES":2486160000,"PER_SHARES":2000,"TOTAL_MARKET_CAP":10715349600,"HKSK_MARKET_CAP":10715349600,"PE_TTM":8.642874680389,"PB_TTM":0.678020525603,"REPORT_DATE_SQ":"2023-06-30 00:00:00","REPORT_TYPE_SQ":"2023年中报","OPERATE_INCOME_SQ":284641963.42,"DPS_HKD":0.25,"OPERATE_INCOME_QOQ_SQ":1.420461061103,"NET_PROFIT_RATIO_SQ":241.0476502045,"HOLDER_PROFIT_SQ":686127374.22,"HOLDER_PROFIT_QOQ_SQ":98.064352517561,"ROE_AVG_SQ":4.966495514021,"PE_TTM_SQ":10.704020724506,"PB_TTM_SQ":0.582697106372,"ROA_SQ":4.771709563636,"START_DATE":"2024-01-01 00:00:00","FISCAL_YEAR":"12-31","CURRENCY":"HKD","IS_CNY_CODE":0,"DPS_HKD_LY":0.25,"ORG_TYPE":"一般企业","PREMIUM_INCOME":null,"PREMIUM_INCOME_YOY":null,"NET_INTEREST_INCOME":null,"NET_INTEREST_INCOME_YOY":null,"FEE_COMMISSION_INCOME":null,"FEE_COMMISSION_INCOME_YOY":null,"ACCOUNTS_RECE_TDAYS":0.542398526251,"INVENTORY_TDAYS":43.207987624807,"CURRENT_ASSETS_TDAYS":0.049106356262,"TOTAL_ASSETS_TDAYS":0.020570464675,"PREMIUM_EXPENSE":null,"LOAN_DEPOSIT":null,"LOAN_EQUITY":null,"LOAN_ASSETS":null,"DEPOSIT_EQUITY":null,"DEPOSIT_ASSETS":null,"EQUITY_MULTIPLIER":1.023534130804,"EQUITY_RATIO":0.023537016751},{"SECUCODE":"00934.HK","SECURITY_CODE":"00934","SECURITY_NAME_ABBR":"中石化冠德","ORG_CODE":"10041610","STD_REPORT_DATE":"2023-12-31 00:00:00","REPORT_DATE":"2023-12-31 00:00:00","DATE_TYPE_CODE":"001","REPORT_TYPE":"2023年年报","PER_NETCASH_OPERATE":0.225311305853,"PER_OI":0.222301945104,"BPS":5.655231835988,"BASIC_EPS":0.473318706,"DILUTED_EPS":0.473318706,"OPERATE_INCOME":552678203.84,"OPERATE_INCOME_YOY":-1.0050903802,"GROSS_PROFIT":234097469.06,"GROSS_PROFIT_YOY":-8.928911701029,"HOLDER_PROFIT":1176828166.64,"HOLDER_PROFIT_YOY":198.5953318756,"GROSS_PROFIT_RATIO":42.356920796495,"EPS_TTM":0.473351741899,"OPERATE_INCOME_QOQ":-0.976521777904,"NET_PROFIT_RATIO":212.9112338327,"ROE_AVG":8.549335483924,"GROSS_PROFIT_QOQ":-6.686374629722,"ROA":8.274816174421,"HOLDER_PROFIT_QOQ":52.951082427444,"ROE_YEARLY":8.549335483924,"ROIC_YEARLY":12.942354780193,"TOTAL_ASSETS":14524190027.06,"TOTAL_LIABILITIES":462618060.24,"TAX_EBT":7.303704465176,"OCF_SALES":101.353726683632,"TOTAL_PARENT_EQUITY":14059811181.36,"DEBT_ASSET_RATIO":3.1851556567,"OPERATE_PROFIT":169394267.28,"PRETAX_PROFIT":1269429351.12,"NETCASH_OPERATE":560159956.16,"NETCASH_INVEST":-638662169.88,"NETCASH_FINANCE":-504801695.02,"END_CASH":1665045129.44,"DIVI_RATIO":0.479983445478,"DIVIDEND_RATE":5.555555555556,"CURRENT_RATIO":29.522902198821,"COMMON_ACS":10000000000,"CURRENTDEBT_DEBT":44.793650047405,"ISSUED_COMMON_SHARES":2486160000,"HK_COMMON_SHARES":2486160000,"PER_SHARES":2000,"TOTAL_MARKET_CAP":11187720000,"HKSK_MARKET_CAP":11187720000,"PE_TTM":9.023883076973,"PB_TTM":0.707910061534,"REPORT_DATE_SQ":"2022-12-31 00:00:00","REPORT_TYPE_SQ":"2022年年报","OPERATE_INCOME_SQ":550311489.28,"DPS_HKD":0.25,"OPERATE_INCOME_QOQ_SQ":5.456257131856,"NET_PROFIT_RATIO_SQ":65.3570083628,"HOLDER_PROFIT_SQ":388489375.89,"HOLDER_PROFIT_QOQ_SQ":-35.549067825286,"ROE_AVG_SQ":2.877235283894,"PE_TTM_SQ":9.343340123934,"PB_TTM_SQ":0.508625440308,"ROA_SQ":2.787133855096,"START_DATE":"2023-01-01 00:00:00","FISCAL_YEAR":"12-31","CURRENCY":"HKD","IS_CNY_CODE":0,"DPS_HKD_LY":0.22,"ORG_TYPE":"一般企业","PREMIUM_INCOME":null,"PREMIUM_INCOME_YOY":null,"NET_INTEREST_INCOME":null,"NET_INTEREST_INCOME_YOY":null,"FEE_COMMISSION_INCOME":null,"FEE_COMMISSION_INCOME_YOY":null,"ACCOUNTS_RECE_TDAYS":0.806301044776,"INVENTORY_TDAYS":92.585988938636,"CURRENT_ASSETS_TDAYS":0.095026677717,"TOTAL_ASSETS_TDAYS":0.038861328017,"PREMIUM_EXPENSE":null,"LOAN_DEPOSIT":null,"LOAN_EQUITY":null,"LOAN_ASSETS":null,"DEPOSIT_EQUITY":null,"DEPOSIT_ASSETS":null,"EQUITY_MULTIPLIER":1.032899455433,"EQUITY_RATIO":0.032903575608},{"SECUCODE":"00934.HK","SECURITY_CODE":"00934","SECURITY_NAME_ABBR":"中石化冠德","ORG_CODE":"10041610","STD_REPORT_DATE":"2023-06-30 00:00:00","REPORT_DATE":"2023-06-30 00:00:00","DATE_TYPE_CODE":"002","REPORT_TYPE":"2023年中报","PER_NETCASH_OPERATE":-0.03807576847,"PER_OI":0.114490605359,"BPS":5.601210584894,"BASIC_EPS":0.275948614,"DILUTED_EPS":0.275948614,"OPERATE_INCOME":284641963.42,"OPERATE_INCOME_YOY":-4.624961384,"GROSS_PROFIT":140959678.24,"GROSS_PROFIT_YOY":-4.198444543093,"HOLDER_PROFIT":686127374.22,"HOLDER_PROFIT_YOY":108.5404196651,"GROSS_PROFIT_RATIO":49.521748847695,"EPS_TTM":0.309479170979,"OPERATE_INCOME_QOQ":1.420461061103,"NET_PROFIT_RATIO":241.0476502045,"ROE_AVG":4.966495514021,"GROSS_PROFIT_QOQ":-2.403225748018,"ROA":4.771709563636,"HOLDER_PROFIT_QOQ":98.064352517561,"ROE_YEARLY":9.932991028042,"ROIC_YEARLY":14.803122964062,"TOTAL_ASSETS":14596646297.06,"TOTAL_LIABILITIES":669237622.6,"TAX_EBT":7.63647556447,"OCF_SALES":-33.256674947932,"TOTAL_PARENT_EQUITY":13925505707.74,"DEBT_ASSET_RATIO":4.5848725041,"OPERATE_PROFIT":133284194.74,"PRETAX_PROFIT":742850349.76,"NETCASH_OPERATE":-94662452.54,"NETCASH_INVEST":-1491766405.94,"NETCASH_FINANCE":-7100167.98,"END_CASH":692171875.1,"DIVI_RATIO":0.734139875332,"DIVIDEND_RATE":5.555555555556,"CURRENT_RATIO":14.092820612805,"COMMON_ACS":10000000000,"CURRENTDEBT_DEBT":64.300632344635,"ISSUED_COMMON_SHARES":2486160000,"HK_COMMON_SHARES":2486160000,"PER_SHARES":2000,"TOTAL_MARKET_CAP":11187720000,"HKSK_MARKET_CAP":11187720000,"PE_TTM":9.023883076973,"PB_TTM":0.707910061534,"REPORT_DATE_SQ":"2022-06-30 00:00:00","REPORT_TYPE_SQ":"2022年中报","OPERATE_INCOME_SQ":276825003,"DPS_HKD":0.25,"OPERATE_INCOME_QOQ_SQ":0.273306682013,"NET_PROFIT_RATIO_SQ":110.1396354649,"HOLDER_PROFIT_SQ":305179682.64,"HOLDER_PROFIT_QOQ_SQ":-29.817144221347,"ROE_AVG_SQ":2.33533842287,"PE_TTM_SQ":9.343340123934,"PB_TTM_SQ":0.508625440308,"ROA_SQ":2.248953838107,"START_DATE":"2023-01-01 00:00:00","FISCAL_YEAR":"12-31","CURRENCY":"HKD","IS_CNY_CODE":0,"DPS_HKD_LY":0.22,"ORG_TYPE":"一般企业","PREMIUM_INCOME":null,"PREMIUM_INCOME_YOY":null,"NET_INTEREST_INCOME":null,"NET_INTEREST_INCOME_YOY":null,"FEE_COMMISSION_INCOME":null,"FEE_COMMISSION_INCOME_YOY":null,"ACCOUNTS_RECE_TDAYS":0.391688160761,"INVENTORY_TDAYS":41.436054240893,"CURRENT_ASSETS_TDAYS":0.04876260135,"TOTAL_ASSETS_TDAYS":0.019795577761,"PREMIUM_EXPENSE":null,"LOAN_DEPOSIT":null,"LOAN_EQUITY":null,"LOAN_ASSETS":null,"DEPOSIT_EQUITY":null,"DEPOSIT_ASSETS":null,"EQUITY_MULTIPLIER":1.048051840672,"EQUITY_RATIO":0.048058407116},{"SECUCODE":"00934.HK","SECURITY_CODE":"00934","SECURITY_NAME_ABBR":"中石化冠德","ORG_CODE":"10041610","STD_REPORT_DATE":"2022-12-31 00:00:00","REPORT_DATE":"2022-12-31 00:00:00","DATE_TYPE_CODE":"001","REPORT_TYPE":"2022年年报","PER_NETCASH_OPERATE":0.055439178384,"PER_OI":0.221349989253,"BPS":5.340697619884,"BASIC_EPS":0.156232923,"DILUTED_EPS":0.156232923,"OPERATE_INCOME":550311489.28,"OPERATE_INCOME_YOY":-3.2132684594,"GROSS_PROFIT":257049161.74,"GROSS_PROFIT_YOY":10.990018955646,"HOLDER_PROFIT":388489375.89,"HOLDER_PROFIT_YOY":-58.5982810292,"GROSS_PROFIT_RATIO":46.7097574278,"EPS_TTM":0.156251827775,"OPERATE_INCOME_QOQ":5.456257131856,"NET_PROFIT_RATIO":65.3570083628,"ROE_AVG":2.877235283894,"GROSS_PROFIT_QOQ":6.925017217488,"ROA":2.787133855096,"HOLDER_PROFIT_QOQ":-35.549067825286,"ROE_YEARLY":2.877235283894,"ROIC_YEARLY":4.048732407557,"TOTAL_ASSETS":13720508395.09,"TOTAL_LIABILITIES":440682248.72,"TAX_EBT":33.96038272427,"OCF_SALES":25.045936785789,"TOTAL_PARENT_EQUITY":13277977970.74,"DEBT_ASSET_RATIO":3.2129379766,"OPERATE_PROFIT":-160068624.38,"PRETAX_PROFIT":544657090.18,"NETCASH_OPERATE":137830667.73,"NETCASH_INVEST":-1198780845.78,"NETCASH_FINANCE":-450995050.87,"END_CASH":2224328947.19,"DIVI_RATIO":1.454069390649,"DIVIDEND_RATE":5.555555555556,"CURRENT_RATIO":26.023372379963,"COMMON_ACS":10000000000,"CURRENTDEBT_DEBT":47.396297857849,"ISSUED_COMMON_SHARES":2486160000,"HK_COMMON_SHARES":2486160000,"PER_SHARES":2000,"TOTAL_MARKET_CAP":11187720000,"HKSK_MARKET_CAP":11187720000,"PE_TTM":9.023883076973,"PB_TTM":0.707910061534,"REPORT_DATE_SQ":"2021-12-31 00:00:00","REPORT_TYPE_SQ":"2021年年报","OPERATE_INCOME_SQ":520416299.2,"DPS_HKD":0.25,"OPERATE_INCOME_QOQ_SQ":1.821228802458,"NET_PROFIT_RATIO_SQ":164.9105994027,"HOLDER_PROFIT_SQ":858803769.6,"HOLDER_PROFIT_QOQ_SQ":-55.772298243124,"ROE_AVG_SQ":6.992167597517,"PE_TTM_SQ":9.343340123934,"PB_TTM_SQ":0.508625440308,"ROA_SQ":6.593601947053,"START_DATE":"2022-01-01 00:00:00","FISCAL_YEAR":"12-31","CURRENCY":"HKD","IS_CNY_CODE":0,"DPS_HKD_LY":0.2,"ORG_TYPE":"一般企业","PREMIUM_INCOME":null,"PREMIUM_INCOME_YOY":null,"NET_INTEREST_INCOME":null,"NET_INTEREST_INCOME_YOY":null,"FEE_COMMISSION_INCOME":null,"FEE_COMMISSION_INCOME_YOY":null,"ACCOUNTS_RECE_TDAYS":0.556933028077,"INVENTORY_TDAYS":79.646288209607,"CURRENT_ASSETS_TDAYS":0.103468635591,"TOTAL_ASSETS_TDAYS":0.039483189263,"PREMIUM_EXPENSE":null,"LOAN_DEPOSIT":null,"LOAN_EQUITY":null,"LOAN_ASSETS":null,"DEPOSIT_EQUITY":null,"DEPOSIT_ASSETS":null,"EQUITY_MULTIPLIER":1.033195944886,"EQUITY_RATIO":0.033188957663},{"SECUCODE":"00934.HK","SECURITY_CODE":"00934","SECURITY_NAME_ABBR":"中石化冠德","ORG_CODE":"10041610","STD_REPORT_DATE":"2022-06-30 00:00:00","REPORT_DATE":"2022-06-30 00:00:00","DATE_TYPE_CODE":"002","REPORT_TYPE":"2022年中报","PER_NETCASH_OPERATE":0.02394549887,"PER_OI":0.111346414953,"BPS":5.227307253387,"BASIC_EPS":0.122719765,"DILUTED_EPS":0.122719765,"OPERATE_INCOME":276825003,"OPERATE_INCOME_YOY":-2.1998241591,"GROSS_PROFIT":147137149.88,"GROSS_PROFIT_YOY":6.364870151158,"HOLDER_PROFIT":305179682.64,"HOLDER_PROFIT_YOY":-47.0944308133,"GROSS_PROFIT_RATIO":53.151683657708,"EPS_TTM":0.242435326383,"OPERATE_INCOME_QOQ":0.273306682013,"NET_PROFIT_RATIO":110.1396354649,"ROE_AVG":2.33533842287,"GROSS_PROFIT_QOQ":3.801731198125,"ROA":2.248953838107,"HOLDER_PROFIT_QOQ":-29.817144221347,"ROE_YEARLY":4.67067684574,"ROIC_YEARLY":6.43381057096,"TOTAL_ASSETS":13587909519.59,"TOTAL_LIABILITIES":562931383.07,"TAX_EBT":15.692320789251,"OCF_SALES":21.505406240346,"TOTAL_PARENT_EQUITY":12995922201.08,"DEBT_ASSET_RATIO":4.1428843948,"OPERATE_PROFIT":129539905.25,"PRETAX_PROFIT":361644457.58,"NETCASH_OPERATE":59532341.47,"NETCASH_INVEST":882482533.66,"NETCASH_FINANCE":-4245163.16,"END_CASH":4518114152.3,"DIVI_RATIO":0.937161276741,"DIVIDEND_RATE":5.555555555556,"CURRENT_RATIO":13.097729266733,"COMMON_ACS":10000000000,"CURRENTDEBT_DEBT":71.511865498524,"ISSUED_COMMON_SHARES":2486160000,"HK_COMMON_SHARES":2486160000,"PER_SHARES":2000,"TOTAL_MARKET_CAP":11187720000,"HKSK_MARKET_CAP":11187720000,"PE_TTM":9.023883076973,"PB_TTM":0.707910061534,"REPORT_DATE_SQ":"2021-06-30 00:00:00","REPORT_TYPE_SQ":"2021年中报","OPERATE_INCOME_SQ":275402670.48,"DPS_HKD":0.25,"OPERATE_INCOME_QOQ_SQ":1.004109632282,"NET_PROFIT_RATIO_SQ":203.6751354307,"HOLDER_PROFIT_SQ":561250441.2,"HOLDER_PROFIT_QOQ_SQ":0.218845274965,"ROE_AVG_SQ":4.537208774598,"PE_TTM_SQ":9.343340123934,"PB_TTM_SQ":0.508625440308,"ROA_SQ":4.231990621691,"START_DATE":"2022-01-01 00:00:00","FISCAL_YEAR":"12-31","CURRENCY":"HKD","IS_CNY_CODE":0,"DPS_HKD_LY":0.2,"ORG_TYPE":"一般企业","PREMIUM_INCOME":null,"PREMIUM_INCOME_YOY":null,"NET_INTEREST_INCOME":null,"NET_INTEREST_INCOME_YOY":null,"FEE_COMMISSION_INCOME":null,"FEE_COMMISSION_INCOME_YOY":null,"ACCOUNTS_RECE_TDAYS":0.259025170733,"INVENTORY_TDAYS":34.610977975579,"CURRENT_ASSETS_TDAYS":0.054000197684,"TOTAL_ASSETS_TDAYS":0.02040000329,"PREMIUM_EXPENSE":null,"LOAN_DEPOSIT":null,"LOAN_EQUITY":null,"LOAN_ASSETS":null,"DEPOSIT_EQUITY":null,"DEPOSIT_ASSETS":null,"EQUITY_MULTIPLIER":1.043219372591,"EQUITY_RATIO":0.043316001309},{"SECUCODE":"00934.HK","SECURITY_CODE":"00934","SECURITY_NAME_ABBR":"中石化冠德","ORG_CODE":"10041610","STD_REPORT_DATE":"2021-12-31 00:00:00","REPORT_DATE":"2021-12-31 00:00:00","DATE_TYPE_CODE":"001","REPORT_TYPE":"2021年年报","PER_NETCASH_OPERATE":0.052866638993,"PER_OI":0.209325344789,"BPS":5.052897636838,"BASIC_EPS":0.345436,"DILUTED_EPS":0.345436,"OPERATE_INCOME":520416299.2,"OPERATE_INCOME_YOY":5.8675501756,"GROSS_PROFIT":231596646.4,"GROSS_PROFIT_YOY":1.88122962195,"HOLDER_PROFIT":858803769.6,"HOLDER_PROFIT_YOY":-54.3722291579,"GROSS_PROFIT_RATIO":44.502189258103,"EPS_TTM":0.34543382952,"OPERATE_INCOME_QOQ":1.821228802458,"NET_PROFIT_RATIO":164.9105994027,"ROE_AVG":6.992167597517,"GROSS_PROFIT_QOQ":1.483137588485,"ROA":6.593601947053,"HOLDER_PROFIT_QOQ":-55.772298243124,"ROE_YEARLY":6.992167597517,"ROIC_YEARLY":8.821996148845,"TOTAL_ASSETS":12956121292.8,"TOTAL_LIABILITIES":365757448,"TAX_EBT":9.270897529092,"OCF_SALES":25.255727655349,"TOTAL_PARENT_EQUITY":12562311988.8,"DEBT_ASSET_RATIO":2.8230474209,"OPERATE_PROFIT":43040916.8,"PRETAX_PROFIT":945916596.8,"NETCASH_OPERATE":131434923.2,"NETCASH_INVEST":1257119684.8,"NETCASH_FINANCE":-1049986448,"END_CASH":3431909521.6,"DIVI_RATIO":0.657726547268,"DIVIDEND_RATE":5.555555555556,"CURRENT_RATIO":24.341809031363,"COMMON_ACS":10000000000,"CURRENTDEBT_DEBT":53.477216081188,"ISSUED_COMMON_SHARES":2486160000,"HK_COMMON_SHARES":2486160000,"PER_SHARES":2000,"TOTAL_MARKET_CAP":11187720000,"HKSK_MARKET_CAP":11187720000,"PE_TTM":9.023883076973,"PB_TTM":0.707910061534,"REPORT_DATE_SQ":"2020-12-31 00:00:00","REPORT_TYPE_SQ":"2020年年报","OPERATE_INCOME_SQ":506026791.96,"DPS_HKD":0.25,"OPERATE_INCOME_QOQ_SQ":-58.426633972165,"NET_PROFIT_RATIO_SQ":382.7712440477,"HOLDER_PROFIT_SQ":1937537760.72,"HOLDER_PROFIT_QOQ_SQ":81.319667284805,"ROE_AVG_SQ":17.14198210288,"PE_TTM_SQ":9.343340123934,"PB_TTM_SQ":0.508625440308,"ROA_SQ":14.519103397127,"START_DATE":"2021-01-01 00:00:00","FISCAL_YEAR":"12-31","CURRENCY":"HKD","IS_CNY_CODE":0,"DPS_HKD_LY":0.2,"ORG_TYPE":"一般企业","PREMIUM_INCOME":null,"PREMIUM_INCOME_YOY":null,"NET_INTEREST_INCOME":null,"NET_INTEREST_INCOME_YOY":null,"FEE_COMMISSION_INCOME":null,"FEE_COMMISSION_INCOME_YOY":null,"ACCOUNTS_RECE_TDAYS":0.419785792955,"INVENTORY_TDAYS":83.294741806178,"CURRENT_ASSETS_TDAYS":0.115523639335,"TOTAL_ASSETS_TDAYS":0.039955785537,"PREMIUM_EXPENSE":null,"LOAN_DEPOSIT":null,"LOAN_EQUITY":null,"LOAN_ASSETS":null,"DEPOSIT_EQUITY":null,"DEPOSIT_ASSETS":null,"EQUITY_MULTIPLIER":1.029050586029,"EQUITY_RATIO":0.02911545648},{"SECUCODE":"00934.HK","SECURITY_CODE":"00934","SECURITY_NAME_ABBR":"中石化冠德","ORG_CODE":"10041610","STD_REPORT_DATE":"2021-06-30 00:00:00","REPORT_DATE":"2021-06-30 00:00:00","DATE_TYPE_CODE":"002","REPORT_TYPE":"2021年中报","PER_NETCASH_OPERATE":-0.027068973163,"PER_OI":0.110774314799,"BPS":5.037852551018,"BASIC_EPS":0.225743304,"DILUTED_EPS":0.225743304,"OPERATE_INCOME":275402670.48,"OPERATE_INCOME_YOY":11.8413316303,"GROSS_PROFIT":138332467.92,"GROSS_PROFIT_YOY":0.648801991109,"HOLDER_PROFIT":561250441.2,"HOLDER_PROFIT_YOY":10.6135842596,"GROSS_PROFIT_RATIO":50.229167233164,"EPS_TTM":0.781034997973,"OPERATE_INCOME_QOQ":1.004109632282,"NET_PROFIT_RATIO":203.6751354307,"ROE_AVG":4.537208774598,"GROSS_PROFIT_QOQ":0.392274069293,"ROA":4.231990621691,"HOLDER_PROFIT_QOQ":0.218845274965,"ROE_YEARLY":9.074417549197,"ROIC_YEARLY":11.137874072332,"TOTAL_ASSETS":13198803265.68,"TOTAL_LIABILITIES":645078340.8,"TAX_EBT":8.234983433657,"OCF_SALES":-24.436145881486,"TOTAL_PARENT_EQUITY":12524907498.24,"DEBT_ASSET_RATIO":4.8874002272,"OPERATE_PROFIT":98348527.68,"PRETAX_PROFIT":611264273.76,"NETCASH_OPERATE":-67297798.32,"NETCASH_INVEST":733952805.6,"NETCASH_FINANCE":-652335742.56,"END_CASH":3163595618.64,"DIVI_RATIO":0.290897335702,"DIVIDEND_RATE":5.555555555556,"CURRENT_RATIO":8.809864810722,"COMMON_ACS":10000000000,"CURRENTDEBT_DEBT":71.149936795398,"ISSUED_COMMON_SHARES":2486160000,"HK_COMMON_SHARES":2486160000,"PER_SHARES":2000,"TOTAL_MARKET_CAP":11187720000,"HKSK_MARKET_CAP":11187720000,"PE_TTM":9.023883076973,"PB_TTM":0.707910061534,"REPORT_DATE_SQ":"2020-06-30 00:00:00","REPORT_TYPE_SQ":"2020年中报","OPERATE_INCOME_SQ":270321606.72,"DPS_HKD":0.25,"OPERATE_INCOME_QOQ_SQ":-6.119586539545,"NET_PROFIT_RATIO_SQ":96.2199187942,"HOLDER_PROFIT_SQ":557010231.36,"HOLDER_PROFIT_QOQ_SQ":-7.175363112719,"ROE_AVG_SQ":5.003257728809,"PE_TTM_SQ":9.343340123934,"PB_TTM_SQ":0.508625440308,"ROA_SQ":3.932570773831,"START_DATE":"2021-01-01 00:00:00","FISCAL_YEAR":"12-31","CURRENCY":"HKD","IS_CNY_CODE":0,"DPS_HKD_LY":0.2,"ORG_TYPE":"一般企业","PREMIUM_INCOME":null,"PREMIUM_INCOME_YOY":null,"NET_INTEREST_INCOME":null,"NET_INTEREST_INCOME_YOY":null,"FEE_COMMISSION_INCOME":null,"FEE_COMMISSION_INCOME_YOY":null,"ACCOUNTS_RECE_TDAYS":0.268600866227,"INVENTORY_TDAYS":40.085655189196,"CURRENT_ASSETS_TDAYS":0.065828776683,"TOTAL_ASSETS_TDAYS":0.020766157728,"PREMIUM_EXPENSE":null,"LOAN_DEPOSIT":null,"LOAN_EQUITY":null,"LOAN_ASSETS":null,"DEPOSIT_EQUITY":null,"DEPOSIT_ASSETS":null,"EQUITY_MULTIPLIER":1.051385413067,"EQUITY_RATIO":0.051503641116},{"SECUCODE":"00934.HK","SECURITY_CODE":"00934","SECURITY_NAME_ABBR":"中石化冠德","ORG_CODE":"10041610","STD_REPORT_DATE":"2020-12-31 00:00:00","REPORT_DATE":"2020-12-31 00:00:00","DATE_TYPE_CODE":"001","REPORT_TYPE":"2020年年报","PER_NETCASH_OPERATE":0.223043266371,"PER_OI":0.203537500386,"BPS":4.969645265454,"BASIC_EPS":0.779274476,"DILUTED_EPS":0.779274476,"OPERATE_INCOME":506026791.96,"OPERATE_INCOME_YOY":0.9506747238,"GROSS_PROFIT":227320230.88,"GROSS_PROFIT_YOY":-6.848860274024,"HOLDER_PROFIT":1937537760.72,"HOLDER_PROFIT_YOY":79.1361213156,"GROSS_PROFIT_RATIO":44.922568229939,"EPS_TTM":0.779329472246,"OPERATE_INCOME_QOQ":-58.426633972165,"NET_PROFIT_RATIO":382.7712440477,"ROE_AVG":17.14198210288,"GROSS_PROFIT_QOQ":-55.843822091898,"ROA":14.519103397127,"HOLDER_PROFIT_QOQ":81.319667284805,"ROE_YEARLY":17.14198210288,"ROIC_YEARLY":16.660163062908,"TOTAL_ASSETS":13478477445.6,"TOTAL_LIABILITIES":1093668256.36,"TAX_EBT":8.697658056666,"OCF_SALES":109.583376993176,"TOTAL_PARENT_EQUITY":12355333273.16,"DEBT_ASSET_RATIO":8.1141824867,"OPERATE_PROFIT":274292159.28,"PRETAX_PROFIT":1167543207.36,"NETCASH_OPERATE":550462859.04,"NETCASH_INVEST":3639835458.16,"NETCASH_FINANCE":-1182906503.92,"END_CASH":3182309012.84,"DIVI_RATIO":0.291533950776,"DIVIDEND_RATE":5.555555555556,"CURRENT_RATIO":4.735192726696,"COMMON_ACS":10000000000,"CURRENTDEBT_DEBT":84.449870675956,"ISSUED_COMMON_SHARES":2486160000,"HK_COMMON_SHARES":2486160000,"PER_SHARES":2000,"TOTAL_MARKET_CAP":11187720000,"HKSK_MARKET_CAP":11187720000,"PE_TTM":9.023883076973,"PB_TTM":0.707910061534,"REPORT_DATE_SQ":"2019-12-31 00:00:00","REPORT_TYPE_SQ":"2019年年报","OPERATE_INCOME_SQ":533505965.06,"DPS_HKD":0.25,"OPERATE_INCOME_QOQ_SQ":-7.395205336148,"NET_PROFIT_RATIO_SQ":88.7400527022,"HOLDER_PROFIT_SQ":1151176731.58,"HOLDER_PROFIT_QOQ_SQ":3.879864530749,"ROE_AVG_SQ":10.780481832493,"PE_TTM_SQ":9.343340123934,"PB_TTM_SQ":0.508625440308,"ROA_SQ":8.084144587378,"START_DATE":"2020-01-01 00:00:00","FISCAL_YEAR":"12-31","CURRENCY":"HKD","IS_CNY_CODE":0,"DPS_HKD_LY":0.2,"ORG_TYPE":"一般企业","PREMIUM_INCOME":null,"PREMIUM_INCOME_YOY":null,"NET_INTEREST_INCOME":null,"NET_INTEREST_INCOME_YOY":null,"FEE_COMMISSION_INCOME":null,"FEE_COMMISSION_INCOME_YOY":null,"ACCOUNTS_RECE_TDAYS":0.471880693821,"INVENTORY_TDAYS":8.645797161991,"CURRENT_ASSETS_TDAYS":0.181384688137,"TOTAL_ASSETS_TDAYS":0.037919546463,"PREMIUM_EXPENSE":null,"LOAN_DEPOSIT":null,"LOAN_EQUITY":null,"LOAN_ASSETS":null,"DEPOSIT_EQUITY":null,"DEPOSIT_ASSETS":null,"EQUITY_MULTIPLIER":1.088307235069,"EQUITY_RATIO":0.088517908192},{"SECUCODE":"00934.HK","SECURITY_CODE":"00934","SECURITY_NAME_ABBR":"中石化冠德","ORG_CODE":"10041610","STD_REPORT_DATE":"2020-06-30 00:00:00","REPORT_DATE":"2020-06-30 00:00:00","DATE_TYPE_CODE":"002","REPORT_TYPE":"2020年中报","PER_NETCASH_OPERATE":0.063054166232,"PER_OI":0.108730575152,"BPS":4.481213572353,"BASIC_EPS":0.224066832,"DILUTED_EPS":0.224066832,"OPERATE_INCOME":270321606.72,"OPERATE_INCOME_YOY":-15.3109600066,"GROSS_PROFIT":137440749.6,"GROSS_PROFIT_YOY":-57.812515423679,"HOLDER_PROFIT":557010231.36,"HOLDER_PROFIT_YOY":-16.1347907888,"GROSS_PROFIT_RATIO":44.999463258463,"EPS_TTM":0.429809674768,"OPERATE_INCOME_QOQ":-6.119586539545,"NET_PROFIT_RATIO":96.2199187942,"ROE_AVG":5.003257728809,"GROSS_PROFIT_QOQ":-11.273246189868,"ROA":3.932570773831,"HOLDER_PROFIT_QOQ":-7.175363112719,"ROE_YEARLY":10.006515457618,"ROIC_YEARLY":8.004139669411,"TOTAL_ASSETS":13990000411.2,"TOTAL_LIABILITIES":2816593153.44,"TAX_EBT":13.10822485467,"OCF_SALES":27.092502667921,"TOTAL_PARENT_EQUITY":11141013935.04,"DEBT_ASSET_RATIO":20.1329025779,"OPERATE_PROFIT":106886181.6,"PRETAX_PROFIT":561434021.28,"NETCASH_OPERATE":156762745.92,"NETCASH_INVEST":598089455.04,"NETCASH_FINANCE":-647552231.04,"END_CASH":222750564.96,"DIVI_RATIO":0.528608389569,"DIVIDEND_RATE":5.555555555556,"CURRENT_RATIO":1.126121272804,"COMMON_ACS":10000000000,"CURRENTDEBT_DEBT":40.875550226836,"ISSUED_COMMON_SHARES":2486160000,"HK_COMMON_SHARES":2486160000,"PER_SHARES":2000,"TOTAL_MARKET_CAP":11187720000,"HKSK_MARKET_CAP":11187720000,"PE_TTM":9.023883076973,"PB_TTM":0.707910061534,"REPORT_DATE_SQ":"2019-06-30 00:00:00","REPORT_TYPE_SQ":"2019年中报","OPERATE_INCOME_SQ":657962808.84,"DPS_HKD":0.25,"OPERATE_INCOME_QOQ_SQ":-3.487729491431,"NET_PROFIT_RATIO_SQ":97.1620671307,"HOLDER_PROFIT_SQ":639611341.92,"HOLDER_PROFIT_QOQ_SQ":0.212891143899,"ROE_AVG_SQ":6.147427435809,"PE_TTM_SQ":9.343340123934,"PB_TTM_SQ":0.508625440308,"ROA_SQ":4.535275987042,"START_DATE":"2020-01-01 00:00:00","FISCAL_YEAR":"12-31","CURRENCY":"HKD","IS_CNY_CODE":0,"DPS_HKD_LY":0.2,"ORG_TYPE":"一般企业","PREMIUM_INCOME":null,"PREMIUM_INCOME_YOY":null,"NET_INTEREST_INCOME":null,"NET_INTEREST_INCOME_YOY":null,"FEE_COMMISSION_INCOME":null,"FEE_COMMISSION_INCOME_YOY":null,"ACCOUNTS_RECE_TDAYS":0.263543496904,"INVENTORY_TDAYS":5.002361893822,"CURRENT_ASSETS_TDAYS":0.444141861316,"TOTAL_ASSETS_TDAYS":0.040851415754,"PREMIUM_EXPENSE":null,"LOAN_DEPOSIT":null,"LOAN_EQUITY":null,"LOAN_ASSETS":null,"DEPOSIT_EQUITY":null,"DEPOSIT_ASSETS":null,"EQUITY_MULTIPLIER":1.252080058344,"EQUITY_RATIO":0.252812999774}],"count":49},"success":true,"message":"ok","code":0}