{"version":"dec172d51c3f2656c0be86985cfdb1b5","result":{"pages":4,"data":[{"SECUCODE":"00936.HK","SECURITY_CODE":"00936","SECURITY_NAME_ABBR":"佳兆业资本","ORG_CODE":"10150869","STD_REPORT_DATE":"2024-06-30 00:00:00","REPORT_DATE":"2024-06-30 00:00:00","DATE_TYPE_CODE":"002","REPORT_TYPE":"2024年中报","PER_NETCASH_OPERATE":0.029258282151,"PER_OI":0.09573238283,"BPS":0.128863527849,"BASIC_EPS":0.00365072,"DILUTED_EPS":0.00365072,"OPERATE_INCOME":101476325.8,"OPERATE_INCOME_YOY":-11.1060475231,"GROSS_PROFIT":66269694.8,"GROSS_PROFIT_YOY":3.351091917019,"HOLDER_PROFIT":3873413.92,"HOLDER_PROFIT_YOY":4.0196078431,"GROSS_PROFIT_RATIO":65.305571794757,"EPS_TTM":0.004705759755,"OPERATE_INCOME_QOQ":-6.425579800953,"NET_PROFIT_RATIO":3.817061654,"ROE_AVG":2.898590317998,"GROSS_PROFIT_QOQ":1.764366797013,"ROA":0.720409363624,"HOLDER_PROFIT_QOQ":2.291366818442,"ROE_YEARLY":5.797180635996,"ROIC_YEARLY":1.493189784457,"TOTAL_ASSETS":538277672.36,"TOTAL_LIABILITIES":401682332.84,"TAX_EBT":8.573890564412,"OCF_SALES":30.562575887035,"TOTAL_PARENT_EQUITY":136595339.52,"DEBT_ASSET_RATIO":74.6236289309,"OPERATE_PROFIT":9456277.48,"PRETAX_PROFIT":4236660.56,"NETCASH_OPERATE":31013779.08,"NETCASH_INVEST":-5769962.96,"NETCASH_FINANCE":-31398017.36,"END_CASH":15603177.28,"DIVI_RATIO":null,"DIVIDEND_RATE":null,"CURRENT_RATIO":0.761175203084,"COMMON_ACS":200000000000,"CURRENTDEBT_DEBT":76.555111982605,"ISSUED_COMMON_SHARES":1060000000,"HK_COMMON_SHARES":1060000000,"PER_SHARES":10000,"TOTAL_MARKET_CAP":121900000,"HKSK_MARKET_CAP":121900000,"PE_TTM":21.983769161407,"PB_TTM":0.814491126791,"REPORT_DATE_SQ":"2023-06-30 00:00:00","REPORT_TYPE_SQ":"2023年中报","OPERATE_INCOME_SQ":115317570.48,"DPS_HKD":null,"OPERATE_INCOME_QOQ_SQ":18.727367162199,"NET_PROFIT_RATIO_SQ":3.2620166939,"HOLDER_PROFIT_SQ":3761678.4,"HOLDER_PROFIT_QOQ_SQ":10.696635493821,"ROE_AVG_SQ":2.896307917285,"PE_TTM_SQ":51.645523074095,"PB_TTM_SQ":1.942076480064,"ROA_SQ":0.71355117631,"START_DATE":"2024-01-01 00:00:00","FISCAL_YEAR":"12-31","CURRENCY":"HKD","IS_CNY_CODE":0,"DPS_HKD_LY":null,"ORG_TYPE":"一般企业","PREMIUM_INCOME":null,"PREMIUM_INCOME_YOY":null,"NET_INTEREST_INCOME":null,"NET_INTEREST_INCOME_YOY":null,"FEE_COMMISSION_INCOME":null,"FEE_COMMISSION_INCOME_YOY":null,"ACCOUNTS_RECE_TDAYS":1.674598990888,"INVENTORY_TDAYS":0.252818193734,"CURRENT_ASSETS_TDAYS":0.430146838362,"TOTAL_ASSETS_TDAYS":0.188734012947,"PREMIUM_EXPENSE":null,"LOAN_DEPOSIT":null,"LOAN_EQUITY":null,"LOAN_ASSETS":null,"DEPOSIT_EQUITY":null,"DEPOSIT_ASSETS":null,"EQUITY_MULTIPLIER":3.940673775919,"EQUITY_RATIO":2.940673775925},{"SECUCODE":"00936.HK","SECURITY_CODE":"00936","SECURITY_NAME_ABBR":"佳兆业资本","ORG_CODE":"10150869","STD_REPORT_DATE":"2023-12-31 00:00:00","REPORT_DATE":"2023-12-31 00:00:00","DATE_TYPE_CODE":"001","REPORT_TYPE":"2023年年报","PER_NETCASH_OPERATE":0.062307754547,"PER_OI":0.203215560377,"BPS":0.122397834868,"BASIC_EPS":0.004621722,"DILUTED_EPS":0.004621722,"OPERATE_INCOME":215408494,"OPERATE_INCOME_YOY":18.7502497902,"GROSS_PROFIT":121785999.58,"GROSS_PROFIT_YOY":8.090950094057,"HOLDER_PROFIT":4876369.82,"HOLDER_PROFIT_YOY":3.9003668662,"GROSS_PROFIT_RATIO":56.537231804796,"EPS_TTM":0.004600348887,"OPERATE_INCOME_QOQ":1.469282309889,"NET_PROFIT_RATIO":2.2637778713,"ROE_AVG":3.839909800298,"GROSS_PROFIT_QOQ":-1.028504147746,"ROA":0.937466245292,"HOLDER_PROFIT_QOQ":-4.778821130648,"ROE_YEARLY":3.839909800298,"ROIC_YEARLY":0.991598775658,"TOTAL_ASSETS":533257909.24,"TOTAL_LIABILITIES":403516204.28,"TAX_EBT":56.965770953295,"OCF_SALES":30.660917122423,"TOTAL_PARENT_EQUITY":129741704.96,"DEBT_ASSET_RATIO":75.6699895657,"OPERATE_PROFIT":21255390.1,"PRETAX_PROFIT":11331374.88,"NETCASH_OPERATE":66046219.82,"NETCASH_INVEST":-9699272.66,"NETCASH_FINANCE":-68730443.46,"END_CASH":21955898.16,"DIVI_RATIO":null,"DIVIDEND_RATE":null,"CURRENT_RATIO":0.805422435489,"COMMON_ACS":200000000000,"CURRENTDEBT_DEBT":72.637072903426,"ISSUED_COMMON_SHARES":1060000000,"HK_COMMON_SHARES":1060000000,"PER_SHARES":10000,"TOTAL_MARKET_CAP":207760000,"HKSK_MARKET_CAP":207760000,"PE_TTM":37.467989179441,"PB_TTM":1.388176181313,"REPORT_DATE_SQ":"2022-12-31 00:00:00","REPORT_TYPE_SQ":"2022年年报","OPERATE_INCOME_SQ":178804069.36,"DPS_HKD":null,"OPERATE_INCOME_QOQ_SQ":0.143742748811,"NET_PROFIT_RATIO_SQ":2.5873266456,"HOLDER_PROFIT_SQ":4626245.33,"HOLDER_PROFIT_QOQ_SQ":25.076382307587,"ROE_AVG_SQ":3.845768281137,"PE_TTM_SQ":48.3324140467,"PB_TTM_SQ":1.81749044172,"ROA_SQ":0.933521515697,"START_DATE":"2023-01-01 00:00:00","FISCAL_YEAR":"12-31","CURRENCY":"HKD","IS_CNY_CODE":0,"DPS_HKD_LY":null,"ORG_TYPE":"一般企业","PREMIUM_INCOME":null,"PREMIUM_INCOME_YOY":null,"NET_INTEREST_INCOME":null,"NET_INTEREST_INCOME_YOY":null,"FEE_COMMISSION_INCOME":null,"FEE_COMMISSION_INCOME_YOY":null,"ACCOUNTS_RECE_TDAYS":4.098876559496,"INVENTORY_TDAYS":0.677573587282,"CURRENT_ASSETS_TDAYS":0.910034111922,"TOTAL_ASSETS_TDAYS":0.414115826995,"PREMIUM_EXPENSE":null,"LOAN_DEPOSIT":null,"LOAN_EQUITY":null,"LOAN_ASSETS":null,"DEPOSIT_EQUITY":null,"DEPOSIT_ASSETS":null,"EQUITY_MULTIPLIER":4.110150312925,"EQUITY_RATIO":3.110150312919},{"SECUCODE":"00936.HK","SECURITY_CODE":"00936","SECURITY_NAME_ABBR":"佳兆业资本","ORG_CODE":"10150869","STD_REPORT_DATE":"2023-06-30 00:00:00","REPORT_DATE":"2023-06-30 00:00:00","DATE_TYPE_CODE":"002","REPORT_TYPE":"2023年中报","PER_NETCASH_OPERATE":0.012550235302,"PER_OI":0.10879016083,"BPS":0.125805910585,"BASIC_EPS":0.003503524,"DILUTED_EPS":0.003503524,"OPERATE_INCOME":115317570.48,"OPERATE_INCOME_YOY":30.7109490119,"GROSS_PROFIT":64120943.06,"GROSS_PROFIT_YOY":19.318565112989,"HOLDER_PROFIT":3761678.4,"HOLDER_PROFIT_YOY":6.8062827225,"GROSS_PROFIT_RATIO":55.603792893921,"EPS_TTM":0.004831224462,"OPERATE_INCOME_QOQ":18.727367162199,"NET_PROFIT_RATIO":3.2620166939,"ROE_AVG":2.896307917285,"GROSS_PROFIT_QOQ":9.214222906579,"ROA":0.71355117631,"HOLDER_PROFIT_QOQ":10.696635493821,"ROE_YEARLY":5.79261583457,"ROIC_YEARLY":1.51095581843,"TOTAL_ASSETS":538463979.4,"TOTAL_LIABILITIES":405109714.18,"TAX_EBT":45.636242504997,"OCF_SALES":11.536185998913,"TOTAL_PARENT_EQUITY":133354265.22,"DEBT_ASSET_RATIO":75.2343201548,"OPERATE_PROFIT":11958080.6,"PRETAX_PROFIT":6919459.9,"NETCASH_OPERATE":13303249.42,"NETCASH_INVEST":1463182.26,"NETCASH_FINANCE":-27035219.54,"END_CASH":23070705.54,"DIVI_RATIO":null,"DIVIDEND_RATE":null,"CURRENT_RATIO":0.754286421324,"COMMON_ACS":200000000000,"CURRENTDEBT_DEBT":77.253289211659,"ISSUED_COMMON_SHARES":1060000000,"HK_COMMON_SHARES":1060000000,"PER_SHARES":10000,"TOTAL_MARKET_CAP":207760000,"HKSK_MARKET_CAP":207760000,"PE_TTM":37.467989179441,"PB_TTM":1.388176181313,"REPORT_DATE_SQ":"2022-06-30 00:00:00","REPORT_TYPE_SQ":"2022年中报","OPERATE_INCOME_SQ":81832275.91,"DPS_HKD":null,"OPERATE_INCOME_QOQ_SQ":1.693140346995,"NET_PROFIT_RATIO_SQ":3.9920994054,"HOLDER_PROFIT_SQ":3266825.8,"HOLDER_PROFIT_QOQ_SQ":1.02488770934,"ROE_AVG_SQ":2.868255469958,"PE_TTM_SQ":48.3324140467,"PB_TTM_SQ":1.81749044172,"ROA_SQ":0.715856502629,"START_DATE":"2023-01-01 00:00:00","FISCAL_YEAR":"12-31","CURRENCY":"HKD","IS_CNY_CODE":0,"DPS_HKD_LY":null,"ORG_TYPE":"一般企业","PREMIUM_INCOME":null,"PREMIUM_INCOME_YOY":null,"NET_INTEREST_INCOME":null,"NET_INTEREST_INCOME_YOY":null,"FEE_COMMISSION_INCOME":null,"FEE_COMMISSION_INCOME_YOY":null,"ACCOUNTS_RECE_TDAYS":2.001408135181,"INVENTORY_TDAYS":0.370669025249,"CURRENT_ASSETS_TDAYS":0.482979524458,"TOTAL_ASSETS_TDAYS":0.218745409138,"PREMIUM_EXPENSE":null,"LOAN_DEPOSIT":null,"LOAN_EQUITY":null,"LOAN_ASSETS":null,"DEPOSIT_EQUITY":null,"DEPOSIT_ASSETS":null,"EQUITY_MULTIPLIER":4.037845947499,"EQUITY_RATIO":3.037845947497},{"SECUCODE":"00936.HK","SECURITY_CODE":"00936","SECURITY_NAME_ABBR":"佳兆业资本","ORG_CODE":"10150869","STD_REPORT_DATE":"2022-12-31 00:00:00","REPORT_DATE":"2022-12-31 00:00:00","DATE_TYPE_CODE":"001","REPORT_TYPE":"2022年年报","PER_NETCASH_OPERATE":0.113917206226,"PER_OI":0.168683084302,"BPS":0.115534362009,"BASIC_EPS":0.004377023,"DILUTED_EPS":0.004377023,"OPERATE_INCOME":178804069.36,"OPERATE_INCOME_YOY":-6.7876168834,"GROSS_PROFIT":112669931.64,"GROSS_PROFIT_YOY":2.527892226327,"HOLDER_PROFIT":4626245.33,"HOLDER_PROFIT_YOY":15.6543099598,"GROSS_PROFIT_RATIO":63.013069022022,"EPS_TTM":0.004364382387,"OPERATE_INCOME_QOQ":0.143742748811,"NET_PROFIT_RATIO":2.5873266456,"ROE_AVG":3.845768281137,"GROSS_PROFIT_QOQ":-4.325404347655,"ROA":0.933521515697,"HOLDER_PROFIT_QOQ":25.076382307587,"ROE_YEARLY":3.845768281137,"ROIC_YEARLY":0.991420071901,"TOTAL_ASSETS":499825655.42,"TOTAL_LIABILITIES":377359231.69,"TAX_EBT":7.945254177035,"OCF_SALES":67.533272051477,"TOTAL_PARENT_EQUITY":122466423.73,"DEBT_ASSET_RATIO":75.4981717321,"OPERATE_PROFIT":14375394.11,"PRETAX_PROFIT":5025537.02,"NETCASH_OPERATE":120752238.6,"NETCASH_INVEST":-27348354.32,"NETCASH_FINANCE":-82785583.79,"END_CASH":34339085.34,"DIVI_RATIO":null,"DIVIDEND_RATE":null,"CURRENT_RATIO":0.779399685737,"COMMON_ACS":200000000000,"CURRENTDEBT_DEBT":79.542285777861,"ISSUED_COMMON_SHARES":1060000000,"HK_COMMON_SHARES":1060000000,"PER_SHARES":10000,"TOTAL_MARKET_CAP":207760000,"HKSK_MARKET_CAP":207760000,"PE_TTM":37.467989179441,"PB_TTM":1.388176181313,"REPORT_DATE_SQ":"2021-12-31 00:00:00","REPORT_TYPE_SQ":"2021年年报","OPERATE_INCOME_SQ":175574694.4,"DPS_HKD":null,"OPERATE_INCOME_QOQ_SQ":17.64878453518,"NET_PROFIT_RATIO_SQ":1.8673397161,"HOLDER_PROFIT_SQ":3661212.8,"HOLDER_PROFIT_QOQ_SQ":119.393237490493,"ROE_AVG_SQ":3.457327712667,"PE_TTM_SQ":48.3324140467,"PB_TTM_SQ":1.81749044172,"ROA_SQ":0.864755052048,"START_DATE":"2022-01-01 00:00:00","FISCAL_YEAR":"12-31","CURRENCY":"HKD","IS_CNY_CODE":0,"DPS_HKD_LY":null,"ORG_TYPE":"一般企业","PREMIUM_INCOME":null,"PREMIUM_INCOME_YOY":null,"NET_INTEREST_INCOME":null,"NET_INTEREST_INCOME_YOY":null,"FEE_COMMISSION_INCOME":null,"FEE_COMMISSION_INCOME_YOY":null,"ACCOUNTS_RECE_TDAYS":2.81409521935,"INVENTORY_TDAYS":0.531642479122,"CURRENT_ASSETS_TDAYS":0.776705960871,"TOTAL_ASSETS_TDAYS":0.360805434937,"PREMIUM_EXPENSE":null,"LOAN_DEPOSIT":null,"LOAN_EQUITY":null,"LOAN_ASSETS":null,"DEPOSIT_EQUITY":null,"DEPOSIT_ASSETS":null,"EQUITY_MULTIPLIER":4.081328091382,"EQUITY_RATIO":3.081328091379},{"SECUCODE":"00936.HK","SECURITY_CODE":"00936","SECURITY_NAME_ABBR":"佳兆业资本","ORG_CODE":"10150869","STD_REPORT_DATE":"2022-06-30 00:00:00","REPORT_DATE":"2022-06-30 00:00:00","DATE_TYPE_CODE":"002","REPORT_TYPE":"2022年中报","PER_NETCASH_OPERATE":0.060498238236,"PER_OI":0.077200260292,"BPS":0.108212192755,"BASIC_EPS":0.003078684,"DILUTED_EPS":0.003078684,"OPERATE_INCOME":81832275.91,"OPERATE_INCOME_YOY":0.9654546606,"GROSS_PROFIT":53739284.41,"GROSS_PROFIT_YOY":17.161809816358,"HOLDER_PROFIT":3266825.8,"HOLDER_PROFIT_YOY":-1.5717598557,"GROSS_PROFIT_RATIO":65.670035218259,"EPS_TTM":0.003489373698,"OPERATE_INCOME_QOQ":1.693140346995,"NET_PROFIT_RATIO":3.9920994054,"ROE_AVG":2.868255469958,"GROSS_PROFIT_QOQ":7.16313095159,"ROA":0.715856502629,"HOLDER_PROFIT_QOQ":1.02488770934,"ROE_YEARLY":5.736510939917,"ROIC_YEARLY":1.504919056432,"TOTAL_ASSETS":442335910.03,"TOTAL_LIABILITIES":327630985.71,"TAX_EBT":15.914593880696,"OCF_SALES":78.365329348201,"TOTAL_PARENT_EQUITY":114704924.32,"DEBT_ASSET_RATIO":74.0683671122,"OPERATE_PROFIT":8073848.79,"PRETAX_PROFIT":3885128.17,"NETCASH_OPERATE":64128132.53,"NETCASH_INVEST":-14822153.08,"NETCASH_FINANCE":-49539446.32,"END_CASH":21858656.4,"DIVI_RATIO":null,"DIVIDEND_RATE":null,"CURRENT_RATIO":0.771290607268,"COMMON_ACS":200000000000,"CURRENTDEBT_DEBT":77.786478521778,"ISSUED_COMMON_SHARES":1060000000,"HK_COMMON_SHARES":1060000000,"PER_SHARES":10000,"TOTAL_MARKET_CAP":207760000,"HKSK_MARKET_CAP":207760000,"PE_TTM":37.467989179441,"PB_TTM":1.388176181313,"REPORT_DATE_SQ":"2021-06-30 00:00:00","REPORT_TYPE_SQ":"2021年中报","OPERATE_INCOME_SQ":78859549.92,"DPS_HKD":null,"OPERATE_INCOME_QOQ_SQ":23.944383695629,"NET_PROFIT_RATIO_SQ":3.601198641,"HOLDER_PROFIT_SQ":3229302.48,"HOLDER_PROFIT_QOQ_SQ":82.993948383169,"ROE_AVG_SQ":3.012543856926,"PE_TTM_SQ":48.3324140467,"PB_TTM_SQ":1.81749044172,"ROA_SQ":0.76945648338,"START_DATE":"2022-01-01 00:00:00","FISCAL_YEAR":"12-31","CURRENCY":"HKD","IS_CNY_CODE":0,"DPS_HKD_LY":null,"ORG_TYPE":"一般企业","PREMIUM_INCOME":null,"PREMIUM_INCOME_YOY":null,"NET_INTEREST_INCOME":null,"NET_INTEREST_INCOME_YOY":null,"FEE_COMMISSION_INCOME":null,"FEE_COMMISSION_INCOME_YOY":null,"ACCOUNTS_RECE_TDAYS":1.47529331956,"INVENTORY_TDAYS":0.24517852878,"CURRENT_ASSETS_TDAYS":0.395915437305,"TOTAL_ASSETS_TDAYS":0.179318305969,"PREMIUM_EXPENSE":null,"LOAN_DEPOSIT":null,"LOAN_EQUITY":null,"LOAN_ASSETS":null,"DEPOSIT_EQUITY":null,"DEPOSIT_ASSETS":null,"EQUITY_MULTIPLIER":3.856293987836,"EQUITY_RATIO":2.856293987833},{"SECUCODE":"00936.HK","SECURITY_CODE":"00936","SECURITY_NAME_ABBR":"佳兆业资本","ORG_CODE":"10150869","STD_REPORT_DATE":"2021-12-31 00:00:00","REPORT_DATE":"2021-12-31 00:00:00","DATE_TYPE_CODE":"001","REPORT_TYPE":"2021年年报","PER_NETCASH_OPERATE":0.04079824,"PER_OI":0.165636504151,"BPS":0.101996371321,"BASIC_EPS":0.00343392,"DILUTED_EPS":0.00343392,"OPERATE_INCOME":175574694.4,"OPERATE_INCOME_YOY":50.1065978848,"GROSS_PROFIT":109891980.8,"GROSS_PROFIT_YOY":95.263603665042,"HOLDER_PROFIT":3661212.8,"HOLDER_PROFIT_YOY":103.3949962092,"GROSS_PROFIT_RATIO":62.589874455165,"EPS_TTM":0.00345397434,"OPERATE_INCOME_QOQ":17.64878453518,"NET_PROFIT_RATIO":1.8673397161,"ROE_AVG":3.457327712667,"GROSS_PROFIT_QOQ":54.602656090415,"ROA":0.864755052048,"HOLDER_PROFIT_QOQ":119.393237490493,"ROE_YEARLY":3.457327712667,"ROIC_YEARLY":0.914911961687,"TOTAL_ASSETS":449693081.6,"TOTAL_LIABILITIES":341576928,"TAX_EBT":43.112498226699,"OCF_SALES":24.631188764296,"TOTAL_PARENT_EQUITY":108116153.6,"DEBT_ASSET_RATIO":75.9577903188,"OPERATE_PROFIT":14173913.6,"PRETAX_PROFIT":5763262.4,"NETCASH_OPERATE":45227996.8,"NETCASH_INVEST":-67332630.4,"NETCASH_FINANCE":16761617.6,"END_CASH":21548665.6,"DIVI_RATIO":null,"DIVIDEND_RATE":null,"CURRENT_RATIO":0.882811139819,"COMMON_ACS":200000000000,"CURRENTDEBT_DEBT":68.740964143808,"ISSUED_COMMON_SHARES":1060000000,"HK_COMMON_SHARES":1060000000,"PER_SHARES":10000,"TOTAL_MARKET_CAP":207760000,"HKSK_MARKET_CAP":207760000,"PE_TTM":37.467989179441,"PB_TTM":1.388176181313,"REPORT_DATE_SQ":"2020-12-31 00:00:00","REPORT_TYPE_SQ":"2020年年报","OPERATE_INCOME_SQ":120405860.04,"DPS_HKD":null,"OPERATE_INCOME_QOQ_SQ":12.715719945971,"NET_PROFIT_RATIO_SQ":-92.6492894639,"HOLDER_PROFIT_SQ":-111012316,"HOLDER_PROFIT_QOQ_SQ":12.676530345172,"ROE_AVG_SQ":-72.803543584153,"PE_TTM_SQ":48.3324140467,"PB_TTM_SQ":1.81749044172,"ROA_SQ":-18.942236232233,"START_DATE":"2021-01-01 00:00:00","FISCAL_YEAR":"12-31","CURRENCY":"HKD","IS_CNY_CODE":0,"DPS_HKD_LY":null,"ORG_TYPE":"一般企业","PREMIUM_INCOME":null,"PREMIUM_INCOME_YOY":null,"NET_INTEREST_INCOME":null,"NET_INTEREST_INCOME_YOY":null,"FEE_COMMISSION_INCOME":null,"FEE_COMMISSION_INCOME_YOY":null,"ACCOUNTS_RECE_TDAYS":2.809277743619,"INVENTORY_TDAYS":0.688556906911,"CURRENT_ASSETS_TDAYS":0.921990352642,"TOTAL_ASSETS_TDAYS":0.414696201199,"PREMIUM_EXPENSE":null,"LOAN_DEPOSIT":null,"LOAN_EQUITY":null,"LOAN_ASSETS":null,"DEPOSIT_EQUITY":null,"DEPOSIT_ASSETS":null,"EQUITY_MULTIPLIER":4.159351462532,"EQUITY_RATIO":3.159351462537},{"SECUCODE":"00936.HK","SECURITY_CODE":"00936","SECURITY_NAME_ABBR":"佳兆业资本","ORG_CODE":"10150869","STD_REPORT_DATE":"2021-06-30 00:00:00","REPORT_DATE":"2021-06-30 00:00:00","DATE_TYPE_CODE":"002","REPORT_TYPE":"2021年中报","PER_NETCASH_OPERATE":0.007900050113,"PER_OI":0.074395801811,"BPS":0.10271321117,"BASIC_EPS":0.003078696,"DILUTED_EPS":0.003078696,"OPERATE_INCOME":78859549.92,"OPERATE_INCOME_YOY":73.0399853935,"GROSS_PROFIT":45867577.92,"GROSS_PROFIT_YOY":47.645137909579,"HOLDER_PROFIT":3229302.48,"HOLDER_PROFIT_YOY":103.9875062931,"GROSS_PROFIT_RATIO":58.163631375694,"EPS_TTM":-0.017810199774,"OPERATE_INCOME_QOQ":23.944383695629,"NET_PROFIT_RATIO":3.601198641,"ROE_AVG":3.012543856926,"GROSS_PROFIT_QOQ":26.300290436697,"ROA":0.76945648338,"HOLDER_PROFIT_QOQ":82.993948383169,"ROE_YEARLY":6.025087713851,"ROIC_YEARLY":1.618946808566,"TOTAL_ASSETS":435270200.88,"TOTAL_LIABILITIES":326394197.04,"TAX_EBT":14.504008016032,"OCF_SALES":10.618946124465,"TOTAL_PARENT_EQUITY":108876003.84,"DEBT_ASSET_RATIO":74.9865707278,"OPERATE_PROFIT":7459597.2,"PRETAX_PROFIT":3321663.36,"NETCASH_OPERATE":8374053.12,"NETCASH_INVEST":-33429646.08,"NETCASH_FINANCE":16087434.72,"END_CASH":16182291.84,"DIVI_RATIO":null,"DIVIDEND_RATE":null,"CURRENT_RATIO":0.85594104751,"COMMON_ACS":200000000000,"CURRENTDEBT_DEBT":67.909540282922,"ISSUED_COMMON_SHARES":1060000000,"HK_COMMON_SHARES":1060000000,"PER_SHARES":10000,"TOTAL_MARKET_CAP":207760000,"HKSK_MARKET_CAP":207760000,"PE_TTM":37.467989179441,"PB_TTM":1.388176181313,"REPORT_DATE_SQ":"2020-06-30 00:00:00","REPORT_TYPE_SQ":"2020年中报","OPERATE_INCOME_SQ":50029108.8,"DPS_HKD":null,"OPERATE_INCOME_QOQ_SQ":-4.195343923102,"NET_PROFIT_RATIO_SQ":-178.8387803542,"HOLDER_PROFIT_SQ":-88904201.76,"HOLDER_PROFIT_QOQ_SQ":-341.110361352947,"ROE_AVG_SQ":-51.471498151703,"PE_TTM_SQ":48.3324140467,"PB_TTM_SQ":1.81749044172,"ROA_SQ":-13.927800220661,"START_DATE":"2021-01-01 00:00:00","FISCAL_YEAR":"12-31","CURRENCY":"HKD","IS_CNY_CODE":0,"DPS_HKD_LY":null,"ORG_TYPE":"一般企业","PREMIUM_INCOME":null,"PREMIUM_INCOME_YOY":null,"NET_INTEREST_INCOME":null,"NET_INTEREST_INCOME_YOY":null,"FEE_COMMISSION_INCOME":null,"FEE_COMMISSION_INCOME_YOY":null,"ACCOUNTS_RECE_TDAYS":1.554143469741,"INVENTORY_TDAYS":0.350658424204,"CURRENT_ASSETS_TDAYS":0.430492499517,"TOTAL_ASSETS_TDAYS":0.187901233589,"PREMIUM_EXPENSE":null,"LOAN_DEPOSIT":null,"LOAN_EQUITY":null,"LOAN_ASSETS":null,"DEPOSIT_EQUITY":null,"DEPOSIT_ASSETS":null,"EQUITY_MULTIPLIER":3.997852470039,"EQUITY_RATIO":2.997852470042},{"SECUCODE":"00936.HK","SECURITY_CODE":"00936","SECURITY_NAME_ABBR":"佳兆业资本","ORG_CODE":"10150869","STD_REPORT_DATE":"2020-12-31 00:00:00","REPORT_DATE":"2020-12-31 00:00:00","DATE_TYPE_CODE":"001","REPORT_TYPE":"2020年年报","PER_NETCASH_OPERATE":-0.054475546,"PER_OI":0.113590434,"BPS":0.100685552,"BASIC_EPS":-0.104700016,"DILUTED_EPS":-0.104700016,"OPERATE_INCOME":120405860.04,"OPERATE_INCOME_YOY":14.9333590417,"GROSS_PROFIT":56278783.52,"GROSS_PROFIT_YOY":16.797546964731,"HOLDER_PROFIT":-111012316,"HOLDER_PROFIT_YOY":-309.9710937743,"GROSS_PROFIT_RATIO":46.740900734652,"EPS_TTM":-0.1047286,"OPERATE_INCOME_QOQ":12.715719945971,"NET_PROFIT_RATIO":-92.6492894639,"ROE_AVG":-72.803543584153,"GROSS_PROFIT_QOQ":0.040847696123,"ROA":-18.942236232233,"HOLDER_PROFIT_QOQ":12.676530345172,"ROE_YEARLY":-72.803543584153,"ROIC_YEARLY":-24.383773606183,"TOTAL_ASSETS":408744990.92,"TOTAL_LIABILITIES":301624418.28,"TAX_EBT":-0.880154907264,"OCF_SALES":-47.95786412789,"TOTAL_PARENT_EQUITY":106726685.12,"DEBT_ASSET_RATIO":73.7928109164,"OPERATE_PROFIT":-37621308,"PRETAX_PROFIT":-52593241.96,"NETCASH_OPERATE":-55267132.24,"NETCASH_INVEST":97464436.92,"NETCASH_FINANCE":-111021574.04,"END_CASH":25209642.92,"DIVI_RATIO":null,"DIVIDEND_RATE":null,"CURRENT_RATIO":0.843297781485,"COMMON_ACS":200000000000,"CURRENTDEBT_DEBT":70.245858411673,"ISSUED_COMMON_SHARES":1060000000,"HK_COMMON_SHARES":1060000000,"PER_SHARES":10000,"TOTAL_MARKET_CAP":207760000,"HKSK_MARKET_CAP":207760000,"PE_TTM":37.467989179441,"PB_TTM":1.388176181313,"REPORT_DATE_SQ":"2019-12-31 00:00:00","REPORT_TYPE_SQ":"2019年年报","OPERATE_INCOME_SQ":111500423.94,"DPS_HKD":null,"OPERATE_INCOME_QOQ_SQ":-24.522878426073,"NET_PROFIT_RATIO_SQ":13.0952094028,"HOLDER_PROFIT_SQ":-28819929.94,"HOLDER_PROFIT_QOQ_SQ":-12.195027868659,"ROE_AVG_SQ":-12.681813523379,"PE_TTM_SQ":48.3324140467,"PB_TTM_SQ":1.81749044172,"ROA_SQ":-3.729016098645,"START_DATE":"2020-01-01 00:00:00","FISCAL_YEAR":"12-31","CURRENCY":"HKD","IS_CNY_CODE":0,"DPS_HKD_LY":null,"ORG_TYPE":"一般企业","PREMIUM_INCOME":null,"PREMIUM_INCOME_YOY":null,"NET_INTEREST_INCOME":null,"NET_INTEREST_INCOME_YOY":null,"FEE_COMMISSION_INCOME":null,"FEE_COMMISSION_INCOME_YOY":null,"ACCOUNTS_RECE_TDAYS":2.666387094971,"INVENTORY_TDAYS":1.280253385758,"CURRENT_ASSETS_TDAYS":0.326008857735,"TOTAL_ASSETS_TDAYS":0.205450739774,"PREMIUM_EXPENSE":null,"LOAN_DEPOSIT":null,"LOAN_EQUITY":null,"LOAN_ASSETS":null,"DEPOSIT_EQUITY":null,"DEPOSIT_ASSETS":null,"EQUITY_MULTIPLIER":3.815746880789,"EQUITY_RATIO":2.826138729418},{"SECUCODE":"00936.HK","SECURITY_CODE":"00936","SECURITY_NAME_ABBR":"佳兆业资本","ORG_CODE":"10150869","STD_REPORT_DATE":"2020-06-30 00:00:00","REPORT_DATE":"2020-06-30 00:00:00","DATE_TYPE_CODE":"002","REPORT_TYPE":"2020年中报","PER_NETCASH_OPERATE":-0.079723492075,"PER_OI":0.047197272453,"BPS":0.122925757132,"BASIC_EPS":-0.083853792,"DILUTED_EPS":-0.083853792,"OPERATE_INCOME":50029108.8,"OPERATE_INCOME_YOY":-11.9325947484,"GROSS_PROFIT":31066094.4,"GROSS_PROFIT_YOY":35.09821670087,"HOLDER_PROFIT":-88904201.76,"HOLDER_PROFIT_YOY":-1010.4677268475,"GROSS_PROFIT_RATIO":62.096037976995,"EPS_TTM":-0.119931789717,"OPERATE_INCOME_QOQ":-4.195343923102,"NET_PROFIT_RATIO":-178.8387803542,"ROE_AVG":-51.471498151703,"GROSS_PROFIT_QOQ":16.749857337782,"ROA":-13.927800220661,"HOLDER_PROFIT_QOQ":-341.110361352947,"ROE_YEARLY":-102.942996303406,"ROIC_YEARLY":-35.621995975877,"TOTAL_ASSETS":448151932.8,"TOTAL_LIABILITIES":317401217.76,"TAX_EBT":1.519925215525,"OCF_SALES":-168.91546467044,"TOTAL_PARENT_EQUITY":130301302.56,"DEBT_ASSET_RATIO":70.8244670009,"OPERATE_PROFIT":-15302860.32,"PRETAX_PROFIT":-26382887.52,"NETCASH_OPERATE":-84506901.6,"NETCASH_INVEST":118792872,"NETCASH_FINANCE":-35545604.16,"END_CASH":21789197.76,"DIVI_RATIO":null,"DIVIDEND_RATE":null,"CURRENT_RATIO":0.875383170674,"COMMON_ACS":200000000000,"CURRENTDEBT_DEBT":85.809502156965,"ISSUED_COMMON_SHARES":1060000000,"HK_COMMON_SHARES":1060000000,"PER_SHARES":10000,"TOTAL_MARKET_CAP":207760000,"HKSK_MARKET_CAP":207760000,"PE_TTM":37.467989179441,"PB_TTM":1.388176181313,"REPORT_DATE_SQ":"2019-06-30 00:00:00","REPORT_TYPE_SQ":"2019年中报","OPERATE_INCOME_SQ":54706935.06,"DPS_HKD":null,"OPERATE_INCOME_QOQ_SQ":-11.410420727287,"NET_PROFIT_RATIO_SQ":68.9833661633,"HOLDER_PROFIT_SQ":9403565.4,"HOLDER_PROFIT_QOQ_SQ":31.297417427934,"ROE_AVG_SQ":3.850080945341,"PE_TTM_SQ":48.3324140467,"PB_TTM_SQ":1.81749044172,"ROA_SQ":1.252472138646,"START_DATE":"2020-01-01 00:00:00","FISCAL_YEAR":"12-31","CURRENCY":"HKD","IS_CNY_CODE":0,"DPS_HKD_LY":null,"ORG_TYPE":"一般企业","PREMIUM_INCOME":null,"PREMIUM_INCOME_YOY":null,"NET_INTEREST_INCOME":null,"NET_INTEREST_INCOME_YOY":null,"FEE_COMMISSION_INCOME":null,"FEE_COMMISSION_INCOME_YOY":null,"ACCOUNTS_RECE_TDAYS":1.375387667466,"INVENTORY_TDAYS":0.382842179029,"CURRENT_ASSETS_TDAYS":0.118246744274,"TOTAL_ASSETS_TDAYS":0.078375984351,"PREMIUM_EXPENSE":null,"LOAN_DEPOSIT":null,"LOAN_EQUITY":null,"LOAN_ASSETS":null,"DEPOSIT_EQUITY":null,"DEPOSIT_ASSETS":null,"EQUITY_MULTIPLIER":3.427529498881,"EQUITY_RATIO":2.435902109373}],"count":33},"success":true,"message":"ok","code":0}