{"version":"4d97b079a7e20c0d7ff706e45af5a5a4","result":{"pages":7,"data":[{"SECUCODE":"00941.HK","SECURITY_CODE":"00941","SECURITY_NAME_ABBR":"中国移动","ORG_CODE":"10009175","STD_REPORT_DATE":"2024-09-30 00:00:00","REPORT_DATE":"2024-09-30 00:00:00","DATE_TYPE_CODE":"004","REPORT_TYPE":"2024年三季报","PER_NETCASH_OPERATE":10.436595592223,"PER_OI":36.863224698111,"BPS":63.201031049559,"BASIC_EPS":5.18,"DILUTED_EPS":5.15,"OPERATE_INCOME":791458000000,"OPERATE_INCOME_YOY":2.0498736397,"GROSS_PROFIT":473171000000,"GROSS_PROFIT_YOY":2.663958879827,"HOLDER_PROFIT":110881000000,"HOLDER_PROFIT_YOY":5.0944969954,"GROSS_PROFIT_RATIO":59.78472641631,"EPS_TTM":6.387527194524,"OPERATE_INCOME_QOQ":-0.012386207811,"NET_PROFIT_RATIO":14.0227276747,"ROE_AVG":8.206504825016,"GROSS_PROFIT_QOQ":-0.028685703046,"ROA":5.528432179094,"HOLDER_PROFIT_QOQ":0.991943679397,"ROE_YEARLY":10.942006433354,"ROIC_YEARLY":6.066289259488,"TOTAL_ASSETS":2018643000000,"TOTAL_LIABILITIES":653755000000,"TAX_EBT":22.131245307907,"OCF_SALES":28.311672887254,"TOTAL_PARENT_EQUITY":1360539000000,"DEBT_ASSET_RATIO":32.3858651579,"OPERATE_PROFIT":118904000000,"PRETAX_PROFIT":142527000000,"NETCASH_OPERATE":224075000000,"NETCASH_INVEST":-127014000000,"NETCASH_FINANCE":-117323000000,"END_CASH":121279000000,"DIVI_RATIO":0.711996342481,"DIVIDEND_RATE":6.191950464396,"CURRENT_RATIO":0.896364286942,"COMMON_ACS":null,"CURRENTDEBT_DEBT":87.207287133559,"ISSUED_COMMON_SHARES":21527164627,"HK_COMMON_SHARES":20624396760,"PER_SHARES":500,"TOTAL_MARKET_CAP":1738318543630.25,"HKSK_MARKET_CAP":1665420038370,"PE_TTM":11.333283793855,"PB_TTM":1.152189154049,"REPORT_DATE_SQ":"2023-09-30 00:00:00","REPORT_TYPE_SQ":"2023年三季报","OPERATE_INCOME_SQ":775560000000,"DPS_HKD":5,"OPERATE_INCOME_QOQ_SQ":1.883333813916,"NET_PROFIT_RATIO_SQ":13.6173861468,"HOLDER_PROFIT_SQ":105506000000,"HOLDER_PROFIT_QOQ_SQ":0.819141728267,"ROE_AVG_SQ":8.077258604184,"PE_TTM_SQ":9.887044236782,"PB_TTM_SQ":1.010583190833,"ROA_SQ":5.382939958888,"START_DATE":"2024-01-01 00:00:00","FISCAL_YEAR":"12-31","CURRENCY":"HKD","IS_CNY_CODE":0,"DPS_HKD_LY":5,"ORG_TYPE":"一般企业","PREMIUM_INCOME":null,"PREMIUM_INCOME_YOY":null,"NET_INTEREST_INCOME":null,"NET_INTEREST_INCOME_YOY":null,"FEE_COMMISSION_INCOME":null,"FEE_COMMISSION_INCOME_YOY":null,"ACCOUNTS_RECE_TDAYS":10.768941893611,"INVENTORY_TDAYS":26.088029179132,"CURRENT_ASSETS_TDAYS":1.568577631867,"TOTAL_ASSETS_TDAYS":0.394614214843,"PREMIUM_EXPENSE":null,"LOAN_DEPOSIT":null,"LOAN_EQUITY":null,"LOAN_ASSETS":null,"DEPOSIT_EQUITY":null,"DEPOSIT_ASSETS":null,"EQUITY_MULTIPLIER":1.478980692921,"EQUITY_RATIO":0.480511767763},{"SECUCODE":"00941.HK","SECURITY_CODE":"00941","SECURITY_NAME_ABBR":"中国移动","ORG_CODE":"10009175","STD_REPORT_DATE":"2024-06-30 00:00:00","REPORT_DATE":"2024-06-30 00:00:00","DATE_TYPE_CODE":"002","REPORT_TYPE":"2024年中报","PER_NETCASH_OPERATE":6.126929455766,"PER_OI":25.49808504048,"BPS":64.083869097639,"BASIC_EPS":3.75,"DILUTED_EPS":3.73,"OPERATE_INCOME":546744000000,"OPERATE_INCOME_YOY":3.019488656,"GROSS_PROFIT":190008000000,"GROSS_PROFIT_YOY":7.013601419279,"HOLDER_PROFIT":80201000000,"HOLDER_PROFIT_YOY":5.2879629265,"GROSS_PROFIT_RATIO":34.752644747816,"EPS_TTM":6.332921732999,"OPERATE_INCOME_QOQ":0.299725121543,"NET_PROFIT_RATIO":14.6790819835,"ROE_AVG":5.894367201269,"GROSS_PROFIT_QOQ":0.785387886457,"ROA":3.995800973728,"HOLDER_PROFIT_QOQ":1.864854322321,"ROE_YEARLY":11.788734402538,"ROIC_YEARLY":8.779474020826,"TOTAL_ASSETS":2021607000000,"TOTAL_LIABILITIES":637738000000,"TAX_EBT":22.193138081804,"OCF_SALES":24.028978827385,"TOTAL_PARENT_EQUITY":1379544000000,"DEBT_ASSET_RATIO":31.5460917973,"OPERATE_PROFIT":85734000000,"PRETAX_PROFIT":103149000000,"NETCASH_OPERATE":131377000000,"NETCASH_INVEST":-85482000000,"NETCASH_FINANCE":-55514000000,"END_CASH":132073000000,"DIVI_RATIO":0.718135513392,"DIVIDEND_RATE":6.6181336863,"CURRENT_RATIO":0.963785622141,"COMMON_ACS":null,"CURRENTDEBT_DEBT":86.909514565543,"ISSUED_COMMON_SHARES":21527164627,"HK_COMMON_SHARES":20624396760,"PER_SHARES":500,"TOTAL_MARKET_CAP":1626377287569.85,"HKSK_MARKET_CAP":1558173175218,"PE_TTM":10.60346242261,"PB_TTM":1.077992453107,"REPORT_DATE_SQ":"2023-06-30 00:00:00","REPORT_TYPE_SQ":"2023年中报","OPERATE_INCOME_SQ":530719000000,"DPS_HKD":5,"OPERATE_INCOME_QOQ_SQ":1.078293092949,"NET_PROFIT_RATIO_SQ":14.3652290572,"HOLDER_PROFIT_SQ":76173000000,"HOLDER_PROFIT_QOQ_SQ":2.7012869228,"ROE_AVG_SQ":5.79236809327,"PE_TTM_SQ":9.74830432504,"PB_TTM_SQ":0.996402185939,"ROA_SQ":3.879317588857,"START_DATE":"2024-01-01 00:00:00","FISCAL_YEAR":"12-31","CURRENCY":"HKD","IS_CNY_CODE":0,"DPS_HKD_LY":5,"ORG_TYPE":"一般企业","PREMIUM_INCOME":null,"PREMIUM_INCOME_YOY":null,"NET_INTEREST_INCOME":null,"NET_INTEREST_INCOME_YOY":null,"FEE_COMMISSION_INCOME":null,"FEE_COMMISSION_INCOME_YOY":null,"ACCOUNTS_RECE_TDAYS":7.74841982937,"INVENTORY_TDAYS":28.953494034575,"CURRENT_ASSETS_TDAYS":1.059286806867,"TOTAL_ASSETS_TDAYS":0.272400619391,"PREMIUM_EXPENSE":null,"LOAN_DEPOSIT":null,"LOAN_EQUITY":null,"LOAN_ASSETS":null,"DEPOSIT_EQUITY":null,"DEPOSIT_ASSETS":null,"EQUITY_MULTIPLIER":1.460836972286,"EQUITY_RATIO":0.462281739473},{"SECUCODE":"00941.HK","SECURITY_CODE":"00941","SECURITY_NAME_ABBR":"中国移动","ORG_CODE":"10009175","STD_REPORT_DATE":"2024-03-31 00:00:00","REPORT_DATE":"2024-03-31 00:00:00","DATE_TYPE_CODE":"003","REPORT_TYPE":"2024年一季报","PER_NETCASH_OPERATE":2.659130372678,"PER_OI":12.323058013282,"BPS":63.772587973715,"BASIC_EPS":1.38,"DILUTED_EPS":1.38,"OPERATE_INCOME":263707000000,"OPERATE_INCOME_YOY":5.1689757763,"GROSS_PROFIT":145421000000,"GROSS_PROFIT_YOY":5.590247019358,"HOLDER_PROFIT":29609000000,"HOLDER_PROFIT_YOY":5.4939965084,"GROSS_PROFIT_RATIO":55.144914621152,"EPS_TTM":6.229497956575,"OPERATE_INCOME_QOQ":1.284145885948,"NET_PROFIT_RATIO":11.2355758474,"ROE_AVG":2.181483289281,"GROSS_PROFIT_QOQ":1.288304855867,"ROA":1.471781940263,"HOLDER_PROFIT_QOQ":1.170256363554,"ROE_YEARLY":8.725933157124,"ROIC_YEARLY":6.513855748202,"TOTAL_ASSETS":2030901000000,"TOTAL_LIABILITIES":653771000000,"TAX_EBT":22.788867462344,"OCF_SALES":21.578494313765,"TOTAL_PARENT_EQUITY":1372843000000,"DEBT_ASSET_RATIO":32.1911801708,"OPERATE_PROFIT":29860000000,"PRETAX_PROFIT":38374000000,"NETCASH_OPERATE":56904000000,"NETCASH_INVEST":-20491000000,"NETCASH_FINANCE":-12064000000,"END_CASH":166026000000,"DIVI_RATIO":0.730058189553,"DIVIDEND_RATE":6.6181336863,"CURRENT_RATIO":0.985598586885,"COMMON_ACS":null,"CURRENTDEBT_DEBT":86.593776719983,"ISSUED_COMMON_SHARES":21527164627,"HK_COMMON_SHARES":20624396760,"PER_SHARES":500,"TOTAL_MARKET_CAP":1626377287569.85,"HKSK_MARKET_CAP":1558173175218,"PE_TTM":10.60346242261,"PB_TTM":1.077992453107,"REPORT_DATE_SQ":"2023-03-31 00:00:00","REPORT_TYPE_SQ":"2023年一季报","OPERATE_INCOME_SQ":250746000000,"DPS_HKD":5,"OPERATE_INCOME_QOQ_SQ":2.499415849834,"NET_PROFIT_RATIO_SQ":11.1997798569,"HOLDER_PROFIT_SQ":28067000000,"HOLDER_PROFIT_QOQ_SQ":1.947249699105,"ROE_AVG_SQ":2.140494600908,"PE_TTM_SQ":9.74830432504,"PB_TTM_SQ":0.996402185939,"ROA_SQ":1.428929626476,"START_DATE":"2024-01-01 00:00:00","FISCAL_YEAR":"12-31","CURRENCY":"HKD","IS_CNY_CODE":0,"DPS_HKD_LY":5,"ORG_TYPE":"一般企业","PREMIUM_INCOME":null,"PREMIUM_INCOME_YOY":null,"NET_INTEREST_INCOME":null,"NET_INTEREST_INCOME_YOY":null,"FEE_COMMISSION_INCOME":null,"FEE_COMMISSION_INCOME_YOY":null,"ACCOUNTS_RECE_TDAYS":3.658963668024,"INVENTORY_TDAYS":9.511196880151,"CURRENT_ASSETS_TDAYS":0.499409133434,"TOTAL_ASSETS_TDAYS":0.131081495532,"PREMIUM_EXPENSE":null,"LOAN_DEPOSIT":null,"LOAN_EQUITY":null,"LOAN_ASSETS":null,"DEPOSIT_EQUITY":null,"DEPOSIT_ASSETS":null,"EQUITY_MULTIPLIER":1.474734411421,"EQUITY_RATIO":0.476216872578},{"SECUCODE":"00941.HK","SECURITY_CODE":"00941","SECURITY_NAME_ABBR":"中国移动","ORG_CODE":"10009175","STD_REPORT_DATE":"2023-12-31 00:00:00","REPORT_DATE":"2023-12-31 00:00:00","DATE_TYPE_CODE":"001","REPORT_TYPE":"2023年年报","PER_NETCASH_OPERATE":14.201379072257,"PER_OI":47.184079630131,"BPS":62.327390682801,"BASIC_EPS":6.16,"DILUTED_EPS":6.15,"OPERATE_INCOME":1009309000000,"OPERATE_INCOME_YOY":7.6873094844,"GROSS_PROFIT":597607000000,"GROSS_PROFIT_YOY":6.651925458744,"HOLDER_PROFIT":131766000000,"HOLDER_PROFIT_YOY":5.0271403407,"GROSS_PROFIT_RATIO":59.209518591432,"EPS_TTM":6.159914789766,"OPERATE_INCOME_QOQ":2.019241265824,"NET_PROFIT_RATIO":13.071814479,"ROE_AVG":9.985752610758,"GROSS_PROFIT_QOQ":0.465504893769,"ROA":6.708730091047,"HOLDER_PROFIT_QOQ":-0.503650902721,"ROE_YEARLY":9.985752610758,"ROIC_YEARLY":7.491787041891,"TOTAL_ASSETS":1992657000000,"TOTAL_LIABILITIES":646672000000,"TAX_EBT":22.632835085703,"OCF_SALES":30.097819399213,"TOTAL_PARENT_EQUITY":1341732000000,"DEBT_ASSET_RATIO":32.4527502726,"OPERATE_PROFIT":134346000000,"PRETAX_PROFIT":170531000000,"NETCASH_OPERATE":303780000000,"NETCASH_INVEST":-205699000000,"NETCASH_FINANCE":-123843000000,"END_CASH":141559000000,"DIVI_RATIO":0.738305018043,"DIVIDEND_RATE":6.6181336863,"CURRENT_RATIO":0.891756554743,"COMMON_ACS":null,"CURRENTDEBT_DEBT":86.375318554074,"ISSUED_COMMON_SHARES":21527164627,"HK_COMMON_SHARES":20624396760,"PER_SHARES":500,"TOTAL_MARKET_CAP":1626377287569.85,"HKSK_MARKET_CAP":1558173175218,"PE_TTM":10.60346242261,"PB_TTM":1.077992453107,"REPORT_DATE_SQ":"2022-12-31 00:00:00","REPORT_TYPE_SQ":"2022年年报","OPERATE_INCOME_SQ":937259000000,"DPS_HKD":5,"OPERATE_INCOME_QOQ_SQ":1.532203463274,"NET_PROFIT_RATIO_SQ":13.4001380622,"HOLDER_PROFIT_SQ":125459000000,"HOLDER_PROFIT_QOQ_SQ":-1.587662668748,"ROE_AVG_SQ":10.021895612011,"PE_TTM_SQ":9.74830432504,"PB_TTM_SQ":0.996402185939,"ROA_SQ":6.643552258288,"START_DATE":"2023-01-01 00:00:00","FISCAL_YEAR":"12-31","CURRENCY":"HKD","IS_CNY_CODE":0,"DPS_HKD_LY":4.64,"ORG_TYPE":"一般企业","PREMIUM_INCOME":null,"PREMIUM_INCOME_YOY":null,"NET_INTEREST_INCOME":null,"NET_INTEREST_INCOME_YOY":null,"FEE_COMMISSION_INCOME":null,"FEE_COMMISSION_INCOME_YOY":null,"ACCOUNTS_RECE_TDAYS":20.26318008432,"INVENTORY_TDAYS":34.710564033387,"CURRENT_ASSETS_TDAYS":2.114898766338,"TOTAL_ASSETS_TDAYS":0.513879275341,"PREMIUM_EXPENSE":null,"LOAN_DEPOSIT":null,"LOAN_EQUITY":null,"LOAN_ASSETS":null,"DEPOSIT_EQUITY":null,"DEPOSIT_ASSETS":null,"EQUITY_MULTIPLIER":1.480445175837,"EQUITY_RATIO":0.481968083045},{"SECUCODE":"00941.HK","SECURITY_CODE":"00941","SECURITY_NAME_ABBR":"中国移动","ORG_CODE":"10009175","STD_REPORT_DATE":"2023-09-30 00:00:00","REPORT_DATE":"2023-09-30 00:00:00","DATE_TYPE_CODE":"004","REPORT_TYPE":"2023年三季报","PER_NETCASH_OPERATE":11.112829718933,"PER_OI":36.261943540485,"BPS":61.089001862818,"BASIC_EPS":4.94,"DILUTED_EPS":4.93,"OPERATE_INCOME":775560000000,"OPERATE_INCOME_YOY":7.1975032032,"GROSS_PROFIT":460893000000,"GROSS_PROFIT_YOY":8.092141213774,"HOLDER_PROFIT":105506000000,"HOLDER_PROFIT_YOY":7.0779036252,"GROSS_PROFIT_RATIO":59.427123626799,"EPS_TTM":6.192013472713,"OPERATE_INCOME_QOQ":1.883333813916,"NET_PROFIT_RATIO":13.6173861468,"ROE_AVG":8.077258604184,"GROSS_PROFIT_QOQ":2.495541521999,"ROA":5.382939958888,"HOLDER_PROFIT_QOQ":0.819141728267,"ROE_YEARLY":10.769678138912,"ROIC_YEARLY":6.093303089938,"TOTAL_ASSETS":1984476000000,"TOTAL_LIABILITIES":665247000000,"TAX_EBT":23.385903313795,"OCF_SALES":30.645984836763,"TOTAL_PARENT_EQUITY":1315073000000,"DEBT_ASSET_RATIO":33.522552049,"OPERATE_PROFIT":113457000000,"PRETAX_PROFIT":137848000000,"NETCASH_OPERATE":237678000000,"NETCASH_INVEST":-107698000000,"NETCASH_FINANCE":-120208000000,"END_CASH":177383000000,"DIVI_RATIO":0.73447773007,"DIVIDEND_RATE":6.6181336863,"CURRENT_RATIO":0.895311358385,"COMMON_ACS":null,"CURRENTDEBT_DEBT":85.999034944915,"ISSUED_COMMON_SHARES":21527164627,"HK_COMMON_SHARES":20624396760,"PER_SHARES":500,"TOTAL_MARKET_CAP":1626377287569.85,"HKSK_MARKET_CAP":1558173175218,"PE_TTM":10.60346242261,"PB_TTM":1.077992453107,"REPORT_DATE_SQ":"2022-09-30 00:00:00","REPORT_TYPE_SQ":"2022年三季报","OPERATE_INCOME_SQ":723487000000,"DPS_HKD":5,"OPERATE_INCOME_QOQ_SQ":2.392559439629,"NET_PROFIT_RATIO_SQ":13.6331406093,"HOLDER_PROFIT_SQ":98532000000,"HOLDER_PROFIT_QOQ_SQ":0.139821688072,"ROE_AVG_SQ":7.956035579786,"PE_TTM_SQ":9.74830432504,"PB_TTM_SQ":0.996402185939,"ROA_SQ":5.276040046328,"START_DATE":"2023-01-01 00:00:00","FISCAL_YEAR":"12-31","CURRENCY":"HKD","IS_CNY_CODE":0,"DPS_HKD_LY":4.64,"ORG_TYPE":"一般企业","PREMIUM_INCOME":null,"PREMIUM_INCOME_YOY":null,"NET_INTEREST_INCOME":null,"NET_INTEREST_INCOME_YOY":null,"FEE_COMMISSION_INCOME":null,"FEE_COMMISSION_INCOME_YOY":null,"ACCOUNTS_RECE_TDAYS":13.766441237553,"INVENTORY_TDAYS":24.654626655175,"CURRENT_ASSETS_TDAYS":1.601430541904,"TOTAL_ASSETS_TDAYS":0.395692464364,"PREMIUM_EXPENSE":null,"LOAN_DEPOSIT":null,"LOAN_EQUITY":null,"LOAN_ASSETS":null,"DEPOSIT_EQUITY":null,"DEPOSIT_ASSETS":null,"EQUITY_MULTIPLIER":1.504269539254,"EQUITY_RATIO":0.505863172615},{"SECUCODE":"00941.HK","SECURITY_CODE":"00941","SECURITY_NAME_ABBR":"中国移动","ORG_CODE":"10009175","STD_REPORT_DATE":"2023-06-30 00:00:00","REPORT_DATE":"2023-06-30 00:00:00","DATE_TYPE_CODE":"002","REPORT_TYPE":"2023年中报","PER_NETCASH_OPERATE":7.510145026952,"PER_OI":24.829631886367,"BPS":61.91098656478,"BASIC_EPS":3.56,"DILUTED_EPS":3.56,"OPERATE_INCOME":530719000000,"OPERATE_INCOME_YOY":6.7986895644,"GROSS_PROFIT":177555000000,"GROSS_PROFIT_YOY":-38.740339497654,"HOLDER_PROFIT":76173000000,"HOLDER_PROFIT_YOY":8.3927427962,"GROSS_PROFIT_RATIO":58.38513412936,"EPS_TTM":6.145523253732,"OPERATE_INCOME_QOQ":1.078293092949,"NET_PROFIT_RATIO":14.3652290572,"ROE_AVG":5.79236809327,"GROSS_PROFIT_QOQ":1.902121428145,"ROA":3.879317588857,"HOLDER_PROFIT_QOQ":2.7012869228,"ROE_YEARLY":11.584736186541,"ROIC_YEARLY":8.787140848271,"TOTAL_ASSETS":1991596000000,"TOTAL_LIABILITIES":654711000000,"TAX_EBT":22.73961774661,"OCF_SALES":30.24670305755,"TOTAL_PARENT_EQUITY":1332768000000,"DEBT_ASSET_RATIO":32.8736852253,"OPERATE_PROFIT":80287000000,"PRETAX_PROFIT":98678000000,"NETCASH_OPERATE":160525000000,"NETCASH_INVEST":-59255000000,"NETCASH_FINANCE":-63766000000,"END_CASH":204928000000,"DIVI_RATIO":0.740033974689,"DIVIDEND_RATE":6.6181336863,"CURRENT_RATIO":0.913231524798,"COMMON_ACS":null,"CURRENTDEBT_DEBT":85.214697782686,"ISSUED_COMMON_SHARES":21527164627,"HK_COMMON_SHARES":20624396760,"PER_SHARES":500,"TOTAL_MARKET_CAP":1626377287569.85,"HKSK_MARKET_CAP":1558173175218,"PE_TTM":10.60346242261,"PB_TTM":1.077992453107,"REPORT_DATE_SQ":"2022-06-30 00:00:00","REPORT_TYPE_SQ":"2022年中报","OPERATE_INCOME_SQ":496934000000,"DPS_HKD":5,"OPERATE_INCOME_QOQ_SQ":2.781283453552,"NET_PROFIT_RATIO_SQ":14.1541935146,"HOLDER_PROFIT_SQ":70275000000,"HOLDER_PROFIT_QOQ_SQ":8.145876516361,"ROE_AVG_SQ":5.644995453479,"PE_TTM_SQ":9.74830432504,"PB_TTM_SQ":0.996402185939,"ROA_SQ":3.746293688102,"START_DATE":"2023-01-01 00:00:00","FISCAL_YEAR":"12-31","CURRENCY":"HKD","IS_CNY_CODE":0,"DPS_HKD_LY":4.64,"ORG_TYPE":"一般企业","PREMIUM_INCOME":null,"PREMIUM_INCOME_YOY":null,"NET_INTEREST_INCOME":null,"NET_INTEREST_INCOME_YOY":null,"FEE_COMMISSION_INCOME":null,"FEE_COMMISSION_INCOME_YOY":null,"ACCOUNTS_RECE_TDAYS":9.468839765205,"INVENTORY_TDAYS":17.902808738297,"CURRENT_ASSETS_TDAYS":1.098942717047,"TOTAL_ASSETS_TDAYS":0.270283112315,"PREMIUM_EXPENSE":null,"LOAN_DEPOSIT":null,"LOAN_EQUITY":null,"LOAN_ASSETS":null,"DEPOSIT_EQUITY":null,"DEPOSIT_ASSETS":null,"EQUITY_MULTIPLIER":1.489728735082,"EQUITY_RATIO":0.491241536411},{"SECUCODE":"00941.HK","SECURITY_CODE":"00941","SECURITY_NAME_ABBR":"中国移动","ORG_CODE":"10009175","STD_REPORT_DATE":"2023-03-31 00:00:00","REPORT_DATE":"2023-03-31 00:00:00","DATE_TYPE_CODE":"003","REPORT_TYPE":"2023年一季报","PER_NETCASH_OPERATE":3.519553530079,"PER_OI":11.73477786654,"BPS":61.556179039853,"BASIC_EPS":1.31,"DILUTED_EPS":1.31,"OPERATE_INCOME":250746000000,"OPERATE_INCOME_YOY":10.3052964983,"GROSS_PROFIT":137722000000,"GROSS_PROFIT_YOY":7.148303172701,"HOLDER_PROFIT":28067000000,"HOLDER_PROFIT_YOY":9.5340305963,"GROSS_PROFIT_RATIO":54.924904086207,"EPS_TTM":5.985744772344,"OPERATE_INCOME_QOQ":2.499415849834,"NET_PROFIT_RATIO":11.1997798569,"ROE_AVG":2.140494600908,"GROSS_PROFIT_QOQ":1.639736300135,"ROA":1.428929626476,"HOLDER_PROFIT_QOQ":1.947249699105,"ROE_YEARLY":8.561978403632,"ROIC_YEARLY":6.469036864429,"TOTAL_ASSETS":1992857000000,"TOTAL_LIABILITIES":663636000000,"TAX_EBT":23.068704799474,"OCF_SALES":29.992502372919,"TOTAL_PARENT_EQUITY":1325130000000,"DEBT_ASSET_RATIO":33.3007335699,"OPERATE_PROFIT":27578000000,"PRETAX_PROFIT":36504000000,"NETCASH_OPERATE":75205000000,"NETCASH_INVEST":-33721000000,"NETCASH_FINANCE":-14719000000,"END_CASH":193648000000,"DIVI_RATIO":0.759787824735,"DIVIDEND_RATE":6.6181336863,"CURRENT_RATIO":0.889803908273,"COMMON_ACS":null,"CURRENTDEBT_DEBT":84.444032572073,"ISSUED_COMMON_SHARES":21527164627,"HK_COMMON_SHARES":20624396760,"PER_SHARES":500,"TOTAL_MARKET_CAP":1626377287569.85,"HKSK_MARKET_CAP":1558173175218,"PE_TTM":10.60346242261,"PB_TTM":1.077992453107,"REPORT_DATE_SQ":"2022-03-31 00:00:00","REPORT_TYPE_SQ":"2022年一季报","OPERATE_INCOME_SQ":227320000000,"DPS_HKD":5,"OPERATE_INCOME_QOQ_SQ":3.405921311676,"NET_PROFIT_RATIO_SQ":11.2862924512,"HOLDER_PROFIT_SQ":25624000000,"HOLDER_PROFIT_QOQ_SQ":1.350001721941,"ROE_AVG_SQ":2.059389070948,"PE_TTM_SQ":9.74830432504,"PB_TTM_SQ":0.996402185939,"ROA_SQ":1.376847162926,"START_DATE":"2023-01-01 00:00:00","FISCAL_YEAR":"12-31","CURRENCY":"HKD","IS_CNY_CODE":0,"DPS_HKD_LY":4.64,"ORG_TYPE":"一般企业","PREMIUM_INCOME":null,"PREMIUM_INCOME_YOY":null,"NET_INTEREST_INCOME":null,"NET_INTEREST_INCOME_YOY":null,"FEE_COMMISSION_INCOME":null,"FEE_COMMISSION_INCOME_YOY":null,"ACCOUNTS_RECE_TDAYS":4.475129838839,"INVENTORY_TDAYS":8.421429103644,"CURRENT_ASSETS_TDAYS":0.525112615678,"TOTAL_ASSETS_TDAYS":0.127658242107,"PREMIUM_EXPENSE":null,"LOAN_DEPOSIT":null,"LOAN_EQUITY":null,"LOAN_ASSETS":null,"DEPOSIT_EQUITY":null,"DEPOSIT_ASSETS":null,"EQUITY_MULTIPLIER":1.499266863824,"EQUITY_RATIO":0.500808222589},{"SECUCODE":"00941.HK","SECURITY_CODE":"00941","SECURITY_NAME_ABBR":"中国移动","ORG_CODE":"10009175","STD_REPORT_DATE":"2022-12-31 00:00:00","REPORT_DATE":"2022-12-31 00:00:00","DATE_TYPE_CODE":"001","REPORT_TYPE":"2022年年报","PER_NETCASH_OPERATE":13.14198739247,"PER_OI":43.873360503931,"BPS":60.265623572778,"BASIC_EPS":5.88,"DILUTED_EPS":5.88,"OPERATE_INCOME":937259000000,"OPERATE_INCOME_YOY":10.4922087384,"GROSS_PROFIT":560334000000,"GROSS_PROFIT_YOY":6.291957925887,"HOLDER_PROFIT":125459000000,"HOLDER_PROFIT_YOY":8.0164961945,"GROSS_PROFIT_RATIO":59.784328558061,"EPS_TTM":5.872771491618,"OPERATE_INCOME_QOQ":1.532203463274,"NET_PROFIT_RATIO":13.4001380622,"ROE_AVG":10.021895612011,"GROSS_PROFIT_QOQ":1.159389939196,"ROA":6.643552258288,"HOLDER_PROFIT_QOQ":-1.587662668748,"ROE_YEARLY":10.021895612011,"ROIC_YEARLY":7.810985835082,"TOTAL_ASSETS":1935538000000,"TOTAL_LIABILITIES":634115000000,"TAX_EBT":22.88791197996,"OCF_SALES":29.954366935927,"TOTAL_PARENT_EQUITY":1297348000000,"DEBT_ASSET_RATIO":32.761692098,"OPERATE_PROFIT":129099000000,"PRETAX_PROFIT":162872000000,"NETCASH_OPERATE":280750000000,"NETCASH_INVEST":-238053000000,"NETCASH_FINANCE":-120514000000,"END_CASH":167106000000,"DIVI_RATIO":0.774403704706,"DIVIDEND_RATE":6.6181336863,"CURRENT_RATIO":0.855689742133,"COMMON_ACS":null,"CURRENTDEBT_DEBT":84.107299149208,"ISSUED_COMMON_SHARES":21527164627,"HK_COMMON_SHARES":20624396760,"PER_SHARES":500,"TOTAL_MARKET_CAP":1626377287569.85,"HKSK_MARKET_CAP":1558173175218,"PE_TTM":10.60346242261,"PB_TTM":1.077992453107,"REPORT_DATE_SQ":"2021-12-31 00:00:00","REPORT_TYPE_SQ":"2021年年报","OPERATE_INCOME_SQ":848258000000,"DPS_HKD":5,"OPERATE_INCOME_QOQ_SQ":3.212736082078,"NET_PROFIT_RATIO_SQ":13.7111586333,"HOLDER_PROFIT_SQ":116148000000,"HOLDER_PROFIT_QOQ_SQ":4.45339760423,"ROE_AVG_SQ":9.862835025853,"PE_TTM_SQ":9.74830432504,"PB_TTM_SQ":0.996402185939,"ROA_SQ":6.508332798668,"START_DATE":"2022-01-01 00:00:00","FISCAL_YEAR":"12-31","CURRENCY":"HKD","IS_CNY_CODE":0,"DPS_HKD_LY":4.63,"ORG_TYPE":"一般企业","PREMIUM_INCOME":null,"PREMIUM_INCOME_YOY":null,"NET_INTEREST_INCOME":null,"NET_INTEREST_INCOME_YOY":null,"FEE_COMMISSION_INCOME":null,"FEE_COMMISSION_INCOME_YOY":null,"ACCOUNTS_RECE_TDAYS":23.970205365592,"INVENTORY_TDAYS":34.423946298918,"CURRENT_ASSETS_TDAYS":1.78229832031,"TOTAL_ASSETS_TDAYS":0.496315859847,"PREMIUM_EXPENSE":null,"LOAN_DEPOSIT":null,"LOAN_EQUITY":null,"LOAN_ASSETS":null,"DEPOSIT_EQUITY":null,"DEPOSIT_ASSETS":null,"EQUITY_MULTIPLIER":1.487247420708,"EQUITY_RATIO":0.488777876098},{"SECUCODE":"00941.HK","SECURITY_CODE":"00941","SECURITY_NAME_ABBR":"中国移动","ORG_CODE":"10009175","STD_REPORT_DATE":"2022-09-30 00:00:00","REPORT_DATE":"2022-09-30 00:00:00","DATE_TYPE_CODE":"004","REPORT_TYPE":"2022年三季报","PER_NETCASH_OPERATE":10.653646285403,"PER_OI":33.866632351258,"BPS":59.021335229927,"BASIC_EPS":4.62,"DILUTED_EPS":4.62,"OPERATE_INCOME":723487000000,"OPERATE_INCOME_YOY":11.5407859643,"GROSS_PROFIT":426389000000,"GROSS_PROFIT_YOY":6.692740002302,"HOLDER_PROFIT":98532000000,"HOLDER_PROFIT_YOY":12.9993004346,"GROSS_PROFIT_RATIO":58.935267668942,"EPS_TTM":5.967515507584,"OPERATE_INCOME_QOQ":2.392559439629,"NET_PROFIT_RATIO":13.6331406093,"ROE_AVG":7.956035579786,"GROSS_PROFIT_QOQ":1.719964888182,"ROA":5.276040046328,"HOLDER_PROFIT_QOQ":0.139821688072,"ROE_YEARLY":10.608047439715,"ROIC_YEARLY":6.359988846202,"TOTAL_ASSETS":1893747000000,"TOTAL_LIABILITIES":619128000000,"TAX_EBT":22.915087335391,"OCF_SALES":31.457648858929,"TOTAL_PARENT_EQUITY":1270562000000,"DEBT_ASSET_RATIO":32.6932795141,"OPERATE_PROFIT":102196000000,"PRETAX_PROFIT":127955000000,"NETCASH_OPERATE":227592000000,"NETCASH_INVEST":-148497000000,"NETCASH_FINANCE":-118630000000,"END_CASH":205294000000,"DIVI_RATIO":0.762108786181,"DIVIDEND_RATE":6.6181336863,"CURRENT_RATIO":0.982348563034,"COMMON_ACS":null,"CURRENTDEBT_DEBT":90.927401118993,"ISSUED_COMMON_SHARES":21527164627,"HK_COMMON_SHARES":20624396760,"PER_SHARES":500,"TOTAL_MARKET_CAP":1626377287569.85,"HKSK_MARKET_CAP":1558173175218,"PE_TTM":10.60346242261,"PB_TTM":1.077992453107,"REPORT_DATE_SQ":"2021-09-30 00:00:00","REPORT_TYPE_SQ":"2021年三季报","OPERATE_INCOME_SQ":648630000000,"DPS_HKD":5,"OPERATE_INCOME_QOQ_SQ":0,"NET_PROFIT_RATIO_SQ":13.4626828855,"HOLDER_PROFIT_SQ":87197000000,"HOLDER_PROFIT_QOQ_SQ":0,"ROE_AVG_SQ":null,"PE_TTM_SQ":9.74830432504,"PB_TTM_SQ":0.996402185939,"ROA_SQ":null,"START_DATE":"2022-01-01 00:00:00","FISCAL_YEAR":"12-31","CURRENCY":"HKD","IS_CNY_CODE":0,"DPS_HKD_LY":4.63,"ORG_TYPE":"一般企业","PREMIUM_INCOME":null,"PREMIUM_INCOME_YOY":null,"NET_INTEREST_INCOME":null,"NET_INTEREST_INCOME_YOY":null,"FEE_COMMISSION_INCOME":null,"FEE_COMMISSION_INCOME_YOY":null,"ACCOUNTS_RECE_TDAYS":14.82737631676,"INVENTORY_TDAYS":23.10428493662,"CURRENT_ASSETS_TDAYS":1.26000116685,"TOTAL_ASSETS_TDAYS":0.387401695388,"PREMIUM_EXPENSE":null,"LOAN_DEPOSIT":null,"LOAN_EQUITY":null,"LOAN_ASSETS":null,"DEPOSIT_EQUITY":null,"DEPOSIT_ASSETS":null,"EQUITY_MULTIPLIER":1.485735737503,"EQUITY_RATIO":0.487286728235}],"count":60},"success":true,"message":"ok","code":0}