{"version":"1e6d4e5b52102d6a9845111b4cf00ca4","result":{"pages":5,"data":[{"SECUCODE":"00943.HK","SECURITY_CODE":"00943","SECURITY_NAME_ABBR":"中证国际","ORG_CODE":"10009176","STD_REPORT_DATE":"2023-12-31 00:00:00","REPORT_DATE":"2024-06-30 00:00:00","DATE_TYPE_CODE":"001","REPORT_TYPE":"2023年年报","PER_NETCASH_OPERATE":-0.001503046952,"PER_OI":0.010568227713,"BPS":0.020856626799,"BASIC_EPS":-0.050745008,"DILUTED_EPS":null,"OPERATE_INCOME":135532067.32,"OPERATE_INCOME_YOY":-82.9880514601,"GROSS_PROFIT":20981600.52,"GROSS_PROFIT_YOY":-91.02945351449,"HOLDER_PROFIT":-638278194.6,"HOLDER_PROFIT_YOY":-1111.6228609452,"GROSS_PROFIT_RATIO":15.480912329376,"EPS_TTM":-0.041665688825,"OPERATE_INCOME_QOQ":-73.386508388317,"NET_PROFIT_RATIO":-584.5965292696,"ROE_AVG":-110.376768866063,"GROSS_PROFIT_QOQ":-73.418640950915,"ROA":-26.297537128827,"HOLDER_PROFIT_QOQ":-938.347603287481,"ROE_YEARLY":-110.376768866063,"ROIC_YEARLY":-25.679302925042,"TOTAL_ASSETS":2093418679.4,"TOTAL_LIABILITIES":1988415758.08,"TAX_EBT":2.718354777908,"OCF_SALES":-14.222317995407,"TOTAL_PARENT_EQUITY":267475476.88,"DEBT_ASSET_RATIO":94.9841413783,"OPERATE_PROFIT":-35338056.92,"PRETAX_PROFIT":-814455553.04,"NETCASH_OPERATE":-19275801.6,"NETCASH_INVEST":-1977777.56,"NETCASH_FINANCE":1766035.8,"END_CASH":18376811.8,"DIVI_RATIO":null,"DIVIDEND_RATE":null,"CURRENT_RATIO":0.778576540101,"COMMON_ACS":25000000000000,"CURRENTDEBT_DEBT":98.199119089934,"ISSUED_COMMON_SHARES":12824484010,"HK_COMMON_SHARES":12824484010,"PER_SHARES":8000,"TOTAL_MARKET_CAP":128244840.1,"HKSK_MARKET_CAP":128244840.1,"PE_TTM":-0.183378504315,"PB_TTM":0.437597128633,"REPORT_DATE_SQ":"2022-12-31 00:00:00","REPORT_TYPE_SQ":"2022年年报","OPERATE_INCOME_SQ":804805561.8,"DPS_HKD":null,"OPERATE_INCOME_QOQ_SQ":589.356748997879,"NET_PROFIT_RATIO_SQ":3.7247826236,"HOLDER_PROFIT_SQ":63737399.38,"HOLDER_PROFIT_QOQ_SQ":26.603654100555,"ROE_AVG_SQ":7.039540710471,"PE_TTM_SQ":2.040608758878,"PB_TTM_SQ":0.144815706435,"ROA_SQ":1.874270860078,"START_DATE":"2023-07-01 00:00:00","FISCAL_YEAR":"6-30","CURRENCY":"HKD","IS_CNY_CODE":0,"DPS_HKD_LY":null,"ORG_TYPE":"一般企业","PREMIUM_INCOME":null,"PREMIUM_INCOME_YOY":null,"NET_INTEREST_INCOME":null,"NET_INTEREST_INCOME_YOY":null,"FEE_COMMISSION_INCOME":null,"FEE_COMMISSION_INCOME_YOY":null,"ACCOUNTS_RECE_TDAYS":0.775964279276,"INVENTORY_TDAYS":0.09298772808,"CURRENT_ASSETS_TDAYS":0.079682854737,"TOTAL_ASSETS_TDAYS":0.055840221437,"PREMIUM_EXPENSE":null,"LOAN_DEPOSIT":null,"LOAN_EQUITY":null,"LOAN_ASSETS":null,"DEPOSIT_EQUITY":null,"DEPOSIT_ASSETS":null,"EQUITY_MULTIPLIER":19.936766073783,"EQUITY_RATIO":7.434011451345},{"SECUCODE":"00943.HK","SECURITY_CODE":"00943","SECURITY_NAME_ABBR":"中证国际","ORG_CODE":"10009176","STD_REPORT_DATE":"2023-06-30 00:00:00","REPORT_DATE":"2023-12-31 00:00:00","DATE_TYPE_CODE":"002","REPORT_TYPE":"2023年中报","PER_NETCASH_OPERATE":0.000996422796,"PER_OI":0.005940661265,"BPS":0.021868586721,"BASIC_EPS":-0.050929564,"DILUTED_EPS":null,"OPERATE_INCOME":76185915.4,"OPERATE_INCOME_YOY":-88.7377491038,"GROSS_PROFIT":5263325.76,"GROSS_PROFIT_YOY":-97.026123847848,"HOLDER_PROFIT":-629106986.2,"HOLDER_PROFIT_YOY":-1898.5317825887,"GROSS_PROFIT_RATIO":6.908528607113,"EPS_TTM":0.005944728593,"OPERATE_INCOME_QOQ":9.554024910391,"NET_PROFIT_RATIO":-1105.1028904484,"ROE_AVG":-108.165589752619,"GROSS_PROFIT_QOQ":19.654349671667,"ROA":-26.632880506716,"HOLDER_PROFIT_QOQ":135.137631001642,"ROE_YEARLY":-216.331179505238,"ROIC_YEARLY":-51.509795123149,"TOTAL_ASSETS":1982967042.28,"TOTAL_LIABILITIES":1930332878.46,"TAX_EBT":2.5277159071,"OCF_SALES":16.772927322469,"TOTAL_PARENT_EQUITY":280453340.72,"DEBT_ASSET_RATIO":97.3456864034,"OPERATE_PROFIT":-19412138.62,"PRETAX_PROFIT":-863766311.66,"NETCASH_OPERATE":12778608.22,"NETCASH_INVEST":-1812.44,"NETCASH_FINANCE":-3289578.6,"END_CASH":39733215.9,"DIVI_RATIO":null,"DIVIDEND_RATE":null,"CURRENT_RATIO":0.748288469009,"COMMON_ACS":25000000000000,"CURRENTDEBT_DEBT":98.245334828104,"ISSUED_COMMON_SHARES":12824484010,"HK_COMMON_SHARES":12824484010,"PER_SHARES":8000,"TOTAL_MARKET_CAP":128244840.1,"HKSK_MARKET_CAP":128244840.1,"PE_TTM":-0.183378504315,"PB_TTM":0.437597128633,"REPORT_DATE_SQ":"2022-06-30 00:00:00","REPORT_TYPE_SQ":"2022年中报","OPERATE_INCOME_SQ":666804616.52,"DPS_HKD":null,"OPERATE_INCOME_QOQ_SQ":0,"NET_PROFIT_RATIO_SQ":-6.3681886625,"HOLDER_PROFIT_SQ":-31028626.72,"HOLDER_PROFIT_QOQ_SQ":0,"ROE_AVG_SQ":-3.659313836517,"PE_TTM_SQ":1.855098871707,"PB_TTM_SQ":0.131650642214,"ROA_SQ":-0.894315704051,"START_DATE":"2023-07-01 00:00:00","FISCAL_YEAR":"6-30","CURRENCY":"HKD","IS_CNY_CODE":0,"DPS_HKD_LY":null,"ORG_TYPE":"一般企业","PREMIUM_INCOME":null,"PREMIUM_INCOME_YOY":null,"NET_INTEREST_INCOME":null,"NET_INTEREST_INCOME_YOY":null,"FEE_COMMISSION_INCOME":null,"FEE_COMMISSION_INCOME_YOY":null,"ACCOUNTS_RECE_TDAYS":0.391459323293,"INVENTORY_TDAYS":0.061954468667,"CURRENT_ASSETS_TDAYS":0.046351430626,"TOTAL_ASSETS_TDAYS":0.032252866772,"PREMIUM_EXPENSE":null,"LOAN_DEPOSIT":null,"LOAN_EQUITY":null,"LOAN_ASSETS":null,"DEPOSIT_EQUITY":null,"DEPOSIT_ASSETS":null,"EQUITY_MULTIPLIER":37.674523510746,"EQUITY_RATIO":6.882902066719},{"SECUCODE":"00943.HK","SECURITY_CODE":"00943","SECURITY_NAME_ABBR":"中证国际","ORG_CODE":"10009176","STD_REPORT_DATE":"2022-12-31 00:00:00","REPORT_DATE":"2023-06-30 00:00:00","DATE_TYPE_CODE":"001","REPORT_TYPE":"2022年年报","PER_NETCASH_OPERATE":-0.005808688891,"PER_OI":0.075063474216,"BPS":0.070032320731,"BASIC_EPS":0.005900672,"DILUTED_EPS":null,"OPERATE_INCOME":804805561.8,"OPERATE_INCOME_YOY":569.7176615007,"GROSS_PROFIT":233894340.26,"GROSS_PROFIT_YOY":868.49580514814,"HOLDER_PROFIT":63737399.38,"HOLDER_PROFIT_YOY":122.8700070796,"GROSS_PROFIT_RATIO":29.062217181611,"EPS_TTM":-0.01691841033,"OPERATE_INCOME_QOQ":589.356748997879,"NET_PROFIT_RATIO":3.7247826236,"ROE_AVG":7.039540710471,"GROSS_PROFIT_QOQ":709.411281583748,"ROA":1.874270860078,"HOLDER_PROFIT_QOQ":26.603654100555,"ROE_YEARLY":7.039540710471,"ROIC_YEARLY":1.888027625489,"TOTAL_ASSETS":2788995031.88,"TOTAL_LIABILITIES":1901556090.6,"TAX_EBT":83.723549641822,"OCF_SALES":-7.738369362248,"TOTAL_PARENT_EQUITY":898128377.4,"DEBT_ASSET_RATIO":68.1806912119,"OPERATE_PROFIT":373578920.16,"PRETAX_PROFIT":184175646.78,"NETCASH_OPERATE":-62278827.02,"NETCASH_INVEST":24828921.4,"NETCASH_FINANCE":-77031429,"END_CASH":38194865.46,"DIVI_RATIO":null,"DIVIDEND_RATE":null,"CURRENT_RATIO":1.034268275368,"COMMON_ACS":25000000000000,"CURRENTDEBT_DEBT":96.643490571984,"ISSUED_COMMON_SHARES":12824484010,"HK_COMMON_SHARES":12824484010,"PER_SHARES":8000,"TOTAL_MARKET_CAP":128244840.1,"HKSK_MARKET_CAP":128244840.1,"PE_TTM":-0.183378504315,"PB_TTM":0.437597128633,"REPORT_DATE_SQ":"2021-12-31 00:00:00","REPORT_TYPE_SQ":"2021年年报","OPERATE_INCOME_SQ":106565984,"DPS_HKD":null,"OPERATE_INCOME_QOQ_SQ":6.309371292816,"NET_PROFIT_RATIO_SQ":-247.7620070585,"HOLDER_PROFIT_SQ":-247142492.8,"HOLDER_PROFIT_QOQ_SQ":-91.189200788793,"ROE_AVG_SQ":-24.676379565524,"PE_TTM_SQ":1.855098871707,"PB_TTM_SQ":0.131650642214,"ROA_SQ":-7.536758083001,"START_DATE":"2022-07-01 00:00:00","FISCAL_YEAR":"6-30","CURRENCY":"HKD","IS_CNY_CODE":0,"DPS_HKD_LY":null,"ORG_TYPE":"一般企业","PREMIUM_INCOME":null,"PREMIUM_INCOME_YOY":null,"NET_INTEREST_INCOME":null,"NET_INTEREST_INCOME_YOY":null,"FEE_COMMISSION_INCOME":null,"FEE_COMMISSION_INCOME_YOY":null,"ACCOUNTS_RECE_TDAYS":3.126681256962,"INVENTORY_TDAYS":0.827984903743,"CURRENT_ASSETS_TDAYS":0.310449185912,"TOTAL_ASSETS_TDAYS":0.236662246528,"PREMIUM_EXPENSE":null,"LOAN_DEPOSIT":null,"LOAN_EQUITY":null,"LOAN_ASSETS":null,"DEPOSIT_EQUITY":null,"DEPOSIT_ASSETS":null,"EQUITY_MULTIPLIER":3.142745829771,"EQUITY_RATIO":2.117243078439},{"SECUCODE":"00943.HK","SECURITY_CODE":"00943","SECURITY_NAME_ABBR":"中证国际","ORG_CODE":"10009176","STD_REPORT_DATE":"2022-06-30 00:00:00","REPORT_DATE":"2022-12-31 00:00:00","DATE_TYPE_CODE":"002","REPORT_TYPE":"2022年中报","PER_NETCASH_OPERATE":0.001277794041,"PER_OI":0.06219225303,"BPS":0.063283743123,"BASIC_EPS":-0.002858464,"DILUTED_EPS":null,"OPERATE_INCOME":666804616.52,"OPERATE_INCOME_YOY":1502.877327092,"GROSS_PROFIT":176985371.64,"GROSS_PROFIT_YOY":3026.59635900126,"HOLDER_PROFIT":-31028626.72,"HOLDER_PROFIT_YOY":70.1344705437,"GROSS_PROFIT_RATIO":26.542313483622,"EPS_TTM":-0.023050752898,"OPERATE_INCOME_QOQ":0,"NET_PROFIT_RATIO":-6.3681886625,"ROE_AVG":-3.659313836517,"GROSS_PROFIT_QOQ":0,"ROA":-0.894315704051,"HOLDER_PROFIT_QOQ":0,"ROE_YEARLY":-7.318627673034,"ROIC_YEARLY":-1.821845573203,"TOTAL_ASSETS":3051712245.26,"TOTAL_LIABILITIES":2228688998.06,"TAX_EBT":154.821708644709,"OCF_SALES":2.054587153505,"TOTAL_PARENT_EQUITY":811581351.77,"DEBT_ASSET_RATIO":73.0307715454,"OPERATE_PROFIT":126399491.54,"PRETAX_PROFIT":77457228.24,"NETCASH_OPERATE":13700081.99,"NETCASH_INVEST":37718325.75,"NETCASH_FINANCE":-76555918.81,"END_CASH":93700449.92,"DIVI_RATIO":null,"DIVIDEND_RATE":null,"CURRENT_RATIO":0.959025307203,"COMMON_ACS":25000000000000,"CURRENTDEBT_DEBT":96.674239211729,"ISSUED_COMMON_SHARES":12824484010,"HK_COMMON_SHARES":12824484010,"PER_SHARES":8000,"TOTAL_MARKET_CAP":128244840.1,"HKSK_MARKET_CAP":128244840.1,"PE_TTM":-0.183378504315,"PB_TTM":0.437597128633,"REPORT_DATE_SQ":"2021-06-30 00:00:00","REPORT_TYPE_SQ":"2021年中报","OPERATE_INCOME_SQ":38750797.68,"DPS_HKD":null,"OPERATE_INCOME_QOQ_SQ":-23.006718921071,"NET_PROFIT_RATIO_SQ":-272.8844130467,"HOLDER_PROFIT_SQ":-96777560.64,"HOLDER_PROFIT_QOQ_SQ":-185.543514930022,"ROE_AVG_SQ":-8.848402223893,"PE_TTM_SQ":1.855098871707,"PB_TTM_SQ":0.131650642214,"ROA_SQ":-2.967747927695,"START_DATE":"2022-07-01 00:00:00","FISCAL_YEAR":"6-30","CURRENCY":"HKD","IS_CNY_CODE":0,"DPS_HKD_LY":null,"ORG_TYPE":"一般企业","PREMIUM_INCOME":null,"PREMIUM_INCOME_YOY":null,"NET_INTEREST_INCOME":null,"NET_INTEREST_INCOME_YOY":null,"FEE_COMMISSION_INCOME":null,"FEE_COMMISSION_INCOME_YOY":null,"ACCOUNTS_RECE_TDAYS":2.378421779588,"INVENTORY_TDAYS":0.681199326433,"CURRENT_ASSETS_TDAYS":0.254112958118,"TOTAL_ASSETS_TDAYS":0.192188280026,"PREMIUM_EXPENSE":null,"LOAN_DEPOSIT":null,"LOAN_EQUITY":null,"LOAN_ASSETS":null,"DEPOSIT_EQUITY":null,"DEPOSIT_ASSETS":null,"EQUITY_MULTIPLIER":3.707929582351,"EQUITY_RATIO":2.746106712777},{"SECUCODE":"00943.HK","SECURITY_CODE":"00943","SECURITY_NAME_ABBR":"中证国际","ORG_CODE":"10009176","STD_REPORT_DATE":"2021-12-31 00:00:00","REPORT_DATE":"2021-12-31 00:00:00","DATE_TYPE_CODE":"001","REPORT_TYPE":"2021年年报","PER_NETCASH_OPERATE":0.014896842077,"PER_OI":0.009939311272,"BPS":0.06795724735,"BASIC_EPS":-0.02305632,"DILUTED_EPS":null,"OPERATE_INCOME":106565984,"OPERATE_INCOME_YOY":-15.7422491144,"GROSS_PROFIT":24150268.8,"GROSS_PROFIT_YOY":-35.910171983529,"HOLDER_PROFIT":-247142492.8,"HOLDER_PROFIT_YOY":-461.9803673682,"GROSS_PROFIT_RATIO":22.662267914685,"EPS_TTM":-0.023050752898,"OPERATE_INCOME_QOQ":6.309371292816,"NET_PROFIT_RATIO":-247.7620070585,"ROE_AVG":-24.676379565524,"GROSS_PROFIT_QOQ":6.958311977783,"ROA":-7.536758083001,"HOLDER_PROFIT_QOQ":-91.189200788793,"ROE_YEARLY":-24.676379565524,"ROIC_YEARLY":-7.771121126866,"TOTAL_ASSETS":3525156464.06,"TOTAL_LIABILITIES":2656662273.23,"TAX_EBT":-0.004498358099,"OCF_SALES":149.878011354918,"TOTAL_PARENT_EQUITY":846592774.93,"DEBT_ASSET_RATIO":75.0519780617,"OPERATE_PROFIT":-41534897.6,"PRETAX_PROFIT":-54526561.6,"NETCASH_OPERATE":159718977.6,"NETCASH_INVEST":-183857800,"NETCASH_FINANCE":127635536,"END_CASH":283430851.2,"DIVI_RATIO":null,"DIVIDEND_RATE":null,"CURRENT_RATIO":1.095227831357,"COMMON_ACS":25000000000000,"CURRENTDEBT_DEBT":90.519478889058,"ISSUED_COMMON_SHARES":12824484010,"HK_COMMON_SHARES":12824484010,"PER_SHARES":8000,"TOTAL_MARKET_CAP":128244840.1,"HKSK_MARKET_CAP":128244840.1,"PE_TTM":-0.183378504315,"PB_TTM":0.437597128633,"REPORT_DATE_SQ":"2020-12-31 00:00:00","REPORT_TYPE_SQ":"2020年年报","OPERATE_INCOME_SQ":130194974.88,"DPS_HKD":null,"OPERATE_INCOME_QOQ_SQ":-16.87249427339,"NET_PROFIT_RATIO_SQ":-43.4359889328,"HOLDER_PROFIT_SQ":-45270132.32,"HOLDER_PROFIT_QOQ_SQ":59.792165156319,"ROE_AVG_SQ":-3.881194520089,"PE_TTM_SQ":1.855098871707,"PB_TTM_SQ":0.131650642214,"ROA_SQ":-1.957792515051,"START_DATE":"2021-01-01 00:00:00","FISCAL_YEAR":"12-31","CURRENCY":"HKD","IS_CNY_CODE":0,"DPS_HKD_LY":null,"ORG_TYPE":"一般企业","PREMIUM_INCOME":null,"PREMIUM_INCOME_YOY":null,"NET_INTEREST_INCOME":null,"NET_INTEREST_INCOME_YOY":null,"FEE_COMMISSION_INCOME":null,"FEE_COMMISSION_INCOME_YOY":null,"ACCOUNTS_RECE_TDAYS":0.407119118419,"INVENTORY_TDAYS":0.126200319,"CURRENT_ASSETS_TDAYS":0.044732924637,"TOTAL_ASSETS_TDAYS":0.032497933973,"PREMIUM_EXPENSE":null,"LOAN_DEPOSIT":null,"LOAN_EQUITY":null,"LOAN_ASSETS":null,"DEPOSIT_EQUITY":null,"DEPOSIT_ASSETS":null,"EQUITY_MULTIPLIER":4.008333816898,"EQUITY_RATIO":3.138063956959},{"SECUCODE":"00943.HK","SECURITY_CODE":"00943","SECURITY_NAME_ABBR":"中证国际","ORG_CODE":"10009176","STD_REPORT_DATE":"2021-06-30 00:00:00","REPORT_DATE":"2021-06-30 00:00:00","DATE_TYPE_CODE":"002","REPORT_TYPE":"2021年中报","PER_NETCASH_OPERATE":0.00510532099,"PER_OI":0.003614251244,"BPS":0.080772492996,"BASIC_EPS":-0.008986464,"DILUTED_EPS":null,"OPERATE_INCOME":38750797.68,"OPERATE_INCOME_YOY":-38.0828292229,"GROSS_PROFIT":5660640.24,"GROSS_PROFIT_YOY":-72.737417884276,"HOLDER_PROFIT":-96777560.64,"HOLDER_PROFIT_YOY":-731.1870220825,"GROSS_PROFIT_RATIO":14.607803139293,"EPS_TTM":-0.012056514072,"OPERATE_INCOME_QOQ":-23.006718921071,"NET_PROFIT_RATIO":-272.8844130467,"ROE_AVG":-8.848402223893,"GROSS_PROFIT_QOQ":-40.079619029718,"ROA":-2.967747927695,"HOLDER_PROFIT_QOQ":-185.543514930022,"ROE_YEARLY":-17.696804447785,"ROIC_YEARLY":-6.486911269982,"TOTAL_ASSETS":3468554602.8,"TOTAL_LIABILITIES":2408034527.52,"TAX_EBT":-0.002360680506,"OCF_SALES":141.255287625346,"TOTAL_PARENT_EQUITY":1035865544.88,"DEBT_ASSET_RATIO":69.4247259529,"OPERATE_PROFIT":-68175642.72,"PRETAX_PROFIT":-105742390.56,"NETCASH_OPERATE":54737550.72,"NETCASH_INVEST":-67673066.4,"NETCASH_FINANCE":209694144.96,"END_CASH":348350292,"DIVI_RATIO":null,"DIVIDEND_RATE":null,"CURRENT_RATIO":1.346867610309,"COMMON_ACS":25000000000000,"CURRENTDEBT_DEBT":72.039886744755,"ISSUED_COMMON_SHARES":12824484010,"HK_COMMON_SHARES":12824484010,"PER_SHARES":8000,"TOTAL_MARKET_CAP":128244840.1,"HKSK_MARKET_CAP":128244840.1,"PE_TTM":-0.183378504315,"PB_TTM":0.437597128633,"REPORT_DATE_SQ":"2020-06-30 00:00:00","REPORT_TYPE_SQ":"2020年中报","OPERATE_INCOME_SQ":68704389.6,"DPS_HKD":null,"OPERATE_INCOME_QOQ_SQ":-12.040656545742,"NET_PROFIT_RATIO_SQ":-24.4352855149,"HOLDER_PROFIT_SQ":-12781765.92,"HOLDER_PROFIT_QOQ_SQ":-78.321213409768,"ROE_AVG_SQ":-1.01474435955,"PE_TTM_SQ":1.855098871707,"PB_TTM_SQ":0.131650642214,"ROA_SQ":-0.541785806242,"START_DATE":"2021-01-01 00:00:00","FISCAL_YEAR":"12-31","CURRENCY":"HKD","IS_CNY_CODE":0,"DPS_HKD_LY":null,"ORG_TYPE":"一般企业","PREMIUM_INCOME":null,"PREMIUM_INCOME_YOY":null,"NET_INTEREST_INCOME":null,"NET_INTEREST_INCOME_YOY":null,"FEE_COMMISSION_INCOME":null,"FEE_COMMISSION_INCOME_YOY":null,"ACCOUNTS_RECE_TDAYS":0.158467825631,"INVENTORY_TDAYS":0.023510764682,"CURRENT_ASSETS_TDAYS":0.018358587511,"TOTAL_ASSETS_TDAYS":0.011883188494,"PREMIUM_EXPENSE":null,"LOAN_DEPOSIT":null,"LOAN_EQUITY":null,"LOAN_ASSETS":null,"DEPOSIT_EQUITY":null,"DEPOSIT_ASSETS":null,"EQUITY_MULTIPLIER":3.270616637678,"EQUITY_RATIO":2.324659353159},{"SECUCODE":"00943.HK","SECURITY_CODE":"00943","SECURITY_NAME_ABBR":"中证国际","ORG_CODE":"10009176","STD_REPORT_DATE":"2020-12-31 00:00:00","REPORT_DATE":"2020-12-31 00:00:00","DATE_TYPE_CODE":"001","REPORT_TYPE":"2020年年报","PER_NETCASH_OPERATE":-0.003515341697,"PER_OI":0.01214316551,"BPS":0.09082812748,"BASIC_EPS":-0.0042082,"DILUTED_EPS":null,"OPERATE_INCOME":130194974.88,"OPERATE_INCOME_YOY":-22.1781191989,"GROSS_PROFIT":37681906.08,"GROSS_PROFIT_YOY":-44.231701627867,"HOLDER_PROFIT":-45270132.32,"HOLDER_PROFIT_YOY":23.6887280982,"GROSS_PROFIT_RATIO":28.942673182841,"EPS_TTM":-0.004222303587,"OPERATE_INCOME_QOQ":-16.87249427339,"NET_PROFIT_RATIO":-43.4359889328,"ROE_AVG":-3.881194520089,"GROSS_PROFIT_QOQ":-34.150946083878,"ROA":-1.957792515051,"HOLDER_PROFIT_QOQ":59.792165156319,"ROE_YEARLY":-3.881194520089,"ROIC_YEARLY":-2.105425498477,"TOTAL_ASSETS":3127287639.48,"TOTAL_LIABILITIES":1928040694.96,"TAX_EBT":1.189688386935,"OCF_SALES":-28.949137641248,"TOTAL_PARENT_EQUITY":1164823868.52,"DEBT_ASSET_RATIO":61.1703137974,"OPERATE_PROFIT":-49804047,"PRETAX_PROFIT":-57232361.64,"NETCASH_OPERATE":-37690322.48,"NETCASH_INVEST":-73295061.04,"NETCASH_FINANCE":87990937.08,"END_CASH":149050235.8,"DIVI_RATIO":null,"DIVIDEND_RATE":null,"CURRENT_RATIO":1.256565161299,"COMMON_ACS":25000000000000,"CURRENTDEBT_DEBT":80.715239211913,"ISSUED_COMMON_SHARES":12824484010,"HK_COMMON_SHARES":12824484010,"PER_SHARES":8000,"TOTAL_MARKET_CAP":128244840.1,"HKSK_MARKET_CAP":128244840.1,"PE_TTM":-0.183378504315,"PB_TTM":0.437597128633,"REPORT_DATE_SQ":"2019-12-31 00:00:00","REPORT_TYPE_SQ":"2019年年报","OPERATE_INCOME_SQ":178060461.06,"DPS_HKD":null,"OPERATE_INCOME_QOQ_SQ":-29.03674521007,"NET_PROFIT_RATIO_SQ":-36.1802421809,"HOLDER_PROFIT_SQ":-63139053.3,"HOLDER_PROFIT_QOQ_SQ":-951.292808633522,"ROE_AVG_SQ":-5.41682501123,"PE_TTM_SQ":1.855098871707,"PB_TTM_SQ":0.131650642214,"ROA_SQ":-4.393551511797,"START_DATE":"2020-01-01 00:00:00","FISCAL_YEAR":"12-31","CURRENCY":"HKD","IS_CNY_CODE":0,"DPS_HKD_LY":null,"ORG_TYPE":"一般企业","PREMIUM_INCOME":null,"PREMIUM_INCOME_YOY":null,"NET_INTEREST_INCOME":null,"NET_INTEREST_INCOME_YOY":null,"FEE_COMMISSION_INCOME":null,"FEE_COMMISSION_INCOME_YOY":null,"ACCOUNTS_RECE_TDAYS":0.681964264459,"INVENTORY_TDAYS":0.136652680653,"CURRENT_ASSETS_TDAYS":0.114219514383,"TOTAL_ASSETS_TDAYS":0.056305279939,"PREMIUM_EXPENSE":null,"LOAN_DEPOSIT":null,"LOAN_EQUITY":null,"LOAN_ASSETS":null,"DEPOSIT_EQUITY":null,"DEPOSIT_ASSETS":null,"EQUITY_MULTIPLIER":2.575349166569,"EQUITY_RATIO":1.655220799527},{"SECUCODE":"00943.HK","SECURITY_CODE":"00943","SECURITY_NAME_ABBR":"中证国际","ORG_CODE":"10009176","STD_REPORT_DATE":"2020-06-30 00:00:00","REPORT_DATE":"2020-06-30 00:00:00","DATE_TYPE_CODE":"002","REPORT_TYPE":"2020年中报","PER_NETCASH_OPERATE":-0.010229789479,"PER_OI":0.0064079952,"BPS":0.097594574115,"BASIC_EPS":-0.001187472,"DILUTED_EPS":null,"OPERATE_INCOME":68704389.6,"OPERATE_INCOME_YOY":-26.6023263984,"GROSS_PROFIT":20763404.64,"GROSS_PROFIT_YOY":-33.252558641114,"HOLDER_PROFIT":-12781765.92,"HOLDER_PROFIT_YOY":-133.5676246222,"GROSS_PROFIT_RATIO":30.221365419132,"EPS_TTM":-0.010501196105,"OPERATE_INCOME_QOQ":-12.040656545742,"NET_PROFIT_RATIO":-24.4352855149,"ROE_AVG":-1.01474435955,"GROSS_PROFIT_QOQ":-15.308884402241,"ROA":-0.541785806242,"HOLDER_PROFIT_QOQ":-78.321213409768,"ROE_YEARLY":-2.0294887191,"ROIC_YEARLY":-1.212893176685,"TOTAL_ASSETS":3051206563.68,"TOTAL_LIABILITIES":1757241161.28,"TAX_EBT":null,"OCF_SALES":-159.641029050057,"TOTAL_PARENT_EQUITY":1251600055.2,"DEBT_ASSET_RATIO":57.5916813433,"OPERATE_PROFIT":-23221471.68,"PRETAX_PROFIT":-16788113.76,"NETCASH_OPERATE":-109680394.56,"NETCASH_INVEST":24943306.08,"NETCASH_FINANCE":241793048.64,"END_CASH":307902355.2,"DIVI_RATIO":null,"DIVIDEND_RATE":null,"CURRENT_RATIO":1.297663433546,"COMMON_ACS":25000000000000,"CURRENTDEBT_DEBT":79.76199758598,"ISSUED_COMMON_SHARES":12824484010,"HK_COMMON_SHARES":12824484010,"PER_SHARES":8000,"TOTAL_MARKET_CAP":128244840.1,"HKSK_MARKET_CAP":128244840.1,"PE_TTM":-0.183378504315,"PB_TTM":0.437597128633,"REPORT_DATE_SQ":"2019-06-30 00:00:00","REPORT_TYPE_SQ":"2019年中报","OPERATE_INCOME_SQ":90144038.16,"DPS_HKD":null,"OPERATE_INCOME_QOQ_SQ":-4.260838007874,"NET_PROFIT_RATIO_SQ":39.7849252508,"HOLDER_PROFIT_SQ":36669506.76,"HOLDER_PROFIT_QOQ_SQ":-84.716745294358,"ROE_AVG_SQ":3.052933081693,"PE_TTM_SQ":1.855098871707,"PB_TTM_SQ":0.131650642214,"ROA_SQ":2.520621466279,"START_DATE":"2020-01-01 00:00:00","FISCAL_YEAR":"12-31","CURRENCY":"HKD","IS_CNY_CODE":0,"DPS_HKD_LY":null,"ORG_TYPE":"一般企业","PREMIUM_INCOME":null,"PREMIUM_INCOME_YOY":null,"NET_INTEREST_INCOME":null,"NET_INTEREST_INCOME_YOY":null,"FEE_COMMISSION_INCOME":null,"FEE_COMMISSION_INCOME_YOY":null,"ACCOUNTS_RECE_TDAYS":0.379499987386,"INVENTORY_TDAYS":0.077416252486,"CURRENT_ASSETS_TDAYS":0.061794475755,"TOTAL_ASSETS_TDAYS":0.029122003442,"PREMIUM_EXPENSE":null,"LOAN_DEPOSIT":null,"LOAN_EQUITY":null,"LOAN_ASSETS":null,"DEPOSIT_EQUITY":null,"DEPOSIT_ASSETS":null,"EQUITY_MULTIPLIER":2.358027933376,"EQUITY_RATIO":1.40399575246},{"SECUCODE":"00943.HK","SECURITY_CODE":"00943","SECURITY_NAME_ABBR":"中证国际","ORG_CODE":"10009176","STD_REPORT_DATE":"2019-12-31 00:00:00","REPORT_DATE":"2019-12-31 00:00:00","DATE_TYPE_CODE":"001","REPORT_TYPE":"2019年年报","PER_NETCASH_OPERATE":0.004554232897,"PER_OI":0.016607535363,"BPS":0.096931905737,"BASIC_EPS":-0.005912148,"DILUTED_EPS":null,"OPERATE_INCOME":178060461.06,"OPERATE_INCOME_YOY":-23.4634118168,"GROSS_PROFIT":67568685.4,"GROSS_PROFIT_YOY":-7.570720813464,"HOLDER_PROFIT":-63139053.3,"HOLDER_PROFIT_YOY":-227.2614017983,"GROSS_PROFIT_RATIO":37.947046187436,"EPS_TTM":-0.005888921405,"OPERATE_INCOME_QOQ":-29.03674521007,"NET_PROFIT_RATIO":-36.1802421809,"ROE_AVG":-5.41682501123,"GROSS_PROFIT_QOQ":-33.142569736737,"ROA":-4.393551511797,"HOLDER_PROFIT_QOQ":-951.292808633522,"ROE_YEARLY":-5.41682501123,"ROIC_YEARLY":-4.667664412908,"TOTAL_ASSETS":1634944512.14,"TOTAL_LIABILITIES":391442423.3,"TAX_EBT":-2.104888255721,"OCF_SALES":27.422689747808,"TOTAL_PARENT_EQUITY":1243101675.18,"DEBT_ASSET_RATIO":23.9422451584,"OPERATE_PROFIT":-2204514.58,"PRETAX_PROFIT":-50302525.9,"NETCASH_OPERATE":48828967.8,"NETCASH_INVEST":-204723352.76,"NETCASH_FINANCE":280030681.58,"END_CASH":149462684.56,"DIVI_RATIO":null,"DIVIDEND_RATE":null,"CURRENT_RATIO":1.322837630512,"COMMON_ACS":25000000000000,"CURRENTDEBT_DEBT":76.667620170029,"ISSUED_COMMON_SHARES":12824484010,"HK_COMMON_SHARES":12824484010,"PER_SHARES":8000,"TOTAL_MARKET_CAP":128244840.1,"HKSK_MARKET_CAP":128244840.1,"PE_TTM":-0.183378504315,"PB_TTM":0.437597128633,"REPORT_DATE_SQ":"2018-12-31 00:00:00","REPORT_TYPE_SQ":"2018年年报","OPERATE_INCOME_SQ":227562283,"DPS_HKD":null,"OPERATE_INCOME_QOQ_SQ":36.512032553678,"NET_PROFIT_RATIO_SQ":18.3670603811,"HOLDER_PROFIT_SQ":48529213.2,"HOLDER_PROFIT_QOQ_SQ":0.964758436788,"ROE_AVG_SQ":5.313929708874,"PE_TTM_SQ":1.855098871707,"PB_TTM_SQ":0.131650642214,"ROA_SQ":4.603974716626,"START_DATE":"2019-01-01 00:00:00","FISCAL_YEAR":"12-31","CURRENCY":"HKD","IS_CNY_CODE":0,"DPS_HKD_LY":null,"ORG_TYPE":"一般企业","PREMIUM_INCOME":null,"PREMIUM_INCOME_YOY":null,"NET_INTEREST_INCOME":null,"NET_INTEREST_INCOME_YOY":null,"FEE_COMMISSION_INCOME":null,"FEE_COMMISSION_INCOME_YOY":null,"ACCOUNTS_RECE_TDAYS":1.382955260952,"INVENTORY_TDAYS":3.455243217502,"CURRENT_ASSETS_TDAYS":0.500813790601,"TOTAL_ASSETS_TDAYS":0.123903949615,"PREMIUM_EXPENSE":null,"LOAN_DEPOSIT":null,"LOAN_EQUITY":null,"LOAN_ASSETS":null,"DEPOSIT_EQUITY":null,"DEPOSIT_ASSETS":null,"EQUITY_MULTIPLIER":1.314790322279,"EQUITY_RATIO":0.314891718928}],"count":44},"success":true,"message":"ok","code":0}