{"version":"175e7db09457c7c2899cb99be9a5c316","result":{"pages":4,"data":[{"SECUCODE":"00947.HK","SECURITY_CODE":"00947","SECURITY_NAME_ABBR":"摩比发展","ORG_CODE":"10135514","STD_REPORT_DATE":"2024-06-30 00:00:00","REPORT_DATE":"2024-06-30 00:00:00","DATE_TYPE_CODE":"002","REPORT_TYPE":"2024年中报","PER_NETCASH_OPERATE":-0.09319850645,"PER_OI":0.309993647441,"BPS":0.588299727422,"BASIC_EPS":-0.0392,"DILUTED_EPS":-0.0392,"OPERATE_INCOME":249805000,"OPERATE_INCOME_YOY":-27.7471025664,"GROSS_PROFIT":46467000,"GROSS_PROFIT_YOY":-33.198677400805,"HOLDER_PROFIT":-31578000,"HOLDER_PROFIT_YOY":-810.0288184438,"GROSS_PROFIT_RATIO":18.601309021036,"EPS_TTM":-0.108338005254,"OPERATE_INCOME_QOQ":-14.969517000105,"NET_PROFIT_RATIO":-12.6410600268,"ROE_AVG":-6.462856178016,"GROSS_PROFIT_QOQ":-23.977531123132,"ROA":-2.643394172361,"HOLDER_PROFIT_QOQ":-47.483740180759,"ROE_YEARLY":-12.925712356032,"ROIC_YEARLY":-6.310605156019,"TOTAL_ASSETS":1141471000,"TOTAL_LIABILITIES":668808000,"TAX_EBT":-0.04752399962,"OCF_SALES":-30.064650427333,"TOTAL_PARENT_EQUITY":472663000,"DEBT_ASSET_RATIO":58.5917644864,"OPERATE_PROFIT":-29481000,"PRETAX_PROFIT":-31563000,"NETCASH_OPERATE":-75103000,"NETCASH_INVEST":62314000,"NETCASH_FINANCE":1168000,"END_CASH":188944000,"DIVI_RATIO":null,"DIVIDEND_RATE":null,"CURRENT_RATIO":1.198605488753,"COMMON_ACS":2000000000,"CURRENTDEBT_DEBT":99.800540663389,"ISSUED_COMMON_SHARES":803439094,"HK_COMMON_SHARES":803439094,"PER_SHARES":1000,"TOTAL_MARKET_CAP":109267716.784,"HKSK_MARKET_CAP":109267716.784,"PE_TTM":-1.136354708107,"PB_TTM":0.210988505033,"REPORT_DATE_SQ":"2023-06-30 00:00:00","REPORT_TYPE_SQ":"2023年中报","OPERATE_INCOME_SQ":345737000,"DPS_HKD":null,"OPERATE_INCOME_QOQ_SQ":3.26288209607,"NET_PROFIT_RATIO_SQ":-1.0036530658,"HOLDER_PROFIT_SQ":-3470000,"HOLDER_PROFIT_QOQ_SQ":21.576333668464,"ROE_AVG_SQ":-0.616319136088,"PE_TTM_SQ":-0.745280811085,"PB_TTM_SQ":0.243662774765,"ROA_SQ":-0.261006461978,"START_DATE":"2024-01-01 00:00:00","FISCAL_YEAR":"12-31","CURRENCY":"HKD","IS_CNY_CODE":0,"DPS_HKD_LY":null,"ORG_TYPE":"一般企业","PREMIUM_INCOME":null,"PREMIUM_INCOME_YOY":null,"NET_INTEREST_INCOME":null,"NET_INTEREST_INCOME_YOY":null,"FEE_COMMISSION_INCOME":null,"FEE_COMMISSION_INCOME_YOY":null,"ACCOUNTS_RECE_TDAYS":0.76624715117,"INVENTORY_TDAYS":1.373849708796,"CURRENT_ASSETS_TDAYS":0.294918367805,"TOTAL_ASSETS_TDAYS":0.209111749074,"PREMIUM_EXPENSE":null,"LOAN_DEPOSIT":null,"LOAN_EQUITY":null,"LOAN_ASSETS":null,"DEPOSIT_EQUITY":null,"DEPOSIT_ASSETS":null,"EQUITY_MULTIPLIER":2.414978536508,"EQUITY_RATIO":1.414978536505},{"SECUCODE":"00947.HK","SECURITY_CODE":"00947","SECURITY_NAME_ABBR":"摩比发展","ORG_CODE":"10135514","STD_REPORT_DATE":"2023-12-31 00:00:00","REPORT_DATE":"2023-12-31 00:00:00","DATE_TYPE_CODE":"001","REPORT_TYPE":"2023年年报","PER_NETCASH_OPERATE":0.021074638657,"PER_OI":0.791935094898,"BPS":0.627990352683,"BASIC_EPS":-0.0728,"DILUTED_EPS":-0.0728,"OPERATE_INCOME":640849000,"OPERATE_INCOME_YOY":-6.7177583697,"GROSS_PROFIT":96311000,"GROSS_PROFIT_YOY":-9.854923249719,"HOLDER_PROFIT":-59195000,"HOLDER_PROFIT_YOY":74.236271604,"GROSS_PROFIT_RATIO":15.028657296805,"EPS_TTM":-0.073150770217,"OPERATE_INCOME_QOQ":-9.66527397183,"NET_PROFIT_RATIO":-9.2369653382,"ROE_AVG":-11.069182625151,"GROSS_PROFIT_QOQ":-26.511006829194,"ROA":-4.628292121504,"HOLDER_PROFIT_QOQ":67.148018447502,"ROE_YEARLY":-11.069182625151,"ROIC_YEARLY":-5.418271919539,"TOTAL_ASSETS":1247730000,"TOTAL_LIABILITIES":743178000,"TAX_EBT":-12.099003901072,"OCF_SALES":2.661157308508,"TOTAL_PARENT_EQUITY":504552000,"DEBT_ASSET_RATIO":59.5624053281,"OPERATE_PROFIT":-49486000,"PRETAX_PROFIT":-52806000,"NETCASH_OPERATE":17054000,"NETCASH_INVEST":-45487000,"NETCASH_FINANCE":47905000,"END_CASH":198674000,"DIVI_RATIO":null,"DIVIDEND_RATE":null,"CURRENT_RATIO":1.206552456631,"COMMON_ACS":2000000000,"CURRENTDEBT_DEBT":99.703435785236,"ISSUED_COMMON_SHARES":803439094,"HK_COMMON_SHARES":803439094,"PER_SHARES":1000,"TOTAL_MARKET_CAP":114088351.348,"HKSK_MARKET_CAP":114088351.348,"PE_TTM":-1.186488004053,"PB_TTM":0.220296821432,"REPORT_DATE_SQ":"2022-12-31 00:00:00","REPORT_TYPE_SQ":"2022年年报","OPERATE_INCOME_SQ":687000000,"DPS_HKD":null,"OPERATE_INCOME_QOQ_SQ":-4.779461193126,"NET_PROFIT_RATIO_SQ":-33.4441048035,"HOLDER_PROFIT_SQ":-229761000,"HOLDER_PROFIT_QOQ_SQ":29.341050346128,"ROE_AVG_SQ":-33.772514237796,"PE_TTM_SQ":-0.772811376057,"PB_TTM_SQ":0.252663642294,"ROA_SQ":-16.016068976983,"START_DATE":"2023-01-01 00:00:00","FISCAL_YEAR":"12-31","CURRENCY":"HKD","IS_CNY_CODE":0,"DPS_HKD_LY":null,"ORG_TYPE":"一般企业","PREMIUM_INCOME":null,"PREMIUM_INCOME_YOY":null,"NET_INTEREST_INCOME":null,"NET_INTEREST_INCOME_YOY":null,"FEE_COMMISSION_INCOME":null,"FEE_COMMISSION_INCOME_YOY":null,"ACCOUNTS_RECE_TDAYS":1.588388892538,"INVENTORY_TDAYS":3.292647236667,"CURRENT_ASSETS_TDAYS":0.703857631296,"TOTAL_ASSETS_TDAYS":0.501061977832,"PREMIUM_EXPENSE":null,"LOAN_DEPOSIT":null,"LOAN_EQUITY":null,"LOAN_ASSETS":null,"DEPOSIT_EQUITY":null,"DEPOSIT_ASSETS":null,"EQUITY_MULTIPLIER":2.472946296914,"EQUITY_RATIO":1.472946296913},{"SECUCODE":"00947.HK","SECURITY_CODE":"00947","SECURITY_NAME_ABBR":"摩比发展","ORG_CODE":"10135514","STD_REPORT_DATE":"2023-06-30 00:00:00","REPORT_DATE":"2023-06-30 00:00:00","DATE_TYPE_CODE":"002","REPORT_TYPE":"2023年中报","PER_NETCASH_OPERATE":0.050658934685,"PER_OI":0.425712607581,"BPS":0.698305576851,"BASIC_EPS":-0.0043,"DILUTED_EPS":-0.0043,"OPERATE_INCOME":345737000,"OPERATE_INCOME_YOY":6.9330479616,"GROSS_PROFIT":69560000,"GROSS_PROFIT_YOY":53.401698092403,"HOLDER_PROFIT":-3470000,"HOLDER_PROFIT_YOY":93.4582610663,"GROSS_PROFIT_RATIO":20.119339266552,"EPS_TTM":-0.221867713384,"OPERATE_INCOME_QOQ":3.26288209607,"NET_PROFIT_RATIO":-1.0036530658,"ROE_AVG":-0.616319136088,"GROSS_PROFIT_QOQ":22.664732309996,"ROA":-0.261006461978,"HOLDER_PROFIT_QOQ":21.576333668464,"ROE_YEARLY":-1.232638272175,"ROIC_YEARLY":-0.605364365671,"TOTAL_ASSETS":1348705000,"TOTAL_LIABILITIES":787659000,"TAX_EBT":-2.088849661665,"OCF_SALES":11.899796666252,"TOTAL_PARENT_EQUITY":561046000,"DEBT_ASSET_RATIO":58.4011329386,"OPERATE_PROFIT":-545000,"PRETAX_PROFIT":-3399000,"NETCASH_OPERATE":41142000,"NETCASH_INVEST":-55722000,"NETCASH_FINANCE":27894000,"END_CASH":191829000,"DIVI_RATIO":null,"DIVIDEND_RATE":null,"CURRENT_RATIO":1.248026284778,"COMMON_ACS":2000000000,"CURRENTDEBT_DEBT":99.654926814776,"ISSUED_COMMON_SHARES":803439094,"HK_COMMON_SHARES":803439094,"PER_SHARES":1000,"TOTAL_MARKET_CAP":114088351.348,"HKSK_MARKET_CAP":114088351.348,"PE_TTM":-1.186488004053,"PB_TTM":0.220296821432,"REPORT_DATE_SQ":"2022-06-30 00:00:00","REPORT_TYPE_SQ":"2022年中报","OPERATE_INCOME_SQ":323321000,"DPS_HKD":null,"OPERATE_INCOME_QOQ_SQ":9.086029552956,"NET_PROFIT_RATIO_SQ":-16.4059866201,"HOLDER_PROFIT_SQ":-53044000,"HOLDER_PROFIT_QOQ_SQ":1.37457878502,"ROE_AVG_SQ":-6.898385881224,"PE_TTM_SQ":-0.772811376057,"PB_TTM_SQ":0.252663642294,"ROA_SQ":-3.450246276581,"START_DATE":"2023-01-01 00:00:00","FISCAL_YEAR":"12-31","CURRENCY":"HKD","IS_CNY_CODE":0,"DPS_HKD_LY":null,"ORG_TYPE":"一般企业","PREMIUM_INCOME":null,"PREMIUM_INCOME_YOY":null,"NET_INTEREST_INCOME":null,"NET_INTEREST_INCOME_YOY":null,"FEE_COMMISSION_INCOME":null,"FEE_COMMISSION_INCOME_YOY":null,"ACCOUNTS_RECE_TDAYS":0.802733692516,"INVENTORY_TDAYS":1.451546272548,"CURRENT_ASSETS_TDAYS":0.362680527546,"TOTAL_ASSETS_TDAYS":0.260056458631,"PREMIUM_EXPENSE":null,"LOAN_DEPOSIT":null,"LOAN_EQUITY":null,"LOAN_ASSETS":null,"DEPOSIT_EQUITY":null,"DEPOSIT_ASSETS":null,"EQUITY_MULTIPLIER":2.403911622218,"EQUITY_RATIO":1.40391162222},{"SECUCODE":"00947.HK","SECURITY_CODE":"00947","SECURITY_NAME_ABBR":"摩比发展","ORG_CODE":"10135514","STD_REPORT_DATE":"2022-12-31 00:00:00","REPORT_DATE":"2022-12-31 00:00:00","DATE_TYPE_CODE":"001","REPORT_TYPE":"2022年年报","PER_NETCASH_OPERATE":0.074770611074,"PER_OI":0.842696532048,"BPS":0.703219452749,"BASIC_EPS":-0.2808,"DILUTED_EPS":-0.2808,"OPERATE_INCOME":687000000,"OPERATE_INCOME_YOY":3.8723051034,"GROSS_PROFIT":106840000,"GROSS_PROFIT_YOY":535.687511156066,"HOLDER_PROFIT":-229761000,"HOLDER_PROFIT_YOY":30.3123132778,"GROSS_PROFIT_RATIO":15.551673944687,"EPS_TTM":-0.281832311353,"OPERATE_INCOME_QOQ":-4.779461193126,"NET_PROFIT_RATIO":-33.4441048035,"ROE_AVG":-33.772514237796,"GROSS_PROFIT_QOQ":600.360537528679,"ROA":-16.016068976983,"HOLDER_PROFIT_QOQ":29.341050346128,"ROE_YEARLY":-33.772514237796,"ROIC_YEARLY":-18.799661254096,"TOTAL_ASSETS":1310233000,"TOTAL_LIABILITIES":745239000,"TAX_EBT":-3.457731828784,"OCF_SALES":8.872780203785,"TOTAL_PARENT_EQUITY":564994000,"DEBT_ASSET_RATIO":56.8783567503,"OPERATE_PROFIT":-217663000,"PRETAX_PROFIT":-222082000,"NETCASH_OPERATE":60956000,"NETCASH_INVEST":-34501000,"NETCASH_FINANCE":-110173000,"END_CASH":174275000,"DIVI_RATIO":null,"DIVIDEND_RATE":null,"CURRENT_RATIO":1.251516231645,"COMMON_ACS":2000000000,"CURRENTDEBT_DEBT":99.384492760041,"ISSUED_COMMON_SHARES":803439094,"HK_COMMON_SHARES":803439094,"PER_SHARES":1000,"TOTAL_MARKET_CAP":114088351.348,"HKSK_MARKET_CAP":114088351.348,"PE_TTM":-1.186488004053,"PB_TTM":0.220296821432,"REPORT_DATE_SQ":"2021-12-31 00:00:00","REPORT_TYPE_SQ":"2021年年报","OPERATE_INCOME_SQ":661389000,"DPS_HKD":null,"OPERATE_INCOME_QOQ_SQ":-4.27387909998,"NET_PROFIT_RATIO_SQ":-49.8497858295,"HOLDER_PROFIT_SQ":-329701000,"HOLDER_PROFIT_QOQ_SQ":-222.304120435994,"ROE_AVG_SQ":-34.313579581349,"PE_TTM_SQ":-0.772811376057,"PB_TTM_SQ":0.252663642294,"ROA_SQ":-18.800994048936,"START_DATE":"2022-01-01 00:00:00","FISCAL_YEAR":"12-31","CURRENCY":"HKD","IS_CNY_CODE":0,"DPS_HKD_LY":null,"ORG_TYPE":"一般企业","PREMIUM_INCOME":null,"PREMIUM_INCOME_YOY":null,"NET_INTEREST_INCOME":null,"NET_INTEREST_INCOME_YOY":null,"FEE_COMMISSION_INCOME":null,"FEE_COMMISSION_INCOME_YOY":null,"ACCOUNTS_RECE_TDAYS":1.33026745734,"INVENTORY_TDAYS":2.945355870938,"CURRENT_ASSETS_TDAYS":0.682358935699,"TOTAL_ASSETS_TDAYS":0.47889064668,"PREMIUM_EXPENSE":null,"LOAN_DEPOSIT":null,"LOAN_EQUITY":null,"LOAN_ASSETS":null,"DEPOSIT_EQUITY":null,"DEPOSIT_ASSETS":null,"EQUITY_MULTIPLIER":2.31902108695,"EQUITY_RATIO":1.31902108695},{"SECUCODE":"00947.HK","SECURITY_CODE":"00947","SECURITY_NAME_ABBR":"摩比发展","ORG_CODE":"10135514","STD_REPORT_DATE":"2022-06-30 00:00:00","REPORT_DATE":"2022-06-30 00:00:00","DATE_TYPE_CODE":"002","REPORT_TYPE":"2022年中报","PER_NETCASH_OPERATE":0.074964259982,"PER_OI":0.395979668048,"BPS":0.923806179638,"BASIC_EPS":-0.065,"DILUTED_EPS":-0.065,"OPERATE_INCOME":323321000,"OPERATE_INCOME_YOY":22.8297249142,"GROSS_PROFIT":45345000,"GROSS_PROFIT_YOY":-3.309380130925,"HOLDER_PROFIT":-53044000,"HOLDER_PROFIT_YOY":7.8713352786,"GROSS_PROFIT_RATIO":14.024761769263,"EPS_TTM":-0.398242961884,"OPERATE_INCOME_QOQ":9.086029552956,"NET_PROFIT_RATIO":-16.4059866201,"ROE_AVG":-6.898385881224,"GROSS_PROFIT_QOQ":-9.234247634914,"ROA":-3.450246276581,"HOLDER_PROFIT_QOQ":1.37457878502,"ROE_YEARLY":-13.796771762448,"ROIC_YEARLY":-8.196902441192,"TOTAL_ASSETS":1515897000,"TOTAL_LIABILITIES":773675000,"TAX_EBT":-0.198341487372,"OCF_SALES":18.931340680005,"TOTAL_PARENT_EQUITY":742222000,"DEBT_ASSET_RATIO":51.0374385595,"OPERATE_PROFIT":-51848000,"PRETAX_PROFIT":-52939000,"NETCASH_OPERATE":61209000,"NETCASH_INVEST":-43043000,"NETCASH_FINANCE":-37549000,"END_CASH":235759000,"DIVI_RATIO":null,"DIVIDEND_RATE":null,"CURRENT_RATIO":1.366514509675,"COMMON_ACS":2000000000,"CURRENTDEBT_DEBT":99.133486283,"ISSUED_COMMON_SHARES":803439094,"HK_COMMON_SHARES":803439094,"PER_SHARES":1000,"TOTAL_MARKET_CAP":114088351.348,"HKSK_MARKET_CAP":114088351.348,"PE_TTM":-1.186488004053,"PB_TTM":0.220296821432,"REPORT_DATE_SQ":"2021-06-30 00:00:00","REPORT_TYPE_SQ":"2021年中报","OPERATE_INCOME_SQ":263227000,"DPS_HKD":null,"OPERATE_INCOME_QOQ_SQ":-21.889658026027,"NET_PROFIT_RATIO_SQ":-21.8731361145,"HOLDER_PROFIT_SQ":-57576000,"HOLDER_PROFIT_QOQ_SQ":-243.122127930768,"ROE_AVG_SQ":-5.247876390162,"PE_TTM_SQ":-0.772811376057,"PB_TTM_SQ":0.252663642294,"ROA_SQ":-3.07481319132,"START_DATE":"2022-01-01 00:00:00","FISCAL_YEAR":"12-31","CURRENCY":"HKD","IS_CNY_CODE":0,"DPS_HKD_LY":null,"ORG_TYPE":"一般企业","PREMIUM_INCOME":null,"PREMIUM_INCOME_YOY":null,"NET_INTEREST_INCOME":null,"NET_INTEREST_INCOME_YOY":null,"FEE_COMMISSION_INCOME":null,"FEE_COMMISSION_INCOME_YOY":null,"ACCOUNTS_RECE_TDAYS":0.680627787303,"INVENTORY_TDAYS":1.313090469352,"CURRENT_ASSETS_TDAYS":0.302913419982,"TOTAL_ASSETS_TDAYS":0.210304101574,"PREMIUM_EXPENSE":null,"LOAN_DEPOSIT":null,"LOAN_EQUITY":null,"LOAN_ASSETS":null,"DEPOSIT_EQUITY":null,"DEPOSIT_ASSETS":null,"EQUITY_MULTIPLIER":2.042376809096,"EQUITY_RATIO":1.042376809095},{"SECUCODE":"00947.HK","SECURITY_CODE":"00947","SECURITY_NAME_ABBR":"摩比发展","ORG_CODE":"10135514","STD_REPORT_DATE":"2021-12-31 00:00:00","REPORT_DATE":"2021-12-31 00:00:00","DATE_TYPE_CODE":"001","REPORT_TYPE":"2021年年报","PER_NETCASH_OPERATE":-0.086280739065,"PER_OI":0.809434492612,"BPS":0.990299085446,"BASIC_EPS":-0.4029,"DILUTED_EPS":-0.4029,"OPERATE_INCOME":661389000,"OPERATE_INCOME_YOY":-25.2279996066,"GROSS_PROFIT":16807000,"GROSS_PROFIT_YOY":-91.59439859965,"HOLDER_PROFIT":-329701000,"HOLDER_PROFIT_YOY":-1005.8967564485,"GROSS_PROFIT_RATIO":2.541167149741,"EPS_TTM":-0.403501360997,"OPERATE_INCOME_QOQ":-4.27387909998,"NET_PROFIT_RATIO":-49.8497858295,"ROE_AVG":-34.313579581349,"GROSS_PROFIT_QOQ":-87.710677751698,"ROA":-18.800994048936,"HOLDER_PROFIT_QOQ":-222.304120435994,"ROE_YEARLY":-34.313579581349,"ROIC_YEARLY":-22.857838127895,"TOTAL_ASSETS":1558898000,"TOTAL_LIABILITIES":763253000,"TAX_EBT":-7.03257390322,"OCF_SALES":-10.659385021523,"TOTAL_PARENT_EQUITY":795645000,"DEBT_ASSET_RATIO":48.9610609546,"OPERATE_PROFIT":-299870000,"PRETAX_PROFIT":-308038000,"NETCASH_OPERATE":-70500000,"NETCASH_INVEST":-4886000,"NETCASH_FINANCE":-41682000,"END_CASH":250546000,"DIVI_RATIO":null,"DIVIDEND_RATE":null,"CURRENT_RATIO":1.436298942733,"COMMON_ACS":2000000000,"CURRENTDEBT_DEBT":99.124798723359,"ISSUED_COMMON_SHARES":803439094,"HK_COMMON_SHARES":803439094,"PER_SHARES":1000,"TOTAL_MARKET_CAP":114088351.348,"HKSK_MARKET_CAP":114088351.348,"PE_TTM":-1.186488004053,"PB_TTM":0.220296821432,"REPORT_DATE_SQ":"2020-12-31 00:00:00","REPORT_TYPE_SQ":"2020年年报","OPERATE_INCOME_SQ":884541000,"DPS_HKD":null,"OPERATE_INCOME_QOQ_SQ":-18.711258681042,"NET_PROFIT_RATIO_SQ":-3.3704486282,"HOLDER_PROFIT_SQ":-29813000,"HOLDER_PROFIT_QOQ_SQ":-221.186130645096,"ROE_AVG_SQ":-2.595281693788,"PE_TTM_SQ":-0.772811376057,"PB_TTM_SQ":0.252663642294,"ROA_SQ":-1.521767093528,"START_DATE":"2021-01-01 00:00:00","FISCAL_YEAR":"12-31","CURRENCY":"HKD","IS_CNY_CODE":0,"DPS_HKD_LY":null,"ORG_TYPE":"一般企业","PREMIUM_INCOME":null,"PREMIUM_INCOME_YOY":null,"NET_INTEREST_INCOME":null,"NET_INTEREST_INCOME_YOY":null,"FEE_COMMISSION_INCOME":null,"FEE_COMMISSION_INCOME_YOY":null,"ACCOUNTS_RECE_TDAYS":1.125120249865,"INVENTORY_TDAYS":2.66835841285,"CURRENT_ASSETS_TDAYS":0.536003779805,"TOTAL_ASSETS_TDAYS":0.377152955345,"PREMIUM_EXPENSE":null,"LOAN_DEPOSIT":null,"LOAN_EQUITY":null,"LOAN_ASSETS":null,"DEPOSIT_EQUITY":null,"DEPOSIT_ASSETS":null,"EQUITY_MULTIPLIER":1.959288376097,"EQUITY_RATIO":0.959288376097},{"SECUCODE":"00947.HK","SECURITY_CODE":"00947","SECURITY_NAME_ABBR":"摩比发展","ORG_CODE":"10135514","STD_REPORT_DATE":"2021-06-30 00:00:00","REPORT_DATE":"2021-06-30 00:00:00","DATE_TYPE_CODE":"002","REPORT_TYPE":"2021年中报","PER_NETCASH_OPERATE":-0.02172462176,"PER_OI":0.32169818924,"BPS":1.329546953811,"BASIC_EPS":-0.0704,"DILUTED_EPS":-0.0704,"OPERATE_INCOME":263227000,"OPERATE_INCOME_YOY":-42.3821823356,"GROSS_PROFIT":46897000,"GROSS_PROFIT_YOY":-57.399669349418,"HOLDER_PROFIT":-57576000,"HOLDER_PROFIT_YOY":-486.2605662149,"GROSS_PROFIT_RATIO":17.816181470746,"EPS_TTM":-0.12501801209,"OPERATE_INCOME_QOQ":-21.889658026027,"NET_PROFIT_RATIO":-21.8731361145,"ROE_AVG":-5.247876390162,"GROSS_PROFIT_QOQ":-31.60240060015,"ROA":-3.07481319132,"HOLDER_PROFIT_QOQ":-243.122127930768,"ROE_YEARLY":-10.495752780324,"ROIC_YEARLY":-7.601657614481,"TOTAL_ASSETS":1796634000,"TOTAL_LIABILITIES":728424000,"TAX_EBT":24.548873658415,"OCF_SALES":-6.753106634198,"TOTAL_PARENT_EQUITY":1068210000,"DEBT_ASSET_RATIO":40.5438169377,"OPERATE_PROFIT":-72717000,"PRETAX_PROFIT":-76309000,"NETCASH_OPERATE":-17776000,"NETCASH_INVEST":-5343000,"NETCASH_FINANCE":-5388000,"END_CASH":343423000,"DIVI_RATIO":null,"DIVIDEND_RATE":null,"CURRENT_RATIO":1.858059735696,"COMMON_ACS":2000000000,"CURRENTDEBT_DEBT":89.858379185749,"ISSUED_COMMON_SHARES":803439094,"HK_COMMON_SHARES":803439094,"PER_SHARES":1000,"TOTAL_MARKET_CAP":114088351.348,"HKSK_MARKET_CAP":114088351.348,"PE_TTM":-1.186488004053,"PB_TTM":0.220296821432,"REPORT_DATE_SQ":"2020-06-30 00:00:00","REPORT_TYPE_SQ":"2020年中报","OPERATE_INCOME_SQ":456850000,"DPS_HKD":null,"OPERATE_INCOME_QOQ_SQ":-10.435342312184,"NET_PROFIT_RATIO_SQ":3.262777717,"HOLDER_PROFIT_SQ":14906000,"HOLDER_PROFIT_QOQ_SQ":4.192960908051,"ROE_AVG_SQ":1.272557459734,"PE_TTM_SQ":-0.772811376057,"PB_TTM_SQ":0.252663642294,"ROA_SQ":0.754751565163,"START_DATE":"2021-01-01 00:00:00","FISCAL_YEAR":"12-31","CURRENCY":"HKD","IS_CNY_CODE":0,"DPS_HKD_LY":null,"ORG_TYPE":"一般企业","PREMIUM_INCOME":null,"PREMIUM_INCOME_YOY":null,"NET_INTEREST_INCOME":null,"NET_INTEREST_INCOME_YOY":null,"FEE_COMMISSION_INCOME":null,"FEE_COMMISSION_INCOME_YOY":null,"ACCOUNTS_RECE_TDAYS":0.529781024836,"INVENTORY_TDAYS":0.775012449352,"CURRENT_ASSETS_TDAYS":0.202686553373,"TOTAL_ASSETS_TDAYS":0.140574866596,"PREMIUM_EXPENSE":null,"LOAN_DEPOSIT":null,"LOAN_EQUITY":null,"LOAN_ASSETS":null,"DEPOSIT_EQUITY":null,"DEPOSIT_ASSETS":null,"EQUITY_MULTIPLIER":1.681910860225,"EQUITY_RATIO":0.681910860224},{"SECUCODE":"00947.HK","SECURITY_CODE":"00947","SECURITY_NAME_ABBR":"摩比发展","ORG_CODE":"10135514","STD_REPORT_DATE":"2020-12-31 00:00:00","REPORT_DATE":"2020-12-31 00:00:00","DATE_TYPE_CODE":"001","REPORT_TYPE":"2020年年报","PER_NETCASH_OPERATE":0.103206711794,"PER_OI":1.080233913817,"BPS":1.401536231445,"BASIC_EPS":-0.0364,"DILUTED_EPS":-0.0364,"OPERATE_INCOME":884541000,"OPERATE_INCOME_YOY":-27.1940170989,"GROSS_PROFIT":199950000,"GROSS_PROFIT_YOY":-28.546158216924,"HOLDER_PROFIT":-29813000,"HOLDER_PROFIT_YOY":-226.267417729,"GROSS_PROFIT_RATIO":22.604944259226,"EPS_TTM":-0.036408729129,"OPERATE_INCOME_QOQ":-18.711258681042,"NET_PROFIT_RATIO":-3.3704486282,"ROE_AVG":-2.595281693788,"GROSS_PROFIT_QOQ":-19.278655169073,"ROA":-1.521767093528,"HOLDER_PROFIT_QOQ":-221.186130645096,"ROE_YEARLY":-2.595281693788,"ROIC_YEARLY":-1.83246580146,"TOTAL_ASSETS":1948374000,"TOTAL_LIABILITIES":822325000,"TAX_EBT":31.287452751913,"OCF_SALES":9.554107723667,"TOTAL_PARENT_EQUITY":1126049000,"DEBT_ASSET_RATIO":42.205705886,"OPERATE_PROFIT":-37690000,"PRETAX_PROFIT":-43388000,"NETCASH_OPERATE":84510000,"NETCASH_INVEST":-31279000,"NETCASH_FINANCE":35516000,"END_CASH":371930000,"DIVI_RATIO":null,"DIVIDEND_RATE":null,"CURRENT_RATIO":1.848463881543,"COMMON_ACS":2000000000,"CURRENTDEBT_DEBT":90.865290487338,"ISSUED_COMMON_SHARES":803439094,"HK_COMMON_SHARES":803439094,"PER_SHARES":1000,"TOTAL_MARKET_CAP":114088351.348,"HKSK_MARKET_CAP":114088351.348,"PE_TTM":-1.186488004053,"PB_TTM":0.220296821432,"REPORT_DATE_SQ":"2019-12-31 00:00:00","REPORT_TYPE_SQ":"2019年年报","OPERATE_INCOME_SQ":1214929000,"DPS_HKD":null,"OPERATE_INCOME_QOQ_SQ":-2.421689833834,"NET_PROFIT_RATIO_SQ":1.9434057463,"HOLDER_PROFIT_SQ":23611000,"HOLDER_PROFIT_QOQ_SQ":1.789101569236,"ROE_AVG_SQ":2.023057248981,"PE_TTM_SQ":-0.772811376057,"PB_TTM_SQ":0.252663642294,"ROA_SQ":1.105313001928,"START_DATE":"2020-01-01 00:00:00","FISCAL_YEAR":"12-31","CURRENCY":"HKD","IS_CNY_CODE":0,"DPS_HKD_LY":0.02,"ORG_TYPE":"一般企业","PREMIUM_INCOME":null,"PREMIUM_INCOME_YOY":null,"NET_INTEREST_INCOME":null,"NET_INTEREST_INCOME_YOY":null,"FEE_COMMISSION_INCOME":null,"FEE_COMMISSION_INCOME_YOY":null,"ACCOUNTS_RECE_TDAYS":1.325889012719,"INVENTORY_TDAYS":2.481714965163,"CURRENT_ASSETS_TDAYS":0.631055029443,"TOTAL_ASSETS_TDAYS":0.451502829865,"PREMIUM_EXPENSE":null,"LOAN_DEPOSIT":null,"LOAN_EQUITY":null,"LOAN_ASSETS":null,"DEPOSIT_EQUITY":null,"DEPOSIT_ASSETS":null,"EQUITY_MULTIPLIER":1.730274615047,"EQUITY_RATIO":0.730274615048},{"SECUCODE":"00947.HK","SECURITY_CODE":"00947","SECURITY_NAME_ABBR":"摩比发展","ORG_CODE":"10135514","STD_REPORT_DATE":"2020-06-30 00:00:00","REPORT_DATE":"2020-06-30 00:00:00","DATE_TYPE_CODE":"002","REPORT_TYPE":"2020年中报","PER_NETCASH_OPERATE":-0.039992088992,"PER_OI":0.55741482918,"BPS":1.457803097642,"BASIC_EPS":0.0182,"DILUTED_EPS":0.0182,"OPERATE_INCOME":456850000,"OPERATE_INCOME_YOY":-21.7229350001,"GROSS_PROFIT":110086000,"GROSS_PROFIT_YOY":-22.590761744707,"HOLDER_PROFIT":14906000,"HOLDER_PROFIT_YOY":7.1141132509,"GROSS_PROFIT_RATIO":24.096749480136,"EPS_TTM":0.030016334054,"OPERATE_INCOME_QOQ":-10.435342312184,"NET_PROFIT_RATIO":3.262777717,"ROE_AVG":1.272557459734,"GROSS_PROFIT_QOQ":-11.480858089347,"ROA":0.754751565163,"HOLDER_PROFIT_QOQ":4.192960908051,"ROE_YEARLY":2.545114919468,"ROIC_YEARLY":1.75797166913,"TOTAL_ASSETS":1980075000,"TOTAL_LIABILITIES":808819000,"TAX_EBT":-15.86474931986,"OCF_SALES":-7.174564955675,"TOTAL_PARENT_EQUITY":1171256000,"DEBT_ASSET_RATIO":40.8478971756,"OPERATE_PROFIT":15229000,"PRETAX_PROFIT":12865000,"NETCASH_OPERATE":-32777000,"NETCASH_INVEST":-4492000,"NETCASH_FINANCE":10720000,"END_CASH":265862000,"DIVI_RATIO":null,"DIVIDEND_RATE":null,"CURRENT_RATIO":1.793262746326,"COMMON_ACS":2000000000,"CURRENTDEBT_DEBT":97.900271877886,"ISSUED_COMMON_SHARES":803439094,"HK_COMMON_SHARES":803439094,"PER_SHARES":1000,"TOTAL_MARKET_CAP":114088351.348,"HKSK_MARKET_CAP":114088351.348,"PE_TTM":-1.186488004053,"PB_TTM":0.220296821432,"REPORT_DATE_SQ":"2019-06-30 00:00:00","REPORT_TYPE_SQ":"2019年中报","OPERATE_INCOME_SQ":583632000,"DPS_HKD":null,"OPERATE_INCOME_QOQ_SQ":-0.965149159054,"NET_PROFIT_RATIO_SQ":2.3843791979,"HOLDER_PROFIT_SQ":13916000,"HOLDER_PROFIT_QOQ_SQ":38.989753730002,"ROE_AVG_SQ":1.197070634995,"PE_TTM_SQ":-0.772811376057,"PB_TTM_SQ":0.252663642294,"ROA_SQ":0.610105764526,"START_DATE":"2020-01-01 00:00:00","FISCAL_YEAR":"12-31","CURRENCY":"HKD","IS_CNY_CODE":0,"DPS_HKD_LY":0.02,"ORG_TYPE":"一般企业","PREMIUM_INCOME":null,"PREMIUM_INCOME_YOY":null,"NET_INTEREST_INCOME":null,"NET_INTEREST_INCOME_YOY":null,"FEE_COMMISSION_INCOME":null,"FEE_COMMISSION_INCOME_YOY":null,"ACCOUNTS_RECE_TDAYS":0.662647413122,"INVENTORY_TDAYS":1.219497098646,"CURRENT_ASSETS_TDAYS":0.321481411112,"TOTAL_ASSETS_TDAYS":0.231321784882,"PREMIUM_EXPENSE":null,"LOAN_DEPOSIT":null,"LOAN_EQUITY":null,"LOAN_ASSETS":null,"DEPOSIT_EQUITY":null,"DEPOSIT_ASSETS":null,"EQUITY_MULTIPLIER":1.690556974734,"EQUITY_RATIO":0.690556974735}],"count":34},"success":true,"message":"ok","code":0}