{"version":"a4d9b49efd6effb648c2711434524eae","result":{"pages":10,"data":[{"SECUCODE":"00945.HK","SECURITY_CODE":"00945","SECURITY_NAME_ABBR":"宏利金融-S","ORG_CODE":"10009177","STD_REPORT_DATE":"2024-12-31 00:00:00","REPORT_DATE":"2024-12-31 00:00:00","DATE_TYPE_CODE":"001","REPORT_TYPE":"2024年年报","PER_NETCASH_OPERATE":77.391521323319,"PER_OI":203.985986149695,"BPS":129.857610473059,"BASIC_EPS":14.39193,"DILUTED_EPS":14.341432,"OPERATE_INCOME":352637633600,"OPERATE_INCOME_YOY":7.8336601862,"GROSS_PROFIT":null,"GROSS_PROFIT_YOY":null,"HOLDER_PROFIT":27193173000,"HOLDER_PROFIT_YOY":5.5261610817,"GROSS_PROFIT_RATIO":null,"EPS_TTM":16.415993632041,"OPERATE_INCOME_QOQ":0,"NET_PROFIT_RATIO":8.4173444839,"ROE_AVG":10.98856250829,"GROSS_PROFIT_QOQ":null,"ROA":0.580783351093,"HOLDER_PROFIT_QOQ":0,"ROE_YEARLY":10.98856250829,"ROIC_YEARLY":0.596811794819,"TOTAL_ASSETS":4942835136400,"TOTAL_LIABILITIES":4675397728400,"TAX_EBT":17.094499294781,"OCF_SALES":37.939626532249,"TOTAL_PARENT_EQUITY":257398405600,"DEBT_ASSET_RATIO":94.5893925122,"OPERATE_PROFIT":35803082000,"PRETAX_PROFIT":35803082000,"NETCASH_OPERATE":133789401200,"NETCASH_INVEST":-93214258200,"NETCASH_FINANCE":-21077865200,"END_CASH":125952111600,"DIVI_RATIO":0.504348563235,"DIVIDEND_RATE":3.935224137931,"CURRENT_RATIO":null,"COMMON_ACS":null,"CURRENTDEBT_DEBT":null,"ISSUED_COMMON_SHARES":1723169992,"HK_COMMON_SHARES":1723169992,"PER_SHARES":100,"TOTAL_MARKET_CAP":399775438144,"HKSK_MARKET_CAP":399775438144,"PE_TTM":12.621515909203,"PB_TTM":1.654437341659,"REPORT_DATE_SQ":"2023-12-31 00:00:00","REPORT_TYPE_SQ":"2023年年报","OPERATE_INCOME_SQ":347580980700,"DPS_HKD":9.12972,"OPERATE_INCOME_QOQ_SQ":-44.526462634779,"NET_PROFIT_RATIO_SQ":8.6582559953,"HOLDER_PROFIT_SQ":27389331900,"HOLDER_PROFIT_QOQ_SQ":-61.292151589217,"ROE_AVG_SQ":10.867273598467,"PE_TTM_SQ":11.413837815327,"PB_TTM_SQ":1.442453116016,"ROA_SQ":0.591818569279,"START_DATE":"2024-01-01 00:00:00","FISCAL_YEAR":"12-31","CURRENCY":"HKD","IS_CNY_CODE":0,"DPS_HKD_LY":9.12972,"ORG_TYPE":"保险","PREMIUM_INCOME":134284281600,"PREMIUM_INCOME_YOY":10.92941765393,"NET_INTEREST_INCOME":null,"NET_INTEREST_INCOME_YOY":null,"FEE_COMMISSION_INCOME":null,"FEE_COMMISSION_INCOME_YOY":null,"ACCOUNTS_RECE_TDAYS":null,"INVENTORY_TDAYS":null,"CURRENT_ASSETS_TDAYS":null,"TOTAL_ASSETS_TDAYS":0.075315251576,"PREMIUM_EXPENSE":null,"LOAN_DEPOSIT":null,"LOAN_EQUITY":null,"LOAN_ASSETS":null,"DEPOSIT_EQUITY":null,"DEPOSIT_ASSETS":null,"EQUITY_MULTIPLIER":18.482212990959,"EQUITY_RATIO":18.164050851448},{"SECUCODE":"00945.HK","SECURITY_CODE":"00945","SECURITY_NAME_ABBR":"宏利金融-S","ORG_CODE":"10009177","STD_REPORT_DATE":"2024-09-30 00:00:00","REPORT_DATE":"2024-09-30 00:00:00","DATE_TYPE_CODE":"004","REPORT_TYPE":"2024年三季报","PER_NETCASH_OPERATE":57.10755231263,"PER_OI":187.116731614459,"BPS":129.169582474948,"BASIC_EPS":10.269864,"DILUTED_EPS":10.217996,"OPERATE_INCOME":329123207200,"OPERATE_INCOME_YOY":119.7541125541,"GROSS_PROFIT":null,"GROSS_PROFIT_YOY":null,"HOLDER_PROFIT":19434939600,"HOLDER_PROFIT_YOY":8.7979094077,"GROSS_PROFIT_RATIO":null,"EPS_TTM":16.13428104222,"OPERATE_INCOME_QOQ":55.528886386884,"NET_PROFIT_RATIO":6.5732656728,"ROE_AVG":7.756800397466,"GROSS_PROFIT_QOQ":null,"ROA":0.409910491389,"HOLDER_PROFIT_QOQ":17.94789733695,"ROE_YEARLY":10.342400529955,"ROIC_YEARLY":0.420720985747,"TOTAL_ASSETS":4941101284000,"TOTAL_LIABILITIES":4673260118800,"TAX_EBT":16.194494675507,"OCF_SALES":30.51974658808,"TOTAL_PARENT_EQUITY":257125236400,"DEBT_ASSET_RATIO":94.5793225072,"OPERATE_PROFIT":25814703600,"PRETAX_PROFIT":25814703600,"NETCASH_OPERATE":100447568800,"NETCASH_INVEST":-76432684800,"NETCASH_FINANCE":-14154777200,"END_CASH":115089905200,"DIVI_RATIO":0.513154740564,"DIVIDEND_RATE":3.935224137931,"CURRENT_RATIO":null,"COMMON_ACS":null,"CURRENTDEBT_DEBT":null,"ISSUED_COMMON_SHARES":1723169992,"HK_COMMON_SHARES":1723169992,"PER_SHARES":100,"TOTAL_MARKET_CAP":399775438144,"HKSK_MARKET_CAP":399775438144,"PE_TTM":12.621515909203,"PB_TTM":1.619694635669,"REPORT_DATE_SQ":"2023-09-30 00:00:00","REPORT_TYPE_SQ":"2023年三季报","OPERATE_INCOME_SQ":154648725000,"DPS_HKD":9.12972,"OPERATE_INCOME_QOQ_SQ":0.53806019257,"NET_PROFIT_RATIO_SQ":13.180952381,"HOLDER_PROFIT_SQ":18445375200,"HOLDER_PROFIT_QOQ_SQ":3.805552417299,"ROE_AVG_SQ":7.305664860049,"PE_TTM_SQ":11.413837815327,"PB_TTM_SQ":1.442453116016,"ROA_SQ":0.408828268979,"START_DATE":"2024-01-01 00:00:00","FISCAL_YEAR":"12-31","CURRENCY":"HKD","IS_CNY_CODE":0,"DPS_HKD_LY":9.12972,"ORG_TYPE":"保险","PREMIUM_INCOME":102480794400,"PREMIUM_INCOME_YOY":12.529900899875,"NET_INTEREST_INCOME":null,"NET_INTEREST_INCOME_YOY":null,"FEE_COMMISSION_INCOME":null,"FEE_COMMISSION_INCOME_YOY":null,"ACCOUNTS_RECE_TDAYS":null,"INVENTORY_TDAYS":null,"CURRENT_ASSETS_TDAYS":null,"TOTAL_ASSETS_TDAYS":0.06941676093,"PREMIUM_EXPENSE":null,"LOAN_DEPOSIT":null,"LOAN_EQUITY":null,"LOAN_ASSETS":null,"DEPOSIT_EQUITY":null,"DEPOSIT_ASSETS":null,"EQUITY_MULTIPLIER":18.447878541534,"EQUITY_RATIO":18.175034797168},{"SECUCODE":"00945.HK","SECURITY_CODE":"00945","SECURITY_NAME_ABBR":"宏利金融-S","ORG_CODE":"10009177","STD_REPORT_DATE":"2024-06-30 00:00:00","REPORT_DATE":"2024-06-30 00:00:00","DATE_TYPE_CODE":"002","REPORT_TYPE":"2024年中报","PER_NETCASH_OPERATE":34.709656060838,"PER_OI":104.919887849696,"BPS":128.336239620403,"BASIC_EPS":5.070578,"DILUTED_EPS":5.070578,"OPERATE_INCOME":187229785800,"OPERATE_INCOME_YOY":-1.582721952,"GROSS_PROFIT":null,"GROSS_PROFIT_YOY":null,"HOLDER_PROFIT":9973879200,"HOLDER_PROFIT_YOY":-21.5137803373,"GROSS_PROFIT_RATIO":null,"EPS_TTM":13.483050936245,"OPERATE_INCOME_QOQ":-10.780289008469,"NET_PROFIT_RATIO":5.8743054974,"ROE_AVG":3.974834381901,"GROSS_PROFIT_QOQ":null,"ROA":0.213083529749,"HOLDER_PROFIT_QOQ":-3.023113724393,"ROE_YEARLY":7.949668763802,"ROIC_YEARLY":0.437380940919,"TOTAL_ASSETS":4784498080200,"TOTAL_LIABILITIES":4519176165800,"TAX_EBT":20.182094081942,"OCF_SALES":33.082056006924,"TOTAL_PARENT_EQUITY":255959641000,"DEBT_ASSET_RATIO":94.4545507187,"OPERATE_PROFIT":13779426400,"PRETAX_PROFIT":13779426400,"NETCASH_OPERATE":61939462600,"NETCASH_INVEST":-52446504200,"NETCASH_FINANCE":-3031892000,"END_CASH":112185231400,"DIVI_RATIO":0.614058557039,"DIVIDEND_RATE":3.935224137931,"CURRENT_RATIO":null,"COMMON_ACS":null,"CURRENTDEBT_DEBT":null,"ISSUED_COMMON_SHARES":1723169992,"HK_COMMON_SHARES":1723169992,"PER_SHARES":100,"TOTAL_MARKET_CAP":399775438144,"HKSK_MARKET_CAP":399775438144,"PE_TTM":12.621515909203,"PB_TTM":1.619694635669,"REPORT_DATE_SQ":"2023-06-30 00:00:00","REPORT_TYPE_SQ":"2023年中报","OPERATE_INCOME_SQ":199146135300,"DPS_HKD":9.12972,"OPERATE_INCOME_QOQ_SQ":100.858837567129,"NET_PROFIT_RATIO_SQ":7.0920231913,"HOLDER_PROFIT_SQ":13302675100,"HOLDER_PROFIT_QOQ_SQ":34.104914006945,"ROE_AVG_SQ":5.25150405582,"PE_TTM_SQ":11.413837815327,"PB_TTM_SQ":1.442453116016,"ROA_SQ":0.285957610989,"START_DATE":"2024-01-01 00:00:00","FISCAL_YEAR":"12-31","CURRENCY":"HKD","IS_CNY_CODE":0,"DPS_HKD_LY":9.12972,"ORG_TYPE":"保险","PREMIUM_INCOME":68018928800,"PREMIUM_INCOME_YOY":14.713920479591,"NET_INTEREST_INCOME":null,"NET_INTEREST_INCOME_YOY":null,"FEE_COMMISSION_INCOME":null,"FEE_COMMISSION_INCOME_YOY":null,"ACCOUNTS_RECE_TDAYS":null,"INVENTORY_TDAYS":null,"CURRENT_ASSETS_TDAYS":null,"TOTAL_ASSETS_TDAYS":0.040000067007,"PREMIUM_EXPENSE":null,"LOAN_DEPOSIT":null,"LOAN_EQUITY":null,"LOAN_ASSETS":null,"DEPOSIT_EQUITY":null,"DEPOSIT_ASSETS":null,"EQUITY_MULTIPLIER":18.032804003314,"EQUITY_RATIO":17.655815378331},{"SECUCODE":"00945.HK","SECURITY_CODE":"00945","SECURITY_NAME_ABBR":"宏利金融-S","ORG_CODE":"10009177","STD_REPORT_DATE":"2024-03-31 00:00:00","REPORT_DATE":"2024-03-31 00:00:00","DATE_TYPE_CODE":"003","REPORT_TYPE":"2024年一季报","PER_NETCASH_OPERATE":13.398773397928,"PER_OI":76.618379262144,"BPS":127.287117938623,"BASIC_EPS":2.37321,"DILUTED_EPS":2.37321,"OPERATE_INCOME":137999524600,"OPERATE_INCOME_YOY":21.6108193521,"GROSS_PROFIT":null,"GROSS_PROFIT_YOY":null,"HOLDER_PROFIT":4567110800,"HOLDER_PROFIT_YOY":-38.4068278805,"GROSS_PROFIT_RATIO":null,"EPS_TTM":13.77502617923,"OPERATE_INCOME_QOQ":8.240244832246,"NET_PROFIT_RATIO":3.7146023618,"ROE_AVG":1.817628477579,"GROSS_PROFIT_QOQ":null,"ROA":0.097150931151,"HOLDER_PROFIT_QOQ":-9.415138746046,"ROE_YEARLY":7.270513910315,"ROIC_YEARLY":0.398700769548,"TOTAL_ASSETS":4784491562200,"TOTAL_LIABILITIES":4521371132600,"TAX_EBT":22.364217252396,"OCF_SALES":17.487675316238,"TOTAL_PARENT_EQUITY":254460850000,"DEBT_ASSET_RATIO":94.5005560951,"OPERATE_PROFIT":6602797600,"PRETAX_PROFIT":6602797600,"NETCASH_OPERATE":24132908800,"NETCASH_INVEST":-18479395200,"NETCASH_FINANCE":-1028391000,"END_CASH":110881645000,"DIVI_RATIO":0.601042981311,"DIVIDEND_RATE":3.935224137931,"CURRENT_RATIO":null,"COMMON_ACS":null,"CURRENTDEBT_DEBT":null,"ISSUED_COMMON_SHARES":1723169992,"HK_COMMON_SHARES":1723169992,"PER_SHARES":100,"TOTAL_MARKET_CAP":399775438144,"HKSK_MARKET_CAP":399775438144,"PE_TTM":13.614006960743,"PB_TTM":1.654437341659,"REPORT_DATE_SQ":"2023-03-31 00:00:00","REPORT_TYPE_SQ":"2023年一季报","OPERATE_INCOME_SQ":109358000800,"DPS_HKD":9.12972,"OPERATE_INCOME_QOQ_SQ":252.147158741071,"NET_PROFIT_RATIO_SQ":6.5529581261,"HOLDER_PROFIT_SQ":7145854400,"HOLDER_PROFIT_QOQ_SQ":35.617274274731,"ROE_AVG_SQ":2.983522721244,"PE_TTM_SQ":11.413837815327,"PB_TTM_SQ":1.442453116016,"ROA_SQ":0.16434228313,"START_DATE":"2024-01-01 00:00:00","FISCAL_YEAR":"12-31","CURRENCY":"HKD","IS_CNY_CODE":0,"DPS_HKD_LY":9.12972,"ORG_TYPE":"保险","PREMIUM_INCOME":34263878600,"PREMIUM_INCOME_YOY":12.736422002429,"NET_INTEREST_INCOME":null,"NET_INTEREST_INCOME_YOY":null,"FEE_COMMISSION_INCOME":null,"FEE_COMMISSION_INCOME_YOY":null,"ACCOUNTS_RECE_TDAYS":null,"INVENTORY_TDAYS":null,"CURRENT_ASSETS_TDAYS":null,"TOTAL_ASSETS_TDAYS":0.029355062534,"PREMIUM_EXPENSE":null,"LOAN_DEPOSIT":null,"LOAN_EQUITY":null,"LOAN_ASSETS":null,"DEPOSIT_EQUITY":null,"DEPOSIT_ASSETS":null,"EQUITY_MULTIPLIER":18.183656698616,"EQUITY_RATIO":17.768435233161},{"SECUCODE":"00945.HK","SECURITY_CODE":"00945","SECURITY_NAME_ABBR":"宏利金融-S","ORG_CODE":"10009177","STD_REPORT_DATE":"2023-12-31 00:00:00","REPORT_DATE":"2023-12-31 00:00:00","DATE_TYPE_CODE":"001","REPORT_TYPE":"2023年年报","PER_NETCASH_OPERATE":60.694351941521,"PER_OI":192.454856650882,"BPS":125.771808763021,"BASIC_EPS":14.062326,"DILUTED_EPS":14.008653,"OPERATE_INCOME":347580980700,"OPERATE_INCOME_YOY":224.800539603,"GROSS_PROFIT":null,"GROSS_PROFIT_YOY":null,"HOLDER_PROFIT":27389331900,"HOLDER_PROFIT_YOY":363.9937920331,"GROSS_PROFIT_RATIO":null,"EPS_TTM":15.165415362953,"OPERATE_INCOME_QOQ":-44.526462634779,"NET_PROFIT_RATIO":8.6582559953,"ROE_AVG":10.867273598467,"GROSS_PROFIT_QOQ":null,"ROA":0.591818569279,"HOLDER_PROFIT_QOQ":-61.292151589217,"ROE_YEARLY":10.867273598467,"ROIC_YEARLY":0.606410626624,"TOTAL_ASSETS":4699468330200,"TOTAL_LIABILITIES":4437935903100,"TAX_EBT":13.096714197148,"OCF_SALES":31.536929229914,"TOTAL_PARENT_EQUITY":252472424700,"DEBT_ASSET_RATIO":94.4348507379,"OPERATE_PROFIT":34629819600,"PRETAX_PROFIT":34629819600,"NETCASH_OPERATE":109616367900,"NETCASH_INVEST":-73639356000,"NETCASH_FINANCE":-27061926600,"END_CASH":106723393200,"DIVI_RATIO":0.545938413439,"DIVIDEND_RATE":3.935224137931,"CURRENT_RATIO":null,"COMMON_ACS":null,"CURRENTDEBT_DEBT":null,"ISSUED_COMMON_SHARES":1723169992,"HK_COMMON_SHARES":1723169992,"PER_SHARES":100,"TOTAL_MARKET_CAP":399775438144,"HKSK_MARKET_CAP":399775438144,"PE_TTM":12.621515909203,"PB_TTM":1.654437341659,"REPORT_DATE_SQ":"2022-12-31 00:00:00","REPORT_TYPE_SQ":"2022年年报","OPERATE_INCOME_SQ":-266636765000,"DPS_HKD":9.12972,"OPERATE_INCOME_QOQ_SQ":-22.715633047206,"NET_PROFIT_RATIO_SQ":41.8848778212,"HOLDER_PROFIT_SQ":-9932720500,"HOLDER_PROFIT_QOQ_SQ":-1.796526158876,"ROE_AVG_SQ":12.744061711031,"PE_TTM_SQ":11.413837815327,"PB_TTM_SQ":1.442453116016,"ROA_SQ":0.82577448907,"START_DATE":"2023-01-01 00:00:00","FISCAL_YEAR":"12-31","CURRENCY":"HKD","IS_CNY_CODE":0,"DPS_HKD_LY":8.391424,"ORG_TYPE":"保险","PREMIUM_INCOME":128664915600,"PREMIUM_INCOME_YOY":3.694091184359,"NET_INTEREST_INCOME":null,"NET_INTEREST_INCOME_YOY":null,"FEE_COMMISSION_INCOME":null,"FEE_COMMISSION_INCOME_YOY":null,"ACCOUNTS_RECE_TDAYS":null,"INVENTORY_TDAYS":null,"CURRENT_ASSETS_TDAYS":null,"TOTAL_ASSETS_TDAYS":0.075104014752,"PREMIUM_EXPENSE":null,"LOAN_DEPOSIT":null,"LOAN_EQUITY":null,"LOAN_ASSETS":null,"DEPOSIT_EQUITY":null,"DEPOSIT_ASSETS":null,"EQUITY_MULTIPLIER":17.968969975527,"EQUITY_RATIO":17.577903441825},{"SECUCODE":"00945.HK","SECURITY_CODE":"00945","SECURITY_NAME_ABBR":"宏利金融-S","ORG_CODE":"10009177","STD_REPORT_DATE":"2023-09-30 00:00:00","REPORT_DATE":"2023-09-30 00:00:00","DATE_TYPE_CODE":"004","REPORT_TYPE":"2023年三季报","PER_NETCASH_OPERATE":42.004257833967,"PER_OI":85.084036826081,"BPS":126.646113623826,"BASIC_EPS":9.426208,"DILUTED_EPS":9.426208,"OPERATE_INCOME":154648725000,"OPERATE_INCOME_YOY":139.1838894845,"GROSS_PROFIT":null,"GROSS_PROFIT_YOY":null,"HOLDER_PROFIT":18445375200,"HOLDER_PROFIT_YOY":220.9269662921,"GROSS_PROFIT_RATIO":null,"EPS_TTM":38.929977280075,"OPERATE_INCOME_QOQ":0.53806019257,"NET_PROFIT_RATIO":13.180952381,"ROE_AVG":7.305664860049,"GROSS_PROFIT_QOQ":null,"ROA":0.408828268979,"HOLDER_PROFIT_QOQ":3.805552417299,"ROE_YEARLY":9.740886480065,"ROIC_YEARLY":0.419596010914,"TOTAL_ASSETS":4476773969200,"TOTAL_LIABILITIES":4214152316200,"TAX_EBT":12.081312081312,"OCF_SALES":49.367965367965,"TOTAL_PARENT_EQUITY":253902410600,"DEBT_ASSET_RATIO":94.1336852205,"OPERATE_PROFIT":23185258200,"PRETAX_PROFIT":23185258200,"NETCASH_OPERATE":76346929000,"NETCASH_INVEST":-40382732000,"NETCASH_FINANCE":-18520356400,"END_CASH":116429736200,"DIVI_RATIO":0.212673712672,"DIVIDEND_RATE":3.935224137931,"CURRENT_RATIO":null,"COMMON_ACS":null,"CURRENTDEBT_DEBT":null,"ISSUED_COMMON_SHARES":1723169992,"HK_COMMON_SHARES":1723169992,"PER_SHARES":100,"TOTAL_MARKET_CAP":399775438144,"HKSK_MARKET_CAP":399775438144,"PE_TTM":12.621515909203,"PB_TTM":1.619694635669,"REPORT_DATE_SQ":"2022-09-30 00:00:00","REPORT_TYPE_SQ":"2022年三季报","OPERATE_INCOME_SQ":-383812204400,"DPS_HKD":9.12972,"OPERATE_INCOME_QOQ_SQ":-24.88535554551,"NET_PROFIT_RATIO_SQ":298.1672394044,"HOLDER_PROFIT_SQ":-14833523200,"HOLDER_PROFIT_QOQ_SQ":-1.655487950253,"ROE_AVG_SQ":9.438708663068,"PE_TTM_SQ":11.413837815327,"PB_TTM_SQ":1.442453116016,"ROA_SQ":0.616652000781,"START_DATE":"2023-01-01 00:00:00","FISCAL_YEAR":"12-31","CURRENCY":"HKD","IS_CNY_CODE":0,"DPS_HKD_LY":8.391424,"ORG_TYPE":"保险","PREMIUM_INCOME":94037136400,"PREMIUM_INCOME_YOY":3.343143025309,"NET_INTEREST_INCOME":null,"NET_INTEREST_INCOME_YOY":null,"FEE_COMMISSION_INCOME":null,"FEE_COMMISSION_INCOME_YOY":null,"ACCOUNTS_RECE_TDAYS":null,"INVENTORY_TDAYS":null,"CURRENT_ASSETS_TDAYS":null,"TOTAL_ASSETS_TDAYS":0.034276760356,"PREMIUM_EXPENSE":null,"LOAN_DEPOSIT":null,"LOAN_EQUITY":null,"LOAN_ASSETS":null,"DEPOSIT_EQUITY":null,"DEPOSIT_ASSETS":null,"EQUITY_MULTIPLIER":17.046477006221,"EQUITY_RATIO":16.597527791254},{"SECUCODE":"00945.HK","SECURITY_CODE":"00945","SECURITY_NAME_ABBR":"宏利金融-S","ORG_CODE":"10009177","STD_REPORT_DATE":"2023-06-30 00:00:00","REPORT_DATE":"2023-06-30 00:00:00","DATE_TYPE_CODE":"002","REPORT_TYPE":"2023年中报","PER_NETCASH_OPERATE":26.115589589892,"PER_OI":108.632375350891,"BPS":123.997684321327,"BASIC_EPS":6.730683,"DILUTED_EPS":6.730683,"OPERATE_INCOME":199146135300,"OPERATE_INCOME_YOY":156.3917813313,"GROSS_PROFIT":null,"GROSS_PROFIT_YOY":null,"HOLDER_PROFIT":13302675100,"HOLDER_PROFIT_YOY":172.80622941,"GROSS_PROFIT_RATIO":null,"EPS_TTM":37.183410088128,"OPERATE_INCOME_QOQ":100.858837567129,"NET_PROFIT_RATIO":7.0920231913,"ROE_AVG":5.25150405582,"GROSS_PROFIT_QOQ":null,"ROA":0.285957610989,"HOLDER_PROFIT_QOQ":34.104914006945,"ROE_YEARLY":10.50300811164,"ROIC_YEARLY":0.58637869547,"TOTAL_ASSETS":4658458923100,"TOTAL_LIABILITIES":4400416575500,"TAX_EBT":18.193343898574,"OCF_SALES":24.040337427527,"TOTAL_PARENT_EQUITY":250113274700,"DEBT_ASSET_RATIO":94.4607787283,"OPERATE_PROFIT":17264475500,"PRETAX_PROFIT":17264475500,"NETCASH_OPERATE":47875402900,"NETCASH_INVEST":-21778958000,"NETCASH_FINANCE":-12974349100,"END_CASH":113042641800,"DIVI_RATIO":0.222663353974,"DIVIDEND_RATE":3.935224137931,"CURRENT_RATIO":null,"COMMON_ACS":null,"CURRENTDEBT_DEBT":null,"ISSUED_COMMON_SHARES":1723169992,"HK_COMMON_SHARES":1723169992,"PER_SHARES":100,"TOTAL_MARKET_CAP":399775438144,"HKSK_MARKET_CAP":399775438144,"PE_TTM":12.621515909203,"PB_TTM":1.619694635669,"REPORT_DATE_SQ":"2022-06-30 00:00:00","REPORT_TYPE_SQ":"2022年中报","OPERATE_INCOME_SQ":-335961508800,"DPS_HKD":9.12972,"OPERATE_INCOME_QOQ_SQ":-49.279568290874,"NET_PROFIT_RATIO_SQ":null,"HOLDER_PROFIT_SQ":-17382166200,"HOLDER_PROFIT_QOQ_SQ":-16.691976769685,"ROE_AVG_SQ":7.121536678723,"PE_TTM_SQ":11.413837815327,"PB_TTM_SQ":1.442453116016,"ROA_SQ":0.466699076325,"START_DATE":"2023-01-01 00:00:00","FISCAL_YEAR":"12-31","CURRENCY":"HKD","IS_CNY_CODE":0,"DPS_HKD_LY":8.391424,"ORG_TYPE":"保险","PREMIUM_INCOME":62070030300,"PREMIUM_INCOME_YOY":-0.761154855643,"NET_INTEREST_INCOME":null,"NET_INTEREST_INCOME_YOY":null,"FEE_COMMISSION_INCOME":null,"FEE_COMMISSION_INCOME_YOY":null,"ACCOUNTS_RECE_TDAYS":null,"INVENTORY_TDAYS":null,"CURRENT_ASSETS_TDAYS":null,"TOTAL_ASSETS_TDAYS":0.042808948321,"PREMIUM_EXPENSE":null,"LOAN_DEPOSIT":null,"LOAN_EQUITY":null,"LOAN_ASSETS":null,"DEPOSIT_EQUITY":null,"DEPOSIT_ASSETS":null,"EQUITY_MULTIPLIER":18.053079141449,"EQUITY_RATIO":17.59369462008},{"SECUCODE":"00945.HK","SECURITY_CODE":"00945","SECURITY_NAME_ABBR":"宏利金融-S","ORG_CODE":"10009177","STD_REPORT_DATE":"2023-03-31 00:00:00","REPORT_DATE":"2023-03-31 00:00:00","DATE_TYPE_CODE":"003","REPORT_TYPE":"2023年一季报","PER_NETCASH_OPERATE":8.117430309112,"PER_OI":59.107528920865,"BPS":120.086768549066,"BASIC_EPS":3.710152,"DILUTED_EPS":3.710152,"OPERATE_INCOME":109358000800,"OPERATE_INCOME_YOY":196.9889565021,"GROSS_PROFIT":null,"GROSS_PROFIT_YOY":null,"HOLDER_PROFIT":7145854400,"HOLDER_PROFIT_YOY":215.2459016393,"GROSS_PROFIT_RATIO":null,"EPS_TTM":27.473207887712,"OPERATE_INCOME_QOQ":252.147158741071,"NET_PROFIT_RATIO":6.5529581261,"ROE_AVG":2.983522721244,"GROSS_PROFIT_QOQ":null,"ROA":0.16434228313,"HOLDER_PROFIT_QOQ":35.617274274731,"ROE_YEARLY":11.934090884977,"ROIC_YEARLY":0.672952260953,"TOTAL_ASSETS":4381648852800,"TOTAL_LIABILITIES":4133876770400,"TAX_EBT":17.975567190227,"OCF_SALES":13.733327136683,"TOTAL_PARENT_EQUITY":240778700000,"DEBT_ASSET_RATIO":94.3452318813,"OPERATE_PROFIT":8736645600,"PRETAX_PROFIT":8736645600,"NETCASH_OPERATE":15018492000,"NETCASH_INVEST":-20090727200,"NETCASH_FINANCE":-1311259200,"END_CASH":88382936000,"DIVI_RATIO":0.301362070139,"DIVIDEND_RATE":3.935224137931,"CURRENT_RATIO":null,"COMMON_ACS":null,"CURRENTDEBT_DEBT":null,"ISSUED_COMMON_SHARES":1723169992,"HK_COMMON_SHARES":1723169992,"PER_SHARES":100,"TOTAL_MARKET_CAP":399775438144,"HKSK_MARKET_CAP":399775438144,"PE_TTM":12.621515909203,"PB_TTM":1.619694635669,"REPORT_DATE_SQ":"2022-03-31 00:00:00","REPORT_TYPE_SQ":"2022年一季报","OPERATE_INCOME_SQ":-112808506500,"DPS_HKD":9.12972,"OPERATE_INCOME_QOQ_SQ":-3.279195527491,"NET_PROFIT_RATIO_SQ":null,"HOLDER_PROFIT_SQ":-6203578000,"HOLDER_PROFIT_QOQ_SQ":31.010123466144,"ROE_AVG_SQ":5.171288033779,"PE_TTM_SQ":11.413837815327,"PB_TTM_SQ":1.442453116016,"ROA_SQ":0.333191044677,"START_DATE":"2023-01-01 00:00:00","FISCAL_YEAR":"12-31","CURRENCY":"HKD","IS_CNY_CODE":0,"DPS_HKD_LY":8.391424,"ORG_TYPE":"保险","PREMIUM_INCOME":29289871200,"PREMIUM_INCOME_YOY":1.140751140751,"NET_INTEREST_INCOME":null,"NET_INTEREST_INCOME_YOY":null,"FEE_COMMISSION_INCOME":null,"FEE_COMMISSION_INCOME_YOY":null,"ACCOUNTS_RECE_TDAYS":null,"INVENTORY_TDAYS":null,"CURRENT_ASSETS_TDAYS":null,"TOTAL_ASSETS_TDAYS":0.025150447412,"PREMIUM_EXPENSE":null,"LOAN_DEPOSIT":null,"LOAN_EQUITY":null,"LOAN_ASSETS":null,"DEPOSIT_EQUITY":null,"DEPOSIT_ASSETS":null,"EQUITY_MULTIPLIER":17.684191093408,"EQUITY_RATIO":17.168781002639},{"SECUCODE":"00945.HK","SECURITY_CODE":"00945","SECURITY_NAME_ABBR":"宏利金融-S","ORG_CODE":"10009177","STD_REPORT_DATE":"2022-12-31 00:00:00","REPORT_DATE":"2022-12-31 00:00:00","DATE_TYPE_CODE":"001","REPORT_TYPE":"2022年年报","PER_NETCASH_OPERATE":48.866646266692,"PER_OI":-142.976615437194,"BPS":147.313985084764,"BASIC_EPS":-5.909275,"DILUTED_EPS":-5.909275,"OPERATE_INCOME":-266636765000,"OPERATE_INCOME_YOY":-72.2634703418,"GROSS_PROFIT":null,"GROSS_PROFIT_YOY":null,"HOLDER_PROFIT":-9932720500,"HOLDER_PROFIT_YOY":2.6600985222,"GROSS_PROFIT_RATIO":null,"EPS_TTM":20.097734303313,"OPERATE_INCOME_QOQ":-22.715633047206,"NET_PROFIT_RATIO":41.8848778212,"ROE_AVG":12.744061711031,"GROSS_PROFIT_QOQ":null,"ROA":0.82577448907,"HOLDER_PROFIT_QOQ":-1.796526158876,"ROE_YEARLY":12.744061711031,"ROIC_YEARLY":0.8461432272,"TOTAL_ASSETS":4283910926500,"TOTAL_LIABILITIES":4036101625500,"TAX_EBT":36.934353091141,"OCF_SALES":103.429171283606,"TOTAL_PARENT_EQUITY":240872326000,"DEBT_ASSET_RATIO":93.3589024443,"OPERATE_PROFIT":-16124613000,"PRETAX_PROFIT":-16124613000,"NETCASH_OPERATE":85442978000,"NETCASH_INVEST":-94548400000,"NETCASH_FINANCE":-10831958000,"END_CASH":95755947500,"DIVI_RATIO":0.411956028349,"DIVIDEND_RATE":3.935224137931,"CURRENT_RATIO":null,"COMMON_ACS":null,"CURRENTDEBT_DEBT":null,"ISSUED_COMMON_SHARES":1723169992,"HK_COMMON_SHARES":1723169992,"PER_SHARES":100,"TOTAL_MARKET_CAP":399775438144,"HKSK_MARKET_CAP":399775438144,"PE_TTM":12.621515909203,"PB_TTM":1.619694635669,"REPORT_DATE_SQ":"2021-12-31 00:00:00","REPORT_TYPE_SQ":"2021年年报","OPERATE_INCOME_SQ":309389376600,"DPS_HKD":9.12972,"OPERATE_INCOME_QOQ_SQ":3.923650695481,"NET_PROFIT_RATIO_SQ":11.1806667637,"HOLDER_PROFIT_SQ":35557683000,"HOLDER_PROFIT_QOQ_SQ":2.292034890566,"ROE_AVG_SQ":12.831510795265,"PE_TTM_SQ":11.413837815327,"PB_TTM_SQ":1.442453116016,"ROA_SQ":0.790326097113,"START_DATE":"2022-01-01 00:00:00","FISCAL_YEAR":"12-31","CURRENCY":"HKD","IS_CNY_CODE":0,"DPS_HKD_LY":7.95168,"ORG_TYPE":"保险","PREMIUM_INCOME":118791843000,"PREMIUM_INCOME_YOY":-47.866678693848,"NET_INTEREST_INCOME":null,"NET_INTEREST_INCOME_YOY":null,"FEE_COMMISSION_INCOME":null,"FEE_COMMISSION_INCOME_YOY":null,"ACCOUNTS_RECE_TDAYS":null,"INVENTORY_TDAYS":null,"CURRENT_ASSETS_TDAYS":null,"TOTAL_ASSETS_TDAYS":0.019412606477,"PREMIUM_EXPENSE":null,"LOAN_DEPOSIT":null,"LOAN_EQUITY":null,"LOAN_ASSETS":null,"DEPOSIT_EQUITY":null,"DEPOSIT_ASSETS":null,"EQUITY_MULTIPLIER":15.057751999769,"EQUITY_RATIO":16.756186534687}],"count":84},"success":true,"message":"ok","code":0}