{"version":"2de9290d3c5e796e1c70210614080a40","result":{"pages":5,"data":[{"SECUCODE":"00948.HK","SECURITY_CODE":"00948","SECURITY_NAME_ABBR":"阿尔法企业","ORG_CODE":"10148524","STD_REPORT_DATE":"2024-06-30 00:00:00","REPORT_DATE":"2024-09-30 00:00:00","DATE_TYPE_CODE":"002","REPORT_TYPE":"2024年中报","PER_NETCASH_OPERATE":-0.002932983041,"PER_OI":0.043839834543,"BPS":0.251116018102,"BASIC_EPS":-0.0631253,"DILUTED_EPS":null,"OPERATE_INCOME":15312394.2,"OPERATE_INCOME_YOY":-82.2089039302,"GROSS_PROFIT":2476315.34,"GROSS_PROFIT_YOY":42.181187260851,"HOLDER_PROFIT":-22159685.67,"HOLDER_PROFIT_YOY":27.0506160012,"GROSS_PROFIT_RATIO":16.171967020024,"EPS_TTM":-0.099461361819,"OPERATE_INCOME_QOQ":0,"NET_PROFIT_RATIO":-146.3191990577,"ROE_AVG":-22.806097589271,"GROSS_PROFIT_QOQ":0,"ROA":-12.792174664487,"HOLDER_PROFIT_QOQ":0,"ROE_YEARLY":-45.612195178542,"ROIC_YEARLY":-32.70077849491,"TOTAL_ASSETS":167626528.78,"TOTAL_LIABILITIES":74721417.61,"TAX_EBT":-0.709363599514,"OCF_SALES":-6.690223792697,"TOTAL_PARENT_EQUITY":87709898.98,"DEBT_ASSET_RATIO":44.576128942,"OPERATE_PROFIT":-20820527.52,"PRETAX_PROFIT":-22247159.3,"NETCASH_OPERATE":-1024433.44,"NETCASH_INVEST":-15181634.65,"NETCASH_FINANCE":-1464506.96,"END_CASH":27567720.3,"DIVI_RATIO":null,"DIVIDEND_RATE":null,"CURRENT_RATIO":1.227300131062,"COMMON_ACS":625000000,"CURRENTDEBT_DEBT":92.084142941624,"ISSUED_COMMON_SHARES":349280383,"HK_COMMON_SHARES":349280383,"PER_SHARES":2000,"TOTAL_MARKET_CAP":96052105.325,"HKSK_MARKET_CAP":96052105.325,"PE_TTM":-3.288442100894,"PB_TTM":0.987560458607,"REPORT_DATE_SQ":"2023-06-30 00:00:00","REPORT_TYPE_SQ":"2023年中报","OPERATE_INCOME_SQ":87579524.83,"DPS_HKD":null,"OPERATE_INCOME_QOQ_SQ":0,"NET_PROFIT_RATIO_SQ":-35.2940560137,"HOLDER_PROFIT_SQ":-30910366.55,"HOLDER_PROFIT_QOQ_SQ":0,"ROE_AVG_SQ":-23.988150131566,"PE_TTM_SQ":-1.651693792914,"PB_TTM_SQ":0.715580123661,"ROA_SQ":-13.478043413024,"START_DATE":"2024-04-01 00:00:00","FISCAL_YEAR":"3-31","CURRENCY":"HKD","IS_CNY_CODE":0,"DPS_HKD_LY":null,"ORG_TYPE":"一般企业","PREMIUM_INCOME":null,"PREMIUM_INCOME_YOY":null,"NET_INTEREST_INCOME":null,"NET_INTEREST_INCOME_YOY":null,"FEE_COMMISSION_INCOME":null,"FEE_COMMISSION_INCOME_YOY":null,"ACCOUNTS_RECE_TDAYS":0.203880697373,"INVENTORY_TDAYS":34.887254901961,"CURRENT_ASSETS_TDAYS":0.135634920001,"TOTAL_ASSETS_TDAYS":0.088394223661,"PREMIUM_EXPENSE":null,"LOAN_DEPOSIT":null,"LOAN_EQUITY":null,"LOAN_ASSETS":null,"DEPOSIT_EQUITY":null,"DEPOSIT_ASSETS":null,"EQUITY_MULTIPLIER":1.804276714908,"EQUITY_RATIO":0.851915444881},{"SECUCODE":"00948.HK","SECURITY_CODE":"00948","SECURITY_NAME_ABBR":"阿尔法企业","ORG_CODE":"10148524","STD_REPORT_DATE":"2023-12-31 00:00:00","REPORT_DATE":"2024-03-31 00:00:00","DATE_TYPE_CODE":"001","REPORT_TYPE":"2023年年报","PER_NETCASH_OPERATE":0.113757261741,"PER_OI":0.249970610288,"BPS":0.306871302732,"BASIC_EPS":-0.0997205,"DILUTED_EPS":null,"OPERATE_INCOME":87309830.5,"OPERATE_INCOME_YOY":-73.4751151909,"GROSS_PROFIT":3686938.85,"GROSS_PROFIT_YOY":-90.145833104036,"HOLDER_PROFIT":-34739902.55,"HOLDER_PROFIT_YOY":-3014.144486692,"GROSS_PROFIT_RATIO":4.22282213685,"EPS_TTM":-0.1382771877,"OPERATE_INCOME_QOQ":0,"NET_PROFIT_RATIO":-39.789222303,"ROE_AVG":-27.663299079959,"GROSS_PROFIT_QOQ":0,"ROA":-16.350293333333,"HOLDER_PROFIT_QOQ":0,"ROE_YEARLY":-27.663299079959,"ROIC_YEARLY":-18.794615816591,"TOTAL_ASSETS":179774304.3,"TOTAL_LIABILITIES":72590178.15,"TAX_EBT":20.781824947286,"OCF_SALES":45.508254594539,"TOTAL_PARENT_EQUITY":107184126.15,"DEBT_ASSET_RATIO":40.3785059454,"OPERATE_PROFIT":-39821115.3,"PRETAX_PROFIT":-43853449.7,"NETCASH_OPERATE":39733179.95,"NETCASH_INVEST":5919771.5,"NETCASH_FINANCE":-16506462.4,"END_CASH":42858964.35,"DIVI_RATIO":null,"DIVIDEND_RATE":null,"CURRENT_RATIO":1.965156663365,"COMMON_ACS":625000000,"CURRENTDEBT_DEBT":99.605360108901,"ISSUED_COMMON_SHARES":349280383,"HK_COMMON_SHARES":349280383,"PER_SHARES":2000,"TOTAL_MARKET_CAP":78588086.175,"HKSK_MARKET_CAP":78588086.175,"PE_TTM":-2.690543537095,"PB_TTM":0.808004011587,"REPORT_DATE_SQ":"2022-12-31 00:00:00","REPORT_TYPE_SQ":"2022年年报","OPERATE_INCOME_SQ":317855243.13,"DPS_HKD":null,"OPERATE_INCOME_QOQ_SQ":0,"NET_PROFIT_RATIO_SQ":0.3621661668,"HOLDER_PROFIT_SQ":1151164.15,"HOLDER_PROFIT_QOQ_SQ":0,"ROE_AVG_SQ":0.955769321622,"PE_TTM_SQ":77.027612980989,"PB_TTM_SQ":0.830072943447,"ROA_SQ":0.585401901777,"START_DATE":"2023-04-01 00:00:00","FISCAL_YEAR":"3-31","CURRENCY":"HKD","IS_CNY_CODE":0,"DPS_HKD_LY":null,"ORG_TYPE":"一般企业","PREMIUM_INCOME":null,"PREMIUM_INCOME_YOY":null,"NET_INTEREST_INCOME":null,"NET_INTEREST_INCOME_YOY":null,"FEE_COMMISSION_INCOME":null,"FEE_COMMISSION_INCOME_YOY":null,"ACCOUNTS_RECE_TDAYS":0.70717120504,"INVENTORY_TDAYS":46.811976655671,"CURRENT_ASSETS_TDAYS":0.521069190046,"TOTAL_ASSETS_TDAYS":0.410922666667,"PREMIUM_EXPENSE":null,"LOAN_DEPOSIT":null,"LOAN_EQUITY":null,"LOAN_ASSETS":null,"DEPOSIT_EQUITY":null,"DEPOSIT_ASSETS":null,"EQUITY_MULTIPLIER":1.677247468982,"EQUITY_RATIO":0.677247468981},{"SECUCODE":"00948.HK","SECURITY_CODE":"00948","SECURITY_NAME_ABBR":"阿尔法企业","ORG_CODE":"10148524","STD_REPORT_DATE":"2023-06-30 00:00:00","REPORT_DATE":"2023-09-30 00:00:00","DATE_TYPE_CODE":"002","REPORT_TYPE":"2023年中报","PER_NETCASH_OPERATE":-0.003883004045,"PER_OI":0.250742753079,"BPS":0.320589536258,"BASIC_EPS":-0.08809248,"DILUTED_EPS":null,"OPERATE_INCOME":87579524.83,"OPERATE_INCOME_YOY":-59.718488193,"GROSS_PROFIT":1741661.74,"GROSS_PROFIT_YOY":-95.130286032519,"HOLDER_PROFIT":-30910366.55,"HOLDER_PROFIT_YOY":-264.3411230912,"GROSS_PROFIT_RATIO":1.988663153152,"EPS_TTM":0.003295816788,"OPERATE_INCOME_QOQ":0,"NET_PROFIT_RATIO":-35.2940560137,"ROE_AVG":-23.988150131566,"GROSS_PROFIT_QOQ":0,"ROA":-13.478043413024,"HOLDER_PROFIT_QOQ":0,"ROE_YEARLY":-47.976300263133,"ROIC_YEARLY":-27.767931480764,"TOTAL_ASSETS":210509827.78,"TOTAL_LIABILITIES":98534191.77,"TAX_EBT":-4.355773103256,"OCF_SALES":-1.548600706195,"TOTAL_PARENT_EQUITY":111975636.01,"DEBT_ASSET_RATIO":46.8074069554,"OPERATE_PROFIT":-27128813.32,"PRETAX_PROFIT":-29620178.77,"NETCASH_OPERATE":-1356257.14,"NETCASH_INVEST":917.63,"NETCASH_FINANCE":-10136140.98,"END_CASH":851560.64,"DIVI_RATIO":null,"DIVIDEND_RATE":null,"CURRENT_RATIO":1.663259091292,"COMMON_ACS":625000000,"CURRENTDEBT_DEBT":99.389079801451,"ISSUED_COMMON_SHARES":349280383,"HK_COMMON_SHARES":349280383,"PER_SHARES":2000,"TOTAL_MARKET_CAP":78588086.175,"HKSK_MARKET_CAP":78588086.175,"PE_TTM":-2.690543537095,"PB_TTM":0.808004011587,"REPORT_DATE_SQ":"2022-06-30 00:00:00","REPORT_TYPE_SQ":"2022年中报","OPERATE_INCOME_SQ":214293491.4,"DPS_HKD":null,"OPERATE_INCOME_QOQ_SQ":0,"NET_PROFIT_RATIO_SQ":8.6508958153,"HOLDER_PROFIT_SQ":18538306.68,"HOLDER_PROFIT_QOQ_SQ":0,"ROE_AVG_SQ":13.773384582303,"PE_TTM_SQ":-1.816863172206,"PB_TTM_SQ":0.787138136027,"ROA_SQ":8.744677764789,"START_DATE":"2023-04-01 00:00:00","FISCAL_YEAR":"3-31","CURRENCY":"HKD","IS_CNY_CODE":0,"DPS_HKD_LY":null,"ORG_TYPE":"一般企业","PREMIUM_INCOME":null,"PREMIUM_INCOME_YOY":null,"NET_INTEREST_INCOME":null,"NET_INTEREST_INCOME_YOY":null,"FEE_COMMISSION_INCOME":null,"FEE_COMMISSION_INCOME_YOY":null,"ACCOUNTS_RECE_TDAYS":0.561875410261,"INVENTORY_TDAYS":null,"CURRENT_ASSETS_TDAYS":0.488894466699,"TOTAL_ASSETS_TDAYS":0.381878563569,"PREMIUM_EXPENSE":null,"LOAN_DEPOSIT":null,"LOAN_EQUITY":null,"LOAN_ASSETS":null,"DEPOSIT_EQUITY":null,"DEPOSIT_ASSETS":null,"EQUITY_MULTIPLIER":1.879960992241,"EQUITY_RATIO":0.879960992239},{"SECUCODE":"00948.HK","SECURITY_CODE":"00948","SECURITY_NAME_ABBR":"阿尔法企业","ORG_CODE":"10148524","STD_REPORT_DATE":"2022-12-31 00:00:00","REPORT_DATE":"2023-03-31 00:00:00","DATE_TYPE_CODE":"001","REPORT_TYPE":"2022年年报","PER_NETCASH_OPERATE":-0.241735003194,"PER_OI":0.910028901136,"BPS":0.398054465601,"BASIC_EPS":0.00350164,"DILUTED_EPS":null,"OPERATE_INCOME":317855243.13,"OPERATE_INCOME_YOY":-17.1688114374,"GROSS_PROFIT":37415023.4,"GROSS_PROFIT_YOY":33.034955806491,"HOLDER_PROFIT":1151164.15,"HOLDER_PROFIT_YOY":104.1556061181,"GROSS_PROFIT_RATIO":11.771088949663,"EPS_TTM":-0.010296746611,"OPERATE_INCOME_QOQ":0,"NET_PROFIT_RATIO":0.3621661668,"ROE_AVG":0.955769321622,"GROSS_PROFIT_QOQ":0,"ROA":0.585401901777,"HOLDER_PROFIT_QOQ":0,"ROE_YEARLY":0.955769321622,"ROIC_YEARLY":0.634228568259,"TOTAL_ASSETS":236749382.04,"TOTAL_LIABILITIES":97716765.84,"TAX_EBT":15.924657534247,"OCF_SALES":-26.563442423842,"TOTAL_PARENT_EQUITY":139032616.2,"DEBT_ASSET_RATIO":41.2743488486,"OPERATE_PROFIT":1527590.45,"PRETAX_PROFIT":-2556197.2,"NETCASH_OPERATE":-84433294.5,"NETCASH_INVEST":-161075.44,"NETCASH_FINANCE":79319149.28,"END_CASH":11980861.26,"DIVI_RATIO":null,"DIVIDEND_RATE":null,"CURRENT_RATIO":1.907546764137,"COMMON_ACS":625000000,"CURRENTDEBT_DEBT":100,"ISSUED_COMMON_SHARES":349280383,"HK_COMMON_SHARES":349280383,"PER_SHARES":2000,"TOTAL_MARKET_CAP":79635927.324,"HKSK_MARKET_CAP":79635927.324,"PE_TTM":-2.726417450923,"PB_TTM":0.818777398408,"REPORT_DATE_SQ":"2021-12-31 00:00:00","REPORT_TYPE_SQ":"2021年年报","OPERATE_INCOME_SQ":355508666.53,"DPS_HKD":null,"OPERATE_INCOME_QOQ_SQ":0,"NET_PROFIT_RATIO_SQ":-6.8528660807,"HOLDER_PROFIT_SQ":-25663600.44,"HOLDER_PROFIT_QOQ_SQ":0,"ROE_AVG_SQ":-23.717316924184,"PE_TTM_SQ":82.339862152091,"PB_TTM_SQ":0.88731935334,"ROA_SQ":-15.128834619807,"START_DATE":"2022-04-01 00:00:00","FISCAL_YEAR":"3-31","CURRENCY":"HKD","IS_CNY_CODE":0,"DPS_HKD_LY":null,"ORG_TYPE":"一般企业","PREMIUM_INCOME":null,"PREMIUM_INCOME_YOY":null,"NET_INTEREST_INCOME":null,"NET_INTEREST_INCOME_YOY":null,"FEE_COMMISSION_INCOME":null,"FEE_COMMISSION_INCOME_YOY":null,"ACCOUNTS_RECE_TDAYS":2.700278882981,"INVENTORY_TDAYS":73.282168592016,"CURRENT_ASSETS_TDAYS":2.116975191674,"TOTAL_ASSETS_TDAYS":1.616390362905,"PREMIUM_EXPENSE":null,"LOAN_DEPOSIT":null,"LOAN_EQUITY":null,"LOAN_ASSETS":null,"DEPOSIT_EQUITY":null,"DEPOSIT_ASSETS":null,"EQUITY_MULTIPLIER":1.702833396299,"EQUITY_RATIO":0.702833396298},{"SECUCODE":"00948.HK","SECURITY_CODE":"00948","SECURITY_NAME_ABBR":"阿尔法企业","ORG_CODE":"10148524","STD_REPORT_DATE":"2022-06-30 00:00:00","REPORT_DATE":"2022-09-30 00:00:00","DATE_TYPE_CODE":"002","REPORT_TYPE":"2022年中报","PER_NETCASH_OPERATE":-0.289385266278,"PER_OI":0.613528562811,"BPS":0.46941596385,"BASIC_EPS":0.0542664,"DILUTED_EPS":0.0542664,"OPERATE_INCOME":214293491.4,"OPERATE_INCOME_YOY":-1.7690566413,"GROSS_PROFIT":35765175.36,"GROSS_PROFIT_YOY":108.025449286992,"HOLDER_PROFIT":18538306.68,"HOLDER_PROFIT_YOY":583.8762983947,"GROSS_PROFIT_RATIO":16.689809441408,"EPS_TTM":-0.073475642175,"OPERATE_INCOME_QOQ":0,"NET_PROFIT_RATIO":8.6508958153,"ROE_AVG":13.773384582303,"GROSS_PROFIT_QOQ":0,"ROA":8.744677764789,"HOLDER_PROFIT_QOQ":0,"ROE_YEARLY":27.546769164606,"ROIC_YEARLY":18.475211425661,"TOTAL_ASSETS":262258657.92,"TOTAL_LIABILITIES":98300870.28,"TAX_EBT":15.541529916688,"OCF_SALES":-47.167366577331,"TOTAL_PARENT_EQUITY":163957787.64,"DEBT_ASSET_RATIO":37.4824118523,"OPERATE_PROFIT":19291705.2,"PRETAX_PROFIT":17912434.2,"NETCASH_OPERATE":-101076596.64,"NETCASH_INVEST":-167321.4,"NETCASH_FINANCE":87297453.24,"END_CASH":3720866.16,"DIVI_RATIO":null,"DIVIDEND_RATE":null,"CURRENT_RATIO":2.016966150506,"COMMON_ACS":625000000,"CURRENTDEBT_DEBT":100,"ISSUED_COMMON_SHARES":349280383,"HK_COMMON_SHARES":349280383,"PER_SHARES":2000,"TOTAL_MARKET_CAP":79635927.324,"HKSK_MARKET_CAP":79635927.324,"PE_TTM":-2.726417450923,"PB_TTM":0.818777398408,"REPORT_DATE_SQ":"2021-06-30 00:00:00","REPORT_TYPE_SQ":"2021年中报","OPERATE_INCOME_SQ":200935738.12,"DPS_HKD":null,"OPERATE_INCOME_QOQ_SQ":0,"NET_PROFIT_RATIO_SQ":-1.6677231013,"HOLDER_PROFIT_SQ":-3528842.16,"HOLDER_PROFIT_QOQ_SQ":0,"ROE_AVG_SQ":-2.87984009953,"PE_TTM_SQ":82.339862152091,"PB_TTM_SQ":0.88731935334,"ROA_SQ":-1.842199680355,"START_DATE":"2022-04-01 00:00:00","FISCAL_YEAR":"3-31","CURRENCY":"HKD","IS_CNY_CODE":0,"DPS_HKD_LY":null,"ORG_TYPE":"一般企业","PREMIUM_INCOME":null,"PREMIUM_INCOME_YOY":null,"NET_INTEREST_INCOME":null,"NET_INTEREST_INCOME_YOY":null,"FEE_COMMISSION_INCOME":null,"FEE_COMMISSION_INCOME_YOY":null,"ACCOUNTS_RECE_TDAYS":1.64195550258,"INVENTORY_TDAYS":11.154869882173,"CURRENT_ASSETS_TDAYS":1.356549868316,"TOTAL_ASSETS_TDAYS":1.010840721179,"PREMIUM_EXPENSE":null,"LOAN_DEPOSIT":null,"LOAN_EQUITY":null,"LOAN_ASSETS":null,"DEPOSIT_EQUITY":null,"DEPOSIT_ASSETS":null,"EQUITY_MULTIPLIER":1.59954987009,"EQUITY_RATIO":0.599549870091},{"SECUCODE":"00948.HK","SECURITY_CODE":"00948","SECURITY_NAME_ABBR":"阿尔法企业","ORG_CODE":"10148524","STD_REPORT_DATE":"2021-12-31 00:00:00","REPORT_DATE":"2022-03-31 00:00:00","DATE_TYPE_CODE":"001","REPORT_TYPE":"2021年年报","PER_NETCASH_OPERATE":-0.125374109148,"PER_OI":1.130895258293,"BPS":0.270160676358,"BASIC_EPS":-0.08191201,"DILUTED_EPS":-0.08191201,"OPERATE_INCOME":355508666.53,"OPERATE_INCOME_YOY":72.2360023723,"GROSS_PROFIT":28124204.78,"GROSS_PROFIT_YOY":435.67279784962,"HOLDER_PROFIT":-25663600.44,"HOLDER_PROFIT_YOY":-111.0584939638,"GROSS_PROFIT_RATIO":-1.159469251542,"EPS_TTM":-0.042190637425,"OPERATE_INCOME_QOQ":0,"NET_PROFIT_RATIO":-6.8528660807,"ROE_AVG":-23.717316924184,"GROSS_PROFIT_QOQ":0,"ROA":-15.128834619807,"HOLDER_PROFIT_QOQ":0,"ROE_YEARLY":-23.717316924184,"ROIC_YEARLY":-19.351347054093,"TOTAL_ASSETS":145024808.2,"TOTAL_LIABILITIES":50662983.69,"TAX_EBT":19.72947123924,"OCF_SALES":-10.524229962123,"TOTAL_PARENT_EQUITY":94361824.51,"DEBT_ASSET_RATIO":34.9340118555,"OPERATE_PROFIT":11890217.61,"PRETAX_PROFIT":11871564.38,"NETCASH_OPERATE":-39412652.97,"NETCASH_INVEST":-30818.38,"NETCASH_FINANCE":-1127303.9,"END_CASH":16950920.01,"DIVI_RATIO":null,"DIVIDEND_RATE":null,"CURRENT_RATIO":2.122866560063,"COMMON_ACS":625000000,"CURRENTDEBT_DEBT":98.10626070531,"ISSUED_COMMON_SHARES":349280383,"HK_COMMON_SHARES":349280383,"PER_SHARES":2000,"TOTAL_MARKET_CAP":79635927.324,"HKSK_MARKET_CAP":79635927.324,"PE_TTM":-2.726417450923,"PB_TTM":0.818777398408,"REPORT_DATE_SQ":"2020-12-31 00:00:00","REPORT_TYPE_SQ":"2020年年报","OPERATE_INCOME_SQ":226591912.82,"DPS_HKD":null,"OPERATE_INCOME_QOQ_SQ":0,"NET_PROFIT_RATIO_SQ":-5.592337159,"HOLDER_PROFIT_SQ":-12671783.74,"HOLDER_PROFIT_QOQ_SQ":0,"ROE_AVG_SQ":-11.448752457859,"PE_TTM_SQ":82.339862152091,"PB_TTM_SQ":0.88731935334,"ROA_SQ":-7.389609301454,"START_DATE":"2021-04-01 00:00:00","FISCAL_YEAR":"3-31","CURRENCY":"HKD","IS_CNY_CODE":0,"DPS_HKD_LY":null,"ORG_TYPE":"一般企业","PREMIUM_INCOME":null,"PREMIUM_INCOME_YOY":null,"NET_INTEREST_INCOME":null,"NET_INTEREST_INCOME_YOY":null,"FEE_COMMISSION_INCOME":null,"FEE_COMMISSION_INCOME_YOY":null,"ACCOUNTS_RECE_TDAYS":5.146105668484,"INVENTORY_TDAYS":16.261122328204,"CURRENT_ASSETS_TDAYS":2.886514869743,"TOTAL_ASSETS_TDAYS":2.207665295331,"PREMIUM_EXPENSE":null,"LOAN_DEPOSIT":null,"LOAN_EQUITY":null,"LOAN_ASSETS":null,"DEPOSIT_EQUITY":null,"DEPOSIT_ASSETS":null,"EQUITY_MULTIPLIER":1.536901272873,"EQUITY_RATIO":0.536901272873},{"SECUCODE":"00948.HK","SECURITY_CODE":"00948","SECURITY_NAME_ABBR":"阿尔法企业","ORG_CODE":"10148524","STD_REPORT_DATE":"2021-06-30 00:00:00","REPORT_DATE":"2021-09-30 00:00:00","DATE_TYPE_CODE":"002","REPORT_TYPE":"2021年中报","PER_NETCASH_OPERATE":-0.08357090009,"PER_OI":0.639189124922,"BPS":0.342713849063,"BASIC_EPS":-0.01082978,"DILUTED_EPS":-0.01082978,"OPERATE_INCOME":200935738.12,"OPERATE_INCOME_YOY":146.1230620155,"GROSS_PROFIT":17192692.28,"GROSS_PROFIT_YOY":172.425638908106,"HOLDER_PROFIT":-3528842.16,"HOLDER_PROFIT_YOY":-26.7125336524,"GROSS_PROFIT_RATIO":3.200406300812,"EPS_TTM":-0.040309735022,"OPERATE_INCOME_QOQ":0,"NET_PROFIT_RATIO":-1.6677231013,"ROE_AVG":-2.87984009953,"GROSS_PROFIT_QOQ":0,"ROA":-1.842199680355,"HOLDER_PROFIT_QOQ":0,"ROE_YEARLY":-5.75968019906,"ROIC_YEARLY":-4.821814270225,"TOTAL_ASSETS":183588096.68,"TOTAL_LIABILITIES":63884872.22,"TAX_EBT":16.643264227307,"OCF_SALES":-12.415796912586,"TOTAL_PARENT_EQUITY":119703224.46,"DEBT_ASSET_RATIO":34.7979380882,"OPERATE_PROFIT":10089189.66,"PRETAX_PROFIT":10085857.42,"NETCASH_OPERATE":-26271380.16,"NETCASH_INVEST":-28324.04,"NETCASH_FINANCE":-593138.72,"END_CASH":31742085.18,"DIVI_RATIO":null,"DIVIDEND_RATE":null,"CURRENT_RATIO":2.299712854758,"COMMON_ACS":625000000,"CURRENTDEBT_DEBT":97.637148408466,"ISSUED_COMMON_SHARES":349280383,"HK_COMMON_SHARES":349280383,"PER_SHARES":2000,"TOTAL_MARKET_CAP":79635927.324,"HKSK_MARKET_CAP":79635927.324,"PE_TTM":-2.726417450923,"PB_TTM":0.818777398408,"REPORT_DATE_SQ":"2020-06-30 00:00:00","REPORT_TYPE_SQ":"2020年中报","OPERATE_INCOME_SQ":90683904,"DPS_HKD":null,"OPERATE_INCOME_QOQ_SQ":0,"NET_PROFIT_RATIO_SQ":-3.2393410853,"HOLDER_PROFIT_SQ":-2937560.96,"HOLDER_PROFIT_QOQ_SQ":0,"ROE_AVG_SQ":-2.446592846845,"PE_TTM_SQ":82.339862152091,"PB_TTM_SQ":0.88731935334,"ROA_SQ":-1.596904594146,"START_DATE":"2021-04-01 00:00:00","FISCAL_YEAR":"3-31","CURRENCY":"HKD","IS_CNY_CODE":0,"DPS_HKD_LY":null,"ORG_TYPE":"一般企业","PREMIUM_INCOME":null,"PREMIUM_INCOME_YOY":null,"NET_INTEREST_INCOME":null,"NET_INTEREST_INCOME_YOY":null,"FEE_COMMISSION_INCOME":null,"FEE_COMMISSION_INCOME_YOY":null,"ACCOUNTS_RECE_TDAYS":3.496339890124,"INVENTORY_TDAYS":4.294522462097,"CURRENT_ASSETS_TDAYS":1.403177602104,"TOTAL_ASSETS_TDAYS":1.104619633169,"PREMIUM_EXPENSE":null,"LOAN_DEPOSIT":null,"LOAN_EQUITY":null,"LOAN_ASSETS":null,"DEPOSIT_EQUITY":null,"DEPOSIT_ASSETS":null,"EQUITY_MULTIPLIER":1.53369382912,"EQUITY_RATIO":0.533693829119},{"SECUCODE":"00948.HK","SECURITY_CODE":"00948","SECURITY_NAME_ABBR":"阿尔法企业","ORG_CODE":"10148524","STD_REPORT_DATE":"2020-12-31 00:00:00","REPORT_DATE":"2021-03-31 00:00:00","DATE_TYPE_CODE":"001","REPORT_TYPE":"2020年年报","PER_NETCASH_OPERATE":0.125209409037,"PER_OI":0.720803018044,"BPS":0.36415680568,"BASIC_EPS":-0.04056864,"DILUTED_EPS":-0.04056864,"OPERATE_INCOME":226591912.82,"OPERATE_INCOME_YOY":81.2336916109,"GROSS_PROFIT":5250258.16,"GROSS_PROFIT_YOY":1653.01378121034,"HOLDER_PROFIT":-12671783.74,"HOLDER_PROFIT_YOY":82.9733351504,"GROSS_PROFIT_RATIO":2.317054520905,"EPS_TTM":-0.012753929206,"OPERATE_INCOME_QOQ":0,"NET_PROFIT_RATIO":-5.592337159,"ROE_AVG":-11.448752457859,"GROSS_PROFIT_QOQ":0,"ROA":-7.389609301454,"HOLDER_PROFIT_QOQ":0,"ROE_YEARLY":-11.448752457859,"ROIC_YEARLY":-9.751576427891,"TOTAL_ASSETS":202426526.26,"TOTAL_LIABILITIES":75233697.7,"TAX_EBT":-2.691780821918,"OCF_SALES":17.37082197248,"TOTAL_PARENT_EQUITY":127192828.56,"DEBT_ASSET_RATIO":37.1659283445,"OPERATE_PROFIT":-12229754.6,"PRETAX_PROFIT":-12339628,"NETCASH_OPERATE":39360877.78,"NETCASH_INVEST":-39558649.9,"NETCASH_FINANCE":35686880.32,"END_CASH":59482923.22,"DIVI_RATIO":null,"DIVIDEND_RATE":null,"CURRENT_RATIO":2.164834538281,"COMMON_ACS":625000000,"CURRENTDEBT_DEBT":98.515980452733,"ISSUED_COMMON_SHARES":349280383,"HK_COMMON_SHARES":349280383,"PER_SHARES":2000,"TOTAL_MARKET_CAP":79635927.324,"HKSK_MARKET_CAP":79635927.324,"PE_TTM":-2.726417450923,"PB_TTM":0.818777398408,"REPORT_DATE_SQ":"2019-12-31 00:00:00","REPORT_TYPE_SQ":"2019年年报","OPERATE_INCOME_SQ":135163641,"DPS_HKD":null,"OPERATE_INCOME_QOQ_SQ":0,"NET_PROFIT_RATIO_SQ":-59.8850807815,"HOLDER_PROFIT_SQ":-80456767.2,"HOLDER_PROFIT_QOQ_SQ":0,"ROE_AVG_SQ":-47.896869645625,"PE_TTM_SQ":82.339862152091,"PB_TTM_SQ":0.88731935334,"ROA_SQ":-33.41295484341,"START_DATE":"2020-04-01 00:00:00","FISCAL_YEAR":"3-31","CURRENCY":"HKD","IS_CNY_CODE":0,"DPS_HKD_LY":null,"ORG_TYPE":"一般企业","PREMIUM_INCOME":null,"PREMIUM_INCOME_YOY":null,"NET_INTEREST_INCOME":null,"NET_INTEREST_INCOME_YOY":null,"FEE_COMMISSION_INCOME":null,"FEE_COMMISSION_INCOME_YOY":null,"ACCOUNTS_RECE_TDAYS":2.879657576181,"INVENTORY_TDAYS":8.087549989963,"CURRENT_ASSETS_TDAYS":1.530568670324,"TOTAL_ASSETS_TDAYS":1.321381220643,"PREMIUM_EXPENSE":null,"LOAN_DEPOSIT":null,"LOAN_EQUITY":null,"LOAN_ASSETS":null,"DEPOSIT_EQUITY":null,"DEPOSIT_ASSETS":null,"EQUITY_MULTIPLIER":1.591493235521,"EQUITY_RATIO":0.591493235521},{"SECUCODE":"00948.HK","SECURITY_CODE":"00948","SECURITY_NAME_ABBR":"阿尔法企业","ORG_CODE":"10148524","STD_REPORT_DATE":"2020-06-30 00:00:00","REPORT_DATE":"2020-09-30 00:00:00","DATE_TYPE_CODE":"002","REPORT_TYPE":"2020年中报","PER_NETCASH_OPERATE":0.088450512417,"PER_OI":0.288471158912,"BPS":0.407195000127,"BASIC_EPS":-0.00966592,"DILUTED_EPS":-0.00966592,"OPERATE_INCOME":90683904,"OPERATE_INCOME_YOY":14.7163770967,"GROSS_PROFIT":6310967.04,"GROSS_PROFIT_YOY":185.501160325629,"HOLDER_PROFIT":-2937560.96,"HOLDER_PROFIT_YOY":96.2015248441,"GROSS_PROFIT_RATIO":6.959302325581,"EPS_TTM":-0.255937998396,"OPERATE_INCOME_QOQ":0,"NET_PROFIT_RATIO":-3.2393410853,"ROE_AVG":-2.446592846845,"GROSS_PROFIT_QOQ":0,"ROA":-1.596904594146,"HOLDER_PROFIT_QOQ":0,"ROE_YEARLY":-4.893185693689,"ROIC_YEARLY":-4.638722859551,"TOTAL_ASSETS":221794200.32,"TOTAL_LIABILITIES":79568974.72,"TAX_EBT":null,"OCF_SALES":30.661821705426,"TOTAL_PARENT_EQUITY":142225225.6,"DEBT_ASSET_RATIO":35.875137675,"OPERATE_PROFIT":-2877808,"PRETAX_PROFIT":-2937560.96,"NETCASH_OPERATE":27805336.96,"NETCASH_INVEST":null,"NETCASH_FINANCE":37726085.76,"END_CASH":90075829.76,"DIVI_RATIO":null,"DIVIDEND_RATE":null,"CURRENT_RATIO":2.776983021919,"COMMON_ACS":625000000,"CURRENTDEBT_DEBT":98.348996697993,"ISSUED_COMMON_SHARES":349280383,"HK_COMMON_SHARES":349280383,"PER_SHARES":2000,"TOTAL_MARKET_CAP":79635927.324,"HKSK_MARKET_CAP":79635927.324,"PE_TTM":-2.726417450923,"PB_TTM":0.818777398408,"REPORT_DATE_SQ":"2019-06-30 00:00:00","REPORT_TYPE_SQ":"2019年中报","OPERATE_INCOME_SQ":81145721.61,"DPS_HKD":null,"OPERATE_INCOME_QOQ_SQ":0,"NET_PROFIT_RATIO_SQ":-98.4215382221,"HOLDER_PROFIT_SQ":-79384998.09,"HOLDER_PROFIT_QOQ_SQ":0,"ROE_AVG_SQ":-41.679611282654,"PE_TTM_SQ":82.339862152091,"PB_TTM_SQ":0.88731935334,"ROA_SQ":-28.293391757499,"START_DATE":"2020-04-01 00:00:00","FISCAL_YEAR":"3-31","CURRENCY":"HKD","IS_CNY_CODE":0,"DPS_HKD_LY":null,"ORG_TYPE":"一般企业","PREMIUM_INCOME":null,"PREMIUM_INCOME_YOY":null,"NET_INTEREST_INCOME":null,"NET_INTEREST_INCOME_YOY":null,"FEE_COMMISSION_INCOME":null,"FEE_COMMISSION_INCOME_YOY":null,"ACCOUNTS_RECE_TDAYS":1.10371970653,"INVENTORY_TDAYS":2.150555456011,"CURRENT_ASSETS_TDAYS":0.506142867652,"TOTAL_ASSETS_TDAYS":0.492972043422,"PREMIUM_EXPENSE":null,"LOAN_DEPOSIT":null,"LOAN_EQUITY":null,"LOAN_ASSETS":null,"DEPOSIT_EQUITY":null,"DEPOSIT_ASSETS":null,"EQUITY_MULTIPLIER":1.559457539155,"EQUITY_RATIO":0.559457539155}],"count":43},"success":true,"message":"ok","code":0}