{"version":"f41cae2e7fb9447f07eed9be14eaa493","result":{"pages":6,"data":[{"SECUCODE":"00956.HK","SECURITY_CODE":"00956","SECURITY_NAME_ABBR":"新天绿色能源","ORG_CODE":"10149575","STD_REPORT_DATE":"2024-09-30 00:00:00","REPORT_DATE":"2024-09-30 00:00:00","DATE_TYPE_CODE":"004","REPORT_TYPE":"2024年三季报","PER_NETCASH_OPERATE":0.68616835195,"PER_OI":3.754272954107,"BPS":5.109659225851,"BASIC_EPS":0.35,"DILUTED_EPS":0.35,"OPERATE_INCOME":15789319757.24,"OPERATE_INCOME_YOY":20.3131111245,"GROSS_PROFIT":3143746279.48,"GROSS_PROFIT_YOY":-5.512639160079,"HOLDER_PROFIT":1495375201.4,"HOLDER_PROFIT_YOY":-0.7381857031,"GROSS_PROFIT_RATIO":19.910587205877,"EPS_TTM":0.52223325726,"OPERATE_INCOME_QOQ":2.574673800284,"NET_PROFIT_RATIO":10.9325850559,"ROE_AVG":6.896470426657,"GROSS_PROFIT_QOQ":-1.770578395851,"ROA":1.860335782067,"HOLDER_PROFIT_QOQ":-0.096942125201,"ROE_YEARLY":9.19529390221,"ROIC_YEARLY":2.064109362175,"TOTAL_ASSETS":81747416907.74,"TOTAL_LIABILITIES":55235417691.91,"TAX_EBT":19.129561717805,"OCF_SALES":18.276996913605,"TOTAL_PARENT_EQUITY":21489658411.55,"DEBT_ASSET_RATIO":67.5683951632,"OPERATE_PROFIT":3050326011.73,"PRETAX_PROFIT":2134501616.26,"NETCASH_OPERATE":2885813484.71,"NETCASH_INVEST":-4306394665.42,"NETCASH_FINANCE":571787530.63,"END_CASH":2429137241.75,"DIVI_RATIO":0.40824242299,"DIVIDEND_RATE":6.174816272966,"CURRENT_RATIO":0.667907775752,"COMMON_ACS":null,"CURRENTDEBT_DEBT":35.955861040603,"ISSUED_COMMON_SHARES":4205693073,"HK_COMMON_SHARES":1839004396,"PER_SHARES":1000,"TOTAL_MARKET_CAP":16023690608.13,"HKSK_MARKET_CAP":7006606748.76,"PE_TTM":6.533831648533,"PB_TTM":0.672416642311,"REPORT_DATE_SQ":"2023-09-30 00:00:00","REPORT_TYPE_SQ":"2023年三季报","OPERATE_INCOME_SQ":13123523786.95,"DPS_HKD":0.2352605,"OPERATE_INCOME_QOQ_SQ":1.382423335085,"NET_PROFIT_RATIO_SQ":13.894719429,"HOLDER_PROFIT_SQ":1506495939.04,"HOLDER_PROFIT_QOQ_SQ":0.865079817847,"ROE_AVG_SQ":7.233884461487,"PE_TTM_SQ":5.215029212775,"PB_TTM_SQ":0.562498114269,"ROA_SQ":1.934522208579,"START_DATE":"2024-01-01 00:00:00","FISCAL_YEAR":"12-31","CURRENCY":"HKD","IS_CNY_CODE":0,"DPS_HKD_LY":0.2352605,"ORG_TYPE":"一般企业","PREMIUM_INCOME":null,"PREMIUM_INCOME_YOY":null,"NET_INTEREST_INCOME":null,"NET_INTEREST_INCOME_YOY":null,"FEE_COMMISSION_INCOME":null,"FEE_COMMISSION_INCOME_YOY":null,"ACCOUNTS_RECE_TDAYS":2.238193712153,"INVENTORY_TDAYS":9.788299218593,"CURRENT_ASSETS_TDAYS":1.204381952922,"TOTAL_ASSETS_TDAYS":0.196428538412,"PREMIUM_EXPENSE":null,"LOAN_DEPOSIT":null,"LOAN_EQUITY":null,"LOAN_ASSETS":null,"DEPOSIT_EQUITY":null,"DEPOSIT_ASSETS":null,"EQUITY_MULTIPLIER":3.083412014398,"EQUITY_RATIO":2.570325532128},{"SECUCODE":"00956.HK","SECURITY_CODE":"00956","SECURITY_NAME_ABBR":"新天绿色能源","ORG_CODE":"10149575","STD_REPORT_DATE":"2024-06-30 00:00:00","REPORT_DATE":"2024-06-30 00:00:00","DATE_TYPE_CODE":"002","REPORT_TYPE":"2024年中报","PER_NETCASH_OPERATE":0.498392942851,"PER_OI":2.885888746987,"BPS":5.091920386528,"BASIC_EPS":0.34,"DILUTED_EPS":0.34,"OPERATE_INCOME":12137162312.65,"OPERATE_INCOME_YOY":20.7994950535,"GROSS_PROFIT":2682698710.63,"GROSS_PROFIT_YOY":-3.428331453231,"HOLDER_PROFIT":1429607248.17,"HOLDER_PROFIT_YOY":-0.624878418,"GROSS_PROFIT_RATIO":22.103178992951,"EPS_TTM":0.522740012538,"OPERATE_INCOME_QOQ":3.429514623083,"NET_PROFIT_RATIO":13.8551621887,"ROE_AVG":6.604519315717,"GROSS_PROFIT_QOQ":-2.5028846015,"ROA":1.778219240169,"HOLDER_PROFIT_QOQ":-0.06801201854,"ROE_YEARLY":13.209038631435,"ROIC_YEARLY":3.988719977069,"TOTAL_ASSETS":81774294311.91,"TOTAL_LIABILITIES":55337770796.91,"TAX_EBT":17.764773396869,"OCF_SALES":17.269998483874,"TOTAL_PARENT_EQUITY":21415054297.89,"DEBT_ASSET_RATIO":67.6713523028,"OPERATE_PROFIT":2658447321.68,"PRETAX_PROFIT":2044894375.54,"NETCASH_OPERATE":2096087747.38,"NETCASH_INVEST":-2776837913.85,"NETCASH_FINANCE":1389277723.63,"END_CASH":3988296054.65,"DIVI_RATIO":0.407846664109,"DIVIDEND_RATE":6.627056338028,"CURRENT_RATIO":0.676838905122,"COMMON_ACS":null,"CURRENTDEBT_DEBT":37.878186914733,"ISSUED_COMMON_SHARES":4205693073,"HK_COMMON_SHARES":1839004396,"PER_SHARES":1000,"TOTAL_MARKET_CAP":14930210409.15,"HKSK_MARKET_CAP":6528465605.8,"PE_TTM":6.087953373305,"PB_TTM":0.626529942311,"REPORT_DATE_SQ":"2023-06-30 00:00:00","REPORT_TYPE_SQ":"2023年中报","OPERATE_INCOME_SQ":10047361793.42,"DPS_HKD":0.2352605,"OPERATE_INCOME_QOQ_SQ":-2.145205702224,"NET_PROFIT_RATIO_SQ":17.0596701036,"HOLDER_PROFIT_SQ":1438596728.65,"HOLDER_PROFIT_QOQ_SQ":-3.630864707694,"ROE_AVG_SQ":6.921559092918,"PE_TTM_SQ":4.560940803037,"PB_TTM_SQ":0.491947503327,"ROA_SQ":1.860884204111,"START_DATE":"2024-01-01 00:00:00","FISCAL_YEAR":"12-31","CURRENCY":"HKD","IS_CNY_CODE":0,"DPS_HKD_LY":0.2352605,"ORG_TYPE":"一般企业","PREMIUM_INCOME":null,"PREMIUM_INCOME_YOY":null,"NET_INTEREST_INCOME":null,"NET_INTEREST_INCOME_YOY":null,"FEE_COMMISSION_INCOME":null,"FEE_COMMISSION_INCOME_YOY":null,"ACCOUNTS_RECE_TDAYS":1.732139531805,"INVENTORY_TDAYS":9.950376388926,"CURRENT_ASSETS_TDAYS":0.894342993581,"TOTAL_ASSETS_TDAYS":0.150968285682,"PREMIUM_EXPENSE":null,"LOAN_DEPOSIT":null,"LOAN_EQUITY":null,"LOAN_ASSETS":null,"DEPOSIT_EQUITY":null,"DEPOSIT_ASSETS":null,"EQUITY_MULTIPLIER":3.093231765728,"EQUITY_RATIO":2.584059327011},{"SECUCODE":"00956.HK","SECURITY_CODE":"00956","SECURITY_NAME_ABBR":"新天绿色能源","ORG_CODE":"10149575","STD_REPORT_DATE":"2024-03-31 00:00:00","REPORT_DATE":"2024-03-31 00:00:00","DATE_TYPE_CODE":"003","REPORT_TYPE":"2024年一季报","PER_NETCASH_OPERATE":0.231827780455,"PER_OI":1.888381064318,"BPS":5.157631122551,"BASIC_EPS":0.2,"DILUTED_EPS":0.2,"OPERATE_INCOME":7906827273.59,"OPERATE_INCOME_YOY":20.5525212137,"GROSS_PROFIT":1600740375.8,"GROSS_PROFIT_YOY":2.079580934129,"HOLDER_PROFIT":832099109.39,"HOLDER_PROFIT_YOY":-0.8924842597,"GROSS_PROFIT_RATIO":20.245040398779,"EPS_TTM":0.525419488501,"OPERATE_INCOME_QOQ":6.646374390548,"NET_PROFIT_RATIO":12.7416596249,"ROE_AVG":3.819758995206,"GROSS_PROFIT_QOQ":0.642522585539,"ROA":1.048360407122,"HOLDER_PROFIT_QOQ":-0.339448213875,"ROE_YEARLY":15.279035980824,"ROIC_YEARLY":4.693271592721,"TOTAL_ASSETS":79726355175.13,"TOTAL_LIABILITIES":52897634931.88,"TAX_EBT":17.569423092142,"OCF_SALES":12.276535961678,"TOTAL_PARENT_EQUITY":21691413485.2,"DEBT_ASSET_RATIO":66.3489944018,"OPERATE_PROFIT":1537561193.05,"PRETAX_PROFIT":1222193336.65,"NETCASH_OPERATE":970684493.67,"NETCASH_INVEST":-1031124289.73,"NETCASH_FINANCE":136071684.64,"END_CASH":3355176723.95,"DIVI_RATIO":0.405766772981,"DIVIDEND_RATE":6.627056338028,"CURRENT_RATIO":0.75782008156,"COMMON_ACS":null,"CURRENTDEBT_DEBT":33.225617793392,"ISSUED_COMMON_SHARES":4205693073,"HK_COMMON_SHARES":1839004396,"PER_SHARES":1000,"TOTAL_MARKET_CAP":14930210409.15,"HKSK_MARKET_CAP":6528465605.8,"PE_TTM":6.087953373305,"PB_TTM":0.626529942311,"REPORT_DATE_SQ":"2023-03-31 00:00:00","REPORT_TYPE_SQ":"2023年一季报","OPERATE_INCOME_SQ":6558823651.29,"DPS_HKD":0.2352605,"OPERATE_INCOME_QOQ_SQ":1.212470646715,"NET_PROFIT_RATIO_SQ":15.5701557948,"HOLDER_PROFIT_SQ":839592338.86,"HOLDER_PROFIT_QOQ_SQ":-4.250767761803,"ROE_AVG_SQ":4.01897918258,"PE_TTM_SQ":4.560940803037,"PB_TTM_SQ":0.491947503327,"ROA_SQ":1.096573797754,"START_DATE":"2024-01-01 00:00:00","FISCAL_YEAR":"12-31","CURRENCY":"HKD","IS_CNY_CODE":0,"DPS_HKD_LY":0.2352605,"ORG_TYPE":"一般企业","PREMIUM_INCOME":null,"PREMIUM_INCOME_YOY":null,"NET_INTEREST_INCOME":null,"NET_INTEREST_INCOME_YOY":null,"FEE_COMMISSION_INCOME":null,"FEE_COMMISSION_INCOME_YOY":null,"ACCOUNTS_RECE_TDAYS":1.138675919591,"INVENTORY_TDAYS":7.28817040934,"CURRENT_ASSETS_TDAYS":0.601874436203,"TOTAL_ASSETS_TDAYS":0.099617997016,"PREMIUM_EXPENSE":null,"LOAN_DEPOSIT":null,"LOAN_EQUITY":null,"LOAN_ASSETS":null,"DEPOSIT_EQUITY":null,"DEPOSIT_ASSETS":null,"EQUITY_MULTIPLIER":2.971679396272,"EQUITY_RATIO":2.438643980853},{"SECUCODE":"00956.HK","SECURITY_CODE":"00956","SECURITY_NAME_ABBR":"新天绿色能源","ORG_CODE":"10149575","STD_REPORT_DATE":"2023-12-31 00:00:00","REPORT_DATE":"2023-12-31 00:00:00","DATE_TYPE_CODE":"001","REPORT_TYPE":"2023年年报","PER_NETCASH_OPERATE":1.158723604984,"PER_OI":4.843882982758,"BPS":4.95455975418,"BASIC_EPS":0.51,"DILUTED_EPS":0.51,"OPERATE_INCOME":20281788883.53,"OPERATE_INCOME_YOY":9.2738021261,"GROSS_PROFIT":5075390351.09,"GROSS_PROFIT_YOY":-3.17762879053,"HOLDER_PROFIT":2207473530.19,"HOLDER_PROFIT_YOY":-3.714389206,"GROSS_PROFIT_RATIO":25.024372259449,"EPS_TTM":0.527209090341,"OPERATE_INCOME_QOQ":8.827148980189,"NET_PROFIT_RATIO":13.4814639833,"ROE_AVG":10.427818366524,"GROSS_PROFIT_QOQ":1.355009880933,"ROA":2.822400339121,"HOLDER_PROFIT_QOQ":3.387008887134,"ROE_YEARLY":10.427818366524,"ROIC_YEARLY":3.244022304234,"TOTAL_ASSETS":79016593096.75,"TOTAL_LIABILITIES":52275823528.51,"TAX_EBT":18.824498421999,"OCF_SALES":23.921378966181,"TOTAL_PARENT_EQUITY":21876733637.92,"DEBT_ASSET_RATIO":66.1580327369,"OPERATE_PROFIT":4434708635.25,"PRETAX_PROFIT":3368358692.41,"NETCASH_OPERATE":4851683579.95,"NETCASH_INVEST":-6416048689.39,"NETCASH_FINANCE":-2310077440.28,"END_CASH":3279359226.83,"DIVI_RATIO":0.404389404917,"DIVIDEND_RATE":6.627056338028,"CURRENT_RATIO":0.693028282346,"COMMON_ACS":null,"CURRENTDEBT_DEBT":35.758720484212,"ISSUED_COMMON_SHARES":4205693073,"HK_COMMON_SHARES":1839004396,"PER_SHARES":1000,"TOTAL_MARKET_CAP":14930210409.15,"HKSK_MARKET_CAP":6528465605.8,"PE_TTM":6.087953373305,"PB_TTM":0.626529942311,"REPORT_DATE_SQ":"2022-12-31 00:00:00","REPORT_TYPE_SQ":"2022年年报","OPERATE_INCOME_SQ":18560522731.81,"DPS_HKD":0.2352605,"OPERATE_INCOME_QOQ_SQ":2.044344498195,"NET_PROFIT_RATIO_SQ":15.1879562722,"HOLDER_PROFIT_SQ":2292630759.66,"HOLDER_PROFIT_QOQ_SQ":5.753052668687,"ROE_AVG_SQ":11.385313944183,"PE_TTM_SQ":4.560940803037,"PB_TTM_SQ":0.491947503327,"ROA_SQ":3.072619393353,"START_DATE":"2023-01-01 00:00:00","FISCAL_YEAR":"12-31","CURRENCY":"HKD","IS_CNY_CODE":0,"DPS_HKD_LY":0.2181452,"ORG_TYPE":"一般企业","PREMIUM_INCOME":null,"PREMIUM_INCOME_YOY":null,"NET_INTEREST_INCOME":null,"NET_INTEREST_INCOME_YOY":null,"FEE_COMMISSION_INCOME":null,"FEE_COMMISSION_INCOME_YOY":null,"ACCOUNTS_RECE_TDAYS":3.324024718562,"INVENTORY_TDAYS":28.363609771034,"CURRENT_ASSETS_TDAYS":1.446620460762,"TOTAL_ASSETS_TDAYS":0.259316032741,"PREMIUM_EXPENSE":null,"LOAN_DEPOSIT":null,"LOAN_EQUITY":null,"LOAN_ASSETS":null,"DEPOSIT_EQUITY":null,"DEPOSIT_ASSETS":null,"EQUITY_MULTIPLIER":2.954910960777,"EQUITY_RATIO":2.389562555074},{"SECUCODE":"00956.HK","SECURITY_CODE":"00956","SECURITY_NAME_ABBR":"新天绿色能源","ORG_CODE":"10149575","STD_REPORT_DATE":"2023-09-30 00:00:00","REPORT_DATE":"2023-09-30 00:00:00","DATE_TYPE_CODE":"004","REPORT_TYPE":"2023年三季报","PER_NETCASH_OPERATE":0.575650043242,"PER_OI":3.134280408424,"BPS":4.791192146315,"BASIC_EPS":0.35,"DILUTED_EPS":0.35,"OPERATE_INCOME":13123523786.95,"OPERATE_INCOME_YOY":0.5838498057,"GROSS_PROFIT":3327160639.83,"GROSS_PROFIT_YOY":-6.581979219149,"HOLDER_PROFIT":1506495939.04,"HOLDER_PROFIT_YOY":-9.5445716681,"GROSS_PROFIT_RATIO":25.352646848848,"EPS_TTM":0.509937463146,"OPERATE_INCOME_QOQ":1.382423335085,"NET_PROFIT_RATIO":13.894719429,"ROE_AVG":7.233884461487,"GROSS_PROFIT_QOQ":0.552924213524,"ROA":1.934522208579,"HOLDER_PROFIT_QOQ":0.865079817847,"ROE_YEARLY":9.645179281983,"ROIC_YEARLY":2.232863568111,"TOTAL_ASSETS":78339965520.25,"TOTAL_LIABILITIES":52504730126.75,"TAX_EBT":17.692897844531,"OCF_SALES":18.366258541984,"TOTAL_PARENT_EQUITY":21189659621.17,"DEBT_ASSET_RATIO":67.0216405867,"OPERATE_PROFIT":3013246608.96,"PRETAX_PROFIT":2215454999.2,"NETCASH_OPERATE":2410300308.53,"NETCASH_INVEST":-3921651956.08,"NETCASH_FINANCE":-1653638258.46,"END_CASH":3997922633.87,"DIVI_RATIO":0.41808611,"DIVIDEND_RATE":6.324206989247,"CURRENT_RATIO":0.724278634832,"COMMON_ACS":null,"CURRENTDEBT_DEBT":32.830011454526,"ISSUED_COMMON_SHARES":4205693073,"HK_COMMON_SHARES":1839004396,"PER_SHARES":1000,"TOTAL_MARKET_CAP":15645178231.56,"HKSK_MARKET_CAP":6841096353.12,"PE_TTM":6.379489168646,"PB_TTM":0.656532784619,"REPORT_DATE_SQ":"2022-09-30 00:00:00","REPORT_TYPE_SQ":"2022年三季报","OPERATE_INCOME_SQ":13047346877.55,"DPS_HKD":0.2352605,"OPERATE_INCOME_QOQ_SQ":2.961546799619,"NET_PROFIT_RATIO_SQ":15.9189502345,"HOLDER_PROFIT_SQ":1665456641.82,"HOLDER_PROFIT_QOQ_SQ":4.810145703107,"ROE_AVG_SQ":8.401027472262,"PE_TTM_SQ":5.179673082518,"PB_TTM_SQ":0.558684567732,"ROA_SQ":2.279820535693,"START_DATE":"2023-01-01 00:00:00","FISCAL_YEAR":"12-31","CURRENCY":"HKD","IS_CNY_CODE":0,"DPS_HKD_LY":0.2181452,"ORG_TYPE":"一般企业","PREMIUM_INCOME":null,"PREMIUM_INCOME_YOY":null,"NET_INTEREST_INCOME":null,"NET_INTEREST_INCOME_YOY":null,"FEE_COMMISSION_INCOME":null,"FEE_COMMISSION_INCOME_YOY":null,"ACCOUNTS_RECE_TDAYS":2.132706129895,"INVENTORY_TDAYS":20.159290441878,"CURRENT_ASSETS_TDAYS":0.952016262076,"TOTAL_ASSETS_TDAYS":0.168521849696,"PREMIUM_EXPENSE":null,"LOAN_DEPOSIT":null,"LOAN_EQUITY":null,"LOAN_ASSETS":null,"DEPOSIT_EQUITY":null,"DEPOSIT_ASSETS":null,"EQUITY_MULTIPLIER":3.032291532358,"EQUITY_RATIO":2.477846792513},{"SECUCODE":"00956.HK","SECURITY_CODE":"00956","SECURITY_NAME_ABBR":"新天绿色能源","ORG_CODE":"10149575","STD_REPORT_DATE":"2023-06-30 00:00:00","REPORT_DATE":"2023-06-30 00:00:00","DATE_TYPE_CODE":"002","REPORT_TYPE":"2023年中报","PER_NETCASH_OPERATE":0.436710239842,"PER_OI":2.399603165788,"BPS":4.771571730235,"BASIC_EPS":0.34,"DILUTED_EPS":0.34,"OPERATE_INCOME":10047361793.42,"OPERATE_INCOME_YOY":-1.7402708965,"GROSS_PROFIT":2777935548.8,"GROSS_PROFIT_YOY":-8.617350572069,"HOLDER_PROFIT":1438596728.65,"HOLDER_PROFIT_YOY":-10.9707530112,"GROSS_PROFIT_RATIO":27.648407670751,"EPS_TTM":0.505563931607,"OPERATE_INCOME_QOQ":-2.145205702224,"NET_PROFIT_RATIO":17.0596701036,"ROE_AVG":6.921559092918,"GROSS_PROFIT_QOQ":-2.239540830653,"ROA":1.860884204111,"HOLDER_PROFIT_QOQ":-3.630864707694,"ROE_YEARLY":13.843118185837,"ROIC_YEARLY":4.271946053551,"TOTAL_ASSETS":77205653345.01,"TOTAL_LIABILITIES":51504306737.57,"TAX_EBT":17.473929772925,"OCF_SALES":18.199269198682,"TOTAL_PARENT_EQUITY":21107142173.17,"DEBT_ASSET_RATIO":66.710538032,"OPERATE_PROFIT":2612141983.81,"PRETAX_PROFIT":2076976125.67,"NETCASH_OPERATE":1828546420.15,"NETCASH_INVEST":-3436880321.28,"NETCASH_FINANCE":-2422738749.79,"END_CASH":3131919388.42,"DIVI_RATIO":0.421702888559,"DIVIDEND_RATE":6.627056338028,"CURRENT_RATIO":0.709806509318,"COMMON_ACS":null,"CURRENTDEBT_DEBT":32.034492751331,"ISSUED_COMMON_SHARES":4205693073,"HK_COMMON_SHARES":1839004396,"PER_SHARES":1000,"TOTAL_MARKET_CAP":14930210409.15,"HKSK_MARKET_CAP":6528465605.8,"PE_TTM":6.087953373305,"PB_TTM":0.626529942311,"REPORT_DATE_SQ":"2022-06-30 00:00:00","REPORT_TYPE_SQ":"2022年中报","OPERATE_INCOME_SQ":10225309885.43,"DPS_HKD":0.2352605,"OPERATE_INCOME_QOQ_SQ":4.567818331506,"NET_PROFIT_RATIO_SQ":19.797533959,"HOLDER_PROFIT_SQ":1615869815.04,"HOLDER_PROFIT_QOQ_SQ":-0.763027965537,"ROE_AVG_SQ":8.159658645983,"PE_TTM_SQ":4.560940803037,"PB_TTM_SQ":0.491947503327,"ROA_SQ":2.242602061188,"START_DATE":"2023-01-01 00:00:00","FISCAL_YEAR":"12-31","CURRENCY":"HKD","IS_CNY_CODE":0,"DPS_HKD_LY":0.2181452,"ORG_TYPE":"一般企业","PREMIUM_INCOME":null,"PREMIUM_INCOME_YOY":null,"NET_INTEREST_INCOME":null,"NET_INTEREST_INCOME_YOY":null,"FEE_COMMISSION_INCOME":null,"FEE_COMMISSION_INCOME_YOY":null,"ACCOUNTS_RECE_TDAYS":1.595591557243,"INVENTORY_TDAYS":29.30273923533,"CURRENT_ASSETS_TDAYS":0.749899878549,"TOTAL_ASSETS_TDAYS":0.12996676888,"PREMIUM_EXPENSE":null,"LOAN_DEPOSIT":null,"LOAN_EQUITY":null,"LOAN_ASSETS":null,"DEPOSIT_EQUITY":null,"DEPOSIT_ASSETS":null,"EQUITY_MULTIPLIER":3.00395362641,"EQUITY_RATIO":2.440136438889},{"SECUCODE":"00956.HK","SECURITY_CODE":"00956","SECURITY_NAME_ABBR":"新天绿色能源","ORG_CODE":"10149575","STD_REPORT_DATE":"2023-03-31 00:00:00","REPORT_DATE":"2023-03-31 00:00:00","DATE_TYPE_CODE":"003","REPORT_TYPE":"2023年一季报","PER_NETCASH_OPERATE":0.267750740897,"PER_OI":1.566438466244,"BPS":4.822169391639,"BASIC_EPS":0.2,"DILUTED_EPS":0.2,"OPERATE_INCOME":6558823651.29,"OPERATE_INCOME_YOY":3.5530250797,"GROSS_PROFIT":1568129846.49,"GROSS_PROFIT_YOY":-8.617355703176,"HOLDER_PROFIT":839592338.86,"HOLDER_PROFIT_YOY":-10.4062028878,"GROSS_PROFIT_RATIO":23.908705735389,"EPS_TTM":0.52461187918,"OPERATE_INCOME_QOQ":1.212470646715,"NET_PROFIT_RATIO":15.5701557948,"ROE_AVG":4.01897918258,"GROSS_PROFIT_QOQ":-2.820970760411,"ROA":1.096573797754,"HOLDER_PROFIT_QOQ":-4.250767761803,"ROE_YEARLY":16.07591673032,"ROIC_YEARLY":5.125300440225,"TOTAL_ASSETS":75721444758.76,"TOTAL_LIABILITIES":49488494730.84,"TAX_EBT":17.957518640734,"OCF_SALES":17.092962581476,"TOTAL_PARENT_EQUITY":21319940407.25,"DEBT_ASSET_RATIO":65.3559832205,"OPERATE_PROFIT":1506671529.35,"PRETAX_PROFIT":1244744239.68,"NETCASH_OPERATE":1121097272.5,"NETCASH_INVEST":-1009591435.85,"NETCASH_FINANCE":-2267528897.45,"END_CASH":5009521118.77,"DIVI_RATIO":0.406391427207,"DIVIDEND_RATE":6.627056338028,"CURRENT_RATIO":0.77960559317,"COMMON_ACS":null,"CURRENTDEBT_DEBT":32.68536177238,"ISSUED_COMMON_SHARES":4205693073,"HK_COMMON_SHARES":1839004396,"PER_SHARES":1000,"TOTAL_MARKET_CAP":14930210409.15,"HKSK_MARKET_CAP":6528465605.8,"PE_TTM":6.087953373305,"PB_TTM":0.626529942311,"REPORT_DATE_SQ":"2022-03-31 00:00:00","REPORT_TYPE_SQ":"2022年一季报","OPERATE_INCOME_SQ":6333782761.29,"DPS_HKD":0.2352605,"OPERATE_INCOME_QOQ_SQ":5.683753381216,"NET_PROFIT_RATIO_SQ":18.188977317,"HOLDER_PROFIT_SQ":937109895.91,"HOLDER_PROFIT_QOQ_SQ":-3.447170205326,"ROE_AVG_SQ":4.723146581965,"PE_TTM_SQ":4.560940803037,"PB_TTM_SQ":0.491947503327,"ROA_SQ":1.309212571071,"START_DATE":"2023-01-01 00:00:00","FISCAL_YEAR":"12-31","CURRENCY":"HKD","IS_CNY_CODE":0,"DPS_HKD_LY":0.2181452,"ORG_TYPE":"一般企业","PREMIUM_INCOME":null,"PREMIUM_INCOME_YOY":null,"NET_INTEREST_INCOME":null,"NET_INTEREST_INCOME_YOY":null,"FEE_COMMISSION_INCOME":null,"FEE_COMMISSION_INCOME_YOY":null,"ACCOUNTS_RECE_TDAYS":1.090039455284,"INVENTORY_TDAYS":39.447979293296,"CURRENT_ASSETS_TDAYS":0.473632270752,"TOTAL_ASSETS_TDAYS":0.085663408624,"PREMIUM_EXPENSE":null,"LOAN_DEPOSIT":null,"LOAN_EQUITY":null,"LOAN_ASSETS":null,"DEPOSIT_EQUITY":null,"DEPOSIT_ASSETS":null,"EQUITY_MULTIPLIER":2.886501315262,"EQUITY_RATIO":2.321230443684},{"SECUCODE":"00956.HK","SECURITY_CODE":"00956","SECURITY_NAME_ABBR":"新天绿色能源","ORG_CODE":"10149575","STD_REPORT_DATE":"2022-12-31 00:00:00","REPORT_DATE":"2022-12-31 00:00:00","DATE_TYPE_CODE":"001","REPORT_TYPE":"2022年年报","PER_NETCASH_OPERATE":1.782468177387,"PER_OI":4.432794401322,"BPS":4.618880779384,"BASIC_EPS":0.53,"DILUTED_EPS":0.53,"OPERATE_INCOME":18560522731.81,"OPERATE_INCOME_YOY":15.0129350378,"GROSS_PROFIT":5241960393.75,"GROSS_PROFIT_YOY":7.101309637097,"HOLDER_PROFIT":2292630759.66,"HOLDER_PROFIT_YOY":-0.040998628,"GROSS_PROFIT_RATIO":28.242525652395,"EPS_TTM":0.547901917245,"OPERATE_INCOME_QOQ":2.044344498195,"NET_PROFIT_RATIO":15.1879562722,"ROE_AVG":11.385313944183,"GROSS_PROFIT_QOQ":7.16185326744,"ROA":3.072619393353,"HOLDER_PROFIT_QOQ":5.753052668687,"ROE_YEARLY":11.385313944183,"ROIC_YEARLY":3.654455090501,"TOTAL_ASSETS":77412548934.66,"TOTAL_LIABILITIES":52231291874.48,"TAX_EBT":14.487364822068,"OCF_SALES":40.210937300752,"TOTAL_PARENT_EQUITY":20461432459.73,"DEBT_ASSET_RATIO":67.4645741685,"OPERATE_PROFIT":4480192830.28,"PRETAX_PROFIT":3295069142.96,"NETCASH_OPERATE":7463360158.38,"NETCASH_INVEST":-7648675576.32,"NETCASH_FINANCE":-175591681.98,"END_CASH":7165689017.44,"DIVI_RATIO":0.389116671433,"DIVIDEND_RATE":6.627056338028,"CURRENT_RATIO":0.785323265058,"COMMON_ACS":null,"CURRENTDEBT_DEBT":36.776970101319,"ISSUED_COMMON_SHARES":4205693073,"HK_COMMON_SHARES":1839004396,"PER_SHARES":1000,"TOTAL_MARKET_CAP":14930210409.15,"HKSK_MARKET_CAP":6528465605.8,"PE_TTM":6.087953373305,"PB_TTM":0.626529942311,"REPORT_DATE_SQ":"2021-12-31 00:00:00","REPORT_TYPE_SQ":"2021年年报","OPERATE_INCOME_SQ":16137769830.6,"DPS_HKD":0.2352605,"OPERATE_INCOME_QOQ_SQ":7.329752362679,"NET_PROFIT_RATIO_SQ":16.9632983247,"HOLDER_PROFIT_SQ":2295057264.37,"HOLDER_PROFIT_QOQ_SQ":2.828121105338,"ROE_AVG_SQ":13.151768322037,"PE_TTM_SQ":4.560940803037,"PB_TTM_SQ":0.491947503327,"ROA_SQ":3.344495586913,"START_DATE":"2022-01-01 00:00:00","FISCAL_YEAR":"12-31","CURRENCY":"HKD","IS_CNY_CODE":0,"DPS_HKD_LY":0.1960301,"ORG_TYPE":"一般企业","PREMIUM_INCOME":null,"PREMIUM_INCOME_YOY":null,"NET_INTEREST_INCOME":null,"NET_INTEREST_INCOME_YOY":null,"FEE_COMMISSION_INCOME":null,"FEE_COMMISSION_INCOME_YOY":null,"ACCOUNTS_RECE_TDAYS":2.877021521606,"INVENTORY_TDAYS":83.575987835504,"CURRENT_ASSETS_TDAYS":1.193937908115,"TOTAL_ASSETS_TDAYS":0.248589932168,"PREMIUM_EXPENSE":null,"LOAN_DEPOSIT":null,"LOAN_EQUITY":null,"LOAN_ASSETS":null,"DEPOSIT_EQUITY":null,"DEPOSIT_ASSETS":null,"EQUITY_MULTIPLIER":3.073572803931,"EQUITY_RATIO":2.552670345895},{"SECUCODE":"00956.HK","SECURITY_CODE":"00956","SECURITY_NAME_ABBR":"新天绿色能源","ORG_CODE":"10149575","STD_REPORT_DATE":"2022-09-30 00:00:00","REPORT_DATE":"2022-09-30 00:00:00","DATE_TYPE_CODE":"004","REPORT_TYPE":"2022年三季报","PER_NETCASH_OPERATE":0.67539056307,"PER_OI":3.116087139711,"BPS":4.470470931451,"BASIC_EPS":0.39,"DILUTED_EPS":0.39,"OPERATE_INCOME":13047346877.55,"OPERATE_INCOME_YOY":20.3193378878,"GROSS_PROFIT":3561583313.39,"GROSS_PROFIT_YOY":4.10099274212,"HOLDER_PROFIT":1665456641.82,"HOLDER_PROFIT_YOY":0.5539158013,"GROSS_PROFIT_RATIO":27.297375832923,"EPS_TTM":0.518095604258,"OPERATE_INCOME_QOQ":2.961546799619,"NET_PROFIT_RATIO":15.9189502345,"ROE_AVG":8.401027472262,"GROSS_PROFIT_QOQ":2.988906966733,"ROA":2.279820535693,"HOLDER_PROFIT_QOQ":4.810145703107,"ROE_YEARLY":11.201369963016,"ROIC_YEARLY":2.674410361633,"TOTAL_ASSETS":74284173384.48,"TOTAL_LIABILITIES":49683226603.18,"TAX_EBT":14.843866979313,"OCF_SALES":21.674315665401,"TOTAL_PARENT_EQUITY":19840804629.45,"DEBT_ASSET_RATIO":66.8826539215,"OPERATE_PROFIT":3325391410.42,"PRETAX_PROFIT":2437937077.14,"NETCASH_OPERATE":2827923148.2,"NETCASH_INVEST":-4838889441.99,"NETCASH_FINANCE":-571965284.15,"END_CASH":4950316927.86,"DIVI_RATIO":0.411502758483,"DIVIDEND_RATE":6.627056338028,"CURRENT_RATIO":0.869042665893,"COMMON_ACS":null,"CURRENTDEBT_DEBT":35.985697141892,"ISSUED_COMMON_SHARES":4205693073,"HK_COMMON_SHARES":1839004396,"PER_SHARES":1000,"TOTAL_MARKET_CAP":14930210409.15,"HKSK_MARKET_CAP":6528465605.8,"PE_TTM":6.087953373305,"PB_TTM":0.626529942311,"REPORT_DATE_SQ":"2021-09-30 00:00:00","REPORT_TYPE_SQ":"2021年三季报","OPERATE_INCOME_SQ":10843931745.8,"DPS_HKD":0.2352605,"OPERATE_INCOME_QOQ_SQ":3.943369519793,"NET_PROFIT_RATIO_SQ":18.1188609555,"HOLDER_PROFIT_SQ":1657390267.28,"HOLDER_PROFIT_QOQ_SQ":-2.142168115541,"ROE_AVG_SQ":11.063860148618,"PE_TTM_SQ":4.560940803037,"PB_TTM_SQ":0.491947503327,"ROA_SQ":2.505005107613,"START_DATE":"2022-01-01 00:00:00","FISCAL_YEAR":"12-31","CURRENCY":"HKD","IS_CNY_CODE":0,"DPS_HKD_LY":0.1960301,"ORG_TYPE":"一般企业","PREMIUM_INCOME":null,"PREMIUM_INCOME_YOY":null,"NET_INTEREST_INCOME":null,"NET_INTEREST_INCOME_YOY":null,"FEE_COMMISSION_INCOME":null,"FEE_COMMISSION_INCOME_YOY":null,"ACCOUNTS_RECE_TDAYS":1.689096234621,"INVENTORY_TDAYS":59.486589683998,"CURRENT_ASSETS_TDAYS":0.827262791085,"TOTAL_ASSETS_TDAYS":0.178483920997,"PREMIUM_EXPENSE":null,"LOAN_DEPOSIT":null,"LOAN_EQUITY":null,"LOAN_ASSETS":null,"DEPOSIT_EQUITY":null,"DEPOSIT_ASSETS":null,"EQUITY_MULTIPLIER":3.019565630741,"EQUITY_RATIO":2.504093333465}],"count":50},"success":true,"message":"ok","code":0}