{"version":"a236284ce72bc1edd651ff3921267e7f","result":{"pages":4,"data":[{"SECUCODE":"00951.HK","SECURITY_CODE":"00951","SECURITY_NAME_ABBR":"超威动力","ORG_CODE":"10149018","STD_REPORT_DATE":"2024-06-30 00:00:00","REPORT_DATE":"2024-06-30 00:00:00","DATE_TYPE_CODE":"002","REPORT_TYPE":"2024年中报","PER_NETCASH_OPERATE":0.028782921353,"PER_OI":19.233586719558,"BPS":5.691686843565,"BASIC_EPS":0.18,"DILUTED_EPS":0.18,"OPERATE_INCOME":21236322000,"OPERATE_INCOME_YOY":28.4006877519,"GROSS_PROFIT":1614208000,"GROSS_PROFIT_YOY":-5.726687006209,"HOLDER_PROFIT":203355000,"HOLDER_PROFIT_YOY":-20.061402026,"GROSS_PROFIT_RATIO":7.601165587902,"EPS_TTM":0.268532519936,"OPERATE_INCOME_QOQ":11.634119565334,"NET_PROFIT_RATIO":1.4719733483,"ROE_AVG":3.27375519063,"GROSS_PROFIT_QOQ":-2.723981319715,"ROA":0.907259096677,"HOLDER_PROFIT_QOQ":-14.684859924956,"ROE_YEARLY":6.54751038126,"ROIC_YEARLY":2.244992670282,"TOTAL_ASSETS":23035946000,"TOTAL_LIABILITIES":15586922000,"TAX_EBT":23.443549986897,"OCF_SALES":0.149649266008,"TOTAL_PARENT_EQUITY":6284345000,"DEBT_ASSET_RATIO":67.6634768982,"OPERATE_PROFIT":638662000,"PRETAX_PROFIT":408317000,"NETCASH_OPERATE":31780000,"NETCASH_INVEST":-407571000,"NETCASH_FINANCE":-332208000,"END_CASH":2832550000,"DIVI_RATIO":0.178859752299,"DIVIDEND_RATE":3.680555555556,"CURRENT_RATIO":1.205463045382,"COMMON_ACS":10000000000,"CURRENTDEBT_DEBT":88.819222935741,"ISSUED_COMMON_SHARES":1104126979,"HK_COMMON_SHARES":1104126979,"PER_SHARES":1000,"TOTAL_MARKET_CAP":1589942849.76,"HKSK_MARKET_CAP":1589942849.76,"PE_TTM":4.812368734312,"PB_TTM":0.230908557713,"REPORT_DATE_SQ":"2023-06-30 00:00:00","REPORT_TYPE_SQ":"2023年中报","OPERATE_INCOME_SQ":16539103000,"DPS_HKD":0.053,"OPERATE_INCOME_QOQ_SQ":10.25635918403,"NET_PROFIT_RATIO_SQ":1.7614558661,"HOLDER_PROFIT_SQ":254389000,"HOLDER_PROFIT_QOQ_SQ":-11.234691896323,"ROE_AVG_SQ":4.266623148807,"PE_TTM_SQ":3.900185782822,"PB_TTM_SQ":0.232953461112,"ROA_SQ":1.224868230691,"START_DATE":"2024-01-01 00:00:00","FISCAL_YEAR":"12-31","CURRENCY":"HKD","IS_CNY_CODE":0,"DPS_HKD_LY":0.053,"ORG_TYPE":"一般企业","PREMIUM_INCOME":null,"PREMIUM_INCOME_YOY":null,"NET_INTEREST_INCOME":null,"NET_INTEREST_INCOME_YOY":null,"FEE_COMMISSION_INCOME":null,"FEE_COMMISSION_INCOME_YOY":null,"ACCOUNTS_RECE_TDAYS":10.1670904087,"INVENTORY_TDAYS":4.074709072301,"CURRENT_ASSETS_TDAYS":1.333807616305,"TOTAL_ASSETS_TDAYS":0.947448861079,"PREMIUM_EXPENSE":null,"LOAN_DEPOSIT":null,"LOAN_EQUITY":null,"LOAN_ASSETS":null,"DEPOSIT_EQUITY":null,"DEPOSIT_ASSETS":null,"EQUITY_MULTIPLIER":3.092478424016,"EQUITY_RATIO":2.480277896901},{"SECUCODE":"00951.HK","SECURITY_CODE":"00951","SECURITY_NAME_ABBR":"超威动力","ORG_CODE":"10149018","STD_REPORT_DATE":"2023-12-31 00:00:00","REPORT_DATE":"2023-12-31 00:00:00","DATE_TYPE_CODE":"001","REPORT_TYPE":"2023年年报","PER_NETCASH_OPERATE":0.981866235152,"PER_OI":36.566910118044,"BPS":5.560051621563,"BASIC_EPS":0.31,"DILUTED_EPS":0.31,"OPERATE_INCOME":40374512000,"OPERATE_INCOME_YOY":26.444770715,"GROSS_PROFIT":3599731000,"GROSS_PROFIT_YOY":-2.749845536303,"HOLDER_PROFIT":347528000,"HOLDER_PROFIT_YOY":-16.6961103214,"GROSS_PROFIT_RATIO":8.915850177954,"EPS_TTM":0.314753652985,"OPERATE_INCOME_QOQ":14.6825195851,"NET_PROFIT_RATIO":1.3139824452,"ROE_AVG":5.776177125373,"GROSS_PROFIT_QOQ":-6.407922433409,"ROA":1.663975074656,"HOLDER_PROFIT_QOQ":-6.152649657586,"ROE_YEARLY":5.776177125373,"ROIC_YEARLY":2.038399890575,"TOTAL_ASSETS":21792483000,"TOTAL_LIABILITIES":14595676000,"TAX_EBT":29.716861149089,"OCF_SALES":2.685122237515,"TOTAL_PARENT_EQUITY":6139003000,"DEBT_ASSET_RATIO":66.9757365418,"OPERATE_PROFIT":1165895000,"PRETAX_PROFIT":754824000,"NETCASH_OPERATE":1084105000,"NETCASH_INVEST":-235801000,"NETCASH_FINANCE":534448000,"END_CASH":3540761000,"DIVI_RATIO":0.152594448212,"DIVIDEND_RATE":3.655172413793,"CURRENT_RATIO":1.179044653992,"COMMON_ACS":10000000000,"CURRENTDEBT_DEBT":88.061745136025,"ISSUED_COMMON_SHARES":1104126979,"HK_COMMON_SHARES":1104126979,"PER_SHARES":1000,"TOTAL_MARKET_CAP":1600984119.55,"HKSK_MARKET_CAP":1600984119.55,"PE_TTM":4.845787961633,"PB_TTM":0.232512089363,"REPORT_DATE_SQ":"2022-12-31 00:00:00","REPORT_TYPE_SQ":"2022年年报","OPERATE_INCOME_SQ":31930551000,"DPS_HKD":0.053,"OPERATE_INCOME_QOQ_SQ":7.172819079158,"NET_PROFIT_RATIO_SQ":1.8410236641,"HOLDER_PROFIT_SQ":417181000,"HOLDER_PROFIT_QOQ_SQ":-19.308442632305,"ROE_AVG_SQ":7.260318100648,"PE_TTM_SQ":4.04149686191,"PB_TTM_SQ":0.241393803906,"ROA_SQ":2.077486143216,"START_DATE":"2023-01-01 00:00:00","FISCAL_YEAR":"12-31","CURRENCY":"HKD","IS_CNY_CODE":0,"DPS_HKD_LY":0.066,"ORG_TYPE":"一般企业","PREMIUM_INCOME":null,"PREMIUM_INCOME_YOY":null,"NET_INTEREST_INCOME":null,"NET_INTEREST_INCOME_YOY":null,"FEE_COMMISSION_INCOME":null,"FEE_COMMISSION_INCOME_YOY":null,"ACCOUNTS_RECE_TDAYS":21.27072841074,"INVENTORY_TDAYS":8.698641430876,"CURRENT_ASSETS_TDAYS":2.86325080086,"TOTAL_ASSETS_TDAYS":1.933144426331,"PREMIUM_EXPENSE":null,"LOAN_DEPOSIT":null,"LOAN_EQUITY":null,"LOAN_ASSETS":null,"DEPOSIT_EQUITY":null,"DEPOSIT_ASSETS":null,"EQUITY_MULTIPLIER":3.028076617865,"EQUITY_RATIO":2.377531986871},{"SECUCODE":"00951.HK","SECURITY_CODE":"00951","SECURITY_NAME_ABBR":"超威动力","ORG_CODE":"10149018","STD_REPORT_DATE":"2023-06-30 00:00:00","REPORT_DATE":"2023-06-30 00:00:00","DATE_TYPE_CODE":"002","REPORT_TYPE":"2023年中报","PER_NETCASH_OPERATE":0.174216375162,"PER_OI":14.979348675077,"BPS":5.461744993734,"BASIC_EPS":0.23,"DILUTED_EPS":0.23,"OPERATE_INCOME":16539103000,"OPERATE_INCOME_YOY":24.6898736606,"GROSS_PROFIT":1712264000,"GROSS_PROFIT_YOY":9.229141056744,"HOLDER_PROFIT":254389000,"HOLDER_PROFIT_YOY":-15.5577611217,"GROSS_PROFIT_RATIO":10.352822640986,"EPS_TTM":0.335388960729,"OPERATE_INCOME_QOQ":10.25635918403,"NET_PROFIT_RATIO":1.7614558661,"ROE_AVG":4.266623148807,"GROSS_PROFIT_QOQ":3.908532636754,"ROA":1.224868230691,"HOLDER_PROFIT_QOQ":-11.234691896323,"ROE_YEARLY":8.533246297614,"ROIC_YEARLY":2.905926195364,"TOTAL_ASSETS":21559031000,"TOTAL_LIABILITIES":14587900000,"TAX_EBT":28.526812657321,"OCF_SALES":1.163043727341,"TOTAL_PARENT_EQUITY":6030460000,"DEBT_ASSET_RATIO":67.6649149955,"OPERATE_PROFIT":581323000,"PRETAX_PROFIT":407606000,"NETCASH_OPERATE":192357000,"NETCASH_INVEST":-341064000,"NETCASH_FINANCE":496442000,"END_CASH":2505979000,"DIVI_RATIO":0.143205846417,"DIVIDEND_RATE":3.655172413793,"CURRENT_RATIO":1.151939232096,"COMMON_ACS":10000000000,"CURRENTDEBT_DEBT":86.950116192187,"ISSUED_COMMON_SHARES":1104126979,"HK_COMMON_SHARES":1104126979,"PER_SHARES":1000,"TOTAL_MARKET_CAP":1600984119.55,"HKSK_MARKET_CAP":1600984119.55,"PE_TTM":4.845787961633,"PB_TTM":0.232512089363,"REPORT_DATE_SQ":"2022-06-30 00:00:00","REPORT_TYPE_SQ":"2022年中报","OPERATE_INCOME_SQ":13264191000,"DPS_HKD":0.053,"OPERATE_INCOME_QOQ_SQ":1.033262810559,"NET_PROFIT_RATIO_SQ":2.3165830468,"HOLDER_PROFIT_SQ":301258000,"HOLDER_PROFIT_QOQ_SQ":0.14294873409,"ROE_AVG_SQ":5.285043093667,"PE_TTM_SQ":4.04149686191,"PB_TTM_SQ":0.241393803906,"ROA_SQ":1.418753377691,"START_DATE":"2023-01-01 00:00:00","FISCAL_YEAR":"12-31","CURRENCY":"HKD","IS_CNY_CODE":0,"DPS_HKD_LY":0.066,"ORG_TYPE":"一般企业","PREMIUM_INCOME":null,"PREMIUM_INCOME_YOY":null,"NET_INTEREST_INCOME":null,"NET_INTEREST_INCOME_YOY":null,"FEE_COMMISSION_INCOME":null,"FEE_COMMISSION_INCOME_YOY":null,"ACCOUNTS_RECE_TDAYS":7.381639875157,"INVENTORY_TDAYS":3.195159174616,"CURRENT_ASSETS_TDAYS":1.195938419136,"TOTAL_ASSETS_TDAYS":0.796348184427,"PREMIUM_EXPENSE":null,"LOAN_DEPOSIT":null,"LOAN_EQUITY":null,"LOAN_ASSETS":null,"DEPOSIT_EQUITY":null,"DEPOSIT_ASSETS":null,"EQUITY_MULTIPLIER":3.092615961457,"EQUITY_RATIO":2.419036027102},{"SECUCODE":"00951.HK","SECURITY_CODE":"00951","SECURITY_NAME_ABBR":"超威动力","ORG_CODE":"10149018","STD_REPORT_DATE":"2022-12-31 00:00:00","REPORT_DATE":"2022-12-31 00:00:00","DATE_TYPE_CODE":"001","REPORT_TYPE":"2022年年报","PER_NETCASH_OPERATE":0.806593822032,"PER_OI":28.919274329226,"BPS":5.338286367514,"BASIC_EPS":0.38,"DILUTED_EPS":0.38,"OPERATE_INCOME":31930551000,"OPERATE_INCOME_YOY":8.2801959617,"GROSS_PROFIT":3701517000,"GROSS_PROFIT_YOY":11.34066296345,"HOLDER_PROFIT":417181000,"HOLDER_PROFIT_YOY":-19.1930950725,"GROSS_PROFIT_RATIO":11.592399392043,"EPS_TTM":0.377837882721,"OPERATE_INCOME_QOQ":7.172819079158,"NET_PROFIT_RATIO":1.8410236641,"ROE_AVG":7.260318100648,"GROSS_PROFIT_QOQ":7.478887602252,"ROA":2.077486143216,"HOLDER_PROFIT_QOQ":-19.308442632305,"ROE_YEARLY":7.260318100648,"ROIC_YEARLY":2.494758197765,"TOTAL_ASSETS":19978335000,"TOTAL_LIABILITIES":13168029000,"TAX_EBT":28.142583155375,"OCF_SALES":2.789121929027,"TOTAL_PARENT_EQUITY":5894146000,"DEBT_ASSET_RATIO":65.9115436797,"OPERATE_PROFIT":1185066000,"PRETAX_PROFIT":818077000,"NETCASH_OPERATE":890582000,"NETCASH_INVEST":-534615000,"NETCASH_FINANCE":-1057734000,"END_CASH":2157975000,"DIVI_RATIO":0.127117110794,"DIVIDEND_RATE":3.655172413793,"CURRENT_RATIO":1.135038200664,"COMMON_ACS":10000000000,"CURRENTDEBT_DEBT":87.295433507931,"ISSUED_COMMON_SHARES":1104126979,"HK_COMMON_SHARES":1104126979,"PER_SHARES":1000,"TOTAL_MARKET_CAP":1600984119.55,"HKSK_MARKET_CAP":1600984119.55,"PE_TTM":4.845787961633,"PB_TTM":0.232512089363,"REPORT_DATE_SQ":"2021-12-31 00:00:00","REPORT_TYPE_SQ":"2021年年报","OPERATE_INCOME_SQ":29488819000,"DPS_HKD":0.053,"OPERATE_INCOME_QOQ_SQ":1.143661993087,"NET_PROFIT_RATIO_SQ":1.8145351972,"HOLDER_PROFIT_SQ":516269000,"HOLDER_PROFIT_QOQ_SQ":-15.884907089847,"ROE_AVG_SQ":9.569371871012,"PE_TTM_SQ":4.04149686191,"PB_TTM_SQ":0.241393803906,"ROA_SQ":2.620873139737,"START_DATE":"2022-01-01 00:00:00","FISCAL_YEAR":"12-31","CURRENCY":"HKD","IS_CNY_CODE":0,"DPS_HKD_LY":0.087,"ORG_TYPE":"一般企业","PREMIUM_INCOME":null,"PREMIUM_INCOME_YOY":null,"NET_INTEREST_INCOME":null,"NET_INTEREST_INCOME_YOY":null,"FEE_COMMISSION_INCOME":null,"FEE_COMMISSION_INCOME_YOY":null,"ACCOUNTS_RECE_TDAYS":14.383092207859,"INVENTORY_TDAYS":7.14122231401,"CURRENT_ASSETS_TDAYS":2.396405543774,"TOTAL_ASSETS_TDAYS":1.590083854436,"PREMIUM_EXPENSE":null,"LOAN_DEPOSIT":null,"LOAN_EQUITY":null,"LOAN_ASSETS":null,"DEPOSIT_EQUITY":null,"DEPOSIT_ASSETS":null,"EQUITY_MULTIPLIER":2.933544395803,"EQUITY_RATIO":2.234085989726},{"SECUCODE":"00951.HK","SECURITY_CODE":"00951","SECURITY_NAME_ABBR":"超威动力","ORG_CODE":"10149018","STD_REPORT_DATE":"2022-06-30 00:00:00","REPORT_DATE":"2022-06-30 00:00:00","DATE_TYPE_CODE":"002","REPORT_TYPE":"2022年中报","PER_NETCASH_OPERATE":0.1415652393,"PER_OI":12.013284026456,"BPS":5.255246099733,"BASIC_EPS":0.27,"DILUTED_EPS":0.27,"OPERATE_INCOME":13264191000,"OPERATE_INCOME_YOY":2.3511488952,"GROSS_PROFIT":1567589000,"GROSS_PROFIT_YOY":8.248592330289,"HOLDER_PROFIT":301258000,"HOLDER_PROFIT_YOY":0.2455743378,"GROSS_PROFIT_RATIO":11.818202859111,"EPS_TTM":0.468249585268,"OPERATE_INCOME_QOQ":1.033262810559,"NET_PROFIT_RATIO":2.3165830468,"ROE_AVG":5.285043093667,"GROSS_PROFIT_QOQ":3.593054829046,"ROA":1.418753377691,"HOLDER_PROFIT_QOQ":0.14294873409,"ROE_YEARLY":10.570086187334,"ROIC_YEARLY":3.414385287422,"TOTAL_ASSETS":22284225000,"TOTAL_LIABILITIES":15694330000,"TAX_EBT":26.343797342129,"OCF_SALES":1.178405829651,"TOTAL_PARENT_EQUITY":5802459000,"DEBT_ASSET_RATIO":70.4279821264,"OPERATE_PROFIT":577544000,"PRETAX_PROFIT":417176000,"NETCASH_OPERATE":156306000,"NETCASH_INVEST":-582847000,"NETCASH_FINANCE":309985000,"END_CASH":2744398000,"DIVI_RATIO":0.102572776381,"DIVIDEND_RATE":3.655172413793,"CURRENT_RATIO":1.109556214467,"COMMON_ACS":10000000000,"CURRENTDEBT_DEBT":88.077292882207,"ISSUED_COMMON_SHARES":1104126979,"HK_COMMON_SHARES":1104126979,"PER_SHARES":1000,"TOTAL_MARKET_CAP":1600984119.55,"HKSK_MARKET_CAP":1600984119.55,"PE_TTM":4.845787961633,"PB_TTM":0.232512089363,"REPORT_DATE_SQ":"2021-06-30 00:00:00","REPORT_TYPE_SQ":"2021年中报","OPERATE_INCOME_SQ":12959494000,"DPS_HKD":0.053,"OPERATE_INCOME_QOQ_SQ":6.778443861164,"NET_PROFIT_RATIO_SQ":2.5320896016,"HOLDER_PROFIT_SQ":300520000,"HOLDER_PROFIT_QOQ_SQ":-14.801838430754,"ROE_AVG_SQ":5.683545547465,"PE_TTM_SQ":4.04149686191,"PB_TTM_SQ":0.241393803906,"ROA_SQ":1.505825666807,"START_DATE":"2022-01-01 00:00:00","FISCAL_YEAR":"12-31","CURRENCY":"HKD","IS_CNY_CODE":0,"DPS_HKD_LY":0.087,"ORG_TYPE":"一般企业","PREMIUM_INCOME":null,"PREMIUM_INCOME_YOY":null,"NET_INTEREST_INCOME":null,"NET_INTEREST_INCOME_YOY":null,"FEE_COMMISSION_INCOME":null,"FEE_COMMISSION_INCOME_YOY":null,"ACCOUNTS_RECE_TDAYS":5.922169508053,"INVENTORY_TDAYS":2.759782022418,"CURRENT_ASSETS_TDAYS":0.916703445315,"TOTAL_ASSETS_TDAYS":0.624667752677,"PREMIUM_EXPENSE":null,"LOAN_DEPOSIT":null,"LOAN_EQUITY":null,"LOAN_ASSETS":null,"DEPOSIT_EQUITY":null,"DEPOSIT_ASSETS":null,"EQUITY_MULTIPLIER":3.381575123735,"EQUITY_RATIO":2.704772235357},{"SECUCODE":"00951.HK","SECURITY_CODE":"00951","SECURITY_NAME_ABBR":"超威动力","ORG_CODE":"10149018","STD_REPORT_DATE":"2021-12-31 00:00:00","REPORT_DATE":"2021-12-31 00:00:00","DATE_TYPE_CODE":"001","REPORT_TYPE":"2021年年报","PER_NETCASH_OPERATE":1.354767185704,"PER_OI":26.707814917002,"BPS":5.070014687142,"BASIC_EPS":0.47,"DILUTED_EPS":0.47,"OPERATE_INCOME":29488819000,"OPERATE_INCOME_YOY":7.9996283404,"GROSS_PROFIT":3324497000,"GROSS_PROFIT_YOY":0.823817309322,"HOLDER_PROFIT":516269000,"HOLDER_PROFIT_YOY":-28.3354872383,"GROSS_PROFIT_RATIO":11.273754299892,"EPS_TTM":0.467581183885,"OPERATE_INCOME_QOQ":1.143661993087,"NET_PROFIT_RATIO":1.8145351972,"ROE_AVG":9.569371871012,"GROSS_PROFIT_QOQ":-0.551997487249,"ROA":2.620873139737,"HOLDER_PROFIT_QOQ":-15.884907089847,"ROE_YEARLY":9.569371871012,"ROIC_YEARLY":3.189967022361,"TOTAL_ASSETS":20183762000,"TOTAL_LIABILITIES":13803077000,"TAX_EBT":31.803032562384,"OCF_SALES":5.072549700956,"TOTAL_PARENT_EQUITY":5597940000,"DEBT_ASSET_RATIO":68.3870380556,"OPERATE_PROFIT":1111610000,"PRETAX_PROFIT":784617000,"NETCASH_OPERATE":1495835000,"NETCASH_INVEST":-665845000,"NETCASH_FINANCE":-522443000,"END_CASH":2860613000,"DIVI_RATIO":0.102719402866,"DIVIDEND_RATE":3.655172413793,"CURRENT_RATIO":1.124089762948,"COMMON_ACS":10000000000,"CURRENTDEBT_DEBT":87.660671602426,"ISSUED_COMMON_SHARES":1104126979,"HK_COMMON_SHARES":1104126979,"PER_SHARES":1000,"TOTAL_MARKET_CAP":1600984119.55,"HKSK_MARKET_CAP":1600984119.55,"PE_TTM":4.845787961633,"PB_TTM":0.232512089363,"REPORT_DATE_SQ":"2020-12-31 00:00:00","REPORT_TYPE_SQ":"2020年年报","OPERATE_INCOME_SQ":27304556000,"DPS_HKD":0.053,"OPERATE_INCOME_QOQ_SQ":2.728576304005,"NET_PROFIT_RATIO_SQ":2.6534253111,"HOLDER_PROFIT_SQ":720397000,"HOLDER_PROFIT_QOQ_SQ":5.549890259305,"ROE_AVG_SQ":14.811895951138,"PE_TTM_SQ":4.04149686191,"PB_TTM_SQ":0.241393803906,"ROA_SQ":3.934305991322,"START_DATE":"2021-01-01 00:00:00","FISCAL_YEAR":"12-31","CURRENCY":"HKD","IS_CNY_CODE":0,"DPS_HKD_LY":0.117,"ORG_TYPE":"一般企业","PREMIUM_INCOME":null,"PREMIUM_INCOME_YOY":null,"NET_INTEREST_INCOME":null,"NET_INTEREST_INCOME_YOY":null,"FEE_COMMISSION_INCOME":null,"FEE_COMMISSION_INCOME_YOY":null,"ACCOUNTS_RECE_TDAYS":14.234027107037,"INVENTORY_TDAYS":7.120482142476,"CURRENT_ASSETS_TDAYS":2.289029536029,"TOTAL_ASSETS_TDAYS":1.497019066411,"PREMIUM_EXPENSE":null,"LOAN_DEPOSIT":null,"LOAN_EQUITY":null,"LOAN_ASSETS":null,"DEPOSIT_EQUITY":null,"DEPOSIT_ASSETS":null,"EQUITY_MULTIPLIER":3.163259430606,"EQUITY_RATIO":2.465742219459},{"SECUCODE":"00951.HK","SECURITY_CODE":"00951","SECURITY_NAME_ABBR":"超威动力","ORG_CODE":"10149018","STD_REPORT_DATE":"2021-06-30 00:00:00","REPORT_DATE":"2021-06-30 00:00:00","DATE_TYPE_CODE":"002","REPORT_TYPE":"2021年中报","PER_NETCASH_OPERATE":-0.590385899809,"PER_OI":11.737322107406,"BPS":4.875345048515,"BASIC_EPS":0.27,"DILUTED_EPS":0.27,"OPERATE_INCOME":12959494000,"OPERATE_INCOME_YOY":16.6610764385,"GROSS_PROFIT":1448138000,"GROSS_PROFIT_YOY":3.252500319068,"HOLDER_PROFIT":300520000,"HOLDER_PROFIT_YOY":-26.1897276693,"GROSS_PROFIT_RATIO":11.174340603113,"EPS_TTM":0.555882621903,"OPERATE_INCOME_QOQ":6.778443861164,"NET_PROFIT_RATIO":2.5320896016,"ROE_AVG":5.683545547465,"GROSS_PROFIT_QOQ":1.383451413612,"ROA":1.505825666807,"HOLDER_PROFIT_QOQ":-14.801838430754,"ROE_YEARLY":11.367091094931,"ROIC_YEARLY":3.541591887926,"TOTAL_ASSETS":20701359000,"TOTAL_LIABILITIES":14480019000,"TAX_EBT":22.078717720392,"OCF_SALES":-5.029988053546,"TOTAL_PARENT_EQUITY":5383000000,"DEBT_ASSET_RATIO":69.9471904236,"OPERATE_PROFIT":601637000,"PRETAX_PROFIT":421125000,"NETCASH_OPERATE":-651861000,"NETCASH_INVEST":-881774000,"NETCASH_FINANCE":726355000,"END_CASH":1749113000,"DIVI_RATIO":0.086402521157,"DIVIDEND_RATE":3.655172413793,"CURRENT_RATIO":1.070808054587,"COMMON_ACS":10000000000,"CURRENTDEBT_DEBT":87.606190295745,"ISSUED_COMMON_SHARES":1104126979,"HK_COMMON_SHARES":1104126979,"PER_SHARES":1000,"TOTAL_MARKET_CAP":1600984119.55,"HKSK_MARKET_CAP":1600984119.55,"PE_TTM":4.845787961633,"PB_TTM":0.232512089363,"REPORT_DATE_SQ":"2020-06-30 00:00:00","REPORT_TYPE_SQ":"2020年中报","OPERATE_INCOME_SQ":11108670000,"DPS_HKD":0.053,"OPERATE_INCOME_QOQ_SQ":-2.216242143805,"NET_PROFIT_RATIO_SQ":3.5687440531,"HOLDER_PROFIT_SQ":407152000,"HOLDER_PROFIT_QOQ_SQ":21.587273310293,"ROE_AVG_SQ":8.648998636114,"PE_TTM_SQ":4.04149686191,"PB_TTM_SQ":0.241393803906,"ROA_SQ":2.230129379185,"START_DATE":"2021-01-01 00:00:00","FISCAL_YEAR":"12-31","CURRENCY":"HKD","IS_CNY_CODE":0,"DPS_HKD_LY":0.117,"ORG_TYPE":"一般企业","PREMIUM_INCOME":null,"PREMIUM_INCOME_YOY":null,"NET_INTEREST_INCOME":null,"NET_INTEREST_INCOME_YOY":null,"FEE_COMMISSION_INCOME":null,"FEE_COMMISSION_INCOME_YOY":null,"ACCOUNTS_RECE_TDAYS":5.842454936729,"INVENTORY_TDAYS":3.07248187923,"CURRENT_ASSETS_TDAYS":1.006655409448,"TOTAL_ASSETS_TDAYS":0.649365722548,"PREMIUM_EXPENSE":null,"LOAN_DEPOSIT":null,"LOAN_EQUITY":null,"LOAN_ASSETS":null,"DEPOSIT_EQUITY":null,"DEPOSIT_ASSETS":null,"EQUITY_MULTIPLIER":3.327475913551,"EQUITY_RATIO":2.689953371726},{"SECUCODE":"00951.HK","SECURITY_CODE":"00951","SECURITY_NAME_ABBR":"超威动力","ORG_CODE":"10149018","STD_REPORT_DATE":"2020-12-31 00:00:00","REPORT_DATE":"2020-12-31 00:00:00","DATE_TYPE_CODE":"001","REPORT_TYPE":"2020年年报","PER_NETCASH_OPERATE":1.085136965936,"PER_OI":24.729543358074,"BPS":4.702438305332,"BASIC_EPS":0.65,"DILUTED_EPS":0.65,"OPERATE_INCOME":27304556000,"OPERATE_INCOME_YOY":0.4518623022,"GROSS_PROFIT":3297333000,"GROSS_PROFIT_YOY":-2.827358718264,"HOLDER_PROFIT":720397000,"HOLDER_PROFIT_YOY":28.3352335483,"GROSS_PROFIT_RATIO":12.07612751513,"EPS_TTM":0.65245847054,"OPERATE_INCOME_QOQ":2.728576304005,"NET_PROFIT_RATIO":2.6534253111,"ROE_AVG":14.811895951138,"GROSS_PROFIT_QOQ":0.401107132417,"ROA":3.934305991322,"HOLDER_PROFIT_QOQ":5.549890259305,"ROE_YEARLY":14.811895951138,"ROIC_YEARLY":4.739920767197,"TOTAL_ASSETS":19212956000,"TOTAL_LIABILITIES":13188352000,"TAX_EBT":32.006955973344,"OCF_SALES":4.388018614915,"TOTAL_PARENT_EQUITY":5192089000,"DEBT_ASSET_RATIO":68.6430135998,"OPERATE_PROFIT":1488215000,"PRETAX_PROFIT":1065559000,"NETCASH_OPERATE":1198129000,"NETCASH_INVEST":-1188423000,"NETCASH_FINANCE":585302000,"END_CASH":2552548000,"DIVI_RATIO":0.073613359576,"DIVIDEND_RATE":3.655172413793,"CURRENT_RATIO":1.055947663079,"COMMON_ACS":10000000000,"CURRENTDEBT_DEBT":87.346136954792,"ISSUED_COMMON_SHARES":1104126979,"HK_COMMON_SHARES":1104126979,"PER_SHARES":1000,"TOTAL_MARKET_CAP":1600984119.55,"HKSK_MARKET_CAP":1600984119.55,"PE_TTM":4.845787961633,"PB_TTM":0.232512089363,"REPORT_DATE_SQ":"2019-12-31 00:00:00","REPORT_TYPE_SQ":"2019年年报","OPERATE_INCOME_SQ":27181732000,"DPS_HKD":0.053,"OPERATE_INCOME_QOQ_SQ":7.486724673374,"NET_PROFIT_RATIO_SQ":1.8639540703,"HOLDER_PROFIT_SQ":561340000,"HOLDER_PROFIT_QOQ_SQ":-5.861715633086,"ROE_AVG_SQ":13.149438588498,"PE_TTM_SQ":4.04149686191,"PB_TTM_SQ":0.241393803906,"ROA_SQ":3.197448876219,"START_DATE":"2020-01-01 00:00:00","FISCAL_YEAR":"12-31","CURRENCY":"HKD","IS_CNY_CODE":0,"DPS_HKD_LY":0.084,"ORG_TYPE":"一般企业","PREMIUM_INCOME":null,"PREMIUM_INCOME_YOY":null,"NET_INTEREST_INCOME":null,"NET_INTEREST_INCOME_YOY":null,"FEE_COMMISSION_INCOME":null,"FEE_COMMISSION_INCOME_YOY":null,"ACCOUNTS_RECE_TDAYS":14.528155043289,"INVENTORY_TDAYS":7.890724975604,"CURRENT_ASSETS_TDAYS":2.430749963322,"TOTAL_ASSETS_TDAYS":1.491184419996,"PREMIUM_EXPENSE":null,"LOAN_DEPOSIT":null,"LOAN_EQUITY":null,"LOAN_ASSETS":null,"DEPOSIT_EQUITY":null,"DEPOSIT_ASSETS":null,"EQUITY_MULTIPLIER":3.189081971199,"EQUITY_RATIO":2.540085888358},{"SECUCODE":"00951.HK","SECURITY_CODE":"00951","SECURITY_NAME_ABBR":"超威动力","ORG_CODE":"10149018","STD_REPORT_DATE":"2020-06-30 00:00:00","REPORT_DATE":"2020-06-30 00:00:00","DATE_TYPE_CODE":"002","REPORT_TYPE":"2020年中报","PER_NETCASH_OPERATE":1.463545435203,"PER_OI":10.061043893757,"BPS":4.419620290793,"BASIC_EPS":0.37,"DILUTED_EPS":0.37,"OPERATE_INCOME":11108670000,"OPERATE_INCOME_YOY":-5.1439563702,"GROSS_PROFIT":1402521000,"GROSS_PROFIT_YOY":-7.218215520424,"HOLDER_PROFIT":407152000,"HOLDER_PROFIT_YOY":42.373782232,"GROSS_PROFIT_RATIO":12.62546281418,"EPS_TTM":0.618151728,"OPERATE_INCOME_QOQ":-2.216242143805,"NET_PROFIT_RATIO":3.5687440531,"ROE_AVG":8.648998636114,"GROSS_PROFIT_QOQ":-3.215567978173,"ROA":2.230129379185,"HOLDER_PROFIT_QOQ":21.587273310293,"ROE_YEARLY":17.297997272228,"ROIC_YEARLY":5.363796579722,"TOTAL_ASSETS":19105412000,"TOTAL_LIABILITIES":13356493000,"TAX_EBT":25.888537437094,"OCF_SALES":14.546655900301,"TOTAL_PARENT_EQUITY":4879822000,"DEBT_ASSET_RATIO":69.9094738182,"OPERATE_PROFIT":714409000,"PRETAX_PROFIT":534924000,"NETCASH_OPERATE":1615940000,"NETCASH_INVEST":-1476400000,"NETCASH_FINANCE":344173000,"END_CASH":2442457000,"DIVI_RATIO":0.077698820248,"DIVIDEND_RATE":3.655172413793,"CURRENT_RATIO":1.014717539684,"COMMON_ACS":10000000000,"CURRENTDEBT_DEBT":88.14968869448,"ISSUED_COMMON_SHARES":1104126979,"HK_COMMON_SHARES":1104126979,"PER_SHARES":1000,"TOTAL_MARKET_CAP":1600984119.55,"HKSK_MARKET_CAP":1600984119.55,"PE_TTM":4.845787961633,"PB_TTM":0.232512089363,"REPORT_DATE_SQ":"2019-06-30 00:00:00","REPORT_TYPE_SQ":"2019年中报","OPERATE_INCOME_SQ":11711083000,"DPS_HKD":0.053,"OPERATE_INCOME_QOQ_SQ":-6.159148741344,"NET_PROFIT_RATIO_SQ":2.0157999051,"HOLDER_PROFIT_SQ":285974000,"HOLDER_PROFIT_QOQ_SQ":44.480923835877,"ROE_AVG_SQ":6.931333566823,"PE_TTM_SQ":4.04149686191,"PB_TTM_SQ":0.241393803906,"ROA_SQ":1.611460532124,"START_DATE":"2020-01-01 00:00:00","FISCAL_YEAR":"12-31","CURRENCY":"HKD","IS_CNY_CODE":0,"DPS_HKD_LY":0.084,"ORG_TYPE":"一般企业","PREMIUM_INCOME":null,"PREMIUM_INCOME_YOY":null,"NET_INTEREST_INCOME":null,"NET_INTEREST_INCOME_YOY":null,"FEE_COMMISSION_INCOME":null,"FEE_COMMISSION_INCOME_YOY":null,"ACCOUNTS_RECE_TDAYS":5.811148540225,"INVENTORY_TDAYS":3.444038340862,"CURRENT_ASSETS_TDAYS":0.998580021793,"TOTAL_ASSETS_TDAYS":0.608464930313,"PREMIUM_EXPENSE":null,"LOAN_DEPOSIT":null,"LOAN_EQUITY":null,"LOAN_ASSETS":null,"DEPOSIT_EQUITY":null,"DEPOSIT_ASSETS":null,"EQUITY_MULTIPLIER":3.32330512919,"EQUITY_RATIO":2.737086106829}],"count":35},"success":true,"message":"ok","code":0}