{"version":"0f64969105f119421a54a78955ded5e4","result":{"pages":6,"data":[{"SECUCODE":"00952.HK","SECURITY_CODE":"00952","SECURITY_NAME_ABBR":"华富建业金融","ORG_CODE":"10009178","STD_REPORT_DATE":"2024-06-30 00:00:00","REPORT_DATE":"2024-06-30 00:00:00","DATE_TYPE_CODE":"002","REPORT_TYPE":"2024年中报","PER_NETCASH_OPERATE":-0.010433954126,"PER_OI":0.01838865489,"BPS":0.305665253161,"BASIC_EPS":0.00182536,"DILUTED_EPS":0.00182536,"OPERATE_INCOME":113955399.44,"OPERATE_INCOME_YOY":-66.2545945946,"GROSS_PROFIT":null,"GROSS_PROFIT_YOY":null,"HOLDER_PROFIT":10187334.16,"HOLDER_PROFIT_YOY":-89.9684548257,"GROSS_PROFIT_RATIO":null,"EPS_TTM":0.002569991155,"OPERATE_INCOME_QOQ":-49.588472558449,"NET_PROFIT_RATIO":8.9397555623,"ROE_AVG":0.539635559866,"GROSS_PROFIT_QOQ":null,"ROA":0.267109823609,"HOLDER_PROFIT_QOQ":-85.29785914567,"ROE_YEARLY":1.079271119732,"ROIC_YEARLY":0.55320715928,"TOTAL_ASSETS":3918681935.32,"TOTAL_LIABILITIES":2024459316.64,"TAX_EBT":5.085034013605,"OCF_SALES":-56.741258069167,"TOTAL_PARENT_EQUITY":1894222618.68,"DEBT_ASSET_RATIO":51.6617411174,"OPERATE_PROFIT":15356753.68,"PRETAX_PROFIT":10733116.8,"NETCASH_OPERATE":-64659727.28,"NETCASH_INVEST":-1097954.04,"NETCASH_FINANCE":104835900.88,"END_CASH":150113043,"DIVI_RATIO":null,"DIVIDEND_RATE":null,"CURRENT_RATIO":1.452655472634,"COMMON_ACS":30000000000,"CURRENTDEBT_DEBT":89.990523626016,"ISSUED_COMMON_SHARES":6197049220,"HK_COMMON_SHARES":6197049220,"PER_SHARES":10000,"TOTAL_MARKET_CAP":1239409844,"HKSK_MARKET_CAP":1239409844,"PE_TTM":63.788463407102,"PB_TTM":0.597176153039,"REPORT_DATE_SQ":"2023-06-30 00:00:00","REPORT_TYPE_SQ":"2023年中报","OPERATE_INCOME_SQ":341132600,"DPS_HKD":null,"OPERATE_INCOME_QOQ_SQ":124.486996345813,"NET_PROFIT_RATIO_SQ":32.8047148172,"HOLDER_PROFIT_SQ":102587792.62,"HOLDER_PROFIT_QOQ_SQ":22.09854530343,"ROE_AVG_SQ":5.384100237005,"PE_TTM_SQ":-1.03553223669,"PB_TTM_SQ":0.598780324495,"ROA_SQ":2.478798474791,"START_DATE":"2024-01-01 00:00:00","FISCAL_YEAR":"12-31","CURRENCY":"HKD","IS_CNY_CODE":0,"DPS_HKD_LY":null,"ORG_TYPE":"证券","PREMIUM_INCOME":null,"PREMIUM_INCOME_YOY":null,"NET_INTEREST_INCOME":91160303.76,"NET_INTEREST_INCOME_YOY":null,"FEE_COMMISSION_INCOME":37291192.12,"FEE_COMMISSION_INCOME_YOY":-30.468151728128,"ACCOUNTS_RECE_TDAYS":0.402821668062,"INVENTORY_TDAYS":null,"CURRENT_ASSETS_TDAYS":0.042552103817,"TOTAL_ASSETS_TDAYS":0.029878873281,"PREMIUM_EXPENSE":null,"LOAN_DEPOSIT":null,"LOAN_EQUITY":null,"LOAN_ASSETS":null,"DEPOSIT_EQUITY":null,"DEPOSIT_ASSETS":null,"EQUITY_MULTIPLIER":2.068754694762,"EQUITY_RATIO":1.068754694763},{"SECUCODE":"00952.HK","SECURITY_CODE":"00952","SECURITY_NAME_ABBR":"华富建业金融","ORG_CODE":"10009178","STD_REPORT_DATE":"2023-12-31 00:00:00","REPORT_DATE":"2023-12-31 00:00:00","DATE_TYPE_CODE":"001","REPORT_TYPE":"2023年年报","PER_NETCASH_OPERATE":0.027087237342,"PER_OI":0.073926316415,"BPS":0.301449195412,"BASIC_EPS":0.0181244,"DILUTED_EPS":0.0181244,"OPERATE_INCOME":458125021.48,"OPERATE_INCOME_YOY":599.0414704692,"GROSS_PROFIT":null,"GROSS_PROFIT_YOY":null,"HOLDER_PROFIT":108326820.14,"HOLDER_PROFIT_YOY":107.548128896,"GROSS_PROFIT_RATIO":null,"EPS_TTM":0.017480387245,"OPERATE_INCOME_QOQ":733.653553297464,"NET_PROFIT_RATIO":23.6456895085,"ROE_AVG":5.869697210007,"GROSS_PROFIT_QOQ":null,"ROA":2.734743681123,"HOLDER_PROFIT_QOQ":109.82979892751,"ROE_YEARLY":5.869697210007,"ROIC_YEARLY":2.837837629309,"TOTAL_ASSETS":3682888954.64,"TOTAL_LIABILITIES":1814793453.34,"TAX_EBT":-1.413409574874,"OCF_SALES":36.640858972888,"TOTAL_PARENT_EQUITY":1868095501.3,"DEBT_ASSET_RATIO":49.2763554832,"OPERATE_PROFIT":107445974.3,"PRETAX_PROFIT":106817057.62,"NETCASH_OPERATE":167860943.04,"NETCASH_INVEST":-14778635.76,"NETCASH_FINANCE":-213603303.76,"END_CASH":110903203.6,"DIVI_RATIO":null,"DIVIDEND_RATE":null,"CURRENT_RATIO":1.520176616764,"COMMON_ACS":30000000000,"CURRENTDEBT_DEBT":97.519820513064,"ISSUED_COMMON_SHARES":6197049220,"HK_COMMON_SHARES":6197049220,"PER_SHARES":10000,"TOTAL_MARKET_CAP":1276592139.32,"HKSK_MARKET_CAP":1276592139.32,"PE_TTM":65.702117309315,"PB_TTM":0.61509143763,"REPORT_DATE_SQ":"2022-12-31 00:00:00","REPORT_TYPE_SQ":"2022年年报","OPERATE_INCOME_SQ":-90489144.27,"DPS_HKD":null,"OPERATE_INCOME_QOQ_SQ":-168.573284450472,"NET_PROFIT_RATIO_SQ":null,"HOLDER_PROFIT_SQ":-1414639541.28,"HOLDER_PROFIT_QOQ_SQ":31.654691234675,"ROE_AVG_SQ":-56.474706427019,"PE_TTM_SQ":-0.909247817581,"PB_TTM_SQ":0.525758333703,"ROA_SQ":-27.495665562324,"START_DATE":"2023-01-01 00:00:00","FISCAL_YEAR":"12-31","CURRENCY":"HKD","IS_CNY_CODE":0,"DPS_HKD_LY":0.011,"ORG_TYPE":"证券","PREMIUM_INCOME":null,"PREMIUM_INCOME_YOY":null,"NET_INTEREST_INCOME":393265949.86,"NET_INTEREST_INCOME_YOY":null,"FEE_COMMISSION_INCOME":117876566.5,"FEE_COMMISSION_INCOME_YOY":-1.107715232795,"ACCOUNTS_RECE_TDAYS":1.269241970796,"INVENTORY_TDAYS":null,"CURRENT_ASSETS_TDAYS":0.136334228593,"TOTAL_ASSETS_TDAYS":0.115655061788,"PREMIUM_EXPENSE":null,"LOAN_DEPOSIT":null,"LOAN_EQUITY":null,"LOAN_ASSETS":null,"DEPOSIT_EQUITY":null,"DEPOSIT_ASSETS":null,"EQUITY_MULTIPLIER":1.971467171821,"EQUITY_RATIO":0.971467171821},{"SECUCODE":"00952.HK","SECURITY_CODE":"00952","SECURITY_NAME_ABBR":"华富建业金融","ORG_CODE":"10009178","STD_REPORT_DATE":"2023-06-30 00:00:00","REPORT_DATE":"2023-06-30 00:00:00","DATE_TYPE_CODE":"002","REPORT_TYPE":"2023年中报","PER_NETCASH_OPERATE":0.007206026564,"PER_OI":0.055047586019,"BPS":0.315651487312,"BASIC_EPS":0.01659564,"DILUTED_EPS":0.01659564,"OPERATE_INCOME":341132600,"OPERATE_INCOME_YOY":769.8192075907,"GROSS_PROFIT":null,"GROSS_PROFIT_YOY":null,"HOLDER_PROFIT":102587792.62,"HOLDER_PROFIT_YOY":145.3066276859,"GROSS_PROFIT_RATIO":null,"EPS_TTM":-0.177830567783,"OPERATE_INCOME_QOQ":124.486996345813,"NET_PROFIT_RATIO":32.8047148172,"ROE_AVG":5.384100237005,"GROSS_PROFIT_QOQ":null,"ROA":2.478798474791,"HOLDER_PROFIT_QOQ":22.09854530343,"ROE_YEARLY":10.76820047401,"ROIC_YEARLY":5.161533035941,"TOTAL_ASSETS":3964116626.62,"TOTAL_LIABILITIES":2008008823.38,"TAX_EBT":3.413164816278,"OCF_SALES":14.279775698289,"TOTAL_PARENT_EQUITY":1956107803.24,"DEBT_ASSET_RATIO":50.6546353832,"OPERATE_PROFIT":131107399.96,"PRETAX_PROFIT":106213017.98,"NETCASH_OPERATE":44656101.3,"NETCASH_INVEST":-1322119.32,"NETCASH_FINANCE":-74578040.22,"END_CASH":147063185.84,"DIVI_RATIO":null,"DIVIDEND_RATE":null,"CURRENT_RATIO":1.932099879677,"COMMON_ACS":30000000000,"CURRENTDEBT_DEBT":97.42241604532,"ISSUED_COMMON_SHARES":6197049220,"HK_COMMON_SHARES":6197049220,"PER_SHARES":10000,"TOTAL_MARKET_CAP":1276592139.32,"HKSK_MARKET_CAP":1276592139.32,"PE_TTM":65.702117309315,"PB_TTM":0.61509143763,"REPORT_DATE_SQ":"2022-06-30 00:00:00","REPORT_TYPE_SQ":"2022年中报","OPERATE_INCOME_SQ":33348134.05,"DPS_HKD":null,"OPERATE_INCOME_QOQ_SQ":-54.145005889984,"NET_PROFIT_RATIO_SQ":-629.8012565714,"HOLDER_PROFIT_SQ":-210026967.29,"HOLDER_PROFIT_QOQ_SQ":-11.989394319379,"ROE_AVG_SQ":-7.070865713264,"PE_TTM_SQ":-0.909247817581,"PB_TTM_SQ":0.525758333703,"ROA_SQ":-3.786340507319,"START_DATE":"2023-01-01 00:00:00","FISCAL_YEAR":"12-31","CURRENCY":"HKD","IS_CNY_CODE":0,"DPS_HKD_LY":0.011,"ORG_TYPE":"证券","PREMIUM_INCOME":null,"PREMIUM_INCOME_YOY":null,"NET_INTEREST_INCOME":241976416.94,"NET_INTEREST_INCOME_YOY":null,"FEE_COMMISSION_INCOME":54178310.74,"FEE_COMMISSION_INCOME_YOY":-6.273127472247,"ACCOUNTS_RECE_TDAYS":0.920783960441,"INVENTORY_TDAYS":null,"CURRENT_ASSETS_TDAYS":0.07937130279,"TOTAL_ASSETS_TDAYS":0.075562262577,"PREMIUM_EXPENSE":null,"LOAN_DEPOSIT":null,"LOAN_EQUITY":null,"LOAN_ASSETS":null,"DEPOSIT_EQUITY":null,"DEPOSIT_ASSETS":null,"EQUITY_MULTIPLIER":2.026532801542,"EQUITY_RATIO":1.026532801543},{"SECUCODE":"00952.HK","SECURITY_CODE":"00952","SECURITY_NAME_ABBR":"华富建业金融","ORG_CODE":"10009178","STD_REPORT_DATE":"2022-12-31 00:00:00","REPORT_DATE":"2022-12-31 00:00:00","DATE_TYPE_CODE":"001","REPORT_TYPE":"2022年年报","PER_NETCASH_OPERATE":0.068675009272,"PER_OI":-0.014601972819,"BPS":0.289961758868,"BASIC_EPS":-0.2322502,"DILUTED_EPS":-0.2322502,"OPERATE_INCOME":-90489144.27,"OPERATE_INCOME_YOY":-128.7805923027,"GROSS_PROFIT":null,"GROSS_PROFIT_YOY":null,"HOLDER_PROFIT":-1414639541.28,"HOLDER_PROFIT_YOY":29.9442575944,"GROSS_PROFIT_RATIO":null,"EPS_TTM":-0.228276312009,"OPERATE_INCOME_QOQ":-168.573284450472,"NET_PROFIT_RATIO":null,"ROE_AVG":-56.474706427019,"GROSS_PROFIT_QOQ":null,"ROA":-27.495665562324,"HOLDER_PROFIT_QOQ":31.654691234675,"ROE_YEARLY":-56.474706427019,"ROIC_YEARLY":-29.007820951534,"TOTAL_ASSETS":4178794774.49,"TOTAL_LIABILITIES":2381887482.87,"TAX_EBT":0.032445848888,"OCF_SALES":null,"TOTAL_PARENT_EQUITY":1796907291.62,"DEBT_ASSET_RATIO":56.9993888528,"OPERATE_PROFIT":-1414602023.94,"PRETAX_PROFIT":-1415098682.06,"NETCASH_OPERATE":425582412.64,"NETCASH_INVEST":-1128200.01,"NETCASH_FINANCE":-610215068.75,"END_CASH":174371663.62,"DIVI_RATIO":null,"DIVIDEND_RATE":null,"CURRENT_RATIO":1.686871851553,"COMMON_ACS":30000000000,"CURRENTDEBT_DEBT":98.872596504532,"ISSUED_COMMON_SHARES":6197049220,"HK_COMMON_SHARES":6197049220,"PER_SHARES":10000,"TOTAL_MARKET_CAP":1276592139.32,"HKSK_MARKET_CAP":1276592139.32,"PE_TTM":65.702117309315,"PB_TTM":0.61509143763,"REPORT_DATE_SQ":"2021-12-31 00:00:00","REPORT_TYPE_SQ":"2021年年报","OPERATE_INCOME_SQ":713709203.2,"DPS_HKD":null,"OPERATE_INCOME_QOQ_SQ":-35.709092268328,"NET_PROFIT_RATIO_SQ":-258.9636993489,"HOLDER_PROFIT_SQ":-1848247755.2,"HOLDER_PROFIT_QOQ_SQ":-851.029176118294,"ROE_AVG_SQ":-47.65122556759,"PE_TTM_SQ":-0.909247817581,"PB_TTM_SQ":0.525758333703,"ROA_SQ":-26.946586128065,"START_DATE":"2022-01-01 00:00:00","FISCAL_YEAR":"12-31","CURRENCY":"HKD","IS_CNY_CODE":0,"DPS_HKD_LY":null,"ORG_TYPE":"证券","PREMIUM_INCOME":null,"PREMIUM_INCOME_YOY":null,"NET_INTEREST_INCOME":374578482.18,"NET_INTEREST_INCOME_YOY":null,"FEE_COMMISSION_INCOME":117493589.64,"FEE_COMMISSION_INCOME_YOY":-37.569060773481,"ACCOUNTS_RECE_TDAYS":-0.21360590837,"INVENTORY_TDAYS":null,"CURRENT_ASSETS_TDAYS":-0.045729451507,"TOTAL_ASSETS_TDAYS":-0.043619565372,"PREMIUM_EXPENSE":null,"LOAN_DEPOSIT":null,"LOAN_EQUITY":null,"LOAN_ASSETS":null,"DEPOSIT_EQUITY":null,"DEPOSIT_ASSETS":null,"EQUITY_MULTIPLIER":2.325548342968,"EQUITY_RATIO":1.325548342966},{"SECUCODE":"00952.HK","SECURITY_CODE":"00952","SECURITY_NAME_ABBR":"华富建业金融","ORG_CODE":"10009178","STD_REPORT_DATE":"2022-06-30 00:00:00","REPORT_DATE":"2022-06-30 00:00:00","DATE_TYPE_CODE":"002","REPORT_TYPE":"2022年中报","PER_NETCASH_OPERATE":0.027279198928,"PER_OI":0.005381292429,"BPS":0.462266198612,"BASIC_EPS":-0.0342076,"DILUTED_EPS":-0.0342076,"OPERATE_INCOME":33348134.05,"OPERATE_INCOME_YOY":-92.2705955576,"GROSS_PROFIT":null,"GROSS_PROFIT_YOY":null,"HOLDER_PROFIT":-210026967.29,"HOLDER_PROFIT_YOY":-1866.7146248471,"GROSS_PROFIT_RATIO":null,"EPS_TTM":-0.334004361284,"OPERATE_INCOME_QOQ":-54.145005889984,"NET_PROFIT_RATIO":-629.8012565714,"ROE_AVG":-7.070865713264,"GROSS_PROFIT_QOQ":null,"ROA":-3.786340507319,"HOLDER_PROFIT_QOQ":-11.989394319379,"ROE_YEARLY":-14.141731426529,"ROIC_YEARLY":-7.952118462413,"TOTAL_ASSETS":5243330665.72,"TOTAL_LIABILITIES":2378644280.18,"TAX_EBT":5.452830551866,"OCF_SALES":506.926529042185,"TOTAL_PARENT_EQUITY":2864686385.54,"DEBT_ASSET_RATIO":45.365139676,"OPERATE_PROFIT":-221932922.47,"PRETAX_PROFIT":-222139878.45,"NETCASH_OPERATE":169050538.44,"NETCASH_INVEST":-528507.42,"NETCASH_FINANCE":-331073125.46,"END_CASH":182749827.05,"DIVI_RATIO":null,"DIVIDEND_RATE":null,"CURRENT_RATIO":2.105867977784,"COMMON_ACS":30000000000,"CURRENTDEBT_DEBT":99.953297270245,"ISSUED_COMMON_SHARES":6197049220,"HK_COMMON_SHARES":6197049220,"PER_SHARES":10000,"TOTAL_MARKET_CAP":1276592139.32,"HKSK_MARKET_CAP":1276592139.32,"PE_TTM":65.702117309315,"PB_TTM":0.61509143763,"REPORT_DATE_SQ":"2021-06-30 00:00:00","REPORT_TYPE_SQ":"2021年中报","OPERATE_INCOME_SQ":419786024.16,"DPS_HKD":null,"OPERATE_INCOME_QOQ_SQ":17.713675882128,"NET_PROFIT_RATIO_SQ":2.7553904643,"HOLDER_PROFIT_SQ":11566744.08,"HOLDER_PROFIT_QOQ_SQ":183.195892810681,"ROE_AVG_SQ":0.23629309659,"PE_TTM_SQ":-0.909247817581,"PB_TTM_SQ":0.525758333703,"ROA_SQ":0.14251363355,"START_DATE":"2022-01-01 00:00:00","FISCAL_YEAR":"12-31","CURRENCY":"HKD","IS_CNY_CODE":0,"DPS_HKD_LY":null,"ORG_TYPE":"证券","PREMIUM_INCOME":null,"PREMIUM_INCOME_YOY":null,"NET_INTEREST_INCOME":185316252.24,"NET_INTEREST_INCOME_YOY":null,"FEE_COMMISSION_INCOME":53616992.24,"FEE_COMMISSION_INCOME_YOY":-48.0180083077,"ACCOUNTS_RECE_TDAYS":0.087733606617,"INVENTORY_TDAYS":null,"CURRENT_ASSETS_TDAYS":0.006291973551,"TOTAL_ASSETS_TDAYS":0.006011960865,"PREMIUM_EXPENSE":null,"LOAN_DEPOSIT":null,"LOAN_EQUITY":null,"LOAN_ASSETS":null,"DEPOSIT_EQUITY":null,"DEPOSIT_ASSETS":null,"EQUITY_MULTIPLIER":1.830333223275,"EQUITY_RATIO":0.830333223276},{"SECUCODE":"00952.HK","SECURITY_CODE":"00952","SECURITY_NAME_ABBR":"华富建业金融","ORG_CODE":"10009178","STD_REPORT_DATE":"2021-12-31 00:00:00","REPORT_DATE":"2021-12-31 00:00:00","DATE_TYPE_CODE":"001","REPORT_TYPE":"2021年年报","PER_NETCASH_OPERATE":0.086752647609,"PER_OI":0.11516920035,"BPS":0.474538685688,"BASIC_EPS":-0.302512,"DILUTED_EPS":-0.302512,"OPERATE_INCOME":713709203.2,"OPERATE_INCOME_YOY":-22.0956040828,"GROSS_PROFIT":null,"GROSS_PROFIT_YOY":null,"HOLDER_PROFIT":-1848247755.2,"HOLDER_PROFIT_YOY":-2289.4208232446,"GROSS_PROFIT_RATIO":null,"EPS_TTM":-0.298246421738,"OPERATE_INCOME_QOQ":-35.709092268328,"NET_PROFIT_RATIO":-258.9636993489,"ROE_AVG":-47.65122556759,"GROSS_PROFIT_QOQ":null,"ROA":-26.946586128065,"HOLDER_PROFIT_QOQ":-851.029176118294,"ROE_YEARLY":-47.65122556759,"ROIC_YEARLY":-27.980111466096,"TOTAL_ASSETS":5593434616,"TOTAL_LIABILITIES":2652695024,"TAX_EBT":-2.791626348682,"OCF_SALES":75.326256798926,"TOTAL_PARENT_EQUITY":2940739592,"DEBT_ASSET_RATIO":47.4251547772,"OPERATE_PROFIT":-1799751811.2,"PRETAX_PROFIT":-1798052838.4,"NETCASH_OPERATE":537610427.2,"NETCASH_INVEST":29372280,"NETCASH_FINANCE":-410409036.8,"END_CASH":331365104,"DIVI_RATIO":null,"DIVIDEND_RATE":null,"CURRENT_RATIO":2.025105031317,"COMMON_ACS":30000000000,"CURRENTDEBT_DEBT":99.545722131984,"ISSUED_COMMON_SHARES":6197049220,"HK_COMMON_SHARES":6197049220,"PER_SHARES":10000,"TOTAL_MARKET_CAP":1276592139.32,"HKSK_MARKET_CAP":1276592139.32,"PE_TTM":65.702117309315,"PB_TTM":0.61509143763,"REPORT_DATE_SQ":"2020-12-31 00:00:00","REPORT_TYPE_SQ":"2020年年报","OPERATE_INCOME_SQ":943071927.88,"DPS_HKD":null,"OPERATE_INCOME_QOQ_SQ":72.059280030939,"NET_PROFIT_RATIO_SQ":9.2144965226,"HOLDER_PROFIT_SQ":86899330,"HOLDER_PROFIT_QOQ_SQ":146.461652737834,"ROE_AVG_SQ":1.768771310375,"PE_TTM_SQ":-0.909247817581,"PB_TTM_SQ":0.525758333703,"ROA_SQ":1.050197615151,"START_DATE":"2021-01-01 00:00:00","FISCAL_YEAR":"12-31","CURRENCY":"HKD","IS_CNY_CODE":0,"DPS_HKD_LY":0.005,"ORG_TYPE":"证券","PREMIUM_INCOME":null,"PREMIUM_INCOME_YOY":null,"NET_INTEREST_INCOME":359806137.6,"NET_INTEREST_INCOME_YOY":null,"FEE_COMMISSION_INCOME":172255238.4,"FEE_COMMISSION_INCOME_YOY":-10.057120413931,"ACCOUNTS_RECE_TDAYS":1.746929627073,"INVENTORY_TDAYS":null,"CURRENT_ASSETS_TDAYS":0.109450282317,"TOTAL_ASSETS_TDAYS":0.104055457177,"PREMIUM_EXPENSE":null,"LOAN_DEPOSIT":null,"LOAN_EQUITY":null,"LOAN_ASSETS":null,"DEPOSIT_EQUITY":null,"DEPOSIT_ASSETS":null,"EQUITY_MULTIPLIER":1.902050297556,"EQUITY_RATIO":0.902050297557},{"SECUCODE":"00952.HK","SECURITY_CODE":"00952","SECURITY_NAME_ABBR":"华富建业金融","ORG_CODE":"10009178","STD_REPORT_DATE":"2021-06-30 00:00:00","REPORT_DATE":"2021-06-30 00:00:00","DATE_TYPE_CODE":"002","REPORT_TYPE":"2021年中报","PER_NETCASH_OPERATE":0.039033869232,"PER_OI":0.067739662742,"BPS":0.788795236053,"BASIC_EPS":0.0018805008,"DILUTED_EPS":0.0018805008,"OPERATE_INCOME":419786024.16,"OPERATE_INCOME_YOY":82.3393558694,"GROSS_PROFIT":null,"GROSS_PROFIT_YOY":null,"HOLDER_PROFIT":11566744.08,"HOLDER_PROFIT_YOY":108.6010926933,"GROSS_PROFIT_RATIO":null,"EPS_TTM":0.039711695793,"OPERATE_INCOME_QOQ":17.713675882128,"NET_PROFIT_RATIO":2.7553904643,"ROE_AVG":0.23629309659,"GROSS_PROFIT_QOQ":null,"ROA":0.14251363355,"HOLDER_PROFIT_QOQ":183.195892810681,"ROE_YEARLY":0.472586193181,"ROIC_YEARLY":0.293182458574,"TOTAL_ASSETS":7964159694.96,"TOTAL_LIABILITIES":3075956792.64,"TAX_EBT":12.665703336056,"OCF_SALES":57.623359273105,"TOTAL_PARENT_EQUITY":4888202902.32,"DEBT_ASSET_RATIO":38.6224901365,"OPERATE_PROFIT":40211098.08,"PRETAX_PROFIT":13244217.36,"NETCASH_OPERATE":241894808.88,"NETCASH_INVEST":-1652510.88,"NETCASH_FINANCE":-145491684.24,"END_CASH":273075342.72,"DIVI_RATIO":null,"DIVIDEND_RATE":null,"CURRENT_RATIO":2.485192706396,"COMMON_ACS":30000000000,"CURRENTDEBT_DEBT":99.214003378141,"ISSUED_COMMON_SHARES":6197049220,"HK_COMMON_SHARES":6197049220,"PER_SHARES":10000,"TOTAL_MARKET_CAP":1276592139.32,"HKSK_MARKET_CAP":1276592139.32,"PE_TTM":65.702117309315,"PB_TTM":0.61509143763,"REPORT_DATE_SQ":"2020-06-30 00:00:00","REPORT_TYPE_SQ":"2020年中报","OPERATE_INCOME_SQ":252733319.52,"DPS_HKD":null,"OPERATE_INCOME_QOQ_SQ":-21.267037804605,"NET_PROFIT_RATIO_SQ":-58.4130575424,"HOLDER_PROFIT_SQ":-147629259.36,"HOLDER_PROFIT_QOQ_SQ":-4004.90279707837,"ROE_AVG_SQ":-2.834217753164,"PE_TTM_SQ":-0.909247817581,"PB_TTM_SQ":0.525758333703,"ROA_SQ":-1.638785741685,"START_DATE":"2021-01-01 00:00:00","FISCAL_YEAR":"12-31","CURRENCY":"HKD","IS_CNY_CODE":0,"DPS_HKD_LY":0.005,"ORG_TYPE":"证券","PREMIUM_INCOME":null,"PREMIUM_INCOME_YOY":null,"NET_INTEREST_INCOME":258721962.72,"NET_INTEREST_INCOME_YOY":null,"FEE_COMMISSION_INCOME":100358000.88,"FEE_COMMISSION_INCOME_YOY":0.647557057621,"ACCOUNTS_RECE_TDAYS":0.918931275324,"INVENTORY_TDAYS":null,"CURRENT_ASSETS_TDAYS":0.05446585002,"TOTAL_ASSETS_TDAYS":0.051721756099,"PREMIUM_EXPENSE":null,"LOAN_DEPOSIT":null,"LOAN_EQUITY":null,"LOAN_ASSETS":null,"DEPOSIT_EQUITY":null,"DEPOSIT_ASSETS":null,"EQUITY_MULTIPLIER":1.629261275382,"EQUITY_RATIO":0.629261275382},{"SECUCODE":"00952.HK","SECURITY_CODE":"00952","SECURITY_NAME_ABBR":"华富建业金融","ORG_CODE":"10009178","STD_REPORT_DATE":"2020-12-31 00:00:00","REPORT_DATE":"2020-12-31 00:00:00","DATE_TYPE_CODE":"001","REPORT_TYPE":"2020年年报","PER_NETCASH_OPERATE":0.049186316723,"PER_OI":0.152180803218,"BPS":0.800104001091,"BASIC_EPS":0.014139552,"DILUTED_EPS":0.014139552,"OPERATE_INCOME":943071927.88,"OPERATE_INCOME_YOY":44.181548902,"GROSS_PROFIT":null,"GROSS_PROFIT_YOY":null,"HOLDER_PROFIT":86899330,"HOLDER_PROFIT_YOY":1830.9893398167,"GROSS_PROFIT_RATIO":null,"EPS_TTM":0.014022694821,"OPERATE_INCOME_QOQ":72.059280030939,"NET_PROFIT_RATIO":9.2144965226,"ROE_AVG":1.768771310375,"GROSS_PROFIT_QOQ":null,"ROA":1.050197615151,"HOLDER_PROFIT_QOQ":146.461652737834,"ROE_YEARLY":1.768771310375,"ROIC_YEARLY":1.071833280252,"TOTAL_ASSETS":8369602291.08,"TOTAL_LIABILITIES":3411318415.2,"TAX_EBT":8.725247524752,"OCF_SALES":32.32097326502,"TOTAL_PARENT_EQUITY":4958283875.88,"DEBT_ASSET_RATIO":40.7138649171,"OPERATE_PROFIT":185928375.68,"PRETAX_PROFIT":95206316.8,"NETCASH_OPERATE":304810025.68,"NETCASH_INVEST":-8755580.92,"NETCASH_FINANCE":-268877889.16,"END_CASH":180498956.04,"DIVI_RATIO":null,"DIVIDEND_RATE":null,"CURRENT_RATIO":2.35213131275,"COMMON_ACS":30000000000,"CURRENTDEBT_DEBT":98.709926526826,"ISSUED_COMMON_SHARES":6197049220,"HK_COMMON_SHARES":6197049220,"PER_SHARES":10000,"TOTAL_MARKET_CAP":1276592139.32,"HKSK_MARKET_CAP":1276592139.32,"PE_TTM":65.702117309315,"PB_TTM":0.61509143763,"REPORT_DATE_SQ":"2019-12-31 00:00:00","REPORT_TYPE_SQ":"2019年年报","OPERATE_INCOME_SQ":696161697.46,"DPS_HKD":null,"OPERATE_INCOME_QOQ_SQ":-10.368338584899,"NET_PROFIT_RATIO_SQ":0.6880205673,"HOLDER_PROFIT_SQ":4789735.66,"HOLDER_PROFIT_QOQ_SQ":-95.482926771707,"ROE_AVG_SQ":0.092347537618,"PE_TTM_SQ":-0.909247817581,"PB_TTM_SQ":0.525758333703,"ROA_SQ":0.053728819784,"START_DATE":"2020-01-01 00:00:00","FISCAL_YEAR":"12-31","CURRENCY":"HKD","IS_CNY_CODE":0,"DPS_HKD_LY":null,"ORG_TYPE":"证券","PREMIUM_INCOME":null,"PREMIUM_INCOME_YOY":null,"NET_INTEREST_INCOME":561338531.12,"NET_INTEREST_INCOME_YOY":null,"FEE_COMMISSION_INCOME":197147436.88,"FEE_COMMISSION_INCOME_YOY":-4.074269731481,"ACCOUNTS_RECE_TDAYS":2.147845430315,"INVENTORY_TDAYS":null,"CURRENT_ASSETS_TDAYS":0.120430398063,"TOTAL_ASSETS_TDAYS":0.113972327471,"PREMIUM_EXPENSE":null,"LOAN_DEPOSIT":null,"LOAN_EQUITY":null,"LOAN_ASSETS":null,"DEPOSIT_EQUITY":null,"DEPOSIT_ASSETS":null,"EQUITY_MULTIPLIER":1.686735015871,"EQUITY_RATIO":0.688003853873},{"SECUCODE":"00952.HK","SECURITY_CODE":"00952","SECURITY_NAME_ABBR":"华富建业金融","ORG_CODE":"10009178","STD_REPORT_DATE":"2020-06-30 00:00:00","REPORT_DATE":"2020-06-30 00:00:00","DATE_TYPE_CODE":"002","REPORT_TYPE":"2020年中报","PER_NETCASH_OPERATE":0.016681018286,"PER_OI":0.040782848505,"BPS":0.828572971031,"BASIC_EPS":-0.024023472,"DILUTED_EPS":-0.024023472,"OPERATE_INCOME":252733319.52,"OPERATE_INCOME_YOY":-39.2726314981,"GROSS_PROFIT":null,"GROSS_PROFIT_YOY":null,"HOLDER_PROFIT":-147629259.36,"HOLDER_PROFIT_YOY":-421.6874664119,"GROSS_PROFIT_RATIO":null,"EPS_TTM":-0.030181222566,"OPERATE_INCOME_QOQ":-21.267037804605,"NET_PROFIT_RATIO":-58.4130575424,"ROE_AVG":-2.834217753164,"GROSS_PROFIT_QOQ":null,"ROA":-1.638785741685,"HOLDER_PROFIT_QOQ":-4004.90279707837,"ROE_YEARLY":-5.668435506329,"ROIC_YEARLY":-3.357011572383,"TOTAL_ASSETS":9132750327.36,"TOTAL_LIABILITIES":3998042843.52,"TAX_EBT":1.496276070554,"OCF_SALES":40.902043132393,"TOTAL_PARENT_EQUITY":5134707483.84,"DEBT_ASSET_RATIO":43.7769861237,"OPERATE_PROFIT":-70720351.68,"PRETAX_PROFIT":-149871754.56,"NETCASH_OPERATE":103373091.36,"NETCASH_INVEST":-5348191.2,"NETCASH_FINANCE":-5075986.08,"END_CASH":259694645.76,"DIVI_RATIO":null,"DIVIDEND_RATE":null,"CURRENT_RATIO":2.18667697986,"COMMON_ACS":30000000000,"CURRENTDEBT_DEBT":98.597183217011,"ISSUED_COMMON_SHARES":6197049220,"HK_COMMON_SHARES":6197049220,"PER_SHARES":10000,"TOTAL_MARKET_CAP":1276592139.32,"HKSK_MARKET_CAP":1276592139.32,"PE_TTM":65.702117309315,"PB_TTM":0.61509143763,"REPORT_DATE_SQ":"2019-06-30 00:00:00","REPORT_TYPE_SQ":"2019年中报","OPERATE_INCOME_SQ":400786290.9,"DPS_HKD":null,"OPERATE_INCOME_QOQ_SQ":27.439471725376,"NET_PROFIT_RATIO_SQ":11.0270732965,"HOLDER_PROFIT_SQ":44194998.06,"HOLDER_PROFIT_QOQ_SQ":20.806920757882,"ROE_AVG_SQ":0.86428263131,"PE_TTM_SQ":-0.909247817581,"PB_TTM_SQ":0.525758333703,"ROA_SQ":0.501095001442,"START_DATE":"2020-01-01 00:00:00","FISCAL_YEAR":"12-31","CURRENCY":"HKD","IS_CNY_CODE":0,"DPS_HKD_LY":null,"ORG_TYPE":"证券","PREMIUM_INCOME":null,"PREMIUM_INCOME_YOY":null,"NET_INTEREST_INCOME":301532938.08,"NET_INTEREST_INCOME_YOY":null,"FEE_COMMISSION_INCOME":109462082.4,"FEE_COMMISSION_INCOME_YOY":-5.950540351758,"ACCOUNTS_RECE_TDAYS":0.588599570277,"INVENTORY_TDAYS":null,"CURRENT_ASSETS_TDAYS":0.029695712403,"TOTAL_ASSETS_TDAYS":0.028055126895,"PREMIUM_EXPENSE":null,"LOAN_DEPOSIT":null,"LOAN_EQUITY":null,"LOAN_ASSETS":null,"DEPOSIT_EQUITY":null,"DEPOSIT_ASSETS":null,"EQUITY_MULTIPLIER":1.778631081927,"EQUITY_RATIO":0.778631081927}],"count":46},"success":true,"message":"ok","code":0}