{"version":"e8759e6f3709fdbc73914572045ccd49","result":{"pages":4,"data":[{"SECUCODE":"00953.HK","SECURITY_CODE":"00953","SECURITY_NAME_ABBR":"邵氏兄弟控股","ORG_CODE":"10142053","STD_REPORT_DATE":"2024-06-30 00:00:00","REPORT_DATE":"2024-06-30 00:00:00","DATE_TYPE_CODE":"002","REPORT_TYPE":"2024年中报","PER_NETCASH_OPERATE":0.005491649115,"PER_OI":0.00897852227,"BPS":0.32184120991,"BASIC_EPS":-0.00008,"DILUTED_EPS":-0.00008,"OPERATE_INCOME":12746000,"OPERATE_INCOME_YOY":-57.5868494609,"GROSS_PROFIT":9825000,"GROSS_PROFIT_YOY":-55.214695961346,"HOLDER_PROFIT":-110000,"HOLDER_PROFIT_YOY":85.0340136054,"GROSS_PROFIT_RATIO":77.083006433391,"EPS_TTM":-0.001601143976,"OPERATE_INCOME_QOQ":-26.816040659477,"NET_PROFIT_RATIO":-25.5295779068,"ROE_AVG":-0.02427980042,"GROSS_PROFIT_QOQ":-39.996698035331,"ROA":-0.02093334158,"HOLDER_PROFIT_QOQ":21.566597653554,"ROE_YEARLY":-0.04855960084,"ROIC_YEARLY":-0.095429367086,"TOTAL_ASSETS":559421000,"TOTAL_LIABILITIES":124294000,"TAX_EBT":-4.933892292809,"OCF_SALES":61.164286835086,"TOTAL_PARENT_EQUITY":456889000,"DEBT_ASSET_RATIO":22.2183293083,"OPERATE_PROFIT":-2761000,"PRETAX_PROFIT":-3101000,"NETCASH_OPERATE":7796000,"NETCASH_INVEST":-83277000,"NETCASH_FINANCE":-1482000,"END_CASH":153831000,"DIVI_RATIO":null,"DIVIDEND_RATE":null,"CURRENT_RATIO":4.318807938373,"COMMON_ACS":10000000000,"CURRENTDEBT_DEBT":98.592047886463,"ISSUED_COMMON_SHARES":1419610000,"HK_COMMON_SHARES":1419610000,"PER_SHARES":2000,"TOTAL_MARKET_CAP":168933590,"HKSK_MARKET_CAP":168933590,"PE_TTM":-67.00454598091,"PB_TTM":0.337461197186,"REPORT_DATE_SQ":"2023-06-30 00:00:00","REPORT_TYPE_SQ":"2023年中报","OPERATE_INCOME_SQ":30052000,"DPS_HKD":null,"OPERATE_INCOME_QOQ_SQ":-4.660635450882,"NET_PROFIT_RATIO_SQ":-3.700252895,"HOLDER_PROFIT_SQ":-735000,"HOLDER_PROFIT_QOQ_SQ":137.086092715232,"ROE_AVG_SQ":-0.160564838703,"PE_TTM_SQ":763.377490529586,"PB_TTM_SQ":0.316800317929,"ROA_SQ":-0.138189454923,"START_DATE":"2024-01-01 00:00:00","FISCAL_YEAR":"12-31","CURRENCY":"HKD","IS_CNY_CODE":0,"DPS_HKD_LY":null,"ORG_TYPE":"一般企业","PREMIUM_INCOME":null,"PREMIUM_INCOME_YOY":null,"NET_INTEREST_INCOME":null,"NET_INTEREST_INCOME_YOY":null,"FEE_COMMISSION_INCOME":null,"FEE_COMMISSION_INCOME_YOY":null,"ACCOUNTS_RECE_TDAYS":0.409286494124,"INVENTORY_TDAYS":null,"CURRENT_ASSETS_TDAYS":0.025852198684,"TOTAL_ASSETS_TDAYS":0.024256033798,"PREMIUM_EXPENSE":null,"LOAN_DEPOSIT":null,"LOAN_EQUITY":null,"LOAN_ASSETS":null,"DEPOSIT_EQUITY":null,"DEPOSIT_ASSETS":null,"EQUITY_MULTIPLIER":1.285649936685,"EQUITY_RATIO":0.272044194542},{"SECUCODE":"00953.HK","SECURITY_CODE":"00953","SECURITY_NAME_ABBR":"邵氏兄弟控股","ORG_CODE":"10142053","STD_REPORT_DATE":"2023-12-31 00:00:00","REPORT_DATE":"2023-12-31 00:00:00","DATE_TYPE_CODE":"001","REPORT_TYPE":"2023年年报","PER_NETCASH_OPERATE":-0.020822620297,"PER_OI":0.045460372919,"BPS":0.316434795472,"BASIC_EPS":-0.002,"DILUTED_EPS":-0.002,"OPERATE_INCOME":64536000,"OPERATE_INCOME_YOY":-59.9282214951,"GROSS_PROFIT":30285000,"GROSS_PROFIT_YOY":-39.806809373323,"HOLDER_PROFIT":-2898000,"HOLDER_PROFIT_YOY":-859.6026490066,"GROSS_PROFIT_RATIO":46.927296392711,"EPS_TTM":-0.002041405738,"OPERATE_INCOME_QOQ":-57.969324953597,"NET_PROFIT_RATIO":-11.9576670386,"ROE_AVG":-0.642567075422,"GROSS_PROFIT_QOQ":-42.726653806876,"ROA":-0.565652701343,"HOLDER_PROFIT_QOQ":-2687.5,"ROE_YEARLY":-0.642567075422,"ROIC_YEARLY":-1.349300207656,"TOTAL_ASSETS":491534000,"TOTAL_LIABILITIES":61484000,"TAX_EBT":-2.184851694915,"OCF_SALES":-45.803892401141,"TOTAL_PARENT_EQUITY":449214000,"DEBT_ASSET_RATIO":12.5085955397,"OPERATE_PROFIT":-6639000,"PRETAX_PROFIT":-7552000,"NETCASH_OPERATE":-29560000,"NETCASH_INVEST":-69468000,"NETCASH_FINANCE":-2956000,"END_CASH":226023000,"DIVI_RATIO":null,"DIVIDEND_RATE":null,"CURRENT_RATIO":7.812412354209,"COMMON_ACS":10000000000,"CURRENTDEBT_DEBT":95.104417409407,"ISSUED_COMMON_SHARES":1419610000,"HK_COMMON_SHARES":1419610000,"PER_SHARES":2000,"TOTAL_MARKET_CAP":163255150,"HKSK_MARKET_CAP":163255150,"PE_TTM":-64.752292334493,"PB_TTM":0.326117963667,"REPORT_DATE_SQ":"2022-12-31 00:00:00","REPORT_TYPE_SQ":"2022年年报","OPERATE_INCOME_SQ":161051000,"DPS_HKD":null,"OPERATE_INCOME_QOQ_SQ":-23.987728613569,"NET_PROFIT_RATIO_SQ":-4.672432956,"HOLDER_PROFIT_SQ":-302000,"HOLDER_PROFIT_QOQ_SQ":-101.33239212918,"ROE_AVG_SQ":-0.069283852733,"PE_TTM_SQ":797.456842785371,"PB_TTM_SQ":0.330943189265,"ROA_SQ":-0.054127878008,"START_DATE":"2023-01-01 00:00:00","FISCAL_YEAR":"12-31","CURRENCY":"HKD","IS_CNY_CODE":0,"DPS_HKD_LY":null,"ORG_TYPE":"一般企业","PREMIUM_INCOME":null,"PREMIUM_INCOME_YOY":null,"NET_INTEREST_INCOME":null,"NET_INTEREST_INCOME_YOY":null,"FEE_COMMISSION_INCOME":null,"FEE_COMMISSION_INCOME_YOY":null,"ACCOUNTS_RECE_TDAYS":0.891954086533,"INVENTORY_TDAYS":null,"CURRENT_ASSETS_TDAYS":0.136271207914,"TOTAL_ASSETS_TDAYS":0.125966054982,"PREMIUM_EXPENSE":null,"LOAN_DEPOSIT":null,"LOAN_EQUITY":null,"LOAN_ASSETS":null,"DEPOSIT_EQUITY":null,"DEPOSIT_ASSETS":null,"EQUITY_MULTIPLIER":1.142969422161,"EQUITY_RATIO":0.136870177688},{"SECUCODE":"00953.HK","SECURITY_CODE":"00953","SECURITY_NAME_ABBR":"邵氏兄弟控股","ORG_CODE":"10142053","STD_REPORT_DATE":"2023-06-30 00:00:00","REPORT_DATE":"2023-06-30 00:00:00","DATE_TYPE_CODE":"002","REPORT_TYPE":"2023年中报","PER_NETCASH_OPERATE":-0.014327174365,"PER_OI":0.021169194356,"BPS":0.325952198139,"BASIC_EPS":-0.00052,"DILUTED_EPS":-0.00052,"OPERATE_INCOME":30052000,"OPERATE_INCOME_YOY":-19.9850897279,"GROSS_PROFIT":21938000,"GROSS_PROFIT_YOY":13.240076394983,"HOLDER_PROFIT":-735000,"HOLDER_PROFIT_YOY":36.0313315927,"GROSS_PROFIT_RATIO":73.000133102622,"EPS_TTM":0.000078894908,"OPERATE_INCOME_QOQ":-4.660635450882,"NET_PROFIT_RATIO":-3.700252895,"ROE_AVG":-0.160564838703,"GROSS_PROFIT_QOQ":5.098085981754,"ROA":-0.138189454923,"HOLDER_PROFIT_QOQ":137.086092715232,"ROE_YEARLY":-0.321129677407,"ROIC_YEARLY":-0.646897422752,"TOTAL_ASSETS":530634000,"TOTAL_LIABILITIES":82382000,"TAX_EBT":-33.333333333333,"OCF_SALES":-67.679355783309,"TOTAL_PARENT_EQUITY":462725000,"DEBT_ASSET_RATIO":15.5252019283,"OPERATE_PROFIT":-359000,"PRETAX_PROFIT":-834000,"NETCASH_OPERATE":-20339000,"NETCASH_INVEST":3581000,"NETCASH_FINANCE":-1157000,"END_CASH":315686000,"DIVI_RATIO":null,"DIVIDEND_RATE":null,"CURRENT_RATIO":6.275181549654,"COMMON_ACS":10000000000,"CURRENTDEBT_DEBT":94.106722342259,"ISSUED_COMMON_SHARES":1419610000,"HK_COMMON_SHARES":1419610000,"PER_SHARES":2000,"TOTAL_MARKET_CAP":163255150,"HKSK_MARKET_CAP":163255150,"PE_TTM":-64.752292334493,"PB_TTM":0.326117963667,"REPORT_DATE_SQ":"2022-06-30 00:00:00","REPORT_TYPE_SQ":"2022年中报","OPERATE_INCOME_SQ":37558000,"DPS_HKD":null,"OPERATE_INCOME_QOQ_SQ":-1.690346049982,"NET_PROFIT_RATIO_SQ":-7.0743916076,"HOLDER_PROFIT_SQ":-1149000,"HOLDER_PROFIT_QOQ_SQ":38.182039870755,"ROE_AVG_SQ":-0.269381898662,"PE_TTM_SQ":797.456842785371,"PB_TTM_SQ":0.330943189265,"ROA_SQ":-0.197486133861,"START_DATE":"2023-01-01 00:00:00","FISCAL_YEAR":"12-31","CURRENCY":"HKD","IS_CNY_CODE":0,"DPS_HKD_LY":null,"ORG_TYPE":"一般企业","PREMIUM_INCOME":null,"PREMIUM_INCOME_YOY":null,"NET_INTEREST_INCOME":null,"NET_INTEREST_INCOME_YOY":null,"FEE_COMMISSION_INCOME":null,"FEE_COMMISSION_INCOME_YOY":null,"ACCOUNTS_RECE_TDAYS":0.37261782247,"INVENTORY_TDAYS":null,"CURRENT_ASSETS_TDAYS":0.061528822953,"TOTAL_ASSETS_TDAYS":0.056501625841,"PREMIUM_EXPENSE":null,"LOAN_DEPOSIT":null,"LOAN_EQUITY":null,"LOAN_ASSETS":null,"DEPOSIT_EQUITY":null,"DEPOSIT_ASSETS":null,"EQUITY_MULTIPLIER":1.183785013787,"EQUITY_RATIO":0.178036630828},{"SECUCODE":"00953.HK","SECURITY_CODE":"00953","SECURITY_NAME_ABBR":"邵氏兄弟控股","ORG_CODE":"10142053","STD_REPORT_DATE":"2022-12-31 00:00:00","REPORT_DATE":"2022-12-31 00:00:00","DATE_TYPE_CODE":"001","REPORT_TYPE":"2022年年报","PER_NETCASH_OPERATE":-0.013724191856,"PER_OI":0.11344735526,"BPS":0.318955910426,"BASIC_EPS":-0.0002,"DILUTED_EPS":-0.0002,"OPERATE_INCOME":161051000,"OPERATE_INCOME_YOY":-25.2725990405,"GROSS_PROFIT":50313000,"GROSS_PROFIT_YOY":-37.793026706232,"HOLDER_PROFIT":-302000,"HOLDER_PROFIT_YOY":-101.8411266232,"GROSS_PROFIT_RATIO":31.240414527075,"EPS_TTM":-0.000212734483,"OPERATE_INCOME_QOQ":-23.987728613569,"NET_PROFIT_RATIO":-4.672432956,"ROE_AVG":-0.069283852733,"GROSS_PROFIT_QOQ":-42.532267275842,"ROA":-0.054127878008,"HOLDER_PROFIT_QOQ":-101.33239212918,"ROE_YEARLY":-0.069283852733,"ROIC_YEARLY":-0.119767365772,"TOTAL_ASSETS":533123000,"TOTAL_LIABILITIES":95091000,"TAX_EBT":-13.328313253012,"OCF_SALES":-12.097410137162,"TOTAL_PARENT_EQUITY":452793000,"DEBT_ASSET_RATIO":17.8365968079,"OPERATE_PROFIT":-5626000,"PRETAX_PROFIT":-6640000,"NETCASH_OPERATE":-19483000,"NETCASH_INVEST":2044000,"NETCASH_FINANCE":2792000,"END_CASH":322828000,"DIVI_RATIO":null,"DIVIDEND_RATE":null,"CURRENT_RATIO":5.380505629074,"COMMON_ACS":10000000000,"CURRENTDEBT_DEBT":95.838722907531,"ISSUED_COMMON_SHARES":1419610000,"HK_COMMON_SHARES":1419610000,"PER_SHARES":2000,"TOTAL_MARKET_CAP":163255150,"HKSK_MARKET_CAP":163255150,"PE_TTM":-64.752292334493,"PB_TTM":0.326117963667,"REPORT_DATE_SQ":"2021-12-31 00:00:00","REPORT_TYPE_SQ":"2021年年报","OPERATE_INCOME_SQ":215518000,"DPS_HKD":null,"OPERATE_INCOME_QOQ_SQ":63.919438993596,"NET_PROFIT_RATIO_SQ":7.1734147496,"HOLDER_PROFIT_SQ":16403000,"HOLDER_PROFIT_QOQ_SQ":355.638888888889,"ROE_AVG_SQ":3.940310410846,"PE_TTM_SQ":797.456842785371,"PB_TTM_SQ":0.330943189265,"ROA_SQ":2.804684334086,"START_DATE":"2022-01-01 00:00:00","FISCAL_YEAR":"12-31","CURRENCY":"HKD","IS_CNY_CODE":0,"DPS_HKD_LY":null,"ORG_TYPE":"一般企业","PREMIUM_INCOME":null,"PREMIUM_INCOME_YOY":null,"NET_INTEREST_INCOME":null,"NET_INTEREST_INCOME_YOY":null,"FEE_COMMISSION_INCOME":null,"FEE_COMMISSION_INCOME_YOY":null,"ACCOUNTS_RECE_TDAYS":1.541106278737,"INVENTORY_TDAYS":null,"CURRENT_ASSETS_TDAYS":0.312171209484,"TOTAL_ASSETS_TDAYS":0.288653936459,"PREMIUM_EXPENSE":null,"LOAN_DEPOSIT":null,"LOAN_EQUITY":null,"LOAN_ASSETS":null,"DEPOSIT_EQUITY":null,"DEPOSIT_ASSETS":null,"EQUITY_MULTIPLIER":1.217086879498,"EQUITY_RATIO":0.210009872061},{"SECUCODE":"00953.HK","SECURITY_CODE":"00953","SECURITY_NAME_ABBR":"邵氏兄弟控股","ORG_CODE":"10142053","STD_REPORT_DATE":"2022-06-30 00:00:00","REPORT_DATE":"2022-06-30 00:00:00","DATE_TYPE_CODE":"002","REPORT_TYPE":"2022年中报","PER_NETCASH_OPERATE":-0.007785941209,"PER_OI":0.026456562014,"BPS":0.30577482548,"BASIC_EPS":-0.0008,"DILUTED_EPS":-0.0008,"OPERATE_INCOME":37558000,"OPERATE_INCOME_YOY":-8.8420183976,"GROSS_PROFIT":19373000,"GROSS_PROFIT_YOY":52.50728174447,"HOLDER_PROFIT":-1149000,"HOLDER_PROFIT_YOY":84.4981111711,"GROSS_PROFIT_RATIO":51.581553863358,"EPS_TTM":0.015966356957,"OPERATE_INCOME_QOQ":-1.690346049982,"NET_PROFIT_RATIO":-7.0743916076,"ROE_AVG":-0.269381898662,"GROSS_PROFIT_QOQ":8.246785361029,"ROA":-0.197486133861,"HOLDER_PROFIT_QOQ":38.182039870755,"ROE_YEARLY":-0.538763797324,"ROIC_YEARLY":-0.832420194702,"TOTAL_ASSETS":580873000,"TOTAL_LIABILITIES":156399000,"TAX_EBT":-2.270977675135,"OCF_SALES":-29.42914958198,"TOTAL_PARENT_EQUITY":434081000,"DEBT_ASSET_RATIO":26.9248183338,"OPERATE_PROFIT":-1996000,"PRETAX_PROFIT":-2598000,"NETCASH_OPERATE":-11053000,"NETCASH_INVEST":919000,"NETCASH_FINANCE":3400000,"END_CASH":317610000,"DIVI_RATIO":null,"DIVIDEND_RATE":null,"CURRENT_RATIO":3.558500570464,"COMMON_ACS":10000000000,"CURRENTDEBT_DEBT":96.951387157207,"ISSUED_COMMON_SHARES":1419610000,"HK_COMMON_SHARES":1419610000,"PER_SHARES":2000,"TOTAL_MARKET_CAP":163255150,"HKSK_MARKET_CAP":163255150,"PE_TTM":-64.752292334493,"PB_TTM":0.326117963667,"REPORT_DATE_SQ":"2021-06-30 00:00:00","REPORT_TYPE_SQ":"2021年中报","OPERATE_INCOME_SQ":41201000,"DPS_HKD":null,"OPERATE_INCOME_QOQ_SQ":14.955452772945,"NET_PROFIT_RATIO_SQ":-22.2348972112,"HOLDER_PROFIT_SQ":-7412000,"HOLDER_PROFIT_QOQ_SQ":59.080866106938,"ROE_AVG_SQ":-1.817715862955,"PE_TTM_SQ":797.456842785371,"PB_TTM_SQ":0.330943189265,"ROA_SQ":-1.241579512933,"START_DATE":"2022-01-01 00:00:00","FISCAL_YEAR":"12-31","CURRENCY":"HKD","IS_CNY_CODE":0,"DPS_HKD_LY":null,"ORG_TYPE":"一般企业","PREMIUM_INCOME":null,"PREMIUM_INCOME_YOY":null,"NET_INTEREST_INCOME":null,"NET_INTEREST_INCOME_YOY":null,"FEE_COMMISSION_INCOME":null,"FEE_COMMISSION_INCOME_YOY":null,"ACCOUNTS_RECE_TDAYS":0.384272238024,"INVENTORY_TDAYS":null,"CURRENT_ASSETS_TDAYS":0.069484683325,"TOTAL_ASSETS_TDAYS":0.064553387429,"PREMIUM_EXPENSE":null,"LOAN_DEPOSIT":null,"LOAN_EQUITY":null,"LOAN_ASSETS":null,"DEPOSIT_EQUITY":null,"DEPOSIT_ASSETS":null,"EQUITY_MULTIPLIER":1.368453662651,"EQUITY_RATIO":0.360299114681},{"SECUCODE":"00953.HK","SECURITY_CODE":"00953","SECURITY_NAME_ABBR":"邵氏兄弟控股","ORG_CODE":"10142053","STD_REPORT_DATE":"2021-12-31 00:00:00","REPORT_DATE":"2021-12-31 00:00:00","DATE_TYPE_CODE":"001","REPORT_TYPE":"2021年年报","PER_NETCASH_OPERATE":0.040655532153,"PER_OI":0.151814935088,"BPS":0.295139510147,"BASIC_EPS":0.0116,"DILUTED_EPS":0.0116,"OPERATE_INCOME":215518000,"OPERATE_INCOME_YOY":88.434333278,"GROSS_PROFIT":80880000,"GROSS_PROFIT_YOY":92.050149593959,"HOLDER_PROFIT":16403000,"HOLDER_PROFIT_YOY":624.8342907645,"GROSS_PROFIT_RATIO":37.528187900779,"EPS_TTM":0.011554581892,"OPERATE_INCOME_QOQ":63.919438993596,"NET_PROFIT_RATIO":7.1734147496,"ROE_AVG":3.940310410846,"GROSS_PROFIT_QOQ":87.126926102448,"ROA":2.804684334086,"HOLDER_PROFIT_QOQ":355.638888888889,"ROE_YEARLY":3.940310410846,"ROIC_YEARLY":5.642625680259,"TOTAL_ASSETS":582753000,"TOTAL_LIABILITIES":172331000,"TAX_EBT":32.902217785686,"OCF_SALES":26.779665735577,"TOTAL_PARENT_EQUITY":418983000,"DEBT_ASSET_RATIO":29.5718769359,"OPERATE_PROFIT":23800000,"PRETAX_PROFIT":23041000,"NETCASH_OPERATE":57715000,"NETCASH_INVEST":-29800000,"NETCASH_FINANCE":-1339000,"END_CASH":312059000,"DIVI_RATIO":null,"DIVIDEND_RATE":null,"CURRENT_RATIO":3.243839900312,"COMMON_ACS":10000000000,"CURRENTDEBT_DEBT":96.860692504541,"ISSUED_COMMON_SHARES":1419610000,"HK_COMMON_SHARES":1419610000,"PER_SHARES":2000,"TOTAL_MARKET_CAP":163255150,"HKSK_MARKET_CAP":163255150,"PE_TTM":-64.752292334493,"PB_TTM":0.326117963667,"REPORT_DATE_SQ":"2020-12-31 00:00:00","REPORT_TYPE_SQ":"2020年年报","OPERATE_INCOME_SQ":114373000,"DPS_HKD":null,"OPERATE_INCOME_QOQ_SQ":-60.555049731683,"NET_PROFIT_RATIO_SQ":-1.6524879124,"HOLDER_PROFIT_SQ":2263000,"HOLDER_PROFIT_QOQ_SQ":-70.579823192928,"ROE_AVG_SQ":0.53265419727,"PE_TTM_SQ":797.456842785371,"PB_TTM_SQ":0.330943189265,"ROA_SQ":0.382290635484,"START_DATE":"2021-01-01 00:00:00","FISCAL_YEAR":"12-31","CURRENCY":"HKD","IS_CNY_CODE":0,"DPS_HKD_LY":null,"ORG_TYPE":"一般企业","PREMIUM_INCOME":null,"PREMIUM_INCOME_YOY":null,"NET_INTEREST_INCOME":null,"NET_INTEREST_INCOME_YOY":null,"FEE_COMMISSION_INCOME":null,"FEE_COMMISSION_INCOME_YOY":null,"ACCOUNTS_RECE_TDAYS":2.141049076098,"INVENTORY_TDAYS":null,"CURRENT_ASSETS_TDAYS":0.383996778616,"TOTAL_ASSETS_TDAYS":0.368505735727,"PREMIUM_EXPENSE":null,"LOAN_DEPOSIT":null,"LOAN_EQUITY":null,"LOAN_ASSETS":null,"DEPOSIT_EQUITY":null,"DEPOSIT_ASSETS":null,"EQUITY_MULTIPLIER":1.419887335475,"EQUITY_RATIO":0.411307857359},{"SECUCODE":"00953.HK","SECURITY_CODE":"00953","SECURITY_NAME_ABBR":"邵氏兄弟控股","ORG_CODE":"10142053","STD_REPORT_DATE":"2021-06-30 00:00:00","REPORT_DATE":"2021-06-30 00:00:00","DATE_TYPE_CODE":"002","REPORT_TYPE":"2021年中报","PER_NETCASH_OPERATE":0.030077274744,"PER_OI":0.029022759772,"BPS":0.283132691373,"BASIC_EPS":-0.0052,"DILUTED_EPS":-0.0052,"OPERATE_INCOME":41201000,"OPERATE_INCOME_YOY":70.9868857902,"GROSS_PROFIT":12703000,"GROSS_PROFIT_YOY":9.555843035791,"HOLDER_PROFIT":-7412000,"HOLDER_PROFIT_YOY":15.2817464853,"GROSS_PROFIT_RATIO":30.831775927769,"EPS_TTM":0.002535907749,"OPERATE_INCOME_QOQ":14.955452772945,"NET_PROFIT_RATIO":-22.2348972112,"ROE_AVG":-1.817715862955,"GROSS_PROFIT_QOQ":2.630954077029,"ROA":-1.241579512933,"HOLDER_PROFIT_QOQ":59.080866106938,"ROE_YEARLY":-3.63543172591,"ROIC_YEARLY":-5.010731971134,"TOTAL_ASSETS":607030000,"TOTAL_LIABILITIES":214841000,"TAX_EBT":-102.453038674033,"OCF_SALES":103.633406956142,"TOTAL_PARENT_EQUITY":401938000,"DEBT_ASSET_RATIO":35.3921552477,"OPERATE_PROFIT":-4511000,"PRETAX_PROFIT":-4525000,"NETCASH_OPERATE":42698000,"NETCASH_INVEST":-661000,"NETCASH_FINANCE":-215000,"END_CASH":327230000,"DIVI_RATIO":null,"DIVIDEND_RATE":null,"CURRENT_RATIO":2.794824993132,"COMMON_ACS":10000000000,"CURRENTDEBT_DEBT":99.963694080739,"ISSUED_COMMON_SHARES":1419610000,"HK_COMMON_SHARES":1419610000,"PER_SHARES":2000,"TOTAL_MARKET_CAP":163255150,"HKSK_MARKET_CAP":163255150,"PE_TTM":-64.752292334493,"PB_TTM":0.326117963667,"REPORT_DATE_SQ":"2020-06-30 00:00:00","REPORT_TYPE_SQ":"2020年中报","OPERATE_INCOME_SQ":24096000,"DPS_HKD":null,"OPERATE_INCOME_QOQ_SQ":-4.060193166064,"NET_PROFIT_RATIO_SQ":-41.9032204515,"HOLDER_PROFIT_SQ":-8749000,"HOLDER_PROFIT_QOQ_SQ":-57.006316024817,"ROE_AVG_SQ":-2.007798031445,"PE_TTM_SQ":797.456842785371,"PB_TTM_SQ":0.330943189265,"ROA_SQ":-1.417635292297,"START_DATE":"2021-01-01 00:00:00","FISCAL_YEAR":"12-31","CURRENCY":"HKD","IS_CNY_CODE":0,"DPS_HKD_LY":null,"ORG_TYPE":"一般企业","PREMIUM_INCOME":null,"PREMIUM_INCOME_YOY":null,"NET_INTEREST_INCOME":null,"NET_INTEREST_INCOME_YOY":null,"FEE_COMMISSION_INCOME":null,"FEE_COMMISSION_INCOME_YOY":null,"ACCOUNTS_RECE_TDAYS":0.434396630345,"INVENTORY_TDAYS":null,"CURRENT_ASSETS_TDAYS":0.06975777539,"TOTAL_ASSETS_TDAYS":0.069015539007,"PREMIUM_EXPENSE":null,"LOAN_DEPOSIT":null,"LOAN_EQUITY":null,"LOAN_ASSETS":null,"DEPOSIT_EQUITY":null,"DEPOSIT_ASSETS":null,"EQUITY_MULTIPLIER":1.547799657818,"EQUITY_RATIO":0.534512785554},{"SECUCODE":"00953.HK","SECURITY_CODE":"00953","SECURITY_NAME_ABBR":"邵氏兄弟控股","ORG_CODE":"10142053","STD_REPORT_DATE":"2020-12-31 00:00:00","REPORT_DATE":"2020-12-31 00:00:00","DATE_TYPE_CODE":"001","REPORT_TYPE":"2020年年报","PER_NETCASH_OPERATE":-0.002530976818,"PER_OI":0.080566493614,"BPS":0.291341283874,"BASIC_EPS":0.0016,"DILUTED_EPS":0.0016,"OPERATE_INCOME":114373000,"OPERATE_INCOME_YOY":-62.1565909068,"GROSS_PROFIT":42114000,"GROSS_PROFIT_YOY":-62.784655762042,"HOLDER_PROFIT":2263000,"HOLDER_PROFIT_YOY":-87.3511821586,"GROSS_PROFIT_RATIO":36.821627482011,"EPS_TTM":0.001594099788,"OPERATE_INCOME_QOQ":-60.555049731683,"NET_PROFIT_RATIO":-1.6524879124,"ROE_AVG":0.53265419727,"GROSS_PROFIT_QOQ":-60.960370799537,"ROA":0.382290635484,"HOLDER_PROFIT_QOQ":-70.579823192928,"ROE_YEARLY":0.53265419727,"ROIC_YEARLY":0.784795157367,"TOTAL_ASSETS":586933000,"TOTAL_LIABILITIES":181579000,"TAX_EBT":-105.434782608696,"OCF_SALES":-3.141475697936,"TOTAL_PARENT_EQUITY":413591000,"DEBT_ASSET_RATIO":30.93692125,"OPERATE_PROFIT":-409000,"PRETAX_PROFIT":-920000,"NETCASH_OPERATE":-3593000,"NETCASH_INVEST":-1407000,"NETCASH_FINANCE":-14284000,"END_CASH":293029000,"DIVI_RATIO":null,"DIVIDEND_RATE":null,"CURRENT_RATIO":3.205386499548,"COMMON_ACS":10000000000,"CURRENTDEBT_DEBT":99.828724687326,"ISSUED_COMMON_SHARES":1419610000,"HK_COMMON_SHARES":1419610000,"PER_SHARES":2000,"TOTAL_MARKET_CAP":163255150,"HKSK_MARKET_CAP":163255150,"PE_TTM":-64.752292334493,"PB_TTM":0.326117963667,"REPORT_DATE_SQ":"2019-12-31 00:00:00","REPORT_TYPE_SQ":"2019年年报","OPERATE_INCOME_SQ":302227000,"DPS_HKD":null,"OPERATE_INCOME_QOQ_SQ":46.01890055948,"NET_PROFIT_RATIO_SQ":6.3776565297,"HOLDER_PROFIT_SQ":17891000,"HOLDER_PROFIT_QOQ_SQ":96.604395604396,"ROE_AVG_SQ":4.184329404556,"PE_TTM_SQ":797.456842785371,"PB_TTM_SQ":0.330943189265,"ROA_SQ":3.386330513126,"START_DATE":"2020-01-01 00:00:00","FISCAL_YEAR":"12-31","CURRENCY":"HKD","IS_CNY_CODE":0,"DPS_HKD_LY":null,"ORG_TYPE":"一般企业","PREMIUM_INCOME":null,"PREMIUM_INCOME_YOY":null,"NET_INTEREST_INCOME":null,"NET_INTEREST_INCOME_YOY":null,"FEE_COMMISSION_INCOME":null,"FEE_COMMISSION_INCOME_YOY":null,"ACCOUNTS_RECE_TDAYS":0.864007554297,"INVENTORY_TDAYS":null,"CURRENT_ASSETS_TDAYS":0.194502642731,"TOTAL_ASSETS_TDAYS":0.193211342697,"PREMIUM_EXPENSE":null,"LOAN_DEPOSIT":null,"LOAN_EQUITY":null,"LOAN_ASSETS":null,"DEPOSIT_EQUITY":null,"DEPOSIT_ASSETS":null,"EQUITY_MULTIPLIER":1.447951666939,"EQUITY_RATIO":0.439030346405},{"SECUCODE":"00953.HK","SECURITY_CODE":"00953","SECURITY_NAME_ABBR":"邵氏兄弟控股","ORG_CODE":"10142053","STD_REPORT_DATE":"2020-06-30 00:00:00","REPORT_DATE":"2020-06-30 00:00:00","DATE_TYPE_CODE":"002","REPORT_TYPE":"2020年中报","PER_NETCASH_OPERATE":0.033986094773,"PER_OI":0.016973675869,"BPS":0.306694092039,"BASIC_EPS":-0.0062,"DILUTED_EPS":-0.0062,"OPERATE_INCOME":24096000,"OPERATE_INCOME_YOY":-33.7421288531,"GROSS_PROFIT":11595000,"GROSS_PROFIT_YOY":-31.321447610022,"HOLDER_PROFIT":-8749000,"HOLDER_PROFIT_YOY":-703.3793103448,"GROSS_PROFIT_RATIO":48.120019920319,"EPS_TTM":0.005418389558,"OPERATE_INCOME_QOQ":-4.060193166064,"NET_PROFIT_RATIO":-41.9032204515,"ROE_AVG":-2.007798031445,"GROSS_PROFIT_QOQ":-4.672905454963,"ROA":-1.417635292297,"HOLDER_PROFIT_QOQ":-57.006316024817,"ROE_YEARLY":-4.015596062889,"ROIC_YEARLY":-6.492186224603,"TOTAL_ASSETS":637326000,"TOTAL_LIABILITIES":210198000,"TAX_EBT":-1.426418884982,"OCF_SALES":200.228253652058,"TOTAL_PARENT_EQUITY":435386000,"DEBT_ASSET_RATIO":32.9812372318,"OPERATE_PROFIT":-9622000,"PRETAX_PROFIT":-9955000,"NETCASH_OPERATE":48247000,"NETCASH_INVEST":1676000,"NETCASH_FINANCE":-562000,"END_CASH":381106000,"DIVI_RATIO":null,"DIVIDEND_RATE":null,"CURRENT_RATIO":3.032927189978,"COMMON_ACS":10000000000,"CURRENTDEBT_DEBT":99.722166718998,"ISSUED_COMMON_SHARES":1419610000,"HK_COMMON_SHARES":1419610000,"PER_SHARES":2000,"TOTAL_MARKET_CAP":163255150,"HKSK_MARKET_CAP":163255150,"PE_TTM":-64.752292334493,"PB_TTM":0.326117963667,"REPORT_DATE_SQ":"2019-06-30 00:00:00","REPORT_TYPE_SQ":"2019年中报","OPERATE_INCOME_SQ":36367000,"DPS_HKD":null,"OPERATE_INCOME_QOQ_SQ":-5.054656715459,"NET_PROFIT_RATIO_SQ":3.4949267193,"HOLDER_PROFIT_SQ":1450000,"HOLDER_PROFIT_QOQ_SQ":-27.582365112208,"ROE_AVG_SQ":0.345337585352,"PE_TTM_SQ":797.456842785371,"PB_TTM_SQ":0.330943189265,"ROA_SQ":0.283211145628,"START_DATE":"2020-01-01 00:00:00","FISCAL_YEAR":"12-31","CURRENCY":"HKD","IS_CNY_CODE":0,"DPS_HKD_LY":null,"ORG_TYPE":"一般企业","PREMIUM_INCOME":null,"PREMIUM_INCOME_YOY":null,"NET_INTEREST_INCOME":null,"NET_INTEREST_INCOME_YOY":null,"FEE_COMMISSION_INCOME":null,"FEE_COMMISSION_INCOME_YOY":null,"ACCOUNTS_RECE_TDAYS":0.177781712743,"INVENTORY_TDAYS":null,"CURRENT_ASSETS_TDAYS":0.039156102785,"TOTAL_ASSETS_TDAYS":0.039043707856,"PREMIUM_EXPENSE":null,"LOAN_DEPOSIT":null,"LOAN_EQUITY":null,"LOAN_ASSETS":null,"DEPOSIT_EQUITY":null,"DEPOSIT_ASSETS":null,"EQUITY_MULTIPLIER":1.492119458335,"EQUITY_RATIO":0.482785390435}],"count":36},"success":true,"message":"ok","code":0}