{"version":"84074706ce542526fa74eaead3051fce","result":{"pages":8,"data":[{"SECUCODE":"00954.HK","SECURITY_CODE":"00954","SECURITY_NAME_ABBR":"常茂生物","ORG_CODE":"10010777","STD_REPORT_DATE":"2024-06-30 00:00:00","REPORT_DATE":"2024-06-30 00:00:00","DATE_TYPE_CODE":"002","REPORT_TYPE":"2024年中报","PER_NETCASH_OPERATE":-0.050188786105,"PER_OI":0.592414574287,"BPS":1.194831036436,"BASIC_EPS":-0.035,"DILUTED_EPS":-0.035,"OPERATE_INCOME":313802000,"OPERATE_INCOME_YOY":5.7968766857,"GROSS_PROFIT":15987000,"GROSS_PROFIT_YOY":-61.449240414758,"HOLDER_PROFIT":-18786000,"HOLDER_PROFIT_YOY":-551.9124368535,"GROSS_PROFIT_RATIO":5.094613801059,"EPS_TTM":-0.205776854823,"OPERATE_INCOME_QOQ":2.698884594979,"NET_PROFIT_RATIO":-5.9196563438,"ROE_AVG":-2.924824262994,"GROSS_PROFIT_QOQ":-98.73687473362,"ROA":-1.496167593708,"HOLDER_PROFIT_QOQ":-26.660236819782,"ROE_YEARLY":-5.849648525989,"ROIC_YEARLY":-3.184579218442,"TOTAL_ASSETS":1268720000,"TOTAL_LIABILITIES":635707000,"TAX_EBT":-6.501547987616,"OCF_SALES":-8.471902664738,"TOTAL_PARENT_EQUITY":632902000,"DEBT_ASSET_RATIO":50.1061699981,"OPERATE_PROFIT":-14572000,"PRETAX_PROFIT":-17442000,"NETCASH_OPERATE":-26585000,"NETCASH_INVEST":-42820000,"NETCASH_FINANCE":40892000,"END_CASH":62029000,"DIVI_RATIO":null,"DIVIDEND_RATE":null,"CURRENT_RATIO":0.866156517196,"COMMON_ACS":null,"CURRENTDEBT_DEBT":57.805561367108,"ISSUED_COMMON_SHARES":529700000,"HK_COMMON_SHARES":183700000,"PER_SHARES":4000,"TOTAL_MARKET_CAP":209231500,"HKSK_MARKET_CAP":72561500,"PE_TTM":-1.742801356356,"PB_TTM":0.30172349814,"REPORT_DATE_SQ":"2023-06-30 00:00:00","REPORT_TYPE_SQ":"2023年中报","OPERATE_INCOME_SQ":296608000,"DPS_HKD":null,"OPERATE_INCOME_QOQ_SQ":-11.807943191687,"NET_PROFIT_RATIO_SQ":1.3202610853,"HOLDER_PROFIT_SQ":4157000,"HOLDER_PROFIT_QOQ_SQ":-45.101506945212,"ROE_AVG_SQ":0.546817193764,"PE_TTM_SQ":5.755425951299,"PB_TTM_SQ":0.342300161638,"ROA_SQ":0.334763143198,"START_DATE":"2024-01-01 00:00:00","FISCAL_YEAR":"12-31","CURRENCY":"HKD","IS_CNY_CODE":0,"DPS_HKD_LY":null,"ORG_TYPE":"一般企业","PREMIUM_INCOME":null,"PREMIUM_INCOME_YOY":null,"NET_INTEREST_INCOME":null,"NET_INTEREST_INCOME_YOY":null,"FEE_COMMISSION_INCOME":null,"FEE_COMMISSION_INCOME_YOY":null,"ACCOUNTS_RECE_TDAYS":3.691961974681,"INVENTORY_TDAYS":2.207885118655,"CURRENT_ASSETS_TDAYS":0.955828981415,"TOTAL_ASSETS_TDAYS":0.249920357309,"PREMIUM_EXPENSE":null,"LOAN_DEPOSIT":null,"LOAN_EQUITY":null,"LOAN_ASSETS":null,"DEPOSIT_EQUITY":null,"DEPOSIT_ASSETS":null,"EQUITY_MULTIPLIER":2.004255836768,"EQUITY_RATIO":1.00443196577},{"SECUCODE":"00954.HK","SECURITY_CODE":"00954","SECURITY_NAME_ABBR":"常茂生物","ORG_CODE":"10010777","STD_REPORT_DATE":"2023-12-31 00:00:00","REPORT_DATE":"2023-12-31 00:00:00","DATE_TYPE_CODE":"001","REPORT_TYPE":"2023年年报","PER_NETCASH_OPERATE":-0.004434585614,"PER_OI":1.202714744195,"BPS":1.230296394185,"BASIC_EPS":-0.162,"DILUTED_EPS":-0.162,"OPERATE_INCOME":637078000,"OPERATE_INCOME_YOY":-12.7331055814,"GROSS_PROFIT":25809000,"GROSS_PROFIT_YOY":-85.727557774939,"HOLDER_PROFIT":-86057000,"HOLDER_PROFIT_YOY":-205.6912665954,"GROSS_PROFIT_RATIO":4.051152292184,"EPS_TTM":-0.162463658675,"OPERATE_INCOME_QOQ":-1.049031424347,"NET_PROFIT_RATIO":-13.5804406996,"ROE_AVG":-12.034101071235,"GROSS_PROFIT_QOQ":-80.341392075316,"ROA":-7.027209542836,"HOLDER_PROFIT_QOQ":-292.521252796421,"ROE_YEARLY":-12.034101071235,"ROIC_YEARLY":-7.48503658063,"TOTAL_ASSETS":1242496000,"TOTAL_LIABILITIES":590907000,"TAX_EBT":-47.692045066576,"OCF_SALES":-0.368714662883,"TOTAL_PARENT_EQUITY":651688000,"DEBT_ASSET_RATIO":47.5580605491,"OPERATE_PROFIT":-52048000,"PRETAX_PROFIT":-58580000,"NETCASH_OPERATE":-2349000,"NETCASH_INVEST":-122106000,"NETCASH_FINANCE":153839000,"END_CASH":89554000,"DIVI_RATIO":null,"DIVIDEND_RATE":null,"CURRENT_RATIO":1.040213628174,"COMMON_ACS":null,"CURRENTDEBT_DEBT":55.040471681669,"ISSUED_COMMON_SHARES":529700000,"HK_COMMON_SHARES":183700000,"PER_SHARES":4000,"TOTAL_MARKET_CAP":233068000,"HKSK_MARKET_CAP":80828000,"PE_TTM":-1.941348346321,"PB_TTM":0.33609706122,"REPORT_DATE_SQ":"2022-12-31 00:00:00","REPORT_TYPE_SQ":"2022年年报","OPERATE_INCOME_SQ":730034000,"DPS_HKD":null,"OPERATE_INCOME_QOQ_SQ":6.663062694505,"NET_PROFIT_RATIO_SQ":11.144412452,"HOLDER_PROFIT_SQ":81423000,"HOLDER_PROFIT_QOQ_SQ":-17.717975665953,"ROE_AVG_SQ":11.035693229333,"PE_TTM_SQ":6.087469756182,"PB_TTM_SQ":0.362048247887,"ROA_SQ":7.527770458611,"START_DATE":"2023-01-01 00:00:00","FISCAL_YEAR":"12-31","CURRENCY":"HKD","IS_CNY_CODE":0,"DPS_HKD_LY":0.086829,"ORG_TYPE":"一般企业","PREMIUM_INCOME":null,"PREMIUM_INCOME_YOY":null,"NET_INTEREST_INCOME":null,"NET_INTEREST_INCOME_YOY":null,"FEE_COMMISSION_INCOME":null,"FEE_COMMISSION_INCOME_YOY":null,"ACCOUNTS_RECE_TDAYS":7.799729430273,"INVENTORY_TDAYS":4.172684019032,"CURRENT_ASSETS_TDAYS":1.819279430809,"TOTAL_ASSETS_TDAYS":0.520222712985,"PREMIUM_EXPENSE":null,"LOAN_DEPOSIT":null,"LOAN_EQUITY":null,"LOAN_ASSETS":null,"DEPOSIT_EQUITY":null,"DEPOSIT_ASSETS":null,"EQUITY_MULTIPLIER":1.90687074214,"EQUITY_RATIO":0.906732976516},{"SECUCODE":"00954.HK","SECURITY_CODE":"00954","SECURITY_NAME_ABBR":"常茂生物","ORG_CODE":"10010777","STD_REPORT_DATE":"2023-06-30 00:00:00","REPORT_DATE":"2023-06-30 00:00:00","DATE_TYPE_CODE":"002","REPORT_TYPE":"2023年中报","PER_NETCASH_OPERATE":-0.038489711157,"PER_OI":0.559954691335,"BPS":1.400611666981,"BASIC_EPS":0.008,"DILUTED_EPS":0.008,"OPERATE_INCOME":296608000,"OPERATE_INCOME_YOY":-22.5182205272,"GROSS_PROFIT":41470000,"GROSS_PROFIT_YOY":-54.436081964511,"HOLDER_PROFIT":4157000,"HOLDER_PROFIT_YOY":-89.8312133072,"GROSS_PROFIT_RATIO":13.98141654979,"EPS_TTM":0.084387389088,"OPERATE_INCOME_QOQ":-11.807943191687,"NET_PROFIT_RATIO":1.3202610853,"ROE_AVG":0.546817193764,"GROSS_PROFIT_QOQ":-27.398510211192,"ROA":0.334763143198,"HOLDER_PROFIT_QOQ":-45.101506945212,"ROE_YEARLY":1.093634387527,"ROIC_YEARLY":0.715817333128,"TOTAL_ASSETS":1276792000,"TOTAL_LIABILITIES":534767000,"TAX_EBT":34.711570523508,"OCF_SALES":-6.873718847772,"TOTAL_PARENT_EQUITY":741904000,"DEBT_ASSET_RATIO":41.8836427547,"OPERATE_PROFIT":8715000,"PRETAX_PROFIT":5998000,"NETCASH_OPERATE":-20388000,"NETCASH_INVEST":-57464000,"NETCASH_FINANCE":121221000,"END_CASH":100132000,"DIVI_RATIO":null,"DIVIDEND_RATE":null,"CURRENT_RATIO":0.968738059405,"COMMON_ACS":null,"CURRENTDEBT_DEBT":71.941050962382,"ISSUED_COMMON_SHARES":529700000,"HK_COMMON_SHARES":183700000,"PER_SHARES":4000,"TOTAL_MARKET_CAP":233068000,"HKSK_MARKET_CAP":80828000,"PE_TTM":-1.941348346321,"PB_TTM":0.33609706122,"REPORT_DATE_SQ":"2022-06-30 00:00:00","REPORT_TYPE_SQ":"2022年中报","OPERATE_INCOME_SQ":382810000,"DPS_HKD":null,"OPERATE_INCOME_QOQ_SQ":24.901455538199,"NET_PROFIT_RATIO_SQ":10.6198897625,"HOLDER_PROFIT_SQ":40880000,"HOLDER_PROFIT_QOQ_SQ":69.683459652251,"ROE_AVG_SQ":5.697231449331,"PE_TTM_SQ":6.087469756182,"PB_TTM_SQ":0.362048247887,"ROA_SQ":3.882373946308,"START_DATE":"2023-01-01 00:00:00","FISCAL_YEAR":"12-31","CURRENCY":"HKD","IS_CNY_CODE":0,"DPS_HKD_LY":0.086829,"ORG_TYPE":"一般企业","PREMIUM_INCOME":null,"PREMIUM_INCOME_YOY":null,"NET_INTEREST_INCOME":null,"NET_INTEREST_INCOME_YOY":null,"FEE_COMMISSION_INCOME":null,"FEE_COMMISSION_INCOME_YOY":null,"ACCOUNTS_RECE_TDAYS":3.985033017379,"INVENTORY_TDAYS":1.532084309133,"CURRENT_ASSETS_TDAYS":0.807386598724,"TOTAL_ASSETS_TDAYS":0.238858374736,"PREMIUM_EXPENSE":null,"LOAN_DEPOSIT":null,"LOAN_EQUITY":null,"LOAN_ASSETS":null,"DEPOSIT_EQUITY":null,"DEPOSIT_ASSETS":null,"EQUITY_MULTIPLIER":1.720685960717,"EQUITY_RATIO":0.720803500183},{"SECUCODE":"00954.HK","SECURITY_CODE":"00954","SECURITY_NAME_ABBR":"常茂生物","ORG_CODE":"10010777","STD_REPORT_DATE":"2022-12-31 00:00:00","REPORT_DATE":"2022-12-31 00:00:00","DATE_TYPE_CODE":"001","REPORT_TYPE":"2022年年报","PER_NETCASH_OPERATE":0.037064376062,"PER_OI":1.378202756277,"BPS":1.469758353785,"BASIC_EPS":0.154,"DILUTED_EPS":0.154,"OPERATE_INCOME":730034000,"OPERATE_INCOME_YOY":33.2237178271,"GROSS_PROFIT":180831000,"GROSS_PROFIT_YOY":367.505170630817,"HOLDER_PROFIT":81423000,"HOLDER_PROFIT_YOY":39.6189855619,"GROSS_PROFIT_RATIO":24.770216181712,"EPS_TTM":0.153715310553,"OPERATE_INCOME_QOQ":6.663062694505,"NET_PROFIT_RATIO":11.144412452,"ROE_AVG":11.035693229333,"GROSS_PROFIT_QOQ":80.939563738243,"ROA":7.527770458611,"HOLDER_PROFIT_QOQ":-17.717975665953,"ROE_YEARLY":11.035693229333,"ROIC_YEARLY":7.967571164365,"TOTAL_ASSETS":1206755000,"TOTAL_LIABILITIES":427862000,"TAX_EBT":7.172196613573,"OCF_SALES":2.689326798478,"TOTAL_PARENT_EQUITY":778531000,"DEBT_ASSET_RATIO":35.4555812903,"OPERATE_PROFIT":89373000,"PRETAX_PROFIT":87644000,"NETCASH_OPERATE":19633000,"NETCASH_INVEST":-220710000,"NETCASH_FINANCE":199548000,"END_CASH":59993000,"DIVI_RATIO":null,"DIVIDEND_RATE":null,"CURRENT_RATIO":1.321253790823,"COMMON_ACS":null,"CURRENTDEBT_DEBT":64.043313030837,"ISSUED_COMMON_SHARES":529700000,"HK_COMMON_SHARES":183700000,"PER_SHARES":4000,"TOTAL_MARKET_CAP":233068000,"HKSK_MARKET_CAP":80828000,"PE_TTM":-1.941348346321,"PB_TTM":0.33609706122,"REPORT_DATE_SQ":"2021-12-31 00:00:00","REPORT_TYPE_SQ":"2021年年报","OPERATE_INCOME_SQ":547976000,"DPS_HKD":null,"OPERATE_INCOME_QOQ_SQ":16.463024558197,"NET_PROFIT_RATIO_SQ":10.6221805335,"HOLDER_PROFIT_SQ":58318000,"HOLDER_PROFIT_QOQ_SQ":2983.97673188789,"ROE_AVG_SQ":8.662315555569,"PE_TTM_SQ":6.087469756182,"PB_TTM_SQ":0.362048247887,"ROA_SQ":6.465969341029,"START_DATE":"2022-01-01 00:00:00","FISCAL_YEAR":"12-31","CURRENCY":"HKD","IS_CNY_CODE":0,"DPS_HKD_LY":null,"ORG_TYPE":"一般企业","PREMIUM_INCOME":null,"PREMIUM_INCOME_YOY":null,"NET_INTEREST_INCOME":null,"NET_INTEREST_INCOME_YOY":null,"FEE_COMMISSION_INCOME":null,"FEE_COMMISSION_INCOME_YOY":null,"ACCOUNTS_RECE_TDAYS":8.943316713423,"INVENTORY_TDAYS":3.870161443762,"CURRENT_ASSETS_TDAYS":2.150093068187,"TOTAL_ASSETS_TDAYS":0.674935629857,"PREMIUM_EXPENSE":null,"LOAN_DEPOSIT":null,"LOAN_EQUITY":null,"LOAN_ASSETS":null,"DEPOSIT_EQUITY":null,"DEPOSIT_ASSETS":null,"EQUITY_MULTIPLIER":1.549320638393,"EQUITY_RATIO":0.549576060555},{"SECUCODE":"00954.HK","SECURITY_CODE":"00954","SECURITY_NAME_ABBR":"常茂生物","ORG_CODE":"10010777","STD_REPORT_DATE":"2022-06-30 00:00:00","REPORT_DATE":"2022-06-30 00:00:00","DATE_TYPE_CODE":"002","REPORT_TYPE":"2022年中报","PER_NETCASH_OPERATE":0.041038323579,"PER_OI":0.722692089862,"BPS":1.393211251652,"BASIC_EPS":0.077,"DILUTED_EPS":0.077,"OPERATE_INCOME":382810000,"OPERATE_INCOME_YOY":55.3889493254,"GROSS_PROFIT":91015000,"GROSS_PROFIT_YOY":205.881364476559,"HOLDER_PROFIT":40880000,"HOLDER_PROFIT_YOY":16792.5619834711,"GROSS_PROFIT_RATIO":23.775502207361,"EPS_TTM":0.186815178403,"OPERATE_INCOME_QOQ":24.901455538199,"NET_PROFIT_RATIO":10.6198897625,"ROE_AVG":5.697231449331,"GROSS_PROFIT_QOQ":158.376421923475,"ROA":3.882373946308,"HOLDER_PROFIT_QOQ":69.683459652251,"ROE_YEARLY":11.394462898662,"ROIC_YEARLY":8.460584448812,"TOTAL_ASSETS":1149413000,"TOTAL_LIABILITIES":411228000,"TAX_EBT":15.571523508889,"OCF_SALES":5.678535043494,"TOTAL_PARENT_EQUITY":737984000,"DEBT_ASSET_RATIO":35.7772184585,"OPERATE_PROFIT":49216000,"PRETAX_PROFIT":48152000,"NETCASH_OPERATE":21738000,"NETCASH_INVEST":-127927000,"NETCASH_FINANCE":155804000,"END_CASH":113945000,"DIVI_RATIO":null,"DIVIDEND_RATE":null,"CURRENT_RATIO":1.678007844568,"COMMON_ACS":null,"CURRENTDEBT_DEBT":58.650189189452,"ISSUED_COMMON_SHARES":529700000,"HK_COMMON_SHARES":183700000,"PER_SHARES":4000,"TOTAL_MARKET_CAP":233068000,"HKSK_MARKET_CAP":80828000,"PE_TTM":-1.941348346321,"PB_TTM":0.33609706122,"REPORT_DATE_SQ":"2021-06-30 00:00:00","REPORT_TYPE_SQ":"2021年中报","OPERATE_INCOME_SQ":246356000,"DPS_HKD":null,"OPERATE_INCOME_QOQ_SQ":5.946553300338,"NET_PROFIT_RATIO_SQ":0.0085242495,"HOLDER_PROFIT_SQ":242000,"HOLDER_PROFIT_QOQ_SQ":-88.762108516075,"ROE_AVG_SQ":0.037565944143,"PE_TTM_SQ":6.087469756182,"PB_TTM_SQ":0.362048247887,"ROA_SQ":0.027874098915,"START_DATE":"2022-01-01 00:00:00","FISCAL_YEAR":"12-31","CURRENCY":"HKD","IS_CNY_CODE":0,"DPS_HKD_LY":null,"ORG_TYPE":"一般企业","PREMIUM_INCOME":null,"PREMIUM_INCOME_YOY":null,"NET_INTEREST_INCOME":null,"NET_INTEREST_INCOME_YOY":null,"FEE_COMMISSION_INCOME":null,"FEE_COMMISSION_INCOME_YOY":null,"ACCOUNTS_RECE_TDAYS":4.277923674359,"INVENTORY_TDAYS":2.354723650126,"CURRENT_ASSETS_TDAYS":1.060800456675,"TOTAL_ASSETS_TDAYS":0.363554689429,"PREMIUM_EXPENSE":null,"LOAN_DEPOSIT":null,"LOAN_EQUITY":null,"LOAN_ASSETS":null,"DEPOSIT_EQUITY":null,"DEPOSIT_ASSETS":null,"EQUITY_MULTIPLIER":1.557079864804,"EQUITY_RATIO":0.557231593097},{"SECUCODE":"00954.HK","SECURITY_CODE":"00954","SECURITY_NAME_ABBR":"常茂生物","ORG_CODE":"10010777","STD_REPORT_DATE":"2021-12-31 00:00:00","REPORT_DATE":"2021-12-31 00:00:00","DATE_TYPE_CODE":"001","REPORT_TYPE":"2021年年报","PER_NETCASH_OPERATE":-0.01309986785,"PER_OI":1.034502548612,"BPS":1.316026052483,"BASIC_EPS":0.11,"DILUTED_EPS":0.11,"OPERATE_INCOME":547976000,"OPERATE_INCOME_YOY":23.3885603887,"GROSS_PROFIT":38680000,"GROSS_PROFIT_YOY":-59.475740971618,"HOLDER_PROFIT":58318000,"HOLDER_PROFIT_YOY":246.573958519,"GROSS_PROFIT_RATIO":7.058703300874,"EPS_TTM":0.110096280914,"OPERATE_INCOME_QOQ":16.463024558197,"NET_PROFIT_RATIO":10.6221805335,"ROE_AVG":8.662315555569,"GROSS_PROFIT_QOQ":-55.621335719777,"ROA":6.465969341029,"HOLDER_PROFIT_QOQ":2983.97673188789,"ROE_YEARLY":8.662315555569,"ROIC_YEARLY":7.244886043178,"TOTAL_ASSETS":956515000,"TOTAL_LIABILITIES":258989000,"TAX_EBT":31.04171356135,"OCF_SALES":-1.266296334146,"TOTAL_PARENT_EQUITY":697099000,"DEBT_ASSET_RATIO":27.0763134922,"OPERATE_PROFIT":85824000,"PRETAX_PROFIT":84409000,"NETCASH_OPERATE":-6939000,"NETCASH_INVEST":-144620000,"NETCASH_FINANCE":76745000,"END_CASH":58178000,"DIVI_RATIO":null,"DIVIDEND_RATE":null,"CURRENT_RATIO":1.234948113061,"COMMON_ACS":null,"CURRENTDEBT_DEBT":99.120812080822,"ISSUED_COMMON_SHARES":529700000,"HK_COMMON_SHARES":183700000,"PER_SHARES":4000,"TOTAL_MARKET_CAP":233068000,"HKSK_MARKET_CAP":80828000,"PE_TTM":-1.941348346321,"PB_TTM":0.33609706122,"REPORT_DATE_SQ":"2020-12-31 00:00:00","REPORT_TYPE_SQ":"2020年年报","OPERATE_INCOME_SQ":444106000,"DPS_HKD":null,"OPERATE_INCOME_QOQ_SQ":6.593285265796,"NET_PROFIT_RATIO_SQ":3.7700458899,"HOLDER_PROFIT_SQ":16827000,"HOLDER_PROFIT_QOQ_SQ":-45.629907266794,"ROE_AVG_SQ":2.566912954238,"PE_TTM_SQ":6.087469756182,"PB_TTM_SQ":0.362048247887,"ROA_SQ":2.123189667573,"START_DATE":"2021-01-01 00:00:00","FISCAL_YEAR":"12-31","CURRENCY":"HKD","IS_CNY_CODE":0,"DPS_HKD_LY":0.023686,"ORG_TYPE":"一般企业","PREMIUM_INCOME":null,"PREMIUM_INCOME_YOY":null,"NET_INTEREST_INCOME":null,"NET_INTEREST_INCOME_YOY":null,"FEE_COMMISSION_INCOME":null,"FEE_COMMISSION_INCOME_YOY":null,"ACCOUNTS_RECE_TDAYS":6.964129350389,"INVENTORY_TDAYS":4.099902190845,"CURRENT_ASSETS_TDAYS":1.509068577503,"TOTAL_ASSETS_TDAYS":0.607564733979,"PREMIUM_EXPENSE":null,"LOAN_DEPOSIT":null,"LOAN_EQUITY":null,"LOAN_ASSETS":null,"DEPOSIT_EQUITY":null,"DEPOSIT_ASSETS":null,"EQUITY_MULTIPLIER":1.37129655382,"EQUITY_RATIO":0.371523987267},{"SECUCODE":"00954.HK","SECURITY_CODE":"00954","SECURITY_NAME_ABBR":"常茂生物","ORG_CODE":"10010777","STD_REPORT_DATE":"2021-06-30 00:00:00","REPORT_DATE":"2021-06-30 00:00:00","DATE_TYPE_CODE":"002","REPORT_TYPE":"2021年中报","PER_NETCASH_OPERATE":-0.030228431187,"PER_OI":0.465085897678,"BPS":1.206388521805,"BASIC_EPS":0,"DILUTED_EPS":0,"OPERATE_INCOME":246356000,"OPERATE_INCOME_YOY":12.0069835006,"GROSS_PROFIT":29755000,"GROSS_PROFIT_YOY":-40.456655727207,"HOLDER_PROFIT":242000,"HOLDER_PROFIT_YOY":-98.4055870339,"GROSS_PROFIT_RATIO":13.837698290279,"EPS_TTM":0.003569945252,"OPERATE_INCOME_QOQ":5.946553300338,"NET_PROFIT_RATIO":0.0085242495,"ROE_AVG":0.037565944143,"GROSS_PROFIT_QOQ":-15.413282091595,"ROA":0.027874098915,"HOLDER_PROFIT_QOQ":-88.762108516075,"ROE_YEARLY":0.075131888286,"ROIC_YEARLY":0.062696127802,"TOTAL_ASSETS":889050000,"TOTAL_LIABILITIES":249709000,"TAX_EBT":101.848591549296,"OCF_SALES":-6.499537255029,"TOTAL_PARENT_EQUITY":639024000,"DEBT_ASSET_RATIO":28.0871717001,"OPERATE_PROFIT":-888000,"PRETAX_PROFIT":-1136000,"NETCASH_OPERATE":-16012000,"NETCASH_INVEST":-129111000,"NETCASH_FINANCE":68495000,"END_CASH":57226000,"DIVI_RATIO":null,"DIVIDEND_RATE":null,"CURRENT_RATIO":1.582681723707,"COMMON_ACS":null,"CURRENTDEBT_DEBT":99.613149706258,"ISSUED_COMMON_SHARES":529700000,"HK_COMMON_SHARES":183700000,"PER_SHARES":4000,"TOTAL_MARKET_CAP":233068000,"HKSK_MARKET_CAP":80828000,"PE_TTM":-1.941348346321,"PB_TTM":0.33609706122,"REPORT_DATE_SQ":"2020-06-30 00:00:00","REPORT_TYPE_SQ":"2020年中报","OPERATE_INCOME_SQ":219947000,"DPS_HKD":null,"OPERATE_INCOME_QOQ_SQ":-15.7596344373,"NET_PROFIT_RATIO_SQ":6.8089130563,"HOLDER_PROFIT_SQ":15178000,"HOLDER_PROFIT_QOQ_SQ":-46.913326129093,"ROE_AVG_SQ":2.318260617215,"PE_TTM_SQ":6.087469756182,"PB_TTM_SQ":0.362048247887,"ROA_SQ":2.031325072237,"START_DATE":"2021-01-01 00:00:00","FISCAL_YEAR":"12-31","CURRENCY":"HKD","IS_CNY_CODE":0,"DPS_HKD_LY":0.023686,"ORG_TYPE":"一般企业","PREMIUM_INCOME":null,"PREMIUM_INCOME_YOY":null,"NET_INTEREST_INCOME":null,"NET_INTEREST_INCOME_YOY":null,"FEE_COMMISSION_INCOME":null,"FEE_COMMISSION_INCOME_YOY":null,"ACCOUNTS_RECE_TDAYS":3.298821638993,"INVENTORY_TDAYS":1.83540133678,"CURRENT_ASSETS_TDAYS":0.61366622701,"TOTAL_ASSETS_TDAYS":0.283758326955,"PREMIUM_EXPENSE":null,"LOAN_DEPOSIT":null,"LOAN_EQUITY":null,"LOAN_ASSETS":null,"DEPOSIT_EQUITY":null,"DEPOSIT_ASSETS":null,"EQUITY_MULTIPLIER":1.3905724801,"EQUITY_RATIO":0.390766231002},{"SECUCODE":"00954.HK","SECURITY_CODE":"00954","SECURITY_NAME_ABBR":"常茂生物","ORG_CODE":"10010777","STD_REPORT_DATE":"2020-12-31 00:00:00","REPORT_DATE":"2020-12-31 00:00:00","DATE_TYPE_CODE":"001","REPORT_TYPE":"2020年年报","PER_NETCASH_OPERATE":0.111204455352,"PER_OI":0.838410420993,"BPS":1.225933547291,"BASIC_EPS":0.032,"DILUTED_EPS":0.032,"OPERATE_INCOME":444106000,"OPERATE_INCOME_YOY":-10.2054268268,"GROSS_PROFIT":95449000,"GROSS_PROFIT_YOY":-29.378121416152,"HOLDER_PROFIT":16827000,"HOLDER_PROFIT_YOY":-71.1367261874,"GROSS_PROFIT_RATIO":23.201893241704,"EPS_TTM":0.031767037946,"OPERATE_INCOME_QOQ":6.593285265796,"NET_PROFIT_RATIO":3.7700458899,"ROE_AVG":2.566912954238,"GROSS_PROFIT_QOQ":14.145028358738,"ROA":2.123189667573,"HOLDER_PROFIT_QOQ":-45.629907266794,"ROE_YEARLY":2.566912954238,"ROIC_YEARLY":2.531615098819,"TOTAL_ASSETS":847329000,"TOTAL_LIABILITIES":197414000,"TAX_EBT":2.384561567164,"OCF_SALES":13.263725326836,"TOTAL_PARENT_EQUITY":649377000,"DEBT_ASSET_RATIO":23.2983882294,"OPERATE_PROFIT":16999000,"PRETAX_PROFIT":17152000,"NETCASH_OPERATE":58905000,"NETCASH_INVEST":7148000,"NETCASH_FINANCE":-49756000,"END_CASH":133693000,"DIVI_RATIO":null,"DIVIDEND_RATE":null,"CURRENT_RATIO":2.084295129728,"COMMON_ACS":null,"CURRENTDEBT_DEBT":99.452926337544,"ISSUED_COMMON_SHARES":529700000,"HK_COMMON_SHARES":183700000,"PER_SHARES":4000,"TOTAL_MARKET_CAP":233068000,"HKSK_MARKET_CAP":80828000,"PE_TTM":-1.941348346321,"PB_TTM":0.33609706122,"REPORT_DATE_SQ":"2019-12-31 00:00:00","REPORT_TYPE_SQ":"2019年年报","OPERATE_INCOME_SQ":494580000,"DPS_HKD":null,"OPERATE_INCOME_QOQ_SQ":-20.19092986329,"NET_PROFIT_RATIO_SQ":11.7123620041,"HOLDER_PROFIT_SQ":58299000,"HOLDER_PROFIT_QOQ_SQ":-26.069037232424,"ROE_AVG_SQ":9.0276524991,"PE_TTM_SQ":6.087469756182,"PB_TTM_SQ":0.362048247887,"ROA_SQ":7.933148132651,"START_DATE":"2020-01-01 00:00:00","FISCAL_YEAR":"12-31","CURRENCY":"HKD","IS_CNY_CODE":0,"DPS_HKD_LY":0.060098,"ORG_TYPE":"一般企业","PREMIUM_INCOME":null,"PREMIUM_INCOME_YOY":null,"NET_INTEREST_INCOME":null,"NET_INTEREST_INCOME_YOY":null,"FEE_COMMISSION_INCOME":null,"FEE_COMMISSION_INCOME_YOY":null,"ACCOUNTS_RECE_TDAYS":6.645010698308,"INVENTORY_TDAYS":2.943730229628,"CURRENT_ASSETS_TDAYS":1.233756294058,"TOTAL_ASSETS_TDAYS":0.560362079103,"PREMIUM_EXPENSE":null,"LOAN_DEPOSIT":null,"LOAN_EQUITY":null,"LOAN_ASSETS":null,"DEPOSIT_EQUITY":null,"DEPOSIT_ASSETS":null,"EQUITY_MULTIPLIER":1.303753567775,"EQUITY_RATIO":0.304005223468},{"SECUCODE":"00954.HK","SECURITY_CODE":"00954","SECURITY_NAME_ABBR":"常茂生物","ORG_CODE":"10010777","STD_REPORT_DATE":"2020-06-30 00:00:00","REPORT_DATE":"2020-06-30 00:00:00","DATE_TYPE_CODE":"002","REPORT_TYPE":"2020年中报","PER_NETCASH_OPERATE":0.054895223712,"PER_OI":0.415229375118,"BPS":1.222839343024,"BASIC_EPS":0.029,"DILUTED_EPS":0.029,"OPERATE_INCOME":219947000,"OPERATE_INCOME_YOY":-26.1652752181,"GROSS_PROFIT":49972000,"GROSS_PROFIT_YOY":-47.31748458173,"HOLDER_PROFIT":15178000,"HOLDER_PROFIT_YOY":-64.3105718585,"GROSS_PROFIT_RATIO":22.720018913647,"EPS_TTM":0.058427411742,"OPERATE_INCOME_QOQ":-15.7596344373,"NET_PROFIT_RATIO":6.8089130563,"ROE_AVG":2.318260617215,"GROSS_PROFIT_QOQ":-33.208538344863,"ROA":2.031325072237,"HOLDER_PROFIT_QOQ":-46.913326129093,"ROE_YEARLY":4.63652123443,"ROIC_YEARLY":4.797782234803,"TOTAL_ASSETS":756655000,"TOTAL_LIABILITIES":108497000,"TAX_EBT":26.907120894138,"OCF_SALES":13.220457655708,"TOTAL_PARENT_EQUITY":647738000,"DEBT_ASSET_RATIO":14.3390316591,"OPERATE_PROFIT":20429000,"PRETAX_PROFIT":20489000,"NETCASH_OPERATE":29078000,"NETCASH_INVEST":-20936000,"NETCASH_FINANCE":-20311000,"END_CASH":107318000,"DIVI_RATIO":null,"DIVIDEND_RATE":null,"CURRENT_RATIO":3.055719160473,"COMMON_ACS":null,"CURRENTDEBT_DEBT":98.587979391135,"ISSUED_COMMON_SHARES":529700000,"HK_COMMON_SHARES":183700000,"PER_SHARES":4000,"TOTAL_MARKET_CAP":233068000,"HKSK_MARKET_CAP":80828000,"PE_TTM":-1.941348346321,"PB_TTM":0.33609706122,"REPORT_DATE_SQ":"2019-06-30 00:00:00","REPORT_TYPE_SQ":"2019年中报","OPERATE_INCOME_SQ":297891000,"DPS_HKD":null,"OPERATE_INCOME_QOQ_SQ":-3.037927149831,"NET_PROFIT_RATIO_SQ":14.1994890749,"HOLDER_PROFIT_SQ":42528000,"HOLDER_PROFIT_QOQ_SQ":56.073231073726,"ROE_AVG_SQ":6.666922716965,"PE_TTM_SQ":6.087469756182,"PB_TTM_SQ":0.362048247887,"ROA_SQ":5.789943023628,"START_DATE":"2020-01-01 00:00:00","FISCAL_YEAR":"12-31","CURRENCY":"HKD","IS_CNY_CODE":0,"DPS_HKD_LY":0.060098,"ORG_TYPE":"一般企业","PREMIUM_INCOME":null,"PREMIUM_INCOME_YOY":null,"NET_INTEREST_INCOME":null,"NET_INTEREST_INCOME_YOY":null,"FEE_COMMISSION_INCOME":null,"FEE_COMMISSION_INCOME_YOY":null,"ACCOUNTS_RECE_TDAYS":3.002259061841,"INVENTORY_TDAYS":1.581839670929,"CURRENT_ASSETS_TDAYS":0.689962701667,"TOTAL_ASSETS_TDAYS":0.294362798566,"PREMIUM_EXPENSE":null,"LOAN_DEPOSIT":null,"LOAN_EQUITY":null,"LOAN_ASSETS":null,"DEPOSIT_EQUITY":null,"DEPOSIT_ASSETS":null,"EQUITY_MULTIPLIER":1.167392827058,"EQUITY_RATIO":0.167501366293}],"count":69},"success":true,"message":"ok","code":0}