{"version":"7918e35275dee46be1a0a417990b8062","result":{"pages":4,"data":[{"SECUCODE":"00960.HK","SECURITY_CODE":"00960","SECURITY_NAME_ABBR":"龙湖集团","ORG_CODE":"10128731","STD_REPORT_DATE":"2024-06-30 00:00:00","REPORT_DATE":"2024-06-30 00:00:00","DATE_TYPE_CODE":"002","REPORT_TYPE":"2024年中报","PER_NETCASH_OPERATE":0.901418129506,"PER_OI":6.923550539736,"BPS":22.872030712299,"BASIC_EPS":0.899,"DILUTED_EPS":0.897,"OPERATE_INCOME":46855050000,"OPERATE_INCOME_YOY":-24.481438015,"GROSS_PROFIT":9640363000,"GROSS_PROFIT_YOY":-30.644221852435,"HOLDER_PROFIT":5865716000,"HOLDER_PROFIT_YOY":-27.2058706728,"GROSS_PROFIT_RATIO":20.57486439562,"EPS_TTM":1.57484932475,"OPERATE_INCOME_QOQ":-8.404145646779,"NET_PROFIT_RATIO":14.8863121478,"ROE_AVG":3.790287432556,"GROSS_PROFIT_QOQ":-13.92730895079,"ROA":0.841129577457,"HOLDER_PROFIT_QOQ":-17.060187730579,"ROE_YEARLY":7.580574865111,"ROIC_YEARLY":2.099667792472,"TOTAL_ASSETS":694316639000,"TOTAL_LIABILITIES":452134672000,"TAX_EBT":23.608160391793,"OCF_SALES":13.01959340562,"TOTAL_PARENT_EQUITY":157546282000,"DEBT_ASSET_RATIO":65.1193773278,"OPERATE_PROFIT":6951184000,"PRETAX_PROFIT":9130542000,"NETCASH_OPERATE":6100337000,"NETCASH_INVEST":-6128786000,"NETCASH_FINANCE":-10280099000,"END_CASH":48915855000,"DIVI_RATIO":0.145296788971,"DIVIDEND_RATE":2.475490196078,"CURRENT_RATIO":1.641493302202,"COMMON_ACS":10000000000,"CURRENTDEBT_DEBT":58.127222545764,"ISSUED_COMMON_SHARES":6888163276,"HK_COMMON_SHARES":6888163276,"PER_SHARES":500,"TOTAL_MARKET_CAP":70259265415.2,"HKSK_MARKET_CAP":70259265415.2,"PE_TTM":5.920622072198,"PB_TTM":0.407018341183,"REPORT_DATE_SQ":"2023-06-30 00:00:00","REPORT_TYPE_SQ":"2023年中报","OPERATE_INCOME_SQ":62044415000,"DPS_HKD":0.2525,"OPERATE_INCOME_QOQ_SQ":-13.074512406071,"NET_PROFIT_RATIO_SQ":14.9818513076,"HOLDER_PROFIT_SQ":8057952000,"HOLDER_PROFIT_QOQ_SQ":2.372214550453,"ROE_AVG_SQ":5.579036255211,"PE_TTM_SQ":2.275941865895,"PB_TTM_SQ":0.389836828573,"ROA_SQ":1.032170933859,"START_DATE":"2024-01-01 00:00:00","FISCAL_YEAR":"12-31","CURRENCY":"HKD","IS_CNY_CODE":0,"DPS_HKD_LY":0.2525,"ORG_TYPE":"一般企业","PREMIUM_INCOME":null,"PREMIUM_INCOME_YOY":null,"NET_INTEREST_INCOME":null,"NET_INTEREST_INCOME_YOY":null,"FEE_COMMISSION_INCOME":null,"FEE_COMMISSION_INCOME_YOY":null,"ACCOUNTS_RECE_TDAYS":1.599631165152,"INVENTORY_TDAYS":0.146910786193,"CURRENT_ASSETS_TDAYS":0.107269178006,"TOTAL_ASSETS_TDAYS":0.067189015643,"PREMIUM_EXPENSE":null,"LOAN_DEPOSIT":null,"LOAN_EQUITY":null,"LOAN_ASSETS":null,"DEPOSIT_EQUITY":null,"DEPOSIT_ASSETS":null,"EQUITY_MULTIPLIER":2.866921297242,"EQUITY_RATIO":2.869853012463},{"SECUCODE":"00960.HK","SECURITY_CODE":"00960","SECURITY_NAME_ABBR":"龙湖集团","ORG_CODE":"10128731","STD_REPORT_DATE":"2023-12-31 00:00:00","REPORT_DATE":"2023-12-31 00:00:00","DATE_TYPE_CODE":"001","REPORT_TYPE":"2023年年报","PER_NETCASH_OPERATE":5.007424310197,"PER_OI":27.418581364896,"BPS":22.06200737568,"BASIC_EPS":2.07,"DILUTED_EPS":2.06,"OPERATE_INCOME":180736575000,"OPERATE_INCOME_YOY":-27.8684182471,"GROSS_PROFIT":30583848000,"GROSS_PROFIT_YOY":-42.336505344081,"HOLDER_PROFIT":12850011000,"HOLDER_PROFIT_YOY":-47.2539744815,"GROSS_PROFIT_RATIO":16.921781327327,"EPS_TTM":1.949406599872,"OPERATE_INCOME_QOQ":-17.019065696953,"NET_PROFIT_RATIO":9.4792932753,"ROE_AVG":8.739510403117,"GROSS_PROFIT_QOQ":-34.638136490329,"ROA":1.728102831546,"HOLDER_PROFIT_QOQ":-48.476228876976,"ROE_YEARLY":8.739510403117,"ROIC_YEARLY":2.17743063896,"TOTAL_ASSETS":700406875000,"TOTAL_LIABILITIES":463948608000,"TAX_EBT":30.719637780314,"OCF_SALES":18.262886192239,"TOTAL_PARENT_EQUITY":151966709000,"DEBT_ASSET_RATIO":66.2398706466,"OPERATE_PROFIT":23324923000,"PRETAX_PROFIT":24729302000,"NETCASH_OPERATE":33007715000,"NETCASH_INVEST":-11611960000,"NETCASH_FINANCE":-34266761000,"END_CASH":59224403000,"DIVI_RATIO":0.117379591315,"DIVIDEND_RATE":2.547931382442,"CURRENT_RATIO":1.656212839469,"COMMON_ACS":10000000000,"CURRENTDEBT_DEBT":57.547198632828,"ISSUED_COMMON_SHARES":6888163276,"HK_COMMON_SHARES":6888163276,"PER_SHARES":500,"TOTAL_MARKET_CAP":68261698065.16,"HKSK_MARKET_CAP":68261698065.16,"PE_TTM":5.752290660341,"PB_TTM":0.39544625109,"REPORT_DATE_SQ":"2022-12-31 00:00:00","REPORT_TYPE_SQ":"2022年年报","OPERATE_INCOME_SQ":250565107000,"DPS_HKD":0.2525,"OPERATE_INCOME_QOQ_SQ":-2.717659723458,"NET_PROFIT_RATIO_SQ":13.0994763768,"HOLDER_PROFIT_SQ":24362046000,"HOLDER_PROFIT_QOQ_SQ":1.871838176878,"ROE_AVG_SQ":18.245333926801,"PE_TTM_SQ":2.702838673299,"PB_TTM_SQ":0.462958247015,"ROA_SQ":2.930903750327,"START_DATE":"2023-01-01 00:00:00","FISCAL_YEAR":"12-31","CURRENCY":"HKD","IS_CNY_CODE":0,"DPS_HKD_LY":1.2289,"ORG_TYPE":"一般企业","PREMIUM_INCOME":null,"PREMIUM_INCOME_YOY":null,"NET_INTEREST_INCOME":null,"NET_INTEREST_INCOME_YOY":null,"FEE_COMMISSION_INCOME":null,"FEE_COMMISSION_INCOME_YOY":null,"ACCOUNTS_RECE_TDAYS":6.182708766372,"INVENTORY_TDAYS":0.517491527523,"CURRENT_ASSETS_TDAYS":0.367938053399,"TOTAL_ASSETS_TDAYS":0.243059237087,"PREMIUM_EXPENSE":null,"LOAN_DEPOSIT":null,"LOAN_EQUITY":null,"LOAN_ASSETS":null,"DEPOSIT_EQUITY":null,"DEPOSIT_ASSETS":null,"EQUITY_MULTIPLIER":2.962073958699,"EQUITY_RATIO":3.052962132647},{"SECUCODE":"00960.HK","SECURITY_CODE":"00960","SECURITY_NAME_ABBR":"龙湖集团","ORG_CODE":"10128731","STD_REPORT_DATE":"2023-06-30 00:00:00","REPORT_DATE":"2023-06-30 00:00:00","DATE_TYPE_CODE":"002","REPORT_TYPE":"2023年中报","PER_NETCASH_OPERATE":2.043510303755,"PER_OI":9.783554650664,"BPS":21.306843365831,"BASIC_EPS":1.316,"DILUTED_EPS":1.308,"OPERATE_INCOME":62044415000,"OPERATE_INCOME_YOY":-34.5554673144,"GROSS_PROFIT":13899870000,"GROSS_PROFIT_YOY":-31.006999976125,"HOLDER_PROFIT":8057952000,"HOLDER_PROFIT_YOY":7.7261701554,"GROSS_PROFIT_RATIO":22.403096233561,"EPS_TTM":3.93269112694,"OPERATE_INCOME_QOQ":-13.074512406071,"NET_PROFIT_RATIO":14.9818513076,"ROE_AVG":5.579036255211,"GROSS_PROFIT_QOQ":-11.778074308749,"ROA":1.032170933859,"HOLDER_PROFIT_QOQ":2.372214550453,"ROE_YEARLY":11.158072510421,"ROIC_YEARLY":2.602946232243,"TOTAL_ASSETS":774585575000,"TOTAL_LIABILITIES":539210364000,"TAX_EBT":24.883673722043,"OCF_SALES":20.887196696109,"TOTAL_PARENT_EQUITY":146765016000,"DEBT_ASSET_RATIO":69.6127556984,"OPERATE_PROFIT":9220291000,"PRETAX_PROFIT":12374676000,"NETCASH_OPERATE":12959339000,"NETCASH_INVEST":69260000,"NETCASH_FINANCE":-13830096000,"END_CASH":71293912000,"DIVI_RATIO":0.058184216002,"DIVIDEND_RATE":2.547931382442,"CURRENT_RATIO":1.538053267653,"COMMON_ACS":10000000000,"CURRENTDEBT_DEBT":63.022078522215,"ISSUED_COMMON_SHARES":6888163276,"HK_COMMON_SHARES":6888163276,"PER_SHARES":500,"TOTAL_MARKET_CAP":68261698065.16,"HKSK_MARKET_CAP":68261698065.16,"PE_TTM":5.752290660341,"PB_TTM":0.39544625109,"REPORT_DATE_SQ":"2022-06-30 00:00:00","REPORT_TYPE_SQ":"2022年中报","OPERATE_INCOME_SQ":94804581000,"DPS_HKD":0.2525,"OPERATE_INCOME_QOQ_SQ":15.305783096324,"NET_PROFIT_RATIO_SQ":11.4797163652,"HOLDER_PROFIT_SQ":7480032000,"HOLDER_PROFIT_QOQ_SQ":0.25455604639,"ROE_AVG_SQ":6.015180021887,"PE_TTM_SQ":2.702838673299,"PB_TTM_SQ":0.462958247015,"ROA_SQ":0.847750016255,"START_DATE":"2023-01-01 00:00:00","FISCAL_YEAR":"12-31","CURRENCY":"HKD","IS_CNY_CODE":0,"DPS_HKD_LY":1.2289,"ORG_TYPE":"一般企业","PREMIUM_INCOME":null,"PREMIUM_INCOME_YOY":null,"NET_INTEREST_INCOME":null,"NET_INTEREST_INCOME_YOY":null,"FEE_COMMISSION_INCOME":null,"FEE_COMMISSION_INCOME_YOY":null,"ACCOUNTS_RECE_TDAYS":1.95498673467,"INVENTORY_TDAYS":0.150366513682,"CURRENT_ASSETS_TDAYS":0.116745344353,"TOTAL_ASSETS_TDAYS":0.079474836498,"PREMIUM_EXPENSE":null,"LOAN_DEPOSIT":null,"LOAN_EQUITY":null,"LOAN_ASSETS":null,"DEPOSIT_EQUITY":null,"DEPOSIT_ASSETS":null,"EQUITY_MULTIPLIER":3.290854511435,"EQUITY_RATIO":3.673970668868},{"SECUCODE":"00960.HK","SECURITY_CODE":"00960","SECURITY_NAME_ABBR":"龙湖集团","ORG_CODE":"10128731","STD_REPORT_DATE":"2022-12-31 00:00:00","REPORT_DATE":"2022-12-31 00:00:00","DATE_TYPE_CODE":"001","REPORT_TYPE":"2022年年报","PER_NETCASH_OPERATE":1.585806948239,"PER_OI":39.889107757864,"BPS":20.629644406821,"BASIC_EPS":4.08,"DILUTED_EPS":4.05,"OPERATE_INCOME":250565107000,"OPERATE_INCOME_YOY":12.1721642703,"GROSS_PROFIT":53038492000,"GROSS_PROFIT_YOY":-6.194539415446,"HOLDER_PROFIT":24362046000,"HOLDER_PROFIT_YOY":2.1311591005,"GROSS_PROFIT_RATIO":21.16754907937,"EPS_TTM":3.878354371569,"OPERATE_INCOME_QOQ":-2.717659723458,"NET_PROFIT_RATIO":13.0994763768,"ROE_AVG":18.245333926801,"GROSS_PROFIT_QOQ":-11.47241319176,"ROA":2.930903750327,"HOLDER_PROFIT_QOQ":1.871838176878,"ROE_YEARLY":18.245333926801,"ROIC_YEARLY":3.707456726202,"TOTAL_ASSETS":786774416000,"TOTAL_LIABILITIES":553595326000,"TAX_EBT":28.36940111192,"OCF_SALES":3.975538780825,"TOTAL_PARENT_EQUITY":142100359000,"DEBT_ASSET_RATIO":70.362649667,"OPERATE_PROFIT":44558920000,"PRETAX_PROFIT":45822201000,"NETCASH_OPERATE":9961313000,"NETCASH_INVEST":-12412095000,"NETCASH_FINANCE":-13558064000,"END_CASH":72095409000,"DIVI_RATIO":0.05899939203,"DIVIDEND_RATE":2.547931382442,"CURRENT_RATIO":1.608448130341,"COMMON_ACS":10000000000,"CURRENTDEBT_DEBT":60.6716347168,"ISSUED_COMMON_SHARES":6888163276,"HK_COMMON_SHARES":6888163276,"PER_SHARES":500,"TOTAL_MARKET_CAP":68261698065.16,"HKSK_MARKET_CAP":68261698065.16,"PE_TTM":5.752290660341,"PB_TTM":0.39544625109,"REPORT_DATE_SQ":"2021-12-31 00:00:00","REPORT_TYPE_SQ":"2021年年报","OPERATE_INCOME_SQ":223375477000,"DPS_HKD":0.2525,"OPERATE_INCOME_QOQ_SQ":15.129434508979,"NET_PROFIT_RATIO_SQ":14.2308343006,"HOLDER_PROFIT_SQ":23853686000,"HOLDER_PROFIT_QOQ_SQ":13.143287989886,"ROE_AVG_SQ":20.449536082657,"PE_TTM_SQ":2.702838673299,"PB_TTM_SQ":0.462958247015,"ROA_SQ":2.907550171996,"START_DATE":"2022-01-01 00:00:00","FISCAL_YEAR":"12-31","CURRENCY":"HKD","IS_CNY_CODE":0,"DPS_HKD_LY":1.7965,"ORG_TYPE":"一般企业","PREMIUM_INCOME":null,"PREMIUM_INCOME_YOY":null,"NET_INTEREST_INCOME":null,"NET_INTEREST_INCOME_YOY":null,"FEE_COMMISSION_INCOME":null,"FEE_COMMISSION_INCOME_YOY":null,"ACCOUNTS_RECE_TDAYS":7.447756624544,"INVENTORY_TDAYS":0.54045697382,"CURRENT_ASSETS_TDAYS":0.423028121998,"TOTAL_ASSETS_TDAYS":0.301445211871,"PREMIUM_EXPENSE":null,"LOAN_DEPOSIT":null,"LOAN_EQUITY":null,"LOAN_ASSETS":null,"DEPOSIT_EQUITY":null,"DEPOSIT_ASSETS":null,"EQUITY_MULTIPLIER":3.37412079273,"EQUITY_RATIO":3.895805259718},{"SECUCODE":"00960.HK","SECURITY_CODE":"00960","SECURITY_NAME_ABBR":"龙湖集团","ORG_CODE":"10128731","STD_REPORT_DATE":"2022-06-30 00:00:00","REPORT_DATE":"2022-06-30 00:00:00","DATE_TYPE_CODE":"002","REPORT_TYPE":"2022年中报","PER_NETCASH_OPERATE":0.694853320226,"PER_OI":15.59788799698,"BPS":17.966462907637,"BASIC_EPS":1.268,"DILUTED_EPS":1.253,"OPERATE_INCOME":94804581000,"OPERATE_INCOME_YOY":56.4039342267,"GROSS_PROFIT":20146783000,"GROSS_PROFIT_YOY":20.093590198608,"HOLDER_PROFIT":7480032000,"HOLDER_PROFIT_YOY":0.818418314,"GROSS_PROFIT_RATIO":21.250853901248,"EPS_TTM":3.934559258273,"OPERATE_INCOME_QOQ":15.305783096324,"NET_PROFIT_RATIO":11.4797163652,"ROE_AVG":6.015180021887,"GROSS_PROFIT_QOQ":5.961840785004,"ROA":0.847750016255,"HOLDER_PROFIT_QOQ":0.25455604639,"ROE_YEARLY":12.030360043775,"ROIC_YEARLY":2.151503544459,"TOTAL_ASSETS":889027597000,"TOTAL_LIABILITIES":663280910000,"TAX_EBT":31.669021634204,"OCF_SALES":4.454791061204,"TOTAL_PARENT_EQUITY":123755930000,"DEBT_ASSET_RATIO":74.6074601326,"OPERATE_PROFIT":15597526000,"PRETAX_PROFIT":15927325000,"NETCASH_OPERATE":4223346000,"NETCASH_INVEST":-19001645000,"NETCASH_FINANCE":13668034000,"END_CASH":86993990000,"DIVI_RATIO":0.058156590098,"DIVIDEND_RATE":2.547931382442,"CURRENT_RATIO":1.467469909767,"COMMON_ACS":10000000000,"CURRENTDEBT_DEBT":66.66841670447,"ISSUED_COMMON_SHARES":6888163276,"HK_COMMON_SHARES":6888163276,"PER_SHARES":500,"TOTAL_MARKET_CAP":68261698065.16,"HKSK_MARKET_CAP":68261698065.16,"PE_TTM":5.752290660341,"PB_TTM":0.39544625109,"REPORT_DATE_SQ":"2021-06-30 00:00:00","REPORT_TYPE_SQ":"2021年中报","OPERATE_INCOME_SQ":60615215000,"DPS_HKD":0.2525,"OPERATE_INCOME_QOQ_SQ":5.133575622804,"NET_PROFIT_RATIO_SQ":16.7108175728,"HOLDER_PROFIT_SQ":7419311000,"HOLDER_PROFIT_QOQ_SQ":5.402942952026,"ROE_AVG_SQ":6.805259348831,"PE_TTM_SQ":2.702838673299,"PB_TTM_SQ":0.462958247015,"ROA_SQ":0.905564322803,"START_DATE":"2022-01-01 00:00:00","FISCAL_YEAR":"12-31","CURRENCY":"HKD","IS_CNY_CODE":0,"DPS_HKD_LY":1.7965,"ORG_TYPE":"一般企业","PREMIUM_INCOME":null,"PREMIUM_INCOME_YOY":null,"NET_INTEREST_INCOME":null,"NET_INTEREST_INCOME_YOY":null,"FEE_COMMISSION_INCOME":null,"FEE_COMMISSION_INCOME_YOY":null,"ACCOUNTS_RECE_TDAYS":null,"INVENTORY_TDAYS":0.187092573294,"CURRENT_ASSETS_TDAYS":0.146608603496,"TOTAL_ASSETS_TDAYS":0.107446846596,"PREMIUM_EXPENSE":null,"LOAN_DEPOSIT":null,"LOAN_EQUITY":null,"LOAN_ASSETS":null,"DEPOSIT_EQUITY":null,"DEPOSIT_ASSETS":null,"EQUITY_MULTIPLIER":3.9381645366,"EQUITY_RATIO":5.359588910204},{"SECUCODE":"00960.HK","SECURITY_CODE":"00960","SECURITY_NAME_ABBR":"龙湖集团","ORG_CODE":"10128731","STD_REPORT_DATE":"2021-12-31 00:00:00","REPORT_DATE":"2021-12-31 00:00:00","DATE_TYPE_CODE":"001","REPORT_TYPE":"2021年年报","PER_NETCASH_OPERATE":4.697192851006,"PER_OI":36.773801985534,"BPS":18.139704300471,"BASIC_EPS":4.05,"DILUTED_EPS":3.99,"OPERATE_INCOME":223375477000,"OPERATE_INCOME_YOY":21.0396910936,"GROSS_PROFIT":56540943000,"GROSS_PROFIT_YOY":4.646303521671,"HOLDER_PROFIT":23853686000,"HOLDER_PROFIT_YOY":19.256355294,"GROSS_PROFIT_RATIO":25.312063687278,"EPS_TTM":3.926978634226,"OPERATE_INCOME_QOQ":15.129434508979,"NET_PROFIT_RATIO":14.2308343006,"ROE_AVG":20.449536082657,"GROSS_PROFIT_QOQ":2.690746924328,"ROA":2.907550171996,"HOLDER_PROFIT_QOQ":13.143287989886,"ROE_YEARLY":20.449536082657,"ROIC_YEARLY":3.685699481866,"TOTAL_ASSETS":875651107000,"TOTAL_LIABILITIES":653773499000,"TAX_EBT":33.255622142285,"OCF_SALES":12.773204285088,"TOTAL_PARENT_EQUITY":124949245000,"DEBT_ASSET_RATIO":74.6614140922,"OPERATE_PROFIT":44840560000,"PRETAX_PROFIT":47626774000,"NETCASH_OPERATE":28532206000,"NETCASH_INVEST":-48732139000,"NETCASH_FINANCE":31298358000,"END_CASH":88104255000,"DIVI_RATIO":0.05826885535,"DIVIDEND_RATE":2.547931382442,"CURRENT_RATIO":1.443059950147,"COMMON_ACS":10000000000,"CURRENTDEBT_DEBT":68.302387552115,"ISSUED_COMMON_SHARES":6888163276,"HK_COMMON_SHARES":6888163276,"PER_SHARES":500,"TOTAL_MARKET_CAP":68261698065.16,"HKSK_MARKET_CAP":68261698065.16,"PE_TTM":5.752290660341,"PB_TTM":0.39544625109,"REPORT_DATE_SQ":"2020-12-31 00:00:00","REPORT_TYPE_SQ":"2020年年报","OPERATE_INCOME_SQ":184547296000,"DPS_HKD":0.2525,"OPERATE_INCOME_QOQ_SQ":12.805377969294,"NET_PROFIT_RATIO_SQ":15.6275993337,"HOLDER_PROFIT_SQ":20002025000,"HOLDER_PROFIT_QOQ_SQ":8.91259119349,"ROE_AVG_SQ":19.774593348112,"PE_TTM_SQ":2.702838673299,"PB_TTM_SQ":0.462958247015,"ROA_SQ":2.82234699698,"START_DATE":"2021-01-01 00:00:00","FISCAL_YEAR":"12-31","CURRENCY":"HKD","IS_CNY_CODE":0,"DPS_HKD_LY":1.8236,"ORG_TYPE":"一般企业","PREMIUM_INCOME":null,"PREMIUM_INCOME_YOY":null,"NET_INTEREST_INCOME":null,"NET_INTEREST_INCOME_YOY":null,"FEE_COMMISSION_INCOME":null,"FEE_COMMISSION_INCOME_YOY":null,"ACCOUNTS_RECE_TDAYS":5.962042681275,"INVENTORY_TDAYS":0.427170100102,"CURRENT_ASSETS_TDAYS":0.365840150217,"TOTAL_ASSETS_TDAYS":0.272274652467,"PREMIUM_EXPENSE":null,"LOAN_DEPOSIT":null,"LOAN_EQUITY":null,"LOAN_ASSETS":null,"DEPOSIT_EQUITY":null,"DEPOSIT_ASSETS":null,"EQUITY_MULTIPLIER":3.946550149399,"EQUITY_RATIO":5.232312520176},{"SECUCODE":"00960.HK","SECURITY_CODE":"00960","SECURITY_NAME_ABBR":"龙湖集团","ORG_CODE":"10128731","STD_REPORT_DATE":"2021-06-30 00:00:00","REPORT_DATE":"2021-06-30 00:00:00","DATE_TYPE_CODE":"002","REPORT_TYPE":"2021年中报","PER_NETCASH_OPERATE":1.575132098053,"PER_OI":9.993049311931,"BPS":15.926227443276,"BASIC_EPS":1.259,"DILUTED_EPS":1.238,"OPERATE_INCOME":60615215000,"OPERATE_INCOME_YOY":18.5248861293,"GROSS_PROFIT":16775902000,"GROSS_PROFIT_YOY":6.534023327633,"HOLDER_PROFIT":7419311000,"HOLDER_PROFIT_YOY":17.0494396803,"GROSS_PROFIT_RATIO":27.676057900644,"EPS_TTM":3.475706397623,"OPERATE_INCOME_QOQ":5.133575622804,"NET_PROFIT_RATIO":16.7108175728,"ROE_AVG":6.805259348831,"GROSS_PROFIT_QOQ":1.904316265986,"ROA":0.905564322803,"HOLDER_PROFIT_QOQ":5.402942952026,"ROE_YEARLY":13.610518697662,"ROIC_YEARLY":2.305407065681,"TOTAL_ASSETS":873446145000,"TOTAL_LIABILITIES":672793962000,"TAX_EBT":26.975240367597,"OCF_SALES":15.762276847488,"TOTAL_PARENT_EQUITY":109702455000,"DEBT_ASSET_RATIO":77.027526637,"OPERATE_PROFIT":13250756000,"PRETAX_PROFIT":13871046000,"NETCASH_OPERATE":9554338000,"NETCASH_INVEST":-12475258000,"NETCASH_FINANCE":24895607000,"END_CASH":98980517000,"DIVI_RATIO":0.065834257507,"DIVIDEND_RATE":2.547931382442,"CURRENT_RATIO":1.413678707865,"COMMON_ACS":10000000000,"CURRENTDEBT_DEBT":70.139672121493,"ISSUED_COMMON_SHARES":6888163276,"HK_COMMON_SHARES":6888163276,"PER_SHARES":500,"TOTAL_MARKET_CAP":68261698065.16,"HKSK_MARKET_CAP":68261698065.16,"PE_TTM":5.752290660341,"PB_TTM":0.39544625109,"REPORT_DATE_SQ":"2020-06-30 00:00:00","REPORT_TYPE_SQ":"2020年中报","OPERATE_INCOME_SQ":51141340000,"DPS_HKD":0.2525,"OPERATE_INCOME_QOQ_SQ":8.324057473595,"NET_PROFIT_RATIO_SQ":17.1384910916,"HOLDER_PROFIT_SQ":6338613000,"HOLDER_PROFIT_QOQ_SQ":0.156146918806,"ROE_AVG_SQ":6.726274035171,"PE_TTM_SQ":2.702838673299,"PB_TTM_SQ":0.462958247015,"ROA_SQ":0.918048990289,"START_DATE":"2021-01-01 00:00:00","FISCAL_YEAR":"12-31","CURRENCY":"HKD","IS_CNY_CODE":0,"DPS_HKD_LY":1.8236,"ORG_TYPE":"一般企业","PREMIUM_INCOME":null,"PREMIUM_INCOME_YOY":null,"NET_INTEREST_INCOME":null,"NET_INTEREST_INCOME_YOY":null,"FEE_COMMISSION_INCOME":null,"FEE_COMMISSION_INCOME_YOY":null,"ACCOUNTS_RECE_TDAYS":1.457570960778,"INVENTORY_TDAYS":0.109240898987,"CURRENT_ASSETS_TDAYS":0.097461142152,"TOTAL_ASSETS_TDAYS":0.073983926706,"PREMIUM_EXPENSE":null,"LOAN_DEPOSIT":null,"LOAN_EQUITY":null,"LOAN_ASSETS":null,"DEPOSIT_EQUITY":null,"DEPOSIT_ASSETS":null,"EQUITY_MULTIPLIER":4.353035845111,"EQUITY_RATIO":6.132897955657},{"SECUCODE":"00960.HK","SECURITY_CODE":"00960","SECURITY_NAME_ABBR":"龙湖集团","ORG_CODE":"10128731","STD_REPORT_DATE":"2020-12-31 00:00:00","REPORT_DATE":"2020-12-31 00:00:00","DATE_TYPE_CODE":"001","REPORT_TYPE":"2020年年报","PER_NETCASH_OPERATE":6.062517705611,"PER_OI":30.460820595946,"BPS":15.729001427347,"BASIC_EPS":3.41,"DILUTED_EPS":3.34,"OPERATE_INCOME":184547296000,"OPERATE_INCOME_YOY":22.1953624648,"GROSS_PROFIT":54030521000,"GROSS_PROFIT_YOY":6.36538209707,"HOLDER_PROFIT":20002025000,"HOLDER_PROFIT_YOY":9.0826548488,"GROSS_PROFIT_RATIO":29.277330078031,"EPS_TTM":3.301473975975,"OPERATE_INCOME_QOQ":12.805377969294,"NET_PROFIT_RATIO":15.6275993337,"ROE_AVG":19.774593348112,"GROSS_PROFIT_QOQ":0.126686927532,"ROA":2.82234699698,"HOLDER_PROFIT_QOQ":8.91259119349,"ROE_YEARLY":19.774593348112,"ROIC_YEARLY":3.563791376106,"TOTAL_ASSETS":765158825000,"TOTAL_LIABILITIES":572434672000,"TAX_EBT":37.803597488129,"OCF_SALES":19.902673621401,"TOTAL_PARENT_EQUITY":108343930000,"DEBT_ASSET_RATIO":74.8125295425,"OPERATE_PROFIT":45193646000,"PRETAX_PROFIT":46369743000,"NETCASH_OPERATE":36729846000,"NETCASH_INVEST":-41403314000,"NETCASH_FINANCE":20896923000,"END_CASH":77005830000,"DIVI_RATIO":0.069308603268,"DIVIDEND_RATE":2.547931382442,"CURRENT_RATIO":1.443715431484,"COMMON_ACS":10000000000,"CURRENTDEBT_DEBT":69.791058183841,"ISSUED_COMMON_SHARES":6888163276,"HK_COMMON_SHARES":6888163276,"PER_SHARES":500,"TOTAL_MARKET_CAP":68261698065.16,"HKSK_MARKET_CAP":68261698065.16,"PE_TTM":5.752290660341,"PB_TTM":0.39544625109,"REPORT_DATE_SQ":"2019-12-31 00:00:00","REPORT_TYPE_SQ":"2019年年报","OPERATE_INCOME_SQ":151026432000,"DPS_HKD":0.2525,"OPERATE_INCOME_QOQ_SQ":18.687189806181,"NET_PROFIT_RATIO_SQ":17.5813363584,"HOLDER_PROFIT_SQ":18336577000,"HOLDER_PROFIT_QOQ_SQ":7.123688037548,"ROE_AVG_SQ":20.882374054881,"PE_TTM_SQ":2.702838673299,"PB_TTM_SQ":0.462958247015,"ROA_SQ":3.163854790775,"START_DATE":"2020-01-01 00:00:00","FISCAL_YEAR":"12-31","CURRENCY":"HKD","IS_CNY_CODE":0,"DPS_HKD_LY":1.367983,"ORG_TYPE":"一般企业","PREMIUM_INCOME":null,"PREMIUM_INCOME_YOY":null,"NET_INTEREST_INCOME":null,"NET_INTEREST_INCOME_YOY":null,"FEE_COMMISSION_INCOME":null,"FEE_COMMISSION_INCOME_YOY":null,"ACCOUNTS_RECE_TDAYS":null,"INVENTORY_TDAYS":0.368902070269,"CURRENT_ASSETS_TDAYS":0.344292593629,"TOTAL_ASSETS_TDAYS":0.260401887642,"PREMIUM_EXPENSE":null,"LOAN_DEPOSIT":null,"LOAN_EQUITY":null,"LOAN_ASSETS":null,"DEPOSIT_EQUITY":null,"DEPOSIT_ASSETS":null,"EQUITY_MULTIPLIER":3.970227981755,"EQUITY_RATIO":5.283495549774},{"SECUCODE":"00960.HK","SECURITY_CODE":"00960","SECURITY_NAME_ABBR":"龙湖集团","ORG_CODE":"10128731","STD_REPORT_DATE":"2020-06-30 00:00:00","REPORT_DATE":"2020-06-30 00:00:00","DATE_TYPE_CODE":"002","REPORT_TYPE":"2020年中报","PER_NETCASH_OPERATE":3.077931109996,"PER_OI":8.531127893377,"BPS":13.721643377607,"BASIC_EPS":1.079,"DILUTED_EPS":1.059,"OPERATE_INCOME":51141340000,"OPERATE_INCOME_YOY":32.5942129924,"GROSS_PROFIT":15746990000,"GROSS_PROFIT_YOY":25.155659818006,"HOLDER_PROFIT":6338613000,"HOLDER_PROFIT_YOY":0.4537573093,"GROSS_PROFIT_RATIO":30.791117323089,"EPS_TTM":3.063587046558,"OPERATE_INCOME_QOQ":8.324057473595,"NET_PROFIT_RATIO":17.1384910916,"ROE_AVG":6.726274035171,"GROSS_PROFIT_QOQ":6.230801558483,"ROA":0.918048990289,"HOLDER_PROFIT_QOQ":0.156146918806,"ROE_YEARLY":13.452548070341,"ROIC_YEARLY":2.330077815115,"TOTAL_ASSETS":728642897000,"TOTAL_LIABILITIES":553137948000,"TAX_EBT":35.728034937546,"OCF_SALES":36.078829768637,"TOTAL_PARENT_EQUITY":94516920000,"DEBT_ASSET_RATIO":75.9134481757,"OPERATE_PROFIT":12997213000,"PRETAX_PROFIT":13637134000,"NETCASH_OPERATE":18451197000,"NETCASH_INVEST":-15525931000,"NETCASH_FINANCE":14550690000,"END_CASH":78258331000,"DIVI_RATIO":0.07469040263,"DIVIDEND_RATE":2.547931382442,"CURRENT_RATIO":1.464342977705,"COMMON_ACS":10000000000,"CURRENTDEBT_DEBT":68.654894746075,"ISSUED_COMMON_SHARES":6888163276,"HK_COMMON_SHARES":6888163276,"PER_SHARES":500,"TOTAL_MARKET_CAP":68261698065.16,"HKSK_MARKET_CAP":68261698065.16,"PE_TTM":5.752290660341,"PB_TTM":0.39544625109,"REPORT_DATE_SQ":"2019-06-30 00:00:00","REPORT_TYPE_SQ":"2019年中报","OPERATE_INCOME_SQ":38569813000,"DPS_HKD":0.2525,"OPERATE_INCOME_QOQ_SQ":9.887003678633,"NET_PROFIT_RATIO_SQ":21.1300920749,"HOLDER_PROFIT_SQ":6309981000,"HOLDER_PROFIT_QOQ_SQ":5.421802354764,"ROE_AVG_SQ":7.618077646446,"PE_TTM_SQ":2.702838673299,"PB_TTM_SQ":0.462958247015,"ROA_SQ":1.129916780188,"START_DATE":"2020-01-01 00:00:00","FISCAL_YEAR":"12-31","CURRENCY":"HKD","IS_CNY_CODE":0,"DPS_HKD_LY":1.367983,"ORG_TYPE":"一般企业","PREMIUM_INCOME":null,"PREMIUM_INCOME_YOY":null,"NET_INTEREST_INCOME":null,"NET_INTEREST_INCOME_YOY":null,"FEE_COMMISSION_INCOME":null,"FEE_COMMISSION_INCOME_YOY":null,"ACCOUNTS_RECE_TDAYS":1.769882293107,"INVENTORY_TDAYS":0.102013667748,"CURRENT_ASSETS_TDAYS":0.097286546803,"TOTAL_ASSETS_TDAYS":0.074070235159,"PREMIUM_EXPENSE":null,"LOAN_DEPOSIT":null,"LOAN_EQUITY":null,"LOAN_ASSETS":null,"DEPOSIT_EQUITY":null,"DEPOSIT_ASSETS":null,"EQUITY_MULTIPLIER":4.151694303504,"EQUITY_RATIO":5.852263785151}],"count":35},"success":true,"message":"ok","code":0}