{"version":"167b4a6bb4f806485c84c56fb0384b9f","result":{"pages":6,"data":[{"SECUCODE":"00966.HK","SECURITY_CODE":"00966","SECURITY_NAME_ABBR":"中国太平","ORG_CODE":"10009180","STD_REPORT_DATE":"2024-06-30 00:00:00","REPORT_DATE":"2024-06-30 00:00:00","DATE_TYPE_CODE":"002","REPORT_TYPE":"2024年中报","PER_NETCASH_OPERATE":20.241486586222,"PER_OI":12.067657579645,"BPS":19.973495256546,"BASIC_EPS":1.40370184,"DILUTED_EPS":1.40370184,"OPERATE_INCOME":43371385051.48,"OPERATE_INCOME_YOY":54.5884029301,"GROSS_PROFIT":null,"GROSS_PROFIT_YOY":null,"HOLDER_PROFIT":5500430302.4,"HOLDER_PROFIT_YOY":15.4455675034,"GROSS_PROFIT_RATIO":null,"EPS_TTM":1.751979308177,"OPERATE_INCOME_QOQ":31.834355079911,"NET_PROFIT_RATIO":18.893248911,"ROE_AVG":6.356433830184,"GROSS_PROFIT_QOQ":null,"ROA":0.382664270771,"HOLDER_PROFIT_QOQ":12.253929340459,"ROE_YEARLY":12.712867660369,"ROIC_YEARLY":0.807566185556,"TOTAL_ASSETS":1497119188622.48,"TOTAL_LIABILITIES":1376351905258.4,"TAX_EBT":45.679097796566,"OCF_SALES":167.733352165744,"TOTAL_PARENT_EQUITY":86380535625.08,"DEBT_ASSET_RATIO":91.9333554548,"OPERATE_PROFIT":16074704275.2,"PRETAX_PROFIT":15084918330.76,"NETCASH_OPERATE":72748278027.56,"NETCASH_INVEST":-48448587384.28,"NETCASH_FINANCE":-20133698895.68,"END_CASH":42802615653,"DIVI_RATIO":0.155176490231,"DIVIDEND_RATE":2.471169686985,"CURRENT_RATIO":null,"COMMON_ACS":null,"CURRENTDEBT_DEBT":null,"ISSUED_COMMON_SHARES":3594018538,"HK_COMMON_SHARES":3594018538,"PER_SHARES":200,"TOTAL_MARKET_CAP":43631385051.32,"HKSK_MARKET_CAP":43631385051.32,"PE_TTM":6.236548365352,"PB_TTM":0.55473191135,"REPORT_DATE_SQ":"2023-06-30 00:00:00","REPORT_TYPE_SQ":"2023年中报","OPERATE_INCOME_SQ":28341925198.36,"DPS_HKD":0.3,"OPERATE_INCOME_QOQ_SQ":3.499429121516,"NET_PROFIT_RATIO_SQ":24.4670527095,"HOLDER_PROFIT_SQ":4813072122.7,"HOLDER_PROFIT_QOQ_SQ":44.353723207716,"ROE_AVG_SQ":6.290835566459,"PE_TTM_SQ":6.486637455639,"PB_TTM_SQ":0.291359784105,"ROA_SQ":0.368623713432,"START_DATE":"2024-01-01 00:00:00","FISCAL_YEAR":"12-31","CURRENCY":"HKD","IS_CNY_CODE":0,"DPS_HKD_LY":0.3,"ORG_TYPE":"保险","PREMIUM_INCOME":50995742187.64,"PREMIUM_INCOME_YOY":3.225440121281,"NET_INTEREST_INCOME":null,"NET_INTEREST_INCOME_YOY":null,"FEE_COMMISSION_INCOME":null,"FEE_COMMISSION_INCOME_YOY":null,"ACCOUNTS_RECE_TDAYS":null,"INVENTORY_TDAYS":null,"CURRENT_ASSETS_TDAYS":null,"TOTAL_ASSETS_TDAYS":0.017684075194,"PREMIUM_EXPENSE":null,"LOAN_DEPOSIT":null,"LOAN_EQUITY":null,"LOAN_ASSETS":null,"DEPOSIT_EQUITY":null,"DEPOSIT_ASSETS":null,"EQUITY_MULTIPLIER":12.396728210803,"EQUITY_RATIO":15.933588455995},{"SECUCODE":"00966.HK","SECURITY_CODE":"00966","SECURITY_NAME_ABBR":"中国太平","ORG_CODE":"10009180","STD_REPORT_DATE":"2023-12-31 00:00:00","REPORT_DATE":"2023-12-31 00:00:00","DATE_TYPE_CODE":"001","REPORT_TYPE":"2023年年报","PER_NETCASH_OPERATE":28.134546581796,"PER_OI":13.136116871999,"BPS":19.916593163716,"BASIC_EPS":1.3547989,"DILUTED_EPS":1.3547989,"OPERATE_INCOME":47211447555.3,"OPERATE_INCOME_YOY":62.7869513253,"GROSS_PROFIT":null,"GROSS_PROFIT_YOY":null,"HOLDER_PROFIT":5609287932.08,"HOLDER_PROFIT_YOY":44.0519183839,"GROSS_PROFIT_RATIO":null,"EPS_TTM":1.560728714327,"OPERATE_INCOME_QOQ":-82.885665105994,"NET_PROFIT_RATIO":19.7265069285,"ROE_AVG":6.919145633129,"GROSS_PROFIT_QOQ":null,"ROA":0.424121576483,"HOLDER_PROFIT_QOQ":55.548346672922,"ROE_YEARLY":6.919145633129,"ROIC_YEARLY":0.446391160404,"TOTAL_ASSETS":1367936813575.36,"TOTAL_LIABILITIES":1247775980007.48,"TAX_EBT":11.846955417223,"OCF_SALES":214.177042241207,"TOTAL_PARENT_EQUITY":86072443923.48,"DEBT_ASSET_RATIO":91.2159076081,"OPERATE_PROFIT":15127629237.98,"PRETAX_PROFIT":10564773476.74,"NETCASH_OPERATE":101116081973.2,"NETCASH_INVEST":-118670447843.92,"NETCASH_FINANCE":17930045715.26,"END_CASH":38563650180.44,"DIVI_RATIO":0.174191707697,"DIVIDEND_RATE":2.435064935065,"CURRENT_RATIO":null,"COMMON_ACS":null,"CURRENTDEBT_DEBT":null,"ISSUED_COMMON_SHARES":3594018538,"HK_COMMON_SHARES":3594018538,"PER_SHARES":200,"TOTAL_MARKET_CAP":44278308388.16,"HKSK_MARKET_CAP":44278308388.16,"PE_TTM":6.329017780983,"PB_TTM":0.562956931452,"REPORT_DATE_SQ":"2022-12-31 00:00:00","REPORT_TYPE_SQ":"2022年年报","OPERATE_INCOME_SQ":28587543127.5,"DPS_HKD":0.3,"OPERATE_INCOME_QOQ_SQ":4.266646778205,"NET_PROFIT_RATIO_SQ":1.8561551761,"HOLDER_PROFIT_SQ":3838290076.46,"HOLDER_PROFIT_QOQ_SQ":-40.598367101514,"ROE_AVG_SQ":3.41940431692,"PE_TTM_SQ":6.486637455639,"PB_TTM_SQ":0.291359784105,"ROA_SQ":0.200616961029,"START_DATE":"2023-01-01 00:00:00","FISCAL_YEAR":"12-31","CURRENCY":"HKD","IS_CNY_CODE":0,"DPS_HKD_LY":0.26,"ORG_TYPE":"保险","PREMIUM_INCOME":97408542022.12,"PREMIUM_INCOME_YOY":-1.301477355254,"NET_INTEREST_INCOME":null,"NET_INTEREST_INCOME_YOY":null,"FEE_COMMISSION_INCOME":null,"FEE_COMMISSION_INCOME_YOY":null,"ACCOUNTS_RECE_TDAYS":null,"INVENTORY_TDAYS":null,"CURRENT_ASSETS_TDAYS":null,"TOTAL_ASSETS_TDAYS":0.011223708476,"PREMIUM_EXPENSE":null,"LOAN_DEPOSIT":null,"LOAN_EQUITY":null,"LOAN_ASSETS":null,"DEPOSIT_EQUITY":null,"DEPOSIT_ASSETS":null,"EQUITY_MULTIPLIER":11.384215413332,"EQUITY_RATIO":14.496811326942},{"SECUCODE":"00966.HK","SECURITY_CODE":"00966","SECURITY_NAME_ABBR":"中国太平","ORG_CODE":"10009180","STD_REPORT_DATE":"2023-06-30 00:00:00","REPORT_DATE":"2023-06-30 00:00:00","DATE_TYPE_CODE":"002","REPORT_TYPE":"2023年中报","PER_NETCASH_OPERATE":20.053398183101,"PER_OI":7.885859490901,"BPS":21.04328508763,"BASIC_EPS":1.2585027,"DILUTED_EPS":1.2585027,"OPERATE_INCOME":28341925198.36,"OPERATE_INCOME_YOY":38.2541183631,"GROSS_PROFIT":null,"GROSS_PROFIT_YOY":null,"HOLDER_PROFIT":4813072122.7,"HOLDER_PROFIT_YOY":20.4947741931,"GROSS_PROFIT_RATIO":null,"EPS_TTM":1.003372101157,"OPERATE_INCOME_QOQ":3.499429121516,"NET_PROFIT_RATIO":24.4670527095,"ROE_AVG":6.290835566459,"GROSS_PROFIT_QOQ":null,"ROA":0.368623713432,"HOLDER_PROFIT_QOQ":44.353723207716,"ROE_YEARLY":12.581671132918,"ROIC_YEARLY":0.782579117977,"TOTAL_ASSETS":1311967253469.14,"TOTAL_LIABILITIES":1197720620843.88,"TAX_EBT":4.120261795182,"OCF_SALES":254.295656754222,"TOTAL_PARENT_EQUITY":75629956705.36,"DEBT_ASSET_RATIO":91.2919600453,"OPERATE_PROFIT":7868960081.02,"PRETAX_PROFIT":7232428776.94,"NETCASH_OPERATE":72072284819.96,"NETCASH_INVEST":-69383881494,"NETCASH_FINANCE":13502965039.68,"END_CASH":52309958837.12,"DIVI_RATIO":0.270952321364,"DIVIDEND_RATE":2.435064935065,"CURRENT_RATIO":null,"COMMON_ACS":null,"CURRENTDEBT_DEBT":null,"ISSUED_COMMON_SHARES":3594018538,"HK_COMMON_SHARES":3594018538,"PER_SHARES":200,"TOTAL_MARKET_CAP":44278308388.16,"HKSK_MARKET_CAP":44278308388.16,"PE_TTM":6.329017780983,"PB_TTM":0.562956931452,"REPORT_DATE_SQ":"2022-06-30 00:00:00","REPORT_TYPE_SQ":"2022年中报","OPERATE_INCOME_SQ":19014827243.37,"DPS_HKD":0.3,"OPERATE_INCOME_QOQ_SQ":-1.014474397061,"NET_PROFIT_RATIO_SQ":2.3022747693,"HOLDER_PROFIT_SQ":3705060218.79,"HOLDER_PROFIT_QOQ_SQ":-31.542478848856,"ROE_AVG_SQ":3.15454158946,"PE_TTM_SQ":6.486637455639,"PB_TTM_SQ":0.291359784105,"ROA_SQ":0.192011435735,"START_DATE":"2023-01-01 00:00:00","FISCAL_YEAR":"12-31","CURRENCY":"HKD","IS_CNY_CODE":0,"DPS_HKD_LY":0.26,"ORG_TYPE":"保险","PREMIUM_INCOME":49905698683.4,"PREMIUM_INCOME_YOY":-3.574435589181,"NET_INTEREST_INCOME":null,"NET_INTEREST_INCOME_YOY":null,"FEE_COMMISSION_INCOME":null,"FEE_COMMISSION_INCOME_YOY":null,"ACCOUNTS_RECE_TDAYS":null,"INVENTORY_TDAYS":null,"CURRENT_ASSETS_TDAYS":null,"TOTAL_ASSETS_TDAYS":0.009252820169,"PREMIUM_EXPENSE":null,"LOAN_DEPOSIT":null,"LOAN_EQUITY":null,"LOAN_ASSETS":null,"DEPOSIT_EQUITY":null,"DEPOSIT_ASSETS":null,"EQUITY_MULTIPLIER":11.483640465617,"EQUITY_RATIO":15.836590063247},{"SECUCODE":"00966.HK","SECURITY_CODE":"00966","SECURITY_NAME_ABBR":"中国太平","ORG_CODE":"10009180","STD_REPORT_DATE":"2022-12-31 00:00:00","REPORT_DATE":"2022-12-31 00:00:00","DATE_TYPE_CODE":"001","REPORT_TYPE":"2022年年报","PER_NETCASH_OPERATE":23.616367922499,"PER_OI":7.954200242776,"BPS":18.766523155374,"BASIC_EPS":1.06835092,"DILUTED_EPS":1.06835092,"OPERATE_INCOME":28587543127.5,"OPERATE_INCOME_YOY":-5.5340634876,"GROSS_PROFIT":null,"GROSS_PROFIT_YOY":null,"HOLDER_PROFIT":3838290076.46,"HOLDER_PROFIT_YOY":-62.7798870357,"GROSS_PROFIT_RATIO":null,"EPS_TTM":0.695078782078,"OPERATE_INCOME_QOQ":4.266646778205,"NET_PROFIT_RATIO":1.8561551761,"ROE_AVG":3.41940431692,"GROSS_PROFIT_QOQ":null,"ROA":0.200616961029,"HOLDER_PROFIT_QOQ":-40.598367101514,"ROE_YEARLY":3.41940431692,"ROIC_YEARLY":0.210490746689,"TOTAL_ASSETS":1180536756469.28,"TOTAL_LIABILITIES":1082458000813.56,"TAX_EBT":-36.688575407362,"OCF_SALES":31.845207480294,"TOTAL_PARENT_EQUITY":74978733606.63,"DEBT_ASSET_RATIO":92.9978294929,"OPERATE_PROFIT":9352226935.31,"PRETAX_PROFIT":5461315216.42,"NETCASH_OPERATE":84890153814.83,"NETCASH_INVEST":-71727567569.42,"NETCASH_FINANCE":-8718426858.75,"END_CASH":37939346652.83,"DIVI_RATIO":0.391129764006,"DIVIDEND_RATE":2.435064935065,"CURRENT_RATIO":null,"COMMON_ACS":null,"CURRENTDEBT_DEBT":null,"ISSUED_COMMON_SHARES":3594018538,"HK_COMMON_SHARES":3594018538,"PER_SHARES":200,"TOTAL_MARKET_CAP":44278308388.16,"HKSK_MARKET_CAP":44278308388.16,"PE_TTM":6.329017780983,"PB_TTM":0.562956931452,"REPORT_DATE_SQ":"2021-12-31 00:00:00","REPORT_TYPE_SQ":"2021年年报","OPERATE_INCOME_SQ":258245186841.6,"DPS_HKD":0.3,"OPERATE_INCOME_QOQ_SQ":7.164934341249,"NET_PROFIT_RATIO_SQ":3.4675032183,"HOLDER_PROFIT_SQ":6143201937.6,"HOLDER_PROFIT_QOQ_SQ":-13.942781574577,"ROE_AVG_SQ":8.408618306078,"PE_TTM_SQ":6.486637455639,"PB_TTM_SQ":0.291359784105,"ROA_SQ":0.5898534867,"START_DATE":"2022-01-01 00:00:00","FISCAL_YEAR":"12-31","CURRENCY":"HKD","IS_CNY_CODE":0,"DPS_HKD_LY":0.46,"ORG_TYPE":"保险","PREMIUM_INCOME":97282673431.72,"PREMIUM_INCOME_YOY":-58.519694170915,"NET_INTEREST_INCOME":null,"NET_INTEREST_INCOME_YOY":null,"FEE_COMMISSION_INCOME":null,"FEE_COMMISSION_INCOME_YOY":null,"ACCOUNTS_RECE_TDAYS":null,"INVENTORY_TDAYS":null,"CURRENT_ASSETS_TDAYS":null,"TOTAL_ASSETS_TDAYS":0.188757891953,"PREMIUM_EXPENSE":null,"LOAN_DEPOSIT":null,"LOAN_EQUITY":null,"LOAN_ASSETS":null,"DEPOSIT_EQUITY":null,"DEPOSIT_ASSETS":null,"EQUITY_MULTIPLIER":14.281286052461,"EQUITY_RATIO":14.436866945401},{"SECUCODE":"00966.HK","SECURITY_CODE":"00966","SECURITY_NAME_ABBR":"中国太平","ORG_CODE":"10009180","STD_REPORT_DATE":"2022-06-30 00:00:00","REPORT_DATE":"2022-06-30 00:00:00","DATE_TYPE_CODE":"002","REPORT_TYPE":"2022年中报","PER_NETCASH_OPERATE":13.811915419375,"PER_OI":5.2906870241,"BPS":19.907703757629,"BASIC_EPS":1.03050395,"DILUTED_EPS":1.03050395,"OPERATE_INCOME":19014827243.37,"OPERATE_INCOME_YOY":-4.3815240225,"GROSS_PROFIT":null,"GROSS_PROFIT_YOY":null,"HOLDER_PROFIT":3705060218.79,"HOLDER_PROFIT_YOY":-47.0204619713,"GROSS_PROFIT_RATIO":null,"EPS_TTM":1.170134132956,"OPERATE_INCOME_QOQ":-1.014474397061,"NET_PROFIT_RATIO":2.3022747693,"ROE_AVG":3.15454158946,"GROSS_PROFIT_QOQ":null,"ROA":0.192011435735,"HOLDER_PROFIT_QOQ":-31.542478848856,"ROE_YEARLY":6.30908317892,"ROIC_YEARLY":0.404124810358,"TOTAL_ASSETS":1233792753843.02,"TOTAL_LIABILITIES":1141226683795.38,"TAX_EBT":2.357267530907,"OCF_SALES":33.275274729688,"TOTAL_PARENT_EQUITY":71548656353.93,"DEBT_ASSET_RATIO":92.4974376969,"OPERATE_PROFIT":2701009861.06,"PRETAX_PROFIT":6047070724.94,"NETCASH_OPERATE":49640280062.52,"NETCASH_INVEST":-42296405207.91,"NETCASH_FINANCE":2814541464.7,"END_CASH":43159369740.2,"DIVI_RATIO":0.232337466572,"DIVIDEND_RATE":2.435064935065,"CURRENT_RATIO":null,"COMMON_ACS":null,"CURRENTDEBT_DEBT":null,"ISSUED_COMMON_SHARES":3594018538,"HK_COMMON_SHARES":3594018538,"PER_SHARES":200,"TOTAL_MARKET_CAP":44278308388.16,"HKSK_MARKET_CAP":44278308388.16,"PE_TTM":6.329017780983,"PB_TTM":0.562956931452,"REPORT_DATE_SQ":"2021-06-30 00:00:00","REPORT_TYPE_SQ":"2021年中报","OPERATE_INCOME_SQ":151800508143.36,"DPS_HKD":0.3,"OPERATE_INCOME_QOQ_SQ":6.000346293626,"NET_PROFIT_RATIO_SQ":3.8776864693,"HOLDER_PROFIT_SQ":4254137972.4,"HOLDER_PROFIT_QOQ_SQ":29.511238110402,"ROE_AVG_SQ":5.602947289969,"PE_TTM_SQ":6.486637455639,"PB_TTM_SQ":0.291359784105,"ROA_SQ":0.414312321835,"START_DATE":"2022-01-01 00:00:00","FISCAL_YEAR":"12-31","CURRENCY":"HKD","IS_CNY_CODE":0,"DPS_HKD_LY":0.46,"ORG_TYPE":"保险","PREMIUM_INCOME":48006391676.88,"PREMIUM_INCOME_YOY":-64.238448895529,"NET_INTEREST_INCOME":null,"NET_INTEREST_INCOME_YOY":null,"FEE_COMMISSION_INCOME":null,"FEE_COMMISSION_INCOME_YOY":null,"ACCOUNTS_RECE_TDAYS":null,"INVENTORY_TDAYS":null,"CURRENT_ASSETS_TDAYS":null,"TOTAL_ASSETS_TDAYS":0.123658051692,"PREMIUM_EXPENSE":null,"LOAN_DEPOSIT":null,"LOAN_EQUITY":null,"LOAN_ASSETS":null,"DEPOSIT_EQUITY":null,"DEPOSIT_ASSETS":null,"EQUITY_MULTIPLIER":13.328779683533,"EQUITY_RATIO":15.950358007425},{"SECUCODE":"00966.HK","SECURITY_CODE":"00966","SECURITY_NAME_ABBR":"中国太平","ORG_CODE":"10009180","STD_REPORT_DATE":"2021-12-31 00:00:00","REPORT_DATE":"2021-12-31 00:00:00","DATE_TYPE_CODE":"001","REPORT_TYPE":"2021年年报","PER_NETCASH_OPERATE":22.437496272258,"PER_OI":71.854161048738,"BPS":20.034243307846,"BASIC_EPS":1.7096016,"DILUTED_EPS":1.7096016,"OPERATE_INCOME":258245186841.6,"OPERATE_INCOME_YOY":16.9352561111,"GROSS_PROFIT":null,"GROSS_PROFIT_YOY":null,"HOLDER_PROFIT":6143201937.6,"HOLDER_PROFIT_YOY":14.7308588513,"GROSS_PROFIT_RATIO":null,"EPS_TTM":1.709284989114,"OPERATE_INCOME_QOQ":7.164934341249,"NET_PROFIT_RATIO":3.4675032183,"ROE_AVG":8.408618306078,"GROSS_PROFIT_QOQ":null,"ROA":0.5898534867,"HOLDER_PROFIT_QOQ":-13.942781574577,"ROE_YEARLY":8.408618306078,"ROIC_YEARLY":0.619675715346,"TOTAL_ASSETS":1127177677942.4,"TOTAL_LIABILITIES":1034416085046.4,"TAX_EBT":-0.353102245627,"OCF_SALES":31.226439700602,"TOTAL_PARENT_EQUITY":72003441843.2,"DEBT_ASSET_RATIO":91.7704551189,"OPERATE_PROFIT":10372026179.2,"PRETAX_PROFIT":8923152313.6,"NETCASH_OPERATE":80640777548.8,"NETCASH_INVEST":-81449423193.6,"NETCASH_FINANCE":7405726776,"END_CASH":32659771928,"DIVI_RATIO":0.15905247032,"DIVIDEND_RATE":2.435064935065,"CURRENT_RATIO":null,"COMMON_ACS":null,"CURRENTDEBT_DEBT":null,"ISSUED_COMMON_SHARES":3594018538,"HK_COMMON_SHARES":3594018538,"PER_SHARES":200,"TOTAL_MARKET_CAP":44278308388.16,"HKSK_MARKET_CAP":44278308388.16,"PE_TTM":6.329017780983,"PB_TTM":0.562956931452,"REPORT_DATE_SQ":"2020-12-31 00:00:00","REPORT_TYPE_SQ":"2020年年报","OPERATE_INCOME_SQ":227338112363.44,"DPS_HKD":0.3,"OPERATE_INCOME_QOQ_SQ":-0.002585070763,"NET_PROFIT_RATIO_SQ":3.871295153,"HOLDER_PROFIT_SQ":5511883527.2,"HOLDER_PROFIT_QOQ_SQ":15.685341113759,"ROE_AVG_SQ":7.845201165995,"PE_TTM_SQ":6.486637455639,"PB_TTM_SQ":0.291359784105,"ROA_SQ":0.627168333819,"START_DATE":"2021-01-01 00:00:00","FISCAL_YEAR":"12-31","CURRENCY":"HKD","IS_CNY_CODE":0,"DPS_HKD_LY":0.4,"ORG_TYPE":"保险","PREMIUM_INCOME":214660274976,"PREMIUM_INCOME_YOY":12.424170314992,"NET_INTEREST_INCOME":null,"NET_INTEREST_INCOME_YOY":null,"FEE_COMMISSION_INCOME":null,"FEE_COMMISSION_INCOME_YOY":null,"ACCOUNTS_RECE_TDAYS":null,"INVENTORY_TDAYS":null,"CURRENT_ASSETS_TDAYS":null,"TOTAL_ASSETS_TDAYS":0.247959981504,"PREMIUM_EXPENSE":305.616395435183,"LOAN_DEPOSIT":null,"LOAN_EQUITY":null,"LOAN_ASSETS":null,"DEPOSIT_EQUITY":null,"DEPOSIT_ASSETS":null,"EQUITY_MULTIPLIER":12.151340255724,"EQUITY_RATIO":14.366203317044},{"SECUCODE":"00966.HK","SECURITY_CODE":"00966","SECURITY_NAME_ABBR":"中国太平","ORG_CODE":"10009180","STD_REPORT_DATE":"2021-06-30 00:00:00","REPORT_DATE":"2021-06-30 00:00:00","DATE_TYPE_CODE":"002","REPORT_TYPE":"2021年中报","PER_NETCASH_OPERATE":17.202805717904,"PER_OI":42.236985296084,"BPS":21.265234315717,"BASIC_EPS":1.18404984,"DILUTED_EPS":1.18404984,"OPERATE_INCOME":151800508143.36,"OPERATE_INCOME_YOY":20.616749862,"GROSS_PROFIT":null,"GROSS_PROFIT_YOY":null,"HOLDER_PROFIT":4254137972.4,"HOLDER_PROFIT_YOY":77.738559633,"GROSS_PROFIT_RATIO":null,"EPS_TTM":1.986219192751,"OPERATE_INCOME_QOQ":6.000346293626,"NET_PROFIT_RATIO":3.8776864693,"ROE_AVG":5.602947289969,"GROSS_PROFIT_QOQ":null,"ROA":0.414312321835,"HOLDER_PROFIT_QOQ":29.511238110402,"ROE_YEARLY":11.205894579937,"ROIC_YEARLY":0.875899172864,"TOTAL_ASSETS":1080881739376.08,"TOTAL_LIABILITIES":983100102807.6,"TAX_EBT":8.443117143643,"OCF_SALES":40.72924617444,"TOTAL_PARENT_EQUITY":76427646345.6,"DEBT_ASSET_RATIO":90.9535305292,"OPERATE_PROFIT":7279698175.68,"PRETAX_PROFIT":6429170130,"NETCASH_OPERATE":61827202655.76,"NETCASH_INVEST":-43996198380.96,"NETCASH_FINANCE":-2221351554.96,"END_CASH":41828649950.88,"DIVI_RATIO":0.136876131795,"DIVIDEND_RATE":2.435064935065,"CURRENT_RATIO":null,"COMMON_ACS":null,"CURRENTDEBT_DEBT":null,"ISSUED_COMMON_SHARES":3594018538,"HK_COMMON_SHARES":3594018538,"PER_SHARES":200,"TOTAL_MARKET_CAP":44278308388.16,"HKSK_MARKET_CAP":44278308388.16,"PE_TTM":6.329017780983,"PB_TTM":0.562956931452,"REPORT_DATE_SQ":"2020-06-30 00:00:00","REPORT_TYPE_SQ":"2020年中报","OPERATE_INCOME_SQ":138159434144.16,"DPS_HKD":0.3,"OPERATE_INCOME_QOQ_SQ":3.789630692569,"NET_PROFIT_RATIO_SQ":3.3577308629,"HOLDER_PROFIT_SQ":2627512900.32,"HOLDER_PROFIT_QOQ_SQ":-40.957220374687,"ROE_AVG_SQ":3.716548082011,"PE_TTM_SQ":6.486637455639,"PB_TTM_SQ":0.291359784105,"ROA_SQ":0.299994041112,"START_DATE":"2021-01-01 00:00:00","FISCAL_YEAR":"12-31","CURRENCY":"HKD","IS_CNY_CODE":0,"DPS_HKD_LY":0.4,"ORG_TYPE":"保险","PREMIUM_INCOME":130612633539.6,"PREMIUM_INCOME_YOY":14.515472006752,"NET_INTEREST_INCOME":null,"NET_INTEREST_INCOME_YOY":null,"FEE_COMMISSION_INCOME":null,"FEE_COMMISSION_INCOME_YOY":null,"ACCOUNTS_RECE_TDAYS":null,"INVENTORY_TDAYS":null,"CURRENT_ASSETS_TDAYS":null,"TOTAL_ASSETS_TDAYS":0.14783916599,"PREMIUM_EXPENSE":378.332803690891,"LOAN_DEPOSIT":null,"LOAN_EQUITY":null,"LOAN_ASSETS":null,"DEPOSIT_EQUITY":null,"DEPOSIT_ASSETS":null,"EQUITY_MULTIPLIER":11.054036088087,"EQUITY_RATIO":12.863147693468},{"SECUCODE":"00966.HK","SECURITY_CODE":"00966","SECURITY_NAME_ABBR":"中国太平","ORG_CODE":"10009180","STD_REPORT_DATE":"2020-12-31 00:00:00","REPORT_DATE":"2020-12-31 00:00:00","DATE_TYPE_CODE":"001","REPORT_TYPE":"2020年年报","PER_NETCASH_OPERATE":26.743201616352,"PER_OI":63.254574220964,"BPS":21.227637168431,"BASIC_EPS":1.53346808,"DILUTED_EPS":1.53346808,"OPERATE_INCOME":227338112363.44,"OPERATE_INCOME_YOY":10.4632289011,"GROSS_PROFIT":null,"GROSS_PROFIT_YOY":null,"HOLDER_PROFIT":5511883527.2,"HOLDER_PROFIT_YOY":-27.3023921127,"GROSS_PROFIT_RATIO":null,"EPS_TTM":1.533626905071,"OPERATE_INCOME_QOQ":-0.002585070763,"NET_PROFIT_RATIO":3.871295153,"ROE_AVG":7.845201165995,"GROSS_PROFIT_QOQ":null,"ROA":0.627168333819,"HOLDER_PROFIT_QOQ":15.685341113759,"ROE_YEARLY":7.845201165995,"ROIC_YEARLY":0.659651072264,"TOTAL_ASSETS":983883864504.24,"TOTAL_LIABILITIES":885737649527.48,"TAX_EBT":21.168250519099,"OCF_SALES":42.278684104222,"TOTAL_PARENT_EQUITY":76292521501.28,"DEBT_ASSET_RATIO":90.0246138271,"OPERATE_PROFIT":14330067313.68,"PRETAX_PROFIT":11164193846.76,"NETCASH_OPERATE":96115562374.64,"NETCASH_INVEST":-93299356662.12,"NETCASH_FINANCE":-795896866,"END_CASH":26348710079.6,"DIVI_RATIO":0.177269972965,"DIVIDEND_RATE":2.435064935065,"CURRENT_RATIO":null,"COMMON_ACS":null,"CURRENTDEBT_DEBT":null,"ISSUED_COMMON_SHARES":3594018538,"HK_COMMON_SHARES":3594018538,"PER_SHARES":200,"TOTAL_MARKET_CAP":44278308388.16,"HKSK_MARKET_CAP":44278308388.16,"PE_TTM":6.329017780983,"PB_TTM":0.562956931452,"REPORT_DATE_SQ":"2019-12-31 00:00:00","REPORT_TYPE_SQ":"2019年年报","OPERATE_INCOME_SQ":219043066103.44,"DPS_HKD":0.3,"OPERATE_INCOME_QOQ_SQ":9.154961549921,"NET_PROFIT_RATIO_SQ":5.1294276836,"HOLDER_PROFIT_SQ":8069653837.16,"HOLDER_PROFIT_QOQ_SQ":6.569409598808,"ROE_AVG_SQ":12.684708158752,"PE_TTM_SQ":6.486637455639,"PB_TTM_SQ":0.291359784105,"ROA_SQ":1.077882867235,"START_DATE":"2020-01-01 00:00:00","FISCAL_YEAR":"12-31","CURRENCY":"HKD","IS_CNY_CODE":0,"DPS_HKD_LY":0.3,"ORG_TYPE":"保险","PREMIUM_INCOME":196552003512.48,"PREMIUM_INCOME_YOY":4.71530790613,"NET_INTEREST_INCOME":null,"NET_INTEREST_INCOME_YOY":null,"FEE_COMMISSION_INCOME":null,"FEE_COMMISSION_INCOME_YOY":null,"ACCOUNTS_RECE_TDAYS":null,"INVENTORY_TDAYS":null,"CURRENT_ASSETS_TDAYS":null,"TOTAL_ASSETS_TDAYS":0.258676121222,"PREMIUM_EXPENSE":357.77538227128,"LOAN_DEPOSIT":null,"LOAN_EQUITY":null,"LOAN_ASSETS":null,"DEPOSIT_EQUITY":null,"DEPOSIT_ASSETS":null,"EQUITY_MULTIPLIER":10.024674560637,"EQUITY_RATIO":11.609757183247},{"SECUCODE":"00966.HK","SECURITY_CODE":"00966","SECURITY_NAME_ABBR":"中国太平","ORG_CODE":"10009180","STD_REPORT_DATE":"2020-06-30 00:00:00","REPORT_DATE":"2020-06-30 00:00:00","DATE_TYPE_CODE":"002","REPORT_TYPE":"2020年中报","PER_NETCASH_OPERATE":19.237814862312,"PER_OI":38.441491796267,"BPS":19.947844327163,"BASIC_EPS":0.730752,"DILUTED_EPS":0.730752,"OPERATE_INCOME":138159434144.16,"OPERATE_INCOME_YOY":2.4577810179,"GROSS_PROFIT":null,"GROSS_PROFIT_YOY":null,"HOLDER_PROFIT":2627512900.32,"HOLDER_PROFIT_YOY":-57.3486058725,"GROSS_PROFIT_RATIO":null,"EPS_TTM":1.325688190315,"OPERATE_INCOME_QOQ":3.789630692569,"NET_PROFIT_RATIO":3.3577308629,"ROE_AVG":3.716548082011,"GROSS_PROFIT_QOQ":null,"ROA":0.299994041112,"HOLDER_PROFIT_QOQ":-40.957220374687,"ROE_YEARLY":7.433096164021,"ROIC_YEARLY":0.6313875736,"TOTAL_ASSETS":911874892721.76,"TOTAL_LIABILITIES":823021932205.44,"TAX_EBT":25.791520121337,"OCF_SALES":50.04440245001,"TOTAL_PARENT_EQUITY":71692922304.96,"DEBT_ASSET_RATIO":90.25601415,"OPERATE_PROFIT":8665550430.24,"PRETAX_PROFIT":6251336731.2,"NETCASH_OPERATE":69141063245.76,"NETCASH_INVEST":-64235682181.44,"NETCASH_FINANCE":-1573636067.52,"END_CASH":28331397536.64,"DIVI_RATIO":0.205075372917,"DIVIDEND_RATE":2.435064935065,"CURRENT_RATIO":null,"COMMON_ACS":null,"CURRENTDEBT_DEBT":null,"ISSUED_COMMON_SHARES":3594018538,"HK_COMMON_SHARES":3594018538,"PER_SHARES":200,"TOTAL_MARKET_CAP":44278308388.16,"HKSK_MARKET_CAP":44278308388.16,"PE_TTM":6.329017780983,"PB_TTM":0.562956931452,"REPORT_DATE_SQ":"2019-06-30 00:00:00","REPORT_TYPE_SQ":"2019年中报","OPERATE_INCOME_SQ":129858510881.16,"DPS_HKD":0.3,"OPERATE_INCOME_QOQ_SQ":7.190548413618,"NET_PROFIT_RATIO_SQ":6.1526209583,"HOLDER_PROFIT_SQ":5932618805.88,"HOLDER_PROFIT_QOQ_SQ":25.546736079723,"ROE_AVG_SQ":9.48945471295,"PE_TTM_SQ":6.486637455639,"PB_TTM_SQ":0.291359784105,"ROA_SQ":0.850995056614,"START_DATE":"2020-01-01 00:00:00","FISCAL_YEAR":"12-31","CURRENCY":"HKD","IS_CNY_CODE":0,"DPS_HKD_LY":0.3,"ORG_TYPE":"保险","PREMIUM_INCOME":125209119361.92,"PREMIUM_INCOME_YOY":-1.330852536939,"NET_INTEREST_INCOME":null,"NET_INTEREST_INCOME_YOY":null,"FEE_COMMISSION_INCOME":null,"FEE_COMMISSION_INCOME_YOY":null,"ACCOUNTS_RECE_TDAYS":null,"INVENTORY_TDAYS":null,"CURRENT_ASSETS_TDAYS":null,"TOTAL_ASSETS_TDAYS":0.157742353849,"PREMIUM_EXPENSE":410.976789184226,"LOAN_DEPOSIT":null,"LOAN_EQUITY":null,"LOAN_ASSETS":null,"DEPOSIT_EQUITY":null,"DEPOSIT_ASSETS":null,"EQUITY_MULTIPLIER":10.26274068327,"EQUITY_RATIO":11.4798212396}],"count":49},"success":true,"message":"ok","code":0}