{"version":"bcfbd2517884c8558aeb85175cc15e51","result":{"pages":3,"data":[{"SECUCODE":"00968.HK","SECURITY_CODE":"00968","SECURITY_NAME_ABBR":"信义光能","ORG_CODE":"10354305","STD_REPORT_DATE":"2024-06-30 00:00:00","REPORT_DATE":"2024-06-30 00:00:00","DATE_TYPE_CODE":"002","REPORT_TYPE":"2024年中报","PER_NETCASH_OPERATE":0.128535995384,"PER_OI":1.299567306774,"BPS":3.199692668095,"BASIC_EPS":0.201063404,"DILUTED_EPS":0.201063404,"OPERATE_INCOME":11579004139.56,"OPERATE_INCOME_YOY":4.4877248007,"GROSS_PROFIT":3108568913.72,"GROSS_PROFIT_YOY":26.168524734075,"HOLDER_PROFIT":1791117159.08,"HOLDER_PROFIT_YOY":41.0325768644,"GROSS_PROFIT_RATIO":26.846599899723,"EPS_TTM":0.482905067697,"OPERATE_INCOME_QOQ":1.592920727891,"NET_PROFIT_RATIO":16.9863410184,"ROE_AVG":6.151786560374,"GROSS_PROFIT_QOQ":10.035230119246,"ROA":3.193674117365,"HOLDER_PROFIT_QOQ":13.392523002369,"ROE_YEARLY":12.303573120749,"ROIC_YEARLY":7.371003859598,"TOTAL_ASSETS":57010572628.24,"TOTAL_LIABILITIES":22790865408.2,"TAX_EBT":19.030618455837,"OCF_SALES":9.890676282317,"TOTAL_PARENT_EQUITY":29048241471.48,"DEBT_ASSET_RATIO":39.97655936,"OPERATE_PROFIT":2616336860.04,"PRETAX_PROFIT":2429127025.76,"NETCASH_OPERATE":1145241816.16,"NETCASH_INVEST":-2736243845.76,"NETCASH_FINANCE":923554582.2,"END_CASH":1851427053.48,"DIVI_RATIO":0.470487918223,"DIVIDEND_RATE":7.082152974504,"CURRENT_RATIO":1.161360447343,"COMMON_ACS":80000000000,"CURRENTDEBT_DEBT":70.370069878038,"ISSUED_COMMON_SHARES":9078447365,"HK_COMMON_SHARES":9078447365,"PER_SHARES":2000,"TOTAL_MARKET_CAP":32046919198.45,"HKSK_MARKET_CAP":32046919198.45,"PE_TTM":6.735235899558,"PB_TTM":1.0068968286,"REPORT_DATE_SQ":"2023-06-30 00:00:00","REPORT_TYPE_SQ":"2023年中报","OPERATE_INCOME_SQ":11194608323.58,"DPS_HKD":0.25,"OPERATE_INCOME_QOQ_SQ":15.810095246139,"NET_PROFIT_RATIO_SQ":13.8665207919,"HOLDER_PROFIT_SQ":1282943467.82,"HOLDER_PROFIT_QOQ_SQ":-10.13602957051,"ROE_AVG_SQ":4.73490367902,"PE_TTM_SQ":10.445859257197,"PB_TTM_SQ":1.190034589811,"ROA_SQ":2.685844158351,"START_DATE":"2024-01-01 00:00:00","FISCAL_YEAR":"12-31","CURRENCY":"HKD","IS_CNY_CODE":0,"DPS_HKD_LY":0.25,"ORG_TYPE":"一般企业","PREMIUM_INCOME":null,"PREMIUM_INCOME_YOY":null,"NET_INTEREST_INCOME":null,"NET_INTEREST_INCOME_YOY":null,"FEE_COMMISSION_INCOME":null,"FEE_COMMISSION_INCOME_YOY":null,"ACCOUNTS_RECE_TDAYS":1.025961851088,"INVENTORY_TDAYS":3.412924143026,"CURRENT_ASSETS_TDAYS":0.630722317226,"TOTAL_ASSETS_TDAYS":0.206460898651,"PREMIUM_EXPENSE":null,"LOAN_DEPOSIT":null,"LOAN_EQUITY":null,"LOAN_ASSETS":null,"DEPOSIT_EQUITY":null,"DEPOSIT_ASSETS":null,"EQUITY_MULTIPLIER":1.66601579206,"EQUITY_RATIO":0.784586751338},{"SECUCODE":"00968.HK","SECURITY_CODE":"00968","SECURITY_NAME_ABBR":"信义光能","ORG_CODE":"10354305","STD_REPORT_DATE":"2023-12-31 00:00:00","REPORT_DATE":"2023-12-31 00:00:00","DATE_TYPE_CODE":"001","REPORT_TYPE":"2023年年报","PER_NETCASH_OPERATE":0.589330335334,"PER_OI":2.710415542476,"BPS":3.191735127331,"BASIC_EPS":0.426285888,"DILUTED_EPS":0.426195266,"OPERATE_INCOME":24131509449.88,"OPERATE_INCOME_YOY":29.6178974721,"GROSS_PROFIT":6424826121.56,"GROSS_PROFIT_YOY":16.789279446617,"HOLDER_PROFIT":3794458229.94,"HOLDER_PROFIT_YOY":9.6065226861,"GROSS_PROFIT_RATIO":26.624219818922,"EPS_TTM":0.426187950781,"OPERATE_INCOME_QOQ":13.545374673499,"NET_PROFIT_RATIO":17.6521439944,"ROE_AVG":13.567480135075,"GROSS_PROFIT_QOQ":18.625066878175,"ROA":7.543825739776,"HOLDER_PROFIT_QOQ":23.737600739052,"ROE_YEARLY":13.567480135075,"ROIC_YEARLY":9.152838665061,"TOTAL_ASSETS":54765587822.68,"TOTAL_LIABILITIES":20457542231.14,"TAX_EBT":15.631307846418,"OCF_SALES":21.743172812367,"TOTAL_PARENT_EQUITY":28975999356.5,"DEBT_ASSET_RATIO":37.3547387045,"OPERATE_PROFIT":5340148748.06,"PRETAX_PROFIT":5048944919.48,"NETCASH_OPERATE":5246955801.92,"NETCASH_INVEST":-9425138391.34,"NETCASH_FINANCE":1987474580.56,"END_CASH":2557374589.28,"DIVI_RATIO":0.533100477344,"DIVIDEND_RATE":7.418397626113,"CURRENT_RATIO":1.150908149651,"COMMON_ACS":80000000000,"CURRENTDEBT_DEBT":76.291991521262,"ISSUED_COMMON_SHARES":9078447365,"HK_COMMON_SHARES":9078447365,"PER_SHARES":2000,"TOTAL_MARKET_CAP":30594367620.05,"HKSK_MARKET_CAP":30594367620.05,"PE_TTM":6.429956085414,"PB_TTM":0.961258445434,"REPORT_DATE_SQ":"2022-12-31 00:00:00","REPORT_TYPE_SQ":"2022年年报","OPERATE_INCOME_SQ":18351375504.07,"DPS_HKD":0.25,"OPERATE_INCOME_QOQ_SQ":24.765207802157,"NET_PROFIT_RATIO_SQ":21.1534137807,"HOLDER_PROFIT_SQ":3412420030.88,"HOLDER_PROFIT_QOQ_SQ":10.132418190469,"ROE_AVG_SQ":12.72098739779,"PE_TTM_SQ":10.957383292988,"PB_TTM_SQ":1.248309479518,"ROA_SQ":7.667476026568,"START_DATE":"2023-01-01 00:00:00","FISCAL_YEAR":"12-31","CURRENCY":"HKD","IS_CNY_CODE":0,"DPS_HKD_LY":0.175,"ORG_TYPE":"一般企业","PREMIUM_INCOME":null,"PREMIUM_INCOME_YOY":null,"NET_INTEREST_INCOME":null,"NET_INTEREST_INCOME_YOY":null,"FEE_COMMISSION_INCOME":null,"FEE_COMMISSION_INCOME_YOY":null,"ACCOUNTS_RECE_TDAYS":2.369394391649,"INVENTORY_TDAYS":9.469019206464,"CURRENT_ASSETS_TDAYS":1.368042059372,"TOTAL_ASSETS_TDAYS":0.479762567133,"PREMIUM_EXPENSE":null,"LOAN_DEPOSIT":null,"LOAN_EQUITY":null,"LOAN_ASSETS":null,"DEPOSIT_EQUITY":null,"DEPOSIT_ASSETS":null,"EQUITY_MULTIPLIER":1.5962899337,"EQUITY_RATIO":0.706016796158},{"SECUCODE":"00968.HK","SECURITY_CODE":"00968","SECURITY_NAME_ABBR":"信义光能","ORG_CODE":"10354305","STD_REPORT_DATE":"2023-06-30 00:00:00","REPORT_DATE":"2023-06-30 00:00:00","DATE_TYPE_CODE":"002","REPORT_TYPE":"2023年中报","PER_NETCASH_OPERATE":0.226682778826,"PER_OI":1.257383359129,"BPS":2.948021661096,"BASIC_EPS":0.144105474,"DILUTED_EPS":0.144105474,"OPERATE_INCOME":11194608323.58,"OPERATE_INCOME_YOY":25.2062095342,"GROSS_PROFIT":2463822827.66,"GROSS_PROFIT_YOY":-3.339964101373,"HOLDER_PROFIT":1282943467.82,"HOLDER_PROFIT_YOY":-26.9410250137,"GROSS_PROFIT_RATIO":22.009013236044,"EPS_TTM":0.3444346944,"OPERATE_INCOME_QOQ":15.810095246139,"NET_PROFIT_RATIO":13.8665207919,"ROE_AVG":4.73490367902,"GROSS_PROFIT_QOQ":-1.547554391218,"ROA":2.685844158351,"HOLDER_PROFIT_QOQ":-10.13602957051,"ROE_YEARLY":9.46980735804,"ROIC_YEARLY":6.700427808594,"TOTAL_ASSETS":48904531665.16,"TOTAL_LIABILITIES":16805076054.82,"TAX_EBT":16.574363070501,"OCF_SALES":18.028135745571,"TOTAL_PARENT_EQUITY":26763459481.14,"DEBT_ASSET_RATIO":34.3630242078,"OPERATE_PROFIT":1989001283.7,"PRETAX_PROFIT":1860702234.82,"NETCASH_OPERATE":2018179184.76,"NETCASH_INVEST":-4243343801.5,"NETCASH_FINANCE":1121148885.54,"END_CASH":3643592123.58,"DIVI_RATIO":0.659634478448,"DIVIDEND_RATE":7.418397626113,"CURRENT_RATIO":1.355309913639,"COMMON_ACS":80000000000,"CURRENTDEBT_DEBT":78.04807649947,"ISSUED_COMMON_SHARES":9078447365,"HK_COMMON_SHARES":9078447365,"PER_SHARES":2000,"TOTAL_MARKET_CAP":30594367620.05,"HKSK_MARKET_CAP":30594367620.05,"PE_TTM":6.429956085414,"PB_TTM":0.961258445434,"REPORT_DATE_SQ":"2022-06-30 00:00:00","REPORT_TYPE_SQ":"2022年中报","OPERATE_INCOME_SQ":8293238377.41,"DPS_HKD":0.25,"OPERATE_INCOME_QOQ_SQ":11.985770267254,"NET_PROFIT_RATIO_SQ":23.0683372348,"HOLDER_PROFIT_SQ":1628827371.22,"HOLDER_PROFIT_QOQ_SQ":-23.041290556272,"ROE_AVG_SQ":6.304956546703,"PE_TTM_SQ":10.957383292988,"PB_TTM_SQ":1.248309479518,"ROA_SQ":3.865727371434,"START_DATE":"2023-01-01 00:00:00","FISCAL_YEAR":"12-31","CURRENCY":"HKD","IS_CNY_CODE":0,"DPS_HKD_LY":0.175,"ORG_TYPE":"一般企业","PREMIUM_INCOME":null,"PREMIUM_INCOME_YOY":null,"NET_INTEREST_INCOME":null,"NET_INTEREST_INCOME_YOY":null,"FEE_COMMISSION_INCOME":null,"FEE_COMMISSION_INCOME_YOY":null,"ACCOUNTS_RECE_TDAYS":1.104635359242,"INVENTORY_TDAYS":4.653081099913,"CURRENT_ASSETS_TDAYS":0.632578461183,"TOTAL_ASSETS_TDAYS":0.234359300508,"PREMIUM_EXPENSE":null,"LOAN_DEPOSIT":null,"LOAN_EQUITY":null,"LOAN_ASSETS":null,"DEPOSIT_EQUITY":null,"DEPOSIT_ASSETS":null,"EQUITY_MULTIPLIER":1.523531497194,"EQUITY_RATIO":0.627911203582},{"SECUCODE":"00968.HK","SECURITY_CODE":"00968","SECURITY_NAME_ABBR":"信义光能","ORG_CODE":"10354305","STD_REPORT_DATE":"2022-12-31 00:00:00","REPORT_DATE":"2022-12-31 00:00:00","DATE_TYPE_CODE":"001","REPORT_TYPE":"2022年年报","PER_NETCASH_OPERATE":0.591620856621,"PER_OI":2.06282371056,"BPS":2.927082453514,"BASIC_EPS":0.383659465,"DILUTED_EPS":0.382944849,"OPERATE_INCOME":18351375504.07,"OPERATE_INCOME_YOY":27.8834870715,"GROSS_PROFIT":5501212227.7,"GROSS_PROFIT_YOY":-4.460136205203,"HOLDER_PROFIT":3412420030.88,"HOLDER_PROFIT_YOY":-22.4233385665,"GROSS_PROFIT_RATIO":29.97711112434,"EPS_TTM":0.383580018213,"OPERATE_INCOME_QOQ":24.765207802157,"NET_PROFIT_RATIO":21.1534137807,"ROE_AVG":12.72098739779,"GROSS_PROFIT_QOQ":4.246034023435,"ROA":7.667476026568,"HOLDER_PROFIT_QOQ":10.132418190469,"ROE_YEARLY":12.72098739779,"ROIC_YEARLY":10.080449642881,"TOTAL_ASSETS":45177182059.66,"TOTAL_LIABILITIES":13706049926.87,"TAX_EBT":16.120740138252,"OCF_SALES":28.680146228291,"TOTAL_PARENT_EQUITY":26573363987.24,"DEBT_ASSET_RATIO":30.3384348071,"OPERATE_PROFIT":4750135626.11,"PRETAX_PROFIT":4628012218.06,"NETCASH_OPERATE":5263201329.47,"NETCASH_INVEST":-5765520101.46,"NETCASH_FINANCE":-960133046.04,"END_CASH":4757300544.78,"DIVI_RATIO":0.592317089556,"DIVIDEND_RATE":7.418397626113,"CURRENT_RATIO":1.800891223631,"COMMON_ACS":80000000000,"CURRENTDEBT_DEBT":69.151307303639,"ISSUED_COMMON_SHARES":9078447365,"HK_COMMON_SHARES":9078447365,"PER_SHARES":2000,"TOTAL_MARKET_CAP":30594367620.05,"HKSK_MARKET_CAP":30594367620.05,"PE_TTM":6.429956085414,"PB_TTM":0.961258445434,"REPORT_DATE_SQ":"2021-12-31 00:00:00","REPORT_TYPE_SQ":"2021年年报","OPERATE_INCOME_SQ":13134461928,"DPS_HKD":0.25,"OPERATE_INCOME_QOQ_SQ":2.120666092664,"NET_PROFIT_RATIO_SQ":34.7415552964,"HOLDER_PROFIT_SQ":4026146107.2,"HOLDER_PROFIT_QOQ_SQ":-21.216252657613,"ROE_AVG_SQ":17.328910924959,"PE_TTM_SQ":10.957383292988,"PB_TTM_SQ":1.248309479518,"ROA_SQ":10.647957134224,"START_DATE":"2022-01-01 00:00:00","FISCAL_YEAR":"12-31","CURRENCY":"HKD","IS_CNY_CODE":0,"DPS_HKD_LY":0.2,"ORG_TYPE":"一般企业","PREMIUM_INCOME":null,"PREMIUM_INCOME_YOY":null,"NET_INTEREST_INCOME":null,"NET_INTEREST_INCOME_YOY":null,"FEE_COMMISSION_INCOME":null,"FEE_COMMISSION_INCOME_YOY":null,"ACCOUNTS_RECE_TDAYS":2.054767382873,"INVENTORY_TDAYS":7.061147476328,"CURRENT_ASSETS_TDAYS":1.028933822794,"TOTAL_ASSETS_TDAYS":0.412342942717,"PREMIUM_EXPENSE":null,"LOAN_DEPOSIT":null,"LOAN_EQUITY":null,"LOAN_ASSETS":null,"DEPOSIT_EQUITY":null,"DEPOSIT_ASSETS":null,"EQUITY_MULTIPLIER":1.435511816639,"EQUITY_RATIO":0.515781514657},{"SECUCODE":"00968.HK","SECURITY_CODE":"00968","SECURITY_NAME_ABBR":"信义光能","ORG_CODE":"10354305","STD_REPORT_DATE":"2022-06-30 00:00:00","REPORT_DATE":"2022-06-30 00:00:00","DATE_TYPE_CODE":"002","REPORT_TYPE":"2022年中报","PER_NETCASH_OPERATE":0.281593223428,"PER_OI":0.932292847597,"BPS":2.835899580675,"BASIC_EPS":0.183181698,"DILUTED_EPS":0.18301066,"OPERATE_INCOME":8293238377.41,"OPERATE_INCOME_YOY":20.0946858733,"GROSS_PROFIT":2548957079.06,"GROSS_PROFIT_YOY":-31.462908311734,"HOLDER_PROFIT":1628827371.22,"HOLDER_PROFIT_YOY":-38.0086413826,"GROSS_PROFIT_RATIO":34.059115410621,"EPS_TTM":0.348317673596,"OPERATE_INCOME_QOQ":11.985770267254,"NET_PROFIT_RATIO":23.0683372348,"ROE_AVG":6.304956546703,"GROSS_PROFIT_QOQ":-14.493539985736,"ROA":3.865727371434,"HOLDER_PROFIT_QOQ":-23.041290556272,"ROE_YEARLY":12.609913093407,"ROIC_YEARLY":10.464883964068,"TOTAL_ASSETS":42305687440.17,"TOTAL_LIABILITIES":11692585275,"TAX_EBT":15.813972392101,"OCF_SALES":30.204374532549,"TOTAL_PARENT_EQUITY":25745565075.58,"DEBT_ASSET_RATIO":27.6383294599,"OPERATE_PROFIT":2272830766.29,"PRETAX_PROFIT":2272481848.77,"NETCASH_OPERATE":2504920780.39,"NETCASH_INVEST":-2462725705.79,"NETCASH_FINANCE":-215513866.33,"END_CASH":5989081146.23,"DIVI_RATIO":0.652280998705,"DIVIDEND_RATE":7.418397626113,"CURRENT_RATIO":2.015339161076,"COMMON_ACS":80000000000,"CURRENTDEBT_DEBT":72.854086670324,"ISSUED_COMMON_SHARES":9078447365,"HK_COMMON_SHARES":9078447365,"PER_SHARES":2000,"TOTAL_MARKET_CAP":30594367620.05,"HKSK_MARKET_CAP":30594367620.05,"PE_TTM":6.429956085414,"PB_TTM":0.961258445434,"REPORT_DATE_SQ":"2021-06-30 00:00:00","REPORT_TYPE_SQ":"2021年中报","OPERATE_INCOME_SQ":6718971944.88,"DPS_HKD":0.25,"OPERATE_INCOME_QOQ_SQ":24.081955476543,"NET_PROFIT_RATIO_SQ":42.1719818336,"HOLDER_PROFIT_SQ":2556503394,"HOLDER_PROFIT_QOQ_SQ":33.13138636776,"ROE_AVG_SQ":11.194952532698,"PE_TTM_SQ":10.957383292988,"PB_TTM_SQ":1.248309479518,"ROA_SQ":6.742107775218,"START_DATE":"2022-01-01 00:00:00","FISCAL_YEAR":"12-31","CURRENCY":"HKD","IS_CNY_CODE":0,"DPS_HKD_LY":0.2,"ORG_TYPE":"一般企业","PREMIUM_INCOME":null,"PREMIUM_INCOME_YOY":null,"NET_INTEREST_INCOME":null,"NET_INTEREST_INCOME_YOY":null,"FEE_COMMISSION_INCOME":null,"FEE_COMMISSION_INCOME_YOY":null,"ACCOUNTS_RECE_TDAYS":0.978333197307,"INVENTORY_TDAYS":3.610678266653,"CURRENT_ASSETS_TDAYS":0.474215135541,"TOTAL_ASSETS_TDAYS":0.196825023694,"PREMIUM_EXPENSE":null,"LOAN_DEPOSIT":null,"LOAN_EQUITY":null,"LOAN_ASSETS":null,"DEPOSIT_EQUITY":null,"DEPOSIT_ASSETS":null,"EQUITY_MULTIPLIER":1.381947089579,"EQUITY_RATIO":0.454159201427},{"SECUCODE":"00968.HK","SECURITY_CODE":"00968","SECURITY_NAME_ABBR":"信义光能","ORG_CODE":"10354305","STD_REPORT_DATE":"2021-12-31 00:00:00","REPORT_DATE":"2021-12-31 00:00:00","DATE_TYPE_CODE":"001","REPORT_TYPE":"2021年年报","PER_NETCASH_OPERATE":0.333707848922,"PER_OI":1.477315437232,"BPS":2.729889601646,"BASIC_EPS":0.4549944,"DILUTED_EPS":0.45425856,"OPERATE_INCOME":13134461928,"OPERATE_INCOME_YOY":30.4390877788,"GROSS_PROFIT":5758028124.8,"GROSS_PROFIT_YOY":3.916514450196,"HOLDER_PROFIT":4026146107.2,"HOLDER_PROFIT_YOY":7.9698687943,"GROSS_PROFIT_RATIO":46.988074129199,"EPS_TTM":0.452845942934,"OPERATE_INCOME_QOQ":2.120666092664,"NET_PROFIT_RATIO":34.7415552964,"ROE_AVG":17.328910924959,"GROSS_PROFIT_QOQ":-15.001474113991,"ROA":10.647957134224,"HOLDER_PROFIT_QOQ":-21.216252657613,"ROE_YEARLY":17.328910924959,"ROIC_YEARLY":15.232397323005,"TOTAL_ASSETS":40119920612.8,"TOTAL_LIABILITIES":10770189203.2,"TAX_EBT":15.02986836362,"OCF_SALES":22.588801315683,"TOTAL_PARENT_EQUITY":24783159060.8,"DEBT_ASSET_RATIO":26.8449913128,"OPERATE_PROFIT":5326178345.6,"PRETAX_PROFIT":5370259249.6,"NETCASH_OPERATE":2966917508.8,"NETCASH_INVEST":-3890018160,"NETCASH_FINANCE":-658837614.4,"END_CASH":6097879099.2,"DIVI_RATIO":0.50171808657,"DIVIDEND_RATE":7.418397626113,"CURRENT_RATIO":2.698878293751,"COMMON_ACS":80000000000,"CURRENTDEBT_DEBT":58.574757692517,"ISSUED_COMMON_SHARES":9078447365,"HK_COMMON_SHARES":9078447365,"PER_SHARES":2000,"TOTAL_MARKET_CAP":30594367620.05,"HKSK_MARKET_CAP":30594367620.05,"PE_TTM":6.429956085414,"PB_TTM":0.961258445434,"REPORT_DATE_SQ":"2020-12-31 00:00:00","REPORT_TYPE_SQ":"2020年年报","OPERATE_INCOME_SQ":10365494319.56,"DPS_HKD":0.25,"OPERATE_INCOME_QOQ_SQ":17.060330743977,"NET_PROFIT_RATIO_SQ":40.7859349135,"HOLDER_PROFIT_SQ":3838596318.92,"HOLDER_PROFIT_QOQ_SQ":47.000823168957,"ROE_AVG_SQ":22.412796374681,"PE_TTM_SQ":10.957383292988,"PB_TTM_SQ":1.248309479518,"ROA_SQ":12.700715753373,"START_DATE":"2021-01-01 00:00:00","FISCAL_YEAR":"12-31","CURRENCY":"HKD","IS_CNY_CODE":0,"DPS_HKD_LY":0.34,"ORG_TYPE":"一般企业","PREMIUM_INCOME":null,"PREMIUM_INCOME_YOY":null,"NET_INTEREST_INCOME":null,"NET_INTEREST_INCOME_YOY":null,"FEE_COMMISSION_INCOME":null,"FEE_COMMISSION_INCOME_YOY":null,"ACCOUNTS_RECE_TDAYS":1.824853574081,"INVENTORY_TDAYS":6.140898725301,"CURRENT_ASSETS_TDAYS":0.789367102428,"TOTAL_ASSETS_TDAYS":0.347367392704,"PREMIUM_EXPENSE":null,"LOAN_DEPOSIT":null,"LOAN_EQUITY":null,"LOAN_ASSETS":null,"DEPOSIT_EQUITY":null,"DEPOSIT_ASSETS":null,"EQUITY_MULTIPLIER":1.36696040086,"EQUITY_RATIO":0.434576930922},{"SECUCODE":"00968.HK","SECURITY_CODE":"00968","SECURITY_NAME_ABBR":"信义光能","ORG_CODE":"10354305","STD_REPORT_DATE":"2021-06-30 00:00:00","REPORT_DATE":"2021-06-30 00:00:00","DATE_TYPE_CODE":"002","REPORT_TYPE":"2021年中报","PER_NETCASH_OPERATE":0.307858362342,"PER_OI":0.762468799999,"BPS":2.600022237287,"BASIC_EPS":0.290146296,"DILUTED_EPS":0.289647048,"OPERATE_INCOME":6718971944.88,"OPERATE_INCOME_YOY":74.6713006807,"GROSS_PROFIT":3719091394.56,"GROSS_PROFIT_YOY":86.025539066436,"HOLDER_PROFIT":2556503394,"HOLDER_PROFIT_YOY":118.449846317,"GROSS_PROFIT_RATIO":55.352089948731,"EPS_TTM":0.579925421143,"OPERATE_INCOME_QOQ":24.081955476543,"NET_PROFIT_RATIO":42.1719818336,"ROE_AVG":11.194952532698,"GROSS_PROFIT_QOQ":31.038624827106,"ROA":6.742107775218,"HOLDER_PROFIT_QOQ":33.13138636776,"ROE_YEARLY":22.389905065396,"ROIC_YEARLY":20.248293302354,"TOTAL_ASSETS":39705185119.2,"TOTAL_LIABILITIES":11568731919.12,"TAX_EBT":15.257632623727,"OCF_SALES":40.376519320151,"TOTAL_PARENT_EQUITY":23604165029.04,"DEBT_ASSET_RATIO":29.1365772112,"OPERATE_PROFIT":3324712933.2,"PRETAX_PROFIT":3343691845.92,"NETCASH_OPERATE":2712887005.44,"NETCASH_INVEST":-2080320651.6,"NETCASH_FINANCE":105870530.88,"END_CASH":8491828219.44,"DIVI_RATIO":0.391776238317,"DIVIDEND_RATE":7.418397626113,"CURRENT_RATIO":2.329010792301,"COMMON_ACS":80000000000,"CURRENTDEBT_DEBT":66.032181074701,"ISSUED_COMMON_SHARES":9078447365,"HK_COMMON_SHARES":9078447365,"PER_SHARES":2000,"TOTAL_MARKET_CAP":30594367620.05,"HKSK_MARKET_CAP":30594367620.05,"PE_TTM":6.429956085414,"PB_TTM":0.961258445434,"REPORT_DATE_SQ":"2020-06-30 00:00:00","REPORT_TYPE_SQ":"2020年中报","OPERATE_INCOME_SQ":4222758217.92,"DPS_HKD":0.25,"OPERATE_INCOME_QOQ_SQ":8.673495241837,"NET_PROFIT_RATIO_SQ":34.8830543825,"HOLDER_PROFIT_SQ":1284723216.48,"HOLDER_PROFIT_QOQ_SQ":20.634448745785,"ROE_AVG_SQ":9.661598770733,"PE_TTM_SQ":10.957383292988,"PB_TTM_SQ":1.248309479518,"ROA_SQ":4.79127617758,"START_DATE":"2021-01-01 00:00:00","FISCAL_YEAR":"12-31","CURRENCY":"HKD","IS_CNY_CODE":0,"DPS_HKD_LY":0.34,"ORG_TYPE":"一般企业","PREMIUM_INCOME":null,"PREMIUM_INCOME_YOY":null,"NET_INTEREST_INCOME":null,"NET_INTEREST_INCOME_YOY":null,"FEE_COMMISSION_INCOME":null,"FEE_COMMISSION_INCOME_YOY":null,"ACCOUNTS_RECE_TDAYS":0.996528832766,"INVENTORY_TDAYS":3.75080264086,"CURRENT_ASSETS_TDAYS":0.391415795864,"TOTAL_ASSETS_TDAYS":0.177195278118,"PREMIUM_EXPENSE":null,"LOAN_DEPOSIT":null,"LOAN_EQUITY":null,"LOAN_ASSETS":null,"DEPOSIT_EQUITY":null,"DEPOSIT_ASSETS":null,"EQUITY_MULTIPLIER":1.411165253731,"EQUITY_RATIO":0.490114007629},{"SECUCODE":"00968.HK","SECURITY_CODE":"00968","SECURITY_NAME_ABBR":"信义光能","ORG_CODE":"10354305","STD_REPORT_DATE":"2020-12-31 00:00:00","REPORT_DATE":"2020-12-31 00:00:00","DATE_TYPE_CODE":"001","REPORT_TYPE":"2020年年报","PER_NETCASH_OPERATE":0.409342836375,"PER_OI":1.176659756911,"BPS":2.458769864977,"BASIC_EPS":0.46626856,"DILUTED_EPS":0.465595248,"OPERATE_INCOME":10365494319.56,"OPERATE_INCOME_YOY":35.3967925378,"GROSS_PROFIT":5541013529.24,"GROSS_PROFIT_YOY":58.13911202057,"HOLDER_PROFIT":3838596318.92,"HOLDER_PROFIT_YOY":88.7409361289,"GROSS_PROFIT_RATIO":53.4563365568,"EPS_TTM":0.435745915463,"OPERATE_INCOME_QOQ":17.060330743977,"NET_PROFIT_RATIO":40.7859349135,"ROE_AVG":22.412796374681,"GROSS_PROFIT_QOQ":34.480464414106,"ROA":12.700715753373,"HOLDER_PROFIT_QOQ":47.000823168957,"ROE_YEARLY":22.412796374681,"ROIC_YEARLY":18.095332465832,"TOTAL_ASSETS":36546861117.96,"TOTAL_LIABILITIES":9593745788.44,"TAX_EBT":12.768629586652,"OCF_SALES":34.788547323936,"TOTAL_PARENT_EQUITY":22321812801.84,"DEBT_ASSET_RATIO":26.2505328638,"OPERATE_PROFIT":4926285564.72,"PRETAX_PROFIT":4846494726.16,"NETCASH_OPERATE":3606004896.72,"NETCASH_INVEST":-2688879046.76,"NETCASH_FINANCE":4954723738.68,"END_CASH":7819840518.16,"DIVI_RATIO":0.5214070676,"DIVIDEND_RATE":7.418397626113,"CURRENT_RATIO":2.573127583656,"COMMON_ACS":80000000000,"CURRENTDEBT_DEBT":67.772018825373,"ISSUED_COMMON_SHARES":9078447365,"HK_COMMON_SHARES":9078447365,"PER_SHARES":2000,"TOTAL_MARKET_CAP":30594367620.05,"HKSK_MARKET_CAP":30594367620.05,"PE_TTM":6.429956085414,"PB_TTM":0.961258445434,"REPORT_DATE_SQ":"2019-12-31 00:00:00","REPORT_TYPE_SQ":"2019年年报","OPERATE_INCOME_SQ":8148105353.78,"DPS_HKD":0.25,"OPERATE_INCOME_QOQ_SQ":21.325116489852,"NET_PROFIT_RATIO_SQ":30.7669736737,"HOLDER_PROFIT_SQ":2164618330.36,"HOLDER_PROFIT_QOQ_SQ":49.586196446965,"ROE_AVG_SQ":19.637526916695,"PE_TTM_SQ":10.957383292988,"PB_TTM_SQ":1.248309479518,"ROA_SQ":9.242624525909,"START_DATE":"2020-01-01 00:00:00","FISCAL_YEAR":"12-31","CURRENCY":"HKD","IS_CNY_CODE":0,"DPS_HKD_LY":0.17,"ORG_TYPE":"一般企业","PREMIUM_INCOME":null,"PREMIUM_INCOME_YOY":null,"NET_INTEREST_INCOME":null,"NET_INTEREST_INCOME_YOY":null,"FEE_COMMISSION_INCOME":null,"FEE_COMMISSION_INCOME_YOY":null,"ACCOUNTS_RECE_TDAYS":1.814816184684,"INVENTORY_TDAYS":10.067535040399,"CURRENT_ASSETS_TDAYS":0.839375161163,"TOTAL_ASSETS_TDAYS":0.342961817441,"PREMIUM_EXPENSE":null,"LOAN_DEPOSIT":null,"LOAN_EQUITY":null,"LOAN_ASSETS":null,"DEPOSIT_EQUITY":null,"DEPOSIT_ASSETS":null,"EQUITY_MULTIPLIER":1.355942000439,"EQUITY_RATIO":0.429792413081},{"SECUCODE":"00968.HK","SECURITY_CODE":"00968","SECURITY_NAME_ABBR":"信义光能","ORG_CODE":"10354305","STD_REPORT_DATE":"2020-06-30 00:00:00","REPORT_DATE":"2020-06-30 00:00:00","DATE_TYPE_CODE":"002","REPORT_TYPE":"2020年中报","PER_NETCASH_OPERATE":0.140943231627,"PER_OI":0.517169151938,"BPS":1.502979982128,"BASIC_EPS":0.158847216,"DILUTED_EPS":0.158755872,"OPERATE_INCOME":4222758217.92,"OPERATE_INCOME_YOY":15.6586530619,"GROSS_PROFIT":1999236993.6,"GROSS_PROFIT_YOY":44.577700755424,"HOLDER_PROFIT":1284723216.48,"HOLDER_PROFIT_YOY":47.6270997863,"GROSS_PROFIT_RATIO":47.344339657333,"EPS_TTM":0.319807815029,"OPERATE_INCOME_QOQ":8.673495241837,"NET_PROFIT_RATIO":34.8830543825,"ROE_AVG":9.661598770733,"GROSS_PROFIT_QOQ":17.592627828538,"ROA":4.79127617758,"HOLDER_PROFIT_QOQ":20.634448745785,"ROE_YEARLY":19.323197541466,"ROIC_YEARLY":12.480848181606,"TOTAL_ASSETS":27688626250.56,"TOTAL_LIABILITIES":10184336252.64,"TAX_EBT":12.256450799375,"OCF_SALES":27.2528303552,"TOTAL_PARENT_EQUITY":13644724658.4,"DEBT_ASSET_RATIO":36.78165959,"OPERATE_PROFIT":1748040080.16,"PRETAX_PROFIT":1678786713.12,"NETCASH_OPERATE":1150821133.44,"NETCASH_INVEST":-1012734581.76,"NETCASH_FINANCE":409701589.44,"END_CASH":2549265803.04,"DIVI_RATIO":0.710429793529,"DIVIDEND_RATE":7.418397626113,"CURRENT_RATIO":1.769318524813,"COMMON_ACS":80000000000,"CURRENTDEBT_DEBT":55.686052499002,"ISSUED_COMMON_SHARES":9078447365,"HK_COMMON_SHARES":9078447365,"PER_SHARES":2000,"TOTAL_MARKET_CAP":30594367620.05,"HKSK_MARKET_CAP":30594367620.05,"PE_TTM":6.429956085414,"PB_TTM":0.961258445434,"REPORT_DATE_SQ":"2019-06-30 00:00:00","REPORT_TYPE_SQ":"2019年中报","OPERATE_INCOME_SQ":3516032687.76,"DPS_HKD":0.25,"OPERATE_INCOME_QOQ_SQ":-0.088631433938,"NET_PROFIT_RATIO_SQ":26.7342350682,"HOLDER_PROFIT_SQ":838066156.56,"HOLDER_PROFIT_QOQ_SQ":-11.357973724029,"ROE_AVG_SQ":7.995863739577,"PE_TTM_SQ":10.957383292988,"PB_TTM_SQ":1.248309479518,"ROA_SQ":3.543059179214,"START_DATE":"2020-01-01 00:00:00","FISCAL_YEAR":"12-31","CURRENCY":"HKD","IS_CNY_CODE":0,"DPS_HKD_LY":0.17,"ORG_TYPE":"一般企业","PREMIUM_INCOME":null,"PREMIUM_INCOME_YOY":null,"NET_INTEREST_INCOME":null,"NET_INTEREST_INCOME_YOY":null,"FEE_COMMISSION_INCOME":null,"FEE_COMMISSION_INCOME_YOY":null,"ACCOUNTS_RECE_TDAYS":0.788740146545,"INVENTORY_TDAYS":4.780677971761,"CURRENT_ASSETS_TDAYS":0.452067855973,"TOTAL_ASSETS_TDAYS":0.15748451179,"PREMIUM_EXPENSE":null,"LOAN_DEPOSIT":null,"LOAN_EQUITY":null,"LOAN_ASSETS":null,"DEPOSIT_EQUITY":null,"DEPOSIT_ASSETS":null,"EQUITY_MULTIPLIER":1.581819442767,"EQUITY_RATIO":0.746393680166}],"count":27},"success":true,"message":"ok","code":0}