{"version":"d047579d59df9fea21d40f2599ccadab","result":{"pages":5,"data":[{"SECUCODE":"00969.HK","SECURITY_CODE":"00969","SECURITY_NAME_ABBR":"华联国际","ORG_CODE":"10009181","STD_REPORT_DATE":"2024-06-30 00:00:00","REPORT_DATE":"2024-06-30 00:00:00","DATE_TYPE_CODE":"002","REPORT_TYPE":"2024年中报","PER_NETCASH_OPERATE":-0.004119010086,"PER_OI":0.036610831278,"BPS":-0.372334103433,"BASIC_EPS":-0.00402583148,"DILUTED_EPS":-0.00402583148,"OPERATE_INCOME":80220921.28,"OPERATE_INCOME_YOY":6.6750813146,"GROSS_PROFIT":30740887.76,"GROSS_PROFIT_YOY":14.468038018008,"HOLDER_PROFIT":-8821964.88,"HOLDER_PROFIT_YOY":5.9270072993,"GROSS_PROFIT_RATIO":38.320287612633,"EPS_TTM":-0.016747030833,"OPERATE_INCOME_QOQ":3.298447897355,"NET_PROFIT_RATIO":-12.0676708838,"ROE_AVG":1.083531465122,"GROSS_PROFIT_QOQ":19.854317215545,"ROA":-10.308915516166,"HOLDER_PROFIT_QOQ":1.744121889173,"ROE_YEARLY":2.167062930243,"ROIC_YEARLY":-7.200589992476,"TOTAL_ASSETS":92596862.08,"TOTAL_LIABILITIES":1100779697.28,"TAX_EBT":null,"OCF_SALES":-11.25079639574,"TOTAL_PARENT_EQUITY":-815851040.76,"DEBT_ASSET_RATIO":1188.7872575304,"OPERATE_PROFIT":8869424.24,"PRETAX_PROFIT":-9680796.76,"NETCASH_OPERATE":-9025492.52,"NETCASH_INVEST":-2823831.92,"NETCASH_FINANCE":5838413.96,"END_CASH":32529740.56,"DIVI_RATIO":null,"DIVIDEND_RATE":null,"CURRENT_RATIO":0.080644956763,"COMMON_ACS":6000000000,"CURRENTDEBT_DEBT":98.076852920497,"ISSUED_COMMON_SHARES":2191180000,"HK_COMMON_SHARES":2191180000,"PER_SHARES":2000,"TOTAL_MARKET_CAP":195015020,"HKSK_MARKET_CAP":195015020,"PE_TTM":-4.80297071645,"PB_TTM":-0.218160300792,"REPORT_DATE_SQ":"2023-06-30 00:00:00","REPORT_TYPE_SQ":"2023年中报","OPERATE_INCOME_SQ":75967464.08,"DPS_HKD":null,"OPERATE_INCOME_QOQ_SQ":5.410426320805,"NET_PROFIT_RATIO_SQ":-18.215690082,"HOLDER_PROFIT_SQ":-9473344.5,"HOLDER_PROFIT_QOQ_SQ":-31.705693930135,"ROE_AVG_SQ":1.198903659486,"PE_TTM_SQ":-7.791311937197,"PB_TTM_SQ":-0.392667223672,"ROA_SQ":-8.965694764994,"START_DATE":"2024-01-01 00:00:00","FISCAL_YEAR":"12-31","CURRENCY":"HKD","IS_CNY_CODE":0,"DPS_HKD_LY":null,"ORG_TYPE":"一般企业","PREMIUM_INCOME":null,"PREMIUM_INCOME_YOY":null,"NET_INTEREST_INCOME":null,"NET_INTEREST_INCOME_YOY":null,"FEE_COMMISSION_INCOME":null,"FEE_COMMISSION_INCOME_YOY":null,"ACCOUNTS_RECE_TDAYS":30.781299247067,"INVENTORY_TDAYS":1.535763859381,"CURRENT_ASSETS_TDAYS":1.000552093116,"TOTAL_ASSETS_TDAYS":0.937422344516,"PREMIUM_EXPENSE":null,"LOAN_DEPOSIT":null,"LOAN_EQUITY":null,"LOAN_ASSETS":null,"DEPOSIT_EQUITY":null,"DEPOSIT_ASSETS":null,"EQUITY_MULTIPLIER":-0.091845307068,"EQUITY_RATIO":-1.349241028429},{"SECUCODE":"00969.HK","SECURITY_CODE":"00969","SECURITY_NAME_ABBR":"华联国际","ORG_CODE":"10009181","STD_REPORT_DATE":"2023-12-31 00:00:00","REPORT_DATE":"2023-12-31 00:00:00","DATE_TYPE_CODE":"001","REPORT_TYPE":"2023年年报","PER_NETCASH_OPERATE":0.002427692567,"PER_OI":0.058851072737,"BPS":-0.368189975712,"BASIC_EPS":-0.017036936,"DILUTED_EPS":-0.017036936,"OPERATE_INCOME":128953293.56,"OPERATE_INCOME_YOY":-0.3759582735,"GROSS_PROFIT":19569820.9,"GROSS_PROFIT_YOY":5.0948341017,"HOLDER_PROFIT":-37347138.64,"HOLDER_PROFIT_YOY":-24.3647775967,"GROSS_PROFIT_RATIO":15.175898466598,"EPS_TTM":-0.017044304274,"OPERATE_INCOME_QOQ":-4.119237042695,"NET_PROFIT_RATIO":-40.9471672125,"ROE_AVG":4.723527722874,"GROSS_PROFIT_QOQ":-42.32400972829,"ROA":-42.682187964435,"HOLDER_PROFIT_QOQ":4.204801720708,"ROE_YEARLY":4.723527722874,"ROIC_YEARLY":-15.816125832072,"TOTAL_ASSETS":77999261.62,"TOTAL_LIABILITIES":1076708981.04,"TAX_EBT":null,"OCF_SALES":4.125145820742,"TOTAL_PARENT_EQUITY":-806770510.98,"DEBT_ASSET_RATIO":1380.4091970582,"OPERATE_PROFIT":-21417603.48,"PRETAX_PROFIT":-52802720.74,"NETCASH_OPERATE":5319511.4,"NETCASH_INVEST":-1841439.04,"NETCASH_FINANCE":-8967046.9,"END_CASH":33950626.08,"DIVI_RATIO":null,"DIVIDEND_RATE":null,"CURRENT_RATIO":0.068992774231,"COMMON_ACS":6000000000,"CURRENTDEBT_DEBT":97.959654314504,"ISSUED_COMMON_SHARES":2191180000,"HK_COMMON_SHARES":2191180000,"PER_SHARES":2000,"TOTAL_MARKET_CAP":186250300,"HKSK_MARKET_CAP":186250300,"PE_TTM":-4.587106864025,"PB_TTM":-0.208355343453,"REPORT_DATE_SQ":"2022-12-31 00:00:00","REPORT_TYPE_SQ":"2022年年报","OPERATE_INCOME_SQ":127590220.45,"DPS_HKD":null,"OPERATE_INCOME_QOQ_SQ":10.534495039807,"NET_PROFIT_RATIO_SQ":-31.8472363216,"HOLDER_PROFIT_SQ":-29601181.26,"HOLDER_PROFIT_QOQ_SQ":-87.874301385634,"ROE_AVG_SQ":3.968016859701,"PE_TTM_SQ":-8.853763564997,"PB_TTM_SQ":-0.446212754172,"ROA_SQ":-25.658039914055,"START_DATE":"2023-01-01 00:00:00","FISCAL_YEAR":"12-31","CURRENCY":"HKD","IS_CNY_CODE":0,"DPS_HKD_LY":null,"ORG_TYPE":"一般企业","PREMIUM_INCOME":null,"PREMIUM_INCOME_YOY":null,"NET_INTEREST_INCOME":null,"NET_INTEREST_INCOME_YOY":null,"FEE_COMMISSION_INCOME":null,"FEE_COMMISSION_INCOME_YOY":null,"ACCOUNTS_RECE_TDAYS":37.946133333333,"INVENTORY_TDAYS":4.334584238594,"CURRENT_ASSETS_TDAYS":1.572596865813,"TOTAL_ASSETS_TDAYS":1.473743080405,"PREMIUM_EXPENSE":null,"LOAN_DEPOSIT":null,"LOAN_EQUITY":null,"LOAN_ASSETS":null,"DEPOSIT_EQUITY":null,"DEPOSIT_ASSETS":null,"EQUITY_MULTIPLIER":-0.078100032575,"EQUITY_RATIO":-1.33459139419},{"SECUCODE":"00969.HK","SECURITY_CODE":"00969","SECURITY_NAME_ABBR":"华联国际","ORG_CODE":"10009181","STD_REPORT_DATE":"2023-06-30 00:00:00","REPORT_DATE":"2023-06-30 00:00:00","DATE_TYPE_CODE":"002","REPORT_TYPE":"2023年中报","PER_NETCASH_OPERATE":0.001373389096,"PER_OI":0.034669659307,"BPS":-0.361590964156,"BASIC_EPS":-0.00432316422,"DILUTED_EPS":-0.00432316422,"OPERATE_INCOME":75967464.08,"OPERATE_INCOME_YOY":2.0270186605,"GROSS_PROFIT":26855433.44,"GROSS_PROFIT_YOY":132.596735453443,"HOLDER_PROFIT":-9473344.5,"HOLDER_PROFIT_YOY":-9875.7281553398,"GROSS_PROFIT_RATIO":35.351230642264,"EPS_TTM":-0.017792441146,"OPERATE_INCOME_QOQ":5.410426320805,"NET_PROFIT_RATIO":-18.215690082,"ROE_AVG":1.198903659486,"GROSS_PROFIT_QOQ":82.215916201181,"ROA":-8.965694764994,"HOLDER_PROFIT_QOQ":-31.705693930135,"ROE_YEARLY":2.397807318971,"ROIC_YEARLY":-7.621710935023,"TOTAL_ASSETS":112635530.66,"TOTAL_LIABILITIES":1089148803.7,"TAX_EBT":null,"OCF_SALES":3.961357347444,"TOTAL_PARENT_EQUITY":-792310888.84,"DEBT_ASSET_RATIO":966.9673479745,"OPERATE_PROFIT":8348528.9,"PRETAX_PROFIT":-13837997.82,"NETCASH_OPERATE":3009342.72,"NETCASH_INVEST":-1923250.28,"NETCASH_FINANCE":-1939845.92,"END_CASH":40048967.24,"DIVI_RATIO":null,"DIVIDEND_RATE":null,"CURRENT_RATIO":0.099862283334,"COMMON_ACS":6000000000,"CURRENTDEBT_DEBT":98.04116598875,"ISSUED_COMMON_SHARES":2191180000,"HK_COMMON_SHARES":2191180000,"PER_SHARES":2000,"TOTAL_MARKET_CAP":186250300,"HKSK_MARKET_CAP":186250300,"PE_TTM":-4.587106864025,"PB_TTM":-0.208355343453,"REPORT_DATE_SQ":"2022-06-30 00:00:00","REPORT_TYPE_SQ":"2022年中报","OPERATE_INCOME_SQ":69064289.21,"DPS_HKD":null,"OPERATE_INCOME_QOQ_SQ":4.101775272744,"NET_PROFIT_RATIO_SQ":-1.2345373271,"HOLDER_PROFIT_SQ":-88084.57,"HOLDER_PROFIT_QOQ_SQ":41.916794259783,"ROE_AVG_SQ":0.012525210025,"PE_TTM_SQ":-8.853763564997,"PB_TTM_SQ":-0.446212754172,"ROA_SQ":-0.071567288885,"START_DATE":"2023-01-01 00:00:00","FISCAL_YEAR":"12-31","CURRENCY":"HKD","IS_CNY_CODE":0,"DPS_HKD_LY":null,"ORG_TYPE":"一般企业","PREMIUM_INCOME":null,"PREMIUM_INCOME_YOY":null,"NET_INTEREST_INCOME":null,"NET_INTEREST_INCOME_YOY":null,"FEE_COMMISSION_INCOME":null,"FEE_COMMISSION_INCOME_YOY":null,"ACCOUNTS_RECE_TDAYS":15.168630338733,"INVENTORY_TDAYS":1.225044558156,"CURRENT_ASSETS_TDAYS":0.761762122683,"TOTAL_ASSETS_TDAYS":0.718965825651,"PREMIUM_EXPENSE":null,"LOAN_DEPOSIT":null,"LOAN_EQUITY":null,"LOAN_ASSETS":null,"DEPOSIT_EQUITY":null,"DEPOSIT_ASSETS":null,"EQUITY_MULTIPLIER":-0.115344597733,"EQUITY_RATIO":-1.374648283952},{"SECUCODE":"00969.HK","SECURITY_CODE":"00969","SECURITY_NAME_ABBR":"华联国际","ORG_CODE":"10009181","STD_REPORT_DATE":"2022-12-31 00:00:00","REPORT_DATE":"2022-12-31 00:00:00","DATE_TYPE_CODE":"001","REPORT_TYPE":"2022年年报","PER_NETCASH_OPERATE":-0.018119539102,"PER_OI":0.058229000105,"BPS":-0.348435553063,"BASIC_EPS":-0.013488377,"DILUTED_EPS":-0.013488377,"OPERATE_INCOME":127590220.45,"OPERATE_INCOME_YOY":5.3207883851,"GROSS_PROFIT":18621106.42,"GROSS_PROFIT_YOY":3.788397084234,"HOLDER_PROFIT":-29601181.26,"HOLDER_PROFIT_YOY":0.1205618181,"GROSS_PROFIT_RATIO":14.594462141632,"EPS_TTM":-0.013509242171,"OPERATE_INCOME_QOQ":10.534495039807,"NET_PROFIT_RATIO":-31.8472363216,"ROE_AVG":3.968016859701,"GROSS_PROFIT_QOQ":89.876082148169,"ROA":-25.658039914055,"HOLDER_PROFIT_QOQ":-87.874301385634,"ROE_YEARLY":3.968016859701,"ROIC_YEARLY":-13.143767142169,"TOTAL_ASSETS":95615620.8,"TOTAL_LIABILITIES":1036346842.44,"TAX_EBT":null,"OCF_SALES":-31.117723247103,"TOTAL_PARENT_EQUITY":-763485015.16,"DEBT_ASSET_RATIO":1083.8677130045,"OPERATE_PROFIT":-31632477.24,"PRETAX_PROFIT":-40633959.03,"NETCASH_OPERATE":-39703171.69,"NETCASH_INVEST":-1996458.45,"NETCASH_FINANCE":16675564.36,"END_CASH":39959540.18,"DIVI_RATIO":null,"DIVIDEND_RATE":null,"CURRENT_RATIO":0.08861971831,"COMMON_ACS":6000000000,"CURRENTDEBT_DEBT":97.916515826964,"ISSUED_COMMON_SHARES":2191180000,"HK_COMMON_SHARES":2191180000,"PER_SHARES":2000,"TOTAL_MARKET_CAP":186250300,"HKSK_MARKET_CAP":186250300,"PE_TTM":-4.587106864025,"PB_TTM":-0.208355343453,"REPORT_DATE_SQ":"2021-12-31 00:00:00","REPORT_TYPE_SQ":"2021年年报","OPERATE_INCOME_SQ":110882094.4,"DPS_HKD":null,"OPERATE_INCOME_QOQ_SQ":6.146411320802,"NET_PROFIT_RATIO_SQ":-42.2499797226,"HOLDER_PROFIT_SQ":-27126332.8,"HOLDER_PROFIT_QOQ_SQ":43.657596361871,"ROE_AVG_SQ":4.075848771736,"PE_TTM_SQ":-8.853763564997,"PB_TTM_SQ":-0.446212754172,"ROA_SQ":-23.406326720659,"START_DATE":"2022-01-01 00:00:00","FISCAL_YEAR":"12-31","CURRENCY":"HKD","IS_CNY_CODE":0,"DPS_HKD_LY":null,"ORG_TYPE":"一般企业","PREMIUM_INCOME":null,"PREMIUM_INCOME_YOY":null,"NET_INTEREST_INCOME":null,"NET_INTEREST_INCOME_YOY":null,"FEE_COMMISSION_INCOME":null,"FEE_COMMISSION_INCOME_YOY":null,"ACCOUNTS_RECE_TDAYS":24.979888072753,"INVENTORY_TDAYS":3.425454545455,"CURRENT_ASSETS_TDAYS":1.164806667455,"TOTAL_ASSETS_TDAYS":1.105940651555,"PREMIUM_EXPENSE":null,"LOAN_DEPOSIT":null,"LOAN_EQUITY":null,"LOAN_ASSETS":null,"DEPOSIT_EQUITY":null,"DEPOSIT_ASSETS":null,"EQUITY_MULTIPLIER":-0.101639680496,"EQUITY_RATIO":-1.357389892221},{"SECUCODE":"00969.HK","SECURITY_CODE":"00969","SECURITY_NAME_ABBR":"华联国际","ORG_CODE":"10009181","STD_REPORT_DATE":"2022-06-30 00:00:00","REPORT_DATE":"2022-06-30 00:00:00","DATE_TYPE_CODE":"002","REPORT_TYPE":"2022年中报","PER_NETCASH_OPERATE":-0.002376460131,"PER_OI":0.031519222159,"BPS":-0.323601354448,"BASIC_EPS":-0.00004019393,"DILUTED_EPS":-0.00004019393,"OPERATE_INCOME":69064289.21,"OPERATE_INCOME_YOY":4.1567787866,"GROSS_PROFIT":11545920.19,"GROSS_PROFIT_YOY":-41.332768085433,"HOLDER_PROFIT":-88084.57,"HOLDER_PROFIT_YOY":99.2520514124,"GROSS_PROFIT_RATIO":16.717641377432,"EPS_TTM":-0.0071905748,"OPERATE_INCOME_QOQ":4.101775272744,"NET_PROFIT_RATIO":-1.2345373271,"ROE_AVG":0.012525210025,"GROSS_PROFIT_QOQ":-45.338877909202,"ROA":-0.071567288885,"HOLDER_PROFIT_QOQ":41.916794259783,"ROE_YEARLY":0.025050420051,"ROIC_YEARLY":-0.084891042759,"TOTAL_ASSETS":116798429.44,"TOTAL_LIABILITIES":978484452.68,"TAX_EBT":null,"OCF_SALES":-7.539716935574,"TOTAL_PARENT_EQUITY":-709068815.84,"DEBT_ASSET_RATIO":837.7548031865,"OPERATE_PROFIT":-7167347.39,"PRETAX_PROFIT":-852624.43,"NETCASH_OPERATE":-5207251.91,"NETCASH_INVEST":-2236321.85,"NETCASH_FINANCE":-1805306.09,"END_CASH":62614446.23,"DIVI_RATIO":null,"DIVIDEND_RATE":null,"CURRENT_RATIO":0.115671798258,"COMMON_ACS":6000000000,"CURRENTDEBT_DEBT":97.960359106848,"ISSUED_COMMON_SHARES":2191180000,"HK_COMMON_SHARES":2191180000,"PER_SHARES":2000,"TOTAL_MARKET_CAP":186250300,"HKSK_MARKET_CAP":186250300,"PE_TTM":-4.587106864025,"PB_TTM":-0.208355343453,"REPORT_DATE_SQ":"2021-06-30 00:00:00","REPORT_TYPE_SQ":"2021年中报","OPERATE_INCOME_SQ":64516154.88,"DPS_HKD":null,"OPERATE_INCOME_QOQ_SQ":4.764469199876,"NET_PROFIT_RATIO_SQ":-25.272131655,"HOLDER_PROFIT_SQ":-11458573.68,"HOLDER_PROFIT_QOQ_SQ":40.384771687404,"ROE_AVG_SQ":1.693849938499,"PE_TTM_SQ":-8.853763564997,"PB_TTM_SQ":-0.446212754172,"ROA_SQ":-9.657218193804,"START_DATE":"2022-01-01 00:00:00","FISCAL_YEAR":"12-31","CURRENCY":"HKD","IS_CNY_CODE":0,"DPS_HKD_LY":null,"ORG_TYPE":"一般企业","PREMIUM_INCOME":null,"PREMIUM_INCOME_YOY":null,"NET_INTEREST_INCOME":null,"NET_INTEREST_INCOME_YOY":null,"FEE_COMMISSION_INCOME":null,"FEE_COMMISSION_INCOME_YOY":null,"ACCOUNTS_RECE_TDAYS":13.412888224547,"INVENTORY_TDAYS":1.661429771256,"CURRENT_ASSETS_TDAYS":0.588991641991,"TOTAL_ASSETS_TDAYS":0.561136182823,"PREMIUM_EXPENSE":null,"LOAN_DEPOSIT":null,"LOAN_EQUITY":null,"LOAN_ASSETS":null,"DEPOSIT_EQUITY":null,"DEPOSIT_ASSETS":null,"EQUITY_MULTIPLIER":-0.135546389624,"EQUITY_RATIO":-1.379956967253},{"SECUCODE":"00969.HK","SECURITY_CODE":"00969","SECURITY_NAME_ABBR":"华联国际","ORG_CODE":"10009181","STD_REPORT_DATE":"2021-12-31 00:00:00","REPORT_DATE":"2021-12-31 00:00:00","DATE_TYPE_CODE":"001","REPORT_TYPE":"2021年年报","PER_NETCASH_OPERATE":0.005786535474,"PER_OI":0.050603827344,"BPS":-0.304306915543,"BASIC_EPS":-0.01234576,"DILUTED_EPS":-0.01234576,"OPERATE_INCOME":110882094.4,"OPERATE_INCOME_YOY":14.4734620839,"GROSS_PROFIT":17941414.4,"GROSS_PROFIT_YOY":-24.463316831208,"HOLDER_PROFIT":-27126332.8,"HOLDER_PROFIT_YOY":65.4237358789,"GROSS_PROFIT_RATIO":16.180623658927,"EPS_TTM":-0.012379782948,"OPERATE_INCOME_QOQ":6.146411320802,"NET_PROFIT_RATIO":-42.2499797226,"ROE_AVG":4.075848771736,"GROSS_PROFIT_QOQ":-30.578005067747,"ROA":-23.406326720659,"HOLDER_PROFIT_QOQ":43.657596361871,"ROE_YEARLY":4.075848771736,"ROIC_YEARLY":-13.684583910777,"TOTAL_ASSETS":123674264,"TOTAL_LIABILITIES":932242236.8,"TAX_EBT":null,"OCF_SALES":11.434975925202,"TOTAL_PARENT_EQUITY":-666791227.2,"DEBT_ASSET_RATIO":753.788384623,"OPERATE_PROFIT":15557292.8,"PRETAX_PROFIT":-46847662.4,"NETCASH_OPERATE":12679340.8,"NETCASH_INVEST":-959862.4,"NETCASH_FINANCE":-1716960,"END_CASH":66358051.2,"DIVI_RATIO":null,"DIVIDEND_RATE":null,"CURRENT_RATIO":0.129550378761,"COMMON_ACS":6000000000,"CURRENTDEBT_DEBT":97.876546414808,"ISSUED_COMMON_SHARES":2191180000,"HK_COMMON_SHARES":2191180000,"PER_SHARES":2000,"TOTAL_MARKET_CAP":186250300,"HKSK_MARKET_CAP":186250300,"PE_TTM":-4.587106864025,"PB_TTM":-0.208355343453,"REPORT_DATE_SQ":"2020-12-31 00:00:00","REPORT_TYPE_SQ":"2020年年报","OPERATE_INCOME_SQ":99710774.08,"DPS_HKD":null,"OPERATE_INCOME_QOQ_SQ":-26.271255090497,"NET_PROFIT_RATIO_SQ":-102.3431696941,"HOLDER_PROFIT_SQ":-80760407.84,"HOLDER_PROFIT_QOQ_SQ":3.804325718434,"ROE_AVG_SQ":12.309444839625,"PE_TTM_SQ":-8.853763564997,"PB_TTM_SQ":-0.446212754172,"ROA_SQ":-55.877223375542,"START_DATE":"2021-01-01 00:00:00","FISCAL_YEAR":"12-31","CURRENCY":"HKD","IS_CNY_CODE":0,"DPS_HKD_LY":null,"ORG_TYPE":"一般企业","PREMIUM_INCOME":null,"PREMIUM_INCOME_YOY":null,"NET_INTEREST_INCOME":null,"NET_INTEREST_INCOME_YOY":null,"FEE_COMMISSION_INCOME":null,"FEE_COMMISSION_INCOME_YOY":null,"ACCOUNTS_RECE_TDAYS":13.809785652462,"INVENTORY_TDAYS":3.13750655516,"CURRENT_ASSETS_TDAYS":1.008901039633,"TOTAL_ASSETS_TDAYS":0.956761294692,"PREMIUM_EXPENSE":null,"LOAN_DEPOSIT":null,"LOAN_EQUITY":null,"LOAN_ASSETS":null,"DEPOSIT_EQUITY":null,"DEPOSIT_ASSETS":null,"EQUITY_MULTIPLIER":-0.152954690466,"EQUITY_RATIO":-1.398102132679},{"SECUCODE":"00969.HK","SECURITY_CODE":"00969","SECURITY_NAME_ABBR":"华联国际","ORG_CODE":"10009181","STD_REPORT_DATE":"2021-06-30 00:00:00","REPORT_DATE":"2021-06-30 00:00:00","DATE_TYPE_CODE":"002","REPORT_TYPE":"2021年中报","PER_NETCASH_OPERATE":0.002362745991,"PER_OI":0.029443566882,"BPS":-0.308925810495,"BASIC_EPS":-0.0052296228,"DILUTED_EPS":-0.0052296228,"OPERATE_INCOME":64516154.88,"OPERATE_INCOME_YOY":18.5040272662,"GROSS_PROFIT":19680356.16,"GROSS_PROFIT_YOY":11.894671358334,"HOLDER_PROFIT":-11458573.68,"HOLDER_PROFIT_YOY":71.4590673575,"GROSS_PROFIT_RATIO":30.504539826661,"EPS_TTM":-0.021972408255,"OPERATE_INCOME_QOQ":4.764469199876,"NET_PROFIT_RATIO":-25.272131655,"ROE_AVG":1.693849938499,"GROSS_PROFIT_QOQ":8.807998448483,"ROA":-9.657218193804,"HOLDER_PROFIT_QOQ":40.384771687404,"ROE_YEARLY":3.387699876999,"ROIC_YEARLY":-11.042949704901,"TOTAL_ASSETS":127279117.2,"TOTAL_LIABILITIES":947909696.4,"TAX_EBT":null,"OCF_SALES":8.024659513,"TOTAL_PARENT_EQUITY":-676912057.44,"DEBT_ASSET_RATIO":744.7487987448,"OPERATE_PROFIT":9881782.08,"PRETAX_PROFIT":-16304607.6,"NETCASH_OPERATE":5177201.76,"NETCASH_INVEST":-1005984.72,"NETCASH_FINANCE":null,"END_CASH":56796116.64,"DIVI_RATIO":null,"DIVIDEND_RATE":null,"CURRENT_RATIO":0.130245361715,"COMMON_ACS":6000000000,"CURRENTDEBT_DEBT":97.800747012171,"ISSUED_COMMON_SHARES":2191180000,"HK_COMMON_SHARES":2191180000,"PER_SHARES":2000,"TOTAL_MARKET_CAP":186250300,"HKSK_MARKET_CAP":186250300,"PE_TTM":-4.587106864025,"PB_TTM":-0.208355343453,"REPORT_DATE_SQ":"2020-06-30 00:00:00","REPORT_TYPE_SQ":"2020年中报","OPERATE_INCOME_SQ":59765465.76,"DPS_HKD":null,"OPERATE_INCOME_QOQ_SQ":11.392417489574,"NET_PROFIT_RATIO_SQ":-102.1030429932,"HOLDER_PROFIT_SQ":-44073480,"HOLDER_PROFIT_QOQ_SQ":-2.010352068041,"ROE_AVG_SQ":6.381004839645,"PE_TTM_SQ":-8.853763564997,"PB_TTM_SQ":-0.446212754172,"ROA_SQ":-24.039299895871,"START_DATE":"2021-01-01 00:00:00","FISCAL_YEAR":"12-31","CURRENCY":"HKD","IS_CNY_CODE":0,"DPS_HKD_LY":null,"ORG_TYPE":"一般企业","PREMIUM_INCOME":null,"PREMIUM_INCOME_YOY":null,"NET_INTEREST_INCOME":null,"NET_INTEREST_INCOME_YOY":null,"FEE_COMMISSION_INCOME":null,"FEE_COMMISSION_INCOME_YOY":null,"ACCOUNTS_RECE_TDAYS":6.972348365631,"INVENTORY_TDAYS":1.145006374841,"CURRENT_ASSETS_TDAYS":0.575664769711,"TOTAL_ASSETS_TDAYS":0.543738341351,"PREMIUM_EXPENSE":null,"LOAN_DEPOSIT":null,"LOAN_EQUITY":null,"LOAN_ASSETS":null,"DEPOSIT_EQUITY":null,"DEPOSIT_ASSETS":null,"EQUITY_MULTIPLIER":-0.155099164504,"EQUITY_RATIO":-1.400343938303},{"SECUCODE":"00969.HK","SECURITY_CODE":"00969","SECURITY_NAME_ABBR":"华联国际","ORG_CODE":"10009181","STD_REPORT_DATE":"2020-12-31 00:00:00","REPORT_DATE":"2020-12-31 00:00:00","DATE_TYPE_CODE":"001","REPORT_TYPE":"2020年年报","PER_NETCASH_OPERATE":0.001483407881,"PER_OI":0.045505514873,"BPS":-0.312077214323,"BASIC_EPS":-0.036863832,"DILUTED_EPS":-0.036863832,"OPERATE_INCOME":99710774.08,"OPERATE_INCOME_YOY":-12.5887231248,"GROSS_PROFIT":23751922.44,"GROSS_PROFIT_YOY":326.497546645296,"HOLDER_PROFIT":-80760407.84,"HOLDER_PROFIT_YOY":-4.4419047619,"GROSS_PROFIT_RATIO":23.82081842123,"EPS_TTM":-0.036857039513,"OPERATE_INCOME_QOQ":-26.271255090497,"NET_PROFIT_RATIO":-102.3431696941,"ROE_AVG":12.309444839625,"GROSS_PROFIT_QOQ":86.803736112089,"ROA":-55.877223375542,"HOLDER_PROFIT_QOQ":3.804325718434,"ROE_YEARLY":12.309444839625,"ROIC_YEARLY":-35.024911941306,"TOTAL_ASSETS":111290898.84,"TOTAL_LIABILITIES":940436753.04,"TAX_EBT":null,"OCF_SALES":3.25984198798,"TOTAL_PARENT_EQUITY":-683817350.48,"DEBT_ASSET_RATIO":845.0257503914,"OPERATE_PROFIT":-14321346.24,"PRETAX_PROFIT":-102047166.72,"NETCASH_OPERATE":3250413.68,"NETCASH_INVEST":736435,"NETCASH_FINANCE":-1737986.6,"END_CASH":53458447.88,"DIVI_RATIO":null,"DIVIDEND_RATE":null,"CURRENT_RATIO":0.113656090313,"COMMON_ACS":6000000000,"CURRENTDEBT_DEBT":97.848997571117,"ISSUED_COMMON_SHARES":2191180000,"HK_COMMON_SHARES":2191180000,"PER_SHARES":2000,"TOTAL_MARKET_CAP":186250300,"HKSK_MARKET_CAP":186250300,"PE_TTM":-4.587106864025,"PB_TTM":-0.208355343453,"REPORT_DATE_SQ":"2019-12-31 00:00:00","REPORT_TYPE_SQ":"2019年年报","OPERATE_INCOME_SQ":121408646.52,"DPS_HKD":null,"OPERATE_INCOME_QOQ_SQ":6.645391607595,"NET_PROFIT_RATIO_SQ":-88.7474729588,"HOLDER_PROFIT_SQ":-82299787.5,"HOLDER_PROFIT_QOQ_SQ":-40.904220314044,"ROE_AVG_SQ":12.967143551748,"PE_TTM_SQ":-8.853763564997,"PB_TTM_SQ":-0.446212754172,"ROA_SQ":-38.06294316141,"START_DATE":"2020-01-01 00:00:00","FISCAL_YEAR":"12-31","CURRENCY":"HKD","IS_CNY_CODE":0,"DPS_HKD_LY":null,"ORG_TYPE":"一般企业","PREMIUM_INCOME":null,"PREMIUM_INCOME_YOY":null,"NET_INTEREST_INCOME":null,"NET_INTEREST_INCOME_YOY":null,"FEE_COMMISSION_INCOME":null,"FEE_COMMISSION_INCOME_YOY":null,"ACCOUNTS_RECE_TDAYS":3.608265947889,"INVENTORY_TDAYS":1.989726291654,"CURRENT_ASSETS_TDAYS":0.73075831781,"TOTAL_ASSETS_TDAYS":0.689887699336,"PREMIUM_EXPENSE":null,"LOAN_DEPOSIT":null,"LOAN_EQUITY":null,"LOAN_ASSETS":null,"DEPOSIT_EQUITY":null,"DEPOSIT_ASSETS":null,"EQUITY_MULTIPLIER":-0.134223548579,"EQUITY_RATIO":-1.375274775318},{"SECUCODE":"00969.HK","SECURITY_CODE":"00969","SECURITY_NAME_ABBR":"华联国际","ORG_CODE":"10009181","STD_REPORT_DATE":"2020-06-30 00:00:00","REPORT_DATE":"2020-06-30 00:00:00","DATE_TYPE_CODE":"002","REPORT_TYPE":"2020年中报","PER_NETCASH_OPERATE":-0.003230335509,"PER_OI":0.027275470641,"BPS":-0.319206672569,"BASIC_EPS":-0.02009568,"DILUTED_EPS":-0.02009568,"OPERATE_INCOME":59765465.76,"OPERATE_INCOME_YOY":25.2997050825,"GROSS_PROFIT":17588287.2,"GROSS_PROFIT_YOY":68.430756591111,"HOLDER_PROFIT":-44073480,"HOLDER_PROFIT_YOY":-0.0580647837,"GROSS_PROFIT_RATIO":29.42884653594,"EPS_TTM":-0.038314653739,"OPERATE_INCOME_QOQ":11.392417489574,"NET_PROFIT_RATIO":-102.1030429932,"ROE_AVG":6.381004839645,"GROSS_PROFIT_QOQ":128.313178056236,"ROA":-24.039299895871,"HOLDER_PROFIT_QOQ":-2.010352068041,"ROE_YEARLY":12.76200967929,"ROIC_YEARLY":-31.666130694161,"TOTAL_ASSETS":173739941.76,"TOTAL_LIABILITIES":1025692641.6,"TAX_EBT":null,"OCF_SALES":-11.843372204986,"TOTAL_PARENT_EQUITY":-699439276.8,"DEBT_ASSET_RATIO":590.3608756914,"OPERATE_PROFIT":-10863541.92,"PRETAX_PROFIT":-61022359.2,"NETCASH_OPERATE":-7078246.56,"NETCASH_INVEST":682339.68,"NETCASH_FINANCE":null,"END_CASH":49534937.76,"DIVI_RATIO":null,"DIVIDEND_RATE":null,"CURRENT_RATIO":0.165023541584,"COMMON_ACS":6000000000,"CURRENTDEBT_DEBT":97.693896997925,"ISSUED_COMMON_SHARES":2191180000,"HK_COMMON_SHARES":2191180000,"PER_SHARES":2000,"TOTAL_MARKET_CAP":186250300,"HKSK_MARKET_CAP":186250300,"PE_TTM":-4.587106864025,"PB_TTM":-0.208355343453,"REPORT_DATE_SQ":"2019-06-30 00:00:00","REPORT_TYPE_SQ":"2019年中报","OPERATE_INCOME_SQ":45934085.88,"DPS_HKD":null,"OPERATE_INCOME_QOQ_SQ":-3.391735182795,"NET_PROFIT_RATIO_SQ":-124.5356007507,"HOLDER_PROFIT_SQ":-42418964.52,"HOLDER_PROFIT_QOQ_SQ":5.993506409208,"ROE_AVG_SQ":7.000733870634,"PE_TTM_SQ":-8.853763564997,"PB_TTM_SQ":-0.446212754172,"ROA_SQ":-17.335816281043,"START_DATE":"2020-01-01 00:00:00","FISCAL_YEAR":"12-31","CURRENCY":"HKD","IS_CNY_CODE":0,"DPS_HKD_LY":null,"ORG_TYPE":"一般企业","PREMIUM_INCOME":null,"PREMIUM_INCOME_YOY":null,"NET_INTEREST_INCOME":null,"NET_INTEREST_INCOME_YOY":null,"FEE_COMMISSION_INCOME":null,"FEE_COMMISSION_INCOME_YOY":null,"ACCOUNTS_RECE_TDAYS":1.163171882917,"INVENTORY_TDAYS":0.866263308475,"CURRENT_ASSETS_TDAYS":0.343452105993,"TOTAL_ASSETS_TDAYS":0.325982871065,"PREMIUM_EXPENSE":null,"LOAN_DEPOSIT":null,"LOAN_EQUITY":null,"LOAN_ASSETS":null,"DEPOSIT_EQUITY":null,"DEPOSIT_ASSETS":null,"EQUITY_MULTIPLIER":-0.203931441021,"EQUITY_RATIO":-1.46644987724}],"count":45},"success":true,"message":"ok","code":0}