{"version":"b7ebb69e733f1e72f2b57e6a069e3b42","result":{"pages":5,"data":[{"SECUCODE":"00979.HK","SECURITY_CODE":"00979","SECURITY_NAME_ABBR":"绿色能源科技集团","ORG_CODE":"10009184","STD_REPORT_DATE":"2023-12-31 00:00:00","REPORT_DATE":"2024-06-30 00:00:00","DATE_TYPE_CODE":"001","REPORT_TYPE":"2023年年报","PER_NETCASH_OPERATE":-0.015216624957,"PER_OI":0.047790417213,"BPS":0.036340097031,"BASIC_EPS":-0.010313284,"DILUTED_EPS":-0.010313284,"OPERATE_INCOME":64818533.6,"OPERATE_INCOME_YOY":-11.2538425012,"GROSS_PROFIT":64275489,"GROSS_PROFIT_YOY":-13.262219173521,"HOLDER_PROFIT":-13064101.52,"HOLDER_PROFIT_YOY":-58.4458711534,"GROSS_PROFIT_RATIO":99.162207828781,"EPS_TTM":-0.002960205336,"OPERATE_INCOME_QOQ":-6.318600888647,"NET_PROFIT_RATIO":-19.877499296,"ROE_AVG":-30.011216991121,"GROSS_PROFIT_QOQ":-14.459966726977,"ROA":-26.008430845265,"HOLDER_PROFIT_QOQ":51.796493625968,"ROE_YEARLY":-30.011216991121,"ROIC_YEARLY":-33.423230943458,"TOTAL_ASSETS":54199501.8,"TOTAL_LIABILITIES":8453242.16,"TAX_EBT":-0.505481987755,"OCF_SALES":-31.840326668544,"TOTAL_PARENT_EQUITY":49288370.72,"DEBT_ASSET_RATIO":15.5965311105,"OPERATE_PROFIT":-12584944.52,"PRETAX_PROFIT":-12819503.28,"NETCASH_OPERATE":-20638432.84,"NETCASH_INVEST":215392.48,"NETCASH_FINANCE":22208242.44,"END_CASH":14965213.96,"DIVI_RATIO":null,"DIVIDEND_RATE":null,"CURRENT_RATIO":5.772734060027,"COMMON_ACS":4000000000,"CURRENTDEBT_DEBT":72.30619736558,"ISSUED_COMMON_SHARES":1356308176,"HK_COMMON_SHARES":1356308176,"PER_SHARES":2000,"TOTAL_MARKET_CAP":291606257.84,"HKSK_MARKET_CAP":291606257.84,"PE_TTM":-20.372101288249,"PB_TTM":5.39971590697,"REPORT_DATE_SQ":"2022-12-31 00:00:00","REPORT_TYPE_SQ":"2022年年报","OPERATE_INCOME_SQ":73782371.48,"DPS_HKD":null,"OPERATE_INCOME_QOQ_SQ":-33.008098379724,"NET_PROFIT_RATIO_SQ":-12.5659160773,"HOLDER_PROFIT_SQ":-8329167.32,"HOLDER_PROFIT_QOQ_SQ":5.131836577747,"ROE_AVG_SQ":-19.649168597001,"PE_TTM_SQ":-23.570996638477,"PB_TTM_SQ":5.14510313944,"ROA_SQ":-14.775561607092,"START_DATE":"2023-07-01 00:00:00","FISCAL_YEAR":"6-30","CURRENCY":"HKD","IS_CNY_CODE":0,"DPS_HKD_LY":null,"ORG_TYPE":"一般企业","PREMIUM_INCOME":null,"PREMIUM_INCOME_YOY":null,"NET_INTEREST_INCOME":null,"NET_INTEREST_INCOME_YOY":null,"FEE_COMMISSION_INCOME":null,"FEE_COMMISSION_INCOME_YOY":null,"ACCOUNTS_RECE_TDAYS":18.360910031024,"INVENTORY_TDAYS":0.391705069124,"CURRENT_ASSETS_TDAYS":2.192313628646,"TOTAL_ASSETS_TDAYS":1.290428083436,"PREMIUM_EXPENSE":null,"LOAN_DEPOSIT":null,"LOAN_EQUITY":null,"LOAN_ASSETS":null,"DEPOSIT_EQUITY":null,"DEPOSIT_ASSETS":null,"EQUITY_MULTIPLIER":1.184785427847,"EQUITY_RATIO":0.171505814384},{"SECUCODE":"00979.HK","SECURITY_CODE":"00979","SECURITY_NAME_ABBR":"绿色能源科技集团","ORG_CODE":"10009184","STD_REPORT_DATE":"2023-06-30 00:00:00","REPORT_DATE":"2023-12-31 00:00:00","DATE_TYPE_CODE":"002","REPORT_TYPE":"2023年中报","PER_NETCASH_OPERATE":-0.009016042885,"PER_OI":0.025807370419,"BPS":0.043314288728,"BASIC_EPS":-0.003534258,"DILUTED_EPS":-0.003534258,"OPERATE_INCOME":35002747.5,"OPERATE_INCOME_YOY":-13.0145932799,"GROSS_PROFIT":28653770.18,"GROSS_PROFIT_YOY":-24.122081569589,"HOLDER_PROFIT":-4145050.28,"HOLDER_PROFIT_YOY":51.7001055966,"GROSS_PROFIT_RATIO":81.861488673139,"EPS_TTM":-0.007330024984,"OPERATE_INCOME_QOQ":-70.814097339437,"NET_PROFIT_RATIO":-8.1656957929,"ROE_AVG":-8.612800572429,"GROSS_PROFIT_QOQ":-75.276503321003,"ROA":-7.502111711594,"HOLDER_PROFIT_QOQ":62.978590562308,"ROE_YEARLY":-17.225601144859,"ROIC_YEARLY":-21.27788244598,"TOTAL_ASSETS":64569987.44,"TOTAL_LIABILITIES":8333599.12,"TAX_EBT":0.31605562579,"OCF_SALES":-34.935922330097,"TOTAL_PARENT_EQUITY":58747523.94,"DEBT_ASSET_RATIO":12.9063043844,"OPERATE_PROFIT":-2768502.1,"PRETAX_PROFIT":-2867280.08,"NETCASH_OPERATE":-12228532.68,"NETCASH_INVEST":30811.48,"NETCASH_FINANCE":23072361.2,"END_CASH":24305726.62,"DIVI_RATIO":null,"DIVIDEND_RATE":null,"CURRENT_RATIO":7.658997143764,"COMMON_ACS":4000000000,"CURRENTDEBT_DEBT":68.529795563288,"ISSUED_COMMON_SHARES":1356308176,"HK_COMMON_SHARES":1356308176,"PER_SHARES":2000,"TOTAL_MARKET_CAP":332295503.12,"HKSK_MARKET_CAP":332295503.12,"PE_TTM":-23.214720072656,"PB_TTM":6.153164638175,"REPORT_DATE_SQ":"2022-06-30 00:00:00","REPORT_TYPE_SQ":"2022年中报","OPERATE_INCOME_SQ":39664761.08,"DPS_HKD":null,"OPERATE_INCOME_QOQ_SQ":107.184183628788,"NET_PROFIT_RATIO_SQ":-20.9627800165,"HOLDER_PROFIT_SQ":-8459266.9,"HOLDER_PROFIT_QOQ_SQ":-16.025626344549,"ROE_AVG_SQ":-20.557237906071,"PE_TTM_SQ":-23.270729165375,"PB_TTM_SQ":5.079560424288,"ROA_SQ":-14.646972391926,"START_DATE":"2023-07-01 00:00:00","FISCAL_YEAR":"6-30","CURRENCY":"HKD","IS_CNY_CODE":0,"DPS_HKD_LY":null,"ORG_TYPE":"一般企业","PREMIUM_INCOME":null,"PREMIUM_INCOME_YOY":null,"NET_INTEREST_INCOME":null,"NET_INTEREST_INCOME_YOY":null,"FEE_COMMISSION_INCOME":null,"FEE_COMMISSION_INCOME_YOY":null,"ACCOUNTS_RECE_TDAYS":14.65844402277,"INVENTORY_TDAYS":6.717162032598,"CURRENT_ASSETS_TDAYS":1.038348320497,"TOTAL_ASSETS_TDAYS":0.633513478051,"PREMIUM_EXPENSE":null,"LOAN_DEPOSIT":null,"LOAN_EQUITY":null,"LOAN_ASSETS":null,"DEPOSIT_EQUITY":null,"DEPOSIT_ASSETS":null,"EQUITY_MULTIPLIER":1.148188732757,"EQUITY_RATIO":0.141854474216},{"SECUCODE":"00979.HK","SECURITY_CODE":"00979","SECURITY_NAME_ABBR":"绿色能源科技集团","ORG_CODE":"10009184","STD_REPORT_DATE":"2022-12-31 00:00:00","REPORT_DATE":"2023-06-30 00:00:00","DATE_TYPE_CODE":"001","REPORT_TYPE":"2022年年报","PER_NETCASH_OPERATE":-0.013343176983,"PER_OI":0.0649316559,"BPS":0.028133713956,"BASIC_EPS":-0.007283642,"DILUTED_EPS":-0.007283642,"OPERATE_INCOME":73782371.48,"OPERATE_INCOME_YOY":-81.5457344141,"GROSS_PROFIT":74103220.52,"GROSS_PROFIT_YOY":-79.921453157377,"HOLDER_PROFIT":-8329167.32,"HOLDER_PROFIT_YOY":67.422739894,"GROSS_PROFIT_RATIO":85.381001174618,"EPS_TTM":-0.019799421728,"OPERATE_INCOME_QOQ":-33.008098379724,"NET_PROFIT_RATIO":-12.5659160773,"ROE_AVG":-19.649168597001,"GROSS_PROFIT_QOQ":-32.227727388353,"ROA":-14.775561607092,"HOLDER_PROFIT_QOQ":5.131836577747,"ROE_YEARLY":-19.649168597001,"ROIC_YEARLY":-21.443152148113,"TOTAL_ASSETS":46732400.26,"TOTAL_LIABILITIES":11290567.08,"TAX_EBT":-7.881163606354,"OCF_SALES":-20.549571389299,"TOTAL_PARENT_EQUITY":38157986.26,"DEBT_ASSET_RATIO":24.1600410362,"OPERATE_PROFIT":-4345291.74,"PRETAX_PROFIT":-4468837.06,"NETCASH_OPERATE":-15161961.1,"NETCASH_INVEST":52552.86,"NETCASH_FINANCE":-1364530.4,"END_CASH":13690481.02,"DIVI_RATIO":null,"DIVIDEND_RATE":null,"CURRENT_RATIO":3.089017614375,"COMMON_ACS":4000000000,"CURRENTDEBT_DEBT":69.075616527846,"ISSUED_COMMON_SHARES":1356308176,"HK_COMMON_SHARES":1356308176,"PER_SHARES":2000,"TOTAL_MARKET_CAP":332295503.12,"HKSK_MARKET_CAP":332295503.12,"PE_TTM":-23.214720072656,"PB_TTM":6.153164638175,"REPORT_DATE_SQ":"2021-12-31 00:00:00","REPORT_TYPE_SQ":"2021年年报","OPERATE_INCOME_SQ":370848867.55,"DPS_HKD":null,"OPERATE_INCOME_QOQ_SQ":263.214456243315,"NET_PROFIT_RATIO_SQ":-7.399265739,"HOLDER_PROFIT_SQ":-23715273.89,"HOLDER_PROFIT_QOQ_SQ":-16.062218299214,"ROE_AVG_SQ":-42.195999665244,"PE_TTM_SQ":-23.270729165375,"PB_TTM_SQ":5.079560424288,"ROA_SQ":-34.277273738597,"START_DATE":"2022-07-01 00:00:00","FISCAL_YEAR":"6-30","CURRENCY":"HKD","IS_CNY_CODE":0,"DPS_HKD_LY":null,"ORG_TYPE":"一般企业","PREMIUM_INCOME":null,"PREMIUM_INCOME_YOY":null,"NET_INTEREST_INCOME":null,"NET_INTEREST_INCOME_YOY":null,"FEE_COMMISSION_INCOME":null,"FEE_COMMISSION_INCOME_YOY":null,"ACCOUNTS_RECE_TDAYS":27.495619309397,"INVENTORY_TDAYS":8.38337513436,"CURRENT_ASSETS_TDAYS":2.246974589358,"TOTAL_ASSETS_TDAYS":1.308865500519,"PREMIUM_EXPENSE":null,"LOAN_DEPOSIT":null,"LOAN_EQUITY":null,"LOAN_ASSETS":null,"DEPOSIT_EQUITY":null,"DEPOSIT_ASSETS":null,"EQUITY_MULTIPLIER":1.318566114306,"EQUITY_RATIO":0.295890013772},{"SECUCODE":"00979.HK","SECURITY_CODE":"00979","SECURITY_NAME_ABBR":"绿色能源科技集团","ORG_CODE":"10009184","STD_REPORT_DATE":"2022-06-30 00:00:00","REPORT_DATE":"2022-12-31 00:00:00","DATE_TYPE_CODE":"002","REPORT_TYPE":"2022年中报","PER_NETCASH_OPERATE":-0.007683497456,"PER_OI":0.034906693376,"BPS":0.027376192776,"BASIC_EPS":-0.007414141,"DILUTED_EPS":-0.007414141,"OPERATE_INCOME":39664761.08,"OPERATE_INCOME_YOY":-77.2371756305,"GROSS_PROFIT":37762989.25,"GROSS_PROFIT_YOY":-76.812168763858,"HOLDER_PROFIT":-8459266.9,"HOLDER_PROFIT_YOY":19.9831009717,"GROSS_PROFIT_RATIO":101.113566445687,"EPS_TTM":-0.020870459608,"OPERATE_INCOME_QOQ":107.184183628788,"NET_PROFIT_RATIO":-20.9627800165,"ROE_AVG":-20.557237906071,"GROSS_PROFIT_QOQ":2840.88986256807,"ROA":-14.646972391926,"HOLDER_PROFIT_QOQ":-16.025626344549,"ROE_YEARLY":-41.114475812141,"ROIC_YEARLY":-43.176947977933,"TOTAL_ASSETS":51554184.78,"TOTAL_LIABILITIES":21312528.93,"TAX_EBT":-0.1345532831,"OCF_SALES":-21.175094241518,"TOTAL_PARENT_EQUITY":37130554.09,"DEBT_ASSET_RATIO":41.3400561389,"OPERATE_PROFIT":-5959897.44,"PRETAX_PROFIT":-6638782.64,"NETCASH_OPERATE":-8730820.98,"NETCASH_INVEST":80394.3,"NETCASH_FINANCE":-419836.9,"END_CASH":20697065.9,"DIVI_RATIO":null,"DIVIDEND_RATE":null,"CURRENT_RATIO":1.510834485938,"COMMON_ACS":4000000000,"CURRENTDEBT_DEBT":100,"ISSUED_COMMON_SHARES":1356308176,"HK_COMMON_SHARES":1356308176,"PER_SHARES":2000,"TOTAL_MARKET_CAP":332295503.12,"HKSK_MARKET_CAP":332295503.12,"PE_TTM":-23.214720072656,"PB_TTM":6.153164638175,"REPORT_DATE_SQ":"2021-06-30 00:00:00","REPORT_TYPE_SQ":"2021年中报","OPERATE_INCOME_SQ":165791292.8,"DPS_HKD":null,"OPERATE_INCOME_QOQ_SQ":-29.352935228334,"NET_PROFIT_RATIO_SQ":-6.8044856937,"HOLDER_PROFIT_SQ":-9676296,"HOLDER_PROFIT_QOQ_SQ":13.229139603287,"ROE_AVG_SQ":-15.897535781209,"PE_TTM_SQ":-23.270729165375,"PB_TTM_SQ":5.079560424288,"ROA_SQ":-12.819054736876,"START_DATE":"2022-07-01 00:00:00","FISCAL_YEAR":"6-30","CURRENCY":"HKD","IS_CNY_CODE":0,"DPS_HKD_LY":null,"ORG_TYPE":"一般企业","PREMIUM_INCOME":null,"PREMIUM_INCOME_YOY":null,"NET_INTEREST_INCOME":null,"NET_INTEREST_INCOME_YOY":null,"FEE_COMMISSION_INCOME":null,"FEE_COMMISSION_INCOME_YOY":null,"ACCOUNTS_RECE_TDAYS":16.062217399168,"INVENTORY_TDAYS":-0.391469916222,"CURRENT_ASSETS_TDAYS":1.137639099412,"TOTAL_ASSETS_TDAYS":0.713912303766,"PREMIUM_EXPENSE":null,"LOAN_DEPOSIT":null,"LOAN_EQUITY":null,"LOAN_ASSETS":null,"DEPOSIT_EQUITY":null,"DEPOSIT_ASSETS":null,"EQUITY_MULTIPLIER":1.70474080638,"EQUITY_RATIO":0.573988981644},{"SECUCODE":"00979.HK","SECURITY_CODE":"00979","SECURITY_NAME_ABBR":"绿色能源科技集团","ORG_CODE":"10009184","STD_REPORT_DATE":"2021-12-31 00:00:00","REPORT_DATE":"2022-06-30 00:00:00","DATE_TYPE_CODE":"001","REPORT_TYPE":"2021年年报","PER_NETCASH_OPERATE":-0.004629266779,"PER_OI":0.326362931626,"BPS":0.031883268349,"BASIC_EPS":-0.020866636,"DILUTED_EPS":-0.020866636,"OPERATE_INCOME":370848867.55,"OPERATE_INCOME_YOY":632.1873029569,"GROSS_PROFIT":369066651.59,"GROSS_PROFIT_YOY":641.320826165553,"HOLDER_PROFIT":-23715273.89,"HOLDER_PROFIT_YOY":-31.0229151902,"GROSS_PROFIT_RATIO":99.631056519966,"EPS_TTM":-0.017987801718,"OPERATE_INCOME_QOQ":263.214456243315,"NET_PROFIT_RATIO":-7.399265739,"ROE_AVG":-42.195999665244,"GROSS_PROFIT_QOQ":39.762879145729,"ROA":-34.277273738597,"HOLDER_PROFIT_QOQ":-16.062218299214,"ROE_YEARLY":-42.195999665244,"ROIC_YEARLY":-56.341490669349,"TOTAL_ASSETS":61228183.24,"TOTAL_LIABILITIES":24352390.44,"TAX_EBT":-0.041000410004,"OCF_SALES":-1.393962743054,"TOTAL_PARENT_EQUITY":43243537.54,"DEBT_ASSET_RATIO":39.7731716856,"OPERATE_PROFIT":-19588126.95,"PRETAX_PROFIT":-20858084.1,"NETCASH_OPERATE":-5260273.69,"NETCASH_INVEST":375428.41,"NETCASH_FINANCE":-754277.58,"END_CASH":28705307.54,"DIVI_RATIO":null,"DIVIDEND_RATE":null,"CURRENT_RATIO":1.583789858126,"COMMON_ACS":4000000000,"CURRENTDEBT_DEBT":100,"ISSUED_COMMON_SHARES":1356308176,"HK_COMMON_SHARES":1356308176,"PER_SHARES":2000,"TOTAL_MARKET_CAP":332295503.12,"HKSK_MARKET_CAP":332295503.12,"PE_TTM":-23.214720072656,"PB_TTM":6.153164638175,"REPORT_DATE_SQ":"2020-12-31 00:00:00","REPORT_TYPE_SQ":"2020年年报","OPERATE_INCOME_SQ":50146133.28,"DPS_HKD":null,"OPERATE_INCOME_QOQ_SQ":-31.75165522806,"NET_PROFIT_RATIO_SQ":-43.4872067169,"HOLDER_PROFIT_SQ":-17610973.2,"HOLDER_PROFIT_QOQ_SQ":15.602797134677,"ROE_AVG_SQ":-23.275122616403,"PE_TTM_SQ":-23.270729165375,"PB_TTM_SQ":5.079560424288,"ROA_SQ":-21.218045112782,"START_DATE":"2021-07-01 00:00:00","FISCAL_YEAR":"6-30","CURRENCY":"HKD","IS_CNY_CODE":0,"DPS_HKD_LY":null,"ORG_TYPE":"一般企业","PREMIUM_INCOME":null,"PREMIUM_INCOME_YOY":null,"NET_INTEREST_INCOME":null,"NET_INTEREST_INCOME_YOY":null,"FEE_COMMISSION_INCOME":null,"FEE_COMMISSION_INCOME_YOY":null,"ACCOUNTS_RECE_TDAYS":130.399939858668,"INVENTORY_TDAYS":1.118900343643,"CURRENT_ASSETS_TDAYS":8.723225493975,"TOTAL_ASSETS_TDAYS":5.454253294109,"PREMIUM_EXPENSE":null,"LOAN_DEPOSIT":null,"LOAN_EQUITY":null,"LOAN_ASSETS":null,"DEPOSIT_EQUITY":null,"DEPOSIT_ASSETS":null,"EQUITY_MULTIPLIER":1.66038961039,"EQUITY_RATIO":0.563145196377},{"SECUCODE":"00979.HK","SECURITY_CODE":"00979","SECURITY_NAME_ABBR":"绿色能源科技集团","ORG_CODE":"10009184","STD_REPORT_DATE":"2021-06-30 00:00:00","REPORT_DATE":"2021-12-31 00:00:00","DATE_TYPE_CODE":"002","REPORT_TYPE":"2021年中报","PER_NETCASH_OPERATE":-0.002470842382,"PER_OI":0.1459034585,"BPS":0.041002124579,"BASIC_EPS":-0.00850304,"DILUTED_EPS":-0.00850304,"OPERATE_INCOME":165791292.8,"OPERATE_INCOME_YOY":404.937871959,"GROSS_PROFIT":162856926.4,"GROSS_PROFIT_YOY":3402.25354893194,"HOLDER_PROFIT":-9676296,"HOLDER_PROFIT_YOY":-45.4646017699,"GROSS_PROFIT_RATIO":4.998569864581,"EPS_TTM":-0.015498412818,"OPERATE_INCOME_QOQ":-29.352935228334,"NET_PROFIT_RATIO":-6.8044856937,"ROE_AVG":-15.897535781209,"GROSS_PROFIT_QOQ":4.535082438733,"ROA":-12.819054736876,"HOLDER_PROFIT_QOQ":13.229139603287,"ROE_YEARLY":-31.795071562418,"ROIC_YEARLY":-40.774140203096,"TOTAL_ASSETS":77213326.4,"TOTAL_LIABILITIES":25470692.8,"TAX_EBT":-0.014496955639,"OCF_SALES":-1.693477596189,"TOTAL_PARENT_EQUITY":55611516.8,"DEBT_ASSET_RATIO":32.9874310401,"OPERATE_PROFIT":-11233824,"PRETAX_PROFIT":-11279609.6,"NETCASH_OPERATE":-2807638.4,"NETCASH_INVEST":-107105.6,"NETCASH_FINANCE":-798795.2,"END_CASH":29458945.6,"DIVI_RATIO":null,"DIVIDEND_RATE":null,"CURRENT_RATIO":2.012769819148,"COMMON_ACS":4000000000,"CURRENTDEBT_DEBT":99.040220845504,"ISSUED_COMMON_SHARES":1356308176,"HK_COMMON_SHARES":1356308176,"PER_SHARES":2000,"TOTAL_MARKET_CAP":332295503.12,"HKSK_MARKET_CAP":332295503.12,"PE_TTM":-23.214720072656,"PB_TTM":6.153164638175,"REPORT_DATE_SQ":"2020-06-30 00:00:00","REPORT_TYPE_SQ":"2020年中报","OPERATE_INCOME_SQ":33799420.76,"DPS_HKD":null,"OPERATE_INCOME_QOQ_SQ":20.111781597976,"NET_PROFIT_RATIO_SQ":-22.7072387261,"HOLDER_PROFIT_SQ":-6847583.04,"HOLDER_PROFIT_QOQ_SQ":-88.083478381448,"ROE_AVG_SQ":-8.313535551707,"PE_TTM_SQ":-23.270729165375,"PB_TTM_SQ":5.079560424288,"ROA_SQ":-7.614590888884,"START_DATE":"2021-07-01 00:00:00","FISCAL_YEAR":"6-30","CURRENCY":"HKD","IS_CNY_CODE":0,"DPS_HKD_LY":null,"ORG_TYPE":"一般企业","PREMIUM_INCOME":null,"PREMIUM_INCOME_YOY":null,"NET_INTEREST_INCOME":null,"NET_INTEREST_INCOME_YOY":null,"FEE_COMMISSION_INCOME":null,"FEE_COMMISSION_INCOME_YOY":null,"ACCOUNTS_RECE_TDAYS":32.387478038652,"INVENTORY_TDAYS":61.468410976388,"CURRENT_ASSETS_TDAYS":3.431941846984,"TOTAL_ASSETS_TDAYS":2.196385535644,"PREMIUM_EXPENSE":null,"LOAN_DEPOSIT":null,"LOAN_EQUITY":null,"LOAN_ASSETS":null,"DEPOSIT_EQUITY":null,"DEPOSIT_ASSETS":null,"EQUITY_MULTIPLIER":1.492257371298,"EQUITY_RATIO":0.458011114705},{"SECUCODE":"00979.HK","SECURITY_CODE":"00979","SECURITY_NAME_ABBR":"绿色能源科技集团","ORG_CODE":"10009184","STD_REPORT_DATE":"2020-12-31 00:00:00","REPORT_DATE":"2021-06-30 00:00:00","DATE_TYPE_CODE":"001","REPORT_TYPE":"2020年年报","PER_NETCASH_OPERATE":-0.018401848056,"PER_OI":0.044130751093,"BPS":0.049614687156,"BASIC_EPS":-0.015476688,"DILUTED_EPS":-0.015476688,"OPERATE_INCOME":50146133.28,"OPERATE_INCOME_YOY":-47.0700860706,"GROSS_PROFIT":49785010.56,"GROSS_PROFIT_YOY":447.656454607972,"HOLDER_PROFIT":-17610973.2,"HOLDER_PROFIT_YOY":19.6072473126,"GROSS_PROFIT_RATIO":18.240799123884,"EPS_TTM":-0.017861310522,"OPERATE_INCOME_QOQ":-31.75165522806,"NET_PROFIT_RATIO":-43.4872067169,"ROE_AVG":-23.275122616403,"GROSS_PROFIT_QOQ":-3.743769049222,"ROA":-21.218045112782,"HOLDER_PROFIT_QOQ":15.602797134677,"ROE_YEARLY":-23.275122616403,"ROIC_YEARLY":-46.017372019959,"TOTAL_ASSETS":75060272.64,"TOTAL_LIABILITIES":10246233.12,"TAX_EBT":-0.068728522337,"OCF_SALES":-41.69847011582,"TOTAL_PARENT_EQUITY":67292805.84,"DEBT_ASSET_RATIO":13.6506739979,"OPERATE_PROFIT":-23896505.52,"PRETAX_PROFIT":-21792175.2,"NETCASH_OPERATE":-20910170.4,"NETCASH_INVEST":-3525522.96,"NETCASH_FINANCE":4160.4,"END_CASH":33469585.92,"DIVI_RATIO":null,"DIVIDEND_RATE":null,"CURRENT_RATIO":4.642626480086,"COMMON_ACS":4000000000,"CURRENTDEBT_DEBT":98.075361377294,"ISSUED_COMMON_SHARES":1356308176,"HK_COMMON_SHARES":1356308176,"PER_SHARES":2000,"TOTAL_MARKET_CAP":332295503.12,"HKSK_MARKET_CAP":332295503.12,"PE_TTM":-23.214720072656,"PB_TTM":6.153164638175,"REPORT_DATE_SQ":"2019-12-31 00:00:00","REPORT_TYPE_SQ":"2019年年报","OPERATE_INCOME_SQ":104004278.4,"DPS_HKD":null,"OPERATE_INCOME_QOQ_SQ":69.309019478744,"NET_PROFIT_RATIO_SQ":-24.487089408,"HOLDER_PROFIT_SQ":-24048134.88,"HOLDER_PROFIT_QOQ_SQ":-26.901696581736,"ROE_AVG_SQ":-25.72051036558,"PE_TTM_SQ":-23.270729165375,"PB_TTM_SQ":5.079560424288,"ROA_SQ":-21.799739168237,"START_DATE":"2020-07-01 00:00:00","FISCAL_YEAR":"6-30","CURRENCY":"HKD","IS_CNY_CODE":0,"DPS_HKD_LY":null,"ORG_TYPE":"一般企业","PREMIUM_INCOME":null,"PREMIUM_INCOME_YOY":null,"NET_INTEREST_INCOME":null,"NET_INTEREST_INCOME_YOY":null,"FEE_COMMISSION_INCOME":null,"FEE_COMMISSION_INCOME_YOY":null,"ACCOUNTS_RECE_TDAYS":15.552516129032,"INVENTORY_TDAYS":43.876224398931,"CURRENT_ASSETS_TDAYS":0.894034921153,"TOTAL_ASSETS_TDAYS":0.604170426065,"PREMIUM_EXPENSE":null,"LOAN_DEPOSIT":null,"LOAN_EQUITY":null,"LOAN_ASSETS":null,"DEPOSIT_EQUITY":null,"DEPOSIT_ASSETS":null,"EQUITY_MULTIPLIER":1.15808663055,"EQUITY_RATIO":0.152263425371},{"SECUCODE":"00979.HK","SECURITY_CODE":"00979","SECURITY_NAME_ABBR":"绿色能源科技集团","ORG_CODE":"10009184","STD_REPORT_DATE":"2020-06-30 00:00:00","REPORT_DATE":"2020-12-31 00:00:00","DATE_TYPE_CODE":"002","REPORT_TYPE":"2020年中报","PER_NETCASH_OPERATE":-0.004307050414,"PER_OI":0.029744941974,"BPS":0.058785993604,"BASIC_EPS":-0.006059808,"DILUTED_EPS":-0.006059808,"OPERATE_INCOME":33799420.76,"OPERATE_INCOME_YOY":-46.1653953912,"GROSS_PROFIT":4650061,"GROSS_PROFIT_YOY":-6.819694534599,"HOLDER_PROFIT":-6847583.04,"HOLDER_PROFIT_YOY":31.2431336094,"GROSS_PROFIT_RATIO":13.757812694539,"EPS_TTM":-0.021163391576,"OPERATE_INCOME_QOQ":20.111781597976,"NET_PROFIT_RATIO":-22.7072387261,"ROE_AVG":-8.313535551707,"GROSS_PROFIT_QOQ":-0.465441828647,"ROA":-7.614590888884,"HOLDER_PROFIT_QOQ":-88.083478381448,"ROE_YEARLY":-16.627071103413,"ROIC_YEARLY":-39.478855811922,"TOTAL_ASSETS":87869740.92,"TOTAL_LIABILITIES":9051838.2,"TAX_EBT":-0.054860653939,"OCF_SALES":-14.479942229637,"TOTAL_PARENT_EQUITY":79731923.76,"DEBT_ASSET_RATIO":10.3014281199,"OPERATE_PROFIT":-7631991.52,"PRETAX_PROFIT":-7670706.96,"NETCASH_OPERATE":-4894136.6,"NETCASH_INVEST":-2946581.64,"NETCASH_FINANCE":-531916.48,"END_CASH":52248169.56,"DIVI_RATIO":null,"DIVIDEND_RATE":null,"CURRENT_RATIO":6.401022780102,"COMMON_ACS":4000000000,"CURRENTDEBT_DEBT":100,"ISSUED_COMMON_SHARES":1356308176,"HK_COMMON_SHARES":1356308176,"PER_SHARES":2000,"TOTAL_MARKET_CAP":332295503.12,"HKSK_MARKET_CAP":332295503.12,"PE_TTM":-23.214720072656,"PB_TTM":6.153164638175,"REPORT_DATE_SQ":"2019-06-30 00:00:00","REPORT_TYPE_SQ":"2019年中报","OPERATE_INCOME_SQ":66822500.66,"DPS_HKD":null,"OPERATE_INCOME_QOQ_SQ":0,"NET_PROFIT_RATIO_SQ":-16.2070860758,"HOLDER_PROFIT_SQ":-10599764.74,"HOLDER_PROFIT_QOQ_SQ":0,"ROE_AVG_SQ":-10.81691325353,"PE_TTM_SQ":-23.270729165375,"PB_TTM_SQ":5.079560424288,"ROA_SQ":-9.390375519792,"START_DATE":"2020-07-01 00:00:00","FISCAL_YEAR":"6-30","CURRENCY":"HKD","IS_CNY_CODE":0,"DPS_HKD_LY":null,"ORG_TYPE":"一般企业","PREMIUM_INCOME":null,"PREMIUM_INCOME_YOY":null,"NET_INTEREST_INCOME":null,"NET_INTEREST_INCOME_YOY":null,"FEE_COMMISSION_INCOME":null,"FEE_COMMISSION_INCOME_YOY":null,"ACCOUNTS_RECE_TDAYS":13.489754786698,"INVENTORY_TDAYS":41.45302214243,"CURRENT_ASSETS_TDAYS":0.544189386959,"TOTAL_ASSETS_TDAYS":0.375853435972,"PREMIUM_EXPENSE":null,"LOAN_DEPOSIT":null,"LOAN_EQUITY":null,"LOAN_ASSETS":null,"DEPOSIT_EQUITY":null,"DEPOSIT_ASSETS":null,"EQUITY_MULTIPLIER":1.114844951307,"EQUITY_RATIO":0.113528405852},{"SECUCODE":"00979.HK","SECURITY_CODE":"00979","SECURITY_NAME_ABBR":"绿色能源科技集团","ORG_CODE":"10009184","STD_REPORT_DATE":"2019-12-31 00:00:00","REPORT_DATE":"2020-06-30 00:00:00","DATE_TYPE_CODE":"001","REPORT_TYPE":"2019年年报","PER_NETCASH_OPERATE":0.009646397194,"PER_OI":0.091528232038,"BPS":0.068017633774,"BASIC_EPS":-0.021374496,"DILUTED_EPS":-0.021374496,"OPERATE_INCOME":104004278.4,"OPERATE_INCOME_YOY":95.0693004848,"GROSS_PROFIT":9090554.88,"GROSS_PROFIT_YOY":10.407332523211,"HOLDER_PROFIT":-24048134.88,"HOLDER_PROFIT_YOY":-128.9503435081,"GROSS_PROFIT_RATIO":8.740558580713,"EPS_TTM":-0.011252126853,"OPERATE_INCOME_QOQ":69.309019478744,"NET_PROFIT_RATIO":-24.487089408,"ROE_AVG":-25.72051036558,"GROSS_PROFIT_QOQ":10.923617436609,"ROA":-21.799739168237,"HOLDER_PROFIT_QOQ":-26.901696581736,"ROE_YEARLY":-25.72051036558,"ROIC_YEARLY":-35.297035676458,"TOTAL_ASSETS":99831684.48,"TOTAL_LIABILITIES":7455497.28,"TAX_EBT":-0.093340513373,"OCF_SALES":10.539258738802,"TOTAL_PARENT_EQUITY":92252872.8,"DEBT_ASSET_RATIO":7.4680671961,"OPERATE_PROFIT":-24353223.84,"PRETAX_PROFIT":-25443871.2,"NETCASH_OPERATE":10961280,"NETCASH_INVEST":4945364.16,"NETCASH_FINANCE":19399638.72,"END_CASH":64062287.52,"DIVI_RATIO":null,"DIVIDEND_RATE":null,"CURRENT_RATIO":9.648247978437,"COMMON_ACS":4000000000,"CURRENTDEBT_DEBT":100,"ISSUED_COMMON_SHARES":1356308176,"HK_COMMON_SHARES":1356308176,"PER_SHARES":2000,"TOTAL_MARKET_CAP":332295503.12,"HKSK_MARKET_CAP":332295503.12,"PE_TTM":-23.214720072656,"PB_TTM":6.153164638175,"REPORT_DATE_SQ":"2018-12-31 00:00:00","REPORT_TYPE_SQ":"2018年年报","OPERATE_INCOME_SQ":51142917.8,"DPS_HKD":null,"OPERATE_INCOME_QOQ_SQ":23.357553601077,"NET_PROFIT_RATIO_SQ":-21.6964484572,"HOLDER_PROFIT_SQ":-10075423.8,"HOLDER_PROFIT_QOQ_SQ":-171.316632952651,"ROE_AVG_SQ":-9.396488676246,"PE_TTM_SQ":-23.270729165375,"PB_TTM_SQ":5.079560424288,"ROA_SQ":-8.279482019361,"START_DATE":"2019-07-01 00:00:00","FISCAL_YEAR":"6-30","CURRENCY":"HKD","IS_CNY_CODE":0,"DPS_HKD_LY":null,"ORG_TYPE":"一般企业","PREMIUM_INCOME":null,"PREMIUM_INCOME_YOY":null,"NET_INTEREST_INCOME":null,"NET_INTEREST_INCOME_YOY":null,"FEE_COMMISSION_INCOME":null,"FEE_COMMISSION_INCOME_YOY":null,"ACCOUNTS_RECE_TDAYS":22.897938662645,"INVENTORY_TDAYS":113.684901531729,"CURRENT_ASSETS_TDAYS":1.32648306072,"TOTAL_ASSETS_TDAYS":0.94280332043,"PREMIUM_EXPENSE":null,"LOAN_DEPOSIT":null,"LOAN_EQUITY":null,"LOAN_ASSETS":null,"DEPOSIT_EQUITY":null,"DEPOSIT_ASSETS":null,"EQUITY_MULTIPLIER":1.080707999604,"EQUITY_RATIO":0.080815881974}],"count":44},"success":true,"message":"ok","code":0}