{"version":"b6e12060a19675cce951cbbe1e9df7bf","result":{"pages":5,"data":[{"SECUCODE":"00978.HK","SECURITY_CODE":"00978","SECURITY_NAME_ABBR":"招商局置地","ORG_CODE":"10009183","STD_REPORT_DATE":"2024-06-30 00:00:00","REPORT_DATE":"2024-06-30 00:00:00","DATE_TYPE_CODE":"002","REPORT_TYPE":"2024年中报","PER_NETCASH_OPERATE":0.369735914352,"PER_OI":1.069087528051,"BPS":1.94812225427,"BASIC_EPS":-0.0668,"DILUTED_EPS":null,"OPERATE_INCOME":5244150000,"OPERATE_INCOME_YOY":-46.5662132057,"GROSS_PROFIT":198635000,"GROSS_PROFIT_YOY":-89.507460486914,"HOLDER_PROFIT":-327653000,"HOLDER_PROFIT_YOY":-489.4140717851,"GROSS_PROFIT_RATIO":3.787744439042,"EPS_TTM":-0.056751144985,"OPERATE_INCOME_QOQ":-15.868096925628,"NET_PROFIT_RATIO":-4.595825825,"ROE_AVG":-3.366016905849,"GROSS_PROFIT_QOQ":-43.778663613865,"ROA":-0.241903006841,"HOLDER_PROFIT_QOQ":-308.658011902799,"ROE_YEARLY":-6.732033811698,"ROIC_YEARLY":-0.664449509636,"TOTAL_ASSETS":138225631000,"TOTAL_LIABILITIES":103425954000,"TAX_EBT":-14.028065593626,"OCF_SALES":34.584251022568,"TOTAL_PARENT_EQUITY":9556042000,"DEBT_ASSET_RATIO":74.8240056868,"OPERATE_PROFIT":158231000,"PRETAX_PROFIT":-211362000,"NETCASH_OPERATE":1813650000,"NETCASH_INVEST":-3069404000,"NETCASH_FINANCE":3902366000,"END_CASH":12908688000,"DIVI_RATIO":-0.191619746226,"DIVIDEND_RATE":4.8,"CURRENT_RATIO":1.50111161998,"COMMON_ACS":30000000000,"CURRENTDEBT_DEBT":64.595346154603,"ISSUED_COMMON_SHARES":4905257860,"HK_COMMON_SHARES":4905257860,"PER_SHARES":2000,"TOTAL_MARKET_CAP":1226314465,"HKSK_MARKET_CAP":1226314465,"PE_TTM":-4.04669813752,"PB_TTM":0.117123039635,"REPORT_DATE_SQ":"2023-06-30 00:00:00","REPORT_TYPE_SQ":"2023年中报","OPERATE_INCOME_SQ":9814296000,"DPS_HKD":0.012,"OPERATE_INCOME_QOQ_SQ":-13.324601665938,"NET_PROFIT_RATIO_SQ":8.2915779186,"HOLDER_PROFIT_SQ":84140000,"HOLDER_PROFIT_QOQ_SQ":-50.240703272169,"ROE_AVG_SQ":0.852902671884,"PE_TTM_SQ":8.746270672477,"PB_TTM_SQ":0.137498969342,"ROA_SQ":0.062224939919,"START_DATE":"2024-01-01 00:00:00","FISCAL_YEAR":"12-31","CURRENCY":"HKD","IS_CNY_CODE":0,"DPS_HKD_LY":0.012,"ORG_TYPE":"一般企业","PREMIUM_INCOME":null,"PREMIUM_INCOME_YOY":null,"NET_INTEREST_INCOME":null,"NET_INTEREST_INCOME_YOY":null,"FEE_COMMISSION_INCOME":null,"FEE_COMMISSION_INCOME_YOY":null,"ACCOUNTS_RECE_TDAYS":0.378264016187,"INVENTORY_TDAYS":0.074630288669,"CURRENT_ASSETS_TDAYS":0.05430337399,"TOTAL_ASSETS_TDAYS":0.038717046794,"PREMIUM_EXPENSE":null,"LOAN_DEPOSIT":null,"LOAN_EQUITY":null,"LOAN_ASSETS":null,"DEPOSIT_EQUITY":null,"DEPOSIT_ASSETS":null,"EQUITY_MULTIPLIER":3.972037757713,"EQUITY_RATIO":10.823095377773},{"SECUCODE":"00978.HK","SECURITY_CODE":"00978","SECURITY_NAME_ABBR":"招商局置地","ORG_CODE":"10009183","STD_REPORT_DATE":"2023-12-31 00:00:00","REPORT_DATE":"2023-12-31 00:00:00","DATE_TYPE_CODE":"001","REPORT_TYPE":"2023年年报","PER_NETCASH_OPERATE":-0.11248909145,"PER_OI":5.871423240531,"BPS":2.02073984343,"BASIC_EPS":0.0272,"DILUTED_EPS":null,"OPERATE_INCOME":28800845000,"OPERATE_INCOME_YOY":-3.583708495,"GROSS_PROFIT":3870543000,"GROSS_PROFIT_YOY":-3.321816006013,"HOLDER_PROFIT":133414000,"HOLDER_PROFIT_YOY":-59.5296958372,"GROSS_PROFIT_RATIO":13.438991112934,"EPS_TTM":0.027198162422,"OPERATE_INCOME_QOQ":11.238359855501,"NET_PROFIT_RATIO":4.346452335,"ROE_AVG":1.349315413123,"GROSS_PROFIT_QOQ":3.541616285266,"ROA":0.101248071409,"HOLDER_PROFIT_QOQ":-18.667853398035,"ROE_YEARLY":1.349315413123,"ROIC_YEARLY":0.138370580162,"TOTAL_ASSETS":132670547000,"TOTAL_LIABILITIES":97545558000,"TAX_EBT":53.482629586001,"OCF_SALES":-1.91587434327,"TOTAL_PARENT_EQUITY":9912250000,"DEBT_ASSET_RATIO":73.5246520089,"OPERATE_PROFIT":3056928000,"PRETAX_PROFIT":2691070000,"NETCASH_OPERATE":-551788000,"NETCASH_INVEST":-4352472000,"NETCASH_FINANCE":334307000,"END_CASH":6755442000,"DIVI_RATIO":0.399829952889,"DIVIDEND_RATE":4.363636363636,"CURRENT_RATIO":1.3213814234,"COMMON_ACS":30000000000,"CURRENTDEBT_DEBT":72.040017444977,"ISSUED_COMMON_SHARES":4905257860,"HK_COMMON_SHARES":4905257860,"PER_SHARES":2000,"TOTAL_MARKET_CAP":1348945911.5,"HKSK_MARKET_CAP":1348945911.5,"PE_TTM":-4.451367951272,"PB_TTM":0.128835343598,"REPORT_DATE_SQ":"2022-12-31 00:00:00","REPORT_TYPE_SQ":"2022年年报","OPERATE_INCOME_SQ":29871347000,"DPS_HKD":0.012,"OPERATE_INCOME_QOQ_SQ":-7.836676306612,"NET_PROFIT_RATIO_SQ":5.7915901817,"HOLDER_PROFIT_SQ":329659000,"HOLDER_PROFIT_QOQ_SQ":-35.81630706089,"ROE_AVG_SQ":3.363648194962,"PE_TTM_SQ":8.454728316728,"PB_TTM_SQ":0.132915670364,"ROA_SQ":0.244557823577,"START_DATE":"2023-01-01 00:00:00","FISCAL_YEAR":"12-31","CURRENCY":"HKD","IS_CNY_CODE":0,"DPS_HKD_LY":0.03,"ORG_TYPE":"一般企业","PREMIUM_INCOME":null,"PREMIUM_INCOME_YOY":null,"NET_INTEREST_INCOME":null,"NET_INTEREST_INCOME_YOY":null,"FEE_COMMISSION_INCOME":null,"FEE_COMMISSION_INCOME_YOY":null,"ACCOUNTS_RECE_TDAYS":1.896729781462,"INVENTORY_TDAYS":0.380710303821,"CURRENT_ASSETS_TDAYS":0.302789316376,"TOTAL_ASSETS_TDAYS":0.218570015979,"PREMIUM_EXPENSE":null,"LOAN_DEPOSIT":null,"LOAN_EQUITY":null,"LOAN_ASSETS":null,"DEPOSIT_EQUITY":null,"DEPOSIT_ASSETS":null,"EQUITY_MULTIPLIER":3.777098606357,"EQUITY_RATIO":9.840909783349},{"SECUCODE":"00978.HK","SECURITY_CODE":"00978","SECURITY_NAME_ABBR":"招商局置地","ORG_CODE":"10009183","STD_REPORT_DATE":"2023-06-30 00:00:00","REPORT_DATE":"2023-06-30 00:00:00","DATE_TYPE_CODE":"002","REPORT_TYPE":"2023年中报","PER_NETCASH_OPERATE":0.765525708775,"PER_OI":2.000770658772,"BPS":2.01160780567,"BASIC_EPS":0.0172,"DILUTED_EPS":null,"OPERATE_INCOME":9814296000,"OPERATE_INCOME_YOY":-28.8537329351,"GROSS_PROFIT":1893107000,"GROSS_PROFIT_YOY":-12.294763742027,"HOLDER_PROFIT":84140000,"HOLDER_PROFIT_YOY":-66.3120638365,"GROSS_PROFIT_RATIO":19.289279638601,"EPS_TTM":0.033440851568,"OPERATE_INCOME_QOQ":-13.324601665938,"NET_PROFIT_RATIO":8.2915779186,"ROE_AVG":0.852902671884,"GROSS_PROFIT_QOQ":-6.628670227022,"ROA":0.062224939919,"HOLDER_PROFIT_QOQ":-50.240703272169,"ROE_YEARLY":1.705805343769,"ROIC_YEARLY":0.170215327852,"TOTAL_ASSETS":139569888000,"TOTAL_LIABILITIES":104369639000,"TAX_EBT":46.911753577011,"OCF_SALES":38.261542142198,"TOTAL_PARENT_EQUITY":9867455000,"DEBT_ASSET_RATIO":74.7794818034,"OPERATE_PROFIT":1722394000,"PRETAX_PROFIT":1532844000,"NETCASH_OPERATE":3755101000,"NETCASH_INVEST":-3932398000,"NETCASH_FINANCE":-5952000,"END_CASH":12172373000,"DIVI_RATIO":0.325190283442,"DIVIDEND_RATE":4.363636363636,"CURRENT_RATIO":1.34406762276,"COMMON_ACS":30000000000,"CURRENTDEBT_DEBT":78.325100846617,"ISSUED_COMMON_SHARES":4905257860,"HK_COMMON_SHARES":4905257860,"PER_SHARES":2000,"TOTAL_MARKET_CAP":1348945911.5,"HKSK_MARKET_CAP":1348945911.5,"PE_TTM":-4.451367951272,"PB_TTM":0.128835343598,"REPORT_DATE_SQ":"2022-06-30 00:00:00","REPORT_TYPE_SQ":"2022年中报","OPERATE_INCOME_SQ":13794534000,"DPS_HKD":0.012,"OPERATE_INCOME_QOQ_SQ":25.036830549689,"NET_PROFIT_RATIO_SQ":5.9782374671,"HOLDER_PROFIT_SQ":249763000,"HOLDER_PROFIT_QOQ_SQ":-8.375596938111,"ROE_AVG_SQ":2.562450254118,"PE_TTM_SQ":8.454728316728,"PB_TTM_SQ":0.132915670364,"ROA_SQ":0.182315828853,"START_DATE":"2023-01-01 00:00:00","FISCAL_YEAR":"12-31","CURRENCY":"HKD","IS_CNY_CODE":0,"DPS_HKD_LY":0.03,"ORG_TYPE":"一般企业","PREMIUM_INCOME":null,"PREMIUM_INCOME_YOY":null,"NET_INTEREST_INCOME":null,"NET_INTEREST_INCOME_YOY":null,"FEE_COMMISSION_INCOME":null,"FEE_COMMISSION_INCOME_YOY":null,"ACCOUNTS_RECE_TDAYS":0.479680247577,"INVENTORY_TDAYS":0.116763335366,"CURRENT_ASSETS_TDAYS":0.094707310259,"TOTAL_ASSETS_TDAYS":0.072580696333,"PREMIUM_EXPENSE":null,"LOAN_DEPOSIT":null,"LOAN_EQUITY":null,"LOAN_ASSETS":null,"DEPOSIT_EQUITY":null,"DEPOSIT_ASSETS":null,"EQUITY_MULTIPLIER":3.965025588312,"EQUITY_RATIO":10.577158852004},{"SECUCODE":"00978.HK","SECURITY_CODE":"00978","SECURITY_NAME_ABBR":"招商局置地","ORG_CODE":"10009183","STD_REPORT_DATE":"2022-12-31 00:00:00","REPORT_DATE":"2022-12-31 00:00:00","DATE_TYPE_CODE":"001","REPORT_TYPE":"2022年年报","PER_NETCASH_OPERATE":1.25406536732,"PER_OI":6.089658862501,"BPS":2.010661881902,"BASIC_EPS":0.0672,"DILUTED_EPS":null,"OPERATE_INCOME":29871347000,"OPERATE_INCOME_YOY":15.2380988755,"GROSS_PROFIT":4003533000,"GROSS_PROFIT_YOY":-16.449477445719,"HOLDER_PROFIT":329659000,"HOLDER_PROFIT_YOY":-41.1920744815,"GROSS_PROFIT_RATIO":13.402586096971,"EPS_TTM":0.067205233529,"OPERATE_INCOME_QOQ":-7.836676306612,"NET_PROFIT_RATIO":5.7915901817,"ROE_AVG":3.363648194962,"GROSS_PROFIT_QOQ":-27.125321025469,"ROA":0.244557823577,"HOLDER_PROFIT_QOQ":-35.81630706089,"ROE_YEARLY":3.363648194962,"ROIC_YEARLY":0.336638273904,"TOTAL_ASSETS":130868300000,"TOTAL_LIABILITIES":98142035000,"TAX_EBT":41.957960077742,"OCF_SALES":20.593359917783,"TOTAL_PARENT_EQUITY":9862815000,"DEBT_ASSET_RATIO":74.992977673,"OPERATE_PROFIT":3314421000,"PRETAX_PROFIT":2980643000,"NETCASH_OPERATE":5148649000,"NETCASH_INVEST":-6574475000,"NETCASH_FINANCE":-1762113000,"END_CASH":11340682000,"DIVI_RATIO":0.161812398068,"DIVIDEND_RATE":4.363636363636,"CURRENT_RATIO":1.523000854392,"COMMON_ACS":30000000000,"CURRENTDEBT_DEBT":65.150666582367,"ISSUED_COMMON_SHARES":4905257860,"HK_COMMON_SHARES":4905257860,"PER_SHARES":2000,"TOTAL_MARKET_CAP":1348945911.5,"HKSK_MARKET_CAP":1348945911.5,"PE_TTM":-4.451367951272,"PB_TTM":0.128835343598,"REPORT_DATE_SQ":"2021-12-31 00:00:00","REPORT_TYPE_SQ":"2021年年报","OPERATE_INCOME_SQ":25921416000,"DPS_HKD":0.012,"OPERATE_INCOME_QOQ_SQ":11.344299002217,"NET_PROFIT_RATIO_SQ":6.1064025206,"HOLDER_PROFIT_SQ":560569000,"HOLDER_PROFIT_QOQ_SQ":-38.743193463539,"ROE_AVG_SQ":5.827305941332,"PE_TTM_SQ":8.454728316728,"PB_TTM_SQ":0.132915670364,"ROA_SQ":0.448897744944,"START_DATE":"2022-01-01 00:00:00","FISCAL_YEAR":"12-31","CURRENCY":"HKD","IS_CNY_CODE":0,"DPS_HKD_LY":0.06,"ORG_TYPE":"一般企业","PREMIUM_INCOME":null,"PREMIUM_INCOME_YOY":null,"NET_INTEREST_INCOME":null,"NET_INTEREST_INCOME_YOY":null,"FEE_COMMISSION_INCOME":null,"FEE_COMMISSION_INCOME_YOY":null,"ACCOUNTS_RECE_TDAYS":1.484485564215,"INVENTORY_TDAYS":0.375023868655,"CURRENT_ASSETS_TDAYS":0.283472855253,"TOTAL_ASSETS_TDAYS":0.221600854508,"PREMIUM_EXPENSE":null,"LOAN_DEPOSIT":null,"LOAN_EQUITY":null,"LOAN_ASSETS":null,"DEPOSIT_EQUITY":null,"DEPOSIT_ASSETS":null,"EQUITY_MULTIPLIER":3.998876743195,"EQUITY_RATIO":9.950712347337},{"SECUCODE":"00978.HK","SECURITY_CODE":"00978","SECURITY_NAME_ABBR":"招商局置地","ORG_CODE":"10009183","STD_REPORT_DATE":"2022-06-30 00:00:00","REPORT_DATE":"2022-06-30 00:00:00","DATE_TYPE_CODE":"002","REPORT_TYPE":"2022年中报","PER_NETCASH_OPERATE":-0.170729454781,"PER_OI":2.812193445015,"BPS":1.988807577182,"BASIC_EPS":0.0509,"DILUTED_EPS":null,"OPERATE_INCOME":13794534000,"OPERATE_INCOME_YOY":88.8463664088,"GROSS_PROFIT":2158488000,"GROSS_PROFIT_YOY":48.195282441113,"HOLDER_PROFIT":249763000,"HOLDER_PROFIT_YOY":-15.8236551022,"GROSS_PROFIT_RATIO":15.64741512834,"EPS_TTM":0.104707645278,"OPERATE_INCOME_QOQ":25.036830549689,"NET_PROFIT_RATIO":5.9782374671,"ROE_AVG":2.562450254118,"GROSS_PROFIT_QOQ":14.649592601953,"ROA":0.182315828853,"HOLDER_PROFIT_QOQ":-8.375596938111,"ROE_YEARLY":5.124900508236,"ROIC_YEARLY":0.502435743561,"TOTAL_ASSETS":135261720000,"TOTAL_LIABILITIES":102617604000,"TAX_EBT":51.154720253315,"OCF_SALES":-6.071042341844,"TOTAL_PARENT_EQUITY":9755614000,"DEBT_ASSET_RATIO":75.8659611899,"OPERATE_PROFIT":1771011000,"PRETAX_PROFIT":1688331000,"NETCASH_OPERATE":-837472000,"NETCASH_INVEST":-1587710000,"NETCASH_FINANCE":1734600000,"END_CASH":13723717000,"DIVI_RATIO":0.103857172713,"DIVIDEND_RATE":4.363636363636,"CURRENT_RATIO":1.665559433576,"COMMON_ACS":30000000000,"CURRENTDEBT_DEBT":64.042983307231,"ISSUED_COMMON_SHARES":4905257860,"HK_COMMON_SHARES":4905257860,"PER_SHARES":2000,"TOTAL_MARKET_CAP":1348945911.5,"HKSK_MARKET_CAP":1348945911.5,"PE_TTM":-4.451367951272,"PB_TTM":0.128835343598,"REPORT_DATE_SQ":"2021-06-30 00:00:00","REPORT_TYPE_SQ":"2021年中报","OPERATE_INCOME_SQ":7304633000,"DPS_HKD":0.012,"OPERATE_INCOME_QOQ_SQ":22.81020602099,"NET_PROFIT_RATIO_SQ":7.6686672691,"HOLDER_PROFIT_SQ":296714000,"HOLDER_PROFIT_QOQ_SQ":30.495536605539,"ROE_AVG_SQ":3.119958860967,"PE_TTM_SQ":8.454728316728,"PB_TTM_SQ":0.132915670364,"ROA_SQ":0.24115997171,"START_DATE":"2022-01-01 00:00:00","FISCAL_YEAR":"12-31","CURRENCY":"HKD","IS_CNY_CODE":0,"DPS_HKD_LY":0.06,"ORG_TYPE":"一般企业","PREMIUM_INCOME":null,"PREMIUM_INCOME_YOY":null,"NET_INTEREST_INCOME":null,"NET_INTEREST_INCOME_YOY":null,"FEE_COMMISSION_INCOME":null,"FEE_COMMISSION_INCOME_YOY":null,"ACCOUNTS_RECE_TDAYS":0.61118681114,"INVENTORY_TDAYS":0.162295730705,"CURRENT_ASSETS_TDAYS":0.123811431253,"TOTAL_ASSETS_TDAYS":0.100693933843,"PREMIUM_EXPENSE":null,"LOAN_DEPOSIT":null,"LOAN_EQUITY":null,"LOAN_ASSETS":null,"DEPOSIT_EQUITY":null,"DEPOSIT_ASSETS":null,"EQUITY_MULTIPLIER":4.143525283391,"EQUITY_RATIO":10.5188257756},{"SECUCODE":"00978.HK","SECURITY_CODE":"00978","SECURITY_NAME_ABBR":"招商局置地","ORG_CODE":"10009183","STD_REPORT_DATE":"2021-12-31 00:00:00","REPORT_DATE":"2021-12-31 00:00:00","DATE_TYPE_CODE":"001","REPORT_TYPE":"2021年年报","PER_NETCASH_OPERATE":-1.246254564893,"PER_OI":5.284414548596,"BPS":1.985310921045,"BASIC_EPS":0.1143,"DILUTED_EPS":null,"OPERATE_INCOME":25921416000,"OPERATE_INCOME_YOY":36.7421629972,"GROSS_PROFIT":4791751000,"GROSS_PROFIT_YOY":1.52926873092,"HOLDER_PROFIT":560569000,"HOLDER_PROFIT_YOY":-20.0626016028,"GROSS_PROFIT_RATIO":18.48568380678,"EPS_TTM":0.114279211409,"OPERATE_INCOME_QOQ":11.344299002217,"NET_PROFIT_RATIO":6.1064025206,"ROE_AVG":5.827305941332,"GROSS_PROFIT_QOQ":-9.599650152087,"ROA":0.448897744944,"HOLDER_PROFIT_QOQ":-38.743193463539,"ROE_YEARLY":5.827305941332,"ROIC_YEARLY":0.623778315577,"TOTAL_ASSETS":138727655000,"TOTAL_LIABILITIES":104877058000,"TAX_EBT":55.170639295879,"OCF_SALES":-23.583588180522,"TOTAL_PARENT_EQUITY":9738462000,"DEBT_ASSET_RATIO":75.5992437124,"OPERATE_PROFIT":3754420000,"PRETAX_PROFIT":3530869000,"NETCASH_OPERATE":-6113200000,"NETCASH_INVEST":-997669000,"NETCASH_FINANCE":11820353000,"END_CASH":14423276000,"DIVI_RATIO":0.095158514536,"DIVIDEND_RATE":4.363636363636,"CURRENT_RATIO":1.499693194186,"COMMON_ACS":30000000000,"CURRENTDEBT_DEBT":72.081233438108,"ISSUED_COMMON_SHARES":4905257860,"HK_COMMON_SHARES":4905257860,"PER_SHARES":2000,"TOTAL_MARKET_CAP":1348945911.5,"HKSK_MARKET_CAP":1348945911.5,"PE_TTM":-4.451367951272,"PB_TTM":0.128835343598,"REPORT_DATE_SQ":"2020-12-31 00:00:00","REPORT_TYPE_SQ":"2020年年报","OPERATE_INCOME_SQ":18956418000,"DPS_HKD":0.012,"OPERATE_INCOME_QOQ_SQ":-2.933905981302,"NET_PROFIT_RATIO_SQ":7.9838131866,"HOLDER_PROFIT_SQ":701260000,"HOLDER_PROFIT_QOQ_SQ":-49.408274632138,"ROE_AVG_SQ":7.379094924954,"PE_TTM_SQ":8.454728316728,"PB_TTM_SQ":0.132915670364,"ROA_SQ":0.703201560605,"START_DATE":"2021-01-01 00:00:00","FISCAL_YEAR":"12-31","CURRENCY":"HKD","IS_CNY_CODE":0,"DPS_HKD_LY":0.07,"ORG_TYPE":"一般企业","PREMIUM_INCOME":null,"PREMIUM_INCOME_YOY":null,"NET_INTEREST_INCOME":null,"NET_INTEREST_INCOME_YOY":null,"FEE_COMMISSION_INCOME":null,"FEE_COMMISSION_INCOME_YOY":null,"ACCOUNTS_RECE_TDAYS":1.211159100046,"INVENTORY_TDAYS":0.338647487963,"CURRENT_ASSETS_TDAYS":0.255135556614,"TOTAL_ASSETS_TDAYS":0.207575966351,"PREMIUM_EXPENSE":null,"LOAN_DEPOSIT":null,"LOAN_EQUITY":null,"LOAN_ASSETS":null,"DEPOSIT_EQUITY":null,"DEPOSIT_ASSETS":null,"EQUITY_MULTIPLIER":4.098233629374,"EQUITY_RATIO":10.769365634943},{"SECUCODE":"00978.HK","SECURITY_CODE":"00978","SECURITY_NAME_ABBR":"招商局置地","ORG_CODE":"10009183","STD_REPORT_DATE":"2021-06-30 00:00:00","REPORT_DATE":"2021-06-30 00:00:00","DATE_TYPE_CODE":"002","REPORT_TYPE":"2021年中报","PER_NETCASH_OPERATE":-0.669268995371,"PER_OI":1.48914352894,"BPS":1.940663115313,"BASIC_EPS":0.0605,"DILUTED_EPS":null,"OPERATE_INCOME":7304633000,"OPERATE_INCOME_YOY":145.0696915255,"GROSS_PROFIT":1456516000,"GROSS_PROFIT_YOY":66.363336276403,"HOLDER_PROFIT":296714000,"HOLDER_PROFIT_YOY":258.0864339074,"GROSS_PROFIT_RATIO":19.939619143084,"EPS_TTM":0.186557572735,"OPERATE_INCOME_QOQ":22.81020602099,"NET_PROFIT_RATIO":7.6686672691,"ROE_AVG":3.119958860967,"GROSS_PROFIT_QOQ":12.310703334367,"ROA":0.24115997171,"HOLDER_PROFIT_QOQ":30.495536605539,"ROE_YEARLY":6.239917721934,"ROIC_YEARLY":0.65945629938,"TOTAL_ASSETS":135046463000,"TOTAL_LIABILITIES":103380263000,"TAX_EBT":44.521013297098,"OCF_SALES":-44.943216175269,"TOTAL_PARENT_EQUITY":9519453000,"DEBT_ASSET_RATIO":76.5516257912,"OPERATE_PROFIT":1236600000,"PRETAX_PROFIT":1009694000,"NETCASH_OPERATE":-3282937000,"NETCASH_INVEST":-6226838000,"NETCASH_FINANCE":12256514000,"END_CASH":12465948000,"DIVI_RATIO":0.058291067152,"DIVIDEND_RATE":4.363636363636,"CURRENT_RATIO":1.206528443659,"COMMON_ACS":30000000000,"CURRENTDEBT_DEBT":90.202307765458,"ISSUED_COMMON_SHARES":4905257860,"HK_COMMON_SHARES":4905257860,"PER_SHARES":2000,"TOTAL_MARKET_CAP":1348945911.5,"HKSK_MARKET_CAP":1348945911.5,"PE_TTM":-4.451367951272,"PB_TTM":0.128835343598,"REPORT_DATE_SQ":"2020-06-30 00:00:00","REPORT_TYPE_SQ":"2020年中报","OPERATE_INCOME_SQ":2980635000,"DPS_HKD":0.012,"OPERATE_INCOME_QOQ_SQ":0.391177946975,"NET_PROFIT_RATIO_SQ":5.6249087862,"HOLDER_PROFIT_SQ":82861000,"HOLDER_PROFIT_QOQ_SQ":-22.756245576688,"ROE_AVG_SQ":0.8967157883,"PE_TTM_SQ":8.454728316728,"PB_TTM_SQ":0.132915670364,"ROA_SQ":0.090463060582,"START_DATE":"2021-01-01 00:00:00","FISCAL_YEAR":"12-31","CURRENCY":"HKD","IS_CNY_CODE":0,"DPS_HKD_LY":0.07,"ORG_TYPE":"一般企业","PREMIUM_INCOME":null,"PREMIUM_INCOME_YOY":null,"NET_INTEREST_INCOME":null,"NET_INTEREST_INCOME_YOY":null,"FEE_COMMISSION_INCOME":null,"FEE_COMMISSION_INCOME_YOY":null,"ACCOUNTS_RECE_TDAYS":null,"INVENTORY_TDAYS":0.104419512999,"CURRENT_ASSETS_TDAYS":0.072203059993,"TOTAL_ASSETS_TDAYS":0.059369800132,"PREMIUM_EXPENSE":null,"LOAN_DEPOSIT":null,"LOAN_EQUITY":null,"LOAN_ASSETS":null,"DEPOSIT_EQUITY":null,"DEPOSIT_ASSETS":null,"EQUITY_MULTIPLIER":4.264687995404,"EQUITY_RATIO":10.859895311212},{"SECUCODE":"00978.HK","SECURITY_CODE":"00978","SECURITY_NAME_ABBR":"招商局置地","ORG_CODE":"10009183","STD_REPORT_DATE":"2020-12-31 00:00:00","REPORT_DATE":"2020-12-31 00:00:00","DATE_TYPE_CODE":"001","REPORT_TYPE":"2020年年报","PER_NETCASH_OPERATE":1.563649907693,"PER_OI":3.864509989287,"BPS":1.936886147714,"BASIC_EPS":0.143,"DILUTED_EPS":null,"OPERATE_INCOME":18956418000,"OPERATE_INCOME_YOY":-2.5542048275,"GROSS_PROFIT":4719576000,"GROSS_PROFIT_YOY":-25.436755524969,"HOLDER_PROFIT":701260000,"HOLDER_PROFIT_YOY":-60.9210518983,"GROSS_PROFIT_RATIO":24.896982119723,"EPS_TTM":0.142960884018,"OPERATE_INCOME_QOQ":-2.933905981302,"NET_PROFIT_RATIO":7.9838131866,"ROE_AVG":7.379094924954,"GROSS_PROFIT_QOQ":-24.552537972107,"ROA":0.703201560605,"HOLDER_PROFIT_QOQ":-49.408274632138,"ROE_YEARLY":7.379094924954,"ROIC_YEARLY":1.004084679937,"TOTAL_ASSETS":111025883000,"TOTAL_LIABILITIES":79759049000,"TAX_EBT":58.019869375609,"OCF_SALES":40.46178977484,"TOTAL_PARENT_EQUITY":9500926000,"DEBT_ASSET_RATIO":71.8382478435,"OPERATE_PROFIT":4186500000,"PRETAX_PROFIT":3605146000,"NETCASH_OPERATE":7670106000,"NETCASH_INVEST":-16737617000,"NETCASH_FINANCE":9876485000,"END_CASH":9718815000,"DIVI_RATIO":0.076067240873,"DIVIDEND_RATE":4.363636363636,"CURRENT_RATIO":1.267556507061,"COMMON_ACS":30000000000,"CURRENTDEBT_DEBT":88.84884397255,"ISSUED_COMMON_SHARES":4905257860,"HK_COMMON_SHARES":4905257860,"PER_SHARES":2000,"TOTAL_MARKET_CAP":1348945911.5,"HKSK_MARKET_CAP":1348945911.5,"PE_TTM":-4.451367951272,"PB_TTM":0.128835343598,"REPORT_DATE_SQ":"2019-12-31 00:00:00","REPORT_TYPE_SQ":"2019年年报","OPERATE_INCOME_SQ":19453295000,"DPS_HKD":0.012,"OPERATE_INCOME_QOQ_SQ":67.529837435741,"NET_PROFIT_RATIO_SQ":13.8780396843,"HOLDER_PROFIT_SQ":1794470000,"HOLDER_PROFIT_QOQ_SQ":40.164497836377,"ROE_AVG_SQ":20.364358451838,"PE_TTM_SQ":8.454728316728,"PB_TTM_SQ":0.132915670364,"ROA_SQ":2.247405665245,"START_DATE":"2020-01-01 00:00:00","FISCAL_YEAR":"12-31","CURRENCY":"HKD","IS_CNY_CODE":0,"DPS_HKD_LY":0.14,"ORG_TYPE":"一般企业","PREMIUM_INCOME":null,"PREMIUM_INCOME_YOY":null,"NET_INTEREST_INCOME":null,"NET_INTEREST_INCOME_YOY":null,"FEE_COMMISSION_INCOME":null,"FEE_COMMISSION_INCOME_YOY":null,"ACCOUNTS_RECE_TDAYS":null,"INVENTORY_TDAYS":0.29286079554,"CURRENT_ASSETS_TDAYS":0.231726487703,"TOTAL_ASSETS_TDAYS":0.190089021491,"PREMIUM_EXPENSE":null,"LOAN_DEPOSIT":null,"LOAN_EQUITY":null,"LOAN_ASSETS":null,"DEPOSIT_EQUITY":null,"DEPOSIT_ASSETS":null,"EQUITY_MULTIPLIER":3.550915420471,"EQUITY_RATIO":8.394871089407},{"SECUCODE":"00978.HK","SECURITY_CODE":"00978","SECURITY_NAME_ABBR":"招商局置地","ORG_CODE":"10009183","STD_REPORT_DATE":"2020-06-30 00:00:00","REPORT_DATE":"2020-06-30 00:00:00","DATE_TYPE_CODE":"002","REPORT_TYPE":"2020年中报","PER_NETCASH_OPERATE":-0.267009000828,"PER_OI":0.607640838682,"BPS":1.829721139267,"BASIC_EPS":0.0169,"DILUTED_EPS":null,"OPERATE_INCOME":2980635000,"OPERATE_INCOME_YOY":2.6199347366,"GROSS_PROFIT":875503000,"GROSS_PROFIT_YOY":-7.811124542479,"HOLDER_PROFIT":82861000,"HOLDER_PROFIT_YOY":-83.1314190324,"GROSS_PROFIT_RATIO":29.373036282537,"EPS_TTM":0.282577601333,"OPERATE_INCOME_QOQ":0.391177946975,"NET_PROFIT_RATIO":5.6249087862,"ROE_AVG":0.8967157883,"GROSS_PROFIT_QOQ":-1.171964608347,"ROA":0.090463060582,"HOLDER_PROFIT_QOQ":-22.756245576688,"ROE_YEARLY":1.793431576601,"ROIC_YEARLY":0.262778746739,"TOTAL_ASSETS":94771095000,"TOTAL_LIABILITIES":65483428000,"TAX_EBT":64.3775018485,"OCF_SALES":-43.941911706734,"TOTAL_PARENT_EQUITY":8975254000,"DEBT_ASSET_RATIO":69.096413838,"OPERATE_PROFIT":738991000,"PRETAX_PROFIT":470652000,"NETCASH_OPERATE":-1309748000,"NETCASH_INVEST":-315131000,"NETCASH_FINANCE":1132491000,"END_CASH":8468524000,"DIVI_RATIO":0.038483729597,"DIVIDEND_RATE":4.363636363636,"CURRENT_RATIO":1.580665306324,"COMMON_ACS":30000000000,"CURRENTDEBT_DEBT":78.683643440292,"ISSUED_COMMON_SHARES":4905257860,"HK_COMMON_SHARES":4905257860,"PER_SHARES":2000,"TOTAL_MARKET_CAP":1348945911.5,"HKSK_MARKET_CAP":1348945911.5,"PE_TTM":-4.451367951272,"PB_TTM":0.128835343598,"REPORT_DATE_SQ":"2019-06-30 00:00:00","REPORT_TYPE_SQ":"2019年中报","OPERATE_INCOME_SQ":2904538000,"DPS_HKD":0.012,"OPERATE_INCOME_QOQ_SQ":-2.877742610572,"NET_PROFIT_RATIO_SQ":18.186128052,"HOLDER_PROFIT_SQ":491215000,"HOLDER_PROFIT_QOQ_SQ":5.273111800364,"ROE_AVG_SQ":6.023269809723,"PE_TTM_SQ":8.454728316728,"PB_TTM_SQ":0.132915670364,"ROA_SQ":0.642741922399,"START_DATE":"2020-01-01 00:00:00","FISCAL_YEAR":"12-31","CURRENCY":"HKD","IS_CNY_CODE":0,"DPS_HKD_LY":0.14,"ORG_TYPE":"一般企业","PREMIUM_INCOME":null,"PREMIUM_INCOME_YOY":null,"NET_INTEREST_INCOME":null,"NET_INTEREST_INCOME_YOY":null,"FEE_COMMISSION_INCOME":null,"FEE_COMMISSION_INCOME_YOY":null,"ACCOUNTS_RECE_TDAYS":null,"INVENTORY_TDAYS":0.043217081917,"CURRENT_ASSETS_TDAYS":0.038403247388,"TOTAL_ASSETS_TDAYS":0.032540925716,"PREMIUM_EXPENSE":null,"LOAN_DEPOSIT":null,"LOAN_EQUITY":null,"LOAN_ASSETS":null,"DEPOSIT_EQUITY":null,"DEPOSIT_ASSETS":null,"EQUITY_MULTIPLIER":3.235870409207,"EQUITY_RATIO":7.295997194063}],"count":44},"success":true,"message":"ok","code":0}