{"version":"f4bb0d3ee6ec3d5d3e483dafdbdb8fe8","result":{"pages":4,"data":[{"SECUCODE":"00975.HK","SECURITY_CODE":"00975","SECURITY_NAME_ABBR":"MONGOL MINING","ORG_CODE":"10152982","STD_REPORT_DATE":"2024-06-30 00:00:00","REPORT_DATE":"2024-06-30 00:00:00","DATE_TYPE_CODE":"002","REPORT_TYPE":"2024年中报","PER_NETCASH_OPERATE":1.085409719413,"PER_OI":3.680739699423,"BPS":8.315376570391,"BASIC_EPS":0.8587794,"DILUTED_EPS":0.8445258,"OPERATE_INCOME":3856518157.2,"OPERATE_INCOME_YOY":4.7276858377,"GROSS_PROFIT":1595184517.2,"GROSS_PROFIT_YOY":-1.928735111509,"HOLDER_PROFIT":947828766,"HOLDER_PROFIT_YOY":-2.6640319098,"GROSS_PROFIT_RATIO":41.363334805564,"EPS_TTM":1.582577587323,"OPERATE_INCOME_QOQ":1.677371967269,"NET_PROFIT_RATIO":24.5634589904,"ROE_AVG":11.388874021901,"GROSS_PROFIT_QOQ":-1.002936655322,"ROA":6.269992244718,"HOLDER_PROFIT_QOQ":-2.324920963145,"ROE_YEARLY":22.777748043802,"ROIC_YEARLY":14.981005511077,"TOTAL_ASSETS":15920052517.2,"TOTAL_LIABILITIES":5924687010,"TAX_EBT":28.232041812449,"OCF_SALES":29.488901906939,"TOTAL_PARENT_EQUITY":8699599238.4,"DEBT_ASSET_RATIO":37.2152478995,"OPERATE_PROFIT":1455413715.6,"PRETAX_PROFIT":1319940374.4,"NETCASH_OPERATE":1137244856.4,"NETCASH_INVEST":-672969470.4,"NETCASH_FINANCE":286148146.8,"END_CASH":1985497972.8,"DIVI_RATIO":null,"DIVIDEND_RATE":null,"CURRENT_RATIO":1.253612873937,"COMMON_ACS":1500000000,"CURRENTDEBT_DEBT":50.874447418278,"ISSUED_COMMON_SHARES":1046206286,"HK_COMMON_SHARES":1046206286,"PER_SHARES":3000,"TOTAL_MARKET_CAP":7114202744.8,"HKSK_MARKET_CAP":7114202744.8,"PE_TTM":3.864378481301,"PB_TTM":0.746355135059,"REPORT_DATE_SQ":"2023-06-30 00:00:00","REPORT_TYPE_SQ":"2023年中报","OPERATE_INCOME_SQ":3733578085.8,"DPS_HKD":null,"OPERATE_INCOME_QOQ_SQ":79.343738219466,"NET_PROFIT_RATIO_SQ":26.4085031769,"HOLDER_PROFIT_SQ":987297183,"HOLDER_PROFIT_QOQ_SQ":292.2484389443,"ROE_AVG_SQ":14.515956822372,"PE_TTM_SQ":6.606683963095,"PB_TTM_SQ":1.490836508408,"ROA_SQ":7.185053448153,"START_DATE":"2024-01-01 00:00:00","FISCAL_YEAR":"12-31","CURRENCY":"HKD","IS_CNY_CODE":0,"DPS_HKD_LY":null,"ORG_TYPE":"一般企业","PREMIUM_INCOME":null,"PREMIUM_INCOME_YOY":null,"NET_INTEREST_INCOME":null,"NET_INTEREST_INCOME_YOY":null,"FEE_COMMISSION_INCOME":null,"FEE_COMMISSION_INCOME_YOY":null,"ACCOUNTS_RECE_TDAYS":3.957863555742,"INVENTORY_TDAYS":2.855265999568,"CURRENT_ASSETS_TDAYS":1.139103837928,"TOTAL_ASSETS_TDAYS":0.255112946606,"PREMIUM_EXPENSE":null,"LOAN_DEPOSIT":null,"LOAN_EQUITY":null,"LOAN_ASSETS":null,"DEPOSIT_EQUITY":null,"DEPOSIT_ASSETS":null,"EQUITY_MULTIPLIER":1.592743407506,"EQUITY_RATIO":0.681029878233},{"SECUCODE":"00975.HK","SECURITY_CODE":"00975","SECURITY_NAME_ABBR":"MONGOL MINING","ORG_CODE":"10152982","STD_REPORT_DATE":"2023-12-31 00:00:00","REPORT_DATE":"2023-12-31 00:00:00","DATE_TYPE_CODE":"001","REPORT_TYPE":"2023年年报","PER_NETCASH_OPERATE":3.273938028295,"PER_OI":7.030685762148,"BPS":7.547322287739,"BASIC_EPS":1.55465265,"DILUTED_EPS":1.55465265,"OPERATE_INCOME":7329326696.7,"OPERATE_INCOME_YOY":89.4416089395,"GROSS_PROFIT":3128010710.7,"GROSS_PROFIT_YOY":372.186872446756,"HOLDER_PROFIT":1697624032.2,"HOLDER_PROFIT_YOY":305.0323605455,"GROSS_PROFIT_RATIO":42.678009046975,"EPS_TTM":1.628452599615,"OPERATE_INCOME_QOQ":7.421651278143,"NET_PROFIT_RATIO":23.2022736299,"ROE_AVG":24.120644482495,"GROSS_PROFIT_QOQ":29.124782029435,"ROA":12.519675764812,"HOLDER_PROFIT_QOQ":5.010123100404,"ROE_YEARLY":24.120644482495,"ROIC_YEARLY":13.779393228617,"TOTAL_ASSETS":14225185070.7,"TOTAL_LIABILITIES":5939375152.5,"TAX_EBT":28.311069443035,"OCF_SALES":46.566411002483,"TOTAL_PARENT_EQUITY":7896056019.9,"DEBT_ASSET_RATIO":41.7525334326,"OPERATE_PROFIT":2741033230.8,"PRETAX_PROFIT":2372152049.4,"NETCASH_OPERATE":3413004393.3,"NETCASH_INVEST":-1220349210,"NETCASH_FINANCE":-1399421114.1,"END_CASH":1245131577.3,"DIVI_RATIO":null,"DIVIDEND_RATE":null,"CURRENT_RATIO":0.96878633788,"COMMON_ACS":1500000000,"CURRENTDEBT_DEBT":51.686730465373,"ISSUED_COMMON_SHARES":1046206286,"HK_COMMON_SHARES":1046206286,"PER_SHARES":3000,"TOTAL_MARKET_CAP":7490837007.76,"HKSK_MARKET_CAP":7490837007.76,"PE_TTM":4.068963224429,"PB_TTM":0.785868053974,"REPORT_DATE_SQ":"2022-12-31 00:00:00","REPORT_TYPE_SQ":"2022年年报","OPERATE_INCOME_SQ":3804398820.8,"DPS_HKD":null,"OPERATE_INCOME_QOQ_SQ":198.642653099587,"NET_PROFIT_RATIO_SQ":10.7810005712,"HOLDER_PROFIT_SQ":412144134.2,"HOLDER_PROFIT_QOQ_SQ":185.564041411563,"ROE_AVG_SQ":6.952270910297,"PE_TTM_SQ":5.427752725864,"PB_TTM_SQ":1.224803845247,"ROA_SQ":3.199062829254,"START_DATE":"2023-01-01 00:00:00","FISCAL_YEAR":"12-31","CURRENCY":"HKD","IS_CNY_CODE":0,"DPS_HKD_LY":null,"ORG_TYPE":"一般企业","PREMIUM_INCOME":null,"PREMIUM_INCOME_YOY":null,"NET_INTEREST_INCOME":null,"NET_INTEREST_INCOME_YOY":null,"FEE_COMMISSION_INCOME":null,"FEE_COMMISSION_INCOME_YOY":null,"ACCOUNTS_RECE_TDAYS":8.721295863199,"INVENTORY_TDAYS":5.880463553181,"CURRENT_ASSETS_TDAYS":3.045611133266,"TOTAL_ASSETS_TDAYS":0.540524828093,"PREMIUM_EXPENSE":null,"LOAN_DEPOSIT":null,"LOAN_EQUITY":null,"LOAN_ASSETS":null,"DEPOSIT_EQUITY":null,"DEPOSIT_ASSETS":null,"EQUITY_MULTIPLIER":1.716812865746,"EQUITY_RATIO":0.752195163957},{"SECUCODE":"00975.HK","SECURITY_CODE":"00975","SECURITY_NAME_ABBR":"MONGOL MINING","ORG_CODE":"10152982","STD_REPORT_DATE":"2023-06-30 00:00:00","REPORT_DATE":"2023-06-30 00:00:00","DATE_TYPE_CODE":"002","REPORT_TYPE":"2023年中报","PER_NETCASH_OPERATE":1.717664625292,"PER_OI":3.581449616855,"BPS":6.975686838303,"BASIC_EPS":0.94730238,"DILUTED_EPS":0.94730238,"OPERATE_INCOME":3733578085.8,"OPERATE_INCOME_YOY":384.9876571021,"GROSS_PROFIT":1626556483.2,"GROSS_PROFIT_YOY":1318.7330548977,"HOLDER_PROFIT":987297183,"HOLDER_PROFIT_YOY":522.2211921758,"GROSS_PROFIT_RATIO":43.565621123242,"EPS_TTM":1.550757728432,"OPERATE_INCOME_QOQ":79.343738219466,"NET_PROFIT_RATIO":26.4085031769,"ROE_AVG":14.515956822372,"GROSS_PROFIT_QOQ":265.682609508001,"ROA":7.185053448153,"HOLDER_PROFIT_QOQ":292.2484389443,"ROE_YEARLY":29.031913644744,"ROIC_YEARLY":15.973214893721,"TOTAL_ASSETS":14327345143.2,"TOTAL_LIABILITIES":6637164654.6,"TAX_EBT":28.399693560574,"OCF_SALES":47.96003878452,"TOTAL_PARENT_EQUITY":7298007419.4,"DEBT_ASSET_RATIO":46.3251536713,"OPERATE_PROFIT":1532180309.4,"PRETAX_PROFIT":1377064060.8,"NETCASH_OPERATE":1790625498,"NETCASH_INVEST":-377468566.2,"NETCASH_FINANCE":-334128217.8,"END_CASH":1504548850.2,"DIVI_RATIO":null,"DIVIDEND_RATE":null,"CURRENT_RATIO":0.567047821315,"COMMON_ACS":1500000000,"CURRENTDEBT_DEBT":79.557165361874,"ISSUED_COMMON_SHARES":1046206286,"HK_COMMON_SHARES":1046206286,"PER_SHARES":3000,"TOTAL_MARKET_CAP":7490837007.76,"HKSK_MARKET_CAP":7490837007.76,"PE_TTM":4.068963224429,"PB_TTM":0.785868053974,"REPORT_DATE_SQ":"2022-06-30 00:00:00","REPORT_TYPE_SQ":"2022年中报","OPERATE_INCOME_SQ":715025844.6,"DPS_HKD":null,"OPERATE_INCOME_QOQ_SQ":8.548962434674,"NET_PROFIT_RATIO_SQ":-30.3287997822,"HOLDER_PROFIT_SQ":-217187615.4,"HOLDER_PROFIT_QOQ_SQ":-36.770367699134,"ROE_AVG_SQ":-3.998623507745,"PE_TTM_SQ":5.427752725864,"PB_TTM_SQ":1.224803845247,"ROA_SQ":-1.732637551296,"START_DATE":"2023-01-01 00:00:00","FISCAL_YEAR":"12-31","CURRENCY":"HKD","IS_CNY_CODE":0,"DPS_HKD_LY":null,"ORG_TYPE":"一般企业","PREMIUM_INCOME":null,"PREMIUM_INCOME_YOY":null,"NET_INTEREST_INCOME":null,"NET_INTEREST_INCOME_YOY":null,"FEE_COMMISSION_INCOME":null,"FEE_COMMISSION_INCOME_YOY":null,"ACCOUNTS_RECE_TDAYS":5.189245918762,"INVENTORY_TDAYS":2.887585039066,"CURRENT_ASSETS_TDAYS":1.533185069352,"TOTAL_ASSETS_TDAYS":0.271711077082,"PREMIUM_EXPENSE":null,"LOAN_DEPOSIT":null,"LOAN_EQUITY":null,"LOAN_ASSETS":null,"DEPOSIT_EQUITY":null,"DEPOSIT_ASSETS":null,"EQUITY_MULTIPLIER":1.863070075462,"EQUITY_RATIO":0.909448877368},{"SECUCODE":"00975.HK","SECURITY_CODE":"00975","SECURITY_NAME_ABBR":"MONGOL MINING","ORG_CODE":"10152982","STD_REPORT_DATE":"2022-12-31 00:00:00","REPORT_DATE":"2022-12-31 00:00:00","DATE_TYPE_CODE":"001","REPORT_TYPE":"2022年年报","PER_NETCASH_OPERATE":1.561835472277,"PER_OI":3.649384688361,"BPS":5.808609257008,"BASIC_EPS":0.39558928,"DILUTED_EPS":0.39558928,"OPERATE_INCOME":3804398820.8,"OPERATE_INCOME_YOY":196.7626270583,"GROSS_PROFIT":662451858.2,"GROSS_PROFIT_YOY":360.173648340152,"HOLDER_PROFIT":412144134.2,"HOLDER_PROFIT_YOY":207.1309605706,"GROSS_PROFIT_RATIO":17.412786866039,"EPS_TTM":0.395350898682,"OPERATE_INCOME_QOQ":198.642653099587,"NET_PROFIT_RATIO":10.7810005712,"ROE_AVG":6.952270910297,"GROSS_PROFIT_QOQ":546.012056476297,"ROA":3.199062829254,"HOLDER_PROFIT_QOQ":185.564041411563,"ROE_YEARLY":6.952270910297,"ROIC_YEARLY":3.329875556613,"TOTAL_ASSETS":12679110016.8,"TOTAL_LIABILITIES":6222389542.6,"TAX_EBT":-7.646048109966,"OCF_SALES":42.79722763287,"TOTAL_PARENT_EQUITY":6077003517.6,"DEBT_ASSET_RATIO":49.0759172714,"OPERATE_PROFIT":502071049.4,"PRETAX_PROFIT":381019336.8,"NETCASH_OPERATE":1628177223.4,"NETCASH_INVEST":-612299773.6,"NETCASH_FINANCE":-723440860.4,"END_CASH":450574797,"DIVI_RATIO":null,"DIVIDEND_RATE":null,"CURRENT_RATIO":0.790909201677,"COMMON_ACS":1500000000,"CURRENTDEBT_DEBT":36.74463948531,"ISSUED_COMMON_SHARES":1046206286,"HK_COMMON_SHARES":1046206286,"PER_SHARES":3000,"TOTAL_MARKET_CAP":7490837007.76,"HKSK_MARKET_CAP":7490837007.76,"PE_TTM":4.068963224429,"PB_TTM":0.785868053974,"REPORT_DATE_SQ":"2021-12-31 00:00:00","REPORT_TYPE_SQ":"2021年年报","OPERATE_INCOME_SQ":1173568723.3,"DPS_HKD":null,"OPERATE_INCOME_QOQ_SQ":-47.210762747775,"NET_PROFIT_RATIO_SQ":-30.118053556,"HOLDER_PROFIT_SQ":-352180916.6,"HOLDER_PROFIT_QOQ_SQ":-530.799930404304,"ROE_AVG_SQ":-6.192010850984,"PE_TTM_SQ":5.427752725864,"PB_TTM_SQ":1.224803845247,"ROA_SQ":-3.056316496241,"START_DATE":"2022-01-01 00:00:00","FISCAL_YEAR":"12-31","CURRENCY":"HKD","IS_CNY_CODE":0,"DPS_HKD_LY":null,"ORG_TYPE":"一般企业","PREMIUM_INCOME":null,"PREMIUM_INCOME_YOY":null,"NET_INTEREST_INCOME":null,"NET_INTEREST_INCOME_YOY":null,"FEE_COMMISSION_INCOME":null,"FEE_COMMISSION_INCOME_YOY":null,"ACCOUNTS_RECE_TDAYS":5.699671843779,"INVENTORY_TDAYS":3.437751707899,"CURRENT_ASSETS_TDAYS":2.005440868189,"TOTAL_ASSETS_TDAYS":0.295297441971,"PREMIUM_EXPENSE":null,"LOAN_DEPOSIT":null,"LOAN_EQUITY":null,"LOAN_ASSETS":null,"DEPOSIT_EQUITY":null,"DEPOSIT_ASSETS":null,"EQUITY_MULTIPLIER":1.96370743746,"EQUITY_RATIO":1.023923965912},{"SECUCODE":"00975.HK","SECURITY_CODE":"00975","SECURITY_NAME_ABBR":"MONGOL MINING","ORG_CODE":"10152982","STD_REPORT_DATE":"2022-06-30 00:00:00","REPORT_DATE":"2022-06-30 00:00:00","DATE_TYPE_CODE":"002","REPORT_TYPE":"2022年中报","PER_NETCASH_OPERATE":0.51717236493,"PER_OI":0.685891383101,"BPS":5.060039313891,"BASIC_EPS":-0.2080534,"DILUTED_EPS":-0.2080534,"OPERATE_INCOME":715025844.6,"OPERATE_INCOME_YOY":11.9659916135,"GROSS_PROFIT":-133462900.4,"GROSS_PROFIT_YOY":-183.92741263882,"HOLDER_PROFIT":-217187615.4,"HOLDER_PROFIT_YOY":-138.4043023427,"GROSS_PROFIT_RATIO":-18.665465228696,"EPS_TTM":-0.462052624163,"OPERATE_INCOME_QOQ":8.548962434674,"NET_PROFIT_RATIO":-30.3287997822,"ROE_AVG":-3.998623507745,"GROSS_PROFIT_QOQ":-203.175158980172,"ROA":-1.732637551296,"HOLDER_PROFIT_QOQ":-36.770367699134,"ROE_YEARLY":-7.997247015489,"ROIC_YEARLY":-3.603980850267,"TOTAL_ASSETS":12458526182.2,"TOTAL_LIABILITIES":6716332879,"TAX_EBT":40.99127068191,"OCF_SALES":75.401496165723,"TOTAL_PARENT_EQUITY":5293844937.6,"DEBT_ASSET_RATIO":53.9095297532,"OPERATE_PROFIT":-202623877.4,"PRETAX_PROFIT":-367502841.2,"NETCASH_OPERATE":539140184.8,"NETCASH_INVEST":-242388922.4,"NETCASH_FINANCE":-118751511.6,"END_CASH":341200864.6,"DIVI_RATIO":null,"DIVIDEND_RATE":null,"CURRENT_RATIO":0.793839844235,"COMMON_ACS":1500000000,"CURRENTDEBT_DEBT":33.769779212279,"ISSUED_COMMON_SHARES":1046206286,"HK_COMMON_SHARES":1046206286,"PER_SHARES":3000,"TOTAL_MARKET_CAP":7490837007.76,"HKSK_MARKET_CAP":7490837007.76,"PE_TTM":4.068963224429,"PB_TTM":0.785868053974,"REPORT_DATE_SQ":"2021-06-30 00:00:00","REPORT_TYPE_SQ":"2021年中报","OPERATE_INCOME_SQ":614697895.3,"DPS_HKD":null,"OPERATE_INCOME_QOQ_SQ":-18.377129453822,"NET_PROFIT_RATIO_SQ":-14.1571994577,"HOLDER_PROFIT_SQ":-87689397.4,"HOLDER_PROFIT_QOQ_SQ":-56.706987372587,"ROE_AVG_SQ":-1.540653841505,"PE_TTM_SQ":5.427752725864,"PB_TTM_SQ":1.224803845247,"ROA_SQ":-0.771979213319,"START_DATE":"2022-01-01 00:00:00","FISCAL_YEAR":"12-31","CURRENCY":"HKD","IS_CNY_CODE":0,"DPS_HKD_LY":null,"ORG_TYPE":"一般企业","PREMIUM_INCOME":null,"PREMIUM_INCOME_YOY":null,"NET_INTEREST_INCOME":null,"NET_INTEREST_INCOME_YOY":null,"FEE_COMMISSION_INCOME":null,"FEE_COMMISSION_INCOME_YOY":null,"ACCOUNTS_RECE_TDAYS":1.250017599437,"INVENTORY_TDAYS":0.825878056827,"CURRENT_ASSETS_TDAYS":0.385037812051,"TOTAL_ASSETS_TDAYS":0.057041955464,"PREMIUM_EXPENSE":null,"LOAN_DEPOSIT":null,"LOAN_EQUITY":null,"LOAN_ASSETS":null,"DEPOSIT_EQUITY":null,"DEPOSIT_ASSETS":null,"EQUITY_MULTIPLIER":2.169645904338,"EQUITY_RATIO":1.268706008235},{"SECUCODE":"00975.HK","SECURITY_CODE":"00975","SECURITY_NAME_ABBR":"MONGOL MINING","ORG_CODE":"10152982","STD_REPORT_DATE":"2021-12-31 00:00:00","REPORT_DATE":"2021-12-31 00:00:00","DATE_TYPE_CODE":"001","REPORT_TYPE":"2021年年报","PER_NETCASH_OPERATE":0.524795701151,"PER_OI":1.137645533737,"BPS":5.057035664857,"BASIC_EPS":-0.34109995,"DILUTED_EPS":-0.34109995,"OPERATE_INCOME":1173568723.3,"OPERATE_INCOME_YOY":-55.9035896355,"GROSS_PROFIT":143956930.3,"GROSS_PROFIT_YOY":-82.840730056426,"HOLDER_PROFIT":-352180916.6,"HOLDER_PROFIT_YOY":-290.8707671044,"GROSS_PROFIT_RATIO":12.266595678794,"EPS_TTM":-0.341400583437,"OPERATE_INCOME_QOQ":-47.210762747775,"NET_PROFIT_RATIO":-30.118053556,"ROE_AVG":-6.192010850984,"GROSS_PROFIT_QOQ":-78.212386261607,"ROA":-3.056316496241,"HOLDER_PROFIT_QOQ":-530.799930404304,"ROE_YEARLY":-6.192010850984,"ROIC_YEARLY":-3.112644448921,"TOTAL_ASSETS":11980820146.6,"TOTAL_LIABILITIES":6264507792,"TAX_EBT":8.292666787977,"OCF_SALES":46.129983864746,"TOTAL_PARENT_EQUITY":5290702501.1,"DEBT_ASSET_RATIO":52.2878043018,"OPERATE_PROFIT":-72223929.6,"PRETAX_PROFIT":-385417440.7,"NETCASH_OPERATE":541367062.7,"NETCASH_INVEST":-361903859.1,"NETCASH_FINANCE":-265637164.8,"END_CASH":165366530.9,"DIVI_RATIO":null,"DIVIDEND_RATE":null,"CURRENT_RATIO":0.850804791148,"COMMON_ACS":1500000000,"CURRENTDEBT_DEBT":34.106619443087,"ISSUED_COMMON_SHARES":1046206286,"HK_COMMON_SHARES":1046206286,"PER_SHARES":3000,"TOTAL_MARKET_CAP":7490837007.76,"HKSK_MARKET_CAP":7490837007.76,"PE_TTM":4.068963224429,"PB_TTM":0.785868053974,"REPORT_DATE_SQ":"2020-12-31 00:00:00","REPORT_TYPE_SQ":"2020年年报","OPERATE_INCOME_SQ":2723649857.6,"DPS_HKD":null,"OPERATE_INCOME_QOQ_SQ":-16.149306461769,"NET_PROFIT_RATIO_SQ":7.0923090191,"HOLDER_PROFIT_SQ":188830606,"HOLDER_PROFIT_QOQ_SQ":-48.846100904281,"ROE_AVG_SQ":3.299818247744,"PE_TTM_SQ":5.427752725864,"PB_TTM_SQ":1.224803845247,"ROA_SQ":1.669112083126,"START_DATE":"2021-01-01 00:00:00","FISCAL_YEAR":"12-31","CURRENCY":"HKD","IS_CNY_CODE":0,"DPS_HKD_LY":null,"ORG_TYPE":"一般企业","PREMIUM_INCOME":null,"PREMIUM_INCOME_YOY":null,"NET_INTEREST_INCOME":null,"NET_INTEREST_INCOME_YOY":null,"FEE_COMMISSION_INCOME":null,"FEE_COMMISSION_INCOME_YOY":null,"ACCOUNTS_RECE_TDAYS":1.898842037395,"INVENTORY_TDAYS":1.214525572423,"CURRENT_ASSETS_TDAYS":0.701687039095,"TOTAL_ASSETS_TDAYS":0.101845309596,"PREMIUM_EXPENSE":null,"LOAN_DEPOSIT":null,"LOAN_EQUITY":null,"LOAN_ASSETS":null,"DEPOSIT_EQUITY":null,"DEPOSIT_ASSETS":null,"EQUITY_MULTIPLIER":2.095900189389,"EQUITY_RATIO":1.18405973322},{"SECUCODE":"00975.HK","SECURITY_CODE":"00975","SECURITY_NAME_ABBR":"MONGOL MINING","ORG_CODE":"10152982","STD_REPORT_DATE":"2021-06-30 00:00:00","REPORT_DATE":"2021-06-30 00:00:00","DATE_TYPE_CODE":"002","REPORT_TYPE":"2021年中报","PER_NETCASH_OPERATE":0.333378581874,"PER_OI":0.597265631139,"BPS":4.987757544596,"BASIC_EPS":-0.08527332,"DILUTED_EPS":-0.08527332,"OPERATE_INCOME":614697895.3,"OPERATE_INCOME_YOY":-39.5965187362,"GROSS_PROFIT":159021821.6,"GROSS_PROFIT_YOY":-52.845966105789,"HOLDER_PROFIT":-87689397.4,"HOLDER_PROFIT_YOY":-595.5823293173,"GROSS_PROFIT_RATIO":25.869914768846,"EPS_TTM":0.079432090668,"OPERATE_INCOME_QOQ":-18.377129453822,"NET_PROFIT_RATIO":-14.1571994577,"ROE_AVG":-1.540653841505,"GROSS_PROFIT_QOQ":-21.243004628187,"ROA":-0.771979213319,"HOLDER_PROFIT_QOQ":-56.706987372587,"ROE_YEARLY":-3.081307683009,"ROIC_YEARLY":-1.57861898169,"TOTAL_ASSETS":11506310213.5,"TOTAL_LIABILITIES":5854885531.5,"TAX_EBT":3.357486189827,"OCF_SALES":55.817472912047,"TOTAL_PARENT_EQUITY":5648265693.1,"DEBT_ASSET_RATIO":50.8841272559,"OPERATE_PROFIT":62908453.8,"PRETAX_PROFIT":-90047333.9,"NETCASH_OPERATE":343108831.2,"NETCASH_INVEST":-221516829,"NETCASH_FINANCE":-133362304.4,"END_CASH":241827383.4,"DIVI_RATIO":null,"DIVIDEND_RATE":null,"CURRENT_RATIO":1.11765944932,"COMMON_ACS":1500000000,"CURRENTDEBT_DEBT":27.762532894192,"ISSUED_COMMON_SHARES":1046206286,"HK_COMMON_SHARES":1046206286,"PER_SHARES":3000,"TOTAL_MARKET_CAP":7490837007.76,"HKSK_MARKET_CAP":7490837007.76,"PE_TTM":4.068963224429,"PB_TTM":0.785868053974,"REPORT_DATE_SQ":"2020-06-30 00:00:00","REPORT_TYPE_SQ":"2020年中报","OPERATE_INCOME_SQ":1115226555.5,"DPS_HKD":null,"OPERATE_INCOME_QOQ_SQ":-25.691571725557,"NET_PROFIT_RATIO_SQ":1.6974652286,"HOLDER_PROFIT_SQ":19390750.5,"HOLDER_PROFIT_QOQ_SQ":-45.181655884292,"ROE_AVG_SQ":0.316676686861,"PE_TTM_SQ":5.427752725864,"PB_TTM_SQ":1.224803845247,"ROA_SQ":0.158948052886,"START_DATE":"2021-01-01 00:00:00","FISCAL_YEAR":"12-31","CURRENCY":"HKD","IS_CNY_CODE":0,"DPS_HKD_LY":null,"ORG_TYPE":"一般企业","PREMIUM_INCOME":null,"PREMIUM_INCOME_YOY":null,"NET_INTEREST_INCOME":null,"NET_INTEREST_INCOME_YOY":null,"FEE_COMMISSION_INCOME":null,"FEE_COMMISSION_INCOME_YOY":null,"ACCOUNTS_RECE_TDAYS":1.074877576264,"INVENTORY_TDAYS":0.527653621882,"CURRENT_ASSETS_TDAYS":0.365447394901,"TOTAL_ASSETS_TDAYS":0.054115322002,"PREMIUM_EXPENSE":null,"LOAN_DEPOSIT":null,"LOAN_EQUITY":null,"LOAN_ASSETS":null,"DEPOSIT_EQUITY":null,"DEPOSIT_ASSETS":null,"EQUITY_MULTIPLIER":2.036001691775,"EQUITY_RATIO":1.03658111173},{"SECUCODE":"00975.HK","SECURITY_CODE":"00975","SECURITY_NAME_ABBR":"MONGOL MINING","ORG_CODE":"10152982","STD_REPORT_DATE":"2020-12-31 00:00:00","REPORT_DATE":"2020-12-31 00:00:00","DATE_TYPE_CODE":"001","REPORT_TYPE":"2020年年报","PER_NETCASH_OPERATE":0.6890670446,"PER_OI":2.646435378887,"BPS":5.121653994822,"BASIC_EPS":0.18334969,"DILUTED_EPS":0.18334969,"OPERATE_INCOME":2723649857.6,"OPERATE_INCOME_YOY":-33.3822750225,"GROSS_PROFIT":838945542.4,"GROSS_PROFIT_YOY":-52.290213828285,"HOLDER_PROFIT":188830606,"HOLDER_PROFIT_YOY":-70.0187512302,"GROSS_PROFIT_RATIO":30.802253823451,"EPS_TTM":0.183477327286,"OPERATE_INCOME_QOQ":-16.149306461769,"NET_PROFIT_RATIO":7.0923090191,"ROE_AVG":3.299818247744,"GROSS_PROFIT_QOQ":-30.252711818133,"ROA":1.669112083126,"HOLDER_PROFIT_QOQ":-48.846100904281,"ROE_YEARLY":3.299818247744,"ROIC_YEARLY":1.708341179464,"TOTAL_ASSETS":11324224946,"TOTAL_LIABILITIES":5529043662.4,"TAX_EBT":26.357553294694,"OCF_SALES":26.037554141592,"TOTAL_PARENT_EQUITY":5792662672.2,"DEBT_ASSET_RATIO":48.8249190454,"OPERATE_PROFIT":531263882.9,"PRETAX_PROFIT":262307504.9,"NETCASH_OPERATE":709171806.3,"NETCASH_INVEST":-461923770.6,"NETCASH_FINANCE":-271762085,"END_CASH":253844709.6,"DIVI_RATIO":null,"DIVIDEND_RATE":null,"CURRENT_RATIO":1.390287080784,"COMMON_ACS":1500000000,"CURRENTDEBT_DEBT":20.331706349956,"ISSUED_COMMON_SHARES":1046206286,"HK_COMMON_SHARES":1046206286,"PER_SHARES":3000,"TOTAL_MARKET_CAP":7490837007.76,"HKSK_MARKET_CAP":7490837007.76,"PE_TTM":4.068963224429,"PB_TTM":0.785868053974,"REPORT_DATE_SQ":"2019-12-31 00:00:00","REPORT_TYPE_SQ":"2019年年报","OPERATE_INCOME_SQ":4371259015.2,"DPS_HKD":null,"OPERATE_INCOME_QOQ_SQ":-2.668330455259,"NET_PROFIT_RATIO_SQ":15.4357831841,"HOLDER_PROFIT_SQ":673391657.4,"HOLDER_PROFIT_QOQ_SQ":-3.29736286845,"ROE_AVG_SQ":11.464075520594,"PE_TTM_SQ":5.427752725864,"PB_TTM_SQ":1.224803845247,"ROA_SQ":5.595541050508,"START_DATE":"2020-01-01 00:00:00","FISCAL_YEAR":"12-31","CURRENCY":"HKD","IS_CNY_CODE":0,"DPS_HKD_LY":null,"ORG_TYPE":"一般企业","PREMIUM_INCOME":null,"PREMIUM_INCOME_YOY":null,"NET_INTEREST_INCOME":null,"NET_INTEREST_INCOME_YOY":null,"FEE_COMMISSION_INCOME":null,"FEE_COMMISSION_INCOME_YOY":null,"ACCOUNTS_RECE_TDAYS":4.271808096934,"INVENTORY_TDAYS":2.677084057407,"CURRENT_ASSETS_TDAYS":1.701174533569,"TOTAL_ASSETS_TDAYS":0.240748943396,"PREMIUM_EXPENSE":null,"LOAN_DEPOSIT":null,"LOAN_EQUITY":null,"LOAN_ASSETS":null,"DEPOSIT_EQUITY":null,"DEPOSIT_ASSETS":null,"EQUITY_MULTIPLIER":1.954076049019,"EQUITY_RATIO":0.954490874971},{"SECUCODE":"00975.HK","SECURITY_CODE":"00975","SECURITY_NAME_ABBR":"MONGOL MINING","ORG_CODE":"10152982","STD_REPORT_DATE":"2020-06-30 00:00:00","REPORT_DATE":"2020-06-30 00:00:00","DATE_TYPE_CODE":"002","REPORT_TYPE":"2020年中报","PER_NETCASH_OPERATE":0.251832822626,"PER_OI":1.083610289962,"BPS":5.393251416098,"BASIC_EPS":0.01911465,"DILUTED_EPS":0.01911465,"OPERATE_INCOME":1115226555.5,"OPERATE_INCOME_YOY":-51.6160341052,"GROSS_PROFIT":337239062,"GROSS_PROFIT_YOY":-62.228411556911,"HOLDER_PROFIT":19390750.5,"HOLDER_PROFIT_YOY":-94.1818722518,"GROSS_PROFIT_RATIO":30.239511455034,"EPS_TTM":0.358677110698,"OPERATE_INCOME_QOQ":-25.691571725557,"NET_PROFIT_RATIO":1.6974652286,"ROE_AVG":0.316676686861,"GROSS_PROFIT_QOQ":-31.596213393542,"ROA":0.158948052886,"HOLDER_PROFIT_QOQ":-45.181655884292,"ROE_YEARLY":0.633353373722,"ROIC_YEARLY":0.323604617539,"TOTAL_ASSETS":12135940841.5,"TOTAL_LIABILITIES":6024647420.5,"TAX_EBT":22.672064777328,"OCF_SALES":23.240165302897,"TOTAL_PARENT_EQUITY":6113728769,"DEBT_ASSET_RATIO":49.6430190225,"OPERATE_PROFIT":167444334,"PRETAX_PROFIT":24480911,"NETCASH_OPERATE":259180495,"NETCASH_INVEST":-250479789.5,"NETCASH_FINANCE":-148733215.5,"END_CASH":147253600,"DIVI_RATIO":null,"DIVIDEND_RATE":null,"CURRENT_RATIO":1.058021826772,"COMMON_ACS":1500000000,"CURRENTDEBT_DEBT":25.271122527759,"ISSUED_COMMON_SHARES":1046206286,"HK_COMMON_SHARES":1046206286,"PER_SHARES":3000,"TOTAL_MARKET_CAP":7490837007.76,"HKSK_MARKET_CAP":7490837007.76,"PE_TTM":4.068963224429,"PB_TTM":0.785868053974,"REPORT_DATE_SQ":"2019-06-30 00:00:00","REPORT_TYPE_SQ":"2019年中报","OPERATE_INCOME_SQ":2238271700.7,"DPS_HKD":null,"OPERATE_INCOME_QOQ_SQ":10.777456728905,"NET_PROFIT_RATIO_SQ":14.4796532967,"HOLDER_PROFIT_SQ":323640251.9,"HOLDER_PROFIT_QOQ_SQ":22.578432445623,"ROE_AVG_SQ":5.644192962653,"PE_TTM_SQ":5.427752725864,"PB_TTM_SQ":1.224803845247,"ROA_SQ":2.761793074075,"START_DATE":"2020-01-01 00:00:00","FISCAL_YEAR":"12-31","CURRENCY":"HKD","IS_CNY_CODE":0,"DPS_HKD_LY":null,"ORG_TYPE":"一般企业","PREMIUM_INCOME":null,"PREMIUM_INCOME_YOY":null,"NET_INTEREST_INCOME":null,"NET_INTEREST_INCOME_YOY":null,"FEE_COMMISSION_INCOME":null,"FEE_COMMISSION_INCOME_YOY":null,"ACCOUNTS_RECE_TDAYS":1.572294778447,"INVENTORY_TDAYS":1.013044119545,"CURRENT_ASSETS_TDAYS":0.658076347868,"TOTAL_ASSETS_TDAYS":0.091416311877,"PREMIUM_EXPENSE":null,"LOAN_DEPOSIT":null,"LOAN_EQUITY":null,"LOAN_ASSETS":null,"DEPOSIT_EQUITY":null,"DEPOSIT_ASSETS":null,"EQUITY_MULTIPLIER":1.985821986522,"EQUITY_RATIO":0.985429293339}],"count":32},"success":true,"message":"ok","code":0}