{"version":"77c46e17b831e3e85f48d08f97033e00","result":{"pages":6,"data":[{"SECUCODE":"00970.HK","SECURITY_CODE":"00970","SECURITY_NAME_ABBR":"新耀莱","ORG_CODE":"10009182","STD_REPORT_DATE":"2024-06-30 00:00:00","REPORT_DATE":"2024-09-30 00:00:00","DATE_TYPE_CODE":"002","REPORT_TYPE":"2024年中报","PER_NETCASH_OPERATE":0.016624416355,"PER_OI":2.011477467446,"BPS":2.082195650318,"BASIC_EPS":-1.21020218,"DILUTED_EPS":-1.21020218,"OPERATE_INCOME":943385965.54,"OPERATE_INCOME_YOY":-39.6595849241,"GROSS_PROFIT":101376526.43,"GROSS_PROFIT_YOY":-48.38343920943,"HOLDER_PROFIT":-507613082.05,"HOLDER_PROFIT_YOY":-987.7828666396,"GROSS_PROFIT_RATIO":10.746028681058,"EPS_TTM":-1.410982894159,"OPERATE_INCOME_QOQ":0,"NET_PROFIT_RATIO":-53.7478276995,"ROE_AVG":-42.148570350325,"GROSS_PROFIT_QOQ":0,"ROA":-21.711535257162,"HOLDER_PROFIT_QOQ":0,"ROE_YEARLY":-84.29714070065,"ROIC_YEARLY":-45.37831757325,"TOTAL_ASSETS":2103405335.62,"TOTAL_LIABILITIES":1123256097.15,"TAX_EBT":2.446345229627,"OCF_SALES":0.826477881249,"TOTAL_PARENT_EQUITY":976552899.95,"DEBT_ASSET_RATIO":53.4017898561,"OPERATE_PROFIT":-489215664.26,"PRETAX_PROFIT":-519764702.3,"NETCASH_OPERATE":7796876.34,"NETCASH_INVEST":18681481.64,"NETCASH_FINANCE":-2597155.2,"END_CASH":110412462.23,"DIVI_RATIO":null,"DIVIDEND_RATE":null,"CURRENT_RATIO":1.180891974777,"COMMON_ACS":15625000000,"CURRENTDEBT_DEBT":80.60445493483,"ISSUED_COMMON_SHARES":469001508,"HK_COMMON_SHARES":469001508,"PER_SHARES":2000,"TOTAL_MARKET_CAP":232155746.46,"HKSK_MARKET_CAP":232155746.46,"PE_TTM":-0.206439202168,"PB_TTM":0.21438237561,"REPORT_DATE_SQ":"2023-06-30 00:00:00","REPORT_TYPE_SQ":"2023年中报","OPERATE_INCOME_SQ":1590901554.41,"DPS_HKD":null,"OPERATE_INCOME_QOQ_SQ":0,"NET_PROFIT_RATIO_SQ":-2.9197551835,"HOLDER_PROFIT_SQ":-47484599.61,"HOLDER_PROFIT_QOQ_SQ":0,"ROE_AVG_SQ":-2.42484251082,"PE_TTM_SQ":-6.697481137307,"PB_TTM_SQ":0.361956186707,"ROA_SQ":-1.357810678206,"START_DATE":"2024-04-01 00:00:00","FISCAL_YEAR":"3-31","CURRENCY":"HKD","IS_CNY_CODE":0,"DPS_HKD_LY":null,"ORG_TYPE":"一般企业","PREMIUM_INCOME":null,"PREMIUM_INCOME_YOY":null,"NET_INTEREST_INCOME":null,"NET_INTEREST_INCOME_YOY":null,"FEE_COMMISSION_INCOME":null,"FEE_COMMISSION_INCOME_YOY":null,"ACCOUNTS_RECE_TDAYS":30.536246478976,"INVENTORY_TDAYS":1.146076380216,"CURRENT_ASSETS_TDAYS":0.875809513444,"TOTAL_ASSETS_TDAYS":0.403503344894,"PREMIUM_EXPENSE":null,"LOAN_DEPOSIT":null,"LOAN_EQUITY":null,"LOAN_ASSETS":null,"DEPOSIT_EQUITY":null,"DEPOSIT_ASSETS":null,"EQUITY_MULTIPLIER":2.146005172542,"EQUITY_RATIO":1.150225550718},{"SECUCODE":"00970.HK","SECURITY_CODE":"00970","SECURITY_NAME_ABBR":"新耀莱","ORG_CODE":"10009182","STD_REPORT_DATE":"2023-12-31 00:00:00","REPORT_DATE":"2024-03-31 00:00:00","DATE_TYPE_CODE":"001","REPORT_TYPE":"2023年年报","PER_NETCASH_OPERATE":0.513638403775,"PER_OI":7.509491266653,"BPS":3.069694071112,"BASIC_EPS":-1.5175647,"DILUTED_EPS":-1.5175647,"OPERATE_INCOME":2959656392.85,"OPERATE_INCOME_YOY":-18.3334684125,"GROSS_PROFIT":277718872.85,"GROSS_PROFIT_YOY":-45.125587083399,"HOLDER_PROFIT":-556099527.2,"HOLDER_PROFIT_YOY":-1054.6370019011,"GROSS_PROFIT_RATIO":9.38348362063,"EPS_TTM":-0.256611786756,"OPERATE_INCOME_QOQ":0,"NET_PROFIT_RATIO":-18.7545007316,"ROE_AVG":-32.393540239372,"GROSS_PROFIT_QOQ":0,"ROA":-17.939789123602,"HOLDER_PROFIT_QOQ":0,"ROE_YEARLY":-32.393540239372,"ROIC_YEARLY":-18.684076027264,"TOTAL_ASSETS":2586149633.9,"TOTAL_LIABILITIES":1143357177.9,"TAX_EBT":3.096913057584,"OCF_SALES":6.839856197126,"TOTAL_PARENT_EQUITY":1439691148.45,"DEBT_ASSET_RATIO":44.2107897746,"OPERATE_PROFIT":-499028578.5,"PRETAX_PROFIT":-572808150.25,"NETCASH_OPERATE":202436241.2,"NETCASH_INVEST":55599618.05,"NETCASH_FINANCE":-303184768.9,"END_CASH":84828603.15,"DIVI_RATIO":null,"DIVIDEND_RATE":null,"CURRENT_RATIO":1.213055343017,"COMMON_ACS":15625000000,"CURRENTDEBT_DEBT":78.652302773985,"ISSUED_COMMON_SHARES":469001508,"HK_COMMON_SHARES":469001508,"PER_SHARES":2000,"TOTAL_MARKET_CAP":229810738.92,"HKSK_MARKET_CAP":229810738.92,"PE_TTM":-0.204353957701,"PB_TTM":0.212216897069,"REPORT_DATE_SQ":"2022-12-31 00:00:00","REPORT_TYPE_SQ":"2022年年报","OPERATE_INCOME_SQ":3499588038.96,"DPS_HKD":null,"OPERATE_INCOME_QOQ_SQ":0,"NET_PROFIT_RATIO_SQ":-1.3413610376,"HOLDER_PROFIT_SQ":-46507907.07,"HOLDER_PROFIT_QOQ_SQ":0,"ROE_AVG_SQ":-2.231431825971,"PE_TTM_SQ":-5.137033774864,"PB_TTM_SQ":0.27762394817,"ROA_SQ":-1.21939799239,"START_DATE":"2023-04-01 00:00:00","FISCAL_YEAR":"3-31","CURRENCY":"HKD","IS_CNY_CODE":0,"DPS_HKD_LY":null,"ORG_TYPE":"一般企业","PREMIUM_INCOME":null,"PREMIUM_INCOME_YOY":null,"NET_INTEREST_INCOME":null,"NET_INTEREST_INCOME_YOY":null,"FEE_COMMISSION_INCOME":null,"FEE_COMMISSION_INCOME_YOY":null,"ACCOUNTS_RECE_TDAYS":96.265465589432,"INVENTORY_TDAYS":2.898468369523,"CURRENT_ASSETS_TDAYS":2.224352724515,"TOTAL_ASSETS_TDAYS":0.954786130342,"PREMIUM_EXPENSE":null,"LOAN_DEPOSIT":null,"LOAN_EQUITY":null,"LOAN_ASSETS":null,"DEPOSIT_EQUITY":null,"DEPOSIT_ASSETS":null,"EQUITY_MULTIPLIER":1.792461294863,"EQUITY_RATIO":0.794168373634},{"SECUCODE":"00970.HK","SECURITY_CODE":"00970","SECURITY_NAME_ABBR":"新耀莱","ORG_CODE":"10009182","STD_REPORT_DATE":"2023-06-30 00:00:00","REPORT_DATE":"2023-09-30 00:00:00","DATE_TYPE_CODE":"002","REPORT_TYPE":"2023年中报","PER_NETCASH_OPERATE":0.288161098501,"PER_OI":4.249235896598,"BPS":4.047825092729,"BASIC_EPS":-0.1376445,"DILUTED_EPS":-0.1376445,"OPERATE_INCOME":1590901554.41,"OPERATE_INCOME_YOY":-18.3600787718,"GROSS_PROFIT":196403101.79,"GROSS_PROFIT_YOY":-35.607021333891,"HOLDER_PROFIT":-47484599.61,"HOLDER_PROFIT_YOY":-846.2792039227,"GROSS_PROFIT_RATIO":12.345396309757,"EPS_TTM":-0.135989189469,"OPERATE_INCOME_QOQ":0,"NET_PROFIT_RATIO":-2.9197551835,"ROE_AVG":-2.42484251082,"GROSS_PROFIT_QOQ":0,"ROA":-1.357810678206,"HOLDER_PROFIT_QOQ":0,"ROE_YEARLY":-4.849685021641,"ROIC_YEARLY":-2.855369626955,"TOTAL_ASSETS":3336652253.69,"TOTAL_LIABILITIES":1422452215.31,"TAX_EBT":4.688382602146,"OCF_SALES":6.781480377019,"TOTAL_PARENT_EQUITY":1898436072.61,"DEBT_ASSET_RATIO":42.631119672,"OPERATE_PROFIT":-8167824.63,"PRETAX_PROFIT":-48735329.3,"NETCASH_OPERATE":107886676.73,"NETCASH_INVEST":14293004.88,"NETCASH_FINANCE":-83647480.28,"END_CASH":165574404.31,"DIVI_RATIO":null,"DIVIDEND_RATE":null,"CURRENT_RATIO":1.454647626481,"COMMON_ACS":15625000000,"CURRENTDEBT_DEBT":70.084386089746,"ISSUED_COMMON_SHARES":469001508,"HK_COMMON_SHARES":469001508,"PER_SHARES":2000,"TOTAL_MARKET_CAP":229810738.92,"HKSK_MARKET_CAP":229810738.92,"PE_TTM":-0.204353957701,"PB_TTM":0.212216897069,"REPORT_DATE_SQ":"2022-06-30 00:00:00","REPORT_TYPE_SQ":"2022年中报","OPERATE_INCOME_SQ":1920670592.88,"DPS_HKD":null,"OPERATE_INCOME_QOQ_SQ":0,"NET_PROFIT_RATIO_SQ":0.1640608739,"HOLDER_PROFIT_SQ":6271386.96,"HOLDER_PROFIT_QOQ_SQ":0,"ROE_AVG_SQ":0.293015526569,"PE_TTM_SQ":-5.137033774864,"PB_TTM_SQ":0.27762394817,"ROA_SQ":0.157751546774,"START_DATE":"2023-04-01 00:00:00","FISCAL_YEAR":"3-31","CURRENCY":"HKD","IS_CNY_CODE":0,"DPS_HKD_LY":null,"ORG_TYPE":"一般企业","PREMIUM_INCOME":null,"PREMIUM_INCOME_YOY":null,"NET_INTEREST_INCOME":null,"NET_INTEREST_INCOME_YOY":null,"FEE_COMMISSION_INCOME":null,"FEE_COMMISSION_INCOME_YOY":null,"ACCOUNTS_RECE_TDAYS":48.911217062574,"INVENTORY_TDAYS":1.318355224604,"CURRENT_ASSETS_TDAYS":1.046775970801,"TOTAL_ASSETS_TDAYS":0.45491446412,"PREMIUM_EXPENSE":null,"LOAN_DEPOSIT":null,"LOAN_EQUITY":null,"LOAN_ASSETS":null,"DEPOSIT_EQUITY":null,"DEPOSIT_ASSETS":null,"EQUITY_MULTIPLIER":1.743105311246,"EQUITY_RATIO":0.749275804349},{"SECUCODE":"00970.HK","SECURITY_CODE":"00970","SECURITY_NAME_ABBR":"新耀莱","ORG_CODE":"10009182","STD_REPORT_DATE":"2022-12-31 00:00:00","REPORT_DATE":"2023-03-31 00:00:00","DATE_TYPE_CODE":"001","REPORT_TYPE":"2022年年报","PER_NETCASH_OPERATE":0.712566765963,"PER_OI":10.232800632777,"BPS":4.104939214481,"BASIC_EPS":-0.13568855,"DILUTED_EPS":-0.13568855,"OPERATE_INCOME":3499588038.96,"OPERATE_INCOME_YOY":-7.5576825644,"GROSS_PROFIT":506099032.48,"GROSS_PROFIT_YOY":-27.13542908209,"HOLDER_PROFIT":-46507907.07,"HOLDER_PROFIT_YOY":-256.0172677082,"GROSS_PROFIT_RATIO":14.461674541281,"EPS_TTM":0.000409503327,"OPERATE_INCOME_QOQ":0,"NET_PROFIT_RATIO":-1.3413610376,"ROE_AVG":-2.231431825971,"GROSS_PROFIT_QOQ":0,"ROA":-1.21939799239,"HOLDER_PROFIT_QOQ":0,"ROE_YEARLY":-2.231431825971,"ROIC_YEARLY":-1.292023221252,"TOTAL_ASSETS":3489349243.6,"TOTAL_LIABILITIES":1539005796.4,"TAX_EBT":10.407338100648,"OCF_SALES":6.963555643607,"TOTAL_PARENT_EQUITY":1925222681.84,"DEBT_ASSET_RATIO":44.105811398,"OPERATE_PROFIT":31878930.56,"PRETAX_PROFIT":-52395039.32,"NETCASH_OPERATE":243695760.39,"NETCASH_INVEST":-5734810.91,"NETCASH_FINANCE":-234169548.77,"END_CASH":128450660.12,"DIVI_RATIO":null,"DIVIDEND_RATE":null,"CURRENT_RATIO":1.536493307195,"COMMON_ACS":15625000000,"CURRENTDEBT_DEBT":64.124252007918,"ISSUED_COMMON_SHARES":469001508,"HK_COMMON_SHARES":469001508,"PER_SHARES":2000,"TOTAL_MARKET_CAP":276710889.72,"HKSK_MARKET_CAP":276710889.72,"PE_TTM":-0.246058847028,"PB_TTM":0.255526467899,"REPORT_DATE_SQ":"2021-12-31 00:00:00","REPORT_TYPE_SQ":"2021年年报","OPERATE_INCOME_SQ":3507202201.87,"DPS_HKD":null,"OPERATE_INCOME_QOQ_SQ":0,"NET_PROFIT_RATIO_SQ":0.7287338359,"HOLDER_PROFIT_SQ":27616512.52,"HOLDER_PROFIT_QOQ_SQ":0,"ROE_AVG_SQ":1.305317736118,"PE_TTM_SQ":-9.560839441339,"PB_TTM_SQ":0.245517777293,"ROA_SQ":0.772694204884,"START_DATE":"2022-04-01 00:00:00","FISCAL_YEAR":"3-31","CURRENCY":"HKD","IS_CNY_CODE":0,"DPS_HKD_LY":null,"ORG_TYPE":"一般企业","PREMIUM_INCOME":null,"PREMIUM_INCOME_YOY":null,"NET_INTEREST_INCOME":null,"NET_INTEREST_INCOME_YOY":null,"FEE_COMMISSION_INCOME":null,"FEE_COMMISSION_INCOME_YOY":null,"ACCOUNTS_RECE_TDAYS":124.827278262634,"INVENTORY_TDAYS":2.639610271817,"CURRENT_ASSETS_TDAYS":2.122930820646,"TOTAL_ASSETS_TDAYS":0.917562388365,"PREMIUM_EXPENSE":null,"LOAN_DEPOSIT":null,"LOAN_EQUITY":null,"LOAN_ASSETS":null,"DEPOSIT_EQUITY":null,"DEPOSIT_ASSETS":null,"EQUITY_MULTIPLIER":1.789094761032,"EQUITY_RATIO":0.799391057937},{"SECUCODE":"00970.HK","SECURITY_CODE":"00970","SECURITY_NAME_ABBR":"新耀莱","ORG_CODE":"10009182","STD_REPORT_DATE":"2022-06-30 00:00:00","REPORT_DATE":"2022-09-30 00:00:00","DATE_TYPE_CODE":"002","REPORT_TYPE":"2022年中报","PER_NETCASH_OPERATE":0.019065797071,"PER_OI":0.351002729004,"BPS":4.185447524233,"BASIC_EPS":0.0180888,"DILUTED_EPS":0.0180888,"OPERATE_INCOME":1920670592.88,"OPERATE_INCOME_YOY":-13.7033757488,"GROSS_PROFIT":305007014.52,"GROSS_PROFIT_YOY":-13.077792387128,"HOLDER_PROFIT":6271386.96,"HOLDER_PROFIT_YOY":-81.7473479165,"GROSS_PROFIT_RATIO":15.880235562031,"EPS_TTM":0.005046920225,"OPERATE_INCOME_QOQ":0,"NET_PROFIT_RATIO":0.1640608739,"ROE_AVG":0.293015526569,"GROSS_PROFIT_QOQ":0,"ROA":0.157751546774,"HOLDER_PROFIT_QOQ":0,"ROE_YEARLY":0.586031053138,"ROIC_YEARLY":0.338344374214,"TOTAL_ASSETS":3675060796.2,"TOTAL_LIABILITIES":1608814254.24,"TAX_EBT":-356.618610747051,"OCF_SALES":5.431808785262,"TOTAL_PARENT_EQUITY":1962981200.52,"DEBT_ASSET_RATIO":43.7765344155,"OPERATE_PROFIT":44749882.32,"PRETAX_PROFIT":690087.72,"NETCASH_OPERATE":104327154,"NETCASH_INVEST":-5674456.56,"NETCASH_FINANCE":-70572548.76,"END_CASH":149167480.32,"DIVI_RATIO":null,"DIVIDEND_RATE":null,"CURRENT_RATIO":1.703379525187,"COMMON_ACS":15625000000,"CURRENTDEBT_DEBT":60.978268446747,"ISSUED_COMMON_SHARES":469001508,"HK_COMMON_SHARES":469001508,"PER_SHARES":2000,"TOTAL_MARKET_CAP":276710889.72,"HKSK_MARKET_CAP":276710889.72,"PE_TTM":-0.246058847028,"PB_TTM":0.255526467899,"REPORT_DATE_SQ":"2021-06-30 00:00:00","REPORT_TYPE_SQ":"2021年中报","OPERATE_INCOME_SQ":2050008210.02,"DPS_HKD":null,"OPERATE_INCOME_QOQ_SQ":0,"NET_PROFIT_RATIO_SQ":1.4987298934,"HOLDER_PROFIT_SQ":31647116.34,"HOLDER_PROFIT_QOQ_SQ":0,"ROE_AVG_SQ":1.415377989268,"PE_TTM_SQ":-9.560839441339,"PB_TTM_SQ":0.245517777293,"ROA_SQ":0.907738898842,"START_DATE":"2022-04-01 00:00:00","FISCAL_YEAR":"3-31","CURRENCY":"HKD","IS_CNY_CODE":0,"DPS_HKD_LY":null,"ORG_TYPE":"一般企业","PREMIUM_INCOME":null,"PREMIUM_INCOME_YOY":null,"NET_INTEREST_INCOME":null,"NET_INTEREST_INCOME_YOY":null,"FEE_COMMISSION_INCOME":null,"FEE_COMMISSION_INCOME_YOY":null,"ACCOUNTS_RECE_TDAYS":65.382841484629,"INVENTORY_TDAYS":1.38059116666,"CURRENT_ASSETS_TDAYS":1.094174336082,"TOTAL_ASSETS_TDAYS":0.483128786029,"PREMIUM_EXPENSE":null,"LOAN_DEPOSIT":null,"LOAN_EQUITY":null,"LOAN_ASSETS":null,"DEPOSIT_EQUITY":null,"DEPOSIT_ASSETS":null,"EQUITY_MULTIPLIER":1.778616792124,"EQUITY_RATIO":0.819577005533},{"SECUCODE":"00970.HK","SECURITY_CODE":"00970","SECURITY_NAME_ABBR":"新耀莱","ORG_CODE":"10009182","STD_REPORT_DATE":"2021-12-31 00:00:00","REPORT_DATE":"2022-03-31 00:00:00","DATE_TYPE_CODE":"001","REPORT_TYPE":"2021年年报","PER_NETCASH_OPERATE":-0.050442524059,"PER_OI":0.640941527709,"BPS":4.431095383002,"BASIC_EPS":0.081101,"DILUTED_EPS":0.081101,"OPERATE_INCOME":3507202201.87,"OPERATE_INCOME_YOY":-4.4473173799,"GROSS_PROFIT":694574916.32,"GROSS_PROFIT_YOY":18.800654278719,"HOLDER_PROFIT":27616512.52,"HOLDER_PROFIT_YOY":-9.2599994671,"GROSS_PROFIT_RATIO":19.804244989059,"EPS_TTM":0.006535317814,"OPERATE_INCOME_QOQ":0,"NET_PROFIT_RATIO":0.7287338359,"ROE_AVG":1.305317736118,"GROSS_PROFIT_QOQ":0,"ROA":0.772694204884,"HOLDER_PROFIT_QOQ":0,"ROE_YEARLY":1.305317736118,"ROIC_YEARLY":0.825644640869,"TOTAL_ASSETS":3834199000.84,"TOTAL_LIABILITIES":1623934794.61,"TAX_EBT":-227.622413972346,"OCF_SALES":-7.870066437938,"TOTAL_PARENT_EQUITY":2078190416.72,"DEBT_ASSET_RATIO":42.3539517447,"OPERATE_PROFIT":66719359.67,"PRETAX_PROFIT":7801105.19,"NETCASH_OPERATE":-276019143.4,"NETCASH_INVEST":-195075479.34,"NETCASH_FINANCE":388464057.88,"END_CASH":122883424.19,"DIVI_RATIO":null,"DIVIDEND_RATE":null,"CURRENT_RATIO":1.495822939709,"COMMON_ACS":15625000000,"CURRENTDEBT_DEBT":67.910231971158,"ISSUED_COMMON_SHARES":469001508,"HK_COMMON_SHARES":469001508,"PER_SHARES":2000,"TOTAL_MARKET_CAP":276710889.72,"HKSK_MARKET_CAP":276710889.72,"PE_TTM":-0.246058847028,"PB_TTM":0.255526467899,"REPORT_DATE_SQ":"2020-12-31 00:00:00","REPORT_TYPE_SQ":"2020年年报","OPERATE_INCOME_SQ":3825083527.16,"DPS_HKD":null,"OPERATE_INCOME_QOQ_SQ":0,"NET_PROFIT_RATIO_SQ":0.8347102654,"HOLDER_PROFIT_SQ":31717069.86,"HOLDER_PROFIT_QOQ_SQ":0,"ROE_AVG_SQ":1.612096371806,"PE_TTM_SQ":-9.560839441339,"PB_TTM_SQ":0.245517777293,"ROA_SQ":0.976857329163,"START_DATE":"2021-04-01 00:00:00","FISCAL_YEAR":"3-31","CURRENCY":"HKD","IS_CNY_CODE":0,"DPS_HKD_LY":null,"ORG_TYPE":"一般企业","PREMIUM_INCOME":null,"PREMIUM_INCOME_YOY":null,"NET_INTEREST_INCOME":null,"NET_INTEREST_INCOME_YOY":null,"FEE_COMMISSION_INCOME":null,"FEE_COMMISSION_INCOME_YOY":null,"ACCOUNTS_RECE_TDAYS":186.754491276559,"INVENTORY_TDAYS":3.371303642418,"CURRENT_ASSETS_TDAYS":2.439892259631,"TOTAL_ASSETS_TDAYS":0.981295091036,"PREMIUM_EXPENSE":null,"LOAN_DEPOSIT":null,"LOAN_EQUITY":null,"LOAN_ASSETS":null,"DEPOSIT_EQUITY":null,"DEPOSIT_ASSETS":null,"EQUITY_MULTIPLIER":1.734724287728,"EQUITY_RATIO":0.78141770915},{"SECUCODE":"00970.HK","SECURITY_CODE":"00970","SECURITY_NAME_ABBR":"新耀莱","ORG_CODE":"10009182","STD_REPORT_DATE":"2021-06-30 00:00:00","REPORT_DATE":"2021-09-30 00:00:00","DATE_TYPE_CODE":"002","REPORT_TYPE":"2021年中报","PER_NETCASH_OPERATE":-0.07892184063,"PER_OI":0.374639190533,"BPS":4.819087400162,"BASIC_EPS":0.00583142,"DILUTED_EPS":0.00583142,"OPERATE_INCOME":2050008210.02,"OPERATE_INCOME_YOY":33.0149062367,"GROSS_PROFIT":350896534.84,"GROSS_PROFIT_YOY":39.524294196334,"HOLDER_PROFIT":31647116.34,"HOLDER_PROFIT_YOY":20.9340082132,"GROSS_PROFIT_RATIO":17.116835587531,"EPS_TTM":0.005796297459,"OPERATE_INCOME_QOQ":0,"NET_PROFIT_RATIO":1.4987298934,"ROE_AVG":1.415377989268,"GROSS_PROFIT_QOQ":0,"ROA":0.907738898842,"HOLDER_PROFIT_QOQ":0,"ROE_YEARLY":2.830755978537,"ROIC_YEARLY":1.955542537709,"TOTAL_ASSETS":3568725740.56,"TOTAL_LIABILITIES":1277744095.76,"TAX_EBT":-104.917213023669,"OCF_SALES":-21.066093090222,"TOTAL_PARENT_EQUITY":2260159257.86,"DEBT_ASSET_RATIO":35.8039308327,"OPERATE_PROFIT":42070363.06,"PRETAX_PROFIT":14993413.88,"NETCASH_OPERATE":-431856637.88,"NETCASH_INVEST":12158510.7,"NETCASH_FINANCE":465657214.32,"END_CASH":259597324.14,"DIVI_RATIO":null,"DIVIDEND_RATE":null,"CURRENT_RATIO":1.62517820728,"COMMON_ACS":15625000000,"CURRENTDEBT_DEBT":72.256023617222,"ISSUED_COMMON_SHARES":469001508,"HK_COMMON_SHARES":469001508,"PER_SHARES":2000,"TOTAL_MARKET_CAP":276710889.72,"HKSK_MARKET_CAP":276710889.72,"PE_TTM":-0.246058847028,"PB_TTM":0.255526467899,"REPORT_DATE_SQ":"2020-06-30 00:00:00","REPORT_TYPE_SQ":"2020年中报","OPERATE_INCOME_SQ":1625659240.32,"DPS_HKD":null,"OPERATE_INCOME_QOQ_SQ":0,"NET_PROFIT_RATIO_SQ":1.673377365,"HOLDER_PROFIT_SQ":27603231.36,"HOLDER_PROFIT_QOQ_SQ":0,"ROE_AVG_SQ":1.497898207486,"PE_TTM_SQ":-9.560839441339,"PB_TTM_SQ":0.245517777293,"ROA_SQ":0.87033786165,"START_DATE":"2021-04-01 00:00:00","FISCAL_YEAR":"3-31","CURRENCY":"HKD","IS_CNY_CODE":0,"DPS_HKD_LY":null,"ORG_TYPE":"一般企业","PREMIUM_INCOME":null,"PREMIUM_INCOME_YOY":null,"NET_INTEREST_INCOME":null,"NET_INTEREST_INCOME_YOY":null,"FEE_COMMISSION_INCOME":null,"FEE_COMMISSION_INCOME_YOY":null,"ACCOUNTS_RECE_TDAYS":132.662174182593,"INVENTORY_TDAYS":2.508058090062,"CURRENT_ASSETS_TDAYS":1.4860427802,"TOTAL_ASSETS_TDAYS":0.588006874051,"PREMIUM_EXPENSE":null,"LOAN_DEPOSIT":null,"LOAN_EQUITY":null,"LOAN_ASSETS":null,"DEPOSIT_EQUITY":null,"DEPOSIT_ASSETS":null,"EQUITY_MULTIPLIER":1.557727775191,"EQUITY_RATIO":0.565333655722},{"SECUCODE":"00970.HK","SECURITY_CODE":"00970","SECURITY_NAME_ABBR":"新耀莱","ORG_CODE":"10009182","STD_REPORT_DATE":"2020-12-31 00:00:00","REPORT_DATE":"2021-03-31 00:00:00","DATE_TYPE_CODE":"001","REPORT_TYPE":"2020年年报","PER_NETCASH_OPERATE":0.106738245443,"PER_OI":0.699034369391,"BPS":4.78445128347,"BASIC_EPS":0.00591626,"DILUTED_EPS":0.00591626,"OPERATE_INCOME":3825083527.16,"OPERATE_INCOME_YOY":31.4317991073,"GROSS_PROFIT":584655800.54,"GROSS_PROFIT_YOY":14.287255985409,"HOLDER_PROFIT":31717069.86,"HOLDER_PROFIT_YOY":23.9210117888,"GROSS_PROFIT_RATIO":15.284785191974,"EPS_TTM":0.003978157734,"OPERATE_INCOME_QOQ":0,"NET_PROFIT_RATIO":0.8347102654,"ROE_AVG":1.612096371806,"GROSS_PROFIT_QOQ":0,"ROA":0.976857329163,"HOLDER_PROFIT_QOQ":0,"ROE_YEARLY":1.612096371806,"ROIC_YEARLY":1.026156083353,"TOTAL_ASSETS":3453533947.36,"TOTAL_LIABILITIES":1205950154.08,"TAX_EBT":-17.597434939609,"OCF_SALES":15.269384470505,"TOTAL_PARENT_EQUITY":2243914866.9,"DEBT_ASSET_RATIO":34.9193079455,"OPERATE_PROFIT":81652839.8,"PRETAX_PROFIT":27150562.32,"NETCASH_OPERATE":584066710.08,"NETCASH_INVEST":-169516907.42,"NETCASH_FINANCE":-314395127.48,"END_CASH":208370677.2,"DIVI_RATIO":null,"DIVIDEND_RATE":null,"CURRENT_RATIO":1.705399352511,"COMMON_ACS":15625000000,"CURRENTDEBT_DEBT":62.086433389214,"ISSUED_COMMON_SHARES":469001508,"HK_COMMON_SHARES":469001508,"PER_SHARES":2000,"TOTAL_MARKET_CAP":276710889.72,"HKSK_MARKET_CAP":276710889.72,"PE_TTM":-0.246058847028,"PB_TTM":0.255526467899,"REPORT_DATE_SQ":"2019-12-31 00:00:00","REPORT_TYPE_SQ":"2019年年报","OPERATE_INCOME_SQ":3146261991,"DPS_HKD":null,"OPERATE_INCOME_QOQ_SQ":0,"NET_PROFIT_RATIO_SQ":0.7552062914,"HOLDER_PROFIT_SQ":27669577.1,"HOLDER_PROFIT_QOQ_SQ":0,"ROE_AVG_SQ":1.386787758918,"PE_TTM_SQ":-9.560839441339,"PB_TTM_SQ":0.245517777293,"ROA_SQ":0.804253623397,"START_DATE":"2020-04-01 00:00:00","FISCAL_YEAR":"3-31","CURRENCY":"HKD","IS_CNY_CODE":0,"DPS_HKD_LY":null,"ORG_TYPE":"一般企业","PREMIUM_INCOME":null,"PREMIUM_INCOME_YOY":null,"NET_INTEREST_INCOME":null,"NET_INTEREST_INCOME_YOY":null,"FEE_COMMISSION_INCOME":null,"FEE_COMMISSION_INCOME_YOY":null,"ACCOUNTS_RECE_TDAYS":163.630059475387,"INVENTORY_TDAYS":4.765271765272,"CURRENT_ASSETS_TDAYS":3.069394271406,"TOTAL_ASSETS_TDAYS":1.178091448756,"PREMIUM_EXPENSE":null,"LOAN_DEPOSIT":null,"LOAN_EQUITY":null,"LOAN_ASSETS":null,"DEPOSIT_EQUITY":null,"DEPOSIT_ASSETS":null,"EQUITY_MULTIPLIER":1.536554035354,"EQUITY_RATIO":0.537431331228},{"SECUCODE":"00970.HK","SECURITY_CODE":"00970","SECURITY_NAME_ABBR":"新耀莱","ORG_CODE":"10009182","STD_REPORT_DATE":"2020-06-30 00:00:00","REPORT_DATE":"2020-09-30 00:00:00","DATE_TYPE_CODE":"002","REPORT_TYPE":"2020年中报","PER_NETCASH_OPERATE":0.091415215456,"PER_OI":0.318011354598,"BPS":4.109838916765,"BASIC_EPS":0.00527232,"DILUTED_EPS":0.00527232,"OPERATE_INCOME":1625659240.32,"OPERATE_INCOME_YOY":5.8154026895,"GROSS_PROFIT":251494936.32,"GROSS_PROFIT_YOY":-10.14974323292,"HOLDER_PROFIT":27603231.36,"HOLDER_PROFIT_YOY":-18.8965196737,"GROSS_PROFIT_RATIO":15.470335361948,"EPS_TTM":0.005412720868,"OPERATE_INCOME_QOQ":0,"NET_PROFIT_RATIO":1.673377365,"ROE_AVG":1.497898207486,"GROSS_PROFIT_QOQ":0,"ROA":0.87033786165,"HOLDER_PROFIT_QOQ":0,"ROE_YEARLY":2.995796414972,"ROIC_YEARLY":1.826139200604,"TOTAL_ASSETS":3182300296.96,"TOTAL_LIABILITIES":1251731367.68,"TAX_EBT":-6.187830143377,"OCF_SALES":28.74589669038,"TOTAL_PARENT_EQUITY":1927520649.6,"DEBT_ASSET_RATIO":39.3341687105,"OPERATE_PROFIT":null,"PRETAX_PROFIT":25618202.88,"NETCASH_OPERATE":467310325.76,"NETCASH_INVEST":-104891927.68,"NETCASH_FINANCE":-279725573.76,"END_CASH":189912481.28,"DIVI_RATIO":null,"DIVIDEND_RATE":null,"CURRENT_RATIO":1.504239527125,"COMMON_ACS":15625000000,"CURRENTDEBT_DEBT":62.707178829816,"ISSUED_COMMON_SHARES":469001508,"HK_COMMON_SHARES":469001508,"PER_SHARES":2000,"TOTAL_MARKET_CAP":276710889.72,"HKSK_MARKET_CAP":276710889.72,"PE_TTM":-0.246058847028,"PB_TTM":0.255526467899,"REPORT_DATE_SQ":"2019-06-30 00:00:00","REPORT_TYPE_SQ":"2019年中报","OPERATE_INCOME_SQ":1577035497.57,"DPS_HKD":null,"OPERATE_INCOME_QOQ_SQ":0,"NET_PROFIT_RATIO_SQ":2.0179517112,"HOLDER_PROFIT_SQ":34936651.32,"HOLDER_PROFIT_QOQ_SQ":0,"ROE_AVG_SQ":1.715280754773,"PE_TTM_SQ":-9.560839441339,"PB_TTM_SQ":0.245517777293,"ROA_SQ":0.976966055273,"START_DATE":"2020-04-01 00:00:00","FISCAL_YEAR":"3-31","CURRENCY":"HKD","IS_CNY_CODE":0,"DPS_HKD_LY":null,"ORG_TYPE":"一般企业","PREMIUM_INCOME":null,"PREMIUM_INCOME_YOY":null,"NET_INTEREST_INCOME":null,"NET_INTEREST_INCOME_YOY":null,"FEE_COMMISSION_INCOME":null,"FEE_COMMISSION_INCOME_YOY":null,"ACCOUNTS_RECE_TDAYS":45.161259611864,"INVENTORY_TDAYS":1.996048301095,"CURRENT_ASSETS_TDAYS":1.330071477562,"TOTAL_ASSETS_TDAYS":0.512575056355,"PREMIUM_EXPENSE":null,"LOAN_DEPOSIT":null,"LOAN_EQUITY":null,"LOAN_ASSETS":null,"DEPOSIT_EQUITY":null,"DEPOSIT_ASSETS":null,"EQUITY_MULTIPLIER":1.648374346389,"EQUITY_RATIO":0.649399718721}],"count":48},"success":true,"message":"ok","code":0}