{"version":"56b3e03509de640bd1dec6bce0b6d54d","result":{"pages":3,"data":[{"SECUCODE":"00974.HK","SECURITY_CODE":"00974","SECURITY_NAME_ABBR":"中国顺客隆","ORG_CODE":"10472740","STD_REPORT_DATE":"2024-06-30 00:00:00","REPORT_DATE":"2024-06-30 00:00:00","DATE_TYPE_CODE":"002","REPORT_TYPE":"2024年中报","PER_NETCASH_OPERATE":-0.01327218831,"PER_OI":1.060962552116,"BPS":0.450503861157,"BASIC_EPS":-0.06,"DILUTED_EPS":-0.06,"OPERATE_INCOME":308164000,"OPERATE_INCOME_YOY":-4.6454419714,"GROSS_PROFIT":38783000,"GROSS_PROFIT_YOY":-15.806269538034,"HOLDER_PROFIT":-18596000,"HOLDER_PROFIT_YOY":-47.3300586278,"GROSS_PROFIT_RATIO":12.585181916123,"EPS_TTM":-0.112677608045,"OPERATE_INCOME_QOQ":-2.249445242722,"NET_PROFIT_RATIO":-6.0834490726,"ROE_AVG":-13.281291847747,"GROSS_PROFIT_QOQ":-7.983202491119,"ROA":-5.361287216346,"HOLDER_PROFIT_QOQ":-22.329371308963,"ROE_YEARLY":-26.562583695493,"ROIC_YEARLY":-12.044119456732,"TOTAL_ASSETS":328208000,"TOTAL_LIABILITIES":196273000,"TAX_EBT":-0.374792525566,"OCF_SALES":-1.250957282486,"TOTAL_PARENT_EQUITY":130852000,"DEBT_ASSET_RATIO":59.8014064252,"OPERATE_PROFIT":-16413000,"PRETAX_PROFIT":-18677000,"NETCASH_OPERATE":-3855000,"NETCASH_INVEST":-4349000,"NETCASH_FINANCE":-15633000,"END_CASH":25118000,"DIVI_RATIO":null,"DIVIDEND_RATE":null,"CURRENT_RATIO":1.294171580726,"COMMON_ACS":2000000000,"CURRENTDEBT_DEBT":81.130364339466,"ISSUED_COMMON_SHARES":290457000,"HK_COMMON_SHARES":290457000,"PER_SHARES":1000,"TOTAL_MARKET_CAP":278838720,"HKSK_MARKET_CAP":278838720,"PE_TTM":-7.70109120506,"PB_TTM":1.944873008969,"REPORT_DATE_SQ":"2023-06-30 00:00:00","REPORT_TYPE_SQ":"2023年中报","OPERATE_INCOME_SQ":323177000,"DPS_HKD":null,"OPERATE_INCOME_QOQ_SQ":1.583221267422,"NET_PROFIT_RATIO_SQ":-3.9455159247,"HOLDER_PROFIT_SQ":-12622000,"HOLDER_PROFIT_QOQ_SQ":6.7,"ROE_AVG_SQ":-7.44944241319,"PE_TTM_SQ":-19.666959636032,"PB_TTM_SQ":2.771854054898,"ROA_SQ":-3.410360503367,"START_DATE":"2024-01-01 00:00:00","FISCAL_YEAR":"12-31","CURRENCY":"HKD","IS_CNY_CODE":0,"DPS_HKD_LY":null,"ORG_TYPE":"一般企业","PREMIUM_INCOME":null,"PREMIUM_INCOME_YOY":null,"NET_INTEREST_INCOME":null,"NET_INTEREST_INCOME_YOY":null,"FEE_COMMISSION_INCOME":null,"FEE_COMMISSION_INCOME_YOY":null,"ACCOUNTS_RECE_TDAYS":8.765117469708,"INVENTORY_TDAYS":3.496116233947,"CURRENT_ASSETS_TDAYS":1.399111038469,"TOTAL_ASSETS_TDAYS":0.888446823907,"PREMIUM_EXPENSE":null,"LOAN_DEPOSIT":null,"LOAN_EQUITY":null,"LOAN_ASSETS":null,"DEPOSIT_EQUITY":null,"DEPOSIT_ASSETS":null,"EQUITY_MULTIPLIER":2.487649221208,"EQUITY_RATIO":1.499961788891},{"SECUCODE":"00974.HK","SECURITY_CODE":"00974","SECURITY_NAME_ABBR":"中国顺客隆","ORG_CODE":"10472740","STD_REPORT_DATE":"2023-12-31 00:00:00","REPORT_DATE":"2023-12-31 00:00:00","DATE_TYPE_CODE":"001","REPORT_TYPE":"2023年年报","PER_NETCASH_OPERATE":0.056917202891,"PER_OI":2.297789345755,"BPS":0.513607866225,"BASIC_EPS":-0.09,"DILUTED_EPS":-0.09,"OPERATE_INCOME":667409000,"OPERATE_INCOME_YOY":4.4849325491,"GROSS_PROFIT":91204000,"GROSS_PROFIT_YOY":-10.765407457415,"HOLDER_PROFIT":-26754000,"HOLDER_PROFIT_YOY":-7.016,"GROSS_PROFIT_RATIO":13.665383595367,"EPS_TTM":-0.092110019728,"OPERATE_INCOME_QOQ":2.856486775553,"NET_PROFIT_RATIO":-3.9981480621,"ROE_AVG":-16.475304593614,"GROSS_PROFIT_QOQ":-7.468168213869,"ROA":-7.084102869626,"HOLDER_PROFIT_QOQ":-14.700964630225,"ROE_YEARLY":-16.475304593614,"ROIC_YEARLY":-8.165769329378,"TOTAL_ASSETS":365506000,"TOTAL_LIABILITIES":215091000,"TAX_EBT":2.811771561772,"OCF_SALES":2.47704181394,"TOTAL_PARENT_EQUITY":149181000,"DEBT_ASSET_RATIO":58.8474607804,"OPERATE_PROFIT":-23052000,"PRETAX_PROFIT":-27456000,"NETCASH_OPERATE":16532000,"NETCASH_INVEST":-4239000,"NETCASH_FINANCE":-12944000,"END_CASH":48683000,"DIVI_RATIO":null,"DIVIDEND_RATE":null,"CURRENT_RATIO":1.376877220803,"COMMON_ACS":2000000000,"CURRENTDEBT_DEBT":79.159518529367,"ISSUED_COMMON_SHARES":290457000,"HK_COMMON_SHARES":290457000,"PER_SHARES":1000,"TOTAL_MARKET_CAP":270125010,"HKSK_MARKET_CAP":270125010,"PE_TTM":-7.460432104902,"PB_TTM":1.884095727439,"REPORT_DATE_SQ":"2022-12-31 00:00:00","REPORT_TYPE_SQ":"2022年年报","OPERATE_INCOME_SQ":638761000,"DPS_HKD":null,"OPERATE_INCOME_QOQ_SQ":-1.117220710303,"NET_PROFIT_RATIO_SQ":-3.9033378682,"HOLDER_PROFIT_SQ":-25000000,"HOLDER_PROFIT_QOQ_SQ":38.242632346039,"ROE_AVG_SQ":-13.321006961558,"PE_TTM_SQ":-6.167744737927,"PB_TTM_SQ":0.869279674021,"ROA_SQ":-5.737866707061,"START_DATE":"2023-01-01 00:00:00","FISCAL_YEAR":"12-31","CURRENCY":"HKD","IS_CNY_CODE":0,"DPS_HKD_LY":null,"ORG_TYPE":"一般企业","PREMIUM_INCOME":null,"PREMIUM_INCOME_YOY":null,"NET_INTEREST_INCOME":null,"NET_INTEREST_INCOME_YOY":null,"FEE_COMMISSION_INCOME":null,"FEE_COMMISSION_INCOME_YOY":null,"ACCOUNTS_RECE_TDAYS":20.31222704101,"INVENTORY_TDAYS":6.078143872067,"CURRENT_ASSETS_TDAYS":2.714882227198,"TOTAL_ASSETS_TDAYS":1.76721014133,"PREMIUM_EXPENSE":null,"LOAN_DEPOSIT":null,"LOAN_EQUITY":null,"LOAN_ASSETS":null,"DEPOSIT_EQUITY":null,"DEPOSIT_ASSETS":null,"EQUITY_MULTIPLIER":2.429983711731,"EQUITY_RATIO":1.441812295131},{"SECUCODE":"00974.HK","SECURITY_CODE":"00974","SECURITY_NAME_ABBR":"中国顺客隆","ORG_CODE":"10472740","STD_REPORT_DATE":"2023-06-30 00:00:00","REPORT_DATE":"2023-06-30 00:00:00","DATE_TYPE_CODE":"002","REPORT_TYPE":"2023年中报","PER_NETCASH_OPERATE":0.022468041741,"PER_OI":1.112650065242,"BPS":0.562131399829,"BASIC_EPS":-0.04,"DILUTED_EPS":-0.04,"OPERATE_INCOME":323177000,"OPERATE_INCOME_YOY":3.2303299006,"GROSS_PROFIT":46064000,"GROSS_PROFIT_YOY":-7.327083249507,"HOLDER_PROFIT":-12622000,"HOLDER_PROFIT_YOY":11.7157445618,"GROSS_PROFIT_RATIO":14.253489573825,"EPS_TTM":-0.08030448569,"OPERATE_INCOME_QOQ":1.583221267422,"NET_PROFIT_RATIO":-3.9455159247,"ROE_AVG":-7.44944241319,"GROSS_PROFIT_QOQ":-3.56335671725,"ROA":-3.410360503367,"HOLDER_PROFIT_QOQ":6.7,"ROE_YEARLY":-14.898884826379,"ROIC_YEARLY":-7.677545521178,"TOTAL_ASSETS":350396000,"TOTAL_LIABILITIES":186086000,"TAX_EBT":-0.031379932533,"OCF_SALES":2.019326870415,"TOTAL_PARENT_EQUITY":163275000,"DEBT_ASSET_RATIO":53.107341408,"OPERATE_PROFIT":-10269000,"PRETAX_PROFIT":-12747000,"NETCASH_OPERATE":6526000,"NETCASH_INVEST":-1415000,"NETCASH_FINANCE":-22996000,"END_CASH":31438000,"DIVI_RATIO":null,"DIVIDEND_RATE":null,"CURRENT_RATIO":1.464170942479,"COMMON_ACS":2000000000,"CURRENTDEBT_DEBT":79.597605408252,"ISSUED_COMMON_SHARES":290457000,"HK_COMMON_SHARES":290457000,"PER_SHARES":1000,"TOTAL_MARKET_CAP":270125010,"HKSK_MARKET_CAP":270125010,"PE_TTM":-7.460432104902,"PB_TTM":1.884095727439,"REPORT_DATE_SQ":"2022-06-30 00:00:00","REPORT_TYPE_SQ":"2022年中报","OPERATE_INCOME_SQ":313064000,"DPS_HKD":null,"OPERATE_INCOME_QOQ_SQ":-12.898123740115,"NET_PROFIT_RATIO_SQ":-4.5600899497,"HOLDER_PROFIT_SQ":-14297000,"HOLDER_PROFIT_QOQ_SQ":-6.402943882245,"ROE_AVG_SQ":-7.407484165123,"PE_TTM_SQ":-6.167744737927,"PB_TTM_SQ":0.869279674021,"ROA_SQ":-3.284111099753,"START_DATE":"2023-01-01 00:00:00","FISCAL_YEAR":"12-31","CURRENCY":"HKD","IS_CNY_CODE":0,"DPS_HKD_LY":null,"ORG_TYPE":"一般企业","PREMIUM_INCOME":null,"PREMIUM_INCOME_YOY":null,"NET_INTEREST_INCOME":null,"NET_INTEREST_INCOME_YOY":null,"FEE_COMMISSION_INCOME":null,"FEE_COMMISSION_INCOME_YOY":null,"ACCOUNTS_RECE_TDAYS":9.853257721272,"INVENTORY_TDAYS":2.804248170898,"CURRENT_ASSETS_TDAYS":1.363311158264,"TOTAL_ASSETS_TDAYS":0.873197652034,"PREMIUM_EXPENSE":null,"LOAN_DEPOSIT":null,"LOAN_EQUITY":null,"LOAN_ASSETS":null,"DEPOSIT_EQUITY":null,"DEPOSIT_ASSETS":null,"EQUITY_MULTIPLIER":2.13252997383,"EQUITY_RATIO":1.139709079773},{"SECUCODE":"00974.HK","SECURITY_CODE":"00974","SECURITY_NAME_ABBR":"中国顺客隆","ORG_CODE":"10472740","STD_REPORT_DATE":"2022-12-31 00:00:00","REPORT_DATE":"2022-12-31 00:00:00","DATE_TYPE_CODE":"001","REPORT_TYPE":"2022年年报","PER_NETCASH_OPERATE":0.151275403932,"PER_OI":2.199158567361,"BPS":0.604550759665,"BASIC_EPS":-0.09,"DILUTED_EPS":-0.09,"OPERATE_INCOME":638761000,"OPERATE_INCOME_YOY":-13.8712439408,"GROSS_PROFIT":102207000,"GROSS_PROFIT_YOY":-5.226115742329,"HOLDER_PROFIT":-25000000,"HOLDER_PROFIT_YOY":34.288342752,"GROSS_PROFIT_RATIO":16.000820338123,"EPS_TTM":-0.086071260118,"OPERATE_INCOME_QOQ":-1.117220710303,"NET_PROFIT_RATIO":-3.9033378682,"ROE_AVG":-13.321006961558,"GROSS_PROFIT_QOQ":2.444671638201,"ROA":-5.737866707061,"HOLDER_PROFIT_QOQ":38.242632346039,"ROE_YEARLY":-13.321006961558,"ROIC_YEARLY":-6.975173960839,"TOTAL_ASSETS":389819000,"TOTAL_LIABILITIES":213059000,"TAX_EBT":-0.116447157083,"OCF_SALES":6.878785649093,"TOTAL_PARENT_EQUITY":175596000,"DEBT_ASSET_RATIO":54.655878754,"OPERATE_PROFIT":-20263000,"PRETAX_PROFIT":-24904000,"NETCASH_OPERATE":42990000,"NETCASH_INVEST":-3568000,"NETCASH_FINANCE":-94708000,"END_CASH":48972000,"DIVI_RATIO":null,"DIVIDEND_RATE":null,"CURRENT_RATIO":1.487102256961,"COMMON_ACS":2000000000,"CURRENTDEBT_DEBT":81.186901280866,"ISSUED_COMMON_SHARES":290457000,"HK_COMMON_SHARES":290457000,"PER_SHARES":1000,"TOTAL_MARKET_CAP":270125010,"HKSK_MARKET_CAP":270125010,"PE_TTM":-7.460432104902,"PB_TTM":1.884095727439,"REPORT_DATE_SQ":"2021-12-31 00:00:00","REPORT_TYPE_SQ":"2021年年报","OPERATE_INCOME_SQ":741635000,"DPS_HKD":null,"OPERATE_INCOME_QOQ_SQ":-10.443642897596,"NET_PROFIT_RATIO_SQ":-5.1584674402,"HOLDER_PROFIT_SQ":-38045000,"HOLDER_PROFIT_QOQ_SQ":-47.039499111077,"ROE_AVG_SQ":-17.375676792773,"PE_TTM_SQ":-6.167744737927,"PB_TTM_SQ":0.869279674021,"ROA_SQ":-7.033212030684,"START_DATE":"2022-01-01 00:00:00","FISCAL_YEAR":"12-31","CURRENCY":"HKD","IS_CNY_CODE":0,"DPS_HKD_LY":null,"ORG_TYPE":"一般企业","PREMIUM_INCOME":null,"PREMIUM_INCOME_YOY":null,"NET_INTEREST_INCOME":null,"NET_INTEREST_INCOME_YOY":null,"FEE_COMMISSION_INCOME":null,"FEE_COMMISSION_INCOME_YOY":null,"ACCOUNTS_RECE_TDAYS":23.9075155326,"INVENTORY_TDAYS":4.886203442309,"CURRENT_ASSETS_TDAYS":2.249613918311,"TOTAL_ASSETS_TDAYS":1.466050190268,"PREMIUM_EXPENSE":null,"LOAN_DEPOSIT":null,"LOAN_EQUITY":null,"LOAN_ASSETS":null,"DEPOSIT_EQUITY":null,"DEPOSIT_ASSETS":null,"EQUITY_MULTIPLIER":2.205357546957,"EQUITY_RATIO":1.213347684458},{"SECUCODE":"00974.HK","SECURITY_CODE":"00974","SECURITY_NAME_ABBR":"中国顺客隆","ORG_CODE":"10472740","STD_REPORT_DATE":"2022-06-30 00:00:00","REPORT_DATE":"2022-06-30 00:00:00","DATE_TYPE_CODE":"002","REPORT_TYPE":"2022年中报","PER_NETCASH_OPERATE":0.096334397174,"PER_OI":1.077832519099,"BPS":0.641279087782,"BASIC_EPS":-0.05,"DILUTED_EPS":-0.05,"OPERATE_INCOME":313064000,"OPERATE_INCOME_YOY":-23.4039846252,"GROSS_PROFIT":49706000,"GROSS_PROFIT_YOY":-13.975182153303,"HOLDER_PROFIT":-14297000,"HOLDER_PROFIT_YOY":-20.5378973105,"GROSS_PROFIT_RATIO":15.877264712647,"EPS_TTM":-0.139370027233,"OPERATE_INCOME_QOQ":-12.898123740115,"NET_PROFIT_RATIO":-4.5600899497,"ROE_AVG":-7.407484165123,"GROSS_PROFIT_QOQ":-7.487736802574,"ROA":-3.284111099753,"HOLDER_PROFIT_QOQ":-6.402943882245,"ROE_YEARLY":-14.814968330246,"ROIC_YEARLY":-8.001477505813,"TOTAL_ASSETS":389092000,"TOTAL_LIABILITIES":201710000,"TAX_EBT":null,"OCF_SALES":8.937789078272,"TOTAL_PARENT_EQUITY":186264000,"DEBT_ASSET_RATIO":51.841209791,"OPERATE_PROFIT":-11529000,"PRETAX_PROFIT":-14276000,"NETCASH_OPERATE":27981000,"NETCASH_INVEST":-1994000,"NETCASH_FINANCE":-79784000,"END_CASH":50401000,"DIVI_RATIO":null,"DIVIDEND_RATE":null,"CURRENT_RATIO":1.575214148455,"COMMON_ACS":2000000000,"CURRENTDEBT_DEBT":76.106786971395,"ISSUED_COMMON_SHARES":290457000,"HK_COMMON_SHARES":290457000,"PER_SHARES":1000,"TOTAL_MARKET_CAP":270125010,"HKSK_MARKET_CAP":270125010,"PE_TTM":-7.460432104902,"PB_TTM":1.884095727439,"REPORT_DATE_SQ":"2021-06-30 00:00:00","REPORT_TYPE_SQ":"2021年中报","OPERATE_INCOME_SQ":408721000,"DPS_HKD":null,"OPERATE_INCOME_QOQ_SQ":-6.821723568747,"NET_PROFIT_RATIO_SQ":-2.9227761725,"HOLDER_PROFIT_SQ":-11861000,"HOLDER_PROFIT_QOQ_SQ":-56.80261802315,"ROE_AVG_SQ":-5.104458278015,"PE_TTM_SQ":-6.167744737927,"PB_TTM_SQ":0.869279674021,"ROA_SQ":-2.00109156584,"START_DATE":"2022-01-01 00:00:00","FISCAL_YEAR":"12-31","CURRENCY":"HKD","IS_CNY_CODE":0,"DPS_HKD_LY":null,"ORG_TYPE":"一般企业","PREMIUM_INCOME":null,"PREMIUM_INCOME_YOY":null,"NET_INTEREST_INCOME":null,"NET_INTEREST_INCOME_YOY":null,"FEE_COMMISSION_INCOME":null,"FEE_COMMISSION_INCOME_YOY":null,"ACCOUNTS_RECE_TDAYS":12.509800003996,"INVENTORY_TDAYS":2.609300459227,"CURRENT_ASSETS_TDAYS":1.133322835045,"TOTAL_ASSETS_TDAYS":0.719127759203,"PREMIUM_EXPENSE":null,"LOAN_DEPOSIT":null,"LOAN_EQUITY":null,"LOAN_ASSETS":null,"DEPOSIT_EQUITY":null,"DEPOSIT_ASSETS":null,"EQUITY_MULTIPLIER":2.07646412142,"EQUITY_RATIO":1.082925310312},{"SECUCODE":"00974.HK","SECURITY_CODE":"00974","SECURITY_NAME_ABBR":"中国顺客隆","ORG_CODE":"10472740","STD_REPORT_DATE":"2021-12-31 00:00:00","REPORT_DATE":"2021-12-31 00:00:00","DATE_TYPE_CODE":"001","REPORT_TYPE":"2021年年报","PER_NETCASH_OPERATE":0.197333856647,"PER_OI":2.553338359895,"BPS":0.687712811191,"BASIC_EPS":-0.13,"DILUTED_EPS":-0.13,"OPERATE_INCOME":741635000,"OPERATE_INCOME_YOY":-16.5529300174,"GROSS_PROFIT":107843000,"GROSS_PROFIT_YOY":-14.285827829308,"HOLDER_PROFIT":-38045000,"HOLDER_PROFIT_YOY":-130.5617841343,"GROSS_PROFIT_RATIO":14.541250075846,"EPS_TTM":-0.130983243647,"OPERATE_INCOME_QOQ":-10.443642897596,"NET_PROFIT_RATIO":-5.1584674402,"ROE_AVG":-17.375676792773,"GROSS_PROFIT_QOQ":-8.602205215564,"ROA":-7.033212030684,"HOLDER_PROFIT_QOQ":-47.039499111077,"ROE_YEARLY":-17.375676792773,"ROIC_YEARLY":-8.724436678178,"TOTAL_ASSETS":481585000,"TOTAL_LIABILITIES":280737000,"TAX_EBT":-1.56096524994,"OCF_SALES":7.728464810857,"TOTAL_PARENT_EQUITY":199751000,"DEBT_ASSET_RATIO":58.2943820925,"OPERATE_PROFIT":-27079000,"PRETAX_PROFIT":-37669000,"NETCASH_OPERATE":59760000,"NETCASH_INVEST":36827000,"NETCASH_FINANCE":-96793000,"END_CASH":103343000,"DIVI_RATIO":null,"DIVIDEND_RATE":null,"CURRENT_RATIO":1.382506608753,"COMMON_ACS":2000000000,"CURRENTDEBT_DEBT":80.040037472795,"ISSUED_COMMON_SHARES":290457000,"HK_COMMON_SHARES":290457000,"PER_SHARES":1000,"TOTAL_MARKET_CAP":270125010,"HKSK_MARKET_CAP":270125010,"PE_TTM":-7.460432104902,"PB_TTM":1.884095727439,"REPORT_DATE_SQ":"2020-12-31 00:00:00","REPORT_TYPE_SQ":"2020年年报","OPERATE_INCOME_SQ":888749000,"DPS_HKD":null,"OPERATE_INCOME_QOQ_SQ":-7.328825329628,"NET_PROFIT_RATIO_SQ":-1.852829089,"HOLDER_PROFIT_SQ":-16501000,"HOLDER_PROFIT_QOQ_SQ":16.225821191044,"ROE_AVG_SQ":-6.67405486954,"PE_TTM_SQ":-6.167744737927,"PB_TTM_SQ":0.869279674021,"ROA_SQ":-2.756034723933,"START_DATE":"2021-01-01 00:00:00","FISCAL_YEAR":"12-31","CURRENCY":"HKD","IS_CNY_CODE":0,"DPS_HKD_LY":null,"ORG_TYPE":"一般企业","PREMIUM_INCOME":null,"PREMIUM_INCOME_YOY":null,"NET_INTEREST_INCOME":null,"NET_INTEREST_INCOME_YOY":null,"FEE_COMMISSION_INCOME":null,"FEE_COMMISSION_INCOME_YOY":null,"ACCOUNTS_RECE_TDAYS":24.666899487794,"INVENTORY_TDAYS":5.035910515715,"CURRENT_ASSETS_TDAYS":2.047329845823,"TOTAL_ASSETS_TDAYS":1.371028046886,"PREMIUM_EXPENSE":null,"LOAN_DEPOSIT":null,"LOAN_EQUITY":null,"LOAN_ASSETS":null,"DEPOSIT_EQUITY":null,"DEPOSIT_ASSETS":null,"EQUITY_MULTIPLIER":2.397758503945,"EQUITY_RATIO":1.405434766284},{"SECUCODE":"00974.HK","SECURITY_CODE":"00974","SECURITY_NAME_ABBR":"中国顺客隆","ORG_CODE":"10472740","STD_REPORT_DATE":"2021-06-30 00:00:00","REPORT_DATE":"2021-06-30 00:00:00","DATE_TYPE_CODE":"002","REPORT_TYPE":"2021年中报","PER_NETCASH_OPERATE":0.035017231466,"PER_OI":1.407165260262,"BPS":0.780050059045,"BASIC_EPS":-0.04,"DILUTED_EPS":-0.04,"OPERATE_INCOME":408721000,"OPERATE_INCOME_YOY":-12.9174665334,"GROSS_PROFIT":57781000,"GROSS_PROFIT_YOY":-11.925920280466,"HOLDER_PROFIT":-11861000,"HOLDER_PROFIT_YOY":-376.7282958199,"GROSS_PROFIT_RATIO":14.137027458829,"EPS_TTM":-0.089080311371,"OPERATE_INCOME_QOQ":-6.821723568747,"NET_PROFIT_RATIO":-2.9227761725,"ROE_AVG":-5.104458278015,"GROSS_PROFIT_QOQ":-6.218555521114,"ROA":-2.00109156584,"HOLDER_PROFIT_QOQ":-56.80261802315,"ROE_YEARLY":-10.208916556029,"ROIC_YEARLY":-5.02592731876,"TOTAL_ASSETS":585171000,"TOTAL_LIABILITIES":357376000,"TAX_EBT":null,"OCF_SALES":2.488494596559,"TOTAL_PARENT_EQUITY":226571000,"DEBT_ASSET_RATIO":61.0720626962,"OPERATE_PROFIT":-6069000,"PRETAX_PROFIT":-11946000,"NETCASH_OPERATE":10171000,"NETCASH_INVEST":41202000,"NETCASH_FINANCE":-20648000,"END_CASH":134965000,"DIVI_RATIO":null,"DIVIDEND_RATE":null,"CURRENT_RATIO":1.42015465987,"COMMON_ACS":2000000000,"CURRENTDEBT_DEBT":80.149478420487,"ISSUED_COMMON_SHARES":290457000,"HK_COMMON_SHARES":290457000,"PER_SHARES":1000,"TOTAL_MARKET_CAP":270125010,"HKSK_MARKET_CAP":270125010,"PE_TTM":-7.460432104902,"PB_TTM":1.884095727439,"REPORT_DATE_SQ":"2020-06-30 00:00:00","REPORT_TYPE_SQ":"2020年中报","OPERATE_INCOME_SQ":469349000,"DPS_HKD":null,"OPERATE_INCOME_QOQ_SQ":1.46145716187,"NET_PROFIT_RATIO_SQ":-0.5066592237,"HOLDER_PROFIT_SQ":-2488000,"HOLDER_PROFIT_QOQ_SQ":4.504024047319,"ROE_AVG_SQ":-0.975244546098,"PE_TTM_SQ":-6.167744737927,"PB_TTM_SQ":0.869279674021,"ROA_SQ":-0.422262464635,"START_DATE":"2021-01-01 00:00:00","FISCAL_YEAR":"12-31","CURRENCY":"HKD","IS_CNY_CODE":0,"DPS_HKD_LY":null,"ORG_TYPE":"一般企业","PREMIUM_INCOME":null,"PREMIUM_INCOME_YOY":null,"NET_INTEREST_INCOME":null,"NET_INTEREST_INCOME_YOY":null,"FEE_COMMISSION_INCOME":null,"FEE_COMMISSION_INCOME_YOY":null,"ACCOUNTS_RECE_TDAYS":9.544204184569,"INVENTORY_TDAYS":2.734679087817,"CURRENT_ASSETS_TDAYS":0.996127318369,"TOTAL_ASSETS_TDAYS":0.689560868293,"PREMIUM_EXPENSE":null,"LOAN_DEPOSIT":null,"LOAN_EQUITY":null,"LOAN_ASSETS":null,"DEPOSIT_EQUITY":null,"DEPOSIT_ASSETS":null,"EQUITY_MULTIPLIER":2.568849184574,"EQUITY_RATIO":1.577324547272},{"SECUCODE":"00974.HK","SECURITY_CODE":"00974","SECURITY_NAME_ABBR":"中国顺客隆","ORG_CODE":"10472740","STD_REPORT_DATE":"2020-12-31 00:00:00","REPORT_DATE":"2020-12-31 00:00:00","DATE_TYPE_CODE":"001","REPORT_TYPE":"2020年年报","PER_NETCASH_OPERATE":0.08864306937,"PER_OI":3.059829854333,"BPS":0.819949252385,"BASIC_EPS":-0.06,"DILUTED_EPS":-0.06,"OPERATE_INCOME":888749000,"OPERATE_INCOME_YOY":-5.9744758104,"GROSS_PROFIT":125817000,"GROSS_PROFIT_YOY":-6.654251925274,"HOLDER_PROFIT":-16501000,"HOLDER_PROFIT_YOY":19.99903035,"GROSS_PROFIT_RATIO":14.156640401283,"EPS_TTM":-0.056810474528,"OPERATE_INCOME_QOQ":-7.328825329628,"NET_PROFIT_RATIO":-1.852829089,"ROE_AVG":-6.67405486954,"GROSS_PROFIT_QOQ":-4.924660329167,"ROA":-2.756034723933,"HOLDER_PROFIT_QOQ":16.225821191044,"ROE_YEARLY":-6.67405486954,"ROIC_YEARLY":-3.49963362117,"TOTAL_ASSETS":600282000,"TOTAL_LIABILITIES":360813000,"TAX_EBT":-1.366574330563,"OCF_SALES":2.896993414339,"TOTAL_PARENT_EQUITY":238160000,"DEBT_ASSET_RATIO":60.1072495927,"OPERATE_PROFIT":-4762000,"PRETAX_PROFIT":-16245000,"NETCASH_OPERATE":25747000,"NETCASH_INVEST":-3555000,"NETCASH_FINANCE":-39102000,"END_CASH":103970000,"DIVI_RATIO":null,"DIVIDEND_RATE":null,"CURRENT_RATIO":1.457160663796,"COMMON_ACS":2000000000,"CURRENTDEBT_DEBT":78.711964369355,"ISSUED_COMMON_SHARES":290457000,"HK_COMMON_SHARES":290457000,"PER_SHARES":1000,"TOTAL_MARKET_CAP":270125010,"HKSK_MARKET_CAP":270125010,"PE_TTM":-7.460432104902,"PB_TTM":1.884095727439,"REPORT_DATE_SQ":"2019-12-31 00:00:00","REPORT_TYPE_SQ":"2019年年报","OPERATE_INCOME_SQ":945221000,"DPS_HKD":null,"OPERATE_INCOME_QOQ_SQ":-2.801640365833,"NET_PROFIT_RATIO_SQ":-2.1750468938,"HOLDER_PROFIT_SQ":-20626000,"HOLDER_PROFIT_QOQ_SQ":-38296.2962962963,"ROE_AVG_SQ":-7.746941749578,"PE_TTM_SQ":-6.167744737927,"PB_TTM_SQ":0.869279674021,"ROA_SQ":-3.619285425384,"START_DATE":"2020-01-01 00:00:00","FISCAL_YEAR":"12-31","CURRENCY":"HKD","IS_CNY_CODE":0,"DPS_HKD_LY":null,"ORG_TYPE":"一般企业","PREMIUM_INCOME":null,"PREMIUM_INCOME_YOY":null,"NET_INTEREST_INCOME":null,"NET_INTEREST_INCOME_YOY":null,"FEE_COMMISSION_INCOME":null,"FEE_COMMISSION_INCOME_YOY":null,"ACCOUNTS_RECE_TDAYS":30.113304081183,"INVENTORY_TDAYS":5.553160051533,"CURRENT_ASSETS_TDAYS":2.097031001881,"TOTAL_ASSETS_TDAYS":1.484408887256,"PREMIUM_EXPENSE":null,"LOAN_DEPOSIT":null,"LOAN_EQUITY":null,"LOAN_ASSETS":null,"DEPOSIT_EQUITY":null,"DEPOSIT_ASSETS":null,"EQUITY_MULTIPLIER":2.50672112048,"EQUITY_RATIO":1.515002519315},{"SECUCODE":"00974.HK","SECURITY_CODE":"00974","SECURITY_NAME_ABBR":"中国顺客隆","ORG_CODE":"10472740","STD_REPORT_DATE":"2020-06-30 00:00:00","REPORT_DATE":"2020-06-30 00:00:00","DATE_TYPE_CODE":"002","REPORT_TYPE":"2020年中报","PER_NETCASH_OPERATE":-0.060545967217,"PER_OI":1.615898394599,"BPS":0.874170703409,"BASIC_EPS":-0.01,"DILUTED_EPS":-0.01,"OPERATE_INCOME":469349000,"OPERATE_INCOME_YOY":3.0324782948,"GROSS_PROFIT":65605000,"GROSS_PROFIT_YOY":-3.602862306596,"HOLDER_PROFIT":-2488000,"HOLDER_PROFIT_YOY":27.1875914545,"GROSS_PROFIT_RATIO":13.977871477302,"EPS_TTM":-0.067813824422,"OPERATE_INCOME_QOQ":1.46145716187,"NET_PROFIT_RATIO":-0.5066592237,"ROE_AVG":-0.975244546098,"GROSS_PROFIT_QOQ":-1.819180033535,"ROA":-0.422262464635,"HOLDER_PROFIT_QOQ":4.504024047319,"ROE_YEARLY":-1.950489092196,"ROIC_YEARLY":-1.081850843294,"TOTAL_ASSETS":581251000,"TOTAL_LIABILITIES":325957000,"TAX_EBT":-31.745152354571,"OCF_SALES":-3.746891971646,"TOTAL_PARENT_EQUITY":253909000,"DEBT_ASSET_RATIO":56.0785271767,"OPERATE_PROFIT":3123000,"PRETAX_PROFIT":-1805000,"NETCASH_OPERATE":-20022000,"NETCASH_INVEST":21531000,"NETCASH_FINANCE":-16248000,"END_CASH":107971000,"DIVI_RATIO":null,"DIVIDEND_RATE":null,"CURRENT_RATIO":1.558371794176,"COMMON_ACS":2000000000,"CURRENTDEBT_DEBT":84.751976487696,"ISSUED_COMMON_SHARES":290457000,"HK_COMMON_SHARES":290457000,"PER_SHARES":1000,"TOTAL_MARKET_CAP":270125010,"HKSK_MARKET_CAP":270125010,"PE_TTM":-7.460432104902,"PB_TTM":1.884095727439,"REPORT_DATE_SQ":"2019-06-30 00:00:00","REPORT_TYPE_SQ":"2019年中报","OPERATE_INCOME_SQ":455535000,"DPS_HKD":null,"OPERATE_INCOME_QOQ_SQ":-1.472343409004,"NET_PROFIT_RATIO_SQ":-0.8502090948,"HOLDER_PROFIT_SQ":-3417000,"HOLDER_PROFIT_QOQ_SQ":-99.519871965858,"ROE_AVG_SQ":-1.24888068566,"PE_TTM_SQ":-6.167744737927,"PB_TTM_SQ":0.869279674021,"ROA_SQ":-0.579942837358,"START_DATE":"2020-01-01 00:00:00","FISCAL_YEAR":"12-31","CURRENCY":"HKD","IS_CNY_CODE":0,"DPS_HKD_LY":null,"ORG_TYPE":"一般企业","PREMIUM_INCOME":null,"PREMIUM_INCOME_YOY":null,"NET_INTEREST_INCOME":null,"NET_INTEREST_INCOME_YOY":null,"FEE_COMMISSION_INCOME":null,"FEE_COMMISSION_INCOME_YOY":null,"ACCOUNTS_RECE_TDAYS":15.939583297957,"INVENTORY_TDAYS":3.075148999372,"CURRENT_ASSETS_TDAYS":1.086083934208,"TOTAL_ASSETS_TDAYS":0.796577433737,"PREMIUM_EXPENSE":null,"LOAN_DEPOSIT":null,"LOAN_EQUITY":null,"LOAN_ASSETS":null,"DEPOSIT_EQUITY":null,"DEPOSIT_ASSETS":null,"EQUITY_MULTIPLIER":2.276790680547,"EQUITY_RATIO":1.283755203636}],"count":25},"success":true,"message":"ok","code":0}