{"version":"4c06eada030547ba8353161e599a5eb0","result":{"pages":4,"data":[{"SECUCODE":"00976.HK","SECURITY_CODE":"00976","SECURITY_NAME_ABBR":"齐合环保","ORG_CODE":"10150735","STD_REPORT_DATE":"2024-06-30 00:00:00","REPORT_DATE":"2024-06-30 00:00:00","DATE_TYPE_CODE":"002","REPORT_TYPE":"2024年中报","PER_NETCASH_OPERATE":-0.102062627278,"PER_OI":5.033649174164,"BPS":2.757567296772,"BASIC_EPS":0.0273804,"DILUTED_EPS":0.0273804,"OPERATE_INCOME":8079773504,"OPERATE_INCOME_YOY":0.3525397599,"GROSS_PROFIT":490565500,"GROSS_PROFIT_YOY":-5.206085044114,"HOLDER_PROFIT":46090340,"HOLDER_PROFIT_YOY":-5.0751879699,"GROSS_PROFIT_RATIO":6.071525393096,"EPS_TTM":-0.007093932497,"OPERATE_INCOME_QOQ":-0.359291698226,"NET_PROFIT_RATIO":0.4484456895,"ROE_AVG":1.032582581048,"GROSS_PROFIT_QOQ":-2.864156895723,"ROA":0.572588326001,"HOLDER_PROFIT_QOQ":-35.109754022558,"ROE_YEARLY":2.065165162095,"ROIC_YEARLY":1.174562010478,"TOTAL_ASSETS":8140010384,"TOTAL_LIABILITIES":3766082752,"TAX_EBT":45.690834473324,"OCF_SALES":-2.027607084764,"TOTAL_PARENT_EQUITY":4426315464,"DEBT_ASSET_RATIO":46.2663138539,"OPERATE_PROFIT":98569440,"PRETAX_PROFIT":66716908,"NETCASH_OPERATE":-163826060,"NETCASH_INVEST":-21721784,"NETCASH_FINANCE":31669996,"END_CASH":172679056,"DIVI_RATIO":null,"DIVIDEND_RATE":null,"CURRENT_RATIO":1.342956511034,"COMMON_ACS":5000000000,"CURRENTDEBT_DEBT":78.739336952307,"ISSUED_COMMON_SHARES":1605152291,"HK_COMMON_SHARES":1605152291,"PER_SHARES":2000,"TOTAL_MARKET_CAP":818627668.41,"HKSK_MARKET_CAP":818627668.41,"PE_TTM":-68.2189723675,"PB_TTM":0.168796170648,"REPORT_DATE_SQ":"2023-06-30 00:00:00","REPORT_TYPE_SQ":"2023年中报","OPERATE_INCOME_SQ":8133430966,"DPS_HKD":null,"OPERATE_INCOME_QOQ_SQ":-11.324167519533,"NET_PROFIT_RATIO_SQ":0.5690513166,"HOLDER_PROFIT_SQ":49049336,"HOLDER_PROFIT_QOQ_SQ":-51.450083689242,"ROE_AVG_SQ":1.087600940407,"PE_TTM_SQ":6.450485094966,"PB_TTM_SQ":0.15375642055,"ROA_SQ":0.611866999436,"START_DATE":"2024-01-01 00:00:00","FISCAL_YEAR":"12-31","CURRENCY":"HKD","IS_CNY_CODE":0,"DPS_HKD_LY":null,"ORG_TYPE":"一般企业","PREMIUM_INCOME":null,"PREMIUM_INCOME_YOY":null,"NET_INTEREST_INCOME":null,"NET_INTEREST_INCOME_YOY":null,"FEE_COMMISSION_INCOME":null,"FEE_COMMISSION_INCOME_YOY":null,"ACCOUNTS_RECE_TDAYS":4.345039142065,"INVENTORY_TDAYS":5.07138718629,"CURRENT_ASSETS_TDAYS":2.088835930772,"TOTAL_ASSETS_TDAYS":1.003764343054,"PREMIUM_EXPENSE":null,"LOAN_DEPOSIT":null,"LOAN_EQUITY":null,"LOAN_ASSETS":null,"DEPOSIT_EQUITY":null,"DEPOSIT_ASSETS":null,"EQUITY_MULTIPLIER":1.86102996411,"EQUITY_RATIO":0.850839209864},{"SECUCODE":"00976.HK","SECURITY_CODE":"00976","SECURITY_NAME_ABBR":"齐合环保","ORG_CODE":"10150735","STD_REPORT_DATE":"2023-12-31 00:00:00","REPORT_DATE":"2023-12-31 00:00:00","DATE_TYPE_CODE":"001","REPORT_TYPE":"2023年年报","PER_NETCASH_OPERATE":-0.02681705047,"PER_OI":9.303935718583,"BPS":2.784174408284,"BASIC_EPS":-0.0090622,"DILUTED_EPS":-0.0090622,"OPERATE_INCOME":14934233734,"OPERATE_INCOME_YOY":-15.8095053208,"GROSS_PROFIT":940656360,"GROSS_PROFIT_YOY":-12.80548201414,"HOLDER_PROFIT":-8427846,"HOLDER_PROFIT_YOY":-103.5160680529,"GROSS_PROFIT_RATIO":6.298658349363,"EPS_TTM":-0.005250496197,"OPERATE_INCOME_QOQ":-3.681728324672,"NET_PROFIT_RATIO":-0.1165069752,"ROE_AVG":-0.190657769304,"GROSS_PROFIT_QOQ":-5.618215696664,"ROA":-0.107555483595,"HOLDER_PROFIT_QOQ":-107.347163094989,"ROE_YEARLY":-0.190657769304,"ROIC_YEARLY":-0.114014601225,"TOTAL_ASSETS":7902600888,"TOTAL_LIABILITIES":3485231498,"TAX_EBT":138.94523326572,"OCF_SALES":-0.288233402307,"TOTAL_PARENT_EQUITY":4469023930,"DEBT_ASSET_RATIO":44.1023347553,"OPERATE_PROFIT":159494720,"PRETAX_PROFIT":44676646,"NETCASH_OPERATE":-43045450,"NETCASH_INVEST":54282578,"NETCASH_FINANCE":-299143222,"END_CASH":332129630,"DIVI_RATIO":null,"DIVIDEND_RATE":null,"CURRENT_RATIO":1.332760855476,"COMMON_ACS":5000000000,"CURRENTDEBT_DEBT":80.241295925531,"ISSUED_COMMON_SHARES":1605152291,"HK_COMMON_SHARES":1605152291,"PER_SHARES":2000,"TOTAL_MARKET_CAP":802576145.5,"HKSK_MARKET_CAP":802576145.5,"PE_TTM":-66.881345458333,"PB_TTM":0.165486441812,"REPORT_DATE_SQ":"2022-12-31 00:00:00","REPORT_TYPE_SQ":"2022年年报","OPERATE_INCOME_SQ":17485134961,"DPS_HKD":null,"OPERATE_INCOME_QOQ_SQ":-6.85662903806,"NET_PROFIT_RATIO_SQ":1.2128147622,"HOLDER_PROFIT_SQ":236269915,"HOLDER_PROFIT_QOQ_SQ":-57.525723835443,"ROE_AVG_SQ":5.454676689248,"PE_TTM_SQ":5.567787134602,"PB_TTM_SQ":0.132716068264,"ROA_SQ":2.854598926153,"START_DATE":"2023-01-01 00:00:00","FISCAL_YEAR":"12-31","CURRENCY":"HKD","IS_CNY_CODE":0,"DPS_HKD_LY":null,"ORG_TYPE":"一般企业","PREMIUM_INCOME":null,"PREMIUM_INCOME_YOY":null,"NET_INTEREST_INCOME":null,"NET_INTEREST_INCOME_YOY":null,"FEE_COMMISSION_INCOME":null,"FEE_COMMISSION_INCOME_YOY":null,"ACCOUNTS_RECE_TDAYS":9.623463458787,"INVENTORY_TDAYS":10.172732962219,"CURRENT_ASSETS_TDAYS":4.036520397291,"TOTAL_ASSETS_TDAYS":1.905894734407,"PREMIUM_EXPENSE":null,"LOAN_DEPOSIT":null,"LOAN_EQUITY":null,"LOAN_ASSETS":null,"DEPOSIT_EQUITY":null,"DEPOSIT_ASSETS":null,"EQUITY_MULTIPLIER":1.788983485486,"EQUITY_RATIO":0.7798641387},{"SECUCODE":"00976.HK","SECURITY_CODE":"00976","SECURITY_NAME_ABBR":"齐合环保","ORG_CODE":"10150735","STD_REPORT_DATE":"2023-06-30 00:00:00","REPORT_DATE":"2023-06-30 00:00:00","DATE_TYPE_CODE":"002","REPORT_TYPE":"2023年中报","PER_NETCASH_OPERATE":-0.092074375016,"PER_OI":5.067077442809,"BPS":2.84827455291,"BASIC_EPS":0.0276594,"DILUTED_EPS":0.0276594,"OPERATE_INCOME":8133430966,"OPERATE_INCOME_YOY":-25.4041941485,"GROSS_PROFIT":517507374,"GROSS_PROFIT_YOY":-13.699756489031,"HOLDER_PROFIT":49049336,"HOLDER_PROFIT_YOY":-73.3333333333,"GROSS_PROFIT_RATIO":6.362719203782,"EPS_TTM":0.071462905198,"OPERATE_INCOME_QOQ":-11.324167519533,"NET_PROFIT_RATIO":0.5690513166,"ROE_AVG":1.087600940407,"GROSS_PROFIT_QOQ":-7.615099005098,"ROA":0.611866999436,"HOLDER_PROFIT_QOQ":-51.450083689242,"ROE_YEARLY":2.175201880814,"ROIC_YEARLY":1.296193649382,"TOTAL_ASSETS":8128544472,"TOTAL_LIABILITIES":3601991464,"TAX_EBT":50.148957298908,"OCF_SALES":-1.817110080823,"TOTAL_PARENT_EQUITY":4571914424,"DEBT_ASSET_RATIO":44.3128714668,"OPERATE_PROFIT":139311178,"PRETAX_PROFIT":92843386,"NETCASH_OPERATE":-147793394,"NETCASH_INVEST":85836338,"NETCASH_FINANCE":-260735944,"END_CASH":323707178,"DIVI_RATIO":null,"DIVIDEND_RATE":null,"CURRENT_RATIO":1.339768339768,"COMMON_ACS":5000000000,"CURRENTDEBT_DEBT":79.553598853282,"ISSUED_COMMON_SHARES":1605152291,"HK_COMMON_SHARES":1605152291,"PER_SHARES":2000,"TOTAL_MARKET_CAP":802576145.5,"HKSK_MARKET_CAP":802576145.5,"PE_TTM":-66.881345458333,"PB_TTM":0.165486441812,"REPORT_DATE_SQ":"2022-06-30 00:00:00","REPORT_TYPE_SQ":"2022年中报","OPERATE_INCOME_SQ":10113476940,"DPS_HKD":null,"OPERATE_INCOME_QOQ_SQ":4.600489228767,"NET_PROFIT_RATIO_SQ":1.5677321157,"HOLDER_PROFIT_SQ":170610405,"HOLDER_PROFIT_QOQ_SQ":-3.081999954003,"ROE_AVG_SQ":4.172767203514,"PE_TTM_SQ":5.567787134602,"PB_TTM_SQ":0.132716068264,"ROA_SQ":2.030823730608,"START_DATE":"2023-01-01 00:00:00","FISCAL_YEAR":"12-31","CURRENCY":"HKD","IS_CNY_CODE":0,"DPS_HKD_LY":null,"ORG_TYPE":"一般企业","PREMIUM_INCOME":null,"PREMIUM_INCOME_YOY":null,"NET_INTEREST_INCOME":null,"NET_INTEREST_INCOME_YOY":null,"FEE_COMMISSION_INCOME":null,"FEE_COMMISSION_INCOME_YOY":null,"ACCOUNTS_RECE_TDAYS":4.67251059322,"INVENTORY_TDAYS":5.947440420477,"CURRENT_ASSETS_TDAYS":2.147339467407,"TOTAL_ASSETS_TDAYS":1.014606599423,"PREMIUM_EXPENSE":null,"LOAN_DEPOSIT":null,"LOAN_EQUITY":null,"LOAN_ASSETS":null,"DEPOSIT_EQUITY":null,"DEPOSIT_ASSETS":null,"EQUITY_MULTIPLIER":1.795747107707,"EQUITY_RATIO":0.787851899653},{"SECUCODE":"00976.HK","SECURITY_CODE":"00976","SECURITY_NAME_ABBR":"齐合环保","ORG_CODE":"10150735","STD_REPORT_DATE":"2022-12-31 00:00:00","REPORT_DATE":"2022-12-31 00:00:00","DATE_TYPE_CODE":"001","REPORT_TYPE":"2022年年报","PER_NETCASH_OPERATE":0.220875529997,"PER_OI":10.893131486052,"BPS":2.684675565155,"BASIC_EPS":0.1429232,"DILUTED_EPS":0.1429232,"OPERATE_INCOME":17485134961,"OPERATE_INCOME_YOY":-10.8248596837,"GROSS_PROFIT":1078802179,"GROSS_PROFIT_YOY":-30.131094022581,"HOLDER_PROFIT":236269915,"HOLDER_PROFIT_YOY":-62.3219373219,"GROSS_PROFIT_RATIO":6.169824719147,"EPS_TTM":0.14719470316,"OPERATE_INCOME_QOQ":-6.85662903806,"NET_PROFIT_RATIO":1.2128147622,"ROE_AVG":5.454676689248,"GROSS_PROFIT_QOQ":-17.441192250977,"ROA":2.854598926153,"HOLDER_PROFIT_QOQ":-57.525723835443,"ROE_YEARLY":5.454676689248,"ROIC_YEARLY":3.094761720898,"TOTAL_ASSETS":7658003710,"TOTAL_LIABILITIES":3387547821,"TAX_EBT":41.237623762376,"OCF_SALES":2.027658715765,"TOTAL_PARENT_EQUITY":4309313134,"DEBT_ASSET_RATIO":44.2353901785,"OPERATE_PROFIT":406259196,"PRETAX_PROFIT":360881080,"NETCASH_OPERATE":354538863,"NETCASH_INVEST":175348901,"NETCASH_FINANCE":-564903948,"END_CASH":637526799,"DIVI_RATIO":null,"DIVIDEND_RATE":null,"CURRENT_RATIO":1.308069722402,"COMMON_ACS":5000000000,"CURRENTDEBT_DEBT":81.691849273528,"ISSUED_COMMON_SHARES":1605152291,"HK_COMMON_SHARES":1605152291,"PER_SHARES":2000,"TOTAL_MARKET_CAP":802576145.5,"HKSK_MARKET_CAP":802576145.5,"PE_TTM":-66.881345458333,"PB_TTM":0.165486441812,"REPORT_DATE_SQ":"2021-12-31 00:00:00","REPORT_TYPE_SQ":"2021年年报","OPERATE_INCOME_SQ":17946647040,"DPS_HKD":null,"OPERATE_INCOME_QOQ_SQ":18.061488939452,"NET_PROFIT_RATIO_SQ":3.1525621401,"HOLDER_PROFIT_SQ":573955200,"HOLDER_PROFIT_QOQ_SQ":311.854555205582,"ROE_AVG_SQ":15.013634176335,"PE_TTM_SQ":5.567787134602,"PB_TTM_SQ":0.132716068264,"ROA_SQ":7.079681716873,"START_DATE":"2022-01-01 00:00:00","FISCAL_YEAR":"12-31","CURRENCY":"HKD","IS_CNY_CODE":0,"DPS_HKD_LY":null,"ORG_TYPE":"一般企业","PREMIUM_INCOME":null,"PREMIUM_INCOME_YOY":null,"NET_INTEREST_INCOME":null,"NET_INTEREST_INCOME_YOY":null,"FEE_COMMISSION_INCOME":null,"FEE_COMMISSION_INCOME_YOY":null,"ACCOUNTS_RECE_TDAYS":10.123241621845,"INVENTORY_TDAYS":12.703856130036,"CURRENT_ASSETS_TDAYS":4.323901038215,"TOTAL_ASSETS_TDAYS":2.112543507002,"PREMIUM_EXPENSE":null,"LOAN_DEPOSIT":null,"LOAN_EQUITY":null,"LOAN_ASSETS":null,"DEPOSIT_EQUITY":null,"DEPOSIT_ASSETS":null,"EQUITY_MULTIPLIER":1.793252034222,"EQUITY_RATIO":0.786099249617},{"SECUCODE":"00976.HK","SECURITY_CODE":"00976","SECURITY_NAME_ABBR":"齐合环保","ORG_CODE":"10150735","STD_REPORT_DATE":"2022-06-30 00:00:00","REPORT_DATE":"2022-06-30 00:00:00","DATE_TYPE_CODE":"002","REPORT_TYPE":"2022年中报","PER_NETCASH_OPERATE":-0.162284211573,"PER_OI":6.300633900413,"BPS":2.497717046214,"BASIC_EPS":0.1026228,"DILUTED_EPS":0.1026228,"OPERATE_INCOME":10113476940,"OPERATE_INCOME_YOY":5.9468563545,"GROSS_PROFIT":599659228,"GROSS_PROFIT_YOY":-28.355207401034,"HOLDER_PROFIT":170610405,"HOLDER_PROFIT_YOY":-11.8426866991,"GROSS_PROFIT_RATIO":5.929308303738,"EPS_TTM":0.346550233345,"OPERATE_INCOME_QOQ":4.600489228767,"NET_PROFIT_RATIO":1.5677321157,"ROE_AVG":4.172767203514,"GROSS_PROFIT_QOQ":-15.370742525959,"ROA":2.030823730608,"HOLDER_PROFIT_QOQ":-3.081999954003,"ROE_YEARLY":8.345534407028,"ROIC_YEARLY":4.292191760928,"TOTAL_ASSETS":8285679353,"TOTAL_LIABILITIES":4300322915,"TAX_EBT":38.425772168715,"OCF_SALES":-2.575680703535,"TOTAL_PARENT_EQUITY":4009216239,"DEBT_ASSET_RATIO":51.9006677882,"OPERATE_PROFIT":237315225,"PRETAX_PROFIT":257497709,"NETCASH_OPERATE":-260490874,"NETCASH_INVEST":126311563,"NETCASH_FINANCE":-240051833,"END_CASH":269641407,"DIVI_RATIO":null,"DIVIDEND_RATE":null,"CURRENT_RATIO":1.200889785809,"COMMON_ACS":5000000000,"CURRENTDEBT_DEBT":86.717709058367,"ISSUED_COMMON_SHARES":1605152291,"HK_COMMON_SHARES":1605152291,"PER_SHARES":2000,"TOTAL_MARKET_CAP":802576145.5,"HKSK_MARKET_CAP":802576145.5,"PE_TTM":-66.881345458333,"PB_TTM":0.165486441812,"REPORT_DATE_SQ":"2021-06-30 00:00:00","REPORT_TYPE_SQ":"2021年中报","OPERATE_INCOME_SQ":9287843376,"DPS_HKD":null,"OPERATE_INCOME_QOQ_SQ":35.107361314699,"NET_PROFIT_RATIO_SQ":2.0237945925,"HOLDER_PROFIT_SQ":188299704,"HOLDER_PROFIT_QOQ_SQ":62.045195605521,"ROE_AVG_SQ":4.996798339553,"PE_TTM_SQ":5.567787134602,"PB_TTM_SQ":0.132716068264,"ROA_SQ":2.214968410029,"START_DATE":"2022-01-01 00:00:00","FISCAL_YEAR":"12-31","CURRENCY":"HKD","IS_CNY_CODE":0,"DPS_HKD_LY":null,"ORG_TYPE":"一般企业","PREMIUM_INCOME":null,"PREMIUM_INCOME_YOY":null,"NET_INTEREST_INCOME":null,"NET_INTEREST_INCOME_YOY":null,"FEE_COMMISSION_INCOME":null,"FEE_COMMISSION_INCOME_YOY":null,"ACCOUNTS_RECE_TDAYS":4.576448279865,"INVENTORY_TDAYS":7.406904357668,"CURRENT_ASSETS_TDAYS":2.310171709871,"TOTAL_ASSETS_TDAYS":1.203835661061,"PREMIUM_EXPENSE":null,"LOAN_DEPOSIT":null,"LOAN_EQUITY":null,"LOAN_ASSETS":null,"DEPOSIT_EQUITY":null,"DEPOSIT_ASSETS":null,"EQUITY_MULTIPLIER":2.079030942876,"EQUITY_RATIO":1.072609372667},{"SECUCODE":"00976.HK","SECURITY_CODE":"00976","SECURITY_NAME_ABBR":"齐合环保","ORG_CODE":"10150735","STD_REPORT_DATE":"2021-12-31 00:00:00","REPORT_DATE":"2021-12-31 00:00:00","DATE_TYPE_CODE":"001","REPORT_TYPE":"2021年年报","PER_NETCASH_OPERATE":0.206647258244,"PER_OI":11.180650671357,"BPS":2.482568577663,"BASIC_EPS":0.359744,"DILUTED_EPS":0.359744,"OPERATE_INCOME":17946647040,"OPERATE_INCOME_YOY":64.199848894,"GROSS_PROFIT":1544037600,"GROSS_PROFIT_YOY":93.825487948177,"HOLDER_PROFIT":573955200,"HOLDER_PROFIT_YOY":182.7732578705,"GROSS_PROFIT_RATIO":8.603487863547,"EPS_TTM":0.357570557771,"OPERATE_INCOME_QOQ":18.061488939452,"NET_PROFIT_RATIO":3.1525621401,"ROE_AVG":15.013634176335,"GROSS_PROFIT_QOQ":14.677603696562,"ROA":7.079681716873,"HOLDER_PROFIT_QOQ":311.854555205582,"ROE_YEARLY":15.013634176335,"ROIC_YEARLY":7.729957991753,"TOTAL_ASSETS":8142069600,"TOTAL_LIABILITIES":4168942400,"TAX_EBT":21.692882199842,"OCF_SALES":1.848257890517,"TOTAL_PARENT_EQUITY":3984900640,"DEBT_ASSET_RATIO":51.2024903349,"OPERATE_PROFIT":677381600,"PRETAX_PROFIT":722513120,"NETCASH_OPERATE":331700320,"NETCASH_INVEST":237594560,"NETCASH_FINANCE":-658495040,"END_CASH":639608480,"DIVI_RATIO":null,"DIVIDEND_RATE":null,"CURRENT_RATIO":1.129896534586,"COMMON_ACS":5000000000,"CURRENTDEBT_DEBT":86.813100607962,"ISSUED_COMMON_SHARES":1605152291,"HK_COMMON_SHARES":1605152291,"PER_SHARES":2000,"TOTAL_MARKET_CAP":802576145.5,"HKSK_MARKET_CAP":802576145.5,"PE_TTM":-66.881345458333,"PB_TTM":0.165486441812,"REPORT_DATE_SQ":"2020-12-31 00:00:00","REPORT_TYPE_SQ":"2020年年报","OPERATE_INCOME_SQ":11251127684,"DPS_HKD":null,"OPERATE_INCOME_QOQ_SQ":-1.70931938139,"NET_PROFIT_RATIO_SQ":-6.4646434422,"HOLDER_PROFIT_SQ":-713794884,"HOLDER_PROFIT_QOQ_SQ":-92.075552784783,"ROE_AVG_SQ":-18.008472326917,"PE_TTM_SQ":5.567787134602,"PB_TTM_SQ":0.132716068264,"ROA_SQ":-8.454410877789,"START_DATE":"2021-01-01 00:00:00","FISCAL_YEAR":"12-31","CURRENCY":"HKD","IS_CNY_CODE":0,"DPS_HKD_LY":null,"ORG_TYPE":"一般企业","PREMIUM_INCOME":null,"PREMIUM_INCOME_YOY":null,"NET_INTEREST_INCOME":null,"NET_INTEREST_INCOME_YOY":null,"FEE_COMMISSION_INCOME":null,"FEE_COMMISSION_INCOME_YOY":null,"ACCOUNTS_RECE_TDAYS":11.153941919256,"INVENTORY_TDAYS":14.659237879508,"CURRENT_ASSETS_TDAYS":4.615452547915,"TOTAL_ASSETS_TDAYS":2.213701503676,"PREMIUM_EXPENSE":null,"LOAN_DEPOSIT":null,"LOAN_EQUITY":null,"LOAN_ASSETS":null,"DEPOSIT_EQUITY":null,"DEPOSIT_ASSETS":null,"EQUITY_MULTIPLIER":2.049284905855,"EQUITY_RATIO":1.046184780156},{"SECUCODE":"00976.HK","SECURITY_CODE":"00976","SECURITY_NAME_ABBR":"齐合环保","ORG_CODE":"10150735","STD_REPORT_DATE":"2021-06-30 00:00:00","REPORT_DATE":"2021-06-30 00:00:00","DATE_TYPE_CODE":"002","REPORT_TYPE":"2021年中报","PER_NETCASH_OPERATE":-0.105542314552,"PER_OI":5.786269270571,"BPS":2.374287372836,"BASIC_EPS":0.1164912,"DILUTED_EPS":0.1164912,"OPERATE_INCOME":9287843376,"OPERATE_INCOME_YOY":91.0125434228,"GROSS_PROFIT":836989272,"GROSS_PROFIT_YOY":191.44548282543,"HOLDER_PROFIT":188299704,"HOLDER_PROFIT_YOY":181.1984212415,"GROSS_PROFIT_RATIO":9.011664367239,"EPS_TTM":-0.168781151495,"OPERATE_INCOME_QOQ":35.107361314699,"NET_PROFIT_RATIO":2.0237945925,"ROE_AVG":4.996798339553,"GROSS_PROFIT_QOQ":69.017734675587,"ROA":2.214968410029,"HOLDER_PROFIT_QOQ":62.045195605521,"ROE_YEARLY":9.993596679105,"ROIC_YEARLY":4.718294075028,"TOTAL_ASSETS":8787430464,"TOTAL_LIABILITIES":4983410328,"TAX_EBT":30.853994490358,"OCF_SALES":-1.824013187365,"TOTAL_PARENT_EQUITY":3811092816,"DEBT_ASSET_RATIO":56.7106658586,"OPERATE_PROFIT":288315720,"PRETAX_PROFIT":271840536,"NETCASH_OPERATE":-169411488,"NETCASH_INVEST":149607984,"NETCASH_FINANCE":-446743752,"END_CASH":296969352,"DIVI_RATIO":null,"DIVIDEND_RATE":null,"CURRENT_RATIO":1.042025326141,"COMMON_ACS":5000000000,"CURRENTDEBT_DEBT":87.288574243209,"ISSUED_COMMON_SHARES":1605152291,"HK_COMMON_SHARES":1605152291,"PER_SHARES":2000,"TOTAL_MARKET_CAP":802576145.5,"HKSK_MARKET_CAP":802576145.5,"PE_TTM":-66.881345458333,"PB_TTM":0.165486441812,"REPORT_DATE_SQ":"2020-06-30 00:00:00","REPORT_TYPE_SQ":"2020年中报","OPERATE_INCOME_SQ":5337869328,"DPS_HKD":null,"OPERATE_INCOME_QOQ_SQ":-16.824578334587,"NET_PROFIT_RATIO_SQ":-4.9266731694,"HOLDER_PROFIT_SQ":-254575728,"HOLDER_PROFIT_QOQ_SQ":-222.345365456397,"ROE_AVG_SQ":-5.893548182453,"PE_TTM_SQ":5.567787134602,"PB_TTM_SQ":0.132716068264,"ROA_SQ":-2.834592813336,"START_DATE":"2021-01-01 00:00:00","FISCAL_YEAR":"12-31","CURRENCY":"HKD","IS_CNY_CODE":0,"DPS_HKD_LY":null,"ORG_TYPE":"一般企业","PREMIUM_INCOME":null,"PREMIUM_INCOME_YOY":null,"NET_INTEREST_INCOME":null,"NET_INTEREST_INCOME_YOY":null,"FEE_COMMISSION_INCOME":null,"FEE_COMMISSION_INCOME_YOY":null,"ACCOUNTS_RECE_TDAYS":4.785406529335,"INVENTORY_TDAYS":7.515947606009,"CURRENT_ASSETS_TDAYS":2.241945850406,"TOTAL_ASSETS_TDAYS":1.092528519064,"PREMIUM_EXPENSE":null,"LOAN_DEPOSIT":null,"LOAN_EQUITY":null,"LOAN_ASSETS":null,"DEPOSIT_EQUITY":null,"DEPOSIT_ASSETS":null,"EQUITY_MULTIPLIER":2.310037841501,"EQUITY_RATIO":1.307606654731},{"SECUCODE":"00976.HK","SECURITY_CODE":"00976","SECURITY_NAME_ABBR":"齐合环保","ORG_CODE":"10150735","STD_REPORT_DATE":"2020-12-31 00:00:00","REPORT_DATE":"2020-12-31 00:00:00","DATE_TYPE_CODE":"001","REPORT_TYPE":"2020年年报","PER_NETCASH_OPERATE":0.349260569943,"PER_OI":7.009383313399,"BPS":2.347769295867,"BASIC_EPS":-0.4460692,"DILUTED_EPS":-0.4460692,"OPERATE_INCOME":11251127684,"OPERATE_INCOME_YOY":-12.9873595688,"GROSS_PROFIT":796612260,"GROSS_PROFIT_YOY":1.297931040548,"HOLDER_PROFIT":-713794884,"HOLDER_PROFIT_YOY":-558.9743589744,"GROSS_PROFIT_RATIO":7.080288148652,"EPS_TTM":-0.4446898204,"OPERATE_INCOME_QOQ":-1.70931938139,"NET_PROFIT_RATIO":-6.4646434422,"ROE_AVG":-18.008472326917,"GROSS_PROFIT_QOQ":28.47795279523,"ROA":-8.454410877789,"HOLDER_PROFIT_QOQ":-92.075552784783,"ROE_YEARLY":-18.008472326917,"ROIC_YEARLY":-9.224494235371,"TOTAL_ASSETS":8309427556,"TOTAL_LIABILITIES":4552178268,"TAX_EBT":-6.717708076068,"OCF_SALES":4.982757459923,"TOTAL_PARENT_EQUITY":3768527264,"DEBT_ASSET_RATIO":54.7832956882,"OPERATE_PROFIT":-542100324,"PRETAX_PROFIT":-681560072,"NETCASH_OPERATE":560616404,"NETCASH_INVEST":141143028,"NETCASH_FINANCE":-618437072,"END_CASH":769090632,"DIVI_RATIO":null,"DIVIDEND_RATE":null,"CURRENT_RATIO":1.026889799636,"COMMON_ACS":5000000000,"CURRENTDEBT_DEBT":81.20250707194,"ISSUED_COMMON_SHARES":1605152291,"HK_COMMON_SHARES":1605152291,"PER_SHARES":2000,"TOTAL_MARKET_CAP":802576145.5,"HKSK_MARKET_CAP":802576145.5,"PE_TTM":-66.881345458333,"PB_TTM":0.165486441812,"REPORT_DATE_SQ":"2019-12-31 00:00:00","REPORT_TYPE_SQ":"2019年年报","OPERATE_INCOME_SQ":13762226452,"DPS_HKD":null,"OPERATE_INCOME_QOQ_SQ":-17.346767376119,"NET_PROFIT_RATIO_SQ":-0.8709009724,"HOLDER_PROFIT_SQ":-115286886,"HOLDER_PROFIT_QOQ_SQ":-256.387361161603,"ROE_AVG_SQ":-2.54433307633,"PE_TTM_SQ":5.567787134602,"PB_TTM_SQ":0.132716068264,"ROA_SQ":-1.192909280501,"START_DATE":"2020-01-01 00:00:00","FISCAL_YEAR":"12-31","CURRENCY":"HKD","IS_CNY_CODE":0,"DPS_HKD_LY":null,"ORG_TYPE":"一般企业","PREMIUM_INCOME":null,"PREMIUM_INCOME_YOY":null,"NET_INTEREST_INCOME":null,"NET_INTEREST_INCOME_YOY":null,"FEE_COMMISSION_INCOME":null,"FEE_COMMISSION_INCOME_YOY":null,"ACCOUNTS_RECE_TDAYS":8.667077282158,"INVENTORY_TDAYS":9.321326729701,"CURRENT_ASSETS_TDAYS":3.127223814258,"TOTAL_ASSETS_TDAYS":1.332618913517,"PREMIUM_EXPENSE":null,"LOAN_DEPOSIT":null,"LOAN_EQUITY":null,"LOAN_ASSETS":null,"DEPOSIT_EQUITY":null,"DEPOSIT_ASSETS":null,"EQUITY_MULTIPLIER":2.211572062184,"EQUITY_RATIO":1.20794622119},{"SECUCODE":"00976.HK","SECURITY_CODE":"00976","SECURITY_NAME_ABBR":"齐合环保","ORG_CODE":"10150735","STD_REPORT_DATE":"2020-06-30 00:00:00","REPORT_DATE":"2020-06-30 00:00:00","DATE_TYPE_CODE":"002","REPORT_TYPE":"2020年中报","PER_NETCASH_OPERATE":0.094465204859,"PER_OI":3.325459744804,"BPS":2.570193359927,"BASIC_EPS":-0.1552848,"DILUTED_EPS":-0.1552848,"OPERATE_INCOME":5337869328,"OPERATE_INCOME_YOY":-32.8333505741,"GROSS_PROFIT":287185536,"GROSS_PROFIT_YOY":-36.680888784751,"HOLDER_PROFIT":-254575728,"HOLDER_PROFIT_YOY":-14035,"GROSS_PROFIT_RATIO":5.380152985266,"EPS_TTM":-0.231518178109,"OPERATE_INCOME_QOQ":-16.824578334587,"NET_PROFIT_RATIO":-4.9266731694,"ROE_AVG":-5.893548182453,"GROSS_PROFIT_QOQ":-21.155397609738,"ROA":-2.834592813336,"HOLDER_PROFIT_QOQ":-222.345365456397,"ROE_YEARLY":-11.787096364905,"ROIC_YEARLY":-6.079511370453,"TOTAL_ASSETS":8654113248,"TOTAL_LIABILITIES":4547378352,"TAX_EBT":0.24255024255,"OCF_SALES":2.840666016394,"TOTAL_PARENT_EQUITY":4125551760,"DEBT_ASSET_RATIO":52.545861392,"OPERATE_PROFIT":-188442672,"PRETAX_PROFIT":-263618784,"NETCASH_OPERATE":151631040,"NETCASH_INVEST":44667216,"NETCASH_FINANCE":-377981472,"END_CASH":523675152,"DIVI_RATIO":null,"DIVIDEND_RATE":null,"CURRENT_RATIO":0.939909474013,"COMMON_ACS":5000000000,"CURRENTDEBT_DEBT":77.219131028664,"ISSUED_COMMON_SHARES":1605152291,"HK_COMMON_SHARES":1605152291,"PER_SHARES":2000,"TOTAL_MARKET_CAP":802576145.5,"HKSK_MARKET_CAP":802576145.5,"PE_TTM":-66.881345458333,"PB_TTM":0.165486441812,"REPORT_DATE_SQ":"2019-06-30 00:00:00","REPORT_TYPE_SQ":"2019年中报","OPERATE_INCOME_SQ":7653305898,"DPS_HKD":null,"OPERATE_INCOME_QOQ_SQ":-9.131486622322,"NET_PROFIT_RATIO_SQ":0.0126432422,"HOLDER_PROFIT_SQ":1759320,"HOLDER_PROFIT_QOQ_SQ":-79.029244155231,"ROE_AVG_SQ":0.038766827226,"PE_TTM_SQ":5.567787134602,"PB_TTM_SQ":0.132716068264,"ROA_SQ":0.017893649097,"START_DATE":"2020-01-01 00:00:00","FISCAL_YEAR":"12-31","CURRENCY":"HKD","IS_CNY_CODE":0,"DPS_HKD_LY":null,"ORG_TYPE":"一般企业","PREMIUM_INCOME":null,"PREMIUM_INCOME_YOY":null,"NET_INTEREST_INCOME":null,"NET_INTEREST_INCOME_YOY":null,"FEE_COMMISSION_INCOME":null,"FEE_COMMISSION_INCOME_YOY":null,"ACCOUNTS_RECE_TDAYS":4.089220111263,"INVENTORY_TDAYS":3.992562639902,"CURRENT_ASSETS_TDAYS":1.527245642004,"TOTAL_ASSETS_TDAYS":0.594349121754,"PREMIUM_EXPENSE":null,"LOAN_DEPOSIT":null,"LOAN_EQUITY":null,"LOAN_ASSETS":null,"DEPOSIT_EQUITY":null,"DEPOSIT_ASSETS":null,"EQUITY_MULTIPLIER":2.107297760182,"EQUITY_RATIO":1.102247315399}],"count":33},"success":true,"message":"ok","code":0}