{"version":"b0bb56ffaab648a1026c4e2490d4f85b","result":{"pages":10,"data":[{"SECUCODE":"00981.HK","SECURITY_CODE":"00981","SECURITY_NAME_ABBR":"中芯国际","ORG_CODE":"10004588","STD_REPORT_DATE":"2024-12-31 00:00:00","REPORT_DATE":"2024-12-31 00:00:00","DATE_TYPE_CODE":"001","REPORT_TYPE":"2024年年报","PER_NETCASH_OPERATE":2.861927077513,"PER_OI":7.23686043548,"BPS":18.570031387189,"BASIC_EPS":0.431304,"DILUTED_EPS":0.431304,"OPERATE_INCOME":57722284116.4,"OPERATE_INCOME_YOY":27.0243579117,"GROSS_PROFIT":10408573171.2,"GROSS_PROFIT_YOY":20.680292544598,"HOLDER_PROFIT":3542069723.2,"HOLDER_PROFIT_YOY":-45.4034565209,"GROSS_PROFIT_RATIO":18.032157477016,"EPS_TTM":0.444082638654,"OPERATE_INCOME_QOQ":10.499504950563,"NET_PROFIT_RATIO":9.0909113552,"ROE_AVG":2.419587904329,"GROSS_PROFIT_QOQ":22.373176110151,"ROA":1.01651432471,"HOLDER_PROFIT_QOQ":-8.366982656198,"ROE_YEARLY":2.419587904329,"ROIC_YEARLY":1.579726836791,"TOTAL_ASSETS":353390715123.2,"TOTAL_LIABILITIES":124298865556,"TAX_EBT":15.073444723916,"OCF_SALES":39.546528539945,"TOTAL_PARENT_EQUITY":148180304615.6,"DEBT_ASSET_RATIO":35.1732120389,"OPERATE_PROFIT":null,"PRETAX_PROFIT":6178846727.2,"NETCASH_OPERATE":22827159562,"NETCASH_INVEST":-32480332530.8,"NETCASH_FINANCE":11561362502.4,"END_CASH":45748336207.6,"DIVI_RATIO":null,"DIVIDEND_RATE":null,"CURRENT_RATIO":1.687699001117,"COMMON_ACS":10000000000,"CURRENTDEBT_DEBT":50.658655450424,"ISSUED_COMMON_SHARES":7979539804,"HK_COMMON_SHARES":5991180675,"PER_SHARES":500,"TOTAL_MARKET_CAP":413340161847.2,"HKSK_MARKET_CAP":310343158965,"PE_TTM":108.063802605233,"PB_TTM":2.58313359778,"REPORT_DATE_SQ":"2023-12-31 00:00:00","REPORT_TYPE_SQ":"2023年年报","OPERATE_INCOME_SQ":44773713012,"DPS_HKD":null,"OPERATE_INCOME_QOQ_SQ":2.071542942989,"NET_PROFIT_RATIO_SQ":17.7952119414,"HOLDER_PROFIT_SQ":6392320900.2,"HOLDER_PROFIT_QOQ_SQ":-17.168212291403,"ROE_AVG_SQ":4.596975537002,"PE_TTM_SQ":13.212783561851,"PB_TTM_SQ":0.724810746332,"ROA_SQ":1.970686290891,"START_DATE":"2024-01-01 00:00:00","FISCAL_YEAR":"12-31","CURRENCY":"HKD","IS_CNY_CODE":0,"DPS_HKD_LY":null,"ORG_TYPE":"一般企业","PREMIUM_INCOME":null,"PREMIUM_INCOME_YOY":null,"NET_INTEREST_INCOME":null,"NET_INTEREST_INCOME_YOY":null,"FEE_COMMISSION_INCOME":null,"FEE_COMMISSION_INCOME_YOY":null,"ACCOUNTS_RECE_TDAYS":7.989331202824,"INVENTORY_TDAYS":2.311780735409,"CURRENT_ASSETS_TDAYS":0.565111754236,"TOTAL_ASSETS_TDAYS":0.165653228888,"PREMIUM_EXPENSE":null,"LOAN_DEPOSIT":null,"LOAN_EQUITY":null,"LOAN_ASSETS":null,"DEPOSIT_EQUITY":null,"DEPOSIT_ASSETS":null,"EQUITY_MULTIPLIER":1.542572185745,"EQUITY_RATIO":0.838835268145},{"SECUCODE":"00981.HK","SECURITY_CODE":"00981","SECURITY_NAME_ABBR":"中芯国际","ORG_CODE":"10004588","STD_REPORT_DATE":"2024-09-30 00:00:00","REPORT_DATE":"2024-09-30 00:00:00","DATE_TYPE_CODE":"004","REPORT_TYPE":"2024年三季报","PER_NETCASH_OPERATE":1.51697499682,"PER_OI":5.118347775952,"BPS":18.105648157777,"BASIC_EPS":0.35037,"DILUTED_EPS":0.35037,"OPERATE_INCOME":40801567536,"OPERATE_INCOME_YOY":25.3997998389,"GROSS_PROFIT":6649721281.8,"GROSS_PROFIT_YOY":-1.762661215762,"HOLDER_PROFIT":2698977191.4,"HOLDER_PROFIT_YOY":-47.0822204636,"GROSS_PROFIT_RATIO":16.29771031697,"EPS_TTM":0.484906562162,"OPERATE_INCOME_QOQ":6.704087133503,"NET_PROFIT_RATIO":7.8838293283,"ROE_AVG":1.891123914915,"GROSS_PROFIT_QOQ":9.975880033442,"ROA":0.810878450602,"HOLDER_PROFIT_QOQ":10.548715828917,"ROE_YEARLY":2.52149855322,"ROIC_YEARLY":1.211313530818,"TOTAL_ASSETS":330827363458.2,"TOTAL_LIABILITIES":110612733976.8,"TAX_EBT":8.973428514773,"OCF_SALES":29.637982083728,"TOTAL_PARENT_EQUITY":144474740152.2,"DEBT_ASSET_RATIO":33.4351828762,"OPERATE_PROFIT":null,"PRETAX_PROFIT":3533831820,"NETCASH_OPERATE":12092761276.2,"NETCASH_INVEST":-30209861413.8,"NETCASH_FINANCE":-45239774.4,"END_CASH":25586715249,"DIVI_RATIO":null,"DIVIDEND_RATE":null,"CURRENT_RATIO":1.568983997852,"COMMON_ACS":10000000000,"CURRENTDEBT_DEBT":44.522079384575,"ISSUED_COMMON_SHARES":7979539804,"HK_COMMON_SHARES":5991180675,"PER_SHARES":500,"TOTAL_MARKET_CAP":379028140690,"HKSK_MARKET_CAP":284581082062.5,"PE_TTM":99.093255284722,"PB_TTM":2.368703588698,"REPORT_DATE_SQ":"2023-09-30 00:00:00","REPORT_TYPE_SQ":"2023年三季报","OPERATE_INCOME_SQ":33337685327.8,"DPS_HKD":null,"OPERATE_INCOME_QOQ_SQ":-7.383965247945,"NET_PROFIT_RATIO_SQ":19.1173186259,"HOLDER_PROFIT_SQ":5225803070.4,"HOLDER_PROFIT_QOQ_SQ":-28.464709689936,"ROE_AVG_SQ":3.726005248622,"PE_TTM_SQ":13.931470533834,"PB_TTM_SQ":0.764235598643,"ROA_SQ":1.607398297078,"START_DATE":"2024-01-01 00:00:00","FISCAL_YEAR":"12-31","CURRENCY":"HKD","IS_CNY_CODE":0,"DPS_HKD_LY":null,"ORG_TYPE":"一般企业","PREMIUM_INCOME":null,"PREMIUM_INCOME_YOY":null,"NET_INTEREST_INCOME":null,"NET_INTEREST_INCOME_YOY":null,"FEE_COMMISSION_INCOME":null,"FEE_COMMISSION_INCOME_YOY":null,"ACCOUNTS_RECE_TDAYS":5.522209703302,"INVENTORY_TDAYS":1.736555517272,"CURRENT_ASSETS_TDAYS":0.472199549935,"TOTAL_ASSETS_TDAYS":0.122583888338,"PREMIUM_EXPENSE":null,"LOAN_DEPOSIT":null,"LOAN_EQUITY":null,"LOAN_ASSETS":null,"DEPOSIT_EQUITY":null,"DEPOSIT_ASSETS":null,"EQUITY_MULTIPLIER":1.50229512107,"EQUITY_RATIO":0.76561988525},{"SECUCODE":"00981.HK","SECURITY_CODE":"00981","SECURITY_NAME_ABBR":"中芯国际","ORG_CODE":"10004588","STD_REPORT_DATE":"2024-06-30 00:00:00","REPORT_DATE":"2024-06-30 00:00:00","DATE_TYPE_CODE":"002","REPORT_TYPE":"2024年中报","PER_NETCASH_OPERATE":0.438289482328,"PER_OI":3.270800775045,"BPS":18.074132884318,"BASIC_EPS":0.213804,"DILUTED_EPS":0.213804,"OPERATE_INCOME":26023168113.6,"OPERATE_INCOME_YOY":20.8016451604,"GROSS_PROFIT":3597587259.6,"GROSS_PROFIT_YOY":-19.847766998476,"HOLDER_PROFIT":1684497574.8,"HOLDER_PROFIT_YOY":-62.7110862898,"GROSS_PROFIT_RATIO":13.824555272807,"EPS_TTM":0.439486299375,"OPERATE_INCOME_QOQ":3.845260603894,"NET_PROFIT_RATIO":6.457075158,"ROE_AVG":1.171471130999,"GROSS_PROFIT_QOQ":-6.049080689206,"ROA":0.496874685953,"HOLDER_PROFIT_QOQ":-34.194711343964,"ROE_YEARLY":2.342942261998,"ROIC_YEARLY":1.482646922547,"TOTAL_ASSETS":337466573055.6,"TOTAL_LIABILITIES":116751907519.2,"TAX_EBT":9.811879370228,"OCF_SALES":13.400066603642,"TOTAL_PARENT_EQUITY":144223262773.2,"DEBT_ASSET_RATIO":34.596584326,"OPERATE_PROFIT":638176432.8,"PRETAX_PROFIT":1863145070.4,"NETCASH_OPERATE":3487121859.6,"NETCASH_INVEST":-21138245589.6,"NETCASH_FINANCE":645353120.4,"END_CASH":26328373323.6,"DIVI_RATIO":null,"DIVIDEND_RATE":null,"CURRENT_RATIO":1.488162870435,"COMMON_ACS":10000000000,"CURRENTDEBT_DEBT":46.02304809141,"ISSUED_COMMON_SHARES":7979539804,"HK_COMMON_SHARES":5991180675,"PER_SHARES":500,"TOTAL_MARKET_CAP":379028140690,"HKSK_MARKET_CAP":284581082062.5,"PE_TTM":99.093255284722,"PB_TTM":2.368703588698,"REPORT_DATE_SQ":"2023-06-30 00:00:00","REPORT_TYPE_SQ":"2023年中报","OPERATE_INCOME_SQ":21841310047.2,"DPS_HKD":null,"OPERATE_INCOME_QOQ_SQ":-3.364465565434,"NET_PROFIT_RATIO_SQ":24.1934320624,"HOLDER_PROFIT_SQ":4580174491.2,"HOLDER_PROFIT_QOQ_SQ":-5.453093543767,"ROE_AVG_SQ":3.25974273723,"PE_TTM_SQ":13.931470533834,"PB_TTM_SQ":0.764235598643,"ROA_SQ":1.414051788288,"START_DATE":"2024-01-01 00:00:00","FISCAL_YEAR":"12-31","CURRENCY":"HKD","IS_CNY_CODE":0,"DPS_HKD_LY":null,"ORG_TYPE":"一般企业","PREMIUM_INCOME":null,"PREMIUM_INCOME_YOY":null,"NET_INTEREST_INCOME":null,"NET_INTEREST_INCOME_YOY":null,"FEE_COMMISSION_INCOME":null,"FEE_COMMISSION_INCOME_YOY":null,"ACCOUNTS_RECE_TDAYS":3.036060710372,"INVENTORY_TDAYS":1.149234426248,"CURRENT_ASSETS_TDAYS":0.293817658058,"TOTAL_ASSETS_TDAYS":0.076760297417,"PREMIUM_EXPENSE":null,"LOAN_DEPOSIT":null,"LOAN_EQUITY":null,"LOAN_ASSETS":null,"DEPOSIT_EQUITY":null,"DEPOSIT_ASSETS":null,"EQUITY_MULTIPLIER":1.528972133481,"EQUITY_RATIO":0.809522023523},{"SECUCODE":"00981.HK","SECURITY_CODE":"00981","SECURITY_NAME_ABBR":"中芯国际","ORG_CODE":"10004588","STD_REPORT_DATE":"2024-03-31 00:00:00","REPORT_DATE":"2024-03-31 00:00:00","DATE_TYPE_CODE":"003","REPORT_TYPE":"2024年一季报","PER_NETCASH_OPERATE":0.419539868957,"PER_OI":1.562200513361,"BPS":17.875558604081,"BASIC_EPS":0.07095,"DILUTED_EPS":0.07095,"OPERATE_INCOME":12417498720,"OPERATE_INCOME_YOY":19.6875034193,"GROSS_PROFIT":1700699880,"GROSS_PROFIT_YOY":-18.766489273309,"HOLDER_PROFIT":509364240,"HOLDER_PROFIT_YOY":-68.9349291655,"GROSS_PROFIT_RATIO":13.695994002889,"EPS_TTM":0.668487467899,"OPERATE_INCOME_QOQ":5.291261570746,"NET_PROFIT_RATIO":3.6290635913,"ROE_AVG":0.356994548663,"GROSS_PROFIT_QOQ":-4.555338432515,"ROA":0.149635054563,"HOLDER_PROFIT_QOQ":-16.874925246107,"ROE_YEARLY":1.42797819465,"ROIC_YEARLY":0.912514389313,"TOTAL_ASSETS":341757728235,"TOTAL_LIABILITIES":123040049715,"TAX_EBT":14.645290473439,"OCF_SALES":26.855699083978,"TOTAL_PARENT_EQUITY":142638731400,"DEBT_ASSET_RATIO":36.0021265212,"OPERATE_PROFIT":17070570,"PRETAX_PROFIT":527960235,"NETCASH_OPERATE":3334806090,"NETCASH_INVEST":-9424685820,"NETCASH_FINANCE":313414530,"END_CASH":37949154210,"DIVI_RATIO":null,"DIVIDEND_RATE":null,"CURRENT_RATIO":1.596334386716,"COMMON_ACS":10000000000,"CURRENTDEBT_DEBT":46.964902195545,"ISSUED_COMMON_SHARES":7979539804,"HK_COMMON_SHARES":5991180675,"PER_SHARES":500,"TOTAL_MARKET_CAP":379028140690,"HKSK_MARKET_CAP":284581082062.5,"PE_TTM":99.093255284722,"PB_TTM":2.368703588698,"REPORT_DATE_SQ":"2023-03-31 00:00:00","REPORT_TYPE_SQ":"2023年一季报","OPERATE_INCOME_SQ":10048404449.6,"DPS_HKD":null,"OPERATE_INCOME_QOQ_SQ":-3.246057377746,"NET_PROFIT_RATIO_SQ":18.2672633571,"HOLDER_PROFIT_SQ":1588063613.4,"HOLDER_PROFIT_QOQ_SQ":-9.880730017851,"ROE_AVG_SQ":1.198851042724,"PE_TTM_SQ":13.931470533834,"PB_TTM_SQ":0.764235598643,"ROA_SQ":0.520362209493,"START_DATE":"2024-01-01 00:00:00","FISCAL_YEAR":"12-31","CURRENCY":"HKD","IS_CNY_CODE":0,"DPS_HKD_LY":null,"ORG_TYPE":"一般企业","PREMIUM_INCOME":null,"PREMIUM_INCOME_YOY":null,"NET_INTEREST_INCOME":null,"NET_INTEREST_INCOME_YOY":null,"FEE_COMMISSION_INCOME":null,"FEE_COMMISSION_INCOME_YOY":null,"ACCOUNTS_RECE_TDAYS":1.557112016715,"INVENTORY_TDAYS":0.548853699344,"CURRENT_ASSETS_TDAYS":0.131411361382,"TOTAL_ASSETS_TDAYS":0.036478671893,"PREMIUM_EXPENSE":null,"LOAN_DEPOSIT":null,"LOAN_EQUITY":null,"LOAN_ASSETS":null,"DEPOSIT_EQUITY":null,"DEPOSIT_ASSETS":null,"EQUITY_MULTIPLIER":1.562551918747,"EQUITY_RATIO":0.862599158779},{"SECUCODE":"00981.HK","SECURITY_CODE":"00981","SECURITY_NAME_ABBR":"中芯国际","ORG_CODE":"10004588","STD_REPORT_DATE":"2023-12-31 00:00:00","REPORT_DATE":"2023-12-31 00:00:00","DATE_TYPE_CODE":"001","REPORT_TYPE":"2023年年报","PER_NETCASH_OPERATE":2.993219909628,"PER_OI":5.634354601446,"BPS":17.855204577585,"BASIC_EPS":0.779097,"DILUTED_EPS":0.779097,"OPERATE_INCOME":44773713012,"OPERATE_INCOME_YOY":-13.0852033277,"GROSS_PROFIT":8624915428.8,"GROSS_PROFIT_YOY":-55.157445538739,"HOLDER_PROFIT":6392320900.2,"HOLDER_PROFIT_YOY":-50.3545217614,"GROSS_PROFIT_RATIO":19.263346389182,"EPS_TTM":0.804414024548,"OPERATE_INCOME_QOQ":2.071542942989,"NET_PROFIT_RATIO":17.7952119414,"ROE_AVG":4.596975537002,"GROSS_PROFIT_QOQ":-14.420503685727,"ROA":1.970686290891,"HOLDER_PROFIT_QOQ":-17.168212291403,"ROE_YEARLY":4.596975537002,"ROIC_YEARLY":3.117184166501,"TOTAL_ASSETS":338463194702.4,"TOTAL_LIABILITIES":119992950259.2,"TAX_EBT":5.264562941229,"OCF_SALES":53.124450293915,"TOTAL_PARENT_EQUITY":142476315635.4,"DEBT_ASSET_RATIO":35.452289093,"OPERATE_PROFIT":2533814676.9,"PRETAX_PROFIT":8410345032.3,"NETCASH_OPERATE":23785788913.8,"NETCASH_INVEST":-43966370204.4,"NETCASH_FINANCE":17468332152.6,"END_CASH":44019391296.6,"DIVI_RATIO":null,"DIVIDEND_RATE":null,"CURRENT_RATIO":1.793727016297,"COMMON_ACS":10000000000,"CURRENTDEBT_DEBT":44.86907332064,"ISSUED_COMMON_SHARES":7979539804,"HK_COMMON_SHARES":5991180675,"PER_SHARES":500,"TOTAL_MARKET_CAP":379028140690,"HKSK_MARKET_CAP":284581082062.5,"PE_TTM":99.093255284722,"PB_TTM":2.368703588698,"REPORT_DATE_SQ":"2022-12-31 00:00:00","REPORT_TYPE_SQ":"2022年年报","OPERATE_INCOME_SQ":50655513746.4,"DPS_HKD":null,"OPERATE_INCOME_QOQ_SQ":1.762089482082,"NET_PROFIT_RATIO_SQ":30.2213140584,"HOLDER_PROFIT_SQ":12661238853.2,"HOLDER_PROFIT_QOQ_SQ":-5.828364470102,"ROE_AVG_SQ":10.016308701684,"PE_TTM_SQ":13.931470533834,"PB_TTM_SQ":0.764235598643,"ROA_SQ":4.549476984274,"START_DATE":"2023-01-01 00:00:00","FISCAL_YEAR":"12-31","CURRENCY":"HKD","IS_CNY_CODE":0,"DPS_HKD_LY":null,"ORG_TYPE":"一般企业","PREMIUM_INCOME":null,"PREMIUM_INCOME_YOY":null,"NET_INTEREST_INCOME":null,"NET_INTEREST_INCOME_YOY":null,"FEE_COMMISSION_INCOME":null,"FEE_COMMISSION_INCOME_YOY":null,"ACCOUNTS_RECE_TDAYS":5.113186257659,"INVENTORY_TDAYS":2.196414001095,"CURRENT_ASSETS_TDAYS":0.418239681846,"TOTAL_ASSETS_TDAYS":0.138032717385,"PREMIUM_EXPENSE":null,"LOAN_DEPOSIT":null,"LOAN_EQUITY":null,"LOAN_ASSETS":null,"DEPOSIT_EQUITY":null,"DEPOSIT_ASSETS":null,"EQUITY_MULTIPLIER":1.549241616702,"EQUITY_RATIO":0.842195769339},{"SECUCODE":"00981.HK","SECURITY_CODE":"00981","SECURITY_NAME_ABBR":"中芯国际","ORG_CODE":"10004588","STD_REPORT_DATE":"2023-09-30 00:00:00","REPORT_DATE":"2023-09-30 00:00:00","DATE_TYPE_CODE":"004","REPORT_TYPE":"2023年三季报","PER_NETCASH_OPERATE":2.167270282019,"PER_OI":4.195787359171,"BPS":17.922253418012,"BASIC_EPS":0.646182,"DILUTED_EPS":0.646182,"OPERATE_INCOME":33337685327.8,"OPERATE_INCOME_YOY":-17.8476734134,"GROSS_PROFIT":6769036462.2,"GROSS_PROFIT_YOY":-57.493102910261,"HOLDER_PROFIT":5225803070.4,"HOLDER_PROFIT_YOY":-49.1871031159,"GROSS_PROFIT_RATIO":20.304458439877,"EPS_TTM":0.971269075778,"OPERATE_INCOME_QOQ":-7.383965247945,"NET_PROFIT_RATIO":19.1173186259,"ROE_AVG":3.726005248622,"GROSS_PROFIT_QOQ":-26.16737146611,"ROA":1.607398297078,"HOLDER_PROFIT_QOQ":-28.464709689936,"ROE_YEARLY":4.968006998162,"ROIC_YEARLY":2.590243231394,"TOTAL_ASSETS":335687686267.6,"TOTAL_LIABILITIES":116100912821.2,"TAX_EBT":5.513865293975,"OCF_SALES":51.653482326322,"TOTAL_PARENT_EQUITY":143011334526.4,"DEBT_ASSET_RATIO":34.5859909585,"OPERATE_PROFIT":null,"PRETAX_PROFIT":6745192346.4,"NETCASH_OPERATE":17220075398.8,"NETCASH_INVEST":-28978972343.8,"NETCASH_FINANCE":14236803880.6,"END_CASH":49925550617.4,"DIVI_RATIO":null,"DIVIDEND_RATE":null,"CURRENT_RATIO":1.753322170247,"COMMON_ACS":10000000000,"CURRENTDEBT_DEBT":51.889262010177,"ISSUED_COMMON_SHARES":7979539804,"HK_COMMON_SHARES":5991180675,"PER_SHARES":500,"TOTAL_MARKET_CAP":379028140690,"HKSK_MARKET_CAP":284581082062.5,"PE_TTM":99.093255284722,"PB_TTM":2.368703588698,"REPORT_DATE_SQ":"2022-09-30 00:00:00","REPORT_TYPE_SQ":"2022年三季报","OPERATE_INCOME_SQ":40128168997.2,"DPS_HKD":null,"OPERATE_INCOME_QOQ_SQ":13.067102152417,"NET_PROFIT_RATIO_SQ":31.3624134689,"HOLDER_PROFIT_SQ":10169810318.4,"HOLDER_PROFIT_QOQ_SQ":13.612453431264,"ROE_AVG_SQ":7.996116512659,"PE_TTM_SQ":13.931470533834,"PB_TTM_SQ":0.764235598643,"ROA_SQ":3.678390349071,"START_DATE":"2023-01-01 00:00:00","FISCAL_YEAR":"12-31","CURRENCY":"HKD","IS_CNY_CODE":0,"DPS_HKD_LY":null,"ORG_TYPE":"一般企业","PREMIUM_INCOME":null,"PREMIUM_INCOME_YOY":null,"NET_INTEREST_INCOME":null,"NET_INTEREST_INCOME_YOY":null,"FEE_COMMISSION_INCOME":null,"FEE_COMMISSION_INCOME_YOY":null,"ACCOUNTS_RECE_TDAYS":3.683034878593,"INVENTORY_TDAYS":1.648909140654,"CURRENT_ASSETS_TDAYS":0.296638172561,"TOTAL_ASSETS_TDAYS":0.102542973592,"PREMIUM_EXPENSE":null,"LOAN_DEPOSIT":null,"LOAN_EQUITY":null,"LOAN_ASSETS":null,"DEPOSIT_EQUITY":null,"DEPOSIT_ASSETS":null,"EQUITY_MULTIPLIER":1.528724526524,"EQUITY_RATIO":0.811830147629},{"SECUCODE":"00981.HK","SECURITY_CODE":"00981","SECURITY_NAME_ABBR":"中芯国际","ORG_CODE":"10004588","STD_REPORT_DATE":"2023-06-30 00:00:00","REPORT_DATE":"2023-06-30 00:00:00","DATE_TYPE_CODE":"002","REPORT_TYPE":"2023年中报","PER_NETCASH_OPERATE":1.45657194152,"PER_OI":2.755675611256,"BPS":17.875790238868,"BASIC_EPS":0.578064,"DILUTED_EPS":0.578064,"OPERATE_INCOME":21841310047.2,"OPERATE_INCOME_YOY":-19.2887266365,"GROSS_PROFIT":4488442960.2,"GROSS_PROFIT_YOY":-55.436811142193,"HOLDER_PROFIT":4580174491.2,"HOLDER_PROFIT_YOY":-34.0795520608,"GROSS_PROFIT_RATIO":20.550246072696,"EPS_TTM":1.361101770591,"OPERATE_INCOME_QOQ":-3.364465565434,"NET_PROFIT_RATIO":24.1934320624,"ROE_AVG":3.25974273723,"GROSS_PROFIT_QOQ":-17.594563049559,"ROA":1.414051788288,"HOLDER_PROFIT_QOQ":-5.453093543767,"ROE_YEARLY":6.51948547446,"ROIC_YEARLY":4.601244729528,"TOTAL_ASSETS":331262306552.4,"TOTAL_LIABILITIES":114592220782.2,"TAX_EBT":5.230712210395,"OCF_SALES":52.857162707051,"TOTAL_PARENT_EQUITY":142640579739,"DEBT_ASSET_RATIO":34.5925927929,"OPERATE_PROFIT":1178390689.8,"PRETAX_PROFIT":5575817473.2,"NETCASH_OPERATE":11544696789,"NETCASH_INVEST":-16803366674.4,"NETCASH_FINANCE":11740407582,"END_CASH":54621758714.4,"DIVI_RATIO":null,"DIVIDEND_RATE":null,"CURRENT_RATIO":1.986489057246,"COMMON_ACS":10000000000,"CURRENTDEBT_DEBT":51.377071812492,"ISSUED_COMMON_SHARES":7979539804,"HK_COMMON_SHARES":5991180675,"PER_SHARES":500,"TOTAL_MARKET_CAP":379028140690,"HKSK_MARKET_CAP":284581082062.5,"PE_TTM":99.093255284722,"PB_TTM":2.368703588698,"REPORT_DATE_SQ":"2022-06-30 00:00:00","REPORT_TYPE_SQ":"2022年中报","OPERATE_INCOME_SQ":25134582261.2,"DPS_HKD":null,"OPERATE_INCOME_QOQ_SQ":12.470798067505,"NET_PROFIT_RATIO_SQ":31.9950719054,"HOLDER_PROFIT_SQ":6453407072.6,"HOLDER_PROFIT_QOQ_SQ":-6.415757061695,"ROE_AVG_SQ":5.440904650078,"PE_TTM_SQ":13.931470533834,"PB_TTM_SQ":0.764235598643,"ROA_SQ":2.511035080468,"START_DATE":"2023-01-01 00:00:00","FISCAL_YEAR":"12-31","CURRENCY":"HKD","IS_CNY_CODE":0,"DPS_HKD_LY":null,"ORG_TYPE":"一般企业","PREMIUM_INCOME":null,"PREMIUM_INCOME_YOY":null,"NET_INTEREST_INCOME":null,"NET_INTEREST_INCOME_YOY":null,"FEE_COMMISSION_INCOME":null,"FEE_COMMISSION_INCOME_YOY":null,"ACCOUNTS_RECE_TDAYS":2.575381448499,"INVENTORY_TDAYS":1.128322045485,"CURRENT_ASSETS_TDAYS":0.184424421859,"TOTAL_ASSETS_TDAYS":0.067431368805,"PREMIUM_EXPENSE":null,"LOAN_DEPOSIT":null,"LOAN_EQUITY":null,"LOAN_ASSETS":null,"DEPOSIT_EQUITY":null,"DEPOSIT_ASSETS":null,"EQUITY_MULTIPLIER":1.528878826879,"EQUITY_RATIO":0.803363397652},{"SECUCODE":"00981.HK","SECURITY_CODE":"00981","SECURITY_NAME_ABBR":"中芯国际","ORG_CODE":"10004588","STD_REPORT_DATE":"2023-03-31 00:00:00","REPORT_DATE":"2023-03-31 00:00:00","DATE_TYPE_CODE":"003","REPORT_TYPE":"2023年一季报","PER_NETCASH_OPERATE":0.695579441766,"PER_OI":1.269010718062,"BPS":16.709991306486,"BASIC_EPS":null,"DILUTED_EPS":null,"OPERATE_INCOME":10048404449.6,"OPERATE_INCOME_YOY":-20.6095464777,"GROSS_PROFIT":2093593967.3,"GROSS_PROFIT_YOY":-56.042502603608,"HOLDER_PROFIT":1588063613.4,"HOLDER_PROFIT_YOY":-48.3255706833,"GROSS_PROFIT_RATIO":20.835088573523,"EPS_TTM":1.440993592963,"OPERATE_INCOME_QOQ":-3.246057377746,"NET_PROFIT_RATIO":18.2672633571,"ROE_AVG":1.198851042724,"GROSS_PROFIT_QOQ":-13.877540989993,"ROA":0.520362209493,"HOLDER_PROFIT_QOQ":-9.880730017851,"ROE_YEARLY":4.795404170897,"ROIC_YEARLY":3.475526857433,"TOTAL_ASSETS":309334591841,"TOTAL_LIABILITIES":106037532541.6,"TAX_EBT":3.185821463521,"OCF_SALES":54.812731828477,"TOTAL_PARENT_EQUITY":133338040754.6,"DEBT_ASSET_RATIO":34.2792352806,"OPERATE_PROFIT":572295791.1,"PRETAX_PROFIT":1895970747,"NETCASH_OPERATE":5507804984,"NETCASH_INVEST":155376008.7,"NETCASH_FINANCE":6327901148.8,"END_CASH":59807600440.5,"DIVI_RATIO":null,"DIVIDEND_RATE":null,"CURRENT_RATIO":2.289127551692,"COMMON_ACS":10000000000,"CURRENTDEBT_DEBT":48.433936567367,"ISSUED_COMMON_SHARES":7979539804,"HK_COMMON_SHARES":5991180675,"PER_SHARES":500,"TOTAL_MARKET_CAP":379028140690,"HKSK_MARKET_CAP":284581082062.5,"PE_TTM":99.093255284722,"PB_TTM":2.368703588698,"REPORT_DATE_SQ":"2022-03-31 00:00:00","REPORT_TYPE_SQ":"2022年一季报","OPERATE_INCOME_SQ":11692711490.8,"DPS_HKD":null,"OPERATE_INCOME_QOQ_SQ":12.794916160758,"NET_PROFIT_RATIO_SQ":30.9008553152,"HOLDER_PROFIT_SQ":2839086441.4,"HOLDER_PROFIT_QOQ_SQ":16.544091354736,"ROE_AVG_SQ":2.569662552199,"PE_TTM_SQ":13.931470533834,"PB_TTM_SQ":0.764235598643,"ROA_SQ":1.215802884797,"START_DATE":"2023-01-01 00:00:00","FISCAL_YEAR":"12-31","CURRENCY":"HKD","IS_CNY_CODE":0,"DPS_HKD_LY":null,"ORG_TYPE":"一般企业","PREMIUM_INCOME":null,"PREMIUM_INCOME_YOY":null,"NET_INTEREST_INCOME":null,"NET_INTEREST_INCOME_YOY":null,"FEE_COMMISSION_INCOME":null,"FEE_COMMISSION_INCOME_YOY":null,"ACCOUNTS_RECE_TDAYS":1.209692176603,"INVENTORY_TDAYS":0.574920307847,"CURRENT_ASSETS_TDAYS":0.086775383551,"TOTAL_ASSETS_TDAYS":0.032925695779,"PREMIUM_EXPENSE":null,"LOAN_DEPOSIT":null,"LOAN_EQUITY":null,"LOAN_ASSETS":null,"DEPOSIT_EQUITY":null,"DEPOSIT_ASSETS":null,"EQUITY_MULTIPLIER":1.521589111553,"EQUITY_RATIO":0.795253417116},{"SECUCODE":"00981.HK","SECURITY_CODE":"00981","SECURITY_NAME_ABBR":"中芯国际","ORG_CODE":"10004588","STD_REPORT_DATE":"2022-12-31 00:00:00","REPORT_DATE":"2022-12-31 00:00:00","DATE_TYPE_CODE":"001","REPORT_TYPE":"2022年年报","PER_NETCASH_OPERATE":4.707149513416,"PER_OI":6.401827411189,"BPS":16.714237427921,"BASIC_EPS":1.601858,"DILUTED_EPS":1.601858,"OPERATE_INCOME":50655513746.4,"OPERATE_INCOME_YOY":33.6236329512,"GROSS_PROFIT":19233773660.8,"GROSS_PROFIT_YOY":80.020604623661,"HOLDER_PROFIT":12661238853.2,"HOLDER_PROFIT_YOY":6.824467932,"GROSS_PROFIT_RATIO":37.969753415376,"EPS_TTM":1.600123263103,"OPERATE_INCOME_QOQ":1.762089482082,"NET_PROFIT_RATIO":30.2213140584,"ROE_AVG":10.016308701684,"GROSS_PROFIT_QOQ":-0.47591198215,"ROA":4.549476984274,"HOLDER_PROFIT_QOQ":-5.828364470102,"ROE_YEARLY":10.016308701684,"ROIC_YEARLY":7.852123471109,"TOTAL_ASSETS":305103692446.4,"TOTAL_LIABILITIES":103398979749.8,"TAX_EBT":0.723678416335,"OCF_SALES":73.528216415033,"TOTAL_PARENT_EQUITY":133371922849.6,"DEBT_ASSET_RATIO":33.889783149,"OPERATE_PROFIT":12784769963.4,"PRETAX_PROFIT":15420355683,"NETCASH_OPERATE":37246095773.6,"NETCASH_INVEST":-72372675723,"NETCASH_FINANCE":25172084134,"END_CASH":48282695420.2,"DIVI_RATIO":null,"DIVIDEND_RATE":null,"CURRENT_RATIO":2.362187859835,"COMMON_ACS":10000000000,"CURRENTDEBT_DEBT":47.317507998424,"ISSUED_COMMON_SHARES":7979539804,"HK_COMMON_SHARES":5991180675,"PER_SHARES":500,"TOTAL_MARKET_CAP":379028140690,"HKSK_MARKET_CAP":284581082062.5,"PE_TTM":99.093255284722,"PB_TTM":2.368703588698,"REPORT_DATE_SQ":"2021-12-31 00:00:00","REPORT_TYPE_SQ":"2021年年报","OPERATE_INCOME_SQ":34703649178.4,"DPS_HKD":null,"OPERATE_INCOME_QOQ_SQ":13.33458140865,"NET_PROFIT_RATIO_SQ":32.6129243712,"HOLDER_PROFIT_SQ":10850185387.1,"HOLDER_PROFIT_QOQ_SQ":18.95148767607,"ROE_AVG_SQ":10.628008794415,"PE_TTM_SQ":13.931470533834,"PB_TTM_SQ":0.764235598643,"ROA_SQ":5.047500340939,"START_DATE":"2022-01-01 00:00:00","FISCAL_YEAR":"12-31","CURRENCY":"HKD","IS_CNY_CODE":0,"DPS_HKD_LY":null,"ORG_TYPE":"一般企业","PREMIUM_INCOME":null,"PREMIUM_INCOME_YOY":null,"NET_INTEREST_INCOME":null,"NET_INTEREST_INCOME_YOY":null,"FEE_COMMISSION_INCOME":null,"FEE_COMMISSION_INCOME_YOY":null,"ACCOUNTS_RECE_TDAYS":5.776768733755,"INVENTORY_TDAYS":2.905766853938,"CURRENT_ASSETS_TDAYS":0.457265728756,"TOTAL_ASSETS_TDAYS":0.182017017914,"PREMIUM_EXPENSE":null,"LOAN_DEPOSIT":null,"LOAN_EQUITY":null,"LOAN_ASSETS":null,"DEPOSIT_EQUITY":null,"DEPOSIT_ASSETS":null,"EQUITY_MULTIPLIER":1.512625502733,"EQUITY_RATIO":0.775267969004}],"count":87},"success":true,"message":"ok","code":0}