{"version":"ace52734a611920d3b4daddec0c5c41f","result":{"pages":6,"data":[{"SECUCODE":"00989.HK","SECURITY_CODE":"00989","SECURITY_NAME_ABBR":"华音国际控股-新","ORG_CODE":"10009191","STD_REPORT_DATE":"2024-06-30 00:00:00","REPORT_DATE":"2024-09-30 00:00:00","DATE_TYPE_CODE":"002","REPORT_TYPE":"2024年中报","PER_NETCASH_OPERATE":-0.003700907376,"PER_OI":0.017939961101,"BPS":-1.013548874771,"BASIC_EPS":-0.0834,"DILUTED_EPS":-0.0834,"OPERATE_INCOME":129233000,"OPERATE_INCOME_YOY":193.6980137266,"GROSS_PROFIT":18261000,"GROSS_PROFIT_YOY":15.276813332492,"HOLDER_PROFIT":-601140000,"HOLDER_PROFIT_YOY":-652.1865889213,"GROSS_PROFIT_RATIO":14.130291798534,"EPS_TTM":-0.02683782532,"OPERATE_INCOME_QOQ":0,"NET_PROFIT_RATIO":-465.1598275982,"ROE_AVG":882.80905806679,"GROSS_PROFIT_QOQ":0,"ROA":-32.036546198758,"HOLDER_PROFIT_QOQ":0,"ROE_YEARLY":1765.61811613358,"ROIC_YEARLY":-65.179436177385,"TOTAL_ASSETS":1484324000,"TOTAL_LIABILITIES":1849386000,"TAX_EBT":10.607696357034,"OCF_SALES":-20.629405801924,"TOTAL_PARENT_EQUITY":-365062000,"DEBT_ASSET_RATIO":124.5944955414,"OPERATE_PROFIT":-651255000,"PRETAX_PROFIT":-672474000,"NETCASH_OPERATE":-26660000,"NETCASH_INVEST":-573000,"NETCASH_FINANCE":-16211000,"END_CASH":10068000,"DIVI_RATIO":null,"DIVIDEND_RATE":null,"CURRENT_RATIO":0.635156112544,"COMMON_ACS":78000000000,"CURRENTDEBT_DEBT":83.285317397234,"ISSUED_COMMON_SHARES":360181940,"HK_COMMON_SHARES":360181940,"PER_SHARES":10000,"TOTAL_MARKET_CAP":120660949.9,"HKSK_MARKET_CAP":120660949.9,"PE_TTM":-0.152200990936,"PB_TTM":-0.298061255377,"REPORT_DATE_SQ":"2023-06-30 00:00:00","REPORT_TYPE_SQ":"2023年中报","OPERATE_INCOME_SQ":44002000,"DPS_HKD":null,"OPERATE_INCOME_QOQ_SQ":0,"NET_PROFIT_RATIO_SQ":-181.6258351893,"HOLDER_PROFIT_SQ":-79919000,"HOLDER_PROFIT_QOQ_SQ":0,"ROE_AVG_SQ":-21.667631401649,"PE_TTM_SQ":-5.114986938661,"PB_TTM_SQ":1.788299748885,"ROA_SQ":-3.474795029311,"START_DATE":"2024-04-01 00:00:00","FISCAL_YEAR":"3-31","CURRENCY":"HKD","IS_CNY_CODE":0,"DPS_HKD_LY":null,"ORG_TYPE":"一般企业","PREMIUM_INCOME":null,"PREMIUM_INCOME_YOY":null,"NET_INTEREST_INCOME":null,"NET_INTEREST_INCOME_YOY":null,"FEE_COMMISSION_INCOME":null,"FEE_COMMISSION_INCOME_YOY":null,"ACCOUNTS_RECE_TDAYS":1.829770062865,"INVENTORY_TDAYS":0.114149112241,"CURRENT_ASSETS_TDAYS":0.094678826224,"TOTAL_ASSETS_TDAYS":0.068872125876,"PREMIUM_EXPENSE":null,"LOAN_DEPOSIT":null,"LOAN_EQUITY":null,"LOAN_ASSETS":null,"DEPOSIT_EQUITY":null,"DEPOSIT_ASSETS":null,"EQUITY_MULTIPLIER":-4.065950441296,"EQUITY_RATIO":-5.065950441295},{"SECUCODE":"00989.HK","SECURITY_CODE":"00989","SECURITY_NAME_ABBR":"华音国际控股-新","ORG_CODE":"10009191","STD_REPORT_DATE":"2023-12-31 00:00:00","REPORT_DATE":"2024-03-31 00:00:00","DATE_TYPE_CODE":"001","REPORT_TYPE":"2023年年报","PER_NETCASH_OPERATE":-0.011372446923,"PER_OI":0.016112967778,"BPS":0.635439966812,"BASIC_EPS":-0.0268,"DILUTED_EPS":-0.0268,"OPERATE_INCOME":116072000,"OPERATE_INCOME_YOY":-70.5480998815,"GROSS_PROFIT":9876000,"GROSS_PROFIT_YOY":-82.396035721288,"HOLDER_PROFIT":-193330000,"HOLDER_PROFIT_YOY":-152.8211054919,"GROSS_PROFIT_RATIO":8.508511958095,"EPS_TTM":-0.018111957509,"OPERATE_INCOME_QOQ":0,"NET_PROFIT_RATIO":-166.5604107795,"ROE_AVG":-61.718857245014,"GROSS_PROFIT_QOQ":0,"ROA":-8.490117771675,"HOLDER_PROFIT_QOQ":0,"ROE_YEARLY":-61.718857245014,"ROIC_YEARLY":-8.726912592294,"TOTAL_ASSETS":2268515000,"TOTAL_LIABILITIES":2039641000,"TAX_EBT":15.099269694747,"OCF_SALES":-70.579467916466,"TOTAL_PARENT_EQUITY":228874000,"DEBT_ASSET_RATIO":89.9108447597,"OPERATE_PROFIT":-204592000,"PRETAX_PROFIT":-227713000,"NETCASH_OPERATE":-81923000,"NETCASH_INVEST":-57000,"NETCASH_FINANCE":65656000,"END_CASH":53635000,"DIVI_RATIO":null,"DIVIDEND_RATE":null,"CURRENT_RATIO":1.065719233048,"COMMON_ACS":78000000000,"CURRENTDEBT_DEBT":80.58271038874,"ISSUED_COMMON_SHARES":360181940,"HK_COMMON_SHARES":360181940,"PER_SHARES":10000,"TOTAL_MARKET_CAP":6483274.92,"HKSK_MARKET_CAP":6483274.92,"PE_TTM":-0.008177963692,"PB_TTM":-0.016015231632,"REPORT_DATE_SQ":"2022-12-31 00:00:00","REPORT_TYPE_SQ":"2022年年报","OPERATE_INCOME_SQ":394107000,"DPS_HKD":null,"OPERATE_INCOME_QOQ_SQ":0,"NET_PROFIT_RATIO_SQ":92.8704641125,"HOLDER_PROFIT_SQ":366009000,"HOLDER_PROFIT_QOQ_SQ":0,"ROE_AVG_SQ":165.557623718487,"PE_TTM_SQ":-5.504170727472,"PB_TTM_SQ":1.924366034126,"ROA_SQ":16.798207317367,"START_DATE":"2023-04-01 00:00:00","FISCAL_YEAR":"3-31","CURRENCY":"HKD","IS_CNY_CODE":0,"DPS_HKD_LY":null,"ORG_TYPE":"一般企业","PREMIUM_INCOME":null,"PREMIUM_INCOME_YOY":null,"NET_INTEREST_INCOME":null,"NET_INTEREST_INCOME_YOY":null,"FEE_COMMISSION_INCOME":null,"FEE_COMMISSION_INCOME_YOY":null,"ACCOUNTS_RECE_TDAYS":2.065797552836,"INVENTORY_TDAYS":0.066277453989,"CURRENT_ASSETS_TDAYS":0.066860537957,"TOTAL_ASSETS_TDAYS":0.050973203848,"PREMIUM_EXPENSE":null,"LOAN_DEPOSIT":null,"LOAN_EQUITY":null,"LOAN_ASSETS":null,"DEPOSIT_EQUITY":null,"DEPOSIT_ASSETS":null,"EQUITY_MULTIPLIER":9.911632601366,"EQUITY_RATIO":8.911632601344},{"SECUCODE":"00989.HK","SECURITY_CODE":"00989","SECURITY_NAME_ABBR":"华音国际控股-新","ORG_CODE":"10009191","STD_REPORT_DATE":"2023-06-30 00:00:00","REPORT_DATE":"2023-09-30 00:00:00","DATE_TYPE_CODE":"002","REPORT_TYPE":"2023年中报","PER_NETCASH_OPERATE":-0.000723800865,"PER_OI":0.006108301814,"BPS":0.944158943672,"BASIC_EPS":-0.0111,"DILUTED_EPS":-0.0111,"OPERATE_INCOME":44002000,"OPERATE_INCOME_YOY":-86.8848452333,"GROSS_PROFIT":15841000,"GROSS_PROFIT_YOY":-70.812912260014,"HOLDER_PROFIT":-79919000,"HOLDER_PROFIT_YOY":-119.1853793673,"GROSS_PROFIT_RATIO":36.000636334712,"EPS_TTM":0.050808905021,"OPERATE_INCOME_QOQ":0,"NET_PROFIT_RATIO":-181.6258351893,"ROE_AVG":-21.667631401649,"GROSS_PROFIT_QOQ":0,"ROA":-3.474795029311,"HOLDER_PROFIT_QOQ":0,"ROE_YEARLY":-43.335262803298,"ROIC_YEARLY":-7.181122540668,"TOTAL_ASSETS":2314205000,"TOTAL_LIABILITIES":1974136000,"TAX_EBT":7.242423890714,"OCF_SALES":-11.849461388119,"TOTAL_PARENT_EQUITY":340069000,"DEBT_ASSET_RATIO":85.3051479882,"OPERATE_PROFIT":-60996000,"PRETAX_PROFIT":-86159000,"NETCASH_OPERATE":-5214000,"NETCASH_INVEST":null,"NETCASH_FINANCE":13624000,"END_CASH":78371000,"DIVI_RATIO":null,"DIVIDEND_RATE":null,"CURRENT_RATIO":1.218926425809,"COMMON_ACS":78000000000,"CURRENTDEBT_DEBT":73.861172685165,"ISSUED_COMMON_SHARES":360181940,"HK_COMMON_SHARES":360181940,"PER_SHARES":10000,"TOTAL_MARKET_CAP":6483274.92,"HKSK_MARKET_CAP":6483274.92,"PE_TTM":-0.008177963692,"PB_TTM":-0.016015231632,"REPORT_DATE_SQ":"2022-06-30 00:00:00","REPORT_TYPE_SQ":"2022年中报","OPERATE_INCOME_SQ":335505000,"DPS_HKD":null,"OPERATE_INCOME_QOQ_SQ":0,"NET_PROFIT_RATIO_SQ":124.1596995574,"HOLDER_PROFIT_SQ":416562000,"HOLDER_PROFIT_QOQ_SQ":0,"ROE_AVG_SQ":170.99649642767,"PE_TTM_SQ":-5.504170727472,"PB_TTM_SQ":1.924366034126,"ROA_SQ":19.118986849105,"START_DATE":"2023-04-01 00:00:00","FISCAL_YEAR":"3-31","CURRENCY":"HKD","IS_CNY_CODE":0,"DPS_HKD_LY":null,"ORG_TYPE":"一般企业","PREMIUM_INCOME":null,"PREMIUM_INCOME_YOY":null,"NET_INTEREST_INCOME":null,"NET_INTEREST_INCOME_YOY":null,"FEE_COMMISSION_INCOME":null,"FEE_COMMISSION_INCOME_YOY":null,"ACCOUNTS_RECE_TDAYS":1.025114155251,"INVENTORY_TDAYS":0.017447901339,"CURRENT_ASSETS_TDAYS":0.025159886671,"TOTAL_ASSETS_TDAYS":0.019131612117,"PREMIUM_EXPENSE":null,"LOAN_DEPOSIT":null,"LOAN_EQUITY":null,"LOAN_ASSETS":null,"DEPOSIT_EQUITY":null,"DEPOSIT_ASSETS":null,"EQUITY_MULTIPLIER":6.80510425826,"EQUITY_RATIO":5.805104258253},{"SECUCODE":"00989.HK","SECURITY_CODE":"00989","SECURITY_NAME_ABBR":"华音国际控股-新","ORG_CODE":"10009191","STD_REPORT_DATE":"2022-12-31 00:00:00","REPORT_DATE":"2023-03-31 00:00:00","DATE_TYPE_CODE":"001","REPORT_TYPE":"2022年年报","PER_NETCASH_OPERATE":-0.009308767664,"PER_OI":0.054709433733,"BPS":1.103919868942,"BASIC_EPS":0.0517,"DILUTED_EPS":0.0508,"OPERATE_INCOME":394107000,"OPERATE_INCOME_YOY":251.5579422495,"GROSS_PROFIT":56101000,"GROSS_PROFIT_YOY":76.290733117557,"HOLDER_PROFIT":366009000,"HOLDER_PROFIT_YOY":742.5719803371,"GROSS_PROFIT_RATIO":14.234966646114,"EPS_TTM":0.047589837461,"OPERATE_INCOME_QOQ":0,"NET_PROFIT_RATIO":92.8704641125,"ROE_AVG":165.557623718487,"GROSS_PROFIT_QOQ":0,"ROA":16.798207317367,"HOLDER_PROFIT_QOQ":0,"ROE_YEARLY":165.557623718487,"ROIC_YEARLY":17.451333551867,"TOTAL_ASSETS":2285721000,"TOTAL_LIABILITIES":1888109000,"TAX_EBT":20.817549514857,"OCF_SALES":-17.014922343425,"TOTAL_PARENT_EQUITY":397612000,"DEBT_ASSET_RATIO":82.6045260992,"OPERATE_PROFIT":478931000,"PRETAX_PROFIT":462235000,"NETCASH_OPERATE":-67057000,"NETCASH_INVEST":-537000,"NETCASH_FINANCE":44353000,"END_CASH":69939000,"DIVI_RATIO":null,"DIVIDEND_RATE":null,"CURRENT_RATIO":1.147252048177,"COMMON_ACS":78000000000,"CURRENTDEBT_DEBT":79.424757786759,"ISSUED_COMMON_SHARES":360181940,"HK_COMMON_SHARES":360181940,"PER_SHARES":10000,"TOTAL_MARKET_CAP":6483274.92,"HKSK_MARKET_CAP":6483274.92,"PE_TTM":-0.008177963692,"PB_TTM":-0.016015231632,"REPORT_DATE_SQ":"2021-12-31 00:00:00","REPORT_TYPE_SQ":"2021年年报","OPERATE_INCOME_SQ":112103000,"DPS_HKD":null,"OPERATE_INCOME_QOQ_SQ":0,"NET_PROFIT_RATIO_SQ":-50.8104154215,"HOLDER_PROFIT_SQ":-56960000,"HOLDER_PROFIT_QOQ_SQ":0,"ROE_AVG_SQ":-143.054474219554,"PE_TTM_SQ":-5.504170727472,"PB_TTM_SQ":1.924366034126,"ROA_SQ":-2.616880394645,"START_DATE":"2022-04-01 00:00:00","FISCAL_YEAR":"3-31","CURRENCY":"HKD","IS_CNY_CODE":0,"DPS_HKD_LY":null,"ORG_TYPE":"一般企业","PREMIUM_INCOME":null,"PREMIUM_INCOME_YOY":null,"NET_INTEREST_INCOME":null,"NET_INTEREST_INCOME_YOY":null,"FEE_COMMISSION_INCOME":null,"FEE_COMMISSION_INCOME_YOY":null,"ACCOUNTS_RECE_TDAYS":8.592293017932,"INVENTORY_TDAYS":0.236315776595,"CURRENT_ASSETS_TDAYS":0.249538494951,"TOTAL_ASSETS_TDAYS":0.180877822437,"PREMIUM_EXPENSE":null,"LOAN_DEPOSIT":null,"LOAN_EQUITY":null,"LOAN_ASSETS":null,"DEPOSIT_EQUITY":null,"DEPOSIT_ASSETS":null,"EQUITY_MULTIPLIER":5.748621771977,"EQUITY_RATIO":4.748621771979},{"SECUCODE":"00989.HK","SECURITY_CODE":"00989","SECURITY_NAME_ABBR":"华音国际控股-新","ORG_CODE":"10009191","STD_REPORT_DATE":"2022-06-30 00:00:00","REPORT_DATE":"2022-09-30 00:00:00","DATE_TYPE_CODE":"002","REPORT_TYPE":"2022年中报","PER_NETCASH_OPERATE":-0.00296197527,"PER_OI":0.046574378442,"BPS":1.229034415218,"BASIC_EPS":0.0598,"DILUTED_EPS":0.0543,"OPERATE_INCOME":335505000,"OPERATE_INCOME_YOY":405.6974903911,"GROSS_PROFIT":54274000,"GROSS_PROFIT_YOY":119.759484957687,"HOLDER_PROFIT":416562000,"HOLDER_PROFIT_YOY":2382.1952091527,"GROSS_PROFIT_RATIO":16.176808095259,"EPS_TTM":-0.008420696748,"OPERATE_INCOME_QOQ":0,"NET_PROFIT_RATIO":124.1596995574,"ROE_AVG":170.99649642767,"GROSS_PROFIT_QOQ":0,"ROA":19.118986849105,"HOLDER_PROFIT_QOQ":0,"ROE_YEARLY":341.99299285534,"ROIC_YEARLY":39.766002598486,"TOTAL_ASSETS":2285580000,"TOTAL_LIABILITIES":1842904000,"TAX_EBT":19.531672564867,"OCF_SALES":-6.359666770987,"TOTAL_PARENT_EQUITY":442676000,"DEBT_ASSET_RATIO":80.6317871175,"OPERATE_PROFIT":557490000,"PRETAX_PROFIT":517672000,"NETCASH_OPERATE":-21337000,"NETCASH_INVEST":null,"NETCASH_FINANCE":2609000,"END_CASH":74291000,"DIVI_RATIO":null,"DIVIDEND_RATE":null,"CURRENT_RATIO":1.27237825747,"COMMON_ACS":78000000000,"CURRENTDEBT_DEBT":71.757508801327,"ISSUED_COMMON_SHARES":360181940,"HK_COMMON_SHARES":360181940,"PER_SHARES":10000,"TOTAL_MARKET_CAP":6483274.92,"HKSK_MARKET_CAP":6483274.92,"PE_TTM":-0.008177963692,"PB_TTM":-0.016015231632,"REPORT_DATE_SQ":"2021-06-30 00:00:00","REPORT_TYPE_SQ":"2021年中报","OPERATE_INCOME_SQ":66345000,"DPS_HKD":null,"OPERATE_INCOME_QOQ_SQ":0,"NET_PROFIT_RATIO_SQ":25.2950486095,"HOLDER_PROFIT_SQ":16782000,"HOLDER_PROFIT_QOQ_SQ":0,"ROE_AVG_SQ":38.008311911853,"PE_TTM_SQ":-5.504170727472,"PB_TTM_SQ":1.924366034126,"ROA_SQ":0.785963190115,"START_DATE":"2022-04-01 00:00:00","FISCAL_YEAR":"3-31","CURRENCY":"HKD","IS_CNY_CODE":0,"DPS_HKD_LY":null,"ORG_TYPE":"一般企业","PREMIUM_INCOME":null,"PREMIUM_INCOME_YOY":null,"NET_INTEREST_INCOME":null,"NET_INTEREST_INCOME_YOY":null,"FEE_COMMISSION_INCOME":null,"FEE_COMMISSION_INCOME_YOY":null,"ACCOUNTS_RECE_TDAYS":6.768375714905,"INVENTORY_TDAYS":0.201864456356,"CURRENT_ASSETS_TDAYS":0.215008111549,"TOTAL_ASSETS_TDAYS":0.153987057936,"PREMIUM_EXPENSE":null,"LOAN_DEPOSIT":null,"LOAN_EQUITY":null,"LOAN_ASSETS":null,"DEPOSIT_EQUITY":null,"DEPOSIT_ASSETS":null,"EQUITY_MULTIPLIER":5.163098970807,"EQUITY_RATIO":4.163098970805},{"SECUCODE":"00989.HK","SECURITY_CODE":"00989","SECURITY_NAME_ABBR":"华音国际控股-新","ORG_CODE":"10009191","STD_REPORT_DATE":"2021-12-31 00:00:00","REPORT_DATE":"2022-03-31 00:00:00","DATE_TYPE_CODE":"001","REPORT_TYPE":"2021年年报","PER_NETCASH_OPERATE":-0.01432301974,"PER_OI":0.016572776817,"BPS":-0.707903344626,"BASIC_EPS":-0.0084,"DILUTED_EPS":-0.0084,"OPERATE_INCOME":112103000,"OPERATE_INCOME_YOY":-26.8906192936,"GROSS_PROFIT":31823000,"GROSS_PROFIT_YOY":137.656344294691,"HOLDER_PROFIT":-56960000,"HOLDER_PROFIT_YOY":88.9440779194,"GROSS_PROFIT_RATIO":28.387286691703,"EPS_TTM":0.016086250957,"OPERATE_INCOME_QOQ":0,"NET_PROFIT_RATIO":-50.8104154215,"ROE_AVG":-143.054474219554,"GROSS_PROFIT_QOQ":0,"ROA":-2.616880394645,"HOLDER_PROFIT_QOQ":0,"ROE_YEARLY":-143.054474219554,"ROIC_YEARLY":-2.750238642108,"TOTAL_ASSETS":2071994000,"TOTAL_LIABILITIES":2027453000,"TAX_EBT":28.057190491828,"OCF_SALES":-86.424984166347,"TOTAL_PARENT_EQUITY":44541000,"DEBT_ASSET_RATIO":97.8503316129,"OPERATE_PROFIT":-16716000,"PRETAX_PROFIT":-79174000,"NETCASH_OPERATE":-96885000,"NETCASH_INVEST":-2098000,"NETCASH_FINANCE":73932000,"END_CASH":93151000,"DIVI_RATIO":null,"DIVIDEND_RATE":null,"CURRENT_RATIO":0.912147695274,"COMMON_ACS":78000000000,"CURRENTDEBT_DEBT":77.770483458803,"ISSUED_COMMON_SHARES":360181940,"HK_COMMON_SHARES":360181940,"PER_SHARES":10000,"TOTAL_MARKET_CAP":6483274.92,"HKSK_MARKET_CAP":6483274.92,"PE_TTM":-0.008177963692,"PB_TTM":-0.016015231632,"REPORT_DATE_SQ":"2020-12-31 00:00:00","REPORT_TYPE_SQ":"2020年年报","OPERATE_INCOME_SQ":153336000,"DPS_HKD":null,"OPERATE_INCOME_QOQ_SQ":0,"NET_PROFIT_RATIO_SQ":-335.9935044608,"HOLDER_PROFIT_SQ":-515199000,"HOLDER_PROFIT_QOQ_SQ":0,"ROE_AVG_SQ":-235.138484147975,"PE_TTM_SQ":-5.504170727472,"PB_TTM_SQ":1.924366034126,"ROA_SQ":-21.301912400263,"START_DATE":"2021-04-01 00:00:00","FISCAL_YEAR":"3-31","CURRENCY":"HKD","IS_CNY_CODE":0,"DPS_HKD_LY":null,"ORG_TYPE":"一般企业","PREMIUM_INCOME":null,"PREMIUM_INCOME_YOY":null,"NET_INTEREST_INCOME":null,"NET_INTEREST_INCOME_YOY":null,"FEE_COMMISSION_INCOME":null,"FEE_COMMISSION_INCOME_YOY":null,"ACCOUNTS_RECE_TDAYS":2.351104213418,"INVENTORY_TDAYS":0.06488143056,"CURRENT_ASSETS_TDAYS":0.071029870715,"TOTAL_ASSETS_TDAYS":0.051502834073,"PREMIUM_EXPENSE":null,"LOAN_DEPOSIT":null,"LOAN_EQUITY":null,"LOAN_ASSETS":null,"DEPOSIT_EQUITY":null,"DEPOSIT_ASSETS":null,"EQUITY_MULTIPLIER":46.518802900062,"EQUITY_RATIO":45.518802900698},{"SECUCODE":"00989.HK","SECURITY_CODE":"00989","SECURITY_NAME_ABBR":"华音国际控股-新","ORG_CODE":"10009191","STD_REPORT_DATE":"2021-06-30 00:00:00","REPORT_DATE":"2021-09-30 00:00:00","DATE_TYPE_CODE":"002","REPORT_TYPE":"2021年中报","PER_NETCASH_OPERATE":-0.000972903885,"PER_OI":0.009808130718,"BPS":-0.68382384747,"BASIC_EPS":0.0025,"DILUTED_EPS":0.0023,"OPERATE_INCOME":66345000,"OPERATE_INCOME_YOY":-33.0213822763,"GROSS_PROFIT":24697000,"GROSS_PROFIT_YOY":280.37540169442,"HOLDER_PROFIT":16782000,"HOLDER_PROFIT_YOY":102.7637019971,"GROSS_PROFIT_RATIO":37.225111161354,"EPS_TTM":-0.076164581174,"OPERATE_INCOME_QOQ":0,"NET_PROFIT_RATIO":25.2950486095,"ROE_AVG":38.008311911853,"GROSS_PROFIT_QOQ":0,"ROA":0.785963190115,"HOLDER_PROFIT_QOQ":0,"ROE_YEARLY":76.016623823706,"ROIC_YEARLY":1.653486168975,"TOTAL_ASSETS":1989148000,"TOTAL_LIABILITIES":1935934000,"TAX_EBT":-64.207436399217,"OCF_SALES":-9.919360916422,"TOTAL_PARENT_EQUITY":53214000,"DEBT_ASSET_RATIO":97.3247842795,"OPERATE_PROFIT":34966000,"PRETAX_PROFIT":10220000,"NETCASH_OPERATE":-6581000,"NETCASH_INVEST":-2074000,"NETCASH_FINANCE":-16920000,"END_CASH":92705000,"DIVI_RATIO":null,"DIVIDEND_RATE":null,"CURRENT_RATIO":0.950010552188,"COMMON_ACS":78000000000,"CURRENTDEBT_DEBT":79.546358501891,"ISSUED_COMMON_SHARES":360181940,"HK_COMMON_SHARES":360181940,"PER_SHARES":10000,"TOTAL_MARKET_CAP":6483274.92,"HKSK_MARKET_CAP":6483274.92,"PE_TTM":-0.008177963692,"PB_TTM":-0.016015231632,"REPORT_DATE_SQ":"2020-06-30 00:00:00","REPORT_TYPE_SQ":"2020年中报","OPERATE_INCOME_SQ":99054000,"DPS_HKD":null,"OPERATE_INCOME_QOQ_SQ":0,"NET_PROFIT_RATIO_SQ":-613.0282472187,"HOLDER_PROFIT_SQ":-607229000,"HOLDER_PROFIT_QOQ_SQ":0,"ROE_AVG_SQ":-470.574240545567,"PE_TTM_SQ":-5.504170727472,"PB_TTM_SQ":1.924366034126,"ROA_SQ":-27.314939663271,"START_DATE":"2021-04-01 00:00:00","FISCAL_YEAR":"3-31","CURRENCY":"HKD","IS_CNY_CODE":0,"DPS_HKD_LY":null,"ORG_TYPE":"一般企业","PREMIUM_INCOME":null,"PREMIUM_INCOME_YOY":null,"NET_INTEREST_INCOME":null,"NET_INTEREST_INCOME_YOY":null,"FEE_COMMISSION_INCOME":null,"FEE_COMMISSION_INCOME_YOY":null,"ACCOUNTS_RECE_TDAYS":null,"INVENTORY_TDAYS":0.033026302173,"CURRENT_ASSETS_TDAYS":0.041710045869,"TOTAL_ASSETS_TDAYS":0.031071819716,"PREMIUM_EXPENSE":null,"LOAN_DEPOSIT":null,"LOAN_EQUITY":null,"LOAN_ASSETS":null,"DEPOSIT_EQUITY":null,"DEPOSIT_ASSETS":null,"EQUITY_MULTIPLIER":37.380163114962,"EQUITY_RATIO":36.38016311497},{"SECUCODE":"00989.HK","SECURITY_CODE":"00989","SECURITY_NAME_ABBR":"华音国际控股-新","ORG_CODE":"10009191","STD_REPORT_DATE":"2020-12-31 00:00:00","REPORT_DATE":"2021-03-31 00:00:00","DATE_TYPE_CODE":"001","REPORT_TYPE":"2020年年报","PER_NETCASH_OPERATE":-0.029800189401,"PER_OI":0.022668468337,"BPS":-0.86962161401,"BASIC_EPS":-0.0894,"DILUTED_EPS":-0.0894,"OPERATE_INCOME":153336000,"OPERATE_INCOME_YOY":-36.8168613635,"GROSS_PROFIT":-84509000,"GROSS_PROFIT_YOY":-89.681951832649,"HOLDER_PROFIT":-515199000,"HOLDER_PROFIT_YOY":71.1271852201,"GROSS_PROFIT_RATIO":-55.113606719883,"EPS_TTM":-0.321418928661,"OPERATE_INCOME_QOQ":0,"NET_PROFIT_RATIO":-335.9935044608,"ROE_AVG":-235.138484147975,"GROSS_PROFIT_QOQ":0,"ROA":-21.301912400263,"HOLDER_PROFIT_QOQ":0,"ROE_YEARLY":-235.138484147975,"ROIC_YEARLY":-21.976305896098,"TOTAL_ASSETS":2281281000,"TOTAL_LIABILITIES":2246188000,"TAX_EBT":-1.237966669221,"OCF_SALES":-131.460974591746,"TOTAL_PARENT_EQUITY":35093000,"DEBT_ASSET_RATIO":100.6008466296,"OPERATE_PROFIT":-403767000,"PRETAX_PROFIT":-508899000,"NETCASH_OPERATE":-152777000,"NETCASH_INVEST":121937000,"NETCASH_FINANCE":119173000,"END_CASH":118334000,"DIVI_RATIO":null,"DIVIDEND_RATE":null,"CURRENT_RATIO":0.928075016649,"COMMON_ACS":78000000000,"CURRENTDEBT_DEBT":80.252810539456,"ISSUED_COMMON_SHARES":360181940,"HK_COMMON_SHARES":360181940,"PER_SHARES":10000,"TOTAL_MARKET_CAP":6483274.92,"HKSK_MARKET_CAP":6483274.92,"PE_TTM":-0.008177963692,"PB_TTM":-0.016015231632,"REPORT_DATE_SQ":"2019-12-31 00:00:00","REPORT_TYPE_SQ":"2019年年报","OPERATE_INCOME_SQ":242685000,"DPS_HKD":null,"OPERATE_INCOME_QOQ_SQ":0,"NET_PROFIT_RATIO_SQ":-735.2634072975,"HOLDER_PROFIT_SQ":-1784374000,"HOLDER_PROFIT_QOQ_SQ":0,"ROE_AVG_SQ":-128.361748878779,"PE_TTM_SQ":-5.504170727472,"PB_TTM_SQ":1.924366034126,"ROA_SQ":-48.314413251837,"START_DATE":"2020-04-01 00:00:00","FISCAL_YEAR":"3-31","CURRENCY":"HKD","IS_CNY_CODE":0,"DPS_HKD_LY":null,"ORG_TYPE":"一般企业","PREMIUM_INCOME":null,"PREMIUM_INCOME_YOY":null,"NET_INTEREST_INCOME":null,"NET_INTEREST_INCOME_YOY":null,"FEE_COMMISSION_INCOME":null,"FEE_COMMISSION_INCOME_YOY":null,"ACCOUNTS_RECE_TDAYS":0.925017570001,"INVENTORY_TDAYS":0.169159062291,"CURRENT_ASSETS_TDAYS":0.083441669573,"TOTAL_ASSETS_TDAYS":0.063399774452,"PREMIUM_EXPENSE":null,"LOAN_DEPOSIT":null,"LOAN_EQUITY":null,"LOAN_ASSETS":null,"DEPOSIT_EQUITY":null,"DEPOSIT_ASSETS":null,"EQUITY_MULTIPLIER":-166.431823153559,"EQUITY_RATIO":64.006724987889},{"SECUCODE":"00989.HK","SECURITY_CODE":"00989","SECURITY_NAME_ABBR":"华音国际控股-新","ORG_CODE":"10009191","STD_REPORT_DATE":"2020-06-30 00:00:00","REPORT_DATE":"2020-09-30 00:00:00","DATE_TYPE_CODE":"002","REPORT_TYPE":"2020年中报","PER_NETCASH_OPERATE":-0.03450412999,"PER_OI":0.016582513413,"BPS":-2.362803087795,"BASIC_EPS":-0.1113,"DILUTED_EPS":-0.1113,"OPERATE_INCOME":99054000,"OPERATE_INCOME_YOY":84.791895976,"GROSS_PROFIT":-13692000,"GROSS_PROFIT_YOY":-272.682557699584,"HOLDER_PROFIT":-607229000,"HOLDER_PROFIT_YOY":-38.164538097,"GROSS_PROFIT_RATIO":-13.822763341208,"EPS_TTM":-0.338372531314,"OPERATE_INCOME_QOQ":0,"NET_PROFIT_RATIO":-613.0282472187,"ROE_AVG":-470.574240545567,"GROSS_PROFIT_QOQ":0,"ROA":-27.314939663271,"HOLDER_PROFIT_QOQ":0,"ROE_YEARLY":-941.148481091134,"ROIC_YEARLY":-55.1839866845,"TOTAL_ASSETS":1890297000,"TOTAL_LIABILITIES":2084133000,"TAX_EBT":-2.934999110041,"OCF_SALES":-208.07539321986,"TOTAL_PARENT_EQUITY":-193836000,"DEBT_ASSET_RATIO":110.2542616319,"OPERATE_PROFIT":-532815000,"PRETAX_PROFIT":-589915000,"NETCASH_OPERATE":-206107000,"NETCASH_INVEST":122000000,"NETCASH_FINANCE":68075000,"END_CASH":14144000,"DIVI_RATIO":null,"DIVIDEND_RATE":null,"CURRENT_RATIO":0.724383897219,"COMMON_ACS":78000000000,"CURRENTDEBT_DEBT":89.707086831791,"ISSUED_COMMON_SHARES":360181940,"HK_COMMON_SHARES":360181940,"PER_SHARES":10000,"TOTAL_MARKET_CAP":6483274.92,"HKSK_MARKET_CAP":6483274.92,"PE_TTM":-0.008177963692,"PB_TTM":-0.016015231632,"REPORT_DATE_SQ":"2019-06-30 00:00:00","REPORT_TYPE_SQ":"2019年中报","OPERATE_INCOME_SQ":53603000,"DPS_HKD":null,"OPERATE_INCOME_QOQ_SQ":0,"NET_PROFIT_RATIO_SQ":-675.0380143456,"HOLDER_PROFIT_SQ":-439497000,"HOLDER_PROFIT_QOQ_SQ":0,"ROE_AVG_SQ":-21.084276515338,"PE_TTM_SQ":-5.504170727472,"PB_TTM_SQ":1.924366034126,"ROA_SQ":-9.47706410841,"START_DATE":"2020-04-01 00:00:00","FISCAL_YEAR":"3-31","CURRENCY":"HKD","IS_CNY_CODE":0,"DPS_HKD_LY":null,"ORG_TYPE":"一般企业","PREMIUM_INCOME":null,"PREMIUM_INCOME_YOY":null,"NET_INTEREST_INCOME":null,"NET_INTEREST_INCOME_YOY":null,"FEE_COMMISSION_INCOME":null,"FEE_COMMISSION_INCOME_YOY":null,"ACCOUNTS_RECE_TDAYS":0.430258948525,"INVENTORY_TDAYS":0.08224439232,"CURRENT_ASSETS_TDAYS":0.059827139466,"TOTAL_ASSETS_TDAYS":0.044557391584,"PREMIUM_EXPENSE":null,"LOAN_DEPOSIT":null,"LOAN_EQUITY":null,"LOAN_ASSETS":null,"DEPOSIT_EQUITY":null,"DEPOSIT_ASSETS":null,"EQUITY_MULTIPLIER":-9.752042964157,"EQUITY_RATIO":-10.752042964155}],"count":49},"success":true,"message":"ok","code":0}