{"version":"7b5a32f292cb7708c2b909e69f5a3f99","result":{"pages":6,"data":[{"SECUCODE":"00986.HK","SECURITY_CODE":"00986","SECURITY_NAME_ABBR":"中国环保能源","ORG_CODE":"10009188","STD_REPORT_DATE":"2024-06-30 00:00:00","REPORT_DATE":"2024-09-30 00:00:00","DATE_TYPE_CODE":"002","REPORT_TYPE":"2024年中报","PER_NETCASH_OPERATE":-0.002694841035,"PER_OI":0.019058216699,"BPS":0.240439163964,"BASIC_EPS":0.007665215,"DILUTED_EPS":0.007665215,"OPERATE_INCOME":24674777.98,"OPERATE_INCOME_YOY":-15.377002536,"GROSS_PROFIT":14961597.89,"GROSS_PROFIT_YOY":10.181162937153,"HOLDER_PROFIT":9882716.61,"HOLDER_PROFIT_YOY":2096.1923847695,"GROSS_PROFIT_RATIO":60.635187486295,"EPS_TTM":-0.01296276269,"OPERATE_INCOME_QOQ":0,"NET_PROFIT_RATIO":40.0518967912,"ROE_AVG":3.236543198209,"GROSS_PROFIT_QOQ":0,"ROA":2.748979699341,"HOLDER_PROFIT_QOQ":0,"ROE_YEARLY":6.473086396418,"ROIC_YEARLY":5.502707669597,"TOTAL_ASSETS":369640113.84,"TOTAL_LIABILITIES":58342205.84,"TAX_EBT":3.103448275862,"OCF_SALES":-14.140048242088,"TOTAL_PARENT_EQUITY":311297908,"DEBT_ASSET_RATIO":15.7835158186,"OPERATE_PROFIT":11206544.33,"PRETAX_PROFIT":10199244.9,"NETCASH_OPERATE":-3489025.51,"NETCASH_INVEST":901.79,"NETCASH_FINANCE":2133635.14,"END_CASH":301197.86,"DIVI_RATIO":null,"DIVIDEND_RATE":null,"CURRENT_RATIO":4.208812956905,"COMMON_ACS":10000000000,"CURRENTDEBT_DEBT":76.539507852108,"ISSUED_COMMON_SHARES":1294705500,"HK_COMMON_SHARES":1294705500,"PER_SHARES":2000,"TOTAL_MARKET_CAP":72503508,"HKSK_MARKET_CAP":72503508,"PE_TTM":-9.003291692537,"PB_TTM":0.210033337196,"REPORT_DATE_SQ":"2023-06-30 00:00:00","REPORT_TYPE_SQ":"2023年中报","OPERATE_INCOME_SQ":29670648.42,"DPS_HKD":null,"OPERATE_INCOME_QOQ_SQ":0,"NET_PROFIT_RATIO_SQ":1.5432671491,"HOLDER_PROFIT_SQ":457897.37,"HOLDER_PROFIT_QOQ_SQ":0,"ROE_AVG_SQ":0.137959062929,"PE_TTM_SQ":-2.537311536452,"PB_TTM_SQ":0.108847869768,"ROA_SQ":0.119652934554,"START_DATE":"2024-04-01 00:00:00","FISCAL_YEAR":"3-31","CURRENCY":"HKD","IS_CNY_CODE":0,"DPS_HKD_LY":null,"ORG_TYPE":"一般企业","PREMIUM_INCOME":null,"PREMIUM_INCOME_YOY":null,"NET_INTEREST_INCOME":null,"NET_INTEREST_INCOME_YOY":null,"FEE_COMMISSION_INCOME":null,"FEE_COMMISSION_INCOME_YOY":null,"ACCOUNTS_RECE_TDAYS":3.004996979847,"INVENTORY_TDAYS":0.111953601256,"CURRENT_ASSETS_TDAYS":0.149335923962,"TOTAL_ASSETS_TDAYS":0.068635443502,"PREMIUM_EXPENSE":null,"LOAN_DEPOSIT":null,"LOAN_EQUITY":null,"LOAN_ASSETS":null,"DEPOSIT_EQUITY":null,"DEPOSIT_ASSETS":null,"EQUITY_MULTIPLIER":1.187415990729,"EQUITY_RATIO":0.18741599073},{"SECUCODE":"00986.HK","SECURITY_CODE":"00986","SECURITY_NAME_ABBR":"中国环保能源","ORG_CODE":"10009188","STD_REPORT_DATE":"2023-12-31 00:00:00","REPORT_DATE":"2024-03-31 00:00:00","DATE_TYPE_CODE":"001","REPORT_TYPE":"2023年年报","PER_NETCASH_OPERATE":-0.002931728374,"PER_OI":0.046249468006,"BPS":0.232468485072,"BASIC_EPS":-0.012963665,"DILUTED_EPS":null,"OPERATE_INCOME":59879440.6,"OPERATE_INCOME_YOY":-3.5342913892,"GROSS_PROFIT":27082274.7,"GROSS_PROFIT_YOY":10.361997159296,"HOLDER_PROFIT":-16782960.15,"HOLDER_PROFIT_YOY":-28.0201922412,"GROSS_PROFIT_RATIO":45.228002180101,"EPS_TTM":-0.010364351492,"OPERATE_INCOME_QOQ":0,"NET_PROFIT_RATIO":-28.0279173984,"ROE_AVG":-5.300271412375,"GROSS_PROFIT_QOQ":0,"ROA":-4.619813066388,"HOLDER_PROFIT_QOQ":0,"ROE_YEARLY":-5.300271412375,"ROIC_YEARLY":-4.62967362464,"TOTAL_ASSETS":351213787.9,"TOTAL_LIABILITIES":50235561.7,"TAX_EBT":0.398127723678,"OCF_SALES":-6.338945073578,"TOTAL_PARENT_EQUITY":300978226.2,"DEBT_ASSET_RATIO":14.3034138837,"OPERATE_PROFIT":-15349704.6,"PRETAX_PROFIT":-16850044.85,"NETCASH_OPERATE":-3795724.85,"NETCASH_INVEST":1813.1,"NETCASH_FINANCE":2888268.3,"END_CASH":320918.7,"DIVI_RATIO":null,"DIVIDEND_RATE":null,"CURRENT_RATIO":3.659873555499,"COMMON_ACS":10000000000,"CURRENTDEBT_DEBT":77.924351246977,"ISSUED_COMMON_SHARES":1294705500,"HK_COMMON_SHARES":1294705500,"PER_SHARES":2000,"TOTAL_MARKET_CAP":72503508,"HKSK_MARKET_CAP":72503508,"PE_TTM":-9.003291692537,"PB_TTM":0.210033337196,"REPORT_DATE_SQ":"2022-12-31 00:00:00","REPORT_TYPE_SQ":"2022年年报","OPERATE_INCOME_SQ":59941073.52,"DPS_HKD":null,"OPERATE_INCOME_QOQ_SQ":0,"NET_PROFIT_RATIO_SQ":-21.1195817268,"HOLDER_PROFIT_SQ":-12659304.01,"HOLDER_PROFIT_QOQ_SQ":0,"ROE_AVG_SQ":-3.904595142274,"PE_TTM_SQ":-2.621888587667,"PB_TTM_SQ":0.112476132093,"ROA_SQ":-3.463156810763,"START_DATE":"2023-04-01 00:00:00","FISCAL_YEAR":"3-31","CURRENCY":"HKD","IS_CNY_CODE":0,"DPS_HKD_LY":null,"ORG_TYPE":"一般企业","PREMIUM_INCOME":null,"PREMIUM_INCOME_YOY":null,"NET_INTEREST_INCOME":null,"NET_INTEREST_INCOME_YOY":null,"FEE_COMMISSION_INCOME":null,"FEE_COMMISSION_INCOME_YOY":null,"ACCOUNTS_RECE_TDAYS":3.856262953557,"INVENTORY_TDAYS":0.39881165635,"CURRENT_ASSETS_TDAYS":0.289621092371,"TOTAL_ASSETS_TDAYS":0.164828981073,"PREMIUM_EXPENSE":null,"LOAN_DEPOSIT":null,"LOAN_EQUITY":null,"LOAN_ASSETS":null,"DEPOSIT_EQUITY":null,"DEPOSIT_ASSETS":null,"EQUITY_MULTIPLIER":1.166907627619,"EQUITY_RATIO":0.166907627619},{"SECUCODE":"00986.HK","SECURITY_CODE":"00986","SECURITY_NAME_ABBR":"中国环保能源","ORG_CODE":"10009188","STD_REPORT_DATE":"2023-06-30 00:00:00","REPORT_DATE":"2023-09-30 00:00:00","DATE_TYPE_CODE":"002","REPORT_TYPE":"2023年中报","PER_NETCASH_OPERATE":0.002684766876,"PER_OI":0.022916909228,"BPS":0.252911701982,"BASIC_EPS":0.000367052,"DILUTED_EPS":0.000367052,"OPERATE_INCOME":29670648.42,"OPERATE_INCOME_YOY":-13.3206444522,"GROSS_PROFIT":13579088.74,"GROSS_PROFIT_YOY":6.299973499313,"HOLDER_PROFIT":457897.37,"HOLDER_PROFIT_YOY":-62.927191679,"GROSS_PROFIT_RATIO":45.766066679038,"EPS_TTM":-0.00977774792,"OPERATE_INCOME_QOQ":0,"NET_PROFIT_RATIO":1.5432671491,"ROE_AVG":0.137959062929,"GROSS_PROFIT_QOQ":0,"ROA":0.119652934554,"HOLDER_PROFIT_QOQ":0,"ROE_YEARLY":0.275918125858,"ROIC_YEARLY":0.242528223068,"TOTAL_ASSETS":385437634.68,"TOTAL_LIABILITIES":57991463.11,"TAX_EBT":61.850152905199,"OCF_SALES":11.715222366549,"TOTAL_PARENT_EQUITY":327446171.57,"DEBT_ASSET_RATIO":15.0456151378,"OPERATE_PROFIT":1909588.03,"PRETAX_PROFIT":1200260.04,"NETCASH_OPERATE":3475982.44,"NETCASH_INVEST":917.63,"NETCASH_FINANCE":4211004.07,"END_CASH":8927622.27,"DIVI_RATIO":null,"DIVIDEND_RATE":null,"CURRENT_RATIO":4.511655948553,"COMMON_ACS":10000000000,"CURRENTDEBT_DEBT":82.674810513157,"ISSUED_COMMON_SHARES":1294705500,"HK_COMMON_SHARES":1294705500,"PER_SHARES":2000,"TOTAL_MARKET_CAP":72503508,"HKSK_MARKET_CAP":72503508,"PE_TTM":-9.003291692537,"PB_TTM":0.210033337196,"REPORT_DATE_SQ":"2022-06-30 00:00:00","REPORT_TYPE_SQ":"2022年中报","OPERATE_INCOME_SQ":33738325.32,"DPS_HKD":null,"OPERATE_INCOME_QOQ_SQ":0,"NET_PROFIT_RATIO_SQ":3.6082888776,"HOLDER_PROFIT_SQ":1217376.24,"HOLDER_PROFIT_QOQ_SQ":0,"ROE_AVG_SQ":0.349991744251,"PE_TTM_SQ":-2.621888587667,"PB_TTM_SQ":0.112476132093,"ROA_SQ":0.312164078635,"START_DATE":"2023-04-01 00:00:00","FISCAL_YEAR":"3-31","CURRENCY":"HKD","IS_CNY_CODE":0,"DPS_HKD_LY":null,"ORG_TYPE":"一般企业","PREMIUM_INCOME":null,"PREMIUM_INCOME_YOY":null,"NET_INTEREST_INCOME":null,"NET_INTEREST_INCOME_YOY":null,"FEE_COMMISSION_INCOME":null,"FEE_COMMISSION_INCOME_YOY":null,"ACCOUNTS_RECE_TDAYS":1.808389261745,"INVENTORY_TDAYS":0.215068005936,"CURRENT_ASSETS_TDAYS":0.121143092644,"TOTAL_ASSETS_TDAYS":0.077532224166,"PREMIUM_EXPENSE":null,"LOAN_DEPOSIT":null,"LOAN_EQUITY":null,"LOAN_ASSETS":null,"DEPOSIT_EQUITY":null,"DEPOSIT_ASSETS":null,"EQUITY_MULTIPLIER":1.177102278619,"EQUITY_RATIO":0.177102278619},{"SECUCODE":"00986.HK","SECURITY_CODE":"00986","SECURITY_NAME_ABBR":"中国环保能源","ORG_CODE":"10009188","STD_REPORT_DATE":"2022-12-31 00:00:00","REPORT_DATE":"2023-03-31 00:00:00","DATE_TYPE_CODE":"001","REPORT_TYPE":"2022年年报","PER_NETCASH_OPERATE":-0.004582917876,"PER_OI":0.046297071821,"BPS":0.247850797915,"BASIC_EPS":-0.009804592,"DILUTED_EPS":null,"OPERATE_INCOME":59941073.52,"OPERATE_INCOME_YOY":-37.1280083007,"GROSS_PROFIT":24539493.12,"GROSS_PROFIT_YOY":7.366196438778,"HOLDER_PROFIT":-12659304.01,"HOLDER_PROFIT_YOY":-2494.2052980132,"GROSS_PROFIT_RATIO":40.939362075009,"EPS_TTM":0.000450626293,"OPERATE_INCOME_QOQ":0,"NET_PROFIT_RATIO":-21.1195817268,"ROE_AVG":-3.904595142274,"GROSS_PROFIT_QOQ":0,"ROA":-3.463156810763,"HOLDER_PROFIT_QOQ":0,"ROE_YEARLY":-3.904595142274,"ROIC_YEARLY":-3.511673198996,"TOTAL_ASSETS":362457382.63,"TOTAL_LIABILITIES":41563591.39,"TAX_EBT":-7.070931437879,"OCF_SALES":-9.898936791681,"TOTAL_PARENT_EQUITY":320893791.24,"DEBT_ASSET_RATIO":11.4671664537,"OPERATE_PROFIT":-10900605.32,"PRETAX_PROFIT":-11823287.46,"NETCASH_OPERATE":-7402466.96,"NETCASH_INVEST":88416.41,"NETCASH_FINANCE":-417570.57,"END_CASH":1184429.73,"DIVI_RATIO":null,"DIVIDEND_RATE":null,"CURRENT_RATIO":7.752867434784,"COMMON_ACS":10000000000,"CURRENTDEBT_DEBT":80.981065313086,"ISSUED_COMMON_SHARES":1294705500,"HK_COMMON_SHARES":1294705500,"PER_SHARES":2000,"TOTAL_MARKET_CAP":72503508,"HKSK_MARKET_CAP":72503508,"PE_TTM":-9.003291692537,"PB_TTM":0.210033337196,"REPORT_DATE_SQ":"2021-12-31 00:00:00","REPORT_TYPE_SQ":"2021年年报","OPERATE_INCOME_SQ":88324666.07,"DPS_HKD":null,"OPERATE_INCOME_QOQ_SQ":0,"NET_PROFIT_RATIO_SQ":0.5546016326,"HOLDER_PROFIT_SQ":489850.04,"HOLDER_PROFIT_QOQ_SQ":0,"ROE_AVG_SQ":0.17671411226,"PE_TTM_SQ":-2.621888587667,"PB_TTM_SQ":0.112476132093,"ROA_SQ":0.154646566027,"START_DATE":"2022-04-01 00:00:00","FISCAL_YEAR":"3-31","CURRENCY":"HKD","IS_CNY_CODE":0,"DPS_HKD_LY":null,"ORG_TYPE":"一般企业","PREMIUM_INCOME":null,"PREMIUM_INCOME_YOY":null,"NET_INTEREST_INCOME":null,"NET_INTEREST_INCOME_YOY":null,"FEE_COMMISSION_INCOME":null,"FEE_COMMISSION_INCOME_YOY":null,"ACCOUNTS_RECE_TDAYS":4.205896805897,"INVENTORY_TDAYS":0.515918325689,"CURRENT_ASSETS_TDAYS":0.269734094938,"TOTAL_ASSETS_TDAYS":0.163978475311,"PREMIUM_EXPENSE":null,"LOAN_DEPOSIT":null,"LOAN_EQUITY":null,"LOAN_ASSETS":null,"DEPOSIT_EQUITY":null,"DEPOSIT_ASSETS":null,"EQUITY_MULTIPLIER":1.129524448663,"EQUITY_RATIO":0.129524448664},{"SECUCODE":"00986.HK","SECURITY_CODE":"00986","SECURITY_NAME_ABBR":"中国环保能源","ORG_CODE":"10009188","STD_REPORT_DATE":"2022-06-30 00:00:00","REPORT_DATE":"2022-09-30 00:00:00","DATE_TYPE_CODE":"002","REPORT_TYPE":"2022年中报","PER_NETCASH_OPERATE":-0.001782745868,"PER_OI":0.026058686952,"BPS":0.275939999884,"BASIC_EPS":0.000994884,"DILUTED_EPS":0.000994884,"OPERATE_INCOME":33738325.32,"OPERATE_INCOME_YOY":-13.0121493366,"GROSS_PROFIT":12774310.56,"GROSS_PROFIT_YOY":20.155166042558,"HOLDER_PROFIT":1217376.24,"HOLDER_PROFIT_YOY":-0.2223869533,"GROSS_PROFIT_RATIO":37.862906468649,"EPS_TTM":0.000378348621,"OPERATE_INCOME_QOQ":0,"NET_PROFIT_RATIO":3.6082888776,"ROE_AVG":0.349991744251,"GROSS_PROFIT_QOQ":0,"ROA":0.312164078635,"HOLDER_PROFIT_QOQ":0,"ROE_YEARLY":0.699983488502,"ROIC_YEARLY":0.63484352357,"TOTAL_ASSETS":399107665.44,"TOTAL_LIABILITIES":41846629.92,"TAX_EBT":50,"OCF_SALES":-6.84127281988,"TOTAL_PARENT_EQUITY":357261035.52,"DEBT_ASSET_RATIO":10.4850479065,"OPERATE_PROFIT":2910487.92,"PRETAX_PROFIT":2434752.48,"NETCASH_OPERATE":-2308130.88,"NETCASH_INVEST":null,"NETCASH_FINANCE":-3195386.52,"END_CASH":3708204,"DIVI_RATIO":null,"DIVIDEND_RATE":null,"CURRENT_RATIO":10.554225529315,"COMMON_ACS":10000000000,"CURRENTDEBT_DEBT":60.125788882165,"ISSUED_COMMON_SHARES":1294705500,"HK_COMMON_SHARES":1294705500,"PER_SHARES":2000,"TOTAL_MARKET_CAP":72503508,"HKSK_MARKET_CAP":72503508,"PE_TTM":-9.003291692537,"PB_TTM":0.210033337196,"REPORT_DATE_SQ":"2021-06-30 00:00:00","REPORT_TYPE_SQ":"2021年中报","OPERATE_INCOME_SQ":35724111.98,"DPS_HKD":null,"OPERATE_INCOME_QOQ_SQ":0,"NET_PROFIT_RATIO_SQ":3.1457687195,"HOLDER_PROFIT_SQ":1123797.94,"HOLDER_PROFIT_QOQ_SQ":0,"ROE_AVG_SQ":0.393426941142,"PE_TTM_SQ":-2.621888587667,"PB_TTM_SQ":0.112476132093,"ROA_SQ":0.34640727635,"START_DATE":"2022-04-01 00:00:00","FISCAL_YEAR":"3-31","CURRENCY":"HKD","IS_CNY_CODE":0,"DPS_HKD_LY":null,"ORG_TYPE":"一般企业","PREMIUM_INCOME":null,"PREMIUM_INCOME_YOY":null,"NET_INTEREST_INCOME":null,"NET_INTEREST_INCOME_YOY":null,"FEE_COMMISSION_INCOME":null,"FEE_COMMISSION_INCOME_YOY":null,"ACCOUNTS_RECE_TDAYS":2.674241881138,"INVENTORY_TDAYS":0.287272344196,"CURRENT_ASSETS_TDAYS":0.148257812717,"TOTAL_ASSETS_TDAYS":0.086513050708,"PREMIUM_EXPENSE":null,"LOAN_DEPOSIT":null,"LOAN_EQUITY":null,"LOAN_ASSETS":null,"DEPOSIT_EQUITY":null,"DEPOSIT_ASSETS":null,"EQUITY_MULTIPLIER":1.117131804925,"EQUITY_RATIO":0.117131804925},{"SECUCODE":"00986.HK","SECURITY_CODE":"00986","SECURITY_NAME_ABBR":"中国环保能源","ORG_CODE":"10009188","STD_REPORT_DATE":"2021-12-31 00:00:00","REPORT_DATE":"2022-03-31 00:00:00","DATE_TYPE_CODE":"001","REPORT_TYPE":"2021年年报","PER_NETCASH_OPERATE":-0.033970514334,"PER_OI":0.070700710988,"BPS":0.234371310333,"BASIC_EPS":0.000486606,"DILUTED_EPS":0.000486606,"OPERATE_INCOME":88324666.07,"OPERATE_INCOME_YOY":3.0818449423,"GROSS_PROFIT":22855883.82,"GROSS_PROFIT_YOY":15.045616694724,"HOLDER_PROFIT":489850.04,"HOLDER_PROFIT_YOY":-86.4178097594,"GROSS_PROFIT_RATIO":25.877124519085,"EPS_TTM":0.006052732708,"OPERATE_INCOME_QOQ":0,"NET_PROFIT_RATIO":0.5546016326,"ROE_AVG":0.17671411226,"GROSS_PROFIT_QOQ":0,"ROA":0.154646566027,"HOLDER_PROFIT_QOQ":0,"ROE_YEARLY":0.17671411226,"ROIC_YEARLY":0.157001989818,"TOTAL_ASSETS":341509011.91,"TOTAL_LIABILITIES":38067187.38,"TAX_EBT":59.133964817321,"OCF_SALES":-48.04833481778,"TOTAL_PARENT_EQUITY":303441824.53,"DEBT_ASSET_RATIO":11.1467592516,"OPERATE_PROFIT":2214868.31,"PRETAX_PROFIT":1198672.78,"NETCASH_OPERATE":-42437720.27,"NETCASH_INVEST":811.01,"NETCASH_FINANCE":49452956.77,"END_CASH":8260136.85,"DIVI_RATIO":null,"DIVIDEND_RATE":null,"CURRENT_RATIO":7.259220779221,"COMMON_ACS":10000000000,"CURRENTDEBT_DEBT":61.517320720951,"ISSUED_COMMON_SHARES":1294705500,"HK_COMMON_SHARES":1294705500,"PER_SHARES":2000,"TOTAL_MARKET_CAP":72503508,"HKSK_MARKET_CAP":72503508,"PE_TTM":-9.003291692537,"PB_TTM":0.210033337196,"REPORT_DATE_SQ":"2020-12-31 00:00:00","REPORT_TYPE_SQ":"2020年年报","OPERATE_INCOME_SQ":89294112.18,"DPS_HKD":null,"OPERATE_INCOME_QOQ_SQ":0,"NET_PROFIT_RATIO_SQ":4.2091414184,"HOLDER_PROFIT_SQ":3758515.46,"HOLDER_PROFIT_QOQ_SQ":0,"ROE_AVG_SQ":1.46307680413,"PE_TTM_SQ":-2.621888587667,"PB_TTM_SQ":0.112476132093,"ROA_SQ":1.265835395855,"START_DATE":"2021-04-01 00:00:00","FISCAL_YEAR":"3-31","CURRENCY":"HKD","IS_CNY_CODE":0,"DPS_HKD_LY":null,"ORG_TYPE":"一般企业","PREMIUM_INCOME":null,"PREMIUM_INCOME_YOY":null,"NET_INTEREST_INCOME":null,"NET_INTEREST_INCOME_YOY":null,"FEE_COMMISSION_INCOME":null,"FEE_COMMISSION_INCOME_YOY":null,"ACCOUNTS_RECE_TDAYS":8.388754092047,"INVENTORY_TDAYS":1.35065043711,"CURRENT_ASSETS_TDAYS":0.576393721999,"TOTAL_ASSETS_TDAYS":0.278842608713,"PREMIUM_EXPENSE":null,"LOAN_DEPOSIT":null,"LOAN_EQUITY":null,"LOAN_ASSETS":null,"DEPOSIT_EQUITY":null,"DEPOSIT_ASSETS":null,"EQUITY_MULTIPLIER":1.125451352789,"EQUITY_RATIO":0.125451352789},{"SECUCODE":"00986.HK","SECURITY_CODE":"00986","SECURITY_NAME_ABBR":"中国环保能源","ORG_CODE":"10009188","STD_REPORT_DATE":"2021-06-30 00:00:00","REPORT_DATE":"2021-09-30 00:00:00","DATE_TYPE_CODE":"002","REPORT_TYPE":"2021年中报","PER_NETCASH_OPERATE":-0.0033228363,"PER_OI":0.028595863747,"BPS":0.242145519518,"BASIC_EPS":0.001582814,"DILUTED_EPS":0.001582814,"OPERATE_INCOME":35724111.98,"OPERATE_INCOME_YOY":16.7329050523,"GROSS_PROFIT":10631511.72,"GROSS_PROFIT_YOY":10.785291295834,"HOLDER_PROFIT":1123797.94,"HOLDER_PROFIT_YOY":144.244014431,"GROSS_PROFIT_RATIO":29.760044772987,"EPS_TTM":0.006017112254,"OPERATE_INCOME_QOQ":0,"NET_PROFIT_RATIO":3.1457687195,"ROE_AVG":0.393426941142,"GROSS_PROFIT_QOQ":0,"ROA":0.34640727635,"HOLDER_PROFIT_QOQ":0,"ROE_YEARLY":0.786853882284,"ROIC_YEARLY":0.741972166418,"TOTAL_ASSETS":348891359.42,"TOTAL_LIABILITIES":35384223.5,"TAX_EBT":14.674256799494,"OCF_SALES":-11.619989273139,"TOTAL_PARENT_EQUITY":313507135.92,"DEBT_ASSET_RATIO":10.1419030723,"OPERATE_PROFIT":1927700.84,"PRETAX_PROFIT":1317067.86,"NETCASH_OPERATE":-4151137.98,"NETCASH_INVEST":null,"NETCASH_FINANCE":44582038.96,"END_CASH":41710481.14,"DIVI_RATIO":null,"DIVIDEND_RATE":null,"CURRENT_RATIO":11.649942329873,"COMMON_ACS":10000000000,"CURRENTDEBT_DEBT":57.153619776339,"ISSUED_COMMON_SHARES":1294705500,"HK_COMMON_SHARES":1294705500,"PER_SHARES":2000,"TOTAL_MARKET_CAP":72503508,"HKSK_MARKET_CAP":72503508,"PE_TTM":-9.003291692537,"PB_TTM":0.210033337196,"REPORT_DATE_SQ":"2020-06-30 00:00:00","REPORT_TYPE_SQ":"2020年中报","OPERATE_INCOME_SQ":32280657.92,"DPS_HKD":null,"OPERATE_INCOME_QOQ_SQ":0,"NET_PROFIT_RATIO_SQ":-8.299760453,"HOLDER_PROFIT_SQ":-2679217.28,"HOLDER_PROFIT_QOQ_SQ":0,"ROE_AVG_SQ":-1.016599343495,"PE_TTM_SQ":-2.621888587667,"PB_TTM_SQ":0.112476132093,"ROA_SQ":-0.879386477234,"START_DATE":"2021-04-01 00:00:00","FISCAL_YEAR":"3-31","CURRENCY":"HKD","IS_CNY_CODE":0,"DPS_HKD_LY":null,"ORG_TYPE":"一般企业","PREMIUM_INCOME":null,"PREMIUM_INCOME_YOY":null,"NET_INTEREST_INCOME":null,"NET_INTEREST_INCOME_YOY":null,"FEE_COMMISSION_INCOME":null,"FEE_COMMISSION_INCOME_YOY":null,"ACCOUNTS_RECE_TDAYS":2.545287274454,"INVENTORY_TDAYS":0.665238468589,"CURRENT_ASSETS_TDAYS":0.190128465179,"TOTAL_ASSETS_TDAYS":0.110118482074,"PREMIUM_EXPENSE":null,"LOAN_DEPOSIT":null,"LOAN_EQUITY":null,"LOAN_ASSETS":null,"DEPOSIT_EQUITY":null,"DEPOSIT_ASSETS":null,"EQUITY_MULTIPLIER":1.112865767461,"EQUITY_RATIO":0.112865767461},{"SECUCODE":"00986.HK","SECURITY_CODE":"00986","SECURITY_NAME_ABBR":"中国环保能源","ORG_CODE":"10009188","STD_REPORT_DATE":"2020-12-31 00:00:00","REPORT_DATE":"2021-03-31 00:00:00","DATE_TYPE_CODE":"001","REPORT_TYPE":"2020年年报","PER_NETCASH_OPERATE":-0.025279448672,"PER_OI":0.142953435299,"BPS":0.201999577247,"BASIC_EPS":0.00549367,"DILUTED_EPS":0.005240116,"OPERATE_INCOME":89294112.18,"OPERATE_INCOME_YOY":16.6847057784,"GROSS_PROFIT":19866801.08,"GROSS_PROFIT_YOY":4.887809678063,"HOLDER_PROFIT":3758515.46,"HOLDER_PROFIT_YOY":115.120193125,"GROSS_PROFIT_RATIO":22.248724574306,"EPS_TTM":-0.038142405722,"OPERATE_INCOME_QOQ":0,"NET_PROFIT_RATIO":4.2091414184,"ROE_AVG":1.46307680413,"GROSS_PROFIT_QOQ":0,"ROA":1.265835395855,"HOLDER_PROFIT_QOQ":0,"ROE_YEARLY":1.46307680413,"ROIC_YEARLY":1.282199143086,"TOTAL_ASSETS":304302833.1,"TOTAL_LIABILITIES":42772869.44,"TAX_EBT":0.536792663834,"OCF_SALES":-17.683694427881,"TOTAL_PARENT_EQUITY":261529963.66,"DEBT_ASSET_RATIO":14.0560207752,"OPERATE_PROFIT":4847107.3,"PRETAX_PROFIT":3778799.78,"NETCASH_OPERATE":-15790497.94,"NETCASH_INVEST":4226745.18,"NETCASH_FINANCE":6578035.94,"END_CASH":1298196.48,"DIVI_RATIO":null,"DIVIDEND_RATE":null,"CURRENT_RATIO":4.88294692859,"COMMON_ACS":10000000000,"CURRENTDEBT_DEBT":68.097929181157,"ISSUED_COMMON_SHARES":1294705500,"HK_COMMON_SHARES":1294705500,"PER_SHARES":2000,"TOTAL_MARKET_CAP":72503508,"HKSK_MARKET_CAP":72503508,"PE_TTM":-9.003291692537,"PB_TTM":0.210033337196,"REPORT_DATE_SQ":"2019-12-31 00:00:00","REPORT_TYPE_SQ":"2019年年报","OPERATE_INCOME_SQ":82730052.8,"DPS_HKD":null,"OPERATE_INCOME_QOQ_SQ":0,"NET_PROFIT_RATIO_SQ":-32.4825499205,"HOLDER_PROFIT_SQ":-26872830.7,"HOLDER_PROFIT_QOQ_SQ":0,"ROE_AVG_SQ":-9.631235448029,"PE_TTM_SQ":-2.621888587667,"PB_TTM_SQ":0.112476132093,"ROA_SQ":-7.507392909699,"START_DATE":"2020-04-01 00:00:00","FISCAL_YEAR":"3-31","CURRENCY":"HKD","IS_CNY_CODE":0,"DPS_HKD_LY":null,"ORG_TYPE":"一般企业","PREMIUM_INCOME":null,"PREMIUM_INCOME_YOY":null,"NET_INTEREST_INCOME":null,"NET_INTEREST_INCOME_YOY":null,"FEE_COMMISSION_INCOME":null,"FEE_COMMISSION_INCOME_YOY":null,"ACCOUNTS_RECE_TDAYS":10.746173015308,"INVENTORY_TDAYS":3.33732834972,"CURRENT_ASSETS_TDAYS":0.484693198761,"TOTAL_ASSETS_TDAYS":0.300734822144,"PREMIUM_EXPENSE":null,"LOAN_DEPOSIT":null,"LOAN_EQUITY":null,"LOAN_ASSETS":null,"DEPOSIT_EQUITY":null,"DEPOSIT_ASSETS":null,"EQUITY_MULTIPLIER":1.163548638334,"EQUITY_RATIO":0.163548638333},{"SECUCODE":"00986.HK","SECURITY_CODE":"00986","SECURITY_NAME_ABBR":"中国环保能源","ORG_CODE":"10009188","STD_REPORT_DATE":"2020-06-30 00:00:00","REPORT_DATE":"2020-09-30 00:00:00","DATE_TYPE_CODE":"002","REPORT_TYPE":"2020年中报","PER_NETCASH_OPERATE":0.00079482356,"PER_OI":0.051679005824,"BPS":0.204549428237,"BASIC_EPS":-0.003866368,"DILUTED_EPS":-0.003866368,"OPERATE_INCOME":32280657.92,"OPERATE_INCOME_YOY":-41.9221222709,"GROSS_PROFIT":9596501.12,"GROSS_PROFIT_YOY":-3.387045518832,"HOLDER_PROFIT":-2679217.28,"HOLDER_PROFIT_YOY":51.9766892424,"GROSS_PROFIT_RATIO":29.728331881533,"EPS_TTM":-0.043021464361,"OPERATE_INCOME_QOQ":0,"NET_PROFIT_RATIO":-8.299760453,"ROE_AVG":-1.016599343495,"GROSS_PROFIT_QOQ":0,"ROA":-0.879386477234,"HOLDER_PROFIT_QOQ":0,"ROE_YEARLY":-2.03319868699,"ROIC_YEARLY":-1.822706111804,"TOTAL_ASSETS":308311214.08,"TOTAL_LIABILITIES":43479944.32,"TAX_EBT":-33.845478489903,"OCF_SALES":1.53800087108,"TOTAL_PARENT_EQUITY":264831269.76,"DEBT_ASSET_RATIO":14.1026152583,"OPERATE_PROFIT":-1119489.28,"PRETAX_PROFIT":-2001724.16,"NETCASH_OPERATE":496476.8,"NETCASH_INVEST":1757.44,"NETCASH_FINANCE":7814456.96,"END_CASH":14844216.96,"DIVI_RATIO":null,"DIVIDEND_RATE":null,"CURRENT_RATIO":7.053604060914,"COMMON_ACS":10000000000,"CURRENTDEBT_DEBT":59.719892483984,"ISSUED_COMMON_SHARES":1294705500,"HK_COMMON_SHARES":1294705500,"PER_SHARES":2000,"TOTAL_MARKET_CAP":72503508,"HKSK_MARKET_CAP":72503508,"PE_TTM":-9.003291692537,"PB_TTM":0.210033337196,"REPORT_DATE_SQ":"2019-06-30 00:00:00","REPORT_TYPE_SQ":"2019年中报","OPERATE_INCOME_SQ":57054838.53,"DPS_HKD":null,"OPERATE_INCOME_QOQ_SQ":0,"NET_PROFIT_RATIO_SQ":-10.0374685786,"HOLDER_PROFIT_SQ":-5726861.49,"HOLDER_PROFIT_QOQ_SQ":0,"ROE_AVG_SQ":-2.027145680542,"PE_TTM_SQ":-2.621888587667,"PB_TTM_SQ":0.112476132093,"ROA_SQ":-1.469708245899,"START_DATE":"2020-04-01 00:00:00","FISCAL_YEAR":"3-31","CURRENCY":"HKD","IS_CNY_CODE":0,"DPS_HKD_LY":null,"ORG_TYPE":"一般企业","PREMIUM_INCOME":null,"PREMIUM_INCOME_YOY":null,"NET_INTEREST_INCOME":null,"NET_INTEREST_INCOME_YOY":null,"FEE_COMMISSION_INCOME":null,"FEE_COMMISSION_INCOME_YOY":null,"ACCOUNTS_RECE_TDAYS":27.725283018868,"INVENTORY_TDAYS":1.485798152465,"CURRENT_ASSETS_TDAYS":0.154319548501,"TOTAL_ASSETS_TDAYS":0.105953235906,"PREMIUM_EXPENSE":null,"LOAN_DEPOSIT":null,"LOAN_EQUITY":null,"LOAN_ASSETS":null,"DEPOSIT_EQUITY":null,"DEPOSIT_ASSETS":null,"EQUITY_MULTIPLIER":1.164179797798,"EQUITY_RATIO":0.164179797799}],"count":47},"success":true,"message":"ok","code":0}