{"version":"567c3832a48d45ba84518382bd3a4b08","result":{"pages":6,"data":[{"SECUCODE":"00980.HK","SECURITY_CODE":"00980","SECURITY_NAME_ABBR":"联华超市","ORG_CODE":"10005066","STD_REPORT_DATE":"2024-06-30 00:00:00","REPORT_DATE":"2024-06-30 00:00:00","DATE_TYPE_CODE":"002","REPORT_TYPE":"2024年中报","PER_NETCASH_OPERATE":0.642848338692,"PER_OI":9.732535727045,"BPS":0.015467131118,"BASIC_EPS":-0.049,"DILUTED_EPS":null,"OPERATE_INCOME":10896547000,"OPERATE_INCOME_YOY":-7.4364409263,"GROSS_PROFIT":1251896000,"GROSS_PROFIT_YOY":-15.8209284405,"HOLDER_PROFIT":-54809000,"HOLDER_PROFIT_YOY":52.937893372,"GROSS_PROFIT_RATIO":11.488923968299,"EPS_TTM":-0.651719364059,"OPERATE_INCOME_QOQ":-4.009066912305,"NET_PROFIT_RATIO":-0.2555855538,"ROE_AVG":-122.556264883781,"GROSS_PROFIT_QOQ":-8.460262805134,"ROA":-0.267413336445,"HOLDER_PROFIT_QOQ":7.791062241807,"ROE_YEARLY":-245.112529767561,"ROIC_YEARLY":-0.668206520058,"TOTAL_ASSETS":20002829000,"TOTAL_LIABILITIES":19587408000,"TAX_EBT":258.943043031617,"OCF_SALES":6.605147483877,"TOTAL_PARENT_EQUITY":17317000,"DEBT_ASSET_RATIO":97.9231887649,"OPERATE_PROFIT":120933000,"PRETAX_PROFIT":17522000,"NETCASH_OPERATE":719733000,"NETCASH_INVEST":-494481000,"NETCASH_FINANCE":-299395000,"END_CASH":2373477000,"DIVI_RATIO":null,"DIVIDEND_RATE":null,"CURRENT_RATIO":0.522521243119,"COMMON_ACS":null,"CURRENTDEBT_DEBT":78.585522903286,"ISSUED_COMMON_SHARES":1119600000,"HK_COMMON_SHARES":372600000,"PER_SHARES":1000,"TOTAL_MARKET_CAP":386262000,"HKSK_MARKET_CAP":128547000,"PE_TTM":-0.478673269483,"PB_TTM":20.357660227522,"REPORT_DATE_SQ":"2023-06-30 00:00:00","REPORT_TYPE_SQ":"2023年中报","OPERATE_INCOME_SQ":11771962000,"DPS_HKD":null,"OPERATE_INCOME_QOQ_SQ":-7.345779793007,"NET_PROFIT_RATIO_SQ":-0.6030090821,"HOLDER_PROFIT_SQ":-116461000,"HOLDER_PROFIT_QOQ_SQ":-61.802528489188,"ROE_AVG_SQ":-14.463386994117,"PE_TTM_SQ":-0.712621618941,"PB_TTM_SQ":0.33441798,"ROA_SQ":-0.522174960648,"START_DATE":"2024-01-01 00:00:00","FISCAL_YEAR":"12-31","CURRENCY":"HKD","IS_CNY_CODE":0,"DPS_HKD_LY":null,"ORG_TYPE":"一般企业","PREMIUM_INCOME":null,"PREMIUM_INCOME_YOY":null,"NET_INTEREST_INCOME":null,"NET_INTEREST_INCOME_YOY":null,"FEE_COMMISSION_INCOME":null,"FEE_COMMISSION_INCOME_YOY":null,"ACCOUNTS_RECE_TDAYS":41.915277382427,"INVENTORY_TDAYS":4.425187085052,"CURRENT_ASSETS_TDAYS":1.392903960539,"TOTAL_ASSETS_TDAYS":0.531642976337,"PREMIUM_EXPENSE":null,"LOAN_DEPOSIT":null,"LOAN_EQUITY":null,"LOAN_ASSETS":null,"DEPOSIT_EQUITY":null,"DEPOSIT_ASSETS":null,"EQUITY_MULTIPLIER":48.150741054319,"EQUITY_RATIO":1131.10862158572},{"SECUCODE":"00980.HK","SECURITY_CODE":"00980","SECURITY_NAME_ABBR":"联华超市","ORG_CODE":"10005066","STD_REPORT_DATE":"2023-12-31 00:00:00","REPORT_DATE":"2023-12-31 00:00:00","DATE_TYPE_CODE":"001","REPORT_TYPE":"2023年年报","PER_NETCASH_OPERATE":0.743106466595,"PER_OI":19.503285994998,"BPS":0.064421221865,"BASIC_EPS":-0.71,"DILUTED_EPS":null,"OPERATE_INCOME":21835879000,"OPERATE_INCOME_YOY":-11.5289953615,"GROSS_PROFIT":2781072000,"GROSS_PROFIT_YOY":-17.775593199292,"HOLDER_PROFIT":-791317000,"HOLDER_PROFIT_YOY":-283.154260702,"GROSS_PROFIT_RATIO":12.736249362803,"EPS_TTM":-0.706785459093,"OPERATE_INCOME_QOQ":-4.514867816247,"NET_PROFIT_RATIO":-3.2708827522,"ROE_AVG":-169.162723433547,"GROSS_PROFIT_QOQ":-9.426588421429,"ROA":-3.603694233227,"HOLDER_PROFIT_QOQ":-130.965932308267,"ROE_YEARLY":-169.162723433547,"ROIC_YEARLY":-4.546470445072,"TOTAL_ASSETS":20989143000,"TOTAL_LIABILITIES":20540796000,"TAX_EBT":-21.180748198558,"OCF_SALES":3.810160332909,"TOTAL_PARENT_EQUITY":72126000,"DEBT_ASSET_RATIO":97.8639099271,"OPERATE_PROFIT":4650000,"PRETAX_PROFIT":-589389000,"NETCASH_OPERATE":831982000,"NETCASH_INVEST":-904307000,"NETCASH_FINANCE":-679000000,"END_CASH":2447620000,"DIVI_RATIO":null,"DIVIDEND_RATE":null,"CURRENT_RATIO":0.471982448484,"COMMON_ACS":null,"CURRENTDEBT_DEBT":78.419599707821,"ISSUED_COMMON_SHARES":1119600000,"HK_COMMON_SHARES":372600000,"PER_SHARES":1000,"TOTAL_MARKET_CAP":352674000,"HKSK_MARKET_CAP":117369000,"PE_TTM":-0.437049506919,"PB_TTM":18.58742890339,"REPORT_DATE_SQ":"2022-12-31 00:00:00","REPORT_TYPE_SQ":"2022年年报","OPERATE_INCOME_SQ":24681396000,"DPS_HKD":null,"OPERATE_INCOME_QOQ_SQ":-1.692384589982,"NET_PROFIT_RATIO_SQ":-0.5379112267,"HOLDER_PROFIT_SQ":-206527000,"HOLDER_PROFIT_QOQ_SQ":50.659666881041,"ROE_AVG_SQ":-22.915982379064,"PE_TTM_SQ":-1.001203927437,"PB_TTM_SQ":0.469843442975,"ROA_SQ":-0.925512719457,"START_DATE":"2023-01-01 00:00:00","FISCAL_YEAR":"12-31","CURRENCY":"HKD","IS_CNY_CODE":0,"DPS_HKD_LY":null,"ORG_TYPE":"一般企业","PREMIUM_INCOME":null,"PREMIUM_INCOME_YOY":null,"NET_INTEREST_INCOME":null,"NET_INTEREST_INCOME_YOY":null,"FEE_COMMISSION_INCOME":null,"FEE_COMMISSION_INCOME_YOY":null,"ACCOUNTS_RECE_TDAYS":90.759900161894,"INVENTORY_TDAYS":6.969138892084,"CURRENT_ASSETS_TDAYS":2.49083288342,"TOTAL_ASSETS_TDAYS":0.994416033394,"PREMIUM_EXPENSE":null,"LOAN_DEPOSIT":null,"LOAN_EQUITY":null,"LOAN_ASSETS":null,"DEPOSIT_EQUITY":null,"DEPOSIT_ASSETS":null,"EQUITY_MULTIPLIER":46.814505281717,"EQUITY_RATIO":284.790450045753},{"SECUCODE":"00980.HK","SECURITY_CODE":"00980","SECURITY_NAME_ABBR":"联华超市","ORG_CODE":"10005066","STD_REPORT_DATE":"2023-06-30 00:00:00","REPORT_DATE":"2023-06-30 00:00:00","DATE_TYPE_CODE":"002","REPORT_TYPE":"2023年中报","PER_NETCASH_OPERATE":0.627355305466,"PER_OI":10.514435512683,"BPS":0.667186495177,"BASIC_EPS":-0.104,"DILUTED_EPS":null,"OPERATE_INCOME":11771962000,"OPERATE_INCOME_YOY":-13.3459006229,"GROSS_PROFIT":1487182000,"GROSS_PROFIT_YOY":-17.331013474452,"HOLDER_PROFIT":-116461000,"HOLDER_PROFIT_YOY":-908.5323521244,"GROSS_PROFIT_RATIO":12.633255187198,"EPS_TTM":-0.306012861736,"OPERATE_INCOME_QOQ":-7.345779793007,"NET_PROFIT_RATIO":-0.6030090821,"ROE_AVG":-14.463386994117,"GROSS_PROFIT_QOQ":-9.217942255185,"ROA":-0.522174960648,"HOLDER_PROFIT_QOQ":-61.802528489188,"ROE_YEARLY":-28.926773988233,"ROIC_YEARLY":-1.351442068327,"TOTAL_ASSETS":21678276000,"TOTAL_LIABILITIES":20506453000,"TAX_EBT":872.342508976172,"OCF_SALES":5.966609474275,"TOTAL_PARENT_EQUITY":746982000,"DEBT_ASSET_RATIO":94.5944825133,"OPERATE_PROFIT":203172000,"PRETAX_PROFIT":9191000,"NETCASH_OPERATE":702387000,"NETCASH_INVEST":-1265924000,"NETCASH_FINANCE":-107714000,"END_CASH":2527694000,"DIVI_RATIO":null,"DIVIDEND_RATE":null,"CURRENT_RATIO":0.51266515683,"COMMON_ACS":null,"CURRENTDEBT_DEBT":76.458668888276,"ISSUED_COMMON_SHARES":1119600000,"HK_COMMON_SHARES":372600000,"PER_SHARES":1000,"TOTAL_MARKET_CAP":352674000,"HKSK_MARKET_CAP":117369000,"PE_TTM":-0.437049506919,"PB_TTM":18.58742890339,"REPORT_DATE_SQ":"2022-06-30 00:00:00","REPORT_TYPE_SQ":"2022年中报","OPERATE_INCOME_SQ":13585003000,"DPS_HKD":null,"OPERATE_INCOME_QOQ_SQ":1.399986970741,"NET_PROFIT_RATIO_SQ":0.4425909954,"HOLDER_PROFIT_SQ":14404000,"HOLDER_PROFIT_QOQ_SQ":-1.508353063894,"ROE_AVG_SQ":1.321452478833,"PE_TTM_SQ":-1.001203927437,"PB_TTM_SQ":0.469843442975,"ROA_SQ":0.060156083521,"START_DATE":"2023-01-01 00:00:00","FISCAL_YEAR":"12-31","CURRENCY":"HKD","IS_CNY_CODE":0,"DPS_HKD_LY":null,"ORG_TYPE":"一般企业","PREMIUM_INCOME":null,"PREMIUM_INCOME_YOY":null,"NET_INTEREST_INCOME":null,"NET_INTEREST_INCOME_YOY":null,"FEE_COMMISSION_INCOME":null,"FEE_COMMISSION_INCOME_YOY":null,"ACCOUNTS_RECE_TDAYS":49.902551515691,"INVENTORY_TDAYS":3.996562532969,"CURRENT_ASSETS_TDAYS":1.310299502687,"TOTAL_ASSETS_TDAYS":0.527818221902,"PREMIUM_EXPENSE":null,"LOAN_DEPOSIT":null,"LOAN_EQUITY":null,"LOAN_ASSETS":null,"DEPOSIT_EQUITY":null,"DEPOSIT_ASSETS":null,"EQUITY_MULTIPLIER":18.499616409723,"EQUITY_RATIO":27.45240581433},{"SECUCODE":"00980.HK","SECURITY_CODE":"00980","SECURITY_NAME_ABBR":"联华超市","ORG_CODE":"10005066","STD_REPORT_DATE":"2022-12-31 00:00:00","REPORT_DATE":"2022-12-31 00:00:00","DATE_TYPE_CODE":"001","REPORT_TYPE":"2022年年报","PER_NETCASH_OPERATE":1.558182386567,"PER_OI":22.044833869239,"BPS":0.73074401572,"BASIC_EPS":-0.18,"DILUTED_EPS":null,"OPERATE_INCOME":24681396000,"OPERATE_INCOME_YOY":-0.316090783,"GROSS_PROFIT":3382295000,"GROSS_PROFIT_YOY":10.47009712486,"HOLDER_PROFIT":-206527000,"HOLDER_PROFIT_YOY":49.9154404547,"GROSS_PROFIT_RATIO":13.703823722127,"EPS_TTM":-0.189127366917,"OPERATE_INCOME_QOQ":-1.692384589982,"NET_PROFIT_RATIO":-0.5379112267,"ROE_AVG":-22.915982379064,"GROSS_PROFIT_QOQ":4.32870855902,"ROA":-0.925512719457,"HOLDER_PROFIT_QOQ":50.659666881041,"ROE_YEARLY":-22.915982379064,"ROIC_YEARLY":-1.132027346426,"TOTAL_ASSETS":22988706000,"TOTAL_LIABILITIES":21742435000,"TAX_EBT":-430.608348888512,"OCF_SALES":7.068242817384,"TOTAL_PARENT_EQUITY":863443000,"DEBT_ASSET_RATIO":94.8298196001,"OPERATE_PROFIT":364820000,"PRETAX_PROFIT":-23572000,"NETCASH_OPERATE":1744541000,"NETCASH_INVEST":34548000,"NETCASH_FINANCE":-773600000,"END_CASH":3198945000,"DIVI_RATIO":null,"DIVIDEND_RATE":null,"CURRENT_RATIO":0.602372634439,"COMMON_ACS":null,"CURRENTDEBT_DEBT":75.820872869115,"ISSUED_COMMON_SHARES":1119600000,"HK_COMMON_SHARES":372600000,"PER_SHARES":1000,"TOTAL_MARKET_CAP":352674000,"HKSK_MARKET_CAP":117369000,"PE_TTM":-0.437049506919,"PB_TTM":18.58742890339,"REPORT_DATE_SQ":"2021-12-31 00:00:00","REPORT_TYPE_SQ":"2021年年报","OPERATE_INCOME_SQ":24759659000,"DPS_HKD":null,"OPERATE_INCOME_QOQ_SQ":-3.028342041451,"NET_PROFIT_RATIO_SQ":-1.4998429502,"HOLDER_PROFIT_SQ":-422779000,"HOLDER_PROFIT_QOQ_SQ":-18.247952653719,"ROE_AVG_SQ":-34.059990614508,"PE_TTM_SQ":-1.001203927437,"PB_TTM_SQ":0.469843442975,"ROA_SQ":-1.836146610647,"START_DATE":"2022-01-01 00:00:00","FISCAL_YEAR":"12-31","CURRENCY":"HKD","IS_CNY_CODE":0,"DPS_HKD_LY":null,"ORG_TYPE":"一般企业","PREMIUM_INCOME":null,"PREMIUM_INCOME_YOY":null,"NET_INTEREST_INCOME":null,"NET_INTEREST_INCOME_YOY":null,"FEE_COMMISSION_INCOME":null,"FEE_COMMISSION_INCOME_YOY":null,"ACCOUNTS_RECE_TDAYS":127.145371794178,"INVENTORY_TDAYS":7.249163588195,"CURRENT_ASSETS_TDAYS":2.820964547293,"TOTAL_ASSETS_TDAYS":1.07878486741,"PREMIUM_EXPENSE":null,"LOAN_DEPOSIT":null,"LOAN_EQUITY":null,"LOAN_ASSETS":null,"DEPOSIT_EQUITY":null,"DEPOSIT_ASSETS":null,"EQUITY_MULTIPLIER":19.341684866921,"EQUITY_RATIO":25.181088965919},{"SECUCODE":"00980.HK","SECURITY_CODE":"00980","SECURITY_NAME_ABBR":"联华超市","ORG_CODE":"10005066","STD_REPORT_DATE":"2022-06-30 00:00:00","REPORT_DATE":"2022-06-30 00:00:00","DATE_TYPE_CODE":"002","REPORT_TYPE":"2022年中报","PER_NETCASH_OPERATE":1.417373168989,"PER_OI":12.133800464452,"BPS":0.932107895677,"BASIC_EPS":0.013,"DILUTED_EPS":null,"OPERATE_INCOME":13585003000,"OPERATE_INCOME_YOY":2.618388622,"GROSS_PROFIT":1798960000,"GROSS_PROFIT_YOY":11.134105832415,"HOLDER_PROFIT":14404000,"HOLDER_PROFIT_YOY":-31.7627135528,"GROSS_PROFIT_RATIO":13.242249560048,"EPS_TTM":-0.383311897106,"OPERATE_INCOME_QOQ":1.399986970741,"NET_PROFIT_RATIO":0.4425909954,"ROE_AVG":1.321452478833,"GROSS_PROFIT_QOQ":5.886575853056,"ROA":0.060156083521,"HOLDER_PROFIT_QOQ":-1.508353063894,"ROE_YEARLY":2.642904957665,"ROIC_YEARLY":0.144649995843,"TOTAL_ASSETS":22718252000,"TOTAL_LIABILITIES":21320455000,"TAX_EBT":53.234024080971,"OCF_SALES":11.681197273199,"TOTAL_PARENT_EQUITY":1043588000,"DEBT_ASSET_RATIO":93.8472511001,"OPERATE_PROFIT":294087000,"PRETAX_PROFIT":131307000,"NETCASH_OPERATE":1586891000,"NETCASH_INVEST":-706583000,"NETCASH_FINANCE":-981460000,"END_CASH":2092304000,"DIVI_RATIO":null,"DIVIDEND_RATE":null,"CURRENT_RATIO":0.56601850215,"COMMON_ACS":null,"CURRENTDEBT_DEBT":74.211685444799,"ISSUED_COMMON_SHARES":1119600000,"HK_COMMON_SHARES":372600000,"PER_SHARES":1000,"TOTAL_MARKET_CAP":352674000,"HKSK_MARKET_CAP":117369000,"PE_TTM":-0.437049506919,"PB_TTM":18.58742890339,"REPORT_DATE_SQ":"2021-06-30 00:00:00","REPORT_TYPE_SQ":"2021年中报","OPERATE_INCOME_SQ":13238371000,"DPS_HKD":null,"OPERATE_INCOME_QOQ_SQ":-3.031667239815,"NET_PROFIT_RATIO_SQ":0.4541344248,"HOLDER_PROFIT_SQ":20077000,"HOLDER_PROFIT_QOQ_SQ":-11.979855051584,"ROE_AVG_SQ":1.372593457808,"PE_TTM_SQ":-1.001203927437,"PB_TTM_SQ":0.469843442975,"ROA_SQ":0.088620245848,"START_DATE":"2022-01-01 00:00:00","FISCAL_YEAR":"12-31","CURRENCY":"HKD","IS_CNY_CODE":0,"DPS_HKD_LY":null,"ORG_TYPE":"一般企业","PREMIUM_INCOME":null,"PREMIUM_INCOME_YOY":null,"NET_INTEREST_INCOME":null,"NET_INTEREST_INCOME_YOY":null,"FEE_COMMISSION_INCOME":null,"FEE_COMMISSION_INCOME_YOY":null,"ACCOUNTS_RECE_TDAYS":49.991547253685,"INVENTORY_TDAYS":4.477293469637,"CURRENT_ASSETS_TDAYS":1.644280133469,"TOTAL_ASSETS_TDAYS":0.596511368687,"PREMIUM_EXPENSE":null,"LOAN_DEPOSIT":null,"LOAN_EQUITY":null,"LOAN_ASSETS":null,"DEPOSIT_EQUITY":null,"DEPOSIT_ASSETS":null,"EQUITY_MULTIPLIER":16.252897952918,"EQUITY_RATIO":20.429954158154},{"SECUCODE":"00980.HK","SECURITY_CODE":"00980","SECURITY_NAME_ABBR":"联华超市","ORG_CODE":"10005066","STD_REPORT_DATE":"2021-12-31 00:00:00","REPORT_DATE":"2021-12-31 00:00:00","DATE_TYPE_CODE":"001","REPORT_TYPE":"2021年年报","PER_NETCASH_OPERATE":0.88924437299,"PER_OI":22.11473651304,"BPS":0.919871382637,"BASIC_EPS":-0.38,"DILUTED_EPS":null,"OPERATE_INCOME":24759659000,"OPERATE_INCOME_YOY":-5.9682000277,"GROSS_PROFIT":3061729000,"GROSS_PROFIT_YOY":-13.395276371874,"HOLDER_PROFIT":-422779000,"HOLDER_PROFIT_YOY":-32.4138859831,"GROSS_PROFIT_RATIO":12.365796314077,"EPS_TTM":-0.377616112897,"OPERATE_INCOME_QOQ":-3.028342041451,"NET_PROFIT_RATIO":-1.4998429502,"ROE_AVG":-34.059990614508,"GROSS_PROFIT_QOQ":-2.190963012325,"ROA":-1.836146610647,"HOLDER_PROFIT_QOQ":-18.247952653719,"ROE_YEARLY":-34.059990614508,"ROIC_YEARLY":-2.131323256533,"TOTAL_ASSETS":22829926000,"TOTAL_LIABILITIES":21575529000,"TAX_EBT":-35.451796572087,"OCF_SALES":4.021048916708,"TOTAL_PARENT_EQUITY":1029888000,"DEBT_ASSET_RATIO":94.5054705828,"OPERATE_PROFIT":-31958000,"PRETAX_PROFIT":-274161000,"NETCASH_OPERATE":995598000,"NETCASH_INVEST":-354898000,"NETCASH_FINANCE":-457520000,"END_CASH":2193456000,"DIVI_RATIO":null,"DIVIDEND_RATE":null,"CURRENT_RATIO":0.481634700153,"COMMON_ACS":null,"CURRENTDEBT_DEBT":72.831043910905,"ISSUED_COMMON_SHARES":1119600000,"HK_COMMON_SHARES":372600000,"PER_SHARES":1000,"TOTAL_MARKET_CAP":352674000,"HKSK_MARKET_CAP":117369000,"PE_TTM":-0.437049506919,"PB_TTM":18.58742890339,"REPORT_DATE_SQ":"2020-12-31 00:00:00","REPORT_TYPE_SQ":"2020年年报","OPERATE_INCOME_SQ":26331155000,"DPS_HKD":null,"OPERATE_INCOME_QOQ_SQ":-0.292263765038,"NET_PROFIT_RATIO_SQ":-0.712452606,"HOLDER_PROFIT_SQ":-319286000,"HOLDER_PROFIT_QOQ_SQ":12.269363821959,"ROE_AVG_SQ":-19.803015549119,"PE_TTM_SQ":-1.001203927437,"PB_TTM_SQ":0.469843442975,"ROA_SQ":-1.365251487743,"START_DATE":"2021-01-01 00:00:00","FISCAL_YEAR":"12-31","CURRENCY":"HKD","IS_CNY_CODE":0,"DPS_HKD_LY":null,"ORG_TYPE":"一般企业","PREMIUM_INCOME":null,"PREMIUM_INCOME_YOY":null,"NET_INTEREST_INCOME":null,"NET_INTEREST_INCOME_YOY":null,"FEE_COMMISSION_INCOME":null,"FEE_COMMISSION_INCOME_YOY":null,"ACCOUNTS_RECE_TDAYS":150.583299376616,"INVENTORY_TDAYS":7.865624196823,"CURRENT_ASSETS_TDAYS":3.47152424096,"TOTAL_ASSETS_TDAYS":1.075322188511,"PREMIUM_EXPENSE":null,"LOAN_DEPOSIT":null,"LOAN_EQUITY":null,"LOAN_ASSETS":null,"DEPOSIT_EQUITY":null,"DEPOSIT_ASSETS":null,"EQUITY_MULTIPLIER":18.199920758812,"EQUITY_RATIO":20.949393526286},{"SECUCODE":"00980.HK","SECURITY_CODE":"00980","SECURITY_NAME_ABBR":"联华超市","ORG_CODE":"10005066","STD_REPORT_DATE":"2021-06-30 00:00:00","REPORT_DATE":"2021-06-30 00:00:00","DATE_TYPE_CODE":"002","REPORT_TYPE":"2021年中报","PER_NETCASH_OPERATE":0.126230796713,"PER_OI":11.824197034655,"BPS":1.315419792783,"BASIC_EPS":0.018,"DILUTED_EPS":null,"OPERATE_INCOME":13238371000,"OPERATE_INCOME_YOY":-5.6870645149,"GROSS_PROFIT":1618729000,"GROSS_PROFIT_YOY":-20.011691415803,"HOLDER_PROFIT":20077000,"HOLDER_PROFIT_YOY":-65.5785485281,"GROSS_PROFIT_RATIO":12.227554281414,"EPS_TTM":-0.319342622365,"OPERATE_INCOME_QOQ":-3.031667239815,"NET_PROFIT_RATIO":0.4541344248,"ROE_AVG":1.372593457808,"GROSS_PROFIT_QOQ":-11.455294627797,"ROA":0.088620245848,"HOLDER_PROFIT_QOQ":-11.979855051584,"ROE_YEARLY":2.745186915616,"ROIC_YEARLY":0.206291399626,"TOTAL_ASSETS":22089434000,"TOTAL_LIABILITIES":20302050000,"TAX_EBT":51.836185348971,"OCF_SALES":1.067563373167,"TOTAL_PARENT_EQUITY":1472744000,"DEBT_ASSET_RATIO":91.9084210125,"OPERATE_PROFIT":249067000,"PRETAX_PROFIT":124824000,"NETCASH_OPERATE":141328000,"NETCASH_INVEST":-200523000,"NETCASH_FINANCE":-698334000,"END_CASH":1252747000,"DIVI_RATIO":null,"DIVIDEND_RATE":null,"CURRENT_RATIO":0.439743392613,"COMMON_ACS":null,"CURRENTDEBT_DEBT":69.577722446748,"ISSUED_COMMON_SHARES":1119600000,"HK_COMMON_SHARES":372600000,"PER_SHARES":1000,"TOTAL_MARKET_CAP":352674000,"HKSK_MARKET_CAP":117369000,"PE_TTM":-0.437049506919,"PB_TTM":18.58742890339,"REPORT_DATE_SQ":"2020-06-30 00:00:00","REPORT_TYPE_SQ":"2020年中报","OPERATE_INCOME_SQ":14036644000,"DPS_HKD":null,"OPERATE_INCOME_QOQ_SQ":2.123573205944,"NET_PROFIT_RATIO_SQ":1.040348391,"HOLDER_PROFIT_SQ":58327000,"HOLDER_PROFIT_QOQ_SQ":3.796447802147,"ROE_AVG_SQ":3.238380193619,"PE_TTM_SQ":-1.001203927437,"PB_TTM_SQ":0.469843442975,"ROA_SQ":0.25263280813,"START_DATE":"2021-01-01 00:00:00","FISCAL_YEAR":"12-31","CURRENCY":"HKD","IS_CNY_CODE":0,"DPS_HKD_LY":null,"ORG_TYPE":"一般企业","PREMIUM_INCOME":null,"PREMIUM_INCOME_YOY":null,"NET_INTEREST_INCOME":null,"NET_INTEREST_INCOME_YOY":null,"FEE_COMMISSION_INCOME":null,"FEE_COMMISSION_INCOME_YOY":null,"ACCOUNTS_RECE_TDAYS":46.902581908043,"INVENTORY_TDAYS":4.75889807228,"CURRENT_ASSETS_TDAYS":2.051210653725,"TOTAL_ASSETS_TDAYS":0.584344121459,"PREMIUM_EXPENSE":null,"LOAN_DEPOSIT":null,"LOAN_EQUITY":null,"LOAN_ASSETS":null,"DEPOSIT_EQUITY":null,"DEPOSIT_ASSETS":null,"EQUITY_MULTIPLIER":12.358527322601,"EQUITY_RATIO":13.785186020109},{"SECUCODE":"00980.HK","SECURITY_CODE":"00980","SECURITY_NAME_ABBR":"联华超市","ORG_CODE":"10005066","STD_REPORT_DATE":"2020-12-31 00:00:00","REPORT_DATE":"2020-12-31 00:00:00","DATE_TYPE_CODE":"001","REPORT_TYPE":"2020年年报","PER_NETCASH_OPERATE":1.720110753841,"PER_OI":23.518359235441,"BPS":1.297487495534,"BASIC_EPS":-0.29,"DILUTED_EPS":null,"OPERATE_INCOME":26331155000,"OPERATE_INCOME_YOY":1.8251030059,"GROSS_PROFIT":3535291000,"GROSS_PROFIT_YOY":0.467512021007,"HOLDER_PROFIT":-319286000,"HOLDER_PROFIT_YOY":15.6000116309,"GROSS_PROFIT_RATIO":13.426266337348,"EPS_TTM":-0.285178635227,"OPERATE_INCOME_QOQ":-0.292263765038,"NET_PROFIT_RATIO":-0.712452606,"ROE_AVG":-19.803015549119,"GROSS_PROFIT_QOQ":-4.972243964957,"ROA":-1.365251487743,"HOLDER_PROFIT_QOQ":12.269363821959,"ROE_YEARLY":-19.803015549119,"ROIC_YEARLY":-1.651075693505,"TOTAL_ASSETS":23220754000,"TOTAL_LIABILITIES":21465660000,"TAX_EBT":-1112.33682305803,"OCF_SALES":7.31390628326,"TOTAL_PARENT_EQUITY":1452667000,"DEBT_ASSET_RATIO":92.4417010748,"OPERATE_PROFIT":344677000,"PRETAX_PROFIT":-15474000,"NETCASH_OPERATE":1925836000,"NETCASH_INVEST":-982520000,"NETCASH_FINANCE":-1131579000,"END_CASH":2010276000,"DIVI_RATIO":null,"DIVIDEND_RATE":null,"CURRENT_RATIO":0.44298512526,"COMMON_ACS":null,"CURRENTDEBT_DEBT":70.419586446445,"ISSUED_COMMON_SHARES":1119600000,"HK_COMMON_SHARES":372600000,"PER_SHARES":1000,"TOTAL_MARKET_CAP":352674000,"HKSK_MARKET_CAP":117369000,"PE_TTM":-0.437049506919,"PB_TTM":18.58742890339,"REPORT_DATE_SQ":"2019-12-31 00:00:00","REPORT_TYPE_SQ":"2019年年报","OPERATE_INCOME_SQ":25859198000,"DPS_HKD":null,"OPERATE_INCOME_QOQ_SQ":0.237231595926,"NET_PROFIT_RATIO_SQ":-0.9358333542,"HOLDER_PROFIT_SQ":-378301000,"HOLDER_PROFIT_QOQ_SQ":-76.669671086121,"ROE_AVG_SQ":-19.257104315402,"PE_TTM_SQ":-1.001203927437,"PB_TTM_SQ":0.469843442975,"ROA_SQ":-1.857030619325,"START_DATE":"2020-01-01 00:00:00","FISCAL_YEAR":"12-31","CURRENCY":"HKD","IS_CNY_CODE":0,"DPS_HKD_LY":null,"ORG_TYPE":"一般企业","PREMIUM_INCOME":null,"PREMIUM_INCOME_YOY":null,"NET_INTEREST_INCOME":null,"NET_INTEREST_INCOME_YOY":null,"FEE_COMMISSION_INCOME":null,"FEE_COMMISSION_INCOME_YOY":null,"ACCOUNTS_RECE_TDAYS":151.374150246482,"INVENTORY_TDAYS":8.36135838039,"CURRENT_ASSETS_TDAYS":3.252983551843,"TOTAL_ASSETS_TDAYS":1.125907447797,"PREMIUM_EXPENSE":null,"LOAN_DEPOSIT":null,"LOAN_EQUITY":null,"LOAN_ASSETS":null,"DEPOSIT_EQUITY":null,"DEPOSIT_ASSETS":null,"EQUITY_MULTIPLIER":13.230490218717,"EQUITY_RATIO":14.776724466103},{"SECUCODE":"00980.HK","SECURITY_CODE":"00980","SECURITY_NAME_ABBR":"联华超市","ORG_CODE":"10005066","STD_REPORT_DATE":"2020-06-30 00:00:00","REPORT_DATE":"2020-06-30 00:00:00","DATE_TYPE_CODE":"002","REPORT_TYPE":"2020年中报","PER_NETCASH_OPERATE":0.37368524473,"PER_OI":12.537195426938,"BPS":1.634762415148,"BASIC_EPS":0.052,"DILUTED_EPS":null,"OPERATE_INCOME":14036644000,"OPERATE_INCOME_YOY":4.071464663,"GROSS_PROFIT":2023707000,"GROSS_PROFIT_YOY":11.053874963987,"HOLDER_PROFIT":58327000,"HOLDER_PROFIT_YOY":32.6668941203,"GROSS_PROFIT_RATIO":14.417313711169,"EPS_TTM":-0.325061629153,"OPERATE_INCOME_QOQ":2.123573205944,"NET_PROFIT_RATIO":1.040348391,"ROE_AVG":3.238380193619,"GROSS_PROFIT_QOQ":5.724386445533,"ROA":0.25263280813,"HOLDER_PROFIT_QOQ":3.796447802147,"ROE_YEARLY":6.476760387238,"ROIC_YEARLY":0.610523302323,"TOTAL_ASSETS":22622857000,"TOTAL_LIABILITIES":20456143000,"TAX_EBT":44.477818502578,"OCF_SALES":2.980612744756,"TOTAL_PARENT_EQUITY":1830280000,"DEBT_ASSET_RATIO":90.4224563679,"OPERATE_PROFIT":391829000,"PRETAX_PROFIT":263012000,"NETCASH_OPERATE":418378000,"NETCASH_INVEST":-436596000,"NETCASH_FINANCE":-442560000,"END_CASH":1737761000,"DIVI_RATIO":null,"DIVIDEND_RATE":null,"CURRENT_RATIO":0.449821703377,"COMMON_ACS":null,"CURRENTDEBT_DEBT":68.1538792528,"ISSUED_COMMON_SHARES":1119600000,"HK_COMMON_SHARES":372600000,"PER_SHARES":1000,"TOTAL_MARKET_CAP":352674000,"HKSK_MARKET_CAP":117369000,"PE_TTM":-0.437049506919,"PB_TTM":18.58742890339,"REPORT_DATE_SQ":"2019-06-30 00:00:00","REPORT_TYPE_SQ":"2019年中报","OPERATE_INCOME_SQ":13487505000,"DPS_HKD":null,"OPERATE_INCOME_QOQ_SQ":1.610593876533,"NET_PROFIT_RATIO_SQ":1.0611970116,"HOLDER_PROFIT_SQ":43965000,"HOLDER_PROFIT_QOQ_SQ":2.100821126168,"ROE_AVG_SQ":2.02081441142,"PE_TTM_SQ":-1.001203927437,"PB_TTM_SQ":0.469843442975,"ROA_SQ":0.217354644915,"START_DATE":"2020-01-01 00:00:00","FISCAL_YEAR":"12-31","CURRENCY":"HKD","IS_CNY_CODE":0,"DPS_HKD_LY":null,"ORG_TYPE":"一般企业","PREMIUM_INCOME":null,"PREMIUM_INCOME_YOY":null,"NET_INTEREST_INCOME":null,"NET_INTEREST_INCOME_YOY":null,"FEE_COMMISSION_INCOME":null,"FEE_COMMISSION_INCOME_YOY":null,"ACCOUNTS_RECE_TDAYS":61.611111964587,"INVENTORY_TDAYS":4.69875826262,"CURRENT_ASSETS_TDAYS":1.780846991397,"TOTAL_ASSETS_TDAYS":0.607971743865,"PREMIUM_EXPENSE":null,"LOAN_DEPOSIT":null,"LOAN_EQUITY":null,"LOAN_ASSETS":null,"DEPOSIT_EQUITY":null,"DEPOSIT_ASSETS":null,"EQUITY_MULTIPLIER":10.441090517702,"EQUITY_RATIO":11.176510151452}],"count":47},"success":true,"message":"ok","code":0}