{"version":"6830f8629e642e7fb172387700c47f1c","result":{"pages":6,"data":[{"SECUCODE":"00987.HK","SECURITY_CODE":"00987","SECURITY_NAME_ABBR":"中国再生能源投资","ORG_CODE":"10009189","STD_REPORT_DATE":"2024-06-30 00:00:00","REPORT_DATE":"2024-06-30 00:00:00","DATE_TYPE_CODE":"002","REPORT_TYPE":"2024年中报","PER_NETCASH_OPERATE":0.010314893893,"PER_OI":0.027057841454,"BPS":0.670743419369,"BASIC_EPS":0.004289596,"DILUTED_EPS":0.004289596,"OPERATE_INCOME":67811211.32,"OPERATE_INCOME_YOY":-24.0451850337,"GROSS_PROFIT":9575838.56,"GROSS_PROFIT_YOY":-67.362702022069,"HOLDER_PROFIT":10643674.16,"HOLDER_PROFIT_YOY":-67.4727358938,"GROSS_PROFIT_RATIO":14.121320609968,"EPS_TTM":-0.000524455059,"OPERATE_INCOME_QOQ":-13.616933413878,"NET_PROFIT_RATIO":13.981345644,"ROE_AVG":0.626325544275,"GROSS_PROFIT_QOQ":-41.824985938637,"ROA":0.529323149922,"HOLDER_PROFIT_QOQ":-106.229904078746,"ROE_YEARLY":1.252651088551,"ROIC_YEARLY":1.141895328873,"TOTAL_ASSETS":1966978730.24,"TOTAL_LIABILITIES":294496280.96,"TAX_EBT":24.025451619981,"OCF_SALES":38.12164362912,"TOTAL_PARENT_EQUITY":1680988626.88,"DEBT_ASSET_RATIO":14.9720114627,"OPERATE_PROFIT":-1320647.96,"PRETAX_PROFIT":12479073.64,"NETCASH_OPERATE":25850748.32,"NETCASH_INVEST":42108317.16,"NETCASH_FINANCE":-56542351.36,"END_CASH":159188732.92,"DIVI_RATIO":-8.63963446337,"DIVIDEND_RATE":5.154639175258,"CURRENT_RATIO":7.048546400914,"COMMON_ACS":9000000000,"CURRENTDEBT_DEBT":24.41178658204,"ISSUED_COMMON_SHARES":2506157464,"HK_COMMON_SHARES":2506157464,"PER_SHARES":2000,"TOTAL_MARKET_CAP":243097274.008,"HKSK_MARKET_CAP":243097274.008,"PE_TTM":-267.139861547253,"PB_TTM":0.131987817463,"REPORT_DATE_SQ":"2023-06-30 00:00:00","REPORT_TYPE_SQ":"2023年中报","OPERATE_INCOME_SQ":90188083.6,"DPS_HKD":0.005,"OPERATE_INCOME_QOQ_SQ":-1.399901694707,"NET_PROFIT_RATIO_SQ":35.8198732366,"HOLDER_PROFIT_SQ":33055748.94,"HOLDER_PROFIT_QOQ_SQ":24.335390871559,"ROE_AVG_SQ":1.89640717771,"PE_TTM_SQ":8.856902603385,"PB_TTM_SQ":0.172217590246,"ROA_SQ":1.43593157127,"START_DATE":"2024-01-01 00:00:00","FISCAL_YEAR":"12-31","CURRENCY":"HKD","IS_CNY_CODE":0,"DPS_HKD_LY":0.005,"ORG_TYPE":"一般企业","PREMIUM_INCOME":null,"PREMIUM_INCOME_YOY":null,"NET_INTEREST_INCOME":null,"NET_INTEREST_INCOME_YOY":null,"FEE_COMMISSION_INCOME":null,"FEE_COMMISSION_INCOME_YOY":null,"ACCOUNTS_RECE_TDAYS":0.207747143438,"INVENTORY_TDAYS":5.698071084122,"CURRENT_ASSETS_TDAYS":0.138052449488,"TOTAL_ASSETS_TDAYS":0.033723358529,"PREMIUM_EXPENSE":null,"LOAN_DEPOSIT":null,"LOAN_EQUITY":null,"LOAN_ASSETS":null,"DEPOSIT_EQUITY":null,"DEPOSIT_ASSETS":null,"EQUITY_MULTIPLIER":1.176083331151,"EQUITY_RATIO":0.175192310198},{"SECUCODE":"00987.HK","SECURITY_CODE":"00987","SECURITY_NAME_ABBR":"中国再生能源投资","ORG_CODE":"10009189","STD_REPORT_DATE":"2023-12-31 00:00:00","REPORT_DATE":"2023-12-31 00:00:00","DATE_TYPE_CODE":"001","REPORT_TYPE":"2023年年报","PER_NETCASH_OPERATE":0.047801005484,"PER_OI":0.065570986062,"BPS":0.68057185082,"BASIC_EPS":0.008427846,"DILUTED_EPS":0.008427846,"OPERATE_INCOME":164331216.14,"OPERATE_INCOME_YOY":-8.0366561181,"GROSS_PROFIT":47254841.9,"GROSS_PROFIT_YOY":-18.19228095045,"HOLDER_PROFIT":21097707.82,"HOLDER_PROFIT_YOY":-25.1679470284,"GROSS_PROFIT_RATIO":28.755852363279,"EPS_TTM":0.008418348856,"OPERATE_INCOME_QOQ":-5.378832938093,"NET_PROFIT_RATIO":10.3619228288,"ROE_AVG":1.225127184368,"GROSS_PROFIT_QOQ":-6.019535719934,"ROA":0.956056747415,"HOLDER_PROFIT_QOQ":-38.941829116103,"ROE_YEARLY":1.225127184368,"ROIC_YEARLY":1.038085812745,"TOTAL_ASSETS":2040095151.08,"TOTAL_LIABILITIES":341856089.26,"TAX_EBT":18.541639571683,"OCF_SALES":72.899628867799,"TOTAL_PARENT_EQUITY":1705620223.72,"DEBT_ASSET_RATIO":16.7568698489,"OPERATE_PROFIT":-8942578.96,"PRETAX_PROFIT":20903776.74,"NETCASH_OPERATE":119796846.68,"NETCASH_INVEST":142542968.68,"NETCASH_FINANCE":-320343332.68,"END_CASH":148882883.8,"DIVI_RATIO":0.538240939822,"DIVIDEND_RATE":5.154639175258,"CURRENT_RATIO":5.206377431246,"COMMON_ACS":9000000000,"CURRENTDEBT_DEBT":26.536119586569,"ISSUED_COMMON_SHARES":2506157464,"HK_COMMON_SHARES":2506157464,"PER_SHARES":2000,"TOTAL_MARKET_CAP":243097274.008,"HKSK_MARKET_CAP":243097274.008,"PE_TTM":-267.139861547253,"PB_TTM":0.131987817463,"REPORT_DATE_SQ":"2022-12-31 00:00:00","REPORT_TYPE_SQ":"2022年年报","OPERATE_INCOME_SQ":176138551.68,"DPS_HKD":0.005,"OPERATE_INCOME_QOQ_SQ":-5.302664997793,"NET_PROFIT_RATIO_SQ":15.1224237261,"HOLDER_PROFIT_SQ":27790522.97,"HOLDER_PROFIT_QOQ_SQ":-42.091570921939,"ROE_AVG_SQ":1.567832794067,"PE_TTM_SQ":8.856902603385,"PB_TTM_SQ":0.172217590246,"ROA_SQ":1.124873586857,"START_DATE":"2023-01-01 00:00:00","FISCAL_YEAR":"12-31","CURRENCY":"HKD","IS_CNY_CODE":0,"DPS_HKD_LY":0.005,"ORG_TYPE":"一般企业","PREMIUM_INCOME":null,"PREMIUM_INCOME_YOY":null,"NET_INTEREST_INCOME":null,"NET_INTEREST_INCOME_YOY":null,"FEE_COMMISSION_INCOME":null,"FEE_COMMISSION_INCOME_YOY":null,"ACCOUNTS_RECE_TDAYS":0.442874605115,"INVENTORY_TDAYS":11.799433738241,"CURRENT_ASSETS_TDAYS":0.293067293947,"TOTAL_ASSETS_TDAYS":0.074467790218,"PREMIUM_EXPENSE":null,"LOAN_DEPOSIT":null,"LOAN_EQUITY":null,"LOAN_ASSETS":null,"DEPOSIT_EQUITY":null,"DEPOSIT_ASSETS":null,"EQUITY_MULTIPLIER":1.201300333355,"EQUITY_RATIO":0.200429195495},{"SECUCODE":"00987.HK","SECURITY_CODE":"00987","SECURITY_NAME_ABBR":"中国再生能源投资","ORG_CODE":"10009189","STD_REPORT_DATE":"2023-06-30 00:00:00","REPORT_DATE":"2023-06-30 00:00:00","DATE_TYPE_CODE":"002","REPORT_TYPE":"2023年中报","PER_NETCASH_OPERATE":0.022819226749,"PER_OI":0.035986598965,"BPS":0.685257759279,"BASIC_EPS":0.013184314,"DILUTED_EPS":0.013184314,"OPERATE_INCOME":90188083.6,"OPERATE_INCOME_YOY":-9.7126717924,"GROSS_PROFIT":29340169.54,"GROSS_PROFIT_YOY":-20.318731715487,"HOLDER_PROFIT":33055748.94,"HOLDER_PROFIT_YOY":16.6140835908,"GROSS_PROFIT_RATIO":32.53220200368,"EPS_TTM":0.013787423917,"OPERATE_INCOME_QOQ":-1.399901694707,"NET_PROFIT_RATIO":35.8198732366,"ROE_AVG":1.89640717771,"GROSS_PROFIT_QOQ":-12.952420828908,"ROA":1.43593157127,"HOLDER_PROFIT_QOQ":24.335390871559,"ROE_YEARLY":3.792814355421,"ROIC_YEARLY":3.147169200175,"TOTAL_ASSETS":2189419452.14,"TOTAL_LIABILITIES":476117847.84,"TAX_EBT":20.10807606366,"OCF_SALES":63.410345532611,"TOTAL_PARENT_EQUITY":1717363848.18,"DEBT_ASSET_RATIO":21.746305733,"OPERATE_PROFIT":14254732.78,"PRETAX_PROFIT":40436198.84,"NETCASH_OPERATE":57188575.44,"NETCASH_INVEST":112672409.86,"NETCASH_FINANCE":-183483239.8,"END_CASH":195961317.12,"DIVI_RATIO":0.328640072804,"DIVIDEND_RATE":5.154639175258,"CURRENT_RATIO":2.805730223124,"COMMON_ACS":9000000000,"CURRENTDEBT_DEBT":42.005546002386,"ISSUED_COMMON_SHARES":2506157464,"HK_COMMON_SHARES":2506157464,"PER_SHARES":2000,"TOTAL_MARKET_CAP":243097274.008,"HKSK_MARKET_CAP":243097274.008,"PE_TTM":-267.139861547253,"PB_TTM":0.131987817463,"REPORT_DATE_SQ":"2022-06-30 00:00:00","REPORT_TYPE_SQ":"2022年中报","OPERATE_INCOME_SQ":92653850.17,"DPS_HKD":0.005,"OPERATE_INCOME_QOQ_SQ":-9.093901788669,"NET_PROFIT_RATIO_SQ":27.8448999935,"HOLDER_PROFIT_SQ":26292816.55,"HOLDER_PROFIT_QOQ_SQ":-48.218192834636,"ROE_AVG_SQ":1.525199021233,"PE_TTM_SQ":8.856902603385,"PB_TTM_SQ":0.172217590246,"ROA_SQ":1.082596915664,"START_DATE":"2023-01-01 00:00:00","FISCAL_YEAR":"12-31","CURRENCY":"HKD","IS_CNY_CODE":0,"DPS_HKD_LY":0.005,"ORG_TYPE":"一般企业","PREMIUM_INCOME":null,"PREMIUM_INCOME_YOY":null,"NET_INTEREST_INCOME":null,"NET_INTEREST_INCOME_YOY":null,"FEE_COMMISSION_INCOME":null,"FEE_COMMISSION_INCOME_YOY":null,"ACCOUNTS_RECE_TDAYS":0.227655142721,"INVENTORY_TDAYS":6.398778359511,"CURRENT_ASSETS_TDAYS":0.14765773354,"TOTAL_ASSETS_TDAYS":0.039177426241,"PREMIUM_EXPENSE":null,"LOAN_DEPOSIT":null,"LOAN_EQUITY":null,"LOAN_ASSETS":null,"DEPOSIT_EQUITY":null,"DEPOSIT_ASSETS":null,"EQUITY_MULTIPLIER":1.277894940765,"EQUITY_RATIO":0.277237609459},{"SECUCODE":"00987.HK","SECURITY_CODE":"00987","SECURITY_NAME_ABBR":"中国再生能源投资","ORG_CODE":"10009189","STD_REPORT_DATE":"2022-12-31 00:00:00","REPORT_DATE":"2022-12-31 00:00:00","DATE_TYPE_CODE":"001","REPORT_TYPE":"2022年年报","PER_NETCASH_OPERATE":0.055403853934,"PER_OI":0.070282316339,"BPS":0.683796567273,"BASIC_EPS":0.011076548,"DILUTED_EPS":0.011076548,"OPERATE_INCOME":176138551.68,"OPERATE_INCOME_YOY":-21.2067690955,"GROSS_PROFIT":57763304.55,"GROSS_PROFIT_YOY":-36.974375467504,"HOLDER_PROFIT":27790522.97,"HOLDER_PROFIT_YOY":-72.5541224835,"GROSS_PROFIT_RATIO":32.794242940604,"EPS_TTM":0.011088897393,"OPERATE_INCOME_QOQ":-5.302664997793,"NET_PROFIT_RATIO":15.1224237261,"ROE_AVG":1.567832794067,"GROSS_PROFIT_QOQ":-22.709199901415,"ROA":1.124873586857,"HOLDER_PROFIT_QOQ":-42.091570921939,"ROE_YEARLY":1.567832794067,"ROIC_YEARLY":1.218113640751,"TOTAL_ASSETS":2339473236.73,"TOTAL_LIABILITIES":629091650.39,"TAX_EBT":19.716224220559,"OCF_SALES":78.830432489452,"TOTAL_PARENT_EQUITY":1713701870.93,"DEBT_ASSET_RATIO":26.8903119092,"OPERATE_PROFIT":15209708.29,"PRETAX_PROFIT":33177834.34,"NETCASH_OPERATE":138850782.07,"NETCASH_INVEST":48408087.84,"NETCASH_FINANCE":-147296649.92,"END_CASH":207608453.78,"DIVI_RATIO":0.408615919081,"DIVIDEND_RATE":5.154639175258,"CURRENT_RATIO":1.906677952297,"COMMON_ACS":9000000000,"CURRENTDEBT_DEBT":53.346860592085,"ISSUED_COMMON_SHARES":2506157464,"HK_COMMON_SHARES":2506157464,"PER_SHARES":2000,"TOTAL_MARKET_CAP":243097274.008,"HKSK_MARKET_CAP":243097274.008,"PE_TTM":-267.139861547253,"PB_TTM":0.131987817463,"REPORT_DATE_SQ":"2021-12-31 00:00:00","REPORT_TYPE_SQ":"2021年年报","OPERATE_INCOME_SQ":204608488,"DPS_HKD":0.005,"OPERATE_INCOME_QOQ_SQ":4.225177005916,"NET_PROFIT_RATIO_SQ":44.6748316717,"HOLDER_PROFIT_SQ":92678230.4,"HOLDER_PROFIT_QOQ_SQ":-15.627334410368,"ROE_AVG_SQ":5.718418079552,"PE_TTM_SQ":8.856902603385,"PB_TTM_SQ":0.172217590246,"ROA_SQ":3.897465378766,"START_DATE":"2022-01-01 00:00:00","FISCAL_YEAR":"12-31","CURRENCY":"HKD","IS_CNY_CODE":0,"DPS_HKD_LY":0.005,"ORG_TYPE":"一般企业","PREMIUM_INCOME":null,"PREMIUM_INCOME_YOY":null,"NET_INTEREST_INCOME":null,"NET_INTEREST_INCOME_YOY":null,"FEE_COMMISSION_INCOME":null,"FEE_COMMISSION_INCOME_YOY":null,"ACCOUNTS_RECE_TDAYS":0.402508739251,"INVENTORY_TDAYS":12.571171085709,"CURRENT_ASSETS_TDAYS":0.275694290065,"TOTAL_ASSETS_TDAYS":0.071295385346,"PREMIUM_EXPENSE":null,"LOAN_DEPOSIT":null,"LOAN_EQUITY":null,"LOAN_ASSETS":null,"DEPOSIT_EQUITY":null,"DEPOSIT_ASSETS":null,"EQUITY_MULTIPLIER":1.367807777757,"EQUITY_RATIO":0.367095152933},{"SECUCODE":"00987.HK","SECURITY_CODE":"00987","SECURITY_NAME_ABBR":"中国再生能源投资","ORG_CODE":"10009189","STD_REPORT_DATE":"2022-06-30 00:00:00","REPORT_DATE":"2022-06-30 00:00:00","DATE_TYPE_CODE":"002","REPORT_TYPE":"2022年中报","PER_NETCASH_OPERATE":0.013916950336,"PER_OI":0.036970482302,"BPS":0.676124443707,"BASIC_EPS":0.010518837,"DILUTED_EPS":0.010518837,"OPERATE_INCOME":92653850.17,"OPERATE_INCOME_YOY":-18.9740790044,"GROSS_PROFIT":36821915.83,"GROSS_PROFIT_YOY":-31.478035225981,"HOLDER_PROFIT":26292816.55,"HOLDER_PROFIT_YOY":-63.9587362992,"GROSS_PROFIT_RATIO":39.74137692329,"EPS_TTM":0.019149021256,"OPERATE_INCOME_QOQ":-9.093901788669,"NET_PROFIT_RATIO":27.8448999935,"ROE_AVG":1.525199021233,"GROSS_PROFIT_QOQ":-18.456498765563,"ROA":1.082596915664,"HOLDER_PROFIT_QOQ":-48.218192834636,"ROE_YEARLY":3.050398042467,"ROIC_YEARLY":2.308508575439,"TOTAL_ASSETS":2366647674.86,"TOTAL_LIABILITIES":674762868.99,"TAX_EBT":19.20512065133,"OCF_SALES":37.643410280313,"TOTAL_PARENT_EQUITY":1694474321.19,"DEBT_ASSET_RATIO":28.5113359355,"OPERATE_PROFIT":17482649.17,"PRETAX_PROFIT":31931939.41,"NETCASH_OPERATE":34878068.96,"NETCASH_INVEST":7157940.3,"NETCASH_FINANCE":-69746730.83,"END_CASH":137628292.27,"DIVI_RATIO":0.236623059703,"DIVIDEND_RATE":5.154639175258,"CURRENT_RATIO":1.644894219597,"COMMON_ACS":9000000000,"CURRENTDEBT_DEBT":53.119371981227,"ISSUED_COMMON_SHARES":2506157464,"HK_COMMON_SHARES":2506157464,"PER_SHARES":2000,"TOTAL_MARKET_CAP":243097274.008,"HKSK_MARKET_CAP":243097274.008,"PE_TTM":-267.139861547253,"PB_TTM":0.131987817463,"REPORT_DATE_SQ":"2021-06-30 00:00:00","REPORT_TYPE_SQ":"2021年中报","OPERATE_INCOME_SQ":111260745.12,"DPS_HKD":0.005,"OPERATE_INCOME_QOQ_SQ":13.161915256808,"NET_PROFIT_RATIO_SQ":64.1166968305,"HOLDER_PROFIT_SQ":70980584.4,"HOLDER_PROFIT_QOQ_SQ":51.490092619891,"ROE_AVG_SQ":4.353213202578,"PE_TTM_SQ":8.856902603385,"PB_TTM_SQ":0.172217590246,"ROA_SQ":2.933203220902,"START_DATE":"2022-01-01 00:00:00","FISCAL_YEAR":"12-31","CURRENCY":"HKD","IS_CNY_CODE":0,"DPS_HKD_LY":0.005,"ORG_TYPE":"一般企业","PREMIUM_INCOME":null,"PREMIUM_INCOME_YOY":null,"NET_INTEREST_INCOME":null,"NET_INTEREST_INCOME_YOY":null,"FEE_COMMISSION_INCOME":null,"FEE_COMMISSION_INCOME_YOY":null,"ACCOUNTS_RECE_TDAYS":0.211690113326,"INVENTORY_TDAYS":5.985422874169,"CURRENT_ASSETS_TDAYS":0.154386439905,"TOTAL_ASSETS_TDAYS":0.038149877259,"PREMIUM_EXPENSE":null,"LOAN_DEPOSIT":null,"LOAN_EQUITY":null,"LOAN_ASSETS":null,"DEPOSIT_EQUITY":null,"DEPOSIT_ASSETS":null,"EQUITY_MULTIPLIER":1.398823174396,"EQUITY_RATIO":0.398213688193},{"SECUCODE":"00987.HK","SECURITY_CODE":"00987","SECURITY_NAME_ABBR":"中国再生能源投资","ORG_CODE":"10009189","STD_REPORT_DATE":"2021-12-31 00:00:00","REPORT_DATE":"2021-12-31 00:00:00","DATE_TYPE_CODE":"001","REPORT_TYPE":"2021年年报","PER_NETCASH_OPERATE":0.036845801003,"PER_OI":0.081642311363,"BPS":0.668851344929,"BASIC_EPS":0.03695552,"DILUTED_EPS":0.03695552,"OPERATE_INCOME":204608488,"OPERATE_INCOME_YOY":21.411106044,"GROSS_PROFIT":91650507.2,"GROSS_PROFIT_YOY":41.187560763771,"HOLDER_PROFIT":92678230.4,"HOLDER_PROFIT_YOY":31.5744265949,"GROSS_PROFIT_RATIO":44.793111026753,"EPS_TTM":0.036980210434,"OPERATE_INCOME_QOQ":4.225177005916,"NET_PROFIT_RATIO":44.6748316717,"ROE_AVG":5.718418079552,"GROSS_PROFIT_QOQ":6.560698349351,"ROA":3.897465378766,"HOLDER_PROFIT_QOQ":-15.627334410368,"ROE_YEARLY":5.718418079552,"ROIC_YEARLY":4.173092364007,"TOTAL_ASSETS":2381233019.2,"TOTAL_LIABILITIES":707009788.8,"TAX_EBT":11.003470674393,"OCF_SALES":45.13076661805,"TOTAL_PARENT_EQUITY":1676246790.4,"DEBT_ASSET_RATIO":29.6909115193,"OPERATE_PROFIT":70918624,"PRETAX_PROFIT":102710182.4,"NETCASH_OPERATE":92341379.2,"NETCASH_INVEST":78428280,"NETCASH_FINANCE":-157176241.6,"END_CASH":161216003.2,"DIVI_RATIO":0.122527696484,"DIVIDEND_RATE":5.154639175258,"CURRENT_RATIO":1.74928349917,"COMMON_ACS":9000000000,"CURRENTDEBT_DEBT":47.208981217432,"ISSUED_COMMON_SHARES":2506157464,"HK_COMMON_SHARES":2506157464,"PER_SHARES":2000,"TOTAL_MARKET_CAP":243097274.008,"HKSK_MARKET_CAP":243097274.008,"PE_TTM":-267.139861547253,"PB_TTM":0.131987817463,"REPORT_DATE_SQ":"2020-12-31 00:00:00","REPORT_TYPE_SQ":"2020年年报","OPERATE_INCOME_SQ":173480520.08,"DPS_HKD":0.005,"OPERATE_INCOME_QOQ_SQ":4.5228486831,"NET_PROFIT_RATIO_SQ":41.7548830304,"HOLDER_PROFIT_SQ":72508969.28,"HOLDER_PROFIT_QOQ_SQ":49.791115685255,"ROE_AVG_SQ":4.727540314858,"PE_TTM_SQ":8.856902603385,"PB_TTM_SQ":0.172217590246,"ROA_SQ":3.023411328984,"START_DATE":"2021-01-01 00:00:00","FISCAL_YEAR":"12-31","CURRENCY":"HKD","IS_CNY_CODE":0,"DPS_HKD_LY":0.009,"ORG_TYPE":"一般企业","PREMIUM_INCOME":null,"PREMIUM_INCOME_YOY":null,"NET_INTEREST_INCOME":null,"NET_INTEREST_INCOME_YOY":null,"FEE_COMMISSION_INCOME":null,"FEE_COMMISSION_INCOME_YOY":null,"ACCOUNTS_RECE_TDAYS":0.532921769073,"INVENTORY_TDAYS":11.694925297329,"CURRENT_ASSETS_TDAYS":0.369954253724,"TOTAL_ASSETS_TDAYS":0.086045503323,"PREMIUM_EXPENSE":null,"LOAN_DEPOSIT":null,"LOAN_EQUITY":null,"LOAN_ASSETS":null,"DEPOSIT_EQUITY":null,"DEPOSIT_ASSETS":null,"EQUITY_MULTIPLIER":1.422291230919,"EQUITY_RATIO":0.421781442237},{"SECUCODE":"00987.HK","SECURITY_CODE":"00987","SECURITY_NAME_ABBR":"中国再生能源投资","ORG_CODE":"10009189","STD_REPORT_DATE":"2021-06-30 00:00:00","REPORT_DATE":"2021-06-30 00:00:00","DATE_TYPE_CODE":"002","REPORT_TYPE":"2021年中报","PER_NETCASH_OPERATE":0.022000260491,"PER_OI":0.044394953916,"BPS":0.66564043655,"BASIC_EPS":0.02829072,"DILUTED_EPS":0.02829072,"OPERATE_INCOME":111260745.12,"OPERATE_INCOME_YOY":38.1243091925,"GROSS_PROFIT":53737390.56,"GROSS_PROFIT_YOY":64.618430161339,"HOLDER_PROFIT":70980584.4,"HOLDER_PROFIT_YOY":131.5930933377,"GROSS_PROFIT_RATIO":48.298607475657,"EPS_TTM":0.043829610189,"OPERATE_INCOME_QOQ":13.161915256808,"NET_PROFIT_RATIO":64.1166968305,"ROE_AVG":4.353213202578,"GROSS_PROFIT_QOQ":32.494965733893,"ROA":2.933203220902,"HOLDER_PROFIT_QOQ":51.490092619891,"ROE_YEARLY":8.706426405156,"ROIC_YEARLY":6.312074186573,"TOTAL_ASSETS":2423157581.52,"TOTAL_LIABILITIES":755368880.64,"TAX_EBT":9.961351845239,"OCF_SALES":49.555768281556,"TOTAL_PARENT_EQUITY":1668199748.4,"DEBT_ASSET_RATIO":31.1729161323,"OPERATE_PROFIT":50559677.04,"PRETAX_PROFIT":79228993.44,"NETCASH_OPERATE":55136117.04,"NETCASH_INVEST":57775474.8,"NETCASH_FINANCE":-87441623.04,"END_CASH":184461318.96,"DIVI_RATIO":0.103379883609,"DIVIDEND_RATE":5.154639175258,"CURRENT_RATIO":1.887769464204,"COMMON_ACS":9000000000,"CURRENTDEBT_DEBT":40.618831294723,"ISSUED_COMMON_SHARES":2506157464,"HK_COMMON_SHARES":2506157464,"PER_SHARES":2000,"TOTAL_MARKET_CAP":243097274.008,"HKSK_MARKET_CAP":243097274.008,"PE_TTM":-267.139861547253,"PB_TTM":0.131987817463,"REPORT_DATE_SQ":"2020-06-30 00:00:00","REPORT_TYPE_SQ":"2020年中报","OPERATE_INCOME_SQ":88427386.08,"DPS_HKD":0.005,"OPERATE_INCOME_QOQ_SQ":2.240932207467,"NET_PROFIT_RATIO_SQ":37.2421415807,"HOLDER_PROFIT_SQ":33645648.96,"HOLDER_PROFIT_QOQ_SQ":-5.816668931837,"ROE_AVG_SQ":2.130799405547,"PE_TTM_SQ":8.856902603385,"PB_TTM_SQ":0.172217590246,"ROA_SQ":1.306896884509,"START_DATE":"2021-01-01 00:00:00","FISCAL_YEAR":"12-31","CURRENCY":"HKD","IS_CNY_CODE":0,"DPS_HKD_LY":0.009,"ORG_TYPE":"一般企业","PREMIUM_INCOME":null,"PREMIUM_INCOME_YOY":null,"NET_INTEREST_INCOME":null,"NET_INTEREST_INCOME_YOY":null,"FEE_COMMISSION_INCOME":null,"FEE_COMMISSION_INCOME_YOY":null,"ACCOUNTS_RECE_TDAYS":0.299155204353,"INVENTORY_TDAYS":5.805021412377,"CURRENT_ASSETS_TDAYS":0.200338907376,"TOTAL_ASSETS_TDAYS":0.045977414627,"PREMIUM_EXPENSE":null,"LOAN_DEPOSIT":null,"LOAN_EQUITY":null,"LOAN_ASSETS":null,"DEPOSIT_EQUITY":null,"DEPOSIT_ASSETS":null,"EQUITY_MULTIPLIER":1.452916415756,"EQUITY_RATIO":0.452804816308},{"SECUCODE":"00987.HK","SECURITY_CODE":"00987","SECURITY_NAME_ABBR":"中国再生能源投资","ORG_CODE":"10009189","STD_REPORT_DATE":"2020-12-31 00:00:00","REPORT_DATE":"2020-12-31 00:00:00","DATE_TYPE_CODE":"001","REPORT_TYPE":"2020年年报","PER_NETCASH_OPERATE":0.031776126578,"PER_OI":0.069221715942,"BPS":0.642883564303,"BASIC_EPS":0.028952416,"DILUTED_EPS":0.028952416,"OPERATE_INCOME":173480520.08,"OPERATE_INCOME_YOY":13.739426011,"GROSS_PROFIT":64914009.92,"GROSS_PROFIT_YOY":5.69633595037,"HOLDER_PROFIT":72508969.28,"HOLDER_PROFIT_YOY":50.1533742331,"GROSS_PROFIT_RATIO":37.418616159362,"EPS_TTM":0.028932327805,"OPERATE_INCOME_QOQ":4.5228486831,"NET_PROFIT_RATIO":41.7548830304,"ROE_AVG":4.727540314858,"GROSS_PROFIT_QOQ":18.016818344156,"ROA":3.023411328984,"HOLDER_PROFIT_QOQ":49.791115685255,"ROE_YEARLY":4.727540314858,"ROIC_YEARLY":3.31169282965,"TOTAL_ASSETS":2444407875.96,"TOTAL_LIABILITIES":834014741.6,"TAX_EBT":10.652257414847,"OCF_SALES":45.904852466015,"TOTAL_PARENT_EQUITY":1611167443.16,"DEBT_ASSET_RATIO":34.1192953026,"OPERATE_PROFIT":66954986.92,"PRETAX_PROFIT":81072656.28,"NETCASH_OPERATE":79635976.8,"NETCASH_INVEST":-111563590.2,"NETCASH_FINANCE":-68822586.08,"END_CASH":160252464.2,"DIVI_RATIO":0.15661028143,"DIVIDEND_RATE":5.154639175258,"CURRENT_RATIO":1.580688665355,"COMMON_ACS":9000000000,"CURRENTDEBT_DEBT":40.780975639292,"ISSUED_COMMON_SHARES":2506157464,"HK_COMMON_SHARES":2506157464,"PER_SHARES":2000,"TOTAL_MARKET_CAP":243097274.008,"HKSK_MARKET_CAP":243097274.008,"PE_TTM":-267.139861547253,"PB_TTM":0.131987817463,"REPORT_DATE_SQ":"2019-12-31 00:00:00","REPORT_TYPE_SQ":"2019年年报","OPERATE_INCOME_SQ":162335938.94,"DPS_HKD":0.005,"OPERATE_INCOME_QOQ_SQ":12.944408784223,"NET_PROFIT_RATIO_SQ":31.9214448497,"HOLDER_PROFIT_SQ":51396273.28,"HOLDER_PROFIT_QOQ_SQ":16.202512094223,"ROE_AVG_SQ":3.317554864463,"PE_TTM_SQ":8.856902603385,"PB_TTM_SQ":0.172217590246,"ROA_SQ":2.156966127294,"START_DATE":"2020-01-01 00:00:00","FISCAL_YEAR":"12-31","CURRENCY":"HKD","IS_CNY_CODE":0,"DPS_HKD_LY":0.008,"ORG_TYPE":"一般企业","PREMIUM_INCOME":null,"PREMIUM_INCOME_YOY":null,"NET_INTEREST_INCOME":null,"NET_INTEREST_INCOME_YOY":null,"FEE_COMMISSION_INCOME":null,"FEE_COMMISSION_INCOME_YOY":null,"ACCOUNTS_RECE_TDAYS":0.55079624451,"INVENTORY_TDAYS":13.214567433284,"CURRENT_ASSETS_TDAYS":0.324438589118,"TOTAL_ASSETS_TDAYS":0.072336288183,"PREMIUM_EXPENSE":null,"LOAN_DEPOSIT":null,"LOAN_EQUITY":null,"LOAN_ASSETS":null,"DEPOSIT_EQUITY":null,"DEPOSIT_ASSETS":null,"EQUITY_MULTIPLIER":1.517895117536,"EQUITY_RATIO":0.517646223017},{"SECUCODE":"00987.HK","SECURITY_CODE":"00987","SECURITY_NAME_ABBR":"中国再生能源投资","ORG_CODE":"10009189","STD_REPORT_DATE":"2020-06-30 00:00:00","REPORT_DATE":"2020-06-30 00:00:00","DATE_TYPE_CODE":"002","REPORT_TYPE":"2020年中报","PER_NETCASH_OPERATE":0.010379977369,"PER_OI":0.035284050324,"BPS":0.629427408908,"BASIC_EPS":0.013427568,"DILUTED_EPS":0.013427568,"OPERATE_INCOME":88427386.08,"OPERATE_INCOME_YOY":0.4336594425,"GROSS_PROFIT":32643605.28,"GROSS_PROFIT_YOY":-16.416632053301,"HOLDER_PROFIT":33645648.96,"HOLDER_PROFIT_YOY":-11.556654741,"GROSS_PROFIT_RATIO":36.915718904625,"EPS_TTM":0.019315116035,"OPERATE_INCOME_QOQ":2.240932207467,"NET_PROFIT_RATIO":37.2421415807,"ROE_AVG":2.130799405547,"GROSS_PROFIT_QOQ":-10.4395988357,"ROA":1.306896884509,"HOLDER_PROFIT_QOQ":-5.816668931837,"ROE_YEARLY":4.261598811093,"ROIC_YEARLY":2.958760973658,"TOTAL_ASSETS":2596188302.4,"TOTAL_LIABILITIES":1020172723.68,"TAX_EBT":15.277059735865,"OCF_SALES":29.418327187084,"TOTAL_PARENT_EQUITY":1577444198.88,"DEBT_ASSET_RATIO":39.2950204242,"OPERATE_PROFIT":22919123.04,"PRETAX_PROFIT":38870525.76,"NETCASH_OPERATE":26013857.76,"NETCASH_INVEST":-25311422.4,"NETCASH_FINANCE":42928939.68,"END_CASH":321682511.04,"DIVI_RATIO":0.234588287832,"DIVIDEND_RATE":5.154639175258,"CURRENT_RATIO":1.478426631765,"COMMON_ACS":9000000000,"CURRENTDEBT_DEBT":44.809629250918,"ISSUED_COMMON_SHARES":2506157464,"HK_COMMON_SHARES":2506157464,"PER_SHARES":2000,"TOTAL_MARKET_CAP":243097274.008,"HKSK_MARKET_CAP":243097274.008,"PE_TTM":-267.139861547253,"PB_TTM":0.131987817463,"REPORT_DATE_SQ":"2019-06-30 00:00:00","REPORT_TYPE_SQ":"2019年中报","OPERATE_INCOME_SQ":84789547.74,"DPS_HKD":0.005,"OPERATE_INCOME_QOQ_SQ":9.727913087678,"NET_PROFIT_RATIO_SQ":44.2488250734,"HOLDER_PROFIT_SQ":36635200.02,"HOLDER_PROFIT_QOQ_SQ":-18.914051238659,"ROE_AVG_SQ":2.38915446523,"PE_TTM_SQ":8.856902603385,"PB_TTM_SQ":0.172217590246,"ROA_SQ":1.584052293846,"START_DATE":"2020-01-01 00:00:00","FISCAL_YEAR":"12-31","CURRENCY":"HKD","IS_CNY_CODE":0,"DPS_HKD_LY":0.008,"ORG_TYPE":"一般企业","PREMIUM_INCOME":null,"PREMIUM_INCOME_YOY":null,"NET_INTEREST_INCOME":null,"NET_INTEREST_INCOME_YOY":null,"FEE_COMMISSION_INCOME":null,"FEE_COMMISSION_INCOME_YOY":null,"ACCOUNTS_RECE_TDAYS":0.279267207371,"INVENTORY_TDAYS":8.585084698109,"CURRENT_ASSETS_TDAYS":0.141144411785,"TOTAL_ASSETS_TDAYS":0.034347821768,"PREMIUM_EXPENSE":null,"LOAN_DEPOSIT":null,"LOAN_EQUITY":null,"LOAN_ASSETS":null,"DEPOSIT_EQUITY":null,"DEPOSIT_ASSETS":null,"EQUITY_MULTIPLIER":1.647311319414,"EQUITY_RATIO":0.646725078709}],"count":50},"success":true,"message":"ok","code":0}