{"version":"f57f408d176a1fad4b499812c089e033","result":{"pages":6,"data":[{"SECUCODE":"00983.HK","SECURITY_CODE":"00983","SECURITY_NAME_ABBR":"瑞安建业","ORG_CODE":"10009185","STD_REPORT_DATE":"2024-06-30 00:00:00","REPORT_DATE":"2024-06-30 00:00:00","DATE_TYPE_CODE":"002","REPORT_TYPE":"2024年中报","PER_NETCASH_OPERATE":-0.041558107451,"PER_OI":10.017948490292,"BPS":5.522339101896,"BASIC_EPS":-0.2190432,"DILUTED_EPS":null,"OPERATE_INCOME":3740162640,"OPERATE_INCOME_YOY":8.1266490765,"GROSS_PROFIT":3177951760,"GROSS_PROFIT_YOY":1.978612789994,"HOLDER_PROFIT":-80315840,"HOLDER_PROFIT_YOY":-11.3924050633,"GROSS_PROFIT_RATIO":84.968277208394,"EPS_TTM":-0.396263666981,"OPERATE_INCOME_QOQ":3.25457116992,"NET_PROFIT_RATIO":-1.2689116642,"ROE_AVG":-3.801295896328,"GROSS_PROFIT_QOQ":0.916119117368,"ROA":-0.949964916068,"HOLDER_PROFIT_QOQ":-5.3247911744,"ROE_YEARLY":-7.602591792657,"ROIC_YEARLY":-2.135533580052,"TOTAL_ASSETS":8543597480,"TOTAL_LIABILITIES":6219001520,"TAX_EBT":-271.428571428571,"OCF_SALES":-0.414836505612,"TOTAL_PARENT_EQUITY":2061744120,"DEBT_ASSET_RATIO":72.7913684435,"OPERATE_PROFIT":105870880,"PRETAX_PROFIT":-12777520,"NETCASH_OPERATE":-15515560,"NETCASH_INVEST":20991640,"NETCASH_FINANCE":161544360,"END_CASH":762087800,"DIVI_RATIO":null,"DIVIDEND_RATE":null,"CURRENT_RATIO":0.854256376284,"COMMON_ACS":1000000000,"CURRENTDEBT_DEBT":88.611681831523,"ISSUED_COMMON_SHARES":373346164,"HK_COMMON_SHARES":373346164,"PER_SHARES":2000,"TOTAL_MARKET_CAP":164272312.16,"HKSK_MARKET_CAP":164272312.16,"PE_TTM":-1.00166044,"PB_TTM":0.072719040354,"REPORT_DATE_SQ":"2023-06-30 00:00:00","REPORT_TYPE_SQ":"2023年中报","OPERATE_INCOME_SQ":3494304200,"DPS_HKD":null,"OPERATE_INCOME_QOQ_SQ":20.219035889836,"NET_PROFIT_RATIO_SQ":-0.7124010554,"HOLDER_PROFIT_SQ":-72836420,"HOLDER_PROFIT_QOQ_SQ":-10.386586208055,"ROE_AVG_SQ":-3.114527892766,"PE_TTM_SQ":-0.877586600637,"PB_TTM_SQ":0.090128574779,"ROA_SQ":-0.881352150388,"START_DATE":"2024-01-01 00:00:00","FISCAL_YEAR":"12-31","CURRENCY":"HKD","IS_CNY_CODE":0,"DPS_HKD_LY":null,"ORG_TYPE":"一般企业","PREMIUM_INCOME":null,"PREMIUM_INCOME_YOY":null,"NET_INTEREST_INCOME":null,"NET_INTEREST_INCOME_YOY":null,"FEE_COMMISSION_INCOME":null,"FEE_COMMISSION_INCOME_YOY":null,"ACCOUNTS_RECE_TDAYS":2.412717103326,"INVENTORY_TDAYS":0.753056234719,"CURRENT_ASSETS_TDAYS":0.813579511614,"TOTAL_ASSETS_TDAYS":0.442381389324,"PREMIUM_EXPENSE":null,"LOAN_DEPOSIT":null,"LOAN_EQUITY":null,"LOAN_ASSETS":null,"DEPOSIT_EQUITY":null,"DEPOSIT_ASSETS":null,"EQUITY_MULTIPLIER":3.675304279539,"EQUITY_RATIO":3.01637892873},{"SECUCODE":"00983.HK","SECURITY_CODE":"00983","SECURITY_NAME_ABBR":"瑞安建业","ORG_CODE":"10009185","STD_REPORT_DATE":"2023-12-31 00:00:00","REPORT_DATE":"2023-12-31 00:00:00","DATE_TYPE_CODE":"001","REPORT_TYPE":"2023年年报","PER_NETCASH_OPERATE":-0.223307236542,"PER_OI":20.233577432807,"BPS":5.755108334259,"BASIC_EPS":-0.3715502,"DILUTED_EPS":null,"OPERATE_INCOME":7554249920,"OPERATE_INCOME_YOY":32.1706040907,"GROSS_PROFIT":6730495940,"GROSS_PROFIT_YOY":32.210412716881,"HOLDER_PROFIT":-140464100,"HOLDER_PROFIT_YOY":33.1896551724,"GROSS_PROFIT_RATIO":89.095489443378,"EPS_TTM":-0.376224148523,"OPERATE_INCOME_QOQ":11.535348397786,"NET_PROFIT_RATIO":-0.8997120921,"ROE_AVG":-6.2,"GROSS_PROFIT_QOQ":10.478112627127,"ROA":-1.696306429549,"HOLDER_PROFIT_QOQ":38.598595598619,"ROE_YEARLY":-6.2,"ROIC_YEARLY":-1.941869205713,"TOTAL_ASSETS":8306412520,"TOTAL_LIABILITIES":5914897940,"TAX_EBT":-476.923076923077,"OCF_SALES":-1.103646833013,"TOTAL_PARENT_EQUITY":2148647620,"DEBT_ASSET_RATIO":71.2088151866,"OPERATE_PROFIT":201180840,"PRETAX_PROFIT":-11780860,"NETCASH_OPERATE":-83372240,"NETCASH_INVEST":-9062200,"NETCASH_FINANCE":-298146380,"END_CASH":591761660,"DIVI_RATIO":null,"DIVIDEND_RATE":null,"CURRENT_RATIO":1.051550802139,"COMMON_ACS":1000000000,"CURRENTDEBT_DEBT":71.625555385323,"ISSUED_COMMON_SHARES":373346164,"HK_COMMON_SHARES":373346164,"PER_SHARES":2000,"TOTAL_MARKET_CAP":181072889.54,"HKSK_MARKET_CAP":181072889.54,"PE_TTM":-1.104102985,"PB_TTM":0.080156214936,"REPORT_DATE_SQ":"2022-12-31 00:00:00","REPORT_TYPE_SQ":"2022年年报","OPERATE_INCOME_SQ":5633853890,"DPS_HKD":null,"OPERATE_INCOME_QOQ_SQ":20.716903228151,"NET_PROFIT_RATIO_SQ":-1.9343586491,"HOLDER_PROFIT_SQ":-207238640,"HOLDER_PROFIT_QOQ_SQ":-3463.61797984662,"ROE_AVG_SQ":-7.873748515188,"PE_TTM_SQ":-1.041221174502,"PB_TTM_SQ":0.106933925859,"ROA_SQ":-2.482478198063,"START_DATE":"2023-01-01 00:00:00","FISCAL_YEAR":"12-31","CURRENCY":"HKD","IS_CNY_CODE":0,"DPS_HKD_LY":null,"ORG_TYPE":"一般企业","PREMIUM_INCOME":null,"PREMIUM_INCOME_YOY":null,"NET_INTEREST_INCOME":null,"NET_INTEREST_INCOME_YOY":null,"FEE_COMMISSION_INCOME":null,"FEE_COMMISSION_INCOME_YOY":null,"ACCOUNTS_RECE_TDAYS":5.400712666019,"INVENTORY_TDAYS":1.092548076923,"CURRENT_ASSETS_TDAYS":1.747222804444,"TOTAL_ASSETS_TDAYS":0.912284541724,"PREMIUM_EXPENSE":null,"LOAN_DEPOSIT":null,"LOAN_EQUITY":null,"LOAN_ASSETS":null,"DEPOSIT_EQUITY":null,"DEPOSIT_ASSETS":null,"EQUITY_MULTIPLIER":3.473285335359,"EQUITY_RATIO":2.752846900042},{"SECUCODE":"00983.HK","SECURITY_CODE":"00983","SECURITY_NAME_ABBR":"瑞安建业","ORG_CODE":"10009185","STD_REPORT_DATE":"2023-06-30 00:00:00","REPORT_DATE":"2023-06-30 00:00:00","DATE_TYPE_CODE":"002","REPORT_TYPE":"2023年中报","PER_NETCASH_OPERATE":-0.459197446236,"PER_OI":9.356765167921,"BPS":6.035468788157,"BASIC_EPS":-0.1936158,"DILUTED_EPS":null,"OPERATE_INCOME":3494304200,"OPERATE_INCOME_YOY":37.618010167,"GROSS_PROFIT":3116292400,"GROSS_PROFIT_YOY":47.350451280121,"HOLDER_PROFIT":-72836420,"HOLDER_PROFIT_YOY":-31.6666666667,"GROSS_PROFIT_RATIO":89.182058047493,"EPS_TTM":-0.612564826375,"OPERATE_INCOME_QOQ":20.219035889836,"NET_PROFIT_RATIO":-0.7124010554,"ROE_AVG":-3.114527892766,"GROSS_PROFIT_QOQ":19.671136275746,"ROA":-0.881352150388,"HOLDER_PROFIT_QOQ":-10.386586208055,"ROE_YEARLY":-6.229055785531,"ROIC_YEARLY":-2.028371525772,"TOTAL_ASSETS":8130019640,"TOTAL_LIABILITIES":5610248300,"TAX_EBT":235,"OCF_SALES":-4.90765171504,"TOTAL_PARENT_EQUITY":2253319120,"DEBT_ASSET_RATIO":69.0065774552,"OPERATE_PROFIT":118013440,"PRETAX_PROFIT":18439600,"NETCASH_OPERATE":-171488280,"NETCASH_INVEST":-13829700,"NETCASH_FINANCE":-195459760,"END_CASH":616804620,"DIVI_RATIO":null,"DIVIDEND_RATE":null,"CURRENT_RATIO":1.004469273743,"COMMON_ACS":1000000000,"CURRENTDEBT_DEBT":73.54149548069,"ISSUED_COMMON_SHARES":373346164,"HK_COMMON_SHARES":373346164,"PER_SHARES":2000,"TOTAL_MARKET_CAP":181072889.54,"HKSK_MARKET_CAP":181072889.54,"PE_TTM":-1.104102985,"PB_TTM":0.080156214936,"REPORT_DATE_SQ":"2022-06-30 00:00:00","REPORT_TYPE_SQ":"2022年中报","OPERATE_INCOME_SQ":2355193260,"DPS_HKD":null,"OPERATE_INCOME_QOQ_SQ":8.37604363394,"NET_PROFIT_RATIO_SQ":0.0363108206,"HOLDER_PROFIT_SQ":-51311400,"HOLDER_PROFIT_QOQ_SQ":-109.35890668452,"ROE_AVG_SQ":-1.916014689446,"PE_TTM_SQ":-1.041221174502,"PB_TTM_SQ":0.106933925859,"ROA_SQ":-0.636098595282,"START_DATE":"2023-01-01 00:00:00","FISCAL_YEAR":"12-31","CURRENCY":"HKD","IS_CNY_CODE":0,"DPS_HKD_LY":null,"ORG_TYPE":"一般企业","PREMIUM_INCOME":null,"PREMIUM_INCOME_YOY":null,"NET_INTEREST_INCOME":null,"NET_INTEREST_INCOME_YOY":null,"FEE_COMMISSION_INCOME":null,"FEE_COMMISSION_INCOME_YOY":null,"ACCOUNTS_RECE_TDAYS":null,"INVENTORY_TDAYS":0.49576783555,"CURRENT_ASSETS_TDAYS":0.831049227058,"TOTAL_ASSETS_TDAYS":0.422825905059,"PREMIUM_EXPENSE":null,"LOAN_DEPOSIT":null,"LOAN_EQUITY":null,"LOAN_ASSETS":null,"DEPOSIT_EQUITY":null,"DEPOSIT_ASSETS":null,"EQUITY_MULTIPLIER":3.226491035492,"EQUITY_RATIO":2.48977086743},{"SECUCODE":"00983.HK","SECURITY_CODE":"00983","SECURITY_NAME_ABBR":"瑞安建业","ORG_CODE":"10009185","STD_REPORT_DATE":"2022-12-31 00:00:00","REPORT_DATE":"2022-12-31 00:00:00","DATE_TYPE_CODE":"001","REPORT_TYPE":"2022年年报","PER_NETCASH_OPERATE":0.738800524715,"PER_OI":15.0796599009,"BPS":6.290159258205,"BASIC_EPS":-0.5538274,"DILUTED_EPS":null,"OPERATE_INCOME":5633853890,"OPERATE_INCOME_YOY":19.7455857224,"GROSS_PROFIT":5090745730,"GROSS_PROFIT_YOY":26.399721007903,"HOLDER_PROFIT":-207238640,"HOLDER_PROFIT_YOY":-405.2631578947,"GROSS_PROFIT_RATIO":90.359917551926,"EPS_TTM":-0.554698128589,"OPERATE_INCOME_QOQ":20.716903228151,"NET_PROFIT_RATIO":-1.9343586491,"ROE_AVG":-7.873748515188,"GROSS_PROFIT_QOQ":19.378390879996,"ROA":-2.482478198063,"HOLDER_PROFIT_QOQ":-3463.61797984662,"ROE_YEARLY":-7.873748515188,"ROIC_YEARLY":-2.917505030181,"TOTAL_ASSETS":8136796430,"TOTAL_LIABILITIES":5516835520,"TAX_EBT":-205,"OCF_SALES":4.899318217853,"TOTAL_PARENT_EQUITY":2348406830,"DEBT_ASSET_RATIO":67.801075859,"OPERATE_PROFIT":112552020,"PRETAX_PROFIT":-35730800,"NETCASH_OPERATE":276020430,"NETCASH_INVEST":-32157720,"NETCASH_FINANCE":-261728110,"END_CASH":970091220,"DIVI_RATIO":null,"DIVIDEND_RATE":null,"CURRENT_RATIO":1.063448275862,"COMMON_ACS":1000000000,"CURRENTDEBT_DEBT":70.433937823834,"ISSUED_COMMON_SHARES":373346164,"HK_COMMON_SHARES":373346164,"PER_SHARES":2000,"TOTAL_MARKET_CAP":181072889.54,"HKSK_MARKET_CAP":181072889.54,"PE_TTM":-1.104102985,"PB_TTM":0.080156214936,"REPORT_DATE_SQ":"2021-12-31 00:00:00","REPORT_TYPE_SQ":"2021年年报","OPERATE_INCOME_SQ":4306299200,"DPS_HKD":null,"OPERATE_INCOME_QOQ_SQ":-8.579704314402,"NET_PROFIT_RATIO_SQ":3.3225745206,"HOLDER_PROFIT_SQ":62137600,"HOLDER_PROFIT_QOQ_SQ":-65.316112253765,"ROE_AVG_SQ":2.376485303315,"PE_TTM_SQ":-1.041221174502,"PB_TTM_SQ":0.106933925859,"ROA_SQ":0.786261121457,"START_DATE":"2022-01-01 00:00:00","FISCAL_YEAR":"12-31","CURRENCY":"HKD","IS_CNY_CODE":0,"DPS_HKD_LY":0.07,"ORG_TYPE":"一般企业","PREMIUM_INCOME":null,"PREMIUM_INCOME_YOY":null,"NET_INTEREST_INCOME":null,"NET_INTEREST_INCOME_YOY":null,"FEE_COMMISSION_INCOME":null,"FEE_COMMISSION_INCOME_YOY":null,"ACCOUNTS_RECE_TDAYS":4.278833107191,"INVENTORY_TDAYS":0.685070422535,"CURRENT_ASSETS_TDAYS":1.360733549083,"TOTAL_ASSETS_TDAYS":0.674870258413,"PREMIUM_EXPENSE":null,"LOAN_DEPOSIT":null,"LOAN_EQUITY":null,"LOAN_ASSETS":null,"DEPOSIT_EQUITY":null,"DEPOSIT_ASSETS":null,"EQUITY_MULTIPLIER":3.10569382884,"EQUITY_RATIO":2.349182198555},{"SECUCODE":"00983.HK","SECURITY_CODE":"00983","SECURITY_NAME_ABBR":"瑞安建业","ORG_CODE":"10009185","STD_REPORT_DATE":"2022-06-30 00:00:00","REPORT_DATE":"2022-06-30 00:00:00","DATE_TYPE_CODE":"002","REPORT_TYPE":"2022年中报","PER_NETCASH_OPERATE":0.801748839499,"PER_OI":6.290644740687,"BPS":6.869535721278,"BASIC_EPS":-0.1368304,"DILUTED_EPS":-0.1368304,"OPERATE_INCOME":2355193260,"OPERATE_INCOME_YOY":14.8936170213,"GROSS_PROFIT":2114884870,"GROSS_PROFIT_YOY":12.613404410477,"HOLDER_PROFIT":-51311400,"HOLDER_PROFIT_YOY":-400,"GROSS_PROFIT_RATIO":89.796659404503,"EPS_TTM":-0.015532744614,"OPERATE_INCOME_QOQ":8.37604363394,"NET_PROFIT_RATIO":0.0363108206,"ROE_AVG":-1.916014689446,"GROSS_PROFIT_QOQ":5.881575447742,"ROA":-0.636098595282,"HOLDER_PROFIT_QOQ":-109.35890668452,"ROE_YEARLY":-3.832029378892,"ROIC_YEARLY":-1.516587677725,"TOTAL_ASSETS":7938728770,"TOTAL_LIABILITIES":5114891390,"TAX_EBT":98.181818181818,"OCF_SALES":12.745098039216,"TOTAL_PARENT_EQUITY":2564714810,"DEBT_ASSET_RATIO":64.4296024992,"OPERATE_PROFIT":106043560,"PRETAX_PROFIT":47035450,"NETCASH_OPERATE":300171690,"NETCASH_INVEST":-23945320,"NETCASH_FINANCE":-84663810,"END_CASH":1145954600,"DIVI_RATIO":null,"DIVIDEND_RATE":null,"CURRENT_RATIO":1.2741706833,"COMMON_ACS":1000000000,"CURRENTDEBT_DEBT":58.970071894332,"ISSUED_COMMON_SHARES":373346164,"HK_COMMON_SHARES":373346164,"PER_SHARES":2000,"TOTAL_MARKET_CAP":181072889.54,"HKSK_MARKET_CAP":181072889.54,"PE_TTM":-1.104102985,"PB_TTM":0.080156214936,"REPORT_DATE_SQ":"2021-06-30 00:00:00","REPORT_TYPE_SQ":"2021年中报","OPERATE_INCOME_SQ":1994495760,"DPS_HKD":null,"OPERATE_INCOME_QOQ_SQ":-1.29204533653,"NET_PROFIT_RATIO_SQ":2.7117229871,"HOLDER_PROFIT_SQ":16641600,"HOLDER_PROFIT_QOQ_SQ":309.352070865307,"ROE_AVG_SQ":0.633312222926,"PE_TTM_SQ":-1.041221174502,"PB_TTM_SQ":0.106933925859,"ROA_SQ":0.209687565527,"START_DATE":"2022-01-01 00:00:00","FISCAL_YEAR":"12-31","CURRENCY":"HKD","IS_CNY_CODE":0,"DPS_HKD_LY":0.07,"ORG_TYPE":"一般企业","PREMIUM_INCOME":null,"PREMIUM_INCOME_YOY":null,"NET_INTEREST_INCOME":null,"NET_INTEREST_INCOME_YOY":null,"FEE_COMMISSION_INCOME":null,"FEE_COMMISSION_INCOME_YOY":null,"ACCOUNTS_RECE_TDAYS":null,"INVENTORY_TDAYS":0.308452250274,"CURRENT_ASSETS_TDAYS":0.602757715036,"TOTAL_ASSETS_TDAYS":0.291969255235,"PREMIUM_EXPENSE":null,"LOAN_DEPOSIT":null,"LOAN_EQUITY":null,"LOAN_ASSETS":null,"DEPOSIT_EQUITY":null,"DEPOSIT_ASSETS":null,"EQUITY_MULTIPLIER":2.811326468807,"EQUITY_RATIO":1.994331443815},{"SECUCODE":"00983.HK","SECURITY_CODE":"00983","SECURITY_NAME_ABBR":"瑞安建业","ORG_CODE":"10009185","STD_REPORT_DATE":"2021-12-31 00:00:00","REPORT_DATE":"2021-12-31 00:00:00","DATE_TYPE_CODE":"001","REPORT_TYPE":"2021年年报","PER_NETCASH_OPERATE":0.585253859599,"PER_OI":11.501985367564,"BPS":7.147914341501,"BASIC_EPS":0.16352,"DILUTED_EPS":0.16352,"OPERATE_INCOME":4306299200,"OPERATE_INCOME_YOY":-7.1075837743,"GROSS_PROFIT":4027497600,"GROSS_PROFIT_YOY":-6.555413459375,"HOLDER_PROFIT":62137600,"HOLDER_PROFIT_YOY":46.1538461538,"GROSS_PROFIT_RATIO":93.52572621986,"EPS_TTM":0.165967512424,"OPERATE_INCOME_QOQ":-8.579704314402,"NET_PROFIT_RATIO":3.3225745206,"ROE_AVG":2.376485303315,"GROSS_PROFIT_QOQ":-6.515179339576,"ROA":0.786261121457,"HOLDER_PROFIT_QOQ":-65.316112253765,"ROE_YEARLY":2.376485303315,"ROIC_YEARLY":0.914835991574,"TOTAL_ASSETS":7834243200,"TOTAL_LIABILITIES":4944844800,"TAX_EBT":30.830039525692,"OCF_SALES":5.088285551547,"TOTAL_PARENT_EQUITY":2668646400,"DEBT_ASSET_RATIO":63.1183469004,"OPERATE_PROFIT":331945600,"PRETAX_PROFIT":206852800,"NETCASH_OPERATE":219116800,"NETCASH_INVEST":17169600,"NETCASH_FINANCE":-221569600,"END_CASH":921435200,"DIVI_RATIO":null,"DIVIDEND_RATE":null,"CURRENT_RATIO":0.970735785953,"COMMON_ACS":1000000000,"CURRENTDEBT_DEBT":79.100529100529,"ISSUED_COMMON_SHARES":373346164,"HK_COMMON_SHARES":373346164,"PER_SHARES":2000,"TOTAL_MARKET_CAP":181072889.54,"HKSK_MARKET_CAP":181072889.54,"PE_TTM":-1.104102985,"PB_TTM":0.080156214936,"REPORT_DATE_SQ":"2020-12-31 00:00:00","REPORT_TYPE_SQ":"2020年年报","OPERATE_INCOME_SQ":4772098800,"DPS_HKD":null,"OPERATE_INCOME_QOQ_SQ":1.229337392356,"NET_PROFIT_RATIO_SQ":2.4514991182,"HOLDER_PROFIT_SQ":43765280,"HOLDER_PROFIT_QOQ_SQ":135.82824818056,"ROE_AVG_SQ":1.751726461176,"PE_TTM_SQ":-1.041221174502,"PB_TTM_SQ":0.106933925859,"ROA_SQ":0.54206192015,"START_DATE":"2021-01-01 00:00:00","FISCAL_YEAR":"12-31","CURRENCY":"HKD","IS_CNY_CODE":0,"DPS_HKD_LY":null,"ORG_TYPE":"一般企业","PREMIUM_INCOME":null,"PREMIUM_INCOME_YOY":null,"NET_INTEREST_INCOME":null,"NET_INTEREST_INCOME_YOY":null,"FEE_COMMISSION_INCOME":null,"FEE_COMMISSION_INCOME_YOY":null,"ACCOUNTS_RECE_TDAYS":null,"INVENTORY_TDAYS":0.353551062727,"CURRENT_ASSETS_TDAYS":1.115535317166,"TOTAL_ASSETS_TDAYS":0.544899648252,"PREMIUM_EXPENSE":null,"LOAN_DEPOSIT":null,"LOAN_EQUITY":null,"LOAN_ASSETS":null,"DEPOSIT_EQUITY":null,"DEPOSIT_ASSETS":null,"EQUITY_MULTIPLIER":2.711375212221,"EQUITY_RATIO":1.852941176471},{"SECUCODE":"00983.HK","SECURITY_CODE":"00983","SECURITY_NAME_ABBR":"瑞安建业","ORG_CODE":"10009185","STD_REPORT_DATE":"2021-06-30 00:00:00","REPORT_DATE":"2021-06-30 00:00:00","DATE_TYPE_CODE":"002","REPORT_TYPE":"2021年中报","PER_NETCASH_OPERATE":0.13112506142,"PER_OI":5.327233427531,"BPS":7.09620983276,"BASIC_EPS":0.041604,"DILUTED_EPS":0.041604,"OPERATE_INCOME":1994495760,"OPERATE_INCOME_YOY":6.4860062195,"GROSS_PROFIT":1878004560,"GROSS_PROFIT_YOY":-0.098675458473,"HOLDER_PROFIT":16641600,"HOLDER_PROFIT_YOY":115.3846153846,"GROSS_PROFIT_RATIO":94.159365874009,"EPS_TTM":0.478514731791,"OPERATE_INCOME_QOQ":-1.29204533653,"NET_PROFIT_RATIO":2.7117229871,"ROE_AVG":0.633312222926,"GROSS_PROFIT_QOQ":-0.043038131233,"ROA":0.209687565527,"HOLDER_PROFIT_QOQ":309.352070865307,"ROE_YEARLY":1.266624445852,"ROIC_YEARLY":0.487477911157,"TOTAL_ASSETS":7759978080,"TOTAL_LIABILITIES":4901783280,"TAX_EBT":30.851063829787,"OCF_SALES":2.461410095953,"TOTAL_PARENT_EQUITY":2649342720,"DEBT_ASSET_RATIO":63.1674887412,"OPERATE_PROFIT":142285680,"PRETAX_PROFIT":78215520,"NETCASH_OPERATE":49092720,"NETCASH_INVEST":20802000,"NETCASH_FINANCE":-79879680,"END_CASH":910295520,"DIVI_RATIO":null,"DIVIDEND_RATE":null,"CURRENT_RATIO":0.910351966874,"COMMON_ACS":1000000000,"CURRENTDEBT_DEBT":81.989475471058,"ISSUED_COMMON_SHARES":373346164,"HK_COMMON_SHARES":373346164,"PER_SHARES":2000,"TOTAL_MARKET_CAP":181072889.54,"HKSK_MARKET_CAP":181072889.54,"PE_TTM":-1.104102985,"PB_TTM":0.080156214936,"REPORT_DATE_SQ":"2020-06-30 00:00:00","REPORT_TYPE_SQ":"2020年中报","OPERATE_INCOME_SQ":2056153440,"DPS_HKD":null,"OPERATE_INCOME_QOQ_SQ":-5.092590342603,"NET_PROFIT_RATIO_SQ":-4.2647712128,"HOLDER_PROFIT_SQ":-118747200,"HOLDER_PROFIT_QOQ_SQ":-2048.07079544404,"ROE_AVG_SQ":-4.820170559881,"PE_TTM_SQ":-1.041221174502,"PB_TTM_SQ":0.106933925859,"ROA_SQ":-1.407764361904,"START_DATE":"2021-01-01 00:00:00","FISCAL_YEAR":"12-31","CURRENCY":"HKD","IS_CNY_CODE":0,"DPS_HKD_LY":null,"ORG_TYPE":"一般企业","PREMIUM_INCOME":null,"PREMIUM_INCOME_YOY":null,"NET_INTEREST_INCOME":null,"NET_INTEREST_INCOME_YOY":null,"FEE_COMMISSION_INCOME":null,"FEE_COMMISSION_INCOME_YOY":null,"ACCOUNTS_RECE_TDAYS":1.756687431294,"INVENTORY_TDAYS":0.145152928979,"CURRENT_ASSETS_TDAYS":0.521313614615,"TOTAL_ASSETS_TDAYS":0.251310547285,"PREMIUM_EXPENSE":null,"LOAN_DEPOSIT":null,"LOAN_EQUITY":null,"LOAN_ASSETS":null,"DEPOSIT_EQUITY":null,"DEPOSIT_ASSETS":null,"EQUITY_MULTIPLIER":2.714992721983,"EQUITY_RATIO":1.850188442211},{"SECUCODE":"00983.HK","SECURITY_CODE":"00983","SECURITY_NAME_ABBR":"瑞安建业","ORG_CODE":"10009185","STD_REPORT_DATE":"2020-12-31 00:00:00","REPORT_DATE":"2020-12-31 00:00:00","DATE_TYPE_CODE":"001","REPORT_TYPE":"2020年年报","PER_NETCASH_OPERATE":0.332702981433,"PER_OI":12.746120977885,"BPS":7.060515773774,"BASIC_EPS":0.1178296,"DILUTED_EPS":0.1178296,"OPERATE_INCOME":4772098800,"OPERATE_INCOME_YOY":2.254283138,"GROSS_PROFIT":4310038440,"GROSS_PROFIT_YOY":5.261259070027,"HOLDER_PROFIT":43765280,"HOLDER_PROFIT_YOY":642.8571428571,"GROSS_PROFIT_RATIO":90.31746031746,"EPS_TTM":0.116895642125,"OPERATE_INCOME_QOQ":1.229337392356,"NET_PROFIT_RATIO":2.4514991182,"ROE_AVG":1.751726461176,"GROSS_PROFIT_QOQ":1.320766711429,"ROA":0.54206192015,"HOLDER_PROFIT_QOQ":135.82824818056,"ROE_YEARLY":1.751726461176,"ROIC_YEARLY":0.636669727579,"TOTAL_ASSETS":8205990000,"TOTAL_LIABILITIES":5385654360,"TAX_EBT":48.518518518519,"OCF_SALES":2.610229276896,"TOTAL_PARENT_EQUITY":2636016480,"DEBT_ASSET_RATIO":65.6307692308,"OPERATE_PROFIT":387996040,"PRETAX_PROFIT":227242800,"NETCASH_OPERATE":124562720,"NETCASH_INVEST":-214618200,"NETCASH_FINANCE":-165803080,"END_CASH":926645640,"DIVI_RATIO":null,"DIVIDEND_RATE":null,"CURRENT_RATIO":1.1943753111,"COMMON_ACS":1000000000,"CURRENTDEBT_DEBT":62.791061103297,"ISSUED_COMMON_SHARES":373346164,"HK_COMMON_SHARES":373346164,"PER_SHARES":2000,"TOTAL_MARKET_CAP":181072889.54,"HKSK_MARKET_CAP":181072889.54,"PE_TTM":-1.104102985,"PB_TTM":0.080156214936,"REPORT_DATE_SQ":"2019-12-31 00:00:00","REPORT_TYPE_SQ":"2019年年报","OPERATE_INCOME_SQ":4967100100,"DPS_HKD":null,"OPERATE_INCOME_QOQ_SQ":4.990856552343,"NET_PROFIT_RATIO_SQ":1.4247069432,"HOLDER_PROFIT_SQ":6270460,"HOLDER_PROFIT_QOQ_SQ":113.778008834857,"ROE_AVG_SQ":0.245872848613,"PE_TTM_SQ":-1.041221174502,"PB_TTM_SQ":0.106933925859,"ROA_SQ":0.069867252221,"START_DATE":"2020-01-01 00:00:00","FISCAL_YEAR":"12-31","CURRENCY":"HKD","IS_CNY_CODE":0,"DPS_HKD_LY":null,"ORG_TYPE":"一般企业","PREMIUM_INCOME":null,"PREMIUM_INCOME_YOY":null,"NET_INTEREST_INCOME":null,"NET_INTEREST_INCOME_YOY":null,"FEE_COMMISSION_INCOME":null,"FEE_COMMISSION_INCOME_YOY":null,"ACCOUNTS_RECE_TDAYS":4.012738853503,"INVENTORY_TDAYS":0.531204644412,"CURRENT_ASSETS_TDAYS":1.201398453226,"TOTAL_ASSETS_TDAYS":0.591055978318,"PREMIUM_EXPENSE":null,"LOAN_DEPOSIT":null,"LOAN_EQUITY":null,"LOAN_ASSETS":null,"DEPOSIT_EQUITY":null,"DEPOSIT_ASSETS":null,"EQUITY_MULTIPLIER":2.909579230083,"EQUITY_RATIO":2.043103448276},{"SECUCODE":"00983.HK","SECURITY_CODE":"00983","SECURITY_NAME_ABBR":"瑞安建业","ORG_CODE":"10009185","STD_REPORT_DATE":"2020-06-30 00:00:00","REPORT_DATE":"2020-06-30 00:00:00","DATE_TYPE_CODE":"002","REPORT_TYPE":"2020年中报","PER_NETCASH_OPERATE":0.024397685869,"PER_OI":5.491919089214,"BPS":6.334325588517,"BASIC_EPS":-0.319704,"DILUTED_EPS":-0.319704,"OPERATE_INCOME":2056153440,"OPERATE_INCOME_YOY":-14.2476190476,"GROSS_PROFIT":1879859520,"GROSS_PROFIT_YOY":9.255095631622,"HOLDER_PROFIT":-118747200,"HOLDER_PROFIT_YOY":-1281.8181818182,"GROSS_PROFIT_RATIO":91.426032874278,"EPS_TTM":-0.32626669754,"OPERATE_INCOME_QOQ":-5.092590342603,"NET_PROFIT_RATIO":-4.2647712128,"ROE_AVG":-4.820170559881,"GROSS_PROFIT_QOQ":3.88912607602,"ROA":-1.407764361904,"HOLDER_PROFIT_QOQ":-2048.07079544404,"ROE_YEARLY":-9.640341119763,"ROIC_YEARLY":-3.315480744708,"TOTAL_ASSETS":8251103520,"TOTAL_LIABILITIES":5708086560,"TAX_EBT":-39.130434782609,"OCF_SALES":0.444247001333,"TOTAL_PARENT_EQUITY":2364896160,"DEBT_ASSET_RATIO":69.1796745267,"OPERATE_PROFIT":42931680,"PRETAX_PROFIT":-63027360,"NETCASH_OPERATE":9134400,"NETCASH_INVEST":-118747200,"NETCASH_FINANCE":-146150400,"END_CASH":967332960,"DIVI_RATIO":null,"DIVIDEND_RATE":null,"CURRENT_RATIO":1.104606770171,"COMMON_ACS":1000000000,"CURRENTDEBT_DEBT":62.874059849576,"ISSUED_COMMON_SHARES":373346164,"HK_COMMON_SHARES":373346164,"PER_SHARES":2000,"TOTAL_MARKET_CAP":181072889.54,"HKSK_MARKET_CAP":181072889.54,"PE_TTM":-1.104102985,"PB_TTM":0.080156214936,"REPORT_DATE_SQ":"2019-06-30 00:00:00","REPORT_TYPE_SQ":"2019年中报","OPERATE_INCOME_SQ":2309107500,"DPS_HKD":null,"OPERATE_INCOME_QOQ_SQ":-11.889142484488,"NET_PROFIT_RATIO_SQ":1.3714285714,"HOLDER_PROFIT_SQ":9676260,"HOLDER_PROFIT_QOQ_SQ":62.632426813628,"ROE_AVG_SQ":0.380688700467,"PE_TTM_SQ":-1.041221174502,"PB_TTM_SQ":0.106933925859,"ROA_SQ":0.106269925611,"START_DATE":"2020-01-01 00:00:00","FISCAL_YEAR":"12-31","CURRENCY":"HKD","IS_CNY_CODE":0,"DPS_HKD_LY":null,"ORG_TYPE":"一般企业","PREMIUM_INCOME":null,"PREMIUM_INCOME_YOY":null,"NET_INTEREST_INCOME":null,"NET_INTEREST_INCOME_YOY":null,"FEE_COMMISSION_INCOME":null,"FEE_COMMISSION_INCOME_YOY":null,"ACCOUNTS_RECE_TDAYS":1.780150257019,"INVENTORY_TDAYS":0.182851729038,"CURRENT_ASSETS_TDAYS":0.501336302895,"TOTAL_ASSETS_TDAYS":0.243759813742,"PREMIUM_EXPENSE":null,"LOAN_DEPOSIT":null,"LOAN_EQUITY":null,"LOAN_ASSETS":null,"DEPOSIT_EQUITY":null,"DEPOSIT_ASSETS":null,"EQUITY_MULTIPLIER":3.244612068962,"EQUITY_RATIO":2.413673232908}],"count":46},"success":true,"message":"ok","code":0}