{"version":"79d7069ffcb7b5aec02e27ff283ba13c","result":{"pages":6,"data":[{"SECUCODE":"00984.HK","SECURITY_CODE":"00984","SECURITY_NAME_ABBR":"永旺","ORG_CODE":"10009186","STD_REPORT_DATE":"2024-06-30 00:00:00","REPORT_DATE":"2024-06-30 00:00:00","DATE_TYPE_CODE":"002","REPORT_TYPE":"2024年中报","PER_NETCASH_OPERATE":0.969048520923,"PER_OI":14.224233640154,"BPS":-1.291575591692,"BASIC_EPS":-0.600908512,"DILUTED_EPS":-0.600908512,"OPERATE_INCOME":3698300746.44,"OPERATE_INCOME_YOY":-10.3875985107,"GROSS_PROFIT":3698300746.44,"GROSS_PROFIT_YOY":-11.291517612901,"HOLDER_PROFIT":-156228911.68,"HOLDER_PROFIT_YOY":-118.9119369773,"GROSS_PROFIT_RATIO":null,"EPS_TTM":-0.981162179,"OPERATE_INCOME_QOQ":-5.975751984906,"NET_PROFIT_RATIO":-4.2986743031,"ROE_AVG":60.520863533189,"GROSS_PROFIT_QOQ":-5.975751984906,"ROA":-3.025461805524,"HOLDER_PROFIT_QOQ":-49.211733605659,"ROE_YEARLY":121.041727066377,"ROIC_YEARLY":-7.581616785006,"TOTAL_ASSETS":5235760403.84,"TOTAL_LIABILITIES":5479894089.72,"TAX_EBT":-0.431273062731,"OCF_SALES":6.812658913219,"TOTAL_PARENT_EQUITY":-335809653.84,"DEBT_ASSET_RATIO":104.6628124102,"OPERATE_PROFIT":283723006.24,"PRETAX_PROFIT":-158295219.2,"NETCASH_OPERATE":251952615.44,"NETCASH_INVEST":15554805.24,"NETCASH_FINANCE":-428387349.64,"END_CASH":558141239.88,"DIVI_RATIO":null,"DIVIDEND_RATE":null,"CURRENT_RATIO":0.65632684519,"COMMON_ACS":null,"CURRENTDEBT_DEBT":49.659478839655,"ISSUED_COMMON_SHARES":260000000,"HK_COMMON_SHARES":260000000,"PER_SHARES":500,"TOTAL_MARKET_CAP":102700000,"HKSK_MARKET_CAP":102700000,"PE_TTM":-0.364648612951,"PB_TTM":-0.279123113133,"REPORT_DATE_SQ":"2023-06-30 00:00:00","REPORT_TYPE_SQ":"2023年中报","OPERATE_INCOME_SQ":4169049731.12,"DPS_HKD":null,"OPERATE_INCOME_QOQ_SQ":-1.737439706119,"NET_PROFIT_RATIO_SQ":-1.6929597748,"HOLDER_PROFIT_SQ":-72093304.12,"HOLDER_PROFIT_QOQ_SQ":26.265969961146,"ROE_AVG_SQ":186.727481134779,"PE_TTM_SQ":-1.016670794176,"PB_TTM_SQ":-1.868755839862,"ROA_SQ":-1.357768442259,"START_DATE":"2024-01-01 00:00:00","FISCAL_YEAR":"12-31","CURRENCY":"HKD","IS_CNY_CODE":0,"DPS_HKD_LY":null,"ORG_TYPE":"一般企业","PREMIUM_INCOME":null,"PREMIUM_INCOME_YOY":null,"NET_INTEREST_INCOME":null,"NET_INTEREST_INCOME_YOY":null,"FEE_COMMISSION_INCOME":null,"FEE_COMMISSION_INCOME_YOY":null,"ACCOUNTS_RECE_TDAYS":20.70414784688,"INVENTORY_TDAYS":null,"CURRENT_ASSETS_TDAYS":1.874738108561,"TOTAL_ASSETS_TDAYS":0.716196991541,"PREMIUM_EXPENSE":null,"LOAN_DEPOSIT":null,"LOAN_EQUITY":null,"LOAN_ASSETS":null,"DEPOSIT_EQUITY":null,"DEPOSIT_ASSETS":null,"EQUITY_MULTIPLIER":-21.446284174171,"EQUITY_RATIO":-16.318453108948},{"SECUCODE":"00984.HK","SECURITY_CODE":"00984","SECURITY_NAME_ABBR":"永旺","ORG_CODE":"10009186","STD_REPORT_DATE":"2023-12-31 00:00:00","REPORT_DATE":"2023-12-31 00:00:00","DATE_TYPE_CODE":"001","REPORT_TYPE":"2023年年报","PER_NETCASH_OPERATE":3.305454877308,"PER_OI":30.298664043846,"BPS":-0.689208193692,"BASIC_EPS":-0.657553232,"DILUTED_EPS":-0.657553232,"OPERATE_INCOME":7877652651.4,"OPERATE_INCOME_YOY":-9.1779494178,"GROSS_PROFIT":7877652651.4,"GROSS_PROFIT_YOY":-7.861275226352,"HOLDER_PROFIT":-170966558.98,"HOLDER_PROFIT_YOY":14.1959867559,"GROSS_PROFIT_RATIO":null,"EPS_TTM":-0.657563688385,"OPERATE_INCOME_QOQ":-6.232114756544,"NET_PROFIT_RATIO":-2.1604142245,"ROE_AVG":190.553097792053,"GROSS_PROFIT_QOQ":-6.232114756544,"ROA":-3.248114496212,"HOLDER_PROFIT_QOQ":-18.056668562411,"ROE_YEARLY":190.553097792053,"ROIC_YEARLY":-4.269255056755,"TOTAL_ASSETS":5055806817.32,"TOTAL_LIABILITIES":5141378453.26,"TAX_EBT":-1.361183074266,"OCF_SALES":10.909573017887,"TOTAL_PARENT_EQUITY":-179194130.36,"DEBT_ASSET_RATIO":101.6925416463,"OPERATE_PROFIT":3077523.12,"PRETAX_PROFIT":-167904441.6,"NETCASH_OPERATE":859418268.1,"NETCASH_INVEST":-235997812.4,"NETCASH_FINANCE":-938044633.96,"END_CASH":713330166.78,"DIVI_RATIO":null,"DIVIDEND_RATE":null,"CURRENT_RATIO":0.775807500912,"COMMON_ACS":null,"CURRENTDEBT_DEBT":53.753274252115,"ISSUED_COMMON_SHARES":260000000,"HK_COMMON_SHARES":260000000,"PER_SHARES":500,"TOTAL_MARKET_CAP":113100000,"HKSK_MARKET_CAP":113100000,"PE_TTM":-0.401575054768,"PB_TTM":-0.307388744843,"REPORT_DATE_SQ":"2022-12-31 00:00:00","REPORT_TYPE_SQ":"2022年年报","OPERATE_INCOME_SQ":8549773909.67,"DPS_HKD":null,"OPERATE_INCOME_QOQ_SQ":5.166563619863,"NET_PROFIT_RATIO_SQ":-2.347805491,"HOLDER_PROFIT_SQ":-196405061.44,"HOLDER_PROFIT_QOQ_SQ":35.339781069275,"ROE_AVG_SQ":-216.441403750554,"PE_TTM_SQ":-1.152226900066,"PB_TTM_SQ":-2.117923285177,"ROA_SQ":-3.259398517697,"START_DATE":"2023-01-01 00:00:00","FISCAL_YEAR":"12-31","CURRENCY":"HKD","IS_CNY_CODE":0,"DPS_HKD_LY":0.04,"ORG_TYPE":"一般企业","PREMIUM_INCOME":null,"PREMIUM_INCOME_YOY":null,"NET_INTEREST_INCOME":null,"NET_INTEREST_INCOME_YOY":null,"FEE_COMMISSION_INCOME":null,"FEE_COMMISSION_INCOME_YOY":null,"ACCOUNTS_RECE_TDAYS":47.61598799312,"INVENTORY_TDAYS":null,"CURRENT_ASSETS_TDAYS":3.547132209058,"TOTAL_ASSETS_TDAYS":1.496638753555,"PREMIUM_EXPENSE":null,"LOAN_DEPOSIT":null,"LOAN_EQUITY":null,"LOAN_ASSETS":null,"DEPOSIT_EQUITY":null,"DEPOSIT_ASSETS":null,"EQUITY_MULTIPLIER":-59.082741165398,"EQUITY_RATIO":-28.691667762393},{"SECUCODE":"00984.HK","SECURITY_CODE":"00984","SECURITY_NAME_ABBR":"永旺","ORG_CODE":"10009186","STD_REPORT_DATE":"2023-06-30 00:00:00","REPORT_DATE":"2023-06-30 00:00:00","DATE_TYPE_CODE":"002","REPORT_TYPE":"2023年中报","PER_NETCASH_OPERATE":1.847399694615,"PER_OI":16.034806658154,"BPS":-0.296019409385,"BASIC_EPS":-0.277239386,"DILUTED_EPS":-0.277239386,"OPERATE_INCOME":4169049731.12,"OPERATE_INCOME_YOY":-10.4354606999,"GROSS_PROFIT":4169049731.12,"GROSS_PROFIT_YOY":-3.4405056842,"HOLDER_PROFIT":-72093304.12,"HOLDER_PROFIT_YOY":45.9329018697,"GROSS_PROFIT_RATIO":null,"EPS_TTM":-0.556989873077,"OPERATE_INCOME_QOQ":-1.737439706119,"NET_PROFIT_RATIO":-1.6929597748,"ROE_AVG":186.727481134779,"GROSS_PROFIT_QOQ":-1.737439706119,"ROA":-1.357768442259,"HOLDER_PROFIT_QOQ":26.265969961146,"ROE_YEARLY":373.454962269558,"ROIC_YEARLY":-3.62770447389,"TOTAL_ASSETS":5052910468.02,"TOTAL_LIABILITIES":5033516618.72,"TAX_EBT":-1.367849576271,"OCF_SALES":11.521184720216,"TOTAL_PARENT_EQUITY":-76965046.44,"DEBT_ASSET_RATIO":99.6161845847,"OPERATE_PROFIT":418973527.44,"PRETAX_PROFIT":-69627929.6,"NETCASH_OPERATE":480323920.6,"NETCASH_INVEST":-170883461.12,"NETCASH_FINANCE":-479958816.52,"END_CASH":877872476.8,"DIVI_RATIO":null,"DIVIDEND_RATE":null,"CURRENT_RATIO":0.785030432466,"COMMON_ACS":null,"CURRENTDEBT_DEBT":56.450706516244,"ISSUED_COMMON_SHARES":260000000,"HK_COMMON_SHARES":260000000,"PER_SHARES":500,"TOTAL_MARKET_CAP":113100000,"HKSK_MARKET_CAP":113100000,"PE_TTM":-0.401575054768,"PB_TTM":-0.307388744843,"REPORT_DATE_SQ":"2022-06-30 00:00:00","REPORT_TYPE_SQ":"2022年中报","OPERATE_INCOME_SQ":4317596897.81,"DPS_HKD":null,"OPERATE_INCOME_QOQ_SQ":4.066754113303,"NET_PROFIT_RATIO_SQ":-3.1219726112,"HOLDER_PROFIT_SQ":-123680998.56,"HOLDER_PROFIT_QOQ_SQ":20.94834719324,"ROE_AVG_SQ":-106.424516257216,"PE_TTM_SQ":-1.152226900066,"PB_TTM_SQ":-2.117923285177,"ROA_SQ":-2.035545909038,"START_DATE":"2023-01-01 00:00:00","FISCAL_YEAR":"12-31","CURRENCY":"HKD","IS_CNY_CODE":0,"DPS_HKD_LY":0.04,"ORG_TYPE":"一般企业","PREMIUM_INCOME":null,"PREMIUM_INCOME_YOY":null,"NET_INTEREST_INCOME":null,"NET_INTEREST_INCOME_YOY":null,"FEE_COMMISSION_INCOME":null,"FEE_COMMISSION_INCOME_YOY":null,"ACCOUNTS_RECE_TDAYS":null,"INVENTORY_TDAYS":null,"CURRENT_ASSETS_TDAYS":1.825239591144,"TOTAL_ASSETS_TDAYS":0.78517751797,"PREMIUM_EXPENSE":null,"LOAN_DEPOSIT":null,"LOAN_EQUITY":null,"LOAN_ASSETS":null,"DEPOSIT_EQUITY":null,"DEPOSIT_ASSETS":null,"EQUITY_MULTIPLIER":260.541906379233,"EQUITY_RATIO":-65.400033541771},{"SECUCODE":"00984.HK","SECURITY_CODE":"00984","SECURITY_NAME_ABBR":"永旺","ORG_CODE":"10009186","STD_REPORT_DATE":"2022-12-31 00:00:00","REPORT_DATE":"2022-12-31 00:00:00","DATE_TYPE_CODE":"001","REPORT_TYPE":"2022年年报","PER_NETCASH_OPERATE":2.972290647577,"PER_OI":32.883745806423,"BPS":-0.000941369154,"BASIC_EPS":-0.755438439,"DILUTED_EPS":-0.755438439,"OPERATE_INCOME":8549773909.67,"OPERATE_INCOME_YOY":0.1723417229,"GROSS_PROFIT":8549773909.67,"GROSS_PROFIT_YOY":9.443429171693,"HOLDER_PROFIT":-196405061.44,"HOLDER_PROFIT_YOY":53.215040333,"GROSS_PROFIT_RATIO":null,"EPS_TTM":-0.755404082462,"OPERATE_INCOME_QOQ":5.166563619863,"NET_PROFIT_RATIO":-2.347805491,"ROE_AVG":-216.441403750554,"GROSS_PROFIT_QOQ":5.166563619863,"ROA":-3.259398517697,"HOLDER_PROFIT_QOQ":35.339781069275,"ROE_YEARLY":-216.441403750554,"ROIC_YEARLY":-4.391639961103,"TOTAL_ASSETS":5393133703.86,"TOTAL_LIABILITIES":5302132715.88,"TAX_EBT":-2.367915159577,"OCF_SALES":9.038783674688,"TOTAL_PARENT_EQUITY":-244755.98,"DEBT_ASSET_RATIO":98.3126509933,"OPERATE_PROFIT":15209708.29,"PRETAX_PROFIT":-196088843.86,"NETCASH_OPERATE":772795568.37,"NETCASH_INVEST":-112205431.24,"NETCASH_FINANCE":-963374722.87,"END_CASH":1012860094.33,"DIVI_RATIO":null,"DIVIDEND_RATE":null,"CURRENT_RATIO":0.804596223857,"COMMON_ACS":null,"CURRENTDEBT_DEBT":53.088628630693,"ISSUED_COMMON_SHARES":260000000,"HK_COMMON_SHARES":260000000,"PER_SHARES":500,"TOTAL_MARKET_CAP":113100000,"HKSK_MARKET_CAP":113100000,"PE_TTM":-0.401575054768,"PB_TTM":-0.307388744843,"REPORT_DATE_SQ":"2021-12-31 00:00:00","REPORT_TYPE_SQ":"2021年年报","OPERATE_INCOME_SQ":7812048630.4,"DPS_HKD":null,"OPERATE_INCOME_QOQ_SQ":1.812142445741,"NET_PROFIT_RATIO_SQ":-5.2664017681,"HOLDER_PROFIT_SQ":-384241748.8,"HOLDER_PROFIT_QOQ_SQ":-126.883343282254,"ROE_AVG_SQ":-103.733142037303,"PE_TTM_SQ":-1.152226900066,"PB_TTM_SQ":-2.117923285177,"ROA_SQ":-5.94972906029,"START_DATE":"2022-01-01 00:00:00","FISCAL_YEAR":"12-31","CURRENCY":"HKD","IS_CNY_CODE":0,"DPS_HKD_LY":0.05,"ORG_TYPE":"一般企业","PREMIUM_INCOME":null,"PREMIUM_INCOME_YOY":null,"NET_INTEREST_INCOME":null,"NET_INTEREST_INCOME_YOY":null,"FEE_COMMISSION_INCOME":null,"FEE_COMMISSION_INCOME_YOY":null,"ACCOUNTS_RECE_TDAYS":62.76481851864,"INVENTORY_TDAYS":null,"CURRENT_ASSETS_TDAYS":3.45922312307,"TOTAL_ASSETS_TDAYS":1.418859585568,"PREMIUM_EXPENSE":null,"LOAN_DEPOSIT":null,"LOAN_EQUITY":null,"LOAN_ASSETS":null,"DEPOSIT_EQUITY":null,"DEPOSIT_ASSETS":null,"EQUITY_MULTIPLIER":59.264562104773,"EQUITY_RATIO":-21662.9343065693},{"SECUCODE":"00984.HK","SECURITY_CODE":"00984","SECURITY_NAME_ABBR":"永旺","ORG_CODE":"10009186","STD_REPORT_DATE":"2022-06-30 00:00:00","REPORT_DATE":"2022-06-30 00:00:00","DATE_TYPE_CODE":"002","REPORT_TYPE":"2022年中报","PER_NETCASH_OPERATE":1.599665786923,"PER_OI":16.606141914654,"BPS":0.224793269885,"BASIC_EPS":-0.475656678,"DILUTED_EPS":-0.475656678,"OPERATE_INCOME":4317596897.81,"OPERATE_INCOME_YOY":5.0256599079,"GROSS_PROFIT":4317596897.81,"GROSS_PROFIT_YOY":7.942618614389,"HOLDER_PROFIT":-123680998.56,"HOLDER_PROFIT_YOY":41.060490592,"GROSS_PROFIT_RATIO":null,"EPS_TTM":-1.168267127692,"OPERATE_INCOME_QOQ":4.066754113303,"NET_PROFIT_RATIO":-3.1219726112,"ROE_AVG":-106.424516257216,"GROSS_PROFIT_QOQ":4.066754113303,"ROA":-2.035545909038,"HOLDER_PROFIT_QOQ":20.94834719324,"ROE_YEARLY":-212.849032514432,"ROIC_YEARLY":-5.521562686539,"TOTAL_ASSETS":5777490891.62,"TOTAL_LIABILITIES":5631811840.69,"TAX_EBT":-3.38180410985,"OCF_SALES":9.632976733214,"TOTAL_PARENT_EQUITY":58446250.17,"DEBT_ASSET_RATIO":97.4785066102,"OPERATE_PROFIT":-22600106.13,"PRETAX_PROFIT":-130384832.97,"NETCASH_OPERATE":415913104.6,"NETCASH_INVEST":-65154360.53,"NETCASH_FINANCE":-466327410.29,"END_CASH":1184250863.39,"DIVI_RATIO":null,"DIVIDEND_RATE":null,"CURRENT_RATIO":0.833774204931,"COMMON_ACS":null,"CURRENTDEBT_DEBT":50.608409355715,"ISSUED_COMMON_SHARES":260000000,"HK_COMMON_SHARES":260000000,"PER_SHARES":500,"TOTAL_MARKET_CAP":113100000,"HKSK_MARKET_CAP":113100000,"PE_TTM":-0.401575054768,"PB_TTM":-0.307388744843,"REPORT_DATE_SQ":"2021-06-30 00:00:00","REPORT_TYPE_SQ":"2021年中报","OPERATE_INCOME_SQ":3999900088.8,"DPS_HKD":null,"OPERATE_INCOME_QOQ_SQ":-8.483980686057,"NET_PROFIT_RATIO_SQ":-5.5434970284,"HOLDER_PROFIT_SQ":-204173294.16,"HOLDER_PROFIT_QOQ_SQ":-446.709911679281,"ROE_AVG_SQ":-43.005364782421,"PE_TTM_SQ":-1.152226900066,"PB_TTM_SQ":-2.117923285177,"ROA_SQ":-3.043676321694,"START_DATE":"2022-01-01 00:00:00","FISCAL_YEAR":"12-31","CURRENCY":"HKD","IS_CNY_CODE":0,"DPS_HKD_LY":0.05,"ORG_TYPE":"一般企业","PREMIUM_INCOME":null,"PREMIUM_INCOME_YOY":null,"NET_INTEREST_INCOME":null,"NET_INTEREST_INCOME_YOY":null,"FEE_COMMISSION_INCOME":null,"FEE_COMMISSION_INCOME_YOY":null,"ACCOUNTS_RECE_TDAYS":162.667107001321,"INVENTORY_TDAYS":null,"CURRENT_ASSETS_TDAYS":1.747804684943,"TOTAL_ASSETS_TDAYS":0.710591505934,"PREMIUM_EXPENSE":null,"LOAN_DEPOSIT":null,"LOAN_EQUITY":null,"LOAN_ASSETS":null,"DEPOSIT_EQUITY":null,"DEPOSIT_ASSETS":null,"EQUITY_MULTIPLIER":39.659037142244,"EQUITY_RATIO":96.358822410488},{"SECUCODE":"00984.HK","SECURITY_CODE":"00984","SECURITY_NAME_ABBR":"永旺","ORG_CODE":"10009186","STD_REPORT_DATE":"2021-12-31 00:00:00","REPORT_DATE":"2021-12-31 00:00:00","DATE_TYPE_CODE":"001","REPORT_TYPE":"2021年年报","PER_NETCASH_OPERATE":3.21750128,"PER_OI":30.046340886154,"BPS":0.639753132308,"BASIC_EPS":-1.47789376,"DILUTED_EPS":-1.47789376,"OPERATE_INCOME":7812048630.4,"OPERATE_INCOME_YOY":-4.0859603692,"GROSS_PROFIT":7812048630.4,"GROSS_PROFIT_YOY":-6.825580055416,"HOLDER_PROFIT":-384241748.8,"HOLDER_PROFIT_YOY":-1176.8651850242,"GROSS_PROFIT_RATIO":null,"EPS_TTM":-1.47785288,"OPERATE_INCOME_QOQ":1.812142445741,"NET_PROFIT_RATIO":-5.2664017681,"ROE_AVG":-103.733142037303,"GROSS_PROFIT_QOQ":1.812142445741,"ROA":-5.94972906029,"HOLDER_PROFIT_QOQ":-126.883343282254,"ROE_YEARLY":-103.733142037303,"ROIC_YEARLY":-8.036006881073,"TOTAL_ASSETS":6094432097.6,"TOTAL_LIABILITIES":5830600753.6,"TAX_EBT":-2.71338874555,"OCF_SALES":10.708462944593,"TOTAL_PARENT_EQUITY":166335814.4,"DEBT_ASSET_RATIO":95.6709445642,"OPERATE_PROFIT":-168634088,"PRETAX_PROFIT":-400545510.4,"NETCASH_OPERATE":836550332.8,"NETCASH_INVEST":-4677489.6,"NETCASH_FINANCE":-848112832,"END_CASH":1265557316.8,"DIVI_RATIO":null,"DIVIDEND_RATE":null,"CURRENT_RATIO":0.866653698432,"COMMON_ACS":null,"CURRENTDEBT_DEBT":48.514385963633,"ISSUED_COMMON_SHARES":260000000,"HK_COMMON_SHARES":260000000,"PER_SHARES":500,"TOTAL_MARKET_CAP":113100000,"HKSK_MARKET_CAP":113100000,"PE_TTM":-0.401575054768,"PB_TTM":-0.307388744843,"REPORT_DATE_SQ":"2020-12-31 00:00:00","REPORT_TYPE_SQ":"2020年年报","OPERATE_INCOME_SQ":8384327624.52,"DPS_HKD":null,"OPERATE_INCOME_QOQ_SQ":-6.497894801148,"NET_PROFIT_RATIO_SQ":-0.3035166107,"HOLDER_PROFIT_SQ":-30977401.84,"HOLDER_PROFIT_QOQ_SQ":70.127106192171,"ROE_AVG_SQ":-4.986627719505,"PE_TTM_SQ":-1.152226900066,"PB_TTM_SQ":-2.117923285177,"ROA_SQ":-0.440231720295,"START_DATE":"2021-01-01 00:00:00","FISCAL_YEAR":"12-31","CURRENCY":"HKD","IS_CNY_CODE":0,"DPS_HKD_LY":0.08,"ORG_TYPE":"一般企业","PREMIUM_INCOME":null,"PREMIUM_INCOME_YOY":null,"NET_INTEREST_INCOME":null,"NET_INTEREST_INCOME_YOY":null,"FEE_COMMISSION_INCOME":null,"FEE_COMMISSION_INCOME_YOY":null,"ACCOUNTS_RECE_TDAYS":null,"INVENTORY_TDAYS":null,"CURRENT_ASSETS_TDAYS":3.131297592846,"TOTAL_ASSETS_TDAYS":1.209644004116,"PREMIUM_EXPENSE":null,"LOAN_DEPOSIT":null,"LOAN_EQUITY":null,"LOAN_ASSETS":null,"DEPOSIT_EQUITY":null,"DEPOSIT_ASSETS":null,"EQUITY_MULTIPLIER":23.099727292247,"EQUITY_RATIO":35.053189083974},{"SECUCODE":"00984.HK","SECURITY_CODE":"00984","SECURITY_NAME_ABBR":"永旺","ORG_CODE":"10009186","STD_REPORT_DATE":"2021-06-30 00:00:00","REPORT_DATE":"2021-06-30 00:00:00","DATE_TYPE_CODE":"002","REPORT_TYPE":"2021年中报","PER_NETCASH_OPERATE":1.189980010154,"PER_OI":15.384231110769,"BPS":1.40330292,"BASIC_EPS":-0.785317104,"DILUTED_EPS":-0.785317104,"OPERATE_INCOME":3999900088.8,"OPERATE_INCOME_YOY":-6.7969217901,"GROSS_PROFIT":3999900088.8,"GROSS_PROFIT_YOY":-15.098509681119,"HOLDER_PROFIT":-204173294.16,"HOLDER_PROFIT_YOY":-240.6641769287,"GROSS_PROFIT_RATIO":null,"EPS_TTM":-0.651371254769,"OPERATE_INCOME_QOQ":-8.483980686057,"NET_PROFIT_RATIO":-5.5434970284,"ROE_AVG":-43.005364782421,"GROSS_PROFIT_QOQ":-8.483980686057,"ROA":-3.043676321694,"HOLDER_PROFIT_QOQ":-446.709911679281,"ROE_YEARLY":-86.010729564841,"ROIC_YEARLY":-8.142392400385,"TOTAL_ASSETS":6473566590.48,"TOTAL_LIABILITIES":5999623807.44,"TAX_EBT":-1.501098875985,"OCF_SALES":7.735063270863,"TOTAL_PARENT_EQUITY":364858759.2,"DEBT_ASSET_RATIO":92.6787996012,"OPERATE_PROFIT":-97488989.04,"PRETAX_PROFIT":-218455115.28,"NETCASH_OPERATE":309394802.64,"NETCASH_INVEST":-139296016.56,"NETCASH_FINANCE":-419144490.48,"END_CASH":1052007064.8,"DIVI_RATIO":null,"DIVIDEND_RATE":null,"CURRENT_RATIO":0.896644151423,"COMMON_ACS":null,"CURRENTDEBT_DEBT":43.473594296455,"ISSUED_COMMON_SHARES":260000000,"HK_COMMON_SHARES":260000000,"PER_SHARES":500,"TOTAL_MARKET_CAP":113100000,"HKSK_MARKET_CAP":113100000,"PE_TTM":-0.401575054768,"PB_TTM":-0.307388744843,"REPORT_DATE_SQ":"2020-06-30 00:00:00","REPORT_TYPE_SQ":"2020年中报","OPERATE_INCOME_SQ":4711224825.12,"DPS_HKD":null,"OPERATE_INCOME_QOQ_SQ":5.440292109799,"NET_PROFIT_RATIO_SQ":-1.2222760148,"HOLDER_PROFIT_SQ":-65794169.76,"HOLDER_PROFIT_QOQ_SQ":38.661295758507,"ROE_AVG_SQ":-9.867959579575,"PE_TTM_SQ":-1.152226900066,"PB_TTM_SQ":-2.117923285177,"ROA_SQ":-0.883565695242,"START_DATE":"2021-01-01 00:00:00","FISCAL_YEAR":"12-31","CURRENCY":"HKD","IS_CNY_CODE":0,"DPS_HKD_LY":0.08,"ORG_TYPE":"一般企业","PREMIUM_INCOME":null,"PREMIUM_INCOME_YOY":null,"NET_INTEREST_INCOME":null,"NET_INTEREST_INCOME_YOY":null,"FEE_COMMISSION_INCOME":null,"FEE_COMMISSION_INCOME_YOY":null,"ACCOUNTS_RECE_TDAYS":135.520347321089,"INVENTORY_TDAYS":null,"CURRENT_ASSETS_TDAYS":1.625382435418,"TOTAL_ASSETS_TDAYS":0.596277845225,"PREMIUM_EXPENSE":null,"LOAN_DEPOSIT":null,"LOAN_EQUITY":null,"LOAN_ASSETS":null,"DEPOSIT_EQUITY":null,"DEPOSIT_ASSETS":null,"EQUITY_MULTIPLIER":13.658962267498,"EQUITY_RATIO":16.443688567584},{"SECUCODE":"00984.HK","SECURITY_CODE":"00984","SECURITY_NAME_ABBR":"永旺","ORG_CODE":"10009186","STD_REPORT_DATE":"2020-12-31 00:00:00","REPORT_DATE":"2020-12-31 00:00:00","DATE_TYPE_CODE":"001","REPORT_TYPE":"2020年年报","PER_NETCASH_OPERATE":4.263039320154,"PER_OI":32.247413940462,"BPS":2.274551522462,"BASIC_EPS":-0.1178296,"DILUTED_EPS":null,"OPERATE_INCOME":8384327624.52,"OPERATE_INCOME_YOY":4.9307999116,"GROSS_PROFIT":8384327624.52,"GROSS_PROFIT_YOY":-1.41110714952,"HOLDER_PROFIT":-30977401.84,"HOLDER_PROFIT_YOY":80.4976526817,"GROSS_PROFIT_RATIO":null,"EPS_TTM":-0.119143853231,"OPERATE_INCOME_QOQ":-6.497894801148,"NET_PROFIT_RATIO":-0.3035166107,"ROE_AVG":-4.986627719505,"GROSS_PROFIT_QOQ":-6.497894801148,"ROA":-0.440231720295,"HOLDER_PROFIT_QOQ":70.127106192171,"ROE_YEARLY":-4.986627719505,"ROIC_YEARLY":-0.582290174182,"TOTAL_ASSETS":7022428700.16,"TOTAL_LIABILITIES":6307344423.68,"TAX_EBT":-49.320954121191,"OCF_SALES":13.219786640953,"TOTAL_PARENT_EQUITY":591383395.84,"DEBT_ASSET_RATIO":89.8171372468,"OPERATE_PROFIT":229351949.84,"PRETAX_PROFIT":-17042368.36,"NETCASH_OPERATE":1108390223.24,"NETCASH_INVEST":-250316360.6,"NETCASH_FINANCE":-831413232.36,"END_CASH":1294305132.68,"DIVI_RATIO":null,"DIVIDEND_RATE":null,"CURRENT_RATIO":0.970516074212,"COMMON_ACS":null,"CURRENTDEBT_DEBT":42.683189149028,"ISSUED_COMMON_SHARES":260000000,"HK_COMMON_SHARES":260000000,"PER_SHARES":500,"TOTAL_MARKET_CAP":113100000,"HKSK_MARKET_CAP":113100000,"PE_TTM":-0.401575054768,"PB_TTM":-0.307388744843,"REPORT_DATE_SQ":"2019-12-31 00:00:00","REPORT_TYPE_SQ":"2019年年报","OPERATE_INCOME_SQ":8504332873.72,"DPS_HKD":null,"OPERATE_INCOME_QOQ_SQ":-0.769290108375,"NET_PROFIT_RATIO_SQ":-1.9906414456,"HOLDER_PROFIT_SQ":-169056976.28,"HOLDER_PROFIT_QOQ_SQ":-28.344939995677,"ROE_AVG_SQ":-17.043961854601,"PE_TTM_SQ":-1.152226900066,"PB_TTM_SQ":-2.117923285177,"ROA_SQ":-2.95688370159,"START_DATE":"2020-01-01 00:00:00","FISCAL_YEAR":"12-31","CURRENCY":"HKD","IS_CNY_CODE":0,"DPS_HKD_LY":0.1,"ORG_TYPE":"一般企业","PREMIUM_INCOME":null,"PREMIUM_INCOME_YOY":null,"NET_INTEREST_INCOME":null,"NET_INTEREST_INCOME_YOY":null,"FEE_COMMISSION_INCOME":null,"FEE_COMMISSION_INCOME_YOY":null,"ACCOUNTS_RECE_TDAYS":272.462030769231,"INVENTORY_TDAYS":null,"CURRENT_ASSETS_TDAYS":3.298429272566,"TOTAL_ASSETS_TDAYS":1.191528906369,"PREMIUM_EXPENSE":null,"LOAN_DEPOSIT":null,"LOAN_EQUITY":null,"LOAN_ASSETS":null,"DEPOSIT_EQUITY":null,"DEPOSIT_ASSETS":null,"EQUITY_MULTIPLIER":9.820421076438,"EQUITY_RATIO":10.66540668549},{"SECUCODE":"00984.HK","SECURITY_CODE":"00984","SECURITY_NAME_ABBR":"永旺","ORG_CODE":"10009186","STD_REPORT_DATE":"2020-06-30 00:00:00","REPORT_DATE":"2020-06-30 00:00:00","DATE_TYPE_CODE":"002","REPORT_TYPE":"2020年中报","PER_NETCASH_OPERATE":2.005745604923,"PER_OI":18.120095481231,"BPS":2.411214594462,"BASIC_EPS":-0.25302288,"DILUTED_EPS":null,"OPERATE_INCOME":4711224825.12,"OPERATE_INCOME_YOY":6.7889841773,"GROSS_PROFIT":4711224825.12,"GROSS_PROFIT_YOY":10.889809366054,"HOLDER_PROFIT":-65794169.76,"HOLDER_PROFIT_YOY":51.68951548,"GROSS_PROFIT_RATIO":null,"EPS_TTM":-0.398835994923,"OPERATE_INCOME_QOQ":5.440292109799,"NET_PROFIT_RATIO":-1.2222760148,"ROE_AVG":-9.867959579575,"GROSS_PROFIT_QOQ":5.440292109799,"ROA":-0.883565695242,"HOLDER_PROFIT_QOQ":38.661295758507,"ROE_YEARLY":-19.73591915915,"ROIC_YEARLY":-2.319654465554,"TOTAL_ASSETS":7240577636.16,"TOTAL_LIABILITIES":6487260927.84,"TAX_EBT":-18.978956308389,"OCF_SALES":11.069177902515,"TOTAL_PARENT_EQUITY":626915794.56,"DEBT_ASSET_RATIO":89.59590317,"OPERATE_PROFIT":510497866.56,"PRETAX_PROFIT":-48398618.4,"NETCASH_OPERATE":521493857.28,"NETCASH_INVEST":-204807863.04,"NETCASH_FINANCE":-425670347.52,"END_CASH":1219955753.28,"DIVI_RATIO":null,"DIVIDEND_RATE":null,"CURRENT_RATIO":0.895547483862,"COMMON_ACS":null,"CURRENTDEBT_DEBT":45.362982400337,"ISSUED_COMMON_SHARES":260000000,"HK_COMMON_SHARES":260000000,"PER_SHARES":500,"TOTAL_MARKET_CAP":113100000,"HKSK_MARKET_CAP":113100000,"PE_TTM":-0.401575054768,"PB_TTM":-0.307388744843,"REPORT_DATE_SQ":"2019-06-30 00:00:00","REPORT_TYPE_SQ":"2019年中报","OPERATE_INCOME_SQ":4248564274.8,"DPS_HKD":null,"OPERATE_INCOME_QOQ_SQ":1.088077314638,"NET_PROFIT_RATIO_SQ":-3.0629966582,"HOLDER_PROFIT_SQ":-131153787.36,"HOLDER_PROFIT_QOQ_SQ":-205.403630054029,"ROE_AVG_SQ":-12.878505189546,"PE_TTM_SQ":-1.152226900066,"PB_TTM_SQ":-2.117923285177,"ROA_SQ":-2.33503297285,"START_DATE":"2020-01-01 00:00:00","FISCAL_YEAR":"12-31","CURRENCY":"HKD","IS_CNY_CODE":0,"DPS_HKD_LY":0.1,"ORG_TYPE":"一般企业","PREMIUM_INCOME":null,"PREMIUM_INCOME_YOY":null,"NET_INTEREST_INCOME":null,"NET_INTEREST_INCOME_YOY":null,"FEE_COMMISSION_INCOME":null,"FEE_COMMISSION_INCOME_YOY":null,"ACCOUNTS_RECE_TDAYS":157.19580622057,"INVENTORY_TDAYS":null,"CURRENT_ASSETS_TDAYS":1.772048508695,"TOTAL_ASSETS_TDAYS":0.632681687942,"PREMIUM_EXPENSE":null,"LOAN_DEPOSIT":null,"LOAN_EQUITY":null,"LOAN_ASSETS":null,"DEPOSIT_EQUITY":null,"DEPOSIT_ASSETS":null,"EQUITY_MULTIPLIER":9.61159835726,"EQUITY_RATIO":10.3478983687}],"count":46},"success":true,"message":"ok","code":0}