{"version":"b7bd6babf51b5cc3ff2719de8dd1c613","result":{"pages":5,"data":[{"SECUCODE":"00990.HK","SECURITY_CODE":"00990","SECURITY_NAME_ABBR":"荣晖国际","ORG_CODE":"10009192","STD_REPORT_DATE":"2024-06-30 00:00:00","REPORT_DATE":"2024-06-30 00:00:00","DATE_TYPE_CODE":"002","REPORT_TYPE":"2024年中报","PER_NETCASH_OPERATE":0.295190667296,"PER_OI":1.800955512228,"BPS":0.417669718354,"BASIC_EPS":0.019987692,"DILUTED_EPS":0.019987692,"OPERATE_INCOME":24261292370.32,"OPERATE_INCOME_YOY":13.6159068665,"GROSS_PROFIT":570502577.8,"GROSS_PROFIT_YOY":0.945666668904,"HOLDER_PROFIT":268669262.32,"HOLDER_PROFIT_YOY":-64.5351330773,"GROSS_PROFIT_RATIO":2.351492942305,"EPS_TTM":0.043923954995,"OPERATE_INCOME_QOQ":5.360148743787,"NET_PROFIT_RATIO":1.1631122069,"ROE_AVG":4.762027243337,"GROSS_PROFIT_QOQ":0.331204363484,"ROA":1.726196837538,"HOLDER_PROFIT_QOQ":-45.630917119578,"ROE_YEARLY":9.524054486674,"ROIC_YEARLY":5.714378059781,"TOTAL_ASSETS":16223367069.68,"TOTAL_LIABILITIES":9601652801.12,"TAX_EBT":9.617520842834,"OCF_SALES":16.390780632382,"TOTAL_PARENT_EQUITY":5626572717.88,"DEBT_ASSET_RATIO":59.1840939053,"OPERATE_PROFIT":266420418.8,"PRETAX_PROFIT":312213225.12,"NETCASH_OPERATE":3976615211,"NETCASH_INVEST":-632212523.32,"NETCASH_FINANCE":-1876748447.4,"END_CASH":3903174589.44,"DIVI_RATIO":0.412631330714,"DIVIDEND_RATE":5,"CURRENT_RATIO":1.472247035443,"COMMON_ACS":200000000000,"CURRENTDEBT_DEBT":99.760396202232,"ISSUED_COMMON_SHARES":13471344631,"HK_COMMON_SHARES":13471344631,"PER_SHARES":10000,"TOTAL_MARKET_CAP":5388537852.4,"HKSK_MARKET_CAP":5388537852.4,"PE_TTM":8.099593185477,"PB_TTM":0.874068633557,"REPORT_DATE_SQ":"2023-06-30 00:00:00","REPORT_TYPE_SQ":"2023年中报","OPERATE_INCOME_SQ":21571371522.22,"DPS_HKD":0.02,"OPERATE_INCOME_QOQ_SQ":21.783218735069,"NET_PROFIT_RATIO_SQ":3.7290971851,"HOLDER_PROFIT_SQ":765283967.12,"HOLDER_PROFIT_QOQ_SQ":18.079202563367,"ROE_AVG_SQ":16.767530811987,"PE_TTM_SQ":3.982710043876,"PB_TTM_SQ":1.0262920131,"ROA_SQ":5.732802770993,"START_DATE":"2024-01-01 00:00:00","FISCAL_YEAR":"12-31","CURRENCY":"HKD","IS_CNY_CODE":0,"DPS_HKD_LY":0.02,"ORG_TYPE":"一般企业","PREMIUM_INCOME":null,"PREMIUM_INCOME_YOY":null,"NET_INTEREST_INCOME":null,"NET_INTEREST_INCOME_YOY":null,"FEE_COMMISSION_INCOME":null,"FEE_COMMISSION_INCOME_YOY":null,"ACCOUNTS_RECE_TDAYS":5.070972509799,"INVENTORY_TDAYS":12.497596402102,"CURRENT_ASSETS_TDAYS":1.720841968841,"TOTAL_ASSETS_TDAYS":1.558785169639,"PREMIUM_EXPENSE":null,"LOAN_DEPOSIT":null,"LOAN_EQUITY":null,"LOAN_ASSETS":null,"DEPOSIT_EQUITY":null,"DEPOSIT_ASSETS":null,"EQUITY_MULTIPLIER":2.450025236926,"EQUITY_RATIO":1.70648337497},{"SECUCODE":"00990.HK","SECURITY_CODE":"00990","SECURITY_NAME_ABBR":"荣晖国际","ORG_CODE":"10009192","STD_REPORT_DATE":"2023-12-31 00:00:00","REPORT_DATE":"2023-12-31 00:00:00","DATE_TYPE_CODE":"001","REPORT_TYPE":"2023年年报","PER_NETCASH_OPERATE":0.206603052737,"PER_OI":3.725218171694,"BPS":0.41697424553,"BASIC_EPS":0.080744202,"DILUTED_EPS":0.080744202,"OPERATE_INCOME":50183697816.56,"OPERATE_INCOME_YOY":41.6618914752,"GROSS_PROFIT":1613659736.78,"GROSS_PROFIT_YOY":-13.145777812825,"HOLDER_PROFIT":1088329440.1,"HOLDER_PROFIT_YOY":-0.4861528875,"GROSS_PROFIT_RATIO":3.215505845501,"EPS_TTM":0.080788478798,"OPERATE_INCOME_QOQ":18.009367303899,"NET_PROFIT_RATIO":2.4957695393,"ROE_AVG":22.274996714732,"GROSS_PROFIT_QOQ":12.097082505814,"ROA":8.020318813274,"HOLDER_PROFIT_QOQ":-14.50100723639,"ROE_YEARLY":22.274996714732,"ROIC_YEARLY":13.189273830237,"TOTAL_ASSETS":14799595722.38,"TOTAL_LIABILITIES":8211532192.22,"TAX_EBT":9.202944490249,"OCF_SALES":5.546065846749,"TOTAL_PARENT_EQUITY":5617203763.78,"DEBT_ASSET_RATIO":55.4848412501,"OPERATE_PROFIT":1371998049.38,"PRETAX_PROFIT":1379416366.3,"NETCASH_OPERATE":2783220925.24,"NETCASH_INVEST":-164424556.8,"NETCASH_FINANCE":-2654647337.86,"END_CASH":2437448153.14,"DIVI_RATIO":0.224343870187,"DIVIDEND_RATE":4.878048780488,"CURRENT_RATIO":1.709130923611,"COMMON_ACS":200000000000,"CURRENTDEBT_DEBT":99.718693816705,"ISSUED_COMMON_SHARES":13471344631,"HK_COMMON_SHARES":13471344631,"PER_SHARES":10000,"TOTAL_MARKET_CAP":5523251298.71,"HKSK_MARKET_CAP":5523251298.71,"PE_TTM":8.302083015114,"PB_TTM":0.895920349396,"REPORT_DATE_SQ":"2022-12-31 00:00:00","REPORT_TYPE_SQ":"2022年年报","OPERATE_INCOME_SQ":34918753254.56,"DPS_HKD":0.02,"OPERATE_INCOME_QOQ_SQ":29.180162644548,"NET_PROFIT_RATIO_SQ":4.0141641048,"HOLDER_PROFIT_SQ":1078017887.94,"HOLDER_PROFIT_QOQ_SQ":21.745732473938,"ROE_AVG_SQ":29.909021774972,"PE_TTM_SQ":5.015264499695,"PB_TTM_SQ":1.292367720199,"ROA_SQ":10.627191906433,"START_DATE":"2023-01-01 00:00:00","FISCAL_YEAR":"12-31","CURRENCY":"HKD","IS_CNY_CODE":0,"DPS_HKD_LY":null,"ORG_TYPE":"一般企业","PREMIUM_INCOME":null,"PREMIUM_INCOME_YOY":null,"NET_INTEREST_INCOME":null,"NET_INTEREST_INCOME_YOY":null,"FEE_COMMISSION_INCOME":null,"FEE_COMMISSION_INCOME_YOY":null,"ACCOUNTS_RECE_TDAYS":10.835445168021,"INVENTORY_TDAYS":23.334387226501,"CURRENT_ASSETS_TDAYS":3.920498000068,"TOTAL_ASSETS_TDAYS":3.698229974196,"PREMIUM_EXPENSE":null,"LOAN_DEPOSIT":null,"LOAN_EQUITY":null,"LOAN_ASSETS":null,"DEPOSIT_EQUITY":null,"DEPOSIT_ASSETS":null,"EQUITY_MULTIPLIER":2.246425775135,"EQUITY_RATIO":1.461854071445},{"SECUCODE":"00990.HK","SECURITY_CODE":"00990","SECURITY_NAME_ABBR":"荣晖国际","ORG_CODE":"10009192","STD_REPORT_DATE":"2023-06-30 00:00:00","REPORT_DATE":"2023-06-30 00:00:00","DATE_TYPE_CODE":"002","REPORT_TYPE":"2023年中报","PER_NETCASH_OPERATE":0.221799197056,"PER_OI":1.601278277194,"BPS":0.363835921194,"BASIC_EPS":0.056793968,"DILUTED_EPS":0.056793968,"OPERATE_INCOME":21571371522.22,"OPERATE_INCOME_YOY":43.2780628695,"GROSS_PROFIT":565158066.34,"GROSS_PROFIT_YOY":-42.537944976492,"HOLDER_PROFIT":765283967.12,"HOLDER_PROFIT_YOY":24.4497886715,"GROSS_PROFIT_RATIO":2.619944984758,"EPS_TTM":0.094490562036,"OPERATE_INCOME_QOQ":21.783218735069,"NET_PROFIT_RATIO":3.7290971851,"ROE_AVG":16.767530811987,"GROSS_PROFIT_QOQ":-22.518748708138,"ROA":5.732802770993,"HOLDER_PROFIT_QOQ":18.079202563367,"ROE_YEARLY":33.535061623975,"ROIC_YEARLY":20.083606282497,"TOTAL_ASSETS":14144113619.6,"TOTAL_LIABILITIES":8003535047.76,"TAX_EBT":6.103510212515,"OCF_SALES":13.851383623625,"TOTAL_PARENT_EQUITY":4901359083.54,"DEBT_ASSET_RATIO":56.5856246847,"OPERATE_PROFIT":848623583.28,"PRETAX_PROFIT":856706581.94,"NETCASH_OPERATE":2987933422.42,"NETCASH_INVEST":-217446217.06,"NETCASH_FINANCE":-1735219834.84,"END_CASH":3464294672.98,"DIVI_RATIO":0.191811749336,"DIVIDEND_RATE":4.878048780488,"CURRENT_RATIO":1.679161226105,"COMMON_ACS":200000000000,"CURRENTDEBT_DEBT":99.622063005166,"ISSUED_COMMON_SHARES":13471344631,"HK_COMMON_SHARES":13471344631,"PER_SHARES":10000,"TOTAL_MARKET_CAP":5523251298.71,"HKSK_MARKET_CAP":5523251298.71,"PE_TTM":8.302083015114,"PB_TTM":0.895920349396,"REPORT_DATE_SQ":"2022-06-30 00:00:00","REPORT_TYPE_SQ":"2022年中报","OPERATE_INCOME_SQ":13964943121.22,"DPS_HKD":0.02,"OPERATE_INCOME_QOQ_SQ":-4.570487054784,"NET_PROFIT_RATIO_SQ":5.3182807849,"HOLDER_PROFIT_SQ":570386929.49,"HOLDER_PROFIT_QOQ_SQ":8.521342319709,"ROE_AVG_SQ":17.603492980467,"PE_TTM_SQ":5.015264499695,"PB_TTM_SQ":1.292367720199,"ROA_SQ":6.258142918085,"START_DATE":"2023-01-01 00:00:00","FISCAL_YEAR":"12-31","CURRENCY":"HKD","IS_CNY_CODE":0,"DPS_HKD_LY":null,"ORG_TYPE":"一般企业","PREMIUM_INCOME":null,"PREMIUM_INCOME_YOY":null,"NET_INTEREST_INCOME":null,"NET_INTEREST_INCOME_YOY":null,"FEE_COMMISSION_INCOME":null,"FEE_COMMISSION_INCOME_YOY":null,"ACCOUNTS_RECE_TDAYS":4.542799872978,"INVENTORY_TDAYS":10.864742955608,"CURRENT_ASSETS_TDAYS":1.712296469935,"TOTAL_ASSETS_TDAYS":1.615928514772,"PREMIUM_EXPENSE":null,"LOAN_DEPOSIT":null,"LOAN_EQUITY":null,"LOAN_ASSETS":null,"DEPOSIT_EQUITY":null,"DEPOSIT_ASSETS":null,"EQUITY_MULTIPLIER":2.303384518924,"EQUITY_RATIO":1.6329215859},{"SECUCODE":"00990.HK","SECURITY_CODE":"00990","SECURITY_NAME_ABBR":"荣晖国际","ORG_CODE":"10009192","STD_REPORT_DATE":"2022-12-31 00:00:00","REPORT_DATE":"2022-12-31 00:00:00","DATE_TYPE_CODE":"001","REPORT_TYPE":"2022年年报","PER_NETCASH_OPERATE":0.440709814994,"PER_OI":2.592076307973,"BPS":0.303992341369,"BASIC_EPS":0.080036992,"DILUTED_EPS":0.080036992,"OPERATE_INCOME":34918753254.56,"OPERATE_INCOME_YOY":12.8331384995,"GROSS_PROFIT":1857894407.6,"GROSS_PROFIT_YOY":54.686613525808,"HOLDER_PROFIT":1078017887.94,"HOLDER_PROFIT_YOY":20.928046719,"GROSS_PROFIT_RATIO":5.320620682118,"EPS_TTM":0.080023035374,"OPERATE_INCOME_QOQ":29.180162644548,"NET_PROFIT_RATIO":4.0141641048,"ROE_AVG":29.909021774972,"GROSS_PROFIT_QOQ":23.697791086287,"ROA":10.627191906433,"HOLDER_PROFIT_QOQ":21.745732473938,"ROE_YEARLY":29.909021774972,"ROIC_YEARLY":16.477350575526,"TOTAL_ASSETS":12163374423.41,"TOTAL_LIABILITIES":6885083977.1,"TAX_EBT":9.770085861292,"OCF_SALES":17.002192938474,"TOTAL_PARENT_EQUITY":4095185595.76,"DEBT_ASSET_RATIO":56.6050483807,"OPERATE_PROFIT":1506373903.93,"PRETAX_PROFIT":1553471564.68,"NETCASH_OPERATE":5936953800.05,"NETCASH_INVEST":-222116945.12,"NETCASH_FINANCE":-3987519762.66,"END_CASH":2442618230.36,"DIVI_RATIO":0.226489784039,"DIVIDEND_RATE":4.878048780488,"CURRENT_RATIO":1.669473375462,"COMMON_ACS":200000000000,"CURRENTDEBT_DEBT":99.523789753922,"ISSUED_COMMON_SHARES":13471344631,"HK_COMMON_SHARES":13471344631,"PER_SHARES":10000,"TOTAL_MARKET_CAP":5523251298.71,"HKSK_MARKET_CAP":5523251298.71,"PE_TTM":8.302083015114,"PB_TTM":0.895920349396,"REPORT_DATE_SQ":"2021-12-31 00:00:00","REPORT_TYPE_SQ":"2021年年报","OPERATE_INCOME_SQ":28325670240,"DPS_HKD":0.02,"OPERATE_INCOME_QOQ_SQ":31.450048682051,"NET_PROFIT_RATIO_SQ":3.4712757145,"HOLDER_PROFIT_SQ":815937819.2,"HOLDER_PROFIT_QOQ_SQ":3.75297078576,"ROE_AVG_SQ":38.716464100058,"PE_TTM_SQ":5.015264499695,"PB_TTM_SQ":1.292367720199,"ROA_SQ":15.228345374119,"START_DATE":"2022-01-01 00:00:00","FISCAL_YEAR":"12-31","CURRENCY":"HKD","IS_CNY_CODE":0,"DPS_HKD_LY":null,"ORG_TYPE":"一般企业","PREMIUM_INCOME":null,"PREMIUM_INCOME_YOY":null,"NET_INTEREST_INCOME":null,"NET_INTEREST_INCOME_YOY":null,"FEE_COMMISSION_INCOME":null,"FEE_COMMISSION_INCOME_YOY":null,"ACCOUNTS_RECE_TDAYS":8.465174667229,"INVENTORY_TDAYS":20.666980115366,"CURRENT_ASSETS_TDAYS":3.651579744816,"TOTAL_ASSETS_TDAYS":3.442320355915,"PREMIUM_EXPENSE":null,"LOAN_DEPOSIT":null,"LOAN_EQUITY":null,"LOAN_ASSETS":null,"DEPOSIT_EQUITY":null,"DEPOSIT_ASSETS":null,"EQUITY_MULTIPLIER":2.304415519973,"EQUITY_RATIO":1.681262989455},{"SECUCODE":"00990.HK","SECURITY_CODE":"00990","SECURITY_NAME_ABBR":"荣晖国际","ORG_CODE":"10009192","STD_REPORT_DATE":"2022-06-30 00:00:00","REPORT_DATE":"2022-06-30 00:00:00","DATE_TYPE_CODE":"002","REPORT_TYPE":"2022年中报","PER_NETCASH_OPERATE":0.280163386296,"PER_OI":1.036640625249,"BPS":0.259784662021,"BASIC_EPS":0.042331905,"DILUTED_EPS":0.042331905,"OPERATE_INCOME":13964943121.22,"OPERATE_INCOME_YOY":-10.9570561936,"GROSS_PROFIT":983532639.25,"GROSS_PROFIT_YOY":44.077771695889,"HOLDER_PROFIT":570386929.49,"HOLDER_PROFIT_YOY":10.8044888568,"GROSS_PROFIT_RATIO":7.042868923365,"EPS_TTM":0.065729643042,"OPERATE_INCOME_QOQ":-4.570487054784,"NET_PROFIT_RATIO":5.3182807849,"ROE_AVG":17.603492980467,"GROSS_PROFIT_QOQ":25.05204188966,"ROA":6.258142918085,"HOLDER_PROFIT_QOQ":8.521342319709,"ROE_YEARLY":35.206985960934,"ROIC_YEARLY":20.356405183326,"TOTAL_ASSETS":10450438903.8,"TOTAL_LIABILITIES":6022088059.47,"TAX_EBT":11.964512348908,"OCF_SALES":27.026085942628,"TOTAL_PARENT_EQUITY":3499648711.93,"DEBT_ASSET_RATIO":57.6252166527,"OPERATE_PROFIT":806729803.46,"PRETAX_PROFIT":843631251.96,"NETCASH_OPERATE":3774177529.78,"NETCASH_INVEST":-30622643.52,"NETCASH_FINANCE":-2033365593.63,"END_CASH":2407908026.79,"DIVI_RATIO":0.275741646557,"DIVIDEND_RATE":4.878048780488,"CURRENT_RATIO":1.663689158639,"COMMON_ACS":200000000000,"CURRENTDEBT_DEBT":99.762859365905,"ISSUED_COMMON_SHARES":13471344631,"HK_COMMON_SHARES":13471344631,"PER_SHARES":10000,"TOTAL_MARKET_CAP":5523251298.71,"HKSK_MARKET_CAP":5523251298.71,"PE_TTM":8.302083015114,"PB_TTM":0.895920349396,"REPORT_DATE_SQ":"2021-06-30 00:00:00","REPORT_TYPE_SQ":"2021年中报","OPERATE_INCOME_SQ":15259564212.72,"DPS_HKD":0.02,"OPERATE_INCOME_QOQ_SQ":60.045365183065,"NET_PROFIT_RATIO_SQ":3.6104251587,"HOLDER_PROFIT_SQ":500858074.8,"HOLDER_PROFIT_QOQ_SQ":109.516240726048,"ROE_AVG_SQ":25.347689310732,"PE_TTM_SQ":5.015264499695,"PB_TTM_SQ":1.292367720199,"ROA_SQ":9.392225409041,"START_DATE":"2022-01-01 00:00:00","FISCAL_YEAR":"12-31","CURRENCY":"HKD","IS_CNY_CODE":0,"DPS_HKD_LY":null,"ORG_TYPE":"一般企业","PREMIUM_INCOME":null,"PREMIUM_INCOME_YOY":null,"NET_INTEREST_INCOME":null,"NET_INTEREST_INCOME_YOY":null,"FEE_COMMISSION_INCOME":null,"FEE_COMMISSION_INCOME_YOY":null,"ACCOUNTS_RECE_TDAYS":3.828553435881,"INVENTORY_TDAYS":14.813014945181,"CURRENT_ASSETS_TDAYS":1.609508909514,"TOTAL_ASSETS_TDAYS":1.532198677373,"PREMIUM_EXPENSE":null,"LOAN_DEPOSIT":null,"LOAN_EQUITY":null,"LOAN_ASSETS":null,"DEPOSIT_EQUITY":null,"DEPOSIT_ASSETS":null,"EQUITY_MULTIPLIER":2.359894071444,"EQUITY_RATIO":1.720769298627},{"SECUCODE":"00990.HK","SECURITY_CODE":"00990","SECURITY_NAME_ABBR":"荣晖国际","ORG_CODE":"10009192","STD_REPORT_DATE":"2021-12-31 00:00:00","REPORT_DATE":"2021-12-31 00:00:00","DATE_TYPE_CODE":"001","REPORT_TYPE":"2021年年报","PER_NETCASH_OPERATE":0.294828752555,"PER_OI":2.102660945576,"BPS":0.211539104823,"BASIC_EPS":0.06303696,"DILUTED_EPS":0.06303696,"OPERATE_INCOME":28325670240,"OPERATE_INCOME_YOY":118.2204147819,"GROSS_PROFIT":1201069934.4,"GROSS_PROFIT_YOY":127.400916130608,"HOLDER_PROFIT":815937819.2,"HOLDER_PROFIT_YOY":123.7709567982,"GROSS_PROFIT_RATIO":4.240217174822,"EPS_TTM":0.060568402157,"OPERATE_INCOME_QOQ":31.450048682051,"NET_PROFIT_RATIO":3.4712757145,"ROE_AVG":38.716464100058,"GROSS_PROFIT_QOQ":22.051980902447,"ROA":15.228345374119,"HOLDER_PROFIT_QOQ":3.75297078576,"ROE_YEARLY":38.716464100058,"ROIC_YEARLY":20.995868221534,"TOTAL_ASSETS":7436301745.6,"TOTAL_LIABILITIES":3896652984,"TAX_EBT":7.11207229474,"OCF_SALES":14.021697277233,"TOTAL_PARENT_EQUITY":2849716184,"DEBT_ASSET_RATIO":52.4004151164,"OPERATE_PROFIT":1047368492.8,"PRETAX_PROFIT":1058546720,"NETCASH_OPERATE":3971739732.8,"NETCASH_INVEST":-284048139.2,"NETCASH_FINANCE":-3223948056,"END_CASH":719694035.2,"DIVI_RATIO":0.299238536179,"DIVIDEND_RATE":4.878048780488,"CURRENT_RATIO":1.809496068315,"COMMON_ACS":200000000000,"CURRENTDEBT_DEBT":99.766385191666,"ISSUED_COMMON_SHARES":13471344631,"HK_COMMON_SHARES":13471344631,"PER_SHARES":10000,"TOTAL_MARKET_CAP":5523251298.71,"HKSK_MARKET_CAP":5523251298.71,"PE_TTM":8.302083015114,"PB_TTM":0.895920349396,"REPORT_DATE_SQ":"2020-12-31 00:00:00","REPORT_TYPE_SQ":"2020年年报","OPERATE_INCOME_SQ":13361964170.56,"DPS_HKD":0.02,"OPERATE_INCOME_QOQ_SQ":-10.570535889153,"NET_PROFIT_RATIO_SQ":3.1276353857,"HOLDER_PROFIT_SQ":375352082.28,"HOLDER_PROFIT_QOQ_SQ":132.973478203562,"ROE_AVG_SQ":30.838842488021,"PE_TTM_SQ":5.015264499695,"PB_TTM_SQ":1.292367720199,"ROA_SQ":10.335245375087,"START_DATE":"2021-01-01 00:00:00","FISCAL_YEAR":"12-31","CURRENCY":"HKD","IS_CNY_CODE":0,"DPS_HKD_LY":null,"ORG_TYPE":"一般企业","PREMIUM_INCOME":null,"PREMIUM_INCOME_YOY":null,"NET_INTEREST_INCOME":null,"NET_INTEREST_INCOME_YOY":null,"FEE_COMMISSION_INCOME":null,"FEE_COMMISSION_INCOME_YOY":null,"ACCOUNTS_RECE_TDAYS":10.927821914313,"INVENTORY_TDAYS":33.041451853136,"CURRENT_ASSETS_TDAYS":5.504769516407,"TOTAL_ASSETS_TDAYS":5.286592669415,"PREMIUM_EXPENSE":null,"LOAN_DEPOSIT":null,"LOAN_EQUITY":null,"LOAN_ASSETS":null,"DEPOSIT_EQUITY":null,"DEPOSIT_ASSETS":null,"EQUITY_MULTIPLIER":2.100858657582,"EQUITY_RATIO":1.367382831272},{"SECUCODE":"00990.HK","SECURITY_CODE":"00990","SECURITY_NAME_ABBR":"荣晖国际","ORG_CODE":"10009192","STD_REPORT_DATE":"2021-06-30 00:00:00","REPORT_DATE":"2021-06-30 00:00:00","DATE_TYPE_CODE":"002","REPORT_TYPE":"2021年中报","PER_NETCASH_OPERATE":0.098234318032,"PER_OI":1.132742471572,"BPS":0.190218652765,"BASIC_EPS":0.04035588,"DILUTED_EPS":0.04035588,"OPERATE_INCOME":15259564212.72,"OPERATE_INCOME_YOY":133.4717218646,"GROSS_PROFIT":682640096.16,"GROSS_PROFIT_YOY":201.055803506769,"HOLDER_PROFIT":500858074.8,"HOLDER_PROFIT_YOY":512.3760109873,"GROSS_PROFIT_RATIO":4.473522878137,"EPS_TTM":0.058377511215,"OPERATE_INCOME_QOQ":60.045365183065,"NET_PROFIT_RATIO":3.6104251587,"ROE_AVG":25.347689310732,"GROSS_PROFIT_QOQ":86.314809845129,"ROA":9.392225409041,"HOLDER_PROFIT_QOQ":109.516240726048,"ROE_YEARLY":50.695378621463,"ROIC_YEARLY":25.151268625753,"TOTAL_ASSETS":7327551928.56,"TOTAL_LIABILITIES":4531851329.04,"TAX_EBT":10.01655291633,"OCF_SALES":8.672255212222,"TOTAL_PARENT_EQUITY":2562501026.64,"DEBT_ASSET_RATIO":61.846730985,"OPERATE_PROFIT":614183210.4,"PRETAX_PROFIT":612262769.76,"NETCASH_OPERATE":1323232693.68,"NETCASH_INVEST":-131808128.64,"NETCASH_FINANCE":-293656009.44,"END_CASH":1151811732.48,"DIVI_RATIO":0.310468871021,"DIVIDEND_RATE":4.878048780488,"CURRENT_RATIO":1.577079417574,"COMMON_ACS":200000000000,"CURRENTDEBT_DEBT":99.932744725749,"ISSUED_COMMON_SHARES":13471344631,"HK_COMMON_SHARES":13471344631,"PER_SHARES":10000,"TOTAL_MARKET_CAP":5523251298.71,"HKSK_MARKET_CAP":5523251298.71,"PE_TTM":8.302083015114,"PB_TTM":0.895920349396,"REPORT_DATE_SQ":"2020-06-30 00:00:00","REPORT_TYPE_SQ":"2020年中报","OPERATE_INCOME_SQ":7175014566.72,"DPS_HKD":0.02,"OPERATE_INCOME_QOQ_SQ":48.991514909839,"NET_PROFIT_RATIO_SQ":1.6340167166,"HOLDER_PROFIT_SQ":89786584.8,"HOLDER_PROFIT_QOQ_SQ":23.406296644235,"ROE_AVG_SQ":7.724633837268,"PE_TTM_SQ":5.015264499695,"PB_TTM_SQ":1.292367720199,"ROA_SQ":2.316204643202,"START_DATE":"2021-01-01 00:00:00","FISCAL_YEAR":"12-31","CURRENCY":"HKD","IS_CNY_CODE":0,"DPS_HKD_LY":null,"ORG_TYPE":"一般企业","PREMIUM_INCOME":null,"PREMIUM_INCOME_YOY":null,"NET_INTEREST_INCOME":null,"NET_INTEREST_INCOME_YOY":null,"FEE_COMMISSION_INCOME":null,"FEE_COMMISSION_INCOME_YOY":null,"ACCOUNTS_RECE_TDAYS":6.537266469659,"INVENTORY_TDAYS":23.056143116977,"CURRENT_ASSETS_TDAYS":2.918598513841,"TOTAL_ASSETS_TDAYS":2.861514547546,"PREMIUM_EXPENSE":null,"LOAN_DEPOSIT":null,"LOAN_EQUITY":null,"LOAN_ASSETS":null,"DEPOSIT_EQUITY":null,"DEPOSIT_ASSETS":null,"EQUITY_MULTIPLIER":2.621007388926,"EQUITY_RATIO":1.768526639376},{"SECUCODE":"00990.HK","SECURITY_CODE":"00990","SECURITY_NAME_ABBR":"荣晖国际","ORG_CODE":"10009192","STD_REPORT_DATE":"2020-12-31 00:00:00","REPORT_DATE":"2020-12-31 00:00:00","DATE_TYPE_CODE":"001","REPORT_TYPE":"2020年年报","PER_NETCASH_OPERATE":0.439200544623,"PER_OI":1.128416120546,"BPS":0.104322579568,"BASIC_EPS":0.031729828,"DILUTED_EPS":0.031729828,"OPERATE_INCOME":13361964170.56,"OPERATE_INCOME_YOY":41.1842520291,"GROSS_PROFIT":528172865.28,"GROSS_PROFIT_YOY":24.186410783061,"HOLDER_PROFIT":375352082.28,"HOLDER_PROFIT_YOY":205.9981474493,"GROSS_PROFIT_RATIO":3.922832311533,"EPS_TTM":0.031698434086,"OPERATE_INCOME_QOQ":-10.570535889153,"NET_PROFIT_RATIO":3.1276353857,"ROE_AVG":30.838842488021,"GROSS_PROFIT_QOQ":-1.85416611543,"ROA":10.335245375087,"HOLDER_PROFIT_QOQ":132.973478203562,"ROE_YEARLY":30.838842488021,"ROIC_YEARLY":13.053562906417,"TOTAL_ASSETS":3376173212.08,"TOTAL_LIABILITIES":1826352908.52,"TAX_EBT":5.999000511017,"OCF_SALES":38.626694890383,"TOTAL_PARENT_EQUITY":1405365422.16,"DEBT_ASSET_RATIO":54.0953557118,"OPERATE_PROFIT":464395911,"PRETAX_PROFIT":447981406.08,"NETCASH_OPERATE":5200725011,"NETCASH_INVEST":-68874767.76,"NETCASH_FINANCE":-5390084752.96,"END_CASH":256452757.84,"DIVI_RATIO":0.5717758786,"DIVIDEND_RATE":4.878048780488,"CURRENT_RATIO":1.842409750006,"COMMON_ACS":200000000000,"CURRENTDEBT_DEBT":99.633961952873,"ISSUED_COMMON_SHARES":13471344631,"HK_COMMON_SHARES":13471344631,"PER_SHARES":10000,"TOTAL_MARKET_CAP":5523251298.71,"HKSK_MARKET_CAP":5523251298.71,"PE_TTM":8.302083015114,"PB_TTM":0.895920349396,"REPORT_DATE_SQ":"2019-12-31 00:00:00","REPORT_TYPE_SQ":"2019年年报","OPERATE_INCOME_SQ":10149977477.96,"DPS_HKD":0.02,"OPERATE_INCOME_QOQ_SQ":124.291461901091,"NET_PROFIT_RATIO_SQ":1.6214540057,"HOLDER_PROFIT_SQ":130555456.1,"HOLDER_PROFIT_QOQ_SQ":31.096215192679,"ROE_AVG_SQ":15.317908747325,"PE_TTM_SQ":5.015264499695,"PB_TTM_SQ":1.292367720199,"ROA_SQ":4.529151019972,"START_DATE":"2020-01-01 00:00:00","FISCAL_YEAR":"12-31","CURRENCY":"HKD","IS_CNY_CODE":0,"DPS_HKD_LY":null,"ORG_TYPE":"一般企业","PREMIUM_INCOME":null,"PREMIUM_INCOME_YOY":null,"NET_INTEREST_INCOME":null,"NET_INTEREST_INCOME_YOY":null,"FEE_COMMISSION_INCOME":null,"FEE_COMMISSION_INCOME_YOY":null,"ACCOUNTS_RECE_TDAYS":8.581234860579,"INVENTORY_TDAYS":10.804050323263,"CURRENT_ASSETS_TDAYS":3.735920112217,"TOTAL_ASSETS_TDAYS":3.707304892485,"PREMIUM_EXPENSE":null,"LOAN_DEPOSIT":null,"LOAN_EQUITY":null,"LOAN_ASSETS":null,"DEPOSIT_EQUITY":null,"DEPOSIT_ASSETS":null,"EQUITY_MULTIPLIER":2.178428818055,"EQUITY_RATIO":1.299557310662},{"SECUCODE":"00990.HK","SECURITY_CODE":"00990","SECURITY_NAME_ABBR":"荣晖国际","ORG_CODE":"10009192","STD_REPORT_DATE":"2020-06-30 00:00:00","REPORT_DATE":"2020-06-30 00:00:00","DATE_TYPE_CODE":"002","REPORT_TYPE":"2020年中报","PER_NETCASH_OPERATE":0.444930069442,"PER_OI":0.605929038492,"BPS":0.089671055293,"BASIC_EPS":0.007581552,"DILUTED_EPS":0.007581552,"OPERATE_INCOME":7175014566.72,"OPERATE_INCOME_YOY":210.6244688596,"GROSS_PROFIT":226748691.84,"GROSS_PROFIT_YOY":55.991745830939,"HOLDER_PROFIT":89786584.8,"HOLDER_PROFIT_YOY":45.9877322481,"GROSS_PROFIT_RATIO":3.160254097486,"EPS_TTM":0.013606026888,"OPERATE_INCOME_QOQ":48.991514909839,"NET_PROFIT_RATIO":1.6340167166,"ROE_AVG":7.724633837268,"GROSS_PROFIT_QOQ":17.818756784757,"ROA":2.316204643202,"HOLDER_PROFIT_QOQ":23.406296644235,"ROE_YEARLY":15.449267674535,"ROIC_YEARLY":6.650543521835,"TOTAL_ASSETS":3533914845.12,"TOTAL_LIABILITIES":2191350780.96,"TAX_EBT":9.205313941315,"OCF_SALES":73.429401988915,"TOTAL_PARENT_EQUITY":1207989689.28,"DEBT_ASSET_RATIO":62.0091563323,"OPERATE_PROFIT":140204819.04,"PRETAX_PROFIT":129127532.16,"NETCASH_OPERATE":5268570288.96,"NETCASH_INVEST":-500584302.24,"NETCASH_FINANCE":-4966942353.12,"END_CASH":381314614.56,"DIVI_RATIO":1.332086151904,"DIVIDEND_RATE":4.878048780488,"CURRENT_RATIO":1.607356757083,"COMMON_ACS":200000000000,"CURRENTDEBT_DEBT":99.470072850915,"ISSUED_COMMON_SHARES":13471344631,"HK_COMMON_SHARES":13471344631,"PER_SHARES":10000,"TOTAL_MARKET_CAP":5523251298.71,"HKSK_MARKET_CAP":5523251298.71,"PE_TTM":8.302083015114,"PB_TTM":0.895920349396,"REPORT_DATE_SQ":"2019-06-30 00:00:00","REPORT_TYPE_SQ":"2019年中报","OPERATE_INCOME_SQ":2224446382.62,"DPS_HKD":0.02,"OPERATE_INCOME_QOQ_SQ":18.744400699086,"NET_PROFIT_RATIO_SQ":3.4907664121,"HOLDER_PROFIT_SQ":59228387.46,"HOLDER_PROFIT_QOQ_SQ":83.636958073814,"ROE_AVG_SQ":7.391485482089,"PE_TTM_SQ":5.015264499695,"PB_TTM_SQ":1.292367720199,"ROA_SQ":2.240407493225,"START_DATE":"2020-01-01 00:00:00","FISCAL_YEAR":"12-31","CURRENCY":"HKD","IS_CNY_CODE":0,"DPS_HKD_LY":null,"ORG_TYPE":"一般企业","PREMIUM_INCOME":null,"PREMIUM_INCOME_YOY":null,"NET_INTEREST_INCOME":null,"NET_INTEREST_INCOME_YOY":null,"FEE_COMMISSION_INCOME":null,"FEE_COMMISSION_INCOME_YOY":null,"ACCOUNTS_RECE_TDAYS":6.039119657778,"INVENTORY_TDAYS":5.094487798736,"CURRENT_ASSETS_TDAYS":1.866587931125,"TOTAL_ASSETS_TDAYS":1.850922617393,"PREMIUM_EXPENSE":null,"LOAN_DEPOSIT":null,"LOAN_EQUITY":null,"LOAN_ASSETS":null,"DEPOSIT_EQUITY":null,"DEPOSIT_ASSETS":null,"EQUITY_MULTIPLIER":2.632213195229,"EQUITY_RATIO":1.814047587001}],"count":44},"success":true,"message":"ok","code":0}