{"version":"63956d7603481e7c437398259b6fb925","result":{"pages":6,"data":[{"SECUCODE":"00993.HK","SECURITY_CODE":"00993","SECURITY_NAME_ABBR":"华融金控","ORG_CODE":"10009195","STD_REPORT_DATE":"2024-06-30 00:00:00","REPORT_DATE":"2024-06-30 00:00:00","DATE_TYPE_CODE":"002","REPORT_TYPE":"2024年中报","PER_NETCASH_OPERATE":0.046001782405,"PER_OI":0.005179364625,"BPS":-0.833467345799,"BASIC_EPS":-0.00638876,"DILUTED_EPS":null,"OPERATE_INCOME":45110121.68,"OPERATE_INCOME_YOY":-48.9627541485,"GROSS_PROFIT":null,"GROSS_PROFIT_YOY":null,"HOLDER_PROFIT":-52430727.96,"HOLDER_PROFIT_YOY":91.2801075889,"GROSS_PROFIT_RATIO":null,"EPS_TTM":-0.036925413637,"OPERATE_INCOME_QOQ":-24.116024344338,"NET_PROFIT_RATIO":288.4736778214,"ROE_AVG":3.410417544175,"GROSS_PROFIT_QOQ":null,"ROA":-1.749810084671,"HOLDER_PROFIT_QOQ":63.311319591229,"ROE_YEARLY":6.82083508835,"ROIC_YEARLY":-5.2738336714,"TOTAL_ASSETS":2416610532.24,"TOTAL_LIABILITIES":3979355076.36,"TAX_EBT":-20.24642839071,"OCF_SALES":888.174240278396,"TOTAL_PARENT_EQUITY":-1562744544.12,"DEBT_ASSET_RATIO":164.6667935636,"OPERATE_PROFIT":230554832.84,"PRETAX_PROFIT":108220118.32,"NETCASH_OPERATE":400656480.52,"NETCASH_INVEST":66365526.2,"NETCASH_FINANCE":-1341454325.96,"END_CASH":572793404.6,"DIVI_RATIO":null,"DIVIDEND_RATE":null,"CURRENT_RATIO":2.378184177558,"COMMON_ACS":1000000000000,"CURRENTDEBT_DEBT":13.291187288665,"ISSUED_COMMON_SHARES":8709586011,"HK_COMMON_SHARES":8709586011,"PER_SHARES":1000,"TOTAL_MARKET_CAP":1210632455.529,"HKSK_MARKET_CAP":1210632455.529,"PE_TTM":-3.308335534629,"PB_TTM":-0.152210546267,"REPORT_DATE_SQ":"2023-06-30 00:00:00","REPORT_TYPE_SQ":"2023年中报","OPERATE_INCOME_SQ":89287309.14,"DPS_HKD":null,"OPERATE_INCOME_QOQ_SQ":20.20461397984,"NET_PROFIT_RATIO_SQ":-553.5694013357,"HOLDER_PROFIT_SQ":-607404111.92,"HOLDER_PROFIT_QOQ_SQ":28.610836413889,"ROE_AVG_SQ":64.347576382981,"PE_TTM_SQ":-0.332733303896,"PB_TTM_SQ":-0.074456668764,"ROA_SQ":-12.160004607041,"START_DATE":"2024-01-01 00:00:00","FISCAL_YEAR":"12-31","CURRENCY":"HKD","IS_CNY_CODE":0,"DPS_HKD_LY":null,"ORG_TYPE":"证券","PREMIUM_INCOME":null,"PREMIUM_INCOME_YOY":null,"NET_INTEREST_INCOME":41588089.56,"NET_INTEREST_INCOME_YOY":null,"FEE_COMMISSION_INCOME":2144798,"FEE_COMMISSION_INCOME_YOY":-61.595031867952,"ACCOUNTS_RECE_TDAYS":0.404005231323,"INVENTORY_TDAYS":null,"CURRENT_ASSETS_TDAYS":0.024808282411,"TOTAL_ASSETS_TDAYS":0.0150549399,"PREMIUM_EXPENSE":null,"LOAN_DEPOSIT":null,"LOAN_EQUITY":null,"LOAN_ASSETS":null,"DEPOSIT_EQUITY":null,"DEPOSIT_ASSETS":null,"EQUITY_MULTIPLIER":-1.546388718062,"EQUITY_RATIO":-2.546388718062},{"SECUCODE":"00993.HK","SECURITY_CODE":"00993","SECURITY_NAME_ABBR":"华融金控","ORG_CODE":"10009195","STD_REPORT_DATE":"2023-12-31 00:00:00","REPORT_DATE":"2023-12-31 00:00:00","DATE_TYPE_CODE":"001","REPORT_TYPE":"2023年年报","PER_NETCASH_OPERATE":0.102655259027,"PER_OI":0.021032690788,"BPS":-0.821805703341,"BASIC_EPS":-0.10059042,"DILUTED_EPS":null,"OPERATE_INCOME":183186029.46,"OPERATE_INCOME_YOY":-26.9265806312,"GROSS_PROFIT":null,"GROSS_PROFIT_YOY":null,"HOLDER_PROFIT":-876578450.02,"HOLDER_PROFIT_YOY":61.3084683363,"GROSS_PROFIT_RATIO":null,"EPS_TTM":-0.100645248685,"OPERATE_INCOME_QOQ":-0.3791427681,"NET_PROFIT_RATIO":-280.3920986628,"ROE_AVG":80.960571424745,"GROSS_PROFIT_QOQ":null,"ROA":-20.047024834667,"HOLDER_PROFIT_QOQ":45.016228939281,"ROE_YEARLY":80.960571424745,"ROIC_YEARLY":-31.807148174747,"TOTAL_ASSETS":3550811014.52,"TOTAL_LIABILITIES":5052104002.4,"TAX_EBT":-0.024706478215,"OCF_SALES":488.074778745739,"TOTAL_PARENT_EQUITY":-1501292987.88,"DEBT_ASSET_RATIO":142.2802841869,"OPERATE_PROFIT":-216907381.88,"PRETAX_PROFIT":-513512281.66,"NETCASH_OPERATE":894084807.98,"NETCASH_INVEST":110281536.68,"NETCASH_FINANCE":-1367071837.46,"END_CASH":1433055528.1,"DIVI_RATIO":null,"DIVIDEND_RATE":null,"CURRENT_RATIO":0.934931616178,"COMMON_ACS":1000000000000,"CURRENTDEBT_DEBT":50.007300553192,"ISSUED_COMMON_SHARES":8709586011,"HK_COMMON_SHARES":8709586011,"PER_SHARES":1000,"TOTAL_MARKET_CAP":1245470799.573,"HKSK_MARKET_CAP":1245470799.573,"PE_TTM":-3.403539434906,"PB_TTM":-0.156590705872,"REPORT_DATE_SQ":"2022-12-31 00:00:00","REPORT_TYPE_SQ":"2022年年报","OPERATE_INCOME_SQ":247105280.1,"DPS_HKD":null,"OPERATE_INCOME_QOQ_SQ":-32.37115285087,"NET_PROFIT_RATIO_SQ":-1301.0142888008,"HOLDER_PROFIT_SQ":-2233181252.89,"HOLDER_PROFIT_QOQ_SQ":5.587423652365,"ROE_AVG_SQ":199.529271859867,"PE_TTM_SQ":-0.332733303896,"PB_TTM_SQ":-0.074456668764,"ROA_SQ":-33.473602957987,"START_DATE":"2023-01-01 00:00:00","FISCAL_YEAR":"12-31","CURRENCY":"HKD","IS_CNY_CODE":0,"DPS_HKD_LY":null,"ORG_TYPE":"证券","PREMIUM_INCOME":null,"PREMIUM_INCOME_YOY":null,"NET_INTEREST_INCOME":141944863.48,"NET_INTEREST_INCOME_YOY":null,"FEE_COMMISSION_INCOME":13697515.3,"FEE_COMMISSION_INCOME_YOY":16.037156456318,"ACCOUNTS_RECE_TDAYS":0.432889614144,"INVENTORY_TDAYS":null,"CURRENT_ASSETS_TDAYS":0.056656706905,"TOTAL_ASSETS_TDAYS":0.041893967184,"PREMIUM_EXPENSE":null,"LOAN_DEPOSIT":null,"LOAN_EQUITY":null,"LOAN_ASSETS":null,"DEPOSIT_EQUITY":null,"DEPOSIT_ASSETS":null,"EQUITY_MULTIPLIER":-2.365168586804,"EQUITY_RATIO":-3.365168586802},{"SECUCODE":"00993.HK","SECURITY_CODE":"00993","SECURITY_NAME_ABBR":"华融金控","ORG_CODE":"10009195","STD_REPORT_DATE":"2023-06-30 00:00:00","REPORT_DATE":"2023-06-30 00:00:00","DATE_TYPE_CODE":"002","REPORT_TYPE":"2023年中报","PER_NETCASH_OPERATE":0.086106756936,"PER_OI":0.010251613455,"BPS":-0.804880220868,"BASIC_EPS":-0.07007048,"DILUTED_EPS":null,"OPERATE_INCOME":89287309.14,"OPERATE_INCOME_YOY":55.857772089,"GROSS_PROFIT":null,"GROSS_PROFIT_YOY":null,"HOLDER_PROFIT":-607404111.92,"HOLDER_PROFIT_YOY":54.795286607,"GROSS_PROFIT_RATIO":null,"EPS_TTM":-0.183045372741,"OPERATE_INCOME_QOQ":20.20461397984,"NET_PROFIT_RATIO":-553.5694013357,"ROE_AVG":64.347576382981,"GROSS_PROFIT_QOQ":null,"ROA":-12.160004607041,"HOLDER_PROFIT_QOQ":28.610836413889,"ROE_YEARLY":128.695152765962,"ROIC_YEARLY":-41.448160230015,"TOTAL_ASSETS":4705448475.32,"TOTAL_LIABILITIES":5917630900.12,"TAX_EBT":-0.15776627429,"OCF_SALES":982.375816717189,"TOTAL_PARENT_EQUITY":-1212182424.8,"DEBT_ASSET_RATIO":125.7612516885,"OPERATE_PROFIT":-271792328.16,"PRETAX_PROFIT":-421934005.22,"NETCASH_OPERATE":749954205.66,"NETCASH_INVEST":9619017.34,"NETCASH_FINANCE":-301196114.32,"END_CASH":2296732392.26,"DIVI_RATIO":null,"DIVIDEND_RATE":null,"CURRENT_RATIO":1.105439308233,"COMMON_ACS":1000000000000,"CURRENTDEBT_DEBT":52.594231516482,"ISSUED_COMMON_SHARES":8709586011,"HK_COMMON_SHARES":8709586011,"PER_SHARES":1000,"TOTAL_MARKET_CAP":1245470799.573,"HKSK_MARKET_CAP":1245470799.573,"PE_TTM":-3.403539434906,"PB_TTM":-0.156590705872,"REPORT_DATE_SQ":"2022-06-30 00:00:00","REPORT_TYPE_SQ":"2022年中报","OPERATE_INCOME_SQ":45432823.94,"DPS_HKD":null,"OPERATE_INCOME_QOQ_SQ":-45.635258691223,"NET_PROFIT_RATIO_SQ":-1528.6852770556,"HOLDER_PROFIT_SQ":-1246335947.01,"HOLDER_PROFIT_QOQ_SQ":-58.692386378993,"ROE_AVG_SQ":58.659446897121,"PE_TTM_SQ":-0.332733303896,"PB_TTM_SQ":-0.074456668764,"ROA_SQ":-17.344992516338,"START_DATE":"2023-01-01 00:00:00","FISCAL_YEAR":"12-31","CURRENCY":"HKD","IS_CNY_CODE":0,"DPS_HKD_LY":null,"ORG_TYPE":"证券","PREMIUM_INCOME":null,"PREMIUM_INCOME_YOY":null,"NET_INTEREST_INCOME":53767107.66,"NET_INTEREST_INCOME_YOY":null,"FEE_COMMISSION_INCOME":5641595.62,"FEE_COMMISSION_INCOME_YOY":45.586485843445,"ACCOUNTS_RECE_TDAYS":0.188455419823,"INVENTORY_TDAYS":null,"CURRENT_ASSETS_TDAYS":0.020046520439,"TOTAL_ASSETS_TDAYS":0.015283157684,"PREMIUM_EXPENSE":null,"LOAN_DEPOSIT":null,"LOAN_EQUITY":null,"LOAN_ASSETS":null,"DEPOSIT_EQUITY":null,"DEPOSIT_ASSETS":null,"EQUITY_MULTIPLIER":-3.881798959506,"EQUITY_RATIO":-4.881798959506},{"SECUCODE":"00993.HK","SECURITY_CODE":"00993","SECURITY_NAME_ABBR":"华融金控","ORG_CODE":"10009195","STD_REPORT_DATE":"2022-12-31 00:00:00","REPORT_DATE":"2022-12-31 00:00:00","DATE_TYPE_CODE":"001","REPORT_TYPE":"2022年年报","PER_NETCASH_OPERATE":0.086914584463,"PER_OI":0.028371644736,"BPS":-0.715405437061,"BASIC_EPS":-0.25636849,"DILUTED_EPS":null,"OPERATE_INCOME":247105280.1,"OPERATE_INCOME_YOY":-66.3482662537,"GROSS_PROFIT":null,"GROSS_PROFIT_YOY":null,"HOLDER_PROFIT":-2233181252.89,"HOLDER_PROFIT_YOY":-37.1336621606,"GROSS_PROFIT_RATIO":null,"EPS_TTM":-0.256404982977,"OPERATE_INCOME_QOQ":-32.37115285087,"NET_PROFIT_RATIO":-1301.0142888008,"ROE_AVG":199.529271859867,"GROSS_PROFIT_QOQ":null,"ROA":-33.473602957987,"HOLDER_PROFIT_QOQ":5.587423652365,"ROE_YEARLY":199.529271859867,"ROIC_YEARLY":-70.772107375141,"TOTAL_ASSETS":5120182549.58,"TOTAL_LIABILITIES":5774844053.72,"TAX_EBT":1.173703818208,"OCF_SALES":494.845053809276,"TOTAL_PARENT_EQUITY":-654661504.14,"DEBT_ASSET_RATIO":112.7859016315,"OPERATE_PROFIT":-1674987549.13,"PRETAX_PROFIT":-2013865602.49,"NETCASH_OPERATE":756990048.99,"NETCASH_INVEST":281876708.12,"NETCASH_FINANCE":-944634811.54,"END_CASH":1762523542.78,"DIVI_RATIO":null,"DIVIDEND_RATE":null,"CURRENT_RATIO":2.071567384914,"COMMON_ACS":1000000000000,"CURRENTDEBT_DEBT":33.819682355438,"ISSUED_COMMON_SHARES":8709586011,"HK_COMMON_SHARES":8709586011,"PER_SHARES":1000,"TOTAL_MARKET_CAP":1245470799.573,"HKSK_MARKET_CAP":1245470799.573,"PE_TTM":-3.403539434906,"PB_TTM":-0.156590705872,"REPORT_DATE_SQ":"2021-12-31 00:00:00","REPORT_TYPE_SQ":"2021年年报","OPERATE_INCOME_SQ":416075004.8,"DPS_HKD":null,"OPERATE_INCOME_QOQ_SQ":-27.652415852588,"NET_PROFIT_RATIO_SQ":-314.8552362163,"HOLDER_PROFIT_SQ":-1490520774.4,"HOLDER_PROFIT_QOQ_SQ":34.091080289469,"ROE_AVG_SQ":49.546738460142,"PE_TTM_SQ":-0.332733303896,"PB_TTM_SQ":-0.074456668764,"ROA_SQ":-15.066208520632,"START_DATE":"2022-01-01 00:00:00","FISCAL_YEAR":"12-31","CURRENCY":"HKD","IS_CNY_CODE":0,"DPS_HKD_LY":null,"ORG_TYPE":"证券","PREMIUM_INCOME":null,"PREMIUM_INCOME_YOY":null,"NET_INTEREST_INCOME":215245019.01,"NET_INTEREST_INCOME_YOY":null,"FEE_COMMISSION_INCOME":11635735.02,"FEE_COMMISSION_INCOME_YOY":-60.589374319255,"ACCOUNTS_RECE_TDAYS":0.296148876287,"INVENTORY_TDAYS":null,"CURRENT_ASSETS_TDAYS":0.030603227749,"TOTAL_ASSETS_TDAYS":0.022929755506,"PREMIUM_EXPENSE":null,"LOAN_DEPOSIT":null,"LOAN_EQUITY":null,"LOAN_ASSETS":null,"DEPOSIT_EQUITY":null,"DEPOSIT_ASSETS":null,"EQUITY_MULTIPLIER":-7.821114449499,"EQUITY_RATIO":-8.821114449529},{"SECUCODE":"00993.HK","SECURITY_CODE":"00993","SECURITY_NAME_ABBR":"华融金控","ORG_CODE":"10009195","STD_REPORT_DATE":"2022-06-30 00:00:00","REPORT_DATE":"2022-06-30 00:00:00","DATE_TYPE_CODE":"002","REPORT_TYPE":"2022年中报","PER_NETCASH_OPERATE":0.11223208504,"PER_OI":0.005216416014,"BPS":-0.588939907362,"BASIC_EPS":-0.14281673,"DILUTED_EPS":null,"OPERATE_INCOME":45432823.94,"OPERATE_INCOME_YOY":-72.3630419573,"GROSS_PROFIT":null,"GROSS_PROFIT_YOY":null,"HOLDER_PROFIT":-1246335947.01,"HOLDER_PROFIT_YOY":-226.4094443748,"GROSS_PROFIT_RATIO":null,"EPS_TTM":-0.271579267187,"OPERATE_INCOME_QOQ":-45.635258691223,"NET_PROFIT_RATIO":-1528.6852770556,"ROE_AVG":58.659446897121,"GROSS_PROFIT_QOQ":null,"ROA":-17.344992516338,"HOLDER_PROFIT_QOQ":-58.692386378993,"ROE_YEARLY":117.318893794241,"ROIC_YEARLY":-80.237986632866,"TOTAL_ASSETS":6498911216.63,"TOTAL_LIABILITIES":8139926755.73,"TAX_EBT":1.495158784268,"OCF_SALES":1297.59782941864,"TOTAL_PARENT_EQUITY":-2733123955.94,"DEBT_ASSET_RATIO":125.2506225181,"OPERATE_PROFIT":-1001151263.63,"PRETAX_PROFIT":-1169054992.28,"NETCASH_OPERATE":977494997.85,"NETCASH_INVEST":9096656.03,"NETCASH_FINANCE":-563254644.89,"END_CASH":2020958497.11,"DIVI_RATIO":null,"DIVIDEND_RATE":null,"CURRENT_RATIO":2.060337988839,"COMMON_ACS":1000000000000,"CURRENTDEBT_DEBT":32.009892136877,"ISSUED_COMMON_SHARES":8709586011,"HK_COMMON_SHARES":8709586011,"PER_SHARES":1000,"TOTAL_MARKET_CAP":1245470799.573,"HKSK_MARKET_CAP":1245470799.573,"PE_TTM":-3.403539434906,"PB_TTM":-0.156590705872,"REPORT_DATE_SQ":"2021-06-30 00:00:00","REPORT_TYPE_SQ":"2021年中报","OPERATE_INCOME_SQ":265208026.32,"DPS_HKD":null,"OPERATE_INCOME_QOQ_SQ":-18.341749130825,"NET_PROFIT_RATIO_SQ":-105.3980026919,"HOLDER_PROFIT_SQ":-371513735.04,"HOLDER_PROFIT_QOQ_SQ":3.559547976118,"ROE_AVG_SQ":14.738583645113,"PE_TTM_SQ":-0.332733303896,"PB_TTM_SQ":-0.074456668764,"ROA_SQ":-3.222146331159,"START_DATE":"2022-01-01 00:00:00","FISCAL_YEAR":"12-31","CURRENCY":"HKD","IS_CNY_CODE":0,"DPS_HKD_LY":null,"ORG_TYPE":"证券","PREMIUM_INCOME":null,"PREMIUM_INCOME_YOY":null,"NET_INTEREST_INCOME":65499002.1,"NET_INTEREST_INCOME_YOY":null,"FEE_COMMISSION_INCOME":3594363.57,"FEE_COMMISSION_INCOME_YOY":-76.540522438044,"ACCOUNTS_RECE_TDAYS":0.06129733291,"INVENTORY_TDAYS":null,"CURRENT_ASSETS_TDAYS":0.013614694727,"TOTAL_ASSETS_TDAYS":0.010483672098,"PREMIUM_EXPENSE":null,"LOAN_DEPOSIT":null,"LOAN_EQUITY":null,"LOAN_ASSETS":null,"DEPOSIT_EQUITY":null,"DEPOSIT_ASSETS":null,"EQUITY_MULTIPLIER":-3.960298401686,"EQUITY_RATIO":-2.978250122187},{"SECUCODE":"00993.HK","SECURITY_CODE":"00993","SECURITY_NAME_ABBR":"华融金控","ORG_CODE":"10009195","STD_REPORT_DATE":"2021-12-31 00:00:00","REPORT_DATE":"2021-12-31 00:00:00","DATE_TYPE_CODE":"001","REPORT_TYPE":"2021年年报","PER_NETCASH_OPERATE":0.132893350768,"PER_OI":0.047772075995,"BPS":-0.42513503463,"BASIC_EPS":-0.1708784,"DILUTED_EPS":null,"OPERATE_INCOME":416075004.8,"OPERATE_INCOME_YOY":-39.18515677,"GROSS_PROFIT":null,"GROSS_PROFIT_YOY":null,"HOLDER_PROFIT":-1490520774.4,"HOLDER_PROFIT_YOY":34.5681927977,"GROSS_PROFIT_RATIO":null,"EPS_TTM":-0.171135662765,"OPERATE_INCOME_QOQ":-27.652415852588,"NET_PROFIT_RATIO":-314.8552362163,"ROE_AVG":49.546738460142,"GROSS_PROFIT_QOQ":null,"ROA":-15.066208520632,"HOLDER_PROFIT_QOQ":34.091080289469,"ROE_YEARLY":49.546738460142,"ROIC_YEARLY":-29.443644037035,"TOTAL_ASSETS":7526196865.6,"TOTAL_LIABILITIES":7931721560,"TAX_EBT":-3.405566361755,"OCF_SALES":278.182071849369,"TOTAL_PARENT_EQUITY":-1449623604.8,"DEBT_ASSET_RATIO":105.3881754841,"OPERATE_PROFIT":-872346496,"PRETAX_PROFIT":-1266889187.2,"NETCASH_OPERATE":1146603875.2,"NETCASH_INVEST":1855555464,"NETCASH_FINANCE":-2900234870.4,"END_CASH":1503994004.8,"DIVI_RATIO":null,"DIVIDEND_RATE":null,"CURRENT_RATIO":1.780246535541,"COMMON_ACS":1000000000000,"CURRENTDEBT_DEBT":38.57763323704,"ISSUED_COMMON_SHARES":8709586011,"HK_COMMON_SHARES":8709586011,"PER_SHARES":1000,"TOTAL_MARKET_CAP":1245470799.573,"HKSK_MARKET_CAP":1245470799.573,"PE_TTM":-3.403539434906,"PB_TTM":-0.156590705872,"REPORT_DATE_SQ":"2020-12-31 00:00:00","REPORT_TYPE_SQ":"2020年年报","OPERATE_INCOME_SQ":704283510.36,"DPS_HKD":null,"OPERATE_INCOME_QOQ_SQ":-25.177754392385,"NET_PROFIT_RATIO_SQ":-321.0137679419,"HOLDER_PROFIT_SQ":-2344955485.36,"HOLDER_PROFIT_QOQ_SQ":-45.044190671051,"ROE_AVG_SQ":201.552129367263,"PE_TTM_SQ":-0.332733303896,"PB_TTM_SQ":-0.074456668764,"ROA_SQ":-17.599646007693,"START_DATE":"2021-01-01 00:00:00","FISCAL_YEAR":"12-31","CURRENCY":"HKD","IS_CNY_CODE":0,"DPS_HKD_LY":null,"ORG_TYPE":"证券","PREMIUM_INCOME":null,"PREMIUM_INCOME_YOY":null,"NET_INTEREST_INCOME":367489124.8,"NET_INTEREST_INCOME_YOY":null,"FEE_COMMISSION_INCOME":27023315.2,"FEE_COMMISSION_INCOME_YOY":18.152570243798,"ACCOUNTS_RECE_TDAYS":0.683797732669,"INVENTORY_TDAYS":null,"CURRENT_ASSETS_TDAYS":0.062582986732,"TOTAL_ASSETS_TDAYS":0.042056929968,"PREMIUM_EXPENSE":null,"LOAN_DEPOSIT":null,"LOAN_EQUITY":null,"LOAN_ASSETS":null,"DEPOSIT_EQUITY":null,"DEPOSIT_ASSETS":null,"EQUITY_MULTIPLIER":-18.559157973806,"EQUITY_RATIO":-5.471573126801},{"SECUCODE":"00993.HK","SECURITY_CODE":"00993","SECURITY_NAME_ABBR":"华融金控","ORG_CODE":"10009195","STD_REPORT_DATE":"2021-06-30 00:00:00","REPORT_DATE":"2021-06-30 00:00:00","DATE_TYPE_CODE":"002","REPORT_TYPE":"2021年中报","PER_NETCASH_OPERATE":0.014702148084,"PER_OI":0.030450130004,"BPS":-0.308455730866,"BASIC_EPS":-0.04243608,"DILUTED_EPS":null,"OPERATE_INCOME":265208026.32,"OPERATE_INCOME_YOY":-26.1789563159,"GROSS_PROFIT":null,"GROSS_PROFIT_YOY":null,"HOLDER_PROFIT":-371513735.04,"HOLDER_PROFIT_YOY":10.3615947834,"GROSS_PROFIT_RATIO":null,"EPS_TTM":-0.259654783475,"OPERATE_INCOME_QOQ":-18.341749130825,"NET_PROFIT_RATIO":-105.3980026919,"ROE_AVG":14.738583645113,"GROSS_PROFIT_QOQ":null,"ROA":-3.222146331159,"HOLDER_PROFIT_QOQ":3.559547976118,"ROE_YEARLY":29.477167290226,"ROIC_YEARLY":-11.2272034026,"TOTAL_ASSETS":10582806983.76,"TOTAL_LIABILITIES":9912898543.68,"TAX_EBT":-2.645787182033,"OCF_SALES":48.282710390332,"TOTAL_PARENT_EQUITY":-2686521718.56,"DEBT_ASSET_RATIO":93.6698416487,"OPERATE_PROFIT":-75221696.16,"PRETAX_PROFIT":-272318982,"NETCASH_OPERATE":128049623.28,"NETCASH_INVEST":1323309245.04,"NETCASH_FINANCE":-1347655073.76,"END_CASH":1531851791.28,"DIVI_RATIO":null,"DIVIDEND_RATE":null,"CURRENT_RATIO":1.550343030351,"COMMON_ACS":1000000000000,"CURRENTDEBT_DEBT":49.932017705111,"ISSUED_COMMON_SHARES":8709586011,"HK_COMMON_SHARES":8709586011,"PER_SHARES":1000,"TOTAL_MARKET_CAP":1245470799.573,"HKSK_MARKET_CAP":1245470799.573,"PE_TTM":-3.403539434906,"PB_TTM":-0.156590705872,"REPORT_DATE_SQ":"2020-06-30 00:00:00","REPORT_TYPE_SQ":"2020年中报","OPERATE_INCOME_SQ":394385940.96,"DPS_HKD":null,"OPERATE_INCOME_QOQ_SQ":-35.884275393955,"NET_PROFIT_RATIO_SQ":-150.2757047634,"HOLDER_PROFIT_SQ":-454983550.56,"HOLDER_PROFIT_QOQ_SQ":-16.749685370947,"ROE_AVG_SQ":-42.293450228858,"PE_TTM_SQ":-0.332733303896,"PB_TTM_SQ":-0.074456668764,"ROA_SQ":-3.4003306181,"START_DATE":"2021-01-01 00:00:00","FISCAL_YEAR":"12-31","CURRENCY":"HKD","IS_CNY_CODE":0,"DPS_HKD_LY":null,"ORG_TYPE":"证券","PREMIUM_INCOME":null,"PREMIUM_INCOME_YOY":null,"NET_INTEREST_INCOME":224416968.48,"NET_INTEREST_INCOME_YOY":null,"FEE_COMMISSION_INCOME":14907545.28,"FEE_COMMISSION_INCOME_YOY":38.144806847097,"ACCOUNTS_RECE_TDAYS":1.057324883023,"INVENTORY_TDAYS":null,"CURRENT_ASSETS_TDAYS":0.033866029274,"TOTAL_ASSETS_TDAYS":0.023001547141,"PREMIUM_EXPENSE":null,"LOAN_DEPOSIT":null,"LOAN_EQUITY":null,"LOAN_ASSETS":null,"DEPOSIT_EQUITY":null,"DEPOSIT_ASSETS":null,"EQUITY_MULTIPLIER":15.797393122,"EQUITY_RATIO":-3.689863541842},{"SECUCODE":"00993.HK","SECURITY_CODE":"00993","SECURITY_NAME_ABBR":"华融金控","ORG_CODE":"10009195","STD_REPORT_DATE":"2020-12-31 00:00:00","REPORT_DATE":"2020-12-31 00:00:00","DATE_TYPE_CODE":"001","REPORT_TYPE":"2020年年报","PER_NETCASH_OPERATE":0.097516407633,"PER_OI":0.080863029479,"BPS":-0.273481450378,"BASIC_EPS":-0.357697,"DILUTED_EPS":null,"OPERATE_INCOME":704283510.36,"OPERATE_INCOME_YOY":-60.9155067725,"GROSS_PROFIT":null,"GROSS_PROFIT_YOY":null,"HOLDER_PROFIT":-2344955485.36,"HOLDER_PROFIT_YOY":-19.5352403148,"GROSS_PROFIT_RATIO":null,"EPS_TTM":-0.269238455467,"OPERATE_INCOME_QOQ":-25.177754392385,"NET_PROFIT_RATIO":-321.0137679419,"ROE_AVG":201.552129367263,"GROSS_PROFIT_QOQ":null,"ROA":-17.599646007693,"HOLDER_PROFIT_QOQ":-45.044190671051,"ROE_YEARLY":201.552129367263,"ROIC_YEARLY":-24.590907131125,"TOTAL_ASSETS":12620563494.56,"TOTAL_LIABILITIES":11458110525.92,"TAX_EBT":-0.828589820826,"OCF_SALES":120.594551379722,"TOTAL_PARENT_EQUITY":-2381910214.48,"DEBT_ASSET_RATIO":90.789215005,"OPERATE_PROFIT":-1663460219.64,"PRETAX_PROFIT":-2242267830.6,"NETCASH_OPERATE":847655201.08,"NETCASH_INVEST":1179996112.8,"NETCASH_FINANCE":-3925878595.12,"END_CASH":1447878341.84,"DIVI_RATIO":null,"DIVIDEND_RATE":null,"CURRENT_RATIO":1.419751697058,"COMMON_ACS":1000000000000,"CURRENTDEBT_DEBT":49.67040614284,"ISSUED_COMMON_SHARES":8709586011,"HK_COMMON_SHARES":8709586011,"PER_SHARES":1000,"TOTAL_MARKET_CAP":1245470799.573,"HKSK_MARKET_CAP":1245470799.573,"PE_TTM":-3.403539434906,"PB_TTM":-0.156590705872,"REPORT_DATE_SQ":"2019-12-31 00:00:00","REPORT_TYPE_SQ":"2019年年报","OPERATE_INCOME_SQ":1917864980,"DPS_HKD":null,"OPERATE_INCOME_QOQ_SQ":-25.063646544335,"NET_PROFIT_RATIO_SQ":-90.296260771,"HOLDER_PROFIT_SQ":-2087918959.42,"HOLDER_PROFIT_QOQ_SQ":-125.643376563501,"ROE_AVG_SQ":-90.946609309955,"PE_TTM_SQ":-0.332733303896,"PB_TTM_SQ":-0.074456668764,"ROA_SQ":-5.981329782187,"START_DATE":"2020-01-01 00:00:00","FISCAL_YEAR":"12-31","CURRENCY":"HKD","IS_CNY_CODE":0,"DPS_HKD_LY":null,"ORG_TYPE":"证券","PREMIUM_INCOME":null,"PREMIUM_INCOME_YOY":null,"NET_INTEREST_INCOME":435121146.88,"NET_INTEREST_INCOME_YOY":null,"FEE_COMMISSION_INCOME":23544037.36,"FEE_COMMISSION_INCOME_YOY":-83.827907756523,"ACCOUNTS_RECE_TDAYS":2.8790260568,"INVENTORY_TDAYS":null,"CURRENT_ASSETS_TDAYS":0.074852399354,"TOTAL_ASSETS_TDAYS":0.052858745289,"PREMIUM_EXPENSE":null,"LOAN_DEPOSIT":null,"LOAN_EQUITY":null,"LOAN_ASSETS":null,"DEPOSIT_EQUITY":null,"DEPOSIT_ASSETS":null,"EQUITY_MULTIPLIER":10.856837940988,"EQUITY_RATIO":-4.810471216028},{"SECUCODE":"00993.HK","SECURITY_CODE":"00993","SECURITY_NAME_ABBR":"华融金控","ORG_CODE":"10009195","STD_REPORT_DATE":"2020-06-30 00:00:00","REPORT_DATE":"2020-06-30 00:00:00","DATE_TYPE_CODE":"002","REPORT_TYPE":"2020年中报","PER_NETCASH_OPERATE":0.061511482033,"PER_OI":0.109903769396,"BPS":-0.044109607689,"BASIC_EPS":-0.0730752,"DILUTED_EPS":null,"OPERATE_INCOME":394385940.96,"OPERATE_INCOME_YOY":-65.9052765554,"GROSS_PROFIT":null,"GROSS_PROFIT_YOY":null,"HOLDER_PROFIT":-454983550.56,"HOLDER_PROFIT_YOY":-92.5562724123,"GROSS_PROFIT_RATIO":null,"EPS_TTM":-0.450531775523,"OPERATE_INCOME_QOQ":-35.884275393955,"NET_PROFIT_RATIO":-150.2757047634,"ROE_AVG":-42.293450228858,"GROSS_PROFIT_QOQ":null,"ROA":-3.4003306181,"HOLDER_PROFIT_QOQ":-16.749685370947,"ROE_YEARLY":-84.586900457716,"ROIC_YEARLY":-8.051383669849,"TOTAL_ASSETS":12067890637.44,"TOTAL_LIABILITIES":9933381400.8,"TAX_EBT":-1.801309927252,"OCF_SALES":76.447252284885,"TOTAL_PARENT_EQUITY":2134509236.64,"DEBT_ASSET_RATIO":82.3124910494,"OPERATE_PROFIT":-52512752.16,"PRETAX_PROFIT":-428294660.64,"NETCASH_OPERATE":466554095.04,"NETCASH_INVEST":712765452.96,"NETCASH_FINANCE":-2621053966.08,"END_CASH":2184656179.2,"DIVI_RATIO":null,"DIVIDEND_RATE":null,"CURRENT_RATIO":1.60159199642,"COMMON_ACS":1000000000000,"CURRENTDEBT_DEBT":54.333073249411,"ISSUED_COMMON_SHARES":8709586011,"HK_COMMON_SHARES":8709586011,"PER_SHARES":1000,"TOTAL_MARKET_CAP":1245470799.573,"HKSK_MARKET_CAP":1245470799.573,"PE_TTM":-3.403539434906,"PB_TTM":-0.156590705872,"REPORT_DATE_SQ":"2019-06-30 00:00:00","REPORT_TYPE_SQ":"2019年中报","OPERATE_INCOME_SQ":815550379.2,"DPS_HKD":null,"OPERATE_INCOME_QOQ_SQ":-1.380073603361,"NET_PROFIT_RATIO_SQ":-24.8891189921,"HOLDER_PROFIT_SQ":-232059585.96,"HOLDER_PROFIT_QOQ_SQ":54.760325479523,"ROE_AVG_SQ":-12.898759023853,"PE_TTM_SQ":-0.332733303896,"PB_TTM_SQ":-0.074456668764,"ROA_SQ":-0.843315887406,"START_DATE":"2020-01-01 00:00:00","FISCAL_YEAR":"12-31","CURRENCY":"HKD","IS_CNY_CODE":0,"DPS_HKD_LY":null,"ORG_TYPE":"证券","PREMIUM_INCOME":null,"PREMIUM_INCOME_YOY":null,"NET_INTEREST_INCOME":240676824.96,"NET_INTEREST_INCOME_YOY":null,"FEE_COMMISSION_INCOME":11846403.36,"FEE_COMMISSION_INCOME_YOY":-82.541092847623,"ACCOUNTS_RECE_TDAYS":2.250508862416,"INVENTORY_TDAYS":null,"CURRENT_ASSETS_TDAYS":0.028450251998,"TOTAL_ASSETS_TDAYS":0.021159330834,"PREMIUM_EXPENSE":null,"LOAN_DEPOSIT":null,"LOAN_EQUITY":null,"LOAN_ASSETS":null,"DEPOSIT_EQUITY":null,"DEPOSIT_ASSETS":null,"EQUITY_MULTIPLIER":5.653707386342,"EQUITY_RATIO":4.653707386358}],"count":46},"success":true,"message":"ok","code":0}