{"version":"5080e96e018eed4be22de736c2e32adc","result":{"pages":9,"data":[{"SECUCODE":"00991.HK","SECURITY_CODE":"00991","SECURITY_NAME_ABBR":"大唐发电","ORG_CODE":"10009193","STD_REPORT_DATE":"2024-09-30 00:00:00","REPORT_DATE":"2024-09-30 00:00:00","DATE_TYPE_CODE":"004","REPORT_TYPE":"2024年三季报","PER_NETCASH_OPERATE":1.193265599266,"PER_OI":4.916363714683,"BPS":1.663540962255,"BASIC_EPS":0.1801,"DILUTED_EPS":0.1801,"OPERATE_INCOME":90985720000,"OPERATE_INCOME_YOY":0.4042589873,"GROSS_PROFIT":13327625000,"GROSS_PROFIT_YOY":36.708592635294,"HOLDER_PROFIT":4429393000,"HOLDER_PROFIT_YOY":56.2172952365,"GROSS_PROFIT_RATIO":14.648040373808,"EPS_TTM":0.074674859138,"OPERATE_INCOME_QOQ":0.21086098075,"NET_PROFIT_RATIO":7.0720932911,"ROE_AVG":5.80154816602,"GROSS_PROFIT_QOQ":-0.70453225437,"ROA":1.435062263241,"HOLDER_PROFIT_QOQ":28.439747950705,"ROE_YEARLY":7.735397554694,"ROIC_YEARLY":1.704634076265,"TOTAL_ASSETS":313270753000,"TOTAL_LIABILITIES":218116231000,"TAX_EBT":20.377472892917,"OCF_SALES":24.271304332152,"TOTAL_PARENT_EQUITY":79102847000,"DEBT_ASSET_RATIO":69.6254689949,"OPERATE_PROFIT":12102995000,"PRETAX_PROFIT":8081375000,"NETCASH_OPERATE":22083421000,"NETCASH_INVEST":-17489618000,"NETCASH_FINANCE":-2123553000,"END_CASH":10933023000,"DIVI_RATIO":0.099754167413,"DIVIDEND_RATE":0.578873239437,"CURRENT_RATIO":0.510451767181,"COMMON_ACS":null,"CURRENTDEBT_DEBT":40.928454334056,"ISSUED_COMMON_SHARES":18506710504,"HK_COMMON_SHARES":6110621398,"PER_SHARES":2000,"TOTAL_MARKET_CAP":26279528915.68,"HKSK_MARKET_CAP":8677082385.16,"PE_TTM":16.549697723509,"PB_TTM":0.769768721694,"REPORT_DATE_SQ":"2023-09-30 00:00:00","REPORT_TYPE_SQ":"2023年三季报","OPERATE_INCOME_SQ":90619383000,"DPS_HKD":0.00822,"OPERATE_INCOME_QOQ_SQ":0.641394974601,"NET_PROFIT_RATIO_SQ":4.520373969,"HOLDER_PROFIT_SQ":2835405000,"HOLDER_PROFIT_QOQ_SQ":128.715769742697,"ROE_AVG_SQ":5.315374121706,"PE_TTM_SQ":67.505279765529,"PB_TTM_SQ":0.701628354465,"ROA_SQ":0.93559541961,"START_DATE":"2024-01-01 00:00:00","FISCAL_YEAR":"12-31","CURRENCY":"HKD","IS_CNY_CODE":0,"DPS_HKD_LY":0.00822,"ORG_TYPE":"一般企业","PREMIUM_INCOME":null,"PREMIUM_INCOME_YOY":null,"NET_INTEREST_INCOME":null,"NET_INTEREST_INCOME_YOY":null,"FEE_COMMISSION_INCOME":null,"FEE_COMMISSION_INCOME_YOY":null,"ACCOUNTS_RECE_TDAYS":4.583093879466,"INVENTORY_TDAYS":20.775467492926,"CURRENT_ASSETS_TDAYS":2.119296648312,"TOTAL_ASSETS_TDAYS":0.294781188451,"PREMIUM_EXPENSE":null,"LOAN_DEPOSIT":null,"LOAN_EQUITY":null,"LOAN_ASSETS":null,"DEPOSIT_EQUITY":null,"DEPOSIT_ASSETS":null,"EQUITY_MULTIPLIER":3.292231902551,"EQUITY_RATIO":2.757375230755},{"SECUCODE":"00991.HK","SECURITY_CODE":"00991","SECURITY_NAME_ABBR":"大唐发电","ORG_CODE":"10009193","STD_REPORT_DATE":"2024-06-30 00:00:00","REPORT_DATE":"2024-06-30 00:00:00","DATE_TYPE_CODE":"002","REPORT_TYPE":"2024年中报","PER_NETCASH_OPERATE":0.601093046633,"PER_OI":3.150740429392,"BPS":1.59895622691,"BASIC_EPS":0.1315,"DILUTED_EPS":0.1315,"OPERATE_INCOME":58309841000,"OPERATE_INCOME_YOY":0.1855714687,"GROSS_PROFIT":25637098000,"GROSS_PROFIT_YOY":18.204012235592,"HOLDER_PROFIT":2432713000,"HOLDER_PROFIT_YOY":112.513944324,"GROSS_PROFIT_RATIO":43.967017505673,"EPS_TTM":0.058139991965,"OPERATE_INCOME_QOQ":-2.062148534836,"NET_PROFIT_RATIO":7.614522564,"ROE_AVG":4.715222401782,"GROSS_PROFIT_QOQ":3.381493186983,"ROA":0.791891604548,"HOLDER_PROFIT_QOQ":9.513054789097,"ROE_YEARLY":9.430444803565,"ROIC_YEARLY":2.078975242882,"TOTAL_ASSETS":310366088000,"TOTAL_LIABILITIES":215478838000,"TAX_EBT":20.176373622126,"OCF_SALES":19.077834563123,"TOTAL_PARENT_EQUITY":29591420000,"DEBT_ASSET_RATIO":69.4273138501,"OPERATE_PROFIT":6466322000,"PRETAX_PROFIT":5562283000,"NETCASH_OPERATE":11124255000,"NETCASH_INVEST":-10748138000,"NETCASH_FINANCE":1541582000,"END_CASH":10385770000,"DIVI_RATIO":0.128124001195,"DIVIDEND_RATE":0.566896551724,"CURRENT_RATIO":0.500164162744,"COMMON_ACS":null,"CURRENTDEBT_DEBT":41.677977676861,"ISSUED_COMMON_SHARES":18506710504,"HK_COMMON_SHARES":6110621398,"PER_SHARES":2000,"TOTAL_MARKET_CAP":26834730230.8,"HKSK_MARKET_CAP":8860401027.1,"PE_TTM":16.89933922471,"PB_TTM":0.786031441166,"REPORT_DATE_SQ":"2023-06-30 00:00:00","REPORT_TYPE_SQ":"2023年中报","OPERATE_INCOME_SQ":58201835000,"DPS_HKD":0.00822,"OPERATE_INCOME_QOQ_SQ":3.786797392539,"NET_PROFIT_RATIO_SQ":4.0448449778,"HOLDER_PROFIT_SQ":1144731000,"HOLDER_PROFIT_QOQ_SQ":-9.803830002145,"ROE_AVG_SQ":2.264015954917,"PE_TTM_SQ":65.291991904364,"PB_TTM_SQ":0.678624146122,"ROA_SQ":0.375935476034,"START_DATE":"2024-01-01 00:00:00","FISCAL_YEAR":"12-31","CURRENCY":"HKD","IS_CNY_CODE":0,"DPS_HKD_LY":0.00822,"ORG_TYPE":"一般企业","PREMIUM_INCOME":null,"PREMIUM_INCOME_YOY":null,"NET_INTEREST_INCOME":null,"NET_INTEREST_INCOME_YOY":null,"FEE_COMMISSION_INCOME":null,"FEE_COMMISSION_INCOME_YOY":null,"ACCOUNTS_RECE_TDAYS":2.926101949363,"INVENTORY_TDAYS":7.923170612379,"CURRENT_ASSETS_TDAYS":1.368557492463,"TOTAL_ASSETS_TDAYS":0.18980896452,"PREMIUM_EXPENSE":null,"LOAN_DEPOSIT":null,"LOAN_EQUITY":null,"LOAN_ASSETS":null,"DEPOSIT_EQUITY":null,"DEPOSIT_ASSETS":null,"EQUITY_MULTIPLIER":3.270893486745,"EQUITY_RATIO":7.281801211297},{"SECUCODE":"00991.HK","SECURITY_CODE":"00991","SECURITY_NAME_ABBR":"大唐发电","ORG_CODE":"10009193","STD_REPORT_DATE":"2024-03-31 00:00:00","REPORT_DATE":"2024-03-31 00:00:00","DATE_TYPE_CODE":"003","REPORT_TYPE":"2024年一季报","PER_NETCASH_OPERATE":0.33308080324,"PER_OI":1.660862420329,"BPS":1.538580829578,"BASIC_EPS":0.0505,"DILUTED_EPS":0.0505,"OPERATE_INCOME":30737100000,"OPERATE_INCOME_YOY":9.5815934039,"GROSS_PROFIT":4120752000,"GROSS_PROFIT_YOY":118.239016027578,"HOLDER_PROFIT":1331460000,"HOLDER_PROFIT_YOY":872.2589360692,"GROSS_PROFIT_RATIO":13.406443678812,"EPS_TTM":0.05308955364,"OPERATE_INCOME_QOQ":2.195663351041,"NET_PROFIT_RATIO":5.6487241802,"ROE_AVG":1.754557228695,"GROSS_PROFIT_QOQ":4.602801059603,"ROA":0.436374255177,"HOLDER_PROFIT_QOQ":563.445156177772,"ROE_YEARLY":7.018228914781,"ROIC_YEARLY":2.073003247691,"TOTAL_ASSETS":306198184000,"TOTAL_LIABILITIES":212645767000,"TAX_EBT":18.480407876383,"OCF_SALES":20.054689609625,"TOTAL_PARENT_EQUITY":78177540000,"DEBT_ASSET_RATIO":69.4471025994,"OPERATE_PROFIT":3490224000,"PRETAX_PROFIT":2129861000,"NETCASH_OPERATE":6164230000,"NETCASH_INVEST":-3159632000,"NETCASH_FINANCE":-1050008000,"END_CASH":10421211000,"DIVI_RATIO":0.140312507627,"DIVIDEND_RATE":0.566896551724,"CURRENT_RATIO":0.500996051228,"COMMON_ACS":null,"CURRENTDEBT_DEBT":41.687425172211,"ISSUED_COMMON_SHARES":18506710504,"HK_COMMON_SHARES":6110621398,"PER_SHARES":2000,"TOTAL_MARKET_CAP":26834730230.8,"HKSK_MARKET_CAP":8860401027.1,"PE_TTM":16.89933922471,"PB_TTM":0.786031441166,"REPORT_DATE_SQ":"2023-03-31 00:00:00","REPORT_TYPE_SQ":"2023年一季报","OPERATE_INCOME_SQ":28049510000,"DPS_HKD":0.00822,"OPERATE_INCOME_QOQ_SQ":-1.501055688307,"NET_PROFIT_RATIO_SQ":0.0177757116,"HOLDER_PROFIT_SQ":136945000,"HOLDER_PROFIT_QOQ_SQ":32.263699340295,"ROE_AVG_SQ":0.268594403485,"PE_TTM_SQ":65.291991904364,"PB_TTM_SQ":0.678624146122,"ROA_SQ":0.044957261696,"START_DATE":"2024-01-01 00:00:00","FISCAL_YEAR":"12-31","CURRENCY":"HKD","IS_CNY_CODE":0,"DPS_HKD_LY":0.00822,"ORG_TYPE":"一般企业","PREMIUM_INCOME":null,"PREMIUM_INCOME_YOY":null,"NET_INTEREST_INCOME":null,"NET_INTEREST_INCOME_YOY":null,"FEE_COMMISSION_INCOME":null,"FEE_COMMISSION_INCOME_YOY":null,"ACCOUNTS_RECE_TDAYS":1.542454572836,"INVENTORY_TDAYS":7.199942544041,"CURRENT_ASSETS_TDAYS":0.725729272672,"TOTAL_ASSETS_TDAYS":0.100738130464,"PREMIUM_EXPENSE":null,"LOAN_DEPOSIT":null,"LOAN_EQUITY":null,"LOAN_ASSETS":null,"DEPOSIT_EQUITY":null,"DEPOSIT_ASSETS":null,"EQUITY_MULTIPLIER":3.273012005665,"EQUITY_RATIO":2.720036560373},{"SECUCODE":"00991.HK","SECURITY_CODE":"00991","SECURITY_NAME_ABBR":"大唐发电","ORG_CODE":"10009193","STD_REPORT_DATE":"2023-12-31 00:00:00","REPORT_DATE":"2023-12-31 00:00:00","DATE_TYPE_CODE":"001","REPORT_TYPE":"2023年年报","PER_NETCASH_OPERATE":1.272700029263,"PER_OI":6.614058504538,"BPS":1.477559234208,"BASIC_EPS":-0.0115,"DILUTED_EPS":-0.0115,"OPERATE_INCOME":122404466000,"OPERATE_INCOME_YOY":4.7731878486,"GROSS_PROFIT":48504573000,"GROSS_PROFIT_YOY":18.149409543706,"HOLDER_PROFIT":-212002000,"HOLDER_PROFIT_YOY":87.5635674626,"GROSS_PROFIT_RATIO":39.626473269366,"EPS_TTM":-0.011455412346,"OPERATE_INCOME_QOQ":1.835646175805,"NET_PROFIT_RATIO":2.5338086929,"ROE_AVG":-0.768911210961,"GROSS_PROFIT_QOQ":10.473277792302,"ROA":-0.069606420692,"HOLDER_PROFIT_QOQ":-158.145345536427,"ROE_YEARLY":-0.768911210961,"ROIC_YEARLY":-0.082297134199,"TOTAL_ASSETS":303998918000,"TOTAL_LIABILITIES":215532968000,"TAX_EBT":45.628709490124,"OCF_SALES":19.242346108515,"TOTAL_PARENT_EQUITY":73594084000,"DEBT_ASSET_RATIO":70.9123824734,"OPERATE_PROFIT":8023565000,"PRETAX_PROFIT":5704288000,"NETCASH_OPERATE":23553491000,"NETCASH_INVEST":-15770527000,"NETCASH_FINANCE":-8840587000,"END_CASH":8465515000,"DIVI_RATIO":-0.650271520108,"DIVIDEND_RATE":0.566896551724,"CURRENT_RATIO":0.441686741771,"COMMON_ACS":null,"CURRENTDEBT_DEBT":42.327781613437,"ISSUED_COMMON_SHARES":18506710504,"HK_COMMON_SHARES":6110621398,"PER_SHARES":2000,"TOTAL_MARKET_CAP":26834730230.8,"HKSK_MARKET_CAP":8860401027.1,"PE_TTM":16.89933922471,"PB_TTM":0.786031441166,"REPORT_DATE_SQ":"2022-12-31 00:00:00","REPORT_TYPE_SQ":"2022年年报","OPERATE_INCOME_SQ":116828044000,"DPS_HKD":0.00822,"OPERATE_INCOME_QOQ_SQ":1.277906190781,"NET_PROFIT_RATIO_SQ":-0.6698074993,"HOLDER_PROFIT_SQ":-1704685000,"HOLDER_PROFIT_QOQ_SQ":83.080685594946,"ROE_AVG_SQ":-3.697876502229,"PE_TTM_SQ":65.291991904364,"PB_TTM_SQ":0.678624146122,"ROA_SQ":-0.567901081049,"START_DATE":"2023-01-01 00:00:00","FISCAL_YEAR":"12-31","CURRENCY":"HKD","IS_CNY_CODE":0,"DPS_HKD_LY":0.03163,"ORG_TYPE":"一般企业","PREMIUM_INCOME":null,"PREMIUM_INCOME_YOY":null,"NET_INTEREST_INCOME":null,"NET_INTEREST_INCOME_YOY":null,"FEE_COMMISSION_INCOME":null,"FEE_COMMISSION_INCOME_YOY":null,"ACCOUNTS_RECE_TDAYS":6.387847771765,"INVENTORY_TDAYS":18.667809387497,"CURRENT_ASSETS_TDAYS":2.935905770937,"TOTAL_ASSETS_TDAYS":0.401889451748,"PREMIUM_EXPENSE":null,"LOAN_DEPOSIT":null,"LOAN_EQUITY":null,"LOAN_ASSETS":null,"DEPOSIT_EQUITY":null,"DEPOSIT_ASSETS":null,"EQUITY_MULTIPLIER":3.437888988624,"EQUITY_RATIO":2.928672473184},{"SECUCODE":"00991.HK","SECURITY_CODE":"00991","SECURITY_NAME_ABBR":"大唐发电","ORG_CODE":"10009193","STD_REPORT_DATE":"2023-09-30 00:00:00","REPORT_DATE":"2023-09-30 00:00:00","DATE_TYPE_CODE":"004","REPORT_TYPE":"2023年三季报","PER_NETCASH_OPERATE":0.939693361294,"PER_OI":4.896568894856,"BPS":1.595586314144,"BASIC_EPS":0.0876,"DILUTED_EPS":0.0876,"OPERATE_INCOME":90619383000,"OPERATE_INCOME_YOY":3.862504592,"GROSS_PROFIT":9748930000,"GROSS_PROFIT_YOY":41.363414902934,"HOLDER_PROFIT":2835405000,"HOLDER_PROFIT_YOY":271.2857090479,"GROSS_PROFIT_RATIO":10.758106794879,"EPS_TTM":0.01970134022,"OPERATE_INCOME_QOQ":0.641394974601,"NET_PROFIT_RATIO":4.520373969,"ROE_AVG":5.315374121706,"GROSS_PROFIT_QOQ":4.912852826912,"ROA":0.93559541961,"HOLDER_PROFIT_QOQ":128.715769742697,"ROE_YEARLY":7.087165495608,"ROIC_YEARLY":1.018893309929,"TOTAL_ASSETS":301012271000,"TOTAL_LIABILITIES":207512078000,"TAX_EBT":21.395382663419,"OCF_SALES":19.190853462333,"TOTAL_PARENT_EQUITY":78888273000,"DEBT_ASSET_RATIO":68.9380792719,"OPERATE_PROFIT":9554332000,"PRETAX_PROFIT":5211316000,"NETCASH_OPERATE":17390633000,"NETCASH_INVEST":-10223149000,"NETCASH_FINANCE":-5976975000,"END_CASH":10720009000,"DIVI_RATIO":0.378102622292,"DIVIDEND_RATE":0.566896551724,"CURRENT_RATIO":0.540632649317,"COMMON_ACS":null,"CURRENTDEBT_DEBT":37.378909578458,"ISSUED_COMMON_SHARES":18506710504,"HK_COMMON_SHARES":6110621398,"PER_SHARES":2000,"TOTAL_MARKET_CAP":26834730230.8,"HKSK_MARKET_CAP":8860401027.1,"PE_TTM":16.89933922471,"PB_TTM":0.786031441166,"REPORT_DATE_SQ":"2022-09-30 00:00:00","REPORT_TYPE_SQ":"2022年三季报","OPERATE_INCOME_SQ":87249372000,"DPS_HKD":0.00822,"OPERATE_INCOME_QOQ_SQ":6.355579095485,"NET_PROFIT_RATIO_SQ":0.6581961415,"HOLDER_PROFIT_SQ":763672000,"HOLDER_PROFIT_QOQ_SQ":8.849731964276,"ROE_AVG_SQ":1.716522636081,"PE_TTM_SQ":65.291991904364,"PB_TTM_SQ":0.678624146122,"ROA_SQ":0.258625246286,"START_DATE":"2023-01-01 00:00:00","FISCAL_YEAR":"12-31","CURRENCY":"HKD","IS_CNY_CODE":0,"DPS_HKD_LY":0.03163,"ORG_TYPE":"一般企业","PREMIUM_INCOME":null,"PREMIUM_INCOME_YOY":null,"NET_INTEREST_INCOME":null,"NET_INTEREST_INCOME_YOY":null,"FEE_COMMISSION_INCOME":null,"FEE_COMMISSION_INCOME_YOY":null,"ACCOUNTS_RECE_TDAYS":4.90825665439,"INVENTORY_TDAYS":19.218676875061,"CURRENT_ASSETS_TDAYS":2.131623470496,"TOTAL_ASSETS_TDAYS":0.299015765517,"PREMIUM_EXPENSE":null,"LOAN_DEPOSIT":null,"LOAN_EQUITY":null,"LOAN_ASSETS":null,"DEPOSIT_EQUITY":null,"DEPOSIT_ASSETS":null,"EQUITY_MULTIPLIER":3.219375932202,"EQUITY_RATIO":2.630455327625},{"SECUCODE":"00991.HK","SECURITY_CODE":"00991","SECURITY_NAME_ABBR":"大唐发电","ORG_CODE":"10009193","STD_REPORT_DATE":"2023-06-30 00:00:00","REPORT_DATE":"2023-06-30 00:00:00","DATE_TYPE_CODE":"002","REPORT_TYPE":"2023年中报","PER_NETCASH_OPERATE":0.392927041163,"PER_OI":3.144904384138,"BPS":1.54983517972,"BASIC_EPS":0.0619,"DILUTED_EPS":0.0619,"OPERATE_INCOME":58201835000,"OPERATE_INCOME_YOY":4.6835979554,"GROSS_PROFIT":21688856000,"GROSS_PROFIT_YOY":3.812573050165,"HOLDER_PROFIT":1144731000,"HOLDER_PROFIT_YOY":61.8417536741,"GROSS_PROFIT_RATIO":37.26490066851,"EPS_TTM":-0.068608086765,"OPERATE_INCOME_QOQ":3.786797392539,"NET_PROFIT_RATIO":4.0448449778,"ROE_AVG":2.264015954917,"GROSS_PROFIT_QOQ":3.339457134871,"ROA":0.375935476034,"HOLDER_PROFIT_QOQ":-9.803830002145,"ROE_YEARLY":4.528031909835,"ROIC_YEARLY":0.814287954459,"TOTAL_ASSETS":303898488000,"TOTAL_LIABILITIES":216704060000,"TAX_EBT":22.565618649715,"OCF_SALES":12.494085452804,"TOTAL_PARENT_EQUITY":73325267000,"DEBT_ASSET_RATIO":71.3080415194,"OPERATE_PROFIT":4245329000,"PRETAX_PROFIT":3040218000,"NETCASH_OPERATE":7271787000,"NETCASH_INVEST":-6114375000,"NETCASH_FINANCE":-2083265000,"END_CASH":8610750000,"DIVI_RATIO":-0.108575078408,"DIVIDEND_RATE":0.566896551724,"CURRENT_RATIO":0.500698106645,"COMMON_ACS":null,"CURRENTDEBT_DEBT":39.876048007592,"ISSUED_COMMON_SHARES":18506710504,"HK_COMMON_SHARES":6110621398,"PER_SHARES":2000,"TOTAL_MARKET_CAP":26834730230.8,"HKSK_MARKET_CAP":8860401027.1,"PE_TTM":16.89933922471,"PB_TTM":0.786031441166,"REPORT_DATE_SQ":"2022-06-30 00:00:00","REPORT_TYPE_SQ":"2022年中报","OPERATE_INCOME_SQ":55597855000,"DPS_HKD":0.00822,"OPERATE_INCOME_QOQ_SQ":0.442561476817,"NET_PROFIT_RATIO_SQ":2.4614798539,"HOLDER_PROFIT_SQ":707315000,"HOLDER_PROFIT_QOQ_SQ":8.053796414292,"ROE_AVG_SQ":1.469431922079,"PE_TTM_SQ":65.291991904364,"PB_TTM_SQ":0.678624146122,"ROA_SQ":0.240177314549,"START_DATE":"2023-01-01 00:00:00","FISCAL_YEAR":"12-31","CURRENCY":"HKD","IS_CNY_CODE":0,"DPS_HKD_LY":0.03163,"ORG_TYPE":"一般企业","PREMIUM_INCOME":null,"PREMIUM_INCOME_YOY":null,"NET_INTEREST_INCOME":null,"NET_INTEREST_INCOME_YOY":null,"FEE_COMMISSION_INCOME":null,"FEE_COMMISSION_INCOME_YOY":null,"ACCOUNTS_RECE_TDAYS":2.920534705948,"INVENTORY_TDAYS":7.887371859566,"CURRENT_ASSETS_TDAYS":1.347950016208,"TOTAL_ASSETS_TDAYS":0.191137782997,"PREMIUM_EXPENSE":null,"LOAN_DEPOSIT":null,"LOAN_EQUITY":null,"LOAN_ASSETS":null,"DEPOSIT_EQUITY":null,"DEPOSIT_ASSETS":null,"EQUITY_MULTIPLIER":3.485297110952,"EQUITY_RATIO":2.955380442051},{"SECUCODE":"00991.HK","SECURITY_CODE":"00991","SECURITY_NAME_ABBR":"大唐发电","ORG_CODE":"10009193","STD_REPORT_DATE":"2023-03-31 00:00:00","REPORT_DATE":"2023-03-31 00:00:00","DATE_TYPE_CODE":"003","REPORT_TYPE":"2023年一季报","PER_NETCASH_OPERATE":0.189629972287,"PER_OI":1.515639961728,"BPS":1.511229075202,"BASIC_EPS":-0.0121,"DILUTED_EPS":-0.0121,"OPERATE_INCOME":28049510000,"OPERATE_INCOME_YOY":-5.8841202229,"GROSS_PROFIT":1888183000,"GROSS_PROFIT_YOY":-22.743746859723,"HOLDER_PROFIT":136945000,"HOLDER_PROFIT_YOY":133.0915312067,"GROSS_PROFIT_RATIO":6.731607789227,"EPS_TTM":-0.062482416837,"OPERATE_INCOME_QOQ":-1.501055688307,"NET_PROFIT_RATIO":0.0177757116,"ROE_AVG":0.268594403485,"GROSS_PROFIT_QOQ":-1.354008293891,"ROA":0.044957261696,"HOLDER_PROFIT_QOQ":32.263699340295,"ROE_YEARLY":1.074377613939,"ROIC_YEARLY":0.194725815837,"TOTAL_ASSETS":304117559000,"TOTAL_LIABILITIES":216422486000,"TAX_EBT":97.804211017699,"OCF_SALES":12.511544764953,"TOTAL_PARENT_EQUITY":74172929000,"DEBT_ASSET_RATIO":71.1640875692,"OPERATE_PROFIT":1745931000,"PRETAX_PROFIT":227071000,"NETCASH_OPERATE":3509427000,"NETCASH_INVEST":-2910603000,"NETCASH_FINANCE":-1401166000,"END_CASH":8724970000,"DIVI_RATIO":-0.11921959452,"DIVIDEND_RATE":0.566896551724,"CURRENT_RATIO":0.516189780646,"COMMON_ACS":null,"CURRENTDEBT_DEBT":39.222279333766,"ISSUED_COMMON_SHARES":18506710504,"HK_COMMON_SHARES":6110621398,"PER_SHARES":2000,"TOTAL_MARKET_CAP":26834730230.8,"HKSK_MARKET_CAP":8860401027.1,"PE_TTM":16.89933922471,"PB_TTM":0.786031441166,"REPORT_DATE_SQ":"2022-03-31 00:00:00","REPORT_TYPE_SQ":"2022年一季报","OPERATE_INCOME_SQ":29803164000,"DPS_HKD":0.00822,"OPERATE_INCOME_QOQ_SQ":4.419972398163,"NET_PROFIT_RATIO_SQ":-1.3569742575,"HOLDER_PROFIT_SQ":-413837000,"HOLDER_PROFIT_QOQ_SQ":-12.444702395118,"ROE_AVG_SQ":-0.892611299219,"PE_TTM_SQ":65.291991904364,"PB_TTM_SQ":0.678624146122,"ROA_SQ":-0.139225805124,"START_DATE":"2023-01-01 00:00:00","FISCAL_YEAR":"12-31","CURRENCY":"HKD","IS_CNY_CODE":0,"DPS_HKD_LY":0.03163,"ORG_TYPE":"一般企业","PREMIUM_INCOME":null,"PREMIUM_INCOME_YOY":null,"NET_INTEREST_INCOME":null,"NET_INTEREST_INCOME_YOY":null,"FEE_COMMISSION_INCOME":null,"FEE_COMMISSION_INCOME_YOY":null,"ACCOUNTS_RECE_TDAYS":1.488633277038,"INVENTORY_TDAYS":6.110481525198,"CURRENT_ASSETS_TDAYS":0.645510512748,"TOTAL_ASSETS_TDAYS":0.092082891782,"PREMIUM_EXPENSE":null,"LOAN_DEPOSIT":null,"LOAN_EQUITY":null,"LOAN_ASSETS":null,"DEPOSIT_EQUITY":null,"DEPOSIT_ASSETS":null,"EQUITY_MULTIPLIER":3.467897894335,"EQUITY_RATIO":2.917809622969},{"SECUCODE":"00991.HK","SECURITY_CODE":"00991","SECURITY_NAME_ABBR":"大唐发电","ORG_CODE":"10009193","STD_REPORT_DATE":"2022-12-31 00:00:00","REPORT_DATE":"2022-12-31 00:00:00","DATE_TYPE_CODE":"001","REPORT_TYPE":"2022年年报","PER_NETCASH_OPERATE":1.080955094406,"PER_OI":6.312739585717,"BPS":1.502478681665,"BASIC_EPS":-0.0921,"DILUTED_EPS":-0.0921,"OPERATE_INCOME":116828044000,"OPERATE_INCOME_YOY":12.7576136696,"GROSS_PROFIT":41053589000,"GROSS_PROFIT_YOY":31.283858600874,"HOLDER_PROFIT":-1704685000,"HOLDER_PROFIT_YOY":83.8039609912,"GROSS_PROFIT_RATIO":35.140183464854,"EPS_TTM":-0.092243621557,"OPERATE_INCOME_QOQ":1.277906190781,"NET_PROFIT_RATIO":-0.6698074993,"ROE_AVG":-3.697876502229,"GROSS_PROFIT_QOQ":30.768185254257,"ROA":-0.567901081049,"HOLDER_PROFIT_QOQ":83.080685594946,"ROE_YEARLY":-3.697876502229,"ROIC_YEARLY":-0.618398229205,"TOTAL_ASSETS":305185278000,"TOTAL_LIABILITIES":228859965000,"TAX_EBT":1118.46204060317,"OCF_SALES":17.123391195354,"TOTAL_PARENT_EQUITY":27798667000,"DEBT_ASSET_RATIO":74.9815490865,"OPERATE_PROFIT":3061886000,"PRETAX_PROFIT":76595000,"NETCASH_OPERATE":20004923000,"NETCASH_INVEST":-20129240000,"NETCASH_FINANCE":-1418309000,"END_CASH":9532755000,"DIVI_RATIO":-0.08075494299,"DIVIDEND_RATE":0.566896551724,"CURRENT_RATIO":0.420674485968,"COMMON_ACS":null,"CURRENTDEBT_DEBT":44.756161699142,"ISSUED_COMMON_SHARES":18506710504,"HK_COMMON_SHARES":6110621398,"PER_SHARES":2000,"TOTAL_MARKET_CAP":26834730230.8,"HKSK_MARKET_CAP":8860401027.1,"PE_TTM":16.89933922471,"PB_TTM":0.786031441166,"REPORT_DATE_SQ":"2021-12-31 00:00:00","REPORT_TYPE_SQ":"2021年年报","OPERATE_INCOME_SQ":103609894000,"DPS_HKD":0.00822,"OPERATE_INCOME_QOQ_SQ":1.557436939953,"NET_PROFIT_RATIO_SQ":-11.4833973069,"HOLDER_PROFIT_SQ":-10540392000,"HOLDER_PROFIT_QOQ_SQ":-1194.93485178524,"ROE_AVG_SQ":-15.799036178123,"PE_TTM_SQ":65.291991904364,"PB_TTM_SQ":0.678624146122,"ROA_SQ":-3.71388951009,"START_DATE":"2022-01-01 00:00:00","FISCAL_YEAR":"12-31","CURRENCY":"HKD","IS_CNY_CODE":0,"DPS_HKD_LY":null,"ORG_TYPE":"一般企业","PREMIUM_INCOME":null,"PREMIUM_INCOME_YOY":null,"NET_INTEREST_INCOME":null,"NET_INTEREST_INCOME_YOY":null,"FEE_COMMISSION_INCOME":null,"FEE_COMMISSION_INCOME_YOY":null,"ACCOUNTS_RECE_TDAYS":6.209443524251,"INVENTORY_TDAYS":14.395681473475,"CURRENT_ASSETS_TDAYS":2.633446619117,"TOTAL_ASSETS_TDAYS":0.388646019594,"PREMIUM_EXPENSE":null,"LOAN_DEPOSIT":null,"LOAN_EQUITY":null,"LOAN_ASSETS":null,"DEPOSIT_EQUITY":null,"DEPOSIT_ASSETS":null,"EQUITY_MULTIPLIER":3.997050031025,"EQUITY_RATIO":8.232767599972},{"SECUCODE":"00991.HK","SECURITY_CODE":"00991","SECURITY_NAME_ABBR":"大唐发电","ORG_CODE":"10009193","STD_REPORT_DATE":"2022-09-30 00:00:00","REPORT_DATE":"2022-09-30 00:00:00","DATE_TYPE_CODE":"004","REPORT_TYPE":"2022年三季报","PER_NETCASH_OPERATE":1.021543617701,"PER_OI":4.714472190028,"BPS":1.594726517909,"BASIC_EPS":-0.0149,"DILUTED_EPS":-0.0149,"OPERATE_INCOME":87249372000,"OPERATE_INCOME_YOY":15.8576326383,"GROSS_PROFIT":6896360000,"GROSS_PROFIT_YOY":4.885849818482,"HOLDER_PROFIT":763672000,"HOLDER_PROFIT_YOY":418.5367641072,"GROSS_PROFIT_RATIO":7.904194427898,"EPS_TTM":-0.545197159583,"OPERATE_INCOME_QOQ":6.355579095485,"NET_PROFIT_RATIO":0.6581961415,"ROE_AVG":1.716522636081,"GROSS_PROFIT_QOQ":5.62817719314,"ROA":0.258625246286,"HOLDER_PROFIT_QOQ":8.849731964276,"ROE_YEARLY":2.288696848108,"ROIC_YEARLY":0.282220600726,"TOTAL_ASSETS":294853991000,"TOTAL_LIABILITIES":222073839000,"TAX_EBT":58.250420054329,"OCF_SALES":21.668249944538,"TOTAL_PARENT_EQUITY":59358006000,"DEBT_ASSET_RATIO":75.3165450625,"OPERATE_PROFIT":6385342000,"PRETAX_PROFIT":1374227000,"NETCASH_OPERATE":18905412000,"NETCASH_INVEST":-10829744000,"NETCASH_FINANCE":-8768608000,"END_CASH":10428386000,"DIVI_RATIO":-0.013663182702,"DIVIDEND_RATE":0.566896551724,"CURRENT_RATIO":0.434442412797,"COMMON_ACS":null,"CURRENTDEBT_DEBT":45.734332534324,"ISSUED_COMMON_SHARES":18506710504,"HK_COMMON_SHARES":6110621398,"PER_SHARES":2000,"TOTAL_MARKET_CAP":26834730230.8,"HKSK_MARKET_CAP":8860401027.1,"PE_TTM":16.89933922471,"PB_TTM":0.786031441166,"REPORT_DATE_SQ":"2021-09-30 00:00:00","REPORT_TYPE_SQ":"2021年三季报","OPERATE_INCOME_SQ":75307401000,"DPS_HKD":0.00822,"OPERATE_INCOME_QOQ_SQ":0.291081863996,"NET_PROFIT_RATIO_SQ":-0.1364394997,"HOLDER_PROFIT_SQ":147372000,"HOLDER_PROFIT_QOQ_SQ":-156.253946179554,"ROE_AVG_SQ":0.018542125359,"PE_TTM_SQ":65.291991904364,"PB_TTM_SQ":0.678624146122,"ROA_SQ":0.004790284658,"START_DATE":"2022-01-01 00:00:00","FISCAL_YEAR":"12-31","CURRENCY":"HKD","IS_CNY_CODE":0,"DPS_HKD_LY":null,"ORG_TYPE":"一般企业","PREMIUM_INCOME":null,"PREMIUM_INCOME_YOY":null,"NET_INTEREST_INCOME":null,"NET_INTEREST_INCOME_YOY":null,"FEE_COMMISSION_INCOME":null,"FEE_COMMISSION_INCOME_YOY":null,"ACCOUNTS_RECE_TDAYS":4.784142042392,"INVENTORY_TDAYS":14.531465864316,"CURRENT_ASSETS_TDAYS":1.944041612727,"TOTAL_ASSETS_TDAYS":0.295283171222,"PREMIUM_EXPENSE":null,"LOAN_DEPOSIT":null,"LOAN_EQUITY":null,"LOAN_ASSETS":null,"DEPOSIT_EQUITY":null,"DEPOSIT_ASSETS":null,"EQUITY_MULTIPLIER":4.051296718924,"EQUITY_RATIO":3.741261776887}],"count":78},"success":true,"message":"ok","code":0}