{"version":"05743877a15f60ec0c75b3f094855410","result":{"pages":5,"data":[{"SECUCODE":"00997.HK","SECURITY_CODE":"00997","SECURITY_NAME_ABBR":"普汇中金国际","ORG_CODE":"10009197","STD_REPORT_DATE":"2024-06-30 00:00:00","REPORT_DATE":"2024-09-30 00:00:00","DATE_TYPE_CODE":"002","REPORT_TYPE":"2024年中报","PER_NETCASH_OPERATE":-0.008165785115,"PER_OI":0.034261900616,"BPS":0.493989895466,"BASIC_EPS":-0.176570482,"DILUTED_EPS":-0.176570482,"OPERATE_INCOME":40062020.75,"OPERATE_INCOME_YOY":-5.9031602135,"GROSS_PROFIT":26618135.43,"GROSS_PROFIT_YOY":-10.040373089111,"HOLDER_PROFIT":-206461213.34,"HOLDER_PROFIT_YOY":-116.511731273,"GROSS_PROFIT_RATIO":66.44231851435,"EPS_TTM":-0.29599752893,"OPERATE_INCOME_QOQ":0,"NET_PROFIT_RATIO":-519.0275745639,"ROE_AVG":-31.31804132631,"GROSS_PROFIT_QOQ":0,"ROA":-6.460560965396,"HOLDER_PROFIT_QOQ":0,"ROE_YEARLY":-62.636082652621,"ROIC_YEARLY":-12.964362104159,"TOTAL_ASSETS":3156030534.6,"TOTAL_LIABILITIES":2575287694.29,"TAX_EBT":9.522258627793,"OCF_SALES":-23.833427124367,"TOTAL_PARENT_EQUITY":577616334.38,"DEBT_ASSET_RATIO":81.5989473504,"OPERATE_PROFIT":-156335216.19,"PRETAX_PROFIT":-229816672.55,"NETCASH_OPERATE":-9548152.52,"NETCASH_INVEST":6200708.04,"NETCASH_FINANCE":3118389.82,"END_CASH":6846389.68,"DIVI_RATIO":null,"DIVIDEND_RATE":null,"CURRENT_RATIO":0.314386933034,"COMMON_ACS":62500000000,"CURRENTDEBT_DEBT":82.010931625341,"ISSUED_COMMON_SHARES":1169287752,"HK_COMMON_SHARES":1169287752,"PER_SHARES":8000,"TOTAL_MARKET_CAP":23385755.04,"HKSK_MARKET_CAP":23385755.04,"PE_TTM":-0.046309617951,"PB_TTM":0.036510463403,"REPORT_DATE_SQ":"2023-06-30 00:00:00","REPORT_TYPE_SQ":"2023年中报","OPERATE_INCOME_SQ":43323147.56,"DPS_HKD":null,"OPERATE_INCOME_QOQ_SQ":0,"NET_PROFIT_RATIO_SQ":-227.5904431077,"HOLDER_PROFIT_SQ":-97032949.09,"HOLDER_PROFIT_QOQ_SQ":0,"ROE_AVG_SQ":-8.594780286211,"PE_TTM_SQ":-0.141423288824,"PB_TTM_SQ":0.041216535637,"ROA_SQ":-2.537896056496,"START_DATE":"2024-04-01 00:00:00","FISCAL_YEAR":"3-31","CURRENCY":"HKD","IS_CNY_CODE":0,"DPS_HKD_LY":null,"ORG_TYPE":"一般企业","PREMIUM_INCOME":null,"PREMIUM_INCOME_YOY":null,"NET_INTEREST_INCOME":null,"NET_INTEREST_INCOME_YOY":null,"FEE_COMMISSION_INCOME":null,"FEE_COMMISSION_INCOME_YOY":null,"ACCOUNTS_RECE_TDAYS":1.15409095042,"INVENTORY_TDAYS":0.024456042527,"CURRENT_ASSETS_TDAYS":0.059571860358,"TOTAL_ASSETS_TDAYS":0.012536162278,"PREMIUM_EXPENSE":null,"LOAN_DEPOSIT":null,"LOAN_EQUITY":null,"LOAN_ASSETS":null,"DEPOSIT_EQUITY":null,"DEPOSIT_ASSETS":null,"EQUITY_MULTIPLIER":5.434471706822,"EQUITY_RATIO":4.458474494241},{"SECUCODE":"00997.HK","SECURITY_CODE":"00997","SECURITY_NAME_ABBR":"普汇中金国际","ORG_CODE":"10009197","STD_REPORT_DATE":"2023-12-31 00:00:00","REPORT_DATE":"2024-03-31 00:00:00","DATE_TYPE_CODE":"001","REPORT_TYPE":"2023年年报","PER_NETCASH_OPERATE":0.148627533601,"PER_OI":0.075419733722,"BPS":0.636947786955,"BASIC_EPS":-0.295988575,"DILUTED_EPS":-0.295988575,"OPERATE_INCOME":88187370.9,"OPERATE_INCOME_YOY":-18.0954786562,"GROSS_PROFIT":64161982.8,"GROSS_PROFIT_YOY":-18.722471319023,"HOLDER_PROFIT":-346106285.2,"HOLDER_PROFIT_YOY":-0.8298075755,"GROSS_PROFIT_RATIO":72.756430025288,"EPS_TTM":-0.241207743182,"OPERATE_INCOME_QOQ":0,"NET_PROFIT_RATIO":-395.9024651,"ROE_AVG":-35.094053799656,"GROSS_PROFIT_QOQ":0,"ROA":-9.522373589745,"HOLDER_PROFIT_QOQ":0,"ROE_YEARLY":-35.094053799656,"ROIC_YEARLY":-9.656821927621,"TOTAL_ASSETS":3252480201.8,"TOTAL_LIABILITIES":2503195776.15,"TAX_EBT":9.028076325275,"OCF_SALES":197.067168321717,"TOTAL_PARENT_EQUITY":744775245.95,"DEBT_ASSET_RATIO":76.9626752767,"OPERATE_PROFIT":-226498797.85,"PRETAX_PROFIT":-383784316.3,"NETCASH_OPERATE":173788354.65,"NETCASH_INVEST":17198160.05,"NETCASH_FINANCE":-260773640.25,"END_CASH":6895219.3,"DIVI_RATIO":null,"DIVIDEND_RATE":null,"CURRENT_RATIO":0.341830360619,"COMMON_ACS":62500000000,"CURRENTDEBT_DEBT":80.007880537427,"ISSUED_COMMON_SHARES":1169287752,"HK_COMMON_SHARES":1169287752,"PER_SHARES":8000,"TOTAL_MARKET_CAP":25724330.544,"HKSK_MARKET_CAP":25724330.544,"PE_TTM":-0.050940579746,"PB_TTM":0.040161509744,"REPORT_DATE_SQ":"2022-12-31 00:00:00","REPORT_TYPE_SQ":"2022年年报","OPERATE_INCOME_SQ":103972445.7,"DPS_HKD":null,"OPERATE_INCOME_QOQ_SQ":0,"NET_PROFIT_RATIO_SQ":-324.5609160562,"HOLDER_PROFIT_SQ":-331466993.22,"HOLDER_PROFIT_QOQ_SQ":0,"ROE_AVG_SQ":-23.222048318091,"PE_TTM_SQ":-0.105160907075,"PB_TTM_SQ":0.030648193166,"ROA_SQ":-7.572368241459,"START_DATE":"2023-04-01 00:00:00","FISCAL_YEAR":"3-31","CURRENCY":"HKD","IS_CNY_CODE":0,"DPS_HKD_LY":null,"ORG_TYPE":"一般企业","PREMIUM_INCOME":null,"PREMIUM_INCOME_YOY":null,"NET_INTEREST_INCOME":null,"NET_INTEREST_INCOME_YOY":null,"FEE_COMMISSION_INCOME":null,"FEE_COMMISSION_INCOME_YOY":null,"ACCOUNTS_RECE_TDAYS":0.83756371401,"INVENTORY_TDAYS":0.043013475186,"CURRENT_ASSETS_TDAYS":0.103954031881,"TOTAL_ASSETS_TDAYS":0.024262867435,"PREMIUM_EXPENSE":null,"LOAN_DEPOSIT":null,"LOAN_EQUITY":null,"LOAN_ASSETS":null,"DEPOSIT_EQUITY":null,"DEPOSIT_ASSETS":null,"EQUITY_MULTIPLIER":4.340781805227,"EQUITY_RATIO":3.361008290437},{"SECUCODE":"00997.HK","SECURITY_CODE":"00997","SECURITY_NAME_ABBR":"普汇中金国际","ORG_CODE":"10009197","STD_REPORT_DATE":"2023-06-30 00:00:00","REPORT_DATE":"2023-09-30 00:00:00","DATE_TYPE_CODE":"002","REPORT_TYPE":"2023年中报","PER_NETCASH_OPERATE":0.155547487322,"PER_OI":0.037050886307,"BPS":0.868281854525,"BASIC_EPS":-0.082953752,"DILUTED_EPS":-0.082953752,"OPERATE_INCOME":43323147.56,"OPERATE_INCOME_YOY":-24.6825346181,"GROSS_PROFIT":29588979.35,"GROSS_PROFIT_YOY":-29.389518051655,"HOLDER_PROFIT":-97032949.09,"HOLDER_PROFIT_YOY":34.6995362279,"GROSS_PROFIT_RATIO":68.298313987969,"EPS_TTM":-0.283477691999,"OPERATE_INCOME_QOQ":0,"NET_PROFIT_RATIO":-227.5904431077,"ROE_AVG":-8.594780286211,"GROSS_PROFIT_QOQ":0,"ROA":-2.537896056496,"HOLDER_PROFIT_QOQ":0,"ROE_YEARLY":-17.189560572422,"ROIC_YEARLY":-5.156910296618,"TOTAL_ASSETS":3580781291.78,"TOTAL_LIABILITIES":2559480207.27,"TAX_EBT":10.965828113089,"OCF_SALES":419.821231890197,"TOTAL_PARENT_EQUITY":1015271337.78,"DEBT_ASSET_RATIO":71.4782612707,"OPERATE_PROFIT":-29540344.96,"PRETAX_PROFIT":-110743258.92,"NETCASH_OPERATE":181879771.78,"NETCASH_INVEST":8184341.97,"NETCASH_FINANCE":-246559839.96,"END_CASH":23351848.24,"DIVI_RATIO":null,"DIVIDEND_RATE":null,"CURRENT_RATIO":0.366807219646,"COMMON_ACS":62500000000,"CURRENTDEBT_DEBT":85.511193236554,"ISSUED_COMMON_SHARES":1169287752,"HK_COMMON_SHARES":1169287752,"PER_SHARES":8000,"TOTAL_MARKET_CAP":25724330.544,"HKSK_MARKET_CAP":25724330.544,"PE_TTM":-0.050940579746,"PB_TTM":0.040161509744,"REPORT_DATE_SQ":"2022-06-30 00:00:00","REPORT_TYPE_SQ":"2022年中报","OPERATE_INCOME_SQ":56693916.96,"DPS_HKD":null,"OPERATE_INCOME_QOQ_SQ":0,"NET_PROFIT_RATIO_SQ":-247.3867292808,"HOLDER_PROFIT_SQ":-146458682.52,"HOLDER_PROFIT_QOQ_SQ":0,"ROE_AVG_SQ":-9.650026891212,"PE_TTM_SQ":-0.137797050649,"PB_TTM_SQ":0.04015970139,"ROA_SQ":-3.251275599582,"START_DATE":"2023-04-01 00:00:00","FISCAL_YEAR":"3-31","CURRENCY":"HKD","IS_CNY_CODE":0,"DPS_HKD_LY":null,"ORG_TYPE":"一般企业","PREMIUM_INCOME":null,"PREMIUM_INCOME_YOY":null,"NET_INTEREST_INCOME":null,"NET_INTEREST_INCOME_YOY":null,"FEE_COMMISSION_INCOME":null,"FEE_COMMISSION_INCOME_YOY":null,"ACCOUNTS_RECE_TDAYS":0.325214228639,"INVENTORY_TDAYS":0.024348264615,"CURRENT_ASSETS_TDAYS":0.047419269628,"TOTAL_ASSETS_TDAYS":0.011331165999,"PREMIUM_EXPENSE":null,"LOAN_DEPOSIT":null,"LOAN_EQUITY":null,"LOAN_ASSETS":null,"DEPOSIT_EQUITY":null,"DEPOSIT_ASSETS":null,"EQUITY_MULTIPLIER":3.506097610286,"EQUITY_RATIO":2.52098144804},{"SECUCODE":"00997.HK","SECURITY_CODE":"00997","SECURITY_NAME_ABBR":"普汇中金国际","ORG_CODE":"10009197","STD_REPORT_DATE":"2022-12-31 00:00:00","REPORT_DATE":"2023-03-31 00:00:00","DATE_TYPE_CODE":"001","REPORT_TYPE":"2022年年报","PER_NETCASH_OPERATE":0.037140741974,"PER_OI":0.08891946873,"BPS":1.013868362208,"BASIC_EPS":-0.283457758,"DILUTED_EPS":-0.283457758,"OPERATE_INCOME":103972445.7,"OPERATE_INCOME_YOY":-20.2538019942,"GROSS_PROFIT":78941847.57,"GROSS_PROFIT_YOY":-11.081138437851,"HOLDER_PROFIT":-331466993.22,"HOLDER_PROFIT_YOY":-13.3444889138,"GROSS_PROFIT_RATIO":75.925738822935,"EPS_TTM":-0.283060179279,"OPERATE_INCOME_QOQ":0,"NET_PROFIT_RATIO":-324.5609160562,"ROE_AVG":-23.222048318091,"GROSS_PROFIT_QOQ":0,"ROA":-7.572368241459,"HOLDER_PROFIT_QOQ":0,"ROE_YEARLY":-23.222048318091,"ROIC_YEARLY":-7.735419962606,"TOTAL_ASSETS":3878869050.97,"TOTAL_LIABILITIES":2685683470.15,"TAX_EBT":4.553379709882,"OCF_SALES":41.768965226909,"TOTAL_PARENT_EQUITY":1185503858.07,"DEBT_ASSET_RATIO":69.2388279898,"OPERATE_PROFIT":-185178103.53,"PRETAX_PROFIT":-346943366.61,"NETCASH_OPERATE":43428214.69,"NETCASH_INVEST":230571613.67,"NETCASH_FINANCE":-229925561.09,"END_CASH":79037267.26,"DIVI_RATIO":null,"DIVIDEND_RATE":null,"CURRENT_RATIO":0.433279864752,"COMMON_ACS":62500000000,"CURRENTDEBT_DEBT":83.985084332519,"ISSUED_COMMON_SHARES":1169287752,"HK_COMMON_SHARES":1169287752,"PER_SHARES":8000,"TOTAL_MARKET_CAP":28062906.048,"HKSK_MARKET_CAP":28062906.048,"PE_TTM":-0.055571541541,"PB_TTM":0.043812556084,"REPORT_DATE_SQ":"2021-12-31 00:00:00","REPORT_TYPE_SQ":"2021年年报","OPERATE_INCOME_SQ":120787774.35,"DPS_HKD":null,"OPERATE_INCOME_QOQ_SQ":0,"NET_PROFIT_RATIO_SQ":-178.5814459579,"HOLDER_PROFIT_SQ":-270928433.63,"HOLDER_PROFIT_QOQ_SQ":0,"ROE_AVG_SQ":-16.60529912359,"PE_TTM_SQ":-0.074114614987,"PB_TTM_SQ":0.02536402193,"ROA_SQ":-6.155611979547,"START_DATE":"2022-04-01 00:00:00","FISCAL_YEAR":"3-31","CURRENCY":"HKD","IS_CNY_CODE":0,"DPS_HKD_LY":null,"ORG_TYPE":"一般企业","PREMIUM_INCOME":null,"PREMIUM_INCOME_YOY":null,"NET_INTEREST_INCOME":null,"NET_INTEREST_INCOME_YOY":null,"FEE_COMMISSION_INCOME":null,"FEE_COMMISSION_INCOME_YOY":null,"ACCOUNTS_RECE_TDAYS":0.777977925523,"INVENTORY_TDAYS":0.047391660341,"CURRENT_ASSETS_TDAYS":0.07926621522,"TOTAL_ASSETS_TDAYS":0.023752520218,"PREMIUM_EXPENSE":null,"LOAN_DEPOSIT":null,"LOAN_EQUITY":null,"LOAN_ASSETS":null,"DEPOSIT_EQUITY":null,"DEPOSIT_ASSETS":null,"EQUITY_MULTIPLIER":3.25085142942,"EQUITY_RATIO":2.265436296869},{"SECUCODE":"00997.HK","SECURITY_CODE":"00997","SECURITY_NAME_ABBR":"普汇中金国际","ORG_CODE":"10009197","STD_REPORT_DATE":"2022-06-30 00:00:00","REPORT_DATE":"2022-09-30 00:00:00","DATE_TYPE_CODE":"002","REPORT_TYPE":"2022年中报","PER_NETCASH_OPERATE":0.080675686407,"PER_OI":0.048485855482,"BPS":1.121017668746,"BASIC_EPS":-0.12526494,"DILUTED_EPS":-0.12526494,"OPERATE_INCOME":56693916.96,"OPERATE_INCOME_YOY":-28.1260091882,"GROSS_PROFIT":41904514.08,"GROSS_PROFIT_YOY":-23.987675404341,"HOLDER_PROFIT":-146458682.52,"HOLDER_PROFIT_YOY":-56.1191238286,"GROSS_PROFIT_RATIO":76.008058671769,"EPS_TTM":-0.231703815563,"OPERATE_INCOME_QOQ":0,"NET_PROFIT_RATIO":-247.3867292808,"ROE_AVG":-9.650026891212,"GROSS_PROFIT_QOQ":0,"ROA":-3.251275599582,"HOLDER_PROFIT_QOQ":0,"ROE_YEARLY":-19.300053782424,"ROIC_YEARLY":-6.619252663308,"TOTAL_ASSETS":3971841024.48,"TOTAL_LIABILITIES":2623006239.36,"TAX_EBT":2.785650057363,"OCF_SALES":151.172565730353,"TOTAL_PARENT_EQUITY":1310792229.84,"DEBT_ASSET_RATIO":66.0400611,"OPERATE_PROFIT":-44364590.88,"PRETAX_PROFIT":-145845472.2,"NETCASH_OPERATE":94333092,"NETCASH_INVEST":210565389.72,"NETCASH_FINANCE":-329157371.4,"END_CASH":19736689.68,"DIVI_RATIO":null,"DIVIDEND_RATE":null,"CURRENT_RATIO":0.595587943205,"COMMON_ACS":62500000000,"CURRENTDEBT_DEBT":64.233017394998,"ISSUED_COMMON_SHARES":1169287752,"HK_COMMON_SHARES":1169287752,"PER_SHARES":8000,"TOTAL_MARKET_CAP":28062906.048,"HKSK_MARKET_CAP":28062906.048,"PE_TTM":-0.055571541541,"PB_TTM":0.043812556084,"REPORT_DATE_SQ":"2021-06-30 00:00:00","REPORT_TYPE_SQ":"2021年中报","OPERATE_INCOME_SQ":79967928.58,"DPS_HKD":null,"OPERATE_INCOME_QOQ_SQ":0,"NET_PROFIT_RATIO_SQ":-103.4565020366,"HOLDER_PROFIT_SQ":-86408315.44,"HOLDER_PROFIT_QOQ_SQ":0,"ROE_AVG_SQ":-4.966500636231,"PE_TTM_SQ":-0.074114614987,"PB_TTM_SQ":0.02536402193,"ROA_SQ":-1.929364759015,"START_DATE":"2022-04-01 00:00:00","FISCAL_YEAR":"3-31","CURRENCY":"HKD","IS_CNY_CODE":0,"DPS_HKD_LY":null,"ORG_TYPE":"一般企业","PREMIUM_INCOME":null,"PREMIUM_INCOME_YOY":null,"NET_INTEREST_INCOME":null,"NET_INTEREST_INCOME_YOY":null,"FEE_COMMISSION_INCOME":null,"FEE_COMMISSION_INCOME_YOY":null,"ACCOUNTS_RECE_TDAYS":0.410761150556,"INVENTORY_TDAYS":0.027988072986,"CURRENT_ASSETS_TDAYS":0.046152256155,"TOTAL_ASSETS_TDAYS":0.013852550667,"PREMIUM_EXPENSE":null,"LOAN_DEPOSIT":null,"LOAN_EQUITY":null,"LOAN_ASSETS":null,"DEPOSIT_EQUITY":null,"DEPOSIT_ASSETS":null,"EQUITY_MULTIPLIER":2.944646051763,"EQUITY_RATIO":2.001084672039},{"SECUCODE":"00997.HK","SECURITY_CODE":"00997","SECURITY_NAME_ABBR":"普汇中金国际","ORG_CODE":"10009197","STD_REPORT_DATE":"2021-12-31 00:00:00","REPORT_DATE":"2022-03-31 00:00:00","DATE_TYPE_CODE":"001","REPORT_TYPE":"2021年年报","PER_NETCASH_OPERATE":0.036752114958,"PER_OI":0.103300298958,"BPS":1.32256357312,"BASIC_EPS":-0.231705557,"DILUTED_EPS":-0.231705557,"OPERATE_INCOME":120787774.35,"OPERATE_INCOME_YOY":-16.7978075627,"GROSS_PROFIT":88779642.68,"GROSS_PROFIT_YOY":-32.639290739348,"HOLDER_PROFIT":-270928433.63,"HOLDER_PROFIT_YOY":-86.7807640912,"GROSS_PROFIT_RATIO":71.548319497058,"EPS_TTM":-0.169360817986,"OPERATE_INCOME_QOQ":0,"NET_PROFIT_RATIO":-178.5814459579,"ROE_AVG":-16.60529912359,"GROSS_PROFIT_QOQ":0,"ROA":-6.155611979547,"HOLDER_PROFIT_QOQ":0,"ROE_YEARLY":-16.60529912359,"ROIC_YEARLY":-6.269905306624,"TOTAL_ASSETS":4517087263.06,"TOTAL_LIABILITIES":2914564754.47,"TAX_EBT":4.223161841158,"OCF_SALES":28.472099083851,"TOTAL_PARENT_EQUITY":1546457387.29,"DEBT_ASSET_RATIO":64.5231005012,"OPERATE_PROFIT":-40779204.82,"PRETAX_PROFIT":-269103661.13,"NETCASH_OPERATE":42973797.88,"NETCASH_INVEST":-18360455.39,"NETCASH_FINANCE":-13901522.41,"END_CASH":35415995.69,"DIVI_RATIO":null,"DIVIDEND_RATE":null,"CURRENT_RATIO":0.703889459132,"COMMON_ACS":62500000000,"CURRENTDEBT_DEBT":74.333947270078,"ISSUED_COMMON_SHARES":1169287752,"HK_COMMON_SHARES":1169287752,"PER_SHARES":8000,"TOTAL_MARKET_CAP":28062906.048,"HKSK_MARKET_CAP":28062906.048,"PE_TTM":-0.055571541541,"PB_TTM":0.043812556084,"REPORT_DATE_SQ":"2020-12-31 00:00:00","REPORT_TYPE_SQ":"2020年年报","OPERATE_INCOME_SQ":189048172.04,"DPS_HKD":null,"OPERATE_INCOME_QOQ_SQ":0,"NET_PROFIT_RATIO_SQ":-72.5055660369,"HOLDER_PROFIT_SQ":-151162978.54,"HOLDER_PROFIT_QOQ_SQ":0,"ROE_AVG_SQ":-9.287304179944,"PE_TTM_SQ":-0.074114614987,"PB_TTM_SQ":0.02536402193,"ROA_SQ":-3.585899241631,"START_DATE":"2021-04-01 00:00:00","FISCAL_YEAR":"3-31","CURRENCY":"HKD","IS_CNY_CODE":0,"DPS_HKD_LY":null,"ORG_TYPE":"一般企业","PREMIUM_INCOME":null,"PREMIUM_INCOME_YOY":null,"NET_INTEREST_INCOME":null,"NET_INTEREST_INCOME_YOY":null,"FEE_COMMISSION_INCOME":null,"FEE_COMMISSION_INCOME_YOY":null,"ACCOUNTS_RECE_TDAYS":1.109042642312,"INVENTORY_TDAYS":0.092421764409,"CURRENT_ASSETS_TDAYS":0.149463739955,"TOTAL_ASSETS_TDAYS":0.034292638438,"PREMIUM_EXPENSE":null,"LOAN_DEPOSIT":null,"LOAN_EQUITY":null,"LOAN_ASSETS":null,"DEPOSIT_EQUITY":null,"DEPOSIT_ASSETS":null,"EQUITY_MULTIPLIER":2.818735611419,"EQUITY_RATIO":1.884671881957},{"SECUCODE":"00997.HK","SECURITY_CODE":"00997","SECURITY_NAME_ABBR":"普汇中金国际","ORG_CODE":"10009197","STD_REPORT_DATE":"2021-06-30 00:00:00","REPORT_DATE":"2021-09-30 00:00:00","DATE_TYPE_CODE":"002","REPORT_TYPE":"2021年中报","PER_NETCASH_OPERATE":0.076227961413,"PER_OI":0.068390290109,"BPS":1.46779328548,"BASIC_EPS":-0.073892422,"DILUTED_EPS":-0.073892422,"OPERATE_INCOME":79967928.58,"OPERATE_INCOME_YOY":-17.2367116437,"GROSS_PROFIT":55128578.56,"GROSS_PROFIT_YOY":-15.882484814159,"HOLDER_PROFIT":-86408315.44,"HOLDER_PROFIT_YOY":-130.5131453208,"GROSS_PROFIT_RATIO":68.938360088757,"EPS_TTM":-0.129277825994,"OPERATE_INCOME_QOQ":0,"NET_PROFIT_RATIO":-103.4565020366,"ROE_AVG":-4.966500636231,"GROSS_PROFIT_QOQ":0,"ROA":-1.929364759015,"HOLDER_PROFIT_QOQ":0,"ROE_YEARLY":-9.933001272461,"ROIC_YEARLY":-3.928324105296,"TOTAL_ASSETS":4555099603.78,"TOTAL_LIABILITIES":2785526047.68,"TAX_EBT":-9.334815923903,"OCF_SALES":111.460210640359,"TOTAL_PARENT_EQUITY":1716272711.18,"DEBT_ASSET_RATIO":61.1518142297,"OPERATE_PROFIT":32640123.86,"PRETAX_PROFIT":-75668505.92,"NETCASH_OPERATE":89132421.64,"NETCASH_INVEST":-84513103.94,"NETCASH_FINANCE":1621967.82,"END_CASH":33644794.22,"DIVI_RATIO":null,"DIVIDEND_RATE":null,"CURRENT_RATIO":0.496856941764,"COMMON_ACS":62500000000,"CURRENTDEBT_DEBT":59.403217008082,"ISSUED_COMMON_SHARES":1169287752,"HK_COMMON_SHARES":1169287752,"PER_SHARES":8000,"TOTAL_MARKET_CAP":28062906.048,"HKSK_MARKET_CAP":28062906.048,"PE_TTM":-0.055571541541,"PB_TTM":0.043812556084,"REPORT_DATE_SQ":"2020-06-30 00:00:00","REPORT_TYPE_SQ":"2020年中报","OPERATE_INCOME_SQ":101918339.2,"DPS_HKD":null,"OPERATE_INCOME_QOQ_SQ":0,"NET_PROFIT_RATIO_SQ":-32.5386903479,"HOLDER_PROFIT_SQ":-39539763.84,"HOLDER_PROFIT_QOQ_SQ":0,"ROE_AVG_SQ":-2.554939837092,"PE_TTM_SQ":-0.074114614987,"PB_TTM_SQ":0.02536402193,"ROA_SQ":-0.935088188332,"START_DATE":"2021-04-01 00:00:00","FISCAL_YEAR":"3-31","CURRENCY":"HKD","IS_CNY_CODE":0,"DPS_HKD_LY":null,"ORG_TYPE":"一般企业","PREMIUM_INCOME":null,"PREMIUM_INCOME_YOY":null,"NET_INTEREST_INCOME":null,"NET_INTEREST_INCOME_YOY":null,"FEE_COMMISSION_INCOME":null,"FEE_COMMISSION_INCOME_YOY":null,"ACCOUNTS_RECE_TDAYS":1.100395483464,"INVENTORY_TDAYS":0.071871052961,"CURRENT_ASSETS_TDAYS":0.120228024065,"TOTAL_ASSETS_TDAYS":0.017855608279,"PREMIUM_EXPENSE":null,"LOAN_DEPOSIT":null,"LOAN_EQUITY":null,"LOAN_ASSETS":null,"DEPOSIT_EQUITY":null,"DEPOSIT_ASSETS":null,"EQUITY_MULTIPLIER":2.57412278121,"EQUITY_RATIO":1.623008994745},{"SECUCODE":"00997.HK","SECURITY_CODE":"00997","SECURITY_NAME_ABBR":"普汇中金国际","ORG_CODE":"10009197","STD_REPORT_DATE":"2020-12-31 00:00:00","REPORT_DATE":"2021-03-31 00:00:00","DATE_TYPE_CODE":"001","REPORT_TYPE":"2020年年报","PER_NETCASH_OPERATE":-0.059609197241,"PER_OI":0.16167805719,"BPS":1.530015174195,"BASIC_EPS":-0.489021148,"DILUTED_EPS":-0.489021148,"OPERATE_INCOME":189048172.04,"OPERATE_INCOME_YOY":-47.431480289,"GROSS_PROFIT":131797369.2,"GROSS_PROFIT_YOY":-0.31390461968,"HOLDER_PROFIT":-151162978.54,"HOLDER_PROFIT_YOY":-37.515761956,"GROSS_PROFIT_RATIO":69.716288593425,"EPS_TTM":-0.076161046789,"OPERATE_INCOME_QOQ":0,"NET_PROFIT_RATIO":-72.5055660369,"ROE_AVG":-9.287304179944,"GROSS_PROFIT_QOQ":0,"ROA":-3.585899241631,"HOLDER_PROFIT_QOQ":0,"ROE_YEARLY":-9.287304179944,"ROIC_YEARLY":-3.636231670731,"TOTAL_ASSETS":4466122975.86,"TOTAL_LIABILITIES":2628960280.94,"TAX_EBT":-10.542423250995,"OCF_SALES":-36.869070717728,"TOTAL_PARENT_EQUITY":1789028003.56,"DEBT_ASSET_RATIO":58.8644848149,"OPERATE_PROFIT":79087718.5,"PRETAX_PROFIT":-123998048.16,"NETCASH_OPERATE":-69700304.24,"NETCASH_INVEST":23431770.32,"NETCASH_FINANCE":48481215.16,"END_CASH":24649674.7,"DIVI_RATIO":null,"DIVIDEND_RATE":null,"CURRENT_RATIO":0.330848874535,"COMMON_ACS":62500000000,"CURRENTDEBT_DEBT":59.269392094538,"ISSUED_COMMON_SHARES":1169287752,"HK_COMMON_SHARES":1169287752,"PER_SHARES":8000,"TOTAL_MARKET_CAP":28062906.048,"HKSK_MARKET_CAP":28062906.048,"PE_TTM":-0.055571541541,"PB_TTM":0.043812556084,"REPORT_DATE_SQ":"2019-12-31 00:00:00","REPORT_TYPE_SQ":"2019年年报","OPERATE_INCOME_SQ":388777522.6,"DPS_HKD":null,"OPERATE_INCOME_QOQ_SQ":0,"NET_PROFIT_RATIO_SQ":-30.7559612501,"HOLDER_PROFIT_SQ":-118835822,"HOLDER_PROFIT_QOQ_SQ":0,"ROE_AVG_SQ":-6.923990754881,"PE_TTM_SQ":-0.074114614987,"PB_TTM_SQ":0.02536402193,"ROA_SQ":-2.625041413631,"START_DATE":"2020-04-01 00:00:00","FISCAL_YEAR":"3-31","CURRENCY":"HKD","IS_CNY_CODE":0,"DPS_HKD_LY":null,"ORG_TYPE":"一般企业","PREMIUM_INCOME":null,"PREMIUM_INCOME_YOY":null,"NET_INTEREST_INCOME":null,"NET_INTEREST_INCOME_YOY":null,"FEE_COMMISSION_INCOME":null,"FEE_COMMISSION_INCOME_YOY":null,"ACCOUNTS_RECE_TDAYS":1.64009649438,"INVENTORY_TDAYS":null,"CURRENT_ASSETS_TDAYS":0.396441072995,"TOTAL_ASSETS_TDAYS":0.044846145749,"PREMIUM_EXPENSE":null,"LOAN_DEPOSIT":null,"LOAN_EQUITY":null,"LOAN_ASSETS":null,"DEPOSIT_EQUITY":null,"DEPOSIT_ASSETS":null,"EQUITY_MULTIPLIER":2.430989366488,"EQUITY_RATIO":1.469490849617},{"SECUCODE":"00997.HK","SECURITY_CODE":"00997","SECURITY_NAME_ABBR":"普汇中金国际","ORG_CODE":"10009197","STD_REPORT_DATE":"2020-06-30 00:00:00","REPORT_DATE":"2020-09-30 00:00:00","DATE_TYPE_CODE":"002","REPORT_TYPE":"2020年中报","PER_NETCASH_OPERATE":-0.071241619326,"PER_OI":0.06973020209,"BPS":1.343333692868,"BASIC_EPS":-0.135235008,"DILUTED_EPS":-0.135235008,"OPERATE_INCOME":101918339.2,"OPERATE_INCOME_YOY":-65.6726224477,"GROSS_PROFIT":65537573.76,"GROSS_PROFIT_YOY":-16.674589122753,"HOLDER_PROFIT":-39539763.84,"HOLDER_PROFIT_YOY":13.7492811961,"GROSS_PROFIT_RATIO":64.304004828211,"EPS_TTM":-0.081304757796,"OPERATE_INCOME_QOQ":0,"NET_PROFIT_RATIO":-32.5386903479,"ROE_AVG":-2.554939837092,"GROSS_PROFIT_QOQ":0,"ROA":-0.935088188332,"HOLDER_PROFIT_QOQ":0,"ROE_YEARLY":-5.109879674184,"ROIC_YEARLY":-1.894307237757,"TOTAL_ASSETS":4334722245.12,"TOTAL_LIABILITIES":2728458112.64,"TAX_EBT":-28.437244759053,"OCF_SALES":-102.167521662284,"TOTAL_PARENT_EQUITY":1570743633.92,"DEBT_ASSET_RATIO":62.9442432145,"OPERATE_PROFIT":79194640,"PRETAX_PROFIT":-25820308.48,"NETCASH_OPERATE":-104127441.28,"NETCASH_INVEST":36903603.84,"NETCASH_FINANCE":79838741.76,"END_CASH":26549646.08,"DIVI_RATIO":null,"DIVIDEND_RATE":null,"CURRENT_RATIO":0.247824385774,"COMMON_ACS":62500000000,"CURRENTDEBT_DEBT":72.268510810016,"ISSUED_COMMON_SHARES":1169287752,"HK_COMMON_SHARES":1169287752,"PER_SHARES":8000,"TOTAL_MARKET_CAP":28062906.048,"HKSK_MARKET_CAP":28062906.048,"PE_TTM":-0.055571541541,"PB_TTM":0.043812556084,"REPORT_DATE_SQ":"2019-06-30 00:00:00","REPORT_TYPE_SQ":"2019年中报","OPERATE_INCOME_SQ":304770236.79,"DPS_HKD":null,"OPERATE_INCOME_QOQ_SQ":0,"NET_PROFIT_RATIO_SQ":-13.6280911209,"HOLDER_PROFIT_SQ":-47057861.7,"HOLDER_PROFIT_QOQ_SQ":0,"ROE_AVG_SQ":-2.725911837626,"PE_TTM_SQ":-0.074114614987,"PB_TTM_SQ":0.02536402193,"ROA_SQ":-1.035836734499,"START_DATE":"2020-04-01 00:00:00","FISCAL_YEAR":"3-31","CURRENCY":"HKD","IS_CNY_CODE":0,"DPS_HKD_LY":null,"ORG_TYPE":"一般企业","PREMIUM_INCOME":null,"PREMIUM_INCOME_YOY":null,"NET_INTEREST_INCOME":null,"NET_INTEREST_INCOME_YOY":null,"FEE_COMMISSION_INCOME":null,"FEE_COMMISSION_INCOME_YOY":null,"ACCOUNTS_RECE_TDAYS":1.485473139556,"INVENTORY_TDAYS":null,"CURRENT_ASSETS_TDAYS":0.215868779476,"TOTAL_ASSETS_TDAYS":0.024102985427,"PREMIUM_EXPENSE":null,"LOAN_DEPOSIT":null,"LOAN_EQUITY":null,"LOAN_ASSETS":null,"DEPOSIT_EQUITY":null,"DEPOSIT_ASSETS":null,"EQUITY_MULTIPLIER":2.698636019738,"EQUITY_RATIO":1.737048652447}],"count":45},"success":true,"message":"ok","code":0}