{"version":"97d694771930b10ddee40a641e46abb6","result":{"pages":9,"data":[{"SECUCODE":"00998.HK","SECURITY_CODE":"00998","SECURITY_NAME_ABBR":"中信银行","ORG_CODE":"10008350","STD_REPORT_DATE":"2024-09-30 00:00:00","REPORT_DATE":"2024-09-30 00:00:00","DATE_TYPE_CODE":"004","REPORT_TYPE":"2024年三季报","PER_NETCASH_OPERATE":-4.157900609123,"PER_OI":3.02536219719,"BPS":12.171579172445,"BASIC_EPS":0.94,"DILUTED_EPS":0.91,"OPERATE_INCOME":161820000000,"OPERATE_INCOME_YOY":3.7660230719,"GROSS_PROFIT":null,"GROSS_PROFIT_YOY":null,"HOLDER_PROFIT":51826000000,"HOLDER_PROFIT_YOY":0.7641008691,"GROSS_PROFIT_RATIO":null,"EPS_TTM":1.260268448587,"OPERATE_INCOME_QOQ":1.496699867995,"NET_PROFIT_RATIO":32.4626127796,"ROE_AVG":6.778995916985,"GROSS_PROFIT_QOQ":null,"ROA":0.56604151732,"HOLDER_PROFIT_QOQ":1.459985851683,"ROE_YEARLY":9.038661222646,"ROIC_YEARLY":0.592234805914,"TOTAL_ASSETS":9259247000000,"TOTAL_LIABILITIES":8429295000000,"TAX_EBT":15.957123430126,"OCF_SALES":-137.434804103325,"TOTAL_PARENT_EQUITY":811795000000,"DEBT_ASSET_RATIO":91.0365065323,"OPERATE_PROFIT":61917000000,"PRETAX_PROFIT":62505000000,"NETCASH_OPERATE":-222397000000,"NETCASH_INVEST":35055000000,"NETCASH_FINANCE":176043000000,"END_CASH":236947000000,"DIVI_RATIO":0.400315780962,"DIVIDEND_RATE":9.742220617544,"CURRENT_RATIO":null,"COMMON_ACS":null,"CURRENTDEBT_DEBT":null,"ISSUED_COMMON_SHARES":54709088325,"HK_COMMON_SHARES":14882162977,"PER_SHARES":1000,"TOTAL_MARKET_CAP":311841803452.5,"HKSK_MARKET_CAP":84828328968.9,"PE_TTM":4.137399200214,"PB_TTM":0.422311922486,"REPORT_DATE_SQ":"2023-09-30 00:00:00","REPORT_TYPE_SQ":"2023年三季报","OPERATE_INCOME_SQ":155947000000,"DPS_HKD":0.5553065752,"OPERATE_INCOME_QOQ_SQ":-0.915814078247,"NET_PROFIT_RATIO_SQ":33.5126677653,"HOLDER_PROFIT_SQ":51433000000,"HOLDER_PROFIT_QOQ_SQ":1.19885446181,"ROE_AVG_SQ":7.519048705039,"PE_TTM_SQ":2.738396950474,"PB_TTM_SQ":0.315905640486,"ROA_SQ":0.588829739674,"START_DATE":"2024-01-01 00:00:00","FISCAL_YEAR":"12-31","CURRENCY":"HKD","IS_CNY_CODE":0,"DPS_HKD_LY":0.5553065752,"ORG_TYPE":"银行","PREMIUM_INCOME":null,"PREMIUM_INCOME_YOY":null,"NET_INTEREST_INCOME":109971000000,"NET_INTEREST_INCOME_YOY":0.670090352347,"FEE_COMMISSION_INCOME":24292000000,"FEE_COMMISSION_INCOME_YOY":null,"ACCOUNTS_RECE_TDAYS":null,"INVENTORY_TDAYS":null,"CURRENT_ASSETS_TDAYS":null,"TOTAL_ASSETS_TDAYS":0.017673916245,"PREMIUM_EXPENSE":null,"LOAN_DEPOSIT":102.70477786473,"LOAN_EQUITY":7.044736322101,"LOAN_ASSETS":63.145448004573,"DEPOSIT_EQUITY":6.859209930213,"DEPOSIT_ASSETS":61.482483402808,"EQUITY_MULTIPLIER":11.156364464408,"EQUITY_RATIO":10.38352662926},{"SECUCODE":"00998.HK","SECURITY_CODE":"00998","SECURITY_NAME_ABBR":"中信银行","ORG_CODE":"10008350","STD_REPORT_DATE":"2024-06-30 00:00:00","REPORT_DATE":"2024-06-30 00:00:00","DATE_TYPE_CODE":"002","REPORT_TYPE":"2024年中报","PER_NETCASH_OPERATE":-6.39601819787,"PER_OI":2.032305136795,"BPS":11.920578828253,"BASIC_EPS":0.66,"DILUTED_EPS":0.64,"OPERATE_INCOME":108640000000,"OPERATE_INCOME_YOY":2.6018793975,"GROSS_PROFIT":null,"GROSS_PROFIT_YOY":null,"HOLDER_PROFIT":35490000000,"HOLDER_PROFIT_YOY":-1.5998003715,"GROSS_PROFIT_RATIO":null,"EPS_TTM":1.242860097419,"OPERATE_INCOME_QOQ":0.210691385224,"NET_PROFIT_RATIO":33.0182253314,"ROE_AVG":4.684224037632,"GROSS_PROFIT_QOQ":null,"ROA":0.390921307012,"HOLDER_PROFIT_QOQ":-0.930468365567,"ROE_YEARLY":9.368448075264,"ROIC_YEARLY":0.819600578085,"TOTAL_ASSETS":9104623000000,"TOTAL_LIABILITIES":8288872000000,"TAX_EBT":18.011016891043,"OCF_SALES":-314.717415316642,"TOTAL_PARENT_EQUITY":798077000000,"DEBT_ASSET_RATIO":91.0402550441,"OPERATE_PROFIT":43261000000,"PRETAX_PROFIT":43751000000,"NETCASH_OPERATE":-341909000000,"NETCASH_INVEST":61639000000,"NETCASH_FINANCE":245616000000,"END_CASH":216780000000,"DIVI_RATIO":0.40592287842,"DIVIDEND_RATE":10.023584389892,"CURRENT_RATIO":null,"COMMON_ACS":null,"CURRENTDEBT_DEBT":null,"ISSUED_COMMON_SHARES":54709088325,"HK_COMMON_SHARES":14882162977,"PER_SHARES":1000,"TOTAL_MARKET_CAP":303088349320.5,"HKSK_MARKET_CAP":82447182892.58,"PE_TTM":4.021261678804,"PB_TTM":0.410457552732,"REPORT_DATE_SQ":"2023-06-30 00:00:00","REPORT_TYPE_SQ":"2023年中报","OPERATE_INCOME_SQ":105885000000,"DPS_HKD":0.5553065752,"OPERATE_INCOME_QOQ_SQ":0.177057392506,"NET_PROFIT_RATIO_SQ":34.6668555508,"HOLDER_PROFIT_SQ":36067000000,"HOLDER_PROFIT_QOQ_SQ":2.737217709752,"ROE_AVG_SQ":5.320581757457,"PE_TTM_SQ":2.591816091811,"PB_TTM_SQ":0.298995849511,"ROA_SQ":0.415020217665,"START_DATE":"2024-01-01 00:00:00","FISCAL_YEAR":"12-31","CURRENCY":"HKD","IS_CNY_CODE":0,"DPS_HKD_LY":0.5553065752,"ORG_TYPE":"银行","PREMIUM_INCOME":null,"PREMIUM_INCOME_YOY":null,"NET_INTEREST_INCOME":72608000000,"NET_INTEREST_INCOME_YOY":-0.816872933913,"FEE_COMMISSION_INCOME":16353000000,"FEE_COMMISSION_INCOME_YOY":null,"ACCOUNTS_RECE_TDAYS":null,"INVENTORY_TDAYS":null,"CURRENT_ASSETS_TDAYS":null,"TOTAL_ASSETS_TDAYS":0.011966664073,"PREMIUM_EXPENSE":null,"LOAN_DEPOSIT":103.255950358542,"LOAN_EQUITY":7.078356017952,"LOAN_ASSETS":63.4202646282,"DEPOSIT_EQUITY":6.855155556046,"DEPOSIT_ASSETS":61.420445415477,"EQUITY_MULTIPLIER":11.161031981625,"EQUITY_RATIO":10.386055480862},{"SECUCODE":"00998.HK","SECURITY_CODE":"00998","SECURITY_NAME_ABBR":"中信银行","ORG_CODE":"10008350","STD_REPORT_DATE":"2024-03-31 00:00:00","REPORT_DATE":"2024-03-31 00:00:00","DATE_TYPE_CODE":"003","REPORT_TYPE":"2024年一季报","PER_NETCASH_OPERATE":-6.251110451258,"PER_OI":1.005183229113,"BPS":11.901258455123,"BASIC_EPS":0.39,"DILUTED_EPS":0.38,"OPERATE_INCOME":53569000000,"OPERATE_INCOME_YOY":4.5207991883,"GROSS_PROFIT":null,"GROSS_PROFIT_YOY":null,"HOLDER_PROFIT":19191000000,"HOLDER_PROFIT_YOY":0.2455077309,"GROSS_PROFIT_RATIO":null,"EPS_TTM":1.258388300958,"OPERATE_INCOME_QOQ":1.127109986866,"NET_PROFIT_RATIO":36.1981743172,"ROE_AVG":2.585828806572,"GROSS_PROFIT_QOQ":null,"ROA":0.21178852379,"HOLDER_PROFIT_QOQ":0.07013250567,"ROE_YEARLY":10.343315226289,"ROIC_YEARLY":0.887876245569,"TOTAL_ASSETS":9070311000000,"TOTAL_LIABILITIES":8285630000000,"TAX_EBT":11.513187916401,"OCF_SALES":-621.887658907204,"TOTAL_PARENT_EQUITY":767099000000,"DEBT_ASSET_RATIO":91.348907441,"OPERATE_PROFIT":21663000000,"PRETAX_PROFIT":21914000000,"NETCASH_OPERATE":-333139000000,"NETCASH_INVEST":18942000000,"NETCASH_FINANCE":244521000000,"END_CASH":181659000000,"DIVI_RATIO":0.400913889484,"DIVIDEND_RATE":10.023584389892,"CURRENT_RATIO":null,"COMMON_ACS":null,"CURRENTDEBT_DEBT":null,"ISSUED_COMMON_SHARES":54709088325,"HK_COMMON_SHARES":14882162977,"PER_SHARES":1000,"TOTAL_MARKET_CAP":303088349320.5,"HKSK_MARKET_CAP":82447182892.58,"PE_TTM":4.021261678804,"PB_TTM":0.410457552732,"REPORT_DATE_SQ":"2023-03-31 00:00:00","REPORT_TYPE_SQ":"2023年一季报","OPERATE_INCOME_SQ":51252000000,"DPS_HKD":0.5553065752,"OPERATE_INCOME_QOQ_SQ":-1.279907535917,"NET_PROFIT_RATIO_SQ":37.9399828299,"HOLDER_PROFIT_SQ":19144000000,"HOLDER_PROFIT_QOQ_SQ":2.888749335781,"ROE_AVG_SQ":2.834928079101,"PE_TTM_SQ":2.591816091811,"PB_TTM_SQ":0.298995849511,"ROA_SQ":0.220882678057,"START_DATE":"2024-01-01 00:00:00","FISCAL_YEAR":"12-31","CURRENCY":"HKD","IS_CNY_CODE":0,"DPS_HKD_LY":0.5553065752,"ORG_TYPE":"银行","PREMIUM_INCOME":null,"PREMIUM_INCOME_YOY":null,"NET_INTEREST_INCOME":34960000000,"NET_INTEREST_INCOME_YOY":-4.548681264675,"FEE_COMMISSION_INCOME":8376000000,"FEE_COMMISSION_INCOME_YOY":null,"ACCOUNTS_RECE_TDAYS":null,"INVENTORY_TDAYS":null,"CURRENT_ASSETS_TDAYS":null,"TOTAL_ASSETS_TDAYS":0.005911781268,"PREMIUM_EXPENSE":null,"LOAN_DEPOSIT":104.706233673904,"LOAN_EQUITY":7.323781256332,"LOAN_ASSETS":63.358709530467,"DEPOSIT_EQUITY":6.994599079116,"DEPOSIT_ASSETS":60.510924046596,"EQUITY_MULTIPLIER":11.559233624887,"EQUITY_RATIO":10.801252511084},{"SECUCODE":"00998.HK","SECURITY_CODE":"00998","SECURITY_NAME_ABBR":"中信银行","ORG_CODE":"10008350","STD_REPORT_DATE":"2023-12-31 00:00:00","REPORT_DATE":"2023-12-31 00:00:00","DATE_TYPE_CODE":"001","REPORT_TYPE":"2023年年报","PER_NETCASH_OPERATE":-0.018747370944,"PER_OI":4.198144929126,"BPS":10.951781839987,"BASIC_EPS":1.27,"DILUTED_EPS":1.14,"OPERATE_INCOME":205570000000,"OPERATE_INCOME_YOY":-2.6237630797,"GROSS_PROFIT":null,"GROSS_PROFIT_YOY":null,"HOLDER_PROFIT":67016000000,"HOLDER_PROFIT_YOY":7.9110509959,"GROSS_PROFIT_RATIO":null,"EPS_TTM":1.36859892285,"OPERATE_INCOME_QOQ":-0.625531750329,"NET_PROFIT_RATIO":33.1089166707,"ROE_AVG":9.693918879824,"GROSS_PROFIT_QOQ":null,"ROA":0.761544286267,"HOLDER_PROFIT_QOQ":0.877575903542,"ROE_YEARLY":9.693918879824,"ROIC_YEARLY":0.804111315471,"TOTAL_ASSETS":9052484000000,"TOTAL_LIABILITIES":8317809000000,"TAX_EBT":9.113731355242,"OCF_SALES":-0.446563214477,"TOTAL_PARENT_EQUITY":717222000000,"DEBT_ASSET_RATIO":91.8842717645,"OPERATE_PROFIT":74151000000,"PRETAX_PROFIT":74887000000,"NETCASH_OPERATE":-918000000,"NETCASH_INVEST":1887000000,"NETCASH_FINANCE":-63102000000,"END_CASH":249002000000,"DIVI_RATIO":0.368629070062,"DIVIDEND_RATE":10.023584389892,"CURRENT_RATIO":null,"COMMON_ACS":null,"CURRENTDEBT_DEBT":null,"ISSUED_COMMON_SHARES":54709088325,"HK_COMMON_SHARES":14882162977,"PER_SHARES":1000,"TOTAL_MARKET_CAP":303088349320.5,"HKSK_MARKET_CAP":82447182892.58,"PE_TTM":4.021261678804,"PB_TTM":0.410457552732,"REPORT_DATE_SQ":"2022-12-31 00:00:00","REPORT_TYPE_SQ":"2022年年报","OPERATE_INCOME_SQ":211109000000,"DPS_HKD":0.5553065752,"OPERATE_INCOME_QOQ_SQ":0.78245094763,"NET_PROFIT_RATIO_SQ":29.8187192398,"HOLDER_PROFIT_SQ":62103000000,"HOLDER_PROFIT_QOQ_SQ":1.828228503968,"ROE_AVG_SQ":9.615543913895,"PE_TTM_SQ":2.591816091811,"PB_TTM_SQ":0.298995849511,"ROA_SQ":0.748660658342,"START_DATE":"2023-01-01 00:00:00","FISCAL_YEAR":"12-31","CURRENCY":"HKD","IS_CNY_CODE":0,"DPS_HKD_LY":0.3600596,"ORG_TYPE":"银行","PREMIUM_INCOME":null,"PREMIUM_INCOME_YOY":null,"NET_INTEREST_INCOME":143539000000,"NET_INTEREST_INCOME_YOY":-4.718315001294,"FEE_COMMISSION_INCOME":32383000000,"FEE_COMMISSION_INCOME_YOY":null,"ACCOUNTS_RECE_TDAYS":null,"INVENTORY_TDAYS":null,"CURRENT_ASSETS_TDAYS":null,"TOTAL_ASSETS_TDAYS":0.023360191436,"PREMIUM_EXPENSE":null,"LOAN_DEPOSIT":102.813545180321,"LOAN_EQUITY":7.651671827679,"LOAN_ASSETS":62.098889100494,"DEPOSIT_EQUITY":7.442279919692,"DEPOSIT_ASSETS":60.399521280568,"EQUITY_MULTIPLIER":12.321753156122,"EQUITY_RATIO":11.597258589391},{"SECUCODE":"00998.HK","SECURITY_CODE":"00998","SECURITY_NAME_ABBR":"中信银行","ORG_CODE":"10008350","STD_REPORT_DATE":"2023-09-30 00:00:00","REPORT_DATE":"2023-09-30 00:00:00","DATE_TYPE_CODE":"004","REPORT_TYPE":"2023年三季报","PER_NETCASH_OPERATE":-0.09110242024,"PER_OI":3.184745377548,"BPS":10.68550067088,"BASIC_EPS":0.99,"DILUTED_EPS":0.88,"OPERATE_INCOME":155947000000,"OPERATE_INCOME_YOY":-2.6499450659,"GROSS_PROFIT":null,"GROSS_PROFIT_YOY":null,"HOLDER_PROFIT":51433000000,"HOLDER_PROFIT_YOY":9.1926204276,"GROSS_PROFIT_RATIO":null,"EPS_TTM":1.356692912763,"OPERATE_INCOME_QOQ":-0.915814078247,"NET_PROFIT_RATIO":33.5126677653,"ROE_AVG":7.519048705039,"GROSS_PROFIT_QOQ":null,"ROA":0.588829739674,"HOLDER_PROFIT_QOQ":1.19885446181,"ROE_YEARLY":10.025398273385,"ROIC_YEARLY":0.621437259582,"TOTAL_ASSETS":8922023000000,"TOTAL_LIABILITIES":8198567000000,"TAX_EBT":11.634512960114,"OCF_SALES":-2.860587250797,"TOTAL_PARENT_EQUITY":702654000000,"DEBT_ASSET_RATIO":91.8913457183,"OPERATE_PROFIT":58535000000,"PRETAX_PROFIT":59143000000,"NETCASH_OPERATE":-4461000000,"NETCASH_INVEST":-66985000000,"NETCASH_FINANCE":-77049000000,"END_CASH":166283000000,"DIVI_RATIO":0.371864069954,"DIVIDEND_RATE":10.023584389892,"CURRENT_RATIO":null,"COMMON_ACS":null,"CURRENTDEBT_DEBT":null,"ISSUED_COMMON_SHARES":54709088325,"HK_COMMON_SHARES":14882162977,"PER_SHARES":1000,"TOTAL_MARKET_CAP":303088349320.5,"HKSK_MARKET_CAP":82447182892.58,"PE_TTM":4.021261678804,"PB_TTM":0.410457552732,"REPORT_DATE_SQ":"2022-09-30 00:00:00","REPORT_TYPE_SQ":"2022年三季报","OPERATE_INCOME_SQ":160192000000,"DPS_HKD":0.5553065752,"OPERATE_INCOME_QOQ_SQ":1.136561154136,"NET_PROFIT_RATIO_SQ":29.7967439073,"HOLDER_PROFIT_SQ":47103000000,"HOLDER_PROFIT_QOQ_SQ":3.135252139209,"ROE_AVG_SQ":7.336881603357,"PE_TTM_SQ":2.591816091811,"PB_TTM_SQ":0.298995849511,"ROA_SQ":0.565283438586,"START_DATE":"2023-01-01 00:00:00","FISCAL_YEAR":"12-31","CURRENCY":"HKD","IS_CNY_CODE":0,"DPS_HKD_LY":0.3600596,"ORG_TYPE":"银行","PREMIUM_INCOME":null,"PREMIUM_INCOME_YOY":null,"NET_INTEREST_INCOME":109239000000,"NET_INTEREST_INCOME_YOY":-1.897586033479,"FEE_COMMISSION_INCOME":26991000000,"FEE_COMMISSION_INCOME_YOY":null,"ACCOUNTS_RECE_TDAYS":null,"INVENTORY_TDAYS":null,"CURRENT_ASSETS_TDAYS":null,"TOTAL_ASSETS_TDAYS":0.017853563162,"PREMIUM_EXPENSE":null,"LOAN_DEPOSIT":101.093542559453,"LOAN_EQUITY":7.71404895391,"LOAN_ASSETS":62.550556079042,"DEPOSIT_EQUITY":7.630605040251,"DEPOSIT_ASSETS":61.873938231273,"EQUITY_MULTIPLIER":12.332502598574,"EQUITY_RATIO":11.668000182166},{"SECUCODE":"00998.HK","SECURITY_CODE":"00998","SECURITY_NAME_ABBR":"中信银行","ORG_CODE":"10008350","STD_REPORT_DATE":"2023-06-30 00:00:00","REPORT_DATE":"2023-06-30 00:00:00","DATE_TYPE_CODE":"002","REPORT_TYPE":"2023年中报","PER_NETCASH_OPERATE":-2.512270263459,"PER_OI":2.16238060159,"BPS":10.460346123854,"BASIC_EPS":0.7,"DILUTED_EPS":0.63,"OPERATE_INCOME":105885000000,"OPERATE_INCOME_YOY":-2.1558335952,"GROSS_PROFIT":null,"GROSS_PROFIT_YOY":null,"HOLDER_PROFIT":36067000000,"HOLDER_PROFIT_YOY":10.8934940352,"GROSS_PROFIT_RATIO":null,"EPS_TTM":1.340620833659,"OPERATE_INCOME_QOQ":0.177057392506,"NET_PROFIT_RATIO":34.6668555508,"ROE_AVG":5.320581757457,"GROSS_PROFIT_QOQ":null,"ROA":0.415020217665,"HOLDER_PROFIT_QOQ":2.737217709752,"ROE_YEARLY":10.641163514915,"ROIC_YEARLY":0.878507387523,"TOTAL_ASSETS":8833297000000,"TOTAL_LIABILITIES":8122284000000,"TAX_EBT":13.359454292256,"OCF_SALES":-116.180762147613,"TOTAL_PARENT_EQUITY":690336000000,"DEBT_ASSET_RATIO":91.9507631182,"OPERATE_PROFIT":41941000000,"PRETAX_PROFIT":42367000000,"NETCASH_OPERATE":-123018000000,"NETCASH_INVEST":44392000000,"NETCASH_FINANCE":-16838000000,"END_CASH":218173000000,"DIVI_RATIO":0.376322175183,"DIVIDEND_RATE":10.023584389892,"CURRENT_RATIO":null,"COMMON_ACS":null,"CURRENTDEBT_DEBT":null,"ISSUED_COMMON_SHARES":54709088325,"HK_COMMON_SHARES":14882162977,"PER_SHARES":1000,"TOTAL_MARKET_CAP":303088349320.5,"HKSK_MARKET_CAP":82447182892.58,"PE_TTM":4.021261678804,"PB_TTM":0.410457552732,"REPORT_DATE_SQ":"2022-06-30 00:00:00","REPORT_TYPE_SQ":"2022年中报","OPERATE_INCOME_SQ":108218000000,"DPS_HKD":0.5553065752,"OPERATE_INCOME_QOQ_SQ":0.260919657077,"NET_PROFIT_RATIO_SQ":30.4339389011,"HOLDER_PROFIT_SQ":32524000000,"HOLDER_PROFIT_QOQ_SQ":3.110723626853,"ROE_AVG_SQ":5.132708867432,"PE_TTM_SQ":2.591816091811,"PB_TTM_SQ":0.298995849511,"ROA_SQ":0.398556452156,"START_DATE":"2023-01-01 00:00:00","FISCAL_YEAR":"12-31","CURRENCY":"HKD","IS_CNY_CODE":0,"DPS_HKD_LY":0.3600596,"ORG_TYPE":"银行","PREMIUM_INCOME":null,"PREMIUM_INCOME_YOY":null,"NET_INTEREST_INCOME":73206000000,"NET_INTEREST_INCOME_YOY":-0.869353266168,"FEE_COMMISSION_INCOME":19063000000,"FEE_COMMISSION_INCOME_YOY":null,"ACCOUNTS_RECE_TDAYS":null,"INVENTORY_TDAYS":null,"CURRENT_ASSETS_TDAYS":null,"TOTAL_ASSETS_TDAYS":0.012184106177,"PREMIUM_EXPENSE":null,"LOAN_DEPOSIT":97.857209156839,"LOAN_EQUITY":7.69561034749,"LOAN_ASSETS":61.943790636724,"DEPOSIT_EQUITY":7.864122034337,"DEPOSIT_ASSETS":63.3001811215,"EQUITY_MULTIPLIER":12.423537966203,"EQUITY_RATIO":11.765696704214},{"SECUCODE":"00998.HK","SECURITY_CODE":"00998","SECURITY_NAME_ABBR":"中信银行","ORG_CODE":"10008350","STD_REPORT_DATE":"2023-03-31 00:00:00","REPORT_DATE":"2023-03-31 00:00:00","DATE_TYPE_CODE":"003","REPORT_TYPE":"2023年一季报","PER_NETCASH_OPERATE":-0.260203140512,"PER_OI":1.047351869748,"BPS":10.365498994083,"BASIC_EPS":0.39,"DILUTED_EPS":0.35,"OPERATE_INCOME":51252000000,"OPERATE_INCOME_YOY":-5.007969752,"GROSS_PROFIT":null,"GROSS_PROFIT_YOY":null,"HOLDER_PROFIT":19144000000,"HOLDER_PROFIT_YOY":10.3400576369,"GROSS_PROFIT_RATIO":null,"EPS_TTM":1.305756700642,"OPERATE_INCOME_QOQ":-1.279907535917,"NET_PROFIT_RATIO":37.9399828299,"ROE_AVG":2.834928079101,"GROSS_PROFIT_QOQ":null,"ROA":0.220882678057,"HOLDER_PROFIT_QOQ":2.888749335781,"ROE_YEARLY":11.339712316403,"ROIC_YEARLY":0.936938987195,"TOTAL_ASSETS":8786546000000,"TOTAL_LIABILITIES":8080741000000,"TAX_EBT":13.620007996091,"OCF_SALES":-24.843908530399,"TOTAL_PARENT_EQUITY":685163000000,"DEBT_ASSET_RATIO":91.9672075922,"OPERATE_PROFIT":22313000000,"PRETAX_PROFIT":22511000000,"NETCASH_OPERATE":-12733000000,"NETCASH_INVEST":89793000000,"NETCASH_FINANCE":-74615000000,"END_CASH":309320000000,"DIVI_RATIO":0.38637010093,"DIVIDEND_RATE":10.023584389892,"CURRENT_RATIO":null,"COMMON_ACS":null,"CURRENTDEBT_DEBT":null,"ISSUED_COMMON_SHARES":54709088325,"HK_COMMON_SHARES":14882162977,"PER_SHARES":1000,"TOTAL_MARKET_CAP":303088349320.5,"HKSK_MARKET_CAP":82447182892.58,"PE_TTM":4.021261678804,"PB_TTM":0.410457552732,"REPORT_DATE_SQ":"2022-03-31 00:00:00","REPORT_TYPE_SQ":"2022年一季报","OPERATE_INCOME_SQ":53954000000,"DPS_HKD":0.5553065752,"OPERATE_INCOME_QOQ_SQ":0.988980904798,"NET_PROFIT_RATIO_SQ":32.5054676206,"HOLDER_PROFIT_SQ":17350000000,"HOLDER_PROFIT_QOQ_SQ":3.071476069805,"ROE_AVG_SQ":2.739250219061,"PE_TTM_SQ":2.591816091811,"PB_TTM_SQ":0.298995849511,"ROA_SQ":0.213185806298,"START_DATE":"2023-01-01 00:00:00","FISCAL_YEAR":"12-31","CURRENCY":"HKD","IS_CNY_CODE":0,"DPS_HKD_LY":0.3600596,"ORG_TYPE":"银行","PREMIUM_INCOME":null,"PREMIUM_INCOME_YOY":null,"NET_INTEREST_INCOME":36626000000,"NET_INTEREST_INCOME_YOY":-0.866128944947,"FEE_COMMISSION_INCOME":8546000000,"FEE_COMMISSION_INCOME_YOY":null,"ACCOUNTS_RECE_TDAYS":null,"INVENTORY_TDAYS":null,"CURRENT_ASSETS_TDAYS":null,"TOTAL_ASSETS_TDAYS":0.005913434505,"PREMIUM_EXPENSE":null,"LOAN_DEPOSIT":99.448129769061,"LOAN_EQUITY":7.739593797154,"LOAN_ASSETS":62.170550293597,"DEPOSIT_EQUITY":7.782543337041,"DEPOSIT_ASSETS":62.515555031522,"EQUITY_MULTIPLIER":12.448971033149,"EQUITY_RATIO":11.793895759111},{"SECUCODE":"00998.HK","SECURITY_CODE":"00998","SECURITY_NAME_ABBR":"中信银行","ORG_CODE":"10008350","STD_REPORT_DATE":"2022-12-31 00:00:00","REPORT_DATE":"2022-12-31 00:00:00","DATE_TYPE_CODE":"001","REPORT_TYPE":"2022年年报","PER_NETCASH_OPERATE":3.986239362841,"PER_OI":4.31408346739,"BPS":10.004590037189,"BASIC_EPS":1.17,"DILUTED_EPS":1.06,"OPERATE_INCOME":211109000000,"OPERATE_INCOME_YOY":3.2045327884,"GROSS_PROFIT":null,"GROSS_PROFIT_YOY":null,"HOLDER_PROFIT":62103000000,"HOLDER_PROFIT_YOY":11.6137380708,"GROSS_PROFIT_RATIO":null,"EPS_TTM":1.26909570684,"OPERATE_INCOME_QOQ":0.78245094763,"NET_PROFIT_RATIO":29.8187192398,"ROE_AVG":9.615543913895,"GROSS_PROFIT_QOQ":null,"ROA":0.748660658342,"HOLDER_PROFIT_QOQ":1.828228503968,"ROE_YEARLY":9.615543913895,"ROIC_YEARLY":0.794108891749,"TOTAL_ASSETS":8547543000000,"TOTAL_LIABILITIES":7861713000000,"TAX_EBT":14.255748065817,"OCF_SALES":92.400608216609,"TOTAL_PARENT_EQUITY":665418000000,"DEBT_ASSET_RATIO":91.9762907306,"OPERATE_PROFIT":72793000000,"PRETAX_PROFIT":73416000000,"NETCASH_OPERATE":195066000000,"NETCASH_INVEST":-115873000000,"NETCASH_FINANCE":-32539000000,"END_CASH":307871000000,"DIVI_RATIO":0.397531364655,"DIVIDEND_RATE":10.023584389892,"CURRENT_RATIO":null,"COMMON_ACS":null,"CURRENTDEBT_DEBT":null,"ISSUED_COMMON_SHARES":54709088325,"HK_COMMON_SHARES":14882162977,"PER_SHARES":1000,"TOTAL_MARKET_CAP":303088349320.5,"HKSK_MARKET_CAP":82447182892.58,"PE_TTM":4.021261678804,"PB_TTM":0.410457552732,"REPORT_DATE_SQ":"2021-12-31 00:00:00","REPORT_TYPE_SQ":"2021年年报","OPERATE_INCOME_SQ":204554000000,"DPS_HKD":0.5553065752,"OPERATE_INCOME_QOQ_SQ":1.683170285532,"NET_PROFIT_RATIO_SQ":27.5609374542,"HOLDER_PROFIT_SQ":55641000000,"HOLDER_PROFIT_QOQ_SQ":3.387342524806,"ROE_AVG_SQ":9.504166111527,"PE_TTM_SQ":2.591816091811,"PB_TTM_SQ":0.298995849511,"ROA_SQ":0.715453761385,"START_DATE":"2022-01-01 00:00:00","FISCAL_YEAR":"12-31","CURRENCY":"HKD","IS_CNY_CODE":0,"DPS_HKD_LY":0.3537393,"ORG_TYPE":"银行","PREMIUM_INCOME":null,"PREMIUM_INCOME_YOY":null,"NET_INTEREST_INCOME":150647000000,"NET_INTEREST_INCOME_YOY":1.860090874669,"FEE_COMMISSION_INCOME":37092000000,"FEE_COMMISSION_INCOME_YOY":null,"ACCOUNTS_RECE_TDAYS":null,"INVENTORY_TDAYS":null,"CURRENT_ASSETS_TDAYS":null,"TOTAL_ASSETS_TDAYS":0.025449495664,"PREMIUM_EXPENSE":null,"LOAN_DEPOSIT":101.924575754615,"LOAN_EQUITY":7.665355846201,"LOAN_ASSETS":61.504586756686,"DEPOSIT_EQUITY":7.520615896068,"DEPOSIT_ASSETS":60.343235477142,"EQUITY_MULTIPLIER":12.46306373305,"EQUITY_RATIO":11.81469843016},{"SECUCODE":"00998.HK","SECURITY_CODE":"00998","SECURITY_NAME_ABBR":"中信银行","ORG_CODE":"10008350","STD_REPORT_DATE":"2022-09-30 00:00:00","REPORT_DATE":"2022-09-30 00:00:00","DATE_TYPE_CODE":"004","REPORT_TYPE":"2022年三季报","PER_NETCASH_OPERATE":0.099949231151,"PER_OI":3.273577435392,"BPS":9.863571419694,"BASIC_EPS":0.9,"DILUTED_EPS":0.81,"OPERATE_INCOME":160192000000,"OPERATE_INCOME_YOY":3.1659754244,"GROSS_PROFIT":null,"GROSS_PROFIT_YOY":null,"HOLDER_PROFIT":47103000000,"HOLDER_PROFIT_YOY":12.8053453396,"GROSS_PROFIT_RATIO":null,"EPS_TTM":1.246310306568,"OPERATE_INCOME_QOQ":1.136561154136,"NET_PROFIT_RATIO":29.7967439073,"ROE_AVG":7.336881603357,"GROSS_PROFIT_QOQ":null,"ROA":0.565283438586,"HOLDER_PROFIT_QOQ":3.135252139209,"ROE_YEARLY":9.782508804476,"ROIC_YEARLY":0.598121067104,"TOTAL_ASSETS":8622384000000,"TOTAL_LIABILITIES":7944166000000,"TAX_EBT":15.11594821454,"OCF_SALES":3.053211146624,"TOTAL_PARENT_EQUITY":657703000000,"DEBT_ASSET_RATIO":92.1342171724,"OPERATE_PROFIT":55788000000,"PRETAX_PROFIT":56232000000,"NETCASH_OPERATE":4891000000,"NETCASH_INVEST":-91705000000,"NETCASH_FINANCE":69355000000,"END_CASH":247601000000,"DIVI_RATIO":0.404799146376,"DIVIDEND_RATE":10.023584389892,"CURRENT_RATIO":null,"COMMON_ACS":null,"CURRENTDEBT_DEBT":null,"ISSUED_COMMON_SHARES":54709088325,"HK_COMMON_SHARES":14882162977,"PER_SHARES":1000,"TOTAL_MARKET_CAP":303088349320.5,"HKSK_MARKET_CAP":82447182892.58,"PE_TTM":4.021261678804,"PB_TTM":0.410457552732,"REPORT_DATE_SQ":"2021-09-30 00:00:00","REPORT_TYPE_SQ":"2021年三季报","OPERATE_INCOME_SQ":155276000000,"DPS_HKD":0.5553065752,"OPERATE_INCOME_QOQ_SQ":1.163159085766,"NET_PROFIT_RATIO_SQ":27.2804554471,"HOLDER_PROFIT_SQ":41756000000,"HOLDER_PROFIT_QOQ_SQ":2.569087097389,"ROE_AVG_SQ":7.209689812057,"PE_TTM_SQ":2.591816091811,"PB_TTM_SQ":0.298995849511,"ROA_SQ":0.542138703167,"START_DATE":"2022-01-01 00:00:00","FISCAL_YEAR":"12-31","CURRENCY":"HKD","IS_CNY_CODE":0,"DPS_HKD_LY":0.3537393,"ORG_TYPE":"银行","PREMIUM_INCOME":null,"PREMIUM_INCOME_YOY":null,"NET_INTEREST_INCOME":111352000000,"NET_INTEREST_INCOME_YOY":0.60079322775,"FEE_COMMISSION_INCOME":27354000000,"FEE_COMMISSION_INCOME_YOY":null,"ACCOUNTS_RECE_TDAYS":null,"INVENTORY_TDAYS":null,"CURRENT_ASSETS_TDAYS":null,"TOTAL_ASSETS_TDAYS":0.019224653333,"PREMIUM_EXPENSE":null,"LOAN_DEPOSIT":102.131332246436,"LOAN_EQUITY":7.654332382803,"LOAN_ASSETS":60.207316213242,"DEPOSIT_EQUITY":7.494597607259,"DEPOSIT_ASSETS":58.9508771588,"EQUITY_MULTIPLIER":12.713292776037,"EQUITY_RATIO":12.078652522491}],"count":74},"success":true,"message":"ok","code":0}