{"version":"cba75a8b7c2a86406cd1502f245f5d1f","result":{"pages":9,"data":[{"SECUCODE":"00995.HK","SECURITY_CODE":"00995","SECURITY_NAME_ABBR":"安徽皖通高速公路","ORG_CODE":"10002263","STD_REPORT_DATE":"2024-09-30 00:00:00","REPORT_DATE":"2024-09-30 00:00:00","DATE_TYPE_CODE":"004","REPORT_TYPE":"2024年三季报","PER_NETCASH_OPERATE":1.27138110044,"PER_OI":3.040769426218,"BPS":7.766429863494,"BASIC_EPS":0.7362,"DILUTED_EPS":0.7362,"OPERATE_INCOME":5043450578.02,"OPERATE_INCOME_YOY":16.099921942,"GROSS_PROFIT":1795234993.03,"GROSS_PROFIT_YOY":-11.724283996665,"HOLDER_PROFIT":1221083669.64,"HOLDER_PROFIT_YOY":-9.6003164931,"GROSS_PROFIT_RATIO":35.595371963272,"EPS_TTM":0.9212826818,"OPERATE_INCOME_QOQ":-0.40411386729,"NET_PROFIT_RATIO":24.5967126778,"ROE_AVG":9.56273028781,"GROSS_PROFIT_QOQ":-2.942064213408,"ROA":5.476741422875,"HOLDER_PROFIT_QOQ":-6.145051098952,"ROE_YEARLY":12.750307050414,"ROIC_YEARLY":7.295075398669,"TOTAL_ASSETS":22815060981.39,"TOTAL_LIABILITIES":8410988542.61,"TAX_EBT":24.226740310325,"OCF_SALES":41.811164288793,"TOTAL_PARENT_EQUITY":12881478235.89,"DEBT_ASSET_RATIO":36.8659481098,"OPERATE_PROFIT":1688840787.12,"PRETAX_PROFIT":1637151486.95,"NETCASH_OPERATE":2108725407,"NETCASH_INVEST":-308426118.97,"NETCASH_FINANCE":-1106144380.78,"END_CASH":1656534430.14,"DIVI_RATIO":0.649897763008,"DIVIDEND_RATE":6.140334572491,"CURRENT_RATIO":2.025775456088,"COMMON_ACS":null,"CURRENTDEBT_DEBT":27.956092060379,"ISSUED_COMMON_SHARES":1658610000,"HK_COMMON_SHARES":493010000,"PER_SHARES":2000,"TOTAL_MARKET_CAP":17846643600,"HKSK_MARKET_CAP":5304787600,"PE_TTM":10.428513526845,"PB_TTM":1.249384925963,"REPORT_DATE_SQ":"2023-09-30 00:00:00","REPORT_TYPE_SQ":"2023年三季报","OPERATE_INCOME_SQ":4344060266.07,"DPS_HKD":0.6607,"OPERATE_INCOME_QOQ_SQ":18.060180348849,"NET_PROFIT_RATIO_SQ":32.0099767911,"HOLDER_PROFIT_SQ":1350761000.78,"HOLDER_PROFIT_QOQ_SQ":0.40749973273,"ROE_AVG_SQ":11.114844616253,"PE_TTM_SQ":7.918743933632,"PB_TTM_SQ":1.055141985652,"ROA_SQ":6.238557431621,"START_DATE":"2024-01-01 00:00:00","FISCAL_YEAR":"12-31","CURRENCY":"HKD","IS_CNY_CODE":0,"DPS_HKD_LY":0.6607,"ORG_TYPE":"一般企业","PREMIUM_INCOME":null,"PREMIUM_INCOME_YOY":null,"NET_INTEREST_INCOME":null,"NET_INTEREST_INCOME_YOY":null,"FEE_COMMISSION_INCOME":null,"FEE_COMMISSION_INCOME_YOY":null,"ACCOUNTS_RECE_TDAYS":null,"INVENTORY_TDAYS":777.300550582656,"CURRENT_ASSETS_TDAYS":1.116972762856,"TOTAL_ASSETS_TDAYS":0.226206241076,"PREMIUM_EXPENSE":null,"LOAN_DEPOSIT":null,"LOAN_EQUITY":null,"LOAN_ASSETS":null,"DEPOSIT_EQUITY":null,"DEPOSIT_ASSETS":null,"EQUITY_MULTIPLIER":1.583931285987,"EQUITY_RATIO":0.652952121533},{"SECUCODE":"00995.HK","SECURITY_CODE":"00995","SECURITY_NAME_ABBR":"安徽皖通高速公路","ORG_CODE":"10002263","STD_REPORT_DATE":"2024-06-30 00:00:00","REPORT_DATE":"2024-06-30 00:00:00","DATE_TYPE_CODE":"002","REPORT_TYPE":"2024年中报","PER_NETCASH_OPERATE":0.774495511302,"PER_OI":1.840682258035,"BPS":7.536613188152,"BASIC_EPS":0.4876,"DILUTED_EPS":0.4876,"OPERATE_INCOME":3052974000,"OPERATE_INCOME_YOY":31.376313075,"GROSS_PROFIT":1158160000,"GROSS_PROFIT_YOY":-12.60495577652,"HOLDER_PROFIT":808769000,"HOLDER_PROFIT_YOY":-3.5341168107,"GROSS_PROFIT_RATIO":37.935468824825,"EPS_TTM":0.981602667294,"OPERATE_INCOME_QOQ":8.671895723104,"NET_PROFIT_RATIO":26.9096952676,"ROE_AVG":6.429718434267,"GROSS_PROFIT_QOQ":-3.184032987375,"ROA":3.580312581503,"HOLDER_PROFIT_QOQ":-1.799742437905,"ROE_YEARLY":12.859436868534,"ROIC_YEARLY":9.742334408448,"TOTAL_ASSETS":23402129000,"TOTAL_LIABILITIES":9424248000,"TAX_EBT":24.141993804276,"OCF_SALES":42.076545689547,"TOTAL_PARENT_EQUITY":12500302000,"DEBT_ASSET_RATIO":40.270900139,"OPERATE_PROFIT":1172004000,"PRETAX_PROFIT":1083005000,"NETCASH_OPERATE":1284586000,"NETCASH_INVEST":233424000,"NETCASH_FINANCE":395283000,"END_CASH":2875638000,"DIVI_RATIO":0.609961213381,"DIVIDEND_RATE":7.028723404255,"CURRENT_RATIO":1.926026330598,"COMMON_ACS":null,"CURRENTDEBT_DEBT":31.696651021917,"ISSUED_COMMON_SHARES":1658610000,"HK_COMMON_SHARES":493010000,"PER_SHARES":2000,"TOTAL_MARKET_CAP":15590934000,"HKSK_MARKET_CAP":4634294000,"PE_TTM":9.110411445385,"PB_TTM":1.091470102607,"REPORT_DATE_SQ":"2023-06-30 00:00:00","REPORT_TYPE_SQ":"2023年中报","OPERATE_INCOME_SQ":2323839000,"DPS_HKD":0.6607,"OPERATE_INCOME_QOQ_SQ":-12.464694057949,"NET_PROFIT_RATIO_SQ":37.0470587678,"HOLDER_PROFIT_SQ":838399000,"HOLDER_PROFIT_QOQ_SQ":7.837827324705,"ROE_AVG_SQ":7.037531180082,"PE_TTM_SQ":6.965904418253,"PB_TTM_SQ":0.928179807472,"ROA_SQ":3.871218749447,"START_DATE":"2024-01-01 00:00:00","FISCAL_YEAR":"12-31","CURRENCY":"HKD","IS_CNY_CODE":0,"DPS_HKD_LY":0.6607,"ORG_TYPE":"一般企业","PREMIUM_INCOME":null,"PREMIUM_INCOME_YOY":null,"NET_INTEREST_INCOME":null,"NET_INTEREST_INCOME_YOY":null,"FEE_COMMISSION_INCOME":null,"FEE_COMMISSION_INCOME_YOY":null,"ACCOUNTS_RECE_TDAYS":5.904292784247,"INVENTORY_TDAYS":452.60097933835,"CURRENT_ASSETS_TDAYS":0.609341688817,"TOTAL_ASSETS_TDAYS":0.1351510904,"PREMIUM_EXPENSE":null,"LOAN_DEPOSIT":null,"LOAN_EQUITY":null,"LOAN_ASSETS":null,"DEPOSIT_EQUITY":null,"DEPOSIT_ASSETS":null,"EQUITY_MULTIPLIER":1.674225800032,"EQUITY_RATIO":0.753921625254},{"SECUCODE":"00995.HK","SECURITY_CODE":"00995","SECURITY_NAME_ABBR":"安徽皖通高速公路","ORG_CODE":"10002263","STD_REPORT_DATE":"2024-03-31 00:00:00","REPORT_DATE":"2024-03-31 00:00:00","DATE_TYPE_CODE":"003","REPORT_TYPE":"2024年一季报","PER_NETCASH_OPERATE":0.406444478413,"PER_OI":0.775869175828,"BPS":7.9081778925,"BASIC_EPS":0.2771,"DILUTED_EPS":0.2771,"OPERATE_INCOME":1286864373.72,"OPERATE_INCOME_YOY":12.3813816324,"GROSS_PROFIT":634257733.45,"GROSS_PROFIT_YOY":-12.091072687987,"HOLDER_PROFIT":459671340.3,"HOLDER_PROFIT_YOY":0.0453903396,"GROSS_PROFIT_RATIO":49.287069127302,"EPS_TTM":0.999592762446,"OPERATE_INCOME_QOQ":2.137993703231,"NET_PROFIT_RATIO":36.8913994058,"ROE_AVG":3.567008267319,"GROSS_PROFIT_QOQ":-3.36347674636,"ROA":2.069608344138,"HOLDER_PROFIT_QOQ":0.01258059052,"ROE_YEARLY":14.268033069275,"ROIC_YEARLY":11.175897992567,"TOTAL_ASSETS":22644542609.7,"TOTAL_LIABILITIES":8047356035.5,"TAX_EBT":24.247104371506,"OCF_SALES":52.385697366946,"TOTAL_PARENT_EQUITY":13116582934.28,"DEBT_ASSET_RATIO":35.5377283357,"OPERATE_PROFIT":639135702.85,"PRETAX_PROFIT":626698520.21,"NETCASH_OPERATE":674132876.34,"NETCASH_INVEST":-139269068.38,"NETCASH_FINANCE":341313693,"END_CASH":1838557023.85,"DIVI_RATIO":0.598983482569,"DIVIDEND_RATE":7.028723404255,"CURRENT_RATIO":3.376082798331,"COMMON_ACS":null,"CURRENTDEBT_DEBT":18.826413785679,"ISSUED_COMMON_SHARES":1658610000,"HK_COMMON_SHARES":493010000,"PER_SHARES":2000,"TOTAL_MARKET_CAP":15590934000,"HKSK_MARKET_CAP":4634294000,"PE_TTM":9.110411445385,"PB_TTM":1.091470102607,"REPORT_DATE_SQ":"2023-03-31 00:00:00","REPORT_TYPE_SQ":"2023年一季报","OPERATE_INCOME_SQ":1145086806.22,"DPS_HKD":0.6607,"OPERATE_INCOME_QOQ_SQ":3.434947660422,"NET_PROFIT_RATIO_SQ":41.802171307,"HOLDER_PROFIT_SQ":459462788.58,"HOLDER_PROFIT_QOQ_SQ":3.695050366078,"ROE_AVG_SQ":3.774821118426,"PE_TTM_SQ":6.965904418253,"PB_TTM_SQ":0.928179807472,"ROA_SQ":2.135383144383,"START_DATE":"2024-01-01 00:00:00","FISCAL_YEAR":"12-31","CURRENCY":"HKD","IS_CNY_CODE":0,"DPS_HKD_LY":0.6607,"ORG_TYPE":"一般企业","PREMIUM_INCOME":null,"PREMIUM_INCOME_YOY":null,"NET_INTEREST_INCOME":null,"NET_INTEREST_INCOME_YOY":null,"FEE_COMMISSION_INCOME":null,"FEE_COMMISSION_INCOME_YOY":null,"ACCOUNTS_RECE_TDAYS":null,"INVENTORY_TDAYS":151.622834214818,"CURRENT_ASSETS_TDAYS":0.274324574947,"TOTAL_ASSETS_TDAYS":0.057939336481,"PREMIUM_EXPENSE":null,"LOAN_DEPOSIT":null,"LOAN_EQUITY":null,"LOAN_ASSETS":null,"DEPOSIT_EQUITY":null,"DEPOSIT_ASSETS":null,"EQUITY_MULTIPLIER":1.551295004321,"EQUITY_RATIO":0.613525342372},{"SECUCODE":"00995.HK","SECURITY_CODE":"00995","SECURITY_NAME_ABBR":"安徽皖通高速公路","ORG_CODE":"10002263","STD_REPORT_DATE":"2023-12-31 00:00:00","REPORT_DATE":"2023-12-31 00:00:00","DATE_TYPE_CODE":"001","REPORT_TYPE":"2023年年报","PER_NETCASH_OPERATE":1.447039991318,"PER_OI":3.998129156342,"BPS":7.64980857465,"BASIC_EPS":0.9995,"DILUTED_EPS":0.9995,"OPERATE_INCOME":6631337000,"OPERATE_INCOME_YOY":27.3697815328,"GROSS_PROFIT":2593637000,"GROSS_PROFIT_YOY":16.71635531199,"HOLDER_PROFIT":1657726000,"HOLDER_PROFIT_YOY":14.6852517923,"GROSS_PROFIT_RATIO":39.111826167182,"EPS_TTM":0.999467023592,"OPERATE_INCOME_QOQ":19.155037750173,"NET_PROFIT_RATIO":25.2764563164,"ROE_AVG":13.452182206411,"GROSS_PROFIT_QOQ":4.644500714423,"ROA":7.688518453569,"HOLDER_PROFIT_QOQ":2.143859470769,"ROE_YEARLY":13.452182206411,"ROIC_YEARLY":10.488873692202,"TOTAL_ASSETS":21738743118.83,"TOTAL_LIABILITIES":7623858820.55,"TAX_EBT":25.958664667691,"OCF_SALES":36.192927610224,"TOTAL_PARENT_EQUITY":12656911593.98,"DEBT_ASSET_RATIO":35.043477039,"OPERATE_PROFIT":2468857000,"PRETAX_PROFIT":2263826000,"NETCASH_OPERATE":2400075000,"NETCASH_INVEST":-3097516000,"NETCASH_FINANCE":-1244021000,"END_CASH":962380000,"DIVI_RATIO":0.599058838228,"DIVIDEND_RATE":7.028723404255,"CURRENT_RATIO":2.92167569307,"COMMON_ACS":null,"CURRENTDEBT_DEBT":19.157364546064,"ISSUED_COMMON_SHARES":1658610000,"HK_COMMON_SHARES":493010000,"PER_SHARES":2000,"TOTAL_MARKET_CAP":15590934000,"HKSK_MARKET_CAP":4634294000,"PE_TTM":9.110411445385,"PB_TTM":1.091470102607,"REPORT_DATE_SQ":"2022-12-31 00:00:00","REPORT_TYPE_SQ":"2022年年报","OPERATE_INCOME_SQ":5206366000,"DPS_HKD":0.6607,"OPERATE_INCOME_QOQ_SQ":2.411487871762,"NET_PROFIT_RATIO_SQ":27.1902513193,"HOLDER_PROFIT_SQ":1445457000,"HOLDER_PROFIT_QOQ_SQ":-0.135261316273,"ROE_AVG_SQ":12.363417274923,"PE_TTM_SQ":6.965904418253,"PB_TTM_SQ":0.928179807472,"ROA_SQ":6.997921983799,"START_DATE":"2023-01-01 00:00:00","FISCAL_YEAR":"12-31","CURRENCY":"HKD","IS_CNY_CODE":0,"DPS_HKD_LY":0.6065,"ORG_TYPE":"一般企业","PREMIUM_INCOME":null,"PREMIUM_INCOME_YOY":null,"NET_INTEREST_INCOME":null,"NET_INTEREST_INCOME_YOY":null,"FEE_COMMISSION_INCOME":null,"FEE_COMMISSION_INCOME_YOY":null,"ACCOUNTS_RECE_TDAYS":null,"INVENTORY_TDAYS":881.209079004801,"CURRENT_ASSETS_TDAYS":1.398845815726,"TOTAL_ASSETS_TDAYS":0.307560820644,"PREMIUM_EXPENSE":null,"LOAN_DEPOSIT":null,"LOAN_EQUITY":null,"LOAN_ASSETS":null,"DEPOSIT_EQUITY":null,"DEPOSIT_ASSETS":null,"EQUITY_MULTIPLIER":1.539491269569,"EQUITY_RATIO":0.602347481369},{"SECUCODE":"00995.HK","SECURITY_CODE":"00995","SECURITY_NAME_ABBR":"安徽皖通高速公路","ORG_CODE":"10002263","STD_REPORT_DATE":"2023-09-30 00:00:00","REPORT_DATE":"2023-09-30 00:00:00","DATE_TYPE_CODE":"004","REPORT_TYPE":"2023年三季报","PER_NETCASH_OPERATE":1.355306729406,"PER_OI":2.619096873931,"BPS":7.444413080712,"BASIC_EPS":0.8144,"DILUTED_EPS":0.8144,"OPERATE_INCOME":4344060266.07,"OPERATE_INCOME_YOY":9.0068800007,"GROSS_PROFIT":2033668005.55,"GROSS_PROFIT_YOY":14.423483814042,"HOLDER_PROFIT":1350761000.78,"HOLDER_PROFIT_YOY":15.126379853,"GROSS_PROFIT_RATIO":46.814912339829,"EPS_TTM":0.978489582017,"OPERATE_INCOME_QOQ":18.060180348849,"NET_PROFIT_RATIO":32.0099767911,"ROE_AVG":11.114844616253,"GROSS_PROFIT_QOQ":-1.339712920024,"ROA":6.238557431621,"HOLDER_PROFIT_QOQ":0.40749973273,"ROE_YEARLY":14.819792821671,"ROIC_YEARLY":8.854385188529,"TOTAL_ASSETS":21958066789.64,"TOTAL_LIABILITIES":8141385918.25,"TAX_EBT":24.552556955424,"OCF_SALES":51.747101945564,"TOTAL_PARENT_EQUITY":12347377979.8,"DEBT_ASSET_RATIO":37.0769703738,"OPERATE_PROFIT":1920421340.12,"PRETAX_PROFIT":1843048123.1,"NETCASH_OPERATE":2247925294.46,"NETCASH_INVEST":-1501599695.43,"NETCASH_FINANCE":-1396702498.73,"END_CASH":2253471520.3,"DIVI_RATIO":0.611901817867,"DIVIDEND_RATE":7.028723404255,"CURRENT_RATIO":2.811583812149,"COMMON_ACS":null,"CURRENTDEBT_DEBT":23.644084105938,"ISSUED_COMMON_SHARES":1658610000,"HK_COMMON_SHARES":493010000,"PER_SHARES":2000,"TOTAL_MARKET_CAP":15590934000,"HKSK_MARKET_CAP":4634294000,"PE_TTM":9.110411445385,"PB_TTM":1.091470102607,"REPORT_DATE_SQ":"2022-09-30 00:00:00","REPORT_TYPE_SQ":"2022年三季报","OPERATE_INCOME_SQ":3985124852.71,"DPS_HKD":0.6607,"OPERATE_INCOME_QOQ_SQ":3.794624969528,"NET_PROFIT_RATIO_SQ":28.8823330184,"HOLDER_PROFIT_SQ":1173285395.15,"HOLDER_PROFIT_QOQ_SQ":2.273884905252,"ROE_AVG_SQ":10.169214237594,"PE_TTM_SQ":6.965904418253,"PB_TTM_SQ":0.928179807472,"ROA_SQ":5.647114455195,"START_DATE":"2023-01-01 00:00:00","FISCAL_YEAR":"12-31","CURRENCY":"HKD","IS_CNY_CODE":0,"DPS_HKD_LY":0.6065,"ORG_TYPE":"一般企业","PREMIUM_INCOME":null,"PREMIUM_INCOME_YOY":null,"NET_INTEREST_INCOME":null,"NET_INTEREST_INCOME_YOY":null,"FEE_COMMISSION_INCOME":null,"FEE_COMMISSION_INCOME_YOY":null,"ACCOUNTS_RECE_TDAYS":null,"INVENTORY_TDAYS":515.748262206706,"CURRENT_ASSETS_TDAYS":0.817618082125,"TOTAL_ASSETS_TDAYS":0.200632602219,"PREMIUM_EXPENSE":null,"LOAN_DEPOSIT":null,"LOAN_EQUITY":null,"LOAN_ASSETS":null,"DEPOSIT_EQUITY":null,"DEPOSIT_ASSETS":null,"EQUITY_MULTIPLIER":1.589243248363,"EQUITY_RATIO":0.659361520443},{"SECUCODE":"00995.HK","SECURITY_CODE":"00995","SECURITY_NAME_ABBR":"安徽皖通高速公路","ORG_CODE":"10002263","STD_REPORT_DATE":"2023-06-30 00:00:00","REPORT_DATE":"2023-06-30 00:00:00","DATE_TYPE_CODE":"002","REPORT_TYPE":"2023年中报","PER_NETCASH_OPERATE":0.785513170667,"PER_OI":1.401076202362,"BPS":7.155603788715,"BASIC_EPS":0.5055,"DILUTED_EPS":0.5055,"OPERATE_INCOME":2323839000,"OPERATE_INCOME_YOY":-17.484692421,"GROSS_PROFIT":1325201000,"GROSS_PROFIT_YOY":28.014748926288,"HOLDER_PROFIT":838399000,"HOLDER_PROFIT_YOY":25.6009647796,"GROSS_PROFIT_RATIO":57.026368866346,"EPS_TTM":0.974518422052,"OPERATE_INCOME_QOQ":-12.464694057949,"NET_PROFIT_RATIO":37.0470587678,"ROE_AVG":7.037531180082,"GROSS_PROFIT_QOQ":7.519601785518,"ROA":3.871218749447,"HOLDER_PROFIT_QOQ":7.837827324705,"ROE_YEARLY":14.075062360164,"ROIC_YEARLY":11.009580309479,"TOTAL_ASSETS":21968907000,"TOTAL_LIABILITIES":8649235000,"TAX_EBT":26.437789290289,"OCF_SALES":56.064985569138,"TOTAL_PARENT_EQUITY":11868356000,"DEBT_ASSET_RATIO":39.3703473732,"OPERATE_PROFIT":1268549000,"PRETAX_PROFIT":1170321000,"NETCASH_OPERATE":1302860000,"NETCASH_INVEST":-1293808000,"NETCASH_FINANCE":-313751000,"END_CASH":2599158000,"DIVI_RATIO":0.614395316139,"DIVIDEND_RATE":7.028723404255,"CURRENT_RATIO":2.309011500631,"COMMON_ACS":null,"CURRENTDEBT_DEBT":27.753633702865,"ISSUED_COMMON_SHARES":1658610000,"HK_COMMON_SHARES":493010000,"PER_SHARES":2000,"TOTAL_MARKET_CAP":15590934000,"HKSK_MARKET_CAP":4634294000,"PE_TTM":9.110411445385,"PB_TTM":1.091470102607,"REPORT_DATE_SQ":"2022-06-30 00:00:00","REPORT_TYPE_SQ":"2022年中报","OPERATE_INCOME_SQ":2816252000,"DPS_HKD":0.6607,"OPERATE_INCOME_QOQ_SQ":21.474987406581,"NET_PROFIT_RATIO_SQ":22.9832770647,"HOLDER_PROFIT_SQ":667510000,"HOLDER_PROFIT_QOQ_SQ":-7.870502893101,"ROE_AVG_SQ":5.905887400259,"PE_TTM_SQ":6.965904418253,"PB_TTM_SQ":0.928179807472,"ROA_SQ":3.243704834668,"START_DATE":"2023-01-01 00:00:00","FISCAL_YEAR":"12-31","CURRENCY":"HKD","IS_CNY_CODE":0,"DPS_HKD_LY":0.6065,"ORG_TYPE":"一般企业","PREMIUM_INCOME":null,"PREMIUM_INCOME_YOY":null,"NET_INTEREST_INCOME":null,"NET_INTEREST_INCOME_YOY":null,"FEE_COMMISSION_INCOME":null,"FEE_COMMISSION_INCOME_YOY":null,"ACCOUNTS_RECE_TDAYS":5.028039101987,"INVENTORY_TDAYS":224.261845946553,"CURRENT_ASSETS_TDAYS":0.432073289467,"TOTAL_ASSETS_TDAYS":0.107300809131,"PREMIUM_EXPENSE":null,"LOAN_DEPOSIT":null,"LOAN_EQUITY":null,"LOAN_ASSETS":null,"DEPOSIT_EQUITY":null,"DEPOSIT_ASSETS":null,"EQUITY_MULTIPLIER":1.649357957162,"EQUITY_RATIO":0.728764371409},{"SECUCODE":"00995.HK","SECURITY_CODE":"00995","SECURITY_NAME_ABBR":"安徽皖通高速公路","ORG_CODE":"10002263","STD_REPORT_DATE":"2023-03-31 00:00:00","REPORT_DATE":"2023-03-31 00:00:00","DATE_TYPE_CODE":"003","REPORT_TYPE":"2023年一季报","PER_NETCASH_OPERATE":0.620677282061,"PER_OI":0.690389426218,"BPS":7.467337068298,"BASIC_EPS":0.277,"DILUTED_EPS":0.277,"OPERATE_INCOME":1145086806.22,"OPERATE_INCOME_YOY":18.5082316278,"GROSS_PROFIT":721494110.83,"GROSS_PROFIT_YOY":18.826784069796,"HOLDER_PROFIT":459462788.58,"HOLDER_PROFIT_YOY":13.1535636679,"GROSS_PROFIT_RATIO":63.007809269211,"EPS_TTM":0.903688850405,"OPERATE_INCOME_QOQ":3.434947660422,"NET_PROFIT_RATIO":41.802171307,"ROE_AVG":3.774821118426,"GROSS_PROFIT_QOQ":5.14419132821,"ROA":2.135383144383,"HOLDER_PROFIT_QOQ":3.695050366078,"ROE_YEARLY":15.099284473705,"ROIC_YEARLY":12.443224893712,"TOTAL_ASSETS":21687721940.73,"TOTAL_LIABILITIES":7703363781,"TAX_EBT":26.269335800063,"OCF_SALES":89.902489593633,"TOTAL_PARENT_EQUITY":12385399934.85,"DEBT_ASSET_RATIO":35.5194695047,"OPERATE_PROFIT":669874945.24,"PRETAX_PROFIT":649215836.51,"NETCASH_OPERATE":1029461546.8,"NETCASH_INVEST":-966188907.14,"NETCASH_FINANCE":-6001223.83,"END_CASH":2961119835.83,"DIVI_RATIO":0.662550560109,"DIVIDEND_RATE":7.028723404255,"CURRENT_RATIO":4.877763379955,"COMMON_ACS":null,"CURRENTDEBT_DEBT":16.118044883748,"ISSUED_COMMON_SHARES":1658610000,"HK_COMMON_SHARES":493010000,"PER_SHARES":2000,"TOTAL_MARKET_CAP":15590934000,"HKSK_MARKET_CAP":4634294000,"PE_TTM":9.110411445385,"PB_TTM":1.091470102607,"REPORT_DATE_SQ":"2022-03-31 00:00:00","REPORT_TYPE_SQ":"2022年一季报","OPERATE_INCOME_SQ":966250859.11,"DPS_HKD":0.6607,"OPERATE_INCOME_QOQ_SQ":0.06350684357,"NET_PROFIT_RATIO_SQ":41.8973686091,"HOLDER_PROFIT_SQ":406052424.41,"HOLDER_PROFIT_QOQ_SQ":1.598621434359,"ROE_AVG_SQ":3.497439151906,"PE_TTM_SQ":6.965904418253,"PB_TTM_SQ":0.928179807472,"ROA_SQ":2.036332743749,"START_DATE":"2023-01-01 00:00:00","FISCAL_YEAR":"12-31","CURRENCY":"HKD","IS_CNY_CODE":0,"DPS_HKD_LY":0.6065,"ORG_TYPE":"一般企业","PREMIUM_INCOME":null,"PREMIUM_INCOME_YOY":null,"NET_INTEREST_INCOME":null,"NET_INTEREST_INCOME_YOY":null,"FEE_COMMISSION_INCOME":null,"FEE_COMMISSION_INCOME_YOY":null,"ACCOUNTS_RECE_TDAYS":null,"INVENTORY_TDAYS":93.203445196265,"CURRENT_ASSETS_TDAYS":0.203203500025,"TOTAL_ASSETS_TDAYS":0.053218652862,"PREMIUM_EXPENSE":null,"LOAN_DEPOSIT":null,"LOAN_EQUITY":null,"LOAN_ASSETS":null,"DEPOSIT_EQUITY":null,"DEPOSIT_ASSETS":null,"EQUITY_MULTIPLIER":1.550855727021,"EQUITY_RATIO":0.621971338957},{"SECUCODE":"00995.HK","SECURITY_CODE":"00995","SECURITY_NAME_ABBR":"安徽皖通高速公路","ORG_CODE":"10002263","STD_REPORT_DATE":"2022-12-31 00:00:00","REPORT_DATE":"2022-12-31 00:00:00","DATE_TYPE_CODE":"001","REPORT_TYPE":"2022年年报","PER_NETCASH_OPERATE":1.012615985675,"PER_OI":3.138993494553,"BPS":7.209743701051,"BASIC_EPS":0.8715,"DILUTED_EPS":0.8715,"OPERATE_INCOME":5206366000,"OPERATE_INCOME_YOY":29.2070234442,"GROSS_PROFIT":2222171000,"GROSS_PROFIT_YOY":-3.676525408888,"HOLDER_PROFIT":1445457000,"HOLDER_PROFIT_YOY":-4.3987790723,"GROSS_PROFIT_RATIO":42.681805312957,"EPS_TTM":0.871486968003,"OPERATE_INCOME_QOQ":2.411487871762,"NET_PROFIT_RATIO":27.1902513193,"ROE_AVG":12.363417274923,"GROSS_PROFIT_QOQ":0.98639590679,"ROA":6.997921983799,"HOLDER_PROFIT_QOQ":-0.135261316273,"ROE_YEARLY":12.363417274923,"ROIC_YEARLY":9.281991104435,"TOTAL_ASSETS":21345566000,"TOTAL_LIABILITIES":7808394000,"TAX_EBT":28.42496124517,"OCF_SALES":32.259257224713,"TOTAL_PARENT_EQUITY":11958153000,"DEBT_ASSET_RATIO":36.5808711748,"OPERATE_PROFIT":2194606000,"PRETAX_PROFIT":1977818000,"NETCASH_OPERATE":1679535000,"NETCASH_INVEST":-2459625000,"NETCASH_FINANCE":323855000,"END_CASH":2903848000,"DIVI_RATIO":0.687032137006,"DIVIDEND_RATE":7.028723404255,"CURRENT_RATIO":3.783174684026,"COMMON_ACS":null,"CURRENTDEBT_DEBT":17.650197979252,"ISSUED_COMMON_SHARES":1658610000,"HK_COMMON_SHARES":493010000,"PER_SHARES":2000,"TOTAL_MARKET_CAP":15590934000,"HKSK_MARKET_CAP":4634294000,"PE_TTM":9.110411445385,"PB_TTM":1.091470102607,"REPORT_DATE_SQ":"2021-12-31 00:00:00","REPORT_TYPE_SQ":"2021年年报","OPERATE_INCOME_SQ":4029476000,"DPS_HKD":0.6607,"OPERATE_INCOME_QOQ_SQ":13.477722462143,"NET_PROFIT_RATIO_SQ":38.2956245427,"HOLDER_PROFIT_SQ":1511965000,"HOLDER_PROFIT_QOQ_SQ":-0.759926701407,"ROE_AVG_SQ":13.167035858753,"PE_TTM_SQ":6.965904418253,"PB_TTM_SQ":0.928179807472,"ROA_SQ":8.341458904178,"START_DATE":"2022-01-01 00:00:00","FISCAL_YEAR":"12-31","CURRENCY":"HKD","IS_CNY_CODE":0,"DPS_HKD_LY":0.6376,"ORG_TYPE":"一般企业","PREMIUM_INCOME":null,"PREMIUM_INCOME_YOY":null,"NET_INTEREST_INCOME":null,"NET_INTEREST_INCOME_YOY":null,"FEE_COMMISSION_INCOME":null,"FEE_COMMISSION_INCOME_YOY":null,"ACCOUNTS_RECE_TDAYS":14.576268054572,"INVENTORY_TDAYS":590.637308263236,"CURRENT_ASSETS_TDAYS":1.073672336424,"TOTAL_ASSETS_TDAYS":0.252056914091,"PREMIUM_EXPENSE":null,"LOAN_DEPOSIT":null,"LOAN_EQUITY":null,"LOAN_ASSETS":null,"DEPOSIT_EQUITY":null,"DEPOSIT_ASSETS":null,"EQUITY_MULTIPLIER":1.576811316277,"EQUITY_RATIO":0.652976592623},{"SECUCODE":"00995.HK","SECURITY_CODE":"00995","SECURITY_NAME_ABBR":"安徽皖通高速公路","ORG_CODE":"10002263","STD_REPORT_DATE":"2022-09-30 00:00:00","REPORT_DATE":"2022-09-30 00:00:00","DATE_TYPE_CODE":"004","REPORT_TYPE":"2022年三季报","PER_NETCASH_OPERATE":1.066842786767,"PER_OI":2.402689512731,"BPS":7.024308279535,"BASIC_EPS":0.7074,"DILUTED_EPS":0.7074,"OPERATE_INCOME":3985124852.71,"OPERATE_INCOME_YOY":35.9725978249,"GROSS_PROFIT":1777316978.79,"GROSS_PROFIT_YOY":-5.654532451787,"HOLDER_PROFIT":1173285395.15,"HOLDER_PROFIT_YOY":-5.2147641861,"GROSS_PROFIT_RATIO":44.598777816995,"EPS_TTM":0.872667349347,"OPERATE_INCOME_QOQ":3.794624969528,"NET_PROFIT_RATIO":28.8823330184,"ROE_AVG":10.169214237594,"GROSS_PROFIT_QOQ":0.807974259092,"ROA":5.647114455195,"HOLDER_PROFIT_QOQ":2.273884905252,"ROE_YEARLY":13.558952316792,"ROIC_YEARLY":7.426758810603,"TOTAL_ASSETS":21587979383.56,"TOTAL_LIABILITIES":8582803227.58,"TAX_EBT":27.067340776597,"OCF_SALES":44.402024527706,"TOTAL_PARENT_EQUITY":11650587955.52,"DEBT_ASSET_RATIO":39.7573254777,"OPERATE_PROFIT":1690847098.16,"PRETAX_PROFIT":1578164080.97,"NETCASH_OPERATE":1769476114.56,"NETCASH_INVEST":-2711389017.74,"NETCASH_FINANCE":350322790.67,"END_CASH":2768327975.1,"DIVI_RATIO":0.686102848294,"DIVIDEND_RATE":7.028723404255,"CURRENT_RATIO":3.187661987886,"COMMON_ACS":null,"CURRENTDEBT_DEBT":20.975855003,"ISSUED_COMMON_SHARES":1658610000,"HK_COMMON_SHARES":493010000,"PER_SHARES":2000,"TOTAL_MARKET_CAP":15590934000,"HKSK_MARKET_CAP":4634294000,"PE_TTM":9.110411445385,"PB_TTM":1.091470102607,"REPORT_DATE_SQ":"2021-09-30 00:00:00","REPORT_TYPE_SQ":"2021年三季报","OPERATE_INCOME_SQ":2930829385.08,"DPS_HKD":0.6607,"OPERATE_INCOME_QOQ_SQ":-0.363341243797,"NET_PROFIT_RATIO_SQ":43.5064125866,"HOLDER_PROFIT_SQ":1237835602.85,"HOLDER_PROFIT_QOQ_SQ":0.427062313126,"ROE_AVG_SQ":9.25651836564,"PE_TTM_SQ":6.965904418253,"PB_TTM_SQ":0.928179807472,"ROA_SQ":6.420075983022,"START_DATE":"2022-01-01 00:00:00","FISCAL_YEAR":"12-31","CURRENCY":"HKD","IS_CNY_CODE":0,"DPS_HKD_LY":0.6376,"ORG_TYPE":"一般企业","PREMIUM_INCOME":null,"PREMIUM_INCOME_YOY":null,"NET_INTEREST_INCOME":null,"NET_INTEREST_INCOME_YOY":null,"FEE_COMMISSION_INCOME":null,"FEE_COMMISSION_INCOME_YOY":null,"ACCOUNTS_RECE_TDAYS":null,"INVENTORY_TDAYS":438.765062658172,"CURRENT_ASSETS_TDAYS":0.779632917271,"TOTAL_ASSETS_TDAYS":0.191807178837,"PREMIUM_EXPENSE":null,"LOAN_DEPOSIT":null,"LOAN_EQUITY":null,"LOAN_ASSETS":null,"DEPOSIT_EQUITY":null,"DEPOSIT_ASSETS":null,"EQUITY_MULTIPLIER":1.659952862202,"EQUITY_RATIO":0.736684127904}],"count":76},"success":true,"message":"ok","code":0}