{"version":"1b9142ad2cfb33f84a327b996841e246","result":{"pages":3,"data":[{"SECUCODE":"00994.HK","SECURITY_CODE":"00994","SECURITY_NAME_ABBR":"中天顺联","ORG_CODE":"10583093","STD_REPORT_DATE":"2024-06-30 00:00:00","REPORT_DATE":"2024-06-30 00:00:00","DATE_TYPE_CODE":"002","REPORT_TYPE":"2024年中报","PER_NETCASH_OPERATE":0.023130584199,"PER_OI":0.200558166305,"BPS":0.126418148029,"BASIC_EPS":-0.011225964,"DILUTED_EPS":-0.011225964,"OPERATE_INCOME":186119181.68,"OPERATE_INCOME_YOY":-5.4379025564,"GROSS_PROFIT":24675216.48,"GROSS_PROFIT_YOY":195.694268340629,"HOLDER_PROFIT":-10266737.32,"HOLDER_PROFIT_YOY":5.8188211654,"GROSS_PROFIT_RATIO":13.257750360425,"EPS_TTM":-0.020289696618,"OPERATE_INCOME_QOQ":-4.054889959679,"NET_PROFIT_RATIO":-7.8901170032,"ROE_AVG":-9.372018912333,"GROSS_PROFIT_QOQ":86.89098425395,"ROA":-2.777057735843,"HOLDER_PROFIT_QOQ":3.808002430936,"ROE_YEARLY":-18.744037824665,"ROIC_YEARLY":-6.439794022767,"TOTAL_ASSETS":502659422.68,"TOTAL_LIABILITIES":396048359.2,"TAX_EBT":14.14545648578,"OCF_SALES":11.533105145984,"TOTAL_PARENT_EQUITY":117316799.88,"DEBT_ASSET_RATIO":78.7905968396,"OPERATE_PROFIT":-16951205.64,"PRETAX_PROFIT":-17104535.88,"NETCASH_OPERATE":21465320.92,"NETCASH_INVEST":null,"NETCASH_FINANCE":13542345.84,"END_CASH":76393141.36,"DIVI_RATIO":null,"DIVIDEND_RATE":null,"CURRENT_RATIO":1.188122894564,"COMMON_ACS":1560000000,"CURRENTDEBT_DEBT":98.918283633682,"ISSUED_COMMON_SHARES":928006000,"HK_COMMON_SHARES":928006000,"PER_SHARES":4000,"TOTAL_MARKET_CAP":146624948,"HKSK_MARKET_CAP":146624948,"PE_TTM":-7.013869791916,"PB_TTM":1.140686224629,"REPORT_DATE_SQ":"2023-06-30 00:00:00","REPORT_TYPE_SQ":"2023年中报","OPERATE_INCOME_SQ":198827752.94,"DPS_HKD":null,"OPERATE_INCOME_QOQ_SQ":58.20405661317,"NET_PROFIT_RATIO_SQ":-6.1343918239,"HOLDER_PROFIT_SQ":-11012129.12,"HOLDER_PROFIT_QOQ_SQ":49.210317365691,"ROE_AVG_SQ":-12.821090823216,"PE_TTM_SQ":-6.836238362162,"PB_TTM_SQ":3.352586981913,"ROA_SQ":-3.266078477216,"START_DATE":"2024-01-01 00:00:00","FISCAL_YEAR":"12-31","CURRENCY":"HKD","IS_CNY_CODE":0,"DPS_HKD_LY":null,"ORG_TYPE":"一般企业","PREMIUM_INCOME":null,"PREMIUM_INCOME_YOY":null,"NET_INTEREST_INCOME":null,"NET_INTEREST_INCOME_YOY":null,"FEE_COMMISSION_INCOME":null,"FEE_COMMISSION_INCOME_YOY":null,"ACCOUNTS_RECE_TDAYS":1.062358040384,"INVENTORY_TDAYS":375.164369034995,"CURRENT_ASSETS_TDAYS":0.557779886927,"TOTAL_ASSETS_TDAYS":0.50343521721,"PREMIUM_EXPENSE":null,"LOAN_DEPOSIT":null,"LOAN_EQUITY":null,"LOAN_ASSETS":null,"DEPOSIT_EQUITY":null,"DEPOSIT_ASSETS":null,"EQUITY_MULTIPLIER":4.714889864827,"EQUITY_RATIO":3.375887849013},{"SECUCODE":"00994.HK","SECURITY_CODE":"00994","SECURITY_NAME_ABBR":"中天顺联","ORG_CODE":"10583093","STD_REPORT_DATE":"2023-12-31 00:00:00","REPORT_DATE":"2023-12-31 00:00:00","DATE_TYPE_CODE":"001","REPORT_TYPE":"2023年年报","PER_NETCASH_OPERATE":0.000282251801,"PER_OI":0.368362032768,"BPS":0.108896081577,"BASIC_EPS":-0.025646026,"DILUTED_EPS":-0.025646026,"OPERATE_INCOME":313413468.34,"OPERATE_INCOME_YOY":62.0810857676,"GROSS_PROFIT":18794096.58,"GROSS_PROFIT_YOY":39.437069594268,"HOLDER_PROFIT":-19574352,"HOLDER_PROFIT_YOY":75.3004539685,"GROSS_PROFIT_RATIO":5.996582303735,"EPS_TTM":-0.023006184549,"OPERATE_INCOME_QOQ":3.935908368622,"NET_PROFIT_RATIO":-6.5488496358,"ROE_AVG":-20.274741520512,"GROSS_PROFIT_QOQ":25.610493536265,"ROA":-7.313839918329,"HOLDER_PROFIT_QOQ":50.663951076616,"ROE_YEARLY":-20.274741520512,"ROIC_YEARLY":-7.812118548899,"TOTAL_ASSETS":235061687.14,"TOTAL_LIABILITIES":140442350.72,"TAX_EBT":-9.093974278696,"OCF_SALES":0.076623478012,"TOTAL_PARENT_EQUITY":101056217.08,"DEBT_ASSET_RATIO":59.7470189331,"OPERATE_PROFIT":-17935906.24,"PRETAX_PROFIT":-18814033.42,"NETCASH_OPERATE":240148.3,"NETCASH_INVEST":66154.06,"NETCASH_FINANCE":38485350.96,"END_CASH":42185447.22,"DIVI_RATIO":null,"DIVIDEND_RATE":null,"CURRENT_RATIO":1.457047819787,"COMMON_ACS":1560000000,"CURRENTDEBT_DEBT":97.963555647326,"ISSUED_COMMON_SHARES":928006000,"HK_COMMON_SHARES":928006000,"PER_SHARES":4000,"TOTAL_MARKET_CAP":154048996,"HKSK_MARKET_CAP":154048996,"PE_TTM":-7.369002439608,"PB_TTM":1.198442489167,"REPORT_DATE_SQ":"2022-12-31 00:00:00","REPORT_TYPE_SQ":"2022年年报","OPERATE_INCOME_SQ":190605059.33,"DPS_HKD":null,"OPERATE_INCOME_QOQ_SQ":-35.991663574993,"NET_PROFIT_RATIO_SQ":-42.6396224558,"HOLDER_PROFIT_SQ":-78117354.77,"HOLDER_PROFIT_QOQ_SQ":19.392079248681,"ROE_AVG_SQ":-58.280851177266,"PE_TTM_SQ":-6.589332884259,"PB_TTM_SQ":3.231501079531,"ROA_SQ":-22.071212603036,"START_DATE":"2023-01-01 00:00:00","FISCAL_YEAR":"12-31","CURRENCY":"HKD","IS_CNY_CODE":0,"DPS_HKD_LY":null,"ORG_TYPE":"一般企业","PREMIUM_INCOME":null,"PREMIUM_INCOME_YOY":null,"NET_INTEREST_INCOME":null,"NET_INTEREST_INCOME_YOY":null,"FEE_COMMISSION_INCOME":null,"FEE_COMMISSION_INCOME_YOY":null,"ACCOUNTS_RECE_TDAYS":3.09572806409,"INVENTORY_TDAYS":348.081370449679,"CURRENT_ASSETS_TDAYS":1.341664904791,"TOTAL_ASSETS_TDAYS":1.171050738071,"PREMIUM_EXPENSE":null,"LOAN_DEPOSIT":null,"LOAN_EQUITY":null,"LOAN_ASSETS":null,"DEPOSIT_EQUITY":null,"DEPOSIT_ASSETS":null,"EQUITY_MULTIPLIER":2.484288053941,"EQUITY_RATIO":1.389744785408},{"SECUCODE":"00994.HK","SECURITY_CODE":"00994","SECURITY_NAME_ABBR":"中天顺联","ORG_CODE":"10583093","STD_REPORT_DATE":"2023-06-30 00:00:00","REPORT_DATE":"2023-06-30 00:00:00","DATE_TYPE_CODE":"002","REPORT_TYPE":"2023年中报","PER_NETCASH_OPERATE":0.027287496077,"PER_OI":0.261330064456,"BPS":0.084208618069,"BASIC_EPS":-0.014475086,"DILUTED_EPS":-0.014475086,"OPERATE_INCOME":198827752.94,"OPERATE_INCOME_YOY":109.8404203561,"GROSS_PROFIT":8344840.98,"GROSS_PROFIT_YOY":21.623825403904,"HOLDER_PROFIT":-11012129.12,"HOLDER_PROFIT_YOY":79.345645708,"GROSS_PROFIT_RATIO":4.197020213027,"EPS_TTM":-0.052147728888,"OPERATE_INCOME_QOQ":58.20405661317,"NET_PROFIT_RATIO":-6.1343918239,"ROE_AVG":-12.821090823216,"GROSS_PROFIT_QOQ":11.007500781781,"ROA":-3.266078477216,"HOLDER_PROFIT_QOQ":49.210317365691,"ROE_YEARLY":-25.642181646432,"ROIC_YEARLY":-6.754729625603,"TOTAL_ASSETS":368905403.54,"TOTAL_LIABILITIES":297376351.18,"TAX_EBT":-33.209143087302,"OCF_SALES":10.441774517396,"TOTAL_PARENT_EQUITY":78146102.82,"DEBT_ASSET_RATIO":80.6104622828,"OPERATE_PROFIT":-8454556.6,"PRETAX_PROFIT":-9156183.38,"NETCASH_OPERATE":20761145.64,"NETCASH_INVEST":null,"NETCASH_FINANCE":6761801.32,"END_CASH":30472360.98,"DIVI_RATIO":null,"DIVIDEND_RATE":null,"CURRENT_RATIO":1.14812750359,"COMMON_ACS":1560000000,"CURRENTDEBT_DEBT":98.450739595896,"ISSUED_COMMON_SHARES":928006000,"HK_COMMON_SHARES":928006000,"PER_SHARES":4000,"TOTAL_MARKET_CAP":154048996,"HKSK_MARKET_CAP":154048996,"PE_TTM":-7.369002439608,"PB_TTM":1.198442489167,"REPORT_DATE_SQ":"2022-06-30 00:00:00","REPORT_TYPE_SQ":"2022年中报","OPERATE_INCOME_SQ":87887876.3,"DPS_HKD":null,"OPERATE_INCOME_QOQ_SQ":2.444365700986,"NET_PROFIT_RATIO_SQ":-42.3557736827,"HOLDER_PROFIT_SQ":-49453927.32,"HOLDER_PROFIT_QOQ_SQ":-17.557970971456,"ROE_AVG_SQ":-34.664388796475,"PE_TTM_SQ":-6.589332884259,"PB_TTM_SQ":3.231501079531,"ROA_SQ":-12.818193908765,"START_DATE":"2023-01-01 00:00:00","FISCAL_YEAR":"12-31","CURRENCY":"HKD","IS_CNY_CODE":0,"DPS_HKD_LY":null,"ORG_TYPE":"一般企业","PREMIUM_INCOME":null,"PREMIUM_INCOME_YOY":null,"NET_INTEREST_INCOME":null,"NET_INTEREST_INCOME_YOY":null,"FEE_COMMISSION_INCOME":null,"FEE_COMMISSION_INCOME_YOY":null,"ACCOUNTS_RECE_TDAYS":null,"INVENTORY_TDAYS":null,"CURRENT_ASSETS_TDAYS":0.654564052443,"TOTAL_ASSETS_TDAYS":0.589701625793,"PREMIUM_EXPENSE":null,"LOAN_DEPOSIT":null,"LOAN_EQUITY":null,"LOAN_ASSETS":null,"DEPOSIT_EQUITY":null,"DEPOSIT_ASSETS":null,"EQUITY_MULTIPLIER":5.157420535678,"EQUITY_RATIO":3.805389398176},{"SECUCODE":"00994.HK","SECURITY_CODE":"00994","SECURITY_NAME_ABBR":"中天顺联","ORG_CODE":"10583093","STD_REPORT_DATE":"2022-12-31 00:00:00","REPORT_DATE":"2022-12-31 00:00:00","DATE_TYPE_CODE":"001","REPORT_TYPE":"2022年年报","PER_NETCASH_OPERATE":0.010375283559,"PER_OI":0.25052253372,"BPS":0.097757566147,"BASIC_EPS":-0.102636723,"DILUTED_EPS":-0.102636723,"OPERATE_INCOME":190605059.33,"OPERATE_INCOME_YOY":3.0099833932,"GROSS_PROFIT":13478551.03,"GROSS_PROFIT_YOY":-31.773754832335,"HOLDER_PROFIT":-78117354.77,"HOLDER_PROFIT_YOY":13.2662877999,"GROSS_PROFIT_RATIO":7.071455016661,"EPS_TTM":-0.102673862453,"OPERATE_INCOME_QOQ":-35.991663574993,"NET_PROFIT_RATIO":-42.6396224558,"ROE_AVG":-58.280851177266,"GROSS_PROFIT_QOQ":145.85165263804,"ROA":-22.071212603036,"HOLDER_PROFIT_QOQ":19.392079248681,"ROE_YEARLY":-58.280851177266,"ROIC_YEARLY":-22.529046551769,"TOTAL_ASSETS":295917125.98,"TOTAL_LIABILITIES":210760803.61,"TAX_EBT":-3.563852354688,"OCF_SALES":4.141457219314,"TOTAL_PARENT_EQUITY":90719607.93,"DEBT_ASSET_RATIO":71.2229151699,"OPERATE_PROFIT":-34577588.43,"PRETAX_PROFIT":-35792435.63,"NETCASH_OPERATE":7893826.99,"NETCASH_INVEST":-788757.41,"NETCASH_FINANCE":-21320568.36,"END_CASH":3978624.58,"DIVI_RATIO":null,"DIVIDEND_RATE":null,"CURRENT_RATIO":1.275927989007,"COMMON_ACS":1560000000,"CURRENTDEBT_DEBT":97.772343320209,"ISSUED_COMMON_SHARES":928006000,"HK_COMMON_SHARES":928006000,"PER_SHARES":4000,"TOTAL_MARKET_CAP":154048996,"HKSK_MARKET_CAP":154048996,"PE_TTM":-7.369002439608,"PB_TTM":1.198442489167,"REPORT_DATE_SQ":"2021-12-31 00:00:00","REPORT_TYPE_SQ":"2021年年报","OPERATE_INCOME_SQ":169360934.4,"DPS_HKD":null,"OPERATE_INCOME_QOQ_SQ":14.420424473178,"NET_PROFIT_RATIO_SQ":-28.9853849529,"HOLDER_PROFIT_SQ":-82436155.2,"HOLDER_PROFIT_QOQ_SQ":-141.232030774393,"ROE_AVG_SQ":-40.810156093474,"PE_TTM_SQ":-6.589332884259,"PB_TTM_SQ":3.231501079531,"ROA_SQ":-20.218716756086,"START_DATE":"2022-01-01 00:00:00","FISCAL_YEAR":"12-31","CURRENCY":"HKD","IS_CNY_CODE":0,"DPS_HKD_LY":null,"ORG_TYPE":"一般企业","PREMIUM_INCOME":null,"PREMIUM_INCOME_YOY":null,"NET_INTEREST_INCOME":null,"NET_INTEREST_INCOME_YOY":null,"FEE_COMMISSION_INCOME":null,"FEE_COMMISSION_INCOME_YOY":null,"ACCOUNTS_RECE_TDAYS":1.649025866133,"INVENTORY_TDAYS":null,"CURRENT_ASSETS_TDAYS":0.593542159827,"TOTAL_ASSETS_TDAYS":0.538533953188,"PREMIUM_EXPENSE":null,"LOAN_DEPOSIT":null,"LOAN_EQUITY":null,"LOAN_ASSETS":null,"DEPOSIT_EQUITY":null,"DEPOSIT_ASSETS":null,"EQUITY_MULTIPLIER":3.474987150033,"EQUITY_RATIO":2.323211138353},{"SECUCODE":"00994.HK","SECURITY_CODE":"00994","SECURITY_NAME_ABBR":"中天顺联","ORG_CODE":"10583093","STD_REPORT_DATE":"2022-06-30 00:00:00","REPORT_DATE":"2022-06-30 00:00:00","DATE_TYPE_CODE":"002","REPORT_TYPE":"2022年中报","PER_NETCASH_OPERATE":-0.035243723894,"PER_OI":0.115515787101,"BPS":0.124501220229,"BASIC_EPS":-0.06499444,"DILUTED_EPS":-0.06499444,"OPERATE_INCOME":87887876.3,"OPERATE_INCOME_YOY":3.4181234208,"GROSS_PROFIT":6861189.37,"GROSS_PROFIT_YOY":216.5385401448,"HOLDER_PROFIT":-49453927.32,"HOLDER_PROFIT_YOY":-37.557981874,"GROSS_PROFIT_RATIO":-16.219450518923,"EPS_TTM":-0.127374408738,"OPERATE_INCOME_QOQ":2.444365700986,"NET_PROFIT_RATIO":-42.3557736827,"ROE_AVG":-34.664388796475,"GROSS_PROFIT_QOQ":-279.02181807323,"ROA":-12.818193908765,"HOLDER_PROFIT_QOQ":-17.557970971456,"ROE_YEARLY":-69.328777592951,"ROIC_YEARLY":-26.12372493924,"TOTAL_ASSETS":377232860.9,"TOTAL_LIABILITIES":265526232.72,"TAX_EBT":-6.170876398997,"OCF_SALES":-22.334689109391,"TOTAL_PARENT_EQUITY":115537879.38,"DEBT_ASSET_RATIO":70.387885108,"OPERATE_PROFIT":-13470097.69,"PRETAX_PROFIT":-13983211.69,"NETCASH_OPERATE":-26814482.45,"NETCASH_INVEST":-28221.27,"NETCASH_FINANCE":12063310.14,"END_CASH":2936722.46,"DIVI_RATIO":null,"DIVIDEND_RATE":null,"CURRENT_RATIO":1.323616504774,"COMMON_ACS":1560000000,"CURRENTDEBT_DEBT":97.780590554224,"ISSUED_COMMON_SHARES":928006000,"HK_COMMON_SHARES":928006000,"PER_SHARES":4000,"TOTAL_MARKET_CAP":154048996,"HKSK_MARKET_CAP":154048996,"PE_TTM":-7.369002439608,"PB_TTM":1.198442489167,"REPORT_DATE_SQ":"2021-06-30 00:00:00","REPORT_TYPE_SQ":"2021年中报","OPERATE_INCOME_SQ":112952363.76,"DPS_HKD":null,"OPERATE_INCOME_QOQ_SQ":20.309040611492,"NET_PROFIT_RATIO_SQ":-32.2268632088,"HOLDER_PROFIT_SQ":-34979811.12,"HOLDER_PROFIT_QOQ_SQ":26.787648992311,"ROE_AVG_SQ":-15.272081288349,"PE_TTM_SQ":-6.589332884259,"PB_TTM_SQ":3.231501079531,"ROA_SQ":-8.196182757387,"START_DATE":"2022-01-01 00:00:00","FISCAL_YEAR":"12-31","CURRENCY":"HKD","IS_CNY_CODE":0,"DPS_HKD_LY":null,"ORG_TYPE":"一般企业","PREMIUM_INCOME":null,"PREMIUM_INCOME_YOY":null,"NET_INTEREST_INCOME":null,"NET_INTEREST_INCOME_YOY":null,"FEE_COMMISSION_INCOME":null,"FEE_COMMISSION_INCOME_YOY":null,"ACCOUNTS_RECE_TDAYS":null,"INVENTORY_TDAYS":163157,"CURRENT_ASSETS_TDAYS":0.33971117037,"TOTAL_ASSETS_TDAYS":0.311182781398,"PREMIUM_EXPENSE":null,"LOAN_DEPOSIT":null,"LOAN_EQUITY":null,"LOAN_ASSETS":null,"DEPOSIT_EQUITY":null,"DEPOSIT_ASSETS":null,"EQUITY_MULTIPLIER":3.376996218092,"EQUITY_RATIO":2.298174712439},{"SECUCODE":"00994.HK","SECURITY_CODE":"00994","SECURITY_NAME_ABBR":"中天顺联","ORG_CODE":"10583093","STD_REPORT_DATE":"2021-12-31 00:00:00","REPORT_DATE":"2021-12-31 00:00:00","DATE_TYPE_CODE":"001","REPORT_TYPE":"2021年年报","PER_NETCASH_OPERATE":0.017703222008,"PER_OI":0.222600231852,"BPS":0.174922098349,"BASIC_EPS":-0.108332,"DILUTED_EPS":-0.108332,"OPERATE_INCOME":169360934.4,"OPERATE_INCOME_YOY":41.7056945502,"GROSS_PROFIT":19755668.8,"GROSS_PROFIT_YOY":177.289514112787,"HOLDER_PROFIT":-82436155.2,"HOLDER_PROFIT_YOY":-81.8045763537,"GROSS_PROFIT_RATIO":-2.668174300469,"EPS_TTM":-0.108350295335,"OPERATE_INCOME_QOQ":14.420424473178,"NET_PROFIT_RATIO":-28.9853849529,"ROE_AVG":-40.810156093474,"GROSS_PROFIT_QOQ":-204.524514575213,"ROA":-20.218716756086,"HOLDER_PROFIT_QOQ":-141.232030774393,"ROE_YEARLY":-40.810156093474,"ROIC_YEARLY":-21.304419483253,"TOTAL_ASSETS":377052592,"TOTAL_LIABILITIES":217203616,"TAX_EBT":-3.553945564911,"OCF_SALES":4.633723742982,"TOTAL_PARENT_EQUITY":162328756.8,"DEBT_ASSET_RATIO":57.6056551814,"OPERATE_PROFIT":-32403940.8,"PRETAX_PROFIT":-33403865.6,"NETCASH_OPERATE":13469142.4,"NETCASH_INVEST":17643808,"NETCASH_FINANCE":-27842550.4,"END_CASH":17096833.6,"DIVI_RATIO":null,"DIVIDEND_RATE":null,"CURRENT_RATIO":1.623462217771,"COMMON_ACS":1560000000,"CURRENTDEBT_DEBT":98.463449521945,"ISSUED_COMMON_SHARES":928006000,"HK_COMMON_SHARES":928006000,"PER_SHARES":4000,"TOTAL_MARKET_CAP":154048996,"HKSK_MARKET_CAP":154048996,"PE_TTM":-7.369002439608,"PB_TTM":1.198442489167,"REPORT_DATE_SQ":"2020-12-31 00:00:00","REPORT_TYPE_SQ":"2020年年报","OPERATE_INCOME_SQ":211158217.96,"DPS_HKD":null,"OPERATE_INCOME_QOQ_SQ":5.938239059533,"NET_PROFIT_RATIO_SQ":-22.3859954004,"HOLDER_PROFIT_SQ":-46676512.76,"HOLDER_PROFIT_QOQ_SQ":69.581498785858,"ROE_AVG_SQ":-20.935311138081,"PE_TTM_SQ":-6.589332884259,"PB_TTM_SQ":3.231501079531,"ROA_SQ":-10.524178436052,"START_DATE":"2021-01-01 00:00:00","FISCAL_YEAR":"12-31","CURRENCY":"HKD","IS_CNY_CODE":0,"DPS_HKD_LY":null,"ORG_TYPE":"一般企业","PREMIUM_INCOME":null,"PREMIUM_INCOME_YOY":null,"NET_INTEREST_INCOME":null,"NET_INTEREST_INCOME_YOY":null,"FEE_COMMISSION_INCOME":null,"FEE_COMMISSION_INCOME_YOY":null,"ACCOUNTS_RECE_TDAYS":null,"INVENTORY_TDAYS":null,"CURRENT_ASSETS_TDAYS":0.772939591946,"TOTAL_ASSETS_TDAYS":0.712927991113,"PREMIUM_EXPENSE":null,"LOAN_DEPOSIT":null,"LOAN_EQUITY":null,"LOAN_ASSETS":null,"DEPOSIT_EQUITY":null,"DEPOSIT_ASSETS":null,"EQUITY_MULTIPLIER":2.358805176207,"EQUITY_RATIO":1.338047677329},{"SECUCODE":"00994.HK","SECURITY_CODE":"00994","SECURITY_NAME_ABBR":"中天顺联","ORG_CODE":"10583093","STD_REPORT_DATE":"2021-06-30 00:00:00","REPORT_DATE":"2021-06-30 00:00:00","DATE_TYPE_CODE":"002","REPORT_TYPE":"2021年中报","PER_NETCASH_OPERATE":-0.022863799377,"PER_OI":0.148459397973,"BPS":0.228596362524,"BASIC_EPS":-0.046014024,"DILUTED_EPS":-0.046014024,"OPERATE_INCOME":112952363.76,"OPERATE_INCOME_YOY":76.965896647,"GROSS_PROFIT":2167568.4,"GROSS_PROFIT_YOY":107.034574266941,"HOLDER_PROFIT":-34979811.12,"HOLDER_PROFIT_YOY":19.1293307427,"GROSS_PROFIT_RATIO":1.919011101534,"EPS_TTM":-0.044915384987,"OPERATE_INCOME_QOQ":20.309040611492,"NET_PROFIT_RATIO":-32.2268632088,"ROE_AVG":-15.272081288349,"GROSS_PROFIT_QOQ":129.029174377816,"ROA":-8.196182757387,"HOLDER_PROFIT_QOQ":26.787648992311,"ROE_YEARLY":-30.544162576698,"ROIC_YEARLY":-17.019062896933,"TOTAL_ASSETS":407408002.08,"TOTAL_LIABILITIES":197321115.36,"TAX_EBT":0.228065774169,"OCF_SALES":-15.400708671278,"TOTAL_PARENT_EQUITY":212138796,"DEBT_ASSET_RATIO":48.4332939836,"OPERATE_PROFIT":-35099630.64,"PRETAX_PROFIT":-36484211.76,"NETCASH_OPERATE":-17395464.48,"NETCASH_INVEST":-78215.52,"NETCASH_FINANCE":-5079016.32,"END_CASH":-8075336.4,"DIVI_RATIO":null,"DIVIDEND_RATE":null,"CURRENT_RATIO":2.01523559998,"COMMON_ACS":1560000000,"CURRENTDEBT_DEBT":93.993893953834,"ISSUED_COMMON_SHARES":928006000,"HK_COMMON_SHARES":928006000,"PER_SHARES":4000,"TOTAL_MARKET_CAP":180033164,"HKSK_MARKET_CAP":180033164,"PE_TTM":-8.61196670653,"PB_TTM":1.40058941505,"REPORT_DATE_SQ":"2020-06-30 00:00:00","REPORT_TYPE_SQ":"2020年中报","OPERATE_INCOME_SQ":70068155.52,"DPS_HKD":null,"OPERATE_INCOME_QOQ_SQ":-9.87029117605,"NET_PROFIT_RATIO_SQ":-67.9368514366,"HOLDER_PROFIT_SQ":-47483351.52,"HOLDER_PROFIT_QOQ_SQ":-58.409380529787,"ROE_AVG_SQ":-25.013413017484,"PE_TTM_SQ":-6.589332884259,"PB_TTM_SQ":3.231501079531,"ROA_SQ":-10.789018168837,"START_DATE":"2021-01-01 00:00:00","FISCAL_YEAR":"12-31","CURRENCY":"HKD","IS_CNY_CODE":0,"DPS_HKD_LY":null,"ORG_TYPE":"一般企业","PREMIUM_INCOME":null,"PREMIUM_INCOME_YOY":null,"NET_INTEREST_INCOME":null,"NET_INTEREST_INCOME_YOY":null,"FEE_COMMISSION_INCOME":null,"FEE_COMMISSION_INCOME_YOY":null,"ACCOUNTS_RECE_TDAYS":0.543896306832,"INVENTORY_TDAYS":192.124098124098,"CURRENT_ASSETS_TDAYS":0.287459805031,"TOTAL_ASSETS_TDAYS":0.264660724748,"PREMIUM_EXPENSE":null,"LOAN_DEPOSIT":null,"LOAN_EQUITY":null,"LOAN_ASSETS":null,"DEPOSIT_EQUITY":null,"DEPOSIT_ASSETS":null,"EQUITY_MULTIPLIER":1.939235753554,"EQUITY_RATIO":0.930151010002},{"SECUCODE":"00994.HK","SECURITY_CODE":"00994","SECURITY_NAME_ABBR":"中天顺联","ORG_CODE":"10583093","STD_REPORT_DATE":"2020-12-31 00:00:00","REPORT_DATE":"2020-12-31 00:00:00","DATE_TYPE_CODE":"001","REPORT_TYPE":"2020年年报","PER_NETCASH_OPERATE":-0.094323459748,"PER_OI":0.277536661225,"BPS":0.26807511779,"BASIC_EPS":-0.07027694,"DILUTED_EPS":-0.07027694,"OPERATE_INCOME":211158217.96,"OPERATE_INCOME_YOY":1.6238658458,"GROSS_PROFIT":-25560606.8,"GROSS_PROFIT_YOY":-218.948139471007,"HOLDER_PROFIT":-46676512.76,"HOLDER_PROFIT_YOY":48.7146054116,"GROSS_PROFIT_RATIO":-12.1049547808,"EPS_TTM":-0.061349464085,"OPERATE_INCOME_QOQ":5.938239059533,"NET_PROFIT_RATIO":-22.3859954004,"ROE_AVG":-20.935311138081,"GROSS_PROFIT_QOQ":31.659918833846,"ROA":-10.524178436052,"HOLDER_PROFIT_QOQ":69.581498785858,"ROE_YEARLY":-20.935311138081,"ROIC_YEARLY":-10.877480992014,"TOTAL_ASSETS":451281476.52,"TOTAL_LIABILITIES":203133180.56,"TAX_EBT":-2.005085361424,"OCF_SALES":-33.985945976109,"TOTAL_PARENT_EQUITY":248775317.76,"DEBT_ASSET_RATIO":45.0125234757,"OPERATE_PROFIT":-41943971.04,"PRETAX_PROFIT":-46340698.4,"NETCASH_OPERATE":-71764117.88,"NETCASH_INVEST":34822013.36,"NETCASH_FINANCE":64006722,"END_CASH":14077270.64,"DIVI_RATIO":null,"DIVIDEND_RATE":null,"CURRENT_RATIO":2.180583379196,"COMMON_ACS":1560000000,"CURRENTDEBT_DEBT":94.104510387232,"ISSUED_COMMON_SHARES":928006000,"HK_COMMON_SHARES":928006000,"PER_SHARES":4000,"TOTAL_MARKET_CAP":154048996,"HKSK_MARKET_CAP":154048996,"PE_TTM":-7.369002439608,"PB_TTM":1.198442489167,"REPORT_DATE_SQ":"2019-12-31 00:00:00","REPORT_TYPE_SQ":"2019年年报","OPERATE_INCOME_SQ":221150166.4,"DPS_HKD":null,"OPERATE_INCOME_QOQ_SQ":-37.325721628523,"NET_PROFIT_RATIO_SQ":-43.8018470512,"HOLDER_PROFIT_SQ":-96867857.64,"HOLDER_PROFIT_QOQ_SQ":-1000.69033904313,"ROE_AVG_SQ":-37.475373192518,"PE_TTM_SQ":-6.589332884259,"PB_TTM_SQ":3.231501079531,"ROA_SQ":-19.61496707349,"START_DATE":"2020-01-01 00:00:00","FISCAL_YEAR":"12-31","CURRENCY":"HKD","IS_CNY_CODE":0,"DPS_HKD_LY":null,"ORG_TYPE":"一般企业","PREMIUM_INCOME":null,"PREMIUM_INCOME_YOY":null,"NET_INTEREST_INCOME":null,"NET_INTEREST_INCOME_YOY":null,"FEE_COMMISSION_INCOME":null,"FEE_COMMISSION_INCOME_YOY":null,"ACCOUNTS_RECE_TDAYS":1.208826895048,"INVENTORY_TDAYS":null,"CURRENT_ASSETS_TDAYS":0.531182117284,"TOTAL_ASSETS_TDAYS":0.476099569708,"PREMIUM_EXPENSE":null,"LOAN_DEPOSIT":null,"LOAN_EQUITY":null,"LOAN_ASSETS":null,"DEPOSIT_EQUITY":null,"DEPOSIT_ASSETS":null,"EQUITY_MULTIPLIER":1.818595911667,"EQUITY_RATIO":0.816532694598},{"SECUCODE":"00994.HK","SECURITY_CODE":"00994","SECURITY_NAME_ABBR":"中天顺联","ORG_CODE":"10583093","STD_REPORT_DATE":"2020-06-30 00:00:00","REPORT_DATE":"2020-06-30 00:00:00","DATE_TYPE_CODE":"002","REPORT_TYPE":"2020年中报","PER_NETCASH_OPERATE":-0.03489281098,"PER_OI":0.114490450196,"BPS":0.178564553764,"BASIC_EPS":-0.077551056,"DILUTED_EPS":null,"OPERATE_INCOME":70068155.52,"OPERATE_INCOME_YOY":-26.5727304055,"GROSS_PROFIT":-30813071.52,"GROSS_PROFIT_YOY":-209.741494706118,"HOLDER_PROFIT":-47483351.52,"HOLDER_PROFIT_YOY":-602.6883280147,"GROSS_PROFIT_RATIO":-43.975856494759,"EPS_TTM":-0.250731655588,"OPERATE_INCOME_QOQ":-9.87029117605,"NET_PROFIT_RATIO":-67.9368514366,"ROE_AVG":-25.013413017484,"GROSS_PROFIT_QOQ":-274.053260460446,"ROA":-10.789018168837,"HOLDER_PROFIT_QOQ":-58.409380529787,"ROE_YEARLY":-50.026826034968,"ROIC_YEARLY":-21.617631616977,"TOTAL_ASSETS":407290107.84,"TOTAL_LIABILITIES":241698964.32,"TAX_EBT":0.250746497205,"OCF_SALES":-30.476612608854,"TOTAL_PARENT_EQUITY":165708977.28,"DEBT_ASSET_RATIO":59.3431953459,"OPERATE_PROFIT":-45390660.48,"PRETAX_PROFIT":-47721759.36,"NETCASH_OPERATE":-21354400.32,"NETCASH_INVEST":590995.68,"NETCASH_FINANCE":16153272.96,"END_CASH":-19006859.52,"DIVI_RATIO":null,"DIVIDEND_RATE":null,"CURRENT_RATIO":1.479646994361,"COMMON_ACS":1560000000,"CURRENTDEBT_DEBT":97.252487689104,"ISSUED_COMMON_SHARES":928006000,"HK_COMMON_SHARES":928006000,"PER_SHARES":4000,"TOTAL_MARKET_CAP":180033164,"HKSK_MARKET_CAP":180033164,"PE_TTM":-8.61196670653,"PB_TTM":1.40058941505,"REPORT_DATE_SQ":"2019-06-30 00:00:00","REPORT_TYPE_SQ":"2019年中报","OPERATE_INCOME_SQ":91896320.88,"DPS_HKD":null,"OPERATE_INCOME_QOQ_SQ":-34.063880856976,"NET_PROFIT_RATIO_SQ":9.8987249684,"HOLDER_PROFIT_SQ":9096564.06,"HOLDER_PROFIT_QOQ_SQ":-29.433029075426,"ROE_AVG_SQ":2.971889050625,"PE_TTM_SQ":-6.589332884259,"PB_TTM_SQ":3.231501079531,"ROA_SQ":1.733121714049,"START_DATE":"2020-01-01 00:00:00","FISCAL_YEAR":"12-31","CURRENCY":"HKD","IS_CNY_CODE":0,"DPS_HKD_LY":null,"ORG_TYPE":"一般企业","PREMIUM_INCOME":null,"PREMIUM_INCOME_YOY":null,"NET_INTEREST_INCOME":null,"NET_INTEREST_INCOME_YOY":null,"FEE_COMMISSION_INCOME":null,"FEE_COMMISSION_INCOME_YOY":null,"ACCOUNTS_RECE_TDAYS":0.533548492552,"INVENTORY_TDAYS":null,"CURRENT_ASSETS_TDAYS":0.184807159266,"TOTAL_ASSETS_TDAYS":0.159206664813,"PREMIUM_EXPENSE":null,"LOAN_DEPOSIT":null,"LOAN_EQUITY":null,"LOAN_ASSETS":null,"DEPOSIT_EQUITY":null,"DEPOSIT_ASSETS":null,"EQUITY_MULTIPLIER":2.459612870485,"EQUITY_RATIO":1.458574956453}],"count":21},"success":true,"message":"ok","code":0}