{"version":"c84ae4be193a43ba90a0bb7aa7f45187","result":{"pages":6,"data":[{"SECUCODE":"01005.HK","SECURITY_CODE":"01005","SECURITY_NAME_ABBR":"MATRIX HOLDINGS","ORG_CODE":"10009204","STD_REPORT_DATE":"2024-06-30 00:00:00","REPORT_DATE":"2024-06-30 00:00:00","DATE_TYPE_CODE":"002","REPORT_TYPE":"2024年中报","PER_NETCASH_OPERATE":-0.058211156078,"PER_OI":0.234445005665,"BPS":0.900262787132,"BASIC_EPS":-0.101398748,"DILUTED_EPS":-0.101398748,"OPERATE_INCOME":177288090,"OPERATE_INCOME_YOY":-41.6307336348,"GROSS_PROFIT":68382549,"GROSS_PROFIT_YOY":-51.796530431273,"HOLDER_PROFIT":-76672421.44,"HOLDER_PROFIT_YOY":-20391.7874396135,"GROSS_PROFIT_RATIO":38.571428571429,"EPS_TTM":-0.22485476474,"OPERATE_INCOME_QOQ":-20.00709572641,"NET_PROFIT_RATIO":-43.5104247104,"ROE_AVG":-10.438052022522,"GROSS_PROFIT_QOQ":-26.267910139656,"ROA":-8.572258018762,"HOLDER_PROFIT_QOQ":-82.870114092809,"ROE_YEARLY":-20.876104045043,"ROIC_YEARLY":-19.538777582086,"TOTAL_ASSETS":847552067.88,"TOTAL_LIABILITIES":178648895.88,"TAX_EBT":-0.113713087666,"OCF_SALES":-24.829343629344,"TOTAL_PARENT_EQUITY":680781702.2,"DEBT_ASSET_RATIO":21.0782207548,"OPERATE_PROFIT":-75110825.96,"PRETAX_PROFIT":-77051183.64,"NETCASH_OPERATE":-44019469.08,"NETCASH_INVEST":-18485420.72,"NETCASH_FINANCE":-25759480.32,"END_CASH":77115071.24,"DIVI_RATIO":-0.181792011601,"DIVIDEND_RATE":7.5,"CURRENT_RATIO":2.821848870718,"COMMON_ACS":1000000000,"CURRENTDEBT_DEBT":71.975723021748,"ISSUED_COMMON_SHARES":756203313,"HK_COMMON_SHARES":756203313,"PER_SHARES":2000,"TOTAL_MARKET_CAP":453721987.8,"HKSK_MARKET_CAP":453721987.8,"PE_TTM":-2.425983487857,"PB_TTM":0.608275725518,"REPORT_DATE_SQ":"2023-06-30 00:00:00","REPORT_TYPE_SQ":"2023年中报","OPERATE_INCOME_SQ":306830334.1,"DPS_HKD":0.045,"OPERATE_INCOME_QOQ_SQ":-21.201672403446,"NET_PROFIT_RATIO_SQ":0.1162878048,"HOLDER_PROFIT_SQ":381699.72,"HOLDER_PROFIT_QOQ_SQ":-1099.87909213131,"ROE_AVG_SQ":0.040635045273,"PE_TTM_SQ":-10.413632953867,"PB_TTM_SQ":0.687293717558,"ROA_SQ":0.033878734588,"START_DATE":"2024-01-01 00:00:00","FISCAL_YEAR":"12-31","CURRENCY":"HKD","IS_CNY_CODE":0,"DPS_HKD_LY":0.045,"ORG_TYPE":"一般企业","PREMIUM_INCOME":null,"PREMIUM_INCOME_YOY":null,"NET_INTEREST_INCOME":null,"NET_INTEREST_INCOME_YOY":null,"FEE_COMMISSION_INCOME":null,"FEE_COMMISSION_INCOME_YOY":null,"ACCOUNTS_RECE_TDAYS":2.07473311509,"INVENTORY_TDAYS":0.595503963788,"CURRENT_ASSETS_TDAYS":0.427570540885,"TOTAL_ASSETS_TDAYS":0.198214589104,"PREMIUM_EXPENSE":null,"LOAN_DEPOSIT":null,"LOAN_EQUITY":null,"LOAN_ASSETS":null,"DEPOSIT_EQUITY":null,"DEPOSIT_ASSETS":null,"EQUITY_MULTIPLIER":1.267077363896,"EQUITY_RATIO":0.262417299558},{"SECUCODE":"01005.HK","SECURITY_CODE":"01005","SECURITY_NAME_ABBR":"MATRIX HOLDINGS","ORG_CODE":"10009204","STD_REPORT_DATE":"2023-12-31 00:00:00","REPORT_DATE":"2023-12-31 00:00:00","DATE_TYPE_CODE":"001","REPORT_TYPE":"2023年年报","PER_NETCASH_OPERATE":0.038610650969,"PER_OI":0.856226747211,"BPS":1.035082777375,"BASIC_EPS":-0.12324592,"DILUTED_EPS":-0.12324592,"OPERATE_INCOME":647481502.92,"OPERATE_INCOME_YOY":-27.5438244224,"GROSS_PROFIT":279731989.6,"GROSS_PROFIT_YOY":-22.988669084505,"HOLDER_PROFIT":-92981796.88,"HOLDER_PROFIT_YOY":-1747.4630700064,"GROSS_PROFIT_RATIO":43.203085854726,"EPS_TTM":-0.122958727212,"OPERATE_INCOME_QOQ":-6.715540194045,"NET_PROFIT_RATIO":-14.4075601201,"ROE_AVG":-10.737420649788,"GROSS_PROFIT_QOQ":-6.743084853548,"ROA":-8.943173404074,"HOLDER_PROFIT_QOQ":-67.154893394195,"ROE_YEARLY":-10.737420649788,"ROIC_YEARLY":-10.923633893671,"TOTAL_ASSETS":934635434.32,"TOTAL_LIABILITIES":163233783.72,"TAX_EBT":-4.371983615201,"OCF_SALES":4.509395565483,"TOTAL_PARENT_EQUITY":782733025.48,"DEBT_ASSET_RATIO":17.4649684493,"OPERATE_PROFIT":-85934123.94,"PRETAX_PROFIT":-89378666.16,"NETCASH_OPERATE":29197502.18,"NETCASH_INVEST":-12565646.52,"NETCASH_FINANCE":-90007582.84,"END_CASH":164208876.44,"DIVI_RATIO":-0.332443259026,"DIVIDEND_RATE":8.035714285714,"CURRENT_RATIO":3.458643512628,"COMMON_ACS":1000000000,"CURRENTDEBT_DEBT":82.03368752984,"ISSUED_COMMON_SHARES":756203313,"HK_COMMON_SHARES":756203313,"PER_SHARES":2000,"TOTAL_MARKET_CAP":423473855.28,"HKSK_MARKET_CAP":423473855.28,"PE_TTM":-2.264251255333,"PB_TTM":0.567724010484,"REPORT_DATE_SQ":"2022-12-31 00:00:00","REPORT_TYPE_SQ":"2022年年报","OPERATE_INCOME_SQ":880848187.38,"DPS_HKD":0.045,"OPERATE_INCOME_QOQ_SQ":-9.71557451988,"NET_PROFIT_RATIO_SQ":0.1856820952,"HOLDER_PROFIT_SQ":5563285.56,"HOLDER_PROFIT_QOQ_SQ":-92.946731381901,"ROE_AVG_SQ":0.571171782573,"PE_TTM_SQ":-11.570703282075,"PB_TTM_SQ":0.763659686176,"ROA_SQ":0.464886616707,"START_DATE":"2023-01-01 00:00:00","FISCAL_YEAR":"12-31","CURRENCY":"HKD","IS_CNY_CODE":0,"DPS_HKD_LY":0.1,"ORG_TYPE":"一般企业","PREMIUM_INCOME":null,"PREMIUM_INCOME_YOY":null,"NET_INTEREST_INCOME":null,"NET_INTEREST_INCOME_YOY":null,"FEE_COMMISSION_INCOME":null,"FEE_COMMISSION_INCOME_YOY":null,"ACCOUNTS_RECE_TDAYS":7.224948554729,"INVENTORY_TDAYS":1.831196667975,"CURRENT_ASSETS_TDAYS":1.246277664592,"TOTAL_ASSETS_TDAYS":0.622760534948,"PREMIUM_EXPENSE":null,"LOAN_DEPOSIT":null,"LOAN_EQUITY":null,"LOAN_ASSETS":null,"DEPOSIT_EQUITY":null,"DEPOSIT_ASSETS":null,"EQUITY_MULTIPLIER":1.211606733785,"EQUITY_RATIO":0.208543370992},{"SECUCODE":"01005.HK","SECURITY_CODE":"01005","SECURITY_NAME_ABBR":"MATRIX HOLDINGS","ORG_CODE":"10009204","STD_REPORT_DATE":"2023-06-30 00:00:00","REPORT_DATE":"2023-06-30 00:00:00","DATE_TYPE_CODE":"002","REPORT_TYPE":"2023年中报","PER_NETCASH_OPERATE":-0.044683280857,"PER_OI":0.405751110614,"BPS":1.207317888701,"BASIC_EPS":0.00046099,"DILUTED_EPS":0.00046099,"OPERATE_INCOME":306830334.1,"OPERATE_INCOME_YOY":-42.3396123112,"GROSS_PROFIT":141862296.66,"GROSS_PROFIT_YOY":-30.845668908124,"HOLDER_PROFIT":381699.72,"HOLDER_PROFIT_YOY":-99.4249760407,"GROSS_PROFIT_RATIO":46.234769152181,"EPS_TTM":-0.073559753301,"OPERATE_INCOME_QOQ":-21.201672403446,"NET_PROFIT_RATIO":0.1162878048,"ROE_AVG":0.040635045273,"GROSS_PROFIT_QOQ":-17.420246214926,"ROA":0.033878734588,"HOLDER_PROFIT_QOQ":-1099.87909213131,"ROE_YEARLY":0.081270090545,"ROIC_YEARLY":0.080016119189,"TOTAL_ASSETS":1088664764.2,"TOTAL_LIABILITIES":186452015.4,"TAX_EBT":4.914004914005,"OCF_SALES":-11.012485163539,"TOTAL_PARENT_EQUITY":912977787.28,"DEBT_ASSET_RATIO":17.1266694332,"OPERATE_PROFIT":2256085.06,"PRETAX_PROFIT":375245.86,"NETCASH_OPERATE":-33789645.02,"NETCASH_INVEST":-10444189.44,"NETCASH_FINANCE":-66555892.24,"END_CASH":127965292.12,"DIVI_RATIO":-0.55569517522,"DIVIDEND_RATE":8.035714285714,"CURRENT_RATIO":3.492983896664,"COMMON_ACS":1000000000,"CURRENTDEBT_DEBT":80.698214903822,"ISSUED_COMMON_SHARES":756203313,"HK_COMMON_SHARES":756203313,"PER_SHARES":2000,"TOTAL_MARKET_CAP":423473855.28,"HKSK_MARKET_CAP":423473855.28,"PE_TTM":-2.264251255333,"PB_TTM":0.567724010484,"REPORT_DATE_SQ":"2022-06-30 00:00:00","REPORT_TYPE_SQ":"2022年中报","OPERATE_INCOME_SQ":493584881.16,"DPS_HKD":0.045,"OPERATE_INCOME_QOQ_SQ":10.221033274652,"NET_PROFIT_RATIO_SQ":12.3495228393,"HOLDER_PROFIT_SQ":61571114.43,"HOLDER_PROFIT_QOQ_SQ":75.11022540325,"ROE_AVG_SQ":6.306492541824,"PE_TTM_SQ":-11.570703282075,"PB_TTM_SQ":0.763659686176,"ROA_SQ":5.162935035739,"START_DATE":"2023-01-01 00:00:00","FISCAL_YEAR":"12-31","CURRENCY":"HKD","IS_CNY_CODE":0,"DPS_HKD_LY":0.1,"ORG_TYPE":"一般企业","PREMIUM_INCOME":null,"PREMIUM_INCOME_YOY":null,"NET_INTEREST_INCOME":null,"NET_INTEREST_INCOME_YOY":null,"FEE_COMMISSION_INCOME":null,"FEE_COMMISSION_INCOME_YOY":null,"ACCOUNTS_RECE_TDAYS":2.873604407181,"INVENTORY_TDAYS":0.702460779849,"CURRENT_ASSETS_TDAYS":0.552095689176,"TOTAL_ASSETS_TDAYS":0.272335108148,"PREMIUM_EXPENSE":null,"LOAN_DEPOSIT":null,"LOAN_EQUITY":null,"LOAN_ASSETS":null,"DEPOSIT_EQUITY":null,"DEPOSIT_ASSETS":null,"EQUITY_MULTIPLIER":1.206660807718,"EQUITY_RATIO":0.204224043561},{"SECUCODE":"01005.HK","SECURITY_CODE":"01005","SECURITY_NAME_ABBR":"MATRIX HOLDINGS","ORG_CODE":"10009204","STD_REPORT_DATE":"2022-12-31 00:00:00","REPORT_DATE":"2022-12-31 00:00:00","DATE_TYPE_CODE":"001","REPORT_TYPE":"2022年年报","PER_NETCASH_OPERATE":0.27070970948,"PER_OI":1.164829844352,"BPS":1.237264486542,"BASIC_EPS":0.00714616,"DILUTED_EPS":0.00714616,"OPERATE_INCOME":880848187.38,"OPERATE_INCOME_YOY":-8.9173933645,"GROSS_PROFIT":363234846.45,"GROSS_PROFIT_YOY":0.518720721722,"HOLDER_PROFIT":5563285.56,"HOLDER_PROFIT_YOY":-88.6952733609,"GROSS_PROFIT_RATIO":41.236940900158,"EPS_TTM":0.007356864833,"OPERATE_INCOME_QOQ":-9.71557451988,"NET_PROFIT_RATIO":0.1856820952,"ROE_AVG":0.571171782573,"GROSS_PROFIT_QOQ":-11.583024336271,"ROA":0.464886616707,"HOLDER_PROFIT_QOQ":-92.946731381901,"ROE_YEARLY":0.571171782573,"ROIC_YEARLY":0.547715105478,"TOTAL_ASSETS":1128397422.67,"TOTAL_LIABILITIES":203179621.12,"TAX_EBT":90.218494577702,"OCF_SALES":23.240279324284,"TOTAL_PARENT_EQUITY":935623503.78,"DEBT_ASSET_RATIO":18.0060337819,"OPERATE_PROFIT":20580940.8,"PRETAX_PROFIT":16721121.13,"NETCASH_OPERATE":204711579.17,"NETCASH_INVEST":-24387164.27,"NETCASH_FINANCE":-97372682.89,"END_CASH":231320305.93,"DIVI_RATIO":5.556279873011,"DIVIDEND_RATE":8.035714285714,"CURRENT_RATIO":3.519103624705,"COMMON_ACS":1000000000,"CURRENTDEBT_DEBT":79.397333989871,"ISSUED_COMMON_SHARES":756203313,"HK_COMMON_SHARES":756203313,"PER_SHARES":2000,"TOTAL_MARKET_CAP":423473855.28,"HKSK_MARKET_CAP":423473855.28,"PE_TTM":-2.264251255333,"PB_TTM":0.567724010484,"REPORT_DATE_SQ":"2021-12-31 00:00:00","REPORT_TYPE_SQ":"2021年年报","OPERATE_INCOME_SQ":885164011.2,"DPS_HKD":0.045,"OPERATE_INCOME_QOQ_SQ":9.867909561632,"NET_PROFIT_RATIO_SQ":5.0466592219,"HOLDER_PROFIT_SQ":45043219.2,"HOLDER_PROFIT_QOQ_SQ":-36.150811030585,"ROE_AVG_SQ":4.886752361349,"PE_TTM_SQ":-11.570703282075,"PB_TTM_SQ":0.763659686176,"ROA_SQ":3.948562328256,"START_DATE":"2022-01-01 00:00:00","FISCAL_YEAR":"12-31","CURRENCY":"HKD","IS_CNY_CODE":0,"DPS_HKD_LY":0.1,"ORG_TYPE":"一般企业","PREMIUM_INCOME":null,"PREMIUM_INCOME_YOY":null,"NET_INTEREST_INCOME":null,"NET_INTEREST_INCOME_YOY":null,"FEE_COMMISSION_INCOME":null,"FEE_COMMISSION_INCOME_YOY":null,"ACCOUNTS_RECE_TDAYS":7.311332226111,"INVENTORY_TDAYS":1.989183158545,"CURRENT_ASSETS_TDAYS":1.44995485865,"TOTAL_ASSETS_TDAYS":0.736065997776,"PREMIUM_EXPENSE":null,"LOAN_DEPOSIT":null,"LOAN_EQUITY":null,"LOAN_ASSETS":null,"DEPOSIT_EQUITY":null,"DEPOSIT_ASSETS":null,"EQUITY_MULTIPLIER":1.219601936733,"EQUITY_RATIO":0.217159594964},{"SECUCODE":"01005.HK","SECURITY_CODE":"01005","SECURITY_NAME_ABBR":"MATRIX HOLDINGS","ORG_CODE":"10009204","STD_REPORT_DATE":"2022-06-30 00:00:00","REPORT_DATE":"2022-06-30 00:00:00","DATE_TYPE_CODE":"002","REPORT_TYPE":"2022年中报","PER_NETCASH_OPERATE":0.166874409356,"PER_OI":0.652714518271,"BPS":1.300421413256,"BASIC_EPS":0.081414088,"DILUTED_EPS":0.081414088,"OPERATE_INCOME":493584881.16,"OPERATE_INCOME_YOY":19.1347946076,"GROSS_PROFIT":205138701.25,"GROSS_PROFIT_YOY":31.770445920374,"HOLDER_PROFIT":61571114.43,"HOLDER_PROFIT_YOY":115.9672436032,"GROSS_PROFIT_RATIO":41.560977469142,"EPS_TTM":0.104304333655,"OPERATE_INCOME_QOQ":10.221033274652,"NET_PROFIT_RATIO":12.3495228393,"ROE_AVG":6.306492541824,"GROSS_PROFIT_QOQ":13.687128480869,"ROA":5.162935035739,"HOLDER_PROFIT_QOQ":75.11022540325,"ROE_YEARLY":12.612985083648,"ROIC_YEARLY":11.957345375325,"TOTAL_ASSETS":1174050157.07,"TOTAL_LIABILITIES":196583380.49,"TAX_EBT":0.311888111888,"OCF_SALES":25.566216881164,"TOTAL_PARENT_EQUITY":983382981,"DEBT_ASSET_RATIO":16.7440359602,"OPERATE_PROFIT":63089076.68,"PRETAX_PROFIT":61146085,"NETCASH_OPERATE":126190981.21,"NETCASH_INVEST":-15791938.54,"NETCASH_FINANCE":-54385808.05,"END_CASH":196329389.06,"DIVI_RATIO":0.391899344617,"DIVIDEND_RATE":8.035714285714,"CURRENT_RATIO":3.959005194219,"COMMON_ACS":1000000000,"CURRENTDEBT_DEBT":77.051911724402,"ISSUED_COMMON_SHARES":756203313,"HK_COMMON_SHARES":756203313,"PER_SHARES":2000,"TOTAL_MARKET_CAP":423473855.28,"HKSK_MARKET_CAP":423473855.28,"PE_TTM":-2.264251255333,"PB_TTM":0.567724010484,"REPORT_DATE_SQ":"2021-06-30 00:00:00","REPORT_TYPE_SQ":"2021年中报","OPERATE_INCOME_SQ":403111973.04,"DPS_HKD":0.045,"OPERATE_INCOME_QOQ_SQ":6.226719435781,"NET_PROFIT_RATIO_SQ":6.8347840805,"HOLDER_PROFIT_SQ":27739050.96,"HOLDER_PROFIT_QOQ_SQ":691.650948019578,"ROE_AVG_SQ":2.974471580042,"PE_TTM_SQ":-11.570703282075,"PB_TTM_SQ":0.763659686176,"ROA_SQ":2.43364099689,"START_DATE":"2022-01-01 00:00:00","FISCAL_YEAR":"12-31","CURRENCY":"HKD","IS_CNY_CODE":0,"DPS_HKD_LY":0.1,"ORG_TYPE":"一般企业","PREMIUM_INCOME":null,"PREMIUM_INCOME_YOY":null,"NET_INTEREST_INCOME":null,"NET_INTEREST_INCOME_YOY":null,"FEE_COMMISSION_INCOME":null,"FEE_COMMISSION_INCOME_YOY":null,"ACCOUNTS_RECE_TDAYS":3.590053959911,"INVENTORY_TDAYS":1.064241517816,"CURRENT_ASSETS_TDAYS":0.809565021019,"TOTAL_ASSETS_TDAYS":0.413886722637,"PREMIUM_EXPENSE":null,"LOAN_DEPOSIT":null,"LOAN_EQUITY":null,"LOAN_ASSETS":null,"DEPOSIT_EQUITY":null,"DEPOSIT_ASSETS":null,"EQUITY_MULTIPLIER":1.20111515317,"EQUITY_RATIO":0.199905209149},{"SECUCODE":"01005.HK","SECURITY_CODE":"01005","SECURITY_NAME_ABBR":"MATRIX HOLDINGS","ORG_CODE":"10009204","STD_REPORT_DATE":"2021-12-31 00:00:00","REPORT_DATE":"2021-12-31 00:00:00","DATE_TYPE_CODE":"001","REPORT_TYPE":"2021年年报","PER_NETCASH_OPERATE":0.224614127286,"PER_OI":1.170537071159,"BPS":1.225384794896,"BASIC_EPS":0.0596848,"DILUTED_EPS":0.0596848,"OPERATE_INCOME":885164011.2,"OPERATE_INCOME_YOY":20.1406883052,"GROSS_PROFIT":361360395.2,"GROSS_PROFIT_YOY":22.267316702514,"HOLDER_PROFIT":45043219.2,"HOLDER_PROFIT_YOY":420.3248961088,"GROSS_PROFIT_RATIO":40.824117409621,"EPS_TTM":0.059564958822,"OPERATE_INCOME_QOQ":9.867909561632,"NET_PROFIT_RATIO":5.0466592219,"ROE_AVG":4.886752361349,"GROSS_PROFIT_QOQ":5.159286798126,"ROA":3.948562328256,"HOLDER_PROFIT_QOQ":-36.150811030585,"ROE_YEARLY":4.886752361349,"ROIC_YEARLY":4.436373885209,"TOTAL_ASSETS":1157837699.2,"TOTAL_LIABILITIES":236265142.4,"TAX_EBT":22.955327429635,"OCF_SALES":19.188980239914,"TOTAL_PARENT_EQUITY":926640041.6,"DEBT_ASSET_RATIO":20.4057220251,"OPERATE_PROFIT":61785214.4,"PRETAX_PROFIT":57980921.6,"NETCASH_OPERATE":169853947.2,"NETCASH_INVEST":-108193825.6,"NETCASH_FINANCE":-53910908.8,"END_CASH":134148537.6,"DIVI_RATIO":0.686255825712,"DIVIDEND_RATE":8.035714285714,"CURRENT_RATIO":3.186308393134,"COMMON_ACS":1000000000,"CURRENTDEBT_DEBT":78.700505927869,"ISSUED_COMMON_SHARES":756203313,"HK_COMMON_SHARES":756203313,"PER_SHARES":2000,"TOTAL_MARKET_CAP":423473855.28,"HKSK_MARKET_CAP":423473855.28,"PE_TTM":-2.264251255333,"PB_TTM":0.567724010484,"REPORT_DATE_SQ":"2020-12-31 00:00:00","REPORT_TYPE_SQ":"2020年年报","OPERATE_INCOME_SQ":758436311.24,"DPS_HKD":0.045,"OPERATE_INCOME_QOQ_SQ":-25.422604982411,"NET_PROFIT_RATIO_SQ":0.8867646683,"HOLDER_PROFIT_SQ":8911284.32,"HOLDER_PROFIT_QOQ_SQ":158.947347944075,"ROE_AVG_SQ":0.934366242798,"PE_TTM_SQ":-11.570703282075,"PB_TTM_SQ":0.763659686176,"ROA_SQ":0.754328501228,"START_DATE":"2021-01-01 00:00:00","FISCAL_YEAR":"12-31","CURRENCY":"HKD","IS_CNY_CODE":0,"DPS_HKD_LY":0.06,"ORG_TYPE":"一般企业","PREMIUM_INCOME":null,"PREMIUM_INCOME_YOY":null,"NET_INTEREST_INCOME":null,"NET_INTEREST_INCOME_YOY":null,"FEE_COMMISSION_INCOME":null,"FEE_COMMISSION_INCOME_YOY":null,"ACCOUNTS_RECE_TDAYS":5.1741150157,"INVENTORY_TDAYS":2.025514156088,"CURRENT_ASSETS_TDAYS":1.466936124202,"TOTAL_ASSETS_TDAYS":0.775949261848,"PREMIUM_EXPENSE":null,"LOAN_DEPOSIT":null,"LOAN_EQUITY":null,"LOAN_ASSETS":null,"DEPOSIT_EQUITY":null,"DEPOSIT_ASSETS":null,"EQUITY_MULTIPLIER":1.256371720986,"EQUITY_RATIO":0.254969709697},{"SECUCODE":"01005.HK","SECURITY_CODE":"01005","SECURITY_NAME_ABBR":"MATRIX HOLDINGS","ORG_CODE":"10009204","STD_REPORT_DATE":"2021-06-30 00:00:00","REPORT_DATE":"2021-06-30 00:00:00","DATE_TYPE_CODE":"002","REPORT_TYPE":"2021年中报","PER_NETCASH_OPERATE":0.133048590968,"PER_OI":0.533073534736,"BPS":1.232553537675,"BASIC_EPS":0.0332832,"DILUTED_EPS":0.0332832,"OPERATE_INCOME":403111973.04,"OPERATE_INCOME_YOY":24.3453085257,"GROSS_PROFIT":155678839.68,"GROSS_PROFIT_YOY":44.687188480158,"HOLDER_PROFIT":27739050.96,"HOLDER_PROFIT_YOY":189.8377708311,"GROSS_PROFIT_RATIO":38.619254721207,"EPS_TTM":0.093290078987,"OPERATE_INCOME_QOQ":6.226719435781,"NET_PROFIT_RATIO":6.8347840805,"ROE_AVG":2.974471580042,"GROSS_PROFIT_QOQ":16.268681944592,"ROA":2.43364099689,"HOLDER_PROFIT_QOQ":691.650948019578,"ROE_YEARLY":5.948943160085,"ROIC_YEARLY":5.593519725265,"TOTAL_ASSETS":1136071275.12,"TOTAL_LIABILITIES":208976059.92,"TAX_EBT":0.433004570604,"OCF_SALES":24.958768781104,"TOTAL_PARENT_EQUITY":932061068.64,"DEBT_ASSET_RATIO":18.3946258036,"OPERATE_PROFIT":29552985.36,"PRETAX_PROFIT":27671652.48,"NETCASH_OPERATE":100611785.28,"NETCASH_INVEST":-16319585.04,"NETCASH_FINANCE":-36014086.56,"END_CASH":177000057.6,"DIVI_RATIO":0.438168778973,"DIVIDEND_RATE":8.035714285714,"CURRENT_RATIO":4.042544242437,"COMMON_ACS":1000000000,"CURRENTDEBT_DEBT":75.732732362064,"ISSUED_COMMON_SHARES":756203313,"HK_COMMON_SHARES":756203313,"PER_SHARES":2000,"TOTAL_MARKET_CAP":423473855.28,"HKSK_MARKET_CAP":423473855.28,"PE_TTM":-2.264251255333,"PB_TTM":0.567724010484,"REPORT_DATE_SQ":"2020-06-30 00:00:00","REPORT_TYPE_SQ":"2020年中报","OPERATE_INCOME_SQ":355886271.84,"DPS_HKD":0.045,"OPERATE_INCOME_QOQ_SQ":-13.737641700069,"NET_PROFIT_RATIO_SQ":-9.9830343599,"HOLDER_PROFIT_SQ":-33895931.52,"HOLDER_PROFIT_QOQ_SQ":-111.801456046289,"ROE_AVG_SQ":-3.336114327635,"PE_TTM_SQ":-11.570703282075,"PB_TTM_SQ":0.763659686176,"ROA_SQ":-2.709710868271,"START_DATE":"2021-01-01 00:00:00","FISCAL_YEAR":"12-31","CURRENCY":"HKD","IS_CNY_CODE":0,"DPS_HKD_LY":0.06,"ORG_TYPE":"一般企业","PREMIUM_INCOME":null,"PREMIUM_INCOME_YOY":null,"NET_INTEREST_INCOME":null,"NET_INTEREST_INCOME_YOY":null,"FEE_COMMISSION_INCOME":null,"FEE_COMMISSION_INCOME_YOY":null,"ACCOUNTS_RECE_TDAYS":2.014897656593,"INVENTORY_TDAYS":0.976092276231,"CURRENT_ASSETS_TDAYS":0.637321754985,"TOTAL_ASSETS_TDAYS":0.353663802465,"PREMIUM_EXPENSE":null,"LOAN_DEPOSIT":null,"LOAN_EQUITY":null,"LOAN_ASSETS":null,"DEPOSIT_EQUITY":null,"DEPOSIT_ASSETS":null,"EQUITY_MULTIPLIER":1.225409490303,"EQUITY_RATIO":0.224208549151},{"SECUCODE":"01005.HK","SECURITY_CODE":"01005","SECURITY_NAME_ABBR":"MATRIX HOLDINGS","ORG_CODE":"10009204","STD_REPORT_DATE":"2020-12-31 00:00:00","REPORT_DATE":"2020-12-31 00:00:00","DATE_TYPE_CODE":"001","REPORT_TYPE":"2020年年报","PER_NETCASH_OPERATE":0.13382596122,"PER_OI":1.002952907243,"BPS":1.248078092088,"BASIC_EPS":0.0084164,"DILUTED_EPS":0.0084164,"OPERATE_INCOME":758436311.24,"OPERATE_INCOME_YOY":-31.5294950767,"GROSS_PROFIT":295549460.76,"GROSS_PROFIT_YOY":-29.576990685619,"HOLDER_PROFIT":8911284.32,"HOLDER_PROFIT_YOY":-92.595855973,"GROSS_PROFIT_RATIO":38.968263568077,"EPS_TTM":0.011784243955,"OPERATE_INCOME_QOQ":-25.422604982411,"NET_PROFIT_RATIO":0.8867646683,"ROE_AVG":0.934366242798,"GROSS_PROFIT_QOQ":-13.814633986187,"ROA":0.754328501228,"HOLDER_PROFIT_QOQ":158.947347944075,"ROE_YEARLY":0.934366242798,"ROIC_YEARLY":0.83778316624,"TOTAL_ASSETS":1156701200.88,"TOTAL_LIABILITIES":217733951.28,"TAX_EBT":10.535154500672,"OCF_SALES":13.343194905126,"TOTAL_PARENT_EQUITY":943800788.12,"DEBT_ASSET_RATIO":18.8236989046,"OPERATE_PROFIT":12027035.6,"PRETAX_PROFIT":7517528.48,"NETCASH_OPERATE":101199635.24,"NETCASH_INVEST":-27690797.64,"NETCASH_FINANCE":-57234886.56,"END_CASH":130200866.36,"DIVI_RATIO":3.468767292663,"DIVIDEND_RATE":8.035714285714,"CURRENT_RATIO":3.870628596154,"COMMON_ACS":1000000000,"CURRENTDEBT_DEBT":75.040393966804,"ISSUED_COMMON_SHARES":756203313,"HK_COMMON_SHARES":756203313,"PER_SHARES":2000,"TOTAL_MARKET_CAP":423473855.28,"HKSK_MARKET_CAP":423473855.28,"PE_TTM":-2.264251255333,"PB_TTM":0.567724010484,"REPORT_DATE_SQ":"2019-12-31 00:00:00","REPORT_TYPE_SQ":"2019年年报","OPERATE_INCOME_SQ":1178936953.78,"DPS_HKD":0.045,"OPERATE_INCOME_QOQ_SQ":-0.342911999364,"NET_PROFIT_RATIO_SQ":10.5991105546,"HOLDER_PROFIT_SQ":128097435.78,"HOLDER_PROFIT_QOQ_SQ":-30.939804449066,"ROE_AVG_SQ":12.83011521004,"PE_TTM_SQ":-11.570703282075,"PB_TTM_SQ":0.763659686176,"ROA_SQ":9.547871390404,"START_DATE":"2020-01-01 00:00:00","FISCAL_YEAR":"12-31","CURRENCY":"HKD","IS_CNY_CODE":0,"DPS_HKD_LY":0.045,"ORG_TYPE":"一般企业","PREMIUM_INCOME":null,"PREMIUM_INCOME_YOY":null,"NET_INTEREST_INCOME":null,"NET_INTEREST_INCOME_YOY":null,"FEE_COMMISSION_INCOME":null,"FEE_COMMISSION_INCOME_YOY":null,"ACCOUNTS_RECE_TDAYS":2.965747845562,"INVENTORY_TDAYS":1.812457261683,"CURRENT_ASSETS_TDAYS":1.153004443682,"TOTAL_ASSETS_TDAYS":0.642006365626,"PREMIUM_EXPENSE":null,"LOAN_DEPOSIT":null,"LOAN_EQUITY":null,"LOAN_ASSETS":null,"DEPOSIT_EQUITY":null,"DEPOSIT_ASSETS":null,"EQUITY_MULTIPLIER":1.231886630095,"EQUITY_RATIO":0.230699056433},{"SECUCODE":"01005.HK","SECURITY_CODE":"01005","SECURITY_NAME_ABBR":"MATRIX HOLDINGS","ORG_CODE":"10009204","STD_REPORT_DATE":"2020-06-30 00:00:00","REPORT_DATE":"2020-06-30 00:00:00","DATE_TYPE_CODE":"002","REPORT_TYPE":"2020年中报","PER_NETCASH_OPERATE":0.122885044911,"PER_OI":0.470622471129,"BPS":1.304150334396,"BASIC_EPS":-0.045672,"DILUTED_EPS":-0.045672,"OPERATE_INCOME":355886271.84,"OPERATE_INCOME_YOY":-33.8169519626,"GROSS_PROFIT":107596837.92,"GROSS_PROFIT_YOY":-41.63486713036,"HOLDER_PROFIT":-33895931.52,"HOLDER_PROFIT_YOY":-129.8598258686,"GROSS_PROFIT_RATIO":30.233489300867,"EPS_TTM":-0.019991135082,"OPERATE_INCOME_QOQ":-13.737641700069,"NET_PROFIT_RATIO":-9.9830343599,"ROE_AVG":-3.336114327635,"GROSS_PROFIT_QOQ":-18.288901502032,"ROA":-2.709710868271,"HOLDER_PROFIT_QOQ":-111.801456046289,"ROE_YEARLY":-6.672228655269,"ROIC_YEARLY":-6.052167077193,"TOTAL_ASSETS":1192922496.48,"TOTAL_LIABILITIES":211225692.48,"TAX_EBT":-0.358654143874,"OCF_SALES":26.11117242583,"TOTAL_PARENT_EQUITY":986202803.52,"DEBT_ASSET_RATIO":17.7065729839,"OPERATE_PROFIT":-32686536.96,"PRETAX_PROFIT":-35401280.64,"NETCASH_OPERATE":92926078.08,"NETCASH_INVEST":-15944095.2,"NETCASH_FINANCE":-52536501.6,"END_CASH":146692983.36,"DIVI_RATIO":-2.044746325376,"DIVIDEND_RATE":8.035714285714,"CURRENT_RATIO":4.343400711917,"COMMON_ACS":1000000000,"CURRENTDEBT_DEBT":67.668935573987,"ISSUED_COMMON_SHARES":756203313,"HK_COMMON_SHARES":756203313,"PER_SHARES":2000,"TOTAL_MARKET_CAP":423473855.28,"HKSK_MARKET_CAP":423473855.28,"PE_TTM":-2.264251255333,"PB_TTM":0.567724010484,"REPORT_DATE_SQ":"2019-06-30 00:00:00","REPORT_TYPE_SQ":"2019年中报","OPERATE_INCOME_SQ":517844406.42,"DPS_HKD":0.045,"OPERATE_INCOME_QOQ_SQ":-0.260327209466,"NET_PROFIT_RATIO_SQ":20.7366563216,"HOLDER_PROFIT_SQ":109318866.84,"HOLDER_PROFIT_QOQ_SQ":56.857147897229,"ROE_AVG_SQ":11.04428056742,"PE_TTM_SQ":-11.570703282075,"PB_TTM_SQ":0.763659686176,"ROA_SQ":8.374495774139,"START_DATE":"2020-01-01 00:00:00","FISCAL_YEAR":"12-31","CURRENCY":"HKD","IS_CNY_CODE":0,"DPS_HKD_LY":0.045,"ORG_TYPE":"一般企业","PREMIUM_INCOME":null,"PREMIUM_INCOME_YOY":null,"NET_INTEREST_INCOME":null,"NET_INTEREST_INCOME_YOY":null,"FEE_COMMISSION_INCOME":null,"FEE_COMMISSION_INCOME_YOY":null,"ACCOUNTS_RECE_TDAYS":1.286604958045,"INVENTORY_TDAYS":0.920555683496,"CURRENT_ASSETS_TDAYS":0.522490880807,"TOTAL_ASSETS_TDAYS":0.284502846043,"PREMIUM_EXPENSE":null,"LOAN_DEPOSIT":null,"LOAN_EQUITY":null,"LOAN_ASSETS":null,"DEPOSIT_EQUITY":null,"DEPOSIT_ASSETS":null,"EQUITY_MULTIPLIER":1.215163879133,"EQUITY_RATIO":0.214180786879}],"count":48},"success":true,"message":"ok","code":0}