{"version":"805dd5aa63f4ae46dc1f597002d333f7","result":{"pages":5,"data":[{"SECUCODE":"01004.HK","SECURITY_CODE":"01004","SECURITY_NAME_ABBR":"中国智慧能源","ORG_CODE":"10009203","STD_REPORT_DATE":"2023-06-30 00:00:00","REPORT_DATE":"2023-06-30 00:00:00","DATE_TYPE_CODE":"002","REPORT_TYPE":"2023年中报","PER_NETCASH_OPERATE":-0.003621099566,"PER_OI":0.004857375886,"BPS":-0.031390009768,"BASIC_EPS":-0.008943206,"DILUTED_EPS":-0.008943206,"OPERATE_INCOME":45534748.24,"OPERATE_INCOME_YOY":-52.1994560641,"GROSS_PROFIT":null,"GROSS_PROFIT_YOY":null,"HOLDER_PROFIT":-83530466.02,"HOLDER_PROFIT_YOY":-91.4562245092,"GROSS_PROFIT_RATIO":null,"EPS_TTM":-0.013621635034,"OPERATE_INCOME_QOQ":-23.30087792826,"NET_PROFIT_RATIO":-183.4433465619,"ROE_AVG":32.308380836568,"GROSS_PROFIT_QOQ":null,"ROA":-4.308122612615,"HOLDER_PROFIT_QOQ":-50.881503248256,"ROE_YEARLY":64.616761673136,"ROIC_YEARLY":-9.212596483566,"TOTAL_ASSETS":1892064306.5,"TOTAL_LIABILITIES":2186343726.86,"TAX_EBT":-2.225055569973,"OCF_SALES":-74.548473313356,"TOTAL_PARENT_EQUITY":-294260980.76,"DEBT_ASSET_RATIO":115.5533519315,"OPERATE_PROFIT":-21110576.06,"PRETAX_PROFIT":-81712321.46,"NETCASH_OPERATE":-33945459.64,"NETCASH_INVEST":886022.78,"NETCASH_FINANCE":-960703.16,"END_CASH":106040607.72,"DIVI_RATIO":null,"DIVIDEND_RATE":null,"CURRENT_RATIO":0.424106332769,"COMMON_ACS":120000000000,"CURRENTDEBT_DEBT":95.513454954273,"ISSUED_COMMON_SHARES":9374351360,"HK_COMMON_SHARES":9374351360,"PER_SHARES":2000,"TOTAL_MARKET_CAP":140615270.4,"HKSK_MARKET_CAP":140615270.4,"PE_TTM":-1.018788819174,"PB_TTM":-0.440576479656,"REPORT_DATE_SQ":"2022-06-30 00:00:00","REPORT_TYPE_SQ":"2022年中报","OPERATE_INCOME_SQ":88359085.99,"DPS_HKD":null,"OPERATE_INCOME_QOQ_SQ":1.251734067906,"NET_PROFIT_RATIO_SQ":-46.841397199,"HOLDER_PROFIT_SQ":-40468445.99,"HOLDER_PROFIT_QOQ_SQ":11.986819053433,"ROE_AVG_SQ":25.998763821166,"PE_TTM_SQ":-1.154627328397,"PB_TTM_SQ":-0.499320010277,"ROA_SQ":-2.102789202948,"START_DATE":"2023-01-01 00:00:00","FISCAL_YEAR":"12-31","CURRENCY":"HKD","IS_CNY_CODE":0,"DPS_HKD_LY":null,"ORG_TYPE":"证券","PREMIUM_INCOME":null,"PREMIUM_INCOME_YOY":null,"NET_INTEREST_INCOME":null,"NET_INTEREST_INCOME_YOY":null,"FEE_COMMISSION_INCOME":null,"FEE_COMMISSION_INCOME_YOY":null,"ACCOUNTS_RECE_TDAYS":0.065152234711,"INVENTORY_TDAYS":null,"CURRENT_ASSETS_TDAYS":0.051008989162,"TOTAL_ASSETS_TDAYS":0.023484758065,"PREMIUM_EXPENSE":null,"LOAN_DEPOSIT":null,"LOAN_EQUITY":null,"LOAN_ASSETS":null,"DEPOSIT_EQUITY":null,"DEPOSIT_ASSETS":null,"EQUITY_MULTIPLIER":-6.429482238968,"EQUITY_RATIO":-7.429947800803},{"SECUCODE":"01004.HK","SECURITY_CODE":"01004","SECURITY_NAME_ABBR":"中国智慧能源","ORG_CODE":"10009203","STD_REPORT_DATE":"2022-12-31 00:00:00","REPORT_DATE":"2022-12-31 00:00:00","DATE_TYPE_CODE":"001","REPORT_TYPE":"2022年年报","PER_NETCASH_OPERATE":0.010150917424,"PER_OI":0.019605464837,"BPS":-0.023029093481,"BASIC_EPS":-0.009022027,"DILUTED_EPS":-0.009022027,"OPERATE_INCOME":183788515.96,"OPERATE_INCOME_YOY":-10.2501243206,"GROSS_PROFIT":null,"GROSS_PROFIT_YOY":null,"HOLDER_PROFIT":-84631972.88,"HOLDER_PROFIT_YOY":85.4398369773,"GROSS_PROFIT_RATIO":null,"EPS_TTM":-0.009028035075,"OPERATE_INCOME_QOQ":-3.155881209104,"NET_PROFIT_RATIO":-46.3892723137,"ROE_AVG":46.938522742473,"GROSS_PROFIT_QOQ":null,"ROA":-4.276779072203,"HOLDER_PROFIT_QOQ":81.925745797647,"ROE_YEARLY":46.938522742473,"ROIC_YEARLY":-4.529007200263,"TOTAL_ASSETS":1923913313.49,"TOTAL_LIABILITIES":2139813992.68,"TAX_EBT":6.909264695842,"OCF_SALES":51.775958940063,"TOTAL_PARENT_EQUITY":-215882813.79,"DEBT_ASSET_RATIO":111.2219546315,"OPERATE_PROFIT":35642366.27,"PRETAX_PROFIT":-91586079.83,"NETCASH_OPERATE":95158266.56,"NETCASH_INVEST":-15270450.65,"NETCASH_FINANCE":-2853104.38,"END_CASH":140499758.49,"DIVI_RATIO":null,"DIVIDEND_RATE":null,"CURRENT_RATIO":0.42862576761,"COMMON_ACS":120000000000,"CURRENTDEBT_DEBT":95.041795311511,"ISSUED_COMMON_SHARES":9374351360,"HK_COMMON_SHARES":9374351360,"PER_SHARES":2000,"TOTAL_MARKET_CAP":140615270.4,"HKSK_MARKET_CAP":140615270.4,"PE_TTM":-1.018788819174,"PB_TTM":-0.440576479656,"REPORT_DATE_SQ":"2021-12-31 00:00:00","REPORT_TYPE_SQ":"2021年年报","OPERATE_INCOME_SQ":187431529.6,"DPS_HKD":null,"OPERATE_INCOME_QOQ_SQ":-32.484720331216,"NET_PROFIT_RATIO_SQ":-282.425865664,"HOLDER_PROFIT_SQ":-532018043.2,"HOLDER_PROFIT_QOQ_SQ":23.557003593829,"ROE_AVG_SQ":-265.198519762314,"PE_TTM_SQ":-2.309254656794,"PB_TTM_SQ":-0.998640020554,"ROA_SQ":-21.808044021813,"START_DATE":"2022-01-01 00:00:00","FISCAL_YEAR":"12-31","CURRENCY":"HKD","IS_CNY_CODE":0,"DPS_HKD_LY":null,"ORG_TYPE":"证券","PREMIUM_INCOME":null,"PREMIUM_INCOME_YOY":null,"NET_INTEREST_INCOME":null,"NET_INTEREST_INCOME_YOY":null,"FEE_COMMISSION_INCOME":null,"FEE_COMMISSION_INCOME_YOY":null,"ACCOUNTS_RECE_TDAYS":0.288116463198,"INVENTORY_TDAYS":null,"CURRENT_ASSETS_TDAYS":0.220234708792,"TOTAL_ASSETS_TDAYS":0.092875405361,"PREMIUM_EXPENSE":null,"LOAN_DEPOSIT":null,"LOAN_EQUITY":null,"LOAN_ASSETS":null,"DEPOSIT_EQUITY":null,"DEPOSIT_ASSETS":null,"EQUITY_MULTIPLIER":-8.911103571859,"EQUITY_RATIO":-9.911923766018},{"SECUCODE":"01004.HK","SECURITY_CODE":"01004","SECURITY_NAME_ABBR":"中国智慧能源","ORG_CODE":"10009203","STD_REPORT_DATE":"2022-06-30 00:00:00","REPORT_DATE":"2022-06-30 00:00:00","DATE_TYPE_CODE":"002","REPORT_TYPE":"2022年中报","PER_NETCASH_OPERATE":0.000576916882,"PER_OI":0.009425621315,"BPS":-0.018428498665,"BASIC_EPS":-0.00427595,"DILUTED_EPS":-0.00427595,"OPERATE_INCOME":88359085.99,"OPERATE_INCOME_YOY":-0.0483694653,"GROSS_PROFIT":null,"GROSS_PROFIT_YOY":null,"HOLDER_PROFIT":-40468445.99,"HOLDER_PROFIT_YOY":62.2269051781,"GROSS_PROFIT_RATIO":null,"EPS_TTM":-0.049949696256,"OPERATE_INCOME_QOQ":1.251734067906,"NET_PROFIT_RATIO":-46.841397199,"ROE_AVG":25.998763821166,"GROSS_PROFIT_QOQ":null,"ROA":-2.102789202948,"HOLDER_PROFIT_QOQ":11.986819053433,"ROE_YEARLY":51.997527642332,"ROIC_YEARLY":-4.381827652063,"TOTAL_ASSETS":1901897234.93,"TOTAL_LIABILITIES":2070946918.18,"TAX_EBT":-1.162183064735,"OCF_SALES":6.120730538806,"TOTAL_PARENT_EQUITY":-172755221.52,"DEBT_ASSET_RATIO":108.8884762092,"OPERATE_PROFIT":17443310.43,"PRETAX_PROFIT":-40913144.79,"NETCASH_OPERATE":5408221.56,"NETCASH_INVEST":19669.37,"NETCASH_FINANCE":-47890.64,"END_CASH":74588816.61,"DIVI_RATIO":null,"DIVIDEND_RATE":null,"CURRENT_RATIO":0.415595107246,"COMMON_ACS":120000000000,"CURRENTDEBT_DEBT":94.601799950612,"ISSUED_COMMON_SHARES":9374351360,"HK_COMMON_SHARES":9374351360,"PER_SHARES":2000,"TOTAL_MARKET_CAP":140615270.4,"HKSK_MARKET_CAP":140615270.4,"PE_TTM":-1.018788819174,"PB_TTM":-0.440576479656,"REPORT_DATE_SQ":"2021-06-30 00:00:00","REPORT_TYPE_SQ":"2021年中报","OPERATE_INCOME_SQ":86012941.68,"DPS_HKD":null,"OPERATE_INCOME_QOQ_SQ":-42.005821409744,"NET_PROFIT_RATIO_SQ":-119.9562740033,"HOLDER_PROFIT_SQ":-104240486.16,"HOLDER_PROFIT_QOQ_SQ":-7.061410024582,"ROE_AVG_SQ":-20.778912746546,"PE_TTM_SQ":-2.309254656794,"PB_TTM_SQ":-0.998640020554,"ROA_SQ":-3.907124966434,"START_DATE":"2022-01-01 00:00:00","FISCAL_YEAR":"12-31","CURRENCY":"HKD","IS_CNY_CODE":0,"DPS_HKD_LY":null,"ORG_TYPE":"证券","PREMIUM_INCOME":null,"PREMIUM_INCOME_YOY":null,"NET_INTEREST_INCOME":null,"NET_INTEREST_INCOME_YOY":null,"FEE_COMMISSION_INCOME":null,"FEE_COMMISSION_INCOME_YOY":null,"ACCOUNTS_RECE_TDAYS":0.140084874451,"INVENTORY_TDAYS":null,"CURRENT_ASSETS_TDAYS":0.112020998855,"TOTAL_ASSETS_TDAYS":0.045912445476,"PREMIUM_EXPENSE":null,"LOAN_DEPOSIT":null,"LOAN_EQUITY":null,"LOAN_ASSETS":null,"DEPOSIT_EQUITY":null,"DEPOSIT_ASSETS":null,"EQUITY_MULTIPLIER":-11.250522321981,"EQUITY_RATIO":-11.987752960279},{"SECUCODE":"01004.HK","SECURITY_CODE":"01004","SECURITY_NAME_ABBR":"中国智慧能源","ORG_CODE":"10009203","STD_REPORT_DATE":"2021-12-31 00:00:00","REPORT_DATE":"2021-12-31 00:00:00","DATE_TYPE_CODE":"001","REPORT_TYPE":"2021年年报","PER_NETCASH_OPERATE":0.013948566997,"PER_OI":0.019994079846,"BPS":-0.014130588252,"BASIC_EPS":-0.05674144,"DILUTED_EPS":-0.05674144,"OPERATE_INCOME":187431529.6,"OPERATE_INCOME_YOY":-49.9135898764,"GROSS_PROFIT":null,"GROSS_PROFIT_YOY":null,"HOLDER_PROFIT":-532018043.2,"HOLDER_PROFIT_YOY":15.7526700044,"GROSS_PROFIT_RATIO":null,"EPS_TTM":-0.056752517883,"OPERATE_INCOME_QOQ":-32.484720331216,"NET_PROFIT_RATIO":-282.425865664,"ROE_AVG":-265.198519762314,"GROSS_PROFIT_QOQ":null,"ROA":-21.808044021813,"HOLDER_PROFIT_QOQ":23.557003593829,"ROE_YEARLY":-265.198519762314,"ROIC_YEARLY":-22.287642445257,"TOTAL_ASSETS":1861541931.2,"TOTAL_LIABILITIES":1989584632,"TAX_EBT":0.528303855338,"OCF_SALES":69.763485513379,"TOTAL_PARENT_EQUITY":-132465099.2,"DEBT_ASSET_RATIO":106.8783140822,"OPERATE_PROFIT":-226648531.2,"PRETAX_PROFIT":-344803995.2,"NETCASH_OPERATE":130758768,"NETCASH_INVEST":300656048,"NETCASH_FINANCE":-398975718.4,"END_CASH":68738084.8,"DIVI_RATIO":null,"DIVIDEND_RATE":null,"CURRENT_RATIO":0.3890507901,"COMMON_ACS":120000000000,"CURRENTDEBT_DEBT":94.280577535141,"ISSUED_COMMON_SHARES":9374351360,"HK_COMMON_SHARES":9374351360,"PER_SHARES":2000,"TOTAL_MARKET_CAP":140615270.4,"HKSK_MARKET_CAP":140615270.4,"PE_TTM":-1.018788819174,"PB_TTM":-0.440576479656,"REPORT_DATE_SQ":"2020-12-31 00:00:00","REPORT_TYPE_SQ":"2020年年报","OPERATE_INCOME_SQ":385219469.64,"DPS_HKD":null,"OPERATE_INCOME_QOQ_SQ":-60.273505940089,"NET_PROFIT_RATIO_SQ":-136.6749829893,"HOLDER_PROFIT_SQ":-650063378.28,"HOLDER_PROFIT_QOQ_SQ":-388.408946918997,"ROE_AVG_SQ":-74.024872484431,"PE_TTM_SQ":-2.309254656794,"PB_TTM_SQ":-0.998640020554,"ROA_SQ":-19.604347908854,"START_DATE":"2021-01-01 00:00:00","FISCAL_YEAR":"12-31","CURRENCY":"HKD","IS_CNY_CODE":0,"DPS_HKD_LY":null,"ORG_TYPE":"证券","PREMIUM_INCOME":null,"PREMIUM_INCOME_YOY":null,"NET_INTEREST_INCOME":null,"NET_INTEREST_INCOME_YOY":null,"FEE_COMMISSION_INCOME":null,"FEE_COMMISSION_INCOME_YOY":null,"ACCOUNTS_RECE_TDAYS":0.286178313734,"INVENTORY_TDAYS":null,"CURRENT_ASSETS_TDAYS":0.209763290463,"TOTAL_ASSETS_TDAYS":0.076830383872,"PREMIUM_EXPENSE":null,"LOAN_DEPOSIT":null,"LOAN_EQUITY":null,"LOAN_ASSETS":null,"DEPOSIT_EQUITY":null,"DEPOSIT_ASSETS":null,"EQUITY_MULTIPLIER":-14.538446311834,"EQUITY_RATIO":-15.019689291864},{"SECUCODE":"01004.HK","SECURITY_CODE":"01004","SECURITY_NAME_ABBR":"中国智慧能源","ORG_CODE":"10009203","STD_REPORT_DATE":"2021-06-30 00:00:00","REPORT_DATE":"2021-06-30 00:00:00","DATE_TYPE_CODE":"002","REPORT_TYPE":"2021年中报","PER_NETCASH_OPERATE":0.005531695548,"PER_OI":0.009175348606,"BPS":0.049090347388,"BASIC_EPS":-0.011149872,"DILUTED_EPS":-0.011149872,"OPERATE_INCOME":86012941.68,"OPERATE_INCOME_YOY":-67.1104083081,"GROSS_PROFIT":null,"GROSS_PROFIT_YOY":null,"HOLDER_PROFIT":-104240486.16,"HOLDER_PROFIT_YOY":-96.1590855711,"GROSS_PROFIT_RATIO":null,"EPS_TTM":-0.074241618659,"OPERATE_INCOME_QOQ":-42.005821409744,"NET_PROFIT_RATIO":-119.9562740033,"ROE_AVG":-20.778912746546,"GROSS_PROFIT_QOQ":null,"ROA":-3.907124966434,"HOLDER_PROFIT_QOQ":-7.061410024582,"ROE_YEARLY":-41.557825493092,"ROIC_YEARLY":-7.930664530333,"TOTAL_ASSETS":2264918431.68,"TOTAL_LIABILITIES":1801875064.56,"TAX_EBT":2.979280597705,"OCF_SALES":60.288668969053,"TOTAL_PARENT_EQUITY":460190164.8,"DEBT_ASSET_RATIO":79.555847988,"OPERATE_PROFIT":7946364,"PRETAX_PROFIT":-54014473.2,"NETCASH_OPERATE":51856057.68,"NETCASH_INVEST":300185341.2,"NETCASH_FINANCE":-339654223.92,"END_CASH":43078445.76,"DIVI_RATIO":null,"DIVIDEND_RATE":null,"CURRENT_RATIO":0.550298765956,"COMMON_ACS":120000000000,"CURRENTDEBT_DEBT":93.588706940222,"ISSUED_COMMON_SHARES":9374351360,"HK_COMMON_SHARES":9374351360,"PER_SHARES":2000,"TOTAL_MARKET_CAP":140615270.4,"HKSK_MARKET_CAP":140615270.4,"PE_TTM":-1.018788819174,"PB_TTM":-0.440576479656,"REPORT_DATE_SQ":"2020-06-30 00:00:00","REPORT_TYPE_SQ":"2020年中报","OPERATE_INCOME_SQ":287091451.68,"DPS_HKD":null,"OPERATE_INCOME_QOQ_SQ":15.601679820929,"NET_PROFIT_RATIO_SQ":-18.3445956886,"HOLDER_PROFIT_SQ":-58336845.6,"HOLDER_PROFIT_QOQ_SQ":-21.615346090209,"ROE_AVG_SQ":-4.568898510216,"PE_TTM_SQ":-2.309254656794,"PB_TTM_SQ":-0.998640020554,"ROA_SQ":-1.550684799793,"START_DATE":"2021-01-01 00:00:00","FISCAL_YEAR":"12-31","CURRENCY":"HKD","IS_CNY_CODE":0,"DPS_HKD_LY":null,"ORG_TYPE":"证券","PREMIUM_INCOME":null,"PREMIUM_INCOME_YOY":null,"NET_INTEREST_INCOME":null,"NET_INTEREST_INCOME_YOY":null,"FEE_COMMISSION_INCOME":null,"FEE_COMMISSION_INCOME_YOY":null,"ACCOUNTS_RECE_TDAYS":0.142159114351,"INVENTORY_TDAYS":null,"CURRENT_ASSETS_TDAYS":0.085840377638,"TOTAL_ASSETS_TDAYS":0.032239231056,"PREMIUM_EXPENSE":null,"LOAN_DEPOSIT":null,"LOAN_EQUITY":null,"LOAN_ASSETS":null,"DEPOSIT_EQUITY":null,"DEPOSIT_ASSETS":null,"EQUITY_MULTIPLIER":4.891374312875,"EQUITY_RATIO":3.91550103063},{"SECUCODE":"01004.HK","SECURITY_CODE":"01004","SECURITY_NAME_ABBR":"中国智慧能源","ORG_CODE":"10009203","STD_REPORT_DATE":"2020-12-31 00:00:00","REPORT_DATE":"2020-12-31 00:00:00","DATE_TYPE_CODE":"001","REPORT_TYPE":"2020年年报","PER_NETCASH_OPERATE":0.000017507323,"PER_OI":0.04109291991,"BPS":0.058604552706,"BASIC_EPS":-0.069351136,"DILUTED_EPS":-0.069351136,"OPERATE_INCOME":385219469.64,"OPERATE_INCOME_YOY":-51.121330196,"GROSS_PROFIT":null,"GROSS_PROFIT_YOY":null,"HOLDER_PROFIT":-650063378.28,"HOLDER_PROFIT_YOY":-532.189073051,"GROSS_PROFIT_RATIO":null,"EPS_TTM":-0.069344891536,"OPERATE_INCOME_QOQ":-60.273505940089,"NET_PROFIT_RATIO":-136.6749829893,"ROE_AVG":-74.024872484431,"GROSS_PROFIT_QOQ":null,"ROA":-19.604347908854,"HOLDER_PROFIT_QOQ":-388.408946918997,"ROE_YEARLY":-74.024872484431,"ROIC_YEARLY":-19.842529273355,"TOTAL_ASSETS":3106282830,"TOTAL_LIABILITIES":2555091952.36,"TAX_EBT":6.38009833698,"OCF_SALES":0.03428505119,"TOTAL_PARENT_EQUITY":549379668.36,"DEBT_ASSET_RATIO":82.255612003,"OPERATE_PROFIT":-420594440.48,"PRETAX_PROFIT":-548957165.08,"NETCASH_OPERATE":164119.8,"NETCASH_INVEST":46290.2,"NETCASH_FINANCE":-11680279.92,"END_CASH":30955519.2,"DIVI_RATIO":null,"DIVIDEND_RATE":null,"CURRENT_RATIO":0.522274469607,"COMMON_ACS":120000000000,"CURRENTDEBT_DEBT":81.560084180735,"ISSUED_COMMON_SHARES":9374351360,"HK_COMMON_SHARES":9374351360,"PER_SHARES":2000,"TOTAL_MARKET_CAP":140615270.4,"HKSK_MARKET_CAP":140615270.4,"PE_TTM":-1.018788819174,"PB_TTM":-0.440576479656,"REPORT_DATE_SQ":"2019-12-31 00:00:00","REPORT_TYPE_SQ":"2019年年报","OPERATE_INCOME_SQ":1042345732.04,"DPS_HKD":null,"OPERATE_INCOME_QOQ_SQ":39.032546352446,"NET_PROFIT_RATIO_SQ":-10.4725949581,"HOLDER_PROFIT_SQ":-109441921.5,"HOLDER_PROFIT_QOQ_SQ":55.654032742595,"ROE_AVG_SQ":-8.032467803561,"PE_TTM_SQ":-2.309254656794,"PB_TTM_SQ":-0.998640020554,"ROA_SQ":-2.861441250635,"START_DATE":"2020-01-01 00:00:00","FISCAL_YEAR":"12-31","CURRENCY":"HKD","IS_CNY_CODE":0,"DPS_HKD_LY":null,"ORG_TYPE":"证券","PREMIUM_INCOME":null,"PREMIUM_INCOME_YOY":null,"NET_INTEREST_INCOME":null,"NET_INTEREST_INCOME_YOY":null,"FEE_COMMISSION_INCOME":null,"FEE_COMMISSION_INCOME_YOY":null,"ACCOUNTS_RECE_TDAYS":0.576238431507,"INVENTORY_TDAYS":null,"CURRENT_ASSETS_TDAYS":0.45047432544,"TOTAL_ASSETS_TDAYS":0.144361995774,"PREMIUM_EXPENSE":null,"LOAN_DEPOSIT":null,"LOAN_EQUITY":null,"LOAN_ASSETS":null,"DEPOSIT_EQUITY":null,"DEPOSIT_ASSETS":null,"EQUITY_MULTIPLIER":5.635584615085,"EQUITY_RATIO":4.650867331853},{"SECUCODE":"01004.HK","SECURITY_CODE":"01004","SECURITY_NAME_ABBR":"中国智慧能源","ORG_CODE":"10009203","STD_REPORT_DATE":"2020-06-30 00:00:00","REPORT_DATE":"2020-06-30 00:00:00","DATE_TYPE_CODE":"002","REPORT_TYPE":"2020年中报","PER_NETCASH_OPERATE":0.00786402022,"PER_OI":0.030625207084,"BPS":0.132673405133,"BASIC_EPS":-0.006211392,"DILUTED_EPS":-0.006211392,"OPERATE_INCOME":287091451.68,"OPERATE_INCOME_YOY":85.3567766301,"GROSS_PROFIT":null,"GROSS_PROFIT_YOY":null,"HOLDER_PROFIT":-58336845.6,"HOLDER_PROFIT_YOY":-61.9911223843,"GROSS_PROFIT_RATIO":null,"EPS_TTM":-0.014198120647,"OPERATE_INCOME_QOQ":15.601679820929,"NET_PROFIT_RATIO":-18.3445956886,"ROE_AVG":-4.568898510216,"GROSS_PROFIT_QOQ":null,"ROA":-1.550684799793,"HOLDER_PROFIT_QOQ":-21.615346090209,"ROE_YEARLY":-9.137797020433,"ROIC_YEARLY":-3.132543653405,"TOTAL_ASSETS":3697701944.64,"TOTAL_LIABILITIES":2451218980.32,"TAX_EBT":1.33719906247,"OCF_SALES":21.779704012349,"TOTAL_PARENT_EQUITY":1243727115.84,"DEBT_ASSET_RATIO":66.2903342946,"OPERATE_PROFIT":-10307256.96,"PRETAX_PROFIT":-67421919.84,"NETCASH_OPERATE":73720088.64,"NETCASH_INVEST":-37123115.04,"NETCASH_FINANCE":-59437540.8,"END_CASH":21285892.32,"DIVI_RATIO":null,"DIVIDEND_RATE":null,"CURRENT_RATIO":0.695139362186,"COMMON_ACS":120000000000,"CURRENTDEBT_DEBT":64.026349141402,"ISSUED_COMMON_SHARES":9374351360,"HK_COMMON_SHARES":9374351360,"PER_SHARES":2000,"TOTAL_MARKET_CAP":140615270.4,"HKSK_MARKET_CAP":140615270.4,"PE_TTM":-1.018788819174,"PB_TTM":-0.440576479656,"REPORT_DATE_SQ":"2019-06-30 00:00:00","REPORT_TYPE_SQ":"2019年中报","OPERATE_INCOME_SQ":175857228.9,"DPS_HKD":null,"OPERATE_INCOME_QOQ_SQ":0,"NET_PROFIT_RATIO_SQ":-21.594677738,"HOLDER_PROFIT_SQ":-34680595.5,"HOLDER_PROFIT_QOQ_SQ":0,"ROE_AVG_SQ":-2.527066209135,"PE_TTM_SQ":-2.309254656794,"PB_TTM_SQ":-0.998640020554,"ROA_SQ":-0.919496104473,"START_DATE":"2020-01-01 00:00:00","FISCAL_YEAR":"12-31","CURRENCY":"HKD","IS_CNY_CODE":0,"DPS_HKD_LY":null,"ORG_TYPE":"证券","PREMIUM_INCOME":null,"PREMIUM_INCOME_YOY":null,"NET_INTEREST_INCOME":null,"NET_INTEREST_INCOME_YOY":null,"FEE_COMMISSION_INCOME":null,"FEE_COMMISSION_INCOME_YOY":null,"ACCOUNTS_RECE_TDAYS":0.466295614658,"INVENTORY_TDAYS":null,"CURRENT_ASSETS_TDAYS":0.305443784787,"TOTAL_ASSETS_TDAYS":0.089973468515,"PREMIUM_EXPENSE":null,"LOAN_DEPOSIT":null,"LOAN_EQUITY":null,"LOAN_ASSETS":null,"DEPOSIT_EQUITY":null,"DEPOSIT_ASSETS":null,"EQUITY_MULTIPLIER":2.966508207881,"EQUITY_RATIO":1.970865593506},{"SECUCODE":"01004.HK","SECURITY_CODE":"01004","SECURITY_NAME_ABBR":"中国智慧能源","ORG_CODE":"10009203","STD_REPORT_DATE":"2019-12-31 00:00:00","REPORT_DATE":"2019-12-31 00:00:00","DATE_TYPE_CODE":"001","REPORT_TYPE":"2019年年报","PER_NETCASH_OPERATE":0.017640108075,"PER_OI":0.11119123788,"BPS":0.137033245135,"BASIC_EPS":-0.01164514,"DILUTED_EPS":-0.01164514,"OPERATE_INCOME":1042345732.04,"OPERATE_INCOME_YOY":null,"GROSS_PROFIT":null,"GROSS_PROFIT_YOY":null,"HOLDER_PROFIT":-109441921.5,"HOLDER_PROFIT_YOY":null,"GROSS_PROFIT_RATIO":null,"EPS_TTM":-0.011674612706,"OPERATE_INCOME_QOQ":39.032546352446,"NET_PROFIT_RATIO":-10.4725949581,"ROE_AVG":-8.032467803561,"GROSS_PROFIT_QOQ":null,"ROA":-2.861441250635,"HOLDER_PROFIT_QOQ":55.654032742595,"ROE_YEARLY":-8.032467803561,"ROIC_YEARLY":-2.925955192352,"TOTAL_ASSETS":3752332842,"TOTAL_LIABILITIES":2461349038.48,"TAX_EBT":-2.912605251151,"OCF_SALES":15.864656614112,"TOTAL_PARENT_EQUITY":1284597787.9,"DEBT_ASSET_RATIO":65.5951681826,"OPERATE_PROFIT":35646669.32,"PRETAX_PROFIT":-107981800.1,"NETCASH_OPERATE":165364571.12,"NETCASH_INVEST":39697386.48,"NETCASH_FINANCE":-274699894.8,"END_CASH":43465932.94,"DIVI_RATIO":null,"DIVIDEND_RATE":null,"CURRENT_RATIO":0.725274143044,"COMMON_ACS":120000000000,"CURRENTDEBT_DEBT":61.820690347911,"ISSUED_COMMON_SHARES":9374351360,"HK_COMMON_SHARES":9374351360,"PER_SHARES":2000,"TOTAL_MARKET_CAP":140615270.4,"HKSK_MARKET_CAP":140615270.4,"PE_TTM":-1.018788819174,"PB_TTM":-0.440576479656,"REPORT_DATE_SQ":"2018-12-31 00:00:00","REPORT_TYPE_SQ":"2018年年报","OPERATE_INCOME_SQ":null,"DPS_HKD":null,"OPERATE_INCOME_QOQ_SQ":0,"NET_PROFIT_RATIO_SQ":null,"HOLDER_PROFIT_SQ":null,"HOLDER_PROFIT_QOQ_SQ":0,"ROE_AVG_SQ":null,"PE_TTM_SQ":-2.309254656794,"PB_TTM_SQ":-0.998640020554,"ROA_SQ":null,"START_DATE":"2019-01-01 00:00:00","FISCAL_YEAR":"12-31","CURRENCY":"HKD","IS_CNY_CODE":0,"DPS_HKD_LY":null,"ORG_TYPE":"证券","PREMIUM_INCOME":null,"PREMIUM_INCOME_YOY":null,"NET_INTEREST_INCOME":null,"NET_INTEREST_INCOME_YOY":null,"FEE_COMMISSION_INCOME":null,"FEE_COMMISSION_INCOME_YOY":null,"ACCOUNTS_RECE_TDAYS":2.131426143087,"INVENTORY_TDAYS":null,"CURRENT_ASSETS_TDAYS":1.156614123177,"TOTAL_ASSETS_TDAYS":0.272529121766,"PREMIUM_EXPENSE":null,"LOAN_DEPOSIT":null,"LOAN_EQUITY":null,"LOAN_ASSETS":null,"DEPOSIT_EQUITY":null,"DEPOSIT_ASSETS":null,"EQUITY_MULTIPLIER":2.906568488134,"EQUITY_RATIO":1.91604645568},{"SECUCODE":"01004.HK","SECURITY_CODE":"01004","SECURITY_NAME_ABBR":"中国智慧能源","ORG_CODE":"10009203","STD_REPORT_DATE":"2019-06-30 00:00:00","REPORT_DATE":"2019-06-30 00:00:00","DATE_TYPE_CODE":"002","REPORT_TYPE":"2019年中报","PER_NETCASH_OPERATE":0.001757564995,"PER_OI":0.018759402347,"BPS":0.141904371365,"BASIC_EPS":-0.003694572,"DILUTED_EPS":-0.003694572,"OPERATE_INCOME":175857228.9,"OPERATE_INCOME_YOY":-74.0892047318,"GROSS_PROFIT":null,"GROSS_PROFIT_YOY":null,"HOLDER_PROFIT":-34680595.5,"HOLDER_PROFIT_YOY":75.7885234223,"GROSS_PROFIT_RATIO":null,"EPS_TTM":-0.02632621054,"OPERATE_INCOME_QOQ":0,"NET_PROFIT_RATIO":-21.594677738,"ROE_AVG":-2.527066209135,"GROSS_PROFIT_QOQ":null,"ROA":-0.919496104473,"HOLDER_PROFIT_QOQ":0,"ROE_YEARLY":-5.054132418269,"ROIC_YEARLY":-1.87463639543,"TOTAL_ASSETS":3716428032.36,"TOTAL_LIABILITIES":2383466919.12,"TAX_EBT":9.409295981534,"OCF_SALES":9.368981817272,"TOTAL_PARENT_EQUITY":1330261436.7,"DEBT_ASSET_RATIO":64.1332725501,"OPERATE_PROFIT":27671464.62,"PRETAX_PROFIT":-41920197.3,"NETCASH_OPERATE":16476031.8,"NETCASH_INVEST":45423883.08,"NETCASH_FINANCE":-148475172.42,"END_CASH":24058701,"DIVI_RATIO":null,"DIVIDEND_RATE":null,"CURRENT_RATIO":0.501896825321,"COMMON_ACS":120000000000,"CURRENTDEBT_DEBT":53.818371585942,"ISSUED_COMMON_SHARES":9374351360,"HK_COMMON_SHARES":9374351360,"PER_SHARES":2000,"TOTAL_MARKET_CAP":140615270.4,"HKSK_MARKET_CAP":140615270.4,"PE_TTM":-1.018788819174,"PB_TTM":-0.440576479656,"REPORT_DATE_SQ":"2018-06-30 00:00:00","REPORT_TYPE_SQ":"2018年中报","OPERATE_INCOME_SQ":678926302.45,"DPS_HKD":null,"OPERATE_INCOME_QOQ_SQ":0,"NET_PROFIT_RATIO_SQ":-20.8045871239,"HOLDER_PROFIT_SQ":-143287538.2,"HOLDER_PROFIT_QOQ_SQ":0,"ROE_AVG_SQ":-9.024930014061,"PE_TTM_SQ":-2.309254656794,"PB_TTM_SQ":-0.998640020554,"ROA_SQ":-3.333555794212,"START_DATE":"2019-01-01 00:00:00","FISCAL_YEAR":"12-31","CURRENCY":"HKD","IS_CNY_CODE":0,"DPS_HKD_LY":null,"ORG_TYPE":"证券","PREMIUM_INCOME":null,"PREMIUM_INCOME_YOY":null,"NET_INTEREST_INCOME":null,"NET_INTEREST_INCOME_YOY":null,"FEE_COMMISSION_INCOME":null,"FEE_COMMISSION_INCOME_YOY":null,"ACCOUNTS_RECE_TDAYS":0.443807802795,"INVENTORY_TDAYS":null,"CURRENT_ASSETS_TDAYS":0.264438180474,"TOTAL_ASSETS_TDAYS":0.046625507603,"PREMIUM_EXPENSE":null,"LOAN_DEPOSIT":null,"LOAN_EQUITY":null,"LOAN_ASSETS":null,"DEPOSIT_EQUITY":null,"DEPOSIT_ASSETS":null,"EQUITY_MULTIPLIER":2.788099364228,"EQUITY_RATIO":1.791728192191}],"count":44},"success":true,"message":"ok","code":0}