{"version":"6f100a817bb284734a13dff84c466e0c","result":{"pages":6,"data":[{"SECUCODE":"01003.HK","SECURITY_CODE":"01003","SECURITY_NAME_ABBR":"欢喜传媒","ORG_CODE":"10009202","STD_REPORT_DATE":"2024-06-30 00:00:00","REPORT_DATE":"2024-06-30 00:00:00","DATE_TYPE_CODE":"002","REPORT_TYPE":"2024年中报","PER_NETCASH_OPERATE":-0.049246403488,"PER_OI":0.028756938303,"BPS":0.332316126534,"BASIC_EPS":-0.0182536,"DILUTED_EPS":-0.0182536,"OPERATE_INCOME":105148950.12,"OPERATE_INCOME_YOY":-91.7310890353,"GROSS_PROFIT":-64203387.28,"GROSS_PROFIT_YOY":-106.255742286232,"HOLDER_PROFIT":-81273241.32,"HOLDER_PROFIT_YOY":-122.2195329479,"GROSS_PROFIT_RATIO":-61.059465840342,"EPS_TTM":-0.083841170913,"OPERATE_INCOME_QOQ":-97.650434773892,"NET_PROFIT_RATIO":-77.2934406166,"ROE_AVG":-6.395068883314,"GROSS_PROFIT_QOQ":-132.783639524131,"ROA":-4.140818231151,"HOLDER_PROFIT_QOQ":-312.578960429554,"ROE_YEARLY":-12.790137766627,"ROIC_YEARLY":-9.159853060112,"TOTAL_ASSETS":1886318809.88,"TOTAL_LIABILITIES":671214077.76,"TAX_EBT":0.06172562399,"OCF_SALES":-171.2505099428,"TOTAL_PARENT_EQUITY":1215104732.12,"DEBT_ASSET_RATIO":35.5832786189,"OPERATE_PROFIT":-82398575.76,"PRETAX_PROFIT":-81323438.72,"NETCASH_OPERATE":-180068113.28,"NETCASH_INVEST":816848.6,"NETCASH_FINANCE":-6204398.64,"END_CASH":93296887.64,"DIVI_RATIO":null,"DIVIDEND_RATE":null,"CURRENT_RATIO":1.85455215438,"COMMON_ACS":50000000000,"CURRENTDEBT_DEBT":100,"ISSUED_COMMON_SHARES":3656472362,"HK_COMMON_SHARES":3656472362,"PER_SHARES":10000,"TOTAL_MARKET_CAP":1828236181,"HKSK_MARKET_CAP":1828236181,"PE_TTM":-5.528666974111,"PB_TTM":1.373210517223,"REPORT_DATE_SQ":"2023-06-30 00:00:00","REPORT_TYPE_SQ":"2023年中报","OPERATE_INCOME_SQ":1284575372.42,"DPS_HKD":null,"OPERATE_INCOME_QOQ_SQ":10448.3323827863,"NET_PROFIT_RATIO_SQ":28.7644470347,"HOLDER_PROFIT_SQ":369501002.62,"HOLDER_PROFIT_QOQ_SQ":226.876629289518,"ROE_AVG_SQ":26.826123087746,"PE_TTM_SQ":7.647390606525,"PB_TTM_SQ":1.25594046656,"ROA_SQ":17.551552915807,"START_DATE":"2024-01-01 00:00:00","FISCAL_YEAR":"12-31","CURRENCY":"HKD","IS_CNY_CODE":0,"DPS_HKD_LY":null,"ORG_TYPE":"一般企业","PREMIUM_INCOME":null,"PREMIUM_INCOME_YOY":null,"NET_INTEREST_INCOME":null,"NET_INTEREST_INCOME_YOY":null,"FEE_COMMISSION_INCOME":null,"FEE_COMMISSION_INCOME_YOY":null,"ACCOUNTS_RECE_TDAYS":0.7186145296,"INVENTORY_TDAYS":null,"CURRENT_ASSETS_TDAYS":0.080103096869,"TOTAL_ASSETS_TDAYS":0.05357269903,"PREMIUM_EXPENSE":null,"LOAN_DEPOSIT":null,"LOAN_EQUITY":null,"LOAN_ASSETS":null,"DEPOSIT_EQUITY":null,"DEPOSIT_ASSETS":null,"EQUITY_MULTIPLIER":1.552391954387,"EQUITY_RATIO":0.552391954386},{"SECUCODE":"01003.HK","SECURITY_CODE":"01003","SECURITY_NAME_ABBR":"欢喜传媒","ORG_CODE":"10009202","STD_REPORT_DATE":"2023-12-31 00:00:00","REPORT_DATE":"2023-12-31 00:00:00","DATE_TYPE_CODE":"001","REPORT_TYPE":"2023年年报","PER_NETCASH_OPERATE":0.09029132294,"PER_OI":0.330319624793,"BPS":0.360252249313,"BASIC_EPS":0.0362488,"DILUTED_EPS":0.0362488,"OPERATE_INCOME":1207804578.68,"OPERATE_INCOME_YOY":9678.3859134263,"GROSS_PROFIT":821271843.42,"GROSS_PROFIT_YOY":1092.64673710949,"HOLDER_PROFIT":144211319.7,"HOLDER_PROFIT_YOY":171.7431879249,"GROSS_PROFIT_RATIO":67.997079818787,"EPS_TTM":0.039440013604,"OPERATE_INCOME_QOQ":-5.955313950806,"NET_PROFIT_RATIO":11.9399547117,"ROE_AVG":11.44031424829,"GROSS_PROFIT_QOQ":-15.687609984172,"ROA":7.160859816163,"HOLDER_PROFIT_QOQ":-42.63461238204,"ROE_YEARLY":11.44031424829,"ROIC_YEARLY":7.799209860424,"TOTAL_ASSETS":2024715691.46,"TOTAL_LIABILITIES":707463298.5,"TAX_EBT":24.966404979136,"OCF_SALES":27.33453181812,"TOTAL_PARENT_EQUITY":1317252392.96,"DEBT_ASSET_RATIO":34.9413649276,"OPERATE_PROFIT":192908863.84,"PRETAX_PROFIT":192195668.7,"NETCASH_OPERATE":330147726.86,"NETCASH_INVEST":20898339.42,"NETCASH_FINANCE":-116225433.66,"END_CASH":281060508.12,"DIVI_RATIO":null,"DIVIDEND_RATE":null,"CURRENT_RATIO":1.946429536523,"COMMON_ACS":50000000000,"CURRENTDEBT_DEBT":99.545393409549,"ISSUED_COMMON_SHARES":3656472362,"HK_COMMON_SHARES":3656472362,"PER_SHARES":10000,"TOTAL_MARKET_CAP":1791671457.38,"HKSK_MARKET_CAP":1791671457.38,"PE_TTM":-5.418093634629,"PB_TTM":1.345746306879,"REPORT_DATE_SQ":"2022-12-31 00:00:00","REPORT_TYPE_SQ":"2022年年报","OPERATE_INCOME_SQ":12175270.1,"DPS_HKD":null,"OPERATE_INCOME_QOQ_SQ":-22.371033617545,"NET_PROFIT_RATIO_SQ":-1627.3807776963,"HOLDER_PROFIT_SQ":-198138005.24,"HOLDER_PROFIT_QOQ_SQ":-3.33893661892,"ROE_AVG_SQ":-14.868225913755,"PE_TTM_SQ":9.123202828837,"PB_TTM_SQ":1.498314942563,"ROA_SQ":-9.919967012751,"START_DATE":"2023-01-01 00:00:00","FISCAL_YEAR":"12-31","CURRENCY":"HKD","IS_CNY_CODE":0,"DPS_HKD_LY":null,"ORG_TYPE":"一般企业","PREMIUM_INCOME":null,"PREMIUM_INCOME_YOY":null,"NET_INTEREST_INCOME":null,"NET_INTEREST_INCOME_YOY":null,"FEE_COMMISSION_INCOME":null,"FEE_COMMISSION_INCOME_YOY":null,"ACCOUNTS_RECE_TDAYS":6.848115834798,"INVENTORY_TDAYS":null,"CURRENT_ASSETS_TDAYS":0.882767217449,"TOTAL_ASSETS_TDAYS":0.599739277835,"PREMIUM_EXPENSE":null,"LOAN_DEPOSIT":null,"LOAN_EQUITY":null,"LOAN_ASSETS":null,"DEPOSIT_EQUITY":null,"DEPOSIT_ASSETS":null,"EQUITY_MULTIPLIER":1.537074976884,"EQUITY_RATIO":0.537074976884},{"SECUCODE":"01003.HK","SECURITY_CODE":"01003","SECURITY_NAME_ABBR":"欢喜传媒","ORG_CODE":"10009202","STD_REPORT_DATE":"2023-06-30 00:00:00","REPORT_DATE":"2023-06-30 00:00:00","DATE_TYPE_CODE":"002","REPORT_TYPE":"2023年中报","PER_NETCASH_OPERATE":0.041572749221,"PER_OI":0.351315488056,"BPS":0.418434323913,"BASIC_EPS":0.1014178,"DILUTED_EPS":0.1014178,"OPERATE_INCOME":1284575372.42,"OPERATE_INCOME_YOY":9460.6875729088,"GROSS_PROFIT":1026311256.8,"GROSS_PROFIT_YOY":3464.25587222438,"HOLDER_PROFIT":369501002.62,"HOLDER_PROFIT_YOY":528.2680943374,"GROSS_PROFIT_RATIO":79.894981550716,"EPS_TTM":0.068752282939,"OPERATE_INCOME_QOQ":10448.3323827863,"NET_PROFIT_RATIO":28.7644470347,"ROE_AVG":26.826123087746,"GROSS_PROFIT_QOQ":1277.34384818547,"ROA":17.551552915807,"HOLDER_PROFIT_QOQ":226.876629289518,"ROE_YEARLY":53.652246175492,"ROIC_YEARLY":36.820047163257,"TOTAL_ASSETS":2172580409.42,"TOTAL_LIABILITIES":642586868.72,"TAX_EBT":12.38911162508,"OCF_SALES":11.833451878626,"TOTAL_PARENT_EQUITY":1529993540.7,"DEBT_ASSET_RATIO":29.5771270851,"OPERATE_PROFIT":424634484.64,"PRETAX_PROFIT":421752375.16,"NETCASH_OPERATE":152009608.54,"NETCASH_INVEST":120779.38,"NETCASH_FINANCE":-43217812.5,"END_CASH":146887087.66,"DIVI_RATIO":null,"DIVIDEND_RATE":null,"CURRENT_RATIO":2.498484695873,"COMMON_ACS":50000000000,"CURRENTDEBT_DEBT":96.864687415706,"ISSUED_COMMON_SHARES":3656472362,"HK_COMMON_SHARES":3656472362,"PER_SHARES":10000,"TOTAL_MARKET_CAP":1791671457.38,"HKSK_MARKET_CAP":1791671457.38,"PE_TTM":-5.418093634629,"PB_TTM":1.345746306879,"REPORT_DATE_SQ":"2022-06-30 00:00:00","REPORT_TYPE_SQ":"2022年中报","OPERATE_INCOME_SQ":12462683.87,"DPS_HKD":null,"OPERATE_INCOME_QOQ_SQ":-87.885998514392,"NET_PROFIT_RATIO_SQ":-642.1395731833,"HOLDER_PROFIT_SQ":-80027825.01,"HOLDER_PROFIT_QOQ_SQ":0.444123390654,"ROE_AVG_SQ":-5.922937068912,"PE_TTM_SQ":9.123202828837,"PB_TTM_SQ":1.498314942563,"ROA_SQ":-4.17127645633,"START_DATE":"2023-01-01 00:00:00","FISCAL_YEAR":"12-31","CURRENCY":"HKD","IS_CNY_CODE":0,"DPS_HKD_LY":null,"ORG_TYPE":"一般企业","PREMIUM_INCOME":null,"PREMIUM_INCOME_YOY":null,"NET_INTEREST_INCOME":null,"NET_INTEREST_INCOME_YOY":null,"FEE_COMMISSION_INCOME":null,"FEE_COMMISSION_INCOME_YOY":null,"ACCOUNTS_RECE_TDAYS":3.171375926269,"INVENTORY_TDAYS":null,"CURRENT_ASSETS_TDAYS":0.872512225563,"TOTAL_ASSETS_TDAYS":0.610182177139,"PREMIUM_EXPENSE":null,"LOAN_DEPOSIT":null,"LOAN_EQUITY":null,"LOAN_ASSETS":null,"DEPOSIT_EQUITY":null,"DEPOSIT_ASSETS":null,"EQUITY_MULTIPLIER":1.419993190577,"EQUITY_RATIO":0.419993190576},{"SECUCODE":"01003.HK","SECURITY_CODE":"01003","SECURITY_NAME_ABBR":"欢喜传媒","ORG_CODE":"10009202","STD_REPORT_DATE":"2022-12-31 00:00:00","REPORT_DATE":"2022-12-31 00:00:00","DATE_TYPE_CODE":"001","REPORT_TYPE":"2022年年报","PER_NETCASH_OPERATE":-0.011324936521,"PER_OI":0.003329785896,"BPS":0.324534662986,"BASIC_EPS":-0.0535962,"DILUTED_EPS":-0.0535962,"OPERATE_INCOME":12175270.1,"OPERATE_INCOME_YOY":-91.3926480711,"GROSS_PROFIT":-82735560.67,"GROSS_PROFIT_YOY":-65.643385159978,"HOLDER_PROFIT":-198138005.24,"HOLDER_PROFIT_YOY":5.8351057281,"GROSS_PROFIT_RATIO":-679.53778429934,"EPS_TTM":-0.054188295609,"OPERATE_INCOME_QOQ":-22.371033617545,"NET_PROFIT_RATIO":-1627.3807776963,"ROE_AVG":-14.868225913755,"GROSS_PROFIT_QOQ":-21.312610302012,"ROA":-9.919967012751,"HOLDER_PROFIT_QOQ":-3.33893661892,"ROE_YEARLY":-14.868225913755,"ROIC_YEARLY":-10.309577348788,"TOTAL_ASSETS":1974425945.45,"TOTAL_LIABILITIES":787773919.73,"TAX_EBT":0.653910924791,"OCF_SALES":-340.1100513573,"TOTAL_PARENT_EQUITY":1186652025.72,"DEBT_ASSET_RATIO":39.8988841058,"OPERATE_PROFIT":-197601149.97,"PRETAX_PROFIT":-199442179.44,"NETCASH_OPERATE":-41409317.39,"NETCASH_INVEST":3624889.66,"NETCASH_FINANCE":-11894783.32,"END_CASH":47909643.18,"DIVI_RATIO":null,"DIVIDEND_RATE":null,"CURRENT_RATIO":1.767501296045,"COMMON_ACS":50000000000,"CURRENTDEBT_DEBT":96.677057123321,"ISSUED_COMMON_SHARES":3656472362,"HK_COMMON_SHARES":3656472362,"PER_SHARES":10000,"TOTAL_MARKET_CAP":1791671457.38,"HKSK_MARKET_CAP":1791671457.38,"PE_TTM":-5.418093634629,"PB_TTM":1.345746306879,"REPORT_DATE_SQ":"2021-12-31 00:00:00","REPORT_TYPE_SQ":"2021年年报","OPERATE_INCOME_SQ":129469412.8,"DPS_HKD":null,"OPERATE_INCOME_QOQ_SQ":-38.254564595819,"NET_PROFIT_RATIO_SQ":-148.7543652473,"HOLDER_PROFIT_SQ":-192591403.2,"HOLDER_PROFIT_QOQ_SQ":35.46090268878,"ROE_AVG_SQ":-15.188886617734,"PE_TTM_SQ":9.123202828837,"PB_TTM_SQ":1.498314942563,"ROA_SQ":-11.756374043716,"START_DATE":"2022-01-01 00:00:00","FISCAL_YEAR":"12-31","CURRENCY":"HKD","IS_CNY_CODE":0,"DPS_HKD_LY":null,"ORG_TYPE":"一般企业","PREMIUM_INCOME":null,"PREMIUM_INCOME_YOY":null,"NET_INTEREST_INCOME":null,"NET_INTEREST_INCOME_YOY":null,"FEE_COMMISSION_INCOME":null,"FEE_COMMISSION_INCOME_YOY":null,"ACCOUNTS_RECE_TDAYS":0.035605735057,"INVENTORY_TDAYS":null,"CURRENT_ASSETS_TDAYS":0.009580493188,"TOTAL_ASSETS_TDAYS":0.006095664364,"PREMIUM_EXPENSE":null,"LOAN_DEPOSIT":null,"LOAN_EQUITY":null,"LOAN_ASSETS":null,"DEPOSIT_EQUITY":null,"DEPOSIT_ASSETS":null,"EQUITY_MULTIPLIER":1.663862617394,"EQUITY_RATIO":0.663862617394},{"SECUCODE":"01003.HK","SECURITY_CODE":"01003","SECURITY_NAME_ABBR":"欢喜传媒","ORG_CODE":"10009202","STD_REPORT_DATE":"2022-06-30 00:00:00","REPORT_DATE":"2022-06-30 00:00:00","DATE_TYPE_CODE":"002","REPORT_TYPE":"2022年中报","PER_NETCASH_OPERATE":0.007339042759,"PER_OI":0.00340839001,"BPS":0.351905451389,"BASIC_EPS":-0.0256557,"DILUTED_EPS":-0.0256557,"OPERATE_INCOME":12462683.87,"OPERATE_INCOME_YOY":-90.3951860591,"GROSS_PROFIT":-30506337.68,"GROSS_PROFIT_YOY":-148.949181679656,"HOLDER_PROFIT":-80027825.01,"HOLDER_PROFIT_YOY":3.7312511573,"GROSS_PROFIT_RATIO":-244.781445138269,"EPS_TTM":-0.052437442635,"OPERATE_INCOME_QOQ":-87.885998514392,"NET_PROFIT_RATIO":-642.1395731833,"ROE_AVG":-5.922937068912,"GROSS_PROFIT_QOQ":-36.542594168572,"ROA":-4.17127645633,"HOLDER_PROFIT_QOQ":0.444123390654,"ROE_YEARLY":-11.845874137825,"ROIC_YEARLY":-8.655243528441,"TOTAL_ASSETS":1902910635.08,"TOTAL_LIABILITIES":616178078.04,"TAX_EBT":null,"OCF_SALES":215.322857338914,"TOTAL_PARENT_EQUITY":1286732557.04,"DEBT_ASSET_RATIO":32.3808205536,"OPERATE_PROFIT":-81569732.58,"PRETAX_PROFIT":-80027825.01,"NETCASH_OPERATE":26835007.01,"NETCASH_INVEST":3475492.16,"NETCASH_FINANCE":-87264442.79,"END_CASH":39961318.32,"DIVI_RATIO":null,"DIVIDEND_RATE":null,"CURRENT_RATIO":2.014319294924,"COMMON_ACS":50000000000,"CURRENTDEBT_DEBT":94.705183507375,"ISSUED_COMMON_SHARES":3656472362,"HK_COMMON_SHARES":3656472362,"PER_SHARES":10000,"TOTAL_MARKET_CAP":1791671457.38,"HKSK_MARKET_CAP":1791671457.38,"PE_TTM":-5.418093634629,"PB_TTM":1.345746306879,"REPORT_DATE_SQ":"2021-06-30 00:00:00","REPORT_TYPE_SQ":"2021年中报","OPERATE_INCOME_SQ":126248170.08,"DPS_HKD":null,"OPERATE_INCOME_QOQ_SQ":-60.653010608316,"NET_PROFIT_RATIO_SQ":-64.0668046347,"HOLDER_PROFIT_SQ":-80883168.48,"HOLDER_PROFIT_QOQ_SQ":-49.988065961554,"ROE_AVG_SQ":-6.025497065076,"PE_TTM_SQ":9.123202828837,"PB_TTM_SQ":1.498314942563,"ROA_SQ":-4.886446151746,"START_DATE":"2022-01-01 00:00:00","FISCAL_YEAR":"12-31","CURRENCY":"HKD","IS_CNY_CODE":0,"DPS_HKD_LY":null,"ORG_TYPE":"一般企业","PREMIUM_INCOME":null,"PREMIUM_INCOME_YOY":null,"NET_INTEREST_INCOME":null,"NET_INTEREST_INCOME_YOY":null,"FEE_COMMISSION_INCOME":null,"FEE_COMMISSION_INCOME_YOY":null,"ACCOUNTS_RECE_TDAYS":null,"INVENTORY_TDAYS":null,"CURRENT_ASSETS_TDAYS":0.010743457111,"TOTAL_ASSETS_TDAYS":0.006495903119,"PREMIUM_EXPENSE":null,"LOAN_DEPOSIT":null,"LOAN_EQUITY":null,"LOAN_ASSETS":null,"DEPOSIT_EQUITY":null,"DEPOSIT_ASSETS":null,"EQUITY_MULTIPLIER":1.478870356291,"EQUITY_RATIO":0.47887035629},{"SECUCODE":"01003.HK","SECURITY_CODE":"01003","SECURITY_NAME_ABBR":"欢喜传媒","ORG_CODE":"10009202","STD_REPORT_DATE":"2021-12-31 00:00:00","REPORT_DATE":"2021-12-31 00:00:00","DATE_TYPE_CODE":"001","REPORT_TYPE":"2021年年报","PER_NETCASH_OPERATE":-0.104990114294,"PER_OI":0.035408284265,"BPS":0.370123933785,"BASIC_EPS":-0.057232,"DILUTED_EPS":-0.057232,"OPERATE_INCOME":129469412.8,"OPERATE_INCOME_YOY":-74.9906818957,"GROSS_PROFIT":-49948001.6,"GROSS_PROFIT_YOY":-223.852881786764,"HOLDER_PROFIT":-192591403.2,"HOLDER_PROFIT_YOY":0.3528053098,"GROSS_PROFIT_RATIO":-38.578997556093,"EPS_TTM":-0.052671368503,"OPERATE_INCOME_QOQ":-38.254564595819,"NET_PROFIT_RATIO":-148.7543652473,"ROE_AVG":-15.188886617734,"GROSS_PROFIT_QOQ":65.278433576658,"ROA":-11.756374043716,"HOLDER_PROFIT_QOQ":35.46090268878,"ROE_YEARLY":-15.188886617734,"ROIC_YEARLY":-12.563716765543,"TOTAL_ASSETS":1849162649.6,"TOTAL_LIABILITIES":495814715.2,"TAX_EBT":-7.06163076084,"OCF_SALES":-296.512854192848,"TOTAL_PARENT_EQUITY":1353347934.4,"DEBT_ASSET_RATIO":26.8129315346,"OPERATE_PROFIT":-181840780.8,"PRETAX_PROFIT":-179888352,"NETCASH_OPERATE":-383893451.2,"NETCASH_INVEST":-237104,"NETCASH_FINANCE":360212484.8,"END_CASH":94325694.4,"DIVI_RATIO":null,"DIVIDEND_RATE":null,"CURRENT_RATIO":2.31439262938,"COMMON_ACS":50000000000,"CURRENTDEBT_DEBT":95.361189392953,"ISSUED_COMMON_SHARES":3656472362,"HK_COMMON_SHARES":3656472362,"PER_SHARES":10000,"TOTAL_MARKET_CAP":1791671457.38,"HKSK_MARKET_CAP":1791671457.38,"PE_TTM":-5.418093634629,"PB_TTM":1.345746306879,"REPORT_DATE_SQ":"2020-12-31 00:00:00","REPORT_TYPE_SQ":"2020年年报","OPERATE_INCOME_SQ":532906248.64,"DPS_HKD":null,"OPERATE_INCOME_QOQ_SQ":123.273639766413,"NET_PROFIT_RATIO_SQ":-37.3341693305,"HOLDER_PROFIT_SQ":-198956121.24,"HOLDER_PROFIT_QOQ_SQ":-16.95147314278,"ROE_AVG_SQ":-18.348616020023,"PE_TTM_SQ":9.123202828837,"PB_TTM_SQ":1.498314942563,"ROA_SQ":-13.128759770927,"START_DATE":"2021-01-01 00:00:00","FISCAL_YEAR":"12-31","CURRENCY":"HKD","IS_CNY_CODE":0,"DPS_HKD_LY":null,"ORG_TYPE":"一般企业","PREMIUM_INCOME":null,"PREMIUM_INCOME_YOY":null,"NET_INTEREST_INCOME":null,"NET_INTEREST_INCOME_YOY":null,"FEE_COMMISSION_INCOME":null,"FEE_COMMISSION_INCOME_YOY":null,"ACCOUNTS_RECE_TDAYS":0.329741334433,"INVENTORY_TDAYS":null,"CURRENT_ASSETS_TDAYS":0.133971352586,"TOTAL_ASSETS_TDAYS":0.07903212806,"PREMIUM_EXPENSE":null,"LOAN_DEPOSIT":null,"LOAN_EQUITY":null,"LOAN_ASSETS":null,"DEPOSIT_EQUITY":null,"DEPOSIT_ASSETS":null,"EQUITY_MULTIPLIER":1.366361600441,"EQUITY_RATIO":0.366361600441},{"SECUCODE":"01003.HK","SECURITY_CODE":"01003","SECURITY_NAME_ABBR":"欢喜传媒","ORG_CODE":"10009202","STD_REPORT_DATE":"2021-06-30 00:00:00","REPORT_DATE":"2021-06-30 00:00:00","DATE_TYPE_CODE":"002","REPORT_TYPE":"2021年中报","PER_NETCASH_OPERATE":-0.081490293706,"PER_OI":0.034336310274,"BPS":0.405075944747,"BASIC_EPS":-0.0249624,"DILUTED_EPS":-0.0249624,"OPERATE_INCOME":126248170.08,"OPERATE_INCOME_YOY":-69.1654557833,"GROSS_PROFIT":-12254042.16,"GROSS_PROFIT_YOY":-110.54783798023,"HOLDER_PROFIT":-80883168.48,"HOLDER_PROFIT_YOY":-578.1171609857,"GROSS_PROFIT_RATIO":-9.706312695253,"EPS_TTM":-0.081160094392,"OPERATE_INCOME_QOQ":-60.653010608316,"NET_PROFIT_RATIO":-64.0668046347,"ROE_AVG":-6.025497065076,"GROSS_PROFIT_QOQ":-832.713915720837,"ROA":-4.886446151746,"HOLDER_PROFIT_QOQ":-49.988065961554,"ROE_YEARLY":-12.050994130152,"ROIC_YEARLY":-10.848626636924,"TOTAL_ASSETS":1858022990.88,"TOTAL_LIABILITIES":376873994.4,"TAX_EBT":null,"OCF_SALES":-237.329791861645,"TOTAL_PARENT_EQUITY":1481148996.48,"DEBT_ASSET_RATIO":20.2836023155,"OPERATE_PROFIT":-79367950.8,"PRETAX_PROFIT":-80883168.48,"NETCASH_OPERATE":-299624519.28,"NETCASH_INVEST":89032.56,"NETCASH_FINANCE":389143014,"END_CASH":209993693.76,"DIVI_RATIO":null,"DIVIDEND_RATE":null,"CURRENT_RATIO":3.300812487581,"COMMON_ACS":50000000000,"CURRENTDEBT_DEBT":100,"ISSUED_COMMON_SHARES":3656472362,"HK_COMMON_SHARES":3656472362,"PER_SHARES":10000,"TOTAL_MARKET_CAP":1791671457.38,"HKSK_MARKET_CAP":1791671457.38,"PE_TTM":-5.418093634629,"PB_TTM":1.345746306879,"REPORT_DATE_SQ":"2020-06-30 00:00:00","REPORT_TYPE_SQ":"2020年中报","OPERATE_INCOME_SQ":449471853.6,"DPS_HKD":null,"OPERATE_INCOME_QOQ_SQ":-67.283947071952,"NET_PROFIT_RATIO_SQ":4.1317712091,"HOLDER_PROFIT_SQ":18571148.64,"HOLDER_PROFIT_QOQ_SQ":-280.690423038433,"ROE_AVG_SQ":1.800999758166,"PE_TTM_SQ":9.123202828837,"PB_TTM_SQ":1.498314942563,"ROA_SQ":1.202660511493,"START_DATE":"2021-01-01 00:00:00","FISCAL_YEAR":"12-31","CURRENCY":"HKD","IS_CNY_CODE":0,"DPS_HKD_LY":null,"ORG_TYPE":"一般企业","PREMIUM_INCOME":null,"PREMIUM_INCOME_YOY":null,"NET_INTEREST_INCOME":null,"NET_INTEREST_INCOME_YOY":null,"FEE_COMMISSION_INCOME":null,"FEE_COMMISSION_INCOME_YOY":null,"ACCOUNTS_RECE_TDAYS":0.313740167575,"INVENTORY_TDAYS":null,"CURRENT_ASSETS_TDAYS":0.120388032132,"TOTAL_ASSETS_TDAYS":0.076271107629,"PREMIUM_EXPENSE":null,"LOAN_DEPOSIT":null,"LOAN_EQUITY":null,"LOAN_ASSETS":null,"DEPOSIT_EQUITY":null,"DEPOSIT_ASSETS":null,"EQUITY_MULTIPLIER":1.254447051105,"EQUITY_RATIO":0.254447051104},{"SECUCODE":"01003.HK","SECURITY_CODE":"01003","SECURITY_NAME_ABBR":"欢喜传媒","ORG_CODE":"10009202","STD_REPORT_DATE":"2020-12-31 00:00:00","REPORT_DATE":"2020-12-31 00:00:00","DATE_TYPE_CODE":"001","REPORT_TYPE":"2020年年报","PER_NETCASH_OPERATE":-0.13876763724,"PER_OI":0.153454454041,"BPS":0.332937254708,"BASIC_EPS":-0.0589148,"DILUTED_EPS":-0.0589148,"OPERATE_INCOME":532906248.64,"OPERATE_INCOME_YOY":-22.2548423735,"GROSS_PROFIT":-15423053,"GROSS_PROFIT_YOY":-105.012213995247,"HOLDER_PROFIT":-198956121.24,"HOLDER_PROFIT_YOY":-324.9136561278,"GROSS_PROFIT_RATIO":-2.894140017941,"EPS_TTM":-0.057290945717,"OPERATE_INCOME_QOQ":123.273639766413,"NET_PROFIT_RATIO":-37.3341693305,"ROE_AVG":-18.348616020023,"GROSS_PROFIT_QOQ":-200.660256437149,"ROA":-13.128759770927,"HOLDER_PROFIT_QOQ":-16.95147314278,"ROE_YEARLY":-18.348616020023,"ROIC_YEARLY":-14.761641002456,"TOTAL_ASSETS":1469176042.04,"TOTAL_LIABILITIES":251800171.92,"TAX_EBT":null,"OCF_SALES":-90.429201359496,"TOTAL_PARENT_EQUITY":1217375870.12,"DEBT_ASSET_RATIO":17.1388700002,"OPERATE_PROFIT":-197843473.16,"PRETAX_PROFIT":-202125737.48,"NETCASH_OPERATE":-481902864.64,"NETCASH_INVEST":1172404.52,"NETCASH_FINANCE":381879000.48,"END_CASH":119630709.6,"DIVI_RATIO":null,"DIVIDEND_RATE":null,"CURRENT_RATIO":3.477010442094,"COMMON_ACS":50000000000,"CURRENTDEBT_DEBT":98.590136975312,"ISSUED_COMMON_SHARES":3656472362,"HK_COMMON_SHARES":3656472362,"PER_SHARES":10000,"TOTAL_MARKET_CAP":1791671457.38,"HKSK_MARKET_CAP":1791671457.38,"PE_TTM":-5.418093634629,"PB_TTM":1.345746306879,"REPORT_DATE_SQ":"2019-12-31 00:00:00","REPORT_TYPE_SQ":"2019年年报","OPERATE_INCOME_SQ":729545626.5,"DPS_HKD":null,"OPERATE_INCOME_QOQ_SQ":-28.594796202006,"NET_PROFIT_RATIO_SQ":12.9051785002,"HOLDER_PROFIT_SQ":94149165.34,"HOLDER_PROFIT_QOQ_SQ":841.071603824809,"ROE_AVG_SQ":11.750586115027,"PE_TTM_SQ":9.123202828837,"PB_TTM_SQ":1.498314942563,"ROA_SQ":5.922872426604,"START_DATE":"2020-01-01 00:00:00","FISCAL_YEAR":"12-31","CURRENCY":"HKD","IS_CNY_CODE":0,"DPS_HKD_LY":null,"ORG_TYPE":"一般企业","PREMIUM_INCOME":null,"PREMIUM_INCOME_YOY":null,"NET_INTEREST_INCOME":null,"NET_INTEREST_INCOME_YOY":null,"FEE_COMMISSION_INCOME":null,"FEE_COMMISSION_INCOME_YOY":null,"ACCOUNTS_RECE_TDAYS":null,"INVENTORY_TDAYS":null,"CURRENT_ASSETS_TDAYS":0.564634961967,"TOTAL_ASSETS_TDAYS":0.351655333609,"PREMIUM_EXPENSE":null,"LOAN_DEPOSIT":null,"LOAN_EQUITY":null,"LOAN_ASSETS":null,"DEPOSIT_EQUITY":null,"DEPOSIT_ASSETS":null,"EQUITY_MULTIPLIER":1.206838477827,"EQUITY_RATIO":0.206838477828},{"SECUCODE":"01003.HK","SECURITY_CODE":"01003","SECURITY_NAME_ABBR":"欢喜传媒","ORG_CODE":"10009202","STD_REPORT_DATE":"2020-06-30 00:00:00","REPORT_DATE":"2020-06-30 00:00:00","DATE_TYPE_CODE":"002","REPORT_TYPE":"2020年中报","PER_NETCASH_OPERATE":-0.035271611561,"PER_OI":0.142478906717,"BPS":0.281669902867,"BASIC_EPS":0.0091344,"DILUTED_EPS":0.0091344,"OPERATE_INCOME":449471853.6,"OPERATE_INCOME_YOY":-53.9687365526,"GROSS_PROFIT":116175866.4,"GROSS_PROFIT_YOY":-71.564786184054,"HOLDER_PROFIT":18571148.64,"HOLDER_PROFIT_YOY":-93.6768346541,"GROSS_PROFIT_RATIO":25.847194984403,"EPS_TTM":-0.053926183097,"OPERATE_INCOME_QOQ":-67.283947071952,"NET_PROFIT_RATIO":4.1317712091,"ROE_AVG":1.800999758166,"GROSS_PROFIT_QOQ":-95.020662401773,"ROA":1.202660511493,"HOLDER_PROFIT_QOQ":-280.690423038433,"ROE_YEARLY":3.601999516332,"ROIC_YEARLY":2.745046282404,"TOTAL_ASSETS":1393450893.12,"TOTAL_LIABILITIES":363532678.08,"TAX_EBT":47.573140868669,"OCF_SALES":-24.755672522939,"TOTAL_PARENT_EQUITY":1029918215.04,"DEBT_ASSET_RATIO":26.0886608832,"OPERATE_PROFIT":35283446.88,"PRETAX_PROFIT":35436904.8,"NETCASH_OPERATE":-111269780.16,"NETCASH_INVEST":519747.36,"NETCASH_FINANCE":31273445.28,"END_CASH":148185544.32,"DIVI_RATIO":null,"DIVIDEND_RATE":null,"CURRENT_RATIO":2.252126100657,"COMMON_ACS":50000000000,"CURRENTDEBT_DEBT":96.880009648678,"ISSUED_COMMON_SHARES":3656472362,"HK_COMMON_SHARES":3656472362,"PER_SHARES":10000,"TOTAL_MARKET_CAP":1791671457.38,"HKSK_MARKET_CAP":1791671457.38,"PE_TTM":-5.418093634629,"PB_TTM":1.345746306879,"REPORT_DATE_SQ":"2019-06-30 00:00:00","REPORT_TYPE_SQ":"2019年中报","OPERATE_INCOME_SQ":940338946.8,"DPS_HKD":null,"OPERATE_INCOME_QOQ_SQ":567.721743289275,"NET_PROFIT_RATIO_SQ":30.0783924863,"HOLDER_PROFIT_SQ":282838839.12,"HOLDER_PROFIT_QOQ_SQ":96.739435770249,"ROE_AVG_SQ":31.840210728539,"PE_TTM_SQ":9.123202828837,"PB_TTM_SQ":1.498314942563,"ROA_SQ":18.27035329301,"START_DATE":"2020-01-01 00:00:00","FISCAL_YEAR":"12-31","CURRENCY":"HKD","IS_CNY_CODE":0,"DPS_HKD_LY":null,"ORG_TYPE":"一般企业","PREMIUM_INCOME":null,"PREMIUM_INCOME_YOY":null,"NET_INTEREST_INCOME":null,"NET_INTEREST_INCOME_YOY":null,"FEE_COMMISSION_INCOME":null,"FEE_COMMISSION_INCOME_YOY":null,"ACCOUNTS_RECE_TDAYS":2.563659713919,"INVENTORY_TDAYS":null,"CURRENT_ASSETS_TDAYS":0.471882129442,"TOTAL_ASSETS_TDAYS":0.291076260188,"PREMIUM_EXPENSE":null,"LOAN_DEPOSIT":null,"LOAN_EQUITY":null,"LOAN_ASSETS":null,"DEPOSIT_EQUITY":null,"DEPOSIT_ASSETS":null,"EQUITY_MULTIPLIER":1.352972374671,"EQUITY_RATIO":0.352972374671}],"count":48},"success":true,"message":"ok","code":0}