{"version":"1c8feb563e3c50af18bf1d0e000204f6","result":{"pages":5,"data":[{"SECUCODE":"01008.HK","SECURITY_CODE":"01008","SECURITY_NAME_ABBR":"力图控股","ORG_CODE":"10125953","STD_REPORT_DATE":"2024-06-30 00:00:00","REPORT_DATE":"2024-06-30 00:00:00","DATE_TYPE_CODE":"002","REPORT_TYPE":"2024年中报","PER_NETCASH_OPERATE":0.046258468249,"PER_OI":0.185458812679,"BPS":1.231574161087,"BASIC_EPS":0.01642824,"DILUTED_EPS":0.01642824,"OPERATE_INCOME":290778022.64,"OPERATE_INCOME_YOY":-5.0265307339,"GROSS_PROFIT":72145528.64,"GROSS_PROFIT_YOY":40.490940204564,"HOLDER_PROFIT":26295223.48,"HOLDER_PROFIT_YOY":156.1727432248,"GROSS_PROFIT_RATIO":24.81120408791,"EPS_TTM":-0.047789652705,"OPERATE_INCOME_QOQ":-2.850010546826,"NET_PROFIT_RATIO":8.6563631912,"ROE_AVG":1.356684831297,"GROSS_PROFIT_QOQ":18.047062752141,"ROA":1.064816662749,"HOLDER_PROFIT_QOQ":49.54714693495,"ROE_YEARLY":2.713369662595,"ROIC_YEARLY":2.55211230676,"TOTAL_ASSETS":2462338538.28,"TOTAL_LIABILITIES":510084074.48,"TAX_EBT":26.249272663796,"OCF_SALES":24.942717782284,"TOTAL_PARENT_EQUITY":1930966202.8,"DEBT_ASSET_RATIO":20.7154323644,"OPERATE_PROFIT":41020402.6,"PRETAX_PROFIT":39213296.2,"NETCASH_OPERATE":72527941.56,"NETCASH_INVEST":3982022.84,"NETCASH_FINANCE":72903965.72,"END_CASH":457793899.24,"DIVI_RATIO":-0.381957159487,"DIVIDEND_RATE":13.698630136986,"CURRENT_RATIO":2.212822258247,"COMMON_ACS":10000000000,"CURRENTDEBT_DEBT":90.94663312375,"ISSUED_COMMON_SHARES":1567884634,"HK_COMMON_SHARES":1567884634,"PER_SHARES":2000,"TOTAL_MARKET_CAP":228911156.564,"HKSK_MARKET_CAP":228911156.564,"PE_TTM":-2.732288810742,"PB_TTM":0.108195904242,"REPORT_DATE_SQ":"2023-06-30 00:00:00","REPORT_TYPE_SQ":"2023年中报","OPERATE_INCOME_SQ":309287410.8,"DPS_HKD":0.02,"OPERATE_INCOME_QOQ_SQ":-11.46075643104,"NET_PROFIT_RATIO_SQ":-15.3988553032,"HOLDER_PROFIT_SQ":-47288354.2,"HOLDER_PROFIT_QOQ_SQ":-1110.19947739157,"ROE_AVG_SQ":-2.186037362954,"PE_TTM_SQ":-4.850908172061,"PB_TTM_SQ":0.13353385684,"ROA_SQ":-1.691709452777,"START_DATE":"2024-01-01 00:00:00","FISCAL_YEAR":"12-31","CURRENCY":"HKD","IS_CNY_CODE":0,"DPS_HKD_LY":0.02,"ORG_TYPE":"一般企业","PREMIUM_INCOME":null,"PREMIUM_INCOME_YOY":null,"NET_INTEREST_INCOME":null,"NET_INTEREST_INCOME_YOY":null,"FEE_COMMISSION_INCOME":null,"FEE_COMMISSION_INCOME_YOY":null,"ACCOUNTS_RECE_TDAYS":1.385368314175,"INVENTORY_TDAYS":4.519768681428,"CURRENT_ASSETS_TDAYS":0.28990758569,"TOTAL_ASSETS_TDAYS":0.117749630044,"PREMIUM_EXPENSE":null,"LOAN_DEPOSIT":null,"LOAN_EQUITY":null,"LOAN_ASSETS":null,"DEPOSIT_EQUITY":null,"DEPOSIT_ASSETS":null,"EQUITY_MULTIPLIER":1.261279502205,"EQUITY_RATIO":0.264160021931},{"SECUCODE":"01008.HK","SECURITY_CODE":"01008","SECURITY_NAME_ABBR":"力图控股","ORG_CODE":"10125953","STD_REPORT_DATE":"2023-12-31 00:00:00","REPORT_DATE":"2023-12-31 00:00:00","DATE_TYPE_CODE":"001","REPORT_TYPE":"2023年年报","PER_NETCASH_OPERATE":0.07772679859,"PER_OI":0.414220407979,"BPS":1.23201524539,"BASIC_EPS":-0.0951531,"DILUTED_EPS":-0.0951531,"OPERATE_INCOME":649449812.76,"OPERATE_INCOME_YOY":-22.8134306255,"GROSS_PROFIT":115215904.58,"GROSS_PROFIT_YOY":29.415714416668,"HOLDER_PROFIT":-148512239.82,"HOLDER_PROFIT_YOY":-2741.5377176015,"GROSS_PROFIT_RATIO":17.74054011816,"EPS_TTM":-0.094721407812,"OPERATE_INCOME_QOQ":-16.590882705032,"NET_PROFIT_RATIO":-22.841997159,"ROE_AVG":-7.154123090503,"GROSS_PROFIT_QOQ":20.279013484741,"ROA":-5.547589210093,"HOLDER_PROFIT_QOQ":-165.277594470488,"ROE_YEARLY":-7.154123090503,"ROIC_YEARLY":-6.304633346336,"TOTAL_ASSETS":2459052437.94,"TOTAL_LIABILITIES":504648543.84,"TAX_EBT":-11.703056143765,"OCF_SALES":18.764599013756,"TOTAL_PARENT_EQUITY":1931657772.1,"DEBT_ASSET_RATIO":20.5220733016,"OPERATE_PROFIT":-95292657.88,"PRETAX_PROFIT":-126675056.48,"NETCASH_OPERATE":121866653.16,"NETCASH_INVEST":20347357.66,"NETCASH_FINANCE":-104967462.6,"END_CASH":313369063.56,"DIVI_RATIO":-0.192708284448,"DIVIDEND_RATE":12.578616352201,"CURRENT_RATIO":2.166017103263,"COMMON_ACS":10000000000,"CURRENTDEBT_DEBT":88.972151589593,"ISSUED_COMMON_SHARES":1567884634,"HK_COMMON_SHARES":1567884634,"PER_SHARES":2000,"TOTAL_MARKET_CAP":249293656.806,"HKSK_MARKET_CAP":249293656.806,"PE_TTM":-2.97557480074,"PB_TTM":0.117829786127,"REPORT_DATE_SQ":"2022-12-31 00:00:00","REPORT_TYPE_SQ":"2022年年报","OPERATE_INCOME_SQ":829378863.25,"DPS_HKD":0.02,"OPERATE_INCOME_QOQ_SQ":-12.547446820734,"NET_PROFIT_RATIO_SQ":0.9563278635,"HOLDER_PROFIT_SQ":5541847.08,"HOLDER_PROFIT_QOQ_SQ":-30.297520527607,"ROE_AVG_SQ":0.243448110511,"PE_TTM_SQ":-4.317562247384,"PB_TTM_SQ":0.118852123889,"ROA_SQ":0.185501297522,"START_DATE":"2023-01-01 00:00:00","FISCAL_YEAR":"12-31","CURRENCY":"HKD","IS_CNY_CODE":0,"DPS_HKD_LY":0.04,"ORG_TYPE":"一般企业","PREMIUM_INCOME":null,"PREMIUM_INCOME_YOY":null,"NET_INTEREST_INCOME":null,"NET_INTEREST_INCOME_YOY":null,"FEE_COMMISSION_INCOME":null,"FEE_COMMISSION_INCOME_YOY":null,"ACCOUNTS_RECE_TDAYS":2.363382734126,"INVENTORY_TDAYS":6.730859912427,"CURRENT_ASSETS_TDAYS":0.704438458283,"TOTAL_ASSETS_TDAYS":0.242598238242,"PREMIUM_EXPENSE":null,"LOAN_DEPOSIT":null,"LOAN_EQUITY":null,"LOAN_ASSETS":null,"DEPOSIT_EQUITY":null,"DEPOSIT_ASSETS":null,"EQUITY_MULTIPLIER":1.258210979502,"EQUITY_RATIO":0.261251527641},{"SECUCODE":"01008.HK","SECURITY_CODE":"01008","SECURITY_NAME_ABBR":"力图控股","ORG_CODE":"10125953","STD_REPORT_DATE":"2023-06-30 00:00:00","REPORT_DATE":"2023-06-30 00:00:00","DATE_TYPE_CODE":"002","REPORT_TYPE":"2023年中报","PER_NETCASH_OPERATE":0.057956116713,"PER_OI":0.197264137994,"BPS":1.318753042617,"BASIC_EPS":-0.03042534,"DILUTED_EPS":-0.03042534,"OPERATE_INCOME":309287410.8,"OPERATE_INCOME_YOY":-30.041667188,"GROSS_PROFIT":51352442.04,"GROSS_PROFIT_YOY":7.798347912426,"HOLDER_PROFIT":-47288354.2,"HOLDER_PROFIT_YOY":-408.0850552619,"GROSS_PROFIT_RATIO":16.603469862279,"EPS_TTM":-0.035706523953,"OPERATE_INCOME_QOQ":-11.46075643104,"NET_PROFIT_RATIO":-15.3988553032,"ROE_AVG":-2.186037362954,"GROSS_PROFIT_QOQ":4.034661312276,"ROA":-1.691709452777,"HOLDER_PROFIT_QOQ":-1110.19947739157,"ROE_YEARLY":-4.372074725909,"ROIC_YEARLY":-3.82647613367,"TOTAL_ASSETS":2645186435.44,"TOTAL_LIABILITIES":555244015.4,"TAX_EBT":-20.688275310124,"OCF_SALES":29.379955881476,"TOTAL_PARENT_EQUITY":2067652631.56,"DEBT_ASSET_RATIO":20.9907327499,"OPERATE_PROFIT":-35132969.88,"PRETAX_PROFIT":-32256392.28,"NETCASH_OPERATE":90868504.84,"NETCASH_INVEST":-5534645.94,"NETCASH_FINANCE":-40542226.54,"END_CASH":312901572.4,"DIVI_RATIO":-0.511211901328,"DIVIDEND_RATE":12.578616352201,"CURRENT_RATIO":1.693472801181,"COMMON_ACS":10000000000,"CURRENTDEBT_DEBT":89.786626371984,"ISSUED_COMMON_SHARES":1567884634,"HK_COMMON_SHARES":1567884634,"PER_SHARES":2000,"TOTAL_MARKET_CAP":249293656.806,"HKSK_MARKET_CAP":249293656.806,"PE_TTM":-2.97557480074,"PB_TTM":0.117829786127,"REPORT_DATE_SQ":"2022-06-30 00:00:00","REPORT_TYPE_SQ":"2022年中报","OPERATE_INCOME_SQ":410075577.66,"DPS_HKD":0.02,"OPERATE_INCOME_QOQ_SQ":6.134092992027,"NET_PROFIT_RATIO_SQ":3.4806418395,"HOLDER_PROFIT_SQ":14237203.12,"HOLDER_PROFIT_QOQ_SQ":12.708142242932,"ROE_AVG_SQ":0.637135370791,"PE_TTM_SQ":-4.317562247384,"PB_TTM_SQ":0.118852123889,"ROA_SQ":0.475138834266,"START_DATE":"2023-01-01 00:00:00","FISCAL_YEAR":"12-31","CURRENCY":"HKD","IS_CNY_CODE":0,"DPS_HKD_LY":0.04,"ORG_TYPE":"一般企业","PREMIUM_INCOME":null,"PREMIUM_INCOME_YOY":null,"NET_INTEREST_INCOME":null,"NET_INTEREST_INCOME_YOY":null,"FEE_COMMISSION_INCOME":null,"FEE_COMMISSION_INCOME_YOY":null,"ACCOUNTS_RECE_TDAYS":1.097727384283,"INVENTORY_TDAYS":3.018156710863,"CURRENT_ASSETS_TDAYS":0.357401979742,"TOTAL_ASSETS_TDAYS":0.110645516286,"PREMIUM_EXPENSE":null,"LOAN_DEPOSIT":null,"LOAN_EQUITY":null,"LOAN_ASSETS":null,"DEPOSIT_EQUITY":null,"DEPOSIT_ASSETS":null,"EQUITY_MULTIPLIER":1.2656743124,"EQUITY_RATIO":0.268538344848},{"SECUCODE":"01008.HK","SECURITY_CODE":"01008","SECURITY_NAME_ABBR":"力图控股","ORG_CODE":"10125953","STD_REPORT_DATE":"2022-12-31 00:00:00","REPORT_DATE":"2022-12-31 00:00:00","DATE_TYPE_CODE":"001","REPORT_TYPE":"2022年年报","PER_NETCASH_OPERATE":0.142202183812,"PER_OI":0.528979521366,"BPS":1.395772694645,"BASIC_EPS":0.00357308,"DILUTED_EPS":0.00357308,"OPERATE_INCOME":829378863.25,"OPERATE_INCOME_YOY":-15.0456658831,"GROSS_PROFIT":89027754.55,"GROSS_PROFIT_YOY":-32.570960958221,"HOLDER_PROFIT":5541847.08,"HOLDER_PROFIT_YOY":-28.0945757997,"GROSS_PROFIT_RATIO":10.470037938232,"EPS_TTM":0.003534601309,"OPERATE_INCOME_QOQ":-12.547446820734,"NET_PROFIT_RATIO":0.9563278635,"ROE_AVG":0.243448110511,"GROSS_PROFIT_QOQ":-25.909458751112,"ROA":0.185501297522,"HOLDER_PROFIT_QOQ":-30.297520527607,"ROE_YEARLY":0.243448110511,"ROIC_YEARLY":0.210901435364,"TOTAL_ASSETS":2853694831.47,"TOTAL_LIABILITIES":642729203.48,"TAX_EBT":117.54863283907,"OCF_SALES":25.352693512918,"TOTAL_PARENT_EQUITY":2188410560.49,"DEBT_ASSET_RATIO":22.5227027218,"OPERATE_PROFIT":14065429.42,"PRETAX_PROFIT":6566427.77,"NETCASH_OPERATE":222956618.92,"NETCASH_INVEST":-258699924.7,"NETCASH_FINANCE":-55927634.7,"END_CASH":279854344.84,"DIVI_RATIO":5.164259955578,"DIVIDEND_RATE":12.578616352201,"CURRENT_RATIO":1.501317827521,"COMMON_ACS":10000000000,"CURRENTDEBT_DEBT":89.009956582407,"ISSUED_COMMON_SHARES":1567884634,"HK_COMMON_SHARES":1567884634,"PER_SHARES":2000,"TOTAL_MARKET_CAP":249293656.806,"HKSK_MARKET_CAP":249293656.806,"PE_TTM":-2.97557480074,"PB_TTM":0.117829786127,"REPORT_DATE_SQ":"2021-12-31 00:00:00","REPORT_TYPE_SQ":"2021年年报","OPERATE_INCOME_SQ":947477395.2,"DPS_HKD":0.02,"OPERATE_INCOME_QOQ_SQ":0.756195720587,"NET_PROFIT_RATIO_SQ":0.9165967699,"HOLDER_PROFIT_SQ":7054252.8,"HOLDER_PROFIT_QOQ_SQ":112.83318933085,"ROE_AVG_SQ":0.319950576017,"PE_TTM_SQ":-4.317562247384,"PB_TTM_SQ":0.118852123889,"ROA_SQ":0.243621489347,"START_DATE":"2022-01-01 00:00:00","FISCAL_YEAR":"12-31","CURRENCY":"HKD","IS_CNY_CODE":0,"DPS_HKD_LY":null,"ORG_TYPE":"一般企业","PREMIUM_INCOME":null,"PREMIUM_INCOME_YOY":null,"NET_INTEREST_INCOME":null,"NET_INTEREST_INCOME_YOY":null,"FEE_COMMISSION_INCOME":null,"FEE_COMMISSION_INCOME_YOY":null,"ACCOUNTS_RECE_TDAYS":2.54924625668,"INVENTORY_TDAYS":7.858191689958,"CURRENT_ASSETS_TDAYS":0.935212126566,"TOTAL_ASSETS_TDAYS":0.29436669875,"PREMIUM_EXPENSE":null,"LOAN_DEPOSIT":null,"LOAN_EQUITY":null,"LOAN_ASSETS":null,"DEPOSIT_EQUITY":null,"DEPOSIT_ASSETS":null,"EQUITY_MULTIPLIER":1.290700676366,"EQUITY_RATIO":0.293696811322},{"SECUCODE":"01008.HK","SECURITY_CODE":"01008","SECURITY_NAME_ABBR":"力图控股","ORG_CODE":"10125953","STD_REPORT_DATE":"2022-06-30 00:00:00","REPORT_DATE":"2022-06-30 00:00:00","DATE_TYPE_CODE":"002","REPORT_TYPE":"2022年中报","PER_NETCASH_OPERATE":0.099798962064,"PER_OI":0.261547035265,"BPS":1.406696885046,"BASIC_EPS":0.00940709,"DILUTED_EPS":0.00940709,"OPERATE_INCOME":410075577.66,"OPERATE_INCOME_YOY":12.3615479587,"GROSS_PROFIT":47637503.76,"GROSS_PROFIT_YOY":-16.104526337959,"HOLDER_PROFIT":14237203.12,"HOLDER_PROFIT_YOY":3.8358385829,"GROSS_PROFIT_RATIO":11.308732378807,"EPS_TTM":0.005070983609,"OPERATE_INCOME_QOQ":6.134092992027,"NET_PROFIT_RATIO":3.4806418395,"ROE_AVG":0.637135370791,"GROSS_PROFIT_QOQ":-5.875365655929,"ROA":0.475138834266,"HOLDER_PROFIT_QOQ":12.708142242932,"ROE_YEARLY":1.274270741583,"ROIC_YEARLY":1.088312279206,"TOTAL_ASSETS":3004620270.05,"TOTAL_LIABILITIES":776391938.21,"TAX_EBT":35.454217736121,"OCF_SALES":36.09439791051,"TOTAL_PARENT_EQUITY":2205538430.76,"DEBT_ASSET_RATIO":25.8399354471,"OPERATE_PROFIT":-67560.01,"PRETAX_PROFIT":18978376.48,"NETCASH_OPERATE":156473259.11,"NETCASH_INVEST":-239417282.02,"NETCASH_FINANCE":57800581.72,"END_CASH":337995888.51,"DIVI_RATIO":3.599617235438,"DIVIDEND_RATE":12.578616352201,"CURRENT_RATIO":1.246714630367,"COMMON_ACS":10000000000,"CURRENTDEBT_DEBT":91.906452433693,"ISSUED_COMMON_SHARES":1567884634,"HK_COMMON_SHARES":1567884634,"PER_SHARES":2000,"TOTAL_MARKET_CAP":249293656.806,"HKSK_MARKET_CAP":249293656.806,"PE_TTM":-2.97557480074,"PB_TTM":0.117829786127,"REPORT_DATE_SQ":"2021-06-30 00:00:00","REPORT_TYPE_SQ":"2021年中报","OPERATE_INCOME_SQ":375392059.92,"DPS_HKD":0.02,"OPERATE_INCOME_QOQ_SQ":-16.584301967552,"NET_PROFIT_RATIO_SQ":3.8246787647,"HOLDER_PROFIT_SQ":13340738.64,"HOLDER_PROFIT_QOQ_SQ":-832.6030163634,"ROE_AVG_SQ":0.596768154102,"PE_TTM_SQ":-4.317562247384,"PB_TTM_SQ":0.118852123889,"ROA_SQ":0.455834542836,"START_DATE":"2022-01-01 00:00:00","FISCAL_YEAR":"12-31","CURRENCY":"HKD","IS_CNY_CODE":0,"DPS_HKD_LY":null,"ORG_TYPE":"一般企业","PREMIUM_INCOME":null,"PREMIUM_INCOME_YOY":null,"NET_INTEREST_INCOME":null,"NET_INTEREST_INCOME_YOY":null,"FEE_COMMISSION_INCOME":null,"FEE_COMMISSION_INCOME_YOY":null,"ACCOUNTS_RECE_TDAYS":1.339817544252,"INVENTORY_TDAYS":3.810537646256,"CURRENT_ASSETS_TDAYS":0.46418660573,"TOTAL_ASSETS_TDAYS":0.144675893554,"PREMIUM_EXPENSE":null,"LOAN_DEPOSIT":null,"LOAN_EQUITY":null,"LOAN_ASSETS":null,"DEPOSIT_EQUITY":null,"DEPOSIT_ASSETS":null,"EQUITY_MULTIPLIER":1.348434640704,"EQUITY_RATIO":0.352019229129},{"SECUCODE":"01008.HK","SECURITY_CODE":"01008","SECURITY_NAME_ABBR":"力图控股","ORG_CODE":"10125953","STD_REPORT_DATE":"2021-12-31 00:00:00","REPORT_DATE":"2021-12-31 00:00:00","DATE_TYPE_CODE":"001","REPORT_TYPE":"2021年年报","PER_NETCASH_OPERATE":0.196208193211,"PER_OI":0.604303004605,"BPS":1.380264060423,"BASIC_EPS":0.0049056,"DILUTED_EPS":0.0049056,"OPERATE_INCOME":947477395.2,"OPERATE_INCOME_YOY":-13.4822862407,"GROSS_PROFIT":132031771.2,"GROSS_PROFIT_YOY":-40.975399992935,"HOLDER_PROFIT":7054252.8,"HOLDER_PROFIT_YOY":-3.2192933259,"GROSS_PROFIT_RATIO":13.935084031438,"EPS_TTM":0.004499216745,"OPERATE_INCOME_QOQ":0.756195720587,"NET_PROFIT_RATIO":0.9165967699,"ROE_AVG":0.319950576017,"GROSS_PROFIT_QOQ":-15.815089817707,"ROA":0.243621489347,"HOLDER_PROFIT_QOQ":112.83318933085,"ROE_YEARLY":0.319950576017,"ROIC_YEARLY":0.274895082347,"TOTAL_ASSETS":2856891441.6,"TOTAL_LIABILITIES":670972433.6,"TAX_EBT":34.78234174495,"OCF_SALES":32.468511941128,"TOTAL_PARENT_EQUITY":2164094811.2,"DEBT_ASSET_RATIO":23.4861018459,"OPERATE_PROFIT":-32164384,"PRETAX_PROFIT":13316251.2,"NETCASH_OPERATE":307631811.2,"NETCASH_INVEST":-5804960,"NETCASH_FINANCE":-205569168,"END_CASH":360030160,"DIVI_RATIO":4.057061713919,"DIVIDEND_RATE":12.578616352201,"CURRENT_RATIO":1.533903691685,"COMMON_ACS":10000000000,"CURRENTDEBT_DEBT":90.86943329828,"ISSUED_COMMON_SHARES":1567884634,"HK_COMMON_SHARES":1567884634,"PER_SHARES":2000,"TOTAL_MARKET_CAP":249293656.806,"HKSK_MARKET_CAP":249293656.806,"PE_TTM":-2.97557480074,"PB_TTM":0.117829786127,"REPORT_DATE_SQ":"2020-12-31 00:00:00","REPORT_TYPE_SQ":"2020年年报","OPERATE_INCOME_SQ":1127325439.96,"DPS_HKD":0.02,"OPERATE_INCOME_QOQ_SQ":-17.084558064836,"NET_PROFIT_RATIO_SQ":0.6698326688,"HOLDER_PROFIT_SQ":7503220.6,"HOLDER_PROFIT_QOQ_SQ":-95.492076626426,"ROE_AVG_SQ":0.3155335038,"PE_TTM_SQ":-4.317562247384,"PB_TTM_SQ":0.118852123889,"ROA_SQ":0.24640579898,"START_DATE":"2021-01-01 00:00:00","FISCAL_YEAR":"12-31","CURRENCY":"HKD","IS_CNY_CODE":0,"DPS_HKD_LY":0.1,"ORG_TYPE":"一般企业","PREMIUM_INCOME":null,"PREMIUM_INCOME_YOY":null,"NET_INTEREST_INCOME":null,"NET_INTEREST_INCOME_YOY":null,"FEE_COMMISSION_INCOME":null,"FEE_COMMISSION_INCOME_YOY":null,"ACCOUNTS_RECE_TDAYS":2.642547020085,"INVENTORY_TDAYS":8.519426494518,"CURRENT_ASSETS_TDAYS":1.014929425371,"TOTAL_ASSETS_TDAYS":0.327215171734,"PREMIUM_EXPENSE":null,"LOAN_DEPOSIT":null,"LOAN_EQUITY":null,"LOAN_ASSETS":null,"DEPOSIT_EQUITY":null,"DEPOSIT_ASSETS":null,"EQUITY_MULTIPLIER":1.306952101677,"EQUITY_RATIO":0.310047614424},{"SECUCODE":"01008.HK","SECURITY_CODE":"01008","SECURITY_NAME_ABBR":"力图控股","ORG_CODE":"10125953","STD_REPORT_DATE":"2021-06-30 00:00:00","REPORT_DATE":"2021-06-30 00:00:00","DATE_TYPE_CODE":"002","REPORT_TYPE":"2021年中报","PER_NETCASH_OPERATE":0.093779874827,"PER_OI":0.239425817295,"BPS":1.394064753874,"BASIC_EPS":0.0083208,"DILUTED_EPS":0.0083208,"OPERATE_INCOME":375392059.92,"OPERATE_INCOME_YOY":-26.7188182723,"GROSS_PROFIT":56781971.28,"GROSS_PROFIT_YOY":-54.073244827904,"HOLDER_PROFIT":13340738.64,"HOLDER_PROFIT_YOY":-80.6824343049,"GROSS_PROFIT_RATIO":15.126044832195,"EPS_TTM":-0.03505922518,"OPERATE_INCOME_QOQ":-16.584301967552,"NET_PROFIT_RATIO":3.8246787647,"ROE_AVG":0.596768154102,"GROSS_PROFIT_QOQ":-29.886959694732,"ROA":0.455834542836,"HOLDER_PROFIT_QOQ":-832.6030163634,"ROE_YEARLY":1.193536308204,"ROIC_YEARLY":1.023307645863,"TOTAL_ASSETS":2867091399.36,"TOTAL_LIABILITIES":662102697.6,"TAX_EBT":10.544870133237,"OCF_SALES":39.168656031599,"TOTAL_PARENT_EQUITY":2185732706.4,"DEBT_ASSET_RATIO":23.0931841848,"OPERATE_PROFIT":-7139246.4,"PRETAX_PROFIT":16049991.12,"NETCASH_OPERATE":147036024.72,"NETCASH_INVEST":33936382.8,"NETCASH_FINANCE":-100635083.52,"END_CASH":337431738.24,"DIVI_RATIO":-0.520650411017,"DIVIDEND_RATE":12.578616352201,"CURRENT_RATIO":1.472497048951,"COMMON_ACS":10000000000,"CURRENTDEBT_DEBT":91.239757703715,"ISSUED_COMMON_SHARES":1567884634,"HK_COMMON_SHARES":1567884634,"PER_SHARES":2000,"TOTAL_MARKET_CAP":249293656.806,"HKSK_MARKET_CAP":249293656.806,"PE_TTM":-2.97557480074,"PB_TTM":0.117829786127,"REPORT_DATE_SQ":"2020-06-30 00:00:00","REPORT_TYPE_SQ":"2020年中报","OPERATE_INCOME_SQ":562351115.04,"DPS_HKD":0.02,"OPERATE_INCOME_QOQ_SQ":1.468073772111,"NET_PROFIT_RATIO_SQ":13.3879972257,"HOLDER_PROFIT_SQ":75812779.68,"HOLDER_PROFIT_QOQ_SQ":5.6424722231,"ROE_AVG_SQ":2.995175968438,"PE_TTM_SQ":-4.317562247384,"PB_TTM_SQ":0.118852123889,"ROA_SQ":2.155176778923,"START_DATE":"2021-01-01 00:00:00","FISCAL_YEAR":"12-31","CURRENCY":"HKD","IS_CNY_CODE":0,"DPS_HKD_LY":0.1,"ORG_TYPE":"一般企业","PREMIUM_INCOME":null,"PREMIUM_INCOME_YOY":null,"NET_INTEREST_INCOME":null,"NET_INTEREST_INCOME_YOY":null,"FEE_COMMISSION_INCOME":null,"FEE_COMMISSION_INCOME_YOY":null,"ACCOUNTS_RECE_TDAYS":1.071438495162,"INVENTORY_TDAYS":3.257862651925,"CURRENT_ASSETS_TDAYS":0.40850422291,"TOTAL_ASSETS_TDAYS":0.128266262188,"PREMIUM_EXPENSE":null,"LOAN_DEPOSIT":null,"LOAN_EQUITY":null,"LOAN_ASSETS":null,"DEPOSIT_EQUITY":null,"DEPOSIT_ASSETS":null,"EQUITY_MULTIPLIER":1.300274870829,"EQUITY_RATIO":0.302920249883},{"SECUCODE":"01008.HK","SECURITY_CODE":"01008","SECURITY_NAME_ABBR":"力图控股","ORG_CODE":"10125953","STD_REPORT_DATE":"2020-12-31 00:00:00","REPORT_DATE":"2020-12-31 00:00:00","DATE_TYPE_CODE":"001","REPORT_TYPE":"2020年年报","PER_NETCASH_OPERATE":0.204553966998,"PER_OI":0.719010452372,"BPS":1.474291386824,"BASIC_EPS":0.00504984,"DILUTED_EPS":0.00504984,"OPERATE_INCOME":1127325439.96,"OPERATE_INCOME_YOY":-10.4553115221,"GROSS_PROFIT":223689395.92,"GROSS_PROFIT_YOY":-28.173151645127,"HOLDER_PROFIT":7503220.6,"HOLDER_PROFIT_YOY":-94.9313760049,"GROSS_PROFIT_RATIO":19.842486294635,"EPS_TTM":0.004785569319,"OPERATE_INCOME_QOQ":-17.084558064836,"NET_PROFIT_RATIO":0.6698326688,"ROE_AVG":0.3155335038,"GROSS_PROFIT_QOQ":-31.391571362837,"ROA":0.24640579898,"HOLDER_PROFIT_QOQ":-95.492076626426,"ROE_YEARLY":0.3155335038,"ROIC_YEARLY":0.267147482191,"TOTAL_ASSETS":3020543279.92,"TOTAL_LIABILITIES":689346083.64,"TAX_EBT":80.532048778371,"OCF_SALES":28.449373207739,"TOTAL_PARENT_EQUITY":2311518811.44,"DEBT_ASSET_RATIO":22.8219237322,"OPERATE_PROFIT":9975958.92,"PRETAX_PROFIT":38787821.04,"NETCASH_OPERATE":320717021.68,"NETCASH_INVEST":-76340956.2,"NETCASH_FINANCE":-150472607.4,"END_CASH":265445681.24,"DIVI_RATIO":3.814300615816,"DIVIDEND_RATE":12.578616352201,"CURRENT_RATIO":1.524746819355,"COMMON_ACS":10000000000,"CURRENTDEBT_DEBT":91.262937228573,"ISSUED_COMMON_SHARES":1567884634,"HK_COMMON_SHARES":1567884634,"PER_SHARES":2000,"TOTAL_MARKET_CAP":249293656.806,"HKSK_MARKET_CAP":249293656.806,"PE_TTM":-2.97557480074,"PB_TTM":0.117829786127,"REPORT_DATE_SQ":"2019-12-31 00:00:00","REPORT_TYPE_SQ":"2019年年报","OPERATE_INCOME_SQ":1339937284.74,"DPS_HKD":0.02,"OPERATE_INCOME_QOQ_SQ":4.739798348685,"NET_PROFIT_RATIO_SQ":11.825250546,"HOLDER_PROFIT_SQ":157555161.08,"HOLDER_PROFIT_QOQ_SQ":52.294514443381,"ROE_AVG_SQ":6.206320294201,"PE_TTM_SQ":-4.317562247384,"PB_TTM_SQ":0.118852123889,"ROA_SQ":4.639497026885,"START_DATE":"2020-01-01 00:00:00","FISCAL_YEAR":"12-31","CURRENCY":"HKD","IS_CNY_CODE":0,"DPS_HKD_LY":0.1913,"ORG_TYPE":"一般企业","PREMIUM_INCOME":null,"PREMIUM_INCOME_YOY":null,"NET_INTEREST_INCOME":null,"NET_INTEREST_INCOME_YOY":null,"FEE_COMMISSION_INCOME":null,"FEE_COMMISSION_INCOME_YOY":null,"ACCOUNTS_RECE_TDAYS":2.50306052562,"INVENTORY_TDAYS":7.858106871793,"CURRENT_ASSETS_TDAYS":1.176058072432,"TOTAL_ASSETS_TDAYS":0.370213726282,"PREMIUM_EXPENSE":null,"LOAN_DEPOSIT":null,"LOAN_EQUITY":null,"LOAN_ASSETS":null,"DEPOSIT_EQUITY":null,"DEPOSIT_ASSETS":null,"EQUITY_MULTIPLIER":1.295704749792,"EQUITY_RATIO":0.29822213872},{"SECUCODE":"01008.HK","SECURITY_CODE":"01008","SECURITY_NAME_ABBR":"力图控股","ORG_CODE":"10125953","STD_REPORT_DATE":"2020-06-30 00:00:00","REPORT_DATE":"2020-06-30 00:00:00","DATE_TYPE_CODE":"002","REPORT_TYPE":"2020年中报","PER_NETCASH_OPERATE":0.07895428847,"PER_OI":0.358668681895,"BPS":1.536733524337,"BASIC_EPS":0.045672,"DILUTED_EPS":0.045672,"OPERATE_INCOME":562351115.04,"OPERATE_INCOME_YOY":-0.207320236,"GROSS_PROFIT":123635930.88,"GROSS_PROFIT_YOY":13.399557280969,"HOLDER_PROFIT":75812779.68,"HOLDER_PROFIT_YOY":9.0946134231,"GROSS_PROFIT_RATIO":21.985540274283,"EPS_TTM":0.106159065323,"OPERATE_INCOME_QOQ":1.468073772111,"NET_PROFIT_RATIO":13.3879972257,"ROE_AVG":2.995175968438,"GROSS_PROFIT_QOQ":4.690997566394,"ROA":2.155176778923,"HOLDER_PROFIT_QOQ":5.6424722231,"ROE_YEARLY":5.990351936875,"ROIC_YEARLY":4.931376377586,"TOTAL_ASSETS":3703956268.32,"TOTAL_LIABILITIES":1275611652.48,"TAX_EBT":18.567406016895,"OCF_SALES":22.013153769811,"TOTAL_PARENT_EQUITY":2409420879.36,"DEBT_ASSET_RATIO":34.439166126,"OPERATE_PROFIT":86842567.68,"PRETAX_PROFIT":92453829.6,"NETCASH_OPERATE":123791215.68,"NETCASH_INVEST":-9560976.48,"NETCASH_FINANCE":373917577.44,"END_CASH":663330080.16,"DIVI_RATIO":0.171945748999,"DIVIDEND_RATE":12.578616352201,"CURRENT_RATIO":1.241835920956,"COMMON_ACS":10000000000,"CURRENTDEBT_DEBT":93.835482050739,"ISSUED_COMMON_SHARES":1567884634,"HK_COMMON_SHARES":1567884634,"PER_SHARES":2000,"TOTAL_MARKET_CAP":249293656.806,"HKSK_MARKET_CAP":249293656.806,"PE_TTM":-2.97557480074,"PB_TTM":0.117829786127,"REPORT_DATE_SQ":"2019-06-30 00:00:00","REPORT_TYPE_SQ":"2019年中报","OPERATE_INCOME_SQ":542679847.2,"DPS_HKD":0.02,"OPERATE_INCOME_QOQ_SQ":6.82661169279,"NET_PROFIT_RATIO_SQ":12.4212215522,"HOLDER_PROFIT_SQ":66922773.48,"HOLDER_PROFIT_QOQ_SQ":-30.2931746629,"ROE_AVG_SQ":2.719576352648,"PE_TTM_SQ":-4.317562247384,"PB_TTM_SQ":0.118852123889,"ROA_SQ":1.959558067858,"START_DATE":"2020-01-01 00:00:00","FISCAL_YEAR":"12-31","CURRENCY":"HKD","IS_CNY_CODE":0,"DPS_HKD_LY":0.1913,"ORG_TYPE":"一般企业","PREMIUM_INCOME":null,"PREMIUM_INCOME_YOY":null,"NET_INTEREST_INCOME":null,"NET_INTEREST_INCOME_YOY":null,"FEE_COMMISSION_INCOME":null,"FEE_COMMISSION_INCOME_YOY":null,"ACCOUNTS_RECE_TDAYS":1.164739280184,"INVENTORY_TDAYS":3.08245087091,"CURRENT_ASSETS_TDAYS":0.445242314007,"TOTAL_ASSETS_TDAYS":0.15986302967,"PREMIUM_EXPENSE":null,"LOAN_DEPOSIT":null,"LOAN_EQUITY":null,"LOAN_ASSETS":null,"DEPOSIT_EQUITY":null,"DEPOSIT_ASSETS":null,"EQUITY_MULTIPLIER":1.525300916584,"EQUITY_RATIO":0.529426661571}],"count":38},"success":true,"message":"ok","code":0}