{"version":"05d247782cb9c58f2352499c99efd7eb","result":{"pages":5,"data":[{"SECUCODE":"01000.HK","SECURITY_CODE":"01000","SECURITY_NAME_ABBR":"北青传媒","ORG_CODE":"10009199","STD_REPORT_DATE":"2024-06-30 00:00:00","REPORT_DATE":"2024-06-30 00:00:00","DATE_TYPE_CODE":"002","REPORT_TYPE":"2024年中报","PER_NETCASH_OPERATE":-0.282165120876,"PER_OI":0.464913080939,"BPS":3.117241903603,"BASIC_EPS":-0.04,"DILUTED_EPS":-0.04,"OPERATE_INCOME":91732000,"OPERATE_INCOME_YOY":13.7182951925,"GROSS_PROFIT":4847000,"GROSS_PROFIT_YOY":-59.665473911958,"HOLDER_PROFIT":-8227000,"HOLDER_PROFIT_YOY":-98.0024067389,"GROSS_PROFIT_RATIO":5.283870405093,"EPS_TTM":-0.09828189144,"OPERATE_INCOME_QOQ":5.511395330305,"NET_PROFIT_RATIO":-11.0179653774,"ROE_AVG":-1.328789359348,"GROSS_PROFIT_QOQ":-24.619716375373,"ROA":-1.167232642788,"HOLDER_PROFIT_QOQ":-26.579634464752,"ROE_YEARLY":-2.657578718696,"ROIC_YEARLY":-2.637017448965,"TOTAL_ASSETS":698048000,"TOTAL_LIABILITIES":73043000,"TAX_EBT":-0.148632580262,"OCF_SALES":-60.692015872324,"TOTAL_PARENT_EQUITY":615063000,"DEBT_ASSET_RATIO":10.4638936004,"OPERATE_PROFIT":-10800000,"PRETAX_PROFIT":-10092000,"NETCASH_OPERATE":-55674000,"NETCASH_INVEST":37269000,"NETCASH_FINANCE":-404000,"END_CASH":40545000,"DIVI_RATIO":null,"DIVIDEND_RATE":null,"CURRENT_RATIO":4.233875724747,"COMMON_ACS":null,"CURRENTDEBT_DEBT":95.159015922128,"ISSUED_COMMON_SHARES":197310000,"HK_COMMON_SHARES":54901000,"PER_SHARES":500,"TOTAL_MARKET_CAP":78924000,"HKSK_MARKET_CAP":21960400,"PE_TTM":-3.68581656706,"PB_TTM":0.117113785612,"REPORT_DATE_SQ":"2023-06-30 00:00:00","REPORT_TYPE_SQ":"2023年中报","OPERATE_INCOME_SQ":80666000,"DPS_HKD":null,"OPERATE_INCOME_QOQ_SQ":5.340378921318,"NET_PROFIT_RATIO_SQ":-5.3802097538,"HOLDER_PROFIT_SQ":-4155000,"HOLDER_PROFIT_QOQ_SQ":32.940425531915,"ROE_AVG_SQ":-0.675575153468,"PE_TTM_SQ":-4.435485002749,"PB_TTM_SQ":0.112767092611,"ROA_SQ":-0.594360229505,"START_DATE":"2024-01-01 00:00:00","FISCAL_YEAR":"12-31","CURRENCY":"HKD","IS_CNY_CODE":0,"DPS_HKD_LY":null,"ORG_TYPE":"一般企业","PREMIUM_INCOME":null,"PREMIUM_INCOME_YOY":null,"NET_INTEREST_INCOME":null,"NET_INTEREST_INCOME_YOY":null,"FEE_COMMISSION_INCOME":null,"FEE_COMMISSION_INCOME_YOY":null,"ACCOUNTS_RECE_TDAYS":3.502223919061,"INVENTORY_TDAYS":16.595358609493,"CURRENT_ASSETS_TDAYS":0.306014064397,"TOTAL_ASSETS_TDAYS":0.130147787515,"PREMIUM_EXPENSE":null,"LOAN_DEPOSIT":null,"LOAN_EQUITY":null,"LOAN_ASSETS":null,"DEPOSIT_EQUITY":null,"DEPOSIT_ASSETS":null,"EQUITY_MULTIPLIER":1.116867865057,"EQUITY_RATIO":0.118756940346},{"SECUCODE":"01000.HK","SECURITY_CODE":"01000","SECURITY_NAME_ABBR":"北青传媒","ORG_CODE":"10009199","STD_REPORT_DATE":"2023-12-31 00:00:00","REPORT_DATE":"2023-12-31 00:00:00","DATE_TYPE_CODE":"001","REPORT_TYPE":"2023年年报","PER_NETCASH_OPERATE":-0.193543155441,"PER_OI":1.017606811616,"BPS":3.158517054381,"BASIC_EPS":-0.08,"DILUTED_EPS":-0.08,"OPERATE_INCOME":200784000,"OPERATE_INCOME_YOY":26.7599765147,"GROSS_PROFIT":29123000,"GROSS_PROFIT_YOY":289.292875284053,"HOLDER_PROFIT":-15320000,"HOLDER_PROFIT_YOY":34.8085106383,"GROSS_PROFIT_RATIO":14.504641804128,"EPS_TTM":-0.077644316051,"OPERATE_INCOME_QOQ":20.33370091576,"NET_PROFIT_RATIO":-7.087218105,"ROE_AVG":-2.470461695749,"GROSS_PROFIT_QOQ":107.222143162089,"ROA":-2.162742108532,"HOLDER_PROFIT_QOQ":2.785709753157,"ROE_YEARLY":-2.470461695749,"ROIC_YEARLY":-2.480758736497,"TOTAL_ASSETS":711611000,"TOTAL_LIABILITIES":76637000,"TAX_EBT":5.291181364393,"OCF_SALES":-19.019443780381,"TOTAL_PARENT_EQUITY":623207000,"DEBT_ASSET_RATIO":10.7695074978,"OPERATE_PROFIT":-15186000,"PRETAX_PROFIT":-15025000,"NETCASH_OPERATE":-38188000,"NETCASH_INVEST":25416000,"NETCASH_FINANCE":-1821000,"END_CASH":59354000,"DIVI_RATIO":null,"DIVIDEND_RATE":null,"CURRENT_RATIO":4.239087866457,"COMMON_ACS":null,"CURRENTDEBT_DEBT":93.958531779689,"ISSUED_COMMON_SHARES":197310000,"HK_COMMON_SHARES":54901000,"PER_SHARES":500,"TOTAL_MARKET_CAP":77937450,"HKSK_MARKET_CAP":21685895,"PE_TTM":-3.639743859972,"PB_TTM":0.115649863292,"REPORT_DATE_SQ":"2022-12-31 00:00:00","REPORT_TYPE_SQ":"2022年年报","OPERATE_INCOME_SQ":158397000,"DPS_HKD":null,"OPERATE_INCOME_QOQ_SQ":-0.226761654604,"NET_PROFIT_RATIO_SQ":-17.7869530357,"HOLDER_PROFIT_SQ":-23500000,"HOLDER_PROFIT_QOQ_SQ":49.309749784297,"ROE_AVG_SQ":-3.773057798429,"PE_TTM_SQ":-3.793506910246,"PB_TTM_SQ":0.096445539733,"ROA_SQ":-3.280590282892,"START_DATE":"2023-01-01 00:00:00","FISCAL_YEAR":"12-31","CURRENCY":"HKD","IS_CNY_CODE":0,"DPS_HKD_LY":null,"ORG_TYPE":"一般企业","PREMIUM_INCOME":null,"PREMIUM_INCOME_YOY":null,"NET_INTEREST_INCOME":null,"NET_INTEREST_INCOME_YOY":null,"FEE_COMMISSION_INCOME":null,"FEE_COMMISSION_INCOME_YOY":null,"ACCOUNTS_RECE_TDAYS":10.08660705315,"INVENTORY_TDAYS":38.771541501976,"CURRENT_ASSETS_TDAYS":0.652280483467,"TOTAL_ASSETS_TDAYS":0.283449093681,"PREMIUM_EXPENSE":null,"LOAN_DEPOSIT":null,"LOAN_EQUITY":null,"LOAN_ASSETS":null,"DEPOSIT_EQUITY":null,"DEPOSIT_ASSETS":null,"EQUITY_MULTIPLIER":1.120693130743,"EQUITY_RATIO":0.122971982022},{"SECUCODE":"01000.HK","SECURITY_CODE":"01000","SECURITY_NAME_ABBR":"北青传媒","ORG_CODE":"10009199","STD_REPORT_DATE":"2023-06-30 00:00:00","REPORT_DATE":"2023-06-30 00:00:00","DATE_TYPE_CODE":"002","REPORT_TYPE":"2023年中报","PER_NETCASH_OPERATE":-0.099564137651,"PER_OI":0.408828746642,"BPS":3.106867366074,"BASIC_EPS":-0.02,"DILUTED_EPS":-0.02,"OPERATE_INCOME":80666000,"OPERATE_INCOME_YOY":11.7149306854,"GROSS_PROFIT":12017000,"GROSS_PROFIT_YOY":120.738427626745,"HOLDER_PROFIT":-4155000,"HOLDER_PROFIT_YOY":65.0722932078,"GROSS_PROFIT_RATIO":14.897230555624,"EPS_TTM":-0.079869241295,"OPERATE_INCOME_QOQ":5.340378921318,"NET_PROFIT_RATIO":-5.3802097538,"ROE_AVG":-0.675575153468,"GROSS_PROFIT_QOQ":87.86258521588,"ROA":-0.594360229505,"HOLDER_PROFIT_QOQ":32.940425531915,"ROE_YEARLY":-1.351150306936,"ROIC_YEARLY":-1.362823455323,"TOTAL_ASSETS":693033000,"TOTAL_LIABILITIES":69506000,"TAX_EBT":0.709219858156,"OCF_SALES":-24.353507053777,"TOTAL_PARENT_EQUITY":613016000,"DEBT_ASSET_RATIO":10.0292482465,"OPERATE_PROFIT":-4599000,"PRETAX_PROFIT":-4371000,"NETCASH_OPERATE":-19645000,"NETCASH_INVEST":16196000,"NETCASH_FINANCE":null,"END_CASH":70554000,"DIVI_RATIO":null,"DIVIDEND_RATE":null,"CURRENT_RATIO":4.648883469248,"COMMON_ACS":null,"CURRENTDEBT_DEBT":94.387534889074,"ISSUED_COMMON_SHARES":197310000,"HK_COMMON_SHARES":54901000,"PER_SHARES":500,"TOTAL_MARKET_CAP":77937450,"HKSK_MARKET_CAP":21685895,"PE_TTM":-3.639743859972,"PB_TTM":0.115649863292,"REPORT_DATE_SQ":"2022-06-30 00:00:00","REPORT_TYPE_SQ":"2022年中报","OPERATE_INCOME_SQ":72207000,"DPS_HKD":null,"OPERATE_INCOME_QOQ_SQ":-15.353075413752,"NET_PROFIT_RATIO_SQ":-19.3610037808,"HOLDER_PROFIT_SQ":-11896000,"HOLDER_PROFIT_QOQ_SQ":27.742015929176,"ROE_AVG_SQ":-1.91036876091,"PE_TTM_SQ":-3.793506910246,"PB_TTM_SQ":0.096445539733,"ROA_SQ":-1.656254742449,"START_DATE":"2023-01-01 00:00:00","FISCAL_YEAR":"12-31","CURRENCY":"HKD","IS_CNY_CODE":0,"DPS_HKD_LY":null,"ORG_TYPE":"一般企业","PREMIUM_INCOME":null,"PREMIUM_INCOME_YOY":null,"NET_INTEREST_INCOME":null,"NET_INTEREST_INCOME_YOY":null,"FEE_COMMISSION_INCOME":null,"FEE_COMMISSION_INCOME_YOY":null,"ACCOUNTS_RECE_TDAYS":3.932720668893,"INVENTORY_TDAYS":9.106453538502,"CURRENT_ASSETS_TDAYS":0.262165188184,"TOTAL_ASSETS_TDAYS":0.115390282246,"PREMIUM_EXPENSE":null,"LOAN_DEPOSIT":null,"LOAN_EQUITY":null,"LOAN_ASSETS":null,"DEPOSIT_EQUITY":null,"DEPOSIT_ASSETS":null,"EQUITY_MULTIPLIER":1.111472317959,"EQUITY_RATIO":0.113383663722},{"SECUCODE":"01000.HK","SECURITY_CODE":"01000","SECURITY_NAME_ABBR":"北青传媒","ORG_CODE":"10009199","STD_REPORT_DATE":"2022-12-31 00:00:00","REPORT_DATE":"2022-12-31 00:00:00","DATE_TYPE_CODE":"001","REPORT_TYPE":"2022年年报","PER_NETCASH_OPERATE":-0.191774365212,"PER_OI":0.802782423597,"BPS":3.127297146622,"BASIC_EPS":-0.12,"DILUTED_EPS":-0.12,"OPERATE_INCOME":158397000,"OPERATE_INCOME_YOY":-15.5450221805,"GROSS_PROFIT":7481000,"GROSS_PROFIT_YOY":-58.576965669989,"HOLDER_PROFIT":-23500000,"HOLDER_PROFIT_YOY":63.3722470737,"GROSS_PROFIT_RATIO":4.722942985031,"EPS_TTM":-0.119101920835,"OPERATE_INCOME_QOQ":-0.226761654604,"NET_PROFIT_RATIO":-17.7869530357,"ROE_AVG":-3.773057798429,"GROSS_PROFIT_QOQ":-32.120497232556,"ROA":-3.280590282892,"HOLDER_PROFIT_QOQ":49.309749784297,"ROE_YEARLY":-3.773057798429,"ROIC_YEARLY":-4.442957156659,"TOTAL_ASSETS":705109000,"TOTAL_LIABILITIES":77448000,"TAX_EBT":-2.157438630842,"OCF_SALES":-23.888710013447,"TOTAL_PARENT_EQUITY":617047000,"DEBT_ASSET_RATIO":10.9838337051,"OPERATE_PROFIT":-30444000,"PRETAX_PROFIT":-27579000,"NETCASH_OPERATE":-37839000,"NETCASH_INVEST":-147980000,"NETCASH_FINANCE":-1521000,"END_CASH":73877000,"DIVI_RATIO":null,"DIVIDEND_RATE":null,"CURRENT_RATIO":4.220335295797,"COMMON_ACS":null,"CURRENTDEBT_DEBT":94.963071996695,"ISSUED_COMMON_SHARES":197310000,"HK_COMMON_SHARES":54901000,"PER_SHARES":500,"TOTAL_MARKET_CAP":77937450,"HKSK_MARKET_CAP":21685895,"PE_TTM":-3.639743859972,"PB_TTM":0.115649863292,"REPORT_DATE_SQ":"2021-12-31 00:00:00","REPORT_TYPE_SQ":"2021年年报","OPERATE_INCOME_SQ":187552000,"DPS_HKD":null,"OPERATE_INCOME_QOQ_SQ":-23.138836296278,"NET_PROFIT_RATIO_SQ":-35.8257976455,"HOLDER_PROFIT_SQ":-64159000,"HOLDER_PROFIT_QOQ_SQ":47.731975560081,"ROE_AVG_SQ":-10.207169311833,"PE_TTM_SQ":-3.793506910246,"PB_TTM_SQ":0.096445539733,"ROA_SQ":-8.711296008777,"START_DATE":"2022-01-01 00:00:00","FISCAL_YEAR":"12-31","CURRENCY":"HKD","IS_CNY_CODE":0,"DPS_HKD_LY":null,"ORG_TYPE":"一般企业","PREMIUM_INCOME":null,"PREMIUM_INCOME_YOY":null,"NET_INTEREST_INCOME":null,"NET_INTEREST_INCOME_YOY":null,"FEE_COMMISSION_INCOME":null,"FEE_COMMISSION_INCOME_YOY":null,"ACCOUNTS_RECE_TDAYS":6.802241690286,"INVENTORY_TDAYS":17.971539148556,"CURRENT_ASSETS_TDAYS":0.490823229021,"TOTAL_ASSETS_TDAYS":0.221121557038,"PREMIUM_EXPENSE":null,"LOAN_DEPOSIT":null,"LOAN_EQUITY":null,"LOAN_ASSETS":null,"DEPOSIT_EQUITY":null,"DEPOSIT_ASSETS":null,"EQUITY_MULTIPLIER":1.123391448568,"EQUITY_RATIO":0.125513939781},{"SECUCODE":"01000.HK","SECURITY_CODE":"01000","SECURITY_NAME_ABBR":"北青传媒","ORG_CODE":"10009199","STD_REPORT_DATE":"2022-06-30 00:00:00","REPORT_DATE":"2022-06-30 00:00:00","DATE_TYPE_CODE":"002","REPORT_TYPE":"2022年中报","PER_NETCASH_OPERATE":-0.085966246009,"PER_OI":0.365957123308,"BPS":3.125979423243,"BASIC_EPS":-0.06,"DILUTED_EPS":-0.06,"OPERATE_INCOME":72207000,"OPERATE_INCOME_YOY":-28.5093364488,"GROSS_PROFIT":5444000,"GROSS_PROFIT_YOY":-56.388688616519,"HOLDER_PROFIT":-11896000,"HOLDER_PROFIT_YOY":59.9393837346,"GROSS_PROFIT_RATIO":7.539435234811,"EPS_TTM":-0.23496021489,"OPERATE_INCOME_QOQ":-15.353075413752,"NET_PROFIT_RATIO":-19.3610037808,"ROE_AVG":-1.91036876091,"GROSS_PROFIT_QOQ":-38.975636766334,"ROA":-1.656254742449,"HOLDER_PROFIT_QOQ":27.742015929176,"ROE_YEARLY":-3.82073752182,"ROIC_YEARLY":-4.559439728565,"TOTAL_ASSETS":708934000,"TOTAL_LIABILITIES":77263000,"TAX_EBT":11.328174552835,"OCF_SALES":-23.490797291121,"TOTAL_PARENT_EQUITY":616787000,"DEBT_ASSET_RATIO":10.8984757396,"OPERATE_PROFIT":-18107000,"PRETAX_PROFIT":-15766000,"NETCASH_OPERATE":-16962000,"NETCASH_INVEST":-159598000,"NETCASH_FINANCE":null,"END_CASH":84596000,"DIVI_RATIO":null,"DIVIDEND_RATE":null,"CURRENT_RATIO":4.392848304875,"COMMON_ACS":null,"CURRENTDEBT_DEBT":94.143380402004,"ISSUED_COMMON_SHARES":197310000,"HK_COMMON_SHARES":54901000,"PER_SHARES":500,"TOTAL_MARKET_CAP":77937450,"HKSK_MARKET_CAP":21685895,"PE_TTM":-3.639743859972,"PB_TTM":0.115649863292,"REPORT_DATE_SQ":"2021-06-30 00:00:00","REPORT_TYPE_SQ":"2021年中报","OPERATE_INCOME_SQ":101002000,"DPS_HKD":null,"OPERATE_INCOME_QOQ_SQ":12.298254414587,"NET_PROFIT_RATIO_SQ":-28.9033880517,"HOLDER_PROFIT_SQ":-29695000,"HOLDER_PROFIT_QOQ_SQ":5.704584562439,"ROE_AVG_SQ":-4.83906187872,"PE_TTM_SQ":-3.793506910246,"PB_TTM_SQ":0.096445539733,"ROA_SQ":-4.083445578238,"START_DATE":"2022-01-01 00:00:00","FISCAL_YEAR":"12-31","CURRENCY":"HKD","IS_CNY_CODE":0,"DPS_HKD_LY":null,"ORG_TYPE":"一般企业","PREMIUM_INCOME":null,"PREMIUM_INCOME_YOY":null,"NET_INTEREST_INCOME":null,"NET_INTEREST_INCOME_YOY":null,"FEE_COMMISSION_INCOME":null,"FEE_COMMISSION_INCOME_YOY":null,"ACCOUNTS_RECE_TDAYS":2.707474830799,"INVENTORY_TDAYS":6.367781010062,"CURRENT_ASSETS_TDAYS":0.220624900698,"TOTAL_ASSETS_TDAYS":0.100532268147,"PREMIUM_EXPENSE":null,"LOAN_DEPOSIT":null,"LOAN_EQUITY":null,"LOAN_ASSETS":null,"DEPOSIT_EQUITY":null,"DEPOSIT_ASSETS":null,"EQUITY_MULTIPLIER":1.122315255884,"EQUITY_RATIO":0.125266907376},{"SECUCODE":"01000.HK","SECURITY_CODE":"01000","SECURITY_NAME_ABBR":"北青传媒","ORG_CODE":"10009199","STD_REPORT_DATE":"2021-12-31 00:00:00","REPORT_DATE":"2021-12-31 00:00:00","DATE_TYPE_CODE":"001","REPORT_TYPE":"2021年年报","PER_NETCASH_OPERATE":0.013227915463,"PER_OI":0.950544827936,"BPS":3.185986518676,"BASIC_EPS":-0.33,"DILUTED_EPS":-0.33,"OPERATE_INCOME":187552000,"OPERATE_INCOME_YOY":-13.686254838,"GROSS_PROFIT":18060000,"GROSS_PROFIT_YOY":-27.306391885365,"HOLDER_PROFIT":-64159000,"HOLDER_PROFIT_YOY":50.7136492134,"GROSS_PROFIT_RATIO":9.629329465961,"EPS_TTM":-0.325168516548,"OPERATE_INCOME_QOQ":-23.138836296278,"NET_PROFIT_RATIO":-35.8257976455,"ROE_AVG":-10.207169311833,"GROSS_PROFIT_QOQ":-32.954672012474,"ROA":-8.711296008777,"HOLDER_PROFIT_QOQ":47.731975560081,"ROE_YEARLY":-10.207169311833,"ROIC_YEARLY":-13.774735761841,"TOTAL_ASSETS":727560000,"TOTAL_LIABILITIES":82002000,"TAX_EBT":-7.510640340491,"OCF_SALES":1.391614059034,"TOTAL_PARENT_EQUITY":628627000,"DEBT_ASSET_RATIO":11.2708230249,"OPERATE_PROFIT":-65248000,"PRETAX_PROFIT":-62498000,"NETCASH_OPERATE":2610000,"NETCASH_INVEST":62719000,"NETCASH_FINANCE":null,"END_CASH":261083000,"DIVI_RATIO":null,"DIVIDEND_RATE":null,"CURRENT_RATIO":4.324393045678,"COMMON_ACS":null,"CURRENTDEBT_DEBT":94.481841906295,"ISSUED_COMMON_SHARES":197310000,"HK_COMMON_SHARES":54901000,"PER_SHARES":500,"TOTAL_MARKET_CAP":77937450,"HKSK_MARKET_CAP":21685895,"PE_TTM":-3.639743859972,"PB_TTM":0.115649863292,"REPORT_DATE_SQ":"2020-12-31 00:00:00","REPORT_TYPE_SQ":"2020年年报","OPERATE_INCOME_SQ":217291000,"DPS_HKD":null,"OPERATE_INCOME_QOQ_SQ":19.73473222502,"NET_PROFIT_RATIO_SQ":-62.7527141023,"HOLDER_PROFIT_SQ":-130176000,"HOLDER_PROFIT_QOQ_SQ":10.350811949919,"ROE_AVG_SQ":-18.632918929712,"PE_TTM_SQ":-3.793506910246,"PB_TTM_SQ":0.096445539733,"ROA_SQ":-15.866492127453,"START_DATE":"2021-01-01 00:00:00","FISCAL_YEAR":"12-31","CURRENCY":"HKD","IS_CNY_CODE":0,"DPS_HKD_LY":null,"ORG_TYPE":"一般企业","PREMIUM_INCOME":null,"PREMIUM_INCOME_YOY":null,"NET_INTEREST_INCOME":null,"NET_INTEREST_INCOME_YOY":null,"FEE_COMMISSION_INCOME":null,"FEE_COMMISSION_INCOME_YOY":null,"ACCOUNTS_RECE_TDAYS":3.942155708761,"INVENTORY_TDAYS":13.34477600189,"CURRENT_ASSETS_TDAYS":0.542106373692,"TOTAL_ASSETS_TDAYS":0.254651878776,"PREMIUM_EXPENSE":null,"LOAN_DEPOSIT":null,"LOAN_EQUITY":null,"LOAN_ASSETS":null,"DEPOSIT_EQUITY":null,"DEPOSIT_ASSETS":null,"EQUITY_MULTIPLIER":1.127024992332,"EQUITY_RATIO":0.130446194643},{"SECUCODE":"01000.HK","SECURITY_CODE":"01000","SECURITY_NAME_ABBR":"北青传媒","ORG_CODE":"10009199","STD_REPORT_DATE":"2021-06-30 00:00:00","REPORT_DATE":"2021-06-30 00:00:00","DATE_TYPE_CODE":"002","REPORT_TYPE":"2021年中报","PER_NETCASH_OPERATE":0.059186052405,"PER_OI":0.511894987583,"BPS":3.034792965384,"BASIC_EPS":-0.15,"DILUTED_EPS":-0.15,"OPERATE_INCOME":101002000,"OPERATE_INCOME_YOY":35.9765209548,"GROSS_PROFIT":12483000,"GROSS_PROFIT_YOY":20.144369586141,"HOLDER_PROFIT":-29695000,"HOLDER_PROFIT_YOY":20.0048490073,"GROSS_PROFIT_RATIO":12.359161204729,"EPS_TTM":-0.622117480107,"OPERATE_INCOME_QOQ":12.298254414587,"NET_PROFIT_RATIO":-28.9033880517,"ROE_AVG":-4.83906187872,"GROSS_PROFIT_QOQ":8.42456931251,"ROA":-4.083445578238,"HOLDER_PROFIT_QOQ":5.704584562439,"ROE_YEARLY":-9.678123757439,"ROIC_YEARLY":-12.577018088331,"TOTAL_ASSETS":708962000,"TOTAL_LIABILITIES":89691000,"TAX_EBT":-1.346988370075,"OCF_SALES":11.562147284212,"TOTAL_PARENT_EQUITY":598795000,"DEBT_ASSET_RATIO":12.6510306617,"OPERATE_PROFIT":-30244000,"PRETAX_PROFIT":-28805000,"NETCASH_OPERATE":11678000,"NETCASH_INVEST":7902000,"NETCASH_FINANCE":-127000,"END_CASH":215232000,"DIVI_RATIO":null,"DIVIDEND_RATE":null,"CURRENT_RATIO":3.938850088353,"COMMON_ACS":null,"CURRENTDEBT_DEBT":92.750666176094,"ISSUED_COMMON_SHARES":197310000,"HK_COMMON_SHARES":54901000,"PER_SHARES":500,"TOTAL_MARKET_CAP":77937450,"HKSK_MARKET_CAP":21685895,"PE_TTM":-3.639743859972,"PB_TTM":0.115649863292,"REPORT_DATE_SQ":"2020-06-30 00:00:00","REPORT_TYPE_SQ":"2020年中报","OPERATE_INCOME_SQ":74279000,"DPS_HKD":null,"OPERATE_INCOME_QOQ_SQ":-17.483073929076,"NET_PROFIT_RATIO_SQ":-52.9584404744,"HOLDER_PROFIT_SQ":-37121000,"HOLDER_PROFIT_QOQ_SQ":26.118104386938,"ROE_AVG_SQ":-4.948064714997,"PE_TTM_SQ":-3.793506910246,"PB_TTM_SQ":0.096445539733,"ROA_SQ":-4.231253668906,"START_DATE":"2021-01-01 00:00:00","FISCAL_YEAR":"12-31","CURRENCY":"HKD","IS_CNY_CODE":0,"DPS_HKD_LY":null,"ORG_TYPE":"一般企业","PREMIUM_INCOME":null,"PREMIUM_INCOME_YOY":null,"NET_INTEREST_INCOME":null,"NET_INTEREST_INCOME_YOY":null,"FEE_COMMISSION_INCOME":null,"FEE_COMMISSION_INCOME_YOY":null,"ACCOUNTS_RECE_TDAYS":1.758820046669,"INVENTORY_TDAYS":5.8726862602,"CURRENT_ASSETS_TDAYS":0.295083308257,"TOTAL_ASSETS_TDAYS":0.138890779691,"PREMIUM_EXPENSE":null,"LOAN_DEPOSIT":null,"LOAN_EQUITY":null,"LOAN_ASSETS":null,"DEPOSIT_EQUITY":null,"DEPOSIT_ASSETS":null,"EQUITY_MULTIPLIER":1.144833199035,"EQUITY_RATIO":0.149785819855},{"SECUCODE":"01000.HK","SECURITY_CODE":"01000","SECURITY_NAME_ABBR":"北青传媒","ORG_CODE":"10009199","STD_REPORT_DATE":"2020-12-31 00:00:00","REPORT_DATE":"2020-12-31 00:00:00","DATE_TYPE_CODE":"001","REPORT_TYPE":"2020年年报","PER_NETCASH_OPERATE":-0.14657138513,"PER_OI":1.101267041711,"BPS":3.185388474989,"BASIC_EPS":-0.66,"DILUTED_EPS":-0.66,"OPERATE_INCOME":217291000,"OPERATE_INCOME_YOY":-1.1985795287,"GROSS_PROFIT":24844000,"GROSS_PROFIT_YOY":236.68518769481,"HOLDER_PROFIT":-130176000,"HOLDER_PROFIT_YOY":33.7654804669,"GROSS_PROFIT_RATIO":11.433515424017,"EPS_TTM":-0.659753687091,"OPERATE_INCOME_QOQ":19.73473222502,"NET_PROFIT_RATIO":-62.7527141023,"ROE_AVG":-18.632918929712,"GROSS_PROFIT_QOQ":21692.9824561404,"ROA":-15.866492127453,"HOLDER_PROFIT_QOQ":10.350811949919,"ROE_YEARLY":-18.632918929712,"ROIC_YEARLY":-22.894468172669,"TOTAL_ASSETS":745447000,"TOTAL_LIABILITIES":96951000,"TAX_EBT":-3.631306145404,"OCF_SALES":-13.309340929905,"TOTAL_PARENT_EQUITY":628509000,"DEBT_ASSET_RATIO":13.0057535948,"OPERATE_PROFIT":-133722000,"PRETAX_PROFIT":-131578000,"NETCASH_OPERATE":-28920000,"NETCASH_INVEST":37151000,"NETCASH_FINANCE":-300000,"END_CASH":195660000,"DIVI_RATIO":null,"DIVIDEND_RATE":null,"CURRENT_RATIO":3.958528821305,"COMMON_ACS":null,"CURRENTDEBT_DEBT":92.994399232602,"ISSUED_COMMON_SHARES":197310000,"HK_COMMON_SHARES":54901000,"PER_SHARES":500,"TOTAL_MARKET_CAP":77937450,"HKSK_MARKET_CAP":21685895,"PE_TTM":-3.639743859972,"PB_TTM":0.115649863292,"REPORT_DATE_SQ":"2019-12-31 00:00:00","REPORT_TYPE_SQ":"2019年年报","OPERATE_INCOME_SQ":219927000,"DPS_HKD":null,"OPERATE_INCOME_QOQ_SQ":-25.376886979713,"NET_PROFIT_RATIO_SQ":-97.537364671,"HOLDER_PROFIT_SQ":-196538000,"HOLDER_PROFIT_QOQ_SQ":-39.431174045986,"ROE_AVG_SQ":-22.651695235132,"PE_TTM_SQ":-3.793506910246,"PB_TTM_SQ":0.096445539733,"ROA_SQ":-19.1302900477,"START_DATE":"2020-01-01 00:00:00","FISCAL_YEAR":"12-31","CURRENCY":"HKD","IS_CNY_CODE":0,"DPS_HKD_LY":null,"ORG_TYPE":"一般企业","PREMIUM_INCOME":null,"PREMIUM_INCOME_YOY":null,"NET_INTEREST_INCOME":null,"NET_INTEREST_INCOME_YOY":null,"FEE_COMMISSION_INCOME":null,"FEE_COMMISSION_INCOME_YOY":null,"ACCOUNTS_RECE_TDAYS":1.81484172722,"INVENTORY_TDAYS":15.010881010881,"CURRENT_ASSETS_TDAYS":0.536777447991,"TOTAL_ASSETS_TDAYS":0.264844974563,"PREMIUM_EXPENSE":null,"LOAN_DEPOSIT":null,"LOAN_EQUITY":null,"LOAN_ASSETS":null,"DEPOSIT_EQUITY":null,"DEPOSIT_ASSETS":null,"EQUITY_MULTIPLIER":1.149501307641,"EQUITY_RATIO":0.154255547653},{"SECUCODE":"01000.HK","SECURITY_CODE":"01000","SECURITY_NAME_ABBR":"北青传媒","ORG_CODE":"10009199","STD_REPORT_DATE":"2020-06-30 00:00:00","REPORT_DATE":"2020-06-30 00:00:00","DATE_TYPE_CODE":"002","REPORT_TYPE":"2020年中报","PER_NETCASH_OPERATE":-0.056712786985,"PER_OI":0.376458365009,"BPS":3.708200293954,"BASIC_EPS":-0.19,"DILUTED_EPS":-0.19,"OPERATE_INCOME":74279000,"OPERATE_INCOME_YOY":-34.1083483398,"GROSS_PROFIT":10390000,"GROSS_PROFIT_YOY":-41.149815916171,"HOLDER_PROFIT":-37121000,"HOLDER_PROFIT_YOY":58.0330797147,"GROSS_PROFIT_RATIO":13.98780274371,"EPS_TTM":-0.735928234757,"OPERATE_INCOME_QOQ":-17.483073929076,"NET_PROFIT_RATIO":-52.9584404744,"ROE_AVG":-4.948064714997,"GROSS_PROFIT_QOQ":-98.455075213444,"ROA":-4.231253668906,"HOLDER_PROFIT_QOQ":26.118104386938,"ROE_YEARLY":-9.896129429995,"ROIC_YEARLY":-11.792249790735,"TOTAL_ASSETS":859165000,"TOTAL_LIABILITIES":103462000,"TAX_EBT":-3.225044610056,"OCF_SALES":-15.064823166709,"TOTAL_PARENT_EQUITY":731665000,"DEBT_ASSET_RATIO":12.0421572108,"OPERATE_PROFIT":-39258000,"PRETAX_PROFIT":-38108000,"NETCASH_OPERATE":-11190000,"NETCASH_INVEST":13667000,"NETCASH_FINANCE":-122000,"END_CASH":190095000,"DIVI_RATIO":null,"DIVIDEND_RATE":null,"CURRENT_RATIO":4.593716863838,"COMMON_ACS":null,"CURRENTDEBT_DEBT":92.975198623649,"ISSUED_COMMON_SHARES":197310000,"HK_COMMON_SHARES":54901000,"PER_SHARES":500,"TOTAL_MARKET_CAP":77937450,"HKSK_MARKET_CAP":21685895,"PE_TTM":-3.639743859972,"PB_TTM":0.115649863292,"REPORT_DATE_SQ":"2019-06-30 00:00:00","REPORT_TYPE_SQ":"2019年中报","OPERATE_INCOME_SQ":112729000,"DPS_HKD":null,"OPERATE_INCOME_QOQ_SQ":-14.481828073993,"NET_PROFIT_RATIO_SQ":-83.7237977805,"HOLDER_PROFIT_SQ":-88453000,"HOLDER_PROFIT_QOQ_SQ":49.169882081425,"ROE_AVG_SQ":-9.588707714772,"PE_TTM_SQ":-3.793506910246,"PB_TTM_SQ":0.096445539733,"ROA_SQ":-7.990521909277,"START_DATE":"2020-01-01 00:00:00","FISCAL_YEAR":"12-31","CURRENCY":"HKD","IS_CNY_CODE":0,"DPS_HKD_LY":null,"ORG_TYPE":"一般企业","PREMIUM_INCOME":null,"PREMIUM_INCOME_YOY":null,"NET_INTEREST_INCOME":null,"NET_INTEREST_INCOME_YOY":null,"FEE_COMMISSION_INCOME":null,"FEE_COMMISSION_INCOME_YOY":null,"ACCOUNTS_RECE_TDAYS":0.447900963591,"INVENTORY_TDAYS":5.10214023319,"CURRENT_ASSETS_TDAYS":0.166060066801,"TOTAL_ASSETS_TDAYS":0.084667247992,"PREMIUM_EXPENSE":null,"LOAN_DEPOSIT":null,"LOAN_EQUITY":null,"LOAN_ASSETS":null,"DEPOSIT_EQUITY":null,"DEPOSIT_ASSETS":null,"EQUITY_MULTIPLIER":1.136908282752,"EQUITY_RATIO":0.141406244661}],"count":44},"success":true,"message":"ok","code":0}