{"version":"4b9752a8516ef3a69a9406602f558a37","result":{"pages":7,"data":[{"SECUCODE":"01009.HK","SECURITY_CODE":"01009","SECURITY_NAME_ABBR":"国际娱乐","ORG_CODE":"10010724","STD_REPORT_DATE":"2023-12-31 00:00:00","REPORT_DATE":"2024-06-30 00:00:00","DATE_TYPE_CODE":"001","REPORT_TYPE":"2023年年报","PER_NETCASH_OPERATE":-0.020363958651,"PER_OI":0.153175311877,"BPS":0.677791389329,"BASIC_EPS":-0.087982352,"DILUTED_EPS":-0.087982352,"OPERATE_INCOME":209721086.48,"OPERATE_INCOME_YOY":10.8904106284,"GROSS_PROFIT":120866212.4,"GROSS_PROFIT_YOY":-4.048877701913,"HOLDER_PROFIT":-120440903.52,"HOLDER_PROFIT_YOY":-821.8247456515,"GROSS_PROFIT_RATIO":57.631883578634,"EPS_TTM":-0.007423410044,"OPERATE_INCOME_QOQ":5.894993679777,"NET_PROFIT_RATIO":-57.4290861932,"ROE_AVG":-11.868611011679,"GROSS_PROFIT_QOQ":6.863937843836,"ROA":-6.250478090716,"HOLDER_PROFIT_QOQ":-160.299202871602,"ROE_YEARLY":-11.868611011679,"ROIC_YEARLY":-8.194618144605,"TOTAL_ASSETS":2121340298.64,"TOTAL_LIABILITIES":1193337314.12,"TAX_EBT":18.664250582449,"OCF_SALES":-13.294543618845,"TOTAL_PARENT_EQUITY":928002984.52,"DEBT_ASSET_RATIO":56.2539312945,"OPERATE_PROFIT":-52818616.96,"PRETAX_PROFIT":-148078679.28,"NETCASH_OPERATE":-27881461.32,"NETCASH_INVEST":-520784334.8,"NETCASH_FINANCE":513659042.04,"END_CASH":381017432.28,"DIVI_RATIO":null,"DIVIDEND_RATE":null,"CURRENT_RATIO":1.026890501664,"COMMON_ACS":200000000000,"CURRENTDEBT_DEBT":45.936280362124,"ISSUED_COMMON_SHARES":1369157235,"HK_COMMON_SHARES":1369157235,"PER_SHARES":10000,"TOTAL_MARKET_CAP":1464998241.45,"HKSK_MARKET_CAP":1464998241.45,"PE_TTM":-11.101499207738,"PB_TTM":1.440808507419,"REPORT_DATE_SQ":"2022-12-31 00:00:00","REPORT_TYPE_SQ":"2022年年报","OPERATE_INCOME_SQ":191051773.62,"DPS_HKD":null,"OPERATE_INCOME_QOQ_SQ":83.972604244157,"NET_PROFIT_RATIO_SQ":8.8225500557,"HOLDER_PROFIT_SQ":16855638.36,"HOLDER_PROFIT_QOQ_SQ":48.33827439447,"ROE_AVG_SQ":1.521688556581,"PE_TTM_SQ":67.401898670824,"PB_TTM_SQ":1.020947282799,"ROA_SQ":0.969095439362,"START_DATE":"2023-07-01 00:00:00","FISCAL_YEAR":"6-30","CURRENCY":"HKD","IS_CNY_CODE":0,"DPS_HKD_LY":null,"ORG_TYPE":"一般企业","PREMIUM_INCOME":null,"PREMIUM_INCOME_YOY":null,"NET_INTEREST_INCOME":null,"NET_INTEREST_INCOME_YOY":null,"FEE_COMMISSION_INCOME":null,"FEE_COMMISSION_INCOME_YOY":null,"ACCOUNTS_RECE_TDAYS":29.201423306646,"INVENTORY_TDAYS":33.18200408998,"CURRENT_ASSETS_TDAYS":0.376918023537,"TOTAL_ASSETS_TDAYS":0.108838195156,"PREMIUM_EXPENSE":null,"LOAN_DEPOSIT":null,"LOAN_EQUITY":null,"LOAN_ASSETS":null,"DEPOSIT_EQUITY":null,"DEPOSIT_ASSETS":null,"EQUITY_MULTIPLIER":2.285919694252,"EQUITY_RATIO":1.285919694253},{"SECUCODE":"01009.HK","SECURITY_CODE":"01009","SECURITY_NAME_ABBR":"国际娱乐","ORG_CODE":"10010724","STD_REPORT_DATE":"2023-06-30 00:00:00","REPORT_DATE":"2023-12-31 00:00:00","DATE_TYPE_CODE":"002","REPORT_TYPE":"2023年中报","PER_NETCASH_OPERATE":0.012135599386,"PER_OI":0.069586261566,"BPS":0.770908076778,"BASIC_EPS":-0.023924208,"DILUTED_EPS":-0.023924208,"OPERATE_INCOME":95274533.48,"OPERATE_INCOME_YOY":11.7852206273,"GROSS_PROFIT":60717646.22,"GROSS_PROFIT_YOY":16.604623813245,"HOLDER_PROFIT":-32742634.82,"HOLDER_PROFIT_YOY":-463.9300764789,"GROSS_PROFIT_RATIO":63.729145661727,"EPS_TTM":0.012310958836,"OPERATE_INCOME_QOQ":41.984919955462,"NET_PROFIT_RATIO":-34.3666178401,"ROE_AVG":-3.046868444787,"GROSS_PROFIT_QOQ":69.506586434014,"ROA":-1.64787113302,"HOLDER_PROFIT_QOQ":114.880273250138,"ROE_YEARLY":-6.093736889573,"ROIC_YEARLY":-5.087003228391,"TOTAL_ASSETS":2253720204.12,"TOTAL_LIABILITIES":1198225833.28,"TAX_EBT":1.831272924874,"OCF_SALES":17.439648448647,"TOTAL_PARENT_EQUITY":1055494370.84,"DEBT_ASSET_RATIO":53.1665745859,"OPERATE_PROFIT":-7909488.16,"PRETAX_PROFIT":-33353427.1,"NETCASH_OPERATE":16615543.7,"NETCASH_INVEST":-48272526.96,"NETCASH_FINANCE":545296135.72,"END_CASH":953051637.16,"DIVI_RATIO":null,"DIVIDEND_RATE":null,"CURRENT_RATIO":2.105367143434,"COMMON_ACS":200000000000,"CURRENTDEBT_DEBT":41.418624983361,"ISSUED_COMMON_SHARES":1369157235,"HK_COMMON_SHARES":1369157235,"PER_SHARES":10000,"TOTAL_MARKET_CAP":999484781.55,"HKSK_MARKET_CAP":999484781.55,"PE_TTM":-7.573920020233,"PB_TTM":0.982981505062,"REPORT_DATE_SQ":"2022-06-30 00:00:00","REPORT_TYPE_SQ":"2022年中报","OPERATE_INCOME_SQ":84012043.5,"DPS_HKD":null,"OPERATE_INCOME_QOQ_SQ":55.994075455788,"NET_PROFIT_RATIO_SQ":-6.812333865,"HOLDER_PROFIT_SQ":-5723180.89,"HOLDER_PROFIT_QOQ_SQ":7.275175573057,"ROE_AVG_SQ":-0.541365403481,"PE_TTM_SQ":60.661708803741,"PB_TTM_SQ":0.918852554519,"ROA_SQ":-0.345996469292,"START_DATE":"2023-07-01 00:00:00","FISCAL_YEAR":"6-30","CURRENCY":"HKD","IS_CNY_CODE":0,"DPS_HKD_LY":null,"ORG_TYPE":"一般企业","PREMIUM_INCOME":null,"PREMIUM_INCOME_YOY":null,"NET_INTEREST_INCOME":null,"NET_INTEREST_INCOME_YOY":null,"FEE_COMMISSION_INCOME":null,"FEE_COMMISSION_INCOME_YOY":null,"ACCOUNTS_RECE_TDAYS":7.068782357292,"INVENTORY_TDAYS":33.303930131004,"CURRENT_ASSETS_TDAYS":0.119775678362,"TOTAL_ASSETS_TDAYS":0.047949761617,"PREMIUM_EXPENSE":null,"LOAN_DEPOSIT":null,"LOAN_EQUITY":null,"LOAN_ASSETS":null,"DEPOSIT_EQUITY":null,"DEPOSIT_ASSETS":null,"EQUITY_MULTIPLIER":2.135227118576,"EQUITY_RATIO":1.135227118574},{"SECUCODE":"01009.HK","SECURITY_CODE":"01009","SECURITY_NAME_ABBR":"国际娱乐","ORG_CODE":"10010724","STD_REPORT_DATE":"2022-12-31 00:00:00","REPORT_DATE":"2023-06-30 00:00:00","DATE_TYPE_CODE":"001","REPORT_TYPE":"2022年年报","PER_NETCASH_OPERATE":0.004482772835,"PER_OI":0.139539688164,"BPS":0.812756950315,"BASIC_EPS":0.012354532,"DILUTED_EPS":0.012354532,"OPERATE_INCOME":191051773.62,"OPERATE_INCOME_YOY":142.2905583163,"GROSS_PROFIT":125966439.48,"GROSS_PROFIT_YOY":570.99324180496,"HOLDER_PROFIT":16855638.36,"HOLDER_PROFIT_YOY":107.1305155017,"GROSS_PROFIT_RATIO":65.933143196329,"EPS_TTM":-0.082733419131,"OPERATE_INCOME_QOQ":83.972604244157,"NET_PROFIT_RATIO":8.8225500557,"ROE_AVG":1.521688556581,"GROSS_PROFIT_QOQ":295.850837375081,"ROA":0.969095439362,"HOLDER_PROFIT_QOQ":48.33827439447,"ROE_YEARLY":1.521688556581,"ROIC_YEARLY":1.320739995839,"TOTAL_ASSETS":1750127329.46,"TOTAL_LIABILITIES":637335270.64,"TAX_EBT":13.359556419127,"OCF_SALES":3.212543251343,"TOTAL_PARENT_EQUITY":1112792058.82,"DEBT_ASSET_RATIO":36.4165086684,"OPERATE_PROFIT":40583715.64,"PRETAX_PROFIT":19454699.98,"NETCASH_OPERATE":6137620.86,"NETCASH_INVEST":6657617.58,"NETCASH_FINANCE":-34886801.22,"END_CASH":454029972.98,"DIVI_RATIO":null,"DIVIDEND_RATE":null,"CURRENT_RATIO":1.281700177838,"COMMON_ACS":200000000000,"CURRENTDEBT_DEBT":68.004305132018,"ISSUED_COMMON_SHARES":1369157235,"HK_COMMON_SHARES":1369157235,"PER_SHARES":10000,"TOTAL_MARKET_CAP":999484781.55,"HKSK_MARKET_CAP":999484781.55,"PE_TTM":-7.573920020233,"PB_TTM":0.982981505062,"REPORT_DATE_SQ":"2021-12-31 00:00:00","REPORT_TYPE_SQ":"2021年年报","OPERATE_INCOME_SQ":73140124.75,"DPS_HKD":null,"OPERATE_INCOME_QOQ_SQ":-13.176395418895,"NET_PROFIT_RATIO_SQ":-299.7848582286,"HOLDER_PROFIT_SQ":-219263019.29,"HOLDER_PROFIT_QOQ_SQ":-17.413259011062,"ROE_AVG_SQ":-18.395720620612,"PE_TTM_SQ":60.661708803741,"PB_TTM_SQ":0.918852554519,"ROA_SQ":-12.279468286106,"START_DATE":"2022-07-01 00:00:00","FISCAL_YEAR":"6-30","CURRENCY":"HKD","IS_CNY_CODE":0,"DPS_HKD_LY":null,"ORG_TYPE":"一般企业","PREMIUM_INCOME":null,"PREMIUM_INCOME_YOY":null,"NET_INTEREST_INCOME":null,"NET_INTEREST_INCOME_YOY":null,"FEE_COMMISSION_INCOME":null,"FEE_COMMISSION_INCOME_YOY":null,"ACCOUNTS_RECE_TDAYS":15.16921049742,"INVENTORY_TDAYS":58.974937343358,"CURRENT_ASSETS_TDAYS":0.355081509609,"TOTAL_ASSETS_TDAYS":0.109843008341,"PREMIUM_EXPENSE":null,"LOAN_DEPOSIT":null,"LOAN_EQUITY":null,"LOAN_ASSETS":null,"DEPOSIT_EQUITY":null,"DEPOSIT_ASSETS":null,"EQUITY_MULTIPLIER":1.572735279327,"EQUITY_RATIO":0.572735279326},{"SECUCODE":"01009.HK","SECURITY_CODE":"01009","SECURITY_NAME_ABBR":"国际娱乐","ORG_CODE":"10010724","STD_REPORT_DATE":"2022-06-30 00:00:00","REPORT_DATE":"2022-12-31 00:00:00","DATE_TYPE_CODE":"002","REPORT_TYPE":"2022年中报","PER_NETCASH_OPERATE":-0.01534564704,"PER_OI":0.061360405768,"BPS":0.764039808474,"BASIC_EPS":-0.004198369,"DILUTED_EPS":-0.004198369,"OPERATE_INCOME":84012043.5,"OPERATE_INCOME_YOY":240.3292925638,"GROSS_PROFIT":52071388.11,"GROSS_PROFIT_YOY":1601.01572009014,"HOLDER_PROFIT":-5723180.89,"HOLDER_PROFIT_YOY":95.3107960742,"GROSS_PROFIT_RATIO":61.980861244019,"EPS_TTM":-0.16014451349,"OPERATE_INCOME_QOQ":55.994075455788,"NET_PROFIT_RATIO":-6.812333865,"ROE_AVG":-0.541365403481,"GROSS_PROFIT_QOQ":1124.04370432924,"ROA":-0.345996469292,"HOLDER_PROFIT_QOQ":7.275175573057,"ROE_YEARLY":-1.082730806961,"ROIC_YEARLY":-0.936309541859,"TOTAL_ASSETS":1633549647.1,"TOTAL_LIABILITIES":587459015.5,"TAX_EBT":3.827679375563,"OCF_SALES":-25.00903774588,"TOTAL_PARENT_EQUITY":1046090631.6,"DEBT_ASSET_RATIO":35.9621157853,"OPERATE_PROFIT":4503867.34,"PRETAX_PROFIT":-5950964.74,"NETCASH_OPERATE":-21010603.67,"NETCASH_INVEST":1545357.1,"NETCASH_FINANCE":-33269841.15,"END_CASH":405788442.71,"DIVI_RATIO":null,"DIVIDEND_RATE":null,"CURRENT_RATIO":1.276427378965,"COMMON_ACS":200000000000,"CURRENTDEBT_DEBT":68.311411845206,"ISSUED_COMMON_SHARES":1369157235,"HK_COMMON_SHARES":1369157235,"PER_SHARES":10000,"TOTAL_MARKET_CAP":999484781.55,"HKSK_MARKET_CAP":999484781.55,"PE_TTM":-7.573920020233,"PB_TTM":0.982981505062,"REPORT_DATE_SQ":"2021-06-30 00:00:00","REPORT_TYPE_SQ":"2021年中报","OPERATE_INCOME_SQ":22594376,"DPS_HKD":null,"OPERATE_INCOME_QOQ_SQ":-42.822727171871,"NET_PROFIT_RATIO_SQ":-494.4201194138,"HOLDER_PROFIT_SQ":-111711140.8,"HOLDER_PROFIT_QOQ_SQ":32.890460924506,"ROE_AVG_SQ":-9.159960928727,"PE_TTM_SQ":60.661708803741,"PB_TTM_SQ":0.918852554519,"ROA_SQ":-6.224057506241,"START_DATE":"2022-07-01 00:00:00","FISCAL_YEAR":"6-30","CURRENCY":"HKD","IS_CNY_CODE":0,"DPS_HKD_LY":null,"ORG_TYPE":"一般企业","PREMIUM_INCOME":null,"PREMIUM_INCOME_YOY":null,"NET_INTEREST_INCOME":null,"NET_INTEREST_INCOME_YOY":null,"FEE_COMMISSION_INCOME":null,"FEE_COMMISSION_INCOME_YOY":null,"ACCOUNTS_RECE_TDAYS":6.42001433496,"INVENTORY_TDAYS":30.34111158252,"CURRENT_ASSETS_TDAYS":0.165278218334,"TOTAL_ASSETS_TDAYS":0.050789711155,"PREMIUM_EXPENSE":null,"LOAN_DEPOSIT":null,"LOAN_EQUITY":null,"LOAN_ASSETS":null,"DEPOSIT_EQUITY":null,"DEPOSIT_ASSETS":null,"EQUITY_MULTIPLIER":1.561575639581,"EQUITY_RATIO":0.561575639581},{"SECUCODE":"01009.HK","SECURITY_CODE":"01009","SECURITY_NAME_ABBR":"国际娱乐","ORG_CODE":"10010724","STD_REPORT_DATE":"2021-12-31 00:00:00","REPORT_DATE":"2022-06-30 00:00:00","DATE_TYPE_CODE":"001","REPORT_TYPE":"2021年年报","PER_NETCASH_OPERATE":-0.00047657782,"PER_OI":0.053419813941,"BPS":0.746970460716,"BASIC_EPS":-0.160177087,"DILUTED_EPS":-0.160177087,"OPERATE_INCOME":73140124.75,"OPERATE_INCOME_YOY":31.7796610169,"GROSS_PROFIT":18773130.88,"GROSS_PROFIT_YOY":398.931663810606,"HOLDER_PROFIT":-219263019.29,"HOLDER_PROFIT_YOY":-5.9291852586,"GROSS_PROFIT_RATIO":25.667348728442,"EPS_TTM":-0.172709427577,"OPERATE_INCOME_QOQ":-13.176395418895,"NET_PROFIT_RATIO":-299.7848582286,"ROE_AVG":-18.395720620612,"GROSS_PROFIT_QOQ":-148.721715850732,"ROA":-12.279468286106,"HOLDER_PROFIT_QOQ":-17.413259011062,"ROE_YEARLY":-18.395720620612,"ROIC_YEARLY":-16.547311870983,"TOTAL_ASSETS":1603289687.44,"TOTAL_LIABILITIES":580569676.82,"TAX_EBT":2.571458971416,"OCF_SALES":-0.892136802105,"TOTAL_PARENT_EQUITY":1022720010.62,"DEBT_ASSET_RATIO":36.2111526924,"OPERATE_PROFIT":-194301733.57,"PRETAX_PROFIT":-225050090.02,"NETCASH_OPERATE":-652509.97,"NETCASH_INVEST":3292481.5,"NETCASH_FINANCE":-26054218.54,"END_CASH":437946219.76,"DIVI_RATIO":null,"DIVIDEND_RATE":null,"CURRENT_RATIO":1.207519973995,"COMMON_ACS":200000000000,"CURRENTDEBT_DEBT":68.879533583354,"ISSUED_COMMON_SHARES":1369157235,"HK_COMMON_SHARES":1369157235,"PER_SHARES":10000,"TOTAL_MARKET_CAP":999484781.55,"HKSK_MARKET_CAP":999484781.55,"PE_TTM":-7.573920020233,"PB_TTM":0.982981505062,"REPORT_DATE_SQ":"2020-12-31 00:00:00","REPORT_TYPE_SQ":"2020年年报","OPERATE_INCOME_SQ":54001992,"DPS_HKD":null,"OPERATE_INCOME_QOQ_SQ":-54.443806692682,"NET_PROFIT_RATIO_SQ":-372.9429892142,"HOLDER_PROFIT_SQ":-201396643.2,"HOLDER_PROFIT_QOQ_SQ":-17.518624675717,"ROE_AVG_SQ":-14.321516386107,"PE_TTM_SQ":60.661708803741,"PB_TTM_SQ":0.918852554519,"ROA_SQ":-10.002018668865,"START_DATE":"2021-07-01 00:00:00","FISCAL_YEAR":"6-30","CURRENCY":"HKD","IS_CNY_CODE":0,"DPS_HKD_LY":null,"ORG_TYPE":"一般企业","PREMIUM_INCOME":null,"PREMIUM_INCOME_YOY":null,"NET_INTEREST_INCOME":null,"NET_INTEREST_INCOME_YOY":null,"FEE_COMMISSION_INCOME":null,"FEE_COMMISSION_INCOME_YOY":null,"ACCOUNTS_RECE_TDAYS":9.871306555863,"INVENTORY_TDAYS":48.070321361059,"CURRENT_ASSETS_TDAYS":0.13976374575,"TOTAL_ASSETS_TDAYS":0.040960935648,"PREMIUM_EXPENSE":null,"LOAN_DEPOSIT":null,"LOAN_EQUITY":null,"LOAN_ASSETS":null,"DEPOSIT_EQUITY":null,"DEPOSIT_ASSETS":null,"EQUITY_MULTIPLIER":1.567672159332,"EQUITY_RATIO":0.567672159331},{"SECUCODE":"01009.HK","SECURITY_CODE":"01009","SECURITY_NAME_ABBR":"国际娱乐","ORG_CODE":"10010724","STD_REPORT_DATE":"2021-06-30 00:00:00","REPORT_DATE":"2021-12-31 00:00:00","DATE_TYPE_CODE":"002","REPORT_TYPE":"2021年中报","PER_NETCASH_OPERATE":-0.009412367601,"PER_OI":0.016502396819,"BPS":0.831035862145,"BASIC_EPS":-0.08159648,"DILUTED_EPS":-0.08159648,"OPERATE_INCOME":22594376,"OPERATE_INCOME_YOY":-21.7138810198,"GROSS_PROFIT":-3469076.8,"GROSS_PROFIT_YOY":-263.110644947123,"HOLDER_PROFIT":-111711140.8,"HOLDER_PROFIT_YOY":-50.0439261163,"GROSS_PROFIT_RATIO":-15.353718111091,"EPS_TTM":-0.147095335767,"OPERATE_INCOME_QOQ":-42.822727171871,"NET_PROFIT_RATIO":-494.4201194138,"ROE_AVG":-9.159960928727,"GROSS_PROFIT_QOQ":-89.52185110087,"ROA":-6.224057506241,"HOLDER_PROFIT_QOQ":32.890460924506,"ROE_YEARLY":-18.319921857454,"ROIC_YEARLY":-16.60076362079,"TOTAL_ASSETS":1708232937.6,"TOTAL_LIABILITIES":570414174.4,"TAX_EBT":0.079712158664,"OCF_SALES":-57.036366926,"TOTAL_PARENT_EQUITY":1137818763.2,"DEBT_ASSET_RATIO":33.3920604061,"OPERATE_PROFIT":-97270689.6,"PRETAX_PROFIT":-111800259.2,"NETCASH_OPERATE":-12887011.2,"NETCASH_INVEST":5875273.6,"NETCASH_FINANCE":-12801980.8,"END_CASH":436048972.8,"DIVI_RATIO":null,"DIVIDEND_RATE":null,"CURRENT_RATIO":1.374646413152,"COMMON_ACS":200000000000,"CURRENTDEBT_DEBT":63.542166844163,"ISSUED_COMMON_SHARES":1369157235,"HK_COMMON_SHARES":1369157235,"PER_SHARES":10000,"TOTAL_MARKET_CAP":999484781.55,"HKSK_MARKET_CAP":999484781.55,"PE_TTM":-7.573920020233,"PB_TTM":0.982981505062,"REPORT_DATE_SQ":"2020-06-30 00:00:00","REPORT_TYPE_SQ":"2020年中报","OPERATE_INCOME_SQ":29709892,"DPS_HKD":null,"OPERATE_INCOME_QOQ_SQ":-47.49318124686,"NET_PROFIT_RATIO_SQ":-257.9660056657,"HOLDER_PROFIT_SQ":-76641421.68,"HOLDER_PROFIT_QOQ_SQ":-1078.46976777205,"ROE_AVG_SQ":-5.124638072647,"PE_TTM_SQ":60.661708803741,"PB_TTM_SQ":0.918852554519,"ROA_SQ":-3.601649539827,"START_DATE":"2021-07-01 00:00:00","FISCAL_YEAR":"6-30","CURRENCY":"HKD","IS_CNY_CODE":0,"DPS_HKD_LY":null,"ORG_TYPE":"一般企业","PREMIUM_INCOME":null,"PREMIUM_INCOME_YOY":null,"NET_INTEREST_INCOME":null,"NET_INTEREST_INCOME_YOY":null,"FEE_COMMISSION_INCOME":null,"FEE_COMMISSION_INCOME_YOY":null,"ACCOUNTS_RECE_TDAYS":6.444729477612,"INVENTORY_TDAYS":23.878651685393,"CURRENT_ASSETS_TDAYS":0.043567540724,"TOTAL_ASSETS_TDAYS":0.012588600791,"PREMIUM_EXPENSE":null,"LOAN_DEPOSIT":null,"LOAN_EQUITY":null,"LOAN_ASSETS":null,"DEPOSIT_EQUITY":null,"DEPOSIT_ASSETS":null,"EQUITY_MULTIPLIER":1.501322524157,"EQUITY_RATIO":0.501322524156},{"SECUCODE":"01009.HK","SECURITY_CODE":"01009","SECURITY_NAME_ABBR":"国际娱乐","ORG_CODE":"10010724","STD_REPORT_DATE":"2020-12-31 00:00:00","REPORT_DATE":"2021-06-30 00:00:00","DATE_TYPE_CODE":"001","REPORT_TYPE":"2020年年报","PER_NETCASH_OPERATE":-0.005963669352,"PER_OI":0.03944177529,"BPS":0.967270948044,"BASIC_EPS":-0.147111744,"DILUTED_EPS":-0.147111744,"OPERATE_INCOME":54001992,"OPERATE_INCOME_YOY":-71.4052827528,"GROSS_PROFIT":3762665.76,"GROSS_PROFIT_YOY":-97.226745419223,"HOLDER_PROFIT":-201396643.2,"HOLDER_PROFIT_YOY":13.4223290552,"GROSS_PROFIT_RATIO":6.967642526965,"EPS_TTM":-0.219186926022,"OPERATE_INCOME_QOQ":-54.443806692682,"NET_PROFIT_RATIO":-372.9429892142,"ROE_AVG":-14.321516386107,"GROSS_PROFIT_QOQ":-73.532972212221,"ROA":-10.002018668865,"HOLDER_PROFIT_QOQ":-17.518624675717,"ROE_YEARLY":-14.321516386107,"ROIC_YEARLY":-13.256251658469,"TOTAL_ASSETS":1914744220.32,"TOTAL_LIABILITIES":590398203.6,"TAX_EBT":11.27370836602,"OCF_SALES":-15.120184899846,"TOTAL_PARENT_EQUITY":1324346016.72,"DEBT_ASSET_RATIO":30.8343118279,"OPERATE_PROFIT":-201910868.64,"PRETAX_PROFIT":-226986431.52,"NETCASH_OPERATE":-8165201.04,"NETCASH_INVEST":-12908889.12,"NETCASH_FINANCE":-28422188.64,"END_CASH":470076939.36,"DIVI_RATIO":null,"DIVIDEND_RATE":null,"CURRENT_RATIO":1.511199803766,"COMMON_ACS":200000000000,"CURRENTDEBT_DEBT":61.477848480364,"ISSUED_COMMON_SHARES":1369157235,"HK_COMMON_SHARES":1369157235,"PER_SHARES":10000,"TOTAL_MARKET_CAP":999484781.55,"HKSK_MARKET_CAP":999484781.55,"PE_TTM":-7.573920020233,"PB_TTM":0.982981505062,"REPORT_DATE_SQ":"2019-12-31 00:00:00","REPORT_TYPE_SQ":"2019年年报","OPERATE_INCOME_SQ":207318909.6,"DPS_HKD":null,"OPERATE_INCOME_QOQ_SQ":26.704946228351,"NET_PROFIT_RATIO_SQ":-134.5282312251,"HOLDER_PROFIT_SQ":-255364940.16,"HOLDER_PROFIT_QOQ_SQ":-194.003861633394,"ROE_AVG_SQ":-14.6685496178,"PE_TTM_SQ":60.661708803741,"PB_TTM_SQ":0.918852554519,"ROA_SQ":-10.363345804807,"START_DATE":"2020-07-01 00:00:00","FISCAL_YEAR":"6-30","CURRENCY":"HKD","IS_CNY_CODE":0,"DPS_HKD_LY":null,"ORG_TYPE":"一般企业","PREMIUM_INCOME":null,"PREMIUM_INCOME_YOY":null,"NET_INTEREST_INCOME":null,"NET_INTEREST_INCOME_YOY":null,"FEE_COMMISSION_INCOME":null,"FEE_COMMISSION_INCOME_YOY":null,"ACCOUNTS_RECE_TDAYS":11.385964912281,"INVENTORY_TDAYS":37.235892691952,"CURRENT_ASSETS_TDAYS":0.090753935875,"TOTAL_ASSETS_TDAYS":0.026819162602,"PREMIUM_EXPENSE":null,"LOAN_DEPOSIT":null,"LOAN_EQUITY":null,"LOAN_ASSETS":null,"DEPOSIT_EQUITY":null,"DEPOSIT_ASSETS":null,"EQUITY_MULTIPLIER":1.445803586182,"EQUITY_RATIO":0.445803586182},{"SECUCODE":"01009.HK","SECURITY_CODE":"01009","SECURITY_NAME_ABBR":"国际娱乐","ORG_CODE":"10010724","STD_REPORT_DATE":"2020-06-30 00:00:00","REPORT_DATE":"2020-12-31 00:00:00","DATE_TYPE_CODE":"002","REPORT_TYPE":"2020年中报","PER_NETCASH_OPERATE":-0.003481124883,"PER_OI":0.021699401092,"BPS":1.085222087294,"BASIC_EPS":-0.05596906,"DILUTED_EPS":-0.05596906,"OPERATE_INCOME":29709892,"OPERATE_INCOME_YOY":-77.8225933116,"GROSS_PROFIT":2126824.28,"GROSS_PROFIT_YOY":-97.91271063414,"HOLDER_PROFIT":-76641421.68,"HOLDER_PROFIT_YOY":-155.6700452031,"GROSS_PROFIT_RATIO":7.158640226629,"EPS_TTM":-0.186512500998,"OPERATE_INCOME_QOQ":-47.49318124686,"NET_PROFIT_RATIO":-257.9660056657,"ROE_AVG":-5.124638072647,"GROSS_PROFIT_QOQ":10.717531418521,"ROA":-3.601649539827,"HOLDER_PROFIT_QOQ":-1078.46976777205,"ROE_YEARLY":-10.249276145294,"ROIC_YEARLY":-9.498393413229,"TOTAL_ASSETS":2119261302.96,"TOTAL_LIABILITIES":633421630.56,"TAX_EBT":-1.141790879001,"OCF_SALES":-16.042492917847,"TOTAL_PARENT_EQUITY":1485839672.4,"DEBT_ASSET_RATIO":29.8887933109,"OPERATE_PROFIT":-65121895,"PRETAX_PROFIT":-75776215.76,"NETCASH_OPERATE":-4766207.32,"NETCASH_INVEST":-11933613.56,"NETCASH_FINANCE":-12016094.28,"END_CASH":503868827,"DIVI_RATIO":null,"DIVIDEND_RATE":null,"CURRENT_RATIO":1.661599965649,"COMMON_ACS":200000000000,"CURRENTDEBT_DEBT":58.795462155397,"ISSUED_COMMON_SHARES":1369157235,"HK_COMMON_SHARES":1369157235,"PER_SHARES":10000,"TOTAL_MARKET_CAP":999484781.55,"HKSK_MARKET_CAP":999484781.55,"PE_TTM":-7.573920020233,"PB_TTM":0.982981505062,"REPORT_DATE_SQ":"2019-06-30 00:00:00","REPORT_TYPE_SQ":"2019年中报","OPERATE_INCOME_SQ":142582198.38,"DPS_HKD":null,"OPERATE_INCOME_QOQ_SQ":0,"NET_PROFIT_RATIO_SQ":-20.5924148827,"HOLDER_PROFIT_SQ":-31904996.26,"HOLDER_PROFIT_QOQ_SQ":0,"ROE_AVG_SQ":-1.768388168576,"PE_TTM_SQ":60.661708803741,"PB_TTM_SQ":0.918852554519,"ROA_SQ":-1.210840484846,"START_DATE":"2020-07-01 00:00:00","FISCAL_YEAR":"6-30","CURRENCY":"HKD","IS_CNY_CODE":0,"DPS_HKD_LY":null,"ORG_TYPE":"一般企业","PREMIUM_INCOME":null,"PREMIUM_INCOME_YOY":null,"NET_INTEREST_INCOME":null,"NET_INTEREST_INCOME_YOY":null,"FEE_COMMISSION_INCOME":null,"FEE_COMMISSION_INCOME_YOY":null,"ACCOUNTS_RECE_TDAYS":5.379867408367,"INVENTORY_TDAYS":19.131932282545,"CURRENT_ASSETS_TDAYS":0.046870155727,"TOTAL_ASSETS_TDAYS":0.013961721548,"PREMIUM_EXPENSE":null,"LOAN_DEPOSIT":null,"LOAN_EQUITY":null,"LOAN_ASSETS":null,"DEPOSIT_EQUITY":null,"DEPOSIT_ASSETS":null,"EQUITY_MULTIPLIER":1.426305504103,"EQUITY_RATIO":0.426305504104},{"SECUCODE":"01009.HK","SECURITY_CODE":"01009","SECURITY_NAME_ABBR":"国际娱乐","ORG_CODE":"10010724","STD_REPORT_DATE":"2019-12-31 00:00:00","REPORT_DATE":"2020-06-30 00:00:00","DATE_TYPE_CODE":"001","REPORT_TYPE":"2019年年报","PER_NETCASH_OPERATE":0.007261981419,"PER_OI":0.151420818808,"BPS":1.193193250153,"BASIC_EPS":-0.186524448,"DILUTED_EPS":-0.186524448,"OPERATE_INCOME":207318909.6,"OPERATE_INCOME_YOY":-37.5244297881,"GROSS_PROFIT":135676896.96,"GROSS_PROFIT_YOY":-10.910553310156,"HOLDER_PROFIT":-255364940.16,"HOLDER_PROFIT_YOY":-1140.3155583671,"GROSS_PROFIT_RATIO":65.443570594585,"EPS_TTM":-0.015826668286,"OPERATE_INCOME_QOQ":26.704946228351,"NET_PROFIT_RATIO":-134.5282312251,"ROE_AVG":-14.6685496178,"GROSS_PROFIT_QOQ":-19.534471597746,"ROA":-10.363345804807,"HOLDER_PROFIT_QOQ":-194.003861633394,"ROE_YEARLY":-14.6685496178,"ROIC_YEARLY":-12.520203519813,"TOTAL_ASSETS":2318921811.36,"TOTAL_LIABILITIES":685252640.16,"TAX_EBT":2.683296324735,"OCF_SALES":4.795893639989,"TOTAL_PARENT_EQUITY":1633669171.2,"DEBT_ASSET_RATIO":29.5504849195,"OPERATE_PROFIT":-182291567.04,"PRETAX_PROFIT":-220079666.4,"NETCASH_OPERATE":9942794.4,"NETCASH_INVEST":365851902.24,"NETCASH_FINANCE":-24896720.64,"END_CASH":569228404.8,"DIVI_RATIO":null,"DIVIDEND_RATE":null,"CURRENT_RATIO":8.688806499961,"COMMON_ACS":200000000000,"CURRENTDEBT_DEBT":11.828885787448,"ISSUED_COMMON_SHARES":1369157235,"HK_COMMON_SHARES":1369157235,"PER_SHARES":10000,"TOTAL_MARKET_CAP":999484781.55,"HKSK_MARKET_CAP":999484781.55,"PE_TTM":-7.573920020233,"PB_TTM":0.982981505062,"REPORT_DATE_SQ":"2018-12-31 00:00:00","REPORT_TYPE_SQ":"2018年年报","OPERATE_INCOME_SQ":311623097.94,"DPS_HKD":null,"OPERATE_INCOME_QOQ_SQ":0,"NET_PROFIT_RATIO_SQ":4.8760480723,"HOLDER_PROFIT_SQ":23051390.67,"HOLDER_PROFIT_QOQ_SQ":0,"ROE_AVG_SQ":1.288760714595,"PE_TTM_SQ":60.661708803741,"PB_TTM_SQ":0.918852554519,"ROA_SQ":0.979111046743,"START_DATE":"2019-07-01 00:00:00","FISCAL_YEAR":"6-30","CURRENCY":"HKD","IS_CNY_CODE":0,"DPS_HKD_LY":null,"ORG_TYPE":"一般企业","PREMIUM_INCOME":null,"PREMIUM_INCOME_YOY":null,"NET_INTEREST_INCOME":null,"NET_INTEREST_INCOME_YOY":null,"FEE_COMMISSION_INCOME":null,"FEE_COMMISSION_INCOME_YOY":null,"ACCOUNTS_RECE_TDAYS":13.548935916187,"INVENTORY_TDAYS":34.30927384077,"CURRENT_ASSETS_TDAYS":0.331903151226,"TOTAL_ASSETS_TDAYS":0.084135181232,"PREMIUM_EXPENSE":null,"LOAN_DEPOSIT":null,"LOAN_EQUITY":null,"LOAN_ASSETS":null,"DEPOSIT_EQUITY":null,"DEPOSIT_ASSETS":null,"EQUITY_MULTIPLIER":1.41945618626,"EQUITY_RATIO":0.419456186259}],"count":60},"success":true,"message":"ok","code":0}