{"version":"b21c04b98028f46ad2c060a878d58b55","result":{"pages":6,"data":[{"SECUCODE":"01001.HK","SECURITY_CODE":"01001","SECURITY_NAME_ABBR":"沪港联合","ORG_CODE":"10009200","STD_REPORT_DATE":"2024-06-30 00:00:00","REPORT_DATE":"2024-09-30 00:00:00","DATE_TYPE_CODE":"002","REPORT_TYPE":"2024年中报","PER_NETCASH_OPERATE":0.159075661408,"PER_OI":1.40224033774,"BPS":1.450127382232,"BASIC_EPS":0.07755394,"DILUTED_EPS":0.07755394,"OPERATE_INCOME":892537634.6,"OPERATE_INCOME_YOY":-20.6151615144,"GROSS_PROFIT":151645908.19,"GROSS_PROFIT_YOY":-20.901449564206,"HOLDER_PROFIT":49507369.21,"HOLDER_PROFIT_YOY":3.2110695418,"GROSS_PROFIT_RATIO":16.990421726918,"EPS_TTM":0.111837362233,"OPERATE_INCOME_QOQ":0,"NET_PROFIT_RATIO":5.0658758866,"ROE_AVG":5.590205049198,"GROSS_PROFIT_QOQ":0,"ROA":2.074467170581,"HOLDER_PROFIT_QOQ":0,"ROE_YEARLY":11.180410098396,"ROIC_YEARLY":4.549925254306,"TOTAL_ASSETS":2383365139.33,"TOTAL_LIABILITIES":1368188573.68,"TAX_EBT":-48.20869051138,"OCF_SALES":11.344393477075,"TOTAL_PARENT_EQUITY":923018136.6,"DEBT_ASSET_RATIO":57.4057474913,"OPERATE_PROFIT":76244540.92,"PRETAX_PROFIT":30507555.7,"NETCASH_OPERATE":101252981.2,"NETCASH_INVEST":-7126846.37,"NETCASH_FINANCE":-119816328.35,"END_CASH":106122647.2,"DIVI_RATIO":0.226200971616,"DIVIDEND_RATE":7.777777777778,"CURRENT_RATIO":0.842464328487,"COMMON_ACS":1000000000,"CURRENTDEBT_DEBT":70.333748134712,"ISSUED_COMMON_SHARES":636508315,"HK_COMMON_SHARES":636508315,"PER_SHARES":2000,"TOTAL_MARKET_CAP":229142993.4,"HKSK_MARKET_CAP":229142993.4,"PE_TTM":2.846850458442,"PB_TTM":0.223873022451,"REPORT_DATE_SQ":"2023-06-30 00:00:00","REPORT_TYPE_SQ":"2023年中报","OPERATE_INCOME_SQ":1144066214.06,"DPS_HKD":0.028,"OPERATE_INCOME_QOQ_SQ":0,"NET_PROFIT_RATIO_SQ":4.2948052636,"HOLDER_PROFIT_SQ":48809657.33,"HOLDER_PROFIT_QOQ_SQ":0,"ROE_AVG_SQ":5.650387892527,"PE_TTM_SQ":1.817087490069,"PB_TTM_SQ":0.173725574795,"ROA_SQ":1.848844268126,"START_DATE":"2024-04-01 00:00:00","FISCAL_YEAR":"3-31","CURRENCY":"HKD","IS_CNY_CODE":0,"DPS_HKD_LY":0.028,"ORG_TYPE":"一般企业","PREMIUM_INCOME":null,"PREMIUM_INCOME_YOY":null,"NET_INTEREST_INCOME":null,"NET_INTEREST_INCOME_YOY":null,"FEE_COMMISSION_INCOME":null,"FEE_COMMISSION_INCOME_YOY":null,"ACCOUNTS_RECE_TDAYS":2.595756789753,"INVENTORY_TDAYS":2.296494653442,"CURRENT_ASSETS_TDAYS":1.072765622595,"TOTAL_ASSETS_TDAYS":0.373992811784,"PREMIUM_EXPENSE":null,"LOAN_DEPOSIT":null,"LOAN_EQUITY":null,"LOAN_ASSETS":null,"DEPOSIT_EQUITY":null,"DEPOSIT_ASSETS":null,"EQUITY_MULTIPLIER":2.347734591177,"EQUITY_RATIO":1.482298688864},{"SECUCODE":"01001.HK","SECURITY_CODE":"01001","SECURITY_NAME_ABBR":"沪港联合","ORG_CODE":"10009200","STD_REPORT_DATE":"2023-12-31 00:00:00","REPORT_DATE":"2024-03-31 00:00:00","DATE_TYPE_CODE":"001","REPORT_TYPE":"2023年年报","PER_NETCASH_OPERATE":0.272900085243,"PER_OI":3.269542898093,"BPS":1.339617000447,"BASIC_EPS":0.111596305,"DILUTED_EPS":0.111596305,"OPERATE_INCOME":2087944202.8,"OPERATE_INCOME_YOY":-13.3649629243,"GROSS_PROFIT":348185004.35,"GROSS_PROFIT_YOY":12.999269842303,"HOLDER_PROFIT":71419822.1,"HOLDER_PROFIT_YOY":-4.9054872897,"GROSS_PROFIT_RATIO":16.675972656888,"EPS_TTM":0.121775507641,"OPERATE_INCOME_QOQ":0,"NET_PROFIT_RATIO":3.3436437337,"ROE_AVG":8.285328620414,"GROSS_PROFIT_QOQ":0,"ROA":2.809968321782,"HOLDER_PROFIT_QOQ":0,"ROE_YEARLY":8.285328620414,"ROIC_YEARLY":3.088433467372,"TOTAL_ASSETS":2402268658.1,"TOTAL_LIABILITIES":1457771381.65,"TAX_EBT":10.301209029282,"OCF_SALES":8.346735117073,"TOTAL_PARENT_EQUITY":852677359.7,"DEBT_ASSET_RATIO":60.6831120547,"OPERATE_PROFIT":181258326.65,"PRETAX_PROFIT":77830943.7,"NETCASH_OPERATE":174275172,"NETCASH_INVEST":-19932314.85,"NETCASH_FINANCE":-154654710.35,"END_CASH":131725341.2,"DIVI_RATIO":0.207740624449,"DIVIDEND_RATE":8.75,"CURRENT_RATIO":0.81748351374,"COMMON_ACS":1000000000,"CURRENTDEBT_DEBT":71.980600021268,"ISSUED_COMMON_SHARES":636508315,"HK_COMMON_SHARES":636508315,"PER_SHARES":2000,"TOTAL_MARKET_CAP":203682660.8,"HKSK_MARKET_CAP":203682660.8,"PE_TTM":2.530533740837,"PB_TTM":0.198998242179,"REPORT_DATE_SQ":"2022-12-31 00:00:00","REPORT_TYPE_SQ":"2022年年报","OPERATE_INCOME_SQ":2327260852.21,"DPS_HKD":0.028,"OPERATE_INCOME_QOQ_SQ":0,"NET_PROFIT_RATIO_SQ":3.0913517907,"HOLDER_PROFIT_SQ":72524216.86,"HOLDER_PROFIT_QOQ_SQ":0,"ROE_AVG_SQ":8.488389249092,"PE_TTM_SQ":2.144163238282,"PB_TTM_SQ":0.204996178258,"ROA_SQ":2.619370492355,"START_DATE":"2023-04-01 00:00:00","FISCAL_YEAR":"3-31","CURRENCY":"HKD","IS_CNY_CODE":0,"DPS_HKD_LY":0.03,"ORG_TYPE":"一般企业","PREMIUM_INCOME":null,"PREMIUM_INCOME_YOY":null,"NET_INTEREST_INCOME":null,"NET_INTEREST_INCOME_YOY":null,"FEE_COMMISSION_INCOME":null,"FEE_COMMISSION_INCOME_YOY":null,"ACCOUNTS_RECE_TDAYS":5.774172642842,"INVENTORY_TDAYS":4.496256631871,"CURRENT_ASSETS_TDAYS":2.188455000423,"TOTAL_ASSETS_TDAYS":0.821488614086,"PREMIUM_EXPENSE":null,"LOAN_DEPOSIT":null,"LOAN_EQUITY":null,"LOAN_ASSETS":null,"DEPOSIT_EQUITY":null,"DEPOSIT_ASSETS":null,"EQUITY_MULTIPLIER":2.543436299921,"EQUITY_RATIO":1.70964007085},{"SECUCODE":"01001.HK","SECURITY_CODE":"01001","SECURITY_NAME_ABBR":"沪港联合","ORG_CODE":"10009200","STD_REPORT_DATE":"2023-06-30 00:00:00","REPORT_DATE":"2023-09-30 00:00:00","DATE_TYPE_CODE":"002","REPORT_TYPE":"2023年中报","PER_NETCASH_OPERATE":0.063332822284,"PER_OI":1.786446972317,"BPS":1.328620057493,"BASIC_EPS":0.076255053,"DILUTED_EPS":0.076255053,"OPERATE_INCOME":1144066214.06,"OPERATE_INCOME_YOY":-7.8046742414,"GROSS_PROFIT":191717683.01,"GROSS_PROFIT_YOY":20.8152096765,"HOLDER_PROFIT":48809657.33,"HOLDER_PROFIT_YOY":10.9833705427,"GROSS_PROFIT_RATIO":16.757568806236,"EPS_TTM":0.113245777243,"OPERATE_INCOME_QOQ":0,"NET_PROFIT_RATIO":4.2948052636,"ROE_AVG":5.650387892527,"GROSS_PROFIT_QOQ":0,"ROA":1.848844268126,"HOLDER_PROFIT_QOQ":0,"ROE_YEARLY":11.300775785054,"ROIC_YEARLY":4.025196545313,"TOTAL_ASSETS":2566200011.76,"TOTAL_LIABILITIES":1629217195.06,"TAX_EBT":21.2095350206,"OCF_SALES":3.545183443191,"TOTAL_PARENT_EQUITY":845677714.07,"DEBT_ASSET_RATIO":63.4875375105,"OPERATE_PROFIT":106892883.44,"PRETAX_PROFIT":62362134.8,"NETCASH_OPERATE":40559246,"NETCASH_INVEST":-10386653.97,"NETCASH_FINANCE":-63848695.4,"END_CASH":100644740.77,"DIVI_RATIO":0.223387755515,"DIVIDEND_RATE":9.180327868852,"CURRENT_RATIO":0.890756066612,"COMMON_ACS":1000000000,"CURRENTDEBT_DEBT":70.220708750736,"ISSUED_COMMON_SHARES":636508315,"HK_COMMON_SHARES":636508315,"PER_SHARES":2000,"TOTAL_MARKET_CAP":194135036.075,"HKSK_MARKET_CAP":194135036.075,"PE_TTM":2.411914971736,"PB_TTM":0.189670199577,"REPORT_DATE_SQ":"2022-06-30 00:00:00","REPORT_TYPE_SQ":"2022年中报","OPERATE_INCOME_SQ":1223078734.2,"DPS_HKD":0.028,"OPERATE_INCOME_QOQ_SQ":0,"NET_PROFIT_RATIO_SQ":3.6769811544,"HOLDER_PROFIT_SQ":43347095.88,"HOLDER_PROFIT_QOQ_SQ":0,"ROE_AVG_SQ":5.095928106021,"PE_TTM_SQ":2.144163238282,"PB_TTM_SQ":0.204996178258,"ROA_SQ":1.505558238798,"START_DATE":"2023-04-01 00:00:00","FISCAL_YEAR":"3-31","CURRENCY":"HKD","IS_CNY_CODE":0,"DPS_HKD_LY":0.03,"ORG_TYPE":"一般企业","PREMIUM_INCOME":null,"PREMIUM_INCOME_YOY":null,"NET_INTEREST_INCOME":null,"NET_INTEREST_INCOME_YOY":null,"FEE_COMMISSION_INCOME":null,"FEE_COMMISSION_INCOME_YOY":null,"ACCOUNTS_RECE_TDAYS":2.92544212643,"INVENTORY_TDAYS":2.160394178498,"CURRENT_ASSETS_TDAYS":1.098872933436,"TOTAL_ASSETS_TDAYS":0.433356917038,"PREMIUM_EXPENSE":null,"LOAN_DEPOSIT":null,"LOAN_EQUITY":null,"LOAN_ASSETS":null,"DEPOSIT_EQUITY":null,"DEPOSIT_ASSETS":null,"EQUITY_MULTIPLIER":2.738790899922,"EQUITY_RATIO":1.926522560491},{"SECUCODE":"01001.HK","SECURITY_CODE":"01001","SECURITY_NAME_ABBR":"沪港联合","ORG_CODE":"10009200","STD_REPORT_DATE":"2022-12-31 00:00:00","REPORT_DATE":"2023-03-31 00:00:00","DATE_TYPE_CODE":"001","REPORT_TYPE":"2022年年报","PER_NETCASH_OPERATE":0.004379686047,"PER_OI":3.633992554039,"BPS":1.321898593092,"BASIC_EPS":0.113278054,"DILUTED_EPS":0.113278054,"OPERATE_INCOME":2327260852.21,"OPERATE_INCOME_YOY":-5.3213789665,"GROSS_PROFIT":308130313.44,"GROSS_PROFIT_YOY":11.846299289217,"HOLDER_PROFIT":72524216.86,"HOLDER_PROFIT_YOY":26.4766499244,"GROSS_PROFIT_RATIO":13.240041963813,"EPS_TTM":0.086165674061,"OPERATE_INCOME_QOQ":0,"NET_PROFIT_RATIO":3.0913517907,"ROE_AVG":8.488389249092,"GROSS_PROFIT_QOQ":0,"ROA":2.619370492355,"HOLDER_PROFIT_QOQ":0,"ROE_YEARLY":8.488389249092,"ROIC_YEARLY":2.879432163159,"TOTAL_ASSETS":2588955917.61,"TOTAL_LIABILITIES":1649944754.88,"TAX_EBT":11.994560095948,"OCF_SALES":0.120519951055,"TOTAL_PARENT_EQUITY":841399446.09,"DEBT_ASSET_RATIO":63.7301216161,"OPERATE_PROFIT":158254868.98,"PRETAX_PROFIT":81749287.44,"NETCASH_OPERATE":2804813.64,"NETCASH_INVEST":-9462306.69,"NETCASH_FINANCE":-27921201.95,"END_CASH":129109843.85,"DIVI_RATIO":0.293593943015,"DIVIDEND_RATE":8.75,"CURRENT_RATIO":0.676040575668,"COMMON_ACS":1000000000,"CURRENTDEBT_DEBT":90.93082013277,"ISSUED_COMMON_SHARES":636508315,"HK_COMMON_SHARES":636508315,"PER_SHARES":2000,"TOTAL_MARKET_CAP":203682660.8,"HKSK_MARKET_CAP":203682660.8,"PE_TTM":2.530533740837,"PB_TTM":0.198998242179,"REPORT_DATE_SQ":"2021-12-31 00:00:00","REPORT_TYPE_SQ":"2021年年报","OPERATE_INCOME_SQ":2277234979,"DPS_HKD":0.028,"OPERATE_INCOME_QOQ_SQ":0,"NET_PROFIT_RATIO_SQ":2.2593041063,"HOLDER_PROFIT_SQ":53123588.03,"HOLDER_PROFIT_QOQ_SQ":0,"ROE_AVG_SQ":6.973760697046,"PE_TTM_SQ":2.144163238282,"PB_TTM_SQ":0.204996178258,"ROA_SQ":2.069935002278,"START_DATE":"2022-04-01 00:00:00","FISCAL_YEAR":"3-31","CURRENCY":"HKD","IS_CNY_CODE":0,"DPS_HKD_LY":0.025,"ORG_TYPE":"一般企业","PREMIUM_INCOME":null,"PREMIUM_INCOME_YOY":null,"NET_INTEREST_INCOME":null,"NET_INTEREST_INCOME_YOY":null,"FEE_COMMISSION_INCOME":null,"FEE_COMMISSION_INCOME_YOY":null,"ACCOUNTS_RECE_TDAYS":5.654706297752,"INVENTORY_TDAYS":4.520225413832,"CURRENT_ASSETS_TDAYS":2.076862021473,"TOTAL_ASSETS_TDAYS":0.840541086581,"PREMIUM_EXPENSE":null,"LOAN_DEPOSIT":null,"LOAN_EQUITY":null,"LOAN_ASSETS":null,"DEPOSIT_EQUITY":null,"DEPOSIT_ASSETS":null,"EQUITY_MULTIPLIER":2.757108776091,"EQUITY_RATIO":1.960952984397},{"SECUCODE":"01001.HK","SECURITY_CODE":"01001","SECURITY_NAME_ABBR":"沪港联合","ORG_CODE":"10009200","STD_REPORT_DATE":"2022-06-30 00:00:00","REPORT_DATE":"2022-09-30 00:00:00","DATE_TYPE_CODE":"002","REPORT_TYPE":"2022年中报","PER_NETCASH_OPERATE":-0.076597463753,"PER_OI":1.909824164689,"BPS":1.264859512605,"BASIC_EPS":0.067652112,"DILUTED_EPS":0.067652112,"OPERATE_INCOME":1223078734.2,"OPERATE_INCOME_YOY":-0.5505257793,"GROSS_PROFIT":158686711.32,"GROSS_PROFIT_YOY":-0.723630922799,"HOLDER_PROFIT":43347095.88,"HOLDER_PROFIT_YOY":-3.300849424,"GROSS_PROFIT_RATIO":12.974365989921,"EPS_TTM":0.082951905955,"OPERATE_INCOME_QOQ":0,"NET_PROFIT_RATIO":3.6769811544,"ROE_AVG":5.095928106021,"GROSS_PROFIT_QOQ":0,"ROA":1.505558238798,"HOLDER_PROFIT_QOQ":0,"ROE_YEARLY":10.191856212041,"ROIC_YEARLY":3.307172054614,"TOTAL_ASSETS":2711921735.76,"TOTAL_LIABILITIES":1809712084.8,"TAX_EBT":16.875908992126,"OCF_SALES":-4.010707643616,"TOTAL_PARENT_EQUITY":805093597.08,"DEBT_ASSET_RATIO":66.7317224143,"OPERATE_PROFIT":85715587.68,"PRETAX_PROFIT":54102696.36,"NETCASH_OPERATE":-49054112.28,"NETCASH_INVEST":-3881856.48,"NETCASH_FINANCE":21637822.56,"END_CASH":135882161.16,"DIVI_RATIO":0.304968520118,"DIVIDEND_RATE":8.75,"CURRENT_RATIO":1.044871321865,"COMMON_ACS":1000000000,"CURRENTDEBT_DEBT":59.60198308778,"ISSUED_COMMON_SHARES":636508315,"HK_COMMON_SHARES":636508315,"PER_SHARES":2000,"TOTAL_MARKET_CAP":203682660.8,"HKSK_MARKET_CAP":203682660.8,"PE_TTM":2.530533740837,"PB_TTM":0.198998242179,"REPORT_DATE_SQ":"2021-06-30 00:00:00","REPORT_TYPE_SQ":"2021年中报","OPERATE_INCOME_SQ":1132787490.46,"DPS_HKD":0.028,"OPERATE_INCOME_QOQ_SQ":0,"NET_PROFIT_RATIO_SQ":3.6148202187,"HOLDER_PROFIT_SQ":41288952.78,"HOLDER_PROFIT_QOQ_SQ":0,"ROE_AVG_SQ":5.387229907534,"PE_TTM_SQ":2.144163238282,"PB_TTM_SQ":0.204996178258,"ROA_SQ":1.599896445578,"START_DATE":"2022-04-01 00:00:00","FISCAL_YEAR":"3-31","CURRENCY":"HKD","IS_CNY_CODE":0,"DPS_HKD_LY":0.025,"ORG_TYPE":"一般企业","PREMIUM_INCOME":null,"PREMIUM_INCOME_YOY":null,"NET_INTEREST_INCOME":null,"NET_INTEREST_INCOME_YOY":null,"FEE_COMMISSION_INCOME":null,"FEE_COMMISSION_INCOME_YOY":null,"ACCOUNTS_RECE_TDAYS":2.788401463993,"INVENTORY_TDAYS":2.23180927294,"CURRENT_ASSETS_TDAYS":1.021543126478,"TOTAL_ASSETS_TDAYS":0.424807297373,"PREMIUM_EXPENSE":null,"LOAN_DEPOSIT":null,"LOAN_EQUITY":null,"LOAN_ASSETS":null,"DEPOSIT_EQUITY":null,"DEPOSIT_ASSETS":null,"EQUITY_MULTIPLIER":3.005866466708,"EQUITY_RATIO":2.247828192105},{"SECUCODE":"01001.HK","SECURITY_CODE":"01001","SECURITY_NAME_ABBR":"沪港联合","ORG_CODE":"10009200","STD_REPORT_DATE":"2021-12-31 00:00:00","REPORT_DATE":"2022-03-31 00:00:00","DATE_TYPE_CODE":"001","REPORT_TYPE":"2021年年报","PER_NETCASH_OPERATE":0.099646637131,"PER_OI":3.555877696144,"BPS":1.26247697699,"BASIC_EPS":0.082885222,"DILUTED_EPS":0.082885222,"OPERATE_INCOME":2277234979,"OPERATE_INCOME_YOY":35.4097544791,"GROSS_PROFIT":275494419.93,"GROSS_PROFIT_YOY":28.828058040429,"HOLDER_PROFIT":53123588.03,"HOLDER_PROFIT_YOY":3815.3018529588,"GROSS_PROFIT_RATIO":12.097759891734,"EPS_TTM":0.065989250685,"OPERATE_INCOME_QOQ":0,"NET_PROFIT_RATIO":2.2593041063,"ROE_AVG":6.973760697046,"GROSS_PROFIT_QOQ":0,"ROA":2.069935002278,"HOLDER_PROFIT_QOQ":0,"ROE_YEARLY":6.973760697046,"ROIC_YEARLY":2.26780238548,"TOTAL_ASSETS":2731660913.21,"TOTAL_LIABILITIES":1828010862.93,"TAX_EBT":23.572994723273,"OCF_SALES":2.802307774493,"TOTAL_PARENT_EQUITY":803577093.35,"DEBT_ASSET_RATIO":66.919391572,"OPERATE_PROFIT":127322081.92,"PRETAX_PROFIT":67318696.06,"NETCASH_OPERATE":63815132.86,"NETCASH_INVEST":-15849568.43,"NETCASH_FINANCE":7947898,"END_CASH":153224930.31,"DIVI_RATIO":0.383361225313,"DIVIDEND_RATE":8.75,"CURRENT_RATIO":1.019903618456,"COMMON_ACS":1000000000,"CURRENTDEBT_DEBT":60.963898290722,"ISSUED_COMMON_SHARES":636508315,"HK_COMMON_SHARES":636508315,"PER_SHARES":2000,"TOTAL_MARKET_CAP":203682660.8,"HKSK_MARKET_CAP":203682660.8,"PE_TTM":2.530533740837,"PB_TTM":0.198998242179,"REPORT_DATE_SQ":"2020-12-31 00:00:00","REPORT_TYPE_SQ":"2020年年报","OPERATE_INCOME_SQ":1752592293.76,"DPS_HKD":0.028,"OPERATE_INCOME_QOQ_SQ":0,"NET_PROFIT_RATIO_SQ":0.1843625098,"HOLDER_PROFIT_SQ":1413986.14,"HOLDER_PROFIT_QOQ_SQ":0,"ROE_AVG_SQ":0.197571278592,"PE_TTM_SQ":2.144163238282,"PB_TTM_SQ":0.204996178258,"ROA_SQ":0.058765478846,"START_DATE":"2021-04-01 00:00:00","FISCAL_YEAR":"3-31","CURRENCY":"HKD","IS_CNY_CODE":0,"DPS_HKD_LY":0.025,"ORG_TYPE":"一般企业","PREMIUM_INCOME":null,"PREMIUM_INCOME_YOY":null,"NET_INTEREST_INCOME":null,"NET_INTEREST_INCOME_YOY":null,"FEE_COMMISSION_INCOME":null,"FEE_COMMISSION_INCOME_YOY":null,"ACCOUNTS_RECE_TDAYS":6.429726177337,"INVENTORY_TDAYS":4.983568525387,"CURRENT_ASSETS_TDAYS":2.263964433207,"TOTAL_ASSETS_TDAYS":0.887313633405,"PREMIUM_EXPENSE":null,"LOAN_DEPOSIT":null,"LOAN_EQUITY":null,"LOAN_ASSETS":null,"DEPOSIT_EQUITY":null,"DEPOSIT_ASSETS":null,"EQUITY_MULTIPLIER":3.022919007601,"EQUITY_RATIO":2.274841926254},{"SECUCODE":"01001.HK","SECURITY_CODE":"01001","SECURITY_NAME_ABBR":"沪港联合","ORG_CODE":"10009200","STD_REPORT_DATE":"2021-06-30 00:00:00","REPORT_DATE":"2021-09-30 00:00:00","DATE_TYPE_CODE":"002","REPORT_TYPE":"2021年中报","PER_NETCASH_OPERATE":-0.183019722829,"PER_OI":1.766578919935,"BPS":1.246363197659,"BASIC_EPS":0.064395538,"DILUTED_EPS":0.064395538,"OPERATE_INCOME":1132787490.46,"OPERATE_INCOME_YOY":42.262254743,"GROSS_PROFIT":159843387.5,"GROSS_PROFIT_YOY":29.665261370112,"HOLDER_PROFIT":41288952.78,"HOLDER_PROFIT_YOY":10535.8369098712,"GROSS_PROFIT_RATIO":14.110624353301,"EPS_TTM":0.002205107427,"OPERATE_INCOME_QOQ":0,"NET_PROFIT_RATIO":3.6148202187,"ROE_AVG":5.387229907534,"GROSS_PROFIT_QOQ":0,"ROA":1.599896445578,"HOLDER_PROFIT_QOQ":0,"ROE_YEARLY":10.774459815067,"ROIC_YEARLY":3.493809630975,"TOTAL_ASSETS":2694954098.36,"TOTAL_LIABILITIES":1799370446.18,"TAX_EBT":20.859764933183,"OCF_SALES":-10.360121518675,"TOTAL_PARENT_EQUITY":793320538.82,"DEBT_ASSET_RATIO":66.7681296418,"OPERATE_PROFIT":83814999.66,"PRETAX_PROFIT":51741356.6,"NETCASH_OPERATE":-117358160.56,"NETCASH_INVEST":-7076844.7,"NETCASH_FINANCE":157072629.94,"END_CASH":132253273.36,"DIVI_RATIO":11.472329962033,"DIVIDEND_RATE":8.75,"CURRENT_RATIO":1.030744441518,"COMMON_ACS":1000000000,"CURRENTDEBT_DEBT":59.247168804136,"ISSUED_COMMON_SHARES":636508315,"HK_COMMON_SHARES":636508315,"PER_SHARES":2000,"TOTAL_MARKET_CAP":203682660.8,"HKSK_MARKET_CAP":203682660.8,"PE_TTM":2.530533740837,"PB_TTM":0.198998242179,"REPORT_DATE_SQ":"2020-06-30 00:00:00","REPORT_TYPE_SQ":"2020年中报","OPERATE_INCOME_SQ":839910452.48,"DPS_HKD":0.028,"OPERATE_INCOME_QOQ_SQ":0,"NET_PROFIT_RATIO_SQ":0.1710548066,"HOLDER_PROFIT_SQ":409483.52,"HOLDER_PROFIT_QOQ_SQ":0,"ROE_AVG_SQ":0.055914654559,"PE_TTM_SQ":2.144163238282,"PB_TTM_SQ":0.204996178258,"ROA_SQ":0.016625688151,"START_DATE":"2021-04-01 00:00:00","FISCAL_YEAR":"3-31","CURRENCY":"HKD","IS_CNY_CODE":0,"DPS_HKD_LY":0.025,"ORG_TYPE":"一般企业","PREMIUM_INCOME":null,"PREMIUM_INCOME_YOY":null,"NET_INTEREST_INCOME":null,"NET_INTEREST_INCOME_YOY":null,"FEE_COMMISSION_INCOME":null,"FEE_COMMISSION_INCOME_YOY":null,"ACCOUNTS_RECE_TDAYS":3.285610559062,"INVENTORY_TDAYS":2.372836383399,"CURRENT_ASSETS_TDAYS":1.13405743466,"TOTAL_ASSETS_TDAYS":0.438941304527,"PREMIUM_EXPENSE":null,"LOAN_DEPOSIT":null,"LOAN_EQUITY":null,"LOAN_ASSETS":null,"DEPOSIT_EQUITY":null,"DEPOSIT_ASSETS":null,"EQUITY_MULTIPLIER":3.009159548413,"EQUITY_RATIO":2.268150587474},{"SECUCODE":"01001.HK","SECURITY_CODE":"01001","SECURITY_NAME_ABBR":"沪港联合","ORG_CODE":"10009200","STD_REPORT_DATE":"2020-12-31 00:00:00","REPORT_DATE":"2021-03-31 00:00:00","DATE_TYPE_CODE":"001","REPORT_TYPE":"2020年年报","PER_NETCASH_OPERATE":0.103624232381,"PER_OI":2.733162775429,"BPS":1.178749777652,"BASIC_EPS":0.002197468,"DILUTED_EPS":0.002197468,"OPERATE_INCOME":1752592293.76,"OPERATE_INCOME_YOY":-10.8127160455,"GROSS_PROFIT":213846598.42,"GROSS_PROFIT_YOY":-3.128416502699,"HOLDER_PROFIT":1413986.14,"HOLDER_PROFIT_YOY":101.8525285409,"GROSS_PROFIT_RATIO":12.201731068965,"EPS_TTM":-0.131514127528,"OPERATE_INCOME_QOQ":0,"NET_PROFIT_RATIO":0.1843625098,"ROE_AVG":0.197571278592,"GROSS_PROFIT_QOQ":0,"ROA":0.058765478846,"HOLDER_PROFIT_QOQ":0,"ROE_YEARLY":0.197571278592,"ROIC_YEARLY":0.064063216188,"TOTAL_ASSETS":2502383588.6,"TOTAL_LIABILITIES":1650012797.16,"TAX_EBT":71.389013620716,"OCF_SALES":3.791367031373,"TOTAL_PARENT_EQUITY":750284034.78,"DEBT_ASSET_RATIO":65.9376445992,"OPERATE_PROFIT":81137280,"PRETAX_PROFIT":11293295.16,"NETCASH_OPERATE":66447206.42,"NETCASH_INVEST":-17368449,"NETCASH_FINANCE":-51162126.12,"END_CASH":100659247.64,"DIVI_RATIO":-0.192357433194,"DIVIDEND_RATE":8.75,"CURRENT_RATIO":1.012907234998,"COMMON_ACS":1000000000,"CURRENTDEBT_DEBT":54.567163628652,"ISSUED_COMMON_SHARES":636508315,"HK_COMMON_SHARES":636508315,"PER_SHARES":2000,"TOTAL_MARKET_CAP":203682660.8,"HKSK_MARKET_CAP":203682660.8,"PE_TTM":2.530533740837,"PB_TTM":0.198998242179,"REPORT_DATE_SQ":"2019-12-31 00:00:00","REPORT_TYPE_SQ":"2019年年报","OPERATE_INCOME_SQ":2124380824.7,"DPS_HKD":0.028,"OPERATE_INCOME_QOQ_SQ":0,"NET_PROFIT_RATIO_SQ":-3.7913903083,"HOLDER_PROFIT_SQ":-82515333.3,"HOLDER_PROFIT_QOQ_SQ":0,"ROE_AVG_SQ":-10.055612125882,"PE_TTM_SQ":2.144163238282,"PB_TTM_SQ":0.204996178258,"ROA_SQ":-3.152328144553,"START_DATE":"2020-04-01 00:00:00","FISCAL_YEAR":"3-31","CURRENCY":"HKD","IS_CNY_CODE":0,"DPS_HKD_LY":null,"ORG_TYPE":"一般企业","PREMIUM_INCOME":null,"PREMIUM_INCOME_YOY":null,"NET_INTEREST_INCOME":null,"NET_INTEREST_INCOME_YOY":null,"FEE_COMMISSION_INCOME":null,"FEE_COMMISSION_INCOME_YOY":null,"ACCOUNTS_RECE_TDAYS":5.738204016349,"INVENTORY_TDAYS":4.563334423653,"CURRENT_ASSETS_TDAYS":2.053426285352,"TOTAL_ASSETS_TDAYS":0.72838002051,"PREMIUM_EXPENSE":null,"LOAN_DEPOSIT":null,"LOAN_EQUITY":null,"LOAN_ASSETS":null,"DEPOSIT_EQUITY":null,"DEPOSIT_ASSETS":null,"EQUITY_MULTIPLIER":2.935792279287,"EQUITY_RATIO":2.199184203145},{"SECUCODE":"01001.HK","SECURITY_CODE":"01001","SECURITY_NAME_ABBR":"沪港联合","ORG_CODE":"10009200","STD_REPORT_DATE":"2020-06-30 00:00:00","REPORT_DATE":"2020-09-30 00:00:00","DATE_TYPE_CODE":"002","REPORT_TYPE":"2020年中报","PER_NETCASH_OPERATE":0.100570821669,"PER_OI":1.309837999166,"BPS":1.188611690517,"BASIC_EPS":0.000615104,"DILUTED_EPS":0.000615104,"OPERATE_INCOME":839910452.48,"OPERATE_INCOME_YOY":-21.594339375,"GROSS_PROFIT":123273871.36,"GROSS_PROFIT_YOY":7.335303085959,"HOLDER_PROFIT":409483.52,"HOLDER_PROFIT_YOY":-81.1106607215,"GROSS_PROFIT_RATIO":14.677025508613,"EPS_TTM":-0.128682431265,"OPERATE_INCOME_QOQ":0,"NET_PROFIT_RATIO":0.1710548066,"ROE_AVG":0.055914654559,"GROSS_PROFIT_QOQ":0,"ROA":0.016625688151,"HOLDER_PROFIT_QOQ":0,"ROE_YEARLY":0.111829309118,"ROIC_YEARLY":0.036084925019,"TOTAL_ASSETS":2524328820.48,"TOTAL_LIABILITIES":1667658541.44,"TAX_EBT":75.745438362261,"OCF_SALES":7.678111471239,"TOTAL_PARENT_EQUITY":756561224.32,"DEBT_ASSET_RATIO":66.0634433957,"OPERATE_PROFIT":45232112,"PRETAX_PROFIT":5923451.52,"NETCASH_OPERATE":64489260.8,"NETCASH_INVEST":-23037402.24,"NETCASH_FINANCE":-63794193.28,"END_CASH":83739379.84,"DIVI_RATIO":-0.196590317352,"DIVIDEND_RATE":8.75,"CURRENT_RATIO":1.072832238984,"COMMON_ACS":1000000000,"CURRENTDEBT_DEBT":51.631787302004,"ISSUED_COMMON_SHARES":636508315,"HK_COMMON_SHARES":636508315,"PER_SHARES":2000,"TOTAL_MARKET_CAP":203682660.8,"HKSK_MARKET_CAP":203682660.8,"PE_TTM":2.530533740837,"PB_TTM":0.198998242179,"REPORT_DATE_SQ":"2019-06-30 00:00:00","REPORT_TYPE_SQ":"2019年中报","OPERATE_INCOME_SQ":1099629566.88,"DPS_HKD":0.028,"OPERATE_INCOME_QOQ_SQ":0,"NET_PROFIT_RATIO_SQ":0.111148662,"HOLDER_PROFIT_SQ":2225258.67,"HOLDER_PROFIT_QOQ_SQ":0,"ROE_AVG_SQ":0.260345075948,"PE_TTM_SQ":2.144163238282,"PB_TTM_SQ":0.204996178258,"ROA_SQ":0.082074437223,"START_DATE":"2020-04-01 00:00:00","FISCAL_YEAR":"3-31","CURRENCY":"HKD","IS_CNY_CODE":0,"DPS_HKD_LY":null,"ORG_TYPE":"一般企业","PREMIUM_INCOME":null,"PREMIUM_INCOME_YOY":null,"NET_INTEREST_INCOME":null,"NET_INTEREST_INCOME_YOY":null,"FEE_COMMISSION_INCOME":null,"FEE_COMMISSION_INCOME_YOY":null,"ACCOUNTS_RECE_TDAYS":2.770782302178,"INVENTORY_TDAYS":2.102380544216,"CURRENT_ASSETS_TDAYS":0.959728096753,"TOTAL_ASSETS_TDAYS":0.341017124637,"PREMIUM_EXPENSE":null,"LOAN_DEPOSIT":null,"LOAN_EQUITY":null,"LOAN_ASSETS":null,"DEPOSIT_EQUITY":null,"DEPOSIT_ASSETS":null,"EQUITY_MULTIPLIER":2.946674913604,"EQUITY_RATIO":2.204261185787}],"count":47},"success":true,"message":"ok","code":0}