{"version":"042bae59053478473a9df2dc4aadd51a","result":{"pages":4,"data":[{"SECUCODE":"01007.HK","SECURITY_CODE":"01007","SECURITY_NAME_ABBR":"龙辉国际控股","ORG_CODE":"10144604","STD_REPORT_DATE":"2024-06-30 00:00:00","REPORT_DATE":"2024-06-30 00:00:00","DATE_TYPE_CODE":"002","REPORT_TYPE":"2024年中报","PER_NETCASH_OPERATE":-0.015362453027,"PER_OI":0.174402396277,"BPS":-0.891220237732,"BASIC_EPS":-0.05,"DILUTED_EPS":-0.05,"OPERATE_INCOME":29403000,"OPERATE_INCOME_YOY":-34.6091404426,"GROSS_PROFIT":20404000,"GROSS_PROFIT_YOY":-31.234834187112,"HOLDER_PROFIT":-5617000,"HOLDER_PROFIT_YOY":-147.2271126761,"GROSS_PROFIT_RATIO":69.39427949529,"EPS_TTM":-0.104986648101,"OPERATE_INCOME_QOQ":-18.915075419639,"NET_PROFIT_RATIO":-19.1034928409,"ROE_AVG":3.14272925642,"GROSS_PROFIT_QOQ":-17.000513610683,"ROA":-9.894048950618,"HOLDER_PROFIT_QOQ":-23.301985370951,"ROE_YEARLY":6.285458512841,"ROIC_YEARLY":-25.851138494817,"TOTAL_ASSETS":68142000,"TOTAL_LIABILITIES":239322000,"TAX_EBT":null,"OCF_SALES":-8.808624970241,"TOTAL_PARENT_EQUITY":-168969000,"DEBT_ASSET_RATIO":351.2107070529,"OPERATE_PROFIT":-4430000,"PRETAX_PROFIT":-5617000,"NETCASH_OPERATE":-2590000,"NETCASH_INVEST":-16000,"NETCASH_FINANCE":27756000,"END_CASH":28124000,"DIVI_RATIO":null,"DIVIDEND_RATE":null,"CURRENT_RATIO":0.222162079948,"COMMON_ACS":500000000,"CURRENTDEBT_DEBT":93.407208697905,"ISSUED_COMMON_SHARES":189592867,"HK_COMMON_SHARES":189592867,"PER_SHARES":4000,"TOTAL_MARKET_CAP":13840279.291,"HKSK_MARKET_CAP":13840279.291,"PE_TTM":-0.70864352145,"PB_TTM":-0.074757772747,"REPORT_DATE_SQ":"2023-06-30 00:00:00","REPORT_TYPE_SQ":"2023年中报","OPERATE_INCOME_SQ":44965000,"DPS_HKD":null,"OPERATE_INCOME_QOQ_SQ":18.573859627278,"NET_PROFIT_RATIO_SQ":-5.1706883131,"HOLDER_PROFIT_SQ":-2272000,"HOLDER_PROFIT_QOQ_SQ":19.709493620095,"ROE_AVG_SQ":1.21467121812,"PE_TTM_SQ":-1.240859707951,"PB_TTM_SQ":-0.334799748409,"ROA_SQ":-5.263950511451,"START_DATE":"2024-01-01 00:00:00","FISCAL_YEAR":"12-31","CURRENCY":"HKD","IS_CNY_CODE":0,"DPS_HKD_LY":null,"ORG_TYPE":"一般企业","PREMIUM_INCOME":null,"PREMIUM_INCOME_YOY":null,"NET_INTEREST_INCOME":null,"NET_INTEREST_INCOME_YOY":null,"FEE_COMMISSION_INCOME":null,"FEE_COMMISSION_INCOME_YOY":null,"ACCOUNTS_RECE_TDAYS":24.739587715608,"INVENTORY_TDAYS":0.674815342507,"CURRENT_ASSETS_TDAYS":0.779899737407,"TOTAL_ASSETS_TDAYS":0.517918321693,"PREMIUM_EXPENSE":null,"LOAN_DEPOSIT":null,"LOAN_EQUITY":null,"LOAN_ASSETS":null,"DEPOSIT_EQUITY":null,"DEPOSIT_ASSETS":null,"EQUITY_MULTIPLIER":-0.398072204697,"EQUITY_RATIO":-1.416366315715},{"SECUCODE":"01007.HK","SECURITY_CODE":"01007","SECURITY_NAME_ABBR":"龙辉国际控股","ORG_CODE":"10144604","STD_REPORT_DATE":"2023-12-31 00:00:00","REPORT_DATE":"2023-12-31 00:00:00","DATE_TYPE_CODE":"001","REPORT_TYPE":"2023年年报","PER_NETCASH_OPERATE":0.089178554855,"PER_OI":0.780779742854,"BPS":-0.994188246544,"BASIC_EPS":-0.143,"DILUTED_EPS":-0.143,"OPERATE_INCOME":82273000,"OPERATE_INCOME_YOY":13.8269760235,"GROSS_PROFIT":54516000,"GROSS_PROFIT_YOY":13.47098493048,"HOLDER_PROFIT":-14355000,"HOLDER_PROFIT_YOY":76.9601155605,"GROSS_PROFIT_RATIO":66.262321782359,"EPS_TTM":-0.136230515584,"OPERATE_INCOME_QOQ":-4.003313730981,"NET_PROFIT_RATIO":-17.677731455,"ROE_AVG":7.677127454755,"GROSS_PROFIT_QOQ":-5.671869052151,"ROA":-32.148975958255,"HOLDER_PROFIT_QOQ":71.304347826087,"ROE_YEARLY":7.677127454755,"ROIC_YEARLY":-32.292170470267,"TOTAL_ASSETS":45401000,"TOTAL_LIABILITIES":236103000,"TAX_EBT":0.185299567634,"OCF_SALES":11.421730093712,"TOTAL_PARENT_EQUITY":-188491000,"DEBT_ASSET_RATIO":520.0392061849,"OPERATE_PROFIT":-10722000,"PRETAX_PROFIT":-14571000,"NETCASH_OPERATE":9397000,"NETCASH_INVEST":-147000,"NETCASH_FINANCE":-8032000,"END_CASH":2928000,"DIVI_RATIO":null,"DIVIDEND_RATE":null,"CURRENT_RATIO":0.117920054977,"COMMON_ACS":500000000,"CURRENTDEBT_DEBT":92.449058250001,"ISSUED_COMMON_SHARES":189592867,"HK_COMMON_SHARES":189592867,"PER_SHARES":4000,"TOTAL_MARKET_CAP":18959286.7,"HKSK_MARKET_CAP":18959286.7,"PE_TTM":-0.970744549931,"PB_TTM":-0.102407907873,"REPORT_DATE_SQ":"2022-12-31 00:00:00","REPORT_TYPE_SQ":"2022年年报","OPERATE_INCOME_SQ":72279000,"DPS_HKD":null,"OPERATE_INCOME_QOQ_SQ":-33.307189783716,"NET_PROFIT_RATIO_SQ":-86.7333527027,"HOLDER_PROFIT_SQ":-62305000,"HOLDER_PROFIT_QOQ_SQ":-89.00348854846,"ROE_AVG_SQ":38.636243841486,"PE_TTM_SQ":-1.469941500188,"PB_TTM_SQ":-0.39660893273,"ROA_SQ":-92.698530779245,"START_DATE":"2023-01-01 00:00:00","FISCAL_YEAR":"12-31","CURRENCY":"HKD","IS_CNY_CODE":0,"DPS_HKD_LY":null,"ORG_TYPE":"一般企业","PREMIUM_INCOME":null,"PREMIUM_INCOME_YOY":null,"NET_INTEREST_INCOME":null,"NET_INTEREST_INCOME_YOY":null,"FEE_COMMISSION_INCOME":null,"FEE_COMMISSION_INCOME_YOY":null,"ACCOUNTS_RECE_TDAYS":49.547124360132,"INVENTORY_TDAYS":1.932064177079,"CURRENT_ASSETS_TDAYS":3.115634408195,"TOTAL_ASSETS_TDAYS":1.842558480678,"PREMIUM_EXPENSE":null,"LOAN_DEPOSIT":null,"LOAN_EQUITY":null,"LOAN_ASSETS":null,"DEPOSIT_EQUITY":null,"DEPOSIT_ASSETS":null,"EQUITY_MULTIPLIER":-0.238073014441,"EQUITY_RATIO":-1.252595614645},{"SECUCODE":"01007.HK","SECURITY_CODE":"01007","SECURITY_NAME_ABBR":"龙辉国际控股","ORG_CODE":"10144604","STD_REPORT_DATE":"2023-06-30 00:00:00","REPORT_DATE":"2023-06-30 00:00:00","DATE_TYPE_CODE":"002","REPORT_TYPE":"2023年中报","PER_NETCASH_OPERATE":0.115322988378,"PER_OI":0.451855888149,"BPS":-0.994847554049,"BASIC_EPS":-0.02,"DILUTED_EPS":-0.02,"OPERATE_INCOME":44965000,"OPERATE_INCOME_YOY":42.5649968294,"GROSS_PROFIT":29672000,"GROSS_PROFIT_YOY":48.940869390623,"HOLDER_PROFIT":-2272000,"HOLDER_PROFIT_YOY":84.3870258384,"GROSS_PROFIT_RATIO":65.989102635383,"EPS_TTM":-0.502704121086,"OPERATE_INCOME_QOQ":18.573859627278,"NET_PROFIT_RATIO":-5.1706883131,"ROE_AVG":1.21467121812,"GROSS_PROFIT_QOQ":20.293897260844,"ROA":-5.263950511451,"HOLDER_PROFIT_QOQ":19.709493620095,"ROE_YEARLY":2.429342436239,"ROIC_YEARLY":-10.784127586862,"TOTAL_ASSETS":42421000,"TOTAL_LIABILITIES":233112000,"TAX_EBT":1.147959183673,"OCF_SALES":25.522072723229,"TOTAL_PARENT_EQUITY":-188616000,"DEBT_ASSET_RATIO":549.5202847646,"OPERATE_PROFIT":-466000,"PRETAX_PROFIT":-2352000,"NETCASH_OPERATE":11476000,"NETCASH_INVEST":-114000,"NETCASH_FINANCE":-8503000,"END_CASH":4447000,"DIVI_RATIO":null,"DIVIDEND_RATE":null,"CURRENT_RATIO":0.128202496854,"COMMON_ACS":500000000,"CURRENTDEBT_DEBT":96.143484676894,"ISSUED_COMMON_SHARES":189592867,"HK_COMMON_SHARES":189592867,"PER_SHARES":4000,"TOTAL_MARKET_CAP":18959286.7,"HKSK_MARKET_CAP":18959286.7,"PE_TTM":-0.970744549931,"PB_TTM":-0.102407907873,"REPORT_DATE_SQ":"2022-06-30 00:00:00","REPORT_TYPE_SQ":"2022年中报","OPERATE_INCOME_SQ":31540000,"DPS_HKD":null,"OPERATE_INCOME_QOQ_SQ":-33.463897398746,"NET_PROFIT_RATIO_SQ":-46.547241598,"HOLDER_PROFIT_SQ":-14552000,"HOLDER_PROFIT_QOQ_SQ":2.912764328209,"ROE_AVG_SQ":10.096335637942,"PE_TTM_SQ":-1.469941500188,"PB_TTM_SQ":-0.39660893273,"ROA_SQ":-17.686165364188,"START_DATE":"2023-01-01 00:00:00","FISCAL_YEAR":"12-31","CURRENCY":"HKD","IS_CNY_CODE":0,"DPS_HKD_LY":null,"ORG_TYPE":"一般企业","PREMIUM_INCOME":null,"PREMIUM_INCOME_YOY":null,"NET_INTEREST_INCOME":null,"NET_INTEREST_INCOME_YOY":null,"FEE_COMMISSION_INCOME":null,"FEE_COMMISSION_INCOME_YOY":null,"ACCOUNTS_RECE_TDAYS":22.95303726391,"INVENTORY_TDAYS":1.054798772287,"CURRENT_ASSETS_TDAYS":1.611446592721,"TOTAL_ASSETS_TDAYS":1.041784924064,"PREMIUM_EXPENSE":null,"LOAN_DEPOSIT":null,"LOAN_EQUITY":null,"LOAN_ASSETS":null,"DEPOSIT_EQUITY":null,"DEPOSIT_ASSETS":null,"EQUITY_MULTIPLIER":-0.222459371444,"EQUITY_RATIO":-1.23590787632},{"SECUCODE":"01007.HK","SECURITY_CODE":"01007","SECURITY_NAME_ABBR":"龙辉国际控股","ORG_CODE":"10144604","STD_REPORT_DATE":"2022-12-31 00:00:00","REPORT_DATE":"2022-12-31 00:00:00","DATE_TYPE_CODE":"001","REPORT_TYPE":"2022年年报","PER_NETCASH_OPERATE":0.046101491532,"PER_OI":0.736716715987,"BPS":-0.978291023997,"BASIC_EPS":-0.772,"DILUTED_EPS":-0.772,"OPERATE_INCOME":72279000,"OPERATE_INCOME_YOY":-55.6252033668,"GROSS_PROFIT":48044000,"GROSS_PROFIT_YOY":-54.006835217645,"HOLDER_PROFIT":-62305000,"HOLDER_PROFIT_YOY":-83.498262355,"GROSS_PROFIT_RATIO":66.470205730572,"EPS_TTM":-0.635054925906,"OPERATE_INCOME_QOQ":-33.307189783716,"NET_PROFIT_RATIO":-86.7333527027,"ROE_AVG":38.636243841486,"GROSS_PROFIT_QOQ":-31.232108095729,"ROA":-92.698530779245,"HOLDER_PROFIT_QOQ":-89.00348854846,"ROE_YEARLY":38.636243841486,"ROIC_YEARLY":-92.862944994672,"TOTAL_ASSETS":43902000,"TOTAL_LIABILITIES":231401000,"TAX_EBT":-63.259459881768,"OCF_SALES":6.257695872937,"TOTAL_PARENT_EQUITY":-185477000,"DEBT_ASSET_RATIO":527.0853264088,"OPERATE_PROFIT":-35440000,"PRETAX_PROFIT":-38399000,"NETCASH_OPERATE":4523000,"NETCASH_INVEST":436000,"NETCASH_FINANCE":-5357000,"END_CASH":1701000,"DIVI_RATIO":null,"DIVIDEND_RATE":null,"CURRENT_RATIO":0.125010389059,"COMMON_ACS":500000000,"CURRENTDEBT_DEBT":93.592508243266,"ISSUED_COMMON_SHARES":189592867,"HK_COMMON_SHARES":189592867,"PER_SHARES":4000,"TOTAL_MARKET_CAP":18959286.7,"HKSK_MARKET_CAP":18959286.7,"PE_TTM":-0.970744549931,"PB_TTM":-0.102407907873,"REPORT_DATE_SQ":"2021-12-31 00:00:00","REPORT_TYPE_SQ":"2021年年报","OPERATE_INCOME_SQ":162883000,"DPS_HKD":null,"OPERATE_INCOME_QOQ_SQ":-15.651426411264,"NET_PROFIT_RATIO_SQ":-21.0242935113,"HOLDER_PROFIT_SQ":-33954000,"HOLDER_PROFIT_QOQ_SQ":-5.663782909068,"ROE_AVG_SQ":23.846445577515,"PE_TTM_SQ":-1.469941500188,"PB_TTM_SQ":-0.39660893273,"ROA_SQ":-26.948260672873,"START_DATE":"2022-01-01 00:00:00","FISCAL_YEAR":"12-31","CURRENCY":"HKD","IS_CNY_CODE":0,"DPS_HKD_LY":null,"ORG_TYPE":"一般企业","PREMIUM_INCOME":null,"PREMIUM_INCOME_YOY":null,"NET_INTEREST_INCOME":null,"NET_INTEREST_INCOME_YOY":null,"FEE_COMMISSION_INCOME":null,"FEE_COMMISSION_INCOME_YOY":null,"ACCOUNTS_RECE_TDAYS":29.879702356346,"INVENTORY_TDAYS":1.746918474735,"CURRENT_ASSETS_TDAYS":2.07689323736,"TOTAL_ASSETS_TDAYS":1.075380323601,"PREMIUM_EXPENSE":null,"LOAN_DEPOSIT":null,"LOAN_EQUITY":null,"LOAN_ASSETS":null,"DEPOSIT_EQUITY":null,"DEPOSIT_ASSETS":null,"EQUITY_MULTIPLIER":-0.234145248775,"EQUITY_RATIO":-1.247599432814},{"SECUCODE":"01007.HK","SECURITY_CODE":"01007","SECURITY_NAME_ABBR":"龙辉国际控股","ORG_CODE":"10144604","STD_REPORT_DATE":"2022-06-30 00:00:00","REPORT_DATE":"2022-06-30 00:00:00","DATE_TYPE_CODE":"002","REPORT_TYPE":"2022年中报","PER_NETCASH_OPERATE":0.141121852258,"PER_OI":0.449866911282,"BPS":-0.797598572102,"BASIC_EPS":-0.21,"DILUTED_EPS":-0.21,"OPERATE_INCOME":31540000,"OPERATE_INCOME_YOY":-63.3456134438,"GROSS_PROFIT":19922000,"GROSS_PROFIT_YOY":-63.457270209293,"HOLDER_PROFIT":-14552000,"HOLDER_PROFIT_YOY":6.3638118525,"GROSS_PROFIT_RATIO":63.164235890932,"EPS_TTM":-0.470192223538,"OPERATE_INCOME_QOQ":-33.463897398746,"NET_PROFIT_RATIO":-46.547241598,"ROE_AVG":10.096335637942,"GROSS_PROFIT_QOQ":-33.118256923769,"ROA":-17.686165364188,"HOLDER_PROFIT_QOQ":2.912764328209,"ROE_YEARLY":20.192671275884,"ROIC_YEARLY":-35.531681113417,"TOTAL_ASSETS":74035000,"TOTAL_LIABILITIES":227020000,"TAX_EBT":0.07487067792,"OCF_SALES":31.36968928345,"TOTAL_PARENT_EQUITY":-151219000,"DEBT_ASSET_RATIO":306.6387519416,"OPERATE_PROFIT":-13661000,"PRETAX_PROFIT":-14692000,"NETCASH_OPERATE":9894000,"NETCASH_INVEST":-8000,"NETCASH_FINANCE":-9047000,"END_CASH":1945000,"DIVI_RATIO":null,"DIVIDEND_RATE":null,"CURRENT_RATIO":0.153352407132,"COMMON_ACS":500000000,"CURRENTDEBT_DEBT":94.22341643908,"ISSUED_COMMON_SHARES":189592867,"HK_COMMON_SHARES":189592867,"PER_SHARES":4000,"TOTAL_MARKET_CAP":18959286.7,"HKSK_MARKET_CAP":18959286.7,"PE_TTM":-0.970744549931,"PB_TTM":-0.102407907873,"REPORT_DATE_SQ":"2021-06-30 00:00:00","REPORT_TYPE_SQ":"2021年中报","OPERATE_INCOME_SQ":86047000,"DPS_HKD":null,"OPERATE_INCOME_QOQ_SQ":4.734295848746,"NET_PROFIT_RATIO_SQ":-18.2040047881,"HOLDER_PROFIT_SQ":-15541000,"HOLDER_PROFIT_QOQ_SQ":53.468099278867,"ROE_AVG_SQ":11.354113774927,"PE_TTM_SQ":-1.469941500188,"PB_TTM_SQ":-0.39660893273,"ROA_SQ":-10.162398276296,"START_DATE":"2022-01-01 00:00:00","FISCAL_YEAR":"12-31","CURRENCY":"HKD","IS_CNY_CODE":0,"DPS_HKD_LY":null,"ORG_TYPE":"一般企业","PREMIUM_INCOME":null,"PREMIUM_INCOME_YOY":null,"NET_INTEREST_INCOME":null,"NET_INTEREST_INCOME_YOY":null,"FEE_COMMISSION_INCOME":null,"FEE_COMMISSION_INCOME_YOY":null,"ACCOUNTS_RECE_TDAYS":16.10416134797,"INVENTORY_TDAYS":0.958225081447,"CURRENT_ASSETS_TDAYS":0.837359953274,"TOTAL_ASSETS_TDAYS":0.383329889765,"PREMIUM_EXPENSE":null,"LOAN_DEPOSIT":null,"LOAN_EQUITY":null,"LOAN_ASSETS":null,"DEPOSIT_EQUITY":null,"DEPOSIT_ASSETS":null,"EQUITY_MULTIPLIER":-0.483936333628,"EQUITY_RATIO":-1.501266375257},{"SECUCODE":"01007.HK","SECURITY_CODE":"01007","SECURITY_NAME_ABBR":"龙辉国际控股","ORG_CODE":"10144604","STD_REPORT_DATE":"2021-12-31 00:00:00","REPORT_DATE":"2021-12-31 00:00:00","DATE_TYPE_CODE":"001","REPORT_TYPE":"2021年年报","PER_NETCASH_OPERATE":-0.002442903215,"PER_OI":0.23883997864,"BPS":-0.7228331011,"BASIC_EPS":-0.55,"DILUTED_EPS":-0.55,"OPERATE_INCOME":162883000,"OPERATE_INCOME_YOY":-11.6581153934,"GROSS_PROFIT":104459000,"GROSS_PROFIT_YOY":4.587642800645,"HOLDER_PROFIT":-33954000,"HOLDER_PROFIT_YOY":50.8326334386,"GROSS_PROFIT_RATIO":64.131308976382,"EPS_TTM":-0.049787716549,"OPERATE_INCOME_QOQ":-15.651426411264,"NET_PROFIT_RATIO":-21.0242935113,"ROE_AVG":23.846445577515,"GROSS_PROFIT_QOQ":-6.543619657699,"ROA":-26.948260672873,"HOLDER_PROFIT_QOQ":-5.663782909068,"ROE_YEARLY":23.846445577515,"ROIC_YEARLY":-27.206294770917,"TOTAL_ASSETS":90523000,"TOTAL_LIABILITIES":229204000,"TAX_EBT":-3.219097567592,"OCF_SALES":-1.022820061025,"TOTAL_PARENT_EQUITY":-137044000,"DEBT_ASSET_RATIO":253.1997392928,"OPERATE_PROFIT":-29582000,"PRETAX_PROFIT":-33177000,"NETCASH_OPERATE":-1666000,"NETCASH_INVEST":-1516000,"NETCASH_FINANCE":2256000,"END_CASH":2196000,"DIVI_RATIO":null,"DIVIDEND_RATE":null,"CURRENT_RATIO":0.201795466731,"COMMON_ACS":500000000,"CURRENTDEBT_DEBT":91.94996596918,"ISSUED_COMMON_SHARES":189592867,"HK_COMMON_SHARES":189592867,"PER_SHARES":4000,"TOTAL_MARKET_CAP":18959286.7,"HKSK_MARKET_CAP":18959286.7,"PE_TTM":-0.970744549931,"PB_TTM":-0.102407907873,"REPORT_DATE_SQ":"2020-12-31 00:00:00","REPORT_TYPE_SQ":"2020年年报","OPERATE_INCOME_SQ":184378000,"DPS_HKD":null,"OPERATE_INCOME_QOQ_SQ":-28.529841576252,"NET_PROFIT_RATIO_SQ":-37.8103678313,"HOLDER_PROFIT_SQ":-69058000,"HOLDER_PROFIT_QOQ_SQ":44.653090011461,"ROE_AVG_SQ":60.310293481916,"PE_TTM_SQ":-1.469941500188,"PB_TTM_SQ":-0.39660893273,"ROA_SQ":-29.588148973318,"START_DATE":"2021-01-01 00:00:00","FISCAL_YEAR":"12-31","CURRENCY":"HKD","IS_CNY_CODE":0,"DPS_HKD_LY":null,"ORG_TYPE":"一般企业","PREMIUM_INCOME":null,"PREMIUM_INCOME_YOY":null,"NET_INTEREST_INCOME":null,"NET_INTEREST_INCOME_YOY":null,"FEE_COMMISSION_INCOME":null,"FEE_COMMISSION_INCOME_YOY":null,"ACCOUNTS_RECE_TDAYS":63.23097826087,"INVENTORY_TDAYS":4.369129524379,"CURRENT_ASSETS_TDAYS":3.377353404661,"TOTAL_ASSETS_TDAYS":1.292753002056,"PREMIUM_EXPENSE":null,"LOAN_DEPOSIT":null,"LOAN_EQUITY":null,"LOAN_ASSETS":null,"DEPOSIT_EQUITY":null,"DEPOSIT_ASSETS":null,"EQUITY_MULTIPLIER":-0.652742625161,"EQUITY_RATIO":-1.672484749424},{"SECUCODE":"01007.HK","SECURITY_CODE":"01007","SECURITY_NAME_ABBR":"龙辉国际控股","ORG_CODE":"10144604","STD_REPORT_DATE":"2021-06-30 00:00:00","REPORT_DATE":"2021-06-30 00:00:00","DATE_TYPE_CODE":"002","REPORT_TYPE":"2021年中报","PER_NETCASH_OPERATE":-0.009589553281,"PER_OI":0.135005283245,"BPS":-0.664703277049,"BASIC_EPS":-0.27,"DILUTED_EPS":-0.27,"OPERATE_INCOME":86047000,"OPERATE_INCOME_YOY":11.2897384826,"GROSS_PROFIT":54517000,"GROSS_PROFIT_YOY":27.911123624504,"HOLDER_PROFIT":-15541000,"HOLDER_PROFIT_YOY":70.3783474697,"GROSS_PROFIT_RATIO":63.357234999477,"EPS_TTM":-0.050417327412,"OPERATE_INCOME_QOQ":4.734295848746,"NET_PROFIT_RATIO":-18.2040047881,"ROE_AVG":11.354113774927,"GROSS_PROFIT_QOQ":11.910650099623,"ROA":-10.162398276296,"HOLDER_PROFIT_QOQ":53.468099278867,"ROE_YEARLY":22.708227549854,"ROIC_YEARLY":-20.696910978379,"TOTAL_ASSETS":144382000,"TOTAL_LIABILITIES":271874000,"TAX_EBT":-7.082307902652,"OCF_SALES":-7.103094820273,"TOTAL_PARENT_EQUITY":-126023000,"DEBT_ASSET_RATIO":188.3018658836,"OPERATE_PROFIT":-12648000,"PRETAX_PROFIT":-14628000,"NETCASH_OPERATE":-6112000,"NETCASH_INVEST":-1449000,"NETCASH_FINANCE":9456000,"END_CASH":5137000,"DIVI_RATIO":null,"DIVIDEND_RATE":null,"CURRENT_RATIO":0.243837713488,"COMMON_ACS":500000000,"CURRENTDEBT_DEBT":87.458528583094,"ISSUED_COMMON_SHARES":189592867,"HK_COMMON_SHARES":189592867,"PER_SHARES":4000,"TOTAL_MARKET_CAP":18959286.7,"HKSK_MARKET_CAP":18959286.7,"PE_TTM":-0.970744549931,"PB_TTM":-0.102407907873,"REPORT_DATE_SQ":"2020-06-30 00:00:00","REPORT_TYPE_SQ":"2020年中报","OPERATE_INCOME_SQ":77318000,"DPS_HKD":null,"OPERATE_INCOME_QOQ_SQ":-38.365845209227,"NET_PROFIT_RATIO_SQ":-68.2557748519,"HOLDER_PROFIT_SQ":-52465000,"HOLDER_PROFIT_QOQ_SQ":2.148800514457,"ROE_AVG_SQ":48.878765011133,"PE_TTM_SQ":-1.469941500188,"PB_TTM_SQ":-0.39660893273,"ROA_SQ":-20.965160630334,"START_DATE":"2021-01-01 00:00:00","FISCAL_YEAR":"12-31","CURRENCY":"HKD","IS_CNY_CODE":0,"DPS_HKD_LY":null,"ORG_TYPE":"一般企业","PREMIUM_INCOME":null,"PREMIUM_INCOME_YOY":null,"NET_INTEREST_INCOME":null,"NET_INTEREST_INCOME_YOY":null,"FEE_COMMISSION_INCOME":null,"FEE_COMMISSION_INCOME_YOY":null,"ACCOUNTS_RECE_TDAYS":49.438092502155,"INVENTORY_TDAYS":2.272923875433,"CURRENT_ASSETS_TDAYS":1.537844262149,"TOTAL_ASSETS_TDAYS":0.562668994582,"PREMIUM_EXPENSE":null,"LOAN_DEPOSIT":null,"LOAN_EQUITY":null,"LOAN_ASSETS":null,"DEPOSIT_EQUITY":null,"DEPOSIT_ASSETS":null,"EQUITY_MULTIPLIER":-1.132478900636,"EQUITY_RATIO":-2.157336359236},{"SECUCODE":"01007.HK","SECURITY_CODE":"01007","SECURITY_NAME_ABBR":"龙辉国际控股","ORG_CODE":"10144604","STD_REPORT_DATE":"2020-12-31 00:00:00","REPORT_DATE":"2020-12-31 00:00:00","DATE_TYPE_CODE":"001","REPORT_TYPE":"2020年年报","PER_NETCASH_OPERATE":0.002765625904,"PER_OI":0.028928381056,"BPS":-0.779185432119,"BASIC_EPS":-0.209,"DILUTED_EPS":-0.209,"OPERATE_INCOME":184378000,"OPERATE_INCOME_YOY":-55.9499719279,"GROSS_PROFIT":99877000,"GROSS_PROFIT_YOY":-60.182826434486,"HOLDER_PROFIT":-69058000,"HOLDER_PROFIT_YOY":45.842384698,"GROSS_PROFIT_RATIO":54.169694865982,"EPS_TTM":-0.010835002761,"OPERATE_INCOME_QOQ":-28.529841576252,"NET_PROFIT_RATIO":-37.8103678313,"ROE_AVG":60.310293481916,"GROSS_PROFIT_QOQ":-32.358319336837,"ROA":-29.588148973318,"HOLDER_PROFIT_QOQ":44.653090011461,"ROE_YEARLY":60.310293481916,"ROIC_YEARLY":-30.004605531852,"TOTAL_ASSETS":161471000,"TOTAL_LIABILITIES":310545000,"TAX_EBT":-1.037711238007,"OCF_SALES":9.560251223031,"TOTAL_PARENT_EQUITY":-147728000,"DEBT_ASSET_RATIO":192.3224603799,"OPERATE_PROFIT":-62403000,"PRETAX_PROFIT":-68998000,"NETCASH_OPERATE":17627000,"NETCASH_INVEST":-4578000,"NETCASH_FINANCE":-15126000,"END_CASH":3177000,"DIVI_RATIO":null,"DIVIDEND_RATE":null,"CURRENT_RATIO":0.208823506633,"COMMON_ACS":500000000,"CURRENTDEBT_DEBT":83.157674411116,"ISSUED_COMMON_SHARES":189592867,"HK_COMMON_SHARES":189592867,"PER_SHARES":4000,"TOTAL_MARKET_CAP":18959286.7,"HKSK_MARKET_CAP":18959286.7,"PE_TTM":-0.970744549931,"PB_TTM":-0.102407907873,"REPORT_DATE_SQ":"2019-12-31 00:00:00","REPORT_TYPE_SQ":"2019年年报","OPERATE_INCOME_SQ":418565000,"DPS_HKD":null,"OPERATE_INCOME_QOQ_SQ":-22.90257577767,"NET_PROFIT_RATIO_SQ":-30.6396855924,"HOLDER_PROFIT_SQ":-127513000,"HOLDER_PROFIT_QOQ_SQ":73.372327585127,"ROE_AVG_SQ":216.200681598535,"PE_TTM_SQ":-1.469941500188,"PB_TTM_SQ":-0.39660893273,"ROA_SQ":-40.559247042658,"START_DATE":"2020-01-01 00:00:00","FISCAL_YEAR":"12-31","CURRENCY":"HKD","IS_CNY_CODE":0,"DPS_HKD_LY":null,"ORG_TYPE":"一般企业","PREMIUM_INCOME":null,"PREMIUM_INCOME_YOY":null,"NET_INTEREST_INCOME":null,"NET_INTEREST_INCOME_YOY":null,"FEE_COMMISSION_INCOME":null,"FEE_COMMISSION_INCOME_YOY":null,"ACCOUNTS_RECE_TDAYS":45.102250489237,"INVENTORY_TDAYS":4.103583916084,"CURRENT_ASSETS_TDAYS":2.494898649563,"TOTAL_ASSETS_TDAYS":0.78997418567,"PREMIUM_EXPENSE":null,"LOAN_DEPOSIT":null,"LOAN_EQUITY":null,"LOAN_ASSETS":null,"DEPOSIT_EQUITY":null,"DEPOSIT_ASSETS":null,"EQUITY_MULTIPLIER":-1.083160041322,"EQUITY_RATIO":-2.102140420232},{"SECUCODE":"01007.HK","SECURITY_CODE":"01007","SECURITY_NAME_ABBR":"龙辉国际控股","ORG_CODE":"10144604","STD_REPORT_DATE":"2020-06-30 00:00:00","REPORT_DATE":"2020-06-30 00:00:00","DATE_TYPE_CODE":"002","REPORT_TYPE":"2020年中报","PER_NETCASH_OPERATE":0.003126960019,"PER_OI":0.012130973145,"BPS":-0.70357604751,"BASIC_EPS":-0.16,"DILUTED_EPS":-0.16,"OPERATE_INCOME":77318000,"OPERATE_INCOME_YOY":-67.5003362701,"GROSS_PROFIT":42621000,"GROSS_PROFIT_YOY":-70.768291679241,"HOLDER_PROFIT":-52465000,"HOLDER_PROFIT_YOY":4.96331854,"GROSS_PROFIT_RATIO":55.12429188546,"EPS_TTM":-0.019576526969,"OPERATE_INCOME_QOQ":-38.365845209227,"NET_PROFIT_RATIO":-68.2557748519,"ROE_AVG":48.878765011133,"GROSS_PROFIT_QOQ":-41.13515043514,"ROA":-20.965160630334,"HOLDER_PROFIT_QOQ":2.148800514457,"ROE_YEARLY":97.757530022266,"ROIC_YEARLY":-42.385256248422,"TOTAL_ASSETS":195173000,"TOTAL_LIABILITIES":329565000,"TAX_EBT":-0.719506841995,"OCF_SALES":25.776662614139,"TOTAL_PARENT_EQUITY":-133393000,"DEBT_ASSET_RATIO":168.8578850558,"OPERATE_PROFIT":-48424000,"PRETAX_PROFIT":-52397000,"NETCASH_OPERATE":19930000,"NETCASH_INVEST":-615000,"NETCASH_FINANCE":-23340000,"END_CASH":1723000,"DIVI_RATIO":null,"DIVIDEND_RATE":null,"CURRENT_RATIO":0.239927907418,"COMMON_ACS":500000000,"CURRENTDEBT_DEBT":79.969050111511,"ISSUED_COMMON_SHARES":189592867,"HK_COMMON_SHARES":189592867,"PER_SHARES":4000,"TOTAL_MARKET_CAP":18959286.7,"HKSK_MARKET_CAP":18959286.7,"PE_TTM":-0.970744549931,"PB_TTM":-0.102407907873,"REPORT_DATE_SQ":"2019-06-30 00:00:00","REPORT_TYPE_SQ":"2019年中报","OPERATE_INCOME_SQ":237904000,"DPS_HKD":null,"OPERATE_INCOME_QOQ_SQ":-13.094618757273,"NET_PROFIT_RATIO_SQ":-23.3245342659,"HOLDER_PROFIT_SQ":-55205000,"HOLDER_PROFIT_QOQ_SQ":-6.158126337024,"ROE_AVG_SQ":86.231538828013,"PE_TTM_SQ":-1.469941500188,"PB_TTM_SQ":-0.39660893273,"ROA_SQ":-15.798292393611,"START_DATE":"2020-01-01 00:00:00","FISCAL_YEAR":"12-31","CURRENCY":"HKD","IS_CNY_CODE":0,"DPS_HKD_LY":null,"ORG_TYPE":"一般企业","PREMIUM_INCOME":null,"PREMIUM_INCOME_YOY":null,"NET_INTEREST_INCOME":null,"NET_INTEREST_INCOME_YOY":null,"FEE_COMMISSION_INCOME":null,"FEE_COMMISSION_INCOME_YOY":null,"ACCOUNTS_RECE_TDAYS":16.715598313696,"INVENTORY_TDAYS":1.548731225032,"CURRENT_ASSETS_TDAYS":0.984253071097,"TOTAL_ASSETS_TDAYS":0.3089648889,"PREMIUM_EXPENSE":null,"LOAN_DEPOSIT":null,"LOAN_EQUITY":null,"LOAN_ASSETS":null,"DEPOSIT_EQUITY":null,"DEPOSIT_ASSETS":null,"EQUITY_MULTIPLIER":-1.452266503959,"EQUITY_RATIO":-2.470631892228}],"count":32},"success":true,"message":"ok","code":0}