{"version":"6a401b247248767073fb6a9f47371f37","result":{"pages":4,"data":[{"SECUCODE":"01011.HK","SECURITY_CODE":"01011","SECURITY_NAME_ABBR":"泰凌医药","ORG_CODE":"10163438","STD_REPORT_DATE":"2024-06-30 00:00:00","REPORT_DATE":"2024-06-30 00:00:00","DATE_TYPE_CODE":"002","REPORT_TYPE":"2024年中报","PER_NETCASH_OPERATE":-0.002173884181,"PER_OI":0.011850906323,"BPS":-1.311733303026,"BASIC_EPS":0.0003,"DILUTED_EPS":0.0003,"OPERATE_INCOME":31297000,"OPERATE_INCOME_YOY":324.8846049416,"GROSS_PROFIT":5706000,"GROSS_PROFIT_YOY":-22.535976106435,"HOLDER_PROFIT":661000,"HOLDER_PROFIT_YOY":111.7783321454,"GROSS_PROFIT_RATIO":18.231779403777,"EPS_TTM":-0.051996386348,"OPERATE_INCOME_QOQ":324.884604941624,"NET_PROFIT_RATIO":2.1120235166,"ROE_AVG":-0.192716988833,"GROSS_PROFIT_QOQ":-22.535976106435,"ROA":0.19793797145,"HOLDER_PROFIT_QOQ":4.368688627342,"ROE_YEARLY":-0.385433977667,"ROIC_YEARLY":0.40025735155,"TOTAL_ASSETS":338764000,"TOTAL_LIABILITIES":685179000,"TAX_EBT":15.796178343949,"OCF_SALES":-18.343611208742,"TOTAL_PARENT_EQUITY":-346415000,"DEBT_ASSET_RATIO":202.2585044456,"OPERATE_PROFIT":-1103000,"PRETAX_PROFIT":785000,"NETCASH_OPERATE":-5741000,"NETCASH_INVEST":-129000,"NETCASH_FINANCE":4273000,"END_CASH":5791000,"DIVI_RATIO":null,"DIVIDEND_RATE":null,"CURRENT_RATIO":0.021132164052,"COMMON_ACS":62592500000,"CURRENTDEBT_DEBT":99.479843953186,"ISSUED_COMMON_SHARES":264089506,"HK_COMMON_SHARES":264089506,"PER_SHARES":10000,"TOTAL_MARKET_CAP":58363780.826,"HKSK_MARKET_CAP":58363780.826,"PE_TTM":-0.384888269974,"PB_TTM":-0.153767751062,"REPORT_DATE_SQ":"2023-06-30 00:00:00","REPORT_TYPE_SQ":"2023年中报","OPERATE_INCOME_SQ":7366000,"DPS_HKD":null,"OPERATE_INCOME_QOQ_SQ":-18.297181928805,"NET_PROFIT_RATIO_SQ":-6.7934486557,"HOLDER_PROFIT_SQ":-5612000,"HOLDER_PROFIT_QOQ_SQ":34.072735486786,"ROE_AVG_SQ":2.293087843815,"PE_TTM_SQ":-2.618246530232,"PB_TTM_SQ":-0.461792013408,"ROA_SQ":-0.544540068863,"START_DATE":"2024-01-01 00:00:00","FISCAL_YEAR":"12-31","CURRENCY":"HKD","IS_CNY_CODE":0,"DPS_HKD_LY":null,"ORG_TYPE":"一般企业","PREMIUM_INCOME":null,"PREMIUM_INCOME_YOY":null,"NET_INTEREST_INCOME":null,"NET_INTEREST_INCOME_YOY":null,"FEE_COMMISSION_INCOME":null,"FEE_COMMISSION_INCOME_YOY":null,"ACCOUNTS_RECE_TDAYS":3.231491997935,"INVENTORY_TDAYS":null,"CURRENT_ASSETS_TDAYS":2.346014017466,"TOTAL_ASSETS_TDAYS":0.093719586876,"PREMIUM_EXPENSE":null,"LOAN_DEPOSIT":null,"LOAN_EQUITY":null,"LOAN_ASSETS":null,"DEPOSIT_EQUITY":null,"DEPOSIT_ASSETS":null,"EQUITY_MULTIPLIER":-0.977913773941,"EQUITY_RATIO":-1.977913773942},{"SECUCODE":"01011.HK","SECURITY_CODE":"01011","SECURITY_NAME_ABBR":"泰凌医药","ORG_CODE":"10163438","STD_REPORT_DATE":"2023-12-31 00:00:00","REPORT_DATE":"2023-12-31 00:00:00","DATE_TYPE_CODE":"001","REPORT_TYPE":"2023年年报","PER_NETCASH_OPERATE":0.019113216843,"PER_OI":0.002789205866,"BPS":-1.285795127354,"BASIC_EPS":-0.0726,"DILUTED_EPS":-0.0726,"OPERATE_INCOME":7366000,"OPERATE_INCOME_YOY":null,"GROSS_PROFIT":7366000,"GROSS_PROFIT_YOY":null,"HOLDER_PROFIT":-143590000,"HOLDER_PROFIT_YOY":-116.2337173406,"GROSS_PROFIT_RATIO":null,"EPS_TTM":-0.054371717382,"OPERATE_INCOME_QOQ":-95.646572104019,"NET_PROFIT_RATIO":-1949.3619332066,"ROE_AVG":49.409606983894,"GROSS_PROFIT_QOQ":-92.828910220215,"ROA":-21.514188966468,"HOLDER_PROFIT_QOQ":-227.988304895041,"ROE_YEARLY":49.409606983894,"ROIC_YEARLY":-21.634954033821,"TOTAL_ASSETS":329122000,"TOTAL_LIABILITIES":668687000,"TAX_EBT":-0.365608798586,"OCF_SALES":685.256584306272,"TOTAL_PARENT_EQUITY":-339565000,"DEBT_ASSET_RATIO":203.1729875244,"OPERATE_PROFIT":-41590000,"PRETAX_PROFIT":-33369000,"NETCASH_OPERATE":50476000,"NETCASH_INVEST":-22140000,"NETCASH_FINANCE":-28972000,"END_CASH":1520000,"DIVI_RATIO":null,"DIVIDEND_RATE":null,"CURRENT_RATIO":0.018459239167,"COMMON_ACS":62592500000,"CURRENTDEBT_DEBT":99.461631525662,"ISSUED_COMMON_SHARES":264089506,"HK_COMMON_SHARES":264089506,"PER_SHARES":10000,"TOTAL_MARKET_CAP":76585956.74,"HKSK_MARKET_CAP":76585956.74,"PE_TTM":-0.505057005848,"PB_TTM":-0.201776686914,"REPORT_DATE_SQ":"2022-12-31 00:00:00","REPORT_TYPE_SQ":"2022年年报","OPERATE_INCOME_SQ":null,"DPS_HKD":null,"OPERATE_INCOME_QOQ_SQ":-12.236880580759,"NET_PROFIT_RATIO_SQ":-32.0654588299,"HOLDER_PROFIT_SQ":-66405000,"HOLDER_PROFIT_QOQ_SQ":62.08072086888,"ROE_AVG_SQ":29.315745210614,"PE_TTM_SQ":-3.95522348184,"PB_TTM_SQ":-0.697600701106,"ROA_SQ":-6.772295645558,"START_DATE":"2023-01-01 00:00:00","FISCAL_YEAR":"12-31","CURRENCY":"HKD","IS_CNY_CODE":0,"DPS_HKD_LY":null,"ORG_TYPE":"一般企业","PREMIUM_INCOME":null,"PREMIUM_INCOME_YOY":null,"NET_INTEREST_INCOME":null,"NET_INTEREST_INCOME_YOY":null,"FEE_COMMISSION_INCOME":null,"FEE_COMMISSION_INCOME_YOY":null,"ACCOUNTS_RECE_TDAYS":0.216832003768,"INVENTORY_TDAYS":null,"CURRENT_ASSETS_TDAYS":0.171879922064,"TOTAL_ASSETS_TDAYS":0.011036528723,"PREMIUM_EXPENSE":null,"LOAN_DEPOSIT":null,"LOAN_EQUITY":null,"LOAN_ASSETS":null,"DEPOSIT_EQUITY":null,"DEPOSIT_ASSETS":null,"EQUITY_MULTIPLIER":-0.96924594702,"EQUITY_RATIO":-1.96924594702},{"SECUCODE":"01011.HK","SECURITY_CODE":"01011","SECURITY_NAME_ABBR":"泰凌医药","ORG_CODE":"10163438","STD_REPORT_DATE":"2023-06-30 00:00:00","REPORT_DATE":"2023-06-30 00:00:00","DATE_TYPE_CODE":"002","REPORT_TYPE":"2023年中报","PER_NETCASH_OPERATE":0.004961262739,"PER_OI":0.003097792772,"BPS":-0.938367463946,"BASIC_EPS":-0.0025,"DILUTED_EPS":-0.0025,"OPERATE_INCOME":7366000,"OPERATE_INCOME_YOY":-31.445382196,"GROSS_PROFIT":7366000,"GROSS_PROFIT_YOY":-90.161744867839,"HOLDER_PROFIT":-5612000,"HOLDER_PROFIT_YOY":80.1260712515,"GROSS_PROFIT_RATIO":63.313924632909,"EPS_TTM":-0.018411386067,"OPERATE_INCOME_QOQ":-18.297181928805,"NET_PROFIT_RATIO":-6.7934486557,"ROE_AVG":2.293087843815,"GROSS_PROFIT_QOQ":-18.013185830819,"ROA":-0.544540068863,"HOLDER_PROFIT_QOQ":34.072735486786,"ROE_YEARLY":4.58617568763,"ROIC_YEARLY":-1.098668754894,"TOTAL_ASSETS":1055471000,"TOTAL_LIABILITIES":1303284000,"TAX_EBT":null,"OCF_SALES":14.280526334903,"TOTAL_PARENT_EQUITY":-247813000,"DEBT_ASSET_RATIO":123.4789018362,"OPERATE_PROFIT":-2742000,"PRETAX_PROFIT":-4796000,"NETCASH_OPERATE":11797000,"NETCASH_INVEST":-1920000,"NETCASH_FINANCE":-8399000,"END_CASH":12058000,"DIVI_RATIO":null,"DIVIDEND_RATE":null,"CURRENT_RATIO":0.090560196612,"COMMON_ACS":62592500000,"CURRENTDEBT_DEBT":93.786388845409,"ISSUED_COMMON_SHARES":264089506,"HK_COMMON_SHARES":264089506,"PER_SHARES":10000,"TOTAL_MARKET_CAP":76585956.74,"HKSK_MARKET_CAP":76585956.74,"PE_TTM":-0.505057005848,"PB_TTM":-0.201776686914,"REPORT_DATE_SQ":"2022-06-30 00:00:00","REPORT_TYPE_SQ":"2022年中报","OPERATE_INCOME_SQ":120501000,"DPS_HKD":null,"OPERATE_INCOME_QOQ_SQ":4.08824035395,"NET_PROFIT_RATIO_SQ":-23.4338304246,"HOLDER_PROFIT_SQ":-28238000,"HOLDER_PROFIT_QOQ_SQ":-17.108694779922,"ROE_AVG_SQ":12.690066757894,"PE_TTM_SQ":-3.95522348184,"PB_TTM_SQ":-0.697600701106,"ROA_SQ":-2.943793436148,"START_DATE":"2023-01-01 00:00:00","FISCAL_YEAR":"12-31","CURRENCY":"HKD","IS_CNY_CODE":0,"DPS_HKD_LY":null,"ORG_TYPE":"一般企业","PREMIUM_INCOME":null,"PREMIUM_INCOME_YOY":null,"NET_INTEREST_INCOME":null,"NET_INTEREST_INCOME_YOY":null,"FEE_COMMISSION_INCOME":null,"FEE_COMMISSION_INCOME_YOY":null,"ACCOUNTS_RECE_TDAYS":0.102667029054,"INVENTORY_TDAYS":2.676735559089,"CURRENT_ASSETS_TDAYS":0.897309451137,"TOTAL_ASSETS_TDAYS":0.08015664745,"PREMIUM_EXPENSE":null,"LOAN_DEPOSIT":null,"LOAN_EQUITY":null,"LOAN_ASSETS":null,"DEPOSIT_EQUITY":null,"DEPOSIT_ASSETS":null,"EQUITY_MULTIPLIER":-4.259142982821,"EQUITY_RATIO":-5.259142982814},{"SECUCODE":"01011.HK","SECURITY_CODE":"01011","SECURITY_NAME_ABBR":"泰凌医药","ORG_CODE":"10163438","STD_REPORT_DATE":"2022-12-31 00:00:00","REPORT_DATE":"2022-12-31 00:00:00","DATE_TYPE_CODE":"001","REPORT_TYPE":"2022年年报","PER_NETCASH_OPERATE":0.019011511931,"PER_OI":null,"BPS":-0.91506097179,"BASIC_EPS":-0.0349,"DILUTED_EPS":-0.0349,"OPERATE_INCOME":null,"OPERATE_INCOME_YOY":-8.6489133168,"GROSS_PROFIT":null,"GROSS_PROFIT_YOY":null,"HOLDER_PROFIT":-66405000,"HOLDER_PROFIT_YOY":55.5932271396,"GROSS_PROFIT_RATIO":60.497749792363,"EPS_TTM":-0.034864939237,"OPERATE_INCOME_QOQ":-12.236880580759,"NET_PROFIT_RATIO":-32.0654588299,"ROE_AVG":29.315745210614,"GROSS_PROFIT_QOQ":-15.728228480719,"ROA":-6.772295645558,"HOLDER_PROFIT_QOQ":62.08072086888,"ROE_YEARLY":29.315745210614,"ROIC_YEARLY":-6.825807008671,"TOTAL_ASSETS":1005718000,"TOTAL_LIABILITIES":1247376000,"TAX_EBT":null,"OCF_SALES":17.484982519846,"TOTAL_PARENT_EQUITY":-241658000,"DEBT_ASSET_RATIO":124.0284055769,"OPERATE_PROFIT":-19052000,"PRETAX_PROFIT":-50040000,"NETCASH_OPERATE":36210000,"NETCASH_INVEST":4530000,"NETCASH_FINANCE":-46676000,"END_CASH":1916000,"DIVI_RATIO":null,"DIVIDEND_RATE":null,"CURRENT_RATIO":0.062780575758,"COMMON_ACS":62592500000,"CURRENTDEBT_DEBT":93.772286784418,"ISSUED_COMMON_SHARES":264089506,"HK_COMMON_SHARES":264089506,"PER_SHARES":10000,"TOTAL_MARKET_CAP":76585956.74,"HKSK_MARKET_CAP":76585956.74,"PE_TTM":-0.505057005848,"PB_TTM":-0.201776686914,"REPORT_DATE_SQ":"2021-12-31 00:00:00","REPORT_TYPE_SQ":"2021年年报","OPERATE_INCOME_SQ":226699000,"DPS_HKD":null,"OPERATE_INCOME_QOQ_SQ":-6.910498998062,"NET_PROFIT_RATIO_SQ":-66.7554775275,"HOLDER_PROFIT_SQ":-149538000,"HOLDER_PROFIT_QOQ_SQ":46.024125957422,"ROE_AVG_SQ":153.296838479518,"PE_TTM_SQ":-3.95522348184,"PB_TTM_SQ":-0.697600701106,"ROA_SQ":-13.289732757621,"START_DATE":"2022-01-01 00:00:00","FISCAL_YEAR":"12-31","CURRENCY":"HKD","IS_CNY_CODE":0,"DPS_HKD_LY":null,"ORG_TYPE":"一般企业","PREMIUM_INCOME":null,"PREMIUM_INCOME_YOY":null,"NET_INTEREST_INCOME":null,"NET_INTEREST_INCOME_YOY":null,"FEE_COMMISSION_INCOME":null,"FEE_COMMISSION_INCOME_YOY":null,"ACCOUNTS_RECE_TDAYS":null,"INVENTORY_TDAYS":3.865794012712,"CURRENT_ASSETS_TDAYS":1.214128048262,"TOTAL_ASSETS_TDAYS":0.211202206134,"PREMIUM_EXPENSE":null,"LOAN_DEPOSIT":null,"LOAN_EQUITY":null,"LOAN_ASSETS":null,"DEPOSIT_EQUITY":null,"DEPOSIT_ASSETS":null,"EQUITY_MULTIPLIER":-4.161740972782,"EQUITY_RATIO":-5.16174097278},{"SECUCODE":"01011.HK","SECURITY_CODE":"01011","SECURITY_NAME_ABBR":"泰凌医药","ORG_CODE":"10163438","STD_REPORT_DATE":"2022-06-30 00:00:00","REPORT_DATE":"2022-06-30 00:00:00","DATE_TYPE_CODE":"002","REPORT_TYPE":"2022年中报","PER_NETCASH_OPERATE":0.013058141763,"PER_OI":0.063267224501,"BPS":-0.88479850464,"BASIC_EPS":-0.0149,"DILUTED_EPS":-0.0149,"OPERATE_INCOME":120501000,"OPERATE_INCOME_YOY":8.3320597305,"GROSS_PROFIT":74871000,"GROSS_PROFIT_YOY":4.479423954452,"HOLDER_PROFIT":-28238000,"HOLDER_PROFIT_YOY":-963.9788997739,"GROSS_PROFIT_RATIO":62.133094331167,"EPS_TTM":-0.091945153062,"OPERATE_INCOME_QOQ":4.08824035395,"NET_PROFIT_RATIO":-23.4338304246,"ROE_AVG":12.690066757894,"GROSS_PROFIT_QOQ":2.206807416523,"ROA":-2.943793436148,"HOLDER_PROFIT_QOQ":-17.108694779922,"ROE_YEARLY":25.380133515788,"ROIC_YEARLY":-5.96970119783,"TOTAL_ASSETS":963117000,"TOTAL_LIABILITIES":1196783000,"TAX_EBT":-3.477591703617,"OCF_SALES":20.639662741388,"TOTAL_PARENT_EQUITY":-233666000,"DEBT_ASSET_RATIO":124.2614344882,"OPERATE_PROFIT":7583000,"PRETAX_PROFIT":-27289000,"NETCASH_OPERATE":24871000,"NETCASH_INVEST":-2081000,"NETCASH_FINANCE":-26591000,"END_CASH":16946000,"DIVI_RATIO":null,"DIVIDEND_RATE":null,"CURRENT_RATIO":0.290587416565,"COMMON_ACS":62592500000,"CURRENTDEBT_DEBT":77.563601755707,"ISSUED_COMMON_SHARES":264089506,"HK_COMMON_SHARES":264089506,"PER_SHARES":10000,"TOTAL_MARKET_CAP":76585956.74,"HKSK_MARKET_CAP":76585956.74,"PE_TTM":-0.505057005848,"PB_TTM":-0.201776686914,"REPORT_DATE_SQ":"2021-06-30 00:00:00","REPORT_TYPE_SQ":"2021年中报","OPERATE_INCOME_SQ":111233000,"DPS_HKD":null,"OPERATE_INCOME_QOQ_SQ":9.830380055112,"NET_PROFIT_RATIO_SQ":-3.2310555321,"HOLDER_PROFIT_SQ":-2654000,"HOLDER_PROFIT_QOQ_SQ":22.526069703774,"ROE_AVG_SQ":-15.197846876253,"PE_TTM_SQ":-3.95522348184,"PB_TTM_SQ":-0.697600701106,"ROA_SQ":-0.219501019762,"START_DATE":"2022-01-01 00:00:00","FISCAL_YEAR":"12-31","CURRENCY":"HKD","IS_CNY_CODE":0,"DPS_HKD_LY":null,"ORG_TYPE":"一般企业","PREMIUM_INCOME":null,"PREMIUM_INCOME_YOY":null,"NET_INTEREST_INCOME":null,"NET_INTEREST_INCOME_YOY":null,"FEE_COMMISSION_INCOME":null,"FEE_COMMISSION_INCOME_YOY":null,"ACCOUNTS_RECE_TDAYS":2.514418662883,"INVENTORY_TDAYS":1.652991360104,"CURRENT_ASSETS_TDAYS":0.448420864608,"TOTAL_ASSETS_TDAYS":0.125621521655,"PREMIUM_EXPENSE":null,"LOAN_DEPOSIT":null,"LOAN_EQUITY":null,"LOAN_ASSETS":null,"DEPOSIT_EQUITY":null,"DEPOSIT_ASSETS":null,"EQUITY_MULTIPLIER":-4.121767822452,"EQUITY_RATIO":-5.121767822447},{"SECUCODE":"01011.HK","SECURITY_CODE":"01011","SECURITY_NAME_ABBR":"泰凌医药","ORG_CODE":"10163438","STD_REPORT_DATE":"2021-12-31 00:00:00","REPORT_DATE":"2021-12-31 00:00:00","DATE_TYPE_CODE":"001","REPORT_TYPE":"2021年年报","PER_NETCASH_OPERATE":-0.070761571955,"PER_OI":0.119024875538,"BPS":-0.800391515746,"BASIC_EPS":-0.0791,"DILUTED_EPS":-0.0791,"OPERATE_INCOME":226699000,"OPERATE_INCOME_YOY":2.2405527418,"GROSS_PROFIT":145459000,"GROSS_PROFIT_YOY":7.824082310384,"HOLDER_PROFIT":-149538000,"HOLDER_PROFIT_YOY":58.1827689675,"GROSS_PROFIT_RATIO":64.163935438621,"EPS_TTM":-0.078512661451,"OPERATE_INCOME_QOQ":-6.910498998062,"NET_PROFIT_RATIO":-66.7554775275,"ROE_AVG":153.296838479518,"GROSS_PROFIT_QOQ":-2.941274596809,"ROA":-13.289732757621,"HOLDER_PROFIT_QOQ":46.024125957422,"ROE_YEARLY":153.296838479518,"ROIC_YEARLY":-13.428648015916,"TOTAL_ASSETS":955360000,"TOTAL_LIABILITIES":1166735000,"TAX_EBT":-1.735774981177,"OCF_SALES":-59.451078302066,"TOTAL_PARENT_EQUITY":-211375000,"DEBT_ASSET_RATIO":122.1251674761,"OPERATE_PROFIT":-94515000,"PRETAX_PROFIT":-148752000,"NETCASH_OPERATE":-135335000,"NETCASH_INVEST":257814000,"NETCASH_FINANCE":-124798000,"END_CASH":4364000,"DIVI_RATIO":null,"DIVIDEND_RATE":null,"CURRENT_RATIO":0.298784673199,"COMMON_ACS":62592500000,"CURRENTDEBT_DEBT":76.79318782757,"ISSUED_COMMON_SHARES":264089506,"HK_COMMON_SHARES":264089506,"PER_SHARES":10000,"TOTAL_MARKET_CAP":76585956.74,"HKSK_MARKET_CAP":76585956.74,"PE_TTM":-0.505057005848,"PB_TTM":-0.201776686914,"REPORT_DATE_SQ":"2020-12-31 00:00:00","REPORT_TYPE_SQ":"2020年年报","OPERATE_INCOME_SQ":221731000,"DPS_HKD":null,"OPERATE_INCOME_QOQ_SQ":-38.643595973236,"NET_PROFIT_RATIO_SQ":-162.3196576031,"HOLDER_PROFIT_SQ":-357599000,"HOLDER_PROFIT_QOQ_SQ":47.06534546768,"ROE_AVG_SQ":-588.461127064186,"PE_TTM_SQ":-3.95522348184,"PB_TTM_SQ":-0.697600701106,"ROA_SQ":-23.120552748273,"START_DATE":"2021-01-01 00:00:00","FISCAL_YEAR":"12-31","CURRENCY":"HKD","IS_CNY_CODE":0,"DPS_HKD_LY":null,"ORG_TYPE":"一般企业","PREMIUM_INCOME":null,"PREMIUM_INCOME_YOY":null,"NET_INTEREST_INCOME":null,"NET_INTEREST_INCOME_YOY":null,"FEE_COMMISSION_INCOME":null,"FEE_COMMISSION_INCOME_YOY":null,"ACCOUNTS_RECE_TDAYS":0.971676803525,"INVENTORY_TDAYS":2.74033596438,"CURRENT_ASSETS_TDAYS":0.53678039263,"TOTAL_ASSETS_TDAYS":0.201471808264,"PREMIUM_EXPENSE":null,"LOAN_DEPOSIT":null,"LOAN_EQUITY":null,"LOAN_ASSETS":null,"DEPOSIT_EQUITY":null,"DEPOSIT_ASSETS":null,"EQUITY_MULTIPLIER":-4.519739798943,"EQUITY_RATIO":-5.519739798936},{"SECUCODE":"01011.HK","SECURITY_CODE":"01011","SECURITY_NAME_ABBR":"泰凌医药","ORG_CODE":"10163438","STD_REPORT_DATE":"2021-06-30 00:00:00","REPORT_DATE":"2021-06-30 00:00:00","DATE_TYPE_CODE":"002","REPORT_TYPE":"2021年中报","PER_NETCASH_OPERATE":0.017065207741,"PER_OI":0.058401201508,"BPS":0.070608636755,"BASIC_EPS":-0.0014,"DILUTED_EPS":-0.0014,"OPERATE_INCOME":111233000,"OPERATE_INCOME_YOY":24.3716176931,"GROSS_PROFIT":71661000,"GROSS_PROFIT_YOY":26.39070161205,"HOLDER_PROFIT":-2654000,"HOLDER_PROFIT_YOY":96.8103645126,"GROSS_PROFIT_RATIO":64.424226623394,"EPS_TTM":-0.145458805148,"OPERATE_INCOME_QOQ":9.830380055112,"NET_PROFIT_RATIO":-3.2310555321,"ROE_AVG":-15.197846876253,"GROSS_PROFIT_QOQ":11.091591057344,"ROA":-0.219501019762,"HOLDER_PROFIT_QOQ":22.526069703774,"ROE_YEARLY":-30.395693752505,"ROIC_YEARLY":-0.443515486904,"TOTAL_ASSETS":1123143000,"TOTAL_LIABILITIES":1099293000,"TAX_EBT":null,"OCF_SALES":29.220644952487,"TOTAL_PARENT_EQUITY":18647000,"DEBT_ASSET_RATIO":97.8764948008,"OPERATE_PROFIT":28310000,"PRETAX_PROFIT":-3594000,"NETCASH_OPERATE":32503000,"NETCASH_INVEST":104295000,"NETCASH_FINANCE":-144902000,"END_CASH":5569000,"DIVI_RATIO":null,"DIVIDEND_RATE":null,"CURRENT_RATIO":0.074928374902,"COMMON_ACS":62592500000,"CURRENTDEBT_DEBT":89.665630546178,"ISSUED_COMMON_SHARES":264089506,"HK_COMMON_SHARES":264089506,"PER_SHARES":10000,"TOTAL_MARKET_CAP":76585956.74,"HKSK_MARKET_CAP":76585956.74,"PE_TTM":-0.505057005848,"PB_TTM":-0.201776686914,"REPORT_DATE_SQ":"2020-06-30 00:00:00","REPORT_TYPE_SQ":"2020年中报","OPERATE_INCOME_SQ":89436000,"DPS_HKD":null,"OPERATE_INCOME_QOQ_SQ":-1.253384849536,"NET_PROFIT_RATIO_SQ":-94.9964220225,"HOLDER_PROFIT_SQ":-83207000,"HOLDER_PROFIT_QOQ_SQ":-14.969281301588,"ROE_AVG_SQ":-104.273343609409,"PE_TTM_SQ":-3.95522348184,"PB_TTM_SQ":-0.697600701106,"ROA_SQ":-4.67287042861,"START_DATE":"2021-01-01 00:00:00","FISCAL_YEAR":"12-31","CURRENCY":"HKD","IS_CNY_CODE":0,"DPS_HKD_LY":null,"ORG_TYPE":"一般企业","PREMIUM_INCOME":null,"PREMIUM_INCOME_YOY":null,"NET_INTEREST_INCOME":null,"NET_INTEREST_INCOME_YOY":null,"FEE_COMMISSION_INCOME":null,"FEE_COMMISSION_INCOME_YOY":null,"ACCOUNTS_RECE_TDAYS":0.48088695592,"INVENTORY_TDAYS":1.5654409874,"CURRENT_ASSETS_TDAYS":0.341826786414,"TOTAL_ASSETS_TDAYS":0.091996069823,"PREMIUM_EXPENSE":null,"LOAN_DEPOSIT":null,"LOAN_EQUITY":null,"LOAN_ASSETS":null,"DEPOSIT_EQUITY":null,"DEPOSIT_ASSETS":null,"EQUITY_MULTIPLIER":47.091949686619,"EQUITY_RATIO":58.952807422105},{"SECUCODE":"01011.HK","SECURITY_CODE":"01011","SECURITY_NAME_ABBR":"泰凌医药","ORG_CODE":"10163438","STD_REPORT_DATE":"2020-12-31 00:00:00","REPORT_DATE":"2020-12-31 00:00:00","DATE_TYPE_CODE":"001","REPORT_TYPE":"2020年年报","PER_NETCASH_OPERATE":0.013758013218,"PER_OI":0.116416502401,"BPS":0.061641979822,"BASIC_EPS":-0.1895,"DILUTED_EPS":-0.1895,"OPERATE_INCOME":221731000,"OPERATE_INCOME_YOY":44.4802825345,"GROSS_PROFIT":134904000,"GROSS_PROFIT_YOY":49.466523372148,"HOLDER_PROFIT":-357599000,"HOLDER_PROFIT_YOY":39.1414081247,"GROSS_PROFIT_RATIO":60.841289670817,"EPS_TTM":-0.187751937448,"OPERATE_INCOME_QOQ":-38.643595973236,"NET_PROFIT_RATIO":-162.3196576031,"ROE_AVG":-588.461127064186,"GROSS_PROFIT_QOQ":-47.373841400618,"ROA":-23.120552748273,"HOLDER_PROFIT_QOQ":47.06534546768,"ROE_YEARLY":-588.461127064186,"ROIC_YEARLY":-23.761891361472,"TOTAL_ASSETS":1295069000,"TOTAL_LIABILITIES":1272647000,"TAX_EBT":4.503492453405,"OCF_SALES":11.817923519941,"TOTAL_PARENT_EQUITY":16279000,"DEBT_ASSET_RATIO":98.2686636774,"OPERATE_PROFIT":-113760000,"PRETAX_PROFIT":-200289000,"NETCASH_OPERATE":26204000,"NETCASH_INVEST":595602000,"NETCASH_FINANCE":-624245000,"END_CASH":7836000,"DIVI_RATIO":null,"DIVIDEND_RATE":null,"CURRENT_RATIO":0.498911310267,"COMMON_ACS":62592500000,"CURRENTDEBT_DEBT":90.868559781306,"ISSUED_COMMON_SHARES":264089506,"HK_COMMON_SHARES":264089506,"PER_SHARES":10000,"TOTAL_MARKET_CAP":76585956.74,"HKSK_MARKET_CAP":76585956.74,"PE_TTM":-0.505057005848,"PB_TTM":-0.201776686914,"REPORT_DATE_SQ":"2019-12-31 00:00:00","REPORT_TYPE_SQ":"2019年年报","OPERATE_INCOME_SQ":153468000,"DPS_HKD":null,"OPERATE_INCOME_QOQ_SQ":-17.86885282692,"NET_PROFIT_RATIO_SQ":-162.0907781807,"HOLDER_PROFIT_SQ":-587590000,"HOLDER_PROFIT_QOQ_SQ":43.274879206066,"ROE_AVG_SQ":-197.658733495921,"PE_TTM_SQ":-3.95522348184,"PB_TTM_SQ":-0.697600701106,"ROA_SQ":-29.193856267992,"START_DATE":"2020-01-01 00:00:00","FISCAL_YEAR":"12-31","CURRENCY":"HKD","IS_CNY_CODE":0,"DPS_HKD_LY":null,"ORG_TYPE":"一般企业","PREMIUM_INCOME":null,"PREMIUM_INCOME_YOY":null,"NET_INTEREST_INCOME":null,"NET_INTEREST_INCOME_YOY":null,"FEE_COMMISSION_INCOME":null,"FEE_COMMISSION_INCOME_YOY":null,"ACCOUNTS_RECE_TDAYS":0.761629804175,"INVENTORY_TDAYS":2.812301613008,"CURRENT_ASSETS_TDAYS":0.500350331659,"TOTAL_ASSETS_TDAYS":0.143360112344,"PREMIUM_EXPENSE":null,"LOAN_DEPOSIT":null,"LOAN_EQUITY":null,"LOAN_ASSETS":null,"DEPOSIT_EQUITY":null,"DEPOSIT_ASSETS":null,"EQUITY_MULTIPLIER":57.758852913007,"EQUITY_RATIO":78.177222188095},{"SECUCODE":"01011.HK","SECURITY_CODE":"01011","SECURITY_NAME_ABBR":"泰凌医药","ORG_CODE":"10163438","STD_REPORT_DATE":"2020-06-30 00:00:00","REPORT_DATE":"2020-06-30 00:00:00","DATE_TYPE_CODE":"002","REPORT_TYPE":"2020年中报","PER_NETCASH_OPERATE":0.014773430619,"PER_OI":0.046957016875,"BPS":0.205748425309,"BASIC_EPS":-0.0437,"DILUTED_EPS":-0.0437,"OPERATE_INCOME":89436000,"OPERATE_INCOME_YOY":-4.8785935356,"GROSS_PROFIT":56698000,"GROSS_PROFIT_YOY":-7.412185443441,"HOLDER_PROFIT":-83207000,"HOLDER_PROFIT_YOY":-1851.3576089244,"GROSS_PROFIT_RATIO":63.39505344604,"EPS_TTM":-0.35468624308,"OPERATE_INCOME_QOQ":-1.253384849536,"NET_PROFIT_RATIO":-94.9964220225,"ROE_AVG":-104.273343609409,"GROSS_PROFIT_QOQ":-1.73986039719,"ROA":-4.67287042861,"HOLDER_PROFIT_QOQ":-14.969281301588,"ROE_YEARLY":-208.546687218818,"ROIC_YEARLY":-9.73770674063,"TOTAL_ASSETS":1763006000,"TOTAL_LIABILITIES":1713760000,"TAX_EBT":null,"OCF_SALES":31.461603828436,"TOTAL_PARENT_EQUITY":54336000,"DEBT_ASSET_RATIO":97.2067026431,"OPERATE_PROFIT":-21452000,"PRETAX_PROFIT":-48499000,"NETCASH_OPERATE":28138000,"NETCASH_INVEST":38225000,"NETCASH_FINANCE":-74633000,"END_CASH":33214000,"DIVI_RATIO":null,"DIVIDEND_RATE":null,"CURRENT_RATIO":0.759820312867,"COMMON_ACS":62592500000,"CURRENTDEBT_DEBT":95.680783773691,"ISSUED_COMMON_SHARES":264089506,"HK_COMMON_SHARES":264089506,"PER_SHARES":10000,"TOTAL_MARKET_CAP":76585956.74,"HKSK_MARKET_CAP":76585956.74,"PE_TTM":-0.505057005848,"PB_TTM":-0.201776686914,"REPORT_DATE_SQ":"2019-06-30 00:00:00","REPORT_TYPE_SQ":"2019年中报","OPERATE_INCOME_SQ":94023000,"DPS_HKD":null,"OPERATE_INCOME_QOQ_SQ":-22.034185970419,"NET_PROFIT_RATIO_SQ":1.9886592674,"HOLDER_PROFIT_SQ":4751000,"HOLDER_PROFIT_QOQ_SQ":-8.164537531874,"ROE_AVG_SQ":0.788704804276,"PE_TTM_SQ":-3.95522348184,"PB_TTM_SQ":-0.697600701106,"ROA_SQ":0.207912535822,"START_DATE":"2020-01-01 00:00:00","FISCAL_YEAR":"12-31","CURRENCY":"HKD","IS_CNY_CODE":0,"DPS_HKD_LY":null,"ORG_TYPE":"一般企业","PREMIUM_INCOME":null,"PREMIUM_INCOME_YOY":null,"NET_INTEREST_INCOME":null,"NET_INTEREST_INCOME_YOY":null,"FEE_COMMISSION_INCOME":null,"FEE_COMMISSION_INCOME_YOY":null,"ACCOUNTS_RECE_TDAYS":0.628088262146,"INVENTORY_TDAYS":0.961666128132,"CURRENT_ASSETS_TDAYS":0.115011660497,"TOTAL_ASSETS_TDAYS":0.050226884716,"PREMIUM_EXPENSE":null,"LOAN_DEPOSIT":null,"LOAN_EQUITY":null,"LOAN_ASSETS":null,"DEPOSIT_EQUITY":null,"DEPOSIT_ASSETS":null,"EQUITY_MULTIPLIER":35.799983755034,"EQUITY_RATIO":31.540047114252}],"count":31},"success":true,"message":"ok","code":0}