{"version":"eef9f409bb47db86c78f8c98287fa040","result":{"pages":6,"data":[{"SECUCODE":"01013.HK","SECURITY_CODE":"01013","SECURITY_NAME_ABBR":"伟俊集团控股","ORG_CODE":"10009206","STD_REPORT_DATE":"2024-06-30 00:00:00","REPORT_DATE":"2024-09-30 00:00:00","DATE_TYPE_CODE":"002","REPORT_TYPE":"2024年中报","PER_NETCASH_OPERATE":-0.352929367792,"PER_OI":0.145442095674,"BPS":-0.923153442234,"BASIC_EPS":-0.056722591,"DILUTED_EPS":-0.056722591,"OPERATE_INCOME":38889693.75,"OPERATE_INCOME_YOY":-71.6997847543,"GROSS_PROFIT":689869.35,"GROSS_PROFIT_YOY":-28.941901928793,"HOLDER_PROFIT":-15161795.27,"HOLDER_PROFIT_YOY":11.3659128051,"GROSS_PROFIT_RATIO":1.773913043478,"EPS_TTM":-0.123853682402,"OPERATE_INCOME_QOQ":0,"NET_PROFIT_RATIO":-38.1936231884,"ROE_AVG":6.342864795837,"GROSS_PROFIT_QOQ":0,"ROA":-51.456028401353,"HOLDER_PROFIT_QOQ":0,"ROE_YEARLY":12.685729591673,"ROIC_YEARLY":-206.73839532739,"TOTAL_ASSETS":30012472.99,"TOTAL_LIABILITIES":262045745.36,"TAX_EBT":null,"OCF_SALES":-242.659710144928,"TOTAL_PARENT_EQUITY":-246841565.96,"DEBT_ASSET_RATIO":873.1228028004,"OPERATE_PROFIT":-2732423.7,"PRETAX_PROFIT":-14853383.09,"NETCASH_OPERATE":-94369618.13,"NETCASH_INVEST":null,"NETCASH_FINANCE":93941267.88,"END_CASH":129857.76,"DIVI_RATIO":null,"DIVIDEND_RATE":null,"CURRENT_RATIO":0.130653483726,"COMMON_ACS":89000000000,"CURRENTDEBT_DEBT":87.502408941993,"ISSUED_COMMON_SHARES":267389531,"HK_COMMON_SHARES":267389531,"PER_SHARES":10000,"TOTAL_MARKET_CAP":24599836.852,"HKSK_MARKET_CAP":24599836.852,"PE_TTM":-0.715631617513,"PB_TTM":-0.089870953413,"REPORT_DATE_SQ":"2023-06-30 00:00:00","REPORT_TYPE_SQ":"2023年中报","OPERATE_INCOME_SQ":139832129.92,"DPS_HKD":null,"OPERATE_INCOME_QOQ_SQ":0,"NET_PROFIT_RATIO_SQ":-12.2624422512,"HOLDER_PROFIT_SQ":-17406523.47,"HOLDER_PROFIT_QOQ_SQ":0,"ROE_AVG_SQ":7.282814224696,"PE_TTM_SQ":-1.067508507665,"PB_TTM_SQ":-0.170654665333,"ROA_SQ":-18.763353644061,"START_DATE":"2024-04-01 00:00:00","FISCAL_YEAR":"3-31","CURRENCY":"HKD","IS_CNY_CODE":0,"DPS_HKD_LY":null,"ORG_TYPE":"一般企业","PREMIUM_INCOME":null,"PREMIUM_INCOME_YOY":null,"NET_INTEREST_INCOME":null,"NET_INTEREST_INCOME_YOY":null,"FEE_COMMISSION_INCOME":null,"FEE_COMMISSION_INCOME_YOY":null,"ACCOUNTS_RECE_TDAYS":10.032569500989,"INVENTORY_TDAYS":null,"CURRENT_ASSETS_TDAYS":1.32232545304,"TOTAL_ASSETS_TDAYS":1.319836569802,"PREMIUM_EXPENSE":null,"LOAN_DEPOSIT":null,"LOAN_EQUITY":null,"LOAN_ASSETS":null,"DEPOSIT_EQUITY":null,"DEPOSIT_ASSETS":null,"EQUITY_MULTIPLIER":-0.129345557572,"EQUITY_RATIO":-1.061594891204},{"SECUCODE":"01013.HK","SECURITY_CODE":"01013","SECURITY_NAME_ABBR":"伟俊集团控股","ORG_CODE":"10009206","STD_REPORT_DATE":"2023-12-31 00:00:00","REPORT_DATE":"2024-03-31 00:00:00","DATE_TYPE_CODE":"001","REPORT_TYPE":"2023年年报","PER_NETCASH_OPERATE":-0.028875798993,"PER_OI":0.928585618223,"BPS":-0.869342256522,"BASIC_EPS":-0.12383473,"DILUTED_EPS":-0.12383473,"OPERATE_INCOME":248294072.95,"OPERATE_INCOME_YOY":54.9119641635,"GROSS_PROFIT":1407872.15,"GROSS_PROFIT_YOY":183.640770028101,"HOLDER_PROFIT":-33117178.05,"HOLDER_PROFIT_YOY":27.9765777489,"GROSS_PROFIT_RATIO":0.56701802555,"EPS_TTM":-0.143696700826,"OPERATE_INCOME_QOQ":0,"NET_PROFIT_RATIO":-13.317073705,"ROE_AVG":14.521149099062,"GROSS_PROFIT_QOQ":0,"ROA":-64.422890397672,"HOLDER_PROFIT_QOQ":0,"ROE_YEARLY":14.521149099062,"ROIC_YEARLY":-101.377846230696,"TOTAL_ASSETS":29071245.4,"TOTAL_LIABILITIES":246904331.8,"TAX_EBT":-0.005483658697,"OCF_SALES":-3.109653910891,"TOTAL_PARENT_EQUITY":-232453018.25,"DEBT_ASSET_RATIO":849.3077210927,"OPERATE_PROFIT":-9123519.2,"PRETAX_PROFIT":-33063691.6,"NETCASH_OPERATE":-7721086.35,"NETCASH_INVEST":7252.4,"NETCASH_FINANCE":-1922792.55,"END_CASH":115131.85,"DIVI_RATIO":null,"DIVIDEND_RATE":null,"CURRENT_RATIO":0.367953920971,"COMMON_ACS":1112500000,"CURRENTDEBT_DEBT":31.936509568359,"ISSUED_COMMON_SHARES":267389531,"HK_COMMON_SHARES":267389531,"PER_SHARES":10000,"TOTAL_MARKET_CAP":31284575.127,"HKSK_MARKET_CAP":31284575.127,"PE_TTM":-0.910096730967,"PB_TTM":-0.114292408145,"REPORT_DATE_SQ":"2022-12-31 00:00:00","REPORT_TYPE_SQ":"2022年年报","OPERATE_INCOME_SQ":154775114.23,"DPS_HKD":null,"OPERATE_INCOME_QOQ_SQ":0,"NET_PROFIT_RATIO_SQ":-29.2709965329,"HOLDER_PROFIT_SQ":-44401670.61,"HOLDER_PROFIT_QOQ_SQ":0,"ROE_AVG_SQ":22.658628492038,"PE_TTM_SQ":-1.037008264589,"PB_TTM_SQ":-0.165778817752,"ROA_SQ":-46.144608456342,"START_DATE":"2023-04-01 00:00:00","FISCAL_YEAR":"3-31","CURRENCY":"HKD","IS_CNY_CODE":0,"DPS_HKD_LY":null,"ORG_TYPE":"一般企业","PREMIUM_INCOME":null,"PREMIUM_INCOME_YOY":null,"NET_INTEREST_INCOME":null,"NET_INTEREST_INCOME_YOY":null,"FEE_COMMISSION_INCOME":null,"FEE_COMMISSION_INCOME_YOY":null,"ACCOUNTS_RECE_TDAYS":7.86540118316,"INVENTORY_TDAYS":null,"CURRENT_ASSETS_TDAYS":4.987689618123,"TOTAL_ASSETS_TDAYS":4.830067895247,"PREMIUM_EXPENSE":null,"LOAN_DEPOSIT":null,"LOAN_EQUITY":null,"LOAN_ASSETS":null,"DEPOSIT_EQUITY":null,"DEPOSIT_ASSETS":null,"EQUITY_MULTIPLIER":-0.133456518844,"EQUITY_RATIO":-1.062168749878},{"SECUCODE":"01013.HK","SECURITY_CODE":"01013","SECURITY_NAME_ABBR":"伟俊集团控股","ORG_CODE":"10009206","STD_REPORT_DATE":"2023-06-30 00:00:00","REPORT_DATE":"2023-09-30 00:00:00","DATE_TYPE_CODE":"002","REPORT_TYPE":"2023年中报","PER_NETCASH_OPERATE":-0.003566937261,"PER_OI":0.065369112151,"BPS":-0.940995370309,"BASIC_EPS":-0.065059967,"DILUTED_EPS":-0.065059967,"OPERATE_INCOME":139832129.92,"OPERATE_INCOME_YOY":44.4836348466,"GROSS_PROFIT":970852.54,"GROSS_PROFIT_YOY":334.586825551749,"HOLDER_PROFIT":-17406523.47,"HOLDER_PROFIT_YOY":26.6359839109,"GROSS_PROFIT_RATIO":0.694298614028,"EPS_TTM":-0.020757016198,"OPERATE_INCOME_QOQ":0,"NET_PROFIT_RATIO":-12.2624422512,"ROE_AVG":7.282814224696,"GROSS_PROFIT_QOQ":0,"ROA":-18.763353644061,"HOLDER_PROFIT_QOQ":0,"ROE_YEARLY":14.565628449393,"ROIC_YEARLY":-59.168570693326,"TOTAL_ASSETS":110895585.5,"TOTAL_LIABILITIES":347491798.92,"TAX_EBT":null,"OCF_SALES":-5.456609617808,"TOTAL_PARENT_EQUITY":-251612310.74,"DEBT_ASSET_RATIO":313.3504344228,"OPERATE_PROFIT":-5514038.67,"PRETAX_PROFIT":-17146834.18,"NETCASH_OPERATE":-7630093.45,"NETCASH_INVEST":917.63,"NETCASH_FINANCE":30121204.75,"END_CASH":29826645.52,"DIVI_RATIO":null,"DIVIDEND_RATE":null,"CURRENT_RATIO":0.385058725789,"COMMON_ACS":1112500000,"CURRENTDEBT_DEBT":81.053067993367,"ISSUED_COMMON_SHARES":267389531,"HK_COMMON_SHARES":267389531,"PER_SHARES":10000,"TOTAL_MARKET_CAP":31284575.127,"HKSK_MARKET_CAP":31284575.127,"PE_TTM":-0.910096730967,"PB_TTM":-0.114292408145,"REPORT_DATE_SQ":"2022-06-30 00:00:00","REPORT_TYPE_SQ":"2022年中报","OPERATE_INCOME_SQ":95389477.92,"DPS_HKD":null,"OPERATE_INCOME_QOQ_SQ":0,"NET_PROFIT_RATIO_SQ":-25.1147267418,"HOLDER_PROFIT_SQ":-23385200.64,"HOLDER_PROFIT_QOQ_SQ":0,"ROE_AVG_SQ":12.049866014214,"PE_TTM_SQ":-1.037008264589,"PB_TTM_SQ":-0.165778817752,"ROA_SQ":-20.411933275967,"START_DATE":"2023-04-01 00:00:00","FISCAL_YEAR":"3-31","CURRENCY":"HKD","IS_CNY_CODE":0,"DPS_HKD_LY":null,"ORG_TYPE":"一般企业","PREMIUM_INCOME":null,"PREMIUM_INCOME_YOY":null,"NET_INTEREST_INCOME":null,"NET_INTEREST_INCOME_YOY":null,"FEE_COMMISSION_INCOME":null,"FEE_COMMISSION_INCOME_YOY":null,"ACCOUNTS_RECE_TDAYS":2.472542004365,"INVENTORY_TDAYS":null,"CURRENT_ASSETS_TDAYS":1.554867378539,"TOTAL_ASSETS_TDAYS":1.507319775263,"PREMIUM_EXPENSE":null,"LOAN_DEPOSIT":null,"LOAN_EQUITY":null,"LOAN_ASSETS":null,"DEPOSIT_EQUITY":null,"DEPOSIT_ASSETS":null,"EQUITY_MULTIPLIER":-0.468712427376,"EQUITY_RATIO":-1.381060401608},{"SECUCODE":"01013.HK","SECURITY_CODE":"01013","SECURITY_NAME_ABBR":"伟俊集团控股","ORG_CODE":"10009206","STD_REPORT_DATE":"2022-12-31 00:00:00","REPORT_DATE":"2023-03-31 00:00:00","DATE_TYPE_CODE":"001","REPORT_TYPE":"2022年年报","PER_NETCASH_OPERATE":-0.003595574699,"PER_OI":0.072354699926,"BPS":-0.807762675907,"BASIC_EPS":-0.166065277,"DILUTED_EPS":-0.166065277,"OPERATE_INCOME":154775114.23,"OPERATE_INCOME_YOY":-24.4192607919,"GROSS_PROFIT":496357.47,"GROSS_PROFIT_YOY":-44.209310926289,"HOLDER_PROFIT":-44401670.61,"HOLDER_PROFIT_YOY":60.0882887562,"GROSS_PROFIT_RATIO":0.320695915793,"EPS_TTM":-0.048650836348,"OPERATE_INCOME_QOQ":0,"NET_PROFIT_RATIO":-29.2709965329,"ROE_AVG":22.658628492038,"GROSS_PROFIT_QOQ":0,"ROA":-46.144608456342,"HOLDER_PROFIT_QOQ":0,"ROE_YEARLY":22.658628492038,"ROIC_YEARLY":-61.972777479107,"TOTAL_ASSETS":71207600.22,"TOTAL_LIABILITIES":273248726.58,"TAX_EBT":null,"OCF_SALES":-4.96937269164,"TOTAL_PARENT_EQUITY":-215987283.07,"DEBT_ASSET_RATIO":383.7353396769,"OPERATE_PROFIT":-22406994.36,"PRETAX_PROFIT":-45304218.32,"NETCASH_OPERATE":-7691352.26,"NETCASH_INVEST":-5375892.81,"NETCASH_FINANCE":9745939.53,"END_CASH":8277876.96,"DIVI_RATIO":null,"DIVIDEND_RATE":null,"CURRENT_RATIO":0.31599356814,"COMMON_ACS":1112500000,"CURRENTDEBT_DEBT":78.899076690438,"ISSUED_COMMON_SHARES":267389531,"HK_COMMON_SHARES":267389531,"PER_SHARES":10000,"TOTAL_MARKET_CAP":31551964.658,"HKSK_MARKET_CAP":31551964.658,"PE_TTM":-0.917875335505,"PB_TTM":-0.115269266334,"REPORT_DATE_SQ":"2021-12-31 00:00:00","REPORT_TYPE_SQ":"2021年年报","OPERATE_INCOME_SQ":189716325.26,"DPS_HKD":null,"OPERATE_INCOME_QOQ_SQ":0,"NET_PROFIT_RATIO_SQ":-54.4732094765,"HOLDER_PROFIT_SQ":-103065583.83,"HOLDER_PROFIT_QOQ_SQ":0,"ROE_AVG_SQ":82.537507306618,"PE_TTM_SQ":-0.980549531082,"PB_TTM_SQ":-0.181381530011,"ROA_SQ":-86.055865921788,"START_DATE":"2022-04-01 00:00:00","FISCAL_YEAR":"3-31","CURRENCY":"HKD","IS_CNY_CODE":0,"DPS_HKD_LY":null,"ORG_TYPE":"一般企业","PREMIUM_INCOME":null,"PREMIUM_INCOME_YOY":null,"NET_INTEREST_INCOME":null,"NET_INTEREST_INCOME_YOY":null,"FEE_COMMISSION_INCOME":null,"FEE_COMMISSION_INCOME_YOY":null,"ACCOUNTS_RECE_TDAYS":2.586162510056,"INVENTORY_TDAYS":null,"CURRENT_ASSETS_TDAYS":1.662760624841,"TOTAL_ASSETS_TDAYS":1.608506379785,"PREMIUM_EXPENSE":null,"LOAN_DEPOSIT":null,"LOAN_EQUITY":null,"LOAN_ASSETS":null,"DEPOSIT_EQUITY":null,"DEPOSIT_ASSETS":null,"EQUITY_MULTIPLIER":-0.35244111683,"EQUITY_RATIO":-1.265114884062},{"SECUCODE":"01013.HK","SECURITY_CODE":"01013","SECURITY_NAME_ABBR":"伟俊集团控股","ORG_CODE":"10009206","STD_REPORT_DATE":"2022-06-30 00:00:00","REPORT_DATE":"2022-09-30 00:00:00","DATE_TYPE_CODE":"002","REPORT_TYPE":"2022年中报","PER_NETCASH_OPERATE":-0.005918073266,"PER_OI":0.044592937859,"BPS":-0.771814507577,"BASIC_EPS":-0.010943724,"DILUTED_EPS":-0.010943724,"OPERATE_INCOME":95389477.92,"OPERATE_INCOME_YOY":-15.6215498344,"GROSS_PROFIT":223396.68,"GROSS_PROFIT_YOY":-3.883880364372,"HOLDER_PROFIT":-23385200.64,"HOLDER_PROFIT_YOY":3.7593984962,"GROSS_PROFIT_RATIO":0.234194257974,"EPS_TTM":-0.048181385152,"OPERATE_INCOME_QOQ":0,"NET_PROFIT_RATIO":-25.1147267418,"ROE_AVG":12.049866014214,"GROSS_PROFIT_QOQ":0,"ROA":-20.411933275967,"HOLDER_PROFIT_QOQ":0,"ROE_YEARLY":24.099732028428,"ROIC_YEARLY":-53.2380692552,"TOTAL_ASSETS":103874029.56,"TOTAL_LIABILITIES":295367493,"TAX_EBT":null,"OCF_SALES":-13.271324003489,"TOTAL_PARENT_EQUITY":-206375119.2,"DEBT_ASSET_RATIO":284.3516269188,"OPERATE_PROFIT":-12639549,"PRETAX_PROFIT":-23956806.72,"NETCASH_OPERATE":-12659446.68,"NETCASH_INVEST":904.44,"NETCASH_FINANCE":11420363.88,"END_CASH":10456230.84,"DIVI_RATIO":null,"DIVIDEND_RATE":null,"CURRENT_RATIO":0.432374538646,"COMMON_ACS":1112500000,"CURRENTDEBT_DEBT":79.480058179591,"ISSUED_COMMON_SHARES":267389531,"HK_COMMON_SHARES":267389531,"PER_SHARES":10000,"TOTAL_MARKET_CAP":31551964.658,"HKSK_MARKET_CAP":31551964.658,"PE_TTM":-0.917875335505,"PB_TTM":-0.115269266334,"REPORT_DATE_SQ":"2021-06-30 00:00:00","REPORT_TYPE_SQ":"2021年中报","OPERATE_INCOME_SQ":104127501.64,"DPS_HKD":null,"OPERATE_INCOME_QOQ_SQ":0,"NET_PROFIT_RATIO_SQ":-21.8394482935,"HOLDER_PROFIT_SQ":-22380989.96,"HOLDER_PROFIT_QOQ_SQ":0,"ROE_AVG_SQ":22.279073045937,"PE_TTM_SQ":-0.980549531082,"PB_TTM_SQ":-0.181381530011,"ROA_SQ":-19.739026934889,"START_DATE":"2022-04-01 00:00:00","FISCAL_YEAR":"3-31","CURRENCY":"HKD","IS_CNY_CODE":0,"DPS_HKD_LY":null,"ORG_TYPE":"一般企业","PREMIUM_INCOME":null,"PREMIUM_INCOME_YOY":null,"NET_INTEREST_INCOME":null,"NET_INTEREST_INCOME_YOY":null,"FEE_COMMISSION_INCOME":null,"FEE_COMMISSION_INCOME_YOY":null,"ACCOUNTS_RECE_TDAYS":1.526000520879,"INVENTORY_TDAYS":null,"CURRENT_ASSETS_TDAYS":0.853753404919,"TOTAL_ASSETS_TDAYS":0.832613621113,"PREMIUM_EXPENSE":null,"LOAN_DEPOSIT":null,"LOAN_EQUITY":null,"LOAN_ASSETS":null,"DEPOSIT_EQUITY":null,"DEPOSIT_ASSETS":null,"EQUITY_MULTIPLIER":-0.542441646279,"EQUITY_RATIO":-1.431216583399},{"SECUCODE":"01013.HK","SECURITY_CODE":"01013","SECURITY_NAME_ABBR":"伟俊集团控股","ORG_CODE":"10009206","STD_REPORT_DATE":"2021-12-31 00:00:00","REPORT_DATE":"2022-03-31 00:00:00","DATE_TYPE_CODE":"001","REPORT_TYPE":"2021年年报","PER_NETCASH_OPERATE":0.001437293982,"PER_OI":0.088689114225,"BPS":-0.609555202444,"BASIC_EPS":-0.048173994,"DILUTED_EPS":-0.048173994,"OPERATE_INCOME":189716325.26,"OPERATE_INCOME_YOY":46.3555939287,"GROSS_PROFIT":889677.97,"GROSS_PROFIT_YOY":-68.492992986148,"HOLDER_PROFIT":-103065583.83,"HOLDER_PROFIT_YOY":-608.6939549409,"GROSS_PROFIT_RATIO":0.468951719775,"EPS_TTM":-0.010253041638,"OPERATE_INCOME_QOQ":0,"NET_PROFIT_RATIO":-54.4732094765,"ROE_AVG":82.537507306618,"GROSS_PROFIT_QOQ":0,"ROA":-86.055865921788,"HOLDER_PROFIT_QOQ":0,"ROE_YEARLY":82.537507306618,"ROIC_YEARLY":-111.812734807359,"TOTAL_ASSETS":112319207.93,"TOTAL_LIABILITIES":261626148.93,"TAX_EBT":null,"OCF_SALES":1.620597966878,"TOTAL_PARENT_EQUITY":-162988679.7,"DEBT_ASSET_RATIO":232.9309062552,"OPERATE_PROFIT":-75553691.6,"PRETAX_PROFIT":-103344571.27,"NETCASH_OPERATE":3074538.91,"NETCASH_INVEST":-5677.07,"NETCASH_FINANCE":-8080092.63,"END_CASH":11508231.9,"DIVI_RATIO":null,"DIVIDEND_RATE":null,"CURRENT_RATIO":1.006268609936,"COMMON_ACS":1112500000,"CURRENTDEBT_DEBT":41.53871906706,"ISSUED_COMMON_SHARES":267389531,"HK_COMMON_SHARES":267389531,"PER_SHARES":10000,"TOTAL_MARKET_CAP":31551964.658,"HKSK_MARKET_CAP":31551964.658,"PE_TTM":-0.917875335505,"PB_TTM":-0.115269266334,"REPORT_DATE_SQ":"2020-12-31 00:00:00","REPORT_TYPE_SQ":"2020年年报","OPERATE_INCOME_SQ":135088500.12,"DPS_HKD":null,"OPERATE_INCOME_QOQ_SQ":0,"NET_PROFIT_RATIO_SQ":1.5972821803,"HOLDER_PROFIT_SQ":-15155767.76,"HOLDER_PROFIT_QOQ_SQ":0,"ROE_AVG_SQ":12.05800375888,"PE_TTM_SQ":-0.980549531082,"PB_TTM_SQ":-0.181381530011,"ROA_SQ":-14.622372262179,"START_DATE":"2021-04-01 00:00:00","FISCAL_YEAR":"3-31","CURRENCY":"HKD","IS_CNY_CODE":0,"DPS_HKD_LY":null,"ORG_TYPE":"一般企业","PREMIUM_INCOME":null,"PREMIUM_INCOME_YOY":null,"NET_INTEREST_INCOME":null,"NET_INTEREST_INCOME_YOY":null,"FEE_COMMISSION_INCOME":null,"FEE_COMMISSION_INCOME_YOY":null,"ACCOUNTS_RECE_TDAYS":null,"INVENTORY_TDAYS":157.370057451842,"CURRENT_ASSETS_TDAYS":1.673182699254,"TOTAL_ASSETS_TDAYS":1.584059590317,"PREMIUM_EXPENSE":null,"LOAN_DEPOSIT":null,"LOAN_EQUITY":null,"LOAN_ASSETS":null,"DEPOSIT_EQUITY":null,"DEPOSIT_ASSETS":null,"EQUITY_MULTIPLIER":-0.75227050516,"EQUITY_RATIO":-1.605179877594},{"SECUCODE":"01013.HK","SECURITY_CODE":"01013","SECURITY_NAME_ABBR":"伟俊集团控股","ORG_CODE":"10009206","STD_REPORT_DATE":"2021-06-30 00:00:00","REPORT_DATE":"2021-09-30 00:00:00","DATE_TYPE_CODE":"002","REPORT_TYPE":"2021年中报","PER_NETCASH_OPERATE":-0.001175722985,"PER_OI":0.048677813437,"BPS":-0.41812588175,"BASIC_EPS":-0.010496556,"DILUTED_EPS":-0.010496556,"OPERATE_INCOME":104127501.64,"OPERATE_INCOME_YOY":92.9009059061,"GROSS_PROFIT":232423.74,"GROSS_PROFIT_YOY":29.658145805664,"HOLDER_PROFIT":-22380989.96,"HOLDER_PROFIT_YOY":-51.2895596351,"GROSS_PROFIT_RATIO":0.223210714114,"EPS_TTM":-0.007085060372,"OPERATE_INCOME_QOQ":0,"NET_PROFIT_RATIO":-21.8394482935,"ROE_AVG":22.279073045937,"GROSS_PROFIT_QOQ":0,"ROA":-19.739026934889,"HOLDER_PROFIT_QOQ":0,"ROE_YEARLY":44.558146091874,"ROIC_YEARLY":-50.435533528573,"TOTAL_ASSETS":96097636.3,"TOTAL_LIABILITIES":193893881.94,"TAX_EBT":null,"OCF_SALES":-2.415315935165,"TOTAL_PARENT_EQUITY":-111802483.42,"DEBT_ASSET_RATIO":201.767587014,"OPERATE_PROFIT":-8400577.04,"PRETAX_PROFIT":-22740871.88,"NETCASH_OPERATE":-2515008.14,"NETCASH_INVEST":833.06,"NETCASH_FINANCE":-8970390.08,"END_CASH":4457704.06,"DIVI_RATIO":null,"DIVIDEND_RATE":null,"CURRENT_RATIO":1.075625468165,"COMMON_ACS":1112500000,"CURRENTDEBT_DEBT":43.018444762384,"ISSUED_COMMON_SHARES":267389531,"HK_COMMON_SHARES":267389531,"PER_SHARES":10000,"TOTAL_MARKET_CAP":31551964.658,"HKSK_MARKET_CAP":31551964.658,"PE_TTM":-0.917875335505,"PB_TTM":-0.115269266334,"REPORT_DATE_SQ":"2020-06-30 00:00:00","REPORT_TYPE_SQ":"2020年中报","OPERATE_INCOME_SQ":56938419.84,"DPS_HKD":null,"OPERATE_INCOME_QOQ_SQ":0,"NET_PROFIT_RATIO_SQ":-27.9889501057,"HOLDER_PROFIT_SQ":-15604309.76,"HOLDER_PROFIT_QOQ_SQ":0,"ROE_AVG_SQ":8.903462262566,"PE_TTM_SQ":-0.980549531082,"PB_TTM_SQ":-0.181381530011,"ROA_SQ":-18.423837486772,"START_DATE":"2021-04-01 00:00:00","FISCAL_YEAR":"3-31","CURRENCY":"HKD","IS_CNY_CODE":0,"DPS_HKD_LY":null,"ORG_TYPE":"一般企业","PREMIUM_INCOME":null,"PREMIUM_INCOME_YOY":null,"NET_INTEREST_INCOME":null,"NET_INTEREST_INCOME_YOY":null,"FEE_COMMISSION_INCOME":null,"FEE_COMMISSION_INCOME_YOY":null,"ACCOUNTS_RECE_TDAYS":1.247333073876,"INVENTORY_TDAYS":58.115097856477,"CURRENT_ASSETS_TDAYS":0.990153441542,"TOTAL_ASSETS_TDAYS":0.918357750577,"PREMIUM_EXPENSE":null,"LOAN_DEPOSIT":null,"LOAN_EQUITY":null,"LOAN_ASSETS":null,"DEPOSIT_EQUITY":null,"DEPOSIT_ASSETS":null,"EQUITY_MULTIPLIER":-0.982631139581,"EQUITY_RATIO":-1.734253801963},{"SECUCODE":"01013.HK","SECURITY_CODE":"01013","SECURITY_NAME_ABBR":"伟俊集团控股","ORG_CODE":"10009206","STD_REPORT_DATE":"2020-12-31 00:00:00","REPORT_DATE":"2021-03-31 00:00:00","DATE_TYPE_CODE":"001","REPORT_TYPE":"2020年年报","PER_NETCASH_OPERATE":-0.003727835412,"PER_OI":0.063151546928,"BPS":-0.338116844971,"BASIC_EPS":-0.007099512,"DILUTED_EPS":-0.007099512,"OPERATE_INCOME":135088500.12,"OPERATE_INCOME_YOY":18.6108122148,"GROSS_PROFIT":2823746.38,"GROSS_PROFIT_YOY":-45.829054790372,"HOLDER_PROFIT":-15155767.76,"HOLDER_PROFIT_YOY":36.1714245035,"GROSS_PROFIT_RATIO":2.090293679693,"EPS_TTM":-0.013965249994,"OPERATE_INCOME_QOQ":0,"NET_PROFIT_RATIO":1.5972821803,"ROE_AVG":12.05800375888,"GROSS_PROFIT_QOQ":0,"ROA":-14.622372262179,"HOLDER_PROFIT_QOQ":0,"ROE_YEARLY":12.05800375888,"ROIC_YEARLY":-18.147501581278,"TOTAL_ASSETS":132572399.26,"TOTAL_LIABILITIES":208384200.08,"TAX_EBT":null,"OCF_SALES":-5.902999361838,"TOTAL_PARENT_EQUITY":-90408904.6,"DEBT_ASSET_RATIO":157.1852069082,"OPERATE_PROFIT":-19795805.96,"PRETAX_PROFIT":2157744.54,"NETCASH_OPERATE":-7974273.3,"NETCASH_INVEST":713331.92,"NETCASH_FINANCE":12315117.78,"END_CASH":16654271.9,"DIVI_RATIO":null,"DIVIDEND_RATE":null,"CURRENT_RATIO":1.004858513156,"COMMON_ACS":1112500000,"CURRENTDEBT_DEBT":58.435811742566,"ISSUED_COMMON_SHARES":267389531,"HK_COMMON_SHARES":267389531,"PER_SHARES":10000,"TOTAL_MARKET_CAP":31551964.658,"HKSK_MARKET_CAP":31551964.658,"PE_TTM":-0.917875335505,"PB_TTM":-0.115269266334,"REPORT_DATE_SQ":"2019-12-31 00:00:00","REPORT_TYPE_SQ":"2019年年报","OPERATE_INCOME_SQ":123125643.5,"DPS_HKD":null,"OPERATE_INCOME_QOQ_SQ":0,"NET_PROFIT_RATIO_SQ":-19.0471596601,"HOLDER_PROFIT_SQ":-25669487.8,"HOLDER_PROFIT_QOQ_SQ":0,"ROE_AVG_SQ":15.856638916326,"PE_TTM_SQ":-0.980549531082,"PB_TTM_SQ":-0.181381530011,"ROA_SQ":-28.193381670388,"START_DATE":"2020-04-01 00:00:00","FISCAL_YEAR":"3-31","CURRENCY":"HKD","IS_CNY_CODE":0,"DPS_HKD_LY":null,"ORG_TYPE":"一般企业","PREMIUM_INCOME":null,"PREMIUM_INCOME_YOY":null,"NET_INTEREST_INCOME":null,"NET_INTEREST_INCOME_YOY":null,"FEE_COMMISSION_INCOME":null,"FEE_COMMISSION_INCOME_YOY":null,"ACCOUNTS_RECE_TDAYS":null,"INVENTORY_TDAYS":29.513059877416,"CURRENT_ASSETS_TDAYS":1.4345566655,"TOTAL_ASSETS_TDAYS":1.303341650766,"PREMIUM_EXPENSE":null,"LOAN_DEPOSIT":null,"LOAN_EQUITY":null,"LOAN_ASSETS":null,"DEPOSIT_EQUITY":null,"DEPOSIT_ASSETS":null,"EQUITY_MULTIPLIER":-1.74870399893,"EQUITY_RATIO":-2.304907918108},{"SECUCODE":"01013.HK","SECURITY_CODE":"01013","SECURITY_NAME_ABBR":"伟俊集团控股","ORG_CODE":"10009206","STD_REPORT_DATE":"2020-06-30 00:00:00","REPORT_DATE":"2020-09-30 00:00:00","DATE_TYPE_CODE":"002","REPORT_TYPE":"2020年中报","PER_NETCASH_OPERATE":0.000079733653,"PER_OI":0.002661773052,"BPS":-0.685001217344,"BASIC_EPS":-0.007293376,"DILUTED_EPS":-0.007293376,"OPERATE_INCOME":56938419.84,"OPERATE_INCOME_YOY":-20.781221346,"GROSS_PROFIT":179258.88,"GROSS_PROFIT_YOY":-92.548455306459,"HOLDER_PROFIT":-15604309.76,"HOLDER_PROFIT_YOY":-40.5016219638,"GROSS_PROFIT_RATIO":0.31482939025,"EPS_TTM":-0.001200004339,"OPERATE_INCOME_QOQ":0,"NET_PROFIT_RATIO":-27.9889501057,"ROE_AVG":8.903462262566,"GROSS_PROFIT_QOQ":0,"ROA":-18.423837486772,"HOLDER_PROFIT_QOQ":0,"ROE_YEARLY":17.806924525133,"ROIC_YEARLY":-44.547854826875,"TOTAL_ASSETS":91704097.92,"TOTAL_LIABILITIES":277926833.92,"TAX_EBT":null,"OCF_SALES":2.995509051345,"TOTAL_PARENT_EQUITY":-183162154.24,"DEBT_ASSET_RATIO":303.069154186,"OPERATE_PROFIT":-9736217.6,"PRETAX_PROFIT":-15936465.92,"NETCASH_OPERATE":1705595.52,"NETCASH_INVEST":760971.52,"NETCASH_FINANCE":9748519.68,"END_CASH":22967104.64,"DIVI_RATIO":null,"DIVIDEND_RATE":null,"CURRENT_RATIO":0.805409953304,"COMMON_ACS":1112500000,"CURRENTDEBT_DEBT":37.578331004218,"ISSUED_COMMON_SHARES":267389531,"HK_COMMON_SHARES":267389531,"PER_SHARES":10000,"TOTAL_MARKET_CAP":31551964.658,"HKSK_MARKET_CAP":31551964.658,"PE_TTM":-0.917875335505,"PB_TTM":-0.115269266334,"REPORT_DATE_SQ":"2019-06-30 00:00:00","REPORT_TYPE_SQ":"2019年中报","OPERATE_INCOME_SQ":73779907.95,"DPS_HKD":null,"OPERATE_INCOME_QOQ_SQ":0,"NET_PROFIT_RATIO_SQ":-14.6255883611,"HOLDER_PROFIT_SQ":-11400504.39,"HOLDER_PROFIT_QOQ_SQ":0,"ROE_AVG_SQ":7.426362146059,"PE_TTM_SQ":-0.980549531082,"PB_TTM_SQ":-0.181381530011,"ROA_SQ":-11.633354656701,"START_DATE":"2020-04-01 00:00:00","FISCAL_YEAR":"3-31","CURRENCY":"HKD","IS_CNY_CODE":0,"DPS_HKD_LY":null,"ORG_TYPE":"一般企业","PREMIUM_INCOME":null,"PREMIUM_INCOME_YOY":null,"NET_INTEREST_INCOME":null,"NET_INTEREST_INCOME_YOY":null,"FEE_COMMISSION_INCOME":null,"FEE_COMMISSION_INCOME_YOY":null,"ACCOUNTS_RECE_TDAYS":1.099316288618,"INVENTORY_TDAYS":7.650932780574,"CURRENT_ASSETS_TDAYS":0.745718823367,"TOTAL_ASSETS_TDAYS":0.672265681738,"PREMIUM_EXPENSE":null,"LOAN_DEPOSIT":null,"LOAN_EQUITY":null,"LOAN_ASSETS":null,"DEPOSIT_EQUITY":null,"DEPOSIT_ASSETS":null,"EQUITY_MULTIPLIER":-0.492443081279,"EQUITY_RATIO":-1.517381333896}],"count":46},"success":true,"message":"ok","code":0}