{"version":"fdff85882b21928819006f24a6289ca4","result":{"pages":6,"data":[{"SECUCODE":"01010.HK","SECURITY_CODE":"01010","SECURITY_NAME_ABBR":"天玺曜11","ORG_CODE":"10009205","STD_REPORT_DATE":"2024-06-30 00:00:00","REPORT_DATE":"2024-06-30 00:00:00","DATE_TYPE_CODE":"002","REPORT_TYPE":"2024年中报","PER_NETCASH_OPERATE":-0.077678447863,"PER_OI":0.032779261452,"BPS":0.022216438717,"BASIC_EPS":-0.050288668,"DILUTED_EPS":-0.050288668,"OPERATE_INCOME":14563634.76,"OPERATE_INCOME_YOY":-84.3080372508,"GROSS_PROFIT":10338839.04,"GROSS_PROFIT_YOY":-68.61359545837,"HOLDER_PROFIT":-22019317.68,"HOLDER_PROFIT_YOY":-2505.3995680346,"GROSS_PROFIT_RATIO":70.990787742057,"EPS_TTM":-0.142375859985,"OPERATE_INCOME_QOQ":-76.675191413561,"NET_PROFIT_RATIO":-151.1938334273,"ROE_AVG":-615.773353751914,"GROSS_PROFIT_QOQ":-79.028457893031,"ROA":-6.76928429535,"HOLDER_PROFIT_QOQ":-50.285009762209,"ROE_YEARLY":-1231.54670750383,"ROIC_YEARLY":-16.753672200647,"TOTAL_ASSETS":320468415.72,"TOTAL_LIABILITIES":310597781.52,"TAX_EBT":null,"OCF_SALES":-236.974368615655,"TOTAL_PARENT_EQUITY":9870634.2,"DEBT_ASSET_RATIO":96.9199354084,"OPERATE_PROFIT":-21810313.96,"PRETAX_PROFIT":-22019317.68,"NETCASH_OPERATE":-34512081.52,"NETCASH_INVEST":23729.68,"NETCASH_FINANCE":35269605.92,"END_CASH":61773833.12,"DIVI_RATIO":null,"DIVIDEND_RATE":null,"CURRENT_RATIO":0.918338971643,"COMMON_ACS":1000000000,"CURRENTDEBT_DEBT":99.54159981664,"ISSUED_COMMON_SHARES":444294170,"HK_COMMON_SHARES":444294170,"PER_SHARES":2000,"TOTAL_MARKET_CAP":126623838.45,"HKSK_MARKET_CAP":126623838.45,"PE_TTM":-1.81808029707,"PB_TTM":11.70816814147,"REPORT_DATE_SQ":"2023-06-30 00:00:00","REPORT_TYPE_SQ":"2023年中报","OPERATE_INCOME_SQ":93755224.22,"DPS_HKD":null,"OPERATE_INCOME_QOQ_SQ":34.912355428968,"NET_PROFIT_RATIO_SQ":-0.9106196344,"HOLDER_PROFIT_SQ":-853753.48,"HOLDER_PROFIT_QOQ_SQ":618.937198502025,"ROE_AVG_SQ":-2.184529005166,"PE_TTM_SQ":21.68699170192,"PB_TTM_SQ":7.087350171483,"ROA_SQ":-0.211738450422,"START_DATE":"2024-01-01 00:00:00","FISCAL_YEAR":"12-31","CURRENCY":"HKD","IS_CNY_CODE":0,"DPS_HKD_LY":null,"ORG_TYPE":"一般企业","PREMIUM_INCOME":null,"PREMIUM_INCOME_YOY":null,"NET_INTEREST_INCOME":null,"NET_INTEREST_INCOME_YOY":null,"FEE_COMMISSION_INCOME":null,"FEE_COMMISSION_INCOME_YOY":null,"ACCOUNTS_RECE_TDAYS":0.181014826495,"INVENTORY_TDAYS":0.031217229159,"CURRENT_ASSETS_TDAYS":0.050553067732,"TOTAL_ASSETS_TDAYS":0.044772224779,"PREMIUM_EXPENSE":null,"LOAN_DEPOSIT":null,"LOAN_EQUITY":null,"LOAN_ASSETS":null,"DEPOSIT_EQUITY":null,"DEPOSIT_ASSETS":null,"EQUITY_MULTIPLIER":32.46685159549,"EQUITY_RATIO":31.466851595007},{"SECUCODE":"01010.HK","SECURITY_CODE":"01010","SECURITY_NAME_ABBR":"天玺曜11","ORG_CODE":"10009205","STD_REPORT_DATE":"2023-12-31 00:00:00","REPORT_DATE":"2023-12-31 00:00:00","DATE_TYPE_CODE":"001","REPORT_TYPE":"2023年年报","PER_NETCASH_OPERATE":-0.07984386361,"PER_OI":0.278955431642,"BPS":-0.006076220582,"BASIC_EPS":-0.113639988,"DILUTED_EPS":-0.113639988,"OPERATE_INCOME":103281893.4,"OPERATE_INCOME_YOY":-37.0595771941,"GROSS_PROFIT":28599396.98,"GROSS_PROFIT_YOY":-62.153176690503,"HOLDER_PROFIT":-42091200.34,"HOLDER_PROFIT_YOY":-1977.2361359571,"GROSS_PROFIT_RATIO":27.690620338686,"EPS_TTM":-0.113684679595,"OPERATE_INCOME_QOQ":-52.670836877038,"NET_PROFIT_RATIO":-40.7537071159,"ROE_AVG":-210.234010772643,"GROSS_PROFIT_QOQ":-68.871384986193,"ROA":-11.278553338012,"HOLDER_PROFIT_QOQ":-506.089686786776,"ROE_YEARLY":-210.234010772643,"ROIC_YEARLY":-14.286966645699,"TOTAL_ASSETS":327760743.38,"TOTAL_LIABILITIES":330460372.76,"TAX_EBT":-4.955484250011,"OCF_SALES":-28.622444502939,"TOTAL_PARENT_EQUITY":-2699629.38,"DEBT_ASSET_RATIO":100.823658548,"OPERATE_PROFIT":-39732309.68,"PRETAX_PROFIT":-40103859.88,"NETCASH_OPERATE":-29561802.62,"NETCASH_INVEST":122339.7,"NETCASH_FINANCE":-1817877.32,"END_CASH":62626145.54,"DIVI_RATIO":null,"DIVIDEND_RATE":null,"CURRENT_RATIO":0.882917709861,"COMMON_ACS":1000000000,"CURRENTDEBT_DEBT":99.454283191374,"ISSUED_COMMON_SHARES":444294170,"HK_COMMON_SHARES":444294170,"PER_SHARES":2000,"TOTAL_MARKET_CAP":177717668,"HKSK_MARKET_CAP":177717668,"PE_TTM":-2.55169164501,"PB_TTM":16.432516689783,"REPORT_DATE_SQ":"2022-12-31 00:00:00","REPORT_TYPE_SQ":"2022年年报","OPERATE_INCOME_SQ":161749758.52,"DPS_HKD":null,"OPERATE_INCOME_QOQ_SQ":106.534484424835,"NET_PROFIT_RATIO_SQ":-1.2348406194,"HOLDER_PROFIT_SQ":-1997351.72,"HOLDER_PROFIT_QOQ_SQ":95.784328355181,"ROE_AVG_SQ":-4.07601513011,"PE_TTM_SQ":20.482158848031,"PB_TTM_SQ":6.693608501316,"ROA_SQ":-0.590753752647,"START_DATE":"2023-01-01 00:00:00","FISCAL_YEAR":"12-31","CURRENCY":"HKD","IS_CNY_CODE":0,"DPS_HKD_LY":null,"ORG_TYPE":"一般企业","PREMIUM_INCOME":null,"PREMIUM_INCOME_YOY":null,"NET_INTEREST_INCOME":null,"NET_INTEREST_INCOME_YOY":null,"FEE_COMMISSION_INCOME":null,"FEE_COMMISSION_INCOME_YOY":null,"ACCOUNTS_RECE_TDAYS":0.968634333527,"INVENTORY_TDAYS":0.509589074978,"CURRENT_ASSETS_TDAYS":0.306632264591,"TOTAL_ASSETS_TDAYS":0.276749138574,"PREMIUM_EXPENSE":null,"LOAN_DEPOSIT":null,"LOAN_EQUITY":null,"LOAN_ASSETS":null,"DEPOSIT_EQUITY":null,"DEPOSIT_ASSETS":null,"EQUITY_MULTIPLIER":-121.409533407769,"EQUITY_RATIO":-122.40953340047},{"SECUCODE":"01010.HK","SECURITY_CODE":"01010","SECURITY_NAME_ABBR":"天玺曜11","ORG_CODE":"10009205","STD_REPORT_DATE":"2023-06-30 00:00:00","REPORT_DATE":"2023-06-30 00:00:00","DATE_TYPE_CODE":"002","REPORT_TYPE":"2023年中报","PER_NETCASH_OPERATE":0.004923101624,"PER_OI":0.253224724877,"BPS":0.078052866955,"BASIC_EPS":-0.00230495,"DILUTED_EPS":-0.00230495,"OPERATE_INCOME":93755224.22,"OPERATE_INCOME_YOY":133.2423505665,"GROSS_PROFIT":32940501.44,"GROSS_PROFIT_YOY":98.058117221867,"HOLDER_PROFIT":-853753.48,"HOLDER_PROFIT_YOY":94.0080238126,"GROSS_PROFIT_RATIO":35.134576994562,"EPS_TTM":0.027994968426,"OPERATE_INCOME_QOQ":34.912355428968,"NET_PROFIT_RATIO":-0.9106196344,"ROE_AVG":-2.184529005166,"GROSS_PROFIT_QOQ":21.582098312792,"ROA":-0.211738450422,"HOLDER_PROFIT_QOQ":618.937198502025,"ROE_YEARLY":-4.369058010333,"ROIC_YEARLY":-0.556910410195,"TOTAL_ASSETS":380509443.82,"TOTAL_LIABILITIES":345831010.08,"TAX_EBT":126.863939657673,"OCF_SALES":1.944163085486,"TOTAL_PARENT_EQUITY":34678433.74,"DEBT_ASSET_RATIO":90.8863145703,"OPERATE_PROFIT":3222320.1,"PRETAX_PROFIT":3178065.06,"NETCASH_OPERATE":1822754.46,"NETCASH_INVEST":-43109940.84,"NETCASH_FINANCE":-374323.88,"END_CASH":53885121.1,"DIVI_RATIO":null,"DIVIDEND_RATE":null,"CURRENT_RATIO":0.995441326943,"COMMON_ACS":1000000000,"CURRENTDEBT_DEBT":99.009320280675,"ISSUED_COMMON_SHARES":444294170,"HK_COMMON_SHARES":444294170,"PER_SHARES":2000,"TOTAL_MARKET_CAP":177717668,"HKSK_MARKET_CAP":177717668,"PE_TTM":-2.55169164501,"PB_TTM":16.432516689783,"REPORT_DATE_SQ":"2022-06-30 00:00:00","REPORT_TYPE_SQ":"2022年中报","OPERATE_INCOME_SQ":37284573.62,"DPS_HKD":null,"OPERATE_INCOME_QOQ_SQ":-9.308176938047,"NET_PROFIT_RATIO_SQ":-35.4465801184,"HOLDER_PROFIT_SQ":-13216106.26,"HOLDER_PROFIT_QOQ_SQ":-9.669049504763,"ROE_AVG_SQ":-28.727309905104,"PE_TTM_SQ":20.482158848031,"PB_TTM_SQ":6.693608501316,"ROA_SQ":-4.624606112476,"START_DATE":"2023-01-01 00:00:00","FISCAL_YEAR":"12-31","CURRENCY":"HKD","IS_CNY_CODE":0,"DPS_HKD_LY":null,"ORG_TYPE":"一般企业","PREMIUM_INCOME":null,"PREMIUM_INCOME_YOY":null,"NET_INTEREST_INCOME":null,"NET_INTEREST_INCOME_YOY":null,"FEE_COMMISSION_INCOME":null,"FEE_COMMISSION_INCOME_YOY":null,"ACCOUNTS_RECE_TDAYS":0.876111951132,"INVENTORY_TDAYS":0.387080305035,"CURRENT_ASSETS_TDAYS":0.25651607435,"TOTAL_ASSETS_TDAYS":0.232521288175,"PREMIUM_EXPENSE":null,"LOAN_DEPOSIT":null,"LOAN_EQUITY":null,"LOAN_ASSETS":null,"DEPOSIT_EQUITY":null,"DEPOSIT_ASSETS":null,"EQUITY_MULTIPLIER":10.972509504675,"EQUITY_RATIO":9.972509504693},{"SECUCODE":"01010.HK","SECURITY_CODE":"01010","SECURITY_NAME_ABBR":"天玺曜11","ORG_CODE":"10009205","STD_REPORT_DATE":"2022-12-31 00:00:00","REPORT_DATE":"2022-12-31 00:00:00","DATE_TYPE_CODE":"001","REPORT_TYPE":"2022年年报","PER_NETCASH_OPERATE":0.047111714136,"PER_OI":0.4368720617,"BPS":0.094826991653,"BASIC_EPS":-0.00535962,"DILUTED_EPS":-0.00535962,"OPERATE_INCOME":161749758.52,"OPERATE_INCOME_YOY":71.4426381617,"GROSS_PROFIT":75566175.65,"GROSS_PROFIT_YOY":159.153160423849,"HOLDER_PROFIT":-1997351.72,"HOLDER_PROFIT_YOY":95.7683573051,"GROSS_PROFIT_RATIO":46.717952682851,"EPS_TTM":-0.005394673673,"OPERATE_INCOME_QOQ":106.534484424835,"NET_PROFIT_RATIO":-1.2348406194,"ROE_AVG":-4.07601513011,"GROSS_PROFIT_QOQ":118.137198591418,"ROA":-0.590753752647,"HOLDER_PROFIT_QOQ":95.784328355181,"ROE_YEARLY":-4.07601513011,"ROIC_YEARLY":-0.789407256121,"TOTAL_ASSETS":412650542.85,"TOTAL_LIABILITIES":370519463.3,"TAX_EBT":165.648854961832,"OCF_SALES":10.783869756345,"TOTAL_PARENT_EQUITY":42131079.55,"DEBT_ASSET_RATIO":89.7901310734,"OPERATE_PROFIT":7297122.63,"PRETAX_PROFIT":3042477.62,"NETCASH_OPERATE":17442883.29,"NETCASH_INVEST":158108.79,"NETCASH_FINANCE":-378746.48,"END_CASH":93191286.02,"DIVI_RATIO":null,"DIVIDEND_RATE":null,"CURRENT_RATIO":1.02235032338,"COMMON_ACS":1000000000,"CURRENTDEBT_DEBT":99.787603365559,"ISSUED_COMMON_SHARES":444294170,"HK_COMMON_SHARES":444294170,"PER_SHARES":2000,"TOTAL_MARKET_CAP":177717668,"HKSK_MARKET_CAP":177717668,"PE_TTM":-2.55169164501,"PB_TTM":16.432516689783,"REPORT_DATE_SQ":"2021-12-31 00:00:00","REPORT_TYPE_SQ":"2021年年报","OPERATE_INCOME_SQ":86354094.4,"DPS_HKD":null,"OPERATE_INCOME_QOQ_SQ":-5.13074954923,"NET_PROFIT_RATIO_SQ":-50.02887738,"HOLDER_PROFIT_SQ":-43201984,"HOLDER_PROFIT_QOQ_SQ":-243.383318926574,"ROE_AVG_SQ":-62.224734449704,"PE_TTM_SQ":20.482158848031,"PB_TTM_SQ":6.693608501316,"ROA_SQ":-23.348916953152,"START_DATE":"2022-01-01 00:00:00","FISCAL_YEAR":"12-31","CURRENCY":"HKD","IS_CNY_CODE":0,"DPS_HKD_LY":null,"ORG_TYPE":"一般企业","PREMIUM_INCOME":null,"PREMIUM_INCOME_YOY":null,"NET_INTEREST_INCOME":null,"NET_INTEREST_INCOME_YOY":null,"FEE_COMMISSION_INCOME":null,"FEE_COMMISSION_INCOME_YOY":null,"ACCOUNTS_RECE_TDAYS":2.063273758995,"INVENTORY_TDAYS":1.100382643605,"CURRENT_ASSETS_TDAYS":0.536481742093,"TOTAL_ASSETS_TDAYS":0.478404859187,"PREMIUM_EXPENSE":null,"LOAN_DEPOSIT":null,"LOAN_EQUITY":null,"LOAN_ASSETS":null,"DEPOSIT_EQUITY":null,"DEPOSIT_ASSETS":null,"EQUITY_MULTIPLIER":9.794445033419,"EQUITY_RATIO":8.794445033393},{"SECUCODE":"01010.HK","SECURITY_CODE":"01010","SECURITY_NAME_ABBR":"天玺曜11","ORG_CODE":"10009205","STD_REPORT_DATE":"2022-06-30 00:00:00","REPORT_DATE":"2022-06-30 00:00:00","DATE_TYPE_CODE":"002","REPORT_TYPE":"2022年中报","PER_NETCASH_OPERATE":0.001963324883,"PER_OI":0.100702397926,"BPS":0.086696192277,"BASIC_EPS":-0.035661423,"DILUTED_EPS":-0.035661423,"OPERATE_INCOME":37284573.62,"OPERATE_INCOME_YOY":-19.9581413281,"GROSS_PROFIT":16631735.12,"GROSS_PROFIT_YOY":49.17638863383,"HOLDER_PROFIT":-13216106.26,"HOLDER_PROFIT_YOY":-42.2627266869,"GROSS_PROFIT_RATIO":44.607550805083,"EPS_TTM":-0.127967121902,"OPERATE_INCOME_QOQ":-9.308176938047,"NET_PROFIT_RATIO":-35.4465801184,"ROE_AVG":-28.727309905104,"GROSS_PROFIT_QOQ":18.802827806209,"ROA":-4.624606112476,"HOLDER_PROFIT_QOQ":-9.669049504763,"ROE_YEARLY":-57.454619810207,"ROIC_YEARLY":-12.429673895996,"TOTAL_ASSETS":319237295.86,"TOTAL_LIABILITIES":280718683.07,"TAX_EBT":null,"OCF_SALES":1.949630717005,"TOTAL_PARENT_EQUITY":38518612.79,"DEBT_ASSET_RATIO":87.9341752077,"OPERATE_PROFIT":-9178754.27,"PRETAX_PROFIT":-13216106.26,"NETCASH_OPERATE":726911.5,"NETCASH_INVEST":94926.09,"NETCASH_FINANCE":-6538782.74,"END_CASH":72554319.6,"DIVI_RATIO":null,"DIVIDEND_RATE":null,"CURRENT_RATIO":1.007192458797,"COMMON_ACS":1000000000,"CURRENTDEBT_DEBT":99.409297097056,"ISSUED_COMMON_SHARES":444294170,"HK_COMMON_SHARES":444294170,"PER_SHARES":2000,"TOTAL_MARKET_CAP":177717668,"HKSK_MARKET_CAP":177717668,"PE_TTM":-2.55169164501,"PB_TTM":16.432516689783,"REPORT_DATE_SQ":"2021-06-30 00:00:00","REPORT_TYPE_SQ":"2021年中报","OPERATE_INCOME_SQ":45322565.52,"DPS_HKD":null,"OPERATE_INCOME_QOQ_SQ":16.734636708935,"NET_PROFIT_RATIO_SQ":-19.9434540748,"HOLDER_PROFIT_SQ":-9038885.04,"HOLDER_PROFIT_QOQ_SQ":-172.038538735782,"ROE_AVG_SQ":-10.845863535614,"PE_TTM_SQ":20.482158848031,"PB_TTM_SQ":6.693608501316,"ROA_SQ":-5.610517590003,"START_DATE":"2022-01-01 00:00:00","FISCAL_YEAR":"12-31","CURRENCY":"HKD","IS_CNY_CODE":0,"DPS_HKD_LY":null,"ORG_TYPE":"一般企业","PREMIUM_INCOME":null,"PREMIUM_INCOME_YOY":null,"NET_INTEREST_INCOME":null,"NET_INTEREST_INCOME_YOY":null,"FEE_COMMISSION_INCOME":null,"FEE_COMMISSION_INCOME_YOY":null,"ACCOUNTS_RECE_TDAYS":1.498779607412,"INVENTORY_TDAYS":12.34978266428,"CURRENT_ASSETS_TDAYS":0.150195245551,"TOTAL_ASSETS_TDAYS":0.130466919433,"PREMIUM_EXPENSE":null,"LOAN_DEPOSIT":null,"LOAN_EQUITY":null,"LOAN_ASSETS":null,"DEPOSIT_EQUITY":null,"DEPOSIT_ASSETS":null,"EQUITY_MULTIPLIER":8.287871050789,"EQUITY_RATIO":7.28787105082},{"SECUCODE":"01010.HK","SECURITY_CODE":"01010","SECURITY_NAME_ABBR":"天玺曜11","ORG_CODE":"10009205","STD_REPORT_DATE":"2021-12-31 00:00:00","REPORT_DATE":"2021-12-31 00:00:00","DATE_TYPE_CODE":"001","REPORT_TYPE":"2021年年报","PER_NETCASH_OPERATE":-0.291601611345,"PER_OI":0.233234915477,"BPS":0.115105899319,"BASIC_EPS":-0.11658976,"DILUTED_EPS":-0.11658976,"OPERATE_INCOME":86354094.4,"OPERATE_INCOME_YOY":14.0015326994,"GROSS_PROFIT":29158886.4,"GROSS_PROFIT_YOY":44.566322298453,"HOLDER_PROFIT":-43201984,"HOLDER_PROFIT_YOY":-861.601455869,"GROSS_PROFIT_RATIO":33.766651833477,"EPS_TTM":-0.116684809871,"OPERATE_INCOME_QOQ":-5.13074954923,"NET_PROFIT_RATIO":-50.02887738,"ROE_AVG":-62.224734449704,"GROSS_PROFIT_QOQ":41.193020641862,"ROA":-23.348916953152,"HOLDER_PROFIT_QOQ":-243.383318926574,"ROE_YEARLY":-62.224734449704,"ROIC_YEARLY":-31.22848387602,"TOTAL_ASSETS":241227974.4,"TOTAL_LIABILITIES":190087094.4,"TAX_EBT":-0.551855375833,"OCF_SALES":-125.024853482801,"TOTAL_PARENT_EQUITY":51140880,"DEBT_ASSET_RATIO":78.7997722374,"OPERATE_PROFIT":-33378520,"PRETAX_PROFIT":-42964880,"NETCASH_OPERATE":-107964080,"NETCASH_INVEST":2708708.8,"NETCASH_FINANCE":153995777.6,"END_CASH":70454227.2,"DIVI_RATIO":null,"DIVIDEND_RATE":null,"CURRENT_RATIO":1.083425808838,"COMMON_ACS":1000000000,"CURRENTDEBT_DEBT":100,"ISSUED_COMMON_SHARES":444294170,"HK_COMMON_SHARES":444294170,"PER_SHARES":2000,"TOTAL_MARKET_CAP":177717668,"HKSK_MARKET_CAP":177717668,"PE_TTM":-2.55169164501,"PB_TTM":16.432516689783,"REPORT_DATE_SQ":"2020-12-31 00:00:00","REPORT_TYPE_SQ":"2020年年报","OPERATE_INCOME_SQ":77975421.08,"DPS_HKD":null,"OPERATE_INCOME_QOQ_SQ":-3.654571873106,"NET_PROFIT_RATIO_SQ":-5.9937180912,"HOLDER_PROFIT_SQ":-4624811.8,"HOLDER_PROFIT_QOQ_SQ":62.418320249179,"ROE_AVG_SQ":-5.393123889723,"PE_TTM_SQ":20.482158848031,"PB_TTM_SQ":6.693608501316,"ROA_SQ":-3.408692631455,"START_DATE":"2021-01-01 00:00:00","FISCAL_YEAR":"12-31","CURRENCY":"HKD","IS_CNY_CODE":0,"DPS_HKD_LY":null,"ORG_TYPE":"一般企业","PREMIUM_INCOME":null,"PREMIUM_INCOME_YOY":null,"NET_INTEREST_INCOME":null,"NET_INTEREST_INCOME_YOY":null,"FEE_COMMISSION_INCOME":null,"FEE_COMMISSION_INCOME_YOY":null,"ACCOUNTS_RECE_TDAYS":3.679271245188,"INVENTORY_TDAYS":25.971783924262,"CURRENT_ASSETS_TDAYS":0.639795253888,"TOTAL_ASSETS_TDAYS":0.46670879252,"PREMIUM_EXPENSE":null,"LOAN_DEPOSIT":null,"LOAN_EQUITY":null,"LOAN_ASSETS":null,"DEPOSIT_EQUITY":null,"DEPOSIT_ASSETS":null,"EQUITY_MULTIPLIER":4.716930455644,"EQUITY_RATIO":3.716930455635},{"SECUCODE":"01010.HK","SECURITY_CODE":"01010","SECURITY_NAME_ABBR":"天玺曜11","ORG_CODE":"10009205","STD_REPORT_DATE":"2021-06-30 00:00:00","REPORT_DATE":"2021-06-30 00:00:00","DATE_TYPE_CODE":"002","REPORT_TYPE":"2021年中报","PER_NETCASH_OPERATE":-0.002465371335,"PER_OI":0.12241231654,"BPS":0.174227814873,"BASIC_EPS":-0.024379944,"DILUTED_EPS":-0.024379944,"OPERATE_INCOME":45322565.52,"OPERATE_INCOME_YOY":54.1633646553,"GROSS_PROFIT":11149039.92,"GROSS_PROFIT_YOY":4.517490568654,"HOLDER_PROFIT":-9038885.04,"HOLDER_PROFIT_YOY":-816.7088607595,"GROSS_PROFIT_RATIO":24.599313370908,"EPS_TTM":-0.033980919701,"OPERATE_INCOME_QOQ":16.734636708935,"NET_PROFIT_RATIO":-19.9434540748,"ROE_AVG":-10.845863535614,"GROSS_PROFIT_QOQ":2.389141928727,"ROA":-5.610517590003,"HOLDER_PROFIT_QOQ":-172.038538735782,"ROE_YEARLY":-21.691727071228,"ROIC_YEARLY":-17.837145531272,"TOTAL_ASSETS":191102981.52,"TOTAL_LIABILITIES":113694579.12,"TAX_EBT":-2.095864661654,"OCF_SALES":-2.013989608768,"TOTAL_PARENT_EQUITY":77408402.4,"DEBT_ASSET_RATIO":59.4938803234,"OPERATE_PROFIT":-3583768.56,"PRETAX_PROFIT":-8853331.2,"NETCASH_OPERATE":-912791.76,"NETCASH_INVEST":-176400.96,"NETCASH_FINANCE":74021004.72,"END_CASH":96190112.16,"DIVI_RATIO":null,"DIVIDEND_RATE":null,"CURRENT_RATIO":1.206844312385,"COMMON_ACS":1000000000,"CURRENTDEBT_DEBT":100,"ISSUED_COMMON_SHARES":444294170,"HK_COMMON_SHARES":444294170,"PER_SHARES":2000,"TOTAL_MARKET_CAP":177717668,"HKSK_MARKET_CAP":177717668,"PE_TTM":-2.55169164501,"PB_TTM":16.432516689783,"REPORT_DATE_SQ":"2020-06-30 00:00:00","REPORT_TYPE_SQ":"2020年中报","OPERATE_INCOME_SQ":32273662.08,"DPS_HKD":null,"OPERATE_INCOME_QOQ_SQ":21.537008170147,"NET_PROFIT_RATIO_SQ":-3.5180572852,"HOLDER_PROFIT_SQ":-1082426.4,"HOLDER_PROFIT_QOQ_SQ":34.783865780513,"ROE_AVG_SQ":-1.240201362652,"PE_TTM_SQ":20.482158848031,"PB_TTM_SQ":6.693608501316,"ROA_SQ":-0.773864916491,"START_DATE":"2021-01-01 00:00:00","FISCAL_YEAR":"12-31","CURRENCY":"HKD","IS_CNY_CODE":0,"DPS_HKD_LY":null,"ORG_TYPE":"一般企业","PREMIUM_INCOME":null,"PREMIUM_INCOME_YOY":null,"NET_INTEREST_INCOME":null,"NET_INTEREST_INCOME_YOY":null,"FEE_COMMISSION_INCOME":null,"FEE_COMMISSION_INCOME_YOY":null,"ACCOUNTS_RECE_TDAYS":2.288901962432,"INVENTORY_TDAYS":13.127696979383,"CURRENT_ASSETS_TDAYS":0.447978221625,"TOTAL_ASSETS_TDAYS":0.281321258041,"PREMIUM_EXPENSE":null,"LOAN_DEPOSIT":null,"LOAN_EQUITY":null,"LOAN_ASSETS":null,"DEPOSIT_EQUITY":null,"DEPOSIT_ASSETS":null,"EQUITY_MULTIPLIER":2.468762764698,"EQUITY_RATIO":1.4687627647},{"SECUCODE":"01010.HK","SECURITY_CODE":"01010","SECURITY_NAME_ABBR":"天玺曜11","ORG_CODE":"10009205","STD_REPORT_DATE":"2020-12-31 00:00:00","REPORT_DATE":"2020-12-31 00:00:00","DATE_TYPE_CODE":"001","REPORT_TYPE":"2020年年报","PER_NETCASH_OPERATE":0.05201983112,"PER_OI":0.21060484591,"BPS":0.203235142698,"BASIC_EPS":-0.013297912,"DILUTED_EPS":-0.013297912,"OPERATE_INCOME":77975421.08,"OPERATE_INCOME_YOY":24.6277189631,"GROSS_PROFIT":20169902.6,"GROSS_PROFIT_YOY":13.714361060743,"HOLDER_PROFIT":-4624811.8,"HOLDER_PROFIT_YOY":73.9115985377,"GROSS_PROFIT_RATIO":25.867000550477,"EPS_TTM":-0.012491215347,"OPERATE_INCOME_QOQ":-3.654571873106,"NET_PROFIT_RATIO":-5.9937180912,"ROE_AVG":-5.393123889723,"GROSS_PROFIT_QOQ":-6.19051554073,"ROA":-3.408692631455,"HOLDER_PROFIT_QOQ":62.418320249179,"ROE_YEARLY":-5.393123889723,"ROIC_YEARLY":-3.836687671281,"TOTAL_ASSETS":132615531.52,"TOTAL_LIABILITIES":42319342.48,"TAX_EBT":-15.207468879668,"OCF_SALES":24.700206158861,"TOTAL_PARENT_EQUITY":90296189.04,"DEBT_ASSET_RATIO":31.9113017872,"OPERATE_PROFIT":-5926828.88,"PRETAX_PROFIT":-4056704.8,"NETCASH_OPERATE":19696059.28,"NETCASH_INVEST":1489702.8,"NETCASH_FINANCE":-4659319.04,"END_CASH":23592010.84,"DIVI_RATIO":null,"DIVIDEND_RATE":null,"CURRENT_RATIO":1.55879717216,"COMMON_ACS":1000000000,"CURRENTDEBT_DEBT":99.866751521419,"ISSUED_COMMON_SHARES":444294170,"HK_COMMON_SHARES":444294170,"PER_SHARES":2000,"TOTAL_MARKET_CAP":177717668,"HKSK_MARKET_CAP":177717668,"PE_TTM":-2.55169164501,"PB_TTM":16.432516689783,"REPORT_DATE_SQ":"2019-12-31 00:00:00","REPORT_TYPE_SQ":"2019年年报","OPERATE_INCOME_SQ":66591389.42,"DPS_HKD":null,"OPERATE_INCOME_QOQ_SQ":62.764964834897,"NET_PROFIT_RATIO_SQ":-30.5546213966,"HOLDER_PROFIT_SQ":-18867814.14,"HOLDER_PROFIT_QOQ_SQ":50.281253941683,"ROE_AVG_SQ":-19.609942282629,"PE_TTM_SQ":20.482158848031,"PB_TTM_SQ":6.693608501316,"ROA_SQ":-14.638129321427,"START_DATE":"2020-01-01 00:00:00","FISCAL_YEAR":"12-31","CURRENCY":"HKD","IS_CNY_CODE":0,"DPS_HKD_LY":null,"ORG_TYPE":"一般企业","PREMIUM_INCOME":null,"PREMIUM_INCOME_YOY":null,"NET_INTEREST_INCOME":null,"NET_INTEREST_INCOME_YOY":null,"FEE_COMMISSION_INCOME":null,"FEE_COMMISSION_INCOME_YOY":null,"ACCOUNTS_RECE_TDAYS":2.38602590847,"INVENTORY_TDAYS":8.338736113641,"CURRENT_ASSETS_TDAYS":0.958116591001,"TOTAL_ASSETS_TDAYS":0.574713641904,"PREMIUM_EXPENSE":null,"LOAN_DEPOSIT":null,"LOAN_EQUITY":null,"LOAN_ASSETS":null,"DEPOSIT_EQUITY":null,"DEPOSIT_ASSETS":null,"EQUITY_MULTIPLIER":1.46867252018,"EQUITY_RATIO":0.46867252018},{"SECUCODE":"01010.HK","SECURITY_CODE":"01010","SECURITY_NAME_ABBR":"天玺曜11","ORG_CODE":"10009205","STD_REPORT_DATE":"2020-06-30 00:00:00","REPORT_DATE":"2020-06-30 00:00:00","DATE_TYPE_CODE":"002","REPORT_TYPE":"2020年中报","PER_NETCASH_OPERATE":0.014185185006,"PER_OI":0.095885011793,"BPS":0.194503800579,"BASIC_EPS":-0.00319704,"DILUTED_EPS":-0.00319704,"OPERATE_INCOME":32273662.08,"OPERATE_INCOME_YOY":73.3235221977,"GROSS_PROFIT":10667152.32,"GROSS_PROFIT_YOY":54.516427357498,"HOLDER_PROFIT":-1082426.4,"HOLDER_PROFIT_YOY":86.3667740451,"GROSS_PROFIT_RATIO":33.052190648704,"EPS_TTM":-0.036561192762,"OPERATE_INCOME_QOQ":21.537008170147,"NET_PROFIT_RATIO":-3.5180572852,"ROE_AVG":-1.240201362652,"GROSS_PROFIT_QOQ":21.218405277683,"ROA":-0.773864916491,"HOLDER_PROFIT_QOQ":34.783865780513,"ROE_YEARLY":-2.480402725303,"ROIC_YEARLY":-1.64163803613,"TOTAL_ASSETS":129171377.28,"TOTAL_LIABILITIES":42754472.64,"TAX_EBT":-113.573883161512,"OCF_SALES":14.793954488849,"TOTAL_PARENT_EQUITY":86416904.64,"DEBT_ASSET_RATIO":33.0990297853,"OPERATE_PROFIT":-233840.64,"PRETAX_PROFIT":-531622.08,"NETCASH_OPERATE":4774550.88,"NETCASH_INVEST":1593952.8,"NETCASH_FINANCE":-5350931.52,"END_CASH":8754408.96,"DIVI_RATIO":null,"DIVIDEND_RATE":null,"CURRENT_RATIO":2.179166756751,"COMMON_ACS":1000000000,"CURRENTDEBT_DEBT":98.818527539204,"ISSUED_COMMON_SHARES":444294170,"HK_COMMON_SHARES":444294170,"PER_SHARES":2000,"TOTAL_MARKET_CAP":177717668,"HKSK_MARKET_CAP":177717668,"PE_TTM":-2.55169164501,"PB_TTM":16.432516689783,"REPORT_DATE_SQ":"2019-06-30 00:00:00","REPORT_TYPE_SQ":"2019年中报","OPERATE_INCOME_SQ":17931869.1,"DPS_HKD":null,"OPERATE_INCOME_QOQ_SQ":-23.086810802138,"NET_PROFIT_RATIO_SQ":-47.3485405936,"HOLDER_PROFIT_SQ":-7646004.72,"HOLDER_PROFIT_QOQ_SQ":-7.783882320024,"ROE_AVG_SQ":-7.612941650463,"PE_TTM_SQ":20.482158848031,"PB_TTM_SQ":6.693608501316,"ROA_SQ":-6.227699362327,"START_DATE":"2020-01-01 00:00:00","FISCAL_YEAR":"12-31","CURRENCY":"HKD","IS_CNY_CODE":0,"DPS_HKD_LY":null,"ORG_TYPE":"一般企业","PREMIUM_INCOME":null,"PREMIUM_INCOME_YOY":null,"NET_INTEREST_INCOME":null,"NET_INTEREST_INCOME_YOY":null,"FEE_COMMISSION_INCOME":null,"FEE_COMMISSION_INCOME_YOY":null,"ACCOUNTS_RECE_TDAYS":0.661840047205,"INVENTORY_TDAYS":2.775313856623,"CURRENT_ASSETS_TDAYS":0.327281485049,"TOTAL_ASSETS_TDAYS":0.230735824721,"PREMIUM_EXPENSE":null,"LOAN_DEPOSIT":null,"LOAN_EQUITY":null,"LOAN_ASSETS":null,"DEPOSIT_EQUITY":null,"DEPOSIT_ASSETS":null,"EQUITY_MULTIPLIER":1.494746633406,"EQUITY_RATIO":0.494746633406}],"count":48},"success":true,"message":"ok","code":0}