{"version":"f3485eedebaf7662bead33e0d4f69243","result":{"pages":4,"data":[{"SECUCODE":"01029.HK","SECURITY_CODE":"01029","SECURITY_NAME_ABBR":"铁货","ORG_CODE":"10149528","STD_REPORT_DATE":"2024-06-30 00:00:00","REPORT_DATE":"2024-06-30 00:00:00","DATE_TYPE_CODE":"002","REPORT_TYPE":"2024年中报","PER_NETCASH_OPERATE":-0.001166934972,"PER_OI":0.093964615366,"BPS":0.154885870669,"BASIC_EPS":-0.01140288,"DILUTED_EPS":-0.01140288,"OPERATE_INCOME":800546317.2,"OPERATE_INCOME_YOY":-19.2917034898,"GROSS_PROFIT":-14581432.8,"GROSS_PROFIT_YOY":-107.679013463928,"HOLDER_PROFIT":-94351705.2,"HOLDER_PROFIT_YOY":79.8487016348,"GROSS_PROFIT_RATIO":-1.821435248244,"EPS_TTM":-0.085714974097,"OPERATE_INCOME_QOQ":-11.448250317657,"NET_PROFIT_RATIO":-11.7743414434,"ROE_AVG":-4.666911075233,"GROSS_PROFIT_QOQ":-68.852996565581,"ROA":-3.007667405009,"HOLDER_PROFIT_QOQ":34.247996632485,"ROE_YEARLY":-9.333822150466,"ROIC_YEARLY":-6.740268765608,"TOTAL_ASSETS":3059627888.4,"TOTAL_LIABILITIES":1084492282.8,"TAX_EBT":-1.317603799602,"OCF_SALES":-1.241887669257,"TOTAL_PARENT_EQUITY":1979361798,"DEBT_ASSET_RATIO":35.4452345957,"OPERATE_PROFIT":-63706465.2,"PRETAX_PROFIT":-93033247.2,"NETCASH_OPERATE":-9941886,"NETCASH_INVEST":-61347494.4,"NETCASH_FINANCE":-46217298,"END_CASH":277161252,"DIVI_RATIO":null,"DIVIDEND_RATE":null,"CURRENT_RATIO":1.264720300156,"COMMON_ACS":null,"CURRENTDEBT_DEBT":69.709734443488,"ISSUED_COMMON_SHARES":12779485885,"HK_COMMON_SHARES":12779485885,"PER_SHARES":2000,"TOTAL_MARKET_CAP":1137374243.765,"HKSK_MARKET_CAP":1137374243.765,"PE_TTM":-1.397178527309,"PB_TTM":0.524441123595,"REPORT_DATE_SQ":"2023-06-30 00:00:00","REPORT_TYPE_SQ":"2023年中报","OPERATE_INCOME_SQ":1005679618.2,"DPS_HKD":null,"OPERATE_INCOME_QOQ_SQ":-5.465941508081,"NET_PROFIT_RATIO_SQ":-47.2406038267,"HOLDER_PROFIT_SQ":-474720608.4,"HOLDER_PROFIT_QOQ_SQ":7.840555220839,"ROE_AVG_SQ":-15.818817260613,"PE_TTM_SQ":-1.706923371936,"PB_TTM_SQ":0.335776411742,"ROA_SQ":-11.585171234749,"START_DATE":"2024-01-01 00:00:00","FISCAL_YEAR":"12-31","CURRENCY":"HKD","IS_CNY_CODE":0,"DPS_HKD_LY":null,"ORG_TYPE":"一般企业","PREMIUM_INCOME":null,"PREMIUM_INCOME_YOY":null,"NET_INTEREST_INCOME":null,"NET_INTEREST_INCOME_YOY":null,"FEE_COMMISSION_INCOME":null,"FEE_COMMISSION_INCOME_YOY":null,"ACCOUNTS_RECE_TDAYS":1.904107266964,"INVENTORY_TDAYS":2.825923134891,"CURRENT_ASSETS_TDAYS":0.761911544762,"TOTAL_ASSETS_TDAYS":0.255191685125,"PREMIUM_EXPENSE":null,"LOAN_DEPOSIT":null,"LOAN_EQUITY":null,"LOAN_ASSETS":null,"DEPOSIT_EQUITY":null,"DEPOSIT_ASSETS":null,"EQUITY_MULTIPLIER":1.549072316718,"EQUITY_RATIO":0.547899976596},{"SECUCODE":"01029.HK","SECURITY_CODE":"01029","SECURITY_NAME_ABBR":"铁货","ORG_CODE":"10149528","STD_REPORT_DATE":"2023-12-31 00:00:00","REPORT_DATE":"2023-12-31 00:00:00","DATE_TYPE_CODE":"001","REPORT_TYPE":"2023年年报","PER_NETCASH_OPERATE":0.045935485043,"PER_OI":0.210317266393,"BPS":0.1605149593,"BASIC_EPS":-0.13032168,"DILUTED_EPS":-0.13032168,"OPERATE_INCOME":1791831024.9,"OPERATE_INCOME_YOY":-9.2446108977,"GROSS_PROFIT":296963445.6,"GROSS_PROFIT_YOY":-16.48749282457,"HOLDER_PROFIT":-1110631104.3,"HOLDER_PROFIT_YOY":-78.402885228,"GROSS_PROFIT_RATIO":16.57318360232,"EPS_TTM":-0.130361007585,"OPERATE_INCOME_QOQ":-2.369213425669,"NET_PROFIT_RATIO":-62.0146489741,"ROE_AVG":-42.482481723151,"GROSS_PROFIT_QOQ":41.913013181806,"ROA":-30.01160777769,"HOLDER_PROFIT_QOQ":-96.863269000003,"ROE_YEARLY":-42.482481723151,"ROIC_YEARLY":-32.925428604424,"TOTAL_ASSETS":3194559759.9,"TOTAL_LIABILITIES":1147808196.6,"TAX_EBT":-7.039591733699,"OCF_SALES":21.841043215659,"TOTAL_PARENT_EQUITY":2051298656.7,"DEBT_ASSET_RATIO":35.9300899926,"OPERATE_PROFIT":-975925233,"PRETAX_PROFIT":-1038118421.7,"NETCASH_OPERATE":391354588.5,"NETCASH_INVEST":-106644213.9,"NETCASH_FINANCE":-136327809.6,"END_CASH":397261560.3,"DIVI_RATIO":null,"DIVIDEND_RATE":null,"CURRENT_RATIO":1.530918063084,"COMMON_ACS":null,"CURRENTDEBT_DEBT":64.773722988066,"ISSUED_COMMON_SHARES":12779485885,"HK_COMMON_SHARES":12779485885,"PER_SHARES":2000,"TOTAL_MARKET_CAP":1099035786.11,"HKSK_MARKET_CAP":1099035786.11,"PE_TTM":-1.350082621894,"PB_TTM":0.506763332912,"REPORT_DATE_SQ":"2022-12-31 00:00:00","REPORT_TYPE_SQ":"2022年年报","OPERATE_INCOME_SQ":1941431002.2,"DPS_HKD":null,"OPERATE_INCOME_QOQ_SQ":-6.483061657731,"NET_PROFIT_RATIO_SQ":-31.5113163078,"HOLDER_PROFIT_SQ":-612160481.6,"HOLDER_PROFIT_QOQ_SQ":-102.183864091057,"ROE_AVG_SQ":-18.208617273286,"PE_TTM_SQ":-1.359752516627,"PB_TTM_SQ":0.267482904269,"ROA_SQ":-13.490313084664,"START_DATE":"2023-01-01 00:00:00","FISCAL_YEAR":"12-31","CURRENCY":"HKD","IS_CNY_CODE":0,"DPS_HKD_LY":null,"ORG_TYPE":"一般企业","PREMIUM_INCOME":null,"PREMIUM_INCOME_YOY":null,"NET_INTEREST_INCOME":null,"NET_INTEREST_INCOME_YOY":null,"FEE_COMMISSION_INCOME":null,"FEE_COMMISSION_INCOME_YOY":null,"ACCOUNTS_RECE_TDAYS":5.231652087598,"INVENTORY_TDAYS":4.793581575989,"CURRENT_ASSETS_TDAYS":1.817683448172,"TOTAL_ASSETS_TDAYS":0.484190742678,"PREMIUM_EXPENSE":null,"LOAN_DEPOSIT":null,"LOAN_EQUITY":null,"LOAN_ASSETS":null,"DEPOSIT_EQUITY":null,"DEPOSIT_ASSETS":null,"EQUITY_MULTIPLIER":1.560795075074,"EQUITY_RATIO":0.55955196619},{"SECUCODE":"01029.HK","SECURITY_CODE":"01029","SECURITY_NAME_ABBR":"铁货","ORG_CODE":"10149528","STD_REPORT_DATE":"2023-06-30 00:00:00","REPORT_DATE":"2023-06-30 00:00:00","DATE_TYPE_CODE":"002","REPORT_TYPE":"2023年中报","PER_NETCASH_OPERATE":0.027583820136,"PER_OI":0.118042262483,"BPS":0.216004134927,"BASIC_EPS":-0.05563866,"DILUTED_EPS":-0.05563866,"OPERATE_INCOME":1005679618.2,"OPERATE_INCOME_YOY":-15.984135991,"GROSS_PROFIT":189886798.2,"GROSS_PROFIT_YOY":-43.523219868971,"HOLDER_PROFIT":-474720608.4,"HOLDER_PROFIT_YOY":15.6474289016,"GROSS_PROFIT_RATIO":18.881440447194,"EPS_TTM":-0.066219060695,"OPERATE_INCOME_QOQ":-5.465941508081,"NET_PROFIT_RATIO":-47.2406038267,"ROE_AVG":-15.818817260613,"GROSS_PROFIT_QOQ":-41.152326130627,"ROA":-11.585171234749,"HOLDER_PROFIT_QOQ":7.840555220839,"ROE_YEARLY":-31.637634521225,"ROIC_YEARLY":-24.955391354802,"TOTAL_ASSETS":3903536127.6,"TOTAL_LIABILITIES":1147363104.6,"TAX_EBT":-8.872182941167,"OCF_SALES":23.367749444959,"TOTAL_PARENT_EQUITY":2760421793.4,"DEBT_ASSET_RATIO":29.3929162455,"OPERATE_PROFIT":-404536413,"PRETAX_PROFIT":-436373287.8,"NETCASH_OPERATE":235004693.4,"NETCASH_INVEST":-93227271.6,"NETCASH_FINANCE":-69555550.8,"END_CASH":324655194,"DIVI_RATIO":null,"DIVIDEND_RATE":null,"CURRENT_RATIO":1.4501334259,"COMMON_ACS":null,"CURRENTDEBT_DEBT":58.056390006739,"ISSUED_COMMON_SHARES":12779485885,"HK_COMMON_SHARES":12779485885,"PER_SHARES":2000,"TOTAL_MARKET_CAP":1099035786.11,"HKSK_MARKET_CAP":1099035786.11,"PE_TTM":-1.350082621894,"PB_TTM":0.506763332912,"REPORT_DATE_SQ":"2022-06-30 00:00:00","REPORT_TYPE_SQ":"2022年中报","OPERATE_INCOME_SQ":1111797101.2,"DPS_HKD":null,"OPERATE_INCOME_QOQ_SQ":-12.299227041278,"NET_PROFIT_RATIO_SQ":-47.0499462749,"HOLDER_PROFIT_SQ":-522717389,"HOLDER_PROFIT_QOQ_SQ":-135.421141576152,"ROE_AVG_SQ":-16.195455873439,"PE_TTM_SQ":-1.359752516627,"PB_TTM_SQ":0.267482904269,"ROA_SQ":-11.517539533546,"START_DATE":"2023-01-01 00:00:00","FISCAL_YEAR":"12-31","CURRENCY":"HKD","IS_CNY_CODE":0,"DPS_HKD_LY":null,"ORG_TYPE":"一般企业","PREMIUM_INCOME":null,"PREMIUM_INCOME_YOY":null,"NET_INTEREST_INCOME":null,"NET_INTEREST_INCOME_YOY":null,"FEE_COMMISSION_INCOME":null,"FEE_COMMISSION_INCOME_YOY":null,"ACCOUNTS_RECE_TDAYS":3.643477008861,"INVENTORY_TDAYS":3.359519133488,"CURRENT_ASSETS_TDAYS":1.107487009732,"TOTAL_ASSETS_TDAYS":0.245427950209,"PREMIUM_EXPENSE":null,"LOAN_DEPOSIT":null,"LOAN_EQUITY":null,"LOAN_ASSETS":null,"DEPOSIT_EQUITY":null,"DEPOSIT_ASSETS":null,"EQUITY_MULTIPLIER":1.416288489519,"EQUITY_RATIO":0.415647748958},{"SECUCODE":"01029.HK","SECURITY_CODE":"01029","SECURITY_NAME_ABBR":"铁货","ORG_CODE":"10149528","STD_REPORT_DATE":"2022-12-31 00:00:00","REPORT_DATE":"2022-12-31 00:00:00","DATE_TYPE_CODE":"001","REPORT_TYPE":"2022年年报","PER_NETCASH_OPERATE":0.025945813632,"PER_OI":0.227876655555,"BPS":0.244483643937,"BASIC_EPS":-0.08287874,"DILUTED_EPS":-0.08287874,"OPERATE_INCOME":1941431002.2,"OPERATE_INCOME_YOY":-24.9198042442,"GROSS_PROFIT":355591582.2,"GROSS_PROFIT_YOY":-66.898952698759,"HOLDER_PROFIT":-612160481.6,"HOLDER_PROFIT_YOY":-165.5602712036,"GROSS_PROFIT_RATIO":18.315952603881,"EPS_TTM":-0.071852712279,"OPERATE_INCOME_QOQ":-6.483061657731,"NET_PROFIT_RATIO":-31.5113163078,"ROE_AVG":-18.208617273286,"GROSS_PROFIT_QOQ":-42.114985315219,"ROA":-13.490313084664,"HOLDER_PROFIT_QOQ":-102.183864091057,"ROE_YEARLY":-18.208617273286,"ROIC_YEARLY":-14.470251907436,"TOTAL_ASSETS":4136638099.2,"TOTAL_LIABILITIES":1014609892.6,"TAX_EBT":0.790603117235,"OCF_SALES":11.3859024168,"TOTAL_PARENT_EQUITY":3124375276.8,"DEBT_ASSET_RATIO":24.5274028878,"OPERATE_PROFIT":-557237646,"PRETAX_PROFIT":-616645684,"NETCASH_OPERATE":221049439.4,"NETCASH_INVEST":-98333187.4,"NETCASH_FINANCE":-212698884,"END_CASH":252640865,"DIVI_RATIO":null,"DIVIDEND_RATE":null,"CURRENT_RATIO":1.634529895532,"COMMON_ACS":null,"CURRENTDEBT_DEBT":49.412071581057,"ISSUED_COMMON_SHARES":12779485885,"HK_COMMON_SHARES":12779485885,"PER_SHARES":2000,"TOTAL_MARKET_CAP":1099035786.11,"HKSK_MARKET_CAP":1099035786.11,"PE_TTM":-1.350082621894,"PB_TTM":0.506763332912,"REPORT_DATE_SQ":"2021-12-31 00:00:00","REPORT_TYPE_SQ":"2021年年报","OPERATE_INCOME_SQ":2367163520.3,"DPS_HKD":null,"OPERATE_INCOME_QOQ_SQ":11.831574639339,"NET_PROFIT_RATIO_SQ":36.1051931297,"HOLDER_PROFIT_SQ":854783723.3,"HOLDER_PROFIT_QOQ_SQ":-31.555230806825,"ROE_AVG_SQ":29.808611589138,"PE_TTM_SQ":-1.359752516627,"PB_TTM_SQ":0.267482904269,"ROA_SQ":19.286798866693,"START_DATE":"2022-01-01 00:00:00","FISCAL_YEAR":"12-31","CURRENCY":"HKD","IS_CNY_CODE":0,"DPS_HKD_LY":null,"ORG_TYPE":"一般企业","PREMIUM_INCOME":null,"PREMIUM_INCOME_YOY":null,"NET_INTEREST_INCOME":null,"NET_INTEREST_INCOME_YOY":null,"FEE_COMMISSION_INCOME":null,"FEE_COMMISSION_INCOME_YOY":null,"ACCOUNTS_RECE_TDAYS":8.462182960703,"INVENTORY_TDAYS":5.383869671104,"CURRENT_ASSETS_TDAYS":2.326600619298,"TOTAL_ASSETS_TDAYS":0.427837353752,"PREMIUM_EXPENSE":null,"LOAN_DEPOSIT":null,"LOAN_EQUITY":null,"LOAN_ASSETS":null,"DEPOSIT_EQUITY":null,"DEPOSIT_ASSETS":null,"EQUITY_MULTIPLIER":1.324984217137,"EQUITY_RATIO":0.324740084885},{"SECUCODE":"01029.HK","SECURITY_CODE":"01029","SECURITY_NAME_ABBR":"铁货","ORG_CODE":"10149528","STD_REPORT_DATE":"2022-06-30 00:00:00","REPORT_DATE":"2022-06-30 00:00:00","DATE_TYPE_CODE":"002","REPORT_TYPE":"2022年中报","PER_NETCASH_OPERATE":0.04441423988,"PER_OI":0.15659744062,"BPS":0.233694257349,"BASIC_EPS":-0.0738254,"DILUTED_EPS":-0.0738254,"OPERATE_INCOME":1111797101.2,"OPERATE_INCOME_YOY":-23.7196666206,"GROSS_PROFIT":336221005.8,"GROSS_PROFIT_YOY":-57.770465606963,"HOLDER_PROFIT":-522717389,"HOLDER_PROFIT_YOY":-179.2553245617,"GROSS_PROFIT_RATIO":30.241219862609,"EPS_TTM":-0.042645962436,"OPERATE_INCOME_QOQ":-12.299227041278,"NET_PROFIT_RATIO":-47.0499462749,"ROE_AVG":-16.195455873439,"GROSS_PROFIT_QOQ":-42.815860924462,"ROA":-11.517539533546,"HOLDER_PROFIT_QOQ":-135.421141576152,"ROE_YEARLY":-32.390911746878,"ROIC_YEARLY":-25.453903710809,"TOTAL_ASSETS":4317530868.2,"TOTAL_LIABILITIES":1331447800.4,"TAX_EBT":2.782732341312,"OCF_SALES":28.362047109104,"TOTAL_PARENT_EQUITY":2986492463.2,"DEBT_ASSET_RATIO":30.8381767507,"OPERATE_PROFIT":-510059688.6,"PRETAX_PROFIT":-538073072.2,"NETCASH_OPERATE":315328417.6,"NETCASH_INVEST":-39905984.4,"NETCASH_FINANCE":-125657542.2,"END_CASH":508556335,"DIVI_RATIO":null,"DIVIDEND_RATE":null,"CURRENT_RATIO":1.627916365446,"COMMON_ACS":null,"CURRENTDEBT_DEBT":53.688768360671,"ISSUED_COMMON_SHARES":12779485885,"HK_COMMON_SHARES":12779485885,"PER_SHARES":2000,"TOTAL_MARKET_CAP":1099035786.11,"HKSK_MARKET_CAP":1099035786.11,"PE_TTM":-1.350082621894,"PB_TTM":0.506763332912,"REPORT_DATE_SQ":"2021-06-30 00:00:00","REPORT_TYPE_SQ":"2021年中报","OPERATE_INCOME_SQ":1402939917,"DPS_HKD":null,"OPERATE_INCOME_QOQ_SQ":44.443369358173,"NET_PROFIT_RATIO_SQ":45.2318460192,"HOLDER_PROFIT_SQ":634840487.1,"HOLDER_PROFIT_QOQ_SQ":90.35124700574,"ROE_AVG_SQ":22.923985611712,"PE_TTM_SQ":-1.359752516627,"PB_TTM_SQ":0.267482904269,"ROA_SQ":13.620798985415,"START_DATE":"2022-01-01 00:00:00","FISCAL_YEAR":"12-31","CURRENCY":"HKD","IS_CNY_CODE":0,"DPS_HKD_LY":null,"ORG_TYPE":"一般企业","PREMIUM_INCOME":null,"PREMIUM_INCOME_YOY":null,"NET_INTEREST_INCOME":null,"NET_INTEREST_INCOME_YOY":null,"FEE_COMMISSION_INCOME":null,"FEE_COMMISSION_INCOME_YOY":null,"ACCOUNTS_RECE_TDAYS":4.451975275464,"INVENTORY_TDAYS":2.622274160975,"CURRENT_ASSETS_TDAYS":1.121747580047,"TOTAL_ASSETS_TDAYS":0.244973045394,"PREMIUM_EXPENSE":null,"LOAN_DEPOSIT":null,"LOAN_EQUITY":null,"LOAN_ASSETS":null,"DEPOSIT_EQUITY":null,"DEPOSIT_ASSETS":null,"EQUITY_MULTIPLIER":1.445884381034,"EQUITY_RATIO":0.445823258155},{"SECUCODE":"01029.HK","SECURITY_CODE":"01029","SECURITY_NAME_ABBR":"铁货","ORG_CODE":"10149528","STD_REPORT_DATE":"2021-12-31 00:00:00","REPORT_DATE":"2021-12-31 00:00:00","DATE_TYPE_CODE":"001","REPORT_TYPE":"2021年年报","PER_NETCASH_OPERATE":0.14826164295,"PER_OI":0.333416725416,"BPS":0.257844578581,"BASIC_EPS":0.12050073,"DILUTED_EPS":0.12050073,"OPERATE_INCOME":2367163520.3,"OPERATE_INCOME_YOY":65.3133918991,"GROSS_PROFIT":1074260820.1,"GROSS_PROFIT_YOY":117.88179132914,"HOLDER_PROFIT":854783723.3,"HOLDER_PROFIT_YOY":33.3343278535,"GROSS_PROFIT_RATIO":45.381774891658,"EPS_TTM":0.120396917035,"OPERATE_INCOME_QOQ":11.831574639339,"NET_PROFIT_RATIO":36.1051931297,"ROE_AVG":29.808611589138,"GROSS_PROFIT_QOQ":0.131993937265,"ROA":19.286798866693,"HOLDER_PROFIT_QOQ":-31.555230806825,"ROE_YEARLY":29.808611589138,"ROIC_YEARLY":20.33452800398,"TOTAL_ASSETS":4521302152.2,"TOTAL_LIABILITIES":1229024561.9,"TAX_EBT":0.03877616459,"OCF_SALES":44.467368205581,"TOTAL_PARENT_EQUITY":3295121152.5,"DEBT_ASSET_RATIO":27.1829778353,"OPERATE_PROFIT":971280513.7,"PRETAX_PROFIT":855000497.1,"NETCASH_OPERATE":1052615318.6,"NETCASH_INVEST":-87691377.8,"NETCASH_FINANCE":-764433678.6,"END_CASH":328622705.1,"DIVI_RATIO":null,"DIVIDEND_RATE":null,"CURRENT_RATIO":1.339652691585,"COMMON_ACS":null,"CURRENTDEBT_DEBT":47.229556926237,"ISSUED_COMMON_SHARES":12779485885,"HK_COMMON_SHARES":12779485885,"PER_SHARES":2000,"TOTAL_MARKET_CAP":1099035786.11,"HKSK_MARKET_CAP":1099035786.11,"PE_TTM":-1.350082621894,"PB_TTM":0.506763332912,"REPORT_DATE_SQ":"2020-12-31 00:00:00","REPORT_TYPE_SQ":"2020年年报","OPERATE_INCOME_SQ":1465433815.9,"DPS_HKD":null,"OPERATE_INCOME_QOQ_SQ":6.650106770439,"NET_PROFIT_RATIO_SQ":44.7524611405,"HOLDER_PROFIT_SQ":656085219.9,"HOLDER_PROFIT_QOQ_SQ":1305.29833583239,"ROE_AVG_SQ":30.429795784963,"PE_TTM_SQ":-1.359752516627,"PB_TTM_SQ":0.267482904269,"ROA_SQ":15.606832791252,"START_DATE":"2021-01-01 00:00:00","FISCAL_YEAR":"12-31","CURRENCY":"HKD","IS_CNY_CODE":0,"DPS_HKD_LY":null,"ORG_TYPE":"一般企业","PREMIUM_INCOME":null,"PREMIUM_INCOME_YOY":null,"NET_INTEREST_INCOME":null,"NET_INTEREST_INCOME_YOY":null,"FEE_COMMISSION_INCOME":null,"FEE_COMMISSION_INCOME_YOY":null,"ACCOUNTS_RECE_TDAYS":15.189894650711,"INVENTORY_TDAYS":5.48025835743,"CURRENT_ASSETS_TDAYS":3.800194472876,"TOTAL_ASSETS_TDAYS":0.534111792915,"PREMIUM_EXPENSE":null,"LOAN_DEPOSIT":null,"LOAN_EQUITY":null,"LOAN_ASSETS":null,"DEPOSIT_EQUITY":null,"DEPOSIT_ASSETS":null,"EQUITY_MULTIPLIER":1.373305266093,"EQUITY_RATIO":0.372983118077},{"SECUCODE":"01029.HK","SECURITY_CODE":"01029","SECURITY_NAME_ABBR":"铁货","ORG_CODE":"10149528","STD_REPORT_DATE":"2021-06-30 00:00:00","REPORT_DATE":"2021-06-30 00:00:00","DATE_TYPE_CODE":"002","REPORT_TYPE":"2021年中报","PER_NETCASH_OPERATE":0.07759170163,"PER_OI":0.197744382883,"BPS":0.239941709181,"BASIC_EPS":0.08979539,"DILUTED_EPS":0.08979539,"OPERATE_INCOME":1402939917,"OPERATE_INCOME_YOY":104.5435280156,"GROSS_PROFIT":796175024.5,"GROSS_PROFIT_YOY":267.955901518898,"HOLDER_PROFIT":634840487.1,"HOLDER_PROFIT_YOY":1554.1154687763,"GROSS_PROFIT_RATIO":56.750471980476,"EPS_TTM":0.176027720136,"OPERATE_INCOME_QOQ":44.443369358173,"NET_PROFIT_RATIO":45.2318460192,"ROE_AVG":22.923985611712,"GROSS_PROFIT_QOQ":117.59457967615,"ROA":13.620798985415,"HOLDER_PROFIT_QOQ":90.35124700574,"ROE_YEARLY":45.847971223424,"ROIC_YEARLY":28.979348701147,"TOTAL_ASSETS":4921523823.4,"TOTAL_LIABILITIES":1858047501.9,"TAX_EBT":-0.271528316524,"OCF_SALES":39.2383846756,"TOTAL_PARENT_EQUITY":3066331685.7,"DEBT_ASSET_RATIO":37.7535001063,"OPERATE_PROFIT":719273994.1,"PRETAX_PROFIT":632857236.4,"NETCASH_OPERATE":550490961.4,"NETCASH_INVEST":-39606873.1,"NETCASH_FINANCE":-210818903.4,"END_CASH":430804688.7,"DIVI_RATIO":null,"DIVIDEND_RATE":null,"CURRENT_RATIO":1.651900164339,"COMMON_ACS":null,"CURRENTDEBT_DEBT":33.850336730188,"ISSUED_COMMON_SHARES":12779485885,"HK_COMMON_SHARES":12779485885,"PER_SHARES":2000,"TOTAL_MARKET_CAP":1099035786.11,"HKSK_MARKET_CAP":1099035786.11,"PE_TTM":-1.350082621894,"PB_TTM":0.506763332912,"REPORT_DATE_SQ":"2020-06-30 00:00:00","REPORT_TYPE_SQ":"2020年中报","OPERATE_INCOME_SQ":751651753.5,"DPS_HKD":null,"OPERATE_INCOME_QOQ_SQ":11.17586428193,"NET_PROFIT_RATIO_SQ":5.5871078334,"HOLDER_PROFIT_SQ":42059309.5,"HOLDER_PROFIT_QOQ_SQ":79.821734443059,"ROE_AVG_SQ":2.105796700765,"PE_TTM_SQ":-1.359752516627,"PB_TTM_SQ":0.267482904269,"ROA_SQ":0.980361418546,"START_DATE":"2021-01-01 00:00:00","FISCAL_YEAR":"12-31","CURRENCY":"HKD","IS_CNY_CODE":0,"DPS_HKD_LY":null,"ORG_TYPE":"一般企业","PREMIUM_INCOME":null,"PREMIUM_INCOME_YOY":null,"NET_INTEREST_INCOME":null,"NET_INTEREST_INCOME_YOY":null,"FEE_COMMISSION_INCOME":null,"FEE_COMMISSION_INCOME_YOY":null,"ACCOUNTS_RECE_TDAYS":5.360303101359,"INVENTORY_TDAYS":2.856121999057,"CURRENT_ASSETS_TDAYS":1.85406999825,"TOTAL_ASSETS_TDAYS":0.30100730792,"PREMIUM_EXPENSE":null,"LOAN_DEPOSIT":null,"LOAN_EQUITY":null,"LOAN_ASSETS":null,"DEPOSIT_EQUITY":null,"DEPOSIT_ASSETS":null,"EQUITY_MULTIPLIER":1.606516031757,"EQUITY_RATIO":0.605951244794},{"SECUCODE":"01029.HK","SECURITY_CODE":"01029","SECURITY_NAME_ABBR":"铁货","ORG_CODE":"10149528","STD_REPORT_DATE":"2020-12-31 00:00:00","REPORT_DATE":"2020-12-31 00:00:00","DATE_TYPE_CODE":"001","REPORT_TYPE":"2020年年报","PER_NETCASH_OPERATE":0.058840482653,"PER_OI":0.206591568144,"BPS":0.195401045611,"BASIC_EPS":0.09265358,"DILUTED_EPS":0.09265358,"OPERATE_INCOME":1465433815.9,"OPERATE_INCOME_YOY":26.7701113093,"GROSS_PROFIT":493047543.6,"GROSS_PROFIT_YOY":125.289791901846,"HOLDER_PROFIT":656085219.9,"HOLDER_PROFIT_YOY":360.0299981898,"GROSS_PROFIT_RATIO":33.645159423129,"EPS_TTM":0.092492525384,"OPERATE_INCOME_QOQ":6.650106770439,"NET_PROFIT_RATIO":44.7524611405,"ROE_AVG":30.429795784963,"GROSS_PROFIT_QOQ":58.998910884444,"ROA":15.606832791252,"HOLDER_PROFIT_QOQ":1305.29833583239,"ROE_YEARLY":30.429795784963,"ROIC_YEARLY":15.904016930373,"TOTAL_ASSETS":4444246412.9,"TOTAL_LIABILITIES":1949868491.5,"TAX_EBT":1.568865559386,"OCF_SALES":28.481550908095,"TOTAL_PARENT_EQUITY":2497124904.3,"DEBT_ASSET_RATIO":43.8739959567,"OPERATE_PROFIT":305012975.4,"PRETAX_PROFIT":666270588.8,"NETCASH_OPERATE":417378278.3,"NETCASH_INVEST":-7072991.6,"NETCASH_FINANCE":-296674153.2,"END_CASH":132918737.9,"DIVI_RATIO":null,"DIVIDEND_RATE":null,"CURRENT_RATIO":0.749479485609,"COMMON_ACS":null,"CURRENTDEBT_DEBT":32.787324108622,"ISSUED_COMMON_SHARES":12779485885,"HK_COMMON_SHARES":12779485885,"PER_SHARES":2000,"TOTAL_MARKET_CAP":1099035786.11,"HKSK_MARKET_CAP":1099035786.11,"PE_TTM":-1.350082621894,"PB_TTM":0.506763332912,"REPORT_DATE_SQ":"2019-12-31 00:00:00","REPORT_TYPE_SQ":"2019年年报","OPERATE_INCOME_SQ":1235931496.8,"DPS_HKD":null,"OPERATE_INCOME_QOQ_SQ":3.925223011038,"NET_PROFIT_RATIO_SQ":-21.8272335237,"HOLDER_PROFIT_SQ":-269762677.8,"HOLDER_PROFIT_QOQ_SQ":-167.714032930792,"ROE_AVG_SQ":-12.933403124901,"PE_TTM_SQ":-1.359752516627,"PB_TTM_SQ":0.267482904269,"ROA_SQ":-6.352771092255,"START_DATE":"2020-01-01 00:00:00","FISCAL_YEAR":"12-31","CURRENCY":"HKD","IS_CNY_CODE":0,"DPS_HKD_LY":null,"ORG_TYPE":"一般企业","PREMIUM_INCOME":null,"PREMIUM_INCOME_YOY":null,"NET_INTEREST_INCOME":null,"NET_INTEREST_INCOME_YOY":null,"FEE_COMMISSION_INCOME":null,"FEE_COMMISSION_INCOME_YOY":null,"ACCOUNTS_RECE_TDAYS":12.066675621222,"INVENTORY_TDAYS":5.377997509969,"CURRENT_ASSETS_TDAYS":3.637454651464,"TOTAL_ASSETS_TDAYS":0.348594661756,"PREMIUM_EXPENSE":null,"LOAN_DEPOSIT":null,"LOAN_EQUITY":null,"LOAN_ASSETS":null,"DEPOSIT_EQUITY":null,"DEPOSIT_ASSETS":null,"EQUITY_MULTIPLIER":1.781705320102,"EQUITY_RATIO":0.780845398699},{"SECUCODE":"01029.HK","SECURITY_CODE":"01029","SECURITY_NAME_ABBR":"铁货","ORG_CODE":"10149528","STD_REPORT_DATE":"2020-06-30 00:00:00","REPORT_DATE":"2020-06-30 00:00:00","DATE_TYPE_CODE":"002","REPORT_TYPE":"2020年中报","PER_NETCASH_OPERATE":0.021349123869,"PER_OI":0.10596515023,"BPS":0.158484694512,"BASIC_EPS":0.0056636,"DILUTED_EPS":0.0056636,"OPERATE_INCOME":751651753.5,"OPERATE_INCOME_YOY":18.9693424768,"GROSS_PROFIT":216377838,"GROSS_PROFIT_YOY":72.917885430414,"HOLDER_PROFIT":42059309.5,"HOLDER_PROFIT_YOY":123.5716552928,"GROSS_PROFIT_RATIO":28.786979740612,"EPS_TTM":-0.007673828349,"OPERATE_INCOME_QOQ":11.17586428193,"NET_PROFIT_RATIO":5.5871078334,"ROE_AVG":2.105796700765,"GROSS_PROFIT_QOQ":41.69266358408,"ROA":0.980361418546,"HOLDER_PROFIT_QOQ":79.821734443059,"ROE_YEARLY":4.21159340153,"ROIC_YEARLY":1.975032018224,"TOTAL_ASSETS":4280067474,"TOTAL_LIABILITIES":2257029554,"TAX_EBT":6.905210295041,"OCF_SALES":20.147306754071,"TOTAL_PARENT_EQUITY":2025352916.5,"DEBT_ASSET_RATIO":52.7335040326,"OPERATE_PROFIT":121052370.5,"PRETAX_PROFIT":45110574,"NETCASH_OPERATE":151437584.5,"NETCASH_INVEST":4644152,"NETCASH_FINANCE":-150042923,"END_CASH":30243624,"DIVI_RATIO":null,"DIVIDEND_RATE":null,"CURRENT_RATIO":0.55572333171,"COMMON_ACS":null,"CURRENTDEBT_DEBT":32.197658808326,"ISSUED_COMMON_SHARES":12779485885,"HK_COMMON_SHARES":12779485885,"PER_SHARES":2000,"TOTAL_MARKET_CAP":1099035786.11,"HKSK_MARKET_CAP":1099035786.11,"PE_TTM":-1.350082621894,"PB_TTM":0.506763332912,"REPORT_DATE_SQ":"2019-06-30 00:00:00","REPORT_TYPE_SQ":"2019年中报","OPERATE_INCOME_SQ":613525726.8,"DPS_HKD":null,"OPERATE_INCOME_QOQ_SQ":14.338819791351,"NET_PROFIT_RATIO_SQ":-28.2640849805,"HOLDER_PROFIT_SQ":-173269938.8,"HOLDER_PROFIT_QOQ_SQ":-14.931390726253,"ROE_AVG_SQ":-8.479129345074,"PE_TTM_SQ":-1.359752516627,"PB_TTM_SQ":0.267482904269,"ROA_SQ":-4.103385651338,"START_DATE":"2020-01-01 00:00:00","FISCAL_YEAR":"12-31","CURRENCY":"HKD","IS_CNY_CODE":0,"DPS_HKD_LY":null,"ORG_TYPE":"一般企业","PREMIUM_INCOME":null,"PREMIUM_INCOME_YOY":null,"NET_INTEREST_INCOME":null,"NET_INTEREST_INCOME_YOY":null,"FEE_COMMISSION_INCOME":null,"FEE_COMMISSION_INCOME_YOY":null,"ACCOUNTS_RECE_TDAYS":5.140802788941,"INVENTORY_TDAYS":3.068484811591,"CURRENT_ASSETS_TDAYS":1.982707588306,"TOTAL_ASSETS_TDAYS":0.175202681184,"PREMIUM_EXPENSE":null,"LOAN_DEPOSIT":null,"LOAN_EQUITY":null,"LOAN_ASSETS":null,"DEPOSIT_EQUITY":null,"DEPOSIT_ASSETS":null,"EQUITY_MULTIPLIER":2.115663493841,"EQUITY_RATIO":1.114388280488}],"count":33},"success":true,"message":"ok","code":0}