{"version":"46446c81afcea21f8b877841bada64f7","result":{"pages":4,"data":[{"SECUCODE":"01028.HK","SECURITY_CODE":"01028","SECURITY_NAME_ABBR":"千百度","ORG_CODE":"10149845","STD_REPORT_DATE":"2024-06-30 00:00:00","REPORT_DATE":"2024-06-30 00:00:00","DATE_TYPE_CODE":"002","REPORT_TYPE":"2024年中报","PER_NETCASH_OPERATE":0.01287867116,"PER_OI":0.346963408763,"BPS":0.566040442947,"BASIC_EPS":0.0252,"DILUTED_EPS":0.0252,"OPERATE_INCOME":720643000,"OPERATE_INCOME_YOY":-8.5372803204,"GROSS_PROFIT":419946000,"GROSS_PROFIT_YOY":-8.940780044191,"HOLDER_PROFIT":52414000,"HOLDER_PROFIT_YOY":15.3426345671,"GROSS_PROFIT_RATIO":58.273791600002,"EPS_TTM":0.013385652383,"OPERATE_INCOME_QOQ":-4.368086590274,"NET_PROFIT_RATIO":7.2982045201,"ROE_AVG":4.097566390793,"GROSS_PROFIT_QOQ":-4.731615402623,"ROA":2.995574420856,"HOLDER_PROFIT_QOQ":33.470955352856,"ROE_YEARLY":8.195132781587,"ROIC_YEARLY":9.656836305533,"TOTAL_ASSETS":1749895000,"TOTAL_LIABILITIES":564812000,"TAX_EBT":23.662859050467,"OCF_SALES":3.711824023823,"TOTAL_PARENT_EQUITY":1175666000,"DEBT_ASSET_RATIO":32.2769080431,"OPERATE_PROFIT":69409000,"PRETAX_PROFIT":68897000,"NETCASH_OPERATE":26749000,"NETCASH_INVEST":-32909000,"NETCASH_FINANCE":-11038000,"END_CASH":646257000,"DIVI_RATIO":8.801110071218,"DIVIDEND_RATE":68.783068783069,"CURRENT_RATIO":2.548783056693,"COMMON_ACS":20000000000,"CURRENTDEBT_DEBT":99.17884180931,"ISSUED_COMMON_SHARES":2077000000,"HK_COMMON_SHARES":2077000000,"PER_SHARES":1000,"TOTAL_MARKET_CAP":392553000,"HKSK_MARKET_CAP":392553000,"PE_TTM":12.611392191575,"PB_TTM":0.304742394558,"REPORT_DATE_SQ":"2023-06-30 00:00:00","REPORT_TYPE_SQ":"2023年中报","OPERATE_INCOME_SQ":787909000,"DPS_HKD":0.13,"OPERATE_INCOME_QOQ_SQ":5.266395607863,"NET_PROFIT_RATIO_SQ":5.7311186952,"HOLDER_PROFIT_SQ":45442000,"HOLDER_PROFIT_QOQ_SQ":143.890729596322,"ROE_AVG_SQ":3.272633125814,"PE_TTM_SQ":8.895889653702,"PB_TTM_SQ":0.218325713284,"ROA_SQ":2.606898051194,"START_DATE":"2024-01-01 00:00:00","FISCAL_YEAR":"12-31","CURRENCY":"HKD","IS_CNY_CODE":0,"DPS_HKD_LY":0.13,"ORG_TYPE":"一般企业","PREMIUM_INCOME":null,"PREMIUM_INCOME_YOY":null,"NET_INTEREST_INCOME":null,"NET_INTEREST_INCOME_YOY":null,"FEE_COMMISSION_INCOME":null,"FEE_COMMISSION_INCOME_YOY":null,"ACCOUNTS_RECE_TDAYS":3.932116919753,"INVENTORY_TDAYS":0.90913681028,"CURRENT_ASSETS_TDAYS":0.506440461658,"TOTAL_ASSETS_TDAYS":0.411863192538,"PREMIUM_EXPENSE":null,"LOAN_DEPOSIT":null,"LOAN_EQUITY":null,"LOAN_ASSETS":null,"DEPOSIT_EQUITY":null,"DEPOSIT_ASSETS":null,"EQUITY_MULTIPLIER":1.476601216962,"EQUITY_RATIO":0.480418758389},{"SECUCODE":"01028.HK","SECURITY_CODE":"01028","SECURITY_NAME_ABBR":"千百度","ORG_CODE":"10149845","STD_REPORT_DATE":"2023-12-31 00:00:00","REPORT_DATE":"2023-12-31 00:00:00","DATE_TYPE_CODE":"001","REPORT_TYPE":"2023年年报","PER_NETCASH_OPERATE":0.115065479056,"PER_OI":0.74142609533,"BPS":0.665687530091,"BASIC_EPS":0.01,"DILUTED_EPS":0.01,"OPERATE_INCOME":1539942000,"OPERATE_INCOME_YOY":11.4493154294,"GROSS_PROFIT":871436000,"GROSS_PROFIT_YOY":13.607279743436,"HOLDER_PROFIT":20830000,"HOLDER_PROFIT_YOY":40.8479275137,"GROSS_PROFIT_RATIO":56.58888451643,"EPS_TTM":0.010028887819,"OPERATE_INCOME_QOQ":5.873593168833,"NET_PROFIT_RATIO":1.3607005978,"ROE_AVG":1.516243385088,"GROSS_PROFIT_QOQ":5.941164599558,"ROA":1.201220596983,"HOLDER_PROFIT_QOQ":-42.249577199257,"ROE_YEARLY":1.516243385088,"ROIC_YEARLY":1.819148833972,"TOTAL_ASSETS":1749534000,"TOTAL_LIABILITIES":357664000,"TAX_EBT":77.979318172265,"OCF_SALES":15.519480603815,"TOTAL_PARENT_EQUITY":1382633000,"DEBT_ASSET_RATIO":20.443386639,"OPERATE_PROFIT":96779000,"PRETAX_PROFIT":95156000,"NETCASH_OPERATE":238991000,"NETCASH_INVEST":-43804000,"NETCASH_FINANCE":-27984000,"END_CASH":663455000,"DIVI_RATIO":11.746925693711,"DIVIDEND_RATE":82.278481012658,"CURRENT_RATIO":4.038903745981,"COMMON_ACS":20000000000,"CURRENTDEBT_DEBT":98.171188601593,"ISSUED_COMMON_SHARES":2077000000,"HK_COMMON_SHARES":2077000000,"PER_SHARES":1000,"TOTAL_MARKET_CAP":328166000,"HKSK_MARKET_CAP":328166000,"PE_TTM":10.542856964385,"PB_TTM":0.254758192276,"REPORT_DATE_SQ":"2022-12-31 00:00:00","REPORT_TYPE_SQ":"2022年年报","OPERATE_INCOME_SQ":1381742000,"DPS_HKD":0.13,"OPERATE_INCOME_QOQ_SQ":-9.372513755715,"NET_PROFIT_RATIO_SQ":1.0686510217,"HOLDER_PROFIT_SQ":14789000,"HOLDER_PROFIT_QOQ_SQ":-5.916406896113,"ROE_AVG_SQ":1.091276027014,"PE_TTM_SQ":8.840635680698,"PB_TTM_SQ":0.216969652953,"ROA_SQ":0.853805015044,"START_DATE":"2023-01-01 00:00:00","FISCAL_YEAR":"12-31","CURRENCY":"HKD","IS_CNY_CODE":0,"DPS_HKD_LY":null,"ORG_TYPE":"一般企业","PREMIUM_INCOME":null,"PREMIUM_INCOME_YOY":null,"NET_INTEREST_INCOME":null,"NET_INTEREST_INCOME_YOY":null,"FEE_COMMISSION_INCOME":null,"FEE_COMMISSION_INCOME_YOY":null,"ACCOUNTS_RECE_TDAYS":10.160542619803,"INVENTORY_TDAYS":1.689746603476,"CURRENT_ASSETS_TDAYS":1.212921885282,"TOTAL_ASSETS_TDAYS":0.888050911454,"PREMIUM_EXPENSE":null,"LOAN_DEPOSIT":null,"LOAN_EQUITY":null,"LOAN_ASSETS":null,"DEPOSIT_EQUITY":null,"DEPOSIT_ASSETS":null,"EQUITY_MULTIPLIER":1.256966527047,"EQUITY_RATIO":0.258683251449},{"SECUCODE":"01028.HK","SECURITY_CODE":"01028","SECURITY_NAME_ABBR":"千百度","ORG_CODE":"10149845","STD_REPORT_DATE":"2023-06-30 00:00:00","REPORT_DATE":"2023-06-30 00:00:00","DATE_TYPE_CODE":"002","REPORT_TYPE":"2023年中报","PER_NETCASH_OPERATE":0.049612421762,"PER_OI":0.37934954261,"BPS":0.679896003852,"BASIC_EPS":0.0219,"DILUTED_EPS":0.0219,"OPERATE_INCOME":787909000,"OPERATE_INCOME_YOY":10.1753360526,"GROSS_PROFIT":461179000,"GROSS_PROFIT_YOY":13.682448671713,"HOLDER_PROFIT":45442000,"HOLDER_PROFIT_YOY":88.0721794553,"GROSS_PROFIT_RATIO":58.532013214724,"EPS_TTM":0.017365912374,"OPERATE_INCOME_QOQ":5.266395607863,"NET_PROFIT_RATIO":5.7311186952,"ROE_AVG":3.272633125814,"GROSS_PROFIT_QOQ":7.236200557975,"ROA":2.606898051194,"HOLDER_PROFIT_QOQ":143.890729596322,"ROE_YEARLY":6.545266251628,"ROIC_YEARLY":7.605597500172,"TOTAL_ASSETS":1767684000,"TOTAL_LIABILITIES":346713000,"TAX_EBT":34.200824748277,"OCF_SALES":13.078286959535,"TOTAL_PARENT_EQUITY":1412144000,"DEBT_ASSET_RATIO":19.6139694651,"OPERATE_PROFIT":69734000,"PRETAX_PROFIT":68627000,"NETCASH_OPERATE":103045000,"NETCASH_INVEST":-1354000,"NETCASH_FINANCE":-15770000,"END_CASH":582173000,"DIVI_RATIO":6.783899254207,"DIVIDEND_RATE":82.278481012658,"CURRENT_RATIO":4.369415908788,"COMMON_ACS":20000000000,"CURRENTDEBT_DEBT":93.016702575329,"ISSUED_COMMON_SHARES":2077000000,"HK_COMMON_SHARES":2077000000,"PER_SHARES":1000,"TOTAL_MARKET_CAP":328166000,"HKSK_MARKET_CAP":328166000,"PE_TTM":10.542856964385,"PB_TTM":0.254758192276,"REPORT_DATE_SQ":"2022-06-30 00:00:00","REPORT_TYPE_SQ":"2022年中报","OPERATE_INCOME_SQ":715141000,"DPS_HKD":0.13,"OPERATE_INCOME_QOQ_SQ":-6.413339717148,"NET_PROFIT_RATIO_SQ":3.3537442267,"HOLDER_PROFIT_SQ":24162000,"HOLDER_PROFIT_QOQ_SQ":-42.518101367659,"ROE_AVG_SQ":1.779838369284,"PE_TTM_SQ":8.840635680698,"PB_TTM_SQ":0.216969652953,"ROA_SQ":1.383525499196,"START_DATE":"2023-01-01 00:00:00","FISCAL_YEAR":"12-31","CURRENCY":"HKD","IS_CNY_CODE":0,"DPS_HKD_LY":null,"ORG_TYPE":"一般企业","PREMIUM_INCOME":null,"PREMIUM_INCOME_YOY":null,"NET_INTEREST_INCOME":null,"NET_INTEREST_INCOME_YOY":null,"FEE_COMMISSION_INCOME":null,"FEE_COMMISSION_INCOME_YOY":null,"ACCOUNTS_RECE_TDAYS":4.711064207622,"INVENTORY_TDAYS":0.776310334054,"CURRENT_ASSETS_TDAYS":0.622799792587,"TOTAL_ASSETS_TDAYS":0.452004409273,"PREMIUM_EXPENSE":null,"LOAN_DEPOSIT":null,"LOAN_EQUITY":null,"LOAN_ASSETS":null,"DEPOSIT_EQUITY":null,"DEPOSIT_ASSETS":null,"EQUITY_MULTIPLIER":1.243997238508,"EQUITY_RATIO":0.245522411312},{"SECUCODE":"01028.HK","SECURITY_CODE":"01028","SECURITY_NAME_ABBR":"千百度","ORG_CODE":"10149845","STD_REPORT_DATE":"2022-12-31 00:00:00","REPORT_DATE":"2022-12-31 00:00:00","DATE_TYPE_CODE":"001","REPORT_TYPE":"2022年年报","PER_NETCASH_OPERATE":0.084130476649,"PER_OI":0.66525854598,"BPS":0.657172363987,"BASIC_EPS":0.0071,"DILUTED_EPS":0.0071,"OPERATE_INCOME":1381742000,"OPERATE_INCOME_YOY":-15.1847623257,"GROSS_PROFIT":767060000,"GROSS_PROFIT_YOY":-18.6821388211,"HOLDER_PROFIT":14789000,"HOLDER_PROFIT_YOY":-45.9189643824,"GROSS_PROFIT_RATIO":55.513981626092,"EPS_TTM":0.007120365912,"OPERATE_INCOME_QOQ":-9.372513755715,"NET_PROFIT_RATIO":1.0686510217,"ROE_AVG":1.091276027014,"GROSS_PROFIT_QOQ":-10.461420295302,"ROA":0.853805015044,"HOLDER_PROFIT_QOQ":-5.916406896113,"ROE_YEARLY":1.091276027014,"ROIC_YEARLY":1.179986428042,"TOTAL_ASSETS":1718605000,"TOTAL_LIABILITIES":344545000,"TAX_EBT":14.819728872224,"OCF_SALES":12.646282735851,"TOTAL_PARENT_EQUITY":1364947000,"DEBT_ASSET_RATIO":20.0479458631,"OPERATE_PROFIT":20004000,"PRETAX_PROFIT":17335000,"NETCASH_OPERATE":174739000,"NETCASH_INVEST":-91269000,"NETCASH_FINANCE":-30335000,"END_CASH":496252000,"DIVI_RATIO":16.545301386165,"DIVIDEND_RATE":82.278481012658,"CURRENT_RATIO":3.532313305627,"COMMON_ACS":20000000000,"CURRENTDEBT_DEBT":92.114818093428,"ISSUED_COMMON_SHARES":2077000000,"HK_COMMON_SHARES":2077000000,"PER_SHARES":1000,"TOTAL_MARKET_CAP":328166000,"HKSK_MARKET_CAP":328166000,"PE_TTM":10.542856964385,"PB_TTM":0.254758192276,"REPORT_DATE_SQ":"2021-12-31 00:00:00","REPORT_TYPE_SQ":"2021年年报","OPERATE_INCOME_SQ":1629120000,"DPS_HKD":0.13,"OPERATE_INCOME_QOQ_SQ":-3.155852308395,"NET_PROFIT_RATIO_SQ":1.7672117462,"HOLDER_PROFIT_SQ":27346000,"HOLDER_PROFIT_QOQ_SQ":-58.129564698137,"ROE_AVG_SQ":2.05345084645,"PE_TTM_SQ":8.840635680698,"PB_TTM_SQ":0.216969652953,"ROA_SQ":1.558856583883,"START_DATE":"2022-01-01 00:00:00","FISCAL_YEAR":"12-31","CURRENCY":"HKD","IS_CNY_CODE":0,"DPS_HKD_LY":null,"ORG_TYPE":"一般企业","PREMIUM_INCOME":null,"PREMIUM_INCOME_YOY":null,"NET_INTEREST_INCOME":null,"NET_INTEREST_INCOME_YOY":null,"FEE_COMMISSION_INCOME":null,"FEE_COMMISSION_INCOME_YOY":null,"ACCOUNTS_RECE_TDAYS":9.023886416254,"INVENTORY_TDAYS":1.302186156426,"CURRENT_ASSETS_TDAYS":1.10466496299,"TOTAL_ASSETS_TDAYS":0.797713333624,"PREMIUM_EXPENSE":null,"LOAN_DEPOSIT":null,"LOAN_EQUITY":null,"LOAN_ASSETS":null,"DEPOSIT_EQUITY":null,"DEPOSIT_ASSETS":null,"EQUITY_MULTIPLIER":1.250749603366,"EQUITY_RATIO":0.252423720481},{"SECUCODE":"01028.HK","SECURITY_CODE":"01028","SECURITY_NAME_ABBR":"千百度","ORG_CODE":"10149845","STD_REPORT_DATE":"2022-06-30 00:00:00","REPORT_DATE":"2022-06-30 00:00:00","DATE_TYPE_CODE":"002","REPORT_TYPE":"2022年中报","PER_NETCASH_OPERATE":0.017517573423,"PER_OI":0.344314395763,"BPS":0.659422243621,"BASIC_EPS":0.0116,"DILUTED_EPS":0.0116,"OPERATE_INCOME":715141000,"OPERATE_INCOME_YOY":-12.7474616348,"GROSS_PROFIT":405673000,"GROSS_PROFIT_YOY":-17.59270168482,"HOLDER_PROFIT":24162000,"HOLDER_PROFIT_YOY":-32.4876358658,"GROSS_PROFIT_RATIO":56.72629593325,"EPS_TTM":0.007568127106,"OPERATE_INCOME_QOQ":-6.413339717148,"NET_PROFIT_RATIO":3.3537442267,"ROE_AVG":1.779838369284,"GROSS_PROFIT_QOQ":-9.181202731727,"ROA":1.383525499196,"HOLDER_PROFIT_QOQ":-42.518101367659,"ROE_YEARLY":3.559676738569,"ROIC_YEARLY":3.751602664256,"TOTAL_ASSETS":1747164000,"TOTAL_LIABILITIES":368586000,"TAX_EBT":7.056771943422,"OCF_SALES":5.087668026305,"TOTAL_PARENT_EQUITY":1369620000,"DEBT_ASSET_RATIO":21.0962451149,"OPERATE_PROFIT":27175000,"PRETAX_PROFIT":25805000,"NETCASH_OPERATE":36384000,"NETCASH_INVEST":-7994000,"NETCASH_FINANCE":-16081000,"END_CASH":455426000,"DIVI_RATIO":15.566414033972,"DIVIDEND_RATE":82.278481012658,"CURRENT_RATIO":4.171904450399,"COMMON_ACS":20000000000,"CURRENTDEBT_DEBT":90.827920756621,"ISSUED_COMMON_SHARES":2077000000,"HK_COMMON_SHARES":2077000000,"PER_SHARES":1000,"TOTAL_MARKET_CAP":328166000,"HKSK_MARKET_CAP":328166000,"PE_TTM":10.542856964385,"PB_TTM":0.254758192276,"REPORT_DATE_SQ":"2021-06-30 00:00:00","REPORT_TYPE_SQ":"2021年中报","OPERATE_INCOME_SQ":819622000,"DPS_HKD":0.13,"OPERATE_INCOME_QOQ_SQ":9.279132734993,"NET_PROFIT_RATIO_SQ":4.453760392,"HOLDER_PROFIT_SQ":35789000,"HOLDER_PROFIT_QOQ_SQ":956.983330636025,"ROE_AVG_SQ":2.67895572451,"PE_TTM_SQ":8.840635680698,"PB_TTM_SQ":0.216969652953,"ROA_SQ":2.042564023102,"START_DATE":"2022-01-01 00:00:00","FISCAL_YEAR":"12-31","CURRENCY":"HKD","IS_CNY_CODE":0,"DPS_HKD_LY":null,"ORG_TYPE":"一般企业","PREMIUM_INCOME":null,"PREMIUM_INCOME_YOY":null,"NET_INTEREST_INCOME":null,"NET_INTEREST_INCOME_YOY":null,"FEE_COMMISSION_INCOME":null,"FEE_COMMISSION_INCOME_YOY":null,"ACCOUNTS_RECE_TDAYS":3.578827527017,"INVENTORY_TDAYS":0.669274837638,"CURRENT_ASSETS_TDAYS":0.515001224237,"TOTAL_ASSETS_TDAYS":0.409492512632,"PREMIUM_EXPENSE":null,"LOAN_DEPOSIT":null,"LOAN_EQUITY":null,"LOAN_ASSETS":null,"DEPOSIT_EQUITY":null,"DEPOSIT_ASSETS":null,"EQUITY_MULTIPLIER":1.267366808406,"EQUITY_RATIO":0.269115521093},{"SECUCODE":"01028.HK","SECURITY_CODE":"01028","SECURITY_NAME_ABBR":"千百度","ORG_CODE":"10149845","STD_REPORT_DATE":"2021-12-31 00:00:00","REPORT_DATE":"2021-12-31 00:00:00","DATE_TYPE_CODE":"001","REPORT_TYPE":"2021年年报","PER_NETCASH_OPERATE":0.015032739528,"PER_OI":0.784362060664,"BPS":0.647789118922,"BASIC_EPS":0.0132,"DILUTED_EPS":0.0132,"OPERATE_INCOME":1629120000,"OPERATE_INCOME_YOY":5.830444702,"GROSS_PROFIT":943286000,"GROSS_PROFIT_YOY":9.599287994906,"HOLDER_PROFIT":27346000,"HOLDER_PROFIT_YOY":342.5635216054,"GROSS_PROFIT_RATIO":57.901566489884,"EPS_TTM":0.013166104959,"OPERATE_INCOME_QOQ":-3.155852308395,"NET_PROFIT_RATIO":1.7672117462,"ROE_AVG":2.05345084645,"GROSS_PROFIT_QOQ":-2.398933853163,"ROA":1.558856583883,"HOLDER_PROFIT_QOQ":-58.129564698137,"ROE_YEARLY":2.05345084645,"ROIC_YEARLY":2.187235553735,"TOTAL_ASSETS":1745652000,"TOTAL_LIABILITIES":391058000,"TAX_EBT":42.972030742413,"OCF_SALES":1.916556177568,"TOTAL_PARENT_EQUITY":1345458000,"DEBT_ASSET_RATIO":22.4018303763,"OPERATE_PROFIT":54022000,"PRETAX_PROFIT":50484000,"NETCASH_OPERATE":31223000,"NETCASH_INVEST":-100033000,"NETCASH_FINANCE":-34464000,"END_CASH":443117000,"DIVI_RATIO":8.947870335698,"DIVIDEND_RATE":82.278481012658,"CURRENT_RATIO":3.882564689538,"COMMON_ACS":20000000000,"CURRENTDEBT_DEBT":90.928455625508,"ISSUED_COMMON_SHARES":2077000000,"HK_COMMON_SHARES":2077000000,"PER_SHARES":1000,"TOTAL_MARKET_CAP":328166000,"HKSK_MARKET_CAP":328166000,"PE_TTM":10.542856964385,"PB_TTM":0.254758192276,"REPORT_DATE_SQ":"2020-12-31 00:00:00","REPORT_TYPE_SQ":"2020年年报","OPERATE_INCOME_SQ":1539368000,"DPS_HKD":0.13,"OPERATE_INCOME_QOQ_SQ":-5.220317777748,"NET_PROFIT_RATIO_SQ":0.3641104661,"HOLDER_PROFIT_SQ":6179000,"HOLDER_PROFIT_QOQ_SQ":102.270789539448,"ROE_AVG_SQ":0.466732029797,"PE_TTM_SQ":8.840635680698,"PB_TTM_SQ":0.216969652953,"ROA_SQ":0.34512824036,"START_DATE":"2021-01-01 00:00:00","FISCAL_YEAR":"12-31","CURRENCY":"HKD","IS_CNY_CODE":0,"DPS_HKD_LY":null,"ORG_TYPE":"一般企业","PREMIUM_INCOME":null,"PREMIUM_INCOME_YOY":null,"NET_INTEREST_INCOME":null,"NET_INTEREST_INCOME_YOY":null,"FEE_COMMISSION_INCOME":null,"FEE_COMMISSION_INCOME_YOY":null,"ACCOUNTS_RECE_TDAYS":8.723113745522,"INVENTORY_TDAYS":1.665403551374,"CURRENT_ASSETS_TDAYS":1.2088818444,"TOTAL_ASSETS_TDAYS":0.928678577465,"PREMIUM_EXPENSE":null,"LOAN_DEPOSIT":null,"LOAN_EQUITY":null,"LOAN_ASSETS":null,"DEPOSIT_EQUITY":null,"DEPOSIT_ASSETS":null,"EQUITY_MULTIPLIER":1.288690190567,"EQUITY_RATIO":0.290650469951},{"SECUCODE":"01028.HK","SECURITY_CODE":"01028","SECURITY_NAME_ABBR":"千百度","ORG_CODE":"10149845","STD_REPORT_DATE":"2021-06-30 00:00:00","REPORT_DATE":"2021-06-30 00:00:00","DATE_TYPE_CODE":"002","REPORT_TYPE":"2021年中报","PER_NETCASH_OPERATE":0.002234954261,"PER_OI":0.394618199326,"BPS":0.651854116514,"BASIC_EPS":0.0172,"DILUTED_EPS":0.0172,"OPERATE_INCOME":819622000,"OPERATE_INCOME_YOY":21.1057622691,"GROSS_PROFIT":492278000,"GROSS_PROFIT_YOY":27.376415033314,"HOLDER_PROFIT":35789000,"HOLDER_PROFIT_YOY":253.3179111511,"GROSS_PROFIT_RATIO":60.061589366806,"EPS_TTM":0.031444872412,"OPERATE_INCOME_QOQ":9.279132734993,"NET_PROFIT_RATIO":4.453760392,"ROE_AVG":2.67895572451,"GROSS_PROFIT_QOQ":12.293125804608,"ROA":2.042564023102,"HOLDER_PROFIT_QOQ":956.983330636025,"ROE_YEARLY":5.357911449019,"ROIC_YEARLY":5.855649861949,"TOTAL_ASSETS":1741504000,"TOTAL_LIABILITIES":377571000,"TAX_EBT":38.08263789945,"OCF_SALES":0.566358638494,"TOTAL_PARENT_EQUITY":1353901000,"DEBT_ASSET_RATIO":21.6807426225,"OPERATE_PROFIT":59791000,"PRETAX_PROFIT":58956000,"NETCASH_OPERATE":4642000,"NETCASH_INVEST":-40621000,"NETCASH_FINANCE":-16581000,"END_CASH":493831000,"DIVI_RATIO":3.746512259803,"DIVIDEND_RATE":82.278481012658,"CURRENT_RATIO":4.099256210078,"COMMON_ACS":20000000000,"CURRENTDEBT_DEBT":93.293711646286,"ISSUED_COMMON_SHARES":2077000000,"HK_COMMON_SHARES":2077000000,"PER_SHARES":1000,"TOTAL_MARKET_CAP":328166000,"HKSK_MARKET_CAP":328166000,"PE_TTM":10.542856964385,"PB_TTM":0.254758192276,"REPORT_DATE_SQ":"2020-06-30 00:00:00","REPORT_TYPE_SQ":"2020年中报","OPERATE_INCOME_SQ":676782000,"DPS_HKD":0.13,"OPERATE_INCOME_QOQ_SQ":-16.087723413335,"NET_PROFIT_RATIO_SQ":-3.5026049747,"HOLDER_PROFIT_SQ":-23343000,"HOLDER_PROFIT_QOQ_SQ":12.640297932452,"ROE_AVG_SQ":-1.784813828618,"PE_TTM_SQ":8.840635680698,"PB_TTM_SQ":0.216969652953,"ROA_SQ":-1.331564986737,"START_DATE":"2021-01-01 00:00:00","FISCAL_YEAR":"12-31","CURRENCY":"HKD","IS_CNY_CODE":0,"DPS_HKD_LY":null,"ORG_TYPE":"一般企业","PREMIUM_INCOME":null,"PREMIUM_INCOME_YOY":null,"NET_INTEREST_INCOME":null,"NET_INTEREST_INCOME_YOY":null,"FEE_COMMISSION_INCOME":null,"FEE_COMMISSION_INCOME_YOY":null,"ACCOUNTS_RECE_TDAYS":4.01216933289,"INVENTORY_TDAYS":0.852543809731,"CURRENT_ASSETS_TDAYS":0.594221790447,"TOTAL_ASSETS_TDAYS":0.467777923312,"PREMIUM_EXPENSE":null,"LOAN_DEPOSIT":null,"LOAN_EQUITY":null,"LOAN_ASSETS":null,"DEPOSIT_EQUITY":null,"DEPOSIT_ASSETS":null,"EQUITY_MULTIPLIER":1.276825181296,"EQUITY_RATIO":0.278876372792},{"SECUCODE":"01028.HK","SECURITY_CODE":"01028","SECURITY_NAME_ABBR":"千百度","ORG_CODE":"10149845","STD_REPORT_DATE":"2020-12-31 00:00:00","REPORT_DATE":"2020-12-31 00:00:00","DATE_TYPE_CODE":"001","REPORT_TYPE":"2020年年报","PER_NETCASH_OPERATE":0.11362397689,"PER_OI":0.741149735195,"BPS":0.634550312951,"BASIC_EPS":0.003,"DILUTED_EPS":0.003,"OPERATE_INCOME":1539368000,"OPERATE_INCOME_YOY":-20.4682109057,"GROSS_PROFIT":860668000,"GROSS_PROFIT_YOY":-25.745975708446,"HOLDER_PROFIT":6179000,"HOLDER_PROFIT_YOY":101.9837549762,"GROSS_PROFIT_RATIO":55.91047754663,"EPS_TTM":0.00297496389,"OPERATE_INCOME_QOQ":-5.220317777748,"NET_PROFIT_RATIO":0.3641104661,"ROE_AVG":0.466732029797,"GROSS_PROFIT_QOQ":-9.680032741812,"ROA":0.34512824036,"HOLDER_PROFIT_QOQ":102.270789539448,"ROE_YEARLY":0.466732029797,"ROIC_YEARLY":0.483968115595,"TOTAL_ASSETS":1762817000,"TOTAL_LIABILITIES":435539000,"TAX_EBT":62.161614797813,"OCF_SALES":15.330772109073,"TOTAL_PARENT_EQUITY":1317961000,"DEBT_ASSET_RATIO":24.7069888707,"OPERATE_PROFIT":20924000,"PRETAX_PROFIT":14813000,"NETCASH_OPERATE":235997000,"NETCASH_INVEST":-51517000,"NETCASH_FINANCE":-39146000,"END_CASH":546391000,"DIVI_RATIO":39.600010066354,"DIVIDEND_RATE":82.278481012658,"CURRENT_RATIO":3.402575722675,"COMMON_ACS":20000000000,"CURRENTDEBT_DEBT":88.712377077598,"ISSUED_COMMON_SHARES":2077000000,"HK_COMMON_SHARES":2077000000,"PER_SHARES":1000,"TOTAL_MARKET_CAP":328166000,"HKSK_MARKET_CAP":328166000,"PE_TTM":10.542856964385,"PB_TTM":0.254758192276,"REPORT_DATE_SQ":"2019-12-31 00:00:00","REPORT_TYPE_SQ":"2019年年报","OPERATE_INCOME_SQ":1935538000,"DPS_HKD":0.13,"OPERATE_INCOME_QOQ_SQ":-27.711512037823,"NET_PROFIT_RATIO_SQ":-15.8836974526,"HOLDER_PROFIT_SQ":-311480000,"HOLDER_PROFIT_QOQ_SQ":40.598628817713,"ROE_AVG_SQ":-21.156165278636,"PE_TTM_SQ":8.840635680698,"PB_TTM_SQ":0.216969652953,"ROA_SQ":-14.460199517142,"START_DATE":"2020-01-01 00:00:00","FISCAL_YEAR":"12-31","CURRENCY":"HKD","IS_CNY_CODE":0,"DPS_HKD_LY":null,"ORG_TYPE":"一般企业","PREMIUM_INCOME":null,"PREMIUM_INCOME_YOY":null,"NET_INTEREST_INCOME":null,"NET_INTEREST_INCOME_YOY":null,"FEE_COMMISSION_INCOME":null,"FEE_COMMISSION_INCOME_YOY":null,"ACCOUNTS_RECE_TDAYS":6.286637248916,"INVENTORY_TDAYS":1.601857938071,"CURRENT_ASSETS_TDAYS":1.145719853987,"TOTAL_ASSETS_TDAYS":0.859814483098,"PREMIUM_EXPENSE":null,"LOAN_DEPOSIT":null,"LOAN_EQUITY":null,"LOAN_ASSETS":null,"DEPOSIT_EQUITY":null,"DEPOSIT_ASSETS":null,"EQUITY_MULTIPLIER":1.328144518331,"EQUITY_RATIO":0.330464255012},{"SECUCODE":"01028.HK","SECURITY_CODE":"01028","SECURITY_NAME_ABBR":"千百度","ORG_CODE":"10149845","STD_REPORT_DATE":"2020-06-30 00:00:00","REPORT_DATE":"2020-06-30 00:00:00","DATE_TYPE_CODE":"002","REPORT_TYPE":"2020年中报","PER_NETCASH_OPERATE":0.046722195474,"PER_OI":0.325845931632,"BPS":0.619125662013,"BASIC_EPS":-0.0113,"DILUTED_EPS":-0.0113,"OPERATE_INCOME":676782000,"OPERATE_INCOME_YOY":-31.5113047808,"GROSS_PROFIT":386475000,"GROSS_PROFIT_YOY":-34.788771131745,"HOLDER_PROFIT":-23343000,"HOLDER_PROFIT_YOY":62.7792394164,"GROSS_PROFIT_RATIO":57.104798886495,"EPS_TTM":-0.131010110737,"OPERATE_INCOME_QOQ":-16.087723413335,"NET_PROFIT_RATIO":-3.5026049747,"ROE_AVG":-1.784813828618,"GROSS_PROFIT_QOQ":-17.787808669935,"ROA":-1.331564986737,"HOLDER_PROFIT_QOQ":12.640297932452,"ROE_YEARLY":-3.569627657236,"ROIC_YEARLY":-3.609637142011,"TOTAL_ASSETS":1688219000,"TOTAL_LIABILITIES":388566000,"TAX_EBT":-4.142869695106,"OCF_SALES":14.338738323419,"TOTAL_PARENT_EQUITY":1285924000,"DEBT_ASSET_RATIO":23.0163266733,"OPERATE_PROFIT":-19034000,"PRETAX_PROFIT":-22762000,"NETCASH_OPERATE":97042000,"NETCASH_INVEST":-16143000,"NETCASH_FINANCE":-25726000,"END_CASH":456230000,"DIVI_RATIO":-0.899232886207,"DIVIDEND_RATE":82.278481012658,"CURRENT_RATIO":4.988393686165,"COMMON_ACS":20000000000,"CURRENTDEBT_DEBT":75.945399237195,"ISSUED_COMMON_SHARES":2077000000,"HK_COMMON_SHARES":2077000000,"PER_SHARES":1000,"TOTAL_MARKET_CAP":328166000,"HKSK_MARKET_CAP":328166000,"PE_TTM":10.542856964385,"PB_TTM":0.254758192276,"REPORT_DATE_SQ":"2019-06-30 00:00:00","REPORT_TYPE_SQ":"2019年中报","OPERATE_INCOME_SQ":988166000,"DPS_HKD":0.13,"OPERATE_INCOME_QOQ_SQ":-8.418902478025,"NET_PROFIT_RATIO_SQ":-6.3077458646,"HOLDER_PROFIT_SQ":-62715000,"HOLDER_PROFIT_QOQ_SQ":-10.219297231512,"ROE_AVG_SQ":-3.960061565176,"PE_TTM_SQ":8.840635680698,"PB_TTM_SQ":0.216969652953,"ROA_SQ":-2.104340951888,"START_DATE":"2020-01-01 00:00:00","FISCAL_YEAR":"12-31","CURRENCY":"HKD","IS_CNY_CODE":0,"DPS_HKD_LY":null,"ORG_TYPE":"一般企业","PREMIUM_INCOME":null,"PREMIUM_INCOME_YOY":null,"NET_INTEREST_INCOME":null,"NET_INTEREST_INCOME_YOY":null,"FEE_COMMISSION_INCOME":null,"FEE_COMMISSION_INCOME_YOY":null,"ACCOUNTS_RECE_TDAYS":2.847953610113,"INVENTORY_TDAYS":0.84497806108,"CURRENT_ASSETS_TDAYS":0.475844518168,"TOTAL_ASSETS_TDAYS":0.38605972448,"PREMIUM_EXPENSE":null,"LOAN_DEPOSIT":null,"LOAN_EQUITY":null,"LOAN_ASSETS":null,"DEPOSIT_EQUITY":null,"DEPOSIT_ASSETS":null,"EQUITY_MULTIPLIER":1.298976726866,"EQUITY_RATIO":0.302168712925}],"count":33},"success":true,"message":"ok","code":0}