{"version":"8db4e07b884dc23cadd0c19ea540fcbb","result":{"pages":3,"data":[{"SECUCODE":"01027.HK","SECURITY_CODE":"01027","SECURITY_NAME_ABBR":"中国集成控股","ORG_CODE":"10430939","STD_REPORT_DATE":"2024-06-30 00:00:00","REPORT_DATE":"2024-06-30 00:00:00","DATE_TYPE_CODE":"002","REPORT_TYPE":"2024年中报","PER_NETCASH_OPERATE":-0.069157677857,"PER_OI":0.453060235123,"BPS":0.55329293419,"BASIC_EPS":-0.0291,"DILUTED_EPS":-0.0291,"OPERATE_INCOME":186910000,"OPERATE_INCOME_YOY":18.493958336,"GROSS_PROFIT":18446000,"GROSS_PROFIT_YOY":51.943986820428,"HOLDER_PROFIT":-11985000,"HOLDER_PROFIT_YOY":-63.8638228056,"GROSS_PROFIT_RATIO":9.868920871007,"EPS_TTM":-0.236145921706,"OPERATE_INCOME_QOQ":9.906712806528,"NET_PROFIT_RATIO":-6.4121769836,"ROE_AVG":-5.12333844171,"GROSS_PROFIT_QOQ":29.478309648467,"ROA":-3.135345692464,"HOLDER_PROFIT_QOQ":-5.036064301194,"ROE_YEARLY":-10.24667688342,"ROIC_YEARLY":-6.736552189309,"TOTAL_ASSETS":382449000,"TOTAL_LIABILITIES":154188000,"TAX_EBT":-0.066794689822,"OCF_SALES":-15.264565833824,"TOTAL_PARENT_EQUITY":228261000,"DEBT_ASSET_RATIO":40.3159636971,"OPERATE_PROFIT":-10091000,"PRETAX_PROFIT":-11977000,"NETCASH_OPERATE":-28531000,"NETCASH_INVEST":5026000,"NETCASH_FINANCE":21306000,"END_CASH":11020000,"DIVI_RATIO":null,"DIVIDEND_RATE":null,"CURRENT_RATIO":2.055957662075,"COMMON_ACS":1562500000,"CURRENTDEBT_DEBT":100,"ISSUED_COMMON_SHARES":412550000,"HK_COMMON_SHARES":412550000,"PER_SHARES":10000,"TOTAL_MARKET_CAP":354793000,"HKSK_MARKET_CAP":354793000,"PE_TTM":-3.298925505825,"PB_TTM":1.418606223753,"REPORT_DATE_SQ":"2023-06-30 00:00:00","REPORT_TYPE_SQ":"2023年中报","OPERATE_INCOME_SQ":157738000,"DPS_HKD":null,"OPERATE_INCOME_QOQ_SQ":-9.655373105654,"NET_PROFIT_RATIO_SQ":-4.6368027996,"HOLDER_PROFIT_SQ":-7314000,"HOLDER_PROFIT_QOQ_SQ":23.161077701899,"ROE_AVG_SQ":-2.225836933251,"PE_TTM_SQ":-19.138084825446,"PB_TTM_SQ":1.320951934114,"ROA_SQ":-1.537633549592,"START_DATE":"2024-01-01 00:00:00","FISCAL_YEAR":"12-31","CURRENCY":"HKD","IS_CNY_CODE":0,"DPS_HKD_LY":null,"ORG_TYPE":"一般企业","PREMIUM_INCOME":null,"PREMIUM_INCOME_YOY":null,"NET_INTEREST_INCOME":null,"NET_INTEREST_INCOME_YOY":null,"FEE_COMMISSION_INCOME":null,"FEE_COMMISSION_INCOME_YOY":null,"ACCOUNTS_RECE_TDAYS":1.915090908159,"INVENTORY_TDAYS":1.529120771894,"CURRENT_ASSETS_TDAYS":0.590945952996,"TOTAL_ASSETS_TDAYS":0.488967428768,"PREMIUM_EXPENSE":null,"LOAN_DEPOSIT":null,"LOAN_EQUITY":null,"LOAN_ASSETS":null,"DEPOSIT_EQUITY":null,"DEPOSIT_ASSETS":null,"EQUITY_MULTIPLIER":1.675489899719,"EQUITY_RATIO":0.67548989972},{"SECUCODE":"01027.HK","SECURITY_CODE":"01027","SECURITY_NAME_ABBR":"中国集成控股","ORG_CODE":"10430939","STD_REPORT_DATE":"2023-12-31 00:00:00","REPORT_DATE":"2023-12-31 00:00:00","DATE_TYPE_CODE":"001","REPORT_TYPE":"2023年年报","PER_NETCASH_OPERATE":-0.022057932372,"PER_OI":0.713772876015,"BPS":0.580773239607,"BASIC_EPS":-0.2248,"DILUTED_EPS":-0.2248,"OPERATE_INCOME":294467000,"OPERATE_INCOME_YOY":-16.8050109056,"GROSS_PROFIT":21392000,"GROSS_PROFIT_YOY":-39.512526155064,"HOLDER_PROFIT":-92751000,"HOLDER_PROFIT_YOY":-215.1258791153,"GROSS_PROFIT_RATIO":7.264651047486,"EPS_TTM":-0.224823657738,"OPERATE_INCOME_QOQ":-7.913738808467,"NET_PROFIT_RATIO":-31.4979267626,"ROE_AVG":-32.463905076915,"GROSS_PROFIT_QOQ":-6.286415210058,"ROA":-21.810934744268,"HOLDER_PROFIT_QOQ":-310.112309869119,"ROE_YEARLY":-32.463905076915,"ROIC_YEARLY":-23.662327557066,"TOTAL_ASSETS":382060000,"TOTAL_LIABILITIES":142462000,"TAX_EBT":-0.049619761609,"OCF_SALES":-3.090329306849,"TOTAL_PARENT_EQUITY":239598000,"DEBT_ASSET_RATIO":37.2878605455,"OPERATE_PROFIT":-89660000,"PRETAX_PROFIT":-92705000,"NETCASH_OPERATE":-9100000,"NETCASH_INVEST":3298000,"NETCASH_FINANCE":2683000,"END_CASH":13094000,"DIVI_RATIO":null,"DIVIDEND_RATE":null,"CURRENT_RATIO":2.215152110738,"COMMON_ACS":1562500000,"CURRENTDEBT_DEBT":100,"ISSUED_COMMON_SHARES":412550000,"HK_COMMON_SHARES":412550000,"PER_SHARES":10000,"TOTAL_MARKET_CAP":297036000,"HKSK_MARKET_CAP":297036000,"PE_TTM":-2.761891121155,"PB_TTM":1.187670326863,"REPORT_DATE_SQ":"2022-12-31 00:00:00","REPORT_TYPE_SQ":"2022年年报","OPERATE_INCOME_SQ":353948000,"DPS_HKD":null,"OPERATE_INCOME_QOQ_SQ":-0.303358918386,"NET_PROFIT_RATIO_SQ":-8.3156282844,"HOLDER_PROFIT_SQ":-29433000,"HOLDER_PROFIT_QOQ_SQ":73.984178194193,"ROE_AVG_SQ":-9.084006925734,"PE_TTM_SQ":-17.275085417659,"PB_TTM_SQ":1.19236369274,"ROA_SQ":-6.406332982178,"START_DATE":"2023-01-01 00:00:00","FISCAL_YEAR":"12-31","CURRENCY":"HKD","IS_CNY_CODE":0,"DPS_HKD_LY":null,"ORG_TYPE":"一般企业","PREMIUM_INCOME":null,"PREMIUM_INCOME_YOY":null,"NET_INTEREST_INCOME":null,"NET_INTEREST_INCOME_YOY":null,"FEE_COMMISSION_INCOME":null,"FEE_COMMISSION_INCOME_YOY":null,"ACCOUNTS_RECE_TDAYS":2.438690495909,"INVENTORY_TDAYS":2.205463686474,"CURRENT_ASSETS_TDAYS":0.826140383855,"TOTAL_ASSETS_TDAYS":0.692456202234,"PREMIUM_EXPENSE":null,"LOAN_DEPOSIT":null,"LOAN_EQUITY":null,"LOAN_ASSETS":null,"DEPOSIT_EQUITY":null,"DEPOSIT_ASSETS":null,"EQUITY_MULTIPLIER":1.594587600899,"EQUITY_RATIO":0.594587600898},{"SECUCODE":"01027.HK","SECURITY_CODE":"01027","SECURITY_NAME_ABBR":"中国集成控股","ORG_CODE":"10430939","STD_REPORT_DATE":"2023-06-30 00:00:00","REPORT_DATE":"2023-06-30 00:00:00","DATE_TYPE_CODE":"002","REPORT_TYPE":"2023年中报","PER_NETCASH_OPERATE":-0.021565870804,"PER_OI":0.382348806205,"BPS":0.788701975518,"BASIC_EPS":-0.0177,"DILUTED_EPS":-0.0177,"OPERATE_INCOME":157738000,"OPERATE_INCOME_YOY":-17.807548212,"GROSS_PROFIT":12140000,"GROSS_PROFIT_YOY":-50.808379593987,"HOLDER_PROFIT":-7314000,"HOLDER_PROFIT_YOY":48.2414549572,"GROSS_PROFIT_RATIO":7.696306533619,"EPS_TTM":-0.054820021816,"OPERATE_INCOME_QOQ":-9.655373105654,"NET_PROFIT_RATIO":-4.6368027996,"ROE_AVG":-2.225836933251,"GROSS_PROFIT_QOQ":-35.45495673811,"ROA":-1.537633549592,"HOLDER_PROFIT_QOQ":23.161077701899,"ROE_YEARLY":-4.451673866502,"ROIC_YEARLY":-3.287652760219,"TOTAL_ASSETS":482892000,"TOTAL_LIABILITIES":157513000,"TAX_EBT":3.560126582278,"OCF_SALES":-5.640365669655,"TOTAL_PARENT_EQUITY":325379000,"DEBT_ASSET_RATIO":32.6186807816,"OPERATE_PROFIT":-6210000,"PRETAX_PROFIT":-7584000,"NETCASH_OPERATE":-8897000,"NETCASH_INVEST":164000,"NETCASH_FINANCE":4871000,"END_CASH":12569000,"DIVI_RATIO":null,"DIVIDEND_RATE":null,"CURRENT_RATIO":2.626595900021,"COMMON_ACS":1562500000,"CURRENTDEBT_DEBT":100,"ISSUED_COMMON_SHARES":412550000,"HK_COMMON_SHARES":412550000,"PER_SHARES":10000,"TOTAL_MARKET_CAP":297036000,"HKSK_MARKET_CAP":297036000,"PE_TTM":-2.761891121155,"PB_TTM":1.187670326863,"REPORT_DATE_SQ":"2022-06-30 00:00:00","REPORT_TYPE_SQ":"2022年中报","OPERATE_INCOME_SQ":191913000,"DPS_HKD":null,"OPERATE_INCOME_QOQ_SQ":16.000771105753,"NET_PROFIT_RATIO_SQ":-7.363232298,"HOLDER_PROFIT_SQ":-14131000,"HOLDER_PROFIT_QOQ_SQ":11.425752961348,"ROE_AVG_SQ":-4.319676215339,"PE_TTM_SQ":-17.275085417659,"PB_TTM_SQ":1.19236369274,"ROA_SQ":-2.931168059374,"START_DATE":"2023-01-01 00:00:00","FISCAL_YEAR":"12-31","CURRENCY":"HKD","IS_CNY_CODE":0,"DPS_HKD_LY":null,"ORG_TYPE":"一般企业","PREMIUM_INCOME":null,"PREMIUM_INCOME_YOY":null,"NET_INTEREST_INCOME":null,"NET_INTEREST_INCOME_YOY":null,"FEE_COMMISSION_INCOME":null,"FEE_COMMISSION_INCOME_YOY":null,"ACCOUNTS_RECE_TDAYS":0.941789685797,"INVENTORY_TDAYS":1.130471916394,"CURRENT_ASSETS_TDAYS":0.388985748845,"TOTAL_ASSETS_TDAYS":0.331615040806,"PREMIUM_EXPENSE":null,"LOAN_DEPOSIT":null,"LOAN_EQUITY":null,"LOAN_ASSETS":null,"DEPOSIT_EQUITY":null,"DEPOSIT_ASSETS":null,"EQUITY_MULTIPLIER":1.484090860196,"EQUITY_RATIO":0.484090860197},{"SECUCODE":"01027.HK","SECURITY_CODE":"01027","SECURITY_NAME_ABBR":"中国集成控股","ORG_CODE":"10430939","STD_REPORT_DATE":"2022-12-31 00:00:00","REPORT_DATE":"2022-12-31 00:00:00","DATE_TYPE_CODE":"001","REPORT_TYPE":"2022年年报","PER_NETCASH_OPERATE":-0.109560053327,"PER_OI":0.857951763423,"BPS":0.804295236941,"BASIC_EPS":-0.0802,"DILUTED_EPS":-0.0802,"OPERATE_INCOME":353948000,"OPERATE_INCOME_YOY":15.6488724212,"GROSS_PROFIT":35366000,"GROSS_PROFIT_YOY":31.472118959108,"HOLDER_PROFIT":-29433000,"HOLDER_PROFIT_YOY":76.9566817246,"GROSS_PROFIT_RATIO":9.991863211545,"EPS_TTM":-0.071344079506,"OPERATE_INCOME_QOQ":-0.303358918386,"NET_PROFIT_RATIO":-8.3156282844,"ROE_AVG":-9.084006925734,"GROSS_PROFIT_QOQ":11.46269973841,"ROA":-6.406332982178,"HOLDER_PROFIT_QOQ":73.984178194193,"ROE_YEARLY":-9.084006925734,"ROIC_YEARLY":-7.07607386447,"TOTAL_ASSETS":468440000,"TOTAL_LIABILITIES":136628000,"TAX_EBT":-19.447262692261,"OCF_SALES":-12.769954908631,"TOTAL_PARENT_EQUITY":331812000,"DEBT_ASSET_RATIO":29.1665955085,"OPERATE_PROFIT":-20687000,"PRETAX_PROFIT":-24641000,"NETCASH_OPERATE":-45199000,"NETCASH_INVEST":32192000,"NETCASH_FINANCE":24944000,"END_CASH":16571000,"DIVI_RATIO":null,"DIVIDEND_RATE":null,"CURRENT_RATIO":2.914608291212,"COMMON_ACS":1562500000,"CURRENTDEBT_DEBT":99.769446965483,"ISSUED_COMMON_SHARES":412550000,"HK_COMMON_SHARES":412550000,"PER_SHARES":10000,"TOTAL_MARKET_CAP":358918500,"HKSK_MARKET_CAP":358918500,"PE_TTM":-3.337285104729,"PB_TTM":1.435101644959,"REPORT_DATE_SQ":"2021-12-31 00:00:00","REPORT_TYPE_SQ":"2021年年报","OPERATE_INCOME_SQ":306054000,"DPS_HKD":null,"OPERATE_INCOME_QOQ_SQ":7.641553563327,"NET_PROFIT_RATIO_SQ":-41.73413842,"HOLDER_PROFIT_SQ":-127729000,"HOLDER_PROFIT_QOQ_SQ":-116.662426000373,"ROE_AVG_SQ":-34.408315385538,"PE_TTM_SQ":-19.646175573024,"PB_TTM_SQ":1.356021454488,"ROA_SQ":-24.75269877844,"START_DATE":"2022-01-01 00:00:00","FISCAL_YEAR":"12-31","CURRENCY":"HKD","IS_CNY_CODE":0,"DPS_HKD_LY":null,"ORG_TYPE":"一般企业","PREMIUM_INCOME":null,"PREMIUM_INCOME_YOY":null,"NET_INTEREST_INCOME":null,"NET_INTEREST_INCOME_YOY":null,"FEE_COMMISSION_INCOME":null,"FEE_COMMISSION_INCOME_YOY":null,"ACCOUNTS_RECE_TDAYS":2.649608863271,"INVENTORY_TDAYS":2.452054847238,"CURRENT_ASSETS_TDAYS":0.948416260494,"TOTAL_ASSETS_TDAYS":0.770396747316,"PREMIUM_EXPENSE":null,"LOAN_DEPOSIT":null,"LOAN_EQUITY":null,"LOAN_ASSETS":null,"DEPOSIT_EQUITY":null,"DEPOSIT_ASSETS":null,"EQUITY_MULTIPLIER":1.411763287645,"EQUITY_RATIO":0.411763287645},{"SECUCODE":"01027.HK","SECURITY_CODE":"01027","SECURITY_NAME_ABBR":"中国集成控股","ORG_CODE":"10430939","STD_REPORT_DATE":"2022-06-30 00:00:00","REPORT_DATE":"2022-06-30 00:00:00","DATE_TYPE_CODE":"002","REPORT_TYPE":"2022年中报","PER_NETCASH_OPERATE":-0.035430856866,"PER_OI":0.46518725003,"BPS":0.819430372076,"BASIC_EPS":-0.0442,"DILUTED_EPS":-0.0442,"OPERATE_INCOME":191913000,"OPERATE_INCOME_YOY":34.2593499461,"GROSS_PROFIT":24679000,"GROSS_PROFIT_YOY":24.327455919396,"HOLDER_PROFIT":-14131000,"HOLDER_PROFIT_YOY":50.8059181897,"GROSS_PROFIT_RATIO":12.859472781938,"EPS_TTM":-0.274233426251,"OPERATE_INCOME_QOQ":16.000771105753,"NET_PROFIT_RATIO":-7.363232298,"ROE_AVG":-4.319676215339,"GROSS_PROFIT_QOQ":17.951672862454,"ROA":-2.931168059374,"HOLDER_PROFIT_QOQ":11.425752961348,"ROE_YEARLY":-8.639352430678,"ROIC_YEARLY":-6.887710960824,"TOTAL_ASSETS":513757000,"TOTAL_LIABILITIES":175701000,"TAX_EBT":-22.40990990991,"OCF_SALES":-7.61647204723,"TOTAL_PARENT_EQUITY":338056000,"DEBT_ASSET_RATIO":34.1992420541,"OPERATE_PROFIT":-9204000,"PRETAX_PROFIT":-11544000,"NETCASH_OPERATE":-14617000,"NETCASH_INVEST":13577000,"NETCASH_FINANCE":52931000,"END_CASH":47346000,"DIVI_RATIO":null,"DIVIDEND_RATE":null,"CURRENT_RATIO":2.50834108032,"COMMON_ACS":1562500000,"CURRENTDEBT_DEBT":99.792829864372,"ISSUED_COMMON_SHARES":412550000,"HK_COMMON_SHARES":412550000,"PER_SHARES":10000,"TOTAL_MARKET_CAP":297036000,"HKSK_MARKET_CAP":297036000,"PE_TTM":-2.761891121155,"PB_TTM":1.187670326863,"REPORT_DATE_SQ":"2021-06-30 00:00:00","REPORT_TYPE_SQ":"2021年中报","OPERATE_INCOME_SQ":142942000,"DPS_HKD":null,"OPERATE_INCOME_QOQ_SQ":-17.440401869973,"NET_PROFIT_RATIO_SQ":-20.0955632354,"HOLDER_PROFIT_SQ":-28725000,"HOLDER_PROFIT_QOQ_SQ":-71.814525530427,"ROE_AVG_SQ":-6.829464294205,"PE_TTM_SQ":-17.275085417659,"PB_TTM_SQ":1.19236369274,"ROA_SQ":-4.950618762716,"START_DATE":"2022-01-01 00:00:00","FISCAL_YEAR":"12-31","CURRENCY":"HKD","IS_CNY_CODE":0,"DPS_HKD_LY":null,"ORG_TYPE":"一般企业","PREMIUM_INCOME":null,"PREMIUM_INCOME_YOY":null,"NET_INTEREST_INCOME":null,"NET_INTEREST_INCOME_YOY":null,"FEE_COMMISSION_INCOME":null,"FEE_COMMISSION_INCOME_YOY":null,"ACCOUNTS_RECE_TDAYS":1.435856573705,"INVENTORY_TDAYS":1.343379857415,"CURRENT_ASSETS_TDAYS":0.486530680539,"TOTAL_ASSETS_TDAYS":0.398081703898,"PREMIUM_EXPENSE":null,"LOAN_DEPOSIT":null,"LOAN_EQUITY":null,"LOAN_ASSETS":null,"DEPOSIT_EQUITY":null,"DEPOSIT_ASSETS":null,"EQUITY_MULTIPLIER":1.519739333128,"EQUITY_RATIO":0.519739333128},{"SECUCODE":"01027.HK","SECURITY_CODE":"01027","SECURITY_NAME_ABBR":"中国集成控股","ORG_CODE":"10430939","STD_REPORT_DATE":"2021-12-31 00:00:00","REPORT_DATE":"2021-12-31 00:00:00","DATE_TYPE_CODE":"001","REPORT_TYPE":"2021年年报","PER_NETCASH_OPERATE":-0.210555335446,"PER_OI":1.010479397781,"BPS":0.766467094898,"BASIC_EPS":-0.4276,"DILUTED_EPS":-0.4276,"OPERATE_INCOME":306054000,"OPERATE_INCOME_YOY":-11.1315659572,"GROSS_PROFIT":26900000,"GROSS_PROFIT_YOY":-49.048205322474,"HOLDER_PROFIT":-127729000,"HOLDER_PROFIT_YOY":-272.2575192353,"GROSS_PROFIT_RATIO":8.789298620505,"EPS_TTM":-0.421714870576,"OPERATE_INCOME_QOQ":7.641553563327,"NET_PROFIT_RATIO":-41.73413842,"ROE_AVG":-34.408315385538,"GROSS_PROFIT_QOQ":-37.523225566704,"ROA":-24.75269877844,"HOLDER_PROFIT_QOQ":-116.662426000373,"ROE_YEARLY":-34.408315385538,"ROIC_YEARLY":-29.502395803619,"TOTAL_ASSETS":450432000,"TOTAL_LIABILITIES":134226000,"TAX_EBT":-2.034637567701,"OCF_SALES":-20.83717252511,"TOTAL_PARENT_EQUITY":316206000,"DEBT_ASSET_RATIO":29.7993925831,"OPERATE_PROFIT":-121321000,"PRETAX_PROFIT":-125182000,"NETCASH_OPERATE":-63773000,"NETCASH_INVEST":-2243000,"NETCASH_FINANCE":9348000,"END_CASH":2478000,"DIVI_RATIO":null,"DIVIDEND_RATE":null,"CURRENT_RATIO":2.607902167904,"COMMON_ACS":1562500000,"CURRENTDEBT_DEBT":99.728815579694,"ISSUED_COMMON_SHARES":412550000,"HK_COMMON_SHARES":412550000,"PER_SHARES":10000,"TOTAL_MARKET_CAP":297036000,"HKSK_MARKET_CAP":297036000,"PE_TTM":-2.761891121155,"PB_TTM":1.187670326863,"REPORT_DATE_SQ":"2020-12-31 00:00:00","REPORT_TYPE_SQ":"2020年年报","OPERATE_INCOME_SQ":344390000,"DPS_HKD":null,"OPERATE_INCOME_QOQ_SQ":-22.060610723993,"NET_PROFIT_RATIO_SQ":-9.9631232033,"HOLDER_PROFIT_SQ":-34312000,"HOLDER_PROFIT_QOQ_SQ":-46.915007493042,"ROE_AVG_SQ":-7.813053254775,"PE_TTM_SQ":-17.275085417659,"PB_TTM_SQ":1.19236369274,"ROA_SQ":-5.263686743753,"START_DATE":"2021-01-01 00:00:00","FISCAL_YEAR":"12-31","CURRENCY":"HKD","IS_CNY_CODE":0,"DPS_HKD_LY":null,"ORG_TYPE":"一般企业","PREMIUM_INCOME":null,"PREMIUM_INCOME_YOY":null,"NET_INTEREST_INCOME":null,"NET_INTEREST_INCOME_YOY":null,"FEE_COMMISSION_INCOME":null,"FEE_COMMISSION_INCOME_YOY":null,"ACCOUNTS_RECE_TDAYS":3.642806132165,"INVENTORY_TDAYS":1.441445814239,"CURRENT_ASSETS_TDAYS":0.741526645426,"TOTAL_ASSETS_TDAYS":0.593104343723,"PREMIUM_EXPENSE":null,"LOAN_DEPOSIT":null,"LOAN_EQUITY":null,"LOAN_ASSETS":null,"DEPOSIT_EQUITY":null,"DEPOSIT_ASSETS":null,"EQUITY_MULTIPLIER":1.424489098878,"EQUITY_RATIO":0.424489098879},{"SECUCODE":"01027.HK","SECURITY_CODE":"01027","SECURITY_NAME_ABBR":"中国集成控股","ORG_CODE":"10430939","STD_REPORT_DATE":"2021-06-30 00:00:00","REPORT_DATE":"2021-06-30 00:00:00","DATE_TYPE_CODE":"002","REPORT_TYPE":"2021年中报","PER_NETCASH_OPERATE":-0.229166666667,"PER_OI":0.471942683571,"BPS":1.005897466974,"BASIC_EPS":-0.0975,"DILUTED_EPS":-0.0975,"OPERATE_INCOME":142942000,"OPERATE_INCOME_YOY":-29.5869559863,"GROSS_PROFIT":19850000,"GROSS_PROFIT_YOY":-32.914258677211,"HOLDER_PROFIT":-28725000,"HOLDER_PROFIT_YOY":-603.3545543585,"GROSS_PROFIT_RATIO":13.886751269746,"EPS_TTM":-0.194641442155,"OPERATE_INCOME_QOQ":-17.440401869973,"NET_PROFIT_RATIO":-20.0955632354,"ROE_AVG":-6.829464294205,"GROSS_PROFIT_QOQ":-18.446822615778,"ROA":-4.950618762716,"HOLDER_PROFIT_QOQ":-71.814525530427,"ROE_YEARLY":-13.658928588411,"ROIC_YEARLY":-11.870668600687,"TOTAL_ASSETS":578852000,"TOTAL_LIABILITIES":163869000,"TAX_EBT":-4.272542471323,"OCF_SALES":-48.558156455066,"TOTAL_PARENT_EQUITY":414983000,"DEBT_ASSET_RATIO":28.3093087698,"OPERATE_PROFIT":-25140000,"PRETAX_PROFIT":-27548000,"NETCASH_OPERATE":-69410000,"NETCASH_INVEST":-5385000,"NETCASH_FINANCE":36772000,"END_CASH":20272000,"DIVI_RATIO":null,"DIVIDEND_RATE":null,"CURRENT_RATIO":2.880481523847,"COMMON_ACS":1562500000,"CURRENTDEBT_DEBT":99.763225503298,"ISSUED_COMMON_SHARES":412550000,"HK_COMMON_SHARES":412550000,"PER_SHARES":10000,"TOTAL_MARKET_CAP":297036000,"HKSK_MARKET_CAP":297036000,"PE_TTM":-2.761891121155,"PB_TTM":1.187670326863,"REPORT_DATE_SQ":"2020-06-30 00:00:00","REPORT_TYPE_SQ":"2020年中报","OPERATE_INCOME_SQ":203005000,"DPS_HKD":null,"OPERATE_INCOME_QOQ_SQ":-20.896922479274,"NET_PROFIT_RATIO_SQ":-2.011773109,"HOLDER_PROFIT_SQ":-4084000,"HOLDER_PROFIT_QOQ_SQ":-43.749615313596,"ROE_AVG_SQ":-0.906010304647,"PE_TTM_SQ":-17.275085417659,"PB_TTM_SQ":1.19236369274,"ROA_SQ":-0.636673583191,"START_DATE":"2021-01-01 00:00:00","FISCAL_YEAR":"12-31","CURRENCY":"HKD","IS_CNY_CODE":0,"DPS_HKD_LY":null,"ORG_TYPE":"一般企业","PREMIUM_INCOME":null,"PREMIUM_INCOME_YOY":null,"NET_INTEREST_INCOME":null,"NET_INTEREST_INCOME_YOY":null,"FEE_COMMISSION_INCOME":null,"FEE_COMMISSION_INCOME_YOY":null,"ACCOUNTS_RECE_TDAYS":1.77838325402,"INVENTORY_TDAYS":0.510324269756,"CURRENT_ASSETS_TDAYS":0.301796204904,"TOTAL_ASSETS_TDAYS":0.246353819732,"PREMIUM_EXPENSE":null,"LOAN_DEPOSIT":null,"LOAN_EQUITY":null,"LOAN_ASSETS":null,"DEPOSIT_EQUITY":null,"DEPOSIT_ASSETS":null,"EQUITY_MULTIPLIER":1.394881236099,"EQUITY_RATIO":0.394881236099},{"SECUCODE":"01027.HK","SECURITY_CODE":"01027","SECURITY_NAME_ABBR":"中国集成控股","ORG_CODE":"10430939","STD_REPORT_DATE":"2020-12-31 00:00:00","REPORT_DATE":"2020-12-31 00:00:00","DATE_TYPE_CODE":"001","REPORT_TYPE":"2020年年报","PER_NETCASH_OPERATE":0.6843282268,"PER_OI":1.516067969713,"BPS":1.033147497273,"BASIC_EPS":-0.1778,"DILUTED_EPS":-0.1778,"OPERATE_INCOME":344390000,"OPERATE_INCOME_YOY":-38.3475444818,"GROSS_PROFIT":52795000,"GROSS_PROFIT_YOY":-19.838751309576,"HOLDER_PROFIT":-34312000,"HOLDER_PROFIT_YOY":-111.1897581092,"GROSS_PROFIT_RATIO":15.33000377479,"EPS_TTM":-0.151047719669,"OPERATE_INCOME_QOQ":-22.060610723993,"NET_PROFIT_RATIO":-9.9631232033,"ROE_AVG":-7.813053254775,"GROSS_PROFIT_QOQ":-1.734695776798,"ROA":-5.263686743753,"HOLDER_PROFIT_QOQ":-46.915007493042,"ROE_YEARLY":-7.813053254775,"ROIC_YEARLY":-6.198335163882,"TOTAL_ASSETS":581609000,"TOTAL_LIABILITIES":155384000,"TAX_EBT":-7.821387047104,"OCF_SALES":45.138360579576,"TOTAL_PARENT_EQUITY":426225000,"DEBT_ASSET_RATIO":26.7162303197,"OPERATE_PROFIT":-28132000,"PRETAX_PROFIT":-31823000,"NETCASH_OPERATE":155934000,"NETCASH_INVEST":-866000,"NETCASH_FINANCE":-122691000,"END_CASH":58319000,"DIVI_RATIO":null,"DIVIDEND_RATE":null,"CURRENT_RATIO":3.07393641391,"COMMON_ACS":1562500000,"CURRENTDEBT_DEBT":99.734206868146,"ISSUED_COMMON_SHARES":412550000,"HK_COMMON_SHARES":412550000,"PER_SHARES":10000,"TOTAL_MARKET_CAP":297036000,"HKSK_MARKET_CAP":297036000,"PE_TTM":-2.761891121155,"PB_TTM":1.187670326863,"REPORT_DATE_SQ":"2019-12-31 00:00:00","REPORT_TYPE_SQ":"2019年年报","OPERATE_INCOME_SQ":558599000,"DPS_HKD":null,"OPERATE_INCOME_QOQ_SQ":-4.045685741328,"NET_PROFIT_RATIO_SQ":-2.9085265101,"HOLDER_PROFIT_SQ":-16247000,"HOLDER_PROFIT_QOQ_SQ":-219.375459221161,"ROE_AVG_SQ":-3.557851493041,"PE_TTM_SQ":-17.275085417659,"PB_TTM_SQ":1.19236369274,"ROA_SQ":-2.282616178518,"START_DATE":"2020-01-01 00:00:00","FISCAL_YEAR":"12-31","CURRENCY":"HKD","IS_CNY_CODE":0,"DPS_HKD_LY":null,"ORG_TYPE":"一般企业","PREMIUM_INCOME":null,"PREMIUM_INCOME_YOY":null,"NET_INTEREST_INCOME":null,"NET_INTEREST_INCOME_YOY":null,"FEE_COMMISSION_INCOME":null,"FEE_COMMISSION_INCOME_YOY":null,"ACCOUNTS_RECE_TDAYS":3.032416273735,"INVENTORY_TDAYS":1.130802685896,"CURRENT_ASSETS_TDAYS":0.650256220474,"TOTAL_ASSETS_TDAYS":0.528316938005,"PREMIUM_EXPENSE":null,"LOAN_DEPOSIT":null,"LOAN_EQUITY":null,"LOAN_ASSETS":null,"DEPOSIT_EQUITY":null,"DEPOSIT_ASSETS":null,"EQUITY_MULTIPLIER":1.36455862514,"EQUITY_RATIO":0.364558625139},{"SECUCODE":"01027.HK","SECURITY_CODE":"01027","SECURITY_NAME_ABBR":"中国集成控股","ORG_CODE":"10430939","STD_REPORT_DATE":"2020-06-30 00:00:00","REPORT_DATE":"2020-06-30 00:00:00","DATE_TYPE_CODE":"002","REPORT_TYPE":"2020年中报","PER_NETCASH_OPERATE":0.045284204966,"PER_OI":0.053619915478,"BPS":1.089407344564,"BASIC_EPS":-0.0216,"DILUTED_EPS":-0.0216,"OPERATE_INCOME":203005000,"OPERATE_INCOME_YOY":-36.5083584844,"GROSS_PROFIT":29589000,"GROSS_PROFIT_YOY":-29.082280756417,"HOLDER_PROFIT":-4084000,"HOLDER_PROFIT_YOY":-235.0529100529,"GROSS_PROFIT_RATIO":14.575503066427,"EPS_TTM":-0.006168779715,"OPERATE_INCOME_QOQ":-20.896922479274,"NET_PROFIT_RATIO":-2.011773109,"ROE_AVG":-0.906010304647,"GROSS_PROFIT_QOQ":-18.423649807929,"ROA":-0.636673583191,"HOLDER_PROFIT_QOQ":-43.749615313596,"ROE_YEARLY":-1.812020609294,"ROIC_YEARLY":-1.442432922366,"TOTAL_ASSETS":560802000,"TOTAL_LIABILITIES":111367000,"TAX_EBT":-158.972733037413,"OCF_SALES":84.454077485776,"TOTAL_PARENT_EQUITY":449435000,"DEBT_ASSET_RATIO":19.8585240424,"OPERATE_PROFIT":1975000,"PRETAX_PROFIT":-1577000,"NETCASH_OPERATE":171446000,"NETCASH_INVEST":-4742000,"NETCASH_FINANCE":-183302000,"END_CASH":8461000,"DIVI_RATIO":null,"DIVIDEND_RATE":null,"CURRENT_RATIO":4.66024035504,"COMMON_ACS":1562500000,"CURRENTDEBT_DEBT":81.740551509873,"ISSUED_COMMON_SHARES":412550000,"HK_COMMON_SHARES":412550000,"PER_SHARES":10000,"TOTAL_MARKET_CAP":297036000,"HKSK_MARKET_CAP":297036000,"PE_TTM":-2.761891121155,"PB_TTM":1.187670326863,"REPORT_DATE_SQ":"2019-06-30 00:00:00","REPORT_TYPE_SQ":"2019年中报","OPERATE_INCOME_SQ":319735000,"DPS_HKD":null,"OPERATE_INCOME_QOQ_SQ":11.697359483946,"NET_PROFIT_RATIO_SQ":0.9457832267,"HOLDER_PROFIT_SQ":3024000,"HOLDER_PROFIT_QOQ_SQ":-27.219251336898,"ROE_AVG_SQ":0.648420547041,"PE_TTM_SQ":-17.275085417659,"PB_TTM_SQ":1.19236369274,"ROA_SQ":0.419327910543,"START_DATE":"2020-01-01 00:00:00","FISCAL_YEAR":"12-31","CURRENCY":"HKD","IS_CNY_CODE":0,"DPS_HKD_LY":null,"ORG_TYPE":"一般企业","PREMIUM_INCOME":null,"PREMIUM_INCOME_YOY":null,"NET_INTEREST_INCOME":null,"NET_INTEREST_INCOME_YOY":null,"FEE_COMMISSION_INCOME":null,"FEE_COMMISSION_INCOME_YOY":null,"ACCOUNTS_RECE_TDAYS":1.835239343669,"INVENTORY_TDAYS":0.645535458366,"CURRENT_ASSETS_TDAYS":0.403146050458,"TOTAL_ASSETS_TDAYS":0.316473851018,"PREMIUM_EXPENSE":null,"LOAN_DEPOSIT":null,"LOAN_EQUITY":null,"LOAN_ASSETS":null,"DEPOSIT_EQUITY":null,"DEPOSIT_ASSETS":null,"EQUITY_MULTIPLIER":1.247793340528,"EQUITY_RATIO":0.247793340528}],"count":25},"success":true,"message":"ok","code":0}