{"version":"a43aeafcf64ffa99fd6d86d5b08de2fc","result":{"pages":4,"data":[{"SECUCODE":"01023.HK","SECURITY_CODE":"01023","SECURITY_NAME_ABBR":"时代集团控股","ORG_CODE":"10181408","STD_REPORT_DATE":"2023-12-31 00:00:00","REPORT_DATE":"2024-06-30 00:00:00","DATE_TYPE_CODE":"001","REPORT_TYPE":"2023年年报","PER_NETCASH_OPERATE":0.2249203211,"PER_OI":1.518704700579,"BPS":1.706754046715,"BASIC_EPS":0.096561544,"DILUTED_EPS":0.09537506,"OPERATE_INCOME":1466203079.08,"OPERATE_INCOME_YOY":-12.1081063928,"GROSS_PROFIT":522303947,"GROSS_PROFIT_YOY":-6.473913569262,"HOLDER_PROFIT":92991139.84,"HOLDER_PROFIT_YOY":-49.7583778773,"GROSS_PROFIT_RATIO":35.622892520982,"EPS_TTM":0.145766068125,"OPERATE_INCOME_QOQ":-6.936230911755,"NET_PROFIT_RATIO":6.3423096818,"ROE_AVG":5.683895248926,"GROSS_PROFIT_QOQ":-3.868460246315,"ROA":4.791488110984,"HOLDER_PROFIT_QOQ":-24.734431807521,"ROE_YEARLY":5.683895248926,"ROIC_YEARLY":6.013807415679,"TOTAL_ASSETS":1929529644.48,"TOTAL_LIABILITIES":281778085.16,"TAX_EBT":20.502477275387,"OCF_SALES":14.810010202424,"TOTAL_PARENT_EQUITY":1647751559.32,"DEBT_ASSET_RATIO":14.6034597585,"OPERATE_PROFIT":118871093.92,"PRETAX_PROFIT":116973632.2,"NETCASH_OPERATE":217144825.6,"NETCASH_INVEST":-58063788.92,"NETCASH_FINANCE":-109904925.6,"END_CASH":420335686.68,"DIVI_RATIO":0.374789556326,"DIVIDEND_RATE":11.111111111111,"CURRENT_RATIO":3.707245010658,"COMMON_ACS":3000000000,"CURRENTDEBT_DEBT":92.086792318381,"ISSUED_COMMON_SHARES":965430000,"HK_COMMON_SHARES":965430000,"PER_SHARES":1000,"TOTAL_MARKET_CAP":521332200,"HKSK_MARKET_CAP":521332200,"PE_TTM":5.116718357412,"PB_TTM":0.288762871808,"REPORT_DATE_SQ":"2022-12-31 00:00:00","REPORT_TYPE_SQ":"2022年年报","OPERATE_INCOME_SQ":1685187668.16,"DPS_HKD":0.06,"OPERATE_INCOME_QOQ_SQ":5.820982181438,"NET_PROFIT_RATIO_SQ":11.0951355515,"HOLDER_PROFIT_SQ":186973856.08,"HOLDER_PROFIT_QOQ_SQ":93.582391885354,"ROE_AVG_SQ":11.439953584914,"PE_TTM_SQ":3.141993924929,"PB_TTM_SQ":0.358019112818,"ROA_SQ":9.313666168749,"START_DATE":"2023-07-01 00:00:00","FISCAL_YEAR":"6-30","CURRENCY":"HKD","IS_CNY_CODE":0,"DPS_HKD_LY":0.09,"ORG_TYPE":"一般企业","PREMIUM_INCOME":null,"PREMIUM_INCOME_YOY":null,"NET_INTEREST_INCOME":null,"NET_INTEREST_INCOME_YOY":null,"FEE_COMMISSION_INCOME":null,"FEE_COMMISSION_INCOME_YOY":null,"ACCOUNTS_RECE_TDAYS":4.731791297996,"INVENTORY_TDAYS":4.791750934182,"CURRENT_ASSETS_TDAYS":1.500229496271,"TOTAL_ASSETS_TDAYS":0.755479998824,"PREMIUM_EXPENSE":null,"LOAN_DEPOSIT":null,"LOAN_EQUITY":null,"LOAN_ASSETS":null,"DEPOSIT_EQUITY":null,"DEPOSIT_ASSETS":null,"EQUITY_MULTIPLIER":1.171007627677,"EQUITY_RATIO":0.171007627677},{"SECUCODE":"01023.HK","SECURITY_CODE":"01023","SECURITY_NAME_ABBR":"时代集团控股","ORG_CODE":"10181408","STD_REPORT_DATE":"2023-06-30 00:00:00","REPORT_DATE":"2023-12-31 00:00:00","DATE_TYPE_CODE":"002","REPORT_TYPE":"2023年中报","PER_NETCASH_OPERATE":0.13946756119,"PER_OI":0.763920471976,"BPS":1.681447688574,"BASIC_EPS":0.05029521,"DILUTED_EPS":0.050023344,"OPERATE_INCOME":737511741.26,"OPERATE_INCOME_YOY":-14.914279979,"GROSS_PROFIT":259040268.34,"GROSS_PROFIT_YOY":-7.697911776082,"HOLDER_PROFIT":48531705.88,"HOLDER_PROFIT_YOY":-49.526403589,"GROSS_PROFIT_RATIO":35.123545002476,"EPS_TTM":0.193668993174,"OPERATE_INCOME_QOQ":0.881511932869,"NET_PROFIT_RATIO":6.5804655255,"ROE_AVG":2.999336050923,"GROSS_PROFIT_QOQ":6.220742246113,"ROA":2.514464131653,"HOLDER_PROFIT_QOQ":1.175506000207,"ROE_YEARLY":5.998672101845,"ROIC_YEARLY":6.273920831493,"TOTAL_ASSETS":1922034621.92,"TOTAL_LIABILITIES":298714579.94,"TAX_EBT":20.77459058834,"OCF_SALES":18.256816816226,"TOTAL_PARENT_EQUITY":1623320041.98,"DEBT_ASSET_RATIO":15.5415816413,"OPERATE_PROFIT":62325280.5,"PRETAX_PROFIT":61257753.34,"NETCASH_OPERATE":134646167.6,"NETCASH_INVEST":-29494742.34,"NETCASH_FINANCE":-75508062.84,"END_CASH":400034507.04,"DIVI_RATIO":0.282087489095,"DIVIDEND_RATE":11.764705882353,"CURRENT_RATIO":3.511070900262,"COMMON_ACS":3000000000,"CURRENTDEBT_DEBT":90.03176317474,"ISSUED_COMMON_SHARES":965430000,"HK_COMMON_SHARES":965430000,"PER_SHARES":1000,"TOTAL_MARKET_CAP":492369300,"HKSK_MARKET_CAP":492369300,"PE_TTM":4.832456226445,"PB_TTM":0.272720490041,"REPORT_DATE_SQ":"2022-06-30 00:00:00","REPORT_TYPE_SQ":"2022年中报","OPERATE_INCOME_SQ":854400249.22,"DPS_HKD":0.06,"OPERATE_INCOME_QOQ_SQ":14.089203216953,"NET_PROFIT_RATIO_SQ":11.0930008385,"HOLDER_PROFIT_SQ":94778626.81,"HOLDER_PROFIT_QOQ_SQ":309.117339518907,"ROE_AVG_SQ":6.008088890021,"PE_TTM_SQ":3.951295390442,"PB_TTM_SQ":0.450236157029,"ROA_SQ":4.863471411985,"START_DATE":"2023-07-01 00:00:00","FISCAL_YEAR":"6-30","CURRENCY":"HKD","IS_CNY_CODE":0,"DPS_HKD_LY":0.09,"ORG_TYPE":"一般企业","PREMIUM_INCOME":null,"PREMIUM_INCOME_YOY":null,"NET_INTEREST_INCOME":null,"NET_INTEREST_INCOME_YOY":null,"FEE_COMMISSION_INCOME":null,"FEE_COMMISSION_INCOME_YOY":null,"ACCOUNTS_RECE_TDAYS":2.429986936887,"INVENTORY_TDAYS":2.356917266886,"CURRENT_ASSETS_TDAYS":0.764294488437,"TOTAL_ASSETS_TDAYS":0.38211037227,"PREMIUM_EXPENSE":null,"LOAN_DEPOSIT":null,"LOAN_EQUITY":null,"LOAN_ASSETS":null,"DEPOSIT_EQUITY":null,"DEPOSIT_ASSETS":null,"EQUITY_MULTIPLIER":1.184014594913,"EQUITY_RATIO":0.184014594914},{"SECUCODE":"01023.HK","SECURITY_CODE":"01023","SECURITY_NAME_ABBR":"时代集团控股","ORG_CODE":"10181408","STD_REPORT_DATE":"2022-12-31 00:00:00","REPORT_DATE":"2023-06-30 00:00:00","DATE_TYPE_CODE":"001","REPORT_TYPE":"2022年年报","PER_NETCASH_OPERATE":0.27107031385,"PER_OI":1.745530663186,"BPS":1.699648924355,"BASIC_EPS":0.19407679,"DILUTED_EPS":0.19407679,"OPERATE_INCOME":1685187668.16,"OPERATE_INCOME_YOY":-0.9796438004,"GROSS_PROFIT":558458037.68,"GROSS_PROFIT_YOY":22.294523056749,"HOLDER_PROFIT":186973856.08,"HOLDER_PROFIT_YOY":81.6403485987,"GROSS_PROFIT_RATIO":33.139219342245,"EPS_TTM":0.191418853071,"OPERATE_INCOME_QOQ":5.820982181438,"NET_PROFIT_RATIO":11.0951355515,"ROE_AVG":11.439953584914,"GROSS_PROFIT_QOQ":15.132431266008,"ROA":9.313666168749,"HOLDER_PROFIT_QOQ":93.582391885354,"ROE_YEARLY":11.439953584914,"ROIC_YEARLY":11.15438317327,"TOTAL_ASSETS":1971874583.22,"TOTAL_LIABILITIES":330982522.18,"TAX_EBT":21.595948270863,"OCF_SALES":15.529392841199,"TOTAL_PARENT_EQUITY":1640892061.04,"DEBT_ASSET_RATIO":16.7851710751,"OPERATE_PROFIT":241294151.74,"PRETAX_PROFIT":238474736.9,"NETCASH_OPERATE":261699413.1,"NETCASH_INVEST":-5744857.38,"NETCASH_FINANCE":-155491005.02,"END_CASH":372346232.9,"DIVI_RATIO":0.285403444455,"DIVIDEND_RATE":11.764705882353,"CURRENT_RATIO":3.309332051372,"COMMON_ACS":3000000000,"CURRENTDEBT_DEBT":91.551877345115,"ISSUED_COMMON_SHARES":965430000,"HK_COMMON_SHARES":965430000,"PER_SHARES":1000,"TOTAL_MARKET_CAP":492369300,"HKSK_MARKET_CAP":492369300,"PE_TTM":4.832456226445,"PB_TTM":0.272720490041,"REPORT_DATE_SQ":"2021-12-31 00:00:00","REPORT_TYPE_SQ":"2021年年报","OPERATE_INCOME_SQ":1578573841.25,"DPS_HKD":0.06,"OPERATE_INCOME_QOQ_SQ":16.701727676321,"NET_PROFIT_RATIO_SQ":6.0411457981,"HOLDER_PROFIT_SQ":95479397.93,"HOLDER_PROFIT_QOQ_SQ":63.484863404158,"ROE_AVG_SQ":6.365189406424,"PE_TTM_SQ":3.951295390442,"PB_TTM_SQ":0.450236157029,"ROA_SQ":4.923712211449,"START_DATE":"2022-07-01 00:00:00","FISCAL_YEAR":"6-30","CURRENCY":"HKD","IS_CNY_CODE":0,"DPS_HKD_LY":0.06,"ORG_TYPE":"一般企业","PREMIUM_INCOME":null,"PREMIUM_INCOME_YOY":null,"NET_INTEREST_INCOME":null,"NET_INTEREST_INCOME_YOY":null,"FEE_COMMISSION_INCOME":null,"FEE_COMMISSION_INCOME_YOY":null,"ACCOUNTS_RECE_TDAYS":4.780384592751,"INVENTORY_TDAYS":4.876989384628,"CURRENT_ASSETS_TDAYS":1.660434332932,"TOTAL_ASSETS_TDAYS":0.839436897863,"PREMIUM_EXPENSE":null,"LOAN_DEPOSIT":null,"LOAN_EQUITY":null,"LOAN_ASSETS":null,"DEPOSIT_EQUITY":null,"DEPOSIT_ASSETS":null,"EQUITY_MULTIPLIER":1.201708893619,"EQUITY_RATIO":0.201708893619},{"SECUCODE":"01023.HK","SECURITY_CODE":"01023","SECURITY_NAME_ABBR":"时代集团控股","ORG_CODE":"10181408","STD_REPORT_DATE":"2022-06-30 00:00:00","REPORT_DATE":"2022-12-31 00:00:00","DATE_TYPE_CODE":"002","REPORT_TYPE":"2022年中报","PER_NETCASH_OPERATE":0.152080644708,"PER_OI":0.88499450941,"BPS":1.634329819438,"BASIC_EPS":0.098438354,"DILUTED_EPS":0.098170373,"OPERATE_INCOME":854400249.22,"OPERATE_INCOME_YOY":2.5588073196,"GROSS_PROFIT":280643995.52,"GROSS_PROFIT_YOY":32.666017035995,"HOLDER_PROFIT":94778626.81,"HOLDER_PROFIT_YOY":1494.3350864012,"GROSS_PROFIT_RATIO":32.8469000069,"EPS_TTM":0.098882367971,"OPERATE_INCOME_QOQ":14.089203216953,"NET_PROFIT_RATIO":11.0930008385,"ROE_AVG":6.008088890021,"GROSS_PROFIT_QOQ":11.126941003649,"ROA":4.863471411985,"HOLDER_PROFIT_QOQ":309.117339518907,"ROE_YEARLY":12.016177780043,"ROIC_YEARLY":11.457981524662,"TOTAL_ASSETS":1918025770.92,"TOTAL_LIABILITIES":340194733.34,"TAX_EBT":22.660378596264,"OCF_SALES":17.184360252006,"TOTAL_PARENT_EQUITY":1577831037.58,"DEBT_ASSET_RATIO":17.7367133694,"OPERATE_PROFIT":124695132.38,"PRETAX_PROFIT":122548604.57,"NETCASH_OPERATE":146823216.82,"NETCASH_INVEST":-6062623.49,"NETCASH_FINANCE":-103772962.44,"END_CASH":307647547.62,"DIVI_RATIO":0.552490814299,"DIVIDEND_RATE":11.764705882353,"CURRENT_RATIO":3.093315525138,"COMMON_ACS":3000000000,"CURRENTDEBT_DEBT":90.23742129282,"ISSUED_COMMON_SHARES":965430000,"HK_COMMON_SHARES":965430000,"PER_SHARES":1000,"TOTAL_MARKET_CAP":492369300,"HKSK_MARKET_CAP":492369300,"PE_TTM":4.832456226445,"PB_TTM":0.272720490041,"REPORT_DATE_SQ":"2021-06-30 00:00:00","REPORT_TYPE_SQ":"2021年中报","OPERATE_INCOME_SQ":762511747.2,"DPS_HKD":0.06,"OPERATE_INCOME_QOQ_SQ":-4.238870531671,"NET_PROFIT_RATIO_SQ":0.7010342883,"HOLDER_PROFIT_SQ":5441128,"HOLDER_PROFIT_QOQ_SQ":47.127403237088,"ROE_AVG_SQ":0.380377222177,"PE_TTM_SQ":3.951295390442,"PB_TTM_SQ":0.450236157029,"ROA_SQ":0.284705456056,"START_DATE":"2022-07-01 00:00:00","FISCAL_YEAR":"6-30","CURRENCY":"HKD","IS_CNY_CODE":0,"DPS_HKD_LY":0.06,"ORG_TYPE":"一般企业","PREMIUM_INCOME":null,"PREMIUM_INCOME_YOY":null,"NET_INTEREST_INCOME":null,"NET_INTEREST_INCOME_YOY":null,"FEE_COMMISSION_INCOME":null,"FEE_COMMISSION_INCOME_YOY":null,"ACCOUNTS_RECE_TDAYS":2.619411589115,"INVENTORY_TDAYS":2.380910017607,"CURRENT_ASSETS_TDAYS":0.878726200434,"TOTAL_ASSETS_TDAYS":0.438427030052,"PREMIUM_EXPENSE":null,"LOAN_DEPOSIT":null,"LOAN_EQUITY":null,"LOAN_ASSETS":null,"DEPOSIT_EQUITY":null,"DEPOSIT_ASSETS":null,"EQUITY_MULTIPLIER":1.215609102139,"EQUITY_RATIO":0.215609102139},{"SECUCODE":"01023.HK","SECURITY_CODE":"01023","SECURITY_NAME_ABBR":"时代集团控股","ORG_CODE":"10181408","STD_REPORT_DATE":"2021-12-31 00:00:00","REPORT_DATE":"2022-06-30 00:00:00","DATE_TYPE_CODE":"001","REPORT_TYPE":"2021年年报","PER_NETCASH_OPERATE":-0.026552230871,"PER_OI":1.635099221331,"BPS":1.563933927721,"BASIC_EPS":0.09920204,"DILUTED_EPS":0.098859964,"OPERATE_INCOME":1578573841.25,"OPERATE_INCOME_YOY":40.4330896763,"GROSS_PROFIT":456650080.25,"GROSS_PROFIT_YOY":67.44893126414,"HOLDER_PROFIT":95479397.93,"HOLDER_PROFIT_YOY":174.2960019701,"GROSS_PROFIT_RATIO":28.928015168958,"EPS_TTM":-0.047285590089,"OPERATE_INCOME_QOQ":16.701727676321,"NET_PROFIT_RATIO":6.0411457981,"ROE_AVG":6.365189406424,"GROSS_PROFIT_QOQ":21.507079947293,"ROA":4.923712211449,"HOLDER_PROFIT_QOQ":63.484863404158,"ROE_YEARLY":6.365189406424,"ROIC_YEARLY":5.977531711912,"TOTAL_ASSETS":1895255829.39,"TOTAL_LIABILITIES":385288750.7,"TAX_EBT":18.574406453883,"OCF_SALES":-1.623891108553,"TOTAL_PARENT_EQUITY":1509967078.69,"DEBT_ASSET_RATIO":20.3301706718,"OPERATE_PROFIT":162686214.46,"PRETAX_PROFIT":157949317.05,"NETCASH_OPERATE":-25634320.25,"NETCASH_INVEST":27034266.28,"NETCASH_FINANCE":-134085240.1,"END_CASH":269199273.77,"DIVI_RATIO":-1.155354091949,"DIVIDEND_RATE":11.764705882353,"CURRENT_RATIO":2.656725957938,"COMMON_ACS":3000000000,"CURRENTDEBT_DEBT":93.065056710985,"ISSUED_COMMON_SHARES":965430000,"HK_COMMON_SHARES":965430000,"PER_SHARES":1000,"TOTAL_MARKET_CAP":492369300,"HKSK_MARKET_CAP":492369300,"PE_TTM":4.832456226445,"PB_TTM":0.272720490041,"REPORT_DATE_SQ":"2020-12-31 00:00:00","REPORT_TYPE_SQ":"2020年年报","OPERATE_INCOME_SQ":1093699265.28,"DPS_HKD":0.06,"OPERATE_INCOME_QOQ_SQ":-25.069314595609,"NET_PROFIT_RATIO_SQ":-10.7840034136,"HOLDER_PROFIT_SQ":-125019187.92,"HOLDER_PROFIT_QOQ_SQ":-94.876749021987,"ROE_AVG_SQ":-8.354105215165,"PE_TTM_SQ":3.951295390442,"PB_TTM_SQ":0.450236157029,"ROA_SQ":-6.299006280602,"START_DATE":"2021-07-01 00:00:00","FISCAL_YEAR":"6-30","CURRENCY":"HKD","IS_CNY_CODE":0,"DPS_HKD_LY":0.03,"ORG_TYPE":"一般企业","PREMIUM_INCOME":null,"PREMIUM_INCOME_YOY":null,"NET_INTEREST_INCOME":null,"NET_INTEREST_INCOME_YOY":null,"FEE_COMMISSION_INCOME":null,"FEE_COMMISSION_INCOME_YOY":null,"ACCOUNTS_RECE_TDAYS":6.025713847349,"INVENTORY_TDAYS":4.582720568971,"CURRENT_ASSETS_TDAYS":1.664488227637,"TOTAL_ASSETS_TDAYS":0.814175284049,"PREMIUM_EXPENSE":null,"LOAN_DEPOSIT":null,"LOAN_EQUITY":null,"LOAN_ASSETS":null,"DEPOSIT_EQUITY":null,"DEPOSIT_ASSETS":null,"EQUITY_MULTIPLIER":1.255180296522,"EQUITY_RATIO":0.255163676174},{"SECUCODE":"01023.HK","SECURITY_CODE":"01023","SECURITY_NAME_ABBR":"时代集团控股","ORG_CODE":"10181408","STD_REPORT_DATE":"2021-06-30 00:00:00","REPORT_DATE":"2021-12-31 00:00:00","DATE_TYPE_CODE":"002","REPORT_TYPE":"2021年中报","PER_NETCASH_OPERATE":-0.068817186124,"PER_OI":0.789815675088,"BPS":1.488139892069,"BASIC_EPS":0.00564144,"DILUTED_EPS":0.00564144,"OPERATE_INCOME":762511747.2,"OPERATE_INCOME_YOY":39.0505839361,"GROSS_PROFIT":211541736,"GROSS_PROFIT_YOY":52.400305252958,"HOLDER_PROFIT":5441128,"HOLDER_PROFIT_YOY":107.5765338069,"GROSS_PROFIT_RATIO":27.742751082432,"EPS_TTM":-0.129495859793,"OPERATE_INCOME_QOQ":-4.238870531671,"NET_PROFIT_RATIO":0.7010342883,"ROE_AVG":0.380377222177,"GROSS_PROFIT_QOQ":20.633577812248,"ROA":0.284705456056,"HOLDER_PROFIT_QOQ":47.127403237088,"ROE_YEARLY":0.760754444355,"ROIC_YEARLY":0.690601643227,"TOTAL_ASSETS":1926862448,"TOTAL_LIABILITIES":484714160,"TAX_EBT":19.380256913012,"OCF_SALES":-8.713069174864,"TOTAL_PARENT_EQUITY":1436694896,"DEBT_ASSET_RATIO":25.1556181658,"OPERATE_PROFIT":46628545.6,"PRETAX_PROFIT":44617249.6,"NETCASH_OPERATE":-66438176,"NETCASH_INVEST":-739110.4,"NETCASH_FINANCE":-45936038.4,"END_CASH":281990240,"DIVI_RATIO":-0.421879124841,"DIVIDEND_RATE":11.764705882353,"CURRENT_RATIO":2.155452203122,"COMMON_ACS":3000000000,"CURRENTDEBT_DEBT":95.710888082989,"ISSUED_COMMON_SHARES":965430000,"HK_COMMON_SHARES":965430000,"PER_SHARES":1000,"TOTAL_MARKET_CAP":492369300,"HKSK_MARKET_CAP":492369300,"PE_TTM":4.832456226445,"PB_TTM":0.272720490041,"REPORT_DATE_SQ":"2020-06-30 00:00:00","REPORT_TYPE_SQ":"2020年中报","OPERATE_INCOME_SQ":564493839.48,"DPS_HKD":0.06,"OPERATE_INCOME_QOQ_SQ":-19.493551409219,"NET_PROFIT_RATIO_SQ":-12.2973244847,"HOLDER_PROFIT_SQ":-73927132.68,"HOLDER_PROFIT_QOQ_SQ":-337.713494973323,"ROE_AVG_SQ":-4.80070832542,"PE_TTM_SQ":3.951295390442,"PB_TTM_SQ":0.450236157029,"ROA_SQ":-3.630366923847,"START_DATE":"2021-07-01 00:00:00","FISCAL_YEAR":"6-30","CURRENCY":"HKD","IS_CNY_CODE":0,"DPS_HKD_LY":0.03,"ORG_TYPE":"一般企业","PREMIUM_INCOME":null,"PREMIUM_INCOME_YOY":null,"NET_INTEREST_INCOME":null,"NET_INTEREST_INCOME_YOY":null,"FEE_COMMISSION_INCOME":null,"FEE_COMMISSION_INCOME_YOY":null,"ACCOUNTS_RECE_TDAYS":3.162379222241,"INVENTORY_TDAYS":2.431532230421,"CURRENT_ASSETS_TDAYS":0.801541164175,"TOTAL_ASSETS_TDAYS":0.39898207639,"PREMIUM_EXPENSE":null,"LOAN_DEPOSIT":null,"LOAN_EQUITY":null,"LOAN_ASSETS":null,"DEPOSIT_EQUITY":null,"DEPOSIT_ASSETS":null,"EQUITY_MULTIPLIER":1.336105630768,"EQUITY_RATIO":0.337381417133},{"SECUCODE":"01023.HK","SECURITY_CODE":"01023","SECURITY_NAME_ABBR":"时代集团控股","ORG_CODE":"10181408","STD_REPORT_DATE":"2020-12-31 00:00:00","REPORT_DATE":"2021-06-30 00:00:00","DATE_TYPE_CODE":"001","REPORT_TYPE":"2020年年报","PER_NETCASH_OPERATE":0.097833157205,"PER_OI":1.132862315528,"BPS":1.501341466331,"BASIC_EPS":-0.129887688,"DILUTED_EPS":-0.129887688,"OPERATE_INCOME":1093699265.28,"OPERATE_INCOME_YOY":-21.2294446674,"GROSS_PROFIT":272710059.6,"GROSS_PROFIT_YOY":-31.997487878482,"HOLDER_PROFIT":-125019187.92,"HOLDER_PROFIT_YOY":-13.1111997772,"GROSS_PROFIT_RATIO":28.524597527229,"EPS_TTM":-0.244920559461,"OPERATE_INCOME_QOQ":-25.069314595609,"NET_PROFIT_RATIO":-10.7840034136,"ROE_AVG":-8.354105215165,"GROSS_PROFIT_QOQ":-30.093399333132,"ROA":-6.299006280602,"HOLDER_PROFIT_QOQ":-94.876749021987,"ROE_YEARLY":-8.354105215165,"ROIC_YEARLY":-7.927278540569,"TOTAL_ASSETS":1928991926.16,"TOTAL_LIABILITIES":473904507.36,"TAX_EBT":-1.473755947962,"OCF_SALES":7.966430833776,"TOTAL_PARENT_EQUITY":1449440091.84,"DEBT_ASSET_RATIO":24.56746972,"OPERATE_PROFIT":-63780596.16,"PRETAX_PROFIT":-68372845.68,"NETCASH_OPERATE":94451064.96,"NETCASH_INVEST":-11692388.16,"NETCASH_FINANCE":-148566219.84,"END_CASH":397584465.6,"DIVI_RATIO":-0.223058448504,"DIVIDEND_RATE":11.764705882353,"CURRENT_RATIO":2.13557345053,"COMMON_ACS":3000000000,"CURRENTDEBT_DEBT":90.768898518459,"ISSUED_COMMON_SHARES":965430000,"HK_COMMON_SHARES":965430000,"PER_SHARES":1000,"TOTAL_MARKET_CAP":492369300,"HKSK_MARKET_CAP":492369300,"PE_TTM":4.832456226445,"PB_TTM":0.272720490041,"REPORT_DATE_SQ":"2019-12-31 00:00:00","REPORT_TYPE_SQ":"2019年年报","OPERATE_INCOME_SQ":1652319789.12,"DPS_HKD":0.06,"OPERATE_INCOME_QOQ_SQ":-4.434231255955,"NET_PROFIT_RATIO_SQ":-8.3020159235,"HOLDER_PROFIT_SQ":-121334975.52,"HOLDER_PROFIT_QOQ_SQ":-53.789010742212,"ROE_AVG_SQ":-6.77656981079,"PE_TTM_SQ":3.951295390442,"PB_TTM_SQ":0.450236157029,"ROA_SQ":-5.225172386868,"START_DATE":"2020-07-01 00:00:00","FISCAL_YEAR":"6-30","CURRENCY":"HKD","IS_CNY_CODE":0,"DPS_HKD_LY":0.05,"ORG_TYPE":"一般企业","PREMIUM_INCOME":null,"PREMIUM_INCOME_YOY":null,"NET_INTEREST_INCOME":null,"NET_INTEREST_INCOME_YOY":null,"FEE_COMMISSION_INCOME":null,"FEE_COMMISSION_INCOME_YOY":null,"ACCOUNTS_RECE_TDAYS":5.248678262814,"INVENTORY_TDAYS":3.59926773326,"CURRENT_ASSETS_TDAYS":1.248559324967,"TOTAL_ASSETS_TDAYS":0.597363161825,"PREMIUM_EXPENSE":null,"LOAN_DEPOSIT":null,"LOAN_EQUITY":null,"LOAN_ASSETS":null,"DEPOSIT_EQUITY":null,"DEPOSIT_ASSETS":null,"EQUITY_MULTIPLIER":1.325687997324,"EQUITY_RATIO":0.32695694705},{"SECUCODE":"01023.HK","SECURITY_CODE":"01023","SECURITY_NAME_ABBR":"时代集团控股","ORG_CODE":"10181408","STD_REPORT_DATE":"2020-06-30 00:00:00","REPORT_DATE":"2020-12-31 00:00:00","DATE_TYPE_CODE":"002","REPORT_TYPE":"2020年中报","PER_NETCASH_OPERATE":0.024417611593,"PER_OI":0.584707166216,"BPS":1.572924321515,"BASIC_EPS":-0.076841732,"DILUTED_EPS":null,"OPERATE_INCOME":564493839.48,"OPERATE_INCOME_YOY":-36.4044177102,"GROSS_PROFIT":138806635.36,"GROSS_PROFIT_YOY":-53.744980031701,"HOLDER_PROFIT":-73927132.68,"HOLDER_PROFIT_YOY":-291.016440501,"GROSS_PROFIT_RATIO":29.173914650119,"EPS_TTM":-0.125679723564,"OPERATE_INCOME_QOQ":-19.493551409219,"NET_PROFIT_RATIO":-12.2973244847,"ROE_AVG":-4.80070832542,"GROSS_PROFIT_QOQ":-32.800501182376,"ROA":-3.630366923847,"HOLDER_PROFIT_QOQ":-337.713494973323,"ROE_YEARLY":-9.60141665084,"ROIC_YEARLY":-9.069846866245,"TOTAL_ASSETS":2008767437.2,"TOTAL_LIABILITIES":483334494.28,"TAX_EBT":12.087015635622,"OCF_SALES":3.833367776937,"TOTAL_PARENT_EQUITY":1518548327.72,"DEBT_ASSET_RATIO":24.0612469781,"OPERATE_PROFIT":-49217423.92,"PRETAX_PROFIT":-49522097.6,"NETCASH_OPERATE":23573494.76,"NETCASH_INVEST":-5423528.16,"NETCASH_FINANCE":-96186827.4,"END_CASH":388635686.4,"DIVI_RATIO":-0.434689052863,"DIVIDEND_RATE":11.764705882353,"CURRENT_RATIO":2.277253951324,"COMMON_ACS":3000000000,"CURRENTDEBT_DEBT":89.791163497755,"ISSUED_COMMON_SHARES":965430000,"HK_COMMON_SHARES":965430000,"PER_SHARES":1000,"TOTAL_MARKET_CAP":492369300,"HKSK_MARKET_CAP":492369300,"PE_TTM":4.832456226445,"PB_TTM":0.272720490041,"REPORT_DATE_SQ":"2019-06-30 00:00:00","REPORT_TYPE_SQ":"2019年中报","OPERATE_INCOME_SQ":1029180453.38,"DPS_HKD":0.06,"OPERATE_INCOME_QOQ_SQ":2.335208443218,"NET_PROFIT_RATIO_SQ":3.6724892312,"HOLDER_PROFIT_SQ":41191547.52,"HOLDER_PROFIT_QOQ_SQ":-43.66008853729,"ROE_AVG_SQ":2.22324075632,"PE_TTM_SQ":3.951295390442,"PB_TTM_SQ":0.450236157029,"ROA_SQ":1.706328804856,"START_DATE":"2020-07-01 00:00:00","FISCAL_YEAR":"6-30","CURRENCY":"HKD","IS_CNY_CODE":0,"DPS_HKD_LY":0.05,"ORG_TYPE":"一般企业","PREMIUM_INCOME":null,"PREMIUM_INCOME_YOY":null,"NET_INTEREST_INCOME":null,"NET_INTEREST_INCOME_YOY":null,"FEE_COMMISSION_INCOME":null,"FEE_COMMISSION_INCOME_YOY":null,"ACCOUNTS_RECE_TDAYS":2.276538692608,"INVENTORY_TDAYS":1.860513609612,"CURRENT_ASSETS_TDAYS":0.621131967686,"TOTAL_ASSETS_TDAYS":0.30198831787,"PREMIUM_EXPENSE":null,"LOAN_DEPOSIT":null,"LOAN_EQUITY":null,"LOAN_ASSETS":null,"DEPOSIT_EQUITY":null,"DEPOSIT_ASSETS":null,"EQUITY_MULTIPLIER":1.316850699025,"EQUITY_RATIO":0.318287199332},{"SECUCODE":"01023.HK","SECURITY_CODE":"01023","SECURITY_NAME_ABBR":"时代集团控股","ORG_CODE":"10181408","STD_REPORT_DATE":"2019-12-31 00:00:00","REPORT_DATE":"2020-06-30 00:00:00","DATE_TYPE_CODE":"001","REPORT_TYPE":"2019年年报","PER_NETCASH_OPERATE":0.186492462509,"PER_OI":1.711485855132,"BPS":1.755163847488,"BASIC_EPS":-0.126420096,"DILUTED_EPS":-0.125963376,"OPERATE_INCOME":1652319789.12,"OPERATE_INCOME_YOY":-25.9085925075,"GROSS_PROFIT":401029390.08,"GROSS_PROFIT_YOY":-34.431763897806,"HOLDER_PROFIT":-121334975.52,"HOLDER_PROFIT_YOY":-205.7873946769,"GROSS_PROFIT_RATIO":24.270688562871,"EPS_TTM":0.052870251888,"OPERATE_INCOME_QOQ":-4.434231255955,"NET_PROFIT_RATIO":-8.3020159235,"ROE_AVG":-6.77656981079,"GROSS_PROFIT_QOQ":-2.427492383324,"ROA":-5.225172386868,"HOLDER_PROFIT_QOQ":-53.789010742212,"ROE_YEARLY":-6.77656981079,"ROIC_YEARLY":-6.344253596293,"TOTAL_ASSETS":2240015210.4,"TOTAL_LIABILITIES":566125449.12,"TAX_EBT":-22.601845048575,"OCF_SALES":10.896523739868,"TOTAL_PARENT_EQUITY":1694487833.28,"DEBT_ASSET_RATIO":25.2732859354,"OPERATE_PROFIT":-35516374.08,"PRETAX_PROFIT":-111887265.6,"NETCASH_OPERATE":180045418.08,"NETCASH_INVEST":-19041570.24,"NETCASH_FINANCE":-47171868.48,"END_CASH":472999327.68,"DIVI_RATIO":1.033314539828,"DIVIDEND_RATE":11.764705882353,"CURRENT_RATIO":2.266080027076,"COMMON_ACS":3000000000,"CURRENTDEBT_DEBT":83.905558970785,"ISSUED_COMMON_SHARES":965430000,"HK_COMMON_SHARES":965430000,"PER_SHARES":1000,"TOTAL_MARKET_CAP":492369300,"HKSK_MARKET_CAP":492369300,"PE_TTM":4.832456226445,"PB_TTM":0.272720490041,"REPORT_DATE_SQ":"2018-12-31 00:00:00","REPORT_TYPE_SQ":"2018年年报","OPERATE_INCOME_SQ":2147637990.06,"DPS_HKD":0.06,"OPERATE_INCOME_QOQ_SQ":7.953326277952,"NET_PROFIT_RATIO_SQ":4.6198126434,"HOLDER_PROFIT_SQ":110455387.56,"HOLDER_PROFIT_QOQ_SQ":-9.40419597136,"ROE_AVG_SQ":5.884647946763,"PE_TTM_SQ":3.951295390442,"PB_TTM_SQ":0.450236157029,"ROA_SQ":4.840489476698,"START_DATE":"2019-07-01 00:00:00","FISCAL_YEAR":"6-30","CURRENCY":"HKD","IS_CNY_CODE":0,"DPS_HKD_LY":0.04,"ORG_TYPE":"一般企业","PREMIUM_INCOME":null,"PREMIUM_INCOME_YOY":null,"NET_INTEREST_INCOME":null,"NET_INTEREST_INCOME_YOY":null,"FEE_COMMISSION_INCOME":null,"FEE_COMMISSION_INCOME_YOY":null,"ACCOUNTS_RECE_TDAYS":4.780619559889,"INVENTORY_TDAYS":4.065668452372,"CURRENT_ASSETS_TDAYS":1.405230174766,"TOTAL_ASSETS_TDAYS":0.711555402668,"PREMIUM_EXPENSE":null,"LOAN_DEPOSIT":null,"LOAN_EQUITY":null,"LOAN_ASSETS":null,"DEPOSIT_EQUITY":null,"DEPOSIT_ASSETS":null,"EQUITY_MULTIPLIER":1.338209517865,"EQUITY_RATIO":0.334098267336}],"count":30},"success":true,"message":"ok","code":0}