{"version":"7e81469dc2e944db0bc78b7b269957ab","result":{"pages":3,"data":[{"SECUCODE":"01025.HK","SECURITY_CODE":"01025","SECURITY_NAME_ABBR":"嘉艺控股","ORG_CODE":"10932193","STD_REPORT_DATE":"2024-06-30 00:00:00","REPORT_DATE":"2024-09-30 00:00:00","DATE_TYPE_CODE":"002","REPORT_TYPE":"2024年中报","PER_NETCASH_OPERATE":-0.000292235448,"PER_OI":0.043038895264,"BPS":0.163044450117,"BASIC_EPS":-0.01082148,"DILUTED_EPS":-0.01082148,"OPERATE_INCOME":36257368.74,"OPERATE_INCOME_YOY":78.9478369236,"GROSS_PROFIT":4786701.32,"GROSS_PROFIT_YOY":136.035024911459,"HOLDER_PROFIT":-9192847.26,"HOLDER_PROFIT_YOY":30.487555404,"GROSS_PROFIT_RATIO":13.202009650301,"EPS_TTM":-0.026304428409,"OPERATE_INCOME_QOQ":0,"NET_PROFIT_RATIO":-25.3544247127,"ROE_AVG":-24.538430060419,"GROSS_PROFIT_QOQ":0,"ROA":-9.75796531969,"HOLDER_PROFIT_QOQ":0,"ROE_YEARLY":-49.076860120839,"ROIC_YEARLY":-20.101255589023,"TOTAL_ASSETS":89099557.37,"TOTAL_LIABILITIES":56134623.92,"TAX_EBT":-0.009810654371,"OCF_SALES":-0.679003133861,"TOTAL_PARENT_EQUITY":32964933.45,"DEBT_ASSET_RATIO":63.0021355627,"OPERATE_PROFIT":-7502892.8,"PRETAX_PROFIT":-9191945.47,"NETCASH_OPERATE":-246188.67,"NETCASH_INVEST":-27955.49,"NETCASH_FINANCE":-2150769.15,"END_CASH":-3724392.7,"DIVI_RATIO":null,"DIVIDEND_RATE":null,"CURRENT_RATIO":1.021013381656,"COMMON_ACS":500000000,"CURRENTDEBT_DEBT":92.19894615088,"ISSUED_COMMON_SHARES":202183720,"HK_COMMON_SHARES":202183720,"PER_SHARES":8000,"TOTAL_MARKET_CAP":66720627.6,"HKSK_MARKET_CAP":66720627.6,"PE_TTM":-3.340541110499,"PB_TTM":1.825212080427,"REPORT_DATE_SQ":"2023-06-30 00:00:00","REPORT_TYPE_SQ":"2023年中报","OPERATE_INCOME_SQ":20617310.84,"DPS_HKD":null,"OPERATE_INCOME_QOQ_SQ":0,"NET_PROFIT_RATIO_SQ":-65.2706070856,"HOLDER_PROFIT_SQ":-13457043.95,"HOLDER_PROFIT_QOQ_SQ":0,"ROE_AVG_SQ":-22.506138735421,"PE_TTM_SQ":-8.332516883969,"PB_TTM_SQ":4.011792247649,"ROA_SQ":-13.080260980864,"START_DATE":"2024-04-01 00:00:00","FISCAL_YEAR":"3-31","CURRENCY":"HKD","IS_CNY_CODE":0,"DPS_HKD_LY":null,"ORG_TYPE":"一般企业","PREMIUM_INCOME":null,"PREMIUM_INCOME_YOY":null,"NET_INTEREST_INCOME":null,"NET_INTEREST_INCOME_YOY":null,"FEE_COMMISSION_INCOME":null,"FEE_COMMISSION_INCOME_YOY":null,"ACCOUNTS_RECE_TDAYS":4.853745397477,"INVENTORY_TDAYS":4.479558436557,"CURRENT_ASSETS_TDAYS":0.629265887766,"TOTAL_ASSETS_TDAYS":0.384862422644,"PREMIUM_EXPENSE":null,"LOAN_DEPOSIT":null,"LOAN_EQUITY":null,"LOAN_ASSETS":null,"DEPOSIT_EQUITY":null,"DEPOSIT_ASSETS":null,"EQUITY_MULTIPLIER":2.70285870606,"EQUITY_RATIO":1.702858706059},{"SECUCODE":"01025.HK","SECURITY_CODE":"01025","SECURITY_NAME_ABBR":"嘉艺控股","ORG_CODE":"10932193","STD_REPORT_DATE":"2023-12-31 00:00:00","REPORT_DATE":"2024-03-31 00:00:00","DATE_TYPE_CODE":"001","REPORT_TYPE":"2023年年报","PER_NETCASH_OPERATE":-0.012420459528,"PER_OI":0.058445676474,"BPS":0.834541535787,"BASIC_EPS":-0.02628995,"DILUTED_EPS":-0.02628995,"OPERATE_INCOME":49236543.6,"OPERATE_INCOME_YOY":-24.2161664364,"GROSS_PROFIT":6753797.5,"GROSS_PROFIT_YOY":-12.399106611677,"HOLDER_PROFIT":-22159708.2,"HOLDER_PROFIT_YOY":21.8642117376,"GROSS_PROFIT_RATIO":13.717042274267,"EPS_TTM":-0.029001016754,"OPERATE_INCOME_QOQ":0,"NET_PROFIT_RATIO":-45.0066283694,"ROE_AVG":-41.046480386889,"GROSS_PROFIT_QOQ":0,"ROA":-21.801641098823,"HOLDER_PROFIT_QOQ":0,"ROE_YEARLY":-41.046480386889,"ROIC_YEARLY":-22.565115645756,"TOTAL_ASSETS":99841977.7,"TOTAL_LIABILITIES":57659299.65,"TAX_EBT":-0.004091150841,"OCF_SALES":-21.25128884961,"TOTAL_PARENT_EQUITY":42182678.05,"DEBT_ASSET_RATIO":57.7505584107,"OPERATE_PROFIT":-18948708.1,"PRETAX_PROFIT":-22158801.65,"NETCASH_OPERATE":-10463400.1,"NETCASH_INVEST":48047.15,"NETCASH_FINANCE":11737102.85,"END_CASH":-1309058.2,"DIVI_RATIO":null,"DIVIDEND_RATE":null,"CURRENT_RATIO":1.179532203621,"COMMON_ACS":500000000,"CURRENTDEBT_DEBT":92.225209502696,"ISSUED_COMMON_SHARES":50545930,"HK_COMMON_SHARES":50545930,"PER_SHARES":8000,"TOTAL_MARKET_CAP":16174697.6,"HKSK_MARKET_CAP":16174697.6,"PE_TTM":-0.809828148,"PB_TTM":0.442475655861,"REPORT_DATE_SQ":"2022-12-31 00:00:00","REPORT_TYPE_SQ":"2022年年报","OPERATE_INCOME_SQ":62738008.47,"DPS_HKD":null,"OPERATE_INCOME_QOQ_SQ":0,"NET_PROFIT_RATIO_SQ":-43.6518899912,"HOLDER_PROFIT_SQ":-27386326.44,"HOLDER_PROFIT_QOQ_SQ":0,"ROE_AVG_SQ":-35.409969665414,"PE_TTM_SQ":-11.362523023595,"PB_TTM_SQ":5.470625792249,"ROA_SQ":-24.086014882453,"START_DATE":"2023-04-01 00:00:00","FISCAL_YEAR":"3-31","CURRENCY":"HKD","IS_CNY_CODE":0,"DPS_HKD_LY":null,"ORG_TYPE":"一般企业","PREMIUM_INCOME":null,"PREMIUM_INCOME_YOY":null,"NET_INTEREST_INCOME":null,"NET_INTEREST_INCOME_YOY":null,"FEE_COMMISSION_INCOME":null,"FEE_COMMISSION_INCOME_YOY":null,"ACCOUNTS_RECE_TDAYS":6.410764872521,"INVENTORY_TDAYS":5.948464077177,"CURRENT_ASSETS_TDAYS":0.805433622019,"TOTAL_ASSETS_TDAYS":0.484409561184,"PREMIUM_EXPENSE":null,"LOAN_DEPOSIT":null,"LOAN_EQUITY":null,"LOAN_ASSETS":null,"DEPOSIT_EQUITY":null,"DEPOSIT_ASSETS":null,"EQUITY_MULTIPLIER":2.366895188156,"EQUITY_RATIO":1.366895188154},{"SECUCODE":"01025.HK","SECURITY_CODE":"01025","SECURITY_NAME_ABBR":"嘉艺控股","ORG_CODE":"10932193","STD_REPORT_DATE":"2023-06-30 00:00:00","REPORT_DATE":"2023-09-30 00:00:00","DATE_TYPE_CODE":"002","REPORT_TYPE":"2023年中报","PER_NETCASH_OPERATE":-0.005714269533,"PER_OI":0.024473543247,"BPS":1.048360958241,"BASIC_EPS":-0.01559971,"DILUTED_EPS":-0.01559971,"OPERATE_INCOME":20617310.84,"OPERATE_INCOME_YOY":-39.7543840832,"GROSS_PROFIT":2027962.3,"GROSS_PROFIT_YOY":-36.155188566575,"HOLDER_PROFIT":-13457043.95,"HOLDER_PROFIT_YOY":19.1832910834,"GROSS_PROFIT_RATIO":9.836211500801,"EPS_TTM":-0.032508625868,"OPERATE_INCOME_QOQ":0,"NET_PROFIT_RATIO":-65.2706070856,"ROE_AVG":-22.506138735421,"GROSS_PROFIT_QOQ":0,"ROA":-13.080260980864,"HOLDER_PROFIT_QOQ":0,"ROE_YEARLY":-45.012277470841,"ROIC_YEARLY":-27.097441772374,"TOTAL_ASSETS":101054003.75,"TOTAL_LIABILITIES":48063624.14,"TAX_EBT":-0.129728253448,"OCF_SALES":-23.348762684707,"TOTAL_PARENT_EQUITY":52990379.61,"DEBT_ASSET_RATIO":47.5623155505,"OPERATE_PROFIT":-11419905.35,"PRETAX_PROFIT":-13439608.98,"NETCASH_OPERATE":-4813886.98,"NETCASH_INVEST":62398.84,"NETCASH_FINANCE":6119674.47,"END_CASH":-1286517.26,"DIVI_RATIO":null,"DIVIDEND_RATE":null,"CURRENT_RATIO":1.384342852264,"COMMON_ACS":500000000,"CURRENTDEBT_DEBT":89.453587384016,"ISSUED_COMMON_SHARES":50545930,"HK_COMMON_SHARES":50545930,"PER_SHARES":8000,"TOTAL_MARKET_CAP":16174697.6,"HKSK_MARKET_CAP":16174697.6,"PE_TTM":-0.809828148,"PB_TTM":0.442475655861,"REPORT_DATE_SQ":"2022-06-30 00:00:00","REPORT_TYPE_SQ":"2022年中报","OPERATE_INCOME_SQ":33730185.36,"DPS_HKD":null,"OPERATE_INCOME_QOQ_SQ":0,"NET_PROFIT_RATIO_SQ":-48.6566203679,"HOLDER_PROFIT_SQ":-16411968.24,"HOLDER_PROFIT_QOQ_SQ":0,"ROE_AVG_SQ":-19.135294737952,"PE_TTM_SQ":-11.362523023595,"PB_TTM_SQ":5.470625792249,"ROA_SQ":-13.391437184743,"START_DATE":"2023-04-01 00:00:00","FISCAL_YEAR":"3-31","CURRENCY":"HKD","IS_CNY_CODE":0,"DPS_HKD_LY":null,"ORG_TYPE":"一般企业","PREMIUM_INCOME":null,"PREMIUM_INCOME_YOY":null,"NET_INTEREST_INCOME":null,"NET_INTEREST_INCOME_YOY":null,"FEE_COMMISSION_INCOME":null,"FEE_COMMISSION_INCOME_YOY":null,"ACCOUNTS_RECE_TDAYS":2.863259844527,"INVENTORY_TDAYS":2.82262783893,"CURRENT_ASSETS_TDAYS":0.344239564261,"TOTAL_ASSETS_TDAYS":0.200400479862,"PREMIUM_EXPENSE":null,"LOAN_DEPOSIT":null,"LOAN_EQUITY":null,"LOAN_ASSETS":null,"DEPOSIT_EQUITY":null,"DEPOSIT_ASSETS":null,"EQUITY_MULTIPLIER":1.907025473184,"EQUITY_RATIO":0.907025473185},{"SECUCODE":"01025.HK","SECURITY_CODE":"01025","SECURITY_NAME_ABBR":"嘉艺控股","ORG_CODE":"10932193","STD_REPORT_DATE":"2022-12-31 00:00:00","REPORT_DATE":"2023-03-31 00:00:00","DATE_TYPE_CODE":"001","REPORT_TYPE":"2022年年报","PER_NETCASH_OPERATE":-0.051057371928,"PER_OI":0.074472436072,"BPS":1.25689902095,"BASIC_EPS":-0.03239017,"DILUTED_EPS":-0.03239017,"OPERATE_INCOME":62738008.47,"OPERATE_INCOME_YOY":-10.3916076921,"GROSS_PROFIT":7709735.87,"GROSS_PROFIT_YOY":138.732768686324,"HOLDER_PROFIT":-27386326.44,"HOLDER_PROFIT_YOY":-24.7766432674,"GROSS_PROFIT_RATIO":12.288780052186,"EPS_TTM":-0.036165311607,"OPERATE_INCOME_QOQ":0,"NET_PROFIT_RATIO":-43.6518899912,"ROE_AVG":-35.409969665414,"GROSS_PROFIT_QOQ":0,"ROA":-24.086014882453,"HOLDER_PROFIT_QOQ":0,"ROE_YEARLY":-35.409969665414,"ROIC_YEARLY":-31.570024421257,"TOTAL_ASSETS":99889533.46,"TOTAL_LIABILITIES":36358403.53,"TAX_EBT":-0.472107139416,"OCF_SALES":-68.558750889531,"TOTAL_PARENT_EQUITY":63531129.93,"DEBT_ASSET_RATIO":36.3986118171,"OPERATE_PROFIT":-22892846.91,"PRETAX_PROFIT":-27257641.17,"NETCASH_OPERATE":-43012394.94,"NETCASH_INVEST":-1664154.41,"NETCASH_FINANCE":-3918335.16,"END_CASH":-2457275.87,"DIVI_RATIO":null,"DIVIDEND_RATE":null,"CURRENT_RATIO":1.82405221497,"COMMON_ACS":500000000,"CURRENTDEBT_DEBT":86.690101846724,"ISSUED_COMMON_SHARES":50545930,"HK_COMMON_SHARES":50545930,"PER_SHARES":8000,"TOTAL_MARKET_CAP":16174697.6,"HKSK_MARKET_CAP":16174697.6,"PE_TTM":-0.809828148,"PB_TTM":0.442475655861,"REPORT_DATE_SQ":"2021-12-31 00:00:00","REPORT_TYPE_SQ":"2021年年报","OPERATE_INCOME_SQ":64862957.78,"DPS_HKD":null,"OPERATE_INCOME_QOQ_SQ":0,"NET_PROFIT_RATIO_SQ":-31.3486208707,"HOLDER_PROFIT_SQ":-20333642.72,"HOLDER_PROFIT_QOQ_SQ":0,"ROE_AVG_SQ":-33.66679647111,"PE_TTM_SQ":-11.362523023595,"PB_TTM_SQ":5.470625792249,"ROA_SQ":-20.745435664906,"START_DATE":"2022-04-01 00:00:00","FISCAL_YEAR":"3-31","CURRENCY":"HKD","IS_CNY_CODE":0,"DPS_HKD_LY":null,"ORG_TYPE":"一般企业","PREMIUM_INCOME":null,"PREMIUM_INCOME_YOY":null,"NET_INTEREST_INCOME":null,"NET_INTEREST_INCOME_YOY":null,"FEE_COMMISSION_INCOME":null,"FEE_COMMISSION_INCOME_YOY":null,"ACCOUNTS_RECE_TDAYS":8.198947488846,"INVENTORY_TDAYS":7.947405019281,"CURRENT_ASSETS_TDAYS":0.949099794068,"TOTAL_ASSETS_TDAYS":0.551774846113,"PREMIUM_EXPENSE":null,"LOAN_DEPOSIT":null,"LOAN_EQUITY":null,"LOAN_ASSETS":null,"DEPOSIT_EQUITY":null,"DEPOSIT_ASSETS":null,"EQUITY_MULTIPLIER":1.572292725945,"EQUITY_RATIO":0.572292725945},{"SECUCODE":"01025.HK","SECURITY_CODE":"01025","SECURITY_NAME_ABBR":"嘉艺控股","ORG_CODE":"10932193","STD_REPORT_DATE":"2022-06-30 00:00:00","REPORT_DATE":"2022-09-30 00:00:00","DATE_TYPE_CODE":"002","REPORT_TYPE":"2022年中报","PER_NETCASH_OPERATE":-0.043921187395,"PER_OI":0.04003903111,"BPS":1.530550219968,"BASIC_EPS":-0.01989768,"DILUTED_EPS":-0.01989768,"OPERATE_INCOME":33730185.36,"OPERATE_INCOME_YOY":-0.6341255462,"GROSS_PROFIT":3176393.28,"GROSS_PROFIT_YOY":-25.74639582075,"HOLDER_PROFIT":-16411968.24,"HOLDER_PROFIT_YOY":-140.7589226483,"GROSS_PROFIT_RATIO":9.417064407143,"EPS_TTM":-0.024136818246,"OPERATE_INCOME_QOQ":0,"NET_PROFIT_RATIO":-48.6566203679,"ROE_AVG":-19.135294737952,"GROSS_PROFIT_QOQ":0,"ROA":-13.391437184743,"HOLDER_PROFIT_QOQ":0,"ROE_YEARLY":-38.270589475904,"ROIC_YEARLY":-34.866316325452,"TOTAL_ASSETS":113367936.24,"TOTAL_LIABILITIES":36004851.96,"TAX_EBT":-0.104816020301,"OCF_SALES":-109.695929640157,"TOTAL_PARENT_EQUITY":77363084.28,"DEBT_ASSET_RATIO":31.7592902845,"OPERATE_PROFIT":-14830102.68,"PRETAX_PROFIT":-16394783.88,"NETCASH_OPERATE":-37000640.4,"NETCASH_INVEST":-5209574.4,"NETCASH_FINANCE":-6852037.44,"END_CASH":-1433537.4,"DIVI_RATIO":null,"DIVIDEND_RATE":null,"CURRENT_RATIO":2.060722566255,"COMMON_ACS":500000000,"CURRENTDEBT_DEBT":85.591197970308,"ISSUED_COMMON_SHARES":50545930,"HK_COMMON_SHARES":50545930,"PER_SHARES":8000,"TOTAL_MARKET_CAP":16174697.6,"HKSK_MARKET_CAP":16174697.6,"PE_TTM":-0.809828148,"PB_TTM":0.442475655861,"REPORT_DATE_SQ":"2021-06-30 00:00:00","REPORT_TYPE_SQ":"2021年中报","OPERATE_INCOME_SQ":31266407.92,"DPS_HKD":null,"OPERATE_INCOME_QOQ_SQ":0,"NET_PROFIT_RATIO_SQ":-20.0815304274,"HOLDER_PROFIT_SQ":-6278773.22,"HOLDER_PROFIT_QOQ_SQ":0,"ROE_AVG_SQ":-18.403574742394,"PE_TTM_SQ":-11.362523023595,"PB_TTM_SQ":5.470625792249,"ROA_SQ":-8.091598136259,"START_DATE":"2022-04-01 00:00:00","FISCAL_YEAR":"3-31","CURRENCY":"HKD","IS_CNY_CODE":0,"DPS_HKD_LY":null,"ORG_TYPE":"一般企业","PREMIUM_INCOME":null,"PREMIUM_INCOME_YOY":null,"NET_INTEREST_INCOME":null,"NET_INTEREST_INCOME_YOY":null,"FEE_COMMISSION_INCOME":null,"FEE_COMMISSION_INCOME_YOY":null,"ACCOUNTS_RECE_TDAYS":3.749648099739,"INVENTORY_TDAYS":3.722329348245,"CURRENT_ASSETS_TDAYS":0.479477504002,"TOTAL_ASSETS_TDAYS":0.275223332066,"PREMIUM_EXPENSE":null,"LOAN_DEPOSIT":null,"LOAN_EQUITY":null,"LOAN_ASSETS":null,"DEPOSIT_EQUITY":null,"DEPOSIT_ASSETS":null,"EQUITY_MULTIPLIER":1.465400937606,"EQUITY_RATIO":0.465400937606},{"SECUCODE":"01025.HK","SECURITY_CODE":"01025","SECURITY_NAME_ABBR":"嘉艺控股","ORG_CODE":"10932193","STD_REPORT_DATE":"2021-12-31 00:00:00","REPORT_DATE":"2022-03-31 00:00:00","DATE_TYPE_CODE":"001","REPORT_TYPE":"2021年年报","PER_NETCASH_OPERATE":-0.011241449691,"PER_OI":0.07699483287,"BPS":1.670654674471,"BASIC_EPS":-0.03162939,"DILUTED_EPS":-0.03162939,"OPERATE_INCOME":64862957.78,"OPERATE_INCOME_YOY":27.6258258067,"GROSS_PROFIT":3229441.82,"GROSS_PROFIT_YOY":172.684243788214,"HOLDER_PROFIT":-20333642.72,"HOLDER_PROFIT_YOY":43.9569036815,"GROSS_PROFIT_RATIO":4.978869189027,"EPS_TTM":-0.047436501282,"OPERATE_INCOME_QOQ":0,"NET_PROFIT_RATIO":-31.3486208707,"ROE_AVG":-33.66679647111,"GROSS_PROFIT_QOQ":0,"ROA":-20.745435664906,"HOLDER_PROFIT_QOQ":0,"ROE_YEARLY":-33.66679647111,"ROIC_YEARLY":-28.68108423467,"TOTAL_ASSETS":118134149.63,"TOTAL_LIABILITIES":33689355.4,"TAX_EBT":-0.075839220852,"OCF_SALES":-14.600265072895,"TOTAL_PARENT_EQUITY":84444794.23,"DEBT_ASSET_RATIO":28.5178803128,"OPERATE_PROFIT":-19456129.9,"PRETAX_PROFIT":-20318233.53,"NETCASH_OPERATE":-9470163.77,"NETCASH_INVEST":-6177463.17,"NETCASH_FINANCE":58085347.21,"END_CASH":42787265.58,"DIVI_RATIO":null,"DIVIDEND_RATE":null,"CURRENT_RATIO":2.397157542904,"COMMON_ACS":500000000,"CURRENTDEBT_DEBT":85.707751564757,"ISSUED_COMMON_SHARES":50545930,"HK_COMMON_SHARES":50545930,"PER_SHARES":8000,"TOTAL_MARKET_CAP":16174697.6,"HKSK_MARKET_CAP":16174697.6,"PE_TTM":-0.809828148,"PB_TTM":0.442475655861,"REPORT_DATE_SQ":"2020-12-31 00:00:00","REPORT_TYPE_SQ":"2020年年报","OPERATE_INCOME_SQ":52964049.88,"DPS_HKD":null,"OPERATE_INCOME_QOQ_SQ":0,"NET_PROFIT_RATIO_SQ":-71.3895892509,"HOLDER_PROFIT_SQ":-37810817.66,"HOLDER_PROFIT_QOQ_SQ":0,"ROE_AVG_SQ":-85.785234899329,"PE_TTM_SQ":-11.362523023595,"PB_TTM_SQ":5.470625792249,"ROA_SQ":-39.330095166927,"START_DATE":"2021-04-01 00:00:00","FISCAL_YEAR":"3-31","CURRENCY":"HKD","IS_CNY_CODE":0,"DPS_HKD_LY":null,"ORG_TYPE":"一般企业","PREMIUM_INCOME":null,"PREMIUM_INCOME_YOY":null,"NET_INTEREST_INCOME":null,"NET_INTEREST_INCOME_YOY":null,"FEE_COMMISSION_INCOME":null,"FEE_COMMISSION_INCOME_YOY":null,"ACCOUNTS_RECE_TDAYS":9.778457024086,"INVENTORY_TDAYS":5.846071002731,"CURRENT_ASSETS_TDAYS":1.298966225709,"TOTAL_ASSETS_TDAYS":0.661765496812,"PREMIUM_EXPENSE":null,"LOAN_DEPOSIT":null,"LOAN_EQUITY":null,"LOAN_ASSETS":null,"DEPOSIT_EQUITY":null,"DEPOSIT_ASSETS":null,"EQUITY_MULTIPLIER":1.39895124036,"EQUITY_RATIO":0.39895124036},{"SECUCODE":"01025.HK","SECURITY_CODE":"01025","SECURITY_NAME_ABBR":"嘉艺控股","ORG_CODE":"10932193","STD_REPORT_DATE":"2021-06-30 00:00:00","REPORT_DATE":"2021-09-30 00:00:00","DATE_TYPE_CODE":"002","REPORT_TYPE":"2021年中报","PER_NETCASH_OPERATE":-0.002604914538,"PER_OI":0.060127707538,"BPS":0.611273001407,"BASIC_EPS":-0.01166284,"DILUTED_EPS":null,"OPERATE_INCOME":31266407.92,"OPERATE_INCOME_YOY":-8.69015181,"GROSS_PROFIT":4277763.1,"GROSS_PROFIT_YOY":17.475275440128,"HOLDER_PROFIT":-6278773.22,"HOLDER_PROFIT_YOY":54.2907392807,"GROSS_PROFIT_RATIO":10.652243418949,"EPS_TTM":-0.072713110885,"OPERATE_INCOME_QOQ":0,"NET_PROFIT_RATIO":-20.0815304274,"ROE_AVG":-18.403574742394,"GROSS_PROFIT_QOQ":0,"ROA":-8.091598136259,"HOLDER_PROFIT_QOQ":0,"ROE_YEARLY":-36.807149484788,"ROIC_YEARLY":-17.560680106478,"TOTAL_ASSETS":75178666.64,"TOTAL_LIABILITIES":44281304.3,"TAX_EBT":0.501650165017,"OCF_SALES":-4.332303101354,"TOTAL_PARENT_EQUITY":30897362.34,"DEBT_ASSET_RATIO":58.9014228093,"OPERATE_PROFIT":-5833086.12,"PRETAX_PROFIT":-6310429.5,"NETCASH_OPERATE":-1354555.56,"NETCASH_INVEST":-9996.72,"NETCASH_FINANCE":19160.38,"END_CASH":-946356.16,"DIVI_RATIO":null,"DIVIDEND_RATE":null,"CURRENT_RATIO":0.700531813463,"COMMON_ACS":500000000,"CURRENTDEBT_DEBT":88.791270811777,"ISSUED_COMMON_SHARES":50545930,"HK_COMMON_SHARES":50545930,"PER_SHARES":8000,"TOTAL_MARKET_CAP":16174697.6,"HKSK_MARKET_CAP":16174697.6,"PE_TTM":-0.809828148,"PB_TTM":0.442475655861,"REPORT_DATE_SQ":"2020-06-30 00:00:00","REPORT_TYPE_SQ":"2020年中报","OPERATE_INCOME_SQ":36118906.88,"DPS_HKD":null,"OPERATE_INCOME_QOQ_SQ":0,"NET_PROFIT_RATIO_SQ":-40.1153172441,"HOLDER_PROFIT_SQ":-14489214.08,"HOLDER_PROFIT_QOQ_SQ":0,"ROE_AVG_SQ":-25.547507456327,"PE_TTM_SQ":-11.362523023595,"PB_TTM_SQ":5.470625792249,"ROA_SQ":-12.585677866488,"START_DATE":"2021-04-01 00:00:00","FISCAL_YEAR":"3-31","CURRENCY":"HKD","IS_CNY_CODE":0,"DPS_HKD_LY":null,"ORG_TYPE":"一般企业","PREMIUM_INCOME":null,"PREMIUM_INCOME_YOY":null,"NET_INTEREST_INCOME":null,"NET_INTEREST_INCOME_YOY":null,"FEE_COMMISSION_INCOME":null,"FEE_COMMISSION_INCOME_YOY":null,"ACCOUNTS_RECE_TDAYS":5.74806646757,"INVENTORY_TDAYS":2.050883737998,"CURRENT_ASSETS_TDAYS":1.059358152926,"TOTAL_ASSETS_TDAYS":0.402937324201,"PREMIUM_EXPENSE":null,"LOAN_DEPOSIT":null,"LOAN_EQUITY":null,"LOAN_ASSETS":null,"DEPOSIT_EQUITY":null,"DEPOSIT_ASSETS":null,"EQUITY_MULTIPLIER":2.43317425652,"EQUITY_RATIO":1.433174256518},{"SECUCODE":"01025.HK","SECURITY_CODE":"01025","SECURITY_NAME_ABBR":"嘉艺控股","ORG_CODE":"10932193","STD_REPORT_DATE":"2020-12-31 00:00:00","REPORT_DATE":"2021-03-31 00:00:00","DATE_TYPE_CODE":"001","REPORT_TYPE":"2020年年报","PER_NETCASH_OPERATE":-0.018062471808,"PER_OI":0.101853942077,"BPS":0.749419833011,"BASIC_EPS":-0.06423368,"DILUTED_EPS":null,"OPERATE_INCOME":52964049.88,"OPERATE_INCOME_YOY":-62.8114818793,"GROSS_PROFIT":-4443111.26,"GROSS_PROFIT_YOY":-138.03792358786,"HOLDER_PROFIT":-37810817.66,"HOLDER_PROFIT_YOY":4.9059411202,"GROSS_PROFIT_RATIO":-11.042670666709,"EPS_TTM":-0.084471419942,"OPERATE_INCOME_QOQ":0,"NET_PROFIT_RATIO":-71.3895892509,"ROE_AVG":-85.785234899329,"GROSS_PROFIT_QOQ":0,"ROA":-39.330095166927,"HOLDER_PROFIT_QOQ":0,"ROE_YEARLY":-85.785234899329,"ROIC_YEARLY":-52.516229002078,"TOTAL_ASSETS":81177848.64,"TOTAL_LIABILITIES":43297726.22,"TAX_EBT":-0.280193669865,"OCF_SALES":-17.733699294673,"TOTAL_PARENT_EQUITY":37880122.42,"DEBT_ASSET_RATIO":53.3368732301,"OPERATE_PROFIT":-36344430.36,"PRETAX_PROFIT":-37705170.16,"NETCASH_OPERATE":-9392485.34,"NETCASH_INVEST":-9376426.92,"NETCASH_FINANCE":-8520259.58,"END_CASH":396389.42,"DIVI_RATIO":null,"DIVIDEND_RATE":null,"CURRENT_RATIO":0.837729408636,"COMMON_ACS":500000000,"CURRENTDEBT_DEBT":88.067305627672,"ISSUED_COMMON_SHARES":50545930,"HK_COMMON_SHARES":50545930,"PER_SHARES":8000,"TOTAL_MARKET_CAP":16174697.6,"HKSK_MARKET_CAP":16174697.6,"PE_TTM":-0.809828148,"PB_TTM":0.442475655861,"REPORT_DATE_SQ":"2019-12-31 00:00:00","REPORT_TYPE_SQ":"2019年年报","OPERATE_INCOME_SQ":153966673.3,"DPS_HKD":null,"OPERATE_INCOME_QOQ_SQ":0,"NET_PROFIT_RATIO_SQ":-27.9183901157,"HOLDER_PROFIT_SQ":-42985016.5,"HOLDER_PROFIT_QOQ_SQ":0,"ROE_AVG_SQ":-50.108642396097,"PE_TTM_SQ":-11.362523023595,"PB_TTM_SQ":5.470625792249,"ROA_SQ":-31.114726667262,"START_DATE":"2020-04-01 00:00:00","FISCAL_YEAR":"3-31","CURRENCY":"HKD","IS_CNY_CODE":0,"DPS_HKD_LY":null,"ORG_TYPE":"一般企业","PREMIUM_INCOME":null,"PREMIUM_INCOME_YOY":null,"NET_INTEREST_INCOME":null,"NET_INTEREST_INCOME_YOY":null,"FEE_COMMISSION_INCOME":null,"FEE_COMMISSION_INCOME_YOY":null,"ACCOUNTS_RECE_TDAYS":4.247390538159,"INVENTORY_TDAYS":2.515671884603,"CURRENT_ASSETS_TDAYS":0.785204583472,"TOTAL_ASSETS_TDAYS":0.550921998286,"PREMIUM_EXPENSE":null,"LOAN_DEPOSIT":null,"LOAN_EQUITY":null,"LOAN_ASSETS":null,"DEPOSIT_EQUITY":null,"DEPOSIT_ASSETS":null,"EQUITY_MULTIPLIER":2.143019701468,"EQUITY_RATIO":1.143019701466},{"SECUCODE":"01025.HK","SECURITY_CODE":"01025","SECURITY_NAME_ABBR":"嘉艺控股","ORG_CODE":"10932193","STD_REPORT_DATE":"2020-06-30 00:00:00","REPORT_DATE":"2020-09-30 00:00:00","DATE_TYPE_CODE":"002","REPORT_TYPE":"2020年中报","PER_NETCASH_OPERATE":-0.003690624,"PER_OI":0.069459436308,"BPS":1.210036631634,"BASIC_EPS":-0.02811904,"DILUTED_EPS":null,"OPERATE_INCOME":36118906.88,"OPERATE_INCOME_YOY":-55.6337496087,"GROSS_PROFIT":3641415.68,"GROSS_PROFIT_YOY":-58.8229146031,"HOLDER_PROFIT":-14489214.08,"HOLDER_PROFIT_YOY":-9.7729844884,"GROSS_PROFIT_RATIO":10.08174386921,"EPS_TTM":-0.082663493269,"OPERATE_INCOME_QOQ":0,"NET_PROFIT_RATIO":-40.1153172441,"ROE_AVG":-25.547507456327,"GROSS_PROFIT_QOQ":0,"ROA":-12.585677866488,"HOLDER_PROFIT_QOQ":0,"ROE_YEARLY":-51.095014912655,"ROIC_YEARLY":-37.300999315692,"TOTAL_ASSETS":114744136.32,"TOTAL_LIABILITIES":53581709.44,"TAX_EBT":0.83593937936,"OCF_SALES":-5.313351498638,"TOTAL_PARENT_EQUITY":61162426.88,"DEBT_ASSET_RATIO":46.6966863479,"OPERATE_PROFIT":-13726485.12,"PRETAX_PROFIT":-14611356.16,"NETCASH_OPERATE":-1919124.48,"NETCASH_INVEST":-9393516.8,"NETCASH_FINANCE":2473596.8,"END_CASH":19958367.36,"DIVI_RATIO":null,"DIVIDEND_RATE":null,"CURRENT_RATIO":1.279593595651,"COMMON_ACS":500000000,"CURRENTDEBT_DEBT":98.945504042508,"ISSUED_COMMON_SHARES":50545930,"HK_COMMON_SHARES":50545930,"PER_SHARES":8000,"TOTAL_MARKET_CAP":16174697.6,"HKSK_MARKET_CAP":16174697.6,"PE_TTM":-0.809828148,"PB_TTM":0.442475655861,"REPORT_DATE_SQ":"2019-06-30 00:00:00","REPORT_TYPE_SQ":"2019年中报","OPERATE_INCOME_SQ":83568520.47,"DPS_HKD":null,"OPERATE_INCOME_QOQ_SQ":0,"NET_PROFIT_RATIO_SQ":-16.2131531512,"HOLDER_PROFIT_SQ":-13549092.21,"HOLDER_PROFIT_QOQ_SQ":0,"ROE_AVG_SQ":-13.672545226988,"PE_TTM_SQ":-11.362523023595,"PB_TTM_SQ":5.470625792249,"ROA_SQ":-8.524778098114,"START_DATE":"2020-04-01 00:00:00","FISCAL_YEAR":"3-31","CURRENCY":"HKD","IS_CNY_CODE":0,"DPS_HKD_LY":null,"ORG_TYPE":"一般企业","PREMIUM_INCOME":null,"PREMIUM_INCOME_YOY":null,"NET_INTEREST_INCOME":null,"NET_INTEREST_INCOME_YOY":null,"FEE_COMMISSION_INCOME":null,"FEE_COMMISSION_INCOME_YOY":null,"ACCOUNTS_RECE_TDAYS":3.334874852947,"INVENTORY_TDAYS":1.078698907,"CURRENT_ASSETS_TDAYS":0.413053636478,"TOTAL_ASSETS_TDAYS":0.313737463172,"PREMIUM_EXPENSE":null,"LOAN_DEPOSIT":null,"LOAN_EQUITY":null,"LOAN_ASSETS":null,"DEPOSIT_EQUITY":null,"DEPOSIT_ASSETS":null,"EQUITY_MULTIPLIER":1.876055973793,"EQUITY_RATIO":0.876055973795}],"count":19},"success":true,"message":"ok","code":0}