{"version":"0a1e953d43f2572bdcf31770889aad49","result":{"pages":4,"data":[{"SECUCODE":"01020.HK","SECURITY_CODE":"01020","SECURITY_NAME_ABBR":"赛伯乐国际控股","ORG_CODE":"10149108","STD_REPORT_DATE":"2024-06-30 00:00:00","REPORT_DATE":"2024-06-30 00:00:00","DATE_TYPE_CODE":"002","REPORT_TYPE":"2024年中报","PER_NETCASH_OPERATE":0.005410962481,"PER_OI":0.011194964679,"BPS":0.027435116131,"BASIC_EPS":-0.0045,"DILUTED_EPS":-0.0045,"OPERATE_INCOME":44505000,"OPERATE_INCOME_YOY":30.635787249,"GROSS_PROFIT":9117000,"GROSS_PROFIT_YOY":-28.206945428774,"HOLDER_PROFIT":-22149000,"HOLDER_PROFIT_YOY":-3.9468744134,"GROSS_PROFIT_RATIO":20.485338725986,"EPS_TTM":-0.004629918434,"OPERATE_INCOME_QOQ":9.35684572904,"NET_PROFIT_RATIO":-51.2369396697,"ROE_AVG":-18.17115291531,"GROSS_PROFIT_QOQ":-15.792258178291,"ROA":-5.590323130218,"HOLDER_PROFIT_QOQ":-4.787930543695,"ROE_YEARLY":-36.342305830619,"ROIC_YEARLY":-12.38155930839,"TOTAL_ASSETS":381629000,"TOTAL_LIABILITIES":273781000,"TAX_EBT":null,"OCF_SALES":48.33389506797,"TOTAL_PARENT_EQUITY":111975000,"DEBT_ASSET_RATIO":71.7400931271,"OPERATE_PROFIT":-5753000,"PRETAX_PROFIT":-22803000,"NETCASH_OPERATE":21511000,"NETCASH_INVEST":-4510000,"NETCASH_FINANCE":1944000,"END_CASH":51557000,"DIVI_RATIO":null,"DIVIDEND_RATE":null,"CURRENT_RATIO":1.099932625531,"COMMON_ACS":19066667000,"CURRENTDEBT_DEBT":98.667182894357,"ISSUED_COMMON_SHARES":4081448005,"HK_COMMON_SHARES":4081448005,"PER_SHARES":4000,"TOTAL_MARKET_CAP":306108600.375,"HKSK_MARKET_CAP":306108600.375,"PE_TTM":-14.903287322426,"PB_TTM":2.495014042333,"REPORT_DATE_SQ":"2023-06-30 00:00:00","REPORT_TYPE_SQ":"2023年中报","OPERATE_INCOME_SQ":34068000,"DPS_HKD":null,"OPERATE_INCOME_QOQ_SQ":21.715841236389,"NET_PROFIT_RATIO_SQ":-60.8459551485,"HOLDER_PROFIT_SQ":-21308000,"HOLDER_PROFIT_QOQ_SQ":30.034415403218,"ROE_AVG_SQ":-15.335950741859,"PE_TTM_SQ":19.858854777136,"PB_TTM_SQ":2.414909350912,"ROA_SQ":-6.096308397445,"START_DATE":"2024-01-01 00:00:00","FISCAL_YEAR":"12-31","CURRENCY":"HKD","IS_CNY_CODE":0,"DPS_HKD_LY":null,"ORG_TYPE":"一般企业","PREMIUM_INCOME":null,"PREMIUM_INCOME_YOY":null,"NET_INTEREST_INCOME":null,"NET_INTEREST_INCOME_YOY":null,"FEE_COMMISSION_INCOME":null,"FEE_COMMISSION_INCOME_YOY":null,"ACCOUNTS_RECE_TDAYS":1.313936495284,"INVENTORY_TDAYS":283.104,"CURRENT_ASSETS_TDAYS":0.142215305761,"TOTAL_ASSETS_TDAYS":0.11232892271,"PREMIUM_EXPENSE":null,"LOAN_DEPOSIT":null,"LOAN_EQUITY":null,"LOAN_ASSETS":null,"DEPOSIT_EQUITY":null,"DEPOSIT_ASSETS":null,"EQUITY_MULTIPLIER":3.538582078481,"EQUITY_RATIO":2.44501897745},{"SECUCODE":"01020.HK","SECURITY_CODE":"01020","SECURITY_NAME_ABBR":"赛伯乐国际控股","ORG_CODE":"10149108","STD_REPORT_DATE":"2023-12-31 00:00:00","REPORT_DATE":"2023-12-31 00:00:00","DATE_TYPE_CODE":"001","REPORT_TYPE":"2023年年报","PER_NETCASH_OPERATE":-0.004798955986,"PER_OI":0.028058221327,"BPS":0.032294175949,"BASIC_EPS":-0.0036,"DILUTED_EPS":-0.0036,"OPERATE_INCOME":111544000,"OPERATE_INCOME_YOY":95.8974358974,"GROSS_PROFIT":22682000,"GROSS_PROFIT_YOY":-8.852722523609,"HOLDER_PROFIT":-17565000,"HOLDER_PROFIT_YOY":-263.3801506837,"GROSS_PROFIT_RATIO":20.334576489995,"EPS_TTM":-0.004418369949,"OPERATE_INCOME_QOQ":60.946540653633,"NET_PROFIT_RATIO":-13.0379043248,"ROE_AVG":-12.72245279329,"GROSS_PROFIT_QOQ":-12.245134831895,"ROA":-4.672971786584,"HOLDER_PROFIT_QOQ":-225.643776824034,"ROE_YEARLY":-12.72245279329,"ROIC_YEARLY":-5.161811703339,"TOTAL_ASSETS":410776000,"TOTAL_LIABILITIES":281808000,"TAX_EBT":-0.068808917636,"OCF_SALES":-17.103564512659,"TOTAL_PARENT_EQUITY":131807000,"DEBT_ASSET_RATIO":68.6038132705,"OPERATE_PROFIT":15155000,"PRETAX_PROFIT":-14533000,"NETCASH_OPERATE":-19078000,"NETCASH_INVEST":1185000,"NETCASH_FINANCE":6550000,"END_CASH":32266000,"DIVI_RATIO":null,"DIVIDEND_RATE":null,"CURRENT_RATIO":3.779618537382,"COMMON_ACS":19066667000,"CURRENTDEBT_DEBT":30.86534094135,"ISSUED_COMMON_SHARES":4081448005,"HK_COMMON_SHARES":4081448005,"PER_SHARES":4000,"TOTAL_MARKET_CAP":338760184.415,"HKSK_MARKET_CAP":338760184.415,"PE_TTM":-16.492971303484,"PB_TTM":2.761148873515,"REPORT_DATE_SQ":"2022-12-31 00:00:00","REPORT_TYPE_SQ":"2022年年报","OPERATE_INCOME_SQ":56940000,"DPS_HKD":null,"OPERATE_INCOME_QOQ_SQ":-25.268725473469,"NET_PROFIT_RATIO_SQ":18.9743589744,"HOLDER_PROFIT_SQ":10751000,"HOLDER_PROFIT_QOQ_SQ":104.321436754119,"ROE_AVG_SQ":10.712115022468,"PE_TTM_SQ":19.407517168565,"PB_TTM_SQ":2.360025047482,"ROA_SQ":3.113186375647,"START_DATE":"2023-01-01 00:00:00","FISCAL_YEAR":"12-31","CURRENCY":"HKD","IS_CNY_CODE":0,"DPS_HKD_LY":null,"ORG_TYPE":"一般企业","PREMIUM_INCOME":null,"PREMIUM_INCOME_YOY":null,"NET_INTEREST_INCOME":null,"NET_INTEREST_INCOME_YOY":null,"FEE_COMMISSION_INCOME":null,"FEE_COMMISSION_INCOME_YOY":null,"ACCOUNTS_RECE_TDAYS":4.097718673083,"INVENTORY_TDAYS":280.321766561514,"CURRENT_ASSETS_TDAYS":0.381079926889,"TOTAL_ASSETS_TDAYS":0.296750335874,"PREMIUM_EXPENSE":null,"LOAN_DEPOSIT":null,"LOAN_EQUITY":null,"LOAN_ASSETS":null,"DEPOSIT_EQUITY":null,"DEPOSIT_ASSETS":null,"EQUITY_MULTIPLIER":3.18510017989,"EQUITY_RATIO":2.138035157465},{"SECUCODE":"01020.HK","SECURITY_CODE":"01020","SECURITY_NAME_ABBR":"赛伯乐国际控股","ORG_CODE":"10149108","STD_REPORT_DATE":"2023-06-30 00:00:00","REPORT_DATE":"2023-06-30 00:00:00","DATE_TYPE_CODE":"002","REPORT_TYPE":"2023年中报","PER_NETCASH_OPERATE":-0.002009333285,"PER_OI":0.008569600195,"BPS":0.032724660424,"BASIC_EPS":-0.0043,"DILUTED_EPS":-0.0043,"OPERATE_INCOME":34068000,"OPERATE_INCOME_YOY":56.9736902732,"GROSS_PROFIT":12699000,"GROSS_PROFIT_YOY":8.196302291897,"HOLDER_PROFIT":-21308000,"HOLDER_PROFIT_YOY":13.1597179769,"GROSS_PROFIT_RATIO":37.275449101796,"EPS_TTM":0.003516584793,"OPERATE_INCOME_QOQ":21.715841236389,"NET_PROFIT_RATIO":-60.8459551485,"ROE_AVG":-15.335950741859,"GROSS_PROFIT_QOQ":3.86578259996,"ROA":-6.096308397445,"HOLDER_PROFIT_QOQ":30.034415403218,"ROE_YEARLY":-30.671901483718,"ROIC_YEARLY":-13.659061917064,"TOTAL_ASSETS":358052000,"TOTAL_LIABILITIES":226861000,"TAX_EBT":-0.048264877649,"OCF_SALES":-23.447223200658,"TOTAL_PARENT_EQUITY":133564000,"DEBT_ASSET_RATIO":63.3597913152,"OPERATE_PROFIT":-4699000,"PRETAX_PROFIT":-20719000,"NETCASH_OPERATE":-7988000,"NETCASH_INVEST":22000,"NETCASH_FINANCE":-1841000,"END_CASH":35655000,"DIVI_RATIO":null,"DIVIDEND_RATE":null,"CURRENT_RATIO":6.245933923359,"COMMON_ACS":19066667000,"CURRENTDEBT_DEBT":19.025747043344,"ISSUED_COMMON_SHARES":4081448005,"HK_COMMON_SHARES":4081448005,"PER_SHARES":4000,"TOTAL_MARKET_CAP":338760184.415,"HKSK_MARKET_CAP":338760184.415,"PE_TTM":-16.492971303484,"PB_TTM":2.761148873515,"REPORT_DATE_SQ":"2022-06-30 00:00:00","REPORT_TYPE_SQ":"2022年中报","OPERATE_INCOME_SQ":21703000,"DPS_HKD":null,"OPERATE_INCOME_QOQ_SQ":-39.709757313435,"NET_PROFIT_RATIO_SQ":-110.3902686265,"HOLDER_PROFIT_SQ":-24537000,"HOLDER_PROFIT_QOQ_SQ":3.544067244615,"ROE_AVG_SQ":-54.02424122329,"PE_TTM_SQ":19.407517168565,"PB_TTM_SQ":2.360025047482,"ROA_SQ":-6.936803478438,"START_DATE":"2023-01-01 00:00:00","FISCAL_YEAR":"12-31","CURRENCY":"HKD","IS_CNY_CODE":0,"DPS_HKD_LY":null,"ORG_TYPE":"一般企业","PREMIUM_INCOME":null,"PREMIUM_INCOME_YOY":null,"NET_INTEREST_INCOME":null,"NET_INTEREST_INCOME_YOY":null,"FEE_COMMISSION_INCOME":null,"FEE_COMMISSION_INCOME_YOY":null,"ACCOUNTS_RECE_TDAYS":10.17714712472,"INVENTORY_TDAYS":37.002597402597,"CURRENT_ASSETS_TDAYS":0.129476552613,"TOTAL_ASSETS_TDAYS":0.097469980516,"PREMIUM_EXPENSE":null,"LOAN_DEPOSIT":null,"LOAN_EQUITY":null,"LOAN_ASSETS":null,"DEPOSIT_EQUITY":null,"DEPOSIT_ASSETS":null,"EQUITY_MULTIPLIER":2.729242097398,"EQUITY_RATIO":1.698519062023},{"SECUCODE":"01020.HK","SECURITY_CODE":"01020","SECURITY_NAME_ABBR":"赛伯乐国际控股","ORG_CODE":"10149108","STD_REPORT_DATE":"2022-12-31 00:00:00","REPORT_DATE":"2022-12-31 00:00:00","DATE_TYPE_CODE":"001","REPORT_TYPE":"2022年年报","PER_NETCASH_OPERATE":0.001395314438,"PER_OI":0.014322914028,"BPS":0.035359754632,"BASIC_EPS":0.0026,"DILUTED_EPS":0.0025,"OPERATE_INCOME":56940000,"OPERATE_INCOME_YOY":-54.9443332252,"GROSS_PROFIT":24885000,"GROSS_PROFIT_YOY":-1.702480644652,"HOLDER_PROFIT":10751000,"HOLDER_PROFIT_YOY":104.1682821296,"GROSS_PROFIT_RATIO":43.703898840885,"EPS_TTM":0.002704349293,"OPERATE_INCOME_QOQ":-25.268725473469,"NET_PROFIT_RATIO":18.9743589744,"ROE_AVG":10.712115022468,"GROSS_PROFIT_QOQ":56.450396076952,"ROA":3.113186375647,"HOLDER_PROFIT_QOQ":104.321436754119,"ROE_YEARLY":10.712115022468,"ROIC_YEARLY":3.542549475751,"TOTAL_ASSETS":340994000,"TOTAL_LIABILITIES":199154000,"TAX_EBT":8.842389470132,"OCF_SALES":9.741833508957,"TOTAL_PARENT_EQUITY":144319000,"DEBT_ASSET_RATIO":58.403960187,"OPERATE_PROFIT":65971000,"PRETAX_PROFIT":11852000,"NETCASH_OPERATE":6146000,"NETCASH_INVEST":-4918000,"NETCASH_FINANCE":-3714000,"END_CASH":44247000,"DIVI_RATIO":null,"DIVIDEND_RATE":null,"CURRENT_RATIO":6.480859552548,"COMMON_ACS":19066667000,"CURRENTDEBT_DEBT":19.885114032357,"ISSUED_COMMON_SHARES":4081448005,"HK_COMMON_SHARES":4081448005,"PER_SHARES":4000,"TOTAL_MARKET_CAP":338760184.415,"HKSK_MARKET_CAP":338760184.415,"PE_TTM":-16.492971303484,"PB_TTM":2.761148873515,"REPORT_DATE_SQ":"2021-12-31 00:00:00","REPORT_TYPE_SQ":"2021年年报","OPERATE_INCOME_SQ":126377000,"DPS_HKD":null,"OPERATE_INCOME_QOQ_SQ":-42.452061219564,"NET_PROFIT_RATIO_SQ":-202.4569344105,"HOLDER_PROFIT_SQ":-257924000,"HOLDER_PROFIT_QOQ_SQ":-164.586282595761,"ROE_AVG_SQ":-138.270360681048,"PE_TTM_SQ":19.407517168565,"PB_TTM_SQ":2.360025047482,"ROA_SQ":-47.472626175432,"START_DATE":"2022-01-01 00:00:00","FISCAL_YEAR":"12-31","CURRENCY":"HKD","IS_CNY_CODE":0,"DPS_HKD_LY":null,"ORG_TYPE":"一般企业","PREMIUM_INCOME":null,"PREMIUM_INCOME_YOY":null,"NET_INTEREST_INCOME":null,"NET_INTEREST_INCOME_YOY":null,"FEE_COMMISSION_INCOME":null,"FEE_COMMISSION_INCOME_YOY":null,"ACCOUNTS_RECE_TDAYS":3.462134800717,"INVENTORY_TDAYS":13.49968414403,"CURRENT_ASSETS_TDAYS":0.216405629435,"TOTAL_ASSETS_TDAYS":0.164882180476,"PREMIUM_EXPENSE":null,"LOAN_DEPOSIT":null,"LOAN_EQUITY":null,"LOAN_ASSETS":null,"DEPOSIT_EQUITY":null,"DEPOSIT_ASSETS":null,"EQUITY_MULTIPLIER":2.404075014101,"EQUITY_RATIO":1.379956901032},{"SECUCODE":"01020.HK","SECURITY_CODE":"01020","SECURITY_NAME_ABBR":"赛伯乐国际控股","ORG_CODE":"10149108","STD_REPORT_DATE":"2022-06-30 00:00:00","REPORT_DATE":"2022-06-30 00:00:00","DATE_TYPE_CODE":"002","REPORT_TYPE":"2022年中报","PER_NETCASH_OPERATE":-0.000865562824,"PER_OI":0.005459258924,"BPS":0.008435731622,"BASIC_EPS":-0.0062,"DILUTED_EPS":-0.0062,"OPERATE_INCOME":21703000,"OPERATE_INCOME_YOY":-69.8095622296,"GROSS_PROFIT":11737000,"GROSS_PROFIT_YOY":-44.498037546697,"HOLDER_PROFIT":-24537000,"HOLDER_PROFIT_YOY":27.1423481204,"GROSS_PROFIT_RATIO":54.08008109478,"EPS_TTM":-0.062579865134,"OPERATE_INCOME_QOQ":-39.709757313435,"NET_PROFIT_RATIO":-110.3902686265,"ROE_AVG":-54.02424122329,"GROSS_PROFIT_QOQ":-37.170169063043,"ROA":-6.936803478438,"HOLDER_PROFIT_QOQ":3.544067244615,"ROE_YEARLY":-108.04848244658,"ROIC_YEARLY":-15.67909517876,"TOTAL_ASSETS":357763000,"TOTAL_LIABILITIES":325389000,"TAX_EBT":-0.339238597814,"OCF_SALES":-15.854950928443,"TOTAL_PARENT_EQUITY":34430000,"DEBT_ASSET_RATIO":90.9509926963,"OPERATE_PROFIT":-4407000,"PRETAX_PROFIT":-23877000,"NETCASH_OPERATE":-3441000,"NETCASH_INVEST":-8000,"NETCASH_FINANCE":-685000,"END_CASH":41577000,"DIVI_RATIO":null,"DIVIDEND_RATE":null,"CURRENT_RATIO":5.457389083945,"COMMON_ACS":19066667000,"CURRENTDEBT_DEBT":15.405560728851,"ISSUED_COMMON_SHARES":4081448005,"HK_COMMON_SHARES":4081448005,"PER_SHARES":4000,"TOTAL_MARKET_CAP":338760184.415,"HKSK_MARKET_CAP":338760184.415,"PE_TTM":-16.492971303484,"PB_TTM":2.761148873515,"REPORT_DATE_SQ":"2021-06-30 00:00:00","REPORT_TYPE_SQ":"2021年中报","OPERATE_INCOME_SQ":71887000,"DPS_HKD":null,"OPERATE_INCOME_QOQ_SQ":-23.002510448515,"NET_PROFIT_RATIO_SQ":-46.8234868613,"HOLDER_PROFIT_SQ":-33678000,"HOLDER_PROFIT_QOQ_SQ":-27.883820693455,"ROE_AVG_SQ":-11.221118813316,"PE_TTM_SQ":19.407517168565,"PB_TTM_SQ":2.360025047482,"ROA_SQ":-4.804289880791,"START_DATE":"2022-01-01 00:00:00","FISCAL_YEAR":"12-31","CURRENCY":"HKD","IS_CNY_CODE":0,"DPS_HKD_LY":null,"ORG_TYPE":"一般企业","PREMIUM_INCOME":null,"PREMIUM_INCOME_YOY":null,"NET_INTEREST_INCOME":null,"NET_INTEREST_INCOME_YOY":null,"FEE_COMMISSION_INCOME":null,"FEE_COMMISSION_INCOME_YOY":null,"ACCOUNTS_RECE_TDAYS":1.387748577275,"INVENTORY_TDAYS":2.459526159921,"CURRENT_ASSETS_TDAYS":0.079915750248,"TOTAL_ASSETS_TDAYS":0.061356093203,"PREMIUM_EXPENSE":null,"LOAN_DEPOSIT":null,"LOAN_EQUITY":null,"LOAN_ASSETS":null,"DEPOSIT_EQUITY":null,"DEPOSIT_ASSETS":null,"EQUITY_MULTIPLIER":11.050935936267,"EQUITY_RATIO":9.450740633169},{"SECUCODE":"01020.HK","SECURITY_CODE":"01020","SECURITY_NAME_ABBR":"赛伯乐国际控股","ORG_CODE":"10149108","STD_REPORT_DATE":"2021-12-31 00:00:00","REPORT_DATE":"2021-12-31 00:00:00","DATE_TYPE_CODE":"001","REPORT_TYPE":"2021年年报","PER_NETCASH_OPERATE":0.003344780257,"PER_OI":0.031789373133,"BPS":0.013820340215,"BASIC_EPS":-0.0649,"DILUTED_EPS":-0.0649,"OPERATE_INCOME":126377000,"OPERATE_INCOME_YOY":-55.6895318504,"GROSS_PROFIT":25316000,"GROSS_PROFIT_YOY":-61.906194983222,"HOLDER_PROFIT":-257924000,"HOLDER_PROFIT_YOY":-238.3630472142,"GROSS_PROFIT_RATIO":20.032126098895,"EPS_TTM":-0.064879228624,"OPERATE_INCOME_QOQ":-42.452061219564,"NET_PROFIT_RATIO":-202.4569344105,"ROE_AVG":-138.270360681048,"GROSS_PROFIT_QOQ":-58.053452189618,"ROA":-47.472626175432,"HOLDER_PROFIT_QOQ":-164.586282595761,"ROE_YEARLY":-138.270360681048,"ROIC_YEARLY":-53.612143194916,"TOTAL_ASSETS":349681000,"TOTAL_LIABILITIES":295927000,"TAX_EBT":3.857224451759,"OCF_SALES":10.521693029586,"TOTAL_PARENT_EQUITY":56407000,"DEBT_ASSET_RATIO":84.6277035355,"OPERATE_PROFIT":-237999000,"PRETAX_PROFIT":-266124000,"NETCASH_OPERATE":13297000,"NETCASH_INVEST":543000,"NETCASH_FINANCE":-51498000,"END_CASH":44596000,"DIVI_RATIO":null,"DIVIDEND_RATE":null,"CURRENT_RATIO":5.160591906275,"COMMON_ACS":19066667000,"CURRENTDEBT_DEBT":17.65232641834,"ISSUED_COMMON_SHARES":4081448005,"HK_COMMON_SHARES":4081448005,"PER_SHARES":4000,"TOTAL_MARKET_CAP":338760184.415,"HKSK_MARKET_CAP":338760184.415,"PE_TTM":-16.492971303484,"PB_TTM":2.761148873515,"REPORT_DATE_SQ":"2020-12-31 00:00:00","REPORT_TYPE_SQ":"2020年年报","OPERATE_INCOME_SQ":285208000,"DPS_HKD":null,"OPERATE_INCOME_QOQ_SQ":-15.988288176832,"NET_PROFIT_RATIO_SQ":-27.132128131,"HOLDER_PROFIT_SQ":-76227000,"HOLDER_PROFIT_QOQ_SQ":41.853174058309,"ROE_AVG_SQ":-21.161322919284,"PE_TTM_SQ":19.407517168565,"PB_TTM_SQ":2.360025047482,"ROA_SQ":-9.213536926307,"START_DATE":"2021-01-01 00:00:00","FISCAL_YEAR":"12-31","CURRENCY":"HKD","IS_CNY_CODE":0,"DPS_HKD_LY":null,"ORG_TYPE":"一般企业","PREMIUM_INCOME":null,"PREMIUM_INCOME_YOY":null,"NET_INTEREST_INCOME":null,"NET_INTEREST_INCOME_YOY":null,"FEE_COMMISSION_INCOME":null,"FEE_COMMISSION_INCOME_YOY":null,"ACCOUNTS_RECE_TDAYS":4.374798788403,"INVENTORY_TDAYS":11.957758977696,"CURRENT_ASSETS_TDAYS":0.389345278714,"TOTAL_ASSETS_TDAYS":0.232605266597,"PREMIUM_EXPENSE":null,"LOAN_DEPOSIT":null,"LOAN_EQUITY":null,"LOAN_ASSETS":null,"DEPOSIT_EQUITY":null,"DEPOSIT_ASSETS":null,"EQUITY_MULTIPLIER":6.505208914682,"EQUITY_RATIO":5.246281489886},{"SECUCODE":"01020.HK","SECURITY_CODE":"01020","SECURITY_NAME_ABBR":"赛伯乐国际控股","ORG_CODE":"10149108","STD_REPORT_DATE":"2021-06-30 00:00:00","REPORT_DATE":"2021-06-30 00:00:00","DATE_TYPE_CODE":"002","REPORT_TYPE":"2021年中报","PER_NETCASH_OPERATE":-0.00458539515,"PER_OI":0.018082741847,"BPS":0.069484163378,"BASIC_EPS":-0.0085,"DILUTED_EPS":-0.0085,"OPERATE_INCOME":71887000,"OPERATE_INCOME_YOY":-47.7155034475,"GROSS_PROFIT":21147000,"GROSS_PROFIT_YOY":-22.399178011816,"HOLDER_PROFIT":-33678000,"HOLDER_PROFIT_YOY":-171.0939386622,"GROSS_PROFIT_RATIO":29.417001683197,"EPS_TTM":-0.024521009928,"OPERATE_INCOME_QOQ":-23.002510448515,"NET_PROFIT_RATIO":-46.8234868613,"ROE_AVG":-11.221118813316,"GROSS_PROFIT_QOQ":-9.184886467942,"ROA":-4.804289880791,"HOLDER_PROFIT_QOQ":-27.883820693455,"ROE_YEARLY":-22.442237626632,"ROIC_YEARLY":-10.454412113931,"TOTAL_ASSETS":665056000,"TOTAL_LIABILITIES":386124000,"TAX_EBT":7.435925640744,"OCF_SALES":-25.357853297536,"TOTAL_PARENT_EQUITY":283596000,"DEBT_ASSET_RATIO":58.0588702305,"OPERATE_PROFIT":-17641000,"PRETAX_PROFIT":-36364000,"NETCASH_OPERATE":-18229000,"NETCASH_INVEST":-93000,"NETCASH_FINANCE":-29591000,"END_CASH":35601000,"DIVI_RATIO":null,"DIVIDEND_RATE":null,"CURRENT_RATIO":5.168950808505,"COMMON_ACS":19066667000,"CURRENTDEBT_DEBT":15.968186385721,"ISSUED_COMMON_SHARES":4081448005,"HK_COMMON_SHARES":4081448005,"PER_SHARES":4000,"TOTAL_MARKET_CAP":338760184.415,"HKSK_MARKET_CAP":338760184.415,"PE_TTM":-16.492971303484,"PB_TTM":2.761148873515,"REPORT_DATE_SQ":"2020-06-30 00:00:00","REPORT_TYPE_SQ":"2020年中报","OPERATE_INCOME_SQ":137492000,"DPS_HKD":null,"OPERATE_INCOME_QOQ_SQ":3.835495769944,"NET_PROFIT_RATIO_SQ":-9.9751258255,"HOLDER_PROFIT_SQ":-12423000,"HOLDER_PROFIT_QOQ_SQ":-33.221548123533,"ROE_AVG_SQ":-3.103081350039,"PE_TTM_SQ":19.407517168565,"PB_TTM_SQ":2.360025047482,"ROA_SQ":-1.386304454687,"START_DATE":"2021-01-01 00:00:00","FISCAL_YEAR":"12-31","CURRENCY":"HKD","IS_CNY_CODE":0,"DPS_HKD_LY":null,"ORG_TYPE":"一般企业","PREMIUM_INCOME":null,"PREMIUM_INCOME_YOY":null,"NET_INTEREST_INCOME":null,"NET_INTEREST_INCOME_YOY":null,"FEE_COMMISSION_INCOME":null,"FEE_COMMISSION_INCOME_YOY":null,"ACCOUNTS_RECE_TDAYS":2.519521940278,"INVENTORY_TDAYS":4.122521936952,"CURRENT_ASSETS_TDAYS":0.205891450666,"TOTAL_ASSETS_TDAYS":0.102549434842,"PREMIUM_EXPENSE":null,"LOAN_DEPOSIT":null,"LOAN_EQUITY":null,"LOAN_ASSETS":null,"DEPOSIT_EQUITY":null,"DEPOSIT_ASSETS":null,"EQUITY_MULTIPLIER":2.384294379994,"EQUITY_RATIO":1.361528371345},{"SECUCODE":"01020.HK","SECURITY_CODE":"01020","SECURITY_NAME_ABBR":"赛伯乐国际控股","ORG_CODE":"10149108","STD_REPORT_DATE":"2020-12-31 00:00:00","REPORT_DATE":"2020-12-31 00:00:00","DATE_TYPE_CODE":"001","REPORT_TYPE":"2020年年报","PER_NETCASH_OPERATE":-0.012737935432,"PER_OI":0.071742354482,"BPS":0.077586434915,"BASIC_EPS":-0.0192,"DILUTED_EPS":-0.0192,"OPERATE_INCOME":285208000,"OPERATE_INCOME_YOY":-0.5758906784,"GROSS_PROFIT":66457000,"GROSS_PROFIT_YOY":-9.590923313426,"HOLDER_PROFIT":-76227000,"HOLDER_PROFIT_YOY":22.5358982958,"GROSS_PROFIT_RATIO":23.30123979692,"EPS_TTM":-0.019174442705,"OPERATE_INCOME_QOQ":-15.988288176832,"NET_PROFIT_RATIO":-27.132128131,"ROE_AVG":-21.161322919284,"GROSS_PROFIT_QOQ":7.741318374891,"ROA":-9.213536926307,"HOLDER_PROFIT_QOQ":41.853174058309,"ROE_YEARLY":-21.161322919284,"ROIC_YEARLY":-10.755132275132,"TOTAL_ASSETS":736941000,"TOTAL_LIABILITIES":424957000,"TAX_EBT":1.597772625411,"OCF_SALES":-17.755112058568,"TOTAL_PARENT_EQUITY":316665000,"DEBT_ASSET_RATIO":57.664996248,"OPERATE_PROFIT":-83500000,"PRETAX_PROFIT":-103081000,"NETCASH_OPERATE":-50639000,"NETCASH_INVEST":-4844000,"NETCASH_FINANCE":-6358000,"END_CASH":87175000,"DIVI_RATIO":null,"DIVIDEND_RATE":null,"CURRENT_RATIO":4.914780672225,"COMMON_ACS":19066667000,"CURRENTDEBT_DEBT":18.175015354495,"ISSUED_COMMON_SHARES":4081448005,"HK_COMMON_SHARES":4081448005,"PER_SHARES":4000,"TOTAL_MARKET_CAP":338760184.415,"HKSK_MARKET_CAP":338760184.415,"PE_TTM":-16.492971303484,"PB_TTM":2.761148873515,"REPORT_DATE_SQ":"2019-12-31 00:00:00","REPORT_TYPE_SQ":"2019年年报","OPERATE_INCOME_SQ":286860000,"DPS_HKD":null,"OPERATE_INCOME_QOQ_SQ":21.626719144678,"NET_PROFIT_RATIO_SQ":-32.1285472219,"HOLDER_PROFIT_SQ":-98403000,"HOLDER_PROFIT_QOQ_SQ":-1411.5668202765,"ROE_AVG_SQ":-21.948102349981,"PE_TTM_SQ":19.407517168565,"PB_TTM_SQ":2.360025047482,"ROA_SQ":-9.593002001406,"START_DATE":"2020-01-01 00:00:00","FISCAL_YEAR":"12-31","CURRENCY":"HKD","IS_CNY_CODE":0,"DPS_HKD_LY":null,"ORG_TYPE":"一般企业","PREMIUM_INCOME":null,"PREMIUM_INCOME_YOY":null,"NET_INTEREST_INCOME":null,"NET_INTEREST_INCOME_YOY":null,"FEE_COMMISSION_INCOME":null,"FEE_COMMISSION_INCOME_YOY":null,"ACCOUNTS_RECE_TDAYS":6.520977661934,"INVENTORY_TDAYS":15.634005145798,"CURRENT_ASSETS_TDAYS":0.692781261424,"TOTAL_ASSETS_TDAYS":0.344730140197,"PREMIUM_EXPENSE":null,"LOAN_DEPOSIT":null,"LOAN_EQUITY":null,"LOAN_ASSETS":null,"DEPOSIT_EQUITY":null,"DEPOSIT_ASSETS":null,"EQUITY_MULTIPLIER":2.362111518539,"EQUITY_RATIO":1.341976536719},{"SECUCODE":"01020.HK","SECURITY_CODE":"01020","SECURITY_NAME_ABBR":"赛伯乐国际控股","ORG_CODE":"10149108","STD_REPORT_DATE":"2020-06-30 00:00:00","REPORT_DATE":"2020-06-30 00:00:00","DATE_TYPE_CODE":"002","REPORT_TYPE":"2020年中报","PER_NETCASH_OPERATE":-0.004626899906,"PER_OI":0.034585284433,"BPS":0.097248819417,"BASIC_EPS":-0.0031,"DILUTED_EPS":-0.0031,"OPERATE_INCOME":137492000,"OPERATE_INCOME_YOY":10.0358537678,"GROSS_PROFIT":27251000,"GROSS_PROFIT_YOY":-41.90419340397,"HOLDER_PROFIT":-12423000,"HOLDER_PROFIT_YOY":-161.2936648905,"GROSS_PROFIT_RATIO":19.820062258168,"EPS_TTM":-0.03297590607,"OPERATE_INCOME_QOQ":3.835495769944,"NET_PROFIT_RATIO":-9.9751258255,"ROE_AVG":-3.103081350039,"GROSS_PROFIT_QOQ":-24.165826550936,"ROA":-1.386304454687,"HOLDER_PROFIT_QOQ":-33.221548123533,"ROE_YEARLY":-6.206162700078,"ROIC_YEARLY":-3.309583085241,"TOTAL_ASSETS":874514000,"TOTAL_LIABILITIES":482548000,"TAX_EBT":1.180103095481,"OCF_SALES":-13.37823291537,"TOTAL_PARENT_EQUITY":396916000,"DEBT_ASSET_RATIO":55.1789908452,"OPERATE_PROFIT":-28224000,"PRETAX_PROFIT":-38217000,"NETCASH_OPERATE":-18394000,"NETCASH_INVEST":3166000,"NETCASH_FINANCE":-1254000,"END_CASH":141059000,"DIVI_RATIO":null,"DIVIDEND_RATE":null,"CURRENT_RATIO":2.254565938608,"COMMON_ACS":19066667000,"CURRENTDEBT_DEBT":36.604441423444,"ISSUED_COMMON_SHARES":4081448005,"HK_COMMON_SHARES":4081448005,"PER_SHARES":4000,"TOTAL_MARKET_CAP":338760184.415,"HKSK_MARKET_CAP":338760184.415,"PE_TTM":-16.492971303484,"PB_TTM":2.761148873515,"REPORT_DATE_SQ":"2019-06-30 00:00:00","REPORT_TYPE_SQ":"2019年中报","OPERATE_INCOME_SQ":124952000,"DPS_HKD":null,"OPERATE_INCOME_QOQ_SQ":13.041741309851,"NET_PROFIT_RATIO_SQ":14.2924675866,"HOLDER_PROFIT_SQ":20268000,"HOLDER_PROFIT_QOQ_SQ":92.020689824235,"ROE_AVG_SQ":4.003500198516,"PE_TTM_SQ":19.407517168565,"PB_TTM_SQ":2.360025047482,"ROA_SQ":1.900623319677,"START_DATE":"2020-01-01 00:00:00","FISCAL_YEAR":"12-31","CURRENCY":"HKD","IS_CNY_CODE":0,"DPS_HKD_LY":null,"ORG_TYPE":"一般企业","PREMIUM_INCOME":null,"PREMIUM_INCOME_YOY":null,"NET_INTEREST_INCOME":null,"NET_INTEREST_INCOME_YOY":null,"FEE_COMMISSION_INCOME":null,"FEE_COMMISSION_INCOME_YOY":null,"ACCOUNTS_RECE_TDAYS":2.674655435702,"INVENTORY_TDAYS":10.793655456014,"CURRENT_ASSETS_TDAYS":0.326581995853,"TOTAL_ASSETS_TDAYS":0.153429744896,"PREMIUM_EXPENSE":null,"LOAN_DEPOSIT":null,"LOAN_EQUITY":null,"LOAN_ASSETS":null,"DEPOSIT_EQUITY":null,"DEPOSIT_ASSETS":null,"EQUITY_MULTIPLIER":2.231096574703,"EQUITY_RATIO":1.215743381471}],"count":33},"success":true,"message":"ok","code":0}