{"version":"4f7be56677233e66399e1a664c96d9c3","result":{"pages":3,"data":[{"SECUCODE":"01022.HK","SECURITY_CODE":"01022","SECURITY_NAME_ABBR":"飞鱼科技","ORG_CODE":"10427356","STD_REPORT_DATE":"2024-06-30 00:00:00","REPORT_DATE":"2024-06-30 00:00:00","DATE_TYPE_CODE":"002","REPORT_TYPE":"2024年中报","PER_NETCASH_OPERATE":-0.008491850243,"PER_OI":0.058162543482,"BPS":0.294651655632,"BASIC_EPS":0,"DILUTED_EPS":0,"OPERATE_INCOME":101752000,"OPERATE_INCOME_YOY":-5.6996163185,"GROSS_PROFIT":85587000,"GROSS_PROFIT_YOY":-9.784968904817,"HOLDER_PROFIT":-1586000,"HOLDER_PROFIT_YOY":-103.9391982515,"GROSS_PROFIT_RATIO":84.113334381634,"EPS_TTM":0.005810423918,"OPERATE_INCOME_QOQ":-2.718965113246,"NET_PROFIT_RATIO":-1.9301831905,"ROE_AVG":-0.308887828534,"GROSS_PROFIT_QOQ":-4.77356055269,"ROA":-0.230491094266,"HOLDER_PROFIT_QOQ":-80.456808874704,"ROE_YEARLY":-0.617775657068,"ROIC_YEARLY":-0.579907803435,"TOTAL_ASSETS":674263000,"TOTAL_LIABILITIES":144658000,"TAX_EBT":-20.122324159021,"OCF_SALES":-14.600204418586,"TOTAL_PARENT_EQUITY":515476000,"DEBT_ASSET_RATIO":21.4542396661,"OPERATE_PROFIT":-2104000,"PRETAX_PROFIT":-1635000,"NETCASH_OPERATE":-14856000,"NETCASH_INVEST":-49507000,"NETCASH_FINANCE":-3721000,"END_CASH":92912000,"DIVI_RATIO":null,"DIVIDEND_RATE":null,"CURRENT_RATIO":2.809061845442,"COMMON_ACS":500000000000,"CURRENTDEBT_DEBT":37.623912953311,"ISSUED_COMMON_SHARES":1749442062,"HK_COMMON_SHARES":1749442062,"PER_SHARES":1500,"TOTAL_MARKET_CAP":384877253.64,"HKSK_MARKET_CAP":384877253.64,"PE_TTM":32.103185979253,"PB_TTM":0.681447384266,"REPORT_DATE_SQ":"2023-06-30 00:00:00","REPORT_TYPE_SQ":"2023年中报","OPERATE_INCOME_SQ":107902000,"DPS_HKD":null,"OPERATE_INCOME_QOQ_SQ":17.522543455219,"NET_PROFIT_RATIO_SQ":37.8732553613,"HOLDER_PROFIT_SQ":40262000,"HOLDER_PROFIT_QOQ_SQ":167.972466848871,"ROE_AVG_SQ":8.599426733363,"PE_TTM_SQ":19.255764172497,"PB_TTM_SQ":0.783163033511,"ROA_SQ":6.334820982541,"START_DATE":"2024-01-01 00:00:00","FISCAL_YEAR":"12-31","CURRENCY":"HKD","IS_CNY_CODE":0,"DPS_HKD_LY":null,"ORG_TYPE":"一般企业","PREMIUM_INCOME":null,"PREMIUM_INCOME_YOY":null,"NET_INTEREST_INCOME":null,"NET_INTEREST_INCOME_YOY":null,"FEE_COMMISSION_INCOME":null,"FEE_COMMISSION_INCOME_YOY":null,"ACCOUNTS_RECE_TDAYS":2.897307763493,"INVENTORY_TDAYS":null,"CURRENT_ASSETS_TDAYS":0.539593735002,"TOTAL_ASSETS_TDAYS":0.147874715156,"PREMIUM_EXPENSE":null,"LOAN_DEPOSIT":null,"LOAN_EQUITY":null,"LOAN_ASSETS":null,"DEPOSIT_EQUITY":null,"DEPOSIT_ASSETS":null,"EQUITY_MULTIPLIER":1.273143191624,"EQUITY_RATIO":0.280629942034},{"SECUCODE":"01022.HK","SECURITY_CODE":"01022","SECURITY_NAME_ABBR":"飞鱼科技","ORG_CODE":"10427356","STD_REPORT_DATE":"2023-12-31 00:00:00","REPORT_DATE":"2023-12-31 00:00:00","DATE_TYPE_CODE":"001","REPORT_TYPE":"2023年年报","PER_NETCASH_OPERATE":0.022908631073,"PER_OI":0.129312479194,"BPS":0.292341204724,"BASIC_EPS":0.03,"DILUTED_EPS":0.03,"OPERATE_INCOME":226189000,"OPERATE_INCOME_YOY":18.1026425577,"GROSS_PROFIT":194467000,"GROSS_PROFIT_YOY":26.112671124052,"HOLDER_PROFIT":52013000,"HOLDER_PROFIT_YOY":275.5002193204,"GROSS_PROFIT_RATIO":85.975445313433,"EPS_TTM":0.029735884505,"OPERATE_INCOME_QOQ":0.493606660802,"NET_PROFIT_RATIO":23.0692031885,"ROE_AVG":10.862598456852,"GROSS_PROFIT_QOQ":1.356161884658,"ROA":7.835725896477,"HOLDER_PROFIT_QOQ":158.19310002482,"ROE_YEARLY":10.862598456852,"ROIC_YEARLY":10.310169331939,"TOTAL_ASSETS":701929000,"TOTAL_LIABILITIES":175989000,"TAX_EBT":0.72298325723,"OCF_SALES":17.715715618355,"TOTAL_PARENT_EQUITY":511434000,"DEBT_ASSET_RATIO":25.0721939114,"OPERATE_PROFIT":56645000,"PRETAX_PROFIT":52560000,"NETCASH_OPERATE":40071000,"NETCASH_INVEST":-43693000,"NETCASH_FINANCE":27987000,"END_CASH":160678000,"DIVI_RATIO":null,"DIVIDEND_RATE":null,"CURRENT_RATIO":2.774050296261,"COMMON_ACS":500000000000,"CURRENTDEBT_DEBT":45.935257317219,"ISSUED_COMMON_SHARES":1749442062,"HK_COMMON_SHARES":1749442062,"PER_SHARES":1500,"TOTAL_MARKET_CAP":365633390.958,"HKSK_MARKET_CAP":365633390.958,"PE_TTM":30.49802668029,"PB_TTM":0.647375015053,"REPORT_DATE_SQ":"2022-12-31 00:00:00","REPORT_TYPE_SQ":"2022年年报","OPERATE_INCOME_SQ":191519000,"DPS_HKD":null,"OPERATE_INCOME_QOQ_SQ":50.256941338919,"NET_PROFIT_RATIO_SQ":-12.7172760927,"HOLDER_PROFIT_SQ":-29637000,"HOLDER_PROFIT_QOQ_SQ":61.97752290047,"ROE_AVG_SQ":-6.306153909988,"PE_TTM_SQ":18.039319175439,"PB_TTM_SQ":0.733688250507,"ROA_SQ":-4.580124358946,"START_DATE":"2023-01-01 00:00:00","FISCAL_YEAR":"12-31","CURRENCY":"HKD","IS_CNY_CODE":0,"DPS_HKD_LY":null,"ORG_TYPE":"一般企业","PREMIUM_INCOME":null,"PREMIUM_INCOME_YOY":null,"NET_INTEREST_INCOME":null,"NET_INTEREST_INCOME_YOY":null,"FEE_COMMISSION_INCOME":null,"FEE_COMMISSION_INCOME_YOY":null,"ACCOUNTS_RECE_TDAYS":5.776537739583,"INVENTORY_TDAYS":null,"CURRENT_ASSETS_TDAYS":1.064782102129,"TOTAL_ASSETS_TDAYS":0.340752312845,"PREMIUM_EXPENSE":null,"LOAN_DEPOSIT":null,"LOAN_EQUITY":null,"LOAN_ASSETS":null,"DEPOSIT_EQUITY":null,"DEPOSIT_ASSETS":null,"EQUITY_MULTIPLIER":1.334618017265,"EQUITY_RATIO":0.34410891728},{"SECUCODE":"01022.HK","SECURITY_CODE":"01022","SECURITY_NAME_ABBR":"飞鱼科技","ORG_CODE":"10427356","STD_REPORT_DATE":"2023-06-30 00:00:00","REPORT_DATE":"2023-06-30 00:00:00","DATE_TYPE_CODE":"002","REPORT_TYPE":"2023年中报","PER_NETCASH_OPERATE":0.005480127997,"PER_OI":0.062217673726,"BPS":0.280185900778,"BASIC_EPS":0.02,"DILUTED_EPS":0.02,"OPERATE_INCOME":107902000,"OPERATE_INCOME_YOY":45.1407664474,"GROSS_PROFIT":94870000,"GROSS_PROFIT_YOY":65.839247631367,"HOLDER_PROFIT":40262000,"HOLDER_PROFIT_YOY":522.9201680672,"GROSS_PROFIT_RATIO":87.922374006043,"EPS_TTM":0.01161586474,"OPERATE_INCOME_QOQ":17.522543455219,"NET_PROFIT_RATIO":37.8732553613,"ROE_AVG":8.599426733363,"GROSS_PROFIT_QOQ":24.425263130589,"ROA":6.334820982541,"HOLDER_PROFIT_QOQ":167.972466848871,"ROE_YEARLY":17.198853466725,"ROIC_YEARLY":16.456037667986,"TOTAL_ASSETS":645476000,"TOTAL_LIABILITIES":140361000,"TAX_EBT":-1.412015782813,"OCF_SALES":8.807992437582,"TOTAL_PARENT_EQUITY":490169000,"DEBT_ASSET_RATIO":21.7453476194,"OPERATE_PROFIT":42569000,"PRETAX_PROFIT":40297000,"NETCASH_OPERATE":9504000,"NETCASH_INVEST":-8314000,"NETCASH_FINANCE":-655000,"END_CASH":134094000,"DIVI_RATIO":null,"DIVIDEND_RATE":null,"CURRENT_RATIO":3.235471052923,"COMMON_ACS":500000000000,"CURRENTDEBT_DEBT":45.003241641197,"ISSUED_COMMON_SHARES":1749442062,"HK_COMMON_SHARES":1749442062,"PER_SHARES":1500,"TOTAL_MARKET_CAP":365633390.958,"HKSK_MARKET_CAP":365633390.958,"PE_TTM":30.49802668029,"PB_TTM":0.647375015053,"REPORT_DATE_SQ":"2022-06-30 00:00:00","REPORT_TYPE_SQ":"2022年中报","OPERATE_INCOME_SQ":74343000,"DPS_HKD":null,"OPERATE_INCOME_QOQ_SQ":21.63701950605,"NET_PROFIT_RATIO_SQ":-10.455590977,"HOLDER_PROFIT_SQ":-9520000,"HOLDER_PROFIT_QOQ_SQ":0.201016606276,"ROE_AVG_SQ":-1.952978754176,"PE_TTM_SQ":18.039319175439,"PB_TTM_SQ":0.733688250507,"ROA_SQ":-1.46204219036,"START_DATE":"2023-01-01 00:00:00","FISCAL_YEAR":"12-31","CURRENCY":"HKD","IS_CNY_CODE":0,"DPS_HKD_LY":null,"ORG_TYPE":"一般企业","PREMIUM_INCOME":null,"PREMIUM_INCOME_YOY":null,"NET_INTEREST_INCOME":null,"NET_INTEREST_INCOME_YOY":null,"FEE_COMMISSION_INCOME":null,"FEE_COMMISSION_INCOME_YOY":null,"ACCOUNTS_RECE_TDAYS":2.543478773307,"INVENTORY_TDAYS":null,"CURRENT_ASSETS_TDAYS":0.532884908377,"TOTAL_ASSETS_TDAYS":0.169772950588,"PREMIUM_EXPENSE":null,"LOAN_DEPOSIT":null,"LOAN_EQUITY":null,"LOAN_ASSETS":null,"DEPOSIT_EQUITY":null,"DEPOSIT_ASSETS":null,"EQUITY_MULTIPLIER":1.277879294814,"EQUITY_RATIO":0.286352258099},{"SECUCODE":"01022.HK","SECURITY_CODE":"01022","SECURITY_NAME_ABBR":"飞鱼科技","ORG_CODE":"10427356","STD_REPORT_DATE":"2022-12-31 00:00:00","REPORT_DATE":"2022-12-31 00:00:00","DATE_TYPE_CODE":"001","REPORT_TYPE":"2022年年报","PER_NETCASH_OPERATE":-0.002615738788,"PER_OI":0.111424305364,"BPS":0.25506360553,"BASIC_EPS":-0.02,"DILUTED_EPS":-0.02,"OPERATE_INCOME":191519000,"OPERATE_INCOME_YOY":82.7680650456,"GROSS_PROFIT":154201000,"GROSS_PROFIT_YOY":120.510803815298,"HOLDER_PROFIT":-29637000,"HOLDER_PROFIT_YOY":62.0539543936,"GROSS_PROFIT_RATIO":80.514726998366,"EPS_TTM":-0.017242582397,"OPERATE_INCOME_QOQ":50.256941338919,"NET_PROFIT_RATIO":-12.7172760927,"ROE_AVG":-6.306153909988,"GROSS_PROFIT_QOQ":69.50752995493,"ROA":-4.580124358946,"HOLDER_PROFIT_QOQ":61.97752290047,"ROE_YEARLY":-6.306153909988,"ROIC_YEARLY":-5.78693940672,"TOTAL_ASSETS":625657000,"TOTAL_LIABILITIES":169154000,"TAX_EBT":-5.305028319426,"OCF_SALES":-2.347547762885,"TOTAL_PARENT_EQUITY":446219000,"DEBT_ASSET_RATIO":27.036219526,"OPERATE_PROFIT":-19916000,"PRETAX_PROFIT":-23129000,"NETCASH_OPERATE":-4496000,"NETCASH_INVEST":22329000,"NETCASH_FINANCE":-13655000,"END_CASH":133153000,"DIVI_RATIO":null,"DIVIDEND_RATE":null,"CURRENT_RATIO":2.287450823878,"COMMON_ACS":500000000000,"CURRENTDEBT_DEBT":51.843290729158,"ISSUED_COMMON_SHARES":1749442062,"HK_COMMON_SHARES":1749442062,"PER_SHARES":1500,"TOTAL_MARKET_CAP":365633390.958,"HKSK_MARKET_CAP":365633390.958,"PE_TTM":30.49802668029,"PB_TTM":0.647375015053,"REPORT_DATE_SQ":"2021-12-31 00:00:00","REPORT_TYPE_SQ":"2021年年报","OPERATE_INCOME_SQ":104788000,"DPS_HKD":null,"OPERATE_INCOME_QOQ_SQ":-13.818570606135,"NET_PROFIT_RATIO_SQ":-73.0627552773,"HOLDER_PROFIT_SQ":-78103000,"HOLDER_PROFIT_QOQ_SQ":-794.855637030248,"ROE_AVG_SQ":-15.746001153184,"PE_TTM_SQ":18.039319175439,"PB_TTM_SQ":0.733688250507,"ROA_SQ":-11.992203064266,"START_DATE":"2022-01-01 00:00:00","FISCAL_YEAR":"12-31","CURRENCY":"HKD","IS_CNY_CODE":0,"DPS_HKD_LY":null,"ORG_TYPE":"一般企业","PREMIUM_INCOME":null,"PREMIUM_INCOME_YOY":null,"NET_INTEREST_INCOME":null,"NET_INTEREST_INCOME_YOY":null,"FEE_COMMISSION_INCOME":null,"FEE_COMMISSION_INCOME_YOY":null,"ACCOUNTS_RECE_TDAYS":5.633243131949,"INVENTORY_TDAYS":null,"CURRENT_ASSETS_TDAYS":0.988352530757,"TOTAL_ASSETS_TDAYS":0.295974908763,"PREMIUM_EXPENSE":null,"LOAN_DEPOSIT":null,"LOAN_EQUITY":null,"LOAN_ASSETS":null,"DEPOSIT_EQUITY":null,"DEPOSIT_ASSETS":null,"EQUITY_MULTIPLIER":1.370543019432,"EQUITY_RATIO":0.379082916684},{"SECUCODE":"01022.HK","SECURITY_CODE":"01022","SECURITY_NAME_ABBR":"飞鱼科技","ORG_CODE":"10427356","STD_REPORT_DATE":"2022-06-30 00:00:00","REPORT_DATE":"2022-06-30 00:00:00","DATE_TYPE_CODE":"002","REPORT_TYPE":"2022年中报","PER_NETCASH_OPERATE":-0.020233577305,"PER_OI":0.043252194997,"BPS":0.275059695003,"BASIC_EPS":-0.01,"DILUTED_EPS":-0.01,"OPERATE_INCOME":74343000,"OPERATE_INCOME_YOY":43.8803948132,"GROSS_PROFIT":57206000,"GROSS_PROFIT_YOY":58.18056131619,"HOLDER_PROFIT":-9520000,"HOLDER_PROFIT_YOY":1.6224036375,"GROSS_PROFIT_RATIO":76.948737608114,"EPS_TTM":-0.045348393141,"OPERATE_INCOME_QOQ":21.63701950605,"NET_PROFIT_RATIO":-10.455590977,"ROE_AVG":-1.952978754176,"GROSS_PROFIT_QOQ":30.089090363083,"ROA":-1.46204219036,"HOLDER_PROFIT_QOQ":0.201016606276,"ROE_YEARLY":-3.905957508352,"ROIC_YEARLY":-3.571787009688,"TOTAL_ASSETS":633788000,"TOTAL_LIABILITIES":150651000,"TAX_EBT":-11.890024470995,"OCF_SALES":-46.780463527165,"TOTAL_PARENT_EQUITY":481201000,"DEBT_ASSET_RATIO":23.7699356883,"OPERATE_PROFIT":-5089000,"PRETAX_PROFIT":-6947000,"NETCASH_OPERATE":-34778000,"NETCASH_INVEST":21914000,"NETCASH_FINANCE":-7555000,"END_CASH":107771000,"DIVI_RATIO":null,"DIVIDEND_RATE":null,"CURRENT_RATIO":2.909856701766,"COMMON_ACS":500000000000,"CURRENTDEBT_DEBT":41.921394481285,"ISSUED_COMMON_SHARES":1749442062,"HK_COMMON_SHARES":1749442062,"PER_SHARES":1500,"TOTAL_MARKET_CAP":365633390.958,"HKSK_MARKET_CAP":365633390.958,"PE_TTM":30.49802668029,"PB_TTM":0.647375015053,"REPORT_DATE_SQ":"2021-06-30 00:00:00","REPORT_TYPE_SQ":"2021年中报","OPERATE_INCOME_SQ":51670000,"DPS_HKD":null,"OPERATE_INCOME_QOQ_SQ":3.919524118834,"NET_PROFIT_RATIO_SQ":-16.4563576543,"HOLDER_PROFIT_SQ":-9677000,"HOLDER_PROFIT_QOQ_SQ":59.32898415657,"ROE_AVG_SQ":-1.810458451784,"PE_TTM_SQ":18.039319175439,"PB_TTM_SQ":0.733688250507,"ROA_SQ":-1.454323030438,"START_DATE":"2022-01-01 00:00:00","FISCAL_YEAR":"12-31","CURRENCY":"HKD","IS_CNY_CODE":0,"DPS_HKD_LY":null,"ORG_TYPE":"一般企业","PREMIUM_INCOME":null,"PREMIUM_INCOME_YOY":null,"NET_INTEREST_INCOME":null,"NET_INTEREST_INCOME_YOY":null,"FEE_COMMISSION_INCOME":null,"FEE_COMMISSION_INCOME_YOY":null,"ACCOUNTS_RECE_TDAYS":2.24883161668,"INVENTORY_TDAYS":null,"CURRENT_ASSETS_TDAYS":0.401067095375,"TOTAL_ASSETS_TDAYS":0.114172901847,"PREMIUM_EXPENSE":null,"LOAN_DEPOSIT":null,"LOAN_EQUITY":null,"LOAN_ASSETS":null,"DEPOSIT_EQUITY":null,"DEPOSIT_ASSETS":null,"EQUITY_MULTIPLIER":1.311818386918,"EQUITY_RATIO":0.313072915476},{"SECUCODE":"01022.HK","SECURITY_CODE":"01022","SECURITY_NAME_ABBR":"飞鱼科技","ORG_CODE":"10427356","STD_REPORT_DATE":"2021-12-31 00:00:00","REPORT_DATE":"2021-12-31 00:00:00","DATE_TYPE_CODE":"001","REPORT_TYPE":"2021年年报","PER_NETCASH_OPERATE":-0.030966484147,"PER_OI":0.060964865682,"BPS":0.282215690776,"BASIC_EPS":-0.05,"DILUTED_EPS":-0.05,"OPERATE_INCOME":104788000,"OPERATE_INCOME_YOY":-10.4406686951,"GROSS_PROFIT":69929000,"GROSS_PROFIT_YOY":-15.154272679843,"HOLDER_PROFIT":-78103000,"HOLDER_PROFIT_YOY":-263.9468779124,"GROSS_PROFIT_RATIO":66.73378631141,"EPS_TTM":-0.045439734553,"OPERATE_INCOME_QOQ":-13.818570606135,"NET_PROFIT_RATIO":-73.0627552773,"ROE_AVG":-15.746001153184,"GROSS_PROFIT_QOQ":-18.730678939172,"ROA":-11.992203064266,"HOLDER_PROFIT_QOQ":-794.855637030248,"ROE_YEARLY":-15.746001153184,"ROIC_YEARLY":-14.932638415557,"TOTAL_ASSETS":668500000,"TOTAL_LIABILITIES":174593000,"TAX_EBT":-4.059858102047,"OCF_SALES":-50.793984043975,"TOTAL_PARENT_EQUITY":493720000,"DEBT_ASSET_RATIO":26.1171278983,"OPERATE_PROFIT":-71054000,"PRETAX_PROFIT":-73574000,"NETCASH_OPERATE":-53226000,"NETCASH_INVEST":-70622000,"NETCASH_FINANCE":112141000,"END_CASH":126261000,"DIVI_RATIO":null,"DIVIDEND_RATE":null,"CURRENT_RATIO":2.105314129345,"COMMON_ACS":500000000000,"CURRENTDEBT_DEBT":50.861718396499,"ISSUED_COMMON_SHARES":1749442062,"HK_COMMON_SHARES":1749442062,"PER_SHARES":1500,"TOTAL_MARKET_CAP":365633390.958,"HKSK_MARKET_CAP":365633390.958,"PE_TTM":30.49802668029,"PB_TTM":0.647375015053,"REPORT_DATE_SQ":"2020-12-31 00:00:00","REPORT_TYPE_SQ":"2020年年报","OPERATE_INCOME_SQ":117004000,"DPS_HKD":null,"OPERATE_INCOME_QOQ_SQ":-1.073777837902,"NET_PROFIT_RATIO_SQ":-15.4857953574,"HOLDER_PROFIT_SQ":-21460000,"HOLDER_PROFIT_QOQ_SQ":69.047035236763,"ROE_AVG_SQ":-4.187590798618,"PE_TTM_SQ":18.039319175439,"PB_TTM_SQ":0.733688250507,"ROA_SQ":-3.144799247945,"START_DATE":"2021-01-01 00:00:00","FISCAL_YEAR":"12-31","CURRENCY":"HKD","IS_CNY_CODE":0,"DPS_HKD_LY":null,"ORG_TYPE":"一般企业","PREMIUM_INCOME":null,"PREMIUM_INCOME_YOY":null,"NET_INTEREST_INCOME":null,"NET_INTEREST_INCOME_YOY":null,"FEE_COMMISSION_INCOME":null,"FEE_COMMISSION_INCOME_YOY":null,"ACCOUNTS_RECE_TDAYS":3.643215993047,"INVENTORY_TDAYS":null,"CURRENT_ASSETS_TDAYS":0.53724349197,"TOTAL_ASSETS_TDAYS":0.160895096821,"PREMIUM_EXPENSE":null,"LOAN_DEPOSIT":null,"LOAN_EQUITY":null,"LOAN_ASSETS":null,"DEPOSIT_EQUITY":null,"DEPOSIT_ASSETS":null,"EQUITY_MULTIPLIER":1.353493673911,"EQUITY_RATIO":0.353627562181},{"SECUCODE":"01022.HK","SECURITY_CODE":"01022","SECURITY_NAME_ABBR":"飞鱼科技","ORG_CODE":"10427356","STD_REPORT_DATE":"2021-06-30 00:00:00","REPORT_DATE":"2021-06-30 00:00:00","DATE_TYPE_CODE":"002","REPORT_TYPE":"2021年中报","PER_NETCASH_OPERATE":-0.019163661017,"PER_OI":0.030061215118,"BPS":0.326215433135,"BASIC_EPS":-0.01,"DILUTED_EPS":-0.01,"OPERATE_INCOME":51670000,"OPERATE_INCOME_YOY":9.7400390791,"GROSS_PROFIT":36165000,"GROSS_PROFIT_YOY":11.14696662364,"HOLDER_PROFIT":-9677000,"HOLDER_PROFIT_YOY":56.8164576733,"GROSS_PROFIT_RATIO":69.992258563964,"EPS_TTM":-0.005077884373,"OPERATE_INCOME_QOQ":3.919524118834,"NET_PROFIT_RATIO":-16.4563576543,"ROE_AVG":-1.810458451784,"GROSS_PROFIT_QOQ":4.40068430823,"ROA":-1.454323030438,"HOLDER_PROFIT_QOQ":59.32898415657,"ROE_YEARLY":-3.620916903568,"ROIC_YEARLY":-3.780971674947,"TOTAL_ASSETS":696728000,"TOTAL_LIABILITIES":128836000,"TAX_EBT":-41.24584717608,"OCF_SALES":-63.748790400619,"TOTAL_PARENT_EQUITY":570695000,"DEBT_ASSET_RATIO":18.491577775,"OPERATE_PROFIT":-5276000,"PRETAX_PROFIT":-6020000,"NETCASH_OPERATE":-32939000,"NETCASH_INVEST":-22869000,"NETCASH_FINANCE":97227000,"END_CASH":179792000,"DIVI_RATIO":null,"DIVIDEND_RATE":null,"CURRENT_RATIO":3.355267377815,"COMMON_ACS":500000000000,"CURRENTDEBT_DEBT":55.663789624018,"ISSUED_COMMON_SHARES":1749442062,"HK_COMMON_SHARES":1749442062,"PER_SHARES":1500,"TOTAL_MARKET_CAP":365633390.958,"HKSK_MARKET_CAP":365633390.958,"PE_TTM":30.49802668029,"PB_TTM":0.647375015053,"REPORT_DATE_SQ":"2020-06-30 00:00:00","REPORT_TYPE_SQ":"2020年中报","OPERATE_INCOME_SQ":47084000,"DPS_HKD":null,"OPERATE_INCOME_QOQ_SQ":4.805451435964,"NET_PROFIT_RATIO_SQ":-49.4626624756,"HOLDER_PROFIT_SQ":-22409000,"HOLDER_PROFIT_QOQ_SQ":13.705160439123,"ROE_AVG_SQ":-4.316869677116,"PE_TTM_SQ":18.039319175439,"PB_TTM_SQ":0.733688250507,"ROA_SQ":-3.145712214148,"START_DATE":"2021-01-01 00:00:00","FISCAL_YEAR":"12-31","CURRENCY":"HKD","IS_CNY_CODE":0,"DPS_HKD_LY":null,"ORG_TYPE":"一般企业","PREMIUM_INCOME":null,"PREMIUM_INCOME_YOY":null,"NET_INTEREST_INCOME":null,"NET_INTEREST_INCOME_YOY":null,"FEE_COMMISSION_INCOME":null,"FEE_COMMISSION_INCOME_YOY":null,"ACCOUNTS_RECE_TDAYS":1.723482321548,"INVENTORY_TDAYS":null,"CURRENT_ASSETS_TDAYS":0.232871526307,"TOTAL_ASSETS_TDAYS":0.077653064982,"PREMIUM_EXPENSE":null,"LOAN_DEPOSIT":null,"LOAN_EQUITY":null,"LOAN_ASSETS":null,"DEPOSIT_EQUITY":null,"DEPOSIT_ASSETS":null,"EQUITY_MULTIPLIER":1.226867080361,"EQUITY_RATIO":0.22575281017},{"SECUCODE":"01022.HK","SECURITY_CODE":"01022","SECURITY_NAME_ABBR":"飞鱼科技","ORG_CODE":"10427356","STD_REPORT_DATE":"2020-12-31 00:00:00","REPORT_DATE":"2020-12-31 00:00:00","DATE_TYPE_CODE":"001","REPORT_TYPE":"2020年年报","PER_NETCASH_OPERATE":-0.022928439876,"PER_OI":0.075635602337,"BPS":0.284842814074,"BASIC_EPS":-0.01,"DILUTED_EPS":-0.01,"OPERATE_INCOME":117004000,"OPERATE_INCOME_YOY":3.6800737255,"GROSS_PROFIT":82419000,"GROSS_PROFIT_YOY":5.570641731779,"HOLDER_PROFIT":-21460000,"HOLDER_PROFIT_YOY":73.2891887182,"GROSS_PROFIT_RATIO":70.441181498068,"EPS_TTM":-0.013872517402,"OPERATE_INCOME_QOQ":-1.073777837902,"NET_PROFIT_RATIO":-15.4857953574,"ROE_AVG":-4.187590798618,"GROSS_PROFIT_QOQ":-4.17286764022,"ROA":-3.144799247945,"HOLDER_PROFIT_QOQ":69.047035236763,"ROE_YEARLY":-4.187590798618,"ROIC_YEARLY":-4.002189454995,"TOTAL_ASSETS":634063000,"TOTAL_LIABILITIES":144897000,"TAX_EBT":-7.213017751479,"OCF_SALES":-30.314348227411,"TOTAL_PARENT_EQUITY":498316000,"DEBT_ASSET_RATIO":22.852145607,"OPERATE_PROFIT":-2034000,"PRETAX_PROFIT":-16900000,"NETCASH_OPERATE":-35469000,"NETCASH_INVEST":52048000,"NETCASH_FINANCE":-56166000,"END_CASH":139194000,"DIVI_RATIO":null,"DIVIDEND_RATE":null,"CURRENT_RATIO":2.412113943741,"COMMON_ACS":500000000000,"CURRENTDEBT_DEBT":58.121976300407,"ISSUED_COMMON_SHARES":1749442062,"HK_COMMON_SHARES":1749442062,"PER_SHARES":1500,"TOTAL_MARKET_CAP":365633390.958,"HKSK_MARKET_CAP":365633390.958,"PE_TTM":30.49802668029,"PB_TTM":0.647375015053,"REPORT_DATE_SQ":"2019-12-31 00:00:00","REPORT_TYPE_SQ":"2019年年报","OPERATE_INCOME_SQ":112851000,"DPS_HKD":null,"OPERATE_INCOME_QOQ_SQ":42.609278050876,"NET_PROFIT_RATIO_SQ":-78.5983287698,"HOLDER_PROFIT_SQ":-80342000,"HOLDER_PROFIT_QOQ_SQ":22.364377790232,"ROE_AVG_SQ":-14.435408813394,"PE_TTM_SQ":18.039319175439,"PB_TTM_SQ":0.733688250507,"ROA_SQ":-10.660089083964,"START_DATE":"2020-01-01 00:00:00","FISCAL_YEAR":"12-31","CURRENCY":"HKD","IS_CNY_CODE":0,"DPS_HKD_LY":null,"ORG_TYPE":"一般企业","PREMIUM_INCOME":null,"PREMIUM_INCOME_YOY":null,"NET_INTEREST_INCOME":null,"NET_INTEREST_INCOME_YOY":null,"FEE_COMMISSION_INCOME":null,"FEE_COMMISSION_INCOME_YOY":null,"ACCOUNTS_RECE_TDAYS":3.713941086846,"INVENTORY_TDAYS":null,"CURRENT_ASSETS_TDAYS":0.524191507044,"TOTAL_ASSETS_TDAYS":0.171460433927,"PREMIUM_EXPENSE":null,"LOAN_DEPOSIT":null,"LOAN_EQUITY":null,"LOAN_ASSETS":null,"DEPOSIT_EQUITY":null,"DEPOSIT_ASSETS":null,"EQUITY_MULTIPLIER":1.296212328739,"EQUITY_RATIO":0.290773324557},{"SECUCODE":"01022.HK","SECURITY_CODE":"01022","SECURITY_NAME_ABBR":"飞鱼科技","ORG_CODE":"10427356","STD_REPORT_DATE":"2020-06-30 00:00:00","REPORT_DATE":"2020-06-30 00:00:00","DATE_TYPE_CODE":"002","REPORT_TYPE":"2020年中报","PER_NETCASH_OPERATE":-0.015824754241,"PER_OI":0.030436794472,"BPS":0.2924298044,"BASIC_EPS":-0.01,"DILUTED_EPS":-0.01,"OPERATE_INCOME":47084000,"OPERATE_INCOME_YOY":13.016970308,"GROSS_PROFIT":32538000,"GROSS_PROFIT_YOY":32.268292682927,"HOLDER_PROFIT":-22409000,"HOLDER_PROFIT_YOY":32.947336924,"GROSS_PROFIT_RATIO":69.106278141195,"EPS_TTM":-0.044818057038,"OPERATE_INCOME_QOQ":4.805451435964,"NET_PROFIT_RATIO":-49.4626624756,"ROE_AVG":-4.316869677116,"GROSS_PROFIT_QOQ":10.167798129883,"ROA":-3.145712214148,"HOLDER_PROFIT_QOQ":13.705160439123,"ROE_YEARLY":-8.633739354232,"ROIC_YEARLY":-7.703903863641,"TOTAL_ASSETS":694003000,"TOTAL_LIABILITIES":198068000,"TAX_EBT":-6.40076754386,"OCF_SALES":-51.992184181463,"TOTAL_PARENT_EQUITY":511589000,"DEBT_ASSET_RATIO":28.5399342654,"OPERATE_PROFIT":-20162000,"PRETAX_PROFIT":-21888000,"NETCASH_OPERATE":-24480000,"NETCASH_INVEST":-47533000,"NETCASH_FINANCE":8772000,"END_CASH":114537000,"DIVI_RATIO":null,"DIVIDEND_RATE":null,"CURRENT_RATIO":1.235067066949,"COMMON_ACS":500000000000,"CURRENTDEBT_DEBT":68.27857099582,"ISSUED_COMMON_SHARES":1749442062,"HK_COMMON_SHARES":1749442062,"PER_SHARES":1500,"TOTAL_MARKET_CAP":365633390.958,"HKSK_MARKET_CAP":365633390.958,"PE_TTM":30.49802668029,"PB_TTM":0.647375015053,"REPORT_DATE_SQ":"2019-06-30 00:00:00","REPORT_TYPE_SQ":"2019年中报","OPERATE_INCOME_SQ":41661000,"DPS_HKD":null,"OPERATE_INCOME_QOQ_SQ":-4.945345345345,"NET_PROFIT_RATIO_SQ":-90.7827464535,"HOLDER_PROFIT_SQ":-33420000,"HOLDER_PROFIT_QOQ_SQ":3.741116940135,"ROE_AVG_SQ":-5.80006942034,"PE_TTM_SQ":18.039319175439,"PB_TTM_SQ":0.733688250507,"ROA_SQ":-4.462932421695,"START_DATE":"2020-01-01 00:00:00","FISCAL_YEAR":"12-31","CURRENCY":"HKD","IS_CNY_CODE":0,"DPS_HKD_LY":null,"ORG_TYPE":"一般企业","PREMIUM_INCOME":null,"PREMIUM_INCOME_YOY":null,"NET_INTEREST_INCOME":null,"NET_INTEREST_INCOME_YOY":null,"FEE_COMMISSION_INCOME":null,"FEE_COMMISSION_INCOME_YOY":null,"ACCOUNTS_RECE_TDAYS":1.840225123114,"INVENTORY_TDAYS":null,"CURRENT_ASSETS_TDAYS":0.229507877086,"TOTAL_ASSETS_TDAYS":0.066095191169,"PREMIUM_EXPENSE":null,"LOAN_DEPOSIT":null,"LOAN_EQUITY":null,"LOAN_ASSETS":null,"DEPOSIT_EQUITY":null,"DEPOSIT_ASSETS":null,"EQUITY_MULTIPLIER":1.399382983657,"EQUITY_RATIO":0.387162351028}],"count":25},"success":true,"message":"ok","code":0}