{"version":"a0e63f6667dc7ca39ea8ed5d62a03df1","result":{"pages":3,"data":[{"SECUCODE":"01024.HK","SECURITY_CODE":"01024","SECURITY_NAME_ABBR":"快手-W","ORG_CODE":"10000140159","STD_REPORT_DATE":"2024-09-30 00:00:00","REPORT_DATE":"2024-09-30 00:00:00","DATE_TYPE_CODE":"004","REPORT_TYPE":"2024年三季报","PER_NETCASH_OPERATE":4.901216098467,"PER_OI":21.210095523483,"BPS":13.554887858429,"BASIC_EPS":2.64,"DILUTED_EPS":2.58,"OPERATE_INCOME":91514000000,"OPERATE_INCOME_YOY":13.1073180981,"GROSS_PROFIT":50169000000,"GROSS_PROFIT_YOY":25.112845706876,"HOLDER_PROFIT":11366000000,"HOLDER_PROFIT_YOY":307.6757532281,"GROSS_PROFIT_RATIO":54.821120265752,"EPS_TTM":3.470506921003,"OPERATE_INCOME_QOQ":2.632928564338,"NET_PROFIT_RATIO":12.424328518,"ROE_AVG":21.165538495917,"GROSS_PROFIT_QOQ":3.786153846154,"ROA":9.535594884035,"HOLDER_PROFIT_QOQ":7.827464535177,"ROE_YEARLY":28.220717994556,"ROIC_YEARLY":11.826217244052,"TOTAL_ASSETS":132095000000,"TOTAL_LIABILITIES":73742000000,"TAX_EBT":-1.44539614561,"OCF_SALES":23.107939768779,"TOTAL_PARENT_EQUITY":58338000000,"DEBT_ASSET_RATIO":55.8249744502,"OPERATE_PROFIT":11019000000,"PRETAX_PROFIT":11208000000,"NETCASH_OPERATE":21147000000,"NETCASH_INVEST":-29133000000,"NETCASH_FINANCE":7598000000,"END_CASH":12466000000,"DIVI_RATIO":null,"DIVIDEND_RATE":null,"CURRENT_RATIO":1.079032145108,"COMMON_ACS":9433962264,"CURRENTDEBT_DEBT":77.453825499715,"ISSUED_COMMON_SHARES":4303834942,"HK_COMMON_SHARES":3564877644,"PER_SHARES":100,"TOTAL_MARKET_CAP":253495878083.8,"HKSK_MARKET_CAP":209971293231.6,"PE_TTM":15.24929548713,"PB_TTM":3.918544480393,"REPORT_DATE_SQ":"2023-09-30 00:00:00","REPORT_TYPE_SQ":"2023年三季报","OPERATE_INCOME_SQ":80909000000,"DPS_HKD":null,"OPERATE_INCOME_QOQ_SQ":4.617675530732,"NET_PROFIT_RATIO_SQ":3.4446106119,"HOLDER_PROFIT_SQ":2788000000,"HOLDER_PROFIT_QOQ_SQ":133.945237362784,"ROE_AVG_SQ":6.506873293346,"PE_TTM_SQ":169.393770534846,"PB_TTM_SQ":3.855911140717,"ROA_SQ":2.978182442175,"START_DATE":"2024-01-01 00:00:00","FISCAL_YEAR":"12-31","CURRENCY":"HKD","IS_CNY_CODE":0,"DPS_HKD_LY":null,"ORG_TYPE":"一般企业","PREMIUM_INCOME":null,"PREMIUM_INCOME_YOY":null,"NET_INTEREST_INCOME":null,"NET_INTEREST_INCOME_YOY":null,"FEE_COMMISSION_INCOME":null,"FEE_COMMISSION_INCOME_YOY":null,"ACCOUNTS_RECE_TDAYS":14.443497474747,"INVENTORY_TDAYS":null,"CURRENT_ASSETS_TDAYS":1.50034018903,"TOTAL_ASSETS_TDAYS":0.767763883704,"PREMIUM_EXPENSE":null,"LOAN_DEPOSIT":null,"LOAN_EQUITY":null,"LOAN_ASSETS":null,"DEPOSIT_EQUITY":null,"DEPOSIT_ASSETS":null,"EQUITY_MULTIPLIER":2.263722516408,"EQUITY_RATIO":1.264047447633},{"SECUCODE":"01024.HK","SECURITY_CODE":"01024","SECURITY_NAME_ABBR":"快手-W","ORG_CODE":"10000140159","STD_REPORT_DATE":"2024-06-30 00:00:00","REPORT_DATE":"2024-06-30 00:00:00","DATE_TYPE_CODE":"002","REPORT_TYPE":"2024年中报","PER_NETCASH_OPERATE":3.08998405358,"PER_OI":13.919912496815,"BPS":13.11040055216,"BASIC_EPS":1.87,"DILUTED_EPS":1.84,"OPERATE_INCOME":60383000000,"OPERATE_INCOME_YOY":14.0140858367,"GROSS_PROFIT":33255000000,"GROSS_PROFIT_YOY":29.669344147235,"HOLDER_PROFIT":8098000000,"HOLDER_PROFIT_YOY":1234.1021416804,"GROSS_PROFIT_RATIO":55.073447824719,"EPS_TTM":3.201328599826,"OPERATE_INCOME_QOQ":2.746024596085,"NET_PROFIT_RATIO":13.4143715947,"ROE_AVG":15.35340512665,"GROSS_PROFIT_QOQ":5.179695464328,"ROA":7.163360534289,"HOLDER_PROFIT_QOQ":21.944151738672,"ROE_YEARLY":30.706810253299,"ROIC_YEARLY":17.7707554985,"TOTAL_ASSETS":119799000000,"TOTAL_LIABILITIES":63361000000,"TAX_EBT":-0.521221146687,"OCF_SALES":22.198300846265,"TOTAL_PARENT_EQUITY":56425000000,"DEBT_ASSET_RATIO":52.8894231171,"OPERATE_PROFIT":7900000000,"PRETAX_PROFIT":8058000000,"NETCASH_OPERATE":13404000000,"NETCASH_INVEST":-18731000000,"NETCASH_FINANCE":3846000000,"END_CASH":11437000000,"DIVI_RATIO":null,"DIVIDEND_RATE":null,"CURRENT_RATIO":1.234611007157,"COMMON_ACS":9433962264,"CURRENTDEBT_DEBT":81.815312258329,"ISSUED_COMMON_SHARES":4303834942,"HK_COMMON_SHARES":3564877644,"PER_SHARES":100,"TOTAL_MARKET_CAP":196039681608.1,"HKSK_MARKET_CAP":162380176684.2,"PE_TTM":11.792961111015,"PB_TTM":3.03038541735,"REPORT_DATE_SQ":"2023-06-30 00:00:00","REPORT_TYPE_SQ":"2023年中报","OPERATE_INCOME_SQ":52961000000,"DPS_HKD":null,"OPERATE_INCOME_QOQ_SQ":6.151576179445,"NET_PROFIT_RATIO_SQ":1.1423500312,"HOLDER_PROFIT_SQ":607000000,"HOLDER_PROFIT_QOQ_SQ":56.030687872966,"ROE_AVG_SQ":1.464079402791,"PE_TTM_SQ":167.464235410362,"PB_TTM_SQ":3.811989124226,"ROA_SQ":0.668755239593,"START_DATE":"2024-01-01 00:00:00","FISCAL_YEAR":"12-31","CURRENCY":"HKD","IS_CNY_CODE":0,"DPS_HKD_LY":null,"ORG_TYPE":"一般企业","PREMIUM_INCOME":null,"PREMIUM_INCOME_YOY":null,"NET_INTEREST_INCOME":null,"NET_INTEREST_INCOME_YOY":null,"FEE_COMMISSION_INCOME":null,"FEE_COMMISSION_INCOME_YOY":null,"ACCOUNTS_RECE_TDAYS":9.301856273589,"INVENTORY_TDAYS":null,"CURRENT_ASSETS_TDAYS":0.971084414853,"TOTAL_ASSETS_TDAYS":0.534138304695,"PREMIUM_EXPENSE":null,"LOAN_DEPOSIT":null,"LOAN_EQUITY":null,"LOAN_ASSETS":null,"DEPOSIT_EQUITY":null,"DEPOSIT_ASSETS":null,"EQUITY_MULTIPLIER":2.12266557993,"EQUITY_RATIO":1.122924235711},{"SECUCODE":"01024.HK","SECURITY_CODE":"01024","SECURITY_NAME_ABBR":"快手-W","ORG_CODE":"10000140159","STD_REPORT_DATE":"2024-03-31 00:00:00","REPORT_DATE":"2024-03-31 00:00:00","DATE_TYPE_CODE":"003","REPORT_TYPE":"2024年一季报","PER_NETCASH_OPERATE":1.334578096811,"PER_OI":6.771441109562,"BPS":12.145911891247,"BASIC_EPS":0.95,"DILUTED_EPS":0.94,"OPERATE_INCOME":29408000000,"OPERATE_INCOME_YOY":16.6197406511,"GROSS_PROFIT":16120000000,"GROSS_PROFIT_YOY":37.636612021858,"HOLDER_PROFIT":4119000000,"HOLDER_PROFIT_YOY":571.8213058419,"GROSS_PROFIT_RATIO":54.815016322089,"EPS_TTM":2.622183465577,"OPERATE_INCOME_QOQ":3.693487265356,"NET_PROFIT_RATIO":14.0097932535,"ROE_AVG":8.129311110453,"GROSS_PROFIT_QOQ":7.680646791309,"ROA":3.886087354413,"HOLDER_PROFIT_QOQ":78.048780487805,"ROE_YEARLY":32.517244441813,"ROIC_YEARLY":19.548078235025,"TOTAL_ASSETS":105691000000,"TOTAL_LIABILITIES":53405000000,"TAX_EBT":-0.365408038977,"OCF_SALES":19.708922742111,"TOTAL_PARENT_EQUITY":52274000000,"DEBT_ASSET_RATIO":50.529373362,"OPERATE_PROFIT":3994000000,"PRETAX_PROFIT":4105000000,"NETCASH_OPERATE":5796000000,"NETCASH_INVEST":-4903000000,"NETCASH_FINANCE":-2805000000,"END_CASH":11004000000,"DIVI_RATIO":null,"DIVIDEND_RATE":null,"CURRENT_RATIO":1.290882018043,"COMMON_ACS":9433962264,"CURRENTDEBT_DEBT":85.51259245389,"ISSUED_COMMON_SHARES":4303834942,"HK_COMMON_SHARES":3564877644,"PER_SHARES":100,"TOTAL_MARKET_CAP":196039681608.1,"HKSK_MARKET_CAP":162380176684.2,"PE_TTM":11.792961111015,"PB_TTM":3.03038541735,"REPORT_DATE_SQ":"2023-03-31 00:00:00","REPORT_TYPE_SQ":"2023年一季报","OPERATE_INCOME_SQ":25217000000,"DPS_HKD":null,"OPERATE_INCOME_QOQ_SQ":4.406337727928,"NET_PROFIT_RATIO_SQ":-3.473847008,"HOLDER_PROFIT_SQ":-873000000,"HOLDER_PROFIT_QOQ_SQ":39.303961249114,"ROE_AVG_SQ":-2.194542552256,"PE_TTM_SQ":167.464235410362,"PB_TTM_SQ":3.811989124226,"ROA_SQ":-0.998226016299,"START_DATE":"2024-01-01 00:00:00","FISCAL_YEAR":"12-31","CURRENCY":"HKD","IS_CNY_CODE":0,"DPS_HKD_LY":null,"ORG_TYPE":"一般企业","PREMIUM_INCOME":null,"PREMIUM_INCOME_YOY":null,"NET_INTEREST_INCOME":null,"NET_INTEREST_INCOME_YOY":null,"FEE_COMMISSION_INCOME":null,"FEE_COMMISSION_INCOME_YOY":null,"ACCOUNTS_RECE_TDAYS":4.718491776976,"INVENTORY_TDAYS":null,"CURRENT_ASSETS_TDAYS":0.492955503591,"TOTAL_ASSETS_TDAYS":0.277450975767,"PREMIUM_EXPENSE":null,"LOAN_DEPOSIT":null,"LOAN_EQUITY":null,"LOAN_ASSETS":null,"DEPOSIT_EQUITY":null,"DEPOSIT_ASSETS":null,"EQUITY_MULTIPLIER":2.021401522397,"EQUITY_RATIO":1.02163599495},{"SECUCODE":"01024.HK","SECURITY_CODE":"01024","SECURITY_NAME_ABBR":"快手-W","ORG_CODE":"10000140159","STD_REPORT_DATE":"2023-12-31 00:00:00","REPORT_DATE":"2023-12-31 00:00:00","DATE_TYPE_CODE":"001","REPORT_TYPE":"2023年年报","PER_NETCASH_OPERATE":4.781725911613,"PER_OI":26.109544256327,"BPS":11.39983309332,"BASIC_EPS":1.48,"DILUTED_EPS":1.44,"OPERATE_INCOME":113470000000,"OPERATE_INCOME_YOY":20.4782179374,"GROSS_PROFIT":57391000000,"GROSS_PROFIT_YOY":36.220360304764,"HOLDER_PROFIT":6396000000,"HOLDER_PROFIT_YOY":146.7202337473,"GROSS_PROFIT_RATIO":50.578126377016,"EPS_TTM":1.471725082079,"OPERATE_INCOME_QOQ":3.908808157454,"NET_PROFIT_RATIO":5.6393760465,"ROE_AVG":14.390334447032,"GROSS_PROFIT_QOQ":8.335674210195,"ROA":6.539767368328,"HOLDER_PROFIT_QOQ":415.694994952704,"ROE_YEARLY":14.390334447032,"ROIC_YEARLY":8.459596939885,"TOTAL_ASSETS":106296000000,"TOTAL_LIABILITIES":57222000000,"TAX_EBT":7.112788503411,"OCF_SALES":18.31409183044,"TOTAL_PARENT_EQUITY":49063000000,"DEBT_ASSET_RATIO":53.8326936103,"OPERATE_PROFIT":6431000000,"PRETAX_PROFIT":6889000000,"NETCASH_OPERATE":20781000000,"NETCASH_INVEST":-19865000000,"NETCASH_FINANCE":-1364000000,"END_CASH":12905000000,"DIVI_RATIO":null,"DIVIDEND_RATE":null,"CURRENT_RATIO":1.237463610644,"COMMON_ACS":9433962264,"CURRENTDEBT_DEBT":85.243437838594,"ISSUED_COMMON_SHARES":4303834942,"HK_COMMON_SHARES":3564877644,"PER_SHARES":100,"TOTAL_MARKET_CAP":196039681608.1,"HKSK_MARKET_CAP":162380176684.2,"PE_TTM":11.792961111015,"PB_TTM":3.03038541735,"REPORT_DATE_SQ":"2022-12-31 00:00:00","REPORT_TYPE_SQ":"2022年年报","OPERATE_INCOME_SQ":94183000000,"DPS_HKD":null,"OPERATE_INCOME_QOQ_SQ":4.275910879056,"NET_PROFIT_RATIO_SQ":-14.5349261299,"HOLDER_PROFIT_SQ":-13690000000,"HOLDER_PROFIT_QOQ_SQ":25.373602615022,"ROE_AVG_SQ":-32.244183141831,"PE_TTM_SQ":167.464235410362,"PB_TTM_SQ":3.811989124226,"ROA_SQ":-15.059434037659,"START_DATE":"2023-01-01 00:00:00","FISCAL_YEAR":"12-31","CURRENCY":"HKD","IS_CNY_CODE":0,"DPS_HKD_LY":null,"ORG_TYPE":"一般企业","PREMIUM_INCOME":null,"PREMIUM_INCOME_YOY":null,"NET_INTEREST_INCOME":null,"NET_INTEREST_INCOME_YOY":null,"FEE_COMMISSION_INCOME":null,"FEE_COMMISSION_INCOME_YOY":null,"ACCOUNTS_RECE_TDAYS":17.806198509219,"INVENTORY_TDAYS":null,"CURRENT_ASSETS_TDAYS":2.136515890316,"TOTAL_ASSETS_TDAYS":1.160205446035,"PREMIUM_EXPENSE":null,"LOAN_DEPOSIT":null,"LOAN_EQUITY":null,"LOAN_ASSETS":null,"DEPOSIT_EQUITY":null,"DEPOSIT_ASSETS":null,"EQUITY_MULTIPLIER":2.1660349676,"EQUITY_RATIO":1.166296394432},{"SECUCODE":"01024.HK","SECURITY_CODE":"01024","SECURITY_NAME_ABBR":"快手-W","ORG_CODE":"10000140159","STD_REPORT_DATE":"2023-09-30 00:00:00","REPORT_DATE":"2023-09-30 00:00:00","DATE_TYPE_CODE":"004","REPORT_TYPE":"2023年三季报","PER_NETCASH_OPERATE":3.645721082907,"PER_OI":18.582061679282,"BPS":10.656542506411,"BASIC_EPS":0.65,"DILUTED_EPS":0.63,"OPERATE_INCOME":80909000000,"OPERATE_INCOME_YOY":22.7940506905,"GROSS_PROFIT":40099000000,"GROSS_PROFIT_YOY":37.067168005469,"HOLDER_PROFIT":2788000000,"HOLDER_PROFIT_YOY":122.9597298855,"GROSS_PROFIT_RATIO":49.56061748384,"EPS_TTM":0.284847624799,"OPERATE_INCOME_QOQ":4.617675530732,"NET_PROFIT_RATIO":3.4446106119,"ROE_AVG":6.506873293346,"GROSS_PROFIT_QOQ":7.618055017918,"ROA":2.978182442175,"HOLDER_PROFIT_QOQ":133.945237362784,"ROE_YEARLY":8.675831057795,"ROIC_YEARLY":3.871445836022,"TOTAL_ASSETS":97921000000,"TOTAL_LIABILITIES":52050000000,"TAX_EBT":11.664025356577,"OCF_SALES":19.619572606261,"TOTAL_PARENT_EQUITY":45864000000,"DEBT_ASSET_RATIO":53.1550944128,"OPERATE_PROFIT":2809000000,"PRETAX_PROFIT":3155000000,"NETCASH_OPERATE":11876000000,"NETCASH_INVEST":-14662000000,"NETCASH_FINANCE":675000000,"END_CASH":11272000000,"DIVI_RATIO":null,"DIVIDEND_RATE":null,"CURRENT_RATIO":1.207217482549,"COMMON_ACS":9433962264,"CURRENTDEBT_DEBT":84.222862632085,"ISSUED_COMMON_SHARES":4303834942,"HK_COMMON_SHARES":3564877644,"PER_SHARES":100,"TOTAL_MARKET_CAP":196039681608.1,"HKSK_MARKET_CAP":162380176684.2,"PE_TTM":11.792961111015,"PB_TTM":3.03038541735,"REPORT_DATE_SQ":"2022-09-30 00:00:00","REPORT_TYPE_SQ":"2022年三季报","OPERATE_INCOME_SQ":65890000000,"DPS_HKD":null,"OPERATE_INCOME_QOQ_SQ":3.00557009357,"NET_PROFIT_RATIO_SQ":-18.4281410548,"HOLDER_PROFIT_SQ":-12143000000,"HOLDER_PROFIT_QOQ_SQ":19.247674821821,"ROE_AVG_SQ":-28.328095534465,"PE_TTM_SQ":167.464235410362,"PB_TTM_SQ":3.811989124226,"ROA_SQ":-13.85141512451,"START_DATE":"2023-01-01 00:00:00","FISCAL_YEAR":"12-31","CURRENCY":"HKD","IS_CNY_CODE":0,"DPS_HKD_LY":null,"ORG_TYPE":"一般企业","PREMIUM_INCOME":null,"PREMIUM_INCOME_YOY":null,"NET_INTEREST_INCOME":null,"NET_INTEREST_INCOME_YOY":null,"FEE_COMMISSION_INCOME":null,"FEE_COMMISSION_INCOME_YOY":null,"ACCOUNTS_RECE_TDAYS":13.512985386221,"INVENTORY_TDAYS":null,"CURRENT_ASSETS_TDAYS":1.638154608882,"TOTAL_ASSETS_TDAYS":0.864281790581,"PREMIUM_EXPENSE":null,"LOAN_DEPOSIT":null,"LOAN_EQUITY":null,"LOAN_ASSETS":null,"DEPOSIT_EQUITY":null,"DEPOSIT_ASSETS":null,"EQUITY_MULTIPLIER":2.134703843385,"EQUITY_RATIO":1.134877027734},{"SECUCODE":"01024.HK","SECURITY_CODE":"01024","SECURITY_NAME_ABBR":"快手-W","ORG_CODE":"10000140159","STD_REPORT_DATE":"2023-06-30 00:00:00","REPORT_DATE":"2023-06-30 00:00:00","DATE_TYPE_CODE":"002","REPORT_TYPE":"2023年中报","PER_NETCASH_OPERATE":1.891308012942,"PER_OI":12.215312643102,"BPS":10.011768708764,"BASIC_EPS":0.14,"DILUTED_EPS":0.14,"OPERATE_INCOME":52961000000,"OPERATE_INCOME_YOY":23.850615032,"GROSS_PROFIT":25646000000,"GROSS_PROFIT_YOY":38.238464855541,"HOLDER_PROFIT":607000000,"HOLDER_PROFIT_YOY":106.4369034995,"GROSS_PROFIT_RATIO":48.424312229754,"EPS_TTM":-0.842723488871,"OPERATE_INCOME_QOQ":6.151576179445,"NET_PROFIT_RATIO":1.1423500312,"ROE_AVG":1.464079402791,"GROSS_PROFIT_QOQ":9.240773479371,"ROA":0.668755239593,"HOLDER_PROFIT_QOQ":56.030687872966,"ROE_YEARLY":2.928158805581,"ROIC_YEARLY":1.814501209685,"TOTAL_ASSETS":92224000000,"TOTAL_LIABILITIES":49129000000,"TAX_EBT":27.544910179641,"OCF_SALES":15.483091331357,"TOTAL_PARENT_EQUITY":43089000000,"DEBT_ASSET_RATIO":53.2713827203,"OPERATE_PROFIT":598000000,"PRETAX_PROFIT":835000000,"NETCASH_OPERATE":5486000000,"NETCASH_INVEST":-6596000000,"NETCASH_FINANCE":932000000,"END_CASH":13218000000,"DIVI_RATIO":null,"DIVIDEND_RATE":null,"CURRENT_RATIO":1.225047057961,"COMMON_ACS":9433962264,"CURRENTDEBT_DEBT":83.264467015408,"ISSUED_COMMON_SHARES":4303834942,"HK_COMMON_SHARES":3564877644,"PER_SHARES":100,"TOTAL_MARKET_CAP":196039681608.1,"HKSK_MARKET_CAP":162380176684.2,"PE_TTM":11.792961111015,"PB_TTM":3.03038541735,"REPORT_DATE_SQ":"2022-06-30 00:00:00","REPORT_TYPE_SQ":"2022年中报","OPERATE_INCOME_SQ":42762000000,"DPS_HKD":null,"OPERATE_INCOME_QOQ_SQ":3.002889505941,"NET_PROFIT_RATIO_SQ":-22.052251044,"HOLDER_PROFIT_SQ":-9430000000,"HOLDER_PROFIT_QOQ_SQ":14.520474116645,"ROE_AVG_SQ":-22.075684716392,"PE_TTM_SQ":167.464235410362,"PB_TTM_SQ":3.811989124226,"ROA_SQ":-10.881327377359,"START_DATE":"2023-01-01 00:00:00","FISCAL_YEAR":"12-31","CURRENCY":"HKD","IS_CNY_CODE":0,"DPS_HKD_LY":null,"ORG_TYPE":"一般企业","PREMIUM_INCOME":null,"PREMIUM_INCOME_YOY":null,"NET_INTEREST_INCOME":null,"NET_INTEREST_INCOME_YOY":null,"FEE_COMMISSION_INCOME":null,"FEE_COMMISSION_INCOME_YOY":null,"ACCOUNTS_RECE_TDAYS":9.194618055556,"INVENTORY_TDAYS":null,"CURRENT_ASSETS_TDAYS":1.103679936195,"TOTAL_ASSETS_TDAYS":0.583491700891,"PREMIUM_EXPENSE":null,"LOAN_DEPOSIT":null,"LOAN_EQUITY":null,"LOAN_ASSETS":null,"DEPOSIT_EQUITY":null,"DEPOSIT_ASSETS":null,"EQUITY_MULTIPLIER":2.140016243182,"EQUITY_RATIO":1.140174986656},{"SECUCODE":"01024.HK","SECURITY_CODE":"01024","SECURITY_NAME_ABBR":"快手-W","ORG_CODE":"10000140159","STD_REPORT_DATE":"2023-03-31 00:00:00","REPORT_DATE":"2023-03-31 00:00:00","DATE_TYPE_CODE":"003","REPORT_TYPE":"2023年一季报","PER_NETCASH_OPERATE":0.414203430402,"PER_OI":5.818923623654,"BPS":9.231534325881,"BASIC_EPS":-0.2,"DILUTED_EPS":-0.2,"OPERATE_INCOME":25217000000,"OPERATE_INCOME_YOY":19.6990553947,"GROSS_PROFIT":11712000000,"GROSS_PROFIT_YOY":33.363698474152,"HOLDER_PROFIT":-873000000,"HOLDER_PROFIT_YOY":86.0409338024,"GROSS_PROFIT_RATIO":46.444858627117,"EPS_TTM":-1.917503899791,"OPERATE_INCOME_QOQ":4.406337727928,"NET_PROFIT_RATIO":-3.473847008,"ROE_AVG":-2.194542552256,"GROSS_PROFIT_QOQ":6.954472156394,"ROA":-0.998226016299,"HOLDER_PROFIT_QOQ":39.303961249114,"ROE_YEARLY":-8.778170209022,"ROIC_YEARLY":-5.380549120785,"TOTAL_ASSETS":85603000000,"TOTAL_LIABILITIES":45867000000,"TAX_EBT":-45.757071547421,"OCF_SALES":7.118213903319,"TOTAL_PARENT_EQUITY":39731000000,"DEBT_ASSET_RATIO":53.5810660841,"OPERATE_PROFIT":-698000000,"PRETAX_PROFIT":-601000000,"NETCASH_OPERATE":354000000,"NETCASH_INVEST":-2060000000,"NETCASH_FINANCE":990000000,"END_CASH":12473000000,"DIVI_RATIO":null,"DIVIDEND_RATE":null,"CURRENT_RATIO":1.15303171023,"COMMON_ACS":9433962264,"CURRENTDEBT_DEBT":82.161466849805,"ISSUED_COMMON_SHARES":4303834942,"HK_COMMON_SHARES":3564877644,"PER_SHARES":100,"TOTAL_MARKET_CAP":196039681608.1,"HKSK_MARKET_CAP":162380176684.2,"PE_TTM":11.792961111015,"PB_TTM":3.03038541735,"REPORT_DATE_SQ":"2022-03-31 00:00:00","REPORT_TYPE_SQ":"2022年一季报","OPERATE_INCOME_SQ":21067000000,"DPS_HKD":null,"OPERATE_INCOME_QOQ_SQ":4.991553376662,"NET_PROFIT_RATIO_SQ":-29.6862006286,"HOLDER_PROFIT_SQ":-6254000000,"HOLDER_PROFIT_QOQ_SQ":65.958192830838,"ROE_AVG_SQ":-14.620046520441,"PE_TTM_SQ":167.464235410362,"PB_TTM_SQ":3.811989124226,"ROA_SQ":-7.043791664701,"START_DATE":"2023-01-01 00:00:00","FISCAL_YEAR":"12-31","CURRENCY":"HKD","IS_CNY_CODE":0,"DPS_HKD_LY":null,"ORG_TYPE":"一般企业","PREMIUM_INCOME":null,"PREMIUM_INCOME_YOY":null,"NET_INTEREST_INCOME":null,"NET_INTEREST_INCOME_YOY":null,"FEE_COMMISSION_INCOME":null,"FEE_COMMISSION_INCOME_YOY":null,"ACCOUNTS_RECE_TDAYS":4.422095572117,"INVENTORY_TDAYS":null,"CURRENT_ASSETS_TDAYS":0.5647030012,"TOTAL_ASSETS_TDAYS":0.288342101409,"PREMIUM_EXPENSE":null,"LOAN_DEPOSIT":null,"LOAN_EQUITY":null,"LOAN_ASSETS":null,"DEPOSIT_EQUITY":null,"DEPOSIT_ASSETS":null,"EQUITY_MULTIPLIER":2.154293336016,"EQUITY_RATIO":1.154438599582},{"SECUCODE":"01024.HK","SECURITY_CODE":"01024","SECURITY_NAME_ABBR":"快手-W","ORG_CODE":"10000140159","STD_REPORT_DATE":"2022-12-31 00:00:00","REPORT_DATE":"2022-12-31 00:00:00","DATE_TYPE_CODE":"001","REPORT_TYPE":"2022年年报","PER_NETCASH_OPERATE":0.509981244208,"PER_OI":21.85211631663,"BPS":9.254468523249,"BASIC_EPS":-3.22,"DILUTED_EPS":-3.22,"OPERATE_INCOME":94183000000,"OPERATE_INCOME_YOY":16.1578250273,"GROSS_PROFIT":42131000000,"GROSS_PROFIT_YOY":23.806539022304,"HOLDER_PROFIT":-13690000000,"HOLDER_PROFIT_YOY":82.4643356273,"GROSS_PROFIT_RATIO":44.733526035754,"EPS_TTM":-3.176491172757,"OPERATE_INCOME_QOQ":4.275910879056,"NET_PROFIT_RATIO":-14.5349261299,"ROE_AVG":-32.244183141831,"GROSS_PROFIT_QOQ":6.923315638813,"ROA":-15.059434037659,"HOLDER_PROFIT_QOQ":25.373602615022,"ROE_YEARLY":-32.244183141831,"ROIC_YEARLY":-22.121462650752,"TOTAL_ASSETS":89307000000,"TOTAL_LIABILITIES":49469000000,"TAX_EBT":-9.241082116351,"OCF_SALES":2.333796073119,"TOTAL_PARENT_EQUITY":39830000000,"DEBT_ASSET_RATIO":55.3924781592,"OPERATE_PROFIT":-12558000000,"PRETAX_PROFIT":-12531000000,"NETCASH_OPERATE":795000000,"NETCASH_INVEST":-18028000000,"NETCASH_FINANCE":-2599000000,"END_CASH":13274000000,"DIVI_RATIO":null,"DIVIDEND_RATE":null,"CURRENT_RATIO":1.126480858233,"COMMON_ACS":9433962264,"CURRENTDEBT_DEBT":82.291940407124,"ISSUED_COMMON_SHARES":4303834942,"HK_COMMON_SHARES":3564877644,"PER_SHARES":100,"TOTAL_MARKET_CAP":196039681608.1,"HKSK_MARKET_CAP":162380176684.2,"PE_TTM":11.792961111015,"PB_TTM":3.03038541735,"REPORT_DATE_SQ":"2021-12-31 00:00:00","REPORT_TYPE_SQ":"2021年年报","OPERATE_INCOME_SQ":81081513000,"DPS_HKD":null,"OPERATE_INCOME_QOQ_SQ":8.470383555918,"NET_PROFIT_RATIO_SQ":-96.2945782721,"HOLDER_PROFIT_SQ":-78073643000,"HOLDER_PROFIT_QOQ_SQ":14.332236126823,"ROE_AVG_SQ":135.826945999687,"PE_TTM_SQ":167.464235410362,"PB_TTM_SQ":3.811989124226,"ROA_SQ":-107.93878355114,"START_DATE":"2022-01-01 00:00:00","FISCAL_YEAR":"12-31","CURRENCY":"HKD","IS_CNY_CODE":0,"DPS_HKD_LY":null,"ORG_TYPE":"一般企业","PREMIUM_INCOME":null,"PREMIUM_INCOME_YOY":null,"NET_INTEREST_INCOME":null,"NET_INTEREST_INCOME_YOY":null,"FEE_COMMISSION_INCOME":null,"FEE_COMMISSION_INCOME_YOY":null,"ACCOUNTS_RECE_TDAYS":17.541850079139,"INVENTORY_TDAYS":null,"CURRENT_ASSETS_TDAYS":1.905187999729,"TOTAL_ASSETS_TDAYS":1.035982208664,"PREMIUM_EXPENSE":null,"LOAN_DEPOSIT":null,"LOAN_EQUITY":null,"LOAN_ASSETS":null,"DEPOSIT_EQUITY":null,"DEPOSIT_ASSETS":null,"EQUITY_MULTIPLIER":2.241774388564,"EQUITY_RATIO":1.242003514938},{"SECUCODE":"01024.HK","SECURITY_CODE":"01024","SECURITY_NAME_ABBR":"快手-W","ORG_CODE":"10000140159","STD_REPORT_DATE":"2022-09-30 00:00:00","REPORT_DATE":"2022-09-30 00:00:00","DATE_TYPE_CODE":"004","REPORT_TYPE":"2022年三季报","PER_NETCASH_OPERATE":-0.643686744964,"PER_OI":15.326401012427,"BPS":9.444224638669,"BASIC_EPS":-2.86,"DILUTED_EPS":-2.86,"OPERATE_INCOME":65890000000,"OPERATE_INCOME_YOY":16.3085271918,"GROSS_PROFIT":29255000000,"GROSS_PROFIT_YOY":22.502516839438,"HOLDER_PROFIT":-12143000000,"HOLDER_PROFIT_YOY":83.1036823571,"GROSS_PROFIT_RATIO":44.398982137536,"EPS_TTM":-4.267316645137,"OPERATE_INCOME_QOQ":3.00557009357,"NET_PROFIT_RATIO":-18.4281410548,"ROE_AVG":-28.328095534465,"GROSS_PROFIT_QOQ":5.897544811698,"ROA":-13.85141512451,"HOLDER_PROFIT_QOQ":19.247674821821,"ROE_YEARLY":-37.770794045954,"ROIC_YEARLY":-21.170201590202,"TOTAL_ASSETS":82826334000,"TOTAL_LIABILITIES":42171931000,"TAX_EBT":-6.808585503167,"OCF_SALES":-4.199840650143,"TOTAL_PARENT_EQUITY":40646384000,"DEBT_ASSET_RATIO":50.916090286,"OPERATE_PROFIT":-11315000000,"PRETAX_PROFIT":-11368000000,"NETCASH_OPERATE":-2767000000,"NETCASH_INVEST":-13005000000,"NETCASH_FINANCE":-2439000000,"END_CASH":14959000000,"DIVI_RATIO":null,"DIVIDEND_RATE":null,"CURRENT_RATIO":1.253745075864,"COMMON_ACS":9433962264,"CURRENTDEBT_DEBT":82.277384926955,"ISSUED_COMMON_SHARES":4303834942,"HK_COMMON_SHARES":3564877644,"PER_SHARES":100,"TOTAL_MARKET_CAP":196039681608.1,"HKSK_MARKET_CAP":162380176684.2,"PE_TTM":11.792961111015,"PB_TTM":3.03038541735,"REPORT_DATE_SQ":"2021-09-30 00:00:00","REPORT_TYPE_SQ":"2021年三季报","OPERATE_INCOME_SQ":56651253000,"DPS_HKD":null,"OPERATE_INCOME_QOQ_SQ":7.378517722727,"NET_PROFIT_RATIO_SQ":-126.8716121778,"HOLDER_PROFIT_SQ":-71871601000,"HOLDER_PROFIT_QOQ_SQ":19.583775976611,"ROE_AVG_SQ":130.664231194435,"PE_TTM_SQ":167.464235410362,"PB_TTM_SQ":3.811989124226,"ROA_SQ":-100.267632722695,"START_DATE":"2022-01-01 00:00:00","FISCAL_YEAR":"12-31","CURRENCY":"HKD","IS_CNY_CODE":0,"DPS_HKD_LY":null,"ORG_TYPE":"一般企业","PREMIUM_INCOME":null,"PREMIUM_INCOME_YOY":null,"NET_INTEREST_INCOME":null,"NET_INTEREST_INCOME_YOY":null,"FEE_COMMISSION_INCOME":null,"FEE_COMMISSION_INCOME_YOY":null,"ACCOUNTS_RECE_TDAYS":14.818264855176,"INVENTORY_TDAYS":null,"CURRENT_ASSETS_TDAYS":1.365413082177,"TOTAL_ASSETS_TDAYS":0.751563770831,"PREMIUM_EXPENSE":null,"LOAN_DEPOSIT":null,"LOAN_EQUITY":null,"LOAN_ASSETS":null,"DEPOSIT_EQUITY":null,"DEPOSIT_ASSETS":null,"EQUITY_MULTIPLIER":2.037327518991,"EQUITY_RATIO":1.037532170143}],"count":24},"success":true,"message":"ok","code":0}