{"version":"22c6e8495b2c258329861113c2a2741e","result":{"pages":7,"data":[{"SECUCODE":"01026.HK","SECURITY_CODE":"01026","SECURITY_NAME_ABBR":"环球实业科技","ORG_CODE":"10010709","STD_REPORT_DATE":"2024-06-30 00:00:00","REPORT_DATE":"2024-06-30 00:00:00","DATE_TYPE_CODE":"002","REPORT_TYPE":"2024年中报","PER_NETCASH_OPERATE":0.008512607582,"PER_OI":0.024344037968,"BPS":0.123212296652,"BASIC_EPS":-0.006753832,"DILUTED_EPS":-0.006753832,"OPERATE_INCOME":134208681.32,"OPERATE_INCOME_YOY":-3.9466722407,"GROSS_PROFIT":11238741.52,"GROSS_PROFIT_YOY":14.307847390707,"HOLDER_PROFIT":-37050244.6,"HOLDER_PROFIT_YOY":2.3970955953,"GROSS_PROFIT_RATIO":8.374079388503,"EPS_TTM":-0.022339902478,"OPERATE_INCOME_QOQ":-2.398942454977,"NET_PROFIT_RATIO":-41.8595162157,"ROE_AVG":-5.260184440117,"GROSS_PROFIT_QOQ":8.735151191843,"ROA":-2.030046386772,"HOLDER_PROFIT_QOQ":1.04192726481,"ROE_YEARLY":-10.520368880233,"ROIC_YEARLY":-4.123016093677,"TOTAL_ASSETS":1786145791.12,"TOTAL_LIABILITIES":1289773820.96,"TAX_EBT":-49.711784020431,"OCF_SALES":34.967935858115,"TOTAL_PARENT_EQUITY":679269391.44,"DEBT_ASSET_RATIO":72.2098849586,"OPERATE_PROFIT":-18250861.96,"PRETAX_PROFIT":-37524838.2,"NETCASH_OPERATE":46930005.6,"NETCASH_INVEST":-9592266.8,"NETCASH_FINANCE":-46753858.36,"END_CASH":195145586.88,"DIVI_RATIO":null,"DIVIDEND_RATE":null,"CURRENT_RATIO":0.62675588095,"COMMON_ACS":20000000000,"CURRENTDEBT_DEBT":57.256866113962,"ISSUED_COMMON_SHARES":5513000000,"HK_COMMON_SHARES":5513000000,"PER_SHARES":10000,"TOTAL_MARKET_CAP":518222000,"HKSK_MARKET_CAP":518222000,"PE_TTM":-3.800981377302,"PB_TTM":0.696293489623,"REPORT_DATE_SQ":"2023-06-30 00:00:00","REPORT_TYPE_SQ":"2023年中报","OPERATE_INCOME_SQ":141146840.18,"DPS_HKD":null,"OPERATE_INCOME_QOQ_SQ":-1.122414570746,"NET_PROFIT_RATIO_SQ":-40.7554983637,"HOLDER_PROFIT_SQ":-38346992.16,"HOLDER_PROFIT_QOQ_SQ":-1.233021751422,"ROE_AVG_SQ":-4.512560567824,"PE_TTM_SQ":-4.101292090838,"PB_TTM_SQ":0.473275010025,"ROA_SQ":-1.693895366773,"START_DATE":"2024-01-01 00:00:00","FISCAL_YEAR":"12-31","CURRENCY":"HKD","IS_CNY_CODE":0,"DPS_HKD_LY":null,"ORG_TYPE":"一般企业","PREMIUM_INCOME":null,"PREMIUM_INCOME_YOY":null,"NET_INTEREST_INCOME":null,"NET_INTEREST_INCOME_YOY":null,"FEE_COMMISSION_INCOME":null,"FEE_COMMISSION_INCOME_YOY":null,"ACCOUNTS_RECE_TDAYS":4.298735657385,"INVENTORY_TDAYS":6.878972761851,"CURRENT_ASSETS_TDAYS":0.284860542333,"TOTAL_ASSETS_TDAYS":0.073535236144,"PREMIUM_EXPENSE":null,"LOAN_DEPOSIT":null,"LOAN_EQUITY":null,"LOAN_ASSETS":null,"DEPOSIT_EQUITY":null,"DEPOSIT_ASSETS":null,"EQUITY_MULTIPLIER":3.598401800461,"EQUITY_RATIO":1.898766288035},{"SECUCODE":"01026.HK","SECURITY_CODE":"01026","SECURITY_NAME_ABBR":"环球实业科技","ORG_CODE":"10010709","STD_REPORT_DATE":"2023-12-31 00:00:00","REPORT_DATE":"2023-12-31 00:00:00","DATE_TYPE_CODE":"001","REPORT_TYPE":"2023年年报","PER_NETCASH_OPERATE":0.022504600316,"PER_OI":0.052460982104,"BPS":0.131375435023,"BASIC_EPS":-0.022564878,"DILUTED_EPS":-0.022564878,"OPERATE_INCOME":289217394.34,"OPERATE_INCOME_YOY":-8.5538681948,"GROSS_PROFIT":16104435.62,"GROSS_PROFIT_YOY":-38.588304475202,"HOLDER_PROFIT":-124456629.92,"HOLDER_PROFIT_YOY":-31.9675596725,"GROSS_PROFIT_RATIO":5.568280447568,"EPS_TTM":-0.022575118796,"OPERATE_INCOME_QOQ":-6.175041507733,"NET_PROFIT_RATIO":-60.382519654,"ROE_AVG":-15.630190796538,"GROSS_PROFIT_QOQ":-38.606031746413,"ROA":-6.017505782061,"HOLDER_PROFIT_QOQ":-32.250060494724,"ROE_YEARLY":-15.630190796538,"ROIC_YEARLY":-7.173394466182,"TOTAL_ASSETS":1850847416.04,"TOTAL_LIABILITIES":1294869665.18,"TAX_EBT":6.205617665812,"OCF_SALES":42.897786913241,"TOTAL_PARENT_EQUITY":724272773.28,"DEBT_ASSET_RATIO":69.9609083903,"OPERATE_PROFIT":-142151481.64,"PRETAX_PROFIT":-186191054.98,"NETCASH_OPERATE":124067861.54,"NETCASH_INVEST":-268701479.76,"NETCASH_FINANCE":-150604701.8,"END_CASH":205170020.44,"DIVI_RATIO":null,"DIVIDEND_RATE":null,"CURRENT_RATIO":0.669084202334,"COMMON_ACS":20000000000,"CURRENTDEBT_DEBT":54.945344884661,"ISSUED_COMMON_SHARES":5513000000,"HK_COMMON_SHARES":5513000000,"PER_SHARES":10000,"TOTAL_MARKET_CAP":611943000,"HKSK_MARKET_CAP":611943000,"PE_TTM":-4.488392902984,"PB_TTM":0.822218907959,"REPORT_DATE_SQ":"2022-12-31 00:00:00","REPORT_TYPE_SQ":"2022年年报","OPERATE_INCOME_SQ":311751230,"DPS_HKD":null,"OPERATE_INCOME_QOQ_SQ":3.305723351103,"NET_PROFIT_RATIO_SQ":-46.8641833811,"HOLDER_PROFIT_SQ":-92960822.36,"HOLDER_PROFIT_QOQ_SQ":-92.663300273358,"ROE_AVG_SQ":-10.002047157671,"PE_TTM_SQ":-9.01204972592,"PB_TTM_SQ":1.039959561502,"ROA_SQ":-3.844671119507,"START_DATE":"2023-01-01 00:00:00","FISCAL_YEAR":"12-31","CURRENCY":"HKD","IS_CNY_CODE":0,"DPS_HKD_LY":null,"ORG_TYPE":"一般企业","PREMIUM_INCOME":null,"PREMIUM_INCOME_YOY":null,"NET_INTEREST_INCOME":null,"NET_INTEREST_INCOME_YOY":null,"FEE_COMMISSION_INCOME":null,"FEE_COMMISSION_INCOME_YOY":null,"ACCOUNTS_RECE_TDAYS":8.275453449326,"INVENTORY_TDAYS":17.749403692688,"CURRENT_ASSETS_TDAYS":0.486076292535,"TOTAL_ASSETS_TDAYS":0.139837254458,"PREMIUM_EXPENSE":null,"LOAN_DEPOSIT":null,"LOAN_EQUITY":null,"LOAN_ASSETS":null,"DEPOSIT_EQUITY":null,"DEPOSIT_ASSETS":null,"EQUITY_MULTIPLIER":3.328995473608,"EQUITY_RATIO":1.787820435823},{"SECUCODE":"01026.HK","SECURITY_CODE":"01026","SECURITY_NAME_ABBR":"环球实业科技","ORG_CODE":"10010709","STD_REPORT_DATE":"2023-06-30 00:00:00","REPORT_DATE":"2023-06-30 00:00:00","DATE_TYPE_CODE":"002","REPORT_TYPE":"2023年中报","PER_NETCASH_OPERATE":0.010503681818,"PER_OI":0.02560254674,"BPS":0.148054468366,"BASIC_EPS":-0.00691485,"DILUTED_EPS":-0.00691485,"OPERATE_INCOME":141146840.18,"OPERATE_INCOME_YOY":-9.4880542039,"GROSS_PROFIT":9831994.72,"GROSS_PROFIT_YOY":0.077073230823,"HOLDER_PROFIT":-38346992.16,"HOLDER_PROFIT_YOY":4.3862068966,"GROSS_PROFIT_RATIO":6.96579158801,"EPS_TTM":-0.017070025307,"OPERATE_INCOME_QOQ":-1.122414570746,"NET_PROFIT_RATIO":-40.7554983637,"ROE_AVG":-4.512560567824,"GROSS_PROFIT_QOQ":0.02887461377,"ROA":-1.693895366773,"HOLDER_PROFIT_QOQ":-1.233021751422,"ROE_YEARLY":-9.025121135648,"ROIC_YEARLY":-4.440867577166,"TOTAL_ASSETS":2202281995.12,"TOTAL_LIABILITIES":1291854404.52,"TAX_EBT":-21.247983831788,"OCF_SALES":41.025925756576,"TOTAL_PARENT_EQUITY":816224284.1,"DEBT_ASSET_RATIO":58.6598086613,"OPERATE_PROFIT":-23887579.82,"PRETAX_PROFIT":-47444168.82,"NETCASH_OPERATE":57906797.86,"NETCASH_INVEST":-171620123.14,"NETCASH_FINANCE":-53617746.9,"END_CASH":339017577.88,"DIVI_RATIO":null,"DIVIDEND_RATE":null,"CURRENT_RATIO":0.843653383227,"COMMON_ACS":20000000000,"CURRENTDEBT_DEBT":50.045461876969,"ISSUED_COMMON_SHARES":5513000000,"HK_COMMON_SHARES":5513000000,"PER_SHARES":10000,"TOTAL_MARKET_CAP":611943000,"HKSK_MARKET_CAP":611943000,"PE_TTM":-4.488392902984,"PB_TTM":0.822218907959,"REPORT_DATE_SQ":"2022-06-30 00:00:00","REPORT_TYPE_SQ":"2022年中报","OPERATE_INCOME_SQ":144645981.41,"DPS_HKD":null,"OPERATE_INCOME_QOQ_SQ":0.162288593656,"NET_PROFIT_RATIO_SQ":-37.4650435441,"HOLDER_PROFIT_SQ":-37200765,"HOLDER_PROFIT_QOQ_SQ":-50.92497320721,"ROE_AVG_SQ":-4.008712267996,"PE_TTM_SQ":-9.01204972592,"PB_TTM_SQ":1.039959561502,"ROA_SQ":-1.564198200093,"START_DATE":"2023-01-01 00:00:00","FISCAL_YEAR":"12-31","CURRENCY":"HKD","IS_CNY_CODE":0,"DPS_HKD_LY":null,"ORG_TYPE":"一般企业","PREMIUM_INCOME":null,"PREMIUM_INCOME_YOY":null,"NET_INTEREST_INCOME":null,"NET_INTEREST_INCOME_YOY":null,"FEE_COMMISSION_INCOME":null,"FEE_COMMISSION_INCOME_YOY":null,"ACCOUNTS_RECE_TDAYS":3.501023383454,"INVENTORY_TDAYS":9.44413500431,"CURRENT_ASSETS_TDAYS":0.221959476603,"TOTAL_ASSETS_TDAYS":0.062348561164,"PREMIUM_EXPENSE":null,"LOAN_DEPOSIT":null,"LOAN_EQUITY":null,"LOAN_ASSETS":null,"DEPOSIT_EQUITY":null,"DEPOSIT_ASSETS":null,"EQUITY_MULTIPLIER":2.418953487194,"EQUITY_RATIO":1.582719884332},{"SECUCODE":"01026.HK","SECURITY_CODE":"01026","SECURITY_NAME_ABBR":"环球实业科技","ORG_CODE":"10010709","STD_REPORT_DATE":"2022-12-31 00:00:00","REPORT_DATE":"2022-12-31 00:00:00","DATE_TYPE_CODE":"001","REPORT_TYPE":"2022年年报","PER_NETCASH_OPERATE":0.023982509071,"PER_OI":0.056548382006,"BPS":0.155239567225,"BASIC_EPS":-0.016882803,"DILUTED_EPS":-0.016882803,"OPERATE_INCOME":311751230,"OPERATE_INCOME_YOY":-5.2919802117,"GROSS_PROFIT":26223727.39,"GROSS_PROFIT_YOY":-33.66281165446,"HOLDER_PROFIT":-92960822.36,"HOLDER_PROFIT_YOY":-166.1449542223,"GROSS_PROFIT_RATIO":8.411747851003,"EPS_TTM":-0.016862111801,"OPERATE_INCOME_QOQ":3.305723351103,"NET_PROFIT_RATIO":-46.8641833811,"ROE_AVG":-10.002047157671,"GROSS_PROFIT_QOQ":-12.294311399935,"ROA":-3.844671119507,"HOLDER_PROFIT_QOQ":-92.663300273358,"ROE_YEARLY":-10.002047157671,"ROIC_YEARLY":-5.687580919923,"TOTAL_ASSETS":2252976116.09,"TOTAL_LIABILITIES":1283639709.24,"TAX_EBT":-8.645485283079,"OCF_SALES":42.410601719198,"TOTAL_PARENT_EQUITY":855835734.11,"DEBT_ASSET_RATIO":56.9752914855,"OPERATE_PROFIT":-86394394.59,"PRETAX_PROFIT":-134473759.07,"NETCASH_OPERATE":132215572.51,"NETCASH_INVEST":-218573343.03,"NETCASH_FINANCE":-84100477.23,"END_CASH":501883749.5,"DIVI_RATIO":null,"DIVIDEND_RATE":null,"CURRENT_RATIO":1.231329462604,"COMMON_ACS":20000000000,"CURRENTDEBT_DEBT":44.526072155278,"ISSUED_COMMON_SHARES":5513000000,"HK_COMMON_SHARES":5513000000,"PER_SHARES":10000,"TOTAL_MARKET_CAP":611943000,"HKSK_MARKET_CAP":611943000,"PE_TTM":-4.488392902984,"PB_TTM":0.822218907959,"REPORT_DATE_SQ":"2021-12-31 00:00:00","REPORT_TYPE_SQ":"2021年年报","OPERATE_INCOME_SQ":301286417.6,"DPS_HKD":null,"OPERATE_INCOME_QOQ_SQ":-1.320875350306,"NET_PROFIT_RATIO_SQ":-16.5190867867,"HOLDER_PROFIT_SQ":-31969795.2,"HOLDER_PROFIT_QOQ_SQ":25.890268888044,"ROE_AVG_SQ":-3.446658851114,"PE_TTM_SQ":-9.01204972592,"PB_TTM_SQ":1.039959561502,"ROA_SQ":-1.341697410897,"START_DATE":"2022-01-01 00:00:00","FISCAL_YEAR":"12-31","CURRENCY":"HKD","IS_CNY_CODE":0,"DPS_HKD_LY":null,"ORG_TYPE":"一般企业","PREMIUM_INCOME":null,"PREMIUM_INCOME_YOY":null,"NET_INTEREST_INCOME":null,"NET_INTEREST_INCOME_YOY":null,"FEE_COMMISSION_INCOME":null,"FEE_COMMISSION_INCOME_YOY":null,"ACCOUNTS_RECE_TDAYS":7.025666834424,"INVENTORY_TDAYS":20.291572766228,"CURRENT_ASSETS_TDAYS":0.360433863226,"TOTAL_ASSETS_TDAYS":0.128933987461,"PREMIUM_EXPENSE":null,"LOAN_DEPOSIT":null,"LOAN_EQUITY":null,"LOAN_ASSETS":null,"DEPOSIT_EQUITY":null,"DEPOSIT_ASSETS":null,"EQUITY_MULTIPLIER":2.324245845066,"EQUITY_RATIO":1.499866923148},{"SECUCODE":"01026.HK","SECURITY_CODE":"01026","SECURITY_NAME_ABBR":"环球实业科技","ORG_CODE":"10010709","STD_REPORT_DATE":"2022-06-30 00:00:00","REPORT_DATE":"2022-06-30 00:00:00","DATE_TYPE_CODE":"002","REPORT_TYPE":"2022年中报","PER_NETCASH_OPERATE":0.000742105743,"PER_OI":0.02623725402,"BPS":0.162480205347,"BASIC_EPS":-0.006756001,"DILUTED_EPS":-0.006756001,"OPERATE_INCOME":144645981.41,"OPERATE_INCOME_YOY":-2.3723080653,"GROSS_PROFIT":9824422.72,"GROSS_PROFIT_YOY":-49.503613506564,"HOLDER_PROFIT":-37200765,"HOLDER_PROFIT_YOY":-73.0172619521,"GROSS_PROFIT_RATIO":6.792046778094,"EPS_TTM":-0.008752114065,"OPERATE_INCOME_QOQ":0.162288593656,"NET_PROFIT_RATIO":-37.4650435441,"ROE_AVG":-4.008712267996,"GROSS_PROFIT_QOQ":-24.36387034365,"ROA":-1.564198200093,"HOLDER_PROFIT_QOQ":-50.92497320721,"ROE_YEARLY":-8.017424535992,"ROIC_YEARLY":-4.786361839602,"TOTAL_ASSETS":2283784039.81,"TOTAL_LIABILITIES":1244099625.16,"TAX_EBT":-4.743958477966,"OCF_SALES":2.828442878343,"TOTAL_PARENT_EQUITY":895753372.08,"DEBT_ASSET_RATIO":54.4753620952,"OPERATE_PROFIT":-30427660.2,"PRETAX_PROFIT":-51737284.62,"NETCASH_OPERATE":4091228.96,"NETCASH_INVEST":-16627459.17,"NETCASH_FINANCE":-47182542.68,"END_CASH":592795473.06,"DIVI_RATIO":null,"DIVIDEND_RATE":null,"CURRENT_RATIO":1.75410274568,"COMMON_ACS":20000000000,"CURRENTDEBT_DEBT":40.089457808964,"ISSUED_COMMON_SHARES":5513000000,"HK_COMMON_SHARES":5513000000,"PER_SHARES":10000,"TOTAL_MARKET_CAP":611943000,"HKSK_MARKET_CAP":611943000,"PE_TTM":-4.488392902984,"PB_TTM":0.822218907959,"REPORT_DATE_SQ":"2021-06-30 00:00:00","REPORT_TYPE_SQ":"2021年中报","OPERATE_INCOME_SQ":144157027.92,"DPS_HKD":null,"OPERATE_INCOME_QOQ_SQ":5.226746365379,"NET_PROFIT_RATIO_SQ":-24.4694053068,"HOLDER_PROFIT_SQ":-20920155.36,"HOLDER_PROFIT_QOQ_SQ":-41.05522565466,"ROE_AVG_SQ":-2.213018183771,"PE_TTM_SQ":-9.01204972592,"PB_TTM_SQ":1.039959561502,"ROA_SQ":-0.910533443598,"START_DATE":"2022-01-01 00:00:00","FISCAL_YEAR":"12-31","CURRENCY":"HKD","IS_CNY_CODE":0,"DPS_HKD_LY":null,"ORG_TYPE":"一般企业","PREMIUM_INCOME":null,"PREMIUM_INCOME_YOY":null,"NET_INTEREST_INCOME":null,"NET_INTEREST_INCOME_YOY":null,"FEE_COMMISSION_INCOME":null,"FEE_COMMISSION_INCOME_YOY":null,"ACCOUNTS_RECE_TDAYS":3.302851005663,"INVENTORY_TDAYS":9.618730933496,"CURRENT_ASSETS_TDAYS":0.155766450246,"TOTAL_ASSETS_TDAYS":0.060819981463,"PREMIUM_EXPENSE":null,"LOAN_DEPOSIT":null,"LOAN_EQUITY":null,"LOAN_ASSETS":null,"DEPOSIT_EQUITY":null,"DEPOSIT_ASSETS":null,"EQUITY_MULTIPLIER":2.196612748664,"EQUITY_RATIO":1.38888634298},{"SECUCODE":"01026.HK","SECURITY_CODE":"01026","SECURITY_NAME_ABBR":"环球实业科技","ORG_CODE":"10010709","STD_REPORT_DATE":"2021-12-31 00:00:00","REPORT_DATE":"2021-12-31 00:00:00","DATE_TYPE_CODE":"001","REPORT_TYPE":"2021年年报","PER_NETCASH_OPERATE":0.019077234464,"PER_OI":0.054650175512,"BPS":0.16652182144,"BASIC_EPS":-0.00580496,"DILUTED_EPS":-0.00580496,"OPERATE_INCOME":301286417.6,"OPERATE_INCOME_YOY":6.8899602028,"GROSS_PROFIT":39530960,"GROSS_PROFIT_YOY":-8.858296749024,"HOLDER_PROFIT":-31969795.2,"HOLDER_PROFIT_YOY":-7.6093238297,"GROSS_PROFIT_RATIO":13.120724231413,"EPS_TTM":-0.005798983348,"OPERATE_INCOME_QOQ":-1.320875350306,"NET_PROFIT_RATIO":-16.5190867867,"ROE_AVG":-3.446658851114,"GROSS_PROFIT_QOQ":-17.403320475209,"ROA":-1.341697410897,"HOLDER_PROFIT_QOQ":25.890268888044,"ROE_YEARLY":-3.446658851114,"ROIC_YEARLY":-2.293989322055,"TOTAL_ASSETS":2364054425.6,"TOTAL_LIABILITIES":1285512480,"TAX_EBT":5.621792585932,"OCF_SALES":34.907910697664,"TOTAL_PARENT_EQUITY":918034801.6,"DEBT_ASSET_RATIO":54.3774485934,"OPERATE_PROFIT":-9287118.4,"PRETAX_PROFIT":-52734382.4,"NETCASH_OPERATE":105172793.6,"NETCASH_INVEST":-48137835.2,"NETCASH_FINANCE":-361970324.8,"END_CASH":649133520,"DIVI_RATIO":null,"DIVIDEND_RATE":null,"CURRENT_RATIO":1.787001054751,"COMMON_ACS":20000000000,"CURRENTDEBT_DEBT":40.883164790434,"ISSUED_COMMON_SHARES":5513000000,"HK_COMMON_SHARES":5513000000,"PER_SHARES":10000,"TOTAL_MARKET_CAP":611943000,"HKSK_MARKET_CAP":611943000,"PE_TTM":-4.488392902984,"PB_TTM":0.822218907959,"REPORT_DATE_SQ":"2020-12-31 00:00:00","REPORT_TYPE_SQ":"2020年年报","OPERATE_INCOME_SQ":290153706.72,"DPS_HKD":null,"OPERATE_INCOME_QOQ_SQ":-2.722026807417,"NET_PROFIT_RATIO_SQ":-20.6695905415,"HOLDER_PROFIT_SQ":-30582672.68,"HOLDER_PROFIT_QOQ_SQ":71.530660309103,"ROE_AVG_SQ":-3.193725928621,"PE_TTM_SQ":-9.01204972592,"PB_TTM_SQ":1.039959561502,"ROA_SQ":-1.378279159469,"START_DATE":"2021-01-01 00:00:00","FISCAL_YEAR":"12-31","CURRENCY":"HKD","IS_CNY_CODE":0,"DPS_HKD_LY":null,"ORG_TYPE":"一般企业","PREMIUM_INCOME":null,"PREMIUM_INCOME_YOY":null,"NET_INTEREST_INCOME":null,"NET_INTEREST_INCOME_YOY":null,"FEE_COMMISSION_INCOME":null,"FEE_COMMISSION_INCOME_YOY":null,"ACCOUNTS_RECE_TDAYS":7.054135798924,"INVENTORY_TDAYS":19.517237174993,"CURRENT_ASSETS_TDAYS":0.311634814039,"TOTAL_ASSETS_TDAYS":0.126442851418,"PREMIUM_EXPENSE":null,"LOAN_DEPOSIT":null,"LOAN_EQUITY":null,"LOAN_ASSETS":null,"DEPOSIT_EQUITY":null,"DEPOSIT_ASSETS":null,"EQUITY_MULTIPLIER":2.191898456287,"EQUITY_RATIO":1.400287306929},{"SECUCODE":"01026.HK","SECURITY_CODE":"01026","SECURITY_NAME_ABBR":"环球实业科技","ORG_CODE":"10010709","STD_REPORT_DATE":"2021-06-30 00:00:00","REPORT_DATE":"2021-06-30 00:00:00","DATE_TYPE_CODE":"002","REPORT_TYPE":"2021年中报","PER_NETCASH_OPERATE":0.001023007118,"PER_OI":0.026148563018,"BPS":0.169955622739,"BASIC_EPS":-0.003827568,"DILUTED_EPS":-0.003827568,"OPERATE_INCOME":144157027.92,"OPERATE_INCOME_YOY":22.6845590058,"GROSS_PROFIT":19455694.56,"GROSS_PROFIT_YOY":29.977224874915,"HOLDER_PROFIT":-20920155.36,"HOLDER_PROFIT_YOY":-174.5659058644,"GROSS_PROFIT_RATIO":13.496181796143,"EPS_TTM":-0.007824860867,"OPERATE_INCOME_QOQ":5.226746365379,"NET_PROFIT_RATIO":-24.4694053068,"ROE_AVG":-2.213018183771,"GROSS_PROFIT_QOQ":10.34548092653,"ROA":-0.910533443598,"HOLDER_PROFIT_QOQ":-41.05522565466,"ROE_YEARLY":-4.426036367541,"ROIC_YEARLY":-3.169186961484,"TOTAL_ASSETS":2151090719.76,"TOTAL_LIABILITIES":1050076639.2,"TAX_EBT":-28.385826771654,"OCF_SALES":3.912288094015,"TOTAL_PARENT_EQUITY":936965348.16,"DEBT_ASSET_RATIO":48.8160089927,"OPERATE_PROFIT":-6709893.12,"PRETAX_PROFIT":-27475281.6,"NETCASH_OPERATE":5639838.24,"NETCASH_INVEST":-14134542.96,"NETCASH_FINANCE":-290137975.2,"END_CASH":661460331.84,"DIVI_RATIO":null,"DIVIDEND_RATE":null,"CURRENT_RATIO":2.765328739883,"COMMON_ACS":20000000000,"CURRENTDEBT_DEBT":25.024920958169,"ISSUED_COMMON_SHARES":5513000000,"HK_COMMON_SHARES":5513000000,"PER_SHARES":10000,"TOTAL_MARKET_CAP":611943000,"HKSK_MARKET_CAP":611943000,"PE_TTM":-4.488392902984,"PB_TTM":0.822218907959,"REPORT_DATE_SQ":"2020-06-30 00:00:00","REPORT_TYPE_SQ":"2020年中报","OPERATE_INCOME_SQ":128991429.6,"DPS_HKD":null,"OPERATE_INCOME_QOQ_SQ":9.676439102209,"NET_PROFIT_RATIO_SQ":-11.4024714088,"HOLDER_PROFIT_SQ":-8364370.08,"HOLDER_PROFIT_QOQ_SQ":-2.818558374364,"ROE_AVG_SQ":-0.819499377791,"PE_TTM_SQ":-9.01204972592,"PB_TTM_SQ":1.039959561502,"ROA_SQ":-0.407533109562,"START_DATE":"2021-01-01 00:00:00","FISCAL_YEAR":"12-31","CURRENCY":"HKD","IS_CNY_CODE":0,"DPS_HKD_LY":null,"ORG_TYPE":"一般企业","PREMIUM_INCOME":null,"PREMIUM_INCOME_YOY":null,"NET_INTEREST_INCOME":null,"NET_INTEREST_INCOME_YOY":null,"FEE_COMMISSION_INCOME":null,"FEE_COMMISSION_INCOME_YOY":null,"ACCOUNTS_RECE_TDAYS":3.429009688369,"INVENTORY_TDAYS":9.83540607055,"CURRENT_ASSETS_TDAYS":0.165821601726,"TOTAL_ASSETS_TDAYS":0.062743221927,"PREMIUM_EXPENSE":null,"LOAN_DEPOSIT":null,"LOAN_EQUITY":null,"LOAN_ASSETS":null,"DEPOSIT_EQUITY":null,"DEPOSIT_ASSETS":null,"EQUITY_MULTIPLIER":1.953735885616,"EQUITY_RATIO":1.120720890332},{"SECUCODE":"01026.HK","SECURITY_CODE":"01026","SECURITY_NAME_ABBR":"环球实业科技","ORG_CODE":"10010709","STD_REPORT_DATE":"2020-12-31 00:00:00","REPORT_DATE":"2020-12-31 00:00:00","DATE_TYPE_CODE":"001","REPORT_TYPE":"2020年年报","PER_NETCASH_OPERATE":0.01927528111,"PER_OI":0.052630819285,"BPS":0.174974864495,"BASIC_EPS":-0.005554824,"DILUTED_EPS":-0.005554824,"OPERATE_INCOME":290153706.72,"OPERATE_INCOME_YOY":13.5541077346,"GROSS_PROFIT":43373075.76,"GROSS_PROFIT_YOY":-26.567269815034,"HOLDER_PROFIT":-30582672.68,"HOLDER_PROFIT_YOY":68.8452766775,"GROSS_PROFIT_RATIO":14.948310069964,"EPS_TTM":-0.005547373967,"OPERATE_INCOME_QOQ":-2.722026807417,"NET_PROFIT_RATIO":-20.6695905415,"ROE_AVG":-3.193725928621,"GROSS_PROFIT_QOQ":-18.022561715062,"ROA":-1.378279159469,"HOLDER_PROFIT_QOQ":71.530660309103,"ROE_YEARLY":-3.193725928621,"ROIC_YEARLY":-2.435512897421,"TOTAL_ASSETS":2472132339.2,"TOTAL_LIABILITIES":1327054186.72,"TAX_EBT":-20.297121634169,"OCF_SALES":36.623562718275,"TOTAL_PARENT_EQUITY":964636427.96,"DEBT_ASSET_RATIO":53.68054799,"OPERATE_PROFIT":-17204804.88,"PRETAX_PROFIT":-49854545.4,"NETCASH_OPERATE":106264624.76,"NETCASH_INVEST":-247783865.84,"NETCASH_FINANCE":443334711.64,"END_CASH":961720987,"DIVI_RATIO":null,"DIVIDEND_RATE":null,"CURRENT_RATIO":3.809953262831,"COMMON_ACS":20000000000,"CURRENTDEBT_DEBT":20.246228312958,"ISSUED_COMMON_SHARES":5513000000,"HK_COMMON_SHARES":5513000000,"PER_SHARES":10000,"TOTAL_MARKET_CAP":611943000,"HKSK_MARKET_CAP":611943000,"PE_TTM":-4.488392902984,"PB_TTM":0.822218907959,"REPORT_DATE_SQ":"2019-12-31 00:00:00","REPORT_TYPE_SQ":"2019年年报","OPERATE_INCOME_SQ":271957016.44,"DPS_HKD":null,"OPERATE_INCOME_QOQ_SQ":13.576807563123,"NET_PROFIT_RATIO_SQ":-38.439647165,"HOLDER_PROFIT_SQ":-104478404.52,"HOLDER_PROFIT_QOQ_SQ":-435.240635702716,"ROE_AVG_SQ":-14.488398684996,"PE_TTM_SQ":-9.01204972592,"PB_TTM_SQ":1.039959561502,"ROA_SQ":-6.277609595376,"START_DATE":"2020-01-01 00:00:00","FISCAL_YEAR":"12-31","CURRENCY":"HKD","IS_CNY_CODE":0,"DPS_HKD_LY":null,"ORG_TYPE":"一般企业","PREMIUM_INCOME":null,"PREMIUM_INCOME_YOY":null,"NET_INTEREST_INCOME":null,"NET_INTEREST_INCOME_YOY":null,"FEE_COMMISSION_INCOME":null,"FEE_COMMISSION_INCOME_YOY":null,"ACCOUNTS_RECE_TDAYS":9.057775675889,"INVENTORY_TDAYS":13.218257635523,"CURRENT_ASSETS_TDAYS":0.341793706101,"TOTAL_ASSETS_TDAYS":0.130764505509,"PREMIUM_EXPENSE":null,"LOAN_DEPOSIT":null,"LOAN_EQUITY":null,"LOAN_ASSETS":null,"DEPOSIT_EQUITY":null,"DEPOSIT_ASSETS":null,"EQUITY_MULTIPLIER":2.158920187104,"EQUITY_RATIO":1.375703994018},{"SECUCODE":"01026.HK","SECURITY_CODE":"01026","SECURITY_NAME_ABBR":"环球实业科技","ORG_CODE":"10010709","STD_REPORT_DATE":"2020-06-30 00:00:00","REPORT_DATE":"2020-06-30 00:00:00","DATE_TYPE_CODE":"002","REPORT_TYPE":"2020年中报","PER_NETCASH_OPERATE":0.002780913651,"PER_OI":0.023397683584,"BPS":0.183150933314,"BASIC_EPS":-0.001552848,"DILUTED_EPS":-0.001552848,"OPERATE_INCOME":128991429.6,"OPERATE_INCOME_YOY":20.984047566,"GROSS_PROFIT":14968541.28,"GROSS_PROFIT_YOY":-29.14311691859,"HOLDER_PROFIT":-8364370.08,"HOLDER_PROFIT_YOY":-48.6284694043,"GROSS_PROFIT_RATIO":11.604291328825,"EPS_TTM":-0.019485432494,"OPERATE_INCOME_QOQ":9.676439102209,"NET_PROFIT_RATIO":-11.4024714088,"ROE_AVG":-0.819499377791,"GROSS_PROFIT_QOQ":-10.4232436128,"ROA":-0.407533109562,"HOLDER_PROFIT_QOQ":-2.818558374364,"ROE_YEARLY":-1.638998755582,"ROIC_YEARLY":-1.221536365119,"TOTAL_ASSETS":1971515003.04,"TOTAL_LIABILITIES":802030463.52,"TAX_EBT":22.33262589234,"OCF_SALES":11.885422936657,"TOTAL_PARENT_EQUITY":1009711095.36,"DEBT_ASSET_RATIO":40.6809211334,"OPERATE_PROFIT":-4394559.84,"PRETAX_PROFIT":-18937438.08,"NETCASH_OPERATE":15331176.96,"NETCASH_INVEST":-278713380,"NETCASH_FINANCE":-45831852,"END_CASH":354986533.44,"DIVI_RATIO":null,"DIVIDEND_RATE":null,"CURRENT_RATIO":2.270796820868,"COMMON_ACS":20000000000,"CURRENTDEBT_DEBT":25.148826980307,"ISSUED_COMMON_SHARES":5513000000,"HK_COMMON_SHARES":5513000000,"PER_SHARES":10000,"TOTAL_MARKET_CAP":611943000,"HKSK_MARKET_CAP":611943000,"PE_TTM":-4.488392902984,"PB_TTM":0.822218907959,"REPORT_DATE_SQ":"2019-06-30 00:00:00","REPORT_TYPE_SQ":"2019年中报","OPERATE_INCOME_SQ":102675674.52,"DPS_HKD":null,"OPERATE_INCOME_QOQ_SQ":0.504100074588,"NET_PROFIT_RATIO_SQ":-9.8404756601,"HOLDER_PROFIT_SQ":-5419585.26,"HOLDER_PROFIT_QOQ_SQ":16.889021844468,"ROE_AVG_SQ":-0.716838371622,"PE_TTM_SQ":-9.01204972592,"PB_TTM_SQ":1.039959561502,"ROA_SQ":-0.346023190462,"START_DATE":"2020-01-01 00:00:00","FISCAL_YEAR":"12-31","CURRENCY":"HKD","IS_CNY_CODE":0,"DPS_HKD_LY":null,"ORG_TYPE":"一般企业","PREMIUM_INCOME":null,"PREMIUM_INCOME_YOY":null,"NET_INTEREST_INCOME":null,"NET_INTEREST_INCOME_YOY":null,"FEE_COMMISSION_INCOME":null,"FEE_COMMISSION_INCOME_YOY":null,"ACCOUNTS_RECE_TDAYS":5.186960514233,"INVENTORY_TDAYS":4.064337576922,"CURRENT_ASSETS_TDAYS":0.21684451044,"TOTAL_ASSETS_TDAYS":0.06284786291,"PREMIUM_EXPENSE":null,"LOAN_DEPOSIT":null,"LOAN_EQUITY":null,"LOAN_ASSETS":null,"DEPOSIT_EQUITY":null,"DEPOSIT_ASSETS":null,"EQUITY_MULTIPLIER":1.685798261043,"EQUITY_RATIO":0.794316777547}],"count":58},"success":true,"message":"ok","code":0}