{"version":"72737af828a614b7794fcec4ccf88257","result":{"pages":6,"data":[{"SECUCODE":"01037.HK","SECURITY_CODE":"01037","SECURITY_NAME_ABBR":"云智汇科技","ORG_CODE":"10009209","STD_REPORT_DATE":"2024-06-30 00:00:00","REPORT_DATE":"2024-06-30 00:00:00","DATE_TYPE_CODE":"002","REPORT_TYPE":"2024年中报","PER_NETCASH_OPERATE":-0.008747854488,"PER_OI":0.369079065221,"BPS":0.599920077936,"BASIC_EPS":-0.0231,"DILUTED_EPS":-0.0231,"OPERATE_INCOME":258925000,"OPERATE_INCOME_YOY":-26.8191003773,"GROSS_PROFIT":49099000,"GROSS_PROFIT_YOY":-3.919611756878,"HOLDER_PROFIT":-16198000,"HOLDER_PROFIT_YOY":-384.375,"GROSS_PROFIT_RATIO":18.962633967365,"EPS_TTM":-0.055199717295,"OPERATE_INCOME_QOQ":-13.998114702225,"NET_PROFIT_RATIO":-6.2558655981,"ROE_AVG":-3.778747983544,"GROSS_PROFIT_QOQ":-2.069663873361,"ROA":-2.710490558965,"HOLDER_PROFIT_QOQ":-130.081397421425,"ROE_YEARLY":-7.557495967088,"ROIC_YEARLY":-7.878557948598,"TOTAL_ASSETS":575085000,"TOTAL_LIABILITIES":154215000,"TAX_EBT":-1.650454973329,"OCF_SALES":-2.370184416337,"TOTAL_PARENT_EQUITY":420870000,"DEBT_ASSET_RATIO":26.8160358903,"OPERATE_PROFIT":-17238000,"PRETAX_PROFIT":-15935000,"NETCASH_OPERATE":-6137000,"NETCASH_INVEST":-75000,"NETCASH_FINANCE":-2520000,"END_CASH":183068000,"DIVI_RATIO":null,"DIVIDEND_RATE":null,"CURRENT_RATIO":3.28445952226,"COMMON_ACS":1000000000,"CURRENTDEBT_DEBT":97.67272963071,"ISSUED_COMMON_SHARES":701543448,"HK_COMMON_SHARES":701543448,"PER_SHARES":2000,"TOTAL_MARKET_CAP":210463034.4,"HKSK_MARKET_CAP":210463034.4,"PE_TTM":-4.952247009315,"PB_TTM":0.456400794155,"REPORT_DATE_SQ":"2023-06-30 00:00:00","REPORT_TYPE_SQ":"2023年中报","OPERATE_INCOME_SQ":353815000,"DPS_HKD":null,"OPERATE_INCOME_QOQ_SQ":-0.62309225297,"NET_PROFIT_RATIO_SQ":1.6098808699,"HOLDER_PROFIT_SQ":5696000,"HOLDER_PROFIT_QOQ_SQ":-2.324829320877,"ROE_AVG_SQ":1.239929383235,"PE_TTM_SQ":5.299775842647,"PB_TTM_SQ":0.312528922454,"ROA_SQ":0.822528263579,"START_DATE":"2024-01-01 00:00:00","FISCAL_YEAR":"12-31","CURRENCY":"HKD","IS_CNY_CODE":0,"DPS_HKD_LY":null,"ORG_TYPE":"一般企业","PREMIUM_INCOME":null,"PREMIUM_INCOME_YOY":null,"NET_INTEREST_INCOME":null,"NET_INTEREST_INCOME_YOY":null,"FEE_COMMISSION_INCOME":null,"FEE_COMMISSION_INCOME_YOY":null,"ACCOUNTS_RECE_TDAYS":1.3655193509,"INVENTORY_TDAYS":2.684947983979,"CURRENT_ASSETS_TDAYS":0.514049631077,"TOTAL_ASSETS_TDAYS":0.43327186565,"PREMIUM_EXPENSE":null,"LOAN_DEPOSIT":null,"LOAN_EQUITY":null,"LOAN_ASSETS":null,"DEPOSIT_EQUITY":null,"DEPOSIT_ASSETS":null,"EQUITY_MULTIPLIER":1.366419559483,"EQUITY_RATIO":0.366419559484},{"SECUCODE":"01037.HK","SECURITY_CODE":"01037","SECURITY_NAME_ABBR":"云智汇科技","ORG_CODE":"10009209","STD_REPORT_DATE":"2023-12-31 00:00:00","REPORT_DATE":"2023-12-31 00:00:00","DATE_TYPE_CODE":"001","REPORT_TYPE":"2023年年报","PER_NETCASH_OPERATE":0.046724119644,"PER_OI":0.966265171363,"BPS":0.622129678845,"BASIC_EPS":-0.024,"DILUTED_EPS":-0.024,"OPERATE_INCOME":677877000,"OPERATE_INCOME_YOY":-18.569518572,"GROSS_PROFIT":96779000,"GROSS_PROFIT_YOY":-23.884764211785,"HOLDER_PROFIT":-16831000,"HOLDER_PROFIT_YOY":-160.4779015451,"GROSS_PROFIT_RATIO":14.276778825657,"EPS_TTM":-0.023991386489,"OPERATE_INCOME_QOQ":-18.058950238978,"NET_PROFIT_RATIO":-2.482898815,"ROE_AVG":-3.792969788751,"GROSS_PROFIT_QOQ":-21.912115930803,"ROA":-2.500033420921,"HOLDER_PROFIT_QOQ":-161.917374829857,"ROE_YEARLY":-3.792969788751,"ROIC_YEARLY":-3.400751636628,"TOTAL_ASSETS":620123000,"TOTAL_LIABILITIES":183672000,"TAX_EBT":-18.569918985558,"OCF_SALES":4.835538010583,"TOTAL_PARENT_EQUITY":436451000,"DEBT_ASSET_RATIO":29.618640173,"OPERATE_PROFIT":-9082000,"PRETAX_PROFIT":-14195000,"NETCASH_OPERATE":32779000,"NETCASH_INVEST":-1532000,"NETCASH_FINANCE":-10087000,"END_CASH":189756000,"DIVI_RATIO":null,"DIVIDEND_RATE":null,"CURRENT_RATIO":2.873313007219,"COMMON_ACS":1000000000,"CURRENTDEBT_DEBT":97.142732697417,"ISSUED_COMMON_SHARES":701543448,"HK_COMMON_SHARES":701543448,"PER_SHARES":2000,"TOTAL_MARKET_CAP":203447599.92,"HKSK_MARKET_CAP":203447599.92,"PE_TTM":-4.787172109005,"PB_TTM":0.44118743435,"REPORT_DATE_SQ":"2022-12-31 00:00:00","REPORT_TYPE_SQ":"2022年年报","OPERATE_INCOME_SQ":832461000,"DPS_HKD":null,"OPERATE_INCOME_QOQ_SQ":19.467601595272,"NET_PROFIT_RATIO_SQ":3.3430995566,"HOLDER_PROFIT_SQ":27830000,"HOLDER_PROFIT_QOQ_SQ":-4.423380726698,"ROE_AVG_SQ":6.445725508907,"PE_TTM_SQ":5.323226178234,"PB_TTM_SQ":0.313911793792,"ROA_SQ":4.06791354624,"START_DATE":"2023-01-01 00:00:00","FISCAL_YEAR":"12-31","CURRENCY":"HKD","IS_CNY_CODE":0,"DPS_HKD_LY":null,"ORG_TYPE":"一般企业","PREMIUM_INCOME":null,"PREMIUM_INCOME_YOY":null,"NET_INTEREST_INCOME":null,"NET_INTEREST_INCOME_YOY":null,"FEE_COMMISSION_INCOME":null,"FEE_COMMISSION_INCOME_YOY":null,"ACCOUNTS_RECE_TDAYS":3.250483705073,"INVENTORY_TDAYS":5.024669474012,"CURRENT_ASSETS_TDAYS":1.221853516801,"TOTAL_ASSETS_TDAYS":1.006901048823,"PREMIUM_EXPENSE":null,"LOAN_DEPOSIT":null,"LOAN_EQUITY":null,"LOAN_ASSETS":null,"DEPOSIT_EQUITY":null,"DEPOSIT_ASSETS":null,"EQUITY_MULTIPLIER":1.420830746178,"EQUITY_RATIO":0.420830746178},{"SECUCODE":"01037.HK","SECURITY_CODE":"01037","SECURITY_NAME_ABBR":"云智汇科技","ORG_CODE":"10009209","STD_REPORT_DATE":"2023-06-30 00:00:00","REPORT_DATE":"2023-06-30 00:00:00","DATE_TYPE_CODE":"002","REPORT_TYPE":"2023年中报","PER_NETCASH_OPERATE":-0.041167799489,"PER_OI":0.504337972236,"BPS":0.666714230364,"BASIC_EPS":0.0081,"DILUTED_EPS":0.0081,"OPERATE_INCOME":353815000,"OPERATE_INCOME_YOY":-1.4448387474,"GROSS_PROFIT":51102000,"GROSS_PROFIT_YOY":-5.913760724675,"HOLDER_PROFIT":5696000,"HOLDER_PROFIT_YOY":-10.2002207157,"GROSS_PROFIT_RATIO":14.443141189605,"EPS_TTM":0.038747421956,"OPERATE_INCOME_QOQ":-0.62309225297,"NET_PROFIT_RATIO":1.6098808699,"ROE_AVG":1.239929383235,"GROSS_PROFIT_QOQ":-2.526189951867,"ROA":0.822528263579,"HOLDER_PROFIT_QOQ":-2.324829320877,"ROE_YEARLY":2.479858766471,"ROIC_YEARLY":2.105360426542,"TOTAL_ASSETS":658659000,"TOTAL_LIABILITIES":190930000,"TAX_EBT":38.160894582564,"OCF_SALES":-8.162740415189,"TOTAL_PARENT_EQUITY":467729000,"DEBT_ASSET_RATIO":28.9876855854,"OPERATE_PROFIT":10913000,"PRETAX_PROFIT":9211000,"NETCASH_OPERATE":-28881000,"NETCASH_INVEST":-1073000,"NETCASH_FINANCE":-4192000,"END_CASH":135942000,"DIVI_RATIO":null,"DIVIDEND_RATE":null,"CURRENT_RATIO":2.855761616335,"COMMON_ACS":1000000000,"CURRENTDEBT_DEBT":97.885088775991,"ISSUED_COMMON_SHARES":701543448,"HK_COMMON_SHARES":701543448,"PER_SHARES":2000,"TOTAL_MARKET_CAP":203447599.92,"HKSK_MARKET_CAP":203447599.92,"PE_TTM":-4.787172109005,"PB_TTM":0.44118743435,"REPORT_DATE_SQ":"2022-06-30 00:00:00","REPORT_TYPE_SQ":"2022年中报","OPERATE_INCOME_SQ":359002000,"DPS_HKD":null,"OPERATE_INCOME_QOQ_SQ":16.845840271385,"NET_PROFIT_RATIO_SQ":1.7668425246,"HOLDER_PROFIT_SQ":6343000,"HOLDER_PROFIT_QOQ_SQ":-15.011237266863,"ROE_AVG_SQ":1.514334008174,"PE_TTM_SQ":5.323226178234,"PB_TTM_SQ":0.313911793792,"ROA_SQ":0.977360310512,"START_DATE":"2023-01-01 00:00:00","FISCAL_YEAR":"12-31","CURRENCY":"HKD","IS_CNY_CODE":0,"DPS_HKD_LY":null,"ORG_TYPE":"一般企业","PREMIUM_INCOME":null,"PREMIUM_INCOME_YOY":null,"NET_INTEREST_INCOME":null,"NET_INTEREST_INCOME_YOY":null,"FEE_COMMISSION_INCOME":null,"FEE_COMMISSION_INCOME_YOY":null,"ACCOUNTS_RECE_TDAYS":1.769800618253,"INVENTORY_TDAYS":2.118629773624,"CURRENT_ASSETS_TDAYS":0.625867319277,"TOTAL_ASSETS_TDAYS":0.510924925523,"PREMIUM_EXPENSE":null,"LOAN_DEPOSIT":null,"LOAN_EQUITY":null,"LOAN_ASSETS":null,"DEPOSIT_EQUITY":null,"DEPOSIT_ASSETS":null,"EQUITY_MULTIPLIER":1.408206461434,"EQUITY_RATIO":0.408206461434},{"SECUCODE":"01037.HK","SECURITY_CODE":"01037","SECURITY_NAME_ABBR":"云智汇科技","ORG_CODE":"10009209","STD_REPORT_DATE":"2022-12-31 00:00:00","REPORT_DATE":"2022-12-31 00:00:00","DATE_TYPE_CODE":"001","REPORT_TYPE":"2022年年报","PER_NETCASH_OPERATE":0.031459206216,"PER_OI":1.186613605149,"BPS":0.642915276717,"BASIC_EPS":0.0397,"DILUTED_EPS":0.0397,"OPERATE_INCOME":832461000,"OPERATE_INCOME_YOY":39.5929229361,"GROSS_PROFIT":127148000,"GROSS_PROFIT_YOY":11.41898227258,"HOLDER_PROFIT":27830000,"HOLDER_PROFIT_YOY":-18.7706138175,"GROSS_PROFIT_RATIO":15.273748559993,"EPS_TTM":0.039669674172,"OPERATE_INCOME_QOQ":19.467601595272,"NET_PROFIT_RATIO":3.3430995566,"ROE_AVG":6.445725508907,"GROSS_PROFIT_QOQ":8.595538246046,"ROA":4.06791354624,"HOLDER_PROFIT_QOQ":-4.423380726698,"ROE_YEARLY":6.445725508907,"ROIC_YEARLY":5.498158225654,"TOTAL_ASSETS":726339000,"TOTAL_LIABILITIES":275306000,"TAX_EBT":8.703211626152,"OCF_SALES":2.651175250252,"TOTAL_PARENT_EQUITY":451033000,"DEBT_ASSET_RATIO":37.9032380197,"OPERATE_PROFIT":32396000,"PRETAX_PROFIT":30483000,"NETCASH_OPERATE":22070000,"NETCASH_INVEST":-33202000,"NETCASH_FINANCE":-16438000,"END_CASH":166866000,"DIVI_RATIO":null,"DIVIDEND_RATE":null,"CURRENT_RATIO":2.196513074132,"COMMON_ACS":1000000000,"CURRENTDEBT_DEBT":98.711252206636,"ISSUED_COMMON_SHARES":701543448,"HK_COMMON_SHARES":701543448,"PER_SHARES":2000,"TOTAL_MARKET_CAP":203447599.92,"HKSK_MARKET_CAP":203447599.92,"PE_TTM":-4.787172109005,"PB_TTM":0.44118743435,"REPORT_DATE_SQ":"2021-12-31 00:00:00","REPORT_TYPE_SQ":"2021年年报","OPERATE_INCOME_SQ":596349000,"DPS_HKD":null,"OPERATE_INCOME_QOQ_SQ":13.786431849188,"NET_PROFIT_RATIO_SQ":5.7451257569,"HOLDER_PROFIT_SQ":34261000,"HOLDER_PROFIT_QOQ_SQ":108.819406350948,"ROE_AVG_SQ":8.930531046114,"PE_TTM_SQ":5.323226178234,"PB_TTM_SQ":0.313911793792,"ROA_SQ":5.815040929836,"START_DATE":"2022-01-01 00:00:00","FISCAL_YEAR":"12-31","CURRENCY":"HKD","IS_CNY_CODE":0,"DPS_HKD_LY":null,"ORG_TYPE":"一般企业","PREMIUM_INCOME":null,"PREMIUM_INCOME_YOY":null,"NET_INTEREST_INCOME":null,"NET_INTEREST_INCOME_YOY":null,"FEE_COMMISSION_INCOME":null,"FEE_COMMISSION_INCOME_YOY":null,"ACCOUNTS_RECE_TDAYS":4.184672072226,"INVENTORY_TDAYS":5.453127778508,"CURRENT_ASSETS_TDAYS":1.48625882647,"TOTAL_ASSETS_TDAYS":1.216808975428,"PREMIUM_EXPENSE":null,"LOAN_DEPOSIT":null,"LOAN_EQUITY":null,"LOAN_ASSETS":null,"DEPOSIT_EQUITY":null,"DEPOSIT_ASSETS":null,"EQUITY_MULTIPLIER":1.610389927123,"EQUITY_RATIO":0.610389927123},{"SECUCODE":"01037.HK","SECURITY_CODE":"01037","SECURITY_NAME_ABBR":"云智汇科技","ORG_CODE":"10009209","STD_REPORT_DATE":"2022-06-30 00:00:00","REPORT_DATE":"2022-06-30 00:00:00","DATE_TYPE_CODE":"002","REPORT_TYPE":"2022年中报","PER_NETCASH_OPERATE":-0.02398140849,"PER_OI":0.511731669683,"BPS":0.606153476613,"BASIC_EPS":0.009,"DILUTED_EPS":0.009,"OPERATE_INCOME":359002000,"OPERATE_INCOME_YOY":38.8563560273,"GROSS_PROFIT":54314000,"GROSS_PROFIT_YOY":5.778331742848,"HOLDER_PROFIT":6343000,"HOLDER_PROFIT_YOY":-44.776249347,"GROSS_PROFIT_RATIO":15.129163625829,"EPS_TTM":0.041505626035,"OPERATE_INCOME_QOQ":16.845840271385,"NET_PROFIT_RATIO":1.7668425246,"ROE_AVG":1.514334008174,"GROSS_PROFIT_QOQ":2.599963195668,"ROA":0.977360310512,"HOLDER_PROFIT_QOQ":-15.011237266863,"ROE_YEARLY":3.028668016349,"ROIC_YEARLY":2.642677174048,"TOTAL_ASSETS":656056000,"TOTAL_LIABILITIES":230813000,"TAX_EBT":11.86605530082,"OCF_SALES":-4.686324867271,"TOTAL_PARENT_EQUITY":425243000,"DEBT_ASSET_RATIO":35.1819052032,"OPERATE_PROFIT":7150000,"PRETAX_PROFIT":7197000,"NETCASH_OPERATE":-16824000,"NETCASH_INVEST":-20452000,"NETCASH_FINANCE":-6390000,"END_CASH":148835000,"DIVI_RATIO":null,"DIVIDEND_RATE":null,"CURRENT_RATIO":2.380067060914,"COMMON_ACS":1000000000,"CURRENTDEBT_DEBT":96.779210876337,"ISSUED_COMMON_SHARES":701543448,"HK_COMMON_SHARES":701543448,"PER_SHARES":2000,"TOTAL_MARKET_CAP":203447599.92,"HKSK_MARKET_CAP":203447599.92,"PE_TTM":-4.787172109005,"PB_TTM":0.44118743435,"REPORT_DATE_SQ":"2021-06-30 00:00:00","REPORT_TYPE_SQ":"2021年中报","OPERATE_INCOME_SQ":258542000,"DPS_HKD":null,"OPERATE_INCOME_QOQ_SQ":0.129533431279,"NET_PROFIT_RATIO_SQ":4.44260507,"HOLDER_PROFIT_SQ":11486000,"HOLDER_PROFIT_QOQ_SQ":12.115621156212,"ROE_AVG_SQ":3.114344939596,"PE_TTM_SQ":5.323226178234,"PB_TTM_SQ":0.313911793792,"ROA_SQ":2.067988311527,"START_DATE":"2022-01-01 00:00:00","FISCAL_YEAR":"12-31","CURRENCY":"HKD","IS_CNY_CODE":0,"DPS_HKD_LY":null,"ORG_TYPE":"一般企业","PREMIUM_INCOME":null,"PREMIUM_INCOME_YOY":null,"NET_INTEREST_INCOME":null,"NET_INTEREST_INCOME_YOY":null,"FEE_COMMISSION_INCOME":null,"FEE_COMMISSION_INCOME_YOY":null,"ACCOUNTS_RECE_TDAYS":1.873065314311,"INVENTORY_TDAYS":2.597278163506,"CURRENT_ASSETS_TDAYS":0.680606703465,"TOTAL_ASSETS_TDAYS":0.553167753735,"PREMIUM_EXPENSE":null,"LOAN_DEPOSIT":null,"LOAN_EQUITY":null,"LOAN_ASSETS":null,"DEPOSIT_EQUITY":null,"DEPOSIT_ASSETS":null,"EQUITY_MULTIPLIER":1.542779069849,"EQUITY_RATIO":0.542779069849},{"SECUCODE":"01037.HK","SECURITY_CODE":"01037","SECURITY_NAME_ABBR":"云智汇科技","ORG_CODE":"10009209","STD_REPORT_DATE":"2021-12-31 00:00:00","REPORT_DATE":"2021-12-31 00:00:00","DATE_TYPE_CODE":"001","REPORT_TYPE":"2021年年报","PER_NETCASH_OPERATE":0.021466952678,"PER_OI":0.850052839493,"BPS":0.58796786026,"BASIC_EPS":0.0496,"DILUTED_EPS":0.0496,"OPERATE_INCOME":596349000,"OPERATE_INCOME_YOY":13.9338233187,"GROSS_PROFIT":114117000,"GROSS_PROFIT_YOY":21.061062547738,"HOLDER_PROFIT":34261000,"HOLDER_PROFIT_YOY":134.1191745251,"GROSS_PROFIT_RATIO":19.135942208338,"EPS_TTM":0.048836604629,"OPERATE_INCOME_QOQ":13.786431849188,"NET_PROFIT_RATIO":5.7451257569,"ROE_AVG":8.930531046114,"GROSS_PROFIT_QOQ":7.035529376454,"ROA":5.815040929836,"HOLDER_PROFIT_QOQ":108.819406350948,"ROE_YEARLY":8.930531046114,"ROIC_YEARLY":8.820402184183,"TOTAL_ASSETS":641930000,"TOTAL_LIABILITIES":229445000,"TAX_EBT":8.897279761746,"OCF_SALES":2.525366857327,"TOTAL_PARENT_EQUITY":412485000,"DEBT_ASSET_RATIO":35.7429937844,"OPERATE_PROFIT":36144000,"PRETAX_PROFIT":37607000,"NETCASH_OPERATE":15060000,"NETCASH_INVEST":-17532000,"NETCASH_FINANCE":-14399000,"END_CASH":189064000,"DIVI_RATIO":null,"DIVIDEND_RATE":null,"CURRENT_RATIO":2.426705868168,"COMMON_ACS":1000000000,"CURRENTDEBT_DEBT":93.982435877879,"ISSUED_COMMON_SHARES":701543448,"HK_COMMON_SHARES":701543448,"PER_SHARES":2000,"TOTAL_MARKET_CAP":203447599.92,"HKSK_MARKET_CAP":203447599.92,"PE_TTM":-4.787172109005,"PB_TTM":0.44118743435,"REPORT_DATE_SQ":"2020-12-31 00:00:00","REPORT_TYPE_SQ":"2020年年报","OPERATE_INCOME_SQ":523417000,"DPS_HKD":null,"OPERATE_INCOME_QOQ_SQ":-2.335731012156,"NET_PROFIT_RATIO_SQ":2.7958587512,"HOLDER_PROFIT_SQ":14634000,"HOLDER_PROFIT_QOQ_SQ":-4.089657884389,"ROE_AVG_SQ":4.193255374811,"PE_TTM_SQ":5.323226178234,"PB_TTM_SQ":0.313911793792,"ROA_SQ":2.751124212299,"START_DATE":"2021-01-01 00:00:00","FISCAL_YEAR":"12-31","CURRENCY":"HKD","IS_CNY_CODE":0,"DPS_HKD_LY":null,"ORG_TYPE":"一般企业","PREMIUM_INCOME":null,"PREMIUM_INCOME_YOY":null,"NET_INTEREST_INCOME":null,"NET_INTEREST_INCOME_YOY":null,"FEE_COMMISSION_INCOME":null,"FEE_COMMISSION_INCOME_YOY":null,"ACCOUNTS_RECE_TDAYS":3.277786480448,"INVENTORY_TDAYS":7.234908894507,"CURRENT_ASSETS_TDAYS":1.223167092268,"TOTAL_ASSETS_TDAYS":1.012169476509,"PREMIUM_EXPENSE":null,"LOAN_DEPOSIT":null,"LOAN_EQUITY":null,"LOAN_ASSETS":null,"DEPOSIT_EQUITY":null,"DEPOSIT_ASSETS":null,"EQUITY_MULTIPLIER":1.556250530323,"EQUITY_RATIO":0.556250530322},{"SECUCODE":"01037.HK","SECURITY_CODE":"01037","SECURITY_NAME_ABBR":"云智汇科技","ORG_CODE":"10009209","STD_REPORT_DATE":"2021-06-30 00:00:00","REPORT_DATE":"2021-06-30 00:00:00","DATE_TYPE_CODE":"002","REPORT_TYPE":"2021年中报","PER_NETCASH_OPERATE":-0.044355057536,"PER_OI":0.368533126119,"BPS":0.545691077426,"BASIC_EPS":0.0169,"DILUTED_EPS":0.0169,"OPERATE_INCOME":258542000,"OPERATE_INCOME_YOY":0.2629292961,"GROSS_PROFIT":51347000,"GROSS_PROFIT_YOY":31.675855878959,"HOLDER_PROFIT":11486000,"HOLDER_PROFIT_YOY":18.2538865438,"GROSS_PROFIT_RATIO":19.860216135096,"EPS_TTM":0.02338700482,"OPERATE_INCOME_QOQ":0.129533431279,"NET_PROFIT_RATIO":4.44260507,"ROE_AVG":3.114344939596,"GROSS_PROFIT_QOQ":13.10362386489,"ROA":2.067988311527,"HOLDER_PROFIT_QOQ":12.115621156212,"ROE_YEARLY":6.228689879192,"ROIC_YEARLY":6.334508484111,"TOTAL_ASSETS":574410000,"TOTAL_LIABILITIES":191584000,"TAX_EBT":23.134578063307,"OCF_SALES":-12.035568689033,"TOTAL_PARENT_EQUITY":382826000,"DEBT_ASSET_RATIO":33.3531797845,"OPERATE_PROFIT":13849000,"PRETAX_PROFIT":14943000,"NETCASH_OPERATE":-31117000,"NETCASH_INVEST":-1119000,"NETCASH_FINANCE":-6589000,"END_CASH":173105000,"DIVI_RATIO":null,"DIVIDEND_RATE":null,"CURRENT_RATIO":2.692234885391,"COMMON_ACS":1000000000,"CURRENTDEBT_DEBT":93.750521964256,"ISSUED_COMMON_SHARES":701543448,"HK_COMMON_SHARES":701543448,"PER_SHARES":2000,"TOTAL_MARKET_CAP":203447599.92,"HKSK_MARKET_CAP":203447599.92,"PE_TTM":-4.787172109005,"PB_TTM":0.44118743435,"REPORT_DATE_SQ":"2020-06-30 00:00:00","REPORT_TYPE_SQ":"2020年中报","OPERATE_INCOME_SQ":257864000,"DPS_HKD":null,"OPERATE_INCOME_QOQ_SQ":24.348310305224,"NET_PROFIT_RATIO_SQ":3.766714237,"HOLDER_PROFIT_SQ":9713000,"HOLDER_PROFIT_QOQ_SQ":31.818574514039,"ROE_AVG_SQ":2.776769250561,"PE_TTM_SQ":5.323226178234,"PB_TTM_SQ":0.313911793792,"ROA_SQ":1.786601135273,"START_DATE":"2021-01-01 00:00:00","FISCAL_YEAR":"12-31","CURRENCY":"HKD","IS_CNY_CODE":0,"DPS_HKD_LY":null,"ORG_TYPE":"一般企业","PREMIUM_INCOME":null,"PREMIUM_INCOME_YOY":null,"NET_INTEREST_INCOME":null,"NET_INTEREST_INCOME_YOY":null,"FEE_COMMISSION_INCOME":null,"FEE_COMMISSION_INCOME_YOY":null,"ACCOUNTS_RECE_TDAYS":1.353169618557,"INVENTORY_TDAYS":4.838461089381,"CURRENT_ASSETS_TDAYS":0.552821121392,"TOTAL_ASSETS_TDAYS":0.465490017446,"PREMIUM_EXPENSE":null,"LOAN_DEPOSIT":null,"LOAN_EQUITY":null,"LOAN_ASSETS":null,"DEPOSIT_EQUITY":null,"DEPOSIT_ASSETS":null,"EQUITY_MULTIPLIER":1.500446678126,"EQUITY_RATIO":0.500446678125},{"SECUCODE":"01037.HK","SECURITY_CODE":"01037","SECURITY_NAME_ABBR":"云智汇科技","ORG_CODE":"10009209","STD_REPORT_DATE":"2020-12-31 00:00:00","REPORT_DATE":"2020-12-31 00:00:00","DATE_TYPE_CODE":"001","REPORT_TYPE":"2020年年报","PER_NETCASH_OPERATE":0.080957335704,"PER_OI":0.799276553911,"BPS":0.505732041275,"BASIC_EPS":0.0223,"DILUTED_EPS":0.0223,"OPERATE_INCOME":523417000,"OPERATE_INCOME_YOY":21.4438682583,"GROSS_PROFIT":94264000,"GROSS_PROFIT_YOY":22.095719189172,"HOLDER_PROFIT":14634000,"HOLDER_PROFIT_YOY":26.4276457883,"GROSS_PROFIT_RATIO":18.009350097532,"EPS_TTM":0.022346643479,"OPERATE_INCOME_QOQ":-2.335731012156,"NET_PROFIT_RATIO":2.7958587512,"ROE_AVG":4.193255374811,"GROSS_PROFIT_QOQ":6.796578485243,"ROA":2.751124212299,"HOLDER_PROFIT_QOQ":-4.089657884389,"ROE_YEARLY":4.193255374811,"ROIC_YEARLY":4.383839049539,"TOTAL_ASSETS":536428000,"TOTAL_LIABILITIES":181635000,"TAX_EBT":34.599570968895,"OCF_SALES":10.128826537923,"TOTAL_PARENT_EQUITY":354793000,"DEBT_ASSET_RATIO":33.8600893317,"OPERATE_PROFIT":20864000,"PRETAX_PROFIT":22376000,"NETCASH_OPERATE":53016000,"NETCASH_INVEST":-7362000,"NETCASH_FINANCE":-14312000,"END_CASH":212436000,"DIVI_RATIO":null,"DIVIDEND_RATE":null,"CURRENT_RATIO":2.746053839187,"COMMON_ACS":1000000000,"CURRENTDEBT_DEBT":90.581110468797,"ISSUED_COMMON_SHARES":701543448,"HK_COMMON_SHARES":701543448,"PER_SHARES":2000,"TOTAL_MARKET_CAP":203447599.92,"HKSK_MARKET_CAP":203447599.92,"PE_TTM":-4.787172109005,"PB_TTM":0.44118743435,"REPORT_DATE_SQ":"2019-12-31 00:00:00","REPORT_TYPE_SQ":"2019年年报","OPERATE_INCOME_SQ":430995000,"DPS_HKD":null,"OPERATE_INCOME_QOQ_SQ":15.247933000332,"NET_PROFIT_RATIO_SQ":2.6856460052,"HOLDER_PROFIT_SQ":11575000,"HOLDER_PROFIT_QOQ_SQ":-57.921331976152,"ROE_AVG_SQ":3.44064479021,"PE_TTM_SQ":5.323226178234,"PB_TTM_SQ":0.313911793792,"ROA_SQ":2.350604607997,"START_DATE":"2020-01-01 00:00:00","FISCAL_YEAR":"12-31","CURRENCY":"HKD","IS_CNY_CODE":0,"DPS_HKD_LY":null,"ORG_TYPE":"一般企业","PREMIUM_INCOME":null,"PREMIUM_INCOME_YOY":null,"NET_INTEREST_INCOME":null,"NET_INTEREST_INCOME_YOY":null,"FEE_COMMISSION_INCOME":null,"FEE_COMMISSION_INCOME_YOY":null,"ACCOUNTS_RECE_TDAYS":2.758862967921,"INVENTORY_TDAYS":15.921386039437,"CURRENT_ASSETS_TDAYS":1.193345842462,"TOTAL_ASSETS_TDAYS":0.983999714247,"PREMIUM_EXPENSE":null,"LOAN_DEPOSIT":null,"LOAN_EQUITY":null,"LOAN_ASSETS":null,"DEPOSIT_EQUITY":null,"DEPOSIT_ASSETS":null,"EQUITY_MULTIPLIER":1.511946402551,"EQUITY_RATIO":0.51194640255},{"SECUCODE":"01037.HK","SECURITY_CODE":"01037","SECURITY_NAME_ABBR":"云智汇科技","ORG_CODE":"10009209","STD_REPORT_DATE":"2020-06-30 00:00:00","REPORT_DATE":"2020-06-30 00:00:00","DATE_TYPE_CODE":"002","REPORT_TYPE":"2020年中报","PER_NETCASH_OPERATE":0.087274683256,"PER_OI":0.393767587407,"BPS":0.50802983196,"BASIC_EPS":0.0148,"DILUTED_EPS":0.0148,"OPERATE_INCOME":257864000,"OPERATE_INCOME_YOY":68.6223221993,"GROSS_PROFIT":38995000,"GROSS_PROFIT_YOY":39.591909790585,"HOLDER_PROFIT":9713000,"HOLDER_PROFIT_YOY":61.0779436153,"GROSS_PROFIT_RATIO":15.122312536841,"EPS_TTM":0.023299513886,"OPERATE_INCOME_QOQ":24.348310305224,"NET_PROFIT_RATIO":3.766714237,"ROE_AVG":2.776769250561,"GROSS_PROFIT_QOQ":14.3254970533,"ROA":1.786601135273,"HOLDER_PROFIT_QOQ":31.818574514039,"ROE_YEARLY":5.553538501122,"ROIC_YEARLY":5.71207619238,"TOTAL_ASSETS":559888000,"TOTAL_LIABILITIES":203483000,"TAX_EBT":17.315059164042,"OCF_SALES":22.164008934943,"TOTAL_PARENT_EQUITY":356405000,"DEBT_ASSET_RATIO":36.3435187037,"OPERATE_PROFIT":10392000,"PRETAX_PROFIT":11747000,"NETCASH_OPERATE":57153000,"NETCASH_INVEST":-11332000,"NETCASH_FINANCE":-7515000,"END_CASH":223357000,"DIVI_RATIO":null,"DIVIDEND_RATE":null,"CURRENT_RATIO":2.545591021394,"COMMON_ACS":1000000000,"CURRENTDEBT_DEBT":88.714044907928,"ISSUED_COMMON_SHARES":701543448,"HK_COMMON_SHARES":701543448,"PER_SHARES":2000,"TOTAL_MARKET_CAP":203447599.92,"HKSK_MARKET_CAP":203447599.92,"PE_TTM":-4.787172109005,"PB_TTM":0.44118743435,"REPORT_DATE_SQ":"2019-06-30 00:00:00","REPORT_TYPE_SQ":"2019年中报","OPERATE_INCOME_SQ":152924000,"DPS_HKD":null,"OPERATE_INCOME_QOQ_SQ":14.649220694814,"NET_PROFIT_RATIO_SQ":3.9431351521,"HOLDER_PROFIT_SQ":6030000,"HOLDER_PROFIT_QOQ_SQ":1810.27777777778,"ROE_AVG_SQ":1.820817102998,"PE_TTM_SQ":5.323226178234,"PB_TTM_SQ":0.313911793792,"ROA_SQ":1.293505657747,"START_DATE":"2020-01-01 00:00:00","FISCAL_YEAR":"12-31","CURRENCY":"HKD","IS_CNY_CODE":0,"DPS_HKD_LY":null,"ORG_TYPE":"一般企业","PREMIUM_INCOME":null,"PREMIUM_INCOME_YOY":null,"NET_INTEREST_INCOME":null,"NET_INTEREST_INCOME_YOY":null,"FEE_COMMISSION_INCOME":null,"FEE_COMMISSION_INCOME_YOY":null,"ACCOUNTS_RECE_TDAYS":1.332079760306,"INVENTORY_TDAYS":7.870720655926,"CURRENT_ASSETS_TDAYS":0.582775769506,"TOTAL_ASSETS_TDAYS":0.474312895239,"PREMIUM_EXPENSE":null,"LOAN_DEPOSIT":null,"LOAN_EQUITY":null,"LOAN_ASSETS":null,"DEPOSIT_EQUITY":null,"DEPOSIT_ASSETS":null,"EQUITY_MULTIPLIER":1.570931945398,"EQUITY_RATIO":0.570931945399}],"count":46},"success":true,"message":"ok","code":0}