{"version":"e527a549d7a3536d889688921e72faec","result":{"pages":6,"data":[{"SECUCODE":"01038.HK","SECURITY_CODE":"01038","SECURITY_NAME_ABBR":"长江基建集团","ORG_CODE":"10009210","STD_REPORT_DATE":"2024-06-30 00:00:00","REPORT_DATE":"2024-06-30 00:00:00","DATE_TYPE_CODE":"002","REPORT_TYPE":"2024年中报","PER_NETCASH_OPERATE":0.232189767694,"PER_OI":0.897607245471,"BPS":43.97007695964,"BASIC_EPS":1.5606828,"DILUTED_EPS":null,"OPERATE_INCOME":2261621040,"OPERATE_INCOME_YOY":-22.0754716981,"GROSS_PROFIT":511100800,"GROSS_PROFIT_YOY":-48.336319902462,"HOLDER_PROFIT":3934563480,"HOLDER_PROFIT_YOY":1.6985138004,"GROSS_PROFIT_RATIO":22.598870056497,"EPS_TTM":2.897478364462,"OPERATE_INCOME_QOQ":-12.34789106737,"NET_PROFIT_RATIO":182.5665859564,"ROE_AVG":3.523786169691,"GROSS_PROFIT_QOQ":-30.448268384009,"ROA":2.629716837264,"HOLDER_PROFIT_QOQ":0.361416499687,"ROE_YEARLY":7.047572339382,"ROIC_YEARLY":6.036420155006,"TOTAL_ASSETS":147849596600,"TOTAL_LIABILITIES":27965427880,"TAX_EBT":1.157963731702,"OCF_SALES":25.867635189669,"TOTAL_PARENT_EQUITY":110787487160,"DEBT_ASSET_RATIO":18.9147813204,"OPERATE_PROFIT":926370200,"PRETAX_PROFIT":4177336360,"NETCASH_OPERATE":585027880,"NETCASH_INVEST":404317240,"NETCASH_FINANCE":-4546059080,"END_CASH":8378402400,"DIVI_RATIO":0.805402597176,"DIVIDEND_RATE":4.956605593057,"CURRENT_RATIO":0.562848071618,"COMMON_ACS":4000000000,"CURRENTDEBT_DEBT":62.703567115956,"ISSUED_COMMON_SHARES":2519610945,"HK_COMMON_SHARES":2519610945,"PER_SHARES":500,"TOTAL_MARKET_CAP":130641827498.25,"HKSK_MARKET_CAP":130641827498.25,"PE_TTM":16.13061211239,"PB_TTM":1.076242328241,"REPORT_DATE_SQ":"2023-06-30 00:00:00","REPORT_TYPE_SQ":"2023年中报","OPERATE_INCOME_SQ":2931896400,"DPS_HKD":2.57,"OPERATE_INCOME_QOQ_SQ":0.685380603818,"NET_PROFIT_RATIO_SQ":140.2201257862,"HOLDER_PROFIT_SQ":3908273220,"HOLDER_PROFIT_QOQ_SQ":1.990166107543,"ROE_AVG_SQ":3.498592804734,"PE_TTM_SQ":15.560542653207,"PB_TTM_SQ":0.959203730699,"ROA_SQ":2.555654362669,"START_DATE":"2024-01-01 00:00:00","FISCAL_YEAR":"12-31","CURRENCY":"HKD","IS_CNY_CODE":0,"DPS_HKD_LY":2.57,"ORG_TYPE":"一般企业","PREMIUM_INCOME":null,"PREMIUM_INCOME_YOY":null,"NET_INTEREST_INCOME":null,"NET_INTEREST_INCOME_YOY":null,"FEE_COMMISSION_INCOME":null,"FEE_COMMISSION_INCOME_YOY":null,"ACCOUNTS_RECE_TDAYS":3.160714285714,"INVENTORY_TDAYS":10.805633802817,"CURRENT_ASSETS_TDAYS":0.195110428723,"TOTAL_ASSETS_TDAYS":0.015115839301,"PREMIUM_EXPENSE":null,"LOAN_DEPOSIT":null,"LOAN_EQUITY":null,"LOAN_ASSETS":null,"DEPOSIT_EQUITY":null,"DEPOSIT_ASSETS":null,"EQUITY_MULTIPLIER":1.233270399074,"EQUITY_RATIO":0.25242406518},{"SECUCODE":"01038.HK","SECURITY_CODE":"01038","SECURITY_NAME_ABBR":"长江基建集团","ORG_CODE":"10009210","STD_REPORT_DATE":"2023-12-31 00:00:00","REPORT_DATE":"2023-12-31 00:00:00","DATE_TYPE_CODE":"001","REPORT_TYPE":"2023年年报","PER_NETCASH_OPERATE":1.382918226687,"PER_OI":2.154403167192,"BPS":44.344378913626,"BASIC_EPS":2.8908418,"DILUTED_EPS":null,"OPERATE_INCOME":5428257800,"OPERATE_INCOME_YOY":-9.4482237339,"GROSS_PROFIT":1570479260,"GROSS_PROFIT_YOY":-21.89587673265,"HOLDER_PROFIT":7274227940,"HOLDER_PROFIT_YOY":3.6009292721,"GROSS_PROFIT_RATIO":28.931552587646,"EPS_TTM":2.887044110693,"OPERATE_INCOME_QOQ":-8.760803544907,"NET_PROFIT_RATIO":141.2186978297,"ROE_AVG":6.615132310887,"GROSS_PROFIT_QOQ":-18.128301615629,"ROA":4.839332006993,"HOLDER_PROFIT_QOQ":3.051957524425,"ROE_YEARLY":6.615132310887,"ROIC_YEARLY":5.720271796644,"TOTAL_ASSETS":150317430060,"TOTAL_LIABILITIES":29544584440,"TAX_EBT":1.387269759851,"OCF_SALES":64.190317195326,"TOTAL_PARENT_EQUITY":111730582460,"DEBT_ASSET_RATIO":19.6547961392,"OPERATE_PROFIT":2799313580,"PRETAX_PROFIT":7773555160,"NETCASH_OPERATE":3484415900,"NETCASH_INVEST":2180365320,"NETCASH_FINANCE":-10166882180,"END_CASH":11850638940,"DIVI_RATIO":0.808313455051,"DIVIDEND_RATE":5.039215686275,"CURRENT_RATIO":0.906081123051,"COMMON_ACS":4000000000,"CURRENTDEBT_DEBT":49.380406110055,"ISSUED_COMMON_SHARES":2519610945,"HK_COMMON_SHARES":2519610945,"PER_SHARES":500,"TOTAL_MARKET_CAP":128500158195,"HKSK_MARKET_CAP":128500158195,"PE_TTM":15.866175848253,"PB_TTM":1.058599011385,"REPORT_DATE_SQ":"2022-12-31 00:00:00","REPORT_TYPE_SQ":"2022年年报","OPERATE_INCOME_SQ":5908981050,"DPS_HKD":2.57,"OPERATE_INCOME_QOQ_SQ":4.245368769086,"NET_PROFIT_RATIO_SQ":123.552532124,"HOLDER_PROFIT_SQ":6921055960,"HOLDER_PROFIT_QOQ_SQ":-6.590919879717,"ROE_AVG_SQ":6.587679135473,"PE_TTM_SQ":14.995309266231,"PB_TTM_SQ":0.924360860139,"ROA_SQ":4.71194954784,"START_DATE":"2023-01-01 00:00:00","FISCAL_YEAR":"12-31","CURRENCY":"HKD","IS_CNY_CODE":0,"DPS_HKD_LY":2.54,"ORG_TYPE":"一般企业","PREMIUM_INCOME":null,"PREMIUM_INCOME_YOY":null,"NET_INTEREST_INCOME":null,"NET_INTEREST_INCOME_YOY":null,"FEE_COMMISSION_INCOME":null,"FEE_COMMISSION_INCOME_YOY":null,"ACCOUNTS_RECE_TDAYS":6.259143155695,"INVENTORY_TDAYS":17.482546201232,"CURRENT_ASSETS_TDAYS":0.351196060038,"TOTAL_ASSETS_TDAYS":0.036112618316,"PREMIUM_EXPENSE":null,"LOAN_DEPOSIT":null,"LOAN_EQUITY":null,"LOAN_ASSETS":null,"DEPOSIT_EQUITY":null,"DEPOSIT_ASSETS":null,"EQUITY_MULTIPLIER":1.244629364228,"EQUITY_RATIO":0.264427015321},{"SECUCODE":"01038.HK","SECURITY_CODE":"01038","SECURITY_NAME_ABBR":"长江基建集团","ORG_CODE":"10009210","STD_REPORT_DATE":"2023-06-30 00:00:00","REPORT_DATE":"2023-06-30 00:00:00","DATE_TYPE_CODE":"002","REPORT_TYPE":"2023年中报","PER_NETCASH_OPERATE":0.616943771849,"PER_OI":1.163630601708,"BPS":44.983836716902,"BASIC_EPS":1.5489264,"DILUTED_EPS":null,"OPERATE_INCOME":2931896400,"OPERATE_INCOME_YOY":-5.9449866903,"GROSS_PROFIT":989284540,"GROSS_PROFIT_YOY":-8.553290540756,"HOLDER_PROFIT":3908273220,"HOLDER_PROFIT_YOY":-3.8557496031,"GROSS_PROFIT_RATIO":33.74213836478,"EPS_TTM":2.801542231751,"OPERATE_INCOME_QOQ":0.685380603818,"NET_PROFIT_RATIO":140.2201257862,"ROE_AVG":3.498592804734,"GROSS_PROFIT_QOQ":-4.601804031635,"ROA":2.555654362669,"HOLDER_PROFIT_QOQ":1.990166107543,"ROE_YEARLY":6.997185609468,"ROIC_YEARLY":6.020002769286,"TOTAL_ASSETS":152926978640,"TOTAL_LIABILITIES":30377397040,"TAX_EBT":1.108893324462,"OCF_SALES":53.018867924528,"TOTAL_PARENT_EQUITY":113341767340,"DEBT_ASSET_RATIO":19.8639882316,"OPERATE_PROFIT":1468714140,"PRETAX_PROFIT":4157207820,"NETCASH_OPERATE":1554458280,"NETCASH_INVEST":35035240,"NETCASH_FINANCE":-7113997680,"END_CASH":11112624940,"DIVI_RATIO":0.832982838364,"DIVIDEND_RATE":5.039215686275,"CURRENT_RATIO":1.482037593149,"COMMON_ACS":4000000000,"CURRENTDEBT_DEBT":27.288454534418,"ISSUED_COMMON_SHARES":2519610945,"HK_COMMON_SHARES":2519610945,"PER_SHARES":500,"TOTAL_MARKET_CAP":128500158195,"HKSK_MARKET_CAP":128500158195,"PE_TTM":15.866175848253,"PB_TTM":1.058599011385,"REPORT_DATE_SQ":"2022-06-30 00:00:00","REPORT_TYPE_SQ":"2022年中报","OPERATE_INCOME_SQ":2891397390,"DPS_HKD":2.57,"OPERATE_INCOME_QOQ_SQ":-1.633085491769,"NET_PROFIT_RATIO_SQ":137.0008873114,"HOLDER_PROFIT_SQ":3770532710,"HOLDER_PROFIT_QOQ_SQ":20.59058383559,"ROE_AVG_SQ":3.766074578356,"PE_TTM_SQ":14.995309266231,"PB_TTM_SQ":0.924360860139,"ROA_SQ":2.692330004305,"START_DATE":"2023-01-01 00:00:00","FISCAL_YEAR":"12-31","CURRENCY":"HKD","IS_CNY_CODE":0,"DPS_HKD_LY":2.54,"ORG_TYPE":"一般企业","PREMIUM_INCOME":null,"PREMIUM_INCOME_YOY":null,"NET_INTEREST_INCOME":null,"NET_INTEREST_INCOME_YOY":null,"FEE_COMMISSION_INCOME":null,"FEE_COMMISSION_INCOME_YOY":null,"ACCOUNTS_RECE_TDAYS":3.076923076923,"INVENTORY_TDAYS":7.935969868173,"CURRENT_ASSETS_TDAYS":0.193607305936,"TOTAL_ASSETS_TDAYS":0.019171929401,"PREMIUM_EXPENSE":null,"LOAN_DEPOSIT":null,"LOAN_EQUITY":null,"LOAN_ASSETS":null,"DEPOSIT_EQUITY":null,"DEPOSIT_ASSETS":null,"EQUITY_MULTIPLIER":1.247878423112,"EQUITY_RATIO":0.268015911106},{"SECUCODE":"01038.HK","SECURITY_CODE":"01038","SECURITY_NAME_ABBR":"长江基建集团","ORG_CODE":"10009210","STD_REPORT_DATE":"2022-12-31 00:00:00","REPORT_DATE":"2022-12-31 00:00:00","DATE_TYPE_CODE":"001","REPORT_TYPE":"2022年年报","PER_NETCASH_OPERATE":0.608722784382,"PER_OI":2.345195817523,"BPS":42.328036922383,"BASIC_EPS":2.7512716,"DILUTED_EPS":null,"OPERATE_INCOME":5908981050,"OPERATE_INCOME_YOY":-6.1435868331,"GROSS_PROFIT":2010750770,"GROSS_PROFIT_YOY":1.583359502753,"HOLDER_PROFIT":6921055960,"HOLDER_PROFIT_YOY":3.1004657352,"GROSS_PROFIT_RATIO":34.028722600151,"EPS_TTM":2.746874859285,"OPERATE_INCOME_QOQ":4.245368769086,"NET_PROFIT_RATIO":123.552532124,"ROE_AVG":6.587679135473,"GROSS_PROFIT_QOQ":17.707339152083,"ROA":4.71194954784,"HOLDER_PROFIT_QOQ":-6.590919879717,"ROE_YEARLY":6.587679135473,"ROIC_YEARLY":5.480769910941,"TOTAL_ASSETS":148164015090,"TOTAL_LIABILITIES":32590955950,"TAX_EBT":1.458885941645,"OCF_SALES":25.956160241875,"TOTAL_PARENT_EQUITY":106650185110,"DEBT_ASSET_RATIO":21.996539396,"OPERATE_PROFIT":2936178490,"PRETAX_PROFIT":7408781380,"NETCASH_OPERATE":1533744590,"NETCASH_INVEST":13281138360,"NETCASH_FINANCE":-5917913750,"END_CASH":16119057150,"DIVI_RATIO":0.849560580495,"DIVIDEND_RATE":5.039215686275,"CURRENT_RATIO":1.591538963156,"COMMON_ACS":4000000000,"CURRENTDEBT_DEBT":33.624777305742,"ISSUED_COMMON_SHARES":2519610945,"HK_COMMON_SHARES":2519610945,"PER_SHARES":500,"TOTAL_MARKET_CAP":128500158195,"HKSK_MARKET_CAP":128500158195,"PE_TTM":15.866175848253,"PB_TTM":1.058599011385,"REPORT_DATE_SQ":"2021-12-31 00:00:00","REPORT_TYPE_SQ":"2021年年报","OPERATE_INCOME_SQ":5762444800,"DPS_HKD":2.57,"OPERATE_INCOME_QOQ_SQ":-6.233375282604,"NET_PROFIT_RATIO_SQ":112.8547105562,"HOLDER_PROFIT_SQ":6144264000,"HOLDER_PROFIT_QOQ_SQ":1.495016828618,"ROE_AVG_SQ":6.613104771291,"PE_TTM_SQ":14.995309266231,"PB_TTM_SQ":0.924360860139,"ROA_SQ":4.548893798614,"START_DATE":"2022-01-01 00:00:00","FISCAL_YEAR":"12-31","CURRENCY":"HKD","IS_CNY_CODE":0,"DPS_HKD_LY":2.51,"ORG_TYPE":"一般企业","PREMIUM_INCOME":null,"PREMIUM_INCOME_YOY":null,"NET_INTEREST_INCOME":null,"NET_INTEREST_INCOME_YOY":null,"FEE_COMMISSION_INCOME":null,"FEE_COMMISSION_INCOME_YOY":null,"ACCOUNTS_RECE_TDAYS":5.632183908046,"INVENTORY_TDAYS":18.183333333333,"CURRENT_ASSETS_TDAYS":0.444257891202,"TOTAL_ASSETS_TDAYS":0.040229151083,"PREMIUM_EXPENSE":null,"LOAN_DEPOSIT":null,"LOAN_EQUITY":null,"LOAN_ASSETS":null,"DEPOSIT_EQUITY":null,"DEPOSIT_ASSETS":null,"EQUITY_MULTIPLIER":1.281994404167,"EQUITY_RATIO":0.305587429749},{"SECUCODE":"01038.HK","SECURITY_CODE":"01038","SECURITY_NAME_ABBR":"长江基建集团","ORG_CODE":"10009210","STD_REPORT_DATE":"2022-06-30 00:00:00","REPORT_DATE":"2022-06-30 00:00:00","DATE_TYPE_CODE":"002","REPORT_TYPE":"2022年中报","PER_NETCASH_OPERATE":0.193126288392,"PER_OI":1.147557084453,"BPS":40.155673204539,"BASIC_EPS":1.4965825,"DILUTED_EPS":null,"OPERATE_INCOME":2891397390,"OPERATE_INCOME_YOY":-5.7692307692,"GROSS_PROFIT":1081815350,"GROSS_PROFIT_YOY":-20.040970401772,"HOLDER_PROFIT":3770532710,"HOLDER_PROFIT_YOY":46.4297575556,"GROSS_PROFIT_RATIO":37.414965986395,"EPS_TTM":2.940693619665,"OPERATE_INCOME_QOQ":-1.633085491769,"NET_PROFIT_RATIO":137.0008873114,"ROE_AVG":3.766074578356,"GROSS_PROFIT_QOQ":-13.698363895982,"ROA":2.692330004305,"HOLDER_PROFIT_QOQ":20.59058383559,"ROE_YEARLY":7.532149156712,"ROIC_YEARLY":6.085093315575,"TOTAL_ASSETS":140699279560,"TOTAL_LIABILITIES":30961298760,"TAX_EBT":1.131270010672,"OCF_SALES":16.829340431825,"TOTAL_PARENT_EQUITY":101176673710,"DEBT_ASSET_RATIO":22.0053001386,"OPERATE_PROFIT":1384552610,"PRETAX_PROFIT":4006565150,"NETCASH_OPERATE":486603110,"NETCASH_INVEST":4907935410,"NETCASH_FINANCE":-4106622380,"END_CASH":8202127290,"DIVI_RATIO":0.793566723304,"DIVIDEND_RATE":5.039215686275,"CURRENT_RATIO":1.364974776073,"COMMON_ACS":4000000000,"CURRENTDEBT_DEBT":26.82852723456,"ISSUED_COMMON_SHARES":2519610945,"HK_COMMON_SHARES":2519610945,"PER_SHARES":500,"TOTAL_MARKET_CAP":128500158195,"HKSK_MARKET_CAP":128500158195,"PE_TTM":15.866175848253,"PB_TTM":1.058599011385,"REPORT_DATE_SQ":"2021-06-30 00:00:00","REPORT_TYPE_SQ":"2021年中报","OPERATE_INCOME_SQ":2985503040,"DPS_HKD":2.57,"OPERATE_INCOME_QOQ_SQ":1.668572680057,"NET_PROFIT_RATIO_SQ":90.4682274247,"HOLDER_PROFIT_SQ":2505392880,"HOLDER_PROFIT_QOQ_SQ":-1.737524941547,"ROE_AVG_SQ":2.659118808121,"PE_TTM_SQ":14.995309266231,"PB_TTM_SQ":0.924360860139,"ROA_SQ":1.805637595162,"START_DATE":"2022-01-01 00:00:00","FISCAL_YEAR":"12-31","CURRENCY":"HKD","IS_CNY_CODE":0,"DPS_HKD_LY":2.51,"ORG_TYPE":"一般企业","PREMIUM_INCOME":null,"PREMIUM_INCOME_YOY":null,"NET_INTEREST_INCOME":null,"NET_INTEREST_INCOME_YOY":null,"FEE_COMMISSION_INCOME":null,"FEE_COMMISSION_INCOME_YOY":null,"ACCOUNTS_RECE_TDAYS":2.763383735186,"INVENTORY_TDAYS":10.148681055156,"CURRENT_ASSETS_TDAYS":0.28758559095,"TOTAL_ASSETS_TDAYS":0.020645878305,"PREMIUM_EXPENSE":null,"LOAN_DEPOSIT":null,"LOAN_EQUITY":null,"LOAN_ASSETS":null,"DEPOSIT_EQUITY":null,"DEPOSIT_ASSETS":null,"EQUITY_MULTIPLIER":1.28213840399,"EQUITY_RATIO":0.306012222232},{"SECUCODE":"01038.HK","SECURITY_CODE":"01038","SECURITY_NAME_ABBR":"长江基建集团","ORG_CODE":"10009210","STD_REPORT_DATE":"2021-12-31 00:00:00","REPORT_DATE":"2021-12-31 00:00:00","DATE_TYPE_CODE":"001","REPORT_TYPE":"2021年年报","PER_NETCASH_OPERATE":0.991330826276,"PER_OI":2.28703753309,"BPS":37.587500795683,"BASIC_EPS":2.436448,"DILUTED_EPS":null,"OPERATE_INCOME":5762444800,"OPERATE_INCOME_YOY":-1.86577555,"GROSS_PROFIT":1979409600,"GROSS_PROFIT_YOY":-25.879347740824,"HOLDER_PROFIT":6144264000,"HOLDER_PROFIT_YOY":2.6639344262,"GROSS_PROFIT_RATIO":34.350170261067,"EPS_TTM":2.438576484275,"OPERATE_INCOME_QOQ":-6.233375282604,"NET_PROFIT_RATIO":112.8547105562,"ROE_AVG":6.613104771291,"GROSS_PROFIT_QOQ":-26.933324017383,"ROA":4.548893798614,"HOLDER_PROFIT_QOQ":1.495016828618,"ROE_YEARLY":6.613104771291,"ROIC_YEARLY":5.291974015457,"TOTAL_ASSETS":133267982400,"TOTAL_LIABILITIES":30375475200,"TAX_EBT":1.983980283426,"OCF_SALES":43.345629965948,"TOTAL_PARENT_EQUITY":94705878400,"DEBT_ASSET_RATIO":22.7927778698,"OPERATE_PROFIT":2470787200,"PRETAX_PROFIT":6634824000,"NETCASH_OPERATE":2497768000,"NETCASH_INVEST":3524673600,"NETCASH_FINANCE":-10430940800,"END_CASH":6610296000,"DIVI_RATIO":0.956966744758,"DIVIDEND_RATE":5.039215686275,"CURRENT_RATIO":0.615435395787,"COMMON_ACS":4000000000,"CURRENTDEBT_DEBT":44.850882859604,"ISSUED_COMMON_SHARES":2519610945,"HK_COMMON_SHARES":2519610945,"PER_SHARES":500,"TOTAL_MARKET_CAP":128500158195,"HKSK_MARKET_CAP":128500158195,"PE_TTM":15.866175848253,"PB_TTM":1.058599011385,"REPORT_DATE_SQ":"2020-12-31 00:00:00","REPORT_TYPE_SQ":"2020年年报","OPERATE_INCOME_SQ":6044658480,"DPS_HKD":2.57,"OPERATE_INCOME_QOQ_SQ":-0.276751033133,"NET_PROFIT_RATIO_SQ":113.6034530771,"HOLDER_PROFIT_SQ":6160804800,"HOLDER_PROFIT_QOQ_SQ":-9.34238449032,"ROE_AVG_SQ":6.563668480941,"PE_TTM_SQ":14.995309266231,"PB_TTM_SQ":0.924360860139,"ROA_SQ":4.401749875975,"START_DATE":"2021-01-01 00:00:00","FISCAL_YEAR":"12-31","CURRENCY":"HKD","IS_CNY_CODE":0,"DPS_HKD_LY":2.48,"ORG_TYPE":"一般企业","PREMIUM_INCOME":null,"PREMIUM_INCOME_YOY":null,"NET_INTEREST_INCOME":null,"NET_INTEREST_INCOME_YOY":null,"FEE_COMMISSION_INCOME":null,"FEE_COMMISSION_INCOME_YOY":null,"ACCOUNTS_RECE_TDAYS":5.127682793743,"INVENTORY_TDAYS":29.192429022082,"CURRENT_ASSETS_TDAYS":0.547566328711,"TOTAL_ASSETS_TDAYS":0.042662147029,"PREMIUM_EXPENSE":null,"LOAN_DEPOSIT":null,"LOAN_EQUITY":null,"LOAN_ASSETS":null,"DEPOSIT_EQUITY":null,"DEPOSIT_ASSETS":null,"EQUITY_MULTIPLIER":1.295215618966,"EQUITY_RATIO":0.320734844692},{"SECUCODE":"01038.HK","SECURITY_CODE":"01038","SECURITY_NAME_ABBR":"长江基建集团","ORG_CODE":"10009210","STD_REPORT_DATE":"2021-06-30 00:00:00","REPORT_DATE":"2021-06-30 00:00:00","DATE_TYPE_CODE":"002","REPORT_TYPE":"2021年中报","PER_NETCASH_OPERATE":0.459567710538,"PER_OI":1.126317585663,"BPS":37.985693827029,"BASIC_EPS":0.998496,"DILUTED_EPS":null,"OPERATE_INCOME":2985503040,"OPERATE_INCOME_YOY":13.6162127929,"GROSS_PROFIT":1352962080,"GROSS_PROFIT_YOY":2.930671260075,"HOLDER_PROFIT":2505392880,"HOLDER_PROFIT_YOY":5.2797202797,"GROSS_PROFIT_RATIO":45.317725752508,"EPS_TTM":2.283854829514,"OPERATE_INCOME_QOQ":1.668572680057,"NET_PROFIT_RATIO":90.4682274247,"ROE_AVG":2.659118808121,"GROSS_PROFIT_QOQ":1.442485596046,"ROA":1.805637595162,"HOLDER_PROFIT_QOQ":-1.737524941547,"ROE_YEARLY":5.318237616243,"ROIC_YEARLY":4.161081245422,"TOTAL_ASSETS":138208488000,"TOTAL_LIABILITIES":36143058960,"TAX_EBT":2.463942307692,"OCF_SALES":40.802675585284,"TOTAL_PARENT_EQUITY":95709169920,"DEBT_ASSET_RATIO":26.1511137869,"OPERATE_PROFIT":1538515920,"PRETAX_PROFIT":2769162240,"NETCASH_OPERATE":1218165120,"NETCASH_INVEST":1044260400,"NETCASH_FINANCE":-6710725200,"END_CASH":6765642480,"DIVI_RATIO":1.021797256919,"DIVIDEND_RATE":5.039215686275,"CURRENT_RATIO":0.523498098859,"COMMON_ACS":4000000000,"CURRENTDEBT_DEBT":45.410594654327,"ISSUED_COMMON_SHARES":2519610945,"HK_COMMON_SHARES":2519610945,"PER_SHARES":500,"TOTAL_MARKET_CAP":128500158195,"HKSK_MARKET_CAP":128500158195,"PE_TTM":15.866175848253,"PB_TTM":1.058599011385,"REPORT_DATE_SQ":"2020-06-30 00:00:00","REPORT_TYPE_SQ":"2020年中报","OPERATE_INCOME_SQ":2884643520,"DPS_HKD":2.57,"OPERATE_INCOME_QOQ_SQ":0.499840602836,"NET_PROFIT_RATIO_SQ":103.6415452818,"HOLDER_PROFIT_SQ":2612438400,"HOLDER_PROFIT_QOQ_SQ":-27.790489906611,"ROE_AVG_SQ":2.592188087717,"PE_TTM_SQ":14.995309266231,"PB_TTM_SQ":0.924360860139,"ROA_SQ":1.721688458667,"START_DATE":"2021-01-01 00:00:00","FISCAL_YEAR":"12-31","CURRENCY":"HKD","IS_CNY_CODE":0,"DPS_HKD_LY":2.48,"ORG_TYPE":"一般企业","PREMIUM_INCOME":null,"PREMIUM_INCOME_YOY":null,"NET_INTEREST_INCOME":null,"NET_INTEREST_INCOME_YOY":null,"FEE_COMMISSION_INCOME":null,"FEE_COMMISSION_INCOME_YOY":null,"ACCOUNTS_RECE_TDAYS":2.427604871448,"INVENTORY_TDAYS":11.890909090909,"CURRENT_ASSETS_TDAYS":0.277988688309,"TOTAL_ASSETS_TDAYS":0.021516531689,"PREMIUM_EXPENSE":null,"LOAN_DEPOSIT":null,"LOAN_EQUITY":null,"LOAN_ASSETS":null,"DEPOSIT_EQUITY":null,"DEPOSIT_ASSETS":null,"EQUITY_MULTIPLIER":1.354116563267,"EQUITY_RATIO":0.377634232856},{"SECUCODE":"01038.HK","SECURITY_CODE":"01038","SECURITY_NAME_ABBR":"长江基建集团","ORG_CODE":"10009210","STD_REPORT_DATE":"2020-12-31 00:00:00","REPORT_DATE":"2020-12-31 00:00:00","DATE_TYPE_CODE":"001","REPORT_TYPE":"2020年年报","PER_NETCASH_OPERATE":0.896991168414,"PER_OI":2.280421441256,"BPS":37.225606225488,"BASIC_EPS":2.4491724,"DILUTED_EPS":null,"OPERATE_INCOME":6044658480,"OPERATE_INCOME_YOY":6.6686469627,"GROSS_PROFIT":2670523720,"GROSS_PROFIT_YOY":-2.828317439067,"HOLDER_PROFIT":6160804800,"HOLDER_PROFIT_YOY":-30.3255282696,"GROSS_PROFIT_RATIO":44.179894179894,"EPS_TTM":2.324239062934,"OPERATE_INCOME_QOQ":-0.276751033133,"NET_PROFIT_RATIO":113.6034530771,"ROE_AVG":6.563668480941,"GROSS_PROFIT_QOQ":2.615455483309,"ROA":4.401749875975,"HOLDER_PROFIT_QOQ":-9.34238449032,"ROE_YEARLY":6.563668480941,"ROIC_YEARLY":5.276607400946,"TOTAL_ASSETS":140899794040,"TOTAL_LIABILITIES":34632644360,"TAX_EBT":2.252306217803,"OCF_SALES":39.334447229184,"TOTAL_PARENT_EQUITY":93794044880,"DEBT_ASSET_RATIO":24.5796273841,"OPERATE_PROFIT":2705872600,"PRETAX_PROFIT":7025169080,"NETCASH_OPERATE":2377633000,"NETCASH_INVEST":5887271800,"NETCASH_FINANCE":-7086608800,"END_CASH":11342782280,"DIVI_RATIO":1.004043274728,"DIVIDEND_RATE":5.039215686275,"CURRENT_RATIO":1.404934687954,"COMMON_ACS":4000000000,"CURRENTDEBT_DEBT":26.790444482247,"ISSUED_COMMON_SHARES":2519610945,"HK_COMMON_SHARES":2519610945,"PER_SHARES":500,"TOTAL_MARKET_CAP":128500158195,"HKSK_MARKET_CAP":128500158195,"PE_TTM":15.866175848253,"PB_TTM":1.058599011385,"REPORT_DATE_SQ":"2019-12-31 00:00:00","REPORT_TYPE_SQ":"2019年年报","OPERATE_INCOME_SQ":6031286740,"DPS_HKD":2.57,"OPERATE_INCOME_QOQ_SQ":-1.564271255994,"NET_PROFIT_RATIO_SQ":168.4835882965,"HOLDER_PROFIT_SQ":9411064680,"HOLDER_PROFIT_QOQ_SQ":0.456742531975,"ROE_AVG_SQ":9.604300269224,"PE_TTM_SQ":14.995309266231,"PB_TTM_SQ":0.924360860139,"ROA_SQ":6.506189736,"START_DATE":"2020-01-01 00:00:00","FISCAL_YEAR":"12-31","CURRENCY":"HKD","IS_CNY_CODE":0,"DPS_HKD_LY":2.46,"ORG_TYPE":"一般企业","PREMIUM_INCOME":null,"PREMIUM_INCOME_YOY":null,"NET_INTEREST_INCOME":null,"NET_INTEREST_INCOME_YOY":null,"FEE_COMMISSION_INCOME":null,"FEE_COMMISSION_INCOME_YOY":null,"ACCOUNTS_RECE_TDAYS":5.524615384615,"INVENTORY_TDAYS":28.332155477032,"CURRENT_ASSETS_TDAYS":0.475062839,"TOTAL_ASSETS_TDAYS":0.043187660668,"PREMIUM_EXPENSE":null,"LOAN_DEPOSIT":null,"LOAN_EQUITY":null,"LOAN_ASSETS":null,"DEPOSIT_EQUITY":null,"DEPOSIT_ASSETS":null,"EQUITY_MULTIPLIER":1.325901696472,"EQUITY_RATIO":0.369241399113},{"SECUCODE":"01038.HK","SECURITY_CODE":"01038","SECURITY_NAME_ABBR":"长江基建集团","ORG_CODE":"10009210","STD_REPORT_DATE":"2020-06-30 00:00:00","REPORT_DATE":"2020-06-30 00:00:00","DATE_TYPE_CODE":"002","REPORT_TYPE":"2020年中报","PER_NETCASH_OPERATE":0.496922467751,"PER_OI":1.088267096504,"BPS":39.537394913166,"BASIC_EPS":1.0413216,"DILUTED_EPS":null,"OPERATE_INCOME":2884643520,"OPERATE_INCOME_YOY":-2.6810477658,"GROSS_PROFIT":1314440160,"GROSS_PROFIT_YOY":-9.984377863408,"HOLDER_PROFIT":2612438400,"HOLDER_PROFIT_YOY":-51.8761568232,"GROSS_PROFIT_RATIO":45.566814439519,"EPS_TTM":2.563754903399,"OPERATE_INCOME_QOQ":0.499840602836,"NET_PROFIT_RATIO":103.6415452818,"ROE_AVG":2.592188087717,"GROSS_PROFIT_QOQ":-5.305022422535,"ROA":1.721688458667,"HOLDER_PROFIT_QOQ":-27.790489906611,"ROE_YEARLY":5.184376175435,"ROIC_YEARLY":4.162028042755,"TOTAL_ASSETS":152588325120,"TOTAL_LIABILITIES":39465175200,"TAX_EBT":1.711711711712,"OCF_SALES":45.661811272958,"TOTAL_PARENT_EQUITY":99618852960,"DEBT_ASSET_RATIO":25.8638235717,"OPERATE_PROFIT":1428620160,"PRETAX_PROFIT":3041755200,"NETCASH_OPERATE":634840800,"NETCASH_INVEST":3512176800,"NETCASH_FINANCE":-805654080,"END_CASH":14372978400,"DIVI_RATIO":0.910241691554,"DIVIDEND_RATE":5.039215686275,"CURRENT_RATIO":1.872548062848,"COMMON_ACS":4000000000,"CURRENTDEBT_DEBT":23.717162365467,"ISSUED_COMMON_SHARES":2519610945,"HK_COMMON_SHARES":2519610945,"PER_SHARES":500,"TOTAL_MARKET_CAP":128500158195,"HKSK_MARKET_CAP":128500158195,"PE_TTM":15.866175848253,"PB_TTM":1.058599011385,"REPORT_DATE_SQ":"2019-06-30 00:00:00","REPORT_TYPE_SQ":"2019年中报","OPERATE_INCOME_SQ":2854496700,"DPS_HKD":2.57,"OPERATE_INCOME_QOQ_SQ":-2.184276965772,"NET_PROFIT_RATIO_SQ":196.0554699538,"HOLDER_PROFIT_SQ":5227819380,"HOLDER_PROFIT_QOQ_SQ":2.383775377134,"ROE_AVG_SQ":5.538005647033,"PE_TTM_SQ":14.995309266231,"PB_TTM_SQ":0.924360860139,"ROA_SQ":3.754121764178,"START_DATE":"2020-01-01 00:00:00","FISCAL_YEAR":"12-31","CURRENCY":"HKD","IS_CNY_CODE":0,"DPS_HKD_LY":2.46,"ORG_TYPE":"一般企业","PREMIUM_INCOME":null,"PREMIUM_INCOME_YOY":null,"NET_INTEREST_INCOME":null,"NET_INTEREST_INCOME_YOY":null,"FEE_COMMISSION_INCOME":null,"FEE_COMMISSION_INCOME_YOY":null,"ACCOUNTS_RECE_TDAYS":3.058595641646,"INVENTORY_TDAYS":11.498327759197,"CURRENT_ASSETS_TDAYS":0.186115040075,"TOTAL_ASSETS_TDAYS":0.019010811722,"PREMIUM_EXPENSE":null,"LOAN_DEPOSIT":null,"LOAN_EQUITY":null,"LOAN_ASSETS":null,"DEPOSIT_EQUITY":null,"DEPOSIT_ASSETS":null,"EQUITY_MULTIPLIER":1.348869132693,"EQUITY_RATIO":0.396161710634}],"count":50},"success":true,"message":"ok","code":0}