{"version":"9e636cecc1fc078f34dc50e52db375d7","result":{"pages":4,"data":[{"SECUCODE":"01039.HK","SECURITY_CODE":"01039","SECURITY_NAME_ABBR":"畅由国际集团","ORG_CODE":"10142877","STD_REPORT_DATE":"2024-06-30 00:00:00","REPORT_DATE":"2024-06-30 00:00:00","DATE_TYPE_CODE":"002","REPORT_TYPE":"2024年中报","PER_NETCASH_OPERATE":-0.006267417374,"PER_OI":0.05656081887,"BPS":0.131917263517,"BASIC_EPS":-0.0041,"DILUTED_EPS":-0.0041,"OPERATE_INCOME":102429000,"OPERATE_INCOME_YOY":-29.3203146564,"GROSS_PROFIT":18389000,"GROSS_PROFIT_YOY":-28.802075267152,"HOLDER_PROFIT":-7394000,"HOLDER_PROFIT_YOY":57.9001309571,"GROSS_PROFIT_RATIO":17.952923488465,"EPS_TTM":-0.015126287588,"OPERATE_INCOME_QOQ":-18.739057380122,"NET_PROFIT_RATIO":-7.8913198411,"ROE_AVG":-3.122571708504,"GROSS_PROFIT_QOQ":-18.941284310231,"ROA":-5.236655169727,"HOLDER_PROFIT_QOQ":27.072573345402,"ROE_YEARLY":-6.245143417007,"ROIC_YEARLY":-2.897519924368,"TOTAL_ASSETS":132847000,"TOTAL_LIABILITIES":282647000,"TAX_EBT":null,"OCF_SALES":-11.080846244716,"TOTAL_PARENT_EQUITY":238896000,"DEBT_ASSET_RATIO":212.7612968302,"OPERATE_PROFIT":-1936000,"PRETAX_PROFIT":-8083000,"NETCASH_OPERATE":-11350000,"NETCASH_INVEST":-202000,"NETCASH_FINANCE":-927000,"END_CASH":12947000,"DIVI_RATIO":null,"DIVIDEND_RATE":null,"CURRENT_RATIO":1.028756671279,"COMMON_ACS":5000000000,"CURRENTDEBT_DEBT":44.746627418653,"ISSUED_COMMON_SHARES":1810953272,"HK_COMMON_SHARES":1810953272,"PER_SHARES":1000,"TOTAL_MARKET_CAP":108657196.32,"HKSK_MARKET_CAP":108657196.32,"PE_TTM":-3.562380157108,"PB_TTM":0.415114735857,"REPORT_DATE_SQ":"2023-06-30 00:00:00","REPORT_TYPE_SQ":"2023年中报","OPERATE_INCOME_SQ":144920000,"DPS_HKD":null,"OPERATE_INCOME_QOQ_SQ":18.356755550182,"NET_PROFIT_RATIO_SQ":-9.9861992824,"HOLDER_PROFIT_SQ":-17563000,"HOLDER_PROFIT_QOQ_SQ":-6.249100071994,"ROE_AVG_SQ":-6.744027985239,"PE_TTM_SQ":-5.896841061996,"PB_TTM_SQ":0.870679920189,"ROA_SQ":-11.685257201407,"START_DATE":"2024-01-01 00:00:00","FISCAL_YEAR":"12-31","CURRENCY":"HKD","IS_CNY_CODE":0,"DPS_HKD_LY":null,"ORG_TYPE":"一般企业","PREMIUM_INCOME":null,"PREMIUM_INCOME_YOY":null,"NET_INTEREST_INCOME":null,"NET_INTEREST_INCOME_YOY":null,"FEE_COMMISSION_INCOME":null,"FEE_COMMISSION_INCOME_YOY":null,"ACCOUNTS_RECE_TDAYS":0.864124520184,"INVENTORY_TDAYS":965.977011494253,"CURRENT_ASSETS_TDAYS":0.741795665635,"TOTAL_ASSETS_TDAYS":0.725433259913,"PREMIUM_EXPENSE":null,"LOAN_DEPOSIT":null,"LOAN_EQUITY":null,"LOAN_ASSETS":null,"DEPOSIT_EQUITY":null,"DEPOSIT_ASSETS":null,"EQUITY_MULTIPLIER":-0.886829105474,"EQUITY_RATIO":1.183138269372},{"SECUCODE":"01039.HK","SECURITY_CODE":"01039","SECURITY_NAME_ABBR":"畅由国际集团","ORG_CODE":"10142877","STD_REPORT_DATE":"2023-12-31 00:00:00","REPORT_DATE":"2023-12-31 00:00:00","DATE_TYPE_CODE":"001","REPORT_TYPE":"2023年年报","PER_NETCASH_OPERATE":0.003814013374,"PER_OI":0.12521085083,"BPS":0.129593625428,"BASIC_EPS":-0.0207,"DILUTED_EPS":-0.0207,"OPERATE_INCOME":226751000,"OPERATE_INCOME_YOY":5.446944261,"GROSS_PROFIT":39274000,"GROSS_PROFIT_YOY":38.914827391058,"HOLDER_PROFIT":-37562000,"HOLDER_PROFIT_YOY":-8.1699064075,"GROSS_PROFIT_RATIO":17.320320527804,"EPS_TTM":-0.020741562237,"OPERATE_INCOME_QOQ":-10.90754070535,"NET_PROFIT_RATIO":-17.0301343765,"ROE_AVG":-14.839631083342,"GROSS_PROFIT_QOQ":1.590832665097,"ROA":-24.715663276888,"HOLDER_PROFIT_QOQ":-1.807833039707,"ROE_YEARLY":-14.839631083342,"ROIC_YEARLY":-7.35841775016,"TOTAL_ASSETS":149547000,"TOTAL_LIABILITIES":302866000,"TAX_EBT":null,"OCF_SALES":3.046072564178,"TOTAL_PARENT_EQUITY":234688000,"DEBT_ASSET_RATIO":202.5222839642,"OPERATE_PROFIT":-3897000,"PRETAX_PROFIT":-38616000,"NETCASH_OPERATE":6907000,"NETCASH_INVEST":-157000,"NETCASH_FINANCE":-14402000,"END_CASH":25415000,"DIVI_RATIO":null,"DIVIDEND_RATE":null,"CURRENT_RATIO":0.484173921115,"COMMON_ACS":5000000000,"CURRENTDEBT_DEBT":99.599823024044,"ISSUED_COMMON_SHARES":1810953272,"HK_COMMON_SHARES":1810953272,"PER_SHARES":1000,"TOTAL_MARKET_CAP":105035289.776,"HKSK_MARKET_CAP":105035289.776,"PE_TTM":-3.443634151871,"PB_TTM":0.401277577995,"REPORT_DATE_SQ":"2022-12-31 00:00:00","REPORT_TYPE_SQ":"2022年年报","OPERATE_INCOME_SQ":215038000,"DPS_HKD":null,"OPERATE_INCOME_QOQ_SQ":18.933657808136,"NET_PROFIT_RATIO_SQ":-22.6666914685,"HOLDER_PROFIT_SQ":-34725000,"HOLDER_PROFIT_QOQ_SQ":13.651622528907,"ROE_AVG_SQ":-11.919206827843,"PE_TTM_SQ":-6.30508390475,"PB_TTM_SQ":0.930957760817,"ROA_SQ":-20.106074379448,"START_DATE":"2023-01-01 00:00:00","FISCAL_YEAR":"12-31","CURRENCY":"HKD","IS_CNY_CODE":0,"DPS_HKD_LY":null,"ORG_TYPE":"一般企业","PREMIUM_INCOME":null,"PREMIUM_INCOME_YOY":null,"NET_INTEREST_INCOME":null,"NET_INTEREST_INCOME_YOY":null,"FEE_COMMISSION_INCOME":null,"FEE_COMMISSION_INCOME_YOY":null,"ACCOUNTS_RECE_TDAYS":1.929524790136,"INVENTORY_TDAYS":1499.816,"CURRENT_ASSETS_TDAYS":1.539262039963,"TOTAL_ASSETS_TDAYS":1.492013567887,"PREMIUM_EXPENSE":null,"LOAN_DEPOSIT":null,"LOAN_EQUITY":null,"LOAN_ASSETS":null,"DEPOSIT_EQUITY":null,"DEPOSIT_ASSETS":null,"EQUITY_MULTIPLIER":-0.97539770022,"EQUITY_RATIO":1.290504840469},{"SECUCODE":"01039.HK","SECURITY_CODE":"01039","SECURITY_NAME_ABBR":"畅由国际集团","ORG_CODE":"10142877","STD_REPORT_DATE":"2023-06-30 00:00:00","REPORT_DATE":"2023-06-30 00:00:00","DATE_TYPE_CODE":"002","REPORT_TYPE":"2023年中报","PER_NETCASH_OPERATE":-0.000024848791,"PER_OI":0.080024152053,"BPS":0.137659543101,"BASIC_EPS":-0.0097,"DILUTED_EPS":-0.0097,"OPERATE_INCOME":144920000,"OPERATE_INCOME_YOY":37.4352749275,"GROSS_PROFIT":25828000,"GROSS_PROFIT_YOY":67.268959264296,"HOLDER_PROFIT":-17563000,"HOLDER_PROFIT_YOY":-14.0973169623,"GROSS_PROFIT_RATIO":17.822246756831,"EPS_TTM":-0.02037324793,"OPERATE_INCOME_QOQ":18.356755550182,"NET_PROFIT_RATIO":-9.9861992824,"ROE_AVG":-6.744027985239,"GROSS_PROFIT_QOQ":36.739530277306,"ROA":-11.685257201407,"HOLDER_PROFIT_QOQ":-6.249100071994,"ROE_YEARLY":-13.488055970479,"ROIC_YEARLY":-6.916718191879,"TOTAL_ASSETS":146195000,"TOTAL_LIABILITIES":281164000,"TAX_EBT":null,"OCF_SALES":-0.031051614684,"TOTAL_PARENT_EQUITY":249295000,"DEBT_ASSET_RATIO":192.3212148158,"OPERATE_PROFIT":3330000,"PRETAX_PROFIT":-14472000,"NETCASH_OPERATE":-45000,"NETCASH_INVEST":-148000,"NETCASH_FINANCE":-9360000,"END_CASH":23562000,"DIVI_RATIO":null,"DIVIDEND_RATE":null,"CURRENT_RATIO":0.62154046366,"COMMON_ACS":5000000000,"CURRENTDEBT_DEBT":80.896202927829,"ISSUED_COMMON_SHARES":1810953272,"HK_COMMON_SHARES":1810953272,"PER_SHARES":1000,"TOTAL_MARKET_CAP":105035289.776,"HKSK_MARKET_CAP":105035289.776,"PE_TTM":-3.443634151871,"PB_TTM":0.401277577995,"REPORT_DATE_SQ":"2022-06-30 00:00:00","REPORT_TYPE_SQ":"2022年中报","OPERATE_INCOME_SQ":105446000,"DPS_HKD":null,"OPERATE_INCOME_QOQ_SQ":58.307868769208,"NET_PROFIT_RATIO_SQ":-21.5295032528,"HOLDER_PROFIT_SQ":-15393000,"HOLDER_PROFIT_QOQ_SQ":18.703378009582,"ROE_AVG_SQ":-5.094160727671,"PE_TTM_SQ":-6.30508390475,"PB_TTM_SQ":0.930957760817,"ROA_SQ":-8.556634268228,"START_DATE":"2023-01-01 00:00:00","FISCAL_YEAR":"12-31","CURRENCY":"HKD","IS_CNY_CODE":0,"DPS_HKD_LY":null,"ORG_TYPE":"一般企业","PREMIUM_INCOME":null,"PREMIUM_INCOME_YOY":null,"NET_INTEREST_INCOME":null,"NET_INTEREST_INCOME_YOY":null,"FEE_COMMISSION_INCOME":null,"FEE_COMMISSION_INCOME_YOY":null,"ACCOUNTS_RECE_TDAYS":1.250032346269,"INVENTORY_TDAYS":892.074906367041,"CURRENT_ASSETS_TDAYS":0.999655101055,"TOTAL_ASSETS_TDAYS":0.964201715896,"PREMIUM_EXPENSE":null,"LOAN_DEPOSIT":null,"LOAN_EQUITY":null,"LOAN_ASSETS":null,"DEPOSIT_EQUITY":null,"DEPOSIT_ASSETS":null,"EQUITY_MULTIPLIER":-1.083174654921,"EQUITY_RATIO":1.127836498927},{"SECUCODE":"01039.HK","SECURITY_CODE":"01039","SECURITY_NAME_ABBR":"畅由国际集团","ORG_CODE":"10142877","STD_REPORT_DATE":"2022-12-31 00:00:00","REPORT_DATE":"2022-12-31 00:00:00","DATE_TYPE_CODE":"001","REPORT_TYPE":"2022年年报","PER_NETCASH_OPERATE":-0.003869232911,"PER_OI":0.118742986539,"BPS":0.149949203107,"BASIC_EPS":-0.0192,"DILUTED_EPS":-0.0192,"OPERATE_INCOME":215038000,"OPERATE_INCOME_YOY":88.2813389253,"GROSS_PROFIT":28272000,"GROSS_PROFIT_YOY":123.088455772114,"HOLDER_PROFIT":-34725000,"HOLDER_PROFIT_YOY":29.8016859725,"GROSS_PROFIT_RATIO":13.147443707624,"EPS_TTM":-0.019174983992,"OPERATE_INCOME_QOQ":18.933657808136,"NET_PROFIT_RATIO":-22.6666914685,"ROE_AVG":-11.919206827843,"GROSS_PROFIT_QOQ":21.56862745098,"ROA":-20.106074379448,"HOLDER_PROFIT_QOQ":13.651622528907,"ROE_YEARLY":-11.919206827843,"ROIC_YEARLY":-6.790774715438,"TOTAL_ASSETS":154406000,"TOTAL_LIABILITIES":270210000,"TAX_EBT":null,"OCF_SALES":-3.258493847599,"TOTAL_PARENT_EQUITY":271551000,"DEBT_ASSET_RATIO":174.9996761784,"OPERATE_PROFIT":-15342000,"PRETAX_PROFIT":-48742000,"NETCASH_OPERATE":-7007000,"NETCASH_INVEST":-527000,"NETCASH_FINANCE":-11086000,"END_CASH":32974000,"DIVI_RATIO":null,"DIVIDEND_RATE":null,"CURRENT_RATIO":0.555298075126,"COMMON_ACS":5000000000,"CURRENTDEBT_DEBT":99.015580474446,"ISSUED_COMMON_SHARES":1810953272,"HK_COMMON_SHARES":1810953272,"PER_SHARES":1000,"TOTAL_MARKET_CAP":105035289.776,"HKSK_MARKET_CAP":105035289.776,"PE_TTM":-3.443634151871,"PB_TTM":0.401277577995,"REPORT_DATE_SQ":"2021-12-31 00:00:00","REPORT_TYPE_SQ":"2021年年报","OPERATE_INCOME_SQ":114211000,"DPS_HKD":null,"OPERATE_INCOME_QOQ_SQ":-49.661947745143,"NET_PROFIT_RATIO_SQ":-109.326597263,"HOLDER_PROFIT_SQ":-49467000,"HOLDER_PROFIT_QOQ_SQ":-26.656595657517,"ROE_AVG_SQ":-14.7180067748,"PE_TTM_SQ":-6.30508390475,"PB_TTM_SQ":0.930957760817,"ROA_SQ":-20.570494707361,"START_DATE":"2022-01-01 00:00:00","FISCAL_YEAR":"12-31","CURRENCY":"HKD","IS_CNY_CODE":0,"DPS_HKD_LY":null,"ORG_TYPE":"一般企业","PREMIUM_INCOME":null,"PREMIUM_INCOME_YOY":null,"NET_INTEREST_INCOME":null,"NET_INTEREST_INCOME_YOY":null,"FEE_COMMISSION_INCOME":null,"FEE_COMMISSION_INCOME_YOY":null,"ACCOUNTS_RECE_TDAYS":1.727684668906,"INVENTORY_TDAYS":469.261306532663,"CURRENT_ASSETS_TDAYS":1.284986539904,"TOTAL_ASSETS_TDAYS":1.245088559369,"PREMIUM_EXPENSE":null,"LOAN_DEPOSIT":null,"LOAN_EQUITY":null,"LOAN_ASSETS":null,"DEPOSIT_EQUITY":null,"DEPOSIT_ASSETS":null,"EQUITY_MULTIPLIER":-1.333339090187,"EQUITY_RATIO":0.995061701117},{"SECUCODE":"01039.HK","SECURITY_CODE":"01039","SECURITY_NAME_ABBR":"畅由国际集团","ORG_CODE":"10142877","STD_REPORT_DATE":"2022-06-30 00:00:00","REPORT_DATE":"2022-06-30 00:00:00","DATE_TYPE_CODE":"002","REPORT_TYPE":"2022年中报","PER_NETCASH_OPERATE":-0.000609623681,"PER_OI":0.058226792281,"BPS":0.161913067849,"BASIC_EPS":-0.0085,"DILUTED_EPS":-0.0085,"OPERATE_INCOME":105446000,"OPERATE_INCOME_YOY":171.4043035108,"GROSS_PROFIT":15441000,"GROSS_PROFIT_YOY":217.846850555784,"HOLDER_PROFIT":-15393000,"HOLDER_PROFIT_YOY":37.5410833841,"GROSS_PROFIT_RATIO":14.643514215807,"EPS_TTM":-0.022206536536,"OPERATE_INCOME_QOQ":58.307868769208,"NET_PROFIT_RATIO":-21.5295032528,"ROE_AVG":-5.094160727671,"GROSS_PROFIT_QOQ":83.508245877061,"ROA":-8.556634268228,"HOLDER_PROFIT_QOQ":18.703378009582,"ROE_YEARLY":-10.188321455342,"ROIC_YEARLY":-6.036115522616,"TOTAL_ASSETS":168779000,"TOTAL_LIABILITIES":256209000,"TAX_EBT":null,"OCF_SALES":-1.04698139332,"TOTAL_PARENT_EQUITY":293217000,"DEBT_ASSET_RATIO":151.8014681921,"OPERATE_PROFIT":-7612000,"PRETAX_PROFIT":-22702000,"NETCASH_OPERATE":-1104000,"NETCASH_INVEST":-110000,"NETCASH_FINANCE":-5954000,"END_CASH":43290000,"DIVI_RATIO":null,"DIVIDEND_RATE":null,"CURRENT_RATIO":1.280236239367,"COMMON_ACS":5000000000,"CURRENTDEBT_DEBT":50.424067850856,"ISSUED_COMMON_SHARES":1810953272,"HK_COMMON_SHARES":1810953272,"PER_SHARES":1000,"TOTAL_MARKET_CAP":105035289.776,"HKSK_MARKET_CAP":105035289.776,"PE_TTM":-3.443634151871,"PB_TTM":0.401277577995,"REPORT_DATE_SQ":"2021-06-30 00:00:00","REPORT_TYPE_SQ":"2021年中报","OPERATE_INCOME_SQ":38852000,"DPS_HKD":null,"OPERATE_INCOME_QOQ_SQ":-15.605134633482,"NET_PROFIT_RATIO_SQ":-155.1220014414,"HOLDER_PROFIT_SQ":-24645000,"HOLDER_PROFIT_QOQ_SQ":-2264.16464891041,"ROE_AVG_SQ":-7.078265889479,"PE_TTM_SQ":-6.30508390475,"PB_TTM_SQ":0.930957760817,"ROA_SQ":-9.283657259956,"START_DATE":"2022-01-01 00:00:00","FISCAL_YEAR":"12-31","CURRENCY":"HKD","IS_CNY_CODE":0,"DPS_HKD_LY":null,"ORG_TYPE":"一般企业","PREMIUM_INCOME":null,"PREMIUM_INCOME_YOY":null,"NET_INTEREST_INCOME":null,"NET_INTEREST_INCOME_YOY":null,"FEE_COMMISSION_INCOME":null,"FEE_COMMISSION_INCOME_YOY":null,"ACCOUNTS_RECE_TDAYS":0.827319446079,"INVENTORY_TDAYS":148.034539473684,"CURRENT_ASSETS_TDAYS":0.599946517675,"TOTAL_ASSETS_TDAYS":0.586151404565,"PREMIUM_EXPENSE":null,"LOAN_DEPOSIT":null,"LOAN_EQUITY":null,"LOAN_ASSETS":null,"DEPOSIT_EQUITY":null,"DEPOSIT_ASSETS":null,"EQUITY_MULTIPLIER":-1.930447214916,"EQUITY_RATIO":0.873786308434},{"SECUCODE":"01039.HK","SECURITY_CODE":"01039","SECURITY_NAME_ABBR":"畅由国际集团","ORG_CODE":"10142877","STD_REPORT_DATE":"2021-12-31 00:00:00","REPORT_DATE":"2021-12-31 00:00:00","DATE_TYPE_CODE":"001","REPORT_TYPE":"2021年年报","PER_NETCASH_OPERATE":-0.057093687396,"PER_OI":0.063066784641,"BPS":0.171800125829,"BASIC_EPS":-0.0273,"DILUTED_EPS":-0.0273,"OPERATE_INCOME":114211000,"OPERATE_INCOME_YOY":-57.5172685714,"GROSS_PROFIT":12673000,"GROSS_PROFIT_YOY":1112.72727272727,"HOLDER_PROFIT":-49467000,"HOLDER_PROFIT_YOY":-2894.3704600484,"GROSS_PROFIT_RATIO":11.096129094396,"EPS_TTM":-0.027315448038,"OPERATE_INCOME_QOQ":-49.661947745143,"NET_PROFIT_RATIO":-109.326597263,"ROE_AVG":-14.7180067748,"GROSS_PROFIT_QOQ":166.912384161752,"ROA":-20.570494707361,"HOLDER_PROFIT_QOQ":-26.656595657517,"ROE_YEARLY":-14.7180067748,"ROIC_YEARLY":-10.409678410444,"TOTAL_ASSETS":191012000,"TOTAL_LIABILITIES":253228000,"TAX_EBT":null,"OCF_SALES":-90.528933290138,"TOTAL_PARENT_EQUITY":311122000,"DEBT_ASSET_RATIO":132.5717755953,"OPERATE_PROFIT":-103696000,"PRETAX_PROFIT":-124863000,"NETCASH_OPERATE":-103394000,"NETCASH_INVEST":-530000,"NETCASH_FINANCE":3822000,"END_CASH":50426000,"DIVI_RATIO":null,"DIVIDEND_RATE":null,"CURRENT_RATIO":1.328501070664,"COMMON_ACS":5000000000,"CURRENTDEBT_DEBT":55.32563539577,"ISSUED_COMMON_SHARES":1810953272,"HK_COMMON_SHARES":1810953272,"PER_SHARES":1000,"TOTAL_MARKET_CAP":105035289.776,"HKSK_MARKET_CAP":105035289.776,"PE_TTM":-3.443634151871,"PB_TTM":0.401277577995,"REPORT_DATE_SQ":"2020-12-31 00:00:00","REPORT_TYPE_SQ":"2020年年报","OPERATE_INCOME_SQ":268841000,"DPS_HKD":null,"OPERATE_INCOME_QOQ_SQ":8.341158122534,"NET_PROFIT_RATIO_SQ":-30.5734616372,"HOLDER_PROFIT_SQ":-1652000,"HOLDER_PROFIT_QOQ_SQ":96.402047261244,"ROE_AVG_SQ":-0.494234183833,"PE_TTM_SQ":-6.30508390475,"PB_TTM_SQ":0.930957760817,"ROA_SQ":-0.58894410735,"START_DATE":"2021-01-01 00:00:00","FISCAL_YEAR":"12-31","CURRENCY":"HKD","IS_CNY_CODE":0,"DPS_HKD_LY":null,"ORG_TYPE":"一般企业","PREMIUM_INCOME":null,"PREMIUM_INCOME_YOY":null,"NET_INTEREST_INCOME":null,"NET_INTEREST_INCOME_YOY":null,"FEE_COMMISSION_INCOME":null,"FEE_COMMISSION_INCOME_YOY":null,"ACCOUNTS_RECE_TDAYS":0.891093434866,"INVENTORY_TDAYS":99.498285154336,"CURRENT_ASSETS_TDAYS":0.492634911597,"TOTAL_ASSETS_TDAYS":0.474938195367,"PREMIUM_EXPENSE":null,"LOAN_DEPOSIT":null,"LOAN_EQUITY":null,"LOAN_ASSETS":null,"DEPOSIT_EQUITY":null,"DEPOSIT_ASSETS":null,"EQUITY_MULTIPLIER":-3.070142728554,"EQUITY_RATIO":0.813918655704},{"SECUCODE":"01039.HK","SECURITY_CODE":"01039","SECURITY_NAME_ABBR":"畅由国际集团","ORG_CODE":"10142877","STD_REPORT_DATE":"2021-06-30 00:00:00","REPORT_DATE":"2021-06-30 00:00:00","DATE_TYPE_CODE":"002","REPORT_TYPE":"2021年中报","PER_NETCASH_OPERATE":-0.029984760424,"PER_OI":0.021453894256,"BPS":0.185141165807,"BASIC_EPS":-0.0136,"DILUTED_EPS":-0.0136,"OPERATE_INCOME":38852000,"OPERATE_INCOME_YOY":-51.9188169049,"GROSS_PROFIT":4858000,"GROSS_PROFIT_YOY":320.606060606061,"HOLDER_PROFIT":-24645000,"HOLDER_PROFIT_YOY":-293.1577709852,"GROSS_PROFIT_RATIO":12.503860805107,"EPS_TTM":-0.02156654211,"OPERATE_INCOME_QOQ":-15.605134633482,"NET_PROFIT_RATIO":-155.1220014414,"ROE_AVG":-7.078265889479,"GROSS_PROFIT_QOQ":354.354066985646,"ROA":-9.283657259956,"HOLDER_PROFIT_QOQ":-2264.16464891041,"ROE_YEARLY":-14.156531778958,"ROIC_YEARLY":-10.898176451404,"TOTAL_ASSETS":240994000,"TOTAL_LIABILITIES":240149000,"TAX_EBT":null,"OCF_SALES":-139.763718727479,"TOTAL_PARENT_EQUITY":335282000,"DEBT_ASSET_RATIO":99.649368864,"OPERATE_PROFIT":-49908000,"PRETAX_PROFIT":-60268000,"NETCASH_OPERATE":-54301000,"NETCASH_INVEST":-2000,"NETCASH_FINANCE":10842000,"END_CASH":107356000,"DIVI_RATIO":null,"DIVIDEND_RATE":null,"CURRENT_RATIO":1.762579844676,"COMMON_ACS":5000000000,"CURRENTDEBT_DEBT":54.368746070148,"ISSUED_COMMON_SHARES":1810953272,"HK_COMMON_SHARES":1810953272,"PER_SHARES":1000,"TOTAL_MARKET_CAP":105035289.776,"HKSK_MARKET_CAP":105035289.776,"PE_TTM":-3.443634151871,"PB_TTM":0.401277577995,"REPORT_DATE_SQ":"2020-06-30 00:00:00","REPORT_TYPE_SQ":"2020年中报","OPERATE_INCOME_SQ":80805000,"DPS_HKD":null,"OPERATE_INCOME_QOQ_SQ":21.571980089363,"NET_PROFIT_RATIO_SQ":-29.2964544273,"HOLDER_PROFIT_SQ":12759000,"HOLDER_PROFIT_QOQ_SQ":41.356408455201,"ROE_AVG_SQ":4.063162286058,"PE_TTM_SQ":-6.30508390475,"PB_TTM_SQ":0.930957760817,"ROA_SQ":5.231177968291,"START_DATE":"2021-01-01 00:00:00","FISCAL_YEAR":"12-31","CURRENCY":"HKD","IS_CNY_CODE":0,"DPS_HKD_LY":null,"ORG_TYPE":"一般企业","PREMIUM_INCOME":null,"PREMIUM_INCOME_YOY":null,"NET_INTEREST_INCOME":null,"NET_INTEREST_INCOME_YOY":null,"FEE_COMMISSION_INCOME":null,"FEE_COMMISSION_INCOME_YOY":null,"ACCOUNTS_RECE_TDAYS":0.319997364379,"INVENTORY_TDAYS":27.898235535494,"CURRENT_ASSETS_TDAYS":0.153055837883,"TOTAL_ASSETS_TDAYS":0.146353683045,"PREMIUM_EXPENSE":null,"LOAN_DEPOSIT":null,"LOAN_EQUITY":null,"LOAN_ASSETS":null,"DEPOSIT_EQUITY":null,"DEPOSIT_ASSETS":null,"EQUITY_MULTIPLIER":285.200000036505,"EQUITY_RATIO":0.716259745528},{"SECUCODE":"01039.HK","SECURITY_CODE":"01039","SECURITY_NAME_ABBR":"畅由国际集团","ORG_CODE":"10142877","STD_REPORT_DATE":"2020-12-31 00:00:00","REPORT_DATE":"2020-12-31 00:00:00","DATE_TYPE_CODE":"001","REPORT_TYPE":"2020年年报","PER_NETCASH_OPERATE":-0.05756360565,"PER_OI":0.148452753672,"BPS":0.199383940813,"BASIC_EPS":-0.0009,"DILUTED_EPS":-0.0009,"OPERATE_INCOME":268841000,"OPERATE_INCOME_YOY":31.7124911813,"GROSS_PROFIT":1045000,"GROSS_PROFIT_YOY":29.331683168317,"HOLDER_PROFIT":-1652000,"HOLDER_PROFIT_YOY":97.8900312919,"GROSS_PROFIT_RATIO":0.388705591781,"EPS_TTM":-0.00091222674,"OPERATE_INCOME_QOQ":8.341158122534,"NET_PROFIT_RATIO":-30.5734616372,"ROE_AVG":-0.494234183833,"GROSS_PROFIT_QOQ":165.599497802888,"ROA":-0.58894410735,"HOLDER_PROFIT_QOQ":96.402047261244,"ROE_YEARLY":-0.494234183833,"ROIC_YEARLY":-0.419301046476,"TOTAL_ASSETS":289939000,"TOTAL_LIABILITIES":227678000,"TAX_EBT":null,"OCF_SALES":-38.775707574366,"TOTAL_PARENT_EQUITY":361075000,"DEBT_ASSET_RATIO":78.5261727467,"OPERATE_PROFIT":-75076000,"PRETAX_PROFIT":-82194000,"NETCASH_OPERATE":-104245000,"NETCASH_INVEST":30399000,"NETCASH_FINANCE":94672000,"END_CASH":152273000,"DIVI_RATIO":null,"DIVIDEND_RATE":null,"CURRENT_RATIO":1.966410666969,"COMMON_ACS":5000000000,"CURRENTDEBT_DEBT":61.993692846915,"ISSUED_COMMON_SHARES":1810953272,"HK_COMMON_SHARES":1810953272,"PER_SHARES":1000,"TOTAL_MARKET_CAP":105035289.776,"HKSK_MARKET_CAP":105035289.776,"PE_TTM":-3.443634151871,"PB_TTM":0.401277577995,"REPORT_DATE_SQ":"2019-12-31 00:00:00","REPORT_TYPE_SQ":"2019年年报","OPERATE_INCOME_SQ":204112000,"DPS_HKD":null,"OPERATE_INCOME_QOQ_SQ":148.468617616984,"NET_PROFIT_RATIO_SQ":-95.5661597554,"HOLDER_PROFIT_SQ":-78295000,"HOLDER_PROFIT_QOQ_SQ":-32.465401143708,"ROE_AVG_SQ":-23.964788182738,"PE_TTM_SQ":-6.30508390475,"PB_TTM_SQ":0.930957760817,"ROA_SQ":-34.914936787888,"START_DATE":"2020-01-01 00:00:00","FISCAL_YEAR":"12-31","CURRENCY":"HKD","IS_CNY_CODE":0,"DPS_HKD_LY":null,"ORG_TYPE":"一般企业","PREMIUM_INCOME":null,"PREMIUM_INCOME_YOY":null,"NET_INTEREST_INCOME":null,"NET_INTEREST_INCOME_YOY":null,"FEE_COMMISSION_INCOME":null,"FEE_COMMISSION_INCOME_YOY":null,"ACCOUNTS_RECE_TDAYS":2.220899541927,"INVENTORY_TDAYS":170.516396052213,"CURRENT_ASSETS_TDAYS":0.996316267349,"TOTAL_ASSETS_TDAYS":0.958428103899,"PREMIUM_EXPENSE":null,"LOAN_DEPOSIT":null,"LOAN_EQUITY":null,"LOAN_ASSETS":null,"DEPOSIT_EQUITY":null,"DEPOSIT_ASSETS":null,"EQUITY_MULTIPLIER":4.656831724519,"EQUITY_RATIO":0.630555978675},{"SECUCODE":"01039.HK","SECURITY_CODE":"01039","SECURITY_NAME_ABBR":"畅由国际集团","ORG_CODE":"10142877","STD_REPORT_DATE":"2020-06-30 00:00:00","REPORT_DATE":"2020-06-30 00:00:00","DATE_TYPE_CODE":"002","REPORT_TYPE":"2020年中报","PER_NETCASH_OPERATE":-0.023305957505,"PER_OI":0.044620146334,"BPS":0.177033281287,"BASIC_EPS":0.007,"DILUTED_EPS":0.007,"OPERATE_INCOME":80805000,"OPERATE_INCOME_YOY":119.7340512318,"GROSS_PROFIT":1155000,"GROSS_PROFIT_YOY":-67.51968503937,"HOLDER_PROFIT":12759000,"HOLDER_PROFIT_YOY":165.027266704,"GROSS_PROFIT_RATIO":1.429366994617,"EPS_TTM":-0.025354050107,"OPERATE_INCOME_QOQ":21.571980089363,"NET_PROFIT_RATIO":-29.2964544273,"ROE_AVG":4.063162286058,"GROSS_PROFIT_QOQ":-297.153465346535,"ROA":5.231177968291,"HOLDER_PROFIT_QOQ":41.356408455201,"ROE_YEARLY":8.126324572116,"ROIC_YEARLY":6.818455092732,"TOTAL_ASSETS":216741000,"TOTAL_LIABILITIES":150846000,"TAX_EBT":null,"OCF_SALES":-52.231916341811,"TOTAL_PARENT_EQUITY":320599000,"DEBT_ASSET_RATIO":69.5973535233,"OPERATE_PROFIT":-20228000,"PRETAX_PROFIT":-23673000,"NETCASH_OPERATE":-42206000,"NETCASH_INVEST":22458000,"NETCASH_FINANCE":-44286000,"END_CASH":74445000,"DIVI_RATIO":null,"DIVIDEND_RATE":null,"CURRENT_RATIO":1.373320809189,"COMMON_ACS":5000000000,"CURRENTDEBT_DEBT":95.983320737706,"ISSUED_COMMON_SHARES":1810953272,"HK_COMMON_SHARES":1810953272,"PER_SHARES":1000,"TOTAL_MARKET_CAP":105035289.776,"HKSK_MARKET_CAP":105035289.776,"PE_TTM":-3.443634151871,"PB_TTM":0.401277577995,"REPORT_DATE_SQ":"2019-06-30 00:00:00","REPORT_TYPE_SQ":"2019年中报","OPERATE_INCOME_SQ":36774000,"DPS_HKD":null,"OPERATE_INCOME_QOQ_SQ":61.147184024168,"NET_PROFIT_RATIO_SQ":-210.6025996628,"HOLDER_PROFIT_SQ":-19621000,"HOLDER_PROFIT_QOQ_SQ":14.545953995402,"ROE_AVG_SQ":-5.530820349112,"PE_TTM_SQ":-6.30508390475,"PB_TTM_SQ":0.930957760817,"ROA_SQ":-7.206753875453,"START_DATE":"2020-01-01 00:00:00","FISCAL_YEAR":"12-31","CURRENCY":"HKD","IS_CNY_CODE":0,"DPS_HKD_LY":null,"ORG_TYPE":"一般企业","PREMIUM_INCOME":null,"PREMIUM_INCOME_YOY":null,"NET_INTEREST_INCOME":null,"NET_INTEREST_INCOME_YOY":null,"FEE_COMMISSION_INCOME":null,"FEE_COMMISSION_INCOME_YOY":null,"ACCOUNTS_RECE_TDAYS":0.678631567013,"INVENTORY_TDAYS":26.755122606651,"CURRENT_ASSETS_TDAYS":0.350595932818,"TOTAL_ASSETS_TDAYS":0.331299738011,"PREMIUM_EXPENSE":null,"LOAN_DEPOSIT":null,"LOAN_EQUITY":null,"LOAN_ASSETS":null,"DEPOSIT_EQUITY":null,"DEPOSIT_ASSETS":null,"EQUITY_MULTIPLIER":3.289187343498,"EQUITY_RATIO":0.470513008462}],"count":33},"success":true,"message":"ok","code":0}