{"version":"2689d6d7615d9e1151985fc8970ded99","result":{"pages":9,"data":[{"SECUCODE":"01033.HK","SECURITY_CODE":"01033","SECURITY_NAME_ABBR":"中石化油服","ORG_CODE":"10004315","STD_REPORT_DATE":"2024-09-30 00:00:00","REPORT_DATE":"2024-09-30 00:00:00","DATE_TYPE_CODE":"004","REPORT_TYPE":"2024年三季报","PER_NETCASH_OPERATE":-0.086124216976,"PER_OI":2.891804019248,"BPS":0.4754040844,"BASIC_EPS":0.036,"DILUTED_EPS":0.036,"OPERATE_INCOME":54884740000,"OPERATE_INCOME_YOY":-1.7159472303,"GROSS_PROFIT":4349082000,"GROSS_PROFIT_YOY":10.780505138371,"HOLDER_PROFIT":676226000,"HOLDER_PROFIT_YOY":52.4387687244,"GROSS_PROFIT_RATIO":7.924027698774,"EPS_TTM":0.042609539147,"OPERATE_INCOME_QOQ":-0.811047177721,"NET_PROFIT_RATIO":1.2320838178,"ROE_AVG":7.93408835292,"GROSS_PROFIT_QOQ":4.352917286044,"ROA":0.896326525375,"HOLDER_PROFIT_QOQ":18.942276438309,"ROE_YEARLY":10.57878447056,"ROIC_YEARLY":0.93628165055,"TOTAL_ASSETS":75725342000,"TOTAL_LIABILITIES":66702452000,"TAX_EBT":42.978207415752,"OCF_SALES":-2.97821762479,"TOTAL_PARENT_EQUITY":9022890000,"DEBT_ASSET_RATIO":88.084715418,"OPERATE_PROFIT":1797676000,"PRETAX_PROFIT":1185908000,"NETCASH_OPERATE":-1634587000,"NETCASH_INVEST":-1670059000,"NETCASH_FINANCE":4221818000,"END_CASH":3618965000,"DIVI_RATIO":null,"DIVIDEND_RATE":null,"CURRENT_RATIO":0.663813877539,"COMMON_ACS":null,"CURRENTDEBT_DEBT":98.932304617527,"ISSUED_COMMON_SHARES":18979412033,"HK_COMMON_SHARES":5410033482,"PER_SHARES":2000,"TOTAL_MARKET_CAP":11957029580.79,"HKSK_MARKET_CAP":3408321093.66,"PE_TTM":13.254000347377,"PB_TTM":1.195041689044,"REPORT_DATE_SQ":"2023-09-30 00:00:00","REPORT_TYPE_SQ":"2023年三季报","OPERATE_INCOME_SQ":55842976000,"DPS_HKD":null,"OPERATE_INCOME_QOQ_SQ":1.161344251988,"NET_PROFIT_RATIO_SQ":0.7943792251,"HOLDER_PROFIT_SQ":443605000,"HOLDER_PROFIT_QOQ_SQ":10.732249856233,"ROE_AVG_SQ":5.651373309002,"PE_TTM_SQ":10.811379141074,"PB_TTM_SQ":0.969065509492,"ROA_SQ":0.608792643919,"START_DATE":"2024-01-01 00:00:00","FISCAL_YEAR":"12-31","CURRENCY":"HKD","IS_CNY_CODE":0,"DPS_HKD_LY":null,"ORG_TYPE":"一般企业","PREMIUM_INCOME":null,"PREMIUM_INCOME_YOY":null,"NET_INTEREST_INCOME":null,"NET_INTEREST_INCOME_YOY":null,"FEE_COMMISSION_INCOME":null,"FEE_COMMISSION_INCOME_YOY":null,"ACCOUNTS_RECE_TDAYS":4.674770776723,"INVENTORY_TDAYS":24.844472969482,"CURRENT_ASSETS_TDAYS":1.319220876021,"TOTAL_ASSETS_TDAYS":0.727488270198,"PREMIUM_EXPENSE":null,"LOAN_DEPOSIT":null,"LOAN_EQUITY":null,"LOAN_ASSETS":null,"DEPOSIT_EQUITY":null,"DEPOSIT_ASSETS":null,"EQUITY_MULTIPLIER":8.392581755963,"EQUITY_RATIO":7.392581755956},{"SECUCODE":"01033.HK","SECURITY_CODE":"01033","SECURITY_NAME_ABBR":"中石化油服","ORG_CODE":"10004315","STD_REPORT_DATE":"2024-06-30 00:00:00","REPORT_DATE":"2024-06-30 00:00:00","DATE_TYPE_CODE":"002","REPORT_TYPE":"2024年中报","PER_NETCASH_OPERATE":-0.010011725436,"PER_OI":1.939569346946,"BPS":0.459662922372,"BASIC_EPS":0.04,"DILUTED_EPS":0.04,"OPERATE_INCOME":36821444000,"OPERATE_INCOME_YOY":-0.8404372458,"GROSS_PROFIT":3098792000,"GROSS_PROFIT_YOY":6.102120301653,"HOLDER_PROFIT":752950000,"HOLDER_PROFIT_YOY":15.9955016022,"GROSS_PROFIT_RATIO":8.415726444623,"EPS_TTM":0.035814413291,"OPERATE_INCOME_QOQ":-1.121562205956,"NET_PROFIT_RATIO":2.0448682023,"ROE_AVG":8.991878946225,"GROSS_PROFIT_QOQ":-0.099303649795,"ROA":0.996864071768,"HOLDER_PROFIT_QOQ":11.747844880719,"ROE_YEARLY":17.98375789245,"ROIC_YEARLY":2.072860388833,"TOTAL_ASSETS":75900751000,"TOTAL_LIABILITIES":67176619000,"TAX_EBT":30.456716360012,"OCF_SALES":-0.516182906895,"TOTAL_PARENT_EQUITY":8724132000,"DEBT_ASSET_RATIO":88.5058686705,"OPERATE_PROFIT":1426315000,"PRETAX_PROFIT":1082707000,"NETCASH_OPERATE":-190066000,"NETCASH_INVEST":-1092906000,"NETCASH_FINANCE":1508206000,"END_CASH":2978118000,"DIVI_RATIO":null,"DIVIDEND_RATE":null,"CURRENT_RATIO":0.64569202236,"COMMON_ACS":null,"CURRENTDEBT_DEBT":99.056283258316,"ISSUED_COMMON_SHARES":18979412033,"HK_COMMON_SHARES":5410033482,"PER_SHARES":2000,"TOTAL_MARKET_CAP":12146823701.12,"HKSK_MARKET_CAP":3462421428.48,"PE_TTM":13.464381305271,"PB_TTM":1.214010604743,"REPORT_DATE_SQ":"2023-06-30 00:00:00","REPORT_TYPE_SQ":"2023年中报","OPERATE_INCOME_SQ":37133528000,"DPS_HKD":null,"OPERATE_INCOME_QOQ_SQ":1.821127123692,"NET_PROFIT_RATIO_SQ":1.7480698306,"HOLDER_PROFIT_SQ":649120000,"HOLDER_PROFIT_QOQ_SQ":2.568049179052,"ROE_AVG_SQ":8.371103803905,"PE_TTM_SQ":10.69386415041,"PB_TTM_SQ":0.958532188736,"ROA_SQ":0.901358458506,"START_DATE":"2024-01-01 00:00:00","FISCAL_YEAR":"12-31","CURRENCY":"HKD","IS_CNY_CODE":0,"DPS_HKD_LY":null,"ORG_TYPE":"一般企业","PREMIUM_INCOME":null,"PREMIUM_INCOME_YOY":null,"NET_INTEREST_INCOME":null,"NET_INTEREST_INCOME_YOY":null,"FEE_COMMISSION_INCOME":null,"FEE_COMMISSION_INCOME_YOY":null,"ACCOUNTS_RECE_TDAYS":3.233331761515,"INVENTORY_TDAYS":33.930646865284,"CURRENT_ASSETS_TDAYS":0.894064883959,"TOTAL_ASSETS_TDAYS":0.487495512242,"PREMIUM_EXPENSE":null,"LOAN_DEPOSIT":null,"LOAN_EQUITY":null,"LOAN_ASSETS":null,"DEPOSIT_EQUITY":null,"DEPOSIT_ASSETS":null,"EQUITY_MULTIPLIER":8.700091997674,"EQUITY_RATIO":7.700091997691},{"SECUCODE":"01033.HK","SECURITY_CODE":"01033","SECURITY_NAME_ABBR":"中石化油服","ORG_CODE":"10004315","STD_REPORT_DATE":"2024-03-31 00:00:00","REPORT_DATE":"2024-03-31 00:00:00","DATE_TYPE_CODE":"003","REPORT_TYPE":"2024年一季报","PER_NETCASH_OPERATE":-0.04032065369,"PER_OI":0.976243575904,"BPS":0.442041248981,"BASIC_EPS":0.009,"DILUTED_EPS":0.009,"OPERATE_INCOME":18533340000,"OPERATE_INCOME_YOY":3.2972642082,"GROSS_PROFIT":1467368000,"GROSS_PROFIT_YOY":14.320528282366,"HOLDER_PROFIT":177466000,"HOLDER_PROFIT_YOY":22.2941962871,"GROSS_PROFIT_RATIO":7.917450389406,"EPS_TTM":0.03204931006,"OPERATE_INCOME_QOQ":0.739659983237,"NET_PROFIT_RATIO":0.9575500153,"ROE_AVG":2.162520483145,"GROSS_PROFIT_QOQ":3.372436115956,"ROA":0.236937981991,"HOLDER_PROFIT_QOQ":5.61585743721,"ROE_YEARLY":8.650081932579,"ROIC_YEARLY":0.978041368632,"TOTAL_ASSETS":74636563000,"TOTAL_LIABILITIES":66246880000,"TAX_EBT":46.638482378305,"OCF_SALES":-4.130183766121,"TOTAL_PARENT_EQUITY":8389683000,"DEBT_ASSET_RATIO":88.7592854457,"OPERATE_PROFIT":521879000,"PRETAX_PROFIT":332573000,"NETCASH_OPERATE":-765461000,"NETCASH_INVEST":-246483000,"NETCASH_FINANCE":81260000,"END_CASH":1855808000,"DIVI_RATIO":null,"DIVIDEND_RATE":null,"CURRENT_RATIO":0.616127402359,"COMMON_ACS":null,"CURRENTDEBT_DEBT":98.274779129221,"ISSUED_COMMON_SHARES":18979412033,"HK_COMMON_SHARES":5410033482,"PER_SHARES":2000,"TOTAL_MARKET_CAP":12146823701.12,"HKSK_MARKET_CAP":3462421428.48,"PE_TTM":13.464381305271,"PB_TTM":1.214010604743,"REPORT_DATE_SQ":"2023-03-31 00:00:00","REPORT_TYPE_SQ":"2023年一季报","OPERATE_INCOME_SQ":17941753000,"DPS_HKD":null,"OPERATE_INCOME_QOQ_SQ":3.516394847914,"NET_PROFIT_RATIO_SQ":0.8088061406,"HOLDER_PROFIT_SQ":145114000,"HOLDER_PROFIT_QOQ_SQ":12.409576375707,"ROE_AVG_SQ":1.909579161987,"PE_TTM_SQ":10.69386415041,"PB_TTM_SQ":0.958532188736,"ROA_SQ":0.203538283179,"START_DATE":"2024-01-01 00:00:00","FISCAL_YEAR":"12-31","CURRENCY":"HKD","IS_CNY_CODE":0,"DPS_HKD_LY":null,"ORG_TYPE":"一般企业","PREMIUM_INCOME":null,"PREMIUM_INCOME_YOY":null,"NET_INTEREST_INCOME":null,"NET_INTEREST_INCOME_YOY":null,"FEE_COMMISSION_INCOME":null,"FEE_COMMISSION_INCOME_YOY":null,"ACCOUNTS_RECE_TDAYS":1.52131642637,"INVENTORY_TDAYS":11.329421425826,"CURRENT_ASSETS_TDAYS":0.466160213959,"TOTAL_ASSETS_TDAYS":0.247441886286,"PREMIUM_EXPENSE":null,"LOAN_DEPOSIT":null,"LOAN_EQUITY":null,"LOAN_ASSETS":null,"DEPOSIT_EQUITY":null,"DEPOSIT_ASSETS":null,"EQUITY_MULTIPLIER":8.896231597817,"EQUITY_RATIO":7.896231597785},{"SECUCODE":"01033.HK","SECURITY_CODE":"01033","SECURITY_NAME_ABBR":"中石化油服","ORG_CODE":"10004315","STD_REPORT_DATE":"2023-12-31 00:00:00","REPORT_DATE":"2023-12-31 00:00:00","DATE_TYPE_CODE":"001","REPORT_TYPE":"2023年年报","PER_NETCASH_OPERATE":0.293763859597,"PER_OI":4.212995493179,"BPS":0.422731852075,"BASIC_EPS":0.03,"DILUTED_EPS":0.03,"OPERATE_INCOME":79980939000,"OPERATE_INCOME_YOY":8.4153786019,"GROSS_PROFIT":5450422000,"GROSS_PROFIT_YOY":-2.425548849597,"HOLDER_PROFIT":576083000,"HOLDER_PROFIT_YOY":-1.304782088,"GROSS_PROFIT_RATIO":6.814651175826,"EPS_TTM":0.030345168649,"OPERATE_INCOME_QOQ":1.678530357455,"NET_PROFIT_RATIO":0.7202753646,"ROE_AVG":7.45596823801,"GROSS_PROFIT_QOQ":-8.070498565083,"ROA":0.787194943307,"HOLDER_PROFIT_QOQ":-21.060946967725,"ROE_YEARLY":7.45596823801,"ROIC_YEARLY":0.812680543647,"TOTAL_ASSETS":75162974000,"TOTAL_LIABILITIES":67139772000,"TAX_EBT":37.054349453184,"OCF_SALES":6.972802607381,"TOTAL_PARENT_EQUITY":8023202000,"DEBT_ASSET_RATIO":89.3255926781,"OPERATE_PROFIT":1788438000,"PRETAX_PROFIT":915207000,"NETCASH_OPERATE":5576913000,"NETCASH_INVEST":-4059383000,"NETCASH_FINANCE":-558226000,"END_CASH":2788798000,"DIVI_RATIO":null,"DIVIDEND_RATE":null,"CURRENT_RATIO":0.595330562637,"COMMON_ACS":null,"CURRENTDEBT_DEBT":98.4918089981,"ISSUED_COMMON_SHARES":18979412033,"HK_COMMON_SHARES":5410033482,"PER_SHARES":2000,"TOTAL_MARKET_CAP":12146823701.12,"HKSK_MARKET_CAP":3462421428.48,"PE_TTM":13.464381305271,"PB_TTM":1.214010604743,"REPORT_DATE_SQ":"2022-12-31 00:00:00","REPORT_TYPE_SQ":"2022年年报","OPERATE_INCOME_SQ":73772688000,"DPS_HKD":null,"OPERATE_INCOME_QOQ_SQ":-0.002088805293,"NET_PROFIT_RATIO_SQ":0.7748328216,"HOLDER_PROFIT_SQ":583699000,"HOLDER_PROFIT_QOQ_SQ":492.451519956884,"ROE_AVG_SQ":8.000861651712,"PE_TTM_SQ":10.69386415041,"PB_TTM_SQ":0.958532188736,"ROA_SQ":0.845253195338,"START_DATE":"2023-01-01 00:00:00","FISCAL_YEAR":"12-31","CURRENCY":"HKD","IS_CNY_CODE":0,"DPS_HKD_LY":null,"ORG_TYPE":"一般企业","PREMIUM_INCOME":null,"PREMIUM_INCOME_YOY":null,"NET_INTEREST_INCOME":null,"NET_INTEREST_INCOME_YOY":null,"FEE_COMMISSION_INCOME":null,"FEE_COMMISSION_INCOME_YOY":null,"ACCOUNTS_RECE_TDAYS":6.700103038634,"INVENTORY_TDAYS":72.507415103774,"CURRENT_ASSETS_TDAYS":2.105034930194,"TOTAL_ASSETS_TDAYS":1.092908326435,"PREMIUM_EXPENSE":null,"LOAN_DEPOSIT":null,"LOAN_EQUITY":null,"LOAN_ASSETS":null,"DEPOSIT_EQUITY":null,"DEPOSIT_ASSETS":null,"EQUITY_MULTIPLIER":9.368201623226,"EQUITY_RATIO":8.368201623242},{"SECUCODE":"01033.HK","SECURITY_CODE":"01033","SECURITY_NAME_ABBR":"中石化油服","ORG_CODE":"10004315","STD_REPORT_DATE":"2023-09-30 00:00:00","REPORT_DATE":"2023-09-30 00:00:00","DATE_TYPE_CODE":"004","REPORT_TYPE":"2023年三季报","PER_NETCASH_OPERATE":0.065032600441,"PER_OI":2.941528433589,"BPS":0.435697480281,"BASIC_EPS":0.023,"DILUTED_EPS":0.023,"OPERATE_INCOME":55842976000,"OPERATE_INCOME_YOY":9.5925867392,"GROSS_PROFIT":3925855000,"GROSS_PROFIT_YOY":9.573493287887,"HOLDER_PROFIT":443605000,"HOLDER_PROFIT_YOY":55.4120334363,"GROSS_PROFIT_RATIO":7.030167948069,"EPS_TTM":0.038441262574,"OPERATE_INCOME_QOQ":1.161344251988,"NET_PROFIT_RATIO":0.7943792251,"ROE_AVG":5.651373309002,"GROSS_PROFIT_QOQ":1.310632181257,"ROA":0.608792643919,"HOLDER_PROFIT_QOQ":10.732249856233,"ROE_YEARLY":7.535164412003,"ROIC_YEARLY":0.625158441387,"TOTAL_ASSETS":74532190000,"TOTAL_LIABILITIES":66262908000,"TAX_EBT":37.531684428723,"OCF_SALES":2.21084384901,"TOTAL_PARENT_EQUITY":8269282000,"DEBT_ASSET_RATIO":88.9050865136,"OPERATE_PROFIT":1338645000,"PRETAX_PROFIT":710128000,"NETCASH_OPERATE":1234601000,"NETCASH_INVEST":-2563462000,"NETCASH_FINANCE":1490208000,"END_CASH":2013934000,"DIVI_RATIO":null,"DIVIDEND_RATE":null,"CURRENT_RATIO":0.66243702268,"COMMON_ACS":null,"CURRENTDEBT_DEBT":98.329514907496,"ISSUED_COMMON_SHARES":18979412033,"HK_COMMON_SHARES":5410033482,"PER_SHARES":2000,"TOTAL_MARKET_CAP":12146823701.12,"HKSK_MARKET_CAP":3462421428.48,"PE_TTM":13.464381305271,"PB_TTM":1.214010604743,"REPORT_DATE_SQ":"2022-09-30 00:00:00","REPORT_TYPE_SQ":"2022年三季报","OPERATE_INCOME_SQ":50955067000,"DPS_HKD":null,"OPERATE_INCOME_QOQ_SQ":3.744232097911,"NET_PROFIT_RATIO_SQ":0.5423876687,"HOLDER_PROFIT_SQ":285438000,"HOLDER_PROFIT_QOQ_SQ":5126.59804983749,"ROE_AVG_SQ":3.815264994322,"PE_TTM_SQ":10.69386415041,"PB_TTM_SQ":0.958532188736,"ROA_SQ":0.418496464375,"START_DATE":"2023-01-01 00:00:00","FISCAL_YEAR":"12-31","CURRENCY":"HKD","IS_CNY_CODE":0,"DPS_HKD_LY":null,"ORG_TYPE":"一般企业","PREMIUM_INCOME":null,"PREMIUM_INCOME_YOY":null,"NET_INTEREST_INCOME":null,"NET_INTEREST_INCOME_YOY":null,"FEE_COMMISSION_INCOME":null,"FEE_COMMISSION_INCOME_YOY":null,"ACCOUNTS_RECE_TDAYS":4.912248250248,"INVENTORY_TDAYS":30.735257491616,"CURRENT_ASSETS_TDAYS":1.400462697345,"TOTAL_ASSETS_TDAYS":0.766375333987,"PREMIUM_EXPENSE":null,"LOAN_DEPOSIT":null,"LOAN_EQUITY":null,"LOAN_ASSETS":null,"DEPOSIT_EQUITY":null,"DEPOSIT_ASSETS":null,"EQUITY_MULTIPLIER":9.013139230205,"EQUITY_RATIO":8.013139230226},{"SECUCODE":"01033.HK","SECURITY_CODE":"01033","SECURITY_NAME_ABBR":"中石化油服","ORG_CODE":"10004315","STD_REPORT_DATE":"2023-06-30 00:00:00","REPORT_DATE":"2023-06-30 00:00:00","DATE_TYPE_CODE":"002","REPORT_TYPE":"2023年中报","PER_NETCASH_OPERATE":0.02220840963,"PER_OI":1.956008369817,"BPS":0.425664082004,"BASIC_EPS":0.034,"DILUTED_EPS":0.034,"OPERATE_INCOME":37133528000,"OPERATE_INCOME_YOY":12.0212309086,"GROSS_PROFIT":2920575000,"GROSS_PROFIT_YOY":10.03299586478,"HOLDER_PROFIT":649120000,"HOLDER_PROFIT_YOY":15.5667599576,"GROSS_PROFIT_RATIO":7.865062000034,"EPS_TTM":0.034715507563,"OPERATE_INCOME_QOQ":1.821127123692,"NET_PROFIT_RATIO":1.7480698306,"ROE_AVG":8.371103803905,"GROSS_PROFIT_QOQ":2.321111140057,"ROA":0.901358458506,"HOLDER_PROFIT_QOQ":2.568049179052,"ROE_YEARLY":16.742207607811,"ROIC_YEARLY":1.848416176688,"TOTAL_ASSETS":72830971000,"TOTAL_LIABILITIES":64752117000,"TAX_EBT":24.939002532407,"OCF_SALES":1.135394406909,"TOTAL_PARENT_EQUITY":8078854000,"DEBT_ASSET_RATIO":88.9073921588,"OPERATE_PROFIT":1235091000,"PRETAX_PROFIT":864790000,"NETCASH_OPERATE":421612000,"NETCASH_INVEST":-1633442000,"NETCASH_FINANCE":1100090000,"END_CASH":1759808000,"DIVI_RATIO":null,"DIVIDEND_RATE":null,"CURRENT_RATIO":0.641229719613,"COMMON_ACS":null,"CURRENTDEBT_DEBT":98.336658243931,"ISSUED_COMMON_SHARES":18979412033,"HK_COMMON_SHARES":5410033482,"PER_SHARES":2000,"TOTAL_MARKET_CAP":12146823701.12,"HKSK_MARKET_CAP":3462421428.48,"PE_TTM":13.464381305271,"PB_TTM":1.214010604743,"REPORT_DATE_SQ":"2022-06-30 00:00:00","REPORT_TYPE_SQ":"2022年中报","OPERATE_INCOME_SQ":33148652000,"DPS_HKD":null,"OPERATE_INCOME_QOQ_SQ":1.182100035381,"NET_PROFIT_RATIO_SQ":1.6762129573,"HOLDER_PROFIT_SQ":561684000,"HOLDER_PROFIT_QOQ_SQ":-95.716341021952,"ROE_AVG_SQ":7.78282244096,"PE_TTM_SQ":10.69386415041,"PB_TTM_SQ":0.958532188736,"ROA_SQ":0.856652763788,"START_DATE":"2023-01-01 00:00:00","FISCAL_YEAR":"12-31","CURRENCY":"HKD","IS_CNY_CODE":0,"DPS_HKD_LY":null,"ORG_TYPE":"一般企业","PREMIUM_INCOME":null,"PREMIUM_INCOME_YOY":null,"NET_INTEREST_INCOME":null,"NET_INTEREST_INCOME_YOY":null,"FEE_COMMISSION_INCOME":null,"FEE_COMMISSION_INCOME_YOY":null,"ACCOUNTS_RECE_TDAYS":3.757602895336,"INVENTORY_TDAYS":33.189907297463,"CURRENT_ASSETS_TDAYS":0.959300523748,"TOTAL_ASSETS_TDAYS":0.5156306932,"PREMIUM_EXPENSE":null,"LOAN_DEPOSIT":null,"LOAN_EQUITY":null,"LOAN_ASSETS":null,"DEPOSIT_EQUITY":null,"DEPOSIT_ASSETS":null,"EQUITY_MULTIPLIER":9.015012649107,"EQUITY_RATIO":8.015012649071},{"SECUCODE":"01033.HK","SECURITY_CODE":"01033","SECURITY_NAME_ABBR":"中石化油服","ORG_CODE":"10004315","STD_REPORT_DATE":"2023-03-31 00:00:00","REPORT_DATE":"2023-03-31 00:00:00","DATE_TYPE_CODE":"003","REPORT_TYPE":"2023年一季报","PER_NETCASH_OPERATE":-0.027474434144,"PER_OI":0.945081734146,"BPS":0.409327643369,"BASIC_EPS":0.008,"DILUTED_EPS":0.008,"OPERATE_INCOME":17941753000,"OPERATE_INCOME_YOY":16.9025556676,"GROSS_PROFIT":1283556000,"GROSS_PROFIT_YOY":11.6127887806,"HOLDER_PROFIT":145114000,"HOLDER_PROFIT_YOY":95.6267946454,"GROSS_PROFIT_RATIO":7.154016667156,"EPS_TTM":0.033846317485,"OPERATE_INCOME_QOQ":3.516394847914,"NET_PROFIT_RATIO":0.8088061406,"ROE_AVG":1.909579161987,"GROSS_PROFIT_QOQ":2.390800712722,"ROA":0.203538283179,"HOLDER_PROFIT_QOQ":12.409576375707,"ROE_YEARLY":7.63831664795,"ROIC_YEARLY":0.835470247042,"TOTAL_ASSETS":71390840000,"TOTAL_LIABILITIES":63622042000,"TAX_EBT":40.028846193584,"OCF_SALES":-2.907096090332,"TOTAL_PARENT_EQUITY":7768798000,"DEBT_ASSET_RATIO":89.1179344577,"OPERATE_PROFIT":493406000,"PRETAX_PROFIT":241973000,"NETCASH_OPERATE":-521584000,"NETCASH_INVEST":-276188000,"NETCASH_FINANCE":829240000,"END_CASH":1837084000,"DIVI_RATIO":null,"DIVIDEND_RATE":null,"CURRENT_RATIO":0.610778016409,"COMMON_ACS":null,"CURRENTDEBT_DEBT":97.99979227325,"ISSUED_COMMON_SHARES":18979412033,"HK_COMMON_SHARES":5410033482,"PER_SHARES":2000,"TOTAL_MARKET_CAP":12146823701.12,"HKSK_MARKET_CAP":3462421428.48,"PE_TTM":13.464381305271,"PB_TTM":1.214010604743,"REPORT_DATE_SQ":"2022-03-31 00:00:00","REPORT_TYPE_SQ":"2022年一季报","OPERATE_INCOME_SQ":15347614000,"DPS_HKD":null,"OPERATE_INCOME_QOQ_SQ":1.075461191097,"NET_PROFIT_RATIO_SQ":0.4449551572,"HOLDER_PROFIT_SQ":74179000,"HOLDER_PROFIT_QOQ_SQ":-69.317194731221,"ROE_AVG_SQ":0.977491641079,"PE_TTM_SQ":10.69386415041,"PB_TTM_SQ":0.958532188736,"ROA_SQ":0.106154388088,"START_DATE":"2023-01-01 00:00:00","FISCAL_YEAR":"12-31","CURRENCY":"HKD","IS_CNY_CODE":0,"DPS_HKD_LY":null,"ORG_TYPE":"一般企业","PREMIUM_INCOME":null,"PREMIUM_INCOME_YOY":null,"NET_INTEREST_INCOME":null,"NET_INTEREST_INCOME_YOY":null,"FEE_COMMISSION_INCOME":null,"FEE_COMMISSION_INCOME_YOY":null,"ACCOUNTS_RECE_TDAYS":1.73941916735,"INVENTORY_TDAYS":11.56060972508,"CURRENT_ASSETS_TDAYS":0.480565952813,"TOTAL_ASSETS_TDAYS":0.251652742178,"PREMIUM_EXPENSE":null,"LOAN_DEPOSIT":null,"LOAN_EQUITY":null,"LOAN_ASSETS":null,"DEPOSIT_EQUITY":null,"DEPOSIT_ASSETS":null,"EQUITY_MULTIPLIER":9.189431878653,"EQUITY_RATIO":8.189431878651},{"SECUCODE":"01033.HK","SECURITY_CODE":"01033","SECURITY_NAME_ABBR":"中石化油服","ORG_CODE":"10004315","STD_REPORT_DATE":"2022-12-31 00:00:00","REPORT_DATE":"2022-12-31 00:00:00","DATE_TYPE_CODE":"001","REPORT_TYPE":"2022年年报","PER_NETCASH_OPERATE":0.221122724978,"PER_OI":3.885975908131,"BPS":0.39133556862,"BASIC_EPS":0.031,"DILUTED_EPS":0.031,"OPERATE_INCOME":73772688000,"OPERATE_INCOME_YOY":6.0972944766,"GROSS_PROFIT":5585911000,"GROSS_PROFIT_YOY":17.976495564934,"HOLDER_PROFIT":583699000,"HOLDER_PROFIT_YOY":306.988252047,"GROSS_PROFIT_RATIO":7.571787271734,"EPS_TTM":0.030109816776,"OPERATE_INCOME_QOQ":-0.002088805293,"NET_PROFIT_RATIO":0.7748328216,"ROE_AVG":8.000861651712,"GROSS_PROFIT_QOQ":1.210431544529,"ROA":0.845253195338,"HOLDER_PROFIT_QOQ":492.451519956884,"ROE_YEARLY":8.000861651712,"ROIC_YEARLY":0.873070610024,"TOTAL_ASSETS":71208061000,"TOTAL_LIABILITIES":63778327000,"TAX_EBT":30.27645784209,"OCF_SALES":5.690275241157,"TOTAL_PARENT_EQUITY":7429734000,"DEBT_ASSET_RATIO":89.568447937,"OPERATE_PROFIT":1457254000,"PRETAX_PROFIT":837162000,"NETCASH_OPERATE":4197869000,"NETCASH_INVEST":-3951162000,"NETCASH_FINANCE":-1051249000,"END_CASH":1801150000,"DIVI_RATIO":null,"DIVIDEND_RATE":null,"CURRENT_RATIO":0.585217224887,"COMMON_ACS":null,"CURRENTDEBT_DEBT":98.02648946875,"ISSUED_COMMON_SHARES":18979412033,"HK_COMMON_SHARES":5410033482,"PER_SHARES":2000,"TOTAL_MARKET_CAP":12146823701.12,"HKSK_MARKET_CAP":3462421428.48,"PE_TTM":13.464381305271,"PB_TTM":1.214010604743,"REPORT_DATE_SQ":"2021-12-31 00:00:00","REPORT_TYPE_SQ":"2021年年报","OPERATE_INCOME_SQ":69533053000,"DPS_HKD":null,"OPERATE_INCOME_QOQ_SQ":1.716936637476,"NET_PROFIT_RATIO_SQ":0.2019902679,"HOLDER_PROFIT_SQ":140450000,"HOLDER_PROFIT_QOQ_SQ":165.495926352999,"ROE_AVG_SQ":2.067815667447,"PE_TTM_SQ":10.69386415041,"PB_TTM_SQ":0.958532188736,"ROA_SQ":0.224462062563,"START_DATE":"2022-01-01 00:00:00","FISCAL_YEAR":"12-31","CURRENCY":"HKD","IS_CNY_CODE":0,"DPS_HKD_LY":null,"ORG_TYPE":"一般企业","PREMIUM_INCOME":null,"PREMIUM_INCOME_YOY":null,"NET_INTEREST_INCOME":null,"NET_INTEREST_INCOME_YOY":null,"FEE_COMMISSION_INCOME":null,"FEE_COMMISSION_INCOME_YOY":null,"ACCOUNTS_RECE_TDAYS":7.895093790554,"INVENTORY_TDAYS":64.891922101269,"CURRENT_ASSETS_TDAYS":2.160037928849,"TOTAL_ASSETS_TDAYS":1.090884603461,"PREMIUM_EXPENSE":null,"LOAN_DEPOSIT":null,"LOAN_EQUITY":null,"LOAN_ASSETS":null,"DEPOSIT_EQUITY":null,"DEPOSIT_ASSETS":null,"EQUITY_MULTIPLIER":9.586301194306,"EQUITY_RATIO":8.584200591838},{"SECUCODE":"01033.HK","SECURITY_CODE":"01033","SECURITY_NAME_ABBR":"中石化油服","ORG_CODE":"10004315","STD_REPORT_DATE":"2022-09-30 00:00:00","REPORT_DATE":"2022-09-30 00:00:00","DATE_TYPE_CODE":"004","REPORT_TYPE":"2022年三季报","PER_NETCASH_OPERATE":-0.051299966093,"PER_OI":2.684057855655,"BPS":0.401818770083,"BASIC_EPS":0.015,"DILUTED_EPS":0.015,"OPERATE_INCOME":50955067000,"OPERATE_INCOME_YOY":9.0790467444,"GROSS_PROFIT":3582851000,"GROSS_PROFIT_YOY":28.027047240479,"HOLDER_PROFIT":285438000,"HOLDER_PROFIT_YOY":-13.7250617311,"GROSS_PROFIT_RATIO":7.031392972165,"EPS_TTM":0.00508224146,"OPERATE_INCOME_QOQ":3.744232097911,"NET_PROFIT_RATIO":0.5423876687,"ROE_AVG":3.815264994322,"GROSS_PROFIT_QOQ":8.285878646804,"ROA":0.418496464375,"HOLDER_PROFIT_QOQ":5126.59804983749,"ROE_YEARLY":5.087019992429,"ROIC_YEARLY":0.432331867386,"TOTAL_ASSETS":68027044000,"TOTAL_LIABILITIES":60400760000,"TAX_EBT":40.955426661261,"OCF_SALES":-1.911283916082,"TOTAL_PARENT_EQUITY":7626284000,"DEBT_ASSET_RATIO":88.789335018,"OPERATE_PROFIT":888694000,"PRETAX_PROFIT":483428000,"NETCASH_OPERATE":-973896000,"NETCASH_INVEST":-1045273000,"NETCASH_FINANCE":1094042000,"END_CASH":1718559000,"DIVI_RATIO":null,"DIVIDEND_RATE":null,"CURRENT_RATIO":0.654063296313,"COMMON_ACS":null,"CURRENTDEBT_DEBT":96.036472057636,"ISSUED_COMMON_SHARES":18979412033,"HK_COMMON_SHARES":5410033482,"PER_SHARES":2000,"TOTAL_MARKET_CAP":12146823701.12,"HKSK_MARKET_CAP":3462421428.48,"PE_TTM":13.464381305271,"PB_TTM":1.214010604743,"REPORT_DATE_SQ":"2021-09-30 00:00:00","REPORT_TYPE_SQ":"2021年三季报","OPERATE_INCOME_SQ":46713891000,"DPS_HKD":null,"OPERATE_INCOME_QOQ_SQ":0.217483926131,"NET_PROFIT_RATIO_SQ":0.6857510542,"HOLDER_PROFIT_SQ":320341000,"HOLDER_PROFIT_QOQ_SQ":5.899427473275,"ROE_AVG_SQ":4.520298665589,"PE_TTM_SQ":10.69386415041,"PB_TTM_SQ":0.958532188736,"ROA_SQ":0.513370964982,"START_DATE":"2022-01-01 00:00:00","FISCAL_YEAR":"12-31","CURRENCY":"HKD","IS_CNY_CODE":0,"DPS_HKD_LY":null,"ORG_TYPE":"一般企业","PREMIUM_INCOME":null,"PREMIUM_INCOME_YOY":null,"NET_INTEREST_INCOME":null,"NET_INTEREST_INCOME_YOY":null,"FEE_COMMISSION_INCOME":null,"FEE_COMMISSION_INCOME_YOY":null,"ACCOUNTS_RECE_TDAYS":5.916208462507,"INVENTORY_TDAYS":29.925395946521,"CURRENT_ASSETS_TDAYS":1.462978369683,"TOTAL_ASSETS_TDAYS":0.771581819618,"PREMIUM_EXPENSE":null,"LOAN_DEPOSIT":null,"LOAN_EQUITY":null,"LOAN_ASSETS":null,"DEPOSIT_EQUITY":null,"DEPOSIT_ASSETS":null,"EQUITY_MULTIPLIER":8.920077458435,"EQUITY_RATIO":7.920077458432}],"count":79},"success":true,"message":"ok","code":0}