{"version":"b1dae14c371bc03aa1ce260b82a094bf","result":{"pages":2,"data":[{"SECUCODE":"01034.HK","SECURITY_CODE":"01034","SECURITY_NAME_ABBR":"富汇国际集团控股","ORG_CODE":"10916521","STD_REPORT_DATE":"2023-06-30 00:00:00","REPORT_DATE":"2023-06-30 00:00:00","DATE_TYPE_CODE":"002","REPORT_TYPE":"2023年中报","PER_NETCASH_OPERATE":0.011955199413,"PER_OI":0.013890204938,"BPS":0.122414165788,"BASIC_EPS":-0.019914768,"DILUTED_EPS":-0.019914768,"OPERATE_INCOME":22224327.9,"OPERATE_INCOME_YOY":-84.8453413806,"GROSS_PROFIT":-20133277.26,"GROSS_PROFIT_YOY":-177.903577246011,"HOLDER_PROFIT":-31928167.4,"HOLDER_PROFIT_YOY":-364.3915101542,"GROSS_PROFIT_RATIO":-90.591163658992,"EPS_TTM":0.013156943881,"OPERATE_INCOME_QOQ":-37.379425155618,"NET_PROFIT_RATIO":-143.6631404273,"ROE_AVG":-14.851538225664,"GROSS_PROFIT_QOQ":-54.443170461266,"ROA":-12.168297070895,"HOLDER_PROFIT_QOQ":-67.200174871404,"ROE_YEARLY":-29.703076451327,"ROIC_YEARLY":-58.193611810127,"TOTAL_ASSETS":239148704.28,"TOTAL_LIABILITIES":43286039.02,"TAX_EBT":-0.26056745802,"OCF_SALES":86.069280232317,"TOTAL_PARENT_EQUITY":195862665.26,"DEBT_ASSET_RATIO":18.1000516605,"OPERATE_PROFIT":-31825827.62,"PRETAX_PROFIT":-31845189.2,"NETCASH_OPERATE":19128319.06,"NETCASH_INVEST":3990329.44,"NETCASH_FINANCE":-17918681.3,"END_CASH":152053863.58,"DIVI_RATIO":null,"DIVIDEND_RATE":null,"CURRENT_RATIO":4.918819267756,"COMMON_ACS":3000000000,"CURRENTDEBT_DEBT":98.783786662123,"ISSUED_COMMON_SHARES":1600000000,"HK_COMMON_SHARES":1600000000,"PER_SHARES":8000,"TOTAL_MARKET_CAP":240000000,"HKSK_MARKET_CAP":240000000,"PE_TTM":9.949836242279,"PB_TTM":1.129746701375,"REPORT_DATE_SQ":"2022-06-30 00:00:00","REPORT_TYPE_SQ":"2022年中报","OPERATE_INCOME_SQ":136026521.4,"DPS_HKD":null,"OPERATE_INCOME_QOQ_SQ":-1.653089310103,"NET_PROFIT_RATIO_SQ":8.2346284421,"HOLDER_PROFIT_SQ":11201278.62,"HOLDER_PROFIT_QOQ_SQ":0.525444298684,"ROE_AVG_SQ":6.697774311903,"PE_TTM_SQ":11.077484349737,"PB_TTM_SQ":1.257784660864,"ROA_SQ":4.161543374034,"START_DATE":"2023-01-01 00:00:00","FISCAL_YEAR":"12-31","CURRENCY":"HKD","IS_CNY_CODE":0,"DPS_HKD_LY":null,"ORG_TYPE":"一般企业","PREMIUM_INCOME":null,"PREMIUM_INCOME_YOY":null,"NET_INTEREST_INCOME":null,"NET_INTEREST_INCOME_YOY":null,"FEE_COMMISSION_INCOME":null,"FEE_COMMISSION_INCOME_YOY":null,"ACCOUNTS_RECE_TDAYS":0.404537940641,"INVENTORY_TDAYS":62.294237288136,"CURRENT_ASSETS_TDAYS":0.096632204321,"TOTAL_ASSETS_TDAYS":0.084700202395,"PREMIUM_EXPENSE":null,"LOAN_DEPOSIT":null,"LOAN_EQUITY":null,"LOAN_ASSETS":null,"DEPOSIT_EQUITY":null,"DEPOSIT_ASSETS":null,"EQUITY_MULTIPLIER":1.221001991179,"EQUITY_RATIO":0.221001991179},{"SECUCODE":"01034.HK","SECURITY_CODE":"01034","SECURITY_NAME_ABBR":"富汇国际集团控股","ORG_CODE":"10916521","STD_REPORT_DATE":"2022-12-31 00:00:00","REPORT_DATE":"2022-12-31 00:00:00","DATE_TYPE_CODE":"001","REPORT_TYPE":"2022年年报","PER_NETCASH_OPERATE":0.038842171069,"PER_OI":0.190282142225,"BPS":0.14175748265,"BASIC_EPS":0.040107823,"DILUTED_EPS":0.040107823,"OPERATE_INCOME":304451427.56,"OPERATE_INCOME_YOY":-3.049921775,"GROSS_PROFIT":84449745.8,"GROSS_PROFIT_YOY":-4.37014488765,"HOLDER_PROFIT":64180556.23,"HOLDER_PROFIT_YOY":-9.2529207452,"GROSS_PROFIT_RATIO":27.738331357752,"EPS_TTM":0.040112847644,"OPERATE_INCOME_QOQ":7.703373730819,"NET_PROFIT_RATIO":21.0807210675,"ROE_AVG":32.247119149939,"GROSS_PROFIT_QOQ":-6.165247032101,"ROA":24.840058565964,"HOLDER_PROFIT_QOQ":-1.372387416333,"ROE_YEARLY":32.247119149939,"ROIC_YEARLY":47.618384862644,"TOTAL_ASSETS":276733259.46,"TOTAL_LIABILITIES":49921287.22,"TAX_EBT":21.278623863263,"OCF_SALES":20.412935556938,"TOTAL_PARENT_EQUITY":226811972.24,"DEBT_ASSET_RATIO":18.0394967043,"OPERATE_PROFIT":81571629.86,"PRETAX_PROFIT":81528752.9,"NETCASH_OPERATE":62147473.71,"NETCASH_INVEST":-7705347.02,"NETCASH_FINANCE":4008102.49,"END_CASH":148488272.1,"DIVI_RATIO":null,"DIVIDEND_RATE":null,"CURRENT_RATIO":4.875614455228,"COMMON_ACS":3000000000,"CURRENTDEBT_DEBT":99.37551444011,"ISSUED_COMMON_SHARES":1600000000,"HK_COMMON_SHARES":1600000000,"PER_SHARES":8000,"TOTAL_MARKET_CAP":240000000,"HKSK_MARKET_CAP":240000000,"PE_TTM":9.949836242279,"PB_TTM":1.129746701375,"REPORT_DATE_SQ":"2021-12-31 00:00:00","REPORT_TYPE_SQ":"2021年年报","OPERATE_INCOME_SQ":287427280,"DPS_HKD":null,"OPERATE_INCOME_QOQ_SQ":13.624267397767,"NET_PROFIT_RATIO_SQ":22.5216896601,"HOLDER_PROFIT_SQ":64733480,"HOLDER_PROFIT_QOQ_SQ":692.39830049012,"ROE_AVG_SQ":52.279878107161,"PE_TTM_SQ":11.939803490734,"PB_TTM_SQ":1.35569604165,"ROA_SQ":35.267653314625,"START_DATE":"2022-01-01 00:00:00","FISCAL_YEAR":"12-31","CURRENCY":"HKD","IS_CNY_CODE":0,"DPS_HKD_LY":null,"ORG_TYPE":"一般企业","PREMIUM_INCOME":null,"PREMIUM_INCOME_YOY":null,"NET_INTEREST_INCOME":null,"NET_INTEREST_INCOME_YOY":null,"FEE_COMMISSION_INCOME":null,"FEE_COMMISSION_INCOME_YOY":null,"ACCOUNTS_RECE_TDAYS":5.270345915354,"INVENTORY_TDAYS":186.652519893899,"CURRENT_ASSETS_TDAYS":1.371030903989,"TOTAL_ASSETS_TDAYS":1.178330593456,"PREMIUM_EXPENSE":null,"LOAN_DEPOSIT":null,"LOAN_EQUITY":null,"LOAN_ASSETS":null,"DEPOSIT_EQUITY":null,"DEPOSIT_ASSETS":null,"EQUITY_MULTIPLIER":1.220099877123,"EQUITY_RATIO":0.220099877123},{"SECUCODE":"01034.HK","SECURITY_CODE":"01034","SECURITY_NAME_ABBR":"富汇国际集团控股","ORG_CODE":"10916521","STD_REPORT_DATE":"2022-06-30 00:00:00","REPORT_DATE":"2022-06-30 00:00:00","DATE_TYPE_CODE":"002","REPORT_TYPE":"2022年中报","PER_NETCASH_OPERATE":0.057590098081,"PER_OI":0.085016575875,"BPS":0.106584467675,"BASIC_EPS":0.007012558,"DILUTED_EPS":0.007012558,"OPERATE_INCOME":136026521.4,"OPERATE_INCOME_YOY":-5.9862401589,"GROSS_PROFIT":25843841.8,"GROSS_PROFIT_YOY":6.99412099062,"HOLDER_PROFIT":11201278.62,"HOLDER_PROFIT_YOY":0.3447483337,"GROSS_PROFIT_RATIO":18.999119828995,"EPS_TTM":0.040671011488,"OPERATE_INCOME_QOQ":-1.653089310103,"NET_PROFIT_RATIO":8.2346284421,"ROE_AVG":6.697774311903,"GROSS_PROFIT_QOQ":1.913046166451,"ROA":4.161543374034,"HOLDER_PROFIT_QOQ":0.525444298684,"ROE_YEARLY":13.395548623806,"ROIC_YEARLY":17.239541173916,"TOTAL_ASSETS":308538013.77,"TOTAL_LIABILITIES":138002865.49,"TAX_EBT":42.021158868576,"OCF_SALES":67.739846598768,"TOTAL_PARENT_EQUITY":170535148.28,"DEBT_ASSET_RATIO":44.72799439,"OPERATE_PROFIT":19337556.28,"PRETAX_PROFIT":19319597.29,"NETCASH_OPERATE":92144156.93,"NETCASH_INVEST":2314144.14,"NETCASH_FINANCE":-424174.24,"END_CASH":183933410.01,"DIVI_RATIO":null,"DIVIDEND_RATE":null,"CURRENT_RATIO":1.998283880916,"COMMON_ACS":3000000000,"CURRENTDEBT_DEBT":99.663508313142,"ISSUED_COMMON_SHARES":1600000000,"HK_COMMON_SHARES":1600000000,"PER_SHARES":8000,"TOTAL_MARKET_CAP":240000000,"HKSK_MARKET_CAP":240000000,"PE_TTM":9.949836242279,"PB_TTM":1.129746701375,"REPORT_DATE_SQ":"2021-06-30 00:00:00","REPORT_TYPE_SQ":"2021年中报","OPERATE_INCOME_SQ":140777951.04,"DPS_HKD":null,"OPERATE_INCOME_QOQ_SQ":10.754730630916,"NET_PROFIT_RATIO_SQ":7.7150861763,"HOLDER_PROFIT_SQ":10861140.24,"HOLDER_PROFIT_QOQ_SQ":82.312152988687,"ROE_AVG_SQ":11.088316619733,"PE_TTM_SQ":11.939803490734,"PB_TTM_SQ":1.35569604165,"ROA_SQ":6.90351839854,"START_DATE":"2022-01-01 00:00:00","FISCAL_YEAR":"12-31","CURRENCY":"HKD","IS_CNY_CODE":0,"DPS_HKD_LY":null,"ORG_TYPE":"一般企业","PREMIUM_INCOME":null,"PREMIUM_INCOME_YOY":null,"NET_INTEREST_INCOME":null,"NET_INTEREST_INCOME_YOY":null,"FEE_COMMISSION_INCOME":null,"FEE_COMMISSION_INCOME_YOY":null,"ACCOUNTS_RECE_TDAYS":2.077844037596,"INVENTORY_TDAYS":32.621850867198,"CURRENT_ASSETS_TDAYS":0.580735613047,"TOTAL_ASSETS_TDAYS":0.505371117021,"PREMIUM_EXPENSE":null,"LOAN_DEPOSIT":null,"LOAN_EQUITY":null,"LOAN_ASSETS":null,"DEPOSIT_EQUITY":null,"DEPOSIT_ASSETS":null,"EQUITY_MULTIPLIER":1.809234148397,"EQUITY_RATIO":0.809234148396},{"SECUCODE":"01034.HK","SECURITY_CODE":"01034","SECURITY_NAME_ABBR":"富汇国际集团控股","ORG_CODE":"10916521","STD_REPORT_DATE":"2021-12-31 00:00:00","REPORT_DATE":"2021-12-31 00:00:00","DATE_TYPE_CODE":"001","REPORT_TYPE":"2021年年报","PER_NETCASH_OPERATE":0.035753648,"PER_OI":0.17964205,"BPS":0.097960233,"BASIC_EPS":0.0404712,"DILUTED_EPS":0.0404712,"OPERATE_INCOME":287427280,"OPERATE_INCOME_YOY":29.5444663085,"GROSS_PROFIT":88308976,"GROSS_PROFIT_YOY":291.07823425881,"HOLDER_PROFIT":64733480,"HOLDER_PROFIT_YOY":207.863438824,"GROSS_PROFIT_RATIO":30.723936851088,"EPS_TTM":0.040458425,"OPERATE_INCOME_QOQ":13.624267397767,"NET_PROFIT_RATIO":22.5216896601,"ROE_AVG":52.279878107161,"GROSS_PROFIT_QOQ":1102.94997103133,"ROA":35.267653314625,"HOLDER_PROFIT_QOQ":692.39830049012,"ROE_YEARLY":52.279878107161,"ROIC_YEARLY":52.61758793135,"TOTAL_ASSETS":219685032,"TOTAL_LIABILITIES":62948659.2,"TAX_EBT":10.134613638427,"OCF_SALES":19.902716541033,"TOTAL_PARENT_EQUITY":156736372.8,"DEBT_ASSET_RATIO":28.6540501312,"OPERATE_PROFIT":72132760,"PRETAX_PROFIT":72033830.4,"NETCASH_OPERATE":57205836.8,"NETCASH_INVEST":-2080792,"NETCASH_FINANCE":5562132.8,"END_CASH":90339076.8,"DIVI_RATIO":null,"DIVIDEND_RATE":null,"CURRENT_RATIO":2.964969028693,"COMMON_ACS":3000000000,"CURRENTDEBT_DEBT":99.18043433084,"ISSUED_COMMON_SHARES":1600000000,"HK_COMMON_SHARES":1600000000,"PER_SHARES":8000,"TOTAL_MARKET_CAP":240000000,"HKSK_MARKET_CAP":240000000,"PE_TTM":9.949836242279,"PB_TTM":1.129746701375,"REPORT_DATE_SQ":"2020-12-31 00:00:00","REPORT_TYPE_SQ":"2020年年报","OPERATE_INCOME_SQ":228399213.36,"DPS_HKD":null,"OPERATE_INCOME_QOQ_SQ":-41.217060854378,"NET_PROFIT_RATIO_SQ":-27.0486487283,"HOLDER_PROFIT_SQ":-61778900.92,"HOLDER_PROFIT_QOQ_SQ":-57.967988082474,"ROE_AVG_SQ":-49.634350435297,"PE_TTM_SQ":11.939803490734,"PB_TTM_SQ":1.35569604165,"ROA_SQ":-32.745441365081,"START_DATE":"2021-01-01 00:00:00","FISCAL_YEAR":"12-31","CURRENCY":"HKD","IS_CNY_CODE":0,"DPS_HKD_LY":null,"ORG_TYPE":"一般企业","PREMIUM_INCOME":null,"PREMIUM_INCOME_YOY":null,"NET_INTEREST_INCOME":null,"NET_INTEREST_INCOME_YOY":null,"FEE_COMMISSION_INCOME":null,"FEE_COMMISSION_INCOME_YOY":null,"ACCOUNTS_RECE_TDAYS":7.281784663822,"INVENTORY_TDAYS":54.777327935223,"CURRENT_ASSETS_TDAYS":1.975876934145,"TOTAL_ASSETS_TDAYS":1.565941714273,"PREMIUM_EXPENSE":null,"LOAN_DEPOSIT":null,"LOAN_EQUITY":null,"LOAN_ASSETS":null,"DEPOSIT_EQUITY":null,"DEPOSIT_ASSETS":null,"EQUITY_MULTIPLIER":1.401621257883,"EQUITY_RATIO":0.401621257883},{"SECUCODE":"01034.HK","SECURITY_CODE":"01034","SECURITY_NAME_ABBR":"富汇国际集团控股","ORG_CODE":"10916521","STD_REPORT_DATE":"2021-06-30 00:00:00","REPORT_DATE":"2021-06-30 00:00:00","DATE_TYPE_CODE":"002","REPORT_TYPE":"2021年中报","PER_NETCASH_OPERATE":0.0232285533,"PER_OI":0.0879862194,"BPS":0.06461673255,"BASIC_EPS":0.006823056,"DILUTED_EPS":0.006823056,"OPERATE_INCOME":140777951.04,"OPERATE_INCOME_YOY":32.9812068193,"GROSS_PROFIT":24154450.32,"GROSS_PROFIT_YOY":182.15039353012,"HOLDER_PROFIT":10861140.24,"HOLDER_PROFIT_YOY":129.814984011,"GROSS_PROFIT_RATIO":17.157836253162,"EPS_TTM":-0.006829598425,"OPERATE_INCOME_QOQ":10.754730630916,"NET_PROFIT_RATIO":7.7150861763,"ROE_AVG":11.088316619733,"GROSS_PROFIT_QOQ":115.884138065608,"ROA":6.90351839854,"HOLDER_PROFIT_QOQ":82.312152988687,"ROE_YEARLY":22.176633239465,"ROIC_YEARLY":19.615224227124,"TOTAL_ASSETS":164631188.4,"TOTAL_LIABILITIES":61244416.32,"TAX_EBT":27.543713572023,"OCF_SALES":26.400217509516,"TOTAL_PARENT_EQUITY":103386772.08,"DEBT_ASSET_RATIO":37.200980516,"OPERATE_PROFIT":15049830.96,"PRETAX_PROFIT":14989921.2,"NETCASH_OPERATE":37165685.28,"NETCASH_INVEST":1660831.68,"NETCASH_FINANCE":-5984319.36,"END_CASH":61920897.36,"DIVI_RATIO":null,"DIVIDEND_RATE":null,"CURRENT_RATIO":2.28215988908,"COMMON_ACS":3000000000,"CURRENTDEBT_DEBT":89.170425520352,"ISSUED_COMMON_SHARES":1600000000,"HK_COMMON_SHARES":1600000000,"PER_SHARES":8000,"TOTAL_MARKET_CAP":240000000,"HKSK_MARKET_CAP":240000000,"PE_TTM":9.949836242279,"PB_TTM":1.129746701375,"REPORT_DATE_SQ":"2020-06-30 00:00:00","REPORT_TYPE_SQ":"2020年中报","OPERATE_INCOME_SQ":116214230.88,"DPS_HKD":null,"OPERATE_INCOME_QOQ_SQ":-21.614354896746,"NET_PROFIT_RATIO_SQ":-34.4109347859,"HOLDER_PROFIT_SQ":-39990403.2,"HOLDER_PROFIT_QOQ_SQ":-708.143088943666,"ROE_AVG_SQ":-26.908585793398,"PE_TTM_SQ":11.939803490734,"PB_TTM_SQ":1.35569604165,"ROA_SQ":-17.865304256986,"START_DATE":"2021-01-01 00:00:00","FISCAL_YEAR":"12-31","CURRENCY":"HKD","IS_CNY_CODE":0,"DPS_HKD_LY":null,"ORG_TYPE":"一般企业","PREMIUM_INCOME":null,"PREMIUM_INCOME_YOY":null,"NET_INTEREST_INCOME":null,"NET_INTEREST_INCOME_YOY":null,"FEE_COMMISSION_INCOME":null,"FEE_COMMISSION_INCOME_YOY":null,"ACCOUNTS_RECE_TDAYS":4.084545465519,"INVENTORY_TDAYS":null,"CURRENT_ASSETS_TDAYS":1.211865954681,"TOTAL_ASSETS_TDAYS":0.89480768468,"PREMIUM_EXPENSE":null,"LOAN_DEPOSIT":null,"LOAN_EQUITY":null,"LOAN_ASSETS":null,"DEPOSIT_EQUITY":null,"DEPOSIT_ASSETS":null,"EQUITY_MULTIPLIER":1.592381550248,"EQUITY_RATIO":0.592381550249},{"SECUCODE":"01034.HK","SECURITY_CODE":"01034","SECURITY_NAME_ABBR":"富汇国际集团控股","ORG_CODE":"10916521","STD_REPORT_DATE":"2020-12-31 00:00:00","REPORT_DATE":"2020-12-31 00:00:00","DATE_TYPE_CODE":"001","REPORT_TYPE":"2020年年报","PER_NETCASH_OPERATE":0.004879933925,"PER_OI":0.14274950835,"BPS":0.05848661565,"BASIC_EPS":-0.038631276,"DILUTED_EPS":-0.038631276,"OPERATE_INCOME":228399213.36,"OPERATE_INCOME_YOY":-50.9586035778,"GROSS_PROFIT":-46216135.68,"GROSS_PROFIT_YOY":-476.098385616579,"HOLDER_PROFIT":-61778900.92,"HOLDER_PROFIT_YOY":-1122.4683103496,"GROSS_PROFIT_RATIO":-20.234805102921,"EPS_TTM":-0.038611813075,"OPERATE_INCOME_QOQ":-41.217060854378,"NET_PROFIT_RATIO":-27.0486487283,"ROE_AVG":-49.634350435297,"GROSS_PROFIT_QOQ":-72.774953309945,"ROA":-32.745441365081,"HOLDER_PROFIT_QOQ":-57.967988082474,"ROE_YEARLY":-49.634350435297,"ROIC_YEARLY":-40.40713756857,"TOTAL_ASSETS":151747692,"TOTAL_LIABILITIES":58169106.96,"TAX_EBT":1.127424568966,"OCF_SALES":3.418529409597,"TOTAL_PARENT_EQUITY":93578585.04,"DEBT_ASSET_RATIO":38.3327787022,"OPERATE_PROFIT":-61918613.16,"PRETAX_PROFIT":-62483353.6,"NETCASH_OPERATE":7807894.28,"NETCASH_INVEST":-3133425.72,"NETCASH_FINANCE":-15216851.2,"END_CASH":29394277,"DIVI_RATIO":null,"DIVIDEND_RATE":null,"CURRENT_RATIO":2.122912907988,"COMMON_ACS":3000000000,"CURRENTDEBT_DEBT":88.216569725381,"ISSUED_COMMON_SHARES":1600000000,"HK_COMMON_SHARES":1600000000,"PER_SHARES":8000,"TOTAL_MARKET_CAP":240000000,"HKSK_MARKET_CAP":240000000,"PE_TTM":9.949836242279,"PB_TTM":1.129746701375,"REPORT_DATE_SQ":"2019-12-31 00:00:00","REPORT_TYPE_SQ":"2019年年报","OPERATE_INCOME_SQ":495686133.46,"DPS_HKD":null,"OPERATE_INCOME_QOQ_SQ":26.617062502712,"NET_PROFIT_RATIO_SQ":1.2973541493,"HOLDER_PROFIT_SQ":6430804.62,"HOLDER_PROFIT_QOQ_SQ":-50.957317462917,"ROE_AVG_SQ":3.966309299197,"PE_TTM_SQ":11.939803490734,"PB_TTM_SQ":1.35569604165,"ROA_SQ":2.736102721048,"START_DATE":"2020-01-01 00:00:00","FISCAL_YEAR":"12-31","CURRENCY":"HKD","IS_CNY_CODE":0,"DPS_HKD_LY":null,"ORG_TYPE":"一般企业","PREMIUM_INCOME":null,"PREMIUM_INCOME_YOY":null,"NET_INTEREST_INCOME":null,"NET_INTEREST_INCOME_YOY":null,"FEE_COMMISSION_INCOME":null,"FEE_COMMISSION_INCOME_YOY":null,"ACCOUNTS_RECE_TDAYS":5.36142721669,"INVENTORY_TDAYS":43.262529832936,"CURRENT_ASSETS_TDAYS":1.613678933942,"TOTAL_ASSETS_TDAYS":1.21061283667,"PREMIUM_EXPENSE":null,"LOAN_DEPOSIT":null,"LOAN_EQUITY":null,"LOAN_ASSETS":null,"DEPOSIT_EQUITY":null,"DEPOSIT_ASSETS":null,"EQUITY_MULTIPLIER":1.621607036858,"EQUITY_RATIO":0.621607036857},{"SECUCODE":"01034.HK","SECURITY_CODE":"01034","SECURITY_NAME_ABBR":"富汇国际集团控股","ORG_CODE":"10916521","STD_REPORT_DATE":"2020-06-30 00:00:00","REPORT_DATE":"2020-06-30 00:00:00","DATE_TYPE_CODE":"002","REPORT_TYPE":"2020年中报","PER_NETCASH_OPERATE":-0.0049930914,"PER_OI":0.0726338943,"BPS":0.0803878581,"BASIC_EPS":-0.025028256,"DILUTED_EPS":-0.025028256,"OPERATE_INCOME":116214230.88,"OPERATE_INCOME_YOY":-49.8926780855,"GROSS_PROFIT":-29402720.16,"GROSS_PROFIT_YOY":-405.16841268812,"HOLDER_PROFIT":-39990403.2,"HOLDER_PROFIT_YOY":-794.0393151554,"GROSS_PROFIT_RATIO":-25.300447232113,"EPS_TTM":-0.024442808663,"OPERATE_INCOME_QOQ":-21.614354896746,"NET_PROFIT_RATIO":-34.4109347859,"ROE_AVG":-26.908585793398,"GROSS_PROFIT_QOQ":-317.681080742002,"ROA":-17.865304256986,"HOLDER_PROFIT_QOQ":-708.143088943666,"ROE_YEARLY":-53.817171586795,"ROIC_YEARLY":-42.290119103967,"TOTAL_ASSETS":202863149.28,"TOTAL_LIABILITIES":74242576.32,"TAX_EBT":null,"OCF_SALES":-6.87432699034,"TOTAL_PARENT_EQUITY":128620572.96,"DEBT_ASSET_RATIO":36.5973694993,"OPERATE_PROFIT":-39622286.88,"PRETAX_PROFIT":-39990403.2,"NETCASH_OPERATE":-7988946.24,"NETCASH_INVEST":-945410.4,"NETCASH_FINANCE":-8313217.44,"END_CASH":26096067.36,"DIVI_RATIO":null,"DIVIDEND_RATE":null,"CURRENT_RATIO":2.277218485874,"COMMON_ACS":3000000000,"CURRENTDEBT_DEBT":88.359703732867,"ISSUED_COMMON_SHARES":1600000000,"HK_COMMON_SHARES":1600000000,"PER_SHARES":8000,"TOTAL_MARKET_CAP":240000000,"HKSK_MARKET_CAP":240000000,"PE_TTM":9.949836242279,"PB_TTM":1.129746701375,"REPORT_DATE_SQ":"2019-06-30 00:00:00","REPORT_TYPE_SQ":"2019年中报","OPERATE_INCOME_SQ":223353590.94,"DPS_HKD":null,"OPERATE_INCOME_QOQ_SQ":41.133198622005,"NET_PROFIT_RATIO_SQ":2.484354631,"HOLDER_PROFIT_SQ":5548895.28,"HOLDER_PROFIT_QOQ_SQ":22.306174005123,"ROE_AVG_SQ":3.49349815024,"PE_TTM_SQ":11.939803490734,"PB_TTM_SQ":1.35569604165,"ROA_SQ":2.206481627228,"START_DATE":"2020-01-01 00:00:00","FISCAL_YEAR":"12-31","CURRENCY":"HKD","IS_CNY_CODE":0,"DPS_HKD_LY":null,"ORG_TYPE":"一般企业","PREMIUM_INCOME":null,"PREMIUM_INCOME_YOY":null,"NET_INTEREST_INCOME":null,"NET_INTEREST_INCOME_YOY":null,"FEE_COMMISSION_INCOME":null,"FEE_COMMISSION_INCOME_YOY":null,"ACCOUNTS_RECE_TDAYS":2.072759263936,"INVENTORY_TDAYS":null,"CURRENT_ASSETS_TDAYS":0.686876267037,"TOTAL_ASSETS_TDAYS":0.519175208932,"PREMIUM_EXPENSE":null,"LOAN_DEPOSIT":null,"LOAN_EQUITY":null,"LOAN_ASSETS":null,"DEPOSIT_EQUITY":null,"DEPOSIT_ASSETS":null,"EQUITY_MULTIPLIER":1.577221626458,"EQUITY_RATIO":0.577221626459},{"SECUCODE":"01034.HK","SECURITY_CODE":"01034","SECURITY_NAME_ABBR":"富汇国际集团控股","ORG_CODE":"10916521","STD_REPORT_DATE":"2019-12-31 00:00:00","REPORT_DATE":"2019-12-31 00:00:00","DATE_TYPE_CODE":"001","REPORT_TYPE":"2019年年报","PER_NETCASH_OPERATE":0.002931999913,"PER_OI":0.309803833413,"BPS":0.103344459013,"BASIC_EPS":0.00403101,"DILUTED_EPS":0.00403101,"OPERATE_INCOME":495686133.46,"OPERATE_INCOME_YOY":74.7927057701,"GROSS_PROFIT":12288310.04,"GROSS_PROFIT_YOY":-67.8062823145,"HOLDER_PROFIT":6430804.62,"HOLDER_PROFIT_YOY":-41.3288656424,"GROSS_PROFIT_RATIO":2.479050594824,"EPS_TTM":0.004019252888,"OPERATE_INCOME_QOQ":26.617062502712,"NET_PROFIT_RATIO":1.2973541493,"ROE_AVG":3.966309299197,"GROSS_PROFIT_QOQ":-64.224190154476,"ROA":2.736102721048,"HOLDER_PROFIT_QOQ":-50.957317462917,"ROE_YEARLY":3.966309299197,"ROIC_YEARLY":3.300545493415,"TOTAL_ASSETS":240091434.5,"TOTAL_LIABILITIES":74740300.08,"TAX_EBT":24.96864548495,"OCF_SALES":0.946405304351,"TOTAL_PARENT_EQUITY":165351134.42,"DEBT_ASSET_RATIO":31.1299319093,"OPERATE_PROFIT":9249824.28,"PRETAX_PROFIT":8570823.04,"NETCASH_OPERATE":-15200490.82,"NETCASH_INVEST":4486962.02,"NETCASH_FINANCE":15335753.6,"END_CASH":42505656.78,"DIVI_RATIO":null,"DIVIDEND_RATE":null,"CURRENT_RATIO":2.825685567573,"COMMON_ACS":3000000000,"CURRENTDEBT_DEBT":87.760678843665,"ISSUED_COMMON_SHARES":1600000000,"HK_COMMON_SHARES":1600000000,"PER_SHARES":8000,"TOTAL_MARKET_CAP":240000000,"HKSK_MARKET_CAP":240000000,"PE_TTM":9.949836242279,"PB_TTM":1.129746701375,"REPORT_DATE_SQ":"2018-12-31 00:00:00","REPORT_TYPE_SQ":"2018年年报","OPERATE_INCOME_SQ":277386519.8,"DPS_HKD":null,"OPERATE_INCOME_QOQ_SQ":-16.487072739557,"NET_PROFIT_RATIO_SQ":3.8650700141,"HOLDER_PROFIT_SQ":10721183.2,"HOLDER_PROFIT_QOQ_SQ":-71.880110977404,"ROE_AVG_SQ":9.649043257459,"PE_TTM_SQ":11.939803490734,"PB_TTM_SQ":1.35569604165,"ROA_SQ":5.163119729438,"START_DATE":"2019-01-01 00:00:00","FISCAL_YEAR":"12-31","CURRENCY":"HKD","IS_CNY_CODE":0,"DPS_HKD_LY":null,"ORG_TYPE":"一般企业","PREMIUM_INCOME":null,"PREMIUM_INCOME_YOY":null,"NET_INTEREST_INCOME":null,"NET_INTEREST_INCOME_YOY":null,"FEE_COMMISSION_INCOME":null,"FEE_COMMISSION_INCOME_YOY":null,"ACCOUNTS_RECE_TDAYS":10.600505737438,"INVENTORY_TDAYS":null,"CURRENT_ASSETS_TDAYS":2.813109887065,"TOTAL_ASSETS_TDAYS":2.108986757781,"PREMIUM_EXPENSE":null,"LOAN_DEPOSIT":null,"LOAN_EQUITY":null,"LOAN_ASSETS":null,"DEPOSIT_EQUITY":null,"DEPOSIT_ASSETS":null,"EQUITY_MULTIPLIER":1.452009599705,"EQUITY_RATIO":0.452009599705},{"SECUCODE":"01034.HK","SECURITY_CODE":"01034","SECURITY_NAME_ABBR":"富汇国际集团控股","ORG_CODE":"10916521","STD_REPORT_DATE":"2019-06-30 00:00:00","REPORT_DATE":"2019-06-30 00:00:00","DATE_TYPE_CODE":"002","REPORT_TYPE":"2019年中报","PER_NETCASH_OPERATE":-0.002154067425,"PER_OI":0.139595994338,"BPS":0.101005859925,"BASIC_EPS":0.003430674,"DILUTED_EPS":0.003430674,"OPERATE_INCOME":223353590.94,"OPERATE_INCOME_YOY":95.935580455,"GROSS_PROFIT":9634915.98,"GROSS_PROFIT_YOY":-28.400705191208,"HOLDER_PROFIT":5548895.28,"HOLDER_PROFIT_YOY":68.437917223,"GROSS_PROFIT_RATIO":4.313750201844,"EPS_TTM":0.008195418113,"OPERATE_INCOME_QOQ":41.133198622005,"NET_PROFIT_RATIO":2.484354631,"ROE_AVG":3.49349815024,"GROSS_PROFIT_QOQ":-10.012609569122,"ROA":2.206481627228,"HOLDER_PROFIT_QOQ":22.306174005123,"ROE_YEARLY":6.986996300481,"ROIC_YEARLY":5.456063037076,"TOTAL_ASSETS":277122808.44,"TOTAL_LIABILITIES":115513432.56,"TAX_EBT":20.443939967209,"OCF_SALES":-1.543072518107,"TOTAL_PARENT_EQUITY":161609375.88,"DEBT_ASSET_RATIO":41.6831199172,"OPERATE_PROFIT":7146357.84,"PRETAX_PROFIT":6974824.14,"NETCASH_OPERATE":-3446507.88,"NETCASH_INVEST":1968679.08,"NETCASH_FINANCE":23231820.6,"END_CASH":58955692.86,"DIVI_RATIO":null,"DIVIDEND_RATE":null,"CURRENT_RATIO":2.330405589671,"COMMON_ACS":3000000000,"CURRENTDEBT_DEBT":80.979469371592,"ISSUED_COMMON_SHARES":1600000000,"HK_COMMON_SHARES":1600000000,"PER_SHARES":8000,"TOTAL_MARKET_CAP":240000000,"HKSK_MARKET_CAP":240000000,"PE_TTM":9.949836242279,"PB_TTM":1.129746701375,"REPORT_DATE_SQ":"2018-06-30 00:00:00","REPORT_TYPE_SQ":"2018年中报","OPERATE_INCOME_SQ":109255642.8,"DPS_HKD":null,"OPERATE_INCOME_QOQ_SQ":0,"NET_PROFIT_RATIO_SQ":2.8899280798,"HOLDER_PROFIT_SQ":3157409.5,"HOLDER_PROFIT_QOQ_SQ":0,"ROE_AVG_SQ":null,"PE_TTM_SQ":11.939803490734,"PB_TTM_SQ":1.35569604165,"ROA_SQ":null,"START_DATE":"2019-01-01 00:00:00","FISCAL_YEAR":"12-31","CURRENCY":"HKD","IS_CNY_CODE":0,"DPS_HKD_LY":null,"ORG_TYPE":"一般企业","PREMIUM_INCOME":null,"PREMIUM_INCOME_YOY":null,"NET_INTEREST_INCOME":null,"NET_INTEREST_INCOME_YOY":null,"FEE_COMMISSION_INCOME":null,"FEE_COMMISSION_INCOME_YOY":null,"ACCOUNTS_RECE_TDAYS":4.372050176064,"INVENTORY_TDAYS":null,"CURRENT_ASSETS_TDAYS":1.169230840076,"TOTAL_ASSETS_TDAYS":0.888150829879,"PREMIUM_EXPENSE":null,"LOAN_DEPOSIT":null,"LOAN_EQUITY":null,"LOAN_ASSETS":null,"DEPOSIT_EQUITY":null,"DEPOSIT_ASSETS":null,"EQUITY_MULTIPLIER":1.714769374802,"EQUITY_RATIO":0.714769374803}],"count":16},"success":true,"message":"ok","code":0}