{"version":"ebf9a5c4cdf03c1bf842ff82e56362f2","result":{"pages":4,"data":[{"SECUCODE":"01030.HK","SECURITY_CODE":"01030","SECURITY_NAME_ABBR":"新城发展","ORG_CODE":"10339951","STD_REPORT_DATE":"2024-06-30 00:00:00","REPORT_DATE":"2024-06-30 00:00:00","DATE_TYPE_CODE":"002","REPORT_TYPE":"2024年中报","PER_NETCASH_OPERATE":0.417946508689,"PER_OI":4.812423281964,"BPS":6.627559168535,"BASIC_EPS":0.14,"DILUTED_EPS":0.14,"OPERATE_INCOME":34003339000,"OPERATE_INCOME_YOY":-20.0529954271,"GROSS_PROFIT":6826877000,"GROSS_PROFIT_YOY":-7.937279169217,"HOLDER_PROFIT":959244000,"HOLDER_PROFIT_YOY":-32.9741362745,"GROSS_PROFIT_RATIO":20.077078312809,"EPS_TTM":0.057656368944,"OPERATE_INCOME_QOQ":-7.139425731016,"NET_PROFIT_RATIO":4.0893101704,"ROE_AVG":2.069552613,"GROSS_PROFIT_QOQ":-3.640440829152,"ROA":0.260812217557,"HOLDER_PROFIT_QOQ":-53.669185348279,"ROE_YEARLY":4.139105226001,"ROIC_YEARLY":0.615731071172,"TOTAL_ASSETS":358493549000,"TOTAL_LIABILITIES":269140905000,"TAX_EBT":40.43801235872,"OCF_SALES":8.684741224972,"TOTAL_PARENT_EQUITY":46828620000,"DEBT_ASSET_RATIO":75.0755224887,"OPERATE_PROFIT":3531007000,"PRETAX_PROFIT":2334546000,"NETCASH_OPERATE":2953102000,"NETCASH_INVEST":-144265000,"NETCASH_FINANCE":-4000318000,"END_CASH":12037937000,"DIVI_RATIO":null,"DIVIDEND_RATE":null,"CURRENT_RATIO":0.922787864727,"COMMON_ACS":10000000000,"CURRENTDEBT_DEBT":80.816891806171,"ISSUED_COMMON_SHARES":7065741521,"HK_COMMON_SHARES":7065741521,"PER_SHARES":2000,"TOTAL_MARKET_CAP":13566223720.32,"HKSK_MARKET_CAP":13566223720.32,"PE_TTM":28.922999154734,"PB_TTM":0.264402860154,"REPORT_DATE_SQ":"2023-06-30 00:00:00","REPORT_TYPE_SQ":"2023年中报","OPERATE_INCOME_SQ":42532349000,"DPS_HKD":null,"OPERATE_INCOME_QOQ_SQ":-0.703013189477,"NET_PROFIT_RATIO_SQ":5.4179302441,"HOLDER_PROFIT_SQ":1431155000,"HOLDER_PROFIT_QOQ_SQ":-127.570518004938,"ROE_AVG_SQ":3.161650308758,"PE_TTM_SQ":-34.122141830404,"PB_TTM_SQ":0.155111438478,"ROA_SQ":0.315783448447,"START_DATE":"2024-01-01 00:00:00","FISCAL_YEAR":"12-31","CURRENCY":"HKD","IS_CNY_CODE":0,"DPS_HKD_LY":null,"ORG_TYPE":"一般企业","PREMIUM_INCOME":null,"PREMIUM_INCOME_YOY":null,"NET_INTEREST_INCOME":null,"NET_INTEREST_INCOME_YOY":null,"FEE_COMMISSION_INCOME":null,"FEE_COMMISSION_INCOME_YOY":null,"ACCOUNTS_RECE_TDAYS":0.710088809396,"INVENTORY_TDAYS":0.196957944367,"CURRENT_ASSETS_TDAYS":0.162037028411,"TOTAL_ASSETS_TDAYS":0.092452871729,"PREMIUM_EXPENSE":null,"LOAN_DEPOSIT":null,"LOAN_EQUITY":null,"LOAN_ASSETS":null,"DEPOSIT_EQUITY":null,"DEPOSIT_ASSETS":null,"EQUITY_MULTIPLIER":4.012120212135,"EQUITY_RATIO":5.747359307193},{"SECUCODE":"01030.HK","SECURITY_CODE":"01030","SECURITY_NAME_ABBR":"新城发展","ORG_CODE":"10339951","STD_REPORT_DATE":"2023-12-31 00:00:00","REPORT_DATE":"2023-12-31 00:00:00","DATE_TYPE_CODE":"001","REPORT_TYPE":"2023年年报","PER_NETCASH_OPERATE":0.848730169675,"PER_OI":16.907429976733,"BPS":6.492169981546,"BASIC_EPS":0.12,"DILUTED_EPS":0.12,"OPERATE_INCOME":119463530000,"OPERATE_INCOME_YOY":2.5080523419,"GROSS_PROFIT":16167987000,"GROSS_PROFIT_YOY":1.437867875691,"HOLDER_PROFIT":879296000,"HOLDER_PROFIT_YOY":213.2812917523,"GROSS_PROFIT_RATIO":13.533826599633,"EPS_TTM":0.124444971188,"OPERATE_INCOME_QOQ":3.233799568885,"NET_PROFIT_RATIO":0.6567460379,"ROE_AVG":1.940502312994,"GROSS_PROFIT_QOQ":9.995120697427,"ROA":0.209216102363,"HOLDER_PROFIT_QOQ":1236.29091660959,"ROE_YEARLY":1.940502312994,"ROIC_YEARLY":0.246991888871,"TOTAL_ASSETS":377088556000,"TOTAL_LIABILITIES":286579215000,"TAX_EBT":109.304075904576,"OCF_SALES":5.019865058399,"TOTAL_PARENT_EQUITY":45871995000,"DEBT_ASSET_RATIO":75.9978552624,"OPERATE_PROFIT":6224954000,"PRETAX_PROFIT":5019671000,"NETCASH_OPERATE":5996908000,"NETCASH_INVEST":3657768000,"NETCASH_FINANCE":-18879493000,"END_CASH":13225030000,"DIVI_RATIO":null,"DIVIDEND_RATE":null,"CURRENT_RATIO":0.917495089187,"COMMON_ACS":10000000000,"CURRENTDEBT_DEBT":83.283533315562,"ISSUED_COMMON_SHARES":7065741521,"HK_COMMON_SHARES":7065741521,"PER_SHARES":2000,"TOTAL_MARKET_CAP":14131483042,"HKSK_MARKET_CAP":14131483042,"PE_TTM":30.128124119515,"PB_TTM":0.275419645994,"REPORT_DATE_SQ":"2022-12-31 00:00:00","REPORT_TYPE_SQ":"2022年年报","OPERATE_INCOME_SQ":116540630000,"DPS_HKD":null,"OPERATE_INCOME_QOQ_SQ":-12.432574611604,"NET_PROFIT_RATIO_SQ":0.6372919041,"HOLDER_PROFIT_SQ":280673000,"HOLDER_PROFIT_QOQ_SQ":-96.240105549734,"ROE_AVG_SQ":0.645871537508,"PE_TTM_SQ":-41.322226803792,"PB_TTM_SQ":0.187841375038,"ROA_SQ":0.055934199175,"START_DATE":"2023-01-01 00:00:00","FISCAL_YEAR":"12-31","CURRENCY":"HKD","IS_CNY_CODE":0,"DPS_HKD_LY":null,"ORG_TYPE":"一般企业","PREMIUM_INCOME":null,"PREMIUM_INCOME_YOY":null,"NET_INTEREST_INCOME":null,"NET_INTEREST_INCOME_YOY":null,"FEE_COMMISSION_INCOME":null,"FEE_COMMISSION_INCOME_YOY":null,"ACCOUNTS_RECE_TDAYS":2.124819798737,"INVENTORY_TDAYS":0.595459218869,"CURRENT_ASSETS_TDAYS":0.454795274632,"TOTAL_ASSETS_TDAYS":0.284246648695,"PREMIUM_EXPENSE":null,"LOAN_DEPOSIT":null,"LOAN_EQUITY":null,"LOAN_ASSETS":null,"DEPOSIT_EQUITY":null,"DEPOSIT_ASSETS":null,"EQUITY_MULTIPLIER":4.166294349661,"EQUITY_RATIO":6.247367593234},{"SECUCODE":"01030.HK","SECURITY_CODE":"01030","SECURITY_NAME_ABBR":"新城发展","ORG_CODE":"10339951","STD_REPORT_DATE":"2023-06-30 00:00:00","REPORT_DATE":"2023-06-30 00:00:00","DATE_TYPE_CODE":"002","REPORT_TYPE":"2023年中报","PER_NETCASH_OPERATE":0.823764637116,"PER_OI":6.019516688176,"BPS":6.478943202768,"BASIC_EPS":0.2,"DILUTED_EPS":0.2,"OPERATE_INCOME":42532349000,"OPERATE_INCOME_YOY":-1.8898844554,"GROSS_PROFIT":7415463000,"GROSS_PROFIT_YOY":-14.326073667582,"HOLDER_PROFIT":1431155000,"HOLDER_PROFIT_YOY":-20.0119494012,"GROSS_PROFIT_RATIO":17.434877626909,"EPS_TTM":-0.010951858311,"OPERATE_INCOME_QOQ":-0.703013189477,"NET_PROFIT_RATIO":5.4179302441,"ROE_AVG":3.161650308758,"GROSS_PROFIT_QOQ":-7.779665831974,"ROA":0.315783448447,"HOLDER_PROFIT_QOQ":-127.570518004938,"ROE_YEARLY":6.323300617515,"ROIC_YEARLY":0.745677103974,"TOTAL_ASSETS":442941565000,"TOTAL_LIABILITIES":349879793000,"TAX_EBT":38.60692787535,"OCF_SALES":13.684896641848,"TOTAL_PARENT_EQUITY":45778538000,"DEBT_ASSET_RATIO":78.9900566229,"OPERATE_PROFIT":4337556000,"PRETAX_PROFIT":3753474000,"NETCASH_OPERATE":5820508000,"NETCASH_INVEST":694146000,"NETCASH_FINANCE":-8206534000,"END_CASH":20728472000,"DIVI_RATIO":null,"DIVIDEND_RATE":null,"CURRENT_RATIO":0.969760543986,"COMMON_ACS":10000000000,"CURRENTDEBT_DEBT":83.990475837511,"ISSUED_COMMON_SHARES":7065741521,"HK_COMMON_SHARES":7065741521,"PER_SHARES":2000,"TOTAL_MARKET_CAP":14131483042,"HKSK_MARKET_CAP":14131483042,"PE_TTM":30.128124119515,"PB_TTM":0.275419645994,"REPORT_DATE_SQ":"2022-06-30 00:00:00","REPORT_TYPE_SQ":"2022年中报","OPERATE_INCOME_SQ":43351645000,"DPS_HKD":null,"OPERATE_INCOME_QOQ_SQ":-21.500034328725,"NET_PROFIT_RATIO_SQ":6.8300753063,"HOLDER_PROFIT_SQ":1789211000,"HOLDER_PROFIT_QOQ_SQ":-13.103902580302,"ROE_AVG_SQ":4.118205109798,"PE_TTM_SQ":-41.322226803792,"PB_TTM_SQ":0.187841375038,"ROA_SQ":0.33740237906,"START_DATE":"2023-01-01 00:00:00","FISCAL_YEAR":"12-31","CURRENCY":"HKD","IS_CNY_CODE":0,"DPS_HKD_LY":null,"ORG_TYPE":"一般企业","PREMIUM_INCOME":null,"PREMIUM_INCOME_YOY":null,"NET_INTEREST_INCOME":null,"NET_INTEREST_INCOME_YOY":null,"FEE_COMMISSION_INCOME":null,"FEE_COMMISSION_INCOME_YOY":null,"ACCOUNTS_RECE_TDAYS":null,"INVENTORY_TDAYS":0.178430366239,"CURRENT_ASSETS_TDAYS":0.143848654248,"TOTAL_ASSETS_TDAYS":0.093847359914,"PREMIUM_EXPENSE":null,"LOAN_DEPOSIT":null,"LOAN_EQUITY":null,"LOAN_ASSETS":null,"DEPOSIT_EQUITY":null,"DEPOSIT_ASSETS":null,"EQUITY_MULTIPLIER":4.759651094967,"EQUITY_RATIO":7.642878263172},{"SECUCODE":"01030.HK","SECURITY_CODE":"01030","SECURITY_NAME_ABBR":"新城发展","ORG_CODE":"10339951","STD_REPORT_DATE":"2022-12-31 00:00:00","REPORT_DATE":"2022-12-31 00:00:00","DATE_TYPE_CODE":"001","REPORT_TYPE":"2022年年报","PER_NETCASH_OPERATE":1.0564830284,"PER_OI":16.493757895563,"BPS":6.333887514423,"BASIC_EPS":0.04,"DILUTED_EPS":0.04,"OPERATE_INCOME":116540630000,"OPERATE_INCOME_YOY":-31.2596011309,"GROSS_PROFIT":15938808000,"GROSS_PROFIT_YOY":-43.793762552357,"HOLDER_PROFIT":280673000,"HOLDER_PROFIT_YOY":-96.7327984556,"GROSS_PROFIT_RATIO":13.676610466238,"EPS_TTM":0.039723077778,"OPERATE_INCOME_QOQ":-12.432574611604,"NET_PROFIT_RATIO":0.6372919041,"ROE_AVG":0.645871537508,"GROSS_PROFIT_QOQ":-30.63719591775,"ROA":0.055934199175,"HOLDER_PROFIT_QOQ":-96.240105549734,"ROE_YEARLY":0.645871537508,"ROIC_YEARLY":0.067548875913,"TOTAL_ASSETS":463473896000,"TOTAL_LIABILITIES":370459555000,"TAX_EBT":79.897068782674,"OCF_SALES":6.405350648954,"TOTAL_PARENT_EQUITY":44753612000,"DEBT_ASSET_RATIO":79.9310507447,"OPERATE_PROFIT":6080212000,"PRETAX_PROFIT":3694506000,"NETCASH_OPERATE":7464836000,"NETCASH_INVEST":-218470000,"NETCASH_FINANCE":-31469197000,"END_CASH":22435399000,"DIVI_RATIO":null,"DIVIDEND_RATE":null,"CURRENT_RATIO":0.962598956058,"COMMON_ACS":10000000000,"CURRENTDEBT_DEBT":85.913011745641,"ISSUED_COMMON_SHARES":7065741521,"HK_COMMON_SHARES":7065741521,"PER_SHARES":2000,"TOTAL_MARKET_CAP":14131483042,"HKSK_MARKET_CAP":14131483042,"PE_TTM":30.128124119515,"PB_TTM":0.275419645994,"REPORT_DATE_SQ":"2021-12-31 00:00:00","REPORT_TYPE_SQ":"2021年年报","OPERATE_INCOME_SQ":169537320000,"DPS_HKD":null,"OPERATE_INCOME_QOQ_SQ":-9.828129240087,"NET_PROFIT_RATIO_SQ":7.880857147,"HOLDER_PROFIT_SQ":8590624000,"HOLDER_PROFIT_QOQ_SQ":-24.209589463728,"ROE_AVG_SQ":22.047703838769,"PE_TTM_SQ":-41.322226803792,"PB_TTM_SQ":0.187841375038,"ROA_SQ":1.584113587217,"START_DATE":"2022-01-01 00:00:00","FISCAL_YEAR":"12-31","CURRENCY":"HKD","IS_CNY_CODE":0,"DPS_HKD_LY":null,"ORG_TYPE":"一般企业","PREMIUM_INCOME":null,"PREMIUM_INCOME_YOY":null,"NET_INTEREST_INCOME":null,"NET_INTEREST_INCOME_YOY":null,"FEE_COMMISSION_INCOME":null,"FEE_COMMISSION_INCOME_YOY":null,"ACCOUNTS_RECE_TDAYS":1.894450360077,"INVENTORY_TDAYS":0.442404315375,"CURRENT_ASSETS_TDAYS":0.333327010909,"TOTAL_ASSETS_TDAYS":0.232249158643,"PREMIUM_EXPENSE":null,"LOAN_DEPOSIT":null,"LOAN_EQUITY":null,"LOAN_ASSETS":null,"DEPOSIT_EQUITY":null,"DEPOSIT_ASSETS":null,"EQUITY_MULTIPLIER":4.982821907011,"EQUITY_RATIO":8.277757670152},{"SECUCODE":"01030.HK","SECURITY_CODE":"01030","SECURITY_NAME_ABBR":"新城发展","ORG_CODE":"10339951","STD_REPORT_DATE":"2022-06-30 00:00:00","REPORT_DATE":"2022-06-30 00:00:00","DATE_TYPE_CODE":"002","REPORT_TYPE":"2022年中报","PER_NETCASH_OPERATE":1.75725994694,"PER_OI":6.663597817415,"BPS":6.331029923335,"BASIC_EPS":0.28,"DILUTED_EPS":0.28,"OPERATE_INCOME":43351645000,"OPERATE_INCOME_YOY":-45.6761463562,"GROSS_PROFIT":8655449000,"GROSS_PROFIT_YOY":-38.326341401962,"HOLDER_PROFIT":1789211000,"HOLDER_PROFIT_YOY":-38.6188222104,"GROSS_PROFIT_RATIO":19.965676042974,"EPS_TTM":1.147435227161,"OPERATE_INCOME_QOQ":-21.500034328725,"NET_PROFIT_RATIO":6.8300753063,"ROE_AVG":4.118205109798,"GROSS_PROFIT_QOQ":-18.967754848847,"ROA":0.33740237906,"HOLDER_PROFIT_QOQ":-13.103902580302,"ROE_YEARLY":8.236410219595,"ROIC_YEARLY":0.825858651505,"TOTAL_ASSETS":520471055000,"TOTAL_LIABILITIES":422335658000,"TAX_EBT":37.710593185664,"OCF_SALES":26.371038515378,"TOTAL_PARENT_EQUITY":44733421000,"DEBT_ASSET_RATIO":81.1448886432,"OPERATE_PROFIT":5591552000,"PRETAX_PROFIT":4753537000,"NETCASH_OPERATE":11432279000,"NETCASH_INVEST":-2213506000,"NETCASH_FINANCE":-17093102000,"END_CASH":38718982000,"DIVI_RATIO":null,"DIVIDEND_RATE":null,"CURRENT_RATIO":1.041112844584,"COMMON_ACS":10000000000,"CURRENTDEBT_DEBT":83.763963401831,"ISSUED_COMMON_SHARES":7065741521,"HK_COMMON_SHARES":7065741521,"PER_SHARES":2000,"TOTAL_MARKET_CAP":14131483042,"HKSK_MARKET_CAP":14131483042,"PE_TTM":30.128124119515,"PB_TTM":0.275419645994,"REPORT_DATE_SQ":"2021-06-30 00:00:00","REPORT_TYPE_SQ":"2021年中报","OPERATE_INCOME_SQ":79802227000,"DPS_HKD":null,"OPERATE_INCOME_QOQ_SQ":28.673282638573,"NET_PROFIT_RATIO_SQ":5.8391390506,"HOLDER_PROFIT_SQ":2914918000,"HOLDER_PROFIT_QOQ_SQ":11.362113731372,"ROE_AVG_SQ":8.08397632335,"PE_TTM_SQ":-41.322226803792,"PB_TTM_SQ":0.187841375038,"ROA_SQ":0.518973796465,"START_DATE":"2022-01-01 00:00:00","FISCAL_YEAR":"12-31","CURRENCY":"HKD","IS_CNY_CODE":0,"DPS_HKD_LY":null,"ORG_TYPE":"一般企业","PREMIUM_INCOME":null,"PREMIUM_INCOME_YOY":null,"NET_INTEREST_INCOME":null,"NET_INTEREST_INCOME_YOY":null,"FEE_COMMISSION_INCOME":null,"FEE_COMMISSION_INCOME_YOY":null,"ACCOUNTS_RECE_TDAYS":null,"INVENTORY_TDAYS":0.139385993144,"CURRENT_ASSETS_TDAYS":0.11390384808,"TOTAL_ASSETS_TDAYS":0.081750828489,"PREMIUM_EXPENSE":null,"LOAN_DEPOSIT":null,"LOAN_EQUITY":null,"LOAN_ASSETS":null,"DEPOSIT_EQUITY":null,"DEPOSIT_ASSETS":null,"EQUITY_MULTIPLIER":5.303601665759,"EQUITY_RATIO":9.441166102633},{"SECUCODE":"01030.HK","SECURITY_CODE":"01030","SECURITY_NAME_ABBR":"新城发展","ORG_CODE":"10339951","STD_REPORT_DATE":"2021-12-31 00:00:00","REPORT_DATE":"2021-12-31 00:00:00","DATE_TYPE_CODE":"001","REPORT_TYPE":"2021年年报","PER_NETCASH_OPERATE":2.397287834086,"PER_OI":26.059645845558,"BPS":5.966725059882,"BASIC_EPS":1.39,"DILUTED_EPS":1.38,"OPERATE_INCOME":169537320000,"OPERATE_INCOME_YOY":16.0271061234,"GROSS_PROFIT":28357721000,"GROSS_PROFIT_YOY":-10.227032743143,"HOLDER_PROFIT":8590624000,"HOLDER_PROFIT_YOY":-15.5981968211,"GROSS_PROFIT_RATIO":16.726536080669,"EPS_TTM":1.320468077662,"OPERATE_INCOME_QOQ":-9.828129240087,"NET_PROFIT_RATIO":7.880857147,"ROE_AVG":22.047703838769,"GROSS_PROFIT_QOQ":-23.084888315626,"ROA":1.584113587217,"HOLDER_PROFIT_QOQ":-24.209589463728,"ROE_YEARLY":22.047703838769,"ROIC_YEARLY":1.95671784606,"TOTAL_ASSETS":540108900000,"TOTAL_LIABILITIES":442689564000,"TAX_EBT":37.557071324849,"OCF_SALES":9.19923412733,"TOTAL_PARENT_EQUITY":42159337000,"DEBT_ASSET_RATIO":81.9630196799,"OPERATE_PROFIT":20167482000,"PRETAX_PROFIT":21397129000,"NETCASH_OPERATE":15596135000,"NETCASH_INVEST":-21719566000,"NETCASH_FINANCE":-6116079000,"END_CASH":46604698000,"DIVI_RATIO":null,"DIVIDEND_RATE":null,"CURRENT_RATIO":1.063605801255,"COMMON_ACS":10000000000,"CURRENTDEBT_DEBT":83.442745896761,"ISSUED_COMMON_SHARES":7065741521,"HK_COMMON_SHARES":7065741521,"PER_SHARES":2000,"TOTAL_MARKET_CAP":14131483042,"HKSK_MARKET_CAP":14131483042,"PE_TTM":30.128124119515,"PB_TTM":0.275419645994,"REPORT_DATE_SQ":"2020-12-31 00:00:00","REPORT_TYPE_SQ":"2020年年报","OPERATE_INCOME_SQ":146118718000,"DPS_HKD":null,"OPERATE_INCOME_QOQ_SQ":36.299572746715,"NET_PROFIT_RATIO_SQ":11.0310179425,"HOLDER_PROFIT_SQ":10178247000,"HOLDER_PROFIT_QOQ_SQ":26.554957500425,"ROE_AVG_SQ":33.502570753002,"PE_TTM_SQ":-41.322226803792,"PB_TTM_SQ":0.187841375038,"ROA_SQ":2.010060463958,"START_DATE":"2021-01-01 00:00:00","FISCAL_YEAR":"12-31","CURRENCY":"HKD","IS_CNY_CODE":0,"DPS_HKD_LY":0.49436,"ORG_TYPE":"一般企业","PREMIUM_INCOME":null,"PREMIUM_INCOME_YOY":null,"NET_INTEREST_INCOME":null,"NET_INTEREST_INCOME_YOY":null,"FEE_COMMISSION_INCOME":null,"FEE_COMMISSION_INCOME_YOY":null,"ACCOUNTS_RECE_TDAYS":null,"INVENTORY_TDAYS":0.541956530629,"CURRENT_ASSETS_TDAYS":0.416190829905,"TOTAL_ASSETS_TDAYS":0.312627315725,"PREMIUM_EXPENSE":null,"LOAN_DEPOSIT":null,"LOAN_EQUITY":null,"LOAN_ASSETS":null,"DEPOSIT_EQUITY":null,"DEPOSIT_ASSETS":null,"EQUITY_MULTIPLIER":5.544165277409,"EQUITY_RATIO":10.500391977227},{"SECUCODE":"01030.HK","SECURITY_CODE":"01030","SECURITY_NAME_ABBR":"新城发展","ORG_CODE":"10339951","STD_REPORT_DATE":"2021-06-30 00:00:00","REPORT_DATE":"2021-06-30 00:00:00","DATE_TYPE_CODE":"002","REPORT_TYPE":"2021年中报","PER_NETCASH_OPERATE":-1.26319841495,"PER_OI":12.850546358421,"BPS":5.144212520649,"BASIC_EPS":0.47,"DILUTED_EPS":0.47,"OPERATE_INCOME":79802227000,"OPERATE_INCOME_YOY":110.5311134933,"GROSS_PROFIT":14034272000,"GROSS_PROFIT_YOY":60.324252200218,"HOLDER_PROFIT":2914918000,"HOLDER_PROFIT_YOY":65.7659512276,"GROSS_PROFIT_RATIO":17.586316231501,"EPS_TTM":1.825227623846,"OPERATE_INCOME_QOQ":28.673282638573,"NET_PROFIT_RATIO":5.8391390506,"ROE_AVG":8.08397632335,"GROSS_PROFIT_QOQ":16.716943251992,"ROA":0.518973796465,"HOLDER_PROFIT_QOQ":11.362113731372,"ROE_YEARLY":16.1679526467,"ROIC_YEARLY":1.275726453323,"TOTAL_ASSETS":578851110000,"TOTAL_LIABILITIES":490910526000,"TAX_EBT":46.810384099925,"OCF_SALES":-9.829919909378,"TOTAL_PARENT_EQUITY":36347676000,"DEBT_ASSET_RATIO":84.8077368289,"OPERATE_PROFIT":9046986000,"PRETAX_PROFIT":8760663000,"NETCASH_OPERATE":-7844495000,"NETCASH_INVEST":-9166439000,"NETCASH_FINANCE":11193395000,"END_CASH":53115332000,"DIVI_RATIO":null,"DIVIDEND_RATE":null,"CURRENT_RATIO":1.101466693982,"COMMON_ACS":10000000000,"CURRENTDEBT_DEBT":82.203103748482,"ISSUED_COMMON_SHARES":7065741521,"HK_COMMON_SHARES":7065741521,"PER_SHARES":2000,"TOTAL_MARKET_CAP":14131483042,"HKSK_MARKET_CAP":14131483042,"PE_TTM":30.128124119515,"PB_TTM":0.275419645994,"REPORT_DATE_SQ":"2020-06-30 00:00:00","REPORT_TYPE_SQ":"2020年中报","OPERATE_INCOME_SQ":37905194000,"DPS_HKD":null,"OPERATE_INCOME_QOQ_SQ":23.43423942966,"NET_PROFIT_RATIO_SQ":9.2112547953,"HOLDER_PROFIT_SQ":1758454000,"HOLDER_PROFIT_QOQ_SQ":2.947709935194,"ROE_AVG_SQ":6.759971709249,"PE_TTM_SQ":-41.322226803792,"PB_TTM_SQ":0.187841375038,"ROA_SQ":0.358643474227,"START_DATE":"2021-01-01 00:00:00","FISCAL_YEAR":"12-31","CURRENCY":"HKD","IS_CNY_CODE":0,"DPS_HKD_LY":0.49436,"ORG_TYPE":"一般企业","PREMIUM_INCOME":null,"PREMIUM_INCOME_YOY":null,"NET_INTEREST_INCOME":null,"NET_INTEREST_INCOME_YOY":null,"FEE_COMMISSION_INCOME":null,"FEE_COMMISSION_INCOME_YOY":null,"ACCOUNTS_RECE_TDAYS":null,"INVENTORY_TDAYS":0.237191136126,"CURRENT_ASSETS_TDAYS":0.184234453982,"TOTAL_ASSETS_TDAYS":0.142080376575,"PREMIUM_EXPENSE":null,"LOAN_DEPOSIT":null,"LOAN_EQUITY":null,"LOAN_ASSETS":null,"DEPOSIT_EQUITY":null,"DEPOSIT_ASSETS":null,"EQUITY_MULTIPLIER":6.582297770501,"EQUITY_RATIO":13.505967369138},{"SECUCODE":"01030.HK","SECURITY_CODE":"01030","SECURITY_NAME_ABBR":"新城发展","ORG_CODE":"10339951","STD_REPORT_DATE":"2020-12-31 00:00:00","REPORT_DATE":"2020-12-31 00:00:00","DATE_TYPE_CODE":"001","REPORT_TYPE":"2020年年报","PER_NETCASH_OPERATE":-1.067081964573,"PER_OI":23.529584219002,"BPS":5.062210370093,"BASIC_EPS":1.65,"DILUTED_EPS":1.65,"OPERATE_INCOME":146118718000,"OPERATE_INCOME_YOY":68.2403409658,"GROSS_PROFIT":31588263000,"GROSS_PROFIT_YOY":19.9003644921,"HOLDER_PROFIT":10178247000,"HOLDER_PROFIT_YOY":30.2854305561,"GROSS_PROFIT_RATIO":21.618218002707,"EPS_TTM":1.639009178744,"OPERATE_INCOME_QOQ":36.299572746715,"NET_PROFIT_RATIO":11.0310179425,"ROE_AVG":33.502570753002,"GROSS_PROFIT_QOQ":9.463564042011,"ROA":2.010060463958,"HOLDER_PROFIT_QOQ":26.554957500425,"ROE_YEARLY":33.502570753002,"ROIC_YEARLY":2.496050827445,"TOTAL_ASSETS":544488072000,"TOTAL_LIABILITIES":463018100000,"TAX_EBT":38.912118763124,"OCF_SALES":-4.535065110549,"TOTAL_PARENT_EQUITY":35768270000,"DEBT_ASSET_RATIO":85.0373265844,"OPERATE_PROFIT":24031890000,"PRETAX_PROFIT":26385564000,"NETCASH_OPERATE":-6626579000,"NETCASH_INVEST":-17539837000,"NETCASH_FINANCE":23648553000,"END_CASH":58965908000,"DIVI_RATIO":null,"DIVIDEND_RATE":null,"CURRENT_RATIO":1.100688043864,"COMMON_ACS":10000000000,"CURRENTDEBT_DEBT":82.768811413636,"ISSUED_COMMON_SHARES":7065741521,"HK_COMMON_SHARES":7065741521,"PER_SHARES":2000,"TOTAL_MARKET_CAP":14131483042,"HKSK_MARKET_CAP":14131483042,"PE_TTM":30.128124119515,"PB_TTM":0.275419645994,"REPORT_DATE_SQ":"2019-12-31 00:00:00","REPORT_TYPE_SQ":"2019年年报","OPERATE_INCOME_SQ":86851178000,"DPS_HKD":null,"OPERATE_INCOME_QOQ_SQ":54.270776194934,"NET_PROFIT_RATIO_SQ":14.5147012283,"HOLDER_PROFIT_SQ":7812268000,"HOLDER_PROFIT_QOQ_SQ":16.712030712198,"ROE_AVG_SQ":35.39382158882,"PE_TTM_SQ":-41.322226803792,"PB_TTM_SQ":0.187841375038,"ROA_SQ":1.940700138234,"START_DATE":"2020-01-01 00:00:00","FISCAL_YEAR":"12-31","CURRENCY":"HKD","IS_CNY_CODE":0,"DPS_HKD_LY":0.3386,"ORG_TYPE":"一般企业","PREMIUM_INCOME":null,"PREMIUM_INCOME_YOY":null,"NET_INTEREST_INCOME":null,"NET_INTEREST_INCOME_YOY":null,"FEE_COMMISSION_INCOME":null,"FEE_COMMISSION_INCOME_YOY":null,"ACCOUNTS_RECE_TDAYS":null,"INVENTORY_TDAYS":0.456387110847,"CURRENT_ASSETS_TDAYS":0.368480525699,"TOTAL_ASSETS_TDAYS":0.288563893268,"PREMIUM_EXPENSE":null,"LOAN_DEPOSIT":null,"LOAN_EQUITY":null,"LOAN_ASSETS":null,"DEPOSIT_EQUITY":null,"DEPOSIT_ASSETS":null,"EQUITY_MULTIPLIER":6.683297644908,"EQUITY_RATIO":12.944939746876},{"SECUCODE":"01030.HK","SECURITY_CODE":"01030","SECURITY_NAME_ABBR":"新城发展","ORG_CODE":"10339951","STD_REPORT_DATE":"2020-06-30 00:00:00","REPORT_DATE":"2020-06-30 00:00:00","DATE_TYPE_CODE":"002","REPORT_TYPE":"2020年中报","PER_NETCASH_OPERATE":-2.061584057971,"PER_OI":6.103895974235,"BPS":3.825891864238,"BASIC_EPS":0.28,"DILUTED_EPS":0.28,"OPERATE_INCOME":37905194000,"OPERATE_INCOME_YOY":115.955943276,"GROSS_PROFIT":8753680000,"GROSS_PROFIT_YOY":40.243417899008,"HOLDER_PROFIT":1758454000,"HOLDER_PROFIT_YOY":15.0691905552,"GROSS_PROFIT_RATIO":23.093616141366,"EPS_TTM":1.295096779388,"OPERATE_INCOME_QOQ":23.43423942966,"NET_PROFIT_RATIO":9.2112547953,"ROE_AVG":6.759971709249,"GROSS_PROFIT_QOQ":9.534497201355,"ROA":0.358643474227,"HOLDER_PROFIT_QOQ":2.947709935194,"ROE_YEARLY":13.519943418499,"ROIC_YEARLY":0.886277652244,"TOTAL_ASSETS":512371608000,"TOTAL_LIABILITIES":450669156000,"TAX_EBT":40.433154609459,"OCF_SALES":-33.774888475706,"TOTAL_PARENT_EQUITY":27032763000,"DEBT_ASSET_RATIO":87.9574802669,"OPERATE_PROFIT":5299455000,"PRETAX_PROFIT":5861556000,"NETCASH_OPERATE":-12802437000,"NETCASH_INVEST":-560301000,"NETCASH_FINANCE":13474361000,"END_CASH":59793796000,"DIVI_RATIO":null,"DIVIDEND_RATE":null,"CURRENT_RATIO":1.038283773697,"COMMON_ACS":10000000000,"CURRENTDEBT_DEBT":86.596808502244,"ISSUED_COMMON_SHARES":7065741521,"HK_COMMON_SHARES":7065741521,"PER_SHARES":2000,"TOTAL_MARKET_CAP":14131483042,"HKSK_MARKET_CAP":14131483042,"PE_TTM":30.128124119515,"PB_TTM":0.275419645994,"REPORT_DATE_SQ":"2019-06-30 00:00:00","REPORT_TYPE_SQ":"2019年中报","OPERATE_INCOME_SQ":17552281000,"DPS_HKD":null,"OPERATE_INCOME_QOQ_SQ":2.769000453533,"NET_PROFIT_RATIO_SQ":15.4284277924,"HOLDER_PROFIT_SQ":1528171000,"HOLDER_PROFIT_QOQ_SQ":-0.996553174647,"ROE_AVG_SQ":8.049955764438,"PE_TTM_SQ":-41.322226803792,"PB_TTM_SQ":0.187841375038,"ROA_SQ":0.399174386071,"START_DATE":"2020-01-01 00:00:00","FISCAL_YEAR":"12-31","CURRENCY":"HKD","IS_CNY_CODE":0,"DPS_HKD_LY":0.3386,"ORG_TYPE":"一般企业","PREMIUM_INCOME":null,"PREMIUM_INCOME_YOY":null,"NET_INTEREST_INCOME":null,"NET_INTEREST_INCOME_YOY":null,"FEE_COMMISSION_INCOME":null,"FEE_COMMISSION_INCOME_YOY":null,"ACCOUNTS_RECE_TDAYS":null,"INVENTORY_TDAYS":0.120544815163,"CURRENT_ASSETS_TDAYS":0.097634402904,"TOTAL_ASSETS_TDAYS":0.077309104858,"PREMIUM_EXPENSE":null,"LOAN_DEPOSIT":null,"LOAN_EQUITY":null,"LOAN_ASSETS":null,"DEPOSIT_EQUITY":null,"DEPOSIT_ASSETS":null,"EQUITY_MULTIPLIER":8.303909996937,"EQUITY_RATIO":16.671220622176}],"count":29},"success":true,"message":"ok","code":0}