{"version":"d231eb6ec0f85be704b12d8903d8aee2","result":{"pages":6,"data":[{"SECUCODE":"01036.HK","SECURITY_CODE":"01036","SECURITY_NAME_ABBR":"万科海外","ORG_CODE":"10009208","STD_REPORT_DATE":"2024-06-30 00:00:00","REPORT_DATE":"2024-06-30 00:00:00","DATE_TYPE_CODE":"002","REPORT_TYPE":"2024年中报","PER_NETCASH_OPERATE":-0.231408122794,"PER_OI":0.386976687464,"BPS":9.940942811156,"BASIC_EPS":-0.0730144,"DILUTED_EPS":-0.0730144,"OPERATE_INCOME":150738228.8,"OPERATE_INCOME_YOY":-9.1524155798,"GROSS_PROFIT":66882103.08,"GROSS_PROFIT_YOY":-21.353655188261,"HOLDER_PROFIT":-26762515.64,"HOLDER_PROFIT_YOY":-1256.7258382643,"GROSS_PROFIT_RATIO":44.369702107048,"EPS_TTM":-0.010264596789,"OPERATE_INCOME_QOQ":-5.112206160826,"NET_PROFIT_RATIO":-17.7542988617,"ROE_AVG":-0.686851845497,"GROSS_PROFIT_QOQ":-11.487917568004,"ROA":-0.585899879715,"HOLDER_PROFIT_QOQ":-115.928789256767,"ROE_YEARLY":-1.373703690994,"ROIC_YEARLY":-1.314969737377,"TOTAL_ASSETS":4470522945.16,"TOTAL_LIABILITIES":598248962.48,"TAX_EBT":-61.951839169336,"OCF_SALES":-59.798982804553,"TOTAL_PARENT_EQUITY":3872274895.36,"DEBT_ASSET_RATIO":13.3820801239,"OPERATE_PROFIT":3331282,"PRETAX_PROFIT":-16524984.08,"NETCASH_OPERATE":-90139927.52,"NETCASH_INVEST":-231820.72,"NETCASH_FINANCE":-28814220.28,"END_CASH":437654702.36,"DIVI_RATIO":-5.297158877075,"DIVIDEND_RATE":3.870967741935,"CURRENT_RATIO":2.650673602866,"COMMON_ACS":750000000,"CURRENTDEBT_DEBT":88.916620644835,"ISSUED_COMMON_SHARES":389527932,"HK_COMMON_SHARES":389527932,"PER_SHARES":1000,"TOTAL_MARKET_CAP":603768294.6,"HKSK_MARKET_CAP":603768294.6,"PE_TTM":-145.171506275547,"PB_TTM":0.142305818158,"REPORT_DATE_SQ":"2023-06-30 00:00:00","REPORT_TYPE_SQ":"2023年中报","OPERATE_INCOME_SQ":167615042.02,"DPS_HKD":0.06,"OPERATE_INCOME_QOQ_SQ":3.118369622388,"NET_PROFIT_RATIO_SQ":1.3943971089,"HOLDER_PROFIT_SQ":2337219.3,"HOLDER_PROFIT_QOQ_SQ":-271.397102087773,"ROE_AVG_SQ":0.059143297093,"PE_TTM_SQ":-10.135549374554,"PB_TTM_SQ":0.123139679945,"ROA_SQ":0.047401876946,"START_DATE":"2024-01-01 00:00:00","FISCAL_YEAR":"12-31","CURRENCY":"HKD","IS_CNY_CODE":0,"DPS_HKD_LY":0.06,"ORG_TYPE":"一般企业","PREMIUM_INCOME":null,"PREMIUM_INCOME_YOY":null,"NET_INTEREST_INCOME":null,"NET_INTEREST_INCOME_YOY":null,"FEE_COMMISSION_INCOME":null,"FEE_COMMISSION_INCOME_YOY":null,"ACCOUNTS_RECE_TDAYS":1.988753356533,"INVENTORY_TDAYS":0.096071060735,"CURRENT_ASSETS_TDAYS":0.104044283707,"TOTAL_ASSETS_TDAYS":0.033000451568,"PREMIUM_EXPENSE":null,"LOAN_DEPOSIT":null,"LOAN_EQUITY":null,"LOAN_ASSETS":null,"DEPOSIT_EQUITY":null,"DEPOSIT_ASSETS":null,"EQUITY_MULTIPLIER":1.15449551482,"EQUITY_RATIO":0.154495478406},{"SECUCODE":"01036.HK","SECURITY_CODE":"01036","SECURITY_NAME_ABBR":"万科海外","ORG_CODE":"10009208","STD_REPORT_DATE":"2023-12-31 00:00:00","REPORT_DATE":"2023-12-31 00:00:00","DATE_TYPE_CODE":"001","REPORT_TYPE":"2023年年报","PER_NETCASH_OPERATE":-0.009319786906,"PER_OI":0.84750736186,"BPS":9.993587026,"BASIC_EPS":0.0634354,"DILUTED_EPS":0.0634354,"OPERATE_INCOME":330127790.02,"OPERATE_INCOME_YOY":3.1319714179,"GROSS_PROFIT":158074673.26,"GROSS_PROFIT_YOY":7.871968516339,"HOLDER_PROFIT":25101387.78,"HOLDER_PROFIT_YOY":-1.6685008343,"GROSS_PROFIT_RATIO":47.88287385634,"EPS_TTM":0.064440533574,"OPERATE_INCOME_QOQ":1.463111339097,"NET_PROFIT_RATIO":7.603536733,"ROE_AVG":0.644345005471,"GROSS_PROFIT_QOQ":1.144781888822,"ROA":0.52916289521,"HOLDER_PROFIT_QOQ":158.202290963154,"ROE_YEARLY":0.644345005471,"ROIC_YEARLY":0.597373832572,"TOTAL_ASSETS":4631983129.06,"TOTAL_LIABILITIES":739202747.78,"TAX_EBT":39.232591812558,"OCF_SALES":-1.099670318509,"TOTAL_PARENT_EQUITY":3892781287.5,"DEBT_ASSET_RATIO":15.9586666701,"OPERATE_PROFIT":175923582.38,"PRETAX_PROFIT":41307320.04,"NETCASH_OPERATE":-3630317.32,"NETCASH_INVEST":352051064.26,"NETCASH_FINANCE":-326489316.72,"END_CASH":553053378.92,"DIVI_RATIO":0.843773274125,"DIVIDEND_RATE":4.545454545455,"CURRENT_RATIO":4.218708991094,"COMMON_ACS":750000000,"CURRENTDEBT_DEBT":47.36416251583,"ISSUED_COMMON_SHARES":389527932,"HK_COMMON_SHARES":389527932,"PER_SHARES":1000,"TOTAL_MARKET_CAP":514176870.24,"HKSK_MARKET_CAP":514176870.24,"PE_TTM":-123.629927924982,"PB_TTM":0.121189470947,"REPORT_DATE_SQ":"2022-12-31 00:00:00","REPORT_TYPE_SQ":"2022年年报","OPERATE_INCOME_SQ":315527975.56,"DPS_HKD":0.06,"OPERATE_INCOME_QOQ_SQ":-7.979890383169,"NET_PROFIT_RATIO_SQ":7.9747358647,"HOLDER_PROFIT_SQ":25162522.63,"HOLDER_PROFIT_QOQ_SQ":-86.8823592336,"ROE_AVG_SQ":0.654953807493,"PE_TTM_SQ":-9.234611652372,"PB_TTM_SQ":0.112193930617,"ROA_SQ":0.498172418696,"START_DATE":"2023-01-01 00:00:00","FISCAL_YEAR":"12-31","CURRENCY":"HKD","IS_CNY_CODE":0,"DPS_HKD_LY":0.09,"ORG_TYPE":"一般企业","PREMIUM_INCOME":null,"PREMIUM_INCOME_YOY":null,"NET_INTEREST_INCOME":null,"NET_INTEREST_INCOME_YOY":null,"FEE_COMMISSION_INCOME":null,"FEE_COMMISSION_INCOME_YOY":null,"ACCOUNTS_RECE_TDAYS":3.893162484504,"INVENTORY_TDAYS":0.218685443143,"CURRENT_ASSETS_TDAYS":0.217525669469,"TOTAL_ASSETS_TDAYS":0.069594310357,"PREMIUM_EXPENSE":null,"LOAN_DEPOSIT":null,"LOAN_EQUITY":null,"LOAN_ASSETS":null,"DEPOSIT_EQUITY":null,"DEPOSIT_ASSETS":null,"EQUITY_MULTIPLIER":1.189890688757,"EQUITY_RATIO":0.189890644551},{"SECUCODE":"01036.HK","SECURITY_CODE":"01036","SECURITY_NAME_ABBR":"万科海外","ORG_CODE":"10009208","STD_REPORT_DATE":"2023-06-30 00:00:00","REPORT_DATE":"2023-06-30 00:00:00","DATE_TYPE_CODE":"002","REPORT_TYPE":"2023年中报","PER_NETCASH_OPERATE":0.009484233495,"PER_OI":0.43030301103,"BPS":10.107814155058,"BASIC_EPS":0.0092198,"DILUTED_EPS":0.0092198,"OPERATE_INCOME":167615042.02,"OPERATE_INCOME_YOY":-1.4596838887,"GROSS_PROFIT":85041591.24,"GROSS_PROFIT_YOY":12.94423446711,"HOLDER_PROFIT":2337219.3,"HOLDER_PROFIT_YOY":-96.9305096444,"GROSS_PROFIT_RATIO":50.736252674657,"EPS_TTM":-0.110718208008,"OPERATE_INCOME_QOQ":3.118369622388,"NET_PROFIT_RATIO":1.3943971089,"ROE_AVG":0.059143297093,"GROSS_PROFIT_QOQ":6.65104665005,"ROA":0.047401876946,"HOLDER_PROFIT_QOQ":-271.397102087773,"ROE_YEARLY":0.118286594186,"ROIC_YEARLY":0.106017319299,"TOTAL_ASSETS":4921634345.72,"TOTAL_LIABILITIES":984359322.84,"TAX_EBT":78.484128331353,"OCF_SALES":2.204082530707,"TOTAL_PARENT_EQUITY":3937275944.86,"DEBT_ASSET_RATIO":20.0006594089,"OPERATE_PROFIT":121798167.9,"PRETAX_PROFIT":10862768.36,"NETCASH_OPERATE":3694373.86,"NETCASH_INVEST":10180503.16,"NETCASH_FINANCE":-50660957.04,"END_CASH":503578100.16,"DIVI_RATIO":-0.491095376076,"DIVIDEND_RATE":4.545454545455,"CURRENT_RATIO":4.597483431178,"COMMON_ACS":750000000,"CURRENTDEBT_DEBT":37.620473972002,"ISSUED_COMMON_SHARES":389527932,"HK_COMMON_SHARES":389527932,"PER_SHARES":1000,"TOTAL_MARKET_CAP":514176870.24,"HKSK_MARKET_CAP":514176870.24,"PE_TTM":-123.629927924982,"PB_TTM":0.121189470947,"REPORT_DATE_SQ":"2022-06-30 00:00:00","REPORT_TYPE_SQ":"2022年中报","OPERATE_INCOME_SQ":157775713.48,"DPS_HKD":0.06,"OPERATE_INCOME_QOQ_SQ":-9.067268894503,"NET_PROFIT_RATIO_SQ":44.764542636,"HOLDER_PROFIT_SQ":70627576.53,"HOLDER_PROFIT_QOQ_SQ":-44.741635140365,"ROE_AVG_SQ":1.908030909422,"PE_TTM_SQ":-9.234611652372,"PB_TTM_SQ":0.112193930617,"ROA_SQ":1.457348637315,"START_DATE":"2023-01-01 00:00:00","FISCAL_YEAR":"12-31","CURRENCY":"HKD","IS_CNY_CODE":0,"DPS_HKD_LY":0.09,"ORG_TYPE":"一般企业","PREMIUM_INCOME":null,"PREMIUM_INCOME_YOY":null,"NET_INTEREST_INCOME":null,"NET_INTEREST_INCOME_YOY":null,"FEE_COMMISSION_INCOME":null,"FEE_COMMISSION_INCOME_YOY":null,"ACCOUNTS_RECE_TDAYS":1.003845888378,"INVENTORY_TDAYS":0.10975949018,"CURRENT_ASSETS_TDAYS":0.101958734527,"TOTAL_ASSETS_TDAYS":0.033994531862,"PREMIUM_EXPENSE":null,"LOAN_DEPOSIT":null,"LOAN_EQUITY":null,"LOAN_ASSETS":null,"DEPOSIT_EQUITY":null,"DEPOSIT_ASSETS":null,"EQUITY_MULTIPLIER":1.250010303349,"EQUITY_RATIO":0.250010244805},{"SECUCODE":"01036.HK","SECURITY_CODE":"01036","SECURITY_NAME_ABBR":"万科海外","ORG_CODE":"10009208","STD_REPORT_DATE":"2022-12-31 00:00:00","REPORT_DATE":"2022-12-31 00:00:00","DATE_TYPE_CODE":"001","REPORT_TYPE":"2022年年报","PER_NETCASH_OPERATE":0.372009383758,"PER_OI":0.810026572266,"BPS":9.865265897312,"BASIC_EPS":0.0625289,"DILUTED_EPS":0.0625289,"OPERATE_INCOME":315527975.56,"OPERATE_INCOME_YOY":-23.4119317874,"GROSS_PROFIT":146539156.96,"GROSS_PROFIT_YOY":-35.706774692028,"HOLDER_PROFIT":25162522.63,"HOLDER_PROFIT_YOY":-93.3654434971,"GROSS_PROFIT_RATIO":46.442524375191,"EPS_TTM":0.064597479572,"OPERATE_INCOME_QOQ":-7.979890383169,"NET_PROFIT_RATIO":7.9747358647,"ROE_AVG":0.654953807493,"GROSS_PROFIT_QOQ":-18.868303284035,"ROA":0.498172418696,"HOLDER_PROFIT_QOQ":-86.8823592336,"ROE_YEARLY":0.654953807493,"ROIC_YEARLY":0.568407909,"TOTAL_ASSETS":4785841414.55,"TOTAL_LIABILITIES":943045684.21,"TAX_EBT":54.439736041923,"OCF_SALES":45.925577813763,"TOTAL_PARENT_EQUITY":3842796623.61,"DEBT_ASSET_RATIO":19.7049087616,"OPERATE_PROFIT":108963754.41,"PRETAX_PROFIT":55229097.56,"NETCASH_OPERATE":144908045.94,"NETCASH_INVEST":-453166590.24,"NETCASH_FINANCE":109488997.17,"END_CASH":522664782.78,"DIVI_RATIO":0.841723243081,"DIVIDEND_RATE":4.545454545455,"CURRENT_RATIO":4.80050754619,"COMMON_ACS":750000000,"CURRENTDEBT_DEBT":33.928786244119,"ISSUED_COMMON_SHARES":389527932,"HK_COMMON_SHARES":389527932,"PER_SHARES":1000,"TOTAL_MARKET_CAP":514176870.24,"HKSK_MARKET_CAP":514176870.24,"PE_TTM":-123.629927924982,"PB_TTM":0.121189470947,"REPORT_DATE_SQ":"2021-12-31 00:00:00","REPORT_TYPE_SQ":"2021年年报","OPERATE_INCOME_SQ":377081208,"DPS_HKD":0.06,"OPERATE_INCOME_QOQ_SQ":-0.332470254903,"NET_PROFIT_RATIO_SQ":92.0831300615,"HOLDER_PROFIT_SQ":347136608,"HOLDER_PROFIT_QOQ_SQ":4.505313874928,"ROE_AVG_SQ":10.34120395454,"PE_TTM_SQ":-9.234611652372,"PB_TTM_SQ":0.112193930617,"ROA_SQ":7.414452769361,"START_DATE":"2022-01-01 00:00:00","FISCAL_YEAR":"12-31","CURRENCY":"HKD","IS_CNY_CODE":0,"DPS_HKD_LY":0.09,"ORG_TYPE":"一般企业","PREMIUM_INCOME":null,"PREMIUM_INCOME_YOY":null,"NET_INTEREST_INCOME":null,"NET_INTEREST_INCOME_YOY":null,"FEE_COMMISSION_INCOME":null,"FEE_COMMISSION_INCOME_YOY":null,"ACCOUNTS_RECE_TDAYS":2.386200047963,"INVENTORY_TDAYS":0.237454499812,"CURRENT_ASSETS_TDAYS":0.22348917916,"TOTAL_ASSETS_TDAYS":0.062468829959,"PREMIUM_EXPENSE":null,"LOAN_DEPOSIT":null,"LOAN_EQUITY":null,"LOAN_ASSETS":null,"DEPOSIT_EQUITY":null,"DEPOSIT_ASSETS":null,"EQUITY_MULTIPLIER":1.245406144481,"EQUITY_RATIO":0.245406087435},{"SECUCODE":"01036.HK","SECURITY_CODE":"01036","SECURITY_NAME_ABBR":"万科海外","ORG_CODE":"10009208","STD_REPORT_DATE":"2022-06-30 00:00:00","REPORT_DATE":"2022-06-30 00:00:00","DATE_TYPE_CODE":"002","REPORT_TYPE":"2022年中报","PER_NETCASH_OPERATE":0.296208230864,"PER_OI":0.405043388467,"BPS":9.565350822313,"BASIC_EPS":0.1795899,"DILUTED_EPS":0.1795899,"OPERATE_INCOME":157775713.48,"OPERATE_INCOME_YOY":-20.0319019362,"GROSS_PROFIT":75295203.55,"GROSS_PROFIT_YOY":-38.584411851441,"HOLDER_PROFIT":70627576.53,"HOLDER_PROFIT_YOY":-69.5855843912,"GROSS_PROFIT_RATIO":47.722936495891,"EPS_TTM":0.492447389909,"OPERATE_INCOME_QOQ":-9.067268894503,"NET_PROFIT_RATIO":44.764542636,"ROE_AVG":1.908030909422,"GROSS_PROFIT_QOQ":-20.754491881198,"ROA":1.457348637315,"HOLDER_PROFIT_QOQ":-44.741635140365,"ROE_YEARLY":3.816061818843,"ROIC_YEARLY":3.454534350839,"TOTAL_ASSETS":4603144838.81,"TOTAL_LIABILITIES":877111085.27,"TAX_EBT":26.072167070977,"OCF_SALES":73.130000216812,"TOTAL_PARENT_EQUITY":3725971324.67,"DEBT_ASSET_RATIO":19.0546054053,"OPERATE_PROFIT":89077445.59,"PRETAX_PROFIT":95535840.47,"NETCASH_OPERATE":115381379.61,"NETCASH_INVEST":-141057604.17,"NETCASH_FINANCE":154547371.23,"END_CASH":819940778.58,"DIVI_RATIO":0.110414231275,"DIVIDEND_RATE":4.545454545455,"CURRENT_RATIO":6.716674910065,"COMMON_ACS":750000000,"CURRENTDEBT_DEBT":31.737765848018,"ISSUED_COMMON_SHARES":389527932,"HK_COMMON_SHARES":389527932,"PER_SHARES":1000,"TOTAL_MARKET_CAP":514176870.24,"HKSK_MARKET_CAP":514176870.24,"PE_TTM":-123.629927924982,"PB_TTM":0.121189470947,"REPORT_DATE_SQ":"2021-06-30 00:00:00","REPORT_TYPE_SQ":"2021年中报","OPERATE_INCOME_SQ":191966680.56,"DPS_HKD":0.06,"OPERATE_INCOME_QOQ_SQ":-5.268013384629,"NET_PROFIT_RATIO_SQ":117.7103425557,"HOLDER_PROFIT_SQ":225942171.12,"HOLDER_PROFIT_QOQ_SQ":112.479092953463,"ROE_AVG_SQ":6.738945435783,"PE_TTM_SQ":-9.234611652372,"PB_TTM_SQ":0.112193930617,"ROA_SQ":4.817830117901,"START_DATE":"2022-01-01 00:00:00","FISCAL_YEAR":"12-31","CURRENCY":"HKD","IS_CNY_CODE":0,"DPS_HKD_LY":0.09,"ORG_TYPE":"一般企业","PREMIUM_INCOME":null,"PREMIUM_INCOME_YOY":null,"NET_INTEREST_INCOME":null,"NET_INTEREST_INCOME_YOY":null,"FEE_COMMISSION_INCOME":null,"FEE_COMMISSION_INCOME_YOY":null,"ACCOUNTS_RECE_TDAYS":1.043822649953,"INVENTORY_TDAYS":0.125729862064,"CURRENT_ASSETS_TDAYS":0.101707828424,"TOTAL_ASSETS_TDAYS":0.032555870149,"PREMIUM_EXPENSE":null,"LOAN_DEPOSIT":null,"LOAN_EQUITY":null,"LOAN_ASSETS":null,"DEPOSIT_EQUITY":null,"DEPOSIT_ASSETS":null,"EQUITY_MULTIPLIER":1.235400735282,"EQUITY_RATIO":0.235404679436},{"SECUCODE":"01036.HK","SECURITY_CODE":"01036","SECURITY_NAME_ABBR":"万科海外","ORG_CODE":"10009208","STD_REPORT_DATE":"2021-12-31 00:00:00","REPORT_DATE":"2021-12-31 00:00:00","DATE_TYPE_CODE":"001","REPORT_TYPE":"2021年年报","PER_NETCASH_OPERATE":0.196940364215,"PER_OI":0.968046645754,"BPS":9.025247452601,"BASIC_EPS":0.891184,"DILUTED_EPS":0.891184,"OPERATE_INCOME":377081208,"OPERATE_INCOME_YOY":-2.8068127218,"GROSS_PROFIT":227923169.6,"GROSS_PROFIT_YOY":-11.292093011682,"HOLDER_PROFIT":347136608,"HOLDER_PROFIT_YOY":128.5809654044,"GROSS_PROFIT_RATIO":60.444054162466,"EPS_TTM":0.891172569365,"OPERATE_INCOME_QOQ":-0.332470254903,"NET_PROFIT_RATIO":92.0831300615,"ROE_AVG":10.34120395454,"GROSS_PROFIT_QOQ":-7.330565112241,"ROA":7.414452769361,"HOLDER_PROFIT_QOQ":4.505313874928,"ROE_YEARLY":10.34120395454,"ROIC_YEARLY":8.466718853306,"TOTAL_ASSETS":4865759169.6,"TOTAL_LIABILITIES":1349893574.4,"TAX_EBT":10.450706898188,"OCF_SALES":20.344098611247,"TOTAL_PARENT_EQUITY":3515585976,"DEBT_ASSET_RATIO":27.7427124391,"OPERATE_PROFIT":331458310.4,"PRETAX_PROFIT":387750888,"NETCASH_OPERATE":76713772.8,"NETCASH_INVEST":157970948.8,"NETCASH_FINANCE":-69800964.8,"END_CASH":663839691.2,"DIVI_RATIO":0.061013098775,"DIVIDEND_RATE":4.545454545455,"CURRENT_RATIO":1.312681271269,"COMMON_ACS":750000000,"CURRENTDEBT_DEBT":66.512279503151,"ISSUED_COMMON_SHARES":389527932,"HK_COMMON_SHARES":389527932,"PER_SHARES":1000,"TOTAL_MARKET_CAP":514176870.24,"HKSK_MARKET_CAP":514176870.24,"PE_TTM":-123.629927924982,"PB_TTM":0.121189470947,"REPORT_DATE_SQ":"2020-12-31 00:00:00","REPORT_TYPE_SQ":"2020年年报","OPERATE_INCOME_SQ":399378379.36,"DPS_HKD":0.06,"OPERATE_INCOME_QOQ_SQ":1.547609086633,"NET_PROFIT_RATIO_SQ":39.1394323575,"HOLDER_PROFIT_SQ":156331263.44,"HOLDER_PROFIT_QOQ_SQ":54.535604194606,"ROE_AVG_SQ":4.83977901992,"PE_TTM_SQ":-9.234611652372,"PB_TTM_SQ":0.112193930617,"ROA_SQ":3.431962261829,"START_DATE":"2021-01-01 00:00:00","FISCAL_YEAR":"12-31","CURRENCY":"HKD","IS_CNY_CODE":0,"DPS_HKD_LY":0.09,"ORG_TYPE":"一般企业","PREMIUM_INCOME":null,"PREMIUM_INCOME_YOY":null,"NET_INTEREST_INCOME":null,"NET_INTEREST_INCOME_YOY":null,"FEE_COMMISSION_INCOME":null,"FEE_COMMISSION_INCOME_YOY":null,"ACCOUNTS_RECE_TDAYS":3.189467678636,"INVENTORY_TDAYS":null,"CURRENT_ASSETS_TDAYS":0.427331302327,"TOTAL_ASSETS_TDAYS":0.080540361993,"PREMIUM_EXPENSE":null,"LOAN_DEPOSIT":null,"LOAN_EQUITY":null,"LOAN_ASSETS":null,"DEPOSIT_EQUITY":null,"DEPOSIT_ASSETS":null,"EQUITY_MULTIPLIER":1.383943452288,"EQUITY_RATIO":0.383973990002},{"SECUCODE":"01036.HK","SECURITY_CODE":"01036","SECURITY_NAME_ABBR":"万科海外","ORG_CODE":"10009208","STD_REPORT_DATE":"2021-06-30 00:00:00","REPORT_DATE":"2021-06-30 00:00:00","DATE_TYPE_CODE":"002","REPORT_TYPE":"2021年中报","PER_NETCASH_OPERATE":0.270253875607,"PER_OI":0.492818780862,"BPS":8.859062001233,"BASIC_EPS":0.582456,"DILUTED_EPS":0.582456,"OPERATE_INCOME":191966680.56,"OPERATE_INCOME_YOY":-1.0652212135,"GROSS_PROFIT":122599499.28,"GROSS_PROFIT_YOY":-8.222430362423,"HOLDER_PROFIT":225942171.12,"HOLDER_PROFIT_YOY":395.0574293528,"GROSS_PROFIT_RATIO":63.864988925347,"EPS_TTM":0.852753354181,"OPERATE_INCOME_QOQ":-5.268013384629,"NET_PROFIT_RATIO":117.7103425557,"ROE_AVG":6.738945435783,"GROSS_PROFIT_QOQ":-4.274902403623,"ROA":4.817830117901,"HOLDER_PROFIT_QOQ":112.479092953463,"ROE_YEARLY":13.477890871567,"ROIC_YEARLY":10.860294775659,"TOTAL_ASSETS":4801731484.56,"TOTAL_LIABILITIES":1350656386.32,"TAX_EBT":3.879288985792,"OCF_SALES":54.83838808532,"TOTAL_PARENT_EQUITY":3450852100.8,"DEBT_ASSET_RATIO":28.128528025,"OPERATE_PROFIT":150129698.16,"PRETAX_PROFIT":235084234.08,"NETCASH_OPERATE":105271433.28,"NETCASH_INVEST":-9968318.4,"NETCASH_FINANCE":-55353289.92,"END_CASH":548938985.52,"DIVI_RATIO":0.063761930379,"DIVIDEND_RATE":4.545454545455,"CURRENT_RATIO":1.3000964181,"COMMON_ACS":750000000,"CURRENTDEBT_DEBT":65.747161983922,"ISSUED_COMMON_SHARES":389527932,"HK_COMMON_SHARES":389527932,"PER_SHARES":1000,"TOTAL_MARKET_CAP":514176870.24,"HKSK_MARKET_CAP":514176870.24,"PE_TTM":-123.629927924982,"PB_TTM":0.121189470947,"REPORT_DATE_SQ":"2020-06-30 00:00:00","REPORT_TYPE_SQ":"2020年中报","OPERATE_INCOME_SQ":213005987.04,"DPS_HKD":0.06,"OPERATE_INCOME_QOQ_SQ":74.588331791939,"NET_PROFIT_RATIO_SQ":23.5172026365,"HOLDER_PROFIT_SQ":50102184,"HOLDER_PROFIT_QOQ_SQ":-15.320055408326,"ROE_AVG_SQ":1.452953575153,"PE_TTM_SQ":-9.234611652372,"PB_TTM_SQ":0.112193930617,"ROA_SQ":1.032258501618,"START_DATE":"2021-01-01 00:00:00","FISCAL_YEAR":"12-31","CURRENCY":"HKD","IS_CNY_CODE":0,"DPS_HKD_LY":0.09,"ORG_TYPE":"一般企业","PREMIUM_INCOME":null,"PREMIUM_INCOME_YOY":null,"NET_INTEREST_INCOME":null,"NET_INTEREST_INCOME_YOY":null,"FEE_COMMISSION_INCOME":null,"FEE_COMMISSION_INCOME_YOY":null,"ACCOUNTS_RECE_TDAYS":2.516039675226,"INVENTORY_TDAYS":null,"CURRENT_ASSETS_TDAYS":0.219249357454,"TOTAL_ASSETS_TDAYS":0.040933609279,"PREMIUM_EXPENSE":null,"LOAN_DEPOSIT":null,"LOAN_EQUITY":null,"LOAN_ASSETS":null,"DEPOSIT_EQUITY":null,"DEPOSIT_ASSETS":null,"EQUITY_MULTIPLIER":1.391372644139,"EQUITY_RATIO":0.391397935022},{"SECUCODE":"01036.HK","SECURITY_CODE":"01036","SECURITY_NAME_ABBR":"万科海外","ORG_CODE":"10009208","STD_REPORT_DATE":"2020-12-31 00:00:00","REPORT_DATE":"2020-12-31 00:00:00","DATE_TYPE_CODE":"001","REPORT_TYPE":"2020年年报","PER_NETCASH_OPERATE":0.478207378874,"PER_OI":1.025288166909,"BPS":8.451529587152,"BASIC_EPS":0.4039872,"DILUTED_EPS":0.4039872,"OPERATE_INCOME":399378379.36,"OPERATE_INCOME_YOY":88.6947911737,"GROSS_PROFIT":256936700.84,"GROSS_PROFIT_YOY":66.448166129902,"HOLDER_PROFIT":156331263.44,"HOLDER_PROFIT_YOY":39.2785105314,"GROSS_PROFIT_RATIO":64.334153804655,"EPS_TTM":0.401335181889,"OPERATE_INCOME_QOQ":1.547609086633,"NET_PROFIT_RATIO":39.1394323575,"ROE_AVG":4.83977901992,"GROSS_PROFIT_QOQ":1.872442291366,"ROA":3.431962261829,"HOLDER_PROFIT_QOQ":54.535604194606,"ROE_YEARLY":4.83977901992,"ROIC_YEARLY":3.805406087572,"TOTAL_ASSETS":4630279093.44,"TOTAL_LIABILITIES":1337961841.12,"TAX_EBT":8.65919452327,"OCF_SALES":46.641265773702,"TOTAL_PARENT_EQUITY":3292106842.32,"DEBT_ASSET_RATIO":28.8959221274,"OPERATE_PROFIT":189795711.48,"PRETAX_PROFIT":171133186.12,"NETCASH_OPERATE":186275131.36,"NETCASH_INVEST":24382310.8,"NETCASH_FINANCE":-77645498.2,"END_CASH":514116635.64,"DIVI_RATIO":0.13548077132,"DIVIDEND_RATE":4.545454545455,"CURRENT_RATIO":2.716104519902,"COMMON_ACS":750000000,"CURRENTDEBT_DEBT":16.606068535857,"ISSUED_COMMON_SHARES":389527932,"HK_COMMON_SHARES":389527932,"PER_SHARES":1000,"TOTAL_MARKET_CAP":514176870.24,"HKSK_MARKET_CAP":514176870.24,"PE_TTM":-123.629927924982,"PB_TTM":0.121189470947,"REPORT_DATE_SQ":"2019-12-31 00:00:00","REPORT_TYPE_SQ":"2019年年报","OPERATE_INCOME_SQ":225268067.06,"DPS_HKD":0.06,"OPERATE_INCOME_QOQ_SQ":145.576258632437,"NET_PROFIT_RATIO_SQ":53.0263204985,"HOLDER_PROFIT_SQ":119463908.14,"HOLDER_PROFIT_QOQ_SQ":-76.906896034575,"ROE_AVG_SQ":3.589352437359,"PE_TTM_SQ":-9.234611652372,"PB_TTM_SQ":0.112193930617,"ROA_SQ":2.940907631975,"START_DATE":"2020-01-01 00:00:00","FISCAL_YEAR":"12-31","CURRENCY":"HKD","IS_CNY_CODE":0,"DPS_HKD_LY":0.09,"ORG_TYPE":"一般企业","PREMIUM_INCOME":null,"PREMIUM_INCOME_YOY":null,"NET_INTEREST_INCOME":null,"NET_INTEREST_INCOME_YOY":null,"FEE_COMMISSION_INCOME":null,"FEE_COMMISSION_INCOME_YOY":null,"ACCOUNTS_RECE_TDAYS":5.090121159137,"INVENTORY_TDAYS":null,"CURRENT_ASSETS_TDAYS":0.533843336999,"TOTAL_ASSETS_TDAYS":0.087676098561,"PREMIUM_EXPENSE":null,"LOAN_DEPOSIT":null,"LOAN_EQUITY":null,"LOAN_ASSETS":null,"DEPOSIT_EQUITY":null,"DEPOSIT_ASSETS":null,"EQUITY_MULTIPLIER":1.406389098796,"EQUITY_RATIO":0.406415072537},{"SECUCODE":"01036.HK","SECURITY_CODE":"01036","SECURITY_NAME_ABBR":"万科海外","ORG_CODE":"10009208","STD_REPORT_DATE":"2020-06-30 00:00:00","REPORT_DATE":"2020-06-30 00:00:00","DATE_TYPE_CODE":"002","REPORT_TYPE":"2020年中报","PER_NETCASH_OPERATE":0.271123319393,"PER_OI":0.546831098726,"BPS":8.877838332374,"BASIC_EPS":0.1278816,"DILUTED_EPS":0.1278816,"OPERATE_INCOME":213005987.04,"OPERATE_INCOME_YOY":356.021198373,"GROSS_PROFIT":133583292.48,"GROSS_PROFIT_YOY":273.83158967611,"HOLDER_PROFIT":50102184,"HOLDER_PROFIT_YOY":-29.4642627504,"GROSS_PROFIT_RATIO":62.713398029941,"EPS_TTM":0.259704023536,"OPERATE_INCOME_QOQ":74.588331791939,"NET_PROFIT_RATIO":23.5172026365,"ROE_AVG":1.452953575153,"GROSS_PROFIT_QOQ":63.388805044884,"ROA":1.032258501618,"HOLDER_PROFIT_QOQ":-15.320055408326,"ROE_YEARLY":2.905907150306,"ROIC_YEARLY":2.273811464549,"TOTAL_ASSETS":4845069361.44,"TOTAL_LIABILITIES":1386668601.12,"TAX_EBT":29.037267080745,"OCF_SALES":49.580815726164,"TOTAL_PARENT_EQUITY":3458166006.24,"DEBT_ASSET_RATIO":28.6202012329,"OPERATE_PROFIT":100325855.52,"PRETAX_PROFIT":70590643.2,"NETCASH_OPERATE":105610105.92,"NETCASH_INVEST":23615164.32,"NETCASH_FINANCE":-56878995.36,"END_CASH":481171875.36,"DIVI_RATIO":0.209366028526,"DIVIDEND_RATE":4.545454545455,"CURRENT_RATIO":3.788219948084,"COMMON_ACS":750000000,"CURRENTDEBT_DEBT":20.250541311255,"ISSUED_COMMON_SHARES":389527932,"HK_COMMON_SHARES":389527932,"PER_SHARES":1000,"TOTAL_MARKET_CAP":514176870.24,"HKSK_MARKET_CAP":514176870.24,"PE_TTM":-123.629927924982,"PB_TTM":0.121189470947,"REPORT_DATE_SQ":"2019-06-30 00:00:00","REPORT_TYPE_SQ":"2019年中报","OPERATE_INCOME_SQ":44982293.76,"DPS_HKD":0.06,"OPERATE_INCOME_QOQ_SQ":2.8602459871,"NET_PROFIT_RATIO_SQ":152.0689924906,"HOLDER_PROFIT_SQ":68404120.92,"HOLDER_PROFIT_QOQ_SQ":-12.770533403094,"ROE_AVG_SQ":2.108446066952,"PE_TTM_SQ":-9.234611652372,"PB_TTM_SQ":0.112193930617,"ROA_SQ":1.746034027029,"START_DATE":"2020-01-01 00:00:00","FISCAL_YEAR":"12-31","CURRENCY":"HKD","IS_CNY_CODE":0,"DPS_HKD_LY":0.09,"ORG_TYPE":"一般企业","PREMIUM_INCOME":null,"PREMIUM_INCOME_YOY":null,"NET_INTEREST_INCOME":null,"NET_INTEREST_INCOME_YOY":null,"FEE_COMMISSION_INCOME":null,"FEE_COMMISSION_INCOME_YOY":null,"ACCOUNTS_RECE_TDAYS":2.764351294802,"INVENTORY_TDAYS":null,"CURRENT_ASSETS_TDAYS":0.209580405094,"TOTAL_ASSETS_TDAYS":0.043885759754,"PREMIUM_EXPENSE":null,"LOAN_DEPOSIT":null,"LOAN_EQUITY":null,"LOAN_ASSETS":null,"DEPOSIT_EQUITY":null,"DEPOSIT_ASSETS":null,"EQUITY_MULTIPLIER":1.400956597346,"EQUITY_RATIO":0.400983815878}],"count":47},"success":true,"message":"ok","code":0}