{"version":"406d50a49084ec3cc02b379277ddf7a8","result":{"pages":5,"data":[{"SECUCODE":"01046.HK","SECURITY_CODE":"01046","SECURITY_NAME_ABBR":"寰宇娱乐文化","ORG_CODE":"10009215","STD_REPORT_DATE":"2023-12-31 00:00:00","REPORT_DATE":"2024-06-30 00:00:00","DATE_TYPE_CODE":"001","REPORT_TYPE":"2023年年报","PER_NETCASH_OPERATE":0.088316212868,"PER_OI":0.367693460276,"BPS":0.308870680796,"BASIC_EPS":-0.030666048,"DILUTED_EPS":-0.030666048,"OPERATE_INCOME":333362758.76,"OPERATE_INCOME_YOY":84.0651283266,"GROSS_PROFIT":57466896.2,"GROSS_PROFIT_YOY":111.948697232981,"HOLDER_PROFIT":-27782891.88,"HOLDER_PROFIT_YOY":67.1819916556,"GROSS_PROFIT_RATIO":17.238547105189,"EPS_TTM":-0.066514748798,"OPERATE_INCOME_QOQ":129.092588543405,"NET_PROFIT_RATIO":-8.5408356308,"ROE_AVG":-9.431261560197,"GROSS_PROFIT_QOQ":103.384424132339,"ROA":-3.604667203875,"HOLDER_PROFIT_QOQ":29.485093102242,"ROE_YEARLY":-9.431261560197,"ROIC_YEARLY":-4.100377831208,"TOTAL_ASSETS":673021184.16,"TOTAL_LIABILITIES":397037704.32,"TAX_EBT":-19.943096620401,"OCF_SALES":24.018978417936,"TOTAL_PARENT_EQUITY":280032128.32,"DEBT_ASSET_RATIO":58.9933442906,"OPERATE_PROFIT":-25537699.08,"PRETAX_PROFIT":-23737894.12,"NETCASH_OPERATE":80070329.08,"NETCASH_INVEST":-24990091.08,"NETCASH_FINANCE":-8104598.4,"END_CASH":120769468.32,"DIVI_RATIO":null,"DIVIDEND_RATE":null,"CURRENT_RATIO":0.459134777935,"COMMON_ACS":10000000000,"CURRENTDEBT_DEBT":98.583296553753,"ISSUED_COMMON_SHARES":906632276,"HK_COMMON_SHARES":906632276,"PER_SHARES":5000,"TOTAL_MARKET_CAP":281056005.56,"HKSK_MARKET_CAP":281056005.56,"PE_TTM":-9.232811194113,"PB_TTM":0.916017018095,"REPORT_DATE_SQ":"2022-12-31 00:00:00","REPORT_TYPE_SQ":"2022年年报","OPERATE_INCOME_SQ":182956789.22,"DPS_HKD":null,"OPERATE_INCOME_QOQ_SQ":-4.817873471387,"NET_PROFIT_RATIO_SQ":-47.0698804167,"HOLDER_PROFIT_SQ":-85520098.86,"HOLDER_PROFIT_QOQ_SQ":-4.027585732327,"ROE_AVG_SQ":-24.081937313801,"PE_TTM_SQ":-3.27438158263,"PB_TTM_SQ":0.896701639928,"ROA_SQ":-9.163212404522,"START_DATE":"2023-07-01 00:00:00","FISCAL_YEAR":"6-30","CURRENCY":"HKD","IS_CNY_CODE":0,"DPS_HKD_LY":null,"ORG_TYPE":"一般企业","PREMIUM_INCOME":null,"PREMIUM_INCOME_YOY":null,"NET_INTEREST_INCOME":null,"NET_INTEREST_INCOME_YOY":null,"FEE_COMMISSION_INCOME":null,"FEE_COMMISSION_INCOME_YOY":null,"ACCOUNTS_RECE_TDAYS":9.72190947685,"INVENTORY_TDAYS":80.247411733475,"CURRENT_ASSETS_TDAYS":1.931534304238,"TOTAL_ASSETS_TDAYS":0.432518619259,"PREMIUM_EXPENSE":null,"LOAN_DEPOSIT":null,"LOAN_EQUITY":null,"LOAN_ASSETS":null,"DEPOSIT_EQUITY":null,"DEPOSIT_ASSETS":null,"EQUITY_MULTIPLIER":2.438628517006,"EQUITY_RATIO":1.417829113759},{"SECUCODE":"01046.HK","SECURITY_CODE":"01046","SECURITY_NAME_ABBR":"寰宇娱乐文化","ORG_CODE":"10009215","STD_REPORT_DATE":"2023-06-30 00:00:00","REPORT_DATE":"2023-12-31 00:00:00","DATE_TYPE_CODE":"002","REPORT_TYPE":"2023年中报","PER_NETCASH_OPERATE":0.115799318223,"PER_OI":0.296295203371,"BPS":0.337604410148,"BASIC_EPS":0.000543732,"DILUTED_EPS":0.000543732,"OPERATE_INCOME":268630794.6,"OPERATE_INCOME_YOY":716.0720185002,"GROSS_PROFIT":37534726.18,"GROSS_PROFIT_YOY":294.956889948939,"HOLDER_PROFIT":469421.96,"HOLDER_PROFIT_YOY":101.869833592,"GROSS_PROFIT_RATIO":13.972607360928,"EPS_TTM":-0.094327216363,"OPERATE_INCOME_QOQ":76.096418096054,"NET_PROFIT_RATIO":0.0175420841,"ROE_AVG":0.153148412046,"GROSS_PROFIT_QOQ":28.754916138558,"ROA":0.059421762016,"HOLDER_PROFIT_QOQ":-25.574228680695,"ROE_YEARLY":0.306296824092,"ROIC_YEARLY":0.138494897345,"TOTAL_ASSETS":717639242.88,"TOTAL_LIABILITIES":415314282.46,"TAX_EBT":99.040236249539,"OCF_SALES":39.082414060655,"TOTAL_PARENT_EQUITY":306083054.76,"DEBT_ASSET_RATIO":57.8722926011,"OPERATE_PROFIT":4574598.56,"PRETAX_PROFIT":4909899.96,"NETCASH_OPERATE":104987399.44,"NETCASH_INVEST":-15328711.3,"NETCASH_FINANCE":-4130550.76,"END_CASH":158799649.26,"DIVI_RATIO":null,"DIVIDEND_RATE":null,"CURRENT_RATIO":0.512896220414,"COMMON_ACS":10000000000,"CURRENTDEBT_DEBT":99.471298928851,"ISSUED_COMMON_SHARES":906632276,"HK_COMMON_SHARES":906632276,"PER_SHARES":5000,"TOTAL_MARKET_CAP":290122328.32,"HKSK_MARKET_CAP":290122328.32,"PE_TTM":-9.530643813278,"PB_TTM":0.945565954163,"REPORT_DATE_SQ":"2022-06-30 00:00:00","REPORT_TYPE_SQ":"2022年中报","OPERATE_INCOME_SQ":32447139.48,"DPS_HKD":null,"OPERATE_INCOME_QOQ_SQ":-67.845816097823,"NET_PROFIT_RATIO_SQ":-76.9876665565,"HOLDER_PROFIT_SQ":-24746258.81,"HOLDER_PROFIT_QOQ_SQ":-199.924479557727,"ROE_AVG_SQ":-6.632518084822,"PE_TTM_SQ":-3.37212431644,"PB_TTM_SQ":0.92346885306,"ROA_SQ":-2.527445357896,"START_DATE":"2023-07-01 00:00:00","FISCAL_YEAR":"6-30","CURRENCY":"HKD","IS_CNY_CODE":0,"DPS_HKD_LY":null,"ORG_TYPE":"一般企业","PREMIUM_INCOME":null,"PREMIUM_INCOME_YOY":null,"NET_INTEREST_INCOME":null,"NET_INTEREST_INCOME_YOY":null,"FEE_COMMISSION_INCOME":null,"FEE_COMMISSION_INCOME_YOY":null,"ACCOUNTS_RECE_TDAYS":7.408249715721,"INVENTORY_TDAYS":56.537190998781,"CURRENT_ASSETS_TDAYS":1.428189432757,"TOTAL_ASSETS_TDAYS":0.340046195258,"PREMIUM_EXPENSE":null,"LOAN_DEPOSIT":null,"LOAN_EQUITY":null,"LOAN_ASSETS":null,"DEPOSIT_EQUITY":null,"DEPOSIT_ASSETS":null,"EQUITY_MULTIPLIER":2.373734679011,"EQUITY_RATIO":1.35686793503},{"SECUCODE":"01046.HK","SECURITY_CODE":"01046","SECURITY_NAME_ABBR":"寰宇娱乐文化","ORG_CODE":"10009215","STD_REPORT_DATE":"2022-12-31 00:00:00","REPORT_DATE":"2023-06-30 00:00:00","DATE_TYPE_CODE":"001","REPORT_TYPE":"2022年年报","PER_NETCASH_OPERATE":0.019376551426,"PER_OI":0.201798230731,"BPS":0.344443777336,"BASIC_EPS":-0.094318554,"DILUTED_EPS":-0.094318554,"OPERATE_INCOME":182956789.22,"OPERATE_INCOME_YOY":55.47015779,"GROSS_PROFIT":27113587.84,"GROSS_PROFIT_YOY":40.622519039193,"HOLDER_PROFIT":-85520098.86,"HOLDER_PROFIT_YOY":-21.1686174104,"GROSS_PROFIT_RATIO":14.819667504876,"EPS_TTM":-0.075116699783,"OPERATE_INCOME_QOQ":-4.817873471387,"NET_PROFIT_RATIO":-47.0698804167,"ROE_AVG":-24.081937313801,"GROSS_PROFIT_QOQ":9.217203704956,"ROA":-9.163212404522,"HOLDER_PROFIT_QOQ":-4.027585732327,"ROE_YEARLY":-24.081937313801,"ROIC_YEARLY":-10.657504011343,"TOTAL_ASSETS":877323898.7,"TOTAL_LIABILITIES":569239671.8,"TAX_EBT":2.555943873559,"OCF_SALES":9.601943166414,"TOTAL_PARENT_EQUITY":312283845.8,"DEBT_ASSET_RATIO":64.8836390578,"OPERATE_PROFIT":-90082055.9,"PRETAX_PROFIT":-88376392.9,"NETCASH_OPERATE":17567406.92,"NETCASH_INVEST":-130153150.66,"NETCASH_FINANCE":-8186260.42,"END_CASH":74545770.92,"DIVI_RATIO":null,"DIVIDEND_RATE":null,"CURRENT_RATIO":0.295447989949,"COMMON_ACS":10000000000,"CURRENTDEBT_DEBT":99.389546654573,"ISSUED_COMMON_SHARES":906632276,"HK_COMMON_SHARES":906632276,"PER_SHARES":5000,"TOTAL_MARKET_CAP":290122328.32,"HKSK_MARKET_CAP":290122328.32,"PE_TTM":-9.530643813278,"PB_TTM":0.945565954163,"REPORT_DATE_SQ":"2021-12-31 00:00:00","REPORT_TYPE_SQ":"2021年年报","OPERATE_INCOME_SQ":109154741.22,"DPS_HKD":null,"OPERATE_INCOME_QOQ_SQ":-32.296534019027,"NET_PROFIT_RATIO_SQ":-61.831899591,"HOLDER_PROFIT_SQ":-65466504.88,"HOLDER_PROFIT_QOQ_SQ":-48.985972490497,"ROE_AVG_SQ":-16.28861263159,"PE_TTM_SQ":-3.37212431644,"PB_TTM_SQ":0.92346885306,"ROA_SQ":-7.205711330085,"START_DATE":"2022-07-01 00:00:00","FISCAL_YEAR":"6-30","CURRENCY":"HKD","IS_CNY_CODE":0,"DPS_HKD_LY":null,"ORG_TYPE":"一般企业","PREMIUM_INCOME":null,"PREMIUM_INCOME_YOY":null,"NET_INTEREST_INCOME":null,"NET_INTEREST_INCOME_YOY":null,"FEE_COMMISSION_INCOME":null,"FEE_COMMISSION_INCOME_YOY":null,"ACCOUNTS_RECE_TDAYS":5.619988954814,"INVENTORY_TDAYS":29.181009926629,"CURRENT_ASSETS_TDAYS":0.877243239061,"TOTAL_ASSETS_TDAYS":0.196032504969,"PREMIUM_EXPENSE":null,"LOAN_DEPOSIT":null,"LOAN_EQUITY":null,"LOAN_ASSETS":null,"DEPOSIT_EQUITY":null,"DEPOSIT_ASSETS":null,"EQUITY_MULTIPLIER":2.847675479945,"EQUITY_RATIO":1.822827787783},{"SECUCODE":"01046.HK","SECURITY_CODE":"01046","SECURITY_NAME_ABBR":"寰宇娱乐文化","ORG_CODE":"10009215","STD_REPORT_DATE":"2022-06-30 00:00:00","REPORT_DATE":"2022-12-31 00:00:00","DATE_TYPE_CODE":"002","REPORT_TYPE":"2022年中报","PER_NETCASH_OPERATE":0.07388181434,"PER_OI":0.035788643686,"BPS":0.397783621571,"BASIC_EPS":-0.027334062,"DILUTED_EPS":-0.027334062,"OPERATE_INCOME":32447139.48,"OPERATE_INCOME_YOY":-21.2368272692,"GROSS_PROFIT":9503499.53,"GROSS_PROFIT_YOY":23.001629883308,"HOLDER_PROFIT":-24746258.81,"HOLDER_PROFIT_YOY":-2.4443458324,"GROSS_PROFIT_RATIO":29.289175200969,"EPS_TTM":-0.072208442842,"OPERATE_INCOME_QOQ":-67.845816097823,"NET_PROFIT_RATIO":-76.9876665565,"ROE_AVG":-6.632518084822,"GROSS_PROFIT_QOQ":-86.338410825499,"ROA":-2.527445357896,"HOLDER_PROFIT_QOQ":-199.924479557727,"ROE_YEARLY":-13.265036169645,"ROIC_YEARLY":-6.03948567467,"TOTAL_ASSETS":999736171.49,"TOTAL_LIABILITIES":643263378.94,"TAX_EBT":-0.376884422111,"OCF_SALES":206.439268802995,"TOTAL_PARENT_EQUITY":360643470.18,"DEBT_ASSET_RATIO":64.3433134945,"OPERATE_PROFIT":-25267035.22,"PRETAX_PROFIT":-24886502.2,"NETCASH_OPERATE":66983637.49,"NETCASH_INVEST":-114207249.31,"NETCASH_FINANCE":-4013462.11,"END_CASH":137998602.49,"DIVI_RATIO":null,"DIVIDEND_RATE":null,"CURRENT_RATIO":0.285150366757,"COMMON_ACS":10000000000,"CURRENTDEBT_DEBT":99.485226114464,"ISSUED_COMMON_SHARES":906632276,"HK_COMMON_SHARES":906632276,"PER_SHARES":5000,"TOTAL_MARKET_CAP":290122328.32,"HKSK_MARKET_CAP":290122328.32,"PE_TTM":-9.530643813278,"PB_TTM":0.945565954163,"REPORT_DATE_SQ":"2021-06-30 00:00:00","REPORT_TYPE_SQ":"2021年中报","OPERATE_INCOME_SQ":37706076.8,"DPS_HKD":null,"OPERATE_INCOME_QOQ_SQ":143.520298017926,"NET_PROFIT_RATIO_SQ":-60.1457131706,"HOLDER_PROFIT_SQ":-22109539.2,"HOLDER_PROFIT_QOQ_SQ":652.513717213952,"ROE_AVG_SQ":-5.465067282654,"PE_TTM_SQ":-3.37212431644,"PB_TTM_SQ":0.92346885306,"ROA_SQ":-2.373245045318,"START_DATE":"2022-07-01 00:00:00","FISCAL_YEAR":"6-30","CURRENCY":"HKD","IS_CNY_CODE":0,"DPS_HKD_LY":null,"ORG_TYPE":"一般企业","PREMIUM_INCOME":null,"PREMIUM_INCOME_YOY":null,"NET_INTEREST_INCOME":null,"NET_INTEREST_INCOME_YOY":null,"FEE_COMMISSION_INCOME":null,"FEE_COMMISSION_INCOME_YOY":null,"ACCOUNTS_RECE_TDAYS":1.76454300357,"INVENTORY_TDAYS":4.026493180749,"CURRENT_ASSETS_TDAYS":0.152813829138,"TOTAL_ASSETS_TDAYS":0.033139705151,"PREMIUM_EXPENSE":null,"LOAN_DEPOSIT":null,"LOAN_EQUITY":null,"LOAN_ASSETS":null,"DEPOSIT_EQUITY":null,"DEPOSIT_ASSETS":null,"EQUITY_MULTIPLIER":2.80452307268,"EQUITY_RATIO":1.783654584454},{"SECUCODE":"01046.HK","SECURITY_CODE":"01046","SECURITY_NAME_ABBR":"寰宇娱乐文化","ORG_CODE":"10009215","STD_REPORT_DATE":"2021-12-31 00:00:00","REPORT_DATE":"2022-06-30 00:00:00","DATE_TYPE_CODE":"001","REPORT_TYPE":"2021年年报","PER_NETCASH_OPERATE":0.257368502839,"PER_OI":0.120395825418,"BPS":0.407144048829,"BASIC_EPS":-0.072178036,"DILUTED_EPS":-0.072178036,"OPERATE_INCOME":109154741.22,"OPERATE_INCOME_YOY":-78.8187852639,"GROSS_PROFIT":19281113.74,"GROSS_PROFIT_YOY":-90.341340139495,"HOLDER_PROFIT":-65466504.88,"HOLDER_PROFIT_YOY":-149.5979785545,"GROSS_PROFIT_RATIO":17.664018552469,"EPS_TTM":0.072263016191,"OPERATE_INCOME_QOQ":-32.296534019027,"NET_PROFIT_RATIO":-61.831899591,"ROE_AVG":-16.28861263159,"GROSS_PROFIT_QOQ":-29.300612563192,"ROA":-7.205711330085,"HOLDER_PROFIT_QOQ":-48.985972490497,"ROE_YEARLY":-16.28861263159,"ROIC_YEARLY":-9.920373426534,"TOTAL_ASSETS":917607752.53,"TOTAL_LIABILITIES":552246639.21,"TAX_EBT":4.403071854257,"OCF_SALES":213.768626897946,"TOTAL_PARENT_EQUITY":369129935.65,"DEBT_ASSET_RATIO":60.183301382,"OPERATE_PROFIT":-88102528.99,"PRETAX_PROFIT":-70601065.64,"NETCASH_OPERATE":233338591.5,"NETCASH_INVEST":-365237110.77,"NETCASH_FINANCE":-8419345.55,"END_CASH":181168580.74,"DIVI_RATIO":null,"DIVIDEND_RATE":null,"CURRENT_RATIO":0.423511548639,"COMMON_ACS":10000000000,"CURRENTDEBT_DEBT":99.133267983876,"ISSUED_COMMON_SHARES":906632276,"HK_COMMON_SHARES":906632276,"PER_SHARES":5000,"TOTAL_MARKET_CAP":290122328.32,"HKSK_MARKET_CAP":290122328.32,"PE_TTM":-9.530643813278,"PB_TTM":0.945565954163,"REPORT_DATE_SQ":"2020-12-31 00:00:00","REPORT_TYPE_SQ":"2020年年报","OPERATE_INCOME_SQ":501411408,"DPS_HKD":null,"OPERATE_INCOME_QOQ_SQ":-0.597075037192,"NET_PROFIT_RATIO_SQ":25.3020245602,"HOLDER_PROFIT_SQ":128427387.6,"HOLDER_PROFIT_QOQ_SQ":5.971692142376,"ROE_AVG_SQ":35.727761149807,"PE_TTM_SQ":-3.37212431644,"PB_TTM_SQ":0.92346885306,"ROA_SQ":17.786190048169,"START_DATE":"2021-07-01 00:00:00","FISCAL_YEAR":"6-30","CURRENCY":"HKD","IS_CNY_CODE":0,"DPS_HKD_LY":null,"ORG_TYPE":"一般企业","PREMIUM_INCOME":null,"PREMIUM_INCOME_YOY":null,"NET_INTEREST_INCOME":null,"NET_INTEREST_INCOME_YOY":null,"FEE_COMMISSION_INCOME":null,"FEE_COMMISSION_INCOME_YOY":null,"ACCOUNTS_RECE_TDAYS":1.941070464517,"INVENTORY_TDAYS":12.654063816978,"CURRENT_ASSETS_TDAYS":0.294226939107,"TOTAL_ASSETS_TDAYS":0.12014350804,"PREMIUM_EXPENSE":null,"LOAN_DEPOSIT":null,"LOAN_EQUITY":null,"LOAN_ASSETS":null,"DEPOSIT_EQUITY":null,"DEPOSIT_ASSETS":null,"EQUITY_MULTIPLIER":2.511509077119,"EQUITY_RATIO":1.496076546156},{"SECUCODE":"01046.HK","SECURITY_CODE":"01046","SECURITY_NAME_ABBR":"寰宇娱乐文化","ORG_CODE":"10009215","STD_REPORT_DATE":"2021-06-30 00:00:00","REPORT_DATE":"2021-12-31 00:00:00","DATE_TYPE_CODE":"002","REPORT_TYPE":"2021年中报","PER_NETCASH_OPERATE":0.270564022144,"PER_OI":0.04158916222,"BPS":0.43405475408,"BASIC_EPS":-0.02436448,"DILUTED_EPS":-0.02436448,"OPERATE_INCOME":37706076.8,"OPERATE_INCOME_YOY":-80.5580732603,"GROSS_PROFIT":7726320,"GROSS_PROFIT_YOY":-88.331943271174,"HOLDER_PROFIT":-22109539.2,"HOLDER_PROFIT_YOY":-155.7808535655,"GROSS_PROFIT_RATIO":20.490914610347,"EPS_TTM":0.141653227002,"OPERATE_INCOME_QOQ":143.520298017926,"NET_PROFIT_RATIO":-60.1457131706,"ROE_AVG":-5.465067282654,"GROSS_PROFIT_QOQ":173.593804873592,"ROA":-2.373245045318,"HOLDER_PROFIT_QOQ":652.513717213952,"ROE_YEARLY":-10.930134565308,"ROIC_YEARLY":-6.591968095674,"TOTAL_ASSETS":1003303940.8,"TOTAL_LIABILITIES":612669377.6,"TAX_EBT":4.980816662099,"OCF_SALES":650.563771195629,"TOTAL_PARENT_EQUITY":393528049.6,"DEBT_ASSET_RATIO":61.0651820137,"OPERATE_PROFIT":-24455233.6,"PRETAX_PROFIT":-23867379.2,"NETCASH_OPERATE":245302075.2,"NETCASH_INVEST":-329137144,"NETCASH_FINANCE":-5306224,"END_CASH":218214169.6,"DIVI_RATIO":null,"DIVIDEND_RATE":null,"CURRENT_RATIO":0.551017268878,"COMMON_ACS":10000000000,"CURRENTDEBT_DEBT":98.899180757749,"ISSUED_COMMON_SHARES":906632276,"HK_COMMON_SHARES":906632276,"PER_SHARES":5000,"TOTAL_MARKET_CAP":290122328.32,"HKSK_MARKET_CAP":290122328.32,"PE_TTM":-9.530643813278,"PB_TTM":0.945565954163,"REPORT_DATE_SQ":"2020-06-30 00:00:00","REPORT_TYPE_SQ":"2020年中报","OPERATE_INCOME_SQ":199644582.76,"DPS_HKD":null,"OPERATE_INCOME_QOQ_SQ":-10.079962791948,"NET_PROFIT_RATIO_SQ":20.1703982564,"HOLDER_PROFIT_SQ":40801865.56,"HOLDER_PROFIT_QOQ_SQ":-3.616254249699,"ROE_AVG_SQ":12.77999657295,"PE_TTM_SQ":-3.37212431644,"PB_TTM_SQ":0.92346885306,"ROA_SQ":6.451338167945,"START_DATE":"2021-07-01 00:00:00","FISCAL_YEAR":"6-30","CURRENCY":"HKD","IS_CNY_CODE":0,"DPS_HKD_LY":null,"ORG_TYPE":"一般企业","PREMIUM_INCOME":null,"PREMIUM_INCOME_YOY":null,"NET_INTEREST_INCOME":null,"NET_INTEREST_INCOME_YOY":null,"FEE_COMMISSION_INCOME":null,"FEE_COMMISSION_INCOME_YOY":null,"ACCOUNTS_RECE_TDAYS":0.721727087066,"INVENTORY_TDAYS":3.879390605163,"CURRENT_ASSETS_TDAYS":0.091789901081,"TOTAL_ASSETS_TDAYS":0.040473824051,"PREMIUM_EXPENSE":null,"LOAN_DEPOSIT":null,"LOAN_EQUITY":null,"LOAN_ASSETS":null,"DEPOSIT_EQUITY":null,"DEPOSIT_ASSETS":null,"EQUITY_MULTIPLIER":2.568395209532,"EQUITY_RATIO":1.556863299129},{"SECUCODE":"01046.HK","SECURITY_CODE":"01046","SECURITY_NAME_ABBR":"寰宇娱乐文化","ORG_CODE":"10009215","STD_REPORT_DATE":"2020-12-31 00:00:00","REPORT_DATE":"2021-06-30 00:00:00","DATE_TYPE_CODE":"001","REPORT_TYPE":"2020年年报","PER_NETCASH_OPERATE":0.422145797863,"PER_OI":0.553048265844,"BPS":0.466511722554,"BASIC_EPS":0.141620016,"DILUTED_EPS":0.141620016,"OPERATE_INCOME":501411408,"OPERATE_INCOME_YOY":165.7353142212,"GROSS_PROFIT":199625144.88,"GROSS_PROFIT_YOY":111.070266278421,"HOLDER_PROFIT":128427387.6,"HOLDER_PROFIT_YOY":670.3174075306,"GROSS_PROFIT_RATIO":39.812645204116,"EPS_TTM":-0.025637956595,"OPERATE_INCOME_QOQ":-0.597075037192,"NET_PROFIT_RATIO":25.3020245602,"ROE_AVG":35.727761149807,"GROSS_PROFIT_QOQ":-22.852687992719,"ROA":17.786190048169,"HOLDER_PROFIT_QOQ":5.971692142376,"ROE_YEARLY":35.727761149807,"ROIC_YEARLY":24.601340963954,"TOTAL_ASSETS":875158445.76,"TOTAL_LIABILITIES":454569464.4,"TAX_EBT":15.836680274807,"OCF_SALES":76.330733488218,"TOTAL_PARENT_EQUITY":422954584.8,"DEBT_ASSET_RATIO":51.9413903394,"OPERATE_PROFIT":149566380,"PRETAX_PROFIT":151030008.72,"NETCASH_OPERATE":382731005.52,"NETCASH_INVEST":-148981427.76,"NETCASH_FINANCE":-9940859.76,"END_CASH":312798841.92,"DIVI_RATIO":null,"DIVIDEND_RATE":null,"CURRENT_RATIO":1.110693191721,"COMMON_ACS":10000000000,"CURRENTDEBT_DEBT":98.306257493525,"ISSUED_COMMON_SHARES":906632276,"HK_COMMON_SHARES":906632276,"PER_SHARES":5000,"TOTAL_MARKET_CAP":290122328.32,"HKSK_MARKET_CAP":290122328.32,"PE_TTM":-9.530643813278,"PB_TTM":0.945565954163,"REPORT_DATE_SQ":"2019-12-31 00:00:00","REPORT_TYPE_SQ":"2019年年报","OPERATE_INCOME_SQ":207138048.48,"DPS_HKD":null,"OPERATE_INCOME_QOQ_SQ":324.640734213171,"NET_PROFIT_RATIO_SQ":-12.157853656,"HOLDER_PROFIT_SQ":-24720426.72,"HOLDER_PROFIT_QOQ_SQ":77.622549204992,"ROE_AVG_SQ":-7.344825199782,"PE_TTM_SQ":-3.37212431644,"PB_TTM_SQ":0.92346885306,"ROA_SQ":-3.842860611637,"START_DATE":"2020-07-01 00:00:00","FISCAL_YEAR":"6-30","CURRENCY":"HKD","IS_CNY_CODE":0,"DPS_HKD_LY":null,"ORG_TYPE":"一般企业","PREMIUM_INCOME":null,"PREMIUM_INCOME_YOY":null,"NET_INTEREST_INCOME":null,"NET_INTEREST_INCOME_YOY":null,"FEE_COMMISSION_INCOME":null,"FEE_COMMISSION_INCOME_YOY":null,"ACCOUNTS_RECE_TDAYS":6.62306973677,"INVENTORY_TDAYS":34.863885417668,"CURRENT_ASSETS_TDAYS":1.297971193052,"TOTAL_ASSETS_TDAYS":0.694415635299,"PREMIUM_EXPENSE":null,"LOAN_DEPOSIT":null,"LOAN_EQUITY":null,"LOAN_ASSETS":null,"DEPOSIT_EQUITY":null,"DEPOSIT_ASSETS":null,"EQUITY_MULTIPLIER":2.080792613565,"EQUITY_RATIO":1.074747693337},{"SECUCODE":"01046.HK","SECURITY_CODE":"01046","SECURITY_NAME_ABBR":"寰宇娱乐文化","ORG_CODE":"10009215","STD_REPORT_DATE":"2020-06-30 00:00:00","REPORT_DATE":"2020-12-31 00:00:00","DATE_TYPE_CODE":"002","REPORT_TYPE":"2020年中报","PER_NETCASH_OPERATE":0.094258281932,"PER_OI":0.220204583539,"BPS":0.374086657113,"BASIC_EPS":0.04502774,"DILUTED_EPS":0.04502774,"OPERATE_INCOME":199644582.76,"OPERATE_INCOME_YOY":5.7774032008,"GROSS_PROFIT":66217710.28,"GROSS_PROFIT_YOY":-24.60801125759,"HOLDER_PROFIT":40801865.56,"HOLDER_PROFIT_YOY":10.4280084736,"GROSS_PROFIT_RATIO":33.167797174644,"EPS_TTM":-0.027266210761,"OPERATE_INCOME_QOQ":-10.079962791948,"NET_PROFIT_RATIO":20.1703982564,"ROE_AVG":12.77999657295,"GROSS_PROFIT_QOQ":6.220066566265,"ROA":6.451338167945,"HOLDER_PROFIT_QOQ":-3.616254249699,"ROE_YEARLY":25.5599931459,"ROIC_YEARLY":15.910155650675,"TOTAL_ASSETS":689408365,"TOTAL_LIABILITIES":351458764.32,"TAX_EBT":0.289179686687,"OCF_SALES":42.804868280715,"TOTAL_PARENT_EQUITY":339159037.36,"DEBT_ASSET_RATIO":50.9797649931,"OPERATE_PROFIT":39765806.72,"PRETAX_PROFIT":40455109.88,"NETCASH_OPERATE":85457600.68,"NETCASH_INVEST":-20766625.36,"NETCASH_FINANCE":-5041423.6,"END_CASH":149662108.08,"DIVI_RATIO":null,"DIVIDEND_RATE":null,"CURRENT_RATIO":0.994196536839,"COMMON_ACS":10000000000,"CURRENTDEBT_DEBT":98.743258905907,"ISSUED_COMMON_SHARES":906632276,"HK_COMMON_SHARES":906632276,"PER_SHARES":5000,"TOTAL_MARKET_CAP":290122328.32,"HKSK_MARKET_CAP":290122328.32,"PE_TTM":-9.530643813278,"PB_TTM":0.945565954163,"REPORT_DATE_SQ":"2019-06-30 00:00:00","REPORT_TYPE_SQ":"2019年中报","OPERATE_INCOME_SQ":200881352.34,"DPS_HKD":null,"OPERATE_INCOME_QOQ_SQ":-2.801527628745,"NET_PROFIT_RATIO_SQ":19.427164854,"HOLDER_PROFIT_SQ":39325637.78,"HOLDER_PROFIT_QOQ_SQ":30.065987010016,"ROE_AVG_SQ":10.886457332383,"PE_TTM_SQ":-3.37212431644,"PB_TTM_SQ":0.92346885306,"ROA_SQ":5.953683028525,"START_DATE":"2020-07-01 00:00:00","FISCAL_YEAR":"6-30","CURRENCY":"HKD","IS_CNY_CODE":0,"DPS_HKD_LY":null,"ORG_TYPE":"一般企业","PREMIUM_INCOME":null,"PREMIUM_INCOME_YOY":null,"NET_INTEREST_INCOME":null,"NET_INTEREST_INCOME_YOY":null,"FEE_COMMISSION_INCOME":null,"FEE_COMMISSION_INCOME_YOY":null,"ACCOUNTS_RECE_TDAYS":1.959489990211,"INVENTORY_TDAYS":15.269890194568,"CURRENT_ASSETS_TDAYS":0.63940062509,"TOTAL_ASSETS_TDAYS":0.315665643986,"PREMIUM_EXPENSE":null,"LOAN_DEPOSIT":null,"LOAN_EQUITY":null,"LOAN_ASSETS":null,"DEPOSIT_EQUITY":null,"DEPOSIT_ASSETS":null,"EQUITY_MULTIPLIER":2.039973900287,"EQUITY_RATIO":1.036265366996},{"SECUCODE":"01046.HK","SECURITY_CODE":"01046","SECURITY_NAME_ABBR":"寰宇娱乐文化","ORG_CODE":"10009215","STD_REPORT_DATE":"2019-12-31 00:00:00","REPORT_DATE":"2020-06-30 00:00:00","DATE_TYPE_CODE":"001","REPORT_TYPE":"2019年年报","PER_NETCASH_OPERATE":0.090119647494,"PER_OI":0.228469748942,"BPS":0.358366851524,"BASIC_EPS":-0.027311856,"DILUTED_EPS":-0.027311856,"OPERATE_INCOME":207138048.48,"OPERATE_INCOME_YOY":267.7163566784,"GROSS_PROFIT":94577577.6,"GROSS_PROFIT_YOY":599.0641111575,"HOLDER_PROFIT":-24720426.72,"HOLDER_PROFIT_YOY":77.6707920792,"GROSS_PROFIT_RATIO":45.65920085374,"EPS_TTM":-0.026314607644,"OPERATE_INCOME_QOQ":324.640734213171,"NET_PROFIT_RATIO":-12.157853656,"ROE_AVG":-7.344825199782,"GROSS_PROFIT_QOQ":558.128104938996,"ROA":-3.842860611637,"HOLDER_PROFIT_QOQ":77.622549204992,"ROE_YEARLY":-7.344825199782,"ROIC_YEARLY":-4.820811627093,"TOTAL_ASSETS":624599310.72,"TOTAL_LIABILITIES":300426762.24,"TAX_EBT":0.494632708903,"OCF_SALES":39.444892775404,"TOTAL_PARENT_EQUITY":324906954.24,"DEBT_ASSET_RATIO":48.0991184402,"OPERATE_PROFIT":-27280799.04,"PRETAX_PROFIT":-26038520.64,"NETCASH_OPERATE":81705381.12,"NETCASH_INVEST":-135685117.92,"NETCASH_FINANCE":-11129352.96,"END_CASH":97691494.56,"DIVI_RATIO":null,"DIVIDEND_RATE":null,"CURRENT_RATIO":1.027308168317,"COMMON_ACS":10000000000,"CURRENTDEBT_DEBT":98.26814555361,"ISSUED_COMMON_SHARES":906632276,"HK_COMMON_SHARES":906632276,"PER_SHARES":5000,"TOTAL_MARKET_CAP":290122328.32,"HKSK_MARKET_CAP":290122328.32,"PE_TTM":-9.530643813278,"PB_TTM":0.945565954163,"REPORT_DATE_SQ":"2018-12-31 00:00:00","REPORT_TYPE_SQ":"2018年年报","OPERATE_INCOME_SQ":54247752.54,"DPS_HKD":null,"OPERATE_INCOME_QOQ_SQ":-23.623563321723,"NET_PROFIT_RATIO_SQ":-197.1411892523,"HOLDER_PROFIT_SQ":-106614792,"HOLDER_PROFIT_QOQ_SQ":-33.660625455236,"ROE_AVG_SQ":-18.673071797345,"PE_TTM_SQ":-3.37212431644,"PB_TTM_SQ":0.92346885306,"ROA_SQ":-13.420908823639,"START_DATE":"2019-07-01 00:00:00","FISCAL_YEAR":"6-30","CURRENCY":"HKD","IS_CNY_CODE":0,"DPS_HKD_LY":null,"ORG_TYPE":"一般企业","PREMIUM_INCOME":null,"PREMIUM_INCOME_YOY":null,"NET_INTEREST_INCOME":null,"NET_INTEREST_INCOME_YOY":null,"FEE_COMMISSION_INCOME":null,"FEE_COMMISSION_INCOME_YOY":null,"ACCOUNTS_RECE_TDAYS":5.382170745022,"INVENTORY_TDAYS":12.21278493558,"CURRENT_ASSETS_TDAYS":0.655765532598,"TOTAL_ASSETS_TDAYS":0.322001985116,"PREMIUM_EXPENSE":null,"LOAN_DEPOSIT":null,"LOAN_EQUITY":null,"LOAN_ASSETS":null,"DEPOSIT_EQUITY":null,"DEPOSIT_ASSETS":null,"EQUITY_MULTIPLIER":1.92674954634,"EQUITY_RATIO":0.924654761369}],"count":44},"success":true,"message":"ok","code":0}