{"version":"1dbf4697f3c53dfb7fc219c1fec02f9b","result":{"pages":6,"data":[{"SECUCODE":"01049.HK","SECURITY_CODE":"01049","SECURITY_NAME_ABBR":"时富投资","ORG_CODE":"10009217","STD_REPORT_DATE":"2024-06-30 00:00:00","REPORT_DATE":"2024-06-30 00:00:00","DATE_TYPE_CODE":"002","REPORT_TYPE":"2024年中报","PER_NETCASH_OPERATE":0.927648042811,"PER_OI":5.188583210932,"BPS":1.003957055547,"BASIC_EPS":-0.30666048,"DILUTED_EPS":-0.30666048,"OPERATE_INCOME":418823375.92,"OPERATE_INCOME_YOY":-9.8007689344,"GROSS_PROFIT":192726072.2,"GROSS_PROFIT_YOY":-4.936135298737,"HOLDER_PROFIT":-24737278.72,"HOLDER_PROFIT_YOY":45.8829166999,"GROSS_PROFIT_RATIO":46.016073428722,"EPS_TTM":-0.946984353021,"OPERATE_INCOME_QOQ":-5.45427482959,"NET_PROFIT_RATIO":-7.2458999246,"ROE_AVG":-26.474179275047,"GROSS_PROFIT_QOQ":-2.385858686637,"ROA":-2.156051206216,"HOLDER_PROFIT_QOQ":21.903541074127,"ROE_YEARLY":-52.948358550093,"ROIC_YEARLY":-8.198637896014,"TOTAL_ASSETS":1092084594.92,"TOTAL_LIABILITIES":972289868.84,"TAX_EBT":null,"OCF_SALES":17.87863863986,"TOTAL_PARENT_EQUITY":81039595.24,"DEBT_ASSET_RATIO":89.0306367623,"OPERATE_PROFIT":23118184.4,"PRETAX_PROFIT":-30347522.68,"NETCASH_OPERATE":74879917.92,"NETCASH_INVEST":-71440027,"NETCASH_FINANCE":-63620184.76,"END_CASH":152804536.32,"DIVI_RATIO":null,"DIVIDEND_RATE":null,"CURRENT_RATIO":0.901192344238,"COMMON_ACS":150000000,"CURRENTDEBT_DEBT":94.936323878522,"ISSUED_COMMON_SHARES":80720181,"HK_COMMON_SHARES":80720181,"PER_SHARES":2000,"TOTAL_MARKET_CAP":66190548.42,"HKSK_MARKET_CAP":66190548.42,"PE_TTM":-0.778446746639,"PB_TTM":0.745447821563,"REPORT_DATE_SQ":"2023-06-30 00:00:00","REPORT_TYPE_SQ":"2023年中报","OPERATE_INCOME_SQ":469062856.88,"DPS_HKD":null,"OPERATE_INCOME_QOQ_SQ":-6.56791553521,"NET_PROFIT_RATIO_SQ":-11.707773471,"HOLDER_PROFIT_SQ":-46176446.32,"HOLDER_PROFIT_QOQ_SQ":-165.481628902774,"ROE_AVG_SQ":-26.203194567248,"PE_TTM_SQ":-0.615427311386,"PB_TTM_SQ":0.290485128746,"ROA_SQ":-3.028352560849,"START_DATE":"2024-01-01 00:00:00","FISCAL_YEAR":"12-31","CURRENCY":"HKD","IS_CNY_CODE":0,"DPS_HKD_LY":null,"ORG_TYPE":"一般企业","PREMIUM_INCOME":null,"PREMIUM_INCOME_YOY":null,"NET_INTEREST_INCOME":null,"NET_INTEREST_INCOME_YOY":null,"FEE_COMMISSION_INCOME":null,"FEE_COMMISSION_INCOME_YOY":null,"ACCOUNTS_RECE_TDAYS":4.171441297718,"INVENTORY_TDAYS":7.845608145556,"CURRENT_ASSETS_TDAYS":0.472415475747,"TOTAL_ASSETS_TDAYS":0.365037987834,"PREMIUM_EXPENSE":null,"LOAN_DEPOSIT":null,"LOAN_EQUITY":null,"LOAN_ASSETS":null,"DEPOSIT_EQUITY":null,"DEPOSIT_ASSETS":null,"EQUITY_MULTIPLIER":9.116299445379,"EQUITY_RATIO":11.997713783744},{"SECUCODE":"01049.HK","SECURITY_CODE":"01049","SECURITY_NAME_ABBR":"时富投资","ORG_CODE":"10009217","STD_REPORT_DATE":"2023-12-31 00:00:00","REPORT_DATE":"2023-12-31 00:00:00","DATE_TYPE_CODE":"001","REPORT_TYPE":"2023年年报","PER_NETCASH_OPERATE":0.439569602551,"PER_OI":11.411060278222,"BPS":1.301902461046,"BASIC_EPS":-1.212612982,"DILUTED_EPS":-1.212612982,"OPERATE_INCOME":921102851.06,"OPERATE_INCOME_YOY":-16.0596323191,"GROSS_PROFIT":419437583.46,"GROSS_PROFIT_YOY":-9.606438263857,"HOLDER_PROFIT":-97879915.98,"HOLDER_PROFIT_YOY":-221.0635831277,"GROSS_PROFIT_RATIO":45.536454802774,"EPS_TTM":-1.212582959644,"OPERATE_INCOME_QOQ":-8.856495535669,"NET_PROFIT_RATIO":-14.061566887,"ROE_AVG":-69.223448130001,"GROSS_PROFIT_QOQ":-3.316909762804,"ROA":-6.958896642902,"HOLDER_PROFIT_QOQ":-22.689520332482,"ROE_YEARLY":-69.223448130001,"ROIC_YEARLY":-13.848905642959,"TOTAL_ASSETS":1194087126.54,"TOTAL_LIABILITIES":1040954070.94,"TAX_EBT":-3.06917912439,"OCF_SALES":3.852136364486,"TOTAL_PARENT_EQUITY":105089802.3,"DEBT_ASSET_RATIO":87.1757217546,"OPERATE_PROFIT":-104902214.76,"PRETAX_PROFIT":-125664621.18,"NETCASH_OPERATE":35482137.88,"NETCASH_INVEST":23921489.34,"NETCASH_FINANCE":-151858910.28,"END_CASH":211477311.64,"DIVI_RATIO":null,"DIVIDEND_RATE":null,"CURRENT_RATIO":0.956865270192,"COMMON_ACS":150000000,"CURRENTDEBT_DEBT":93.830467572695,"ISSUED_COMMON_SHARES":80720181,"HK_COMMON_SHARES":80720181,"PER_SHARES":2000,"TOTAL_MARKET_CAP":45203301.36,"HKSK_MARKET_CAP":45203301.36,"PE_TTM":-0.531622168437,"PB_TTM":0.509086317165,"REPORT_DATE_SQ":"2022-12-31 00:00:00","REPORT_TYPE_SQ":"2022年年报","OPERATE_INCOME_SQ":1081649030.49,"DPS_HKD":null,"OPERATE_INCOME_QOQ_SQ":-1.701673813298,"NET_PROFIT_RATIO_SQ":-2.9110065597,"HOLDER_PROFIT_SQ":-30050496.07,"HOLDER_PROFIT_QOQ_SQ":-30.900968139732,"ROE_AVG_SQ":-15.405716065156,"PE_TTM_SQ":-0.936919190469,"PB_TTM_SQ":0.442231091524,"ROA_SQ":-2.40421224904,"START_DATE":"2023-01-01 00:00:00","FISCAL_YEAR":"12-31","CURRENCY":"HKD","IS_CNY_CODE":0,"DPS_HKD_LY":null,"ORG_TYPE":"一般企业","PREMIUM_INCOME":null,"PREMIUM_INCOME_YOY":null,"NET_INTEREST_INCOME":null,"NET_INTEREST_INCOME_YOY":null,"FEE_COMMISSION_INCOME":null,"FEE_COMMISSION_INCOME_YOY":null,"ACCOUNTS_RECE_TDAYS":6.339884731977,"INVENTORY_TDAYS":12.750598857564,"CURRENT_ASSETS_TDAYS":0.837956319918,"TOTAL_ASSETS_TDAYS":0.654869742565,"PREMIUM_EXPENSE":null,"LOAN_DEPOSIT":null,"LOAN_EQUITY":null,"LOAN_ASSETS":null,"DEPOSIT_EQUITY":null,"DEPOSIT_ASSETS":null,"EQUITY_MULTIPLIER":7.797709788141,"EQUITY_RATIO":9.905376622257},{"SECUCODE":"01049.HK","SECURITY_CODE":"01049","SECURITY_NAME_ABBR":"时富投资","ORG_CODE":"10009217","STD_REPORT_DATE":"2023-06-30 00:00:00","REPORT_DATE":"2023-06-30 00:00:00","DATE_TYPE_CODE":"002","REPORT_TYPE":"2023年中报","PER_NETCASH_OPERATE":-0.234617798739,"PER_OI":5.810973799476,"BPS":2.126534334704,"BASIC_EPS":-0.5716276,"DILUTED_EPS":-0.5716276,"OPERATE_INCOME":469062856.88,"OPERATE_INCOME_YOY":-19.4446775529,"GROSS_PROFIT":202733260.22,"GROSS_PROFIT_YOY":-12.959643802735,"HOLDER_PROFIT":-46176446.32,"HOLDER_PROFIT_YOY":-1305.9715868047,"GROSS_PROFIT_RATIO":43.220915330728,"EPS_TTM":-0.988334583392,"OPERATE_INCOME_QOQ":-6.56791553521,"NET_PROFIT_RATIO":-11.707773471,"ROE_AVG":-26.203194567248,"GROSS_PROFIT_QOQ":-6.50530354959,"ROA":-3.028352560849,"HOLDER_PROFIT_QOQ":-165.481628902774,"ROE_YEARLY":-52.406389134495,"ROIC_YEARLY":-11.606717129143,"TOTAL_ASSETS":1402452359.38,"TOTAL_LIABILITIES":1188901507.82,"TAX_EBT":-0.036948708475,"OCF_SALES":-4.03749538089,"TOTAL_PARENT_EQUITY":171654236.4,"DEBT_ASSET_RATIO":84.7730405862,"OPERATE_PROFIT":17583080.58,"PRETAX_PROFIT":-54896533.16,"NETCASH_OPERATE":-18938391.18,"NETCASH_INVEST":-30832855.16,"NETCASH_FINANCE":-50423086.2,"END_CASH":208125921.24,"DIVI_RATIO":null,"DIVIDEND_RATE":null,"CURRENT_RATIO":0.956809894449,"COMMON_ACS":150000000,"CURRENTDEBT_DEBT":94.063942167135,"ISSUED_COMMON_SHARES":80720181,"HK_COMMON_SHARES":80720181,"PER_SHARES":2000,"TOTAL_MARKET_CAP":45203301.36,"HKSK_MARKET_CAP":45203301.36,"PE_TTM":-0.531622168437,"PB_TTM":0.509086317165,"REPORT_DATE_SQ":"2022-06-30 00:00:00","REPORT_TYPE_SQ":"2022年中报","OPERATE_INCOME_SQ":540104651.59,"DPS_HKD":null,"OPERATE_INCOME_QOQ_SQ":-1.623286446233,"NET_PROFIT_RATIO_SQ":0.6694523569,"HOLDER_PROFIT_SQ":3551604.07,"HOLDER_PROFIT_QOQ_SQ":34.777904424383,"ROE_AVG_SQ":1.755034684438,"PE_TTM_SQ":-0.936919190469,"PB_TTM_SQ":0.442231091524,"ROA_SQ":0.41459518818,"START_DATE":"2023-01-01 00:00:00","FISCAL_YEAR":"12-31","CURRENCY":"HKD","IS_CNY_CODE":0,"DPS_HKD_LY":null,"ORG_TYPE":"一般企业","PREMIUM_INCOME":null,"PREMIUM_INCOME_YOY":null,"NET_INTEREST_INCOME":null,"NET_INTEREST_INCOME_YOY":null,"FEE_COMMISSION_INCOME":null,"FEE_COMMISSION_INCOME_YOY":null,"ACCOUNTS_RECE_TDAYS":2.61413956643,"INVENTORY_TDAYS":5.32532630337,"CURRENT_ASSETS_TDAYS":0.39821009121,"TOTAL_ASSETS_TDAYS":0.307621702629,"PREMIUM_EXPENSE":null,"LOAN_DEPOSIT":null,"LOAN_EQUITY":null,"LOAN_ASSETS":null,"DEPOSIT_EQUITY":null,"DEPOSIT_ASSETS":null,"EQUITY_MULTIPLIER":6.567299306608,"EQUITY_RATIO":6.926141368568},{"SECUCODE":"01049.HK","SECURITY_CODE":"01049","SECURITY_NAME_ABBR":"时富投资","ORG_CODE":"10009217","STD_REPORT_DATE":"2022-12-31 00:00:00","REPORT_DATE":"2022-12-31 00:00:00","DATE_TYPE_CODE":"001","REPORT_TYPE":"2022年年报","PER_NETCASH_OPERATE":2.573966340834,"PER_OI":13.399982719191,"BPS":2.170025949025,"BASIC_EPS":-0.372314936,"DILUTED_EPS":-0.372314936,"OPERATE_INCOME":1081649030.49,"OPERATE_INCOME_YOY":-11.4891386819,"GROSS_PROFIT":464012674.58,"GROSS_PROFIT_YOY":-1.183612973628,"HOLDER_PROFIT":-30050496.07,"HOLDER_PROFIT_YOY":21.855981417,"GROSS_PROFIT_RATIO":42.898635463094,"EPS_TTM":-0.372279840032,"OPERATE_INCOME_QOQ":-1.701673813298,"NET_PROFIT_RATIO":-2.9110065597,"ROE_AVG":-15.405716065156,"GROSS_PROFIT_QOQ":0.919158579367,"ROA":-2.40421224904,"HOLDER_PROFIT_QOQ":-30.900968139732,"ROE_YEARLY":-15.405716065156,"ROIC_YEARLY":-3.828518427896,"TOTAL_ASSETS":1595864372.34,"TOTAL_LIABILITIES":1335678046.36,"TAX_EBT":21.204873141835,"OCF_SALES":19.20872880789,"TOTAL_PARENT_EQUITY":175164887.38,"DEBT_ASSET_RATIO":83.6962131313,"OPERATE_PROFIT":-56862888.39,"PRETAX_PROFIT":-39960433.45,"NETCASH_OPERATE":207771028.92,"NETCASH_INVEST":117964342.93,"NETCASH_FINANCE":-177269431.5,"END_CASH":298719313.97,"DIVI_RATIO":null,"DIVIDEND_RATE":null,"CURRENT_RATIO":0.981876002371,"COMMON_ACS":150000000,"CURRENTDEBT_DEBT":94.991800800927,"ISSUED_COMMON_SHARES":80720181,"HK_COMMON_SHARES":80720181,"PER_SHARES":2000,"TOTAL_MARKET_CAP":45203301.36,"HKSK_MARKET_CAP":45203301.36,"PE_TTM":-0.531622168437,"PB_TTM":0.509086317165,"REPORT_DATE_SQ":"2021-12-31 00:00:00","REPORT_TYPE_SQ":"2021年年报","OPERATE_INCOME_SQ":1118530761.6,"DPS_HKD":null,"OPERATE_INCOME_QOQ_SQ":-0.898737147612,"NET_PROFIT_RATIO_SQ":-3.1626398142,"HOLDER_PROFIT_SQ":-35197680,"HOLDER_PROFIT_QOQ_SQ":-221.405494950544,"ROE_AVG_SQ":-16.018485443829,"PE_TTM_SQ":-0.936919190469,"PB_TTM_SQ":0.442231091524,"ROA_SQ":-4.070679477251,"START_DATE":"2022-01-01 00:00:00","FISCAL_YEAR":"12-31","CURRENCY":"HKD","IS_CNY_CODE":0,"DPS_HKD_LY":0.15,"ORG_TYPE":"一般企业","PREMIUM_INCOME":null,"PREMIUM_INCOME_YOY":null,"NET_INTEREST_INCOME":null,"NET_INTEREST_INCOME_YOY":null,"FEE_COMMISSION_INCOME":null,"FEE_COMMISSION_INCOME_YOY":null,"ACCOUNTS_RECE_TDAYS":6.336554235971,"INVENTORY_TDAYS":11.299401882599,"CURRENT_ASSETS_TDAYS":1.276519909402,"TOTAL_ASSETS_TDAYS":0.865381337536,"PREMIUM_EXPENSE":null,"LOAN_DEPOSIT":null,"LOAN_EQUITY":null,"LOAN_ASSETS":null,"DEPOSIT_EQUITY":null,"DEPOSIT_ASSETS":null,"EQUITY_MULTIPLIER":6.133544360297,"EQUITY_RATIO":7.625261354248},{"SECUCODE":"01049.HK","SECURITY_CODE":"01049","SECURITY_NAME_ABBR":"时富投资","ORG_CODE":"10009217","STD_REPORT_DATE":"2022-06-30 00:00:00","REPORT_DATE":"2022-06-30 00:00:00","DATE_TYPE_CODE":"002","REPORT_TYPE":"2022年中报","PER_NETCASH_OPERATE":-0.976971865933,"PER_OI":6.691073346206,"BPS":2.464566873679,"BASIC_EPS":0.04361469,"DILUTED_EPS":0.04361469,"OPERATE_INCOME":540104651.59,"OPERATE_INCOME_YOY":-5.86684314,"GROSS_PROFIT":232918693.21,"GROSS_PROFIT_YOY":-4.031295485907,"HOLDER_PROFIT":3551604.07,"HOLDER_PROFIT_YOY":139.768265824,"GROSS_PROFIT_RATIO":43.124733794519,"EPS_TTM":-0.284398079955,"OPERATE_INCOME_QOQ":-1.623286446233,"NET_PROFIT_RATIO":0.6694523569,"ROE_AVG":1.755034684438,"GROSS_PROFIT_QOQ":-2.083619782998,"ROA":0.41459518818,"HOLDER_PROFIT_QOQ":34.777904424383,"ROE_YEARLY":3.510069368876,"ROIC_YEARLY":0.916034912113,"TOTAL_ASSETS":847867008.03,"TOTAL_LIABILITIES":681313624.39,"TAX_EBT":0.564440263405,"OCF_SALES":-14.601123248586,"TOTAL_PARENT_EQUITY":198940284.13,"DEBT_ASSET_RATIO":80.3561900554,"OPERATE_PROFIT":22126330.87,"PRETAX_PROFIT":3636267.88,"NETCASH_OPERATE":-78861345.85,"NETCASH_INVEST":27366080,"NETCASH_FINANCE":-7340950.96,"END_CASH":84214835.25,"DIVI_RATIO":null,"DIVIDEND_RATE":null,"CURRENT_RATIO":0.673822112786,"COMMON_ACS":150000000,"CURRENTDEBT_DEBT":84.774583553518,"ISSUED_COMMON_SHARES":80720181,"HK_COMMON_SHARES":80720181,"PER_SHARES":2000,"TOTAL_MARKET_CAP":45203301.36,"HKSK_MARKET_CAP":45203301.36,"PE_TTM":-0.531622168437,"PB_TTM":0.509086317165,"REPORT_DATE_SQ":"2021-06-30 00:00:00","REPORT_TYPE_SQ":"2021年中报","OPERATE_INCOME_SQ":558261609.84,"DPS_HKD":null,"OPERATE_INCOME_QOQ_SQ":-2.788738588094,"NET_PROFIT_RATIO_SQ":-1.5362418638,"HOLDER_PROFIT_SQ":-8689411.44,"HOLDER_PROFIT_QOQ_SQ":-13.85060602992,"ROE_AVG_SQ":-3.708227841359,"PE_TTM_SQ":-0.936919190469,"PB_TTM_SQ":0.442231091524,"ROA_SQ":-0.973653185351,"START_DATE":"2022-01-01 00:00:00","FISCAL_YEAR":"12-31","CURRENCY":"HKD","IS_CNY_CODE":0,"DPS_HKD_LY":0.15,"ORG_TYPE":"一般企业","PREMIUM_INCOME":null,"PREMIUM_INCOME_YOY":null,"NET_INTEREST_INCOME":null,"NET_INTEREST_INCOME_YOY":null,"FEE_COMMISSION_INCOME":null,"FEE_COMMISSION_INCOME_YOY":null,"ACCOUNTS_RECE_TDAYS":3.287864708194,"INVENTORY_TDAYS":5.689247192613,"CURRENT_ASSETS_TDAYS":1.319024913901,"TOTAL_ASSETS_TDAYS":0.630489168414,"PREMIUM_EXPENSE":null,"LOAN_DEPOSIT":null,"LOAN_EQUITY":null,"LOAN_ASSETS":null,"DEPOSIT_EQUITY":null,"DEPOSIT_ASSETS":null,"EQUITY_MULTIPLIER":5.090662161873,"EQUITY_RATIO":3.424714242113},{"SECUCODE":"01049.HK","SECURITY_CODE":"01049","SECURITY_NAME_ABBR":"时富投资","ORG_CODE":"10009217","STD_REPORT_DATE":"2021-12-31 00:00:00","REPORT_DATE":"2021-12-31 00:00:00","DATE_TYPE_CODE":"001","REPORT_TYPE":"2021年年报","PER_NETCASH_OPERATE":1.515888989397,"PER_OI":13.856891148448,"BPS":2.437398697111,"BASIC_EPS":-0.43602608,"DILUTED_EPS":-0.43602608,"OPERATE_INCOME":1118530761.6,"OPERATE_INCOME_YOY":-0.8297855838,"GROSS_PROFIT":469570572.8,"GROSS_PROFIT_YOY":-8.429980694194,"HOLDER_PROFIT":-35197680,"HOLDER_PROFIT_YOY":-207.6653745154,"GROSS_PROFIT_RATIO":41.9810155358,"EPS_TTM":-0.43604560302,"OPERATE_INCOME_QOQ":-0.898737147612,"NET_PROFIT_RATIO":-3.1626398142,"ROE_AVG":-16.018485443829,"GROSS_PROFIT_QOQ":-4.199795648884,"ROA":-4.070679477251,"HOLDER_PROFIT_QOQ":-221.405494950544,"ROE_YEARLY":-16.018485443829,"ROIC_YEARLY":-4.574237321633,"TOTAL_ASSETS":827380948.8,"TOTAL_LIABILITIES":661658334.4,"TAX_EBT":-8.599181747446,"OCF_SALES":10.939603791045,"TOTAL_PARENT_EQUITY":196747264,"DEBT_ASSET_RATIO":79.9702163024,"OPERATE_PROFIT":-2595880,"PRETAX_PROFIT":-32574001.6,"NETCASH_OPERATE":122362833.6,"NETCASH_INVEST":3403668.8,"NETCASH_FINANCE":-104633177.6,"END_CASH":136763222.4,"DIVI_RATIO":null,"DIVIDEND_RATE":null,"CURRENT_RATIO":0.737759429911,"COMMON_ACS":150000000,"CURRENTDEBT_DEBT":84.169417091227,"ISSUED_COMMON_SHARES":80720181,"HK_COMMON_SHARES":80720181,"PER_SHARES":2000,"TOTAL_MARKET_CAP":45203301.36,"HKSK_MARKET_CAP":45203301.36,"PE_TTM":-0.531622168437,"PB_TTM":0.509086317165,"REPORT_DATE_SQ":"2020-12-31 00:00:00","REPORT_TYPE_SQ":"2020年年报","OPERATE_INCOME_SQ":1161053321.32,"DPS_HKD":null,"OPERATE_INCOME_QOQ_SQ":-4.723316610905,"NET_PROFIT_RATIO_SQ":2.9701786065,"HOLDER_PROFIT_SQ":33652975.4,"HOLDER_PROFIT_QOQ_SQ":153.412086046781,"ROE_AVG_SQ":16.119668939049,"PE_TTM_SQ":-0.936919190469,"PB_TTM_SQ":0.442231091524,"ROA_SQ":3.595430651395,"START_DATE":"2021-01-01 00:00:00","FISCAL_YEAR":"12-31","CURRENCY":"HKD","IS_CNY_CODE":0,"DPS_HKD_LY":0.25,"ORG_TYPE":"一般企业","PREMIUM_INCOME":null,"PREMIUM_INCOME_YOY":null,"NET_INTEREST_INCOME":null,"NET_INTEREST_INCOME_YOY":null,"FEE_COMMISSION_INCOME":null,"FEE_COMMISSION_INCOME_YOY":null,"ACCOUNTS_RECE_TDAYS":7.365529048827,"INVENTORY_TDAYS":11.330858945625,"CURRENT_ASSETS_TDAYS":2.778538047684,"TOTAL_ASSETS_TDAYS":1.293602366951,"PREMIUM_EXPENSE":null,"LOAN_DEPOSIT":null,"LOAN_EQUITY":null,"LOAN_ASSETS":null,"DEPOSIT_EQUITY":null,"DEPOSIT_ASSETS":null,"EQUITY_MULTIPLIER":4.99256514747,"EQUITY_RATIO":3.362986203457},{"SECUCODE":"01049.HK","SECURITY_CODE":"01049","SECURITY_NAME_ABBR":"时富投资","ORG_CODE":"10009217","STD_REPORT_DATE":"2021-06-30 00:00:00","REPORT_DATE":"2021-06-30 00:00:00","DATE_TYPE_CODE":"002","REPORT_TYPE":"2021年中报","PER_NETCASH_OPERATE":0.783969751505,"PER_OI":6.916010382088,"BPS":2.745795993693,"BASIC_EPS":-0.10733832,"DILUTED_EPS":-0.10733832,"OPERATE_INCOME":558261609.84,"OPERATE_INCOME_YOY":3.7599112913,"GROSS_PROFIT":242702758.56,"GROSS_PROFIT_YOY":-8.533511727484,"HOLDER_PROFIT":-8689411.44,"HOLDER_PROFIT_YOY":-136.8027210884,"GROSS_PROFIT_RATIO":43.474735550875,"EPS_TTM":0.359164635173,"OPERATE_INCOME_QOQ":-2.788738588094,"NET_PROFIT_RATIO":-1.5362418638,"ROE_AVG":-3.708227841359,"GROSS_PROFIT_QOQ":-4.415632590726,"ROA":-0.973653185351,"HOLDER_PROFIT_QOQ":-13.85060602992,"ROE_YEARLY":-7.416455682718,"ROIC_YEARLY":-2.110800342603,"TOTAL_ASSETS":866989084.32,"TOTAL_LIABILITIES":676628318.16,"TAX_EBT":-0.243143357323,"OCF_SALES":11.335578002245,"TOTAL_PARENT_EQUITY":221641149.6,"DEBT_ASSET_RATIO":78.0434644908,"OPERATE_PROFIT":6798925.68,"PRETAX_PROFIT":-8555446.56,"NETCASH_OPERATE":63282180.24,"NETCASH_INVEST":9352579.2,"NETCASH_FINANCE":-106765016.88,"END_CASH":83397714.24,"DIVI_RATIO":null,"DIVIDEND_RATE":null,"CURRENT_RATIO":0.613405594818,"COMMON_ACS":150000000,"CURRENTDEBT_DEBT":81.277876772216,"ISSUED_COMMON_SHARES":80720181,"HK_COMMON_SHARES":80720181,"PER_SHARES":2000,"TOTAL_MARKET_CAP":45203301.36,"HKSK_MARKET_CAP":45203301.36,"PE_TTM":-0.531622168437,"PB_TTM":0.509086317165,"REPORT_DATE_SQ":"2020-06-30 00:00:00","REPORT_TYPE_SQ":"2020年中报","OPERATE_INCOME_SQ":590640351.84,"DPS_HKD":null,"OPERATE_INCOME_QOQ_SQ":-1.972711351435,"NET_PROFIT_RATIO_SQ":-0.5859782775,"HOLDER_PROFIT_SQ":-4028270.4,"HOLDER_PROFIT_QOQ_SQ":29.232942726392,"ROE_AVG_SQ":-2.234750110851,"PE_TTM_SQ":-0.936919190469,"PB_TTM_SQ":0.442231091524,"ROA_SQ":-0.397952664388,"START_DATE":"2021-01-01 00:00:00","FISCAL_YEAR":"12-31","CURRENCY":"HKD","IS_CNY_CODE":0,"DPS_HKD_LY":0.25,"ORG_TYPE":"一般企业","PREMIUM_INCOME":null,"PREMIUM_INCOME_YOY":null,"NET_INTEREST_INCOME":null,"NET_INTEREST_INCOME_YOY":null,"FEE_COMMISSION_INCOME":null,"FEE_COMMISSION_INCOME_YOY":null,"ACCOUNTS_RECE_TDAYS":3.8118784036,"INVENTORY_TDAYS":5.24632368199,"CURRENT_ASSETS_TDAYS":1.511721126418,"TOTAL_ASSETS_TDAYS":0.625535110672,"PREMIUM_EXPENSE":null,"LOAN_DEPOSIT":null,"LOAN_EQUITY":null,"LOAN_ASSETS":null,"DEPOSIT_EQUITY":null,"DEPOSIT_ASSETS":null,"EQUITY_MULTIPLIER":4.554452589212,"EQUITY_RATIO":3.052810001126},{"SECUCODE":"01049.HK","SECURITY_CODE":"01049","SECURITY_NAME_ABBR":"时富投资","ORG_CODE":"10009217","STD_REPORT_DATE":"2020-12-31 00:00:00","REPORT_DATE":"2020-12-31 00:00:00","DATE_TYPE_CODE":"001","REPORT_TYPE":"2020年年报","PER_NETCASH_OPERATE":2.493769974574,"PER_OI":14.38368084581,"BPS":3.095293071258,"BASIC_EPS":0.551021708,"DILUTED_EPS":0.549338428,"OPERATE_INCOME":1161053321.32,"OPERATE_INCOME_YOY":-0.5949116892,"GROSS_PROFIT":512799469.04,"GROSS_PROFIT_YOY":-4.013850486278,"HOLDER_PROFIT":33652975.4,"HOLDER_PROFIT_YOY":140.2295959433,"GROSS_PROFIT_RATIO":44.166745800873,"EPS_TTM":0.416909067635,"OPERATE_INCOME_QOQ":-4.723316610905,"NET_PROFIT_RATIO":2.9701786065,"ROE_AVG":16.119668939049,"GROSS_PROFIT_QOQ":-4.318887807905,"ROA":3.595430651395,"HOLDER_PROFIT_QOQ":153.412086046781,"ROE_YEARLY":16.119668939049,"ROIC_YEARLY":3.964848349632,"TOTAL_ASSETS":928466107.32,"TOTAL_LIABILITIES":710367725.92,"TAX_EBT":11.472647135079,"OCF_SALES":17.337495188519,"TOTAL_PARENT_EQUITY":249852616.96,"DEBT_ASSET_RATIO":76.5098176788,"OPERATE_PROFIT":68788920.48,"PRETAX_PROFIT":38954465.76,"NETCASH_OPERATE":201297563.72,"NETCASH_INVEST":-11600324.12,"NETCASH_FINANCE":-184697056.36,"END_CASH":118878283.44,"DIVI_RATIO":null,"DIVIDEND_RATE":null,"CURRENT_RATIO":0.701633285559,"COMMON_ACS":150000000,"CURRENTDEBT_DEBT":81.426801006602,"ISSUED_COMMON_SHARES":80720181,"HK_COMMON_SHARES":80720181,"PER_SHARES":2000,"TOTAL_MARKET_CAP":45203301.36,"HKSK_MARKET_CAP":45203301.36,"PE_TTM":-0.531622168437,"PB_TTM":0.509086317165,"REPORT_DATE_SQ":"2019-12-31 00:00:00","REPORT_TYPE_SQ":"2019年年报","OPERATE_INCOME_SQ":1243135714.82,"DPS_HKD":null,"OPERATE_INCOME_QOQ_SQ":-3.882905260308,"NET_PROFIT_RATIO_SQ":-7.2311746407,"HOLDER_PROFIT_SQ":-89033365.76,"HOLDER_PROFIT_QOQ_SQ":35.175243527541,"ROE_AVG_SQ":-39.236136469056,"PE_TTM_SQ":-0.936919190469,"PB_TTM_SQ":0.442231091524,"ROA_SQ":-10.029191939271,"START_DATE":"2020-01-01 00:00:00","FISCAL_YEAR":"12-31","CURRENCY":"HKD","IS_CNY_CODE":0,"DPS_HKD_LY":null,"ORG_TYPE":"一般企业","PREMIUM_INCOME":null,"PREMIUM_INCOME_YOY":null,"NET_INTEREST_INCOME":null,"NET_INTEREST_INCOME_YOY":null,"FEE_COMMISSION_INCOME":null,"FEE_COMMISSION_INCOME_YOY":null,"ACCOUNTS_RECE_TDAYS":9.278746523446,"INVENTORY_TDAYS":11.869184657821,"CURRENT_ASSETS_TDAYS":3.098970688664,"TOTAL_ASSETS_TDAYS":1.240451000174,"PREMIUM_EXPENSE":null,"LOAN_DEPOSIT":null,"LOAN_EQUITY":null,"LOAN_ASSETS":null,"DEPOSIT_EQUITY":null,"DEPOSIT_ASSETS":null,"EQUITY_MULTIPLIER":4.257097651803,"EQUITY_RATIO":2.84314703029},{"SECUCODE":"01049.HK","SECURITY_CODE":"01049","SECURITY_NAME_ABBR":"时富投资","ORG_CODE":"10009217","STD_REPORT_DATE":"2020-06-30 00:00:00","REPORT_DATE":"2020-06-30 00:00:00","DATE_TYPE_CODE":"002","REPORT_TYPE":"2020年中报","PER_NETCASH_OPERATE":0.028856129529,"PER_OI":0.365856681785,"BPS":2.211590349135,"BASIC_EPS":-0.09682464,"DILUTED_EPS":-0.09682464,"OPERATE_INCOME":590640351.84,"OPERATE_INCOME_YOY":-7.5371789739,"GROSS_PROFIT":265346099.04,"GROSS_PROFIT_YOY":0.64602553266,"HOLDER_PROFIT":-4028270.4,"HOLDER_PROFIT_YOY":87.0928088506,"GROSS_PROFIT_RATIO":44.925155928371,"EPS_TTM":-0.039027596396,"OPERATE_INCOME_QOQ":-1.972711351435,"NET_PROFIT_RATIO":-0.5859782775,"ROE_AVG":-2.234750110851,"GROSS_PROFIT_QOQ":0.318806203898,"ROA":-0.397952664388,"HOLDER_PROFIT_QOQ":29.232942726392,"ROE_YEARLY":-4.469500221701,"ROIC_YEARLY":-0.884825690844,"TOTAL_ASSETS":1000486264.8,"TOTAL_LIABILITIES":848127213.12,"TAX_EBT":-9.826086956522,"OCF_SALES":7.887276894454,"TOTAL_PARENT_EQUITY":178519973.28,"DEBT_ASSET_RATIO":84.7714999155,"OPERATE_PROFIT":17868713.28,"PRETAX_PROFIT":-3151368,"NETCASH_OPERATE":46585440,"NETCASH_INVEST":45031678.56,"NETCASH_FINANCE":-77731917.12,"END_CASH":134870329.44,"DIVI_RATIO":null,"DIVIDEND_RATE":null,"CURRENT_RATIO":0.592321245454,"COMMON_ACS":150000000,"CURRENTDEBT_DEBT":73.413943810326,"ISSUED_COMMON_SHARES":80720181,"HK_COMMON_SHARES":80720181,"PER_SHARES":2000,"TOTAL_MARKET_CAP":45203301.36,"HKSK_MARKET_CAP":45203301.36,"PE_TTM":-0.531622168437,"PB_TTM":0.509086317165,"REPORT_DATE_SQ":"2019-06-30 00:00:00","REPORT_TYPE_SQ":"2019年中报","OPERATE_INCOME_SQ":615163831.2,"DPS_HKD":null,"OPERATE_INCOME_QOQ_SQ":3.931113609488,"NET_PROFIT_RATIO_SQ":-5.112537894,"HOLDER_PROFIT_SQ":-30055343.22,"HOLDER_PROFIT_QOQ_SQ":22.55989094884,"ROE_AVG_SQ":-12.007569966842,"PE_TTM_SQ":-0.936919190469,"PB_TTM_SQ":0.442231091524,"ROA_SQ":-3.363451517304,"START_DATE":"2020-01-01 00:00:00","FISCAL_YEAR":"12-31","CURRENCY":"HKD","IS_CNY_CODE":0,"DPS_HKD_LY":null,"ORG_TYPE":"一般企业","PREMIUM_INCOME":null,"PREMIUM_INCOME_YOY":null,"NET_INTEREST_INCOME":null,"NET_INTEREST_INCOME_YOY":null,"FEE_COMMISSION_INCOME":null,"FEE_COMMISSION_INCOME_YOY":null,"ACCOUNTS_RECE_TDAYS":6.190241871018,"INVENTORY_TDAYS":6.272147662827,"CURRENT_ASSETS_TDAYS":1.592932191907,"TOTAL_ASSETS_TDAYS":0.583493356627,"PREMIUM_EXPENSE":null,"LOAN_DEPOSIT":null,"LOAN_EQUITY":null,"LOAN_ASSETS":null,"DEPOSIT_EQUITY":null,"DEPOSIT_ASSETS":null,"EQUITY_MULTIPLIER":6.566634891494,"EQUITY_RATIO":4.750881358187}],"count":49},"success":true,"message":"ok","code":0}