{"version":"c18325721553e83a48059024066fb166","result":{"pages":6,"data":[{"SECUCODE":"01044.HK","SECURITY_CODE":"01044","SECURITY_NAME_ABBR":"恒安国际","ORG_CODE":"10009213","STD_REPORT_DATE":"2024-06-30 00:00:00","REPORT_DATE":"2024-06-30 00:00:00","DATE_TYPE_CODE":"002","REPORT_TYPE":"2024年中报","PER_NETCASH_OPERATE":1.368267082235,"PER_OI":10.392199162675,"BPS":18.305270092779,"BASIC_EPS":1.234,"DILUTED_EPS":1.234,"OPERATE_INCOME":11835893000,"OPERATE_INCOME_YOY":-3.0210891708,"GROSS_PROFIT":3936242000,"GROSS_PROFIT_YOY":3.898378007417,"HOLDER_PROFIT":1408992000,"HOLDER_PROFIT_YOY":14.9476899381,"GROSS_PROFIT_RATIO":33.256823122683,"EPS_TTM":2.619810520172,"OPERATE_INCOME_QOQ":-1.551300037159,"NET_PROFIT_RATIO":11.8560297901,"ROE_AVG":6.832454439842,"GROSS_PROFIT_QOQ":1.843686834389,"ROA":3.252295584935,"HOLDER_PROFIT_QOQ":6.542468880031,"ROE_YEARLY":13.664908879683,"ROIC_YEARLY":11.997081857176,"TOTAL_ASSETS":46430098000,"TOTAL_LIABILITIES":25361328000,"TAX_EBT":19.159522699869,"OCF_SALES":13.166290029827,"TOTAL_PARENT_EQUITY":20848255000,"DEBT_ASSET_RATIO":54.6226027781,"OPERATE_PROFIT":1895891000,"PRETAX_PROFIT":1735847000,"NETCASH_OPERATE":1558348000,"NETCASH_INVEST":-6520453000,"NETCASH_FINANCE":5114479000,"END_CASH":8180200000,"DIVI_RATIO":0.532970043127,"DIVIDEND_RATE":7.026681922197,"CURRENT_RATIO":1.28216290163,"COMMON_ACS":3000000000,"CURRENTDEBT_DEBT":89.760141897932,"ISSUED_COMMON_SHARES":1138920917,"HK_COMMON_SHARES":1138920917,"PER_SHARES":500,"TOTAL_MARKET_CAP":24885422036.45,"HKSK_MARKET_CAP":24885422036.45,"PE_TTM":7.530433475801,"PB_TTM":1.089416211775,"REPORT_DATE_SQ":"2023-06-30 00:00:00","REPORT_TYPE_SQ":"2023年中报","OPERATE_INCOME_SQ":12204605000,"DPS_HKD":1.53533,"OPERATE_INCOME_QOQ_SQ":4.441941188399,"NET_PROFIT_RATIO_SQ":10.0527710647,"HOLDER_PROFIT_SQ":1225768000,"HOLDER_PROFIT_QOQ_SQ":-2.61903784913,"ROE_AVG_SQ":6.197116733613,"PE_TTM_SQ":14.464628068799,"PB_TTM_SQ":1.326233918027,"ROA_SQ":2.701885883142,"START_DATE":"2024-01-01 00:00:00","FISCAL_YEAR":"12-31","CURRENCY":"HKD","IS_CNY_CODE":0,"DPS_HKD_LY":1.53533,"ORG_TYPE":"一般企业","PREMIUM_INCOME":null,"PREMIUM_INCOME_YOY":null,"NET_INTEREST_INCOME":null,"NET_INTEREST_INCOME_YOY":null,"FEE_COMMISSION_INCOME":null,"FEE_COMMISSION_INCOME_YOY":null,"ACCOUNTS_RECE_TDAYS":4.612330613881,"INVENTORY_TDAYS":1.870856196088,"CURRENT_ASSETS_TDAYS":0.422728694461,"TOTAL_ASSETS_TDAYS":0.273201143425,"PREMIUM_EXPENSE":null,"LOAN_DEPOSIT":null,"LOAN_EQUITY":null,"LOAN_ASSETS":null,"DEPOSIT_EQUITY":null,"DEPOSIT_ASSETS":null,"EQUITY_MULTIPLIER":2.203740322764,"EQUITY_RATIO":1.216472457767},{"SECUCODE":"01044.HK","SECURITY_CODE":"01044","SECURITY_NAME_ABBR":"恒安国际","ORG_CODE":"10009213","STD_REPORT_DATE":"2023-12-31 00:00:00","REPORT_DATE":"2023-12-31 00:00:00","DATE_TYPE_CODE":"001","REPORT_TYPE":"2023年年报","PER_NETCASH_OPERATE":3.334743350119,"PER_OI":20.452205663208,"BPS":17.908038824789,"BASIC_EPS":2.415,"DILUTED_EPS":2.415,"OPERATE_INCOME":23767936000,"OPERATE_INCOME_YOY":5.0940228807,"GROSS_PROFIT":8010688000,"GROSS_PROFIT_YOY":4.176982141489,"HOLDER_PROFIT":2800533000,"HOLDER_PROFIT_YOY":45.4634179787,"GROSS_PROFIT_RATIO":33.703759552365,"EPS_TTM":2.409846478996,"OPERATE_INCOME_QOQ":0.624348499195,"NET_PROFIT_RATIO":11.8117282039,"ROE_AVG":14.030920819119,"GROSS_PROFIT_QOQ":6.300941445553,"ROA":6.784800428495,"HOLDER_PROFIT_QOQ":49.375622057727,"ROE_YEARLY":14.030920819119,"ROIC_YEARLY":12.389116666391,"TOTAL_ASSETS":40215901000,"TOTAL_LIABILITIES":19586050000,"TAX_EBT":22.133441911087,"OCF_SALES":16.305054843635,"TOTAL_PARENT_EQUITY":20395840000,"DEBT_ASSET_RATIO":48.7022533699,"OPERATE_PROFIT":3977931000,"PRETAX_PROFIT":3605404000,"NETCASH_OPERATE":3875375000,"NETCASH_INVEST":3583922000,"NETCASH_FINANCE":-5549268000,"END_CASH":8021756000,"DIVI_RATIO":0.579406421982,"DIVIDEND_RATE":6.962947845805,"CURRENT_RATIO":1.406587603145,"COMMON_ACS":3000000000,"CURRENTDEBT_DEBT":97.3156200459,"ISSUED_COMMON_SHARES":1138920917,"HK_COMMON_SHARES":1138920917,"PER_SHARES":500,"TOTAL_MARKET_CAP":25113206219.85,"HKSK_MARKET_CAP":25113206219.85,"PE_TTM":7.599361928669,"PB_TTM":1.099387984881,"REPORT_DATE_SQ":"2022-12-31 00:00:00","REPORT_TYPE_SQ":"2022年年报","OPERATE_INCOME_SQ":22615878000,"DPS_HKD":1.53533,"OPERATE_INCOME_QOQ_SQ":2.723565424468,"NET_PROFIT_RATIO_SQ":8.619165703,"HOLDER_PROFIT_SQ":1925249000,"HOLDER_PROFIT_QOQ_SQ":-28.416099646774,"ROE_AVG_SQ":9.98556377957,"PE_TTM_SQ":14.727091078112,"PB_TTM_SQ":1.350298646379,"ROA_SQ":4.549803208059,"START_DATE":"2023-01-01 00:00:00","FISCAL_YEAR":"12-31","CURRENCY":"HKD","IS_CNY_CODE":0,"DPS_HKD_LY":1.560172,"ORG_TYPE":"一般企业","PREMIUM_INCOME":null,"PREMIUM_INCOME_YOY":null,"NET_INTEREST_INCOME":null,"NET_INTEREST_INCOME_YOY":null,"FEE_COMMISSION_INCOME":null,"FEE_COMMISSION_INCOME_YOY":null,"ACCOUNTS_RECE_TDAYS":8.666136273974,"INVENTORY_TDAYS":3.54215814452,"CURRENT_ASSETS_TDAYS":0.865571453138,"TOTAL_ASSETS_TDAYS":0.575821468118,"PREMIUM_EXPENSE":null,"LOAN_DEPOSIT":null,"LOAN_EQUITY":null,"LOAN_ASSETS":null,"DEPOSIT_EQUITY":null,"DEPOSIT_ASSETS":null,"EQUITY_MULTIPLIER":1.949403366996,"EQUITY_RATIO":0.960296315327},{"SECUCODE":"01044.HK","SECURITY_CODE":"01044","SECURITY_NAME_ABBR":"恒安国际","ORG_CODE":"10009213","STD_REPORT_DATE":"2023-06-30 00:00:00","REPORT_DATE":"2023-06-30 00:00:00","DATE_TYPE_CODE":"002","REPORT_TYPE":"2023年中报","PER_NETCASH_OPERATE":1.668461492807,"PER_OI":10.502009577029,"BPS":17.591821083395,"BASIC_EPS":1.055,"DILUTED_EPS":1.055,"OPERATE_INCOME":12204605000,"OPERATE_INCOME_YOY":8.9694831822,"GROSS_PROFIT":3788550000,"GROSS_PROFIT_YOY":-3.897350483526,"HOLDER_PROFIT":1225768000,"HOLDER_PROFIT_YOY":-3.9510543484,"GROSS_PROFIT_RATIO":31.041971452579,"EPS_TTM":1.613279627425,"OPERATE_INCOME_QOQ":4.441941188399,"NET_PROFIT_RATIO":10.0527710647,"ROE_AVG":6.197116733613,"GROSS_PROFIT_QOQ":-1.99806255258,"ROA":2.701885883142,"HOLDER_PROFIT_QOQ":-2.61903784913,"ROE_YEARLY":12.394233467225,"ROIC_YEARLY":10.93933237541,"TOTAL_ASSETS":48397012000,"TOTAL_LIABILITIES":28116975000,"TAX_EBT":20.407698565407,"OCF_SALES":15.887068856387,"TOTAL_PARENT_EQUITY":20035693000,"DEBT_ASSET_RATIO":58.096510173,"OPERATE_PROFIT":1701681000,"PRETAX_PROFIT":1541482000,"NETCASH_OPERATE":1938954000,"NETCASH_INVEST":-2709232000,"NETCASH_FINANCE":5431320000,"END_CASH":10793612000,"DIVI_RATIO":0.865491947077,"DIVIDEND_RATE":6.962947845805,"CURRENT_RATIO":1.255752562272,"COMMON_ACS":3000000000,"CURRENTDEBT_DEBT":98.555964857528,"ISSUED_COMMON_SHARES":1138920917,"HK_COMMON_SHARES":1138920917,"PER_SHARES":500,"TOTAL_MARKET_CAP":25113206219.85,"HKSK_MARKET_CAP":25113206219.85,"PE_TTM":7.599361928669,"PB_TTM":1.099387984881,"REPORT_DATE_SQ":"2022-06-30 00:00:00","REPORT_TYPE_SQ":"2022年中报","OPERATE_INCOME_SQ":11200021000,"DPS_HKD":1.53533,"OPERATE_INCOME_QOQ_SQ":5.897539718821,"NET_PROFIT_RATIO_SQ":11.5322819484,"HOLDER_PROFIT_SQ":1276191000,"HOLDER_PROFIT_QOQ_SQ":-17.84276703239,"ROE_AVG_SQ":6.597716544289,"PE_TTM_SQ":14.727091078112,"PB_TTM_SQ":1.350298646379,"ROA_SQ":2.856805988688,"START_DATE":"2023-01-01 00:00:00","FISCAL_YEAR":"12-31","CURRENCY":"HKD","IS_CNY_CODE":0,"DPS_HKD_LY":1.560172,"ORG_TYPE":"一般企业","PREMIUM_INCOME":null,"PREMIUM_INCOME_YOY":null,"NET_INTEREST_INCOME":null,"NET_INTEREST_INCOME_YOY":null,"FEE_COMMISSION_INCOME":null,"FEE_COMMISSION_INCOME_YOY":null,"ACCOUNTS_RECE_TDAYS":4.229845201024,"INVENTORY_TDAYS":2.091980417143,"CURRENT_ASSETS_TDAYS":0.388022876954,"TOTAL_ASSETS_TDAYS":0.269018688356,"PREMIUM_EXPENSE":null,"LOAN_DEPOSIT":null,"LOAN_EQUITY":null,"LOAN_ASSETS":null,"DEPOSIT_EQUITY":null,"DEPOSIT_ASSETS":null,"EQUITY_MULTIPLIER":2.386436079975,"EQUITY_RATIO":1.403344271646},{"SECUCODE":"01044.HK","SECURITY_CODE":"01044","SECURITY_NAME_ABBR":"恒安国际","ORG_CODE":"10009213","STD_REPORT_DATE":"2022-12-31 00:00:00","REPORT_DATE":"2022-12-31 00:00:00","DATE_TYPE_CODE":"001","REPORT_TYPE":"2022年年报","PER_NETCASH_OPERATE":3.278369698254,"PER_OI":19.460864759566,"BPS":17.142197240021,"BASIC_EPS":1.657,"DILUTED_EPS":1.657,"OPERATE_INCOME":22615878000,"OPERATE_INCOME_YOY":8.781728496,"GROSS_PROFIT":7689499000,"GROSS_PROFIT_YOY":-1.065563709565,"HOLDER_PROFIT":1925249000,"HOLDER_PROFIT_YOY":-41.1886482195,"GROSS_PROFIT_RATIO":34.000444289627,"EPS_TTM":1.656668399851,"OPERATE_INCOME_QOQ":2.723565424468,"NET_PROFIT_RATIO":8.619165703,"ROE_AVG":9.98556377957,"GROSS_PROFIT_QOQ":-1.211985655405,"ROA":4.549803208059,"HOLDER_PROFIT_QOQ":-28.416099646774,"ROE_YEARLY":9.98556377957,"ROIC_YEARLY":8.154332701733,"TOTAL_ASSETS":42337242000,"TOTAL_LIABILITIES":22561505000,"TAX_EBT":31.200027106335,"OCF_SALES":16.845961054442,"TOTAL_PARENT_EQUITY":19523607000,"DEBT_ASSET_RATIO":53.2899733998,"OPERATE_PROFIT":2869154000,"PRETAX_PROFIT":2833286000,"NETCASH_OPERATE":3809862000,"NETCASH_INVEST":-6065909000,"NETCASH_FINANCE":-4137416000,"END_CASH":6088603000,"DIVI_RATIO":0.842824385402,"DIVIDEND_RATE":6.962947845805,"CURRENT_RATIO":1.378267206862,"COMMON_ACS":3000000000,"CURRENTDEBT_DEBT":90.393358067203,"ISSUED_COMMON_SHARES":1138920917,"HK_COMMON_SHARES":1138920917,"PER_SHARES":500,"TOTAL_MARKET_CAP":25113206219.85,"HKSK_MARKET_CAP":25113206219.85,"PE_TTM":7.599361928669,"PB_TTM":1.099387984881,"REPORT_DATE_SQ":"2021-12-31 00:00:00","REPORT_TYPE_SQ":"2021年年报","OPERATE_INCOME_SQ":20790144000,"DPS_HKD":1.53533,"OPERATE_INCOME_QOQ_SQ":-2.940744357635,"NET_PROFIT_RATIO_SQ":15.8257874501,"HOLDER_PROFIT_SQ":3273601000,"HOLDER_PROFIT_QOQ_SQ":-21.974988434254,"ROE_AVG_SQ":17.028528863207,"PE_TTM_SQ":14.727091078112,"PB_TTM_SQ":1.350298646379,"ROA_SQ":7.548627624706,"START_DATE":"2022-01-01 00:00:00","FISCAL_YEAR":"12-31","CURRENCY":"HKD","IS_CNY_CODE":0,"DPS_HKD_LY":1.669953,"ORG_TYPE":"一般企业","PREMIUM_INCOME":null,"PREMIUM_INCOME_YOY":null,"NET_INTEREST_INCOME":null,"NET_INTEREST_INCOME_YOY":null,"FEE_COMMISSION_INCOME":null,"FEE_COMMISSION_INCOME_YOY":null,"ACCOUNTS_RECE_TDAYS":7.663711827158,"INVENTORY_TDAYS":3.428430628986,"CURRENT_ASSETS_TDAYS":0.816786114214,"TOTAL_ASSETS_TDAYS":0.53446486287,"PREMIUM_EXPENSE":null,"LOAN_DEPOSIT":null,"LOAN_EQUITY":null,"LOAN_ASSETS":null,"DEPOSIT_EQUITY":null,"DEPOSIT_ASSETS":null,"EQUITY_MULTIPLIER":2.14086797372,"EQUITY_RATIO":1.155601267737},{"SECUCODE":"01044.HK","SECURITY_CODE":"01044","SECURITY_NAME_ABBR":"恒安国际","ORG_CODE":"10009213","STD_REPORT_DATE":"2022-06-30 00:00:00","REPORT_DATE":"2022-06-30 00:00:00","DATE_TYPE_CODE":"002","REPORT_TYPE":"2022年中报","PER_NETCASH_OPERATE":1.827712563236,"PER_OI":9.637569409656,"BPS":17.252118831706,"BASIC_EPS":1.098,"DILUTED_EPS":1.098,"OPERATE_INCOME":11200021000,"OPERATE_INCOME_YOY":12.2931378795,"GROSS_PROFIT":3942191000,"GROSS_PROFIT_YOY":0.293079731171,"HOLDER_PROFIT":1276191000,"HOLDER_PROFIT_YOY":-31.3983503665,"GROSS_PROFIT_RATIO":35.198067932194,"EPS_TTM":2.314303064902,"OPERATE_INCOME_QOQ":5.897539718821,"NET_PROFIT_RATIO":11.5322819484,"ROE_AVG":6.597716544289,"GROSS_PROFIT_QOQ":0.148218330748,"ROA":2.856805988688,"HOLDER_PROFIT_QOQ":-17.84276703239,"ROE_YEARLY":13.195433088578,"ROIC_YEARLY":11.079283436517,"TOTAL_ASSETS":47051156000,"TOTAL_LIABILITIES":27139675000,"TAX_EBT":28.079625814355,"OCF_SALES":18.964455513075,"TOTAL_PARENT_EQUITY":19648799000,"DEBT_ASSET_RATIO":57.6812076626,"OPERATE_PROFIT":1885753000,"PRETAX_PROFIT":1795900000,"NETCASH_OPERATE":2124023000,"NETCASH_INVEST":3182282000,"NETCASH_FINANCE":3169399000,"END_CASH":20888836000,"DIVI_RATIO":0.603326568199,"DIVIDEND_RATE":6.962947845805,"CURRENT_RATIO":1.331138277407,"COMMON_ACS":3000000000,"CURRENTDEBT_DEBT":91.486475059116,"ISSUED_COMMON_SHARES":1138920917,"HK_COMMON_SHARES":1138920917,"PER_SHARES":500,"TOTAL_MARKET_CAP":25113206219.85,"HKSK_MARKET_CAP":25113206219.85,"PE_TTM":7.599361928669,"PB_TTM":1.099387984881,"REPORT_DATE_SQ":"2021-06-30 00:00:00","REPORT_TYPE_SQ":"2021年中报","OPERATE_INCOME_SQ":9973914000,"DPS_HKD":1.53533,"OPERATE_INCOME_QOQ_SQ":-4.263645112021,"NET_PROFIT_RATIO_SQ":18.7343704788,"HOLDER_PROFIT_SQ":1860292000,"HOLDER_PROFIT_QOQ_SQ":-8.68883730901,"ROE_AVG_SQ":9.59893161053,"PE_TTM_SQ":14.727091078112,"PB_TTM_SQ":1.350298646379,"ROA_SQ":4.075607254235,"START_DATE":"2022-01-01 00:00:00","FISCAL_YEAR":"12-31","CURRENCY":"HKD","IS_CNY_CODE":0,"DPS_HKD_LY":1.669953,"ORG_TYPE":"一般企业","PREMIUM_INCOME":null,"PREMIUM_INCOME_YOY":null,"NET_INTEREST_INCOME":null,"NET_INTEREST_INCOME_YOY":null,"FEE_COMMISSION_INCOME":null,"FEE_COMMISSION_INCOME_YOY":null,"ACCOUNTS_RECE_TDAYS":3.579912445734,"INVENTORY_TDAYS":1.860937913652,"CURRENT_ASSETS_TDAYS":0.371352188595,"TOTAL_ASSETS_TDAYS":0.250717071866,"PREMIUM_EXPENSE":null,"LOAN_DEPOSIT":null,"LOAN_EQUITY":null,"LOAN_ASSETS":null,"DEPOSIT_EQUITY":null,"DEPOSIT_ASSETS":null,"EQUITY_MULTIPLIER":2.363016392404,"EQUITY_RATIO":1.381238364747},{"SECUCODE":"01044.HK","SECURITY_CODE":"01044","SECURITY_NAME_ABBR":"恒安国际","ORG_CODE":"10009213","STD_REPORT_DATE":"2021-12-31 00:00:00","REPORT_DATE":"2021-12-31 00:00:00","DATE_TYPE_CODE":"001","REPORT_TYPE":"2021年年报","PER_NETCASH_OPERATE":3.961382961666,"PER_OI":17.889828584851,"BPS":16.714979693362,"BASIC_EPS":2.786,"DILUTED_EPS":2.786,"OPERATE_INCOME":20790144000,"OPERATE_INCOME_YOY":-7.0790065666,"GROSS_PROFIT":7772318000,"GROSS_PROFIT_YOY":-17.804175296681,"HOLDER_PROFIT":3273601000,"HOLDER_PROFIT_YOY":-28.7544547495,"GROSS_PROFIT_RATIO":37.384628023741,"EPS_TTM":2.816919437653,"OPERATE_INCOME_QOQ":-2.940744357635,"NET_PROFIT_RATIO":15.8257874501,"ROE_AVG":17.028528863207,"GROSS_PROFIT_QOQ":-9.317438632807,"ROA":7.548627624706,"HOLDER_PROFIT_QOQ":-21.974988434254,"ROE_YEARLY":17.028528863207,"ROIC_YEARLY":13.780753606528,"TOTAL_ASSETS":42292748000,"TOTAL_LIABILITIES":23012298000,"TAX_EBT":24.006147498387,"OCF_SALES":22.143213630459,"TOTAL_PARENT_EQUITY":19037040000,"DEBT_ASSET_RATIO":54.4119242382,"OPERATE_PROFIT":4543591000,"PRETAX_PROFIT":4329566000,"NETCASH_OPERATE":4603606000,"NETCASH_INVEST":2676064000,"NETCASH_FINANCE":-6486513000,"END_CASH":12339816000,"DIVI_RATIO":0.495676414191,"DIVIDEND_RATE":6.962947845805,"CURRENT_RATIO":1.237401100307,"COMMON_ACS":3000000000,"CURRENTDEBT_DEBT":95.76392587998,"ISSUED_COMMON_SHARES":1138920917,"HK_COMMON_SHARES":1138920917,"PER_SHARES":500,"TOTAL_MARKET_CAP":25113206219.85,"HKSK_MARKET_CAP":25113206219.85,"PE_TTM":7.599361928669,"PB_TTM":1.099387984881,"REPORT_DATE_SQ":"2020-12-31 00:00:00","REPORT_TYPE_SQ":"2020年年报","OPERATE_INCOME_SQ":22374001000,"DPS_HKD":1.53533,"OPERATE_INCOME_QOQ_SQ":-1.192805137197,"NET_PROFIT_RATIO_SQ":20.5973084564,"HOLDER_PROFIT_SQ":4594815000,"HOLDER_PROFIT_QOQ_SQ":7.118503479102,"ROE_AVG_SQ":24.64743165165,"PE_TTM_SQ":14.727091078112,"PB_TTM_SQ":1.350298646379,"ROA_SQ":10.480909492163,"START_DATE":"2021-01-01 00:00:00","FISCAL_YEAR":"12-31","CURRENCY":"HKD","IS_CNY_CODE":0,"DPS_HKD_LY":2.752956,"ORG_TYPE":"一般企业","PREMIUM_INCOME":null,"PREMIUM_INCOME_YOY":null,"NET_INTEREST_INCOME":null,"NET_INTEREST_INCOME_YOY":null,"FEE_COMMISSION_INCOME":null,"FEE_COMMISSION_INCOME_YOY":null,"ACCOUNTS_RECE_TDAYS":6.55289503416,"INVENTORY_TDAYS":3.072635230625,"CURRENT_ASSETS_TDAYS":0.726792778499,"TOTAL_ASSETS_TDAYS":0.479401904264,"PREMIUM_EXPENSE":null,"LOAN_DEPOSIT":null,"LOAN_EQUITY":null,"LOAN_ASSETS":null,"DEPOSIT_EQUITY":null,"DEPOSIT_ASSETS":null,"EQUITY_MULTIPLIER":2.193556063268,"EQUITY_RATIO":1.208817021974},{"SECUCODE":"01044.HK","SECURITY_CODE":"01044","SECURITY_NAME_ABBR":"恒安国际","ORG_CODE":"10009213","STD_REPORT_DATE":"2021-06-30 00:00:00","REPORT_DATE":"2021-06-30 00:00:00","DATE_TYPE_CODE":"002","REPORT_TYPE":"2021年中报","PER_NETCASH_OPERATE":1.880957639242,"PER_OI":8.470146133794,"BPS":16.988894234173,"BASIC_EPS":1.574,"DILUTED_EPS":1.574,"OPERATE_INCOME":9973914000,"OPERATE_INCOME_YOY":-8.7295026237,"GROSS_PROFIT":3930671000,"GROSS_PROFIT_YOY":-18.376619911168,"HOLDER_PROFIT":1860292000,"HOLDER_PROFIT_YOY":-17.6689998973,"GROSS_PROFIT_RATIO":39.409513657327,"EPS_TTM":3.563011195592,"OPERATE_INCOME_QOQ":-4.263645112021,"NET_PROFIT_RATIO":18.7343704788,"ROE_AVG":9.59893161053,"GROSS_PROFIT_QOQ":-9.358730648894,"ROA":4.075607254235,"HOLDER_PROFIT_QOQ":-8.68883730901,"ROE_YEARLY":19.19786322106,"ROIC_YEARLY":15.846268641492,"TOTAL_ASSETS":46848146000,"TOTAL_LIABILITIES":27249770000,"TAX_EBT":22.655672765881,"OCF_SALES":22.206908942668,"TOTAL_PARENT_EQUITY":19349007000,"DEBT_ASSET_RATIO":58.1661652096,"OPERATE_PROFIT":2540583000,"PRETAX_PROFIT":2415885000,"NETCASH_OPERATE":2214898000,"NETCASH_INVEST":2727007000,"NETCASH_FINANCE":858976000,"END_CASH":17377234000,"DIVI_RATIO":0.391882160698,"DIVIDEND_RATE":6.962947845805,"CURRENT_RATIO":1.267722300481,"COMMON_ACS":3000000000,"CURRENTDEBT_DEBT":92.686059368575,"ISSUED_COMMON_SHARES":1138920917,"HK_COMMON_SHARES":1138920917,"PER_SHARES":500,"TOTAL_MARKET_CAP":25113206219.85,"HKSK_MARKET_CAP":25113206219.85,"PE_TTM":7.599361928669,"PB_TTM":1.099387984881,"REPORT_DATE_SQ":"2020-06-30 00:00:00","REPORT_TYPE_SQ":"2020年中报","OPERATE_INCOME_SQ":10927862000,"DPS_HKD":1.53533,"OPERATE_INCOME_QOQ_SQ":0.672462732038,"NET_PROFIT_RATIO_SQ":20.7264696425,"HOLDER_PROFIT_SQ":2259528000,"HOLDER_PROFIT_QOQ_SQ":9.769013822116,"ROE_AVG_SQ":12.372873991356,"PE_TTM_SQ":14.727091078112,"PB_TTM_SQ":1.350298646379,"ROA_SQ":4.714824765312,"START_DATE":"2021-01-01 00:00:00","FISCAL_YEAR":"12-31","CURRENCY":"HKD","IS_CNY_CODE":0,"DPS_HKD_LY":2.752956,"ORG_TYPE":"一般企业","PREMIUM_INCOME":null,"PREMIUM_INCOME_YOY":null,"NET_INTEREST_INCOME":null,"NET_INTEREST_INCOME_YOY":null,"FEE_COMMISSION_INCOME":null,"FEE_COMMISSION_INCOME_YOY":null,"ACCOUNTS_RECE_TDAYS":3.08673318437,"INVENTORY_TDAYS":1.420605497285,"CURRENT_ASSETS_TDAYS":0.321946978065,"TOTAL_ASSETS_TDAYS":0.218512772465,"PREMIUM_EXPENSE":null,"LOAN_DEPOSIT":null,"LOAN_EQUITY":null,"LOAN_ASSETS":null,"DEPOSIT_EQUITY":null,"DEPOSIT_ASSETS":null,"EQUITY_MULTIPLIER":2.390409593121,"EQUITY_RATIO":1.408329119939},{"SECUCODE":"01044.HK","SECURITY_CODE":"01044","SECURITY_NAME_ABBR":"恒安国际","ORG_CODE":"10009213","STD_REPORT_DATE":"2020-12-31 00:00:00","REPORT_DATE":"2020-12-31 00:00:00","DATE_TYPE_CODE":"001","REPORT_TYPE":"2020年年报","PER_NETCASH_OPERATE":4.249774075869,"PER_OI":18.85972799929,"BPS":17.043668010884,"BASIC_EPS":3.864,"DILUTED_EPS":3.864,"OPERATE_INCOME":22374001000,"OPERATE_INCOME_YOY":-0.5283635752,"GROSS_PROFIT":9455855000,"GROSS_PROFIT_YOY":8.826122628988,"HOLDER_PROFIT":4594815000,"HOLDER_PROFIT_YOY":17.58292489,"GROSS_PROFIT_RATIO":42.262691415809,"EPS_TTM":3.873109736031,"OPERATE_INCOME_QOQ":-1.192805137197,"NET_PROFIT_RATIO":20.5973084564,"ROE_AVG":24.64743165165,"GROSS_PROFIT_QOQ":-0.314726078989,"ROA":10.480909492163,"HOLDER_PROFIT_QOQ":7.118503479102,"ROE_YEARLY":24.64743165165,"ROIC_YEARLY":19.922595756425,"TOTAL_ASSETS":44440925000,"TOTAL_LIABILITIES":24779451000,"TAX_EBT":22.695591756464,"OCF_SALES":22.533591555663,"TOTAL_PARENT_EQUITY":19411390000,"DEBT_ASSET_RATIO":55.7581801009,"OPERATE_PROFIT":6392388000,"PRETAX_PROFIT":5961422000,"NETCASH_OPERATE":5041666000,"NETCASH_INVEST":1556172000,"NETCASH_FINANCE":-3929371000,"END_CASH":11607059000,"DIVI_RATIO":0.360506316909,"DIVIDEND_RATE":6.962947845805,"CURRENT_RATIO":1.357153580196,"COMMON_ACS":3000000000,"CURRENTDEBT_DEBT":89.033231607916,"ISSUED_COMMON_SHARES":1138920917,"HK_COMMON_SHARES":1138920917,"PER_SHARES":500,"TOTAL_MARKET_CAP":25113206219.85,"HKSK_MARKET_CAP":25113206219.85,"PE_TTM":7.599361928669,"PB_TTM":1.099387984881,"REPORT_DATE_SQ":"2019-12-31 00:00:00","REPORT_TYPE_SQ":"2019年年报","OPERATE_INCOME_SQ":22492845000,"DPS_HKD":1.53533,"OPERATE_INCOME_QOQ_SQ":6.331100300233,"NET_PROFIT_RATIO_SQ":17.4148846,"HOLDER_PROFIT_SQ":3907723000,"HOLDER_PROFIT_QOQ_SQ":4.745595977141,"ROE_AVG_SQ":22.589234016052,"PE_TTM_SQ":14.727091078112,"PB_TTM_SQ":1.350298646379,"ROA_SQ":8.792175156414,"START_DATE":"2020-01-01 00:00:00","FISCAL_YEAR":"12-31","CURRENCY":"HKD","IS_CNY_CODE":0,"DPS_HKD_LY":2.71153,"ORG_TYPE":"一般企业","PREMIUM_INCOME":null,"PREMIUM_INCOME_YOY":null,"NET_INTEREST_INCOME":null,"NET_INTEREST_INCOME_YOY":null,"FEE_COMMISSION_INCOME":null,"FEE_COMMISSION_INCOME_YOY":null,"ACCOUNTS_RECE_TDAYS":6.368577643117,"INVENTORY_TDAYS":3.184392168328,"CURRENT_ASSETS_TDAYS":0.745677257573,"TOTAL_ASSETS_TDAYS":0.510357608432,"PREMIUM_EXPENSE":null,"LOAN_DEPOSIT":null,"LOAN_EQUITY":null,"LOAN_ASSETS":null,"DEPOSIT_EQUITY":null,"DEPOSIT_ASSETS":null,"EQUITY_MULTIPLIER":2.260304847948,"EQUITY_RATIO":1.276541813853},{"SECUCODE":"01044.HK","SECURITY_CODE":"01044","SECURITY_NAME_ABBR":"恒安国际","ORG_CODE":"10009213","STD_REPORT_DATE":"2020-06-30 00:00:00","REPORT_DATE":"2020-06-30 00:00:00","DATE_TYPE_CODE":"002","REPORT_TYPE":"2020年中报","PER_NETCASH_OPERATE":2.4506285923,"PER_OI":9.185490107609,"BPS":16.375990397233,"BASIC_EPS":1.899,"DILUTED_EPS":1.899,"OPERATE_INCOME":10927862000,"OPERATE_INCOME_YOY":1.4035587828,"GROSS_PROFIT":4815619000,"GROSS_PROFIT_YOY":19.82528906779,"HOLDER_PROFIT":2259528000,"HOLDER_PROFIT_YOY":20.3296229275,"GROSS_PROFIT_RATIO":44.067348215049,"EPS_TTM":3.605542883539,"OPERATE_INCOME_QOQ":0.672462732038,"NET_PROFIT_RATIO":20.7264696425,"ROE_AVG":12.372873991356,"GROSS_PROFIT_QOQ":9.169708170958,"ROA":4.714824765312,"HOLDER_PROFIT_QOQ":9.769013822116,"ROE_YEARLY":24.745747982711,"ROIC_YEARLY":19.337624187281,"TOTAL_ASSETS":52609029000,"TOTAL_LIABILITIES":33669874000,"TAX_EBT":22.059053783644,"OCF_SALES":26.679344962446,"TOTAL_PARENT_EQUITY":18650958000,"DEBT_ASSET_RATIO":64.0001814137,"OPERATE_PROFIT":3185111000,"PRETAX_PROFIT":2905995000,"NETCASH_OPERATE":2915482000,"NETCASH_INVEST":-4108873000,"NETCASH_FINANCE":5867470000,"END_CASH":13832944000,"DIVI_RATIO":0.387259442203,"DIVIDEND_RATE":6.962947845805,"CURRENT_RATIO":1.228449283568,"COMMON_ACS":3000000000,"CURRENTDEBT_DEBT":91.77286496528,"ISSUED_COMMON_SHARES":1138920917,"HK_COMMON_SHARES":1138920917,"PER_SHARES":500,"TOTAL_MARKET_CAP":25113206219.85,"HKSK_MARKET_CAP":25113206219.85,"PE_TTM":7.599361928669,"PB_TTM":1.099387984881,"REPORT_DATE_SQ":"2019-06-30 00:00:00","REPORT_TYPE_SQ":"2019年中报","OPERATE_INCOME_SQ":10776606000,"DPS_HKD":1.53533,"OPERATE_INCOME_QOQ_SQ":3.118420156576,"NET_PROFIT_RATIO_SQ":17.4659535665,"HOLDER_PROFIT_SQ":1877782000,"HOLDER_PROFIT_QOQ_SQ":-1.819172299631,"ROE_AVG_SQ":11.135857038373,"PE_TTM_SQ":14.727091078112,"PB_TTM_SQ":1.350298646379,"ROA_SQ":4.127828588791,"START_DATE":"2020-01-01 00:00:00","FISCAL_YEAR":"12-31","CURRENCY":"HKD","IS_CNY_CODE":0,"DPS_HKD_LY":2.71153,"ORG_TYPE":"一般企业","PREMIUM_INCOME":null,"PREMIUM_INCOME_YOY":null,"NET_INTEREST_INCOME":null,"NET_INTEREST_INCOME_YOY":null,"FEE_COMMISSION_INCOME":null,"FEE_COMMISSION_INCOME_YOY":null,"ACCOUNTS_RECE_TDAYS":3.050864766925,"INVENTORY_TDAYS":1.432950790694,"CURRENT_ASSETS_TDAYS":0.321278830549,"TOTAL_ASSETS_TDAYS":0.228025297272,"PREMIUM_EXPENSE":null,"LOAN_DEPOSIT":null,"LOAN_EQUITY":null,"LOAN_ASSETS":null,"DEPOSIT_EQUITY":null,"DEPOSIT_ASSETS":null,"EQUITY_MULTIPLIER":2.777791775819,"EQUITY_RATIO":1.805262442819}],"count":50},"success":true,"message":"ok","code":0}