{"version":"f766979369750b505c764f0c6f1da6a5","result":{"pages":6,"data":[{"SECUCODE":"01047.HK","SECURITY_CODE":"01047","SECURITY_NAME_ABBR":"毅兴行","ORG_CODE":"10009216","STD_REPORT_DATE":"2023-12-31 00:00:00","REPORT_DATE":"2024-06-30 00:00:00","DATE_TYPE_CODE":"001","REPORT_TYPE":"2023年年报","PER_NETCASH_OPERATE":-0.112127138245,"PER_OI":3.15519804442,"BPS":1.228921642362,"BASIC_EPS":-0.044630052,"DILUTED_EPS":-0.044630052,"OPERATE_INCOME":1164899118,"OPERATE_INCOME_YOY":8.3648107914,"GROSS_PROFIT":181863354.84,"GROSS_PROFIT_YOY":33.546171240246,"HOLDER_PROFIT":-16465659.88,"HOLDER_PROFIT_YOY":65.3104389794,"GROSS_PROFIT_RATIO":15.611940298508,"EPS_TTM":-0.092582274269,"OPERATE_INCOME_QOQ":1.715170874508,"NET_PROFIT_RATIO":-1.3188388765,"ROE_AVG":-3.57787394048,"GROSS_PROFIT_QOQ":12.6076333205,"ROA":-1.79677633964,"HOLDER_PROFIT_QOQ":28.713673623205,"ROE_YEARLY":-3.57787394048,"ROIC_YEARLY":-2.115059172066,"TOTAL_ASSETS":928088776.44,"TOTAL_LIABILITIES":454136790.48,"TAX_EBT":-262.936610608021,"OCF_SALES":-3.553727425863,"TOTAL_PARENT_EQUITY":453717870.36,"DEBT_ASSET_RATIO":48.9324730574,"OPERATE_PROFIT":16517682.64,"PRETAX_PROFIT":-4233009.84,"NETCASH_OPERATE":-41397339.44,"NETCASH_INVEST":-16168126.2,"NETCASH_FINANCE":15213462.92,"END_CASH":95131374.44,"DIVI_RATIO":null,"DIVIDEND_RATE":null,"CURRENT_RATIO":1.465555632447,"COMMON_ACS":800000000,"CURRENTDEBT_DEBT":98.739514375405,"ISSUED_COMMON_SHARES":369200000,"HK_COMMON_SHARES":369200000,"PER_SHARES":2000,"TOTAL_MARKET_CAP":112606000,"HKSK_MARKET_CAP":112606000,"PE_TTM":-6.241671747686,"PB_TTM":0.22651354684,"REPORT_DATE_SQ":"2022-12-31 00:00:00","REPORT_TYPE_SQ":"2022年年报","OPERATE_INCOME_SQ":1085932937.46,"DPS_HKD":null,"OPERATE_INCOME_QOQ_SQ":-12.878989560615,"NET_PROFIT_RATIO_SQ":-4.3248286888,"HOLDER_PROFIT_SQ":-47949413.86,"HOLDER_PROFIT_QOQ_SQ":-120.314323290137,"ROE_AVG_SQ":-9.151264112165,"PE_TTM_SQ":-2.591151191186,"PB_TTM_SQ":0.263534298493,"ROA_SQ":-4.687580979455,"START_DATE":"2023-07-01 00:00:00","FISCAL_YEAR":"6-30","CURRENCY":"HKD","IS_CNY_CODE":0,"DPS_HKD_LY":null,"ORG_TYPE":"一般企业","PREMIUM_INCOME":null,"PREMIUM_INCOME_YOY":null,"NET_INTEREST_INCOME":null,"NET_INTEREST_INCOME_YOY":null,"FEE_COMMISSION_INCOME":null,"FEE_COMMISSION_INCOME_YOY":null,"ACCOUNTS_RECE_TDAYS":5.536361447821,"INVENTORY_TDAYS":3.797808591099,"CURRENT_ASSETS_TDAYS":1.802278211828,"TOTAL_ASSETS_TDAYS":1.271168716312,"PREMIUM_EXPENSE":null,"LOAN_DEPOSIT":null,"LOAN_EQUITY":null,"LOAN_ASSETS":null,"DEPOSIT_EQUITY":null,"DEPOSIT_ASSETS":null,"EQUITY_MULTIPLIER":1.958191555123,"EQUITY_RATIO":1.000923305312},{"SECUCODE":"01047.HK","SECURITY_CODE":"01047","SECURITY_NAME_ABBR":"毅兴行","ORG_CODE":"10009216","STD_REPORT_DATE":"2023-06-30 00:00:00","REPORT_DATE":"2023-12-31 00:00:00","DATE_TYPE_CODE":"002","REPORT_TYPE":"2023年中报","PER_NETCASH_OPERATE":0.001399093716,"PER_OI":1.593729743012,"BPS":1.218043625623,"BASIC_EPS":-0.045220378,"DILUTED_EPS":-0.045220378,"OPERATE_INCOME":588405021.12,"OPERATE_INCOME_YOY":1.7931890797,"GROSS_PROFIT":81480958.86,"GROSS_PROFIT_YOY":26.696615667148,"HOLDER_PROFIT":-16685322.64,"HOLDER_PROFIT_YOY":45.9931948844,"GROSS_PROFIT_RATIO":13.847767428107,"EPS_TTM":-0.129873818689,"OPERATE_INCOME_QOQ":-16.174895993373,"NET_PROFIT_RATIO":-2.9989403908,"ROE_AVG":-3.65466837636,"GROSS_PROFIT_QOQ":-29.155376320492,"ROA":-1.873461951536,"HOLDER_PROFIT_QOQ":-387.660123429944,"ROE_YEARLY":-7.30933675272,"ROIC_YEARLY":-4.432861244365,"TOTAL_ASSETS":882921083.8,"TOTAL_LIABILITIES":415648677.64,"TAX_EBT":-29.830644085878,"OCF_SALES":0.087787388187,"TOTAL_PARENT_EQUITY":449701706.58,"DEBT_ASSET_RATIO":47.0765377865,"OPERATE_PROFIT":-3192613.06,"PRETAX_PROFIT":-13591487.56,"NETCASH_OPERATE":516545.4,"NETCASH_INVEST":-12467774.76,"NETCASH_FINANCE":-25810051.82,"END_CASH":98748980.96,"DIVI_RATIO":null,"DIVIDEND_RATE":null,"CURRENT_RATIO":1.500818439509,"COMMON_ACS":800000000,"CURRENTDEBT_DEBT":98.298529200152,"ISSUED_COMMON_SHARES":369200000,"HK_COMMON_SHARES":369200000,"PER_SHARES":2000,"TOTAL_MARKET_CAP":121836000,"HKSK_MARKET_CAP":121836000,"PE_TTM":-6.753284186021,"PB_TTM":0.245080231007,"REPORT_DATE_SQ":"2022-06-30 00:00:00","REPORT_TYPE_SQ":"2022年中报","OPERATE_INCOME_SQ":569779415.66,"DPS_HKD":null,"OPERATE_INCOME_QOQ_SQ":-7.072200346893,"NET_PROFIT_RATIO_SQ":-5.5355580709,"HOLDER_PROFIT_SQ":-30453360.84,"HOLDER_PROFIT_QOQ_SQ":-32.133480761531,"ROE_AVG_SQ":-5.824516203984,"PE_TTM_SQ":-2.839617743765,"PB_TTM_SQ":0.288804710677,"ROA_SQ":-3.066589849005,"START_DATE":"2023-07-01 00:00:00","FISCAL_YEAR":"6-30","CURRENCY":"HKD","IS_CNY_CODE":0,"DPS_HKD_LY":null,"ORG_TYPE":"一般企业","PREMIUM_INCOME":null,"PREMIUM_INCOME_YOY":null,"NET_INTEREST_INCOME":null,"NET_INTEREST_INCOME_YOY":null,"FEE_COMMISSION_INCOME":null,"FEE_COMMISSION_INCOME_YOY":null,"ACCOUNTS_RECE_TDAYS":2.870876102341,"INVENTORY_TDAYS":2.143192933455,"CURRENT_ASSETS_TDAYS":0.945818663318,"TOTAL_ASSETS_TDAYS":0.660673121489,"PREMIUM_EXPENSE":null,"LOAN_DEPOSIT":null,"LOAN_EQUITY":null,"LOAN_ASSETS":null,"DEPOSIT_EQUITY":null,"DEPOSIT_ASSETS":null,"EQUITY_MULTIPLIER":1.889521127635,"EQUITY_RATIO":0.924276407134},{"SECUCODE":"01047.HK","SECURITY_CODE":"01047","SECURITY_NAME_ABBR":"毅兴行","ORG_CODE":"10009216","STD_REPORT_DATE":"2022-12-31 00:00:00","REPORT_DATE":"2023-06-30 00:00:00","DATE_TYPE_CODE":"001","REPORT_TYPE":"2022年年报","PER_NETCASH_OPERATE":0.208566759534,"PER_OI":2.941313481744,"BPS":1.276959780661,"BASIC_EPS":-0.129906982,"DILUTED_EPS":-0.129906982,"OPERATE_INCOME":1085932937.46,"OPERATE_INCOME_YOY":-32.261103363,"GROSS_PROFIT":136180133.92,"GROSS_PROFIT_YOY":-47.468900271936,"HOLDER_PROFIT":-47949413.86,"HOLDER_PROFIT_YOY":-191.8884059507,"GROSS_PROFIT_RATIO":12.540381567072,"EPS_TTM":-0.026632035807,"OPERATE_INCOME_QOQ":-12.878989560615,"NET_PROFIT_RATIO":-4.3248286888,"ROE_AVG":-9.151264112165,"GROSS_PROFIT_QOQ":-25.850266400301,"ROA":-4.687580979455,"HOLDER_PROFIT_QOQ":-120.314323290137,"ROE_YEARLY":-9.151264112165,"ROIC_YEARLY":-5.682514742502,"TOTAL_ASSETS":913930192.62,"TOTAL_LIABILITIES":419284234.7,"TAX_EBT":-0.15532835234,"OCF_SALES":7.090939501302,"TOTAL_PARENT_EQUITY":471453551.02,"DEBT_ASSET_RATIO":45.8770525458,"OPERATE_PROFIT":-31565829.26,"PRETAX_PROFIT":-46891902.8,"NETCASH_OPERATE":77002847.62,"NETCASH_INVEST":-8833490.38,"NETCASH_FINANCE":-83964718.6,"END_CASH":138884301.26,"DIVI_RATIO":null,"DIVIDEND_RATE":null,"CURRENT_RATIO":1.567196998512,"COMMON_ACS":800000000,"CURRENTDEBT_DEBT":97.701670093345,"ISSUED_COMMON_SHARES":369200000,"HK_COMMON_SHARES":369200000,"PER_SHARES":2000,"TOTAL_MARKET_CAP":121836000,"HKSK_MARKET_CAP":121836000,"PE_TTM":-6.753284186021,"PB_TTM":0.245080231007,"REPORT_DATE_SQ":"2021-12-31 00:00:00","REPORT_TYPE_SQ":"2021年年报","OPERATE_INCOME_SQ":1486982992.25,"DPS_HKD":null,"OPERATE_INCOME_QOQ_SQ":-2.435385139975,"NET_PROFIT_RATIO_SQ":3.8213109804,"HOLDER_PROFIT_SQ":48402043.62,"HOLDER_PROFIT_QOQ_SQ":-4.621066672491,"ROE_AVG_SQ":9.326706633401,"PE_TTM_SQ":-2.839617743765,"PB_TTM_SQ":0.288804710677,"ROA_SQ":4.858585277623,"START_DATE":"2022-07-01 00:00:00","FISCAL_YEAR":"6-30","CURRENCY":"HKD","IS_CNY_CODE":0,"DPS_HKD_LY":0.02,"ORG_TYPE":"一般企业","PREMIUM_INCOME":null,"PREMIUM_INCOME_YOY":null,"NET_INTEREST_INCOME":null,"NET_INTEREST_INCOME_YOY":null,"FEE_COMMISSION_INCOME":null,"FEE_COMMISSION_INCOME_YOY":null,"ACCOUNTS_RECE_TDAYS":5.230277005604,"INVENTORY_TDAYS":3.0279656558,"CURRENT_ASSETS_TDAYS":1.462826576185,"TOTAL_ASSETS_TDAYS":1.061618521024,"PREMIUM_EXPENSE":null,"LOAN_DEPOSIT":null,"LOAN_EQUITY":null,"LOAN_ASSETS":null,"DEPOSIT_EQUITY":null,"DEPOSIT_ASSETS":null,"EQUITY_MULTIPLIER":1.847645124734,"EQUITY_RATIO":0.889343677215},{"SECUCODE":"01047.HK","SECURITY_CODE":"01047","SECURITY_NAME_ABBR":"毅兴行","ORG_CODE":"10009216","STD_REPORT_DATE":"2022-06-30 00:00:00","REPORT_DATE":"2022-12-31 00:00:00","DATE_TYPE_CODE":"002","REPORT_TYPE":"2022年中报","PER_NETCASH_OPERATE":0.177095858397,"PER_OI":1.543281190845,"BPS":1.319530604902,"BASIC_EPS":-0.082448821,"DILUTED_EPS":-0.082448821,"OPERATE_INCOME":569779415.66,"OPERATE_INCOME_YOY":-31.4959860384,"GROSS_PROFIT":64311866.92,"GROSS_PROFIT_YOY":-51.028602115103,"HOLDER_PROFIT":-30453360.84,"HOLDER_PROFIT_YOY":-200.3325583449,"GROSS_PROFIT_RATIO":11.287151685798,"EPS_TTM":0.13109979312,"OPERATE_INCOME_QOQ":-7.072200346893,"NET_PROFIT_RATIO":-5.5355580709,"ROE_AVG":-5.824516203984,"GROSS_PROFIT_QOQ":-11.600162508749,"ROA":-3.066589849005,"HOLDER_PROFIT_QOQ":-32.133480761531,"ROE_YEARLY":-11.649032407969,"ROIC_YEARLY":-7.346950650201,"TOTAL_ASSETS":889508440.03,"TOTAL_LIABILITIES":382560742.9,"TAX_EBT":-22.937919988858,"OCF_SALES":11.475281332209,"TOTAL_PARENT_EQUITY":487170699.33,"DEBT_ASSET_RATIO":43.0081071392,"OPERATE_PROFIT":-18783681.56,"PRETAX_PROFIT":-25655607.67,"NETCASH_OPERATE":65383790.92,"NETCASH_INVEST":-5222949.69,"NETCASH_FINANCE":-93068908.03,"END_CASH":118337729.79,"DIVI_RATIO":null,"DIVIDEND_RATE":null,"CURRENT_RATIO":1.683936296189,"COMMON_ACS":800000000,"CURRENTDEBT_DEBT":96.618955331917,"ISSUED_COMMON_SHARES":369200000,"HK_COMMON_SHARES":369200000,"PER_SHARES":2000,"TOTAL_MARKET_CAP":121836000,"HKSK_MARKET_CAP":121836000,"PE_TTM":-6.753284186021,"PB_TTM":0.245080231007,"REPORT_DATE_SQ":"2021-06-30 00:00:00","REPORT_TYPE_SQ":"2021年中报","OPERATE_INCOME_SQ":761287800,"DPS_HKD":null,"OPERATE_INCOME_QOQ_SQ":14.575194786376,"NET_PROFIT_RATIO_SQ":4.1218955565,"HOLDER_PROFIT_SQ":27781230.4,"HOLDER_PROFIT_QOQ_SQ":198.663251405373,"ROE_AVG_SQ":5.613468756608,"PE_TTM_SQ":-2.839617743765,"PB_TTM_SQ":0.288804710677,"ROA_SQ":3.011495067845,"START_DATE":"2022-07-01 00:00:00","FISCAL_YEAR":"6-30","CURRENCY":"HKD","IS_CNY_CODE":0,"DPS_HKD_LY":0.02,"ORG_TYPE":"一般企业","PREMIUM_INCOME":null,"PREMIUM_INCOME_YOY":null,"NET_INTEREST_INCOME":null,"NET_INTEREST_INCOME_YOY":null,"FEE_COMMISSION_INCOME":null,"FEE_COMMISSION_INCOME_YOY":null,"ACCOUNTS_RECE_TDAYS":3.012828627299,"INVENTORY_TDAYS":1.571967702909,"CURRENT_ASSETS_TDAYS":0.791969774288,"TOTAL_ASSETS_TDAYS":0.573755974395,"PREMIUM_EXPENSE":null,"LOAN_DEPOSIT":null,"LOAN_EQUITY":null,"LOAN_ASSETS":null,"DEPOSIT_EQUITY":null,"DEPOSIT_ASSETS":null,"EQUITY_MULTIPLIER":1.754635527622,"EQUITY_RATIO":0.785270426621},{"SECUCODE":"01047.HK","SECURITY_CODE":"01047","SECURITY_NAME_ABBR":"毅兴行","ORG_CODE":"10009216","STD_REPORT_DATE":"2021-12-31 00:00:00","REPORT_DATE":"2022-06-30 00:00:00","DATE_TYPE_CODE":"001","REPORT_TYPE":"2021年年报","PER_NETCASH_OPERATE":-0.094649983153,"PER_OI":4.02758123578,"BPS":1.448307812053,"BASIC_EPS":0.131100627,"DILUTED_EPS":0.131100627,"OPERATE_INCOME":1486982992.25,"OPERATE_INCOME_YOY":-11.7854022731,"GROSS_PROFIT":259237165.46,"GROSS_PROFIT_YOY":-10.271336217268,"HOLDER_PROFIT":48402043.62,"HOLDER_PROFIT_YOY":-37.0188616258,"GROSS_PROFIT_RATIO":17.43376802634,"EPS_TTM":0.193173002817,"OPERATE_INCOME_QOQ":-2.435385139975,"NET_PROFIT_RATIO":3.8213109804,"ROE_AVG":9.326706633401,"GROSS_PROFIT_QOQ":1.503199925693,"ROA":4.858585277623,"HOLDER_PROFIT_QOQ":-4.621066672491,"ROE_YEARLY":9.326706633401,"ROIC_YEARLY":6.024925550685,"TOTAL_ASSETS":1049880845.02,"TOTAL_LIABILITIES":486271296.28,"TAX_EBT":25.28253511307,"OCF_SALES":-2.350045290506,"TOTAL_PARENT_EQUITY":534715244.21,"DEBT_ASSET_RATIO":46.3168081013,"OPERATE_PROFIT":82524979.81,"PRETAX_PROFIT":76049481.13,"NETCASH_OPERATE":-34944773.78,"NETCASH_INVEST":-15417365.32,"NETCASH_FINANCE":26774288.52,"END_CASH":153015725.94,"DIVI_RATIO":null,"DIVIDEND_RATE":null,"CURRENT_RATIO":1.652040790506,"COMMON_ACS":800000000,"CURRENTDEBT_DEBT":97.301147355314,"ISSUED_COMMON_SHARES":369200000,"HK_COMMON_SHARES":369200000,"PER_SHARES":2000,"TOTAL_MARKET_CAP":121836000,"HKSK_MARKET_CAP":121836000,"PE_TTM":-6.753284186021,"PB_TTM":0.245080231007,"REPORT_DATE_SQ":"2020-12-31 00:00:00","REPORT_TYPE_SQ":"2020年年报","OPERATE_INCOME_SQ":1640091253.92,"DPS_HKD":null,"OPERATE_INCOME_QOQ_SQ":-0.753362237496,"NET_PROFIT_RATIO_SQ":4.8916986374,"HOLDER_PROFIT_SQ":74774869.2,"HOLDER_PROFIT_QOQ_SQ":541.227325301258,"ROE_AVG_SQ":17.056405808269,"PE_TTM_SQ":-2.839617743765,"PB_TTM_SQ":0.288804710677,"ROA_SQ":8.57083588659,"START_DATE":"2021-07-01 00:00:00","FISCAL_YEAR":"6-30","CURRENCY":"HKD","IS_CNY_CODE":0,"DPS_HKD_LY":0.045,"ORG_TYPE":"一般企业","PREMIUM_INCOME":null,"PREMIUM_INCOME_YOY":null,"NET_INTEREST_INCOME":null,"NET_INTEREST_INCOME_YOY":null,"FEE_COMMISSION_INCOME":null,"FEE_COMMISSION_INCOME_YOY":null,"ACCOUNTS_RECE_TDAYS":6.819193474062,"INVENTORY_TDAYS":4.405212092201,"CURRENT_ASSETS_TDAYS":2.037095398544,"TOTAL_ASSETS_TDAYS":1.492629883759,"PREMIUM_EXPENSE":null,"LOAN_DEPOSIT":null,"LOAN_EQUITY":null,"LOAN_ASSETS":null,"DEPOSIT_EQUITY":null,"DEPOSIT_ASSETS":null,"EQUITY_MULTIPLIER":1.862780443247,"EQUITY_RATIO":0.909402343669},{"SECUCODE":"01047.HK","SECURITY_CODE":"01047","SECURITY_NAME_ABBR":"毅兴行","ORG_CODE":"10009216","STD_REPORT_DATE":"2021-06-30 00:00:00","REPORT_DATE":"2021-12-31 00:00:00","DATE_TYPE_CODE":"002","REPORT_TYPE":"2021年中报","PER_NETCASH_OPERATE":0.110998279523,"PER_OI":2.061992957746,"BPS":1.377888524377,"BASIC_EPS":0.0752192,"DILUTED_EPS":0.0752192,"OPERATE_INCOME":761287800,"OPERATE_INCOME_YOY":-2.1914164794,"GROSS_PROFIT":131325364.8,"GROSS_PROFIT_YOY":3.420102788232,"HOLDER_PROFIT":27781230.4,"HOLDER_PROFIT_YOY":-8.4469472436,"GROSS_PROFIT_RATIO":17.250422875554,"EPS_TTM":0.202532148429,"OPERATE_INCOME_QOQ":14.575194786376,"NET_PROFIT_RATIO":4.1218955565,"ROE_AVG":5.613468756608,"GROSS_PROFIT_QOQ":40.569106756244,"ROA":3.011495067845,"HOLDER_PROFIT_QOQ":198.663251405373,"ROE_YEARLY":11.226937513216,"ROIC_YEARLY":7.803460906909,"TOTAL_ASSETS":943889766.4,"TOTAL_LIABILITIES":411822667.2,"TAX_EBT":22.088467550395,"OCF_SALES":5.383058128608,"TOTAL_PARENT_EQUITY":508716443.2,"DEBT_ASSET_RATIO":43.6303773873,"OPERATE_PROFIT":42879032,"PRETAX_PROFIT":40275793.6,"NETCASH_OPERATE":40980564.8,"NETCASH_INVEST":-9179195.2,"NETCASH_FINANCE":-1510107.2,"END_CASH":202776246.4,"DIVI_RATIO":null,"DIVIDEND_RATE":null,"CURRENT_RATIO":1.694700054248,"COMMON_ACS":800000000,"CURRENTDEBT_DEBT":98.446685209561,"ISSUED_COMMON_SHARES":369200000,"HK_COMMON_SHARES":369200000,"PER_SHARES":2000,"TOTAL_MARKET_CAP":121836000,"HKSK_MARKET_CAP":121836000,"PE_TTM":-6.753284186021,"PB_TTM":0.245080231007,"REPORT_DATE_SQ":"2020-06-30 00:00:00","REPORT_TYPE_SQ":"2020年中报","OPERATE_INCOME_SQ":801230338.68,"DPS_HKD":null,"OPERATE_INCOME_QOQ_SQ":-6.609087092089,"NET_PROFIT_RATIO_SQ":4.2649742066,"HOLDER_PROFIT_SQ":31236626.96,"HOLDER_PROFIT_QOQ_SQ":-198.735746779921,"ROE_AVG_SQ":7.345626844373,"PE_TTM_SQ":-2.839617743765,"PB_TTM_SQ":0.288804710677,"ROA_SQ":3.651822344363,"START_DATE":"2021-07-01 00:00:00","FISCAL_YEAR":"6-30","CURRENCY":"HKD","IS_CNY_CODE":0,"DPS_HKD_LY":0.045,"ORG_TYPE":"一般企业","PREMIUM_INCOME":null,"PREMIUM_INCOME_YOY":null,"NET_INTEREST_INCOME":null,"NET_INTEREST_INCOME_YOY":null,"FEE_COMMISSION_INCOME":null,"FEE_COMMISSION_INCOME_YOY":null,"ACCOUNTS_RECE_TDAYS":3.643633204656,"INVENTORY_TDAYS":3.023147321648,"CURRENT_ASSETS_TDAYS":1.140071627537,"TOTAL_ASSETS_TDAYS":0.825238631227,"PREMIUM_EXPENSE":null,"LOAN_DEPOSIT":null,"LOAN_EQUITY":null,"LOAN_ASSETS":null,"DEPOSIT_EQUITY":null,"DEPOSIT_ASSETS":null,"EQUITY_MULTIPLIER":1.77400513548,"EQUITY_RATIO":0.809532840357},{"SECUCODE":"01047.HK","SECURITY_CODE":"01047","SECURITY_NAME_ABBR":"毅兴行","ORG_CODE":"10009216","STD_REPORT_DATE":"2020-12-31 00:00:00","REPORT_DATE":"2021-06-30 00:00:00","DATE_TYPE_CODE":"001","REPORT_TYPE":"2020年年报","PER_NETCASH_OPERATE":0.36535343662,"PER_OI":4.442284003034,"BPS":1.32613764182,"BASIC_EPS":0.202528272,"DILUTED_EPS":0.202528272,"OPERATE_INCOME":1640091253.92,"OPERATE_INCOME_YOY":24.8306837627,"GROSS_PROFIT":288912321.36,"GROSS_PROFIT_YOY":67.589729255237,"HOLDER_PROFIT":74774869.2,"HOLDER_PROFIT_YOY":1546.6355441082,"GROSS_PROFIT_RATIO":17.615624781211,"EPS_TTM":0.067812878711,"OPERATE_INCOME_QOQ":-0.753362237496,"NET_PROFIT_RATIO":4.8916986374,"ROE_AVG":17.056405808269,"GROSS_PROFIT_QOQ":19.222305044485,"ROA":8.57083588659,"HOLDER_PROFIT_QOQ":541.227325301258,"ROE_YEARLY":17.056405808269,"ROIC_YEARLY":10.526556229486,"TOTAL_ASSETS":917081964.48,"TOTAL_LIABILITIES":401072544.96,"TAX_EBT":20.706102946619,"OCF_SALES":8.224450223584,"TOTAL_PARENT_EQUITY":489610017.36,"DEBT_ASSET_RATIO":43.7335549596,"OPERATE_PROFIT":108513216.96,"PRETAX_PROFIT":101178431.76,"NETCASH_OPERATE":134888488.8,"NETCASH_INVEST":-12858964.32,"NETCASH_FINANCE":-61806902.4,"END_CASH":171890254.32,"DIVI_RATIO":null,"DIVIDEND_RATE":null,"CURRENT_RATIO":1.675035218035,"COMMON_ACS":800000000,"CURRENTDEBT_DEBT":98.22971212335,"ISSUED_COMMON_SHARES":369200000,"HK_COMMON_SHARES":369200000,"PER_SHARES":2000,"TOTAL_MARKET_CAP":121836000,"HKSK_MARKET_CAP":121836000,"PE_TTM":-6.753284186021,"PB_TTM":0.245080231007,"REPORT_DATE_SQ":"2019-12-31 00:00:00","REPORT_TYPE_SQ":"2019年年报","OPERATE_INCOME_SQ":1442319933.12,"DPS_HKD":null,"OPERATE_INCOME_QOQ_SQ":-5.23636146674,"NET_PROFIT_RATIO_SQ":-0.1535150773,"HOLDER_PROFIT_SQ":-5674289.28,"HOLDER_PROFIT_QOQ_SQ":-16.306126859428,"ROE_AVG_SQ":-1.302250112941,"PE_TTM_SQ":-2.839617743765,"PB_TTM_SQ":0.288804710677,"ROA_SQ":-0.616663820933,"START_DATE":"2020-07-01 00:00:00","FISCAL_YEAR":"6-30","CURRENCY":"HKD","IS_CNY_CODE":0,"DPS_HKD_LY":0.01,"ORG_TYPE":"一般企业","PREMIUM_INCOME":null,"PREMIUM_INCOME_YOY":null,"NET_INTEREST_INCOME":null,"NET_INTEREST_INCOME_YOY":null,"FEE_COMMISSION_INCOME":null,"FEE_COMMISSION_INCOME_YOY":null,"ACCOUNTS_RECE_TDAYS":8.350805392443,"INVENTORY_TDAYS":6.114748233947,"CURRENT_ASSETS_TDAYS":2.666294220135,"TOTAL_ASSETS_TDAYS":1.879903385559,"PREMIUM_EXPENSE":null,"LOAN_DEPOSIT":null,"LOAN_EQUITY":null,"LOAN_ASSETS":null,"DEPOSIT_EQUITY":null,"DEPOSIT_ASSETS":null,"EQUITY_MULTIPLIER":1.777258185197,"EQUITY_RATIO":0.819167359203},{"SECUCODE":"01047.HK","SECURITY_CODE":"01047","SECURITY_NAME_ABBR":"毅兴行","ORG_CODE":"10009216","STD_REPORT_DATE":"2020-06-30 00:00:00","REPORT_DATE":"2020-12-31 00:00:00","DATE_TYPE_CODE":"002","REPORT_TYPE":"2020年中报","PER_NETCASH_OPERATE":0.192154709859,"PER_OI":2.170179682232,"BPS":1.242818693824,"BASIC_EPS":0.08458482,"DILUTED_EPS":0.08458482,"OPERATE_INCOME":801230338.68,"OPERATE_INCOME_YOY":5.0086037636,"GROSS_PROFIT":126982435,"GROSS_PROFIT_YOY":35.311392249063,"HOLDER_PROFIT":31236626.96,"HOLDER_PROFIT_YOY":6222.6575809199,"GROSS_PROFIT_RATIO":15.84843070336,"EPS_TTM":-0.015369147562,"OPERATE_INCOME_QOQ":-6.609087092089,"NET_PROFIT_RATIO":4.2649742066,"ROE_AVG":7.345626844373,"GROSS_PROFIT_QOQ":1.961304639706,"ROA":3.651822344363,"HOLDER_PROFIT_QOQ":-198.735746779921,"ROE_YEARLY":14.691253688746,"ROIC_YEARLY":8.734118754504,"TOTAL_ASSETS":873445575.6,"TOTAL_LIABILITIES":392737839.76,"TAX_EBT":21.473745285756,"OCF_SALES":8.85432259054,"TOTAL_PARENT_EQUITY":458848661.76,"DEBT_ASSET_RATIO":44.9642027771,"OPERATE_PROFIT":46676512.76,"PRETAX_PROFIT":43516996.2,"NETCASH_OPERATE":70943518.88,"NETCASH_INVEST":-6547117.56,"NETCASH_FINANCE":-47998729.2,"END_CASH":130992007.96,"DIVI_RATIO":null,"DIVIDEND_RATE":null,"CURRENT_RATIO":1.574469986421,"COMMON_ACS":800000000,"CURRENTDEBT_DEBT":98.323096902498,"ISSUED_COMMON_SHARES":369200000,"HK_COMMON_SHARES":369200000,"PER_SHARES":2000,"TOTAL_MARKET_CAP":121836000,"HKSK_MARKET_CAP":121836000,"PE_TTM":-6.753284186021,"PB_TTM":0.245080231007,"REPORT_DATE_SQ":"2019-06-30 00:00:00","REPORT_TYPE_SQ":"2019年中报","OPERATE_INCOME_SQ":812096232.4,"DPS_HKD":null,"OPERATE_INCOME_QOQ_SQ":-7.202210928591,"NET_PROFIT_RATIO_SQ":0.3175671204,"HOLDER_PROFIT_SQ":525822.86,"HOLDER_PROFIT_QOQ_SQ":-68.366214214223,"ROE_AVG_SQ":0.120997996422,"PE_TTM_SQ":-2.839617743765,"PB_TTM_SQ":0.288804710677,"ROA_SQ":0.056609496219,"START_DATE":"2020-07-01 00:00:00","FISCAL_YEAR":"6-30","CURRENCY":"HKD","IS_CNY_CODE":0,"DPS_HKD_LY":0.01,"ORG_TYPE":"一般企业","PREMIUM_INCOME":null,"PREMIUM_INCOME_YOY":null,"NET_INTEREST_INCOME":null,"NET_INTEREST_INCOME_YOY":null,"FEE_COMMISSION_INCOME":null,"FEE_COMMISSION_INCOME_YOY":null,"ACCOUNTS_RECE_TDAYS":4.035373584474,"INVENTORY_TDAYS":3.123079292123,"CURRENT_ASSETS_TDAYS":1.352447330904,"TOTAL_ASSETS_TDAYS":0.93670512425,"PREMIUM_EXPENSE":null,"LOAN_DEPOSIT":null,"LOAN_EQUITY":null,"LOAN_ASSETS":null,"DEPOSIT_EQUITY":null,"DEPOSIT_ASSETS":null,"EQUITY_MULTIPLIER":1.816999208624,"EQUITY_RATIO":0.855920203087},{"SECUCODE":"01047.HK","SECURITY_CODE":"01047","SECURITY_NAME_ABBR":"毅兴行","ORG_CODE":"10009216","STD_REPORT_DATE":"2019-12-31 00:00:00","REPORT_DATE":"2020-06-30 00:00:00","DATE_TYPE_CODE":"001","REPORT_TYPE":"2019年年报","PER_NETCASH_OPERATE":0.27868331961,"PER_OI":3.906608702925,"BPS":1.151256033803,"BASIC_EPS":-0.015345792,"DILUTED_EPS":-0.015345792,"OPERATE_INCOME":1442319933.12,"OPERATE_INCOME_YOY":-14.7722218624,"GROSS_PROFIT":172392617.76,"GROSS_PROFIT_YOY":1.616424518605,"HOLDER_PROFIT":-5674289.28,"HOLDER_PROFIT_YOY":-179.5798104023,"GROSS_PROFIT_RATIO":11.952453391328,"EPS_TTM":0.015565940466,"OPERATE_INCOME_QOQ":-5.23636146674,"NET_PROFIT_RATIO":-0.1535150773,"ROE_AVG":-1.302250112941,"GROSS_PROFIT_QOQ":-0.338246084943,"ROA":-0.616663820933,"HOLDER_PROFIT_QOQ":-16.306126859428,"ROE_YEARLY":-1.302250112941,"ROIC_YEARLY":-0.711592124375,"TOTAL_ASSETS":908725736.16,"TOTAL_LIABILITIES":460664233.92,"TAX_EBT":171.504424778761,"OCF_SALES":7.133637914678,"TOTAL_PARENT_EQUITY":425043727.68,"DEBT_ASSET_RATIO":50.693428786,"OPERATE_PROFIT":20160534.24,"PRETAX_PROFIT":3096561.6,"NETCASH_OPERATE":102889881.6,"NETCASH_INVEST":-14989550.4,"NETCASH_FINANCE":-55729887.84,"END_CASH":115179303.36,"DIVI_RATIO":null,"DIVIDEND_RATE":null,"CURRENT_RATIO":1.388444249978,"COMMON_ACS":800000000,"CURRENTDEBT_DEBT":97.886452595386,"ISSUED_COMMON_SHARES":369200000,"HK_COMMON_SHARES":369200000,"PER_SHARES":2000,"TOTAL_MARKET_CAP":121836000,"HKSK_MARKET_CAP":121836000,"PE_TTM":-6.753284186021,"PB_TTM":0.245080231007,"REPORT_DATE_SQ":"2018-12-31 00:00:00","REPORT_TYPE_SQ":"2018年年报","OPERATE_INCOME_SQ":1629728488.8,"DPS_HKD":null,"OPERATE_INCOME_QOQ_SQ":4.396876933662,"NET_PROFIT_RATIO_SQ":0.6087397716,"HOLDER_PROFIT_SQ":6866625.96,"HOLDER_PROFIT_QOQ_SQ":-44.237292602912,"ROE_AVG_SQ":1.564432116753,"PE_TTM_SQ":-2.839617743765,"PB_TTM_SQ":0.288804710677,"ROA_SQ":0.754396782168,"START_DATE":"2019-07-01 00:00:00","FISCAL_YEAR":"6-30","CURRENCY":"HKD","IS_CNY_CODE":0,"DPS_HKD_LY":null,"ORG_TYPE":"一般企业","PREMIUM_INCOME":null,"PREMIUM_INCOME_YOY":null,"NET_INTEREST_INCOME":null,"NET_INTEREST_INCOME_YOY":null,"FEE_COMMISSION_INCOME":null,"FEE_COMMISSION_INCOME_YOY":null,"ACCOUNTS_RECE_TDAYS":7.349458098959,"INVENTORY_TDAYS":4.542954473046,"CURRENT_ASSETS_TDAYS":2.259193814465,"TOTAL_ASSETS_TDAYS":1.567467707543,"PREMIUM_EXPENSE":null,"LOAN_DEPOSIT":null,"LOAN_EQUITY":null,"LOAN_ASSETS":null,"DEPOSIT_EQUITY":null,"DEPOSIT_ASSETS":null,"EQUITY_MULTIPLIER":2.028127236144,"EQUITY_RATIO":1.083804333343}],"count":46},"success":true,"message":"ok","code":0}