{"version":"3791e41aac057f3cbb376bc671294ebc","result":{"pages":6,"data":[{"SECUCODE":"01045.HK","SECURITY_CODE":"01045","SECURITY_NAME_ABBR":"亚太卫星","ORG_CODE":"10009214","STD_REPORT_DATE":"2024-06-30 00:00:00","REPORT_DATE":"2024-06-30 00:00:00","DATE_TYPE_CODE":"002","REPORT_TYPE":"2024年中报","PER_NETCASH_OPERATE":0.115639371228,"PER_OI":0.385135631908,"BPS":5.92701978398,"BASIC_EPS":0.09993846,"DILUTED_EPS":0.09993846,"OPERATE_INCOME":357626356.56,"OPERATE_INCOME_YOY":-6.6438264781,"GROSS_PROFIT":133894719.4,"GROSS_PROFIT_YOY":-22.675234481394,"HOLDER_PROFIT":92783048.8,"HOLDER_PROFIT_YOY":-13.7224282647,"GROSS_PROFIT_RATIO":37.439835443878,"EPS_TTM":0.214860848517,"OPERATE_INCOME_QOQ":-3.884073977566,"NET_PROFIT_RATIO":25.9441305424,"ROE_AVG":1.678784154695,"GROSS_PROFIT_QOQ":-12.185517482451,"ROA":1.443778763557,"HOLDER_PROFIT_QOQ":-7.360898727177,"ROE_YEARLY":3.35756830939,"ROIC_YEARLY":4.149388178509,"TOTAL_ASSETS":6386065768.64,"TOTAL_LIABILITIES":882398190.28,"TAX_EBT":13.541188277117,"OCF_SALES":30.025622572363,"TOTAL_PARENT_EQUITY":5503667578.36,"DEBT_ASSET_RATIO":13.817555632,"OPERATE_PROFIT":131922417.92,"PRETAX_PROFIT":107314739.76,"NETCASH_OPERATE":107379540.04,"NETCASH_INVEST":112843755.2,"NETCASH_FINANCE":-135406117.48,"END_CASH":249507545.72,"DIVI_RATIO":0.802717205997,"DIVIDEND_RATE":8.675799086758,"CURRENT_RATIO":10.139232276081,"COMMON_ACS":2000000000,"CURRENTDEBT_DEBT":24.816382763717,"ISSUED_COMMON_SHARES":928572500,"HK_COMMON_SHARES":928572500,"PER_SHARES":2000,"TOTAL_MARKET_CAP":2033573775,"HKSK_MARKET_CAP":2033573775,"PE_TTM":9.181541752263,"PB_TTM":0.337230053694,"REPORT_DATE_SQ":"2023-06-30 00:00:00","REPORT_TYPE_SQ":"2023年中报","OPERATE_INCOME_SQ":386980821.44,"DPS_HKD":0.19,"OPERATE_INCOME_QOQ_SQ":-4.652837660911,"NET_PROFIT_RATIO_SQ":28.0727042275,"HOLDER_PROFIT_SQ":108635981.42,"HOLDER_PROFIT_QOQ_SQ":-2.801138133978,"ROE_AVG_SQ":1.953816383146,"PE_TTM_SQ":9.516930427443,"PB_TTM_SQ":0.34233247456,"ROA_SQ":1.665310931227,"START_DATE":"2024-01-01 00:00:00","FISCAL_YEAR":"12-31","CURRENCY":"HKD","IS_CNY_CODE":0,"DPS_HKD_LY":0.19,"ORG_TYPE":"一般企业","PREMIUM_INCOME":null,"PREMIUM_INCOME_YOY":null,"NET_INTEREST_INCOME":null,"NET_INTEREST_INCOME_YOY":null,"FEE_COMMISSION_INCOME":null,"FEE_COMMISSION_INCOME_YOY":null,"ACCOUNTS_RECE_TDAYS":2.039845075848,"INVENTORY_TDAYS":null,"CURRENT_ASSETS_TDAYS":0.165969975277,"TOTAL_ASSETS_TDAYS":0.05564953357,"PREMIUM_EXPENSE":null,"LOAN_DEPOSIT":null,"LOAN_EQUITY":null,"LOAN_ASSETS":null,"DEPOSIT_EQUITY":null,"DEPOSIT_ASSETS":null,"EQUITY_MULTIPLIER":1.160329121938,"EQUITY_RATIO":0.160329121939},{"SECUCODE":"01045.HK","SECURITY_CODE":"01045","SECURITY_NAME_ABBR":"亚太卫星","ORG_CODE":"10009214","STD_REPORT_DATE":"2023-12-31 00:00:00","REPORT_DATE":"2023-12-31 00:00:00","DATE_TYPE_CODE":"001","REPORT_TYPE":"2023年年报","PER_NETCASH_OPERATE":0.553265353691,"PER_OI":0.813899641116,"BPS":5.934539754494,"BASIC_EPS":0.231901698,"DILUTED_EPS":0.231901698,"OPERATE_INCOME":755764824.5,"OPERATE_INCOME_YOY":-11.6837250676,"GROSS_PROFIT":322220114.3,"GROSS_PROFIT_YOY":-20.72964922266,"HOLDER_PROFIT":215366807.88,"HOLDER_PROFIT_YOY":2.6095591727,"GROSS_PROFIT_RATIO":42.634971072274,"EPS_TTM":0.231933217794,"OPERATE_INCOME_QOQ":-6.031160284787,"NET_PROFIT_RATIO":28.496537666,"ROE_AVG":3.912727155384,"GROSS_PROFIT_QOQ":-11.623780989314,"ROA":3.344384933423,"HOLDER_PROFIT_QOQ":7.097056871075,"ROE_YEARLY":3.912727155384,"ROIC_YEARLY":4.608454262419,"TOTAL_ASSETS":6420969249.24,"TOTAL_LIABILITIES":910318833.06,"TAX_EBT":14.825765802574,"OCF_SALES":67.977097634821,"TOTAL_PARENT_EQUITY":5510650416.18,"DEBT_ASSET_RATIO":14.1772806834,"OPERATE_PROFIT":311558436,"PRETAX_PROFIT":252854410.62,"NETCASH_OPERATE":513746992.64,"NETCASH_INVEST":-569214000.18,"NETCASH_FINANCE":-210466876.34,"END_CASH":166085658.06,"DIVI_RATIO":0.743630005398,"DIVIDEND_RATE":8.837209302326,"CURRENT_RATIO":9.800977898802,"COMMON_ACS":2000000000,"CURRENTDEBT_DEBT":23.251035566134,"ISSUED_COMMON_SHARES":928572500,"HK_COMMON_SHARES":928572500,"PER_SHARES":2000,"TOTAL_MARKET_CAP":1996430875,"HKSK_MARKET_CAP":1996430875,"PE_TTM":9.013842359528,"PB_TTM":0.331070600659,"REPORT_DATE_SQ":"2022-12-31 00:00:00","REPORT_TYPE_SQ":"2022年年报","OPERATE_INCOME_SQ":843519327.35,"DPS_HKD":0.19,"OPERATE_INCOME_QOQ_SQ":4.095142205523,"NET_PROFIT_RATIO_SQ":24.527033109,"HOLDER_PROFIT_SQ":206890264.7,"HOLDER_PROFIT_QOQ_SQ":-9.861576126629,"ROE_AVG_SQ":3.796595210923,"PE_TTM_SQ":9.34467829301,"PB_TTM_SQ":0.336136411672,"ROA_SQ":3.211889134701,"START_DATE":"2023-01-01 00:00:00","FISCAL_YEAR":"12-31","CURRENCY":"HKD","IS_CNY_CODE":0,"DPS_HKD_LY":0.22,"ORG_TYPE":"一般企业","PREMIUM_INCOME":null,"PREMIUM_INCOME_YOY":null,"NET_INTEREST_INCOME":null,"NET_INTEREST_INCOME_YOY":null,"FEE_COMMISSION_INCOME":null,"FEE_COMMISSION_INCOME_YOY":null,"ACCOUNTS_RECE_TDAYS":7.380538335258,"INVENTORY_TDAYS":null,"CURRENT_ASSETS_TDAYS":0.401570602225,"TOTAL_ASSETS_TDAYS":0.11736109743,"PREMIUM_EXPENSE":null,"LOAN_DEPOSIT":null,"LOAN_EQUITY":null,"LOAN_ASSETS":null,"DEPOSIT_EQUITY":null,"DEPOSIT_ASSETS":null,"EQUITY_MULTIPLIER":1.165192629601,"EQUITY_RATIO":0.165192629601},{"SECUCODE":"01045.HK","SECURITY_CODE":"01045","SECURITY_NAME_ABBR":"亚太卫星","ORG_CODE":"10009214","STD_REPORT_DATE":"2023-06-30 00:00:00","REPORT_DATE":"2023-06-30 00:00:00","DATE_TYPE_CODE":"002","REPORT_TYPE":"2023年中报","PER_NETCASH_OPERATE":0.203802734628,"PER_OI":0.416748096072,"BPS":5.952037716021,"BASIC_EPS":0.116999262,"DILUTED_EPS":0.116999262,"OPERATE_INCOME":386980821.44,"OPERATE_INCOME_YOY":-15.7852496579,"GROSS_PROFIT":173158907.76,"GROSS_PROFIT_YOY":-19.476308688375,"HOLDER_PROFIT":108635981.42,"HOLDER_PROFIT_YOY":-11.9417374148,"GROSS_PROFIT_RATIO":44.746121297602,"EPS_TTM":0.216563577534,"OPERATE_INCOME_QOQ":-4.652837660911,"NET_PROFIT_RATIO":28.0727042275,"ROE_AVG":1.953816383146,"GROSS_PROFIT_QOQ":-10.303527730966,"ROA":1.665310931227,"HOLDER_PROFIT_QOQ":-2.801138133978,"ROE_YEARLY":3.907632766291,"ROIC_YEARLY":4.449823032779,"TOTAL_ASSETS":6476276099.74,"TOTAL_LIABILITIES":949377557.68,"TAX_EBT":15.746759050704,"OCF_SALES":48.903099149926,"TOTAL_PARENT_EQUITY":5526898542.06,"DEBT_ASSET_RATIO":14.6593125904,"OPERATE_PROFIT":158688431.66,"PRETAX_PROFIT":128939824.98,"NETCASH_OPERATE":189245614.8,"NETCASH_INVEST":-244336685.74,"NETCASH_FINANCE":-156298659.5,"END_CASH":227043106.88,"DIVI_RATIO":0.796405849791,"DIVIDEND_RATE":8.837209302326,"CURRENT_RATIO":9.50760566569,"COMMON_ACS":2000000000,"CURRENTDEBT_DEBT":20.589463502558,"ISSUED_COMMON_SHARES":928572500,"HK_COMMON_SHARES":928572500,"PER_SHARES":2000,"TOTAL_MARKET_CAP":1996430875,"HKSK_MARKET_CAP":1996430875,"PE_TTM":9.013842359528,"PB_TTM":0.331070600659,"REPORT_DATE_SQ":"2022-06-30 00:00:00","REPORT_TYPE_SQ":"2022年中报","OPERATE_INCOME_SQ":426228406.38,"DPS_HKD":0.19,"OPERATE_INCOME_QOQ_SQ":6.823314114182,"NET_PROFIT_RATIO_SQ":26.8474043042,"HOLDER_PROFIT_SQ":114431263.52,"HOLDER_PROFIT_QOQ_SQ":6.586725781506,"ROE_AVG_SQ":2.197786133866,"PE_TTM_SQ":9.34467829301,"PB_TTM_SQ":0.336136411672,"ROA_SQ":1.844645344365,"START_DATE":"2023-01-01 00:00:00","FISCAL_YEAR":"12-31","CURRENCY":"HKD","IS_CNY_CODE":0,"DPS_HKD_LY":0.22,"ORG_TYPE":"一般企业","PREMIUM_INCOME":null,"PREMIUM_INCOME_YOY":null,"NET_INTEREST_INCOME":null,"NET_INTEREST_INCOME_YOY":null,"FEE_COMMISSION_INCOME":null,"FEE_COMMISSION_INCOME_YOY":null,"ACCOUNTS_RECE_TDAYS":2.878605303495,"INVENTORY_TDAYS":null,"CURRENT_ASSETS_TDAYS":0.216345383161,"TOTAL_ASSETS_TDAYS":0.059321357776,"PREMIUM_EXPENSE":null,"LOAN_DEPOSIT":null,"LOAN_EQUITY":null,"LOAN_ASSETS":null,"DEPOSIT_EQUITY":null,"DEPOSIT_ASSETS":null,"EQUITY_MULTIPLIER":1.171774015834,"EQUITY_RATIO":0.171774015835},{"SECUCODE":"01045.HK","SECURITY_CODE":"01045","SECURITY_NAME_ABBR":"亚太卫星","ORG_CODE":"10009214","STD_REPORT_DATE":"2022-12-31 00:00:00","REPORT_DATE":"2022-12-31 00:00:00","DATE_TYPE_CODE":"001","REPORT_TYPE":"2022年年报","PER_NETCASH_OPERATE":0.636421295817,"PER_OI":0.908404381295,"BPS":5.83617432264,"BASIC_EPS":0.222781538,"DILUTED_EPS":0.222781538,"OPERATE_INCOME":843519327.35,"OPERATE_INCOME_YOY":1.7781715378,"GROSS_PROFIT":406482513.5,"GROSS_PROFIT_YOY":11.373197980306,"HOLDER_PROFIT":206890264.7,"HOLDER_PROFIT_YOY":-12.063087075,"GROSS_PROFIT_RATIO":48.188879652231,"EPS_TTM":0.222804643364,"OPERATE_INCOME_QOQ":4.095142205523,"NET_PROFIT_RATIO":24.527033109,"ROE_AVG":3.796595210923,"GROSS_PROFIT_QOQ":2.182091085129,"ROA":3.211889134701,"HOLDER_PROFIT_QOQ":-9.861576126629,"ROE_YEARLY":3.796595210923,"ROIC_YEARLY":4.096268771544,"TOTAL_ASSETS":6366047657.06,"TOTAL_LIABILITIES":946736675.85,"TAX_EBT":19.374658418823,"OCF_SALES":70.059249924548,"TOTAL_PARENT_EQUITY":5419310981.21,"DEBT_ASSET_RATIO":14.8716554894,"OPERATE_PROFIT":316373008.98,"PRETAX_PROFIT":256606993.09,"NETCASH_OPERATE":590963313.71,"NETCASH_INVEST":-523023877.32,"NETCASH_FINANCE":-242998917.91,"END_CASH":429247499.45,"DIVI_RATIO":0.774097421831,"DIVIDEND_RATE":8.837209302326,"CURRENT_RATIO":9.71846917287,"COMMON_ACS":2000000000,"CURRENTDEBT_DEBT":18.100966641663,"ISSUED_COMMON_SHARES":928572500,"HK_COMMON_SHARES":928572500,"PER_SHARES":2000,"TOTAL_MARKET_CAP":1996430875,"HKSK_MARKET_CAP":1996430875,"PE_TTM":9.013842359528,"PB_TTM":0.331070600659,"REPORT_DATE_SQ":"2021-12-31 00:00:00","REPORT_TYPE_SQ":"2021年年报","OPERATE_INCOME_SQ":758575003.2,"DPS_HKD":0.19,"OPERATE_INCOME_QOQ_SQ":7.414841399826,"NET_PROFIT_RATIO_SQ":28.387584918,"HOLDER_PROFIT_SQ":215341123.2,"HOLDER_PROFIT_QOQ_SQ":-3.16003200286,"ROE_AVG_SQ":4.362573517866,"PE_TTM_SQ":9.34467829301,"PB_TTM_SQ":0.336136411672,"ROA_SQ":3.635047482085,"START_DATE":"2022-01-01 00:00:00","FISCAL_YEAR":"12-31","CURRENCY":"HKD","IS_CNY_CODE":0,"DPS_HKD_LY":0.255,"ORG_TYPE":"一般企业","PREMIUM_INCOME":null,"PREMIUM_INCOME_YOY":null,"NET_INTEREST_INCOME":null,"NET_INTEREST_INCOME_YOY":null,"FEE_COMMISSION_INCOME":null,"FEE_COMMISSION_INCOME_YOY":null,"ACCOUNTS_RECE_TDAYS":7.870060923267,"INVENTORY_TDAYS":null,"CURRENT_ASSETS_TDAYS":0.55662426823,"TOTAL_ASSETS_TDAYS":0.130953023157,"PREMIUM_EXPENSE":null,"LOAN_DEPOSIT":null,"LOAN_EQUITY":null,"LOAN_ASSETS":null,"DEPOSIT_EQUITY":null,"DEPOSIT_ASSETS":null,"EQUITY_MULTIPLIER":1.174696871822,"EQUITY_RATIO":0.174696871822},{"SECUCODE":"01045.HK","SECURITY_CODE":"01045","SECURITY_NAME_ABBR":"亚太卫星","ORG_CODE":"10009214","STD_REPORT_DATE":"2022-06-30 00:00:00","REPORT_DATE":"2022-06-30 00:00:00","DATE_TYPE_CODE":"002","REPORT_TYPE":"2022年中报","PER_NETCASH_OPERATE":0.205743477887,"PER_OI":0.459014677238,"BPS":5.564985412038,"BASIC_EPS":0.123232879,"DILUTED_EPS":0.123232879,"OPERATE_INCOME":426228406.38,"OPERATE_INCOME_YOY":10.7464019785,"GROSS_PROFIT":215040946.26,"GROSS_PROFIT_YOY":18.016761956265,"HOLDER_PROFIT":114431263.52,"HOLDER_PROFIT_YOY":11.0642606949,"GROSS_PROFIT_RATIO":50.452044734973,"EPS_TTM":0.247180540539,"OPERATE_INCOME_QOQ":6.823314114182,"NET_PROFIT_RATIO":26.8474043042,"ROE_AVG":2.197786133866,"GROSS_PROFIT_QOQ":8.994831479343,"ROA":1.844645344365,"HOLDER_PROFIT_QOQ":6.586725781506,"ROE_YEARLY":4.395572267732,"ROIC_YEARLY":4.547124319714,"TOTAL_ASSETS":6167935582.83,"TOTAL_LIABILITIES":1000443166.31,"TAX_EBT":20.477345124328,"OCF_SALES":44.822853840875,"TOTAL_PARENT_EQUITY":5167492416.52,"DEBT_ASSET_RATIO":16.2200650911,"OPERATE_PROFIT":166920260.15,"PRETAX_PROFIT":143897690.16,"NETCASH_OPERATE":191047735.62,"NETCASH_INVEST":-353975968.85,"NETCASH_FINANCE":-179767779.52,"END_CASH":249655616.7,"DIVI_RATIO":0.697759215283,"DIVIDEND_RATE":8.837209302326,"CURRENT_RATIO":6.611701251324,"COMMON_ACS":2000000000,"CURRENTDEBT_DEBT":21.791701322136,"ISSUED_COMMON_SHARES":928572500,"HK_COMMON_SHARES":928572500,"PER_SHARES":2000,"TOTAL_MARKET_CAP":1996430875,"HKSK_MARKET_CAP":1996430875,"PE_TTM":9.013842359528,"PB_TTM":0.331070600659,"REPORT_DATE_SQ":"2021-06-30 00:00:00","REPORT_TYPE_SQ":"2021年中报","OPERATE_INCOME_SQ":374468451.12,"DPS_HKD":0.19,"OPERATE_INCOME_QOQ_SQ":-5.638839398329,"NET_PROFIT_RATIO_SQ":26.7705687729,"HOLDER_PROFIT_SQ":100247334.24,"HOLDER_PROFIT_QOQ_SQ":14.147464087772,"ROE_AVG_SQ":2.016724967078,"PE_TTM_SQ":9.34467829301,"PB_TTM_SQ":0.336136411672,"ROA_SQ":1.674791467763,"START_DATE":"2022-01-01 00:00:00","FISCAL_YEAR":"12-31","CURRENCY":"HKD","IS_CNY_CODE":0,"DPS_HKD_LY":0.255,"ORG_TYPE":"一般企业","PREMIUM_INCOME":null,"PREMIUM_INCOME_YOY":null,"NET_INTEREST_INCOME":null,"NET_INTEREST_INCOME_YOY":null,"FEE_COMMISSION_INCOME":null,"FEE_COMMISSION_INCOME_YOY":null,"ACCOUNTS_RECE_TDAYS":2.380137583244,"INVENTORY_TDAYS":null,"CURRENT_ASSETS_TDAYS":0.310138385632,"TOTAL_ASSETS_TDAYS":0.068708517347,"PREMIUM_EXPENSE":null,"LOAN_DEPOSIT":null,"LOAN_EQUITY":null,"LOAN_ASSETS":null,"DEPOSIT_EQUITY":null,"DEPOSIT_ASSETS":null,"EQUITY_MULTIPLIER":1.193603219061,"EQUITY_RATIO":0.193603219061},{"SECUCODE":"01045.HK","SECURITY_CODE":"01045","SECURITY_NAME_ABBR":"亚太卫星","ORG_CODE":"10009214","STD_REPORT_DATE":"2021-12-31 00:00:00","REPORT_DATE":"2021-12-31 00:00:00","DATE_TYPE_CODE":"001","REPORT_TYPE":"2021年年报","PER_NETCASH_OPERATE":0.552011688479,"PER_OI":0.816925983916,"BPS":5.401029557089,"BASIC_EPS":0.23187136,"DILUTED_EPS":0.23187136,"OPERATE_INCOME":758575003.2,"OPERATE_INCOME_YOY":4.3381303621,"GROSS_PROFIT":364973369.6,"GROSS_PROFIT_YOY":10.112885746929,"HOLDER_PROFIT":215341123.2,"HOLDER_PROFIT_YOY":13.7906006169,"GROSS_PROFIT_RATIO":48.113023505966,"EPS_TTM":0.231905557401,"OPERATE_INCOME_QOQ":7.414841399826,"NET_PROFIT_RATIO":28.387584918,"ROE_AVG":4.362573517866,"GROSS_PROFIT_QOQ":7.939562110199,"ROA":3.635047482085,"HOLDER_PROFIT_QOQ":-3.16003200286,"ROE_YEARLY":4.362573517866,"ROIC_YEARLY":4.450405007774,"TOTAL_ASSETS":5964689606.4,"TOTAL_LIABILITIES":949442088,"TAX_EBT":17.411808974319,"OCF_SALES":67.571811809999,"TOTAL_PARENT_EQUITY":5015247518.4,"DEBT_ASSET_RATIO":15.9177115768,"OPERATE_PROFIT":301899617.6,"PRETAX_PROFIT":260740816,"NETCASH_OPERATE":512582873.6,"NETCASH_INVEST":-262875569.6,"NETCASH_FINANCE":-198941702.4,"END_CASH":573830107.2,"DIVI_RATIO":0.743718701409,"DIVIDEND_RATE":8.837209302326,"CURRENT_RATIO":6.64773804657,"COMMON_ACS":2000000000,"CURRENTDEBT_DEBT":19.800474486655,"ISSUED_COMMON_SHARES":928572500,"HK_COMMON_SHARES":928572500,"PER_SHARES":2000,"TOTAL_MARKET_CAP":1996430875,"HKSK_MARKET_CAP":1996430875,"PE_TTM":9.013842359528,"PB_TTM":0.331070600659,"REPORT_DATE_SQ":"2020-12-31 00:00:00","REPORT_TYPE_SQ":"2020年年报","OPERATE_INCOME_SQ":748412378.84,"DPS_HKD":0.19,"OPERATE_INCOME_QOQ_SQ":-14.124430815032,"NET_PROFIT_RATIO_SQ":26.0294569128,"HOLDER_PROFIT_SQ":194807677.68,"HOLDER_PROFIT_QOQ_SQ":2.087041696361,"ROE_AVG_SQ":3.925166747345,"PE_TTM_SQ":9.34467829301,"PB_TTM_SQ":0.336136411672,"ROA_SQ":3.241826000912,"START_DATE":"2021-01-01 00:00:00","FISCAL_YEAR":"12-31","CURRENCY":"HKD","IS_CNY_CODE":0,"DPS_HKD_LY":0.23,"ORG_TYPE":"一般企业","PREMIUM_INCOME":null,"PREMIUM_INCOME_YOY":null,"NET_INTEREST_INCOME":null,"NET_INTEREST_INCOME_YOY":null,"FEE_COMMISSION_INCOME":null,"FEE_COMMISSION_INCOME_YOY":null,"ACCOUNTS_RECE_TDAYS":6.274244212192,"INVENTORY_TDAYS":null,"CURRENT_ASSETS_TDAYS":0.619883560582,"TOTAL_ASSETS_TDAYS":0.128050607073,"PREMIUM_EXPENSE":null,"LOAN_DEPOSIT":null,"LOAN_EQUITY":null,"LOAN_ASSETS":null,"DEPOSIT_EQUITY":null,"DEPOSIT_ASSETS":null,"EQUITY_MULTIPLIER":1.189311112665,"EQUITY_RATIO":0.189311112665},{"SECUCODE":"01045.HK","SECURITY_CODE":"01045","SECURITY_NAME_ABBR":"亚太卫星","ORG_CODE":"10009214","STD_REPORT_DATE":"2021-06-30 00:00:00","REPORT_DATE":"2021-06-30 00:00:00","DATE_TYPE_CODE":"002","REPORT_TYPE":"2021年中报","PER_NETCASH_OPERATE":0.135962995243,"PER_OI":0.403273251275,"BPS":5.38312293151,"BASIC_EPS":0.107920776,"DILUTED_EPS":0.107920776,"OPERATE_INCOME":374468451.12,"OPERATE_INCOME_YOY":-1.3407723252,"GROSS_PROFIT":182212206.72,"GROSS_PROFIT_YOY":3.801844840503,"HOLDER_PROFIT":100247334.24,"HOLDER_PROFIT_YOY":51.4018221803,"GROSS_PROFIT_RATIO":48.658894006964,"EPS_TTM":0.239472980214,"OPERATE_INCOME_QOQ":-5.638839398329,"NET_PROFIT_RATIO":26.7705687729,"ROE_AVG":2.016724967078,"GROSS_PROFIT_QOQ":2.013463455143,"ROA":1.674791467763,"HOLDER_PROFIT_QOQ":14.147464087772,"ROE_YEARLY":4.033449934156,"ROIC_YEARLY":4.010664990646,"TOTAL_ASSETS":5983764362.64,"TOTAL_LIABILITIES":985144444.32,"TAX_EBT":18.865662796649,"OCF_SALES":33.714855823606,"TOTAL_PARENT_EQUITY":4998619918.32,"DEBT_ASSET_RATIO":16.4636236425,"OPERATE_PROFIT":147923854.08,"PRETAX_PROFIT":123557223.36,"NETCASH_OPERATE":126251498.4,"NETCASH_INVEST":31306177.92,"NETCASH_FINANCE":-158646036.96,"END_CASH":506823256.32,"DIVI_RATIO":0.720216952433,"DIVIDEND_RATE":8.837209302326,"CURRENT_RATIO":6.219195085425,"COMMON_ACS":2000000000,"CURRENTDEBT_DEBT":18.781050615142,"ISSUED_COMMON_SHARES":928572500,"HK_COMMON_SHARES":928572500,"PER_SHARES":2000,"TOTAL_MARKET_CAP":1996430875,"HKSK_MARKET_CAP":1996430875,"PE_TTM":9.013842359528,"PB_TTM":0.331070600659,"REPORT_DATE_SQ":"2020-06-30 00:00:00","REPORT_TYPE_SQ":"2020年中报","OPERATE_INCOME_SQ":416670223.2,"DPS_HKD":0.19,"OPERATE_INCOME_QOQ_SQ":-8.438169747729,"NET_PROFIT_RATIO_SQ":17.4447282174,"HOLDER_PROFIT_SQ":72686988,"HOLDER_PROFIT_QOQ_SQ":-41.205785981934,"ROE_AVG_SQ":1.369161224219,"PE_TTM_SQ":9.34467829301,"PB_TTM_SQ":0.336136411672,"ROA_SQ":1.128090473494,"START_DATE":"2021-01-01 00:00:00","FISCAL_YEAR":"12-31","CURRENCY":"HKD","IS_CNY_CODE":0,"DPS_HKD_LY":0.23,"ORG_TYPE":"一般企业","PREMIUM_INCOME":null,"PREMIUM_INCOME_YOY":null,"NET_INTEREST_INCOME":null,"NET_INTEREST_INCOME_YOY":null,"FEE_COMMISSION_INCOME":null,"FEE_COMMISSION_INCOME_YOY":null,"ACCOUNTS_RECE_TDAYS":2.060797413694,"INVENTORY_TDAYS":null,"CURRENT_ASSETS_TDAYS":0.316056268591,"TOTAL_ASSETS_TDAYS":0.062560922107,"PREMIUM_EXPENSE":null,"LOAN_DEPOSIT":null,"LOAN_EQUITY":null,"LOAN_ASSETS":null,"DEPOSIT_EQUITY":null,"DEPOSIT_ASSETS":null,"EQUITY_MULTIPLIER":1.197083287071,"EQUITY_RATIO":0.197083287071},{"SECUCODE":"01045.HK","SECURITY_CODE":"01045","SECURITY_NAME_ABBR":"亚太卫星","ORG_CODE":"10009214","STD_REPORT_DATE":"2020-12-31 00:00:00","REPORT_DATE":"2020-12-31 00:00:00","DATE_TYPE_CODE":"001","REPORT_TYPE":"2020年年报","PER_NETCASH_OPERATE":0.632678962515,"PER_OI":0.805981631849,"BPS":5.384359661179,"BASIC_EPS":0.209400032,"DILUTED_EPS":0.209400032,"OPERATE_INCOME":748412378.84,"OPERATE_INCOME_YOY":-16.3127902764,"GROSS_PROFIT":331453823.16,"GROSS_PROFIT_YOY":-30.98178668632,"HOLDER_PROFIT":194807677.68,"HOLDER_PROFIT_YOY":-36.1177503133,"GROSS_PROFIT_RATIO":44.287592312909,"EPS_TTM":0.209792641587,"OPERATE_INCOME_QOQ":-14.124430815032,"NET_PROFIT_RATIO":26.0294569128,"ROE_AVG":3.925166747345,"GROSS_PROFIT_QOQ":-14.828763791442,"ROA":3.241826000912,"HOLDER_PROFIT_QOQ":2.087041696361,"ROE_YEARLY":3.925166747345,"ROIC_YEARLY":3.828842651079,"TOTAL_ASSETS":6056349701.24,"TOTAL_LIABILITIES":1056581389.76,"TAX_EBT":17.760004547926,"OCF_SALES":78.497938106071,"TOTAL_PARENT_EQUITY":4999768311.48,"DEBT_ASSET_RATIO":17.4458451358,"OPERATE_PROFIT":255177673.24,"PRETAX_PROFIT":236877053.08,"NETCASH_OPERATE":587488285.92,"NETCASH_INVEST":-217983918.36,"NETCASH_FINANCE":-165951208.64,"END_CASH":515956460.68,"DIVI_RATIO":0.822109387133,"DIVIDEND_RATE":8.837209302326,"CURRENT_RATIO":5.159335918377,"COMMON_ACS":2000000000,"CURRENTDEBT_DEBT":22.617860351892,"ISSUED_COMMON_SHARES":928572500,"HK_COMMON_SHARES":928572500,"PER_SHARES":2000,"TOTAL_MARKET_CAP":1996430875,"HKSK_MARKET_CAP":1996430875,"PE_TTM":9.013842359528,"PB_TTM":0.331070600659,"REPORT_DATE_SQ":"2019-12-31 00:00:00","REPORT_TYPE_SQ":"2019年年报","OPERATE_INCOME_SQ":951824475.7,"DPS_HKD":0.19,"OPERATE_INCOME_QOQ_SQ":-9.859093596448,"NET_PROFIT_RATIO_SQ":34.0991845205,"HOLDER_PROFIT_SQ":324564384.28,"HOLDER_PROFIT_QOQ_SQ":-21.786150547077,"ROE_AVG_SQ":6.300926698422,"PE_TTM_SQ":9.34467829301,"PB_TTM_SQ":0.336136411672,"ROA_SQ":5.089454116905,"START_DATE":"2020-01-01 00:00:00","FISCAL_YEAR":"12-31","CURRENCY":"HKD","IS_CNY_CODE":0,"DPS_HKD_LY":0.185,"ORG_TYPE":"一般企业","PREMIUM_INCOME":null,"PREMIUM_INCOME_YOY":null,"NET_INTEREST_INCOME":null,"NET_INTEREST_INCOME_YOY":null,"FEE_COMMISSION_INCOME":null,"FEE_COMMISSION_INCOME_YOY":null,"ACCOUNTS_RECE_TDAYS":5.39999696367,"INVENTORY_TDAYS":null,"CURRENT_ASSETS_TDAYS":0.692663221387,"TOTAL_ASSETS_TDAYS":0.124544511696,"PREMIUM_EXPENSE":null,"LOAN_DEPOSIT":null,"LOAN_EQUITY":null,"LOAN_ASSETS":null,"DEPOSIT_EQUITY":null,"DEPOSIT_ASSETS":null,"EQUITY_MULTIPLIER":1.211326070317,"EQUITY_RATIO":0.211326070317},{"SECUCODE":"01045.HK","SECURITY_CODE":"01045","SECURITY_NAME_ABBR":"亚太卫星","ORG_CODE":"10009214","STD_REPORT_DATE":"2020-06-30 00:00:00","REPORT_DATE":"2020-06-30 00:00:00","DATE_TYPE_CODE":"002","REPORT_TYPE":"2020年中报","PER_NETCASH_OPERATE":0.26124263197,"PER_OI":0.447643337163,"BPS":5.676629146609,"BASIC_EPS":0.07809912,"DILUTED_EPS":0.07809912,"OPERATE_INCOME":416670223.2,"OPERATE_INCOME_YOY":-19.261172156,"GROSS_PROFIT":175538505.12,"GROSS_PROFIT_YOY":-34.161022429911,"HOLDER_PROFIT":72686988,"HOLDER_PROFIT_YOY":-66.0901025287,"GROSS_PROFIT_RATIO":42.128881630148,"EPS_TTM":0.205010030226,"OPERATE_INCOME_QOQ":-8.438169747729,"NET_PROFIT_RATIO":17.4447282174,"ROE_AVG":1.369161224219,"GROSS_PROFIT_QOQ":-18.965349822238,"ROA":1.128090473494,"HOLDER_PROFIT_QOQ":-41.205785981934,"ROE_YEARLY":2.738322448437,"ROIC_YEARLY":2.592450845039,"TOTAL_ASSETS":6416068327.68,"TOTAL_LIABILITIES":1144906609.44,"TAX_EBT":19.416089439786,"OCF_SALES":58.359548837566,"TOTAL_PARENT_EQUITY":5271161718.24,"DEBT_ASSET_RATIO":17.8443643516,"OPERATE_PROFIT":99385925.76,"PRETAX_PROFIT":90200373.12,"NETCASH_OPERATE":243166862.4,"NETCASH_INVEST":35950258.08,"NETCASH_FINANCE":-141093596.16,"END_CASH":450991817.76,"DIVI_RATIO":0.841288105804,"DIVIDEND_RATE":8.837209302326,"CURRENT_RATIO":4.369039001077,"COMMON_ACS":2000000000,"CURRENTDEBT_DEBT":22.152447620514,"ISSUED_COMMON_SHARES":928572500,"HK_COMMON_SHARES":928572500,"PER_SHARES":2000,"TOTAL_MARKET_CAP":1996430875,"HKSK_MARKET_CAP":1996430875,"PE_TTM":9.013842359528,"PB_TTM":0.331070600659,"REPORT_DATE_SQ":"2019-06-30 00:00:00","REPORT_TYPE_SQ":"2019年中报","OPERATE_INCOME_SQ":496986788.16,"DPS_HKD":0.19,"OPERATE_INCOME_QOQ_SQ":-2.632930939611,"NET_PROFIT_RATIO_SQ":41.5355696525,"HOLDER_PROFIT_SQ":206426293.56,"HOLDER_PROFIT_QOQ_SQ":-6.588575315661,"ROE_AVG_SQ":4.108805086342,"PE_TTM_SQ":9.34467829301,"PB_TTM_SQ":0.336136411672,"ROA_SQ":3.335809847495,"START_DATE":"2020-01-01 00:00:00","FISCAL_YEAR":"12-31","CURRENCY":"HKD","IS_CNY_CODE":0,"DPS_HKD_LY":0.185,"ORG_TYPE":"一般企业","PREMIUM_INCOME":null,"PREMIUM_INCOME_YOY":null,"NET_INTEREST_INCOME":null,"NET_INTEREST_INCOME_YOY":null,"FEE_COMMISSION_INCOME":null,"FEE_COMMISSION_INCOME_YOY":null,"ACCOUNTS_RECE_TDAYS":2.190509576621,"INVENTORY_TDAYS":null,"CURRENT_ASSETS_TDAYS":0.393962673493,"TOTAL_ASSETS_TDAYS":0.064666554815,"PREMIUM_EXPENSE":null,"LOAN_DEPOSIT":null,"LOAN_EQUITY":null,"LOAN_ASSETS":null,"DEPOSIT_EQUITY":null,"DEPOSIT_ASSETS":null,"EQUITY_MULTIPLIER":1.217201951038,"EQUITY_RATIO":0.217201951038}],"count":49},"success":true,"message":"ok","code":0}