{"version":"12bf6ef7b408e9b27ab3c86f3b09df99","result":{"pages":6,"data":[{"SECUCODE":"01050.HK","SECURITY_CODE":"01050","SECURITY_NAME_ABBR":"嘉利国际","ORG_CODE":"10009218","STD_REPORT_DATE":"2024-06-30 00:00:00","REPORT_DATE":"2024-09-30 00:00:00","DATE_TYPE_CODE":"002","REPORT_TYPE":"2024年中报","PER_NETCASH_OPERATE":0.039302599226,"PER_OI":0.681052780521,"BPS":0.454824728056,"BASIC_EPS":0.0450895,"DILUTED_EPS":0.0450895,"OPERATE_INCOME":1376720408.87,"OPERATE_INCOME_YOY":6.0331798848,"GROSS_PROFIT":181406781.77,"GROSS_PROFIT_YOY":18.698132433431,"HOLDER_PROFIT":91783284.41,"HOLDER_PROFIT_YOY":38.5596623783,"GROSS_PROFIT_RATIO":13.176733678184,"EPS_TTM":0.076085812887,"OPERATE_INCOME_QOQ":0,"NET_PROFIT_RATIO":6.6668064059,"ROE_AVG":10.115346696032,"GROSS_PROFIT_QOQ":0,"ROA":4.052398206782,"HOLDER_PROFIT_QOQ":0,"ROE_YEARLY":20.230693392064,"ROIC_YEARLY":8.727865515117,"TOTAL_ASSETS":2363075766.12,"TOTAL_LIABILITIES":1443823504.56,"TAX_EBT":13.112626879178,"OCF_SALES":5.770859520795,"TOTAL_PARENT_EQUITY":919252261.56,"DEBT_ASSET_RATIO":61.0993318649,"OPERATE_PROFIT":121877820.29,"PRETAX_PROFIT":105634778.81,"NETCASH_OPERATE":79448600.79,"NETCASH_INVEST":-26459420.39,"NETCASH_FINANCE":-125348.81,"END_CASH":188633726.83,"DIVI_RATIO":0.772900331463,"DIVIDEND_RATE":8.125,"CURRENT_RATIO":1.083495849454,"COMMON_ACS":4000000000,"CURRENTDEBT_DEBT":89.258705460869,"ISSUED_COMMON_SHARES":2021113200,"HK_COMMON_SHARES":2021113200,"PER_SHARES":2000,"TOTAL_MARKET_CAP":1616890560,"HKSK_MARKET_CAP":1616890560,"PE_TTM":8.166815130592,"PB_TTM":1.586175850825,"REPORT_DATE_SQ":"2023-06-30 00:00:00","REPORT_TYPE_SQ":"2023年中报","OPERATE_INCOME_SQ":1321192662.44,"DPS_HKD":0.065,"OPERATE_INCOME_QOQ_SQ":0,"NET_PROFIT_RATIO_SQ":5.1017927639,"HOLDER_PROFIT_SQ":67404511.65,"HOLDER_PROFIT_QOQ_SQ":0,"ROE_AVG_SQ":7.917081624998,"PE_TTM_SQ":4.747129864744,"PB_TTM_SQ":1.033998976978,"ROA_SQ":2.867941736917,"START_DATE":"2024-04-01 00:00:00","FISCAL_YEAR":"3-31","CURRENCY":"HKD","IS_CNY_CODE":0,"DPS_HKD_LY":0.065,"ORG_TYPE":"一般企业","PREMIUM_INCOME":null,"PREMIUM_INCOME_YOY":null,"NET_INTEREST_INCOME":null,"NET_INTEREST_INCOME_YOY":null,"FEE_COMMISSION_INCOME":null,"FEE_COMMISSION_INCOME_YOY":null,"ACCOUNTS_RECE_TDAYS":2.412763210194,"INVENTORY_TDAYS":2.348872692089,"CURRENT_ASSETS_TDAYS":1.056062185556,"TOTAL_ASSETS_TDAYS":0.607846990006,"PREMIUM_EXPENSE":null,"LOAN_DEPOSIT":null,"LOAN_EQUITY":null,"LOAN_ASSETS":null,"DEPOSIT_EQUITY":null,"DEPOSIT_ASSETS":null,"EQUITY_MULTIPLIER":2.570649934667,"EQUITY_RATIO":1.570649934665},{"SECUCODE":"01050.HK","SECURITY_CODE":"01050","SECURITY_NAME_ABBR":"嘉利国际","ORG_CODE":"10009218","STD_REPORT_DATE":"2023-12-31 00:00:00","REPORT_DATE":"2024-03-31 00:00:00","DATE_TYPE_CODE":"001","REPORT_TYPE":"2023年年报","PER_NETCASH_OPERATE":0.142683042032,"PER_OI":1.307710081683,"BPS":0.445401957792,"BASIC_EPS":0.0761502,"DILUTED_EPS":0.0761502,"OPERATE_INCOME":2643482575.55,"OPERATE_INCOME_YOY":-5.3774267879,"GROSS_PROFIT":335549510.45,"GROSS_PROFIT_YOY":13.68485719794,"HOLDER_PROFIT":153804366.45,"HOLDER_PROFIT_YOY":-56.066581558,"GROSS_PROFIT_RATIO":12.693464052063,"EPS_TTM":0.084479561309,"OPERATE_INCOME_QOQ":0,"NET_PROFIT_RATIO":5.8182477869,"ROE_AVG":17.583375393701,"GROSS_PROFIT_QOQ":0,"ROA":6.850065610175,"HOLDER_PROFIT_QOQ":0,"ROE_YEARLY":17.583375393701,"ROIC_YEARLY":7.305587067407,"TOTAL_ASSETS":2178186722.55,"TOTAL_LIABILITIES":1277978946.35,"TAX_EBT":9.272776859769,"OCF_SALES":10.91090785571,"TOTAL_PARENT_EQUITY":900207776.2,"DEBT_ASSET_RATIO":58.6716893056,"OPERATE_PROFIT":207030636.6,"PRETAX_PROFIT":169523943.45,"NETCASH_OPERATE":288427948,"NETCASH_INVEST":-85610049.25,"NETCASH_FINANCE":-210723921.3,"END_CASH":135454887.9,"DIVI_RATIO":0.696106242608,"DIVIDEND_RATE":8.333333333333,"CURRENT_RATIO":1.107246959991,"COMMON_ACS":4000000000,"CURRENTDEBT_DEBT":86.027408337986,"ISSUED_COMMON_SHARES":2021113200,"HK_COMMON_SHARES":2021113200,"PER_SHARES":2000,"TOTAL_MARKET_CAP":1576468296,"HKSK_MARKET_CAP":1576468296,"PE_TTM":7.962644752327,"PB_TTM":1.546521454554,"REPORT_DATE_SQ":"2022-12-31 00:00:00","REPORT_TYPE_SQ":"2022年年报","OPERATE_INCOME_SQ":2697748370.77,"DPS_HKD":0.065,"OPERATE_INCOME_QOQ_SQ":0,"NET_PROFIT_RATIO_SQ":12.5311800609,"HOLDER_PROFIT_SQ":338059705.93,"HOLDER_PROFIT_QOQ_SQ":0,"ROE_AVG_SQ":29.329810269493,"PE_TTM_SQ":4.747129864744,"PB_TTM_SQ":1.033998976978,"ROA_SQ":10.139972652719,"START_DATE":"2023-04-01 00:00:00","FISCAL_YEAR":"3-31","CURRENCY":"HKD","IS_CNY_CODE":0,"DPS_HKD_LY":0.03,"ORG_TYPE":"一般企业","PREMIUM_INCOME":null,"PREMIUM_INCOME_YOY":null,"NET_INTEREST_INCOME":null,"NET_INTEREST_INCOME_YOY":null,"FEE_COMMISSION_INCOME":null,"FEE_COMMISSION_INCOME_YOY":null,"ACCOUNTS_RECE_TDAYS":4.95379738395,"INVENTORY_TDAYS":4.445239492101,"CURRENT_ASSETS_TDAYS":2.127587496329,"TOTAL_ASSETS_TDAYS":1.177341677602,"PREMIUM_EXPENSE":null,"LOAN_DEPOSIT":null,"LOAN_EQUITY":null,"LOAN_ASSETS":null,"DEPOSIT_EQUITY":null,"DEPOSIT_ASSETS":null,"EQUITY_MULTIPLIER":2.41964886345,"EQUITY_RATIO":1.419648863449},{"SECUCODE":"01050.HK","SECURITY_CODE":"01050","SECURITY_NAME_ABBR":"嘉利国际","ORG_CODE":"10009218","STD_REPORT_DATE":"2023-06-30 00:00:00","REPORT_DATE":"2023-09-30 00:00:00","DATE_TYPE_CODE":"002","REPORT_TYPE":"2023年中报","PER_NETCASH_OPERATE":0.086475946371,"PER_OI":0.653583640194,"BPS":0.417176363491,"BASIC_EPS":0.03303468,"DILUTED_EPS":0.03303468,"OPERATE_INCOME":1321192662.44,"OPERATE_INCOME_YOY":-12.5103149728,"GROSS_PROFIT":152830358.87,"GROSS_PROFIT_YOY":1.916698202552,"HOLDER_PROFIT":67404511.65,"HOLDER_PROFIT_YOY":-71.6924416835,"GROSS_PROFIT_RATIO":11.567605786407,"EPS_TTM":0.167235483125,"OPERATE_INCOME_QOQ":0,"NET_PROFIT_RATIO":5.1017927639,"ROE_AVG":7.917081624998,"GROSS_PROFIT_QOQ":0,"ROA":2.867941736917,"HOLDER_PROFIT_QOQ":0,"ROE_YEARLY":15.834163249997,"ROIC_YEARLY":6.193078093867,"TOTAL_ASSETS":2359878247.3,"TOTAL_LIABILITIES":1516717592.32,"TAX_EBT":9.669445879141,"OCF_SALES":13.231045126088,"TOTAL_PARENT_EQUITY":843160654.98,"DEBT_ASSET_RATIO":64.2710103394,"OPERATE_PROFIT":94503043.18,"PRETAX_PROFIT":74619836.34,"NETCASH_OPERATE":174807597.37,"NETCASH_INVEST":-92064900.27,"NETCASH_FINANCE":-25422939.15,"END_CASH":200699445.45,"DIVI_RATIO":0.351640386962,"DIVIDEND_RATE":8.333333333333,"CURRENT_RATIO":0.950613099828,"COMMON_ACS":4000000000,"CURRENTDEBT_DEBT":94.077129152792,"ISSUED_COMMON_SHARES":2021113200,"HK_COMMON_SHARES":2021113200,"PER_SHARES":2000,"TOTAL_MARKET_CAP":1576468296,"HKSK_MARKET_CAP":1576468296,"PE_TTM":7.962644752327,"PB_TTM":1.546521454554,"REPORT_DATE_SQ":"2022-06-30 00:00:00","REPORT_TYPE_SQ":"2022年中报","OPERATE_INCOME_SQ":1488406157.04,"DPS_HKD":0.065,"OPERATE_INCOME_QOQ_SQ":0,"NET_PROFIT_RATIO_SQ":11.799846118,"HOLDER_PROFIT_SQ":234692231.16,"HOLDER_PROFIT_QOQ_SQ":0,"ROE_AVG_SQ":15.386891473048,"PE_TTM_SQ":4.747129864744,"PB_TTM_SQ":1.033998976978,"ROA_SQ":5.423509958101,"START_DATE":"2023-04-01 00:00:00","FISCAL_YEAR":"3-31","CURRENCY":"HKD","IS_CNY_CODE":0,"DPS_HKD_LY":0.03,"ORG_TYPE":"一般企业","PREMIUM_INCOME":null,"PREMIUM_INCOME_YOY":null,"NET_INTEREST_INCOME":null,"NET_INTEREST_INCOME_YOY":null,"FEE_COMMISSION_INCOME":null,"FEE_COMMISSION_INCOME_YOY":null,"ACCOUNTS_RECE_TDAYS":2.257687066723,"INVENTORY_TDAYS":2.267478389093,"CURRENT_ASSETS_TDAYS":1.001075967476,"TOTAL_ASSETS_TDAYS":0.5621439109,"PREMIUM_EXPENSE":null,"LOAN_DEPOSIT":null,"LOAN_EQUITY":null,"LOAN_ASSETS":null,"DEPOSIT_EQUITY":null,"DEPOSIT_ASSETS":null,"EQUITY_MULTIPLIER":2.798847685029,"EQUITY_RATIO":1.798847685031},{"SECUCODE":"01050.HK","SECURITY_CODE":"01050","SECURITY_NAME_ABBR":"嘉利国际","ORG_CODE":"10009218","STD_REPORT_DATE":"2022-12-31 00:00:00","REPORT_DATE":"2023-03-31 00:00:00","DATE_TYPE_CODE":"001","REPORT_TYPE":"2022年年报","PER_NETCASH_OPERATE":0.268939694573,"PER_OI":1.334554944651,"BPS":0.405742153591,"BASIC_EPS":0.16720331,"DILUTED_EPS":0.16720331,"OPERATE_INCOME":2697748370.77,"OPERATE_INCOME_YOY":0.2173649347,"GROSS_PROFIT":295157612.65,"GROSS_PROFIT_YOY":-16.926320158215,"HOLDER_PROFIT":338059705.93,"HOLDER_PROFIT_YOY":-29.6719006669,"GROSS_PROFIT_RATIO":10.940887439615,"EPS_TTM":0.230687320693,"OPERATE_INCOME_QOQ":0,"NET_PROFIT_RATIO":12.5311800609,"ROE_AVG":29.329810269493,"GROSS_PROFIT_QOQ":0,"ROA":10.139972652719,"HOLDER_PROFIT_QOQ":0,"ROE_YEARLY":29.329810269493,"ROIC_YEARLY":11.142852732231,"TOTAL_ASSETS":2232977444.39,"TOTAL_LIABILITIES":1412926621.97,"TAX_EBT":4.939230725112,"OCF_SALES":20.152013647026,"TOTAL_PARENT_EQUITY":820050822.42,"DEBT_ASSET_RATIO":63.2754542828,"OPERATE_PROFIT":184523296.85,"PRETAX_PROFIT":167895759.31,"NETCASH_OPERATE":543650619.84,"NETCASH_INVEST":-186785356.29,"NETCASH_FINANCE":-935952480.19,"END_CASH":139579747.45,"DIVI_RATIO":0.254919732144,"DIVIDEND_RATE":8.333333333333,"CURRENT_RATIO":1.01495898962,"COMMON_ACS":4000000000,"CURRENTDEBT_DEBT":85.358456571399,"ISSUED_COMMON_SHARES":2021113200,"HK_COMMON_SHARES":2021113200,"PER_SHARES":2000,"TOTAL_MARKET_CAP":1576468296,"HKSK_MARKET_CAP":1576468296,"PE_TTM":7.962644752327,"PB_TTM":1.546521454554,"REPORT_DATE_SQ":"2021-12-31 00:00:00","REPORT_TYPE_SQ":"2021年年报","OPERATE_INCOME_SQ":2493866293.13,"DPS_HKD":0.065,"OPERATE_INCOME_QOQ_SQ":0,"NET_PROFIT_RATIO_SQ":13.6816003452,"HOLDER_PROFIT_SQ":445327213.02,"HOLDER_PROFIT_QOQ_SQ":0,"ROE_AVG_SQ":32.364294138554,"PE_TTM_SQ":4.747129864744,"PB_TTM_SQ":1.033998976978,"ROA_SQ":12.597689957778,"START_DATE":"2022-04-01 00:00:00","FISCAL_YEAR":"3-31","CURRENCY":"HKD","IS_CNY_CODE":0,"DPS_HKD_LY":0.08,"ORG_TYPE":"一般企业","PREMIUM_INCOME":null,"PREMIUM_INCOME_YOY":null,"NET_INTEREST_INCOME":null,"NET_INTEREST_INCOME_YOY":null,"FEE_COMMISSION_INCOME":null,"FEE_COMMISSION_INCOME_YOY":null,"ACCOUNTS_RECE_TDAYS":5.294934695971,"INVENTORY_TDAYS":3.888722482066,"CURRENT_ASSETS_TDAYS":1.195669249714,"TOTAL_ASSETS_TDAYS":0.809179391205,"PREMIUM_EXPENSE":null,"LOAN_DEPOSIT":null,"LOAN_EQUITY":null,"LOAN_ASSETS":null,"DEPOSIT_EQUITY":null,"DEPOSIT_ASSETS":null,"EQUITY_MULTIPLIER":2.722974458828,"EQUITY_RATIO":1.722974458827},{"SECUCODE":"01050.HK","SECURITY_CODE":"01050","SECURITY_NAME_ABBR":"嘉利国际","ORG_CODE":"10009218","STD_REPORT_DATE":"2022-06-30 00:00:00","REPORT_DATE":"2022-09-30 00:00:00","DATE_TYPE_CODE":"002","REPORT_TYPE":"2022年中报","PER_NETCASH_OPERATE":0.097143295702,"PER_OI":0.73635748407,"BPS":0.750140169606,"BASIC_EPS":0.11667276,"DILUTED_EPS":0.11667276,"OPERATE_INCOME":1488406157.04,"OPERATE_INCOME_YOY":13.2719659755,"GROSS_PROFIT":149956152,"GROSS_PROFIT_YOY":-67.017413358343,"HOLDER_PROFIT":234692231.16,"HOLDER_PROFIT_YOY":1.142037504,"GROSS_PROFIT_RATIO":26.396669892246,"EPS_TTM":0.220316225256,"OPERATE_INCOME_QOQ":0,"NET_PROFIT_RATIO":11.799846118,"ROE_AVG":15.386891473048,"GROSS_PROFIT_QOQ":0,"ROA":5.423509958101,"HOLDER_PROFIT_QOQ":0,"ROE_YEARLY":30.773782946095,"ROIC_YEARLY":12.321417930061,"TOTAL_ASSETS":4072672517.88,"TOTAL_LIABILITIES":2556554319.24,"TAX_EBT":1.836156693857,"OCF_SALES":9.872410744818,"TOTAL_PARENT_EQUITY":1516118198.64,"DEBT_ASSET_RATIO":62.7733830308,"OPERATE_PROFIT":97874879.04,"PRETAX_PROFIT":85264272.12,"NETCASH_OPERATE":196356637.32,"NETCASH_INVEST":-77712198.12,"NETCASH_FINANCE":-243357670.8,"END_CASH":569642540.76,"DIVI_RATIO":0.266919741983,"DIVIDEND_RATE":8.333333333333,"CURRENT_RATIO":1.399183475261,"COMMON_ACS":4000000000,"CURRENTDEBT_DEBT":84.798973775158,"ISSUED_COMMON_SHARES":2021113200,"HK_COMMON_SHARES":2021113200,"PER_SHARES":2000,"TOTAL_MARKET_CAP":1576468296,"HKSK_MARKET_CAP":1576468296,"PE_TTM":7.962644752327,"PB_TTM":1.546521454554,"REPORT_DATE_SQ":"2021-06-30 00:00:00","REPORT_TYPE_SQ":"2021年中报","OPERATE_INCOME_SQ":1617321844.38,"DPS_HKD":0.065,"OPERATE_INCOME_QOQ_SQ":0,"NET_PROFIT_RATIO_SQ":13.2638603825,"HOLDER_PROFIT_SQ":213729040.54,"HOLDER_PROFIT_QOQ_SQ":0,"ROE_AVG_SQ":15.505860749809,"PE_TTM_SQ":4.747129864744,"PB_TTM_SQ":1.033998976978,"ROA_SQ":6.250146491471,"START_DATE":"2022-04-01 00:00:00","FISCAL_YEAR":"3-31","CURRENCY":"HKD","IS_CNY_CODE":0,"DPS_HKD_LY":0.08,"ORG_TYPE":"一般企业","PREMIUM_INCOME":null,"PREMIUM_INCOME_YOY":null,"NET_INTEREST_INCOME":null,"NET_INTEREST_INCOME_YOY":null,"FEE_COMMISSION_INCOME":null,"FEE_COMMISSION_INCOME_YOY":null,"ACCOUNTS_RECE_TDAYS":2.507966237691,"INVENTORY_TDAYS":2.124447921165,"CURRENT_ASSETS_TDAYS":0.618565620885,"TOTAL_ASSETS_TDAYS":0.459625481879,"PREMIUM_EXPENSE":null,"LOAN_DEPOSIT":null,"LOAN_EQUITY":null,"LOAN_ASSETS":null,"DEPOSIT_EQUITY":null,"DEPOSIT_ASSETS":null,"EQUITY_MULTIPLIER":2.686250004472,"EQUITY_RATIO":1.686250004474},{"SECUCODE":"01050.HK","SECURITY_CODE":"01050","SECURITY_NAME_ABBR":"嘉利国际","ORG_CODE":"10009218","STD_REPORT_DATE":"2021-12-31 00:00:00","REPORT_DATE":"2022-03-31 00:00:00","DATE_TYPE_CODE":"001","REPORT_TYPE":"2021年年报","PER_NETCASH_OPERATE":0.220127245901,"PER_OI":1.233787632852,"BPS":0.680773663504,"BASIC_EPS":0.22059472,"DILUTED_EPS":0.22059472,"OPERATE_INCOME":2493866293.13,"OPERATE_INCOME_YOY":15.5677352959,"GROSS_PROFIT":355296181.91,"GROSS_PROFIT_YOY":-55.580143423095,"HOLDER_PROFIT":445327213.02,"HOLDER_PROFIT_YOY":23.3028239859,"GROSS_PROFIT_RATIO":28.612978312338,"EPS_TTM":0.191407093746,"OPERATE_INCOME_QOQ":0,"NET_PROFIT_RATIO":13.6816003452,"ROE_AVG":32.364294138554,"GROSS_PROFIT_QOQ":0,"ROA":12.597689957778,"HOLDER_PROFIT_QOQ":0,"ROE_YEARLY":32.364294138554,"ROIC_YEARLY":13.648324886117,"TOTAL_ASSETS":4108630186.66,"TOTAL_LIABILITIES":2732709549.14,"TAX_EBT":14.156991563332,"OCF_SALES":13.669864759206,"TOTAL_PARENT_EQUITY":1375920637.52,"DEBT_ASSET_RATIO":66.511450897,"OPERATE_PROFIT":245976088.96,"PRETAX_PROFIT":240226839.07,"NETCASH_OPERATE":444945227.31,"NETCASH_INVEST":-191694378.65,"NETCASH_FINANCE":-117592394.95,"END_CASH":680850194.09,"DIVI_RATIO":0.307233910975,"DIVIDEND_RATE":8.333333333333,"CURRENT_RATIO":1.304947568736,"COMMON_ACS":4000000000,"CURRENTDEBT_DEBT":85.431489526383,"ISSUED_COMMON_SHARES":2021113200,"HK_COMMON_SHARES":2021113200,"PER_SHARES":2000,"TOTAL_MARKET_CAP":1576468296,"HKSK_MARKET_CAP":1576468296,"PE_TTM":7.962644752327,"PB_TTM":1.546521454554,"REPORT_DATE_SQ":"2020-12-31 00:00:00","REPORT_TYPE_SQ":"2020年年报","OPERATE_INCOME_SQ":2935139413.64,"DPS_HKD":0.065,"OPERATE_INCOME_QOQ_SQ":0,"NET_PROFIT_RATIO_SQ":11.4414287714,"HOLDER_PROFIT_SQ":376382319.04,"HOLDER_PROFIT_QOQ_SQ":0,"ROE_AVG_SQ":28.030413775137,"PE_TTM_SQ":4.747129864744,"PB_TTM_SQ":1.033998976978,"ROA_SQ":10.952588984295,"START_DATE":"2021-04-01 00:00:00","FISCAL_YEAR":"3-31","CURRENCY":"HKD","IS_CNY_CODE":0,"DPS_HKD_LY":0.08,"ORG_TYPE":"一般企业","PREMIUM_INCOME":null,"PREMIUM_INCOME_YOY":null,"NET_INTEREST_INCOME":null,"NET_INTEREST_INCOME_YOY":null,"FEE_COMMISSION_INCOME":null,"FEE_COMMISSION_INCOME_YOY":null,"ACCOUNTS_RECE_TDAYS":4.864868755888,"INVENTORY_TDAYS":4.899910897371,"CURRENT_ASSETS_TDAYS":1.233685596042,"TOTAL_ASSETS_TDAYS":0.9207760525,"PREMIUM_EXPENSE":null,"LOAN_DEPOSIT":null,"LOAN_EQUITY":null,"LOAN_ASSETS":null,"DEPOSIT_EQUITY":null,"DEPOSIT_ASSETS":null,"EQUITY_MULTIPLIER":2.986095327463,"EQUITY_RATIO":1.986095327464},{"SECUCODE":"01050.HK","SECURITY_CODE":"01050","SECURITY_NAME_ABBR":"嘉利国际","ORG_CODE":"10009218","STD_REPORT_DATE":"2021-06-30 00:00:00","REPORT_DATE":"2021-09-30 00:00:00","DATE_TYPE_CODE":"002","REPORT_TYPE":"2021年中报","PER_NETCASH_OPERATE":0.047335018117,"PER_OI":0.801252858759,"BPS":0.647447975522,"BASIC_EPS":0.10579862,"DILUTED_EPS":0.10579862,"OPERATE_INCOME":1617321844.38,"OPERATE_INCOME_YOY":29.7227393658,"GROSS_PROFIT":454652491.72,"GROSS_PROFIT_YOY":64.076305852895,"HOLDER_PROFIT":213729040.54,"HOLDER_PROFIT_YOY":66.572638445,"GROSS_PROFIT_RATIO":27.490805820607,"EPS_TTM":0.153151201534,"OPERATE_INCOME_QOQ":0,"NET_PROFIT_RATIO":13.2638603825,"ROE_AVG":15.505860749809,"GROSS_PROFIT_QOQ":0,"ROA":6.250146491471,"HOLDER_PROFIT_QOQ":0,"ROE_YEARLY":31.011721499617,"ROIC_YEARLY":12.999449519417,"TOTAL_ASSETS":3711146511.22,"TOTAL_LIABILITIES":2402580861.58,"TAX_EBT":43.684821665712,"OCF_SALES":6.005118581876,"TOTAL_PARENT_EQUITY":1308565649.64,"DEBT_ASSET_RATIO":64.7395853092,"OPERATE_PROFIT":375973306.96,"PRETAX_PROFIT":379522975.62,"NETCASH_OPERATE":400822653.7,"NETCASH_INVEST":-93209417.28,"NETCASH_FINANCE":17417618.48,"END_CASH":881151720.74,"DIVI_RATIO":0.383978378301,"DIVIDEND_RATE":8.333333333333,"CURRENT_RATIO":1.663936306703,"COMMON_ACS":4000000000,"CURRENTDEBT_DEBT":71.941299072171,"ISSUED_COMMON_SHARES":2021113200,"HK_COMMON_SHARES":2021113200,"PER_SHARES":2000,"TOTAL_MARKET_CAP":1576468296,"HKSK_MARKET_CAP":1576468296,"PE_TTM":7.962644752327,"PB_TTM":1.546521454554,"REPORT_DATE_SQ":"2020-06-30 00:00:00","REPORT_TYPE_SQ":"2020年中报","OPERATE_INCOME_SQ":1293736819.84,"DPS_HKD":0.065,"OPERATE_INCOME_QOQ_SQ":0,"NET_PROFIT_RATIO_SQ":10.3295734488,"HOLDER_PROFIT_SQ":133637495.04,"HOLDER_PROFIT_QOQ_SQ":0,"ROE_AVG_SQ":12.445014715251,"PE_TTM_SQ":4.747129864744,"PB_TTM_SQ":1.033998976978,"ROA_SQ":4.74254905229,"START_DATE":"2021-04-01 00:00:00","FISCAL_YEAR":"3-31","CURRENCY":"HKD","IS_CNY_CODE":0,"DPS_HKD_LY":0.08,"ORG_TYPE":"一般企业","PREMIUM_INCOME":null,"PREMIUM_INCOME_YOY":null,"NET_INTEREST_INCOME":null,"NET_INTEREST_INCOME_YOY":null,"FEE_COMMISSION_INCOME":null,"FEE_COMMISSION_INCOME_YOY":null,"ACCOUNTS_RECE_TDAYS":2.809480981527,"INVENTORY_TDAYS":2.763314925946,"CURRENT_ASSETS_TDAYS":0.615867412237,"TOTAL_ASSETS_TDAYS":0.47121624559,"PREMIUM_EXPENSE":null,"LOAN_DEPOSIT":null,"LOAN_EQUITY":null,"LOAN_ASSETS":null,"DEPOSIT_EQUITY":null,"DEPOSIT_ASSETS":null,"EQUITY_MULTIPLIER":2.836041517858,"EQUITY_RATIO":1.836041517857},{"SECUCODE":"01050.HK","SECURITY_CODE":"01050","SECURITY_NAME_ABBR":"嘉利国际","ORG_CODE":"10009218","STD_REPORT_DATE":"2020-12-31 00:00:00","REPORT_DATE":"2021-03-31 00:00:00","DATE_TYPE_CODE":"001","REPORT_TYPE":"2020年年报","PER_NETCASH_OPERATE":0.091808010081,"PER_OI":1.458498429985,"BPS":0.598249799378,"BASIC_EPS":0.18847514,"DILUTED_EPS":0.18678478,"OPERATE_INCOME":2935139413.64,"OPERATE_INCOME_YOY":10.0064847178,"GROSS_PROFIT":799858912.86,"GROSS_PROFIT_YOY":65.328878745623,"HOLDER_PROFIT":376382319.04,"HOLDER_PROFIT_YOY":45.9571016439,"GROSS_PROFIT_RATIO":22.365883536923,"EPS_TTM":0.129704135306,"OPERATE_INCOME_QOQ":0,"NET_PROFIT_RATIO":11.4414287714,"ROE_AVG":28.030413775137,"GROSS_PROFIT_QOQ":0,"ROA":10.952588984295,"HOLDER_PROFIT_QOQ":0,"ROE_YEARLY":28.030413775137,"ROIC_YEARLY":11.730730878926,"TOTAL_ASSETS":3744897919.84,"TOTAL_LIABILITIES":2310875942.76,"TAX_EBT":40.534369187176,"OCF_SALES":6.847110066757,"TOTAL_PARENT_EQUITY":1434021977.08,"DEBT_ASSET_RATIO":60.8203838653,"OPERATE_PROFIT":628807158.56,"PRETAX_PROFIT":632940933.94,"NETCASH_OPERATE":476933383.64,"NETCASH_INVEST":-58071472.62,"NETCASH_FINANCE":-248767745.66,"END_CASH":560217420.84,"DIVI_RATIO":0.453391481013,"DIVIDEND_RATE":8.333333333333,"CURRENT_RATIO":1.7311789576,"COMMON_ACS":4000000000,"CURRENTDEBT_DEBT":76.873156212717,"ISSUED_COMMON_SHARES":2021113200,"HK_COMMON_SHARES":2021113200,"PER_SHARES":2000,"TOTAL_MARKET_CAP":1576468296,"HKSK_MARKET_CAP":1576468296,"PE_TTM":7.962644752327,"PB_TTM":1.546521454554,"REPORT_DATE_SQ":"2019-12-31 00:00:00","REPORT_TYPE_SQ":"2019年年报","OPERATE_INCOME_SQ":2651747449.6,"DPS_HKD":0.065,"OPERATE_INCOME_QOQ_SQ":0,"NET_PROFIT_RATIO_SQ":8.6232964694,"HOLDER_PROFIT_SQ":228668044.2,"HOLDER_PROFIT_QOQ_SQ":0,"ROE_AVG_SQ":21.366880677549,"PE_TTM_SQ":4.747129864744,"PB_TTM_SQ":1.033998976978,"ROA_SQ":9.129292613516,"START_DATE":"2020-04-01 00:00:00","FISCAL_YEAR":"3-31","CURRENCY":"HKD","IS_CNY_CODE":0,"DPS_HKD_LY":0.055,"ORG_TYPE":"一般企业","PREMIUM_INCOME":null,"PREMIUM_INCOME_YOY":null,"NET_INTEREST_INCOME":null,"NET_INTEREST_INCOME_YOY":null,"FEE_COMMISSION_INCOME":null,"FEE_COMMISSION_INCOME_YOY":null,"ACCOUNTS_RECE_TDAYS":7.23786836234,"INVENTORY_TDAYS":2.850856156308,"CURRENT_ASSETS_TDAYS":1.309669891188,"TOTAL_ASSETS_TDAYS":0.957274585464,"PREMIUM_EXPENSE":null,"LOAN_DEPOSIT":null,"LOAN_EQUITY":null,"LOAN_ASSETS":null,"DEPOSIT_EQUITY":null,"DEPOSIT_ASSETS":null,"EQUITY_MULTIPLIER":2.552347620155,"EQUITY_RATIO":1.611464802977},{"SECUCODE":"01050.HK","SECURITY_CODE":"01050","SECURITY_NAME_ABBR":"嘉利国际","ORG_CODE":"10009218","STD_REPORT_DATE":"2020-06-30 00:00:00","REPORT_DATE":"2020-09-30 00:00:00","DATE_TYPE_CODE":"002","REPORT_TYPE":"2020年中报","PER_NETCASH_OPERATE":0.009800509321,"PER_OI":0.647632875767,"BPS":0.551446566852,"BASIC_EPS":0.06678272,"DILUTED_EPS":0.06678272,"OPERATE_INCOME":1293736819.84,"OPERATE_INCOME_YOY":3.337362116,"GROSS_PROFIT":277098200.96,"GROSS_PROFIT_YOY":28.453671143864,"HOLDER_PROFIT":133637495.04,"HOLDER_PROFIT_YOY":32.9213826858,"GROSS_PROFIT_RATIO":21.41843663337,"EPS_TTM":0.114687304874,"OPERATE_INCOME_QOQ":0,"NET_PROFIT_RATIO":10.3295734488,"ROE_AVG":12.445014715251,"GROSS_PROFIT_QOQ":0,"ROA":4.74254905229,"HOLDER_PROFIT_QOQ":0,"ROE_YEARLY":24.890029430502,"ROIC_YEARLY":10.62136953314,"TOTAL_ASSETS":2983015388.16,"TOTAL_LIABILITIES":1868479452.8,"TAX_EBT":31.306460938065,"OCF_SALES":1.51328162728,"TOTAL_PARENT_EQUITY":1114535935.36,"DEBT_ASSET_RATIO":62.6372716754,"OPERATE_PROFIT":196269141.76,"PRETAX_PROFIT":194541578.24,"NETCASH_OPERATE":19577881.6,"NETCASH_INVEST":-30222695.68,"NETCASH_FINANCE":-116382070.4,"END_CASH":108717874.56,"DIVI_RATIO":0.51275727566,"DIVIDEND_RATE":8.333333333333,"CURRENT_RATIO":1.785795958664,"COMMON_ACS":4000000000,"CURRENTDEBT_DEBT":65.355148340008,"ISSUED_COMMON_SHARES":2021113200,"HK_COMMON_SHARES":2021113200,"PER_SHARES":2000,"TOTAL_MARKET_CAP":1576468296,"HKSK_MARKET_CAP":1576468296,"PE_TTM":7.962644752327,"PB_TTM":1.546521454554,"REPORT_DATE_SQ":"2019-06-30 00:00:00","REPORT_TYPE_SQ":"2019年中报","OPERATE_INCOME_SQ":1285136943.48,"DPS_HKD":0.065,"OPERATE_INCOME_QOQ_SQ":0,"NET_PROFIT_RATIO_SQ":8.0305429451,"HOLDER_PROFIT_SQ":103203474.15,"HOLDER_PROFIT_QOQ_SQ":0,"ROE_AVG_SQ":10.016033181639,"PE_TTM_SQ":4.747129864744,"PB_TTM_SQ":1.033998976978,"ROA_SQ":4.420250437717,"START_DATE":"2020-04-01 00:00:00","FISCAL_YEAR":"3-31","CURRENCY":"HKD","IS_CNY_CODE":0,"DPS_HKD_LY":0.055,"ORG_TYPE":"一般企业","PREMIUM_INCOME":null,"PREMIUM_INCOME_YOY":null,"NET_INTEREST_INCOME":null,"NET_INTEREST_INCOME_YOY":null,"FEE_COMMISSION_INCOME":null,"FEE_COMMISSION_INCOME_YOY":null,"ACCOUNTS_RECE_TDAYS":3.801713007912,"INVENTORY_TDAYS":1.249364494176,"CURRENT_ASSETS_TDAYS":0.639129171164,"TOTAL_ASSETS_TDAYS":0.459123416449,"PREMIUM_EXPENSE":null,"LOAN_DEPOSIT":null,"LOAN_EQUITY":null,"LOAN_ASSETS":null,"DEPOSIT_EQUITY":null,"DEPOSIT_ASSETS":null,"EQUITY_MULTIPLIER":2.676464072196,"EQUITY_RATIO":1.676464072194}],"count":53},"success":true,"message":"ok","code":0}