{"version":"dd702ccd4ac52f9482fe6b74e051f3ba","result":{"pages":6,"data":[{"SECUCODE":"01052.HK","SECURITY_CODE":"01052","SECURITY_NAME_ABBR":"越秀交通基建","ORG_CODE":"10009220","STD_REPORT_DATE":"2024-06-30 00:00:00","REPORT_DATE":"2024-06-30 00:00:00","DATE_TYPE_CODE":"002","REPORT_TYPE":"2024年中报","PER_NETCASH_OPERATE":0.707465739299,"PER_OI":1.091874951676,"BPS":6.987755482501,"BASIC_EPS":0.1876,"DILUTED_EPS":0.1876,"OPERATE_INCOME":1826884000,"OPERATE_INCOME_YOY":-5.609243958,"GROSS_PROFIT":915920000,"GROSS_PROFIT_YOY":-16.322548109602,"HOLDER_PROFIT":313938000,"HOLDER_PROFIT_YOY":-26.4964669192,"GROSS_PROFIT_RATIO":50.135640796022,"EPS_TTM":0.389765536762,"OPERATE_INCOME_QOQ":-2.73686662502,"NET_PROFIT_RATIO":25.5952211525,"ROE_AVG":2.694170251808,"GROSS_PROFIT_QOQ":-8.32023575181,"ROA":0.862922177002,"HOLDER_PROFIT_QOQ":-14.78722973335,"ROE_YEARLY":5.388340503616,"ROIC_YEARLY":2.04448053166,"TOTAL_ASSETS":36259144000,"TOTAL_LIABILITIES":21430991000,"TAX_EBT":26.330275807524,"OCF_SALES":64.793659586487,"TOTAL_PARENT_EQUITY":11691649000,"DEBT_ASSET_RATIO":59.1050660214,"OPERATE_PROFIT":790520000,"PRETAX_PROFIT":634718000,"NETCASH_OPERATE":1183705000,"NETCASH_INVEST":-220861000,"NETCASH_FINANCE":-757594000,"END_CASH":2586145000,"DIVI_RATIO":0.629749366861,"DIVIDEND_RATE":7.219251336898,"CURRENT_RATIO":0.426824385047,"COMMON_ACS":2000000000,"CURRENTDEBT_DEBT":30.90358257348,"ISSUED_COMMON_SHARES":1673162295,"HK_COMMON_SHARES":1673162295,"PER_SHARES":2000,"TOTAL_MARKET_CAP":6257626983.3,"HKSK_MARKET_CAP":6257626983.3,"PE_TTM":8.628448723486,"PB_TTM":0.488486354245,"REPORT_DATE_SQ":"2023-06-30 00:00:00","REPORT_TYPE_SQ":"2023年中报","OPERATE_INCOME_SQ":1935448000,"DPS_HKD":0.27,"OPERATE_INCOME_QOQ_SQ":9.726892359596,"NET_PROFIT_RATIO_SQ":31.6498815778,"HOLDER_PROFIT_SQ":427106000,"HOLDER_PROFIT_QOQ_SQ":29.084954338202,"ROE_AVG_SQ":3.757514152943,"PE_TTM_SQ":11.588379953195,"PB_TTM_SQ":0.580679857034,"ROA_SQ":1.187441284724,"START_DATE":"2024-01-01 00:00:00","FISCAL_YEAR":"12-31","CURRENCY":"HKD","IS_CNY_CODE":0,"DPS_HKD_LY":0.27,"ORG_TYPE":"一般企业","PREMIUM_INCOME":null,"PREMIUM_INCOME_YOY":null,"NET_INTEREST_INCOME":null,"NET_INTEREST_INCOME_YOY":null,"FEE_COMMISSION_INCOME":null,"FEE_COMMISSION_INCOME_YOY":null,"ACCOUNTS_RECE_TDAYS":14.428482859659,"INVENTORY_TDAYS":null,"CURRENT_ASSETS_TDAYS":0.669017960629,"TOTAL_ASSETS_TDAYS":0.050215606853,"PREMIUM_EXPENSE":null,"LOAN_DEPOSIT":null,"LOAN_EQUITY":null,"LOAN_ASSETS":null,"DEPOSIT_EQUITY":null,"DEPOSIT_ASSETS":null,"EQUITY_MULTIPLIER":2.445290657575,"EQUITY_RATIO":1.833016967923},{"SECUCODE":"01052.HK","SECURITY_CODE":"01052","SECURITY_NAME_ABBR":"越秀交通基建","ORG_CODE":"10009220","STD_REPORT_DATE":"2023-12-31 00:00:00","REPORT_DATE":"2023-12-31 00:00:00","DATE_TYPE_CODE":"001","REPORT_TYPE":"2023年年报","PER_NETCASH_OPERATE":1.672092425439,"PER_OI":2.370795715307,"BPS":6.94095069839,"BASIC_EPS":0.4574,"DILUTED_EPS":0.4574,"OPERATE_INCOME":3966726000,"OPERATE_INCOME_YOY":20.6086612548,"GROSS_PROFIT":2147343000,"GROSS_PROFIT_YOY":24.889960846534,"HOLDER_PROFIT":765309000,"HOLDER_PROFIT_YOY":68.8998795005,"GROSS_PROFIT_RATIO":54.133887745209,"EPS_TTM":0.457402729124,"OPERATE_INCOME_QOQ":9.917139418754,"NET_PROFIT_RATIO":28.2762913294,"ROE_AVG":6.700370367744,"GROSS_PROFIT_QOQ":12.052162986634,"ROA":2.101346476905,"HOLDER_PROFIT_QOQ":30.843970442912,"ROE_YEARLY":6.700370367744,"ROIC_YEARLY":2.47922800346,"TOTAL_ASSETS":36502458000,"TOTAL_LIABILITIES":21652521000,"TAX_EBT":27.584824385728,"OCF_SALES":70.52874335157,"TOTAL_PARENT_EQUITY":11613337000,"DEBT_ASSET_RATIO":59.3179807234,"OPERATE_PROFIT":1804404000,"PRETAX_PROFIT":1548906000,"NETCASH_OPERATE":2797682000,"NETCASH_INVEST":-1162424000,"NETCASH_FINANCE":-1734791000,"END_CASH":2380785000,"DIVI_RATIO":0.536626881239,"DIVIDEND_RATE":7.219251336898,"CURRENT_RATIO":0.336274110992,"COMMON_ACS":2000000000,"CURRENTDEBT_DEBT":36.183080021029,"ISSUED_COMMON_SHARES":1673162295,"HK_COMMON_SHARES":1673162295,"PER_SHARES":2000,"TOTAL_MARKET_CAP":6257626983.3,"HKSK_MARKET_CAP":6257626983.3,"PE_TTM":8.628448723486,"PB_TTM":0.488486354245,"REPORT_DATE_SQ":"2022-12-31 00:00:00","REPORT_TYPE_SQ":"2022年年报","OPERATE_INCOME_SQ":3288923000,"DPS_HKD":0.27,"OPERATE_INCOME_QOQ_SQ":-5.655306504084,"NET_PROFIT_RATIO_SQ":22.4332098988,"HOLDER_PROFIT_SQ":453114000,"HOLDER_PROFIT_QOQ_SQ":-64.945617486576,"ROE_AVG_SQ":3.984828044724,"PE_TTM_SQ":11.347512933382,"PB_TTM_SQ":0.568610298805,"ROA_SQ":1.258675907746,"START_DATE":"2023-01-01 00:00:00","FISCAL_YEAR":"12-31","CURRENCY":"HKD","IS_CNY_CODE":0,"DPS_HKD_LY":0.25,"ORG_TYPE":"一般企业","PREMIUM_INCOME":null,"PREMIUM_INCOME_YOY":null,"NET_INTEREST_INCOME":null,"NET_INTEREST_INCOME_YOY":null,"FEE_COMMISSION_INCOME":null,"FEE_COMMISSION_INCOME_YOY":null,"ACCOUNTS_RECE_TDAYS":33.039667831367,"INVENTORY_TDAYS":null,"CURRENT_ASSETS_TDAYS":1.466324512969,"TOTAL_ASSETS_TDAYS":0.108916342353,"PREMIUM_EXPENSE":null,"LOAN_DEPOSIT":null,"LOAN_EQUITY":null,"LOAN_ASSETS":null,"DEPOSIT_EQUITY":null,"DEPOSIT_ASSETS":null,"EQUITY_MULTIPLIER":2.458088408053,"EQUITY_RATIO":1.864452999168},{"SECUCODE":"01052.HK","SECURITY_CODE":"01052","SECURITY_NAME_ABBR":"越秀交通基建","ORG_CODE":"10009220","STD_REPORT_DATE":"2023-06-30 00:00:00","REPORT_DATE":"2023-06-30 00:00:00","DATE_TYPE_CODE":"002","REPORT_TYPE":"2023年中报","PER_NETCASH_OPERATE":0.801172130167,"PER_OI":1.156760468356,"BPS":6.874998937267,"BASIC_EPS":0.2553,"DILUTED_EPS":0.2553,"OPERATE_INCOME":1935448000,"OPERATE_INCOME_YOY":19.8020721271,"GROSS_PROFIT":1094584000,"GROSS_PROFIT_YOY":21.946447948627,"HOLDER_PROFIT":427106000,"HOLDER_PROFIT_YOY":44.6257932127,"GROSS_PROFIT_RATIO":56.554554811083,"EPS_TTM":0.349578759782,"OPERATE_INCOME_QOQ":9.726892359596,"NET_PROFIT_RATIO":31.6498815778,"ROE_AVG":3.757514152943,"GROSS_PROFIT_QOQ":11.45698353135,"ROA":1.187441284724,"HOLDER_PROFIT_QOQ":29.084954338202,"ROE_YEARLY":7.515028305886,"ROIC_YEARLY":2.773231542686,"TOTAL_ASSETS":35599789000,"TOTAL_LIABILITIES":21015198000,"TAX_EBT":26.317391163144,"OCF_SALES":69.259985285061,"TOTAL_PARENT_EQUITY":11502989000,"DEBT_ASSET_RATIO":59.0318049357,"OPERATE_PROFIT":971267000,"PRETAX_PROFIT":831359000,"NETCASH_OPERATE":1340491000,"NETCASH_INVEST":-456724000,"NETCASH_FINANCE":-1598566000,"END_CASH":1766712000,"DIVI_RATIO":0.702143917877,"DIVIDEND_RATE":7.219251336898,"CURRENT_RATIO":0.244636602,"COMMON_ACS":2000000000,"CURRENTDEBT_DEBT":40.385139364378,"ISSUED_COMMON_SHARES":1673162295,"HK_COMMON_SHARES":1673162295,"PER_SHARES":2000,"TOTAL_MARKET_CAP":6257626983.3,"HKSK_MARKET_CAP":6257626983.3,"PE_TTM":8.628448723486,"PB_TTM":0.488486354245,"REPORT_DATE_SQ":"2022-06-30 00:00:00","REPORT_TYPE_SQ":"2022年中报","OPERATE_INCOME_SQ":1615538000,"DPS_HKD":0.27,"OPERATE_INCOME_QOQ_SQ":-5.839786120754,"NET_PROFIT_RATIO_SQ":27.6028790409,"HOLDER_PROFIT_SQ":295318000,"HOLDER_PROFIT_QOQ_SQ":-11.766749670986,"ROE_AVG_SQ":2.597920936616,"PE_TTM_SQ":11.347512933382,"PB_TTM_SQ":0.568610298805,"ROA_SQ":0.836868139483,"START_DATE":"2023-01-01 00:00:00","FISCAL_YEAR":"12-31","CURRENCY":"HKD","IS_CNY_CODE":0,"DPS_HKD_LY":0.25,"ORG_TYPE":"一般企业","PREMIUM_INCOME":null,"PREMIUM_INCOME_YOY":null,"NET_INTEREST_INCOME":null,"NET_INTEREST_INCOME_YOY":null,"FEE_COMMISSION_INCOME":null,"FEE_COMMISSION_INCOME_YOY":null,"ACCOUNTS_RECE_TDAYS":12.15600043965,"INVENTORY_TDAYS":null,"CURRENT_ASSETS_TDAYS":0.797775319742,"TOTAL_ASSETS_TDAYS":0.053809378928,"PREMIUM_EXPENSE":null,"LOAN_DEPOSIT":null,"LOAN_EQUITY":null,"LOAN_ASSETS":null,"DEPOSIT_EQUITY":null,"DEPOSIT_ASSETS":null,"EQUITY_MULTIPLIER":2.440917883813,"EQUITY_RATIO":1.826933677847},{"SECUCODE":"01052.HK","SECURITY_CODE":"01052","SECURITY_NAME_ABBR":"越秀交通基建","ORG_CODE":"10009220","STD_REPORT_DATE":"2022-12-31 00:00:00","REPORT_DATE":"2022-12-31 00:00:00","DATE_TYPE_CODE":"001","REPORT_TYPE":"2022年年报","PER_NETCASH_OPERATE":1.321192215845,"PER_OI":1.96569275427,"BPS":6.712107387048,"BASIC_EPS":0.2708,"DILUTED_EPS":0.2708,"OPERATE_INCOME":3288923000,"OPERATE_INCOME_YOY":-11.1648348205,"GROSS_PROFIT":1719388000,"GROSS_PROFIT_YOY":-22.663169078006,"HOLDER_PROFIT":453114000,"HOLDER_PROFIT_YOY":-69.0703789256,"GROSS_PROFIT_RATIO":52.27814698003,"EPS_TTM":0.270812939877,"OPERATE_INCOME_QOQ":-5.655306504084,"NET_PROFIT_RATIO":22.4332098988,"ROE_AVG":3.984828044724,"GROSS_PROFIT_QOQ":-12.774288071088,"ROA":1.258675907746,"HOLDER_PROFIT_QOQ":-64.945617486576,"ROE_YEARLY":3.984828044724,"ROIC_YEARLY":1.494589339797,"TOTAL_ASSETS":36337410000,"TOTAL_LIABILITIES":22102435000,"TAX_EBT":30.744081701616,"OCF_SALES":67.21254951849,"TOTAL_PARENT_EQUITY":11230445000,"DEBT_ASSET_RATIO":60.8255651682,"OPERATE_PROFIT":1454942000,"PRETAX_PROFIT":1065340000,"NETCASH_OPERATE":2210569000,"NETCASH_INVEST":-668383000,"NETCASH_FINANCE":-1980948000,"END_CASH":2480267000,"DIVI_RATIO":0.90636215578,"DIVIDEND_RATE":7.219251336898,"CURRENT_RATIO":0.373462041687,"COMMON_ACS":2000000000,"CURRENTDEBT_DEBT":33.628987032424,"ISSUED_COMMON_SHARES":1673162295,"HK_COMMON_SHARES":1673162295,"PER_SHARES":2000,"TOTAL_MARKET_CAP":6257626983.3,"HKSK_MARKET_CAP":6257626983.3,"PE_TTM":8.628448723486,"PB_TTM":0.488486354245,"REPORT_DATE_SQ":"2021-12-31 00:00:00","REPORT_TYPE_SQ":"2021年年报","OPERATE_INCOME_SQ":3702276000,"DPS_HKD":0.27,"OPERATE_INCOME_QOQ_SQ":-5.360825216622,"NET_PROFIT_RATIO_SQ":48.4214034826,"HOLDER_PROFIT_SQ":1464984000,"HOLDER_PROFIT_QOQ_SQ":59.87846920969,"ROE_AVG_SQ":13.356645569014,"PE_TTM_SQ":11.347512933382,"PB_TTM_SQ":0.568610298805,"ROA_SQ":4.067778086482,"START_DATE":"2022-01-01 00:00:00","FISCAL_YEAR":"12-31","CURRENCY":"HKD","IS_CNY_CODE":0,"DPS_HKD_LY":0.51,"ORG_TYPE":"一般企业","PREMIUM_INCOME":null,"PREMIUM_INCOME_YOY":null,"NET_INTEREST_INCOME":null,"NET_INTEREST_INCOME_YOY":null,"FEE_COMMISSION_INCOME":null,"FEE_COMMISSION_INCOME_YOY":null,"ACCOUNTS_RECE_TDAYS":23.428881812807,"INVENTORY_TDAYS":null,"CURRENT_ASSETS_TDAYS":1.08387382741,"TOTAL_ASSETS_TDAYS":0.091360852733,"PREMIUM_EXPENSE":null,"LOAN_DEPOSIT":null,"LOAN_EQUITY":null,"LOAN_ASSETS":null,"DEPOSIT_EQUITY":null,"DEPOSIT_ASSETS":null,"EQUITY_MULTIPLIER":2.552685199655,"EQUITY_RATIO":1.9680818525},{"SECUCODE":"01052.HK","SECURITY_CODE":"01052","SECURITY_NAME_ABBR":"越秀交通基建","ORG_CODE":"10009220","STD_REPORT_DATE":"2022-06-30 00:00:00","REPORT_DATE":"2022-06-30 00:00:00","DATE_TYPE_CODE":"002","REPORT_TYPE":"2022年中报","PER_NETCASH_OPERATE":0.641191236024,"PER_OI":0.965559650028,"BPS":6.707917118106,"BASIC_EPS":0.1765,"DILUTED_EPS":0.1764,"OPERATE_INCOME":1615538000,"OPERATE_INCOME_YOY":-11.8032387731,"GROSS_PROFIT":897594000,"GROSS_PROFIT_YOY":-21.924314093208,"HOLDER_PROFIT":295318000,"HOLDER_PROFIT_YOY":-36.8572522071,"GROSS_PROFIT_RATIO":55.560067296467,"EPS_TTM":0.772550877977,"OPERATE_INCOME_QOQ":-5.839786120754,"NET_PROFIT_RATIO":27.6028790409,"ROE_AVG":2.597920936616,"GROSS_PROFIT_QOQ":-11.337116990203,"ROA":0.836868139483,"HOLDER_PROFIT_QOQ":-11.766749670986,"ROE_YEARLY":5.195841873232,"ROIC_YEARLY":2.008446147246,"TOTAL_ASSETS":34915841000,"TOTAL_LIABILITIES":20676102000,"TAX_EBT":27.967183138633,"OCF_SALES":66.406175527905,"TOTAL_PARENT_EQUITY":11223434000,"DEBT_ASSET_RATIO":59.2169668776,"OPERATE_PROFIT":833370000,"PRETAX_PROFIT":619072000,"NETCASH_OPERATE":1072817000,"NETCASH_INVEST":229207000,"NETCASH_FINANCE":-1349912000,"END_CASH":2865617000,"DIVI_RATIO":0.317719657044,"DIVIDEND_RATE":7.219251336898,"CURRENT_RATIO":0.475976423027,"COMMON_ACS":2000000000,"CURRENTDEBT_DEBT":33.105775933974,"ISSUED_COMMON_SHARES":1673162295,"HK_COMMON_SHARES":1673162295,"PER_SHARES":2000,"TOTAL_MARKET_CAP":6257626983.3,"HKSK_MARKET_CAP":6257626983.3,"PE_TTM":8.628448723486,"PB_TTM":0.488486354245,"REPORT_DATE_SQ":"2021-06-30 00:00:00","REPORT_TYPE_SQ":"2021年中报","OPERATE_INCOME_SQ":1831743000,"DPS_HKD":0.27,"OPERATE_INCOME_QOQ_SQ":33.979727642424,"NET_PROFIT_RATIO_SQ":34.5533188881,"HOLDER_PROFIT_SQ":467699000,"HOLDER_PROFIT_QOQ_SQ":470.942295829673,"ROE_AVG_SQ":4.40809925172,"PE_TTM_SQ":11.347512933382,"PB_TTM_SQ":0.568610298805,"ROA_SQ":1.287040609864,"START_DATE":"2022-01-01 00:00:00","FISCAL_YEAR":"12-31","CURRENCY":"HKD","IS_CNY_CODE":0,"DPS_HKD_LY":0.51,"ORG_TYPE":"一般企业","PREMIUM_INCOME":null,"PREMIUM_INCOME_YOY":null,"NET_INTEREST_INCOME":null,"NET_INTEREST_INCOME_YOY":null,"FEE_COMMISSION_INCOME":null,"FEE_COMMISSION_INCOME_YOY":null,"ACCOUNTS_RECE_TDAYS":9.579178303123,"INVENTORY_TDAYS":null,"CURRENT_ASSETS_TDAYS":0.493218519363,"TOTAL_ASSETS_TDAYS":0.045780896536,"PREMIUM_EXPENSE":null,"LOAN_DEPOSIT":null,"LOAN_EQUITY":null,"LOAN_ASSETS":null,"DEPOSIT_EQUITY":null,"DEPOSIT_ASSETS":null,"EQUITY_MULTIPLIER":2.452000068261,"EQUITY_RATIO":1.842226006764},{"SECUCODE":"01052.HK","SECURITY_CODE":"01052","SECURITY_NAME_ABBR":"越秀交通基建","ORG_CODE":"10009220","STD_REPORT_DATE":"2021-12-31 00:00:00","REPORT_DATE":"2021-12-31 00:00:00","DATE_TYPE_CODE":"001","REPORT_TYPE":"2021年年报","PER_NETCASH_OPERATE":1.535983692485,"PER_OI":2.212741711347,"BPS":6.880094677247,"BASIC_EPS":0.8756,"DILUTED_EPS":0.8752,"OPERATE_INCOME":3702276000,"OPERATE_INCOME_YOY":26.7973086178,"GROSS_PROFIT":2223246000,"GROSS_PROFIT_YOY":42.583313505565,"HOLDER_PROFIT":1464984000,"HOLDER_PROFIT_YOY":812.8138026431,"GROSS_PROFIT_RATIO":60.050790378675,"EPS_TTM":0.875577942665,"OPERATE_INCOME_QOQ":-5.360825216622,"NET_PROFIT_RATIO":48.4214034826,"ROE_AVG":13.356645569014,"GROSS_PROFIT_QOQ":-9.505657611043,"ROA":4.067778086482,"HOLDER_PROFIT_QOQ":59.87846920969,"ROE_YEARLY":13.356645569014,"ROIC_YEARLY":4.771620734674,"TOTAL_ASSETS":35661108000,"TOTAL_LIABILITIES":21188359000,"TAX_EBT":19.187955011608,"OCF_SALES":69.415408251573,"TOTAL_PARENT_EQUITY":11511515000,"DEBT_ASSET_RATIO":59.4158740104,"OPERATE_PROFIT":2653702000,"PRETAX_PROFIT":2218350000,"NETCASH_OPERATE":2569950000,"NETCASH_INVEST":1285411000,"NETCASH_FINANCE":-2450825000,"END_CASH":2918574000,"DIVI_RATIO":0.280334380344,"DIVIDEND_RATE":7.219251336898,"CURRENT_RATIO":0.71682013691,"COMMON_ACS":2000000000,"CURRENTDEBT_DEBT":21.68092866465,"ISSUED_COMMON_SHARES":1673162295,"HK_COMMON_SHARES":1673162295,"PER_SHARES":2000,"TOTAL_MARKET_CAP":6257626983.3,"HKSK_MARKET_CAP":6257626983.3,"PE_TTM":8.628448723486,"PB_TTM":0.488486354245,"REPORT_DATE_SQ":"2020-12-31 00:00:00","REPORT_TYPE_SQ":"2020年年报","OPERATE_INCOME_SQ":2919838000,"DPS_HKD":0.27,"OPERATE_INCOME_QOQ_SQ":17.645224366322,"NET_PROFIT_RATIO_SQ":13.8478915611,"HOLDER_PROFIT_SQ":160491000,"HOLDER_PROFIT_QOQ_SQ":-25.143773991483,"ROE_AVG_SQ":1.528737155149,"PE_TTM_SQ":11.347512933382,"PB_TTM_SQ":0.568610298805,"ROA_SQ":0.438706917436,"START_DATE":"2021-01-01 00:00:00","FISCAL_YEAR":"12-31","CURRENCY":"HKD","IS_CNY_CODE":0,"DPS_HKD_LY":0.27,"ORG_TYPE":"一般企业","PREMIUM_INCOME":null,"PREMIUM_INCOME_YOY":null,"NET_INTEREST_INCOME":null,"NET_INTEREST_INCOME_YOY":null,"FEE_COMMISSION_INCOME":null,"FEE_COMMISSION_INCOME_YOY":null,"ACCOUNTS_RECE_TDAYS":20.718466432934,"INVENTORY_TDAYS":null,"CURRENT_ASSETS_TDAYS":1.431939501005,"TOTAL_ASSETS_TDAYS":0.102800011351,"PREMIUM_EXPENSE":null,"LOAN_DEPOSIT":null,"LOAN_EQUITY":null,"LOAN_ASSETS":null,"DEPOSIT_EQUITY":null,"DEPOSIT_ASSETS":null,"EQUITY_MULTIPLIER":2.464017582284,"EQUITY_RATIO":1.840622976211},{"SECUCODE":"01052.HK","SECURITY_CODE":"01052","SECURITY_NAME_ABBR":"越秀交通基建","ORG_CODE":"10009220","STD_REPORT_DATE":"2021-06-30 00:00:00","REPORT_DATE":"2021-06-30 00:00:00","DATE_TYPE_CODE":"002","REPORT_TYPE":"2021年中报","PER_NETCASH_OPERATE":0.753410475342,"PER_OI":1.094779033375,"BPS":6.451910870965,"BASIC_EPS":0.2795,"DILUTED_EPS":0.2795,"OPERATE_INCOME":1831743000,"OPERATE_INCOME_YOY":118.1711311473,"GROSS_PROFIT":1149646000,"GROSS_PROFIT_YOY":355.977122731311,"HOLDER_PROFIT":467699000,"HOLDER_PROFIT_YOY":262.3272861055,"GROSS_PROFIT_RATIO":62.762407171748,"EPS_TTM":0.547652192939,"OPERATE_INCOME_QOQ":33.979727642424,"NET_PROFIT_RATIO":34.5533188881,"ROE_AVG":4.40809925172,"GROSS_PROFIT_QOQ":57.560472557192,"ROA":1.287040609864,"HOLDER_PROFIT_QOQ":470.942295829673,"ROE_YEARLY":8.816198503439,"ROIC_YEARLY":2.970418817405,"TOTAL_ASSETS":36310604000,"TOTAL_LIABILITIES":22473300000,"TAX_EBT":25.301747996313,"OCF_SALES":68.818496917963,"TOTAL_PARENT_EQUITY":10795094000,"DEBT_ASSET_RATIO":61.8918374368,"OPERATE_PROFIT":1071475000,"PRETAX_PROFIT":847313000,"NETCASH_OPERATE":1260578000,"NETCASH_INVEST":-34079000,"NETCASH_FINANCE":-823247000,"END_CASH":1910253000,"DIVI_RATIO":0.448194315963,"DIVIDEND_RATE":7.219251336898,"CURRENT_RATIO":0.642251269748,"COMMON_ACS":2000000000,"CURRENTDEBT_DEBT":15.661233552705,"ISSUED_COMMON_SHARES":1673162295,"HK_COMMON_SHARES":1673162295,"PER_SHARES":2000,"TOTAL_MARKET_CAP":6257626983.3,"HKSK_MARKET_CAP":6257626983.3,"PE_TTM":8.628448723486,"PB_TTM":0.488486354245,"REPORT_DATE_SQ":"2020-06-30 00:00:00","REPORT_TYPE_SQ":"2020年中报","OPERATE_INCOME_SQ":839590000,"DPS_HKD":0.27,"OPERATE_INCOME_QOQ_SQ":-17.905406187639,"NET_PROFIT_RATIO_SQ":-31.4685739468,"HOLDER_PROFIT_SQ":-288121000,"HOLDER_PROFIT_QOQ_SQ":-81.15322743695,"ROE_AVG_SQ":-2.804843644041,"PE_TTM_SQ":11.347512933382,"PB_TTM_SQ":0.568610298805,"ROA_SQ":-0.789702081593,"START_DATE":"2021-01-01 00:00:00","FISCAL_YEAR":"12-31","CURRENCY":"HKD","IS_CNY_CODE":0,"DPS_HKD_LY":0.27,"ORG_TYPE":"一般企业","PREMIUM_INCOME":null,"PREMIUM_INCOME_YOY":null,"NET_INTEREST_INCOME":null,"NET_INTEREST_INCOME_YOY":null,"FEE_COMMISSION_INCOME":null,"FEE_COMMISSION_INCOME_YOY":null,"ACCOUNTS_RECE_TDAYS":8.929298985807,"INVENTORY_TDAYS":null,"CURRENT_ASSETS_TDAYS":0.885219020961,"TOTAL_ASSETS_TDAYS":0.050406941812,"PREMIUM_EXPENSE":null,"LOAN_DEPOSIT":null,"LOAN_EQUITY":null,"LOAN_ASSETS":null,"DEPOSIT_EQUITY":null,"DEPOSIT_ASSETS":null,"EQUITY_MULTIPLIER":2.624109725421,"EQUITY_RATIO":2.081806791122},{"SECUCODE":"01052.HK","SECURITY_CODE":"01052","SECURITY_NAME_ABBR":"越秀交通基建","ORG_CODE":"10009220","STD_REPORT_DATE":"2020-12-31 00:00:00","REPORT_DATE":"2020-12-31 00:00:00","DATE_TYPE_CODE":"001","REPORT_TYPE":"2020年年报","PER_NETCASH_OPERATE":1.257008962182,"PER_OI":1.745101481623,"BPS":6.230651402529,"BASIC_EPS":0.0959,"DILUTED_EPS":0.0959,"OPERATE_INCOME":2919838000,"OPERATE_INCOME_YOY":-3.4196309168,"GROSS_PROFIT":1559261000,"GROSS_PROFIT_YOY":-22.505173740261,"HOLDER_PROFIT":160491000,"HOLDER_PROFIT_YOY":-85.8920173349,"GROSS_PROFIT_RATIO":53.402312046079,"EPS_TTM":0.095920760634,"OPERATE_INCOME_QOQ":17.645224366322,"NET_PROFIT_RATIO":13.8478915611,"ROE_AVG":1.528737155149,"GROSS_PROFIT_QOQ":21.082164453152,"ROA":0.438706917436,"HOLDER_PROFIT_QOQ":-25.143773991483,"ROE_YEARLY":1.528737155149,"ROIC_YEARLY":0.502095623764,"TOTAL_ASSETS":36367600000,"TOTAL_LIABILITIES":22713855000,"TAX_EBT":40.749771768454,"OCF_SALES":72.030708553009,"TOTAL_PARENT_EQUITY":10424891000,"DEBT_ASSET_RATIO":62.456293514,"OPERATE_PROFIT":1337464000,"PRETAX_PROFIT":682421000,"NETCASH_OPERATE":2103180000,"NETCASH_INVEST":-238526000,"NETCASH_FINANCE":-1782840000,"END_CASH":1516004000,"DIVI_RATIO":2.558930917337,"DIVIDEND_RATE":7.219251336898,"CURRENT_RATIO":0.443674476072,"COMMON_ACS":2000000000,"CURRENTDEBT_DEBT":18.635894259253,"ISSUED_COMMON_SHARES":1673162295,"HK_COMMON_SHARES":1673162295,"PER_SHARES":2000,"TOTAL_MARKET_CAP":6257626983.3,"HKSK_MARKET_CAP":6257626983.3,"PE_TTM":8.628448723486,"PB_TTM":0.488486354245,"REPORT_DATE_SQ":"2019-12-31 00:00:00","REPORT_TYPE_SQ":"2019年年报","OPERATE_INCOME_SQ":3023221000,"DPS_HKD":0.27,"OPERATE_INCOME_QOQ_SQ":5.818951863422,"NET_PROFIT_RATIO_SQ":52.7597221639,"HOLDER_PROFIT_SQ":1137590000,"HOLDER_PROFIT_QOQ_SQ":-7.270403380552,"ROE_AVG_SQ":11.021276113393,"PE_TTM_SQ":11.347512933382,"PB_TTM_SQ":0.568610298805,"ROA_SQ":3.821415449474,"START_DATE":"2020-01-01 00:00:00","FISCAL_YEAR":"12-31","CURRENCY":"HKD","IS_CNY_CODE":0,"DPS_HKD_LY":0.21,"ORG_TYPE":"一般企业","PREMIUM_INCOME":null,"PREMIUM_INCOME_YOY":null,"NET_INTEREST_INCOME":null,"NET_INTEREST_INCOME_YOY":null,"FEE_COMMISSION_INCOME":null,"FEE_COMMISSION_INCOME_YOY":null,"ACCOUNTS_RECE_TDAYS":15.392317647586,"INVENTORY_TDAYS":null,"CURRENT_ASSETS_TDAYS":1.58854465187,"TOTAL_ASSETS_TDAYS":0.07981463935,"PREMIUM_EXPENSE":null,"LOAN_DEPOSIT":null,"LOAN_EQUITY":null,"LOAN_ASSETS":null,"DEPOSIT_EQUITY":null,"DEPOSIT_ASSETS":null,"EQUITY_MULTIPLIER":2.663562268081,"EQUITY_RATIO":2.178809831201},{"SECUCODE":"01052.HK","SECURITY_CODE":"01052","SECURITY_NAME_ABBR":"越秀交通基建","ORG_CODE":"10009220","STD_REPORT_DATE":"2020-06-30 00:00:00","REPORT_DATE":"2020-06-30 00:00:00","DATE_TYPE_CODE":"002","REPORT_TYPE":"2020年中报","PER_NETCASH_OPERATE":0.266905966824,"PER_OI":0.501798302836,"BPS":5.960495900369,"BASIC_EPS":-0.1722,"DILUTED_EPS":-0.1722,"OPERATE_INCOME":839590000,"OPERATE_INCOME_YOY":-39.2002375245,"GROSS_PROFIT":252128000,"GROSS_PROFIT_YOY":-74.178880239564,"HOLDER_PROFIT":-288121000,"HOLDER_PROFIT_YOY":-145.3683845875,"GROSS_PROFIT_RATIO":30.029895544254,"EPS_TTM":0.12813999015,"OPERATE_INCOME_QOQ":-17.905406187639,"NET_PROFIT_RATIO":-31.4685739468,"ROE_AVG":-2.804843644041,"GROSS_PROFIT_QOQ":-35.998149182639,"ROA":-0.789702081593,"HOLDER_PROFIT_QOQ":-81.15322743695,"ROE_YEARLY":-5.609687288082,"ROIC_YEARLY":-1.792027396553,"TOTAL_ASSETS":36171668000,"TOTAL_LIABILITIES":23189868000,"TAX_EBT":-28.051316101954,"OCF_SALES":53.189890303601,"TOTAL_PARENT_EQUITY":9972877000,"DEBT_ASSET_RATIO":64.1105851132,"OPERATE_PROFIT":198011000,"PRETAX_PROFIT":-206329000,"NETCASH_OPERATE":434770000,"NETCASH_INVEST":-107845000,"NETCASH_FINANCE":-607173000,"END_CASH":1156723000,"DIVI_RATIO":1.915519110883,"DIVIDEND_RATE":7.219251336898,"CURRENT_RATIO":0.499741539534,"COMMON_ACS":2000000000,"CURRENTDEBT_DEBT":13.364112292489,"ISSUED_COMMON_SHARES":1673162295,"HK_COMMON_SHARES":1673162295,"PER_SHARES":2000,"TOTAL_MARKET_CAP":6257626983.3,"HKSK_MARKET_CAP":6257626983.3,"PE_TTM":8.628448723486,"PB_TTM":0.488486354245,"REPORT_DATE_SQ":"2019-06-30 00:00:00","REPORT_TYPE_SQ":"2019年中报","OPERATE_INCOME_SQ":1380910000,"DPS_HKD":0.27,"OPERATE_INCOME_QOQ_SQ":0.347795788868,"NET_PROFIT_RATIO_SQ":63.4130392278,"HOLDER_PROFIT_SQ":635070000,"HOLDER_PROFIT_QOQ_SQ":16.378073017213,"ROE_AVG_SQ":6.216411219904,"PE_TTM_SQ":11.347512933382,"PB_TTM_SQ":0.568610298805,"ROA_SQ":2.824020776454,"START_DATE":"2020-01-01 00:00:00","FISCAL_YEAR":"12-31","CURRENCY":"HKD","IS_CNY_CODE":0,"DPS_HKD_LY":0.21,"ORG_TYPE":"一般企业","PREMIUM_INCOME":null,"PREMIUM_INCOME_YOY":null,"NET_INTEREST_INCOME":null,"NET_INTEREST_INCOME_YOY":null,"FEE_COMMISSION_INCOME":null,"FEE_COMMISSION_INCOME_YOY":null,"ACCOUNTS_RECE_TDAYS":4.192719582321,"INVENTORY_TDAYS":null,"CURRENT_ASSETS_TDAYS":0.501722075765,"TOTAL_ASSETS_TDAYS":0.023012066829,"PREMIUM_EXPENSE":null,"LOAN_DEPOSIT":null,"LOAN_EQUITY":null,"LOAN_ASSETS":null,"DEPOSIT_EQUITY":null,"DEPOSIT_ASSETS":null,"EQUITY_MULTIPLIER":2.786336871621,"EQUITY_RATIO":2.325293694086}],"count":49},"success":true,"message":"ok","code":0}