{"version":"d1108d95f47397f96d91c30d7521bb4e","result":{"pages":5,"data":[{"SECUCODE":"01059.HK","SECURITY_CODE":"01059","SECURITY_NAME_ABBR":"看通集团","ORG_CODE":"10009222","STD_REPORT_DATE":"2023-12-31 00:00:00","REPORT_DATE":"2024-06-30 00:00:00","DATE_TYPE_CODE":"001","REPORT_TYPE":"2023年年报","PER_NETCASH_OPERATE":0.021198527471,"PER_OI":0.444701827359,"BPS":0.40254596388,"BASIC_EPS":0.019896424,"DILUTED_EPS":0.019896424,"OPERATE_INCOME":138981997.72,"OPERATE_INCOME_YOY":18.2868949875,"GROSS_PROFIT":85347444.84,"GROSS_PROFIT_YOY":24.590823042687,"HOLDER_PROFIT":5224180.32,"HOLDER_PROFIT_YOY":-40.9531669074,"GROSS_PROFIT_RATIO":61.408992704181,"EPS_TTM":0.039686207865,"OPERATE_INCOME_QOQ":23.919112793905,"NET_PROFIT_RATIO":3.7588899323,"ROE_AVG":3.81593640106,"GROSS_PROFIT_QOQ":27.979101930642,"ROA":2.454719137503,"HOLDER_PROFIT_QOQ":15.645024546946,"ROE_YEARLY":3.81593640106,"ROIC_YEARLY":4.466658082942,"TOTAL_ASSETS":221248234.88,"TOTAL_LIABILITIES":70280010.72,"TAX_EBT":-50.157397691501,"OCF_SALES":4.766908109457,"TOTAL_PARENT_EQUITY":150968224.16,"DEBT_ASSET_RATIO":31.7652300178,"OPERATE_PROFIT":3940039.56,"PRETAX_PROFIT":3479136.16,"NETCASH_OPERATE":6625144.12,"NETCASH_INVEST":-7690241.68,"NETCASH_FINANCE":10006623.52,"END_CASH":99763225.44,"DIVI_RATIO":null,"DIVIDEND_RATE":null,"CURRENT_RATIO":2.320727154683,"COMMON_ACS":5000000000,"CURRENTDEBT_DEBT":96.010596852112,"ISSUED_COMMON_SHARES":375033506,"HK_COMMON_SHARES":375033506,"PER_SHARES":3000,"TOTAL_MARKET_CAP":84757572.356,"HKSK_MARKET_CAP":84757572.356,"PE_TTM":14.807402577918,"PB_TTM":0.512402802433,"REPORT_DATE_SQ":"2022-12-31 00:00:00","REPORT_TYPE_SQ":"2022年年报","OPERATE_INCOME_SQ":118692939.26,"DPS_HKD":null,"OPERATE_INCOME_QOQ_SQ":-3.721894340285,"NET_PROFIT_RATIO_SQ":7.5300807072,"HOLDER_PROFIT_SQ":8937674.12,"HOLDER_PROFIT_QOQ_SQ":26.231941170029,"ROE_AVG_SQ":7.237785210847,"PE_TTM_SQ":8.328571988859,"PB_TTM_SQ":0.599861633666,"ROA_SQ":4.465861085646,"START_DATE":"2023-07-01 00:00:00","FISCAL_YEAR":"6-30","CURRENCY":"HKD","IS_CNY_CODE":0,"DPS_HKD_LY":null,"ORG_TYPE":"一般企业","PREMIUM_INCOME":null,"PREMIUM_INCOME_YOY":null,"NET_INTEREST_INCOME":null,"NET_INTEREST_INCOME_YOY":null,"FEE_COMMISSION_INCOME":null,"FEE_COMMISSION_INCOME_YOY":null,"ACCOUNTS_RECE_TDAYS":4.328874991116,"INVENTORY_TDAYS":2.70779864071,"CURRENT_ASSETS_TDAYS":0.877337320209,"TOTAL_ASSETS_TDAYS":0.653043633019,"PREMIUM_EXPENSE":null,"LOAN_DEPOSIT":null,"LOAN_EQUITY":null,"LOAN_ASSETS":null,"DEPOSIT_EQUITY":null,"DEPOSIT_ASSETS":null,"EQUITY_MULTIPLIER":1.465528498537,"EQUITY_RATIO":0.465528498537},{"SECUCODE":"01059.HK","SECURITY_CODE":"01059","SECURITY_NAME_ABBR":"看通集团","ORG_CODE":"10009222","STD_REPORT_DATE":"2023-06-30 00:00:00","REPORT_DATE":"2023-12-31 00:00:00","DATE_TYPE_CODE":"002","REPORT_TYPE":"2023年中报","PER_NETCASH_OPERATE":0.038675082093,"PER_OI":0.290760763376,"BPS":0.340430395304,"BASIC_EPS":0.019755596,"DILUTED_EPS":0.019755596,"OPERATE_INCOME":75726461.86,"OPERATE_INCOME_YOY":57.6898399758,"GROSS_PROFIT":46090349.2,"GROSS_PROFIT_YOY":71.186531626201,"HOLDER_PROFIT":5149142.04,"HOLDER_PROFIT_YOY":35.3179328412,"GROSS_PROFIT_RATIO":60.864258104664,"EPS_TTM":0.034317263558,"OPERATE_INCOME_QOQ":12.838376202681,"NET_PROFIT_RATIO":6.7996601367,"ROE_AVG":4.125193300372,"GROSS_PROFIT_QOQ":14.904610130861,"ROA":2.575013935529,"HOLDER_PROFIT_QOQ":81.642855318843,"ROE_YEARLY":8.250386600745,"ROIC_YEARLY":9.67980987913,"TOTAL_ASSETS":196982322.74,"TOTAL_LIABILITIES":69309518.04,"TAX_EBT":16.157591854803,"OCF_SALES":13.301341502818,"TOTAL_PARENT_EQUITY":127672804.7,"DEBT_ASSET_RATIO":35.1856537561,"OPERATE_PROFIT":6407881.62,"PRETAX_PROFIT":6141452.94,"NETCASH_OPERATE":10072635.3,"NETCASH_INVEST":-5276012.84,"NETCASH_FINANCE":-1687381.64,"END_CASH":95841827.2,"DIVI_RATIO":null,"DIVIDEND_RATE":null,"CURRENT_RATIO":2.21193638257,"COMMON_ACS":5000000000,"CURRENTDEBT_DEBT":96.678957140242,"ISSUED_COMMON_SHARES":375033506,"HK_COMMON_SHARES":375033506,"PER_SHARES":3000,"TOTAL_MARKET_CAP":85507639.368,"HKSK_MARKET_CAP":85507639.368,"PE_TTM":14.938441538784,"PB_TTM":0.516937340507,"REPORT_DATE_SQ":"2022-06-30 00:00:00","REPORT_TYPE_SQ":"2022年中报","OPERATE_INCOME_SQ":47336163.84,"DPS_HKD":null,"OPERATE_INCOME_QOQ_SQ":-1.336756931457,"NET_PROFIT_RATIO_SQ":7.9238375604,"HOLDER_PROFIT_SQ":3750840.73,"HOLDER_PROFIT_QOQ_SQ":133.664554478313,"ROE_AVG_SQ":3.209067009049,"PE_TTM_SQ":7.388249344956,"PB_TTM_SQ":0.532135320188,"ROA_SQ":2.092964717669,"START_DATE":"2023-07-01 00:00:00","FISCAL_YEAR":"6-30","CURRENCY":"HKD","IS_CNY_CODE":0,"DPS_HKD_LY":null,"ORG_TYPE":"一般企业","PREMIUM_INCOME":null,"PREMIUM_INCOME_YOY":null,"NET_INTEREST_INCOME":null,"NET_INTEREST_INCOME_YOY":null,"FEE_COMMISSION_INCOME":null,"FEE_COMMISSION_INCOME_YOY":null,"ACCOUNTS_RECE_TDAYS":2.427569177137,"INVENTORY_TDAYS":1.55458369976,"CURRENT_ASSETS_TDAYS":0.492825506166,"TOTAL_ASSETS_TDAYS":0.378697447192,"PREMIUM_EXPENSE":null,"LOAN_DEPOSIT":null,"LOAN_EQUITY":null,"LOAN_ASSETS":null,"DEPOSIT_EQUITY":null,"DEPOSIT_ASSETS":null,"EQUITY_MULTIPLIER":1.542868296838,"EQUITY_RATIO":0.542868296838},{"SECUCODE":"01059.HK","SECURITY_CODE":"01059","SECURITY_NAME_ABBR":"看通集团","ORG_CODE":"10009222","STD_REPORT_DATE":"2022-12-31 00:00:00","REPORT_DATE":"2023-06-30 00:00:00","DATE_TYPE_CODE":"001","REPORT_TYPE":"2022年年报","PER_NETCASH_OPERATE":0.011186564147,"PER_OI":0.45573566728,"BPS":0.330882580235,"BASIC_EPS":0.034297656,"DILUTED_EPS":0.034297656,"OPERATE_INCOME":118692939.26,"OPERATE_INCOME_YOY":0.7686587609,"GROSS_PROFIT":68502192.02,"GROSS_PROFIT_YOY":9.639773946596,"HOLDER_PROFIT":8937674.12,"HOLDER_PROFIT_YOY":112.6810004388,"GROSS_PROFIT_RATIO":57.713788576711,"EPS_TTM":0.01889271312,"OPERATE_INCOME_QOQ":-3.721894340285,"NET_PROFIT_RATIO":7.5300807072,"ROE_AVG":7.237785210847,"GROSS_PROFIT_QOQ":-4.581919018105,"ROA":4.465861085646,"HOLDER_PROFIT_QOQ":26.231941170029,"ROE_YEARLY":7.237785210847,"ROIC_YEARLY":8.612372178147,"TOTAL_ASSETS":206478342.98,"TOTAL_LIABILITIES":82386288.84,"TAX_EBT":-0.497615591955,"OCF_SALES":2.45461677684,"TOTAL_PARENT_EQUITY":124092054.14,"DEBT_ASSET_RATIO":39.9006925622,"OPERATE_PROFIT":10082773.28,"PRETAX_PROFIT":8893419.08,"NETCASH_OPERATE":2913456.8,"NETCASH_INVEST":-7492009.48,"NETCASH_FINANCE":-2970619.56,"END_CASH":92898704.8,"DIVI_RATIO":null,"DIVIDEND_RATE":null,"CURRENT_RATIO":2.008408264122,"COMMON_ACS":5000000000,"CURRENTDEBT_DEBT":97.82448129994,"ISSUED_COMMON_SHARES":375033506,"HK_COMMON_SHARES":375033506,"PER_SHARES":3000,"TOTAL_MARKET_CAP":85507639.368,"HKSK_MARKET_CAP":85507639.368,"PE_TTM":14.938441538784,"PB_TTM":0.516937340507,"REPORT_DATE_SQ":"2021-12-31 00:00:00","REPORT_TYPE_SQ":"2021年年报","OPERATE_INCOME_SQ":109254798.45,"DPS_HKD":null,"OPERATE_INCOME_QOQ_SQ":-4.304896083963,"NET_PROFIT_RATIO_SQ":3.5677664279,"HOLDER_PROFIT_SQ":3897956.02,"HOLDER_PROFIT_QOQ_SQ":-64.759417358645,"ROE_AVG_SQ":3.783483161923,"PE_TTM_SQ":7.388249344956,"PB_TTM_SQ":0.532135320188,"ROA_SQ":2.135559787943,"START_DATE":"2022-07-01 00:00:00","FISCAL_YEAR":"6-30","CURRENCY":"HKD","IS_CNY_CODE":0,"DPS_HKD_LY":null,"ORG_TYPE":"一般企业","PREMIUM_INCOME":null,"PREMIUM_INCOME_YOY":null,"NET_INTEREST_INCOME":null,"NET_INTEREST_INCOME_YOY":null,"FEE_COMMISSION_INCOME":null,"FEE_COMMISSION_INCOME_YOY":null,"ACCOUNTS_RECE_TDAYS":4.444647758463,"INVENTORY_TDAYS":2.469739588059,"CURRENT_ASSETS_TDAYS":0.769589909134,"TOTAL_ASSETS_TDAYS":0.593069484818,"PREMIUM_EXPENSE":null,"LOAN_DEPOSIT":null,"LOAN_EQUITY":null,"LOAN_ASSETS":null,"DEPOSIT_EQUITY":null,"DEPOSIT_ASSETS":null,"EQUITY_MULTIPLIER":1.663912684909,"EQUITY_RATIO":0.663912684909},{"SECUCODE":"01059.HK","SECURITY_CODE":"01059","SECURITY_NAME_ABBR":"看通集团","ORG_CODE":"10009222","STD_REPORT_DATE":"2022-06-30 00:00:00","REPORT_DATE":"2022-12-31 00:00:00","DATE_TYPE_CODE":"002","REPORT_TYPE":"2022年中报","PER_NETCASH_OPERATE":-0.099145705079,"PER_OI":0.181752835077,"BPS":0.305868813732,"BASIC_EPS":0.014381647,"DILUTED_EPS":0.014381647,"OPERATE_INCOME":47336163.84,"OPERATE_INCOME_YOY":-15.7117862255,"GROSS_PROFIT":26924051.07,"GROSS_PROFIT_YOY":-9.610806875711,"HOLDER_PROFIT":3750840.73,"HOLDER_PROFIT_YOY":25.8315852562,"GROSS_PROFIT_RATIO":56.87839673913,"EPS_TTM":0.014966666079,"OPERATE_INCOME_QOQ":-1.336756931457,"NET_PROFIT_RATIO":7.9238375604,"ROE_AVG":3.209067009049,"GROSS_PROFIT_QOQ":-5.437026348436,"ROA":2.092964717669,"HOLDER_PROFIT_QOQ":133.664554478313,"ROE_YEARLY":6.418134018097,"ROIC_YEARLY":7.622661033026,"TOTAL_ASSETS":170669952.74,"TOTAL_LIABILITIES":55958899.15,"TAX_EBT":1.083627797409,"OCF_SALES":-54.549743357488,"TOTAL_PARENT_EQUITY":114711053.59,"DEBT_ASSET_RATIO":32.7877861637,"OPERATE_PROFIT":3823195.6,"PRETAX_PROFIT":3791931.15,"NETCASH_OPERATE":-25821755.89,"NETCASH_INVEST":-3109472.87,"NETCASH_FINANCE":-113445.29,"END_CASH":64892492.42,"DIVI_RATIO":null,"DIVIDEND_RATE":null,"CURRENT_RATIO":2.282713212406,"COMMON_ACS":5000000000,"CURRENTDEBT_DEBT":97.947162582808,"ISSUED_COMMON_SHARES":375033506,"HK_COMMON_SHARES":375033506,"PER_SHARES":3000,"TOTAL_MARKET_CAP":85507639.368,"HKSK_MARKET_CAP":85507639.368,"PE_TTM":14.938441538784,"PB_TTM":0.516937340507,"REPORT_DATE_SQ":"2021-06-30 00:00:00","REPORT_TYPE_SQ":"2021年中报","OPERATE_INCOME_SQ":51402512,"DPS_HKD":null,"OPERATE_INCOME_QOQ_SQ":-4.552450057447,"NET_PROFIT_RATIO_SQ":5.3077779545,"HOLDER_PROFIT_SQ":2728331.2,"HOLDER_PROFIT_QOQ_SQ":23.286007237264,"ROE_AVG_SQ":3.030192962543,"PE_TTM_SQ":7.388249344956,"PB_TTM_SQ":0.532135320188,"ROA_SQ":1.597766861061,"START_DATE":"2022-07-01 00:00:00","FISCAL_YEAR":"6-30","CURRENCY":"HKD","IS_CNY_CODE":0,"DPS_HKD_LY":null,"ORG_TYPE":"一般企业","PREMIUM_INCOME":null,"PREMIUM_INCOME_YOY":null,"NET_INTEREST_INCOME":null,"NET_INTEREST_INCOME_YOY":null,"FEE_COMMISSION_INCOME":null,"FEE_COMMISSION_INCOME_YOY":null,"ACCOUNTS_RECE_TDAYS":2.204371971131,"INVENTORY_TDAYS":1.100086655113,"CURRENT_ASSETS_TDAYS":0.354388053313,"TOTAL_ASSETS_TDAYS":0.26413523772,"PREMIUM_EXPENSE":null,"LOAN_DEPOSIT":null,"LOAN_EQUITY":null,"LOAN_ASSETS":null,"DEPOSIT_EQUITY":null,"DEPOSIT_ASSETS":null,"EQUITY_MULTIPLIER":1.487824820702,"EQUITY_RATIO":0.487824820701},{"SECUCODE":"01059.HK","SECURITY_CODE":"01059","SECURITY_NAME_ABBR":"看通集团","ORG_CODE":"10009222","STD_REPORT_DATE":"2021-12-31 00:00:00","REPORT_DATE":"2022-06-30 00:00:00","DATE_TYPE_CODE":"001","REPORT_TYPE":"2021年年报","PER_NETCASH_OPERATE":0.033489475063,"PER_OI":0.4194968023,"BPS":0.303916493291,"BASIC_EPS":0.017616914,"DILUTED_EPS":0.017616914,"OPERATE_INCOME":109254798.45,"OPERATE_INCOME_YOY":-8.1355298449,"GROSS_PROFIT":62479326.21,"GROSS_PROFIT_YOY":-9.832215775876,"HOLDER_PROFIT":3897956.02,"HOLDER_PROFIT_YOY":-19.8804710845,"GROSS_PROFIT_RATIO":57.186802864859,"EPS_TTM":0.007686122572,"OPERATE_INCOME_QOQ":-4.304896083963,"NET_PROFIT_RATIO":3.5677664279,"ROE_AVG":3.783483161923,"GROSS_PROFIT_QOQ":-4.647896801168,"ROA":2.135559787943,"HOLDER_PROFIT_QOQ":-64.759417358645,"ROE_YEARLY":3.783483161923,"ROIC_YEARLY":4.563499016315,"TOTAL_ASSETS":179749820.53,"TOTAL_LIABILITIES":65770952.52,"TAX_EBT":9.166998804305,"OCF_SALES":7.983249187899,"TOTAL_PARENT_EQUITY":113978868.01,"DEBT_ASSET_RATIO":36.5902743747,"OPERATE_PROFIT":4829257.93,"PRETAX_PROFIT":4291343.42,"NETCASH_OPERATE":8722082.81,"NETCASH_INVEST":-11349226.49,"NETCASH_FINANCE":785919.61,"END_CASH":92582869.4,"DIVI_RATIO":null,"DIVIDEND_RATE":null,"CURRENT_RATIO":2.133758303697,"COMMON_ACS":5000000000,"CURRENTDEBT_DEBT":96.888490144068,"ISSUED_COMMON_SHARES":375033506,"HK_COMMON_SHARES":375033506,"PER_SHARES":3000,"TOTAL_MARKET_CAP":85507639.368,"HKSK_MARKET_CAP":85507639.368,"PE_TTM":14.938441538784,"PB_TTM":0.516937340507,"REPORT_DATE_SQ":"2020-12-31 00:00:00","REPORT_TYPE_SQ":"2020年年报","OPERATE_INCOME_SQ":115716533.52,"DPS_HKD":null,"OPERATE_INCOME_QOQ_SQ":-9.676918261864,"NET_PROFIT_RATIO_SQ":4.0907750829,"HOLDER_PROFIT_SQ":4733703.12,"HOLDER_PROFIT_QOQ_SQ":8.476458223857,"ROE_AVG_SQ":7.089803344882,"PE_TTM_SQ":7.388249344956,"PB_TTM_SQ":0.532135320188,"ROA_SQ":2.823864609367,"START_DATE":"2021-07-01 00:00:00","FISCAL_YEAR":"6-30","CURRENCY":"HKD","IS_CNY_CODE":0,"DPS_HKD_LY":null,"ORG_TYPE":"一般企业","PREMIUM_INCOME":null,"PREMIUM_INCOME_YOY":null,"NET_INTEREST_INCOME":null,"NET_INTEREST_INCOME_YOY":null,"FEE_COMMISSION_INCOME":null,"FEE_COMMISSION_INCOME_YOY":null,"ACCOUNTS_RECE_TDAYS":5.072058122916,"INVENTORY_TDAYS":2.48398010854,"CURRENT_ASSETS_TDAYS":0.758658162902,"TOTAL_ASSETS_TDAYS":0.598570514938,"PREMIUM_EXPENSE":null,"LOAN_DEPOSIT":null,"LOAN_EQUITY":null,"LOAN_ASSETS":null,"DEPOSIT_EQUITY":null,"DEPOSIT_ASSETS":null,"EQUITY_MULTIPLIER":1.577045145896,"EQUITY_RATIO":0.577045145897},{"SECUCODE":"01059.HK","SECURITY_CODE":"01059","SECURITY_NAME_ABBR":"看通集团","ORG_CODE":"10009222","STD_REPORT_DATE":"2021-06-30 00:00:00","REPORT_DATE":"2021-12-31 00:00:00","DATE_TYPE_CODE":"002","REPORT_TYPE":"2021年中报","PER_NETCASH_OPERATE":-0.016544986722,"PER_OI":0.236835909661,"BPS":0.245447752607,"BASIC_EPS":0.01259104,"DILUTED_EPS":0.01259104,"OPERATE_INCOME":51402512,"OPERATE_INCOME_YOY":-6.1543743376,"GROSS_PROFIT":29786803.2,"GROSS_PROFIT_YOY":-9.757298845294,"HOLDER_PROFIT":2728331.2,"HOLDER_PROFIT_YOY":-51.5252760023,"GROSS_PROFIT_RATIO":57.948146969938,"EPS_TTM":0.021810429897,"OPERATE_INCOME_QOQ":-4.552450057447,"NET_PROFIT_RATIO":5.3077779545,"ROE_AVG":3.030192962543,"GROSS_PROFIT_QOQ":-0.461266354809,"ROA":1.597766861061,"HOLDER_PROFIT_QOQ":23.286007237264,"ROE_YEARLY":6.060385925085,"ROIC_YEARLY":6.78627898582,"TOTAL_ASSETS":164360492.8,"TOTAL_LIABILITIES":72309361.6,"TAX_EBT":5.867418899859,"OCF_SALES":-6.985843804676,"TOTAL_PARENT_EQUITY":92051131.2,"DEBT_ASSET_RATIO":43.9943689436,"OPERATE_PROFIT":3186187.2,"PRETAX_PROFIT":2898392,"NETCASH_OPERATE":-3590899.2,"NETCASH_INVEST":-8636308.8,"NETCASH_FINANCE":-1442246.4,"END_CASH":83533374.4,"DIVI_RATIO":null,"DIVIDEND_RATE":null,"CURRENT_RATIO":2.07328733562,"COMMON_ACS":5000000000,"CURRENTDEBT_DEBT":85.38008389774,"ISSUED_COMMON_SHARES":375033506,"HK_COMMON_SHARES":375033506,"PER_SHARES":3000,"TOTAL_MARKET_CAP":85507639.368,"HKSK_MARKET_CAP":85507639.368,"PE_TTM":14.938441538784,"PB_TTM":0.516937340507,"REPORT_DATE_SQ":"2020-06-30 00:00:00","REPORT_TYPE_SQ":"2020年中报","OPERATE_INCOME_SQ":56383988.52,"DPS_HKD":null,"OPERATE_INCOME_QOQ_SQ":1.212564712235,"NET_PROFIT_RATIO_SQ":10.2757004463,"HOLDER_PROFIT_SQ":5793849.76,"HOLDER_PROFIT_QOQ_SQ":-17.026817695402,"ROE_AVG_SQ":11.580062913183,"PE_TTM_SQ":7.388249344956,"PB_TTM_SQ":0.532135320188,"ROA_SQ":3.599684164841,"START_DATE":"2021-07-01 00:00:00","FISCAL_YEAR":"6-30","CURRENCY":"HKD","IS_CNY_CODE":0,"DPS_HKD_LY":null,"ORG_TYPE":"一般企业","PREMIUM_INCOME":null,"PREMIUM_INCOME_YOY":null,"NET_INTEREST_INCOME":null,"NET_INTEREST_INCOME_YOY":null,"FEE_COMMISSION_INCOME":null,"FEE_COMMISSION_INCOME_YOY":null,"ACCOUNTS_RECE_TDAYS":2.410474656851,"INVENTORY_TDAYS":1.167369466829,"CURRENT_ASSETS_TDAYS":0.376071852634,"TOTAL_ASSETS_TDAYS":0.301023681615,"PREMIUM_EXPENSE":null,"LOAN_DEPOSIT":null,"LOAN_EQUITY":null,"LOAN_ASSETS":null,"DEPOSIT_EQUITY":null,"DEPOSIT_ASSETS":null,"EQUITY_MULTIPLIER":1.785534742021,"EQUITY_RATIO":0.785534742022},{"SECUCODE":"01059.HK","SECURITY_CODE":"01059","SECURITY_NAME_ABBR":"看通集团","ORG_CODE":"10009222","STD_REPORT_DATE":"2020-12-31 00:00:00","REPORT_DATE":"2021-06-30 00:00:00","DATE_TYPE_CODE":"001","REPORT_TYPE":"2020年年报","PER_NETCASH_OPERATE":0.052373401796,"PER_OI":0.533161306962,"BPS":0.238869934571,"BASIC_EPS":0.021800496,"DILUTED_EPS":0.021800496,"OPERATE_INCOME":115716533.52,"OPERATE_INCOME_YOY":-5.3591844512,"GROSS_PROFIT":69292294.08,"GROSS_PROFIT_YOY":-8.748101346454,"HOLDER_PROFIT":4733703.12,"HOLDER_PROFIT_YOY":46.8129032258,"GROSS_PROFIT_RATIO":59.881066233309,"EPS_TTM":0.017690920799,"OPERATE_INCOME_QOQ":-9.676918261864,"NET_PROFIT_RATIO":4.0907750829,"ROE_AVG":7.089803344882,"GROSS_PROFIT_QOQ":-8.325236506608,"ROA":2.823864609367,"HOLDER_PROFIT_QOQ":8.476458223857,"ROE_YEARLY":7.089803344882,"ROIC_YEARLY":6.032777845527,"TOTAL_ASSETS":180295094.4,"TOTAL_LIABILITIES":90710865.36,"TAX_EBT":22.640739733478,"OCF_SALES":9.823181298492,"TOTAL_PARENT_EQUITY":89584229.04,"DEBT_ASSET_RATIO":50.3124423112,"OPERATE_PROFIT":4821071.52,"PRETAX_PROFIT":6119116.32,"NETCASH_OPERATE":11367044.88,"NETCASH_INVEST":-2747528.16,"NETCASH_FINANCE":-680641.44,"END_CASH":98891043.84,"DIVI_RATIO":null,"DIVIDEND_RATE":null,"CURRENT_RATIO":1.948523770905,"COMMON_ACS":5000000000,"CURRENTDEBT_DEBT":83.698872652889,"ISSUED_COMMON_SHARES":375033506,"HK_COMMON_SHARES":375033506,"PER_SHARES":3000,"TOTAL_MARKET_CAP":85507639.368,"HKSK_MARKET_CAP":85507639.368,"PE_TTM":14.938441538784,"PB_TTM":0.516937340507,"REPORT_DATE_SQ":"2019-12-31 00:00:00","REPORT_TYPE_SQ":"2019年年报","OPERATE_INCOME_SQ":134224527.36,"DPS_HKD":null,"OPERATE_INCOME_QOQ_SQ":4.718321169745,"NET_PROFIT_RATIO_SQ":2.6370590157,"HOLDER_PROFIT_SQ":3539580,"HOLDER_PROFIT_QOQ_SQ":98.99566336533,"ROE_AVG_SQ":6.443352538681,"PE_TTM_SQ":7.388249344956,"PB_TTM_SQ":0.532135320188,"ROA_SQ":2.222661974699,"START_DATE":"2020-07-01 00:00:00","FISCAL_YEAR":"6-30","CURRENCY":"HKD","IS_CNY_CODE":0,"DPS_HKD_LY":null,"ORG_TYPE":"一般企业","PREMIUM_INCOME":null,"PREMIUM_INCOME_YOY":null,"NET_INTEREST_INCOME":null,"NET_INTEREST_INCOME_YOY":null,"FEE_COMMISSION_INCOME":null,"FEE_COMMISSION_INCOME_YOY":null,"ACCOUNTS_RECE_TDAYS":5.811370426861,"INVENTORY_TDAYS":2.546114178798,"CURRENT_ASSETS_TDAYS":0.83719264238,"TOTAL_ASSETS_TDAYS":0.69030062816,"PREMIUM_EXPENSE":null,"LOAN_DEPOSIT":null,"LOAN_EQUITY":null,"LOAN_ASSETS":null,"DEPOSIT_EQUITY":null,"DEPOSIT_ASSETS":null,"EQUITY_MULTIPLIER":2.012576279686,"EQUITY_RATIO":1.012576279688},{"SECUCODE":"01059.HK","SECURITY_CODE":"01059","SECURITY_NAME_ABBR":"看通集团","ORG_CODE":"10009222","STD_REPORT_DATE":"2020-06-30 00:00:00","REPORT_DATE":"2020-12-31 00:00:00","DATE_TYPE_CODE":"002","REPORT_TYPE":"2020年中报","PER_NETCASH_OPERATE":0.068059921312,"PER_OI":0.259787949886,"BPS":0.148279230603,"BASIC_EPS":0.026679988,"DILUTED_EPS":0.026679988,"OPERATE_INCOME":56383988.52,"OPERATE_INCOME_YOY":-13.4949124529,"GROSS_PROFIT":33007437.52,"GROSS_PROFIT_YOY":-16.07401121948,"HOLDER_PROFIT":5793849.76,"HOLDER_PROFIT_YOY":12.2452307191,"GROSS_PROFIT_RATIO":58.540444524055,"EPS_TTM":0.016308534671,"OPERATE_INCOME_QOQ":1.212564712235,"NET_PROFIT_RATIO":10.2757004463,"ROE_AVG":11.580062913183,"GROSS_PROFIT_QOQ":-1.562644391351,"ROA":3.599684164841,"HOLDER_PROFIT_QOQ":-17.026817695402,"ROE_YEARLY":23.160125826366,"ROIC_YEARLY":16.359607169805,"TOTAL_ASSETS":165159225.4,"TOTAL_LIABILITIES":109549545.68,"TAX_EBT":2.713397399661,"OCF_SALES":26.198259519651,"TOTAL_PARENT_EQUITY":55609679.72,"DEBT_ASSET_RATIO":66.3296557699,"OPERATE_PROFIT":3609793.96,"PRETAX_PROFIT":5955444.64,"NETCASH_OPERATE":14771623.64,"NETCASH_INVEST":-1694221.32,"NETCASH_FINANCE":-921595.8,"END_CASH":99893409.96,"DIVI_RATIO":null,"DIVIDEND_RATE":null,"CURRENT_RATIO":2.089284547106,"COMMON_ACS":5000000000,"CURRENTDEBT_DEBT":58.770608933483,"ISSUED_COMMON_SHARES":375033506,"HK_COMMON_SHARES":375033506,"PER_SHARES":3000,"TOTAL_MARKET_CAP":85507639.368,"HKSK_MARKET_CAP":85507639.368,"PE_TTM":14.938441538784,"PB_TTM":0.516937340507,"REPORT_DATE_SQ":"2019-06-30 00:00:00","REPORT_TYPE_SQ":"2019年中报","OPERATE_INCOME_SQ":69372786.32,"DPS_HKD":null,"OPERATE_INCOME_QOQ_SQ":3.485916548088,"NET_PROFIT_RATIO_SQ":7.9192706988,"HOLDER_PROFIT_SQ":5493818.74,"HOLDER_PROFIT_QOQ_SQ":115.756356864756,"ROE_AVG_SQ":8.685431049743,"PE_TTM_SQ":7.388249344956,"PB_TTM_SQ":0.532135320188,"ROA_SQ":3.661000761092,"START_DATE":"2020-07-01 00:00:00","FISCAL_YEAR":"6-30","CURRENCY":"HKD","IS_CNY_CODE":0,"DPS_HKD_LY":null,"ORG_TYPE":"一般企业","PREMIUM_INCOME":null,"PREMIUM_INCOME_YOY":null,"NET_INTEREST_INCOME":null,"NET_INTEREST_INCOME_YOY":null,"FEE_COMMISSION_INCOME":null,"FEE_COMMISSION_INCOME_YOY":null,"ACCOUNTS_RECE_TDAYS":3.57400837579,"INVENTORY_TDAYS":1.231379677248,"CURRENT_ASSETS_TDAYS":0.426359401252,"TOTAL_ASSETS_TDAYS":0.350310344647,"PREMIUM_EXPENSE":null,"LOAN_DEPOSIT":null,"LOAN_EQUITY":null,"LOAN_ASSETS":null,"DEPOSIT_EQUITY":null,"DEPOSIT_ASSETS":null,"EQUITY_MULTIPLIER":2.96997260606,"EQUITY_RATIO":1.969972606057},{"SECUCODE":"01059.HK","SECURITY_CODE":"01059","SECURITY_NAME_ABBR":"看通集团","ORG_CODE":"10009222","STD_REPORT_DATE":"2019-12-31 00:00:00","REPORT_DATE":"2020-06-30 00:00:00","DATE_TYPE_CODE":"001","REPORT_TYPE":"2019年年报","PER_NETCASH_OPERATE":0.120274917115,"PER_OI":0.618436469333,"BPS":0.128652009669,"BASIC_EPS":0.017720736,"DILUTED_EPS":0.017720736,"OPERATE_INCOME":134224527.36,"OPERATE_INCOME_YOY":2.0685439618,"GROSS_PROFIT":75935180.64,"GROSS_PROFIT_YOY":2.415948124571,"HOLDER_PROFIT":3539580,"HOLDER_PROFIT_YOY":59.0069757899,"GROSS_PROFIT_RATIO":56.57325239547,"EPS_TTM":0.021620731246,"OPERATE_INCOME_QOQ":4.718321169745,"NET_PROFIT_RATIO":2.6370590157,"ROE_AVG":6.443352538681,"GROSS_PROFIT_QOQ":4.041750706652,"ROA":2.222661974699,"HOLDER_PROFIT_QOQ":98.99566336533,"ROE_YEARLY":6.443352538681,"ROIC_YEARLY":4.563010762818,"TOTAL_ASSETS":170121805.92,"TOTAL_LIABILITIES":121872991.68,"TAX_EBT":-249.099099099099,"OCF_SALES":19.448225174216,"TOTAL_PARENT_EQUITY":48248814.24,"DEBT_ASSET_RATIO":71.6386656143,"OPERATE_PROFIT":-3663807.84,"PRETAX_PROFIT":1013918.4,"NETCASH_OPERATE":26104288.32,"NETCASH_INVEST":-19206902.88,"NETCASH_FINANCE":6214132.32,"END_CASH":87207943.68,"DIVI_RATIO":null,"DIVIDEND_RATE":null,"CURRENT_RATIO":1.911547364121,"COMMON_ACS":5000000000,"CURRENTDEBT_DEBT":60.55148326363,"ISSUED_COMMON_SHARES":375033506,"HK_COMMON_SHARES":375033506,"PER_SHARES":3000,"TOTAL_MARKET_CAP":85507639.368,"HKSK_MARKET_CAP":85507639.368,"PE_TTM":14.938441538784,"PB_TTM":0.516937340507,"REPORT_DATE_SQ":"2018-12-31 00:00:00","REPORT_TYPE_SQ":"2018年年报","OPERATE_INCOME_SQ":126641131.56,"DPS_HKD":null,"OPERATE_INCOME_QOQ_SQ":6.147394635744,"NET_PROFIT_RATIO_SQ":1.6927607907,"HOLDER_PROFIT_SQ":2143731.42,"HOLDER_PROFIT_QOQ_SQ":99.018335128451,"ROE_AVG_SQ":3.522388922614,"PE_TTM_SQ":7.388249344956,"PB_TTM_SQ":0.532135320188,"ROA_SQ":1.518536173501,"START_DATE":"2019-07-01 00:00:00","FISCAL_YEAR":"6-30","CURRENCY":"HKD","IS_CNY_CODE":0,"DPS_HKD_LY":null,"ORG_TYPE":"一般企业","PREMIUM_INCOME":null,"PREMIUM_INCOME_YOY":null,"NET_INTEREST_INCOME":null,"NET_INTEREST_INCOME_YOY":null,"FEE_COMMISSION_INCOME":null,"FEE_COMMISSION_INCOME_YOY":null,"ACCOUNTS_RECE_TDAYS":6.323027603864,"INVENTORY_TDAYS":2.839414434458,"CURRENT_ASSETS_TDAYS":1.019722141261,"TOTAL_ASSETS_TDAYS":0.842856364413,"PREMIUM_EXPENSE":null,"LOAN_DEPOSIT":null,"LOAN_EQUITY":null,"LOAN_ASSETS":null,"DEPOSIT_EQUITY":null,"DEPOSIT_ASSETS":null,"EQUITY_MULTIPLIER":3.525927188053,"EQUITY_RATIO":2.52592718805}],"count":45},"success":true,"message":"ok","code":0}