{"version":"27d0f4f47599215739e80e6e8d5737ba","result":{"pages":9,"data":[{"SECUCODE":"01057.HK","SECURITY_CODE":"01057","SECURITY_NAME_ABBR":"浙江世宝","ORG_CODE":"10080355","STD_REPORT_DATE":"2024-09-30 00:00:00","REPORT_DATE":"2024-09-30 00:00:00","DATE_TYPE_CODE":"004","REPORT_TYPE":"2024年三季报","PER_NETCASH_OPERATE":-0.005859692134,"PER_OI":2.209453206574,"BPS":2.316877713326,"BASIC_EPS":0.138,"DILUTED_EPS":0.138,"OPERATE_INCOME":1817567758.66,"OPERATE_INCOME_YOY":54.4864514723,"GROSS_PROFIT":358075674.65,"GROSS_PROFIT_YOY":59.703833844983,"HOLDER_PROFIT":111982671.15,"HOLDER_PROFIT_YOY":174.9630050374,"GROSS_PROFIT_RATIO":19.700815716163,"EPS_TTM":0.180470118473,"OPERATE_INCOME_QOQ":10.939951391233,"NET_PROFIT_RATIO":7.0061125305,"ROE_AVG":6.634429956192,"GROSS_PROFIT_QOQ":10.856729959746,"ROA":3.981255324785,"HOLDER_PROFIT_QOQ":19.480623160955,"ROE_YEARLY":8.845906608256,"ROIC_YEARLY":4.305660487594,"TOTAL_ASSETS":2974816731.55,"TOTAL_LIABILITIES":1065421539.21,"TAX_EBT":-5.634755191608,"OCF_SALES":-0.265210058169,"TOTAL_PARENT_EQUITY":1905938636.75,"DEBT_ASSET_RATIO":35.8146949999,"OPERATE_PROFIT":121631119.25,"PRETAX_PROFIT":120548244.05,"NETCASH_OPERATE":-4820372.51,"NETCASH_INVEST":-66282966.42,"NETCASH_FINANCE":172589541.04,"END_CASH":221269967.57,"DIVI_RATIO":0.134072466981,"DIVIDEND_RATE":0.754237288136,"CURRENT_RATIO":1.92862774904,"COMMON_ACS":null,"CURRENTDEBT_DEBT":97.137328437849,"ISSUED_COMMON_SHARES":822632384,"HK_COMMON_SHARES":216785000,"PER_SHARES":2000,"TOTAL_MARKET_CAP":2912118639.36,"HKSK_MARKET_CAP":767418900,"PE_TTM":17.650292885097,"PB_TTM":1.377861499396,"REPORT_DATE_SQ":"2023-09-30 00:00:00","REPORT_TYPE_SQ":"2023年三季报","OPERATE_INCOME_SQ":1176522433.74,"DPS_HKD":0.0267,"OPERATE_INCOME_QOQ_SQ":4.863905286876,"NET_PROFIT_RATIO_SQ":3.6087016781,"HOLDER_PROFIT_SQ":40726450.14,"HOLDER_PROFIT_QOQ_SQ":44.373276375727,"ROE_AVG_SQ":2.882219071088,"PE_TTM_SQ":28.503414422204,"PB_TTM_SQ":1.005978756354,"ROA_SQ":1.666446357222,"START_DATE":"2024-01-01 00:00:00","FISCAL_YEAR":"12-31","CURRENCY":"HKD","IS_CNY_CODE":0,"DPS_HKD_LY":0.0267,"ORG_TYPE":"一般企业","PREMIUM_INCOME":null,"PREMIUM_INCOME_YOY":null,"NET_INTEREST_INCOME":null,"NET_INTEREST_INCOME_YOY":null,"FEE_COMMISSION_INCOME":null,"FEE_COMMISSION_INCOME_YOY":null,"ACCOUNTS_RECE_TDAYS":1.842576381332,"INVENTORY_TDAYS":2.949135768518,"CURRENT_ASSETS_TDAYS":0.988308632952,"TOTAL_ASSETS_TDAYS":0.646189382965,"PREMIUM_EXPENSE":null,"LOAN_DEPOSIT":null,"LOAN_EQUITY":null,"LOAN_ASSETS":null,"DEPOSIT_EQUITY":null,"DEPOSIT_ASSETS":null,"EQUITY_MULTIPLIER":1.557989013215,"EQUITY_RATIO":0.559000966068},{"SECUCODE":"01057.HK","SECURITY_CODE":"01057","SECURITY_NAME_ABBR":"浙江世宝","ORG_CODE":"10080355","STD_REPORT_DATE":"2024-06-30 00:00:00","REPORT_DATE":"2024-06-30 00:00:00","DATE_TYPE_CODE":"002","REPORT_TYPE":"2024年中报","PER_NETCASH_OPERATE":0.01897258184,"PER_OI":1.369215457338,"BPS":2.286368439988,"BASIC_EPS":0.083,"DILUTED_EPS":0.083,"OPERATE_INCOME":1126360975.88,"OPERATE_INCOME_YOY":54.7309796087,"GROSS_PROFIT":222814599.05,"GROSS_PROFIT_YOY":60.52426585009,"HOLDER_PROFIT":66887755.99,"HOLDER_PROFIT_YOY":237.1839715151,"GROSS_PROFIT_RATIO":19.781810966588,"EPS_TTM":0.151045511564,"OPERATE_INCOME_QOQ":12.702707503276,"NET_PROFIT_RATIO":6.7565126713,"ROE_AVG":3.992457541088,"GROSS_PROFIT_QOQ":15.079003355026,"ROA":2.469318543928,"HOLDER_PROFIT_QOQ":38.193862574279,"ROE_YEARLY":7.984915082175,"ROIC_YEARLY":5.309932654629,"TOTAL_ASSETS":2766828436.06,"TOTAL_LIABILITIES":888674365.25,"TAX_EBT":-4.227122837503,"OCF_SALES":1.385653495125,"TOTAL_PARENT_EQUITY":1880840720.49,"DEBT_ASSET_RATIO":32.1188821709,"OPERATE_PROFIT":73628907.46,"PRETAX_PROFIT":73016236.07,"NETCASH_OPERATE":15607460.23,"NETCASH_INVEST":-67157221.82,"NETCASH_FINANCE":143659737.82,"END_CASH":211911549.12,"DIVI_RATIO":0.160190619036,"DIVIDEND_RATE":0.834375,"CURRENT_RATIO":2.108541999734,"COMMON_ACS":null,"CURRENTDEBT_DEBT":96.323610511618,"ISSUED_COMMON_SHARES":822632384,"HK_COMMON_SHARES":216785000,"PER_SHARES":2000,"TOTAL_MARKET_CAP":2632423628.8,"HKSK_MARKET_CAP":693712000,"PE_TTM":15.955067014777,"PB_TTM":1.245524519228,"REPORT_DATE_SQ":"2023-06-30 00:00:00","REPORT_TYPE_SQ":"2023年中报","OPERATE_INCOME_SQ":727947938.24,"DPS_HKD":0.0267,"OPERATE_INCOME_QOQ_SQ":6.087165899918,"NET_PROFIT_RATIO_SQ":2.9158260303,"HOLDER_PROFIT_SQ":19837169.51,"HOLDER_PROFIT_QOQ_SQ":20.324140312823,"ROE_AVG_SQ":1.414334806355,"PE_TTM_SQ":32.657178332977,"PB_TTM_SQ":1.152578675622,"ROA_SQ":0.826089343833,"START_DATE":"2024-01-01 00:00:00","FISCAL_YEAR":"12-31","CURRENCY":"HKD","IS_CNY_CODE":0,"DPS_HKD_LY":0.0267,"ORG_TYPE":"一般企业","PREMIUM_INCOME":null,"PREMIUM_INCOME_YOY":null,"NET_INTEREST_INCOME":null,"NET_INTEREST_INCOME_YOY":null,"FEE_COMMISSION_INCOME":null,"FEE_COMMISSION_INCOME_YOY":null,"ACCOUNTS_RECE_TDAYS":1.228581351362,"INVENTORY_TDAYS":1.877834726432,"CURRENT_ASSETS_TDAYS":0.646020055639,"TOTAL_ASSETS_TDAYS":0.415822597683,"PREMIUM_EXPENSE":null,"LOAN_DEPOSIT":null,"LOAN_EQUITY":null,"LOAN_ASSETS":null,"DEPOSIT_EQUITY":null,"DEPOSIT_ASSETS":null,"EQUITY_MULTIPLIER":1.473163719133,"EQUITY_RATIO":0.472487837789},{"SECUCODE":"01057.HK","SECURITY_CODE":"01057","SECURITY_NAME_ABBR":"浙江世宝","ORG_CODE":"10080355","STD_REPORT_DATE":"2024-03-31 00:00:00","REPORT_DATE":"2024-03-31 00:00:00","DATE_TYPE_CODE":"003","REPORT_TYPE":"2024年一季报","PER_NETCASH_OPERATE":0.00529691154,"PER_OI":0.624889173761,"BPS":2.231534159261,"BASIC_EPS":0.0276,"DILUTED_EPS":0.0276,"OPERATE_INCOME":493440384.78,"OPERATE_INCOME_YOY":43.0255663057,"GROSS_PROFIT":102114727.03,"GROSS_PROFIT_YOY":30.459771963763,"HOLDER_PROFIT":21779300.91,"HOLDER_PROFIT_YOY":140.1206130156,"GROSS_PROFIT_RATIO":20.694440540275,"EPS_TTM":0.113865768242,"OPERATE_INCOME_QOQ":8.158481654668,"NET_PROFIT_RATIO":5.1832085271,"ROE_AVG":1.317722500066,"GROSS_PROFIT_QOQ":6.354751803044,"ROA":0.787447659208,"HOLDER_PROFIT_QOQ":16.461704070935,"ROE_YEARLY":5.270890000263,"ROIC_YEARLY":3.557191491561,"TOTAL_ASSETS":2880939833.18,"TOTAL_LIABILITIES":1053312440.33,"TAX_EBT":-2.881968117393,"OCF_SALES":0.847656154424,"TOTAL_PARENT_EQUITY":1835732265.41,"DEBT_ASSET_RATIO":36.5614174999,"OPERATE_PROFIT":26725186.73,"PRETAX_PROFIT":24859598.4,"NETCASH_OPERATE":4182677.79,"NETCASH_INVEST":5678767.9,"NETCASH_FINANCE":331346988.71,"END_CASH":460950534.36,"DIVI_RATIO":0.212496471711,"DIVIDEND_RATE":0.996268656716,"CURRENT_RATIO":1.926410460218,"COMMON_ACS":null,"CURRENTDEBT_DEBT":94.457373536601,"ISSUED_COMMON_SHARES":822632384,"HK_COMMON_SHARES":216785000,"PER_SHARES":2000,"TOTAL_MARKET_CAP":2204654789.12,"HKSK_MARKET_CAP":580983800,"PE_TTM":13.362368624875,"PB_TTM":1.043126784853,"REPORT_DATE_SQ":"2023-03-31 00:00:00","REPORT_TYPE_SQ":"2023年一季报","OPERATE_INCOME_SQ":345001524.92,"DPS_HKD":0.0267,"OPERATE_INCOME_QOQ_SQ":6.085388433569,"NET_PROFIT_RATIO_SQ":2.8800165397,"HOLDER_PROFIT_SQ":9070150.47,"HOLDER_PROFIT_QOQ_SQ":82.803845111919,"ROE_AVG_SQ":0.64916810398,"PE_TTM_SQ":30.508679758439,"PB_TTM_SQ":1.076751131173,"ROA_SQ":0.382376511918,"START_DATE":"2024-01-01 00:00:00","FISCAL_YEAR":"12-31","CURRENCY":"HKD","IS_CNY_CODE":0,"DPS_HKD_LY":0.0267,"ORG_TYPE":"一般企业","PREMIUM_INCOME":null,"PREMIUM_INCOME_YOY":null,"NET_INTEREST_INCOME":null,"NET_INTEREST_INCOME_YOY":null,"FEE_COMMISSION_INCOME":null,"FEE_COMMISSION_INCOME_YOY":null,"ACCOUNTS_RECE_TDAYS":0.56819017635,"INVENTORY_TDAYS":0.806856745669,"CURRENT_ASSETS_TDAYS":0.274224600975,"TOTAL_ASSETS_TDAYS":0.17840723059,"PREMIUM_EXPENSE":null,"LOAN_DEPOSIT":null,"LOAN_EQUITY":null,"LOAN_ASSETS":null,"DEPOSIT_EQUITY":null,"DEPOSIT_ASSETS":null,"EQUITY_MULTIPLIER":1.576327781281,"EQUITY_RATIO":0.573783258146},{"SECUCODE":"01057.HK","SECURITY_CODE":"01057","SECURITY_NAME_ABBR":"浙江世宝","ORG_CODE":"10080355","STD_REPORT_DATE":"2023-12-31 00:00:00","REPORT_DATE":"2023-12-31 00:00:00","DATE_TYPE_CODE":"001","REPORT_TYPE":"2023年年报","PER_NETCASH_OPERATE":0.00404829631,"PER_OI":2.304127877614,"BPS":1.7867825873,"BASIC_EPS":0.1,"DILUTED_EPS":0.1,"OPERATE_INCOME":1819442221.52,"OPERATE_INCOME_YOY":31.2354327756,"GROSS_PROFIT":375180122.04,"GROSS_PROFIT_YOY":39.470467801109,"HOLDER_PROFIT":77204342.79,"HOLDER_PROFIT_YOY":387.9065416805,"GROSS_PROFIT_RATIO":20.620612053653,"EPS_TTM":0.097770996183,"OPERATE_INCOME_QOQ":11.200480015186,"NET_PROFIT_RATIO":4.6643763053,"ROE_AVG":5.394140713218,"GROSS_PROFIT_QOQ":9.928950293787,"ROA":3.063565914808,"HOLDER_PROFIT_QOQ":53.642630736537,"ROE_YEARLY":5.394140713218,"ROIC_YEARLY":3.298682858633,"TOTAL_ASSETS":2650678847.84,"TOTAL_LIABILITIES":1192715244.11,"TAX_EBT":-1.026730210853,"OCF_SALES":0.175697553469,"TOTAL_PARENT_EQUITY":1469865219.48,"DEBT_ASSET_RATIO":44.9965956865,"OPERATE_PROFIT":90075378.68,"PRETAX_PROFIT":84003146.19,"NETCASH_OPERATE":3196715.47,"NETCASH_INVEST":-50417812.86,"NETCASH_FINANCE":11159896.43,"END_CASH":119831809.48,"DIVI_RATIO":0.247477012045,"DIVIDEND_RATE":0.834375,"CURRENT_RATIO":1.49760291574,"COMMON_ACS":null,"CURRENTDEBT_DEBT":94.174539877551,"ISSUED_COMMON_SHARES":822632384,"HK_COMMON_SHARES":216785000,"PER_SHARES":2000,"TOTAL_MARKET_CAP":2632423628.8,"HKSK_MARKET_CAP":693712000,"PE_TTM":15.955067014777,"PB_TTM":1.245524519228,"REPORT_DATE_SQ":"2022-12-31 00:00:00","REPORT_TYPE_SQ":"2022年年报","OPERATE_INCOME_SQ":1386395566.38,"DPS_HKD":0.0267,"OPERATE_INCOME_QOQ_SQ":11.937537703226,"NET_PROFIT_RATIO_SQ":1.3173584612,"HOLDER_PROFIT_SQ":15823592.47,"HOLDER_PROFIT_QOQ_SQ":915.044278920428,"ROE_AVG_SQ":1.142704674323,"PE_TTM_SQ":32.657178332977,"PB_TTM_SQ":1.152578675622,"ROA_SQ":0.708792740395,"START_DATE":"2023-01-01 00:00:00","FISCAL_YEAR":"12-31","CURRENCY":"HKD","IS_CNY_CODE":0,"DPS_HKD_LY":null,"ORG_TYPE":"一般企业","PREMIUM_INCOME":null,"PREMIUM_INCOME_YOY":null,"NET_INTEREST_INCOME":null,"NET_INTEREST_INCOME_YOY":null,"FEE_COMMISSION_INCOME":null,"FEE_COMMISSION_INCOME_YOY":null,"ACCOUNTS_RECE_TDAYS":2.411212482404,"INVENTORY_TDAYS":3.219722794004,"CURRENT_ASSETS_TDAYS":1.180567972839,"TOTAL_ASSETS_TDAYS":0.721977672807,"PREMIUM_EXPENSE":null,"LOAN_DEPOSIT":null,"LOAN_EQUITY":null,"LOAN_ASSETS":null,"DEPOSIT_EQUITY":null,"DEPOSIT_ASSETS":null,"EQUITY_MULTIPLIER":1.818069285858,"EQUITY_RATIO":0.811445313695},{"SECUCODE":"01057.HK","SECURITY_CODE":"01057","SECURITY_NAME_ABBR":"浙江世宝","ORG_CODE":"10080355","STD_REPORT_DATE":"2023-09-30 00:00:00","REPORT_DATE":"2023-09-30 00:00:00","DATE_TYPE_CODE":"004","REPORT_TYPE":"2023年三季报","PER_NETCASH_OPERATE":-0.026112671237,"PER_OI":1.489939117689,"BPS":1.742439702969,"BASIC_EPS":0.0516,"DILUTED_EPS":0.0516,"OPERATE_INCOME":1176522433.74,"OPERATE_INCOME_YOY":26.9533518566,"GROSS_PROFIT":224212322.29,"GROSS_PROFIT_YOY":32.622487591326,"HOLDER_PROFIT":40726450.14,"HOLDER_PROFIT_YOY":546.3751541228,"GROSS_PROFIT_RATIO":20.513894530067,"EPS_TTM":0.063635330711,"OPERATE_INCOME_QOQ":4.863905286876,"NET_PROFIT_RATIO":3.6087016781,"ROE_AVG":2.882219071088,"GROSS_PROFIT_QOQ":7.378258136124,"ROA":1.666446357222,"HOLDER_PROFIT_QOQ":44.373276375727,"ROE_YEARLY":3.842958761451,"ROIC_YEARLY":1.801992396143,"TOTAL_ASSETS":2498336948.18,"TOTAL_LIABILITIES":1082781791.51,"TAX_EBT":-4.870620817212,"OCF_SALES":-1.752599883238,"TOTAL_PARENT_EQUITY":1433387326.83,"DEBT_ASSET_RATIO":43.3401023949,"OPERATE_PROFIT":45177255.55,"PRETAX_PROFIT":40485299.39,"NETCASH_OPERATE":-20619730.8,"NETCASH_INVEST":-41212446.93,"NETCASH_FINANCE":-1887120.9,"END_CASH":92079020.74,"DIVI_RATIO":0.380230191774,"DIVIDEND_RATE":0.996268656716,"CURRENT_RATIO":1.505901434621,"COMMON_ACS":null,"CURRENTDEBT_DEBT":93.254799712863,"ISSUED_COMMON_SHARES":822632384,"HK_COMMON_SHARES":216785000,"PER_SHARES":2000,"TOTAL_MARKET_CAP":2204654789.12,"HKSK_MARKET_CAP":580983800,"PE_TTM":13.362368624875,"PB_TTM":1.043126784853,"REPORT_DATE_SQ":"2022-09-30 00:00:00","REPORT_TYPE_SQ":"2022年三季报","OPERATE_INCOME_SQ":926736014.87,"DPS_HKD":0.0267,"OPERATE_INCOME_QOQ_SQ":6.866712806271,"NET_PROFIT_RATIO_SQ":0.8550494448,"HOLDER_PROFIT_SQ":6300744.99,"HOLDER_PROFIT_QOQ_SQ":-442.530547256277,"ROE_AVG_SQ":0.45657980775,"PE_TTM_SQ":30.508679758439,"PB_TTM_SQ":1.076751131173,"ROA_SQ":0.296485950598,"START_DATE":"2023-01-01 00:00:00","FISCAL_YEAR":"12-31","CURRENCY":"HKD","IS_CNY_CODE":0,"DPS_HKD_LY":null,"ORG_TYPE":"一般企业","PREMIUM_INCOME":null,"PREMIUM_INCOME_YOY":null,"NET_INTEREST_INCOME":null,"NET_INTEREST_INCOME_YOY":null,"FEE_COMMISSION_INCOME":null,"FEE_COMMISSION_INCOME_YOY":null,"ACCOUNTS_RECE_TDAYS":1.780308065856,"INVENTORY_TDAYS":2.076421038444,"CURRENT_ASSETS_TDAYS":0.805634208829,"TOTAL_ASSETS_TDAYS":0.481409874211,"PREMIUM_EXPENSE":null,"LOAN_DEPOSIT":null,"LOAN_EQUITY":null,"LOAN_ASSETS":null,"DEPOSIT_EQUITY":null,"DEPOSIT_ASSETS":null,"EQUITY_MULTIPLIER":1.764916708762,"EQUITY_RATIO":0.755400701013},{"SECUCODE":"01057.HK","SECURITY_CODE":"01057","SECURITY_NAME_ABBR":"浙江世宝","ORG_CODE":"10080355","STD_REPORT_DATE":"2023-06-30 00:00:00","REPORT_DATE":"2023-06-30 00:00:00","DATE_TYPE_CODE":"002","REPORT_TYPE":"2023年中报","PER_NETCASH_OPERATE":-0.078411627495,"PER_OI":0.921867767007,"BPS":1.717046488411,"BASIC_EPS":0.0251,"DILUTED_EPS":0.0251,"OPERATE_INCOME":727947938.24,"OPERATE_INCOME_YOY":31.3860722434,"GROSS_PROFIT":138804309.66,"GROSS_PROFIT_YOY":38.760472368313,"HOLDER_PROFIT":19837169.51,"HOLDER_PROFIT_YOY":2218.4063859238,"GROSS_PROFIT_RATIO":20.450692313235,"EPS_TTM":0.044076945754,"OPERATE_INCOME_QOQ":6.087165899918,"NET_PROFIT_RATIO":2.9158260303,"ROE_AVG":1.414334806355,"GROSS_PROFIT_QOQ":4.219647697352,"ROA":0.826089343833,"HOLDER_PROFIT_QOQ":20.324140312823,"ROE_YEARLY":2.82866961271,"ROIC_YEARLY":1.810799072166,"TOTAL_ASSETS":2413186096.9,"TOTAL_LIABILITIES":1018862429.57,"TAX_EBT":-3.835293530807,"OCF_SALES":-8.505734802917,"TOTAL_PARENT_EQUITY":1412498046.2,"DEBT_ASSET_RATIO":42.2206323366,"OPERATE_PROFIT":23498504.99,"PRETAX_PROFIT":20441696.41,"NETCASH_OPERATE":-61917321.13,"NETCASH_INVEST":28990902.34,"NETCASH_FINANCE":20420275.69,"END_CASH":143451383.11,"DIVI_RATIO":0.548950785634,"DIVIDEND_RATE":0.834375,"CURRENT_RATIO":1.513904269234,"COMMON_ACS":null,"CURRENTDEBT_DEBT":92.823248474197,"ISSUED_COMMON_SHARES":822632384,"HK_COMMON_SHARES":216785000,"PER_SHARES":2000,"TOTAL_MARKET_CAP":2632423628.8,"HKSK_MARKET_CAP":693712000,"PE_TTM":15.955067014777,"PB_TTM":1.245524519228,"REPORT_DATE_SQ":"2022-06-30 00:00:00","REPORT_TYPE_SQ":"2022年中报","OPERATE_INCOME_SQ":554052591.58,"DPS_HKD":0.0267,"OPERATE_INCOME_QOQ_SQ":1.22554342937,"NET_PROFIT_RATIO_SQ":0.2255019269,"HOLDER_PROFIT_SQ":855638.15,"HOLDER_PROFIT_QOQ_SQ":-94.219376467402,"ROE_AVG_SQ":0.062125886146,"PE_TTM_SQ":32.657178332977,"PB_TTM_SQ":1.152578675622,"ROA_SQ":0.041239332813,"START_DATE":"2023-01-01 00:00:00","FISCAL_YEAR":"12-31","CURRENCY":"HKD","IS_CNY_CODE":0,"DPS_HKD_LY":null,"ORG_TYPE":"一般企业","PREMIUM_INCOME":null,"PREMIUM_INCOME_YOY":null,"NET_INTEREST_INCOME":null,"NET_INTEREST_INCOME_YOY":null,"FEE_COMMISSION_INCOME":null,"FEE_COMMISSION_INCOME_YOY":null,"ACCOUNTS_RECE_TDAYS":1.151603982576,"INVENTORY_TDAYS":1.31399586321,"CURRENT_ASSETS_TDAYS":0.514102095196,"TOTAL_ASSETS_TDAYS":0.303143064005,"PREMIUM_EXPENSE":null,"LOAN_DEPOSIT":null,"LOAN_EQUITY":null,"LOAN_ASSETS":null,"DEPOSIT_EQUITY":null,"DEPOSIT_ASSETS":null,"EQUITY_MULTIPLIER":1.730721606068,"EQUITY_RATIO":0.721319531953},{"SECUCODE":"01057.HK","SECURITY_CODE":"01057","SECURITY_NAME_ABBR":"浙江世宝","ORG_CODE":"10080355","STD_REPORT_DATE":"2023-03-31 00:00:00","REPORT_DATE":"2023-03-31 00:00:00","DATE_TYPE_CODE":"003","REPORT_TYPE":"2023年一季报","PER_NETCASH_OPERATE":-0.021034050447,"PER_OI":0.436907323566,"BPS":1.703957994389,"BASIC_EPS":0.0115,"DILUTED_EPS":0.0115,"OPERATE_INCOME":345001524.92,"OPERATE_INCOME_YOY":32.3701302667,"GROSS_PROFIT":78272961.46,"GROSS_PROFIT_YOY":85.029521999202,"HOLDER_PROFIT":9070150.47,"HOLDER_PROFIT_YOY":324.9322307419,"GROSS_PROFIT_RATIO":22.687714634928,"EPS_TTM":0.03663183933,"OPERATE_INCOME_QOQ":6.085388433569,"NET_PROFIT_RATIO":2.8800165397,"ROE_AVG":0.64916810398,"GROSS_PROFIT_QOQ":13.371585748822,"ROA":0.382376511918,"HOLDER_PROFIT_QOQ":82.803845111919,"ROE_YEARLY":2.596672415921,"ROIC_YEARLY":1.668839988912,"TOTAL_ASSETS":2354610774.27,"TOTAL_LIABILITIES":971576701.43,"TAX_EBT":-3.569324773891,"OCF_SALES":-4.814304845131,"TOTAL_PARENT_EQUITY":1401731027.16,"DEBT_ASSET_RATIO":41.262730641,"OPERATE_PROFIT":11080120.49,"PRETAX_PROFIT":9593671.68,"NETCASH_OPERATE":-16609425.13,"NETCASH_INVEST":-7474804.25,"NETCASH_FINANCE":7623874.92,"END_CASH":139207294.08,"DIVI_RATIO":0.660520313554,"DIVIDEND_RATE":0.996268656716,"CURRENT_RATIO":1.547897464678,"COMMON_ACS":null,"CURRENTDEBT_DEBT":91.206508977186,"ISSUED_COMMON_SHARES":822632384,"HK_COMMON_SHARES":216785000,"PER_SHARES":2000,"TOTAL_MARKET_CAP":2204654789.12,"HKSK_MARKET_CAP":580983800,"PE_TTM":13.362368624875,"PB_TTM":1.043126784853,"REPORT_DATE_SQ":"2022-03-31 00:00:00","REPORT_TYPE_SQ":"2022年一季报","OPERATE_INCOME_SQ":260633969.48,"DPS_HKD":0.0267,"OPERATE_INCOME_QOQ_SQ":-2.800377230949,"NET_PROFIT_RATIO_SQ":-1.7816811137,"HOLDER_PROFIT_SQ":-4032392.53,"HOLDER_PROFIT_QOQ_SQ":-71.293597623539,"ROE_AVG_SQ":-0.293303075239,"PE_TTM_SQ":30.508679758439,"PB_TTM_SQ":1.076751131173,"ROA_SQ":-0.193127362687,"START_DATE":"2023-01-01 00:00:00","FISCAL_YEAR":"12-31","CURRENCY":"HKD","IS_CNY_CODE":0,"DPS_HKD_LY":null,"ORG_TYPE":"一般企业","PREMIUM_INCOME":null,"PREMIUM_INCOME_YOY":null,"NET_INTEREST_INCOME":null,"NET_INTEREST_INCOME_YOY":null,"FEE_COMMISSION_INCOME":null,"FEE_COMMISSION_INCOME_YOY":null,"ACCOUNTS_RECE_TDAYS":0.578678574882,"INVENTORY_TDAYS":0.623587917974,"CURRENT_ASSETS_TDAYS":0.248935570088,"TOTAL_ASSETS_TDAYS":0.145444642998,"PREMIUM_EXPENSE":null,"LOAN_DEPOSIT":null,"LOAN_EQUITY":null,"LOAN_ASSETS":null,"DEPOSIT_EQUITY":null,"DEPOSIT_ASSETS":null,"EQUITY_MULTIPLIER":1.702496576557,"EQUITY_RATIO":0.693126343503},{"SECUCODE":"01057.HK","SECURITY_CODE":"01057","SECURITY_NAME_ABBR":"浙江世宝","ORG_CODE":"10080355","STD_REPORT_DATE":"2022-12-31 00:00:00","REPORT_DATE":"2022-12-31 00:00:00","DATE_TYPE_CODE":"001","REPORT_TYPE":"2022年年报","PER_NETCASH_OPERATE":0.14040655203,"PER_OI":1.7557208666,"BPS":1.692932230455,"BASIC_EPS":0.02,"DILUTED_EPS":0.02,"OPERATE_INCOME":1386395566.38,"OPERATE_INCOME_YOY":17.6990335205,"GROSS_PROFIT":269003272.13,"GROSS_PROFIT_YOY":6.171420998642,"HOLDER_PROFIT":15823592.47,"HOLDER_PROFIT_YOY":-53.6730225255,"GROSS_PROFIT_RATIO":19.403067829508,"EPS_TTM":0.020038877906,"OPERATE_INCOME_QOQ":11.937537703226,"NET_PROFIT_RATIO":1.3173584612,"ROE_AVG":1.142704674323,"GROSS_PROFIT_QOQ":22.262868904853,"ROA":0.708792740395,"HOLDER_PROFIT_QOQ":915.044278920428,"ROE_YEARLY":1.142704674323,"ROIC_YEARLY":0.775964416199,"TOTAL_ASSETS":2389483168.38,"TOTAL_LIABILITIES":1016385196.52,"TAX_EBT":1.981469849425,"OCF_SALES":7.997088529322,"TOTAL_PARENT_EQUITY":1392660876.69,"DEBT_ASSET_RATIO":42.5357755171,"OPERATE_PROFIT":23484768,"PRETAX_PROFIT":18633006.71,"NETCASH_OPERATE":110871280.81,"NETCASH_INVEST":-117144731.23,"NETCASH_FINANCE":19491617.59,"END_CASH":155644045.68,"DIVI_RATIO":1.207456530922,"DIVIDEND_RATE":0.834375,"CURRENT_RATIO":1.491328236464,"COMMON_ACS":null,"CURRENTDEBT_DEBT":92.373097320247,"ISSUED_COMMON_SHARES":822632384,"HK_COMMON_SHARES":216785000,"PER_SHARES":2000,"TOTAL_MARKET_CAP":2632423628.8,"HKSK_MARKET_CAP":693712000,"PE_TTM":15.955067014777,"PB_TTM":1.245524519228,"REPORT_DATE_SQ":"2021-12-31 00:00:00","REPORT_TYPE_SQ":"2021年年报","OPERATE_INCOME_SQ":1177915845.96,"DPS_HKD":0.0267,"OPERATE_INCOME_QOQ_SQ":1.021345926178,"NET_PROFIT_RATIO_SQ":2.1729036686,"HOLDER_PROFIT_SQ":34156323.88,"HOLDER_PROFIT_QOQ_SQ":-23.361941031257,"ROE_AVG_SQ":2.51193930751,"PE_TTM_SQ":32.657178332977,"PB_TTM_SQ":1.152578675622,"ROA_SQ":1.686022171077,"START_DATE":"2022-01-01 00:00:00","FISCAL_YEAR":"12-31","CURRENCY":"HKD","IS_CNY_CODE":0,"DPS_HKD_LY":null,"ORG_TYPE":"一般企业","PREMIUM_INCOME":null,"PREMIUM_INCOME_YOY":null,"NET_INTEREST_INCOME":null,"NET_INTEREST_INCOME_YOY":null,"FEE_COMMISSION_INCOME":null,"FEE_COMMISSION_INCOME_YOY":null,"ACCOUNTS_RECE_TDAYS":2.603161207949,"INVENTORY_TDAYS":2.987370723223,"CURRENT_ASSETS_TDAYS":1.108759102108,"TOTAL_ASSETS_TDAYS":0.621013916169,"PREMIUM_EXPENSE":null,"LOAN_DEPOSIT":null,"LOAN_EQUITY":null,"LOAN_ASSETS":null,"DEPOSIT_EQUITY":null,"DEPOSIT_ASSETS":null,"EQUITY_MULTIPLIER":1.740213165667,"EQUITY_RATIO":0.729815286357},{"SECUCODE":"01057.HK","SECURITY_CODE":"01057","SECURITY_NAME_ABBR":"浙江世宝","ORG_CODE":"10080355","STD_REPORT_DATE":"2022-09-30 00:00:00","REPORT_DATE":"2022-09-30 00:00:00","DATE_TYPE_CODE":"004","REPORT_TYPE":"2022年三季报","PER_NETCASH_OPERATE":0.095147482829,"PER_OI":1.17361148477,"BPS":1.681356163593,"BASIC_EPS":0.008,"DILUTED_EPS":0.008,"OPERATE_INCOME":926736014.87,"OPERATE_INCOME_YOY":7.0000597139,"GROSS_PROFIT":169060561.57,"GROSS_PROFIT_YOY":-16.474975534376,"HOLDER_PROFIT":6300744.99,"HOLDER_PROFIT_YOY":-85.1392296194,"GROSS_PROFIT_RATIO":18.242580287949,"EPS_TTM":-0.002458624448,"OPERATE_INCOME_QOQ":6.866712806271,"NET_PROFIT_RATIO":0.8550494448,"ROE_AVG":0.45657980775,"GROSS_PROFIT_QOQ":3.52923453329,"ROA":0.296485950598,"HOLDER_PROFIT_QOQ":-442.530547256277,"ROE_YEARLY":0.608773077,"ROIC_YEARLY":0.321099519802,"TOTAL_ASSETS":2174823476.47,"TOTAL_LIABILITIES":812065252.76,"TAX_EBT":-17.388559004164,"OCF_SALES":8.10723855925,"TOTAL_PARENT_EQUITY":1383138029.21,"DEBT_ASSET_RATIO":37.3393639321,"OPERATE_PROFIT":10359240.93,"PRETAX_PROFIT":6750275.51,"NETCASH_OPERATE":75132699.54,"NETCASH_INVEST":-88074487.83,"NETCASH_FINANCE":-27702631.15,"END_CASH":101563740.85,"DIVI_RATIO":-9.841305375734,"DIVIDEND_RATE":0.834375,"CURRENT_RATIO":1.579847545749,"COMMON_ACS":null,"CURRENTDEBT_DEBT":93.763772629369,"ISSUED_COMMON_SHARES":822632384,"HK_COMMON_SHARES":216785000,"PER_SHARES":2000,"TOTAL_MARKET_CAP":2632423628.8,"HKSK_MARKET_CAP":693712000,"PE_TTM":15.955067014777,"PB_TTM":1.245524519228,"REPORT_DATE_SQ":"2021-09-30 00:00:00","REPORT_TYPE_SQ":"2021年三季报","OPERATE_INCOME_SQ":866107941.76,"DPS_HKD":0.0267,"OPERATE_INCOME_QOQ_SQ":-1.84144134197,"NET_PROFIT_RATIO_SQ":4.4779123398,"HOLDER_PROFIT_SQ":42398508.48,"HOLDER_PROFIT_QOQ_SQ":-23.442576593682,"ROE_AVG_SQ":3.108668050666,"PE_TTM_SQ":32.657178332977,"PB_TTM_SQ":1.152578675622,"ROA_SQ":2.134359766337,"START_DATE":"2022-01-01 00:00:00","FISCAL_YEAR":"12-31","CURRENCY":"HKD","IS_CNY_CODE":0,"DPS_HKD_LY":null,"ORG_TYPE":"一般企业","PREMIUM_INCOME":null,"PREMIUM_INCOME_YOY":null,"NET_INTEREST_INCOME":null,"NET_INTEREST_INCOME_YOY":null,"FEE_COMMISSION_INCOME":null,"FEE_COMMISSION_INCOME_YOY":null,"ACCOUNTS_RECE_TDAYS":1.898757294355,"INVENTORY_TDAYS":2.114008000008,"CURRENT_ASSETS_TDAYS":0.804605044033,"TOTAL_ASSETS_TDAYS":0.436082096256,"PREMIUM_EXPENSE":null,"LOAN_DEPOSIT":null,"LOAN_EQUITY":null,"LOAN_ASSETS":null,"DEPOSIT_EQUITY":null,"DEPOSIT_ASSETS":null,"EQUITY_MULTIPLIER":1.595898258863,"EQUITY_RATIO":0.587118013973}],"count":78},"success":true,"message":"ok","code":0}