{"version":"d547afb3683ff9e11d27959926ac4771","result":{"pages":6,"data":[{"SECUCODE":"01051.HK","SECURITY_CODE":"01051","SECURITY_NAME_ABBR":"国际资源","ORG_CODE":"10009219","STD_REPORT_DATE":"2024-06-30 00:00:00","REPORT_DATE":"2024-06-30 00:00:00","DATE_TYPE_CODE":"002","REPORT_TYPE":"2024年中报","PER_NETCASH_OPERATE":0.101887292655,"PER_OI":0.28699176274,"BPS":24.848690283251,"BASIC_EPS":0.6378486,"DILUTED_EPS":0.6378486,"OPERATE_INCOME":129379927.2,"OPERATE_INCOME_YOY":11.7857142857,"GROSS_PROFIT":129379927.2,"GROSS_PROFIT_YOY":10.254148823857,"HOLDER_PROFIT":287559253.2,"HOLDER_PROFIT_YOY":855.0336826347,"GROSS_PROFIT_RATIO":null,"EPS_TTM":0.835179500461,"OPERATE_INCOME_QOQ":2.946034587152,"NET_PROFIT_RATIO":222.2540486945,"ROE_AVG":2.595936213661,"GROSS_PROFIT_QOQ":2.946034587152,"ROA":2.533175374791,"HOLDER_PROFIT_QOQ":647.983700830548,"ROE_YEARLY":5.191872427322,"ROIC_YEARLY":8.928216796195,"TOTAL_ASSETS":11526907700.4,"TOTAL_LIABILITIES":323570973.6,"TAX_EBT":null,"OCF_SALES":35.501817781205,"TOTAL_PARENT_EQUITY":11202139424.4,"DEBT_ASSET_RATIO":2.8070926046,"OPERATE_PROFIT":286312063.2,"PRETAX_PROFIT":287552126.4,"NETCASH_OPERATE":45932226,"NETCASH_INVEST":-415670610,"NETCASH_FINANCE":null,"END_CASH":572431702.8,"DIVI_RATIO":0.130207218855,"DIVIDEND_RATE":3.333333333333,"CURRENT_RATIO":17.716966900346,"COMMON_ACS":1000000000,"CURRENTDEBT_DEBT":99.281969957271,"ISSUED_COMMON_SHARES":450814079,"HK_COMMON_SHARES":450814079,"PER_SHARES":1000,"TOTAL_MARKET_CAP":1622930684.4,"HKSK_MARKET_CAP":1622930684.4,"PE_TTM":3.934382667562,"PB_TTM":0.132226204451,"REPORT_DATE_SQ":"2023-06-30 00:00:00","REPORT_TYPE_SQ":"2023年中报","OPERATE_INCOME_SQ":117346992,"DPS_HKD":0.12,"OPERATE_INCOME_QOQ_SQ":24.576925284787,"NET_PROFIT_RATIO_SQ":-32.8633004926,"HOLDER_PROFIT_SQ":-38614675.2,"HOLDER_PROFIT_QOQ_SQ":63.262557575006,"ROE_AVG_SQ":-0.349320886598,"PE_TTM_SQ":-3.97847682464,"PB_TTM_SQ":0.078260848715,"ROA_SQ":-0.337387688695,"START_DATE":"2024-01-01 00:00:00","FISCAL_YEAR":"12-31","CURRENCY":"HKD","IS_CNY_CODE":0,"DPS_HKD_LY":0.12,"ORG_TYPE":"一般企业","PREMIUM_INCOME":null,"PREMIUM_INCOME_YOY":null,"NET_INTEREST_INCOME":null,"NET_INTEREST_INCOME_YOY":null,"FEE_COMMISSION_INCOME":null,"FEE_COMMISSION_INCOME_YOY":null,"ACCOUNTS_RECE_TDAYS":0.564744676549,"INVENTORY_TDAYS":null,"CURRENT_ASSETS_TDAYS":0.022367073066,"TOTAL_ASSETS_TDAYS":0.011397374347,"PREMIUM_EXPENSE":null,"LOAN_DEPOSIT":null,"LOAN_EQUITY":null,"LOAN_ASSETS":null,"DEPOSIT_EQUITY":null,"DEPOSIT_ASSETS":null,"EQUITY_MULTIPLIER":1.028881661016,"EQUITY_RATIO":0.028884747934},{"SECUCODE":"01051.HK","SECURITY_CODE":"01051","SECURITY_NAME_ABBR":"国际资源","ORG_CODE":"10009219","STD_REPORT_DATE":"2023-12-31 00:00:00","REPORT_DATE":"2023-12-31 00:00:00","DATE_TYPE_CODE":"001","REPORT_TYPE":"2023年年报","PER_NETCASH_OPERATE":1.117281455844,"PER_OI":0.90601683183,"BPS":24.144449904148,"BASIC_EPS":0.11190666,"DILUTED_EPS":0.11190666,"OPERATE_INCOME":408445143.6,"OPERATE_INCOME_YOY":401.6789908656,"GROSS_PROFIT":408445143.6,"GROSS_PROFIT_YOY":410.186053557095,"HOLDER_PROFIT":50336748.9,"HOLDER_PROFIT_YOY":107.9030769402,"GROSS_PROFIT_RATIO":null,"EPS_TTM":0.111657446484,"OPERATE_INCOME_QOQ":75.17970808185,"NET_PROFIT_RATIO":12.2893112298,"ROE_AVG":0.462245105028,"GROSS_PROFIT_QOQ":75.17970808185,"ROA":0.448601457971,"HOLDER_PROFIT_QOQ":121.877110477278,"ROE_YEARLY":0.462245105028,"ROIC_YEARLY":0.896997953451,"TOTAL_ASSETS":11107394696.1,"TOTAL_LIABILITIES":221539773.3,"TAX_EBT":null,"OCF_SALES":123.31795796629,"TOTAL_PARENT_EQUITY":10884657946.5,"DEBT_ASSET_RATIO":1.9945250832,"OPERATE_PROFIT":-161853860.4,"PRETAX_PROFIT":50195094.9,"NETCASH_OPERATE":503686210.5,"NETCASH_INVEST":-5560684431.6,"NETCASH_FINANCE":-57376952.7,"END_CASH":922932471.6,"DIVI_RATIO":0.973928774343,"DIVIDEND_RATE":3.833865814696,"CURRENT_RATIO":26.646062877637,"COMMON_ACS":1000000000,"CURRENTDEBT_DEBT":98.944979059433,"ISSUED_COMMON_SHARES":450814079,"HK_COMMON_SHARES":450814079,"PER_SHARES":1000,"TOTAL_MARKET_CAP":1411048067.27,"HKSK_MARKET_CAP":1411048067.27,"PE_TTM":3.42072715263,"PB_TTM":0.11496333887,"REPORT_DATE_SQ":"2022-12-31 00:00:00","REPORT_TYPE_SQ":"2022年年报","OPERATE_INCOME_SQ":80058077,"DPS_HKD":0.12,"OPERATE_INCOME_QOQ_SQ":37.428082246238,"NET_PROFIT_RATIO_SQ":-332.8024411119,"HOLDER_PROFIT_SQ":-626305584.2,"HOLDER_PROFIT_QOQ_SQ":-62.663961844232,"ROE_AVG_SQ":-5.667493637013,"PE_TTM_SQ":-3.690181402565,"PB_TTM_SQ":0.072589772721,"ROA_SQ":-5.464864754822,"START_DATE":"2023-01-01 00:00:00","FISCAL_YEAR":"12-31","CURRENCY":"HKD","IS_CNY_CODE":0,"DPS_HKD_LY":0.12,"ORG_TYPE":"一般企业","PREMIUM_INCOME":null,"PREMIUM_INCOME_YOY":null,"NET_INTEREST_INCOME":null,"NET_INTEREST_INCOME_YOY":null,"FEE_COMMISSION_INCOME":null,"FEE_COMMISSION_INCOME_YOY":null,"ACCOUNTS_RECE_TDAYS":2.108711948076,"INVENTORY_TDAYS":null,"CURRENT_ASSETS_TDAYS":0.062981772113,"TOTAL_ASSETS_TDAYS":0.036400659741,"PREMIUM_EXPENSE":null,"LOAN_DEPOSIT":null,"LOAN_EQUITY":null,"LOAN_ASSETS":null,"DEPOSIT_EQUITY":null,"DEPOSIT_ASSETS":null,"EQUITY_MULTIPLIER":1.020351159819,"EQUITY_RATIO":0.020353397818},{"SECUCODE":"01051.HK","SECURITY_CODE":"01051","SECURITY_NAME_ABBR":"国际资源","ORG_CODE":"10009219","STD_REPORT_DATE":"2023-06-30 00:00:00","REPORT_DATE":"2023-06-30 00:00:00","DATE_TYPE_CODE":"002","REPORT_TYPE":"2023年中报","PER_NETCASH_OPERATE":0.196122732005,"PER_OI":0.260300193508,"BPS":24.386377500868,"BASIC_EPS":-0.08598702,"DILUTED_EPS":-0.08598702,"OPERATE_INCOME":117346992,"OPERATE_INCOME_YOY":52.7607939046,"GROSS_PROFIT":117346992,"GROSS_PROFIT_YOY":64.469253001757,"HOLDER_PROFIT":-38614675.2,"HOLDER_PROFIT_YOY":91.7518135515,"GROSS_PROFIT_RATIO":null,"EPS_TTM":-0.510384799673,"OPERATE_INCOME_QOQ":24.576925284787,"NET_PROFIT_RATIO":-32.8633004926,"ROE_AVG":-0.349320886598,"GROSS_PROFIT_QOQ":24.576925284787,"ROA":-0.337387688695,"HOLDER_PROFIT_QOQ":63.262557575006,"ROE_YEARLY":-0.698641773196,"ROIC_YEARLY":-1.501714157253,"TOTAL_ASSETS":11327149628.4,"TOTAL_LIABILITIES":332011058.4,"TAX_EBT":null,"OCF_SALES":75.344827586207,"TOTAL_PARENT_EQUITY":10993722313.2,"DEBT_ASSET_RATIO":2.9311086133,"OPERATE_PROFIT":-38564094.6,"PRETAX_PROFIT":-38564094.6,"NETCASH_OPERATE":88414888.8,"NETCASH_INVEST":-2794469763,"NETCASH_FINANCE":-8670960,"END_CASH":3428743261.2,"DIVI_RATIO":-0.213067473933,"DIVIDEND_RATE":3.833865814696,"CURRENT_RATIO":21.121287779238,"COMMON_ACS":1000000000,"CURRENTDEBT_DEBT":99.373204492035,"ISSUED_COMMON_SHARES":450814079,"HK_COMMON_SHARES":450814079,"PER_SHARES":1000,"TOTAL_MARKET_CAP":1411048067.27,"HKSK_MARKET_CAP":1411048067.27,"PE_TTM":3.42072715263,"PB_TTM":0.11496333887,"REPORT_DATE_SQ":"2022-06-30 00:00:00","REPORT_TYPE_SQ":"2022年中报","OPERATE_INCOME_SQ":71348893.4,"DPS_HKD":0.12,"OPERATE_INCOME_QOQ_SQ":-66.183203012557,"NET_PROFIT_RATIO_SQ":-607.5910074311,"HOLDER_PROFIT_SQ":-434831606,"HOLDER_PROFIT_QOQ_SQ":-186.422454777359,"ROE_AVG_SQ":-4.059118152039,"PE_TTM_SQ":-3.690181402565,"PB_TTM_SQ":0.072589772721,"ROA_SQ":-3.913744194925,"START_DATE":"2023-01-01 00:00:00","FISCAL_YEAR":"12-31","CURRENCY":"HKD","IS_CNY_CODE":0,"DPS_HKD_LY":0.12,"ORG_TYPE":"一般企业","PREMIUM_INCOME":null,"PREMIUM_INCOME_YOY":null,"NET_INTEREST_INCOME":null,"NET_INTEREST_INCOME_YOY":null,"FEE_COMMISSION_INCOME":null,"FEE_COMMISSION_INCOME_YOY":null,"ACCOUNTS_RECE_TDAYS":1.402539079368,"INVENTORY_TDAYS":null,"CURRENT_ASSETS_TDAYS":0.016479036666,"TOTAL_ASSETS_TDAYS":0.010252949222,"PREMIUM_EXPENSE":null,"LOAN_DEPOSIT":null,"LOAN_EQUITY":null,"LOAN_ASSETS":null,"DEPOSIT_EQUITY":null,"DEPOSIT_ASSETS":null,"EQUITY_MULTIPLIER":1.030196168633,"EQUITY_RATIO":0.030200058628},{"SECUCODE":"01051.HK","SECURITY_CODE":"01051","SECURITY_NAME_ABBR":"国际资源","ORG_CODE":"10009219","STD_REPORT_DATE":"2022-12-31 00:00:00","REPORT_DATE":"2022-12-31 00:00:00","DATE_TYPE_CODE":"001","REPORT_TYPE":"2022年年报","PER_NETCASH_OPERATE":0.29678960093,"PER_OI":0.17758557403,"BPS":23.763514329374,"BASIC_EPS":-1.3894377,"DILUTED_EPS":-1.3894377,"OPERATE_INCOME":80058077,"OPERATE_INCOME_YOY":-57.455869548,"GROSS_PROFIT":80058077,"GROSS_PROFIT_YOY":-80.120714090091,"HOLDER_PROFIT":-626305584.2,"HOLDER_PROFIT_YOY":-228.6914336415,"GROSS_PROFIT_RATIO":null,"EPS_TTM":-1.389276895676,"OPERATE_INCOME_QOQ":37.428082246238,"NET_PROFIT_RATIO":-332.8024411119,"ROE_AVG":-5.667493637013,"GROSS_PROFIT_QOQ":37.428082246238,"ROA":-5.464864754822,"HOLDER_PROFIT_QOQ":-62.663961844232,"ROE_YEARLY":-5.667493637013,"ROIC_YEARLY":-11.978192648477,"TOTAL_ASSETS":11145247406.6,"TOTAL_LIABILITIES":418851044,"TAX_EBT":null,"OCF_SALES":71.488110743125,"TOTAL_PARENT_EQUITY":10712926826.2,"DEBT_ASSET_RATIO":3.7581134695,"OPERATE_PROFIT":-719868020.6,"PRETAX_PROFIT":-622872036.4,"NETCASH_OPERATE":133796930.6,"NETCASH_INVEST":-418467991,"NETCASH_FINANCE":-56329684.8,"END_CASH":5949530443.8,"DIVI_RATIO":-0.078275540562,"DIVIDEND_RATE":3.833865814696,"CURRENT_RATIO":16.818001069304,"COMMON_ACS":1000000000,"CURRENTDEBT_DEBT":99.411373461922,"ISSUED_COMMON_SHARES":450814079,"HK_COMMON_SHARES":450814079,"PER_SHARES":1000,"TOTAL_MARKET_CAP":1411048067.27,"HKSK_MARKET_CAP":1411048067.27,"PE_TTM":3.42072715263,"PB_TTM":0.11496333887,"REPORT_DATE_SQ":"2021-12-31 00:00:00","REPORT_TYPE_SQ":"2021年年报","OPERATE_INCOME_SQ":402721090.5,"DPS_HKD":0.12,"OPERATE_INCOME_QOQ_SQ":-31.067699428096,"NET_PROFIT_RATIO_SQ":110.6957967229,"HOLDER_PROFIT_SQ":445521164.6,"HOLDER_PROFIT_QOQ_SQ":-33.149443054974,"ROE_AVG_SQ":4.358463304562,"PE_TTM_SQ":-3.690181402565,"PB_TTM_SQ":0.072589772721,"ROA_SQ":4.206746941096,"START_DATE":"2022-01-01 00:00:00","FISCAL_YEAR":"12-31","CURRENCY":"HKD","IS_CNY_CODE":0,"DPS_HKD_LY":0.12,"ORG_TYPE":"一般企业","PREMIUM_INCOME":null,"PREMIUM_INCOME_YOY":null,"NET_INTEREST_INCOME":null,"NET_INTEREST_INCOME_YOY":null,"FEE_COMMISSION_INCOME":null,"FEE_COMMISSION_INCOME_YOY":null,"ACCOUNTS_RECE_TDAYS":0.666145108948,"INVENTORY_TDAYS":null,"CURRENT_ASSETS_TDAYS":0.026737161849,"TOTAL_ASSETS_TDAYS":0.016330724983,"PREMIUM_EXPENSE":null,"LOAN_DEPOSIT":null,"LOAN_EQUITY":null,"LOAN_ASSETS":null,"DEPOSIT_EQUITY":null,"DEPOSIT_ASSETS":null,"EQUITY_MULTIPLIER":1.039048626383,"EQUITY_RATIO":0.039097722853},{"SECUCODE":"01051.HK","SECURITY_CODE":"01051","SECURITY_NAME_ABBR":"国际资源","ORG_CODE":"10009219","STD_REPORT_DATE":"2022-06-30 00:00:00","REPORT_DATE":"2022-06-30 00:00:00","DATE_TYPE_CODE":"002","REPORT_TYPE":"2022年中报","PER_NETCASH_OPERATE":0.184617285211,"PER_OI":0.158266781637,"BPS":23.180776190887,"BASIC_EPS":-0.96442818,"DILUTED_EPS":-0.96442818,"OPERATE_INCOME":71348893.4,"OPERATE_INCOME_YOY":-79.6742060685,"GROSS_PROFIT":71348893.4,"GROSS_PROFIT_YOY":-78.883526045732,"HOLDER_PROFIT":-434831606,"HOLDER_PROFIT_YOY":-205.7692307692,"GROSS_PROFIT_RATIO":null,"EPS_TTM":-0.854077866987,"OPERATE_INCOME_QOQ":-66.183203012557,"NET_PROFIT_RATIO":-607.5910074311,"ROE_AVG":-4.059118152039,"GROSS_PROFIT_QOQ":-66.183203012557,"ROA":-3.913744194925,"HOLDER_PROFIT_QOQ":-186.422454777359,"ROE_YEARLY":-8.118236304079,"ROIC_YEARLY":-17.171738588838,"TOTAL_ASSETS":10872937798,"TOTAL_LIABILITIES":404194065,"TAX_EBT":null,"OCF_SALES":116.649421503151,"TOTAL_PARENT_EQUITY":10450220269,"DEBT_ASSET_RATIO":3.7174319628,"OPERATE_PROFIT":-433489326,"PRETAX_PROFIT":-433509460.2,"NETCASH_OPERATE":93845506.2,"NETCASH_INVEST":-305268029,"NETCASH_FINANCE":134228,"END_CASH":5808810659.6,"DIVI_RATIO":-0.127326095434,"DIVIDEND_RATE":3.833865814696,"CURRENT_RATIO":16.442281061782,"COMMON_ACS":1000000000,"CURRENTDEBT_DEBT":99.521793275218,"ISSUED_COMMON_SHARES":450814079,"HK_COMMON_SHARES":450814079,"PER_SHARES":1000,"TOTAL_MARKET_CAP":1411048067.27,"HKSK_MARKET_CAP":1411048067.27,"PE_TTM":3.42072715263,"PB_TTM":0.11496333887,"REPORT_DATE_SQ":"2021-06-30 00:00:00","REPORT_TYPE_SQ":"2021年中报","OPERATE_INCOME_SQ":337882610.3,"DPS_HKD":0.12,"OPERATE_INCOME_QOQ_SQ":65.153689028605,"NET_PROFIT_RATIO_SQ":117.0525591266,"HOLDER_PROFIT_SQ":395719885.6,"HOLDER_PROFIT_QOQ_SQ":39.604026688197,"ROE_AVG_SQ":3.826005922389,"PE_TTM_SQ":-3.690181402565,"PB_TTM_SQ":0.072589772721,"ROA_SQ":3.696053092449,"START_DATE":"2022-01-01 00:00:00","FISCAL_YEAR":"12-31","CURRENCY":"HKD","IS_CNY_CODE":0,"DPS_HKD_LY":0.12,"ORG_TYPE":"一般企业","PREMIUM_INCOME":null,"PREMIUM_INCOME_YOY":null,"NET_INTEREST_INCOME":null,"NET_INTEREST_INCOME_YOY":null,"FEE_COMMISSION_INCOME":null,"FEE_COMMISSION_INCOME_YOY":null,"ACCOUNTS_RECE_TDAYS":0.805714502255,"INVENTORY_TDAYS":null,"CURRENT_ASSETS_TDAYS":0.010689412293,"TOTAL_ASSETS_TDAYS":0.006421826599,"PREMIUM_EXPENSE":null,"LOAN_DEPOSIT":null,"LOAN_EQUITY":null,"LOAN_ASSETS":null,"DEPOSIT_EQUITY":null,"DEPOSIT_ASSETS":null,"EQUITY_MULTIPLIER":1.038609605441,"EQUITY_RATIO":0.038678042625},{"SECUCODE":"01051.HK","SECURITY_CODE":"01051","SECURITY_NAME_ABBR":"国际资源","ORG_CODE":"10009219","STD_REPORT_DATE":"2021-12-31 00:00:00","REPORT_DATE":"2021-12-31 00:00:00","DATE_TYPE_CODE":"001","REPORT_TYPE":"2021年年报","PER_NETCASH_OPERATE":0.198435343675,"PER_OI":0.893319683789,"BPS":23.126521329872,"BASIC_EPS":0.9882335,"DILUTED_EPS":0.9882335,"OPERATE_INCOME":402721090.5,"OPERATE_INCOME_YOY":16.5083463986,"GROSS_PROFIT":402721090.5,"GROSS_PROFIT_YOY":13.844237326785,"HOLDER_PROFIT":445521164.6,"HOLDER_PROFIT_YOY":-4.4899744406,"GROSS_PROFIT_RATIO":null,"EPS_TTM":0.98825920785,"OPERATE_INCOME_QOQ":-31.067699428096,"NET_PROFIT_RATIO":110.6957967229,"ROE_AVG":4.358463304562,"GROSS_PROFIT_QOQ":-31.067699428096,"ROA":4.206746941096,"HOLDER_PROFIT_QOQ":-33.149443054974,"ROE_YEARLY":4.358463304562,"ROIC_YEARLY":9.611009790087,"TOTAL_ASSETS":10780199328.2,"TOTAL_LIABILITIES":338160752.3,"TAX_EBT":-0.005721069268,"OCF_SALES":22.213251009262,"TOTAL_PARENT_EQUITY":10425761413.8,"DEBT_ASSET_RATIO":3.1368691988,"OPERATE_PROFIT":445808071.1,"PRETAX_PROFIT":445769816.9,"NETCASH_OPERATE":113194177.8,"NETCASH_INVEST":-503909825.2,"NETCASH_FINANCE":15199668.8,"END_CASH":5743517466.5,"DIVI_RATIO":0.110038337246,"DIVIDEND_RATE":3.833865814696,"CURRENT_RATIO":19.034405583795,"COMMON_ACS":1000000000,"CURRENTDEBT_DEBT":99.406097400026,"ISSUED_COMMON_SHARES":450814079,"HK_COMMON_SHARES":450814079,"PER_SHARES":1000,"TOTAL_MARKET_CAP":1411048067.27,"HKSK_MARKET_CAP":1411048067.27,"PE_TTM":3.42072715263,"PB_TTM":0.11496333887,"REPORT_DATE_SQ":"2020-12-31 00:00:00","REPORT_TYPE_SQ":"2020年年报","OPERATE_INCOME_SQ":353747453.5,"DPS_HKD":0.12,"OPERATE_INCOME_QOQ_SQ":71.411642730945,"NET_PROFIT_RATIO_SQ":134.9497371576,"HOLDER_PROFIT_SQ":477381258.7,"HOLDER_PROFIT_QOQ_SQ":54.970127750878,"ROE_AVG_SQ":4.774124211537,"PE_TTM_SQ":-3.690181402565,"PB_TTM_SQ":0.072589772721,"ROA_SQ":4.59743029517,"START_DATE":"2021-01-01 00:00:00","FISCAL_YEAR":"12-31","CURRENCY":"HKD","IS_CNY_CODE":0,"DPS_HKD_LY":null,"ORG_TYPE":"一般企业","PREMIUM_INCOME":null,"PREMIUM_INCOME_YOY":null,"NET_INTEREST_INCOME":null,"NET_INTEREST_INCOME_YOY":null,"FEE_COMMISSION_INCOME":null,"FEE_COMMISSION_INCOME_YOY":null,"ACCOUNTS_RECE_TDAYS":2.857627578719,"INVENTORY_TDAYS":null,"CURRENT_ASSETS_TDAYS":0.059950940171,"TOTAL_ASSETS_TDAYS":0.038026155662,"PREMIUM_EXPENSE":null,"LOAN_DEPOSIT":null,"LOAN_EQUITY":null,"LOAN_ASSETS":null,"DEPOSIT_EQUITY":null,"DEPOSIT_ASSETS":null,"EQUITY_MULTIPLIER":1.032384553058,"EQUITY_RATIO":0.032435113262},{"SECUCODE":"01051.HK","SECURITY_CODE":"01051","SECURITY_NAME_ABBR":"国际资源","ORG_CODE":"10009219","STD_REPORT_DATE":"2021-06-30 00:00:00","REPORT_DATE":"2021-06-30 00:00:00","DATE_TYPE_CODE":"002","REPORT_TYPE":"2021年中报","PER_NETCASH_OPERATE":-3.346235891404,"PER_OI":0.74949436151,"BPS":23.368796558148,"BASIC_EPS":0.87792759,"DILUTED_EPS":0.87792759,"OPERATE_INCOME":337882610.3,"OPERATE_INCOME_YOY":244.756443214,"GROSS_PROFIT":337882610.3,"GROSS_PROFIT_YOY":214.592993686974,"HOLDER_PROFIT":395719885.6,"HOLDER_PROFIT_YOY":109.8455003254,"GROSS_PROFIT_RATIO":null,"EPS_TTM":1.478311106162,"OPERATE_INCOME_QOQ":65.153689028605,"NET_PROFIT_RATIO":117.0525591266,"ROE_AVG":3.826005922389,"GROSS_PROFIT_QOQ":65.153689028605,"ROA":3.696053092449,"HOLDER_PROFIT_QOQ":39.604026688197,"ROE_YEARLY":7.652011844779,"ROIC_YEARLY":14.373455004933,"TOTAL_ASSETS":10874350931,"TOTAL_LIABILITIES":325098072.4,"TAX_EBT":0.0032666928,"OCF_SALES":-446.465785901382,"TOTAL_PARENT_EQUITY":10534982497.7,"DEBT_ASSET_RATIO":2.9895859943,"OPERATE_PROFIT":395526082.6,"PRETAX_PROFIT":395513162.4,"NETCASH_OPERATE":-1508530251.5,"NETCASH_INVEST":-570904877.4,"NETCASH_FINANCE":11460217.4,"END_CASH":4154483849.9,"DIVI_RATIO":0.073561241302,"DIVIDEND_RATE":3.833865814696,"CURRENT_RATIO":21.575025981294,"COMMON_ACS":1000000000,"CURRENTDEBT_DEBT":99.427708449249,"ISSUED_COMMON_SHARES":450814079,"HK_COMMON_SHARES":450814079,"PER_SHARES":1000,"TOTAL_MARKET_CAP":1411048067.27,"HKSK_MARKET_CAP":1411048067.27,"PE_TTM":3.42072715263,"PB_TTM":0.11496333887,"REPORT_DATE_SQ":"2020-06-30 00:00:00","REPORT_TYPE_SQ":"2020年中报","OPERATE_INCOME_SQ":107403094.5,"DPS_HKD":0.12,"OPERATE_INCOME_QOQ_SQ":9.120052125163,"NET_PROFIT_RATIO_SQ":192.4131566805,"HOLDER_PROFIT_SQ":206657684.5,"HOLDER_PROFIT_QOQ_SQ":1.356303709025,"ROE_AVG_SQ":1.932378342614,"PE_TTM_SQ":-3.690181402565,"PB_TTM_SQ":0.072589772721,"ROA_SQ":1.854891927176,"START_DATE":"2021-01-01 00:00:00","FISCAL_YEAR":"12-31","CURRENCY":"HKD","IS_CNY_CODE":0,"DPS_HKD_LY":null,"ORG_TYPE":"一般企业","PREMIUM_INCOME":null,"PREMIUM_INCOME_YOY":null,"NET_INTEREST_INCOME":null,"NET_INTEREST_INCOME_YOY":null,"FEE_COMMISSION_INCOME":null,"FEE_COMMISSION_INCOME_YOY":null,"ACCOUNTS_RECE_TDAYS":0.362779438591,"INVENTORY_TDAYS":null,"CURRENT_ASSETS_TDAYS":0.04791448808,"TOTAL_ASSETS_TDAYS":0.031558486498,"PREMIUM_EXPENSE":null,"LOAN_DEPOSIT":null,"LOAN_EQUITY":null,"LOAN_ASSETS":null,"DEPOSIT_EQUITY":null,"DEPOSIT_ASSETS":null,"EQUITY_MULTIPLIER":1.03081716561,"EQUITY_RATIO":0.030858909587},{"SECUCODE":"01051.HK","SECURITY_CODE":"01051","SECURITY_NAME_ABBR":"国际资源","ORG_CODE":"10009219","STD_REPORT_DATE":"2020-12-31 00:00:00","REPORT_DATE":"2020-12-31 00:00:00","DATE_TYPE_CODE":"001","REPORT_TYPE":"2020年年报","PER_NETCASH_OPERATE":0.004182627465,"PER_OI":0.013078098392,"BPS":22.74248869255,"BASIC_EPS":1.05899127,"DILUTED_EPS":1.05899127,"OPERATE_INCOME":353747453.5,"OPERATE_INCOME_YOY":99.9815566212,"GROSS_PROFIT":353747453.5,"GROSS_PROFIT_YOY":87.044473896604,"HOLDER_PROFIT":477381258.7,"HOLDER_PROFIT_YOY":67.9360051416,"GROSS_PROFIT_RATIO":null,"EPS_TTM":0.017648859405,"OPERATE_INCOME_QOQ":71.411642730945,"NET_PROFIT_RATIO":134.9497371576,"ROE_AVG":4.774124211537,"GROSS_PROFIT_QOQ":71.411642730945,"ROA":4.59743029517,"HOLDER_PROFIT_QOQ":54.970127750878,"ROE_YEARLY":4.774124211537,"ROIC_YEARLY":11.452951448271,"TOTAL_ASSETS":10644467388.9,"TOTAL_LIABILITIES":391833294.8,"TAX_EBT":0.005466945481,"OCF_SALES":31.981923821821,"TOTAL_PARENT_EQUITY":10252634094.1,"DEBT_ASSET_RATIO":3.6810981751,"OPERATE_PROFIT":479795471.7,"PRETAX_PROFIT":477407358.3,"NETCASH_OPERATE":113135241.1,"NETCASH_INVEST":23169919.9,"NETCASH_FINANCE":-3699618.3,"END_CASH":6294342658.5,"DIVI_RATIO":6.161667306853,"DIVIDEND_RATE":3.833865814696,"CURRENT_RATIO":18.466852954956,"COMMON_ACS":1000000000,"CURRENTDEBT_DEBT":99.520415639779,"ISSUED_COMMON_SHARES":450814079,"HK_COMMON_SHARES":450814079,"PER_SHARES":1000,"TOTAL_MARKET_CAP":1411048067.27,"HKSK_MARKET_CAP":1411048067.27,"PE_TTM":3.42072715263,"PB_TTM":0.11496333887,"REPORT_DATE_SQ":"2019-12-31 00:00:00","REPORT_TYPE_SQ":"2019年年报","OPERATE_INCOME_SQ":189124782,"DPS_HKD":0.12,"OPERATE_INCOME_QOQ_SQ":-21.480493725213,"NET_PROFIT_RATIO_SQ":160.4500184434,"HOLDER_PROFIT_SQ":303925129.2,"HOLDER_PROFIT_QOQ_SQ":-0.966300421025,"ROE_AVG_SQ":2.969123932607,"PE_TTM_SQ":-3.690181402565,"PB_TTM_SQ":0.072589772721,"ROA_SQ":2.852134632853,"START_DATE":"2020-01-01 00:00:00","FISCAL_YEAR":"12-31","CURRENCY":"HKD","IS_CNY_CODE":0,"DPS_HKD_LY":null,"ORG_TYPE":"一般企业","PREMIUM_INCOME":null,"PREMIUM_INCOME_YOY":null,"NET_INTEREST_INCOME":null,"NET_INTEREST_INCOME_YOY":null,"FEE_COMMISSION_INCOME":null,"FEE_COMMISSION_INCOME_YOY":null,"ACCOUNTS_RECE_TDAYS":2.936333847862,"INVENTORY_TDAYS":null,"CURRENT_ASSETS_TDAYS":0.050469741428,"TOTAL_ASSETS_TDAYS":0.034067723228,"PREMIUM_EXPENSE":null,"LOAN_DEPOSIT":null,"LOAN_EQUITY":null,"LOAN_ASSETS":null,"DEPOSIT_EQUITY":null,"DEPOSIT_ASSETS":null,"EQUITY_MULTIPLIER":1.03821781712,"EQUITY_RATIO":0.038217817119},{"SECUCODE":"01051.HK","SECURITY_CODE":"01051","SECURITY_NAME_ABBR":"国际资源","ORG_CODE":"10009219","STD_REPORT_DATE":"2020-06-30 00:00:00","REPORT_DATE":"2020-06-30 00:00:00","DATE_TYPE_CODE":"002","REPORT_TYPE":"2020年中报","PER_NETCASH_OPERATE":-0.008137977619,"PER_OI":0.003970709113,"BPS":23.988814977759,"BASIC_EPS":0.4587516,"DILUTED_EPS":0.4587516,"OPERATE_INCOME":107403094.5,"OPERATE_INCOME_YOY":15.6855269178,"GROSS_PROFIT":107403094.5,"GROSS_PROFIT_YOY":19.131843980763,"HOLDER_PROFIT":206657684.5,"HOLDER_PROFIT_YOY":-0.9164658362,"GROSS_PROFIT_RATIO":null,"EPS_TTM":0.011388555757,"OPERATE_INCOME_QOQ":9.120052125163,"NET_PROFIT_RATIO":192.4131566805,"ROE_AVG":1.932378342614,"GROSS_PROFIT_QOQ":9.120052125163,"ROA":1.854891927176,"HOLDER_PROFIT_QOQ":1.356303709025,"ROE_YEARLY":3.864756685227,"ROIC_YEARLY":9.077678507568,"TOTAL_ASSETS":11299193498,"TOTAL_LIABILITIES":484697967.5,"TAX_EBT":null,"OCF_SALES":-204.950233999077,"TOTAL_PARENT_EQUITY":10814495530.5,"DEBT_ASSET_RATIO":4.2896687059,"OPERATE_PROFIT":206728479.5,"PRETAX_PROFIT":206657684.5,"NETCASH_OPERATE":-220122893.5,"NETCASH_INVEST":52423697.5,"NETCASH_FINANCE":-1026527.5,"END_CASH":6518088570.5,"DIVI_RATIO":9.548743697015,"DIVIDEND_RATE":3.833865814696,"CURRENT_RATIO":16.019289727303,"COMMON_ACS":1000000000,"CURRENTDEBT_DEBT":99.570583509823,"ISSUED_COMMON_SHARES":450814079,"HK_COMMON_SHARES":450814079,"PER_SHARES":1000,"TOTAL_MARKET_CAP":1411048067.27,"HKSK_MARKET_CAP":1411048067.27,"PE_TTM":3.42072715263,"PB_TTM":0.11496333887,"REPORT_DATE_SQ":"2019-06-30 00:00:00","REPORT_TYPE_SQ":"2019年中报","OPERATE_INCOME_SQ":90154815.8,"DPS_HKD":0.12,"OPERATE_INCOME_QOQ_SQ":2.398148609398,"NET_PROFIT_RATIO_SQ":224.1421381729,"HOLDER_PROFIT_SQ":202535536.7,"HOLDER_PROFIT_QOQ_SQ":-7.244891525879,"ROE_AVG_SQ":2.019488153218,"PE_TTM_SQ":-3.690181402565,"PB_TTM_SQ":0.072589772721,"ROA_SQ":1.944077018734,"START_DATE":"2020-01-01 00:00:00","FISCAL_YEAR":"12-31","CURRENCY":"HKD","IS_CNY_CODE":0,"DPS_HKD_LY":null,"ORG_TYPE":"一般企业","PREMIUM_INCOME":null,"PREMIUM_INCOME_YOY":null,"NET_INTEREST_INCOME":null,"NET_INTEREST_INCOME_YOY":null,"FEE_COMMISSION_INCOME":null,"FEE_COMMISSION_INCOME_YOY":null,"ACCOUNTS_RECE_TDAYS":0.536608658744,"INVENTORY_TDAYS":null,"CURRENT_ASSETS_TDAYS":0.014199644892,"TOTAL_ASSETS_TDAYS":0.00964015122,"PREMIUM_EXPENSE":null,"LOAN_DEPOSIT":null,"LOAN_EQUITY":null,"LOAN_ASSETS":null,"DEPOSIT_EQUITY":null,"DEPOSIT_ASSETS":null,"EQUITY_MULTIPLIER":1.044819285942,"EQUITY_RATIO":0.044819285942}],"count":49},"success":true,"message":"ok","code":0}