{"version":"5a8698a4dc3841e9e558d8104d14001f","result":{"pages":9,"data":[{"SECUCODE":"01053.HK","SECURITY_CODE":"01053","SECURITY_NAME_ABBR":"重庆钢铁股份","ORG_CODE":"10015888","STD_REPORT_DATE":"2024-09-30 00:00:00","REPORT_DATE":"2024-09-30 00:00:00","DATE_TYPE_CODE":"004","REPORT_TYPE":"2024年三季报","PER_NETCASH_OPERATE":0.122240815083,"PER_OI":2.309562213544,"BPS":2.08480074551,"BASIC_EPS":-0.15,"DILUTED_EPS":-0.15,"OPERATE_INCOME":20598066793.49,"OPERATE_INCOME_YOY":-31.3690827687,"GROSS_PROFIT":-1081105650.32,"GROSS_PROFIT_YOY":-831.96679820006,"HOLDER_PROFIT":-1349750756.89,"HOLDER_PROFIT_YOY":-127.8743407537,"GROSS_PROFIT_RATIO":-5.248578233865,"EPS_TTM":-0.252488584106,"OPERATE_INCOME_QOQ":-10.493867757061,"NET_PROFIT_RATIO":-6.5528030879,"ROE_AVG":-7.04674390959,"GROSS_PROFIT_QOQ":-60.752809170049,"ROA":-3.684242625764,"HOLDER_PROFIT_QOQ":-28.758594713117,"ROE_YEARLY":-9.39565854612,"ROIC_YEARLY":-3.924086634016,"TOTAL_ASSETS":35914510869.26,"TOTAL_LIABILITIES":17460347168.74,"TAX_EBT":15.19862477705,"OCF_SALES":5.292813259857,"TOTAL_PARENT_EQUITY":18454163700.52,"DEBT_ASSET_RATIO":48.6164136616,"OPERATE_PROFIT":-1437994321.69,"PRETAX_PROFIT":-1591661400.94,"NETCASH_OPERATE":1090217210.52,"NETCASH_INVEST":-567622302.77,"NETCASH_FINANCE":95919821.38,"END_CASH":2419074633.71,"DIVI_RATIO":null,"DIVIDEND_RATE":null,"CURRENT_RATIO":0.318134268818,"COMMON_ACS":null,"CURRENTDEBT_DEBT":92.580445528315,"ISSUED_COMMON_SHARES":8851763767,"HK_COMMON_SHARES":538127200,"PER_SHARES":2000,"TOTAL_MARKET_CAP":7701034477.29,"HKSK_MARKET_CAP":468170664,"PE_TTM":-3.080018308326,"PB_TTM":0.376322438338,"REPORT_DATE_SQ":"2023-09-30 00:00:00","REPORT_TYPE_SQ":"2023年三季报","OPERATE_INCOME_SQ":30012810005.27,"DPS_HKD":null,"OPERATE_INCOME_QOQ_SQ":3.459979106033,"NET_PROFIT_RATIO_SQ":-1.9735652767,"HOLDER_PROFIT_SQ":-592322396.82,"HOLDER_PROFIT_QOQ_SQ":31.97817341018,"ROE_AVG_SQ":-2.814226811134,"PE_TTM_SQ":-4.199193703941,"PB_TTM_SQ":0.276046848386,"ROA_SQ":-1.493398699634,"START_DATE":"2024-01-01 00:00:00","FISCAL_YEAR":"12-31","CURRENCY":"HKD","IS_CNY_CODE":0,"DPS_HKD_LY":null,"ORG_TYPE":"一般企业","PREMIUM_INCOME":null,"PREMIUM_INCOME_YOY":null,"NET_INTEREST_INCOME":null,"NET_INTEREST_INCOME_YOY":null,"FEE_COMMISSION_INCOME":null,"FEE_COMMISSION_INCOME_YOY":null,"ACCOUNTS_RECE_TDAYS":37.918879284429,"INVENTORY_TDAYS":10.048563256323,"CURRENT_ASSETS_TDAYS":3.680005262174,"TOTAL_ASSETS_TDAYS":0.562239178615,"PREMIUM_EXPENSE":null,"LOAN_DEPOSIT":null,"LOAN_EQUITY":null,"LOAN_ASSETS":null,"DEPOSIT_EQUITY":null,"DEPOSIT_ASSETS":null,"EQUITY_MULTIPLIER":1.946146758644,"EQUITY_RATIO":0.946146758644},{"SECUCODE":"01053.HK","SECURITY_CODE":"01053","SECURITY_NAME_ABBR":"重庆钢铁股份","ORG_CODE":"10015888","STD_REPORT_DATE":"2024-06-30 00:00:00","REPORT_DATE":"2024-06-30 00:00:00","DATE_TYPE_CODE":"002","REPORT_TYPE":"2024年中报","PER_NETCASH_OPERATE":0.092250965313,"PER_OI":1.69152281305,"BPS":2.158155154856,"BASIC_EPS":-0.08,"DILUTED_EPS":-0.08,"OPERATE_INCOME":15086019195.15,"OPERATE_INCOME_YOY":-28.1441281797,"GROSS_PROFIT":-475132293.78,"GROSS_PROFIT_YOY":-256.246207967756,"HOLDER_PROFIT":-689212586.56,"HOLDER_PROFIT_YOY":-58.5343560928,"GROSS_PROFIT_RATIO":-3.149487533018,"EPS_TTM":-0.196094547839,"OPERATE_INCOME_QOQ":-8.67818164868,"NET_PROFIT_RATIO":-4.568551701,"ROE_AVG":-3.538251132372,"GROSS_PROFIT_QOQ":-14.269454950215,"ROA":-1.866441234592,"HOLDER_PROFIT_QOQ":-1.518873005546,"ROE_YEARLY":-7.076502264745,"ROIC_YEARLY":-3.948195518397,"TOTAL_ASSETS":36496090054,"TOTAL_LIABILITIES":17392610450.68,"TAX_EBT":15.217985345746,"OCF_SALES":5.453722799415,"TOTAL_PARENT_EQUITY":19103479603.32,"DEBT_ASSET_RATIO":47.6560925429,"OPERATE_PROFIT":-697927066.69,"PRETAX_PROFIT":-812923105.65,"NETCASH_OPERATE":822749668.37,"NETCASH_INVEST":-408576530.79,"NETCASH_FINANCE":-315087563.85,"END_CASH":1904448237.37,"DIVI_RATIO":null,"DIVIDEND_RATE":null,"CURRENT_RATIO":0.397158969081,"COMMON_ACS":null,"CURRENTDEBT_DEBT":80.163808886175,"ISSUED_COMMON_SHARES":8851763767,"HK_COMMON_SHARES":538127200,"PER_SHARES":2000,"TOTAL_MARKET_CAP":7701034477.29,"HKSK_MARKET_CAP":468170664,"PE_TTM":-3.080018308326,"PB_TTM":0.376322438338,"REPORT_DATE_SQ":"2023-06-30 00:00:00","REPORT_TYPE_SQ":"2023年中报","OPERATE_INCOME_SQ":20994831477.22,"DPS_HKD":null,"OPERATE_INCOME_QOQ_SQ":3.207003808641,"NET_PROFIT_RATIO_SQ":-2.0707010993,"HOLDER_PROFIT_SQ":-434740206.19,"HOLDER_PROFIT_QOQ_SQ":-25.685044508281,"ROE_AVG_SQ":-2.057893890749,"PE_TTM_SQ":-4.139205222456,"PB_TTM_SQ":0.27210332198,"ROA_SQ":-1.124577702557,"START_DATE":"2024-01-01 00:00:00","FISCAL_YEAR":"12-31","CURRENCY":"HKD","IS_CNY_CODE":0,"DPS_HKD_LY":null,"ORG_TYPE":"一般企业","PREMIUM_INCOME":null,"PREMIUM_INCOME_YOY":null,"NET_INTEREST_INCOME":null,"NET_INTEREST_INCOME_YOY":null,"FEE_COMMISSION_INCOME":null,"FEE_COMMISSION_INCOME_YOY":null,"ACCOUNTS_RECE_TDAYS":26.169682120088,"INVENTORY_TDAYS":6.293671621265,"CURRENT_ASSETS_TDAYS":2.6034150679,"TOTAL_ASSETS_TDAYS":0.408541121285,"PREMIUM_EXPENSE":null,"LOAN_DEPOSIT":null,"LOAN_EQUITY":null,"LOAN_ASSETS":null,"DEPOSIT_EQUITY":null,"DEPOSIT_ASSETS":null,"EQUITY_MULTIPLIER":1.910442014325,"EQUITY_RATIO":0.910442014326},{"SECUCODE":"01053.HK","SECURITY_CODE":"01053","SECURITY_NAME_ABBR":"重庆钢铁股份","ORG_CODE":"10015888","STD_REPORT_DATE":"2024-03-31 00:00:00","REPORT_DATE":"2024-03-31 00:00:00","DATE_TYPE_CODE":"003","REPORT_TYPE":"2024年一季报","PER_NETCASH_OPERATE":-0.093388314166,"PER_OI":0.867449560808,"BPS":2.205841590867,"BASIC_EPS":-0.04,"DILUTED_EPS":-0.04,"OPERATE_INCOME":7736437619.53,"OPERATE_INCOME_YOY":-26.1114102054,"GROSS_PROFIT":-162198941.01,"GROSS_PROFIT_YOY":-415.345359654493,"HOLDER_PROFIT":-333758307.26,"HOLDER_PROFIT_YOY":-216.5028682381,"GROSS_PROFIT_RATIO":-2.09655850647,"EPS_TTM":-0.193160682377,"OPERATE_INCOME_QOQ":-6.95346039792,"NET_PROFIT_RATIO":-4.3141084266,"ROE_AVG":-1.695068504282,"GROSS_PROFIT_QOQ":-31.220730412564,"ROA":-0.894902327316,"HOLDER_PROFIT_QOQ":-15.277289853626,"ROE_YEARLY":-6.78027401713,"ROIC_YEARLY":-3.723300542062,"TOTAL_ASSETS":37233967502.1,"TOTAL_LIABILITIES":17708378832.32,"TAX_EBT":-0.027440172089,"OCF_SALES":-10.765849495476,"TOTAL_PARENT_EQUITY":19525588669.78,"DEBT_ASSET_RATIO":47.559741871,"OPERATE_PROFIT":-276053507.97,"PRETAX_PROFIT":-333666748.53,"NETCASH_OPERATE":-832893230.43,"NETCASH_INVEST":-182586351.65,"NETCASH_FINANCE":-26991635.16,"END_CASH":773365182.88,"DIVI_RATIO":null,"DIVIDEND_RATE":null,"CURRENT_RATIO":0.42139232603,"COMMON_ACS":null,"CURRENTDEBT_DEBT":81.029442195416,"ISSUED_COMMON_SHARES":8851763767,"HK_COMMON_SHARES":538127200,"PER_SHARES":2000,"TOTAL_MARKET_CAP":7701034477.29,"HKSK_MARKET_CAP":468170664,"PE_TTM":-3.080018308326,"PB_TTM":0.376322438338,"REPORT_DATE_SQ":"2023-03-31 00:00:00","REPORT_TYPE_SQ":"2023年一季报","OPERATE_INCOME_SQ":10470409086.22,"DPS_HKD":null,"OPERATE_INCOME_QOQ_SQ":4.786460647436,"NET_PROFIT_RATIO_SQ":-1.0071421774,"HOLDER_PROFIT_SQ":-105451906.05,"HOLDER_PROFIT_QOQ_SQ":-53.80085743132,"ROE_AVG_SQ":-0.495301133208,"PE_TTM_SQ":-4.139205222456,"PB_TTM_SQ":0.27210332198,"ROA_SQ":-0.269335545972,"START_DATE":"2024-01-01 00:00:00","FISCAL_YEAR":"12-31","CURRENCY":"HKD","IS_CNY_CODE":0,"DPS_HKD_LY":null,"ORG_TYPE":"一般企业","PREMIUM_INCOME":null,"PREMIUM_INCOME_YOY":null,"NET_INTEREST_INCOME":null,"NET_INTEREST_INCOME_YOY":null,"FEE_COMMISSION_INCOME":null,"FEE_COMMISSION_INCOME_YOY":null,"ACCOUNTS_RECE_TDAYS":11.607143874091,"INVENTORY_TDAYS":null,"CURRENT_ASSETS_TDAYS":1.278903695548,"TOTAL_ASSETS_TDAYS":0.207436215976,"PREMIUM_EXPENSE":null,"LOAN_DEPOSIT":null,"LOAN_EQUITY":null,"LOAN_ASSETS":null,"DEPOSIT_EQUITY":null,"DEPOSIT_ASSETS":null,"EQUITY_MULTIPLIER":1.906931879588,"EQUITY_RATIO":0.906931879587},{"SECUCODE":"01053.HK","SECURITY_CODE":"01053","SECURITY_NAME_ABBR":"重庆钢铁股份","ORG_CODE":"10015888","STD_REPORT_DATE":"2023-12-31 00:00:00","REPORT_DATE":"2023-12-31 00:00:00","DATE_TYPE_CODE":"001","REPORT_TYPE":"2023年年报","PER_NETCASH_OPERATE":0.114596269753,"PER_OI":4.4085543121,"BPS":2.242980209886,"BASIC_EPS":-0.17,"DILUTED_EPS":-0.17,"OPERATE_INCOME":39318142482.09,"OPERATE_INCOME_YOY":7.5396494121,"GROSS_PROFIT":-684270588.25,"GROSS_PROFIT_YOY":-2117.47894809894,"HOLDER_PROFIT":-1494416898.53,"HOLDER_PROFIT_YOY":-46.5963493633,"GROSS_PROFIT_RATIO":-1.740343121656,"EPS_TTM":-0.16756178309,"OPERATE_INCOME_QOQ":-3.887054235338,"NET_PROFIT_RATIO":-3.8008329087,"ROE_AVG":-7.255111557083,"GROSS_PROFIT_QOQ":4.007030678056,"ROA":-3.89567558404,"HOLDER_PROFIT_QOQ":-11.489124637111,"ROE_YEARLY":-7.255111557083,"ROIC_YEARLY":-4.222067621475,"TOTAL_ASSETS":37357034682.66,"TOTAL_LIABILITIES":17502703730.69,"TAX_EBT":14.323663383566,"OCF_SALES":2.599407008293,"TOTAL_PARENT_EQUITY":19854330951.97,"DEBT_ASSET_RATIO":46.852497473,"OPERATE_PROFIT":-1501979649.07,"PRETAX_PROFIT":-1744258633.77,"NETCASH_OPERATE":1022038551.21,"NETCASH_INVEST":-801074611.85,"NETCASH_FINANCE":-2327132295.48,"END_CASH":1831764477.16,"DIVI_RATIO":null,"DIVIDEND_RATE":null,"CURRENT_RATIO":0.436538434485,"COMMON_ACS":null,"CURRENTDEBT_DEBT":79.20824304008,"ISSUED_COMMON_SHARES":8851763767,"HK_COMMON_SHARES":538127200,"PER_SHARES":2000,"TOTAL_MARKET_CAP":7701034477.29,"HKSK_MARKET_CAP":468170664,"PE_TTM":-3.080018308326,"PB_TTM":0.376322438338,"REPORT_DATE_SQ":"2022-12-31 00:00:00","REPORT_TYPE_SQ":"2022年年报","OPERATE_INCOME_SQ":36561531209.23,"DPS_HKD":null,"OPERATE_INCOME_QOQ_SQ":8.326380141258,"NET_PROFIT_RATIO_SQ":-2.7882020272,"HOLDER_PROFIT_SQ":-1019409354.34,"HOLDER_PROFIT_QOQ_SQ":-16.285309827809,"ROE_AVG_SQ":-4.663661093044,"PE_TTM_SQ":-4.139205222456,"PB_TTM_SQ":0.27210332198,"ROA_SQ":-2.475473511563,"START_DATE":"2023-01-01 00:00:00","FISCAL_YEAR":"12-31","CURRENCY":"HKD","IS_CNY_CODE":0,"DPS_HKD_LY":null,"ORG_TYPE":"一般企业","PREMIUM_INCOME":null,"PREMIUM_INCOME_YOY":null,"NET_INTEREST_INCOME":null,"NET_INTEREST_INCOME_YOY":null,"FEE_COMMISSION_INCOME":null,"FEE_COMMISSION_INCOME_YOY":null,"ACCOUNTS_RECE_TDAYS":52.374088099425,"INVENTORY_TDAYS":15.343015302332,"CURRENT_ASSETS_TDAYS":5.398541317539,"TOTAL_ASSETS_TDAYS":1.024953129397,"PREMIUM_EXPENSE":null,"LOAN_DEPOSIT":null,"LOAN_EQUITY":null,"LOAN_ASSETS":null,"DEPOSIT_EQUITY":null,"DEPOSIT_ASSETS":null,"EQUITY_MULTIPLIER":1.881555957389,"EQUITY_RATIO":0.881555957389},{"SECUCODE":"01053.HK","SECURITY_CODE":"01053","SECURITY_NAME_ABBR":"重庆钢铁股份","ORG_CODE":"10015888","STD_REPORT_DATE":"2023-09-30 00:00:00","REPORT_DATE":"2023-09-30 00:00:00","DATE_TYPE_CODE":"004","REPORT_TYPE":"2023年三季报","PER_NETCASH_OPERATE":0.05444347069,"PER_OI":3.365192112706,"BPS":2.344497812249,"BASIC_EPS":-0.07,"DILUTED_EPS":-0.07,"OPERATE_INCOME":30012810005.27,"OPERATE_INCOME_YOY":16.9357346838,"GROSS_PROFIT":-116002592.84,"GROSS_PROFIT_YOY":-120.496119793613,"HOLDER_PROFIT":-592322396.82,"HOLDER_PROFIT_YOY":-118.3139424647,"GROSS_PROFIT_RATIO":-0.386510269514,"EPS_TTM":-0.150294285326,"OPERATE_INCOME_QOQ":3.459979106033,"NET_PROFIT_RATIO":-1.9735652767,"ROE_AVG":-2.814226811134,"GROSS_PROFIT_QOQ":48.617047351332,"ROA":-1.493398699634,"HOLDER_PROFIT_QOQ":31.97817341018,"ROE_YEARLY":-3.752302414846,"ROIC_YEARLY":-1.632649368731,"TOTAL_ASSETS":39960619789.89,"TOTAL_LIABILITIES":19207679003.61,"TAX_EBT":15.129448961537,"OCF_SALES":1.617841385178,"TOTAL_PARENT_EQUITY":20752940786.28,"DEBT_ASSET_RATIO":48.0665192497,"OPERATE_PROFIT":-521531500.28,"PRETAX_PROFIT":-697912750.15,"NETCASH_OPERATE":485559661.12,"NETCASH_INVEST":-550172264.54,"NETCASH_FINANCE":-1166508587.31,"END_CASH":2706075242.17,"DIVI_RATIO":null,"DIVIDEND_RATE":null,"CURRENT_RATIO":0.678439750248,"COMMON_ACS":null,"CURRENTDEBT_DEBT":69.051783259483,"ISSUED_COMMON_SHARES":8851763767,"HK_COMMON_SHARES":538127200,"PER_SHARES":2000,"TOTAL_MARKET_CAP":7701034477.29,"HKSK_MARKET_CAP":468170664,"PE_TTM":-3.080018308326,"PB_TTM":0.376322438338,"REPORT_DATE_SQ":"2022-09-30 00:00:00","REPORT_TYPE_SQ":"2022年三季报","OPERATE_INCOME_SQ":25666072126.21,"DPS_HKD":null,"OPERATE_INCOME_QOQ_SQ":-4.103867366583,"NET_PROFIT_RATIO_SQ":-1.0571037126,"HOLDER_PROFIT_SQ":-271316797.33,"HOLDER_PROFIT_QOQ_SQ":-1034.90849756847,"ROE_AVG_SQ":-1.220058838711,"PE_TTM_SQ":-4.139205222456,"PB_TTM_SQ":0.27210332198,"ROA_SQ":-0.656609664798,"START_DATE":"2023-01-01 00:00:00","FISCAL_YEAR":"12-31","CURRENCY":"HKD","IS_CNY_CODE":0,"DPS_HKD_LY":null,"ORG_TYPE":"一般企业","PREMIUM_INCOME":null,"PREMIUM_INCOME_YOY":null,"NET_INTEREST_INCOME":null,"NET_INTEREST_INCOME_YOY":null,"FEE_COMMISSION_INCOME":null,"FEE_COMMISSION_INCOME_YOY":null,"ACCOUNTS_RECE_TDAYS":16.684380859563,"INVENTORY_TDAYS":11.432206655323,"CURRENT_ASSETS_TDAYS":3.427580312617,"TOTAL_ASSETS_TDAYS":0.756700939807,"PREMIUM_EXPENSE":null,"LOAN_DEPOSIT":null,"LOAN_EQUITY":null,"LOAN_ASSETS":null,"DEPOSIT_EQUITY":null,"DEPOSIT_ASSETS":null,"EQUITY_MULTIPLIER":1.925540105444,"EQUITY_RATIO":0.925540105444},{"SECUCODE":"01053.HK","SECURITY_CODE":"01053","SECURITY_NAME_ABBR":"重庆钢铁股份","ORG_CODE":"10015888","STD_REPORT_DATE":"2023-06-30 00:00:00","REPORT_DATE":"2023-06-30 00:00:00","DATE_TYPE_CODE":"002","REPORT_TYPE":"2023年中报","PER_NETCASH_OPERATE":0.046478208315,"PER_OI":2.354049530261,"BPS":2.362135564367,"BASIC_EPS":-0.05,"DILUTED_EPS":-0.05,"OPERATE_INCOME":20994831477.22,"OPERATE_INCOME_YOY":16.533229399,"GROSS_PROFIT":-133371888.08,"GROSS_PROFIT_YOY":-110.904709236332,"HOLDER_PROFIT":-434740206.19,"HOLDER_PROFIT_YOY":-184.1840449794,"GROSS_PROFIT_RATIO":-0.63526057937,"EPS_TTM":-0.220950087437,"OPERATE_INCOME_QOQ":3.207003808641,"NET_PROFIT_RATIO":-2.0707010993,"ROE_AVG":-2.057893890749,"GROSS_PROFIT_QOQ":-89.83605621068,"ROA":-1.124577702557,"HOLDER_PROFIT_QOQ":-25.685044508281,"ROE_YEARLY":-4.115787781498,"ROIC_YEARLY":-2.476029593098,"TOTAL_ASSETS":37951369960.61,"TOTAL_LIABILITIES":17042303959.2,"TAX_EBT":15.597238443006,"OCF_SALES":1.974393814448,"TOTAL_PARENT_EQUITY":20909066001.41,"DEBT_ASSET_RATIO":44.9056357567,"OPERATE_PROFIT":-397204666.15,"PRETAX_PROFIT":-515078177.74,"NETCASH_OPERATE":414520654.04,"NETCASH_INVEST":-340443005.21,"NETCASH_FINANCE":-1081155780.23,"END_CASH":2941957920.75,"DIVI_RATIO":null,"DIVIDEND_RATE":null,"CURRENT_RATIO":0.601797010585,"COMMON_ACS":null,"CURRENTDEBT_DEBT":67.904141426446,"ISSUED_COMMON_SHARES":8851763767,"HK_COMMON_SHARES":538127200,"PER_SHARES":2000,"TOTAL_MARKET_CAP":7701034477.29,"HKSK_MARKET_CAP":468170664,"PE_TTM":-3.080018308326,"PB_TTM":0.376322438338,"REPORT_DATE_SQ":"2022-06-30 00:00:00","REPORT_TYPE_SQ":"2022年中报","OPERATE_INCOME_SQ":18016175802.82,"DPS_HKD":null,"OPERATE_INCOME_QOQ_SQ":-8.799232015463,"NET_PROFIT_RATIO_SQ":2.866401838,"HOLDER_PROFIT_SQ":516416390.18,"HOLDER_PROFIT_QOQ_SQ":-94.229590518037,"ROE_AVG_SQ":2.281432197157,"PE_TTM_SQ":-4.139205222456,"PB_TTM_SQ":0.27210332198,"ROA_SQ":1.24659523363,"START_DATE":"2023-01-01 00:00:00","FISCAL_YEAR":"12-31","CURRENCY":"HKD","IS_CNY_CODE":0,"DPS_HKD_LY":null,"ORG_TYPE":"一般企业","PREMIUM_INCOME":null,"PREMIUM_INCOME_YOY":null,"NET_INTEREST_INCOME":null,"NET_INTEREST_INCOME_YOY":null,"FEE_COMMISSION_INCOME":null,"FEE_COMMISSION_INCOME_YOY":null,"ACCOUNTS_RECE_TDAYS":32.534314888117,"INVENTORY_TDAYS":8.088285678705,"CURRENT_ASSETS_TDAYS":2.712777546704,"TOTAL_ASSETS_TDAYS":0.543090310306,"PREMIUM_EXPENSE":null,"LOAN_DEPOSIT":null,"LOAN_EQUITY":null,"LOAN_ASSETS":null,"DEPOSIT_EQUITY":null,"DEPOSIT_ASSETS":null,"EQUITY_MULTIPLIER":1.81506768203,"EQUITY_RATIO":0.815067682031},{"SECUCODE":"01053.HK","SECURITY_CODE":"01053","SECURITY_NAME_ABBR":"重庆钢铁股份","ORG_CODE":"10015888","STD_REPORT_DATE":"2023-03-31 00:00:00","REPORT_DATE":"2023-03-31 00:00:00","DATE_TYPE_CODE":"003","REPORT_TYPE":"2023年一季报","PER_NETCASH_OPERATE":-0.115205207281,"PER_OI":1.173996639021,"BPS":2.399409821918,"BASIC_EPS":-0.01,"DILUTED_EPS":-0.01,"OPERATE_INCOME":10470409086.22,"OPERATE_INCOME_YOY":20.0679113681,"GROSS_PROFIT":51435334.64,"GROSS_PROFIT_YOY":-93.154405980339,"HOLDER_PROFIT":-105451906.05,"HOLDER_PROFIT_YOY":-123.8040921142,"GROSS_PROFIT_RATIO":0.491244747139,"EPS_TTM":-0.175796641758,"OPERATE_INCOME_QOQ":4.786460647436,"NET_PROFIT_RATIO":-1.0071421774,"ROE_AVG":-0.495301133208,"GROSS_PROFIT_QOQ":-2268.221502338,"ROA":-0.269335545972,"HOLDER_PROFIT_QOQ":-53.80085743132,"ROE_YEARLY":-1.981204532831,"ROIC_YEARLY":-1.166598354972,"TOTAL_ASSETS":38940427129.72,"TOTAL_LIABILITIES":17701418205.88,"TAX_EBT":16.708209720204,"OCF_SALES":-9.813078117284,"TOTAL_PARENT_EQUITY":21239008923.84,"DEBT_ASSET_RATIO":45.4576888613,"OPERATE_PROFIT":-72858176.89,"PRETAX_PROFIT":-126605402.16,"NETCASH_OPERATE":-1027469422.83,"NETCASH_INVEST":-109476769.1,"NETCASH_FINANCE":-951477533.76,"END_CASH":1857664523.81,"DIVI_RATIO":null,"DIVIDEND_RATE":null,"CURRENT_RATIO":0.647304153975,"COMMON_ACS":null,"CURRENTDEBT_DEBT":71.667723499838,"ISSUED_COMMON_SHARES":8851763767,"HK_COMMON_SHARES":538127200,"PER_SHARES":2000,"TOTAL_MARKET_CAP":7701034477.29,"HKSK_MARKET_CAP":468170664,"PE_TTM":-3.080018308326,"PB_TTM":0.376322438338,"REPORT_DATE_SQ":"2022-03-31 00:00:00","REPORT_TYPE_SQ":"2022年一季报","OPERATE_INCOME_SQ":8720405782.79,"DPS_HKD":null,"OPERATE_INCOME_QOQ_SQ":-3.156924399749,"NET_PROFIT_RATIO_SQ":5.0800272373,"HOLDER_PROFIT_SQ":442999067.32,"HOLDER_PROFIT_QOQ_SQ":-28.553244755854,"ROE_AVG_SQ":1.960265474706,"PE_TTM_SQ":-4.139205222456,"PB_TTM_SQ":0.27210332198,"ROA_SQ":1.037973782504,"START_DATE":"2023-01-01 00:00:00","FISCAL_YEAR":"12-31","CURRENCY":"HKD","IS_CNY_CODE":0,"DPS_HKD_LY":null,"ORG_TYPE":"一般企业","PREMIUM_INCOME":null,"PREMIUM_INCOME_YOY":null,"NET_INTEREST_INCOME":null,"NET_INTEREST_INCOME_YOY":null,"FEE_COMMISSION_INCOME":null,"FEE_COMMISSION_INCOME_YOY":null,"ACCOUNTS_RECE_TDAYS":8.406836507475,"INVENTORY_TDAYS":3.429390433752,"CURRENT_ASSETS_TDAYS":1.251987911707,"TOTAL_ASSETS_TDAYS":0.267425545296,"PREMIUM_EXPENSE":null,"LOAN_DEPOSIT":null,"LOAN_EQUITY":null,"LOAN_ASSETS":null,"DEPOSIT_EQUITY":null,"DEPOSIT_ASSETS":null,"EQUITY_MULTIPLIER":1.833438992816,"EQUITY_RATIO":0.833438992815},{"SECUCODE":"01053.HK","SECURITY_CODE":"01053","SECURITY_NAME_ABBR":"重庆钢铁股份","ORG_CODE":"10015888","STD_REPORT_DATE":"2022-12-31 00:00:00","REPORT_DATE":"2022-12-31 00:00:00","DATE_TYPE_CODE":"001","REPORT_TYPE":"2022年年报","PER_NETCASH_OPERATE":0.164833795119,"PER_OI":4.099468741252,"BPS":2.411035615289,"BASIC_EPS":-0.11,"DILUTED_EPS":-0.11,"OPERATE_INCOME":36561531209.23,"OPERATE_INCOME_YOY":-8.2507781708,"GROSS_PROFIT":-30858042.14,"GROSS_PROFIT_YOY":-100.791428598211,"HOLDER_PROFIT":-1019409354.34,"HOLDER_PROFIT_YOY":-144.8211304908,"GROSS_PROFIT_RATIO":-0.084400300314,"EPS_TTM":-0.114301470547,"OPERATE_INCOME_QOQ":8.326380141258,"NET_PROFIT_RATIO":-2.7882020272,"ROE_AVG":-4.663661093044,"GROSS_PROFIT_QOQ":-106.458373110869,"ROA":-2.475473511563,"HOLDER_PROFIT_QOQ":-16.285309827809,"ROE_YEARLY":-4.663661093044,"ROIC_YEARLY":-2.833485786096,"TOTAL_ASSETS":39364800403.02,"TOTAL_LIABILITIES":18022882702.66,"TAX_EBT":15.183169424758,"OCF_SALES":4.020857470157,"TOTAL_PARENT_EQUITY":21341917700.36,"DEBT_ASSET_RATIO":45.7842603497,"OPERATE_PROFIT":-842990368.03,"PRETAX_PROFIT":-1201895127.92,"NETCASH_OPERATE":1470087058.83,"NETCASH_INVEST":-2111389833.89,"NETCASH_FINANCE":-1253002524.2,"END_CASH":3937932833.28,"DIVI_RATIO":null,"DIVIDEND_RATE":null,"CURRENT_RATIO":0.651805005275,"COMMON_ACS":null,"CURRENTDEBT_DEBT":72.477473066959,"ISSUED_COMMON_SHARES":8851763767,"HK_COMMON_SHARES":538127200,"PER_SHARES":2000,"TOTAL_MARKET_CAP":7701034477.29,"HKSK_MARKET_CAP":468170664,"PE_TTM":-3.080018308326,"PB_TTM":0.376322438338,"REPORT_DATE_SQ":"2021-12-31 00:00:00","REPORT_TYPE_SQ":"2021年年报","OPERATE_INCOME_SQ":39849418316.92,"DPS_HKD":null,"OPERATE_INCOME_QOQ_SQ":3.968766230681,"NET_PROFIT_RATIO_SQ":5.7074685507,"HOLDER_PROFIT_SQ":2274394561.62,"HOLDER_PROFIT_QOQ_SQ":-27.748145729109,"ROE_AVG_SQ":10.724809610938,"PE_TTM_SQ":-4.139205222456,"PB_TTM_SQ":0.27210332198,"ROA_SQ":5.484045415096,"START_DATE":"2022-01-01 00:00:00","FISCAL_YEAR":"12-31","CURRENCY":"HKD","IS_CNY_CODE":0,"DPS_HKD_LY":null,"ORG_TYPE":"一般企业","PREMIUM_INCOME":null,"PREMIUM_INCOME_YOY":null,"NET_INTEREST_INCOME":null,"NET_INTEREST_INCOME_YOY":null,"FEE_COMMISSION_INCOME":null,"FEE_COMMISSION_INCOME_YOY":null,"ACCOUNTS_RECE_TDAYS":30.10312620834,"INVENTORY_TDAYS":11.376541627563,"CURRENT_ASSETS_TDAYS":3.344315069597,"TOTAL_ASSETS_TDAYS":0.887838645637,"PREMIUM_EXPENSE":null,"LOAN_DEPOSIT":null,"LOAN_EQUITY":null,"LOAN_ASSETS":null,"DEPOSIT_EQUITY":null,"DEPOSIT_ASSETS":null,"EQUITY_MULTIPLIER":1.844482813386,"EQUITY_RATIO":0.844482813386},{"SECUCODE":"01053.HK","SECURITY_CODE":"01053","SECURITY_NAME_ABBR":"重庆钢铁股份","ORG_CODE":"10015888","STD_REPORT_DATE":"2022-09-30 00:00:00","REPORT_DATE":"2022-09-30 00:00:00","DATE_TYPE_CODE":"004","REPORT_TYPE":"2022年三季报","PER_NETCASH_OPERATE":0.123542004343,"PER_OI":2.877813289329,"BPS":2.496772573438,"BASIC_EPS":-0.03,"DILUTED_EPS":-0.03,"OPERATE_INCOME":25666072126.21,"OPERATE_INCOME_YOY":-19.1981619066,"GROSS_PROFIT":565973433.06,"GROSS_PROFIT_YOY":-85.835111125516,"HOLDER_PROFIT":-271316797.33,"HOLDER_PROFIT_YOY":-109.4216418882,"GROSS_PROFIT_RATIO":2.237884316696,"EPS_TTM":-0.098293989771,"OPERATE_INCOME_QOQ":-4.103867366583,"NET_PROFIT_RATIO":-1.0571037126,"ROE_AVG":-1.220058838711,"GROSS_PROFIT_QOQ":-70.965393569228,"ROA":-0.656609664798,"HOLDER_PROFIT_QOQ":-1034.90849756847,"ROE_YEARLY":-1.626745118281,"ROIC_YEARLY":-0.743974237674,"TOTAL_ASSETS":39645837000,"TOTAL_LIABILITIES":17544996000,"TAX_EBT":-0.14810692339,"OCF_SALES":4.292912448777,"TOTAL_PARENT_EQUITY":22100841000,"DEBT_ASSET_RATIO":44.2543210779,"OPERATE_PROFIT":29041732.42,"PRETAX_PROFIT":-270915552.64,"NETCASH_OPERATE":1101821573.43,"NETCASH_INVEST":-2138541926.24,"NETCASH_FINANCE":-1866160884.07,"END_CASH":2947074299.07,"DIVI_RATIO":null,"DIVIDEND_RATE":null,"CURRENT_RATIO":0.683254621847,"COMMON_ACS":null,"CURRENTDEBT_DEBT":76.782930016057,"ISSUED_COMMON_SHARES":8851763767,"HK_COMMON_SHARES":538127200,"PER_SHARES":2000,"TOTAL_MARKET_CAP":7701034477.29,"HKSK_MARKET_CAP":468170664,"PE_TTM":-3.080018308326,"PB_TTM":0.376322438338,"REPORT_DATE_SQ":"2021-09-30 00:00:00","REPORT_TYPE_SQ":"2021年三季报","OPERATE_INCOME_SQ":31764218000,"DPS_HKD":null,"OPERATE_INCOME_QOQ_SQ":5.784176071504,"NET_PROFIT_RATIO_SQ":9.0659275793,"HOLDER_PROFIT_SQ":2879721000,"HOLDER_PROFIT_QOQ_SQ":-2.06265079733,"ROE_AVG_SQ":13.384876919129,"PE_TTM_SQ":-4.139205222456,"PB_TTM_SQ":0.27210332198,"ROA_SQ":7.061240161443,"START_DATE":"2022-01-01 00:00:00","FISCAL_YEAR":"12-31","CURRENCY":"HKD","IS_CNY_CODE":0,"DPS_HKD_LY":null,"ORG_TYPE":"一般企业","PREMIUM_INCOME":null,"PREMIUM_INCOME_YOY":null,"NET_INTEREST_INCOME":null,"NET_INTEREST_INCOME_YOY":null,"FEE_COMMISSION_INCOME":null,"FEE_COMMISSION_INCOME_YOY":null,"ACCOUNTS_RECE_TDAYS":19.440580619791,"INVENTORY_TDAYS":6.722950492659,"CURRENT_ASSETS_TDAYS":2.275848343233,"TOTAL_ASSETS_TDAYS":0.62114025043,"PREMIUM_EXPENSE":null,"LOAN_DEPOSIT":null,"LOAN_EQUITY":null,"LOAN_ASSETS":null,"DEPOSIT_EQUITY":null,"DEPOSIT_ASSETS":null,"EQUITY_MULTIPLIER":1.793861011896,"EQUITY_RATIO":0.793861011895}],"count":81},"success":true,"message":"ok","code":0}