{"version":"d28209d2ac8bfedf0ae05105ba21e804","result":{"pages":6,"data":[{"SECUCODE":"01058.HK","SECURITY_CODE":"01058","SECURITY_NAME_ABBR":"南粤控股","ORG_CODE":"10009221","STD_REPORT_DATE":"2024-06-30 00:00:00","REPORT_DATE":"2024-06-30 00:00:00","DATE_TYPE_CODE":"002","REPORT_TYPE":"2024年中报","PER_NETCASH_OPERATE":0.020483683662,"PER_OI":0.071447767161,"BPS":0.080231577844,"BASIC_EPS":-0.010222016,"DILUTED_EPS":-0.010222016,"OPERATE_INCOME":38440256.24,"OPERATE_INCOME_YOY":9.1564079305,"GROSS_PROFIT":4893790.16,"GROSS_PROFIT_YOY":213.757256264488,"HOLDER_PROFIT":-5475167.32,"HOLDER_PROFIT_YOY":72.2948321249,"GROSS_PROFIT_RATIO":12.730898903082,"EPS_TTM":-0.084995041365,"OPERATE_INCOME_QOQ":3.853533991175,"NET_PROFIT_RATIO":-14.2433163968,"ROE_AVG":-11.973215444031,"GROSS_PROFIT_QOQ":35.108359394067,"ROA":-4.6706815271,"HOLDER_PROFIT_QOQ":24.060259235867,"ROE_YEARLY":-23.946430888062,"ROIC_YEARLY":-9.729514943377,"TOTAL_ASSETS":110746416.56,"TOTAL_LIABILITIES":67580303.28,"TAX_EBT":3.101276045873,"OCF_SALES":28.669452490622,"TOTAL_PARENT_EQUITY":43166113.28,"DEBT_ASSET_RATIO":61.0225643223,"OPERATE_PROFIT":-5381161.28,"PRETAX_PROFIT":-5650401.88,"NETCASH_OPERATE":11020611,"NETCASH_INVEST":-1578023.72,"NETCASH_FINANCE":-13093307.28,"END_CASH":2837522.12,"DIVI_RATIO":null,"DIVIDEND_RATE":null,"CURRENT_RATIO":1.029534769692,"COMMON_ACS":null,"CURRENTDEBT_DEBT":93.647192285876,"ISSUED_COMMON_SHARES":538019000,"HK_COMMON_SHARES":538019000,"PER_SHARES":2000,"TOTAL_MARKET_CAP":158715605,"HKSK_MARKET_CAP":158715605,"PE_TTM":-3.12463047544,"PB_TTM":3.355793407476,"REPORT_DATE_SQ":"2023-06-30 00:00:00","REPORT_TYPE_SQ":"2023年中报","OPERATE_INCOME_SQ":35574598.3,"DPS_HKD":null,"OPERATE_INCOME_QOQ_SQ":-5.313386933229,"NET_PROFIT_RATIO_SQ":-61.089011144,"HOLDER_PROFIT_SQ":-19963632.94,"HOLDER_PROFIT_QOQ_SQ":-9.591551623341,"ROE_AVG_SQ":-20.130528155593,"PE_TTM_SQ":-4.787364330282,"PB_TTM_SQ":2.347501235373,"ROA_SQ":-12.411192025839,"START_DATE":"2024-01-01 00:00:00","FISCAL_YEAR":"12-31","CURRENCY":"HKD","IS_CNY_CODE":0,"DPS_HKD_LY":null,"ORG_TYPE":"一般企业","PREMIUM_INCOME":null,"PREMIUM_INCOME_YOY":null,"NET_INTEREST_INCOME":null,"NET_INTEREST_INCOME_YOY":null,"FEE_COMMISSION_INCOME":null,"FEE_COMMISSION_INCOME_YOY":null,"ACCOUNTS_RECE_TDAYS":1.557272794498,"INVENTORY_TDAYS":0.816228639952,"CURRENT_ASSETS_TDAYS":0.540376177157,"TOTAL_ASSETS_TDAYS":0.327920927752,"PREMIUM_EXPENSE":null,"LOAN_DEPOSIT":null,"LOAN_EQUITY":null,"LOAN_ASSETS":null,"DEPOSIT_EQUITY":null,"DEPOSIT_ASSETS":null,"EQUITY_MULTIPLIER":2.565586941811,"EQUITY_RATIO":1.565586941813},{"SECUCODE":"01058.HK","SECURITY_CODE":"01058","SECURITY_NAME_ABBR":"南粤控股","ORG_CODE":"10009221","STD_REPORT_DATE":"2023-12-31 00:00:00","REPORT_DATE":"2023-12-31 00:00:00","DATE_TYPE_CODE":"001","REPORT_TYPE":"2023年年报","PER_NETCASH_OPERATE":-0.026420938517,"PER_OI":0.138218935019,"BPS":0.089121399839,"BASIC_EPS":-0.11191817,"DILUTED_EPS":-0.11191817,"OPERATE_INCOME":74364413.2,"OPERATE_INCOME_YOY":-4.6368390471,"GROSS_PROFIT":-26192476.66,"GROSS_PROFIT_YOY":-275.586209290353,"HOLDER_PROFIT":-60217412.78,"HOLDER_PROFIT_YOY":-51.2645405085,"GROSS_PROFIT_RATIO":-35.221788934926,"EPS_TTM":-0.111924323825,"OPERATE_INCOME_QOQ":2.1746008588,"NET_PROFIT_RATIO":-80.9761150378,"ROE_AVG":-76.853415373228,"GROSS_PROFIT_QOQ":-217.977807740565,"ROA":-42.93347633939,"HOLDER_PROFIT_QOQ":-40.026731186464,"ROE_YEARLY":-76.853415373228,"ROIC_YEARLY":-45.3666596118,"TOTAL_ASSETS":122826340.14,"TOTAL_LIABILITIES":74877333.72,"TAX_EBT":0.540338272714,"OCF_SALES":-19.115281501341,"TOTAL_PARENT_EQUITY":47949006.42,"DEBT_ASSET_RATIO":60.9619513491,"OPERATE_PROFIT":-59747990.82,"PRETAX_PROFIT":-60544558.2,"NETCASH_OPERATE":-14214966.92,"NETCASH_INVEST":-807442.02,"NETCASH_FINANCE":13015131.64,"END_CASH":6469504.58,"DIVI_RATIO":null,"DIVIDEND_RATE":null,"CURRENT_RATIO":1.083937345255,"COMMON_ACS":null,"CURRENTDEBT_DEBT":94.341974681093,"ISSUED_COMMON_SHARES":538019000,"HK_COMMON_SHARES":538019000,"PER_SHARES":2000,"TOTAL_MARKET_CAP":177546270,"HKSK_MARKET_CAP":177546270,"PE_TTM":-3.495349345408,"PB_TTM":3.753938388024,"REPORT_DATE_SQ":"2022-12-31 00:00:00","REPORT_TYPE_SQ":"2022年年报","OPERATE_INCOME_SQ":76865883.5,"DPS_HKD":null,"OPERATE_INCOME_QOQ_SQ":-25.861022720064,"NET_PROFIT_RATIO_SQ":-51.0505520046,"HOLDER_PROFIT_SQ":-39240457.83,"HOLDER_PROFIT_QOQ_SQ":-34.472161733901,"ROE_AVG_SQ":-29.827974292902,"PE_TTM_SQ":-5.075759771865,"PB_TTM_SQ":2.488916972443,"ROA_SQ":-21.839414752008,"START_DATE":"2023-01-01 00:00:00","FISCAL_YEAR":"12-31","CURRENCY":"HKD","IS_CNY_CODE":0,"DPS_HKD_LY":null,"ORG_TYPE":"一般企业","PREMIUM_INCOME":null,"PREMIUM_INCOME_YOY":null,"NET_INTEREST_INCOME":null,"NET_INTEREST_INCOME_YOY":null,"FEE_COMMISSION_INCOME":null,"FEE_COMMISSION_INCOME_YOY":null,"ACCOUNTS_RECE_TDAYS":2.55276788353,"INVENTORY_TDAYS":1.797189942098,"CURRENT_ASSETS_TDAYS":0.80292363615,"TOTAL_ASSETS_TDAYS":0.530199260848,"PREMIUM_EXPENSE":null,"LOAN_DEPOSIT":null,"LOAN_EQUITY":null,"LOAN_ASSETS":null,"DEPOSIT_EQUITY":null,"DEPOSIT_ASSETS":null,"EQUITY_MULTIPLIER":2.5616034473,"EQUITY_RATIO":1.561603447298},{"SECUCODE":"01058.HK","SECURITY_CODE":"01058","SECURITY_NAME_ABBR":"南粤控股","ORG_CODE":"10009221","STD_REPORT_DATE":"2023-06-30 00:00:00","REPORT_DATE":"2023-06-30 00:00:00","DATE_TYPE_CODE":"002","REPORT_TYPE":"2023年中报","PER_NETCASH_OPERATE":-0.023100095722,"PER_OI":0.066121453517,"BPS":0.162991053736,"BASIC_EPS":-0.037063596,"DILUTED_EPS":-0.037063596,"OPERATE_INCOME":35574598.3,"OPERATE_INCOME_YOY":-17.5486752425,"GROSS_PROFIT":-4301958.68,"GROSS_PROFIT_YOY":-45.555924490248,"HOLDER_PROFIT":-19963632.94,"HOLDER_PROFIT_YOY":-14.3060761231,"GROSS_PROFIT_RATIO":-12.910142474256,"EPS_TTM":-0.079930683861,"OPERATE_INCOME_QOQ":-5.313386933229,"NET_PROFIT_RATIO":-61.089011144,"ROE_AVG":-20.130528155593,"GROSS_PROFIT_QOQ":-18.117113882611,"ROA":-12.411192025839,"HOLDER_PROFIT_QOQ":-9.591551623341,"ROE_YEARLY":-40.261056311185,"ROIC_YEARLY":-26.054363651678,"TOTAL_ASSETS":161272741.6,"TOTAL_LIABILITIES":73580457.86,"TAX_EBT":0.719853278313,"OCF_SALES":-38.030751869093,"TOTAL_PARENT_EQUITY":87692283.74,"DEBT_ASSET_RATIO":45.6248570775,"OPERATE_PROFIT":-19898172.36,"PRETAX_PROFIT":-20108383.8,"NETCASH_OPERATE":-12428290.4,"NETCASH_INVEST":-3053597.76,"NETCASH_FINANCE":13446156.32,"END_CASH":6487051.28,"DIVI_RATIO":null,"DIVIDEND_RATE":null,"CURRENT_RATIO":1.646577272184,"COMMON_ACS":null,"CURRENTDEBT_DEBT":94.286215494881,"ISSUED_COMMON_SHARES":538019000,"HK_COMMON_SHARES":538019000,"PER_SHARES":2000,"TOTAL_MARKET_CAP":177546270,"HKSK_MARKET_CAP":177546270,"PE_TTM":-3.495349345408,"PB_TTM":3.753938388024,"REPORT_DATE_SQ":"2022-06-30 00:00:00","REPORT_TYPE_SQ":"2022年中报","OPERATE_INCOME_SQ":36763762.91,"DPS_HKD":null,"OPERATE_INCOME_QOQ_SQ":-35.378277096911,"NET_PROFIT_RATIO_SQ":-44.0647607528,"HOLDER_PROFIT_SQ":-16199864.17,"HOLDER_PROFIT_QOQ_SQ":-78.965907594472,"ROE_AVG_SQ":-11.684446541637,"PE_TTM_SQ":-5.075759771865,"PB_TTM_SQ":2.488916972443,"ROA_SQ":-8.682300582777,"START_DATE":"2023-01-01 00:00:00","FISCAL_YEAR":"12-31","CURRENCY":"HKD","IS_CNY_CODE":0,"DPS_HKD_LY":null,"ORG_TYPE":"一般企业","PREMIUM_INCOME":null,"PREMIUM_INCOME_YOY":null,"NET_INTEREST_INCOME":null,"NET_INTEREST_INCOME_YOY":null,"FEE_COMMISSION_INCOME":null,"FEE_COMMISSION_INCOME_YOY":null,"ACCOUNTS_RECE_TDAYS":null,"INVENTORY_TDAYS":0.528194062255,"CURRENT_ASSETS_TDAYS":0.290760390306,"TOTAL_ASSETS_TDAYS":0.203165705147,"PREMIUM_EXPENSE":null,"LOAN_DEPOSIT":null,"LOAN_EQUITY":null,"LOAN_ASSETS":null,"DEPOSIT_EQUITY":null,"DEPOSIT_ASSETS":null,"EQUITY_MULTIPLIER":1.839075625834,"EQUITY_RATIO":0.839075625835},{"SECUCODE":"01058.HK","SECURITY_CODE":"01058","SECURITY_NAME_ABBR":"南粤控股","ORG_CODE":"10009221","STD_REPORT_DATE":"2022-12-31 00:00:00","REPORT_DATE":"2022-12-31 00:00:00","DATE_TYPE_CODE":"001","REPORT_TYPE":"2022年年报","PER_NETCASH_OPERATE":-0.010566114357,"PER_OI":0.142868343869,"BPS":0.199256926819,"BASIC_EPS":-0.072890832,"DILUTED_EPS":-0.072890832,"OPERATE_INCOME":76865883.5,"OPERATE_INCOME_YOY":-56.1486207582,"GROSS_PROFIT":-6973758.89,"GROSS_PROFIT_YOY":-146.863076449209,"HOLDER_PROFIT":-39240457.83,"HOLDER_PROFIT_YOY":-120.2727774156,"GROSS_PROFIT_RATIO":-9.072632190587,"EPS_TTM":-0.072935078185,"OPERATE_INCOME_QOQ":-25.861022720064,"NET_PROFIT_RATIO":-51.0505520046,"ROE_AVG":-29.827974292902,"GROSS_PROFIT_QOQ":-1017.69712984314,"ROA":-21.839414752008,"HOLDER_PROFIT_QOQ":-34.472161733901,"ROE_YEARLY":-29.827974292902,"ROIC_YEARLY":-22.365513659922,"TOTAL_ASSETS":155435232.89,"TOTAL_LIABILITIES":48231220.38,"TAX_EBT":0.523097826087,"OCF_SALES":-7.395700174317,"TOTAL_PARENT_EQUITY":107204012.51,"DEBT_ASSET_RATIO":31.029786158,"OPERATE_PROFIT":-39351223.31,"PRETAX_PROFIT":-39446803.2,"NETCASH_OPERATE":-5684770.28,"NETCASH_INVEST":-1733837.07,"NETCASH_FINANCE":-94686.62,"END_CASH":8453014.01,"DIVI_RATIO":null,"DIVIDEND_RATE":null,"CURRENT_RATIO":2.424020053773,"COMMON_ACS":null,"CURRENTDEBT_DEBT":91.615735081676,"ISSUED_COMMON_SHARES":538019000,"HK_COMMON_SHARES":538019000,"PER_SHARES":2000,"TOTAL_MARKET_CAP":177546270,"HKSK_MARKET_CAP":177546270,"PE_TTM":-3.495349345408,"PB_TTM":3.753938388024,"REPORT_DATE_SQ":"2021-12-31 00:00:00","REPORT_TYPE_SQ":"2021年年报","OPERATE_INCOME_SQ":160438465.6,"DPS_HKD":null,"OPERATE_INCOME_QOQ_SQ":-21.270155163565,"NET_PROFIT_RATIO_SQ":-10.1630221525,"HOLDER_PROFIT_SQ":-16305396.8,"HOLDER_PROFIT_QOQ_SQ":-616.348248578597,"ROE_AVG_SQ":-19.698735677598,"PE_TTM_SQ":-5.075759771865,"PB_TTM_SQ":2.488916972443,"ROA_SQ":-8.312839195352,"START_DATE":"2022-01-01 00:00:00","FISCAL_YEAR":"12-31","CURRENCY":"HKD","IS_CNY_CODE":0,"DPS_HKD_LY":null,"ORG_TYPE":"一般企业","PREMIUM_INCOME":null,"PREMIUM_INCOME_YOY":null,"NET_INTEREST_INCOME":null,"NET_INTEREST_INCOME_YOY":null,"FEE_COMMISSION_INCOME":null,"FEE_COMMISSION_INCOME_YOY":null,"ACCOUNTS_RECE_TDAYS":2.299695333797,"INVENTORY_TDAYS":1.140688615841,"CURRENT_ASSETS_TDAYS":0.593168055091,"TOTAL_ASSETS_TDAYS":0.427799776779,"PREMIUM_EXPENSE":null,"LOAN_DEPOSIT":null,"LOAN_EQUITY":null,"LOAN_ASSETS":null,"DEPOSIT_EQUITY":null,"DEPOSIT_ASSETS":null,"EQUITY_MULTIPLIER":1.449901260696,"EQUITY_RATIO":0.449901260697},{"SECUCODE":"01058.HK","SECURITY_CODE":"01058","SECURITY_NAME_ABBR":"南粤控股","ORG_CODE":"10009221","STD_REPORT_DATE":"2022-06-30 00:00:00","REPORT_DATE":"2022-06-30 00:00:00","DATE_TYPE_CODE":"002","REPORT_TYPE":"2022年中报","PER_NETCASH_OPERATE":-0.013688914852,"PER_OI":0.068331718601,"BPS":0.237961725013,"BASIC_EPS":-0.030102688,"DILUTED_EPS":-0.030102688,"OPERATE_INCOME":36763762.91,"OPERATE_INCOME_YOY":-61.7528781651,"GROSS_PROFIT":-2955536.64,"GROSS_PROFIT_YOY":-126.469827522002,"HOLDER_PROFIT":-16199864.17,"HOLDER_PROFIT_YOY":-374.167709637,"GROSS_PROFIT_RATIO":-8.039265858708,"EPS_TTM":-0.054238049902,"OPERATE_INCOME_QOQ":-35.378277096911,"NET_PROFIT_RATIO":-44.0647607528,"ROE_AVG":-11.684446541637,"GROSS_PROFIT_QOQ":-94.893404923559,"ROA":-8.682300582777,"HOLDER_PROFIT_QOQ":-78.965907594472,"ROE_YEARLY":-23.368893083274,"ROIC_YEARLY":-17.621272409727,"TOTAL_ASSETS":177943659.25,"TOTAL_LIABILITIES":49915729.92,"TAX_EBT":null,"OCF_SALES":-20.033031705785,"TOTAL_PARENT_EQUITY":128027929.33,"DEBT_ASSET_RATIO":28.0514237655,"OPERATE_PROFIT":-16066454.53,"PRETAX_PROFIT":-16199864.17,"NETCASH_OPERATE":-7470939.84,"NETCASH_INVEST":-2814430.29,"NETCASH_FINANCE":-138540.78,"END_CASH":5435587.64,"DIVI_RATIO":null,"DIVIDEND_RATE":null,"CURRENT_RATIO":2.797975368198,"COMMON_ACS":null,"CURRENTDEBT_DEBT":93.760279605263,"ISSUED_COMMON_SHARES":538019000,"HK_COMMON_SHARES":538019000,"PER_SHARES":2000,"TOTAL_MARKET_CAP":174856175,"HKSK_MARKET_CAP":174856175,"PE_TTM":-3.442389506841,"PB_TTM":3.69706053366,"REPORT_DATE_SQ":"2021-06-30 00:00:00","REPORT_TYPE_SQ":"2021年中报","OPERATE_INCOME_SQ":93524127.84,"DPS_HKD":null,"OPERATE_INCOME_QOQ_SQ":26.500349997009,"NET_PROFIT_RATIO_SQ":-3.554333707,"HOLDER_PROFIT_SQ":-3324159.6,"HOLDER_PROFIT_QOQ_SQ":236.3866008707,"ROE_AVG_SQ":-14.739521841795,"PE_TTM_SQ":-5.767908831664,"PB_TTM_SQ":2.828314741413,"ROA_SQ":-1.567029234215,"START_DATE":"2022-01-01 00:00:00","FISCAL_YEAR":"12-31","CURRENCY":"HKD","IS_CNY_CODE":0,"DPS_HKD_LY":null,"ORG_TYPE":"一般企业","PREMIUM_INCOME":null,"PREMIUM_INCOME_YOY":null,"NET_INTEREST_INCOME":null,"NET_INTEREST_INCOME_YOY":null,"FEE_COMMISSION_INCOME":null,"FEE_COMMISSION_INCOME_YOY":null,"ACCOUNTS_RECE_TDAYS":null,"INVENTORY_TDAYS":0.498173880865,"CURRENT_ASSETS_TDAYS":0.265897634143,"TOTAL_ASSETS_TDAYS":0.197035010164,"PREMIUM_EXPENSE":null,"LOAN_DEPOSIT":null,"LOAN_EQUITY":null,"LOAN_ASSETS":null,"DEPOSIT_EQUITY":null,"DEPOSIT_ASSETS":null,"EQUITY_MULTIPLIER":1.389881568665,"EQUITY_RATIO":0.389881568664},{"SECUCODE":"01058.HK","SECURITY_CODE":"01058","SECURITY_NAME_ABBR":"南粤控股","ORG_CODE":"10009221","STD_REPORT_DATE":"2021-12-31 00:00:00","REPORT_DATE":"2021-12-31 00:00:00","DATE_TYPE_CODE":"001","REPORT_TYPE":"2021年年报","PER_NETCASH_OPERATE":-0.059881766257,"PER_OI":0.298202230033,"BPS":0.265233446402,"BASIC_EPS":-0.03033296,"DILUTED_EPS":-0.03033296,"OPERATE_INCOME":160438465.6,"OPERATE_INCOME_YOY":2.5218908696,"GROSS_PROFIT":14881137.6,"GROSS_PROFIT_YOY":28.786653934333,"HOLDER_PROFIT":-16305396.8,"HOLDER_PROFIT_YOY":-624.9363867684,"GROSS_PROFIT_RATIO":9.275292894599,"EPS_TTM":-0.030306358697,"OPERATE_INCOME_QOQ":-21.270155163565,"NET_PROFIT_RATIO":-10.1630221525,"ROE_AVG":-19.698735677598,"GROSS_PROFIT_QOQ":-37.494042121262,"ROA":-8.312839195352,"HOLDER_PROFIT_QOQ":-616.348248578597,"ROE_YEARLY":-19.698735677598,"ROIC_YEARLY":-9.522217951503,"TOTAL_ASSETS":186644998.4,"TOTAL_LIABILITIES":43944364.8,"TAX_EBT":-1.305496291781,"OCF_SALES":-20.080925032232,"TOTAL_PARENT_EQUITY":142700633.6,"DEBT_ASSET_RATIO":23.544357029,"OPERATE_PROFIT":-14464979.2,"PRETAX_PROFIT":-16095273.6,"NETCASH_OPERATE":-32217528,"NETCASH_INVEST":-2649024,"NETCASH_FINANCE":-339304,"END_CASH":15486979.2,"DIVI_RATIO":null,"DIVIDEND_RATE":null,"CURRENT_RATIO":3.402654513472,"COMMON_ACS":null,"CURRENTDEBT_DEBT":93.078812234874,"ISSUED_COMMON_SHARES":538019000,"HK_COMMON_SHARES":538019000,"PER_SHARES":2000,"TOTAL_MARKET_CAP":177546270,"HKSK_MARKET_CAP":177546270,"PE_TTM":-3.495349345408,"PB_TTM":3.753938388024,"REPORT_DATE_SQ":"2020-12-31 00:00:00","REPORT_TYPE_SQ":"2020年年报","OPERATE_INCOME_SQ":161093262.56,"DPS_HKD":null,"OPERATE_INCOME_QOQ_SQ":33.682881071265,"NET_PROFIT_RATIO_SQ":-1.4372740382,"HOLDER_PROFIT_SQ":-2315351.64,"HOLDER_PROFIT_QOQ_SQ":90.46217364267,"ROE_AVG_SQ":-12.5941355552,"PE_TTM_SQ":-5.075759771865,"PB_TTM_SQ":2.488916972443,"ROA_SQ":-1.122259367969,"START_DATE":"2021-01-01 00:00:00","FISCAL_YEAR":"12-31","CURRENCY":"HKD","IS_CNY_CODE":0,"DPS_HKD_LY":null,"ORG_TYPE":"一般企业","PREMIUM_INCOME":null,"PREMIUM_INCOME_YOY":null,"NET_INTEREST_INCOME":null,"NET_INTEREST_INCOME_YOY":null,"FEE_COMMISSION_INCOME":null,"FEE_COMMISSION_INCOME_YOY":null,"ACCOUNTS_RECE_TDAYS":null,"INVENTORY_TDAYS":2.345679012346,"CURRENT_ASSETS_TDAYS":1.071410631607,"TOTAL_ASSETS_TDAYS":0.817949530233,"PREMIUM_EXPENSE":null,"LOAN_DEPOSIT":null,"LOAN_EQUITY":null,"LOAN_ASSETS":null,"DEPOSIT_EQUITY":null,"DEPOSIT_ASSETS":null,"EQUITY_MULTIPLIER":1.307947930514,"EQUITY_RATIO":0.307947930513},{"SECUCODE":"01058.HK","SECURITY_CODE":"01058","SECURITY_NAME_ABBR":"南粤控股","ORG_CODE":"10009221","STD_REPORT_DATE":"2021-06-30 00:00:00","REPORT_DATE":"2021-06-30 00:00:00","DATE_TYPE_CODE":"002","REPORT_TYPE":"2021年中报","PER_NETCASH_OPERATE":-0.053452292503,"PER_OI":0.173830529851,"BPS":0.040618917027,"BASIC_EPS":-0.006157392,"DILUTED_EPS":-0.006157392,"OPERATE_INCOME":93524127.84,"OPERATE_INCOME_YOY":101.9694165424,"GROSS_PROFIT":11165681.52,"GROSS_PROFIT_YOY":1127.20765973231,"HOLDER_PROFIT":-3324159.6,"HOLDER_PROFIT_YOY":58.519364552,"GROSS_PROFIT_RATIO":11.938824534244,"EPS_TTM":0.005869364093,"OPERATE_INCOME_QOQ":26.500349997009,"NET_PROFIT_RATIO":-3.554333707,"ROE_AVG":-14.739521841795,"GROSS_PROFIT_QOQ":106.03900540838,"ROA":-1.567029234215,"HOLDER_PROFIT_QOQ":236.3866008707,"ROE_YEARLY":-29.479043683589,"ROIC_YEARLY":-3.758346327616,"TOTAL_ASSETS":214971196.32,"TOTAL_LIABILITIES":193117447.2,"TAX_EBT":-2.752057613169,"OCF_SALES":-30.749657467215,"TOTAL_PARENT_EQUITY":21853749.12,"DEBT_ASSET_RATIO":89.8341035943,"OPERATE_PROFIT":-2100169.92,"PRETAX_PROFIT":-3235127.04,"NETCASH_OPERATE":-28758348.96,"NETCASH_INVEST":-2457964.32,"NETCASH_FINANCE":-181393.44,"END_CASH":19766892.48,"DIVI_RATIO":null,"DIVIDEND_RATE":null,"CURRENT_RATIO":2.910839436458,"COMMON_ACS":null,"CURRENTDEBT_DEBT":30.062906631048,"ISSUED_COMMON_SHARES":538019000,"HK_COMMON_SHARES":538019000,"PER_SHARES":2000,"TOTAL_MARKET_CAP":174856175,"HKSK_MARKET_CAP":174856175,"PE_TTM":-3.442389506841,"PB_TTM":3.69706053366,"REPORT_DATE_SQ":"2020-06-30 00:00:00","REPORT_TYPE_SQ":"2020年中报","OPERATE_INCOME_SQ":50833849.44,"DPS_HKD":null,"OPERATE_INCOME_QOQ_SQ":-24.433132080352,"NET_PROFIT_RATIO_SQ":-17.3060681749,"HOLDER_PROFIT_SQ":-8797340.64,"HOLDER_PROFIT_QOQ_SQ":30.502625583195,"ROE_AVG_SQ":-87.998538078487,"PE_TTM_SQ":-5.767908831664,"PB_TTM_SQ":2.828314741413,"ROA_SQ":-4.222918904698,"START_DATE":"2021-01-01 00:00:00","FISCAL_YEAR":"12-31","CURRENCY":"HKD","IS_CNY_CODE":0,"DPS_HKD_LY":null,"ORG_TYPE":"一般企业","PREMIUM_INCOME":null,"PREMIUM_INCOME_YOY":null,"NET_INTEREST_INCOME":null,"NET_INTEREST_INCOME_YOY":null,"FEE_COMMISSION_INCOME":null,"FEE_COMMISSION_INCOME_YOY":null,"ACCOUNTS_RECE_TDAYS":1.397889447861,"INVENTORY_TDAYS":1.318858345881,"CURRENT_ASSETS_TDAYS":0.563152910761,"TOTAL_ASSETS_TDAYS":0.440878477765,"PREMIUM_EXPENSE":null,"LOAN_DEPOSIT":null,"LOAN_EQUITY":null,"LOAN_ASSETS":null,"DEPOSIT_EQUITY":null,"DEPOSIT_ASSETS":null,"EQUITY_MULTIPLIER":9.836810843747,"EQUITY_RATIO":8.83681084374},{"SECUCODE":"01058.HK","SECURITY_CODE":"01058","SECURITY_NAME_ABBR":"南粤控股","ORG_CODE":"10009221","STD_REPORT_DATE":"2020-12-31 00:00:00","REPORT_DATE":"2020-12-31 00:00:00","DATE_TYPE_CODE":"001","REPORT_TYPE":"2020年年报","PER_NETCASH_OPERATE":0.022848624008,"PER_OI":0.299419281773,"BPS":0.043713675837,"BASIC_EPS":-0.004292364,"DILUTED_EPS":-0.004292364,"OPERATE_INCOME":161093262.56,"OPERATE_INCOME_YOY":7.5182563757,"GROSS_PROFIT":11554875.56,"GROSS_PROFIT_YOY":322.592471022839,"HOLDER_PROFIT":-2315351.64,"HOLDER_PROFIT_YOY":92.9450684721,"GROSS_PROFIT_RATIO":7.172786357652,"EPS_TTM":-0.004303475602,"OPERATE_INCOME_QOQ":33.682881071265,"NET_PROFIT_RATIO":-1.4372740382,"ROE_AVG":-12.5941355552,"GROSS_PROFIT_QOQ":476.930312888672,"ROA":-1.122259367969,"HOLDER_PROFIT_QOQ":90.46217364267,"ROE_YEARLY":-12.5941355552,"ROIC_YEARLY":-1.446030119057,"TOTAL_ASSETS":211696025.92,"TOTAL_LIABILITIES":188177237.76,"TAX_EBT":-4.83993902439,"OCF_SALES":7.630979498861,"TOTAL_PARENT_EQUITY":23518788.16,"DEBT_ASSET_RATIO":88.8903024713,"OPERATE_PROFIT":1700112.8,"PRETAX_PROFIT":-2208463.36,"NETCASH_OPERATE":12242495.44,"NETCASH_INVEST":-4414401.8,"NETCASH_FINANCE":-489834.48,"END_CASH":51288699.96,"DIVI_RATIO":null,"DIVIDEND_RATE":null,"CURRENT_RATIO":3.133756333008,"COMMON_ACS":null,"CURRENTDEBT_DEBT":27.984560612566,"ISSUED_COMMON_SHARES":538019000,"HK_COMMON_SHARES":538019000,"PER_SHARES":2000,"TOTAL_MARKET_CAP":177546270,"HKSK_MARKET_CAP":177546270,"PE_TTM":-3.495349345408,"PB_TTM":3.753938388024,"REPORT_DATE_SQ":"2019-12-31 00:00:00","REPORT_TYPE_SQ":"2019年年报","OPERATE_INCOME_SQ":159466755.6,"DPS_HKD":null,"OPERATE_INCOME_QOQ_SQ":-18.444893932183,"NET_PROFIT_RATIO_SQ":-21.9042804179,"HOLDER_PROFIT_SQ":-34930045.32,"HOLDER_PROFIT_QOQ_SQ":30.354194571244,"ROE_AVG_SQ":-104.211876636913,"PE_TTM_SQ":-5.075759771865,"PB_TTM_SQ":2.488916972443,"ROA_SQ":-14.898303433441,"START_DATE":"2020-01-01 00:00:00","FISCAL_YEAR":"12-31","CURRENCY":"HKD","IS_CNY_CODE":0,"DPS_HKD_LY":null,"ORG_TYPE":"一般企业","PREMIUM_INCOME":null,"PREMIUM_INCOME_YOY":null,"NET_INTEREST_INCOME":null,"NET_INTEREST_INCOME_YOY":null,"FEE_COMMISSION_INCOME":null,"FEE_COMMISSION_INCOME_YOY":null,"ACCOUNTS_RECE_TDAYS":2.975322747375,"INVENTORY_TDAYS":2.552985128242,"CURRENT_ASSETS_TDAYS":1.00443695768,"TOTAL_ASSETS_TDAYS":0.780824907549,"PREMIUM_EXPENSE":null,"LOAN_DEPOSIT":null,"LOAN_EQUITY":null,"LOAN_ASSETS":null,"DEPOSIT_EQUITY":null,"DEPOSIT_ASSETS":null,"EQUITY_MULTIPLIER":9.001145147441,"EQUITY_RATIO":8.001145147438},{"SECUCODE":"01058.HK","SECURITY_CODE":"01058","SECURITY_NAME_ABBR":"南粤控股","ORG_CODE":"10009221","STD_REPORT_DATE":"2020-06-30 00:00:00","REPORT_DATE":"2020-06-30 00:00:00","DATE_TYPE_CODE":"002","REPORT_TYPE":"2020年中报","PER_NETCASH_OPERATE":-0.028867419775,"PER_OI":0.094483372223,"BPS":0.010434579894,"BASIC_EPS":-0.016350576,"DILUTED_EPS":-0.016350576,"OPERATE_INCOME":50833849.44,"OPERATE_INCOME_YOY":-45.4834886022,"GROSS_PROFIT":-1086993.6,"GROSS_PROFIT_YOY":66.163816304711,"HOLDER_PROFIT":-8797340.64,"HOLDER_PROFIT_YOY":56.4464342242,"GROSS_PROFIT_RATIO":-2.138326355322,"EPS_TTM":-0.045120087543,"OPERATE_INCOME_QOQ":-24.433132080352,"NET_PROFIT_RATIO":-17.3060681749,"ROE_AVG":-87.998538078487,"GROSS_PROFIT_QOQ":40.945988313606,"ROA":-4.222918904698,"HOLDER_PROFIT_QOQ":30.502625583195,"ROE_YEARLY":-175.997076156974,"ROIC_YEARLY":-10.121700016815,"TOTAL_ASSETS":198579115.68,"TOTAL_LIABILITIES":192965113.44,"TAX_EBT":-1.293647454775,"OCF_SALES":-30.552910100447,"TOTAL_PARENT_EQUITY":5614002.24,"DEBT_ASSET_RATIO":97.1729140697,"OPERATE_PROFIT":-6321004.8,"PRETAX_PROFIT":-8684987.52,"NETCASH_OPERATE":-15531220.32,"NETCASH_INVEST":-3662894.4,"NETCASH_FINANCE":-394606.08,"END_CASH":24379713.6,"DIVI_RATIO":null,"DIVIDEND_RATE":null,"CURRENT_RATIO":3.190373590858,"COMMON_ACS":null,"CURRENTDEBT_DEBT":24.606747423681,"ISSUED_COMMON_SHARES":538019000,"HK_COMMON_SHARES":538019000,"PER_SHARES":2000,"TOTAL_MARKET_CAP":174856175,"HKSK_MARKET_CAP":174856175,"PE_TTM":-3.442389506841,"PB_TTM":3.69706053366,"REPORT_DATE_SQ":"2019-06-30 00:00:00","REPORT_TYPE_SQ":"2019年中报","OPERATE_INCOME_SQ":89796572.46,"DPS_HKD":null,"OPERATE_INCOME_QOQ_SQ":-6.360145649956,"NET_PROFIT_RATIO_SQ":-21.6622094219,"HOLDER_PROFIT_SQ":-19451921.58,"HOLDER_PROFIT_QOQ_SQ":29.542752237608,"ROE_AVG_SQ":-46.519896075482,"PE_TTM_SQ":-5.767908831664,"PB_TTM_SQ":2.828314741413,"ROA_SQ":-8.258761839314,"START_DATE":"2020-01-01 00:00:00","FISCAL_YEAR":"12-31","CURRENCY":"HKD","IS_CNY_CODE":0,"DPS_HKD_LY":null,"ORG_TYPE":"一般企业","PREMIUM_INCOME":null,"PREMIUM_INCOME_YOY":null,"NET_INTEREST_INCOME":null,"NET_INTEREST_INCOME_YOY":null,"FEE_COMMISSION_INCOME":null,"FEE_COMMISSION_INCOME_YOY":null,"ACCOUNTS_RECE_TDAYS":1.06917320679,"INVENTORY_TDAYS":0.680009809962,"CURRENT_ASSETS_TDAYS":0.31720545025,"TOTAL_ASSETS_TDAYS":0.244013768005,"PREMIUM_EXPENSE":null,"LOAN_DEPOSIT":null,"LOAN_EQUITY":null,"LOAN_ASSETS":null,"DEPOSIT_EQUITY":null,"DEPOSIT_ASSETS":null,"EQUITY_MULTIPLIER":35.372111943335,"EQUITY_RATIO":34.372111942727}],"count":53},"success":true,"message":"ok","code":0}