{"version":"c35d2968e375039f8ee7f195c35ec0d2","result":{"pages":9,"data":[{"SECUCODE":"01055.HK","SECURITY_CODE":"01055","SECURITY_NAME_ABBR":"中国南方航空股份","ORG_CODE":"10007143","STD_REPORT_DATE":"2024-09-30 00:00:00","REPORT_DATE":"2024-09-30 00:00:00","DATE_TYPE_CODE":"004","REPORT_TYPE":"2024年三季报","PER_NETCASH_OPERATE":1.482100036501,"PER_OI":7.431249693384,"BPS":2.13438490616,"BASIC_EPS":0.11,"DILUTED_EPS":0.11,"OPERATE_INCOME":134661000000,"OPERATE_INCOME_YOY":12.6955168172,"GROSS_PROFIT":13923000000,"GROSS_PROFIT_YOY":5.999238675295,"HOLDER_PROFIT":1965000000,"HOLDER_PROFIT_YOY":48.8636363636,"GROSS_PROFIT_RATIO":10.339296455544,"EPS_TTM":-0.192871118426,"OPERATE_INCOME_QOQ":1.278276813447,"NET_PROFIT_RATIO":2.7365012884,"ROE_AVG":5.207988232332,"GROSS_PROFIT_QOQ":-4.229896310801,"ROA":0.628249151144,"HOLDER_PROFIT_QOQ":-50.841605524385,"ROE_YEARLY":6.943984309776,"ROIC_YEARLY":0.686694379066,"TOTAL_ASSETS":315952000000,"TOTAL_LIABILITIES":260396000000,"TAX_EBT":25.630676084763,"OCF_SALES":19.944156065973,"TOTAL_PARENT_EQUITY":38677000000,"DEBT_ASSET_RATIO":82.4163164025,"OPERATE_PROFIT":9243000000,"PRETAX_PROFIT":4955000000,"NETCASH_OPERATE":26857000000,"NETCASH_INVEST":-10612000000,"NETCASH_FINANCE":-16238000000,"END_CASH":9514000000,"DIVI_RATIO":null,"DIVIDEND_RATE":null,"CURRENT_RATIO":0.234949832776,"COMMON_ACS":null,"CURRENTDEBT_DEBT":52.360251309544,"ISSUED_COMMON_SHARES":18120911504,"HK_COMMON_SHARES":4643997308,"PER_SHARES":2000,"TOTAL_MARKET_CAP":62517144688.8,"HKSK_MARKET_CAP":16021790712.6,"PE_TTM":-16.331901618065,"PB_TTM":1.457645006306,"REPORT_DATE_SQ":"2023-09-30 00:00:00","REPORT_TYPE_SQ":"2023年三季报","OPERATE_INCOME_SQ":119491000000,"DPS_HKD":null,"OPERATE_INCOME_QOQ_SQ":15.513415543058,"NET_PROFIT_RATIO_SQ":2.3181662217,"HOLDER_PROFIT_SQ":1320000000,"HOLDER_PROFIT_QOQ_SQ":42.73852030225,"ROE_AVG_SQ":3.158310303987,"PE_TTM_SQ":-3.434634828596,"PB_TTM_SQ":1.171061535802,"ROA_SQ":0.426875706407,"START_DATE":"2024-01-01 00:00:00","FISCAL_YEAR":"12-31","CURRENCY":"HKD","IS_CNY_CODE":0,"DPS_HKD_LY":null,"ORG_TYPE":"一般企业","PREMIUM_INCOME":null,"PREMIUM_INCOME_YOY":null,"NET_INTEREST_INCOME":null,"NET_INTEREST_INCOME_YOY":null,"FEE_COMMISSION_INCOME":null,"FEE_COMMISSION_INCOME_YOY":null,"ACCOUNTS_RECE_TDAYS":34.361061495279,"INVENTORY_TDAYS":67.983108108108,"CURRENT_ASSETS_TDAYS":4.490720824371,"TOTAL_ASSETS_TDAYS":0.430537704541,"PREMIUM_EXPENSE":null,"LOAN_DEPOSIT":null,"LOAN_EQUITY":null,"LOAN_ASSETS":null,"DEPOSIT_EQUITY":null,"DEPOSIT_ASSETS":null,"EQUITY_MULTIPLIER":5.687090503279,"EQUITY_RATIO":6.732580086356},{"SECUCODE":"01055.HK","SECURITY_CODE":"01055","SECURITY_NAME_ABBR":"中国南方航空股份","ORG_CODE":"10007143","STD_REPORT_DATE":"2024-06-30 00:00:00","REPORT_DATE":"2024-06-30 00:00:00","DATE_TYPE_CODE":"002","REPORT_TYPE":"2024年中报","PER_NETCASH_OPERATE":0.711498546149,"PER_OI":4.679125240672,"BPS":1.983619863276,"BASIC_EPS":-0.06,"DILUTED_EPS":-0.06,"OPERATE_INCOME":84790000000,"OPERATE_INCOME_YOY":18.0426005847,"GROSS_PROFIT":21624000000,"GROSS_PROFIT_YOY":14.201214681806,"HOLDER_PROFIT":-1054000000,"HOLDER_PROFIT_YOY":63.3646159194,"GROSS_PROFIT_RATIO":25.503007430122,"EPS_TTM":-0.127863346888,"OPERATE_INCOME_QOQ":1.416043408124,"NET_PROFIT_RATIO":-0.4811888194,"ROE_AVG":-2.89843116226,"GROSS_PROFIT_QOQ":-3.075396825397,"ROA":-0.337270286616,"HOLDER_PROFIT_QOQ":-55.921938088829,"ROE_YEARLY":-5.79686232452,"ROIC_YEARLY":-0.733536320139,"TOTAL_ASSETS":315422000000,"TOTAL_LIABILITIES":263589000000,"TAX_EBT":214.285714285714,"OCF_SALES":15.205802571058,"TOTAL_PARENT_EQUITY":35945000000,"DEBT_ASSET_RATIO":83.567094242,"OPERATE_PROFIT":4507000000,"PRETAX_PROFIT":357000000,"NETCASH_OPERATE":12893000000,"NETCASH_INVEST":-9776000000,"NETCASH_FINANCE":-3090000000,"END_CASH":9553000000,"DIVI_RATIO":null,"DIVIDEND_RATE":null,"CURRENT_RATIO":0.232273106458,"COMMON_ACS":null,"CURRENTDEBT_DEBT":53.208973060333,"ISSUED_COMMON_SHARES":18120911504,"HK_COMMON_SHARES":4643997308,"PER_SHARES":2000,"TOTAL_MARKET_CAP":64510444954.24,"HKSK_MARKET_CAP":16532630416.48,"PE_TTM":-16.852628916033,"PB_TTM":1.504120644189,"REPORT_DATE_SQ":"2023-06-30 00:00:00","REPORT_TYPE_SQ":"2023年中报","OPERATE_INCOME_SQ":71830000000,"DPS_HKD":null,"OPERATE_INCOME_QOQ_SQ":18.495027247273,"NET_PROFIT_RATIO_SQ":-3.4539885842,"HOLDER_PROFIT_SQ":-2877000000,"HOLDER_PROFIT_QOQ_SQ":19.982724826418,"ROE_AVG_SQ":-7.226101371377,"PE_TTM_SQ":-3.492262929747,"PB_TTM_SQ":1.190710219288,"ROA_SQ":-0.931907884614,"START_DATE":"2024-01-01 00:00:00","FISCAL_YEAR":"12-31","CURRENCY":"HKD","IS_CNY_CODE":0,"DPS_HKD_LY":null,"ORG_TYPE":"一般企业","PREMIUM_INCOME":null,"PREMIUM_INCOME_YOY":null,"NET_INTEREST_INCOME":null,"NET_INTEREST_INCOME_YOY":null,"FEE_COMMISSION_INCOME":null,"FEE_COMMISSION_INCOME_YOY":null,"ACCOUNTS_RECE_TDAYS":21.050148957299,"INVENTORY_TDAYS":37.677303906949,"CURRENT_ASSETS_TDAYS":2.802234119902,"TOTAL_ASSETS_TDAYS":0.271320185979,"PREMIUM_EXPENSE":null,"LOAN_DEPOSIT":null,"LOAN_EQUITY":null,"LOAN_ASSETS":null,"DEPOSIT_EQUITY":null,"DEPOSIT_ASSETS":null,"EQUITY_MULTIPLIER":6.085351031196,"EQUITY_RATIO":7.333120044512},{"SECUCODE":"01055.HK","SECURITY_CODE":"01055","SECURITY_NAME_ABBR":"中国南方航空股份","ORG_CODE":"10007143","STD_REPORT_DATE":"2024-03-31 00:00:00","REPORT_DATE":"2024-03-31 00:00:00","DATE_TYPE_CODE":"003","REPORT_TYPE":"2024年一季报","PER_NETCASH_OPERATE":0.53954251118,"PER_OI":2.461300556525,"BPS":2.071639718108,"BASIC_EPS":0.04,"DILUTED_EPS":0.04,"OPERATE_INCOME":44601000000,"OPERATE_INCOME_YOY":30.9675524886,"GROSS_PROFIT":4876000000,"GROSS_PROFIT_YOY":540.735873850197,"HOLDER_PROFIT":756000000,"HOLDER_PROFIT_YOY":139.8314014752,"GROSS_PROFIT_RATIO":10.932490302908,"EPS_TTM":-0.082004722473,"OPERATE_INCOME_QOQ":6.594176165674,"NET_PROFIT_RATIO":2.8160803569,"ROE_AVG":2.03433614983,"GROSS_PROFIT_QOQ":9.738953447093,"ROA":0.242570087835,"HOLDER_PROFIT_QOQ":64.106280193237,"ROE_YEARLY":8.137344599322,"ROIC_YEARLY":1.056745928436,"TOTAL_ASSETS":313729000000,"TOTAL_LIABILITIES":260476000000,"TAX_EBT":20.65698041693,"OCF_SALES":21.921033160692,"TOTAL_PARENT_EQUITY":37540000000,"DEBT_ASSET_RATIO":83.0257961489,"OPERATE_PROFIT":3122000000,"PRETAX_PROFIT":1583000000,"NETCASH_OPERATE":9777000000,"NETCASH_INVEST":-3649000000,"NETCASH_FINANCE":-5971000000,"END_CASH":9692000000,"DIVI_RATIO":null,"DIVIDEND_RATE":null,"CURRENT_RATIO":0.224606965844,"COMMON_ACS":null,"CURRENTDEBT_DEBT":51.354827316144,"ISSUED_COMMON_SHARES":18120911504,"HK_COMMON_SHARES":4643997308,"PER_SHARES":2000,"TOTAL_MARKET_CAP":64510444954.24,"HKSK_MARKET_CAP":16532630416.48,"PE_TTM":-16.852628916033,"PB_TTM":1.504120644189,"REPORT_DATE_SQ":"2023-03-31 00:00:00","REPORT_TYPE_SQ":"2023年一季报","OPERATE_INCOME_SQ":34055000000,"DPS_HKD":null,"OPERATE_INCOME_QOQ_SQ":14.4545652948,"NET_PROFIT_RATIO_SQ":-5.0623990603,"HOLDER_PROFIT_SQ":-1898000000,"HOLDER_PROFIT_QOQ_SQ":7.945197100829,"ROE_AVG_SQ":-4.719397269811,"PE_TTM_SQ":-3.492262929747,"PB_TTM_SQ":1.190710219288,"ROA_SQ":-0.611266235753,"START_DATE":"2024-01-01 00:00:00","FISCAL_YEAR":"12-31","CURRENCY":"HKD","IS_CNY_CODE":0,"DPS_HKD_LY":null,"ORG_TYPE":"一般企业","PREMIUM_INCOME":null,"PREMIUM_INCOME_YOY":null,"NET_INTEREST_INCOME":null,"NET_INTEREST_INCOME_YOY":null,"FEE_COMMISSION_INCOME":null,"FEE_COMMISSION_INCOME_YOY":null,"ACCOUNTS_RECE_TDAYS":11.529274912757,"INVENTORY_TDAYS":23.624739815641,"CURRENT_ASSETS_TDAYS":1.538389900662,"TOTAL_ASSETS_TDAYS":0.143106726026,"PREMIUM_EXPENSE":null,"LOAN_DEPOSIT":null,"LOAN_EQUITY":null,"LOAN_ASSETS":null,"DEPOSIT_EQUITY":null,"DEPOSIT_ASSETS":null,"EQUITY_MULTIPLIER":5.89129250934,"EQUITY_RATIO":6.938625466169},{"SECUCODE":"01055.HK","SECURITY_CODE":"01055","SECURITY_NAME_ABBR":"中国南方航空股份","ORG_CODE":"10007143","STD_REPORT_DATE":"2023-12-31 00:00:00","REPORT_DATE":"2023-12-31 00:00:00","DATE_TYPE_CODE":"001","REPORT_TYPE":"2023年年报","PER_NETCASH_OPERATE":1.882190574961,"PER_OI":8.825662077079,"BPS":2.045758017847,"BASIC_EPS":-0.23,"DILUTED_EPS":-0.23,"OPERATE_INCOME":159929000000,"OPERATE_INCOME_YOY":83.7018573611,"GROSS_PROFIT":42253000000,"GROSS_PROFIT_YOY":496.120203160271,"HOLDER_PROFIT":-4140000000,"HOLDER_PROFIT_YOY":87.3390623566,"GROSS_PROFIT_RATIO":26.419848807909,"EPS_TTM":-0.22846538776,"OPERATE_INCOME_QOQ":17.259456407775,"NET_PROFIT_RATIO":-1.8489454696,"ROE_AVG":-10.568503816404,"GROSS_PROFIT_QOQ":39.550168439131,"ROA":-1.331527944397,"HOLDER_PROFIT_QOQ":69.982598607889,"ROE_YEARLY":-10.568503816404,"ROIC_YEARLY":-1.470583011569,"TOTAL_ASSETS":309226000000,"TOTAL_LIABILITIES":257229000000,"TAX_EBT":-94.411571334648,"OCF_SALES":21.326338562737,"TOTAL_PARENT_EQUITY":36784000000,"DEBT_ASSET_RATIO":83.08537578,"OPERATE_PROFIT":5557000000,"PRETAX_PROFIT":-1521000000,"NETCASH_OPERATE":34107000000,"NETCASH_INVEST":-17898000000,"NETCASH_FINANCE":-26592000000,"END_CASH":9531000000,"DIVI_RATIO":null,"DIVIDEND_RATE":null,"CURRENT_RATIO":0.215851849563,"COMMON_ACS":null,"CURRENTDEBT_DEBT":50.319365234869,"ISSUED_COMMON_SHARES":18120911504,"HK_COMMON_SHARES":4643997308,"PER_SHARES":2000,"TOTAL_MARKET_CAP":64510444954.24,"HKSK_MARKET_CAP":16532630416.48,"PE_TTM":-16.852628916033,"PB_TTM":1.504120644189,"REPORT_DATE_SQ":"2022-12-31 00:00:00","REPORT_TYPE_SQ":"2022年年报","OPERATE_INCOME_SQ":87059000000,"DPS_HKD":null,"OPERATE_INCOME_QOQ_SQ":-6.699174793698,"NET_PROFIT_RATIO_SQ":-38.7277593356,"HOLDER_PROFIT_SQ":-32699000000,"HOLDER_PROFIT_QOQ_SQ":-38.707898532281,"ROE_AVG_SQ":-59.928889540531,"PE_TTM_SQ":-3.492262929747,"PB_TTM_SQ":1.190710219288,"ROA_SQ":-10.291491005686,"START_DATE":"2023-01-01 00:00:00","FISCAL_YEAR":"12-31","CURRENCY":"HKD","IS_CNY_CODE":0,"DPS_HKD_LY":null,"ORG_TYPE":"一般企业","PREMIUM_INCOME":null,"PREMIUM_INCOME_YOY":null,"NET_INTEREST_INCOME":null,"NET_INTEREST_INCOME_YOY":null,"FEE_COMMISSION_INCOME":null,"FEE_COMMISSION_INCOME_YOY":null,"ACCOUNTS_RECE_TDAYS":53.820965842167,"INVENTORY_TDAYS":79.726287262873,"CURRENT_ASSETS_TDAYS":5.210007655596,"TOTAL_ASSETS_TDAYS":0.514371817922,"PREMIUM_EXPENSE":null,"LOAN_DEPOSIT":null,"LOAN_EQUITY":null,"LOAN_ASSETS":null,"DEPOSIT_EQUITY":null,"DEPOSIT_ASSETS":null,"EQUITY_MULTIPLIER":5.912043844389,"EQUITY_RATIO":6.992958895172},{"SECUCODE":"01055.HK","SECURITY_CODE":"01055","SECURITY_NAME_ABBR":"中国南方航空股份","ORG_CODE":"10007143","STD_REPORT_DATE":"2023-09-30 00:00:00","REPORT_DATE":"2023-09-30 00:00:00","DATE_TYPE_CODE":"004","REPORT_TYPE":"2023年三季报","PER_NETCASH_OPERATE":2.040681612585,"PER_OI":6.594096286253,"BPS":2.335092249121,"BASIC_EPS":0.07,"DILUTED_EPS":0.05,"OPERATE_INCOME":119491000000,"OPERATE_INCOME_YOY":70.3097162241,"GROSS_PROFIT":13135000000,"GROSS_PROFIT_YOY":230.63152660368,"HOLDER_PROFIT":1320000000,"HOLDER_PROFIT_YOY":107.5055438676,"GROSS_PROFIT_RATIO":10.992459683156,"EPS_TTM":-0.761109840741,"OPERATE_INCOME_QOQ":15.513415543058,"NET_PROFIT_RATIO":2.3181662217,"ROE_AVG":3.158310303987,"GROSS_PROFIT_QOQ":37.49602652014,"ROA":0.426875706407,"HOLDER_PROFIT_QOQ":42.73852030225,"ROE_YEARLY":4.211080405316,"ROIC_YEARLY":0.47611232644,"TOTAL_ASSETS":306201000000,"TOTAL_LIABILITIES":248339000000,"TAX_EBT":30.156328794755,"OCF_SALES":30.947100618457,"TOTAL_PARENT_EQUITY":42314000000,"DEBT_ASSET_RATIO":81.1032622362,"OPERATE_PROFIT":9282000000,"PRETAX_PROFIT":3966000000,"NETCASH_OPERATE":36979000000,"NETCASH_INVEST":-6633000000,"NETCASH_FINANCE":-36069000000,"END_CASH":14191000000,"DIVI_RATIO":null,"DIVIDEND_RATE":null,"CURRENT_RATIO":0.223539411291,"COMMON_ACS":null,"CURRENTDEBT_DEBT":54.008432022357,"ISSUED_COMMON_SHARES":18120911504,"HK_COMMON_SHARES":4643997308,"PER_SHARES":2000,"TOTAL_MARKET_CAP":64510444954.24,"HKSK_MARKET_CAP":16532630416.48,"PE_TTM":-16.852628916033,"PB_TTM":1.504120644189,"REPORT_DATE_SQ":"2022-09-30 00:00:00","REPORT_TYPE_SQ":"2022年三季报","OPERATE_INCOME_SQ":70161000000,"DPS_HKD":null,"OPERATE_INCOME_QOQ_SQ":2.668207074875,"NET_PROFIT_RATIO_SQ":-25.8476931629,"HOLDER_PROFIT_SQ":-17587000000,"HOLDER_PROFIT_QOQ_SQ":-24.690574420819,"ROE_AVG_SQ":-29.447616496157,"PE_TTM_SQ":-3.492262929747,"PB_TTM_SQ":1.190710219288,"ROA_SQ":-5.556670168482,"START_DATE":"2023-01-01 00:00:00","FISCAL_YEAR":"12-31","CURRENCY":"HKD","IS_CNY_CODE":0,"DPS_HKD_LY":null,"ORG_TYPE":"一般企业","PREMIUM_INCOME":null,"PREMIUM_INCOME_YOY":null,"NET_INTEREST_INCOME":null,"NET_INTEREST_INCOME_YOY":null,"FEE_COMMISSION_INCOME":null,"FEE_COMMISSION_INCOME_YOY":null,"ACCOUNTS_RECE_TDAYS":34.690375961678,"INVENTORY_TDAYS":66.932662051605,"CURRENT_ASSETS_TDAYS":3.767293019736,"TOTAL_ASSETS_TDAYS":0.386422765411,"PREMIUM_EXPENSE":null,"LOAN_DEPOSIT":null,"LOAN_EQUITY":null,"LOAN_ASSETS":null,"DEPOSIT_EQUITY":null,"DEPOSIT_ASSETS":null,"EQUITY_MULTIPLIER":5.291918703109,"EQUITY_RATIO":5.86895590112},{"SECUCODE":"01055.HK","SECURITY_CODE":"01055","SECURITY_NAME_ABBR":"中国南方航空股份","ORG_CODE":"10007143","STD_REPORT_DATE":"2023-06-30 00:00:00","REPORT_DATE":"2023-06-30 00:00:00","DATE_TYPE_CODE":"002","REPORT_TYPE":"2023年中报","PER_NETCASH_OPERATE":0.928816718939,"PER_OI":3.963929946015,"BPS":2.116505010884,"BASIC_EPS":-0.16,"DILUTED_EPS":-0.16,"OPERATE_INCOME":71830000000,"OPERATE_INCOME_YOY":75.9805963202,"GROSS_PROFIT":18935000000,"GROSS_PROFIT_YOY":373.138430784608,"HOLDER_PROFIT":-2877000000,"HOLDER_PROFIT_YOY":74.9608355091,"GROSS_PROFIT_RATIO":26.360852011694,"EPS_TTM":-1.329183024916,"OPERATE_INCOME_QOQ":18.495027247273,"NET_PROFIT_RATIO":-3.4539885842,"ROE_AVG":-7.226101371377,"GROSS_PROFIT_QOQ":94.893353394106,"ROA":-0.931907884614,"HOLDER_PROFIT_QOQ":19.982724826418,"ROE_YEARLY":-14.452202742754,"ROIC_YEARLY":-2.070301748099,"TOTAL_ASSETS":305197000000,"TOTAL_LIABILITIES":252311000000,"TAX_EBT":-40.646258503401,"OCF_SALES":23.43171376862,"TOTAL_PARENT_EQUITY":38353000000,"DEBT_ASSET_RATIO":82.6715203623,"OPERATE_PROFIT":1433000000,"PRETAX_PROFIT":-1764000000,"NETCASH_OPERATE":16831000000,"NETCASH_INVEST":-4505000000,"NETCASH_FINANCE":-19189000000,"END_CASH":13076000000,"DIVI_RATIO":null,"DIVIDEND_RATE":null,"CURRENT_RATIO":0.205071434238,"COMMON_ACS":null,"CURRENTDEBT_DEBT":54.955590521222,"ISSUED_COMMON_SHARES":18120911504,"HK_COMMON_SHARES":4643997308,"PER_SHARES":2000,"TOTAL_MARKET_CAP":64510444954.24,"HKSK_MARKET_CAP":16532630416.48,"PE_TTM":-16.852628916033,"PB_TTM":1.504120644189,"REPORT_DATE_SQ":"2022-06-30 00:00:00","REPORT_TYPE_SQ":"2022年中报","OPERATE_INCOME_SQ":40817000000,"DPS_HKD":null,"OPERATE_INCOME_QOQ_SQ":-10.776344466042,"NET_PROFIT_RATIO_SQ":-29.3652154739,"HOLDER_PROFIT_SQ":-11490000000,"HOLDER_PROFIT_QOQ_SQ":-50.095268339155,"ROE_AVG_SQ":-18.498394068922,"PE_TTM_SQ":-3.492262929747,"PB_TTM_SQ":1.190710219288,"ROA_SQ":-3.564874352916,"START_DATE":"2023-01-01 00:00:00","FISCAL_YEAR":"12-31","CURRENCY":"HKD","IS_CNY_CODE":0,"DPS_HKD_LY":null,"ORG_TYPE":"一般企业","PREMIUM_INCOME":null,"PREMIUM_INCOME_YOY":null,"NET_INTEREST_INCOME":null,"NET_INTEREST_INCOME_YOY":null,"FEE_COMMISSION_INCOME":null,"FEE_COMMISSION_INCOME_YOY":null,"ACCOUNTS_RECE_TDAYS":21.185665830998,"INVENTORY_TDAYS":35.995236474991,"CURRENT_ASSETS_TDAYS":2.321252565076,"TOTAL_ASSETS_TDAYS":0.232669250441,"PREMIUM_EXPENSE":null,"LOAN_DEPOSIT":null,"LOAN_EQUITY":null,"LOAN_ASSETS":null,"DEPOSIT_EQUITY":null,"DEPOSIT_ASSETS":null,"EQUITY_MULTIPLIER":5.770846726936,"EQUITY_RATIO":6.578650952989},{"SECUCODE":"01055.HK","SECURITY_CODE":"01055","SECURITY_NAME_ABBR":"中国南方航空股份","ORG_CODE":"10007143","STD_REPORT_DATE":"2023-03-31 00:00:00","REPORT_DATE":"2023-03-31 00:00:00","DATE_TYPE_CODE":"003","REPORT_TYPE":"2023年一季报","PER_NETCASH_OPERATE":0.486068633589,"PER_OI":1.879321902461,"BPS":2.160984009626,"BASIC_EPS":-0.1,"DILUTED_EPS":-0.1,"OPERATE_INCOME":34055000000,"OPERATE_INCOME_YOY":58.6092869452,"GROSS_PROFIT":761000000,"GROSS_PROFIT_YOY":122.057971014493,"HOLDER_PROFIT":-1898000000,"HOLDER_PROFIT_YOY":57.7846975089,"GROSS_PROFIT_RATIO":2.234620466892,"EPS_TTM":-1.661120792423,"OPERATE_INCOME_QOQ":14.4545652948,"NET_PROFIT_RATIO":-5.0623990603,"ROE_AVG":-4.719397269811,"GROSS_PROFIT_QOQ":59.410270880361,"ROA":-0.611266235753,"HOLDER_PROFIT_QOQ":7.945197100829,"ROE_YEARLY":-18.877589079245,"ROIC_YEARLY":-2.743106553719,"TOTAL_ASSETS":308760000000,"TOTAL_LIABILITIES":255370000000,"TAX_EBT":-22.87954383464,"OCF_SALES":25.86404345911,"TOTAL_PARENT_EQUITY":39159000000,"DEBT_ASSET_RATIO":82.7082523643,"OPERATE_PROFIT":-586000000,"PRETAX_PROFIT":-1403000000,"NETCASH_OPERATE":8808000000,"NETCASH_INVEST":-1549000000,"NETCASH_FINANCE":-8176000000,"END_CASH":18948000000,"DIVI_RATIO":null,"DIVIDEND_RATE":null,"CURRENT_RATIO":0.234183218629,"COMMON_ACS":null,"CURRENTDEBT_DEBT":54.906606100952,"ISSUED_COMMON_SHARES":18120911504,"HK_COMMON_SHARES":4643997308,"PER_SHARES":2000,"TOTAL_MARKET_CAP":64510444954.24,"HKSK_MARKET_CAP":16532630416.48,"PE_TTM":-16.852628916033,"PB_TTM":1.504120644189,"REPORT_DATE_SQ":"2022-03-31 00:00:00","REPORT_TYPE_SQ":"2022年一季报","OPERATE_INCOME_SQ":21471000000,"DPS_HKD":null,"OPERATE_INCOME_QOQ_SQ":0.214474046673,"NET_PROFIT_RATIO_SQ":-21.1401425178,"HOLDER_PROFIT_SQ":-4496000000,"HOLDER_PROFIT_QOQ_SQ":-4.047579712539,"ROE_AVG_SQ":-6.865642012354,"PE_TTM_SQ":-3.492262929747,"PB_TTM_SQ":1.190710219288,"ROA_SQ":-1.398377372164,"START_DATE":"2023-01-01 00:00:00","FISCAL_YEAR":"12-31","CURRENCY":"HKD","IS_CNY_CODE":0,"DPS_HKD_LY":null,"ORG_TYPE":"一般企业","PREMIUM_INCOME":null,"PREMIUM_INCOME_YOY":null,"NET_INTEREST_INCOME":null,"NET_INTEREST_INCOME_YOY":null,"FEE_COMMISSION_INCOME":null,"FEE_COMMISSION_INCOME_YOY":null,"ACCOUNTS_RECE_TDAYS":11.241128899158,"INVENTORY_TDAYS":22.788501026694,"CURRENT_ASSETS_TDAYS":1.027455121436,"TOTAL_ASSETS_TDAYS":0.109676879128,"PREMIUM_EXPENSE":null,"LOAN_DEPOSIT":null,"LOAN_EQUITY":null,"LOAN_ASSETS":null,"DEPOSIT_EQUITY":null,"DEPOSIT_ASSETS":null,"EQUITY_MULTIPLIER":5.78310545046,"EQUITY_RATIO":6.521361628234},{"SECUCODE":"01055.HK","SECURITY_CODE":"01055","SECURITY_NAME_ABBR":"中国南方航空股份","ORG_CODE":"10007143","STD_REPORT_DATE":"2022-12-31 00:00:00","REPORT_DATE":"2022-12-31 00:00:00","DATE_TYPE_CODE":"001","REPORT_TYPE":"2022年年报","PER_NETCASH_OPERATE":-0.135203052036,"PER_OI":4.804343880473,"BPS":2.277755177541,"BASIC_EPS":-1.9,"DILUTED_EPS":-1.9,"OPERATE_INCOME":87059000000,"OPERATE_INCOME_YOY":-14.3491007831,"GROSS_PROFIT":7088000000,"GROSS_PROFIT_YOY":-68.865852587191,"HOLDER_PROFIT":-32699000000,"HOLDER_PROFIT_YOY":-170.1057326945,"GROSS_PROFIT_RATIO":8.141605118368,"EPS_TTM":-1.804491672861,"OPERATE_INCOME_QOQ":-6.699174793698,"NET_PROFIT_RATIO":-38.7277593356,"ROE_AVG":-59.928889540531,"GROSS_PROFIT_QOQ":-40.755600133735,"ROA":-10.291491005686,"HOLDER_PROFIT_QOQ":-38.707898532281,"ROE_YEARLY":-59.928889540531,"ROIC_YEARLY":-11.60833624734,"TOTAL_ASSETS":312246000000,"TOTAL_LIABILITIES":256887000000,"TAX_EBT":-6.86529318542,"OCF_SALES":-2.814183484763,"TOTAL_PARENT_EQUITY":41275000000,"DEBT_ASSET_RATIO":82.2707096328,"OPERATE_PROFIT":-22542000000,"PRETAX_PROFIT":-31550000000,"NETCASH_OPERATE":-2450000000,"NETCASH_INVEST":-5851000000,"NETCASH_FINANCE":6658000000,"END_CASH":19889000000,"DIVI_RATIO":null,"DIVIDEND_RATE":null,"CURRENT_RATIO":0.236494224434,"COMMON_ACS":null,"CURRENTDEBT_DEBT":55.066235348616,"ISSUED_COMMON_SHARES":18120911504,"HK_COMMON_SHARES":4643997308,"PER_SHARES":2000,"TOTAL_MARKET_CAP":64510444954.24,"HKSK_MARKET_CAP":16532630416.48,"PE_TTM":-16.852628916033,"PB_TTM":1.504120644189,"REPORT_DATE_SQ":"2021-12-31 00:00:00","REPORT_TYPE_SQ":"2021年年报","OPERATE_INCOME_SQ":101644000000,"DPS_HKD":null,"OPERATE_INCOME_QOQ_SQ":-3.842733619662,"NET_PROFIT_RATIO_SQ":-10.8378261383,"HOLDER_PROFIT_SQ":-12106000000,"HOLDER_PROFIT_QOQ_SQ":-27.391350099968,"ROE_AVG_SQ":-17.617055335249,"PE_TTM_SQ":-3.492262929747,"PB_TTM_SQ":1.190710219288,"ROA_SQ":-3.72725117535,"START_DATE":"2022-01-01 00:00:00","FISCAL_YEAR":"12-31","CURRENCY":"HKD","IS_CNY_CODE":0,"DPS_HKD_LY":null,"ORG_TYPE":"一般企业","PREMIUM_INCOME":null,"PREMIUM_INCOME_YOY":null,"NET_INTEREST_INCOME":null,"NET_INTEREST_INCOME_YOY":null,"FEE_COMMISSION_INCOME":null,"FEE_COMMISSION_INCOME_YOY":null,"ACCOUNTS_RECE_TDAYS":31.790761365711,"INVENTORY_TDAYS":52.629812438302,"CURRENT_ASSETS_TDAYS":2.441362871565,"TOTAL_ASSETS_TDAYS":0.274004377952,"PREMIUM_EXPENSE":null,"LOAN_DEPOSIT":null,"LOAN_EQUITY":null,"LOAN_ASSETS":null,"DEPOSIT_EQUITY":null,"DEPOSIT_ASSETS":null,"EQUITY_MULTIPLIER":5.640383677454,"EQUITY_RATIO":6.223791641429},{"SECUCODE":"01055.HK","SECURITY_CODE":"01055","SECURITY_NAME_ABBR":"中国南方航空股份","ORG_CODE":"10007143","STD_REPORT_DATE":"2022-09-30 00:00:00","REPORT_DATE":"2022-09-30 00:00:00","DATE_TYPE_CODE":"004","REPORT_TYPE":"2022年三季报","PER_NETCASH_OPERATE":0.421543338807,"PER_OI":4.051493451236,"BPS":2.847262953004,"BASIC_EPS":-1.03,"DILUTED_EPS":-1.03,"OPERATE_INCOME":70161000000,"OPERATE_INCOME_YOY":-10.6172367667,"GROSS_PROFIT":-10055000000,"GROSS_PROFIT_YOY":-1446.05087014726,"HOLDER_PROFIT":-17587000000,"HOLDER_PROFIT_YOY":-187.4162444844,"GROSS_PROFIT_RATIO":-14.331323669845,"EPS_TTM":-1.361296256032,"OPERATE_INCOME_QOQ":2.668207074875,"NET_PROFIT_RATIO":-25.8476931629,"ROE_AVG":-29.447616496157,"GROSS_PROFIT_QOQ":-16.801112656467,"ROA":-5.556670168482,"HOLDER_PROFIT_QOQ":-24.690574420819,"ROE_YEARLY":-39.263488661543,"ROIC_YEARLY":-6.223239750603,"TOTAL_ASSETS":309794000000,"TOTAL_LIABILITIES":243706000000,"TAX_EBT":12.004464069096,"OCF_SALES":10.404640754835,"TOTAL_PARENT_EQUITY":51595000000,"DEBT_ASSET_RATIO":78.6671142759,"OPERATE_PROFIT":-12139000000,"PRETAX_PROFIT":-20609000000,"NETCASH_OPERATE":7300000000,"NETCASH_INVEST":-2671000000,"NETCASH_FINANCE":-11279000000,"END_CASH":14886000000,"DIVI_RATIO":null,"DIVIDEND_RATE":null,"CURRENT_RATIO":0.246026008559,"COMMON_ACS":null,"CURRENTDEBT_DEBT":49.381221635906,"ISSUED_COMMON_SHARES":18120911504,"HK_COMMON_SHARES":4643997308,"PER_SHARES":2000,"TOTAL_MARKET_CAP":64510444954.24,"HKSK_MARKET_CAP":16532630416.48,"PE_TTM":-16.852628916033,"PB_TTM":1.504120644189,"REPORT_DATE_SQ":"2021-09-30 00:00:00","REPORT_TYPE_SQ":"2021年三季报","OPERATE_INCOME_SQ":78495000000,"DPS_HKD":null,"OPERATE_INCOME_QOQ_SQ":0.506784060548,"NET_PROFIT_RATIO_SQ":-6.4972291229,"HOLDER_PROFIT_SQ":-6119000000,"HOLDER_PROFIT_QOQ_SQ":-29.151943462898,"ROE_AVG_SQ":-8.545611976985,"PE_TTM_SQ":-3.492262929747,"PB_TTM_SQ":1.190710219288,"ROA_SQ":-1.882919864358,"START_DATE":"2022-01-01 00:00:00","FISCAL_YEAR":"12-31","CURRENCY":"HKD","IS_CNY_CODE":0,"DPS_HKD_LY":null,"ORG_TYPE":"一般企业","PREMIUM_INCOME":null,"PREMIUM_INCOME_YOY":null,"NET_INTEREST_INCOME":null,"NET_INTEREST_INCOME_YOY":null,"FEE_COMMISSION_INCOME":null,"FEE_COMMISSION_INCOME_YOY":null,"ACCOUNTS_RECE_TDAYS":19.073263558516,"INVENTORY_TDAYS":47.144284454893,"CURRENT_ASSETS_TDAYS":2.079645493079,"TOTAL_ASSETS_TDAYS":0.221675974123,"PREMIUM_EXPENSE":null,"LOAN_DEPOSIT":null,"LOAN_EQUITY":null,"LOAN_ASSETS":null,"DEPOSIT_EQUITY":null,"DEPOSIT_ASSETS":null,"EQUITY_MULTIPLIER":4.687598353702,"EQUITY_RATIO":4.723442194011}],"count":74},"success":true,"message":"ok","code":0}