{"version":"1cd3f4fa365c8f5ca3336dc1e37dbda9","result":{"pages":5,"data":[{"SECUCODE":"01069.HK","SECURITY_CODE":"01069","SECURITY_NAME_ABBR":"中国健康科技集团","ORG_CODE":"10146504","STD_REPORT_DATE":"2023-12-31 00:00:00","REPORT_DATE":"2024-06-30 00:00:00","DATE_TYPE_CODE":"001","REPORT_TYPE":"2023年年报","PER_NETCASH_OPERATE":0.040290839941,"PER_OI":0.066466342997,"BPS":0.01508654945,"BASIC_EPS":0.2979,"DILUTED_EPS":null,"OPERATE_INCOME":47606000,"OPERATE_INCOME_YOY":-18.9229694978,"GROSS_PROFIT":1897000,"GROSS_PROFIT_YOY":-83.518679409209,"HOLDER_PROFIT":200013000,"HOLDER_PROFIT_YOY":1951.9722222222,"GROSS_PROFIT_RATIO":3.984791832962,"EPS_TTM":0.267877261251,"OPERATE_INCOME_QOQ":-6.814040226851,"NET_PROFIT_RATIO":420.1424190228,"ROE_AVG":-131.69797033696,"GROSS_PROFIT_QOQ":-11.39009556907,"ROA":125.475127741061,"HOLDER_PROFIT_QOQ":1876.52777777778,"ROE_YEARLY":-131.69797033696,"ROIC_YEARLY":128.521583797052,"TOTAL_ASSETS":178166000,"TOTAL_LIABILITIES":165203000,"TAX_EBT":0.003499650035,"OCF_SALES":60.618409444188,"TOTAL_PARENT_EQUITY":12963000,"DEBT_ASSET_RATIO":92.724201026,"OPERATE_PROFIT":1225000,"PRETAX_PROFIT":200020000,"NETCASH_OPERATE":28858000,"NETCASH_INVEST":-26489000,"NETCASH_FINANCE":-3466000,"END_CASH":3230000,"DIVI_RATIO":null,"DIVIDEND_RATE":null,"CURRENT_RATIO":0.959586332759,"COMMON_ACS":10000000000,"CURRENTDEBT_DEBT":29.851152824101,"ISSUED_COMMON_SHARES":859242204,"HK_COMMON_SHARES":859242204,"PER_SHARES":16000,"TOTAL_MARKET_CAP":36088172.568,"HKSK_MARKET_CAP":36088172.568,"PE_TTM":0.164674062883,"PB_TTM":2.540843426627,"REPORT_DATE_SQ":"2022-12-31 00:00:00","REPORT_TYPE_SQ":"2022年年报","OPERATE_INCOME_SQ":58717000,"DPS_HKD":null,"OPERATE_INCOME_QOQ_SQ":240.748963883955,"NET_PROFIT_RATIO_SQ":-18.3933102849,"HOLDER_PROFIT_SQ":-10800000,"HOLDER_PROFIT_QOQ_SQ":22.296296296296,"ROE_AVG_SQ":3.465186903519,"PE_TTM_SQ":-2.99608225694,"PB_TTM_SQ":-0.102168838094,"ROA_SQ":-9.224461906389,"START_DATE":"2023-07-01 00:00:00","FISCAL_YEAR":"6-30","CURRENCY":"HKD","IS_CNY_CODE":0,"DPS_HKD_LY":null,"ORG_TYPE":"一般企业","PREMIUM_INCOME":null,"PREMIUM_INCOME_YOY":null,"NET_INTEREST_INCOME":null,"NET_INTEREST_INCOME_YOY":null,"FEE_COMMISSION_INCOME":null,"FEE_COMMISSION_INCOME_YOY":null,"ACCOUNTS_RECE_TDAYS":3.291230253379,"INVENTORY_TDAYS":39.816202090592,"CURRENT_ASSETS_TDAYS":1.361279899347,"TOTAL_ASSETS_TDAYS":0.298649034375,"PREMIUM_EXPENSE":null,"LOAN_DEPOSIT":null,"LOAN_EQUITY":null,"LOAN_ASSETS":null,"DEPOSIT_EQUITY":null,"DEPOSIT_ASSETS":null,"EQUITY_MULTIPLIER":13.744195016568,"EQUITY_RATIO":12.744195016586},{"SECUCODE":"01069.HK","SECURITY_CODE":"01069","SECURITY_NAME_ABBR":"中国健康科技集团","ORG_CODE":"10146504","STD_REPORT_DATE":"2023-06-30 00:00:00","REPORT_DATE":"2023-12-31 00:00:00","DATE_TYPE_CODE":"002","REPORT_TYPE":"2023年中报","PER_NETCASH_OPERATE":0.004597606762,"PER_OI":0.026555262862,"BPS":0.01957771618,"BASIC_EPS":0.3211,"DILUTED_EPS":null,"OPERATE_INCOME":19020000,"OPERATE_INCOME_YOY":-17.3797836758,"GROSS_PROFIT":3758000,"GROSS_PROFIT_YOY":-25.863089366739,"HOLDER_PROFIT":201421000,"HOLDER_PROFIT_YOY":16291.3987138264,"GROSS_PROFIT_RATIO":19.758149316509,"EPS_TTM":-0.000979661109,"OPERATE_INCOME_QOQ":155.058424916381,"NET_PROFIT_RATIO":1058.9957939012,"ROE_AVG":-134.331712717499,"GROSS_PROFIT_QOQ":127.066482540935,"ROA":142.810752939758,"HOLDER_PROFIT_QOQ":26.46057469699,"ROE_YEARLY":-268.663425434999,"ROIC_YEARLY":291.658762968701,"TOTAL_ASSETS":141438000,"TOTAL_LIABILITIES":124616000,"TAX_EBT":0.000992935266,"OCF_SALES":17.313354363828,"TOTAL_PARENT_EQUITY":16822000,"DEBT_ASSET_RATIO":88.106449469,"OPERATE_PROFIT":-5276000,"PRETAX_PROFIT":201423000,"NETCASH_OPERATE":3293000,"NETCASH_INVEST":-6108000,"NETCASH_FINANCE":null,"END_CASH":1512000,"DIVI_RATIO":null,"DIVIDEND_RATE":null,"CURRENT_RATIO":1.313948703882,"COMMON_ACS":10000000000,"CURRENTDEBT_DEBT":11.701547152854,"ISSUED_COMMON_SHARES":859242204,"HK_COMMON_SHARES":859242204,"PER_SHARES":16000,"TOTAL_MARKET_CAP":31791961.548,"HKSK_MARKET_CAP":31791961.548,"PE_TTM":0.145070007778,"PB_TTM":2.238362066314,"REPORT_DATE_SQ":"2022-06-30 00:00:00","REPORT_TYPE_SQ":"2022年中报","OPERATE_INCOME_SQ":23021000,"DPS_HKD":null,"OPERATE_INCOME_QOQ_SQ":2.612393681652,"NET_PROFIT_RATIO_SQ":-5.4037617827,"HOLDER_PROFIT_SQ":-1244000,"HOLDER_PROFIT_QOQ_SQ":86.677850693245,"ROE_AVG_SQ":0.396238915503,"PE_TTM_SQ":-3.790961223067,"PB_TTM_SQ":-0.129274856363,"ROA_SQ":-1.19381213773,"START_DATE":"2023-07-01 00:00:00","FISCAL_YEAR":"6-30","CURRENCY":"HKD","IS_CNY_CODE":0,"DPS_HKD_LY":null,"ORG_TYPE":"一般企业","PREMIUM_INCOME":null,"PREMIUM_INCOME_YOY":null,"NET_INTEREST_INCOME":null,"NET_INTEREST_INCOME_YOY":null,"FEE_COMMISSION_INCOME":null,"FEE_COMMISSION_INCOME_YOY":null,"ACCOUNTS_RECE_TDAYS":1.762498262521,"INVENTORY_TDAYS":13.97619047619,"CURRENT_ASSETS_TDAYS":0.910461693114,"TOTAL_ASSETS_TDAYS":0.134854882108,"PREMIUM_EXPENSE":null,"LOAN_DEPOSIT":null,"LOAN_EQUITY":null,"LOAN_ASSETS":null,"DEPOSIT_EQUITY":null,"DEPOSIT_ASSETS":null,"EQUITY_MULTIPLIER":8.407918202336,"EQUITY_RATIO":7.407918202354},{"SECUCODE":"01069.HK","SECURITY_CODE":"01069","SECURITY_NAME_ABBR":"中国健康科技集团","ORG_CODE":"10146504","STD_REPORT_DATE":"2022-12-31 00:00:00","REPORT_DATE":"2023-06-30 00:00:00","DATE_TYPE_CODE":"001","REPORT_TYPE":"2022年年报","PER_NETCASH_OPERATE":0.002126046026,"PER_OI":0.005326181606,"BPS":-0.368589902272,"BASIC_EPS":-0.098,"DILUTED_EPS":null,"OPERATE_INCOME":58717000,"OPERATE_INCOME_YOY":769.1089402013,"GROSS_PROFIT":11510000,"GROSS_PROFIT_YOY":null,"HOLDER_PROFIT":-10800000,"HOLDER_PROFIT_YOY":42.8571428571,"GROSS_PROFIT_RATIO":19.602500127731,"EPS_TTM":-0.00133215769,"OPERATE_INCOME_QOQ":240.748963883955,"NET_PROFIT_RATIO":-18.3933102849,"ROE_AVG":3.465186903519,"GROSS_PROFIT_QOQ":null,"ROA":-9.224461906389,"HOLDER_PROFIT_QOQ":22.296296296296,"ROE_YEARLY":3.465186903519,"ROIC_YEARLY":-9.443572468489,"TOTAL_ASSETS":140643000,"TOTAL_LIABILITIES":457351000,"TAX_EBT":-15.21228931086,"OCF_SALES":39.916889486861,"TOTAL_PARENT_EQUITY":-316708000,"DEBT_ASSET_RATIO":325.1857540013,"OPERATE_PROFIT":2310000,"PRETAX_PROFIT":-9374000,"NETCASH_OPERATE":23438000,"NETCASH_INVEST":-23262000,"NETCASH_FINANCE":3045000,"END_CASH":4327000,"DIVI_RATIO":null,"DIVIDEND_RATE":null,"CURRENT_RATIO":0.051075426626,"COMMON_ACS":10000000000,"CURRENTDEBT_DEBT":96.838970506241,"ISSUED_COMMON_SHARES":859242204,"HK_COMMON_SHARES":859242204,"PER_SHARES":16000,"TOTAL_MARKET_CAP":31791961.548,"HKSK_MARKET_CAP":31791961.548,"PE_TTM":0.145070007778,"PB_TTM":2.238362066314,"REPORT_DATE_SQ":"2021-12-31 00:00:00","REPORT_TYPE_SQ":"2021年年报","OPERATE_INCOME_SQ":6756000,"DPS_HKD":null,"OPERATE_INCOME_QOQ_SQ":-1.230123012301,"NET_PROFIT_RATIO_SQ":-279.7513321492,"HOLDER_PROFIT_SQ":-18900000,"HOLDER_PROFIT_QOQ_SQ":10.465629969959,"ROE_AVG_SQ":6.473112608185,"PE_TTM_SQ":-3.790961223067,"PB_TTM_SQ":-0.129274856363,"ROA_SQ":-6.460953110231,"START_DATE":"2022-07-01 00:00:00","FISCAL_YEAR":"6-30","CURRENCY":"HKD","IS_CNY_CODE":0,"DPS_HKD_LY":null,"ORG_TYPE":"一般企业","PREMIUM_INCOME":null,"PREMIUM_INCOME_YOY":null,"NET_INTEREST_INCOME":null,"NET_INTEREST_INCOME_YOY":null,"FEE_COMMISSION_INCOME":null,"FEE_COMMISSION_INCOME_YOY":null,"ACCOUNTS_RECE_TDAYS":7.37141422384,"INVENTORY_TDAYS":47.828774062817,"CURRENT_ASSETS_TDAYS":3.301768493266,"TOTAL_ASSETS_TDAYS":0.501511786812,"PREMIUM_EXPENSE":null,"LOAN_DEPOSIT":null,"LOAN_EQUITY":null,"LOAN_ASSETS":null,"DEPOSIT_EQUITY":null,"DEPOSIT_ASSETS":null,"EQUITY_MULTIPLIER":-0.444077825631,"EQUITY_RATIO":-1.444077825631},{"SECUCODE":"01069.HK","SECURITY_CODE":"01069","SECURITY_NAME_ABBR":"中国健康科技集团","ORG_CODE":"10146504","STD_REPORT_DATE":"2022-06-30 00:00:00","REPORT_DATE":"2022-12-31 00:00:00","DATE_TYPE_CODE":"002","REPORT_TYPE":"2022年中报","PER_NETCASH_OPERATE":0.002202786146,"PER_OI":0.002088220222,"BPS":-0.373898067977,"BASIC_EPS":-0.0113,"DILUTED_EPS":null,"OPERATE_INCOME":23021000,"OPERATE_INCOME_YOY":240.748963884,"GROSS_PROFIT":5069000,"GROSS_PROFIT_YOY":null,"HOLDER_PROFIT":-1244000,"HOLDER_PROFIT_YOY":77.2077684133,"GROSS_PROFIT_RATIO":22.019026106598,"EPS_TTM":-0.001714406941,"OPERATE_INCOME_QOQ":2.612393681652,"NET_PROFIT_RATIO":-5.4037617827,"ROE_AVG":0.396238915503,"GROSS_PROFIT_QOQ":null,"ROA":-1.19381213773,"HOLDER_PROFIT_QOQ":86.677850693245,"ROE_YEARLY":0.792477831006,"ROIC_YEARLY":-2.514757014636,"TOTAL_ASSETS":114891000,"TOTAL_LIABILITIES":436160000,"TAX_EBT":null,"OCF_SALES":105.486295121845,"TOTAL_PARENT_EQUITY":-321269000,"DEBT_ASSET_RATIO":379.6293878546,"OPERATE_PROFIT":-857000,"PRETAX_PROFIT":-1244000,"NETCASH_OPERATE":24284000,"NETCASH_INVEST":-15960000,"NETCASH_FINANCE":null,"END_CASH":9430000,"DIVI_RATIO":null,"DIVIDEND_RATE":null,"CURRENT_RATIO":0.048732540357,"COMMON_ACS":10000000000,"CURRENTDEBT_DEBT":89.803971019809,"ISSUED_COMMON_SHARES":859242204,"HK_COMMON_SHARES":859242204,"PER_SHARES":16000,"TOTAL_MARKET_CAP":31791961.548,"HKSK_MARKET_CAP":31791961.548,"PE_TTM":0.145070007778,"PB_TTM":2.238362066314,"REPORT_DATE_SQ":"2021-06-30 00:00:00","REPORT_TYPE_SQ":"2021年中报","OPERATE_INCOME_SQ":6756000,"DPS_HKD":null,"OPERATE_INCOME_QOQ_SQ":0,"NET_PROFIT_RATIO_SQ":-144.5062218692,"HOLDER_PROFIT_SQ":-5458000,"HOLDER_PROFIT_QOQ_SQ":0,"ROE_AVG_SQ":1.972066605122,"PE_TTM_SQ":-3.790961223067,"PB_TTM_SQ":-0.129274856363,"ROA_SQ":-1.888035809723,"START_DATE":"2022-07-01 00:00:00","FISCAL_YEAR":"6-30","CURRENCY":"HKD","IS_CNY_CODE":0,"DPS_HKD_LY":null,"ORG_TYPE":"一般企业","PREMIUM_INCOME":null,"PREMIUM_INCOME_YOY":null,"NET_INTEREST_INCOME":null,"NET_INTEREST_INCOME_YOY":null,"FEE_COMMISSION_INCOME":null,"FEE_COMMISSION_INCOME_YOY":null,"ACCOUNTS_RECE_TDAYS":4.202446148229,"INVENTORY_TDAYS":null,"CURRENT_ASSETS_TDAYS":1.437285384279,"TOTAL_ASSETS_TDAYS":0.220922421404,"PREMIUM_EXPENSE":null,"LOAN_DEPOSIT":null,"LOAN_EQUITY":null,"LOAN_ASSETS":null,"DEPOSIT_EQUITY":null,"DEPOSIT_ASSETS":null,"EQUITY_MULTIPLIER":-0.357616203244,"EQUITY_RATIO":-1.357616203244},{"SECUCODE":"01069.HK","SECURITY_CODE":"01069","SECURITY_NAME_ABBR":"中国健康科技集团","ORG_CODE":"10146504","STD_REPORT_DATE":"2021-12-31 00:00:00","REPORT_DATE":"2022-06-30 00:00:00","DATE_TYPE_CODE":"001","REPORT_TYPE":"2021年年报","PER_NETCASH_OPERATE":-0.000042270563,"PER_OI":0.000612832449,"BPS":-0.356866781651,"BASIC_EPS":-0.1714,"DILUTED_EPS":null,"OPERATE_INCOME":6756000,"OPERATE_INCOME_YOY":1910.7142857143,"GROSS_PROFIT":null,"GROSS_PROFIT_YOY":null,"HOLDER_PROFIT":-18900000,"HOLDER_PROFIT_YOY":88.0720975437,"GROSS_PROFIT_RATIO":null,"EPS_TTM":-0.012868846473,"OPERATE_INCOME_QOQ":-1.230123012301,"NET_PROFIT_RATIO":-279.7513321492,"ROE_AVG":6.473112608185,"GROSS_PROFIT_QOQ":-59.195919591959,"ROA":-6.460953110231,"HOLDER_PROFIT_QOQ":10.465629969959,"ROE_YEARLY":6.473112608185,"ROIC_YEARLY":-6.474675966448,"TOTAL_ASSETS":93517000,"TOTAL_LIABILITIES":400152000,"TAX_EBT":null,"OCF_SALES":-6.897572528123,"TOTAL_PARENT_EQUITY":-306635000,"DEBT_ASSET_RATIO":427.8922548841,"OPERATE_PROFIT":836000,"PRETAX_PROFIT":-20383000,"NETCASH_OPERATE":-466000,"NETCASH_INVEST":2000,"NETCASH_FINANCE":-249000,"END_CASH":1106000,"DIVI_RATIO":null,"DIVIDEND_RATE":null,"CURRENT_RATIO":0.037221364477,"COMMON_ACS":10000000000,"CURRENTDEBT_DEBT":86.919720506208,"ISSUED_COMMON_SHARES":859242204,"HK_COMMON_SHARES":859242204,"PER_SHARES":16000,"TOTAL_MARKET_CAP":31791961.548,"HKSK_MARKET_CAP":31791961.548,"PE_TTM":0.145070007778,"PB_TTM":2.238362066314,"REPORT_DATE_SQ":"2020-12-31 00:00:00","REPORT_TYPE_SQ":"2020年年报","OPERATE_INCOME_SQ":336000,"DPS_HKD":null,"OPERATE_INCOME_QOQ_SQ":-87.019764385162,"NET_PROFIT_RATIO_SQ":-2377.0177017702,"HOLDER_PROFIT_SQ":-158452000,"HOLDER_PROFIT_QOQ_SQ":54.226320472377,"ROE_AVG_SQ":-84.666907118717,"PE_TTM_SQ":-3.790961223067,"PB_TTM_SQ":-0.129274856363,"ROA_SQ":-29.341821892112,"START_DATE":"2021-07-01 00:00:00","FISCAL_YEAR":"6-30","CURRENCY":"HKD","IS_CNY_CODE":0,"DPS_HKD_LY":null,"ORG_TYPE":"一般企业","PREMIUM_INCOME":null,"PREMIUM_INCOME_YOY":null,"NET_INTEREST_INCOME":null,"NET_INTEREST_INCOME_YOY":null,"FEE_COMMISSION_INCOME":null,"FEE_COMMISSION_INCOME_YOY":null,"ACCOUNTS_RECE_TDAYS":1.136990912151,"INVENTORY_TDAYS":null,"CURRENT_ASSETS_TDAYS":0.540544865384,"TOTAL_ASSETS_TDAYS":0.023095343499,"PREMIUM_EXPENSE":null,"LOAN_DEPOSIT":null,"LOAN_EQUITY":null,"LOAN_ASSETS":null,"DEPOSIT_EQUITY":null,"DEPOSIT_ASSETS":null,"EQUITY_MULTIPLIER":-0.304978231448,"EQUITY_RATIO":-1.304978231448},{"SECUCODE":"01069.HK","SECURITY_CODE":"01069","SECURITY_NAME_ABBR":"中国健康科技集团","ORG_CODE":"10146504","STD_REPORT_DATE":"2021-06-30 00:00:00","REPORT_DATE":"2021-12-31 00:00:00","DATE_TYPE_CODE":"002","REPORT_TYPE":"2021年中报","PER_NETCASH_OPERATE":-0.000122457639,"PER_OI":0.000612832449,"BPS":-0.321460001283,"BASIC_EPS":-0.0005,"DILUTED_EPS":null,"OPERATE_INCOME":6756000,"OPERATE_INCOME_YOY":-2.1249028246,"GROSS_PROFIT":null,"GROSS_PROFIT_YOY":null,"HOLDER_PROFIT":-5458000,"HOLDER_PROFIT_YOY":75.2370582097,"GROSS_PROFIT_RATIO":-2.303415409055,"EPS_TTM":-0.014373079822,"OPERATE_INCOME_QOQ":0,"NET_PROFIT_RATIO":-144.5062218692,"ROE_AVG":1.972066605122,"GROSS_PROFIT_QOQ":0,"ROA":-1.888035809723,"HOLDER_PROFIT_QOQ":0,"ROE_YEARLY":3.944133210245,"ROIC_YEARLY":-3.779189530717,"TOTAL_ASSETS":86631000,"TOTAL_LIABILITIES":362843000,"TAX_EBT":null,"OCF_SALES":-35.742652899126,"TOTAL_PARENT_EQUITY":-276212000,"DEBT_ASSET_RATIO":418.8373676859,"OPERATE_PROFIT":2232000,"PRETAX_PROFIT":-4481000,"NETCASH_OPERATE":-1350000,"NETCASH_INVEST":1000,"NETCASH_FINANCE":-127000,"END_CASH":343000,"DIVI_RATIO":null,"DIVIDEND_RATE":null,"CURRENT_RATIO":0.035278055595,"COMMON_ACS":10000000000,"CURRENTDEBT_DEBT":86.802005275009,"ISSUED_COMMON_SHARES":859242204,"HK_COMMON_SHARES":859242204,"PER_SHARES":16000,"TOTAL_MARKET_CAP":31791961.548,"HKSK_MARKET_CAP":31791961.548,"PE_TTM":0.145070007778,"PB_TTM":2.238362066314,"REPORT_DATE_SQ":"2020-06-30 00:00:00","REPORT_TYPE_SQ":"2020年中报","OPERATE_INCOME_SQ":3859000,"DPS_HKD":null,"OPERATE_INCOME_QOQ_SQ":-5.343384819552,"NET_PROFIT_RATIO_SQ":-571.1583311739,"HOLDER_PROFIT_SQ":-22041000,"HOLDER_PROFIT_QOQ_SQ":-1.668213484334,"ROE_AVG_SQ":-9.237132930729,"PE_TTM_SQ":-3.790961223067,"PB_TTM_SQ":-0.129274856363,"ROA_SQ":-3.760669177647,"START_DATE":"2021-07-01 00:00:00","FISCAL_YEAR":"6-30","CURRENCY":"HKD","IS_CNY_CODE":0,"DPS_HKD_LY":null,"ORG_TYPE":"一般企业","PREMIUM_INCOME":null,"PREMIUM_INCOME_YOY":null,"NET_INTEREST_INCOME":null,"NET_INTEREST_INCOME_YOY":null,"FEE_COMMISSION_INCOME":null,"FEE_COMMISSION_INCOME_YOY":null,"ACCOUNTS_RECE_TDAYS":0.888070982583,"INVENTORY_TDAYS":null,"CURRENT_ASSETS_TDAYS":0.326137639237,"TOTAL_ASSETS_TDAYS":0.013065429193,"PREMIUM_EXPENSE":null,"LOAN_DEPOSIT":null,"LOAN_EQUITY":null,"LOAN_ASSETS":null,"DEPOSIT_EQUITY":null,"DEPOSIT_ASSETS":null,"EQUITY_MULTIPLIER":-0.313639523265,"EQUITY_RATIO":-1.313639523265},{"SECUCODE":"01069.HK","SECURITY_CODE":"01069","SECURITY_NAME_ABBR":"中国健康科技集团","ORG_CODE":"10146504","STD_REPORT_DATE":"2020-12-31 00:00:00","REPORT_DATE":"2020-12-31 00:00:00","DATE_TYPE_CODE":"001","REPORT_TYPE":"2020年年报","PER_NETCASH_OPERATE":-0.000506521077,"PER_OI":0.000030478346,"BPS":0.142053078203,"BASIC_EPS":-0.0144,"DILUTED_EPS":null,"OPERATE_INCOME":336000,"OPERATE_INCOME_YOY":-86.0867024274,"GROSS_PROFIT":336000,"GROSS_PROFIT_YOY":-98.819768871404,"HOLDER_PROFIT":-158452000,"HOLDER_PROFIT_YOY":53.4627177782,"GROSS_PROFIT_RATIO":null,"EPS_TTM":-0.014373079822,"OPERATE_INCOME_QOQ":-87.019764385162,"NET_PROFIT_RATIO":-2377.0177017702,"ROE_AVG":-84.666907118717,"GROSS_PROFIT_QOQ":-81.108119597563,"ROA":-29.341821892112,"HOLDER_PROFIT_QOQ":54.226320472377,"ROE_YEARLY":-84.666907118717,"ROIC_YEARLY":-29.432158755191,"TOTAL_ASSETS":86906000,"TOTAL_LIABILITIES":364225000,"TAX_EBT":null,"OCF_SALES":-83.768376837684,"TOTAL_PARENT_EQUITY":-277319000,"DEBT_ASSET_RATIO":75.16804466,"OPERATE_PROFIT":-135341000,"PRETAX_PROFIT":-156132000,"NETCASH_OPERATE":-5584000,"NETCASH_INVEST":-410000,"NETCASH_FINANCE":-3290000,"END_CASH":134000,"DIVI_RATIO":null,"DIVIDEND_RATE":null,"CURRENT_RATIO":0.049074982795,"COMMON_ACS":10000000000,"CURRENTDEBT_DEBT":84.298991008305,"ISSUED_COMMON_SHARES":859242204,"HK_COMMON_SHARES":859242204,"PER_SHARES":16000,"TOTAL_MARKET_CAP":31791961.548,"HKSK_MARKET_CAP":31791961.548,"PE_TTM":0.145070007778,"PB_TTM":2.238362066314,"REPORT_DATE_SQ":"2019-12-31 00:00:00","REPORT_TYPE_SQ":"2019年年报","OPERATE_INCOME_SQ":47911000,"DPS_HKD":null,"OPERATE_INCOME_QOQ_SQ":18.970243185755,"NET_PROFIT_RATIO_SQ":-627.5740037601,"HOLDER_PROFIT_SQ":-340484000,"HOLDER_PROFIT_QOQ_SQ":-603.334021896303,"ROE_AVG_SQ":-79.84550751181,"PE_TTM_SQ":-3.790961223067,"PB_TTM_SQ":-0.129274856363,"ROA_SQ":-46.074610546372,"START_DATE":"2020-01-01 00:00:00","FISCAL_YEAR":"12-31","CURRENCY":"HKD","IS_CNY_CODE":0,"DPS_HKD_LY":null,"ORG_TYPE":"一般企业","PREMIUM_INCOME":null,"PREMIUM_INCOME_YOY":null,"NET_INTEREST_INCOME":null,"NET_INTEREST_INCOME_YOY":null,"FEE_COMMISSION_INCOME":null,"FEE_COMMISSION_INCOME_YOY":null,"ACCOUNTS_RECE_TDAYS":0.045377810791,"INVENTORY_TDAYS":null,"CURRENT_ASSETS_TDAYS":0.450588076247,"TOTAL_ASSETS_TDAYS":0.012343964401,"PREMIUM_EXPENSE":null,"LOAN_DEPOSIT":null,"LOAN_EQUITY":null,"LOAN_ASSETS":null,"DEPOSIT_EQUITY":null,"DEPOSIT_ASSETS":null,"EQUITY_MULTIPLIER":4.027069098297,"EQUITY_RATIO":-1.313379177049},{"SECUCODE":"01069.HK","SECURITY_CODE":"01069","SECURITY_NAME_ABBR":"中国健康科技集团","ORG_CODE":"10146504","STD_REPORT_DATE":"2020-06-30 00:00:00","REPORT_DATE":"2020-06-30 00:00:00","DATE_TYPE_CODE":"002","REPORT_TYPE":"2020年中报","PER_NETCASH_OPERATE":-0.000225049927,"PER_OI":0.000350047428,"BPS":0.261845843876,"BASIC_EPS":-0.002,"DILUTED_EPS":null,"OPERATE_INCOME":3859000,"OPERATE_INCOME_YOY":-42.8973068955,"GROSS_PROFIT":3859000,"GROSS_PROFIT_YOY":13.96928529238,"HOLDER_PROFIT":-22041000,"HOLDER_PROFIT_YOY":-34.7167043579,"GROSS_PROFIT_RATIO":null,"EPS_TTM":-0.031400315575,"OPERATE_INCOME_QOQ":-5.343384819552,"NET_PROFIT_RATIO":-571.1583311739,"ROE_AVG":-9.237132930729,"GROSS_PROFIT_QOQ":1.35872687579,"ROA":-3.760669177647,"HOLDER_PROFIT_QOQ":-1.668213484334,"ROE_YEARLY":-18.474265861458,"ROIC_YEARLY":-7.549981245793,"TOTAL_ASSETS":583679000,"TOTAL_LIABILITIES":358690000,"TAX_EBT":-0.43288070719,"OCF_SALES":-64.29126716766,"TOTAL_PARENT_EQUITY":224989000,"DEBT_ASSET_RATIO":61.4532988166,"OPERATE_PROFIT":-10255000,"PRETAX_PROFIT":-21946000,"NETCASH_OPERATE":-2481000,"NETCASH_INVEST":110000,"NETCASH_FINANCE":-718000,"END_CASH":1266000,"DIVI_RATIO":null,"DIVIDEND_RATE":null,"CURRENT_RATIO":0.072052683066,"COMMON_ACS":10000000000,"CURRENTDEBT_DEBT":58.422314533441,"ISSUED_COMMON_SHARES":859242204,"HK_COMMON_SHARES":859242204,"PER_SHARES":16000,"TOTAL_MARKET_CAP":31791961.548,"HKSK_MARKET_CAP":31791961.548,"PE_TTM":0.145070007778,"PB_TTM":2.238362066314,"REPORT_DATE_SQ":"2019-06-30 00:00:00","REPORT_TYPE_SQ":"2019年中报","OPERATE_INCOME_SQ":6758000,"DPS_HKD":null,"OPERATE_INCOME_QOQ_SQ":-11.207383321326,"NET_PROFIT_RATIO_SQ":-242.0982539213,"HOLDER_PROFIT_SQ":-16361000,"HOLDER_PROFIT_QOQ_SQ":25.809566136917,"ROE_AVG_SQ":-2.763654422421,"PE_TTM_SQ":-3.790961223067,"PB_TTM_SQ":-0.129274856363,"ROA_SQ":-1.833431293392,"START_DATE":"2020-01-01 00:00:00","FISCAL_YEAR":"12-31","CURRENCY":"HKD","IS_CNY_CODE":0,"DPS_HKD_LY":null,"ORG_TYPE":"一般企业","PREMIUM_INCOME":null,"PREMIUM_INCOME_YOY":null,"NET_INTEREST_INCOME":null,"NET_INTEREST_INCOME_YOY":null,"FEE_COMMISSION_INCOME":null,"FEE_COMMISSION_INCOME_YOY":null,"ACCOUNTS_RECE_TDAYS":0.471443406023,"INVENTORY_TDAYS":null,"CURRENT_ASSETS_TDAYS":0.236487314622,"TOTAL_ASSETS_TDAYS":0.006584284904,"PREMIUM_EXPENSE":null,"LOAN_DEPOSIT":null,"LOAN_EQUITY":null,"LOAN_ASSETS":null,"DEPOSIT_EQUITY":null,"DEPOSIT_ASSETS":null,"EQUITY_MULTIPLIER":2.594255719166,"EQUITY_RATIO":1.594255719168},{"SECUCODE":"01069.HK","SECURITY_CODE":"01069","SECURITY_NAME_ABBR":"中国健康科技集团","ORG_CODE":"10146504","STD_REPORT_DATE":"2019-12-31 00:00:00","REPORT_DATE":"2019-12-31 00:00:00","DATE_TYPE_CODE":"001","REPORT_TYPE":"2019年年报","PER_NETCASH_OPERATE":-0.000882420673,"PER_OI":0.004345976241,"BPS":0.293557507797,"BASIC_EPS":-0.0309,"DILUTED_EPS":null,"OPERATE_INCOME":47911000,"OPERATE_INCOME_YOY":5.6367919936,"GROSS_PROFIT":28469000,"GROSS_PROFIT_YOY":1.21231513083,"HOLDER_PROFIT":-340484000,"HOLDER_PROFIT_YOY":-421.8065623515,"GROSS_PROFIT_RATIO":64.164854204298,"EPS_TTM":-0.030885086399,"OPERATE_INCOME_QOQ":18.970243185755,"NET_PROFIT_RATIO":-627.5740037601,"ROE_AVG":-79.84550751181,"GROSS_PROFIT_QOQ":62.817454749544,"ROA":-46.074610546372,"HOLDER_PROFIT_QOQ":-603.334021896303,"ROE_YEARLY":-79.84550751181,"ROIC_YEARLY":-46.406433147063,"TOTAL_ASSETS":588506000,"TOTAL_LIABILITIES":336269000,"TAX_EBT":null,"OCF_SALES":-17.930475172338,"TOTAL_PARENT_EQUITY":252237000,"DEBT_ASSET_RATIO":57.1394344323,"OPERATE_PROFIT":9111000,"PRETAX_PROFIT":-217515000,"NETCASH_OPERATE":-9728000,"NETCASH_INVEST":283000,"NETCASH_FINANCE":7128000,"END_CASH":3181000,"DIVI_RATIO":null,"DIVIDEND_RATE":null,"CURRENT_RATIO":0.099098131845,"COMMON_ACS":10000000000,"CURRENTDEBT_DEBT":52.626319999762,"ISSUED_COMMON_SHARES":859242204,"HK_COMMON_SHARES":859242204,"PER_SHARES":16000,"TOTAL_MARKET_CAP":31791961.548,"HKSK_MARKET_CAP":31791961.548,"PE_TTM":0.145070007778,"PB_TTM":2.238362066314,"REPORT_DATE_SQ":"2018-12-31 00:00:00","REPORT_TYPE_SQ":"2018年年报","OPERATE_INCOME_SQ":51359000,"DPS_HKD":null,"OPERATE_INCOME_QOQ_SQ":6.973401928725,"NET_PROFIT_RATIO_SQ":-127.0488132557,"HOLDER_PROFIT_SQ":-65251000,"HOLDER_PROFIT_QOQ_SQ":-203.493023255814,"ROE_AVG_SQ":-13.22189958805,"PE_TTM_SQ":-3.790961223067,"PB_TTM_SQ":-0.129274856363,"ROA_SQ":-7.492768584365,"START_DATE":"2019-01-01 00:00:00","FISCAL_YEAR":"12-31","CURRENCY":"HKD","IS_CNY_CODE":0,"DPS_HKD_LY":null,"ORG_TYPE":"一般企业","PREMIUM_INCOME":null,"PREMIUM_INCOME_YOY":null,"NET_INTEREST_INCOME":null,"NET_INTEREST_INCOME_YOY":null,"FEE_COMMISSION_INCOME":null,"FEE_COMMISSION_INCOME_YOY":null,"ACCOUNTS_RECE_TDAYS":0.707978071018,"INVENTORY_TDAYS":17.009623797025,"CURRENT_ASSETS_TDAYS":0.561958475107,"TOTAL_ASSETS_TDAYS":0.073417015795,"PREMIUM_EXPENSE":null,"LOAN_DEPOSIT":null,"LOAN_EQUITY":null,"LOAN_ASSETS":null,"DEPOSIT_EQUITY":null,"DEPOSIT_ASSETS":null,"EQUITY_MULTIPLIER":2.33314700064,"EQUITY_RATIO":1.333147000638}],"count":40},"success":true,"message":"ok","code":0}