{"version":"7eb21a4da8fb2d0ca3cdada7043e8f81","result":{"pages":6,"data":[{"SECUCODE":"01063.HK","SECURITY_CODE":"01063","SECURITY_NAME_ABBR":"新确科技","ORG_CODE":"10009225","STD_REPORT_DATE":"2024-06-30 00:00:00","REPORT_DATE":"2024-06-30 00:00:00","DATE_TYPE_CODE":"002","REPORT_TYPE":"2024年中报","PER_NETCASH_OPERATE":-0.000846515051,"PER_OI":0.010202078382,"BPS":0.121567747698,"BASIC_EPS":-0.022999536,"DILUTED_EPS":null,"OPERATE_INCOME":15696270.64,"OPERATE_INCOME_YOY":-57.8263321808,"GROSS_PROFIT":6439870.08,"GROSS_PROFIT_YOY":3.341118831587,"HOLDER_PROFIT":-35410158.64,"HOLDER_PROFIT_YOY":-84.6205091601,"GROSS_PROFIT_RATIO":41.028026514711,"EPS_TTM":0.013179723452,"OPERATE_INCOME_QOQ":-36.458466391414,"NET_PROFIT_RATIO":-225.6018141644,"ROE_AVG":-17.29505639014,"GROSS_PROFIT_QOQ":1.512033877615,"ROA":-15.816744599404,"HOLDER_PROFIT_QOQ":-44.15797805717,"ROE_YEARLY":-34.590112780279,"ROIC_YEARLY":-35.443292376559,"TOTAL_ASSETS":206784994.92,"TOTAL_LIABILITIES":20164751.92,"TAX_EBT":null,"OCF_SALES":-8.29747645075,"TOTAL_PARENT_EQUITY":187036425.08,"DEBT_ASSET_RATIO":9.751554714,"OPERATE_PROFIT":-35373651.44,"PRETAX_PROFIT":-35411071.32,"NETCASH_OPERATE":-1302394.36,"NETCASH_INVEST":7301.44,"NETCASH_FINANCE":-857919.2,"END_CASH":17488774.16,"DIVI_RATIO":null,"DIVIDEND_RATE":null,"CURRENT_RATIO":11.125516348977,"COMMON_ACS":100000000000,"CURRENTDEBT_DEBT":90.943242509279,"ISSUED_COMMON_SHARES":1538536566,"HK_COMMON_SHARES":1538536566,"PER_SHARES":10000,"TOTAL_MARKET_CAP":186162924.486,"HKSK_MARKET_CAP":186162924.486,"PE_TTM":8.352982657424,"PB_TTM":0.908417586827,"REPORT_DATE_SQ":"2023-06-30 00:00:00","REPORT_TYPE_SQ":"2023年中报","OPERATE_INCOME_SQ":37597422.42,"DPS_HKD":null,"OPERATE_INCOME_QOQ_SQ":-15.660070299251,"NET_PROFIT_RATIO_SQ":-51.5338777312,"HOLDER_PROFIT_SQ":-19375409.7,"HOLDER_PROFIT_QOQ_SQ":36.257061601644,"ROE_AVG_SQ":-10.880060470667,"PE_TTM_SQ":-8.292523914236,"PB_TTM_SQ":1.533111709183,"ROA_SQ":-7.757918965463,"START_DATE":"2024-01-01 00:00:00","FISCAL_YEAR":"12-31","CURRENCY":"HKD","IS_CNY_CODE":0,"DPS_HKD_LY":null,"ORG_TYPE":"一般企业","PREMIUM_INCOME":null,"PREMIUM_INCOME_YOY":null,"NET_INTEREST_INCOME":null,"NET_INTEREST_INCOME_YOY":null,"FEE_COMMISSION_INCOME":null,"FEE_COMMISSION_INCOME_YOY":null,"ACCOUNTS_RECE_TDAYS":0.527707885855,"INVENTORY_TDAYS":1.941795902738,"CURRENT_ASSETS_TDAYS":0.070594706423,"TOTAL_ASSETS_TDAYS":0.070110926754,"PREMIUM_EXPENSE":null,"LOAN_DEPOSIT":null,"LOAN_EQUITY":null,"LOAN_ASSETS":null,"DEPOSIT_EQUITY":null,"DEPOSIT_ASSETS":null,"EQUITY_MULTIPLIER":1.108052329135,"EQUITY_RATIO":0.107811897663},{"SECUCODE":"01063.HK","SECURITY_CODE":"01063","SECURITY_NAME_ABBR":"新确科技","ORG_CODE":"10009225","STD_REPORT_DATE":"2023-12-31 00:00:00","REPORT_DATE":"2023-12-31 00:00:00","DATE_TYPE_CODE":"001","REPORT_TYPE":"2023年年报","PER_NETCASH_OPERATE":-0.001911351322,"PER_OI":0.039044578262,"BPS":0.143559860234,"BASIC_EPS":0.02356172,"DILUTED_EPS":null,"OPERATE_INCOME":60071511.36,"OPERATE_INCOME_YOY":-48.2266567735,"GROSS_PROFIT":13770012.9,"GROSS_PROFIT_YOY":-3.648437905122,"HOLDER_PROFIT":36312235.4,"HOLDER_PROFIT_YOY":170.3081134194,"GROSS_PROFIT_RATIO":22.922700941347,"EPS_TTM":0.023601802,"OPERATE_INCOME_QOQ":-37.723546939401,"NET_PROFIT_RATIO":60.4408037654,"ROE_AVG":17.912863107638,"GROSS_PROFIT_QOQ":-11.46237935186,"ROA":14.672308078191,"HOLDER_PROFIT_QOQ":211.898498523496,"ROE_YEARLY":17.912863107638,"ROIC_YEARLY":16.484691904523,"TOTAL_ASSETS":239264735.5,"TOTAL_LIABILITIES":18804971.22,"TAX_EBT":0.296137766275,"OCF_SALES":-4.895305334299,"TOTAL_PARENT_EQUITY":220872094.38,"DEBT_ASSET_RATIO":7.8594830035,"OPERATE_PROFIT":36549665.04,"PRETAX_PROFIT":36415544.48,"NETCASH_OPERATE":-2940683.9,"NETCASH_INVEST":-48935.88,"NETCASH_FINANCE":-1837814.16,"END_CASH":19502760.62,"DIVI_RATIO":null,"DIVIDEND_RATE":null,"CURRENT_RATIO":12.707194833984,"COMMON_ACS":100000000000,"CURRENTDEBT_DEBT":100,"ISSUED_COMMON_SHARES":1538536566,"HK_COMMON_SHARES":1538536566,"PER_SHARES":10000,"TOTAL_MARKET_CAP":200009753.58,"HKSK_MARKET_CAP":200009753.58,"PE_TTM":8.974278888141,"PB_TTM":0.975985837087,"REPORT_DATE_SQ":"2022-12-31 00:00:00","REPORT_TYPE_SQ":"2022年年报","OPERATE_INCOME_SQ":114369824.45,"DPS_HKD":null,"OPERATE_INCOME_QOQ_SQ":-15.21829692575,"NET_PROFIT_RATIO_SQ":-44.795563713,"HOLDER_PROFIT_SQ":-50909243.84,"HOLDER_PROFIT_QOQ_SQ":40.165136089975,"ROE_AVG_SQ":-24.738526982887,"PE_TTM_SQ":-10.3884365519,"PB_TTM_SQ":1.920601481834,"ROA_SQ":-18.650557304518,"START_DATE":"2023-01-01 00:00:00","FISCAL_YEAR":"12-31","CURRENCY":"HKD","IS_CNY_CODE":0,"DPS_HKD_LY":null,"ORG_TYPE":"一般企业","PREMIUM_INCOME":null,"PREMIUM_INCOME_YOY":null,"NET_INTEREST_INCOME":null,"NET_INTEREST_INCOME_YOY":null,"FEE_COMMISSION_INCOME":null,"FEE_COMMISSION_INCOME_YOY":null,"ACCOUNTS_RECE_TDAYS":1.299344329776,"INVENTORY_TDAYS":11.331337325349,"CURRENT_ASSETS_TDAYS":0.243086993592,"TOTAL_ASSETS_TDAYS":0.24272472121,"PREMIUM_EXPENSE":null,"LOAN_DEPOSIT":null,"LOAN_EQUITY":null,"LOAN_ASSETS":null,"DEPOSIT_EQUITY":null,"DEPOSIT_ASSETS":null,"EQUITY_MULTIPLIER":1.085298881097,"EQUITY_RATIO":0.0851396428},{"SECUCODE":"01063.HK","SECURITY_CODE":"01063","SECURITY_NAME_ABBR":"新确科技","ORG_CODE":"10009225","STD_REPORT_DATE":"2023-06-30 00:00:00","REPORT_DATE":"2023-06-30 00:00:00","DATE_TYPE_CODE":"002","REPORT_TYPE":"2023年中报","PER_NETCASH_OPERATE":0.004113904629,"PER_OI":0.024437132825,"BPS":0.109450837141,"BASIC_EPS":-0.012631126,"DILUTED_EPS":null,"OPERATE_INCOME":37597422.42,"OPERATE_INCOME_YOY":-37.1731862511,"GROSS_PROFIT":6231662.82,"GROSS_PROFIT_YOY":25.37638026,"HOLDER_PROFIT":-19375409.7,"HOLDER_PROFIT_YOY":52.4977396022,"GROSS_PROFIT_RATIO":16.574707570073,"EPS_TTM":-0.021092152541,"OPERATE_INCOME_QOQ":-15.660070299251,"NET_PROFIT_RATIO":-51.5338777312,"ROE_AVG":-10.880060470667,"GROSS_PROFIT_QOQ":8.825560693337,"ROA":-7.757918965463,"HOLDER_PROFIT_QOQ":36.257061601644,"ROE_YEARLY":-21.760120941334,"ROIC_YEARLY":-17.874571794921,"TOTAL_ASSETS":239341398.1,"TOTAL_LIABILITIES":71362173.98,"TAX_EBT":null,"OCF_SALES":16.834645283111,"TOTAL_PARENT_EQUITY":168394115.12,"DEBT_ASSET_RATIO":29.8160596313,"OPERATE_PROFIT":-19279523.78,"PRETAX_PROFIT":-19375409.7,"NETCASH_OPERATE":6329392.7,"NETCASH_INVEST":4609.9,"NETCASH_FINANCE":-925667.92,"END_CASH":30161653.72,"DIVI_RATIO":null,"DIVIDEND_RATE":null,"CURRENT_RATIO":3.358667063991,"COMMON_ACS":100000000000,"CURRENTDEBT_DEBT":99.71834989212,"ISSUED_COMMON_SHARES":1538536566,"HK_COMMON_SHARES":1538536566,"PER_SHARES":10000,"TOTAL_MARKET_CAP":200009753.58,"HKSK_MARKET_CAP":200009753.58,"PE_TTM":8.974278888141,"PB_TTM":0.975985837087,"REPORT_DATE_SQ":"2022-06-30 00:00:00","REPORT_TYPE_SQ":"2022年中报","OPERATE_INCOME_SQ":55507817.33,"DPS_HKD":null,"OPERATE_INCOME_QOQ_SQ":-17.489331795275,"NET_PROFIT_RATIO_SQ":-72.8734959249,"HOLDER_PROFIT_SQ":-37833605.6,"HOLDER_PROFIT_QOQ_SQ":-77.121551989368,"ROE_AVG_SQ":-18.686062326297,"PE_TTM_SQ":-10.3884365519,"PB_TTM_SQ":1.920601481834,"ROA_SQ":-14.39661302106,"START_DATE":"2023-01-01 00:00:00","FISCAL_YEAR":"12-31","CURRENCY":"HKD","IS_CNY_CODE":0,"DPS_HKD_LY":null,"ORG_TYPE":"一般企业","PREMIUM_INCOME":null,"PREMIUM_INCOME_YOY":null,"NET_INTEREST_INCOME":null,"NET_INTEREST_INCOME_YOY":null,"FEE_COMMISSION_INCOME":null,"FEE_COMMISSION_INCOME_YOY":null,"ACCOUNTS_RECE_TDAYS":0.658336360334,"INVENTORY_TDAYS":6.954921803128,"CURRENT_ASSETS_TDAYS":0.150773667573,"TOTAL_ASSETS_TDAYS":0.150540174872,"PREMIUM_EXPENSE":null,"LOAN_DEPOSIT":null,"LOAN_EQUITY":null,"LOAN_ASSETS":null,"DEPOSIT_EQUITY":null,"DEPOSIT_ASSETS":null,"EQUITY_MULTIPLIER":1.424827381801,"EQUITY_RATIO":0.423780688115},{"SECUCODE":"01063.HK","SECURITY_CODE":"01063","SECURITY_NAME_ABBR":"新确科技","ORG_CODE":"10009225","STD_REPORT_DATE":"2022-12-31 00:00:00","REPORT_DATE":"2022-12-31 00:00:00","DATE_TYPE_CODE":"001","REPORT_TYPE":"2022年年报","PER_NETCASH_OPERATE":-0.015918813632,"PER_OI":0.074336760645,"BPS":0.118243842201,"BASIC_EPS":-0.033408298,"DILUTED_EPS":null,"OPERATE_INCOME":114369824.45,"OPERATE_INCOME_YOY":-35.9719353693,"GROSS_PROFIT":14291426.73,"GROSS_PROFIT_YOY":-31.027386787522,"HOLDER_PROFIT":-50909243.84,"HOLDER_PROFIT_YOY":2.9972937552,"GROSS_PROFIT_RATIO":12.49580192916,"EPS_TTM":-0.033089394796,"OPERATE_INCOME_QOQ":-15.21829692575,"NET_PROFIT_RATIO":-44.795563713,"ROE_AVG":-24.738526982887,"GROSS_PROFIT_QOQ":3.079665982866,"ROA":-18.650557304518,"HOLDER_PROFIT_QOQ":40.165136089975,"ROE_YEARLY":-24.738526982887,"ROIC_YEARLY":-21.961981171701,"TOTAL_ASSETS":252057568.98,"TOTAL_LIABILITIES":70537065.55,"TAX_EBT":null,"OCF_SALES":-21.414456984418,"TOTAL_PARENT_EQUITY":181922474.93,"DEBT_ASSET_RATIO":27.984506014,"OPERATE_PROFIT":-50923536.16,"PRETAX_PROFIT":-51232607.58,"NETCASH_OPERATE":-24491676.86,"NETCASH_INVEST":-117911.64,"NETCASH_FINANCE":1361343.48,"END_CASH":23982512.96,"DIVI_RATIO":null,"DIVIDEND_RATE":null,"CURRENT_RATIO":3.601677470497,"COMMON_ACS":100000000000,"CURRENTDEBT_DEBT":99.047679351612,"ISSUED_COMMON_SHARES":1538536566,"HK_COMMON_SHARES":1538536566,"PER_SHARES":10000,"TOTAL_MARKET_CAP":200009753.58,"HKSK_MARKET_CAP":200009753.58,"PE_TTM":8.974278888141,"PB_TTM":0.975985837087,"REPORT_DATE_SQ":"2021-12-31 00:00:00","REPORT_TYPE_SQ":"2021年年报","OPERATE_INCOME_SQ":163493019.2,"DPS_HKD":null,"OPERATE_INCOME_QOQ_SQ":11.518156742527,"NET_PROFIT_RATIO_SQ":-29.4248551011,"HOLDER_PROFIT_SQ":-48036452.8,"HOLDER_PROFIT_QOQ_SQ":0.187024182288,"ROE_AVG_SQ":-22.944654461385,"PE_TTM_SQ":-10.3884365519,"PB_TTM_SQ":1.920601481834,"ROA_SQ":-18.707125060696,"START_DATE":"2022-01-01 00:00:00","FISCAL_YEAR":"12-31","CURRENCY":"HKD","IS_CNY_CODE":0,"DPS_HKD_LY":null,"ORG_TYPE":"一般企业","PREMIUM_INCOME":null,"PREMIUM_INCOME_YOY":null,"NET_INTEREST_INCOME":null,"NET_INTEREST_INCOME_YOY":null,"FEE_COMMISSION_INCOME":null,"FEE_COMMISSION_INCOME_YOY":null,"ACCOUNTS_RECE_TDAYS":1.970663608869,"INVENTORY_TDAYS":23.546868432114,"CURRENT_ASSETS_TDAYS":0.419747662923,"TOTAL_ASSETS_TDAYS":0.418992859434,"PREMIUM_EXPENSE":null,"LOAN_DEPOSIT":null,"LOAN_EQUITY":null,"LOAN_ASSETS":null,"DEPOSIT_EQUITY":null,"DEPOSIT_ASSETS":null,"EQUITY_MULTIPLIER":1.38859007229,"EQUITY_RATIO":0.387731453066},{"SECUCODE":"01063.HK","SECURITY_CODE":"01063","SECURITY_NAME_ABBR":"新确科技","ORG_CODE":"10009225","STD_REPORT_DATE":"2022-06-30 00:00:00","REPORT_DATE":"2022-06-30 00:00:00","DATE_TYPE_CODE":"002","REPORT_TYPE":"2022年中报","PER_NETCASH_OPERATE":-0.009931307495,"PER_OI":0.036078321801,"BPS":0.120291829502,"BASIC_EPS":-0.026254333,"DILUTED_EPS":null,"OPERATE_INCOME":55507817.33,"OPERATE_INCOME_YOY":-35.7826938679,"GROSS_PROFIT":4970364.28,"GROSS_PROFIT_YOY":-57.972130011772,"HOLDER_PROFIT":-37833605.6,"HOLDER_PROFIT_YOY":-4576.532769556,"GROSS_PROFIT_RATIO":8.9543500701,"EPS_TTM":-0.055301195045,"OPERATE_INCOME_QOQ":-17.489331795275,"NET_PROFIT_RATIO":-72.8734959249,"ROE_AVG":-18.686062326297,"GROSS_PROFIT_QOQ":-33.088051309806,"ROA":-14.39661302106,"HOLDER_PROFIT_QOQ":-77.121551989368,"ROE_YEARLY":-37.372124652593,"ROIC_YEARLY":-35.18951950477,"TOTAL_ASSETS":244248250.33,"TOTAL_LIABILITIES":61867010.17,"TAX_EBT":null,"OCF_SALES":-27.527077202767,"TOTAL_PARENT_EQUITY":185073378.28,"DEBT_ASSET_RATIO":25.3295612502,"OPERATE_PROFIT":-40331615.59,"PRETAX_PROFIT":-40450487,"NETCASH_OPERATE":-15279679.73,"NETCASH_INVEST":null,"NETCASH_FINANCE":2231190.71,"END_CASH":32169682.23,"DIVI_RATIO":null,"DIVIDEND_RATE":null,"CURRENT_RATIO":4.020944106737,"COMMON_ACS":100000000000,"CURRENTDEBT_DEBT":98.009482603707,"ISSUED_COMMON_SHARES":1538536566,"HK_COMMON_SHARES":1538536566,"PER_SHARES":10000,"TOTAL_MARKET_CAP":200009753.58,"HKSK_MARKET_CAP":200009753.58,"PE_TTM":8.974278888141,"PB_TTM":0.975985837087,"REPORT_DATE_SQ":"2021-06-30 00:00:00","REPORT_TYPE_SQ":"2021年中报","OPERATE_INCOME_SQ":84101653.92,"DPS_HKD":null,"OPERATE_INCOME_QOQ_SQ":0.287648401365,"NET_PROFIT_RATIO_SQ":-0.9359479193,"HOLDER_PROFIT_SQ":-787147.68,"HOLDER_PROFIT_QOQ_SQ":18.43643963112,"ROE_AVG_SQ":-0.369576725261,"PE_TTM_SQ":-10.3884365519,"PB_TTM_SQ":1.920601481834,"ROA_SQ":-0.297357105137,"START_DATE":"2022-01-01 00:00:00","FISCAL_YEAR":"12-31","CURRENCY":"HKD","IS_CNY_CODE":0,"DPS_HKD_LY":null,"ORG_TYPE":"一般企业","PREMIUM_INCOME":null,"PREMIUM_INCOME_YOY":null,"NET_INTEREST_INCOME":null,"NET_INTEREST_INCOME_YOY":null,"FEE_COMMISSION_INCOME":null,"FEE_COMMISSION_INCOME_YOY":null,"ACCOUNTS_RECE_TDAYS":1.297400481725,"INVENTORY_TDAYS":19.13078666235,"CURRENT_ASSETS_TDAYS":0.211610938682,"TOTAL_ASSETS_TDAYS":0.211220832133,"PREMIUM_EXPENSE":null,"LOAN_DEPOSIT":null,"LOAN_EQUITY":null,"LOAN_ASSETS":null,"DEPOSIT_EQUITY":null,"DEPOSIT_ASSETS":null,"EQUITY_MULTIPLIER":1.339218058368,"EQUITY_RATIO":0.334283681127},{"SECUCODE":"01063.HK","SECURITY_CODE":"01063","SECURITY_NAME_ABBR":"新确科技","ORG_CODE":"10009225","STD_REPORT_DATE":"2021-12-31 00:00:00","REPORT_DATE":"2021-12-31 00:00:00","DATE_TYPE_CODE":"001","REPORT_TYPE":"2021年年报","PER_NETCASH_OPERATE":-0.012175254873,"PER_OI":0.109511028749,"BPS":0.136624435353,"BASIC_EPS":-0.04161584,"DILUTED_EPS":null,"OPERATE_INCOME":163493019.2,"OPERATE_INCOME_YOY":15.1273518642,"GROSS_PROFIT":20720436.8,"GROSS_PROFIT_YOY":-3.786459417609,"HOLDER_PROFIT":-48036452.8,"HOLDER_PROFIT_YOY":16.1952444121,"GROSS_PROFIT_RATIO":12.673591142539,"EPS_TTM":-0.03217581637,"OPERATE_INCOME_QOQ":11.518156742527,"NET_PROFIT_RATIO":-29.4248551011,"ROE_AVG":-22.944654461385,"GROSS_PROFIT_QOQ":-4.716191921545,"ROA":-18.707125060696,"HOLDER_PROFIT_QOQ":0.187024182288,"ROE_YEARLY":-22.944654461385,"ROIC_YEARLY":-21.724565068683,"TOTAL_ASSETS":268975683.2,"TOTAL_LIABILITIES":58845942.4,"TAX_EBT":-2.000485386402,"OCF_SALES":-11.117834442683,"TOTAL_PARENT_EQUITY":210201689.6,"DEBT_ASSET_RATIO":21.877792706,"OPERATE_PROFIT":-46779801.6,"PRETAX_PROFIT":-47164073.6,"NETCASH_OPERATE":-18176883.2,"NETCASH_INVEST":-1891926.4,"NETCASH_FINANCE":45626985.6,"END_CASH":43230600,"DIVI_RATIO":null,"DIVIDEND_RATE":null,"CURRENT_RATIO":4.696747339513,"COMMON_ACS":100000000000,"CURRENTDEBT_DEBT":97.135076555423,"ISSUED_COMMON_SHARES":1538536566,"HK_COMMON_SHARES":1538536566,"PER_SHARES":10000,"TOTAL_MARKET_CAP":207702436.41,"HKSK_MARKET_CAP":207702436.41,"PE_TTM":9.319443460762,"PB_TTM":1.013523753898,"REPORT_DATE_SQ":"2020-12-31 00:00:00","REPORT_TYPE_SQ":"2020年年报","OPERATE_INCOME_SQ":146186134.88,"DPS_HKD":null,"OPERATE_INCOME_QOQ_SQ":-19.91428268566,"NET_PROFIT_RATIO_SQ":-40.362826152,"HOLDER_PROFIT_SQ":-59004855.48,"HOLDER_PROFIT_QOQ_SQ":-105.838651709427,"ROE_AVG_SQ":-24.862533845666,"PE_TTM_SQ":-10.115056642639,"PB_TTM_SQ":1.870059337575,"ROA_SQ":-21.114849093598,"START_DATE":"2021-01-01 00:00:00","FISCAL_YEAR":"12-31","CURRENCY":"HKD","IS_CNY_CODE":0,"DPS_HKD_LY":null,"ORG_TYPE":"一般企业","PREMIUM_INCOME":null,"PREMIUM_INCOME_YOY":null,"NET_INTEREST_INCOME":null,"NET_INTEREST_INCOME_YOY":null,"FEE_COMMISSION_INCOME":null,"FEE_COMMISSION_INCOME_YOY":null,"ACCOUNTS_RECE_TDAYS":3.891922927209,"INVENTORY_TDAYS":null,"CURRENT_ASSETS_TDAYS":0.638542732743,"TOTAL_ASSETS_TDAYS":0.636700709242,"PREMIUM_EXPENSE":null,"LOAN_DEPOSIT":null,"LOAN_EQUITY":null,"LOAN_ASSETS":null,"DEPOSIT_EQUITY":null,"DEPOSIT_ASSETS":null,"EQUITY_MULTIPLIER":1.280045757331,"EQUITY_RATIO":0.279949901982},{"SECUCODE":"01063.HK","SECURITY_CODE":"01063","SECURITY_NAME_ABBR":"新确科技","ORG_CODE":"10009225","STD_REPORT_DATE":"2021-06-30 00:00:00","REPORT_DATE":"2021-06-30 00:00:00","DATE_TYPE_CODE":"002","REPORT_TYPE":"2021年中报","PER_NETCASH_OPERATE":-0.006687179797,"PER_OI":0.092122122229,"BPS":0.138940807209,"BASIC_EPS":-0.00083208,"DILUTED_EPS":null,"OPERATE_INCOME":84101653.92,"OPERATE_INCOME_YOY":10.3295455786,"GROSS_PROFIT":11826353.04,"GROSS_PROFIT_YOY":1.80899314645,"HOLDER_PROFIT":-787147.68,"HOLDER_PROFIT_YOY":92.5925925926,"GROSS_PROFIT_RATIO":14.061974394998,"EPS_TTM":-0.052716106148,"OPERATE_INCOME_QOQ":0.287648401365,"NET_PROFIT_RATIO":-0.9359479193,"ROE_AVG":-0.369576725261,"GROSS_PROFIT_QOQ":0.975750783565,"ROA":-0.297357105137,"HOLDER_PROFIT_QOQ":18.43643963112,"ROE_YEARLY":-0.739153450522,"ROIC_YEARLY":-0.639759785755,"TOTAL_ASSETS":280509977.52,"TOTAL_LIABILITIES":66744465.12,"TAX_EBT":null,"OCF_SALES":-7.259037932604,"TOTAL_PARENT_EQUITY":213765512.4,"DEBT_ASSET_RATIO":23.7939718616,"OPERATE_PROFIT":-622395.84,"PRETAX_PROFIT":-787147.68,"NETCASH_OPERATE":-6104970.96,"NETCASH_INVEST":-1925433.12,"NETCASH_FINANCE":-470125.2,"END_CASH":9484879.92,"DIVI_RATIO":null,"DIVIDEND_RATE":null,"CURRENT_RATIO":4.27549025953,"COMMON_ACS":100000000000,"CURRENTDEBT_DEBT":96.311117759992,"ISSUED_COMMON_SHARES":1538536566,"HK_COMMON_SHARES":1538536566,"PER_SHARES":10000,"TOTAL_MARKET_CAP":200009753.58,"HKSK_MARKET_CAP":200009753.58,"PE_TTM":8.974278888141,"PB_TTM":0.975985837087,"REPORT_DATE_SQ":"2020-06-30 00:00:00","REPORT_TYPE_SQ":"2020年中报","OPERATE_INCOME_SQ":83681151.84,"DPS_HKD":null,"OPERATE_INCOME_QOQ_SQ":0.606509392858,"NET_PROFIT_RATIO_SQ":-13.9404656646,"HOLDER_PROFIT_SQ":-11665542.24,"HOLDER_PROFIT_QOQ_SQ":25.172570036148,"ROE_AVG_SQ":-4.203766306012,"PE_TTM_SQ":-10.3884365519,"PB_TTM_SQ":1.920601481834,"ROA_SQ":-3.599117341202,"START_DATE":"2021-01-01 00:00:00","FISCAL_YEAR":"12-31","CURRENCY":"HKD","IS_CNY_CODE":0,"DPS_HKD_LY":null,"ORG_TYPE":"一般企业","PREMIUM_INCOME":null,"PREMIUM_INCOME_YOY":null,"NET_INTEREST_INCOME":null,"NET_INTEREST_INCOME_YOY":null,"FEE_COMMISSION_INCOME":null,"FEE_COMMISSION_INCOME_YOY":null,"ACCOUNTS_RECE_TDAYS":2.002536009352,"INVENTORY_TDAYS":22.888274044796,"CURRENT_ASSETS_TDAYS":0.321754922668,"TOTAL_ASSETS_TDAYS":0.31770689265,"PREMIUM_EXPENSE":null,"LOAN_DEPOSIT":null,"LOAN_EQUITY":null,"LOAN_ASSETS":null,"DEPOSIT_EQUITY":null,"DEPOSIT_ASSETS":null,"EQUITY_MULTIPLIER":1.312232148071,"EQUITY_RATIO":0.31223214807},{"SECUCODE":"01063.HK","SECURITY_CODE":"01063","SECURITY_NAME_ABBR":"新确科技","ORG_CODE":"10009225","STD_REPORT_DATE":"2020-12-31 00:00:00","REPORT_DATE":"2020-12-31 00:00:00","DATE_TYPE_CODE":"001","REPORT_TYPE":"2020年年报","PER_NETCASH_OPERATE":-0.02181686148,"PER_OI":0.160127373932,"BPS":0.139512532379,"BASIC_EPS":-0.071707728,"DILUTED_EPS":null,"OPERATE_INCOME":146186134.88,"OPERATE_INCOME_YOY":-14.2456528394,"GROSS_PROFIT":21535884.32,"GROSS_PROFIT_YOY":-5.240281334773,"HOLDER_PROFIT":-59004855.48,"HOLDER_PROFIT_YOY":-63.9316279287,"GROSS_PROFIT_RATIO":14.731824148493,"EPS_TTM":-0.064631933562,"OPERATE_INCOME_QOQ":-19.91428268566,"NET_PROFIT_RATIO":-40.362826152,"ROE_AVG":-24.862533845666,"GROSS_PROFIT_QOQ":-10.204647509519,"ROA":-21.114849093598,"HOLDER_PROFIT_QOQ":-105.838651709427,"ROE_YEARLY":-24.862533845666,"ROIC_YEARLY":-23.442727377603,"TOTAL_ASSETS":251779130.92,"TOTAL_LIABILITIES":37133998.44,"TAX_EBT":0.345415778252,"OCF_SALES":-13.624691983511,"TOTAL_PARENT_EQUITY":214645132.48,"DEBT_ASSET_RATIO":14.7486403279,"OPERATE_PROFIT":-59051145.68,"PRETAX_PROFIT":-59209374,"NETCASH_OPERATE":-19917410.6,"NETCASH_INVEST":0,"NETCASH_FINANCE":12712130.56,"END_CASH":18192048.6,"DIVI_RATIO":null,"DIVIDEND_RATE":null,"CURRENT_RATIO":6.753337413023,"COMMON_ACS":100000000000,"CURRENTDEBT_DEBT":100,"ISSUED_COMMON_SHARES":1538536566,"HK_COMMON_SHARES":1538536566,"PER_SHARES":10000,"TOTAL_MARKET_CAP":207702436.41,"HKSK_MARKET_CAP":207702436.41,"PE_TTM":9.319443460762,"PB_TTM":1.013523753898,"REPORT_DATE_SQ":"2019-12-31 00:00:00","REPORT_TYPE_SQ":"2019年年报","OPERATE_INCOME_SQ":181436655.88,"DPS_HKD":null,"OPERATE_INCOME_QOQ_SQ":4.134148516962,"NET_PROFIT_RATIO_SQ":-21.1142160299,"HOLDER_PROFIT_SQ":-38308927.48,"HOLDER_PROFIT_QOQ_SQ":20.502500336502,"ROE_AVG_SQ":-13.186277834991,"PE_TTM_SQ":-10.115056642639,"PB_TTM_SQ":1.870059337575,"ROA_SQ":-10.671850455349,"START_DATE":"2020-01-01 00:00:00","FISCAL_YEAR":"12-31","CURRENCY":"HKD","IS_CNY_CODE":0,"DPS_HKD_LY":null,"ORG_TYPE":"一般企业","PREMIUM_INCOME":null,"PREMIUM_INCOME_YOY":null,"NET_INTEREST_INCOME":null,"NET_INTEREST_INCOME_YOY":null,"FEE_COMMISSION_INCOME":null,"FEE_COMMISSION_INCOME_YOY":null,"ACCOUNTS_RECE_TDAYS":4.244776265305,"INVENTORY_TDAYS":null,"CURRENT_ASSETS_TDAYS":0.525064918183,"TOTAL_ASSETS_TDAYS":0.523126131309,"PREMIUM_EXPENSE":null,"LOAN_DEPOSIT":null,"LOAN_EQUITY":null,"LOAN_ASSETS":null,"DEPOSIT_EQUITY":null,"DEPOSIT_ASSETS":null,"EQUITY_MULTIPLIER":1.17300181938,"EQUITY_RATIO":0.17300181938},{"SECUCODE":"01063.HK","SECURITY_CODE":"01063","SECURITY_NAME_ABBR":"新确科技","ORG_CODE":"10009225","STD_REPORT_DATE":"2020-06-30 00:00:00","REPORT_DATE":"2020-06-30 00:00:00","DATE_TYPE_CODE":"002","REPORT_TYPE":"2020年中报","PER_NETCASH_OPERATE":-0.005946829929,"PER_OI":0.109992940964,"BPS":0.177324264596,"BASIC_EPS":-0.015345792,"DILUTED_EPS":-0.015345792,"OPERATE_INCOME":83681151.84,"OPERATE_INCOME_YOY":-2.4148362769,"GROSS_PROFIT":11616216.48,"GROSS_PROFIT_YOY":12.128284506227,"HOLDER_PROFIT":-11665542.24,"HOLDER_PROFIT_YOY":47.2795574637,"GROSS_PROFIT_RATIO":13.881520778073,"EPS_TTM":-0.037678880203,"OPERATE_INCOME_QOQ":0.606509392858,"NET_PROFIT_RATIO":-13.9404656646,"ROE_AVG":-4.203766306012,"GROSS_PROFIT_QOQ":5.528533534374,"ROA":-3.599117341202,"HOLDER_PROFIT_QOQ":25.172570036148,"ROE_YEARLY":-8.407532612023,"ROIC_YEARLY":-7.990927222244,"TOTAL_ASSETS":314929449.12,"TOTAL_LIABILITIES":42109584,"TAX_EBT":1.791756382651,"OCF_SALES":-5.406555981269,"TOTAL_PARENT_EQUITY":272819865.12,"DEBT_ASSET_RATIO":13.3711166478,"OPERATE_PROFIT":-11816259.84,"PRETAX_PROFIT":-11878373.76,"NETCASH_OPERATE":-4524268.32,"NETCASH_INVEST":null,"NETCASH_FINANCE":-1178337.6,"END_CASH":21858619.2,"DIVI_RATIO":null,"DIVIDEND_RATE":null,"CURRENT_RATIO":7.451735357918,"COMMON_ACS":100000000000,"CURRENTDEBT_DEBT":100,"ISSUED_COMMON_SHARES":1538536566,"HK_COMMON_SHARES":1538536566,"PER_SHARES":10000,"TOTAL_MARKET_CAP":200009753.58,"HKSK_MARKET_CAP":200009753.58,"PE_TTM":8.974278888141,"PB_TTM":0.975985837087,"REPORT_DATE_SQ":"2019-06-30 00:00:00","REPORT_TYPE_SQ":"2019年中报","OPERATE_INCOME_SQ":82580721.48,"DPS_HKD":null,"OPERATE_INCOME_QOQ_SQ":-11.127476785332,"NET_PROFIT_RATIO_SQ":-25.8037026779,"HOLDER_PROFIT_SQ":-21308883.84,"HOLDER_PROFIT_QOQ_SQ":-121.389346109089,"ROE_AVG_SQ":-7.208794348191,"PE_TTM_SQ":-10.3884365519,"PB_TTM_SQ":1.920601481834,"ROA_SQ":-5.82079617842,"START_DATE":"2020-01-01 00:00:00","FISCAL_YEAR":"12-31","CURRENCY":"HKD","IS_CNY_CODE":0,"DPS_HKD_LY":null,"ORG_TYPE":"一般企业","PREMIUM_INCOME":null,"PREMIUM_INCOME_YOY":null,"NET_INTEREST_INCOME":null,"NET_INTEREST_INCOME_YOY":null,"FEE_COMMISSION_INCOME":null,"FEE_COMMISSION_INCOME_YOY":null,"ACCOUNTS_RECE_TDAYS":2.604138832826,"INVENTORY_TDAYS":25.715123859192,"CURRENT_ASSETS_TDAYS":0.259094437916,"TOTAL_ASSETS_TDAYS":0.258177698493,"PREMIUM_EXPENSE":null,"LOAN_DEPOSIT":null,"LOAN_EQUITY":null,"LOAN_ASSETS":null,"DEPOSIT_EQUITY":null,"DEPOSIT_ASSETS":null,"EQUITY_MULTIPLIER":1.154349405538,"EQUITY_RATIO":0.154349405537}],"count":50},"success":true,"message":"ok","code":0}