{"version":"1ff8c6da7fa630b7f84bc93c192aa773","result":{"pages":5,"data":[{"SECUCODE":"01060.HK","SECURITY_CODE":"01060","SECURITY_NAME_ABBR":"阿里影业","ORG_CODE":"10009223","STD_REPORT_DATE":"2024-06-30 00:00:00","REPORT_DATE":"2024-09-30 00:00:00","DATE_TYPE_CODE":"002","REPORT_TYPE":"2024年中报","PER_NETCASH_OPERATE":-0.019359218586,"PER_OI":0.102669832742,"BPS":0.539113846734,"BASIC_EPS":0.0114,"DILUTED_EPS":0.0114,"OPERATE_INCOME":3050796000,"OPERATE_INCOME_YOY":16.6415092608,"GROSS_PROFIT":1315921000,"GROSS_PROFIT_YOY":18.206725072918,"HOLDER_PROFIT":336598000,"HOLDER_PROFIT_YOY":-27.4241679388,"GROSS_PROFIT_RATIO":43.133693632744,"EPS_TTM":0.009584168088,"OPERATE_INCOME_QOQ":0,"NET_PROFIT_RATIO":12.2164510508,"ROE_AVG":2.120839151604,"GROSS_PROFIT_QOQ":0,"ROA":1.51196716092,"HOLDER_PROFIT_QOQ":0,"ROE_YEARLY":4.241678303208,"ROIC_YEARLY":3.904126562189,"TOTAL_ASSETS":23064612000,"TOTAL_LIABILITIES":6911107000,"TAX_EBT":14.326598823511,"OCF_SALES":-18.85580025672,"TOTAL_PARENT_EQUITY":16019568000,"DEBT_ASSET_RATIO":29.9641155897,"OPERATE_PROFIT":527447000,"PRETAX_PROFIT":435023000,"NETCASH_OPERATE":-575252000,"NETCASH_INVEST":-2742107000,"NETCASH_FINANCE":424075000,"END_CASH":1443905000,"DIVI_RATIO":null,"DIVIDEND_RATE":null,"CURRENT_RATIO":1.707547689831,"COMMON_ACS":38000000000,"CURRENTDEBT_DEBT":98.436835083005,"ISSUED_COMMON_SHARES":29714629103,"HK_COMMON_SHARES":29714629103,"PER_SHARES":10000,"TOTAL_MARKET_CAP":16640192297.68,"HKSK_MARKET_CAP":16640192297.68,"PE_TTM":91.438138993706,"PB_TTM":0.936726821355,"REPORT_DATE_SQ":"2023-06-30 00:00:00","REPORT_TYPE_SQ":"2023年中报","OPERATE_INCOME_SQ":2615532000,"DPS_HKD":null,"OPERATE_INCOME_QOQ_SQ":0,"NET_PROFIT_RATIO_SQ":18.09918594,"HOLDER_PROFIT_SQ":463788000,"HOLDER_PROFIT_QOQ_SQ":0,"ROE_AVG_SQ":3.228262885125,"PE_TTM_SQ":66.432928019769,"PB_TTM_SQ":0.821215706757,"ROA_SQ":2.79169380382,"START_DATE":"2024-04-01 00:00:00","FISCAL_YEAR":"3-31","CURRENCY":"HKD","IS_CNY_CODE":0,"DPS_HKD_LY":null,"ORG_TYPE":"一般企业","PREMIUM_INCOME":null,"PREMIUM_INCOME_YOY":null,"NET_INTEREST_INCOME":null,"NET_INTEREST_INCOME_YOY":null,"FEE_COMMISSION_INCOME":null,"FEE_COMMISSION_INCOME_YOY":null,"ACCOUNTS_RECE_TDAYS":0.794213800719,"INVENTORY_TDAYS":51.374020936052,"CURRENT_ASSETS_TDAYS":0.246925537098,"TOTAL_ASSETS_TDAYS":0.137038941606,"PREMIUM_EXPENSE":null,"LOAN_DEPOSIT":null,"LOAN_EQUITY":null,"LOAN_ASSETS":null,"DEPOSIT_EQUITY":null,"DEPOSIT_ASSETS":null,"EQUITY_MULTIPLIER":1.427839468895,"EQUITY_RATIO":0.431416565041},{"SECUCODE":"01060.HK","SECURITY_CODE":"01060","SECURITY_NAME_ABBR":"阿里影业","ORG_CODE":"10009223","STD_REPORT_DATE":"2023-12-31 00:00:00","REPORT_DATE":"2024-03-31 00:00:00","DATE_TYPE_CODE":"001","REPORT_TYPE":"2023年年报","PER_NETCASH_OPERATE":0.027881496169,"PER_OI":0.170767148655,"BPS":0.529112981539,"BASIC_EPS":0.0103,"DILUTED_EPS":0.0103,"OPERATE_INCOME":5035713000,"OPERATE_INCOME_YOY":43.8547852296,"GROSS_PROFIT":2017043000,"GROSS_PROFIT_YOY":80.578591194721,"HOLDER_PROFIT":284790000,"HOLDER_PROFIT_YOY":197.8216066939,"GROSS_PROFIT_RATIO":40.054764836678,"EPS_TTM":0.006611839239,"OPERATE_INCOME_QOQ":0,"NET_PROFIT_RATIO":5.9071873238,"ROE_AVG":1.911840707734,"GROSS_PROFIT_QOQ":0,"ROA":1.538094367023,"HOLDER_PROFIT_QOQ":0,"ROE_YEARLY":1.911840707734,"ROIC_YEARLY":2.168793912146,"TOTAL_ASSETS":21459900000,"TOTAL_LIABILITIES":5639020000,"TAX_EBT":-19.514225307563,"OCF_SALES":16.327201331768,"TOTAL_PARENT_EQUITY":15722396000,"DEBT_ASSET_RATIO":26.2770096785,"OPERATE_PROFIT":309680000,"PRETAX_PROFIT":300345000,"NETCASH_OPERATE":822191000,"NETCASH_INVEST":-298758000,"NETCASH_FINANCE":-93550000,"END_CASH":4413697000,"DIVI_RATIO":null,"DIVIDEND_RATE":null,"CURRENT_RATIO":2.370459441312,"COMMON_ACS":38000000000,"CURRENTDEBT_DEBT":97.954733269256,"ISSUED_COMMON_SHARES":29714629103,"HK_COMMON_SHARES":29714629103,"PER_SHARES":10000,"TOTAL_MARKET_CAP":13965875678.41,"HKSK_MARKET_CAP":13965875678.41,"PE_TTM":76.742723798289,"PB_TTM":0.786181439352,"REPORT_DATE_SQ":"2022-12-31 00:00:00","REPORT_TYPE_SQ":"2022年年报","OPERATE_INCOME_SQ":3500553000,"DPS_HKD":null,"OPERATE_INCOME_QOQ_SQ":0,"NET_PROFIT_RATIO_SQ":-7.9226907953,"HOLDER_PROFIT_SQ":-291132000,"HOLDER_PROFIT_QOQ_SQ":0,"ROE_AVG_SQ":-2.073077232829,"PE_TTM_SQ":67.17936541325,"PB_TTM_SQ":0.83044284953,"ROA_SQ":-1.869326181662,"START_DATE":"2023-04-01 00:00:00","FISCAL_YEAR":"3-31","CURRENCY":"HKD","IS_CNY_CODE":0,"DPS_HKD_LY":null,"ORG_TYPE":"一般企业","PREMIUM_INCOME":null,"PREMIUM_INCOME_YOY":null,"NET_INTEREST_INCOME":null,"NET_INTEREST_INCOME_YOY":null,"FEE_COMMISSION_INCOME":null,"FEE_COMMISSION_INCOME_YOY":null,"ACCOUNTS_RECE_TDAYS":1.645862769188,"INVENTORY_TDAYS":86.440352786209,"CURRENT_ASSETS_TDAYS":0.466372388922,"TOTAL_ASSETS_TDAYS":0.271968882308,"PREMIUM_EXPENSE":null,"LOAN_DEPOSIT":null,"LOAN_EQUITY":null,"LOAN_ASSETS":null,"DEPOSIT_EQUITY":null,"DEPOSIT_ASSETS":null,"EQUITY_MULTIPLIER":1.356428972345,"EQUITY_RATIO":0.358661618751},{"SECUCODE":"01060.HK","SECURITY_CODE":"01060","SECURITY_NAME_ABBR":"阿里影业","ORG_CODE":"10009223","STD_REPORT_DATE":"2023-06-30 00:00:00","REPORT_DATE":"2023-09-30 00:00:00","DATE_TYPE_CODE":"002","REPORT_TYPE":"2023年中报","PER_NETCASH_OPERATE":0.045512523212,"PER_OI":0.09695867416,"BPS":0.493465388687,"BASIC_EPS":0.0174,"DILUTED_EPS":0.0173,"OPERATE_INCOME":2615532000,"OPERATE_INCOME_YOY":43.0279446553,"GROSS_PROFIT":1113237000,"GROSS_PROFIT_YOY":99.408707988443,"HOLDER_PROFIT":463788000,"HOLDER_PROFIT_YOY":2177.9963260003,"GROSS_PROFIT_RATIO":42.562545593019,"EPS_TTM":-0.010792363743,"OPERATE_INCOME_QOQ":0,"NET_PROFIT_RATIO":18.09918594,"ROE_AVG":3.228262885125,"GROSS_PROFIT_QOQ":0,"ROA":2.79169380382,"HOLDER_PROFIT_QOQ":0,"ROE_YEARLY":6.456525770251,"ROIC_YEARLY":7.691330209596,"TOTAL_ASSETS":17654642000,"TOTAL_LIABILITIES":2939367000,"TAX_EBT":-45.195177234486,"OCF_SALES":46.940125374111,"TOTAL_PARENT_EQUITY":14663141000,"DEBT_ASSET_RATIO":16.6492585916,"OPERATE_PROFIT":402670000,"PRETAX_PROFIT":326037000,"NETCASH_OPERATE":1227734000,"NETCASH_INVEST":-933630000,"NETCASH_FINANCE":-19716000,"END_CASH":4272927000,"DIVI_RATIO":null,"DIVIDEND_RATE":null,"CURRENT_RATIO":3.718151981043,"COMMON_ACS":38000000000,"CURRENTDEBT_DEBT":96.939511126035,"ISSUED_COMMON_SHARES":29714629103,"HK_COMMON_SHARES":29714629103,"PER_SHARES":10000,"TOTAL_MARKET_CAP":14560168260.47,"HKSK_MARKET_CAP":14560168260.47,"PE_TTM":80.008371619492,"PB_TTM":0.819635968686,"REPORT_DATE_SQ":"2022-06-30 00:00:00","REPORT_TYPE_SQ":"2022年中报","OPERATE_INCOME_SQ":1828686000,"DPS_HKD":null,"OPERATE_INCOME_QOQ_SQ":0,"NET_PROFIT_RATIO_SQ":-1.0971265707,"HOLDER_PROFIT_SQ":-22319000,"HOLDER_PROFIT_QOQ_SQ":0,"ROE_AVG_SQ":-0.157275588527,"PE_TTM_SQ":71.657989774133,"PB_TTM_SQ":0.885805706165,"ROA_SQ":-0.141003149053,"START_DATE":"2023-04-01 00:00:00","FISCAL_YEAR":"3-31","CURRENCY":"HKD","IS_CNY_CODE":0,"DPS_HKD_LY":null,"ORG_TYPE":"一般企业","PREMIUM_INCOME":null,"PREMIUM_INCOME_YOY":null,"NET_INTEREST_INCOME":null,"NET_INTEREST_INCOME_YOY":null,"FEE_COMMISSION_INCOME":null,"FEE_COMMISSION_INCOME_YOY":null,"ACCOUNTS_RECE_TDAYS":0.824944788829,"INVENTORY_TDAYS":39.566356764729,"CURRENT_ASSETS_TDAYS":0.273933616082,"TOTAL_ASSETS_TDAYS":0.157437546424,"PREMIUM_EXPENSE":null,"LOAN_DEPOSIT":null,"LOAN_EQUITY":null,"LOAN_ASSETS":null,"DEPOSIT_EQUITY":null,"DEPOSIT_ASSETS":null,"EQUITY_MULTIPLIER":1.199749376074,"EQUITY_RATIO":0.200459574112},{"SECUCODE":"01060.HK","SECURITY_CODE":"01060","SECURITY_NAME_ABBR":"阿里影业","ORG_CODE":"10009223","STD_REPORT_DATE":"2022-12-31 00:00:00","REPORT_DATE":"2023-03-31 00:00:00","DATE_TYPE_CODE":"001","REPORT_TYPE":"2022年年报","PER_NETCASH_OPERATE":0.02151429383,"PER_OI":0.129766708152,"BPS":0.473498590584,"BASIC_EPS":-0.0109,"DILUTED_EPS":-0.0109,"OPERATE_INCOME":3500553000,"OPERATE_INCOME_YOY":-3.6091693432,"GROSS_PROFIT":1116989000,"GROSS_PROFIT_YOY":-25.292262623358,"HOLDER_PROFIT":-291132000,"HOLDER_PROFIT_YOY":-271.4023302503,"GROSS_PROFIT_RATIO":32.083933532878,"EPS_TTM":0.00744272442,"OPERATE_INCOME_QOQ":0,"NET_PROFIT_RATIO":-7.9226907953,"ROE_AVG":-2.073077232829,"GROSS_PROFIT_QOQ":0,"ROA":-1.869326181662,"HOLDER_PROFIT_QOQ":0,"ROE_YEARLY":-2.073077232829,"ROIC_YEARLY":-2.464679943236,"TOTAL_ASSETS":15571638000,"TOTAL_LIABILITIES":1461427000,"TAX_EBT":0.163311886351,"OCF_SALES":16.485941624671,"TOTAL_PARENT_EQUITY":14069835000,"DEBT_ASSET_RATIO":9.3851847827,"OPERATE_PROFIT":-203139000,"PRETAX_PROFIT":-254115000,"NETCASH_OPERATE":580364000,"NETCASH_INVEST":-232784000,"NETCASH_FINANCE":-48321000,"END_CASH":3919526000,"DIVI_RATIO":null,"DIVIDEND_RATE":null,"CURRENT_RATIO":6.567514723968,"COMMON_ACS":38000000000,"CURRENTDEBT_DEBT":88.576986739673,"ISSUED_COMMON_SHARES":29714629103,"HK_COMMON_SHARES":29714629103,"PER_SHARES":10000,"TOTAL_MARKET_CAP":13965875678.41,"HKSK_MARKET_CAP":13965875678.41,"PE_TTM":76.742723798289,"PB_TTM":0.786181439352,"REPORT_DATE_SQ":"2021-12-31 00:00:00","REPORT_TYPE_SQ":"2021年年报","OPERATE_INCOME_SQ":3652170000,"DPS_HKD":null,"OPERATE_INCOME_QOQ_SQ":0,"NET_PROFIT_RATIO_SQ":4.2252961938,"HOLDER_PROFIT_SQ":169853000,"HOLDER_PROFIT_QOQ_SQ":0,"ROE_AVG_SQ":1.221813367762,"PE_TTM_SQ":67.17936541325,"PB_TTM_SQ":0.83044284953,"ROA_SQ":1.091685150323,"START_DATE":"2022-04-01 00:00:00","FISCAL_YEAR":"3-31","CURRENCY":"HKD","IS_CNY_CODE":0,"DPS_HKD_LY":null,"ORG_TYPE":"一般企业","PREMIUM_INCOME":null,"PREMIUM_INCOME_YOY":null,"NET_INTEREST_INCOME":null,"NET_INTEREST_INCOME_YOY":null,"FEE_COMMISSION_INCOME":null,"FEE_COMMISSION_INCOME_YOY":null,"ACCOUNTS_RECE_TDAYS":1.332821991287,"INVENTORY_TDAYS":84.521007512152,"CURRENT_ASSETS_TDAYS":0.430272990916,"TOTAL_ASSETS_TDAYS":0.226038206343,"PREMIUM_EXPENSE":null,"LOAN_DEPOSIT":null,"LOAN_EQUITY":null,"LOAN_ASSETS":null,"DEPOSIT_EQUITY":null,"DEPOSIT_ASSETS":null,"EQUITY_MULTIPLIER":1.103572299521,"EQUITY_RATIO":0.103869519436},{"SECUCODE":"01060.HK","SECURITY_CODE":"01060","SECURITY_NAME_ABBR":"阿里影业","ORG_CODE":"10009223","STD_REPORT_DATE":"2022-06-30 00:00:00","REPORT_DATE":"2022-09-30 00:00:00","DATE_TYPE_CODE":"002","REPORT_TYPE":"2022年中报","PER_NETCASH_OPERATE":0.006377211487,"PER_OI":0.067790021309,"BPS":0.483429221015,"BASIC_EPS":-0.0008,"DILUTED_EPS":-0.0008,"OPERATE_INCOME":1828686000,"OPERATE_INCOME_YOY":34.6443717971,"GROSS_PROFIT":558269000,"GROSS_PROFIT_YOY":-10.322122574603,"HOLDER_PROFIT":-22319000,"HOLDER_PROFIT_YOY":58.0777249761,"GROSS_PROFIT_RATIO":30.528423140988,"EPS_TTM":0.006296509346,"OPERATE_INCOME_QOQ":0,"NET_PROFIT_RATIO":-1.0971265707,"ROE_AVG":-0.157275588527,"GROSS_PROFIT_QOQ":0,"ROA":-0.141003149053,"HOLDER_PROFIT_QOQ":0,"ROE_YEARLY":-0.314551177053,"ROIC_YEARLY":-0.368409637051,"TOTAL_ASSETS":16080751000,"TOTAL_LIABILITIES":1685101000,"TAX_EBT":-52.396505886821,"OCF_SALES":9.407301198784,"TOTAL_PARENT_EQUITY":14364920000,"DEBT_ASSET_RATIO":10.4789944201,"OPERATE_PROFIT":-60066000,"PRETAX_PROFIT":-13165000,"NETCASH_OPERATE":172030000,"NETCASH_INVEST":30304000,"NETCASH_FINANCE":-28167000,"END_CASH":3829802000,"DIVI_RATIO":null,"DIVIDEND_RATE":null,"CURRENT_RATIO":5.62003193796,"COMMON_ACS":38000000000,"CURRENTDEBT_DEBT":88.705246747821,"ISSUED_COMMON_SHARES":29714629103,"HK_COMMON_SHARES":29714629103,"PER_SHARES":10000,"TOTAL_MARKET_CAP":14560168260.47,"HKSK_MARKET_CAP":14560168260.47,"PE_TTM":80.008371619492,"PB_TTM":0.819635968686,"REPORT_DATE_SQ":"2021-06-30 00:00:00","REPORT_TYPE_SQ":"2021年中报","OPERATE_INCOME_SQ":1358160000,"DPS_HKD":null,"OPERATE_INCOME_QOQ_SQ":0,"NET_PROFIT_RATIO_SQ":-4.8108470283,"HOLDER_PROFIT_SQ":-53239000,"HOLDER_PROFIT_QOQ_SQ":0,"ROE_AVG_SQ":-0.386421472169,"PE_TTM_SQ":73.897301954575,"PB_TTM_SQ":0.913487134483,"ROA_SQ":-0.341410191658,"START_DATE":"2022-04-01 00:00:00","FISCAL_YEAR":"3-31","CURRENCY":"HKD","IS_CNY_CODE":0,"DPS_HKD_LY":null,"ORG_TYPE":"一般企业","PREMIUM_INCOME":null,"PREMIUM_INCOME_YOY":null,"NET_INTEREST_INCOME":null,"NET_INTEREST_INCOME_YOY":null,"FEE_COMMISSION_INCOME":null,"FEE_COMMISSION_INCOME_YOY":null,"ACCOUNTS_RECE_TDAYS":null,"INVENTORY_TDAYS":47.933933254099,"CURRENT_ASSETS_TDAYS":0.224896491726,"TOTAL_ASSETS_TDAYS":0.115529586733,"PREMIUM_EXPENSE":null,"LOAN_DEPOSIT":null,"LOAN_EQUITY":null,"LOAN_ASSETS":null,"DEPOSIT_EQUITY":null,"DEPOSIT_ASSETS":null,"EQUITY_MULTIPLIER":1.117056263524,"EQUITY_RATIO":0.117306674872},{"SECUCODE":"01060.HK","SECURITY_CODE":"01060","SECURITY_NAME_ABBR":"阿里影业","ORG_CODE":"10009223","STD_REPORT_DATE":"2021-12-31 00:00:00","REPORT_DATE":"2022-03-31 00:00:00","DATE_TYPE_CODE":"001","REPORT_TYPE":"2021年年报","PER_NETCASH_OPERATE":-0.01844746417,"PER_OI":0.135387202682,"BPS":0.471724111091,"BASIC_EPS":0.0064,"DILUTED_EPS":0.0064,"OPERATE_INCOME":3652170000,"OPERATE_INCOME_YOY":27.7475194105,"GROSS_PROFIT":1495145000,"GROSS_PROFIT_YOY":7.765343720088,"HOLDER_PROFIT":169853000,"HOLDER_PROFIT_YOY":276.3588790481,"GROSS_PROFIT_RATIO":40.938537910338,"EPS_TTM":0.000467231799,"OPERATE_INCOME_QOQ":0,"NET_PROFIT_RATIO":4.2252961938,"ROE_AVG":1.221813367762,"GROSS_PROFIT_QOQ":0,"ROA":1.091685150323,"HOLDER_PROFIT_QOQ":0,"ROE_YEARLY":1.221813367762,"ROIC_YEARLY":1.439185102626,"TOTAL_ASSETS":15576698000,"TOTAL_LIABILITIES":1533696000,"TAX_EBT":-19.714977269554,"OCF_SALES":-13.625707456115,"TOTAL_PARENT_EQUITY":14017107000,"DEBT_ASSET_RATIO":9.8460918996,"OPERATE_PROFIT":279216000,"PRETAX_PROFIT":128902000,"NETCASH_OPERATE":-497634000,"NETCASH_INVEST":262017000,"NETCASH_FINANCE":-80461000,"END_CASH":3538214000,"DIVI_RATIO":null,"DIVIDEND_RATE":null,"CURRENT_RATIO":5.835816452797,"COMMON_ACS":38000000000,"CURRENTDEBT_DEBT":87.837681000668,"ISSUED_COMMON_SHARES":29714629103,"HK_COMMON_SHARES":29714629103,"PER_SHARES":10000,"TOTAL_MARKET_CAP":13965875678.41,"HKSK_MARKET_CAP":13965875678.41,"PE_TTM":76.742723798289,"PB_TTM":0.786181439352,"REPORT_DATE_SQ":"2020-12-31 00:00:00","REPORT_TYPE_SQ":"2020年年报","OPERATE_INCOME_SQ":2858897000,"DPS_HKD":null,"OPERATE_INCOME_QOQ_SQ":0,"NET_PROFIT_RATIO_SQ":-4.0989584445,"HOLDER_PROFIT_SQ":-96311000,"HOLDER_PROFIT_QOQ_SQ":0,"ROE_AVG_SQ":-0.695770663482,"PE_TTM_SQ":67.17936541325,"PB_TTM_SQ":0.83044284953,"ROA_SQ":-0.613665509129,"START_DATE":"2021-04-01 00:00:00","FISCAL_YEAR":"3-31","CURRENCY":"HKD","IS_CNY_CODE":0,"DPS_HKD_LY":null,"ORG_TYPE":"一般企业","PREMIUM_INCOME":null,"PREMIUM_INCOME_YOY":null,"NET_INTEREST_INCOME":null,"NET_INTEREST_INCOME_YOY":null,"FEE_COMMISSION_INCOME":null,"FEE_COMMISSION_INCOME_YOY":null,"ACCOUNTS_RECE_TDAYS":1.548164999068,"INVENTORY_TDAYS":120.970500813191,"CURRENT_ASSETS_TDAYS":0.478538727108,"TOTAL_ASSETS_TDAYS":0.234733549331,"PREMIUM_EXPENSE":null,"LOAN_DEPOSIT":null,"LOAN_EQUITY":null,"LOAN_ASSETS":null,"DEPOSIT_EQUITY":null,"DEPOSIT_ASSETS":null,"EQUITY_MULTIPLIER":1.109214254901,"EQUITY_RATIO":0.10941601573},{"SECUCODE":"01060.HK","SECURITY_CODE":"01060","SECURITY_NAME_ABBR":"阿里影业","ORG_CODE":"10009223","STD_REPORT_DATE":"2021-06-30 00:00:00","REPORT_DATE":"2021-09-30 00:00:00","DATE_TYPE_CODE":"002","REPORT_TYPE":"2021年中报","PER_NETCASH_OPERATE":-0.020560882051,"PER_OI":0.050608145821,"BPS":0.463359847174,"BASIC_EPS":-0.002,"DILUTED_EPS":-0.002,"OPERATE_INCOME":1358160000,"OPERATE_INCOME_YOY":46.5636597318,"GROSS_PROFIT":622527000,"GROSS_PROFIT_YOY":77.525023526392,"HOLDER_PROFIT":-53239000,"HOLDER_PROFIT_YOY":67.1544645226,"GROSS_PROFIT_RATIO":45.836057607351,"EPS_TTM":-0.003588866976,"OPERATE_INCOME_QOQ":0,"NET_PROFIT_RATIO":-4.8108470283,"ROE_AVG":-0.386421472169,"GROSS_PROFIT_QOQ":0,"ROA":-0.341410191658,"HOLDER_PROFIT_QOQ":0,"ROE_YEARLY":-0.772842944339,"ROIC_YEARLY":-0.896413093231,"TOTAL_ASSETS":15646822000,"TOTAL_LIABILITIES":1841230000,"TAX_EBT":3.348963803382,"OCF_SALES":-40.627613830477,"TOTAL_PARENT_EQUITY":13768566000,"DEBT_ASSET_RATIO":11.7674375026,"OPERATE_PROFIT":-76435000,"PRETAX_PROFIT":-67603000,"NETCASH_OPERATE":-551788000,"NETCASH_INVEST":169652000,"NETCASH_FINANCE":-62755000,"END_CASH":3444801000,"DIVI_RATIO":null,"DIVIDEND_RATE":null,"CURRENT_RATIO":4.842618584174,"COMMON_ACS":38000000000,"CURRENTDEBT_DEBT":86.330659396165,"ISSUED_COMMON_SHARES":29714629103,"HK_COMMON_SHARES":29714629103,"PER_SHARES":10000,"TOTAL_MARKET_CAP":14560168260.47,"HKSK_MARKET_CAP":14560168260.47,"PE_TTM":80.008371619492,"PB_TTM":0.819635968686,"REPORT_DATE_SQ":"2020-06-30 00:00:00","REPORT_TYPE_SQ":"2020年中报","OPERATE_INCOME_SQ":926669000,"DPS_HKD":null,"OPERATE_INCOME_QOQ_SQ":0,"NET_PROFIT_RATIO_SQ":-18.3182991985,"HOLDER_PROFIT_SQ":-162089000,"HOLDER_PROFIT_QOQ_SQ":0,"ROE_AVG_SQ":-1.173792326694,"PE_TTM_SQ":73.897301954575,"PB_TTM_SQ":0.913487134483,"ROA_SQ":-1.042649879272,"START_DATE":"2021-04-01 00:00:00","FISCAL_YEAR":"3-31","CURRENCY":"HKD","IS_CNY_CODE":0,"DPS_HKD_LY":null,"ORG_TYPE":"一般企业","PREMIUM_INCOME":null,"PREMIUM_INCOME_YOY":null,"NET_INTEREST_INCOME":null,"NET_INTEREST_INCOME_YOY":null,"FEE_COMMISSION_INCOME":null,"FEE_COMMISSION_INCOME_YOY":null,"ACCOUNTS_RECE_TDAYS":0.625419477864,"INVENTORY_TDAYS":59.90496742671,"CURRENT_ASSETS_TDAYS":0.179893364147,"TOTAL_ASSETS_TDAYS":0.087095863165,"PREMIUM_EXPENSE":null,"LOAN_DEPOSIT":null,"LOAN_EQUITY":null,"LOAN_ASSETS":null,"DEPOSIT_EQUITY":null,"DEPOSIT_ASSETS":null,"EQUITY_MULTIPLIER":1.133368420564,"EQUITY_RATIO":0.133727070778},{"SECUCODE":"01060.HK","SECURITY_CODE":"01060","SECURITY_NAME_ABBR":"阿里影业","ORG_CODE":"10009223","STD_REPORT_DATE":"2020-12-31 00:00:00","REPORT_DATE":"2021-03-31 00:00:00","DATE_TYPE_CODE":"001","REPORT_TYPE":"2020年年报","PER_NETCASH_OPERATE":0.009873394116,"PER_OI":0.10653634174,"BPS":0.463957364307,"BASIC_EPS":-0.0036,"DILUTED_EPS":-0.0036,"OPERATE_INCOME":2858897000,"OPERATE_INCOME_YOY":-0.5495193575,"GROSS_PROFIT":1387408000,"GROSS_PROFIT_YOY":-11.44641370894,"HOLDER_PROFIT":-96311000,"HOLDER_PROFIT_YOY":91.6292794006,"GROSS_PROFIT_RATIO":48.529485322486,"EPS_TTM":-0.03437178471,"OPERATE_INCOME_QOQ":0,"NET_PROFIT_RATIO":-4.0989584445,"ROE_AVG":-0.695770663482,"GROSS_PROFIT_QOQ":0,"ROA":-0.613665509129,"HOLDER_PROFIT_QOQ":0,"ROE_YEARLY":-0.695770663482,"ROIC_YEARLY":-0.830366599038,"TOTAL_ASSETS":15540882000,"TOTAL_LIABILITIES":1702944000,"TAX_EBT":0.679735903108,"OCF_SALES":9.267630138476,"TOTAL_PARENT_EQUITY":13786321000,"DEBT_ASSET_RATIO":10.9578336674,"OPERATE_PROFIT":-107528000,"PRETAX_PROFIT":-117987000,"NETCASH_OPERATE":264952000,"NETCASH_INVEST":54368000,"NETCASH_FINANCE":-387754000,"END_CASH":3897802000,"DIVI_RATIO":null,"DIVIDEND_RATE":null,"CURRENT_RATIO":5.372468198703,"COMMON_ACS":38000000000,"CURRENTDEBT_DEBT":80.905420260443,"ISSUED_COMMON_SHARES":29714629103,"HK_COMMON_SHARES":29714629103,"PER_SHARES":10000,"TOTAL_MARKET_CAP":14560168260.47,"HKSK_MARKET_CAP":14560168260.47,"PE_TTM":80.008371619492,"PB_TTM":0.819635968686,"REPORT_DATE_SQ":"2019-12-31 00:00:00","REPORT_TYPE_SQ":"2019年年报","OPERATE_INCOME_SQ":2874694000,"DPS_HKD":null,"OPERATE_INCOME_QOQ_SQ":0,"NET_PROFIT_RATIO_SQ":-40.5544381419,"HOLDER_PROFIT_SQ":-1150570000,"HOLDER_PROFIT_QOQ_SQ":0,"ROE_AVG_SQ":-8.00262383846,"PE_TTM_SQ":73.897301954575,"PB_TTM_SQ":0.913487134483,"ROA_SQ":-7.08791953788,"START_DATE":"2020-04-01 00:00:00","FISCAL_YEAR":"3-31","CURRENCY":"HKD","IS_CNY_CODE":0,"DPS_HKD_LY":null,"ORG_TYPE":"一般企业","PREMIUM_INCOME":null,"PREMIUM_INCOME_YOY":null,"NET_INTEREST_INCOME":null,"NET_INTEREST_INCOME_YOY":null,"FEE_COMMISSION_INCOME":null,"FEE_COMMISSION_INCOME_YOY":null,"ACCOUNTS_RECE_TDAYS":1.491695070681,"INVENTORY_TDAYS":null,"CURRENT_ASSETS_TDAYS":0.378822188915,"TOTAL_ASSETS_TDAYS":0.182160551033,"PREMIUM_EXPENSE":null,"LOAN_DEPOSIT":null,"LOAN_EQUITY":null,"LOAN_ASSETS":null,"DEPOSIT_EQUITY":null,"DEPOSIT_ASSETS":null,"EQUITY_MULTIPLIER":1.123063421733,"EQUITY_RATIO":0.123524180236},{"SECUCODE":"01060.HK","SECURITY_CODE":"01060","SECURITY_NAME_ABBR":"阿里影业","ORG_CODE":"10009223","STD_REPORT_DATE":"2020-06-30 00:00:00","REPORT_DATE":"2020-09-30 00:00:00","DATE_TYPE_CODE":"002","REPORT_TYPE":"2020年中报","PER_NETCASH_OPERATE":-0.004030094341,"PER_OI":0.034535802074,"BPS":0.46171288063,"BASIC_EPS":-0.0061,"DILUTED_EPS":-0.0061,"OPERATE_INCOME":926669000,"OPERATE_INCOME_YOY":-38.2756434082,"GROSS_PROFIT":350670000,"GROSS_PROFIT_YOY":-60.968317854376,"HOLDER_PROFIT":-162089000,"HOLDER_PROFIT_YOY":58.4770468286,"GROSS_PROFIT_RATIO":37.841991045346,"EPS_TTM":-0.042896478545,"OPERATE_INCOME_QOQ":0,"NET_PROFIT_RATIO":-18.3182991985,"ROE_AVG":-1.173792326694,"GROSS_PROFIT_QOQ":0,"ROA":-1.042649879272,"HOLDER_PROFIT_QOQ":0,"ROE_YEARLY":-2.347584653387,"ROIC_YEARLY":-2.804328821131,"TOTAL_ASSETS":15243862000,"TOTAL_LIABILITIES":1450542000,"TAX_EBT":0.207521325315,"OCF_SALES":-11.669323134798,"TOTAL_PARENT_EQUITY":13719627000,"DEBT_ASSET_RATIO":9.5155807629,"OPERATE_PROFIT":-196227000,"PRETAX_PROFIT":-170103000,"NETCASH_OPERATE":-108136000,"NETCASH_INVEST":-1683000,"NETCASH_FINANCE":-367347000,"END_CASH":3451760000,"DIVI_RATIO":null,"DIVIDEND_RATE":null,"CURRENT_RATIO":6.439446924682,"COMMON_ACS":38000000000,"CURRENTDEBT_DEBT":75.681297059996,"ISSUED_COMMON_SHARES":29714629103,"HK_COMMON_SHARES":29714629103,"PER_SHARES":10000,"TOTAL_MARKET_CAP":14560168260.47,"HKSK_MARKET_CAP":14560168260.47,"PE_TTM":80.008371619492,"PB_TTM":0.819635968686,"REPORT_DATE_SQ":"2019-06-30 00:00:00","REPORT_TYPE_SQ":"2019年中报","OPERATE_INCOME_SQ":1501302000,"DPS_HKD":null,"OPERATE_INCOME_QOQ_SQ":0,"NET_PROFIT_RATIO_SQ":-26.3968875016,"HOLDER_PROFIT_SQ":-390360000,"HOLDER_PROFIT_QOQ_SQ":0,"ROE_AVG_SQ":-2.65202477601,"PE_TTM_SQ":73.897301954575,"PB_TTM_SQ":0.913487134483,"ROA_SQ":-2.332752824323,"START_DATE":"2020-04-01 00:00:00","FISCAL_YEAR":"3-31","CURRENCY":"HKD","IS_CNY_CODE":0,"DPS_HKD_LY":null,"ORG_TYPE":"一般企业","PREMIUM_INCOME":null,"PREMIUM_INCOME_YOY":null,"NET_INTEREST_INCOME":null,"NET_INTEREST_INCOME_YOY":null,"FEE_COMMISSION_INCOME":null,"FEE_COMMISSION_INCOME_YOY":null,"ACCOUNTS_RECE_TDAYS":0.547513139544,"INVENTORY_TDAYS":null,"CURRENT_ASSETS_TDAYS":0.125558814356,"TOTAL_ASSETS_TDAYS":0.059608691581,"PREMIUM_EXPENSE":null,"LOAN_DEPOSIT":null,"LOAN_EQUITY":null,"LOAN_ASSETS":null,"DEPOSIT_EQUITY":null,"DEPOSIT_ASSETS":null,"EQUITY_MULTIPLIER":1.105162643946,"EQUITY_RATIO":0.105727509939}],"count":44},"success":true,"message":"ok","code":0}