{"version":"48c0a43536d7a4dd679ab3cbd0aaead7","result":{"pages":5,"data":[{"SECUCODE":"01064.HK","SECURITY_CODE":"01064","SECURITY_NAME_ABBR":"中华国际","ORG_CODE":"10009226","STD_REPORT_DATE":"2024-06-30 00:00:00","REPORT_DATE":"2024-06-30 00:00:00","DATE_TYPE_CODE":"002","REPORT_TYPE":"2024年中报","PER_NETCASH_OPERATE":-0.004343626962,"PER_OI":0.016931595641,"BPS":0.426609951449,"BASIC_EPS":-0.0114085,"DILUTED_EPS":-0.0114085,"OPERATE_INCOME":13013904.12,"OPERATE_INCOME_YOY":-2.4958971554,"GROSS_PROFIT":13013904.12,"GROSS_PROFIT_YOY":-3.479419744197,"HOLDER_PROFIT":-8746212.44,"HOLDER_PROFIT_YOY":98.0055153754,"GROSS_PROFIT_RATIO":null,"EPS_TTM":-0.003490404734,"OPERATE_INCOME_QOQ":-1.825192579964,"NET_PROFIT_RATIO":-215.8847043972,"ROE_AVG":-2.607317521103,"GROSS_PROFIT_QOQ":-1.825192579964,"ROA":-0.650149799724,"HOLDER_PROFIT_QOQ":99.385985400766,"ROE_YEARLY":-5.214635042206,"ROIC_YEARLY":-2.694264391035,"TOTAL_ASSETS":1324599864.4,"TOTAL_LIABILITIES":386664183.44,"TAX_EBT":-9.575339052433,"OCF_SALES":-25.653972929378,"TOTAL_PARENT_EQUITY":327899456.28,"DEBT_ASSET_RATIO":29.1910178939,"OPERATE_PROFIT":-25639919.24,"PRETAX_PROFIT":-25639919.24,"NETCASH_OPERATE":-3338583.44,"NETCASH_INVEST":null,"NETCASH_FINANCE":-5556395.84,"END_CASH":71885414.84,"DIVI_RATIO":null,"DIVIDEND_RATE":null,"CURRENT_RATIO":1.351844599358,"COMMON_ACS":4000000000,"CURRENTDEBT_DEBT":15.067578093651,"ISSUED_COMMON_SHARES":768616520,"HK_COMMON_SHARES":768616520,"PER_SHARES":5000,"TOTAL_MARKET_CAP":46116991.2,"HKSK_MARKET_CAP":46116991.2,"PE_TTM":-4.100016998578,"PB_TTM":0.128362687776,"REPORT_DATE_SQ":"2023-06-30 00:00:00","REPORT_TYPE_SQ":"2023年中报","OPERATE_INCOME_SQ":13483035.52,"DPS_HKD":null,"OPERATE_INCOME_QOQ_SQ":2.529525140033,"NET_PROFIT_RATIO_SQ":-3.0097613883,"HOLDER_PROFIT_SQ":-442988340.5,"HOLDER_PROFIT_QOQ_SQ":-25.570576605341,"ROE_AVG_SQ":0.019228728659,"PE_TTM_SQ":19.972432623638,"PB_TTM_SQ":0.057289725959,"ROA_SQ":0.003792035523,"START_DATE":"2024-01-01 00:00:00","FISCAL_YEAR":"12-31","CURRENCY":"HKD","IS_CNY_CODE":0,"DPS_HKD_LY":null,"ORG_TYPE":"一般企业","PREMIUM_INCOME":null,"PREMIUM_INCOME_YOY":null,"NET_INTEREST_INCOME":null,"NET_INTEREST_INCOME_YOY":null,"FEE_COMMISSION_INCOME":null,"FEE_COMMISSION_INCOME_YOY":null,"ACCOUNTS_RECE_TDAYS":3.06513327601,"INVENTORY_TDAYS":null,"CURRENT_ASSETS_TDAYS":0.159071386339,"TOTAL_ASSETS_TDAYS":0.009673887086,"PREMIUM_EXPENSE":null,"LOAN_DEPOSIT":null,"LOAN_EQUITY":null,"LOAN_ASSETS":null,"DEPOSIT_EQUITY":null,"DEPOSIT_ASSETS":null,"EQUITY_MULTIPLIER":1.412250212129,"EQUITY_RATIO":1.179215689549},{"SECUCODE":"01064.HK","SECURITY_CODE":"01064","SECURITY_NAME_ABBR":"中华国际","ORG_CODE":"10009226","STD_REPORT_DATE":"2023-12-31 00:00:00","REPORT_DATE":"2023-12-31 00:00:00","DATE_TYPE_CODE":"001","REPORT_TYPE":"2023年年报","PER_NETCASH_OPERATE":0.028606743789,"PER_OI":0.033440756465,"BPS":0.443095034023,"BASIC_EPS":-0.568471806,"DILUTED_EPS":-0.568471806,"OPERATE_INCOME":25703117.86,"OPERATE_INCOME_YOY":-6.3401908662,"GROSS_PROFIT":25703117.86,"GROSS_PROFIT_YOY":-4.982376847688,"HOLDER_PROFIT":-436924910.8,"HOLDER_PROFIT_YOY":-14830.8279865567,"GROSS_PROFIT_RATIO":null,"EPS_TTM":-0.568456310047,"OPERATE_INCOME_QOQ":-7.326574445225,"NET_PROFIT_RATIO":-6520.3187250996,"ROE_AVG":-77.155732510578,"GROSS_PROFIT_QOQ":-7.326574445225,"ROA":-16.308996180169,"HOLDER_PROFIT_QOQ":-20178.5986041992,"ROE_YEARLY":-77.155732510578,"ROIC_YEARLY":-33.227065165405,"TOTAL_ASSETS":1356254289.32,"TOTAL_LIABILITIES":392852713.54,"TAX_EBT":-6.316226383855,"OCF_SALES":85.544547473822,"TOTAL_PARENT_EQUITY":340570163.08,"DEBT_ASSET_RATIO":28.9660070854,"OPERATE_PROFIT":-1575594871.9,"PRETAX_PROFIT":-1576358815.36,"NETCASH_OPERATE":21987615.86,"NETCASH_INVEST":-521076.5,"NETCASH_FINANCE":-14167843.48,"END_CASH":82249433.42,"DIVI_RATIO":null,"DIVIDEND_RATE":null,"CURRENT_RATIO":1.471296560018,"COMMON_ACS":4000000000,"CURRENTDEBT_DEBT":14.578311307545,"ISSUED_COMMON_SHARES":768616520,"HK_COMMON_SHARES":768616520,"PER_SHARES":5000,"TOTAL_MARKET_CAP":48422840.76,"HKSK_MARKET_CAP":48422840.76,"PE_TTM":-4.305017848506,"PB_TTM":0.134780822165,"REPORT_DATE_SQ":"2022-12-31 00:00:00","REPORT_TYPE_SQ":"2022年年报","OPERATE_INCOME_SQ":27050895.41,"DPS_HKD":null,"OPERATE_INCOME_QOQ_SQ":-43.174235901155,"NET_PROFIT_RATIO_SQ":112.4393223921,"HOLDER_PROFIT_SQ":2923672.71,"HOLDER_PROFIT_QOQ_SQ":-51.759281759967,"ROE_AVG_SQ":0.361429817684,"PE_TTM_SQ":19.972432623638,"PB_TTM_SQ":0.057289725959,"ROA_SQ":0.071595364785,"START_DATE":"2023-01-01 00:00:00","FISCAL_YEAR":"12-31","CURRENCY":"HKD","IS_CNY_CODE":0,"DPS_HKD_LY":null,"ORG_TYPE":"一般企业","PREMIUM_INCOME":null,"PREMIUM_INCOME_YOY":null,"NET_INTEREST_INCOME":null,"NET_INTEREST_INCOME_YOY":null,"FEE_COMMISSION_INCOME":null,"FEE_COMMISSION_INCOME_YOY":null,"ACCOUNTS_RECE_TDAYS":null,"INVENTORY_TDAYS":null,"CURRENT_ASSETS_TDAYS":0.245174395989,"TOTAL_ASSETS_TDAYS":0.009594143997,"PREMIUM_EXPENSE":null,"LOAN_DEPOSIT":null,"LOAN_EQUITY":null,"LOAN_ASSETS":null,"DEPOSIT_EQUITY":null,"DEPOSIT_ASSETS":null,"EQUITY_MULTIPLIER":1.407776698126,"EQUITY_RATIO":1.153514770605},{"SECUCODE":"01064.HK","SECURITY_CODE":"01064","SECURITY_NAME_ABBR":"中华国际","ORG_CODE":"10009226","STD_REPORT_DATE":"2023-06-30 00:00:00","REPORT_DATE":"2023-06-30 00:00:00","DATE_TYPE_CODE":"002","REPORT_TYPE":"2023年中报","PER_NETCASH_OPERATE":0.001848478589,"PER_OI":0.017541953847,"BPS":0.997783791819,"BASIC_EPS":-0.576329698,"DILUTED_EPS":-0.576329698,"OPERATE_INCOME":13483035.52,"OPERATE_INCOME_YOY":-2.3305084746,"GROSS_PROFIT":13483035.52,"GROSS_PROFIT_YOY":4.383796365205,"HOLDER_PROFIT":-442988340.5,"HOLDER_PROFIT_YOY":-84.3958135109,"GROSS_PROFIT_RATIO":null,"EPS_TTM":0.002831155307,"OPERATE_INCOME_QOQ":2.529525140033,"NET_PROFIT_RATIO":-3.0097613883,"ROE_AVG":0.019228728659,"GROSS_PROFIT_QOQ":2.529525140033,"ROA":0.003792035523,"HOLDER_PROFIT_QOQ":-25.570576605341,"ROE_YEARLY":0.038457457317,"ROIC_YEARLY":0.01536498755,"TOTAL_ASSETS":3903431903.02,"TOTAL_LIABILITIES":1244652716.44,"TAX_EBT":-6.277434017068,"OCF_SALES":10.446041214751,"TOTAL_PARENT_EQUITY":766913105.78,"DEBT_ASSET_RATIO":31.8861132297,"OPERATE_PROFIT":-1614257902.8,"PRETAX_PROFIT":-1615035131.94,"NETCASH_OPERATE":4717771.66,"NETCASH_INVEST":-516308.8,"NETCASH_FINANCE":9654052.58,"END_CASH":88169869.38,"DIVI_RATIO":null,"DIVIDEND_RATE":null,"CURRENT_RATIO":1.097057578323,"COMMON_ACS":4000000000,"CURRENTDEBT_DEBT":9.798085598432,"ISSUED_COMMON_SHARES":768616520,"HK_COMMON_SHARES":768616520,"PER_SHARES":5000,"TOTAL_MARKET_CAP":48422840.76,"HKSK_MARKET_CAP":48422840.76,"PE_TTM":-4.305017848506,"PB_TTM":0.134780822165,"REPORT_DATE_SQ":"2022-06-30 00:00:00","REPORT_TYPE_SQ":"2022年中报","OPERATE_INCOME_SQ":12916789.76,"DPS_HKD":null,"OPERATE_INCOME_QOQ_SQ":0.959113140186,"NET_PROFIT_RATIO_SQ":3.4494173729,"HOLDER_PROFIT_SQ":898804.69,"HOLDER_PROFIT_QOQ_SQ":8.83365780318,"ROE_AVG_SQ":0.114530311302,"PE_TTM_SQ":19.972432623638,"PB_TTM_SQ":0.057289725959,"ROA_SQ":0.022744393485,"START_DATE":"2023-01-01 00:00:00","FISCAL_YEAR":"12-31","CURRENCY":"HKD","IS_CNY_CODE":0,"DPS_HKD_LY":null,"ORG_TYPE":"一般企业","PREMIUM_INCOME":null,"PREMIUM_INCOME_YOY":null,"NET_INTEREST_INCOME":null,"NET_INTEREST_INCOME_YOY":null,"FEE_COMMISSION_INCOME":null,"FEE_COMMISSION_INCOME_YOY":null,"ACCOUNTS_RECE_TDAYS":1.319915158626,"INVENTORY_TDAYS":null,"CURRENT_ASSETS_TDAYS":0.104071648024,"TOTAL_ASSETS_TDAYS":0.003410982197,"PREMIUM_EXPENSE":null,"LOAN_DEPOSIT":null,"LOAN_EQUITY":null,"LOAN_ASSETS":null,"DEPOSIT_EQUITY":null,"DEPOSIT_ASSETS":null,"EQUITY_MULTIPLIER":1.468129404173,"EQUITY_RATIO":1.62293838384},{"SECUCODE":"01064.HK","SECURITY_CODE":"01064","SECURITY_NAME_ABBR":"中华国际","ORG_CODE":"10009226","STD_REPORT_DATE":"2022-12-31 00:00:00","REPORT_DATE":"2022-12-31 00:00:00","DATE_TYPE_CODE":"001","REPORT_TYPE":"2022年年报","PER_NETCASH_OPERATE":0.033116317318,"PER_OI":0.037906767363,"BPS":1.015709604967,"BASIC_EPS":0.004109042,"DILUTED_EPS":0.004109042,"OPERATE_INCOME":27050895.41,"OPERATE_INCOME_YOY":-47.4891624762,"GROSS_PROFIT":27050895.41,"GROSS_PROFIT_YOY":-36.424939215323,"HOLDER_PROFIT":2923672.71,"HOLDER_PROFIT_YOY":-51.9453824695,"GROSS_PROFIT_RATIO":null,"EPS_TTM":0.00409698014,"OPERATE_INCOME_QOQ":-43.174235901155,"NET_PROFIT_RATIO":112.4393223921,"ROE_AVG":0.361429817684,"GROSS_PROFIT_QOQ":-37.093531132035,"ROA":0.071595364785,"HOLDER_PROFIT_QOQ":-51.759281759967,"ROE_YEARLY":0.361429817684,"ROIC_YEARLY":0.144464627904,"TOTAL_ASSETS":3944643695.93,"TOTAL_LIABILITIES":1245607845.72,"TAX_EBT":38.03457688808,"OCF_SALES":87.362546643331,"TOTAL_PARENT_EQUITY":780691181.9,"DEBT_ASSET_RATIO":31.5771953499,"OPERATE_PROFIT":50433130.93,"PRETAX_PROFIT":49085186.5,"NETCASH_OPERATE":23632351.12,"NETCASH_INVEST":null,"NETCASH_FINANCE":-25491245.99,"END_CASH":75815397.98,"DIVI_RATIO":null,"DIVIDEND_RATE":null,"CURRENT_RATIO":1.007528048168,"COMMON_ACS":4000000000,"CURRENTDEBT_DEBT":9.850075586115,"ISSUED_COMMON_SHARES":768616520,"HK_COMMON_SHARES":768616520,"PER_SHARES":5000,"TOTAL_MARKET_CAP":48422840.76,"HKSK_MARKET_CAP":48422840.76,"PE_TTM":-4.305017848506,"PB_TTM":0.134780822165,"REPORT_DATE_SQ":"2021-12-31 00:00:00","REPORT_TYPE_SQ":"2021年年报","OPERATE_INCOME_SQ":47150992,"DPS_HKD":null,"OPERATE_INCOME_QOQ_SQ":112.075470205864,"NET_PROFIT_RATIO_SQ":53.7211721866,"HOLDER_PROFIT_SQ":5568673.6,"HOLDER_PROFIT_QOQ_SQ":258.485100320659,"ROE_AVG_SQ":0.739065658676,"PE_TTM_SQ":19.972432623638,"PB_TTM_SQ":0.057289725959,"ROA_SQ":0.146610964115,"START_DATE":"2022-01-01 00:00:00","FISCAL_YEAR":"12-31","CURRENCY":"HKD","IS_CNY_CODE":0,"DPS_HKD_LY":null,"ORG_TYPE":"一般企业","PREMIUM_INCOME":null,"PREMIUM_INCOME_YOY":null,"NET_INTEREST_INCOME":null,"NET_INTEREST_INCOME_YOY":null,"FEE_COMMISSION_INCOME":null,"FEE_COMMISSION_INCOME_YOY":null,"ACCOUNTS_RECE_TDAYS":1.784239210488,"INVENTORY_TDAYS":null,"CURRENT_ASSETS_TDAYS":0.202675750924,"TOTAL_ASSETS_TDAYS":0.006624266519,"PREMIUM_EXPENSE":null,"LOAN_DEPOSIT":null,"LOAN_EQUITY":null,"LOAN_ASSETS":null,"DEPOSIT_EQUITY":null,"DEPOSIT_ASSETS":null,"EQUITY_MULTIPLIER":1.461501037722,"EQUITY_RATIO":1.595519297001},{"SECUCODE":"01064.HK","SECURITY_CODE":"01064","SECURITY_NAME_ABBR":"中华国际","ORG_CODE":"10009226","STD_REPORT_DATE":"2022-06-30 00:00:00","REPORT_DATE":"2022-06-30 00:00:00","DATE_TYPE_CODE":"002","REPORT_TYPE":"2022年中报","PER_NETCASH_OPERATE":0.000251661635,"PER_OI":0.018100463481,"BPS":0.999315769169,"BASIC_EPS":0.001282785,"DILUTED_EPS":0.001282785,"OPERATE_INCOME":12916789.76,"OPERATE_INCOME_YOY":0.8277703605,"GROSS_PROFIT":12916789.76,"GROSS_PROFIT_YOY":3.628137840808,"HOLDER_PROFIT":898804.69,"HOLDER_PROFIT_YOY":114.9284253579,"GROSS_PROFIT_RATIO":null,"EPS_TTM":0.00849278429,"OPERATE_INCOME_QOQ":0.959113140186,"NET_PROFIT_RATIO":3.4494173729,"ROE_AVG":0.114530311302,"GROSS_PROFIT_QOQ":1.062834917846,"ROA":0.022744393485,"HOLDER_PROFIT_QOQ":8.83365780318,"ROE_YEARLY":0.229060622605,"ROIC_YEARLY":0.091309721097,"TOTAL_ASSETS":3860966486.93,"TOTAL_LIABILITIES":1218292556.53,"TAX_EBT":83.290570878768,"OCF_SALES":1.390360169492,"TOTAL_PARENT_EQUITY":768090608.88,"DEBT_ASSET_RATIO":31.554082654,"OPERATE_PROFIT":3346358.47,"PRETAX_PROFIT":2666482.42,"NETCASH_OPERATE":179589.9,"NETCASH_INVEST":null,"NETCASH_FINANCE":-23723825.79,"END_CASH":56707648.9,"DIVI_RATIO":null,"DIVIDEND_RATE":null,"CURRENT_RATIO":1.007913674386,"COMMON_ACS":4000000000,"CURRENTDEBT_DEBT":9.491101631561,"ISSUED_COMMON_SHARES":768616520,"HK_COMMON_SHARES":768616520,"PER_SHARES":5000,"TOTAL_MARKET_CAP":48422840.76,"HKSK_MARKET_CAP":48422840.76,"PE_TTM":-4.305017848506,"PB_TTM":0.134780822165,"REPORT_DATE_SQ":"2021-06-30 00:00:00","REPORT_TYPE_SQ":"2021年中报","OPERATE_INCOME_SQ":12464558.4,"DPS_HKD":null,"OPERATE_INCOME_QOQ_SQ":8.162077045418,"NET_PROFIT_RATIO_SQ":-2.3564753004,"HOLDER_PROFIT_SQ":406887.12,"HOLDER_PROFIT_QOQ_SQ":36.514411210369,"ROE_AVG_SQ":0.053721505081,"PE_TTM_SQ":19.972432623638,"PB_TTM_SQ":0.057289725959,"ROA_SQ":0.010679251732,"START_DATE":"2022-01-01 00:00:00","FISCAL_YEAR":"12-31","CURRENCY":"HKD","IS_CNY_CODE":0,"DPS_HKD_LY":null,"ORG_TYPE":"一般企业","PREMIUM_INCOME":null,"PREMIUM_INCOME_YOY":null,"NET_INTEREST_INCOME":null,"NET_INTEREST_INCOME_YOY":null,"FEE_COMMISSION_INCOME":null,"FEE_COMMISSION_INCOME_YOY":null,"ACCOUNTS_RECE_TDAYS":0.632151676223,"INVENTORY_TDAYS":null,"CURRENT_ASSETS_TDAYS":0.101805044418,"TOTAL_ASSETS_TDAYS":0.003268613884,"PREMIUM_EXPENSE":null,"LOAN_DEPOSIT":null,"LOAN_EQUITY":null,"LOAN_ASSETS":null,"DEPOSIT_EQUITY":null,"DEPOSIT_ASSETS":null,"EQUITY_MULTIPLIER":1.461007520646,"EQUITY_RATIO":1.586131300715},{"SECUCODE":"01064.HK","SECURITY_CODE":"01064","SECURITY_NAME_ABBR":"中华国际","ORG_CODE":"10009226","STD_REPORT_DATE":"2021-12-31 00:00:00","REPORT_DATE":"2021-12-31 00:00:00","DATE_TYPE_CODE":"001","REPORT_TYPE":"2021年年报","PER_NETCASH_OPERATE":0.025712099826,"PER_OI":0.066073291016,"BPS":0.996895294418,"BASIC_EPS":0.0077672,"DILUTED_EPS":0.0077672,"OPERATE_INCOME":47150992,"OPERATE_INCOME_YOY":136.1298775744,"GROSS_PROFIT":42549539.2,"GROSS_PROFIT_YOY":106.999589399827,"HOLDER_PROFIT":5568673.6,"HOLDER_PROFIT_YOY":203.5736009732,"GROSS_PROFIT_RATIO":90.241026530258,"EPS_TTM":0.007803453877,"OPERATE_INCOME_QOQ":112.075470205864,"NET_PROFIT_RATIO":53.7211721866,"ROE_AVG":0.739065658676,"GROSS_PROFIT_QOQ":91.379081332644,"ROA":0.146610964115,"HOLDER_PROFIT_QOQ":258.485100320659,"ROE_YEARLY":0.739065658676,"ROIC_YEARLY":0.294898592077,"TOTAL_ASSETS":3864869601.6,"TOTAL_LIABILITIES":1229437384,"TAX_EBT":47.586661929655,"OCF_SALES":38.91451361193,"TOTAL_PARENT_EQUITY":766230192,"DEBT_ASSET_RATIO":31.8105786413,"OPERATE_PROFIT":49688004.8,"PRETAX_PROFIT":48327518.4,"NETCASH_OPERATE":18348579.2,"NETCASH_INVEST":null,"NETCASH_FINANCE":-14423281.6,"END_CASH":76203590.4,"DIVI_RATIO":null,"DIVIDEND_RATE":null,"CURRENT_RATIO":1.048344942044,"COMMON_ACS":4000000000,"CURRENTDEBT_DEBT":10.177859501302,"ISSUED_COMMON_SHARES":768616520,"HK_COMMON_SHARES":768616520,"PER_SHARES":5000,"TOTAL_MARKET_CAP":48422840.76,"HKSK_MARKET_CAP":48422840.76,"PE_TTM":-4.305017848506,"PB_TTM":0.134780822165,"REPORT_DATE_SQ":"2020-12-31 00:00:00","REPORT_TYPE_SQ":"2020年年报","OPERATE_INCOME_SQ":20555373.72,"DPS_HKD":null,"OPERATE_INCOME_QOQ_SQ":-16.524788785809,"NET_PROFIT_RATIO_SQ":-20.2186463579,"HOLDER_PROFIT_SQ":-5534624.64,"HOLDER_PROFIT_QOQ_SQ":70.327354230509,"ROE_AVG_SQ":-0.75325942777,"PE_TTM_SQ":19.972432623638,"PB_TTM_SQ":0.057289725959,"ROA_SQ":-0.148380657309,"START_DATE":"2021-01-01 00:00:00","FISCAL_YEAR":"12-31","CURRENCY":"HKD","IS_CNY_CODE":0,"DPS_HKD_LY":null,"ORG_TYPE":"一般企业","PREMIUM_INCOME":null,"PREMIUM_INCOME_YOY":null,"NET_INTEREST_INCOME":null,"NET_INTEREST_INCOME_YOY":null,"FEE_COMMISSION_INCOME":null,"FEE_COMMISSION_INCOME_YOY":null,"ACCOUNTS_RECE_TDAYS":4.476615563749,"INVENTORY_TDAYS":null,"CURRENT_ASSETS_TDAYS":0.383004864766,"TOTAL_ASSETS_TDAYS":0.0124138222,"PREMIUM_EXPENSE":null,"LOAN_DEPOSIT":null,"LOAN_EQUITY":null,"LOAN_ASSETS":null,"DEPOSIT_EQUITY":null,"DEPOSIT_ASSETS":null,"EQUITY_MULTIPLIER":1.46650313212,"EQUITY_RATIO":1.604527460333},{"SECUCODE":"01064.HK","SECURITY_CODE":"01064","SECURITY_NAME_ABBR":"中华国际","ORG_CODE":"10009226","STD_REPORT_DATE":"2021-06-30 00:00:00","REPORT_DATE":"2021-06-30 00:00:00","DATE_TYPE_CODE":"002","REPORT_TYPE":"2021年中报","PER_NETCASH_OPERATE":0.004105501481,"PER_OI":0.017466745865,"BPS":0.990043496021,"BASIC_EPS":0.000582456,"DILUTED_EPS":0.000582456,"OPERATE_INCOME":12464558.4,"OPERATE_INCOME_YOY":26.8524007113,"GROSS_PROFIT":12464558.4,"GROSS_PROFIT_YOY":15.55367137839,"HOLDER_PROFIT":406887.12,"HOLDER_PROFIT_YOY":127.6740237691,"GROSS_PROFIT_RATIO":null,"EPS_TTM":-0.004923777605,"OPERATE_INCOME_QOQ":8.162077045418,"NET_PROFIT_RATIO":-2.3564753004,"ROE_AVG":0.053721505081,"GROSS_PROFIT_QOQ":8.162077045418,"ROA":0.010679251732,"HOLDER_PROFIT_QOQ":36.514411210369,"ROE_YEARLY":0.107443010162,"ROIC_YEARLY":0.042901313162,"TOTAL_ASSETS":3822392462.4,"TOTAL_LIABILITIES":1210949322.24,"TAX_EBT":116.403345724907,"OCF_SALES":23.504672897196,"TOTAL_PARENT_EQUITY":760963786.56,"DEBT_ASSET_RATIO":31.6804026314,"OPERATE_PROFIT":2487919.2,"PRETAX_PROFIT":1790636.16,"NETCASH_OPERATE":2929753.68,"NETCASH_INVEST":null,"NETCASH_FINANCE":-7059366.72,"END_CASH":68307943.44,"DIVI_RATIO":null,"DIVIDEND_RATE":null,"CURRENT_RATIO":1.053477404521,"COMMON_ACS":4000000000,"CURRENTDEBT_DEBT":8.756582708503,"ISSUED_COMMON_SHARES":768616520,"HK_COMMON_SHARES":768616520,"PER_SHARES":5000,"TOTAL_MARKET_CAP":48422840.76,"HKSK_MARKET_CAP":48422840.76,"PE_TTM":-4.305017848506,"PB_TTM":0.134780822165,"REPORT_DATE_SQ":"2020-06-30 00:00:00","REPORT_TYPE_SQ":"2020年中报","OPERATE_INCOME_SQ":10786812.96,"DPS_HKD":null,"OPERATE_INCOME_QOQ_SQ":-34.128539900061,"NET_PROFIT_RATIO_SQ":-39.5799813701,"HOLDER_PROFIT_SQ":-1614048.48,"HOLDER_PROFIT_QOQ_SQ":-12.523037966323,"ROE_AVG_SQ":-0.210558677591,"PE_TTM_SQ":19.972432623638,"PB_TTM_SQ":0.057289725959,"ROA_SQ":-0.041500592857,"START_DATE":"2021-01-01 00:00:00","FISCAL_YEAR":"12-31","CURRENCY":"HKD","IS_CNY_CODE":0,"DPS_HKD_LY":null,"ORG_TYPE":"一般企业","PREMIUM_INCOME":null,"PREMIUM_INCOME_YOY":null,"NET_INTEREST_INCOME":null,"NET_INTEREST_INCOME_YOY":null,"FEE_COMMISSION_INCOME":null,"FEE_COMMISSION_INCOME_YOY":null,"ACCOUNTS_RECE_TDAYS":5.178910976664,"INVENTORY_TDAYS":null,"CURRENT_ASSETS_TDAYS":0.108964473799,"TOTAL_ASSETS_TDAYS":0.003271476297,"PREMIUM_EXPENSE":null,"LOAN_DEPOSIT":null,"LOAN_EQUITY":null,"LOAN_ASSETS":null,"DEPOSIT_EQUITY":null,"DEPOSIT_ASSETS":null,"EQUITY_MULTIPLIER":1.463708860292,"EQUITY_RATIO":1.591336333775},{"SECUCODE":"01064.HK","SECURITY_CODE":"01064","SECURITY_NAME_ABBR":"中华国际","ORG_CODE":"10009226","STD_REPORT_DATE":"2020-12-31 00:00:00","REPORT_DATE":"2020-12-31 00:00:00","DATE_TYPE_CODE":"001","REPORT_TYPE":"2020年年报","PER_NETCASH_OPERATE":0.022144432194,"PER_OI":0.028804509346,"BPS":0.992040748122,"BASIC_EPS":-0.0084164,"DILUTED_EPS":-0.0084164,"OPERATE_INCOME":20555373.72,"OPERATE_INCOME_YOY":-41.4765647465,"GROSS_PROFIT":20555373.72,"GROSS_PROFIT_YOY":-45.013659551704,"HOLDER_PROFIT":-5534624.64,"HOLDER_PROFIT_YOY":64.4636584707,"GROSS_PROFIT_RATIO":null,"EPS_TTM":-0.007755740632,"OPERATE_INCOME_QOQ":-16.524788785809,"NET_PROFIT_RATIO":-20.2186463579,"ROE_AVG":-0.75325942777,"GROSS_PROFIT_QOQ":-16.524788785809,"ROA":-0.148380657309,"HOLDER_PROFIT_QOQ":70.327354230509,"ROE_YEARLY":-0.75325942777,"ROIC_YEARLY":-0.297626254112,"TOTAL_ASSETS":3841383830.6,"TOTAL_LIABILITIES":1222038555.72,"TAX_EBT":-1022.27272727273,"OCF_SALES":76.878352372763,"TOTAL_PARENT_EQUITY":762498907.52,"DEBT_ASSET_RATIO":31.8124563858,"OPERATE_PROFIT":4426184.76,"PRETAX_PROFIT":-370321.6,"NETCASH_OPERATE":15802632.64,"NETCASH_INVEST":null,"NETCASH_FINANCE":-11976537.2,"END_CASH":72723587.48,"DIVI_RATIO":null,"DIVIDEND_RATE":null,"CURRENT_RATIO":1.090224398711,"COMMON_ACS":4000000000,"CURRENTDEBT_DEBT":8.888319548642,"ISSUED_COMMON_SHARES":768616520,"HK_COMMON_SHARES":768616520,"PER_SHARES":5000,"TOTAL_MARKET_CAP":48422840.76,"HKSK_MARKET_CAP":48422840.76,"PE_TTM":-4.305017848506,"PB_TTM":0.134780822165,"REPORT_DATE_SQ":"2019-12-31 00:00:00","REPORT_TYPE_SQ":"2019年年报","OPERATE_INCOME_SQ":37382690.96,"DPS_HKD":null,"OPERATE_INCOME_QOQ_SQ":-22.474740325593,"NET_PROFIT_RATIO_SQ":-148.804274897,"HOLDER_PROFIT_SQ":-16576408.9,"HOLDER_PROFIT_QOQ_SQ":-238.660223620064,"ROE_AVG_SQ":-2.148521403941,"PE_TTM_SQ":19.972432623638,"PB_TTM_SQ":0.057289725959,"ROA_SQ":-0.420817564045,"START_DATE":"2020-01-01 00:00:00","FISCAL_YEAR":"12-31","CURRENCY":"HKD","IS_CNY_CODE":0,"DPS_HKD_LY":null,"ORG_TYPE":"一般企业","PREMIUM_INCOME":null,"PREMIUM_INCOME_YOY":null,"NET_INTEREST_INCOME":null,"NET_INTEREST_INCOME_YOY":null,"FEE_COMMISSION_INCOME":null,"FEE_COMMISSION_INCOME_YOY":null,"ACCOUNTS_RECE_TDAYS":2.09738503156,"INVENTORY_TDAYS":null,"CURRENT_ASSETS_TDAYS":0.171658706814,"TOTAL_ASSETS_TDAYS":0.005510798044,"PREMIUM_EXPENSE":null,"LOAN_DEPOSIT":null,"LOAN_EQUITY":null,"LOAN_ASSETS":null,"DEPOSIT_EQUITY":null,"DEPOSIT_ASSETS":null,"EQUITY_MULTIPLIER":1.466543516596,"EQUITY_RATIO":1.602675811949},{"SECUCODE":"01064.HK","SECURITY_CODE":"01064","SECURITY_NAME_ABBR":"中华国际","ORG_CODE":"10009226","STD_REPORT_DATE":"2020-06-30 00:00:00","REPORT_DATE":"2020-06-30 00:00:00","DATE_TYPE_CODE":"002","REPORT_TYPE":"2020年中报","PER_NETCASH_OPERATE":0.017982933691,"PER_OI":0.01511569962,"BPS":0.996310353985,"BASIC_EPS":-0.002466288,"DILUTED_EPS":-0.002466288,"OPERATE_INCOME":10786812.96,"OPERATE_INCOME_YOY":-55.8805947844,"GROSS_PROFIT":10786812.96,"GROSS_PROFIT_YOY":-54.186356660401,"HOLDER_PROFIT":-1614048.48,"HOLDER_PROFIT_YOY":-436.5714285714,"GROSS_PROFIT_RATIO":null,"EPS_TTM":-0.026137678091,"OPERATE_INCOME_QOQ":-34.128539900061,"NET_PROFIT_RATIO":-39.5799813701,"ROE_AVG":-0.210558677591,"GROSS_PROFIT_QOQ":-34.128539900061,"ROA":-0.041500592857,"HOLDER_PROFIT_QOQ":-12.523037966323,"ROE_YEARLY":-0.421117355183,"ROIC_YEARLY":-0.166482588931,"TOTAL_ASSETS":3851078568.48,"TOTAL_LIABILITIES":1226563578.24,"TAX_EBT":-78.465063001146,"OCF_SALES":118.968583283936,"TOTAL_PARENT_EQUITY":765780597.12,"DEBT_ASSET_RATIO":31.8498715731,"OPERATE_PROFIT":138842.88,"PRETAX_PROFIT":-2392299.36,"NETCASH_OPERATE":12832918.56,"NETCASH_INVEST":null,"NETCASH_FINANCE":-6320091.36,"END_CASH":75894075.84,"DIVI_RATIO":null,"DIVIDEND_RATE":null,"CURRENT_RATIO":1.172015892209,"COMMON_ACS":4000000000,"CURRENTDEBT_DEBT":8.622307483788,"ISSUED_COMMON_SHARES":768616520,"HK_COMMON_SHARES":768616520,"PER_SHARES":5000,"TOTAL_MARKET_CAP":48422840.76,"HKSK_MARKET_CAP":48422840.76,"PE_TTM":-4.305017848506,"PB_TTM":0.134780822165,"REPORT_DATE_SQ":"2019-06-30 00:00:00","REPORT_TYPE_SQ":"2019年中报","OPERATE_INCOME_SQ":23544979.56,"DPS_HKD":null,"OPERATE_INCOME_QOQ_SQ":7.277023946663,"NET_PROFIT_RATIO_SQ":19.6742135545,"HOLDER_PROFIT_SQ":461821.5,"HOLDER_PROFIT_QOQ_SQ":13.802642340734,"ROE_AVG_SQ":0.059740317375,"PE_TTM_SQ":19.972432623638,"PB_TTM_SQ":0.057289725959,"ROA_SQ":0.011722090011,"START_DATE":"2020-01-01 00:00:00","FISCAL_YEAR":"12-31","CURRENCY":"HKD","IS_CNY_CODE":0,"DPS_HKD_LY":null,"ORG_TYPE":"一般企业","PREMIUM_INCOME":null,"PREMIUM_INCOME_YOY":null,"NET_INTEREST_INCOME":null,"NET_INTEREST_INCOME_YOY":null,"FEE_COMMISSION_INCOME":null,"FEE_COMMISSION_INCOME_YOY":null,"ACCOUNTS_RECE_TDAYS":0.949620039403,"INVENTORY_TDAYS":null,"CURRENT_ASSETS_TDAYS":0.084486082941,"TOTAL_ASSETS_TDAYS":0.002773517267,"PREMIUM_EXPENSE":null,"LOAN_DEPOSIT":null,"LOAN_EQUITY":null,"LOAN_ASSETS":null,"DEPOSIT_EQUITY":null,"DEPOSIT_ASSETS":null,"EQUITY_MULTIPLIER":1.467348665487,"EQUITY_RATIO":1.601716709529}],"count":45},"success":true,"message":"ok","code":0}