{"version":"065ecc757fda9575112686d31585c506","result":{"pages":8,"data":[{"SECUCODE":"01066.HK","SECURITY_CODE":"01066","SECURITY_NAME_ABBR":"威高股份","ORG_CODE":"10010771","STD_REPORT_DATE":"2024-06-30 00:00:00","REPORT_DATE":"2024-06-30 00:00:00","DATE_TYPE_CODE":"002","REPORT_TYPE":"2024年中报","PER_NETCASH_OPERATE":0.2237707887,"PER_OI":1.45180962493,"BPS":5.049908101118,"BASIC_EPS":0.25,"DILUTED_EPS":0.24,"OPERATE_INCOME":6635688000,"OPERATE_INCOME_YOY":-3.7985415428,"GROSS_PROFIT":3376443000,"GROSS_PROFIT_YOY":-4.713898403236,"HOLDER_PROFIT":1107549000,"HOLDER_PROFIT_YOY":-7.5321828035,"GROSS_PROFIT_RATIO":50.883088535808,"EPS_TTM":0.41825460122,"OPERATE_INCOME_QOQ":-1.980520283038,"NET_PROFIT_RATIO":17.3843315117,"ROE_AVG":4.865683424745,"GROSS_PROFIT_QOQ":-2.514453864673,"ROA":3.247338619542,"HOLDER_PROFIT_QOQ":-4.506605205239,"ROE_YEARLY":9.73136684949,"ROIC_YEARLY":8.756053985108,"TOTAL_ASSETS":34542489000,"TOTAL_LIABILITIES":9909735000,"TAX_EBT":15.574668521691,"OCF_SALES":15.413232207421,"TOTAL_PARENT_EQUITY":23075789000,"DEBT_ASSET_RATIO":28.68853776,"OPERATE_PROFIT":1454387000,"PRETAX_PROFIT":1366379000,"NETCASH_OPERATE":1022774000,"NETCASH_INVEST":-447281000,"NETCASH_FINANCE":-261714000,"END_CASH":5115081000,"DIVI_RATIO":0.444425910576,"DIVIDEND_RATE":4.188524590164,"CURRENT_RATIO":3.278881695863,"COMMON_ACS":null,"CURRENTDEBT_DEBT":60.139156092469,"ISSUED_COMMON_SHARES":4569546324,"HK_COMMON_SHARES":4521246324,"PER_SHARES":400,"TOTAL_MARKET_CAP":22299386061.12,"HKSK_MARKET_CAP":22063682061.12,"PE_TTM":10.501433783676,"PB_TTM":0.881972168764,"REPORT_DATE_SQ":"2023-06-30 00:00:00","REPORT_TYPE_SQ":"2023年中报","OPERATE_INCOME_SQ":6897700000,"DPS_HKD":0.2044,"OPERATE_INCOME_QOQ_SQ":-1.328944173389,"NET_PROFIT_RATIO_SQ":18.021543413,"HOLDER_PROFIT_SQ":1197767000,"HOLDER_PROFIT_QOQ_SQ":-11.910730658915,"ROE_AVG_SQ":5.469726628747,"PE_TTM_SQ":8.93499760731,"PB_TTM_SQ":0.960283716883,"ROA_SQ":3.568412004269,"START_DATE":"2024-01-01 00:00:00","FISCAL_YEAR":"12-31","CURRENCY":"HKD","IS_CNY_CODE":0,"DPS_HKD_LY":0.2044,"ORG_TYPE":"一般企业","PREMIUM_INCOME":null,"PREMIUM_INCOME_YOY":null,"NET_INTEREST_INCOME":null,"NET_INTEREST_INCOME_YOY":null,"FEE_COMMISSION_INCOME":null,"FEE_COMMISSION_INCOME_YOY":null,"ACCOUNTS_RECE_TDAYS":0.861835136668,"INVENTORY_TDAYS":1.356287505511,"CURRENT_ASSETS_TDAYS":0.347643769717,"TOTAL_ASSETS_TDAYS":0.194558668823,"PREMIUM_EXPENSE":null,"LOAN_DEPOSIT":null,"LOAN_EQUITY":null,"LOAN_ASSETS":null,"DEPOSIT_EQUITY":null,"DEPOSIT_ASSETS":null,"EQUITY_MULTIPLIER":1.402299109552,"EQUITY_RATIO":0.429442954258},{"SECUCODE":"01066.HK","SECURITY_CODE":"01066","SECURITY_NAME_ABBR":"威高股份","ORG_CODE":"10010771","STD_REPORT_DATE":"2023-12-31 00:00:00","REPORT_DATE":"2023-12-31 00:00:00","DATE_TYPE_CODE":"001","REPORT_TYPE":"2023年年报","PER_NETCASH_OPERATE":0.612284865992,"PER_OI":2.894446995995,"BPS":4.912768009834,"BASIC_EPS":0.44,"DILUTED_EPS":0.44,"OPERATE_INCOME":13229453000,"OPERATE_INCOME_YOY":-3.7681106921,"GROSS_PROFIT":6643033000,"GROSS_PROFIT_YOY":-9.070945936697,"HOLDER_PROFIT":2001906000,"HOLDER_PROFIT_YOY":-27.5745787135,"GROSS_PROFIT_RATIO":50.213965762606,"EPS_TTM":0.437993226777,"OPERATE_INCOME_QOQ":-1.552051798115,"NET_PROFIT_RATIO":15.5834258605,"ROE_AVG":9.055122980745,"GROSS_PROFIT_QOQ":-4.396941695952,"ROA":5.987800375607,"HOLDER_PROFIT_QOQ":-16.550497448251,"ROE_YEARLY":9.055122980745,"ROIC_YEARLY":8.056948963835,"TOTAL_ASSETS":33670231000,"TOTAL_LIABILITIES":9677526000,"TAX_EBT":12.982723609407,"OCF_SALES":21.153777106279,"TOTAL_PARENT_EQUITY":22449121000,"DEBT_ASSET_RATIO":28.7420837713,"OPERATE_PROFIT":2565302000,"PRETAX_PROFIT":2369187000,"NETCASH_OPERATE":2798529000,"NETCASH_INVEST":-1388592000,"NETCASH_FINANCE":-2157858000,"END_CASH":4797461000,"DIVI_RATIO":0.424397389357,"DIVIDEND_RATE":4.197125256674,"CURRENT_RATIO":2.4576879761,"COMMON_ACS":null,"CURRENTDEBT_DEBT":78.346893617232,"ISSUED_COMMON_SHARES":4569546324,"HK_COMMON_SHARES":4521246324,"PER_SHARES":400,"TOTAL_MARKET_CAP":22253690597.88,"HKSK_MARKET_CAP":22018469597.88,"PE_TTM":10.479914452152,"PB_TTM":0.880164848746,"REPORT_DATE_SQ":"2022-12-31 00:00:00","REPORT_TYPE_SQ":"2022年年报","OPERATE_INCOME_SQ":13747473000,"DPS_HKD":0.2044,"OPERATE_INCOME_QOQ_SQ":-2.004153974068,"NET_PROFIT_RATIO_SQ":21.2470263067,"HOLDER_PROFIT_SQ":2764093000,"HOLDER_PROFIT_QOQ_SQ":9.172977241841,"ROE_AVG_SQ":13.259989517373,"PE_TTM_SQ":8.50782640696,"PB_TTM_SQ":0.914373738387,"ROA_SQ":8.568851959499,"START_DATE":"2023-01-01 00:00:00","FISCAL_YEAR":"12-31","CURRENCY":"HKD","IS_CNY_CODE":0,"DPS_HKD_LY":0.167,"ORG_TYPE":"一般企业","PREMIUM_INCOME":null,"PREMIUM_INCOME_YOY":null,"NET_INTEREST_INCOME":null,"NET_INTEREST_INCOME_YOY":null,"FEE_COMMISSION_INCOME":null,"FEE_COMMISSION_INCOME_YOY":null,"ACCOUNTS_RECE_TDAYS":1.831030805703,"INVENTORY_TDAYS":2.738240524498,"CURRENT_ASSETS_TDAYS":0.720466559235,"TOTAL_ASSETS_TDAYS":0.395699516573,"PREMIUM_EXPENSE":null,"LOAN_DEPOSIT":null,"LOAN_EQUITY":null,"LOAN_ASSETS":null,"DEPOSIT_EQUITY":null,"DEPOSIT_ASSETS":null,"EQUITY_MULTIPLIER":1.403352852461,"EQUITY_RATIO":0.431087079089},{"SECUCODE":"01066.HK","SECURITY_CODE":"01066","SECURITY_NAME_ABBR":"威高股份","ORG_CODE":"10010771","STD_REPORT_DATE":"2023-06-30 00:00:00","REPORT_DATE":"2023-06-30 00:00:00","DATE_TYPE_CODE":"002","REPORT_TYPE":"2023年中报","PER_NETCASH_OPERATE":0.244419353999,"PER_OI":1.509134734768,"BPS":4.820908124795,"BASIC_EPS":0.27,"DILUTED_EPS":0.26,"OPERATE_INCOME":6897700000,"OPERATE_INCOME_YOY":-2.5568152521,"GROSS_PROFIT":3543479000,"GROSS_PROFIT_YOY":-4.437023261032,"HOLDER_PROFIT":1197767000,"HOLDER_PROFIT_YOY":-21.3099643724,"GROSS_PROFIT_RATIO":51.371892079969,"EPS_TTM":0.524860200941,"OPERATE_INCOME_QOQ":-1.328944173389,"NET_PROFIT_RATIO":18.021543413,"ROE_AVG":5.469726628747,"GROSS_PROFIT_QOQ":-2.31299175238,"ROA":3.568412004269,"HOLDER_PROFIT_QOQ":-11.910730658915,"ROE_YEARLY":10.939453257494,"ROIC_YEARLY":9.508819011716,"TOTAL_ASSETS":33935728000,"TOTAL_LIABILITIES":10356272000,"TAX_EBT":15.341620702031,"OCF_SALES":16.195992867188,"TOTAL_PARENT_EQUITY":22029363000,"DEBT_ASSET_RATIO":30.5173120199,"OPERATE_PROFIT":1551789000,"PRETAX_PROFIT":1468339000,"NETCASH_OPERATE":1117151000,"NETCASH_INVEST":-268164000,"NETCASH_FINANCE":-1246076000,"END_CASH":5167185000,"DIVI_RATIO":0.354157510261,"DIVIDEND_RATE":4.197125256674,"CURRENT_RATIO":2.839635462176,"COMMON_ACS":null,"CURRENTDEBT_DEBT":63.762616509107,"ISSUED_COMMON_SHARES":4569546324,"HK_COMMON_SHARES":4521246324,"PER_SHARES":400,"TOTAL_MARKET_CAP":22253690597.88,"HKSK_MARKET_CAP":22018469597.88,"PE_TTM":10.479914452152,"PB_TTM":0.880164848746,"REPORT_DATE_SQ":"2022-06-30 00:00:00","REPORT_TYPE_SQ":"2022年中报","OPERATE_INCOME_SQ":7078689000,"DPS_HKD":0.2044,"OPERATE_INCOME_QOQ_SQ":5.670863253693,"NET_PROFIT_RATIO_SQ":22.8166475997,"HOLDER_PROFIT_SQ":1522133000,"HOLDER_PROFIT_QOQ_SQ":11.124128978456,"ROE_AVG_SQ":7.291841422017,"PE_TTM_SQ":8.50782640696,"PB_TTM_SQ":0.914373738387,"ROA_SQ":4.630760126898,"START_DATE":"2023-01-01 00:00:00","FISCAL_YEAR":"12-31","CURRENCY":"HKD","IS_CNY_CODE":0,"DPS_HKD_LY":0.167,"ORG_TYPE":"一般企业","PREMIUM_INCOME":null,"PREMIUM_INCOME_YOY":null,"NET_INTEREST_INCOME":null,"NET_INTEREST_INCOME_YOY":null,"FEE_COMMISSION_INCOME":null,"FEE_COMMISSION_INCOME_YOY":null,"ACCOUNTS_RECE_TDAYS":0.918401081785,"INVENTORY_TDAYS":1.45034631547,"CURRENT_ASSETS_TDAYS":0.374450426128,"TOTAL_ASSETS_TDAYS":0.205497692638,"PREMIUM_EXPENSE":null,"LOAN_DEPOSIT":null,"LOAN_EQUITY":null,"LOAN_ASSETS":null,"DEPOSIT_EQUITY":null,"DEPOSIT_ASSETS":null,"EQUITY_MULTIPLIER":1.439207418525,"EQUITY_RATIO":0.470112186176},{"SECUCODE":"01066.HK","SECURITY_CODE":"01066","SECURITY_NAME_ABBR":"威高股份","ORG_CODE":"10010771","STD_REPORT_DATE":"2022-12-31 00:00:00","REPORT_DATE":"2022-12-31 00:00:00","DATE_TYPE_CODE":"001","REPORT_TYPE":"2022年年报","PER_NETCASH_OPERATE":0.484522456197,"PER_OI":3.007783611868,"BPS":4.742032460901,"BASIC_EPS":0.61,"DILUTED_EPS":0.61,"OPERATE_INCOME":13747473000,"OPERATE_INCOME_YOY":3.1044500006,"GROSS_PROFIT":7305732000,"GROSS_PROFIT_YOY":-0.641393802412,"HOLDER_PROFIT":2764093000,"HOLDER_PROFIT_YOY":19.6570279653,"GROSS_PROFIT_RATIO":52.229079550367,"EPS_TTM":0.595827624484,"OPERATE_INCOME_QOQ":-2.004153974068,"NET_PROFIT_RATIO":21.2470263067,"ROE_AVG":13.259989517373,"GROSS_PROFIT_QOQ":-1.315048872281,"ROA":8.568851959499,"HOLDER_PROFIT_QOQ":9.172977241841,"ROE_YEARLY":13.259989517373,"ROIC_YEARLY":11.674554634982,"TOTAL_ASSETS":33402242000,"TOTAL_LIABILITIES":9819957000,"TAX_EBT":12.865403978275,"OCF_SALES":16.260906540396,"TOTAL_PARENT_EQUITY":21766866000,"DEBT_ASSET_RATIO":29.3690346219,"OPERATE_PROFIT":3502035000,"PRETAX_PROFIT":3385739000,"NETCASH_OPERATE":2294880000,"NETCASH_INVEST":-2547067000,"NETCASH_FINANCE":-1020957000,"END_CASH":5521051000,"DIVI_RATIO":0.311974763105,"DIVIDEND_RATE":4.197125256674,"CURRENT_RATIO":3.048331264366,"COMMON_ACS":null,"CURRENTDEBT_DEBT":61.152579385022,"ISSUED_COMMON_SHARES":4569546324,"HK_COMMON_SHARES":4521246324,"PER_SHARES":400,"TOTAL_MARKET_CAP":22253690597.88,"HKSK_MARKET_CAP":22018469597.88,"PE_TTM":10.479914452152,"PB_TTM":0.880164848746,"REPORT_DATE_SQ":"2021-12-31 00:00:00","REPORT_TYPE_SQ":"2021年年报","OPERATE_INCOME_SQ":13208942000,"DPS_HKD":0.2044,"OPERATE_INCOME_QOQ_SQ":6.411115409253,"NET_PROFIT_RATIO_SQ":18.451032903,"HOLDER_PROFIT_SQ":2275929000,"HOLDER_PROFIT_QOQ_SQ":0.048491547406,"ROE_AVG_SQ":12.036126642333,"PE_TTM_SQ":8.50782640696,"PB_TTM_SQ":0.914373738387,"ROA_SQ":7.779278551134,"START_DATE":"2022-01-01 00:00:00","FISCAL_YEAR":"12-31","CURRENCY":"HKD","IS_CNY_CODE":0,"DPS_HKD_LY":0.172,"ORG_TYPE":"一般企业","PREMIUM_INCOME":null,"PREMIUM_INCOME_YOY":null,"NET_INTEREST_INCOME":null,"NET_INTEREST_INCOME_YOY":null,"FEE_COMMISSION_INCOME":null,"FEE_COMMISSION_INCOME_YOY":null,"ACCOUNTS_RECE_TDAYS":2.09003218025,"INVENTORY_TDAYS":3.212881799551,"CURRENT_ASSETS_TDAYS":0.796346118661,"TOTAL_ASSETS_TDAYS":0.428520064445,"PREMIUM_EXPENSE":null,"LOAN_DEPOSIT":null,"LOAN_EQUITY":null,"LOAN_ASSETS":null,"DEPOSIT_EQUITY":null,"DEPOSIT_ASSETS":null,"EQUITY_MULTIPLIER":1.415809616429,"EQUITY_RATIO":0.451142438236},{"SECUCODE":"01066.HK","SECURITY_CODE":"01066","SECURITY_NAME_ABBR":"威高股份","ORG_CODE":"10010771","STD_REPORT_DATE":"2022-06-30 00:00:00","REPORT_DATE":"2022-06-30 00:00:00","DATE_TYPE_CODE":"002","REPORT_TYPE":"2022年中报","PER_NETCASH_OPERATE":0.228783661838,"PER_OI":1.548732975705,"BPS":4.511079774317,"BASIC_EPS":0.33,"DILUTED_EPS":null,"OPERATE_INCOME":7078689000,"OPERATE_INCOME_YOY":11.972125355,"GROSS_PROFIT":3708004000,"GROSS_PROFIT_YOY":3.147181801163,"HOLDER_PROFIT":1522133000,"HOLDER_PROFIT_YOY":20.6476962843,"GROSS_PROFIT_RATIO":50.654039470025,"EPS_TTM":0.545764748326,"OPERATE_INCOME_QOQ":5.670863253693,"NET_PROFIT_RATIO":22.8166475997,"ROE_AVG":7.291841422017,"GROSS_PROFIT_QOQ":-0.846493055001,"ROA":4.630760126898,"HOLDER_PROFIT_QOQ":11.124128978456,"ROE_YEARLY":14.583682844033,"ROIC_YEARLY":12.602780179495,"TOTAL_ASSETS":32650933000,"TOTAL_LIABILITIES":10315910000,"TAX_EBT":14.439495212621,"OCF_SALES":14.991011293944,"TOTAL_PARENT_EQUITY":20613588000,"DEBT_ASSET_RATIO":31.594533608,"OPERATE_PROFIT":1977947000,"PRETAX_PROFIT":1945532000,"NETCASH_OPERATE":1132320000,"NETCASH_INVEST":-1028014000,"NETCASH_FINANCE":-4754000,"END_CASH":5604254000,"DIVI_RATIO":0.340592137125,"DIVIDEND_RATE":4.197125256674,"CURRENT_RATIO":2.991271820871,"COMMON_ACS":null,"CURRENTDEBT_DEBT":57.261783012841,"ISSUED_COMMON_SHARES":4569546324,"HK_COMMON_SHARES":4521246324,"PER_SHARES":400,"TOTAL_MARKET_CAP":22253690597.88,"HKSK_MARKET_CAP":22018469597.88,"PE_TTM":10.479914452152,"PB_TTM":0.880164848746,"REPORT_DATE_SQ":"2021-06-30 00:00:00","REPORT_TYPE_SQ":"2021年中报","OPERATE_INCOME_SQ":6229604000,"DPS_HKD":0.2044,"OPERATE_INCOME_QOQ_SQ":8.938496914833,"NET_PROFIT_RATIO_SQ":20.8547445391,"HOLDER_PROFIT_SQ":1209394000,"HOLDER_PROFIT_QOQ_SQ":10.519142304189,"ROE_AVG_SQ":6.581636121008,"PE_TTM_SQ":8.50782640696,"PB_TTM_SQ":0.914373738387,"ROA_SQ":4.224472995776,"START_DATE":"2022-01-01 00:00:00","FISCAL_YEAR":"12-31","CURRENCY":"HKD","IS_CNY_CODE":0,"DPS_HKD_LY":0.172,"ORG_TYPE":"一般企业","PREMIUM_INCOME":null,"PREMIUM_INCOME_YOY":null,"NET_INTEREST_INCOME":null,"NET_INTEREST_INCOME_YOY":null,"FEE_COMMISSION_INCOME":null,"FEE_COMMISSION_INCOME_YOY":null,"ACCOUNTS_RECE_TDAYS":1.077211568838,"INVENTORY_TDAYS":1.907980275469,"CURRENT_ASSETS_TDAYS":0.412954322306,"TOTAL_ASSETS_TDAYS":0.221378685334,"PREMIUM_EXPENSE":null,"LOAN_DEPOSIT":null,"LOAN_EQUITY":null,"LOAN_ASSETS":null,"DEPOSIT_EQUITY":null,"DEPOSIT_ASSETS":null,"EQUITY_MULTIPLIER":1.461871474232,"EQUITY_RATIO":0.50044223257},{"SECUCODE":"01066.HK","SECURITY_CODE":"01066","SECURITY_NAME_ABBR":"威高股份","ORG_CODE":"10010771","STD_REPORT_DATE":"2021-12-31 00:00:00","REPORT_DATE":"2021-12-31 00:00:00","DATE_TYPE_CODE":"001","REPORT_TYPE":"2021年年报","PER_NETCASH_OPERATE":0.664057571217,"PER_OI":2.889959433105,"BPS":4.216412228673,"BASIC_EPS":0.51,"DILUTED_EPS":0.5,"OPERATE_INCOME":13208942000,"OPERATE_INCOME_YOY":13.1589885924,"GROSS_PROFIT":7352893000,"GROSS_PROFIT_YOY":13.128897276451,"HOLDER_PROFIT":2275929000,"HOLDER_PROFIT_YOY":7.5712232657,"GROSS_PROFIT_RATIO":55.273413308177,"EPS_TTM":0.491130732221,"OPERATE_INCOME_QOQ":6.411115409253,"NET_PROFIT_RATIO":18.451032903,"ROE_AVG":12.036126642333,"GROSS_PROFIT_QOQ":2.381602587946,"ROA":7.779278551134,"HOLDER_PROFIT_QOQ":0.048491547406,"ROE_YEARLY":12.036126642333,"ROIC_YEARLY":10.420713022737,"TOTAL_ASSETS":30577757000,"TOTAL_LIABILITIES":9530752000,"TAX_EBT":14.596547069074,"OCF_SALES":23.078070630919,"TOTAL_PARENT_EQUITY":19406646000,"DEBT_ASSET_RATIO":31.1508872542,"OPERATE_PROFIT":2948829000,"PRETAX_PROFIT":2877845000,"NETCASH_OPERATE":3086693000,"NETCASH_INVEST":-1517979000,"NETCASH_FINANCE":-547925000,"END_CASH":6698029000,"DIVI_RATIO":0.378480045749,"DIVIDEND_RATE":4.197125256674,"CURRENT_RATIO":3.151461917964,"COMMON_ACS":null,"CURRENTDEBT_DEBT":54.326626062665,"ISSUED_COMMON_SHARES":4569546324,"HK_COMMON_SHARES":4521246324,"PER_SHARES":400,"TOTAL_MARKET_CAP":22253690597.88,"HKSK_MARKET_CAP":22018469597.88,"PE_TTM":10.479914452152,"PB_TTM":0.880164848746,"REPORT_DATE_SQ":"2020-12-31 00:00:00","REPORT_TYPE_SQ":"2020年年报","OPERATE_INCOME_SQ":11622337000,"DPS_HKD":0.2044,"OPERATE_INCOME_QOQ_SQ":7.927167095131,"NET_PROFIT_RATIO_SQ":18.9541052063,"HOLDER_PROFIT_SQ":2086783000,"HOLDER_PROFIT_QOQ_SQ":8.113446487988,"ROE_AVG_SQ":12.039057522827,"PE_TTM_SQ":8.50782640696,"PB_TTM_SQ":0.914373738387,"ROA_SQ":7.565200688715,"START_DATE":"2021-01-01 00:00:00","FISCAL_YEAR":"12-31","CURRENCY":"HKD","IS_CNY_CODE":0,"DPS_HKD_LY":0.175,"ORG_TYPE":"一般企业","PREMIUM_INCOME":null,"PREMIUM_INCOME_YOY":null,"NET_INTEREST_INCOME":null,"NET_INTEREST_INCOME_YOY":null,"FEE_COMMISSION_INCOME":null,"FEE_COMMISSION_INCOME_YOY":null,"ACCOUNTS_RECE_TDAYS":2.196240221085,"INVENTORY_TDAYS":3.632535200265,"CURRENT_ASSETS_TDAYS":0.869864078519,"TOTAL_ASSETS_TDAYS":0.455772844919,"PREMIUM_EXPENSE":null,"LOAN_DEPOSIT":null,"LOAN_EQUITY":null,"LOAN_ASSETS":null,"DEPOSIT_EQUITY":null,"DEPOSIT_ASSETS":null,"EQUITY_MULTIPLIER":1.452451542393,"EQUITY_RATIO":0.491107633952},{"SECUCODE":"01066.HK","SECURITY_CODE":"01066","SECURITY_NAME_ABBR":"威高股份","ORG_CODE":"10010771","STD_REPORT_DATE":"2021-06-30 00:00:00","REPORT_DATE":"2021-06-30 00:00:00","DATE_TYPE_CODE":"002","REPORT_TYPE":"2021年中报","PER_NETCASH_OPERATE":0.302364775968,"PER_OI":1.377520171824,"BPS":4.096025441671,"BASIC_EPS":0.27,"DILUTED_EPS":null,"OPERATE_INCOME":6229604000,"OPERATE_INCOME_YOY":19.4438356832,"GROSS_PROFIT":3594867000,"GROSS_PROFIT_YOY":19.041243770386,"HOLDER_PROFIT":1209394000,"HOLDER_PROFIT_YOY":21.444487624,"GROSS_PROFIT_RATIO":58.797686016639,"EPS_TTM":0.496135586519,"OPERATE_INCOME_QOQ":8.938496914833,"NET_PROFIT_RATIO":20.8547445391,"ROE_AVG":6.581636121008,"GROSS_PROFIT_QOQ":9.957939011567,"ROA":4.224472995776,"HOLDER_PROFIT_QOQ":10.519142304189,"ROE_YEARLY":13.163272242016,"ROIC_YEARLY":11.313688370279,"TOTAL_ASSETS":29911893000,"TOTAL_LIABILITIES":9636974000,"TAX_EBT":16.373432204617,"OCF_SALES":21.949934538375,"TOTAL_PARENT_EQUITY":18716978000,"DEBT_ASSET_RATIO":32.2178673212,"OPERATE_PROFIT":1583228000,"PRETAX_PROFIT":1553535000,"NETCASH_OPERATE":1367394000,"NETCASH_INVEST":-1946916000,"NETCASH_FINANCE":1503131000,"END_CASH":6580571000,"DIVI_RATIO":0.374662062249,"DIVIDEND_RATE":4.197125256674,"CURRENT_RATIO":2.885343533107,"COMMON_ACS":null,"CURRENTDEBT_DEBT":57.937190657565,"ISSUED_COMMON_SHARES":4569546324,"HK_COMMON_SHARES":4521246324,"PER_SHARES":400,"TOTAL_MARKET_CAP":22253690597.88,"HKSK_MARKET_CAP":22018469597.88,"PE_TTM":10.479914452152,"PB_TTM":0.880164848746,"REPORT_DATE_SQ":"2020-06-30 00:00:00","REPORT_TYPE_SQ":"2020年中报","OPERATE_INCOME_SQ":5215509000,"DPS_HKD":0.2044,"OPERATE_INCOME_QOQ_SQ":1.426764225405,"NET_PROFIT_RATIO_SQ":20.0360818313,"HOLDER_PROFIT_SQ":995841000,"HOLDER_PROFIT_QOQ_SQ":1.783365123967,"ROE_AVG_SQ":5.807000373805,"PE_TTM_SQ":8.50782640696,"PB_TTM_SQ":0.914373738387,"ROA_SQ":3.693853387384,"START_DATE":"2021-01-01 00:00:00","FISCAL_YEAR":"12-31","CURRENCY":"HKD","IS_CNY_CODE":0,"DPS_HKD_LY":0.175,"ORG_TYPE":"一般企业","PREMIUM_INCOME":null,"PREMIUM_INCOME_YOY":null,"NET_INTEREST_INCOME":null,"NET_INTEREST_INCOME_YOY":null,"FEE_COMMISSION_INCOME":null,"FEE_COMMISSION_INCOME_YOY":null,"ACCOUNTS_RECE_TDAYS":1.028666616358,"INVENTORY_TDAYS":1.605844060374,"CURRENT_ASSETS_TDAYS":0.412075996539,"TOTAL_ASSETS_TDAYS":0.217603145645,"PREMIUM_EXPENSE":null,"LOAN_DEPOSIT":null,"LOAN_EQUITY":null,"LOAN_ASSETS":null,"DEPOSIT_EQUITY":null,"DEPOSIT_ASSETS":null,"EQUITY_MULTIPLIER":1.475315043182,"EQUITY_RATIO":0.514878737369},{"SECUCODE":"01066.HK","SECURITY_CODE":"01066","SECURITY_NAME_ABBR":"威高股份","ORG_CODE":"10010771","STD_REPORT_DATE":"2020-12-31 00:00:00","REPORT_DATE":"2020-12-31 00:00:00","DATE_TYPE_CODE":"001","REPORT_TYPE":"2020年年报","PER_NETCASH_OPERATE":0.596287005643,"PER_OI":2.569987379813,"BPS":3.83962537109,"BASIC_EPS":0.46,"DILUTED_EPS":0.46,"OPERATE_INCOME":11622337000,"OPERATE_INCOME_YOY":9.2582593124,"GROSS_PROFIT":6499571000,"GROSS_PROFIT_YOY":-0.219363019776,"HOLDER_PROFIT":2086783000,"HOLDER_PROFIT_YOY":9.7409315782,"GROSS_PROFIT_RATIO":56.916232446842,"EPS_TTM":0.448913714109,"OPERATE_INCOME_QOQ":7.927167095131,"NET_PROFIT_RATIO":18.9541052063,"ROE_AVG":12.039057522827,"GROSS_PROFIT_QOQ":2.321275008125,"ROA":7.565200688715,"HOLDER_PROFIT_QOQ":8.113446487988,"ROE_YEARLY":12.039057522827,"ROIC_YEARLY":9.607866712198,"TOTAL_ASSETS":27957716000,"TOTAL_LIABILITIES":9079028000,"TAX_EBT":13.971067165759,"OCF_SALES":23.768603817703,"TOTAL_PARENT_EQUITY":18033580000,"DEBT_ASSET_RATIO":32.7457428722,"OPERATE_PROFIT":2421785000,"PRETAX_PROFIT":2565459000,"NETCASH_OPERATE":2788400000,"NETCASH_INVEST":383583000,"NETCASH_FINANCE":-1793841000,"END_CASH":5665656000,"DIVI_RATIO":0.414073297736,"DIVIDEND_RATE":4.197125256674,"CURRENT_RATIO":3.139344083766,"COMMON_ACS":null,"CURRENTDEBT_DEBT":50.644683549825,"ISSUED_COMMON_SHARES":4569546324,"HK_COMMON_SHARES":4521246324,"PER_SHARES":400,"TOTAL_MARKET_CAP":22253690597.88,"HKSK_MARKET_CAP":22018469597.88,"PE_TTM":10.479914452152,"PB_TTM":0.880164848746,"REPORT_DATE_SQ":"2019-12-31 00:00:00","REPORT_TYPE_SQ":"2019年年报","OPERATE_INCOME_SQ":10383885000,"DPS_HKD":0.2044,"OPERATE_INCOME_QOQ_SQ":7.940096422539,"NET_PROFIT_RATIO_SQ":18.5251736261,"HOLDER_PROFIT_SQ":1849936000,"HOLDER_PROFIT_QOQ_SQ":4.824684511668,"ROE_AVG_SQ":12.018880807063,"PE_TTM_SQ":8.50782640696,"PB_TTM_SQ":0.914373738387,"ROA_SQ":7.333680217868,"START_DATE":"2020-01-01 00:00:00","FISCAL_YEAR":"12-31","CURRENCY":"HKD","IS_CNY_CODE":0,"DPS_HKD_LY":0.13866,"ORG_TYPE":"一般企业","PREMIUM_INCOME":null,"PREMIUM_INCOME_YOY":null,"NET_INTEREST_INCOME":null,"NET_INTEREST_INCOME_YOY":null,"FEE_COMMISSION_INCOME":null,"FEE_COMMISSION_INCOME_YOY":null,"ACCOUNTS_RECE_TDAYS":2.177003088681,"INVENTORY_TDAYS":3.559324786179,"CURRENT_ASSETS_TDAYS":0.849124452011,"TOTAL_ASSETS_TDAYS":0.422774956784,"PREMIUM_EXPENSE":null,"LOAN_DEPOSIT":null,"LOAN_EQUITY":null,"LOAN_ASSETS":null,"DEPOSIT_EQUITY":null,"DEPOSIT_ASSETS":null,"EQUITY_MULTIPLIER":1.486894722664,"EQUITY_RATIO":0.503451228209},{"SECUCODE":"01066.HK","SECURITY_CODE":"01066","SECURITY_NAME_ABBR":"威高股份","ORG_CODE":"10010771","STD_REPORT_DATE":"2020-06-30 00:00:00","REPORT_DATE":"2020-06-30 00:00:00","DATE_TYPE_CODE":"002","REPORT_TYPE":"2020年中报","PER_NETCASH_OPERATE":0.228967693176,"PER_OI":1.153278579799,"BPS":3.770027652312,"BASIC_EPS":0.22,"DILUTED_EPS":null,"OPERATE_INCOME":5215509000,"OPERATE_INCOME_YOY":2.9913212419,"GROSS_PROFIT":3019850000,"GROSS_PROFIT_YOY":-3.708522059656,"HOLDER_PROFIT":995841000,"HOLDER_PROFIT_YOY":3.5109567333,"GROSS_PROFIT_RATIO":57.781153970426,"EPS_TTM":0.41522468175,"OPERATE_INCOME_QOQ":1.426764225405,"NET_PROFIT_RATIO":20.0360818313,"ROE_AVG":5.807000373805,"GROSS_PROFIT_QOQ":-2.988349161447,"ROA":3.693853387384,"HOLDER_PROFIT_QOQ":1.783365123967,"ROE_YEARLY":11.61400074761,"ROIC_YEARLY":9.255929902741,"TOTAL_ASSETS":26193726000,"TOTAL_LIABILITIES":8197928000,"TAX_EBT":16.489643676032,"OCF_SALES":20.33836783237,"TOTAL_PARENT_EQUITY":17227316000,"DEBT_ASSET_RATIO":31.297296154,"OPERATE_PROFIT":1231174000,"PRETAX_PROFIT":1252568000,"NETCASH_OPERATE":1067230000,"NETCASH_INVEST":921297000,"NETCASH_FINANCE":-1416235000,"END_CASH":4926227000,"DIVI_RATIO":0.447668913169,"DIVIDEND_RATE":4.197125256674,"CURRENT_RATIO":3.220524374281,"COMMON_ACS":null,"CURRENTDEBT_DEBT":47.174285990314,"ISSUED_COMMON_SHARES":4569546324,"HK_COMMON_SHARES":4521246324,"PER_SHARES":400,"TOTAL_MARKET_CAP":22253690597.88,"HKSK_MARKET_CAP":22018469597.88,"PE_TTM":10.479914452152,"PB_TTM":0.880164848746,"REPORT_DATE_SQ":"2019-06-30 00:00:00","REPORT_TYPE_SQ":"2019年中报","OPERATE_INCOME_SQ":4943334000,"DPS_HKD":0.2044,"OPERATE_INCOME_QOQ_SQ":9.000437173433,"NET_PROFIT_RATIO_SQ":19.6746163622,"HOLDER_PROFIT_SQ":937095000,"HOLDER_PROFIT_QOQ_SQ":19.487282195073,"ROE_AVG_SQ":6.250374142349,"PE_TTM_SQ":8.50782640696,"PB_TTM_SQ":0.914373738387,"ROA_SQ":3.822873663061,"START_DATE":"2020-01-01 00:00:00","FISCAL_YEAR":"12-31","CURRENCY":"HKD","IS_CNY_CODE":0,"DPS_HKD_LY":0.13866,"ORG_TYPE":"一般企业","PREMIUM_INCOME":null,"PREMIUM_INCOME_YOY":null,"NET_INTEREST_INCOME":null,"NET_INTEREST_INCOME_YOY":null,"FEE_COMMISSION_INCOME":null,"FEE_COMMISSION_INCOME_YOY":null,"ACCOUNTS_RECE_TDAYS":1.055238627069,"INVENTORY_TDAYS":1.662246147529,"CURRENT_ASSETS_TDAYS":0.406454226842,"TOTAL_ASSETS_TDAYS":0.193878787491,"PREMIUM_EXPENSE":null,"LOAN_DEPOSIT":null,"LOAN_EQUITY":null,"LOAN_ASSETS":null,"DEPOSIT_EQUITY":null,"DEPOSIT_ASSETS":null,"EQUITY_MULTIPLIER":1.455546789311,"EQUITY_RATIO":0.475867976184}],"count":67},"success":true,"message":"ok","code":0}