{"version":"a32505c9d36f92c63a9637b2258ceb04","result":{"pages":9,"data":[{"SECUCODE":"01065.HK","SECURITY_CODE":"01065","SECURITY_NAME_ABBR":"天津创业环保股份","ORG_CODE":"10004318","STD_REPORT_DATE":"2024-09-30 00:00:00","REPORT_DATE":"2024-09-30 00:00:00","DATE_TYPE_CODE":"004","REPORT_TYPE":"2024年三季报","PER_NETCASH_OPERATE":0.470368373273,"PER_OI":2.158294681126,"BPS":6.074504675613,"BASIC_EPS":0.43,"DILUTED_EPS":0.43,"OPERATE_INCOME":3389425000,"OPERATE_INCOME_YOY":3.907301416,"GROSS_PROFIT":1262833000,"GROSS_PROFIT_YOY":8.048033402637,"HOLDER_PROFIT":677560000,"HOLDER_PROFIT_YOY":2.4699498509,"GROSS_PROFIT_RATIO":37.258030491898,"EPS_TTM":0.561340326134,"OPERATE_INCOME_QOQ":0.38236107914,"NET_PROFIT_RATIO":21.6158787995,"ROE_AVG":7.261507787425,"GROSS_PROFIT_QOQ":1.978499938481,"ROA":2.710522219574,"HOLDER_PROFIT_QOQ":3.797293971781,"ROE_YEARLY":9.682010383233,"ROIC_YEARLY":3.198794734783,"TOTAL_ASSETS":25534140000,"TOTAL_LIABILITIES":14837489000,"TAX_EBT":14.69568771096,"OCF_SALES":21.793519549776,"TOTAL_PARENT_EQUITY":9539512000,"DEBT_ASSET_RATIO":58.1084344333,"OPERATE_PROFIT":1117087000,"PRETAX_PROFIT":858871000,"NETCASH_OPERATE":738675000,"NETCASH_INVEST":-571397000,"NETCASH_FINANCE":10008000,"END_CASH":2748648000,"DIVI_RATIO":0.294286435713,"DIVIDEND_RATE":5.661180124224,"CURRENT_RATIO":1.759977632187,"COMMON_ACS":null,"CURRENTDEBT_DEBT":28.528196381477,"ISSUED_COMMON_SHARES":1570418085,"HK_COMMON_SHARES":340000000,"PER_SHARES":2000,"TOTAL_MARKET_CAP":5056746233.7,"HKSK_MARKET_CAP":1094800000,"PE_TTM":5.131093206222,"PB_TTM":0.478024786392,"REPORT_DATE_SQ":"2023-09-30 00:00:00","REPORT_TYPE_SQ":"2023年三季报","OPERATE_INCOME_SQ":3261970000,"DPS_HKD":0.18229,"OPERATE_INCOME_QOQ_SQ":1.072360570468,"NET_PROFIT_RATIO_SQ":21.2650637498,"HOLDER_PROFIT_SQ":661228000,"HOLDER_PROFIT_QOQ_SQ":-1.662089696835,"ROE_AVG_SQ":7.601545076219,"PE_TTM_SQ":4.901835115304,"PB_TTM_SQ":0.4346913502,"ROA_SQ":2.780175781069,"START_DATE":"2024-01-01 00:00:00","FISCAL_YEAR":"12-31","CURRENCY":"HKD","IS_CNY_CODE":0,"DPS_HKD_LY":0.18229,"ORG_TYPE":"一般企业","PREMIUM_INCOME":null,"PREMIUM_INCOME_YOY":null,"NET_INTEREST_INCOME":null,"NET_INTEREST_INCOME_YOY":null,"FEE_COMMISSION_INCOME":null,"FEE_COMMISSION_INCOME_YOY":null,"ACCOUNTS_RECE_TDAYS":0.884028054265,"INVENTORY_TDAYS":55.516622939265,"CURRENT_ASSETS_TDAYS":0.495334190646,"TOTAL_ASSETS_TDAYS":0.135591117747,"PREMIUM_EXPENSE":null,"LOAN_DEPOSIT":null,"LOAN_EQUITY":null,"LOAN_ASSETS":null,"DEPOSIT_EQUITY":null,"DEPOSIT_ASSETS":null,"EQUITY_MULTIPLIER":2.387115369102,"EQUITY_RATIO":1.55537191001},{"SECUCODE":"01065.HK","SECURITY_CODE":"01065","SECURITY_NAME_ABBR":"天津创业环保股份","ORG_CODE":"10004318","STD_REPORT_DATE":"2024-06-30 00:00:00","REPORT_DATE":"2024-06-30 00:00:00","DATE_TYPE_CODE":"002","REPORT_TYPE":"2024年中报","PER_NETCASH_OPERATE":0.279542756285,"PER_OI":1.412468451037,"BPS":5.911725093258,"BASIC_EPS":0.27,"DILUTED_EPS":0.27,"OPERATE_INCOME":2218166000,"OPERATE_INCOME_YOY":5.1778928631,"GROSS_PROFIT":842989000,"GROSS_PROFIT_YOY":7.240685331624,"HOLDER_PROFIT":421928000,"HOLDER_PROFIT_YOY":-3.6355248192,"GROSS_PROFIT_RATIO":38.003873470245,"EPS_TTM":0.5408043935,"OPERATE_INCOME_QOQ":0.116530075328,"NET_PROFIT_RATIO":20.7684185945,"ROE_AVG":4.584664711187,"GROSS_PROFIT_QOQ":-0.168611557469,"ROA":1.704490630781,"HOLDER_PROFIT_QOQ":-6.55488609957,"ROE_YEARLY":9.169329422374,"ROIC_YEARLY":4.01314262168,"TOTAL_ASSETS":25047157000,"TOTAL_LIABILITIES":14638056000,"TAX_EBT":19.205379316151,"OCF_SALES":19.791079657699,"TOTAL_PARENT_EQUITY":9283880000,"DEBT_ASSET_RATIO":58.4419860506,"OPERATE_PROFIT":747456000,"PRETAX_PROFIT":570184000,"NETCASH_OPERATE":438999000,"NETCASH_INVEST":-420008000,"NETCASH_FINANCE":5101000,"END_CASH":2595454000,"DIVI_RATIO":0.305461356796,"DIVIDEND_RATE":5.608923076923,"CURRENT_RATIO":1.561102379158,"COMMON_ACS":null,"CURRENTDEBT_DEBT":30.142492964913,"ISSUED_COMMON_SHARES":1570418085,"HK_COMMON_SHARES":340000000,"PER_SHARES":2000,"TOTAL_MARKET_CAP":5103858776.25,"HKSK_MARKET_CAP":1105000000,"PE_TTM":5.178898422429,"PB_TTM":0.482478433471,"REPORT_DATE_SQ":"2023-06-30 00:00:00","REPORT_TYPE_SQ":"2023年中报","OPERATE_INCOME_SQ":2108966000,"DPS_HKD":0.18229,"OPERATE_INCOME_QOQ_SQ":1.684883392625,"NET_PROFIT_RATIO_SQ":21.5766873435,"HOLDER_PROFIT_SQ":437846000,"HOLDER_PROFIT_QOQ_SQ":3.788828983579,"ROE_AVG_SQ":5.098994294687,"PE_TTM_SQ":4.737833196948,"PB_TTM_SQ":0.420147773427,"ROA_SQ":1.874508825288,"START_DATE":"2024-01-01 00:00:00","FISCAL_YEAR":"12-31","CURRENCY":"HKD","IS_CNY_CODE":0,"DPS_HKD_LY":0.18229,"ORG_TYPE":"一般企业","PREMIUM_INCOME":null,"PREMIUM_INCOME_YOY":null,"NET_INTEREST_INCOME":null,"NET_INTEREST_INCOME_YOY":null,"FEE_COMMISSION_INCOME":null,"FEE_COMMISSION_INCOME_YOY":null,"ACCOUNTS_RECE_TDAYS":0.60917798846,"INVENTORY_TDAYS":35.327073753436,"CURRENT_ASSETS_TDAYS":0.338040579664,"TOTAL_ASSETS_TDAYS":0.089608728611,"PREMIUM_EXPENSE":null,"LOAN_DEPOSIT":null,"LOAN_EQUITY":null,"LOAN_ASSETS":null,"DEPOSIT_EQUITY":null,"DEPOSIT_ASSETS":null,"EQUITY_MULTIPLIER":2.406274758985,"EQUITY_RATIO":1.576717493117},{"SECUCODE":"01065.HK","SECURITY_CODE":"01065","SECURITY_NAME_ABBR":"天津创业环保股份","ORG_CODE":"10004318","STD_REPORT_DATE":"2024-03-31 00:00:00","REPORT_DATE":"2024-03-31 00:00:00","DATE_TYPE_CODE":"003","REPORT_TYPE":"2024年一季报","PER_NETCASH_OPERATE":-0.034365370926,"PER_OI":0.687891976231,"BPS":5.968966537978,"BASIC_EPS":0.16,"DILUTED_EPS":0.16,"OPERATE_INCOME":1080278000,"OPERATE_INCOME_YOY":10.6122553462,"GROSS_PROFIT":433990000,"GROSS_PROFIT_YOY":16.070521152602,"HOLDER_PROFIT":251596000,"HOLDER_PROFIT_YOY":20.9950995244,"GROSS_PROFIT_RATIO":40.173918195131,"EPS_TTM":0.578740151225,"OPERATE_INCOME_QOQ":2.221675369977,"NET_PROFIT_RATIO":23.102756883,"ROE_AVG":2.720552337133,"GROSS_PROFIT_QOQ":3.300512038564,"ROA":1.024436079893,"HOLDER_PROFIT_QOQ":5.045844520444,"ROE_YEARLY":10.882209348533,"ROIC_YEARLY":4.790393508952,"TOTAL_ASSETS":24658272000,"TOTAL_LIABILITIES":14191329000,"TAX_EBT":17.322096447726,"OCF_SALES":-4.9957510937,"TOTAL_PARENT_EQUITY":9373773000,"DEBT_ASSET_RATIO":57.5520012108,"OPERATE_PROFIT":392687000,"PRETAX_PROFIT":301863000,"NETCASH_OPERATE":-53968000,"NETCASH_INVEST":-265341000,"NETCASH_FINANCE":1597000,"END_CASH":2253650000,"DIVI_RATIO":0.28543871278,"DIVIDEND_RATE":5.608923076923,"CURRENT_RATIO":1.769524475475,"COMMON_ACS":null,"CURRENTDEBT_DEBT":25.959182540268,"ISSUED_COMMON_SHARES":1570418085,"HK_COMMON_SHARES":340000000,"PER_SHARES":2000,"TOTAL_MARKET_CAP":5103858776.25,"HKSK_MARKET_CAP":1105000000,"PE_TTM":5.178898422429,"PB_TTM":0.482478433471,"REPORT_DATE_SQ":"2023-03-31 00:00:00","REPORT_TYPE_SQ":"2023年一季报","OPERATE_INCOME_SQ":976635000,"DPS_HKD":0.18229,"OPERATE_INCOME_QOQ_SQ":-2.098927350538,"NET_PROFIT_RATIO_SQ":21.7237760269,"HOLDER_PROFIT_SQ":207939000,"HOLDER_PROFIT_QOQ_SQ":1.669741525503,"ROE_AVG_SQ":2.422559903423,"PE_TTM_SQ":4.737833196948,"PB_TTM_SQ":0.420147773427,"ROA_SQ":0.891692254056,"START_DATE":"2024-01-01 00:00:00","FISCAL_YEAR":"12-31","CURRENCY":"HKD","IS_CNY_CODE":0,"DPS_HKD_LY":0.18229,"ORG_TYPE":"一般企业","PREMIUM_INCOME":null,"PREMIUM_INCOME_YOY":null,"NET_INTEREST_INCOME":null,"NET_INTEREST_INCOME_YOY":null,"FEE_COMMISSION_INCOME":null,"FEE_COMMISSION_INCOME_YOY":null,"ACCOUNTS_RECE_TDAYS":0.29797426882,"INVENTORY_TDAYS":15.422878211171,"CURRENT_ASSETS_TDAYS":0.169395599153,"TOTAL_ASSETS_TDAYS":0.043986222337,"PREMIUM_EXPENSE":null,"LOAN_DEPOSIT":null,"LOAN_EQUITY":null,"LOAN_ASSETS":null,"DEPOSIT_EQUITY":null,"DEPOSIT_ASSETS":null,"EQUITY_MULTIPLIER":2.355823663127,"EQUITY_RATIO":1.513939904455},{"SECUCODE":"01065.HK","SECURITY_CODE":"01065","SECURITY_NAME_ABBR":"天津创业环保股份","ORG_CODE":"10004318","STD_REPORT_DATE":"2023-12-31 00:00:00","REPORT_DATE":"2023-12-31 00:00:00","DATE_TYPE_CODE":"001","REPORT_TYPE":"2023年年报","PER_NETCASH_OPERATE":0.631688471672,"PER_OI":2.970599386596,"BPS":5.808756971874,"BASIC_EPS":0.55,"DILUTED_EPS":0.55,"OPERATE_INCOME":4665083000,"OPERATE_INCOME_YOY":3.1603432602,"GROSS_PROFIT":1820566000,"GROSS_PROFIT_YOY":18.516478759271,"HOLDER_PROFIT":865207000,"HOLDER_PROFIT_YOY":15.1683718157,"GROSS_PROFIT_RATIO":39.025372110207,"EPS_TTM":0.550940547784,"OPERATE_INCOME_QOQ":2.526592705247,"NET_PROFIT_RATIO":19.3660648696,"ROE_AVG":9.830976073266,"GROSS_PROFIT_QOQ":15.350391435805,"ROA":3.648328133004,"HOLDER_PROFIT_QOQ":10.986439803941,"ROE_YEARLY":9.830976073266,"ROIC_YEARLY":4.386431556784,"TOTAL_ASSETS":24460654000,"TOTAL_LIABILITIES":14244893000,"TAX_EBT":18.329883114418,"OCF_SALES":21.264680606969,"TOTAL_PARENT_EQUITY":9122177000,"DEBT_ASSET_RATIO":58.2359449588,"OPERATE_PROFIT":1319352000,"PRETAX_PROFIT":1106210000,"NETCASH_OPERATE":992015000,"NETCASH_INVEST":-1643106000,"NETCASH_FINANCE":34109000,"END_CASH":2571362000,"DIVI_RATIO":0.299841506428,"DIVIDEND_RATE":5.608923076923,"CURRENT_RATIO":1.447818411765,"COMMON_ACS":null,"CURRENTDEBT_DEBT":30.234912961438,"ISSUED_COMMON_SHARES":1570418085,"HK_COMMON_SHARES":340000000,"PER_SHARES":2000,"TOTAL_MARKET_CAP":5103858776.25,"HKSK_MARKET_CAP":1105000000,"PE_TTM":5.178898422429,"PB_TTM":0.482478433471,"REPORT_DATE_SQ":"2022-12-31 00:00:00","REPORT_TYPE_SQ":"2022年年报","OPERATE_INCOME_SQ":4522167000,"DPS_HKD":0.18229,"OPERATE_INCOME_QOQ_SQ":0.38037474104,"NET_PROFIT_RATIO_SQ":17.9693717636,"HOLDER_PROFIT_SQ":751254000,"HOLDER_PROFIT_QOQ_SQ":-3.860654038407,"ROE_AVG_SQ":9.6316646678,"PE_TTM_SQ":4.737833196948,"PB_TTM_SQ":0.420147773427,"ROA_SQ":3.412079391636,"START_DATE":"2023-01-01 00:00:00","FISCAL_YEAR":"12-31","CURRENCY":"HKD","IS_CNY_CODE":0,"DPS_HKD_LY":0.158741,"ORG_TYPE":"一般企业","PREMIUM_INCOME":null,"PREMIUM_INCOME_YOY":null,"NET_INTEREST_INCOME":null,"NET_INTEREST_INCOME_YOY":null,"FEE_COMMISSION_INCOME":null,"FEE_COMMISSION_INCOME_YOY":null,"ACCOUNTS_RECE_TDAYS":1.544173414375,"INVENTORY_TDAYS":85.128222777537,"CURRENT_ASSETS_TDAYS":0.741399167772,"TOTAL_ASSETS_TDAYS":0.196713081976,"PREMIUM_EXPENSE":null,"LOAN_DEPOSIT":null,"LOAN_EQUITY":null,"LOAN_ASSETS":null,"DEPOSIT_EQUITY":null,"DEPOSIT_ASSETS":null,"EQUITY_MULTIPLIER":2.394403510419,"EQUITY_RATIO":1.561567266235},{"SECUCODE":"01065.HK","SECURITY_CODE":"01065","SECURITY_NAME_ABBR":"天津创业环保股份","ORG_CODE":"10004318","STD_REPORT_DATE":"2023-09-30 00:00:00","REPORT_DATE":"2023-09-30 00:00:00","DATE_TYPE_CODE":"004","REPORT_TYPE":"2023年三季报","PER_NETCASH_OPERATE":0.523466972173,"PER_OI":2.077134765039,"BPS":5.678568710574,"BASIC_EPS":0.42,"DILUTED_EPS":0.42,"OPERATE_INCOME":3261970000,"OPERATE_INCOME_YOY":0.8643430137,"GROSS_PROFIT":1168770000,"GROSS_PROFIT_YOY":3.742476302739,"HOLDER_PROFIT":661228000,"HOLDER_PROFIT_YOY":4.4724381084,"GROSS_PROFIT_RATIO":35.830188505719,"EPS_TTM":0.496403478441,"OPERATE_INCOME_QOQ":1.072360570468,"NET_PROFIT_RATIO":21.2650637498,"ROE_AVG":7.601545076219,"GROSS_PROFIT_QOQ":-1.880036032832,"ROA":2.780175781069,"HOLDER_PROFIT_QOQ":-1.662089696835,"ROE_YEARLY":10.135393434959,"ROIC_YEARLY":3.380522654115,"TOTAL_ASSETS":24597678000,"TOTAL_LIABILITIES":14553233000,"TAX_EBT":18.073814588355,"OCF_SALES":25.201396701993,"TOTAL_PARENT_EQUITY":8917727000,"DEBT_ASSET_RATIO":59.1650683451,"OPERATE_PROFIT":1026679000,"PRETAX_PROFIT":846689000,"NETCASH_OPERATE":822062000,"NETCASH_INVEST":-1304208000,"NETCASH_FINANCE":305955000,"END_CASH":3012153000,"DIVI_RATIO":0.332783413039,"DIVIDEND_RATE":5.608923076923,"CURRENT_RATIO":1.70616962565,"COMMON_ACS":null,"CURRENTDEBT_DEBT":27.841916638042,"ISSUED_COMMON_SHARES":1570418085,"HK_COMMON_SHARES":340000000,"PER_SHARES":2000,"TOTAL_MARKET_CAP":5103858776.25,"HKSK_MARKET_CAP":1105000000,"PE_TTM":5.178898422429,"PB_TTM":0.482478433471,"REPORT_DATE_SQ":"2022-09-30 00:00:00","REPORT_TYPE_SQ":"2022年三季报","OPERATE_INCOME_SQ":3234017000,"DPS_HKD":0.18229,"OPERATE_INCOME_QOQ_SQ":-5.37466125202,"NET_PROFIT_RATIO_SQ":20.3858854174,"HOLDER_PROFIT_SQ":632921000,"HOLDER_PROFIT_QOQ_SQ":-0.463784435135,"ROE_AVG_SQ":8.177848675669,"PE_TTM_SQ":4.737833196948,"PB_TTM_SQ":0.420147773427,"ROA_SQ":2.891165043069,"START_DATE":"2023-01-01 00:00:00","FISCAL_YEAR":"12-31","CURRENCY":"HKD","IS_CNY_CODE":0,"DPS_HKD_LY":0.158741,"ORG_TYPE":"一般企业","PREMIUM_INCOME":null,"PREMIUM_INCOME_YOY":null,"NET_INTEREST_INCOME":null,"NET_INTEREST_INCOME_YOY":null,"FEE_COMMISSION_INCOME":null,"FEE_COMMISSION_INCOME_YOY":null,"ACCOUNTS_RECE_TDAYS":1.031929691472,"INVENTORY_TDAYS":67.823410287566,"CURRENT_ASSETS_TDAYS":0.491923193826,"TOTAL_ASSETS_TDAYS":0.13715163291,"PREMIUM_EXPENSE":null,"LOAN_DEPOSIT":null,"LOAN_EQUITY":null,"LOAN_ASSETS":null,"DEPOSIT_EQUITY":null,"DEPOSIT_ASSETS":null,"EQUITY_MULTIPLIER":2.448883736236,"EQUITY_RATIO":1.631944216278},{"SECUCODE":"01065.HK","SECURITY_CODE":"01065","SECURITY_NAME_ABBR":"天津创业环保股份","ORG_CODE":"10004318","STD_REPORT_DATE":"2023-06-30 00:00:00","REPORT_DATE":"2023-06-30 00:00:00","DATE_TYPE_CODE":"002","REPORT_TYPE":"2023年中报","PER_NETCASH_OPERATE":0.455772260162,"PER_OI":1.34293282798,"BPS":5.536325060852,"BASIC_EPS":0.28,"DILUTED_EPS":0.28,"OPERATE_INCOME":2108966000,"OPERATE_INCOME_YOY":-0.9544500535,"GROSS_PROFIT":786072000,"GROSS_PROFIT_YOY":10.14533368457,"HOLDER_PROFIT":437846000,"HOLDER_PROFIT_YOY":10.4659112985,"GROSS_PROFIT_RATIO":37.272862625571,"EPS_TTM":0.504793600871,"OPERATE_INCOME_QOQ":1.684883392625,"NET_PROFIT_RATIO":21.5766873435,"ROE_AVG":5.098994294687,"GROSS_PROFIT_QOQ":3.684144031951,"ROA":1.874508825288,"HOLDER_PROFIT_QOQ":3.788828983579,"ROE_YEARLY":10.197988589375,"ROIC_YEARLY":4.573003813639,"TOTAL_ASSETS":23746137000,"TOTAL_LIABILITIES":13954951000,"TAX_EBT":19.701814383071,"OCF_SALES":33.938574637998,"TOTAL_PARENT_EQUITY":8694345000,"DEBT_ASSET_RATIO":58.7672470684,"OPERATE_PROFIT":685681000,"PRETAX_PROFIT":566694000,"NETCASH_OPERATE":715753000,"NETCASH_INVEST":-1073422000,"NETCASH_FINANCE":169253000,"END_CASH":2999928000,"DIVI_RATIO":0.327252254218,"DIVIDEND_RATE":5.608923076923,"CURRENT_RATIO":1.745021442596,"COMMON_ACS":null,"CURRENTDEBT_DEBT":26.481268189333,"ISSUED_COMMON_SHARES":1570418085,"HK_COMMON_SHARES":340000000,"PER_SHARES":2000,"TOTAL_MARKET_CAP":5103858776.25,"HKSK_MARKET_CAP":1105000000,"PE_TTM":5.178898422429,"PB_TTM":0.482478433471,"REPORT_DATE_SQ":"2022-06-30 00:00:00","REPORT_TYPE_SQ":"2022年中报","OPERATE_INCOME_SQ":2129289000,"DPS_HKD":0.18229,"OPERATE_INCOME_QOQ_SQ":0.614263180051,"NET_PROFIT_RATIO_SQ":19.3165887768,"HOLDER_PROFIT_SQ":396363000,"HOLDER_PROFIT_QOQ_SQ":8.615491891847,"ROE_AVG_SQ":5.492988752388,"PE_TTM_SQ":4.737833196948,"PB_TTM_SQ":0.420147773427,"ROA_SQ":1.864365124181,"START_DATE":"2023-01-01 00:00:00","FISCAL_YEAR":"12-31","CURRENCY":"HKD","IS_CNY_CODE":0,"DPS_HKD_LY":0.158741,"ORG_TYPE":"一般企业","PREMIUM_INCOME":null,"PREMIUM_INCOME_YOY":null,"NET_INTEREST_INCOME":null,"NET_INTEREST_INCOME_YOY":null,"FEE_COMMISSION_INCOME":null,"FEE_COMMISSION_INCOME_YOY":null,"ACCOUNTS_RECE_TDAYS":0.724359318926,"INVENTORY_TDAYS":43.977726804295,"CURRENT_ASSETS_TDAYS":0.329589795523,"TOTAL_ASSETS_TDAYS":0.090289174258,"PREMIUM_EXPENSE":null,"LOAN_DEPOSIT":null,"LOAN_EQUITY":null,"LOAN_ASSETS":null,"DEPOSIT_EQUITY":null,"DEPOSIT_ASSETS":null,"EQUITY_MULTIPLIER":2.425256450033,"EQUITY_RATIO":1.605060645742},{"SECUCODE":"01065.HK","SECURITY_CODE":"01065","SECURITY_NAME_ABBR":"天津创业环保股份","ORG_CODE":"10004318","STD_REPORT_DATE":"2023-03-31 00:00:00","REPORT_DATE":"2023-03-31 00:00:00","DATE_TYPE_CODE":"003","REPORT_TYPE":"2023年一季报","PER_NETCASH_OPERATE":-0.062741254027,"PER_OI":0.621894901319,"BPS":5.531908402596,"BASIC_EPS":0.132,"DILUTED_EPS":0.132,"OPERATE_INCOME":976635000,"OPERATE_INCOME_YOY":-8.85789957,"GROSS_PROFIT":373902000,"GROSS_PROFIT_YOY":4.251741934405,"HOLDER_PROFIT":207939000,"HOLDER_PROFIT_YOY":6.4198162696,"GROSS_PROFIT_RATIO":38.284722542199,"EPS_TTM":0.486366023988,"OPERATE_INCOME_QOQ":-2.098927350538,"NET_PROFIT_RATIO":21.7237760269,"ROE_AVG":2.422559903423,"GROSS_PROFIT_QOQ":0.992690067045,"ROA":0.891692254056,"HOLDER_PROFIT_QOQ":1.669741525503,"ROE_YEARLY":9.690239613693,"ROIC_YEARLY":4.363214602382,"TOTAL_ASSETS":23669511000,"TOTAL_LIABILITIES":13925555000,"TAX_EBT":21.956512942752,"OCF_SALES":-10.088723013204,"TOTAL_PARENT_EQUITY":8687409000,"DEBT_ASSET_RATIO":58.8333024708,"OPERATE_PROFIT":330164000,"PRETAX_PROFIT":271851000,"NETCASH_OPERATE":-98530000,"NETCASH_INVEST":-588407000,"NETCASH_FINANCE":616800000,"END_CASH":3118207000,"DIVI_RATIO":0.339651282476,"DIVIDEND_RATE":5.608923076923,"CURRENT_RATIO":1.854882479904,"COMMON_ACS":null,"CURRENTDEBT_DEBT":26.014453283909,"ISSUED_COMMON_SHARES":1570418085,"HK_COMMON_SHARES":340000000,"PER_SHARES":2000,"TOTAL_MARKET_CAP":5103858776.25,"HKSK_MARKET_CAP":1105000000,"PE_TTM":5.178898422429,"PB_TTM":0.482478433471,"REPORT_DATE_SQ":"2022-03-31 00:00:00","REPORT_TYPE_SQ":"2022年一季报","OPERATE_INCOME_SQ":1071552000,"DPS_HKD":0.18229,"OPERATE_INCOME_QOQ_SQ":4.327319621155,"NET_PROFIT_RATIO_SQ":18.8126194529,"HOLDER_PROFIT_SQ":195395000,"HOLDER_PROFIT_QOQ_SQ":4.270408214787,"ROE_AVG_SQ":2.707091007344,"PE_TTM_SQ":4.737833196948,"PB_TTM_SQ":0.420147773427,"ROA_SQ":0.927024817051,"START_DATE":"2023-01-01 00:00:00","FISCAL_YEAR":"12-31","CURRENCY":"HKD","IS_CNY_CODE":0,"DPS_HKD_LY":0.158741,"ORG_TYPE":"一般企业","PREMIUM_INCOME":null,"PREMIUM_INCOME_YOY":null,"NET_INTEREST_INCOME":null,"NET_INTEREST_INCOME_YOY":null,"FEE_COMMISSION_INCOME":null,"FEE_COMMISSION_INCOME_YOY":null,"ACCOUNTS_RECE_TDAYS":0.328429541929,"INVENTORY_TDAYS":19.66149630572,"CURRENT_ASSETS_TDAYS":0.149464126949,"TOTAL_ASSETS_TDAYS":0.041880448811,"PREMIUM_EXPENSE":null,"LOAN_DEPOSIT":null,"LOAN_EQUITY":null,"LOAN_ASSETS":null,"DEPOSIT_EQUITY":null,"DEPOSIT_ASSETS":null,"EQUITY_MULTIPLIER":2.429147976445,"EQUITY_RATIO":1.602958373434},{"SECUCODE":"01065.HK","SECURITY_CODE":"01065","SECURITY_NAME_ABBR":"天津创业环保股份","ORG_CODE":"10004318","STD_REPORT_DATE":"2022-12-31 00:00:00","REPORT_DATE":"2022-12-31 00:00:00","DATE_TYPE_CODE":"001","REPORT_TYPE":"2022年年报","PER_NETCASH_OPERATE":0.580769547111,"PER_OI":2.879594321534,"BPS":5.399500350252,"BASIC_EPS":0.51,"DILUTED_EPS":0.51,"OPERATE_INCOME":4522167000,"OPERATE_INCOME_YOY":-0.2957064578,"GROSS_PROFIT":1536129000,"GROSS_PROFIT_YOY":14.01680270589,"HOLDER_PROFIT":751254000,"HOLDER_PROFIT_YOY":8.3765033779,"GROSS_PROFIT_RATIO":33.968869349584,"EPS_TTM":0.47837834216,"OPERATE_INCOME_QOQ":0.38037474104,"NET_PROFIT_RATIO":17.9693717636,"ROE_AVG":9.6316646678,"GROSS_PROFIT_QOQ":3.008314406474,"ROA":3.412079391636,"HOLDER_PROFIT_QOQ":-3.860654038407,"ROE_YEARLY":9.6316646678,"ROIC_YEARLY":4.101097786383,"TOTAL_ASSETS":22969674000,"TOTAL_LIABILITIES":13467381000,"TAX_EBT":16.165616765948,"OCF_SALES":20.168450214245,"TOTAL_PARENT_EQUITY":8479473000,"DEBT_ASSET_RATIO":58.6311368633,"OPERATE_PROFIT":1149748000,"PRETAX_PROFIT":969298000,"NETCASH_OPERATE":912051000,"NETCASH_INVEST":-684693000,"NETCASH_FINANCE":867430000,"END_CASH":3188344000,"DIVI_RATIO":0.345322580981,"DIVIDEND_RATE":5.608923076923,"CURRENT_RATIO":1.896988278137,"COMMON_ACS":null,"CURRENTDEBT_DEBT":24.851327811993,"ISSUED_COMMON_SHARES":1570418085,"HK_COMMON_SHARES":340000000,"PER_SHARES":2000,"TOTAL_MARKET_CAP":5103858776.25,"HKSK_MARKET_CAP":1105000000,"PE_TTM":5.178898422429,"PB_TTM":0.482478433471,"REPORT_DATE_SQ":"2021-12-31 00:00:00","REPORT_TYPE_SQ":"2021年年报","OPERATE_INCOME_SQ":4535579000,"DPS_HKD":0.18229,"OPERATE_INCOME_QOQ_SQ":9.336560057643,"NET_PROFIT_RATIO_SQ":15.8526618101,"HOLDER_PROFIT_SQ":693189000,"HOLDER_PROFIT_QOQ_SQ":2.232273878296,"ROE_AVG_SQ":10.111023925889,"PE_TTM_SQ":4.737833196948,"PB_TTM_SQ":0.420147773427,"ROA_SQ":3.477397722464,"START_DATE":"2022-01-01 00:00:00","FISCAL_YEAR":"12-31","CURRENCY":"HKD","IS_CNY_CODE":0,"DPS_HKD_LY":0.17154,"ORG_TYPE":"一般企业","PREMIUM_INCOME":null,"PREMIUM_INCOME_YOY":null,"NET_INTEREST_INCOME":null,"NET_INTEREST_INCOME_YOY":null,"FEE_COMMISSION_INCOME":null,"FEE_COMMISSION_INCOME_YOY":null,"ACCOUNTS_RECE_TDAYS":1.778199963431,"INVENTORY_TDAYS":112.740240126859,"CURRENT_ASSETS_TDAYS":0.808539846517,"TOTAL_ASSETS_TDAYS":0.205389825894,"PREMIUM_EXPENSE":null,"LOAN_DEPOSIT":null,"LOAN_EQUITY":null,"LOAN_ASSETS":null,"DEPOSIT_EQUITY":null,"DEPOSIT_ASSETS":null,"EQUITY_MULTIPLIER":2.417276966726,"EQUITY_RATIO":1.58823325459},{"SECUCODE":"01065.HK","SECURITY_CODE":"01065","SECURITY_NAME_ABBR":"天津创业环保股份","ORG_CODE":"10004318","STD_REPORT_DATE":"2022-09-30 00:00:00","REPORT_DATE":"2022-09-30 00:00:00","DATE_TYPE_CODE":"004","REPORT_TYPE":"2022年三季报","PER_NETCASH_OPERATE":0.446390045234,"PER_OI":2.059335046438,"BPS":5.322604266876,"BASIC_EPS":0.44,"DILUTED_EPS":0.44,"OPERATE_INCOME":3234017000,"OPERATE_INCOME_YOY":-0.9357448848,"GROSS_PROFIT":1126607000,"GROSS_PROFIT_YOY":14.653025626308,"HOLDER_PROFIT":632921000,"HOLDER_PROFIT_YOY":16.1988147343,"GROSS_PROFIT_RATIO":34.836149593524,"EPS_TTM":0.497588513189,"OPERATE_INCOME_QOQ":-5.37466125202,"NET_PROFIT_RATIO":20.3858854174,"ROE_AVG":8.177848675669,"GROSS_PROFIT_QOQ":4.935962525359,"ROA":2.891165043069,"HOLDER_PROFIT_QOQ":-0.463784435135,"ROE_YEARLY":10.903798234226,"ROIC_YEARLY":3.47775243653,"TOTAL_ASSETS":22717819000,"TOTAL_LIABILITIES":13356860000,"TAX_EBT":19.668405828181,"OCF_SALES":21.67641666695,"TOTAL_PARENT_EQUITY":8358714000,"DEBT_ASSET_RATIO":58.7946404538,"OPERATE_PROFIT":994878000,"PRETAX_PROFIT":820702000,"NETCASH_OPERATE":701019000,"NETCASH_INVEST":-435302000,"NETCASH_FINANCE":871318000,"END_CASH":3230591000,"DIVI_RATIO":0.331990870813,"DIVIDEND_RATE":5.608923076923,"CURRENT_RATIO":2.33196815157,"COMMON_ACS":null,"CURRENTDEBT_DEBT":21.186895722498,"ISSUED_COMMON_SHARES":1570418085,"HK_COMMON_SHARES":340000000,"PER_SHARES":2000,"TOTAL_MARKET_CAP":5103858776.25,"HKSK_MARKET_CAP":1105000000,"PE_TTM":5.178898422429,"PB_TTM":0.482478433471,"REPORT_DATE_SQ":"2021-09-30 00:00:00","REPORT_TYPE_SQ":"2021年三季报","OPERATE_INCOME_SQ":3264565000,"DPS_HKD":0.18229,"OPERATE_INCOME_QOQ_SQ":10.72578806856,"NET_PROFIT_RATIO_SQ":17.8517811715,"HOLDER_PROFIT_SQ":544688000,"HOLDER_PROFIT_QOQ_SQ":9.791929790472,"ROE_AVG_SQ":8.00772887088,"PE_TTM_SQ":4.737833196948,"PB_TTM_SQ":0.420147773427,"ROA_SQ":2.704252919895,"START_DATE":"2022-01-01 00:00:00","FISCAL_YEAR":"12-31","CURRENCY":"HKD","IS_CNY_CODE":0,"DPS_HKD_LY":0.17154,"ORG_TYPE":"一般企业","PREMIUM_INCOME":null,"PREMIUM_INCOME_YOY":null,"NET_INTEREST_INCOME":null,"NET_INTEREST_INCOME_YOY":null,"FEE_COMMISSION_INCOME":null,"FEE_COMMISSION_INCOME_YOY":null,"ACCOUNTS_RECE_TDAYS":1.224105284613,"INVENTORY_TDAYS":75.933125551732,"CURRENT_ASSETS_TDAYS":0.565566996733,"TOTAL_ASSETS_TDAYS":0.14772897248,"PREMIUM_EXPENSE":null,"LOAN_DEPOSIT":null,"LOAN_EQUITY":null,"LOAN_ASSETS":null,"DEPOSIT_EQUITY":null,"DEPOSIT_ASSETS":null,"EQUITY_MULTIPLIER":2.426868764193,"EQUITY_RATIO":1.597956336346}],"count":79},"success":true,"message":"ok","code":0}