{"version":"452716d13f042b78e12541bd55883da9","result":{"pages":7,"data":[{"SECUCODE":"01061.HK","SECURITY_CODE":"01061","SECURITY_NAME_ABBR":"亿胜生物科技","ORG_CODE":"10010743","STD_REPORT_DATE":"2024-06-30 00:00:00","REPORT_DATE":"2024-06-30 00:00:00","DATE_TYPE_CODE":"002","REPORT_TYPE":"2024年中报","PER_NETCASH_OPERATE":0.211733269056,"PER_OI":1.305209268774,"BPS":3.243812621941,"BASIC_EPS":0.253177432,"DILUTED_EPS":0.24551092,"OPERATE_INCOME":740758468.4,"OPERATE_INCOME_YOY":-9.7546141196,"GROSS_PROFIT":661338880.16,"GROSS_PROFIT_YOY":-11.494573663971,"HOLDER_PROFIT":143692339.2,"HOLDER_PROFIT_YOY":-7.2851582053,"GROSS_PROFIT_RATIO":89.278612175499,"EPS_TTM":0.416844211047,"OPERATE_INCOME_QOQ":-5.718180872272,"NET_PROFIT_RATIO":19.3980015524,"ROE_AVG":7.993385554687,"GROSS_PROFIT_QOQ":-6.157324793296,"ROA":5.435183650342,"HOLDER_PROFIT_QOQ":-5.15944069684,"ROE_YEARLY":15.986771109374,"ROIC_YEARLY":13.441747223054,"TOTAL_ASSETS":2706831820.08,"TOTAL_LIABILITIES":867343533.68,"TAX_EBT":20.235079542,"OCF_SALES":16.222170200707,"TOTAL_PARENT_EQUITY":1839488286.4,"DEBT_ASSET_RATIO":32.0427566739,"OPERATE_PROFIT":185065948.96,"PRETAX_PROFIT":180144778.4,"NETCASH_OPERATE":120167099.52,"NETCASH_INVEST":-37259248.32,"NETCASH_FINANCE":5429533.32,"END_CASH":546160489.52,"DIVI_RATIO":0.22920001638,"DIVIDEND_RATE":3.860294117647,"CURRENT_RATIO":1.683605029823,"COMMON_ACS":1000000000,"CURRENTDEBT_DEBT":86.7285542014,"ISSUED_COMMON_SHARES":567076000,"HK_COMMON_SHARES":567076000,"PER_SHARES":1000,"TOTAL_MARKET_CAP":1542446720,"HKSK_MARKET_CAP":1542446720,"PE_TTM":5.867301283722,"PB_TTM":0.765299938476,"REPORT_DATE_SQ":"2023-06-30 00:00:00","REPORT_TYPE_SQ":"2023年中报","OPERATE_INCOME_SQ":829191010.82,"DPS_HKD":0.105,"OPERATE_INCOME_QOQ_SQ":22.796921048565,"NET_PROFIT_RATIO_SQ":18.8813365964,"HOLDER_PROFIT_SQ":156562345.78,"HOLDER_PROFIT_QOQ_SQ":18.620709367287,"ROE_AVG_SQ":9.595419888554,"PE_TTM_SQ":5.076994996432,"PB_TTM_SQ":0.718821869516,"ROA_SQ":6.128680454743,"START_DATE":"2024-01-01 00:00:00","FISCAL_YEAR":"12-31","CURRENCY":"HKD","IS_CNY_CODE":0,"DPS_HKD_LY":0.105,"ORG_TYPE":"一般企业","PREMIUM_INCOME":null,"PREMIUM_INCOME_YOY":null,"NET_INTEREST_INCOME":null,"NET_INTEREST_INCOME_YOY":null,"FEE_COMMISSION_INCOME":null,"FEE_COMMISSION_INCOME_YOY":null,"ACCOUNTS_RECE_TDAYS":1.286244616744,"INVENTORY_TDAYS":1.437851572353,"CURRENT_ASSETS_TDAYS":0.616526579916,"TOTAL_ASSETS_TDAYS":0.280192969139,"PREMIUM_EXPENSE":null,"LOAN_DEPOSIT":null,"LOAN_EQUITY":null,"LOAN_ASSETS":null,"DEPOSIT_EQUITY":null,"DEPOSIT_ASSETS":null,"EQUITY_MULTIPLIER":1.471513485621,"EQUITY_RATIO":0.471513485621},{"SECUCODE":"01061.HK","SECURITY_CODE":"01061","SECURITY_NAME_ABBR":"亿胜生物科技","ORG_CODE":"10010743","STD_REPORT_DATE":"2023-12-31 00:00:00","REPORT_DATE":"2023-12-31 00:00:00","DATE_TYPE_CODE":"001","REPORT_TYPE":"2023年年报","PER_NETCASH_OPERATE":0.541583373192,"PER_OI":2.724728994066,"BPS":3.074306436597,"BASIC_EPS":0.437432394,"DILUTED_EPS":0.42501718,"OPERATE_INCOME":1546515306.09702,"OPERATE_INCOME_YOY":29.5091744939,"GROSS_PROFIT":1394938183.11358,"GROSS_PROFIT_YOY":31.30165475992,"HOLDER_PROFIT":249445770.11774,"HOLDER_PROFIT_YOY":22.114377047,"GROSS_PROFIT_RATIO":90.198795809789,"EPS_TTM":0.439486191703,"OPERATE_INCOME_QOQ":6.995115404872,"NET_PROFIT_RATIO":16.1295377507,"ROE_AVG":15.061492227982,"GROSS_PROFIT_QOQ":6.652390264442,"ROA":9.9372498747,"HOLDER_PROFIT_QOQ":4.437670312942,"ROE_YEARLY":15.061492227982,"ROIC_YEARLY":12.270232439987,"TOTAL_ASSETS":2562389610.76,"TOTAL_LIABILITIES":819024417.82,"TAX_EBT":20.448514419892,"OCF_SALES":19.87659596134,"TOTAL_PARENT_EQUITY":1743365192.94,"DEBT_ASSET_RATIO":31.9633094643,"OPERATE_PROFIT":325213329.96096,"PRETAX_PROFIT":313565194.03594,"NETCASH_OPERATE":307394598.87318,"NETCASH_INVEST":-49242416.16476,"NETCASH_FINANCE":-280860042.28758,"END_CASH":462031993.26648,"DIVI_RATIO":0.217391812994,"DIVIDEND_RATE":3.723404255319,"CURRENT_RATIO":1.535968800631,"COMMON_ACS":1000000000,"CURRENTDEBT_DEBT":89.705802622538,"ISSUED_COMMON_SHARES":567076000,"HK_COMMON_SHARES":567076000,"PER_SHARES":1000,"TOTAL_MARKET_CAP":1599154320,"HKSK_MARKET_CAP":1599154320,"PE_TTM":6.083010889741,"PB_TTM":0.793435965626,"REPORT_DATE_SQ":"2022-12-31 00:00:00","REPORT_TYPE_SQ":"2022年年报","OPERATE_INCOME_SQ":1177071361.95432,"DPS_HKD":0.105,"OPERATE_INCOME_QOQ_SQ":-8.488218694448,"NET_PROFIT_RATIO_SQ":17.1062832205,"HOLDER_PROFIT_SQ":201353160.8837,"HOLDER_PROFIT_QOQ_SQ":-24.581389880582,"ROE_AVG_SQ":13.008335745155,"PE_TTM_SQ":5.210429799355,"PB_TTM_SQ":0.737714118684,"ROA_SQ":8.085291728484,"START_DATE":"2023-01-01 00:00:00","FISCAL_YEAR":"12-31","CURRENCY":"HKD","IS_CNY_CODE":0,"DPS_HKD_LY":0.07,"ORG_TYPE":"一般企业","PREMIUM_INCOME":null,"PREMIUM_INCOME_YOY":null,"NET_INTEREST_INCOME":null,"NET_INTEREST_INCOME_YOY":null,"FEE_COMMISSION_INCOME":null,"FEE_COMMISSION_INCOME_YOY":null,"ACCOUNTS_RECE_TDAYS":3.19234462333,"INVENTORY_TDAYS":2.283755077212,"CURRENT_ASSETS_TDAYS":1.38786374374,"TOTAL_ASSETS_TDAYS":0.616090183629,"PREMIUM_EXPENSE":null,"LOAN_DEPOSIT":null,"LOAN_EQUITY":null,"LOAN_ASSETS":null,"DEPOSIT_EQUITY":null,"DEPOSIT_ASSETS":null,"EQUITY_MULTIPLIER":1.469795182756,"EQUITY_RATIO":0.469795095793},{"SECUCODE":"01061.HK","SECURITY_CODE":"01061","SECURITY_NAME_ABBR":"亿胜生物科技","ORG_CODE":"10010743","STD_REPORT_DATE":"2023-06-30 00:00:00","REPORT_DATE":"2023-06-30 00:00:00","DATE_TYPE_CODE":"002","REPORT_TYPE":"2023年中报","PER_NETCASH_OPERATE":0.250466945936,"PER_OI":1.453232146047,"BPS":2.939618077612,"BASIC_EPS":0.274012456,"DILUTED_EPS":0.26553024,"OPERATE_INCOME":829191010.82,"OPERATE_INCOME_YOY":37.1339915374,"GROSS_PROFIT":747229754.76,"GROSS_PROFIT_YOY":48.941907004984,"HOLDER_PROFIT":156562345.78,"HOLDER_PROFIT_YOY":21.963499508,"GROSS_PROFIT_RATIO":90.115515606115,"EPS_TTM":0.418600149625,"OPERATE_INCOME_QOQ":22.796921048565,"NET_PROFIT_RATIO":18.8813365964,"ROE_AVG":9.595419888554,"GROSS_PROFIT_QOQ":23.111778774353,"ROA":6.128680454743,"HOLDER_PROFIT_QOQ":18.620709367287,"ROE_YEARLY":19.190839777109,"ROIC_YEARLY":15.120146010831,"TOTAL_ASSETS":2608393901.56,"TOTAL_LIABILITIES":941407040.58,"TAX_EBT":17.106734031388,"OCF_SALES":17.235164155804,"TOTAL_PARENT_EQUITY":1666986860.98,"DEBT_ASSET_RATIO":36.0914446249,"OPERATE_PROFIT":198105842.6,"PRETAX_PROFIT":188872212.9,"NETCASH_OPERATE":142912431.88,"NETCASH_INVEST":-98466542.02,"NETCASH_FINANCE":-66031285.62,"END_CASH":466265569.56,"DIVI_RATIO":0.22823857107,"DIVIDEND_RATE":3.723404255319,"CURRENT_RATIO":2.139469212875,"COMMON_ACS":1000000000,"CURRENTDEBT_DEBT":61.213568889921,"ISSUED_COMMON_SHARES":567076000,"HK_COMMON_SHARES":567076000,"PER_SHARES":1000,"TOTAL_MARKET_CAP":1599154320,"HKSK_MARKET_CAP":1599154320,"PE_TTM":6.083010889741,"PB_TTM":0.793435965626,"REPORT_DATE_SQ":"2022-06-30 00:00:00","REPORT_TYPE_SQ":"2022年中报","OPERATE_INCOME_SQ":560854981.75,"DPS_HKD":0.105,"OPERATE_INCOME_QOQ_SQ":-3.935857378063,"NET_PROFIT_RATIO_SQ":21.2299012694,"HOLDER_PROFIT_SQ":119068958.89,"HOLDER_PROFIT_QOQ_SQ":-5.614993708377,"ROE_AVG_SQ":8.008263486155,"PE_TTM_SQ":5.210429799355,"PB_TTM_SQ":0.737714118684,"ROA_SQ":4.921786793613,"START_DATE":"2023-01-01 00:00:00","FISCAL_YEAR":"12-31","CURRENCY":"HKD","IS_CNY_CODE":0,"DPS_HKD_LY":0.07,"ORG_TYPE":"一般企业","PREMIUM_INCOME":null,"PREMIUM_INCOME_YOY":null,"NET_INTEREST_INCOME":null,"NET_INTEREST_INCOME_YOY":null,"FEE_COMMISSION_INCOME":null,"FEE_COMMISSION_INCOME_YOY":null,"ACCOUNTS_RECE_TDAYS":1.66160050939,"INVENTORY_TDAYS":1.172112475331,"CURRENT_ASSETS_TDAYS":0.705042457922,"TOTAL_ASSETS_TDAYS":0.324589333147,"PREMIUM_EXPENSE":null,"LOAN_DEPOSIT":null,"LOAN_EQUITY":null,"LOAN_ASSETS":null,"DEPOSIT_EQUITY":null,"DEPOSIT_ASSETS":null,"EQUITY_MULTIPLIER":1.564735729247,"EQUITY_RATIO":0.564735729247},{"SECUCODE":"01061.HK","SECURITY_CODE":"01061","SECURITY_NAME_ABBR":"亿胜生物科技","ORG_CODE":"10010743","STD_REPORT_DATE":"2022-12-31 00:00:00","REPORT_DATE":"2022-12-31 00:00:00","DATE_TYPE_CODE":"001","REPORT_TYPE":"2022年年报","PER_NETCASH_OPERATE":0.598196555328,"PER_OI":2.059246298487,"BPS":2.727285277286,"BASIC_EPS":0.350787129,"DILUTED_EPS":0.341943756,"OPERATE_INCOME":1177071361.95432,"OPERATE_INCOME_YOY":-19.5369567655,"GROSS_PROFIT":1062391929.22905,"GROSS_PROFIT_YOY":-6.903999915075,"HOLDER_PROFIT":201353160.8837,"HOLDER_PROFIT_YOY":-34.8462123889,"GROSS_PROFIT_RATIO":90.257223441843,"EPS_TTM":0.352260504028,"OPERATE_INCOME_QOQ":-8.488218694448,"NET_PROFIT_RATIO":17.1062832205,"ROE_AVG":13.008335745155,"GROSS_PROFIT_QOQ":-5.543313368454,"ROA":8.085291728484,"HOLDER_PROFIT_QOQ":-24.581389880582,"ROE_YEARLY":13.008335745155,"ROIC_YEARLY":10.337563063251,"TOTAL_ASSETS":2422902986.99491,"TOTAL_LIABILITIES":876324961.09256,"TAX_EBT":13.417491355051,"OCF_SALES":29.049296131648,"TOTAL_PARENT_EQUITY":1546578025.90235,"DEBT_ASSET_RATIO":36.1683883258,"OPERATE_PROFIT":242977310.60197,"PRETAX_PROFIT":232556395.0906,"NETCASH_OPERATE":341930945.61493,"NETCASH_INVEST":-269794780.26865,"NETCASH_FINANCE":-151061309.5369,"END_CASH":485479754.40559,"DIVI_RATIO":0.271221720595,"DIVIDEND_RATE":3.723404255319,"CURRENT_RATIO":2.164275475894,"COMMON_ACS":1000000000,"CURRENTDEBT_DEBT":57.176292311322,"ISSUED_COMMON_SHARES":567076000,"HK_COMMON_SHARES":567076000,"PER_SHARES":1000,"TOTAL_MARKET_CAP":1599154320,"HKSK_MARKET_CAP":1599154320,"PE_TTM":6.083010889741,"PB_TTM":0.793435965626,"REPORT_DATE_SQ":"2021-12-31 00:00:00","REPORT_TYPE_SQ":"2021年年报","OPERATE_INCOME_SQ":1338950350.7856,"DPS_HKD":0.105,"OPERATE_INCOME_QOQ_SQ":17.352163092946,"NET_PROFIT_RATIO_SQ":21.1257650065,"HOLDER_PROFIT_SQ":282863504.6608,"HOLDER_PROFIT_QOQ_SQ":3.130240899772,"ROE_AVG_SQ":21.893470783292,"PE_TTM_SQ":5.210429799355,"PB_TTM_SQ":0.737714118684,"ROA_SQ":13.093002315388,"START_DATE":"2022-01-01 00:00:00","FISCAL_YEAR":"12-31","CURRENCY":"HKD","IS_CNY_CODE":0,"DPS_HKD_LY":0.095,"ORG_TYPE":"一般企业","PREMIUM_INCOME":null,"PREMIUM_INCOME_YOY":null,"NET_INTEREST_INCOME":null,"NET_INTEREST_INCOME_YOY":null,"FEE_COMMISSION_INCOME":null,"FEE_COMMISSION_INCOME_YOY":null,"ACCOUNTS_RECE_TDAYS":2.295656369083,"INVENTORY_TDAYS":1.416760853199,"CURRENT_ASSETS_TDAYS":0.954389104671,"TOTAL_ASSETS_TDAYS":0.472650407119,"PREMIUM_EXPENSE":null,"LOAN_DEPOSIT":null,"LOAN_EQUITY":null,"LOAN_ASSETS":null,"DEPOSIT_EQUITY":null,"DEPOSIT_ASSETS":null,"EQUITY_MULTIPLIER":1.566621888076,"EQUITY_RATIO":0.566621888075},{"SECUCODE":"01061.HK","SECURITY_CODE":"01061","SECURITY_NAME_ABBR":"亿胜生物科技","ORG_CODE":"10010743","STD_REPORT_DATE":"2022-06-30 00:00:00","REPORT_DATE":"2022-06-30 00:00:00","DATE_TYPE_CODE":"002","REPORT_TYPE":"2022年中报","PER_NETCASH_OPERATE":0.343153754683,"PER_OI":0.976808270968,"BPS":2.628423319167,"BASIC_EPS":0.207041499,"DILUTED_EPS":0.201140688,"OPERATE_INCOME":560854981.75,"OPERATE_INCOME_YOY":-11.0593809925,"GROSS_PROFIT":501692082.36,"GROSS_PROFIT_YOY":-3.172775623966,"HOLDER_PROFIT":119068958.89,"HOLDER_PROFIT_YOY":-14.1535027684,"GROSS_PROFIT_RATIO":89.451301795449,"EPS_TTM":0.464984711298,"OPERATE_INCOME_QOQ":-3.935857378063,"NET_PROFIT_RATIO":21.2299012694,"ROE_AVG":8.008263486155,"GROSS_PROFIT_QOQ":-1.440540204346,"ROA":4.921786793613,"HOLDER_PROFIT_QOQ":-5.614993708377,"ROE_YEARLY":16.01652697231,"ROIC_YEARLY":12.81678597441,"TOTAL_ASSETS":2389659982.57,"TOTAL_LIABILITIES":899144200.43,"TAX_EBT":14.42523401823,"OCF_SALES":35.130103304998,"TOTAL_PARENT_EQUITY":1490515782.14,"DEBT_ASSET_RATIO":37.6264492433,"OPERATE_PROFIT":143118612.07,"PRETAX_PROFIT":139140268.19,"NETCASH_OPERATE":197028934.48,"NETCASH_INVEST":-122819822.23,"NETCASH_FINANCE":-80890711.72,"END_CASH":548293095.84,"DIVI_RATIO":0.205470626622,"DIVIDEND_RATE":3.723404255319,"CURRENT_RATIO":2.132417217104,"COMMON_ACS":1000000000,"CURRENTDEBT_DEBT":59.080727831637,"ISSUED_COMMON_SHARES":567076000,"HK_COMMON_SHARES":567076000,"PER_SHARES":1000,"TOTAL_MARKET_CAP":1599154320,"HKSK_MARKET_CAP":1599154320,"PE_TTM":6.083010889741,"PB_TTM":0.793435965626,"REPORT_DATE_SQ":"2021-06-30 00:00:00","REPORT_TYPE_SQ":"2021年中报","OPERATE_INCOME_SQ":613554157.92,"DPS_HKD":0.105,"OPERATE_INCOME_QOQ_SQ":38.598588533143,"NET_PROFIT_RATIO_SQ":21.9950798374,"HOLDER_PROFIT_SQ":134951726.88,"HOLDER_PROFIT_QOQ_SQ":48.856587502691,"ROE_AVG_SQ":10.799642619765,"PE_TTM_SQ":5.210429799355,"PB_TTM_SQ":0.737714118684,"ROA_SQ":6.43644222741,"START_DATE":"2022-01-01 00:00:00","FISCAL_YEAR":"12-31","CURRENCY":"HKD","IS_CNY_CODE":0,"DPS_HKD_LY":0.095,"ORG_TYPE":"一般企业","PREMIUM_INCOME":null,"PREMIUM_INCOME_YOY":null,"NET_INTEREST_INCOME":null,"NET_INTEREST_INCOME_YOY":null,"FEE_COMMISSION_INCOME":null,"FEE_COMMISSION_INCOME_YOY":null,"ACCOUNTS_RECE_TDAYS":1.082176587575,"INVENTORY_TDAYS":0.760850502868,"CURRENT_ASSETS_TDAYS":0.456704017783,"TOTAL_ASSETS_TDAYS":0.231832768846,"PREMIUM_EXPENSE":null,"LOAN_DEPOSIT":null,"LOAN_EQUITY":null,"LOAN_ASSETS":null,"DEPOSIT_EQUITY":null,"DEPOSIT_ASSETS":null,"EQUITY_MULTIPLIER":1.603243663169,"EQUITY_RATIO":0.603243663169},{"SECUCODE":"01061.HK","SECURITY_CODE":"01061","SECURITY_NAME_ABBR":"亿胜生物科技","ORG_CODE":"10010743","STD_REPORT_DATE":"2021-12-31 00:00:00","REPORT_DATE":"2021-12-31 00:00:00","DATE_TYPE_CODE":"001","REPORT_TYPE":"2021年年报","PER_NETCASH_OPERATE":0.581227887789,"PER_OI":2.326351733076,"BPS":2.500449877542,"BASIC_EPS":0.49056,"DILUTED_EPS":0.47527088,"OPERATE_INCOME":1338950350.7856,"OPERATE_INCOME_YOY":67.4308151158,"GROSS_PROFIT":1141178920.9632,"GROSS_PROFIT_YOY":70.805341520052,"HOLDER_PROFIT":282863504.6608,"HOLDER_PROFIT_YOY":58.0300129877,"GROSS_PROFIT_RATIO":85.22936793688,"EPS_TTM":0.491459600354,"OPERATE_INCOME_QOQ":17.352163092946,"NET_PROFIT_RATIO":21.1257650065,"ROE_AVG":21.893470783292,"GROSS_PROFIT_QOQ":19.6724194349,"ROA":13.093002315388,"HOLDER_PROFIT_QOQ":3.130240899772,"ROE_YEARLY":21.893470783292,"ROIC_YEARLY":17.239526301823,"TOTAL_ASSETS":2341147750.1104,"TOTAL_LIABILITIES":923202635.3536,"TAX_EBT":12.292657636638,"OCF_SALES":24.984523170984,"TOTAL_PARENT_EQUITY":1417945114.7568,"DEBT_ASSET_RATIO":39.4337621498,"OPERATE_PROFIT":330050307.5408,"PRETAX_PROFIT":322508352.2528,"NETCASH_OPERATE":334530360.64,"NETCASH_INVEST":-228997022.6096,"NETCASH_FINANCE":-59792736.2816,"END_CASH":548884056.056,"DIVI_RATIO":0.194401940528,"DIVIDEND_RATE":3.723404255319,"CURRENT_RATIO":2.243944565681,"COMMON_ACS":1000000000,"CURRENTDEBT_DEBT":61.070558983235,"ISSUED_COMMON_SHARES":567076000,"HK_COMMON_SHARES":567076000,"PER_SHARES":1000,"TOTAL_MARKET_CAP":1599154320,"HKSK_MARKET_CAP":1599154320,"PE_TTM":6.083010889741,"PB_TTM":0.793435965626,"REPORT_DATE_SQ":"2020-12-31 00:00:00","REPORT_TYPE_SQ":"2020年年报","OPERATE_INCOME_SQ":823217448.08664,"DPS_HKD":0.105,"OPERATE_INCOME_QOQ_SQ":-11.503171129507,"NET_PROFIT_RATIO_SQ":22.3824828468,"HOLDER_PROFIT_SQ":184256504.1102,"HOLDER_PROFIT_QOQ_SQ":-8.749558941264,"ROE_AVG_SQ":16.690623384298,"PE_TTM_SQ":5.210429799355,"PB_TTM_SQ":0.737714118684,"ROA_SQ":9.731575782531,"START_DATE":"2021-01-01 00:00:00","FISCAL_YEAR":"12-31","CURRENCY":"HKD","IS_CNY_CODE":0,"DPS_HKD_LY":0.09,"ORG_TYPE":"一般企业","PREMIUM_INCOME":null,"PREMIUM_INCOME_YOY":null,"NET_INTEREST_INCOME":null,"NET_INTEREST_INCOME_YOY":null,"FEE_COMMISSION_INCOME":null,"FEE_COMMISSION_INCOME_YOY":null,"ACCOUNTS_RECE_TDAYS":2.428795909883,"INVENTORY_TDAYS":1.977782515297,"CURRENT_ASSETS_TDAYS":1.137166263271,"TOTAL_ASSETS_TDAYS":0.619764648114,"PREMIUM_EXPENSE":null,"LOAN_DEPOSIT":null,"LOAN_EQUITY":null,"LOAN_ASSETS":null,"DEPOSIT_EQUITY":null,"DEPOSIT_ASSETS":null,"EQUITY_MULTIPLIER":1.651084887381,"EQUITY_RATIO":0.651084887381},{"SECUCODE":"01061.HK","SECURITY_CODE":"01061","SECURITY_NAME_ABBR":"亿胜生物科技","ORG_CODE":"10010743","STD_REPORT_DATE":"2021-06-30 00:00:00","REPORT_DATE":"2021-06-30 00:00:00","DATE_TYPE_CODE":"002","REPORT_TYPE":"2021年中报","PER_NETCASH_OPERATE":0.302731940713,"PER_OI":1.063875734192,"BPS":2.314476162349,"BASIC_EPS":0.233980896,"DILUTED_EPS":0.227823504,"OPERATE_INCOME":613554157.92,"OPERATE_INCOME_YOY":127.7005265027,"GROSS_PROFIT":518131223.52,"GROSS_PROFIT_YOY":122.696680199276,"HOLDER_PROFIT":134951726.88,"HOLDER_PROFIT_YOY":229.726762625,"GROSS_PROFIT_RATIO":84.447512388557,"EPS_TTM":0.475585807001,"OPERATE_INCOME_QOQ":38.598588533143,"NET_PROFIT_RATIO":21.9950798374,"ROE_AVG":10.799642619765,"GROSS_PROFIT_QOQ":42.727407306216,"ROA":6.43644222741,"HOLDER_PROFIT_QOQ":48.856587502691,"ROE_YEARLY":21.599285239531,"ROIC_YEARLY":17.153097378908,"TOTAL_ASSETS":2178615926.16,"TOTAL_LIABILITIES":866132041.92,"TAX_EBT":11.409593934693,"OCF_SALES":28.455573426782,"TOTAL_PARENT_EQUITY":1312483884.24,"DEBT_ASSET_RATIO":39.7560685901,"OPERATE_PROFIT":156793826.88,"PRETAX_PROFIT":152332213.92,"NETCASH_OPERATE":174590353.92,"NETCASH_INVEST":-99402773.04,"NETCASH_FINANCE":-31359431.04,"END_CASH":547303948.32,"DIVI_RATIO":0.2008905619,"DIVIDEND_RATE":3.723404255319,"CURRENT_RATIO":2.189228590858,"COMMON_ACS":1000000000,"CURRENTDEBT_DEBT":61.877139925681,"ISSUED_COMMON_SHARES":567076000,"HK_COMMON_SHARES":567076000,"PER_SHARES":1000,"TOTAL_MARKET_CAP":1599154320,"HKSK_MARKET_CAP":1599154320,"PE_TTM":6.083010889741,"PB_TTM":0.793435965626,"REPORT_DATE_SQ":"2020-06-30 00:00:00","REPORT_TYPE_SQ":"2020年中报","OPERATE_INCOME_SQ":295803842.4,"DPS_HKD":0.105,"OPERATE_INCOME_QOQ_SQ":-18.838025978412,"NET_PROFIT_RATIO_SQ":15.1892167307,"HOLDER_PROFIT_SQ":44930286.72,"HOLDER_PROFIT_QOQ_SQ":-25.482609226534,"ROE_AVG_SQ":4.153246530681,"PE_TTM_SQ":5.210429799355,"PB_TTM_SQ":0.737714118684,"ROA_SQ":2.499525942886,"START_DATE":"2021-01-01 00:00:00","FISCAL_YEAR":"12-31","CURRENCY":"HKD","IS_CNY_CODE":0,"DPS_HKD_LY":0.09,"ORG_TYPE":"一般企业","PREMIUM_INCOME":null,"PREMIUM_INCOME_YOY":null,"NET_INTEREST_INCOME":null,"NET_INTEREST_INCOME_YOY":null,"FEE_COMMISSION_INCOME":null,"FEE_COMMISSION_INCOME_YOY":null,"ACCOUNTS_RECE_TDAYS":1.357508164851,"INVENTORY_TDAYS":0.839841340877,"CURRENT_ASSETS_TDAYS":0.537655461405,"TOTAL_ASSETS_TDAYS":0.292631000888,"PREMIUM_EXPENSE":null,"LOAN_DEPOSIT":null,"LOAN_EQUITY":null,"LOAN_ASSETS":null,"DEPOSIT_EQUITY":null,"DEPOSIT_ASSETS":null,"EQUITY_MULTIPLIER":1.659918230097,"EQUITY_RATIO":0.659918230098},{"SECUCODE":"01061.HK","SECURITY_CODE":"01061","SECURITY_NAME_ABBR":"亿胜生物科技","ORG_CODE":"10010743","STD_REPORT_DATE":"2020-12-31 00:00:00","REPORT_DATE":"2020-12-31 00:00:00","DATE_TYPE_CODE":"001","REPORT_TYPE":"2020年年报","PER_NETCASH_OPERATE":0.436556567048,"PER_OI":1.426959901555,"BPS":2.116716724968,"BASIC_EPS":0.318813232,"DILUTED_EPS":0.313763392,"OPERATE_INCOME":823217448.08664,"OPERATE_INCOME_YOY":-23.5539052696,"GROSS_PROFIT":668116647.17712,"GROSS_PROFIT_YOY":-27.822490720405,"HOLDER_PROFIT":184256504.1102,"HOLDER_PROFIT_YOY":-27.6284946745,"GROSS_PROFIT_RATIO":81.159194175243,"EPS_TTM":0.319389055197,"OPERATE_INCOME_QOQ":-11.503171129507,"NET_PROFIT_RATIO":22.3824828468,"ROE_AVG":16.690623384298,"GROSS_PROFIT_QOQ":-10.435957835241,"ROA":9.731575782531,"HOLDER_PROFIT_QOQ":-8.749558941264,"ROE_YEARLY":16.690623384298,"ROIC_YEARLY":12.779645968279,"TOTAL_ASSETS":2037896117.8652,"TOTAL_LIABILITIES":837556864.33744,"TAX_EBT":12.728225476384,"OCF_SALES":30.593471237132,"TOTAL_PARENT_EQUITY":1200339253.52776,"DEBT_ASSET_RATIO":41.0990951401,"OPERATE_PROFIT":212325860.48088,"PRETAX_PROFIT":211129549.17668,"NETCASH_OPERATE":251850793.19944,"NETCASH_INVEST":-288906102.50764,"NETCASH_FINANCE":125812802.84216,"END_CASH":504800223.6978,"DIVI_RATIO":0.299135798317,"DIVIDEND_RATE":3.723404255319,"CURRENT_RATIO":2.199338487076,"COMMON_ACS":1000000000,"CURRENTDEBT_DEBT":60.897975481845,"ISSUED_COMMON_SHARES":567076000,"HK_COMMON_SHARES":567076000,"PER_SHARES":1000,"TOTAL_MARKET_CAP":1599154320,"HKSK_MARKET_CAP":1599154320,"PE_TTM":6.083010889741,"PB_TTM":0.793435965626,"REPORT_DATE_SQ":"2019-12-31 00:00:00","REPORT_TYPE_SQ":"2019年年报","OPERATE_INCOME_SQ":1146130992.74536,"DPS_HKD":0.105,"OPERATE_INCOME_QOQ_SQ":7.184039124514,"NET_PROFIT_RATIO_SQ":23.6426394106,"HOLDER_PROFIT_SQ":270975617.7876,"HOLDER_PROFIT_QOQ_SQ":16.264422723431,"ROE_AVG_SQ":28.456796093181,"PE_TTM_SQ":5.210429799355,"PB_TTM_SQ":0.737714118684,"ROA_SQ":17.150450976203,"START_DATE":"2020-01-01 00:00:00","FISCAL_YEAR":"12-31","CURRENCY":"HKD","IS_CNY_CODE":0,"DPS_HKD_LY":0.05,"ORG_TYPE":"一般企业","PREMIUM_INCOME":null,"PREMIUM_INCOME_YOY":null,"NET_INTEREST_INCOME":null,"NET_INTEREST_INCOME_YOY":null,"FEE_COMMISSION_INCOME":null,"FEE_COMMISSION_INCOME_YOY":null,"ACCOUNTS_RECE_TDAYS":null,"INVENTORY_TDAYS":1.41126493395,"CURRENT_ASSETS_TDAYS":0.752293238055,"TOTAL_ASSETS_TDAYS":0.434785356438,"PREMIUM_EXPENSE":null,"LOAN_DEPOSIT":null,"LOAN_EQUITY":null,"LOAN_ASSETS":null,"DEPOSIT_EQUITY":null,"DEPOSIT_ASSETS":null,"EQUITY_MULTIPLIER":1.697766787078,"EQUITY_RATIO":0.697766787078},{"SECUCODE":"01061.HK","SECURITY_CODE":"01061","SECURITY_NAME_ABBR":"亿胜生物科技","ORG_CODE":"10010743","STD_REPORT_DATE":"2020-06-30 00:00:00","REPORT_DATE":"2020-06-30 00:00:00","DATE_TYPE_CODE":"002","REPORT_TYPE":"2020年中报","PER_NETCASH_OPERATE":0.091398211777,"PER_OI":0.511827141021,"BPS":1.887052648181,"BASIC_EPS":0.077733744,"DILUTED_EPS":0.077733744,"OPERATE_INCOME":295803842.4,"OPERATE_INCOME_YOY":-44.3310825214,"GROSS_PROFIT":232662302.4,"GROSS_PROFIT_YOY":-43.577143015889,"HOLDER_PROFIT":44930286.72,"HOLDER_PROFIT_YOY":-62.0389735674,"GROSS_PROFIT_RATIO":78.654252937453,"EPS_TTM":0.349387493806,"OPERATE_INCOME_QOQ":-18.838025978412,"NET_PROFIT_RATIO":15.1892167307,"ROE_AVG":4.153246530681,"GROSS_PROFIT_QOQ":-19.412403086029,"ROA":2.499525942886,"HOLDER_PROFIT_QOQ":-25.482609226534,"ROE_YEARLY":8.306493061361,"ROIC_YEARLY":6.404568352513,"TOTAL_ASSETS":1697028109.92,"TOTAL_LIABILITIES":626925842.4,"TAX_EBT":14.884928188268,"OCF_SALES":17.85724211404,"TOTAL_PARENT_EQUITY":1070102267.52,"DEBT_ASSET_RATIO":36.9425726501,"OPERATE_PROFIT":55876038.24,"PRETAX_PROFIT":52787697.6,"NETCASH_OPERATE":52822408.32,"NETCASH_INVEST":-80919822.72,"NETCASH_FINANCE":-40150255.2,"END_CASH":356596014.72,"DIVI_RATIO":0.273451974366,"DIVIDEND_RATE":3.723404255319,"CURRENT_RATIO":2.090439689848,"COMMON_ACS":1000000000,"CURRENTDEBT_DEBT":75.596173880102,"ISSUED_COMMON_SHARES":567076000,"HK_COMMON_SHARES":567076000,"PER_SHARES":1000,"TOTAL_MARKET_CAP":1599154320,"HKSK_MARKET_CAP":1599154320,"PE_TTM":6.083010889741,"PB_TTM":0.793435965626,"REPORT_DATE_SQ":"2019-06-30 00:00:00","REPORT_TYPE_SQ":"2019年中报","OPERATE_INCOME_SQ":511712296.56,"DPS_HKD":0.105,"OPERATE_INCOME_QOQ_SQ":3.734803083288,"NET_PROFIT_RATIO_SQ":22.2746151043,"HOLDER_PROFIT_SQ":113981944.5,"HOLDER_PROFIT_QOQ_SQ":15.105434375848,"ROE_AVG_SQ":13.085417176046,"PE_TTM_SQ":5.210429799355,"PB_TTM_SQ":0.737714118684,"ROA_SQ":8.380314790668,"START_DATE":"2020-01-01 00:00:00","FISCAL_YEAR":"12-31","CURRENCY":"HKD","IS_CNY_CODE":0,"DPS_HKD_LY":0.05,"ORG_TYPE":"一般企业","PREMIUM_INCOME":null,"PREMIUM_INCOME_YOY":null,"NET_INTEREST_INCOME":null,"NET_INTEREST_INCOME_YOY":null,"FEE_COMMISSION_INCOME":null,"FEE_COMMISSION_INCOME_YOY":null,"ACCOUNTS_RECE_TDAYS":0.578834684155,"INVENTORY_TDAYS":0.589704943467,"CURRENT_ASSETS_TDAYS":0.275358130145,"TOTAL_ASSETS_TDAYS":0.164559238781,"PREMIUM_EXPENSE":null,"LOAN_DEPOSIT":null,"LOAN_EQUITY":null,"LOAN_ASSETS":null,"DEPOSIT_EQUITY":null,"DEPOSIT_ASSETS":null,"EQUITY_MULTIPLIER":1.585856007812,"EQUITY_RATIO":0.585856007812}],"count":59},"success":true,"message":"ok","code":0}