{"version":"ee8f798c1f93609b4d1d74238fb8f002","result":{"pages":5,"data":[{"SECUCODE":"01068.HK","SECURITY_CODE":"01068","SECURITY_NAME_ABBR":"雨润食品","ORG_CODE":"10009227","STD_REPORT_DATE":"2024-06-30 00:00:00","REPORT_DATE":"2024-06-30 00:00:00","DATE_TYPE_CODE":"002","REPORT_TYPE":"2024年中报","PER_NETCASH_OPERATE":-0.000016523575,"PER_OI":0.269872543256,"BPS":-0.364052916012,"BASIC_EPS":-0.00547608,"DILUTED_EPS":-0.00547608,"OPERATE_INCOME":491911703,"OPERATE_INCOME_YOY":-29.9759646616,"GROSS_PROFIT":68910078.04,"GROSS_PROFIT_YOY":8.287915624229,"HOLDER_PROFIT":-9189774.92,"HOLDER_PROFIT_YOY":50.1460612962,"GROSS_PROFIT_RATIO":14.00862748736,"EPS_TTM":-0.068228438562,"OPERATE_INCOME_QOQ":-17.028944603749,"NET_PROFIT_RATIO":-2.4474233499,"ROE_AVG":1.416138550641,"GROSS_PROFIT_QOQ":5.15079679953,"ROA":-1.022306153737,"HOLDER_PROFIT_QOQ":7.049171596077,"ROE_YEARLY":2.832277101283,"ROIC_YEARLY":-2.115627255431,"TOTAL_ASSETS":874264386.12,"TOTAL_LIABILITIES":1547364973.44,"TAX_EBT":0.339981867634,"OCF_SALES":-0.006122732965,"TOTAL_PARENT_EQUITY":-663579509.56,"DEBT_ASSET_RATIO":176.990507449,"OPERATE_PROFIT":10592564.08,"PRETAX_PROFIT":-12080232.48,"NETCASH_OPERATE":-30118.44,"NETCASH_INVEST":-5368383.76,"NETCASH_FINANCE":-1340726.92,"END_CASH":28900924.88,"DIVI_RATIO":null,"DIVIDEND_RATE":null,"CURRENT_RATIO":0.368267155022,"COMMON_ACS":3000000000,"CURRENTDEBT_DEBT":95.109082887423,"ISSUED_COMMON_SHARES":1822755650,"HK_COMMON_SHARES":1822755650,"PER_SHARES":1000,"TOTAL_MARKET_CAP":278881614.45,"HKSK_MARKET_CAP":278881614.45,"PE_TTM":-2.028038181481,"PB_TTM":-0.383570722437,"REPORT_DATE_SQ":"2023-06-30 00:00:00","REPORT_TYPE_SQ":"2023年中报","OPERATE_INCOME_SQ":709648006,"DPS_HKD":null,"OPERATE_INCOME_QOQ_SQ":-6.625527449724,"NET_PROFIT_RATIO_SQ":-5.0862673769,"HOLDER_PROFIT_SQ":-18621230.06,"HOLDER_PROFIT_QOQ_SQ":-70.839006846985,"ROE_AVG_SQ":3.725796022952,"PE_TTM_SQ":-13.34483108273,"PB_TTM_SQ":-0.606663986169,"ROA_SQ":-1.744169226817,"START_DATE":"2024-01-01 00:00:00","FISCAL_YEAR":"12-31","CURRENCY":"HKD","IS_CNY_CODE":0,"DPS_HKD_LY":null,"ORG_TYPE":"一般企业","PREMIUM_INCOME":null,"PREMIUM_INCOME_YOY":null,"NET_INTEREST_INCOME":null,"NET_INTEREST_INCOME_YOY":null,"FEE_COMMISSION_INCOME":null,"FEE_COMMISSION_INCOME_YOY":null,"ACCOUNTS_RECE_TDAYS":1.200310892714,"INVENTORY_TDAYS":3.527251279514,"CURRENT_ASSETS_TDAYS":0.874993506241,"TOTAL_ASSETS_TDAYS":0.547221629964,"PREMIUM_EXPENSE":null,"LOAN_DEPOSIT":null,"LOAN_EQUITY":null,"LOAN_ASSETS":null,"DEPOSIT_EQUITY":null,"DEPOSIT_ASSETS":null,"EQUITY_MULTIPLIER":-1.298861422186,"EQUITY_RATIO":-2.33184562083},{"SECUCODE":"01068.HK","SECURITY_CODE":"01068","SECURITY_NAME_ABBR":"雨润食品","ORG_CODE":"10009227","STD_REPORT_DATE":"2023-12-31 00:00:00","REPORT_DATE":"2023-12-31 00:00:00","DATE_TYPE_CODE":"001","REPORT_TYPE":"2023年年报","PER_NETCASH_OPERATE":0.010164647083,"PER_OI":0.701478975232,"BPS":-0.345517956387,"BASIC_EPS":-0.07340382,"DILUTED_EPS":-0.07340382,"OPERATE_INCOME":1278624765.46,"OPERATE_INCOME_YOY":-34.7522705832,"GROSS_PROFIT":102393797.8,"GROSS_PROFIT_YOY":1.614305429538,"HOLDER_PROFIT":-133795227.02,"HOLDER_PROFIT_YOY":-881.8514331316,"GROSS_PROFIT_RATIO":8.008119392491,"EPS_TTM":-0.073402722422,"OPERATE_INCOME_QOQ":-29.109484332368,"NET_PROFIT_RATIO":-14.2665578978,"ROE_AVG":23.845371148007,"GROSS_PROFIT_QOQ":-4.965072362504,"ROA":-13.490181673981,"HOLDER_PROFIT_QOQ":-483.055148125427,"ROE_YEARLY":23.845371148007,"ROIC_YEARLY":-14.32010514013,"TOTAL_ASSETS":917050235.22,"TOTAL_LIABILITIES":1541779272.6,"TAX_EBT":3.165394255146,"OCF_SALES":1.449030896358,"TOTAL_PARENT_EQUITY":-629794807.18,"DEBT_ASSET_RATIO":168.1237530276,"OPERATE_PROFIT":-153682224.92,"PRETAX_PROFIT":-188378670.06,"NETCASH_OPERATE":18527667.9,"NETCASH_INVEST":-1139118.54,"NETCASH_FINANCE":-13413868.44,"END_CASH":35612633.56,"DIVI_RATIO":null,"DIVIDEND_RATE":null,"CURRENT_RATIO":0.394546197616,"COMMON_ACS":3000000000,"CURRENTDEBT_DEBT":95.064861020496,"ISSUED_COMMON_SHARES":1822755650,"HK_COMMON_SHARES":1822755650,"PER_SHARES":1000,"TOTAL_MARKET_CAP":313513971.8,"HKSK_MARKET_CAP":313513971.8,"PE_TTM":-2.279886060227,"PB_TTM":-0.431203687968,"REPORT_DATE_SQ":"2022-12-31 00:00:00","REPORT_TYPE_SQ":"2022年年报","OPERATE_INCOME_SQ":1931642778.8,"DPS_HKD":null,"OPERATE_INCOME_QOQ_SQ":9.432677707011,"NET_PROFIT_RATIO_SQ":-1.1713157359,"HOLDER_PROFIT_SQ":-13432100.99,"HOLDER_PROFIT_QOQ_SQ":94.467874952671,"ROE_AVG_SQ":2.798383164665,"PE_TTM_SQ":-15.19827984422,"PB_TTM_SQ":-0.690922873137,"ROA_SQ":-1.210992757157,"START_DATE":"2023-01-01 00:00:00","FISCAL_YEAR":"12-31","CURRENCY":"HKD","IS_CNY_CODE":0,"DPS_HKD_LY":null,"ORG_TYPE":"一般企业","PREMIUM_INCOME":null,"PREMIUM_INCOME_YOY":null,"NET_INTEREST_INCOME":null,"NET_INTEREST_INCOME_YOY":null,"FEE_COMMISSION_INCOME":null,"FEE_COMMISSION_INCOME_YOY":null,"ACCOUNTS_RECE_TDAYS":3.345881091925,"INVENTORY_TDAYS":9.860204883941,"CURRENT_ASSETS_TDAYS":2.392842212731,"TOTAL_ASSETS_TDAYS":1.289199978436,"PREMIUM_EXPENSE":null,"LOAN_DEPOSIT":null,"LOAN_EQUITY":null,"LOAN_ASSETS":null,"DEPOSIT_EQUITY":null,"DEPOSIT_ASSETS":null,"EQUITY_MULTIPLIER":-1.467916777273,"EQUITY_RATIO":-2.448066028844},{"SECUCODE":"01068.HK","SECURITY_CODE":"01068","SECURITY_NAME_ABBR":"雨润食品","ORG_CODE":"10009227","STD_REPORT_DATE":"2023-06-30 00:00:00","REPORT_DATE":"2023-06-30 00:00:00","DATE_TYPE_CODE":"002","REPORT_TYPE":"2023年中报","PER_NETCASH_OPERATE":-0.003735961142,"PER_OI":0.389327009355,"BPS":-0.273555714174,"BASIC_EPS":-0.01014178,"DILUTED_EPS":-0.01014178,"OPERATE_INCOME":709648006,"OPERATE_INCOME_YOY":-21.4163636104,"GROSS_PROFIT":63635981.58,"GROSS_PROFIT_YOY":12.312483381923,"HOLDER_PROFIT":-18621230.06,"HOLDER_PROFIT_YOY":-89.6788129226,"GROSS_PROFIT_RATIO":8.967259971417,"EPS_TTM":-0.012589327555,"OPERATE_INCOME_QOQ":-6.625527449724,"NET_PROFIT_RATIO":-5.0862673769,"ROE_AVG":3.725796022952,"GROSS_PROFIT_QOQ":6.923115485645,"ROA":-1.744169226817,"HOLDER_PROFIT_QOQ":-70.839006846985,"ROE_YEARLY":7.451592045904,"ROIC_YEARLY":-3.726775694123,"TOTAL_ASSETS":1050162879.4,"TOTAL_LIABILITIES":1512014008.72,"TAX_EBT":14.648556728002,"OCF_SALES":-0.959594647265,"TOTAL_PARENT_EQUITY":-498625223.6,"DEBT_ASSET_RATIO":143.9789996752,"OPERATE_PROFIT":-25761965.16,"PRETAX_PROFIT":-42289378.64,"NETCASH_OPERATE":-6809744.28,"NETCASH_INVEST":-4642169.3,"NETCASH_FINANCE":-2141759.54,"END_CASH":24265591.62,"DIVI_RATIO":null,"DIVIDEND_RATE":null,"CURRENT_RATIO":0.365848509966,"COMMON_ACS":3000000000,"CURRENTDEBT_DEBT":94.458902756402,"ISSUED_COMMON_SHARES":1822755650,"HK_COMMON_SHARES":1822755650,"PER_SHARES":1000,"TOTAL_MARKET_CAP":313513971.8,"HKSK_MARKET_CAP":313513971.8,"PE_TTM":-2.279886060227,"PB_TTM":-0.431203687968,"REPORT_DATE_SQ":"2022-06-30 00:00:00","REPORT_TYPE_SQ":"2022年中报","OPERATE_INCOME_SQ":837629528.54,"DPS_HKD":null,"OPERATE_INCOME_QOQ_SQ":-74.420852560495,"NET_PROFIT_RATIO_SQ":-1.6473261961,"HOLDER_PROFIT_SQ":-9106063.12,"HOLDER_PROFIT_QOQ_SQ":-109.703286071645,"ROE_AVG_SQ":1.987692658063,"PE_TTM_SQ":-15.19827984422,"PB_TTM_SQ":-0.690922873137,"ROA_SQ":-0.860396818439,"START_DATE":"2023-01-01 00:00:00","FISCAL_YEAR":"12-31","CURRENCY":"HKD","IS_CNY_CODE":0,"DPS_HKD_LY":null,"ORG_TYPE":"一般企业","PREMIUM_INCOME":null,"PREMIUM_INCOME_YOY":null,"NET_INTEREST_INCOME":null,"NET_INTEREST_INCOME_YOY":null,"FEE_COMMISSION_INCOME":null,"FEE_COMMISSION_INCOME_YOY":null,"ACCOUNTS_RECE_TDAYS":2.006375985006,"INVENTORY_TDAYS":4.987127884838,"CURRENT_ASSETS_TDAYS":1.389463043027,"TOTAL_ASSETS_TDAYS":0.664696268694,"PREMIUM_EXPENSE":null,"LOAN_DEPOSIT":null,"LOAN_EQUITY":null,"LOAN_ASSETS":null,"DEPOSIT_EQUITY":null,"DEPOSIT_ASSETS":null,"EQUITY_MULTIPLIER":-2.273812518214,"EQUITY_RATIO":-3.03236566695},{"SECUCODE":"01068.HK","SECURITY_CODE":"01068","SECURITY_NAME_ABBR":"雨润食品","ORG_CODE":"10009227","STD_REPORT_DATE":"2022-12-31 00:00:00","REPORT_DATE":"2022-12-31 00:00:00","DATE_TYPE_CODE":"001","REPORT_TYPE":"2022年年报","PER_NETCASH_OPERATE":-0.005437278798,"PER_OI":1.059737644374,"BPS":-0.266277681142,"BASIC_EPS":-0.00714616,"DILUTED_EPS":-0.00714616,"OPERATE_INCOME":1931642778.8,"OPERATE_INCOME_YOY":-74.379286183,"GROSS_PROFIT":100767108.89,"GROSS_PROFIT_YOY":-69.068744759738,"HOLDER_PROFIT":-13432100.99,"HOLDER_PROFIT_YOY":-100.4913251074,"GROSS_PROFIT_RATIO":5.216653410037,"EPS_TTM":-0.007369117737,"OPERATE_INCOME_QOQ":9.432677707011,"NET_PROFIT_RATIO":-1.1713157359,"ROE_AVG":2.798383164665,"GROSS_PROFIT_QOQ":66.980300898479,"ROA":-1.210992757157,"HOLDER_PROFIT_QOQ":94.467874952671,"ROE_YEARLY":2.798383164665,"ROIC_YEARLY":-1.330722096164,"TOTAL_ASSETS":1051302862.05,"TOTAL_LIABILITIES":1493107951.16,"TAX_EBT":-31.381295710358,"OCF_SALES":-0.5130778195,"TOTAL_PARENT_EQUITY":-485359147.77,"DEBT_ASSET_RATIO":142.0245302337,"OPERATE_PROFIT":16455819.94,"PRETAX_PROFIT":-17221352.33,"NETCASH_OPERATE":-9910830.65,"NETCASH_INVEST":-1766888.06,"NETCASH_FINANCE":-21733259.1,"END_CASH":29665496.7,"DIVI_RATIO":null,"DIVIDEND_RATE":null,"CURRENT_RATIO":0.342779814149,"COMMON_ACS":3000000000,"CURRENTDEBT_DEBT":94.452973004018,"ISSUED_COMMON_SHARES":1822755650,"HK_COMMON_SHARES":1822755650,"PER_SHARES":1000,"TOTAL_MARKET_CAP":313513971.8,"HKSK_MARKET_CAP":313513971.8,"PE_TTM":-2.279886060227,"PB_TTM":-0.431203687968,"REPORT_DATE_SQ":"2021-12-31 00:00:00","REPORT_TYPE_SQ":"2021年年报","OPERATE_INCOME_SQ":6900709155.2,"DPS_HKD":null,"OPERATE_INCOME_QOQ_SQ":-41.978142689904,"NET_PROFIT_RATIO_SQ":35.9056216901,"HOLDER_PROFIT_SQ":2502263982.4,"HOLDER_PROFIT_QOQ_SQ":77.582142527161,"ROE_AVG_SQ":-159.679513902114,"PE_TTM_SQ":-15.19827984422,"PB_TTM_SQ":-0.690922873137,"ROA_SQ":58.501456181143,"START_DATE":"2022-01-01 00:00:00","FISCAL_YEAR":"12-31","CURRENCY":"HKD","IS_CNY_CODE":0,"DPS_HKD_LY":null,"ORG_TYPE":"一般企业","PREMIUM_INCOME":null,"PREMIUM_INCOME_YOY":null,"NET_INTEREST_INCOME":null,"NET_INTEREST_INCOME_YOY":null,"FEE_COMMISSION_INCOME":null,"FEE_COMMISSION_INCOME_YOY":null,"ACCOUNTS_RECE_TDAYS":6.136749007806,"INVENTORY_TDAYS":17.229453350258,"CURRENT_ASSETS_TDAYS":4.093902046535,"TOTAL_ASSETS_TDAYS":1.741503742626,"PREMIUM_EXPENSE":null,"LOAN_DEPOSIT":null,"LOAN_EQUITY":null,"LOAN_ASSETS":null,"DEPOSIT_EQUITY":null,"DEPOSIT_ASSETS":null,"EQUITY_MULTIPLIER":-2.379562589847,"EQUITY_RATIO":-3.076295065252},{"SECUCODE":"01068.HK","SECURITY_CODE":"01068","SECURITY_NAME_ABBR":"雨润食品","ORG_CODE":"10009227","STD_REPORT_DATE":"2022-06-30 00:00:00","REPORT_DATE":"2022-06-30 00:00:00","DATE_TYPE_CODE":"002","REPORT_TYPE":"2022年中报","PER_NETCASH_OPERATE":0.005625399159,"PER_OI":0.459540217878,"BPS":-0.25337848761,"BASIC_EPS":-0.00513114,"DILUTED_EPS":-0.00513114,"OPERATE_INCOME":837629528.54,"OPERATE_INCOME_YOY":-86.3558126395,"GROSS_PROFIT":56659758.26,"GROSS_PROFIT_YOY":-82.408755699899,"HOLDER_PROFIT":-9106063.12,"HOLDER_PROFIT_YOY":-100.3238347287,"GROSS_PROFIT_RATIO":6.764298097126,"EPS_TTM":-0.133205914068,"OPERATE_INCOME_QOQ":-74.420852560495,"NET_PROFIT_RATIO":-1.6473261961,"ROE_AVG":1.987692658063,"GROSS_PROFIT_QOQ":-81.476105220898,"ROA":-0.860396818439,"HOLDER_PROFIT_QOQ":-109.703286071645,"ROE_YEARLY":3.975385316126,"ROIC_YEARLY":-1.913704473024,"TOTAL_ASSETS":999404965.65,"TOTAL_LIABILITIES":1420100292.73,"TAX_EBT":-39.793796569052,"OCF_SALES":1.224136417191,"TOTAL_PARENT_EQUITY":-461847069.88,"DEBT_ASSET_RATIO":142.0945804293,"OPERATE_PROFIT":7359765.14,"PRETAX_PROFIT":-9870602.98,"NETCASH_OPERATE":10253728.1,"NETCASH_INVEST":-4348641.15,"NETCASH_FINANCE":-11795635.67,"END_CASH":51236998.47,"DIVI_RATIO":null,"DIVIDEND_RATE":null,"CURRENT_RATIO":0.307617210141,"COMMON_ACS":3000000000,"CURRENTDEBT_DEBT":96.104101791737,"ISSUED_COMMON_SHARES":1822755650,"HK_COMMON_SHARES":1822755650,"PER_SHARES":1000,"TOTAL_MARKET_CAP":313513971.8,"HKSK_MARKET_CAP":313513971.8,"PE_TTM":-2.279886060227,"PB_TTM":-0.431203687968,"REPORT_DATE_SQ":"2021-06-30 00:00:00","REPORT_TYPE_SQ":"2021年中报","OPERATE_INCOME_SQ":5973196114.56,"DPS_HKD":null,"OPERATE_INCOME_QOQ_SQ":-7.113179314416,"NET_PROFIT_RATIO_SQ":45.7842106964,"HOLDER_PROFIT_SQ":2735959751.76,"HOLDER_PROFIT_QOQ_SQ":182.911421855568,"ROE_AVG_SQ":-181.030511109814,"PE_TTM_SQ":-15.19827984422,"PB_TTM_SQ":-0.690922873137,"ROA_SQ":62.636008565717,"START_DATE":"2022-01-01 00:00:00","FISCAL_YEAR":"12-31","CURRENCY":"HKD","IS_CNY_CODE":0,"DPS_HKD_LY":null,"ORG_TYPE":"一般企业","PREMIUM_INCOME":null,"PREMIUM_INCOME_YOY":null,"NET_INTEREST_INCOME":null,"NET_INTEREST_INCOME_YOY":null,"FEE_COMMISSION_INCOME":null,"FEE_COMMISSION_INCOME_YOY":null,"ACCOUNTS_RECE_TDAYS":2.984047965781,"INVENTORY_TDAYS":8.728847256739,"CURRENT_ASSETS_TDAYS":1.946936921626,"TOTAL_ASSETS_TDAYS":0.791443867552,"PREMIUM_EXPENSE":null,"LOAN_DEPOSIT":null,"LOAN_EQUITY":null,"LOAN_ASSETS":null,"DEPOSIT_EQUITY":null,"DEPOSIT_ASSETS":null,"EQUITY_MULTIPLIER":-2.37560272558,"EQUITY_RATIO":-3.074827979528},{"SECUCODE":"01068.HK","SECURITY_CODE":"01068","SECURITY_NAME_ABBR":"雨润食品","ORG_CODE":"10009227","STD_REPORT_DATE":"2021-12-31 00:00:00","REPORT_DATE":"2021-12-31 00:00:00","DATE_TYPE_CODE":"001","REPORT_TYPE":"2021年年报","PER_NETCASH_OPERATE":-0.028360124738,"PER_OI":3.785866281748,"BPS":-0.238333866418,"BASIC_EPS":1.3727504,"DILUTED_EPS":1.3727504,"OPERATE_INCOME":6900709155.2,"OPERATE_INCOME_YOY":-44.5206697299,"GROSS_PROFIT":325777625.6,"GROSS_PROFIT_YOY":-49.929333901505,"HOLDER_PROFIT":2502263982.4,"HOLDER_PROFIT_YOY":251.5650751957,"GROSS_PROFIT_RATIO":4.720929664954,"EPS_TTM":1.37279178501,"OPERATE_INCOME_QOQ":-41.978142689904,"NET_PROFIT_RATIO":35.9056216901,"ROE_AVG":-159.679513902114,"GROSS_PROFIT_QOQ":-42.545394794513,"ROA":58.501456181143,"HOLDER_PROFIT_QOQ":77.582142527161,"ROE_YEARLY":-159.679513902114,"ROIC_YEARLY":61.477054769033,"TOTAL_ASSETS":1068196035.2,"TOTAL_LIABILITIES":1452156529.6,"TAX_EBT":0.356355494033,"OCF_SALES":-0.749105293925,"TOTAL_PARENT_EQUITY":-434424401.6,"DEBT_ASSET_RATIO":135.9447593651,"OPERATE_PROFIT":2514934329.6,"PRETAX_PROFIT":2486603672,"NETCASH_OPERATE":-51693577.6,"NETCASH_INVEST":-128489110.4,"NETCASH_FINANCE":4058566.4,"END_CASH":65204417.6,"DIVI_RATIO":null,"DIVIDEND_RATE":null,"CURRENT_RATIO":0.301658514994,"COMMON_ACS":3000000000,"CURRENTDEBT_DEBT":96.166533698999,"ISSUED_COMMON_SHARES":1822755650,"HK_COMMON_SHARES":1822755650,"PER_SHARES":1000,"TOTAL_MARKET_CAP":313513971.8,"HKSK_MARKET_CAP":313513971.8,"PE_TTM":-2.279886060227,"PB_TTM":-0.431203687968,"REPORT_DATE_SQ":"2020-12-31 00:00:00","REPORT_TYPE_SQ":"2020年年报","OPERATE_INCOME_SQ":12804068788.68,"DPS_HKD":null,"OPERATE_INCOME_QOQ_SQ":-8.668754379826,"NET_PROFIT_RATIO_SQ":-13.223392234,"HOLDER_PROFIT_SQ":-1699493352.96,"HOLDER_PROFIT_QOQ_SQ":51.557030560667,"ROE_AVG_SQ":86.433251776808,"PE_TTM_SQ":-15.19827984422,"PB_TTM_SQ":-0.690922873137,"ROA_SQ":-21.43858290702,"START_DATE":"2021-01-01 00:00:00","FISCAL_YEAR":"12-31","CURRENCY":"HKD","IS_CNY_CODE":0,"DPS_HKD_LY":null,"ORG_TYPE":"一般企业","PREMIUM_INCOME":null,"PREMIUM_INCOME_YOY":null,"NET_INTEREST_INCOME":null,"NET_INTEREST_INCOME_YOY":null,"FEE_COMMISSION_INCOME":null,"FEE_COMMISSION_INCOME_YOY":null,"ACCOUNTS_RECE_TDAYS":6.163588232502,"INVENTORY_TDAYS":21.994759600789,"CURRENT_ASSETS_TDAYS":4.357752599681,"TOTAL_ASSETS_TDAYS":1.61334510308,"PREMIUM_EXPENSE":null,"LOAN_DEPOSIT":null,"LOAN_EQUITY":null,"LOAN_ASSETS":null,"DEPOSIT_EQUITY":null,"DEPOSIT_ASSETS":null,"EQUITY_MULTIPLIER":-2.782046722981,"EQUITY_RATIO":-3.34271400099},{"SECUCODE":"01068.HK","SECURITY_CODE":"01068","SECURITY_NAME_ABBR":"雨润食品","ORG_CODE":"10009227","STD_REPORT_DATE":"2021-06-30 00:00:00","REPORT_DATE":"2021-06-30 00:00:00","DATE_TYPE_CODE":"002","REPORT_TYPE":"2021年中报","PER_NETCASH_OPERATE":-0.005937182244,"PER_OI":3.277014181555,"BPS":-0.15095534645,"BASIC_EPS":1.50107232,"DILUTED_EPS":1.50107232,"OPERATE_INCOME":5973196114.56,"OPERATE_INCOME_YOY":-4.7461385643,"GROSS_PROFIT":322090679.28,"GROSS_PROFIT_YOY":-20.610406874561,"HOLDER_PROFIT":2735959751.76,"HOLDER_PROFIT_YOY":906.0701073993,"GROSS_PROFIT_RATIO":5.392266938882,"EPS_TTM":0.773046076297,"OPERATE_INCOME_QOQ":-7.113179314416,"NET_PROFIT_RATIO":45.7842106964,"ROE_AVG":-181.030511109814,"GROSS_PROFIT_QOQ":-12.85177938406,"ROA":62.636008565717,"HOLDER_PROFIT_QOQ":182.911421855568,"ROE_YEARLY":-362.061022219628,"ROIC_YEARLY":132.232966057185,"TOTAL_ASSETS":1117134798.48,"TOTAL_LIABILITIES":1315277176.8,"TAX_EBT":0.229461189671,"OCF_SALES":-0.181176580719,"TOTAL_PARENT_EQUITY":-275154710.64,"DEBT_ASSET_RATIO":117.7366579745,"OPERATE_PROFIT":2752648780.32,"PRETAX_PROFIT":2741070387.12,"NETCASH_OPERATE":-10822032.48,"NETCASH_INVEST":-186105509.04,"NETCASH_FINANCE":10770443.52,"END_CASH":79196542.32,"DIVI_RATIO":null,"DIVIDEND_RATE":null,"CURRENT_RATIO":0.332536968929,"COMMON_ACS":3000000000,"CURRENTDEBT_DEBT":95.380240524828,"ISSUED_COMMON_SHARES":1822755650,"HK_COMMON_SHARES":1822755650,"PER_SHARES":1000,"TOTAL_MARKET_CAP":313513971.8,"HKSK_MARKET_CAP":313513971.8,"PE_TTM":-2.279886060227,"PB_TTM":-0.431203687968,"REPORT_DATE_SQ":"2020-06-30 00:00:00","REPORT_TYPE_SQ":"2020年中报","OPERATE_INCOME_SQ":6883972487.04,"DPS_HKD":null,"OPERATE_INCOME_QOQ_SQ":2.794680117369,"NET_PROFIT_RATIO_SQ":-5.3704621728,"HOLDER_PROFIT_SQ":-372607704.48,"HOLDER_PROFIT_QOQ_SQ":0.611122977598,"ROE_AVG_SQ":24.816741568044,"PE_TTM_SQ":-15.19827984422,"PB_TTM_SQ":-0.690922873137,"ROA_SQ":-4.304636984588,"START_DATE":"2021-01-01 00:00:00","FISCAL_YEAR":"12-31","CURRENCY":"HKD","IS_CNY_CODE":0,"DPS_HKD_LY":null,"ORG_TYPE":"一般企业","PREMIUM_INCOME":null,"PREMIUM_INCOME_YOY":null,"NET_INTEREST_INCOME":null,"NET_INTEREST_INCOME_YOY":null,"FEE_COMMISSION_INCOME":null,"FEE_COMMISSION_INCOME_YOY":null,"ACCOUNTS_RECE_TDAYS":5.301563188324,"INVENTORY_TDAYS":18.54234284903,"CURRENT_ASSETS_TDAYS":3.719722978097,"TOTAL_ASSETS_TDAYS":1.367480507546,"PREMIUM_EXPENSE":null,"LOAN_DEPOSIT":null,"LOAN_EQUITY":null,"LOAN_ASSETS":null,"DEPOSIT_EQUITY":null,"DEPOSIT_ASSETS":null,"EQUITY_MULTIPLIER":-5.63804072581,"EQUITY_RATIO":-4.780136868239},{"SECUCODE":"01068.HK","SECURITY_CODE":"01068","SECURITY_NAME_ABBR":"雨润食品","ORG_CODE":"10009227","STD_REPORT_DATE":"2020-12-31 00:00:00","REPORT_DATE":"2020-12-31 00:00:00","DATE_TYPE_CODE":"001","REPORT_TYPE":"2020年年报","PER_NETCASH_OPERATE":0.087183521609,"PER_OI":7.024566780896,"BPS":-1.524648932532,"BASIC_EPS":-0.93253712,"DILUTED_EPS":-0.93253712,"OPERATE_INCOME":12804068788.68,"OPERATE_INCOME_YOY":-0.0771035698,"GROSS_PROFIT":650635693.48,"GROSS_PROFIT_YOY":-35.446079274094,"HOLDER_PROFIT":-1699493352.96,"HOLDER_PROFIT_YOY":48.7559396257,"GROSS_PROFIT_RATIO":5.081476085596,"EPS_TTM":-0.932375852441,"OPERATE_INCOME_QOQ":-8.668754379826,"NET_PROFIT_RATIO":-13.223392234,"ROE_AVG":86.433251776808,"GROSS_PROFIT_QOQ":-32.164730950869,"ROA":-21.43858290702,"HOLDER_PROFIT_QOQ":51.557030560667,"ROE_YEARLY":86.433251776808,"ROIC_YEARLY":-22.188125762205,"TOTAL_ASSETS":7706461510.48,"TOTAL_LIABILITIES":10437210463.96,"TAX_EBT":-1.204927166577,"OCF_SALES":1.241123108777,"TOTAL_PARENT_EQUITY":-2779062456.04,"DEBT_ASSET_RATIO":135.4345369761,"OPERATE_PROFIT":-1364228583.88,"PRETAX_PROFIT":-1672974118.2,"NETCASH_OPERATE":158914256.6,"NETCASH_INVEST":-91210210.08,"NETCASH_FINANCE":10657687.32,"END_CASH":258846382,"DIVI_RATIO":null,"DIVIDEND_RATE":null,"CURRENT_RATIO":0.272962600436,"COMMON_ACS":3000000000,"CURRENTDEBT_DEBT":99.213775555419,"ISSUED_COMMON_SHARES":1822755650,"HK_COMMON_SHARES":1822755650,"PER_SHARES":1000,"TOTAL_MARKET_CAP":313513971.8,"HKSK_MARKET_CAP":313513971.8,"PE_TTM":-2.279886060227,"PB_TTM":-0.431203687968,"REPORT_DATE_SQ":"2019-12-31 00:00:00","REPORT_TYPE_SQ":"2019年年报","OPERATE_INCOME_SQ":13638229001.28,"DPS_HKD":null,"OPERATE_INCOME_QOQ_SQ":9.705517274378,"NET_PROFIT_RATIO_SQ":-25.8500440329,"HOLDER_PROFIT_SQ":-3529806757.52,"HOLDER_PROFIT_QOQ_SQ":14.055975990964,"ROE_AVG_SQ":-561.469672962714,"PE_TTM_SQ":-15.19827984422,"PB_TTM_SQ":-0.690922873137,"ROA_SQ":-33.74105040799,"START_DATE":"2020-01-01 00:00:00","FISCAL_YEAR":"12-31","CURRENCY":"HKD","IS_CNY_CODE":0,"DPS_HKD_LY":null,"ORG_TYPE":"一般企业","PREMIUM_INCOME":null,"PREMIUM_INCOME_YOY":null,"NET_INTEREST_INCOME":null,"NET_INTEREST_INCOME_YOY":null,"FEE_COMMISSION_INCOME":null,"FEE_COMMISSION_INCOME_YOY":null,"ACCOUNTS_RECE_TDAYS":7.119480505502,"INVENTORY_TDAYS":17.526181227436,"CURRENT_ASSETS_TDAYS":4.678146648833,"TOTAL_ASSETS_TDAYS":1.615193668132,"PREMIUM_EXPENSE":null,"LOAN_DEPOSIT":null,"LOAN_EQUITY":null,"LOAN_ASSETS":null,"DEPOSIT_EQUITY":null,"DEPOSIT_ASSETS":null,"EQUITY_MULTIPLIER":-2.822105452301,"EQUITY_RATIO":-3.75565883425},{"SECUCODE":"01068.HK","SECURITY_CODE":"01068","SECURITY_NAME_ABBR":"雨润食品","ORG_CODE":"10009227","STD_REPORT_DATE":"2020-06-30 00:00:00","REPORT_DATE":"2020-06-30 00:00:00","DATE_TYPE_CODE":"002","REPORT_TYPE":"2020年中报","PER_NETCASH_OPERATE":0.08192745879,"PER_OI":3.776684212741,"BPS":-0.960654265557,"BASIC_EPS":-0.20461056,"DILUTED_EPS":-0.20461056,"OPERATE_INCOME":6883972487.04,"OPERATE_INCOME_YOY":1.9463551445,"GROSS_PROFIT":405708943.2,"GROSS_PROFIT_YOY":-10.727866832095,"HOLDER_PROFIT":-372607704.48,"HOLDER_PROFIT_YOY":8.9682305893,"GROSS_PROFIT_RATIO":5.893529411452,"EPS_TTM":-1.924687654848,"OPERATE_INCOME_QOQ":2.794680117369,"NET_PROFIT_RATIO":-5.3704621728,"ROE_AVG":24.816741568044,"GROSS_PROFIT_QOQ":-4.83723049856,"ROA":-4.304636984588,"HOLDER_PROFIT_QOQ":0.611122977598,"ROE_YEARLY":49.633483136087,"ROIC_YEARLY":-8.949457745577,"TOTAL_ASSETS":8468744301.6,"TOTAL_LIABILITIES":10168519125.6,"TAX_EBT":-3.614282020496,"OCF_SALES":2.169295979627,"TOTAL_PARENT_EQUITY":-1751037990.24,"DEBT_ASSET_RATIO":120.0711553386,"OPERATE_PROFIT":-127343583.84,"PRETAX_PROFIT":-356805192.48,"NETCASH_OPERATE":149333738.4,"NETCASH_INVEST":-108305667.36,"NETCASH_FINANCE":90591325.44,"END_CASH":358878701.28,"DIVI_RATIO":null,"DIVIDEND_RATE":null,"CURRENT_RATIO":0.290492366684,"COMMON_ACS":3000000000,"CURRENTDEBT_DEBT":98.707325607039,"ISSUED_COMMON_SHARES":1822755650,"HK_COMMON_SHARES":1822755650,"PER_SHARES":1000,"TOTAL_MARKET_CAP":313513971.8,"HKSK_MARKET_CAP":313513971.8,"PE_TTM":-2.279886060227,"PB_TTM":-0.431203687968,"REPORT_DATE_SQ":"2019-06-30 00:00:00","REPORT_TYPE_SQ":"2019年中报","OPERATE_INCOME_SQ":6502827612.78,"DPS_HKD":null,"OPERATE_INCOME_QOQ_SQ":12.154139546266,"NET_PROFIT_RATIO_SQ":-6.0365105778,"HOLDER_PROFIT_SQ":-394179164.64,"HOLDER_PROFIT_QOQ_SQ":1.500465209851,"ROE_AVG_SQ":-17.869689612124,"PE_TTM_SQ":-15.19827984422,"PB_TTM_SQ":-0.690922873137,"ROA_SQ":-3.341549424829,"START_DATE":"2020-01-01 00:00:00","FISCAL_YEAR":"12-31","CURRENCY":"HKD","IS_CNY_CODE":0,"DPS_HKD_LY":null,"ORG_TYPE":"一般企业","PREMIUM_INCOME":null,"PREMIUM_INCOME_YOY":null,"NET_INTEREST_INCOME":null,"NET_INTEREST_INCOME_YOY":null,"FEE_COMMISSION_INCOME":null,"FEE_COMMISSION_INCOME_YOY":null,"ACCOUNTS_RECE_TDAYS":3.891612599394,"INVENTORY_TDAYS":7.892425302149,"CURRENT_ASSETS_TDAYS":2.378307688545,"TOTAL_ASSETS_TDAYS":0.795286898588,"PREMIUM_EXPENSE":null,"LOAN_DEPOSIT":null,"LOAN_EQUITY":null,"LOAN_ASSETS":null,"DEPOSIT_EQUITY":null,"DEPOSIT_ASSETS":null,"EQUITY_MULTIPLIER":-4.98227422951,"EQUITY_RATIO":-5.807137927491}],"count":42},"success":true,"message":"ok","code":0}