{"version":"bad8b9d9b5632e1d0a42bfbe0490ba0d","result":{"pages":6,"data":[{"SECUCODE":"01071.HK","SECURITY_CODE":"01071","SECURITY_NAME_ABBR":"华电国际电力股份","ORG_CODE":"10007284","STD_REPORT_DATE":"2024-06-30 00:00:00","REPORT_DATE":"2024-06-30 00:00:00","DATE_TYPE_CODE":"002","REPORT_TYPE":"2024年中报","PER_NETCASH_OPERATE":0.51669346497,"PER_OI":5.171707341776,"BPS":4.176809255353,"BASIC_EPS":0.286,"DILUTED_EPS":null,"OPERATE_INCOME":52893953000,"OPERATE_INCOME_YOY":-10.4297315845,"GROSS_PROFIT":16235562000,"GROSS_PROFIT_YOY":15.151963058458,"HOLDER_PROFIT":3431773000,"HOLDER_PROFIT_YOY":19.2896720012,"GROSS_PROFIT_RATIO":30.6945521731,"EPS_TTM":0.504130645904,"OPERATE_INCOME_QOQ":-5.292387273039,"NET_PROFIT_RATIO":7.6143581101,"ROE_AVG":4.721846964738,"GROSS_PROFIT_QOQ":6.851388662164,"ROA":1.518290540055,"HOLDER_PROFIT_QOQ":12.060892474703,"ROE_YEARLY":9.443693929475,"ROIC_YEARLY":3.327016899043,"TOTAL_ASSETS":225580985000,"TOTAL_LIABILITIES":137100511000,"TAX_EBT":16.377876114096,"OCF_SALES":9.990771534886,"TOTAL_PARENT_EQUITY":73718572000,"DEBT_ASSET_RATIO":60.7766257426,"OPERATE_PROFIT":3365491000,"PRETAX_PROFIT":4816351000,"NETCASH_OPERATE":5284514000,"NETCASH_INVEST":-2621583000,"NETCASH_FINANCE":-2566118000,"END_CASH":5267090000,"DIVI_RATIO":0.454907956228,"DIVIDEND_RATE":6.439795918367,"CURRENT_RATIO":0.437915737108,"COMMON_ACS":null,"CURRENTDEBT_DEBT":48.640060867461,"ISSUED_COMMON_SHARES":10227561133,"HK_COMMON_SHARES":1717233600,"PER_SHARES":2000,"TOTAL_MARKET_CAP":40092039641.36,"HKSK_MARKET_CAP":6731555712,"PE_TTM":7.012704583171,"PB_TTM":0.856564277005,"REPORT_DATE_SQ":"2023-06-30 00:00:00","REPORT_TYPE_SQ":"2023年中报","OPERATE_INCOME_SQ":59053025000,"DPS_HKD":0.25244,"OPERATE_INCOME_QOQ_SQ":9.53899741676,"NET_PROFIT_RATIO_SQ":5.1427086081,"HOLDER_PROFIT_SQ":2876840000,"HOLDER_PROFIT_QOQ_SQ":4177.72401026274,"ROE_AVG_SQ":4.355324466442,"PE_TTM_SQ":31.783314718041,"PB_TTM_SQ":0.90162740689,"ROA_SQ":1.261006413205,"START_DATE":"2024-01-01 00:00:00","FISCAL_YEAR":"12-31","CURRENCY":"HKD","IS_CNY_CODE":0,"DPS_HKD_LY":0.25244,"ORG_TYPE":"一般企业","PREMIUM_INCOME":null,"PREMIUM_INCOME_YOY":null,"NET_INTEREST_INCOME":null,"NET_INTEREST_INCOME_YOY":null,"FEE_COMMISSION_INCOME":null,"FEE_COMMISSION_INCOME_YOY":null,"ACCOUNTS_RECE_TDAYS":4.677340091403,"INVENTORY_TDAYS":7.299483826583,"CURRENT_ASSETS_TDAYS":1.830732637224,"TOTAL_ASSETS_TDAYS":0.234014279109,"PREMIUM_EXPENSE":null,"LOAN_DEPOSIT":null,"LOAN_EQUITY":null,"LOAN_ASSETS":null,"DEPOSIT_EQUITY":null,"DEPOSIT_ASSETS":null,"EQUITY_MULTIPLIER":2.549500186898,"EQUITY_RATIO":1.859782511794},{"SECUCODE":"01071.HK","SECURITY_CODE":"01071","SECURITY_NAME_ABBR":"华电国际电力股份","ORG_CODE":"10007284","STD_REPORT_DATE":"2023-12-31 00:00:00","REPORT_DATE":"2023-12-31 00:00:00","DATE_TYPE_CODE":"001","REPORT_TYPE":"2023年年报","PER_NETCASH_OPERATE":0.924942699142,"PER_OI":11.378672049635,"BPS":4.007079446122,"BASIC_EPS":0.355,"DILUTED_EPS":0.353,"OPERATE_INCOME":116376064000,"OPERATE_INCOME_YOY":9.8298335946,"GROSS_PROFIT":31180730000,"GROSS_PROFIT_YOY":42.595047457932,"HOLDER_PROFIT":4601094000,"HOLDER_PROFIT_YOY":32226.0578131546,"GROSS_PROFIT_RATIO":26.793078342983,"EPS_TTM":0.449872060423,"OPERATE_INCOME_QOQ":0.265509256724,"NET_PROFIT_RATIO":4.1833731376,"ROE_AVG":6.916467866748,"GROSS_PROFIT_QOQ":20.889241683185,"ROA":2.030138128354,"HOLDER_PROFIT_QOQ":266.454014584588,"ROE_YEARLY":6.916467866748,"ROIC_YEARLY":2.210263026831,"TOTAL_ASSETS":226476498000,"TOTAL_LIABILITIES":140574223000,"TAX_EBT":16.674853509708,"OCF_SALES":8.128740288037,"TOTAL_PARENT_EQUITY":71638659000,"DEBT_ASSET_RATIO":62.0701151075,"OPERATE_PROFIT":4100870000,"PRETAX_PROFIT":5842708000,"NETCASH_OPERATE":9459908000,"NETCASH_INVEST":-9293527000,"NETCASH_FINANCE":-903719000,"END_CASH":5170277000,"DIVI_RATIO":0.509773915688,"DIVIDEND_RATE":6.660686015831,"CURRENT_RATIO":0.452266193089,"COMMON_ACS":null,"CURRENTDEBT_DEBT":44.956084871975,"ISSUED_COMMON_SHARES":10227561133,"HK_COMMON_SHARES":1717233600,"PER_SHARES":2000,"TOTAL_MARKET_CAP":38762456694.07,"HKSK_MARKET_CAP":6508315344,"PE_TTM":6.780140400566,"PB_TTM":0.828157808635,"REPORT_DATE_SQ":"2022-12-31 00:00:00","REPORT_TYPE_SQ":"2022年年报","OPERATE_INCOME_SQ":105960339000,"DPS_HKD":0.25244,"OPERATE_INCOME_QOQ_SQ":9.035578454737,"NET_PROFIT_RATIO_SQ":-0.8702369289,"HOLDER_PROFIT_SQ":-14322000,"HOLDER_PROFIT_QOQ_SQ":99.389099581074,"ROE_AVG_SQ":-0.049177085966,"PE_TTM_SQ":27.695696814671,"PB_TTM_SQ":0.785670076345,"ROA_SQ":-0.013709613385,"START_DATE":"2023-01-01 00:00:00","FISCAL_YEAR":"12-31","CURRENCY":"HKD","IS_CNY_CODE":0,"DPS_HKD_LY":0.22156,"ORG_TYPE":"一般企业","PREMIUM_INCOME":null,"PREMIUM_INCOME_YOY":null,"NET_INTEREST_INCOME":null,"NET_INTEREST_INCOME_YOY":null,"FEE_COMMISSION_INCOME":null,"FEE_COMMISSION_INCOME_YOY":null,"ACCOUNTS_RECE_TDAYS":9.413188146294,"INVENTORY_TDAYS":20.193341449826,"CURRENT_ASSETS_TDAYS":4.0260098442,"TOTAL_ASSETS_TDAYS":0.513485455316,"PREMIUM_EXPENSE":null,"LOAN_DEPOSIT":null,"LOAN_EQUITY":null,"LOAN_ASSETS":null,"DEPOSIT_EQUITY":null,"DEPOSIT_ASSETS":null,"EQUITY_MULTIPLIER":2.636443540059,"EQUITY_RATIO":1.962267649371},{"SECUCODE":"01071.HK","SECURITY_CODE":"01071","SECURITY_NAME_ABBR":"华电国际电力股份","ORG_CODE":"10007284","STD_REPORT_DATE":"2023-06-30 00:00:00","REPORT_DATE":"2023-06-30 00:00:00","DATE_TYPE_CODE":"002","REPORT_TYPE":"2023年中报","PER_NETCASH_OPERATE":0.171178248385,"PER_OI":5.773910733172,"BPS":3.896003796197,"BASIC_EPS":0.239,"DILUTED_EPS":0.236,"OPERATE_INCOME":59053025000,"OPERATE_INCOME_YOY":20.6506420175,"GROSS_PROFIT":14099249000,"GROSS_PROFIT_YOY":38.59384630205,"HOLDER_PROFIT":2876840000,"HOLDER_PROFIT_YOY":80.8790696124,"GROSS_PROFIT_RATIO":23.875574536614,"EPS_TTM":0.122763578107,"OPERATE_INCOME_QOQ":9.53899741676,"NET_PROFIT_RATIO":5.1427086081,"ROE_AVG":4.355324466442,"GROSS_PROFIT_QOQ":17.955117819029,"ROA":1.261006413205,"HOLDER_PROFIT_QOQ":4177.72401026274,"ROE_YEARLY":8.710648932884,"ROIC_YEARLY":2.737431881036,"TOTAL_ASSETS":229474410000,"TOTAL_LIABILITIES":146898866000,"TAX_EBT":13.001286249166,"OCF_SALES":2.964684704975,"TOTAL_PARENT_EQUITY":70697958000,"DEBT_ASSET_RATIO":64.015358401,"OPERATE_PROFIT":2186102000,"PRETAX_PROFIT":3490770000,"NETCASH_OPERATE":1750736000,"NETCASH_INVEST":-4041078000,"NETCASH_FINANCE":2905349000,"END_CASH":6522622000,"DIVI_RATIO":1.868086979342,"DIVIDEND_RATE":6.660686015831,"CURRENT_RATIO":0.575328672171,"COMMON_ACS":null,"CURRENTDEBT_DEBT":38.426930402581,"ISSUED_COMMON_SHARES":10227561133,"HK_COMMON_SHARES":1717233600,"PER_SHARES":2000,"TOTAL_MARKET_CAP":38762456694.07,"HKSK_MARKET_CAP":6508315344,"PE_TTM":6.780140400566,"PB_TTM":0.828157808635,"REPORT_DATE_SQ":"2022-06-30 00:00:00","REPORT_TYPE_SQ":"2022年中报","OPERATE_INCOME_SQ":48945471000,"DPS_HKD":0.25244,"OPERATE_INCOME_QOQ_SQ":-3.766902554586,"NET_PROFIT_RATIO_SQ":2.6054218581,"HOLDER_PROFIT_SQ":1590477000,"HOLDER_PROFIT_QOQ_SQ":-50.816641142891,"ROE_AVG_SQ":2.485832912917,"PE_TTM_SQ":27.695696814671,"PB_TTM_SQ":0.785670076345,"ROA_SQ":0.714212531345,"START_DATE":"2023-01-01 00:00:00","FISCAL_YEAR":"12-31","CURRENCY":"HKD","IS_CNY_CODE":0,"DPS_HKD_LY":0.22156,"ORG_TYPE":"一般企业","PREMIUM_INCOME":null,"PREMIUM_INCOME_YOY":null,"NET_INTEREST_INCOME":null,"NET_INTEREST_INCOME_YOY":null,"FEE_COMMISSION_INCOME":null,"FEE_COMMISSION_INCOME_YOY":null,"ACCOUNTS_RECE_TDAYS":4.596081731659,"INVENTORY_TDAYS":9.237286364599,"CURRENT_ASSETS_TDAYS":1.913982481556,"TOTAL_ASSETS_TDAYS":0.258847357671,"PREMIUM_EXPENSE":null,"LOAN_DEPOSIT":null,"LOAN_EQUITY":null,"LOAN_ASSETS":null,"DEPOSIT_EQUITY":null,"DEPOSIT_ASSETS":null,"EQUITY_MULTIPLIER":2.778963345373,"EQUITY_RATIO":2.077837467385},{"SECUCODE":"01071.HK","SECURITY_CODE":"01071","SECURITY_NAME_ABBR":"华电国际电力股份","ORG_CODE":"10007284","STD_REPORT_DATE":"2022-12-31 00:00:00","REPORT_DATE":"2022-12-31 00:00:00","DATE_TYPE_CODE":"001","REPORT_TYPE":"2022年年报","PER_NETCASH_OPERATE":0.549063409215,"PER_OI":10.735750878261,"BPS":3.708053025235,"BASIC_EPS":-0.093,"DILUTED_EPS":-0.093,"OPERATE_INCOME":105960339000,"OPERATE_INCOME_YOY":4.7361038191,"GROSS_PROFIT":21866629000,"GROSS_PROFIT_YOY":44.550275553845,"HOLDER_PROFIT":-14322000,"HOLDER_PROFIT_YOY":99.0543197205,"GROSS_PROFIT_RATIO":20.636616687306,"EPS_TTM":-0.003119700337,"OPERATE_INCOME_QOQ":9.035578454737,"NET_PROFIT_RATIO":-0.8702369289,"ROE_AVG":-0.049177085966,"GROSS_PROFIT_QOQ":129.290391503183,"ROA":-0.013709613385,"HOLDER_PROFIT_QOQ":99.389099581074,"ROE_YEARLY":-0.049177085966,"ROIC_YEARLY":-0.014904498714,"TOTAL_ASSETS":226800532000,"TOTAL_LIABILITIES":153794092000,"TAX_EBT":41.081586828782,"OCF_SALES":5.114345660974,"TOTAL_PARENT_EQUITY":61408847000,"DEBT_ASSET_RATIO":67.8006472533,"OPERATE_PROFIT":-4183994000,"PRETAX_PROFIT":-1536927000,"NETCASH_OPERATE":5419178000,"NETCASH_INVEST":-8508993000,"NETCASH_FINANCE":3052363000,"END_CASH":5907615000,"DIVI_RATIO":-73.51124051121,"DIVIDEND_RATE":6.660686015831,"CURRENT_RATIO":0.463299356921,"COMMON_ACS":null,"CURRENTDEBT_DEBT":41.023558954397,"ISSUED_COMMON_SHARES":10227561133,"HK_COMMON_SHARES":1717233600,"PER_SHARES":2000,"TOTAL_MARKET_CAP":38762456694.07,"HKSK_MARKET_CAP":6508315344,"PE_TTM":6.780140400566,"PB_TTM":0.828157808635,"REPORT_DATE_SQ":"2021-12-31 00:00:00","REPORT_TYPE_SQ":"2021年年报","OPERATE_INCOME_SQ":101168876000,"DPS_HKD":0.25244,"OPERATE_INCOME_QOQ_SQ":-0.069451168727,"NET_PROFIT_RATIO_SQ":-5.1650876769,"HOLDER_PROFIT_SQ":-3255963000,"HOLDER_PROFIT_QOQ_SQ":-166.078272923718,"ROE_AVG_SQ":-4.884018620224,"PE_TTM_SQ":27.695696814671,"PB_TTM_SQ":0.785670076345,"ROA_SQ":-1.4559571473,"START_DATE":"2022-01-01 00:00:00","FISCAL_YEAR":"12-31","CURRENCY":"HKD","IS_CNY_CODE":0,"DPS_HKD_LY":0.29293,"ORG_TYPE":"一般企业","PREMIUM_INCOME":null,"PREMIUM_INCOME_YOY":null,"NET_INTEREST_INCOME":null,"NET_INTEREST_INCOME_YOY":null,"FEE_COMMISSION_INCOME":null,"FEE_COMMISSION_INCOME_YOY":null,"ACCOUNTS_RECE_TDAYS":9.786338210278,"INVENTORY_TDAYS":16.704695701507,"CURRENT_ASSETS_TDAYS":3.602609476342,"TOTAL_ASSETS_TDAYS":0.471785678212,"PREMIUM_EXPENSE":null,"LOAN_DEPOSIT":null,"LOAN_EQUITY":null,"LOAN_ASSETS":null,"DEPOSIT_EQUITY":null,"DEPOSIT_ASSETS":null,"EQUITY_MULTIPLIER":3.105652488939,"EQUITY_RATIO":2.504428913964},{"SECUCODE":"01071.HK","SECURITY_CODE":"01071","SECURITY_NAME_ABBR":"华电国际电力股份","ORG_CODE":"10007284","STD_REPORT_DATE":"2022-06-30 00:00:00","REPORT_DATE":"2022-06-30 00:00:00","DATE_TYPE_CODE":"002","REPORT_TYPE":"2022年中报","PER_NETCASH_OPERATE":0.281915802577,"PER_OI":4.959085524209,"BPS":3.908851042797,"BASIC_EPS":0.115,"DILUTED_EPS":0.113,"OPERATE_INCOME":48945471000,"OPERATE_INCOME_YOY":-7.211362293,"GROSS_PROFIT":10173070000,"GROSS_PROFIT_YOY":-35.597400743414,"HOLDER_PROFIT":1590477000,"HOLDER_PROFIT_YOY":-51.811877953,"GROSS_PROFIT_RATIO":20.784497098823,"EPS_TTM":-0.510672482847,"OPERATE_INCOME_QOQ":-3.766902554586,"NET_PROFIT_RATIO":2.6054218581,"ROE_AVG":2.485832912917,"GROSS_PROFIT_QOQ":-37.091815780825,"ROA":0.714212531345,"HOLDER_PROFIT_QOQ":-50.816641142891,"ROE_YEARLY":4.971665825835,"ROIC_YEARLY":1.556133669435,"TOTAL_ASSETS":219920399000,"TOTAL_LIABILITIES":144387914000,"TAX_EBT":-13.491382960705,"OCF_SALES":5.684834455878,"TOTAL_PARENT_EQUITY":63286028000,"DEBT_ASSET_RATIO":65.6546253356,"OPERATE_PROFIT":-872236000,"PRETAX_PROFIT":1133568000,"NETCASH_OPERATE":2782469000,"NETCASH_INVEST":-2811616000,"NETCASH_FINANCE":-368436000,"END_CASH":5547484000,"DIVI_RATIO":-0.449080476241,"DIVIDEND_RATE":6.660686015831,"CURRENT_RATIO":0.45495351183,"COMMON_ACS":null,"CURRENTDEBT_DEBT":40.980926561485,"ISSUED_COMMON_SHARES":10227561133,"HK_COMMON_SHARES":1717233600,"PER_SHARES":2000,"TOTAL_MARKET_CAP":38762456694.07,"HKSK_MARKET_CAP":6508315344,"PE_TTM":6.780140400566,"PB_TTM":0.828157808635,"REPORT_DATE_SQ":"2021-06-30 00:00:00","REPORT_TYPE_SQ":"2021年中报","OPERATE_INCOME_SQ":52749423000,"DPS_HKD":0.25244,"OPERATE_INCOME_QOQ_SQ":13.057953804091,"NET_PROFIT_RATIO_SQ":7.4125079745,"HOLDER_PROFIT_SQ":3277787000,"HOLDER_PROFIT_QOQ_SQ":21.380061611479,"ROE_AVG_SQ":4.515652637056,"PE_TTM_SQ":27.695696814671,"PB_TTM_SQ":0.785670076345,"ROA_SQ":1.469056507312,"START_DATE":"2022-01-01 00:00:00","FISCAL_YEAR":"12-31","CURRENCY":"HKD","IS_CNY_CODE":0,"DPS_HKD_LY":0.29293,"ORG_TYPE":"一般企业","PREMIUM_INCOME":null,"PREMIUM_INCOME_YOY":null,"NET_INTEREST_INCOME":null,"NET_INTEREST_INCOME_YOY":null,"FEE_COMMISSION_INCOME":null,"FEE_COMMISSION_INCOME_YOY":null,"ACCOUNTS_RECE_TDAYS":4.837612751763,"INVENTORY_TDAYS":7.090738180236,"CURRENT_ASSETS_TDAYS":1.732150619744,"TOTAL_ASSETS_TDAYS":0.221319279602,"PREMIUM_EXPENSE":null,"LOAN_DEPOSIT":null,"LOAN_EQUITY":null,"LOAN_ASSETS":null,"DEPOSIT_EQUITY":null,"DEPOSIT_ASSETS":null,"EQUITY_MULTIPLIER":2.911600207514,"EQUITY_RATIO":2.281513290738},{"SECUCODE":"01071.HK","SECURITY_CODE":"01071","SECURITY_NAME_ABBR":"华电国际电力股份","ORG_CODE":"10007284","STD_REPORT_DATE":"2021-12-31 00:00:00","REPORT_DATE":"2021-12-31 00:00:00","DATE_TYPE_CODE":"001","REPORT_TYPE":"2021年年报","PER_NETCASH_OPERATE":-1.086206383766,"PER_OI":10.250286660273,"BPS":4.03175962126,"BASIC_EPS":-0.434,"DILUTED_EPS":-0.434,"OPERATE_INCOME":101168876000,"OPERATE_INCOME_YOY":12.9794337338,"GROSS_PROFIT":15127352000,"GROSS_PROFIT_YOY":-58.585187728042,"HOLDER_PROFIT":-3255963000,"HOLDER_PROFIT_YOY":-180.2058483866,"GROSS_PROFIT_RATIO":15.011987298684,"EPS_TTM":-0.338604864143,"OPERATE_INCOME_QOQ":-0.069451168727,"NET_PROFIT_RATIO":-5.1650876769,"ROE_AVG":-4.884018620224,"GROSS_PROFIT_QOQ":-56.523171351321,"ROA":-1.4559571473,"HOLDER_PROFIT_QOQ":-166.078272923718,"ROE_YEARLY":-4.884018620224,"ROIC_YEARLY":-1.619077102042,"TOTAL_ASSETS":222464187000,"TOTAL_LIABILITIES":146117473000,"TAX_EBT":25.674260292712,"OCF_SALES":-10.616286303734,"TOTAL_PARENT_EQUITY":63794436000,"DEBT_ASSET_RATIO":65.7044274515,"OPERATE_PROFIT":-14441483000,"PRETAX_PROFIT":-6912464000,"NETCASH_OPERATE":-10771559000,"NETCASH_INVEST":-13739784000,"NETCASH_FINANCE":23958006000,"END_CASH":5945067000,"DIVI_RATIO":-0.677288090295,"DIVIDEND_RATE":6.660686015831,"CURRENT_RATIO":0.45069294345,"COMMON_ACS":null,"CURRENTDEBT_DEBT":44.938454417426,"ISSUED_COMMON_SHARES":10227561133,"HK_COMMON_SHARES":1717233600,"PER_SHARES":2000,"TOTAL_MARKET_CAP":38762456694.07,"HKSK_MARKET_CAP":6508315344,"PE_TTM":6.780140400566,"PB_TTM":0.828157808635,"REPORT_DATE_SQ":"2020-12-31 00:00:00","REPORT_TYPE_SQ":"2020年年报","OPERATE_INCOME_SQ":89382243000,"DPS_HKD":0.25244,"OPERATE_INCOME_QOQ_SQ":-0.056075878457,"NET_PROFIT_RATIO_SQ":6.3498417689,"HOLDER_PROFIT_SQ":4166756000,"HOLDER_PROFIT_QOQ_SQ":0.189522452472,"ROE_AVG_SQ":6.1389982264,"PE_TTM_SQ":27.695696814671,"PB_TTM_SQ":0.785670076345,"ROA_SQ":1.777416652375,"START_DATE":"2021-01-01 00:00:00","FISCAL_YEAR":"12-31","CURRENCY":"HKD","IS_CNY_CODE":0,"DPS_HKD_LY":0.300129,"ORG_TYPE":"一般企业","PREMIUM_INCOME":null,"PREMIUM_INCOME_YOY":null,"NET_INTEREST_INCOME":null,"NET_INTEREST_INCOME_YOY":null,"FEE_COMMISSION_INCOME":null,"FEE_COMMISSION_INCOME_YOY":null,"ACCOUNTS_RECE_TDAYS":9.64214547888,"INVENTORY_TDAYS":20.2445879098,"CURRENT_ASSETS_TDAYS":3.709192562196,"TOTAL_ASSETS_TDAYS":0.439941700147,"PREMIUM_EXPENSE":null,"LOAN_DEPOSIT":null,"LOAN_EQUITY":null,"LOAN_ASSETS":null,"DEPOSIT_EQUITY":null,"DEPOSIT_ASSETS":null,"EQUITY_MULTIPLIER":2.915828270794,"EQUITY_RATIO":2.290442273053},{"SECUCODE":"01071.HK","SECURITY_CODE":"01071","SECURITY_NAME_ABBR":"华电国际电力股份","ORG_CODE":"10007284","STD_REPORT_DATE":"2021-06-30 00:00:00","REPORT_DATE":"2021-06-30 00:00:00","DATE_TYPE_CODE":"002","REPORT_TYPE":"2021年中报","PER_NETCASH_OPERATE":0.430233807631,"PER_OI":5.348225475517,"BPS":4.758741440612,"BASIC_EPS":0.279,"DILUTED_EPS":0.279,"OPERATE_INCOME":52749423000,"OPERATE_INCOME_YOY":28.5067921268,"GROSS_PROFIT":15796055000,"GROSS_PROFIT_YOY":-9.628201669836,"HOLDER_PROFIT":3277787000,"HOLDER_PROFIT_YOY":36.9429406142,"GROSS_PROFIT_RATIO":30.069468896482,"EPS_TTM":0.51278748576,"OPERATE_INCOME_QOQ":13.057953804091,"NET_PROFIT_RATIO":7.4125079745,"ROE_AVG":4.515652637056,"GROSS_PROFIT_QOQ":-4.53948837977,"ROA":1.469056507312,"HOLDER_PROFIT_QOQ":21.380061611479,"ROE_YEARLY":9.031305274112,"ROIC_YEARLY":3.33053010598,"TOTAL_ASSETS":212888776000,"TOTAL_LIABILITIES":122835277000,"TAX_EBT":14.824011321227,"OCF_SALES":8.06507534125,"TOTAL_PARENT_EQUITY":73114339000,"DEBT_ASSET_RATIO":57.699273446,"OPERATE_PROFIT":2915962000,"PRETAX_PROFIT":4550037000,"NETCASH_OPERATE":4243386000,"NETCASH_INVEST":-8191411000,"NETCASH_FINANCE":5803248000,"END_CASH":8353680000,"DIVI_RATIO":0.447228234246,"DIVIDEND_RATE":6.660686015831,"CURRENT_RATIO":0.478256380337,"COMMON_ACS":null,"CURRENTDEBT_DEBT":48.419071013289,"ISSUED_COMMON_SHARES":10227561133,"HK_COMMON_SHARES":1717233600,"PER_SHARES":2000,"TOTAL_MARKET_CAP":38762456694.07,"HKSK_MARKET_CAP":6508315344,"PE_TTM":6.780140400566,"PB_TTM":0.828157808635,"REPORT_DATE_SQ":"2020-06-30 00:00:00","REPORT_TYPE_SQ":"2020年中报","OPERATE_INCOME_SQ":40942846000,"DPS_HKD":0.25244,"OPERATE_INCOME_QOQ_SQ":-2.529167989966,"NET_PROFIT_RATIO_SQ":7.7235422276,"HOLDER_PROFIT_SQ":2411435000,"HOLDER_PROFIT_QOQ_SQ":22.85010238311,"ROE_AVG_SQ":3.688021436952,"PE_TTM_SQ":27.695696814671,"PB_TTM_SQ":0.785670076345,"ROA_SQ":1.043537330236,"START_DATE":"2021-01-01 00:00:00","FISCAL_YEAR":"12-31","CURRENCY":"HKD","IS_CNY_CODE":0,"DPS_HKD_LY":0.300129,"ORG_TYPE":"一般企业","PREMIUM_INCOME":null,"PREMIUM_INCOME_YOY":null,"NET_INTEREST_INCOME":null,"NET_INTEREST_INCOME_YOY":null,"FEE_COMMISSION_INCOME":null,"FEE_COMMISSION_INCOME_YOY":null,"ACCOUNTS_RECE_TDAYS":5.351832071369,"INVENTORY_TDAYS":13.64589169252,"CURRENT_ASSETS_TDAYS":1.974225850489,"TOTAL_ASSETS_TDAYS":0.234060108642,"PREMIUM_EXPENSE":null,"LOAN_DEPOSIT":null,"LOAN_EQUITY":null,"LOAN_ASSETS":null,"DEPOSIT_EQUITY":null,"DEPOSIT_ASSETS":null,"EQUITY_MULTIPLIER":2.364025588836,"EQUITY_RATIO":1.680043595826},{"SECUCODE":"01071.HK","SECURITY_CODE":"01071","SECURITY_NAME_ABBR":"华电国际电力股份","ORG_CODE":"10007284","STD_REPORT_DATE":"2020-12-31 00:00:00","REPORT_DATE":"2020-12-31 00:00:00","DATE_TYPE_CODE":"001","REPORT_TYPE":"2020年年报","PER_NETCASH_OPERATE":2.056740243203,"PER_OI":9.062400342681,"BPS":4.74210668304,"BASIC_EPS":0.329,"DILUTED_EPS":0.329,"OPERATE_INCOME":89382243000,"OPERATE_INCOME_YOY":-2.5838256153,"GROSS_PROFIT":36526429000,"GROSS_PROFIT_YOY":5.285405967093,"HOLDER_PROFIT":4166756000,"HOLDER_PROFIT_YOY":23.08293091,"GROSS_PROFIT_RATIO":40.865419991754,"EPS_TTM":0.422464347894,"OPERATE_INCOME_QOQ":-0.056075878457,"NET_PROFIT_RATIO":6.3498417689,"ROE_AVG":6.1389982264,"GROSS_PROFIT_QOQ":1.529594336691,"ROA":1.777416652375,"HOLDER_PROFIT_QOQ":0.189522452472,"ROE_YEARLY":6.1389982264,"ROIC_YEARLY":2.00018231671,"TOTAL_ASSETS":236690935000,"TOTAL_LIABILITIES":142297826000,"TAX_EBT":17.647003344393,"OCF_SALES":22.695314325464,"TOTAL_PARENT_EQUITY":73145361000,"DEBT_ASSET_RATIO":60.1196771647,"OPERATE_PROFIT":8790151000,"PRETAX_PROFIT":6891833000,"NETCASH_OPERATE":20285581000,"NETCASH_INVEST":-18050882000,"NETCASH_FINANCE":-2201802000,"END_CASH":6498457000,"DIVI_RATIO":0.542845906272,"DIVIDEND_RATE":6.522997416021,"CURRENT_RATIO":0.420261511097,"COMMON_ACS":null,"CURRENTDEBT_DEBT":41.564625871375,"ISSUED_COMMON_SHARES":10227561133,"HK_COMMON_SHARES":1717233600,"PER_SHARES":2000,"TOTAL_MARKET_CAP":39580661584.71,"HKSK_MARKET_CAP":6645694032,"PE_TTM":6.923256820631,"PB_TTM":0.845638712248,"REPORT_DATE_SQ":"2019-12-31 00:00:00","REPORT_TYPE_SQ":"2019年年报","OPERATE_INCOME_SQ":91752980000,"DPS_HKD":0.25244,"OPERATE_INCOME_QOQ_SQ":2.584558319954,"NET_PROFIT_RATIO_SQ":4.7134185723,"HOLDER_PROFIT_SQ":3385324000,"HOLDER_PROFIT_QOQ_SQ":65.759637743358,"ROE_AVG_SQ":5.85023720139,"PE_TTM_SQ":27.862538361747,"PB_TTM_SQ":0.790403028613,"ROA_SQ":1.472967190679,"START_DATE":"2020-01-01 00:00:00","FISCAL_YEAR":"12-31","CURRENCY":"HKD","IS_CNY_CODE":0,"DPS_HKD_LY":0.16,"ORG_TYPE":"一般企业","PREMIUM_INCOME":null,"PREMIUM_INCOME_YOY":null,"NET_INTEREST_INCOME":null,"NET_INTEREST_INCOME_YOY":null,"FEE_COMMISSION_INCOME":null,"FEE_COMMISSION_INCOME_YOY":null,"ACCOUNTS_RECE_TDAYS":7.454320021573,"INVENTORY_TDAYS":18.976206777333,"CURRENT_ASSETS_TDAYS":3.474071264092,"TOTAL_ASSETS_TDAYS":0.38127859451,"PREMIUM_EXPENSE":null,"LOAN_DEPOSIT":null,"LOAN_EQUITY":null,"LOAN_ASSETS":null,"DEPOSIT_EQUITY":null,"DEPOSIT_ASSETS":null,"EQUITY_MULTIPLIER":2.507502269051,"EQUITY_RATIO":1.945411493697},{"SECUCODE":"01071.HK","SECURITY_CODE":"01071","SECURITY_NAME_ABBR":"华电国际电力股份","ORG_CODE":"10007284","STD_REPORT_DATE":"2020-06-30 00:00:00","REPORT_DATE":"2020-06-30 00:00:00","DATE_TYPE_CODE":"002","REPORT_TYPE":"2020年中报","PER_NETCASH_OPERATE":0.889234184422,"PER_OI":4.151165255729,"BPS":4.617279758674,"BASIC_EPS":0.2,"DILUTED_EPS":null,"OPERATE_INCOME":40942846000,"OPERATE_INCOME_YOY":-5.3638531182,"GROSS_PROFIT":17478965000,"GROSS_PROFIT_YOY":7.924158413396,"HOLDER_PROFIT":2411435000,"HOLDER_PROFIT_YOY":47.2285905299,"GROSS_PROFIT_RATIO":42.691133391167,"EPS_TTM":0.42166519767,"OPERATE_INCOME_QOQ":-2.529167989966,"NET_PROFIT_RATIO":7.7235422276,"ROE_AVG":3.688021436952,"GROSS_PROFIT_QOQ":3.699228441657,"ROA":1.043537330236,"HOLDER_PROFIT_QOQ":22.85010238311,"ROE_YEARLY":7.376042873904,"ROIC_YEARLY":2.350050494313,"TOTAL_ASSETS":230001191000,"TOTAL_LIABILITIES":140629895000,"TAX_EBT":20.310659196962,"OCF_SALES":21.421314971607,"TOTAL_PARENT_EQUITY":68169465000,"DEBT_ASSET_RATIO":61.1431159937,"OPERATE_PROFIT":5182313000,"PRETAX_PROFIT":3968207000,"NETCASH_OPERATE":8770496000,"NETCASH_INVEST":-6191443000,"NETCASH_FINANCE":-3000565000,"END_CASH":6044048000,"DIVI_RATIO":0.543874721147,"DIVIDEND_RATE":6.522997416021,"CURRENT_RATIO":0.444574694673,"COMMON_ACS":null,"CURRENTDEBT_DEBT":40.638460975883,"ISSUED_COMMON_SHARES":10227561133,"HK_COMMON_SHARES":1717233600,"PER_SHARES":2000,"TOTAL_MARKET_CAP":39580661584.71,"HKSK_MARKET_CAP":6645694032,"PE_TTM":6.923256820631,"PB_TTM":0.845638712248,"REPORT_DATE_SQ":"2019-06-30 00:00:00","REPORT_TYPE_SQ":"2019年中报","OPERATE_INCOME_SQ":43263433000,"DPS_HKD":0.25244,"OPERATE_INCOME_QOQ_SQ":2.312871723763,"NET_PROFIT_RATIO_SQ":4.8552619484,"HOLDER_PROFIT_SQ":1637885000,"HOLDER_PROFIT_QOQ_SQ":41.264311049874,"ROE_AVG_SQ":2.978900681916,"PE_TTM_SQ":27.862538361747,"PB_TTM_SQ":0.790403028613,"ROA_SQ":0.717106493676,"START_DATE":"2020-01-01 00:00:00","FISCAL_YEAR":"12-31","CURRENCY":"HKD","IS_CNY_CODE":0,"DPS_HKD_LY":0.16,"ORG_TYPE":"一般企业","PREMIUM_INCOME":null,"PREMIUM_INCOME_YOY":null,"NET_INTEREST_INCOME":null,"NET_INTEREST_INCOME_YOY":null,"FEE_COMMISSION_INCOME":null,"FEE_COMMISSION_INCOME_YOY":null,"ACCOUNTS_RECE_TDAYS":3.404816141066,"INVENTORY_TDAYS":7.420095297352,"CURRENT_ASSETS_TDAYS":1.574496725801,"TOTAL_ASSETS_TDAYS":0.17717827023,"PREMIUM_EXPENSE":null,"LOAN_DEPOSIT":null,"LOAN_EQUITY":null,"LOAN_ASSETS":null,"DEPOSIT_EQUITY":null,"DEPOSIT_ASSETS":null,"EQUITY_MULTIPLIER":2.573546555709,"EQUITY_RATIO":2.062945557809}],"count":54},"success":true,"message":"ok","code":0}