{"version":"b319528d0273c13d2799614c1468bf10","result":{"pages":9,"data":[{"SECUCODE":"01072.HK","SECURITY_CODE":"01072","SECURITY_NAME_ABBR":"东方电气","ORG_CODE":"10004319","STD_REPORT_DATE":"2024-09-30 00:00:00","REPORT_DATE":"2024-09-30 00:00:00","DATE_TYPE_CODE":"004","REPORT_TYPE":"2024年三季报","PER_NETCASH_OPERATE":1.938554764865,"PER_OI":15.084336778273,"BPS":12.340890713063,"BASIC_EPS":0.84,"DILUTED_EPS":0.84,"OPERATE_INCOME":47025411715.47,"OPERATE_INCOME_YOY":7.0693711175,"GROSS_PROFIT":7403264689.71,"GROSS_PROFIT_YOY":-3.145735552424,"HOLDER_PROFIT":2624741556.01,"HOLDER_PROFIT_YOY":-9.8592082199,"GROSS_PROFIT_RATIO":15.743115093822,"EPS_TTM":1.046771873484,"OPERATE_INCOME_QOQ":-0.756305428003,"NET_PROFIT_RATIO":5.8828799218,"ROE_AVG":6.932994233413,"GROSS_PROFIT_QOQ":-1.792161744374,"ROA":2.020336557655,"HOLDER_PROFIT_QOQ":0.728826542289,"ROE_YEARLY":9.243992311217,"ROIC_YEARLY":2.389765160723,"TOTAL_ASSETS":138723736913.9,"TOTAL_LIABILITIES":96186302908.05,"TAX_EBT":11.90247909666,"OCF_SALES":12.851441819151,"TOTAL_PARENT_EQUITY":38472506179.87,"DEBT_ASSET_RATIO":69.3365858272,"OPERATE_PROFIT":2392369442.7,"PRETAX_PROFIT":3140211524.21,"NETCASH_OPERATE":6043443426.83,"NETCASH_INVEST":-9524054110.42,"NETCASH_FINANCE":168169976.22,"END_CASH":10818212490.02,"DIVI_RATIO":0.451147448783,"DIVIDEND_RATE":5.180109343936,"CURRENT_RATIO":0.965239290767,"COMMON_ACS":null,"CURRENTDEBT_DEBT":89.601654192135,"ISSUED_COMMON_SHARES":3117482123,"HK_COMMON_SHARES":340000000,"PER_SHARES":200,"TOTAL_MARKET_CAP":31361870157.38,"HKSK_MARKET_CAP":3420400000,"PE_TTM":8.580081078895,"PB_TTM":0.735117716454,"REPORT_DATE_SQ":"2023-09-30 00:00:00","REPORT_TYPE_SQ":"2023年三季报","OPERATE_INCOME_SQ":43920508007.72,"DPS_HKD":0.521119,"OPERATE_INCOME_QOQ_SQ":3.981077018712,"NET_PROFIT_RATIO_SQ":6.9249326957,"HOLDER_PROFIT_SQ":2911824385.14,"HOLDER_PROFIT_QOQ_SQ":5.961452402248,"ROE_AVG_SQ":8.121753587689,"PE_TTM_SQ":6.626791190856,"PB_TTM_SQ":0.597084372699,"ROA_SQ":2.399809680171,"START_DATE":"2024-01-01 00:00:00","FISCAL_YEAR":"12-31","CURRENCY":"HKD","IS_CNY_CODE":0,"DPS_HKD_LY":0.521119,"ORG_TYPE":"一般企业","PREMIUM_INCOME":null,"PREMIUM_INCOME_YOY":null,"NET_INTEREST_INCOME":null,"NET_INTEREST_INCOME_YOY":null,"FEE_COMMISSION_INCOME":null,"FEE_COMMISSION_INCOME_YOY":null,"ACCOUNTS_RECE_TDAYS":3.311454547317,"INVENTORY_TDAYS":1.961901346809,"CURRENT_ASSETS_TDAYS":0.591968786657,"TOTAL_ASSETS_TDAYS":0.361967669579,"PREMIUM_EXPENSE":null,"LOAN_DEPOSIT":null,"LOAN_EQUITY":null,"LOAN_ASSETS":null,"DEPOSIT_EQUITY":null,"DEPOSIT_ASSETS":null,"EQUITY_MULTIPLIER":3.261215448367,"EQUITY_RATIO":2.50013093658},{"SECUCODE":"01072.HK","SECURITY_CODE":"01072","SECURITY_NAME_ABBR":"东方电气","ORG_CODE":"10004319","STD_REPORT_DATE":"2024-06-30 00:00:00","REPORT_DATE":"2024-06-30 00:00:00","DATE_TYPE_CODE":"002","REPORT_TYPE":"2024年中报","PER_NETCASH_OPERATE":1.303831900315,"PER_OI":10.562464078687,"BPS":12.005958796201,"BASIC_EPS":0.54,"DILUTED_EPS":0.54,"OPERATE_INCOME":32928476029.89,"OPERATE_INCOME_YOY":12.2078190242,"GROSS_PROFIT":5058577927.34,"GROSS_PROFIT_YOY":-1.107168061766,"HOLDER_PROFIT":1691463127.79,"HOLDER_PROFIT_YOY":-15.5179888378,"GROSS_PROFIT_RATIO":15.362320208042,"EPS_TTM":1.039197923193,"OPERATE_INCOME_QOQ":5.362301799453,"NET_PROFIT_RATIO":5.4923399133,"ROE_AVG":4.530304903836,"GROSS_PROFIT_QOQ":-2.380477832604,"ROA":1.338824827781,"HOLDER_PROFIT_QOQ":-5.743156787331,"ROE_YEARLY":9.060609807672,"ROIC_YEARLY":3.286988221702,"TOTAL_ASSETS":131570407734.38,"TOTAL_LIABILITIES":90109297173.08,"TAX_EBT":14.151963431537,"OCF_SALES":12.344012633808,"TOTAL_PARENT_EQUITY":37428361916.63,"DEBT_ASSET_RATIO":68.4875107745,"OPERATE_PROFIT":1635156992.25,"PRETAX_PROFIT":2106680483.47,"NETCASH_OPERATE":4064695241.25,"NETCASH_INVEST":-910348448.48,"NETCASH_FINANCE":952099163.96,"END_CASH":18230195636.48,"DIVI_RATIO":0.454435531134,"DIVIDEND_RATE":5.609461786868,"CURRENT_RATIO":1.035480776133,"COMMON_ACS":null,"CURRENTDEBT_DEBT":89.667785458833,"ISSUED_COMMON_SHARES":3117482123,"HK_COMMON_SHARES":340000000,"PER_SHARES":200,"TOTAL_MARKET_CAP":28961408922.67,"HKSK_MARKET_CAP":3158600000,"PE_TTM":7.923355191147,"PB_TTM":0.67885125108,"REPORT_DATE_SQ":"2023-06-30 00:00:00","REPORT_TYPE_SQ":"2023年中报","OPERATE_INCOME_SQ":29345972781.79,"DPS_HKD":0.521119,"OPERATE_INCOME_QOQ_SQ":2.570507880511,"NET_PROFIT_RATIO_SQ":7.1431041645,"HOLDER_PROFIT_SQ":2002157742.84,"HOLDER_PROFIT_QOQ_SQ":4.581793150471,"ROE_AVG_SQ":5.654370928634,"PE_TTM_SQ":5.303163185371,"PB_TTM_SQ":0.477823394862,"ROA_SQ":1.656468374224,"START_DATE":"2024-01-01 00:00:00","FISCAL_YEAR":"12-31","CURRENCY":"HKD","IS_CNY_CODE":0,"DPS_HKD_LY":0.521119,"ORG_TYPE":"一般企业","PREMIUM_INCOME":null,"PREMIUM_INCOME_YOY":null,"NET_INTEREST_INCOME":null,"NET_INTEREST_INCOME_YOY":null,"FEE_COMMISSION_INCOME":null,"FEE_COMMISSION_INCOME_YOY":null,"ACCOUNTS_RECE_TDAYS":2.244537450338,"INVENTORY_TDAYS":1.59908834687,"CURRENT_ASSETS_TDAYS":0.413271562809,"TOTAL_ASSETS_TDAYS":0.260635071055,"PREMIUM_EXPENSE":null,"LOAN_DEPOSIT":null,"LOAN_EQUITY":null,"LOAN_ASSETS":null,"DEPOSIT_EQUITY":null,"DEPOSIT_ASSETS":null,"EQUITY_MULTIPLIER":3.173344996151,"EQUITY_RATIO":2.407513782564},{"SECUCODE":"01072.HK","SECURITY_CODE":"01072","SECURITY_NAME_ABBR":"东方电气","ORG_CODE":"10004319","STD_REPORT_DATE":"2024-03-31 00:00:00","REPORT_DATE":"2024-03-31 00:00:00","DATE_TYPE_CODE":"003","REPORT_TYPE":"2024年一季报","PER_NETCASH_OPERATE":0.397961236293,"PER_OI":4.747828104911,"BPS":12.238156299121,"BASIC_EPS":0.29,"DILUTED_EPS":0.29,"OPERATE_INCOME":14801351538.99,"OPERATE_INCOME_YOY":2.5539194826,"GROSS_PROFIT":2766145479.55,"GROSS_PROFIT_YOY":7.520560461115,"HOLDER_PROFIT":905751281.62,"HOLDER_PROFIT_YOY":-11.1179013707,"GROSS_PROFIT_RATIO":18.688465524674,"EPS_TTM":1.102517215486,"OPERATE_INCOME_QOQ":0.618805314511,"NET_PROFIT_RATIO":6.6574499553,"ROE_AVG":2.402614769075,"GROSS_PROFIT_QOQ":1.876003275821,"ROA":0.726091703207,"HOLDER_PROFIT_QOQ":-3.191104120559,"ROE_YEARLY":9.610459076301,"ROIC_YEARLY":3.501084375645,"TOTAL_ASSETS":128378372649.13,"TOTAL_LIABILITIES":86125773454.79,"TAX_EBT":13.582981043355,"OCF_SALES":8.381963868515,"TOTAL_PARENT_EQUITY":38152233480.99,"DEBT_ASSET_RATIO":67.0874475798,"OPERATE_PROFIT":921865795.31,"PRETAX_PROFIT":1140276051.3,"NETCASH_OPERATE":1240643938.05,"NETCASH_INVEST":-1704617374.77,"NETCASH_FINANCE":299103310.59,"END_CASH":13971394403.64,"DIVI_RATIO":0.428336586084,"DIVIDEND_RATE":5.609461786868,"CURRENT_RATIO":1.040472580114,"COMMON_ACS":null,"CURRENTDEBT_DEBT":89.800280230353,"ISSUED_COMMON_SHARES":3117482123,"HK_COMMON_SHARES":340000000,"PER_SHARES":200,"TOTAL_MARKET_CAP":28961408922.67,"HKSK_MARKET_CAP":3158600000,"PE_TTM":7.923355191147,"PB_TTM":0.67885125108,"REPORT_DATE_SQ":"2023-03-31 00:00:00","REPORT_TYPE_SQ":"2023年一季报","OPERATE_INCOME_SQ":14432750706.82,"DPS_HKD":0.521119,"OPERATE_INCOME_QOQ_SQ":1.133461465212,"NET_PROFIT_RATIO_SQ":7.4932101867,"HOLDER_PROFIT_SQ":1019048037.33,"HOLDER_PROFIT_QOQ_SQ":3.256714653014,"ROE_AVG_SQ":2.870326324655,"PE_TTM_SQ":5.303163185371,"PB_TTM_SQ":0.477823394862,"ROA_SQ":0.871864900957,"START_DATE":"2024-01-01 00:00:00","FISCAL_YEAR":"12-31","CURRENCY":"HKD","IS_CNY_CODE":0,"DPS_HKD_LY":0.521119,"ORG_TYPE":"一般企业","PREMIUM_INCOME":null,"PREMIUM_INCOME_YOY":null,"NET_INTEREST_INCOME":null,"NET_INTEREST_INCOME_YOY":null,"FEE_COMMISSION_INCOME":null,"FEE_COMMISSION_INCOME_YOY":null,"ACCOUNTS_RECE_TDAYS":0.998610841796,"INVENTORY_TDAYS":0.660652376044,"CURRENT_ASSETS_TDAYS":0.189565627158,"TOTAL_ASSETS_TDAYS":0.118654411722,"PREMIUM_EXPENSE":null,"LOAN_DEPOSIT":null,"LOAN_EQUITY":null,"LOAN_ASSETS":null,"DEPOSIT_EQUITY":null,"DEPOSIT_ASSETS":null,"EQUITY_MULTIPLIER":3.038354446756,"EQUITY_RATIO":2.257424155724},{"SECUCODE":"01072.HK","SECURITY_CODE":"01072","SECURITY_NAME_ABBR":"东方电气","ORG_CODE":"10004319","STD_REPORT_DATE":"2023-12-31 00:00:00","REPORT_DATE":"2023-12-31 00:00:00","DATE_TYPE_CODE":"001","REPORT_TYPE":"2023年年报","PER_NETCASH_OPERATE":-1.12099994746,"PER_OI":19.100811618935,"BPS":11.947108056125,"BASIC_EPS":1.14,"DILUTED_EPS":1.14,"OPERATE_INCOME":59566526583.78,"OPERATE_INCOME_YOY":9.9222243435,"GROSS_PROFIT":10313358451.11,"GROSS_PROFIT_YOY":15.405294030228,"HOLDER_PROFIT":3550393576.32,"HOLDER_PROFIT_YOY":24.2309189724,"GROSS_PROFIT_RATIO":17.314016852408,"EPS_TTM":1.138481673579,"OPERATE_INCOME_QOQ":1.929317943398,"NET_PROFIT_RATIO":6.1170418014,"ROE_AVG":9.829852862819,"GROSS_PROFIT_QOQ":1.721560261459,"ROA":3.004054659703,"HOLDER_PROFIT_QOQ":8.692919485083,"ROE_YEARLY":9.829852862819,"ROIC_YEARLY":3.612035593281,"TOTAL_ASSETS":121108373341.62,"TOTAL_LIABILITIES":79888498579.02,"TAX_EBT":9.047428440588,"OCF_SALES":-5.868860286277,"TOTAL_PARENT_EQUITY":37244895786.52,"DEBT_ASSET_RATIO":65.9644716337,"OPERATE_PROFIT":2937335677.44,"PRETAX_PROFIT":4006164166.98,"NETCASH_OPERATE":-3495876222.59,"NETCASH_INVEST":6054992356.37,"NETCASH_FINANCE":-497100687.67,"END_CASH":14167585378.12,"DIVI_RATIO":0.41480550029,"DIVIDEND_RATE":5.609461786868,"CURRENT_RATIO":1.062319856405,"COMMON_ACS":null,"CURRENTDEBT_DEBT":89.185671878707,"ISSUED_COMMON_SHARES":3117482123,"HK_COMMON_SHARES":340000000,"PER_SHARES":200,"TOTAL_MARKET_CAP":28961408922.67,"HKSK_MARKET_CAP":3158600000,"PE_TTM":7.923355191147,"PB_TTM":0.67885125108,"REPORT_DATE_SQ":"2022-12-31 00:00:00","REPORT_TYPE_SQ":"2022年年报","OPERATE_INCOME_SQ":54189702709.81,"DPS_HKD":0.521119,"OPERATE_INCOME_QOQ_SQ":0.739481117496,"NET_PROFIT_RATIO_SQ":5.5563099587,"HOLDER_PROFIT_SQ":2857898505.21,"HOLDER_PROFIT_QOQ_SQ":-2.334480552591,"ROE_AVG_SQ":8.46083884461,"PE_TTM_SQ":5.303163185371,"PB_TTM_SQ":0.477823394862,"ROA_SQ":2.614512398765,"START_DATE":"2023-01-01 00:00:00","FISCAL_YEAR":"12-31","CURRENCY":"HKD","IS_CNY_CODE":0,"DPS_HKD_LY":0.3662791,"ORG_TYPE":"一般企业","PREMIUM_INCOME":null,"PREMIUM_INCOME_YOY":null,"NET_INTEREST_INCOME":null,"NET_INTEREST_INCOME_YOY":null,"FEE_COMMISSION_INCOME":null,"FEE_COMMISSION_INCOME_YOY":null,"ACCOUNTS_RECE_TDAYS":4.449527884577,"INVENTORY_TDAYS":2.692029939312,"CURRENT_ASSETS_TDAYS":0.832520759749,"TOTAL_ASSETS_TDAYS":0.504003564393,"PREMIUM_EXPENSE":null,"LOAN_DEPOSIT":null,"LOAN_EQUITY":null,"LOAN_ASSETS":null,"DEPOSIT_EQUITY":null,"DEPOSIT_ASSETS":null,"EQUITY_MULTIPLIER":2.93810629069,"EQUITY_RATIO":2.144951593822},{"SECUCODE":"01072.HK","SECURITY_CODE":"01072","SECURITY_NAME_ABBR":"东方电气","ORG_CODE":"10004319","STD_REPORT_DATE":"2023-09-30 00:00:00","REPORT_DATE":"2023-09-30 00:00:00","DATE_TYPE_CODE":"004","REPORT_TYPE":"2023年三季报","PER_NETCASH_OPERATE":-0.980337546501,"PER_OI":14.083704351696,"BPS":11.776253659835,"BASIC_EPS":0.93,"DILUTED_EPS":0.93,"OPERATE_INCOME":43920508007.72,"OPERATE_INCOME_YOY":10.741138593,"GROSS_PROFIT":7643715774.35,"GROSS_PROFIT_YOY":18.709222666937,"HOLDER_PROFIT":2911824385.14,"HOLDER_PROFIT_YOY":16.4715428448,"GROSS_PROFIT_RATIO":17.403523140048,"EPS_TTM":1.047429472841,"OPERATE_INCOME_QOQ":3.981077018712,"NET_PROFIT_RATIO":6.9249326957,"ROE_AVG":8.121753587689,"GROSS_PROFIT_QOQ":6.037672376361,"ROA":2.399809680171,"HOLDER_PROFIT_QOQ":5.961452402248,"ROE_YEARLY":10.829004783585,"ROIC_YEARLY":2.876681793198,"TOTAL_ASSETS":127406215442.5,"TOTAL_LIABILITIES":86700356047.02,"TAX_EBT":6.883010003875,"OCF_SALES":-6.96079328293,"TOTAL_PARENT_EQUITY":36712260260.45,"DEBT_ASSET_RATIO":68.0503347077,"OPERATE_PROFIT":2404628461.08,"PRETAX_PROFIT":3266284293.84,"NETCASH_OPERATE":-3057215771.23,"NETCASH_INVEST":6055042563.47,"NETCASH_FINANCE":-775647631.52,"END_CASH":14348023841.52,"DIVI_RATIO":0.45086420845,"DIVIDEND_RATE":5.609461786868,"CURRENT_RATIO":1.075210113718,"COMMON_ACS":null,"CURRENTDEBT_DEBT":89.259038485979,"ISSUED_COMMON_SHARES":3117482123,"HK_COMMON_SHARES":340000000,"PER_SHARES":200,"TOTAL_MARKET_CAP":28961408922.67,"HKSK_MARKET_CAP":3158600000,"PE_TTM":7.923355191147,"PB_TTM":0.67885125108,"REPORT_DATE_SQ":"2022-09-30 00:00:00","REPORT_TYPE_SQ":"2022年三季报","OPERATE_INCOME_SQ":39660516918.76,"DPS_HKD":0.521119,"OPERATE_INCOME_QOQ_SQ":3.692689951632,"NET_PROFIT_RATIO_SQ":6.5783678392,"HOLDER_PROFIT_SQ":2500030749.16,"HOLDER_PROFIT_QOQ_SQ":7.660053267263,"ROE_AVG_SQ":7.473091644323,"PE_TTM_SQ":5.303163185371,"PB_TTM_SQ":0.477823394862,"ROA_SQ":2.305525982888,"START_DATE":"2023-01-01 00:00:00","FISCAL_YEAR":"12-31","CURRENCY":"HKD","IS_CNY_CODE":0,"DPS_HKD_LY":0.3662791,"ORG_TYPE":"一般企业","PREMIUM_INCOME":null,"PREMIUM_INCOME_YOY":null,"NET_INTEREST_INCOME":null,"NET_INTEREST_INCOME_YOY":null,"FEE_COMMISSION_INCOME":null,"FEE_COMMISSION_INCOME_YOY":null,"ACCOUNTS_RECE_TDAYS":3.075745030901,"INVENTORY_TDAYS":1.871594150352,"CURRENT_ASSETS_TDAYS":0.583203477953,"TOTAL_ASSETS_TDAYS":0.361975333447,"PREMIUM_EXPENSE":null,"LOAN_DEPOSIT":null,"LOAN_EQUITY":null,"LOAN_ASSETS":null,"DEPOSIT_EQUITY":null,"DEPOSIT_ASSETS":null,"EQUITY_MULTIPLIER":3.129923242861,"EQUITY_RATIO":2.361618582782},{"SECUCODE":"01072.HK","SECURITY_CODE":"01072","SECURITY_NAME_ABBR":"东方电气","ORG_CODE":"10004319","STD_REPORT_DATE":"2023-06-30 00:00:00","REPORT_DATE":"2023-06-30 00:00:00","DATE_TYPE_CODE":"002","REPORT_TYPE":"2023年中报","PER_NETCASH_OPERATE":-0.70930670937,"PER_OI":9.410182698684,"BPS":11.49196245619,"BASIC_EPS":0.64,"DILUTED_EPS":0.64,"OPERATE_INCOME":29345972781.79,"OPERATE_INCOME_YOY":7.4023012949,"GROSS_PROFIT":5115211920.01,"GROSS_PROFIT_YOY":13.980040719385,"HOLDER_PROFIT":2002157742.84,"HOLDER_PROFIT_YOY":12.8525424933,"GROSS_PROFIT_RATIO":17.430711730177,"EPS_TTM":0.988500486823,"OPERATE_INCOME_QOQ":2.570507880511,"NET_PROFIT_RATIO":7.1431041645,"ROE_AVG":5.654370928634,"GROSS_PROFIT_QOQ":3.876501779149,"ROA":1.656468374224,"HOLDER_PROFIT_QOQ":4.581793150471,"ROE_YEARLY":11.308741857268,"ROIC_YEARLY":3.991045955563,"TOTAL_ASSETS":126473058291.15,"TOTAL_LIABILITIES":86675605435.2,"TAX_EBT":9.900230229132,"OCF_SALES":-7.537650777699,"TOTAL_PARENT_EQUITY":35825987515.36,"DEBT_ASSET_RATIO":68.5328611535,"OPERATE_PROFIT":1700074762.6,"PRETAX_PROFIT":2326546903.75,"NETCASH_OPERATE":-2211996945.61,"NETCASH_INVEST":4587865727.41,"NETCASH_FINANCE":237037680.05,"END_CASH":14790706510.65,"DIVI_RATIO":0.477742263636,"DIVIDEND_RATE":5.609461786868,"CURRENT_RATIO":1.047359143122,"COMMON_ACS":null,"CURRENTDEBT_DEBT":89.526706225933,"ISSUED_COMMON_SHARES":3117482123,"HK_COMMON_SHARES":340000000,"PER_SHARES":200,"TOTAL_MARKET_CAP":28961408922.67,"HKSK_MARKET_CAP":3158600000,"PE_TTM":7.923355191147,"PB_TTM":0.67885125108,"REPORT_DATE_SQ":"2022-06-30 00:00:00","REPORT_TYPE_SQ":"2022年中报","OPERATE_INCOME_SQ":27323411535.87,"DPS_HKD":0.521119,"OPERATE_INCOME_QOQ_SQ":3.830325491514,"NET_PROFIT_RATIO_SQ":6.8265862603,"HOLDER_PROFIT_SQ":1774136141.38,"HOLDER_PROFIT_QOQ_SQ":5.141283555128,"ROE_AVG_SQ":5.364698247079,"PE_TTM_SQ":5.303163185371,"PB_TTM_SQ":0.477823394862,"ROA_SQ":1.665856019177,"START_DATE":"2023-01-01 00:00:00","FISCAL_YEAR":"12-31","CURRENCY":"HKD","IS_CNY_CODE":0,"DPS_HKD_LY":0.3662791,"ORG_TYPE":"一般企业","PREMIUM_INCOME":null,"PREMIUM_INCOME_YOY":null,"NET_INTEREST_INCOME":null,"NET_INTEREST_INCOME_YOY":null,"FEE_COMMISSION_INCOME":null,"FEE_COMMISSION_INCOME_YOY":null,"ACCOUNTS_RECE_TDAYS":1.989567801302,"INVENTORY_TDAYS":1.293528345798,"CURRENT_ASSETS_TDAYS":0.394746428437,"TOTAL_ASSETS_TDAYS":0.242791438376,"PREMIUM_EXPENSE":null,"LOAN_DEPOSIT":null,"LOAN_EQUITY":null,"LOAN_ASSETS":null,"DEPOSIT_EQUITY":null,"DEPOSIT_ASSETS":null,"EQUITY_MULTIPLIER":3.177918414757,"EQUITY_RATIO":2.419350070896},{"SECUCODE":"01072.HK","SECURITY_CODE":"01072","SECURITY_NAME_ABBR":"东方电气","ORG_CODE":"10004319","STD_REPORT_DATE":"2023-03-31 00:00:00","REPORT_DATE":"2023-03-31 00:00:00","DATE_TYPE_CODE":"003","REPORT_TYPE":"2023年一季报","PER_NETCASH_OPERATE":-0.817608839344,"PER_OI":4.628056531151,"BPS":11.552162488048,"BASIC_EPS":0.327,"DILUTED_EPS":0.327,"OPERATE_INCOME":14432750706.82,"OPERATE_INCOME_YOY":4.4439846564,"GROSS_PROFIT":2572666537.16,"GROSS_PROFIT_YOY":11.753581186445,"HOLDER_PROFIT":1019048037.33,"HOLDER_PROFIT_YOY":10.038852163,"GROSS_PROFIT_RATIO":17.82519901729,"EPS_TTM":0.945193668081,"OPERATE_INCOME_QOQ":1.133461465212,"NET_PROFIT_RATIO":7.4932101867,"ROE_AVG":2.870326324655,"GROSS_PROFIT_QOQ":3.028589529599,"ROA":0.871864900957,"HOLDER_PROFIT_QOQ":3.256714653014,"ROE_YEARLY":11.481305298622,"ROIC_YEARLY":4.158542826521,"TOTAL_ASSETS":118497770496.88,"TOTAL_LIABILITIES":78774458869.31,"TAX_EBT":10.356844462027,"OCF_SALES":-17.666353767305,"TOTAL_PARENT_EQUITY":36013660038.48,"DEBT_ASSET_RATIO":66.4775873327,"OPERATE_PROFIT":951826343.79,"PRETAX_PROFIT":1206423780.7,"NETCASH_OPERATE":-2549740798.22,"NETCASH_INVEST":2476731084.24,"NETCASH_FINANCE":36464638.93,"END_CASH":12059318054.16,"DIVI_RATIO":0.499631425948,"DIVIDEND_RATE":5.609461786868,"CURRENT_RATIO":1.034628881949,"COMMON_ACS":null,"CURRENTDEBT_DEBT":88.372701860376,"ISSUED_COMMON_SHARES":3117482123,"HK_COMMON_SHARES":340000000,"PER_SHARES":200,"TOTAL_MARKET_CAP":28961408922.67,"HKSK_MARKET_CAP":3158600000,"PE_TTM":7.923355191147,"PB_TTM":0.67885125108,"REPORT_DATE_SQ":"2022-03-31 00:00:00","REPORT_TYPE_SQ":"2022年一季报","OPERATE_INCOME_SQ":13818651935.1,"DPS_HKD":0.521119,"OPERATE_INCOME_QOQ_SQ":6.837146959481,"NET_PROFIT_RATIO_SQ":7.0581903888,"HOLDER_PROFIT_SQ":926080213.76,"HOLDER_PROFIT_QOQ_SQ":12.80570098154,"ROE_AVG_SQ":2.804587781821,"PE_TTM_SQ":5.303163185371,"PB_TTM_SQ":0.477823394862,"ROA_SQ":0.895800186834,"START_DATE":"2023-01-01 00:00:00","FISCAL_YEAR":"12-31","CURRENCY":"HKD","IS_CNY_CODE":0,"DPS_HKD_LY":0.3662791,"ORG_TYPE":"一般企业","PREMIUM_INCOME":null,"PREMIUM_INCOME_YOY":null,"NET_INTEREST_INCOME":null,"NET_INTEREST_INCOME_YOY":null,"FEE_COMMISSION_INCOME":null,"FEE_COMMISSION_INCOME_YOY":null,"ACCOUNTS_RECE_TDAYS":1.049824641145,"INVENTORY_TDAYS":0.633878090733,"CURRENT_ASSETS_TDAYS":0.207016604364,"TOTAL_ASSETS_TDAYS":0.123481997949,"PREMIUM_EXPENSE":null,"LOAN_DEPOSIT":null,"LOAN_EQUITY":null,"LOAN_ASSETS":null,"DEPOSIT_EQUITY":null,"DEPOSIT_ASSETS":null,"EQUITY_MULTIPLIER":2.983078843175,"EQUITY_RATIO":2.187349433108},{"SECUCODE":"01072.HK","SECURITY_CODE":"01072","SECURITY_NAME_ABBR":"东方电气","ORG_CODE":"10004319","STD_REPORT_DATE":"2022-12-31 00:00:00","REPORT_DATE":"2022-12-31 00:00:00","DATE_TYPE_CODE":"001","REPORT_TYPE":"2022年年报","PER_NETCASH_OPERATE":2.696580541574,"PER_OI":17.375133780907,"BPS":11.221067193395,"BASIC_EPS":0.92,"DILUTED_EPS":0.92,"OPERATE_INCOME":54189702709.81,"OPERATE_INCOME_YOY":15.8762275179,"GROSS_PROFIT":8936642411.23,"GROSS_PROFIT_YOY":10.518980605723,"HOLDER_PROFIT":2857898505.21,"HOLDER_PROFIT_YOY":24.7096837101,"GROSS_PROFIT_RATIO":16.489989324957,"EPS_TTM":0.91530185919,"OPERATE_INCOME_QOQ":0.739481117496,"NET_PROFIT_RATIO":5.5563099587,"ROE_AVG":8.46083884461,"GROSS_PROFIT_QOQ":-0.158979250683,"ROA":2.614512398765,"HOLDER_PROFIT_QOQ":-2.334480552591,"ROE_YEARLY":8.46083884461,"ROIC_YEARLY":3.206046144346,"TOTAL_ASSETS":115344350441.4,"TOTAL_LIABILITIES":76708775713.68,"TAX_EBT":9.425509910371,"OCF_SALES":15.522817040313,"TOTAL_PARENT_EQUITY":34992066981.24,"DEBT_ASSET_RATIO":66.4903906088,"OPERATE_PROFIT":2160655942.18,"PRETAX_PROFIT":3327359675.84,"NETCASH_OPERATE":8408573623.86,"NETCASH_INVEST":-13186238590.76,"NETCASH_FINANCE":-117935819.04,"END_CASH":12124165479.08,"DIVI_RATIO":0.515948323975,"DIVIDEND_RATE":5.609461786868,"CURRENT_RATIO":0.99978659563,"COMMON_ACS":null,"CURRENTDEBT_DEBT":87.902140895928,"ISSUED_COMMON_SHARES":3117482123,"HK_COMMON_SHARES":340000000,"PER_SHARES":200,"TOTAL_MARKET_CAP":28961408922.67,"HKSK_MARKET_CAP":3158600000,"PE_TTM":7.923355191147,"PB_TTM":0.67885125108,"REPORT_DATE_SQ":"2021-12-31 00:00:00","REPORT_TYPE_SQ":"2021年年报","OPERATE_INCOME_SQ":46755975362.02,"DPS_HKD":0.521119,"OPERATE_INCOME_QOQ_SQ":9.812156904,"NET_PROFIT_RATIO_SQ":5.1955359961,"HOLDER_PROFIT_SQ":2289036817.45,"HOLDER_PROFIT_QOQ_SQ":-4.054919526885,"ROE_AVG_SQ":7.220329266021,"PE_TTM_SQ":5.303163185371,"PB_TTM_SQ":0.477823394862,"ROA_SQ":2.278785574373,"START_DATE":"2022-01-01 00:00:00","FISCAL_YEAR":"12-31","CURRENCY":"HKD","IS_CNY_CODE":0,"DPS_HKD_LY":0.2693417,"ORG_TYPE":"一般企业","PREMIUM_INCOME":null,"PREMIUM_INCOME_YOY":null,"NET_INTEREST_INCOME":null,"NET_INTEREST_INCOME_YOY":null,"FEE_COMMISSION_INCOME":null,"FEE_COMMISSION_INCOME_YOY":null,"ACCOUNTS_RECE_TDAYS":4.295018191903,"INVENTORY_TDAYS":2.411925457709,"CURRENT_ASSETS_TDAYS":0.789411220677,"TOTAL_ASSETS_TDAYS":0.496214235037,"PREMIUM_EXPENSE":null,"LOAN_DEPOSIT":null,"LOAN_EQUITY":null,"LOAN_ASSETS":null,"DEPOSIT_EQUITY":null,"DEPOSIT_ASSETS":null,"EQUITY_MULTIPLIER":2.984218611222,"EQUITY_RATIO":2.19217617967},{"SECUCODE":"01072.HK","SECURITY_CODE":"01072","SECURITY_NAME_ABBR":"东方电气","ORG_CODE":"10004319","STD_REPORT_DATE":"2022-09-30 00:00:00","REPORT_DATE":"2022-09-30 00:00:00","DATE_TYPE_CODE":"004","REPORT_TYPE":"2022年三季报","PER_NETCASH_OPERATE":1.1883874417,"PER_OI":12.71656334735,"BPS":11.037713410099,"BASIC_EPS":0.8,"DILUTED_EPS":0.8,"OPERATE_INCOME":39660516918.76,"OPERATE_INCOME_YOY":21.5270507411,"GROSS_PROFIT":6439024367.8,"GROSS_PROFIT_YOY":15.462006603012,"HOLDER_PROFIT":2500030749.16,"HOLDER_PROFIT_YOY":33.9649432218,"GROSS_PROFIT_RATIO":16.235351599147,"EPS_TTM":0.937180147475,"OPERATE_INCOME_QOQ":3.692689951632,"NET_PROFIT_RATIO":6.5783678392,"ROE_AVG":7.473091644323,"GROSS_PROFIT_QOQ":4.40968819796,"ROA":2.305525982888,"HOLDER_PROFIT_QOQ":7.660053267263,"ROE_YEARLY":9.964122192431,"ROIC_YEARLY":2.806189369198,"TOTAL_ASSETS":113768345735.9,"TOTAL_LIABILITIES":76330759385.67,"TAX_EBT":10.739159996889,"OCF_SALES":9.345193424034,"TOTAL_PARENT_EQUITY":34409874234.78,"DEBT_ASSET_RATIO":67.0931434328,"OPERATE_PROFIT":2030209217.42,"PRETAX_PROFIT":2922910752.06,"NETCASH_OPERATE":3706352019.03,"NETCASH_INVEST":-8285928323.21,"NETCASH_FINANCE":-537791018.38,"END_CASH":11364952316.41,"DIVI_RATIO":0.50390361069,"DIVIDEND_RATE":5.609461786868,"CURRENT_RATIO":1.053579971363,"COMMON_ACS":null,"CURRENTDEBT_DEBT":86.914681006075,"ISSUED_COMMON_SHARES":3117482123,"HK_COMMON_SHARES":340000000,"PER_SHARES":200,"TOTAL_MARKET_CAP":28961408922.67,"HKSK_MARKET_CAP":3158600000,"PE_TTM":7.923355191147,"PB_TTM":0.67885125108,"REPORT_DATE_SQ":"2021-09-30 00:00:00","REPORT_TYPE_SQ":"2021年三季报","OPERATE_INCOME_SQ":32635134874.82,"DPS_HKD":0.521119,"OPERATE_INCOME_QOQ_SQ":3.265508737049,"NET_PROFIT_RATIO_SQ":6.075771069,"HOLDER_PROFIT_SQ":1866182815.47,"HOLDER_PROFIT_QOQ_SQ":5.758258409346,"ROE_AVG_SQ":5.911479019932,"PE_TTM_SQ":5.303163185371,"PB_TTM_SQ":0.477823394862,"ROA_SQ":1.860918668379,"START_DATE":"2022-01-01 00:00:00","FISCAL_YEAR":"12-31","CURRENCY":"HKD","IS_CNY_CODE":0,"DPS_HKD_LY":0.2693417,"ORG_TYPE":"一般企业","PREMIUM_INCOME":null,"PREMIUM_INCOME_YOY":null,"NET_INTEREST_INCOME":null,"NET_INTEREST_INCOME_YOY":null,"FEE_COMMISSION_INCOME":null,"FEE_COMMISSION_INCOME_YOY":null,"ACCOUNTS_RECE_TDAYS":2.935874111921,"INVENTORY_TDAYS":1.777776873675,"CURRENT_ASSETS_TDAYS":0.56758472721,"TOTAL_ASSETS_TDAYS":0.365748910415,"PREMIUM_EXPENSE":null,"LOAN_DEPOSIT":null,"LOAN_EQUITY":null,"LOAN_ASSETS":null,"DEPOSIT_EQUITY":null,"DEPOSIT_ASSETS":null,"EQUITY_MULTIPLIER":3.038880356007,"EQUITY_RATIO":2.218280684924}],"count":79},"success":true,"message":"ok","code":0}