{"version":"d9a83d06467904e5826bda4ccebd12da","result":{"pages":8,"data":[{"SECUCODE":"01075.HK","SECURITY_CODE":"01075","SECURITY_NAME_ABBR":"首都信息","ORG_CODE":"10037795","STD_REPORT_DATE":"2024-06-30 00:00:00","REPORT_DATE":"2024-06-30 00:00:00","DATE_TYPE_CODE":"002","REPORT_TYPE":"2024年中报","PER_NETCASH_OPERATE":-0.023914882598,"PER_OI":1.856845868716,"BPS":3.880347902846,"BASIC_EPS":-0.0825,"DILUTED_EPS":null,"OPERATE_INCOME":538129918.34,"OPERATE_INCOME_YOY":11.5608943484,"GROSS_PROFIT":157675990.24,"GROSS_PROFIT_YOY":-21.935159203763,"HOLDER_PROFIT":-23920445.62,"HOLDER_PROFIT_YOY":-164.5360954086,"GROSS_PROFIT_RATIO":29.30072922286,"EPS_TTM":-0.462001798401,"OPERATE_INCOME_QOQ":3.911780242356,"NET_PROFIT_RATIO":-2.0911430765,"ROE_AVG":-2.107983659792,"GROSS_PROFIT_QOQ":-11.102741623978,"ROA":-0.969862387918,"HOLDER_PROFIT_QOQ":-83.64922383409,"ROE_YEARLY":-4.215967319585,"ROIC_YEARLY":-2.897878420204,"TOTAL_ASSETS":2435927044.33,"TOTAL_LIABILITIES":1234340040.02,"TAX_EBT":16.858182841968,"OCF_SALES":-1.287930409329,"TOTAL_PARENT_EQUITY":1124558228.16,"DEBT_ASSET_RATIO":50.6722909823,"OPERATE_PROFIT":-19064186.69,"PRETAX_PROFIT":-13534785.4,"NETCASH_OPERATE":-6930738.86,"NETCASH_INVEST":-87780240.14,"NETCASH_FINANCE":-10541619.65,"END_CASH":668361806.12,"DIVI_RATIO":null,"DIVIDEND_RATE":null,"CURRENT_RATIO":1.244095031188,"COMMON_ACS":null,"CURRENTDEBT_DEBT":95.819828562058,"ISSUED_COMMON_SHARES":289808609,"HK_COMMON_SHARES":77449800,"PER_SHARES":1000,"TOTAL_MARKET_CAP":597005734.54,"HKSK_MARKET_CAP":159546588,"PE_TTM":-4.065081930202,"PB_TTM":0.48452377134,"REPORT_DATE_SQ":"2023-06-30 00:00:00","REPORT_TYPE_SQ":"2023年中报","OPERATE_INCOME_SQ":482364292.15,"DPS_HKD":null,"OPERATE_INCOME_QOQ_SQ":0.456087031114,"NET_PROFIT_RATIO_SQ":8.9019419822,"HOLDER_PROFIT_SQ":37065219.81,"HOLDER_PROFIT_QOQ_SQ":2.191722083097,"ROE_AVG_SQ":2.951115205507,"PE_TTM_SQ":6.037747641159,"PB_TTM_SQ":0.641642343534,"ROA_SQ":1.474121351332,"START_DATE":"2024-01-01 00:00:00","FISCAL_YEAR":"12-31","CURRENCY":"HKD","IS_CNY_CODE":0,"DPS_HKD_LY":null,"ORG_TYPE":"一般企业","PREMIUM_INCOME":null,"PREMIUM_INCOME_YOY":null,"NET_INTEREST_INCOME":null,"NET_INTEREST_INCOME_YOY":null,"FEE_COMMISSION_INCOME":null,"FEE_COMMISSION_INCOME_YOY":null,"ACCOUNTS_RECE_TDAYS":1.341552866325,"INVENTORY_TDAYS":2.5891261113,"CURRENT_ASSETS_TDAYS":0.351278040613,"TOTAL_ASSETS_TDAYS":0.218186557183,"PREMIUM_EXPENSE":null,"LOAN_DEPOSIT":null,"LOAN_EQUITY":null,"LOAN_ASSETS":null,"DEPOSIT_EQUITY":null,"DEPOSIT_ASSETS":null,"EQUITY_MULTIPLIER":2.027258147426,"EQUITY_RATIO":1.097622167631},{"SECUCODE":"01075.HK","SECURITY_CODE":"01075","SECURITY_NAME_ABBR":"首都信息","ORG_CODE":"10037795","STD_REPORT_DATE":"2023-12-31 00:00:00","REPORT_DATE":"2023-12-31 00:00:00","DATE_TYPE_CODE":"001","REPORT_TYPE":"2023年年报","PER_NETCASH_OPERATE":0.077676521443,"PER_OI":0.491904563787,"BPS":3.950715481678,"BASIC_EPS":-0.025,"DILUTED_EPS":null,"OPERATE_INCOME":1425581774.41,"OPERATE_INCOME_YOY":0.184688164,"GROSS_PROFIT":399043872.41,"GROSS_PROFIT_YOY":-25.18902391607,"HOLDER_PROFIT":-72906433.12,"HOLDER_PROFIT_YOY":-156.6962290908,"GROSS_PROFIT_RATIO":27.991650817446,"EPS_TTM":-0.025156752019,"OPERATE_INCOME_QOQ":-0.270166671987,"NET_PROFIT_RATIO":-4.3555588985,"ROE_AVG":-6.056321249036,"GROSS_PROFIT_QOQ":-28.898747215811,"ROA":-2.894567300101,"HOLDER_PROFIT_QOQ":-155.52294256623,"ROE_YEARLY":-6.056321249036,"ROIC_YEARLY":-4.580355855561,"TOTAL_ASSETS":2496823399.03,"TOTAL_LIABILITIES":1294010643.67,"TAX_EBT":31.187905039104,"OCF_SALES":15.790973932952,"TOTAL_PARENT_EQUITY":1144951358.3,"DEBT_ASSET_RATIO":51.8262783092,"OPERATE_PROFIT":-100256309.21,"PRETAX_PROFIT":-90234215.17,"NETCASH_OPERATE":225113246.39,"NETCASH_INVEST":-262792510.9,"NETCASH_FINANCE":-91329603.9,"END_CASH":773143342.93,"DIVI_RATIO":null,"DIVIDEND_RATE":null,"CURRENT_RATIO":1.26182938083,"COMMON_ACS":null,"CURRENTDEBT_DEBT":97.524261199341,"ISSUED_COMMON_SHARES":289808609,"HK_COMMON_SHARES":77449800,"PER_SHARES":1000,"TOTAL_MARKET_CAP":579617218,"HKSK_MARKET_CAP":154899600,"PE_TTM":-3.946681485633,"PB_TTM":0.470411428486,"REPORT_DATE_SQ":"2022-12-31 00:00:00","REPORT_TYPE_SQ":"2022年年报","OPERATE_INCOME_SQ":1422953747.26,"DPS_HKD":null,"OPERATE_INCOME_QOQ_SQ":-3.546842843269,"NET_PROFIT_RATIO_SQ":9.881546096,"HOLDER_PROFIT_SQ":128591326.6,"HOLDER_PROFIT_QOQ_SQ":598.81246091431,"ROE_AVG_SQ":10.686390299147,"PE_TTM_SQ":6.339635023217,"PB_TTM_SQ":0.673724460711,"ROA_SQ":5.224178876217,"START_DATE":"2023-01-01 00:00:00","FISCAL_YEAR":"12-31","CURRENCY":"HKD","IS_CNY_CODE":0,"DPS_HKD_LY":0.02,"ORG_TYPE":"一般企业","PREMIUM_INCOME":null,"PREMIUM_INCOME_YOY":null,"NET_INTEREST_INCOME":null,"NET_INTEREST_INCOME_YOY":null,"FEE_COMMISSION_INCOME":null,"FEE_COMMISSION_INCOME_YOY":null,"ACCOUNTS_RECE_TDAYS":3.114242693268,"INVENTORY_TDAYS":6.067718292852,"CURRENT_ASSETS_TDAYS":0.849979349179,"TOTAL_ASSETS_TDAYS":0.565991533427,"PREMIUM_EXPENSE":null,"LOAN_DEPOSIT":null,"LOAN_EQUITY":null,"LOAN_ASSETS":null,"DEPOSIT_EQUITY":null,"DEPOSIT_ASSETS":null,"EQUITY_MULTIPLIER":2.075820519781,"EQUITY_RATIO":1.130188312621},{"SECUCODE":"01075.HK","SECURITY_CODE":"01075","SECURITY_NAME_ABBR":"首都信息","ORG_CODE":"10037795","STD_REPORT_DATE":"2023-06-30 00:00:00","REPORT_DATE":"2023-06-30 00:00:00","DATE_TYPE_CODE":"002","REPORT_TYPE":"2023年中报","PER_NETCASH_OPERATE":-0.052191930229,"PER_OI":0.16644236127,"BPS":4.310719248544,"BASIC_EPS":0.128,"DILUTED_EPS":null,"OPERATE_INCOME":482364292.15,"OPERATE_INCOME_YOY":1.3637858455,"GROSS_PROFIT":201980800.36,"GROSS_PROFIT_YOY":15.980675589558,"HOLDER_PROFIT":37065219.81,"HOLDER_PROFIT_YOY":8.2227098707,"GROSS_PROFIT_RATIO":41.873082988736,"EPS_TTM":0.045308751402,"OPERATE_INCOME_QOQ":0.456087031114,"NET_PROFIT_RATIO":8.9019419822,"ROE_AVG":2.951115205507,"GROSS_PROFIT_QOQ":5.217521709499,"ROA":1.474121351332,"HOLDER_PROFIT_QOQ":2.191722083097,"ROE_YEARLY":5.902230411015,"ROIC_YEARLY":4.545507404635,"TOTAL_ASSETS":2488144752.11,"TOTAL_LIABILITIES":1174355178.48,"TAX_EBT":9.501957066763,"OCF_SALES":-31.357359887859,"TOTAL_PARENT_EQUITY":1249283549.21,"DEBT_ASSET_RATIO":47.198024853,"OPERATE_PROFIT":40239478.23,"PRETAX_PROFIT":47448307.21,"NETCASH_OPERATE":-151256707.06,"NETCASH_INVEST":-98850277.51,"NETCASH_FINANCE":-19491573.02,"END_CASH":633959198.63,"DIVI_RATIO":null,"DIVIDEND_RATE":null,"CURRENT_RATIO":1.441659959504,"COMMON_ACS":null,"CURRENTDEBT_DEBT":99.288268855695,"ISSUED_COMMON_SHARES":289808609,"HK_COMMON_SHARES":77449800,"PER_SHARES":1000,"TOTAL_MARKET_CAP":579617218,"HKSK_MARKET_CAP":154899600,"PE_TTM":-3.946681485633,"PB_TTM":0.470411428486,"REPORT_DATE_SQ":"2022-06-30 00:00:00","REPORT_TYPE_SQ":"2022年中报","OPERATE_INCOME_SQ":475874384.65,"DPS_HKD":null,"OPERATE_INCOME_QOQ_SQ":3.399641227309,"NET_PROFIT_RATIO_SQ":8.2656065022,"HOLDER_PROFIT_SQ":34249022.09,"HOLDER_PROFIT_QOQ_SQ":0.220269667342,"ROE_AVG_SQ":2.964680217529,"PE_TTM_SQ":6.339635023217,"PB_TTM_SQ":0.673724460711,"ROA_SQ":1.464627095178,"START_DATE":"2023-01-01 00:00:00","FISCAL_YEAR":"12-31","CURRENCY":"HKD","IS_CNY_CODE":0,"DPS_HKD_LY":0.02,"ORG_TYPE":"一般企业","PREMIUM_INCOME":null,"PREMIUM_INCOME_YOY":null,"NET_INTEREST_INCOME":null,"NET_INTEREST_INCOME_YOY":null,"FEE_COMMISSION_INCOME":null,"FEE_COMMISSION_INCOME_YOY":null,"ACCOUNTS_RECE_TDAYS":1.273009972979,"INVENTORY_TDAYS":0.907158167103,"CURRENT_ASSETS_TDAYS":0.280202733159,"TOTAL_ASSETS_TDAYS":0.191841166955,"PREMIUM_EXPENSE":null,"LOAN_DEPOSIT":null,"LOAN_EQUITY":null,"LOAN_ASSETS":null,"DEPOSIT_EQUITY":null,"DEPOSIT_ASSETS":null,"EQUITY_MULTIPLIER":1.89386854794,"EQUITY_RATIO":0.940022926919},{"SECUCODE":"01075.HK","SECURITY_CODE":"01075","SECURITY_NAME_ABBR":"首都信息","ORG_CODE":"10037795","STD_REPORT_DATE":"2022-12-31 00:00:00","REPORT_DATE":"2022-12-31 00:00:00","DATE_TYPE_CODE":"001","REPORT_TYPE":"2022年年报","PER_NETCASH_OPERATE":0.070405551165,"PER_OI":0.490997749059,"BPS":4.356557061802,"BASIC_EPS":0.044,"DILUTED_EPS":null,"OPERATE_INCOME":1422953747.26,"OPERATE_INCOME_YOY":-0.2677815475,"GROSS_PROFIT":533402841.8,"GROSS_PROFIT_YOY":4.668480102394,"HOLDER_PROFIT":128591326.6,"HOLDER_PROFIT_YOY":600.3517327973,"GROSS_PROFIT_RATIO":37.485606459599,"EPS_TTM":0.04433700742,"OPERATE_INCOME_QOQ":-3.546842843269,"NET_PROFIT_RATIO":9.881546096,"ROE_AVG":10.686390299147,"GROSS_PROFIT_QOQ":1.309670563624,"ROA":5.224178876217,"HOLDER_PROFIT_QOQ":598.81246091431,"ROE_YEARLY":10.686390299147,"ROIC_YEARLY":9.078244377985,"TOTAL_ASSETS":2545996598.27,"TOTAL_LIABILITIES":1224709637.11,"TAX_EBT":12.451875454077,"OCF_SALES":14.339281860208,"TOTAL_PARENT_EQUITY":1262663103.42,"DEBT_ASSET_RATIO":47.9966844201,"OPERATE_PROFIT":144490654.95,"PRETAX_PROFIT":160716919.02,"NETCASH_OPERATE":204041348.56,"NETCASH_INVEST":-280278190.72,"NETCASH_FINANCE":-65037948.27,"END_CASH":901387759.73,"DIVI_RATIO":null,"DIVIDEND_RATE":null,"CURRENT_RATIO":1.454702807355,"COMMON_ACS":null,"CURRENTDEBT_DEBT":98.900235994567,"ISSUED_COMMON_SHARES":289808609,"HK_COMMON_SHARES":77449800,"PER_SHARES":1000,"TOTAL_MARKET_CAP":579617218,"HKSK_MARKET_CAP":154899600,"PE_TTM":-3.946681485633,"PB_TTM":0.470411428486,"REPORT_DATE_SQ":"2021-12-31 00:00:00","REPORT_TYPE_SQ":"2021年年报","OPERATE_INCOME_SQ":1426774385.79,"DPS_HKD":null,"OPERATE_INCOME_QOQ_SQ":0.675114634554,"NET_PROFIT_RATIO_SQ":2.0926638561,"HOLDER_PROFIT_SQ":18346847.52,"HOLDER_PROFIT_QOQ_SQ":-86.172367463321,"ROE_AVG_SQ":1.579284029559,"PE_TTM_SQ":6.339635023217,"PB_TTM_SQ":0.673724460711,"ROA_SQ":0.751669632618,"START_DATE":"2022-01-01 00:00:00","FISCAL_YEAR":"12-31","CURRENCY":"HKD","IS_CNY_CODE":0,"DPS_HKD_LY":0.0035,"ORG_TYPE":"一般企业","PREMIUM_INCOME":null,"PREMIUM_INCOME_YOY":null,"NET_INTEREST_INCOME":null,"NET_INTEREST_INCOME_YOY":null,"FEE_COMMISSION_INCOME":null,"FEE_COMMISSION_INCOME_YOY":null,"ACCOUNTS_RECE_TDAYS":3.48929208849,"INVENTORY_TDAYS":3.999999298702,"CURRENT_ASSETS_TDAYS":0.784068258484,"TOTAL_ASSETS_TDAYS":0.578537032194,"PREMIUM_EXPENSE":null,"LOAN_DEPOSIT":null,"LOAN_EQUITY":null,"LOAN_ASSETS":null,"DEPOSIT_EQUITY":null,"DEPOSIT_ASSETS":null,"EQUITY_MULTIPLIER":1.922954313295,"EQUITY_RATIO":0.96994173172},{"SECUCODE":"01075.HK","SECURITY_CODE":"01075","SECURITY_NAME_ABBR":"首都信息","ORG_CODE":"10037795","STD_REPORT_DATE":"2022-06-30 00:00:00","REPORT_DATE":"2022-06-30 00:00:00","DATE_TYPE_CODE":"002","REPORT_TYPE":"2022年中报","PER_NETCASH_OPERATE":-0.021674413353,"PER_OI":0.164202984214,"BPS":4.03111077173,"BASIC_EPS":0.0118,"DILUTED_EPS":null,"OPERATE_INCOME":475874384.65,"OPERATE_INCOME_YOY":11.3497213052,"GROSS_PROFIT":174150391.29,"GROSS_PROFIT_YOY":10.744099553675,"HOLDER_PROFIT":34249022.09,"HOLDER_PROFIT_YOY":0.118135582,"GROSS_PROFIT_RATIO":36.595874228046,"EPS_TTM":0.006344621755,"OPERATE_INCOME_QOQ":3.399641227309,"NET_PROFIT_RATIO":8.2656065022,"ROE_AVG":2.964680217529,"GROSS_PROFIT_QOQ":3.315388866713,"ROA":1.464627095178,"HOLDER_PROFIT_QOQ":0.220269667342,"ROE_YEARLY":5.929360435058,"ROIC_YEARLY":4.94497269341,"TOTAL_ASSETS":2298323343.95,"TOTAL_LIABILITIES":1078454168.06,"TAX_EBT":15.011682554713,"OCF_SALES":-13.199768236359,"TOTAL_PARENT_EQUITY":1168250605.48,"DEBT_ASSET_RATIO":46.9235180028,"OPERATE_PROFIT":35657952.36,"PRETAX_PROFIT":46281542.29,"NETCASH_OPERATE":-62814315.87,"NETCASH_INVEST":-196755004.79,"NETCASH_FINANCE":-39558941.26,"END_CASH":741275142.63,"DIVI_RATIO":null,"DIVIDEND_RATE":null,"CURRENT_RATIO":1.538560894037,"COMMON_ACS":null,"CURRENTDEBT_DEBT":98.209200852296,"ISSUED_COMMON_SHARES":289808609,"HK_COMMON_SHARES":77449800,"PER_SHARES":1000,"TOTAL_MARKET_CAP":579617218,"HKSK_MARKET_CAP":154899600,"PE_TTM":-3.946681485633,"PB_TTM":0.470411428486,"REPORT_DATE_SQ":"2021-06-30 00:00:00","REPORT_TYPE_SQ":"2021年中报","OPERATE_INCOME_SQ":427369174.41,"DPS_HKD":null,"OPERATE_INCOME_QOQ_SQ":0.470818016237,"NET_PROFIT_RATIO_SQ":8.5645847342,"HOLDER_PROFIT_SQ":34208609.55,"HOLDER_PROFIT_QOQ_SQ":4.072834696242,"ROE_AVG_SQ":2.924687241551,"PE_TTM_SQ":6.339635023217,"PB_TTM_SQ":0.673724460711,"ROA_SQ":1.36266608425,"START_DATE":"2022-01-01 00:00:00","FISCAL_YEAR":"12-31","CURRENCY":"HKD","IS_CNY_CODE":0,"DPS_HKD_LY":0.0035,"ORG_TYPE":"一般企业","PREMIUM_INCOME":null,"PREMIUM_INCOME_YOY":null,"NET_INTEREST_INCOME":null,"NET_INTEREST_INCOME_YOY":null,"FEE_COMMISSION_INCOME":null,"FEE_COMMISSION_INCOME_YOY":null,"ACCOUNTS_RECE_TDAYS":1.45466063722,"INVENTORY_TDAYS":1.149081339364,"CURRENT_ASSETS_TDAYS":0.272143911817,"TOTAL_ASSETS_TDAYS":0.203503187866,"PREMIUM_EXPENSE":null,"LOAN_DEPOSIT":null,"LOAN_EQUITY":null,"LOAN_ASSETS":null,"DEPOSIT_EQUITY":null,"DEPOSIT_ASSETS":null,"EQUITY_MULTIPLIER":1.884073628039,"EQUITY_RATIO":0.923135980415},{"SECUCODE":"01075.HK","SECURITY_CODE":"01075","SECURITY_NAME_ABBR":"首都信息","ORG_CODE":"10037795","STD_REPORT_DATE":"2021-12-31 00:00:00","REPORT_DATE":"2021-12-31 00:00:00","DATE_TYPE_CODE":"001","REPORT_TYPE":"2021年年报","PER_NETCASH_OPERATE":0.065916165497,"PER_OI":0.492316080679,"BPS":3.941288364764,"BASIC_EPS":0.006,"DILUTED_EPS":null,"OPERATE_INCOME":1426774385.79,"OPERATE_INCOME_YOY":1.1491112121,"GROSS_PROFIT":509611720.05,"GROSS_PROFIT_YOY":3.205135172784,"HOLDER_PROFIT":18346847.52,"HOLDER_PROFIT_YOY":-85.6091908477,"GROSS_PROFIT_RATIO":35.717750831911,"EPS_TTM":0.006330677193,"OPERATE_INCOME_QOQ":0.675114634554,"NET_PROFIT_RATIO":2.0926638561,"ROE_AVG":1.579284029559,"GROSS_PROFIT_QOQ":4.904728516214,"ROA":0.751669632618,"HOLDER_PROFIT_QOQ":-86.172367463321,"ROE_YEARLY":1.579284029559,"ROIC_YEARLY":1.281064667023,"TOTAL_ASSETS":2378501521.95,"TOTAL_LIABILITIES":1189748534.87,"TAX_EBT":34.575319364438,"OCF_SALES":13.388992983234,"TOTAL_PARENT_EQUITY":1142219298.66,"DEBT_ASSET_RATIO":50.0209280461,"OPERATE_PROFIT":35065373.83,"PRETAX_PROFIT":45636587.89,"NETCASH_OPERATE":191030722.4,"NETCASH_INVEST":117876441.77,"NETCASH_FINANCE":-97249164.05,"END_CASH":1037397070,"DIVI_RATIO":null,"DIVIDEND_RATE":null,"CURRENT_RATIO":1.612113218256,"COMMON_ACS":null,"CURRENTDEBT_DEBT":97.375581970907,"ISSUED_COMMON_SHARES":289808609,"HK_COMMON_SHARES":77449800,"PER_SHARES":1000,"TOTAL_MARKET_CAP":594107648.45,"HKSK_MARKET_CAP":158772090,"PE_TTM":-4.045348522773,"PB_TTM":0.482171714198,"REPORT_DATE_SQ":"2020-12-31 00:00:00","REPORT_TYPE_SQ":"2020年年报","OPERATE_INCOME_SQ":1410565420.39,"DPS_HKD":null,"OPERATE_INCOME_QOQ_SQ":5.357783390646,"NET_PROFIT_RATIO_SQ":9.7319412177,"HOLDER_PROFIT_SQ":127490034.27,"HOLDER_PROFIT_QOQ_SQ":3.414676749159,"ROE_AVG_SQ":11.149792385231,"PE_TTM_SQ":6.540893277922,"PB_TTM_SQ":0.695112538829,"ROA_SQ":5.292562691886,"START_DATE":"2021-01-01 00:00:00","FISCAL_YEAR":"12-31","CURRENCY":"HKD","IS_CNY_CODE":0,"DPS_HKD_LY":0.0235,"ORG_TYPE":"一般企业","PREMIUM_INCOME":null,"PREMIUM_INCOME_YOY":null,"NET_INTEREST_INCOME":null,"NET_INTEREST_INCOME_YOY":null,"FEE_COMMISSION_INCOME":null,"FEE_COMMISSION_INCOME_YOY":null,"ACCOUNTS_RECE_TDAYS":4.129358893962,"INVENTORY_TDAYS":3.769963453129,"CURRENT_ASSETS_TDAYS":0.752410000648,"TOTAL_ASSETS_TDAYS":0.584548913499,"PREMIUM_EXPENSE":null,"LOAN_DEPOSIT":null,"LOAN_EQUITY":null,"LOAN_ASSETS":null,"DEPOSIT_EQUITY":null,"DEPOSIT_ASSETS":null,"EQUITY_MULTIPLIER":2.000837472377,"EQUITY_RATIO":1.041611305522},{"SECUCODE":"01075.HK","SECURITY_CODE":"01075","SECURITY_NAME_ABBR":"首都信息","ORG_CODE":"10037795","STD_REPORT_DATE":"2021-06-30 00:00:00","REPORT_DATE":"2021-06-30 00:00:00","DATE_TYPE_CODE":"002","REPORT_TYPE":"2021年中报","PER_NETCASH_OPERATE":-0.038262976315,"PER_OI":0.147466003766,"BPS":3.996020137759,"BASIC_EPS":0.0118,"DILUTED_EPS":0.0118,"OPERATE_INCOME":427369174.41,"OPERATE_INCOME_YOY":1.5785011867,"GROSS_PROFIT":157254781.06,"GROSS_PROFIT_YOY":-4.840989246528,"HOLDER_PROFIT":34208609.55,"HOLDER_PROFIT_YOY":17.8950623541,"GROSS_PROFIT_RATIO":36.796004596517,"EPS_TTM":0.045782798873,"OPERATE_INCOME_QOQ":0.470818016237,"NET_PROFIT_RATIO":8.5645847342,"ROE_AVG":2.924687241551,"GROSS_PROFIT_QOQ":-1.62013034824,"ROA":1.36266608425,"HOLDER_PROFIT_QOQ":4.072834696242,"ROE_YEARLY":5.849374483103,"ROIC_YEARLY":4.346312723338,"TOTAL_ASSETS":2517711461.24,"TOTAL_LIABILITIES":1294653603.57,"TAX_EBT":16.547757350726,"OCF_SALES":-25.946981228369,"TOTAL_PARENT_EQUITY":1158081037.66,"DEBT_ASSET_RATIO":51.4218417599,"OPERATE_PROFIT":38818331.63,"PRETAX_PROFIT":43860289.32,"NETCASH_OPERATE":-110889399.46,"NETCASH_INVEST":175674491.52,"NETCASH_FINANCE":-13426017.32,"END_CASH":877870388.09,"DIVI_RATIO":null,"DIVIDEND_RATE":null,"CURRENT_RATIO":1.544119883466,"COMMON_ACS":null,"CURRENTDEBT_DEBT":96.006973675627,"ISSUED_COMMON_SHARES":289808609,"HK_COMMON_SHARES":77449800,"PER_SHARES":1000,"TOTAL_MARKET_CAP":579617218,"HKSK_MARKET_CAP":154899600,"PE_TTM":-3.946681485633,"PB_TTM":0.470411428486,"REPORT_DATE_SQ":"2020-06-30 00:00:00","REPORT_TYPE_SQ":"2020年中报","OPERATE_INCOME_SQ":420727978.28,"DPS_HKD":null,"OPERATE_INCOME_QOQ_SQ":0.561546811298,"NET_PROFIT_RATIO_SQ":7.3794921025,"HOLDER_PROFIT_SQ":29016151.2,"HOLDER_PROFIT_QOQ_SQ":-3.421379638183,"ROE_AVG_SQ":2.658478533734,"PE_TTM_SQ":6.339635023217,"PB_TTM_SQ":0.673724460711,"ROA_SQ":1.233493702536,"START_DATE":"2021-01-01 00:00:00","FISCAL_YEAR":"12-31","CURRENCY":"HKD","IS_CNY_CODE":0,"DPS_HKD_LY":0.0235,"ORG_TYPE":"一般企业","PREMIUM_INCOME":null,"PREMIUM_INCOME_YOY":null,"NET_INTEREST_INCOME":null,"NET_INTEREST_INCOME_YOY":null,"FEE_COMMISSION_INCOME":null,"FEE_COMMISSION_INCOME_YOY":null,"ACCOUNTS_RECE_TDAYS":1.396360942628,"INVENTORY_TDAYS":0.811670593309,"CURRENT_ASSETS_TDAYS":0.22234793006,"TOTAL_ASSETS_TDAYS":0.170238278341,"PREMIUM_EXPENSE":null,"LOAN_DEPOSIT":null,"LOAN_EQUITY":null,"LOAN_ASSETS":null,"DEPOSIT_EQUITY":null,"DEPOSIT_ASSETS":null,"EQUITY_MULTIPLIER":2.058538314807,"EQUITY_RATIO":1.117930059701},{"SECUCODE":"01075.HK","SECURITY_CODE":"01075","SECURITY_NAME_ABBR":"首都信息","ORG_CODE":"10037795","STD_REPORT_DATE":"2020-12-31 00:00:00","REPORT_DATE":"2020-12-31 00:00:00","DATE_TYPE_CODE":"001","REPORT_TYPE":"2020年年报","PER_NETCASH_OPERATE":0.098764393856,"PER_OI":0.486723091067,"BPS":4.075860009838,"BASIC_EPS":0.044,"DILUTED_EPS":0.044,"OPERATE_INCOME":1410565420.39,"OPERATE_INCOME_YOY":5.9494166637,"GROSS_PROFIT":493785235.78,"GROSS_PROFIT_YOY":8.340786731123,"HOLDER_PROFIT":127490034.27,"HOLDER_PROFIT_YOY":-0.123531944,"GROSS_PROFIT_RATIO":35.006191747099,"EPS_TTM":0.043991113537,"OPERATE_INCOME_QOQ":5.357783390646,"NET_PROFIT_RATIO":9.7319412177,"ROE_AVG":11.149792385231,"GROSS_PROFIT_QOQ":7.699354265703,"ROA":5.292562691886,"HOLDER_PROFIT_QOQ":3.414676749159,"ROE_YEARLY":11.149792385231,"ROIC_YEARLY":8.532891652702,"TOTAL_ASSETS":2503123788.92,"TOTAL_LIABILITIES":1259321434.5,"TAX_EBT":11.374758842476,"OCF_SALES":20.291700901108,"TOTAL_PARENT_EQUITY":1181219319.93,"DEBT_ASSET_RATIO":50.3099942589,"OPERATE_PROFIT":151031855.78,"PRETAX_PROFIT":154894244.3,"NETCASH_OPERATE":286227716.12,"NETCASH_INVEST":-231923108.28,"NETCASH_FINANCE":-74422909.76,"END_CASH":827104162.78,"DIVI_RATIO":null,"DIVIDEND_RATE":null,"CURRENT_RATIO":1.595966162759,"COMMON_ACS":null,"CURRENTDEBT_DEBT":95.772677927845,"ISSUED_COMMON_SHARES":289808609,"HK_COMMON_SHARES":77449800,"PER_SHARES":1000,"TOTAL_MARKET_CAP":594107648.45,"HKSK_MARKET_CAP":158772090,"PE_TTM":-4.045348522773,"PB_TTM":0.482171714198,"REPORT_DATE_SQ":"2019-12-31 00:00:00","REPORT_TYPE_SQ":"2019年年报","OPERATE_INCOME_SQ":1331357420.18,"DPS_HKD":null,"OPERATE_INCOME_QOQ_SQ":12.605549778286,"NET_PROFIT_RATIO_SQ":10.2003471128,"HOLDER_PROFIT_SQ":127647719.98,"HOLDER_PROFIT_QOQ_SQ":81.123210087113,"ROE_AVG_SQ":12.086849207082,"PE_TTM_SQ":6.540893277922,"PB_TTM_SQ":0.695112538829,"ROA_SQ":5.64197674774,"START_DATE":"2020-01-01 00:00:00","FISCAL_YEAR":"12-31","CURRENCY":"HKD","IS_CNY_CODE":0,"DPS_HKD_LY":0.0217,"ORG_TYPE":"一般企业","PREMIUM_INCOME":null,"PREMIUM_INCOME_YOY":null,"NET_INTEREST_INCOME":null,"NET_INTEREST_INCOME_YOY":null,"FEE_COMMISSION_INCOME":null,"FEE_COMMISSION_INCOME_YOY":null,"ACCOUNTS_RECE_TDAYS":4.528121708818,"INVENTORY_TDAYS":3.127206302789,"CURRENT_ASSETS_TDAYS":0.770722437614,"TOTAL_ASSETS_TDAYS":0.585575646063,"PREMIUM_EXPENSE":null,"LOAN_DEPOSIT":null,"LOAN_EQUITY":null,"LOAN_ASSETS":null,"DEPOSIT_EQUITY":null,"DEPOSIT_ASSETS":null,"EQUITY_MULTIPLIER":2.012477127111,"EQUITY_RATIO":1.066119909531},{"SECUCODE":"01075.HK","SECURITY_CODE":"01075","SECURITY_NAME_ABBR":"首都信息","ORG_CODE":"10037795","STD_REPORT_DATE":"2020-06-30 00:00:00","REPORT_DATE":"2020-06-30 00:00:00","DATE_TYPE_CODE":"002","REPORT_TYPE":"2020年中报","PER_NETCASH_OPERATE":0.01234370042,"PER_OI":0.145174423764,"BPS":3.717191391509,"BASIC_EPS":0.01,"DILUTED_EPS":0.01,"OPERATE_INCOME":420727978.28,"OPERATE_INCOME_YOY":1.8091138248,"GROSS_PROFIT":165254745.52,"GROSS_PROFIT_YOY":1.670024889064,"HOLDER_PROFIT":29016151.2,"HOLDER_PROFIT_YOY":-13.082264503,"GROSS_PROFIT_RATIO":39.278287646946,"EPS_TTM":0.042538559245,"OPERATE_INCOME_QOQ":0.561546811298,"NET_PROFIT_RATIO":7.3794921025,"ROE_AVG":2.658478533734,"GROSS_PROFIT_QOQ":0.595576890682,"ROA":1.233493702536,"HOLDER_PROFIT_QOQ":-3.421379638183,"ROE_YEARLY":5.316957067469,"ROIC_YEARLY":3.7377771732,"TOTAL_ASSETS":2390128646.18,"TOTAL_LIABILITIES":1268067240.33,"TAX_EBT":18.64197012954,"OCF_SALES":8.502668789997,"TOTAL_PARENT_EQUITY":1077274066.56,"DEBT_ASSET_RATIO":53.0543509596,"OPERATE_PROFIT":33548002.62,"PRETAX_PROFIT":38161676.21,"NETCASH_OPERATE":35773106.5,"NETCASH_INVEST":-248313439.89,"NETCASH_FINANCE":-12462767.66,"END_CASH":627238283.41,"DIVI_RATIO":null,"DIVIDEND_RATE":null,"CURRENT_RATIO":1.511115676059,"COMMON_ACS":null,"CURRENTDEBT_DEBT":96.204096064537,"ISSUED_COMMON_SHARES":289808609,"HK_COMMON_SHARES":77449800,"PER_SHARES":1000,"TOTAL_MARKET_CAP":579617218,"HKSK_MARKET_CAP":154899600,"PE_TTM":-3.946681485633,"PB_TTM":0.470411428486,"REPORT_DATE_SQ":"2019-06-30 00:00:00","REPORT_TYPE_SQ":"2019年中报","OPERATE_INCOME_SQ":413251783.14,"DPS_HKD":null,"OPERATE_INCOME_QOQ_SQ":4.490724226288,"NET_PROFIT_RATIO_SQ":8.4612901859,"HOLDER_PROFIT_SQ":33383464.3,"HOLDER_PROFIT_QOQ_SQ":13.360768468707,"ROE_AVG_SQ":3.308776082581,"PE_TTM_SQ":6.339635023217,"PB_TTM_SQ":0.673724460711,"ROA_SQ":1.486165410877,"START_DATE":"2020-01-01 00:00:00","FISCAL_YEAR":"12-31","CURRENCY":"HKD","IS_CNY_CODE":0,"DPS_HKD_LY":0.0217,"ORG_TYPE":"一般企业","PREMIUM_INCOME":null,"PREMIUM_INCOME_YOY":null,"NET_INTEREST_INCOME":null,"NET_INTEREST_INCOME_YOY":null,"FEE_COMMISSION_INCOME":null,"FEE_COMMISSION_INCOME_YOY":null,"ACCOUNTS_RECE_TDAYS":1.424034048639,"INVENTORY_TDAYS":0.682429165977,"CURRENT_ASSETS_TDAYS":0.235111922798,"TOTAL_ASSETS_TDAYS":0.178853945209,"PREMIUM_EXPENSE":null,"LOAN_DEPOSIT":null,"LOAN_EQUITY":null,"LOAN_ASSETS":null,"DEPOSIT_EQUITY":null,"DEPOSIT_ASSETS":null,"EQUITY_MULTIPLIER":2.130122855772,"EQUITY_RATIO":1.177107367282}],"count":65},"success":true,"message":"ok","code":0}