{"version":"f2582138c74f6f35c2b0bc194340fcc8","result":{"pages":7,"data":[{"SECUCODE":"01079.HK","SECURITY_CODE":"01079","SECURITY_NAME_ABBR":"松景科技","ORG_CODE":"10010651","STD_REPORT_DATE":"2023-12-31 00:00:00","REPORT_DATE":"2024-06-30 00:00:00","DATE_TYPE_CODE":"001","REPORT_TYPE":"2023年年报","PER_NETCASH_OPERATE":-0.006637851645,"PER_OI":0.161548344635,"BPS":0.057549602775,"BASIC_EPS":0.03103112,"DILUTED_EPS":0.03103112,"OPERATE_INCOME":214326469.76,"OPERATE_INCOME_YOY":399.7169791246,"GROSS_PROFIT":2580146.36,"GROSS_PROFIT_YOY":320.700637901573,"HOLDER_PROFIT":41655627.88,"HOLDER_PROFIT_YOY":144.2150641802,"GROSS_PROFIT_RATIO":1.203839340465,"EPS_TTM":-0.023948106561,"OPERATE_INCOME_QOQ":244.552612308535,"NET_PROFIT_RATIO":19.1707263065,"ROE_AVG":76.110828545938,"GROSS_PROFIT_QOQ":-19.438262515942,"ROA":46.088054125013,"HOLDER_PROFIT_QOQ":66.616021766332,"ROE_YEARLY":76.110828545938,"ROIC_YEARLY":-256.87913324891,"TOTAL_ASSETS":82555556.72,"TOTAL_LIABILITIES":3710044.2,"TAX_EBT":1.317404647085,"OCF_SALES":-4.108894869524,"TOTAL_PARENT_EQUITY":76351158.08,"DEBT_ASSET_RATIO":4.4939969487,"OPERATE_PROFIT":41733205.68,"PRETAX_PROFIT":41636461.6,"NETCASH_OPERATE":-8806449.32,"NETCASH_INVEST":-3418899.28,"NETCASH_FINANCE":-1324298.68,"END_CASH":76342031.28,"DIVI_RATIO":null,"DIVIDEND_RATE":null,"CURRENT_RATIO":21.425830258303,"COMMON_ACS":2000000000,"CURRENTDEBT_DEBT":100,"ISSUED_COMMON_SHARES":1326701739,"HK_COMMON_SHARES":1326701739,"PER_SHARES":2000,"TOTAL_MARKET_CAP":70315192.167,"HKSK_MARKET_CAP":70315192.167,"PE_TTM":1.540614626476,"PB_TTM":0.84052778243,"REPORT_DATE_SQ":"2022-12-31 00:00:00","REPORT_TYPE_SQ":"2022年年报","OPERATE_INCOME_SQ":43326606.14,"DPS_HKD":null,"OPERATE_INCOME_QOQ_SQ":-35.937693118194,"NET_PROFIT_RATIO_SQ":-228.9468644266,"HOLDER_PROFIT_SQ":-95171385.5,"HOLDER_PROFIT_QOQ_SQ":-23.104936134015,"ROE_AVG_SQ":-115.865978224268,"PE_TTM_SQ":-0.449838322742,"PB_TTM_SQ":1.280000023844,"ROA_SQ":-150.041789309205,"START_DATE":"2023-07-01 00:00:00","FISCAL_YEAR":"6-30","CURRENCY":"HKD","IS_CNY_CODE":0,"DPS_HKD_LY":null,"ORG_TYPE":"一般企业","PREMIUM_INCOME":null,"PREMIUM_INCOME_YOY":null,"NET_INTEREST_INCOME":null,"NET_INTEREST_INCOME_YOY":null,"FEE_COMMISSION_INCOME":null,"FEE_COMMISSION_INCOME_YOY":null,"ACCOUNTS_RECE_TDAYS":49.417508417508,"INVENTORY_TDAYS":null,"CURRENT_ASSETS_TDAYS":2.438837452032,"TOTAL_ASSETS_TDAYS":2.37132182167,"PREMIUM_EXPENSE":null,"LOAN_DEPOSIT":null,"LOAN_EQUITY":null,"LOAN_ASSETS":null,"DEPOSIT_EQUITY":null,"DEPOSIT_ASSETS":null,"EQUITY_MULTIPLIER":1.047054601859,"EQUITY_RATIO":0.048591852348},{"SECUCODE":"01079.HK","SECURITY_CODE":"01079","SECURITY_NAME_ABBR":"松景科技","ORG_CODE":"10010651","STD_REPORT_DATE":"2023-06-30 00:00:00","REPORT_DATE":"2023-12-31 00:00:00","DATE_TYPE_CODE":"002","REPORT_TYPE":"2023年中报","PER_NETCASH_OPERATE":-0.001756836349,"PER_OI":0.087130749574,"BPS":0.061808262347,"BASIC_EPS":0.0362488,"DILUTED_EPS":0.0362488,"OPERATE_INCOME":115596516.98,"OPERATE_INCOME_YOY":1081.9773906597,"GROSS_PROFIT":1350267.8,"GROSS_PROFIT_YOY":-14.405380990335,"HOLDER_PROFIT":47538488.76,"HOLDER_PROFIT_YOY":395.4381617481,"GROSS_PROFIT_RATIO":1.168086924482,"EPS_TTM":-0.071735328825,"OPERATE_INCOME_QOQ":28.913637280476,"NET_PROFIT_RATIO":40.6423694134,"ROE_AVG":82.764822820359,"GROSS_PROFIT_QOQ":-131.499802794589,"ROA":51.957905162808,"HOLDER_PROFIT_QOQ":-40.134795312537,"ROE_YEARLY":165.529645640718,"ROIC_YEARLY":-566.470492953944,"TOTAL_ASSETS":85473764.18,"TOTAL_LIABILITIES":3458135.52,"TAX_EBT":0.712438954323,"OCF_SALES":-2.016321858905,"TOTAL_PARENT_EQUITY":82001129.14,"DEBT_ASSET_RATIO":4.0458444216,"OPERATE_PROFIT":47388962.46,"PRETAX_PROFIT":47318277.3,"NETCASH_OPERATE":-2330797.84,"NETCASH_INVEST":-3401043.66,"NETCASH_FINANCE":-492077.46,"END_CASH":83132091.7,"DIVI_RATIO":null,"DIVIDEND_RATE":null,"CURRENT_RATIO":24.393605870021,"COMMON_ACS":2000000000,"CURRENTDEBT_DEBT":100,"ISSUED_COMMON_SHARES":1326701739,"HK_COMMON_SHARES":1326701739,"PER_SHARES":2000,"TOTAL_MARKET_CAP":66335086.95,"HKSK_MARKET_CAP":66335086.95,"PE_TTM":1.453410024978,"PB_TTM":0.792950738142,"REPORT_DATE_SQ":"2022-06-30 00:00:00","REPORT_TYPE_SQ":"2022年中报","OPERATE_INCOME_SQ":9640169.84,"DPS_HKD":null,"OPERATE_INCOME_QOQ_SQ":-6.326012527057,"NET_PROFIT_RATIO_SQ":-170.7369942197,"HOLDER_PROFIT_SQ":-15860902.12,"HOLDER_PROFIT_QOQ_SQ":-417.186322393074,"ROE_AVG_SQ":-2.887903415111,"PE_TTM_SQ":-0.411280752221,"PB_TTM_SQ":1.170285736086,"ROA_SQ":-8.069777336548,"START_DATE":"2023-07-01 00:00:00","FISCAL_YEAR":"6-30","CURRENCY":"HKD","IS_CNY_CODE":0,"DPS_HKD_LY":null,"ORG_TYPE":"一般企业","PREMIUM_INCOME":null,"PREMIUM_INCOME_YOY":null,"NET_INTEREST_INCOME":null,"NET_INTEREST_INCOME_YOY":null,"FEE_COMMISSION_INCOME":null,"FEE_COMMISSION_INCOME_YOY":null,"ACCOUNTS_RECE_TDAYS":34.452126941256,"INVENTORY_TDAYS":null,"CURRENT_ASSETS_TDAYS":1.284795560189,"TOTAL_ASSETS_TDAYS":1.263429491148,"PREMIUM_EXPENSE":null,"LOAN_DEPOSIT":null,"LOAN_EQUITY":null,"LOAN_ASSETS":null,"DEPOSIT_EQUITY":null,"DEPOSIT_ASSETS":null,"EQUITY_MULTIPLIER":1.042164348143,"EQUITY_RATIO":0.042171803685},{"SECUCODE":"01079.HK","SECURITY_CODE":"01079","SECURITY_NAME_ABBR":"松景科技","ORG_CODE":"10010651","STD_REPORT_DATE":"2022-12-31 00:00:00","REPORT_DATE":"2023-06-30 00:00:00","DATE_TYPE_CODE":"001","REPORT_TYPE":"2022年年报","PER_NETCASH_OPERATE":-0.003833296913,"PER_OI":0.032657382489,"BPS":0.025210390155,"BASIC_EPS":-0.07191444,"DILUTED_EPS":-0.07191444,"OPERATE_INCOME":43326606.14,"OPERATE_INCOME_YOY":-9.2378708282,"GROSS_PROFIT":-1169070.64,"GROSS_PROFIT_YOY":-130.685304093397,"HOLDER_PROFIT":-95171385.5,"HOLDER_PROFIT_YOY":-60.9947439837,"GROSS_PROFIT_RATIO":-2.698274211053,"EPS_TTM":-0.051190233421,"OPERATE_INCOME_QOQ":-35.937693118194,"NET_PROFIT_RATIO":-228.9468644266,"ROE_AVG":-115.865978224268,"GROSS_PROFIT_QOQ":-68.400388251972,"ROA":-150.041789309205,"HOLDER_PROFIT_QOQ":-23.104936134015,"ROE_YEARLY":-115.865978224268,"ROIC_YEARLY":675.15861076591,"TOTAL_ASSETS":99210579.88,"TOTAL_LIABILITIES":20488239.56,"TAX_EBT":8.743048775311,"OCF_SALES":-11.737918413381,"TOTAL_PARENT_EQUITY":33446668.46,"DEBT_ASSET_RATIO":20.6512647994,"OPERATE_PROFIT":-108407330.38,"PRETAX_PROFIT":-108595414.3,"NETCASH_OPERATE":-5085641.68,"NETCASH_INVEST":44255.04,"NETCASH_FINANCE":-6694496.78,"END_CASH":90454535.82,"DIVI_RATIO":null,"DIVIDEND_RATE":null,"CURRENT_RATIO":5.046937799043,"COMMON_ACS":2000000000,"CURRENTDEBT_DEBT":94.050940509405,"ISSUED_COMMON_SHARES":1326701739,"HK_COMMON_SHARES":1326701739,"PER_SHARES":2000,"TOTAL_MARKET_CAP":66335086.95,"HKSK_MARKET_CAP":66335086.95,"PE_TTM":1.453410024978,"PB_TTM":0.792950738142,"REPORT_DATE_SQ":"2021-12-31 00:00:00","REPORT_TYPE_SQ":"2021年年报","OPERATE_INCOME_SQ":44278317.44,"DPS_HKD":null,"OPERATE_INCOME_QOQ_SQ":-29.048869042793,"NET_PROFIT_RATIO_SQ":-108.0081872841,"HOLDER_PROFIT_SQ":-54832217.23,"HOLDER_PROFIT_QOQ_SQ":34.580183916236,"ROE_AVG_SQ":-36.755499910571,"PE_TTM_SQ":-0.411280752221,"PB_TTM_SQ":1.170285736086,"ROA_SQ":-23.618992888442,"START_DATE":"2022-07-01 00:00:00","FISCAL_YEAR":"6-30","CURRENCY":"HKD","IS_CNY_CODE":0,"DPS_HKD_LY":null,"ORG_TYPE":"一般企业","PREMIUM_INCOME":null,"PREMIUM_INCOME_YOY":null,"NET_INTEREST_INCOME":null,"NET_INTEREST_INCOME_YOY":null,"FEE_COMMISSION_INCOME":null,"FEE_COMMISSION_INCOME_YOY":null,"ACCOUNTS_RECE_TDAYS":7.669822098906,"INVENTORY_TDAYS":2540.05263157895,"CURRENT_ASSETS_TDAYS":0.7584592913,"TOTAL_ASSETS_TDAYS":0.683062611287,"PREMIUM_EXPENSE":null,"LOAN_DEPOSIT":null,"LOAN_EQUITY":null,"LOAN_ASSETS":null,"DEPOSIT_EQUITY":null,"DEPOSIT_ASSETS":null,"EQUITY_MULTIPLIER":1.260259533403,"EQUITY_RATIO":0.612564434766},{"SECUCODE":"01079.HK","SECURITY_CODE":"01079","SECURITY_NAME_ABBR":"松景科技","ORG_CODE":"10010651","STD_REPORT_DATE":"2022-06-30 00:00:00","REPORT_DATE":"2022-12-31 00:00:00","DATE_TYPE_CODE":"002","REPORT_TYPE":"2022年中报","PER_NETCASH_OPERATE":0.003401714694,"PER_OI":0.007266267584,"BPS":0.082523078686,"BASIC_EPS":-0.01161251,"DILUTED_EPS":-0.01161251,"OPERATE_INCOME":9640169.84,"OPERATE_INCOME_YOY":-69.0311031551,"GROSS_PROFIT":1577514.82,"GROSS_PROFIT_YOY":-83.592431250801,"HOLDER_PROFIT":-15860902.12,"HOLDER_PROFIT_YOY":-367.3511293634,"GROSS_PROFIT_RATIO":16.401734104046,"EPS_TTM":-0.041582600202,"OPERATE_INCOME_QOQ":-6.326012527057,"NET_PROFIT_RATIO":-170.7369942197,"ROE_AVG":-2.887903415111,"GROSS_PROFIT_QOQ":-56.308694933339,"ROA":-8.069777336548,"HOLDER_PROFIT_QOQ":-417.186322393074,"ROE_YEARLY":-5.775806830221,"ROIC_YEARLY":-61.81423139598,"TOTAL_ASSETS":183997767.4,"TOTAL_LIABILITIES":27503205.4,"TAX_EBT":4.516330676668,"OCF_SALES":46.820809248555,"TOTAL_PARENT_EQUITY":109483512,"DEBT_ASSET_RATIO":14.9475756085,"OPERATE_PROFIT":-17038231.98,"PRETAX_PROFIT":-17148104.19,"NETCASH_OPERATE":4514586.58,"NETCASH_INVEST":11612.51,"NETCASH_FINANCE":-4939783.1,"END_CASH":97355710.76,"DIVI_RATIO":null,"DIVIDEND_RATE":null,"CURRENT_RATIO":6.341224489796,"COMMON_ACS":2000000000,"CURRENTDEBT_DEBT":62.041023043809,"ISSUED_COMMON_SHARES":1326701739,"HK_COMMON_SHARES":1326701739,"PER_SHARES":2000,"TOTAL_MARKET_CAP":66335086.95,"HKSK_MARKET_CAP":66335086.95,"PE_TTM":1.453410024978,"PB_TTM":0.792950738142,"REPORT_DATE_SQ":"2021-06-30 00:00:00","REPORT_TYPE_SQ":"2021年中报","OPERATE_INCOME_SQ":28493003.3,"DPS_HKD":null,"OPERATE_INCOME_QOQ_SQ":-72.871487891143,"NET_PROFIT_RATIO_SQ":-3.651578547,"HOLDER_PROFIT_SQ":-3104965.9,"HOLDER_PROFIT_QOQ_SQ":64.622933403429,"ROE_AVG_SQ":-1.849179829891,"PE_TTM_SQ":-0.411280752221,"PB_TTM_SQ":1.170285736086,"ROA_SQ":-1.230357233086,"START_DATE":"2022-07-01 00:00:00","FISCAL_YEAR":"6-30","CURRENCY":"HKD","IS_CNY_CODE":0,"DPS_HKD_LY":null,"ORG_TYPE":"一般企业","PREMIUM_INCOME":null,"PREMIUM_INCOME_YOY":null,"NET_INTEREST_INCOME":null,"NET_INTEREST_INCOME_YOY":null,"FEE_COMMISSION_INCOME":null,"FEE_COMMISSION_INCOME_YOY":null,"ACCOUNTS_RECE_TDAYS":2.96564990382,"INVENTORY_TDAYS":null,"CURRENT_ASSETS_TDAYS":0.081478864948,"TOTAL_ASSETS_TDAYS":0.049071053751,"PREMIUM_EXPENSE":null,"LOAN_DEPOSIT":null,"LOAN_EQUITY":null,"LOAN_ASSETS":null,"DEPOSIT_EQUITY":null,"DEPOSIT_ASSETS":null,"EQUITY_MULTIPLIER":1.175745438363,"EQUITY_RATIO":0.251208651399},{"SECUCODE":"01079.HK","SECURITY_CODE":"01079","SECURITY_NAME_ABBR":"松景科技","ORG_CODE":"10010651","STD_REPORT_DATE":"2021-12-31 00:00:00","REPORT_DATE":"2022-06-30 00:00:00","DATE_TYPE_CODE":"001","REPORT_TYPE":"2021年年报","PER_NETCASH_OPERATE":0.054350785471,"PER_OI":0.033374733852,"BPS":0.092038178598,"BASIC_EPS":-0.04104912,"DILUTED_EPS":-0.04104912,"OPERATE_INCOME":44278317.44,"OPERATE_INCOME_YOY":-36.0258613635,"GROSS_PROFIT":3809871.45,"GROSS_PROFIT_YOY":-86.572079849041,"HOLDER_PROFIT":-54832217.23,"HOLDER_PROFIT_YOY":-225.6735340729,"GROSS_PROFIT_RATIO":22.387105027504,"EPS_TTM":-0.008040158527,"OPERATE_INCOME_QOQ":-29.048869042793,"NET_PROFIT_RATIO":-108.0081872841,"ROE_AVG":-36.755499910571,"GROSS_PROFIT_QOQ":-5.255374669377,"ROA":-23.618992888442,"HOLDER_PROFIT_QOQ":34.580183916236,"ROE_YEARLY":-36.755499910571,"ROIC_YEARLY":-44.426428860965,"TOTAL_ASSETS":200042624.04,"TOTAL_LIABILITIES":34361534.2,"TAX_EBT":1.98269079465,"OCF_SALES":137.444032237431,"TOTAL_PARENT_EQUITY":121354026.57,"DEBT_ASSET_RATIO":17.1762979759,"OPERATE_PROFIT":-64581383.23,"PRETAX_PROFIT":-65216789.4,"NETCASH_OPERATE":71670053.14,"NETCASH_INVEST":-33352.41,"NETCASH_FINANCE":-5201265.58,"END_CASH":95472556.41,"DIVI_RATIO":null,"DIVIDEND_RATE":null,"CURRENT_RATIO":4.83250327654,"COMMON_ACS":2000000000,"CURRENTDEBT_DEBT":74.064211050274,"ISSUED_COMMON_SHARES":1326701739,"HK_COMMON_SHARES":1326701739,"PER_SHARES":2000,"TOTAL_MARKET_CAP":66335086.95,"HKSK_MARKET_CAP":66335086.95,"PE_TTM":1.453410024978,"PB_TTM":0.792950738142,"REPORT_DATE_SQ":"2020-12-31 00:00:00","REPORT_TYPE_SQ":"2020年年报","OPERATE_INCOME_SQ":78935961.9,"DPS_HKD":null,"OPERATE_INCOME_QOQ_SQ":-62.426244678179,"NET_PROFIT_RATIO_SQ":-17.1126933464,"HOLDER_PROFIT_SQ":-16305292.4,"HOLDER_PROFIT_QOQ_SQ":62.407046215371,"ROE_AVG_SQ":-9.117508940505,"PE_TTM_SQ":-0.411280752221,"PB_TTM_SQ":1.170285736086,"ROA_SQ":-6.133284733613,"START_DATE":"2021-07-01 00:00:00","FISCAL_YEAR":"6-30","CURRENCY":"HKD","IS_CNY_CODE":0,"DPS_HKD_LY":null,"ORG_TYPE":"一般企业","PREMIUM_INCOME":null,"PREMIUM_INCOME_YOY":null,"NET_INTEREST_INCOME":null,"NET_INTEREST_INCOME_YOY":null,"FEE_COMMISSION_INCOME":null,"FEE_COMMISSION_INCOME_YOY":null,"ACCOUNTS_RECE_TDAYS":9.705876839441,"INVENTORY_TDAYS":null,"CURRENT_ASSETS_TDAYS":0.401695786228,"TOTAL_ASSETS_TDAYS":0.224610300984,"PREMIUM_EXPENSE":null,"LOAN_DEPOSIT":null,"LOAN_EQUITY":null,"LOAN_ASSETS":null,"DEPOSIT_EQUITY":null,"DEPOSIT_ASSETS":null,"EQUITY_MULTIPLIER":1.20738384733,"EQUITY_RATIO":0.283151166642},{"SECUCODE":"01079.HK","SECURITY_CODE":"01079","SECURITY_NAME_ABBR":"松景科技","ORG_CODE":"10010651","STD_REPORT_DATE":"2021-06-30 00:00:00","REPORT_DATE":"2021-12-31 00:00:00","DATE_TYPE_CODE":"002","REPORT_TYPE":"2021年中报","PER_NETCASH_OPERATE":0.018069345427,"PER_OI":0.021476570402,"BPS":0.125610784776,"BASIC_EPS":-0.002359009,"DILUTED_EPS":-0.002359009,"OPERATE_INCOME":28493003.3,"OPERATE_INCOME_YOY":-39.2279241794,"GROSS_PROFIT":9614555.6,"GROSS_PROFIT_YOY":-40.415782702881,"HOLDER_PROFIT":-3104965.9,"HOLDER_PROFIT_YOY":63.6567164179,"GROSS_PROFIT_RATIO":43.685812095854,"EPS_TTM":-0.012290096501,"OPERATE_INCOME_QOQ":-72.871487891143,"NET_PROFIT_RATIO":-3.651578547,"ROE_AVG":-1.849179829891,"GROSS_PROFIT_QOQ":-35.49746432499,"ROA":-1.230357233086,"HOLDER_PROFIT_QOQ":64.622933403429,"ROE_YEARLY":-3.698359659781,"ROIC_YEARLY":-3.770590170915,"TOTAL_ASSETS":252146183.6,"TOTAL_LIABILITIES":39860876.4,"TAX_EBT":-0.421496311907,"OCF_SALES":71.510079878281,"TOTAL_PARENT_EQUITY":166648046.6,"DEBT_ASSET_RATIO":15.8086376049,"OPERATE_PROFIT":-5495853.4,"PRETAX_PROFIT":-6050539.3,"NETCASH_OPERATE":23972632,"NETCASH_INVEST":-57381.3,"NETCASH_FINANCE":784211.1,"END_CASH":55468590,"DIVI_RATIO":null,"DIVIDEND_RATE":null,"CURRENT_RATIO":4.459521331946,"COMMON_ACS":2000000000,"CURRENTDEBT_DEBT":76.855406269994,"ISSUED_COMMON_SHARES":1326701739,"HK_COMMON_SHARES":1326701739,"PER_SHARES":2000,"TOTAL_MARKET_CAP":66335086.95,"HKSK_MARKET_CAP":66335086.95,"PE_TTM":1.453410024978,"PB_TTM":0.792950738142,"REPORT_DATE_SQ":"2020-06-30 00:00:00","REPORT_TYPE_SQ":"2020年中报","OPERATE_INCOME_SQ":56453434.8,"DPS_HKD":null,"OPERATE_INCOME_QOQ_SQ":-38.417489487037,"NET_PROFIT_RATIO_SQ":-14.0083217753,"HOLDER_PROFIT_SQ":-8743366,"HOLDER_PROFIT_QOQ_SQ":52.343032762939,"ROE_AVG_SQ":-4.722383746542,"PE_TTM_SQ":-0.411280752221,"PB_TTM_SQ":1.170285736086,"ROA_SQ":-3.036896020306,"START_DATE":"2021-07-01 00:00:00","FISCAL_YEAR":"6-30","CURRENCY":"HKD","IS_CNY_CODE":0,"DPS_HKD_LY":null,"ORG_TYPE":"一般企业","PREMIUM_INCOME":null,"PREMIUM_INCOME_YOY":null,"NET_INTEREST_INCOME":null,"NET_INTEREST_INCOME_YOY":null,"FEE_COMMISSION_INCOME":null,"FEE_COMMISSION_INCOME_YOY":null,"ACCOUNTS_RECE_TDAYS":1.286969042477,"INVENTORY_TDAYS":null,"CURRENT_ASSETS_TDAYS":0.250906661577,"TOTAL_ASSETS_TDAYS":0.132838158759,"PREMIUM_EXPENSE":null,"LOAN_DEPOSIT":null,"LOAN_EQUITY":null,"LOAN_ASSETS":null,"DEPOSIT_EQUITY":null,"DEPOSIT_ASSETS":null,"EQUITY_MULTIPLIER":1.187770302739,"EQUITY_RATIO":0.239191981024},{"SECUCODE":"01079.HK","SECURITY_CODE":"01079","SECURITY_NAME_ABBR":"松景科技","ORG_CODE":"10010651","STD_REPORT_DATE":"2020-12-31 00:00:00","REPORT_DATE":"2021-06-30 00:00:00","DATE_TYPE_CODE":"001","REPORT_TYPE":"2020年年报","PER_NETCASH_OPERATE":0.003160171406,"PER_OI":0.059497895857,"BPS":0.129201830646,"BASIC_EPS":-0.01227419,"DILUTED_EPS":-0.01227419,"OPERATE_INCOME":78935961.9,"OPERATE_INCOME_YOY":-88.8294662937,"GROSS_PROFIT":28372759.2,"GROSS_PROFIT_YOY":417.067634219323,"HOLDER_PROFIT":-16305292.4,"HOLDER_PROFIT_YOY":85.4255687724,"GROSS_PROFIT_RATIO":35.944021605696,"EPS_TTM":-0.034740292746,"OPERATE_INCOME_QOQ":-62.426244678179,"NET_PROFIT_RATIO":-17.1126933464,"ROE_AVG":-9.117508940505,"GROSS_PROFIT_QOQ":591.558402939133,"ROA":-6.133284733613,"HOLDER_PROFIT_QOQ":62.407046215371,"ROE_YEARLY":-9.117508940505,"ROIC_YEARLY":-8.412351892279,"TOTAL_ASSETS":255923321.6,"TOTAL_LIABILITIES":40201202.3,"TAX_EBT":1.6,"OCF_SALES":5.311400278255,"TOTAL_PARENT_EQUITY":171412293.4,"DEBT_ASSET_RATIO":15.7082996769,"OPERATE_PROFIT":-12681176.3,"PRETAX_PROFIT":-13727712.5,"NETCASH_OPERATE":4192604.9,"NETCASH_INVEST":45220.7,"NETCASH_FINANCE":-1511663.4,"END_CASH":30905118.4,"DIVI_RATIO":null,"DIVIDEND_RATE":null,"CURRENT_RATIO":5.174033846931,"COMMON_ACS":2000000000,"CURRENTDEBT_DEBT":63.618833360116,"ISSUED_COMMON_SHARES":1326701739,"HK_COMMON_SHARES":1326701739,"PER_SHARES":2000,"TOTAL_MARKET_CAP":66335086.95,"HKSK_MARKET_CAP":66335086.95,"PE_TTM":1.453410024978,"PB_TTM":0.792950738142,"REPORT_DATE_SQ":"2019-12-31 00:00:00","REPORT_TYPE_SQ":"2019年年报","OPERATE_INCOME_SQ":774398187,"DPS_HKD":null,"OPERATE_INCOME_QOQ_SQ":9.485023069343,"NET_PROFIT_RATIO_SQ":-17.6009727022,"HOLDER_PROFIT_SQ":-122602781,"HOLDER_PROFIT_QOQ_SQ":3.386229163834,"ROE_AVG_SQ":-46.285011759675,"PE_TTM_SQ":-0.411280752221,"PB_TTM_SQ":1.170285736086,"ROA_SQ":-25.543903122557,"START_DATE":"2020-07-01 00:00:00","FISCAL_YEAR":"6-30","CURRENCY":"HKD","IS_CNY_CODE":0,"DPS_HKD_LY":null,"ORG_TYPE":"一般企业","PREMIUM_INCOME":null,"PREMIUM_INCOME_YOY":null,"NET_INTEREST_INCOME":null,"NET_INTEREST_INCOME_YOY":null,"FEE_COMMISSION_INCOME":null,"FEE_COMMISSION_INCOME_YOY":null,"ACCOUNTS_RECE_TDAYS":2.039048811014,"INVENTORY_TDAYS":null,"CURRENT_ASSETS_TDAYS":0.574511601664,"TOTAL_ASSETS_TDAYS":0.29691999271,"PREMIUM_EXPENSE":null,"LOAN_DEPOSIT":null,"LOAN_EQUITY":null,"LOAN_ASSETS":null,"DEPOSIT_EQUITY":null,"DEPOSIT_ASSETS":null,"EQUITY_MULTIPLIER":1.186356422005,"EQUITY_RATIO":0.234529283184},{"SECUCODE":"01079.HK","SECURITY_CODE":"01079","SECURITY_NAME_ABBR":"松景科技","ORG_CODE":"10010651","STD_REPORT_DATE":"2020-06-30 00:00:00","REPORT_DATE":"2020-12-31 00:00:00","DATE_TYPE_CODE":"002","REPORT_TYPE":"2020年中报","PER_NETCASH_OPERATE":-0.012526493191,"PER_OI":0.042551715386,"BPS":0.137309447742,"BASIC_EPS":-0.0065249,"DILUTED_EPS":-0.0065249,"OPERATE_INCOME":56453434.8,"OPERATE_INCOME_YOY":-88.820116554,"GROSS_PROFIT":16136077.7,"GROSS_PROFIT_YOY":143.848686617777,"HOLDER_PROFIT":-8743366,"HOLDER_PROFIT_YOY":89.0352671631,"GROSS_PROFIT_RATIO":28.582986592695,"EPS_TTM":-0.092411713497,"OPERATE_INCOME_QOQ":-38.417489487037,"NET_PROFIT_RATIO":-14.0083217753,"ROE_AVG":-4.722383746542,"GROSS_PROFIT_QOQ":92.392757221873,"ROA":-3.036896020306,"HOLDER_PROFIT_QOQ":52.343032762939,"ROE_YEARLY":-9.444767493084,"ROIC_YEARLY":-8.298241268269,"TOTAL_ASSETS":297267919.1,"TOTAL_LIABILITIES":72106669.9,"TAX_EBT":-3.324808184143,"OCF_SALES":-29.438280166436,"TOTAL_PARENT_EQUITY":182168683.1,"DEBT_ASSET_RATIO":24.256458658,"OPERATE_PROFIT":-7053416.9,"PRETAX_PROFIT":-7653707.7,"NETCASH_OPERATE":-16618920.3,"NETCASH_INVEST":null,"NETCASH_FINANCE":29375099.8,"END_CASH":41837658.8,"DIVI_RATIO":null,"DIVIDEND_RATE":null,"CURRENT_RATIO":2.9965906419,"COMMON_ACS":2000000000,"CURRENTDEBT_DEBT":76.970409917655,"ISSUED_COMMON_SHARES":1326701739,"HK_COMMON_SHARES":1326701739,"PER_SHARES":2000,"TOTAL_MARKET_CAP":66335086.95,"HKSK_MARKET_CAP":66335086.95,"PE_TTM":1.453410024978,"PB_TTM":0.792950738142,"REPORT_DATE_SQ":"2019-06-30 00:00:00","REPORT_TYPE_SQ":"2019年中报","OPERATE_INCOME_SQ":539881141.8,"DPS_HKD":null,"OPERATE_INCOME_QOQ_SQ":-10.961871814721,"NET_PROFIT_RATIO_SQ":-18.6176329969,"HOLDER_PROFIT_SQ":-85256140.2,"HOLDER_PROFIT_QOQ_SQ":-91.164376859283,"ROE_AVG_SQ":-30.513976105167,"PE_TTM_SQ":-0.411280752221,"PB_TTM_SQ":1.170285736086,"ROA_SQ":-13.504091228031,"START_DATE":"2020-07-01 00:00:00","FISCAL_YEAR":"6-30","CURRENCY":"HKD","IS_CNY_CODE":0,"DPS_HKD_LY":null,"ORG_TYPE":"一般企业","PREMIUM_INCOME":null,"PREMIUM_INCOME_YOY":null,"NET_INTEREST_INCOME":null,"NET_INTEREST_INCOME_YOY":null,"FEE_COMMISSION_INCOME":null,"FEE_COMMISSION_INCOME_YOY":null,"ACCOUNTS_RECE_TDAYS":1.176662586699,"INVENTORY_TDAYS":null,"CURRENT_ASSETS_TDAYS":0.363972908165,"TOTAL_ASSETS_TDAYS":0.196083763938,"PREMIUM_EXPENSE":null,"LOAN_DEPOSIT":null,"LOAN_EQUITY":null,"LOAN_ASSETS":null,"DEPOSIT_EQUITY":null,"DEPOSIT_ASSETS":null,"EQUITY_MULTIPLIER":1.320244580967,"EQUITY_RATIO":0.395823632652},{"SECUCODE":"01079.HK","SECURITY_CODE":"01079","SECURITY_NAME_ABBR":"松景科技","ORG_CODE":"10010651","STD_REPORT_DATE":"2019-12-31 00:00:00","REPORT_DATE":"2020-06-30 00:00:00","DATE_TYPE_CODE":"001","REPORT_TYPE":"2019年年报","PER_NETCASH_OPERATE":0.019754484546,"PER_OI":0.583701795389,"BPS":0.153852322643,"BASIC_EPS":-0.09274145,"DILUTED_EPS":-0.09274145,"OPERATE_INCOME":774398187,"OPERATE_INCOME_YOY":-34.526845035,"GROSS_PROFIT":-8948488,"GROSS_PROFIT_YOY":92.08431613939,"HOLDER_PROFIT":-122602781,"HOLDER_PROFIT_YOY":55.2887718483,"GROSS_PROFIT_RATIO":-1.155540928455,"EPS_TTM":-0.19391018534,"OPERATE_INCOME_QOQ":9.485023069343,"NET_PROFIT_RATIO":-17.6009727022,"ROE_AVG":-46.285011759675,"GROSS_PROFIT_QOQ":-4.054571301043,"ROA":-25.543903122557,"HOLDER_PROFIT_QOQ":3.386229163834,"ROE_YEARLY":-46.285011759675,"ROIC_YEARLY":-30.935772277847,"TOTAL_ASSETS":302216775.5,"TOTAL_LIABILITIES":52770593,"TAX_EBT":-0.590386624869,"OCF_SALES":3.38434534584,"TOTAL_PARENT_EQUITY":204116144,"DEBT_ASSET_RATIO":17.4611726674,"OPERATE_PROFIT":-133045043.5,"PRETAX_PROFIT":-135501630,"NETCASH_OPERATE":26208309,"NETCASH_INVEST":3900804.5,"NETCASH_FINANCE":-48062725.5,"END_CASH":30102034,"DIVI_RATIO":null,"DIVIDEND_RATE":null,"CURRENT_RATIO":4.002359346642,"COMMON_ACS":2000000000,"CURRENTDEBT_DEBT":73.920042929971,"ISSUED_COMMON_SHARES":1326701739,"HK_COMMON_SHARES":1326701739,"PER_SHARES":2000,"TOTAL_MARKET_CAP":66335086.95,"HKSK_MARKET_CAP":66335086.95,"PE_TTM":1.453410024978,"PB_TTM":0.792950738142,"REPORT_DATE_SQ":"2018-12-31 00:00:00","REPORT_TYPE_SQ":"2018年年报","OPERATE_INCOME_SQ":1148556129,"DPS_HKD":null,"OPERATE_INCOME_QOQ_SQ":-30.923479710538,"NET_PROFIT_RATIO_SQ":-26.0363919315,"HOLDER_PROFIT_SQ":-266277755.1,"HOLDER_PROFIT_QOQ_SQ":-155.640369924949,"ROE_AVG_SQ":-72.011155008134,"PE_TTM_SQ":-0.411280752221,"PB_TTM_SQ":1.170285736086,"ROA_SQ":-34.383641294458,"START_DATE":"2019-07-01 00:00:00","FISCAL_YEAR":"6-30","CURRENCY":"HKD","IS_CNY_CODE":0,"DPS_HKD_LY":null,"ORG_TYPE":"一般企业","PREMIUM_INCOME":null,"PREMIUM_INCOME_YOY":null,"NET_INTEREST_INCOME":null,"NET_INTEREST_INCOME_YOY":null,"FEE_COMMISSION_INCOME":null,"FEE_COMMISSION_INCOME_YOY":null,"ACCOUNTS_RECE_TDAYS":8.078729689808,"INVENTORY_TDAYS":6.896874123477,"CURRENT_ASSETS_TDAYS":2.382099303136,"TOTAL_ASSETS_TDAYS":1.613434222753,"PREMIUM_EXPENSE":null,"LOAN_DEPOSIT":null,"LOAN_EQUITY":null,"LOAN_ASSETS":null,"DEPOSIT_EQUITY":null,"DEPOSIT_ASSETS":null,"EQUITY_MULTIPLIER":1.211551014616,"EQUITY_RATIO":0.258532186459}],"count":61},"success":true,"message":"ok","code":0}