{"version":"f2b7dccd93c8ee9e305694ff6b2fb413","result":{"pages":5,"data":[{"SECUCODE":"01073.HK","SECURITY_CODE":"01073","SECURITY_NAME_ABBR":"大禹金融","ORG_CODE":"10010484","STD_REPORT_DATE":"2024-06-30 00:00:00","REPORT_DATE":"2024-06-30 00:00:00","DATE_TYPE_CODE":"002","REPORT_TYPE":"2024年中报","PER_NETCASH_OPERATE":-0.010133099045,"PER_OI":0.009635636338,"BPS":0.202604704594,"BASIC_EPS":0.011317232,"DILUTED_EPS":0.011317232,"OPERATE_INCOME":21956342.76,"OPERATE_INCOME_YOY":30.6735469853,"GROSS_PROFIT":21956342.76,"GROSS_PROFIT_YOY":29.35544465452,"HOLDER_PROFIT":23559008.84,"HOLDER_PROFIT_YOY":514.1565548418,"GROSS_PROFIT_RATIO":null,"EPS_TTM":-0.055705674366,"OPERATE_INCOME_QOQ":12.680635983491,"NET_PROFIT_RATIO":107.2993307561,"ROE_AVG":6.328460666238,"GROSS_PROFIT_QOQ":12.680635983491,"ROA":4.026879141365,"HOLDER_PROFIT_QOQ":13.425292035503,"ROE_YEARLY":12.656921332475,"ROIC_YEARLY":17.498915342481,"TOTAL_ASSETS":720563598.04,"TOTAL_LIABILITIES":258896284.88,"TAX_EBT":4.186926988605,"OCF_SALES":-105.162738496072,"TOTAL_PARENT_EQUITY":461667313.16,"DEBT_ASSET_RATIO":35.9296924774,"OPERATE_PROFIT":23942334.44,"PRETAX_PROFIT":24588511.88,"NETCASH_OPERATE":-23089891.32,"NETCASH_INVEST":-17483298.08,"NETCASH_FINANCE":153750072.8,"END_CASH":177435031.48,"DIVI_RATIO":null,"DIVIDEND_RATE":null,"CURRENT_RATIO":1.937946563578,"COMMON_ACS":10000000000,"CURRENTDEBT_DEBT":96.753576389134,"ISSUED_COMMON_SHARES":2278660380,"HK_COMMON_SHARES":2278660380,"PER_SHARES":5000,"TOTAL_MARKET_CAP":209636754.96,"HKSK_MARKET_CAP":209636754.96,"PE_TTM":-1.495471960965,"PB_TTM":0.414435391164,"REPORT_DATE_SQ":"2023-06-30 00:00:00","REPORT_TYPE_SQ":"2023年中报","OPERATE_INCOME_SQ":16973651.8,"DPS_HKD":null,"OPERATE_INCOME_QOQ_SQ":-30.442604979093,"NET_PROFIT_RATIO_SQ":22.8299837045,"HOLDER_PROFIT_SQ":3875081.94,"HOLDER_PROFIT_QOQ_SQ":-308.566674996881,"ROE_AVG_SQ":0.887026056786,"PE_TTM_SQ":-21.754652342717,"PB_TTM_SQ":0.560170916139,"ROA_SQ":0.649235800187,"START_DATE":"2024-01-01 00:00:00","FISCAL_YEAR":"12-31","CURRENCY":"HKD","IS_CNY_CODE":0,"DPS_HKD_LY":null,"ORG_TYPE":"一般企业","PREMIUM_INCOME":null,"PREMIUM_INCOME_YOY":null,"NET_INTEREST_INCOME":null,"NET_INTEREST_INCOME_YOY":null,"FEE_COMMISSION_INCOME":null,"FEE_COMMISSION_INCOME_YOY":null,"ACCOUNTS_RECE_TDAYS":4.18856098198,"INVENTORY_TDAYS":null,"CURRENT_ASSETS_TDAYS":0.060720406469,"TOTAL_ASSETS_TDAYS":0.037529396623,"PREMIUM_EXPENSE":null,"LOAN_DEPOSIT":null,"LOAN_EQUITY":null,"LOAN_ASSETS":null,"DEPOSIT_EQUITY":null,"DEPOSIT_ASSETS":null,"EQUITY_MULTIPLIER":1.560785391341,"EQUITY_RATIO":0.560785391341},{"SECUCODE":"01073.HK","SECURITY_CODE":"01073","SECURITY_NAME_ABBR":"大禹金融","ORG_CODE":"10010484","STD_REPORT_DATE":"2023-12-31 00:00:00","REPORT_DATE":"2023-12-31 00:00:00","DATE_TYPE_CODE":"001","REPORT_TYPE":"2023年年报","PER_NETCASH_OPERATE":0.020654873509,"PER_OI":0.034488420955,"BPS":0.123261902838,"BASIC_EPS":-0.12868324,"DILUTED_EPS":-0.12868324,"OPERATE_INCOME":39293699.2,"OPERATE_INCOME_YOY":-43.4680573664,"GROSS_PROFIT":39293699.2,"GROSS_PROFIT_YOY":-42.648497035101,"HOLDER_PROFIT":-146618240.02,"HOLDER_PROFIT_YOY":-3115.6756756757,"GROSS_PROFIT_RATIO":null,"EPS_TTM":-0.128688102279,"OPERATE_INCOME_QOQ":-17.547943036596,"NET_PROFIT_RATIO":-373.1342250923,"ROE_AVG":-41.396400257399,"GROSS_PROFIT_QOQ":-17.547943036596,"ROA":-28.189826704813,"HOLDER_PROFIT_QOQ":-1366.86656436802,"ROE_YEARLY":-41.396400257399,"ROIC_YEARLY":-48.861373056799,"TOTAL_ASSETS":446342349.04,"TOTAL_LIABILITIES":165470334.68,"TAX_EBT":-1.149087544466,"OCF_SALES":59.889298892989,"TOTAL_PARENT_EQUITY":280872014.36,"DEBT_ASSET_RATIO":37.0725150853,"OPERATE_PROFIT":-144765020.12,"PRETAX_PROFIT":-144952607.66,"NETCASH_OPERATE":23532720.96,"NETCASH_INVEST":-39244763.32,"NETCASH_FINANCE":-3247892.48,"END_CASH":63803325.32,"DIVI_RATIO":null,"DIVIDEND_RATE":null,"CURRENT_RATIO":1.508125256899,"COMMON_ACS":10000000000,"CURRENTDEBT_DEBT":94.599493959276,"ISSUED_COMMON_SHARES":2278660380,"HK_COMMON_SHARES":2278660380,"PER_SHARES":5000,"TOTAL_MARKET_CAP":207358094.58,"HKSK_MARKET_CAP":207358094.58,"PE_TTM":-1.479216830954,"PB_TTM":0.409930658651,"REPORT_DATE_SQ":"2022-12-31 00:00:00","REPORT_TYPE_SQ":"2022年年报","OPERATE_INCOME_SQ":68513809,"DPS_HKD":null,"OPERATE_INCOME_QOQ_SQ":0.624216623313,"NET_PROFIT_RATIO_SQ":6.9947848761,"HOLDER_PROFIT_SQ":4792393.55,"HOLDER_PROFIT_QOQ_SQ":-77.845690543763,"ROE_AVG_SQ":1.143809835485,"PE_TTM_SQ":-18.40778275153,"PB_TTM_SQ":0.473990775195,"ROA_SQ":0.804086829387,"START_DATE":"2023-01-01 00:00:00","FISCAL_YEAR":"12-31","CURRENCY":"HKD","IS_CNY_CODE":0,"DPS_HKD_LY":null,"ORG_TYPE":"一般企业","PREMIUM_INCOME":null,"PREMIUM_INCOME_YOY":null,"NET_INTEREST_INCOME":null,"NET_INTEREST_INCOME_YOY":null,"FEE_COMMISSION_INCOME":null,"FEE_COMMISSION_INCOME_YOY":null,"ACCOUNTS_RECE_TDAYS":10.260293421675,"INVENTORY_TDAYS":null,"CURRENT_ASSETS_TDAYS":0.160551265508,"TOTAL_ASSETS_TDAYS":0.075548756477,"PREMIUM_EXPENSE":null,"LOAN_DEPOSIT":null,"LOAN_EQUITY":null,"LOAN_ASSETS":null,"DEPOSIT_EQUITY":null,"DEPOSIT_ASSETS":null,"EQUITY_MULTIPLIER":1.589130729371,"EQUITY_RATIO":0.589130729372},{"SECUCODE":"01073.HK","SECURITY_CODE":"01073","SECURITY_NAME_ABBR":"大禹金融","ORG_CODE":"10010484","STD_REPORT_DATE":"2023-06-30 00:00:00","REPORT_DATE":"2023-06-30 00:00:00","DATE_TYPE_CODE":"002","REPORT_TYPE":"2023年中报","PER_NETCASH_OPERATE":0.001778687213,"PER_OI":0.014897921559,"BPS":0.192569190745,"BASIC_EPS":0.003411326,"DILUTED_EPS":0.003411326,"OPERATE_INCOME":16973651.8,"OPERATE_INCOME_YOY":-58.3832538373,"GROSS_PROFIT":16973651.8,"GROSS_PROFIT_YOY":-55.133002458986,"HOLDER_PROFIT":3875081.94,"HOLDER_PROFIT_YOY":-80.7405031389,"GROSS_PROFIT_RATIO":null,"EPS_TTM":-0.008772993086,"OPERATE_INCOME_QOQ":-30.442604979093,"NET_PROFIT_RATIO":22.8299837045,"ROE_AVG":0.887026056786,"GROSS_PROFIT_QOQ":-30.442604979093,"ROA":0.649235800187,"HOLDER_PROFIT_QOQ":-308.566674996881,"ROE_YEARLY":1.774052113572,"ROIC_YEARLY":2.082922931108,"TOTAL_ASSETS":589529685.66,"TOTAL_LIABILITIES":150729900.3,"TAX_EBT":20.832548502543,"OCF_SALES":11.939163498099,"TOTAL_PARENT_EQUITY":438799785.36,"DEBT_ASSET_RATIO":25.5678219378,"OPERATE_PROFIT":2467218.48,"PRETAX_PROFIT":4894791.82,"NETCASH_OPERATE":2026512.04,"NETCASH_INVEST":229573.02,"NETCASH_FINANCE":-1723180.62,"END_CASH":84735493.88,"DIVI_RATIO":null,"DIVIDEND_RATE":null,"CURRENT_RATIO":1.838358276823,"COMMON_ACS":10000000000,"CURRENTDEBT_DEBT":92.817689696302,"ISSUED_COMMON_SHARES":2278660380,"HK_COMMON_SHARES":2278660380,"PER_SHARES":5000,"TOTAL_MARKET_CAP":207358094.58,"HKSK_MARKET_CAP":207358094.58,"PE_TTM":-1.479216830954,"PB_TTM":0.409930658651,"REPORT_DATE_SQ":"2022-06-30 00:00:00","REPORT_TYPE_SQ":"2022年中报","OPERATE_INCOME_SQ":37831040.03,"DPS_HKD":null,"OPERATE_INCOME_QOQ_SQ":40.020932216866,"NET_PROFIT_RATIO_SQ":49.3320071433,"HOLDER_PROFIT_SQ":18662811.37,"HOLDER_PROFIT_QOQ_SQ":2231.08179629646,"ROE_AVG_SQ":4.572411531704,"PE_TTM_SQ":-18.40778275153,"PB_TTM_SQ":0.473990775195,"ROA_SQ":3.196338337605,"START_DATE":"2023-01-01 00:00:00","FISCAL_YEAR":"12-31","CURRENCY":"HKD","IS_CNY_CODE":0,"DPS_HKD_LY":null,"ORG_TYPE":"一般企业","PREMIUM_INCOME":null,"PREMIUM_INCOME_YOY":null,"NET_INTEREST_INCOME":null,"NET_INTEREST_INCOME_YOY":null,"FEE_COMMISSION_INCOME":null,"FEE_COMMISSION_INCOME_YOY":null,"ACCOUNTS_RECE_TDAYS":null,"INVENTORY_TDAYS":null,"CURRENT_ASSETS_TDAYS":0.065915494975,"TOTAL_ASSETS_TDAYS":0.028437856487,"PREMIUM_EXPENSE":null,"LOAN_DEPOSIT":null,"LOAN_EQUITY":null,"LOAN_ASSETS":null,"DEPOSIT_EQUITY":null,"DEPOSIT_ASSETS":null,"EQUITY_MULTIPLIER":1.343504954489,"EQUITY_RATIO":0.343504954489},{"SECUCODE":"01073.HK","SECURITY_CODE":"01073","SECURITY_NAME_ABBR":"大禹金融","ORG_CODE":"10010484","STD_REPORT_DATE":"2022-12-31 00:00:00","REPORT_DATE":"2022-12-31 00:00:00","DATE_TYPE_CODE":"001","REPORT_TYPE":"2022年年报","PER_NETCASH_OPERATE":-0.005159706924,"PER_OI":0.060135165031,"BPS":0.184925040839,"BASIC_EPS":0.004198369,"DILUTED_EPS":0.004198369,"OPERATE_INCOME":68513809,"OPERATE_INCOME_YOY":28.9595803349,"GROSS_PROFIT":68513809,"GROSS_PROFIT_YOY":40.894966151882,"HOLDER_PROFIT":4792393.55,"HOLDER_PROFIT_YOY":372.6872246696,"GROSS_PROFIT_RATIO":null,"EPS_TTM":0.004206325429,"OPERATE_INCOME_QOQ":0.624216623313,"NET_PROFIT_RATIO":6.9947848761,"ROE_AVG":1.143809835485,"GROSS_PROFIT_QOQ":0.624216623313,"ROA":0.804086829387,"HOLDER_PROFIT_QOQ":-77.845690543763,"ROE_YEARLY":1.143809835485,"ROIC_YEARLY":1.335992868064,"TOTAL_ASSETS":585391988.72,"TOTAL_LIABILITIES":164010624.89,"TAX_EBT":51.883408071749,"OCF_SALES":-8.580182529335,"TOTAL_PARENT_EQUITY":421381363.83,"DEBT_ASSET_RATIO":28.0172308556,"OPERATE_PROFIT":10029635.56,"PRETAX_PROFIT":9959960.5,"NETCASH_OPERATE":-5878609.87,"NETCASH_INVEST":2628000.34,"NETCASH_FINANCE":-3626676.2,"END_CASH":81580562.56,"DIVI_RATIO":null,"DIVIDEND_RATE":null,"CURRENT_RATIO":1.611326234269,"COMMON_ACS":10000000000,"CURRENTDEBT_DEBT":94.51927214104,"ISSUED_COMMON_SHARES":2278660380,"HK_COMMON_SHARES":2278660380,"PER_SHARES":5000,"TOTAL_MARKET_CAP":207358094.58,"HKSK_MARKET_CAP":207358094.58,"PE_TTM":-1.479216830954,"PB_TTM":0.409930658651,"REPORT_DATE_SQ":"2021-12-31 00:00:00","REPORT_TYPE_SQ":"2021年年报","OPERATE_INCOME_SQ":48627577.6,"DPS_HKD":null,"OPERATE_INCOME_QOQ_SQ":-39.109715786828,"NET_PROFIT_RATIO_SQ":1.9083327729,"HOLDER_PROFIT_SQ":927976,"HOLDER_PROFIT_QOQ_SQ":-96.239007733536,"ROE_AVG_SQ":0.243668640705,"PE_TTM_SQ":-18.40778275153,"PB_TTM_SQ":0.473990775195,"ROA_SQ":0.190112157798,"START_DATE":"2022-01-01 00:00:00","FISCAL_YEAR":"12-31","CURRENCY":"HKD","IS_CNY_CODE":0,"DPS_HKD_LY":null,"ORG_TYPE":"一般企业","PREMIUM_INCOME":null,"PREMIUM_INCOME_YOY":null,"NET_INTEREST_INCOME":null,"NET_INTEREST_INCOME_YOY":null,"FEE_COMMISSION_INCOME":null,"FEE_COMMISSION_INCOME_YOY":null,"ACCOUNTS_RECE_TDAYS":17.212746858169,"INVENTORY_TDAYS":null,"CURRENT_ASSETS_TDAYS":0.262084683764,"TOTAL_ASSETS_TDAYS":0.114955190706,"PREMIUM_EXPENSE":null,"LOAN_DEPOSIT":null,"LOAN_EQUITY":null,"LOAN_ASSETS":null,"DEPOSIT_EQUITY":null,"DEPOSIT_ASSETS":null,"EQUITY_MULTIPLIER":1.389221353785,"EQUITY_RATIO":0.389221353786},{"SECUCODE":"01073.HK","SECURITY_CODE":"01073","SECURITY_NAME_ABBR":"大禹金融","ORG_CODE":"10010484","STD_REPORT_DATE":"2022-06-30 00:00:00","REPORT_DATE":"2022-06-30 00:00:00","DATE_TYPE_CODE":"002","REPORT_TYPE":"2022年中报","PER_NETCASH_OPERATE":-0.01010092766,"PER_OI":0.033204632302,"BPS":0.183218457737,"BASIC_EPS":0.016419648,"DILUTED_EPS":0.016419648,"OPERATE_INCOME":37831040.03,"OPERATE_INCOME_YOY":100.3759568782,"GROSS_PROFIT":37831040.03,"GROSS_PROFIT_YOY":105.941152969266,"HOLDER_PROFIT":18662811.37,"HOLDER_PROFIT_YOY":989.6453322462,"GROSS_PROFIT_RATIO":null,"EPS_TTM":0.018986488553,"OPERATE_INCOME_QOQ":40.020932216866,"NET_PROFIT_RATIO":49.3320071433,"ROE_AVG":4.572411531704,"GROSS_PROFIT_QOQ":40.020932216866,"ROA":3.196338337605,"HOLDER_PROFIT_QOQ":2231.08179629646,"ROE_YEARLY":9.144823063409,"ROIC_YEARLY":10.493882815984,"TOTAL_ASSETS":587004981.57,"TOTAL_LIABILITIES":169512341.04,"TAX_EBT":15.932817134712,"OCF_SALES":-30.420236453647,"TOTAL_PARENT_EQUITY":417492640.53,"DEBT_ASSET_RATIO":28.8774961648,"OPERATE_PROFIT":21875760.2,"PRETAX_PROFIT":22199877.21,"NETCASH_OPERATE":-11508291.83,"NETCASH_INVEST":2013117.26,"NETCASH_FINANCE":-1598350.11,"END_CASH":73593375.45,"DIVI_RATIO":null,"DIVIDEND_RATE":null,"CURRENT_RATIO":1.508168708178,"COMMON_ACS":10000000000,"CURRENTDEBT_DEBT":94.77085603584,"ISSUED_COMMON_SHARES":2278660380,"HK_COMMON_SHARES":2278660380,"PER_SHARES":5000,"TOTAL_MARKET_CAP":207358094.58,"HKSK_MARKET_CAP":207358094.58,"PE_TTM":-1.479216830954,"PB_TTM":0.409930658651,"REPORT_DATE_SQ":"2021-06-30 00:00:00","REPORT_TYPE_SQ":"2021年中报","OPERATE_INCOME_SQ":18369830.16,"DPS_HKD":null,"OPERATE_INCOME_QOQ_SQ":-14.257912263301,"NET_PROFIT_RATIO_SQ":-11.1111111111,"HOLDER_PROFIT_SQ":-2041092.24,"HOLDER_PROFIT_QOQ_SQ":-39.812315071014,"ROE_AVG_SQ":-0.528660944715,"PE_TTM_SQ":-18.40778275153,"PB_TTM_SQ":0.473990775195,"ROA_SQ":-0.394520459818,"START_DATE":"2022-01-01 00:00:00","FISCAL_YEAR":"12-31","CURRENCY":"HKD","IS_CNY_CODE":0,"DPS_HKD_LY":null,"ORG_TYPE":"一般企业","PREMIUM_INCOME":null,"PREMIUM_INCOME_YOY":null,"NET_INTEREST_INCOME":null,"NET_INTEREST_INCOME_YOY":null,"FEE_COMMISSION_INCOME":null,"FEE_COMMISSION_INCOME_YOY":null,"ACCOUNTS_RECE_TDAYS":null,"INVENTORY_TDAYS":null,"CURRENT_ASSETS_TDAYS":0.150215116931,"TOTAL_ASSETS_TDAYS":0.064792383742,"PREMIUM_EXPENSE":null,"LOAN_DEPOSIT":null,"LOAN_EQUITY":null,"LOAN_ASSETS":null,"DEPOSIT_EQUITY":null,"DEPOSIT_ASSETS":null,"EQUITY_MULTIPLIER":1.40602474052,"EQUITY_RATIO":0.40602474052},{"SECUCODE":"01073.HK","SECURITY_CODE":"01073","SECURITY_NAME_ABBR":"大禹金融","ORG_CODE":"10010484","STD_REPORT_DATE":"2021-12-31 00:00:00","REPORT_DATE":"2021-12-31 00:00:00","DATE_TYPE_CODE":"001","REPORT_TYPE":"2021年年报","PER_NETCASH_OPERATE":0.016358025236,"PER_OI":0.042680847069,"BPS":0.167334812044,"BASIC_EPS":0.0008176,"DILUTED_EPS":0.0008176,"OPERATE_INCOME":48627577.6,"OPERATE_INCOME_YOY":-46.2563027488,"GROSS_PROFIT":48627577.6,"GROSS_PROFIT_YOY":-47.791399086817,"HOLDER_PROFIT":927976,"HOLDER_PROFIT_YOY":-97.6697873039,"GROSS_PROFIT_RATIO":null,"EPS_TTM":0.000814492592,"OPERATE_INCOME_QOQ":-39.109715786828,"NET_PROFIT_RATIO":1.9083327729,"ROE_AVG":0.243668640705,"GROSS_PROFIT_QOQ":-39.109715786828,"ROA":0.190112157798,"HOLDER_PROFIT_QOQ":-96.239007733536,"ROE_YEARLY":0.243668640705,"ROIC_YEARLY":0.273231936601,"TOTAL_ASSETS":555229707.2,"TOTAL_LIABILITIES":173930500.8,"TAX_EBT":68.41958820256,"OCF_SALES":38.326383751429,"TOTAL_PARENT_EQUITY":381299206.4,"DEBT_ASSET_RATIO":31.3258636101,"OPERATE_PROFIT":3057006.4,"PRETAX_PROFIT":2938454.4,"NETCASH_OPERATE":18637192,"NETCASH_INVEST":-3535302.4,"NETCASH_FINANCE":-2828896,"END_CASH":80964475.2,"DIVI_RATIO":null,"DIVIDEND_RATE":null,"CURRENT_RATIO":1.517173431808,"COMMON_ACS":10000000000,"CURRENTDEBT_DEBT":94.707450184034,"ISSUED_COMMON_SHARES":2278660380,"HK_COMMON_SHARES":2278660380,"PER_SHARES":5000,"TOTAL_MARKET_CAP":207358094.58,"HKSK_MARKET_CAP":207358094.58,"PE_TTM":-1.479216830954,"PB_TTM":0.409930658651,"REPORT_DATE_SQ":"2020-12-31 00:00:00","REPORT_TYPE_SQ":"2020年年报","OPERATE_INCOME_SQ":93140932.24,"DPS_HKD":null,"OPERATE_INCOME_QOQ_SQ":null,"NET_PROFIT_RATIO_SQ":44.0135181537,"HOLDER_PROFIT_SQ":40994601.12,"HOLDER_PROFIT_QOQ_SQ":434.886315172452,"ROE_AVG_SQ":11.048029486816,"PE_TTM_SQ":-18.40778275153,"PB_TTM_SQ":0.473990775195,"ROA_SQ":9.935744446484,"START_DATE":"2021-01-01 00:00:00","FISCAL_YEAR":"12-31","CURRENCY":"HKD","IS_CNY_CODE":0,"DPS_HKD_LY":null,"ORG_TYPE":"一般企业","PREMIUM_INCOME":null,"PREMIUM_INCOME_YOY":null,"NET_INTEREST_INCOME":null,"NET_INTEREST_INCOME_YOY":null,"FEE_COMMISSION_INCOME":null,"FEE_COMMISSION_INCOME_YOY":null,"ACCOUNTS_RECE_TDAYS":null,"INVENTORY_TDAYS":null,"CURRENT_ASSETS_TDAYS":0.272160891401,"TOTAL_ASSETS_TDAYS":0.09962212068,"PREMIUM_EXPENSE":null,"LOAN_DEPOSIT":null,"LOAN_EQUITY":null,"LOAN_ASSETS":null,"DEPOSIT_EQUITY":null,"DEPOSIT_ASSETS":null,"EQUITY_MULTIPLIER":1.456152275906,"EQUITY_RATIO":0.456152275905},{"SECUCODE":"01073.HK","SECURITY_CODE":"01073","SECURITY_NAME_ABBR":"大禹金融","ORG_CODE":"10010484","STD_REPORT_DATE":"2021-06-30 00:00:00","REPORT_DATE":"2021-06-30 00:00:00","DATE_TYPE_CODE":"002","REPORT_TYPE":"2021年中报","PER_NETCASH_OPERATE":0.024250403125,"PER_OI":0.016123359428,"BPS":0.168988172814,"BASIC_EPS":-0.001830576,"DILUTED_EPS":-0.001830576,"OPERATE_INCOME":18369830.16,"OPERATE_INCOME_YOY":-36.2838754365,"GROSS_PROFIT":18369830.16,"GROSS_PROFIT_YOY":-41.959063620183,"HOLDER_PROFIT":-2041092.24,"HOLDER_PROFIT_YOY":-115.6911661229,"GROSS_PROFIT_RATIO":null,"EPS_TTM":0.021656321913,"OPERATE_INCOME_QOQ":-14.257912263301,"NET_PROFIT_RATIO":-11.1111111111,"ROE_AVG":-0.528660944715,"GROSS_PROFIT_QOQ":-14.257912263301,"ROA":-0.394520459818,"HOLDER_PROFIT_QOQ":-39.812315071014,"ROE_YEARLY":-1.057321889429,"ROIC_YEARLY":-1.173622440924,"TOTAL_ASSETS":606253488,"TOTAL_LIABILITIES":221186833.92,"TAX_EBT":1.367108966626,"OCF_SALES":150.405399284323,"TOTAL_PARENT_EQUITY":385066654.08,"DEBT_ASSET_RATIO":36.4842163052,"OPERATE_PROFIT":-2020290.24,"PRETAX_PROFIT":-2069382.96,"NETCASH_OPERATE":27629216.4,"NETCASH_INVEST":-2312350.32,"NETCASH_FINANCE":-1177393.2,"END_CASH":94047506.16,"DIVI_RATIO":null,"DIVIDEND_RATE":null,"CURRENT_RATIO":1.375903921,"COMMON_ACS":10000000000,"CURRENTDEBT_DEBT":94.627648368846,"ISSUED_COMMON_SHARES":2278660380,"HK_COMMON_SHARES":2278660380,"PER_SHARES":5000,"TOTAL_MARKET_CAP":207358094.58,"HKSK_MARKET_CAP":207358094.58,"PE_TTM":-1.479216830954,"PB_TTM":0.409930658651,"REPORT_DATE_SQ":"2020-06-30 00:00:00","REPORT_TYPE_SQ":"2020年中报","OPERATE_INCOME_SQ":31649782.56,"DPS_HKD":null,"OPERATE_INCOME_QOQ_SQ":null,"NET_PROFIT_RATIO_SQ":45.118185229,"HOLDER_PROFIT_SQ":14279807.52,"HOLDER_PROFIT_QOQ_SQ":0,"ROE_AVG_SQ":3.684095796388,"PE_TTM_SQ":-18.40778275153,"PB_TTM_SQ":0.473990775195,"ROA_SQ":3.32885100022,"START_DATE":"2021-01-01 00:00:00","FISCAL_YEAR":"12-31","CURRENCY":"HKD","IS_CNY_CODE":0,"DPS_HKD_LY":null,"ORG_TYPE":"一般企业","PREMIUM_INCOME":null,"PREMIUM_INCOME_YOY":null,"NET_INTEREST_INCOME":null,"NET_INTEREST_INCOME_YOY":null,"FEE_COMMISSION_INCOME":null,"FEE_COMMISSION_INCOME_YOY":null,"ACCOUNTS_RECE_TDAYS":1.586789333717,"INVENTORY_TDAYS":null,"CURRENT_ASSETS_TDAYS":0.092470465536,"TOTAL_ASSETS_TDAYS":0.035506841384,"PREMIUM_EXPENSE":null,"LOAN_DEPOSIT":null,"LOAN_EQUITY":null,"LOAN_ASSETS":null,"DEPOSIT_EQUITY":null,"DEPOSIT_ASSETS":null,"EQUITY_MULTIPLIER":1.574411810464,"EQUITY_RATIO":0.574411810466},{"SECUCODE":"01073.HK","SECURITY_CODE":"01073","SECURITY_NAME_ABBR":"大禹金融","ORG_CODE":"10010484","STD_REPORT_DATE":"2020-12-31 00:00:00","REPORT_DATE":"2020-12-31 00:00:00","DATE_TYPE_CODE":"001","REPORT_TYPE":"2020年年报","PER_NETCASH_OPERATE":0.033782902286,"PER_OI":0.081750604923,"BPS":0.171835758851,"BASIC_EPS":0.036022192,"DILUTED_EPS":0.036022192,"OPERATE_INCOME":93140932.24,"OPERATE_INCOME_YOY":null,"GROSS_PROFIT":93140932.24,"GROSS_PROFIT_YOY":null,"HOLDER_PROFIT":40994601.12,"HOLDER_PROFIT_YOY":null,"GROSS_PROFIT_RATIO":null,"EPS_TTM":0.035981317339,"OPERATE_INCOME_QOQ":null,"NET_PROFIT_RATIO":44.0135181537,"ROE_AVG":11.048029486816,"GROSS_PROFIT_QOQ":null,"ROA":9.935744446484,"HOLDER_PROFIT_QOQ":434.886315172452,"ROE_YEARLY":11.048029486816,"ROIC_YEARLY":11.372814099039,"TOTAL_ASSETS":433389893.4,"TOTAL_LIABILITIES":41834557.84,"TAX_EBT":17.125210555868,"OCF_SALES":41.324345327382,"TOTAL_PARENT_EQUITY":391555335.56,"DEBT_ASSET_RATIO":9.6528688087,"OPERATE_PROFIT":49506106.44,"PRETAX_PROFIT":49465707.72,"NETCASH_OPERATE":38489880.48,"NETCASH_INVEST":-19357.72,"NETCASH_FINANCE":-1319691.52,"END_CASH":70711226.24,"DIVI_RATIO":null,"DIVIDEND_RATE":null,"CURRENT_RATIO":3.598652497809,"COMMON_ACS":10000000000,"CURRENTDEBT_DEBT":73.455920814389,"ISSUED_COMMON_SHARES":2278660380,"HK_COMMON_SHARES":2278660380,"PER_SHARES":5000,"TOTAL_MARKET_CAP":207358094.58,"HKSK_MARKET_CAP":207358094.58,"PE_TTM":-1.479216830954,"PB_TTM":0.409930658651,"REPORT_DATE_SQ":"2019-12-31 00:00:00","REPORT_TYPE_SQ":"2019年年报","OPERATE_INCOME_SQ":null,"DPS_HKD":null,"OPERATE_INCOME_QOQ_SQ":null,"NET_PROFIT_RATIO_SQ":null,"HOLDER_PROFIT_SQ":null,"HOLDER_PROFIT_QOQ_SQ":0,"ROE_AVG_SQ":null,"PE_TTM_SQ":-18.40778275153,"PB_TTM_SQ":0.473990775195,"ROA_SQ":null,"START_DATE":"2020-01-01 00:00:00","FISCAL_YEAR":"12-31","CURRENCY":"HKD","IS_CNY_CODE":0,"DPS_HKD_LY":null,"ORG_TYPE":"一般企业","PREMIUM_INCOME":null,"PREMIUM_INCOME_YOY":null,"NET_INTEREST_INCOME":null,"NET_INTEREST_INCOME_YOY":null,"FEE_COMMISSION_INCOME":null,"FEE_COMMISSION_INCOME_YOY":null,"ACCOUNTS_RECE_TDAYS":null,"INVENTORY_TDAYS":null,"CURRENT_ASSETS_TDAYS":1.141592737776,"TOTAL_ASSETS_TDAYS":0.225743018583,"PREMIUM_EXPENSE":null,"LOAN_DEPOSIT":null,"LOAN_EQUITY":null,"LOAN_ASSETS":null,"DEPOSIT_EQUITY":null,"DEPOSIT_ASSETS":null,"EQUITY_MULTIPLIER":1.10684200684,"EQUITY_RATIO":0.10684200684},{"SECUCODE":"01073.HK","SECURITY_CODE":"01073","SECURITY_NAME_ABBR":"大禹金融","ORG_CODE":"10010484","STD_REPORT_DATE":"2020-06-30 00:00:00","REPORT_DATE":"2020-06-30 00:00:00","DATE_TYPE_CODE":"002","REPORT_TYPE":"2020年中报","PER_NETCASH_OPERATE":0.019505391813,"PER_OI":0.027779288952,"BPS":0.173236324827,"BASIC_EPS":0.012514128,"DILUTED_EPS":0.012514128,"OPERATE_INCOME":31649782.56,"OPERATE_INCOME_YOY":null,"GROSS_PROFIT":31649782.56,"GROSS_PROFIT_YOY":null,"HOLDER_PROFIT":14279807.52,"HOLDER_PROFIT_YOY":null,"GROSS_PROFIT_RATIO":null,"EPS_TTM":-0.010744337917,"OPERATE_INCOME_QOQ":null,"NET_PROFIT_RATIO":45.118185229,"ROE_AVG":3.684095796388,"GROSS_PROFIT_QOQ":null,"ROA":3.32885100022,"HOLDER_PROFIT_QOQ":0,"ROE_YEARLY":7.368191592777,"ROIC_YEARLY":7.479984832373,"TOTAL_ASSETS":432712969.92,"TOTAL_LIABILITIES":37966220.16,"TAX_EBT":15.107249524844,"OCF_SALES":70.215590637536,"TOTAL_PARENT_EQUITY":394746749.76,"DEBT_ASSET_RATIO":8.7739963438,"OPERATE_PROFIT":16850227.68,"PRETAX_PROFIT":16820997.6,"NETCASH_OPERATE":22223081.76,"NETCASH_INVEST":-38364.48,"NETCASH_FINANCE":-717050.4,"END_CASH":57891086.88,"DIVI_RATIO":null,"DIVIDEND_RATE":null,"CURRENT_RATIO":2.964847848898,"COMMON_ACS":10000000000,"CURRENTDEBT_DEBT":64.199788278318,"ISSUED_COMMON_SHARES":2278660380,"HK_COMMON_SHARES":2278660380,"PER_SHARES":5000,"TOTAL_MARKET_CAP":207358094.58,"HKSK_MARKET_CAP":207358094.58,"PE_TTM":-1.479216830954,"PB_TTM":0.409930658651,"REPORT_DATE_SQ":"2019-06-30 00:00:00","REPORT_TYPE_SQ":"2019年中报","OPERATE_INCOME_SQ":null,"DPS_HKD":null,"OPERATE_INCOME_QOQ_SQ":null,"NET_PROFIT_RATIO_SQ":null,"HOLDER_PROFIT_SQ":null,"HOLDER_PROFIT_QOQ_SQ":-135.305473119237,"ROE_AVG_SQ":null,"PE_TTM_SQ":-18.40778275153,"PB_TTM_SQ":0.473990775195,"ROA_SQ":null,"START_DATE":"2020-01-01 00:00:00","FISCAL_YEAR":"12-31","CURRENCY":"HKD","IS_CNY_CODE":0,"DPS_HKD_LY":null,"ORG_TYPE":"一般企业","PREMIUM_INCOME":null,"PREMIUM_INCOME_YOY":null,"NET_INTEREST_INCOME":null,"NET_INTEREST_INCOME_YOY":null,"FEE_COMMISSION_INCOME":null,"FEE_COMMISSION_INCOME_YOY":null,"ACCOUNTS_RECE_TDAYS":null,"INVENTORY_TDAYS":null,"CURRENT_ASSETS_TDAYS":0.489392655367,"TOTAL_ASSETS_TDAYS":0.073780693601,"PREMIUM_EXPENSE":null,"LOAN_DEPOSIT":null,"LOAN_EQUITY":null,"LOAN_ASSETS":null,"DEPOSIT_EQUITY":null,"DEPOSIT_ASSETS":null,"EQUITY_MULTIPLIER":1.096178677045,"EQUITY_RATIO":0.096178677046}],"count":43},"success":true,"message":"ok","code":0}