{"version":"84b1f1b75e739780ba89d6f18eda7965","result":{"pages":10,"data":[{"SECUCODE":"01070.HK","SECURITY_CODE":"01070","SECURITY_NAME_ABBR":"TCL电子","ORG_CODE":"10009228","STD_REPORT_DATE":"2024-06-30 00:00:00","REPORT_DATE":"2024-06-30 00:00:00","DATE_TYPE_CODE":"002","REPORT_TYPE":"2024年中报","PER_NETCASH_OPERATE":0.290452585196,"PER_OI":16.470521670995,"BPS":6.022168870774,"BASIC_EPS":0.243594292,"DILUTED_EPS":0.233828616,"OPERATE_INCOME":41521117101.6,"OPERATE_INCOME_YOY":30.2928288054,"GROSS_PROFIT":7071194565.68,"GROSS_PROFIT_YOY":17.992641448838,"HOLDER_PROFIT":593168985.6,"HOLDER_PROFIT_YOY":146.4534771282,"GROSS_PROFIT_RATIO":17.030357223716,"EPS_TTM":0.406170566113,"OPERATE_INCOME_QOQ":13.032996226934,"NET_PROFIT_RATIO":1.4351770644,"ROE_AVG":3.898549650992,"GROSS_PROFIT_QOQ":8.063794965334,"ROA":0.95544592416,"HOLDER_PROFIT_QOQ":51.941995601869,"ROE_YEARLY":7.797099301984,"ROIC_YEARLY":2.273461229986,"TOTAL_ASSETS":65045723381.68,"TOTAL_LIABILITIES":49398467308.4,"TAX_EBT":25.956343644108,"OCF_SALES":1.763469251293,"TOTAL_PARENT_EQUITY":15181497215.68,"DEBT_ASSET_RATIO":75.9442200658,"OPERATE_PROFIT":1223602695.6,"PRETAX_PROFIT":804797573.28,"NETCASH_OPERATE":732212132.88,"NETCASH_INVEST":-2197774510.6,"NETCASH_FINANCE":698228493.08,"END_CASH":8990587073.4,"DIVI_RATIO":0.356981061891,"DIVIDEND_RATE":2.127659574468,"CURRENT_RATIO":1.144439216109,"COMMON_ACS":3000000000,"CURRENTDEBT_DEBT":97.206907465234,"ISSUED_COMMON_SHARES":2520935155,"HK_COMMON_SHARES":2520935155,"PER_SHARES":1000,"TOTAL_MARKET_CAP":18957432365.6,"HKSK_MARKET_CAP":18957432365.6,"PE_TTM":16.778805185141,"PB_TTM":1.13968135854,"REPORT_DATE_SQ":"2023-06-30 00:00:00","REPORT_TYPE_SQ":"2023年中报","OPERATE_INCOME_SQ":32192261195.16,"DPS_HKD":0.16,"OPERATE_INCOME_QOQ_SQ":5.31896272492,"NET_PROFIT_RATIO_SQ":0.9051666834,"HOLDER_PROFIT_SQ":243134423.82,"HOLDER_PROFIT_QOQ_SQ":7.452285352293,"ROE_AVG_SQ":1.62716283176,"PE_TTM_SQ":14.407971133244,"PB_TTM_SQ":0.416626309067,"ROA_SQ":0.461478560621,"START_DATE":"2024-01-01 00:00:00","FISCAL_YEAR":"12-31","CURRENCY":"HKD","IS_CNY_CODE":0,"DPS_HKD_LY":0.16,"ORG_TYPE":"一般企业","PREMIUM_INCOME":null,"PREMIUM_INCOME_YOY":null,"NET_INTEREST_INCOME":null,"NET_INTEREST_INCOME_YOY":null,"FEE_COMMISSION_INCOME":null,"FEE_COMMISSION_INCOME_YOY":null,"ACCOUNTS_RECE_TDAYS":2.346773954553,"INVENTORY_TDAYS":2.730436294144,"CURRENT_ASSETS_TDAYS":0.800066722612,"TOTAL_ASSETS_TDAYS":0.66880068015,"PREMIUM_EXPENSE":null,"LOAN_DEPOSIT":null,"LOAN_EQUITY":null,"LOAN_ASSETS":null,"DEPOSIT_EQUITY":null,"DEPOSIT_ASSETS":null,"EQUITY_MULTIPLIER":4.157005105365,"EQUITY_RATIO":3.253860051259},{"SECUCODE":"01070.HK","SECURITY_CODE":"01070","SECURITY_NAME_ABBR":"TCL电子","ORG_CODE":"10009228","STD_REPORT_DATE":"2023-12-31 00:00:00","REPORT_DATE":"2023-12-31 00:00:00","DATE_TYPE_CODE":"001","REPORT_TYPE":"2023年年报","PER_NETCASH_OPERATE":0.579432569412,"PER_OI":28.545080330638,"BPS":6.006029222073,"BASIC_EPS":0.27775643,"DILUTED_EPS":0.271956622,"OPERATE_INCOME":71578750918.08,"OPERATE_INCOME_YOY":10.7000667051,"GROSS_PROFIT":13371905922.9,"GROSS_PROFIT_YOY":14.170902817323,"HOLDER_PROFIT":673895097.26,"HOLDER_PROFIT_YOY":66.3701549304,"GROSS_PROFIT_RATIO":18.68139042857,"EPS_TTM":0.268744417009,"OPERATE_INCOME_QOQ":6.633141348393,"NET_PROFIT_RATIO":1.0467783279,"ROE_AVG":4.483589635542,"GROSS_PROFIT_QOQ":4.78924950648,"ROA":1.240609330698,"HOLDER_PROFIT_QOQ":57.065053749024,"ROE_YEARLY":4.483589635542,"ROIC_YEARLY":1.506271852037,"TOTAL_ASSETS":58701714519,"TOTAL_LIABILITIES":43018593264.08,"TAX_EBT":27.989851800757,"OCF_SALES":2.029885930257,"TOTAL_PARENT_EQUITY":15140810207.88,"DEBT_ASSET_RATIO":73.2833676436,"OPERATE_PROFIT":1760961266.68,"PRETAX_PROFIT":1040507304.48,"NETCASH_OPERATE":1452966993.94,"NETCASH_INVEST":19587039.08,"NETCASH_FINANCE":-223215579.3,"END_CASH":9729972674.94,"DIVI_RATIO":0.539528231372,"DIVIDEND_RATE":2.841918294849,"CURRENT_RATIO":1.175175636221,"COMMON_ACS":3000000000,"CURRENTDEBT_DEBT":95.924261292793,"ISSUED_COMMON_SHARES":2520935155,"HK_COMMON_SHARES":2520935155,"PER_SHARES":1000,"TOTAL_MARKET_CAP":14192864922.65,"HKSK_MARKET_CAP":14192864922.65,"PE_TTM":12.561791647918,"PB_TTM":0.853245485183,"REPORT_DATE_SQ":"2022-12-31 00:00:00","REPORT_TYPE_SQ":"2022年年报","OPERATE_INCOME_SQ":63736078477.05,"DPS_HKD":0.16,"OPERATE_INCOME_QOQ_SQ":4.606748693661,"NET_PROFIT_RATIO_SQ":0.7763321863,"HOLDER_PROFIT_SQ":399269358.25,"HOLDER_PROFIT_QOQ_SQ":26.908052508187,"ROE_AVG_SQ":2.597511872463,"PE_TTM_SQ":13.374946787841,"PB_TTM_SQ":0.386754988794,"ROA_SQ":0.779846200687,"START_DATE":"2023-01-01 00:00:00","FISCAL_YEAR":"12-31","CURRENCY":"HKD","IS_CNY_CODE":0,"DPS_HKD_LY":0.127,"ORG_TYPE":"一般企业","PREMIUM_INCOME":null,"PREMIUM_INCOME_YOY":null,"NET_INTEREST_INCOME":null,"NET_INTEREST_INCOME_YOY":null,"FEE_COMMISSION_INCOME":null,"FEE_COMMISSION_INCOME_YOY":null,"ACCOUNTS_RECE_TDAYS":4.912006798422,"INVENTORY_TDAYS":5.826190840533,"CURRENT_ASSETS_TDAYS":1.627306035526,"TOTAL_ASSETS_TDAYS":1.317731300165,"PREMIUM_EXPENSE":null,"LOAN_DEPOSIT":null,"LOAN_EQUITY":null,"LOAN_ASSETS":null,"DEPOSIT_EQUITY":null,"DEPOSIT_ASSETS":null,"EQUITY_MULTIPLIER":3.742986715766,"EQUITY_RATIO":2.841234562315},{"SECUCODE":"01070.HK","SECURITY_CODE":"01070","SECURITY_NAME_ABBR":"TCL电子","ORG_CODE":"10009228","STD_REPORT_DATE":"2023-06-30 00:00:00","REPORT_DATE":"2023-06-30 00:00:00","DATE_TYPE_CODE":"002","REPORT_TYPE":"2023年中报","PER_NETCASH_OPERATE":0.162201159102,"PER_OI":12.838037407113,"BPS":5.833266984751,"BASIC_EPS":0.100680216,"DILUTED_EPS":0.097914276,"OPERATE_INCOME":32192261195.16,"OPERATE_INCOME_YOY":3.6734362541,"GROSS_PROFIT":5992911489.1,"GROSS_PROFIT_YOY":21.207658723746,"HOLDER_PROFIT":243134423.82,"HOLDER_PROFIT_YOY":5.6911774726,"GROSS_PROFIT_RATIO":18.616000450447,"EPS_TTM":0.171103890136,"OPERATE_INCOME_QOQ":5.31896272492,"NET_PROFIT_RATIO":0.9051666834,"ROE_AVG":1.62716283176,"GROSS_PROFIT_QOQ":8.952877661618,"ROA":0.461478560621,"HOLDER_PROFIT_QOQ":7.452285352293,"ROE_YEARLY":3.254325663521,"ROIC_YEARLY":1.084231633845,"TOTAL_ASSETS":54565806026.28,"TOTAL_LIABILITIES":39402606707.14,"TAX_EBT":24.718515007372,"OCF_SALES":1.263442019665,"TOTAL_PARENT_EQUITY":14705287810.36,"DEBT_ASSET_RATIO":72.2111695522,"OPERATE_PROFIT":772574984.96,"PRETAX_PROFIT":387072097.46,"NETCASH_OPERATE":406730555.02,"NETCASH_INVEST":-2658952518.82,"NETCASH_FINANCE":-152733362.84,"END_CASH":6172562058.04,"DIVI_RATIO":0.847410306596,"DIVIDEND_RATE":2.841918294849,"CURRENT_RATIO":1.165951087414,"COMMON_ACS":3000000000,"CURRENTDEBT_DEBT":96.246107261345,"ISSUED_COMMON_SHARES":2520935155,"HK_COMMON_SHARES":2520935155,"PER_SHARES":1000,"TOTAL_MARKET_CAP":14192864922.65,"HKSK_MARKET_CAP":14192864922.65,"PE_TTM":12.561791647918,"PB_TTM":0.853245485183,"REPORT_DATE_SQ":"2022-06-30 00:00:00","REPORT_TYPE_SQ":"2022年中报","OPERATE_INCOME_SQ":28802162938.64,"DPS_HKD":0.16,"OPERATE_INCOME_QOQ_SQ":-0.434012754955,"NET_PROFIT_RATIO_SQ":0.8691640932,"HOLDER_PROFIT_SQ":213377601.71,"HOLDER_PROFIT_QOQ_SQ":-67.497581736451,"ROE_AVG_SQ":1.417409515902,"PE_TTM_SQ":13.374946787841,"PB_TTM_SQ":0.386754988794,"ROA_SQ":0.420171538344,"START_DATE":"2023-01-01 00:00:00","FISCAL_YEAR":"12-31","CURRENCY":"HKD","IS_CNY_CODE":0,"DPS_HKD_LY":0.127,"ORG_TYPE":"一般企业","PREMIUM_INCOME":null,"PREMIUM_INCOME_YOY":null,"NET_INTEREST_INCOME":null,"NET_INTEREST_INCOME_YOY":null,"FEE_COMMISSION_INCOME":null,"FEE_COMMISSION_INCOME_YOY":null,"ACCOUNTS_RECE_TDAYS":2.386400070232,"INVENTORY_TDAYS":2.584939915268,"CURRENT_ASSETS_TDAYS":0.763015917944,"TOTAL_ASSETS_TDAYS":0.611021595628,"PREMIUM_EXPENSE":null,"LOAN_DEPOSIT":null,"LOAN_EQUITY":null,"LOAN_ASSETS":null,"DEPOSIT_EQUITY":null,"DEPOSIT_ASSETS":null,"EQUITY_MULTIPLIER":3.598568143695,"EQUITY_RATIO":2.679485584728},{"SECUCODE":"01070.HK","SECURITY_CODE":"01070","SECURITY_NAME_ABBR":"TCL电子","ORG_CODE":"10009228","STD_REPORT_DATE":"2022-12-31 00:00:00","REPORT_DATE":"2022-12-31 00:00:00","DATE_TYPE_CODE":"001","REPORT_TYPE":"2022年年报","PER_NETCASH_OPERATE":0.487769376022,"PER_OI":25.496673027717,"BPS":5.83252918521,"BASIC_EPS":0.165522931,"DILUTED_EPS":0.159627349,"OPERATE_INCOME":63736078477.05,"OPERATE_INCOME_YOY":-4.6701647769,"GROSS_PROFIT":11712183746.41,"GROSS_PROFIT_YOY":14.286938097047,"HOLDER_PROFIT":399269358.25,"HOLDER_PROFIT_YOY":-62.2459985186,"GROSS_PROFIT_RATIO":18.376065842563,"EPS_TTM":0.159733220709,"OPERATE_INCOME_QOQ":4.606748693661,"NET_PROFIT_RATIO":0.7763321863,"ROE_AVG":2.597511872463,"GROSS_PROFIT_QOQ":10.898665666073,"ROA":0.779846200687,"HOLDER_PROFIT_QOQ":26.908052508187,"ROE_YEARLY":2.597511872463,"ROIC_YEARLY":0.962263003931,"TOTAL_ASSETS":49227163727.07,"TOTAL_LIABILITIES":34147782636.8,"TAX_EBT":33.714489520399,"OCF_SALES":1.913070679818,"TOTAL_PARENT_EQUITY":14706501607.63,"DEBT_ASSET_RATIO":69.3720731455,"OPERATE_PROFIT":1263403570.66,"PRETAX_PROFIT":746352096.56,"NETCASH_OPERATE":1219316229.81,"NETCASH_INVEST":-689219440.63,"NETCASH_FINANCE":-1997638459.67,"END_CASH":8388645867.07,"DIVI_RATIO":0.907733528169,"DIVIDEND_RATE":2.841918294849,"CURRENT_RATIO":1.192288979302,"COMMON_ACS":3000000000,"CURRENTDEBT_DEBT":95.578853003466,"ISSUED_COMMON_SHARES":2520935155,"HK_COMMON_SHARES":2520935155,"PER_SHARES":1000,"TOTAL_MARKET_CAP":14192864922.65,"HKSK_MARKET_CAP":14192864922.65,"PE_TTM":12.561791647918,"PB_TTM":0.853245485183,"REPORT_DATE_SQ":"2021-12-31 00:00:00","REPORT_TYPE_SQ":"2021年年报","OPERATE_INCOME_SQ":61194815628.8,"DPS_HKD":0.16,"OPERATE_INCOME_QOQ_SQ":8.720491749075,"NET_PROFIT_RATIO_SQ":1.7092093395,"HOLDER_PROFIT_SQ":968037582.4,"HOLDER_PROFIT_QOQ_SQ":-71.580624934849,"ROE_AVG_SQ":6.939787591327,"PE_TTM_SQ":13.374946787841,"PB_TTM_SQ":0.386754988794,"ROA_SQ":2.116729582812,"START_DATE":"2022-01-01 00:00:00","FISCAL_YEAR":"12-31","CURRENCY":"HKD","IS_CNY_CODE":0,"DPS_HKD_LY":0.167,"ORG_TYPE":"一般企业","PREMIUM_INCOME":null,"PREMIUM_INCOME_YOY":null,"NET_INTEREST_INCOME":null,"NET_INTEREST_INCOME_YOY":null,"FEE_COMMISSION_INCOME":null,"FEE_COMMISSION_INCOME_YOY":null,"ACCOUNTS_RECE_TDAYS":5.33392153572,"INVENTORY_TDAYS":4.979272095691,"CURRENT_ASSETS_TDAYS":1.561040163771,"TOTAL_ASSETS_TDAYS":1.244793256065,"PREMIUM_EXPENSE":null,"LOAN_DEPOSIT":null,"LOAN_EQUITY":null,"LOAN_ASSETS":null,"DEPOSIT_EQUITY":null,"DEPOSIT_ASSETS":null,"EQUITY_MULTIPLIER":3.264994084486,"EQUITY_RATIO":2.321951443509},{"SECUCODE":"01070.HK","SECURITY_CODE":"01070","SECURITY_NAME_ABBR":"TCL电子","ORG_CODE":"10009228","STD_REPORT_DATE":"2022-06-30 00:00:00","REPORT_DATE":"2022-06-30 00:00:00","DATE_TYPE_CODE":"002","REPORT_TYPE":"2022年中报","PER_NETCASH_OPERATE":0.045162197967,"PER_OI":11.541660167763,"BPS":5.82510741363,"BASIC_EPS":0.088683203,"DILUTED_EPS":0.084920367,"OPERATE_INCOME":28802162938.64,"OPERATE_INCOME_YOY":-3.5913364024,"GROSS_PROFIT":4944334006.78,"GROSS_PROFIT_YOY":6.76078688102,"HOLDER_PROFIT":213377601.71,"HOLDER_PROFIT_YOY":-76.0875578693,"GROSS_PROFIT_RATIO":17.166537170536,"EPS_TTM":0.126081414663,"OPERATE_INCOME_QOQ":-0.434012754955,"NET_PROFIT_RATIO":0.8691640932,"ROE_AVG":1.417409515902,"GROSS_PROFIT_QOQ":3.055286923989,"ROA":0.420171538344,"HOLDER_PROFIT_QOQ":-67.497581736451,"ROE_YEARLY":2.834819031804,"ROIC_YEARLY":1.003564143775,"TOTAL_ASSETS":50431063993.24,"TOTAL_LIABILITIES":35424060739.55,"TAX_EBT":41.554245945779,"OCF_SALES":0.391297242433,"TOTAL_PARENT_EQUITY":14684718060.67,"DEBT_ASSET_RATIO":70.2425408758,"OPERATE_PROFIT":685711011.37,"PRETAX_PROFIT":429100989.59,"NETCASH_OPERATE":112702069.34,"NETCASH_INVEST":-4356762034.24,"NETCASH_FINANCE":154442182.86,"END_CASH":5963224476.58,"DIVI_RATIO":1.150012477159,"DIVIDEND_RATE":2.841918294849,"CURRENT_RATIO":1.192101592109,"COMMON_ACS":3000000000,"CURRENTDEBT_DEBT":95.709475865078,"ISSUED_COMMON_SHARES":2520935155,"HK_COMMON_SHARES":2520935155,"PER_SHARES":1000,"TOTAL_MARKET_CAP":14192864922.65,"HKSK_MARKET_CAP":14192864922.65,"PE_TTM":12.561791647918,"PB_TTM":0.853245485183,"REPORT_DATE_SQ":"2021-06-30 00:00:00","REPORT_TYPE_SQ":"2021年中报","OPERATE_INCOME_SQ":29067756243.84,"DPS_HKD":0.16,"OPERATE_INCOME_QOQ_SQ":9.718379499303,"NET_PROFIT_RATIO_SQ":3.0868428809,"HOLDER_PROFIT_SQ":866311771.2,"HOLDER_PROFIT_QOQ_SQ":-1.794434579984,"ROE_AVG_SQ":6.228359398843,"PE_TTM_SQ":13.374946787841,"PB_TTM_SQ":0.386754988794,"ROA_SQ":1.870510760252,"START_DATE":"2022-01-01 00:00:00","FISCAL_YEAR":"12-31","CURRENCY":"HKD","IS_CNY_CODE":0,"DPS_HKD_LY":0.167,"ORG_TYPE":"一般企业","PREMIUM_INCOME":null,"PREMIUM_INCOME_YOY":null,"NET_INTEREST_INCOME":null,"NET_INTEREST_INCOME_YOY":null,"FEE_COMMISSION_INCOME":null,"FEE_COMMISSION_INCOME_YOY":null,"ACCOUNTS_RECE_TDAYS":2.608660689206,"INVENTORY_TDAYS":2.174605561955,"CURRENT_ASSETS_TDAYS":0.708196093653,"TOTAL_ASSETS_TDAYS":0.568402599747,"PREMIUM_EXPENSE":null,"LOAN_DEPOSIT":null,"LOAN_EQUITY":null,"LOAN_ASSETS":null,"DEPOSIT_EQUITY":null,"DEPOSIT_ASSETS":null,"EQUITY_MULTIPLIER":3.360501969695,"EQUITY_RATIO":2.412307855908},{"SECUCODE":"01070.HK","SECURITY_CODE":"01070","SECURITY_NAME_ABBR":"TCL电子","ORG_CODE":"10009228","STD_REPORT_DATE":"2021-12-31 00:00:00","REPORT_DATE":"2021-12-31 00:00:00","DATE_TYPE_CODE":"001","REPORT_TYPE":"2021年年报","PER_NETCASH_OPERATE":0.262273559278,"PER_OI":24.675732768607,"BPS":5.824167575147,"BASIC_EPS":0.40274976,"DILUTED_EPS":0.38836,"OPERATE_INCOME":61194815628.8,"OPERATE_INCOME_YOY":46.8941872564,"GROSS_PROFIT":10248051038.4,"GROSS_PROFIT_YOY":26.019725586781,"HOLDER_PROFIT":968037582.4,"HOLDER_PROFIT_YOY":-67.1060403251,"GROSS_PROFIT_RATIO":16.746600072404,"EPS_TTM":0.390344123891,"OPERATE_INCOME_QOQ":8.720491749075,"NET_PROFIT_RATIO":1.7092093395,"ROE_AVG":6.939787591327,"GROSS_PROFIT_QOQ":7.440914684453,"ROA":2.116729582812,"HOLDER_PROFIT_QOQ":-71.580624934849,"ROE_YEARLY":6.939787591327,"ROIC_YEARLY":2.660939289664,"TOTAL_ASSETS":48675273931.2,"TOTAL_LIABILITIES":33653783844.8,"TAX_EBT":11.636963431936,"OCF_SALES":1.062880530183,"TOTAL_PARENT_EQUITY":14682348788.8,"DEBT_ASSET_RATIO":69.1393825382,"OPERATE_PROFIT":1392527326.4,"PRETAX_PROFIT":1183693481.6,"NETCASH_OPERATE":650427780.8,"NETCASH_INVEST":-672260153.6,"NETCASH_FINANCE":920044462.4,"END_CASH":9409894121.6,"DIVI_RATIO":0.371454803917,"DIVIDEND_RATE":2.841918294849,"CURRENT_RATIO":1.198058567552,"COMMON_ACS":3000000000,"CURRENTDEBT_DEBT":97.034501002911,"ISSUED_COMMON_SHARES":2520935155,"HK_COMMON_SHARES":2520935155,"PER_SHARES":1000,"TOTAL_MARKET_CAP":14192864922.65,"HKSK_MARKET_CAP":14192864922.65,"PE_TTM":12.561791647918,"PB_TTM":0.853245485183,"REPORT_DATE_SQ":"2020-12-31 00:00:00","REPORT_TYPE_SQ":"2020年年报","OPERATE_INCOME_SQ":42884021480.28,"DPS_HKD":0.16,"OPERATE_INCOME_QOQ_SQ":-7.819140069227,"NET_PROFIT_RATIO_SQ":7.1548765,"HOLDER_PROFIT_SQ":3029434364.88,"HOLDER_PROFIT_QOQ_SQ":1.104252123548,"ROE_AVG_SQ":25.943502437193,"PE_TTM_SQ":13.374946787841,"PB_TTM_SQ":0.386754988794,"ROA_SQ":8.404135335493,"START_DATE":"2021-01-01 00:00:00","FISCAL_YEAR":"12-31","CURRENCY":"HKD","IS_CNY_CODE":0,"DPS_HKD_LY":0.115,"ORG_TYPE":"一般企业","PREMIUM_INCOME":null,"PREMIUM_INCOME_YOY":null,"NET_INTEREST_INCOME":null,"NET_INTEREST_INCOME_YOY":null,"FEE_COMMISSION_INCOME":null,"FEE_COMMISSION_INCOME_YOY":null,"ACCOUNTS_RECE_TDAYS":5.487320975583,"INVENTORY_TDAYS":5.284814031394,"CURRENT_ASSETS_TDAYS":1.673534585148,"TOTAL_ASSETS_TDAYS":1.338097599838,"PREMIUM_EXPENSE":null,"LOAN_DEPOSIT":null,"LOAN_EQUITY":null,"LOAN_ASSETS":null,"DEPOSIT_EQUITY":null,"DEPOSIT_ASSETS":null,"EQUITY_MULTIPLIER":3.240375864928,"EQUITY_RATIO":2.292125349213},{"SECUCODE":"01070.HK","SECURITY_CODE":"01070","SECURITY_NAME_ABBR":"TCL电子","ORG_CODE":"10009228","STD_REPORT_DATE":"2021-06-30 00:00:00","REPORT_DATE":"2021-06-30 00:00:00","DATE_TYPE_CODE":"002","REPORT_TYPE":"2021年中报","PER_NETCASH_OPERATE":0.399391714542,"PER_OI":11.763263705338,"BPS":5.699630227863,"BASIC_EPS":0.36029064,"DILUTED_EPS":0.351886632,"OPERATE_INCOME":29067756243.84,"OPERATE_INCOME_YOY":103.697023179,"GROSS_PROFIT":4631226643.44,"GROSS_PROFIT_YOY":43.60329908139,"HOLDER_PROFIT":866311771.2,"HOLDER_PROFIT_YOY":94.288934671,"GROSS_PROFIT_RATIO":15.932521948341,"EPS_TTM":1.378459523161,"OPERATE_INCOME_QOQ":9.718379499303,"NET_PROFIT_RATIO":3.0868428809,"ROE_AVG":6.228359398843,"GROSS_PROFIT_QOQ":7.411888454312,"ROA":1.870510760252,"HOLDER_PROFIT_QOQ":-1.794434579984,"ROE_YEARLY":12.456718797685,"ROIC_YEARLY":4.642056767239,"TOTAL_ASSETS":49080411040.56,"TOTAL_LIABILITIES":34178579653.92,"TAX_EBT":6.262044817805,"OCF_SALES":3.395245779967,"TOTAL_PARENT_EQUITY":14368398211.92,"DEBT_ASSET_RATIO":69.637924641,"OPERATE_PROFIT":1118807279.28,"PRETAX_PROFIT":957217343.28,"NETCASH_OPERATE":986921767.2,"NETCASH_INVEST":-2763680496.96,"NETCASH_FINANCE":1294920339.6,"END_CASH":8330060218.32,"DIVI_RATIO":0.105186403782,"DIVIDEND_RATE":2.841918294849,"CURRENT_RATIO":1.196205403287,"COMMON_ACS":3000000000,"CURRENTDEBT_DEBT":97.580031626197,"ISSUED_COMMON_SHARES":2520935155,"HK_COMMON_SHARES":2520935155,"PER_SHARES":1000,"TOTAL_MARKET_CAP":14192864922.65,"HKSK_MARKET_CAP":14192864922.65,"PE_TTM":12.561791647918,"PB_TTM":0.853245485183,"REPORT_DATE_SQ":"2020-06-30 00:00:00","REPORT_TYPE_SQ":"2020年中报","OPERATE_INCOME_SQ":15665410136.64,"DPS_HKD":0.16,"OPERATE_INCOME_QOQ_SQ":6.410942152627,"NET_PROFIT_RATIO_SQ":3.4100729643,"HOLDER_PROFIT_SQ":489486919.68,"HOLDER_PROFIT_QOQ_SQ":-29.923823588544,"ROE_AVG_SQ":4.629581113329,"PE_TTM_SQ":13.374946787841,"PB_TTM_SQ":0.386754988794,"ROA_SQ":1.523078747797,"START_DATE":"2021-01-01 00:00:00","FISCAL_YEAR":"12-31","CURRENCY":"HKD","IS_CNY_CODE":0,"DPS_HKD_LY":0.115,"ORG_TYPE":"一般企业","PREMIUM_INCOME":null,"PREMIUM_INCOME_YOY":null,"NET_INTEREST_INCOME":null,"NET_INTEREST_INCOME_YOY":null,"FEE_COMMISSION_INCOME":null,"FEE_COMMISSION_INCOME_YOY":null,"ACCOUNTS_RECE_TDAYS":2.643612985755,"INVENTORY_TDAYS":2.444891812432,"CURRENT_ASSETS_TDAYS":0.780275451343,"TOTAL_ASSETS_TDAYS":0.627621055583,"PREMIUM_EXPENSE":null,"LOAN_DEPOSIT":null,"LOAN_EQUITY":null,"LOAN_ASSETS":null,"DEPOSIT_EQUITY":null,"DEPOSIT_ASSETS":null,"EQUITY_MULTIPLIER":3.293582497823,"EQUITY_RATIO":2.378732768247},{"SECUCODE":"01070.HK","SECURITY_CODE":"01070","SECURITY_NAME_ABBR":"TCL电子","ORG_CODE":"10009228","STD_REPORT_DATE":"2021-03-31 00:00:00","REPORT_DATE":"2021-03-31 00:00:00","DATE_TYPE_CODE":"003","REPORT_TYPE":"2021年一季报","PER_NETCASH_OPERATE":null,"PER_OI":5.979278268413,"BPS":null,"BASIC_EPS":0.36596294,"DILUTED_EPS":0.357426622,"OPERATE_INCOME":14764126561.24,"OPERATE_INCOME_YOY":151.4591470355,"GROSS_PROFIT":2021763529.8,"GROSS_PROFIT_YOY":58.727024390674,"HOLDER_PROFIT":534663403.54,"HOLDER_PROFIT_YOY":504.6211339221,"GROSS_PROFIT_RATIO":13.693756426524,"EPS_TTM":1.404696823357,"OPERATE_INCOME_QOQ":19.626758002186,"NET_PROFIT_RATIO":3.7019127672,"ROE_AVG":null,"GROSS_PROFIT_QOQ":9.198451645066,"ROA":null,"HOLDER_PROFIT_QOQ":14.493293039455,"ROE_YEARLY":null,"ROIC_YEARLY":null,"TOTAL_ASSETS":null,"TOTAL_LIABILITIES":null,"TAX_EBT":3.821281861367,"OCF_SALES":null,"TOTAL_PARENT_EQUITY":null,"DEBT_ASSET_RATIO":null,"OPERATE_PROFIT":null,"PRETAX_PROFIT":568270295.88,"NETCASH_OPERATE":null,"NETCASH_INVEST":null,"NETCASH_FINANCE":null,"END_CASH":null,"DIVI_RATIO":0.103221704206,"DIVIDEND_RATE":2.841918294849,"CURRENT_RATIO":null,"COMMON_ACS":3000000000,"CURRENTDEBT_DEBT":null,"ISSUED_COMMON_SHARES":2520935155,"HK_COMMON_SHARES":2520935155,"PER_SHARES":1000,"TOTAL_MARKET_CAP":14192864922.65,"HKSK_MARKET_CAP":14192864922.65,"PE_TTM":12.561791647918,"PB_TTM":0.853245485183,"REPORT_DATE_SQ":"2020-03-31 00:00:00","REPORT_TYPE_SQ":"2020年一季报","OPERATE_INCOME_SQ":6347383443.7,"DPS_HKD":0.16,"OPERATE_INCOME_QOQ_SQ":-5.797024318416,"NET_PROFIT_RATIO_SQ":1.5981472264,"HOLDER_PROFIT_SQ":95598603.6,"HOLDER_PROFIT_QOQ_SQ":-6.822423009814,"ROE_AVG_SQ":null,"PE_TTM_SQ":13.374946787841,"PB_TTM_SQ":0.386754988794,"ROA_SQ":null,"START_DATE":"2021-01-01 00:00:00","FISCAL_YEAR":"12-31","CURRENCY":"HKD","IS_CNY_CODE":0,"DPS_HKD_LY":0.115,"ORG_TYPE":"一般企业","PREMIUM_INCOME":null,"PREMIUM_INCOME_YOY":null,"NET_INTEREST_INCOME":null,"NET_INTEREST_INCOME_YOY":null,"FEE_COMMISSION_INCOME":null,"FEE_COMMISSION_INCOME_YOY":null,"ACCOUNTS_RECE_TDAYS":null,"INVENTORY_TDAYS":null,"CURRENT_ASSETS_TDAYS":0.839918407516,"TOTAL_ASSETS_TDAYS":0.667553177616,"PREMIUM_EXPENSE":null,"LOAN_DEPOSIT":null,"LOAN_EQUITY":null,"LOAN_ASSETS":null,"DEPOSIT_EQUITY":null,"DEPOSIT_ASSETS":null,"EQUITY_MULTIPLIER":null,"EQUITY_RATIO":null},{"SECUCODE":"01070.HK","SECURITY_CODE":"01070","SECURITY_NAME_ABBR":"TCL电子","ORG_CODE":"10009228","STD_REPORT_DATE":"2020-12-31 00:00:00","REPORT_DATE":"2020-12-31 00:00:00","DATE_TYPE_CODE":"001","REPORT_TYPE":"2020年年报","PER_NETCASH_OPERATE":0.867300622878,"PER_OI":17.485970083958,"BPS":5.39658025103,"BASIC_EPS":1.299744652,"DILUTED_EPS":1.281481064,"OPERATE_INCOME":42884021480.28,"OPERATE_INCOME_YOY":40.2300857746,"GROSS_PROFIT":8132100741.12,"GROSS_PROFIT_YOY":21.967442360885,"HOLDER_PROFIT":3029434364.88,"HOLDER_PROFIT_YOY":57.6340885761,"GROSS_PROFIT_RATIO":18.963008739419,"EPS_TTM":1.23525259169,"OPERATE_INCOME_QOQ":-7.819140069227,"NET_PROFIT_RATIO":7.1548765,"ROE_AVG":25.943502437193,"GROSS_PROFIT_QOQ":-0.82176984023,"ROA":8.404135335493,"HOLDER_PROFIT_QOQ":1.104252123548,"ROE_YEARLY":25.943502437193,"ROIC_YEARLY":10.882380582618,"TOTAL_ASSETS":44048289024.76,"TOTAL_LIABILITIES":29963547146.48,"TAX_EBT":8.942028664892,"OCF_SALES":4.959980022345,"TOTAL_PARENT_EQUITY":13604428871.6,"DEBT_ASSET_RATIO":68.0243156088,"OPERATE_PROFIT":2006646504.4,"PRETAX_PROFIT":1750054034.32,"NETCASH_OPERATE":2127038898.2,"NETCASH_INVEST":-149623392.64,"NETCASH_FINANCE":-718607381.52,"END_CASH":8740334611.4,"DIVI_RATIO":0.117381012576,"DIVIDEND_RATE":2.841918294849,"CURRENT_RATIO":1.224688834259,"COMMON_ACS":3000000000,"CURRENTDEBT_DEBT":95.402296461413,"ISSUED_COMMON_SHARES":2520935155,"HK_COMMON_SHARES":2520935155,"PER_SHARES":1000,"TOTAL_MARKET_CAP":14192864922.65,"HKSK_MARKET_CAP":14192864922.65,"PE_TTM":12.561791647918,"PB_TTM":0.853245485183,"REPORT_DATE_SQ":"2019-12-31 00:00:00","REPORT_TYPE_SQ":"2019年年报","OPERATE_INCOME_SQ":32548374120.96,"DPS_HKD":0.16,"OPERATE_INCOME_QOQ_SQ":21.551251103681,"NET_PROFIT_RATIO_SQ":4.9479392274,"HOLDER_PROFIT_SQ":2045438384.48,"HOLDER_PROFIT_QOQ_SQ":28.764444002442,"ROE_AVG_SQ":21.24776084955,"PE_TTM_SQ":13.374946787841,"PB_TTM_SQ":0.386754988794,"ROA_SQ":7.409903040083,"START_DATE":"2020-01-01 00:00:00","FISCAL_YEAR":"12-31","CURRENCY":"HKD","IS_CNY_CODE":0,"DPS_HKD_LY":0.203,"ORG_TYPE":"一般企业","PREMIUM_INCOME":null,"PREMIUM_INCOME_YOY":null,"NET_INTEREST_INCOME":null,"NET_INTEREST_INCOME_YOY":null,"FEE_COMMISSION_INCOME":null,"FEE_COMMISSION_INCOME_YOY":null,"ACCOUNTS_RECE_TDAYS":4.274187333454,"INVENTORY_TDAYS":5.352848397567,"CURRENT_ASSETS_TDAYS":1.471730745185,"TOTAL_ASSETS_TDAYS":1.189671327521,"PREMIUM_EXPENSE":null,"LOAN_DEPOSIT":null,"LOAN_EQUITY":null,"LOAN_ASSETS":null,"DEPOSIT_EQUITY":null,"DEPOSIT_ASSETS":null,"EQUITY_MULTIPLIER":3.127376376892,"EQUITY_RATIO":2.202484751788}],"count":84},"success":true,"message":"ok","code":0}