{"version":"320c2630b1b64d19747d835ecfbb5d35","result":{"pages":9,"data":[{"SECUCODE":"01088.HK","SECURITY_CODE":"01088","SECURITY_NAME_ABBR":"中国神华","ORG_CODE":"10032705","STD_REPORT_DATE":"2024-09-30 00:00:00","REPORT_DATE":"2024-09-30 00:00:00","DATE_TYPE_CODE":"004","REPORT_TYPE":"2024年三季报","PER_NETCASH_OPERATE":4.202829409998,"PER_OI":12.778958904591,"BPS":21.010019918215,"BASIC_EPS":2.546,"DILUTED_EPS":null,"OPERATE_INCOME":253899000000,"OPERATE_INCOME_YOY":0.5672028424,"GROSS_PROFIT":77511000000,"GROSS_PROFIT_YOY":-3.463607831415,"HOLDER_PROFIT":50569000000,"HOLDER_PROFIT_YOY":-3.6799299061,"GROSS_PROFIT_RATIO":30.528280930606,"EPS_TTM":3.155393564392,"OPERATE_INCOME_QOQ":0.818237686928,"NET_PROFIT_RATIO":23.231284881,"ROE_AVG":12.20123631345,"GROSS_PROFIT_QOQ":2.166472300443,"ROA":7.865935795771,"HOLDER_PROFIT_QOQ":3.564879821591,"ROE_YEARLY":16.2683150846,"ROIC_YEARLY":12.034922671058,"TOTAL_ASSETS":652360000000,"TOTAL_LIABILITIES":156498000000,"TAX_EBT":17.422895462627,"OCF_SALES":32.888668328745,"TOTAL_PARENT_EQUITY":417438000000,"DEBT_ASSET_RATIO":23.9895149917,"OPERATE_PROFIT":68623000000,"PRETAX_PROFIT":71429000000,"NETCASH_OPERATE":83504000000,"NETCASH_INVEST":-51935000000,"NETCASH_FINANCE":-50047000000,"END_CASH":89632000000,"DIVI_RATIO":0.715408070003,"DIVIDEND_RATE":8.373109243697,"CURRENT_RATIO":2.202499843629,"COMMON_ACS":null,"CURRENTDEBT_DEBT":61.295352017278,"ISSUED_COMMON_SHARES":19868519955,"HK_COMMON_SHARES":3377482000,"PER_SHARES":500,"TOTAL_MARKET_CAP":591088468661.25,"HKSK_MARKET_CAP":100480089500,"PE_TTM":8.423031865193,"PB_TTM":1.276926561918,"REPORT_DATE_SQ":"2023-09-30 00:00:00","REPORT_TYPE_SQ":"2023年三季报","OPERATE_INCOME_SQ":252467000000,"DPS_HKD":2.491,"OPERATE_INCOME_QOQ_SQ":-0.541050987956,"NET_PROFIT_RATIO_SQ":24.1976179065,"HOLDER_PROFIT_SQ":52501000000,"HOLDER_PROFIT_QOQ_SQ":-6.928691412347,"ROE_AVG_SQ":13.183885330005,"PE_TTM_SQ":8.860836620641,"PB_TTM_SQ":1.412607680531,"ROA_SQ":8.380850520401,"START_DATE":"2024-01-01 00:00:00","FISCAL_YEAR":"12-31","CURRENCY":"HKD","IS_CNY_CODE":0,"DPS_HKD_LY":2.491,"ORG_TYPE":"一般企业","PREMIUM_INCOME":null,"PREMIUM_INCOME_YOY":null,"NET_INTEREST_INCOME":null,"NET_INTEREST_INCOME_YOY":null,"FEE_COMMISSION_INCOME":null,"FEE_COMMISSION_INCOME_YOY":null,"ACCOUNTS_RECE_TDAYS":13.2987115022,"INVENTORY_TDAYS":14.575713754493,"CURRENT_ASSETS_TDAYS":1.237843345652,"TOTAL_ASSETS_TDAYS":0.39493627175,"PREMIUM_EXPENSE":null,"LOAN_DEPOSIT":null,"LOAN_EQUITY":null,"LOAN_ASSETS":null,"DEPOSIT_EQUITY":null,"DEPOSIT_ASSETS":null,"EQUITY_MULTIPLIER":1.315607971572,"EQUITY_RATIO":0.37490118293},{"SECUCODE":"01088.HK","SECURITY_CODE":"01088","SECURITY_NAME_ABBR":"中国神华","ORG_CODE":"10032705","STD_REPORT_DATE":"2024-06-30 00:00:00","REPORT_DATE":"2024-06-30 00:00:00","DATE_TYPE_CODE":"002","REPORT_TYPE":"2024年中报","PER_NETCASH_OPERATE":2.650826539636,"PER_OI":8.459512856553,"BPS":20.115136955605,"BASIC_EPS":1.649,"DILUTED_EPS":null,"OPERATE_INCOME":168078000000,"OPERATE_INCOME_YOY":-0.8049952196,"GROSS_PROFIT":50232000000,"GROSS_PROFIT_YOY":-9.161271655394,"HOLDER_PROFIT":32771000000,"HOLDER_PROFIT_YOY":-11.0957380429,"GROSS_PROFIT_RATIO":29.886124299432,"EPS_TTM":3.046779535522,"OPERATE_INCOME_QOQ":-0.572918333678,"NET_PROFIT_RATIO":22.8453456133,"ROE_AVG":8.080272605334,"GROSS_PROFIT_QOQ":-2.733434776594,"ROA":5.00605306071,"HOLDER_PROFIT_QOQ":-1.900888053413,"ROE_YEARLY":16.160545210668,"ROIC_YEARLY":15.525190949995,"TOTAL_ASSETS":675843000000,"TOTAL_LIABILITIES":200388000000,"TAX_EBT":17.220713146208,"OCF_SALES":31.335451397565,"TOTAL_PARENT_EQUITY":399658000000,"DEBT_ASSET_RATIO":29.6500814538,"OPERATE_PROFIT":44407000000,"PRETAX_PROFIT":46386000000,"NETCASH_OPERATE":52668000000,"NETCASH_INVEST":-43857000000,"NETCASH_FINANCE":-3302000000,"END_CASH":113717000000,"DIVI_RATIO":0.740911507932,"DIVIDEND_RATE":7.096866096866,"CURRENT_RATIO":1.671730631923,"COMMON_ACS":null,"CURRENTDEBT_DEBT":70.591552388367,"ISSUED_COMMON_SHARES":19868519955,"HK_COMMON_SHARES":3377482000,"PER_SHARES":500,"TOTAL_MARKET_CAP":697385050420.5,"HKSK_MARKET_CAP":118549618200,"PE_TTM":9.93776196532,"PB_TTM":1.506558733557,"REPORT_DATE_SQ":"2023-06-30 00:00:00","REPORT_TYPE_SQ":"2023年中报","OPERATE_INCOME_SQ":169442000000,"DPS_HKD":2.491,"OPERATE_INCOME_QOQ_SQ":0.207954025766,"NET_PROFIT_RATIO_SQ":25.214527685,"HOLDER_PROFIT_SQ":36861000000,"HOLDER_PROFIT_QOQ_SQ":-8.796214699223,"ROE_AVG_SQ":9.441697307806,"PE_TTM_SQ":7.057176823871,"PB_TTM_SQ":1.125065567854,"ROA_SQ":5.709103806534,"START_DATE":"2024-01-01 00:00:00","FISCAL_YEAR":"12-31","CURRENCY":"HKD","IS_CNY_CODE":0,"DPS_HKD_LY":2.491,"ORG_TYPE":"一般企业","PREMIUM_INCOME":null,"PREMIUM_INCOME_YOY":null,"NET_INTEREST_INCOME":null,"NET_INTEREST_INCOME_YOY":null,"FEE_COMMISSION_INCOME":null,"FEE_COMMISSION_INCOME_YOY":null,"ACCOUNTS_RECE_TDAYS":8.610332727133,"INVENTORY_TDAYS":8.809598564701,"CURRENT_ASSETS_TDAYS":0.77201105117,"TOTAL_ASSETS_TDAYS":0.256753649977,"PREMIUM_EXPENSE":null,"LOAN_DEPOSIT":null,"LOAN_EQUITY":null,"LOAN_ASSETS":null,"DEPOSIT_EQUITY":null,"DEPOSIT_ASSETS":null,"EQUITY_MULTIPLIER":1.421465753856,"EQUITY_RATIO":0.501398695885},{"SECUCODE":"01088.HK","SECURITY_CODE":"01088","SECURITY_NAME_ABBR":"中国神华","ORG_CODE":"10032705","STD_REPORT_DATE":"2024-03-31 00:00:00","REPORT_DATE":"2024-03-31 00:00:00","DATE_TYPE_CODE":"003","REPORT_TYPE":"2024年一季报","PER_NETCASH_OPERATE":1.437097482081,"PER_OI":4.411350226313,"BPS":21.597934872447,"BASIC_EPS":0.894,"DILUTED_EPS":0.894,"OPERATE_INCOME":87647000000,"OPERATE_INCOME_YOY":0.6950667494,"GROSS_PROFIT":27184000000,"GROSS_PROFIT_YOY":-7.177490951308,"HOLDER_PROFIT":17760000000,"HOLDER_PROFIT_YOY":-14.1074623978,"GROSS_PROFIT_RATIO":31.015322829076,"EPS_TTM":3.105817652234,"OPERATE_INCOME_QOQ":0.176346793986,"NET_PROFIT_RATIO":23.717868267,"ROE_AVG":4.225568256846,"GROSS_PROFIT_QOQ":-1.901625699992,"ROA":2.753528927945,"HOLDER_PROFIT_QOQ":-4.513733075435,"ROE_YEARLY":16.902273027384,"ROIC_YEARLY":16.80115791764,"TOTAL_ASSETS":656569000000,"TOTAL_LIABILITIES":153996000000,"TAX_EBT":16.22471185621,"OCF_SALES":32.577270186087,"TOTAL_PARENT_EQUITY":429119000000,"DEBT_ASSET_RATIO":23.4546559463,"OPERATE_PROFIT":23744000000,"PRETAX_PROFIT":24814000000,"NETCASH_OPERATE":28553000000,"NETCASH_INVEST":-25005000000,"NETCASH_FINANCE":-1068000000,"END_CASH":110661000000,"DIVI_RATIO":0.726827609591,"DIVIDEND_RATE":7.096866096866,"CURRENT_RATIO":2.348808192066,"COMMON_ACS":null,"CURRENTDEBT_DEBT":60.370399231149,"ISSUED_COMMON_SHARES":19868519955,"HK_COMMON_SHARES":3377482000,"PER_SHARES":500,"TOTAL_MARKET_CAP":697385050420.5,"HKSK_MARKET_CAP":118549618200,"PE_TTM":9.93776196532,"PB_TTM":1.506558733557,"REPORT_DATE_SQ":"2023-03-31 00:00:00","REPORT_TYPE_SQ":"2023年一季报","OPERATE_INCOME_SQ":87042000000,"DPS_HKD":2.491,"OPERATE_INCOME_QOQ_SQ":0.91137859073,"NET_PROFIT_RATIO_SQ":27.0972633901,"HOLDER_PROFIT_SQ":20677000000,"HOLDER_PROFIT_QOQ_SQ":1.174162928823,"ROE_AVG_SQ":5.071932299013,"PE_TTM_SQ":7.057176823871,"PB_TTM_SQ":1.125065567854,"ROA_SQ":3.249465677646,"START_DATE":"2024-01-01 00:00:00","FISCAL_YEAR":"12-31","CURRENCY":"HKD","IS_CNY_CODE":0,"DPS_HKD_LY":2.491,"ORG_TYPE":"一般企业","PREMIUM_INCOME":null,"PREMIUM_INCOME_YOY":null,"NET_INTEREST_INCOME":null,"NET_INTEREST_INCOME_YOY":null,"FEE_COMMISSION_INCOME":null,"FEE_COMMISSION_INCOME_YOY":null,"ACCOUNTS_RECE_TDAYS":4.360438795055,"INVENTORY_TDAYS":4.587132994462,"CURRENT_ASSETS_TDAYS":0.420051999089,"TOTAL_ASSETS_TDAYS":0.135888823169,"PREMIUM_EXPENSE":null,"LOAN_DEPOSIT":null,"LOAN_EQUITY":null,"LOAN_ASSETS":null,"DEPOSIT_EQUITY":null,"DEPOSIT_ASSETS":null,"EQUITY_MULTIPLIER":1.306415187446,"EQUITY_RATIO":0.358865489526},{"SECUCODE":"01088.HK","SECURITY_CODE":"01088","SECURITY_NAME_ABBR":"中国神华","ORG_CODE":"10032705","STD_REPORT_DATE":"2023-12-31 00:00:00","REPORT_DATE":"2023-12-31 00:00:00","DATE_TYPE_CODE":"001","REPORT_TYPE":"2023年年报","PER_NETCASH_OPERATE":4.5140252119,"PER_OI":17.267214708344,"BPS":20.710047901502,"BASIC_EPS":3.253,"DILUTED_EPS":3.253,"OPERATE_INCOME":343074000000,"OPERATE_INCOME_YOY":-0.4234717719,"GROSS_PROFIT":110537000000,"GROSS_PROFIT_YOY":-6.252279300138,"HOLDER_PROFIT":64625000000,"HOLDER_PROFIT_YOY":-11.3815563936,"GROSS_PROFIT_RATIO":32.219579449332,"EPS_TTM":3.252632815447,"OPERATE_INCOME_QOQ":-0.991887703421,"NET_PROFIT_RATIO":21.9171374106,"ROE_AVG":15.98716573836,"GROSS_PROFIT_QOQ":1.777049361459,"ROA":10.269428487434,"HOLDER_PROFIT_QOQ":3.218335729117,"ROE_YEARLY":15.98716573836,"ROIC_YEARLY":15.843382798193,"TOTAL_ASSETS":633412000000,"TOTAL_LIABILITIES":151761000000,"TAX_EBT":18.953177545917,"OCF_SALES":26.142173408652,"TOTAL_PARENT_EQUITY":411478000000,"DEBT_ASSET_RATIO":23.9592871622,"OPERATE_PROFIT":89694000000,"PRETAX_PROFIT":92776000000,"NETCASH_OPERATE":89687000000,"NETCASH_INVEST":-36974000000,"NETCASH_FINANCE":-76131000000,"END_CASH":108174000000,"DIVI_RATIO":0.694020551376,"DIVIDEND_RATE":7.096866096866,"CURRENT_RATIO":2.172309876071,"COMMON_ACS":null,"CURRENTDEBT_DEBT":60.348179044682,"ISSUED_COMMON_SHARES":19868519955,"HK_COMMON_SHARES":3377482000,"PER_SHARES":500,"TOTAL_MARKET_CAP":697385050420.5,"HKSK_MARKET_CAP":118549618200,"PE_TTM":9.93776196532,"PB_TTM":1.506558733557,"REPORT_DATE_SQ":"2022-12-31 00:00:00","REPORT_TYPE_SQ":"2022年年报","OPERATE_INCOME_SQ":344533000000,"DPS_HKD":2.491,"OPERATE_INCOME_QOQ_SQ":-2.304762930973,"NET_PROFIT_RATIO_SQ":24.774695022,"HOLDER_PROFIT_SQ":72925000000,"HOLDER_PROFIT_QOQ_SQ":-0.247660226589,"ROE_AVG_SQ":18.770324025799,"PE_TTM_SQ":7.057176823871,"PB_TTM_SQ":1.125065567854,"ROA_SQ":11.79874977241,"START_DATE":"2023-01-01 00:00:00","FISCAL_YEAR":"12-31","CURRENCY":"HKD","IS_CNY_CODE":0,"DPS_HKD_LY":2.909,"ORG_TYPE":"一般企业","PREMIUM_INCOME":null,"PREMIUM_INCOME_YOY":null,"NET_INTEREST_INCOME":null,"NET_INTEREST_INCOME_YOY":null,"FEE_COMMISSION_INCOME":null,"FEE_COMMISSION_INCOME_YOY":null,"ACCOUNTS_RECE_TDAYS":21.470304775017,"INVENTORY_TDAYS":18.64621922861,"CURRENT_ASSETS_TDAYS":1.673527625542,"TOTAL_ASSETS_TDAYS":0.545171978166,"PREMIUM_EXPENSE":null,"LOAN_DEPOSIT":null,"LOAN_EQUITY":null,"LOAN_ASSETS":null,"DEPOSIT_EQUITY":null,"DEPOSIT_ASSETS":null,"EQUITY_MULTIPLIER":1.315084988923,"EQUITY_RATIO":0.368819232134},{"SECUCODE":"01088.HK","SECURITY_CODE":"01088","SECURITY_NAME_ABBR":"中国神华","ORG_CODE":"10032705","STD_REPORT_DATE":"2023-09-30 00:00:00","REPORT_DATE":"2023-09-30 00:00:00","DATE_TYPE_CODE":"004","REPORT_TYPE":"2023年三季报","PER_NETCASH_OPERATE":3.760723001473,"PER_OI":12.70688509118,"BPS":20.105121111423,"BASIC_EPS":2.642,"DILUTED_EPS":null,"OPERATE_INCOME":252467000000,"OPERATE_INCOME_YOY":0.789655434,"GROSS_PROFIT":80292000000,"GROSS_PROFIT_YOY":-10.382391678014,"HOLDER_PROFIT":52501000000,"HOLDER_PROFIT_YOY":-16.3916934739,"GROSS_PROFIT_RATIO":31.80296830873,"EPS_TTM":3.151216101743,"OPERATE_INCOME_QOQ":-0.541050987956,"NET_PROFIT_RATIO":24.1976179065,"ROE_AVG":13.183885330005,"GROSS_PROFIT_QOQ":-4.984908796641,"ROA":8.380850520401,"HOLDER_PROFIT_QOQ":-6.928691412347,"ROE_YEARLY":17.57851377334,"ROIC_YEARLY":12.97046372848,"TOTAL_ASSETS":627702000000,"TOTAL_LIABILITIES":154438000000,"TAX_EBT":18.164525592423,"OCF_SALES":29.595947193099,"TOTAL_PARENT_EQUITY":399459000000,"DEBT_ASSET_RATIO":24.603713227,"OPERATE_PROFIT":72162000000,"PRETAX_PROFIT":74651000000,"NETCASH_OPERATE":74720000000,"NETCASH_INVEST":-28481000000,"NETCASH_FINANCE":-73309000000,"END_CASH":104613000000,"DIVI_RATIO":0.716356462748,"DIVIDEND_RATE":7.096866096866,"CURRENT_RATIO":2.124335486604,"COMMON_ACS":null,"CURRENTDEBT_DEBT":61.144277962678,"ISSUED_COMMON_SHARES":19868519955,"HK_COMMON_SHARES":3377482000,"PER_SHARES":500,"TOTAL_MARKET_CAP":697385050420.5,"HKSK_MARKET_CAP":118549618200,"PE_TTM":9.93776196532,"PB_TTM":1.506558733557,"REPORT_DATE_SQ":"2022-09-30 00:00:00","REPORT_TYPE_SQ":"2022年三季报","OPERATE_INCOME_SQ":250489000000,"DPS_HKD":2.491,"OPERATE_INCOME_QOQ_SQ":-1.164465719026,"NET_PROFIT_RATIO_SQ":29.2559753123,"HOLDER_PROFIT_SQ":62794000000,"HOLDER_PROFIT_QOQ_SQ":8.141221035187,"ROE_AVG_SQ":16.244360226122,"PE_TTM_SQ":7.057176823871,"PB_TTM_SQ":1.125065567854,"ROA_SQ":10.101208402092,"START_DATE":"2023-01-01 00:00:00","FISCAL_YEAR":"12-31","CURRENCY":"HKD","IS_CNY_CODE":0,"DPS_HKD_LY":2.909,"ORG_TYPE":"一般企业","PREMIUM_INCOME":null,"PREMIUM_INCOME_YOY":null,"NET_INTEREST_INCOME":null,"NET_INTEREST_INCOME_YOY":null,"FEE_COMMISSION_INCOME":null,"FEE_COMMISSION_INCOME_YOY":null,"ACCOUNTS_RECE_TDAYS":15.684102627819,"INVENTORY_TDAYS":12.852237524727,"CURRENT_ASSETS_TDAYS":1.226607004477,"TOTAL_ASSETS_TDAYS":0.403018645042,"PREMIUM_EXPENSE":null,"LOAN_DEPOSIT":null,"LOAN_EQUITY":null,"LOAN_ASSETS":null,"DEPOSIT_EQUITY":null,"DEPOSIT_ASSETS":null,"EQUITY_MULTIPLIER":1.326325264546,"EQUITY_RATIO":0.386617900711},{"SECUCODE":"01088.HK","SECURITY_CODE":"01088","SECURITY_NAME_ABBR":"中国神华","ORG_CODE":"10032705","STD_REPORT_DATE":"2023-06-30 00:00:00","REPORT_DATE":"2023-06-30 00:00:00","DATE_TYPE_CODE":"002","REPORT_TYPE":"2023年中报","PER_NETCASH_OPERATE":2.332785738695,"PER_OI":8.528164170445,"BPS":19.318499861557,"BASIC_EPS":1.855,"DILUTED_EPS":null,"OPERATE_INCOME":169442000000,"OPERATE_INCOME_YOY":2.3330253233,"GROSS_PROFIT":55298000000,"GROSS_PROFIT_YOY":-6.118637737259,"HOLDER_PROFIT":36861000000,"HOLDER_PROFIT_YOY":-13.253947709,"GROSS_PROFIT_RATIO":32.635356051038,"EPS_TTM":3.385808311458,"OPERATE_INCOME_QOQ":0.207954025766,"NET_PROFIT_RATIO":25.214527685,"ROE_AVG":9.441697307806,"GROSS_PROFIT_QOQ":-2.714181149676,"ROA":5.709103806534,"HOLDER_PROFIT_QOQ":-8.796214699223,"ROE_YEARLY":18.883394615612,"ROIC_YEARLY":18.292755550703,"TOTAL_ASSETS":666128000000,"TOTAL_LIABILITIES":210673000000,"TAX_EBT":18.309751434034,"OCF_SALES":27.353902810401,"TOTAL_PARENT_EQUITY":383830000000,"DEBT_ASSET_RATIO":31.6265042154,"OPERATE_PROFIT":50324000000,"PRETAX_PROFIT":52300000000,"NETCASH_OPERATE":46349000000,"NETCASH_INVEST":-18234000000,"NETCASH_FINANCE":-9544000000,"END_CASH":150311000000,"DIVI_RATIO":0.666722334032,"DIVIDEND_RATE":7.096866096866,"CURRENT_RATIO":1.706445147903,"COMMON_ACS":null,"CURRENTDEBT_DEBT":67.026624199589,"ISSUED_COMMON_SHARES":19868519955,"HK_COMMON_SHARES":3377482000,"PER_SHARES":500,"TOTAL_MARKET_CAP":697385050420.5,"HKSK_MARKET_CAP":118549618200,"PE_TTM":9.93776196532,"PB_TTM":1.506558733557,"REPORT_DATE_SQ":"2022-06-30 00:00:00","REPORT_TYPE_SQ":"2022年中报","OPERATE_INCOME_SQ":165579000000,"DPS_HKD":2.491,"OPERATE_INCOME_QOQ_SQ":1.509487639043,"NET_PROFIT_RATIO_SQ":29.8896599206,"HOLDER_PROFIT_SQ":42493000000,"HOLDER_PROFIT_QOQ_SQ":13.50879255614,"ROE_AVG_SQ":11.291062183913,"PE_TTM_SQ":7.057176823871,"PB_TTM_SQ":1.125065567854,"ROA_SQ":6.719069343643,"START_DATE":"2023-01-01 00:00:00","FISCAL_YEAR":"12-31","CURRENCY":"HKD","IS_CNY_CODE":0,"DPS_HKD_LY":2.909,"ORG_TYPE":"一般企业","PREMIUM_INCOME":null,"PREMIUM_INCOME_YOY":null,"NET_INTEREST_INCOME":null,"NET_INTEREST_INCOME_YOY":null,"FEE_COMMISSION_INCOME":null,"FEE_COMMISSION_INCOME_YOY":null,"ACCOUNTS_RECE_TDAYS":11.800814848348,"INVENTORY_TDAYS":8.256645809975,"CURRENT_ASSETS_TDAYS":0.749723458669,"TOTAL_ASSETS_TDAYS":0.2624350851,"PREMIUM_EXPENSE":null,"LOAN_DEPOSIT":null,"LOAN_EQUITY":null,"LOAN_ASSETS":null,"DEPOSIT_EQUITY":null,"DEPOSIT_ASSETS":null,"EQUITY_MULTIPLIER":1.46255502739,"EQUITY_RATIO":0.548870593752},{"SECUCODE":"01088.HK","SECURITY_CODE":"01088","SECURITY_NAME_ABBR":"中国神华","ORG_CODE":"10032705","STD_REPORT_DATE":"2023-03-31 00:00:00","REPORT_DATE":"2023-03-31 00:00:00","DATE_TYPE_CODE":"003","REPORT_TYPE":"2023年一季报","PER_NETCASH_OPERATE":1.469812551017,"PER_OI":4.380900046764,"BPS":21.056777301357,"BASIC_EPS":1.041,"DILUTED_EPS":1.041,"OPERATE_INCOME":87042000000,"OPERATE_INCOME_YOY":3.7424614431,"GROSS_PROFIT":29286000000,"GROSS_PROFIT_YOY":-1.397259351537,"HOLDER_PROFIT":20677000000,"HOLDER_PROFIT_YOY":4.3186519348,"GROSS_PROFIT_RATIO":33.645826152892,"EPS_TTM":3.712355030322,"OPERATE_INCOME_QOQ":0.91137859073,"NET_PROFIT_RATIO":27.0972633901,"ROE_AVG":5.071932299013,"GROSS_PROFIT_QOQ":-0.351966346929,"ROA":3.249465677646,"HOLDER_PROFIT_QOQ":1.174162928823,"ROE_YEARLY":20.287729196051,"ROIC_YEARLY":20.777589505192,"TOTAL_ASSETS":647462000000,"TOTAL_LIABILITIES":160429000000,"TAX_EBT":13.903997079759,"OCF_SALES":33.5504698881,"TOTAL_PARENT_EQUITY":418367000000,"DEBT_ASSET_RATIO":24.7781336974,"OPERATE_PROFIT":26885000000,"PRETAX_PROFIT":27395000000,"NETCASH_OPERATE":29203000000,"NETCASH_INVEST":-11140000000,"NETCASH_FINANCE":-2443000000,"END_CASH":147053000000,"DIVI_RATIO":0.608076006083,"DIVIDEND_RATE":7.096866096866,"CURRENT_RATIO":2.428446234259,"COMMON_ACS":null,"CURRENTDEBT_DEBT":59.746679216351,"ISSUED_COMMON_SHARES":19868519955,"HK_COMMON_SHARES":3377482000,"PER_SHARES":500,"TOTAL_MARKET_CAP":697385050420.5,"HKSK_MARKET_CAP":118549618200,"PE_TTM":9.93776196532,"PB_TTM":1.506558733557,"REPORT_DATE_SQ":"2022-03-31 00:00:00","REPORT_TYPE_SQ":"2022年一季报","OPERATE_INCOME_SQ":83902000000,"DPS_HKD":2.491,"OPERATE_INCOME_QOQ_SQ":4.860746503747,"NET_PROFIT_RATIO_SQ":28.0184024219,"HOLDER_PROFIT_SQ":19821000000,"HOLDER_PROFIT_QOQ_SQ":15.370007944659,"ROE_AVG_SQ":5.07604711421,"PE_TTM_SQ":7.057176823871,"PB_TTM_SQ":1.125065567854,"ROA_SQ":3.186260899657,"START_DATE":"2023-01-01 00:00:00","FISCAL_YEAR":"12-31","CURRENCY":"HKD","IS_CNY_CODE":0,"DPS_HKD_LY":2.909,"ORG_TYPE":"一般企业","PREMIUM_INCOME":null,"PREMIUM_INCOME_YOY":null,"NET_INTEREST_INCOME":null,"NET_INTEREST_INCOME_YOY":null,"FEE_COMMISSION_INCOME":null,"FEE_COMMISSION_INCOME_YOY":null,"ACCOUNTS_RECE_TDAYS":6.214844168362,"INVENTORY_TDAYS":4.529171894605,"CURRENT_ASSETS_TDAYS":0.392240981121,"TOTAL_ASSETS_TDAYS":0.136789665577,"PREMIUM_EXPENSE":null,"LOAN_DEPOSIT":null,"LOAN_EQUITY":null,"LOAN_ASSETS":null,"DEPOSIT_EQUITY":null,"DEPOSIT_ASSETS":null,"EQUITY_MULTIPLIER":1.329400677161,"EQUITY_RATIO":0.38346475702},{"SECUCODE":"01088.HK","SECURITY_CODE":"01088","SECURITY_NAME_ABBR":"中国神华","ORG_CODE":"10032705","STD_REPORT_DATE":"2022-12-31 00:00:00","REPORT_DATE":"2022-12-31 00:00:00","DATE_TYPE_CODE":"001","REPORT_TYPE":"2022年年报","PER_NETCASH_OPERATE":5.523008268786,"PER_OI":17.340647455388,"BPS":19.978186643948,"BASIC_EPS":3.67,"DILUTED_EPS":3.67,"OPERATE_INCOME":344533000000,"OPERATE_INCOME_YOY":2.6495650101,"GROSS_PROFIT":117909000000,"GROSS_PROFIT_YOY":23.033338550634,"HOLDER_PROFIT":72925000000,"HOLDER_PROFIT_YOY":41.7739488935,"GROSS_PROFIT_RATIO":34.222846577831,"EPS_TTM":3.669271801076,"OPERATE_INCOME_QOQ":-2.304762930973,"NET_PROFIT_RATIO":24.774695022,"ROE_AVG":18.770324025799,"GROSS_PROFIT_QOQ":-1.539836162768,"ROA":11.79874977241,"HOLDER_PROFIT_QOQ":-0.247660226589,"ROE_YEARLY":18.770324025799,"ROIC_YEARLY":18.735014532531,"TOTAL_ASSETS":625320000000,"TOTAL_LIABILITIES":162524000000,"TAX_EBT":14.305497019688,"OCF_SALES":31.850069514386,"TOTAL_PARENT_EQUITY":396983000000,"DEBT_ASSET_RATIO":25.9855593127,"OPERATE_PROFIT":98290000000,"PRETAX_PROFIT":99654000000,"NETCASH_OPERATE":109734000000,"NETCASH_INVEST":-56585000000,"NETCASH_FINANCE":-78734000000,"END_CASH":131458000000,"DIVI_RATIO":0.615215809125,"DIVIDEND_RATE":7.096866096866,"CURRENT_RATIO":2.144729889029,"COMMON_ACS":null,"CURRENTDEBT_DEBT":60.5473653122,"ISSUED_COMMON_SHARES":19868519955,"HK_COMMON_SHARES":3377482000,"PER_SHARES":500,"TOTAL_MARKET_CAP":697385050420.5,"HKSK_MARKET_CAP":118549618200,"PE_TTM":9.93776196532,"PB_TTM":1.506558733557,"REPORT_DATE_SQ":"2021-12-31 00:00:00","REPORT_TYPE_SQ":"2021年年报","OPERATE_INCOME_SQ":335640000000,"DPS_HKD":2.491,"OPERATE_INCOME_QOQ_SQ":11.698083029832,"NET_PROFIT_RATIO_SQ":18.1999069257,"HOLDER_PROFIT_SQ":51422000000,"HOLDER_PROFIT_QOQ_SQ":15.845829217922,"ROE_AVG_SQ":13.868357158501,"PE_TTM_SQ":7.057176823871,"PB_TTM_SQ":1.125065567854,"ROA_SQ":8.795390885905,"START_DATE":"2022-01-01 00:00:00","FISCAL_YEAR":"12-31","CURRENCY":"HKD","IS_CNY_CODE":0,"DPS_HKD_LY":3.125,"ORG_TYPE":"一般企业","PREMIUM_INCOME":null,"PREMIUM_INCOME_YOY":null,"NET_INTEREST_INCOME":null,"NET_INTEREST_INCOME_YOY":null,"FEE_COMMISSION_INCOME":null,"FEE_COMMISSION_INCOME_YOY":null,"ACCOUNTS_RECE_TDAYS":26.804605749407,"INVENTORY_TDAYS":18.328602046181,"CURRENT_ASSETS_TDAYS":1.643137161389,"TOTAL_ASSETS_TDAYS":0.557598268293,"PREMIUM_EXPENSE":null,"LOAN_DEPOSIT":null,"LOAN_EQUITY":null,"LOAN_ASSETS":null,"DEPOSIT_EQUITY":null,"DEPOSIT_ASSETS":null,"EQUITY_MULTIPLIER":1.351087694123,"EQUITY_RATIO":0.409397883537},{"SECUCODE":"01088.HK","SECURITY_CODE":"01088","SECURITY_NAME_ABBR":"中国神华","ORG_CODE":"10032705","STD_REPORT_DATE":"2022-09-30 00:00:00","REPORT_DATE":"2022-09-30 00:00:00","DATE_TYPE_CODE":"004","REPORT_TYPE":"2022年三季报","PER_NETCASH_OPERATE":4.584639429928,"PER_OI":12.607330619862,"BPS":19.780335973194,"BASIC_EPS":3.16,"DILUTED_EPS":null,"OPERATE_INCOME":250489000000,"OPERATE_INCOME_YOY":7.4857108529,"GROSS_PROFIT":89594000000,"GROSS_PROFIT_YOY":35.952413468688,"HOLDER_PROFIT":62794000000,"HOLDER_PROFIT_YOY":52.0074583495,"GROSS_PROFIT_RATIO":35.767638499096,"EPS_TTM":3.678381689503,"OPERATE_INCOME_QOQ":-1.164465719026,"NET_PROFIT_RATIO":29.2559753123,"ROE_AVG":16.244360226122,"GROSS_PROFIT_QOQ":5.268108298172,"ROA":10.101208402092,"HOLDER_PROFIT_QOQ":8.141221035187,"ROE_YEARLY":21.659146968162,"ROIC_YEARLY":16.527931184744,"TOTAL_ASSETS":632284000000,"TOTAL_LIABILITIES":160513000000,"TAX_EBT":12.498806682578,"OCF_SALES":36.364870313667,"TOTAL_PARENT_EQUITY":393006000000,"DEBT_ASSET_RATIO":25.386218851,"OPERATE_PROFIT":81719000000,"PRETAX_PROFIT":83800000000,"NETCASH_OPERATE":91090000000,"NETCASH_INVEST":-21998000000,"NETCASH_FINANCE":-57245000000,"END_CASH":169108000000,"DIVI_RATIO":0.613692164258,"DIVIDEND_RATE":7.096866096866,"CURRENT_RATIO":2.399462110426,"COMMON_ACS":null,"CURRENTDEBT_DEBT":59.069981870627,"ISSUED_COMMON_SHARES":19868519955,"HK_COMMON_SHARES":3377482000,"PER_SHARES":500,"TOTAL_MARKET_CAP":697385050420.5,"HKSK_MARKET_CAP":118549618200,"PE_TTM":9.93776196532,"PB_TTM":1.506558733557,"REPORT_DATE_SQ":"2021-09-30 00:00:00","REPORT_TYPE_SQ":"2021年三季报","OPERATE_INCOME_SQ":233044000000,"DPS_HKD":2.491,"OPERATE_INCOME_QOQ_SQ":10.242592551777,"NET_PROFIT_RATIO_SQ":20.9758359126,"HOLDER_PROFIT_SQ":41296000000,"HOLDER_PROFIT_QOQ_SQ":6.119726529932,"ROE_AVG_SQ":11.241900912654,"PE_TTM_SQ":7.057176823871,"PB_TTM_SQ":1.125065567854,"ROA_SQ":7.136898180287,"START_DATE":"2022-01-01 00:00:00","FISCAL_YEAR":"12-31","CURRENCY":"HKD","IS_CNY_CODE":0,"DPS_HKD_LY":3.125,"ORG_TYPE":"一般企业","PREMIUM_INCOME":null,"PREMIUM_INCOME_YOY":null,"NET_INTEREST_INCOME":null,"NET_INTEREST_INCOME_YOY":null,"FEE_COMMISSION_INCOME":null,"FEE_COMMISSION_INCOME_YOY":null,"ACCOUNTS_RECE_TDAYS":18.742863556437,"INVENTORY_TDAYS":12.847959754053,"CURRENT_ASSETS_TDAYS":1.14951986508,"TOTAL_ASSETS_TDAYS":0.403078009882,"PREMIUM_EXPENSE":null,"LOAN_DEPOSIT":null,"LOAN_EQUITY":null,"LOAN_ASSETS":null,"DEPOSIT_EQUITY":null,"DEPOSIT_ASSETS":null,"EQUITY_MULTIPLIER":1.340234986889,"EQUITY_RATIO":0.408423789968}],"count":77},"success":true,"message":"ok","code":0}