{"version":"9f33a8922b525ed1f484ccb825fb16e1","result":{"pages":6,"data":[{"SECUCODE":"01083.HK","SECURITY_CODE":"01083","SECURITY_NAME_ABBR":"港华智慧能源","ORG_CODE":"10010734","STD_REPORT_DATE":"2024-06-30 00:00:00","REPORT_DATE":"2024-06-30 00:00:00","DATE_TYPE_CODE":"002","REPORT_TYPE":"2024年中报","PER_NETCASH_OPERATE":0.250162157322,"PER_OI":2.857070172378,"BPS":5.897326792294,"BASIC_EPS":0.202067352,"DILUTED_EPS":0.176329776,"OPERATE_INCOME":9584043553.2,"OPERATE_INCOME_YOY":6.2561679685,"GROSS_PROFIT":867099848.12,"GROSS_PROFIT_YOY":10.560312174924,"HOLDER_PROFIT":677860213.52,"HOLDER_PROFIT_YOY":-33.4134233928,"GROSS_PROFIT_RATIO":9.047327918606,"EPS_TTM":0.320890817816,"OPERATE_INCOME_QOQ":2.627148657974,"NET_PROFIT_RATIO":8.0581735627,"ROE_AVG":3.276369891174,"GROSS_PROFIT_QOQ":5.492721421321,"ROA":1.386888193122,"HOLDER_PROFIT_QOQ":-24.564646808344,"ROE_YEARLY":6.552739782348,"ROIC_YEARLY":3.145242957869,"TOTAL_ASSETS":48956518446.64,"TOTAL_LIABILITIES":26328117379.88,"TAX_EBT":23.203952574909,"OCF_SALES":8.755898253403,"TOTAL_PARENT_EQUITY":20526541922.72,"DEBT_ASSET_RATIO":53.7785737533,"OPERATE_PROFIT":1105589520.88,"PRETAX_PROFIT":1005649235.52,"NETCASH_OPERATE":839169102.08,"NETCASH_INVEST":-1448947951,"NETCASH_FINANCE":454552059.88,"END_CASH":3490311926.6,"DIVI_RATIO":0.451852131473,"DIVIDEND_RATE":5.263157894737,"CURRENT_RATIO":0.402301387475,"COMMON_ACS":5000000000,"CURRENTDEBT_DEBT":69.909090502558,"ISSUED_COMMON_SHARES":3480651937,"HK_COMMON_SHARES":3480651937,"PER_SHARES":1000,"TOTAL_MARKET_CAP":10581181888.48,"HKSK_MARKET_CAP":10581181888.48,"PE_TTM":8.80352192105,"PB_TTM":0.470475403131,"REPORT_DATE_SQ":"2023-06-30 00:00:00","REPORT_TYPE_SQ":"2023年中报","OPERATE_INCOME_SQ":9111661887.78,"DPS_HKD":0.16,"OPERATE_INCOME_QOQ_SQ":2.357342377562,"NET_PROFIT_RATIO_SQ":12.4562480882,"HOLDER_PROFIT_SQ":1028386633.78,"HOLDER_PROFIT_QOQ_SQ":15.96668534019,"ROE_AVG_SQ":5.198295009607,"PE_TTM_SQ":9.301397548257,"PB_TTM_SQ":0.451243642093,"ROA_SQ":2.073662171564,"START_DATE":"2024-01-01 00:00:00","FISCAL_YEAR":"12-31","CURRENCY":"HKD","IS_CNY_CODE":0,"DPS_HKD_LY":0.16,"ORG_TYPE":"一般企业","PREMIUM_INCOME":null,"PREMIUM_INCOME_YOY":null,"NET_INTEREST_INCOME":null,"NET_INTEREST_INCOME_YOY":null,"FEE_COMMISSION_INCOME":null,"FEE_COMMISSION_INCOME_YOY":null,"ACCOUNTS_RECE_TDAYS":3.395181785953,"INVENTORY_TDAYS":16.143009744019,"CURRENT_ASSETS_TDAYS":1.298874353175,"TOTAL_ASSETS_TDAYS":0.196087579433,"PREMIUM_EXPENSE":null,"LOAN_DEPOSIT":null,"LOAN_EQUITY":null,"LOAN_ASSETS":null,"DEPOSIT_EQUITY":null,"DEPOSIT_ASSETS":null,"EQUITY_MULTIPLIER":2.163498795261,"EQUITY_RATIO":1.282637741856},{"SECUCODE":"01083.HK","SECURITY_CODE":"01083","SECURITY_NAME_ABBR":"港华智慧能源","ORG_CODE":"10010734","STD_REPORT_DATE":"2023-12-31 00:00:00","REPORT_DATE":"2023-12-31 00:00:00","DATE_TYPE_CODE":"001","REPORT_TYPE":"2023年年报","PER_NETCASH_OPERATE":0.351383130877,"PER_OI":5.360194062944,"BPS":5.94848345465,"BASIC_EPS":0.432629428,"DILUTED_EPS":0.384871634,"OPERATE_INCOME":17980774098.42,"OPERATE_INCOME_YOY":-1.1532849334,"GROSS_PROFIT":1507853114.46,"GROSS_PROFIT_YOY":4.687122858819,"HOLDER_PROFIT":1426954855.06,"HOLDER_PROFIT_YOY":63.1978898384,"GROSS_PROFIT_RATIO":8.385918794189,"EPS_TTM":0.425385186439,"OPERATE_INCOME_QOQ":-2.029768584463,"NET_PROFIT_RATIO":9.1289620029,"ROE_AVG":7.100561324408,"GROSS_PROFIT_QOQ":5.500121433985,"ROA":2.959576257873,"HOLDER_PROFIT_QOQ":42.768431762715,"ROE_YEARLY":7.100561324408,"ROIC_YEARLY":3.366054333835,"TOTAL_ASSETS":48450783152.66,"TOTAL_LIABILITIES":25586408504.86,"TAX_EBT":17.533420080002,"OCF_SALES":6.555418082826,"TOTAL_PARENT_EQUITY":20704600458.64,"DEBT_ASSET_RATIO":52.8090710613,"OPERATE_PROFIT":2068974570.04,"PRETAX_PROFIT":1990452419.48,"NETCASH_OPERATE":1178714916.68,"NETCASH_INVEST":576316952.54,"NETCASH_FINANCE":-1582501174.52,"END_CASH":3700897358.48,"DIVI_RATIO":0.34085625128,"DIVIDEND_RATE":5.194805194805,"CURRENT_RATIO":0.558002643634,"COMMON_ACS":5000000000,"CURRENTDEBT_DEBT":58.050026044643,"ISSUED_COMMON_SHARES":3480651937,"HK_COMMON_SHARES":3480651937,"PER_SHARES":1000,"TOTAL_MARKET_CAP":10720407965.96,"HKSK_MARKET_CAP":10720407965.96,"PE_TTM":8.919357735801,"PB_TTM":0.476665868962,"REPORT_DATE_SQ":"2022-12-31 00:00:00","REPORT_TYPE_SQ":"2022年年报","OPERATE_INCOME_SQ":17930617642.7,"DPS_HKD":0.16,"OPERATE_INCOME_QOQ_SQ":10.52325174489,"NET_PROFIT_RATIO_SQ":5.9833527707,"HOLDER_PROFIT_SQ":861876025.85,"HOLDER_PROFIT_QOQ_SQ":-32.024557937645,"ROE_AVG_SQ":4.346202405676,"PE_TTM_SQ":10.593258318848,"PB_TTM_SQ":0.513916370161,"ROA_SQ":1.800427108696,"START_DATE":"2023-01-01 00:00:00","FISCAL_YEAR":"12-31","CURRENCY":"HKD","IS_CNY_CODE":0,"DPS_HKD_LY":0.15,"ORG_TYPE":"一般企业","PREMIUM_INCOME":null,"PREMIUM_INCOME_YOY":null,"NET_INTEREST_INCOME":null,"NET_INTEREST_INCOME_YOY":null,"FEE_COMMISSION_INCOME":null,"FEE_COMMISSION_INCOME_YOY":null,"ACCOUNTS_RECE_TDAYS":6.968635800256,"INVENTORY_TDAYS":28.607181217507,"CURRENT_ASSETS_TDAYS":2.46085104607,"TOTAL_ASSETS_TDAYS":0.372930313325,"PREMIUM_EXPENSE":null,"LOAN_DEPOSIT":null,"LOAN_EQUITY":null,"LOAN_ASSETS":null,"DEPOSIT_EQUITY":null,"DEPOSIT_ASSETS":null,"EQUITY_MULTIPLIER":2.119051314499,"EQUITY_RATIO":1.235783735889},{"SECUCODE":"01083.HK","SECURITY_CODE":"01083","SECURITY_NAME_ABBR":"港华智慧能源","ORG_CODE":"10010734","STD_REPORT_DATE":"2023-06-30 00:00:00","REPORT_DATE":"2023-06-30 00:00:00","DATE_TYPE_CODE":"002","REPORT_TYPE":"2023年中报","PER_NETCASH_OPERATE":0.128870501314,"PER_OI":2.796081417438,"BPS":5.671137371556,"BASIC_EPS":0.316515734,"DILUTED_EPS":0.27843796,"OPERATE_INCOME":9111661887.78,"OPERATE_INCOME_YOY":-2.7319700713,"GROSS_PROFIT":784277677.1,"GROSS_PROFIT_YOY":-1.395498855271,"HOLDER_PROFIT":1028386633.78,"HOLDER_PROFIT_YOY":7.0853842469,"GROSS_PROFIT_RATIO":8.607405397163,"EPS_TTM":0.306711642618,"OPERATE_INCOME_QOQ":2.357342377562,"NET_PROFIT_RATIO":12.4562480882,"ROE_AVG":5.198295009607,"GROSS_PROFIT_QOQ":-0.770613876189,"ROA":2.073662171564,"HOLDER_PROFIT_QOQ":15.96668534019,"ROE_YEARLY":10.396590019214,"ROIC_YEARLY":4.710184466787,"TOTAL_ASSETS":50372264818.44,"TOTAL_LIABILITIES":28507262949.78,"TAX_EBT":16.51186622529,"OCF_SALES":4.608968126256,"TOTAL_PARENT_EQUITY":19739255277.3,"DEBT_ASSET_RATIO":56.5931729545,"OPERATE_PROFIT":1575887861.14,"PRETAX_PROFIT":1359440148.42,"NETCASH_OPERATE":419953592.18,"NETCASH_INVEST":-1605245548.3,"NETCASH_FINANCE":1572229444.5,"END_CASH":3858784099.54,"DIVI_RATIO":0.472741102237,"DIVIDEND_RATE":5.128205128205,"CURRENT_RATIO":0.790042691857,"COMMON_ACS":5000000000,"CURRENTDEBT_DEBT":53.575124214855,"ISSUED_COMMON_SHARES":3480651937,"HK_COMMON_SHARES":3480651937,"PER_SHARES":1000,"TOTAL_MARKET_CAP":10859634043.44,"HKSK_MARKET_CAP":10859634043.44,"PE_TTM":9.035193550551,"PB_TTM":0.482856334792,"REPORT_DATE_SQ":"2022-06-30 00:00:00","REPORT_TYPE_SQ":"2022年中报","OPERATE_INCOME_SQ":8688975839.53,"DPS_HKD":0.16,"OPERATE_INCOME_QOQ_SQ":15.866742374555,"NET_PROFIT_RATIO_SQ":11.5122535417,"HOLDER_PROFIT_SQ":890773600.71,"HOLDER_PROFIT_QOQ_SQ":23.745894051067,"ROE_AVG_SQ":4.605455463274,"PE_TTM_SQ":10.367182683995,"PB_TTM_SQ":0.502948642749,"ROA_SQ":1.94539997146,"START_DATE":"2023-01-01 00:00:00","FISCAL_YEAR":"12-31","CURRENCY":"HKD","IS_CNY_CODE":0,"DPS_HKD_LY":0.15,"ORG_TYPE":"一般企业","PREMIUM_INCOME":null,"PREMIUM_INCOME_YOY":null,"NET_INTEREST_INCOME":null,"NET_INTEREST_INCOME_YOY":null,"FEE_COMMISSION_INCOME":null,"FEE_COMMISSION_INCOME_YOY":null,"ACCOUNTS_RECE_TDAYS":3.482038420871,"INVENTORY_TDAYS":12.973620593318,"CURRENT_ASSETS_TDAYS":0.934240028625,"TOTAL_ASSETS_TDAYS":0.183729620321,"PREMIUM_EXPENSE":null,"LOAN_DEPOSIT":null,"LOAN_EQUITY":null,"LOAN_ASSETS":null,"DEPOSIT_EQUITY":null,"DEPOSIT_ASSETS":null,"EQUITY_MULTIPLIER":2.303785068076,"EQUITY_RATIO":1.444191411951},{"SECUCODE":"01083.HK","SECURITY_CODE":"01083","SECURITY_NAME_ABBR":"港华智慧能源","ORG_CODE":"10010734","STD_REPORT_DATE":"2022-12-31 00:00:00","REPORT_DATE":"2022-12-31 00:00:00","DATE_TYPE_CODE":"001","REPORT_TYPE":"2022年年报","PER_NETCASH_OPERATE":0.367229096747,"PER_OI":5.502526302853,"BPS":5.518979129952,"BASIC_EPS":0.269499559,"DILUTED_EPS":0.128452226,"OPERATE_INCOME":17930617642.7,"OPERATE_INCOME_YOY":17.2115974549,"GROSS_PROFIT":1440342492.26,"GROSS_PROFIT_YOY":-16.339838275008,"HOLDER_PROFIT":861876025.85,"HOLDER_PROFIT_YOY":-23.0088206051,"GROSS_PROFIT_RATIO":8.032866022585,"EPS_TTM":0.264491474669,"OPERATE_INCOME_QOQ":10.52325174489,"NET_PROFIT_RATIO":5.9833527707,"ROE_AVG":4.346202405676,"GROSS_PROFIT_QOQ":-14.016241030192,"ROA":1.800427108696,"HOLDER_PROFIT_QOQ":-32.024557937645,"ROE_YEARLY":4.346202405676,"ROIC_YEARLY":2.042934863937,"TOTAL_ASSETS":47293265441.52,"TOTAL_LIABILITIES":25977080357.41,"TAX_EBT":24.162754955781,"OCF_SALES":6.673827193829,"TOTAL_PARENT_EQUITY":19209645398.93,"DEBT_ASSET_RATIO":54.9276522035,"OPERATE_PROFIT":2034225905.6,"PRETAX_PROFIT":1414677058.62,"NETCASH_OPERATE":1196658436.26,"NETCASH_INVEST":-2827571150.32,"NETCASH_FINANCE":1818958554.84,"END_CASH":3573683850.52,"DIVI_RATIO":0.548203680975,"DIVIDEND_RATE":5.194805194805,"CURRENT_RATIO":0.45688339711,"COMMON_ACS":5000000000,"CURRENTDEBT_DEBT":60.733902062052,"ISSUED_COMMON_SHARES":3480651937,"HK_COMMON_SHARES":3480651937,"PER_SHARES":1000,"TOTAL_MARKET_CAP":10720407965.96,"HKSK_MARKET_CAP":10720407965.96,"PE_TTM":8.919357735801,"PB_TTM":0.476665868962,"REPORT_DATE_SQ":"2021-12-31 00:00:00","REPORT_TYPE_SQ":"2021年年报","OPERATE_INCOME_SQ":14001765467.2,"DPS_HKD":0.16,"OPERATE_INCOME_QOQ_SQ":14.950436731091,"NET_PROFIT_RATIO_SQ":8.9170927918,"HOLDER_PROFIT_SQ":1024617955.2,"HOLDER_PROFIT_QOQ_SQ":-23.245538300554,"ROE_AVG_SQ":5.746267173348,"PE_TTM_SQ":10.593258318848,"PB_TTM_SQ":0.513916370161,"ROA_SQ":2.580472170058,"START_DATE":"2022-01-01 00:00:00","FISCAL_YEAR":"12-31","CURRENCY":"HKD","IS_CNY_CODE":0,"DPS_HKD_LY":0.15,"ORG_TYPE":"一般企业","PREMIUM_INCOME":null,"PREMIUM_INCOME_YOY":null,"NET_INTEREST_INCOME":null,"NET_INTEREST_INCOME_YOY":null,"FEE_COMMISSION_INCOME":null,"FEE_COMMISSION_INCOME_YOY":null,"ACCOUNTS_RECE_TDAYS":7.468737953955,"INVENTORY_TDAYS":26.624340181028,"CURRENT_ASSETS_TDAYS":2.541627631035,"TOTAL_ASSETS_TDAYS":0.374563964089,"PREMIUM_EXPENSE":null,"LOAN_DEPOSIT":null,"LOAN_EQUITY":null,"LOAN_ASSETS":null,"DEPOSIT_EQUITY":null,"DEPOSIT_ASSETS":null,"EQUITY_MULTIPLIER":2.218655226293,"EQUITY_RATIO":1.352293590951},{"SECUCODE":"01083.HK","SECURITY_CODE":"01083","SECURITY_NAME_ABBR":"港华智慧能源","ORG_CODE":"10010734","STD_REPORT_DATE":"2022-06-30 00:00:00","REPORT_DATE":"2022-06-30 00:00:00","DATE_TYPE_CODE":"002","REPORT_TYPE":"2022年中报","PER_NETCASH_OPERATE":0.05175598458,"PER_OI":2.745595437221,"BPS":5.488566636159,"BASIC_EPS":0.282554776,"DILUTED_EPS":0.136231767,"OPERATE_INCOME":8688975839.53,"OPERATE_INCOME_YOY":30.7207631201,"GROSS_PROFIT":795377156.21,"GROSS_PROFIT_YOY":-5.526238120729,"HOLDER_PROFIT":890773600.71,"HOLDER_PROFIT_YOY":33.8600213588,"GROSS_PROFIT_RATIO":9.153865437069,"EPS_TTM":0.400645910965,"OPERATE_INCOME_QOQ":15.866742374555,"NET_PROFIT_RATIO":11.5122535417,"ROE_AVG":4.605455463274,"GROSS_PROFIT_QOQ":-2.702367601342,"ROA":1.94539997146,"HOLDER_PROFIT_QOQ":23.745894051067,"ROE_YEARLY":9.210910926548,"ROIC_YEARLY":4.409703465245,"TOTAL_ASSETS":45194739044,"TOTAL_LIABILITIES":24064948253.15,"TAX_EBT":19.196020862837,"OCF_SALES":1.885055018623,"TOTAL_PARENT_EQUITY":19103790093.5,"DEBT_ASSET_RATIO":53.2472335546,"OPERATE_PROFIT":1321950136.43,"PRETAX_PROFIT":1237930284.5,"NETCASH_OPERATE":163791975.13,"NETCASH_INVEST":-785183291.41,"NETCASH_FINANCE":571266920,"END_CASH":3306763173,"DIVI_RATIO":0.361903606231,"DIVIDEND_RATE":5.128205128205,"CURRENT_RATIO":0.483540299491,"COMMON_ACS":5000000000,"CURRENTDEBT_DEBT":55.573165988418,"ISSUED_COMMON_SHARES":3480651937,"HK_COMMON_SHARES":3480651937,"PER_SHARES":1000,"TOTAL_MARKET_CAP":10859634043.44,"HKSK_MARKET_CAP":10859634043.44,"PE_TTM":9.035193550551,"PB_TTM":0.482856334792,"REPORT_DATE_SQ":"2021-06-30 00:00:00","REPORT_TYPE_SQ":"2021年中报","OPERATE_INCOME_SQ":6467351784.96,"DPS_HKD":0.16,"OPERATE_INCOME_QOQ_SQ":12.835704573865,"NET_PROFIT_RATIO_SQ":11.6269489195,"HOLDER_PROFIT_SQ":647468906.64,"HOLDER_PROFIT_QOQ_SQ":9.604786191234,"ROE_AVG_SQ":3.737628456917,"PE_TTM_SQ":10.367182683995,"PB_TTM_SQ":0.502948642749,"ROA_SQ":1.691196727185,"START_DATE":"2022-01-01 00:00:00","FISCAL_YEAR":"12-31","CURRENCY":"HKD","IS_CNY_CODE":0,"DPS_HKD_LY":0.15,"ORG_TYPE":"一般企业","PREMIUM_INCOME":null,"PREMIUM_INCOME_YOY":null,"NET_INTEREST_INCOME":null,"NET_INTEREST_INCOME_YOY":null,"FEE_COMMISSION_INCOME":null,"FEE_COMMISSION_INCOME_YOY":null,"ACCOUNTS_RECE_TDAYS":4.063394766447,"INVENTORY_TDAYS":13.260030972828,"CURRENT_ASSETS_TDAYS":1.329214498285,"TOTAL_ASSETS_TDAYS":0.189762396829,"PREMIUM_EXPENSE":null,"LOAN_DEPOSIT":null,"LOAN_EQUITY":null,"LOAN_ASSETS":null,"DEPOSIT_EQUITY":null,"DEPOSIT_ASSETS":null,"EQUITY_MULTIPLIER":2.138910862457,"EQUITY_RATIO":1.259694968138},{"SECUCODE":"01083.HK","SECURITY_CODE":"01083","SECURITY_NAME_ABBR":"港华智慧能源","ORG_CODE":"10010734","STD_REPORT_DATE":"2021-12-31 00:00:00","REPORT_DATE":"2021-12-31 00:00:00","DATE_TYPE_CODE":"001","REPORT_TYPE":"2021年年报","PER_NETCASH_OPERATE":0.582951030477,"PER_OI":4.431085193444,"BPS":5.37801390487,"BASIC_EPS":0.33954928,"DILUTED_EPS":0.33954928,"OPERATE_INCOME":14001765467.2,"OPERATE_INCOME_YOY":33.5188722928,"GROSS_PROFIT":1721658747.2,"GROSS_PROFIT_YOY":12.12655985752,"HOLDER_PROFIT":1024617955.2,"HOLDER_PROFIT_YOY":-13.3998519812,"GROSS_PROFIT_RATIO":12.296011893879,"EPS_TTM":0.324256927518,"OPERATE_INCOME_QOQ":14.950436731091,"NET_PROFIT_RATIO":8.9170927918,"ROE_AVG":5.746267173348,"GROSS_PROFIT_QOQ":1.228155993655,"ROA":2.580472170058,"HOLDER_PROFIT_QOQ":-23.245538300554,"ROE_YEARLY":5.746267173348,"ROIC_YEARLY":2.897230718156,"TOTAL_ASSETS":44343928372.8,"TOTAL_LIABILITIES":23762681432,"TAX_EBT":28.798634433554,"OCF_SALES":13.155942732473,"TOTAL_PARENT_EQUITY":18718994515.2,"DEBT_ASSET_RATIO":53.5872267162,"OPERATE_PROFIT":1845050939.2,"PRETAX_PROFIT":1753548417.6,"NETCASH_OPERATE":1842064246.4,"NETCASH_INVEST":-6424816081.6,"NETCASH_FINANCE":6029141014.4,"END_CASH":3328537083.2,"DIVI_RATIO":0.447161456533,"DIVIDEND_RATE":5.128205128205,"CURRENT_RATIO":0.444757121188,"COMMON_ACS":5000000000,"CURRENTDEBT_DEBT":59.768737519975,"ISSUED_COMMON_SHARES":3480651937,"HK_COMMON_SHARES":3480651937,"PER_SHARES":1000,"TOTAL_MARKET_CAP":10859634043.44,"HKSK_MARKET_CAP":10859634043.44,"PE_TTM":9.035193550551,"PB_TTM":0.482856334792,"REPORT_DATE_SQ":"2020-12-31 00:00:00","REPORT_TYPE_SQ":"2020年年报","OPERATE_INCOME_SQ":10795074108.68,"DPS_HKD":0.16,"OPERATE_INCOME_QOQ_SQ":-1.238644522625,"NET_PROFIT_RATIO_SQ":12.8471663201,"HOLDER_PROFIT_SQ":1217948185.32,"HOLDER_PROFIT_QOQ_SQ":17.35229189216,"ROE_AVG_SQ":7.357898337497,"PE_TTM_SQ":10.367182683995,"PB_TTM_SQ":0.502948642749,"ROA_SQ":3.569247471344,"START_DATE":"2021-01-01 00:00:00","FISCAL_YEAR":"12-31","CURRENCY":"HKD","IS_CNY_CODE":0,"DPS_HKD_LY":0.15,"ORG_TYPE":"一般企业","PREMIUM_INCOME":null,"PREMIUM_INCOME_YOY":null,"NET_INTEREST_INCOME":null,"NET_INTEREST_INCOME_YOY":null,"FEE_COMMISSION_INCOME":null,"FEE_COMMISSION_INCOME_YOY":null,"ACCOUNTS_RECE_TDAYS":7.287024244201,"INVENTORY_TDAYS":22.290605850585,"CURRENT_ASSETS_TDAYS":2.570187281094,"TOTAL_ASSETS_TDAYS":0.352630616479,"PREMIUM_EXPENSE":null,"LOAN_DEPOSIT":null,"LOAN_EQUITY":null,"LOAN_ASSETS":null,"DEPOSIT_EQUITY":null,"DEPOSIT_ASSETS":null,"EQUITY_MULTIPLIER":2.154579287657,"EQUITY_RATIO":1.269442192138},{"SECUCODE":"01083.HK","SECURITY_CODE":"01083","SECURITY_NAME_ABBR":"港华智慧能源","ORG_CODE":"10010734","STD_REPORT_DATE":"2021-06-30 00:00:00","REPORT_DATE":"2021-06-30 00:00:00","DATE_TYPE_CODE":"002","REPORT_TYPE":"2021年中报","PER_NETCASH_OPERATE":0.232625695466,"PER_OI":2.178340768236,"BPS":4.999886605875,"BASIC_EPS":0.218088168,"DILUTED_EPS":null,"OPERATE_INCOME":6467351784.96,"OPERATE_INCOME_YOY":39.7108112004,"GROSS_PROFIT":841902704.4,"GROSS_PROFIT_YOY":24.432791370524,"HOLDER_PROFIT":647468906.64,"HOLDER_PROFIT_YOY":33.9857565458,"GROSS_PROFIT_RATIO":13.017734806971,"EPS_TTM":0.449632470744,"OPERATE_INCOME_QOQ":12.835704573865,"NET_PROFIT_RATIO":11.6269489195,"ROE_AVG":3.737628456917,"GROSS_PROFIT_QOQ":10.766178398576,"ROA":1.691196727185,"HOLDER_PROFIT_QOQ":9.604786191234,"ROE_YEARLY":7.475256913833,"ROIC_YEARLY":3.739517489342,"TOTAL_ASSETS":40878942129.6,"TOTAL_LIABILITIES":21801283979.76,"TAX_EBT":25.900653253929,"OCF_SALES":10.67903143797,"TOTAL_PARENT_EQUITY":17402864999.52,"DEBT_ASSET_RATIO":53.331331106,"OPERATE_PROFIT":899916986.16,"PRETAX_PROFIT":1014793950.96,"NETCASH_OPERATE":690650530.32,"NETCASH_INVEST":-5084552148.24,"NETCASH_FINANCE":4564237546.8,"END_CASH":2068116534.24,"DIVI_RATIO":0.322474931048,"DIVIDEND_RATE":5.128205128205,"CURRENT_RATIO":0.303205665143,"COMMON_ACS":5000000000,"CURRENTDEBT_DEBT":70.325480983569,"ISSUED_COMMON_SHARES":3480651937,"HK_COMMON_SHARES":3480651937,"PER_SHARES":1000,"TOTAL_MARKET_CAP":10859634043.44,"HKSK_MARKET_CAP":10859634043.44,"PE_TTM":9.035193550551,"PB_TTM":0.482856334792,"REPORT_DATE_SQ":"2020-06-30 00:00:00","REPORT_TYPE_SQ":"2020年中报","OPERATE_INCOME_SQ":5081727963.84,"DPS_HKD":0.16,"OPERATE_INCOME_QOQ_SQ":-5.587867257865,"NET_PROFIT_RATIO_SQ":11.8857631982,"HOLDER_PROFIT_SQ":530487587.52,"HOLDER_PROFIT_QOQ_SQ":-11.450310730066,"ROE_AVG_SQ":3.168783652346,"PE_TTM_SQ":10.367182683995,"PB_TTM_SQ":0.502948642749,"ROA_SQ":1.521389824097,"START_DATE":"2021-01-01 00:00:00","FISCAL_YEAR":"12-31","CURRENCY":"HKD","IS_CNY_CODE":0,"DPS_HKD_LY":0.15,"ORG_TYPE":"一般企业","PREMIUM_INCOME":null,"PREMIUM_INCOME_YOY":null,"NET_INTEREST_INCOME":null,"NET_INTEREST_INCOME_YOY":null,"FEE_COMMISSION_INCOME":null,"FEE_COMMISSION_INCOME_YOY":null,"ACCOUNTS_RECE_TDAYS":3.620094860544,"INVENTORY_TDAYS":10.617396732665,"CURRENT_ASSETS_TDAYS":1.389545183658,"TOTAL_ASSETS_TDAYS":0.168928022027,"PREMIUM_EXPENSE":null,"LOAN_DEPOSIT":null,"LOAN_EQUITY":null,"LOAN_ASSETS":null,"DEPOSIT_EQUITY":null,"DEPOSIT_ASSETS":null,"EQUITY_MULTIPLIER":2.142765207791,"EQUITY_RATIO":1.252741084894},{"SECUCODE":"01083.HK","SECURITY_CODE":"01083","SECURITY_NAME_ABBR":"港华智慧能源","ORG_CODE":"10010734","STD_REPORT_DATE":"2020-12-31 00:00:00","REPORT_DATE":"2020-12-31 00:00:00","DATE_TYPE_CODE":"001","REPORT_TYPE":"2020年年报","PER_NETCASH_OPERATE":0.623611949087,"PER_OI":3.636009112996,"BPS":5.010906298604,"BASIC_EPS":0.417116784,"DILUTED_EPS":null,"OPERATE_INCOME":10795074108.68,"OPERATE_INCOME_YOY":-0.7592942047,"GROSS_PROFIT":1535460241.88,"GROSS_PROFIT_YOY":-2.361679603791,"HOLDER_PROFIT":1217948185.32,"HOLDER_PROFIT_YOY":10.5996140398,"GROSS_PROFIT_RATIO":14.223711911763,"EPS_TTM":0.410230690072,"OPERATE_INCOME_QOQ":-1.238644522625,"NET_PROFIT_RATIO":12.8471663201,"ROE_AVG":7.357898337497,"GROSS_PROFIT_QOQ":4.53808768202,"ROA":3.569247471344,"HOLDER_PROFIT_QOQ":17.35229189216,"ROE_YEARLY":7.357898337497,"ROIC_YEARLY":3.957171326902,"TOTAL_ASSETS":36100433379.32,"TOTAL_LIABILITIES":17038463992.04,"TAX_EBT":25.191480822863,"OCF_SALES":17.151000718293,"TOTAL_PARENT_EQUITY":17441220714.36,"DEBT_ASSET_RATIO":47.1973945936,"OPERATE_PROFIT":1626089720.36,"PRETAX_PROFIT":1853881269.64,"NETCASH_OPERATE":1851463237.92,"NETCASH_INVEST":-2084027727.64,"NETCASH_FINANCE":390005034.68,"END_CASH":1873451924.56,"DIVI_RATIO":0.353447958695,"DIVIDEND_RATE":5.128205128205,"CURRENT_RATIO":0.433381265992,"COMMON_ACS":5000000000,"CURRENTDEBT_DEBT":63.831582533032,"ISSUED_COMMON_SHARES":3480651937,"HK_COMMON_SHARES":3480651937,"PER_SHARES":1000,"TOTAL_MARKET_CAP":10859634043.44,"HKSK_MARKET_CAP":10859634043.44,"PE_TTM":9.035193550551,"PB_TTM":0.482856334792,"REPORT_DATE_SQ":"2019-12-31 00:00:00","REPORT_TYPE_SQ":"2019年年报","OPERATE_INCOME_SQ":11577393054.38,"DPS_HKD":0.16,"OPERATE_INCOME_QOQ_SQ":2.017817960092,"NET_PROFIT_RATIO_SQ":11.7032620001,"HOLDER_PROFIT_SQ":1172060946.5,"HOLDER_PROFIT_QOQ_SQ":-0.508438313575,"ROE_AVG_SQ":7.510780395872,"PE_TTM_SQ":10.367182683995,"PB_TTM_SQ":0.502948642749,"ROA_SQ":3.623969546829,"START_DATE":"2020-01-01 00:00:00","FISCAL_YEAR":"12-31","CURRENCY":"HKD","IS_CNY_CODE":0,"DPS_HKD_LY":0.15,"ORG_TYPE":"一般企业","PREMIUM_INCOME":null,"PREMIUM_INCOME_YOY":null,"NET_INTEREST_INCOME":null,"NET_INTEREST_INCOME_YOY":null,"FEE_COMMISSION_INCOME":null,"FEE_COMMISSION_INCOME_YOY":null,"ACCOUNTS_RECE_TDAYS":6.140028454432,"INVENTORY_TDAYS":17.883709003486,"CURRENT_ASSETS_TDAYS":2.432010898909,"TOTAL_ASSETS_TDAYS":0.316354106273,"PREMIUM_EXPENSE":null,"LOAN_DEPOSIT":null,"LOAN_EQUITY":null,"LOAN_ASSETS":null,"DEPOSIT_EQUITY":null,"DEPOSIT_ASSETS":null,"EQUITY_MULTIPLIER":1.893845942456,"EQUITY_RATIO":0.976907767586},{"SECUCODE":"01083.HK","SECURITY_CODE":"01083","SECURITY_NAME_ABBR":"港华智慧能源","ORG_CODE":"10010734","STD_REPORT_DATE":"2020-06-30 00:00:00","REPORT_DATE":"2020-06-30 00:00:00","DATE_TYPE_CODE":"002","REPORT_TYPE":"2020年中报","PER_NETCASH_OPERATE":0.285828115024,"PER_OI":1.77021317534,"BPS":4.735061007762,"BASIC_EPS":0.184788912,"DILUTED_EPS":null,"OPERATE_INCOME":5081727963.84,"OPERATE_INCOME_YOY":-14.5733478248,"GROSS_PROFIT":676592315.52,"GROSS_PROFIT_YOY":-13.300492884139,"HOLDER_PROFIT":530487587.52,"HOLDER_PROFIT_YOY":-23.1419330249,"GROSS_PROFIT_RATIO":13.314217532588,"EPS_TTM":0.361535870434,"OPERATE_INCOME_QOQ":-5.587867257865,"NET_PROFIT_RATIO":11.8857631982,"ROE_AVG":3.168783652346,"GROSS_PROFIT_QOQ":-6.600242494198,"ROA":1.521389824097,"HOLDER_PROFIT_QOQ":-11.450310730066,"ROE_YEARLY":6.337567304692,"ROIC_YEARLY":3.391382450931,"TOTAL_ASSETS":34848496895.52,"TOTAL_LIABILITIES":16801955116.32,"TAX_EBT":25.720008357691,"OCF_SALES":16.146536417506,"TOTAL_PARENT_EQUITY":16481099268.48,"DEBT_ASSET_RATIO":48.2142893184,"OPERATE_PROFIT":714338396.64,"PRETAX_PROFIT":813142461.12,"NETCASH_OPERATE":820523056.32,"NETCASH_INVEST":-743769433.44,"NETCASH_FINANCE":363698924.16,"END_CASH":2192825073.12,"DIVI_RATIO":0.401053427495,"DIVIDEND_RATE":5.128205128205,"CURRENT_RATIO":0.48493847951,"COMMON_ACS":5000000000,"CURRENTDEBT_DEBT":58.728776475873,"ISSUED_COMMON_SHARES":3480651937,"HK_COMMON_SHARES":3480651937,"PER_SHARES":1000,"TOTAL_MARKET_CAP":10859634043.44,"HKSK_MARKET_CAP":10859634043.44,"PE_TTM":9.035193550551,"PB_TTM":0.482856334792,"REPORT_DATE_SQ":"2019-06-30 00:00:00","REPORT_TYPE_SQ":"2019年中报","OPERATE_INCOME_SQ":5728657319.64,"DPS_HKD":0.16,"OPERATE_INCOME_QOQ_SQ":9.882401286582,"NET_PROFIT_RATIO_SQ":13.0847463145,"HOLDER_PROFIT_SQ":664692207.84,"HOLDER_PROFIT_QOQ_SQ":9.820160010034,"ROE_AVG_SQ":4.607090352684,"PE_TTM_SQ":10.367182683995,"PB_TTM_SQ":0.502948642749,"ROA_SQ":2.17689420332,"START_DATE":"2020-01-01 00:00:00","FISCAL_YEAR":"12-31","CURRENCY":"HKD","IS_CNY_CODE":0,"DPS_HKD_LY":0.15,"ORG_TYPE":"一般企业","PREMIUM_INCOME":null,"PREMIUM_INCOME_YOY":null,"NET_INTEREST_INCOME":null,"NET_INTEREST_INCOME_YOY":null,"FEE_COMMISSION_INCOME":null,"FEE_COMMISSION_INCOME_YOY":null,"ACCOUNTS_RECE_TDAYS":2.978747464407,"INVENTORY_TDAYS":8.155083591426,"CURRENT_ASSETS_TDAYS":1.092319306826,"TOTAL_ASSETS_TDAYS":0.145739304649,"PREMIUM_EXPENSE":null,"LOAN_DEPOSIT":null,"LOAN_EQUITY":null,"LOAN_ASSETS":null,"DEPOSIT_EQUITY":null,"DEPOSIT_ASSETS":null,"EQUITY_MULTIPLIER":1.931034617152,"EQUITY_RATIO":1.019468109658}],"count":47},"success":true,"message":"ok","code":0}