{"version":"9061cdb66fbd416d89253cd53553693c","result":{"pages":4,"data":[{"SECUCODE":"01080.HK","SECURITY_CODE":"01080","SECURITY_NAME_ABBR":"胜利管道","ORG_CODE":"10136938","STD_REPORT_DATE":"2024-06-30 00:00:00","REPORT_DATE":"2024-06-30 00:00:00","DATE_TYPE_CODE":"002","REPORT_TYPE":"2024年中报","PER_NETCASH_OPERATE":-0.022924785415,"PER_OI":0.08610545169,"BPS":0.115088261159,"BASIC_EPS":-0.0061,"DILUTED_EPS":-0.0061,"OPERATE_INCOME":333604000,"OPERATE_INCOME_YOY":3.5172480133,"GROSS_PROFIT":36794000,"GROSS_PROFIT_YOY":169.020984133948,"HOLDER_PROFIT":-23716000,"HOLDER_PROFIT_YOY":58.6454627886,"GROSS_PROFIT_RATIO":11.029244253666,"EPS_TTM":-0.016720672928,"OPERATE_INCOME_QOQ":1.915067960837,"NET_PROFIT_RATIO":-7.2259325428,"ROE_AVG":-5.040096993602,"GROSS_PROFIT_QOQ":69.082269969817,"ROA":-2.321800854375,"HOLDER_PROFIT_QOQ":34.173999634198,"ROE_YEARLY":-10.080193987204,"ROIC_YEARLY":-5.149671278521,"TOTAL_ASSETS":959318000,"TOTAL_LIABILITIES":505581000,"TAX_EBT":-0.083035788425,"OCF_SALES":-26.624081246028,"TOTAL_PARENT_EQUITY":445894000,"DEBT_ASSET_RATIO":52.7021279701,"OPERATE_PROFIT":-17457000,"PRETAX_PROFIT":-24086000,"NETCASH_OPERATE":-88819000,"NETCASH_INVEST":9219000,"NETCASH_FINANCE":-10352000,"END_CASH":47366000,"DIVI_RATIO":null,"DIVIDEND_RATE":null,"CURRENT_RATIO":1.015171484049,"COMMON_ACS":5000000000,"CURRENTDEBT_DEBT":78.639822303449,"ISSUED_COMMON_SHARES":3874365600,"HK_COMMON_SHARES":3874365600,"PER_SHARES":1500,"TOTAL_MARKET_CAP":112356602.4,"HKSK_MARKET_CAP":112356602.4,"PE_TTM":-1.552263061013,"PB_TTM":0.229977581843,"REPORT_DATE_SQ":"2023-06-30 00:00:00","REPORT_TYPE_SQ":"2023年中报","OPERATE_INCOME_SQ":322269000,"DPS_HKD":null,"OPERATE_INCOME_QOQ_SQ":-11.559178558226,"NET_PROFIT_RATIO_SQ":-17.9800104881,"HOLDER_PROFIT_SQ":-57348000,"HOLDER_PROFIT_QOQ_SQ":-290.140589019513,"ROE_AVG_SQ":-10.151858332824,"PE_TTM_SQ":-1.183321927474,"PB_TTM_SQ":0.293086168628,"ROA_SQ":-5.103922058123,"START_DATE":"2024-01-01 00:00:00","FISCAL_YEAR":"12-31","CURRENCY":"HKD","IS_CNY_CODE":0,"DPS_HKD_LY":null,"ORG_TYPE":"一般企业","PREMIUM_INCOME":null,"PREMIUM_INCOME_YOY":null,"NET_INTEREST_INCOME":null,"NET_INTEREST_INCOME_YOY":null,"FEE_COMMISSION_INCOME":null,"FEE_COMMISSION_INCOME_YOY":null,"ACCOUNTS_RECE_TDAYS":5.398734484489,"INVENTORY_TDAYS":2.061216340561,"CURRENT_ASSETS_TDAYS":0.734936839369,"TOTAL_ASSETS_TDAYS":0.32659894258,"PREMIUM_EXPENSE":null,"LOAN_DEPOSIT":null,"LOAN_EQUITY":null,"LOAN_ASSETS":null,"DEPOSIT_EQUITY":null,"DEPOSIT_ASSETS":null,"EQUITY_MULTIPLIER":2.114260022878,"EQUITY_RATIO":1.133859168323},{"SECUCODE":"01080.HK","SECURITY_CODE":"01080","SECURITY_NAME_ABBR":"胜利管道","ORG_CODE":"10136938","STD_REPORT_DATE":"2023-12-31 00:00:00","REPORT_DATE":"2023-12-31 00:00:00","DATE_TYPE_CODE":"001","REPORT_TYPE":"2023年年报","PER_NETCASH_OPERATE":-0.006890676502,"PER_OI":0.152769526965,"BPS":0.127814215571,"BASIC_EPS":-0.0254,"DILUTED_EPS":-0.0254,"OPERATE_INCOME":591885000,"OPERATE_INCOME_YOY":-43.4625954373,"GROSS_PROFIT":33463000,"GROSS_PROFIT_YOY":-67.187025034075,"HOLDER_PROFIT":-98414000,"HOLDER_PROFIT_YOY":-198.1880984123,"GROSS_PROFIT_RATIO":5.653632040008,"EPS_TTM":-0.025401319896,"OPERATE_INCOME_QOQ":-36.073180188772,"NET_PROFIT_RATIO":-16.7655879098,"ROE_AVG":-18.078562591333,"GROSS_PROFIT_QOQ":-57.11631125692,"ROA":-8.787054509935,"HOLDER_PROFIT_QOQ":23.569065407496,"ROE_YEARLY":-18.078562591333,"ROIC_YEARLY":-10.216350271307,"TOTAL_ASSETS":1083579000,"TOTAL_LIABILITIES":580147000,"TAX_EBT":13.223733111801,"OCF_SALES":-4.510504574368,"TOTAL_PARENT_EQUITY":495199000,"DEBT_ASSET_RATIO":53.5398895697,"OPERATE_PROFIT":-111625000,"PRETAX_PROFIT":-114355000,"NETCASH_OPERATE":-26697000,"NETCASH_INVEST":12032000,"NETCASH_FINANCE":-6793000,"END_CASH":137318000,"DIVI_RATIO":null,"DIVIDEND_RATE":null,"CURRENT_RATIO":1.038874558056,"COMMON_ACS":5000000000,"CURRENTDEBT_DEBT":83.660865263459,"ISSUED_COMMON_SHARES":3874365600,"HK_COMMON_SHARES":3874365600,"PER_SHARES":1500,"TOTAL_MARKET_CAP":116230968,"HKSK_MARKET_CAP":116230968,"PE_TTM":-1.605789373461,"PB_TTM":0.237907843286,"REPORT_DATE_SQ":"2022-12-31 00:00:00","REPORT_TYPE_SQ":"2022年年报","OPERATE_INCOME_SQ":1046891000,"DPS_HKD":null,"OPERATE_INCOME_QOQ_SQ":-28.64419394987,"NET_PROFIT_RATIO_SQ":-2.794751316,"HOLDER_PROFIT_SQ":-33004000,"HOLDER_PROFIT_QOQ_SQ":84.530511040595,"ROE_AVG_SQ":-5.410620416387,"PE_TTM_SQ":-1.183321927474,"PB_TTM_SQ":0.293086168628,"ROA_SQ":-2.145844474389,"START_DATE":"2023-01-01 00:00:00","FISCAL_YEAR":"12-31","CURRENCY":"HKD","IS_CNY_CODE":0,"DPS_HKD_LY":null,"ORG_TYPE":"一般企业","PREMIUM_INCOME":null,"PREMIUM_INCOME_YOY":null,"NET_INTEREST_INCOME":null,"NET_INTEREST_INCOME_YOY":null,"FEE_COMMISSION_INCOME":null,"FEE_COMMISSION_INCOME_YOY":null,"ACCOUNTS_RECE_TDAYS":7.518100294686,"INVENTORY_TDAYS":4.779782590088,"CURRENT_ASSETS_TDAYS":1.147582144651,"TOTAL_ASSETS_TDAYS":0.528474176297,"PREMIUM_EXPENSE":null,"LOAN_DEPOSIT":null,"LOAN_EQUITY":null,"LOAN_ASSETS":null,"DEPOSIT_EQUITY":null,"DEPOSIT_ASSETS":null,"EQUITY_MULTIPLIER":2.152384035979,"EQUITY_RATIO":1.171543157397},{"SECUCODE":"01080.HK","SECURITY_CODE":"01080","SECURITY_NAME_ABBR":"胜利管道","ORG_CODE":"10136938","STD_REPORT_DATE":"2023-06-30 00:00:00","REPORT_DATE":"2023-06-30 00:00:00","DATE_TYPE_CODE":"002","REPORT_TYPE":"2023年中报","PER_NETCASH_OPERATE":-0.032430599735,"PER_OI":0.083179811425,"BPS":0.138413628285,"BASIC_EPS":-0.0148,"DILUTED_EPS":-0.0148,"OPERATE_INCOME":322269000,"OPERATE_INCOME_YOY":-27.2991623823,"GROSS_PROFIT":13677000,"GROSS_PROFIT_YOY":-63.65013554457,"HOLDER_PROFIT":-57348000,"HOLDER_PROFIT_YOY":-249.3048685238,"GROSS_PROFIT_RATIO":4.243970099513,"EPS_TTM":-0.033234344224,"OPERATE_INCOME_QOQ":-11.559178558226,"NET_PROFIT_RATIO":-17.9800104881,"ROE_AVG":-10.151858332824,"GROSS_PROFIT_QOQ":-23.483786195468,"ROA":-5.103922058123,"HOLDER_PROFIT_QOQ":-290.140589019513,"ROE_YEARLY":-20.303716665649,"ROIC_YEARLY":-11.284700187429,"TOTAL_ASSETS":1090815000,"TOTAL_LIABILITIES":546094000,"TAX_EBT":-0.03452800221,"OCF_SALES":-38.988546835097,"TOTAL_PARENT_EQUITY":536265000,"DEBT_ASSET_RATIO":50.0629345948,"OPERATE_PROFIT":-66504000,"PRETAX_PROFIT":-57924000,"NETCASH_OPERATE":-125648000,"NETCASH_INVEST":14826000,"NETCASH_FINANCE":-9795000,"END_CASH":38159000,"DIVI_RATIO":null,"DIVIDEND_RATE":null,"CURRENT_RATIO":1.068053437741,"COMMON_ACS":5000000000,"CURRENTDEBT_DEBT":82.502829183254,"ISSUED_COMMON_SHARES":3874365600,"HK_COMMON_SHARES":3874365600,"PER_SHARES":1500,"TOTAL_MARKET_CAP":116230968,"HKSK_MARKET_CAP":116230968,"PE_TTM":-1.605789373461,"PB_TTM":0.237907843286,"REPORT_DATE_SQ":"2022-06-30 00:00:00","REPORT_TYPE_SQ":"2022年中报","OPERATE_INCOME_SQ":443281000,"DPS_HKD":null,"OPERATE_INCOME_QOQ_SQ":-3.900086723906,"NET_PROFIT_RATIO_SQ":7.8670188887,"HOLDER_PROFIT_SQ":38410000,"HOLDER_PROFIT_QOQ_SQ":18.168986533394,"ROE_AVG_SQ":5.949011350515,"PE_TTM_SQ":-1.183321927474,"PB_TTM_SQ":0.293086168628,"ROA_SQ":2.512233320481,"START_DATE":"2023-01-01 00:00:00","FISCAL_YEAR":"12-31","CURRENCY":"HKD","IS_CNY_CODE":0,"DPS_HKD_LY":null,"ORG_TYPE":"一般企业","PREMIUM_INCOME":null,"PREMIUM_INCOME_YOY":null,"NET_INTEREST_INCOME":null,"NET_INTEREST_INCOME_YOY":null,"FEE_COMMISSION_INCOME":null,"FEE_COMMISSION_INCOME_YOY":null,"ACCOUNTS_RECE_TDAYS":3.595227470492,"INVENTORY_TDAYS":2.145644805229,"CURRENT_ASSETS_TDAYS":0.639096730437,"TOTAL_ASSETS_TDAYS":0.2868166035,"PREMIUM_EXPENSE":null,"LOAN_DEPOSIT":null,"LOAN_EQUITY":null,"LOAN_ASSETS":null,"DEPOSIT_EQUITY":null,"DEPOSIT_ASSETS":null,"EQUITY_MULTIPLIER":2.002520556396,"EQUITY_RATIO":1.01832862484},{"SECUCODE":"01080.HK","SECURITY_CODE":"01080","SECURITY_NAME_ABBR":"胜利管道","ORG_CODE":"10136938","STD_REPORT_DATE":"2022-12-31 00:00:00","REPORT_DATE":"2022-12-31 00:00:00","DATE_TYPE_CODE":"001","REPORT_TYPE":"2022年年报","PER_NETCASH_OPERATE":0.01417909554,"PER_OI":0.270209657034,"BPS":0.153196177459,"BASIC_EPS":-0.0085,"DILUTED_EPS":-0.0085,"OPERATE_INCOME":1046891000,"OPERATE_INCOME_YOY":-31.4271322684,"GROSS_PROFIT":101981000,"GROSS_PROFIT_YOY":-24.914592843469,"HOLDER_PROFIT":-33004000,"HOLDER_PROFIT_YOY":87.3411604064,"GROSS_PROFIT_RATIO":9.741319774456,"EPS_TTM":-0.008518555915,"OPERATE_INCOME_QOQ":-28.64419394987,"NET_PROFIT_RATIO":-2.794751316,"ROE_AVG":-5.410620416387,"GROSS_PROFIT_QOQ":-12.801723769377,"ROA":-2.145844474389,"HOLDER_PROFIT_QOQ":84.530511040595,"ROE_YEARLY":-5.410620416387,"ROIC_YEARLY":-2.380456083384,"TOTAL_ASSETS":1156398000,"TOTAL_LIABILITIES":553808000,"TAX_EBT":-0.639790864062,"OCF_SALES":5.247442188346,"TOTAL_PARENT_EQUITY":593538000,"DEBT_ASSET_RATIO":47.8907780885,"OPERATE_PROFIT":-38231000,"PRETAX_PROFIT":-29072000,"NETCASH_OPERATE":54935000,"NETCASH_INVEST":-151420000,"NETCASH_FINANCE":121087000,"END_CASH":158776000,"DIVI_RATIO":null,"DIVIDEND_RATE":null,"CURRENT_RATIO":0.95834469222,"COMMON_ACS":5000000000,"CURRENTDEBT_DEBT":99.35392771502,"ISSUED_COMMON_SHARES":3874365600,"HK_COMMON_SHARES":3874365600,"PER_SHARES":1500,"TOTAL_MARKET_CAP":116230968,"HKSK_MARKET_CAP":116230968,"PE_TTM":-1.605789373461,"PB_TTM":0.237907843286,"REPORT_DATE_SQ":"2021-12-31 00:00:00","REPORT_TYPE_SQ":"2021年年报","OPERATE_INCOME_SQ":1526684000,"DPS_HKD":null,"OPERATE_INCOME_QOQ_SQ":35.10824614083,"NET_PROFIT_RATIO_SQ":-18.0685066458,"HOLDER_PROFIT_SQ":-260719000,"HOLDER_PROFIT_QOQ_SQ":-0.610876142257,"ROE_AVG_SQ":-35.51945287408,"PE_TTM_SQ":-1.183321927474,"PB_TTM_SQ":0.293086168628,"ROA_SQ":-12.535007238235,"START_DATE":"2022-01-01 00:00:00","FISCAL_YEAR":"12-31","CURRENCY":"HKD","IS_CNY_CODE":0,"DPS_HKD_LY":null,"ORG_TYPE":"一般企业","PREMIUM_INCOME":null,"PREMIUM_INCOME_YOY":null,"NET_INTEREST_INCOME":null,"NET_INTEREST_INCOME_YOY":null,"FEE_COMMISSION_INCOME":null,"FEE_COMMISSION_INCOME_YOY":null,"ACCOUNTS_RECE_TDAYS":5.470893332602,"INVENTORY_TDAYS":4.397302730776,"CURRENT_ASSETS_TDAYS":1.361897123782,"TOTAL_ASSETS_TDAYS":0.680664546006,"PREMIUM_EXPENSE":null,"LOAN_DEPOSIT":null,"LOAN_EQUITY":null,"LOAN_ASSETS":null,"DEPOSIT_EQUITY":null,"DEPOSIT_ASSETS":null,"EQUITY_MULTIPLIER":1.919046117592,"EQUITY_RATIO":0.933062415549},{"SECUCODE":"01080.HK","SECURITY_CODE":"01080","SECURITY_NAME_ABBR":"胜利管道","ORG_CODE":"10136938","STD_REPORT_DATE":"2022-06-30 00:00:00","REPORT_DATE":"2022-06-30 00:00:00","DATE_TYPE_CODE":"002","REPORT_TYPE":"2022年中报","PER_NETCASH_OPERATE":-0.002202941302,"PER_OI":0.114413828163,"BPS":0.171608482173,"BASIC_EPS":0.0099,"DILUTED_EPS":0.0099,"OPERATE_INCOME":443281000,"OPERATE_INCOME_YOY":-11.8415426502,"GROSS_PROFIT":37626000,"GROSS_PROFIT_YOY":-33.397058042589,"HOLDER_PROFIT":38410000,"HOLDER_PROFIT_YOY":528.6830357143,"GROSS_PROFIT_RATIO":8.488069644311,"EPS_TTM":-0.055066821779,"OPERATE_INCOME_QOQ":-3.900086723906,"NET_PROFIT_RATIO":7.8670188887,"ROE_AVG":5.949011350515,"GROSS_PROFIT_QOQ":-13.891179502282,"ROA":2.512233320481,"HOLDER_PROFIT_QOQ":18.168986533394,"ROE_YEARLY":11.898022701031,"ROIC_YEARLY":5.441481057526,"TOTAL_ASSETS":1138150000,"TOTAL_LIABILITIES":463464000,"TAX_EBT":0.283083609745,"OCF_SALES":-1.925415255786,"TOTAL_PARENT_EQUITY":664874000,"DEBT_ASSET_RATIO":40.7208188727,"OPERATE_PROFIT":41218000,"PRETAX_PROFIT":34972000,"NETCASH_OPERATE":-8535000,"NETCASH_INVEST":-126020000,"NETCASH_FINANCE":89567000,"END_CASH":89186000,"DIVI_RATIO":null,"DIVIDEND_RATE":null,"CURRENT_RATIO":1.026963944772,"COMMON_ACS":5000000000,"CURRENTDEBT_DEBT":99.561346728117,"ISSUED_COMMON_SHARES":3874365600,"HK_COMMON_SHARES":3874365600,"PER_SHARES":1500,"TOTAL_MARKET_CAP":116230968,"HKSK_MARKET_CAP":116230968,"PE_TTM":-1.605789373461,"PB_TTM":0.237907843286,"REPORT_DATE_SQ":"2021-06-30 00:00:00","REPORT_TYPE_SQ":"2021年中报","OPERATE_INCOME_SQ":502823000,"DPS_HKD":null,"OPERATE_INCOME_QOQ_SQ":31.940142008601,"NET_PROFIT_RATIO_SQ":-4.2686989259,"HOLDER_PROFIT_SQ":-8960000,"HOLDER_PROFIT_QOQ_SQ":20.361901952107,"ROE_AVG_SQ":-1.04012671901,"PE_TTM_SQ":-1.183321927474,"PB_TTM_SQ":0.293086168628,"ROA_SQ":-0.39459293181,"START_DATE":"2022-01-01 00:00:00","FISCAL_YEAR":"12-31","CURRENCY":"HKD","IS_CNY_CODE":0,"DPS_HKD_LY":null,"ORG_TYPE":"一般企业","PREMIUM_INCOME":null,"PREMIUM_INCOME_YOY":null,"NET_INTEREST_INCOME":null,"NET_INTEREST_INCOME_YOY":null,"FEE_COMMISSION_INCOME":null,"FEE_COMMISSION_INCOME_YOY":null,"ACCOUNTS_RECE_TDAYS":2.119942324385,"INVENTORY_TDAYS":1.906448194266,"CURRENT_ASSETS_TDAYS":0.597428239499,"TOTAL_ASSETS_TDAYS":0.289931085274,"PREMIUM_EXPENSE":null,"LOAN_DEPOSIT":null,"LOAN_EQUITY":null,"LOAN_ASSETS":null,"DEPOSIT_EQUITY":null,"DEPOSIT_ASSETS":null,"EQUITY_MULTIPLIER":1.686932884333,"EQUITY_RATIO":0.697070422366},{"SECUCODE":"01080.HK","SECURITY_CODE":"01080","SECURITY_NAME_ABBR":"胜利管道","ORG_CODE":"10136938","STD_REPORT_DATE":"2021-12-31 00:00:00","REPORT_DATE":"2021-12-31 00:00:00","DATE_TYPE_CODE":"001","REPORT_TYPE":"2021年年报","PER_NETCASH_OPERATE":0.009922656757,"PER_OI":0.39404747967,"BPS":0.161686599736,"BASIC_EPS":-0.0675,"DILUTED_EPS":-0.0675,"OPERATE_INCOME":1526684000,"OPERATE_INCOME_YOY":78.2620118235,"GROSS_PROFIT":135820000,"GROSS_PROFIT_YOY":207.041935119249,"HOLDER_PROFIT":-260719000,"HOLDER_PROFIT_YOY":19.875411811,"GROSS_PROFIT_RATIO":8.896405542994,"EPS_TTM":-0.067293339586,"OPERATE_INCOME_QOQ":35.10824614083,"NET_PROFIT_RATIO":-18.0685066458,"ROE_AVG":-35.51945287408,"GROSS_PROFIT_QOQ":46.409822458417,"ROA":-12.535007238235,"HOLDER_PROFIT_QOQ":-0.610876142257,"ROE_YEARLY":-35.51945287408,"ROIC_YEARLY":-13.386715410545,"TOTAL_ASSETS":1919687000,"TOTAL_LIABILITIES":1292222000,"TAX_EBT":-1.315992448561,"OCF_SALES":2.518137348659,"TOTAL_PARENT_EQUITY":626433000,"DEBT_ASSET_RATIO":67.3142027841,"OPERATE_PROFIT":-239418000,"PRETAX_PROFIT":-272266000,"NETCASH_OPERATE":38444000,"NETCASH_INVEST":57391000,"NETCASH_FINANCE":-74983000,"END_CASH":134311000,"DIVI_RATIO":null,"DIVIDEND_RATE":null,"CURRENT_RATIO":0.783544716204,"COMMON_ACS":5000000000,"CURRENTDEBT_DEBT":99.760722228843,"ISSUED_COMMON_SHARES":3874365600,"HK_COMMON_SHARES":3874365600,"PER_SHARES":1500,"TOTAL_MARKET_CAP":120105333.6,"HKSK_MARKET_CAP":120105333.6,"PE_TTM":-1.65931568591,"PB_TTM":0.245838104729,"REPORT_DATE_SQ":"2020-12-31 00:00:00","REPORT_TYPE_SQ":"2020年年报","OPERATE_INCOME_SQ":856427000,"DPS_HKD":null,"OPERATE_INCOME_QOQ_SQ":29.407951598963,"NET_PROFIT_RATIO_SQ":-43.4736410692,"HOLDER_PROFIT_SQ":-325392000,"HOLDER_PROFIT_QOQ_SQ":-105.384047313973,"ROE_AVG_SQ":-32.188952013145,"PE_TTM_SQ":-1.290896648153,"PB_TTM_SQ":0.319730365776,"ROA_SQ":-13.989981482381,"START_DATE":"2021-01-01 00:00:00","FISCAL_YEAR":"12-31","CURRENCY":"HKD","IS_CNY_CODE":0,"DPS_HKD_LY":null,"ORG_TYPE":"一般企业","PREMIUM_INCOME":null,"PREMIUM_INCOME_YOY":null,"NET_INTEREST_INCOME":null,"NET_INTEREST_INCOME_YOY":null,"FEE_COMMISSION_INCOME":null,"FEE_COMMISSION_INCOME_YOY":null,"ACCOUNTS_RECE_TDAYS":5.349475015724,"INVENTORY_TDAYS":4.565591246075,"CURRENT_ASSETS_TDAYS":1.49114188754,"TOTAL_ASSETS_TDAYS":0.734008453181,"PREMIUM_EXPENSE":null,"LOAN_DEPOSIT":null,"LOAN_EQUITY":null,"LOAN_ASSETS":null,"DEPOSIT_EQUITY":null,"DEPOSIT_ASSETS":null,"EQUITY_MULTIPLIER":3.059432797048,"EQUITY_RATIO":2.062825553571},{"SECUCODE":"01080.HK","SECURITY_CODE":"01080","SECURITY_NAME_ABBR":"胜利管道","ORG_CODE":"10136938","STD_REPORT_DATE":"2021-06-30 00:00:00","REPORT_DATE":"2021-06-30 00:00:00","DATE_TYPE_CODE":"002","REPORT_TYPE":"2021年中报","PER_NETCASH_OPERATE":-0.018178718085,"PER_OI":0.129782021604,"BPS":0.227460464753,"BASIC_EPS":-0.0023,"DILUTED_EPS":-0.0023,"OPERATE_INCOME":502823000,"OPERATE_INCOME_YOY":119.3061728287,"GROSS_PROFIT":56493000,"GROSS_PROFIT_YOY":609.621906795629,"HOLDER_PROFIT":-8960000,"HOLDER_PROFIT_YOY":88.0876409275,"GROSS_PROFIT_RATIO":11.235166251345,"EPS_TTM":-0.066884756565,"OPERATE_INCOME_QOQ":31.940142008601,"NET_PROFIT_RATIO":-4.2686989259,"ROE_AVG":-1.04012671901,"GROSS_PROFIT_QOQ":109.714027353905,"ROA":-0.39459293181,"HOLDER_PROFIT_QOQ":20.361901952107,"ROE_YEARLY":-2.080253438019,"ROIC_YEARLY":-0.82844238731,"TOTAL_ASSETS":2301222000,"TOTAL_LIABILITIES":1416299000,"TAX_EBT":-14.621382035672,"OCF_SALES":-14.007115824057,"TOTAL_PARENT_EQUITY":881265000,"DEBT_ASSET_RATIO":61.54551799,"OPERATE_PROFIT":534000,"PRETAX_PROFIT":-18726000,"NETCASH_OPERATE":-70431000,"NETCASH_INVEST":38587000,"NETCASH_FINANCE":811000,"END_CASH":82219000,"DIVI_RATIO":null,"DIVIDEND_RATE":null,"CURRENT_RATIO":0.822040628939,"COMMON_ACS":5000000000,"CURRENTDEBT_DEBT":99.658123037579,"ISSUED_COMMON_SHARES":3874365600,"HK_COMMON_SHARES":3874365600,"PER_SHARES":1500,"TOTAL_MARKET_CAP":116230968,"HKSK_MARKET_CAP":116230968,"PE_TTM":-1.605789373461,"PB_TTM":0.237907843286,"REPORT_DATE_SQ":"2020-06-30 00:00:00","REPORT_TYPE_SQ":"2020年中报","OPERATE_INCOME_SQ":229279000,"DPS_HKD":null,"OPERATE_INCOME_QOQ_SQ":-23.310535988672,"NET_PROFIT_RATIO_SQ":-41.7644005775,"HOLDER_PROFIT_SQ":-75216000,"HOLDER_PROFIT_QOQ_SQ":-14.33035295476,"ROE_AVG_SQ":-6.573974695581,"PE_TTM_SQ":-1.183321927474,"PB_TTM_SQ":0.293086168628,"ROA_SQ":-3.087958538196,"START_DATE":"2021-01-01 00:00:00","FISCAL_YEAR":"12-31","CURRENCY":"HKD","IS_CNY_CODE":0,"DPS_HKD_LY":null,"ORG_TYPE":"一般企业","PREMIUM_INCOME":null,"PREMIUM_INCOME_YOY":null,"NET_INTEREST_INCOME":null,"NET_INTEREST_INCOME_YOY":null,"FEE_COMMISSION_INCOME":null,"FEE_COMMISSION_INCOME_YOY":null,"ACCOUNTS_RECE_TDAYS":1.706770081974,"INVENTORY_TDAYS":1.328159523168,"CURRENT_ASSETS_TDAYS":0.457557937171,"TOTAL_ASSETS_TDAYS":0.221440180526,"PREMIUM_EXPENSE":null,"LOAN_DEPOSIT":null,"LOAN_EQUITY":null,"LOAN_ASSETS":null,"DEPOSIT_EQUITY":null,"DEPOSIT_ASSETS":null,"EQUITY_MULTIPLIER":2.600477103657,"EQUITY_RATIO":1.607120446177},{"SECUCODE":"01080.HK","SECURITY_CODE":"01080","SECURITY_NAME_ABBR":"胜利管道","ORG_CODE":"10136938","STD_REPORT_DATE":"2020-12-31 00:00:00","REPORT_DATE":"2020-12-31 00:00:00","DATE_TYPE_CODE":"001","REPORT_TYPE":"2020年年报","PER_NETCASH_OPERATE":0.036651069141,"PER_OI":0.261555093298,"BPS":0.217223175841,"BASIC_EPS":-0.0994,"DILUTED_EPS":-0.0994,"OPERATE_INCOME":856427000,"OPERATE_INCOME_YOY":-0.7577355307,"GROSS_PROFIT":44235000,"GROSS_PROFIT_YOY":-66.164895936116,"HOLDER_PROFIT":-325392000,"HOLDER_PROFIT_YOY":-134.8163062068,"GROSS_PROFIT_RATIO":5.165063689024,"EPS_TTM":-0.099375585915,"OPERATE_INCOME_QOQ":29.407951598963,"NET_PROFIT_RATIO":-43.4736410692,"ROE_AVG":-32.188952013145,"GROSS_PROFIT_QOQ":-33.512197321549,"ROA":-13.989981482381,"HOLDER_PROFIT_QOQ":-105.384047313973,"ROE_YEARLY":-32.188952013145,"ROIC_YEARLY":-14.926786304085,"TOTAL_ASSETS":2240167000,"TOTAL_LIABILITIES":1382403000,"TAX_EBT":-0.52812908382,"OCF_SALES":14.012752984201,"TOTAL_PARENT_EQUITY":841602000,"DEBT_ASSET_RATIO":61.7098189555,"OPERATE_PROFIT":-336108000,"PRETAX_PROFIT":-370364000,"NETCASH_OPERATE":120009000,"NETCASH_INVEST":-66059000,"NETCASH_FINANCE":-40330000,"END_CASH":113159000,"DIVI_RATIO":null,"DIVIDEND_RATE":null,"CURRENT_RATIO":0.753707409735,"COMMON_ACS":5000000000,"CURRENTDEBT_DEBT":99.582755535108,"ISSUED_COMMON_SHARES":3874365600,"HK_COMMON_SHARES":3874365600,"PER_SHARES":1500,"TOTAL_MARKET_CAP":120105333.6,"HKSK_MARKET_CAP":120105333.6,"PE_TTM":-1.65931568591,"PB_TTM":0.245838104729,"REPORT_DATE_SQ":"2019-12-31 00:00:00","REPORT_TYPE_SQ":"2019年年报","OPERATE_INCOME_SQ":862966000,"DPS_HKD":null,"OPERATE_INCOME_QOQ_SQ":-9.243632080432,"NET_PROFIT_RATIO_SQ":-19.9237281654,"HOLDER_PROFIT_SQ":-138573000,"HOLDER_PROFIT_QOQ_SQ":-48.763285024155,"ROE_AVG_SQ":-11.065351395356,"PE_TTM_SQ":-1.290896648153,"PB_TTM_SQ":0.319730365776,"ROA_SQ":-5.474694358899,"START_DATE":"2020-01-01 00:00:00","FISCAL_YEAR":"12-31","CURRENCY":"HKD","IS_CNY_CODE":0,"DPS_HKD_LY":null,"ORG_TYPE":"一般企业","PREMIUM_INCOME":null,"PREMIUM_INCOME_YOY":null,"NET_INTEREST_INCOME":null,"NET_INTEREST_INCOME_YOY":null,"FEE_COMMISSION_INCOME":null,"FEE_COMMISSION_INCOME_YOY":null,"ACCOUNTS_RECE_TDAYS":2.808924383804,"INVENTORY_TDAYS":3.429075656152,"CURRENT_ASSETS_TDAYS":0.796162291507,"TOTAL_ASSETS_TDAYS":0.36821427297,"PREMIUM_EXPENSE":null,"LOAN_DEPOSIT":null,"LOAN_EQUITY":null,"LOAN_ASSETS":null,"DEPOSIT_EQUITY":null,"DEPOSIT_ASSETS":null,"EQUITY_MULTIPLIER":2.611635601403,"EQUITY_RATIO":1.642585212488},{"SECUCODE":"01080.HK","SECURITY_CODE":"01080","SECURITY_NAME_ABBR":"胜利管道","ORG_CODE":"10136938","STD_REPORT_DATE":"2020-06-30 00:00:00","REPORT_DATE":"2020-06-30 00:00:00","DATE_TYPE_CODE":"002","REPORT_TYPE":"2020年中报","PER_NETCASH_OPERATE":0.016675596641,"PER_OI":0.070022418999,"BPS":0.286017406308,"BASIC_EPS":-0.023,"DILUTED_EPS":-0.023,"OPERATE_INCOME":229279000,"OPERATE_INCOME_YOY":-46.7339310149,"GROSS_PROFIT":7961000,"GROSS_PROFIT_YOY":-88.968642177172,"HOLDER_PROFIT":-75216000,"HOLDER_PROFIT_YOY":-35.8719606922,"GROSS_PROFIT_RATIO":3.47218890522,"EPS_TTM":-0.048385250566,"OPERATE_INCOME_QOQ":-23.310535988672,"NET_PROFIT_RATIO":-41.7644005775,"ROE_AVG":-6.573974695581,"GROSS_PROFIT_QOQ":-49.110810252645,"ROA":-3.087958538196,"HOLDER_PROFIT_QOQ":-14.33035295476,"ROE_YEARLY":-13.147949391163,"ROIC_YEARLY":-6.537932149483,"TOTAL_ASSETS":2459949000,"TOTAL_LIABILITIES":1309264000,"TAX_EBT":-0.958375506073,"OCF_SALES":23.814653762447,"TOTAL_PARENT_EQUITY":1108136000,"DEBT_ASSET_RATIO":53.2232172293,"OPERATE_PROFIT":-73906000,"PRETAX_PROFIT":-94848000,"NETCASH_OPERATE":54602000,"NETCASH_INVEST":-24263000,"NETCASH_FINANCE":-65302000,"END_CASH":64572000,"DIVI_RATIO":null,"DIVIDEND_RATE":null,"CURRENT_RATIO":0.927642996581,"COMMON_ACS":5000000000,"CURRENTDEBT_DEBT":99.418986545112,"ISSUED_COMMON_SHARES":3874365600,"HK_COMMON_SHARES":3874365600,"PER_SHARES":1500,"TOTAL_MARKET_CAP":116230968,"HKSK_MARKET_CAP":116230968,"PE_TTM":-1.605789373461,"PB_TTM":0.237907843286,"REPORT_DATE_SQ":"2019-06-30 00:00:00","REPORT_TYPE_SQ":"2019年中报","OPERATE_INCOME_SQ":430441000,"DPS_HKD":null,"OPERATE_INCOME_QOQ_SQ":4.102072275649,"NET_PROFIT_RATIO_SQ":-13.3323730778,"HOLDER_PROFIT_SQ":-55358000,"HOLDER_PROFIT_QOQ_SQ":-71.961823183001,"ROE_AVG_SQ":-4.285147549169,"PE_TTM_SQ":-1.183321927474,"PB_TTM_SQ":0.293086168628,"ROA_SQ":-2.125353142525,"START_DATE":"2020-01-01 00:00:00","FISCAL_YEAR":"12-31","CURRENCY":"HKD","IS_CNY_CODE":0,"DPS_HKD_LY":null,"ORG_TYPE":"一般企业","PREMIUM_INCOME":null,"PREMIUM_INCOME_YOY":null,"NET_INTEREST_INCOME":null,"NET_INTEREST_INCOME_YOY":null,"FEE_COMMISSION_INCOME":null,"FEE_COMMISSION_INCOME_YOY":null,"ACCOUNTS_RECE_TDAYS":0.889856146799,"INVENTORY_TDAYS":0.775422541133,"CURRENT_ASSETS_TDAYS":0.197545234722,"TOTAL_ASSETS_TDAYS":0.094129446618,"PREMIUM_EXPENSE":null,"LOAN_DEPOSIT":null,"LOAN_EQUITY":null,"LOAN_ASSETS":null,"DEPOSIT_EQUITY":null,"DEPOSIT_ASSETS":null,"EQUITY_MULTIPLIER":2.137812694178,"EQUITY_RATIO":1.18150118758}],"count":33},"success":true,"message":"ok","code":0}