{"version":"18f21898acad1a7362884013e80e1056","result":{"pages":4,"data":[{"SECUCODE":"01082.HK","SECURITY_CODE":"01082","SECURITY_NAME_ABBR":"源宇宙教育","ORG_CODE":"10160375","STD_REPORT_DATE":"2023-12-31 00:00:00","REPORT_DATE":"2024-06-30 00:00:00","DATE_TYPE_CODE":"001","REPORT_TYPE":"2023年年报","PER_NETCASH_OPERATE":-0.020686819016,"PER_OI":0.183599646527,"BPS":0.15704991102,"BASIC_EPS":-0.045634,"DILUTED_EPS":-0.045634,"OPERATE_INCOME":111637192.24,"OPERATE_INCOME_YOY":4.0012923851,"GROSS_PROFIT":39711619.48,"GROSS_PROFIT_YOY":5.000134374067,"HOLDER_PROFIT":-25151635.44,"HOLDER_PROFIT_YOY":3.444168039,"GROSS_PROFIT_RATIO":35.572033551889,"EPS_TTM":-0.058869903318,"OPERATE_INCOME_QOQ":16.546432209388,"NET_PROFIT_RATIO":-18.3979463366,"ROE_AVG":-25.488582025361,"GROSS_PROFIT_QOQ":9.435050136582,"ROA":-17.388670673418,"HOLDER_PROFIT_QOQ":-34.732207821243,"ROE_YEARLY":-25.488582025361,"ROIC_YEARLY":-19.072534180448,"TOTAL_ASSETS":134609347.84,"TOTAL_LIABILITIES":34683665.36,"TAX_EBT":-7.304978065993,"OCF_SALES":-11.267352311189,"TOTAL_PARENT_EQUITY":95493708.4,"DEBT_ASSET_RATIO":25.7661640269,"OPERATE_PROFIT":-16603474.56,"PRETAX_PROFIT":-19140724.96,"NETCASH_OPERATE":-12578555.76,"NETCASH_INVEST":18478119.28,"NETCASH_FINANCE":-10655539,"END_CASH":7895594.68,"DIVI_RATIO":null,"DIVIDEND_RATE":null,"CURRENT_RATIO":6.041568890379,"COMMON_ACS":6000000000,"CURRENTDEBT_DEBT":47.097521183096,"ISSUED_COMMON_SHARES":608046880,"HK_COMMON_SHARES":608046880,"PER_SHARES":4000,"TOTAL_MARKET_CAP":972875008,"HKSK_MARKET_CAP":972875008,"PE_TTM":-35.302816169533,"PB_TTM":9.298241498614,"REPORT_DATE_SQ":"2022-12-31 00:00:00","REPORT_TYPE_SQ":"2022年年报","OPERATE_INCOME_SQ":108435911.76,"DPS_HKD":null,"OPERATE_INCOME_QOQ_SQ":11.347541513279,"NET_PROFIT_RATIO_SQ":-24.3606094616,"HOLDER_PROFIT_SQ":-26314231.18,"HOLDER_PROFIT_QOQ_SQ":-7.213882932229,"ROE_AVG_SQ":-22.175603805617,"PE_TTM_SQ":-31.104321670579,"PB_TTM_SQ":7.954164977421,"ROA_SQ":-17.052026574897,"START_DATE":"2023-07-01 00:00:00","FISCAL_YEAR":"6-30","CURRENCY":"HKD","IS_CNY_CODE":0,"DPS_HKD_LY":null,"ORG_TYPE":"一般企业","PREMIUM_INCOME":null,"PREMIUM_INCOME_YOY":null,"NET_INTEREST_INCOME":null,"NET_INTEREST_INCOME_YOY":null,"FEE_COMMISSION_INCOME":null,"FEE_COMMISSION_INCOME_YOY":null,"ACCOUNTS_RECE_TDAYS":3.852414097194,"INVENTORY_TDAYS":257.960720130933,"CURRENT_ASSETS_TDAYS":1.030931831974,"TOTAL_ASSETS_TDAYS":0.771807612828,"PREMIUM_EXPENSE":null,"LOAN_DEPOSIT":null,"LOAN_EQUITY":null,"LOAN_ASSETS":null,"DEPOSIT_EQUITY":null,"DEPOSIT_ASSETS":null,"EQUITY_MULTIPLIER":1.347094605703,"EQUITY_RATIO":0.363203670076},{"SECUCODE":"01082.HK","SECURITY_CODE":"01082","SECURITY_NAME_ABBR":"源宇宙教育","ORG_CODE":"10160375","STD_REPORT_DATE":"2023-06-30 00:00:00","REPORT_DATE":"2023-12-31 00:00:00","DATE_TYPE_CODE":"002","REPORT_TYPE":"2023年中报","PER_NETCASH_OPERATE":0.008626741701,"PER_OI":0.101414247981,"BPS":0.157051615724,"BASIC_EPS":-0.024739806,"DILUTED_EPS":-0.024739806,"OPERATE_INCOME":61075603.12,"OPERATE_INCOME_YOY":39.5737983308,"GROSS_PROFIT":21674969.96,"GROSS_PROFIT_YOY":19.707678029078,"HOLDER_PROFIT":-14910037.66,"HOLDER_PROFIT_YOY":-154.6904024768,"GROSS_PROFIT_RATIO":35.488753041724,"EPS_TTM":-0.044119498273,"OPERATE_INCOME_QOQ":26.460768785063,"NET_PROFIT_RATIO":-23.8322749125,"ROE_AVG":-15.165103578588,"GROSS_PROFIT_QOQ":15.683152816901,"ROA":-9.90395815212,"HOLDER_PROFIT_QOQ":12.745714748714,"ROE_YEARLY":-30.330207157177,"ROIC_YEARLY":-22.06361073209,"TOTAL_ASSETS":147509054.28,"TOTAL_LIABILITIES":51050091.26,"TAX_EBT":-5.469827303172,"OCF_SALES":8.506439551309,"TOTAL_PARENT_EQUITY":95494744.94,"DEBT_ASSET_RATIO":34.6081069458,"OPERATE_PROFIT":-12332747.98,"PRETAX_PROFIT":-13800824.38,"NETCASH_OPERATE":5195359.26,"NETCASH_INVEST":129589.46,"NETCASH_FINANCE":-1188054.42,"END_CASH":16698915.94,"DIVI_RATIO":null,"DIVIDEND_RATE":null,"CURRENT_RATIO":2.357954329572,"COMMON_ACS":6000000000,"CURRENTDEBT_DEBT":93.440789590471,"ISSUED_COMMON_SHARES":608046880,"HK_COMMON_SHARES":608046880,"PER_SHARES":4000,"TOTAL_MARKET_CAP":997196883.2,"HKSK_MARKET_CAP":997196883.2,"PE_TTM":-36.185386573772,"PB_TTM":9.53069753608,"REPORT_DATE_SQ":"2022-06-30 00:00:00","REPORT_TYPE_SQ":"2022年中报","OPERATE_INCOME_SQ":43133328.49,"DPS_HKD":null,"OPERATE_INCOME_QOQ_SQ":30.665209490421,"NET_PROFIT_RATIO_SQ":-12.160622942,"HOLDER_PROFIT_SQ":-5770524.2,"HOLDER_PROFIT_QOQ_SQ":-626.337573188384,"ROE_AVG_SQ":-4.531091635366,"PE_TTM_SQ":-31.74345156792,"PB_TTM_SQ":8.117606723532,"ROA_SQ":-3.648346807555,"START_DATE":"2023-07-01 00:00:00","FISCAL_YEAR":"6-30","CURRENCY":"HKD","IS_CNY_CODE":0,"DPS_HKD_LY":null,"ORG_TYPE":"一般企业","PREMIUM_INCOME":null,"PREMIUM_INCOME_YOY":null,"NET_INTEREST_INCOME":null,"NET_INTEREST_INCOME_YOY":null,"FEE_COMMISSION_INCOME":null,"FEE_COMMISSION_INCOME_YOY":null,"ACCOUNTS_RECE_TDAYS":2.012091176427,"INVENTORY_TDAYS":91.148846960168,"CURRENT_ASSETS_TDAYS":0.532181520992,"TOTAL_ASSETS_TDAYS":0.4056932861,"PREMIUM_EXPENSE":null,"LOAN_DEPOSIT":null,"LOAN_EQUITY":null,"LOAN_ASSETS":null,"DEPOSIT_EQUITY":null,"DEPOSIT_ASSETS":null,"EQUITY_MULTIPLIER":1.529241551657,"EQUITY_RATIO":0.534585345948},{"SECUCODE":"01082.HK","SECURITY_CODE":"01082","SECURITY_NAME_ABBR":"源宇宙教育","ORG_CODE":"10160375","STD_REPORT_DATE":"2022-12-31 00:00:00","REPORT_DATE":"2023-06-30 00:00:00","DATE_TYPE_CODE":"001","REPORT_TYPE":"2022年年报","PER_NETCASH_OPERATE":-0.01628685168,"PER_OI":0.181808010611,"BPS":0.169230937983,"BASIC_EPS":-0.046099,"DILUTED_EPS":-0.046099,"OPERATE_INCOME":108435911.76,"OPERATE_INCOME_YOY":30.6103411514,"GROSS_PROFIT":37820541.58,"GROSS_PROFIT_YOY":23.619074323262,"HOLDER_PROFIT":-26314231.18,"HOLDER_PROFIT_YOY":13.2281405813,"GROSS_PROFIT_RATIO":34.878243716628,"EPS_TTM":-0.050564276752,"OPERATE_INCOME_QOQ":11.347541513279,"NET_PROFIT_RATIO":-24.3606094616,"ROE_AVG":-22.175603805617,"GROSS_PROFIT_QOQ":6.860049465389,"ROA":-17.052026574897,"HOLDER_PROFIT_QOQ":-7.213882932229,"ROE_YEARLY":-22.175603805617,"ROIC_YEARLY":-18.707190939063,"TOTAL_ASSETS":156254404.46,"TOTAL_LIABILITIES":52787042.92,"TAX_EBT":-5.315199411873,"OCF_SALES":-8.95826956433,"TOTAL_PARENT_EQUITY":102900343.84,"DEBT_ASSET_RATIO":33.7827551821,"OPERATE_PROFIT":-22366312.82,"PRETAX_PROFIT":-25082465.9,"NETCASH_OPERATE":-9713981.28,"NETCASH_INVEST":-3041612.02,"NETCASH_FINANCE":12158150.26,"END_CASH":12780486.76,"DIVI_RATIO":null,"DIVIDEND_RATE":null,"CURRENT_RATIO":2.420886906324,"COMMON_ACS":6000000000,"CURRENTDEBT_DEBT":93.188248855975,"ISSUED_COMMON_SHARES":608046880,"HK_COMMON_SHARES":608046880,"PER_SHARES":4000,"TOTAL_MARKET_CAP":997196883.2,"HKSK_MARKET_CAP":997196883.2,"PE_TTM":-36.185386573772,"PB_TTM":9.53069753608,"REPORT_DATE_SQ":"2021-12-31 00:00:00","REPORT_TYPE_SQ":"2021年年报","OPERATE_INCOME_SQ":77008149.12,"DPS_HKD":null,"OPERATE_INCOME_QOQ_SQ":63.573786361029,"NET_PROFIT_RATIO_SQ":-36.2551083866,"HOLDER_PROFIT_SQ":-28128909.48,"HOLDER_PROFIT_QOQ_SQ":-228.676960172983,"ROE_AVG_SQ":-20.990628499954,"PE_TTM_SQ":-31.74345156792,"PB_TTM_SQ":8.117606723532,"ROA_SQ":-18.309086911385,"START_DATE":"2022-07-01 00:00:00","FISCAL_YEAR":"6-30","CURRENCY":"HKD","IS_CNY_CODE":0,"DPS_HKD_LY":null,"ORG_TYPE":"一般企业","PREMIUM_INCOME":null,"PREMIUM_INCOME_YOY":null,"NET_INTEREST_INCOME":null,"NET_INTEREST_INCOME_YOY":null,"FEE_COMMISSION_INCOME":null,"FEE_COMMISSION_INCOME_YOY":null,"ACCOUNTS_RECE_TDAYS":3.820307932177,"INVENTORY_TDAYS":116.488212927757,"CURRENT_ASSETS_TDAYS":0.930007472512,"TOTAL_ASSETS_TDAYS":0.702681388013,"PREMIUM_EXPENSE":null,"LOAN_DEPOSIT":null,"LOAN_EQUITY":null,"LOAN_ASSETS":null,"DEPOSIT_EQUITY":null,"DEPOSIT_ASSETS":null,"EQUITY_MULTIPLIER":1.51018062251,"EQUITY_RATIO":0.512991900222},{"SECUCODE":"01082.HK","SECURITY_CODE":"01082","SECURITY_NAME_ABBR":"源宇宙教育","ORG_CODE":"10160375","STD_REPORT_DATE":"2022-06-30 00:00:00","REPORT_DATE":"2022-12-31 00:00:00","DATE_TYPE_CODE":"002","REPORT_TYPE":"2022年中报","PER_NETCASH_OPERATE":-0.001433291633,"PER_OI":0.072319073234,"BPS":0.204701719381,"BASIC_EPS":-0.009647316,"DILUTED_EPS":-0.009647316,"OPERATE_INCOME":43133328.49,"OPERATE_INCOME_YOY":14.7832081392,"GROSS_PROFIT":18106582.9,"GROSS_PROFIT_YOY":13.111069345336,"HOLDER_PROFIT":-5770524.2,"HOLDER_PROFIT_YOY":-41.1713286713,"GROSS_PROFIT_RATIO":41.978172178847,"EPS_TTM":-0.047162060891,"OPERATE_INCOME_QOQ":30.665209490421,"NET_PROFIT_RATIO":-12.160622942,"ROE_AVG":-4.531091635366,"GROSS_PROFIT_QOQ":-24.548495490982,"ROA":-3.648346807555,"HOLDER_PROFIT_QOQ":-626.337573188384,"ROE_YEARLY":-9.062183270733,"ROIC_YEARLY":-8.356645052795,"TOTAL_ASSETS":168701185.66,"TOTAL_LIABILITIES":42968073.54,"TAX_EBT":null,"OCF_SALES":-1.98189989024,"TOTAL_PARENT_EQUITY":124468241.8,"DEBT_ASSET_RATIO":25.4699297885,"OPERATE_PROFIT":-4263577.71,"PRETAX_PROFIT":-5245281.44,"NETCASH_OPERATE":-854859.39,"NETCASH_INVEST":-3334576.91,"NETCASH_FINANCE":16560332.53,"END_CASH":25334030.47,"DIVI_RATIO":null,"DIVIDEND_RATE":null,"CURRENT_RATIO":3.232568480968,"COMMON_ACS":6000000000,"CURRENTDEBT_DEBT":93.501309716852,"ISSUED_COMMON_SHARES":608046880,"HK_COMMON_SHARES":608046880,"PER_SHARES":4000,"TOTAL_MARKET_CAP":997196883.2,"HKSK_MARKET_CAP":997196883.2,"PE_TTM":-36.185386573772,"PB_TTM":9.53069753608,"REPORT_DATE_SQ":"2021-06-30 00:00:00","REPORT_TYPE_SQ":"2021年中报","OPERATE_INCOME_SQ":34394796.8,"DPS_HKD":null,"OPERATE_INCOME_QOQ_SQ":15.216987121229,"NET_PROFIT_RATIO_SQ":-11.3150137872,"HOLDER_PROFIT_SQ":-3741337.6,"HOLDER_PROFIT_QOQ_SQ":104.767023020232,"ROE_AVG_SQ":-2.768157717238,"PE_TTM_SQ":-31.74345156792,"PB_TTM_SQ":8.117606723532,"ROA_SQ":-2.436732031364,"START_DATE":"2022-07-01 00:00:00","FISCAL_YEAR":"6-30","CURRENCY":"HKD","IS_CNY_CODE":0,"DPS_HKD_LY":null,"ORG_TYPE":"一般企业","PREMIUM_INCOME":null,"PREMIUM_INCOME_YOY":null,"NET_INTEREST_INCOME":null,"NET_INTEREST_INCOME_YOY":null,"FEE_COMMISSION_INCOME":null,"FEE_COMMISSION_INCOME_YOY":null,"ACCOUNTS_RECE_TDAYS":1.485799563063,"INVENTORY_TDAYS":54.401941747573,"CURRENT_ASSETS_TDAYS":0.358809738771,"TOTAL_ASSETS_TDAYS":0.272705452471,"PREMIUM_EXPENSE":null,"LOAN_DEPOSIT":null,"LOAN_EQUITY":null,"LOAN_ASSETS":null,"DEPOSIT_EQUITY":null,"DEPOSIT_ASSETS":null,"EQUITY_MULTIPLIER":1.341740316576,"EQUITY_RATIO":0.345213147696},{"SECUCODE":"01082.HK","SECURITY_CODE":"01082","SECURITY_NAME_ABBR":"源宇宙教育","ORG_CODE":"10160375","STD_REPORT_DATE":"2021-12-31 00:00:00","REPORT_DATE":"2022-06-30 00:00:00","DATE_TYPE_CODE":"001","REPORT_TYPE":"2021年年报","PER_NETCASH_OPERATE":-0.021901996842,"PER_OI":0.129114959842,"BPS":0.205062407672,"BASIC_EPS":-0.0513114,"DILUTED_EPS":-0.0513114,"OPERATE_INCOME":77008149.12,"OPERATE_INCOME_YOY":107.958245768,"GROSS_PROFIT":30594422.25,"GROSS_PROFIT_YOY":28.127005207699,"HOLDER_PROFIT":-28128909.48,"HOLDER_PROFIT_YOY":-1009.372408073,"GROSS_PROFIT_RATIO":39.72881130064,"EPS_TTM":-0.006493132482,"OPERATE_INCOME_QOQ":63.573786361029,"NET_PROFIT_RATIO":-36.2551083866,"ROE_AVG":-20.990628499954,"GROSS_PROFIT_QOQ":12.541148467281,"ROA":-18.309086911385,"HOLDER_PROFIT_QOQ":-228.676960172983,"ROE_YEARLY":-20.990628499954,"ROIC_YEARLY":-21.521107592452,"TOTAL_ASSETS":141341527.25,"TOTAL_LIABILITIES":16116055.55,"TAX_EBT":null,"OCF_SALES":-16.963175195451,"TOTAL_PARENT_EQUITY":124687557.19,"DEBT_ASSET_RATIO":11.4022084405,"OPERATE_PROFIT":-26171379.57,"PRETAX_PROFIT":-27919387.93,"NETCASH_OPERATE":-13063027.25,"NETCASH_INVEST":-1593218.97,"NETCASH_FINANCE":-5515975.5,"END_CASH":12410517.28,"DIVI_RATIO":null,"DIVIDEND_RATE":null,"CURRENT_RATIO":7.624630359783,"COMMON_ACS":6000000000,"CURRENTDEBT_DEBT":86.134253117538,"ISSUED_COMMON_SHARES":608046880,"HK_COMMON_SHARES":608046880,"PER_SHARES":4000,"TOTAL_MARKET_CAP":997196883.2,"HKSK_MARKET_CAP":997196883.2,"PE_TTM":-36.185386573772,"PB_TTM":9.53069753608,"REPORT_DATE_SQ":"2020-12-31 00:00:00","REPORT_TYPE_SQ":"2020年年报","OPERATE_INCOME_SQ":36029896.08,"DPS_HKD":null,"OPERATE_INCOME_QOQ_SQ":-49.088090206096,"NET_PROFIT_RATIO_SQ":8.6834022309,"HOLDER_PROFIT_SQ":3009633.36,"HOLDER_PROFIT_QOQ_SQ":35.521364230003,"ROE_AVG_SQ":2.62615261744,"PE_TTM_SQ":-31.74345156792,"PB_TTM_SQ":8.117606723532,"ROA_SQ":2.099867052929,"START_DATE":"2021-07-01 00:00:00","FISCAL_YEAR":"6-30","CURRENCY":"HKD","IS_CNY_CODE":0,"DPS_HKD_LY":null,"ORG_TYPE":"一般企业","PREMIUM_INCOME":null,"PREMIUM_INCOME_YOY":null,"NET_INTEREST_INCOME":null,"NET_INTEREST_INCOME_YOY":null,"FEE_COMMISSION_INCOME":null,"FEE_COMMISSION_INCOME_YOY":null,"ACCOUNTS_RECE_TDAYS":2.490713208956,"INVENTORY_TDAYS":105.589494163424,"CURRENT_ASSETS_TDAYS":0.68203456072,"TOTAL_ASSETS_TDAYS":0.501245487716,"PREMIUM_EXPENSE":null,"LOAN_DEPOSIT":null,"LOAN_EQUITY":null,"LOAN_ASSETS":null,"DEPOSIT_EQUITY":null,"DEPOSIT_ASSETS":null,"EQUITY_MULTIPLIER":1.128696305402,"EQUITY_RATIO":0.12925151405},{"SECUCODE":"01082.HK","SECURITY_CODE":"01082","SECURITY_NAME_ABBR":"源宇宙教育","ORG_CODE":"10160375","STD_REPORT_DATE":"2021-06-30 00:00:00","REPORT_DATE":"2021-12-31 00:00:00","DATE_TYPE_CODE":"002","REPORT_TYPE":"2021年中报","PER_NETCASH_OPERATE":-0.016285353971,"PER_OI":0.057667699566,"BPS":0.219203442998,"BASIC_EPS":-0.008176,"DILUTED_EPS":-0.008176,"OPERATE_INCOME":34394796.8,"OPERATE_INCOME_YOY":208.1678997876,"GROSS_PROFIT":16007790.4,"GROSS_PROFIT_YOY":39.328690331355,"HOLDER_PROFIT":-3741337.6,"HOLDER_PROFIT_YOY":-222.6152197213,"GROSS_PROFIT_RATIO":46.541314062946,"EPS_TTM":0.005046072329,"OPERATE_INCOME_QOQ":15.216987121229,"NET_PROFIT_RATIO":-11.3150137872,"ROE_AVG":-2.768157717238,"GROSS_PROFIT_QOQ":15.216987121229,"ROA":-2.436732031364,"HOLDER_PROFIT_QOQ":104.767023020232,"ROE_YEARLY":-5.536315434476,"ROIC_YEARLY":-5.802798683718,"TOTAL_ASSETS":148445908.8,"TOTAL_LIABILITIES":14996419.2,"TAX_EBT":null,"OCF_SALES":-28.239992393268,"TOTAL_PARENT_EQUITY":133285969.6,"DEBT_ASSET_RATIO":10.1022785479,"OPERATE_PROFIT":-3017761.6,"PRETAX_PROFIT":-3891776,"NETCASH_OPERATE":-9713088,"NETCASH_INVEST":-684331.2,"NETCASH_FINANCE":-3202539.2,"END_CASH":17551419.2,"DIVI_RATIO":null,"DIVIDEND_RATE":null,"CURRENT_RATIO":8.666733147188,"COMMON_ACS":6000000000,"CURRENTDEBT_DEBT":82.00850507033,"ISSUED_COMMON_SHARES":608046880,"HK_COMMON_SHARES":608046880,"PER_SHARES":4000,"TOTAL_MARKET_CAP":997196883.2,"HKSK_MARKET_CAP":997196883.2,"PE_TTM":-36.185386573772,"PB_TTM":9.53069753608,"REPORT_DATE_SQ":"2020-06-30 00:00:00","REPORT_TYPE_SQ":"2020年中报","OPERATE_INCOME_SQ":11489227.64,"DPS_HKD":null,"OPERATE_INCOME_QOQ_SQ":-29.776845773575,"NET_PROFIT_RATIO_SQ":27.2654018021,"HOLDER_PROFIT_SQ":3141000.48,"HOLDER_PROFIT_QOQ_SQ":-62.886302514152,"ROE_AVG_SQ":2.999023629767,"PE_TTM_SQ":-31.74345156792,"PB_TTM_SQ":8.117606723532,"ROA_SQ":2.381165060933,"START_DATE":"2021-07-01 00:00:00","FISCAL_YEAR":"6-30","CURRENCY":"HKD","IS_CNY_CODE":0,"DPS_HKD_LY":null,"ORG_TYPE":"一般企业","PREMIUM_INCOME":null,"PREMIUM_INCOME_YOY":null,"NET_INTEREST_INCOME":null,"NET_INTEREST_INCOME_YOY":null,"FEE_COMMISSION_INCOME":null,"FEE_COMMISSION_INCOME_YOY":null,"ACCOUNTS_RECE_TDAYS":1.047379559318,"INVENTORY_TDAYS":51.580275229358,"CURRENT_ASSETS_TDAYS":0.310856095678,"TOTAL_ASSETS_TDAYS":0.224013206065,"PREMIUM_EXPENSE":null,"LOAN_DEPOSIT":null,"LOAN_EQUITY":null,"LOAN_ASSETS":null,"DEPOSIT_EQUITY":null,"DEPOSIT_ASSETS":null,"EQUITY_MULTIPLIER":1.112375245832,"EQUITY_RATIO":0.112513111808},{"SECUCODE":"01082.HK","SECURITY_CODE":"01082","SECURITY_NAME_ABBR":"源宇宙教育","ORG_CODE":"10160375","STD_REPORT_DATE":"2020-12-31 00:00:00","REPORT_DATE":"2021-06-30 00:00:00","DATE_TYPE_CODE":"001","REPORT_TYPE":"2020年年报","PER_NETCASH_OPERATE":-0.000581756196,"PER_OI":0.060409172778,"BPS":0.229346263038,"BASIC_EPS":0.0083208,"DILUTED_EPS":0.0083208,"OPERATE_INCOME":36029896.08,"OPERATE_INCOME_YOY":-35.6051931056,"GROSS_PROFIT":23878199.76,"GROSS_PROFIT_YOY":-61.124635461277,"HOLDER_PROFIT":3009633.36,"HOLDER_PROFIT_YOY":103.3742560218,"GROSS_PROFIT_RATIO":null,"EPS_TTM":-0.108651876515,"OPERATE_INCOME_QOQ":-49.088090206096,"NET_PROFIT_RATIO":8.6834022309,"ROE_AVG":2.62615261744,"GROSS_PROFIT_QOQ":-49.088090206096,"ROA":2.099867052929,"HOLDER_PROFIT_QOQ":35.521364230003,"ROE_YEARLY":2.62615261744,"ROIC_YEARLY":2.40738522157,"TOTAL_ASSETS":161441825.76,"TOTAL_LIABILITIES":21669027.36,"TAX_EBT":1.699346405229,"OCF_SALES":-0.963026258054,"TOTAL_PARENT_EQUITY":139453279.68,"DEBT_ASSET_RATIO":13.4221892363,"OPERATE_PROFIT":5064038.88,"PRETAX_PROFIT":3182706,"NETCASH_OPERATE":-457644,"NETCASH_INVEST":18435564.48,"NETCASH_FINANCE":9198644.4,"END_CASH":31702248,"DIVI_RATIO":null,"DIVIDEND_RATE":null,"CURRENT_RATIO":6.270963704631,"COMMON_ACS":6000000000,"CURRENTDEBT_DEBT":85.907380385531,"ISSUED_COMMON_SHARES":608046880,"HK_COMMON_SHARES":608046880,"PER_SHARES":4000,"TOTAL_MARKET_CAP":997196883.2,"HKSK_MARKET_CAP":997196883.2,"PE_TTM":-36.185386573772,"PB_TTM":9.53069753608,"REPORT_DATE_SQ":"2019-12-31 00:00:00","REPORT_TYPE_SQ":"2019年年报","OPERATE_INCOME_SQ":61422445.92,"DPS_HKD":null,"OPERATE_INCOME_QOQ_SQ":-8.726530629912,"NET_PROFIT_RATIO_SQ":-159.432208557,"HOLDER_PROFIT_SQ":-97915287.36,"HOLDER_PROFIT_QOQ_SQ":11.753606430062,"ROE_AVG_SQ":-65.778726877207,"PE_TTM_SQ":-31.74345156792,"PB_TTM_SQ":8.117606723532,"ROA_SQ":-53.005852232972,"START_DATE":"2020-07-01 00:00:00","FISCAL_YEAR":"6-30","CURRENCY":"HKD","IS_CNY_CODE":0,"DPS_HKD_LY":null,"ORG_TYPE":"一般企业","PREMIUM_INCOME":null,"PREMIUM_INCOME_YOY":null,"NET_INTEREST_INCOME":null,"NET_INTEREST_INCOME_YOY":null,"FEE_COMMISSION_INCOME":null,"FEE_COMMISSION_INCOME_YOY":null,"ACCOUNTS_RECE_TDAYS":1.544588713705,"INVENTORY_TDAYS":null,"CURRENT_ASSETS_TDAYS":0.33806060748,"TOTAL_ASSETS_TDAYS":0.25138607481,"PREMIUM_EXPENSE":null,"LOAN_DEPOSIT":null,"LOAN_EQUITY":null,"LOAN_ASSETS":null,"DEPOSIT_EQUITY":null,"DEPOSIT_ASSETS":null,"EQUITY_MULTIPLIER":1.155030360758,"EQUITY_RATIO":0.155385570061},{"SECUCODE":"01082.HK","SECURITY_CODE":"01082","SECURITY_NAME_ABBR":"源宇宙教育","ORG_CODE":"10160375","STD_REPORT_DATE":"2020-06-30 00:00:00","REPORT_DATE":"2020-12-31 00:00:00","DATE_TYPE_CODE":"002","REPORT_TYPE":"2020年中报","PER_NETCASH_OPERATE":-0.034720295121,"PER_OI":0.019772506308,"BPS":0.195191442936,"BASIC_EPS":0.0084164,"DILUTED_EPS":0.0084164,"OPERATE_INCOME":11489227.64,"OPERATE_INCOME_YOY":-70.6335377003,"GROSS_PROFIT":11489227.64,"GROSS_PROFIT_YOY":-72.408415760688,"HOLDER_PROFIT":3141000.48,"HOLDER_PROFIT_YOY":110.5659522664,"GROSS_PROFIT_RATIO":null,"EPS_TTM":-0.178817557574,"OPERATE_INCOME_QOQ":-29.776845773575,"NET_PROFIT_RATIO":27.2654018021,"ROE_AVG":2.999023629767,"GROSS_PROFIT_QOQ":-29.776845773575,"ROA":2.381165060933,"HOLDER_PROFIT_QOQ":-62.886302514152,"ROE_YEARLY":5.998047259534,"ROIC_YEARLY":5.155835543767,"TOTAL_ASSETS":137173853.76,"TOTAL_LIABILITIES":18425182.88,"TAX_EBT":-0.431732325958,"OCF_SALES":-175.598857226577,"TOTAL_PARENT_EQUITY":118685547.88,"DEBT_ASSET_RATIO":13.4319933245,"OPERATE_PROFIT":4055863.16,"PRETAX_PROFIT":3119117.84,"NETCASH_OPERATE":-20174952.44,"NETCASH_INVEST":19207066.44,"NETCASH_FINANCE":11814942.32,"END_CASH":15424736.28,"DIVI_RATIO":null,"DIVIDEND_RATE":null,"CURRENT_RATIO":7.770048309179,"COMMON_ACS":6000000000,"CURRENTDEBT_DEBT":75.644070893477,"ISSUED_COMMON_SHARES":608046880,"HK_COMMON_SHARES":608046880,"PER_SHARES":4000,"TOTAL_MARKET_CAP":997196883.2,"HKSK_MARKET_CAP":997196883.2,"PE_TTM":-36.185386573772,"PB_TTM":9.53069753608,"REPORT_DATE_SQ":"2019-06-30 00:00:00","REPORT_TYPE_SQ":"2019年中报","OPERATE_INCOME_SQ":41640333.3,"DPS_HKD":null,"OPERATE_INCOME_QOQ_SQ":-1.773334671209,"NET_PROFIT_RATIO_SQ":-75.9901043347,"HOLDER_PROFIT_SQ":-31639845.38,"HOLDER_PROFIT_QOQ_SQ":-32.996889089345,"ROE_AVG_SQ":-17.625645286446,"PE_TTM_SQ":-31.74345156792,"PB_TTM_SQ":8.117606723532,"ROA_SQ":-13.925697546513,"START_DATE":"2020-07-01 00:00:00","FISCAL_YEAR":"6-30","CURRENCY":"HKD","IS_CNY_CODE":0,"DPS_HKD_LY":null,"ORG_TYPE":"一般企业","PREMIUM_INCOME":null,"PREMIUM_INCOME_YOY":null,"NET_INTEREST_INCOME":null,"NET_INTEREST_INCOME_YOY":null,"FEE_COMMISSION_INCOME":null,"FEE_COMMISSION_INCOME_YOY":null,"ACCOUNTS_RECE_TDAYS":1.493218114198,"INVENTORY_TDAYS":null,"CURRENT_ASSETS_TDAYS":0.111641334527,"TOTAL_ASSETS_TDAYS":0.087098832387,"PREMIUM_EXPENSE":null,"LOAN_DEPOSIT":null,"LOAN_EQUITY":null,"LOAN_ASSETS":null,"DEPOSIT_EQUITY":null,"DEPOSIT_ASSETS":null,"EQUITY_MULTIPLIER":1.155161171434,"EQUITY_RATIO":0.155243694023},{"SECUCODE":"01082.HK","SECURITY_CODE":"01082","SECURITY_NAME_ABBR":"源宇宙教育","ORG_CODE":"10160375","STD_REPORT_DATE":"2019-12-31 00:00:00","REPORT_DATE":"2020-06-30 00:00:00","DATE_TYPE_CODE":"001","REPORT_TYPE":"2019年年报","PER_NETCASH_OPERATE":-0.035648741584,"PER_OI":0.112172593838,"BPS":0.162038973311,"BASIC_EPS":-0.182688,"DILUTED_EPS":-0.182688,"OPERATE_INCOME":61422445.92,"OPERATE_INCOME_YOY":-38.2751973563,"GROSS_PROFIT":61422445.92,"GROSS_PROFIT_YOY":-35.904890836434,"HOLDER_PROFIT":-97915287.36,"HOLDER_PROFIT_YOY":-38.425579173,"GROSS_PROFIT_RATIO":null,"EPS_TTM":-0.109780598377,"OPERATE_INCOME_QOQ":-8.726530629912,"NET_PROFIT_RATIO":-159.432208557,"ROE_AVG":-65.778726877207,"GROSS_PROFIT_QOQ":-8.726530629912,"ROA":-53.005852232972,"HOLDER_PROFIT_QOQ":11.753606430062,"ROE_YEARLY":-65.778726877207,"ROIC_YEARLY":-54.690537293177,"TOTAL_ASSETS":137450797.44,"TOTAL_LIABILITIES":38845862.88,"TAX_EBT":0.049412642178,"OCF_SALES":-31.78025965528,"TOTAL_PARENT_EQUITY":98527292.16,"DEBT_ASSET_RATIO":28.2616496983,"OPERATE_PROFIT":-95925815.04,"PRETAX_PROFIT":-97975574.4,"NETCASH_OPERATE":-19520212.8,"NETCASH_INVEST":19557663.84,"NETCASH_FINANCE":-1310786.4,"END_CASH":4966373.28,"DIVI_RATIO":null,"DIVIDEND_RATE":null,"CURRENT_RATIO":2.993051968179,"COMMON_ACS":6000000000,"CURRENTDEBT_DEBT":91.038634279399,"ISSUED_COMMON_SHARES":608046880,"HK_COMMON_SHARES":608046880,"PER_SHARES":4000,"TOTAL_MARKET_CAP":997196883.2,"HKSK_MARKET_CAP":997196883.2,"PE_TTM":-36.185386573772,"PB_TTM":9.53069753608,"REPORT_DATE_SQ":"2018-12-31 00:00:00","REPORT_TYPE_SQ":"2018年年报","OPERATE_INCOME_SQ":95830160.4,"DPS_HKD":null,"OPERATE_INCOME_QOQ_SQ":6.135253873281,"NET_PROFIT_RATIO_SQ":-70.5250596659,"HOLDER_PROFIT_SQ":-68119111.08,"HOLDER_PROFIT_QOQ_SQ":-636.724427018281,"ROE_AVG_SQ":-30.558082178267,"PE_TTM_SQ":-31.74345156792,"PB_TTM_SQ":8.117606723532,"ROA_SQ":-27.168987820303,"START_DATE":"2019-07-01 00:00:00","FISCAL_YEAR":"6-30","CURRENCY":"HKD","IS_CNY_CODE":0,"DPS_HKD_LY":null,"ORG_TYPE":"一般企业","PREMIUM_INCOME":null,"PREMIUM_INCOME_YOY":null,"NET_INTEREST_INCOME":null,"NET_INTEREST_INCOME_YOY":null,"FEE_COMMISSION_INCOME":null,"FEE_COMMISSION_INCOME_YOY":null,"ACCOUNTS_RECE_TDAYS":3.476258174581,"INVENTORY_TDAYS":null,"CURRENT_ASSETS_TDAYS":0.44924205477,"TOTAL_ASSETS_TDAYS":0.332506718818,"PREMIUM_EXPENSE":null,"LOAN_DEPOSIT":null,"LOAN_EQUITY":null,"LOAN_ASSETS":null,"DEPOSIT_EQUITY":null,"DEPOSIT_ASSETS":null,"EQUITY_MULTIPLIER":1.393954552613,"EQUITY_RATIO":0.394265000371}],"count":32},"success":true,"message":"ok","code":0}