{"version":"5de4585c2006df1e67e5386ab9c86da0","result":{"pages":3,"data":[{"SECUCODE":"01084.HK","SECURITY_CODE":"01084","SECURITY_NAME_ABBR":"绿新亲水胶体","ORG_CODE":"10981422","STD_REPORT_DATE":"2024-06-30 00:00:00","REPORT_DATE":"2024-06-30 00:00:00","DATE_TYPE_CODE":"002","REPORT_TYPE":"2024年中报","PER_NETCASH_OPERATE":0.054417829569,"PER_OI":0.550298518199,"BPS":0.880055369972,"BASIC_EPS":0.028,"DILUTED_EPS":0.028,"OPERATE_INCOME":459015000,"OPERATE_INCOME_YOY":-21.2499742655,"GROSS_PROFIT":98847000,"GROSS_PROFIT_YOY":-6.873745795766,"HOLDER_PROFIT":23086000,"HOLDER_PROFIT_YOY":-7.685540627,"GROSS_PROFIT_RATIO":21.534590372864,"EPS_TTM":-0.104600057546,"OPERATE_INCOME_QOQ":-10.550421596077,"NET_PROFIT_RATIO":4.9288149625,"ROE_AVG":3.048628704729,"GROSS_PROFIT_QOQ":-19.38311947079,"ROA":1.512426285924,"HOLDER_PROFIT_QOQ":-2.252510928545,"ROE_YEARLY":6.097257409458,"ROIC_YEARLY":3.185827030264,"TOTAL_ASSETS":1509240000,"TOTAL_LIABILITIES":731736000,"TAX_EBT":24.56403587743,"OCF_SALES":9.88878359095,"TOTAL_PARENT_EQUITY":769274000,"DEBT_ASSET_RATIO":48.4837401606,"OPERATE_PROFIT":46397000,"PRETAX_PROFIT":29991000,"NETCASH_OPERATE":45391000,"NETCASH_INVEST":-20590000,"NETCASH_FINANCE":-33129000,"END_CASH":64556000,"DIVI_RATIO":null,"DIVIDEND_RATE":null,"CURRENT_RATIO":1.50993682344,"COMMON_ACS":50000000000,"CURRENTDEBT_DEBT":88.170597045929,"ISSUED_COMMON_SHARES":874120000,"HK_COMMON_SHARES":874120000,"PER_SHARES":2000,"TOTAL_MARKET_CAP":611884000,"HKSK_MARKET_CAP":611884000,"PE_TTM":-6.374685171329,"PB_TTM":0.725949777479,"REPORT_DATE_SQ":"2023-06-30 00:00:00","REPORT_TYPE_SQ":"2023年中报","OPERATE_INCOME_SQ":582876000,"DPS_HKD":null,"OPERATE_INCOME_QOQ_SQ":-4.173393768272,"NET_PROFIT_RATIO_SQ":4.3089782389,"HOLDER_PROFIT_SQ":25008000,"HOLDER_PROFIT_QOQ_SQ":-38.291366887966,"ROE_AVG_SQ":2.914371119664,"PE_TTM_SQ":5.141329151998,"PB_TTM_SQ":0.746049102571,"ROA_SQ":1.347468243598,"START_DATE":"2024-01-01 00:00:00","FISCAL_YEAR":"12-31","CURRENCY":"HKD","IS_CNY_CODE":0,"DPS_HKD_LY":null,"ORG_TYPE":"一般企业","PREMIUM_INCOME":null,"PREMIUM_INCOME_YOY":null,"NET_INTEREST_INCOME":null,"NET_INTEREST_INCOME_YOY":null,"FEE_COMMISSION_INCOME":null,"FEE_COMMISSION_INCOME_YOY":null,"ACCOUNTS_RECE_TDAYS":3.59511268626,"INVENTORY_TDAYS":0.464319808377,"CURRENT_ASSETS_TDAYS":0.465801967568,"TOTAL_ASSETS_TDAYS":0.30071313854,"PREMIUM_EXPENSE":null,"LOAN_DEPOSIT":null,"LOAN_EQUITY":null,"LOAN_ASSETS":null,"DEPOSIT_EQUITY":null,"DEPOSIT_ASSETS":null,"EQUITY_MULTIPLIER":1.941134707988,"EQUITY_RATIO":0.951203342372},{"SECUCODE":"01084.HK","SECURITY_CODE":"01084","SECURITY_NAME_ABBR":"绿新亲水胶体","ORG_CODE":"10981422","STD_REPORT_DATE":"2023-12-31 00:00:00","REPORT_DATE":"2023-12-31 00:00:00","DATE_TYPE_CODE":"001","REPORT_TYPE":"2023年年报","PER_NETCASH_OPERATE":0.116334091851,"PER_OI":1.414978883629,"BPS":0.852563721228,"BASIC_EPS":-0.103,"DILUTED_EPS":-0.103,"OPERATE_INCOME":1173991000,"OPERATE_INCOME_YOY":-16.7906901252,"GROSS_PROFIT":37641000,"GROSS_PROFIT_YOY":-90.200769547175,"HOLDER_PROFIT":-85327000,"HOLDER_PROFIT_YOY":-142.8286042695,"GROSS_PROFIT_RATIO":3.206242637294,"EPS_TTM":-0.10284227324,"OPERATE_INCOME_QOQ":-16.566170112286,"NET_PROFIT_RATIO":-7.2780796446,"ROE_AVG":-10.733718811463,"GROSS_PROFIT_QOQ":-87.875117523349,"ROA":-4.96579313628,"HOLDER_PROFIT_QOQ":-166.683888585002,"ROE_YEARLY":-10.733718811463,"ROIC_YEARLY":-5.164847536911,"TOTAL_ASSETS":1543603000,"TOTAL_LIABILITIES":789491000,"TAX_EBT":24.312832732459,"OCF_SALES":8.221613283236,"TOTAL_PARENT_EQUITY":745243000,"DEBT_ASSET_RATIO":51.1459876665,"OPERATE_PROFIT":-72399000,"PRETAX_PROFIT":-112891000,"NETCASH_OPERATE":96521000,"NETCASH_INVEST":-6962000,"NETCASH_FINANCE":-55205000,"END_CASH":72600000,"DIVI_RATIO":null,"DIVIDEND_RATE":null,"CURRENT_RATIO":1.429788332843,"COMMON_ACS":50000000000,"CURRENTDEBT_DEBT":88.295496718772,"ISSUED_COMMON_SHARES":874120000,"HK_COMMON_SHARES":874120000,"PER_SHARES":2000,"TOTAL_MARKET_CAP":629366400,"HKSK_MARKET_CAP":629366400,"PE_TTM":-6.556819033367,"PB_TTM":0.746691199692,"REPORT_DATE_SQ":"2022-12-31 00:00:00","REPORT_TYPE_SQ":"2022年年报","OPERATE_INCOME_SQ":1410889000,"DPS_HKD":null,"OPERATE_INCOME_QOQ_SQ":21.892973604264,"NET_PROFIT_RATIO_SQ":14.1696343512,"HOLDER_PROFIT_SQ":199229000,"HOLDER_PROFIT_QOQ_SQ":26.297750661627,"ROE_AVG_SQ":25.977617214188,"PE_TTM_SQ":4.173549546916,"PB_TTM_SQ":0.605616330322,"ROA_SQ":12.923064418525,"START_DATE":"2023-01-01 00:00:00","FISCAL_YEAR":"12-31","CURRENCY":"HKD","IS_CNY_CODE":0,"DPS_HKD_LY":0.03,"ORG_TYPE":"一般企业","PREMIUM_INCOME":null,"PREMIUM_INCOME_YOY":null,"NET_INTEREST_INCOME":null,"NET_INTEREST_INCOME_YOY":null,"FEE_COMMISSION_INCOME":null,"FEE_COMMISSION_INCOME_YOY":null,"ACCOUNTS_RECE_TDAYS":6.994765801649,"INVENTORY_TDAYS":1.262997728749,"CURRENT_ASSETS_TDAYS":1.026337472664,"TOTAL_ASSETS_TDAYS":0.683229979942,"PREMIUM_EXPENSE":null,"LOAN_DEPOSIT":null,"LOAN_EQUITY":null,"LOAN_ASSETS":null,"DEPOSIT_EQUITY":null,"DEPOSIT_ASSETS":null,"EQUITY_MULTIPLIER":2.046914781888,"EQUITY_RATIO":1.059373922331},{"SECUCODE":"01084.HK","SECURITY_CODE":"01084","SECURITY_NAME_ABBR":"绿新亲水胶体","ORG_CODE":"10981422","STD_REPORT_DATE":"2023-06-30 00:00:00","REPORT_DATE":"2023-06-30 00:00:00","DATE_TYPE_CODE":"002","REPORT_TYPE":"2023年中报","PER_NETCASH_OPERATE":-0.056342866234,"PER_OI":0.702524322396,"BPS":0.997049604173,"BASIC_EPS":0.03,"DILUTED_EPS":0.03,"OPERATE_INCOME":582876000,"OPERATE_INCOME_YOY":-9.513363978,"GROSS_PROFIT":106143000,"GROSS_PROFIT_YOY":-45.684957092636,"HOLDER_PROFIT":25008000,"HOLDER_PROFIT_YOY":-76.0478124282,"GROSS_PROFIT_RATIO":18.210219669364,"EPS_TTM":0.154223569474,"OPERATE_INCOME_QOQ":-4.173393768272,"NET_PROFIT_RATIO":4.3089782389,"ROE_AVG":2.914371119664,"GROSS_PROFIT_QOQ":-22.335009087468,"ROA":1.347468243598,"HOLDER_PROFIT_QOQ":-38.291366887966,"ROE_YEARLY":5.828742239327,"ROIC_YEARLY":2.774020952133,"TOTAL_ASSETS":1818862000,"TOTAL_LIABILITIES":939098000,"TAX_EBT":25.035816618911,"OCF_SALES":-8.020059154949,"TOTAL_PARENT_EQUITY":871541000,"DEBT_ASSET_RATIO":51.6310748149,"OPERATE_PROFIT":52938000,"PRETAX_PROFIT":33504000,"NETCASH_OPERATE":-46747000,"NETCASH_INVEST":-4614000,"NETCASH_FINANCE":58536000,"END_CASH":46620000,"DIVI_RATIO":null,"DIVIDEND_RATE":null,"CURRENT_RATIO":1.55539270533,"COMMON_ACS":50000000000,"CURRENTDEBT_DEBT":88.129034456468,"ISSUED_COMMON_SHARES":874120000,"HK_COMMON_SHARES":874120000,"PER_SHARES":2000,"TOTAL_MARKET_CAP":629366400,"HKSK_MARKET_CAP":629366400,"PE_TTM":-6.556819033367,"PB_TTM":0.746691199692,"REPORT_DATE_SQ":"2022-06-30 00:00:00","REPORT_TYPE_SQ":"2022年中报","OPERATE_INCOME_SQ":644157000,"DPS_HKD":null,"OPERATE_INCOME_QOQ_SQ":26.672602779769,"NET_PROFIT_RATIO_SQ":16.2162926548,"HOLDER_PROFIT_SQ":104408000,"HOLDER_PROFIT_QOQ_SQ":93.789911216143,"ROE_AVG_SQ":14.323797578656,"PE_TTM_SQ":4.173549546916,"PB_TTM_SQ":0.605616330322,"ROA_SQ":7.056061494292,"START_DATE":"2023-01-01 00:00:00","FISCAL_YEAR":"12-31","CURRENCY":"HKD","IS_CNY_CODE":0,"DPS_HKD_LY":0.03,"ORG_TYPE":"一般企业","PREMIUM_INCOME":null,"PREMIUM_INCOME_YOY":null,"NET_INTEREST_INCOME":null,"NET_INTEREST_INCOME_YOY":null,"FEE_COMMISSION_INCOME":null,"FEE_COMMISSION_INCOME_YOY":null,"ACCOUNTS_RECE_TDAYS":3.140546452798,"INVENTORY_TDAYS":0.457525836616,"CURRENT_ASSETS_TDAYS":0.452136976228,"TOTAL_ASSETS_TDAYS":0.314062260059,"PREMIUM_EXPENSE":null,"LOAN_DEPOSIT":null,"LOAN_EQUITY":null,"LOAN_ASSETS":null,"DEPOSIT_EQUITY":null,"DEPOSIT_ASSETS":null,"EQUITY_MULTIPLIER":2.067443087009,"EQUITY_RATIO":1.077514425598},{"SECUCODE":"01084.HK","SECURITY_CODE":"01084","SECURITY_NAME_ABBR":"绿新亲水胶体","ORG_CODE":"10981422","STD_REPORT_DATE":"2022-12-31 00:00:00","REPORT_DATE":"2022-12-31 00:00:00","DATE_TYPE_CODE":"001","REPORT_TYPE":"2022年年报","PER_NETCASH_OPERATE":-0.03483971215,"PER_OI":1.709637979003,"BPS":0.965907202672,"BASIC_EPS":0.242,"DILUTED_EPS":0.24,"OPERATE_INCOME":1410889000,"OPERATE_INCOME_YOY":41.3251646827,"GROSS_PROFIT":384122000,"GROSS_PROFIT_YOY":73.72815946468,"HOLDER_PROFIT":199229000,"HOLDER_PROFIT_YOY":124.0190307078,"GROSS_PROFIT_RATIO":27.222113396982,"EPS_TTM":0.251264389365,"OPERATE_INCOME_QOQ":21.892973604264,"NET_PROFIT_RATIO":14.1696343512,"ROE_AVG":25.977617214188,"GROSS_PROFIT_QOQ":19.696879142978,"ROA":12.923064418525,"HOLDER_PROFIT_QOQ":26.297750661627,"ROE_YEARLY":25.977617214188,"ROIC_YEARLY":13.703897971539,"TOTAL_ASSETS":1691007000,"TOTAL_LIABILITIES":838797000,"TAX_EBT":23.575150331245,"OCF_SALES":-1.958063483914,"TOTAL_PARENT_EQUITY":844644000,"DEBT_ASSET_RATIO":49.6033255361,"OPERATE_PROFIT":289184000,"PRETAX_PROFIT":261589000,"NETCASH_OPERATE":-26196000,"NETCASH_INVEST":-44285000,"NETCASH_FINANCE":-5002000,"END_CASH":37675000,"DIVI_RATIO":null,"DIVIDEND_RATE":null,"CURRENT_RATIO":1.595214030475,"COMMON_ACS":50000000000,"CURRENTDEBT_DEBT":86.191533827613,"ISSUED_COMMON_SHARES":874120000,"HK_COMMON_SHARES":874120000,"PER_SHARES":2000,"TOTAL_MARKET_CAP":629366400,"HKSK_MARKET_CAP":629366400,"PE_TTM":-6.556819033367,"PB_TTM":0.746691199692,"REPORT_DATE_SQ":"2021-12-31 00:00:00","REPORT_TYPE_SQ":"2021年年报","OPERATE_INCOME_SQ":950988169.6,"DPS_HKD":null,"OPERATE_INCOME_QOQ_SQ":25.388494072445,"NET_PROFIT_RATIO_SQ":8.9349918239,"HOLDER_PROFIT_SQ":84721347.2,"HOLDER_PROFIT_QOQ_SQ":58.790920918552,"ROE_AVG_SQ":13.048764439844,"PE_TTM_SQ":4.173549546916,"PB_TTM_SQ":0.605616330322,"ROA_SQ":6.624780432917,"START_DATE":"2022-01-01 00:00:00","FISCAL_YEAR":"12-31","CURRENCY":"HKD","IS_CNY_CODE":0,"DPS_HKD_LY":0.045,"ORG_TYPE":"一般企业","PREMIUM_INCOME":null,"PREMIUM_INCOME_YOY":null,"NET_INTEREST_INCOME":null,"NET_INTEREST_INCOME_YOY":null,"FEE_COMMISSION_INCOME":null,"FEE_COMMISSION_INCOME_YOY":null,"ACCOUNTS_RECE_TDAYS":6.929506006699,"INVENTORY_TDAYS":1.405877054387,"CURRENT_ASSETS_TDAYS":1.41908220797,"TOTAL_ASSETS_TDAYS":0.915129081446,"PREMIUM_EXPENSE":null,"LOAN_DEPOSIT":null,"LOAN_EQUITY":null,"LOAN_ASSETS":null,"DEPOSIT_EQUITY":null,"DEPOSIT_ASSETS":null,"EQUITY_MULTIPLIER":1.984257911137,"EQUITY_RATIO":0.993077556935},{"SECUCODE":"01084.HK","SECURITY_CODE":"01084","SECURITY_NAME_ABBR":"绿新亲水胶体","ORG_CODE":"10981422","STD_REPORT_DATE":"2022-06-30 00:00:00","REPORT_DATE":"2022-06-30 00:00:00","DATE_TYPE_CODE":"002","REPORT_TYPE":"2022年中报","PER_NETCASH_OPERATE":-0.048619827569,"PER_OI":0.780554155317,"BPS":0.898559986615,"BASIC_EPS":0.127,"DILUTED_EPS":0.126,"OPERATE_INCOME":644157000,"OPERATE_INCOME_YOY":57.262137257,"GROSS_PROFIT":195421000,"GROSS_PROFIT_YOY":119.641653331513,"HOLDER_PROFIT":104408000,"HOLDER_PROFIT_YOY":269.8879305287,"GROSS_PROFIT_RATIO":30.337381985725,"EPS_TTM":0.198946052522,"OPERATE_INCOME_QOQ":26.672602779769,"NET_PROFIT_RATIO":16.2162926548,"ROE_AVG":14.323797578656,"GROSS_PROFIT_QOQ":51.034627619292,"ROA":7.056061494292,"HOLDER_PROFIT_QOQ":93.789911216143,"ROE_YEARLY":28.647595157311,"ROIC_YEARLY":15.162721448733,"TOTAL_ASSETS":1602724406.85,"TOTAL_LIABILITIES":810369492.1,"TAX_EBT":24.20878498977,"OCF_SALES":-6.031583602444,"TOTAL_PARENT_EQUITY":785449255.5,"DEBT_ASSET_RATIO":50.5619985967,"OPERATE_PROFIT":149061000,"PRETAX_PROFIT":137826000,"NETCASH_OPERATE":-36984000,"NETCASH_INVEST":-33331000,"NETCASH_FINANCE":28154000,"END_CASH":70269000,"DIVI_RATIO":null,"DIVIDEND_RATE":null,"CURRENT_RATIO":1.593921377287,"COMMON_ACS":50000000000,"CURRENTDEBT_DEBT":81.648708829768,"ISSUED_COMMON_SHARES":874120000,"HK_COMMON_SHARES":874120000,"PER_SHARES":2000,"TOTAL_MARKET_CAP":629366400,"HKSK_MARKET_CAP":629366400,"PE_TTM":-6.556819033367,"PB_TTM":0.746691199692,"REPORT_DATE_SQ":"2021-06-30 00:00:00","REPORT_TYPE_SQ":"2021年中报","OPERATE_INCOME_SQ":411575058.72,"DPS_HKD":null,"OPERATE_INCOME_QOQ_SQ":2.733185778258,"NET_PROFIT_RATIO_SQ":6.8062446172,"HOLDER_PROFIT_SQ":28362278.88,"HOLDER_PROFIT_QOQ_SQ":-7.995516896108,"ROE_AVG_SQ":4.446728876864,"PE_TTM_SQ":4.173549546916,"PB_TTM_SQ":0.605616330322,"ROA_SQ":2.267085950532,"START_DATE":"2022-01-01 00:00:00","FISCAL_YEAR":"12-31","CURRENCY":"HKD","IS_CNY_CODE":0,"DPS_HKD_LY":0.045,"ORG_TYPE":"一般企业","PREMIUM_INCOME":null,"PREMIUM_INCOME_YOY":null,"NET_INTEREST_INCOME":null,"NET_INTEREST_INCOME_YOY":null,"FEE_COMMISSION_INCOME":null,"FEE_COMMISSION_INCOME_YOY":null,"ACCOUNTS_RECE_TDAYS":2.845650065933,"INVENTORY_TDAYS":0.685502555679,"CURRENT_ASSETS_TDAYS":0.688718127158,"TOTAL_ASSETS_TDAYS":0.435335712777,"PREMIUM_EXPENSE":null,"LOAN_DEPOSIT":null,"LOAN_EQUITY":null,"LOAN_ASSETS":null,"DEPOSIT_EQUITY":null,"DEPOSIT_ASSETS":null,"EQUITY_MULTIPLIER":2.022735490139,"EQUITY_RATIO":1.031727366759},{"SECUCODE":"01084.HK","SECURITY_CODE":"01084","SECURITY_NAME_ABBR":"绿新亲水胶体","ORG_CODE":"10981422","STD_REPORT_DATE":"2021-12-31 00:00:00","REPORT_DATE":"2021-12-31 00:00:00","DATE_TYPE_CODE":"001","REPORT_TYPE":"2021年年报","PER_NETCASH_OPERATE":0.060872962779,"PER_OI":1.158577441205,"BPS":0.787535344346,"BASIC_EPS":0.1038352,"DILUTED_EPS":0.1005648,"OPERATE_INCOME":950988169.6,"OPERATE_INCOME_YOY":32.6031763766,"GROSS_PROFIT":221105203.2,"GROSS_PROFIT_YOY":37.631864884214,"HOLDER_PROFIT":84721347.2,"HOLDER_PROFIT_YOY":50.3904095672,"GROSS_PROFIT_RATIO":23.25004771542,"EPS_TTM":0.103214997612,"OPERATE_INCOME_QOQ":25.388494072445,"NET_PROFIT_RATIO":8.9349918239,"ROE_AVG":13.048764439844,"GROSS_PROFIT_QOQ":36.870801572572,"ROA":6.624780432917,"HOLDER_PROFIT_QOQ":58.790920918552,"ROE_YEARLY":13.048764439844,"ROIC_YEARLY":7.415085421753,"TOTAL_ASSETS":1389552080,"TOTAL_LIABILITIES":684890438.4,"TAX_EBT":24.486474311,"OCF_SALES":5.254112553368,"TOTAL_PARENT_EQUITY":688400395.2,"DEBT_ASSET_RATIO":49.2885763879,"OPERATE_PROFIT":130863420.8,"PRETAX_PROFIT":112523835.2,"NETCASH_OPERATE":49965988.8,"NETCASH_INVEST":-112146921.6,"NETCASH_FINANCE":81315225.6,"END_CASH":109421043.2,"DIVI_RATIO":null,"DIVIDEND_RATE":null,"CURRENT_RATIO":1.458519139981,"COMMON_ACS":50000000000,"CURRENTDEBT_DEBT":83.950511171277,"ISSUED_COMMON_SHARES":874120000,"HK_COMMON_SHARES":874120000,"PER_SHARES":2000,"TOTAL_MARKET_CAP":629366400,"HKSK_MARKET_CAP":629366400,"PE_TTM":-6.556819033367,"PB_TTM":0.746691199692,"REPORT_DATE_SQ":"2020-12-31 00:00:00","REPORT_TYPE_SQ":"2020年年报","OPERATE_INCOME_SQ":738255467.32,"DPS_HKD":null,"OPERATE_INCOME_QOQ_SQ":-18.573338934415,"NET_PROFIT_RATIO_SQ":7.6332449043,"HOLDER_PROFIT_SQ":57990679.28,"HOLDER_PROFIT_QOQ_SQ":-31.229045862322,"ROE_AVG_SQ":9.516693093485,"PE_TTM_SQ":4.173549546916,"PB_TTM_SQ":0.605616330322,"ROA_SQ":5.218324496899,"START_DATE":"2021-01-01 00:00:00","FISCAL_YEAR":"12-31","CURRENCY":"HKD","IS_CNY_CODE":0,"DPS_HKD_LY":0.04,"ORG_TYPE":"一般企业","PREMIUM_INCOME":null,"PREMIUM_INCOME_YOY":null,"NET_INTEREST_INCOME":null,"NET_INTEREST_INCOME_YOY":null,"FEE_COMMISSION_INCOME":null,"FEE_COMMISSION_INCOME_YOY":null,"ACCOUNTS_RECE_TDAYS":5.871109237886,"INVENTORY_TDAYS":1.49673479858,"CURRENT_ASSETS_TDAYS":1.221886995418,"TOTAL_ASSETS_TDAYS":0.743624603021,"PREMIUM_EXPENSE":null,"LOAN_DEPOSIT":null,"LOAN_EQUITY":null,"LOAN_ASSETS":null,"DEPOSIT_EQUITY":null,"DEPOSIT_ASSETS":null,"EQUITY_MULTIPLIER":1.97194227409,"EQUITY_RATIO":0.994901285902},{"SECUCODE":"01084.HK","SECURITY_CODE":"01084","SECURITY_NAME_ABBR":"绿新亲水胶体","ORG_CODE":"10981422","STD_REPORT_DATE":"2021-06-30 00:00:00","REPORT_DATE":"2021-06-30 00:00:00","DATE_TYPE_CODE":"002","REPORT_TYPE":"2021年中报","PER_NETCASH_OPERATE":-0.015981186223,"PER_OI":0.50141694044,"BPS":0.748990036334,"BASIC_EPS":0.03494736,"DILUTED_EPS":0.03411528,"OPERATE_INCOME":411575058.72,"OPERATE_INCOME_YOY":15.4373411562,"GROSS_PROFIT":88972650.24,"GROSS_PROFIT_YOY":1.014181693451,"HOLDER_PROFIT":28362278.88,"HOLDER_PROFIT_YOY":-5.6469025079,"GROSS_PROFIT_RATIO":21.617600084103,"EPS_TTM":0.065000566163,"OPERATE_INCOME_QOQ":2.733185778258,"NET_PROFIT_RATIO":6.8062446172,"ROE_AVG":4.446728876864,"GROSS_PROFIT_QOQ":0.556045046057,"ROA":2.267085950532,"HOLDER_PROFIT_QOQ":-7.995516896108,"ROE_YEARLY":8.893457753727,"ROIC_YEARLY":5.055409878858,"TOTAL_ASSETS":1313244405.36,"TOTAL_LIABILITIES":645177358.32,"TAX_EBT":23.236883507764,"OCF_SALES":-3.187205084972,"TOTAL_PARENT_EQUITY":654707170.56,"DEBT_ASSET_RATIO":49.12850614,"OPERATE_PROFIT":45498134.4,"PRETAX_PROFIT":36492532.56,"NETCASH_OPERATE":-13117741.2,"NETCASH_INVEST":-73278789.36,"NETCASH_FINANCE":91652779.92,"END_CASH":95095926.96,"DIVI_RATIO":null,"DIVIDEND_RATE":null,"CURRENT_RATIO":1.3126628692,"COMMON_ACS":50000000000,"CURRENTDEBT_DEBT":89.72734623971,"ISSUED_COMMON_SHARES":874120000,"HK_COMMON_SHARES":874120000,"PER_SHARES":2000,"TOTAL_MARKET_CAP":629366400,"HKSK_MARKET_CAP":629366400,"PE_TTM":-6.556819033367,"PB_TTM":0.746691199692,"REPORT_DATE_SQ":"2020-06-30 00:00:00","REPORT_TYPE_SQ":"2020年中报","OPERATE_INCOME_SQ":391397165.28,"DPS_HKD":null,"OPERATE_INCOME_QOQ_SQ":1.933717704778,"NET_PROFIT_RATIO_SQ":8.0599878176,"HOLDER_PROFIT_SQ":32998933.44,"HOLDER_PROFIT_QOQ_SQ":0.885383500352,"ROE_AVG_SQ":5.206709659566,"PE_TTM_SQ":4.173549546916,"PB_TTM_SQ":0.605616330322,"ROA_SQ":2.912556783207,"START_DATE":"2021-01-01 00:00:00","FISCAL_YEAR":"12-31","CURRENCY":"HKD","IS_CNY_CODE":0,"DPS_HKD_LY":0.04,"ORG_TYPE":"一般企业","PREMIUM_INCOME":null,"PREMIUM_INCOME_YOY":null,"NET_INTEREST_INCOME":null,"NET_INTEREST_INCOME_YOY":null,"FEE_COMMISSION_INCOME":null,"FEE_COMMISSION_INCOME_YOY":null,"ACCOUNTS_RECE_TDAYS":2.603199831588,"INVENTORY_TDAYS":0.69492196812,"CURRENT_ASSETS_TDAYS":0.552226225258,"TOTAL_ASSETS_TDAYS":0.328984859489,"PREMIUM_EXPENSE":null,"LOAN_DEPOSIT":null,"LOAN_EQUITY":null,"LOAN_ASSETS":null,"DEPOSIT_EQUITY":null,"DEPOSIT_ASSETS":null,"EQUITY_MULTIPLIER":1.965737437851,"EQUITY_RATIO":0.985444160888},{"SECUCODE":"01084.HK","SECURITY_CODE":"01084","SECURITY_NAME_ABBR":"绿新亲水胶体","ORG_CODE":"10981422","STD_REPORT_DATE":"2020-12-31 00:00:00","REPORT_DATE":"2020-12-31 00:00:00","DATE_TYPE_CODE":"001","REPORT_TYPE":"2020年年报","PER_NETCASH_OPERATE":0.011999982361,"PER_OI":0.904290423375,"BPS":0.718521312863,"BASIC_EPS":0.0715394,"DILUTED_EPS":0.07069776,"OPERATE_INCOME":738255467.32,"OPERATE_INCOME_YOY":-11.6595748966,"GROSS_PROFIT":160649718.28,"GROSS_PROFIT_YOY":-28.758180188899,"HOLDER_PROFIT":57990679.28,"HOLDER_PROFIT_YOY":-26.1571766925,"GROSS_PROFIT_RATIO":21.760721781471,"EPS_TTM":0.071032885281,"OPERATE_INCOME_QOQ":-18.573338934415,"NET_PROFIT_RATIO":7.6332449043,"ROE_AVG":9.516693093485,"GROSS_PROFIT_QOQ":-25.076381023139,"ROA":5.218324496899,"HOLDER_PROFIT_QOQ":-31.229045862322,"ROE_YEARLY":9.516693093485,"ROIC_YEARLY":6.059361551785,"TOTAL_ASSETS":1202505774.6,"TOTAL_LIABILITIES":567820842.4,"TAX_EBT":23.556610989965,"OCF_SALES":1.327005357043,"TOTAL_PARENT_EQUITY":628073850,"DEBT_ASSET_RATIO":47.2198017169,"OPERATE_PROFIT":94303237.08,"PRETAX_PROFIT":73718405.96,"NETCASH_OPERATE":9796689.6,"NETCASH_INVEST":-48520546,"NETCASH_FINANCE":25712943.64,"END_CASH":89922500.88,"DIVI_RATIO":null,"DIVIDEND_RATE":null,"CURRENT_RATIO":1.448334724224,"COMMON_ACS":50000000000,"CURRENTDEBT_DEBT":89.8713426022,"ISSUED_COMMON_SHARES":874120000,"HK_COMMON_SHARES":874120000,"PER_SHARES":2000,"TOTAL_MARKET_CAP":629366400,"HKSK_MARKET_CAP":629366400,"PE_TTM":-6.556819033367,"PB_TTM":0.746691199692,"REPORT_DATE_SQ":"2019-12-31 00:00:00","REPORT_TYPE_SQ":"2019年年报","OPERATE_INCOME_SQ":889451314.3,"DPS_HKD":null,"OPERATE_INCOME_QOQ_SQ":1.714968435914,"NET_PROFIT_RATIO_SQ":9.4558052642,"HOLDER_PROFIT_SQ":83584336.02,"HOLDER_PROFIT_QOQ_SQ":-11.44915846359,"ROE_AVG_SQ":16.833163003447,"PE_TTM_SQ":4.173549546916,"PB_TTM_SQ":0.605616330322,"ROA_SQ":8.723182074421,"START_DATE":"2020-01-01 00:00:00","FISCAL_YEAR":"12-31","CURRENCY":"HKD","IS_CNY_CODE":0,"DPS_HKD_LY":0.075,"ORG_TYPE":"一般企业","PREMIUM_INCOME":null,"PREMIUM_INCOME_YOY":null,"NET_INTEREST_INCOME":null,"NET_INTEREST_INCOME_YOY":null,"FEE_COMMISSION_INCOME":null,"FEE_COMMISSION_INCOME_YOY":null,"ACCOUNTS_RECE_TDAYS":4.230818947846,"INVENTORY_TDAYS":1.657988002715,"CURRENT_ASSETS_TDAYS":1.093677177067,"TOTAL_ASSETS_TDAYS":0.66432341161,"PREMIUM_EXPENSE":null,"LOAN_DEPOSIT":null,"LOAN_EQUITY":null,"LOAN_ASSETS":null,"DEPOSIT_EQUITY":null,"DEPOSIT_ASSETS":null,"EQUITY_MULTIPLIER":1.894649949279,"EQUITY_RATIO":0.904067001675},{"SECUCODE":"01084.HK","SECURITY_CODE":"01084","SECURITY_NAME_ABBR":"绿新亲水胶体","ORG_CODE":"10981422","STD_REPORT_DATE":"2020-06-30 00:00:00","REPORT_DATE":"2020-06-30 00:00:00","DATE_TYPE_CODE":"002","REPORT_TYPE":"2020年中报","PER_NETCASH_OPERATE":-0.014706483356,"PER_OI":0.479423077737,"BPS":0.71675028106,"BASIC_EPS":0.0411048,"DILUTED_EPS":0.04019136,"OPERATE_INCOME":391397165.28,"OPERATE_INCOME_YOY":0.728274591,"GROSS_PROFIT":88079365.44,"GROSS_PROFIT_YOY":-11.174995869698,"HOLDER_PROFIT":32998933.44,"HOLDER_PROFIT_YOY":-1.4888743455,"GROSS_PROFIT_RATIO":22.503833255151,"EPS_TTM":0.103289079192,"OPERATE_INCOME_QOQ":1.933717704778,"NET_PROFIT_RATIO":8.0599878176,"ROE_AVG":5.206709659566,"GROSS_PROFIT_QOQ":-4.914070110383,"ROA":2.912556783207,"HOLDER_PROFIT_QOQ":0.885383500352,"ROE_YEARLY":10.413419319133,"ROIC_YEARLY":6.798355078842,"TOTAL_ASSETS":1158882241.44,"TOTAL_LIABILITIES":528145527.36,"TAX_EBT":25.249989177958,"OCF_SALES":-3.067537638248,"TOTAL_PARENT_EQUITY":626525755.68,"DEBT_ASSET_RATIO":45.5737009745,"OPERATE_PROFIT":53111055.36,"PRETAX_PROFIT":42202754.88,"NETCASH_OPERATE":-12006255.36,"NETCASH_INVEST":-17929913.76,"NETCASH_FINANCE":10631528.16,"END_CASH":90140999.52,"DIVI_RATIO":null,"DIVIDEND_RATE":null,"CURRENT_RATIO":1.632815598969,"COMMON_ACS":50000000000,"CURRENTDEBT_DEBT":83.714462619813,"ISSUED_COMMON_SHARES":874120000,"HK_COMMON_SHARES":874120000,"PER_SHARES":2000,"TOTAL_MARKET_CAP":629366400,"HKSK_MARKET_CAP":629366400,"PE_TTM":-6.556819033367,"PB_TTM":0.746691199692,"REPORT_DATE_SQ":"2019-06-30 00:00:00","REPORT_TYPE_SQ":"2019年中报","OPERATE_INCOME_SQ":374197687.74,"DPS_HKD":null,"OPERATE_INCOME_QOQ_SQ":-2.321153637251,"NET_PROFIT_RATIO_SQ":8.7226044867,"HOLDER_PROFIT_SQ":32258891.52,"HOLDER_PROFIT_QOQ_SQ":1.603097763938,"ROE_AVG_SQ":null,"PE_TTM_SQ":4.173549546916,"PB_TTM_SQ":0.605616330322,"ROA_SQ":null,"START_DATE":"2020-01-01 00:00:00","FISCAL_YEAR":"12-31","CURRENCY":"HKD","IS_CNY_CODE":0,"DPS_HKD_LY":0.075,"ORG_TYPE":"一般企业","PREMIUM_INCOME":null,"PREMIUM_INCOME_YOY":null,"NET_INTEREST_INCOME":null,"NET_INTEREST_INCOME_YOY":null,"FEE_COMMISSION_INCOME":null,"FEE_COMMISSION_INCOME_YOY":null,"ACCOUNTS_RECE_TDAYS":2.074681101914,"INVENTORY_TDAYS":0.881598160666,"CURRENT_ASSETS_TDAYS":0.565199039198,"TOTAL_ASSETS_TDAYS":0.345455549567,"PREMIUM_EXPENSE":null,"LOAN_DEPOSIT":null,"LOAN_EQUITY":null,"LOAN_ASSETS":null,"DEPOSIT_EQUITY":null,"DEPOSIT_ASSETS":null,"EQUITY_MULTIPLIER":1.837347050792,"EQUITY_RATIO":0.842974965629}],"count":19},"success":true,"message":"ok","code":0}