{"version":"f77993ec56b468bec31aecaa72d372bd","result":{"pages":4,"data":[{"SECUCODE":"01087.HK","SECURITY_CODE":"01087","SECURITY_NAME_ABBR":"威讯控股","ORG_CODE":"10161041","STD_REPORT_DATE":"2024-06-30 00:00:00","REPORT_DATE":"2024-06-30 00:00:00","DATE_TYPE_CODE":"002","REPORT_TYPE":"2024年中报","PER_NETCASH_OPERATE":-0.173712278876,"PER_OI":1.137121788201,"BPS":1.180461058193,"BASIC_EPS":-0.2094,"DILUTED_EPS":-0.2094,"OPERATE_INCOME":227297000,"OPERATE_INCOME_YOY":-13.1263830975,"GROSS_PROFIT":23338000,"GROSS_PROFIT_YOY":-30.0314795383,"HOLDER_PROFIT":-40467000,"HOLDER_PROFIT_YOY":-74.9319154455,"GROSS_PROFIT_RATIO":10.267623417819,"EPS_TTM":-0.292979068278,"OPERATE_INCOME_QOQ":-6.121805098296,"NET_PROFIT_RATIO":-17.8035785778,"ROE_AVG":-16.096882812609,"GROSS_PROFIT_QOQ":-14.372004935579,"ROA":-5.432183948163,"HOLDER_PROFIT_QOQ":-42.043222003929,"ROE_YEARLY":-32.193765625218,"ROIC_YEARLY":-11.914674361088,"TOTAL_ASSETS":743498000,"TOTAL_LIABILITIES":507538000,"TAX_EBT":3.408521303258,"OCF_SALES":-15.276488471031,"TOTAL_PARENT_EQUITY":235960000,"DEBT_ASSET_RATIO":68.2635326524,"OPERATE_PROFIT":-17830000,"PRETAX_PROFIT":-41895000,"NETCASH_OPERATE":-34723000,"NETCASH_INVEST":1016000,"NETCASH_FINANCE":12883000,"END_CASH":55142000,"DIVI_RATIO":null,"DIVIDEND_RATE":null,"CURRENT_RATIO":0.978464854643,"COMMON_ACS":5000000000,"CURRENTDEBT_DEBT":98.354014871793,"ISSUED_COMMON_SHARES":199888000,"HK_COMMON_SHARES":199888000,"PER_SHARES":2000,"TOTAL_MARKET_CAP":48972560,"HKSK_MARKET_CAP":48972560,"PE_TTM":-0.756407035725,"PB_TTM":0.189423105869,"REPORT_DATE_SQ":"2023-06-30 00:00:00","REPORT_TYPE_SQ":"2023年中报","OPERATE_INCOME_SQ":261641000,"DPS_HKD":null,"OPERATE_INCOME_QOQ_SQ":11.60129985144,"NET_PROFIT_RATIO_SQ":-7.3868392186,"HOLDER_PROFIT_SQ":-23133000,"HOLDER_PROFIT_QOQ_SQ":-22.024970737417,"ROE_AVG_SQ":-7.762582359781,"PE_TTM_SQ":-1.326944030939,"PB_TTM_SQ":0.202429806245,"ROA_SQ":-3.006941194821,"START_DATE":"2024-01-01 00:00:00","FISCAL_YEAR":"12-31","CURRENCY":"HKD","IS_CNY_CODE":0,"DPS_HKD_LY":null,"ORG_TYPE":"一般企业","PREMIUM_INCOME":null,"PREMIUM_INCOME_YOY":null,"NET_INTEREST_INCOME":null,"NET_INTEREST_INCOME_YOY":null,"FEE_COMMISSION_INCOME":null,"FEE_COMMISSION_INCOME_YOY":null,"ACCOUNTS_RECE_TDAYS":null,"INVENTORY_TDAYS":14.166770855039,"CURRENT_ASSETS_TDAYS":0.476983610686,"TOTAL_ASSETS_TDAYS":0.305117531536,"PREMIUM_EXPENSE":null,"LOAN_DEPOSIT":null,"LOAN_EQUITY":null,"LOAN_ASSETS":null,"DEPOSIT_EQUITY":null,"DEPOSIT_ASSETS":null,"EQUITY_MULTIPLIER":3.150949313442,"EQUITY_RATIO":2.150949313443},{"SECUCODE":"01087.HK","SECURITY_CODE":"01087","SECURITY_NAME_ABBR":"威讯控股","ORG_CODE":"10161041","STD_REPORT_DATE":"2023-12-31 00:00:00","REPORT_DATE":"2023-12-31 00:00:00","DATE_TYPE_CODE":"001","REPORT_TYPE":"2023年年报","PER_NETCASH_OPERATE":-0.262325145002,"PER_OI":3.987625099511,"BPS":1.334912551029,"BASIC_EPS":-0.289,"DILUTED_EPS":-0.289,"OPERATE_INCOME":561011000,"OPERATE_INCOME_YOY":0.7781863516,"GROSS_PROFIT":69698000,"GROSS_PROFIT_YOY":-18.358693233065,"HOLDER_PROFIT":-41229000,"HOLDER_PROFIT_YOY":-14.9016219832,"GROSS_PROFIT_RATIO":12.423642317174,"EPS_TTM":-0.293052712385,"OPERATE_INCOME_QOQ":-9.69801741941,"NET_PROFIT_RATIO":-6.3137799437,"ROE_AVG":-14.313910312827,"GROSS_PROFIT_QOQ":-24.045639309962,"ROA":-5.523669423879,"HOLDER_PROFIT_QOQ":5.837615621788,"ROE_YEARLY":-14.313910312827,"ROIC_YEARLY":-6.124681818553,"TOTAL_ASSETS":746400000,"TOTAL_LIABILITIES":479567000,"TAX_EBT":-5.674393627495,"OCF_SALES":-6.578480635852,"TOTAL_PARENT_EQUITY":266833000,"DEBT_ASSET_RATIO":64.2506698821,"OPERATE_PROFIT":-22815000,"PRETAX_PROFIT":-33519000,"NETCASH_OPERATE":-36906000,"NETCASH_INVEST":-20412000,"NETCASH_FINANCE":73991000,"END_CASH":76196000,"DIVI_RATIO":null,"DIVIDEND_RATE":null,"CURRENT_RATIO":0.994890923574,"COMMON_ACS":5000000000,"CURRENTDEBT_DEBT":97.382013357883,"ISSUED_COMMON_SHARES":199888000,"HK_COMMON_SHARES":199888000,"PER_SHARES":2000,"TOTAL_MARKET_CAP":69960800,"HKSK_MARKET_CAP":69960800,"PE_TTM":-1.080581479607,"PB_TTM":0.270604436955,"REPORT_DATE_SQ":"2022-12-31 00:00:00","REPORT_TYPE_SQ":"2022年年报","OPERATE_INCOME_SQ":556679000,"DPS_HKD":null,"OPERATE_INCOME_QOQ_SQ":23.363493931315,"NET_PROFIT_RATIO_SQ":-5.9314254714,"HOLDER_PROFIT_SQ":-35882000,"HOLDER_PROFIT_QOQ_SQ":-59.34807709388,"ROE_AVG_SQ":-11.355314832924,"PE_TTM_SQ":-1.06736973748,"PB_TTM_SQ":0.162830868607,"ROA_SQ":-5.119268162366,"START_DATE":"2023-01-01 00:00:00","FISCAL_YEAR":"12-31","CURRENCY":"HKD","IS_CNY_CODE":0,"DPS_HKD_LY":null,"ORG_TYPE":"一般企业","PREMIUM_INCOME":null,"PREMIUM_INCOME_YOY":null,"NET_INTEREST_INCOME":null,"NET_INTEREST_INCOME_YOY":null,"FEE_COMMISSION_INCOME":null,"FEE_COMMISSION_INCOME_YOY":null,"ACCOUNTS_RECE_TDAYS":null,"INVENTORY_TDAYS":27.003380142351,"CURRENT_ASSETS_TDAYS":1.168435774261,"TOTAL_ASSETS_TDAYS":0.751616412515,"PREMIUM_EXPENSE":null,"LOAN_DEPOSIT":null,"LOAN_EQUITY":null,"LOAN_ASSETS":null,"DEPOSIT_EQUITY":null,"DEPOSIT_ASSETS":null,"EQUITY_MULTIPLIER":2.797255212061,"EQUITY_RATIO":1.797255212061},{"SECUCODE":"01087.HK","SECURITY_CODE":"01087","SECURITY_NAME_ABBR":"威讯控股","ORG_CODE":"10161041","STD_REPORT_DATE":"2023-06-30 00:00:00","REPORT_DATE":"2023-06-30 00:00:00","DATE_TYPE_CODE":"002","REPORT_TYPE":"2023年中报","PER_NETCASH_OPERATE":-0.025878539748,"PER_OI":2.231670078472,"BPS":1.434688425518,"BASIC_EPS":-0.1641,"DILUTED_EPS":-0.1641,"OPERATE_INCOME":261641000,"OPERATE_INCOME_YOY":32.772925875,"GROSS_PROFIT":33355000,"GROSS_PROFIT_YOY":23.706560842636,"HOLDER_PROFIT":-23133000,"HOLDER_PROFIT_YOY":-51.8910045962,"GROSS_PROFIT_RATIO":12.748384236416,"EPS_TTM":-0.37346468782,"OPERATE_INCOME_QOQ":11.60129985144,"NET_PROFIT_RATIO":-7.3868392186,"ROE_AVG":-7.762582359781,"GROSS_PROFIT_QOQ":7.487320050134,"ROA":-3.006941194821,"HOLDER_PROFIT_QOQ":-22.024970737417,"ROE_YEARLY":-15.525164719562,"ROIC_YEARLY":-6.730397858073,"TOTAL_ASSETS":792228000,"TOTAL_LIABILITIES":490098000,"TAX_EBT":-3.297701763763,"OCF_SALES":-1.159604190475,"TOTAL_PARENT_EQUITY":286777000,"DEBT_ASSET_RATIO":61.8632514882,"OPERATE_PROFIT":-11549000,"PRETAX_PROFIT":-18710000,"NETCASH_OPERATE":-3034000,"NETCASH_INVEST":-21551000,"NETCASH_FINANCE":41006000,"END_CASH":78157000,"DIVI_RATIO":null,"DIVIDEND_RATE":null,"CURRENT_RATIO":1.138623551241,"COMMON_ACS":5000000000,"CURRENTDEBT_DEBT":86.105023893181,"ISSUED_COMMON_SHARES":199888000,"HK_COMMON_SHARES":199888000,"PER_SHARES":2000,"TOTAL_MARKET_CAP":69960800,"HKSK_MARKET_CAP":69960800,"PE_TTM":-1.080581479607,"PB_TTM":0.270604436955,"REPORT_DATE_SQ":"2022-06-30 00:00:00","REPORT_TYPE_SQ":"2022年中报","OPERATE_INCOME_SQ":197059000,"DPS_HKD":null,"OPERATE_INCOME_QOQ_SQ":-6.88137383976,"NET_PROFIT_RATIO_SQ":-7.153187624,"HOLDER_PROFIT_SQ":-15230000,"HOLDER_PROFIT_QOQ_SQ":-33.66177954532,"ROE_AVG_SQ":-4.641219699128,"PE_TTM_SQ":-1.06736973748,"PB_TTM_SQ":0.162830868607,"ROA_SQ":-2.309342754684,"START_DATE":"2023-01-01 00:00:00","FISCAL_YEAR":"12-31","CURRENCY":"HKD","IS_CNY_CODE":0,"DPS_HKD_LY":null,"ORG_TYPE":"一般企业","PREMIUM_INCOME":null,"PREMIUM_INCOME_YOY":null,"NET_INTEREST_INCOME":null,"NET_INTEREST_INCOME_YOY":null,"FEE_COMMISSION_INCOME":null,"FEE_COMMISSION_INCOME_YOY":null,"ACCOUNTS_RECE_TDAYS":null,"INVENTORY_TDAYS":12.266186663801,"CURRENT_ASSETS_TDAYS":0.536067751952,"TOTAL_ASSETS_TDAYS":0.340093849114,"PREMIUM_EXPENSE":null,"LOAN_DEPOSIT":null,"LOAN_EQUITY":null,"LOAN_ASSETS":null,"DEPOSIT_EQUITY":null,"DEPOSIT_ASSETS":null,"EQUITY_MULTIPLIER":2.622142786217,"EQUITY_RATIO":1.708986424992},{"SECUCODE":"01087.HK","SECURITY_CODE":"01087","SECURITY_NAME_ABBR":"威讯控股","ORG_CODE":"10161041","STD_REPORT_DATE":"2022-12-31 00:00:00","REPORT_DATE":"2022-12-31 00:00:00","DATE_TYPE_CODE":"001","REPORT_TYPE":"2022年年报","PER_NETCASH_OPERATE":-0.300597065848,"PER_OI":4.748200272944,"BPS":1.547046345954,"BASIC_EPS":-0.2669,"DILUTED_EPS":-0.2669,"OPERATE_INCOME":556679000,"OPERATE_INCOME_YOY":14.8743907321,"GROSS_PROFIT":85371000,"GROSS_PROFIT_YOY":49.490439167892,"HOLDER_PROFIT":-35882000,"HOLDER_PROFIT_YOY":-112.9874755149,"GROSS_PROFIT_RATIO":15.33576800993,"EPS_TTM":-0.306055953599,"OPERATE_INCOME_QOQ":23.363493931315,"NET_PROFIT_RATIO":-5.9314254714,"ROE_AVG":-11.355314832924,"GROSS_PROFIT_QOQ":33.984650878102,"ROA":-5.119268162366,"HOLDER_PROFIT_QOQ":-59.34807709388,"ROE_YEARLY":-11.355314832924,"ROIC_YEARLY":-5.650366080167,"TOTAL_ASSETS":746412000,"TOTAL_LIABILITIES":426319000,"TAX_EBT":-14.613488840293,"OCF_SALES":-6.330757941291,"TOTAL_PARENT_EQUITY":309236000,"DEBT_ASSET_RATIO":57.1157752019,"OPERATE_PROFIT":-24560000,"PRETAX_PROFIT":-28809000,"NETCASH_OPERATE":-35242000,"NETCASH_INVEST":-24905000,"NETCASH_FINANCE":63156000,"END_CASH":59436000,"DIVI_RATIO":null,"DIVIDEND_RATE":null,"CURRENT_RATIO":1.295413203701,"COMMON_ACS":5000000000,"CURRENTDEBT_DEBT":89.74969447761,"ISSUED_COMMON_SHARES":199888000,"HK_COMMON_SHARES":199888000,"PER_SHARES":2000,"TOTAL_MARKET_CAP":69960800,"HKSK_MARKET_CAP":69960800,"PE_TTM":-1.080581479607,"PB_TTM":0.270604436955,"REPORT_DATE_SQ":"2021-12-31 00:00:00","REPORT_TYPE_SQ":"2021年年报","OPERATE_INCOME_SQ":484598000,"DPS_HKD":null,"OPERATE_INCOME_QOQ_SQ":-3.271149293593,"NET_PROFIT_RATIO_SQ":-4.3334887886,"HOLDER_PROFIT_SQ":-16847000,"HOLDER_PROFIT_QOQ_SQ":35.241206995964,"ROE_AVG_SQ":-4.856099814225,"PE_TTM_SQ":-1.06736973748,"PB_TTM_SQ":0.162830868607,"ROA_SQ":-2.448871610489,"START_DATE":"2022-01-01 00:00:00","FISCAL_YEAR":"12-31","CURRENCY":"HKD","IS_CNY_CODE":0,"DPS_HKD_LY":null,"ORG_TYPE":"一般企业","PREMIUM_INCOME":null,"PREMIUM_INCOME_YOY":null,"NET_INTEREST_INCOME":null,"NET_INTEREST_INCOME_YOY":null,"FEE_COMMISSION_INCOME":null,"FEE_COMMISSION_INCOME_YOY":null,"ACCOUNTS_RECE_TDAYS":null,"INVENTORY_TDAYS":25.032292330571,"CURRENT_ASSETS_TDAYS":1.273781915825,"TOTAL_ASSETS_TDAYS":0.794211326392,"PREMIUM_EXPENSE":null,"LOAN_DEPOSIT":null,"LOAN_EQUITY":null,"LOAN_ASSETS":null,"DEPOSIT_EQUITY":null,"DEPOSIT_ASSETS":null,"EQUITY_MULTIPLIER":2.331859803245,"EQUITY_RATIO":1.378620212394},{"SECUCODE":"01087.HK","SECURITY_CODE":"01087","SECURITY_NAME_ABBR":"威讯控股","ORG_CODE":"10161041","STD_REPORT_DATE":"2022-06-30 00:00:00","REPORT_DATE":"2022-06-30 00:00:00","DATE_TYPE_CODE":"002","REPORT_TYPE":"2022年中报","PER_NETCASH_OPERATE":-0.177021494371,"PER_OI":1.68081712726,"BPS":1.668649443688,"BASIC_EPS":-0.1432,"DILUTED_EPS":-0.1432,"OPERATE_INCOME":197059000,"OPERATE_INCOME_YOY":-14.4731474007,"GROSS_PROFIT":26963000,"GROSS_PROFIT_YOY":32.470276112803,"HOLDER_PROFIT":-15230000,"HOLDER_PROFIT_YOY":-59.3262893608,"GROSS_PROFIT_RATIO":13.682704164743,"EPS_TTM":-0.192067553736,"OPERATE_INCOME_QOQ":-6.88137383976,"NET_PROFIT_RATIO":-7.153187624,"ROE_AVG":-4.641219699128,"GROSS_PROFIT_QOQ":11.572809413742,"ROA":-2.309342754684,"HOLDER_PROFIT_QOQ":-33.66177954532,"ROE_YEARLY":-9.282439398257,"ROIC_YEARLY":-5.095652217554,"TOTAL_ASSETS":663561000,"TOTAL_LIABILITIES":321986000,"TAX_EBT":-4.306644960781,"OCF_SALES":-10.531871165489,"TOTAL_PARENT_EQUITY":333543000,"DEBT_ASSET_RATIO":48.5239488156,"OPERATE_PROFIT":-11595000,"PRETAX_PROFIT":-13514000,"NETCASH_OPERATE":-20754000,"NETCASH_INVEST":-13267000,"NETCASH_FINANCE":32266000,"END_CASH":53958000,"DIVI_RATIO":null,"DIVIDEND_RATE":null,"CURRENT_RATIO":1.459415181988,"COMMON_ACS":5000000000,"CURRENTDEBT_DEBT":86.445683973837,"ISSUED_COMMON_SHARES":199888000,"HK_COMMON_SHARES":199888000,"PER_SHARES":2000,"TOTAL_MARKET_CAP":69960800,"HKSK_MARKET_CAP":69960800,"PE_TTM":-1.080581479607,"PB_TTM":0.270604436955,"REPORT_DATE_SQ":"2021-06-30 00:00:00","REPORT_TYPE_SQ":"2021年中报","OPERATE_INCOME_SQ":230406000,"DPS_HKD":null,"OPERATE_INCOME_QOQ_SQ":6.454149065472,"NET_PROFIT_RATIO_SQ":-5.2936989488,"HOLDER_PROFIT_SQ":-9559000,"HOLDER_PROFIT_QOQ_SQ":68.67587386064,"ROE_AVG_SQ":-2.844745746571,"PE_TTM_SQ":-1.06736973748,"PB_TTM_SQ":0.162830868607,"ROA_SQ":-1.392902158787,"START_DATE":"2022-01-01 00:00:00","FISCAL_YEAR":"12-31","CURRENCY":"HKD","IS_CNY_CODE":0,"DPS_HKD_LY":null,"ORG_TYPE":"一般企业","PREMIUM_INCOME":null,"PREMIUM_INCOME_YOY":null,"NET_INTEREST_INCOME":null,"NET_INTEREST_INCOME_YOY":null,"FEE_COMMISSION_INCOME":null,"FEE_COMMISSION_INCOME_YOY":null,"ACCOUNTS_RECE_TDAYS":null,"INVENTORY_TDAYS":7.232434041287,"CURRENT_ASSETS_TDAYS":0.502301739432,"TOTAL_ASSETS_TDAYS":0.298802871894,"PREMIUM_EXPENSE":null,"LOAN_DEPOSIT":null,"LOAN_EQUITY":null,"LOAN_ASSETS":null,"DEPOSIT_EQUITY":null,"DEPOSIT_ASSETS":null,"EQUITY_MULTIPLIER":1.942650955136,"EQUITY_RATIO":0.96535079435},{"SECUCODE":"01087.HK","SECURITY_CODE":"01087","SECURITY_NAME_ABBR":"威讯控股","ORG_CODE":"10161041","STD_REPORT_DATE":"2021-12-31 00:00:00","REPORT_DATE":"2021-12-31 00:00:00","DATE_TYPE_CODE":"001","REPORT_TYPE":"2021年年报","PER_NETCASH_OPERATE":-0.103359449193,"PER_OI":5.752587844255,"BPS":1.614654206356,"BASIC_EPS":-0.2103,"DILUTED_EPS":-0.2103,"OPERATE_INCOME":484598000,"OPERATE_INCOME_YOY":3.3002498316,"GROSS_PROFIT":57108000,"GROSS_PROFIT_YOY":11.393293931769,"HOLDER_PROFIT":-16847000,"HOLDER_PROFIT_YOY":79.7148739931,"GROSS_PROFIT_RATIO":11.784613225808,"EPS_TTM":-0.199988129155,"OPERATE_INCOME_QOQ":-3.271149293593,"NET_PROFIT_RATIO":-4.3334887886,"ROE_AVG":-4.856099814225,"GROSS_PROFIT_QOQ":14.284570742445,"ROA":-2.448871610489,"HOLDER_PROFIT_QOQ":35.241206995964,"ROE_YEARLY":-4.856099814225,"ROIC_YEARLY":-2.834155553032,"TOTAL_ASSETS":655429000,"TOTAL_LIABILITIES":326128000,"TAX_EBT":-1.274492017417,"OCF_SALES":-1.796746994416,"TOTAL_PARENT_EQUITY":322750000,"DEBT_ASSET_RATIO":49.7579447965,"OPERATE_PROFIT":-19041000,"PRETAX_PROFIT":-22048000,"NETCASH_OPERATE":-8707000,"NETCASH_INVEST":-6456000,"NETCASH_FINANCE":-4867000,"END_CASH":54920000,"DIVI_RATIO":null,"DIVIDEND_RATE":null,"CURRENT_RATIO":1.366402345668,"COMMON_ACS":5000000000,"CURRENTDEBT_DEBT":84.916351861846,"ISSUED_COMMON_SHARES":199888000,"HK_COMMON_SHARES":199888000,"PER_SHARES":2000,"TOTAL_MARKET_CAP":69960800,"HKSK_MARKET_CAP":69960800,"PE_TTM":-1.080581479607,"PB_TTM":0.270604436955,"REPORT_DATE_SQ":"2020-12-31 00:00:00","REPORT_TYPE_SQ":"2020年年报","OPERATE_INCOME_SQ":469116000,"DPS_HKD":null,"OPERATE_INCOME_QOQ_SQ":0.568864194893,"NET_PROFIT_RATIO_SQ":-18.4198447978,"HOLDER_PROFIT_SQ":-83051000,"HOLDER_PROFIT_QOQ_SQ":-11.292613636364,"ROE_AVG_SQ":-15.111281741497,"PE_TTM_SQ":-1.06736973748,"PB_TTM_SQ":0.162830868607,"ROA_SQ":-9.074757399307,"START_DATE":"2021-01-01 00:00:00","FISCAL_YEAR":"12-31","CURRENCY":"HKD","IS_CNY_CODE":0,"DPS_HKD_LY":null,"ORG_TYPE":"一般企业","PREMIUM_INCOME":null,"PREMIUM_INCOME_YOY":null,"NET_INTEREST_INCOME":null,"NET_INTEREST_INCOME_YOY":null,"FEE_COMMISSION_INCOME":null,"FEE_COMMISSION_INCOME_YOY":null,"ACCOUNTS_RECE_TDAYS":2.377683245752,"INVENTORY_TDAYS":28.529765082755,"CURRENT_ASSETS_TDAYS":1.301372677238,"TOTAL_ASSETS_TDAYS":0.704409262598,"PREMIUM_EXPENSE":null,"LOAN_DEPOSIT":null,"LOAN_EQUITY":null,"LOAN_ASSETS":null,"DEPOSIT_EQUITY":null,"DEPOSIT_ASSETS":null,"EQUITY_MULTIPLIER":1.990364438615,"EQUITY_RATIO":1.01046630519},{"SECUCODE":"01087.HK","SECURITY_CODE":"01087","SECURITY_NAME_ABBR":"威讯控股","ORG_CODE":"10161041","STD_REPORT_DATE":"2021-06-30 00:00:00","REPORT_DATE":"2021-06-30 00:00:00","DATE_TYPE_CODE":"002","REPORT_TYPE":"2021年中报","PER_NETCASH_OPERATE":-0.011451566952,"PER_OI":0.164106837607,"BPS":1.505578123749,"BASIC_EPS":-0.1257,"DILUTED_EPS":-0.1257,"OPERATE_INCOME":230406000,"OPERATE_INCOME_YOY":15.1845704687,"GROSS_PROFIT":20354000,"GROSS_PROFIT_YOY":-12.066358491381,"HOLDER_PROFIT":-9559000,"HOLDER_PROFIT_YOY":85.6460695247,"GROSS_PROFIT_RATIO":8.833971337552,"EPS_TTM":-0.018529202279,"OPERATE_INCOME_QOQ":6.454149065472,"NET_PROFIT_RATIO":-5.2936989488,"ROE_AVG":-2.844745746571,"GROSS_PROFIT_QOQ":-5.293482175009,"ROA":-1.392902158787,"HOLDER_PROFIT_QOQ":68.67587386064,"ROE_YEARLY":-5.689491493142,"ROIC_YEARLY":-3.352882166834,"TOTAL_ASSETS":652060000,"TOTAL_LIABILITIES":304329000,"TAX_EBT":8.441074934001,"OCF_SALES":-6.978116889317,"TOTAL_PARENT_EQUITY":300947000,"DEBT_ASSET_RATIO":46.6719320308,"OPERATE_PROFIT":-13684000,"PRETAX_PROFIT":-14773000,"NETCASH_OPERATE":-16078000,"NETCASH_INVEST":12398000,"NETCASH_FINANCE":-12184000,"END_CASH":59781000,"DIVI_RATIO":null,"DIVIDEND_RATE":null,"CURRENT_RATIO":1.302794758548,"COMMON_ACS":5000000000,"CURRENTDEBT_DEBT":89.873787907166,"ISSUED_COMMON_SHARES":199888000,"HK_COMMON_SHARES":199888000,"PER_SHARES":2000,"TOTAL_MARKET_CAP":69960800,"HKSK_MARKET_CAP":69960800,"PE_TTM":-1.080581479607,"PB_TTM":0.270604436955,"REPORT_DATE_SQ":"2020-06-30 00:00:00","REPORT_TYPE_SQ":"2020年中报","OPERATE_INCOME_SQ":200032000,"DPS_HKD":null,"OPERATE_INCOME_QOQ_SQ":-4.24243168359,"NET_PROFIT_RATIO_SQ":-34.0743499963,"HOLDER_PROFIT_SQ":-66595000,"HOLDER_PROFIT_QOQ_SQ":-253.735305271141,"ROE_AVG_SQ":-10.564413654816,"PE_TTM_SQ":-1.06736973748,"PB_TTM_SQ":0.162830868607,"ROA_SQ":-6.642226888975,"START_DATE":"2021-01-01 00:00:00","FISCAL_YEAR":"12-31","CURRENCY":"HKD","IS_CNY_CODE":0,"DPS_HKD_LY":null,"ORG_TYPE":"一般企业","PREMIUM_INCOME":null,"PREMIUM_INCOME_YOY":null,"NET_INTEREST_INCOME":null,"NET_INTEREST_INCOME_YOY":null,"FEE_COMMISSION_INCOME":null,"FEE_COMMISSION_INCOME_YOY":null,"ACCOUNTS_RECE_TDAYS":1.120681730299,"INVENTORY_TDAYS":11.570562961331,"CURRENT_ASSETS_TDAYS":0.637649393294,"TOTAL_ASSETS_TDAYS":0.335739109528,"PREMIUM_EXPENSE":null,"LOAN_DEPOSIT":null,"LOAN_EQUITY":null,"LOAN_ASSETS":null,"DEPOSIT_EQUITY":null,"DEPOSIT_ASSETS":null,"EQUITY_MULTIPLIER":1.875185128735,"EQUITY_RATIO":1.011237859158},{"SECUCODE":"01087.HK","SECURITY_CODE":"01087","SECURITY_NAME_ABBR":"威讯控股","ORG_CODE":"10161041","STD_REPORT_DATE":"2020-12-31 00:00:00","REPORT_DATE":"2020-12-31 00:00:00","DATE_TYPE_CODE":"001","REPORT_TYPE":"2020年年报","PER_NETCASH_OPERATE":0.014185897436,"PER_OI":0.334128205128,"BPS":1.856534659409,"BASIC_EPS":-1.0918,"DILUTED_EPS":-1.0918,"OPERATE_INCOME":469116000,"OPERATE_INCOME_YOY":-3.6977011635,"GROSS_PROFIT":51267000,"GROSS_PROFIT_YOY":-21.178623043572,"HOLDER_PROFIT":-83051000,"HOLDER_PROFIT_YOY":-293.6812665908,"GROSS_PROFIT_RATIO":11.211571315649,"EPS_TTM":-0.059153133903,"OPERATE_INCOME_QOQ":0.568864194893,"NET_PROFIT_RATIO":-18.4198447978,"ROE_AVG":-15.111281741497,"GROSS_PROFIT_QOQ":-18.269126508357,"ROA":-9.074757399307,"HOLDER_PROFIT_QOQ":-11.292613636364,"ROE_YEARLY":-15.111281741497,"ROIC_YEARLY":-10.363556160626,"TOTAL_ASSETS":720470000,"TOTAL_LIABILITIES":299926000,"TAX_EBT":-0.490559288689,"OCF_SALES":4.232148776487,"TOTAL_PARENT_EQUITY":371099000,"DEBT_ASSET_RATIO":41.6292142629,"OPERATE_PROFIT":-75352000,"PRETAX_PROFIT":-78278000,"NETCASH_OPERATE":19917000,"NETCASH_INVEST":24699000,"NETCASH_FINANCE":-15853000,"END_CASH":76128000,"DIVI_RATIO":null,"DIVIDEND_RATE":null,"CURRENT_RATIO":1.30936858885,"COMMON_ACS":5000000000,"CURRENTDEBT_DEBT":93.285010302541,"ISSUED_COMMON_SHARES":199888000,"HK_COMMON_SHARES":199888000,"PER_SHARES":2000,"TOTAL_MARKET_CAP":69960800,"HKSK_MARKET_CAP":69960800,"PE_TTM":-1.080581479607,"PB_TTM":0.270604436955,"REPORT_DATE_SQ":"2019-12-31 00:00:00","REPORT_TYPE_SQ":"2019年年报","OPERATE_INCOME_SQ":488682000,"DPS_HKD":null,"OPERATE_INCOME_QOQ_SQ":13.729761430995,"NET_PROFIT_RATIO_SQ":-5.0472495406,"HOLDER_PROFIT_SQ":-21096000,"HOLDER_PROFIT_QOQ_SQ":47.717472118959,"ROE_AVG_SQ":-2.524705818995,"PE_TTM_SQ":-1.06736973748,"PB_TTM_SQ":0.162830868607,"ROA_SQ":-1.708402235759,"START_DATE":"2020-01-01 00:00:00","FISCAL_YEAR":"12-31","CURRENCY":"HKD","IS_CNY_CODE":0,"DPS_HKD_LY":null,"ORG_TYPE":"一般企业","PREMIUM_INCOME":null,"PREMIUM_INCOME_YOY":null,"NET_INTEREST_INCOME":null,"NET_INTEREST_INCOME_YOY":null,"FEE_COMMISSION_INCOME":null,"FEE_COMMISSION_INCOME_YOY":null,"ACCOUNTS_RECE_TDAYS":2.289180319869,"INVENTORY_TDAYS":32.735242273493,"CURRENT_ASSETS_TDAYS":1.229509567253,"TOTAL_ASSETS_TDAYS":0.514224961674,"PREMIUM_EXPENSE":null,"LOAN_DEPOSIT":null,"LOAN_EQUITY":null,"LOAN_ASSETS":null,"DEPOSIT_EQUITY":null,"DEPOSIT_ASSETS":null,"EQUITY_MULTIPLIER":1.71318577842,"EQUITY_RATIO":0.808210208058},{"SECUCODE":"01087.HK","SECURITY_CODE":"01087","SECURITY_NAME_ABBR":"威讯控股","ORG_CODE":"10161041","STD_REPORT_DATE":"2020-06-30 00:00:00","REPORT_DATE":"2020-06-30 00:00:00","DATE_TYPE_CODE":"002","REPORT_TYPE":"2020年中报","PER_NETCASH_OPERATE":-0.006644586895,"PER_OI":0.142472934473,"BPS":2.664737252862,"BASIC_EPS":-0.9487,"DILUTED_EPS":-0.9487,"OPERATE_INCOME":200032000,"OPERATE_INCOME_YOY":-9.3355007497,"GROSS_PROFIT":23147000,"GROSS_PROFIT_YOY":-7.207857286029,"HOLDER_PROFIT":-66595000,"HOLDER_PROFIT_YOY":-409.6426111579,"GROSS_PROFIT_RATIO":12.148302664581,"EPS_TTM":-0.053150997151,"OPERATE_INCOME_QOQ":-4.24243168359,"NET_PROFIT_RATIO":-34.0743499963,"ROE_AVG":-10.564413654816,"GROSS_PROFIT_QOQ":-0.745672027305,"ROA":-6.642226888975,"HOLDER_PROFIT_QOQ":-253.735305271141,"ROE_YEARLY":-21.128827309632,"ROIC_YEARLY":-14.915319530401,"TOTAL_ASSETS":895297000,"TOTAL_LIABILITIES":311340000,"TAX_EBT":-1.431619215773,"OCF_SALES":-4.633340783233,"TOTAL_PARENT_EQUITY":532649000,"DEBT_ASSET_RATIO":34.7750523011,"OPERATE_PROFIT":-66341000,"PRETAX_PROFIT":-67965000,"NETCASH_OPERATE":-9329000,"NETCASH_INVEST":23163000,"NETCASH_FINANCE":4244000,"END_CASH":65894000,"DIVI_RATIO":null,"DIVIDEND_RATE":null,"CURRENT_RATIO":1.343020088288,"COMMON_ACS":5000000000,"CURRENTDEBT_DEBT":91.968908588681,"ISSUED_COMMON_SHARES":199888000,"HK_COMMON_SHARES":199888000,"PER_SHARES":2000,"TOTAL_MARKET_CAP":69960800,"HKSK_MARKET_CAP":69960800,"PE_TTM":-1.080581479607,"PB_TTM":0.270604436955,"REPORT_DATE_SQ":"2019-06-30 00:00:00","REPORT_TYPE_SQ":"2019年中报","OPERATE_INCOME_SQ":222077000,"DPS_HKD":null,"OPERATE_INCOME_QOQ_SQ":3.572978132593,"NET_PROFIT_RATIO_SQ":-7.1169008947,"HOLDER_PROFIT_SQ":-13067000,"HOLDER_PROFIT_QOQ_SQ":12.607480886271,"ROE_AVG_SQ":-1.375955268555,"PE_TTM_SQ":-1.06736973748,"PB_TTM_SQ":0.162830868607,"ROA_SQ":-0.981013370971,"START_DATE":"2020-01-01 00:00:00","FISCAL_YEAR":"12-31","CURRENCY":"HKD","IS_CNY_CODE":0,"DPS_HKD_LY":null,"ORG_TYPE":"一般企业","PREMIUM_INCOME":null,"PREMIUM_INCOME_YOY":null,"NET_INTEREST_INCOME":null,"NET_INTEREST_INCOME_YOY":null,"FEE_COMMISSION_INCOME":null,"FEE_COMMISSION_INCOME_YOY":null,"ACCOUNTS_RECE_TDAYS":1.039013925754,"INVENTORY_TDAYS":7.045386652859,"CURRENT_ASSETS_TDAYS":0.513805598796,"TOTAL_ASSETS_TDAYS":0.200822760412,"PREMIUM_EXPENSE":null,"LOAN_DEPOSIT":null,"LOAN_EQUITY":null,"LOAN_ASSETS":null,"DEPOSIT_EQUITY":null,"DEPOSIT_ASSETS":null,"EQUITY_MULTIPLIER":1.533155694683,"EQUITY_RATIO":0.584512502605}],"count":33},"success":true,"message":"ok","code":0}