{"version":"a18b6ad5f6e104550b6f494e7079e31b","result":{"pages":4,"data":[{"SECUCODE":"01086.HK","SECURITY_CODE":"01086","SECURITY_NAME_ABBR":"好孩子国际","ORG_CODE":"10165832","STD_REPORT_DATE":"2024-06-30 00:00:00","REPORT_DATE":"2024-06-30 00:00:00","DATE_TYPE_CODE":"002","REPORT_TYPE":"2024年中报","PER_NETCASH_OPERATE":0.12914071271,"PER_OI":2.291308723976,"BPS":3.098114806831,"BASIC_EPS":0.1003948,"DILUTED_EPS":0.1003948,"OPERATE_INCOME":3821974362.52,"OPERATE_INCOME_YOY":7.673559517,"GROSS_PROFIT":2009308828.64,"GROSS_PROFIT_YOY":22.105751720868,"HOLDER_PROFIT":169253767.96,"HOLDER_PROFIT_YOY":641.432112586,"GROSS_PROFIT_RATIO":52.572535502702,"EPS_TTM":0.19820094256,"OPERATE_INCOME_QOQ":3.28805556214,"NET_PROFIT_RATIO":4.4723530371,"ROE_AVG":3.292580663317,"GROSS_PROFIT_QOQ":10.116769525485,"ROA":1.683699437584,"HOLDER_PROFIT_QOQ":79.275258202148,"ROE_YEARLY":6.585161326634,"ROIC_YEARLY":3.776747344142,"TOTAL_ASSETS":9724661986.16,"TOTAL_LIABILITIES":4532624430.4,"TAX_EBT":14.041674316137,"OCF_SALES":5.636111422212,"TOTAL_PARENT_EQUITY":5167752053.64,"DEBT_ASSET_RATIO":46.6095833135,"OPERATE_PROFIT":254988189.12,"PRETAX_PROFIT":198854718.4,"NETCASH_OPERATE":215410733.6,"NETCASH_INVEST":-79244353.68,"NETCASH_FINANCE":-272643983.72,"END_CASH":733539169.6,"DIVI_RATIO":null,"DIVIDEND_RATE":null,"CURRENT_RATIO":1.068764895955,"COMMON_ACS":50000000000,"CURRENTDEBT_DEBT":91.953655452371,"ISSUED_COMMON_SHARES":1668031166,"HK_COMMON_SHARES":1668031166,"PER_SHARES":1000,"TOTAL_MARKET_CAP":1684711477.66,"HKSK_MARKET_CAP":1684711477.66,"PE_TTM":4.629205749606,"PB_TTM":0.297537973082,"REPORT_DATE_SQ":"2023-06-30 00:00:00","REPORT_TYPE_SQ":"2023年中报","OPERATE_INCOME_SQ":3585763694.02,"DPS_HKD":null,"OPERATE_INCOME_QOQ_SQ":-2.076851229626,"NET_PROFIT_RATIO_SQ":0.7675616496,"HOLDER_PROFIT_SQ":23060563.76,"HOLDER_PROFIT_QOQ_SQ":81.217723933024,"ROE_AVG_SQ":0.460925455462,"PE_TTM_SQ":18.366096719496,"PB_TTM_SQ":0.206305259959,"ROA_SQ":0.217626265781,"START_DATE":"2024-01-01 00:00:00","FISCAL_YEAR":"12-31","CURRENCY":"HKD","IS_CNY_CODE":0,"DPS_HKD_LY":null,"ORG_TYPE":"一般企业","PREMIUM_INCOME":null,"PREMIUM_INCOME_YOY":null,"NET_INTEREST_INCOME":null,"NET_INTEREST_INCOME_YOY":null,"FEE_COMMISSION_INCOME":null,"FEE_COMMISSION_INCOME_YOY":null,"ACCOUNTS_RECE_TDAYS":3.472038066369,"INVENTORY_TDAYS":1.305294877314,"CURRENT_ASSETS_TDAYS":0.810605092018,"TOTAL_ASSETS_TDAYS":0.380201644087,"PREMIUM_EXPENSE":null,"LOAN_DEPOSIT":null,"LOAN_EQUITY":null,"LOAN_ASSETS":null,"DEPOSIT_EQUITY":null,"DEPOSIT_ASSETS":null,"EQUITY_MULTIPLIER":1.872995309012,"EQUITY_RATIO":0.877097891569},{"SECUCODE":"01086.HK","SECURITY_CODE":"01086","SECURITY_NAME_ABBR":"好孩子国际","ORG_CODE":"10165832","STD_REPORT_DATE":"2023-12-31 00:00:00","REPORT_DATE":"2023-12-31 00:00:00","DATE_TYPE_CODE":"001","REPORT_TYPE":"2023年年报","PER_NETCASH_OPERATE":0.664392993038,"PER_OI":4.306814833051,"BPS":3.043693255729,"BASIC_EPS":0.1087464,"DILUTED_EPS":0.1087464,"OPERATE_INCOME":7183901367.72,"OPERATE_INCOME_YOY":-4.3996540343,"GROSS_PROFIT":3595621781.08,"GROSS_PROFIT_YOY":19.94570504995,"HOLDER_PROFIT":184412145.12,"HOLDER_PROFIT_YOY":507.6865649356,"GROSS_PROFIT_RATIO":50.051101720807,"EPS_TTM":0.110556774285,"OPERATE_INCOME_QOQ":-0.956726024704,"NET_PROFIT_RATIO":2.6296509062,"ROE_AVG":3.660315010923,"GROSS_PROFIT_QOQ":12.281965433133,"ROA":1.762774486599,"HOLDER_PROFIT_QOQ":240.196512701001,"ROE_YEARLY":3.660315010923,"ROIC_YEARLY":1.978768129908,"TOTAL_ASSETS":10306851483.88,"TOTAL_LIABILITIES":5206887284.62,"TAX_EBT":-6.124828183068,"OCF_SALES":15.42655114726,"TOTAL_PARENT_EQUITY":5076975210.3,"DEBT_ASSET_RATIO":50.5186990689,"OPERATE_PROFIT":333819730.3,"PRETAX_PROFIT":178008794.6,"NETCASH_OPERATE":1108228218.86,"NETCASH_INVEST":-236723694.62,"NETCASH_FINANCE":-813046990.7,"END_CASH":889816511.78,"DIVI_RATIO":null,"DIVIDEND_RATE":null,"CURRENT_RATIO":1.051540131692,"COMMON_ACS":50000000000,"CURRENTDEBT_DEBT":90.227701623521,"ISSUED_COMMON_SHARES":1668031166,"HK_COMMON_SHARES":1668031166,"PER_SHARES":1000,"TOTAL_MARKET_CAP":1601309919.36,"HKSK_MARKET_CAP":1601309919.36,"PE_TTM":4.400037148141,"PB_TTM":0.282808370454,"REPORT_DATE_SQ":"2022-12-31 00:00:00","REPORT_TYPE_SQ":"2022年年报","OPERATE_INCOME_SQ":7407130617.04,"DPS_HKD":null,"OPERATE_INCOME_QOQ_SQ":-5.202504253797,"NET_PROFIT_RATIO_SQ":0.4839274533,"HOLDER_PROFIT_SQ":29912932.49,"HOLDER_PROFIT_QOQ_SQ":88.136592719997,"ROE_AVG_SQ":0.578477683125,"PE_TTM_SQ":16.696451563178,"PB_TTM_SQ":0.187550236326,"ROA_SQ":0.269118800476,"START_DATE":"2023-01-01 00:00:00","FISCAL_YEAR":"12-31","CURRENCY":"HKD","IS_CNY_CODE":0,"DPS_HKD_LY":null,"ORG_TYPE":"一般企业","PREMIUM_INCOME":null,"PREMIUM_INCOME_YOY":null,"NET_INTEREST_INCOME":null,"NET_INTEREST_INCOME_YOY":null,"FEE_COMMISSION_INCOME":null,"FEE_COMMISSION_INCOME_YOY":null,"ACCOUNTS_RECE_TDAYS":7.295734283111,"INVENTORY_TDAYS":2.353556685558,"CURRENT_ASSETS_TDAYS":1.60029497349,"TOTAL_ASSETS_TDAYS":0.686700869784,"PREMIUM_EXPENSE":null,"LOAN_DEPOSIT":null,"LOAN_EQUITY":null,"LOAN_ASSETS":null,"DEPOSIT_EQUITY":null,"DEPOSIT_ASSETS":null,"EQUITY_MULTIPLIER":2.020965458027,"EQUITY_RATIO":1.025588479151},{"SECUCODE":"01086.HK","SECURITY_CODE":"01086","SECURITY_NAME_ABBR":"好孩子国际","ORG_CODE":"10165832","STD_REPORT_DATE":"2023-06-30 00:00:00","REPORT_DATE":"2023-06-30 00:00:00","DATE_TYPE_CODE":"002","REPORT_TYPE":"2023年中报","PER_NETCASH_OPERATE":0.279250253349,"PER_OI":2.149698259307,"BPS":2.949545736845,"BASIC_EPS":0.0092198,"DILUTED_EPS":0.0092198,"OPERATE_INCOME":3585763694.02,"OPERATE_INCOME_YOY":-11.0598678933,"GROSS_PROFIT":1645548060.04,"GROSS_PROFIT_YOY":14.199522967356,"HOLDER_PROFIT":23060563.76,"HOLDER_PROFIT_YOY":1833.3333333333,"GROSS_PROFIT_RATIO":45.891146223168,"EPS_TTM":0.032497915222,"OPERATE_INCOME_QOQ":-2.076851229626,"NET_PROFIT_RATIO":0.7675616496,"ROE_AVG":0.460925455462,"GROSS_PROFIT_QOQ":6.82544127835,"ROA":0.217626265781,"HOLDER_PROFIT_QOQ":81.217723933024,"ROE_YEARLY":0.921850910923,"ROIC_YEARLY":0.484858330093,"TOTAL_ASSETS":10392098491.98,"TOTAL_LIABILITIES":5431459782.36,"TAX_EBT":-21.000364800778,"OCF_SALES":12.990206980923,"TOTAL_PARENT_EQUITY":4919934214.6,"DEBT_ASSET_RATIO":52.2652839227,"OPERATE_PROFIT":103885940.46,"PRETAX_PROFIT":22746168.58,"NETCASH_OPERATE":465798125.7,"NETCASH_INVEST":-121472708.96,"NETCASH_FINANCE":-241778191.24,"END_CASH":946845800.6,"DIVI_RATIO":null,"DIVIDEND_RATE":null,"CURRENT_RATIO":1.405055863917,"COMMON_ACS":50000000000,"CURRENTDEBT_DEBT":56.761050007452,"ISSUED_COMMON_SHARES":1668031166,"HK_COMMON_SHARES":1668031166,"PER_SHARES":1000,"TOTAL_MARKET_CAP":1601309919.36,"HKSK_MARKET_CAP":1601309919.36,"PE_TTM":4.400037148141,"PB_TTM":0.282808370454,"REPORT_DATE_SQ":"2022-06-30 00:00:00","REPORT_TYPE_SQ":"2022年中报","OPERATE_INCOME_SQ":3739598777.32,"DPS_HKD":null,"OPERATE_INCOME_QOQ_SQ":-1.396413646732,"NET_PROFIT_RATIO_SQ":0.055364629,"HOLDER_PROFIT_SQ":-1234039.17,"HOLDER_PROFIT_QOQ_SQ":-84.294037488995,"ROE_AVG_SQ":-0.024415995777,"PE_TTM_SQ":16.696451563178,"PB_TTM_SQ":0.187550236326,"ROA_SQ":-0.01132387208,"START_DATE":"2023-01-01 00:00:00","FISCAL_YEAR":"12-31","CURRENCY":"HKD","IS_CNY_CODE":0,"DPS_HKD_LY":null,"ORG_TYPE":"一般企业","PREMIUM_INCOME":null,"PREMIUM_INCOME_YOY":null,"NET_INTEREST_INCOME":null,"NET_INTEREST_INCOME_YOY":null,"FEE_COMMISSION_INCOME":null,"FEE_COMMISSION_INCOME_YOY":null,"ACCOUNTS_RECE_TDAYS":3.719630351357,"INVENTORY_TDAYS":1.239172044565,"CURRENT_ASSETS_TDAYS":0.849709504451,"TOTAL_ASSETS_TDAYS":0.33839431283,"PREMIUM_EXPENSE":null,"LOAN_DEPOSIT":null,"LOAN_EQUITY":null,"LOAN_ASSETS":null,"DEPOSIT_EQUITY":null,"DEPOSIT_ASSETS":null,"EQUITY_MULTIPLIER":2.094911381437,"EQUITY_RATIO":1.103970001518},{"SECUCODE":"01086.HK","SECURITY_CODE":"01086","SECURITY_NAME_ABBR":"好孩子国际","ORG_CODE":"10165832","STD_REPORT_DATE":"2022-12-31 00:00:00","REPORT_DATE":"2022-12-31 00:00:00","DATE_TYPE_CODE":"001","REPORT_TYPE":"2022年年报","PER_NETCASH_OPERATE":0.295353028757,"PER_OI":4.440642817725,"BPS":2.954311080936,"BASIC_EPS":0.0178654,"DILUTED_EPS":0.0178654,"OPERATE_INCOME":7407130617.04,"OPERATE_INCOME_YOY":-14.444544067,"GROSS_PROFIT":2997707820.87,"GROSS_PROFIT_YOY":-8.228707256576,"HOLDER_PROFIT":29912932.49,"HOLDER_PROFIT_YOY":-72.954440828,"GROSS_PROFIT_RATIO":40.470567833296,"EPS_TTM":0.01793307769,"OPERATE_INCOME_QOQ":-5.202504253797,"NET_PROFIT_RATIO":0.4839274533,"ROE_AVG":0.578477683125,"GROSS_PROFIT_QOQ":-2.491094008395,"ROA":0.269118800476,"HOLDER_PROFIT_QOQ":88.136592719997,"ROE_YEARLY":0.578477683125,"ROIC_YEARLY":0.293751991545,"TOTAL_ASSETS":10464385602.65,"TOTAL_LIABILITIES":5499900907.34,"TAX_EBT":-3263.62112321878,"OCF_SALES":6.651132299553,"TOTAL_PARENT_EQUITY":4927882957.06,"DEBT_ASSET_RATIO":52.5582782992,"OPERATE_PROFIT":90071987.18,"PRETAX_PROFIT":1065671.11,"NETCASH_OPERATE":492658056.94,"NETCASH_INVEST":-284476123.82,"NETCASH_FINANCE":-308760562.04,"END_CASH":823560102.47,"DIVI_RATIO":null,"DIVIDEND_RATE":null,"CURRENT_RATIO":1.315064575621,"COMMON_ACS":50000000000,"CURRENTDEBT_DEBT":55.032156675235,"ISSUED_COMMON_SHARES":1668031166,"HK_COMMON_SHARES":1668031166,"PER_SHARES":1000,"TOTAL_MARKET_CAP":1601309919.36,"HKSK_MARKET_CAP":1601309919.36,"PE_TTM":4.400037148141,"PB_TTM":0.282808370454,"REPORT_DATE_SQ":"2021-12-31 00:00:00","REPORT_TYPE_SQ":"2021年年报","OPERATE_INCOME_SQ":7924291211.2,"DPS_HKD":null,"OPERATE_INCOME_QOQ_SQ":6.455055767656,"NET_PROFIT_RATIO_SQ":1.316128734,"HOLDER_PROFIT_SQ":101232779.2,"HOLDER_PROFIT_QOQ_SQ":-59.602272899484,"ROE_AVG_SQ":2.096746129151,"PE_TTM_SQ":16.696451563178,"PB_TTM_SQ":0.187550236326,"ROA_SQ":0.988933966532,"START_DATE":"2022-01-01 00:00:00","FISCAL_YEAR":"12-31","CURRENCY":"HKD","IS_CNY_CODE":0,"DPS_HKD_LY":null,"ORG_TYPE":"一般企业","PREMIUM_INCOME":null,"PREMIUM_INCOME_YOY":null,"NET_INTEREST_INCOME":null,"NET_INTEREST_INCOME_YOY":null,"FEE_COMMISSION_INCOME":null,"FEE_COMMISSION_INCOME_YOY":null,"ACCOUNTS_RECE_TDAYS":7.388080034285,"INVENTORY_TDAYS":2.293374620483,"CURRENT_ASSETS_TDAYS":1.673478823626,"TOTAL_ASSETS_TDAYS":0.666400095442,"PREMIUM_EXPENSE":null,"LOAN_DEPOSIT":null,"LOAN_EQUITY":null,"LOAN_ASSETS":null,"DEPOSIT_EQUITY":null,"DEPOSIT_ASSETS":null,"EQUITY_MULTIPLIER":2.107849302575,"EQUITY_RATIO":1.116077827997},{"SECUCODE":"01086.HK","SECURITY_CODE":"01086","SECURITY_NAME_ABBR":"好孩子国际","ORG_CODE":"10165832","STD_REPORT_DATE":"2022-06-30 00:00:00","REPORT_DATE":"2022-06-30 00:00:00","DATE_TYPE_CODE":"002","REPORT_TYPE":"2022年中报","PER_NETCASH_OPERATE":-0.04868852285,"PER_OI":2.24192380427,"BPS":2.952692873791,"BASIC_EPS":0,"DILUTED_EPS":0,"OPERATE_INCOME":3739598777.32,"OPERATE_INCOME_YOY":-5.4986476893,"GROSS_PROFIT":1440941273.03,"GROSS_PROFIT_YOY":-11.769114669073,"HOLDER_PROFIT":-1234039.17,"HOLDER_PROFIT_YOY":-101.4277092341,"GROSS_PROFIT_RATIO":38.531975188597,"EPS_TTM":0.00953194561,"OPERATE_INCOME_QOQ":-1.396413646732,"NET_PROFIT_RATIO":0.055364629,"ROE_AVG":-0.024415995777,"GROSS_PROFIT_QOQ":-5.884194053694,"ROA":-0.01132387208,"HOLDER_PROFIT_QOQ":-84.294037488995,"ROE_YEARLY":-0.048831991553,"ROIC_YEARLY":-0.024512915168,"TOTAL_ASSETS":10531040561.3,"TOTAL_LIABILITIES":5572902932.73,"TAX_EBT":118.352031534263,"OCF_SALES":-2.171729599243,"TOTAL_PARENT_EQUITY":4925183737.11,"DEBT_ASSET_RATIO":52.9188250704,"OPERATE_PROFIT":16077572,"PRETAX_PROFIT":-11281666.48,"NETCASH_OPERATE":-81213973.54,"NETCASH_INVEST":-164460733.71,"NETCASH_FINANCE":5598928.93,"END_CASH":664235480.09,"DIVI_RATIO":null,"DIVIDEND_RATE":null,"CURRENT_RATIO":1.380108100761,"COMMON_ACS":50000000000,"CURRENTDEBT_DEBT":54.644370264282,"ISSUED_COMMON_SHARES":1668031166,"HK_COMMON_SHARES":1668031166,"PER_SHARES":1000,"TOTAL_MARKET_CAP":1601309919.36,"HKSK_MARKET_CAP":1601309919.36,"PE_TTM":4.400037148141,"PB_TTM":0.282808370454,"REPORT_DATE_SQ":"2021-06-30 00:00:00","REPORT_TYPE_SQ":"2021年中报","OPERATE_INCOME_SQ":3850254661.2,"DPS_HKD":null,"OPERATE_INCOME_QOQ_SQ":6.495156604638,"NET_PROFIT_RATIO_SQ":2.1861942206,"HOLDER_PROFIT_SQ":84099157.68,"HOLDER_PROFIT_QOQ_SQ":16.044674922826,"ROE_AVG_SQ":1.727041022073,"PE_TTM_SQ":16.696451563178,"PB_TTM_SQ":0.187550236326,"ROA_SQ":0.839479516221,"START_DATE":"2022-01-01 00:00:00","FISCAL_YEAR":"12-31","CURRENCY":"HKD","IS_CNY_CODE":0,"DPS_HKD_LY":null,"ORG_TYPE":"一般企业","PREMIUM_INCOME":null,"PREMIUM_INCOME_YOY":null,"NET_INTEREST_INCOME":null,"NET_INTEREST_INCOME_YOY":null,"FEE_COMMISSION_INCOME":null,"FEE_COMMISSION_INCOME_YOY":null,"ACCOUNTS_RECE_TDAYS":3.528151488147,"INVENTORY_TDAYS":1.196291701391,"CURRENT_ASSETS_TDAYS":0.84347087741,"TOTAL_ASSETS_TDAYS":0.34315554331,"PREMIUM_EXPENSE":null,"LOAN_DEPOSIT":null,"LOAN_EQUITY":null,"LOAN_ASSETS":null,"DEPOSIT_EQUITY":null,"DEPOSIT_ASSETS":null,"EQUITY_MULTIPLIER":2.123991173745,"EQUITY_RATIO":1.131511681633},{"SECUCODE":"01086.HK","SECURITY_CODE":"01086","SECURITY_NAME_ABBR":"好孩子国际","ORG_CODE":"10165832","STD_REPORT_DATE":"2021-12-31 00:00:00","REPORT_DATE":"2021-12-31 00:00:00","DATE_TYPE_CODE":"001","REPORT_TYPE":"2021年年报","PER_NETCASH_OPERATE":0.153247139508,"PER_OI":4.75068534253,"BPS":2.970827906941,"BASIC_EPS":0.057232,"DILUTED_EPS":0.057232,"OPERATE_INCOME":7924291211.2,"OPERATE_INCOME_YOY":16.7028959898,"GROSS_PROFIT":3266498412.8,"GROSS_PROFIT_YOY":5.808943015746,"HOLDER_PROFIT":101232779.2,"HOLDER_PROFIT_YOY":-51.7421874391,"GROSS_PROFIT_RATIO":41.22133230267,"EPS_TTM":0.060689980657,"OPERATE_INCOME_QOQ":6.455055767656,"NET_PROFIT_RATIO":1.316128734,"ROE_AVG":2.096746129151,"GROSS_PROFIT_QOQ":-1.263709444982,"ROA":0.988933966532,"HOLDER_PROFIT_QOQ":-59.602272899484,"ROE_YEARLY":2.096746129151,"ROIC_YEARLY":1.115907995474,"TOTAL_ASSETS":10769191731.2,"TOTAL_LIABILITIES":5783872460.8,"TAX_EBT":-14.085250241477,"OCF_SALES":3.225790143082,"TOTAL_PARENT_EQUITY":4955433537.6,"DEBT_ASSET_RATIO":53.7075818238,"OPERATE_PROFIT":135773108.8,"PRETAX_PROFIT":91417491.2,"NETCASH_OPERATE":255621004.8,"NETCASH_INVEST":-272086651.2,"NETCASH_FINANCE":-478331974.4,"END_CASH":889068868.8,"DIVI_RATIO":null,"DIVIDEND_RATE":null,"CURRENT_RATIO":1.361015413869,"COMMON_ACS":50000000000,"CURRENTDEBT_DEBT":56.648461566298,"ISSUED_COMMON_SHARES":1668031166,"HK_COMMON_SHARES":1668031166,"PER_SHARES":1000,"TOTAL_MARKET_CAP":1601309919.36,"HKSK_MARKET_CAP":1601309919.36,"PE_TTM":4.400037148141,"PB_TTM":0.282808370454,"REPORT_DATE_SQ":"2020-12-31 00:00:00","REPORT_TYPE_SQ":"2020年年报","OPERATE_INCOME_SQ":6989792425.88,"DPS_HKD":null,"OPERATE_INCOME_QOQ_SQ":-5.004638115095,"NET_PROFIT_RATIO_SQ":3.1056113769,"HOLDER_PROFIT_SQ":215942941.36,"HOLDER_PROFIT_QOQ_SQ":94.279749804098,"ROE_AVG_SQ":4.757133108561,"PE_TTM_SQ":16.696451563178,"PB_TTM_SQ":0.187550236326,"ROA_SQ":2.256017157316,"START_DATE":"2021-01-01 00:00:00","FISCAL_YEAR":"12-31","CURRENCY":"HKD","IS_CNY_CODE":0,"DPS_HKD_LY":null,"ORG_TYPE":"一般企业","PREMIUM_INCOME":null,"PREMIUM_INCOME_YOY":null,"NET_INTEREST_INCOME":null,"NET_INTEREST_INCOME_YOY":null,"FEE_COMMISSION_INCOME":null,"FEE_COMMISSION_INCOME_YOY":null,"ACCOUNTS_RECE_TDAYS":8.1375855507,"INVENTORY_TDAYS":2.552241366952,"CURRENT_ASSETS_TDAYS":1.784098754324,"TOTAL_ASSETS_TDAYS":0.774116921552,"PREMIUM_EXPENSE":null,"LOAN_DEPOSIT":null,"LOAN_EQUITY":null,"LOAN_ASSETS":null,"DEPOSIT_EQUITY":null,"DEPOSIT_ASSETS":null,"EQUITY_MULTIPLIER":2.160180952729,"EQUITY_RATIO":1.16717789007},{"SECUCODE":"01086.HK","SECURITY_CODE":"01086","SECURITY_NAME_ABBR":"好孩子国际","ORG_CODE":"10165832","STD_REPORT_DATE":"2021-06-30 00:00:00","REPORT_DATE":"2021-06-30 00:00:00","DATE_TYPE_CODE":"002","REPORT_TYPE":"2021年中报","PER_NETCASH_OPERATE":0.021042550856,"PER_OI":2.308263022707,"BPS":2.97063172183,"BASIC_EPS":0.0499248,"DILUTED_EPS":0.0499248,"OPERATE_INCOME":3850254661.2,"OPERATE_INCOME_YOY":24.4525758487,"GROSS_PROFIT":1633148378.4,"GROSS_PROFIT_YOY":15.661308467788,"HOLDER_PROFIT":84099157.68,"HOLDER_PROFIT_YOY":86.6914182275,"GROSS_PROFIT_RATIO":42.416632719328,"EPS_TTM":0.150231176388,"OPERATE_INCOME_QOQ":6.495156604638,"NET_PROFIT_RATIO":2.1861942206,"ROE_AVG":1.727041022073,"GROSS_PROFIT_QOQ":7.163174169265,"ROA":0.839479516221,"HOLDER_PROFIT_QOQ":16.044674922826,"ROE_YEARLY":3.454082044146,"ROIC_YEARLY":1.93134072358,"TOTAL_ASSETS":10160243476.56,"TOTAL_LIABILITIES":5178060466.56,"TAX_EBT":16.262302681136,"OCF_SALES":0.911618418223,"TOTAL_PARENT_EQUITY":4955106294.72,"DEBT_ASSET_RATIO":50.9639407609,"OPERATE_PROFIT":126084250.32,"PRETAX_PROFIT":100521088.56,"NETCASH_OPERATE":35099630.64,"NETCASH_INVEST":-105333007.2,"NETCASH_FINANCE":-186494090.4,"END_CASH":1155601024.8,"DIVI_RATIO":null,"DIVIDEND_RATE":null,"CURRENT_RATIO":1.287346925385,"COMMON_ACS":50000000000,"CURRENTDEBT_DEBT":71.511748613859,"ISSUED_COMMON_SHARES":1668031166,"HK_COMMON_SHARES":1668031166,"PER_SHARES":1000,"TOTAL_MARKET_CAP":1601309919.36,"HKSK_MARKET_CAP":1601309919.36,"PE_TTM":4.400037148141,"PB_TTM":0.282808370454,"REPORT_DATE_SQ":"2020-06-30 00:00:00","REPORT_TYPE_SQ":"2020年中报","OPERATE_INCOME_SQ":3396256696.8,"DPS_HKD":null,"OPERATE_INCOME_QOQ_SQ":-6.414753002687,"NET_PROFIT_RATIO_SQ":1.4595377472,"HOLDER_PROFIT_SQ":49451814.72,"HOLDER_PROFIT_QOQ_SQ":-38.632016729811,"ROE_AVG_SQ":1.077866271554,"PE_TTM_SQ":16.696451563178,"PB_TTM_SQ":0.187550236326,"ROA_SQ":0.487565297235,"START_DATE":"2021-01-01 00:00:00","FISCAL_YEAR":"12-31","CURRENCY":"HKD","IS_CNY_CODE":0,"DPS_HKD_LY":null,"ORG_TYPE":"一般企业","PREMIUM_INCOME":null,"PREMIUM_INCOME_YOY":null,"NET_INTEREST_INCOME":null,"NET_INTEREST_INCOME_YOY":null,"FEE_COMMISSION_INCOME":null,"FEE_COMMISSION_INCOME_YOY":null,"ACCOUNTS_RECE_TDAYS":3.834804555921,"INVENTORY_TDAYS":1.284330815557,"CURRENT_ASSETS_TDAYS":0.83076274536,"TOTAL_ASSETS_TDAYS":0.384333209687,"PREMIUM_EXPENSE":null,"LOAN_DEPOSIT":null,"LOAN_EQUITY":null,"LOAN_ASSETS":null,"DEPOSIT_EQUITY":null,"DEPOSIT_ASSETS":null,"EQUITY_MULTIPLIER":2.0393155884,"EQUITY_RATIO":1.044994831307},{"SECUCODE":"01086.HK","SECURITY_CODE":"01086","SECURITY_NAME_ABBR":"好孩子国际","ORG_CODE":"10165832","STD_REPORT_DATE":"2020-12-31 00:00:00","REPORT_DATE":"2020-12-31 00:00:00","DATE_TYPE_CODE":"001","REPORT_TYPE":"2020年年报","PER_NETCASH_OPERATE":0.532268348796,"PER_OI":4.190464837873,"BPS":2.901002179572,"BASIC_EPS":0.126246,"DILUTED_EPS":0.126246,"OPERATE_INCOME":6989792425.88,"OPERATE_INCOME_YOY":-5.3795985071,"GROSS_PROFIT":3087166660.68,"GROSS_PROFIT_YOY":-8.842727749184,"HOLDER_PROFIT":215942941.36,"HOLDER_PROFIT_YOY":26.894962264,"GROSS_PROFIT_RATIO":44.16678597278,"EPS_TTM":0.129460397051,"OPERATE_INCOME_QOQ":-5.004638115095,"NET_PROFIT_RATIO":3.1056113769,"ROE_AVG":4.757133108561,"GROSS_PROFIT_QOQ":-0.86199711193,"ROA":2.256017157316,"HOLDER_PROFIT_QOQ":94.279749804098,"ROE_YEARLY":4.757133108561,"ROIC_YEARLY":2.576406839597,"TOTAL_ASSETS":9989245890.68,"TOTAL_LIABILITIES":5123246157.52,"TAX_EBT":19.575927658248,"OCF_SALES":12.701892734794,"TOTAL_PARENT_EQUITY":4838962048.16,"DEBT_ASSET_RATIO":51.287616839,"OPERATE_PROFIT":404855772.48,"PRETAX_PROFIT":269913948,"NETCASH_OPERATE":887835936.32,"NETCASH_INVEST":-212350821.84,"NETCASH_FINANCE":-185115351.44,"END_CASH":1425024449.28,"DIVI_RATIO":null,"DIVIDEND_RATE":null,"CURRENT_RATIO":1.192307014293,"COMMON_ACS":50000000000,"CURRENTDEBT_DEBT":74.551856036699,"ISSUED_COMMON_SHARES":1668031166,"HK_COMMON_SHARES":1668031166,"PER_SHARES":1000,"TOTAL_MARKET_CAP":1601309919.36,"HKSK_MARKET_CAP":1601309919.36,"PE_TTM":4.400037148141,"PB_TTM":0.282808370454,"REPORT_DATE_SQ":"2019-12-31 00:00:00","REPORT_TYPE_SQ":"2019年年报","OPERATE_INCOME_SQ":7862388260.76,"DPS_HKD":null,"OPERATE_INCOME_QOQ_SQ":1.710935757919,"NET_PROFIT_RATIO_SQ":2.3079038712,"HOLDER_PROFIT_SQ":181121341.32,"HOLDER_PROFIT_QOQ_SQ":20.082349176089,"ROE_AVG_SQ":4.063305444338,"PE_TTM_SQ":16.696451563178,"PB_TTM_SQ":0.187550236326,"ROA_SQ":1.881272810935,"START_DATE":"2020-01-01 00:00:00","FISCAL_YEAR":"12-31","CURRENCY":"HKD","IS_CNY_CODE":0,"DPS_HKD_LY":null,"ORG_TYPE":"一般企业","PREMIUM_INCOME":null,"PREMIUM_INCOME_YOY":null,"NET_INTEREST_INCOME":null,"NET_INTEREST_INCOME_YOY":null,"FEE_COMMISSION_INCOME":null,"FEE_COMMISSION_INCOME_YOY":null,"ACCOUNTS_RECE_TDAYS":7.514817732145,"INVENTORY_TDAYS":2.309279839439,"CURRENT_ASSETS_TDAYS":1.664512011942,"TOTAL_ASSETS_TDAYS":0.730243440214,"PREMIUM_EXPENSE":null,"LOAN_DEPOSIT":null,"LOAN_EQUITY":null,"LOAN_ASSETS":null,"DEPOSIT_EQUITY":null,"DEPOSIT_ASSETS":null,"EQUITY_MULTIPLIER":2.05286609915,"EQUITY_RATIO":1.058748985119},{"SECUCODE":"01086.HK","SECURITY_CODE":"01086","SECURITY_NAME_ABBR":"好孩子国际","ORG_CODE":"10165832","STD_REPORT_DATE":"2020-06-30 00:00:00","REPORT_DATE":"2020-06-30 00:00:00","DATE_TYPE_CODE":"002","REPORT_TYPE":"2020年中报","PER_NETCASH_OPERATE":0.191812069258,"PER_OI":2.036096839677,"BPS":2.742420380987,"BASIC_EPS":0.0274032,"DILUTED_EPS":0.0274032,"OPERATE_INCOME":3396256696.8,"OPERATE_INCOME_YOY":-16.1500411346,"GROSS_PROFIT":1412009253.6,"GROSS_PROFIT_YOY":-16.183211658551,"HOLDER_PROFIT":49451814.72,"HOLDER_PROFIT_YOY":-60.1222746022,"GROSS_PROFIT_RATIO":41.575457324248,"EPS_TTM":0.06663607359,"OPERATE_INCOME_QOQ":-6.414753002687,"NET_PROFIT_RATIO":1.4595377472,"ROE_AVG":1.077866271554,"GROSS_PROFIT_QOQ":-8.050122460369,"ROA":0.487565297235,"HOLDER_PROFIT_QOQ":-38.632016729811,"ROE_YEARLY":2.155732543108,"ROIC_YEARLY":1.129566702632,"TOTAL_ASSETS":10349754756,"TOTAL_LIABILITIES":5731023038.4,"TAX_EBT":20.338510319721,"OCF_SALES":9.420576935232,"TOTAL_PARENT_EQUITY":4574442665.76,"DEBT_ASSET_RATIO":55.373515349,"OPERATE_PROFIT":114531674.4,"PRETAX_PROFIT":62225359.68,"NETCASH_OPERATE":319946975.04,"NETCASH_INVEST":-209719429.92,"NETCASH_FINANCE":670665916.8,"END_CASH":1721359411.2,"DIVI_RATIO":null,"DIVIDEND_RATE":null,"CURRENT_RATIO":1.308391376368,"COMMON_ACS":50000000000,"CURRENTDEBT_DEBT":63.88985848192,"ISSUED_COMMON_SHARES":1668031166,"HK_COMMON_SHARES":1668031166,"PER_SHARES":1000,"TOTAL_MARKET_CAP":1601309919.36,"HKSK_MARKET_CAP":1601309919.36,"PE_TTM":4.400037148141,"PB_TTM":0.282808370454,"REPORT_DATE_SQ":"2019-06-30 00:00:00","REPORT_TYPE_SQ":"2019年中报","OPERATE_INCOME_SQ":3900609483.84,"DPS_HKD":null,"OPERATE_INCOME_QOQ_SQ":2.239173675819,"NET_PROFIT_RATIO_SQ":3.0730066862,"HOLDER_PROFIT_SQ":119422641.6,"HOLDER_PROFIT_QOQ_SQ":5.11598490523,"ROE_AVG_SQ":2.723334054153,"PE_TTM_SQ":16.696451563178,"PB_TTM_SQ":0.187550236326,"ROA_SQ":1.259636845844,"START_DATE":"2020-01-01 00:00:00","FISCAL_YEAR":"12-31","CURRENCY":"HKD","IS_CNY_CODE":0,"DPS_HKD_LY":null,"ORG_TYPE":"一般企业","PREMIUM_INCOME":null,"PREMIUM_INCOME_YOY":null,"NET_INTEREST_INCOME":null,"NET_INTEREST_INCOME_YOY":null,"FEE_COMMISSION_INCOME":null,"FEE_COMMISSION_INCOME_YOY":null,"ACCOUNTS_RECE_TDAYS":3.545285381983,"INVENTORY_TDAYS":1.211062285847,"CURRENT_ASSETS_TDAYS":0.757810903699,"TOTAL_ASSETS_TDAYS":0.3348505844,"PREMIUM_EXPENSE":null,"LOAN_DEPOSIT":null,"LOAN_EQUITY":null,"LOAN_ASSETS":null,"DEPOSIT_EQUITY":null,"DEPOSIT_ASSETS":null,"EQUITY_MULTIPLIER":2.240821807544,"EQUITY_RATIO":1.252835253854}],"count":32},"success":true,"message":"ok","code":0}