{"version":"79619aa05e7d39c8ea2cee2323fd625d","result":{"pages":6,"data":[{"SECUCODE":"01094.HK","SECURITY_CODE":"01094","SECURITY_NAME_ABBR":"承辉国际","ORG_CODE":"10010487","STD_REPORT_DATE":"2024-06-30 00:00:00","REPORT_DATE":"2024-09-30 00:00:00","DATE_TYPE_CODE":"002","REPORT_TYPE":"2024年中报","PER_NETCASH_OPERATE":0.091388563233,"PER_OI":0.125983074813,"BPS":0.55263096124,"BASIC_EPS":0.004328592,"DILUTED_EPS":0.004328592,"OPERATE_INCOME":74646569.04,"OPERATE_INCOME_YOY":-59.335023286,"GROSS_PROFIT":19581468.06,"GROSS_PROFIT_YOY":-20.015083076713,"HOLDER_PROFIT":2112893.97,"HOLDER_PROFIT_YOY":-29.2572463768,"GROSS_PROFIT_RATIO":26.232241229342,"EPS_TTM":0.001204423168,"OPERATE_INCOME_QOQ":0,"NET_PROFIT_RATIO":2.8063689958,"ROE_AVG":0.699292350762,"GROSS_PROFIT_QOQ":0,"ROA":0.31661926837,"HOLDER_PROFIT_QOQ":0,"ROE_YEARLY":1.398584701525,"ROIC_YEARLY":0.644776908015,"TOTAL_ASSETS":678221830.36,"TOTAL_LIABILITIES":361502360.88,"TAX_EBT":-3.428317008014,"OCF_SALES":72.540349859863,"TOTAL_PARENT_EQUITY":327440850.79,"DEBT_ASSET_RATIO":53.3014929183,"OPERATE_PROFIT":4991407.65,"PRETAX_PROFIT":2025420.34,"NETCASH_OPERATE":54148882.34,"NETCASH_INVEST":-76359970.04,"NETCASH_FINANCE":55189548,"END_CASH":39462330.4,"DIVI_RATIO":null,"DIVIDEND_RATE":null,"CURRENT_RATIO":1.097451813133,"COMMON_ACS":4900000000,"CURRENTDEBT_DEBT":83.99439222495,"ISSUED_COMMON_SHARES":592512678,"HK_COMMON_SHARES":592512678,"PER_SHARES":8000,"TOTAL_MARKET_CAP":222192254.25,"HKSK_MARKET_CAP":222192254.25,"PE_TTM":-709.879406549521,"PB_TTM":0.61192961256,"REPORT_DATE_SQ":"2023-06-30 00:00:00","REPORT_TYPE_SQ":"2023年中报","OPERATE_INCOME_SQ":186789092.28,"DPS_HKD":null,"OPERATE_INCOME_QOQ_SQ":0,"NET_PROFIT_RATIO_SQ":1.7184460296,"HOLDER_PROFIT_SQ":3039190.56,"HOLDER_PROFIT_QOQ_SQ":0,"ROE_AVG_SQ":1.048404838743,"PE_TTM_SQ":6.630002036749,"PB_TTM_SQ":0.605366333939,"ROA_SQ":0.552838471682,"START_DATE":"2024-04-01 00:00:00","FISCAL_YEAR":"3-31","CURRENCY":"HKD","IS_CNY_CODE":0,"DPS_HKD_LY":null,"ORG_TYPE":"一般企业","PREMIUM_INCOME":null,"PREMIUM_INCOME_YOY":null,"NET_INTEREST_INCOME":null,"NET_INTEREST_INCOME_YOY":null,"FEE_COMMISSION_INCOME":null,"FEE_COMMISSION_INCOME_YOY":null,"ACCOUNTS_RECE_TDAYS":0.251571256641,"INVENTORY_TDAYS":393.948387096774,"CURRENT_ASSETS_TDAYS":0.202351428421,"TOTAL_ASSETS_TDAYS":0.111858628078,"PREMIUM_EXPENSE":null,"LOAN_DEPOSIT":null,"LOAN_EQUITY":null,"LOAN_ASSETS":null,"DEPOSIT_EQUITY":null,"DEPOSIT_ASSETS":null,"EQUITY_MULTIPLIER":2.141396079859,"EQUITY_RATIO":1.104023398448},{"SECUCODE":"01094.HK","SECURITY_CODE":"01094","SECURITY_NAME_ABBR":"承辉国际","ORG_CODE":"10010487","STD_REPORT_DATE":"2023-12-31 00:00:00","REPORT_DATE":"2024-03-31 00:00:00","DATE_TYPE_CODE":"001","REPORT_TYPE":"2023年年报","PER_NETCASH_OPERATE":0.02310068948,"PER_OI":1.436091026673,"BPS":0.469720552967,"BASIC_EPS":0.00123200145,"DILUTED_EPS":0.0012292818,"OPERATE_INCOME":709085279,"OPERATE_INCOME_YOY":187.8635649329,"GROSS_PROFIT":53952416.7,"GROSS_PROFIT_YOY":63.759867841053,"HOLDER_PROFIT":594696.8,"HOLDER_PROFIT_YOY":-95.0609847914,"GROSS_PROFIT_RATIO":7.608734562377,"EPS_TTM":0.051145751262,"OPERATE_INCOME_QOQ":0,"NET_PROFIT_RATIO":0.1027896392,"ROE_AVG":0.208625188629,"GROSS_PROFIT_QOQ":0,"ROA":0.099292315214,"HOLDER_PROFIT_QOQ":0,"ROE_YEARLY":0.208625188629,"ROIC_YEARLY":0.098663975466,"TOTAL_ASSETS":659902221.85,"TOTAL_LIABILITIES":392188941.35,"TAX_EBT":107.667366011825,"OCF_SALES":1.608581145005,"TOTAL_PARENT_EQUITY":278315382.75,"DEBT_ASSET_RATIO":59.4313715524,"OPERATE_PROFIT":-3409534.55,"PRETAX_PROFIT":-9506083.3,"NETCASH_OPERATE":11406212.1,"NETCASH_INVEST":-132356.3,"NETCASH_FINANCE":-13055226.55,"END_CASH":5719423.95,"DIVI_RATIO":null,"DIVIDEND_RATE":null,"CURRENT_RATIO":1.35184130514,"COMMON_ACS":4900000000,"CURRENTDEBT_DEBT":82.082534898074,"ISSUED_COMMON_SHARES":592512678,"HK_COMMON_SHARES":592512678,"PER_SHARES":8000,"TOTAL_MARKET_CAP":343657353.24,"HKSK_MARKET_CAP":343657353.24,"PE_TTM":-1097.94681546326,"PB_TTM":0.946451134092,"REPORT_DATE_SQ":"2022-12-31 00:00:00","REPORT_TYPE_SQ":"2022年年报","OPERATE_INCOME_SQ":237865529.79,"DPS_HKD":null,"OPERATE_INCOME_QOQ_SQ":0,"NET_PROFIT_RATIO_SQ":5.0029626195,"HOLDER_PROFIT_SQ":11627195.62,"HOLDER_PROFIT_QOQ_SQ":0,"ROE_AVG_SQ":5.023572818545,"PE_TTM_SQ":23.420360423129,"PB_TTM_SQ":1.003633658899,"ROA_SQ":2.802828151098,"START_DATE":"2023-04-01 00:00:00","FISCAL_YEAR":"3-31","CURRENCY":"HKD","IS_CNY_CODE":0,"DPS_HKD_LY":null,"ORG_TYPE":"一般企业","PREMIUM_INCOME":null,"PREMIUM_INCOME_YOY":null,"NET_INTEREST_INCOME":null,"NET_INTEREST_INCOME_YOY":null,"FEE_COMMISSION_INCOME":null,"FEE_COMMISSION_INCOME_YOY":null,"ACCOUNTS_RECE_TDAYS":2.534455970721,"INVENTORY_TDAYS":4366.56193353474,"CURRENT_ASSETS_TDAYS":2.170494450834,"TOTAL_ASSETS_TDAYS":1.183909498687,"PREMIUM_EXPENSE":null,"LOAN_DEPOSIT":null,"LOAN_EQUITY":null,"LOAN_ASSETS":null,"DEPOSIT_EQUITY":null,"DEPOSIT_ASSETS":null,"EQUITY_MULTIPLIER":2.464958856797,"EQUITY_RATIO":1.409152945392},{"SECUCODE":"01094.HK","SECURITY_CODE":"01094","SECURITY_NAME_ABBR":"承辉国际","ORG_CODE":"10010487","STD_REPORT_DATE":"2023-06-30 00:00:00","REPORT_DATE":"2023-09-30 00:00:00","DATE_TYPE_CODE":"002","REPORT_TYPE":"2023年中报","PER_NETCASH_OPERATE":0.125805978458,"PER_OI":0.378298841124,"BPS":0.480011661607,"BASIC_EPS":0.006331647,"DILUTED_EPS":0.005414017,"OPERATE_INCOME":186789092.28,"OPERATE_INCOME_YOY":191.1769754535,"GROSS_PROFIT":24481450.77,"GROSS_PROFIT_YOY":78.749759786388,"HOLDER_PROFIT":3039190.56,"HOLDER_PROFIT_YOY":128.2931829831,"GROSS_PROFIT_RATIO":13.106467016448,"EPS_TTM":0.023548241361,"OPERATE_INCOME_QOQ":0,"NET_PROFIT_RATIO":1.7184460296,"ROE_AVG":1.048404838743,"GROSS_PROFIT_QOQ":0,"ROA":0.552838471682,"HOLDER_PROFIT_QOQ":0,"ROE_YEARLY":2.096809677486,"ROIC_YEARLY":1.09812047993,"TOTAL_ASSETS":554942248.28,"TOTAL_LIABILITIES":280921412.94,"TAX_EBT":31.693028705331,"OCF_SALES":33.255713415473,"TOTAL_PARENT_EQUITY":284412995.09,"DEBT_ASSET_RATIO":50.621738354,"OPERATE_PROFIT":8233893.99,"PRETAX_PROFIT":4699183.23,"NETCASH_OPERATE":57096773.86,"NETCASH_INVEST":-41293.35,"NETCASH_FINANCE":-59355061.29,"END_CASH":5605801.67,"DIVI_RATIO":null,"DIVIDEND_RATE":null,"CURRENT_RATIO":1.214960585449,"COMMON_ACS":4900000000,"CURRENTDEBT_DEBT":80.969366756169,"ISSUED_COMMON_SHARES":592512678,"HK_COMMON_SHARES":592512678,"PER_SHARES":8000,"TOTAL_MARKET_CAP":343657353.24,"HKSK_MARKET_CAP":343657353.24,"PE_TTM":-1097.94681546326,"PB_TTM":0.946451134092,"REPORT_DATE_SQ":"2022-06-30 00:00:00","REPORT_TYPE_SQ":"2022年中报","OPERATE_INCOME_SQ":63227591.52,"DPS_HKD":null,"OPERATE_INCOME_QOQ_SQ":0,"NET_PROFIT_RATIO_SQ":-15.9910167649,"HOLDER_PROFIT_SQ":-10587374.64,"HOLDER_PROFIT_QOQ_SQ":0,"ROE_AVG_SQ":-6.218078960998,"PE_TTM_SQ":23.420360423129,"PB_TTM_SQ":1.003633658899,"ROA_SQ":-3.419392624032,"START_DATE":"2023-04-01 00:00:00","FISCAL_YEAR":"3-31","CURRENCY":"HKD","IS_CNY_CODE":0,"DPS_HKD_LY":null,"ORG_TYPE":"一般企业","PREMIUM_INCOME":null,"PREMIUM_INCOME_YOY":null,"NET_INTEREST_INCOME":null,"NET_INTEREST_INCOME_YOY":null,"FEE_COMMISSION_INCOME":null,"FEE_COMMISSION_INCOME_YOY":null,"ACCOUNTS_RECE_TDAYS":0.761671699426,"INVENTORY_TDAYS":92.508891213389,"CURRENT_ASSETS_TDAYS":0.710141413578,"TOTAL_ASSETS_TDAYS":0.339775325911,"PREMIUM_EXPENSE":null,"LOAN_DEPOSIT":null,"LOAN_EQUITY":null,"LOAN_ASSETS":null,"DEPOSIT_EQUITY":null,"DEPOSIT_ASSETS":null,"EQUITY_MULTIPLIER":2.025182674856,"EQUITY_RATIO":0.987723549169},{"SECUCODE":"01094.HK","SECURITY_CODE":"01094","SECURITY_NAME_ABBR":"承辉国际","ORG_CODE":"10010487","STD_REPORT_DATE":"2022-12-31 00:00:00","REPORT_DATE":"2023-03-31 00:00:00","DATE_TYPE_CODE":"001","REPORT_TYPE":"2022年年报","PER_NETCASH_OPERATE":-0.384810389579,"PER_OI":0.481742553404,"BPS":0.475553905937,"BASIC_EPS":0.03515296396,"DILUTED_EPS":0.03501377377,"OPERATE_INCOME":237865529.79,"OPERATE_INCOME_YOY":128.0287009063,"GROSS_PROFIT":32946055.35,"GROSS_PROFIT_YOY":64.675341056224,"HOLDER_PROFIT":11627195.62,"HOLDER_PROFIT_YOY":160.7593778591,"GROSS_PROFIT_RATIO":13.850706060305,"EPS_TTM":-0.050777394793,"OPERATE_INCOME_QOQ":0,"NET_PROFIT_RATIO":5.0029626195,"ROE_AVG":5.023572818545,"GROSS_PROFIT_QOQ":0,"ROA":2.802828151098,"HOLDER_PROFIT_QOQ":0,"ROE_YEARLY":5.023572818545,"ROIC_YEARLY":2.819762967523,"TOTAL_ASSETS":519489303.84,"TOTAL_LIABILITIES":247790928.37,"TAX_EBT":499.705968832696,"OCF_SALES":-79.878845424869,"TOTAL_PARENT_EQUITY":281771718.34,"DEBT_ASSET_RATIO":47.6989471272,"OPERATE_PROFIT":236360.7,"PRETAX_PROFIT":-2977269.41,"NETCASH_OPERATE":-190004238.86,"NETCASH_INVEST":-668813.24,"NETCASH_FINANCE":175833977.19,"END_CASH":7421725.98,"DIVI_RATIO":null,"DIVIDEND_RATE":null,"CURRENT_RATIO":1.219120025447,"COMMON_ACS":4900000000,"CURRENTDEBT_DEBT":78.857261964905,"ISSUED_COMMON_SHARES":592512678,"HK_COMMON_SHARES":592512678,"PER_SHARES":8000,"TOTAL_MARKET_CAP":355507606.8,"HKSK_MARKET_CAP":355507606.8,"PE_TTM":-1135.80705047923,"PB_TTM":0.979087380095,"REPORT_DATE_SQ":"2021-12-31 00:00:00","REPORT_TYPE_SQ":"2021年年报","OPERATE_INCOME_SQ":97425216,"DPS_HKD":null,"OPERATE_INCOME_QOQ_SQ":17.544462296878,"NET_PROFIT_RATIO_SQ":-19.1465256798,"HOLDER_PROFIT_SQ":-17872736,"HOLDER_PROFIT_QOQ_SQ":-463.313262619991,"ROE_AVG_SQ":-10.164463436295,"PE_TTM_SQ":26.766126197862,"PB_TTM_SQ":1.147009895884,"ROA_SQ":-6.120377693939,"START_DATE":"2022-04-01 00:00:00","FISCAL_YEAR":"3-31","CURRENCY":"HKD","IS_CNY_CODE":0,"DPS_HKD_LY":null,"ORG_TYPE":"一般企业","PREMIUM_INCOME":null,"PREMIUM_INCOME_YOY":null,"NET_INTEREST_INCOME":null,"NET_INTEREST_INCOME_YOY":null,"FEE_COMMISSION_INCOME":null,"FEE_COMMISSION_INCOME_YOY":null,"ACCOUNTS_RECE_TDAYS":1.971757295609,"INVENTORY_TDAYS":2770.22485207101,"CURRENT_ASSETS_TDAYS":1.804764324357,"TOTAL_ASSETS_TDAYS":0.573393812971,"PREMIUM_EXPENSE":null,"LOAN_DEPOSIT":null,"LOAN_EQUITY":null,"LOAN_ASSETS":null,"DEPOSIT_EQUITY":null,"DEPOSIT_ASSETS":null,"EQUITY_MULTIPLIER":1.912007397694,"EQUITY_RATIO":0.879403120476},{"SECUCODE":"01094.HK","SECURITY_CODE":"01094","SECURITY_NAME_ABBR":"承辉国际","ORG_CODE":"10010487","STD_REPORT_DATE":"2022-06-30 00:00:00","REPORT_DATE":"2022-09-30 00:00:00","DATE_TYPE_CODE":"002","REPORT_TYPE":"2022年中报","PER_NETCASH_OPERATE":-0.013834287523,"PER_OI":0.215732182058,"BPS":0.258888693146,"BASIC_EPS":-0.03482094,"DILUTED_EPS":-0.03482094,"OPERATE_INCOME":63227591.52,"OPERATE_INCOME_YOY":246.0792079208,"GROSS_PROFIT":13695934.92,"GROSS_PROFIT_YOY":66.581090576359,"HOLDER_PROFIT":-10587374.64,"HOLDER_PROFIT_YOY":-187.4754420432,"GROSS_PROFIT_RATIO":21.661326314585,"EPS_TTM":-0.060981673411,"OPERATE_INCOME_QOQ":0,"NET_PROFIT_RATIO":-15.9910167649,"ROE_AVG":-6.218078960998,"GROSS_PROFIT_QOQ":0,"ROA":-3.419392624032,"HOLDER_PROFIT_QOQ":0,"ROE_YEARLY":-12.436157921995,"ROIC_YEARLY":-6.881642047033,"TOTAL_ASSETS":298781754,"TOTAL_LIABILITIES":155452433.88,"TAX_EBT":17.082035306334,"OCF_SALES":-6.412713852492,"TOTAL_PARENT_EQUITY":153394832.88,"DEBT_ASSET_RATIO":52.0287573785,"OPERATE_PROFIT":-10768262.64,"PRETAX_PROFIT":-12193660.08,"NETCASH_OPERATE":-4054604.52,"NETCASH_INVEST":-8451087.36,"NETCASH_FINANCE":-3533647.08,"END_CASH":5797460.4,"DIVI_RATIO":null,"DIVIDEND_RATE":null,"CURRENT_RATIO":0.365814424204,"COMMON_ACS":4900000000,"CURRENTDEBT_DEBT":54.614637211494,"ISSUED_COMMON_SHARES":592512678,"HK_COMMON_SHARES":592512678,"PER_SHARES":8000,"TOTAL_MARKET_CAP":355507606.8,"HKSK_MARKET_CAP":355507606.8,"PE_TTM":-1135.80705047923,"PB_TTM":0.979087380095,"REPORT_DATE_SQ":"2021-06-30 00:00:00","REPORT_TYPE_SQ":"2021年中报","OPERATE_INCOME_SQ":16808016,"DPS_HKD":null,"OPERATE_INCOME_QOQ_SQ":5.263021720414,"NET_PROFIT_RATIO_SQ":-17.8564356436,"HOLDER_PROFIT_SQ":-3388229.76,"HOLDER_PROFIT_QOQ_SQ":255.750777045645,"ROE_AVG_SQ":-1.903070523905,"PE_TTM_SQ":26.766126197862,"PB_TTM_SQ":1.147009895884,"ROA_SQ":-1.130709081216,"START_DATE":"2022-04-01 00:00:00","FISCAL_YEAR":"3-31","CURRENCY":"HKD","IS_CNY_CODE":0,"DPS_HKD_LY":null,"ORG_TYPE":"一般企业","PREMIUM_INCOME":null,"PREMIUM_INCOME_YOY":null,"NET_INTEREST_INCOME":null,"NET_INTEREST_INCOME_YOY":null,"FEE_COMMISSION_INCOME":null,"FEE_COMMISSION_INCOME_YOY":null,"ACCOUNTS_RECE_TDAYS":4.338070121005,"INVENTORY_TDAYS":823.533834586466,"CURRENT_ASSETS_TDAYS":2.207702389035,"TOTAL_ASSETS_TDAYS":0.204205449821,"PREMIUM_EXPENSE":null,"LOAN_DEPOSIT":null,"LOAN_EQUITY":null,"LOAN_ASSETS":null,"DEPOSIT_EQUITY":null,"DEPOSIT_ASSETS":null,"EQUITY_MULTIPLIER":2.084582231672,"EQUITY_RATIO":1.013413756913},{"SECUCODE":"01094.HK","SECURITY_CODE":"01094","SECURITY_NAME_ABBR":"承辉国际","ORG_CODE":"10010487","STD_REPORT_DATE":"2021-12-31 00:00:00","REPORT_DATE":"2021-12-31 00:00:00","DATE_TYPE_CODE":"001","REPORT_TYPE":"2021年年报","PER_NETCASH_OPERATE":-0.011521240219,"PER_OI":0.33241428196,"BPS":0.297704903455,"BASIC_EPS":-0.0707224,"DILUTED_EPS":-0.0707224,"OPERATE_INCOME":97425216,"OPERATE_INCOME_YOY":27.3689273689,"GROSS_PROFIT":20006672,"GROSS_PROFIT_YOY":27.698396501322,"HOLDER_PROFIT":-17872736,"HOLDER_PROFIT_YOY":-1430.4930006086,"GROSS_PROFIT_RATIO":20.535414568647,"EPS_TTM":-0.060981673411,"OPERATE_INCOME_QOQ":17.544462296878,"NET_PROFIT_RATIO":-19.1465256798,"ROE_AVG":-10.164463436295,"GROSS_PROFIT_QOQ":25.166856530265,"ROA":-6.120377693939,"HOLDER_PROFIT_QOQ":-463.313262619991,"ROE_YEARLY":-10.164463436295,"ROIC_YEARLY":-6.252636847939,"TOTAL_ASSETS":299439490.18,"TOTAL_LIABILITIES":141569094.59,"TAX_EBT":16.192190427212,"OCF_SALES":-3.465928163813,"TOTAL_PARENT_EQUITY":167808512.13,"DEBT_ASSET_RATIO":42.2537556479,"OPERATE_PROFIT":-20816096,"PRETAX_PROFIT":-22257524.8,"NETCASH_OPERATE":-3376688,"NETCASH_INVEST":445592,"NETCASH_FINANCE":7206326.4,"END_CASH":16126342.4,"DIVI_RATIO":null,"DIVIDEND_RATE":null,"CURRENT_RATIO":0.362771841137,"COMMON_ACS":4900000000,"CURRENTDEBT_DEBT":49.249823841796,"ISSUED_COMMON_SHARES":592512678,"HK_COMMON_SHARES":592512678,"PER_SHARES":8000,"TOTAL_MARKET_CAP":355507606.8,"HKSK_MARKET_CAP":355507606.8,"PE_TTM":-1135.80705047923,"PB_TTM":0.979087380095,"REPORT_DATE_SQ":"2020-12-31 00:00:00","REPORT_TYPE_SQ":"2020年年报","OPERATE_INCOME_SQ":78739630.2,"DPS_HKD":null,"OPERATE_INCOME_QOQ_SQ":15.13898438267,"NET_PROFIT_RATIO_SQ":0.2362246807,"HOLDER_PROFIT_SQ":1382814.52,"HOLDER_PROFIT_QOQ_SQ":112.623503937187,"ROE_AVG_SQ":0.808081801683,"PE_TTM_SQ":26.766126197862,"PB_TTM_SQ":1.147009895884,"ROA_SQ":0.474649032718,"START_DATE":"2021-01-01 00:00:00","FISCAL_YEAR":"12-31","CURRENCY":"HKD","IS_CNY_CODE":0,"DPS_HKD_LY":null,"ORG_TYPE":"一般企业","PREMIUM_INCOME":null,"PREMIUM_INCOME_YOY":null,"NET_INTEREST_INCOME":null,"NET_INTEREST_INCOME_YOY":null,"FEE_COMMISSION_INCOME":null,"FEE_COMMISSION_INCOME_YOY":null,"ACCOUNTS_RECE_TDAYS":7.905788688008,"INVENTORY_TDAYS":1245.92105263158,"CURRENT_ASSETS_TDAYS":3.670357764396,"TOTAL_ASSETS_TDAYS":0.333624979876,"PREMIUM_EXPENSE":null,"LOAN_DEPOSIT":null,"LOAN_EQUITY":null,"LOAN_ASSETS":null,"DEPOSIT_EQUITY":null,"DEPOSIT_ASSETS":null,"EQUITY_MULTIPLIER":1.731714349946,"EQUITY_RATIO":0.84363476437},{"SECUCODE":"01094.HK","SECURITY_CODE":"01094","SECURITY_NAME_ABBR":"承辉国际","ORG_CODE":"10010487","STD_REPORT_DATE":"2021-06-30 00:00:00","REPORT_DATE":"2021-06-30 00:00:00","DATE_TYPE_CODE":"002","REPORT_TYPE":"2021年中报","PER_NETCASH_OPERATE":-0.015889937817,"PER_OI":0.06880530416,"BPS":0.29990751489,"BASIC_EPS":-0.013895736,"DILUTED_EPS":-0.013895736,"OPERATE_INCOME":16808016,"OPERATE_INCOME_YOY":45.7010963647,"GROSS_PROFIT":8221782.48,"GROSS_PROFIT_YOY":4.008555816835,"HOLDER_PROFIT":-3388229.76,"HOLDER_PROFIT_YOY":46.2867695555,"GROSS_PROFIT_RATIO":48.915841584158,"EPS_TTM":0.020137949837,"OPERATE_INCOME_QOQ":5.263021720414,"NET_PROFIT_RATIO":-17.8564356436,"ROE_AVG":-1.903070523905,"GROSS_PROFIT_QOQ":2.02253219521,"ROA":-1.130709081216,"HOLDER_PROFIT_QOQ":255.750777045645,"ROE_YEARLY":-3.80614104781,"ROIC_YEARLY":-2.274876221203,"TOTAL_ASSETS":299760148.32,"TOTAL_LIABILITIES":130054104,"TAX_EBT":19.773131672598,"OCF_SALES":-23.094059405941,"TOTAL_PARENT_EQUITY":177699004.8,"DEBT_ASSET_RATIO":43.3860553942,"OPERATE_PROFIT":-2971357.68,"PRETAX_PROFIT":-3741031.68,"NETCASH_OPERATE":-3881653.2,"NETCASH_INVEST":463468.56,"NETCASH_FINANCE":-3651999.12,"END_CASH":5796269.28,"DIVI_RATIO":null,"DIVIDEND_RATE":null,"CURRENT_RATIO":0.412303406794,"COMMON_ACS":4900000000,"CURRENTDEBT_DEBT":51.907869481766,"ISSUED_COMMON_SHARES":592512678,"HK_COMMON_SHARES":592512678,"PER_SHARES":8000,"TOTAL_MARKET_CAP":355507606.8,"HKSK_MARKET_CAP":355507606.8,"PE_TTM":-1135.80705047923,"PB_TTM":0.979087380095,"REPORT_DATE_SQ":"2020-06-30 00:00:00","REPORT_TYPE_SQ":"2020年中报","OPERATE_INCOME_SQ":12663932.16,"DPS_HKD":null,"OPERATE_INCOME_QOQ_SQ":4.117436327097,"NET_PROFIT_RATIO_SQ":-61.0357761108,"HOLDER_PROFIT_SQ":-6924788.64,"HOLDER_PROFIT_QOQ_SQ":13.723956428242,"ROE_AVG_SQ":-4.046696345643,"PE_TTM_SQ":26.766126197862,"PB_TTM_SQ":1.147009895884,"ROA_SQ":-2.338129773759,"START_DATE":"2021-01-01 00:00:00","FISCAL_YEAR":"12-31","CURRENCY":"HKD","IS_CNY_CODE":0,"DPS_HKD_LY":null,"ORG_TYPE":"一般企业","PREMIUM_INCOME":null,"PREMIUM_INCOME_YOY":null,"NET_INTEREST_INCOME":null,"NET_INTEREST_INCOME_YOY":null,"FEE_COMMISSION_INCOME":null,"FEE_COMMISSION_INCOME_YOY":null,"ACCOUNTS_RECE_TDAYS":1.348014681348,"INVENTORY_TDAYS":117.931428571429,"CURRENT_ASSETS_TDAYS":0.582216457703,"TOTAL_ASSETS_TDAYS":0.056091167585,"PREMIUM_EXPENSE":null,"LOAN_DEPOSIT":null,"LOAN_EQUITY":null,"LOAN_ASSETS":null,"DEPOSIT_EQUITY":null,"DEPOSIT_ASSETS":null,"EQUITY_MULTIPLIER":1.766349274835,"EQUITY_RATIO":0.731878628957},{"SECUCODE":"01094.HK","SECURITY_CODE":"01094","SECURITY_NAME_ABBR":"承辉国际","ORG_CODE":"10010487","STD_REPORT_DATE":"2020-12-31 00:00:00","REPORT_DATE":"2020-12-31 00:00:00","DATE_TYPE_CODE":"001","REPORT_TYPE":"2020年年报","PER_NETCASH_OPERATE":0.005550439515,"PER_OI":0.322328596389,"BPS":0.304518012693,"BASIC_EPS":0.006228136,"DILUTED_EPS":0.006228136,"OPERATE_INCOME":78739630.2,"OPERATE_INCOME_YOY":27.5912388849,"GROSS_PROFIT":15667128.6,"GROSS_PROFIT_YOY":-19.726780794822,"HOLDER_PROFIT":1382814.52,"HOLDER_PROFIT_YOY":111.591646677,"GROSS_PROFIT_RATIO":19.897386564053,"EPS_TTM":0.00566069033,"OPERATE_INCOME_QOQ":15.13898438267,"NET_PROFIT_RATIO":0.2362246807,"ROE_AVG":0.808081801683,"GROSS_PROFIT_QOQ":-23.957199815339,"ROA":0.474649032718,"HOLDER_PROFIT_QOQ":112.623503937187,"ROE_YEARLY":0.808081801683,"ROIC_YEARLY":0.4896073903,"TOTAL_ASSETS":302992083.28,"TOTAL_LIABILITIES":130896902.64,"TAX_EBT":-28.488372093023,"OCF_SALES":1.721981721982,"TOTAL_PARENT_EQUITY":180430783.2,"DEBT_ASSET_RATIO":43.2014266587,"OPERATE_PROFIT":1847399.8,"PRETAX_PROFIT":144762.08,"NETCASH_OPERATE":1355882.04,"NETCASH_INVEST":-5125587.6,"NETCASH_FINANCE":-2516503.6,"END_CASH":12962939.28,"DIVI_RATIO":null,"DIVIDEND_RATE":null,"CURRENT_RATIO":0.468645272341,"COMMON_ACS":4900000000,"CURRENTDEBT_DEBT":49.308154263596,"ISSUED_COMMON_SHARES":592512678,"HK_COMMON_SHARES":592512678,"PER_SHARES":8000,"TOTAL_MARKET_CAP":355507606.8,"HKSK_MARKET_CAP":355507606.8,"PE_TTM":-1135.80705047923,"PB_TTM":0.979087380095,"REPORT_DATE_SQ":"2019-12-31 00:00:00","REPORT_TYPE_SQ":"2019年年报","OPERATE_INCOME_SQ":65682172.72,"DPS_HKD":null,"OPERATE_INCOME_QOQ_SQ":10.650324299038,"NET_PROFIT_RATIO_SQ":-18.6773771207,"HOLDER_PROFIT_SQ":-12696785.72,"HOLDER_PROFIT_QOQ_SQ":24.81186654557,"ROE_AVG_SQ":-7.430590504949,"PE_TTM_SQ":26.766126197862,"PB_TTM_SQ":1.147009895884,"ROA_SQ":-4.282356353441,"START_DATE":"2020-01-01 00:00:00","FISCAL_YEAR":"12-31","CURRENCY":"HKD","IS_CNY_CODE":0,"DPS_HKD_LY":null,"ORG_TYPE":"一般企业","PREMIUM_INCOME":null,"PREMIUM_INCOME_YOY":null,"NET_INTEREST_INCOME":null,"NET_INTEREST_INCOME_YOY":null,"FEE_COMMISSION_INCOME":null,"FEE_COMMISSION_INCOME_YOY":null,"ACCOUNTS_RECE_TDAYS":8.7072455675,"INVENTORY_TDAYS":469.843260188088,"CURRENT_ASSETS_TDAYS":2.645486935867,"TOTAL_ASSETS_TDAYS":0.270272612635,"PREMIUM_EXPENSE":null,"LOAN_DEPOSIT":null,"LOAN_EQUITY":null,"LOAN_ASSETS":null,"DEPOSIT_EQUITY":null,"DEPOSIT_ASSETS":null,"EQUITY_MULTIPLIER":1.760607601869,"EQUITY_RATIO":0.725468793731},{"SECUCODE":"01094.HK","SECURITY_CODE":"01094","SECURITY_NAME_ABBR":"承辉国际","ORG_CODE":"10010487","STD_REPORT_DATE":"2020-06-30 00:00:00","REPORT_DATE":"2020-06-30 00:00:00","DATE_TYPE_CODE":"002","REPORT_TYPE":"2020年中报","PER_NETCASH_OPERATE":-0.019530707498,"PER_OI":0.060481065168,"BPS":0.281216335695,"BASIC_EPS":-0.033066528,"DILUTED_EPS":-0.033066528,"OPERATE_INCOME":12663932.16,"OPERATE_INCOME_YOY":22.4518636283,"GROSS_PROFIT":7904909.76,"GROSS_PROFIT_YOY":15.922652074482,"HOLDER_PROFIT":-6924788.64,"HOLDER_PROFIT_YOY":23.0589668121,"GROSS_PROFIT_RATIO":62.420657818811,"EPS_TTM":-0.052316040475,"OPERATE_INCOME_QOQ":4.117436327097,"NET_PROFIT_RATIO":-61.0357761108,"ROE_AVG":-4.046696345643,"GROSS_PROFIT_QOQ":5.563207838539,"ROA":-2.338129773759,"HOLDER_PROFIT_QOQ":13.723956428242,"ROE_YEARLY":-8.093392691285,"ROIC_YEARLY":-4.805644302449,"TOTAL_ASSETS":288800497.92,"TOTAL_LIABILITIES":129958762.56,"TAX_EBT":8.706440824253,"OCF_SALES":-32.292267743797,"TOTAL_PARENT_EQUITY":166624244.16,"DEBT_ASSET_RATIO":44.9994939399,"OPERATE_PROFIT":-7519438.08,"PRETAX_PROFIT":-8466675.36,"NETCASH_OPERATE":-4089470.88,"NETCASH_INVEST":-3474725.76,"NETCASH_FINANCE":-3382468.32,"END_CASH":10246056.48,"DIVI_RATIO":null,"DIVIDEND_RATE":null,"CURRENT_RATIO":0.271230621484,"COMMON_ACS":4900000000,"CURRENTDEBT_DEBT":66.601768418685,"ISSUED_COMMON_SHARES":592512678,"HK_COMMON_SHARES":592512678,"PER_SHARES":8000,"TOTAL_MARKET_CAP":355507606.8,"HKSK_MARKET_CAP":355507606.8,"PE_TTM":-1135.80705047923,"PB_TTM":0.979087380095,"REPORT_DATE_SQ":"2019-06-30 00:00:00","REPORT_TYPE_SQ":"2019年中报","OPERATE_INCOME_SQ":9959510.52,"DPS_HKD":null,"OPERATE_INCOME_QOQ_SQ":-0.79334251481,"NET_PROFIT_RATIO_SQ":-90.2932344109,"HOLDER_PROFIT_SQ":-8667289.98,"HOLDER_PROFIT_QOQ_SQ":21.020239041404,"ROE_AVG_SQ":-5.290272352649,"PE_TTM_SQ":26.766126197862,"PB_TTM_SQ":1.147009895884,"ROA_SQ":-3.055070648315,"START_DATE":"2020-01-01 00:00:00","FISCAL_YEAR":"12-31","CURRENCY":"HKD","IS_CNY_CODE":0,"DPS_HKD_LY":null,"ORG_TYPE":"一般企业","PREMIUM_INCOME":null,"PREMIUM_INCOME_YOY":null,"NET_INTEREST_INCOME":null,"NET_INTEREST_INCOME_YOY":null,"FEE_COMMISSION_INCOME":null,"FEE_COMMISSION_INCOME_YOY":null,"ACCOUNTS_RECE_TDAYS":1.621046477638,"INVENTORY_TDAYS":23.681818181818,"CURRENT_ASSETS_TDAYS":0.458389816499,"TOTAL_ASSETS_TDAYS":0.042759307721,"PREMIUM_EXPENSE":null,"LOAN_DEPOSIT":null,"LOAN_EQUITY":null,"LOAN_ASSETS":null,"DEPOSIT_EQUITY":null,"DEPOSIT_ASSETS":null,"EQUITY_MULTIPLIER":1.818165089076,"EQUITY_RATIO":0.779951100244}],"count":47},"success":true,"message":"ok","code":0}