{"version":"651e6c4dccf7ba867958ff1fa666b5b9","result":{"pages":8,"data":[{"SECUCODE":"01099.HK","SECURITY_CODE":"01099","SECURITY_NAME_ABBR":"国药控股","ORG_CODE":"10037149","STD_REPORT_DATE":"2024-09-30 00:00:00","REPORT_DATE":"2024-09-30 00:00:00","DATE_TYPE_CODE":"004","REPORT_TYPE":"2024年三季报","PER_NETCASH_OPERATE":-15.291129794567,"PER_OI":141.772455739627,"BPS":24.763095494636,"BASIC_EPS":1.69,"DILUTED_EPS":1.69,"OPERATE_INCOME":442423091717.14,"OPERATE_INCOME_YOY":-0.7841480015,"GROSS_PROFIT":33087157629.7,"GROSS_PROFIT_YOY":-5.993949389959,"HOLDER_PROFIT":5278604309.45,"HOLDER_PROFIT_YOY":-13.4128402772,"GROSS_PROFIT_RATIO":7.478623573033,"EPS_TTM":2.639212352506,"OPERATE_INCOME_QOQ":0.46189838745,"NET_PROFIT_RATIO":1.8961067941,"ROE_AVG":6.945707718092,"GROSS_PROFIT_QOQ":-1.657955734167,"ROA":1.294635527931,"HOLDER_PROFIT_QOQ":-4.820434355006,"ROE_YEARLY":9.260943624122,"ROIC_YEARLY":1.724443164035,"TOTAL_ASSETS":432063127849.04,"TOTAL_LIABILITIES":307123892228.99,"TAX_EBT":22.578604515796,"OCF_SALES":-10.785684507469,"TOTAL_PARENT_EQUITY":77277107263.66,"DEBT_ASSET_RATIO":71.0831062484,"OPERATE_PROFIT":12355333091,"PRETAX_PROFIT":10835266205.75,"NETCASH_OPERATE":-47718358860.8,"NETCASH_INVEST":-61470935.3,"NETCASH_FINANCE":20010890727.01,"END_CASH":36034838564.93,"DIVI_RATIO":0.328259421481,"DIVIDEND_RATE":4.838056680162,"CURRENT_RATIO":1.329605031893,"COMMON_ACS":null,"CURRENTDEBT_DEBT":94.003523221502,"ISSUED_COMMON_SHARES":3120656191,"HK_COMMON_SHARES":1341810740,"PER_SHARES":400,"TOTAL_MARKET_CAP":61664166334.16,"HKSK_MARKET_CAP":26514180222.4,"PE_TTM":6.70215748513,"PB_TTM":0.719593816688,"REPORT_DATE_SQ":"2023-09-30 00:00:00","REPORT_TYPE_SQ":"2023年三季报","OPERATE_INCOME_SQ":445919762623.96,"DPS_HKD":0.956,"OPERATE_INCOME_QOQ_SQ":0.010068623794,"NET_PROFIT_RATIO_SQ":2.2575390114,"HOLDER_PROFIT_SQ":6096289942.24,"HOLDER_PROFIT_QOQ_SQ":-1.916974243399,"ROE_AVG_SQ":8.719355447247,"PE_TTM_SQ":6.988619665805,"PB_TTM_SQ":0.867881553817,"ROA_SQ":1.553745616347,"START_DATE":"2024-01-01 00:00:00","FISCAL_YEAR":"12-31","CURRENCY":"HKD","IS_CNY_CODE":0,"DPS_HKD_LY":0.956,"ORG_TYPE":"一般企业","PREMIUM_INCOME":null,"PREMIUM_INCOME_YOY":null,"NET_INTEREST_INCOME":null,"NET_INTEREST_INCOME_YOY":null,"FEE_COMMISSION_INCOME":null,"FEE_COMMISSION_INCOME_YOY":null,"ACCOUNTS_RECE_TDAYS":2.040281154225,"INVENTORY_TDAYS":6.34202446303,"CURRENT_ASSETS_TDAYS":1.227756394035,"TOTAL_ASSETS_TDAYS":1.085091094797,"PREMIUM_EXPENSE":null,"LOAN_DEPOSIT":null,"LOAN_EQUITY":null,"LOAN_ASSETS":null,"DEPOSIT_EQUITY":null,"DEPOSIT_ASSETS":null,"EQUITY_MULTIPLIER":3.458186099068,"EQUITY_RATIO":3.974319214371},{"SECUCODE":"01099.HK","SECURITY_CODE":"01099","SECURITY_NAME_ABBR":"国药控股","ORG_CODE":"10037149","STD_REPORT_DATE":"2024-06-30 00:00:00","REPORT_DATE":"2024-06-30 00:00:00","DATE_TYPE_CODE":"002","REPORT_TYPE":"2024年中报","PER_NETCASH_OPERATE":-13.1362333724,"PER_OI":94.443857945645,"BPS":24.207073889736,"BASIC_EPS":1.19,"DILUTED_EPS":1.19,"OPERATE_INCOME":294726810000,"OPERATE_INCOME_YOY":-2.0679395945,"GROSS_PROFIT":21943295000,"GROSS_PROFIT_YOY":-5.704113257364,"HOLDER_PROFIT":3703875000,"HOLDER_PROFIT_YOY":-9.7592874446,"GROSS_PROFIT_RATIO":7.445299937254,"EPS_TTM":2.772877071481,"OPERATE_INCOME_QOQ":-1.332318381022,"NET_PROFIT_RATIO":2.0015878433,"ROE_AVG":4.929921869738,"GROSS_PROFIT_QOQ":-1.998190717772,"ROA":0.911187062302,"HOLDER_PROFIT_QOQ":-2.593187436681,"ROE_YEARLY":9.859843739476,"ROIC_YEARLY":2.416055906498,"TOTAL_ASSETS":429583117000,"TOTAL_LIABILITIES":307150181000,"TAX_EBT":22.342861287629,"OCF_SALES":-13.909039357499,"TOTAL_PARENT_EQUITY":75541955000,"DEBT_ASSET_RATIO":71.4995931742,"OPERATE_PROFIT":8221630000,"PRETAX_PROFIT":7596489000,"NETCASH_OPERATE":-40993668000,"NETCASH_INVEST":-1038513000,"NETCASH_FINANCE":21551757000,"END_CASH":43331766000,"DIVI_RATIO":0.312435891555,"DIVIDEND_RATE":4.509433962264,"CURRENT_RATIO":1.349970627517,"COMMON_ACS":null,"CURRENTDEBT_DEBT":92.214786616063,"ISSUED_COMMON_SHARES":3120656191,"HK_COMMON_SHARES":1341810740,"PER_SHARES":400,"TOTAL_MARKET_CAP":66157911249.2,"HKSK_MARKET_CAP":28446387688,"PE_TTM":7.190573820078,"PB_TTM":0.772033851912,"REPORT_DATE_SQ":"2023-06-30 00:00:00","REPORT_TYPE_SQ":"2023年中报","OPERATE_INCOME_SQ":300950280000,"DPS_HKD":0.956,"OPERATE_INCOME_QOQ_SQ":3.781804236772,"NET_PROFIT_RATIO_SQ":2.2904883159,"HOLDER_PROFIT_SQ":4104439000,"HOLDER_PROFIT_QOQ_SQ":2.857113200832,"ROE_AVG_SQ":5.962587342598,"PE_TTM_SQ":6.10500108737,"PB_TTM_SQ":0.758149403335,"ROA_SQ":1.049102624037,"START_DATE":"2024-01-01 00:00:00","FISCAL_YEAR":"12-31","CURRENCY":"HKD","IS_CNY_CODE":0,"DPS_HKD_LY":0.956,"ORG_TYPE":"一般企业","PREMIUM_INCOME":null,"PREMIUM_INCOME_YOY":null,"NET_INTEREST_INCOME":null,"NET_INTEREST_INCOME_YOY":null,"FEE_COMMISSION_INCOME":null,"FEE_COMMISSION_INCOME_YOY":null,"ACCOUNTS_RECE_TDAYS":1.385552379538,"INVENTORY_TDAYS":4.233620665539,"CURRENT_ASSETS_TDAYS":0.819598611633,"TOTAL_ASSETS_TDAYS":0.725054857914,"PREMIUM_EXPENSE":null,"LOAN_DEPOSIT":null,"LOAN_EQUITY":null,"LOAN_ASSETS":null,"DEPOSIT_EQUITY":null,"DEPOSIT_ASSETS":null,"EQUITY_MULTIPLIER":3.508721844261,"EQUITY_RATIO":4.0659548856},{"SECUCODE":"01099.HK","SECURITY_CODE":"01099","SECURITY_NAME_ABBR":"国药控股","ORG_CODE":"10037149","STD_REPORT_DATE":"2024-03-31 00:00:00","REPORT_DATE":"2024-03-31 00:00:00","DATE_TYPE_CODE":"003","REPORT_TYPE":"2024年一季报","PER_NETCASH_OPERATE":-15.215119416386,"PER_OI":47.190651656077,"BPS":24.395311282114,"BASIC_EPS":0.46,"DILUTED_EPS":0.46,"OPERATE_INCOME":147265799247.86,"OPERATE_INCOME_YOY":1.2012451698,"GROSS_PROFIT":10575601969.7,"GROSS_PROFIT_YOY":-3.339113545068,"HOLDER_PROFIT":1420144626.64,"HOLDER_PROFIT_YOY":-10.7018890848,"GROSS_PROFIT_RATIO":7.181302124263,"EPS_TTM":2.846697267379,"OPERATE_INCOME_QOQ":0.293012807574,"NET_PROFIT_RATIO":1.6285387745,"ROE_AVG":1.882876291692,"GROSS_PROFIT_QOQ":-0.753076705036,"ROA":0.356613960695,"HOLDER_PROFIT_QOQ":-1.879843828973,"ROE_YEARLY":7.531505166768,"ROIC_YEARLY":1.921462135663,"TOTAL_ASSETS":413065633246.46,"TOTAL_LIABILITIES":290203547551.45,"TAX_EBT":23.208988895485,"OCF_SALES":-32.241808244721,"TOTAL_PARENT_EQUITY":76129379183.9,"DEBT_ASSET_RATIO":70.2560378288,"OPERATE_PROFIT":3550619476.99,"PRETAX_PROFIT":3123126792.96,"NETCASH_OPERATE":-47481156603.55,"NETCASH_INVEST":256120194.8,"NETCASH_FINANCE":22154454416.34,"END_CASH":38738607639.12,"DIVI_RATIO":0.304333843267,"DIVIDEND_RATE":4.509433962264,"CURRENT_RATIO":1.360423799031,"COMMON_ACS":null,"CURRENTDEBT_DEBT":92.336079788182,"ISSUED_COMMON_SHARES":3120656191,"HK_COMMON_SHARES":1341810740,"PER_SHARES":400,"TOTAL_MARKET_CAP":66157911249.2,"HKSK_MARKET_CAP":28446387688,"PE_TTM":7.190573820078,"PB_TTM":0.772033851912,"REPORT_DATE_SQ":"2023-03-31 00:00:00","REPORT_TYPE_SQ":"2023年一季报","OPERATE_INCOME_SQ":145517774016.32,"DPS_HKD":0.956,"OPERATE_INCOME_QOQ_SQ":3.245460114584,"NET_PROFIT_RATIO_SQ":1.9310146232,"HOLDER_PROFIT_SQ":1590341175.29,"HOLDER_PROFIT_QOQ_SQ":1.90560796279,"ROE_AVG_SQ":2.306396321432,"PE_TTM_SQ":6.10500108737,"PB_TTM_SQ":0.758149403335,"ROA_SQ":0.414866346971,"START_DATE":"2024-01-01 00:00:00","FISCAL_YEAR":"12-31","CURRENCY":"HKD","IS_CNY_CODE":0,"DPS_HKD_LY":0.956,"ORG_TYPE":"一般企业","PREMIUM_INCOME":null,"PREMIUM_INCOME_YOY":null,"NET_INTEREST_INCOME":null,"NET_INTEREST_INCOME_YOY":null,"FEE_COMMISSION_INCOME":null,"FEE_COMMISSION_INCOME_YOY":null,"ACCOUNTS_RECE_TDAYS":0.708665107896,"INVENTORY_TDAYS":2.193809987619,"CURRENT_ASSETS_TDAYS":0.41993289649,"TOTAL_ASSETS_TDAYS":0.369800645368,"PREMIUM_EXPENSE":null,"LOAN_DEPOSIT":null,"LOAN_EQUITY":null,"LOAN_ASSETS":null,"DEPOSIT_EQUITY":null,"DEPOSIT_ASSETS":null,"EQUITY_MULTIPLIER":3.362026868661,"EQUITY_RATIO":3.811978380257},{"SECUCODE":"01099.HK","SECURITY_CODE":"01099","SECURITY_NAME_ABBR":"国药控股","ORG_CODE":"10037149","STD_REPORT_DATE":"2023-12-31 00:00:00","REPORT_DATE":"2023-12-31 00:00:00","DATE_TYPE_CODE":"001","REPORT_TYPE":"2023年年报","PER_NETCASH_OPERATE":5.503018900168,"PER_OI":191.16798791245,"BPS":23.899530238254,"BASIC_EPS":2.9,"DILUTED_EPS":2.9,"OPERATE_INCOME":596569565000,"OPERATE_INCOME_YOY":8.0453159667,"GROSS_PROFIT":48511678000,"GROSS_PROFIT_YOY":2.271823242624,"HOLDER_PROFIT":9053760000,"HOLDER_PROFIT_YOY":6.1943041326,"GROSS_PROFIT_RATIO":8.13177219324,"EPS_TTM":2.901235972778,"OPERATE_INCOME_QOQ":0.825419575691,"NET_PROFIT_RATIO":2.5160230894,"ROE_AVG":12.693600769476,"GROSS_PROFIT_QOQ":-0.150121054658,"ROA":2.420241460157,"HOLDER_PROFIT_QOQ":3.293966101314,"ROE_YEARLY":12.693600769476,"ROIC_YEARLY":3.344556914504,"TOTAL_ASSETS":383238944853.98,"TOTAL_LIABILITIES":262719873590.94,"TAX_EBT":23.074402357876,"OCF_SALES":2.878629921391,"TOTAL_PARENT_EQUITY":74719047014.49,"DEBT_ASSET_RATIO":68.6175370162,"OPERATE_PROFIT":20209195000,"PRETAX_PROFIT":19512137000,"NETCASH_OPERATE":17173030000,"NETCASH_INVEST":-944535000,"NETCASH_FINANCE":-7643970000,"END_CASH":63808538000,"DIVI_RATIO":0.298612842295,"DIVIDEND_RATE":4.509433962264,"CURRENT_RATIO":1.394816396132,"COMMON_ACS":null,"CURRENTDEBT_DEBT":91.892196171171,"ISSUED_COMMON_SHARES":3120656191,"HK_COMMON_SHARES":1341810740,"PER_SHARES":400,"TOTAL_MARKET_CAP":66157911249.2,"HKSK_MARKET_CAP":28446387688,"PE_TTM":7.190573820078,"PB_TTM":0.772033851912,"REPORT_DATE_SQ":"2022-12-31 00:00:00","REPORT_TYPE_SQ":"2022年年报","OPERATE_INCOME_SQ":552147550000,"DPS_HKD":0.956,"OPERATE_INCOME_QOQ_SQ":1.098694988311,"NET_PROFIT_RATIO_SQ":2.5981174778,"HOLDER_PROFIT_SQ":8525655000,"HOLDER_PROFIT_QOQ_SQ":7.724234052978,"ROE_AVG_SQ":13.120977180842,"PE_TTM_SQ":6.10500108737,"PB_TTM_SQ":0.758149403335,"ROA_SQ":2.435249286207,"START_DATE":"2023-01-01 00:00:00","FISCAL_YEAR":"12-31","CURRENCY":"HKD","IS_CNY_CODE":0,"DPS_HKD_LY":0.9,"ORG_TYPE":"一般企业","PREMIUM_INCOME":null,"PREMIUM_INCOME_YOY":null,"NET_INTEREST_INCOME":null,"NET_INTEREST_INCOME_YOY":null,"FEE_COMMISSION_INCOME":null,"FEE_COMMISSION_INCOME_YOY":null,"ACCOUNTS_RECE_TDAYS":3.368682627651,"INVENTORY_TDAYS":9.06229223882,"CURRENT_ASSETS_TDAYS":1.818140368639,"TOTAL_ASSETS_TDAYS":1.594743393994,"PREMIUM_EXPENSE":null,"LOAN_DEPOSIT":null,"LOAN_EQUITY":null,"LOAN_ASSETS":null,"DEPOSIT_EQUITY":null,"DEPOSIT_ASSETS":null,"EQUITY_MULTIPLIER":3.186493043953,"EQUITY_RATIO":3.516103110094},{"SECUCODE":"01099.HK","SECURITY_CODE":"01099","SECURITY_NAME_ABBR":"国药控股","ORG_CODE":"10037149","STD_REPORT_DATE":"2023-09-30 00:00:00","REPORT_DATE":"2023-09-30 00:00:00","DATE_TYPE_CODE":"004","REPORT_TYPE":"2023年三季报","PER_NETCASH_OPERATE":-12.712139890863,"PER_OI":142.892947935116,"BPS":22.996746977992,"BASIC_EPS":1.96,"DILUTED_EPS":1.96,"OPERATE_INCOME":445919762623.96,"OPERATE_INCOME_YOY":9.7293091039,"GROSS_PROFIT":35196838304.54,"GROSS_PROFIT_YOY":3.379381183795,"HOLDER_PROFIT":6096289942.24,"HOLDER_PROFIT_YOY":4.0872709325,"GROSS_PROFIT_RATIO":7.89308778275,"EPS_TTM":2.808717761822,"OPERATE_INCOME_QOQ":0.010068623794,"NET_PROFIT_RATIO":2.2575390114,"ROE_AVG":8.719355447247,"GROSS_PROFIT_QOQ":-0.943240026214,"ROA":1.553745616347,"HOLDER_PROFIT_QOQ":-1.916974243399,"ROE_YEARLY":11.625807262996,"ROIC_YEARLY":2.035259728652,"TOTAL_ASSETS":419946622007.11,"TOTAL_LIABILITIES":304013105616.37,"TAX_EBT":22.721720547448,"OCF_SALES":-8.896268202568,"TOTAL_PARENT_EQUITY":71764940829.73,"DEBT_ASSET_RATIO":72.3932732601,"OPERATE_PROFIT":15054862916.19,"PRETAX_PROFIT":13026703844.98,"NETCASH_OPERATE":-39670218051.28,"NETCASH_INVEST":12851996.14,"NETCASH_FINANCE":17686682291.35,"END_CASH":33260191169.12,"DIVI_RATIO":0.308449048095,"DIVIDEND_RATE":4.509433962264,"CURRENT_RATIO":1.336869069493,"COMMON_ACS":null,"CURRENTDEBT_DEBT":91.693558331674,"ISSUED_COMMON_SHARES":3120656191,"HK_COMMON_SHARES":1341810740,"PER_SHARES":400,"TOTAL_MARKET_CAP":66157911249.2,"HKSK_MARKET_CAP":28446387688,"PE_TTM":7.190573820078,"PB_TTM":0.772033851912,"REPORT_DATE_SQ":"2022-09-30 00:00:00","REPORT_TYPE_SQ":"2022年三季报","OPERATE_INCOME_SQ":406381637016.98,"DPS_HKD":0.956,"OPERATE_INCOME_QOQ_SQ":2.389251494597,"NET_PROFIT_RATIO_SQ":2.4144766829,"HOLDER_PROFIT_SQ":5856902470.04,"HOLDER_PROFIT_QOQ_SQ":0.569058730288,"ROE_AVG_SQ":9.191049608379,"PE_TTM_SQ":6.10500108737,"PB_TTM_SQ":0.758149403335,"ROA_SQ":1.621875941102,"START_DATE":"2023-01-01 00:00:00","FISCAL_YEAR":"12-31","CURRENCY":"HKD","IS_CNY_CODE":0,"DPS_HKD_LY":0.9,"ORG_TYPE":"一般企业","PREMIUM_INCOME":null,"PREMIUM_INCOME_YOY":null,"NET_INTEREST_INCOME":null,"NET_INTEREST_INCOME_YOY":null,"FEE_COMMISSION_INCOME":null,"FEE_COMMISSION_INCOME_YOY":null,"ACCOUNTS_RECE_TDAYS":2.164494006467,"INVENTORY_TDAYS":6.456926146766,"CURRENT_ASSETS_TDAYS":1.288650273503,"TOTAL_ASSETS_TDAYS":1.136504141017,"PREMIUM_EXPENSE":null,"LOAN_DEPOSIT":null,"LOAN_EQUITY":null,"LOAN_ASSETS":null,"DEPOSIT_EQUITY":null,"DEPOSIT_ASSETS":null,"EQUITY_MULTIPLIER":3.622305568573,"EQUITY_RATIO":4.23623432419},{"SECUCODE":"01099.HK","SECURITY_CODE":"01099","SECURITY_NAME_ABBR":"国药控股","ORG_CODE":"10037149","STD_REPORT_DATE":"2023-06-30 00:00:00","REPORT_DATE":"2023-06-30 00:00:00","DATE_TYPE_CODE":"002","REPORT_TYPE":"2023年中报","PER_NETCASH_OPERATE":-13.883754360687,"PER_OI":96.438140435958,"BPS":22.304452249735,"BASIC_EPS":1.32,"DILUTED_EPS":1.32,"OPERATE_INCOME":300950280000,"OPERATE_INCOME_YOY":15.098595193,"GROSS_PROFIT":23270681000,"GROSS_PROFIT_YOY":7.448631868489,"HOLDER_PROFIT":4104439000,"HOLDER_PROFIT_YOY":11.1186644229,"GROSS_PROFIT_RATIO":7.732400514796,"EPS_TTM":2.863612475406,"OPERATE_INCOME_QOQ":3.781804236772,"NET_PROFIT_RATIO":2.2904883159,"ROE_AVG":5.962587342598,"GROSS_PROFIT_QOQ":1.411207470849,"ROA":1.049102624037,"HOLDER_PROFIT_QOQ":2.857113200832,"ROE_YEARLY":11.925174685196,"ROIC_YEARLY":2.703128950697,"TOTAL_ASSETS":417691501000,"TOTAL_LIABILITIES":304580904000,"TAX_EBT":22.251219288541,"OCF_SALES":-14.39653885685,"TOTAL_PARENT_EQUITY":69604527000,"DEBT_ASSET_RATIO":72.920062599,"OPERATE_PROFIT":9581383000,"PRETAX_PROFIT":8866031000,"NETCASH_OPERATE":-43326424000,"NETCASH_INVEST":1180478000,"NETCASH_FINANCE":21295988000,"END_CASH":34377126000,"DIVI_RATIO":0.302536159289,"DIVIDEND_RATE":4.509433962264,"CURRENT_RATIO":1.322951329057,"COMMON_ACS":null,"CURRENTDEBT_DEBT":92.358591528772,"ISSUED_COMMON_SHARES":3120656191,"HK_COMMON_SHARES":1341810740,"PER_SHARES":400,"TOTAL_MARKET_CAP":66157911249.2,"HKSK_MARKET_CAP":28446387688,"PE_TTM":7.190573820078,"PB_TTM":0.772033851912,"REPORT_DATE_SQ":"2022-06-30 00:00:00","REPORT_TYPE_SQ":"2022年中报","OPERATE_INCOME_SQ":261471723000,"DPS_HKD":0.956,"OPERATE_INCOME_QOQ_SQ":0.950006630567,"NET_PROFIT_RATIO_SQ":2.3821382781,"HOLDER_PROFIT_SQ":3693744000,"HOLDER_PROFIT_QOQ_SQ":-1.264942068112,"ROE_AVG_SQ":5.903994869594,"PE_TTM_SQ":6.10500108737,"PB_TTM_SQ":0.758149403335,"ROA_SQ":1.046991075204,"START_DATE":"2023-01-01 00:00:00","FISCAL_YEAR":"12-31","CURRENCY":"HKD","IS_CNY_CODE":0,"DPS_HKD_LY":0.9,"ORG_TYPE":"一般企业","PREMIUM_INCOME":null,"PREMIUM_INCOME_YOY":null,"NET_INTEREST_INCOME":null,"NET_INTEREST_INCOME_YOY":null,"FEE_COMMISSION_INCOME":null,"FEE_COMMISSION_INCOME_YOY":null,"ACCOUNTS_RECE_TDAYS":1.468749210066,"INVENTORY_TDAYS":4.343876465594,"CURRENT_ASSETS_TDAYS":0.870350180898,"TOTAL_ASSETS_TDAYS":0.769234792995,"PREMIUM_EXPENSE":null,"LOAN_DEPOSIT":null,"LOAN_EQUITY":null,"LOAN_ASSETS":null,"DEPOSIT_EQUITY":null,"DEPOSIT_ASSETS":null,"EQUITY_MULTIPLIER":3.692770722443,"EQUITY_RATIO":4.375877793121},{"SECUCODE":"01099.HK","SECURITY_CODE":"01099","SECURITY_NAME_ABBR":"国药控股","ORG_CODE":"10037149","STD_REPORT_DATE":"2023-03-31 00:00:00","REPORT_DATE":"2023-03-31 00:00:00","DATE_TYPE_CODE":"003","REPORT_TYPE":"2023年一季报","PER_NETCASH_OPERATE":-13.040029302251,"PER_OI":46.630504967511,"BPS":22.379414139188,"BASIC_EPS":0.51,"DILUTED_EPS":0.51,"OPERATE_INCOME":145517774016.32,"OPERATE_INCOME_YOY":14.043889495,"GROSS_PROFIT":10940932115.94,"GROSS_PROFIT_YOY":9.297054894698,"HOLDER_PROFIT":1590341175.29,"HOLDER_PROFIT_YOY":11.378131182,"GROSS_PROFIT_RATIO":7.518622511854,"EPS_TTM":2.78406848714,"OPERATE_INCOME_QOQ":3.245460114584,"NET_PROFIT_RATIO":1.9310146232,"ROE_AVG":2.306396321432,"GROSS_PROFIT_QOQ":1.962008842865,"ROA":0.414866346971,"HOLDER_PROFIT_QOQ":1.90560796279,"ROE_YEARLY":9.225585285727,"ROIC_YEARLY":2.197404190267,"TOTAL_ASSETS":401901260411.43,"TOTAL_LIABILITIES":288794147630.28,"TAX_EBT":22.756608519432,"OCF_SALES":-27.96458951353,"TOTAL_PARENT_EQUITY":69838457284.41,"DEBT_ASSET_RATIO":71.8569897827,"OPERATE_PROFIT":4197965716.27,"PRETAX_PROFIT":3637812169.74,"NETCASH_OPERATE":-40693448172.89,"NETCASH_INVEST":416013868.85,"NETCASH_FINANCE":21110631105.89,"END_CASH":36527789116.72,"DIVI_RATIO":0.311179959833,"DIVIDEND_RATE":4.509433962264,"CURRENT_RATIO":1.337118523136,"COMMON_ACS":null,"CURRENTDEBT_DEBT":91.898964480565,"ISSUED_COMMON_SHARES":3120656191,"HK_COMMON_SHARES":1341810740,"PER_SHARES":400,"TOTAL_MARKET_CAP":66157911249.2,"HKSK_MARKET_CAP":28446387688,"PE_TTM":7.190573820078,"PB_TTM":0.772033851912,"REPORT_DATE_SQ":"2022-03-31 00:00:00","REPORT_TYPE_SQ":"2022年一季报","OPERATE_INCOME_SQ":127598045507.42,"DPS_HKD":0.956,"OPERATE_INCOME_QOQ_SQ":1.407120350088,"NET_PROFIT_RATIO_SQ":1.9030873058,"HOLDER_PROFIT_SQ":1427875614.73,"HOLDER_PROFIT_QOQ_SQ":2.728898613753,"ROE_AVG_SQ":2.278075097483,"PE_TTM_SQ":6.10500108737,"PB_TTM_SQ":0.758149403335,"ROA_SQ":0.410327021809,"START_DATE":"2023-01-01 00:00:00","FISCAL_YEAR":"12-31","CURRENCY":"HKD","IS_CNY_CODE":0,"DPS_HKD_LY":0.9,"ORG_TYPE":"一般企业","PREMIUM_INCOME":null,"PREMIUM_INCOME_YOY":null,"NET_INTEREST_INCOME":null,"NET_INTEREST_INCOME_YOY":null,"FEE_COMMISSION_INCOME":null,"FEE_COMMISSION_INCOME_YOY":null,"ACCOUNTS_RECE_TDAYS":0.749104148247,"INVENTORY_TDAYS":2.098638251422,"CURRENT_ASSETS_TDAYS":0.431626686393,"TOTAL_ASSETS_TDAYS":0.379606767802,"PREMIUM_EXPENSE":null,"LOAN_DEPOSIT":null,"LOAN_EQUITY":null,"LOAN_ASSETS":null,"DEPOSIT_EQUITY":null,"DEPOSIT_ASSETS":null,"EQUITY_MULTIPLIER":3.553280165408,"EQUITY_RATIO":4.135173640136},{"SECUCODE":"01099.HK","SECURITY_CODE":"01099","SECURITY_NAME_ABBR":"国药控股","ORG_CODE":"10037149","STD_REPORT_DATE":"2022-12-31 00:00:00","REPORT_DATE":"2022-12-31 00:00:00","DATE_TYPE_CODE":"001","REPORT_TYPE":"2022年年报","PER_NETCASH_OPERATE":6.717749638829,"PER_OI":176.933156427933,"BPS":21.812258330895,"BASIC_EPS":2.73,"DILUTED_EPS":2.73,"OPERATE_INCOME":552147550000,"OPERATE_INCOME_YOY":5.9679956425,"GROSS_PROFIT":47434060000,"GROSS_PROFIT_YOY":7.68082928617,"HOLDER_PROFIT":8525655000,"HOLDER_PROFIT_YOY":9.8858615279,"GROSS_PROFIT_RATIO":8.590830476383,"EPS_TTM":2.732007141507,"OPERATE_INCOME_QOQ":1.098694988311,"NET_PROFIT_RATIO":2.5981174778,"ROE_AVG":13.120977180842,"GROSS_PROFIT_QOQ":3.964380098175,"ROA":2.435249286207,"HOLDER_PROFIT_QOQ":7.724234052978,"ROE_YEARLY":13.120977180842,"ROIC_YEARLY":3.26861429828,"TOTAL_ASSETS":364775134000,"TOTAL_LIABILITIES":254705944000,"TAX_EBT":22.723648619931,"OCF_SALES":3.796772619927,"TOTAL_PARENT_EQUITY":68068559000,"DEBT_ASSET_RATIO":69.825467873,"OPERATE_PROFIT":20604466000,"PRETAX_PROFIT":18563819000,"NETCASH_OPERATE":20963787000,"NETCASH_INVEST":-3589622000,"NETCASH_FINANCE":-5693481000,"END_CASH":55221624000,"DIVI_RATIO":0.317109829926,"DIVIDEND_RATE":4.509433962264,"CURRENT_RATIO":1.359390374032,"COMMON_ACS":null,"CURRENTDEBT_DEBT":92.248713677448,"ISSUED_COMMON_SHARES":3120656191,"HK_COMMON_SHARES":1341810740,"PER_SHARES":400,"TOTAL_MARKET_CAP":66157911249.2,"HKSK_MARKET_CAP":28446387688,"PE_TTM":7.190573820078,"PB_TTM":0.772033851912,"REPORT_DATE_SQ":"2021-12-31 00:00:00","REPORT_TYPE_SQ":"2021年年报","OPERATE_INCOME_SQ":521051235000,"DPS_HKD":0.956,"OPERATE_INCOME_QOQ_SQ":2.148776107875,"NET_PROFIT_RATIO_SQ":2.5073873973,"HOLDER_PROFIT_SQ":7758646000,"HOLDER_PROFIT_QOQ_SQ":-2.161036989342,"ROE_AVG_SQ":13.123016087126,"PE_TTM_SQ":6.10500108737,"PB_TTM_SQ":0.758149403335,"ROA_SQ":2.39964669428,"START_DATE":"2022-01-01 00:00:00","FISCAL_YEAR":"12-31","CURRENCY":"HKD","IS_CNY_CODE":0,"DPS_HKD_LY":0.872,"ORG_TYPE":"一般企业","PREMIUM_INCOME":null,"PREMIUM_INCOME_YOY":null,"NET_INTEREST_INCOME":null,"NET_INTEREST_INCOME_YOY":null,"FEE_COMMISSION_INCOME":null,"FEE_COMMISSION_INCOME_YOY":null,"ACCOUNTS_RECE_TDAYS":3.237047097016,"INVENTORY_TDAYS":8.978633629024,"CURRENT_ASSETS_TDAYS":1.809345390859,"TOTAL_ASSETS_TDAYS":1.577142081187,"PREMIUM_EXPENSE":null,"LOAN_DEPOSIT":null,"LOAN_EQUITY":null,"LOAN_ASSETS":null,"DEPOSIT_EQUITY":null,"DEPOSIT_ASSETS":null,"EQUITY_MULTIPLIER":3.31405304245,"EQUITY_RATIO":3.741902983432},{"SECUCODE":"01099.HK","SECURITY_CODE":"01099","SECURITY_NAME_ABBR":"国药控股","ORG_CODE":"10037149","STD_REPORT_DATE":"2022-09-30 00:00:00","REPORT_DATE":"2022-09-30 00:00:00","DATE_TYPE_CODE":"004","REPORT_TYPE":"2022年三季报","PER_NETCASH_OPERATE":-10.071064930632,"PER_OI":130.223136463731,"BPS":21.009024336417,"BASIC_EPS":1.88,"DILUTED_EPS":1.88,"OPERATE_INCOME":406381637016.98,"OPERATE_INCOME_YOY":6.5818931131,"GROSS_PROFIT":34046284570,"GROSS_PROFIT_YOY":4.849443959389,"HOLDER_PROFIT":5856902470.04,"HOLDER_PROFIT_YOY":2.7307751801,"GROSS_PROFIT_RATIO":8.377909203751,"EPS_TTM":2.536111920892,"OPERATE_INCOME_QOQ":2.389251494597,"NET_PROFIT_RATIO":2.4144766829,"ROE_AVG":9.191049608379,"GROSS_PROFIT_QOQ":1.117931898002,"ROA":1.621875941102,"HOLDER_PROFIT_QOQ":0.569058730288,"ROE_YEARLY":12.254732811172,"ROIC_YEARLY":2.08390164031,"TOTAL_ASSETS":386825714797,"TOTAL_LIABILITIES":280645145511.66,"TAX_EBT":22.06486396651,"OCF_SALES":-7.733698637674,"TOTAL_PARENT_EQUITY":65561941862.31,"DEBT_ASSET_RATIO":72.5507986611,"OPERATE_PROFIT":14843447712.29,"PRETAX_PROFIT":12589943854.43,"NETCASH_OPERATE":-31428331125.74,"NETCASH_INVEST":-1014981516.25,"NETCASH_FINANCE":17714909039.84,"END_CASH":28829191363.05,"DIVI_RATIO":0.341604135395,"DIVIDEND_RATE":4.509433962264,"CURRENT_RATIO":1.309382382681,"COMMON_ACS":null,"CURRENTDEBT_DEBT":92.673535909195,"ISSUED_COMMON_SHARES":3120656191,"HK_COMMON_SHARES":1341810740,"PER_SHARES":400,"TOTAL_MARKET_CAP":66157911249.2,"HKSK_MARKET_CAP":28446387688,"PE_TTM":7.190573820078,"PB_TTM":0.772033851912,"REPORT_DATE_SQ":"2021-09-30 00:00:00","REPORT_TYPE_SQ":"2021年三季报","OPERATE_INCOME_SQ":381285812389.91,"DPS_HKD":0.956,"OPERATE_INCOME_QOQ_SQ":1.658209812121,"NET_PROFIT_RATIO_SQ":2.4959053598,"HOLDER_PROFIT_SQ":5701215103.04,"HOLDER_PROFIT_QOQ_SQ":0.705848633077,"ROE_AVG_SQ":9.802478208485,"PE_TTM_SQ":6.10500108737,"PB_TTM_SQ":0.758149403335,"ROA_SQ":1.723304042899,"START_DATE":"2022-01-01 00:00:00","FISCAL_YEAR":"12-31","CURRENCY":"HKD","IS_CNY_CODE":0,"DPS_HKD_LY":0.872,"ORG_TYPE":"一般企业","PREMIUM_INCOME":null,"PREMIUM_INCOME_YOY":null,"NET_INTEREST_INCOME":null,"NET_INTEREST_INCOME_YOY":null,"FEE_COMMISSION_INCOME":null,"FEE_COMMISSION_INCOME_YOY":null,"ACCOUNTS_RECE_TDAYS":2.052962361295,"INVENTORY_TDAYS":6.721891690983,"CURRENT_ASSETS_TDAYS":1.287094639623,"TOTAL_ASSETS_TDAYS":1.125339893152,"PREMIUM_EXPENSE":null,"LOAN_DEPOSIT":null,"LOAN_EQUITY":null,"LOAN_ASSETS":null,"DEPOSIT_EQUITY":null,"DEPOSIT_ASSETS":null,"EQUITY_MULTIPLIER":3.643093245787,"EQUITY_RATIO":4.28061063385}],"count":64},"success":true,"message":"ok","code":0}