{"version":"fd5947c612fa6db552d81f1a5f967f6c","result":{"pages":4,"data":[{"SECUCODE":"01090.HK","SECURITY_CODE":"01090","SECURITY_NAME_ABBR":"大明国际","ORG_CODE":"10167443","STD_REPORT_DATE":"2024-06-30 00:00:00","REPORT_DATE":"2024-06-30 00:00:00","DATE_TYPE_CODE":"002","REPORT_TYPE":"2024年中报","PER_NETCASH_OPERATE":-0.140902357579,"PER_OI":17.889661113761,"BPS":2.312172035452,"BASIC_EPS":0.0035,"DILUTED_EPS":0.0035,"OPERATE_INCOME":22800874000,"OPERATE_INCOME_YOY":-6.953931311,"GROSS_PROFIT":514473000,"GROSS_PROFIT_YOY":10.823106699495,"HOLDER_PROFIT":4436000,"HOLDER_PROFIT_YOY":-39.4237334426,"GROSS_PROFIT_RATIO":2.256374031978,"EPS_TTM":-0.174146821412,"OPERATE_INCOME_QOQ":-3.370359724433,"NET_PROFIT_RATIO":0.0413317489,"ROE_AVG":0.150643017479,"GROSS_PROFIT_QOQ":5.452213374656,"ROA":0.030055620853,"HOLDER_PROFIT_QOQ":-1.317855642997,"ROE_YEARLY":0.301286034958,"ROIC_YEARLY":0.062801109269,"TOTAL_ASSETS":16329723000,"TOTAL_LIABILITIES":13039051000,"TAX_EBT":33.120431481087,"OCF_SALES":-0.787618930748,"TOTAL_PARENT_EQUITY":2946928000,"DEBT_ASSET_RATIO":79.8485742838,"OPERATE_PROFIT":136390000,"PRETAX_PROFIT":14091000,"NETCASH_OPERATE":-179584000,"NETCASH_INVEST":-283747000,"NETCASH_FINANCE":514536000,"END_CASH":316516000,"DIVI_RATIO":null,"DIVIDEND_RATE":null,"CURRENT_RATIO":0.953758752269,"COMMON_ACS":1500000000,"CURRENTDEBT_DEBT":82.80663983905,"ISSUED_COMMON_SHARES":1274528000,"HK_COMMON_SHARES":1274528000,"PER_SHARES":2000,"TOTAL_MARKET_CAP":815697920,"HKSK_MARKET_CAP":815697920,"PE_TTM":-3.331820514275,"PB_TTM":0.252626184836,"REPORT_DATE_SQ":"2023-06-30 00:00:00","REPORT_TYPE_SQ":"2023年中报","OPERATE_INCOME_SQ":24504930000,"DPS_HKD":null,"OPERATE_INCOME_QOQ_SQ":-0.590603160241,"NET_PROFIT_RATIO_SQ":0.0474516761,"HOLDER_PROFIT_SQ":7323000,"HOLDER_PROFIT_QOQ_SQ":-79.522944218236,"ROE_AVG_SQ":0.231073573883,"PE_TTM_SQ":-4.387397537437,"PB_TTM_SQ":0.466660662489,"ROA_SQ":0.053797813008,"START_DATE":"2024-01-01 00:00:00","FISCAL_YEAR":"12-31","CURRENCY":"HKD","IS_CNY_CODE":0,"DPS_HKD_LY":null,"ORG_TYPE":"一般企业","PREMIUM_INCOME":null,"PREMIUM_INCOME_YOY":null,"NET_INTEREST_INCOME":null,"NET_INTEREST_INCOME_YOY":null,"FEE_COMMISSION_INCOME":null,"FEE_COMMISSION_INCOME_YOY":null,"ACCOUNTS_RECE_TDAYS":47.699375747889,"INVENTORY_TDAYS":5.240571062885,"CURRENT_ASSETS_TDAYS":2.605787220144,"TOTAL_ASSETS_TDAYS":1.544847664719,"PREMIUM_EXPENSE":null,"LOAN_DEPOSIT":null,"LOAN_EQUITY":null,"LOAN_ASSETS":null,"DEPOSIT_EQUITY":null,"DEPOSIT_ASSETS":null,"EQUITY_MULTIPLIER":4.962428039005,"EQUITY_RATIO":4.42462489752},{"SECUCODE":"01090.HK","SECURITY_CODE":"01090","SECURITY_NAME_ABBR":"大明国际","ORG_CODE":"10167443","STD_REPORT_DATE":"2023-12-31 00:00:00","REPORT_DATE":"2023-12-31 00:00:00","DATE_TYPE_CODE":"001","REPORT_TYPE":"2023年年报","PER_NETCASH_OPERATE":0.052788169424,"PER_OI":39.669636916568,"BPS":2.308691531296,"BASIC_EPS":-0.17,"DILUTED_EPS":-0.17,"OPERATE_INCOME":50560063000,"OPERATE_INCOME_YOY":0.8733514505,"GROSS_PROFIT":921534000,"GROSS_PROFIT_YOY":1.419825165936,"HOLDER_PROFIT":-219068000,"HOLDER_PROFIT_YOY":-22.863456383,"GROSS_PROFIT_RATIO":1.822652001047,"EPS_TTM":-0.171881669136,"OPERATE_INCOME_QOQ":1.472652140802,"NET_PROFIT_RATIO":-0.3767657489,"ROE_AVG":-7.173207512634,"GROSS_PROFIT_QOQ":37.136709018992,"ROA":-1.687285922248,"HOLDER_PROFIT_QOQ":31.561140043675,"ROE_YEARLY":-7.173207512634,"ROIC_YEARLY":-1.779828052108,"TOTAL_ASSETS":13188882000,"TOTAL_LIABILITIES":9907634000,"TAX_EBT":8.540824459147,"OCF_SALES":0.133069454443,"TOTAL_PARENT_EQUITY":2942492000,"DEBT_ASSET_RATIO":75.121105792,"OPERATE_PROFIT":29563000,"PRETAX_PROFIT":-208282000,"NETCASH_OPERATE":67280000,"NETCASH_INVEST":-654461000,"NETCASH_FINANCE":444394000,"END_CASH":265311000,"DIVI_RATIO":null,"DIVIDEND_RATE":null,"CURRENT_RATIO":0.927577722753,"COMMON_ACS":1500000000,"CURRENTDEBT_DEBT":78.369729846702,"ISSUED_COMMON_SHARES":1274528000,"HK_COMMON_SHARES":1274528000,"PER_SHARES":2000,"TOTAL_MARKET_CAP":981386560,"HKSK_MARKET_CAP":981386560,"PE_TTM":-4.008596556237,"PB_TTM":0.30394087863,"REPORT_DATE_SQ":"2022-12-31 00:00:00","REPORT_TYPE_SQ":"2022年年报","OPERATE_INCOME_SQ":50122319000,"DPS_HKD":null,"OPERATE_INCOME_QOQ_SQ":2.791380804184,"NET_PROFIT_RATIO_SQ":-0.3168907648,"HOLDER_PROFIT_SQ":-178302000,"HOLDER_PROFIT_QOQ_SQ":-193.871813500963,"ROE_AVG_SQ":-5.423989705791,"PE_TTM_SQ":-3.86508830679,"PB_TTM_SQ":0.411105821717,"ROA_SQ":-1.441612848338,"START_DATE":"2023-01-01 00:00:00","FISCAL_YEAR":"12-31","CURRENCY":"HKD","IS_CNY_CODE":0,"DPS_HKD_LY":null,"ORG_TYPE":"一般企业","PREMIUM_INCOME":null,"PREMIUM_INCOME_YOY":null,"NET_INTEREST_INCOME":null,"NET_INTEREST_INCOME_YOY":null,"FEE_COMMISSION_INCOME":null,"FEE_COMMISSION_INCOME_YOY":null,"ACCOUNTS_RECE_TDAYS":102.746082759672,"INVENTORY_TDAYS":13.287973973645,"CURRENT_ASSETS_TDAYS":7.107710570056,"TOTAL_ASSETS_TDAYS":3.894191873203,"PREMIUM_EXPENSE":null,"LOAN_DEPOSIT":null,"LOAN_EQUITY":null,"LOAN_ASSETS":null,"DEPOSIT_EQUITY":null,"DEPOSIT_ASSETS":null,"EQUITY_MULTIPLIER":4.019471249966,"EQUITY_RATIO":3.367089528196},{"SECUCODE":"01090.HK","SECURITY_CODE":"01090","SECURITY_NAME_ABBR":"大明国际","ORG_CODE":"10167443","STD_REPORT_DATE":"2023-06-30 00:00:00","REPORT_DATE":"2023-06-30 00:00:00","DATE_TYPE_CODE":"002","REPORT_TYPE":"2023年中报","PER_NETCASH_OPERATE":-0.436061820533,"PER_OI":19.226670579226,"BPS":2.489378028572,"BASIC_EPS":0.0057,"DILUTED_EPS":0.0057,"OPERATE_INCOME":24504930000,"OPERATE_INCOME_YOY":-1.1935992462,"GROSS_PROFIT":464229000,"GROSS_PROFIT_YOY":-33.764838488757,"HOLDER_PROFIT":7323000,"HOLDER_PROFIT_YOY":-95.0889923146,"GROSS_PROFIT_RATIO":1.894431038979,"EPS_TTM":-0.251146306711,"OPERATE_INCOME_QOQ":-0.590603160241,"NET_PROFIT_RATIO":0.0474516761,"ROE_AVG":0.231073573883,"GROSS_PROFIT_QOQ":-26.044728729861,"ROA":0.053797813008,"HOLDER_PROFIT_QOQ":-79.522944218236,"ROE_YEARLY":0.462147147765,"ROIC_YEARLY":0.11330714076,"TOTAL_ASSETS":14446128000,"TOTAL_LIABILITIES":10925671000,"TAX_EBT":36.576851750845,"OCF_SALES":-2.268004846372,"TOTAL_PARENT_EQUITY":3172782000,"DEBT_ASSET_RATIO":75.6304457499,"OPERATE_PROFIT":137645000,"PRETAX_PROFIT":18334000,"NETCASH_OPERATE":-555773000,"NETCASH_INVEST":-341184000,"NETCASH_FINANCE":768642000,"END_CASH":278541000,"DIVI_RATIO":null,"DIVIDEND_RATE":null,"CURRENT_RATIO":0.964375634583,"COMMON_ACS":1500000000,"CURRENTDEBT_DEBT":81.680777317933,"ISSUED_COMMON_SHARES":1274528000,"HK_COMMON_SHARES":1274528000,"PER_SHARES":2000,"TOTAL_MARKET_CAP":981386560,"HKSK_MARKET_CAP":981386560,"PE_TTM":-4.008596556237,"PB_TTM":0.30394087863,"REPORT_DATE_SQ":"2022-06-30 00:00:00","REPORT_TYPE_SQ":"2022年中报","OPERATE_INCOME_SQ":24800954000,"DPS_HKD":null,"OPERATE_INCOME_QOQ_SQ":5.212577977236,"NET_PROFIT_RATIO_SQ":0.6390318695,"HOLDER_PROFIT_SQ":149114000,"HOLDER_PROFIT_QOQ_SQ":-61.631289339937,"ROE_AVG_SQ":4.320081931889,"PE_TTM_SQ":-3.86508830679,"PB_TTM_SQ":0.411105821717,"ROA_SQ":1.133816874896,"START_DATE":"2023-01-01 00:00:00","FISCAL_YEAR":"12-31","CURRENCY":"HKD","IS_CNY_CODE":0,"DPS_HKD_LY":null,"ORG_TYPE":"一般企业","PREMIUM_INCOME":null,"PREMIUM_INCOME_YOY":null,"NET_INTEREST_INCOME":null,"NET_INTEREST_INCOME_YOY":null,"FEE_COMMISSION_INCOME":null,"FEE_COMMISSION_INCOME_YOY":null,"ACCOUNTS_RECE_TDAYS":46.960548618823,"INVENTORY_TDAYS":6.242868821,"CURRENT_ASSETS_TDAYS":3.135463343284,"TOTAL_ASSETS_TDAYS":1.80023438744,"PREMIUM_EXPENSE":null,"LOAN_DEPOSIT":null,"LOAN_EQUITY":null,"LOAN_ASSETS":null,"DEPOSIT_EQUITY":null,"DEPOSIT_ASSETS":null,"EQUITY_MULTIPLIER":4.103480883307,"EQUITY_RATIO":3.443561833117},{"SECUCODE":"01090.HK","SECURITY_CODE":"01090","SECURITY_NAME_ABBR":"大明国际","ORG_CODE":"10167443","STD_REPORT_DATE":"2022-12-31 00:00:00","REPORT_DATE":"2022-12-31 00:00:00","DATE_TYPE_CODE":"001","REPORT_TYPE":"2022年年报","PER_NETCASH_OPERATE":0.213628888498,"PER_OI":39.326181143137,"BPS":2.483632372141,"BASIC_EPS":-0.14,"DILUTED_EPS":-0.14,"OPERATE_INCOME":50122319000,"OPERATE_INCOME_YOY":8.1494616825,"GROSS_PROFIT":908633000,"GROSS_PROFIT_YOY":-50.27208162832,"HOLDER_PROFIT":-178302000,"HOLDER_PROFIT_YOY":-136.0174045135,"GROSS_PROFIT_RATIO":1.81283112619,"EPS_TTM":-0.139896495016,"OPERATE_INCOME_QOQ":2.791380804184,"NET_PROFIT_RATIO":-0.3168907648,"ROE_AVG":-5.423989705791,"GROSS_PROFIT_QOQ":-30.258531429725,"ROA":-1.441612848338,"HOLDER_PROFIT_QOQ":-193.871813500963,"ROE_YEARLY":-5.423989705791,"ROIC_YEARLY":-1.516889283765,"TOTAL_ASSETS":12778027000,"TOTAL_LIABILITIES":9273342000,"TAX_EBT":18.294521005983,"OCF_SALES":0.543223069946,"TOTAL_PARENT_EQUITY":3165459000,"DEBT_ASSET_RATIO":72.572565389,"OPERATE_PROFIT":38933000,"PRETAX_PROFIT":-194397000,"NETCASH_OPERATE":272276000,"NETCASH_INVEST":-649167000,"NETCASH_FINANCE":635902000,"END_CASH":406856000,"DIVI_RATIO":null,"DIVIDEND_RATE":null,"CURRENT_RATIO":0.981659231447,"COMMON_ACS":1500000000,"CURRENTDEBT_DEBT":77.165352038133,"ISSUED_COMMON_SHARES":1274528000,"HK_COMMON_SHARES":1274528000,"PER_SHARES":2000,"TOTAL_MARKET_CAP":981386560,"HKSK_MARKET_CAP":981386560,"PE_TTM":-4.008596556237,"PB_TTM":0.30394087863,"REPORT_DATE_SQ":"2021-12-31 00:00:00","REPORT_TYPE_SQ":"2021年年报","OPERATE_INCOME_SQ":46345417000,"DPS_HKD":null,"OPERATE_INCOME_QOQ_SQ":10.650823690022,"NET_PROFIT_RATIO_SQ":1.1383369363,"HOLDER_PROFIT_SQ":495044000,"HOLDER_PROFIT_QOQ_SQ":-26.612419039939,"ROE_AVG_SQ":15.544576233639,"PE_TTM_SQ":-3.86508830679,"PB_TTM_SQ":0.411105821717,"ROA_SQ":4.356286134162,"START_DATE":"2022-01-01 00:00:00","FISCAL_YEAR":"12-31","CURRENCY":"HKD","IS_CNY_CODE":0,"DPS_HKD_LY":0.06,"ORG_TYPE":"一般企业","PREMIUM_INCOME":null,"PREMIUM_INCOME_YOY":null,"NET_INTEREST_INCOME":null,"NET_INTEREST_INCOME_YOY":null,"FEE_COMMISSION_INCOME":null,"FEE_COMMISSION_INCOME_YOY":null,"ACCOUNTS_RECE_TDAYS":95.087744360118,"INVENTORY_TDAYS":13.588593284187,"CURRENT_ASSETS_TDAYS":7.429374405062,"TOTAL_ASSETS_TDAYS":4.052505247214,"PREMIUM_EXPENSE":null,"LOAN_DEPOSIT":null,"LOAN_EQUITY":null,"LOAN_ASSETS":null,"DEPOSIT_EQUITY":null,"DEPOSIT_ASSETS":null,"EQUITY_MULTIPLIER":3.645984446533,"EQUITY_RATIO":2.929541023908},{"SECUCODE":"01090.HK","SECURITY_CODE":"01090","SECURITY_NAME_ABBR":"大明国际","ORG_CODE":"10167443","STD_REPORT_DATE":"2022-06-30 00:00:00","REPORT_DATE":"2022-06-30 00:00:00","DATE_TYPE_CODE":"002","REPORT_TYPE":"2022年中报","PER_NETCASH_OPERATE":-0.323824976776,"PER_OI":19.45893224786,"BPS":2.741551382159,"BASIC_EPS":0.12,"DILUTED_EPS":0.12,"OPERATE_INCOME":24800954000,"OPERATE_INCOME_YOY":10.7919294579,"GROSS_PROFIT":700880000,"GROSS_PROFIT_YOY":-42.796046456584,"HOLDER_PROFIT":149114000,"HOLDER_PROFIT_YOY":-67.1711256319,"GROSS_PROFIT_RATIO":2.826020321638,"EPS_TTM":0.149029287705,"OPERATE_INCOME_QOQ":5.212577977236,"NET_PROFIT_RATIO":0.6390318695,"ROE_AVG":4.320081931889,"GROSS_PROFIT_QOQ":-28.696771962047,"ROA":1.133816874896,"HOLDER_PROFIT_QOQ":-61.631289339937,"ROE_YEARLY":8.640163863778,"ROIC_YEARLY":2.365162132821,"TOTAL_ASSETS":14344579000,"TOTAL_LIABILITIES":10500741000,"TAX_EBT":27.742823795455,"OCF_SALES":-1.664145661494,"TOTAL_PARENT_EQUITY":3494184000,"DEBT_ASSET_RATIO":73.2035495779,"OPERATE_PROFIT":300851000,"PRETAX_PROFIT":219336000,"NETCASH_OPERATE":-412724000,"NETCASH_INVEST":-291273000,"NETCASH_FINANCE":816284000,"END_CASH":253483000,"DIVI_RATIO":null,"DIVIDEND_RATE":null,"CURRENT_RATIO":0.984558097173,"COMMON_ACS":1500000000,"CURRENTDEBT_DEBT":84.776931456552,"ISSUED_COMMON_SHARES":1274528000,"HK_COMMON_SHARES":1274528000,"PER_SHARES":2000,"TOTAL_MARKET_CAP":981386560,"HKSK_MARKET_CAP":981386560,"PE_TTM":-4.008596556237,"PB_TTM":0.30394087863,"REPORT_DATE_SQ":"2021-06-30 00:00:00","REPORT_TYPE_SQ":"2021年中报","OPERATE_INCOME_SQ":22385163000,"DPS_HKD":null,"OPERATE_INCOME_QOQ_SQ":19.216302050414,"NET_PROFIT_RATIO_SQ":2.0918498561,"HOLDER_PROFIT_SQ":454216000,"HOLDER_PROFIT_QOQ_SQ":93.851065725231,"ROE_AVG_SQ":14.39257974894,"PE_TTM_SQ":-3.86508830679,"PB_TTM_SQ":0.411105821717,"ROA_SQ":3.668938509359,"START_DATE":"2022-01-01 00:00:00","FISCAL_YEAR":"12-31","CURRENCY":"HKD","IS_CNY_CODE":0,"DPS_HKD_LY":0.06,"ORG_TYPE":"一般企业","PREMIUM_INCOME":null,"PREMIUM_INCOME_YOY":null,"NET_INTEREST_INCOME":null,"NET_INTEREST_INCOME_YOY":null,"FEE_COMMISSION_INCOME":null,"FEE_COMMISSION_INCOME_YOY":null,"ACCOUNTS_RECE_TDAYS":39.08086907467,"INVENTORY_TDAYS":6.018323866988,"CURRENT_ASSETS_TDAYS":3.256174036333,"TOTAL_ASSETS_TDAYS":1.88578806542,"PREMIUM_EXPENSE":null,"LOAN_DEPOSIT":null,"LOAN_EQUITY":null,"LOAN_ASSETS":null,"DEPOSIT_EQUITY":null,"DEPOSIT_ASSETS":null,"EQUITY_MULTIPLIER":3.731837554034,"EQUITY_RATIO":3.005205507209},{"SECUCODE":"01090.HK","SECURITY_CODE":"01090","SECURITY_NAME_ABBR":"大明国际","ORG_CODE":"10167443","STD_REPORT_DATE":"2021-12-31 00:00:00","REPORT_DATE":"2021-12-31 00:00:00","DATE_TYPE_CODE":"001","REPORT_TYPE":"2021年年报","PER_NETCASH_OPERATE":0.342273374928,"PER_OI":36.362808035602,"BPS":2.674802750508,"BASIC_EPS":0.4,"DILUTED_EPS":0.4,"OPERATE_INCOME":46345417000,"OPERATE_INCOME_YOY":31.9138201916,"GROSS_PROFIT":1827209000,"GROSS_PROFIT_YOY":27.438028402806,"HOLDER_PROFIT":495044000,"HOLDER_PROFIT_YOY":42.262607801,"GROSS_PROFIT_RATIO":3.9425883254,"EPS_TTM":0.388413593111,"OPERATE_INCOME_QOQ":10.650823690022,"NET_PROFIT_RATIO":1.1383369363,"ROE_AVG":15.544576233639,"GROSS_PROFIT_QOQ":-11.254696600574,"ROA":4.356286134162,"HOLDER_PROFIT_QOQ":-26.612419039939,"ROE_YEARLY":15.544576233639,"ROIC_YEARLY":4.544312935251,"TOTAL_ASSETS":11958434000,"TOTAL_LIABILITIES":8209041000,"TAX_EBT":27.645208938213,"OCF_SALES":0.941273222334,"TOTAL_PARENT_EQUITY":3409111000,"DEBT_ASSET_RATIO":68.6464548786,"OPERATE_PROFIT":961233000,"PRETAX_PROFIT":729139000,"NETCASH_OPERATE":436237000,"NETCASH_INVEST":-644813000,"NETCASH_FINANCE":248891000,"END_CASH":141196000,"DIVI_RATIO":null,"DIVIDEND_RATE":null,"CURRENT_RATIO":1.0042332299,"COMMON_ACS":1500000000,"CURRENTDEBT_DEBT":78.46447593574,"ISSUED_COMMON_SHARES":1274528000,"HK_COMMON_SHARES":1274528000,"PER_SHARES":2000,"TOTAL_MARKET_CAP":981386560,"HKSK_MARKET_CAP":981386560,"PE_TTM":-4.008596556237,"PB_TTM":0.30394087863,"REPORT_DATE_SQ":"2020-12-31 00:00:00","REPORT_TYPE_SQ":"2020年年报","OPERATE_INCOME_SQ":35133102000,"DPS_HKD":null,"OPERATE_INCOME_QOQ_SQ":2.172261531498,"NET_PROFIT_RATIO_SQ":1.0981410067,"HOLDER_PROFIT_SQ":347979000,"HOLDER_PROFIT_QOQ_SQ":85.593749166644,"ROE_AVG_SQ":12.500249211817,"PE_TTM_SQ":-3.86508830679,"PB_TTM_SQ":0.411105821717,"ROA_SQ":3.30782243127,"START_DATE":"2021-01-01 00:00:00","FISCAL_YEAR":"12-31","CURRENCY":"HKD","IS_CNY_CODE":0,"DPS_HKD_LY":0.12,"ORG_TYPE":"一般企业","PREMIUM_INCOME":null,"PREMIUM_INCOME_YOY":null,"NET_INTEREST_INCOME":null,"NET_INTEREST_INCOME_YOY":null,"FEE_COMMISSION_INCOME":null,"FEE_COMMISSION_INCOME_YOY":null,"ACCOUNTS_RECE_TDAYS":94.168239509667,"INVENTORY_TDAYS":12.788529617539,"CURRENT_ASSETS_TDAYS":7.767314990155,"TOTAL_ASSETS_TDAYS":4.078302079392,"PREMIUM_EXPENSE":null,"LOAN_DEPOSIT":null,"LOAN_EQUITY":null,"LOAN_ASSETS":null,"DEPOSIT_EQUITY":null,"DEPOSIT_ASSETS":null,"EQUITY_MULTIPLIER":3.189431996057,"EQUITY_RATIO":2.407971169023},{"SECUCODE":"01090.HK","SECURITY_CODE":"01090","SECURITY_NAME_ABBR":"大明国际","ORG_CODE":"10167443","STD_REPORT_DATE":"2021-06-30 00:00:00","REPORT_DATE":"2021-06-30 00:00:00","DATE_TYPE_CODE":"002","REPORT_TYPE":"2021年中报","PER_NETCASH_OPERATE":0.069052112529,"PER_OI":17.977307077635,"BPS":2.62965741043,"BASIC_EPS":0.36,"DILUTED_EPS":0.36,"OPERATE_INCOME":22385163000,"OPERATE_INCOME_YOY":43.1836690572,"GROSS_PROFIT":1225230000,"GROSS_PROFIT_YOY":104.172332426812,"HOLDER_PROFIT":454216000,"HOLDER_PROFIT_YOY":255.8738267233,"GROSS_PROFIT_RATIO":5.473402181615,"EPS_TTM":0.541733390085,"OPERATE_INCOME_QOQ":19.216302050414,"NET_PROFIT_RATIO":2.0918498561,"ROE_AVG":14.39257974894,"GROSS_PROFIT_QOQ":43.599743897693,"ROA":3.668938509359,"HOLDER_PROFIT_QOQ":93.851065725231,"ROE_YEARLY":28.785159497881,"ROIC_YEARLY":7.699970096282,"TOTAL_ASSETS":13990711000,"TOTAL_LIABILITIES":10298416000,"TAX_EBT":23.905169093666,"OCF_SALES":0.384107098081,"TOTAL_PARENT_EQUITY":3351572000,"DEBT_ASSET_RATIO":73.6089538266,"OPERATE_PROFIT":726960000,"PRETAX_PROFIT":615369000,"NETCASH_OPERATE":85983000,"NETCASH_INVEST":-301796000,"NETCASH_FINANCE":477336000,"END_CASH":364712000,"DIVI_RATIO":null,"DIVIDEND_RATE":null,"CURRENT_RATIO":0.990371116737,"COMMON_ACS":1500000000,"CURRENTDEBT_DEBT":84.295186754934,"ISSUED_COMMON_SHARES":1274528000,"HK_COMMON_SHARES":1274528000,"PER_SHARES":2000,"TOTAL_MARKET_CAP":981386560,"HKSK_MARKET_CAP":981386560,"PE_TTM":-4.008596556237,"PB_TTM":0.30394087863,"REPORT_DATE_SQ":"2020-06-30 00:00:00","REPORT_TYPE_SQ":"2020年中报","OPERATE_INCOME_SQ":15633880000,"DPS_HKD":null,"OPERATE_INCOME_QOQ_SQ":-3.161444730753,"NET_PROFIT_RATIO_SQ":0.8987148424,"HOLDER_PROFIT_SQ":127634000,"HOLDER_PROFIT_QOQ_SQ":5.609566510454,"ROE_AVG_SQ":4.778270202843,"PE_TTM_SQ":-3.86508830679,"PB_TTM_SQ":0.411105821717,"ROA_SQ":1.168515254858,"START_DATE":"2021-01-01 00:00:00","FISCAL_YEAR":"12-31","CURRENCY":"HKD","IS_CNY_CODE":0,"DPS_HKD_LY":0.12,"ORG_TYPE":"一般企业","PREMIUM_INCOME":null,"PREMIUM_INCOME_YOY":null,"NET_INTEREST_INCOME":null,"NET_INTEREST_INCOME_YOY":null,"FEE_COMMISSION_INCOME":null,"FEE_COMMISSION_INCOME_YOY":null,"ACCOUNTS_RECE_TDAYS":36.634319815201,"INVENTORY_TDAYS":5.637091379512,"CURRENT_ASSETS_TDAYS":3.183672607346,"TOTAL_ASSETS_TDAYS":1.808165863135,"PREMIUM_EXPENSE":null,"LOAN_DEPOSIT":null,"LOAN_EQUITY":null,"LOAN_ASSETS":null,"DEPOSIT_EQUITY":null,"DEPOSIT_ASSETS":null,"EQUITY_MULTIPLIER":3.789163921087,"EQUITY_RATIO":3.07271214821},{"SECUCODE":"01090.HK","SECURITY_CODE":"01090","SECURITY_NAME_ABBR":"大明国际","ORG_CODE":"10167443","STD_REPORT_DATE":"2020-12-31 00:00:00","REPORT_DATE":"2020-12-31 00:00:00","DATE_TYPE_CODE":"001","REPORT_TYPE":"2020年年报","PER_NETCASH_OPERATE":0.273830499763,"PER_OI":28.215053124423,"BPS":2.322613547917,"BASIC_EPS":0.28,"DILUTED_EPS":0.28,"OPERATE_INCOME":35133102000,"OPERATE_INCOME_YOY":-1.057858047,"GROSS_PROFIT":1433802000,"GROSS_PROFIT_YOY":31.306922405575,"HOLDER_PROFIT":347979000,"HOLDER_PROFIT_YOY":96.0047539654,"GROSS_PROFIT_RATIO":4.081057232009,"EPS_TTM":0.279458556526,"OPERATE_INCOME_QOQ":2.172261531498,"NET_PROFIT_RATIO":1.0981410067,"ROE_AVG":12.500249211817,"GROSS_PROFIT_QOQ":27.134451277904,"ROA":3.30782243127,"HOLDER_PROFIT_QOQ":85.593749166644,"ROE_YEARLY":12.500249211817,"ROIC_YEARLY":3.463821953983,"TOTAL_ASSETS":10769366000,"TOTAL_LIABILITIES":7453405000,"TAX_EBT":26.648833221161,"OCF_SALES":0.970512082878,"TOTAL_PARENT_EQUITY":2960236000,"DEBT_ASSET_RATIO":69.2093202144,"OPERATE_PROFIT":709787000,"PRETAX_PROFIT":525978000,"NETCASH_OPERATE":340971000,"NETCASH_INVEST":-567266000,"NETCASH_FINANCE":171692000,"END_CASH":103189000,"DIVI_RATIO":null,"DIVIDEND_RATE":null,"CURRENT_RATIO":0.865736085842,"COMMON_ACS":1500000000,"CURRENTDEBT_DEBT":84.693438770602,"ISSUED_COMMON_SHARES":1274528000,"HK_COMMON_SHARES":1274528000,"PER_SHARES":2000,"TOTAL_MARKET_CAP":981386560,"HKSK_MARKET_CAP":981386560,"PE_TTM":-4.008596556237,"PB_TTM":0.30394087863,"REPORT_DATE_SQ":"2019-12-31 00:00:00","REPORT_TYPE_SQ":"2019年年报","OPERATE_INCOME_SQ":35508734000,"DPS_HKD":null,"OPERATE_INCOME_QOQ_SQ":5.854467544224,"NET_PROFIT_RATIO_SQ":0.5507771694,"HOLDER_PROFIT_SQ":177536000,"HOLDER_PROFIT_QOQ_SQ":50.272127845069,"ROE_AVG_SQ":6.960907628078,"PE_TTM_SQ":-3.86508830679,"PB_TTM_SQ":0.411105821717,"ROA_SQ":1.737796826477,"START_DATE":"2020-01-01 00:00:00","FISCAL_YEAR":"12-31","CURRENCY":"HKD","IS_CNY_CODE":0,"DPS_HKD_LY":null,"ORG_TYPE":"一般企业","PREMIUM_INCOME":null,"PREMIUM_INCOME_YOY":null,"NET_INTEREST_INCOME":null,"NET_INTEREST_INCOME_YOY":null,"FEE_COMMISSION_INCOME":null,"FEE_COMMISSION_INCOME_YOY":null,"ACCOUNTS_RECE_TDAYS":84.083573559451,"INVENTORY_TDAYS":11.192595861012,"CURRENT_ASSETS_TDAYS":6.597914938732,"TOTAL_ASSETS_TDAYS":3.339686098175,"PREMIUM_EXPENSE":null,"LOAN_DEPOSIT":null,"LOAN_EQUITY":null,"LOAN_ASSETS":null,"DEPOSIT_EQUITY":null,"DEPOSIT_ASSETS":null,"EQUITY_MULTIPLIER":3.247736025847,"EQUITY_RATIO":2.517841482909},{"SECUCODE":"01090.HK","SECURITY_CODE":"01090","SECURITY_NAME_ABBR":"大明国际","ORG_CODE":"10167443","STD_REPORT_DATE":"2020-06-30 00:00:00","REPORT_DATE":"2020-06-30 00:00:00","DATE_TYPE_CODE":"002","REPORT_TYPE":"2020年中报","PER_NETCASH_OPERATE":-0.039434142581,"PER_OI":12.555417245561,"BPS":2.145853994577,"BASIC_EPS":0.1,"DILUTED_EPS":0.1,"OPERATE_INCOME":15633880000,"OPERATE_INCOME_YOY":-6.6994364982,"GROSS_PROFIT":600096000,"GROSS_PROFIT_YOY":6.351161434731,"HOLDER_PROFIT":127634000,"HOLDER_PROFIT_YOY":8.4631400042,"GROSS_PROFIT_RATIO":3.838432941791,"EPS_TTM":0.150575414194,"OPERATE_INCOME_QOQ":-3.161444730753,"NET_PROFIT_RATIO":0.8987148424,"ROE_AVG":4.778270202843,"GROSS_PROFIT_QOQ":3.281935844872,"ROA":1.168515254858,"HOLDER_PROFIT_QOQ":5.609566510454,"ROE_YEARLY":9.556540405685,"ROIC_YEARLY":2.449703762691,"TOTAL_ASSETS":11575103000,"TOTAL_LIABILITIES":8500439000,"TAX_EBT":27.885276697086,"OCF_SALES":-0.314080701656,"TOTAL_PARENT_EQUITY":2734951000,"DEBT_ASSET_RATIO":73.4372644459,"OPERATE_PROFIT":291839000,"PRETAX_PROFIT":194834000,"NETCASH_OPERATE":-49103000,"NETCASH_INVEST":-233007000,"NETCASH_FINANCE":296716000,"END_CASH":176413000,"DIVI_RATIO":null,"DIVIDEND_RATE":null,"CURRENT_RATIO":0.821817505667,"COMMON_ACS":1500000000,"CURRENTDEBT_DEBT":91.61171558316,"ISSUED_COMMON_SHARES":1274528000,"HK_COMMON_SHARES":1274528000,"PER_SHARES":2000,"TOTAL_MARKET_CAP":981386560,"HKSK_MARKET_CAP":981386560,"PE_TTM":-4.008596556237,"PB_TTM":0.30394087863,"REPORT_DATE_SQ":"2019-06-30 00:00:00","REPORT_TYPE_SQ":"2019年中报","OPERATE_INCOME_SQ":16756469000,"DPS_HKD":null,"OPERATE_INCOME_QOQ_SQ":4.3864101245,"NET_PROFIT_RATIO_SQ":0.7791498316,"HOLDER_PROFIT_SQ":117675000,"HOLDER_PROFIT_QOQ_SQ":7.837016347655,"ROE_AVG_SQ":4.605053329394,"PE_TTM_SQ":-3.86508830679,"PB_TTM_SQ":0.411105821717,"ROA_SQ":1.121203611005,"START_DATE":"2020-01-01 00:00:00","FISCAL_YEAR":"12-31","CURRENCY":"HKD","IS_CNY_CODE":0,"DPS_HKD_LY":null,"ORG_TYPE":"一般企业","PREMIUM_INCOME":null,"PREMIUM_INCOME_YOY":null,"NET_INTEREST_INCOME":null,"NET_INTEREST_INCOME_YOY":null,"FEE_COMMISSION_INCOME":null,"FEE_COMMISSION_INCOME_YOY":null,"ACCOUNTS_RECE_TDAYS":31.853222224486,"INVENTORY_TDAYS":5.104532196381,"CURRENT_ASSETS_TDAYS":2.699084239646,"TOTAL_ASSETS_TDAYS":1.431313542835,"PREMIUM_EXPENSE":null,"LOAN_DEPOSIT":null,"LOAN_EQUITY":null,"LOAN_ASSETS":null,"DEPOSIT_EQUITY":null,"DEPOSIT_ASSETS":null,"EQUITY_MULTIPLIER":3.764672497542,"EQUITY_RATIO":3.108077256229}],"count":33},"success":true,"message":"ok","code":0}