{"version":"3c1c9599232f5af5b126be74ebff2a06","result":{"pages":6,"data":[{"SECUCODE":"01097.HK","SECURITY_CODE":"01097","SECURITY_NAME_ABBR":"有线宽频","ORG_CODE":"10010488","STD_REPORT_DATE":"2024-06-30 00:00:00","REPORT_DATE":"2024-06-30 00:00:00","DATE_TYPE_CODE":"002","REPORT_TYPE":"2024年中报","PER_NETCASH_OPERATE":-0.019355593518,"PER_OI":0.035456322943,"BPS":-0.202585483877,"BASIC_EPS":-0.03285648,"DILUTED_EPS":-0.03285648,"OPERATE_INCOME":252967515.6,"OPERATE_INCOME_YOY":5.2305869936,"GROSS_PROFIT":-87556130.44,"GROSS_PROFIT_YOY":-139.358097302246,"HOLDER_PROFIT":-232668599.72,"HOLDER_PROFIT_YOY":-29.4147807458,"GROSS_PROFIT_RATIO":-34.611610203124,"EPS_TTM":-0.082003392342,"OPERATE_INCOME_QOQ":1.868573384829,"NET_PROFIT_RATIO":-91.975682794,"ROE_AVG":17.506016364787,"GROSS_PROFIT_QOQ":-150.004999345266,"ROA":-26.891812063546,"HOLDER_PROFIT_QOQ":-9.559983390413,"ROE_YEARLY":35.012032729574,"ROIC_YEARLY":-56.609312493824,"TOTAL_ASSETS":867777056.68,"TOTAL_LIABILITIES":2313148214.76,"TAX_EBT":-0.036101508023,"OCF_SALES":-54.589962838691,"TOTAL_PARENT_EQUITY":-1445371158.08,"DEBT_ASSET_RATIO":266.5601950356,"OPERATE_PROFIT":-172212676.52,"PRETAX_PROFIT":-232584633.16,"NETCASH_OPERATE":-138094872.76,"NETCASH_INVEST":-51257021.48,"NETCASH_FINANCE":222873717.96,"END_CASH":59980416.92,"DIVI_RATIO":null,"DIVIDEND_RATE":null,"CURRENT_RATIO":0.316981918904,"COMMON_ACS":null,"CURRENTDEBT_DEBT":33.304411950962,"ISSUED_COMMON_SHARES":7134623520,"HK_COMMON_SHARES":7134623520,"PER_SHARES":20000,"TOTAL_MARKET_CAP":206904082.08,"HKSK_MARKET_CAP":206904082.08,"PE_TTM":-0.319682706233,"PB_TTM":-0.130649637345,"REPORT_DATE_SQ":"2023-06-30 00:00:00","REPORT_TYPE_SQ":"2023年中报","OPERATE_INCOME_SQ":242843078.14,"DPS_HKD":null,"OPERATE_INCOME_QOQ_SQ":2.380582677287,"NET_PROFIT_RATIO_SQ":-74.7878645218,"HOLDER_PROFIT_SQ":-181617152.28,"HOLDER_PROFIT_QOQ_SQ":1.459586460886,"ROE_AVG_SQ":23.506822833072,"PE_TTM_SQ":-0.258129768005,"PB_TTM_SQ":-0.236179968114,"ROA_SQ":-22.170000844096,"START_DATE":"2024-01-01 00:00:00","FISCAL_YEAR":"12-31","CURRENCY":"HKD","IS_CNY_CODE":0,"DPS_HKD_LY":null,"ORG_TYPE":"一般企业","PREMIUM_INCOME":null,"PREMIUM_INCOME_YOY":null,"NET_INTEREST_INCOME":null,"NET_INTEREST_INCOME_YOY":null,"FEE_COMMISSION_INCOME":null,"FEE_COMMISSION_INCOME_YOY":null,"ACCOUNTS_RECE_TDAYS":2.643868936901,"INVENTORY_TDAYS":114.186074980872,"CURRENT_ASSETS_TDAYS":1.067925815046,"TOTAL_ASSETS_TDAYS":0.292379586067,"PREMIUM_EXPENSE":null,"LOAN_DEPOSIT":null,"LOAN_EQUITY":null,"LOAN_ASSETS":null,"DEPOSIT_EQUITY":null,"DEPOSIT_ASSETS":null,"EQUITY_MULTIPLIER":-0.60038354289,"EQUITY_RATIO":-1.600383542891},{"SECUCODE":"01097.HK","SECURITY_CODE":"01097","SECURITY_NAME_ABBR":"有线宽频","ORG_CODE":"10010488","STD_REPORT_DATE":"2023-12-31 00:00:00","REPORT_DATE":"2023-12-31 00:00:00","DATE_TYPE_CODE":"001","REPORT_TYPE":"2023年年报","PER_NETCASH_OPERATE":-0.036485313571,"PER_OI":0.075943338011,"BPS":-0.1687826328,"BASIC_EPS":-0.07521626,"DILUTED_EPS":-0.07521626,"OPERATE_INCOME":541827125.56,"OPERATE_INCOME_YOY":6.2374510034,"GROSS_PROFIT":33983250,"GROSS_PROFIT_YOY":-56.062586772828,"HOLDER_PROFIT":-534011884.28,"HOLDER_PROFIT_YOY":33.4693435157,"GROSS_PROFIT_RATIO":6.271972811416,"EPS_TTM":-0.07484794156,"OPERATE_INCOME_QOQ":-33.817859476956,"NET_PROFIT_RATIO":-98.557613506,"ROE_AVG":56.980215109078,"GROSS_PROFIT_QOQ":-65.975983467929,"ROA":-64.590253598904,"HOLDER_PROFIT_QOQ":31.505086379988,"ROE_YEARLY":56.980215109078,"ROIC_YEARLY":-67.186387457836,"TOTAL_ASSETS":856521988.98,"TOTAL_LIABILITIES":2060722530.72,"TAX_EBT":-6.400789702773,"OCF_SALES":-48.042809977622,"TOTAL_PARENT_EQUITY":-1204200541.74,"DEBT_ASSET_RATIO":240.5919004104,"OPERATE_PROFIT":-387650104.52,"PRETAX_PROFIT":-466362561.28,"NETCASH_OPERATE":-260308976.34,"NETCASH_INVEST":-108464565.58,"NETCASH_FINANCE":357221049.36,"END_CASH":26206976.18,"DIVI_RATIO":null,"DIVIDEND_RATE":null,"CURRENT_RATIO":0.357376690471,"COMMON_ACS":null,"CURRENTDEBT_DEBT":30.950106773335,"ISSUED_COMMON_SHARES":7134623520,"HK_COMMON_SHARES":7134623520,"PER_SHARES":20000,"TOTAL_MARKET_CAP":221173329.12,"HKSK_MARKET_CAP":221173329.12,"PE_TTM":-0.341729789421,"PB_TTM":-0.139659957162,"REPORT_DATE_SQ":"2022-12-31 00:00:00","REPORT_TYPE_SQ":"2022年年报","OPERATE_INCOME_SQ":502726996.38,"DPS_HKD":null,"OPERATE_INCOME_QOQ_SQ":4.243182732116,"NET_PROFIT_RATIO_SQ":-98.9409058768,"HOLDER_PROFIT_SQ":-791185317.86,"HOLDER_PROFIT_QOQ_SQ":-129.533107970277,"ROE_AVG_SQ":298.502965758965,"PE_TTM_SQ":-0.299763601555,"PB_TTM_SQ":-0.274273511358,"ROA_SQ":-74.899432832464,"START_DATE":"2023-01-01 00:00:00","FISCAL_YEAR":"12-31","CURRENCY":"HKD","IS_CNY_CODE":0,"DPS_HKD_LY":null,"ORG_TYPE":"一般企业","PREMIUM_INCOME":null,"PREMIUM_INCOME_YOY":null,"NET_INTEREST_INCOME":null,"NET_INTEREST_INCOME_YOY":null,"FEE_COMMISSION_INCOME":null,"FEE_COMMISSION_INCOME_YOY":null,"ACCOUNTS_RECE_TDAYS":5.28127125456,"INVENTORY_TDAYS":113.337647891597,"CURRENT_ASSETS_TDAYS":2.344247575956,"TOTAL_ASSETS_TDAYS":0.655355292212,"PREMIUM_EXPENSE":null,"LOAN_DEPOSIT":null,"LOAN_EQUITY":null,"LOAN_ASSETS":null,"DEPOSIT_EQUITY":null,"DEPOSIT_ASSETS":null,"EQUITY_MULTIPLIER":-0.711278528195,"EQUITY_RATIO":-1.711278528195},{"SECUCODE":"01097.HK","SECURITY_CODE":"01097","SECURITY_NAME_ABBR":"有线宽频","ORG_CODE":"10010488","STD_REPORT_DATE":"2023-06-30 00:00:00","REPORT_DATE":"2023-06-30 00:00:00","DATE_TYPE_CODE":"002","REPORT_TYPE":"2023年中报","PER_NETCASH_OPERATE":-0.014845759705,"PER_OI":0.034037265941,"BPS":-0.12101525895,"BASIC_EPS":-0.02581544,"DILUTED_EPS":-0.02581544,"OPERATE_INCOME":242843078.14,"OPERATE_INCOME_YOY":0.6453856265,"GROSS_PROFIT":-36579556.5,"GROSS_PROFIT_YOY":-444.747857522994,"HOLDER_PROFIT":-181617152.28,"HOLDER_PROFIT_YOY":12.7894312758,"GROSS_PROFIT_RATIO":-15.063042677672,"EPS_TTM":-0.10927518206,"OPERATE_INCOME_QOQ":2.380582677287,"NET_PROFIT_RATIO":-74.7878645218,"ROE_AVG":23.506822833072,"GROSS_PROFIT_QOQ":-23.017960992279,"ROA":-22.170000844096,"HOLDER_PROFIT_QOQ":1.459586460886,"ROE_YEARLY":47.013645666144,"ROIC_YEARLY":-47.268349131562,"TOTAL_ASSETS":827528680.88,"TOTAL_LIABILITIES":1690926993.66,"TAX_EBT":-2.26612394814,"OCF_SALES":-43.616193292912,"TOTAL_PARENT_EQUITY":-863398312.78,"DEBT_ASSET_RATIO":204.334548485,"OPERATE_PROFIT":-101473118.8,"PRETAX_PROFIT":-134546385.36,"NETCASH_OPERATE":-105918906.36,"NETCASH_INVEST":-52774135.2,"NETCASH_FINANCE":183436218.82,"END_CASH":63159317.92,"DIVI_RATIO":null,"DIVIDEND_RATE":null,"CURRENT_RATIO":0.396320506583,"COMMON_ACS":null,"CURRENTDEBT_DEBT":38.661855369934,"ISSUED_COMMON_SHARES":7134623520,"HK_COMMON_SHARES":7134623520,"PER_SHARES":20000,"TOTAL_MARKET_CAP":221173329.12,"HKSK_MARKET_CAP":221173329.12,"PE_TTM":-0.341729789421,"PB_TTM":-0.139659957162,"REPORT_DATE_SQ":"2022-06-30 00:00:00","REPORT_TYPE_SQ":"2022年中报","OPERATE_INCOME_SQ":223806643.76,"DPS_HKD":null,"OPERATE_INCOME_QOQ_SQ":-5.151383386406,"NET_PROFIT_RATIO_SQ":-52.3547273022,"HOLDER_PROFIT_SQ":-193165186.06,"HOLDER_PROFIT_QOQ_SQ":-15.932718286582,"ROE_AVG_SQ":-680.57911626015,"PE_TTM_SQ":-0.299763601555,"PB_TTM_SQ":-0.274273511358,"ROA_SQ":-15.76614558176,"START_DATE":"2023-01-01 00:00:00","FISCAL_YEAR":"12-31","CURRENCY":"HKD","IS_CNY_CODE":0,"DPS_HKD_LY":null,"ORG_TYPE":"一般企业","PREMIUM_INCOME":null,"PREMIUM_INCOME_YOY":null,"NET_INTEREST_INCOME":null,"NET_INTEREST_INCOME_YOY":null,"FEE_COMMISSION_INCOME":null,"FEE_COMMISSION_INCOME_YOY":null,"ACCOUNTS_RECE_TDAYS":2.840505783074,"INVENTORY_TDAYS":53.37583656217,"CURRENT_ASSETS_TDAYS":0.976263635252,"TOTAL_ASSETS_TDAYS":0.296438479503,"PREMIUM_EXPENSE":null,"LOAN_DEPOSIT":null,"LOAN_EQUITY":null,"LOAN_ASSETS":null,"DEPOSIT_EQUITY":null,"DEPOSIT_ASSETS":null,"EQUITY_MULTIPLIER":-0.958455290717,"EQUITY_RATIO":-1.958455290717},{"SECUCODE":"01097.HK","SECURITY_CODE":"01097","SECURITY_NAME_ABBR":"有线宽频","ORG_CODE":"10010488","STD_REPORT_DATE":"2022-12-31 00:00:00","REPORT_DATE":"2022-12-31 00:00:00","DATE_TYPE_CODE":"001","REPORT_TYPE":"2022年年报","PER_NETCASH_OPERATE":-0.011131720612,"PER_OI":0.070463002704,"BPS":-0.092590599627,"BASIC_EPS":-0.11076548,"DILUTED_EPS":-0.11076548,"OPERATE_INCOME":502726996.38,"OPERATE_INCOME_YOY":-9.5024550216,"GROSS_PROFIT":77344676.22,"GROSS_PROFIT_YOY":-63.119331267998,"HOLDER_PROFIT":-791185317.86,"HOLDER_PROFIT_YOY":-143.561976835,"GROSS_PROFIT_RATIO":16.225107490067,"EPS_TTM":-0.11089377255,"OPERATE_INCOME_QOQ":4.243182732116,"NET_PROFIT_RATIO":-98.9409058768,"ROE_AVG":298.502965758965,"GROSS_PROFIT_QOQ":678.670405559007,"ROA":-74.899432832464,"HOLDER_PROFIT_QOQ":-129.533107970277,"ROE_YEARLY":298.502965758965,"ROIC_YEARLY":-78.613895746619,"TOTAL_ASSETS":785625605.38,"TOTAL_LIABILITIES":1446224675.21,"TAX_EBT":-43.058108607399,"OCF_SALES":-9.931869897084,"TOTAL_PARENT_EQUITY":-660599069.83,"DEBT_ASSET_RATIO":184.0857356616,"OPERATE_PROFIT":-291069349.69,"PRETAX_PROFIT":-389245082.31,"NETCASH_OPERATE":-79420635.7,"NETCASH_INVEST":-144173778,"NETCASH_FINANCE":198132645.62,"END_CASH":37148419.49,"DIVI_RATIO":null,"DIVIDEND_RATE":null,"CURRENT_RATIO":0.345804441294,"COMMON_ACS":null,"CURRENTDEBT_DEBT":46.185569939402,"ISSUED_COMMON_SHARES":7134623520,"HK_COMMON_SHARES":7134623520,"PER_SHARES":20000,"TOTAL_MARKET_CAP":221173329.12,"HKSK_MARKET_CAP":221173329.12,"PE_TTM":-0.341729789421,"PB_TTM":-0.139659957162,"REPORT_DATE_SQ":"2021-12-31 00:00:00","REPORT_TYPE_SQ":"2021年年报","OPERATE_INCOME_SQ":808767467.2,"DPS_HKD":null,"OPERATE_INCOME_QOQ_SQ":-2.658161085379,"NET_PROFIT_RATIO_SQ":-36.7623435979,"HOLDER_PROFIT_SQ":-297321875.2,"HOLDER_PROFIT_QOQ_SQ":-37.266888892608,"ROE_AVG_SQ":-142.2582815654,"PE_TTM_SQ":-0.299763601555,"PB_TTM_SQ":-0.274273511358,"ROA_SQ":-23.507889143442,"START_DATE":"2022-01-01 00:00:00","FISCAL_YEAR":"12-31","CURRENCY":"HKD","IS_CNY_CODE":0,"DPS_HKD_LY":null,"ORG_TYPE":"一般企业","PREMIUM_INCOME":null,"PREMIUM_INCOME_YOY":null,"NET_INTEREST_INCOME":null,"NET_INTEREST_INCOME_YOY":null,"FEE_COMMISSION_INCOME":null,"FEE_COMMISSION_INCOME_YOY":null,"ACCOUNTS_RECE_TDAYS":5.253619603267,"INVENTORY_TDAYS":112.470305938812,"CURRENT_ASSETS_TDAYS":2.939589271407,"TOTAL_ASSETS_TDAYS":0.757011795766,"PREMIUM_EXPENSE":null,"LOAN_DEPOSIT":null,"LOAN_EQUITY":null,"LOAN_ASSETS":null,"DEPOSIT_EQUITY":null,"DEPOSIT_ASSETS":null,"EQUITY_MULTIPLIER":-1.189262354824,"EQUITY_RATIO":-2.189262354823},{"SECUCODE":"01097.HK","SECURITY_CODE":"01097","SECURITY_NAME_ABBR":"有线宽频","ORG_CODE":"10010488","STD_REPORT_DATE":"2022-06-30 00:00:00","REPORT_DATE":"2022-06-30 00:00:00","DATE_TYPE_CODE":"002","REPORT_TYPE":"2022年中报","PER_NETCASH_OPERATE":-0.007350706958,"PER_OI":0.031369089502,"BPS":-0.009554660465,"BASIC_EPS":-0.02736608,"DILUTED_EPS":-0.02736608,"OPERATE_INCOME":223806643.76,"OPERATE_INCOME_YOY":-12.5744959806,"GROSS_PROFIT":-6714951.88,"GROSS_PROFIT_YOY":-106.336481643074,"HOLDER_PROFIT":-193165186.06,"HOLDER_PROFIT_YOY":-28.9117432198,"GROSS_PROFIT_RATIO":30.704633428366,"EPS_TTM":-0.04831275694,"OPERATE_INCOME_QOQ":-5.151383386406,"NET_PROFIT_RATIO":-52.3547273022,"ROE_AVG":-680.57911626015,"GROSS_PROFIT_QOQ":24.595312166381,"ROA":-15.76614558176,"HOLDER_PROFIT_QOQ":-15.932718286582,"ROE_YEARLY":-1361.1582325203,"ROIC_YEARLY":-33.064255825886,"TOTAL_ASSETS":1179915905.28,"TOTAL_LIABILITIES":1248084810.56,"TAX_EBT":-4.6573125966,"OCF_SALES":-14.214356906103,"TOTAL_PARENT_EQUITY":-68168905.28,"DEBT_ASSET_RATIO":105.7774376102,"OPERATE_PROFIT":-82183759,"PRETAX_PROFIT":-141646830.08,"NETCASH_OPERATE":-52444526.75,"NETCASH_INVEST":-63485884.84,"NETCASH_FINANCE":109473727.09,"END_CASH":53531473.24,"DIVI_RATIO":null,"DIVIDEND_RATE":null,"CURRENT_RATIO":0.419761415901,"COMMON_ACS":null,"CURRENTDEBT_DEBT":49.357349200781,"ISSUED_COMMON_SHARES":7134623520,"HK_COMMON_SHARES":7134623520,"PER_SHARES":20000,"TOTAL_MARKET_CAP":221173329.12,"HKSK_MARKET_CAP":221173329.12,"PE_TTM":-0.341729789421,"PB_TTM":-0.139659957162,"REPORT_DATE_SQ":"2021-06-30 00:00:00","REPORT_TYPE_SQ":"2021年中报","OPERATE_INCOME_SQ":410617334.64,"DPS_HKD":null,"OPERATE_INCOME_QOQ_SQ":-7.651595143319,"NET_PROFIT_RATIO_SQ":-35.5059850086,"HOLDER_PROFIT_SQ":-145793729.28,"HOLDER_PROFIT_QOQ_SQ":6.547425551765,"ROE_AVG_SQ":-50.084037456695,"PE_TTM_SQ":-0.299763601555,"PB_TTM_SQ":-0.274273511358,"ROA_SQ":-10.709762597492,"START_DATE":"2022-01-01 00:00:00","FISCAL_YEAR":"12-31","CURRENCY":"HKD","IS_CNY_CODE":0,"DPS_HKD_LY":null,"ORG_TYPE":"一般企业","PREMIUM_INCOME":null,"PREMIUM_INCOME_YOY":null,"NET_INTEREST_INCOME":null,"NET_INTEREST_INCOME_YOY":null,"FEE_COMMISSION_INCOME":null,"FEE_COMMISSION_INCOME_YOY":null,"ACCOUNTS_RECE_TDAYS":2.564192002822,"INVENTORY_TDAYS":47.872057646117,"CURRENT_ASSETS_TDAYS":1.321671734152,"TOTAL_ASSETS_TDAYS":0.301140821358,"PREMIUM_EXPENSE":null,"LOAN_DEPOSIT":null,"LOAN_EQUITY":null,"LOAN_ASSETS":null,"DEPOSIT_EQUITY":null,"DEPOSIT_ASSETS":null,"EQUITY_MULTIPLIER":-17.308711360803,"EQUITY_RATIO":-18.308711360899},{"SECUCODE":"01097.HK","SECURITY_CODE":"01097","SECURITY_NAME_ABBR":"有线宽频","ORG_CODE":"10010488","STD_REPORT_DATE":"2021-12-31 00:00:00","REPORT_DATE":"2021-12-31 00:00:00","DATE_TYPE_CODE":"001","REPORT_TYPE":"2021年年报","PER_NETCASH_OPERATE":-0.006738594218,"PER_OI":0.113358114122,"BPS":0.016741229031,"BASIC_EPS":-0.0416976,"DILUTED_EPS":-0.0416976,"OPERATE_INCOME":808767467.2,"OPERATE_INCOME_YOY":-7.4632101533,"GROSS_PROFIT":209716035.2,"GROSS_PROFIT_YOY":341.073161705585,"HOLDER_PROFIT":-297321875.2,"HOLDER_PROFIT_YOY":-32.051258774,"GROSS_PROFIT_RATIO":-3.676517417663,"EPS_TTM":-0.04167309941,"OPERATE_INCOME_QOQ":-2.658161085379,"NET_PROFIT_RATIO":-36.7623435979,"ROE_AVG":-142.2582815654,"GROSS_PROFIT_QOQ":-111.383035147719,"ROA":-23.507889143442,"HOLDER_PROFIT_QOQ":-37.266888892608,"ROE_YEARLY":-142.2582815654,"ROIC_YEARLY":-25.374430404213,"TOTAL_ASSETS":1214620019.2,"TOTAL_LIABILITIES":1095177652.8,"TAX_EBT":-3.247164374033,"OCF_SALES":-5.944518634812,"TOTAL_PARENT_EQUITY":119442366.4,"DEBT_ASSET_RATIO":90.1662771474,"OPERATE_PROFIT":-252335070.4,"PRETAX_PROFIT":-287970984,"NETCASH_OPERATE":-48077332.8,"NETCASH_INVEST":-139056590.4,"NETCASH_FINANCE":115692852.8,"END_CASH":57364451.2,"DIVI_RATIO":null,"DIVIDEND_RATE":null,"CURRENT_RATIO":0.461161644138,"COMMON_ACS":null,"CURRENTDEBT_DEBT":56.738133471892,"ISSUED_COMMON_SHARES":7134623520,"HK_COMMON_SHARES":7134623520,"PER_SHARES":20000,"TOTAL_MARKET_CAP":221173329.12,"HKSK_MARKET_CAP":221173329.12,"PE_TTM":-0.341729789421,"PB_TTM":-0.139659957162,"REPORT_DATE_SQ":"2020-12-31 00:00:00","REPORT_TYPE_SQ":"2020年年报","OPERATE_INCOME_SQ":899693802.28,"DPS_HKD":null,"OPERATE_INCOME_QOQ_SQ":-11.469494478967,"NET_PROFIT_RATIO_SQ":-25.7617329465,"HOLDER_PROFIT_SQ":-231776714.68,"HOLDER_PROFIT_QOQ_SQ":30.226953323692,"ROE_AVG_SQ":-54.793351267032,"PE_TTM_SQ":-0.299763601555,"PB_TTM_SQ":-0.274273511358,"ROA_SQ":-15.794945092195,"START_DATE":"2021-01-01 00:00:00","FISCAL_YEAR":"12-31","CURRENCY":"HKD","IS_CNY_CODE":0,"DPS_HKD_LY":null,"ORG_TYPE":"一般企业","PREMIUM_INCOME":null,"PREMIUM_INCOME_YOY":null,"NET_INTEREST_INCOME":null,"NET_INTEREST_INCOME_YOY":null,"FEE_COMMISSION_INCOME":null,"FEE_COMMISSION_INCOME_YOY":null,"ACCOUNTS_RECE_TDAYS":8.97923115327,"INVENTORY_TDAYS":121.779374220745,"CURRENT_ASSETS_TDAYS":2.742003620165,"TOTAL_ASSETS_TDAYS":0.639455672374,"PREMIUM_EXPENSE":null,"LOAN_DEPOSIT":null,"LOAN_EQUITY":null,"LOAN_ASSETS":null,"DEPOSIT_EQUITY":null,"DEPOSIT_ASSETS":null,"EQUITY_MULTIPLIER":10.169088706172,"EQUITY_RATIO":9.1690887062},{"SECUCODE":"01097.HK","SECURITY_CODE":"01097","SECURITY_NAME_ABBR":"有线宽频","ORG_CODE":"10010488","STD_REPORT_DATE":"2021-06-30 00:00:00","REPORT_DATE":"2021-06-30 00:00:00","DATE_TYPE_CODE":"002","REPORT_TYPE":"2021年中报","PER_NETCASH_OPERATE":-0.004793430233,"PER_OI":0.05755276834,"BPS":0.039013724116,"BASIC_EPS":-0.020802,"DILUTED_EPS":-0.020802,"OPERATE_INCOME":410617334.64,"OPERATE_INCOME_YOY":-5.9840767547,"GROSS_PROFIT":105972876.72,"GROSS_PROFIT_YOY":-25.021877876373,"HOLDER_PROFIT":-145793729.28,"HOLDER_PROFIT_YOY":0.5714350567,"GROSS_PROFIT_RATIO":25.808183868543,"EPS_TTM":-0.030359178201,"OPERATE_INCOME_QOQ":-7.651595143319,"NET_PROFIT_RATIO":-35.5059850086,"ROE_AVG":-50.084037456695,"GROSS_PROFIT_QOQ":-11.924325397738,"ROA":-10.709762597492,"HOLDER_PROFIT_QOQ":6.547425551765,"ROE_YEARLY":-100.16807491339,"ROIC_YEARLY":-24.006878054963,"TOTAL_ASSETS":1384414704,"TOTAL_LIABILITIES":1106066470.32,"TAX_EBT":-2.159615653715,"OCF_SALES":-8.328757018985,"TOTAL_PARENT_EQUITY":278348233.68,"DEBT_ASSET_RATIO":79.8941579517,"OPERATE_PROFIT":-128191076.88,"PRETAX_PROFIT":-142711704.96,"NETCASH_OPERATE":-34199320.08,"NETCASH_INVEST":-74333034.72,"NETCASH_FINANCE":139827715.68,"END_CASH":162444482.16,"DIVI_RATIO":null,"DIVIDEND_RATE":null,"CURRENT_RATIO":0.658053284953,"COMMON_ACS":null,"CURRENTDEBT_DEBT":56.351375444884,"ISSUED_COMMON_SHARES":7134623520,"HK_COMMON_SHARES":7134623520,"PER_SHARES":20000,"TOTAL_MARKET_CAP":221173329.12,"HKSK_MARKET_CAP":221173329.12,"PE_TTM":-0.341729789421,"PB_TTM":-0.139659957162,"REPORT_DATE_SQ":"2020-06-30 00:00:00","REPORT_TYPE_SQ":"2020年中报","OPERATE_INCOME_SQ":479458261.92,"DPS_HKD":null,"OPERATE_INCOME_QOQ_SQ":-2.269711516349,"NET_PROFIT_RATIO_SQ":-33.5731282376,"HOLDER_PROFIT_SQ":-160969137.12,"HOLDER_PROFIT_QOQ_SQ":6.582671666445,"ROE_AVG_SQ":-31.935853918881,"PE_TTM_SQ":-0.299763601555,"PB_TTM_SQ":-0.274273511358,"ROA_SQ":-10.035178333222,"START_DATE":"2021-01-01 00:00:00","FISCAL_YEAR":"12-31","CURRENCY":"HKD","IS_CNY_CODE":0,"DPS_HKD_LY":null,"ORG_TYPE":"一般企业","PREMIUM_INCOME":null,"PREMIUM_INCOME_YOY":null,"NET_INTEREST_INCOME":null,"NET_INTEREST_INCOME_YOY":null,"FEE_COMMISSION_INCOME":null,"FEE_COMMISSION_INCOME_YOY":null,"ACCOUNTS_RECE_TDAYS":4.638586662781,"INVENTORY_TDAYS":38.579978925184,"CURRENT_ASSETS_TDAYS":1.142383902828,"TOTAL_ASSETS_TDAYS":0.30163260067,"PREMIUM_EXPENSE":null,"LOAN_DEPOSIT":null,"LOAN_EQUITY":null,"LOAN_ASSETS":null,"DEPOSIT_EQUITY":null,"DEPOSIT_ASSETS":null,"EQUITY_MULTIPLIER":4.973678782504,"EQUITY_RATIO":3.973678782498},{"SECUCODE":"01097.HK","SECURITY_CODE":"01097","SECURITY_NAME_ABBR":"有线宽频","ORG_CODE":"10010488","STD_REPORT_DATE":"2020-12-31 00:00:00","REPORT_DATE":"2020-12-31 00:00:00","DATE_TYPE_CODE":"001","REPORT_TYPE":"2020年年报","PER_NETCASH_OPERATE":0.012971259221,"PER_OI":0.126102491569,"BPS":0.043077136869,"BASIC_EPS":-0.03282396,"DILUTED_EPS":-0.03282396,"OPERATE_INCOME":899693802.28,"OPERATE_INCOME_YOY":-7.913255694,"GROSS_PROFIT":47546768.52,"GROSS_PROFIT_YOY":-82.146563910241,"HOLDER_PROFIT":-231776714.68,"HOLDER_PROFIT_YOY":30.6270562214,"GROSS_PROFIT_RATIO":32.964881377242,"EPS_TTM":-0.032486187117,"OPERATE_INCOME_QOQ":-11.469494478967,"NET_PROFIT_RATIO":-25.7617329465,"ROE_AVG":-54.793351267032,"GROSS_PROFIT_QOQ":4.833265599078,"ROA":-15.794945092195,"HOLDER_PROFIT_QOQ":30.226953323692,"ROE_YEARLY":-54.793351267032,"ROIC_YEARLY":-17.837649645934,"TOTAL_ASSETS":1353592779.2,"TOTAL_LIABILITIES":1046253625.32,"TAX_EBT":-0.190275918272,"OCF_SALES":10.286283053798,"TOTAL_PARENT_EQUITY":307339153.88,"DEBT_ASSET_RATIO":77.2945631358,"OPERATE_PROFIT":-197319131.44,"PRETAX_PROFIT":-231336536.96,"NETCASH_OPERATE":92545051.12,"NETCASH_INVEST":-86848831.6,"NETCASH_FINANCE":-76838365.44,"END_CASH":132493493.72,"DIVI_RATIO":null,"DIVIDEND_RATE":null,"CURRENT_RATIO":0.473180523726,"COMMON_ACS":null,"CURRENTDEBT_DEBT":63.076566651624,"ISSUED_COMMON_SHARES":7134623520,"HK_COMMON_SHARES":7134623520,"PER_SHARES":20000,"TOTAL_MARKET_CAP":221173329.12,"HKSK_MARKET_CAP":221173329.12,"PE_TTM":-0.341729789421,"PB_TTM":-0.139659957162,"REPORT_DATE_SQ":"2019-12-31 00:00:00","REPORT_TYPE_SQ":"2019年年报","OPERATE_INCOME_SQ":1039854567.86,"DPS_HKD":null,"OPERATE_INCOME_QOQ_SQ":1.24595270729,"NET_PROFIT_RATIO_SQ":-34.1965323297,"HOLDER_PROFIT_SQ":-355594203.48,"HOLDER_PROFIT_QOQ_SQ":3.8373141427,"ROE_AVG_SQ":-58.225068698998,"PE_TTM_SQ":-0.299763601555,"PB_TTM_SQ":-0.274273511358,"ROA_SQ":-22.324399621859,"START_DATE":"2020-01-01 00:00:00","FISCAL_YEAR":"12-31","CURRENCY":"HKD","IS_CNY_CODE":0,"DPS_HKD_LY":null,"ORG_TYPE":"一般企业","PREMIUM_INCOME":null,"PREMIUM_INCOME_YOY":null,"NET_INTEREST_INCOME":null,"NET_INTEREST_INCOME_YOY":null,"FEE_COMMISSION_INCOME":null,"FEE_COMMISSION_INCOME_YOY":null,"ACCOUNTS_RECE_TDAYS":9.7724764939,"INVENTORY_TDAYS":65.144545454545,"CURRENT_ASSETS_TDAYS":2.376029811036,"TOTAL_ASSETS_TDAYS":0.613116560325,"PREMIUM_EXPENSE":null,"LOAN_DEPOSIT":null,"LOAN_EQUITY":null,"LOAN_ASSETS":null,"DEPOSIT_EQUITY":null,"DEPOSIT_ASSETS":null,"EQUITY_MULTIPLIER":4.404231488612,"EQUITY_RATIO":3.404231488607},{"SECUCODE":"01097.HK","SECURITY_CODE":"01097","SECURITY_NAME_ABBR":"有线宽频","ORG_CODE":"10010488","STD_REPORT_DATE":"2020-06-30 00:00:00","REPORT_DATE":"2020-06-30 00:00:00","DATE_TYPE_CODE":"002","REPORT_TYPE":"2020年中报","PER_NETCASH_OPERATE":0.000710946037,"PER_OI":0.067201620461,"BPS":0.0593529196,"BASIC_EPS":-0.022836,"DILUTED_EPS":-0.022836,"OPERATE_INCOME":479458261.92,"OPERATE_INCOME_YOY":-8.216234175,"GROSS_PROFIT":141338398.08,"GROSS_PROFIT_YOY":13.300633620686,"HOLDER_PROFIT":-160969137.12,"HOLDER_PROFIT_YOY":15.9241412214,"GROSS_PROFIT_RATIO":29.47876995883,"EPS_TTM":-0.046559794454,"OPERATE_INCOME_QOQ":-2.269711516349,"NET_PROFIT_RATIO":-33.5731282376,"ROE_AVG":-31.935853918881,"GROSS_PROFIT_QOQ":6.230185305207,"ROA":-10.035178333222,"HOLDER_PROFIT_QOQ":6.582671666445,"ROE_YEARLY":-63.871707837761,"ROIC_YEARLY":-22.131394598233,"TOTAL_ASSETS":1491974531.52,"TOTAL_LIABILITIES":1068513795.36,"TAX_EBT":-0.130118072207,"OCF_SALES":1.057929901904,"TOTAL_PARENT_EQUITY":423460736.16,"DEBT_ASSET_RATIO":71.6174286348,"OPERATE_PROFIT":-141631612.32,"PRETAX_PROFIT":-160759959.36,"NETCASH_OPERATE":5072332.32,"NETCASH_INVEST":-85463273.28,"NETCASH_FINANCE":-62726838.24,"END_CASH":77801338.56,"DIVI_RATIO":null,"DIVIDEND_RATE":null,"CURRENT_RATIO":0.475895969859,"COMMON_ACS":null,"CURRENTDEBT_DEBT":60.763620851638,"ISSUED_COMMON_SHARES":7134623520,"HK_COMMON_SHARES":7134623520,"PER_SHARES":20000,"TOTAL_MARKET_CAP":221173329.12,"HKSK_MARKET_CAP":221173329.12,"PE_TTM":-0.341729789421,"PB_TTM":-0.139659957162,"REPORT_DATE_SQ":"2019-06-30 00:00:00","REPORT_TYPE_SQ":"2019年中报","OPERATE_INCOME_SQ":503059960.8,"DPS_HKD":null,"OPERATE_INCOME_QOQ_SQ":0.761870819024,"NET_PROFIT_RATIO_SQ":-36.6510456739,"HOLDER_PROFIT_SQ":-184376736,"HOLDER_PROFIT_QOQ_SQ":7.365542417932,"ROE_AVG_SQ":-27.026539133036,"PE_TTM_SQ":-0.299763601555,"PB_TTM_SQ":-0.274273511358,"ROA_SQ":-10.638314070845,"START_DATE":"2020-01-01 00:00:00","FISCAL_YEAR":"12-31","CURRENCY":"HKD","IS_CNY_CODE":0,"DPS_HKD_LY":null,"ORG_TYPE":"一般企业","PREMIUM_INCOME":null,"PREMIUM_INCOME_YOY":null,"NET_INTEREST_INCOME":null,"NET_INTEREST_INCOME_YOY":null,"FEE_COMMISSION_INCOME":null,"FEE_COMMISSION_INCOME_YOY":null,"ACCOUNTS_RECE_TDAYS":5.561544411363,"INVENTORY_TDAYS":33.735338345865,"CURRENT_ASSETS_TDAYS":1.210772768898,"TOTAL_ASSETS_TDAYS":0.298905072599,"PREMIUM_EXPENSE":null,"LOAN_DEPOSIT":null,"LOAN_EQUITY":null,"LOAN_ASSETS":null,"DEPOSIT_EQUITY":null,"DEPOSIT_ASSETS":null,"EQUITY_MULTIPLIER":3.523288947759,"EQUITY_RATIO":2.523288947753}],"count":47},"success":true,"message":"ok","code":0}