{"version":"e1c3b9e2f18b0b151dd2a51c489c5736","result":{"pages":6,"data":[{"SECUCODE":"01098.HK","SECURITY_CODE":"01098","SECURITY_NAME_ABBR":"路劲","ORG_CODE":"10010489","STD_REPORT_DATE":"2024-06-30 00:00:00","REPORT_DATE":"2024-06-30 00:00:00","DATE_TYPE_CODE":"002","REPORT_TYPE":"2024年中报","PER_NETCASH_OPERATE":0.39037607408,"PER_OI":4.224234273174,"BPS":17.336256638622,"BASIC_EPS":-1.2503716,"DILUTED_EPS":null,"OPERATE_INCOME":3165373204.24,"OPERATE_INCOME_YOY":-44.7469928195,"GROSS_PROFIT":-331838583.16,"GROSS_PROFIT_YOY":-151.854426875502,"HOLDER_PROFIT":-937199148.2,"HOLDER_PROFIT_YOY":15.8481888592,"GROSS_PROFIT_RATIO":-10.483395219101,"EPS_TTM":-4.540306719744,"OPERATE_INCOME_QOQ":-22.127113998709,"NET_PROFIT_RATIO":-11.3461149213,"ROE_AVG":-6.861955850373,"GROSS_PROFIT_QOQ":-165.486995652527,"ROA":-1.488724499242,"HOLDER_PROFIT_QOQ":5.23248405966,"ROE_YEARLY":-13.723911700745,"ROIC_YEARLY":-3.955702061613,"TOTAL_ASSETS":59147147381.44,"TOTAL_LIABILITIES":36648439968.04,"TAX_EBT":1154.02046392029,"OCF_SALES":9.241345267224,"TOTAL_PARENT_EQUITY":12990691016.88,"DEBT_ASSET_RATIO":61.9614665974,"OPERATE_PROFIT":20590060.8,"PRETAX_PROFIT":34073995.12,"NETCASH_OPERATE":292523066.8,"NETCASH_INVEST":4647475168.92,"NETCASH_FINANCE":-3402344177.48,"END_CASH":5590418725.04,"DIVI_RATIO":null,"DIVIDEND_RATE":null,"CURRENT_RATIO":1.451895774927,"COMMON_ACS":20000000000,"CURRENTDEBT_DEBT":68.832618644174,"ISSUED_COMMON_SHARES":749336566,"HK_COMMON_SHARES":749336566,"PER_SHARES":1000,"TOTAL_MARKET_CAP":771816662.98,"HKSK_MARKET_CAP":771816662.98,"PE_TTM":-0.204823862176,"PB_TTM":0.054225108661,"REPORT_DATE_SQ":"2023-06-30 00:00:00","REPORT_TYPE_SQ":"2023年中报","OPERATE_INCOME_SQ":5787246332.48,"DPS_HKD":null,"OPERATE_INCOME_QOQ_SQ":10.012920873312,"NET_PROFIT_RATIO_SQ":-14.0412835735,"HOLDER_PROFIT_SQ":-1125048860.94,"HOLDER_PROFIT_QOQ_SQ":-270.755146632317,"ROE_AVG_SQ":-6.241274576381,"PE_TTM_SQ":-0.599115774493,"PB_TTM_SQ":0.057224707781,"ROA_SQ":-1.418144499766,"START_DATE":"2024-01-01 00:00:00","FISCAL_YEAR":"12-31","CURRENCY":"HKD","IS_CNY_CODE":0,"DPS_HKD_LY":null,"ORG_TYPE":"一般企业","PREMIUM_INCOME":null,"PREMIUM_INCOME_YOY":null,"NET_INTEREST_INCOME":null,"NET_INTEREST_INCOME_YOY":null,"FEE_COMMISSION_INCOME":null,"FEE_COMMISSION_INCOME_YOY":null,"ACCOUNTS_RECE_TDAYS":1.358526115318,"INVENTORY_TDAYS":0.137777252178,"CURRENT_ASSETS_TDAYS":0.080940689199,"TOTAL_ASSETS_TDAYS":0.05028140121,"PREMIUM_EXPENSE":null,"LOAN_DEPOSIT":null,"LOAN_EQUITY":null,"LOAN_ASSETS":null,"DEPOSIT_EQUITY":null,"DEPOSIT_ASSETS":null,"EQUITY_MULTIPLIER":2.628913132418,"EQUITY_RATIO":2.821130909851},{"SECUCODE":"01098.HK","SECURITY_CODE":"01098","SECURITY_NAME_ABBR":"路劲","ORG_CODE":"10010489","STD_REPORT_DATE":"2023-12-31 00:00:00","REPORT_DATE":"2023-12-31 00:00:00","DATE_TYPE_CODE":"001","REPORT_TYPE":"2023年年报","PER_NETCASH_OPERATE":3.092923176286,"PER_OI":15.812843523454,"BPS":18.98174735586,"BASIC_EPS":-4.7939038,"DILUTED_EPS":null,"OPERATE_INCOME":11849141864.56,"OPERATE_INCOME_YOY":-23.7854611128,"GROSS_PROFIT":-587225122.68,"GROSS_PROFIT_YOY":-122.327637355004,"HOLDER_PROFIT":-3590067558.7,"HOLDER_PROFIT_YOY":-699.7095147544,"GROSS_PROFIT_RATIO":-4.955845152267,"EPS_TTM":-4.790994756687,"OPERATE_INCOME_QOQ":-29.717852196376,"NET_PROFIT_RATIO":-28.7605882459,"ROE_AVG":-22.044278473666,"GROSS_PROFIT_QOQ":-134.059221101312,"ROA":-4.856410550558,"HOLDER_PROFIT_QOQ":-118.824512089201,"ROE_YEARLY":-22.044278473666,"ROIC_YEARLY":-6.318783130084,"TOTAL_ASSETS":66286651766.86,"TOTAL_LIABILITIES":41639584696.78,"TAX_EBT":-4.773230989977,"OCF_SALES":19.559563538959,"TOTAL_PARENT_EQUITY":14223717380.32,"DEBT_ASSET_RATIO":62.8174505528,"OPERATE_PROFIT":-2768474007.18,"PRETAX_PROFIT":-3252627479.5,"NETCASH_OPERATE":2317640431.82,"NETCASH_INVEST":2663449452.72,"NETCASH_FINANCE":-7393631487.2,"END_CASH":4082204829.22,"DIVI_RATIO":null,"DIVIDEND_RATE":null,"CURRENT_RATIO":1.451118077337,"COMMON_ACS":20000000000,"CURRENTDEBT_DEBT":68.341480507947,"ISSUED_COMMON_SHARES":749336566,"HK_COMMON_SHARES":749336566,"PER_SHARES":1000,"TOTAL_MARKET_CAP":906697244.86,"HKSK_MARKET_CAP":906697244.86,"PE_TTM":-0.240618323527,"PB_TTM":0.063701341242,"REPORT_DATE_SQ":"2022-12-31 00:00:00","REPORT_TYPE_SQ":"2022年年报","OPERATE_INCOME_SQ":15324918681.52,"DPS_HKD":null,"OPERATE_INCOME_QOQ_SQ":-24.550420298802,"NET_PROFIT_RATIO_SQ":2.6731909627,"HOLDER_PROFIT_SQ":-442506306.06,"HOLDER_PROFIT_QOQ_SQ":-168.795802381088,"ROE_AVG_SQ":-2.326601326062,"PE_TTM_SQ":-0.607436826917,"PB_TTM_SQ":0.058019495389,"ROA_SQ":-0.499780809042,"START_DATE":"2023-01-01 00:00:00","FISCAL_YEAR":"12-31","CURRENCY":"HKD","IS_CNY_CODE":0,"DPS_HKD_LY":null,"ORG_TYPE":"一般企业","PREMIUM_INCOME":null,"PREMIUM_INCOME_YOY":null,"NET_INTEREST_INCOME":null,"NET_INTEREST_INCOME_YOY":null,"FEE_COMMISSION_INCOME":null,"FEE_COMMISSION_INCOME_YOY":null,"ACCOUNTS_RECE_TDAYS":4.939237847721,"INVENTORY_TDAYS":0.403287384706,"CURRENT_ASSETS_TDAYS":0.258501801591,"TOTAL_ASSETS_TDAYS":0.160287506085,"PREMIUM_EXPENSE":null,"LOAN_DEPOSIT":null,"LOAN_EQUITY":null,"LOAN_ASSETS":null,"DEPOSIT_EQUITY":null,"DEPOSIT_ASSETS":null,"EQUITY_MULTIPLIER":2.689433658711,"EQUITY_RATIO":2.927475538455},{"SECUCODE":"01098.HK","SECURITY_CODE":"01098","SECURITY_NAME_ABBR":"路劲","ORG_CODE":"10010489","STD_REPORT_DATE":"2023-06-30 00:00:00","REPORT_DATE":"2023-06-30 00:00:00","DATE_TYPE_CODE":"002","REPORT_TYPE":"2023年中报","PER_NETCASH_OPERATE":2.142153459811,"PER_OI":7.723160186046,"BPS":23.200663690233,"BASIC_EPS":-1.5028274,"DILUTED_EPS":null,"OPERATE_INCOME":5787246332.48,"OPERATE_INCOME_YOY":26.2236521949,"GROSS_PROFIT":639942630.08,"GROSS_PROFIT_YOY":-58.602540234997,"HOLDER_PROFIT":-1125048860.94,"HOLDER_PROFIT_YOY":-1528.3491940865,"GROSS_PROFIT_RATIO":11.057808728279,"EPS_TTM":-2.189423255624,"OPERATE_INCOME_QOQ":10.012920873312,"NET_PROFIT_RATIO":-14.0412835735,"ROE_AVG":-6.241274576381,"GROSS_PROFIT_QOQ":-34.444662464276,"ROA":-1.418144499766,"HOLDER_PROFIT_QOQ":-270.755146632317,"ROE_YEARLY":-12.482549152762,"ROIC_YEARLY":-3.695634611437,"TOTAL_ASSETS":75684524091.66,"TOTAL_LIABILITIES":47140238113,"TAX_EBT":-35.838332028433,"OCF_SALES":27.736747758793,"TOTAL_PARENT_EQUITY":17385105658.56,"DEBT_ASSET_RATIO":62.2851747815,"OPERATE_PROFIT":-736386347.98,"PRETAX_PROFIT":-598213815.28,"NETCASH_OPERATE":1605193917.42,"NETCASH_INVEST":2558427195.46,"NETCASH_FINANCE":-5223849247.94,"END_CASH":5644310851.1,"DIVI_RATIO":null,"DIVIDEND_RATE":null,"CURRENT_RATIO":1.718562115553,"COMMON_ACS":20000000000,"CURRENTDEBT_DEBT":55.864068289544,"ISSUED_COMMON_SHARES":749336566,"HK_COMMON_SHARES":749336566,"PER_SHARES":1000,"TOTAL_MARKET_CAP":906697244.86,"HKSK_MARKET_CAP":906697244.86,"PE_TTM":-0.240618323527,"PB_TTM":0.063701341242,"REPORT_DATE_SQ":"2022-06-30 00:00:00","REPORT_TYPE_SQ":"2022年中报","OPERATE_INCOME_SQ":4252774351,"DPS_HKD":null,"OPERATE_INCOME_QOQ_SQ":0.667992641985,"NET_PROFIT_RATIO_SQ":9.4297492409,"HOLDER_PROFIT_SQ":73059736.89,"HOLDER_PROFIT_QOQ_SQ":-23.489677130839,"ROE_AVG_SQ":0.387480924963,"PE_TTM_SQ":-0.607436826917,"PB_TTM_SQ":0.058019495389,"ROA_SQ":0.081173254973,"START_DATE":"2023-01-01 00:00:00","FISCAL_YEAR":"12-31","CURRENCY":"HKD","IS_CNY_CODE":0,"DPS_HKD_LY":null,"ORG_TYPE":"一般企业","PREMIUM_INCOME":null,"PREMIUM_INCOME_YOY":null,"NET_INTEREST_INCOME":null,"NET_INTEREST_INCOME_YOY":null,"FEE_COMMISSION_INCOME":null,"FEE_COMMISSION_INCOME_YOY":null,"ACCOUNTS_RECE_TDAYS":null,"INVENTORY_TDAYS":0.156153444321,"CURRENT_ASSETS_TDAYS":0.119924973335,"TOTAL_ASSETS_TDAYS":0.072949289939,"PREMIUM_EXPENSE":null,"LOAN_DEPOSIT":null,"LOAN_EQUITY":null,"LOAN_ASSETS":null,"DEPOSIT_EQUITY":null,"DEPOSIT_ASSETS":null,"EQUITY_MULTIPLIER":2.651477222038,"EQUITY_RATIO":2.711530147635},{"SECUCODE":"01098.HK","SECURITY_CODE":"01098","SECURITY_NAME_ABBR":"路劲","ORG_CODE":"10010489","STD_REPORT_DATE":"2022-12-31 00:00:00","REPORT_DATE":"2022-12-31 00:00:00","DATE_TYPE_CODE":"001","REPORT_TYPE":"2022年年报","PER_NETCASH_OPERATE":2.512785485047,"PER_OI":20.451315706272,"BPS":24.135368610558,"BASIC_EPS":-0.5895582,"DILUTED_EPS":null,"OPERATE_INCOME":15324918681.52,"OPERATE_INCOME_YOY":-30.4805435816,"GROSS_PROFIT":2630036995.6,"GROSS_PROFIT_YOY":-40.419449697247,"HOLDER_PROFIT":-442506306.06,"HOLDER_PROFIT_YOY":-148.1770395188,"GROSS_PROFIT_RATIO":17.161833287713,"EPS_TTM":-0.590530779009,"OPERATE_INCOME_QOQ":-24.550420298802,"NET_PROFIT_RATIO":2.6731909627,"ROE_AVG":-2.326601326062,"GROSS_PROFIT_QOQ":-46.303639075546,"ROA":-0.499780809042,"HOLDER_PROFIT_QOQ":-168.795802381088,"ROE_YEARLY":-2.326601326062,"ROIC_YEARLY":-0.625650515513,"TOTAL_ASSETS":80396419729.71,"TOTAL_LIABILITIES":51132463080.3,"TAX_EBT":58.238638174495,"OCF_SALES":12.286669088369,"TOTAL_PARENT_EQUITY":18085514233.78,"DEBT_ASSET_RATIO":63.6004230688,"OPERATE_PROFIT":666820695.38,"PRETAX_PROFIT":980964995.71,"NETCASH_OPERATE":1882922046.46,"NETCASH_INVEST":1341554869.69,"NETCASH_FINANCE":-6326662489.49,"END_CASH":6584847890.67,"DIVI_RATIO":null,"DIVIDEND_RATE":null,"CURRENT_RATIO":1.640640279687,"COMMON_ACS":20000000000,"CURRENTDEBT_DEBT":59.197694206114,"ISSUED_COMMON_SHARES":749336566,"HK_COMMON_SHARES":749336566,"PER_SHARES":1000,"TOTAL_MARKET_CAP":906697244.86,"HKSK_MARKET_CAP":906697244.86,"PE_TTM":-0.240618323527,"PB_TTM":0.063701341242,"REPORT_DATE_SQ":"2021-12-31 00:00:00","REPORT_TYPE_SQ":"2021年年报","OPERATE_INCOME_SQ":20176691102.4,"DPS_HKD":null,"OPERATE_INCOME_QOQ_SQ":18.641169230201,"NET_PROFIT_RATIO_SQ":8.041547537,"HOLDER_PROFIT_SQ":840693112,"HOLDER_PROFIT_QOQ_SQ":-36.682559893804,"ROE_AVG_SQ":3.597023269924,"PE_TTM_SQ":-0.607436826917,"PB_TTM_SQ":0.058019495389,"ROA_SQ":0.97225930494,"START_DATE":"2022-01-01 00:00:00","FISCAL_YEAR":"12-31","CURRENCY":"HKD","IS_CNY_CODE":0,"DPS_HKD_LY":0.2,"ORG_TYPE":"一般企业","PREMIUM_INCOME":null,"PREMIUM_INCOME_YOY":null,"NET_INTEREST_INCOME":null,"NET_INTEREST_INCOME_YOY":null,"FEE_COMMISSION_INCOME":null,"FEE_COMMISSION_INCOME_YOY":null,"ACCOUNTS_RECE_TDAYS":6.456625087689,"INVENTORY_TDAYS":0.341222237525,"CURRENT_ASSETS_TDAYS":0.277942818483,"TOTAL_ASSETS_TDAYS":0.173084544836,"PREMIUM_EXPENSE":null,"LOAN_DEPOSIT":null,"LOAN_EQUITY":null,"LOAN_ASSETS":null,"DEPOSIT_EQUITY":null,"DEPOSIT_ASSETS":null,"EQUITY_MULTIPLIER":2.747284678309,"EQUITY_RATIO":2.82726066947},{"SECUCODE":"01098.HK","SECURITY_CODE":"01098","SECURITY_NAME_ABBR":"路劲","ORG_CODE":"10010489","STD_REPORT_DATE":"2022-06-30 00:00:00","REPORT_DATE":"2022-06-30 00:00:00","DATE_TYPE_CODE":"002","REPORT_TYPE":"2022年中报","PER_NETCASH_OPERATE":-1.666944525779,"PER_OI":5.675386126826,"BPS":24.831793825313,"BASIC_EPS":0.0940709,"DILUTED_EPS":null,"OPERATE_INCOME":4252774351,"OPERATE_INCOME_YOY":0.4821543096,"GROSS_PROFIT":1545849995.9,"GROSS_PROFIT_YOY":45.543224908551,"HOLDER_PROFIT":73059736.89,"HOLDER_PROFIT_YOY":-73.7242104745,"GROSS_PROFIT_RATIO":36.349212733013,"EPS_TTM":0.858381992171,"OPERATE_INCOME_QOQ":0.667992641985,"NET_PROFIT_RATIO":9.4297492409,"ROE_AVG":0.387480924963,"GROSS_PROFIT_QOQ":10.958264725943,"ROA":0.081173254973,"HOLDER_PROFIT_QOQ":-23.489677130839,"ROE_YEARLY":0.774961849926,"ROIC_YEARLY":0.203543126628,"TOTAL_ASSETS":87447266163.39,"TOTAL_LIABILITIES":57614563356.77,"TAX_EBT":41.770218536147,"OCF_SALES":-29.371473385751,"TOTAL_PARENT_EQUITY":18607371112.68,"DEBT_ASSET_RATIO":65.8849222903,"OPERATE_PROFIT":591493018.69,"PRETAX_PROFIT":688695624.47,"NETCASH_OPERATE":-1249102486.66,"NETCASH_INVEST":2616917317.98,"NETCASH_FINANCE":-2599821214.69,"END_CASH":8359975694.63,"DIVI_RATIO":null,"DIVIDEND_RATE":null,"CURRENT_RATIO":1.621522878084,"COMMON_ACS":20000000000,"CURRENTDEBT_DEBT":60.184742923693,"ISSUED_COMMON_SHARES":749336566,"HK_COMMON_SHARES":749336566,"PER_SHARES":1000,"TOTAL_MARKET_CAP":906697244.86,"HKSK_MARKET_CAP":906697244.86,"PE_TTM":-0.240618323527,"PB_TTM":0.063701341242,"REPORT_DATE_SQ":"2021-06-30 00:00:00","REPORT_TYPE_SQ":"2021年中报","OPERATE_INCOME_SQ":4117995539.04,"DPS_HKD":null,"OPERATE_INCOME_QOQ_SQ":-16.489182554298,"NET_PROFIT_RATIO_SQ":13.0694692585,"HOLDER_PROFIT_SQ":270535834.56,"HOLDER_PROFIT_QOQ_SQ":-8.432615322553,"ROE_AVG_SQ":1.153211197079,"PE_TTM_SQ":-0.607436826917,"PB_TTM_SQ":0.058019495389,"ROA_SQ":0.293719211978,"START_DATE":"2022-01-01 00:00:00","FISCAL_YEAR":"12-31","CURRENCY":"HKD","IS_CNY_CODE":0,"DPS_HKD_LY":0.2,"ORG_TYPE":"一般企业","PREMIUM_INCOME":null,"PREMIUM_INCOME_YOY":null,"NET_INTEREST_INCOME":null,"NET_INTEREST_INCOME_YOY":null,"FEE_COMMISSION_INCOME":null,"FEE_COMMISSION_INCOME_YOY":null,"ACCOUNTS_RECE_TDAYS":null,"INVENTORY_TDAYS":0.071372138489,"CURRENT_ASSETS_TDAYS":0.074443146433,"TOTAL_ASSETS_TDAYS":0.047250585813,"PREMIUM_EXPENSE":null,"LOAN_DEPOSIT":null,"LOAN_EQUITY":null,"LOAN_ASSETS":null,"DEPOSIT_EQUITY":null,"DEPOSIT_ASSETS":null,"EQUITY_MULTIPLIER":2.931255231219,"EQUITY_RATIO":3.096330105305},{"SECUCODE":"01098.HK","SECURITY_CODE":"01098","SECURITY_NAME_ABBR":"路劲","ORG_CODE":"10010489","STD_REPORT_DATE":"2021-12-31 00:00:00","REPORT_DATE":"2021-12-31 00:00:00","DATE_TYPE_CODE":"001","REPORT_TYPE":"2021年年报","PER_NETCASH_OPERATE":6.994641843222,"PER_OI":26.926073032982,"BPS":24.372323179542,"BASIC_EPS":1.120112,"DILUTED_EPS":null,"OPERATE_INCOME":20176691102.4,"OPERATE_INCOME_YOY":1.991419858,"GROSS_PROFIT":4414254286.4,"GROSS_PROFIT_YOY":-19.392149919878,"HOLDER_PROFIT":840693112,"HOLDER_PROFIT_YOY":-40.3171376697,"GROSS_PROFIT_RATIO":21.877989131107,"EPS_TTM":1.121916572799,"OPERATE_INCOME_QOQ":18.641169230201,"NET_PROFIT_RATIO":8.041547537,"ROE_AVG":3.597023269924,"GROSS_PROFIT_QOQ":5.860853376284,"ROA":0.97225930494,"HOLDER_PROFIT_QOQ":-36.682559893804,"ROE_YEARLY":3.597023269924,"ROIC_YEARLY":1.18739899842,"TOTAL_ASSETS":88493533665.6,"TOTAL_LIABILITIES":59224778177.6,"TAX_EBT":53.570798549258,"OCF_SALES":25.977207425139,"TOTAL_PARENT_EQUITY":18263072956.8,"DEBT_ASSET_RATIO":66.9255432848,"OPERATE_PROFIT":3119224124.8,"PRETAX_PROFIT":3494607177.6,"NETCASH_OPERATE":5241340899.2,"NETCASH_INVEST":-4282620686.4,"NETCASH_FINANCE":-1884472340.8,"END_CASH":9347143321.6,"DIVI_RATIO":null,"DIVIDEND_RATE":null,"CURRENT_RATIO":1.691869885941,"COMMON_ACS":20000000000,"CURRENTDEBT_DEBT":55.367286967741,"ISSUED_COMMON_SHARES":749336566,"HK_COMMON_SHARES":749336566,"PER_SHARES":1000,"TOTAL_MARKET_CAP":906697244.86,"HKSK_MARKET_CAP":906697244.86,"PE_TTM":-0.240618323527,"PB_TTM":0.063701341242,"REPORT_DATE_SQ":"2020-12-31 00:00:00","REPORT_TYPE_SQ":"2020年年报","OPERATE_INCOME_SQ":20364408128.92,"DPS_HKD":null,"OPERATE_INCOME_QOQ_SQ":-1.620764540544,"NET_PROFIT_RATIO_SQ":11.504315385,"HOLDER_PROFIT_SQ":1450017790.72,"HOLDER_PROFIT_QOQ_SQ":-38.070400505524,"ROE_AVG_SQ":6.415580474136,"PE_TTM_SQ":-0.607436826917,"PB_TTM_SQ":0.058019495389,"ROA_SQ":1.776466062581,"START_DATE":"2021-01-01 00:00:00","FISCAL_YEAR":"12-31","CURRENCY":"HKD","IS_CNY_CODE":0,"DPS_HKD_LY":0.7,"ORG_TYPE":"一般企业","PREMIUM_INCOME":null,"PREMIUM_INCOME_YOY":null,"NET_INTEREST_INCOME":null,"NET_INTEREST_INCOME_YOY":null,"FEE_COMMISSION_INCOME":null,"FEE_COMMISSION_INCOME_YOY":null,"ACCOUNTS_RECE_TDAYS":null,"INVENTORY_TDAYS":0.416694238017,"CURRENT_ASSETS_TDAYS":0.352975100436,"TOTAL_ASSETS_TDAYS":0.233342885617,"PREMIUM_EXPENSE":null,"LOAN_DEPOSIT":null,"LOAN_EQUITY":null,"LOAN_ASSETS":null,"DEPOSIT_EQUITY":null,"DEPOSIT_ASSETS":null,"EQUITY_MULTIPLIER":3.023481258093,"EQUITY_RATIO":3.242870371141},{"SECUCODE":"01098.HK","SECURITY_CODE":"01098","SECURITY_NAME_ABBR":"路劲","ORG_CODE":"10010489","STD_REPORT_DATE":"2021-06-30 00:00:00","REPORT_DATE":"2021-06-30 00:00:00","DATE_TYPE_CODE":"002","REPORT_TYPE":"2021年中报","PER_NETCASH_OPERATE":7.310371645843,"PER_OI":5.49552194019,"BPS":23.935404900873,"BASIC_EPS":0.3577944,"DILUTED_EPS":null,"OPERATE_INCOME":4117995539.04,"OPERATE_INCOME_YOY":-39.5305288454,"GROSS_PROFIT":1062124325.52,"GROSS_PROFIT_YOY":-55.155651426871,"HOLDER_PROFIT":270535834.56,"HOLDER_PROFIT_YOY":-24.3938851347,"GROSS_PROFIT_RATIO":25.792265082628,"EPS_TTM":1.77189186884,"OPERATE_INCOME_QOQ":-16.489182554298,"NET_PROFIT_RATIO":13.0694692585,"ROE_AVG":1.153211197079,"GROSS_PROFIT_QOQ":-23.854902441037,"ROA":0.293719211978,"HOLDER_PROFIT_QOQ":-8.432615322553,"ROE_YEARLY":2.306422394157,"ROIC_YEARLY":0.745108623326,"TOTAL_ASSETS":98275957822.8,"TOTAL_LIABILITIES":70151493231.36,"TAX_EBT":40.325784407703,"OCF_SALES":133.024155401514,"TOTAL_PARENT_EQUITY":23720072108.88,"DEBT_ASSET_RATIO":71.3821516325,"OPERATE_PROFIT":727442611.68,"PRETAX_PROFIT":901897336.56,"NETCASH_OPERATE":5477928785.28,"NETCASH_INVEST":-1490190377.76,"NETCASH_FINANCE":2250203096.88,"END_CASH":16617739273.92,"DIVI_RATIO":null,"DIVIDEND_RATE":null,"CURRENT_RATIO":1.492618145916,"COMMON_ACS":20000000000,"CURRENTDEBT_DEBT":66.649878342174,"ISSUED_COMMON_SHARES":749336566,"HK_COMMON_SHARES":749336566,"PER_SHARES":1000,"TOTAL_MARKET_CAP":906697244.86,"HKSK_MARKET_CAP":906697244.86,"PE_TTM":-0.240618323527,"PB_TTM":0.063701341242,"REPORT_DATE_SQ":"2020-06-30 00:00:00","REPORT_TYPE_SQ":"2020年中报","OPERATE_INCOME_SQ":7475919971.52,"DPS_HKD":null,"OPERATE_INCOME_QOQ_SQ":7.506236733729,"NET_PROFIT_RATIO_SQ":9.6725974108,"HOLDER_PROFIT_SQ":392810256.96,"HOLDER_PROFIT_QOQ_SQ":-13.678871442689,"ROE_AVG_SQ":1.682895277715,"PE_TTM_SQ":-0.607436826917,"PB_TTM_SQ":0.058019495389,"ROA_SQ":0.463679640298,"START_DATE":"2021-01-01 00:00:00","FISCAL_YEAR":"12-31","CURRENCY":"HKD","IS_CNY_CODE":0,"DPS_HKD_LY":0.7,"ORG_TYPE":"一般企业","PREMIUM_INCOME":null,"PREMIUM_INCOME_YOY":null,"NET_INTEREST_INCOME":null,"NET_INTEREST_INCOME_YOY":null,"FEE_COMMISSION_INCOME":null,"FEE_COMMISSION_INCOME_YOY":null,"ACCOUNTS_RECE_TDAYS":2.019229658988,"INVENTORY_TDAYS":0.074782118831,"CURRENT_ASSETS_TDAYS":0.063512028295,"TOTAL_ASSETS_TDAYS":0.044708842606,"PREMIUM_EXPENSE":null,"LOAN_DEPOSIT":null,"LOAN_EQUITY":null,"LOAN_ASSETS":null,"DEPOSIT_EQUITY":null,"DEPOSIT_ASSETS":null,"EQUITY_MULTIPLIER":3.49432279869,"EQUITY_RATIO":2.957473860507},{"SECUCODE":"01098.HK","SECURITY_CODE":"01098","SECURITY_NAME_ABBR":"路劲","ORG_CODE":"10010489","STD_REPORT_DATE":"2020-12-31 00:00:00","REPORT_DATE":"2020-12-31 00:00:00","DATE_TYPE_CODE":"001","REPORT_TYPE":"2020年年报","PER_NETCASH_OPERATE":-1.126286924373,"PER_OI":27.176583998331,"BPS":23.505741298363,"BASIC_EPS":1.935772,"DILUTED_EPS":null,"OPERATE_INCOME":20364408128.92,"OPERATE_INCOME_YOY":12.5672604662,"GROSS_PROFIT":5476208932.52,"GROSS_PROFIT_YOY":-18.58525277963,"HOLDER_PROFIT":1450017790.72,"HOLDER_PROFIT_YOY":-43.10286806,"GROSS_PROFIT_RATIO":26.89107828645,"EPS_TTM":1.93506877485,"OPERATE_INCOME_QOQ":-1.620764540544,"NET_PROFIT_RATIO":11.504315385,"ROE_AVG":6.415580474136,"GROSS_PROFIT_QOQ":-18.212074003084,"ROA":1.776466062581,"HOLDER_PROFIT_QOQ":-38.070400505524,"ROE_YEARLY":6.415580474136,"ROIC_YEARLY":2.18692306961,"TOTAL_ASSETS":86925325734.68,"TOTAL_LIABILITIES":59115979734.12,"TAX_EBT":41.193729293872,"OCF_SALES":-4.144328530921,"TOTAL_PARENT_EQUITY":23465160542.48,"DEBT_ASSET_RATIO":68.0077747589,"OPERATE_PROFIT":4313389008.84,"PRETAX_PROFIT":3983904623.28,"NETCASH_OPERATE":-843967976.24,"NETCASH_INVEST":-4466593579.68,"NETCASH_FINANCE":3849510706.44,"END_CASH":10253748935.12,"DIVI_RATIO":null,"DIVIDEND_RATE":null,"CURRENT_RATIO":1.625597344914,"COMMON_ACS":20000000000,"CURRENTDEBT_DEBT":63.034582210151,"ISSUED_COMMON_SHARES":749336566,"HK_COMMON_SHARES":749336566,"PER_SHARES":1000,"TOTAL_MARKET_CAP":906697244.86,"HKSK_MARKET_CAP":906697244.86,"PE_TTM":-0.240618323527,"PB_TTM":0.063701341242,"REPORT_DATE_SQ":"2019-12-31 00:00:00","REPORT_TYPE_SQ":"2019年年报","OPERATE_INCOME_SQ":19254608360.88,"DPS_HKD":null,"OPERATE_INCOME_QOQ_SQ":-7.443548439434,"NET_PROFIT_RATIO_SQ":17.1047261858,"HOLDER_PROFIT_SQ":2712426318.9,"HOLDER_PROFIT_QOQ_SQ":0.430153149226,"ROE_AVG_SQ":12.653945725068,"PE_TTM_SQ":-0.607436826917,"PB_TTM_SQ":0.058019495389,"ROA_SQ":3.570037975214,"START_DATE":"2020-01-01 00:00:00","FISCAL_YEAR":"12-31","CURRENCY":"HKD","IS_CNY_CODE":0,"DPS_HKD_LY":1.08,"ORG_TYPE":"一般企业","PREMIUM_INCOME":null,"PREMIUM_INCOME_YOY":null,"NET_INTEREST_INCOME":null,"NET_INTEREST_INCOME_YOY":null,"FEE_COMMISSION_INCOME":null,"FEE_COMMISSION_INCOME_YOY":null,"ACCOUNTS_RECE_TDAYS":5.391367832058,"INVENTORY_TDAYS":0.4057882375,"CURRENT_ASSETS_TDAYS":0.35349407301,"TOTAL_ASSETS_TDAYS":0.249491283191,"PREMIUM_EXPENSE":null,"LOAN_DEPOSIT":null,"LOAN_EQUITY":null,"LOAN_ASSETS":null,"DEPOSIT_EQUITY":null,"DEPOSIT_ASSETS":null,"EQUITY_MULTIPLIER":3.125759438313,"EQUITY_RATIO":2.519308556492},{"SECUCODE":"01098.HK","SECURITY_CODE":"01098","SECURITY_NAME_ABBR":"路劲","ORG_CODE":"10010489","STD_REPORT_DATE":"2020-06-30 00:00:00","REPORT_DATE":"2020-06-30 00:00:00","DATE_TYPE_CODE":"002","REPORT_TYPE":"2020年中报","PER_NETCASH_OPERATE":-1.402065026572,"PER_OI":9.976718487698,"BPS":22.337953681764,"BASIC_EPS":0.5206608,"DILUTED_EPS":null,"OPERATE_INCOME":7475919971.52,"OPERATE_INCOME_YOY":19.3815593899,"GROSS_PROFIT":2368468623.84,"GROSS_PROFIT_YOY":-1.27922108522,"HOLDER_PROFIT":392810256.96,"HOLDER_PROFIT_YOY":-50.4760259577,"GROSS_PROFIT_RATIO":31.681299864938,"EPS_TTM":3.124626657763,"OPERATE_INCOME_QOQ":7.506236733729,"NET_PROFIT_RATIO":9.6725974108,"ROE_AVG":1.682895277715,"GROSS_PROFIT_QOQ":-0.456276121441,"ROA":0.463679640298,"HOLDER_PROFIT_QOQ":-13.678871442689,"ROE_YEARLY":3.365790555431,"ROIC_YEARLY":1.151283265783,"TOTAL_ASSETS":86598607951.68,"TOTAL_LIABILITIES":59938984649.28,"TAX_EBT":50.954620447222,"OCF_SALES":-14.05336863319,"TOTAL_PARENT_EQUITY":23090374771.2,"DEBT_ASSET_RATIO":69.2147207294,"OPERATE_PROFIT":1614731733.12,"PRETAX_PROFIT":1474380763.68,"NETCASH_OPERATE":-1050618592.32,"NETCASH_INVEST":-738031203.36,"NETCASH_FINANCE":2583318846.24,"END_CASH":12780729165.6,"DIVI_RATIO":null,"DIVIDEND_RATE":null,"CURRENT_RATIO":1.614122164611,"COMMON_ACS":20000000000,"CURRENTDEBT_DEBT":64.650952570691,"ISSUED_COMMON_SHARES":749336566,"HK_COMMON_SHARES":749336566,"PER_SHARES":1000,"TOTAL_MARKET_CAP":906697244.86,"HKSK_MARKET_CAP":906697244.86,"PE_TTM":-0.240618323527,"PB_TTM":0.063701341242,"REPORT_DATE_SQ":"2019-06-30 00:00:00","REPORT_TYPE_SQ":"2019年中报","OPERATE_INCOME_SQ":6030623485.8,"DPS_HKD":null,"OPERATE_INCOME_QOQ_SQ":6.157702693396,"NET_PROFIT_RATIO_SQ":17.5039347223,"HOLDER_PROFIT_SQ":763839566.1,"HOLDER_PROFIT_QOQ_SQ":3.15132487334,"ROE_AVG_SQ":3.921360716481,"PE_TTM_SQ":-0.607436826917,"PB_TTM_SQ":0.058019495389,"ROA_SQ":1.065362260068,"START_DATE":"2020-01-01 00:00:00","FISCAL_YEAR":"12-31","CURRENCY":"HKD","IS_CNY_CODE":0,"DPS_HKD_LY":1.08,"ORG_TYPE":"一般企业","PREMIUM_INCOME":null,"PREMIUM_INCOME_YOY":null,"NET_INTEREST_INCOME":null,"NET_INTEREST_INCOME_YOY":null,"FEE_COMMISSION_INCOME":null,"FEE_COMMISSION_INCOME_YOY":null,"ACCOUNTS_RECE_TDAYS":1.424353995657,"INVENTORY_TDAYS":0.135161546653,"CURRENT_ASSETS_TDAYS":0.122703990396,"TOTAL_ASSETS_TDAYS":0.088246979855,"PREMIUM_EXPENSE":null,"LOAN_DEPOSIT":null,"LOAN_EQUITY":null,"LOAN_ASSETS":null,"DEPOSIT_EQUITY":null,"DEPOSIT_ASSETS":null,"EQUITY_MULTIPLIER":3.248305760718,"EQUITY_RATIO":2.595842867134}],"count":47},"success":true,"message":"ok","code":0}