{"version":"c0e62ff2108b03efe0a2c284e5cd5c9d","result":{"pages":4,"data":[{"SECUCODE":"01091.HK","SECURITY_CODE":"01091","SECURITY_NAME_ABBR":"南方锰业","ORG_CODE":"10164024","STD_REPORT_DATE":"2024-06-30 00:00:00","REPORT_DATE":"2024-06-30 00:00:00","DATE_TYPE_CODE":"002","REPORT_TYPE":"2024年中报","PER_NETCASH_OPERATE":0.242560155533,"PER_OI":1.526241491924,"BPS":0.784830331236,"BASIC_EPS":-0.0433523,"DILUTED_EPS":-0.0433523,"OPERATE_INCOME":5232656379.16,"OPERATE_INCOME_YOY":-25.8550426781,"GROSS_PROFIT":257437822.24,"GROSS_PROFIT_YOY":-57.367963870345,"HOLDER_PROFIT":-148568788.44,"HOLDER_PROFIT_YOY":-220.6667012594,"GROSS_PROFIT_RATIO":4.919830456769,"EPS_TTM":-0.062657328176,"OPERATE_INCOME_QOQ":-12.214672787647,"NET_PROFIT_RATIO":-3.0965482802,"ROE_AVG":-5.345608500011,"GROSS_PROFIT_QOQ":-40.921999667139,"ROA":-1.434747240192,"HOLDER_PROFIT_QOQ":-469.556759626421,"ROE_YEARLY":-10.691217000022,"ROIC_YEARLY":-3.059186931472,"TOTAL_ASSETS":10336560078.04,"TOTAL_LIABILITIES":7934189179.16,"TAX_EBT":-30.852404643449,"OCF_SALES":15.892645876615,"TOTAL_PARENT_EQUITY":2690758612.6,"DEBT_ASSET_RATIO":76.7585068849,"OPERATE_PROFIT":-57936013.72,"PRETAX_PROFIT":-123827859,"NETCASH_OPERATE":831607548.28,"NETCASH_INVEST":-525075756.16,"NETCASH_FINANCE":-226103692.48,"END_CASH":968565221.76,"DIVI_RATIO":null,"DIVIDEND_RATE":null,"CURRENT_RATIO":0.882021958278,"COMMON_ACS":10000000000,"CURRENTDEBT_DEBT":82.410979874471,"ISSUED_COMMON_SHARES":3428459000,"HK_COMMON_SHARES":3428459000,"PER_SHARES":1000,"TOTAL_MARKET_CAP":1148533765,"HKSK_MARKET_CAP":1148533765,"PE_TTM":-4.917889565902,"PB_TTM":0.389571844807,"REPORT_DATE_SQ":"2023-06-30 00:00:00","REPORT_TYPE_SQ":"2023年中报","OPERATE_INCOME_SQ":7129245385.24,"DPS_HKD":null,"OPERATE_INCOME_QOQ_SQ":-4.013840293818,"NET_PROFIT_RATIO_SQ":1.727143145,"HOLDER_PROFIT_SQ":124377867.94,"HOLDER_PROFIT_QOQ_SQ":-67.727026761396,"ROE_AVG_SQ":4.26398371441,"PE_TTM_SQ":6.677675140953,"PB_TTM_SQ":0.185557963512,"ROA_SQ":1.182506429243,"START_DATE":"2024-01-01 00:00:00","FISCAL_YEAR":"12-31","CURRENCY":"HKD","IS_CNY_CODE":0,"DPS_HKD_LY":null,"ORG_TYPE":"一般企业","PREMIUM_INCOME":null,"PREMIUM_INCOME_YOY":null,"NET_INTEREST_INCOME":null,"NET_INTEREST_INCOME_YOY":null,"FEE_COMMISSION_INCOME":null,"FEE_COMMISSION_INCOME_YOY":null,"ACCOUNTS_RECE_TDAYS":4.191360804514,"INVENTORY_TDAYS":3.428997104246,"CURRENT_ASSETS_TDAYS":0.90577311006,"TOTAL_ASSETS_TDAYS":0.505324124784,"PREMIUM_EXPENSE":null,"LOAN_DEPOSIT":null,"LOAN_EQUITY":null,"LOAN_ASSETS":null,"DEPOSIT_EQUITY":null,"DEPOSIT_ASSETS":null,"EQUITY_MULTIPLIER":4.302649554603,"EQUITY_RATIO":2.94868114219},{"SECUCODE":"01091.HK","SECURITY_CODE":"01091","SECURITY_NAME_ABBR":"南方锰业","ORG_CODE":"10164024","STD_REPORT_DATE":"2023-12-31 00:00:00","REPORT_DATE":"2023-12-31 00:00:00","DATE_TYPE_CODE":"001","REPORT_TYPE":"2023年年报","PER_NETCASH_OPERATE":-0.084535728851,"PER_OI":4.528896869177,"BPS":0.830541993648,"BASIC_EPS":0.016946314,"DILUTED_EPS":0.016946314,"OPERATE_INCOME":15527137231.2,"OPERATE_INCOME_YOY":6.8742696196,"GROSS_PROFIT":846542694.34,"GROSS_PROFIT_YOY":-30.943124113772,"HOLDER_PROFIT":58128575.68,"HOLDER_PROFIT_YOY":-80.9146927469,"GROSS_PROFIT_RATIO":5.452020431938,"EPS_TTM":0.01695472388,"OPERATE_INCOME_QOQ":12.957595054359,"NET_PROFIT_RATIO":0.4224709291,"ROE_AVG":2.033016873558,"GROSS_PROFIT_QOQ":-1.508976554911,"ROA":0.562256219626,"HOLDER_PROFIT_QOQ":-40.005550566922,"ROE_YEARLY":2.033016873558,"ROIC_YEARLY":0.601862824743,"TOTAL_ASSETS":10300114644.4,"TOTAL_LIABILITIES":7736996432.76,"TAX_EBT":34.15264259074,"OCF_SALES":-1.866585424502,"TOTAL_PARENT_EQUITY":2847479173,"DEBT_ASSET_RATIO":75.1156341446,"OPERATE_PROFIT":324329794.46,"PRETAX_PROFIT":99620764.6,"NETCASH_OPERATE":-289827280.4,"NETCASH_INVEST":-452038847.96,"NETCASH_FINANCE":593655659.8,"END_CASH":884089201.38,"DIVI_RATIO":null,"DIVIDEND_RATE":null,"CURRENT_RATIO":0.876755985527,"COMMON_ACS":10000000000,"CURRENTDEBT_DEBT":84.703486600189,"ISSUED_COMMON_SHARES":3428459000,"HK_COMMON_SHARES":3428459000,"PER_SHARES":1000,"TOTAL_MARKET_CAP":1285672125,"HKSK_MARKET_CAP":1285672125,"PE_TTM":-5.505100260339,"PB_TTM":0.436087885978,"REPORT_DATE_SQ":"2022-12-31 00:00:00","REPORT_TYPE_SQ":"2022年年报","OPERATE_INCOME_SQ":14320801913.95,"DPS_HKD":null,"OPERATE_INCOME_QOQ_SQ":-2.421445316057,"NET_PROFIT_RATIO_SQ":2.1352074319,"HOLDER_PROFIT_SQ":300220007.57,"HOLDER_PROFIT_QOQ_SQ":-59.996702502767,"ROE_AVG_SQ":10.709880806765,"PE_TTM_SQ":19.330112250128,"PB_TTM_SQ":0.537141473325,"ROA_SQ":2.996135452305,"START_DATE":"2023-01-01 00:00:00","FISCAL_YEAR":"12-31","CURRENCY":"HKD","IS_CNY_CODE":0,"DPS_HKD_LY":null,"ORG_TYPE":"一般企业","PREMIUM_INCOME":null,"PREMIUM_INCOME_YOY":null,"NET_INTEREST_INCOME":null,"NET_INTEREST_INCOME_YOY":null,"FEE_COMMISSION_INCOME":null,"FEE_COMMISSION_INCOME_YOY":null,"ACCOUNTS_RECE_TDAYS":11.360757951439,"INVENTORY_TDAYS":9.175741551494,"CURRENT_ASSETS_TDAYS":2.705099568231,"TOTAL_ASSETS_TDAYS":1.50188257309,"PREMIUM_EXPENSE":null,"LOAN_DEPOSIT":null,"LOAN_EQUITY":null,"LOAN_ASSETS":null,"DEPOSIT_EQUITY":null,"DEPOSIT_ASSETS":null,"EQUITY_MULTIPLIER":4.01858743683,"EQUITY_RATIO":2.717138901707},{"SECUCODE":"01091.HK","SECURITY_CODE":"01091","SECURITY_NAME_ABBR":"南方锰业","ORG_CODE":"10164024","STD_REPORT_DATE":"2023-06-30 00:00:00","REPORT_DATE":"2023-06-30 00:00:00","DATE_TYPE_CODE":"002","REPORT_TYPE":"2023年中报","PER_NETCASH_OPERATE":0.139230191529,"PER_OI":2.079431425384,"BPS":0.849645992097,"BASIC_EPS":0.036233814,"DILUTED_EPS":0.036233814,"OPERATE_INCOME":7129245385.24,"OPERATE_INCOME_YOY":-14.1648741191,"GROSS_PROFIT":603860020.8,"GROSS_PROFIT_YOY":-37.759895674312,"HOLDER_PROFIT":124377867.94,"HOLDER_PROFIT_YOY":-64.7955761889,"GROSS_PROFIT_RATIO":8.470181459179,"EPS_TTM":0.028260487496,"OPERATE_INCOME_QOQ":-4.013840293818,"NET_PROFIT_RATIO":1.727143145,"ROE_AVG":4.26398371441,"GROSS_PROFIT_QOQ":-29.885106814096,"ROA":1.182506429243,"HOLDER_PROFIT_QOQ":-67.727026761396,"ROE_YEARLY":8.52796742882,"ROIC_YEARLY":2.527148090161,"TOTAL_ASSETS":10479065177.46,"TOTAL_LIABILITIES":7866531585.7,"TAX_EBT":24.705563980989,"OCF_SALES":6.695589468813,"TOTAL_PARENT_EQUITY":2912976448.42,"DEBT_ASSET_RATIO":75.0690204945,"OPERATE_PROFIT":273836357.82,"PRETAX_PROFIT":163534358.54,"NETCASH_OPERATE":477345003.22,"NETCASH_INVEST":-250269627.04,"NETCASH_FINANCE":-382228936.52,"END_CASH":875893907.72,"DIVI_RATIO":null,"DIVIDEND_RATE":null,"CURRENT_RATIO":0.907889155071,"COMMON_ACS":10000000000,"CURRENTDEBT_DEBT":82.470179197313,"ISSUED_COMMON_SHARES":3428459000,"HK_COMMON_SHARES":3428459000,"PER_SHARES":1000,"TOTAL_MARKET_CAP":1285672125,"HKSK_MARKET_CAP":1285672125,"PE_TTM":-5.505100260339,"PB_TTM":0.436087885978,"REPORT_DATE_SQ":"2022-06-30 00:00:00","REPORT_TYPE_SQ":"2022年中报","OPERATE_INCOME_SQ":7704059502.86,"DPS_HKD":null,"OPERATE_INCOME_QOQ_SQ":39.900615252044,"NET_PROFIT_RATIO_SQ":4.7174842156,"HOLDER_PROFIT_SQ":327707952.81,"HOLDER_PROFIT_QOQ_SQ":96.899521752501,"ROE_AVG_SQ":13.990193511275,"PE_TTM_SQ":19.330112250128,"PB_TTM_SQ":0.537141473325,"ROA_SQ":4.110900802876,"START_DATE":"2023-01-01 00:00:00","FISCAL_YEAR":"12-31","CURRENCY":"HKD","IS_CNY_CODE":0,"DPS_HKD_LY":null,"ORG_TYPE":"一般企业","PREMIUM_INCOME":null,"PREMIUM_INCOME_YOY":null,"NET_INTEREST_INCOME":null,"NET_INTEREST_INCOME_YOY":null,"FEE_COMMISSION_INCOME":null,"FEE_COMMISSION_INCOME_YOY":null,"ACCOUNTS_RECE_TDAYS":5.842922315773,"INVENTORY_TDAYS":3.835383003005,"CURRENT_ASSETS_TDAYS":1.216203988453,"TOTAL_ASSETS_TDAYS":0.677803747831,"PREMIUM_EXPENSE":null,"LOAN_DEPOSIT":null,"LOAN_EQUITY":null,"LOAN_ASSETS":null,"DEPOSIT_EQUITY":null,"DEPOSIT_ASSETS":null,"EQUITY_MULTIPLIER":4.01107385203,"EQUITY_RATIO":2.700513280829},{"SECUCODE":"01091.HK","SECURITY_CODE":"01091","SECURITY_NAME_ABBR":"南方锰业","ORG_CODE":"10164024","STD_REPORT_DATE":"2022-12-31 00:00:00","REPORT_DATE":"2022-12-31 00:00:00","DATE_TYPE_CODE":"001","REPORT_TYPE":"2022年年报","PER_NETCASH_OPERATE":0.243846215638,"PER_OI":4.177037530258,"BPS":0.825428869081,"BASIC_EPS":0.08754046,"DILUTED_EPS":0.08754046,"OPERATE_INCOME":14320801913.95,"OPERATE_INCOME_YOY":24.9488144196,"GROSS_PROFIT":1225863005.64,"GROSS_PROFIT_YOY":-35.896438235164,"HOLDER_PROFIT":300220007.57,"HOLDER_PROFIT_YOY":-26.0660869412,"GROSS_PROFIT_RATIO":8.560016492134,"EPS_TTM":0.087567040344,"OPERATE_INCOME_QOQ":-2.421445316057,"NET_PROFIT_RATIO":2.1352074319,"ROE_AVG":10.709880806765,"GROSS_PROFIT_QOQ":-46.432065979381,"ROA":2.996135452305,"HOLDER_PROFIT_QOQ":-59.996702502767,"ROE_YEARLY":10.709880806765,"ROIC_YEARLY":3.261009464215,"TOTAL_ASSETS":10228498900.48,"TOTAL_LIABILITIES":7698502785.26,"TAX_EBT":13.311672689609,"OCF_SALES":5.837778901233,"TOTAL_PARENT_EQUITY":2829949035.06,"DEBT_ASSET_RATIO":75.2652257204,"OPERATE_PROFIT":549874680.25,"PRETAX_PROFIT":352733564.33,"NETCASH_OPERATE":836016752.62,"NETCASH_INVEST":-822807969.13,"NETCASH_FINANCE":214296366.27,"END_CASH":1050029059.03,"DIVI_RATIO":null,"DIVIDEND_RATE":null,"CURRENT_RATIO":0.89450191059,"COMMON_ACS":10000000000,"CURRENTDEBT_DEBT":82.077658128516,"ISSUED_COMMON_SHARES":3428459000,"HK_COMMON_SHARES":3428459000,"PER_SHARES":1000,"TOTAL_MARKET_CAP":1285672125,"HKSK_MARKET_CAP":1285672125,"PE_TTM":-5.505100260339,"PB_TTM":0.436087885978,"REPORT_DATE_SQ":"2021-12-31 00:00:00","REPORT_TYPE_SQ":"2021年年报","OPERATE_INCOME_SQ":10490431011.2,"DPS_HKD":null,"OPERATE_INCOME_QOQ_SQ":99.632672345223,"NET_PROFIT_RATIO_SQ":2.9318991343,"HOLDER_PROFIT_SQ":371667060.8,"HOLDER_PROFIT_QOQ_SQ":211.182399330571,"ROE_AVG_SQ":16.574880284235,"PE_TTM_SQ":19.330112250128,"PB_TTM_SQ":0.537141473325,"ROA_SQ":4.651837849397,"START_DATE":"2022-01-01 00:00:00","FISCAL_YEAR":"12-31","CURRENCY":"HKD","IS_CNY_CODE":0,"DPS_HKD_LY":null,"ORG_TYPE":"一般企业","PREMIUM_INCOME":null,"PREMIUM_INCOME_YOY":null,"NET_INTEREST_INCOME":null,"NET_INTEREST_INCOME_YOY":null,"FEE_COMMISSION_INCOME":null,"FEE_COMMISSION_INCOME_YOY":null,"ACCOUNTS_RECE_TDAYS":10.910772218982,"INVENTORY_TDAYS":9.026304228361,"CURRENT_ASSETS_TDAYS":2.629589656742,"TOTAL_ASSETS_TDAYS":1.429187303908,"PREMIUM_EXPENSE":null,"LOAN_DEPOSIT":null,"LOAN_EQUITY":null,"LOAN_ASSETS":null,"DEPOSIT_EQUITY":null,"DEPOSIT_ASSETS":null,"EQUITY_MULTIPLIER":4.042891148696,"EQUITY_RATIO":2.72036799599},{"SECUCODE":"01091.HK","SECURITY_CODE":"01091","SECURITY_NAME_ABBR":"南方锰业","ORG_CODE":"10164024","STD_REPORT_DATE":"2022-06-30 00:00:00","REPORT_DATE":"2022-06-30 00:00:00","DATE_TYPE_CODE":"002","REPORT_TYPE":"2022年中报","PER_NETCASH_OPERATE":0.097247627736,"PER_OI":2.247091040861,"BPS":0.841259103842,"BASIC_EPS":0.095610242,"DILUTED_EPS":0.095610242,"OPERATE_INCOME":7704059502.86,"OPERATE_INCOME_YOY":113.0529865775,"GROSS_PROFIT":970210489.43,"GROSS_PROFIT_YOY":63.307571314625,"HOLDER_PROFIT":327707952.81,"HOLDER_PROFIT_YOY":1955.0271985494,"GROSS_PROFIT_RATIO":12.593496832025,"EPS_TTM":0.218899555343,"OPERATE_INCOME_QOQ":39.900615252044,"NET_PROFIT_RATIO":4.7174842156,"ROE_AVG":13.990193511275,"GROSS_PROFIT_QOQ":19.667788084122,"ROA":4.110900802876,"HOLDER_PROFIT_QOQ":96.899521752501,"ROE_YEARLY":27.98038702255,"ROIC_YEARLY":9.156499964906,"TOTAL_ASSETS":9467906836.85,"TOTAL_LIABILITIES":6631062872.14,"TAX_EBT":21.59207197686,"OCF_SALES":4.327711960379,"TOTAL_PARENT_EQUITY":2884222345.9,"DEBT_ASSET_RATIO":70.037263636,"OPERATE_PROFIT":524806157.68,"PRETAX_PROFIT":433720725.97,"NETCASH_OPERATE":333409504.54,"NETCASH_INVEST":-373152749.41,"NETCASH_FINANCE":322924875.14,"END_CASH":1132490488.64,"DIVI_RATIO":null,"DIVIDEND_RATE":null,"CURRENT_RATIO":0.95240414803,"COMMON_ACS":10000000000,"CURRENTDEBT_DEBT":81.890507829215,"ISSUED_COMMON_SHARES":3428459000,"HK_COMMON_SHARES":3428459000,"PER_SHARES":1000,"TOTAL_MARKET_CAP":1285672125,"HKSK_MARKET_CAP":1285672125,"PE_TTM":-5.505100260339,"PB_TTM":0.436087885978,"REPORT_DATE_SQ":"2021-06-30 00:00:00","REPORT_TYPE_SQ":"2021年中报","OPERATE_INCOME_SQ":3518312986.8,"DPS_HKD":null,"OPERATE_INCOME_QOQ_SQ":42.953951902192,"NET_PROFIT_RATIO_SQ":0.5703426999,"HOLDER_PROFIT_SQ":18355684.8,"HOLDER_PROFIT_QOQ_SQ":6.989267805263,"ROE_AVG_SQ":0.865984399719,"PE_TTM_SQ":19.330112250128,"PB_TTM_SQ":0.537141473325,"ROA_SQ":0.245849355752,"START_DATE":"2022-01-01 00:00:00","FISCAL_YEAR":"12-31","CURRENCY":"HKD","IS_CNY_CODE":0,"DPS_HKD_LY":null,"ORG_TYPE":"一般企业","PREMIUM_INCOME":null,"PREMIUM_INCOME_YOY":null,"NET_INTEREST_INCOME":null,"NET_INTEREST_INCOME_YOY":null,"FEE_COMMISSION_INCOME":null,"FEE_COMMISSION_INCOME_YOY":null,"ACCOUNTS_RECE_TDAYS":7.025343143314,"INVENTORY_TDAYS":5.434033788729,"CURRENT_ASSETS_TDAYS":1.512336531784,"TOTAL_ASSETS_TDAYS":0.816903824895,"PREMIUM_EXPENSE":null,"LOAN_DEPOSIT":null,"LOAN_EQUITY":null,"LOAN_ASSETS":null,"DEPOSIT_EQUITY":null,"DEPOSIT_ASSETS":null,"EQUITY_MULTIPLIER":3.337478886613,"EQUITY_RATIO":2.299081720092},{"SECUCODE":"01091.HK","SECURITY_CODE":"01091","SECURITY_NAME_ABBR":"南方锰业","ORG_CODE":"10164024","STD_REPORT_DATE":"2021-12-31 00:00:00","REPORT_DATE":"2021-12-31 00:00:00","DATE_TYPE_CODE":"001","REPORT_TYPE":"2021年年报","PER_NETCASH_OPERATE":0.380380160766,"PER_OI":3.059809381183,"BPS":0.741027273186,"BASIC_EPS":0.10841376,"DILUTED_EPS":0.10841376,"OPERATE_INCOME":10490431011.2,"OPERATE_INCOME_YOY":193.7739421275,"GROSS_PROFIT":1912316526.4,"GROSS_PROFIT_YOY":294.121686299902,"HOLDER_PROFIT":371667060.8,"HOLDER_PROFIT_YOY":206.452187455,"GROSS_PROFIT_RATIO":18.229151160313,"EPS_TTM":0.111173228555,"OPERATE_INCOME_QOQ":99.632672345223,"NET_PROFIT_RATIO":2.9318991343,"ROE_AVG":16.574880284235,"GROSS_PROFIT_QOQ":129.699336667772,"ROA":4.651837849397,"HOLDER_PROFIT_QOQ":211.182399330571,"ROE_YEARLY":16.574880284235,"ROIC_YEARLY":5.209442938757,"TOTAL_ASSETS":8980798836.8,"TOTAL_LIABILITIES":6743981776,"TAX_EBT":34.785592959747,"OCF_SALES":12.431498612475,"TOTAL_PARENT_EQUITY":2541265137.6,"DEBT_ASSET_RATIO":72.2825844022,"OPERATE_PROFIT":882765172.8,"PRETAX_PROFIT":446690854.4,"NETCASH_OPERATE":1304117785.6,"NETCASH_INVEST":-633775721.6,"NETCASH_FINANCE":-777538417.6,"END_CASH":854687971.2,"DIVI_RATIO":null,"DIVIDEND_RATE":null,"CURRENT_RATIO":0.821316565701,"COMMON_ACS":10000000000,"CURRENTDEBT_DEBT":90.33044755962,"ISSUED_COMMON_SHARES":3428459000,"HK_COMMON_SHARES":3428459000,"PER_SHARES":1000,"TOTAL_MARKET_CAP":1285672125,"HKSK_MARKET_CAP":1285672125,"PE_TTM":-5.505100260339,"PB_TTM":0.436087885978,"REPORT_DATE_SQ":"2020-12-31 00:00:00","REPORT_TYPE_SQ":"2020年年报","OPERATE_INCOME_SQ":3675915723.32,"DPS_HKD":null,"OPERATE_INCOME_QOQ_SQ":-15.962986946037,"NET_PROFIT_RATIO_SQ":-10.4830542799,"HOLDER_PROFIT_SQ":-368578563.56,"HOLDER_PROFIT_QOQ_SQ":-39.330239742834,"ROE_AVG_SQ":-16.45862980739,"PE_TTM_SQ":19.330112250128,"PB_TTM_SQ":0.537141473325,"ROA_SQ":-4.913343955955,"START_DATE":"2021-01-01 00:00:00","FISCAL_YEAR":"12-31","CURRENCY":"HKD","IS_CNY_CODE":0,"DPS_HKD_LY":null,"ORG_TYPE":"一般企业","PREMIUM_INCOME":null,"PREMIUM_INCOME_YOY":null,"NET_INTEREST_INCOME":null,"NET_INTEREST_INCOME_YOY":null,"FEE_COMMISSION_INCOME":null,"FEE_COMMISSION_INCOME_YOY":null,"ACCOUNTS_RECE_TDAYS":8.899309564178,"INVENTORY_TDAYS":10.887400361017,"CURRENT_ASSETS_TDAYS":2.608385287873,"TOTAL_ASSETS_TDAYS":1.280320566046,"PREMIUM_EXPENSE":null,"LOAN_DEPOSIT":null,"LOAN_EQUITY":null,"LOAN_ASSETS":null,"DEPOSIT_EQUITY":null,"DEPOSIT_ASSETS":null,"EQUITY_MULTIPLIER":3.607839975093,"EQUITY_RATIO":2.653789121103},{"SECUCODE":"01091.HK","SECURITY_CODE":"01091","SECURITY_NAME_ABBR":"南方锰业","ORG_CODE":"10164024","STD_REPORT_DATE":"2021-06-30 00:00:00","REPORT_DATE":"2021-06-30 00:00:00","DATE_TYPE_CODE":"002","REPORT_TYPE":"2021年中报","PER_NETCASH_OPERATE":0.112630297775,"PER_OI":1.02620827223,"BPS":0.625419533289,"BASIC_EPS":0.005325312,"DILUTED_EPS":0.005325312,"OPERATE_INCOME":3518312986.8,"OPERATE_INCOME_YOY":99.1546958021,"GROSS_PROFIT":594100127.52,"GROSS_PROFIT_YOY":140.741263009909,"HOLDER_PROFIT":18355684.8,"HOLDER_PROFIT_YOY":372.1105217713,"GROSS_PROFIT_RATIO":16.885937372512,"EPS_TTM":-0.099991751595,"OPERATE_INCOME_QOQ":42.953951902192,"NET_PROFIT_RATIO":0.5703426999,"ROE_AVG":0.865984399719,"GROSS_PROFIT_QOQ":71.581551787389,"ROA":0.245849355752,"HOLDER_PROFIT_QOQ":6.989267805263,"ROE_YEARLY":1.731968799438,"ROIC_YEARLY":0.55348156779,"TOTAL_ASSETS":7394899651.68,"TOTAL_LIABILITIES":5219963183.28,"TAX_EBT":67.534530572683,"OCF_SALES":10.975383927716,"TOTAL_PARENT_EQUITY":2144225227.68,"DEBT_ASSET_RATIO":70.5886953056,"OPERATE_PROFIT":229846290.48,"PRETAX_PROFIT":61808566.56,"NETCASH_OPERATE":386148358.08,"NETCASH_INVEST":-301368558.96,"NETCASH_FINANCE":-362365015.44,"END_CASH":668610395.28,"DIVI_RATIO":null,"DIVIDEND_RATE":null,"CURRENT_RATIO":0.718958054183,"COMMON_ACS":10000000000,"CURRENTDEBT_DEBT":83.0017928103,"ISSUED_COMMON_SHARES":3428459000,"HK_COMMON_SHARES":3428459000,"PER_SHARES":1000,"TOTAL_MARKET_CAP":1285672125,"HKSK_MARKET_CAP":1285672125,"PE_TTM":-5.505100260339,"PB_TTM":0.436087885978,"REPORT_DATE_SQ":"2020-06-30 00:00:00","REPORT_TYPE_SQ":"2020年中报","OPERATE_INCOME_SQ":1939361915.04,"DPS_HKD":null,"OPERATE_INCOME_QOQ_SQ":-15.844666461191,"NET_PROFIT_RATIO_SQ":-0.8160079806,"HOLDER_PROFIT_SQ":-7405258.08,"HOLDER_PROFIT_QOQ_SQ":-45.950596430582,"ROE_AVG_SQ":-0.292486643369,"PE_TTM_SQ":19.330112250128,"PB_TTM_SQ":0.537141473325,"ROA_SQ":-0.090875335059,"START_DATE":"2021-01-01 00:00:00","FISCAL_YEAR":"12-31","CURRENCY":"HKD","IS_CNY_CODE":0,"DPS_HKD_LY":null,"ORG_TYPE":"一般企业","PREMIUM_INCOME":null,"PREMIUM_INCOME_YOY":null,"NET_INTEREST_INCOME":null,"NET_INTEREST_INCOME_YOY":null,"FEE_COMMISSION_INCOME":null,"FEE_COMMISSION_INCOME_YOY":null,"ACCOUNTS_RECE_TDAYS":3.359827890004,"INVENTORY_TDAYS":5.32446463188,"CURRENT_ASSETS_TDAYS":1.096028804507,"TOTAL_ASSETS_TDAYS":0.471230025227,"PREMIUM_EXPENSE":null,"LOAN_DEPOSIT":null,"LOAN_EQUITY":null,"LOAN_ASSETS":null,"DEPOSIT_EQUITY":null,"DEPOSIT_ASSETS":null,"EQUITY_MULTIPLIER":3.400053178159,"EQUITY_RATIO":2.434428583292},{"SECUCODE":"01091.HK","SECURITY_CODE":"01091","SECURITY_NAME_ABBR":"南方锰业","ORG_CODE":"10164024","STD_REPORT_DATE":"2020-12-31 00:00:00","REPORT_DATE":"2020-12-31 00:00:00","DATE_TYPE_CODE":"001","REPORT_TYPE":"2020年年报","PER_NETCASH_OPERATE":0.146500627331,"PER_OI":1.072177244447,"BPS":0.618093962261,"BASIC_EPS":-0.107477428,"DILUTED_EPS":-0.107477428,"OPERATE_INCOME":3675915723.32,"OPERATE_INCOME_YOY":-24.7290759759,"GROSS_PROFIT":485209668.2,"GROSS_PROFIT_YOY":-11.912904392876,"HOLDER_PROFIT":-368578563.56,"HOLDER_PROFIT_YOY":-116.4343820736,"GROSS_PROFIT_RATIO":13.199695116018,"EPS_TTM":-0.107505606326,"OPERATE_INCOME_QOQ":-15.962986946037,"NET_PROFIT_RATIO":-10.4830542799,"ROE_AVG":-16.45862980739,"GROSS_PROFIT_QOQ":1.468638372517,"ROA":-4.913343955955,"HOLDER_PROFIT_QOQ":-39.330239742834,"ROE_YEARLY":-16.45862980739,"ROIC_YEARLY":-5.641585431735,"TOTAL_ASSETS":7624166792.92,"TOTAL_LIABILITIES":5477081713.2,"TAX_EBT":9.121692701614,"OCF_SALES":13.663844116273,"TOTAL_PARENT_EQUITY":2119109807.76,"DEBT_ASSET_RATIO":71.8384298503,"OPERATE_PROFIT":-104985331.96,"PRETAX_PROFIT":-424026648.4,"NETCASH_OPERATE":502271394.28,"NETCASH_INVEST":-454811314.68,"NETCASH_FINANCE":-55051672.4,"END_CASH":950668570.52,"DIVI_RATIO":null,"DIVIDEND_RATE":null,"CURRENT_RATIO":0.926414033363,"COMMON_ACS":10000000000,"CURRENTDEBT_DEBT":65.885906236218,"ISSUED_COMMON_SHARES":3428459000,"HK_COMMON_SHARES":3428459000,"PER_SHARES":1000,"TOTAL_MARKET_CAP":1285672125,"HKSK_MARKET_CAP":1285672125,"PE_TTM":-5.505100260339,"PB_TTM":0.436087885978,"REPORT_DATE_SQ":"2019-12-31 00:00:00","REPORT_TYPE_SQ":"2019年年报","OPERATE_INCOME_SQ":5197724931.46,"DPS_HKD":null,"OPERATE_INCOME_QOQ_SQ":-12.112515206623,"NET_PROFIT_RATIO_SQ":-4.0327399238,"HOLDER_PROFIT_SQ":-181250333.64,"HOLDER_PROFIT_QOQ_SQ":-161.768837390561,"ROE_AVG_SQ":-6.854675811519,"PE_TTM_SQ":19.330112250128,"PB_TTM_SQ":0.537141473325,"ROA_SQ":-2.201026619262,"START_DATE":"2020-01-01 00:00:00","FISCAL_YEAR":"12-31","CURRENCY":"HKD","IS_CNY_CODE":0,"DPS_HKD_LY":null,"ORG_TYPE":"一般企业","PREMIUM_INCOME":null,"PREMIUM_INCOME_YOY":null,"NET_INTEREST_INCOME":null,"NET_INTEREST_INCOME_YOY":null,"FEE_COMMISSION_INCOME":null,"FEE_COMMISSION_INCOME_YOY":null,"ACCOUNTS_RECE_TDAYS":2.794195961317,"INVENTORY_TDAYS":7.244292889676,"CURRENT_ASSETS_TDAYS":1.121510544422,"TOTAL_ASSETS_TDAYS":0.490018684954,"PREMIUM_EXPENSE":null,"LOAN_DEPOSIT":null,"LOAN_EQUITY":null,"LOAN_ASSETS":null,"DEPOSIT_EQUITY":null,"DEPOSIT_ASSETS":null,"EQUITY_MULTIPLIER":3.550938369857,"EQUITY_RATIO":2.584614394754},{"SECUCODE":"01091.HK","SECURITY_CODE":"01091","SECURITY_NAME_ABBR":"南方锰业","ORG_CODE":"10164024","STD_REPORT_DATE":"2020-06-30 00:00:00","REPORT_DATE":"2020-06-30 00:00:00","DATE_TYPE_CODE":"002","REPORT_TYPE":"2020年中报","PER_NETCASH_OPERATE":0.104303653251,"PER_OI":0.565665774344,"BPS":0.729951328361,"BASIC_EPS":-0.002192256,"DILUTED_EPS":-0.002192256,"OPERATE_INCOME":1939361915.04,"OPERATE_INCOME_YOY":-32.4034194021,"GROSS_PROFIT":246779517.6,"GROSS_PROFIT_YOY":-22.741886890475,"HOLDER_PROFIT":-7405258.08,"HOLDER_PROFIT_YOY":-109.3982216761,"GROSS_PROFIT_RATIO":12.724778994895,"EPS_TTM":-0.07715884687,"OPERATE_INCOME_QOQ":-15.844666461191,"NET_PROFIT_RATIO":-0.8160079806,"ROE_AVG":-0.292486643369,"GROSS_PROFIT_QOQ":-13.187860781442,"ROA":-0.090875335059,"HOLDER_PROFIT_QOQ":-45.950596430582,"ROE_YEARLY":-0.584973286737,"ROIC_YEARLY":-0.214319203432,"TOTAL_ASSETS":8289120892.8,"TOTAL_LIABILITIES":5751696012.48,"TAX_EBT":-145.431364215895,"OCF_SALES":18.439095660627,"TOTAL_PARENT_EQUITY":2502608201.28,"DEBT_ASSET_RATIO":69.3884923005,"OPERATE_PROFIT":136066022.4,"PRETAX_PROFIT":-6447972.96,"NETCASH_OPERATE":357600798.72,"NETCASH_INVEST":-217842651.84,"NETCASH_FINANCE":273687633.12,"END_CASH":1402051844.16,"DIVI_RATIO":null,"DIVIDEND_RATE":null,"CURRENT_RATIO":0.93311978834,"COMMON_ACS":10000000000,"CURRENTDEBT_DEBT":68.09268983865,"ISSUED_COMMON_SHARES":3428459000,"HK_COMMON_SHARES":3428459000,"PER_SHARES":1000,"TOTAL_MARKET_CAP":1285672125,"HKSK_MARKET_CAP":1285672125,"PE_TTM":-5.505100260339,"PB_TTM":0.436087885978,"REPORT_DATE_SQ":"2019-06-30 00:00:00","REPORT_TYPE_SQ":"2019年中报","OPERATE_INCOME_SQ":2762924094,"DPS_HKD":null,"OPERATE_INCOME_QOQ_SQ":0.199655788323,"NET_PROFIT_RATIO_SQ":2.1146805056,"HOLDER_PROFIT_SQ":75880351.26,"HOLDER_PROFIT_QOQ_SQ":1.197244448064,"ROE_AVG_SQ":2.760287961319,"PE_TTM_SQ":19.330112250128,"PB_TTM_SQ":0.537141473325,"ROA_SQ":0.885569859806,"START_DATE":"2020-01-01 00:00:00","FISCAL_YEAR":"12-31","CURRENCY":"HKD","IS_CNY_CODE":0,"DPS_HKD_LY":null,"ORG_TYPE":"一般企业","PREMIUM_INCOME":null,"PREMIUM_INCOME_YOY":null,"NET_INTEREST_INCOME":null,"NET_INTEREST_INCOME_YOY":null,"FEE_COMMISSION_INCOME":null,"FEE_COMMISSION_INCOME_YOY":null,"ACCOUNTS_RECE_TDAYS":1.380860258483,"INVENTORY_TDAYS":3.398175817989,"CURRENT_ASSETS_TDAYS":0.54317813064,"TOTAL_ASSETS_TDAYS":0.237993277108,"PREMIUM_EXPENSE":null,"LOAN_DEPOSIT":null,"LOAN_EQUITY":null,"LOAN_ASSETS":null,"DEPOSIT_EQUITY":null,"DEPOSIT_ASSETS":null,"EQUITY_MULTIPLIER":3.266745335828,"EQUITY_RATIO":2.298280653575}],"count":33},"success":true,"message":"ok","code":0}