{"version":"0845d22e7b9b3f499c0aa1af9202e4a8","result":{"pages":3,"data":[{"SECUCODE":"01107.HK","SECURITY_CODE":"01107","SECURITY_NAME_ABBR":"当代置业","ORG_CODE":"10312567","STD_REPORT_DATE":"2023-06-30 00:00:00","REPORT_DATE":"2023-06-30 00:00:00","DATE_TYPE_CODE":"002","REPORT_TYPE":"2023年中报","PER_NETCASH_OPERATE":-0.19159034884,"PER_OI":1.192937167161,"BPS":-0.417323517954,"BASIC_EPS":-0.359,"DILUTED_EPS":-0.359,"OPERATE_INCOME":3334253000,"OPERATE_INCOME_YOY":37.9297463841,"GROSS_PROFIT":187125000,"GROSS_PROFIT_YOY":75.801617797653,"HOLDER_PROFIT":-1002465000,"HOLDER_PROFIT_YOY":19.0631014972,"GROSS_PROFIT_RATIO":5.61220159358,"EPS_TTM":-1.508985714874,"OPERATE_INCOME_QOQ":16.361868103532,"NET_PROFIT_RATIO":-33.830906053,"ROE_AVG":151.965655320765,"GROSS_PROFIT_QOQ":7.237018546407,"ROA":-1.746144671892,"HOLDER_PROFIT_QOQ":5.301435789154,"ROE_YEARLY":303.93131064153,"ROIC_YEARLY":-3.577775903866,"TOTAL_ASSETS":56319929000,"TOTAL_LIABILITIES":56573104000,"TAX_EBT":-14.353955422549,"OCF_SALES":-16.060388938692,"TOTAL_PARENT_EQUITY":-1166417000,"DEBT_ASSET_RATIO":100.4495300411,"OPERATE_PROFIT":-672487000,"PRETAX_PROFIT":-986418000,"NETCASH_OPERATE":-535494000,"NETCASH_INVEST":126533000,"NETCASH_FINANCE":141246000,"END_CASH":263301000,"DIVI_RATIO":null,"DIVIDEND_RATE":null,"CURRENT_RATIO":0.96318690045,"COMMON_ACS":8000000000,"CURRENTDEBT_DEBT":78.921554313159,"ISSUED_COMMON_SHARES":2794994650,"HK_COMMON_SHARES":2794994650,"PER_SHARES":2000,"TOTAL_MARKET_CAP":58694887.65,"HKSK_MARKET_CAP":58694887.65,"PE_TTM":-0.012691199597,"PB_TTM":-0.046394653469,"REPORT_DATE_SQ":"2022-06-30 00:00:00","REPORT_TYPE_SQ":"2022年中报","OPERATE_INCOME_SQ":2417356000,"DPS_HKD":null,"OPERATE_INCOME_QOQ_SQ":-62.238182381757,"NET_PROFIT_RATIO_SQ":-61.3868623405,"HOLDER_PROFIT_SQ":-1238576000,"HOLDER_PROFIT_QOQ_SQ":-82.067494325018,"ROE_AVG_SQ":-32.185510211029,"PE_TTM_SQ":-0.022965027842,"PB_TTM_SQ":-0.083952230087,"ROA_SQ":-1.661506842993,"START_DATE":"2023-01-01 00:00:00","FISCAL_YEAR":"12-31","CURRENCY":"HKD","IS_CNY_CODE":0,"DPS_HKD_LY":null,"ORG_TYPE":"一般企业","PREMIUM_INCOME":null,"PREMIUM_INCOME_YOY":null,"NET_INTEREST_INCOME":null,"NET_INTEREST_INCOME_YOY":null,"FEE_COMMISSION_INCOME":null,"FEE_COMMISSION_INCOME_YOY":null,"ACCOUNTS_RECE_TDAYS":null,"INVENTORY_TDAYS":0.093389590137,"CURRENT_ASSETS_TDAYS":0.075713814234,"TOTAL_ASSETS_TDAYS":0.058077719528,"PREMIUM_EXPENSE":null,"LOAN_DEPOSIT":null,"LOAN_EQUITY":null,"LOAN_ASSETS":null,"DEPOSIT_EQUITY":null,"DEPOSIT_ASSETS":null,"EQUITY_MULTIPLIER":-222.454543316616,"EQUITY_RATIO":-48.501611344828},{"SECUCODE":"01107.HK","SECURITY_CODE":"01107","SECURITY_NAME_ABBR":"当代置业","ORG_CODE":"10312567","STD_REPORT_DATE":"2022-12-31 00:00:00","REPORT_DATE":"2022-12-31 00:00:00","DATE_TYPE_CODE":"001","REPORT_TYPE":"2022年年报","PER_NETCASH_OPERATE":0.292332223248,"PER_OI":2.004964481775,"BPS":-0.05470994372,"BASIC_EPS":-1.594,"DILUTED_EPS":-1.594,"OPERATE_INCOME":5603865000,"OPERATE_INCOME_YOY":-51.0563275413,"GROSS_PROFIT":-1114879000,"GROSS_PROFIT_YOY":-270.440042928034,"HOLDER_PROFIT":-4453718000,"HOLDER_PROFIT_YOY":-116.7647539803,"GROSS_PROFIT_RATIO":-19.894822591194,"EPS_TTM":-1.593462084087,"OPERATE_INCOME_QOQ":29.611537647577,"NET_PROFIT_RATIO":-87.5283219706,"ROE_AVG":-206.383320354396,"GROSS_PROFIT_QOQ":23.130824850951,"ROA":-6.543858503711,"HOLDER_PROFIT_QOQ":-19.057360998948,"ROE_YEARLY":-206.383320354396,"ROIC_YEARLY":-6.819217505265,"TOTAL_ASSETS":58500454000,"TOTAL_LIABILITIES":57628751000,"TAX_EBT":-5.103408050436,"OCF_SALES":14.580419050066,"TOTAL_PARENT_EQUITY":-152914000,"DEBT_ASSET_RATIO":98.5099209657,"OPERATE_PROFIT":-4588008000,"PRETAX_PROFIT":-4666803000,"NETCASH_OPERATE":817067000,"NETCASH_INVEST":691277000,"NETCASH_FINANCE":-2545894000,"END_CASH":542332000,"DIVI_RATIO":null,"DIVIDEND_RATE":null,"CURRENT_RATIO":0.970671316541,"COMMON_ACS":8000000000,"CURRENTDEBT_DEBT":80.571282900093,"ISSUED_COMMON_SHARES":2794994650,"HK_COMMON_SHARES":2794994650,"PER_SHARES":2000,"TOTAL_MARKET_CAP":58694887.65,"HKSK_MARKET_CAP":58694887.65,"PE_TTM":-0.012691199597,"PB_TTM":-0.046394653469,"REPORT_DATE_SQ":"2021-12-31 00:00:00","REPORT_TYPE_SQ":"2021年年报","OPERATE_INCOME_SQ":11449621000,"DPS_HKD":null,"OPERATE_INCOME_QOQ_SQ":-30.916595167501,"NET_PROFIT_RATIO_SQ":-20.3478874978,"HOLDER_PROFIT_SQ":-2054632000,"HOLDER_PROFIT_QOQ_SQ":-360.583354682589,"ROE_AVG_SQ":-36.761782226243,"PE_TTM_SQ":-0.030217141897,"PB_TTM_SQ":-0.110463460641,"ROA_SQ":-2.57584953883,"START_DATE":"2022-01-01 00:00:00","FISCAL_YEAR":"12-31","CURRENCY":"HKD","IS_CNY_CODE":0,"DPS_HKD_LY":null,"ORG_TYPE":"一般企业","PREMIUM_INCOME":null,"PREMIUM_INCOME_YOY":null,"NET_INTEREST_INCOME":null,"NET_INTEREST_INCOME_YOY":null,"FEE_COMMISSION_INCOME":null,"FEE_COMMISSION_INCOME_YOY":null,"ACCOUNTS_RECE_TDAYS":null,"INVENTORY_TDAYS":0.167340637524,"CURRENT_ASSETS_TDAYS":0.103367592166,"TOTAL_ASSETS_TDAYS":0.082337722402,"PREMIUM_EXPENSE":null,"LOAN_DEPOSIT":null,"LOAN_EQUITY":null,"LOAN_ASSETS":null,"DEPOSIT_EQUITY":null,"DEPOSIT_ASSETS":null,"EQUITY_MULTIPLIER":67.110534205307,"EQUITY_RATIO":-376.870338883294},{"SECUCODE":"01107.HK","SECURITY_CODE":"01107","SECURITY_NAME_ABBR":"当代置业","ORG_CODE":"10312567","STD_REPORT_DATE":"2022-06-30 00:00:00","REPORT_DATE":"2022-06-30 00:00:00","DATE_TYPE_CODE":"002","REPORT_TYPE":"2022年中报","PER_NETCASH_OPERATE":0.366013580742,"PER_OI":0.86488752313,"BPS":1.154778954586,"BASIC_EPS":-0.443,"DILUTED_EPS":-0.443,"OPERATE_INCOME":2417356000,"OPERATE_INCOME_YOY":-74.6698448518,"GROSS_PROFIT":106441000,"GROSS_PROFIT_YOY":-95.18566495908,"HOLDER_PROFIT":-1238576000,"HOLDER_PROFIT_YOY":-376.7093601782,"GROSS_PROFIT_RATIO":4.403199197801,"EPS_TTM":-1.338398626273,"OPERATE_INCOME_QOQ":-62.238182381757,"NET_PROFIT_RATIO":-61.3868623405,"ROE_AVG":-32.185510211029,"GROSS_PROFIT_QOQ":-321.727425326929,"ROA":-1.661506842993,"HOLDER_PROFIT_QOQ":-82.067494325018,"ROE_YEARLY":-64.371020422058,"ROIC_YEARLY":-3.469128058757,"TOTAL_ASSETS":71472124000,"TOTAL_LIABILITIES":66620223000,"TAX_EBT":-10.716102991099,"OCF_SALES":42.319211568342,"TOTAL_PARENT_EQUITY":3227601000,"DEBT_ASSET_RATIO":93.2114778064,"OPERATE_PROFIT":-1194123000,"PRETAX_PROFIT":-1340310000,"NETCASH_OPERATE":1023006000,"NETCASH_INVEST":-61651000,"NETCASH_FINANCE":-1815513000,"END_CASH":725655000,"DIVI_RATIO":null,"DIVIDEND_RATE":null,"CURRENT_RATIO":0.891101377483,"COMMON_ACS":8000000000,"CURRENTDEBT_DEBT":96.385459412227,"ISSUED_COMMON_SHARES":2794994650,"HK_COMMON_SHARES":2794994650,"PER_SHARES":2000,"TOTAL_MARKET_CAP":58694887.65,"HKSK_MARKET_CAP":58694887.65,"PE_TTM":-0.012691199597,"PB_TTM":-0.046394653469,"REPORT_DATE_SQ":"2021-06-30 00:00:00","REPORT_TYPE_SQ":"2021年中报","OPERATE_INCOME_SQ":9543392000,"DPS_HKD":null,"OPERATE_INCOME_QOQ_SQ":5.29264931312,"NET_PROFIT_RATIO_SQ":7.0891251245,"HOLDER_PROFIT_SQ":447609000,"HOLDER_PROFIT_QOQ_SQ":6.694578221139,"ROE_AVG_SQ":6.498415389785,"PE_TTM_SQ":-0.030217141897,"PB_TTM_SQ":-0.110463460641,"ROA_SQ":0.4963851528,"START_DATE":"2022-01-01 00:00:00","FISCAL_YEAR":"12-31","CURRENCY":"HKD","IS_CNY_CODE":0,"DPS_HKD_LY":null,"ORG_TYPE":"一般企业","PREMIUM_INCOME":null,"PREMIUM_INCOME_YOY":null,"NET_INTEREST_INCOME":null,"NET_INTEREST_INCOME_YOY":null,"FEE_COMMISSION_INCOME":null,"FEE_COMMISSION_INCOME_YOY":null,"ACCOUNTS_RECE_TDAYS":null,"INVENTORY_TDAYS":0.052263761681,"CURRENT_ASSETS_TDAYS":0.04009709632,"TOTAL_ASSETS_TDAYS":0.032427994212,"PREMIUM_EXPENSE":null,"LOAN_DEPOSIT":null,"LOAN_EQUITY":null,"LOAN_ASSETS":null,"DEPOSIT_EQUITY":null,"DEPOSIT_ASSETS":null,"EQUITY_MULTIPLIER":14.730746567239,"EQUITY_RATIO":20.640786454088},{"SECUCODE":"01107.HK","SECURITY_CODE":"01107","SECURITY_NAME_ABBR":"当代置业","ORG_CODE":"10312567","STD_REPORT_DATE":"2021-12-31 00:00:00","REPORT_DATE":"2021-12-31 00:00:00","DATE_TYPE_CODE":"001","REPORT_TYPE":"2021年年报","PER_NETCASH_OPERATE":-1.908264833351,"PER_OI":4.096473315253,"BPS":1.598887139194,"BASIC_EPS":-0.735,"DILUTED_EPS":-0.735,"OPERATE_INCOME":11449621000,"OPERATE_INCOME_YOY":-27.2602528162,"GROSS_PROFIT":654118000,"GROSS_PROFIT_YOY":-82.716059169115,"HOLDER_PROFIT":-2054632000,"HOLDER_PROFIT_YOY":-378.0283111931,"GROSS_PROFIT_RATIO":5.713010063827,"EPS_TTM":-0.735111246098,"OPERATE_INCOME_QOQ":-30.916595167501,"NET_PROFIT_RATIO":-20.3478874978,"ROE_AVG":-36.761782226243,"GROSS_PROFIT_QOQ":-83.116760097079,"ROA":-2.57584953883,"HOLDER_PROFIT_QOQ":-360.583354682589,"ROE_YEARLY":-36.761782226243,"ROIC_YEARLY":-2.924533139383,"TOTAL_ASSETS":77618565000,"TOTAL_LIABILITIES":70805210000,"TAX_EBT":-49.108010306811,"OCF_SALES":-46.583113973816,"TOTAL_PARENT_EQUITY":4468881000,"DEBT_ASSET_RATIO":91.2220033957,"OPERATE_PROFIT":-1120526000,"PRETAX_PROFIT":-1562462000,"NETCASH_OPERATE":-5333590000,"NETCASH_INVEST":-1269759000,"NETCASH_FINANCE":-2533635000,"END_CASH":1585043000,"DIVI_RATIO":null,"DIVIDEND_RATE":null,"CURRENT_RATIO":0.928362991638,"COMMON_ACS":8000000000,"CURRENTDEBT_DEBT":96.383230838522,"ISSUED_COMMON_SHARES":2794994650,"HK_COMMON_SHARES":2794994650,"PER_SHARES":2000,"TOTAL_MARKET_CAP":58694887.65,"HKSK_MARKET_CAP":58694887.65,"PE_TTM":-0.012691199597,"PB_TTM":-0.046394653469,"REPORT_DATE_SQ":"2020-12-31 00:00:00","REPORT_TYPE_SQ":"2020年年报","OPERATE_INCOME_SQ":15740529000,"DPS_HKD":null,"OPERATE_INCOME_QOQ_SQ":-3.046390681334,"NET_PROFIT_RATIO_SQ":7.0962354569,"HOLDER_PROFIT_SQ":739001000,"HOLDER_PROFIT_QOQ_SQ":10.381525234616,"ROE_AVG_SQ":11.485124879583,"PE_TTM_SQ":-0.030217141897,"PB_TTM_SQ":-0.110463460641,"ROA_SQ":0.982395601001,"START_DATE":"2021-01-01 00:00:00","FISCAL_YEAR":"12-31","CURRENCY":"HKD","IS_CNY_CODE":0,"DPS_HKD_LY":0.0846,"ORG_TYPE":"一般企业","PREMIUM_INCOME":null,"PREMIUM_INCOME_YOY":null,"NET_INTEREST_INCOME":null,"NET_INTEREST_INCOME_YOY":null,"FEE_COMMISSION_INCOME":null,"FEE_COMMISSION_INCOME_YOY":null,"ACCOUNTS_RECE_TDAYS":null,"INVENTORY_TDAYS":0.242565960908,"CURRENT_ASSETS_TDAYS":0.174136914853,"TOTAL_ASSETS_TDAYS":0.143541524578,"PREMIUM_EXPENSE":null,"LOAN_DEPOSIT":null,"LOAN_EQUITY":null,"LOAN_ASSETS":null,"DEPOSIT_EQUITY":null,"DEPOSIT_ASSETS":null,"EQUITY_MULTIPLIER":11.392121062227,"EQUITY_RATIO":15.844058053907},{"SECUCODE":"01107.HK","SECURITY_CODE":"01107","SECURITY_NAME_ABBR":"当代置业","ORG_CODE":"10312567","STD_REPORT_DATE":"2021-06-30 00:00:00","REPORT_DATE":"2021-06-30 00:00:00","DATE_TYPE_CODE":"002","REPORT_TYPE":"2021年中报","PER_NETCASH_OPERATE":0.226546408595,"PER_OI":3.414458056297,"BPS":2.528354392378,"BASIC_EPS":0.16,"DILUTED_EPS":0.16,"OPERATE_INCOME":9543392000,"OPERATE_INCOME_YOY":9.5644341108,"GROSS_PROFIT":2210918000,"GROSS_PROFIT_YOY":4.234648391846,"HOLDER_PROFIT":447609000,"HOLDER_PROFIT_YOY":12.4261558864,"GROSS_PROFIT_RATIO":23.167003933193,"EPS_TTM":0.282102149999,"OPERATE_INCOME_QOQ":5.29264931312,"NET_PROFIT_RATIO":7.0891251245,"ROE_AVG":6.498415389785,"GROSS_PROFIT_QOQ":2.37336512582,"ROA":0.4963851528,"HOLDER_PROFIT_QOQ":6.694578221139,"ROE_YEARLY":12.99683077957,"ROIC_YEARLY":1.221973299915,"TOTAL_ASSETS":98435586000,"TOTAL_LIABILITIES":86256252000,"TAX_EBT":57.565952055396,"OCF_SALES":6.634915552039,"TOTAL_PARENT_EQUITY":7066737000,"DEBT_ASSET_RATIO":87.6271026618,"OPERATE_PROFIT":3541840000,"PRETAX_PROFIT":1594340000,"NETCASH_OPERATE":633196000,"NETCASH_INVEST":-1663436000,"NETCASH_FINANCE":3828155000,"END_CASH":13623967000,"DIVI_RATIO":null,"DIVIDEND_RATE":null,"CURRENT_RATIO":1.256831643633,"COMMON_ACS":8000000000,"CURRENTDEBT_DEBT":76.72403734862,"ISSUED_COMMON_SHARES":2794994650,"HK_COMMON_SHARES":2794994650,"PER_SHARES":2000,"TOTAL_MARKET_CAP":58694887.65,"HKSK_MARKET_CAP":58694887.65,"PE_TTM":-0.012691199597,"PB_TTM":-0.046394653469,"REPORT_DATE_SQ":"2020-06-30 00:00:00","REPORT_TYPE_SQ":"2020年中报","OPERATE_INCOME_SQ":8710301000,"DPS_HKD":null,"OPERATE_INCOME_QOQ_SQ":11.568634363462,"NET_PROFIT_RATIO_SQ":6.3881144865,"HOLDER_PROFIT_SQ":398136000,"HOLDER_PROFIT_QOQ_SQ":-8.372429763286,"ROE_AVG_SQ":6.310371348655,"PE_TTM_SQ":-0.030217141897,"PB_TTM_SQ":-0.110463460641,"ROA_SQ":0.566537747938,"START_DATE":"2021-01-01 00:00:00","FISCAL_YEAR":"12-31","CURRENCY":"HKD","IS_CNY_CODE":0,"DPS_HKD_LY":0.0846,"ORG_TYPE":"一般企业","PREMIUM_INCOME":null,"PREMIUM_INCOME_YOY":null,"NET_INTEREST_INCOME":null,"NET_INTEREST_INCOME_YOY":null,"FEE_COMMISSION_INCOME":null,"FEE_COMMISSION_INCOME_YOY":null,"ACCOUNTS_RECE_TDAYS":0.802905248368,"INVENTORY_TDAYS":0.152260228303,"CURRENT_ASSETS_TDAYS":0.126133528631,"TOTAL_ASSETS_TDAYS":0.105833396919,"PREMIUM_EXPENSE":null,"LOAN_DEPOSIT":null,"LOAN_EQUITY":null,"LOAN_ASSETS":null,"DEPOSIT_EQUITY":null,"DEPOSIT_ASSETS":null,"EQUITY_MULTIPLIER":8.082181340927,"EQUITY_RATIO":12.20595191246},{"SECUCODE":"01107.HK","SECURITY_CODE":"01107","SECURITY_NAME_ABBR":"当代置业","ORG_CODE":"10312567","STD_REPORT_DATE":"2020-12-31 00:00:00","REPORT_DATE":"2020-12-31 00:00:00","DATE_TYPE_CODE":"001","REPORT_TYPE":"2020年年报","PER_NETCASH_OPERATE":-0.217811865937,"PER_OI":5.631684840613,"BPS":2.400436079547,"BASIC_EPS":0.264,"DILUTED_EPS":0.264,"OPERATE_INCOME":15740529000,"OPERATE_INCOME_YOY":8.1698178829,"GROSS_PROFIT":3784542000,"GROSS_PROFIT_YOY":2.082850055728,"HOLDER_PROFIT":739001000,"HOLDER_PROFIT_YOY":1.1399095627,"GROSS_PROFIT_RATIO":24.043296130645,"EPS_TTM":0.264401579445,"OPERATE_INCOME_QOQ":-3.046390681334,"NET_PROFIT_RATIO":7.0962354569,"ROE_AVG":11.485124879583,"GROSS_PROFIT_QOQ":-4.615937543476,"ROA":0.982395601001,"HOLDER_PROFIT_QOQ":10.381525234616,"ROE_YEARLY":11.485124879583,"ROIC_YEARLY":1.181885456439,"TOTAL_ASSETS":81911871000,"TOTAL_LIABILITIES":70934204000,"TAX_EBT":61.03677068977,"OCF_SALES":-3.867614614477,"TOTAL_PARENT_EQUITY":6709206000,"DEBT_ASSET_RATIO":86.5981977142,"OPERATE_PROFIT":3200571000,"PRETAX_PROFIT":2866767000,"NETCASH_OPERATE":-608783000,"NETCASH_INVEST":-1830094000,"NETCASH_FINANCE":5409250000,"END_CASH":10822373000,"DIVI_RATIO":null,"DIVIDEND_RATE":null,"CURRENT_RATIO":1.23036476956,"COMMON_ACS":8000000000,"CURRENTDEBT_DEBT":78.081786890849,"ISSUED_COMMON_SHARES":2794994650,"HK_COMMON_SHARES":2794994650,"PER_SHARES":2000,"TOTAL_MARKET_CAP":58694887.65,"HKSK_MARKET_CAP":58694887.65,"PE_TTM":-0.012691199597,"PB_TTM":-0.046394653469,"REPORT_DATE_SQ":"2019-12-31 00:00:00","REPORT_TYPE_SQ":"2019年年报","OPERATE_INCOME_SQ":14551683000,"DPS_HKD":null,"OPERATE_INCOME_QOQ_SQ":26.47625919715,"NET_PROFIT_RATIO_SQ":7.2462202482,"HOLDER_PROFIT_SQ":730672000,"HOLDER_PROFIT_QOQ_SQ":5.434553613945,"ROE_AVG_SQ":12.349407135601,"PE_TTM_SQ":-0.030217141897,"PB_TTM_SQ":-0.110463460641,"ROA_SQ":1.196196819293,"START_DATE":"2020-01-01 00:00:00","FISCAL_YEAR":"12-31","CURRENCY":"HKD","IS_CNY_CODE":0,"DPS_HKD_LY":0.0753,"ORG_TYPE":"一般企业","PREMIUM_INCOME":null,"PREMIUM_INCOME_YOY":null,"NET_INTEREST_INCOME":null,"NET_INTEREST_INCOME_YOY":null,"FEE_COMMISSION_INCOME":null,"FEE_COMMISSION_INCOME_YOY":null,"ACCOUNTS_RECE_TDAYS":null,"INVENTORY_TDAYS":0.298880135711,"CURRENT_ASSETS_TDAYS":0.252123983072,"TOTAL_ASSETS_TDAYS":0.209247706661,"PREMIUM_EXPENSE":null,"LOAN_DEPOSIT":null,"LOAN_EQUITY":null,"LOAN_ASSETS":null,"DEPOSIT_EQUITY":null,"DEPOSIT_ASSETS":null,"EQUITY_MULTIPLIER":7.461682978711,"EQUITY_RATIO":10.572667466165},{"SECUCODE":"01107.HK","SECURITY_CODE":"01107","SECURITY_NAME_ABBR":"当代置业","ORG_CODE":"10312567","STD_REPORT_DATE":"2020-06-30 00:00:00","REPORT_DATE":"2020-06-30 00:00:00","DATE_TYPE_CODE":"002","REPORT_TYPE":"2020年中报","PER_NETCASH_OPERATE":-0.111125794105,"PER_OI":3.116392727263,"BPS":2.310857374986,"BASIC_EPS":0.142,"DILUTED_EPS":0.142,"OPERATE_INCOME":8710301000,"OPERATE_INCOME_YOY":23.9570534249,"GROSS_PROFIT":2121097000,"GROSS_PROFIT_YOY":13.992550247671,"HOLDER_PROFIT":398136000,"HOLDER_PROFIT_YOY":-13.318862383,"GROSS_PROFIT_RATIO":24.351592442098,"EPS_TTM":0.239534268876,"OPERATE_INCOME_QOQ":11.568634363462,"NET_PROFIT_RATIO":6.3881144865,"ROE_AVG":6.310371348655,"GROSS_PROFIT_QOQ":7.022963193937,"ROA":0.566537747938,"HOLDER_PROFIT_QOQ":-8.372429763286,"ROE_YEARLY":12.620742697309,"ROIC_YEARLY":1.330720964197,"TOTAL_ASSETS":72013675000,"TOTAL_LIABILITIES":62823715000,"TAX_EBT":61.011143997489,"OCF_SALES":-3.56584692079,"TOTAL_PARENT_EQUITY":6458834000,"DEBT_ASSET_RATIO":87.2385904483,"OPERATE_PROFIT":1693356000,"PRETAX_PROFIT":1427136000,"NETCASH_OPERATE":-310596000,"NETCASH_INVEST":-981397000,"NETCASH_FINANCE":1285291000,"END_CASH":7840824000,"DIVI_RATIO":null,"DIVIDEND_RATE":null,"CURRENT_RATIO":1.233820978958,"COMMON_ACS":8000000000,"CURRENTDEBT_DEBT":76.863351681765,"ISSUED_COMMON_SHARES":2794994650,"HK_COMMON_SHARES":2794994650,"PER_SHARES":2000,"TOTAL_MARKET_CAP":58694887.65,"HKSK_MARKET_CAP":58694887.65,"PE_TTM":-0.012691199597,"PB_TTM":-0.046394653469,"REPORT_DATE_SQ":"2019-06-30 00:00:00","REPORT_TYPE_SQ":"2019年中报","OPERATE_INCOME_SQ":7026870000,"DPS_HKD":null,"OPERATE_INCOME_QOQ_SQ":23.215862663518,"NET_PROFIT_RATIO_SQ":7.5570346399,"HOLDER_PROFIT_SQ":459311000,"HOLDER_PROFIT_QOQ_SQ":32.054475019579,"ROE_AVG_SQ":7.847870126584,"PE_TTM_SQ":-0.030217141897,"PB_TTM_SQ":-0.110463460641,"ROA_SQ":0.828733204368,"START_DATE":"2020-01-01 00:00:00","FISCAL_YEAR":"12-31","CURRENCY":"HKD","IS_CNY_CODE":0,"DPS_HKD_LY":0.0753,"ORG_TYPE":"一般企业","PREMIUM_INCOME":null,"PREMIUM_INCOME_YOY":null,"NET_INTEREST_INCOME":null,"NET_INTEREST_INCOME_YOY":null,"FEE_COMMISSION_INCOME":null,"FEE_COMMISSION_INCOME_YOY":null,"ACCOUNTS_RECE_TDAYS":0.968612533847,"INVENTORY_TDAYS":0.178622793669,"CURRENT_ASSETS_TDAYS":0.149794309511,"TOTAL_ASSETS_TDAYS":0.123945443577,"PREMIUM_EXPENSE":null,"LOAN_DEPOSIT":null,"LOAN_EQUITY":null,"LOAN_ASSETS":null,"DEPOSIT_EQUITY":null,"DEPOSIT_ASSETS":null,"EQUITY_MULTIPLIER":7.836124966828,"EQUITY_RATIO":9.726788921963},{"SECUCODE":"01107.HK","SECURITY_CODE":"01107","SECURITY_NAME_ABBR":"当代置业","ORG_CODE":"10312567","STD_REPORT_DATE":"2019-12-31 00:00:00","REPORT_DATE":"2019-12-31 00:00:00","DATE_TYPE_CODE":"001","REPORT_TYPE":"2019年年报","PER_NETCASH_OPERATE":-0.576277310584,"PER_OI":5.206336620358,"BPS":2.203807796197,"BASIC_EPS":0.262,"DILUTED_EPS":0.261,"OPERATE_INCOME":14551683000,"OPERATE_INCOME_YOY":55.8388138343,"GROSS_PROFIT":3707324000,"GROSS_PROFIT_YOY":70.797356304576,"HOLDER_PROFIT":730672000,"HOLDER_PROFIT_YOY":39.2310462641,"GROSS_PROFIT_RATIO":25.476943113728,"EPS_TTM":0.261421609519,"OPERATE_INCOME_QOQ":26.47625919715,"NET_PROFIT_RATIO":7.2462202482,"ROE_AVG":12.349407135601,"GROSS_PROFIT_QOQ":20.235715351335,"ROA":1.196196819293,"HOLDER_PROFIT_QOQ":5.434553613945,"ROE_YEARLY":12.349407135601,"ROIC_YEARLY":1.415743331999,"TOTAL_ASSETS":68536889000,"TOTAL_LIABILITIES":59932576000,"TAX_EBT":60.511522264644,"OCF_SALES":-11.068767784455,"TOTAL_PARENT_EQUITY":6159631000,"DEBT_ASSET_RATIO":87.4457199246,"OPERATE_PROFIT":2853162000,"PRETAX_PROFIT":2670265000,"NETCASH_OPERATE":-1610692000,"NETCASH_INVEST":-103983000,"NETCASH_FINANCE":2843077000,"END_CASH":7858655000,"DIVI_RATIO":null,"DIVIDEND_RATE":null,"CURRENT_RATIO":1.126700532703,"COMMON_ACS":8000000000,"CURRENTDEBT_DEBT":83.993586392816,"ISSUED_COMMON_SHARES":2794994650,"HK_COMMON_SHARES":2794994650,"PER_SHARES":2000,"TOTAL_MARKET_CAP":58694887.65,"HKSK_MARKET_CAP":58694887.65,"PE_TTM":-0.012691199597,"PB_TTM":-0.046394653469,"REPORT_DATE_SQ":"2018-12-31 00:00:00","REPORT_TYPE_SQ":"2018年年报","OPERATE_INCOME_SQ":9337650000,"DPS_HKD":null,"OPERATE_INCOME_QOQ_SQ":2.939292644515,"NET_PROFIT_RATIO_SQ":7.0923733488,"HOLDER_PROFIT_SQ":524791000,"HOLDER_PROFIT_QOQ_SQ":6.856832194431,"ROE_AVG_SQ":9.672235884961,"PE_TTM_SQ":-0.030217141897,"PB_TTM_SQ":-0.110463460641,"ROA_SQ":1.062330497131,"START_DATE":"2019-01-01 00:00:00","FISCAL_YEAR":"12-31","CURRENCY":"HKD","IS_CNY_CODE":0,"DPS_HKD_LY":0.0568,"ORG_TYPE":"一般企业","PREMIUM_INCOME":null,"PREMIUM_INCOME_YOY":null,"NET_INTEREST_INCOME":null,"NET_INTEREST_INCOME_YOY":null,"FEE_COMMISSION_INCOME":null,"FEE_COMMISSION_INCOME_YOY":null,"ACCOUNTS_RECE_TDAYS":2.102195782082,"INVENTORY_TDAYS":0.358349371338,"CURRENT_ASSETS_TDAYS":0.294268652405,"TOTAL_ASSETS_TDAYS":0.238228328442,"PREMIUM_EXPENSE":null,"LOAN_DEPOSIT":null,"LOAN_EQUITY":null,"LOAN_ASSETS":null,"DEPOSIT_EQUITY":null,"DEPOSIT_ASSETS":null,"EQUITY_MULTIPLIER":7.965410951437,"EQUITY_RATIO":9.729897131825},{"SECUCODE":"01107.HK","SECURITY_CODE":"01107","SECURITY_NAME_ABBR":"当代置业","ORG_CODE":"10312567","STD_REPORT_DATE":"2019-06-30 00:00:00","REPORT_DATE":"2019-06-30 00:00:00","DATE_TYPE_CODE":"002","REPORT_TYPE":"2019年中报","PER_NETCASH_OPERATE":0.748033013963,"PER_OI":2.5178302731,"BPS":2.158030964388,"BASIC_EPS":0.165,"DILUTED_EPS":0.164,"OPERATE_INCOME":7026870000,"OPERATE_INCOME_YOY":44.6139516046,"GROSS_PROFIT":1860733000,"GROSS_PROFIT_YOY":96.289998111717,"HOLDER_PROFIT":459311000,"HOLDER_PROFIT_YOY":57.7889464499,"GROSS_PROFIT_RATIO":26.480253654899,"EPS_TTM":0.248315616706,"OPERATE_INCOME_QOQ":23.215862663518,"NET_PROFIT_RATIO":7.5570346399,"ROE_AVG":7.847870126584,"GROSS_PROFIT_QOQ":42.052098085412,"ROA":0.828733204368,"HOLDER_PROFIT_QOQ":32.054475019579,"ROE_YEARLY":15.695740253168,"ROIC_YEARLY":1.978036419094,"TOTAL_ASSETS":57217570000,"TOTAL_LIABILITIES":49205956000,"TAX_EBT":62.715133489488,"OCF_SALES":29.709429660717,"TOTAL_PARENT_EQUITY":6031685000,"DEBT_ASSET_RATIO":85.9979827875,"OPERATE_PROFIT":1327656000,"PRETAX_PROFIT":1424232000,"NETCASH_OPERATE":2087643000,"NETCASH_INVEST":-978089000,"NETCASH_FINANCE":-506363000,"END_CASH":7342846000,"DIVI_RATIO":null,"DIVIDEND_RATE":null,"CURRENT_RATIO":1.127490955392,"COMMON_ACS":8000000000,"CURRENTDEBT_DEBT":80.688384552472,"ISSUED_COMMON_SHARES":2794994650,"HK_COMMON_SHARES":2794994650,"PER_SHARES":2000,"TOTAL_MARKET_CAP":58694887.65,"HKSK_MARKET_CAP":58694887.65,"PE_TTM":-0.012691199597,"PB_TTM":-0.046394653469,"REPORT_DATE_SQ":"2018-06-30 00:00:00","REPORT_TYPE_SQ":"2018年中报","OPERATE_INCOME_SQ":4859054000,"DPS_HKD":null,"OPERATE_INCOME_QOQ_SQ":6.638563666955,"NET_PROFIT_RATIO_SQ":7.4325372799,"HOLDER_PROFIT_SQ":291092000,"HOLDER_PROFIT_QOQ_SQ":-30.436728663922,"ROE_AVG_SQ":5.469428324751,"PE_TTM_SQ":-0.030217141897,"PB_TTM_SQ":-0.110463460641,"ROA_SQ":0.626390521347,"START_DATE":"2019-01-01 00:00:00","FISCAL_YEAR":"12-31","CURRENCY":"HKD","IS_CNY_CODE":0,"DPS_HKD_LY":0.0568,"ORG_TYPE":"一般企业","PREMIUM_INCOME":null,"PREMIUM_INCOME_YOY":null,"NET_INTEREST_INCOME":null,"NET_INTEREST_INCOME_YOY":null,"FEE_COMMISSION_INCOME":null,"FEE_COMMISSION_INCOME_YOY":null,"ACCOUNTS_RECE_TDAYS":1.070507075844,"INVENTORY_TDAYS":0.219602025879,"CURRENT_ASSETS_TDAYS":0.161633050764,"TOTAL_ASSETS_TDAYS":0.126785565592,"PREMIUM_EXPENSE":null,"LOAN_DEPOSIT":null,"LOAN_EQUITY":null,"LOAN_ASSETS":null,"DEPOSIT_EQUITY":null,"DEPOSIT_ASSETS":null,"EQUITY_MULTIPLIER":7.141828101077,"EQUITY_RATIO":8.157912092558}],"count":25},"success":true,"message":"ok","code":0}