{"version":"332f7ba914b6d7d3f623dd4b9b3907be","result":{"pages":6,"data":[{"SECUCODE":"01104.HK","SECURITY_CODE":"01104","SECURITY_NAME_ABBR":"亚太资源","ORG_CODE":"10010491","STD_REPORT_DATE":"2023-12-31 00:00:00","REPORT_DATE":"2024-06-30 00:00:00","DATE_TYPE_CODE":"001","REPORT_TYPE":"2023年年报","PER_NETCASH_OPERATE":-0.226145527944,"PER_OI":0.79958438803,"BPS":2.58455486263,"BASIC_EPS":0.268236652,"DILUTED_EPS":0.268236652,"OPERATE_INCOME":1084745735.04,"OPERATE_INCOME_YOY":175.1623500649,"GROSS_PROFIT":85226058.4,"GROSS_PROFIT_YOY":334.532398729458,"HOLDER_PROFIT":355973493.08,"HOLDER_PROFIT_YOY":222.4406445517,"GROSS_PROFIT_RATIO":7.856777459176,"EPS_TTM":0.217069856595,"OPERATE_INCOME_QOQ":189.796331364644,"NET_PROFIT_RATIO":30.5790860628,"ROE_AVG":10.559911022222,"GROSS_PROFIT_QOQ":332.335997678031,"ROA":9.604176844643,"HOLDER_PROFIT_QOQ":196.266992455082,"ROE_YEARLY":10.559911022222,"ROIC_YEARLY":11.248668833065,"TOTAL_ASSETS":3851438410.96,"TOTAL_LIABILITIES":329148002.52,"TAX_EBT":8.226141236004,"OCF_SALES":-28.282884374621,"TOTAL_PARENT_EQUITY":3506310294.32,"DEBT_ASSET_RATIO":8.5461058285,"OPERATE_PROFIT":330290677.88,"PRETAX_PROFIT":361437708.24,"NETCASH_OPERATE":-306797382,"NETCASH_INVEST":321517997.72,"NETCASH_FINANCE":5938808.76,"END_CASH":524498942.4,"DIVI_RATIO":0.420454509124,"DIVIDEND_RATE":9.708737864078,"CURRENT_RATIO":7.747813585719,"COMMON_ACS":3000000000,"CURRENTDEBT_DEBT":92.58011474078,"ISSUED_COMMON_SHARES":1356639917,"HK_COMMON_SHARES":1356639917,"PER_SHARES":20000,"TOTAL_MARKET_CAP":1397339114.51,"HKSK_MARKET_CAP":1397339114.51,"PE_TTM":3.582636032803,"PB_TTM":0.36372236225,"REPORT_DATE_SQ":"2022-12-31 00:00:00","REPORT_TYPE_SQ":"2022年年报","OPERATE_INCOME_SQ":398237275.26,"DPS_HKD":0.1,"OPERATE_INCOME_QOQ_SQ":9.897730867791,"NET_PROFIT_RATIO_SQ":-76.0543783005,"HOLDER_PROFIT_SQ":-293693963.06,"HOLDER_PROFIT_QOQ_SQ":46.753667449482,"ROE_AVG_SQ":-8.387815368898,"PE_TTM_SQ":-4.34400481323,"PB_TTM_SQ":0.390317747616,"ROA_SQ":-7.607903744244,"START_DATE":"2023-07-01 00:00:00","FISCAL_YEAR":"6-30","CURRENCY":"HKD","IS_CNY_CODE":0,"DPS_HKD_LY":0.1,"ORG_TYPE":"一般企业","PREMIUM_INCOME":null,"PREMIUM_INCOME_YOY":null,"NET_INTEREST_INCOME":null,"NET_INTEREST_INCOME_YOY":null,"FEE_COMMISSION_INCOME":null,"FEE_COMMISSION_INCOME_YOY":null,"ACCOUNTS_RECE_TDAYS":null,"INVENTORY_TDAYS":6.18862294906,"CURRENT_ASSETS_TDAYS":0.532598303747,"TOTAL_ASSETS_TDAYS":0.292664765027,"PREMIUM_EXPENSE":null,"LOAN_DEPOSIT":null,"LOAN_EQUITY":null,"LOAN_ASSETS":null,"DEPOSIT_EQUITY":null,"DEPOSIT_ASSETS":null,"EQUITY_MULTIPLIER":1.093447150675,"EQUITY_RATIO":0.093873038862},{"SECUCODE":"01104.HK","SECURITY_CODE":"01104","SECURITY_NAME_ABBR":"亚太资源","ORG_CODE":"10010491","STD_REPORT_DATE":"2023-06-30 00:00:00","REPORT_DATE":"2023-12-31 00:00:00","DATE_TYPE_CODE":"002","REPORT_TYPE":"2023年中报","PER_NETCASH_OPERATE":0.135510792001,"PER_OI":0.655014052536,"BPS":2.714198670464,"BASIC_EPS":0.4123301,"DILUTED_EPS":0.4123301,"OPERATE_INCOME":853146319.48,"OPERATE_INCOME_YOY":764.2321426932,"GROSS_PROFIT":69828782.1,"GROSS_PROFIT_YOY":1402.73143364022,"HOLDER_PROFIT":537634951.84,"HOLDER_PROFIT_YOY":1466.2306558585,"GROSS_PROFIT_RATIO":8.184854169278,"EPS_TTM":-0.225487315079,"OPERATE_INCOME_QOQ":21.5251098631,"NET_PROFIT_RATIO":60.802138015,"ROE_AVG":15.595020293147,"GROSS_PROFIT_QOQ":-28.161789645405,"ROA":14.125300158938,"HOLDER_PROFIT_QOQ":-38.408378447033,"ROE_YEARLY":31.190040586293,"ROIC_YEARLY":34.385792253761,"TOTAL_ASSETS":4076125905.46,"TOTAL_LIABILITIES":376121173.68,"TAX_EBT":3.293755110592,"OCF_SALES":20.688226683974,"TOTAL_PARENT_EQUITY":3682190259.02,"DEBT_ASSET_RATIO":9.2274179553,"OPERATE_PROFIT":263513370.26,"PRETAX_PROFIT":536398867.76,"NETCASH_OPERATE":176500844.52,"NETCASH_INVEST":213025135.4,"NETCASH_FINANCE":-91156669.8,"END_CASH":801003326.9,"DIVI_RATIO":-0.404758910575,"DIVIDEND_RATE":9.708737864078,"CURRENT_RATIO":6.134086317677,"COMMON_ACS":3000000000,"CURRENTDEBT_DEBT":96.483987239907,"ISSUED_COMMON_SHARES":1356639917,"HK_COMMON_SHARES":1356639917,"PER_SHARES":20000,"TOTAL_MARKET_CAP":1397339114.51,"HKSK_MARKET_CAP":1397339114.51,"PE_TTM":3.582636032803,"PB_TTM":0.36372236225,"REPORT_DATE_SQ":"2022-06-30 00:00:00","REPORT_TYPE_SQ":"2022年中报","OPERATE_INCOME_SQ":97306580.91,"DPS_HKD":0.1,"OPERATE_INCOME_QOQ_SQ":6.67015855889,"NET_PROFIT_RATIO_SQ":-41.5402127913,"HOLDER_PROFIT_SQ":-38789356.48,"HOLDER_PROFIT_QOQ_SQ":-359.442605567851,"ROE_AVG_SQ":-1.100073808609,"PE_TTM_SQ":-4.34400481323,"PB_TTM_SQ":0.390317747616,"ROA_SQ":-0.982691890993,"START_DATE":"2023-07-01 00:00:00","FISCAL_YEAR":"6-30","CURRENCY":"HKD","IS_CNY_CODE":0,"DPS_HKD_LY":0.1,"ORG_TYPE":"一般企业","PREMIUM_INCOME":null,"PREMIUM_INCOME_YOY":null,"NET_INTEREST_INCOME":null,"NET_INTEREST_INCOME_YOY":null,"FEE_COMMISSION_INCOME":null,"FEE_COMMISSION_INCOME_YOY":null,"ACCOUNTS_RECE_TDAYS":8.618664860114,"INVENTORY_TDAYS":5.810853599099,"CURRENT_ASSETS_TDAYS":0.434572316703,"TOTAL_ASSETS_TDAYS":0.22414740338,"PREMIUM_EXPENSE":null,"LOAN_DEPOSIT":null,"LOAN_EQUITY":null,"LOAN_ASSETS":null,"DEPOSIT_EQUITY":null,"DEPOSIT_ASSETS":null,"EQUITY_MULTIPLIER":1.101654241264,"EQUITY_RATIO":0.102146045484},{"SECUCODE":"01104.HK","SECURITY_CODE":"01104","SECURITY_NAME_ABBR":"亚太资源","ORG_CODE":"10010491","STD_REPORT_DATE":"2022-12-31 00:00:00","REPORT_DATE":"2023-06-30 00:00:00","DATE_TYPE_CODE":"001","REPORT_TYPE":"2022年年报","PER_NETCASH_OPERATE":0.068482108754,"PER_OI":0.305751786749,"BPS":2.409364056196,"BASIC_EPS":-0.225516308,"DILUTED_EPS":-0.225516308,"OPERATE_INCOME":398237275.26,"OPERATE_INCOME_YOY":23.8784781374,"GROSS_PROFIT":19613280.54,"GROSS_PROFIT_YOY":-71.719079021745,"HOLDER_PROFIT":-293693963.06,"HOLDER_PROFIT_YOY":31.6413945244,"GROSS_PROFIT_RATIO":4.925023788191,"EPS_TTM":-0.162914498103,"OPERATE_INCOME_QOQ":9.897730867791,"NET_PROFIT_RATIO":-76.0543783005,"ROE_AVG":-8.387815368898,"GROSS_PROFIT_QOQ":-60.632481184234,"ROA":-7.607903744244,"HOLDER_PROFIT_QOQ":46.753667449482,"ROE_YEARLY":-8.387815368898,"ROIC_YEARLY":-8.691809621519,"TOTAL_ASSETS":3597741136.2,"TOTAL_LIABILITIES":292177305.96,"TAX_EBT":7.68152067918,"OCF_SALES":22.39794229251,"TOTAL_PARENT_EQUITY":3268639453.22,"DEBT_ASSET_RATIO":8.1211319797,"OPERATE_PROFIT":-310660239.02,"PRETAX_PROFIT":-328078285.18,"NETCASH_OPERATE":89196955.1,"NETCASH_INVEST":203566730.14,"NETCASH_FINANCE":-226013255.22,"END_CASH":511854714.62,"DIVI_RATIO":-0.560220244747,"DIVIDEND_RATE":9.708737864078,"CURRENT_RATIO":6.112652792619,"COMMON_ACS":3000000000,"CURRENTDEBT_DEBT":96.86022808313,"ISSUED_COMMON_SHARES":1356639917,"HK_COMMON_SHARES":1356639917,"PER_SHARES":20000,"TOTAL_MARKET_CAP":1397339114.51,"HKSK_MARKET_CAP":1397339114.51,"PE_TTM":3.582636032803,"PB_TTM":0.36372236225,"REPORT_DATE_SQ":"2021-12-31 00:00:00","REPORT_TYPE_SQ":"2021年年报","OPERATE_INCOME_SQ":298185938.82,"DPS_HKD":0.1,"OPERATE_INCOME_QOQ_SQ":-40.497082217394,"NET_PROFIT_RATIO_SQ":-133.6459426749,"HOLDER_PROFIT_SQ":-398513408.86,"HOLDER_PROFIT_QOQ_SQ":-107.68022493758,"ROE_AVG_SQ":-10.502664916501,"PE_TTM_SQ":-4.34400481323,"PB_TTM_SQ":0.390317747616,"ROA_SQ":-9.904545309627,"START_DATE":"2022-07-01 00:00:00","FISCAL_YEAR":"6-30","CURRENCY":"HKD","IS_CNY_CODE":0,"DPS_HKD_LY":0.1,"ORG_TYPE":"一般企业","PREMIUM_INCOME":null,"PREMIUM_INCOME_YOY":null,"NET_INTEREST_INCOME":null,"NET_INTEREST_INCOME_YOY":null,"FEE_COMMISSION_INCOME":null,"FEE_COMMISSION_INCOME_YOY":null,"ACCOUNTS_RECE_TDAYS":null,"INVENTORY_TDAYS":2.148852615137,"CURRENT_ASSETS_TDAYS":0.218068554699,"TOTAL_ASSETS_TDAYS":0.10316013397,"PREMIUM_EXPENSE":null,"LOAN_DEPOSIT":null,"LOAN_EQUITY":null,"LOAN_ASSETS":null,"DEPOSIT_EQUITY":null,"DEPOSIT_ASSETS":null,"EQUITY_MULTIPLIER":1.088389551969,"EQUITY_RATIO":0.08938804972},{"SECUCODE":"01104.HK","SECURITY_CODE":"01104","SECURITY_NAME_ABBR":"亚太资源","ORG_CODE":"10010491","STD_REPORT_DATE":"2022-06-30 00:00:00","REPORT_DATE":"2022-12-31 00:00:00","DATE_TYPE_CODE":"002","REPORT_TYPE":"2022年中报","PER_NETCASH_OPERATE":-0.056460778131,"PER_OI":0.074708378205,"BPS":2.531391853657,"BASIC_EPS":-0.02947791,"DILUTED_EPS":-0.02947791,"OPERATE_INCOME":97306580.91,"OPERATE_INCOME_YOY":31.3759542675,"GROSS_PROFIT":4646790.54,"GROSS_PROFIT_YOY":-90.048933315777,"HOLDER_PROFIT":-38789356.48,"HOLDER_PROFIT_YOY":84.2283232061,"GROSS_PROFIT_RATIO":4.775412409463,"EPS_TTM":-0.306047294248,"OPERATE_INCOME_QOQ":6.67015855889,"NET_PROFIT_RATIO":-41.5402127913,"ROE_AVG":-1.100073808609,"GROSS_PROFIT_QOQ":-20.407329702817,"ROA":-0.982691890993,"HOLDER_PROFIT_QOQ":-359.442605567851,"ROE_YEARLY":-2.200147617218,"ROIC_YEARLY":-2.206871596629,"TOTAL_ASSETS":3899881042.96,"TOTAL_LIABILITIES":421858370.01,"TAX_EBT":17.556069743291,"OCF_SALES":-75.57489466002,"TOTAL_PARENT_EQUITY":3434187234.24,"DEBT_ASSET_RATIO":10.8172112268,"OPERATE_PROFIT":-45964101.12,"PRETAX_PROFIT":-49028910.49,"NETCASH_OPERATE":-73539346.02,"NETCASH_INVEST":149550370.13,"NETCASH_FINANCE":-60368079.87,"END_CASH":418884674.18,"DIVI_RATIO":-0.298215346828,"DIVIDEND_RATE":9.708737864078,"CURRENT_RATIO":4.632977614511,"COMMON_ACS":3000000000,"CURRENTDEBT_DEBT":96.492208790441,"ISSUED_COMMON_SHARES":1356639917,"HK_COMMON_SHARES":1356639917,"PER_SHARES":20000,"TOTAL_MARKET_CAP":1397339114.51,"HKSK_MARKET_CAP":1397339114.51,"PE_TTM":3.582636032803,"PB_TTM":0.36372236225,"REPORT_DATE_SQ":"2021-06-30 00:00:00","REPORT_TYPE_SQ":"2021年中报","OPERATE_INCOME_SQ":67792939.2,"DPS_HKD":0.1,"OPERATE_INCOME_QOQ_SQ":24.854768715755,"NET_PROFIT_RATIO_SQ":-332.0537404875,"HOLDER_PROFIT_SQ":-225108990.4,"HOLDER_PROFIT_QOQ_SQ":102.860544497923,"ROE_AVG_SQ":-6.013497383541,"PE_TTM_SQ":-4.34400481323,"PB_TTM_SQ":0.390317747616,"ROA_SQ":-5.675739162423,"START_DATE":"2022-07-01 00:00:00","FISCAL_YEAR":"6-30","CURRENCY":"HKD","IS_CNY_CODE":0,"DPS_HKD_LY":0.1,"ORG_TYPE":"一般企业","PREMIUM_INCOME":null,"PREMIUM_INCOME_YOY":null,"NET_INTEREST_INCOME":null,"NET_INTEREST_INCOME_YOY":null,"FEE_COMMISSION_INCOME":null,"FEE_COMMISSION_INCOME_YOY":null,"ACCOUNTS_RECE_TDAYS":4.143751069859,"INVENTORY_TDAYS":0.799989202988,"CURRENT_ASSETS_TDAYS":0.051917085555,"TOTAL_ASSETS_TDAYS":0.024651707756,"PREMIUM_EXPENSE":null,"LOAN_DEPOSIT":null,"LOAN_EQUITY":null,"LOAN_ASSETS":null,"DEPOSIT_EQUITY":null,"DEPOSIT_ASSETS":null,"EQUITY_MULTIPLIER":1.12129258768,"EQUITY_RATIO":0.122840818289},{"SECUCODE":"01104.HK","SECURITY_CODE":"01104","SECURITY_NAME_ABBR":"亚太资源","ORG_CODE":"10010491","STD_REPORT_DATE":"2021-12-31 00:00:00","REPORT_DATE":"2022-06-30 00:00:00","DATE_TYPE_CODE":"001","REPORT_TYPE":"2021年年报","PER_NETCASH_OPERATE":0.038780500673,"PER_OI":0.2289985675,"BPS":2.553158730984,"BASIC_EPS":-0.315992705,"DILUTED_EPS":-0.315992705,"OPERATE_INCOME":298185938.82,"OPERATE_INCOME_YOY":-38.2433581296,"GROSS_PROFIT":69351633.05,"GROSS_PROFIT_YOY":-18.790129764317,"HOLDER_PROFIT":-398513408.86,"HOLDER_PROFIT_YOY":-134.332677615,"GROSS_PROFIT_RATIO":23.257848215259,"EPS_TTM":-0.066612969195,"OPERATE_INCOME_QOQ":-40.497082217394,"NET_PROFIT_RATIO":-133.6459426749,"ROE_AVG":-10.502664916501,"GROSS_PROFIT_QOQ":2.031845309954,"ROA":-9.904545309627,"HOLDER_PROFIT_QOQ":-107.68022493758,"ROE_YEARLY":-10.502664916501,"ROIC_YEARLY":-10.912899189508,"TOTAL_ASSETS":3824338699.23,"TOTAL_LIABILITIES":360621650.34,"TAX_EBT":-4.468671325222,"OCF_SALES":16.93482238627,"TOTAL_PARENT_EQUITY":3463717048.89,"DEBT_ASSET_RATIO":9.4296472855,"OPERATE_PROFIT":-86285250.24,"PRETAX_PROFIT":-381466906.59,"NETCASH_OPERATE":50497259.12,"NETCASH_INVEST":-124915892.92,"NETCASH_FINANCE":106625089.2,"END_CASH":384039318.11,"DIVI_RATIO":-1.370123582589,"DIVIDEND_RATE":9.708737864078,"CURRENT_RATIO":5.220775058713,"COMMON_ACS":3000000000,"CURRENTDEBT_DEBT":94.715499210313,"ISSUED_COMMON_SHARES":1356639917,"HK_COMMON_SHARES":1356639917,"PER_SHARES":20000,"TOTAL_MARKET_CAP":1397339114.51,"HKSK_MARKET_CAP":1397339114.51,"PE_TTM":3.582636032803,"PB_TTM":0.36372236225,"REPORT_DATE_SQ":"2020-12-31 00:00:00","REPORT_TYPE_SQ":"2020年年报","OPERATE_INCOME_SQ":469792368,"DPS_HKD":0.1,"OPERATE_INCOME_QOQ_SQ":-5.635273342872,"NET_PROFIT_RATIO_SQ":240.398512221,"HOLDER_PROFIT_SQ":1129373863.2,"HOLDER_PROFIT_QOQ_SQ":241.937472935944,"ROE_AVG_SQ":32.866548070496,"PE_TTM_SQ":-4.34400481323,"PB_TTM_SQ":0.390317747616,"ROA_SQ":32.070501277466,"START_DATE":"2021-07-01 00:00:00","FISCAL_YEAR":"6-30","CURRENCY":"HKD","IS_CNY_CODE":0,"DPS_HKD_LY":0.1,"ORG_TYPE":"一般企业","PREMIUM_INCOME":null,"PREMIUM_INCOME_YOY":null,"NET_INTEREST_INCOME":null,"NET_INTEREST_INCOME_YOY":null,"FEE_COMMISSION_INCOME":null,"FEE_COMMISSION_INCOME_YOY":null,"ACCOUNTS_RECE_TDAYS":5.577286359819,"INVENTORY_TDAYS":4.307067032587,"CURRENT_ASSETS_TDAYS":0.163425869834,"TOTAL_ASSETS_TDAYS":0.074110332954,"PREMIUM_EXPENSE":null,"LOAN_DEPOSIT":null,"LOAN_EQUITY":null,"LOAN_ASSETS":null,"DEPOSIT_EQUITY":null,"DEPOSIT_ASSETS":null,"EQUITY_MULTIPLIER":1.104114061642,"EQUITY_RATIO":0.104114061642},{"SECUCODE":"01104.HK","SECURITY_CODE":"01104","SECURITY_NAME_ABBR":"亚太资源","ORG_CODE":"10010491","STD_REPORT_DATE":"2021-06-30 00:00:00","REPORT_DATE":"2021-12-31 00:00:00","DATE_TYPE_CODE":"002","REPORT_TYPE":"2021年中报","PER_NETCASH_OPERATE":-0.045291424109,"PER_OI":0.05206328693,"BPS":2.611615150935,"BASIC_EPS":-0.1847776,"DILUTED_EPS":-0.1847776,"OPERATE_INCOME":67792939.2,"OPERATE_INCOME_YOY":-72.9557922752,"GROSS_PROFIT":46696406.4,"GROSS_PROFIT_YOY":3.8592253174,"HOLDER_PROFIT":-225108990.4,"HOLDER_PROFIT_YOY":-123.3831606321,"GROSS_PROFIT_RATIO":68.880929121893,"EPS_TTM":0.926556323096,"OPERATE_INCOME_QOQ":24.854768715755,"NET_PROFIT_RATIO":-332.0537404875,"ROE_AVG":-6.013497383541,"GROSS_PROFIT_QOQ":39.738755669524,"ROA":-5.675739162423,"HOLDER_PROFIT_QOQ":102.860544497923,"ROE_YEARLY":-12.026994767083,"ROIC_YEARLY":-12.668037704262,"TOTAL_ASSETS":3895191932.8,"TOTAL_LIABILITIES":352170571.2,"TAX_EBT":-3.514925934281,"OCF_SALES":-86.993017113499,"TOTAL_PARENT_EQUITY":3543021361.6,"DEBT_ASSET_RATIO":9.0411609306,"OPERATE_PROFIT":-130274748.8,"PRETAX_PROFIT":-217465248,"NETCASH_OPERATE":-58975123.2,"NETCASH_INVEST":13605681.6,"NETCASH_FINANCE":177354609.6,"END_CASH":480677668.8,"DIVI_RATIO":0.098502376731,"DIVIDEND_RATE":9.708737864078,"CURRENT_RATIO":5.21401477815,"COMMON_ACS":3000000000,"CURRENTDEBT_DEBT":97.745724189006,"ISSUED_COMMON_SHARES":1356639917,"HK_COMMON_SHARES":1356639917,"PER_SHARES":20000,"TOTAL_MARKET_CAP":1397339114.51,"HKSK_MARKET_CAP":1397339114.51,"PE_TTM":3.582636032803,"PB_TTM":0.36372236225,"REPORT_DATE_SQ":"2020-06-30 00:00:00","REPORT_TYPE_SQ":"2020年中报","OPERATE_INCOME_SQ":258045140.72,"DPS_HKD":0.1,"OPERATE_INCOME_QOQ_SQ":27.995028220721,"NET_PROFIT_RATIO_SQ":384.0426225872,"HOLDER_PROFIT_SQ":991003325.88,"HOLDER_PROFIT_QOQ_SQ":-153.013526707391,"ROE_AVG_SQ":29.003839821898,"PE_TTM_SQ":-4.34400481323,"PB_TTM_SQ":0.390317747616,"ROA_SQ":28.47040373252,"START_DATE":"2021-07-01 00:00:00","FISCAL_YEAR":"6-30","CURRENCY":"HKD","IS_CNY_CODE":0,"DPS_HKD_LY":0.1,"ORG_TYPE":"一般企业","PREMIUM_INCOME":null,"PREMIUM_INCOME_YOY":null,"NET_INTEREST_INCOME":null,"NET_INTEREST_INCOME_YOY":null,"FEE_COMMISSION_INCOME":null,"FEE_COMMISSION_INCOME_YOY":null,"ACCOUNTS_RECE_TDAYS":0.961428977256,"INVENTORY_TDAYS":0.76785501726,"CURRENT_ASSETS_TDAYS":0.037886192012,"TOTAL_ASSETS_TDAYS":0.017092833088,"PREMIUM_EXPENSE":null,"LOAN_DEPOSIT":null,"LOAN_EQUITY":null,"LOAN_ASSETS":null,"DEPOSIT_EQUITY":null,"DEPOSIT_ASSETS":null,"EQUITY_MULTIPLIER":1.099398376487,"EQUITY_RATIO":0.099398376486},{"SECUCODE":"01104.HK","SECURITY_CODE":"01104","SECURITY_NAME_ABBR":"亚太资源","ORG_CODE":"10010491","STD_REPORT_DATE":"2020-12-31 00:00:00","REPORT_DATE":"2021-06-30 00:00:00","DATE_TYPE_CODE":"001","REPORT_TYPE":"2020年年报","PER_NETCASH_OPERATE":-0.038374582548,"PER_OI":0.385425148657,"BPS":2.958497102397,"BASIC_EPS":0.92652108,"DILUTED_EPS":0.92652108,"OPERATE_INCOME":469792368,"OPERATE_INCOME_YOY":29.3390786824,"GROSS_PROFIT":85398034.56,"GROSS_PROFIT_YOY":87.40093626855,"HOLDER_PROFIT":1129373863.2,"HOLDER_PROFIT_YOY":416.0891567556,"GROSS_PROFIT_RATIO":18.177825008856,"EPS_TTM":0.456745458014,"OPERATE_INCOME_QOQ":-5.635273342872,"NET_PROFIT_RATIO":240.398512221,"ROE_AVG":32.866548070496,"GROSS_PROFIT_QOQ":34.108061411213,"ROA":32.070501277466,"HOLDER_PROFIT_QOQ":241.937472935944,"ROE_YEARLY":32.866548070496,"ROIC_YEARLY":36.291244395377,"TOTAL_ASSETS":4108630478.64,"TOTAL_LIABILITIES":95015215.2,"TAX_EBT":0.780718875414,"OCF_SALES":-9.956429330499,"TOTAL_PARENT_EQUITY":4013615263.44,"DEBT_ASSET_RATIO":2.3125763121,"OPERATE_PROFIT":1028583180.72,"PRETAX_PROFIT":1138260477.6,"NETCASH_OPERATE":-46774545.12,"NETCASH_INVEST":26905306.8,"NETCASH_FINANCE":-104986861.92,"END_CASH":349797279.12,"DIVI_RATIO":0.19982245778,"DIVIDEND_RATE":9.708737864078,"CURRENT_RATIO":20.730840855107,"COMMON_ACS":3000000000,"CURRENTDEBT_DEBT":92.170943164901,"ISSUED_COMMON_SHARES":1356639917,"HK_COMMON_SHARES":1356639917,"PER_SHARES":20000,"TOTAL_MARKET_CAP":1397339114.51,"HKSK_MARKET_CAP":1397339114.51,"PE_TTM":3.582636032803,"PB_TTM":0.36372236225,"REPORT_DATE_SQ":"2019-12-31 00:00:00","REPORT_TYPE_SQ":"2019年年报","OPERATE_INCOME_SQ":398741222.88,"DPS_HKD":0.1,"OPERATE_INCOME_QOQ_SQ":224.2299925176,"NET_PROFIT_RATIO_SQ":-98.3675694745,"HOLDER_PROFIT_SQ":-392232049.44,"HOLDER_PROFIT_QOQ_SQ":38.238651664826,"ROE_AVG_SQ":-11.527087182454,"PE_TTM_SQ":-4.34400481323,"PB_TTM_SQ":0.390317747616,"ROA_SQ":-11.368596905546,"START_DATE":"2020-07-01 00:00:00","FISCAL_YEAR":"6-30","CURRENCY":"HKD","IS_CNY_CODE":0,"DPS_HKD_LY":0.1,"ORG_TYPE":"一般企业","PREMIUM_INCOME":null,"PREMIUM_INCOME_YOY":null,"NET_INTEREST_INCOME":null,"NET_INTEREST_INCOME_YOY":null,"FEE_COMMISSION_INCOME":null,"FEE_COMMISSION_INCOME_YOY":null,"ACCOUNTS_RECE_TDAYS":6.858683900436,"INVENTORY_TDAYS":6.508424908425,"CURRENT_ASSETS_TDAYS":0.298885927322,"TOTAL_ASSETS_TDAYS":0.133405573026,"PREMIUM_EXPENSE":null,"LOAN_DEPOSIT":null,"LOAN_EQUITY":null,"LOAN_ASSETS":null,"DEPOSIT_EQUITY":null,"DEPOSIT_ASSETS":null,"EQUITY_MULTIPLIER":1.023673224503,"EQUITY_RATIO":0.023673224503},{"SECUCODE":"01104.HK","SECURITY_CODE":"01104","SECURITY_NAME_ABBR":"亚太资源","ORG_CODE":"10010491","STD_REPORT_DATE":"2020-06-30 00:00:00","REPORT_DATE":"2020-12-31 00:00:00","DATE_TYPE_CODE":"002","REPORT_TYPE":"2020年中报","PER_NETCASH_OPERATE":0.025077392847,"PER_OI":0.211704347488,"BPS":2.905625420692,"BASIC_EPS":0.81302424,"DILUTED_EPS":0.81302424,"OPERATE_INCOME":258045140.72,"OPERATE_INCOME_YOY":-2.0929133456,"GROSS_PROFIT":44961250.44,"GROSS_PROFIT_YOY":52.834234672979,"HOLDER_PROFIT":991003325.88,"HOLDER_PROFIT_YOY":2408.5046549777,"GROSS_PROFIT_RATIO":17.423792718804,"EPS_TTM":-0.321793426758,"OPERATE_INCOME_QOQ":27.995028220721,"NET_PROFIT_RATIO":384.0426225872,"ROE_AVG":29.003839821898,"GROSS_PROFIT_QOQ":-15.389016876273,"ROA":28.47040373252,"HOLDER_PROFIT_QOQ":-153.013526707391,"ROE_YEARLY":58.007679643796,"ROIC_YEARLY":64.714025378777,"TOTAL_ASSETS":3993485011.4,"TOTAL_LIABILITIES":51597581.84,"TAX_EBT":0.147218078651,"OCF_SALES":11.845478444086,"TOTAL_PARENT_EQUITY":3941887429.56,"DEBT_ASSET_RATIO":1.2920439589,"OPERATE_PROFIT":864899563.04,"PRETAX_PROFIT":992464412.92,"NETCASH_OPERATE":30566681.52,"NETCASH_INVEST":-43437040.4,"NETCASH_FINANCE":-104397025.6,"END_CASH":361489429.84,"DIVI_RATIO":-0.283622946931,"DIVIDEND_RATE":9.708737864078,"CURRENT_RATIO":32.931469127506,"COMMON_ACS":3000000000,"CURRENTDEBT_DEBT":99.515544971128,"ISSUED_COMMON_SHARES":1356639917,"HK_COMMON_SHARES":1356639917,"PER_SHARES":20000,"TOTAL_MARKET_CAP":1397339114.51,"HKSK_MARKET_CAP":1397339114.51,"PE_TTM":3.582636032803,"PB_TTM":0.36372236225,"REPORT_DATE_SQ":"2019-06-30 00:00:00","REPORT_TYPE_SQ":"2019年中报","OPERATE_INCOME_SQ":280515298.56,"DPS_HKD":0.1,"OPERATE_INCOME_QOQ_SQ":-38.008399636812,"NET_PROFIT_RATIO_SQ":14.9892065195,"HOLDER_PROFIT_SQ":42047017.42,"HOLDER_PROFIT_QOQ_SQ":287.646607415358,"ROE_AVG_SQ":1.180099191788,"PE_TTM_SQ":-4.34400481323,"PB_TTM_SQ":0.390317747616,"ROA_SQ":1.168128330615,"START_DATE":"2020-07-01 00:00:00","FISCAL_YEAR":"6-30","CURRENCY":"HKD","IS_CNY_CODE":0,"DPS_HKD_LY":0.1,"ORG_TYPE":"一般企业","PREMIUM_INCOME":null,"PREMIUM_INCOME_YOY":null,"NET_INTEREST_INCOME":null,"NET_INTEREST_INCOME_YOY":null,"FEE_COMMISSION_INCOME":null,"FEE_COMMISSION_INCOME_YOY":null,"ACCOUNTS_RECE_TDAYS":9.831900974859,"INVENTORY_TDAYS":2.921700094629,"CURRENT_ASSETS_TDAYS":0.170085362217,"TOTAL_ASSETS_TDAYS":0.074133447847,"PREMIUM_EXPENSE":null,"LOAN_DEPOSIT":null,"LOAN_EQUITY":null,"LOAN_ASSETS":null,"DEPOSIT_EQUITY":null,"DEPOSIT_ASSETS":null,"EQUITY_MULTIPLIER":1.01308956249,"EQUITY_RATIO":0.013089562491},{"SECUCODE":"01104.HK","SECURITY_CODE":"01104","SECURITY_NAME_ABBR":"亚太资源","ORG_CODE":"10010491","STD_REPORT_DATE":"2019-12-31 00:00:00","REPORT_DATE":"2020-06-30 00:00:00","DATE_TYPE_CODE":"001","REPORT_TYPE":"2019年年报","PER_NETCASH_OPERATE":-0.065342498642,"PER_OI":0.327133656424,"BPS":2.313365853527,"BASIC_EPS":-0.321804912,"DILUTED_EPS":-0.321804912,"OPERATE_INCOME":398741222.88,"OPERATE_INCOME_YOY":299.6511851465,"GROSS_PROFIT":45569694.72,"GROSS_PROFIT_YOY":-9.763697175114,"HOLDER_PROFIT":-392232049.44,"HOLDER_PROFIT_YOY":-170.5750190654,"GROSS_PROFIT_RATIO":11.428388163848,"EPS_TTM":0.607002489258,"OPERATE_INCOME_QOQ":224.2299925176,"NET_PROFIT_RATIO":-98.3675694745,"ROE_AVG":-11.527087182454,"GROSS_PROFIT_QOQ":6.648450938021,"ROA":-11.368596905546,"HOLDER_PROFIT_QOQ":38.238651664826,"ROE_YEARLY":-11.527087182454,"ROIC_YEARLY":-13.906432017493,"TOTAL_ASSETS":3221365820.64,"TOTAL_LIABILITIES":82961361.12,"TAX_EBT":0.000232882008,"OCF_SALES":-19.974251306334,"TOTAL_PARENT_EQUITY":3138404459.52,"DEBT_ASSET_RATIO":2.5753474066,"OPERATE_PROFIT":-525873802.08,"PRETAX_PROFIT":-392232962.88,"NETCASH_OPERATE":-79645573.92,"NETCASH_INVEST":-32489233.92,"NETCASH_FINANCE":-115125410.4,"END_CASH":515215784.16,"DIVI_RATIO":0.15035852672,"DIVIDEND_RATE":9.708737864078,"CURRENT_RATIO":17.722335724279,"COMMON_ACS":3000000000,"CURRENTDEBT_DEBT":99.16210651487,"ISSUED_COMMON_SHARES":1356639917,"HK_COMMON_SHARES":1356639917,"PER_SHARES":20000,"TOTAL_MARKET_CAP":1397339114.51,"HKSK_MARKET_CAP":1397339114.51,"PE_TTM":3.582636032803,"PB_TTM":0.36372236225,"REPORT_DATE_SQ":"2018-12-31 00:00:00","REPORT_TYPE_SQ":"2018年年报","OPERATE_INCOME_SQ":96082622.82,"DPS_HKD":0.1,"OPERATE_INCOME_QOQ_SQ":17.753647793593,"NET_PROFIT_RATIO_SQ":557.0344328783,"HOLDER_PROFIT_SQ":535213293.12,"HOLDER_PROFIT_QOQ_SQ":-203.105302403686,"ROE_AVG_SQ":17.219421886336,"PE_TTM_SQ":-4.34400481323,"PB_TTM_SQ":0.390317747616,"ROA_SQ":17.045243159289,"START_DATE":"2019-07-01 00:00:00","FISCAL_YEAR":"6-30","CURRENCY":"HKD","IS_CNY_CODE":0,"DPS_HKD_LY":0.1,"ORG_TYPE":"一般企业","PREMIUM_INCOME":null,"PREMIUM_INCOME_YOY":null,"NET_INTEREST_INCOME":null,"NET_INTEREST_INCOME_YOY":null,"FEE_COMMISSION_INCOME":null,"FEE_COMMISSION_INCOME_YOY":null,"ACCOUNTS_RECE_TDAYS":12.536674325101,"INVENTORY_TDAYS":4.768670062532,"CURRENT_ASSETS_TDAYS":0.259933350423,"TOTAL_ASSETS_TDAYS":0.115572611647,"PREMIUM_EXPENSE":null,"LOAN_DEPOSIT":null,"LOAN_EQUITY":null,"LOAN_ASSETS":null,"DEPOSIT_EQUITY":null,"DEPOSIT_ASSETS":null,"EQUITY_MULTIPLIER":1.026434247781,"EQUITY_RATIO":0.026434247781}],"count":47},"success":true,"message":"ok","code":0}