{"version":"4e6aabba1cd22c5a24b158e93028ef8c","result":{"pages":7,"data":[{"SECUCODE":"01102.HK","SECURITY_CODE":"01102","SECURITY_NAME_ABBR":"环能国际","ORG_CODE":"10010762","STD_REPORT_DATE":"2024-06-30 00:00:00","REPORT_DATE":"2024-06-30 00:00:00","DATE_TYPE_CODE":"002","REPORT_TYPE":"2024年中报","PER_NETCASH_OPERATE":-0.008811754612,"PER_OI":0.144173671783,"BPS":-0.029602473616,"BASIC_EPS":-0.123941944,"DILUTED_EPS":-0.123941944,"OPERATE_INCOME":207521527.68,"OPERATE_INCOME_YOY":-6.2088537628,"GROSS_PROFIT":14152928.76,"GROSS_PROFIT_YOY":-24.269456846552,"HOLDER_PROFIT":-84319767.16,"HOLDER_PROFIT_YOY":-3595.48,"GROSS_PROFIT_RATIO":6.819981000633,"EPS_TTM":-0.079486810757,"OPERATE_INCOME_QOQ":-3.32023720862,"NET_PROFIT_RATIO":-38.676025614,"ROE_AVG":146.22129370242,"GROSS_PROFIT_QOQ":-12.134736637105,"ROA":-28.887547840008,"HOLDER_PROFIT_QOQ":-253.152739921904,"ROE_YEARLY":292.44258740484,"ROIC_YEARLY":-66.486154864733,"TOTAL_ASSETS":305773355.04,"TOTAL_LIABILITIES":330008659.76,"TAX_EBT":-4.399648597953,"OCF_SALES":-6.11190275139,"TOTAL_PARENT_EQUITY":-42609378.48,"DEBT_ASSET_RATIO":107.9259047005,"OPERATE_PROFIT":3687227.2,"PRETAX_PROFIT":-76878687.12,"NETCASH_OPERATE":-12683513.96,"NETCASH_INVEST":177059.92,"NETCASH_FINANCE":5804644.8,"END_CASH":18116698,"DIVI_RATIO":null,"DIVIDEND_RATE":null,"CURRENT_RATIO":0.702585546585,"COMMON_ACS":10000000000,"CURRENTDEBT_DEBT":97.487706799564,"ISSUED_COMMON_SHARES":1439385743,"HK_COMMON_SHARES":1439385743,"PER_SHARES":2000,"TOTAL_MARKET_CAP":87802530.323,"HKSK_MARKET_CAP":87802530.323,"PE_TTM":-0.698858857844,"PB_TTM":-1.880703643983,"REPORT_DATE_SQ":"2023-06-30 00:00:00","REPORT_TYPE_SQ":"2023年中报","OPERATE_INCOME_SQ":223513767.44,"DPS_HKD":null,"OPERATE_INCOME_QOQ_SQ":92.819386644716,"NET_PROFIT_RATIO_SQ":1.3835035557,"HOLDER_PROFIT_SQ":-2304950,"HOLDER_PROFIT_QOQ_SQ":1.733787555392,"ROE_AVG_SQ":5.44798805801,"PE_TTM_SQ":-0.230138894547,"PB_TTM_SQ":-1.232238442163,"ROA_SQ":-0.677064573002,"START_DATE":"2024-01-01 00:00:00","FISCAL_YEAR":"12-31","CURRENCY":"HKD","IS_CNY_CODE":0,"DPS_HKD_LY":null,"ORG_TYPE":"一般企业","PREMIUM_INCOME":null,"PREMIUM_INCOME_YOY":null,"NET_INTEREST_INCOME":null,"NET_INTEREST_INCOME_YOY":null,"FEE_COMMISSION_INCOME":null,"FEE_COMMISSION_INCOME_YOY":null,"ACCOUNTS_RECE_TDAYS":5.979644970414,"INVENTORY_TDAYS":10.162070123267,"CURRENT_ASSETS_TDAYS":0.992637380628,"TOTAL_ASSETS_TDAYS":0.710958801311,"PREMIUM_EXPENSE":null,"LOAN_DEPOSIT":null,"LOAN_EQUITY":null,"LOAN_ASSETS":null,"DEPOSIT_EQUITY":null,"DEPOSIT_ASSETS":null,"EQUITY_MULTIPLIER":-12.616856217523,"EQUITY_RATIO":-7.744977080924},{"SECUCODE":"01102.HK","SECURITY_CODE":"01102","SECURITY_NAME_ABBR":"环能国际","ORG_CODE":"10010762","STD_REPORT_DATE":"2023-12-31 00:00:00","REPORT_DATE":"2023-12-31 00:00:00","DATE_TYPE_CODE":"001","REPORT_TYPE":"2023年年报","PER_NETCASH_OPERATE":0.012068069887,"PER_OI":0.888028162396,"BPS":-0.050165572329,"BASIC_EPS":-0.059719898,"DILUTED_EPS":-0.059719898,"OPERATE_INCOME":481659554.88,"OPERATE_INCOME_YOY":97.1622208126,"GROSS_PROFIT":37377043.9,"GROSS_PROFIT_YOY":149.927971521236,"HOLDER_PROFIT":-32397365,"HOLDER_PROFIT_YOY":86.0910095398,"GROSS_PROFIT_RATIO":7.76005448689,"EPS_TTM":-0.059730513422,"OPERATE_INCOME_QOQ":3.734662503124,"NET_PROFIT_RATIO":-4.5692976911,"ROE_AVG":57.49483350622,"GROSS_PROFIT_QOQ":11.096839213361,"ROA":-10.232865674675,"HOLDER_PROFIT_QOQ":85.640401856171,"ROE_YEARLY":57.49483350622,"ROIC_YEARLY":-11.132649804206,"TOTAL_ASSETS":276038236.88,"TOTAL_LIABILITIES":333931195.36,"TAX_EBT":-64.483576024382,"OCF_SALES":1.358973780066,"TOTAL_PARENT_EQUITY":-72207609.6,"DEBT_ASSET_RATIO":120.9728040341,"OPERATE_PROFIT":-2504792.08,"PRETAX_PROFIT":-13380338.3,"NETCASH_OPERATE":6545627.06,"NETCASH_INVEST":242866.96,"NETCASH_FINANCE":10941700.28,"END_CASH":25398627.94,"DIVI_RATIO":null,"DIVIDEND_RATE":null,"CURRENT_RATIO":0.5773456338,"COMMON_ACS":10000000000,"CURRENTDEBT_DEBT":98.928323310393,"ISSUED_COMMON_SHARES":1439385743,"HK_COMMON_SHARES":1439385743,"PER_SHARES":2000,"TOTAL_MARKET_CAP":93560073.295,"HKSK_MARKET_CAP":93560073.295,"PE_TTM":-0.744685668195,"PB_TTM":-2.004028473097,"REPORT_DATE_SQ":"2022-12-31 00:00:00","REPORT_TYPE_SQ":"2022年年报","OPERATE_INCOME_SQ":240805046.79,"DPS_HKD":null,"OPERATE_INCOME_QOQ_SQ":222.534601662857,"NET_PROFIT_RATIO_SQ":-93.6296494137,"HOLDER_PROFIT_SQ":-229595401.56,"HOLDER_PROFIT_QOQ_SQ":24.007745344235,"ROE_AVG_SQ":-291.350551748763,"PE_TTM_SQ":-0.204328925065,"PB_TTM_SQ":-1.094043476687,"ROA_SQ":-54.143244891446,"START_DATE":"2023-01-01 00:00:00","FISCAL_YEAR":"12-31","CURRENCY":"HKD","IS_CNY_CODE":0,"DPS_HKD_LY":null,"ORG_TYPE":"一般企业","PREMIUM_INCOME":null,"PREMIUM_INCOME_YOY":null,"NET_INTEREST_INCOME":null,"NET_INTEREST_INCOME_YOY":null,"FEE_COMMISSION_INCOME":null,"FEE_COMMISSION_INCOME_YOY":null,"ACCOUNTS_RECE_TDAYS":8.236413506687,"INVENTORY_TDAYS":26.896667123851,"CURRENT_ASSETS_TDAYS":2.223247506447,"TOTAL_ASSETS_TDAYS":1.521345185329,"PREMIUM_EXPENSE":null,"LOAN_DEPOSIT":null,"LOAN_EQUITY":null,"LOAN_ASSETS":null,"DEPOSIT_EQUITY":null,"DEPOSIT_ASSETS":null,"EQUITY_MULTIPLIER":-4.768079644353,"EQUITY_RATIO":-4.624598393574},{"SECUCODE":"01102.HK","SECURITY_CODE":"01102","SECURITY_NAME_ABBR":"环能国际","ORG_CODE":"10010762","STD_REPORT_DATE":"2023-06-30 00:00:00","REPORT_DATE":"2023-06-30 00:00:00","DATE_TYPE_CODE":"002","REPORT_TYPE":"2023年中报","PER_NETCASH_OPERATE":0.016753623601,"PER_OI":0.41208882531,"BPS":-0.03016801733,"BASIC_EPS":-0.004241108,"DILUTED_EPS":-0.004241108,"OPERATE_INCOME":223513767.44,"OPERATE_INCOME_YOY":null,"GROSS_PROFIT":18688534.6,"GROSS_PROFIT_YOY":null,"HOLDER_PROFIT":-2304950,"HOLDER_PROFIT_YOY":65.9863945578,"GROSS_PROFIT_RATIO":8.361245400696,"EPS_TTM":-0.415962291029,"OPERATE_INCOME_QOQ":92.819386644716,"NET_PROFIT_RATIO":1.3835035557,"ROE_AVG":5.44798805801,"GROSS_PROFIT_QOQ":124.964070346998,"ROA":-0.677064573002,"HOLDER_PROFIT_QOQ":1.733787555392,"ROE_YEARLY":10.89597611602,"ROIC_YEARLY":-1.443668071837,"TOTAL_ASSETS":317490266.86,"TOTAL_LIABILITIES":351650547.84,"TAX_EBT":59.09257226491,"OCF_SALES":4.065536984177,"TOTAL_PARENT_EQUITY":-43423414.04,"DEBT_ASSET_RATIO":110.7594734534,"OPERATE_PROFIT":12207015.2,"PRETAX_PROFIT":7559314.02,"NETCASH_OPERATE":9087034.88,"NETCASH_INVEST":52552.86,"NETCASH_FINANCE":4609900,"END_CASH":21301425.92,"DIVI_RATIO":null,"DIVIDEND_RATE":null,"CURRENT_RATIO":0.585997147412,"COMMON_ACS":10000000000,"CURRENTDEBT_DEBT":100,"ISSUED_COMMON_SHARES":1439385743,"HK_COMMON_SHARES":1439385743,"PER_SHARES":2000,"TOTAL_MARKET_CAP":93560073.295,"HKSK_MARKET_CAP":93560073.295,"PE_TTM":-0.744685668195,"PB_TTM":-2.004028473097,"REPORT_DATE_SQ":"2022-06-30 00:00:00","REPORT_TYPE_SQ":"2022年中报","OPERATE_INCOME_SQ":null,"DPS_HKD":null,"OPERATE_INCOME_QOQ_SQ":-71.627149359059,"NET_PROFIT_RATIO_SQ":null,"HOLDER_PROFIT_SQ":-6285646.5,"HOLDER_PROFIT_QOQ_SQ":-3.286939763208,"ROE_AVG_SQ":-3.428179636613,"PE_TTM_SQ":-0.204328925065,"PB_TTM_SQ":-1.094043476687,"ROA_SQ":-1.35550084373,"START_DATE":"2023-01-01 00:00:00","FISCAL_YEAR":"12-31","CURRENCY":"HKD","IS_CNY_CODE":0,"DPS_HKD_LY":null,"ORG_TYPE":"一般企业","PREMIUM_INCOME":null,"PREMIUM_INCOME_YOY":null,"NET_INTEREST_INCOME":null,"NET_INTEREST_INCOME_YOY":null,"FEE_COMMISSION_INCOME":null,"FEE_COMMISSION_INCOME_YOY":null,"ACCOUNTS_RECE_TDAYS":3.268302876287,"INVENTORY_TDAYS":10.553573549322,"CURRENT_ASSETS_TDAYS":0.987140960804,"TOTAL_ASSETS_TDAYS":0.656557641215,"PREMIUM_EXPENSE":null,"LOAN_DEPOSIT":null,"LOAN_EQUITY":null,"LOAN_ASSETS":null,"DEPOSIT_EQUITY":null,"DEPOSIT_ASSETS":null,"EQUITY_MULTIPLIER":-9.294135111082,"EQUITY_RATIO":-8.098178266593},{"SECUCODE":"01102.HK","SECURITY_CODE":"01102","SECURITY_NAME_ABBR":"环能国际","ORG_CODE":"10010762","STD_REPORT_DATE":"2022-12-31 00:00:00","REPORT_DATE":"2022-12-31 00:00:00","DATE_TYPE_CODE":"001","REPORT_TYPE":"2022年年报","PER_NETCASH_OPERATE":-0.013391007976,"PER_OI":0.443968485687,"BPS":-0.027727390329,"BASIC_EPS":-0.423320653,"DILUTED_EPS":-0.423320653,"OPERATE_INCOME":240805046.79,"OPERATE_INCOME_YOY":-16.2398553336,"GROSS_PROFIT":14955126.34,"GROSS_PROFIT_YOY":14.91076161733,"HOLDER_PROFIT":-229595401.56,"HOLDER_PROFIT_YOY":28.1589164079,"GROSS_PROFIT_RATIO":6.210470477823,"EPS_TTM":-0.423301438695,"OPERATE_INCOME_QOQ":222.534601662857,"NET_PROFIT_RATIO":-93.6296494137,"ROE_AVG":-291.350551748763,"GROSS_PROFIT_QOQ":134.54523739209,"ROA":-54.143244891446,"HOLDER_PROFIT_QOQ":24.007745344235,"ROE_YEARLY":-291.350551748763,"ROIC_YEARLY":-55.400651802804,"TOTAL_ASSETS":352060038.75,"TOTAL_LIABILITIES":387943587.92,"TAX_EBT":-1.481591675747,"OCF_SALES":-3.016206872248,"TOTAL_PARENT_EQUITY":-39910410.33,"DEBT_ASSET_RATIO":110.1924516334,"OPERATE_PROFIT":-212607192.7,"PRETAX_PROFIT":-222173221.13,"NETCASH_OPERATE":-7263178.37,"NETCASH_INVEST":-41983.69,"NETCASH_FINANCE":6584293.17,"END_CASH":7273897.61,"DIVI_RATIO":null,"DIVIDEND_RATE":null,"CURRENT_RATIO":0.616326192274,"COMMON_ACS":10000000000,"CURRENTDEBT_DEBT":100,"ISSUED_COMMON_SHARES":1439385743,"HK_COMMON_SHARES":1439385743,"PER_SHARES":2000,"TOTAL_MARKET_CAP":93560073.295,"HKSK_MARKET_CAP":93560073.295,"PE_TTM":-0.744685668195,"PB_TTM":-2.004028473097,"REPORT_DATE_SQ":"2021-12-31 00:00:00","REPORT_TYPE_SQ":"2021年年报","OPERATE_INCOME_SQ":263139654.4,"DPS_HKD":null,"OPERATE_INCOME_QOQ_SQ":15.206045758954,"NET_PROFIT_RATIO_SQ":-111.1634829296,"HOLDER_PROFIT_SQ":-292515204.8,"HOLDER_PROFIT_QOQ_SQ":-2629.28723844309,"ROE_AVG_SQ":-90.480381371471,"PE_TTM_SQ":-0.204328925065,"PB_TTM_SQ":-1.094043476687,"ROA_SQ":-49.879891644557,"START_DATE":"2022-01-01 00:00:00","FISCAL_YEAR":"12-31","CURRENCY":"HKD","IS_CNY_CODE":0,"DPS_HKD_LY":null,"ORG_TYPE":"一般企业","PREMIUM_INCOME":null,"PREMIUM_INCOME_YOY":null,"NET_INTEREST_INCOME":null,"NET_INTEREST_INCOME_YOY":null,"FEE_COMMISSION_INCOME":null,"FEE_COMMISSION_INCOME_YOY":null,"ACCOUNTS_RECE_TDAYS":5.188663266288,"INVENTORY_TDAYS":12.500494413132,"CURRENT_ASSETS_TDAYS":0.829998891598,"TOTAL_ASSETS_TDAYS":0.56786706227,"PREMIUM_EXPENSE":null,"LOAN_DEPOSIT":null,"LOAN_EQUITY":null,"LOAN_ASSETS":null,"DEPOSIT_EQUITY":null,"DEPOSIT_ASSETS":null,"EQUITY_MULTIPLIER":-9.811182196078,"EQUITY_RATIO":-9.7203607959},{"SECUCODE":"01102.HK","SECURITY_CODE":"01102","SECURITY_NAME_ABBR":"环能国际","ORG_CODE":"10010762","STD_REPORT_DATE":"2022-06-30 00:00:00","REPORT_DATE":"2022-06-30 00:00:00","DATE_TYPE_CODE":"002","REPORT_TYPE":"2022年中报","PER_NETCASH_OPERATE":-0.020106083272,"PER_OI":null,"BPS":0.12339063052,"BASIC_EPS":-0.011630584,"DILUTED_EPS":-0.011630584,"OPERATE_INCOME":null,"OPERATE_INCOME_YOY":null,"GROSS_PROFIT":null,"GROSS_PROFIT_YOY":null,"HOLDER_PROFIT":-6285646.5,"HOLDER_PROFIT_YOY":-283.7040739815,"GROSS_PROFIT_RATIO":null,"EPS_TTM":-0.557032345747,"OPERATE_INCOME_QOQ":-71.627149359059,"NET_PROFIT_RATIO":null,"ROE_AVG":-3.428179636613,"GROSS_PROFIT_QOQ":-51.006994260458,"ROA":-1.35550084373,"HOLDER_PROFIT_QOQ":-3.286939763208,"ROE_YEARLY":-6.856359273226,"ROIC_YEARLY":-2.73612070201,"TOTAL_ASSETS":452530630.02,"TOTAL_LIABILITIES":274923915.63,"TAX_EBT":2.674788135593,"OCF_SALES":null,"TOTAL_PARENT_EQUITY":177606714.39,"DEBT_ASSET_RATIO":60.7525540576,"OPERATE_PROFIT":-6197561.93,"PRETAX_PROFIT":-6458394.88,"NETCASH_OPERATE":-10905382.88,"NETCASH_INVEST":855.19,"NETCASH_FINANCE":3439574.18,"END_CASH":904791.02,"DIVI_RATIO":null,"DIVIDEND_RATE":null,"CURRENT_RATIO":3.232744280885,"COMMON_ACS":10000000000,"CURRENTDEBT_DEBT":34.782581646588,"ISSUED_COMMON_SHARES":1439385743,"HK_COMMON_SHARES":1439385743,"PER_SHARES":2000,"TOTAL_MARKET_CAP":93560073.295,"HKSK_MARKET_CAP":93560073.295,"PE_TTM":-0.744685668195,"PB_TTM":-2.004028473097,"REPORT_DATE_SQ":"2021-06-30 00:00:00","REPORT_TYPE_SQ":"2021年中报","OPERATE_INCOME_SQ":188479433.28,"DPS_HKD":null,"OPERATE_INCOME_QOQ_SQ":402.061390388941,"NET_PROFIT_RATIO_SQ":1.7663211429,"HOLDER_PROFIT_SQ":3329152.08,"HOLDER_PROFIT_QOQ_SQ":50.596546363281,"ROE_AVG_SQ":0.697321994226,"PE_TTM_SQ":-0.204328925065,"PB_TTM_SQ":-1.094043476687,"ROA_SQ":0.423629662335,"START_DATE":"2022-01-01 00:00:00","FISCAL_YEAR":"12-31","CURRENCY":"HKD","IS_CNY_CODE":0,"DPS_HKD_LY":null,"ORG_TYPE":"一般企业","PREMIUM_INCOME":null,"PREMIUM_INCOME_YOY":null,"NET_INTEREST_INCOME":null,"NET_INTEREST_INCOME_YOY":null,"FEE_COMMISSION_INCOME":null,"FEE_COMMISSION_INCOME_YOY":null,"ACCOUNTS_RECE_TDAYS":null,"INVENTORY_TDAYS":null,"CURRENT_ASSETS_TDAYS":null,"TOTAL_ASSETS_TDAYS":null,"PREMIUM_EXPENSE":null,"LOAN_DEPOSIT":null,"LOAN_EQUITY":null,"LOAN_ASSETS":null,"DEPOSIT_EQUITY":null,"DEPOSIT_ASSETS":null,"EQUITY_MULTIPLIER":2.547936498766,"EQUITY_RATIO":1.547936498765},{"SECUCODE":"01102.HK","SECURITY_CODE":"01102","SECURITY_NAME_ABBR":"环能国际","ORG_CODE":"10010762","STD_REPORT_DATE":"2021-12-31 00:00:00","REPORT_DATE":"2021-12-31 00:00:00","DATE_TYPE_CODE":"001","REPORT_TYPE":"2021年年报","PER_NETCASH_OPERATE":-0.007642499185,"PER_OI":0.485146451228,"BPS":0.125599463298,"BASIC_EPS":-0.53928896,"DILUTED_EPS":-0.53928896,"OPERATE_INCOME":263139654.4,"OPERATE_INCOME_YOY":495.411995412,"GROSS_PROFIT":13014556.8,"GROSS_PROFIT_YOY":2481.52415520092,"HOLDER_PROFIT":-292515204.8,"HOLDER_PROFIT_YOY":-1288.0082247052,"GROSS_PROFIT_RATIO":4.945874398777,"EPS_TTM":-0.539305692495,"OPERATE_INCOME_QOQ":15.206045758954,"NET_PROFIT_RATIO":-111.1634829296,"ROE_AVG":-90.480381371471,"GROSS_PROFIT_QOQ":90.013991521271,"ROA":-49.879891644557,"HOLDER_PROFIT_QOQ":-2629.28723844309,"ROE_YEARLY":-90.480381371471,"ROIC_YEARLY":-50.333388904013,"TOTAL_ASSETS":454023091.2,"TOTAL_LIABILITIES":273237014.4,"TAX_EBT":-0.257247341357,"OCF_SALES":-1.575297349026,"TOTAL_PARENT_EQUITY":180786076.8,"DEBT_ASSET_RATIO":60.1813034834,"OPERATE_PROFIT":-286313708.8,"PRETAX_PROFIT":-291764648,"NETCASH_OPERATE":-4145232,"NETCASH_INVEST":5723.2,"NETCASH_FINANCE":7972417.6,"END_CASH":7275004.8,"DIVI_RATIO":null,"DIVIDEND_RATE":null,"CURRENT_RATIO":3.253810436635,"COMMON_ACS":10000000000,"CURRENTDEBT_DEBT":35.12181547245,"ISSUED_COMMON_SHARES":1439385743,"HK_COMMON_SHARES":1439385743,"PER_SHARES":2000,"TOTAL_MARKET_CAP":93560073.295,"HKSK_MARKET_CAP":93560073.295,"PE_TTM":-0.744685668195,"PB_TTM":-2.004028473097,"REPORT_DATE_SQ":"2020-12-31 00:00:00","REPORT_TYPE_SQ":"2020年年报","OPERATE_INCOME_SQ":45494008.56,"DPS_HKD":null,"OPERATE_INCOME_QOQ_SQ":186.85254248898,"NET_PROFIT_RATIO_SQ":-47.6856476856,"HOLDER_PROFIT_SQ":-21694112.64,"HOLDER_PROFIT_QOQ_SQ":-6.346330241371,"ROE_AVG_SQ":-4.652770569999,"PE_TTM_SQ":-0.204328925065,"PB_TTM_SQ":-1.094043476687,"ROA_SQ":-3.049705009427,"START_DATE":"2021-01-01 00:00:00","FISCAL_YEAR":"12-31","CURRENCY":"HKD","IS_CNY_CODE":0,"DPS_HKD_LY":null,"ORG_TYPE":"一般企业","PREMIUM_INCOME":null,"PREMIUM_INCOME_YOY":null,"NET_INTEREST_INCOME":null,"NET_INTEREST_INCOME_YOY":null,"FEE_COMMISSION_INCOME":null,"FEE_COMMISSION_INCOME_YOY":null,"ACCOUNTS_RECE_TDAYS":25.413083816969,"INVENTORY_TDAYS":null,"CURRENT_ASSETS_TDAYS":0.596786545397,"TOTAL_ASSETS_TDAYS":0.448707528138,"PREMIUM_EXPENSE":null,"LOAN_DEPOSIT":null,"LOAN_EQUITY":null,"LOAN_ASSETS":null,"DEPOSIT_EQUITY":null,"DEPOSIT_ASSETS":null,"EQUITY_MULTIPLIER":2.511383062434,"EQUITY_RATIO":1.511383062437},{"SECUCODE":"01102.HK","SECURITY_CODE":"01102","SECURITY_NAME_ABBR":"环能国际","ORG_CODE":"10010762","STD_REPORT_DATE":"2021-06-30 00:00:00","REPORT_DATE":"2021-06-30 00:00:00","DATE_TYPE_CODE":"002","REPORT_TYPE":"2021年中报","PER_NETCASH_OPERATE":-0.130871925894,"PER_OI":0.347496573232,"BPS":0.334026719396,"BASIC_EPS":0.0062406,"DILUTED_EPS":0.0062406,"OPERATE_INCOME":188479433.28,"OPERATE_INCOME_YOY":3617.6431971114,"GROSS_PROFIT":6638334.24,"GROSS_PROFIT_YOY":2163.98766990307,"HOLDER_PROFIT":3329152.08,"HOLDER_PROFIT_YOY":147.790253225,"GROSS_PROFIT_RATIO":3.522047007717,"EPS_TTM":-0.019759946293,"OPERATE_INCOME_QOQ":402.061390388941,"NET_PROFIT_RATIO":1.7663211429,"ROE_AVG":0.697321994226,"GROSS_PROFIT_QOQ":1258.59687727887,"ROA":0.423629662335,"HOLDER_PROFIT_QOQ":50.596546363281,"ROE_YEARLY":1.394643988452,"ROIC_YEARLY":0.856297780175,"TOTAL_ASSETS":840141191.04,"TOTAL_LIABILITIES":359347893.36,"TAX_EBT":1.38033029332,"OCF_SALES":-37.661357255117,"TOTAL_PARENT_EQUITY":480793297.68,"DEBT_ASSET_RATIO":42.7723217469,"OPERATE_PROFIT":4108811.04,"PRETAX_PROFIT":3375748.56,"NETCASH_OPERATE":-70983912.72,"NETCASH_INVEST":832.08,"NETCASH_FINANCE":80129304,"END_CASH":13239224.88,"DIVI_RATIO":null,"DIVIDEND_RATE":null,"CURRENT_RATIO":3.767584670313,"COMMON_ACS":10000000000,"CURRENTDEBT_DEBT":50.716076940354,"ISSUED_COMMON_SHARES":1439385743,"HK_COMMON_SHARES":1439385743,"PER_SHARES":2000,"TOTAL_MARKET_CAP":93560073.295,"HKSK_MARKET_CAP":93560073.295,"PE_TTM":-0.744685668195,"PB_TTM":-2.004028473097,"REPORT_DATE_SQ":"2020-06-30 00:00:00","REPORT_TYPE_SQ":"2020年中报","OPERATE_INCOME_SQ":5565589.92,"DPS_HKD":null,"OPERATE_INCOME_QOQ_SQ":-68.874836122083,"NET_PROFIT_RATIO_SQ":-137.4035778763,"HOLDER_PROFIT_SQ":-7647319.68,"HOLDER_PROFIT_QOQ_SQ":9.220747350853,"ROE_AVG_SQ":-1.582809164866,"PE_TTM_SQ":-0.204328925065,"PB_TTM_SQ":-1.094043476687,"ROA_SQ":-1.038188650981,"START_DATE":"2021-01-01 00:00:00","FISCAL_YEAR":"12-31","CURRENCY":"HKD","IS_CNY_CODE":0,"DPS_HKD_LY":null,"ORG_TYPE":"一般企业","PREMIUM_INCOME":null,"PREMIUM_INCOME_YOY":null,"NET_INTEREST_INCOME":null,"NET_INTEREST_INCOME_YOY":null,"FEE_COMMISSION_INCOME":null,"FEE_COMMISSION_INCOME_YOY":null,"ACCOUNTS_RECE_TDAYS":3.360846309636,"INVENTORY_TDAYS":16.765477560414,"CURRENT_ASSETS_TDAYS":0.297680555473,"TOTAL_ASSETS_TDAYS":0.239837282163,"PREMIUM_EXPENSE":null,"LOAN_DEPOSIT":null,"LOAN_EQUITY":null,"LOAN_ASSETS":null,"DEPOSIT_EQUITY":null,"DEPOSIT_ASSETS":null,"EQUITY_MULTIPLIER":1.747406203651,"EQUITY_RATIO":0.747406203651},{"SECUCODE":"01102.HK","SECURITY_CODE":"01102","SECURITY_NAME_ABBR":"环能国际","ORG_CODE":"10010762","STD_REPORT_DATE":"2020-12-31 00:00:00","REPORT_DATE":"2020-12-31 00:00:00","DATE_TYPE_CODE":"001","REPORT_TYPE":"2020年年报","PER_NETCASH_OPERATE":-0.027979035547,"PER_OI":0.083876589621,"BPS":0.333122938039,"BASIC_EPS":-0.04544856,"DILUTED_EPS":-0.04544856,"OPERATE_INCOME":45494008.56,"OPERATE_INCOME_YOY":-4.9733663836,"GROSS_PROFIT":504142.36,"GROSS_PROFIT_YOY":13.238847225217,"HOLDER_PROFIT":-21694112.64,"HOLDER_PROFIT_YOY":-2.7505381488,"GROSS_PROFIT_RATIO":1.108151108151,"EPS_TTM":-0.039997095017,"OPERATE_INCOME_QOQ":186.85254248898,"NET_PROFIT_RATIO":-47.6856476856,"ROE_AVG":-4.652770569999,"GROSS_PROFIT_QOQ":142.687708654526,"ROA":-3.049705009427,"HOLDER_PROFIT_QOQ":-6.346330241371,"ROE_YEARLY":-4.652770569999,"ROIC_YEARLY":-3.060775560344,"TOTAL_ASSETS":739991770.64,"TOTAL_LIABILITIES":260499362.96,"TAX_EBT":null,"OCF_SALES":-33.357383357383,"TOTAL_PARENT_EQUITY":479492407.68,"DEBT_ASSET_RATIO":35.2030081003,"OPERATE_PROFIT":-3351410.48,"PRETAX_PROFIT":-21694112.64,"NETCASH_OPERATE":-15175610.84,"NETCASH_INVEST":-26090.84,"NETCASH_FINANCE":16190628.68,"END_CASH":3389284.28,"DIVI_RATIO":null,"DIVIDEND_RATE":null,"CURRENT_RATIO":7.037893099233,"COMMON_ACS":10000000000,"CURRENTDEBT_DEBT":31.982075124227,"ISSUED_COMMON_SHARES":1439385743,"HK_COMMON_SHARES":1439385743,"PER_SHARES":2000,"TOTAL_MARKET_CAP":93560073.295,"HKSK_MARKET_CAP":93560073.295,"PE_TTM":-0.744685668195,"PB_TTM":-2.004028473097,"REPORT_DATE_SQ":"2019-12-31 00:00:00","REPORT_TYPE_SQ":"2019年年报","OPERATE_INCOME_SQ":50954653.74,"DPS_HKD":null,"OPERATE_INCOME_QOQ_SQ":-82.526856515141,"NET_PROFIT_RATIO_SQ":-44.1010495227,"HOLDER_PROFIT_SQ":-22471537.08,"HOLDER_PROFIT_QOQ_SQ":-96.957295928309,"ROE_AVG_SQ":-4.503511467923,"PE_TTM_SQ":-0.204328925065,"PB_TTM_SQ":-1.094043476687,"ROA_SQ":-3.087380397239,"START_DATE":"2020-01-01 00:00:00","FISCAL_YEAR":"12-31","CURRENCY":"HKD","IS_CNY_CODE":0,"DPS_HKD_LY":null,"ORG_TYPE":"一般企业","PREMIUM_INCOME":null,"PREMIUM_INCOME_YOY":null,"NET_INTEREST_INCOME":null,"NET_INTEREST_INCOME_YOY":null,"FEE_COMMISSION_INCOME":null,"FEE_COMMISSION_INCOME_YOY":null,"ACCOUNTS_RECE_TDAYS":0.222013664844,"INVENTORY_TDAYS":null,"CURRENT_ASSETS_TDAYS":0.081240963457,"TOTAL_ASSETS_TDAYS":0.063954358543,"PREMIUM_EXPENSE":null,"LOAN_DEPOSIT":null,"LOAN_EQUITY":null,"LOAN_ASSETS":null,"DEPOSIT_EQUITY":null,"DEPOSIT_ASSETS":null,"EQUITY_MULTIPLIER":1.543281517679,"EQUITY_RATIO":0.543281517679},{"SECUCODE":"01102.HK","SECURITY_CODE":"01102","SECURITY_NAME_ABBR":"环能国际","ORG_CODE":"10010762","STD_REPORT_DATE":"2020-06-30 00:00:00","REPORT_DATE":"2020-06-30 00:00:00","DATE_TYPE_CODE":"002","REPORT_TYPE":"2020年中报","PER_NETCASH_OPERATE":0.018172196322,"PER_OI":0.01230257691,"BPS":0.329735814203,"BASIC_EPS":-0.01689864,"DILUTED_EPS":-0.01689864,"OPERATE_INCOME":5565589.92,"OPERATE_INCOME_YOY":-86.8182506544,"GROSS_PROFIT":293214.24,"GROSS_PROFIT_YOY":-84.72379535523,"HOLDER_PROFIT":-7647319.68,"HOLDER_PROFIT_YOY":24.2284369626,"GROSS_PROFIT_RATIO":5.268340718858,"EPS_TTM":-0.045092495194,"OPERATE_INCOME_QOQ":-68.874836122083,"NET_PROFIT_RATIO":-137.4035778763,"ROE_AVG":-1.582809164866,"GROSS_PROFIT_QOQ":-365.272723213289,"ROA":-1.038188650981,"HOLDER_PROFIT_QOQ":9.220747350853,"ROE_YEARLY":-3.165618329732,"ROIC_YEARLY":-2.079504018917,"TOTAL_ASSETS":732251868.48,"TOTAL_LIABILITIES":257634838.56,"TAX_EBT":null,"OCF_SALES":147.710487444609,"TOTAL_PARENT_EQUITY":474617029.92,"DEBT_ASSET_RATIO":35.1839100247,"OPERATE_PROFIT":151631.04,"PRETAX_PROFIT":-7647319.68,"NETCASH_OPERATE":8220960,"NETCASH_INVEST":null,"NETCASH_FINANCE":-9663281.76,"END_CASH":308742.72,"DIVI_RATIO":null,"DIVIDEND_RATE":null,"CURRENT_RATIO":2.233979982526,"COMMON_ACS":10000000000,"CURRENTDEBT_DEBT":99.824498580034,"ISSUED_COMMON_SHARES":1439385743,"HK_COMMON_SHARES":1439385743,"PER_SHARES":2000,"TOTAL_MARKET_CAP":93560073.295,"HKSK_MARKET_CAP":93560073.295,"PE_TTM":-0.744685668195,"PB_TTM":-2.004028473097,"REPORT_DATE_SQ":"2019-06-30 00:00:00","REPORT_TYPE_SQ":"2019年中报","OPERATE_INCOME_SQ":40660524.18,"DPS_HKD":null,"OPERATE_INCOME_QOQ_SQ":-62.430183156896,"NET_PROFIT_RATIO_SQ":-23.903684313,"HOLDER_PROFIT_SQ":-9719363.34,"HOLDER_PROFIT_QOQ_SQ":10.388869762198,"ROE_AVG_SQ":-1.938436356077,"PE_TTM_SQ":-0.204328925065,"PB_TTM_SQ":-1.094043476687,"ROA_SQ":-1.348288281582,"START_DATE":"2020-01-01 00:00:00","FISCAL_YEAR":"12-31","CURRENCY":"HKD","IS_CNY_CODE":0,"DPS_HKD_LY":null,"ORG_TYPE":"一般企业","PREMIUM_INCOME":null,"PREMIUM_INCOME_YOY":null,"NET_INTEREST_INCOME":null,"NET_INTEREST_INCOME_YOY":null,"FEE_COMMISSION_INCOME":null,"FEE_COMMISSION_INCOME_YOY":null,"ACCOUNTS_RECE_TDAYS":0.02525260898,"INVENTORY_TDAYS":null,"CURRENT_ASSETS_TDAYS":0.009648303273,"TOTAL_ASSETS_TDAYS":0.007555761408,"PREMIUM_EXPENSE":null,"LOAN_DEPOSIT":null,"LOAN_EQUITY":null,"LOAN_ASSETS":null,"DEPOSIT_EQUITY":null,"DEPOSIT_ASSETS":null,"EQUITY_MULTIPLIER":1.54282678943,"EQUITY_RATIO":0.542826789429}],"count":58},"success":true,"message":"ok","code":0}