{"version":"6075b93ec8e9b25352db5cf4b0d57bd5","result":{"pages":6,"data":[{"SECUCODE":"01100.HK","SECURITY_CODE":"01100","SECURITY_NAME_ABBR":"飞达控股","ORG_CODE":"10010490","STD_REPORT_DATE":"2024-06-30 00:00:00","REPORT_DATE":"2024-06-30 00:00:00","DATE_TYPE_CODE":"002","REPORT_TYPE":"2024年中报","PER_NETCASH_OPERATE":0.067552846782,"PER_OI":1.461246868054,"BPS":2.377983552077,"BASIC_EPS":0.0750040424,"DILUTED_EPS":0.0743012788,"OPERATE_INCOME":627115205.52,"OPERATE_INCOME_YOY":-11.9375898741,"GROSS_PROFIT":200342386.8,"GROSS_PROFIT_YOY":-20.674695889852,"HOLDER_PROFIT":32189310.92,"HOLDER_PROFIT_YOY":-45.8025355359,"GROSS_PROFIT_RATIO":31.946663872371,"EPS_TTM":0.184263178296,"OPERATE_INCOME_QOQ":-7.175175129978,"NET_PROFIT_RATIO":5.8183940365,"ROE_AVG":3.164900287559,"GROSS_PROFIT_QOQ":-12.095606558406,"ROA":1.980095184252,"HOLDER_PROFIT_QOQ":-26.016582310318,"ROE_YEARLY":6.329800575118,"ROIC_YEARLY":4.817257936852,"TOTAL_ASSETS":1620692422.68,"TOTAL_LIABILITIES":549656966.6,"TAX_EBT":31.593176257208,"OCF_SALES":4.62295921783,"TOTAL_PARENT_EQUITY":1020545998.48,"DEBT_ASSET_RATIO":33.9149464086,"OPERATE_PROFIT":59368008.64,"PRETAX_PROFIT":53339757.24,"NETCASH_OPERATE":28991280.2,"NETCASH_INVEST":-112321702.24,"NETCASH_FINANCE":-33220639.32,"END_CASH":172157003.04,"DIVI_RATIO":0.443678442737,"DIVIDEND_RATE":5.294117647059,"CURRENT_RATIO":1.805619307937,"COMMON_ACS":1000000000,"CURRENTDEBT_DEBT":86.383780687262,"ISSUED_COMMON_SHARES":429164448,"HK_COMMON_SHARES":429164448,"PER_SHARES":2000,"TOTAL_MARKET_CAP":729579561.6,"HKSK_MARKET_CAP":729579561.6,"PE_TTM":8.277226343555,"PB_TTM":0.652467086513,"REPORT_DATE_SQ":"2023-06-30 00:00:00","REPORT_TYPE_SQ":"2023年中报","OPERATE_INCOME_SQ":719382270.84,"DPS_HKD":0.09,"OPERATE_INCOME_QOQ_SQ":-5.144121122203,"NET_PROFIT_RATIO_SQ":9.1768363798,"HOLDER_PROFIT_SQ":59997848.5,"HOLDER_PROFIT_QOQ_SQ":-7.020747618687,"ROE_AVG_SQ":6.228753918994,"PE_TTM_SQ":3.755637035783,"PB_TTM_SQ":0.621546952158,"ROA_SQ":3.42717896431,"START_DATE":"2024-01-01 00:00:00","FISCAL_YEAR":"12-31","CURRENCY":"HKD","IS_CNY_CODE":0,"DPS_HKD_LY":0.09,"ORG_TYPE":"一般企业","PREMIUM_INCOME":null,"PREMIUM_INCOME_YOY":null,"NET_INTEREST_INCOME":null,"NET_INTEREST_INCOME_YOY":null,"FEE_COMMISSION_INCOME":null,"FEE_COMMISSION_INCOME_YOY":null,"ACCOUNTS_RECE_TDAYS":2.03995511062,"INVENTORY_TDAYS":1.293172324247,"CURRENT_ASSETS_TDAYS":0.686791208132,"TOTAL_ASSETS_TDAYS":0.385764020083,"PREMIUM_EXPENSE":null,"LOAN_DEPOSIT":null,"LOAN_EQUITY":null,"LOAN_ASSETS":null,"DEPOSIT_EQUITY":null,"DEPOSIT_ASSETS":null,"EQUITY_MULTIPLIER":1.513201466375,"EQUITY_RATIO":0.538591075188},{"SECUCODE":"01100.HK","SECURITY_CODE":"01100","SECURITY_NAME_ABBR":"飞达控股","ORG_CODE":"10010490","STD_REPORT_DATE":"2023-12-31 00:00:00","REPORT_DATE":"2023-12-31 00:00:00","DATE_TYPE_CODE":"001","REPORT_TYPE":"2023年年报","PER_NETCASH_OPERATE":0.737553571446,"PER_OI":2.996335667301,"BPS":2.345076505638,"BASIC_EPS":0.24963914206,"DILUTED_EPS":0.24457609092,"OPERATE_INCOME":1285920742.68,"OPERATE_INCOME_YOY":-24.2970640581,"GROSS_PROFIT":431690584.08,"GROSS_PROFIT_YOY":-24.168676701852,"HOLDER_PROFIT":106887742.78,"HOLDER_PROFIT_YOY":-39.6340652029,"GROSS_PROFIT_RATIO":33.570543638662,"EPS_TTM":0.249060105696,"OPERATE_INCOME_QOQ":-19.034618881811,"NET_PROFIT_RATIO":9.0069443564,"ROE_AVG":11.040089107706,"GROSS_PROFIT_QOQ":-23.200344773949,"ROA":6.299151623387,"HOLDER_PROFIT_QOQ":-34.13468480241,"ROE_YEARLY":11.040089107706,"ROIC_YEARLY":7.664650035416,"TOTAL_ASSETS":1619055370.66,"TOTAL_LIABILITIES":566768112.4,"TAX_EBT":27.864226169311,"OCF_SALES":24.615185124109,"TOTAL_PARENT_EQUITY":1006423464.06,"DEBT_ASSET_RATIO":35.0060981651,"OPERATE_PROFIT":172366668.88,"PRETAX_PROFIT":160561340.94,"NETCASH_OPERATE":316531771.36,"NETCASH_INVEST":-129797890.6,"NETCASH_FINANCE":-120466543.26,"END_CASH":288041120.78,"DIVI_RATIO":0.328248475489,"DIVIDEND_RATE":5.590062111801,"CURRENT_RATIO":1.933663023679,"COMMON_ACS":1000000000,"CURRENTDEBT_DEBT":87.7810111605,"ISSUED_COMMON_SHARES":429164448,"HK_COMMON_SHARES":429164448,"PER_SHARES":2000,"TOTAL_MARKET_CAP":690954761.28,"HKSK_MARKET_CAP":690954761.28,"PE_TTM":7.839020243014,"PB_TTM":0.617924711345,"REPORT_DATE_SQ":"2022-12-31 00:00:00","REPORT_TYPE_SQ":"2022年年报","OPERATE_INCOME_SQ":1674366726.48,"DPS_HKD":0.09,"OPERATE_INCOME_QOQ_SQ":11.865823359495,"NET_PROFIT_RATIO_SQ":11.3798692292,"HOLDER_PROFIT_SQ":174536025.3,"HOLDER_PROFIT_QOQ_SQ":43.086540582104,"ROE_AVG_SQ":20.534146333774,"PE_TTM_SQ":4.267769358844,"PB_TTM_SQ":0.706303354725,"ROA_SQ":10.771716677224,"START_DATE":"2023-01-01 00:00:00","FISCAL_YEAR":"12-31","CURRENCY":"HKD","IS_CNY_CODE":0,"DPS_HKD_LY":0.09,"ORG_TYPE":"一般企业","PREMIUM_INCOME":null,"PREMIUM_INCOME_YOY":null,"NET_INTEREST_INCOME":null,"NET_INTEREST_INCOME_YOY":null,"FEE_COMMISSION_INCOME":null,"FEE_COMMISSION_INCOME_YOY":null,"ACCOUNTS_RECE_TDAYS":3.750549104913,"INVENTORY_TDAYS":2.101041125691,"CURRENT_ASSETS_TDAYS":1.221794004143,"TOTAL_ASSETS_TDAYS":0.757824005178,"PREMIUM_EXPENSE":null,"LOAN_DEPOSIT":null,"LOAN_EQUITY":null,"LOAN_ASSETS":null,"DEPOSIT_EQUITY":null,"DEPOSIT_ASSETS":null,"EQUITY_MULTIPLIER":1.538605887273,"EQUITY_RATIO":0.5631507339},{"SECUCODE":"01100.HK","SECURITY_CODE":"01100","SECURITY_NAME_ABBR":"飞达控股","ORG_CODE":"10010490","STD_REPORT_DATE":"2023-06-30 00:00:00","REPORT_DATE":"2023-06-30 00:00:00","DATE_TYPE_CODE":"002","REPORT_TYPE":"2023年中报","PER_NETCASH_OPERATE":0.314590042137,"PER_OI":1.678116092609,"BPS":2.284379635473,"BASIC_EPS":0.140417554,"DILUTED_EPS":0.13737502,"OPERATE_INCOME":719382270.84,"OPERATE_INCOME_YOY":-17.1623251429,"GROSS_PROFIT":252557981.4,"GROSS_PROFIT_YOY":-2.763485608877,"HOLDER_PROFIT":59997848.5,"HOLDER_PROFIT_YOY":-22.975404209,"GROSS_PROFIT_RATIO":35.107618249348,"EPS_TTM":0.378558849562,"OPERATE_INCOME_QOQ":-5.144121122203,"NET_PROFIT_RATIO":9.1768363798,"ROE_AVG":6.228753918994,"GROSS_PROFIT_QOQ":-1.260854524741,"ROA":3.42717896431,"HOLDER_PROFIT_QOQ":-7.020747618687,"ROE_YEARLY":12.457507837988,"ROIC_YEARLY":8.296924719194,"TOTAL_ASSETS":1695770154.6,"TOTAL_LIABILITIES":671817322.64,"TAX_EBT":21.841025193206,"OCF_SALES":18.74661970784,"TOTAL_PARENT_EQUITY":980374525.28,"DEBT_ASSET_RATIO":39.6172394483,"OPERATE_PROFIT":92198000,"PRETAX_PROFIT":84464431.76,"NETCASH_OPERATE":134859858.56,"NETCASH_INVEST":-8951503.82,"NETCASH_FINANCE":-54055687.4,"END_CASH":298028191.04,"DIVI_RATIO":0.21596008149,"DIVIDEND_RATE":5.590062111801,"CURRENT_RATIO":1.73200137895,"COMMON_ACS":1000000000,"CURRENTDEBT_DEBT":88.774174246708,"ISSUED_COMMON_SHARES":429164448,"HK_COMMON_SHARES":429164448,"PER_SHARES":2000,"TOTAL_MARKET_CAP":690954761.28,"HKSK_MARKET_CAP":690954761.28,"PE_TTM":7.839020243014,"PB_TTM":0.617924711345,"REPORT_DATE_SQ":"2022-06-30 00:00:00","REPORT_TYPE_SQ":"2022年中报","OPERATE_INCOME_SQ":805513723.28,"DPS_HKD":0.09,"OPERATE_INCOME_QOQ_SQ":14.399225934277,"NET_PROFIT_RATIO_SQ":9.6884846992,"HOLDER_PROFIT_SQ":72251582.34,"HOLDER_PROFIT_QOQ_SQ":16.487053342808,"ROE_AVG_SQ":9.319343544761,"PE_TTM_SQ":4.267769358844,"PB_TTM_SQ":0.706303354725,"ROA_SQ":4.807486582329,"START_DATE":"2023-01-01 00:00:00","FISCAL_YEAR":"12-31","CURRENCY":"HKD","IS_CNY_CODE":0,"DPS_HKD_LY":0.09,"ORG_TYPE":"一般企业","PREMIUM_INCOME":null,"PREMIUM_INCOME_YOY":null,"NET_INTEREST_INCOME":null,"NET_INTEREST_INCOME_YOY":null,"FEE_COMMISSION_INCOME":null,"FEE_COMMISSION_INCOME_YOY":null,"ACCOUNTS_RECE_TDAYS":1.949755424088,"INVENTORY_TDAYS":1.111348162196,"CURRENT_ASSETS_TDAYS":0.655238220004,"TOTAL_ASSETS_TDAYS":0.410923366014,"PREMIUM_EXPENSE":null,"LOAN_DEPOSIT":null,"LOAN_EQUITY":null,"LOAN_ASSETS":null,"DEPOSIT_EQUITY":null,"DEPOSIT_ASSETS":null,"EQUITY_MULTIPLIER":1.656101825858,"EQUITY_RATIO":0.685265993063},{"SECUCODE":"01100.HK","SECURITY_CODE":"01100","SECURITY_NAME_ABBR":"飞达控股","ORG_CODE":"10010490","STD_REPORT_DATE":"2022-12-31 00:00:00","REPORT_DATE":"2022-12-31 00:00:00","DATE_TYPE_CODE":"001","REPORT_TYPE":"2022年年报","PER_NETCASH_OPERATE":0.515058655075,"PER_OI":3.924896960218,"BPS":2.135881013355,"BASIC_EPS":0.40976796056,"DILUTED_EPS":0.40234756667,"OPERATE_INCOME":1674366726.48,"OPERATE_INCOME_YOY":17.1328319549,"GROSS_PROFIT":569277397.92,"GROSS_PROFIT_YOY":45.292935622636,"HOLDER_PROFIT":174536025.3,"HOLDER_PROFIT_YOY":52.5578562728,"GROSS_PROFIT_RATIO":33.999564666266,"EPS_TTM":0.40913134758,"OPERATE_INCOME_QOQ":11.865823359495,"NET_PROFIT_RATIO":11.3798692292,"ROE_AVG":20.534146333774,"GROSS_PROFIT_QOQ":26.624692083258,"ROA":10.771716677224,"HOLDER_PROFIT_QOQ":43.086540582104,"ROE_YEARLY":20.534146333774,"ROIC_YEARLY":12.549265936344,"TOTAL_ASSETS":1749303146.78,"TOTAL_LIABILITIES":794414488.91,"TAX_EBT":14.970043171318,"OCF_SALES":13.122858008647,"TOTAL_PARENT_EQUITY":916644196.09,"DEBT_ASSET_RATIO":45.4131972707,"OPERATE_PROFIT":235875982.93,"PRETAX_PROFIT":224086605.47,"NETCASH_OPERATE":219724768.06,"NETCASH_INVEST":-93164487.92,"NETCASH_FINANCE":-77126718.34,"END_CASH":220592133.23,"DIVI_RATIO":0.199822380963,"DIVIDEND_RATE":5.590062111801,"CURRENT_RATIO":1.585060337265,"COMMON_ACS":1000000000,"CURRENTDEBT_DEBT":89.47087311502,"ISSUED_COMMON_SHARES":429164448,"HK_COMMON_SHARES":429164448,"PER_SHARES":2000,"TOTAL_MARKET_CAP":690954761.28,"HKSK_MARKET_CAP":690954761.28,"PE_TTM":7.839020243014,"PB_TTM":0.617924711345,"REPORT_DATE_SQ":"2021-12-31 00:00:00","REPORT_TYPE_SQ":"2021年年报","OPERATE_INCOME_SQ":1308368488,"DPS_HKD":0.09,"OPERATE_INCOME_QOQ_SQ":18.349362177041,"NET_PROFIT_RATIO_SQ":8.5743209676,"HOLDER_PROFIT_SQ":104714937.6,"HOLDER_PROFIT_QOQ_SQ":12.690290397035,"ROE_AVG_SQ":15.549110280968,"PE_TTM_SQ":4.267769358844,"PB_TTM_SQ":0.706303354725,"ROA_SQ":8.254931167012,"START_DATE":"2022-01-01 00:00:00","FISCAL_YEAR":"12-31","CURRENCY":"HKD","IS_CNY_CODE":0,"DPS_HKD_LY":0.07,"ORG_TYPE":"一般企业","PREMIUM_INCOME":null,"PREMIUM_INCOME_YOY":null,"NET_INTEREST_INCOME":null,"NET_INTEREST_INCOME_YOY":null,"FEE_COMMISSION_INCOME":null,"FEE_COMMISSION_INCOME_YOY":null,"ACCOUNTS_RECE_TDAYS":4.708318576068,"INVENTORY_TDAYS":2.536267746399,"CURRENT_ASSETS_TDAYS":1.607243823072,"TOTAL_ASSETS_TDAYS":1.033357094068,"PREMIUM_EXPENSE":null,"LOAN_DEPOSIT":null,"LOAN_EQUITY":null,"LOAN_ASSETS":null,"DEPOSIT_EQUITY":null,"DEPOSIT_ASSETS":null,"EQUITY_MULTIPLIER":1.83194462764,"EQUITY_RATIO":0.86665523253},{"SECUCODE":"01100.HK","SECURITY_CODE":"01100","SECURITY_NAME_ABBR":"飞达控股","ORG_CODE":"10010490","STD_REPORT_DATE":"2022-06-30 00:00:00","REPORT_DATE":"2022-06-30 00:00:00","DATE_TYPE_CODE":"002","REPORT_TYPE":"2022年中报","PER_NETCASH_OPERATE":0.131354091068,"PER_OI":1.892701351186,"BPS":1.865602478214,"BASIC_EPS":0.1779137276,"DILUTED_EPS":0.1746469018,"OPERATE_INCOME":805513723.28,"OPERATE_INCOME_YOY":27.0008548414,"GROSS_PROFIT":259735741.23,"GROSS_PROFIT_YOY":28.600653662679,"HOLDER_PROFIT":72251582.34,"HOLDER_PROFIT_YOY":27.8463773379,"GROSS_PROFIT_RATIO":32.244731991948,"EPS_TTM":0.286612710426,"OPERATE_INCOME_QOQ":14.399225934277,"NET_PROFIT_RATIO":9.6884846992,"ROE_AVG":9.319343544761,"GROSS_PROFIT_QOQ":14.742972505792,"ROA":4.807486582329,"HOLDER_PROFIT_QOQ":16.487053342808,"ROE_YEARLY":18.638687089522,"ROIC_YEARLY":11.194320557768,"TOTAL_ASSETS":1578037637.12,"TOTAL_LIABILITIES":750260752.57,"TAX_EBT":19.685101739069,"OCF_SALES":6.940032614512,"TOTAL_PARENT_EQUITY":800650257.75,"DEBT_ASSET_RATIO":47.5439073772,"OPERATE_PROFIT":101265613.47,"PRETAX_PROFIT":97170108.56,"NETCASH_OPERATE":55902915.11,"NETCASH_INVEST":-34583883.6,"NETCASH_FINANCE":17002887.58,"END_CASH":205293490.64,"DIVI_RATIO":0.285240664583,"DIVIDEND_RATE":5.590062111801,"CURRENT_RATIO":1.502102020386,"COMMON_ACS":1000000000,"CURRENTDEBT_DEBT":91.31782291865,"ISSUED_COMMON_SHARES":429164448,"HK_COMMON_SHARES":429164448,"PER_SHARES":2000,"TOTAL_MARKET_CAP":690954761.28,"HKSK_MARKET_CAP":690954761.28,"PE_TTM":7.839020243014,"PB_TTM":0.617924711345,"REPORT_DATE_SQ":"2021-06-30 00:00:00","REPORT_TYPE_SQ":"2021年中报","OPERATE_INCOME_SQ":617118788.64,"DPS_HKD":0.09,"OPERATE_INCOME_QOQ_SQ":25.335476696416,"NET_PROFIT_RATIO_SQ":9.5302686683,"HOLDER_PROFIT_SQ":54987174.72,"HOLDER_PROFIT_QOQ_SQ":140.563868117372,"ROE_AVG_SQ":8.280886507471,"PE_TTM_SQ":4.267769358844,"PB_TTM_SQ":0.706303354725,"ROA_SQ":4.522684770911,"START_DATE":"2022-01-01 00:00:00","FISCAL_YEAR":"12-31","CURRENCY":"HKD","IS_CNY_CODE":0,"DPS_HKD_LY":0.07,"ORG_TYPE":"一般企业","PREMIUM_INCOME":null,"PREMIUM_INCOME_YOY":null,"NET_INTEREST_INCOME":null,"NET_INTEREST_INCOME_YOY":null,"FEE_COMMISSION_INCOME":null,"FEE_COMMISSION_INCOME_YOY":null,"ACCOUNTS_RECE_TDAYS":2.355569115654,"INVENTORY_TDAYS":1.405585826862,"CURRENT_ASSETS_TDAYS":0.828188471806,"TOTAL_ASSETS_TDAYS":0.535973924879,"PREMIUM_EXPENSE":null,"LOAN_DEPOSIT":null,"LOAN_EQUITY":null,"LOAN_ASSETS":null,"DEPOSIT_EQUITY":null,"DEPOSIT_ASSETS":null,"EQUITY_MULTIPLIER":1.90635624958,"EQUITY_RATIO":0.937064274079},{"SECUCODE":"01100.HK","SECURITY_CODE":"01100","SECURITY_NAME_ABBR":"飞达控股","ORG_CODE":"10010490","STD_REPORT_DATE":"2021-12-31 00:00:00","REPORT_DATE":"2021-12-31 00:00:00","DATE_TYPE_CODE":"001","REPORT_TYPE":"2021年年报","PER_NETCASH_OPERATE":0.17782232318,"PER_OI":3.227962813012,"BPS":1.670593094421,"BASIC_EPS":0.2460469088,"DILUTED_EPS":0.2455310032,"OPERATE_INCOME":1308368488,"OPERATE_INCOME_YOY":52.695213577,"GROSS_PROFIT":391813542.4,"GROSS_PROFIT_YOY":46.078399356126,"HOLDER_PROFIT":104714937.6,"HOLDER_PROFIT_YOY":179.0630787668,"GROSS_PROFIT_RATIO":29.946727240346,"EPS_TTM":0.258349178874,"OPERATE_INCOME_QOQ":18.349362177041,"NET_PROFIT_RATIO":8.5743209676,"ROE_AVG":15.549110280968,"GROSS_PROFIT_QOQ":11.306219062008,"ROA":8.254931167012,"HOLDER_PROFIT_QOQ":12.690290397035,"ROE_YEARLY":15.549110280968,"ROIC_YEARLY":9.697191792412,"TOTAL_ASSETS":1364999552,"TOTAL_LIABILITIES":627425422.4,"TAX_EBT":20.739054837014,"OCF_SALES":5.508809533481,"TOTAL_PARENT_EQUITY":716959163.2,"DEBT_ASSET_RATIO":45.9652474963,"OPERATE_PROFIT":148175283.2,"PRETAX_PROFIT":141537188.8,"NETCASH_OPERATE":78276206.4,"NETCASH_INVEST":-44717814.4,"NETCASH_FINANCE":-51625716.8,"END_CASH":162612464,"DIVI_RATIO":0.316446138348,"DIVIDEND_RATE":5.590062111801,"CURRENT_RATIO":1.494176704587,"COMMON_ACS":1000000000,"CURRENTDEBT_DEBT":93.425714654306,"ISSUED_COMMON_SHARES":429164448,"HK_COMMON_SHARES":429164448,"PER_SHARES":2000,"TOTAL_MARKET_CAP":690954761.28,"HKSK_MARKET_CAP":690954761.28,"PE_TTM":7.839020243014,"PB_TTM":0.617924711345,"REPORT_DATE_SQ":"2020-12-31 00:00:00","REPORT_TYPE_SQ":"2020年年报","OPERATE_INCOME_SQ":882043769.84,"DPS_HKD":0.09,"OPERATE_INCOME_QOQ_SQ":-8.358867665612,"NET_PROFIT_RATIO_SQ":4.7745909852,"HOLDER_PROFIT_SQ":38627067.8,"HOLDER_PROFIT_QOQ_SQ":72.283583477653,"ROE_AVG_SQ":6.068158529733,"PE_TTM_SQ":4.267769358844,"PB_TTM_SQ":0.706303354725,"ROA_SQ":3.32380742702,"START_DATE":"2021-01-01 00:00:00","FISCAL_YEAR":"12-31","CURRENCY":"HKD","IS_CNY_CODE":0,"DPS_HKD_LY":0.06,"ORG_TYPE":"一般企业","PREMIUM_INCOME":null,"PREMIUM_INCOME_YOY":null,"NET_INTEREST_INCOME":null,"NET_INTEREST_INCOME_YOY":null,"FEE_COMMISSION_INCOME":null,"FEE_COMMISSION_INCOME_YOY":null,"ACCOUNTS_RECE_TDAYS":4.59677616262,"INVENTORY_TDAYS":3.076653483987,"CURRENT_ASSETS_TDAYS":1.649840970364,"TOTAL_ASSETS_TDAYS":1.031418444882,"PREMIUM_EXPENSE":null,"LOAN_DEPOSIT":null,"LOAN_EQUITY":null,"LOAN_ASSETS":null,"DEPOSIT_EQUITY":null,"DEPOSIT_ASSETS":null,"EQUITY_MULTIPLIER":1.85066083153,"EQUITY_RATIO":0.875120166677},{"SECUCODE":"01100.HK","SECURITY_CODE":"01100","SECURITY_NAME_ABBR":"飞达控股","ORG_CODE":"10010490","STD_REPORT_DATE":"2021-06-30 00:00:00","REPORT_DATE":"2021-06-30 00:00:00","DATE_TYPE_CODE":"002","REPORT_TYPE":"2021年中报","PER_NETCASH_OPERATE":0.136048453017,"PER_OI":1.522534759291,"BPS":1.600692365645,"BASIC_EPS":0.1356623232,"DILUTED_EPS":0.1356123984,"OPERATE_INCOME":617118788.64,"OPERATE_INCOME_YOY":72.0975885946,"GROSS_PROFIT":201970778.4,"GROSS_PROFIT_YOY":70.903688975443,"HOLDER_PROFIT":54987174.72,"HOLDER_PROFIT_YOY":8629.7225891678,"GROSS_PROFIT_RATIO":32.728022889256,"EPS_TTM":0.229255934974,"OPERATE_INCOME_QOQ":25.335476696416,"NET_PROFIT_RATIO":9.5302686683,"ROE_AVG":8.280886507471,"GROSS_PROFIT_QOQ":31.240105527928,"ROA":4.522684770911,"HOLDER_PROFIT_QOQ":140.563868117372,"ROE_YEARLY":16.561773014941,"ROIC_YEARLY":10.811283921765,"TOTAL_ASSETS":1238831490.96,"TOTAL_LIABILITIES":533038768.8,"TAX_EBT":17.694869465987,"OCF_SALES":8.93565497844,"TOTAL_PARENT_EQUITY":686960255.52,"DEBT_ASSET_RATIO":43.0275443181,"OPERATE_PROFIT":74511931.92,"PRETAX_PROFIT":71457366.24,"NETCASH_OPERATE":55143605.76,"NETCASH_INVEST":-19349188.32,"NETCASH_FINANCE":-37713193.92,"END_CASH":180805991.52,"DIVI_RATIO":0.356604072254,"DIVIDEND_RATE":5.590062111801,"CURRENT_RATIO":1.580727251207,"COMMON_ACS":1000000000,"CURRENTDEBT_DEBT":92.319039665319,"ISSUED_COMMON_SHARES":429164448,"HK_COMMON_SHARES":429164448,"PER_SHARES":2000,"TOTAL_MARKET_CAP":690954761.28,"HKSK_MARKET_CAP":690954761.28,"PE_TTM":7.839020243014,"PB_TTM":0.617924711345,"REPORT_DATE_SQ":"2020-06-30 00:00:00","REPORT_TYPE_SQ":"2020年中报","OPERATE_INCOME_SQ":393648794.88,"DPS_HKD":0.09,"OPERATE_INCOME_QOQ_SQ":-6.309022883119,"NET_PROFIT_RATIO_SQ":0.3109395014,"HOLDER_PROFIT_SQ":691474.08,"HOLDER_PROFIT_QOQ_SQ":-57.004153623463,"ROE_AVG_SQ":0.102999713587,"PE_TTM_SQ":4.267769358844,"PB_TTM_SQ":0.706303354725,"ROA_SQ":0.056966078469,"START_DATE":"2021-01-01 00:00:00","FISCAL_YEAR":"12-31","CURRENCY":"HKD","IS_CNY_CODE":0,"DPS_HKD_LY":0.06,"ORG_TYPE":"一般企业","PREMIUM_INCOME":null,"PREMIUM_INCOME_YOY":null,"NET_INTEREST_INCOME":null,"NET_INTEREST_INCOME_YOY":null,"FEE_COMMISSION_INCOME":null,"FEE_COMMISSION_INCOME_YOY":null,"ACCOUNTS_RECE_TDAYS":2.161959370236,"INVENTORY_TDAYS":1.671047519526,"CURRENT_ASSETS_TDAYS":0.822468398824,"TOTAL_ASSETS_TDAYS":0.507579042102,"PREMIUM_EXPENSE":null,"LOAN_DEPOSIT":null,"LOAN_EQUITY":null,"LOAN_ASSETS":null,"DEPOSIT_EQUITY":null,"DEPOSIT_ASSETS":null,"EQUITY_MULTIPLIER":1.75523415312,"EQUITY_RATIO":0.775938294125},{"SECUCODE":"01100.HK","SECURITY_CODE":"01100","SECURITY_NAME_ABBR":"飞达控股","ORG_CODE":"10010490","STD_REPORT_DATE":"2020-12-31 00:00:00","REPORT_DATE":"2020-12-31 00:00:00","DATE_TYPE_CODE":"001","REPORT_TYPE":"2020年年报","PER_NETCASH_OPERATE":0.229005124315,"PER_OI":2.176148779649,"BPS":1.510972889068,"BASIC_EPS":0.09529973884,"DILUTED_EPS":0.09529805556,"OPERATE_INCOME":882043769.84,"OPERATE_INCOME_YOY":-8.6174633818,"GROSS_PROFIT":268221409.96,"GROSS_PROFIT_YOY":-13.513173315924,"HOLDER_PROFIT":38627067.8,"HOLDER_PROFIT_YOY":-21.1602219436,"GROSS_PROFIT_RATIO":30.409081627395,"EPS_TTM":0.095299405005,"OPERATE_INCOME_QOQ":-8.358867665612,"NET_PROFIT_RATIO":4.7745909852,"ROE_AVG":6.068158529733,"GROSS_PROFIT_QOQ":-9.390586208013,"ROA":3.32380742702,"HOLDER_PROFIT_QOQ":72.283583477653,"ROE_YEARLY":6.068158529733,"ROIC_YEARLY":3.827956720193,"TOTAL_ASSETS":1206489256.72,"TOTAL_LIABILITIES":542929339.4,"TAX_EBT":7.068568457024,"OCF_SALES":10.523413033895,"TOTAL_PARENT_EQUITY":648455845.88,"DEBT_ASSET_RATIO":45.0007603778,"OPERATE_PROFIT":53737872.36,"PRETAX_PROFIT":45317264.16,"NETCASH_OPERATE":92821109.04,"NETCASH_INVEST":9473499.84,"NETCASH_FINANCE":-13226372.6,"END_CASH":184707156.04,"DIVI_RATIO":0.857860550078,"DIVIDEND_RATE":5.590062111801,"CURRENT_RATIO":1.466593841489,"COMMON_ACS":1000000000,"CURRENTDEBT_DEBT":91.81518714588,"ISSUED_COMMON_SHARES":429164448,"HK_COMMON_SHARES":429164448,"PER_SHARES":2000,"TOTAL_MARKET_CAP":690954761.28,"HKSK_MARKET_CAP":690954761.28,"PE_TTM":7.839020243014,"PB_TTM":0.617924711345,"REPORT_DATE_SQ":"2019-12-31 00:00:00","REPORT_TYPE_SQ":"2019年年报","OPERATE_INCOME_SQ":1027310960.52,"DPS_HKD":0.09,"OPERATE_INCOME_QOQ_SQ":12.15880307267,"NET_PROFIT_RATIO_SQ":5.4796945329,"HOLDER_PROFIT_SQ":52146041.14,"HOLDER_PROFIT_QOQ_SQ":-4.812917025848,"ROE_AVG_SQ":8.043196968033,"PE_TTM_SQ":4.267769358844,"PB_TTM_SQ":0.706303354725,"ROA_SQ":4.851716077972,"START_DATE":"2020-01-01 00:00:00","FISCAL_YEAR":"12-31","CURRENCY":"HKD","IS_CNY_CODE":0,"DPS_HKD_LY":0.05,"ORG_TYPE":"一般企业","PREMIUM_INCOME":null,"PREMIUM_INCOME_YOY":null,"NET_INTEREST_INCOME":null,"NET_INTEREST_INCOME_YOY":null,"FEE_COMMISSION_INCOME":null,"FEE_COMMISSION_INCOME_YOY":null,"ACCOUNTS_RECE_TDAYS":3.200638902505,"INVENTORY_TDAYS":2.641342768981,"CURRENT_ASSETS_TDAYS":1.274765027362,"TOTAL_ASSETS_TDAYS":0.758986845269,"PREMIUM_EXPENSE":null,"LOAN_DEPOSIT":null,"LOAN_EQUITY":null,"LOAN_ASSETS":null,"DEPOSIT_EQUITY":null,"DEPOSIT_ASSETS":null,"EQUITY_MULTIPLIER":1.818206954986,"EQUITY_RATIO":0.837264931529},{"SECUCODE":"01100.HK","SECURITY_CODE":"01100","SECURITY_NAME_ABBR":"飞达控股","ORG_CODE":"10010490","STD_REPORT_DATE":"2020-06-30 00:00:00","REPORT_DATE":"2020-06-30 00:00:00","DATE_TYPE_CODE":"002","REPORT_TYPE":"2020年中报","PER_NETCASH_OPERATE":0.14313794418,"PER_OI":0.971197092344,"BPS":1.548898595067,"BASIC_EPS":0.001735536,"DILUTED_EPS":0.001735536,"OPERATE_INCOME":393648794.88,"OPERATE_INCOME_YOY":-17.312411619,"GROSS_PROFIT":118178126.88,"GROSS_PROFIT_YOY":-10.666397063286,"HOLDER_PROFIT":691474.08,"HOLDER_PROFIT_YOY":-97.8107467176,"GROSS_PROFIT_RATIO":30.021208858527,"EPS_TTM":0.055315429991,"OPERATE_INCOME_QOQ":-6.309022883119,"NET_PROFIT_RATIO":0.3109395014,"ROE_AVG":0.102999713587,"GROSS_PROFIT_QOQ":-4.549844144644,"ROA":0.056966078469,"HOLDER_PROFIT_QOQ":-57.004153623463,"ROE_YEARLY":0.205999427175,"ROIC_YEARLY":0.132020050654,"TOTAL_ASSETS":1214535400.32,"TOTAL_LIABILITIES":536825034.24,"TAX_EBT":62.443946188341,"OCF_SALES":14.73830032115,"TOTAL_PARENT_EQUITY":664732210.56,"DEBT_ASSET_RATIO":44.2000318886,"OPERATE_PROFIT":8781812.16,"PRETAX_PROFIT":3259153.92,"NETCASH_OPERATE":58017141.6,"NETCASH_INVEST":10360236.48,"NETCASH_FINANCE":36087274.08,"END_CASH":204266193.12,"DIVI_RATIO":1.477952896916,"DIVIDEND_RATE":5.590062111801,"CURRENT_RATIO":1.436674493415,"COMMON_ACS":1000000000,"CURRENTDEBT_DEBT":90.874533772563,"ISSUED_COMMON_SHARES":429164448,"HK_COMMON_SHARES":429164448,"PER_SHARES":2000,"TOTAL_MARKET_CAP":690954761.28,"HKSK_MARKET_CAP":690954761.28,"PE_TTM":7.839020243014,"PB_TTM":0.617924711345,"REPORT_DATE_SQ":"2019-06-30 00:00:00","REPORT_TYPE_SQ":"2019年中报","OPERATE_INCOME_SQ":458462078.46,"DPS_HKD":0.09,"OPERATE_INCOME_QOQ_SQ":11.032012456805,"NET_PROFIT_RATIO_SQ":6.7757650413,"HOLDER_PROFIT_SQ":30416883.48,"HOLDER_PROFIT_QOQ_SQ":0.016058344411,"ROE_AVG_SQ":4.824195479113,"PE_TTM_SQ":4.267769358844,"PB_TTM_SQ":0.706303354725,"ROA_SQ":2.94538415508,"START_DATE":"2020-01-01 00:00:00","FISCAL_YEAR":"12-31","CURRENCY":"HKD","IS_CNY_CODE":0,"DPS_HKD_LY":0.05,"ORG_TYPE":"一般企业","PREMIUM_INCOME":null,"PREMIUM_INCOME_YOY":null,"NET_INTEREST_INCOME":null,"NET_INTEREST_INCOME_YOY":null,"FEE_COMMISSION_INCOME":null,"FEE_COMMISSION_INCOME_YOY":null,"ACCOUNTS_RECE_TDAYS":1.484991643838,"INVENTORY_TDAYS":1.16927377659,"CURRENT_ASSETS_TDAYS":0.558636826175,"TOTAL_ASSETS_TDAYS":0.324301789277,"PREMIUM_EXPENSE":null,"LOAN_DEPOSIT":null,"LOAN_EQUITY":null,"LOAN_ASSETS":null,"DEPOSIT_EQUITY":null,"DEPOSIT_ASSETS":null,"EQUITY_MULTIPLIER":1.792115719499,"EQUITY_RATIO":0.807580896054}],"count":46},"success":true,"message":"ok","code":0}