{"version":"8c65f35dc4f2e61713acf0f34580c132","result":{"pages":6,"data":[{"SECUCODE":"01105.HK","SECURITY_CODE":"01105","SECURITY_NAME_ABBR":"星岛","ORG_CODE":"10010492","STD_REPORT_DATE":"2024-06-30 00:00:00","REPORT_DATE":"2024-06-30 00:00:00","DATE_TYPE_CODE":"002","REPORT_TYPE":"2024年中报","PER_NETCASH_OPERATE":0.010906019098,"PER_OI":0.393430337498,"BPS":1.710694399204,"BASIC_EPS":-0.048554576,"DILUTED_EPS":-0.048554576,"OPERATE_INCOME":346432336.36,"OPERATE_INCOME_YOY":-2.2892372641,"GROSS_PROFIT":99849017.36,"GROSS_PROFIT_YOY":2.405052698,"HOLDER_PROFIT":-42717074.72,"HOLDER_PROFIT_YOY":-9.6754540129,"GROSS_PROFIT_RATIO":28.822083529824,"EPS_TTM":-0.054324730986,"OPERATE_INCOME_QOQ":-1.57868226256,"NET_PROFIT_RATIO":-12.3305679744,"ROE_AVG":-2.793163064411,"GROSS_PROFIT_QOQ":1.024915597744,"ROA":-2.365265905433,"HOLDER_PROFIT_QOQ":-7.582768439187,"ROE_YEARLY":-5.586326128822,"ROIC_YEARLY":-6.447009559492,"TOTAL_ASSETS":1776441264.68,"TOTAL_LIABILITIES":270101257.24,"TAX_EBT":0.025632262474,"OCF_SALES":2.772033078927,"TOTAL_PARENT_EQUITY":1506340007.44,"DEBT_ASSET_RATIO":15.2046263848,"OPERATE_PROFIT":-39864949.72,"PRETAX_PROFIT":-42728026.88,"NETCASH_OPERATE":9603218.96,"NETCASH_INVEST":-88773645.56,"NETCASH_FINANCE":-6579510.12,"END_CASH":122365745.64,"DIVI_RATIO":null,"DIVIDEND_RATE":null,"CURRENT_RATIO":4.758618919595,"COMMON_ACS":2354256546,"CURRENTDEBT_DEBT":52.661830149725,"ISSUED_COMMON_SHARES":880543017,"HK_COMMON_SHARES":880543017,"PER_SHARES":2000,"TOTAL_MARKET_CAP":186675119.604,"HKSK_MARKET_CAP":186675119.604,"PE_TTM":-3.509326608339,"PB_TTM":0.113105040906,"REPORT_DATE_SQ":"2023-06-30 00:00:00","REPORT_TYPE_SQ":"2023年中报","OPERATE_INCOME_SQ":358161570.6,"DPS_HKD":null,"OPERATE_INCOME_QOQ_SQ":6.08016301199,"NET_PROFIT_RATIO_SQ":-10.9854042783,"HOLDER_PROFIT_SQ":-39345496.5,"HOLDER_PROFIT_QOQ_SQ":43.675113185422,"ROE_AVG_SQ":-2.498664305109,"PE_TTM_SQ":-4.516356376528,"PB_TTM_SQ":0.193005562247,"ROA_SQ":-2.109026410645,"START_DATE":"2024-01-01 00:00:00","FISCAL_YEAR":"12-31","CURRENCY":"HKD","IS_CNY_CODE":0,"DPS_HKD_LY":null,"ORG_TYPE":"一般企业","PREMIUM_INCOME":null,"PREMIUM_INCOME_YOY":null,"NET_INTEREST_INCOME":null,"NET_INTEREST_INCOME_YOY":null,"FEE_COMMISSION_INCOME":null,"FEE_COMMISSION_INCOME_YOY":null,"ACCOUNTS_RECE_TDAYS":2.251159452952,"INVENTORY_TDAYS":12.672967775224,"CURRENT_ASSETS_TDAYS":0.500500728842,"TOTAL_ASSETS_TDAYS":0.191821326508,"PREMIUM_EXPENSE":null,"LOAN_DEPOSIT":null,"LOAN_EQUITY":null,"LOAN_ASSETS":null,"DEPOSIT_EQUITY":null,"DEPOSIT_ASSETS":null,"EQUITY_MULTIPLIER":1.179309621935,"EQUITY_RATIO":0.179309621935},{"SECUCODE":"01105.HK","SECURITY_CODE":"01105","SECURITY_NAME_ABBR":"星岛","ORG_CODE":"10010492","STD_REPORT_DATE":"2023-12-31 00:00:00","REPORT_DATE":"2023-12-31 00:00:00","DATE_TYPE_CODE":"001","REPORT_TYPE":"2023年年报","PER_NETCASH_OPERATE":0.012557815151,"PER_OI":0.84377052968,"BPS":1.750465984287,"BASIC_EPS":-0.050476454,"DILUTED_EPS":-0.050476454,"OPERATE_INCOME":742976247.86,"OPERATE_INCOME_YOY":0.5956996741,"GROSS_PROFIT":228801519.38,"GROSS_PROFIT_YOY":23.591300675248,"HOLDER_PROFIT":-44463684.3,"HOLDER_PROFIT_YOY":64.6465010376,"GROSS_PROFIT_RATIO":30.795267014123,"EPS_TTM":-0.050495754826,"OPERATE_INCOME_QOQ":-3.795335097325,"NET_PROFIT_RATIO":-5.9845364408,"ROE_AVG":-2.86205607215,"GROSS_PROFIT_QOQ":0.570589145089,"ROA":-2.413516281458,"HOLDER_PROFIT_QOQ":36.322945067791,"ROE_YEARLY":-2.86205607215,"ROIC_YEARLY":-3.197312602227,"TOTAL_ASSETS":1822597819.98,"TOTAL_LIABILITIES":281237221.02,"TAX_EBT":-4.703271377051,"OCF_SALES":1.488297435059,"TOTAL_PARENT_EQUITY":1541360598.96,"DEBT_ASSET_RATIO":15.4305693739,"OPERATE_PROFIT":-35026309.22,"PRETAX_PROFIT":-42466375.42,"NETCASH_OPERATE":11057696.44,"NETCASH_INVEST":-202756756.58,"NETCASH_FINANCE":-14838446.28,"END_CASH":208640843.04,"DIVI_RATIO":null,"DIVIDEND_RATE":null,"CURRENT_RATIO":4.743379023375,"COMMON_ACS":2354256546,"CURRENTDEBT_DEBT":52.658205006751,"ISSUED_COMMON_SHARES":880543017,"HK_COMMON_SHARES":880543017,"PER_SHARES":2000,"TOTAL_MARKET_CAP":180511318.485,"HKSK_MARKET_CAP":180511318.485,"PE_TTM":-3.393452616554,"PB_TTM":0.109370440499,"REPORT_DATE_SQ":"2022-12-31 00:00:00","REPORT_TYPE_SQ":"2022年年报","OPERATE_INCOME_SQ":728022196.16,"DPS_HKD":null,"OPERATE_INCOME_QOQ_SQ":7.346720064109,"NET_PROFIT_RATIO_SQ":-17.0285445051,"HOLDER_PROFIT_SQ":-123971583.68,"HOLDER_PROFIT_QOQ_SQ":20.133690065192,"ROE_AVG_SQ":-7.77710968614,"PE_TTM_SQ":-4.577388219454,"PB_TTM_SQ":0.195613745521,"ROA_SQ":-6.595141367566,"START_DATE":"2023-01-01 00:00:00","FISCAL_YEAR":"12-31","CURRENCY":"HKD","IS_CNY_CODE":0,"DPS_HKD_LY":null,"ORG_TYPE":"一般企业","PREMIUM_INCOME":null,"PREMIUM_INCOME_YOY":null,"NET_INTEREST_INCOME":null,"NET_INTEREST_INCOME_YOY":null,"FEE_COMMISSION_INCOME":null,"FEE_COMMISSION_INCOME_YOY":null,"ACCOUNTS_RECE_TDAYS":4.306579925358,"INVENTORY_TDAYS":18.658423493045,"CURRENT_ASSETS_TDAYS":1.064131102092,"TOTAL_ASSETS_TDAYS":0.403292102123,"PREMIUM_EXPENSE":null,"LOAN_DEPOSIT":null,"LOAN_EQUITY":null,"LOAN_ASSETS":null,"DEPOSIT_EQUITY":null,"DEPOSIT_ASSETS":null,"EQUITY_MULTIPLIER":1.182460367294,"EQUITY_RATIO":0.182460367295},{"SECUCODE":"01105.HK","SECURITY_CODE":"01105","SECURITY_NAME_ABBR":"星岛","ORG_CODE":"10010492","STD_REPORT_DATE":"2023-06-30 00:00:00","REPORT_DATE":"2023-06-30 00:00:00","DATE_TYPE_CODE":"002","REPORT_TYPE":"2023年中报","PER_NETCASH_OPERATE":-0.001993599275,"PER_OI":0.406750793187,"BPS":1.767475486345,"BASIC_EPS":-0.04471603,"DILUTED_EPS":-0.04471603,"OPERATE_INCOME":358161570.6,"OPERATE_INCOME_YOY":5.8360055469,"GROSS_PROFIT":97503994.9,"GROSS_PROFIT_YOY":76.868007350552,"HOLDER_PROFIT":-39345496.5,"HOLDER_PROFIT_YOY":60.9635843068,"GROSS_PROFIT_RATIO":27.223466419543,"EPS_TTM":-0.079299764852,"OPERATE_INCOME_QOQ":6.08016301199,"NET_PROFIT_RATIO":-10.9854042783,"ROE_AVG":-2.498664305109,"GROSS_PROFIT_QOQ":22.890103086646,"ROA":-2.109026410645,"HOLDER_PROFIT_QOQ":43.675113185422,"ROE_YEARLY":-4.997328610219,"ROIC_YEARLY":-5.573491728899,"TOTAL_ASSETS":1836812811.04,"TOTAL_LIABILITIES":280474613.82,"TAX_EBT":-1.404334188765,"OCF_SALES":-0.490127937807,"TOTAL_PARENT_EQUITY":1556338197.22,"DEBT_ASSET_RATIO":15.2696351057,"OPERATE_PROFIT":-33581277.54,"PRETAX_PROFIT":-38800606.32,"NETCASH_OPERATE":-1755449.92,"NETCASH_INVEST":-99154339.1,"NETCASH_FINANCE":-7367542.18,"END_CASH":316701973.96,"DIVI_RATIO":null,"DIVIDEND_RATE":null,"CURRENT_RATIO":4.718023182563,"COMMON_ACS":2354256546,"CURRENTDEBT_DEBT":52.181230667074,"ISSUED_COMMON_SHARES":880543017,"HK_COMMON_SHARES":880543017,"PER_SHARES":2000,"TOTAL_MARKET_CAP":180511318.485,"HKSK_MARKET_CAP":180511318.485,"PE_TTM":-3.393452616554,"PB_TTM":0.109370440499,"REPORT_DATE_SQ":"2022-06-30 00:00:00","REPORT_TYPE_SQ":"2022年中报","OPERATE_INCOME_SQ":313896634.31,"DPS_HKD":null,"OPERATE_INCOME_QOQ_SQ":-0.63378188707,"NET_PROFIT_RATIO_SQ":-29.7837618411,"HOLDER_PROFIT_SQ":-93490225.99,"HOLDER_PROFIT_QOQ_SQ":-35.791691719529,"ROE_AVG_SQ":-6.102293418716,"PE_TTM_SQ":-4.577388219454,"PB_TTM_SQ":0.195613745521,"ROA_SQ":-5.219140301067,"START_DATE":"2023-01-01 00:00:00","FISCAL_YEAR":"12-31","CURRENCY":"HKD","IS_CNY_CODE":0,"DPS_HKD_LY":null,"ORG_TYPE":"一般企业","PREMIUM_INCOME":null,"PREMIUM_INCOME_YOY":null,"NET_INTEREST_INCOME":null,"NET_INTEREST_INCOME_YOY":null,"FEE_COMMISSION_INCOME":null,"FEE_COMMISSION_INCOME_YOY":null,"ACCOUNTS_RECE_TDAYS":2.14591112977,"INVENTORY_TDAYS":8.997931253978,"CURRENT_ASSETS_TDAYS":0.512939349646,"TOTAL_ASSETS_TDAYS":0.191984414703,"PREMIUM_EXPENSE":null,"LOAN_DEPOSIT":null,"LOAN_EQUITY":null,"LOAN_ASSETS":null,"DEPOSIT_EQUITY":null,"DEPOSIT_ASSETS":null,"EQUITY_MULTIPLIER":1.180214438174,"EQUITY_RATIO":0.180214438174},{"SECUCODE":"01105.HK","SECURITY_CODE":"01105","SECURITY_NAME_ABBR":"星岛","ORG_CODE":"10010492","STD_REPORT_DATE":"2022-12-31 00:00:00","REPORT_DATE":"2022-12-31 00:00:00","DATE_TYPE_CODE":"001","REPORT_TYPE":"2022年年报","PER_NETCASH_OPERATE":-0.08119280528,"PER_OI":0.826787768575,"BPS":1.752758661897,"BASIC_EPS":-0.140779352,"DILUTED_EPS":-0.140779352,"OPERATE_INCOME":728022196.16,"OPERATE_INCOME_YOY":-2.3694638639,"GROSS_PROFIT":185127527.69,"GROSS_PROFIT_YOY":-9.10886570729,"HOLDER_PROFIT":-123971583.68,"HOLDER_PROFIT_YOY":0.735273081,"GROSS_PROFIT_RATIO":25.428830146453,"EPS_TTM":-0.140789923134,"OPERATE_INCOME_QOQ":7.346720064109,"NET_PROFIT_RATIO":-17.0285445051,"ROE_AVG":-7.77710968614,"GROSS_PROFIT_QOQ":19.92834789087,"ROA":-6.595141367566,"HOLDER_PROFIT_QOQ":20.133690065192,"ROE_YEARLY":-7.77710968614,"ROIC_YEARLY":-8.648937002243,"TOTAL_ASSETS":1835350952.61,"TOTAL_LIABILITIES":291971552.39,"TAX_EBT":-9.375197024147,"OCF_SALES":-9.820271702854,"TOTAL_PARENT_EQUITY":1543379400.22,"DEBT_ASSET_RATIO":15.9082137383,"OPERATE_PROFIT":-103749737.42,"PRETAX_PROFIT":-113345243.76,"NETCASH_OPERATE":-71493757.72,"NETCASH_INVEST":22220984.52,"NETCASH_FINANCE":-14777365.61,"END_CASH":408632614.39,"DIVI_RATIO":null,"DIVIDEND_RATE":null,"CURRENT_RATIO":4.35167789049,"COMMON_ACS":2354256546,"CURRENTDEBT_DEBT":53.835469333684,"ISSUED_COMMON_SHARES":880543017,"HK_COMMON_SHARES":880543017,"PER_SHARES":2000,"TOTAL_MARKET_CAP":180511318.485,"HKSK_MARKET_CAP":180511318.485,"PE_TTM":-3.393452616554,"PB_TTM":0.109370440499,"REPORT_DATE_SQ":"2021-12-31 00:00:00","REPORT_TYPE_SQ":"2021年年报","OPERATE_INCOME_SQ":682522668.8,"DPS_HKD":null,"OPERATE_INCOME_QOQ_SQ":5.385397215552,"NET_PROFIT_RATIO_SQ":-16.7482043345,"HOLDER_PROFIT_SQ":-114310291.2,"HOLDER_PROFIT_QOQ_SQ":-76.727248398705,"ROE_AVG_SQ":-7.320998492203,"PE_TTM_SQ":-4.577388219454,"PB_TTM_SQ":0.195613745521,"ROA_SQ":-6.275593403382,"START_DATE":"2022-01-01 00:00:00","FISCAL_YEAR":"12-31","CURRENCY":"HKD","IS_CNY_CODE":0,"DPS_HKD_LY":null,"ORG_TYPE":"一般企业","PREMIUM_INCOME":null,"PREMIUM_INCOME_YOY":null,"NET_INTEREST_INCOME":null,"NET_INTEREST_INCOME_YOY":null,"FEE_COMMISSION_INCOME":null,"FEE_COMMISSION_INCOME_YOY":null,"ACCOUNTS_RECE_TDAYS":4.387554541074,"INVENTORY_TDAYS":16.212364121374,"CURRENT_ASSETS_TDAYS":1.048761122871,"TOTAL_ASSETS_TDAYS":0.387299182593,"PREMIUM_EXPENSE":null,"LOAN_DEPOSIT":null,"LOAN_EQUITY":null,"LOAN_ASSETS":null,"DEPOSIT_EQUITY":null,"DEPOSIT_ASSETS":null,"EQUITY_MULTIPLIER":1.189176784624,"EQUITY_RATIO":0.189176784625},{"SECUCODE":"01105.HK","SECURITY_CODE":"01105","SECURITY_NAME_ABBR":"星岛","ORG_CODE":"10010492","STD_REPORT_DATE":"2022-06-30 00:00:00","REPORT_DATE":"2022-06-30 00:00:00","DATE_TYPE_CODE":"002","REPORT_TYPE":"2022年中报","PER_NETCASH_OPERATE":-0.095112294872,"PER_OI":0.356480749094,"BPS":1.691548253162,"BASIC_EPS":-0.106214598,"DILUTED_EPS":-0.106214598,"OPERATE_INCOME":313896634.31,"OPERATE_INCOME_YOY":-4.0249240408,"GROSS_PROFIT":55128112.97,"GROSS_PROFIT_YOY":-47.217293800643,"HOLDER_PROFIT":-93490225.99,"HOLDER_PROFIT_YOY":-73.0118537041,"GROSS_PROFIT_RATIO":17.562505278587,"EPS_TTM":-0.176281993308,"OPERATE_INCOME_QOQ":-0.63378188707,"NET_PROFIT_RATIO":-29.7837618411,"ROE_AVG":-6.102293418716,"GROSS_PROFIT_QOQ":-24.212135086345,"ROA":-5.219140301067,"HOLDER_PROFIT_QOQ":-35.791691719529,"ROE_YEARLY":-12.204586837431,"ROIC_YEARLY":-13.464686313368,"TOTAL_ASSETS":1740485253.57,"TOTAL_LIABILITIES":251004251.33,"TAX_EBT":-0.017383030503,"OCF_SALES":-26.680906364,"TOTAL_PARENT_EQUITY":1489481002.24,"DEBT_ASSET_RATIO":14.4215097953,"OPERATE_PROFIT":-93946042.26,"PRETAX_PROFIT":-93473977.38,"NETCASH_OPERATE":-83750467.08,"NETCASH_INVEST":-8442435.68,"NETCASH_FINANCE":-7140836.5,"END_CASH":352773571.71,"DIVI_RATIO":null,"DIVIDEND_RATE":null,"CURRENT_RATIO":3.945493159881,"COMMON_ACS":2354256546,"CURRENTDEBT_DEBT":58.875597515562,"ISSUED_COMMON_SHARES":880543017,"HK_COMMON_SHARES":880543017,"PER_SHARES":2000,"TOTAL_MARKET_CAP":180511318.485,"HKSK_MARKET_CAP":180511318.485,"PE_TTM":-3.393452616554,"PB_TTM":0.109370440499,"REPORT_DATE_SQ":"2021-06-30 00:00:00","REPORT_TYPE_SQ":"2021年中报","OPERATE_INCOME_SQ":318222339.36,"DPS_HKD":null,"OPERATE_INCOME_QOQ_SQ":-6.811296144055,"NET_PROFIT_RATIO_SQ":-16.5219824182,"HOLDER_PROFIT_SQ":-52576638.96,"HOLDER_PROFIT_QOQ_SQ":5.014215440486,"ROE_AVG_SQ":-3.240250965993,"PE_TTM_SQ":-4.577388219454,"PB_TTM_SQ":0.195613745521,"ROA_SQ":-2.787301055158,"START_DATE":"2022-01-01 00:00:00","FISCAL_YEAR":"12-31","CURRENCY":"HKD","IS_CNY_CODE":0,"DPS_HKD_LY":null,"ORG_TYPE":"一般企业","PREMIUM_INCOME":null,"PREMIUM_INCOME_YOY":null,"NET_INTEREST_INCOME":null,"NET_INTEREST_INCOME_YOY":null,"FEE_COMMISSION_INCOME":null,"FEE_COMMISSION_INCOME_YOY":null,"ACCOUNTS_RECE_TDAYS":2.039280069115,"INVENTORY_TDAYS":7.538735596387,"CURRENT_ASSETS_TDAYS":0.499289933101,"TOTAL_ASSETS_TDAYS":0.175234422331,"PREMIUM_EXPENSE":null,"LOAN_DEPOSIT":null,"LOAN_EQUITY":null,"LOAN_ASSETS":null,"DEPOSIT_EQUITY":null,"DEPOSIT_ASSETS":null,"EQUITY_MULTIPLIER":1.168517927353,"EQUITY_RATIO":0.168517927354},{"SECUCODE":"01105.HK","SECURITY_CODE":"01105","SECURITY_NAME_ABBR":"星岛","ORG_CODE":"10010492","STD_REPORT_DATE":"2021-12-31 00:00:00","REPORT_DATE":"2021-12-31 00:00:00","DATE_TYPE_CODE":"001","REPORT_TYPE":"2021年年报","PER_NETCASH_OPERATE":-0.06507146669,"PER_OI":0.775115645259,"BPS":1.70963553868,"BASIC_EPS":-0.12983488,"DILUTED_EPS":-0.12983488,"OPERATE_INCOME":682522668.8,"OPERATE_INCOME_YOY":1.0948874171,"GROSS_PROFIT":203680512,"GROSS_PROFIT_YOY":-10.85707720146,"HOLDER_PROFIT":-114310291.2,"HOLDER_PROFIT_YOY":-72.8015424736,"GROSS_PROFIT_RATIO":29.842307268432,"EPS_TTM":-0.129817952097,"OPERATE_INCOME_QOQ":5.385397215552,"NET_PROFIT_RATIO":-16.7482043345,"ROE_AVG":-7.320998492203,"GROSS_PROFIT_QOQ":-6.702767057071,"ROA":-6.275593403382,"HOLDER_PROFIT_QOQ":-76.727248398705,"ROE_YEARLY":-7.320998492203,"ROIC_YEARLY":-8.15513491711,"TOTAL_ASSETS":1761135745.6,"TOTAL_LIABILITIES":255728110.4,"TAX_EBT":-0.527761400078,"OCF_SALES":-8.395065573535,"TOTAL_PARENT_EQUITY":1505407635.2,"DEBT_ASSET_RATIO":14.5206359611,"OPERATE_PROFIT":-110392352,"PRETAX_PROFIT":-113710172.8,"NETCASH_OPERATE":-57298225.6,"NETCASH_INVEST":226456395.2,"NETCASH_FINANCE":-33566568,"END_CASH":429524524.8,"DIVI_RATIO":null,"DIVIDEND_RATE":null,"CURRENT_RATIO":4.054626515689,"COMMON_ACS":2354256546,"CURRENTDEBT_DEBT":62.173611399742,"ISSUED_COMMON_SHARES":880543017,"HK_COMMON_SHARES":880543017,"PER_SHARES":2000,"TOTAL_MARKET_CAP":180511318.485,"HKSK_MARKET_CAP":180511318.485,"PE_TTM":-3.393452616554,"PB_TTM":0.109370440499,"REPORT_DATE_SQ":"2020-12-31 00:00:00","REPORT_TYPE_SQ":"2020年年报","OPERATE_INCOME_SQ":694981705.08,"DPS_HKD":null,"OPERATE_INCOME_QOQ_SQ":-26.098414723476,"NET_PROFIT_RATIO_SQ":-9.7982796183,"HOLDER_PROFIT_SQ":-68096250.76,"HOLDER_PROFIT_QOQ_SQ":2.078807071821,"ROE_AVG_SQ":-4.064170585761,"PE_TTM_SQ":-4.577388219454,"PB_TTM_SQ":0.195613745521,"ROA_SQ":-3.448461045036,"START_DATE":"2021-01-01 00:00:00","FISCAL_YEAR":"12-31","CURRENCY":"HKD","IS_CNY_CODE":0,"DPS_HKD_LY":0.02,"ORG_TYPE":"一般企业","PREMIUM_INCOME":null,"PREMIUM_INCOME_YOY":null,"NET_INTEREST_INCOME":null,"NET_INTEREST_INCOME_YOY":null,"FEE_COMMISSION_INCOME":null,"FEE_COMMISSION_INCOME_YOY":null,"ACCOUNTS_RECE_TDAYS":4.463414764555,"INVENTORY_TDAYS":20.902903438799,"CURRENT_ASSETS_TDAYS":0.988647796266,"TOTAL_ASSETS_TDAYS":0.374702462308,"PREMIUM_EXPENSE":null,"LOAN_DEPOSIT":null,"LOAN_EQUITY":null,"LOAN_ASSETS":null,"DEPOSIT_EQUITY":null,"DEPOSIT_ASSETS":null,"EQUITY_MULTIPLIER":1.169872999459,"EQUITY_RATIO":0.169872999459},{"SECUCODE":"01105.HK","SECURITY_CODE":"01105","SECURITY_NAME_ABBR":"星岛","ORG_CODE":"10010492","STD_REPORT_DATE":"2021-06-30 00:00:00","REPORT_DATE":"2021-06-30 00:00:00","DATE_TYPE_CODE":"002","REPORT_TYPE":"2021年中报","PER_NETCASH_OPERATE":0.01110708748,"PER_OI":0.361393291658,"BPS":1.816125978363,"BASIC_EPS":-0.059743344,"DILUTED_EPS":-0.059743344,"OPERATE_INCOME":318222339.36,"OPERATE_INCOME_YOY":-4.4375201461,"GROSS_PROFIT":104443513.68,"GROSS_PROFIT_YOY":-8.876498552345,"HOLDER_PROFIT":-52576638.96,"HOLDER_PROFIT_YOY":-3.0833482878,"GROSS_PROFIT_RATIO":32.820924480052,"EPS_TTM":-0.073456670249,"OPERATE_INCOME_QOQ":-6.811296144055,"NET_PROFIT_RATIO":-16.5219824182,"ROE_AVG":-3.240250965993,"GROSS_PROFIT_QOQ":-4.452768869286,"ROA":-2.787301055158,"HOLDER_PROFIT_QOQ":5.014215440486,"ROE_YEARLY":-6.480501931987,"ROIC_YEARLY":-7.156592002505,"TOTAL_ASSETS":1857379793.04,"TOTAL_LIABILITIES":258202744.8,"TAX_EBT":0.788205184569,"OCF_SALES":3.073407209459,"TOTAL_PARENT_EQUITY":1599177048.24,"DEBT_ASSET_RATIO":13.9014511608,"OPERATE_PROFIT":-50050444.08,"PRETAX_PROFIT":-52994343.12,"NETCASH_OPERATE":9780268.32,"NETCASH_INVEST":115950348,"NETCASH_FINANCE":-10117260.72,"END_CASH":416135689.2,"DIVI_RATIO":null,"DIVIDEND_RATE":null,"CURRENT_RATIO":4.600378526087,"COMMON_ACS":2354256546,"CURRENTDEBT_DEBT":60.616158035513,"ISSUED_COMMON_SHARES":880543017,"HK_COMMON_SHARES":880543017,"PER_SHARES":2000,"TOTAL_MARKET_CAP":180511318.485,"HKSK_MARKET_CAP":180511318.485,"PE_TTM":-3.393452616554,"PB_TTM":0.109370440499,"REPORT_DATE_SQ":"2020-06-30 00:00:00","REPORT_TYPE_SQ":"2020年中报","OPERATE_INCOME_SQ":365559601.44,"DPS_HKD":null,"OPERATE_INCOME_QOQ_SQ":-16.797771097377,"NET_PROFIT_RATIO_SQ":-15.3165534319,"HOLDER_PROFIT_SQ":-55991131.68,"HOLDER_PROFIT_QOQ_SQ":-242.356592754484,"ROE_AVG_SQ":-3.108129144269,"PE_TTM_SQ":-4.577388219454,"PB_TTM_SQ":0.195613745521,"ROA_SQ":-2.629278470088,"START_DATE":"2021-01-01 00:00:00","FISCAL_YEAR":"12-31","CURRENCY":"HKD","IS_CNY_CODE":0,"DPS_HKD_LY":0.02,"ORG_TYPE":"一般企业","PREMIUM_INCOME":null,"PREMIUM_INCOME_YOY":null,"NET_INTEREST_INCOME":null,"NET_INTEREST_INCOME_YOY":null,"FEE_COMMISSION_INCOME":null,"FEE_COMMISSION_INCOME_YOY":null,"ACCOUNTS_RECE_TDAYS":2.053710664805,"INVENTORY_TDAYS":12.037435284747,"CURRENT_ASSETS_TDAYS":0.433219187781,"TOTAL_ASSETS_TDAYS":0.168702579666,"PREMIUM_EXPENSE":null,"LOAN_DEPOSIT":null,"LOAN_EQUITY":null,"LOAN_ASSETS":null,"DEPOSIT_EQUITY":null,"DEPOSIT_ASSETS":null,"EQUITY_MULTIPLIER":1.161459761497,"EQUITY_RATIO":0.161459761497},{"SECUCODE":"01105.HK","SECURITY_CODE":"01105","SECURITY_NAME_ABBR":"星岛","ORG_CODE":"10010492","STD_REPORT_DATE":"2020-12-31 00:00:00","REPORT_DATE":"2020-12-31 00:00:00","DATE_TYPE_CODE":"001","REPORT_TYPE":"2020年年报","PER_NETCASH_OPERATE":0.047702073231,"PER_OI":0.789264910019,"BPS":1.890827523626,"BASIC_EPS":-0.07743088,"DILUTED_EPS":-0.07743088,"OPERATE_INCOME":694981705.08,"OPERATE_INCOME_YOY":-34.5569232013,"GROSS_PROFIT":228487585.56,"GROSS_PROFIT_YOY":-45.395303787158,"HOLDER_PROFIT":-68096250.76,"HOLDER_PROFIT_YOY":-256.8045510672,"GROSS_PROFIT_RATIO":32.876777027346,"EPS_TTM":-0.077334382813,"OPERATE_INCOME_QOQ":-26.098414723476,"NET_PROFIT_RATIO":-9.7982796183,"ROE_AVG":-4.064170585761,"GROSS_PROFIT_QOQ":-32.847584242409,"ROA":-3.448461045036,"HOLDER_PROFIT_QOQ":2.078807071821,"ROE_YEARLY":-4.064170585761,"ROIC_YEARLY":-4.358560251335,"TOTAL_ASSETS":1937208679.48,"TOTAL_LIABILITIES":272253707.2,"TAX_EBT":7.526230370083,"OCF_SALES":6.043860892017,"TOTAL_PARENT_EQUITY":1664954972.28,"DEBT_ASSET_RATIO":14.0539173752,"OPERATE_PROFIT":-68966506.52,"PRETAX_PROFIT":-73638450.16,"NETCASH_OPERATE":42003727.48,"NETCASH_INVEST":-66908696.72,"NETCASH_FINANCE":-20079847.12,"END_CASH":300570685,"DIVI_RATIO":null,"DIVIDEND_RATE":null,"CURRENT_RATIO":4.428517317881,"COMMON_ACS":2354256546,"CURRENTDEBT_DEBT":62.84376159268,"ISSUED_COMMON_SHARES":880543017,"HK_COMMON_SHARES":880543017,"PER_SHARES":2000,"TOTAL_MARKET_CAP":180511318.485,"HKSK_MARKET_CAP":180511318.485,"PE_TTM":-3.393452616554,"PB_TTM":0.109370440499,"REPORT_DATE_SQ":"2019-12-31 00:00:00","REPORT_TYPE_SQ":"2019年年报","OPERATE_INCOME_SQ":1130276392.62,"DPS_HKD":null,"OPERATE_INCOME_QOQ_SQ":-7.506706328111,"NET_PROFIT_RATIO_SQ":-1.7971451419,"HOLDER_PROFIT_SQ":-20312707.28,"HOLDER_PROFIT_QOQ_SQ":-244.290864319265,"ROE_AVG_SQ":-1.095553144183,"PE_TTM_SQ":-4.577388219454,"PB_TTM_SQ":0.195613745521,"ROA_SQ":-0.916987109368,"START_DATE":"2020-01-01 00:00:00","FISCAL_YEAR":"12-31","CURRENCY":"HKD","IS_CNY_CODE":0,"DPS_HKD_LY":null,"ORG_TYPE":"一般企业","PREMIUM_INCOME":null,"PREMIUM_INCOME_YOY":null,"NET_INTEREST_INCOME":null,"NET_INTEREST_INCOME_YOY":null,"FEE_COMMISSION_INCOME":null,"FEE_COMMISSION_INCOME_YOY":null,"ACCOUNTS_RECE_TDAYS":3.448400136976,"INVENTORY_TDAYS":20.642744082978,"CURRENT_ASSETS_TDAYS":0.908295631915,"TOTAL_ASSETS_TDAYS":0.35194556385,"PREMIUM_EXPENSE":null,"LOAN_DEPOSIT":null,"LOAN_EQUITY":null,"LOAN_ASSETS":null,"DEPOSIT_EQUITY":null,"DEPOSIT_ASSETS":null,"EQUITY_MULTIPLIER":1.163520162246,"EQUITY_RATIO":0.163520162246},{"SECUCODE":"01105.HK","SECURITY_CODE":"01105","SECURITY_NAME_ABBR":"星岛","ORG_CODE":"10010492","STD_REPORT_DATE":"2020-06-30 00:00:00","REPORT_DATE":"2020-06-30 00:00:00","DATE_TYPE_CODE":"002","REPORT_TYPE":"2020年中报","PER_NETCASH_OPERATE":0.014757046233,"PER_OI":0.416105450552,"BPS":2.013467811942,"BASIC_EPS":-0.063758112,"DILUTED_EPS":-0.063758112,"OPERATE_INCOME":365559601.44,"OPERATE_INCOME_YOY":-36.6172846545,"GROSS_PROFIT":114617537.76,"GROSS_PROFIT_YOY":-40.552536838048,"HOLDER_PROFIT":-55991131.68,"HOLDER_PROFIT_YOY":-697.4112137375,"GROSS_PROFIT_RATIO":31.353994617705,"EPS_TTM":-0.079157435377,"OPERATE_INCOME_QOQ":-16.797771097377,"NET_PROFIT_RATIO":-15.3165534319,"ROE_AVG":-3.108129144269,"GROSS_PROFIT_QOQ":-18.685432836913,"ROA":-2.629278470088,"HOLDER_PROFIT_QOQ":-242.356592754484,"ROE_YEARLY":-6.216258288539,"ROIC_YEARLY":-6.611646019093,"TOTAL_ASSETS":2075230634.4,"TOTAL_LIABILITIES":302285612.64,"TAX_EBT":0.736818240705,"OCF_SALES":3.54646789988,"TOTAL_PARENT_EQUITY":1772945021.76,"DEBT_ASSET_RATIO":14.5663622939,"OPERATE_PROFIT":-52026802.08,"PRETAX_PROFIT":-56406746.88,"NETCASH_OPERATE":12964453.92,"NETCASH_INVEST":19652661.6,"NETCASH_FINANCE":-12678547.2,"END_CASH":388200125.28,"DIVI_RATIO":null,"DIVIDEND_RATE":null,"CURRENT_RATIO":4.232755728355,"COMMON_ACS":2354256546,"CURRENTDEBT_DEBT":61.244186854662,"ISSUED_COMMON_SHARES":880543017,"HK_COMMON_SHARES":880543017,"PER_SHARES":2000,"TOTAL_MARKET_CAP":180511318.485,"HKSK_MARKET_CAP":180511318.485,"PE_TTM":-3.393452616554,"PB_TTM":0.109370440499,"REPORT_DATE_SQ":"2019-06-30 00:00:00","REPORT_TYPE_SQ":"2019年中报","OPERATE_INCOME_SQ":555420842.64,"DPS_HKD":null,"OPERATE_INCOME_QOQ_SQ":-2.586774258953,"NET_PROFIT_RATIO_SQ":-1.2174455658,"HOLDER_PROFIT_SQ":-6761946.42,"HOLDER_PROFIT_QOQ_SQ":-33.726582718837,"ROE_AVG_SQ":-0.369482930581,"PE_TTM_SQ":-4.577388219454,"PB_TTM_SQ":0.195613745521,"ROA_SQ":-0.309730938623,"START_DATE":"2020-01-01 00:00:00","FISCAL_YEAR":"12-31","CURRENCY":"HKD","IS_CNY_CODE":0,"DPS_HKD_LY":null,"ORG_TYPE":"一般企业","PREMIUM_INCOME":null,"PREMIUM_INCOME_YOY":null,"NET_INTEREST_INCOME":null,"NET_INTEREST_INCOME_YOY":null,"FEE_COMMISSION_INCOME":null,"FEE_COMMISSION_INCOME_YOY":null,"ACCOUNTS_RECE_TDAYS":1.625076137185,"INVENTORY_TDAYS":7.753499661323,"CURRENT_ASSETS_TDAYS":0.450714361332,"TOTAL_ASSETS_TDAYS":0.171662540256,"PREMIUM_EXPENSE":null,"LOAN_DEPOSIT":null,"LOAN_EQUITY":null,"LOAN_ASSETS":null,"DEPOSIT_EQUITY":null,"DEPOSIT_ASSETS":null,"EQUITY_MULTIPLIER":1.170499146297,"EQUITY_RATIO":0.170499146296}],"count":47},"success":true,"message":"ok","code":0}