{"version":"a0c8d50020c608bda99a906d94ccc22f","result":{"pages":4,"data":[{"SECUCODE":"01101.HK","SECURITY_CODE":"01101","SECURITY_NAME_ABBR":"华荣能源","ORG_CODE":"10164052","STD_REPORT_DATE":"2024-06-30 00:00:00","REPORT_DATE":"2024-06-30 00:00:00","DATE_TYPE_CODE":"002","REPORT_TYPE":"2024年中报","PER_NETCASH_OPERATE":-0.000237292111,"PER_OI":0.008547756545,"BPS":-2.650521016848,"BASIC_EPS":-0.03,"DILUTED_EPS":-0.03,"OPERATE_INCOME":40777000,"OPERATE_INCOME_YOY":-16.874936296,"GROSS_PROFIT":16342000,"GROSS_PROFIT_YOY":-19.59655596556,"HOLDER_PROFIT":-345243000,"HOLDER_PROFIT_YOY":22.3887005548,"GROSS_PROFIT_RATIO":40.07651372097,"EPS_TTM":-0.089473799371,"OPERATE_INCOME_QOQ":-10.019123235942,"NET_PROFIT_RATIO":-846.3570149839,"ROE_AVG":3.680646459357,"GROSS_PROFIT_QOQ":-12.647254945543,"ROA":-24.429253146679,"HOLDER_PROFIT_QOQ":18.918672484504,"ROE_YEARLY":7.361292918714,"ROIC_YEARLY":-57.114355514914,"TOTAL_ASSETS":1421342000,"TOTAL_LIABILITIES":10757783000,"TAX_EBT":-0.092807693758,"OCF_SALES":-2.77607474802,"TOTAL_PARENT_EQUITY":-9544288000,"DEBT_ASSET_RATIO":756.8750518876,"OPERATE_PROFIT":-1673000,"PRETAX_PROFIT":-344799000,"NETCASH_OPERATE":-1132000,"NETCASH_INVEST":-1062000,"NETCASH_FINANCE":3663000,"END_CASH":3627000,"DIVI_RATIO":null,"DIVIDEND_RATE":null,"CURRENT_RATIO":0.003734681253,"COMMON_ACS":52994000000,"CURRENTDEBT_DEBT":77.870635613304,"ISSUED_COMMON_SHARES":4770491507,"HK_COMMON_SHARES":4770491507,"PER_SHARES":2000,"TOTAL_MARKET_CAP":147885236.717,"HKSK_MARKET_CAP":147885236.717,"PE_TTM":-0.310227667434,"PB_TTM":-0.01067453524,"REPORT_DATE_SQ":"2023-06-30 00:00:00","REPORT_TYPE_SQ":"2023年中报","OPERATE_INCOME_SQ":49055000,"DPS_HKD":null,"OPERATE_INCOME_QOQ_SQ":-1.811463853372,"NET_PROFIT_RATIO_SQ":-900.1732748955,"HOLDER_PROFIT_SQ":-444836000,"HOLDER_PROFIT_QOQ_SQ":-9.35464546585,"ROE_AVG_SQ":5.002074939704,"PE_TTM_SQ":-0.136926062349,"PB_TTM_SQ":-0.011128748671,"ROA_SQ":-30.839636124517,"START_DATE":"2024-01-01 00:00:00","FISCAL_YEAR":"12-31","CURRENCY":"HKD","IS_CNY_CODE":0,"DPS_HKD_LY":null,"ORG_TYPE":"一般企业","PREMIUM_INCOME":null,"PREMIUM_INCOME_YOY":null,"NET_INTEREST_INCOME":null,"NET_INTEREST_INCOME_YOY":null,"FEE_COMMISSION_INCOME":null,"FEE_COMMISSION_INCOME_YOY":null,"ACCOUNTS_RECE_TDAYS":4.5037552463,"INVENTORY_TDAYS":7.951513179304,"CURRENT_ASSETS_TDAYS":1.43717618863,"TOTAL_ASSETS_TDAYS":0.028853638034,"PREMIUM_EXPENSE":null,"LOAN_DEPOSIT":null,"LOAN_EQUITY":null,"LOAN_ASSETS":null,"DEPOSIT_EQUITY":null,"DEPOSIT_ASSETS":null,"EQUITY_MULTIPLIER":-0.152235953722,"EQUITY_RATIO":-1.127143585776},{"SECUCODE":"01101.HK","SECURITY_CODE":"01101","SECURITY_NAME_ABBR":"华荣能源","ORG_CODE":"10164052","STD_REPORT_DATE":"2023-12-31 00:00:00","REPORT_DATE":"2023-12-31 00:00:00","DATE_TYPE_CODE":"001","REPORT_TYPE":"2023年年报","PER_NETCASH_OPERATE":0.001475110057,"PER_OI":0.017319389392,"BPS":-2.581625600198,"BASIC_EPS":-0.04,"DILUTED_EPS":-0.04,"OPERATE_INCOME":82622000,"OPERATE_INCOME_YOY":-19.6635713938,"GROSS_PROFIT":31493000,"GROSS_PROFIT_YOY":-31.20494560706,"HOLDER_PROFIT":-526427000,"HOLDER_PROFIT_YOY":22.8950656252,"GROSS_PROFIT_RATIO":38.116966425407,"EPS_TTM":-0.110350683829,"OPERATE_INCOME_QOQ":-18.181458081638,"NET_PROFIT_RATIO":-635.5692188521,"ROE_AVG":5.878045192413,"GROSS_PROFIT_QOQ":-22.966097549044,"ROA":-37.246859580032,"HOLDER_PROFIT_QOQ":29.49093836265,"ROE_YEARLY":5.878045192413,"ROIC_YEARLY":-43.339506536199,"TOTAL_ASSETS":1405130000,"TOTAL_LIABILITIES":10425805000,"TAX_EBT":-0.307156282951,"OCF_SALES":8.517101982523,"TOTAL_PARENT_EQUITY":-9215623000,"DEBT_ASSET_RATIO":741.9815248411,"OPERATE_PROFIT":-11809000,"PRETAX_PROFIT":-523512000,"NETCASH_OPERATE":7037000,"NETCASH_INVEST":-8067000,"NETCASH_FINANCE":-11690000,"END_CASH":2143000,"DIVI_RATIO":null,"DIVIDEND_RATE":null,"CURRENT_RATIO":0.00312992162,"COMMON_ACS":52994000000,"CURRENTDEBT_DEBT":78.02168753396,"ISSUED_COMMON_SHARES":4770491507,"HK_COMMON_SHARES":4770491507,"PER_SHARES":2000,"TOTAL_MARKET_CAP":152655728.224,"HKSK_MARKET_CAP":152655728.224,"PE_TTM":-0.320235011545,"PB_TTM":-0.011018875087,"REPORT_DATE_SQ":"2022-12-31 00:00:00","REPORT_TYPE_SQ":"2022年年报","OPERATE_INCOME_SQ":102845000,"DPS_HKD":null,"OPERATE_INCOME_QOQ_SQ":-55.735510583536,"NET_PROFIT_RATIO_SQ":-652.3253439642,"HOLDER_PROFIT_SQ":-682741000,"HOLDER_PROFIT_QOQ_SQ":-41.280240370986,"ROE_AVG_SQ":8.144660622937,"PE_TTM_SQ":-0.160739290583,"PB_TTM_SQ":-0.013064183223,"ROA_SQ":-48.710310205471,"START_DATE":"2023-01-01 00:00:00","FISCAL_YEAR":"12-31","CURRENCY":"HKD","IS_CNY_CODE":0,"DPS_HKD_LY":null,"ORG_TYPE":"一般企业","PREMIUM_INCOME":null,"PREMIUM_INCOME_YOY":null,"NET_INTEREST_INCOME":null,"NET_INTEREST_INCOME_YOY":null,"FEE_COMMISSION_INCOME":null,"FEE_COMMISSION_INCOME_YOY":null,"ACCOUNTS_RECE_TDAYS":12.698378544532,"INVENTORY_TDAYS":12.852941176471,"CURRENT_ASSETS_TDAYS":2.315606563809,"TOTAL_ASSETS_TDAYS":0.058458438344,"PREMIUM_EXPENSE":null,"LOAN_DEPOSIT":null,"LOAN_EQUITY":null,"LOAN_ASSETS":null,"DEPOSIT_EQUITY":null,"DEPOSIT_ASSETS":null,"EQUITY_MULTIPLIER":-0.155767722482,"EQUITY_RATIO":-1.131318522904},{"SECUCODE":"01101.HK","SECURITY_CODE":"01101","SECURITY_NAME_ABBR":"华荣能源","ORG_CODE":"10164052","STD_REPORT_DATE":"2023-06-30 00:00:00","REPORT_DATE":"2023-06-30 00:00:00","DATE_TYPE_CODE":"002","REPORT_TYPE":"2023年中报","PER_NETCASH_OPERATE":-0.000782938193,"PER_OI":0.010283007511,"BPS":-1.905473888102,"BASIC_EPS":-0.04,"DILUTED_EPS":-0.04,"OPERATE_INCOME":49055000,"OPERATE_INCOME_YOY":-3.6588239915,"GROSS_PROFIT":20325000,"GROSS_PROFIT_YOY":-19.41239443321,"HOLDER_PROFIT":-444836000,"HOLDER_PROFIT_YOY":-16.7646626488,"GROSS_PROFIT_RATIO":41.433085312404,"EPS_TTM":-0.156505676387,"OPERATE_INCOME_QOQ":-1.811463853372,"NET_PROFIT_RATIO":-900.1732748955,"ROE_AVG":5.002074939704,"GROSS_PROFIT_QOQ":-10.695093713137,"ROA":-30.839636124517,"HOLDER_PROFIT_QOQ":-9.35464546585,"ROE_YEARLY":10.004149879408,"ROIC_YEARLY":-71.281623352457,"TOTAL_ASSETS":1463271000,"TOTAL_LIABILITIES":10370364000,"TAX_EBT":-0.275452066118,"OCF_SALES":-7.613902762206,"TOTAL_PARENT_EQUITY":-9090047000,"DEBT_ASSET_RATIO":708.7110999945,"OPERATE_PROFIT":5171000,"PRETAX_PROFIT":-440367000,"NETCASH_OPERATE":-3735000,"NETCASH_INVEST":-1200000,"NETCASH_FINANCE":-4440000,"END_CASH":5378000,"DIVI_RATIO":null,"DIVIDEND_RATE":null,"CURRENT_RATIO":0.006116777805,"COMMON_ACS":52994000000,"CURRENTDEBT_DEBT":75.914490561759,"ISSUED_COMMON_SHARES":4770491507,"HK_COMMON_SHARES":4770491507,"PER_SHARES":2000,"TOTAL_MARKET_CAP":152655728.224,"HKSK_MARKET_CAP":152655728.224,"PE_TTM":-0.320235011545,"PB_TTM":-0.011018875087,"REPORT_DATE_SQ":"2022-06-30 00:00:00","REPORT_TYPE_SQ":"2022年中报","OPERATE_INCOME_SQ":50918000,"DPS_HKD":null,"OPERATE_INCOME_QOQ_SQ":-26.653702639737,"NET_PROFIT_RATIO_SQ":-734.7990887309,"HOLDER_PROFIT_SQ":-380968000,"HOLDER_PROFIT_QOQ_SQ":-161.124679843948,"ROE_AVG_SQ":4.617361026818,"PE_TTM_SQ":-0.160739290583,"PB_TTM_SQ":-0.013064183223,"ROA_SQ":-27.336419761945,"START_DATE":"2023-01-01 00:00:00","FISCAL_YEAR":"12-31","CURRENCY":"HKD","IS_CNY_CODE":0,"DPS_HKD_LY":null,"ORG_TYPE":"一般企业","PREMIUM_INCOME":null,"PREMIUM_INCOME_YOY":null,"NET_INTEREST_INCOME":null,"NET_INTEREST_INCOME_YOY":null,"FEE_COMMISSION_INCOME":null,"FEE_COMMISSION_INCOME_YOY":null,"ACCOUNTS_RECE_TDAYS":5.155002101723,"INVENTORY_TDAYS":6.563856522732,"CURRENT_ASSETS_TDAYS":1.043101981798,"TOTAL_ASSETS_TDAYS":0.034008901035,"PREMIUM_EXPENSE":null,"LOAN_DEPOSIT":null,"LOAN_EQUITY":null,"LOAN_ASSETS":null,"DEPOSIT_EQUITY":null,"DEPOSIT_ASSETS":null,"EQUITY_MULTIPLIER":-0.164281545056,"EQUITY_RATIO":-1.140848226637},{"SECUCODE":"01101.HK","SECURITY_CODE":"01101","SECURITY_NAME_ABBR":"华荣能源","ORG_CODE":"10164052","STD_REPORT_DATE":"2022-12-31 00:00:00","REPORT_DATE":"2022-12-31 00:00:00","DATE_TYPE_CODE":"001","REPORT_TYPE":"2022年年报","PER_NETCASH_OPERATE":0.004591560423,"PER_OI":0.021558575222,"BPS":-2.472703699963,"BASIC_EPS":-0.06,"DILUTED_EPS":-0.06,"OPERATE_INCOME":102845000,"OPERATE_INCOME_YOY":-67.5336359676,"GROSS_PROFIT":45778000,"GROSS_PROFIT_YOY":-13.750094204537,"HOLDER_PROFIT":-682741000,"HOLDER_PROFIT_YOY":-268.9175753515,"GROSS_PROFIT_RATIO":44.511643735719,"EPS_TTM":-0.143117538098,"OPERATE_INCOME_QOQ":-55.735510583536,"NET_PROFIT_RATIO":-652.3253439642,"ROE_AVG":8.144660622937,"GROSS_PROFIT_QOQ":-17.369722568185,"ROA":-48.710310205471,"HOLDER_PROFIT_QOQ":-41.280240370986,"ROE_YEARLY":8.144660622937,"ROIC_YEARLY":-56.827222158872,"TOTAL_ASSETS":1421562000,"TOTAL_LIABILITIES":9931873000,"TAX_EBT":-0.533022041668,"OCF_SALES":21.298069911031,"TOTAL_PARENT_EQUITY":-8696012000,"DEBT_ASSET_RATIO":698.6591509902,"OPERATE_PROFIT":18146000,"PRETAX_PROFIT":-667327000,"NETCASH_OPERATE":21904000,"NETCASH_INVEST":-13763000,"NETCASH_FINANCE":-21206000,"END_CASH":14583000,"DIVI_RATIO":null,"DIVIDEND_RATE":null,"CURRENT_RATIO":0.006056674726,"COMMON_ACS":52994000000,"CURRENTDEBT_DEBT":76.305657553213,"ISSUED_COMMON_SHARES":4770491507,"HK_COMMON_SHARES":4770491507,"PER_SHARES":2000,"TOTAL_MARKET_CAP":152655728.224,"HKSK_MARKET_CAP":152655728.224,"PE_TTM":-0.320235011545,"PB_TTM":-0.011018875087,"REPORT_DATE_SQ":"2021-12-31 00:00:00","REPORT_TYPE_SQ":"2021年年报","OPERATE_INCOME_SQ":316774000,"DPS_HKD":null,"OPERATE_INCOME_QOQ_SQ":103.200933979935,"NET_PROFIT_RATIO_SQ":-55.9237816235,"HOLDER_PROFIT_SQ":-185066000,"HOLDER_PROFIT_QOQ_SQ":-178.798433109086,"ROE_AVG_SQ":2.322631785565,"PE_TTM_SQ":-0.160739290583,"PB_TTM_SQ":-0.013064183223,"ROA_SQ":-15.50198899165,"START_DATE":"2022-01-01 00:00:00","FISCAL_YEAR":"12-31","CURRENCY":"HKD","IS_CNY_CODE":0,"DPS_HKD_LY":null,"ORG_TYPE":"一般企业","PREMIUM_INCOME":null,"PREMIUM_INCOME_YOY":null,"NET_INTEREST_INCOME":null,"NET_INTEREST_INCOME_YOY":null,"FEE_COMMISSION_INCOME":null,"FEE_COMMISSION_INCOME_YOY":null,"ACCOUNTS_RECE_TDAYS":11.869698193779,"INVENTORY_TDAYS":12.290975662287,"CURRENT_ASSETS_TDAYS":1.873827093013,"TOTAL_ASSETS_TDAYS":0.073374996567,"PREMIUM_EXPENSE":null,"LOAN_DEPOSIT":null,"LOAN_EQUITY":null,"LOAN_ASSETS":null,"DEPOSIT_EQUITY":null,"DEPOSIT_ASSETS":null,"EQUITY_MULTIPLIER":-0.167039958939,"EQUITY_RATIO":-1.142118134152},{"SECUCODE":"01101.HK","SECURITY_CODE":"01101","SECURITY_NAME_ABBR":"华荣能源","ORG_CODE":"10164052","STD_REPORT_DATE":"2022-06-30 00:00:00","REPORT_DATE":"2022-06-30 00:00:00","DATE_TYPE_CODE":"002","REPORT_TYPE":"2022年中报","PER_NETCASH_OPERATE":0.003813024292,"PER_OI":0.010673533309,"BPS":-2.417401851167,"BASIC_EPS":-0.03,"DILUTED_EPS":-0.03,"OPERATE_INCOME":50918000,"OPERATE_INCOME_YOY":-62.3804950129,"GROSS_PROFIT":25221000,"GROSS_PROFIT_YOY":10.154612159329,"HOLDER_PROFIT":-380968000,"HOLDER_PROFIT_YOY":-360.2118843696,"GROSS_PROFIT_RATIO":49.532581798185,"EPS_TTM":-0.101300463336,"OPERATE_INCOME_QOQ":-26.653702639737,"NET_PROFIT_RATIO":-734.7990887309,"ROE_AVG":4.617361026818,"GROSS_PROFIT_QOQ":4.380510965408,"ROA":-27.336419761945,"HOLDER_PROFIT_QOQ":-161.124679843948,"ROE_YEARLY":9.234722053635,"ROIC_YEARLY":-63.889021652819,"TOTAL_ASSETS":1405547000,"TOTAL_LIABILITIES":9654470000,"TAX_EBT":-0.261812374051,"OCF_SALES":35.724105424408,"TOTAL_PARENT_EQUITY":-8432195000,"DEBT_ASSET_RATIO":686.8834695674,"OPERATE_PROFIT":7584000,"PRETAX_PROFIT":-373168000,"NETCASH_OPERATE":18190000,"NETCASH_INVEST":-3339000,"NETCASH_FINANCE":-20609000,"END_CASH":18677000,"DIVI_RATIO":null,"DIVIDEND_RATE":null,"CURRENT_RATIO":0.006766569943,"COMMON_ACS":52994000000,"CURRENTDEBT_DEBT":76.410222415109,"ISSUED_COMMON_SHARES":4770491507,"HK_COMMON_SHARES":4770491507,"PER_SHARES":2000,"TOTAL_MARKET_CAP":152655728.224,"HKSK_MARKET_CAP":152655728.224,"PE_TTM":-0.320235011545,"PB_TTM":-0.011018875087,"REPORT_DATE_SQ":"2021-06-30 00:00:00","REPORT_TYPE_SQ":"2021年中报","OPERATE_INCOME_SQ":135350000,"DPS_HKD":null,"OPERATE_INCOME_QOQ_SQ":347.965517241379,"NET_PROFIT_RATIO_SQ":-59.2951606945,"HOLDER_PROFIT_SQ":-82781000,"HOLDER_PROFIT_QOQ_SQ":-69.989739317326,"ROE_AVG_SQ":1.046342503277,"PE_TTM_SQ":-0.160739290583,"PB_TTM_SQ":-0.013064183223,"ROA_SQ":-6.742562338219,"START_DATE":"2022-01-01 00:00:00","FISCAL_YEAR":"12-31","CURRENCY":"HKD","IS_CNY_CODE":0,"DPS_HKD_LY":null,"ORG_TYPE":"一般企业","PREMIUM_INCOME":null,"PREMIUM_INCOME_YOY":null,"NET_INTEREST_INCOME":null,"NET_INTEREST_INCOME_YOY":null,"FEE_COMMISSION_INCOME":null,"FEE_COMMISSION_INCOME_YOY":null,"ACCOUNTS_RECE_TDAYS":6.323253647935,"INVENTORY_TDAYS":5.571165311653,"CURRENT_ASSETS_TDAYS":0.894978292584,"TOTAL_ASSETS_TDAYS":0.036536292325,"PREMIUM_EXPENSE":null,"LOAN_DEPOSIT":null,"LOAN_EQUITY":null,"LOAN_ASSETS":null,"DEPOSIT_EQUITY":null,"DEPOSIT_ASSETS":null,"EQUITY_MULTIPLIER":-0.170391577179,"EQUITY_RATIO":-1.144953360305},{"SECUCODE":"01101.HK","SECURITY_CODE":"01101","SECURITY_NAME_ABBR":"华荣能源","ORG_CODE":"10164052","STD_REPORT_DATE":"2021-12-31 00:00:00","REPORT_DATE":"2021-12-31 00:00:00","DATE_TYPE_CODE":"001","REPORT_TYPE":"2021年年报","PER_NETCASH_OPERATE":0.005944670472,"PER_OI":0.066402801375,"BPS":-2.341341973591,"BASIC_EPS":-0.02,"DILUTED_EPS":-0.02,"OPERATE_INCOME":316774000,"OPERATE_INCOME_YOY":810.2701149425,"GROSS_PROFIT":53076000,"GROSS_PROFIT_YOY":925.828535864322,"HOLDER_PROFIT":-185066000,"HOLDER_PROFIT_YOY":-123.6476151899,"GROSS_PROFIT_RATIO":16.755162986861,"EPS_TTM":-0.038793906189,"OPERATE_INCOME_QOQ":103.200933979935,"NET_PROFIT_RATIO":-55.9237816235,"ROE_AVG":2.322631785565,"GROSS_PROFIT_QOQ":319.606292987588,"ROA":-15.50198899165,"HOLDER_PROFIT_QOQ":-178.798433109086,"ROE_YEARLY":2.322631785565,"ROIC_YEARLY":-16.793746968562,"TOTAL_ASSETS":1381709000,"TOTAL_LIABILITIES":9274823000,"TAX_EBT":-3.504446288138,"OCF_SALES":8.952439278476,"TOTAL_PARENT_EQUITY":-8069352000,"DEBT_ASSET_RATIO":671.2573342144,"OPERATE_PROFIT":22094000,"PRETAX_PROFIT":-171154000,"NETCASH_OPERATE":28359000,"NETCASH_INVEST":-10385000,"NETCASH_FINANCE":-9952000,"END_CASH":23883000,"DIVI_RATIO":null,"DIVIDEND_RATE":null,"CURRENT_RATIO":0.00905668864,"COMMON_ACS":52994000000,"CURRENTDEBT_DEBT":76.03526234409,"ISSUED_COMMON_SHARES":4770491507,"HK_COMMON_SHARES":4770491507,"PER_SHARES":2000,"TOTAL_MARKET_CAP":152655728.224,"HKSK_MARKET_CAP":152655728.224,"PE_TTM":-0.320235011545,"PB_TTM":-0.011018875087,"REPORT_DATE_SQ":"2020-12-31 00:00:00","REPORT_TYPE_SQ":"2020年年报","OPERATE_INCOME_SQ":34800000,"DPS_HKD":null,"OPERATE_INCOME_QOQ_SQ":1.825842696629,"NET_PROFIT_RATIO_SQ":2198.1522988506,"HOLDER_PROFIT_SQ":782599000,"HOLDER_PROFIT_QOQ_SQ":52.310249329044,"ROE_AVG_SQ":-9.536296676933,"PE_TTM_SQ":-0.160739290583,"PB_TTM_SQ":-0.013064183223,"ROA_SQ":46.653851645212,"START_DATE":"2021-01-01 00:00:00","FISCAL_YEAR":"12-31","CURRENCY":"HKD","IS_CNY_CODE":0,"DPS_HKD_LY":null,"ORG_TYPE":"一般企业","PREMIUM_INCOME":null,"PREMIUM_INCOME_YOY":null,"NET_INTEREST_INCOME":null,"NET_INTEREST_INCOME_YOY":null,"FEE_COMMISSION_INCOME":null,"FEE_COMMISSION_INCOME_YOY":null,"ACCOUNTS_RECE_TDAYS":49.002088328564,"INVENTORY_TDAYS":102.946710911575,"CURRENT_ASSETS_TDAYS":6.590396538093,"TOTAL_ASSETS_TDAYS":0.265344637094,"PREMIUM_EXPENSE":null,"LOAN_DEPOSIT":null,"LOAN_EQUITY":null,"LOAN_ASSETS":null,"DEPOSIT_EQUITY":null,"DEPOSIT_ASSETS":null,"EQUITY_MULTIPLIER":-0.175052457116,"EQUITY_RATIO":-1.149388823291},{"SECUCODE":"01101.HK","SECURITY_CODE":"01101","SECURITY_NAME_ABBR":"华荣能源","ORG_CODE":"10164052","STD_REPORT_DATE":"2021-06-30 00:00:00","REPORT_DATE":"2021-06-30 00:00:00","DATE_TYPE_CODE":"002","REPORT_TYPE":"2021年中报","PER_NETCASH_OPERATE":-0.001937536203,"PER_OI":0.028372338532,"BPS":-2.317662652533,"BASIC_EPS":-0.01,"DILUTED_EPS":-0.01,"OPERATE_INCOME":135350000,"OPERATE_INCOME_YOY":849.291625754,"GROSS_PROFIT":22896000,"GROSS_PROFIT_YOY":499.371727748691,"HOLDER_PROFIT":-82781000,"HOLDER_PROFIT_YOY":-117.8039736922,"GROSS_PROFIT_RATIO":16.916143332102,"EPS_TTM":0.049231824363,"OPERATE_INCOME_QOQ":347.965517241379,"NET_PROFIT_RATIO":-59.2951606945,"ROE_AVG":1.046342503277,"GROSS_PROFIT_QOQ":296.810331414346,"ROA":-6.742562338219,"HOLDER_PROFIT_QOQ":-69.989739317326,"ROE_YEARLY":2.092685006553,"ROIC_YEARLY":-14.518365870502,"TOTAL_ASSETS":1449543000,"TOTAL_LIABILITIES":9225287000,"TAX_EBT":-5.538898532429,"OCF_SALES":-6.828961950499,"TOTAL_PARENT_EQUITY":-7956390000,"DEBT_ASSET_RATIO":636.4272739753,"OPERATE_PROFIT":17979000,"PRETAX_PROFIT":-76044000,"NETCASH_OPERATE":-9243000,"NETCASH_INVEST":-4848000,"NETCASH_FINANCE":8659000,"END_CASH":10571000,"DIVI_RATIO":null,"DIVIDEND_RATE":null,"CURRENT_RATIO":0.012987445646,"COMMON_ACS":52994000000,"CURRENTDEBT_DEBT":85.898921085057,"ISSUED_COMMON_SHARES":4770491507,"HK_COMMON_SHARES":4770491507,"PER_SHARES":2000,"TOTAL_MARKET_CAP":152655728.224,"HKSK_MARKET_CAP":152655728.224,"PE_TTM":-0.320235011545,"PB_TTM":-0.011018875087,"REPORT_DATE_SQ":"2020-06-30 00:00:00","REPORT_TYPE_SQ":"2020年中报","OPERATE_INCOME_SQ":14258000,"DPS_HKD":null,"OPERATE_INCOME_QOQ_SQ":-28.422728129516,"NET_PROFIT_RATIO_SQ":3187.9436106046,"HOLDER_PROFIT_SQ":464958000,"HOLDER_PROFIT_QOQ_SQ":274.176376347218,"ROE_AVG_SQ":-5.60063402495,"PE_TTM_SQ":-0.160739290583,"PB_TTM_SQ":-0.013064183223,"ROA_SQ":23.178925313,"START_DATE":"2021-01-01 00:00:00","FISCAL_YEAR":"12-31","CURRENCY":"HKD","IS_CNY_CODE":0,"DPS_HKD_LY":null,"ORG_TYPE":"一般企业","PREMIUM_INCOME":null,"PREMIUM_INCOME_YOY":null,"NET_INTEREST_INCOME":null,"NET_INTEREST_INCOME_YOY":null,"FEE_COMMISSION_INCOME":null,"FEE_COMMISSION_INCOME_YOY":null,"ACCOUNTS_RECE_TDAYS":43.951940250041,"INVENTORY_TDAYS":76.812841530055,"CURRENT_ASSETS_TDAYS":2.002500351381,"TOTAL_ASSETS_TDAYS":0.110243390691,"PREMIUM_EXPENSE":null,"LOAN_DEPOSIT":null,"LOAN_EQUITY":null,"LOAN_ASSETS":null,"DEPOSIT_EQUITY":null,"DEPOSIT_ASSETS":null,"EQUITY_MULTIPLIER":-0.186418560076,"EQUITY_RATIO":-1.159481498519},{"SECUCODE":"01101.HK","SECURITY_CODE":"01101","SECURITY_NAME_ABBR":"华荣能源","ORG_CODE":"10164052","STD_REPORT_DATE":"2020-12-31 00:00:00","REPORT_DATE":"2020-12-31 00:00:00","DATE_TYPE_CODE":"001","REPORT_TYPE":"2020年年报","PER_NETCASH_OPERATE":-0.001889952007,"PER_OI":0.007294845814,"BPS":-2.298827276793,"BASIC_EPS":0.07,"DILUTED_EPS":0.07,"OPERATE_INCOME":34800000,"OPERATE_INCOME_YOY":-27.1158397386,"GROSS_PROFIT":-6427000,"GROSS_PROFIT_YOY":-149.184969771179,"HOLDER_PROFIT":782599000,"HOLDER_PROFIT_YOY":469.9089717448,"GROSS_PROFIT_RATIO":-18.468390804598,"EPS_TTM":0.164049972388,"OPERATE_INCOME_QOQ":1.825842696629,"NET_PROFIT_RATIO":2198.1522988506,"ROE_AVG":-9.536296676933,"GROSS_PROFIT_QOQ":-199.968890962825,"ROA":46.653851645212,"HOLDER_PROFIT_QOQ":52.310249329044,"ROE_YEARLY":-9.536296676933,"ROIC_YEARLY":46.784978332179,"TOTAL_ASSETS":1005933000,"TOTAL_LIABILITIES":8904999000,"TAX_EBT":0.001045799481,"OCF_SALES":-25.908045977012,"TOTAL_PARENT_EQUITY":-7866536000,"DEBT_ASSET_RATIO":885.2477252461,"OPERATE_PROFIT":-1199454000,"PRETAX_PROFIT":764965000,"NETCASH_OPERATE":-9016000,"NETCASH_INVEST":-12129000,"NETCASH_FINANCE":-5097000,"END_CASH":16064000,"DIVI_RATIO":null,"DIVIDEND_RATE":null,"CURRENT_RATIO":0.004327306561,"COMMON_ACS":52994000000,"CURRENTDEBT_DEBT":83.724624786595,"ISSUED_COMMON_SHARES":4770491507,"HK_COMMON_SHARES":4770491507,"PER_SHARES":2000,"TOTAL_MARKET_CAP":152655728.224,"HKSK_MARKET_CAP":152655728.224,"PE_TTM":-0.320235011545,"PB_TTM":-0.011018875087,"REPORT_DATE_SQ":"2019-12-31 00:00:00","REPORT_TYPE_SQ":"2019年年报","OPERATE_INCOME_SQ":47747000,"DPS_HKD":null,"OPERATE_INCOME_QOQ_SQ":-13.152533740769,"NET_PROFIT_RATIO_SQ":234.7100341383,"HOLDER_PROFIT_SQ":137320000,"HOLDER_PROFIT_QOQ_SQ":-87.411916877583,"ROE_AVG_SQ":-1.563381889214,"PE_TTM_SQ":-0.160739290583,"PB_TTM_SQ":-0.013064183223,"ROA_SQ":1.007863345121,"START_DATE":"2020-01-01 00:00:00","FISCAL_YEAR":"12-31","CURRENCY":"HKD","IS_CNY_CODE":0,"DPS_HKD_LY":null,"ORG_TYPE":"一般企业","PREMIUM_INCOME":null,"PREMIUM_INCOME_YOY":null,"NET_INTEREST_INCOME":null,"NET_INTEREST_INCOME_YOY":null,"FEE_COMMISSION_INCOME":null,"FEE_COMMISSION_INCOME_YOY":null,"ACCOUNTS_RECE_TDAYS":18.402961396087,"INVENTORY_TDAYS":32.526232741617,"CURRENT_ASSETS_TDAYS":0.724253113976,"TOTAL_ASSETS_TDAYS":0.020745669714,"PREMIUM_EXPENSE":null,"LOAN_DEPOSIT":null,"LOAN_EQUITY":null,"LOAN_ASSETS":null,"DEPOSIT_EQUITY":null,"DEPOSIT_ASSETS":null,"EQUITY_MULTIPLIER":-0.12734834726,"EQUITY_RATIO":-1.132010201186},{"SECUCODE":"01101.HK","SECURITY_CODE":"01101","SECURITY_NAME_ABBR":"华荣能源","ORG_CODE":"10164052","STD_REPORT_DATE":"2020-06-30 00:00:00","REPORT_DATE":"2020-06-30 00:00:00","DATE_TYPE_CODE":"002","REPORT_TYPE":"2020年中报","PER_NETCASH_OPERATE":-0.002024529335,"PER_OI":0.002988790564,"BPS":-2.338803031853,"BASIC_EPS":0.04,"DILUTED_EPS":0.04,"OPERATE_INCOME":14258000,"OPERATE_INCOME_YOY":-48.7656760933,"GROSS_PROFIT":3820000,"GROSS_PROFIT_YOY":-63.472939376554,"HOLDER_PROFIT":464958000,"HOLDER_PROFIT_YOY":425.6197786545,"GROSS_PROFIT_RATIO":26.791976434283,"EPS_TTM":0.107707769576,"OPERATE_INCOME_QOQ":-28.422728129516,"NET_PROFIT_RATIO":3187.9436106046,"ROE_AVG":-5.60063402495,"GROSS_PROFIT_QOQ":-50.799724496824,"ROA":23.178925313,"HOLDER_PROFIT_QOQ":274.176376347218,"ROE_YEARLY":-11.201268049899,"ROIC_YEARLY":46.4204016626,"TOTAL_ASSETS":1662919000,"TOTAL_LIABILITIES":9747869000,"TAX_EBT":-0.525151362175,"OCF_SALES":-67.737410576518,"TOTAL_PARENT_EQUITY":-8057240000,"DEBT_ASSET_RATIO":586.1902473903,"OPERATE_PROFIT":-708998000,"PRETAX_PROFIT":-885459000,"NETCASH_OPERATE":-9658000,"NETCASH_INVEST":-5627000,"NETCASH_FINANCE":-20319000,"END_CASH":7247000,"DIVI_RATIO":null,"DIVIDEND_RATE":null,"CURRENT_RATIO":0.00344753026,"COMMON_ACS":52994000000,"CURRENTDEBT_DEBT":91.852444877952,"ISSUED_COMMON_SHARES":4770491507,"HK_COMMON_SHARES":4770491507,"PER_SHARES":2000,"TOTAL_MARKET_CAP":152655728.224,"HKSK_MARKET_CAP":152655728.224,"PE_TTM":-0.320235011545,"PB_TTM":-0.011018875087,"REPORT_DATE_SQ":"2019-06-30 00:00:00","REPORT_TYPE_SQ":"2019年中报","OPERATE_INCOME_SQ":27829000,"DPS_HKD":null,"OPERATE_INCOME_QOQ_SQ":12.300841572024,"NET_PROFIT_RATIO_SQ":329.9004635452,"HOLDER_PROFIT_SQ":88459000,"HOLDER_PROFIT_QOQ_SQ":888.42520652496,"ROE_AVG_SQ":-1.039177195759,"PE_TTM_SQ":-0.160739290583,"PB_TTM_SQ":-0.013064183223,"ROA_SQ":0.669495161339,"START_DATE":"2020-01-01 00:00:00","FISCAL_YEAR":"12-31","CURRENCY":"HKD","IS_CNY_CODE":0,"DPS_HKD_LY":null,"ORG_TYPE":"一般企业","PREMIUM_INCOME":null,"PREMIUM_INCOME_YOY":null,"NET_INTEREST_INCOME":null,"NET_INTEREST_INCOME_YOY":null,"FEE_COMMISSION_INCOME":null,"FEE_COMMISSION_INCOME_YOY":null,"ACCOUNTS_RECE_TDAYS":8.930786094582,"INVENTORY_TDAYS":7.652492668622,"CURRENT_ASSETS_TDAYS":0.301106605846,"TOTAL_ASSETS_TDAYS":0.007107848819,"PREMIUM_EXPENSE":null,"LOAN_DEPOSIT":null,"LOAN_EQUITY":null,"LOAN_ASSETS":null,"DEPOSIT_EQUITY":null,"DEPOSIT_ASSETS":null,"EQUITY_MULTIPLIER":-0.205680801984,"EQUITY_RATIO":-1.209827310593}],"count":32},"success":true,"message":"ok","code":0}