{"version":"258cf76155781dafd43a299048db2053","result":{"pages":9,"data":[{"SECUCODE":"01108.HK","SECURITY_CODE":"01108","SECURITY_NAME_ABBR":"凯盛新能","ORG_CODE":"10004320","STD_REPORT_DATE":"2024-09-30 00:00:00","REPORT_DATE":"2024-09-30 00:00:00","DATE_TYPE_CODE":"004","REPORT_TYPE":"2024年三季报","PER_NETCASH_OPERATE":-0.123927887939,"PER_OI":5.722305178418,"BPS":6.783381919658,"BASIC_EPS":-0.38,"DILUTED_EPS":-0.38,"OPERATE_INCOME":3694749184.35,"OPERATE_INCOME_YOY":-21.9076584593,"GROSS_PROFIT":73126156.61,"GROSS_PROFIT_YOY":-86.564637317064,"HOLDER_PROFIT":-247291596.56,"HOLDER_PROFIT_YOY":-224.9835886612,"GROSS_PROFIT_RATIO":1.97919135945,"EPS_TTM":-0.078104765679,"OPERATE_INCOME_QOQ":-18.196707035148,"NET_PROFIT_RATIO":-6.8769220045,"ROE_AVG":-5.491091047188,"GROSS_PROFIT_QOQ":-56.66221962886,"ROA":-1.969529157184,"HOLDER_PROFIT_QOQ":-123.878414057004,"ROE_YEARLY":-7.321454729585,"ROIC_YEARLY":-2.089539030001,"TOTAL_ASSETS":12684049050.67,"TOTAL_LIABILITIES":7884887696.05,"TAX_EBT":11.870404402519,"OCF_SALES":-2.16569868393,"TOTAL_PARENT_EQUITY":4379859869.99,"DEBT_ASSET_RATIO":62.163806404,"OPERATE_PROFIT":-221317873.15,"PRETAX_PROFIT":-288308391.69,"NETCASH_OPERATE":-80017134.46,"NETCASH_INVEST":-355238617.59,"NETCASH_FINANCE":524743420.67,"END_CASH":320219568.16,"DIVI_RATIO":null,"DIVIDEND_RATE":null,"CURRENT_RATIO":0.86993429858,"COMMON_ACS":null,"CURRENTDEBT_DEBT":62.35092341471,"ISSUED_COMMON_SHARES":645674963,"HK_COMMON_SHARES":250000000,"PER_SHARES":2000,"TOTAL_MARKET_CAP":2317973117.17,"HKSK_MARKET_CAP":897500000,"PE_TTM":-42.708119256451,"PB_TTM":0.477258414511,"REPORT_DATE_SQ":"2023-09-30 00:00:00","REPORT_TYPE_SQ":"2023年三季报","OPERATE_INCOME_SQ":4731256755.09,"DPS_HKD":null,"OPERATE_INCOME_QOQ_SQ":17.165868949544,"NET_PROFIT_RATIO_SQ":5.1861272449,"HOLDER_PROFIT_SQ":197859254.33,"HOLDER_PROFIT_QOQ_SQ":19.324182656367,"ROE_AVG_SQ":4.568062454126,"PE_TTM_SQ":7.698299457668,"PB_TTM_SQ":0.613849722831,"ROA_SQ":1.779880004375,"START_DATE":"2024-01-01 00:00:00","FISCAL_YEAR":"12-31","CURRENCY":"HKD","IS_CNY_CODE":0,"DPS_HKD_LY":null,"ORG_TYPE":"一般企业","PREMIUM_INCOME":null,"PREMIUM_INCOME_YOY":null,"NET_INTEREST_INCOME":null,"NET_INTEREST_INCOME_YOY":null,"FEE_COMMISSION_INCOME":null,"FEE_COMMISSION_INCOME_YOY":null,"ACCOUNTS_RECE_TDAYS":1.453902325721,"INVENTORY_TDAYS":3.733427858421,"CURRENT_ASSETS_TDAYS":0.860121811059,"TOTAL_ASSETS_TDAYS":0.29426459889,"PREMIUM_EXPENSE":null,"LOAN_DEPOSIT":null,"LOAN_EQUITY":null,"LOAN_ASSETS":null,"DEPOSIT_EQUITY":null,"DEPOSIT_ASSETS":null,"EQUITY_MULTIPLIER":2.642971993107,"EQUITY_RATIO":1.800260266333},{"SECUCODE":"01108.HK","SECURITY_CODE":"01108","SECURITY_NAME_ABBR":"凯盛新能","ORG_CODE":"10004320","STD_REPORT_DATE":"2024-06-30 00:00:00","REPORT_DATE":"2024-06-30 00:00:00","DATE_TYPE_CODE":"002","REPORT_TYPE":"2024年中报","PER_NETCASH_OPERATE":-0.028910444774,"PER_OI":4.613502906833,"BPS":7.081534675552,"BASIC_EPS":-0.08,"DILUTED_EPS":-0.08,"OPERATE_INCOME":2978823318.67,"OPERATE_INCOME_YOY":7.1974848107,"GROSS_PROFIT":207729708.75,"GROSS_PROFIT_YOY":-29.82177737646,"HOLDER_PROFIT":-54781826.93,"HOLDER_PROFIT_YOY":-142.5514440457,"GROSS_PROFIT_RATIO":6.973549167822,"EPS_TTM":0.327093606354,"OPERATE_INCOME_QOQ":2.855562284085,"NET_PROFIT_RATIO":-1.610976218,"ROE_AVG":-1.190971275521,"GROSS_PROFIT_QOQ":-8.846631309579,"ROA":-0.434598094987,"HOLDER_PROFIT_QOQ":-43.819042161979,"ROE_YEARLY":-2.381942551043,"ROIC_YEARLY":-0.919717868309,"TOTAL_ASSETS":12782640526.03,"TOTAL_LIABILITIES":7777382286.98,"TAX_EBT":31.183793202704,"OCF_SALES":-0.626648456893,"TOTAL_PARENT_EQUITY":4572369639.62,"DEBT_ASSET_RATIO":60.8433153631,"OPERATE_PROFIT":-20283608.92,"PRETAX_PROFIT":-69733769.81,"NETCASH_OPERATE":-18666750.36,"NETCASH_INVEST":-303774360.51,"NETCASH_FINANCE":340927852.76,"END_CASH":249219833.39,"DIVI_RATIO":null,"DIVIDEND_RATE":null,"CURRENT_RATIO":0.934474856457,"COMMON_ACS":null,"CURRENTDEBT_DEBT":60.287398043162,"ISSUED_COMMON_SHARES":645674963,"HK_COMMON_SHARES":250000000,"PER_SHARES":2000,"TOTAL_MARKET_CAP":2602070100.89,"HKSK_MARKET_CAP":1007500000,"PE_TTM":-47.942540558077,"PB_TTM":0.535752482028,"REPORT_DATE_SQ":"2023-06-30 00:00:00","REPORT_TYPE_SQ":"2023年中报","OPERATE_INCOME_SQ":2778818294.04,"DPS_HKD":null,"OPERATE_INCOME_QOQ_SQ":0.040123810332,"NET_PROFIT_RATIO_SQ":5.5535500655,"HOLDER_PROFIT_SQ":128742580.09,"HOLDER_PROFIT_QOQ_SQ":-6.318907808351,"ROE_AVG_SQ":2.9962417206,"PE_TTM_SQ":6.541038754881,"PB_TTM_SQ":0.521571659921,"ROA_SQ":1.176803526472,"START_DATE":"2024-01-01 00:00:00","FISCAL_YEAR":"12-31","CURRENCY":"HKD","IS_CNY_CODE":0,"DPS_HKD_LY":null,"ORG_TYPE":"一般企业","PREMIUM_INCOME":null,"PREMIUM_INCOME_YOY":null,"NET_INTEREST_INCOME":null,"NET_INTEREST_INCOME_YOY":null,"FEE_COMMISSION_INCOME":null,"FEE_COMMISSION_INCOME_YOY":null,"ACCOUNTS_RECE_TDAYS":1.066195490487,"INVENTORY_TDAYS":3.435563072944,"CURRENT_ASSETS_TDAYS":0.685108798152,"TOTAL_ASSETS_TDAYS":0.236317591462,"PREMIUM_EXPENSE":null,"LOAN_DEPOSIT":null,"LOAN_EQUITY":null,"LOAN_ASSETS":null,"DEPOSIT_EQUITY":null,"DEPOSIT_ASSETS":null,"EQUITY_MULTIPLIER":2.55384236248,"EQUITY_RATIO":1.700952219521},{"SECUCODE":"01108.HK","SECURITY_CODE":"01108","SECURITY_NAME_ABBR":"凯盛新能","ORG_CODE":"10004320","STD_REPORT_DATE":"2024-03-31 00:00:00","REPORT_DATE":"2024-03-31 00:00:00","DATE_TYPE_CODE":"003","REPORT_TYPE":"2024年一季报","PER_NETCASH_OPERATE":-0.115209128807,"PER_OI":2.226778971372,"BPS":7.156539457052,"BASIC_EPS":-0.0098,"DILUTED_EPS":-0.0098,"OPERATE_INCOME":1437775429.95,"OPERATE_INCOME_YOY":0.7956578646,"GROSS_PROFIT":117264126.78,"GROSS_PROFIT_YOY":-16.214046310886,"HOLDER_PROFIT":-6353117.41,"HOLDER_PROFIT_YOY":-151.044619519,"GROSS_PROFIT_RATIO":8.155941765125,"EPS_TTM":0.582214363979,"OPERATE_INCOME_QOQ":0.172085528802,"NET_PROFIT_RATIO":0.0841185309,"ROE_AVG":-0.137395153231,"GROSS_PROFIT_QOQ":-2.970243276371,"ROA":-0.051250777571,"HOLDER_PROFIT_QOQ":-4.762691185405,"ROE_YEARLY":-0.549580612924,"ROIC_YEARLY":-0.217415529184,"TOTAL_ASSETS":12364578491.85,"TOTAL_LIABILITIES":7310122681.99,"TAX_EBT":75.13649051598,"OCF_SALES":-5.173801723861,"TOTAL_PARENT_EQUITY":4620798349.14,"DEBT_ASSET_RATIO":59.121487132,"OPERATE_PROFIT":25564960.25,"PRETAX_PROFIT":4864299.51,"NETCASH_OPERATE":-74387649.98,"NETCASH_INVEST":-110635784.03,"NETCASH_FINANCE":218465452.7,"END_CASH":263328163.42,"DIVI_RATIO":null,"DIVIDEND_RATE":null,"CURRENT_RATIO":0.999866160163,"COMMON_ACS":null,"CURRENTDEBT_DEBT":57.845173277706,"ISSUED_COMMON_SHARES":645674963,"HK_COMMON_SHARES":250000000,"PER_SHARES":2000,"TOTAL_MARKET_CAP":2602070100.89,"HKSK_MARKET_CAP":1007500000,"PE_TTM":-47.942540558077,"PB_TTM":0.535752482028,"REPORT_DATE_SQ":"2023-03-31 00:00:00","REPORT_TYPE_SQ":"2023年一季报","OPERATE_INCOME_SQ":1426425959.62,"DPS_HKD":null,"OPERATE_INCOME_QOQ_SQ":8.352755194859,"NET_PROFIT_RATIO_SQ":1.5275792166,"HOLDER_PROFIT_SQ":12446203.87,"HOLDER_PROFIT_QOQ_SQ":-24.347180946372,"ROE_AVG_SQ":0.293635758963,"PE_TTM_SQ":6.541038754881,"PB_TTM_SQ":0.521571659921,"ROA_SQ":0.115280339952,"START_DATE":"2024-01-01 00:00:00","FISCAL_YEAR":"12-31","CURRENCY":"HKD","IS_CNY_CODE":0,"DPS_HKD_LY":null,"ORG_TYPE":"一般企业","PREMIUM_INCOME":null,"PREMIUM_INCOME_YOY":null,"NET_INTEREST_INCOME":null,"NET_INTEREST_INCOME_YOY":null,"FEE_COMMISSION_INCOME":null,"FEE_COMMISSION_INCOME_YOY":null,"ACCOUNTS_RECE_TDAYS":0.514547478728,"INVENTORY_TDAYS":1.759897135913,"CURRENT_ASSETS_TDAYS":0.336622846693,"TOTAL_ASSETS_TDAYS":0.11598574999,"PREMIUM_EXPENSE":null,"LOAN_DEPOSIT":null,"LOAN_EQUITY":null,"LOAN_ASSETS":null,"DEPOSIT_EQUITY":null,"DEPOSIT_ASSETS":null,"EQUITY_MULTIPLIER":2.446272943512,"EQUITY_RATIO":1.582004261958},{"SECUCODE":"01108.HK","SECURITY_CODE":"01108","SECURITY_NAME_ABBR":"凯盛新能","ORG_CODE":"10004320","STD_REPORT_DATE":"2023-12-31 00:00:00","REPORT_DATE":"2023-12-31 00:00:00","DATE_TYPE_CODE":"001","REPORT_TYPE":"2023年年报","PER_NETCASH_OPERATE":0.222257755316,"PER_OI":10.21450432886,"BPS":7.166378954901,"BASIC_EPS":0.61,"DILUTED_EPS":0.61,"OPERATE_INCOME":6595249704.6,"OPERATE_INCOME_YOY":31.1153845651,"GROSS_PROFIT":763999974.7,"GROSS_PROFIT_YOY":28.162064951124,"HOLDER_PROFIT":394720559.2,"HOLDER_PROFIT_YOY":-3.500425312,"GROSS_PROFIT_RATIO":11.584094748788,"EPS_TTM":0.611330130204,"OPERATE_INCOME_QOQ":3.237708381562,"NET_PROFIT_RATIO":7.0477615552,"ROE_AVG":8.910590647316,"GROSS_PROFIT_QOQ":-1.688847489005,"ROA":3.433307808883,"HOLDER_PROFIT_QOQ":14.108992230388,"ROE_YEARLY":8.910590647316,"ROIC_YEARLY":3.71960123056,"TOTAL_ASSETS":12427698664.06,"TOTAL_LIABILITIES":7374452289.77,"TAX_EBT":7.29119959965,"OCF_SALES":2.175903481561,"TOTAL_PARENT_EQUITY":4627151466.55,"DEBT_ASSET_RATIO":59.3388405135,"OPERATE_PROFIT":575504293.88,"PRETAX_PROFIT":501373624.88,"NETCASH_OPERATE":143506267.94,"NETCASH_INVEST":-1758270241.73,"NETCASH_FINANCE":1356122114.77,"END_CASH":229156744.65,"DIVI_RATIO":null,"DIVIDEND_RATE":null,"CURRENT_RATIO":1.038451590974,"COMMON_ACS":null,"CURRENTDEBT_DEBT":56.33792444672,"ISSUED_COMMON_SHARES":645674963,"HK_COMMON_SHARES":250000000,"PER_SHARES":2000,"TOTAL_MARKET_CAP":2602070100.89,"HKSK_MARKET_CAP":1007500000,"PE_TTM":-47.942540558077,"PB_TTM":0.535752482028,"REPORT_DATE_SQ":"2022-12-31 00:00:00","REPORT_TYPE_SQ":"2022年年报","OPERATE_INCOME_SQ":5030111246.27,"DPS_HKD":null,"OPERATE_INCOME_QOQ_SQ":21.104214546859,"NET_PROFIT_RATIO_SQ":9.1284201857,"HOLDER_PROFIT_SQ":409038651.7,"HOLDER_PROFIT_QOQ_SQ":98.581310709963,"ROE_AVG_SQ":10.140733185218,"PE_TTM_SQ":6.541038754881,"PB_TTM_SQ":0.521571659921,"ROA_SQ":4.12469164154,"START_DATE":"2023-01-01 00:00:00","FISCAL_YEAR":"12-31","CURRENCY":"HKD","IS_CNY_CODE":0,"DPS_HKD_LY":null,"ORG_TYPE":"一般企业","PREMIUM_INCOME":null,"PREMIUM_INCOME_YOY":null,"NET_INTEREST_INCOME":null,"NET_INTEREST_INCOME_YOY":null,"FEE_COMMISSION_INCOME":null,"FEE_COMMISSION_INCOME_YOY":null,"ACCOUNTS_RECE_TDAYS":2.519957110607,"INVENTORY_TDAYS":8.436442407508,"CURRENT_ASSETS_TDAYS":1.573251287107,"TOTAL_ASSETS_TDAYS":0.573659562051,"PREMIUM_EXPENSE":null,"LOAN_DEPOSIT":null,"LOAN_EQUITY":null,"LOAN_ASSETS":null,"DEPOSIT_EQUITY":null,"DEPOSIT_ASSETS":null,"EQUITY_MULTIPLIER":2.459349444602,"EQUITY_RATIO":1.593734794091},{"SECUCODE":"01108.HK","SECURITY_CODE":"01108","SECURITY_NAME_ABBR":"凯盛新能","ORG_CODE":"10004320","STD_REPORT_DATE":"2023-09-30 00:00:00","REPORT_DATE":"2023-09-30 00:00:00","DATE_TYPE_CODE":"004","REPORT_TYPE":"2023年三季报","PER_NETCASH_OPERATE":-0.162094600391,"PER_OI":7.327613778157,"BPS":6.861486685337,"BASIC_EPS":0.31,"DILUTED_EPS":0.31,"OPERATE_INCOME":4731256755.09,"OPERATE_INCOME_YOY":40.2703191788,"GROSS_PROFIT":544281225.12,"GROSS_PROFIT_YOY":49.825394747017,"HOLDER_PROFIT":197859254.33,"HOLDER_PROFIT_YOY":-24.1867795763,"GROSS_PROFIT_RATIO":11.503946061149,"EPS_TTM":0.535742291869,"OPERATE_INCOME_QOQ":17.165868949544,"NET_PROFIT_RATIO":5.1861272449,"ROE_AVG":4.568062454126,"GROSS_PROFIT_QOQ":21.976639131279,"ROA":1.779880004375,"HOLDER_PROFIT_QOQ":19.324182656367,"ROE_YEARLY":6.090749938834,"ROIC_YEARLY":1.99045181176,"TOTAL_ASSETS":11666972771.5,"TOTAL_LIABILITIES":6833174874.76,"TAX_EBT":10.39173578543,"OCF_SALES":-2.212106223096,"TOTAL_PARENT_EQUITY":4430290161.68,"DEBT_ASSET_RATIO":58.5685336598,"OPERATE_PROFIT":334780469.06,"PRETAX_PROFIT":273824069.41,"NETCASH_OPERATE":-104660425.11,"NETCASH_INVEST":-488938889.02,"NETCASH_FINANCE":927941100.22,"END_CASH":821834121.11,"DIVI_RATIO":null,"DIVIDEND_RATE":null,"CURRENT_RATIO":1.072823875212,"COMMON_ACS":null,"CURRENTDEBT_DEBT":64.607712785121,"ISSUED_COMMON_SHARES":645674963,"HK_COMMON_SHARES":250000000,"PER_SHARES":2000,"TOTAL_MARKET_CAP":2602070100.89,"HKSK_MARKET_CAP":1007500000,"PE_TTM":-47.942540558077,"PB_TTM":0.535752482028,"REPORT_DATE_SQ":"2022-09-30 00:00:00","REPORT_TYPE_SQ":"2022年三季报","OPERATE_INCOME_SQ":3372956433.54,"DPS_HKD":null,"OPERATE_INCOME_QOQ_SQ":0.094391224653,"NET_PROFIT_RATIO_SQ":8.7012315597,"HOLDER_PROFIT_SQ":260982521.55,"HOLDER_PROFIT_QOQ_SQ":-27.414688662407,"ROE_AVG_SQ":6.581658022722,"PE_TTM_SQ":6.541038754881,"PB_TTM_SQ":0.521571659921,"ROA_SQ":2.738905090505,"START_DATE":"2023-01-01 00:00:00","FISCAL_YEAR":"12-31","CURRENCY":"HKD","IS_CNY_CODE":0,"DPS_HKD_LY":null,"ORG_TYPE":"一般企业","PREMIUM_INCOME":null,"PREMIUM_INCOME_YOY":null,"NET_INTEREST_INCOME":null,"NET_INTEREST_INCOME_YOY":null,"FEE_COMMISSION_INCOME":null,"FEE_COMMISSION_INCOME_YOY":null,"ACCOUNTS_RECE_TDAYS":1.874342460186,"INVENTORY_TDAYS":5.620509634565,"CURRENT_ASSETS_TDAYS":1.074538071471,"TOTAL_ASSETS_TDAYS":0.42560906855,"PREMIUM_EXPENSE":null,"LOAN_DEPOSIT":null,"LOAN_EQUITY":null,"LOAN_ASSETS":null,"DEPOSIT_EQUITY":null,"DEPOSIT_ASSETS":null,"EQUITY_MULTIPLIER":2.413624446185,"EQUITY_RATIO":1.542376373869},{"SECUCODE":"01108.HK","SECURITY_CODE":"01108","SECURITY_NAME_ABBR":"凯盛新能","ORG_CODE":"10004320","STD_REPORT_DATE":"2023-06-30 00:00:00","REPORT_DATE":"2023-06-30 00:00:00","DATE_TYPE_CODE":"002","REPORT_TYPE":"2023年中报","PER_NETCASH_OPERATE":-0.5958710793,"PER_OI":4.303741748215,"BPS":6.754441069198,"BASIC_EPS":0.2,"DILUTED_EPS":0.2,"OPERATE_INCOME":2778818294.04,"OPERATE_INCOME_YOY":17.9224941354,"GROSS_PROFIT":296003091.82,"GROSS_PROFIT_YOY":16.073235092623,"HOLDER_PROFIT":128742580.09,"HOLDER_PROFIT_YOY":-48.0637482579,"GROSS_PROFIT_RATIO":10.65212117161,"EPS_TTM":0.448980483203,"OPERATE_INCOME_QOQ":0.040123810332,"NET_PROFIT_RATIO":5.5535500655,"ROE_AVG":2.9962417206,"GROSS_PROFIT_QOQ":2.372845102418,"ROA":1.176803526472,"HOLDER_PROFIT_QOQ":-6.318907808351,"ROE_YEARLY":5.9924834412,"ROIC_YEARLY":2.603858854703,"TOTAL_ASSETS":11314143706.37,"TOTAL_LIABILITIES":6571391740.04,"TAX_EBT":7.547122665694,"OCF_SALES":-13.845419036761,"TOTAL_PARENT_EQUITY":4361173487.44,"DEBT_ASSET_RATIO":58.08121154,"OPERATE_PROFIT":203605472.2,"PRETAX_PROFIT":166920781.31,"NETCASH_OPERATE":-384739037.08,"NETCASH_INVEST":-396342810.15,"NETCASH_FINANCE":866547300.65,"END_CASH":571748889.16,"DIVI_RATIO":null,"DIVIDEND_RATE":null,"CURRENT_RATIO":1.095316297958,"COMMON_ACS":null,"CURRENTDEBT_DEBT":62.873949292131,"ISSUED_COMMON_SHARES":645674963,"HK_COMMON_SHARES":250000000,"PER_SHARES":2000,"TOTAL_MARKET_CAP":2602070100.89,"HKSK_MARKET_CAP":1007500000,"PE_TTM":-47.942540558077,"PB_TTM":0.535752482028,"REPORT_DATE_SQ":"2022-06-30 00:00:00","REPORT_TYPE_SQ":"2022年中报","OPERATE_INCOME_SQ":2356478561.97,"DPS_HKD":null,"OPERATE_INCOME_QOQ_SQ":10.380698109853,"NET_PROFIT_RATIO_SQ":11.5982108571,"HOLDER_PROFIT_SQ":247885774.91,"HOLDER_PROFIT_QOQ_SQ":24.962506470203,"ROE_AVG_SQ":6.261714905607,"PE_TTM_SQ":6.541038754881,"PB_TTM_SQ":0.521571659921,"ROA_SQ":2.678904042699,"START_DATE":"2023-01-01 00:00:00","FISCAL_YEAR":"12-31","CURRENCY":"HKD","IS_CNY_CODE":0,"DPS_HKD_LY":null,"ORG_TYPE":"一般企业","PREMIUM_INCOME":null,"PREMIUM_INCOME_YOY":null,"NET_INTEREST_INCOME":null,"NET_INTEREST_INCOME_YOY":null,"FEE_COMMISSION_INCOME":null,"FEE_COMMISSION_INCOME_YOY":null,"ACCOUNTS_RECE_TDAYS":1.172353908267,"INVENTORY_TDAYS":2.896120698908,"CURRENT_ASSETS_TDAYS":0.646584494164,"TOTAL_ASSETS_TDAYS":0.254004787349,"PREMIUM_EXPENSE":null,"LOAN_DEPOSIT":null,"LOAN_EQUITY":null,"LOAN_ASSETS":null,"DEPOSIT_EQUITY":null,"DEPOSIT_ASSETS":null,"EQUITY_MULTIPLIER":2.385565128998,"EQUITY_RATIO":1.506794388933},{"SECUCODE":"01108.HK","SECURITY_CODE":"01108","SECURITY_NAME_ABBR":"凯盛新能","ORG_CODE":"10004320","STD_REPORT_DATE":"2023-03-31 00:00:00","REPORT_DATE":"2023-03-31 00:00:00","DATE_TYPE_CODE":"003","REPORT_TYPE":"2023年一季报","PER_NETCASH_OPERATE":-0.317119356648,"PER_OI":2.209201287583,"BPS":6.574325093073,"BASIC_EPS":0.0193,"DILUTED_EPS":0.0193,"OPERATE_INCOME":1426425959.62,"OPERATE_INCOME_YOY":41.7533655907,"GROSS_PROFIT":139956784.66,"GROSS_PROFIT_YOY":23.055175761146,"HOLDER_PROFIT":12446203.87,"HOLDER_PROFIT_YOY":-88.8908475632,"GROSS_PROFIT_RATIO":9.811710430262,"EPS_TTM":0.479264782999,"OPERATE_INCOME_QOQ":8.352755194859,"NET_PROFIT_RATIO":1.5275792166,"ROE_AVG":0.293635758963,"GROSS_PROFIT_QOQ":4.398743730503,"ROA":0.115280339952,"HOLDER_PROFIT_QOQ":-24.347180946372,"ROE_YEARLY":1.174543035854,"ROIC_YEARLY":0.517862318576,"TOTAL_ASSETS":11027031106.24,"TOTAL_LIABILITIES":6391599055.02,"TAX_EBT":21.346559020371,"OCF_SALES":-14.354479984685,"TOTAL_PARENT_EQUITY":4244877111.22,"DEBT_ASSET_RATIO":57.9630092038,"OPERATE_PROFIT":45486042.62,"PRETAX_PROFIT":27703538.75,"NETCASH_OPERATE":-204756028.87,"NETCASH_INVEST":-261091956.21,"NETCASH_FINANCE":765414897.09,"END_CASH":785295092.74,"DIVI_RATIO":null,"DIVIDEND_RATE":null,"CURRENT_RATIO":1.08886769193,"COMMON_ACS":null,"CURRENTDEBT_DEBT":62.052693322573,"ISSUED_COMMON_SHARES":645674963,"HK_COMMON_SHARES":250000000,"PER_SHARES":2000,"TOTAL_MARKET_CAP":2602070100.89,"HKSK_MARKET_CAP":1007500000,"PE_TTM":-47.942540558077,"PB_TTM":0.535752482028,"REPORT_DATE_SQ":"2022-03-31 00:00:00","REPORT_TYPE_SQ":"2022年一季报","OPERATE_INCOME_SQ":1006273081.19,"DPS_HKD":null,"OPERATE_INCOME_QOQ_SQ":4.264789001778,"NET_PROFIT_RATIO_SQ":12.1191051405,"HOLDER_PROFIT_SQ":112035584.54,"HOLDER_PROFIT_QOQ_SQ":-14.174639517546,"ROE_AVG_SQ":2.879479922685,"PE_TTM_SQ":6.541038754881,"PB_TTM_SQ":0.521571659921,"ROA_SQ":1.240024994693,"START_DATE":"2023-01-01 00:00:00","FISCAL_YEAR":"12-31","CURRENCY":"HKD","IS_CNY_CODE":0,"DPS_HKD_LY":null,"ORG_TYPE":"一般企业","PREMIUM_INCOME":null,"PREMIUM_INCOME_YOY":null,"NET_INTEREST_INCOME":null,"NET_INTEREST_INCOME_YOY":null,"FEE_COMMISSION_INCOME":null,"FEE_COMMISSION_INCOME_YOY":null,"ACCOUNTS_RECE_TDAYS":0.627255175029,"INVENTORY_TDAYS":1.716139962111,"CURRENT_ASSETS_TDAYS":0.340091349846,"TOTAL_ASSETS_TDAYS":0.132119697909,"PREMIUM_EXPENSE":null,"LOAN_DEPOSIT":null,"LOAN_EQUITY":null,"LOAN_ASSETS":null,"DEPOSIT_EQUITY":null,"DEPOSIT_ASSETS":null,"EQUITY_MULTIPLIER":2.378857242299,"EQUITY_RATIO":1.505720633967},{"SECUCODE":"01108.HK","SECURITY_CODE":"01108","SECURITY_NAME_ABBR":"凯盛新能","ORG_CODE":"10004320","STD_REPORT_DATE":"2022-12-31 00:00:00","REPORT_DATE":"2022-12-31 00:00:00","DATE_TYPE_CODE":"001","REPORT_TYPE":"2022年年报","PER_NETCASH_OPERATE":-0.616479273938,"PER_OI":7.79046971699,"BPS":6.555048824698,"BASIC_EPS":0.63,"DILUTED_EPS":0.63,"OPERATE_INCOME":5030111246.27,"OPERATE_INCOME_YOY":38.7291042464,"GROSS_PROFIT":596120213.1,"GROSS_PROFIT_YOY":-30.163749083001,"HOLDER_PROFIT":409038651.7,"HOLDER_PROFIT_YOY":59.9333503217,"GROSS_PROFIT_RATIO":11.851034379052,"EPS_TTM":0.633505517698,"OPERATE_INCOME_QOQ":21.104214546859,"NET_PROFIT_RATIO":9.1284201857,"ROE_AVG":10.140733185218,"GROSS_PROFIT_QOQ":34.407932203029,"ROA":4.12469164154,"HOLDER_PROFIT_QOQ":98.581310709963,"ROE_YEARLY":10.140733185218,"ROIC_YEARLY":4.77352960403,"TOTAL_ASSETS":10565902910.42,"TOTAL_LIABILITIES":5952260645.7,"TAX_EBT":2.359715803086,"OCF_SALES":-7.913249089375,"TOTAL_PARENT_EQUITY":4232430907.35,"DEBT_ASSET_RATIO":56.3346142413,"OPERATE_PROFIT":543800878.24,"PRETAX_PROFIT":470266646.75,"NETCASH_OPERATE":-398045232.39,"NETCASH_INVEST":-661818579.92,"NETCASH_FINANCE":582527880.92,"END_CASH":485547816.11,"DIVI_RATIO":null,"DIVIDEND_RATE":null,"CURRENT_RATIO":0.981360933681,"COMMON_ACS":null,"CURRENTDEBT_DEBT":69.67375708347,"ISSUED_COMMON_SHARES":645674963,"HK_COMMON_SHARES":250000000,"PER_SHARES":2000,"TOTAL_MARKET_CAP":2602070100.89,"HKSK_MARKET_CAP":1007500000,"PE_TTM":-47.942540558077,"PB_TTM":0.535752482028,"REPORT_DATE_SQ":"2021-12-31 00:00:00","REPORT_TYPE_SQ":"2021年年报","OPERATE_INCOME_SQ":3625851456.04,"DPS_HKD":null,"OPERATE_INCOME_QOQ_SQ":-10.017869257392,"NET_PROFIT_RATIO_SQ":9.5730456926,"HOLDER_PROFIT_SQ":255755695.03,"HOLDER_PROFIT_QOQ_SQ":-53.071362312637,"ROE_AVG_SQ":9.431006321837,"PE_TTM_SQ":6.541038754881,"PB_TTM_SQ":0.521571659921,"ROA_SQ":3.558219817703,"START_DATE":"2022-01-01 00:00:00","FISCAL_YEAR":"12-31","CURRENCY":"HKD","IS_CNY_CODE":0,"DPS_HKD_LY":null,"ORG_TYPE":"一般企业","PREMIUM_INCOME":null,"PREMIUM_INCOME_YOY":null,"NET_INTEREST_INCOME":null,"NET_INTEREST_INCOME_YOY":null,"FEE_COMMISSION_INCOME":null,"FEE_COMMISSION_INCOME_YOY":null,"ACCOUNTS_RECE_TDAYS":2.99729372422,"INVENTORY_TDAYS":6.418309539842,"CURRENT_ASSETS_TDAYS":1.389821477386,"TOTAL_ASSETS_TDAYS":0.507229762451,"PREMIUM_EXPENSE":null,"LOAN_DEPOSIT":null,"LOAN_EQUITY":null,"LOAN_ASSETS":null,"DEPOSIT_EQUITY":null,"DEPOSIT_ASSETS":null,"EQUITY_MULTIPLIER":2.290143514422,"EQUITY_RATIO":1.406345614612},{"SECUCODE":"01108.HK","SECURITY_CODE":"01108","SECURITY_NAME_ABBR":"凯盛新能","ORG_CODE":"10004320","STD_REPORT_DATE":"2022-09-30 00:00:00","REPORT_DATE":"2022-09-30 00:00:00","DATE_TYPE_CODE":"004","REPORT_TYPE":"2022年三季报","PER_NETCASH_OPERATE":-0.418627524558,"PER_OI":5.223923222713,"BPS":6.3434267117,"BASIC_EPS":0.4,"DILUTED_EPS":0.4,"OPERATE_INCOME":3372956433.54,"OPERATE_INCOME_YOY":19.3958830921,"GROSS_PROFIT":363277017.25,"GROSS_PROFIT_YOY":-53.902261999914,"HOLDER_PROFIT":260982521.55,"HOLDER_PROFIT_YOY":-18.3401796783,"GROSS_PROFIT_RATIO":10.770284894215,"EPS_TTM":0.319015679488,"OPERATE_INCOME_QOQ":0.094391224653,"NET_PROFIT_RATIO":8.7012315597,"ROE_AVG":6.581658022722,"GROSS_PROFIT_QOQ":-20.593691634162,"ROA":2.738905090505,"HOLDER_PROFIT_QOQ":-27.414688662407,"ROE_YEARLY":8.775544030296,"ROIC_YEARLY":3.299048376727,"TOTAL_ASSETS":9789677701.79,"TOTAL_LIABILITIES":5177848177.75,"TAX_EBT":3.823594037963,"OCF_SALES":-8.013661509002,"TOTAL_PARENT_EQUITY":4095791807.37,"DEBT_ASSET_RATIO":52.8908952417,"OPERATE_PROFIT":357646919.84,"PRETAX_PROFIT":305156703.2,"NETCASH_OPERATE":-270297311.43,"NETCASH_INVEST":28013086.29,"NETCASH_FINANCE":99150405.14,"END_CASH":818031761.22,"DIVI_RATIO":null,"DIVIDEND_RATE":null,"CURRENT_RATIO":1.170945248716,"COMMON_ACS":null,"CURRENTDEBT_DEBT":64.64485194339,"ISSUED_COMMON_SHARES":645674963,"HK_COMMON_SHARES":250000000,"PER_SHARES":2000,"TOTAL_MARKET_CAP":2602070100.89,"HKSK_MARKET_CAP":1007500000,"PE_TTM":-47.942540558077,"PB_TTM":0.535752482028,"REPORT_DATE_SQ":"2021-09-30 00:00:00","REPORT_TYPE_SQ":"2021年三季报","OPERATE_INCOME_SQ":2825019042.69,"DPS_HKD":null,"OPERATE_INCOME_QOQ_SQ":8.806062153475,"NET_PROFIT_RATIO_SQ":14.1466115628,"HOLDER_PROFIT_SQ":319597227.28,"HOLDER_PROFIT_QOQ_SQ":10.712629608149,"ROE_AVG_SQ":11.530183214963,"PE_TTM_SQ":6.541038754881,"PB_TTM_SQ":0.521571659921,"ROA_SQ":4.249069585356,"START_DATE":"2022-01-01 00:00:00","FISCAL_YEAR":"12-31","CURRENCY":"HKD","IS_CNY_CODE":0,"DPS_HKD_LY":null,"ORG_TYPE":"一般企业","PREMIUM_INCOME":null,"PREMIUM_INCOME_YOY":null,"NET_INTEREST_INCOME":null,"NET_INTEREST_INCOME_YOY":null,"FEE_COMMISSION_INCOME":null,"FEE_COMMISSION_INCOME_YOY":null,"ACCOUNTS_RECE_TDAYS":2.376661342026,"INVENTORY_TDAYS":4.452843508863,"CURRENT_ASSETS_TDAYS":0.951732071842,"TOTAL_ASSETS_TDAYS":0.353978017034,"PREMIUM_EXPENSE":null,"LOAN_DEPOSIT":null,"LOAN_EQUITY":null,"LOAN_ASSETS":null,"DEPOSIT_EQUITY":null,"DEPOSIT_ASSETS":null,"EQUITY_MULTIPLIER":2.122731911656,"EQUITY_RATIO":1.264187346738}],"count":77},"success":true,"message":"ok","code":0}