{"version":"43d088171df0fe6c3f294de921f65a77","result":{"pages":6,"data":[{"SECUCODE":"01109.HK","SECURITY_CODE":"01109","SECURITY_NAME_ABBR":"华润置地","ORG_CODE":"10010493","STD_REPORT_DATE":"2024-06-30 00:00:00","REPORT_DATE":"2024-06-30 00:00:00","DATE_TYPE_CODE":"002","REPORT_TYPE":"2024年中报","PER_NETCASH_OPERATE":-0.038653111129,"PER_OI":11.096257530077,"BPS":37.374548619773,"BASIC_EPS":1.44,"DILUTED_EPS":1.44,"OPERATE_INCOME":79126742000,"OPERATE_INCOME_YOY":8.4351657018,"GROSS_PROFIT":17626832000,"GROSS_PROFIT_YOY":-5.850757901412,"HOLDER_PROFIT":10252833000,"HOLDER_PROFIT_YOY":-25.366190603,"GROSS_PROFIT_RATIO":22.276706400979,"EPS_TTM":3.909819553388,"OPERATE_INCOME_QOQ":2.450958033071,"NET_PROFIT_RATIO":15.8159905029,"ROE_AVG":3.858925204906,"GROSS_PROFIT_QOQ":-1.734260301232,"ROA":0.851703041926,"HOLDER_PROFIT_QOQ":-11.109975038715,"ROE_YEARLY":7.717850409811,"ROIC_YEARLY":2.13249577402,"TOTAL_ASSETS":1216430354000,"TOTAL_LIABILITIES":821252949000,"TAX_EBT":39.395589715939,"OCF_SALES":-0.348343673748,"TOTAL_PARENT_EQUITY":266515648000,"DEBT_ASSET_RATIO":67.5133554749,"OPERATE_PROFIT":20095953000,"PRETAX_PROFIT":20649781000,"NETCASH_OPERATE":-275633000,"NETCASH_INVEST":-8120457000,"NETCASH_FINANCE":12217635000,"END_CASH":116604075000,"DIVI_RATIO":0.36773396326,"DIVIDEND_RATE":6.302186878728,"CURRENT_RATIO":1.367741996394,"COMMON_ACS":8000000000,"CURRENTDEBT_DEBT":71.464569194503,"ISSUED_COMMON_SHARES":7130939579,"HK_COMMON_SHARES":7130939579,"PER_SHARES":500,"TOTAL_MARKET_CAP":179343130411.85,"HKSK_MARKET_CAP":179343130411.85,"PE_TTM":5.795552284548,"PB_TTM":0.614158641313,"REPORT_DATE_SQ":"2023-06-30 00:00:00","REPORT_TYPE_SQ":"2023年中报","OPERATE_INCOME_SQ":72971477000,"DPS_HKD":1.585,"OPERATE_INCOME_QOQ_SQ":0.037410693217,"NET_PROFIT_RATIO_SQ":22.0075400146,"HOLDER_PROFIT_SQ":13737518000,"HOLDER_PROFIT_QOQ_SQ":11.158550704982,"ROE_AVG_SQ":5.5740836252,"PE_TTM_SQ":5.125019753374,"PB_TTM_SQ":0.644619582121,"ROA_SQ":1.200895715011,"START_DATE":"2024-01-01 00:00:00","FISCAL_YEAR":"12-31","CURRENCY":"HKD","IS_CNY_CODE":0,"DPS_HKD_LY":1.585,"ORG_TYPE":"一般企业","PREMIUM_INCOME":null,"PREMIUM_INCOME_YOY":null,"NET_INTEREST_INCOME":null,"NET_INTEREST_INCOME_YOY":null,"FEE_COMMISSION_INCOME":null,"FEE_COMMISSION_INCOME_YOY":null,"ACCOUNTS_RECE_TDAYS":1.570460402311,"INVENTORY_TDAYS":0.115596107991,"CURRENT_ASSETS_TDAYS":0.099712653551,"TOTAL_ASSETS_TDAYS":0.065730600371,"PREMIUM_EXPENSE":null,"LOAN_DEPOSIT":null,"LOAN_EQUITY":null,"LOAN_ASSETS":null,"DEPOSIT_EQUITY":null,"DEPOSIT_ASSETS":null,"EQUITY_MULTIPLIER":3.078188020395,"EQUITY_RATIO":3.081443641913},{"SECUCODE":"01109.HK","SECURITY_CODE":"01109","SECURITY_NAME_ABBR":"华润置地","ORG_CODE":"10010493","STD_REPORT_DATE":"2023-12-31 00:00:00","REPORT_DATE":"2023-12-31 00:00:00","DATE_TYPE_CODE":"001","REPORT_TYPE":"2023年年报","PER_NETCASH_OPERATE":6.640376415395,"PER_OI":35.217954130417,"BPS":37.143377820787,"BASIC_EPS":4.4,"DILUTED_EPS":4.4,"OPERATE_INCOME":251137103000,"OPERATE_INCOME_YOY":21.2864608348,"GROSS_PROFIT":63161914000,"GROSS_PROFIT_YOY":16.340402143207,"HOLDER_PROFIT":31365372000,"HOLDER_PROFIT_YOY":11.6528646282,"GROSS_PROFIT_RATIO":25.150371349151,"EPS_TTM":4.398490781267,"OPERATE_INCOME_QOQ":21.241103697427,"NET_PROFIT_RATIO":14.8539433458,"ROE_AVG":12.326387746752,"GROSS_PROFIT_QOQ":18.3325736997,"ROA":2.760417834383,"HOLDER_PROFIT_QOQ":0.444692666584,"ROE_YEARLY":12.326387746752,"ROIC_YEARLY":3.403185783762,"TOTAL_ASSETS":1191177109000,"TOTAL_LIABILITIES":807028055000,"TAX_EBT":43.851677477916,"OCF_SALES":18.855088489254,"TOTAL_PARENT_EQUITY":264867183000,"DEBT_ASSET_RATIO":67.7504670718,"OPERATE_PROFIT":65821624000,"PRETAX_PROFIT":66437894000,"NETCASH_OPERATE":47352123000,"NETCASH_INVEST":-39302445000,"NETCASH_FINANCE":8971411000,"END_CASH":112675092000,"DIVI_RATIO":0.326878811733,"DIVIDEND_RATE":6.673684210526,"CURRENT_RATIO":1.342610378862,"COMMON_ACS":8000000000,"CURRENTDEBT_DEBT":72.389782905379,"ISSUED_COMMON_SHARES":7130939579,"HK_COMMON_SHARES":7130939579,"PER_SHARES":500,"TOTAL_MARKET_CAP":169359815001.25,"HKSK_MARKET_CAP":169359815001.25,"PE_TTM":5.472937048032,"PB_TTM":0.579970883944,"REPORT_DATE_SQ":"2022-12-31 00:00:00","REPORT_TYPE_SQ":"2022年年报","OPERATE_INCOME_SQ":207061119000,"DPS_HKD":1.585,"OPERATE_INCOME_QOQ_SQ":-1.987809585505,"NET_PROFIT_RATIO_SQ":15.6329499021,"HOLDER_PROFIT_SQ":28091865000,"HOLDER_PROFIT_QOQ_SQ":-5.98040713571,"ROE_AVG_SQ":11.93934444715,"PE_TTM_SQ":5.650124236301,"PB_TTM_SQ":0.710666670453,"ROA_SQ":2.766123264808,"START_DATE":"2023-01-01 00:00:00","FISCAL_YEAR":"12-31","CURRENCY":"HKD","IS_CNY_CODE":0,"DPS_HKD_LY":1.61,"ORG_TYPE":"一般企业","PREMIUM_INCOME":null,"PREMIUM_INCOME_YOY":null,"NET_INTEREST_INCOME":null,"NET_INTEREST_INCOME_YOY":null,"FEE_COMMISSION_INCOME":null,"FEE_COMMISSION_INCOME_YOY":null,"ACCOUNTS_RECE_TDAYS":5.215082002576,"INVENTORY_TDAYS":0.368325598334,"CURRENT_ASSETS_TDAYS":0.335375904859,"TOTAL_ASSETS_TDAYS":0.221021876609,"PREMIUM_EXPENSE":null,"LOAN_DEPOSIT":null,"LOAN_EQUITY":null,"LOAN_ASSETS":null,"DEPOSIT_EQUITY":null,"DEPOSIT_ASSETS":null,"EQUITY_MULTIPLIER":3.1008201025,"EQUITY_RATIO":3.046915989589},{"SECUCODE":"01109.HK","SECURITY_CODE":"01109","SECURITY_NAME_ABBR":"华润置地","ORG_CODE":"10010493","STD_REPORT_DATE":"2023-06-30 00:00:00","REPORT_DATE":"2023-06-30 00:00:00","DATE_TYPE_CODE":"002","REPORT_TYPE":"2023年中报","PER_NETCASH_OPERATE":4.857844273708,"PER_OI":10.233080254234,"BPS":34.898586118002,"BASIC_EPS":1.93,"DILUTED_EPS":1.93,"OPERATE_INCOME":72971477000,"OPERATE_INCOME_YOY":0.1062679852,"GROSS_PROFIT":18722224000,"GROSS_PROFIT_YOY":-4.654672440621,"HOLDER_PROFIT":13737518000,"HOLDER_PROFIT_YOY":29.5641096522,"GROSS_PROFIT_RATIO":25.656907013133,"EPS_TTM":4.379017611082,"OPERATE_INCOME_QOQ":0.037410693217,"NET_PROFIT_RATIO":22.0075400146,"ROE_AVG":5.5740836252,"GROSS_PROFIT_QOQ":-1.683536066366,"ROA":1.200895715011,"HOLDER_PROFIT_QOQ":11.158550704982,"ROE_YEARLY":11.1481672504,"ROIC_YEARLY":2.960502631161,"TOTAL_ASSETS":1206546693000,"TOTAL_LIABILITIES":849634923000,"TAX_EBT":30.337195481677,"OCF_SALES":47.471964970642,"TOTAL_PARENT_EQUITY":248859709000,"DEBT_ASSET_RATIO":70.4187353817,"OPERATE_PROFIT":21994908000,"PRETAX_PROFIT":23052800000,"NETCASH_OPERATE":34640994000,"NETCASH_INVEST":-11760033000,"NETCASH_FINANCE":9250312000,"END_CASH":127915198000,"DIVI_RATIO":0.328332417838,"DIVIDEND_RATE":6.673684210526,"CURRENT_RATIO":1.31805906681,"COMMON_ACS":8000000000,"CURRENTDEBT_DEBT":73.314658583072,"ISSUED_COMMON_SHARES":7130939579,"HK_COMMON_SHARES":7130939579,"PER_SHARES":500,"TOTAL_MARKET_CAP":169359815001.25,"HKSK_MARKET_CAP":169359815001.25,"PE_TTM":5.472937048032,"PB_TTM":0.579970883944,"REPORT_DATE_SQ":"2022-06-30 00:00:00","REPORT_TYPE_SQ":"2022年中报","OPERATE_INCOME_SQ":72894014000,"DPS_HKD":1.585,"OPERATE_INCOME_QOQ_SQ":-0.399692406275,"NET_PROFIT_RATIO_SQ":17.4006235958,"HOLDER_PROFIT_SQ":10602873000,"HOLDER_PROFIT_QOQ_SQ":-7.785208460701,"ROE_AVG_SQ":4.664597231863,"PE_TTM_SQ":5.650124236301,"PB_TTM_SQ":0.710666670453,"ROA_SQ":1.081493566523,"START_DATE":"2023-01-01 00:00:00","FISCAL_YEAR":"12-31","CURRENCY":"HKD","IS_CNY_CODE":0,"DPS_HKD_LY":1.61,"ORG_TYPE":"一般企业","PREMIUM_INCOME":null,"PREMIUM_INCOME_YOY":null,"NET_INTEREST_INCOME":null,"NET_INTEREST_INCOME_YOY":null,"FEE_COMMISSION_INCOME":null,"FEE_COMMISSION_INCOME_YOY":null,"ACCOUNTS_RECE_TDAYS":1.247074682547,"INVENTORY_TDAYS":0.105629596854,"CURRENT_ASSETS_TDAYS":0.095119428554,"TOTAL_ASSETS_TDAYS":0.063789640929,"PREMIUM_EXPENSE":null,"LOAN_DEPOSIT":null,"LOAN_EQUITY":null,"LOAN_ASSETS":null,"DEPOSIT_EQUITY":null,"DEPOSIT_ASSETS":null,"EQUITY_MULTIPLIER":3.380518084346,"EQUITY_RATIO":3.414112016823},{"SECUCODE":"01109.HK","SECURITY_CODE":"01109","SECURITY_NAME_ABBR":"华润置地","ORG_CODE":"10010493","STD_REPORT_DATE":"2022-12-31 00:00:00","REPORT_DATE":"2022-12-31 00:00:00","DATE_TYPE_CODE":"001","REPORT_TYPE":"2022年年报","PER_NETCASH_OPERATE":0.172458339659,"PER_OI":29.037003708428,"BPS":34.223690482345,"BASIC_EPS":3.94,"DILUTED_EPS":3.94,"OPERATE_INCOME":207061119000,"OPERATE_INCOME_YOY":-2.3795568678,"GROSS_PROFIT":54290610000,"GROSS_PROFIT_YOY":-5.085775341027,"HOLDER_PROFIT":28091865000,"HOLDER_PROFIT_YOY":-13.3000284341,"GROSS_PROFIT_RATIO":26.21960620236,"EPS_TTM":3.939433883682,"OPERATE_INCOME_QOQ":-1.987809585505,"NET_PROFIT_RATIO":15.6329499021,"ROE_AVG":11.93934444715,"GROSS_PROFIT_QOQ":1.049294582782,"ROA":2.766123264808,"HOLDER_PROFIT_QOQ":-5.98040713571,"ROE_YEARLY":11.93934444715,"ROIC_YEARLY":3.373158099674,"TOTAL_ASSETS":1081331901000,"TOTAL_LIABILITIES":739624851000,"TAX_EBT":41.685935640938,"OCF_SALES":0.593926086143,"TOTAL_PARENT_EQUITY":244047069000,"DEBT_ASSET_RATIO":68.3994294736,"OPERATE_PROFIT":53107462000,"PRETAX_PROFIT":55509355000,"NETCASH_OPERATE":1229790000,"NETCASH_INVEST":-39336809000,"NETCASH_FINANCE":26135508000,"END_CASH":95544576000,"DIVI_RATIO":0.364969557163,"DIVIDEND_RATE":6.673684210526,"CURRENT_RATIO":1.35282397033,"COMMON_ACS":8000000000,"CURRENTDEBT_DEBT":71.286957474067,"ISSUED_COMMON_SHARES":7130939579,"HK_COMMON_SHARES":7130939579,"PER_SHARES":500,"TOTAL_MARKET_CAP":169359815001.25,"HKSK_MARKET_CAP":169359815001.25,"PE_TTM":5.472937048032,"PB_TTM":0.579970883944,"REPORT_DATE_SQ":"2021-12-31 00:00:00","REPORT_TYPE_SQ":"2021年年报","OPERATE_INCOME_SQ":212108358000,"DPS_HKD":1.585,"OPERATE_INCOME_QOQ_SQ":1.823015242319,"NET_PROFIT_RATIO_SQ":17.6303227052,"HOLDER_PROFIT_SQ":32401239000,"HOLDER_PROFIT_QOQ_SQ":2.658659386207,"ROE_AVG_SQ":15.070785400088,"PE_TTM_SQ":5.650124236301,"PB_TTM_SQ":0.710666670453,"ROA_SQ":3.562835444624,"START_DATE":"2022-01-01 00:00:00","FISCAL_YEAR":"12-31","CURRENCY":"HKD","IS_CNY_CODE":0,"DPS_HKD_LY":1.692,"ORG_TYPE":"一般企业","PREMIUM_INCOME":null,"PREMIUM_INCOME_YOY":null,"NET_INTEREST_INCOME":null,"NET_INTEREST_INCOME_YOY":null,"FEE_COMMISSION_INCOME":null,"FEE_COMMISSION_INCOME_YOY":null,"ACCOUNTS_RECE_TDAYS":4.430434403607,"INVENTORY_TDAYS":0.339872347313,"CURRENT_ASSETS_TDAYS":0.311708209905,"TOTAL_ASSETS_TDAYS":0.203886989526,"PREMIUM_EXPENSE":null,"LOAN_DEPOSIT":null,"LOAN_EQUITY":null,"LOAN_ASSETS":null,"DEPOSIT_EQUITY":null,"DEPOSIT_ASSETS":null,"EQUITY_MULTIPLIER":3.164499828143,"EQUITY_RATIO":3.030664756724},{"SECUCODE":"01109.HK","SECURITY_CODE":"01109","SECURITY_NAME_ABBR":"华润置地","ORG_CODE":"10010493","STD_REPORT_DATE":"2022-06-30 00:00:00","REPORT_DATE":"2022-06-30 00:00:00","DATE_TYPE_CODE":"002","REPORT_TYPE":"2022年中报","PER_NETCASH_OPERATE":0.2255903282,"PER_OI":10.222217309857,"BPS":31.984729007055,"BASIC_EPS":1.49,"DILUTED_EPS":1.49,"OPERATE_INCOME":72894014000,"OPERATE_INCOME_YOY":-1.149661464,"GROSS_PROFIT":19636226000,"GROSS_PROFIT_YOY":-15.027890618492,"HOLDER_PROFIT":10602873000,"HOLDER_PROFIT_YOY":-19.218526066,"GROSS_PROFIT_RATIO":26.938050084606,"EPS_TTM":4.190013765926,"OPERATE_INCOME_QOQ":-0.399692406275,"NET_PROFIT_RATIO":17.4006235958,"ROE_AVG":4.664597231863,"GROSS_PROFIT_QOQ":-6.071363436172,"ROA":1.081493566523,"HOLDER_PROFIT_QOQ":-7.785208460701,"ROE_YEARLY":9.329194463726,"ROIC_YEARLY":2.660195700959,"TOTAL_ASSETS":1010979106000,"TOTAL_LIABILITIES":703305139000,"TAX_EBT":35.955902119068,"OCF_SALES":2.206862966827,"TOTAL_PARENT_EQUITY":228081170000,"DEBT_ASSET_RATIO":69.5667333604,"OPERATE_PROFIT":19030529000,"PRETAX_PROFIT":19805124000,"NETCASH_OPERATE":1608671000,"NETCASH_INVEST":-13414317000,"NETCASH_FINANCE":19204892000,"END_CASH":114571384000,"DIVI_RATIO":0.343142891723,"DIVIDEND_RATE":6.673684210526,"CURRENT_RATIO":1.356783021331,"COMMON_ACS":8000000000,"CURRENTDEBT_DEBT":70.046460587572,"ISSUED_COMMON_SHARES":7130939579,"HK_COMMON_SHARES":7130939579,"PER_SHARES":500,"TOTAL_MARKET_CAP":169359815001.25,"HKSK_MARKET_CAP":169359815001.25,"PE_TTM":5.472937048032,"PB_TTM":0.579970883944,"REPORT_DATE_SQ":"2021-06-30 00:00:00","REPORT_TYPE_SQ":"2021年中报","OPERATE_INCOME_SQ":73741795000,"DPS_HKD":1.585,"OPERATE_INCOME_QOQ_SQ":15.994202239358,"NET_PROFIT_RATIO_SQ":21.1413134166,"HOLDER_PROFIT_SQ":13125377000,"HOLDER_PROFIT_QOQ_SQ":5.877737034123,"ROE_AVG_SQ":6.368908735623,"PE_TTM_SQ":5.650124236301,"PB_TTM_SQ":0.710666670453,"ROA_SQ":1.466025619089,"START_DATE":"2022-01-01 00:00:00","FISCAL_YEAR":"12-31","CURRENCY":"HKD","IS_CNY_CODE":0,"DPS_HKD_LY":1.692,"ORG_TYPE":"一般企业","PREMIUM_INCOME":null,"PREMIUM_INCOME_YOY":null,"NET_INTEREST_INCOME":null,"NET_INTEREST_INCOME_YOY":null,"FEE_COMMISSION_INCOME":null,"FEE_COMMISSION_INCOME_YOY":null,"ACCOUNTS_RECE_TDAYS":1.368650109616,"INVENTORY_TDAYS":0.128514083941,"CURRENT_ASSETS_TDAYS":0.113570487309,"TOTAL_ASSETS_TDAYS":0.074351930066,"PREMIUM_EXPENSE":null,"LOAN_DEPOSIT":null,"LOAN_EQUITY":null,"LOAN_ASSETS":null,"DEPOSIT_EQUITY":null,"DEPOSIT_ASSETS":null,"EQUITY_MULTIPLIER":3.285877956653,"EQUITY_RATIO":3.083573882929},{"SECUCODE":"01109.HK","SECURITY_CODE":"01109","SECURITY_NAME_ABBR":"华润置地","ORG_CODE":"10010493","STD_REPORT_DATE":"2021-12-31 00:00:00","REPORT_DATE":"2021-12-31 00:00:00","DATE_TYPE_CODE":"001","REPORT_TYPE":"2021年年报","PER_NETCASH_OPERATE":0.985601255226,"PER_OI":29.744798094299,"BPS":31.767099901829,"BASIC_EPS":4.54,"DILUTED_EPS":null,"OPERATE_INCOME":212108358000,"OPERATE_INCOME_YOY":18.1087942264,"GROSS_PROFIT":57199656000,"GROSS_PROFIT_YOY":3.220128262608,"HOLDER_PROFIT":32401239000,"HOLDER_PROFIT_YOY":8.6926654277,"GROSS_PROFIT_RATIO":26.967186271839,"EPS_TTM":4.543754527863,"OPERATE_INCOME_QOQ":1.823015242319,"NET_PROFIT_RATIO":17.6303227052,"ROE_AVG":15.070785400088,"GROSS_PROFIT_QOQ":-9.817458243695,"ROA":3.562835444624,"HOLDER_PROFIT_QOQ":2.658659386207,"ROE_YEARLY":15.070785400088,"ROIC_YEARLY":4.307840247915,"TOTAL_ASSETS":949804264000,"TOTAL_LIABILITIES":657728290000,"TAX_EBT":38.051986359552,"OCF_SALES":3.313524778689,"TOTAL_PARENT_EQUITY":226529270000,"DEBT_ASSET_RATIO":69.2488247242,"OPERATE_PROFIT":57465920000,"PRETAX_PROFIT":60365758000,"NETCASH_OPERATE":7028263000,"NETCASH_INVEST":-27802742000,"NETCASH_FINANCE":40198418000,"END_CASH":106772788000,"DIVI_RATIO":0.316428502284,"DIVIDEND_RATE":6.673684210526,"CURRENT_RATIO":1.324228876861,"COMMON_ACS":8000000000,"CURRENTDEBT_DEBT":70.641204592249,"ISSUED_COMMON_SHARES":7130939579,"HK_COMMON_SHARES":7130939579,"PER_SHARES":500,"TOTAL_MARKET_CAP":169359815001.25,"HKSK_MARKET_CAP":169359815001.25,"PE_TTM":5.472937048032,"PB_TTM":0.579970883944,"REPORT_DATE_SQ":"2020-12-31 00:00:00","REPORT_TYPE_SQ":"2020年年报","OPERATE_INCOME_SQ":179587269000,"DPS_HKD":1.585,"OPERATE_INCOME_QOQ_SQ":22.371648491167,"NET_PROFIT_RATIO_SQ":18.9825671885,"HOLDER_PROFIT_SQ":29809959000,"HOLDER_PROFIT_QOQ_SQ":8.446790623592,"ROE_AVG_SQ":15.716313767014,"PE_TTM_SQ":5.650124236301,"PB_TTM_SQ":0.710666670453,"ROA_SQ":3.655086629639,"START_DATE":"2021-01-01 00:00:00","FISCAL_YEAR":"12-31","CURRENCY":"HKD","IS_CNY_CODE":0,"DPS_HKD_LY":1.52,"ORG_TYPE":"一般企业","PREMIUM_INCOME":null,"PREMIUM_INCOME_YOY":null,"NET_INTEREST_INCOME":null,"NET_INTEREST_INCOME_YOY":null,"FEE_COMMISSION_INCOME":null,"FEE_COMMISSION_INCOME_YOY":null,"ACCOUNTS_RECE_TDAYS":4.345360698972,"INVENTORY_TDAYS":0.3971423427,"CURRENT_ASSETS_TDAYS":0.356686679715,"TOTAL_ASSETS_TDAYS":0.233234036508,"PREMIUM_EXPENSE":null,"LOAN_DEPOSIT":null,"LOAN_EQUITY":null,"LOAN_ASSETS":null,"DEPOSIT_EQUITY":null,"DEPOSIT_ASSETS":null,"EQUITY_MULTIPLIER":3.25190823125,"EQUITY_RATIO":2.90350244805},{"SECUCODE":"01109.HK","SECURITY_CODE":"01109","SECURITY_NAME_ABBR":"华润置地","ORG_CODE":"10010493","STD_REPORT_DATE":"2021-06-30 00:00:00","REPORT_DATE":"2021-06-30 00:00:00","DATE_TYPE_CODE":"002","REPORT_TYPE":"2021年中报","PER_NETCASH_OPERATE":-1.984967456699,"PER_OI":10.341105009102,"BPS":29.268545706745,"BASIC_EPS":1.84,"DILUTED_EPS":null,"OPERATE_INCOME":73741795000,"OPERATE_INCOME_YOY":63.8042456743,"GROSS_PROFIT":23109025000,"GROSS_PROFIT_YOY":53.063103406867,"HOLDER_PROFIT":13125377000,"HOLDER_PROFIT_YOY":15.4059279223,"GROSS_PROFIT_RATIO":31.337757644766,"EPS_TTM":4.426080132967,"OPERATE_INCOME_QOQ":15.994202239358,"NET_PROFIT_RATIO":21.1413134166,"ROE_AVG":6.368908735623,"GROSS_PROFIT_QOQ":14.456885171338,"ROA":1.466025619089,"HOLDER_PROFIT_QOQ":5.877737034123,"ROE_YEARLY":12.737817471246,"ROIC_YEARLY":3.509027077134,"TOTAL_ASSETS":921565371000,"TOTAL_LIABILITIES":655515795000,"TAX_EBT":37.214258636361,"OCF_SALES":-19.194926025329,"TOTAL_PARENT_EQUITY":208712231000,"DEBT_ASSET_RATIO":71.1306886769,"OPERATE_PROFIT":24718255000,"PRETAX_PROFIT":24830453000,"NETCASH_OPERATE":-14154683000,"NETCASH_INVEST":-7757416000,"NETCASH_FINANCE":27800380000,"END_CASH":93226358000,"DIVI_RATIO":0.324841258361,"DIVIDEND_RATE":6.673684210526,"CURRENT_RATIO":1.319938301311,"COMMON_ACS":8000000000,"CURRENTDEBT_DEBT":69.655118226404,"ISSUED_COMMON_SHARES":7130939579,"HK_COMMON_SHARES":7130939579,"PER_SHARES":500,"TOTAL_MARKET_CAP":169359815001.25,"HKSK_MARKET_CAP":169359815001.25,"PE_TTM":5.472937048032,"PB_TTM":0.579970883944,"REPORT_DATE_SQ":"2020-06-30 00:00:00","REPORT_TYPE_SQ":"2020年中报","OPERATE_INCOME_SQ":45018244000,"DPS_HKD":1.585,"OPERATE_INCOME_QOQ_SQ":-0.663569704351,"NET_PROFIT_RATIO_SQ":29.4963778807,"HOLDER_PROFIT_SQ":11373226000,"HOLDER_PROFIT_QOQ_SQ":-4.13004883184,"ROE_AVG_SQ":6.516027863712,"PE_TTM_SQ":5.650124236301,"PB_TTM_SQ":0.710666670453,"ROA_SQ":1.463406461569,"START_DATE":"2021-01-01 00:00:00","FISCAL_YEAR":"12-31","CURRENCY":"HKD","IS_CNY_CODE":0,"DPS_HKD_LY":1.52,"ORG_TYPE":"一般企业","PREMIUM_INCOME":null,"PREMIUM_INCOME_YOY":null,"NET_INTEREST_INCOME":null,"NET_INTEREST_INCOME_YOY":null,"FEE_COMMISSION_INCOME":null,"FEE_COMMISSION_INCOME_YOY":null,"ACCOUNTS_RECE_TDAYS":1.215058145312,"INVENTORY_TDAYS":0.132930301328,"CURRENT_ASSETS_TDAYS":0.125332625609,"TOTAL_ASSETS_TDAYS":0.082365147049,"PREMIUM_EXPENSE":null,"LOAN_DEPOSIT":null,"LOAN_EQUITY":null,"LOAN_ASSETS":null,"DEPOSIT_EQUITY":null,"DEPOSIT_ASSETS":null,"EQUITY_MULTIPLIER":3.463885884939,"EQUITY_RATIO":3.140763681454},{"SECUCODE":"01109.HK","SECURITY_CODE":"01109","SECURITY_NAME_ABBR":"华润置地","ORG_CODE":"10010493","STD_REPORT_DATE":"2020-12-31 00:00:00","REPORT_DATE":"2020-12-31 00:00:00","DATE_TYPE_CODE":"001","REPORT_TYPE":"2020年年报","PER_NETCASH_OPERATE":3.131106322336,"PER_OI":25.184236524577,"BPS":28.531741959947,"BASIC_EPS":4.18,"DILUTED_EPS":null,"OPERATE_INCOME":179587269000,"OPERATE_INCOME_YOY":21.2057908754,"GROSS_PROFIT":55415215000,"GROSS_PROFIT_YOY":-1.288427291785,"HOLDER_PROFIT":29809959000,"HOLDER_PROFIT_YOY":3.5654819978,"GROSS_PROFIT_RATIO":30.856984077195,"EPS_TTM":4.180369034087,"OPERATE_INCOME_QOQ":22.371648491167,"NET_PROFIT_RATIO":18.9825671885,"ROE_AVG":15.716313767014,"GROSS_PROFIT_QOQ":3.52846971429,"ROA":3.655086629639,"HOLDER_PROFIT_QOQ":8.446790623592,"ROE_YEARLY":15.716313767014,"ROIC_YEARLY":4.366746078663,"TOTAL_ASSETS":869041400000,"TOTAL_LIABILITIES":612799222000,"TAX_EBT":43.345332980102,"OCF_SALES":12.432802238337,"TOTAL_PARENT_EQUITY":203458128000,"DEBT_ASSET_RATIO":70.514387692,"OPERATE_PROFIT":58456517000,"PRETAX_PROFIT":60172049000,"NETCASH_OPERATE":22327730000,"NETCASH_INVEST":-32844827000,"NETCASH_FINANCE":36326589000,"END_CASH":87534176000,"DIVI_RATIO":0.343934573306,"DIVIDEND_RATE":6.673684210526,"CURRENT_RATIO":1.293347764405,"COMMON_ACS":8000000000,"CURRENTDEBT_DEBT":72.430021133415,"ISSUED_COMMON_SHARES":7130939579,"HK_COMMON_SHARES":7130939579,"PER_SHARES":500,"TOTAL_MARKET_CAP":169359815001.25,"HKSK_MARKET_CAP":169359815001.25,"PE_TTM":5.472937048032,"PB_TTM":0.579970883944,"REPORT_DATE_SQ":"2019-12-31 00:00:00","REPORT_TYPE_SQ":"2019年年报","OPERATE_INCOME_SQ":148167235000,"DPS_HKD":1.585,"OPERATE_INCOME_QOQ_SQ":19.857396616226,"NET_PROFIT_RATIO_SQ":23.2520244616,"HOLDER_PROFIT_SQ":28783682000,"HOLDER_PROFIT_QOQ_SQ":1.98835539811,"ROE_AVG_SQ":17.968566453906,"PE_TTM_SQ":5.650124236301,"PB_TTM_SQ":0.710666670453,"ROA_SQ":4.044469059377,"START_DATE":"2020-01-01 00:00:00","FISCAL_YEAR":"12-31","CURRENCY":"HKD","IS_CNY_CODE":0,"DPS_HKD_LY":1.194,"ORG_TYPE":"一般企业","PREMIUM_INCOME":null,"PREMIUM_INCOME_YOY":null,"NET_INTEREST_INCOME":null,"NET_INTEREST_INCOME_YOY":null,"FEE_COMMISSION_INCOME":null,"FEE_COMMISSION_INCOME_YOY":null,"ACCOUNTS_RECE_TDAYS":3.601002693685,"INVENTORY_TDAYS":0.338666355154,"CURRENT_ASSETS_TDAYS":0.328268786746,"TOTAL_ASSETS_TDAYS":0.220197225288,"PREMIUM_EXPENSE":null,"LOAN_DEPOSIT":null,"LOAN_EQUITY":null,"LOAN_ASSETS":null,"DEPOSIT_EQUITY":null,"DEPOSIT_ASSETS":null,"EQUITY_MULTIPLIER":3.391484597824,"EQUITY_RATIO":3.01191811811},{"SECUCODE":"01109.HK","SECURITY_CODE":"01109","SECURITY_NAME_ABBR":"华润置地","ORG_CODE":"10010493","STD_REPORT_DATE":"2020-06-30 00:00:00","REPORT_DATE":"2020-06-30 00:00:00","DATE_TYPE_CODE":"002","REPORT_TYPE":"2020年中报","PER_NETCASH_OPERATE":-0.495160134353,"PER_OI":6.313087286923,"BPS":25.014493535369,"BASIC_EPS":1.59,"DILUTED_EPS":null,"OPERATE_INCOME":45018244000,"OPERATE_INCOME_YOY":-2.138175372,"GROSS_PROFIT":15097711000,"GROSS_PROFIT_YOY":-13.821246386223,"HOLDER_PROFIT":11373226000,"HOLDER_PROFIT_YOY":-9.3049601142,"GROSS_PROFIT_RATIO":33.532644116698,"EPS_TTM":3.854765097288,"OPERATE_INCOME_QOQ":-0.663569704351,"NET_PROFIT_RATIO":29.4963778807,"ROE_AVG":6.516027863712,"GROSS_PROFIT_QOQ":-4.416839392931,"ROA":1.463406461569,"HOLDER_PROFIT_QOQ":-4.13004883184,"ROE_YEARLY":13.032055727425,"ROIC_YEARLY":3.430535863396,"TOTAL_ASSETS":815326900000,"TOTAL_LIABILITIES":589853169000,"TAX_EBT":31.614341760516,"OCF_SALES":-7.869546514478,"TOTAL_PARENT_EQUITY":178376842000,"DEBT_ASSET_RATIO":72.3456038308,"OPERATE_PROFIT":17421264000,"PRETAX_PROFIT":19105911000,"NETCASH_OPERATE":-3696951000,"NETCASH_INVEST":-20328786000,"NETCASH_FINANCE":20774046000,"END_CASH":59200868000,"DIVI_RATIO":0.372986006595,"DIVIDEND_RATE":6.673684210526,"CURRENT_RATIO":1.255534688006,"COMMON_ACS":8000000000,"CURRENTDEBT_DEBT":74.761385235518,"ISSUED_COMMON_SHARES":7130939579,"HK_COMMON_SHARES":7130939579,"PER_SHARES":500,"TOTAL_MARKET_CAP":169359815001.25,"HKSK_MARKET_CAP":169359815001.25,"PE_TTM":5.472937048032,"PB_TTM":0.579970883944,"REPORT_DATE_SQ":"2019-06-30 00:00:00","REPORT_TYPE_SQ":"2019年中报","OPERATE_INCOME_SQ":45848952000,"DPS_HKD":1.585,"OPERATE_INCOME_QOQ_SQ":1.708771641396,"NET_PROFIT_RATIO_SQ":31.894543631,"HOLDER_PROFIT_SQ":12726320000,"HOLDER_PROFIT_QOQ_SQ":15.989062572523,"ROE_AVG_SQ":8.783343081315,"PE_TTM_SQ":5.650124236301,"PB_TTM_SQ":0.710666670453,"ROA_SQ":1.840629294377,"START_DATE":"2020-01-01 00:00:00","FISCAL_YEAR":"12-31","CURRENCY":"HKD","IS_CNY_CODE":0,"DPS_HKD_LY":1.194,"ORG_TYPE":"一般企业","PREMIUM_INCOME":null,"PREMIUM_INCOME_YOY":null,"NET_INTEREST_INCOME":null,"NET_INTEREST_INCOME_YOY":null,"FEE_COMMISSION_INCOME":null,"FEE_COMMISSION_INCOME_YOY":null,"ACCOUNTS_RECE_TDAYS":0.931629432112,"INVENTORY_TDAYS":0.080390282971,"CURRENT_ASSETS_TDAYS":0.083572654642,"TOTAL_ASSETS_TDAYS":0.056888085056,"PREMIUM_EXPENSE":null,"LOAN_DEPOSIT":null,"LOAN_EQUITY":null,"LOAN_ASSETS":null,"DEPOSIT_EQUITY":null,"DEPOSIT_ASSETS":null,"EQUITY_MULTIPLIER":3.61606159788,"EQUITY_RATIO":3.306781095497}],"count":50},"success":true,"message":"ok","code":0}