{"version":"0a0d0adad36508b8128629a30b8014fc","result":{"pages":6,"data":[{"SECUCODE":"01114.HK","SECURITY_CODE":"01114","SECURITY_NAME_ABBR":"BRILLIANCE CHI","ORG_CODE":"10001154","STD_REPORT_DATE":"2024-06-30 00:00:00","REPORT_DATE":"2024-06-30 00:00:00","DATE_TYPE_CODE":"002","REPORT_TYPE":"2024年中报","PER_NETCASH_OPERATE":-0.13379543253,"PER_OI":0.102677966261,"BPS":4.977104703215,"BASIC_EPS":0.29201,"DILUTED_EPS":0.29201,"OPERATE_INCOME":518038000,"OPERATE_INCOME_YOY":2.0050998809,"GROSS_PROFIT":103552000,"GROSS_PROFIT_YOY":-27.237466184169,"HOLDER_PROFIT":1473258000,"HOLDER_PROFIT_YOY":-60.6516000884,"GROSS_PROFIT_RATIO":19.989267196615,"EPS_TTM":1.083017293982,"OPERATE_INCOME_QOQ":0.908017627116,"NET_PROFIT_RATIO":282.9207509874,"ROE_AVG":3.865350977341,"GROSS_PROFIT_QOQ":-13.437026611989,"ROA":2.839114539858,"HOLDER_PROFIT_QOQ":-29.358513963749,"ROE_YEARLY":7.730701954683,"ROIC_YEARLY":13.710344590761,"TOTAL_ASSETS":48628301000,"TOTAL_LIABILITIES":22432734000,"TAX_EBT":50.110322300423,"OCF_SALES":-130.305884896475,"TOTAL_PARENT_EQUITY":25110834000,"DEBT_ASSET_RATIO":46.1310256346,"OPERATE_PROFIT":-91304000,"PRETAX_PROFIT":2937756000,"NETCASH_OPERATE":-675034000,"NETCASH_INVEST":5433600000,"NETCASH_FINANCE":-8258244000,"END_CASH":27346117000,"DIVI_RATIO":4.875006178885,"DIVIDEND_RATE":148.337595907928,"CURRENT_RATIO":1.508452476844,"COMMON_ACS":8000000000,"CURRENTDEBT_DEBT":99.57167057747,"ISSUED_COMMON_SHARES":5045269388,"HK_COMMON_SHARES":5045269388,"PER_SHARES":2000,"TOTAL_MARKET_CAP":19727003307.08,"HKSK_MARKET_CAP":19727003307.08,"PE_TTM":3.239945369734,"PB_TTM":0.716998940708,"REPORT_DATE_SQ":"2023-06-30 00:00:00","REPORT_TYPE_SQ":"2023年中报","OPERATE_INCOME_SQ":507855000,"DPS_HKD":5.8,"OPERATE_INCOME_QOQ_SQ":-4.392933737204,"NET_PROFIT_RATIO_SQ":737.5109037028,"HOLDER_PROFIT_SQ":3744137000,"HOLDER_PROFIT_QOQ_SQ":7.888418676922,"ROE_AVG_SQ":7.239088992826,"PE_TTM_SQ":2.594325103872,"PB_TTM_SQ":0.38378252044,"ROA_SQ":6.689952292505,"START_DATE":"2024-01-01 00:00:00","FISCAL_YEAR":"12-31","CURRENCY":"HKD","IS_CNY_CODE":0,"DPS_HKD_LY":5.8,"ORG_TYPE":"一般企业","PREMIUM_INCOME":null,"PREMIUM_INCOME_YOY":null,"NET_INTEREST_INCOME":null,"NET_INTEREST_INCOME_YOY":null,"FEE_COMMISSION_INCOME":null,"FEE_COMMISSION_INCOME_YOY":null,"ACCOUNTS_RECE_TDAYS":1.173808320739,"INVENTORY_TDAYS":1.969068663197,"CURRENT_ASSETS_TDAYS":0.015016366349,"TOTAL_ASSETS_TDAYS":0.009983106951,"PREMIUM_EXPENSE":null,"LOAN_DEPOSIT":null,"LOAN_EQUITY":null,"LOAN_ASSETS":null,"DEPOSIT_EQUITY":null,"DEPOSIT_ASSETS":null,"EQUITY_MULTIPLIER":1.85635611552,"EQUITY_RATIO":0.893348823062},{"SECUCODE":"01114.HK","SECURITY_CODE":"01114","SECURITY_NAME_ABBR":"BRILLIANCE CHI","ORG_CODE":"10001154","STD_REPORT_DATE":"2023-12-31 00:00:00","REPORT_DATE":"2023-12-31 00:00:00","DATE_TYPE_CODE":"001","REPORT_TYPE":"2023年年报","PER_NETCASH_OPERATE":-0.197918470394,"PER_OI":0.222278319304,"BPS":10.131887926853,"BASIC_EPS":1.53312,"DILUTED_EPS":1.53312,"OPERATE_INCOME":1121454000,"OPERATE_INCOME_YOY":-0.8199164253,"GROSS_PROFIT":288479000,"GROSS_PROFIT_YOY":22.458950978894,"HOLDER_PROFIT":7734993000,"HOLDER_PROFIT_YOY":8.2287203044,"GROSS_PROFIT_RATIO":25.723658750158,"EPS_TTM":1.533117937844,"OPERATE_INCOME_QOQ":3.737189573499,"NET_PROFIT_RATIO":689.858968803,"ROE_AVG":15.083345847549,"GROSS_PROFIT_QOQ":3.664268619602,"ROA":13.989704074898,"HOLDER_PROFIT_QOQ":0.315419978959,"ROE_YEARLY":15.083345847549,"ROIC_YEARLY":31.165894190303,"TOTAL_ASSETS":55154620000,"TOTAL_LIABILITIES":3263485000,"TAX_EBT":6.370229211342,"OCF_SALES":-89.040834488084,"TOTAL_PARENT_EQUITY":51118104000,"DEBT_ASSET_RATIO":5.9169748609,"OPERATE_PROFIT":-202448000,"PRETAX_PROFIT":8262811000,"NETCASH_OPERATE":-998552000,"NETCASH_INVEST":12032962000,"NETCASH_FINANCE":-8651891000,"END_CASH":30845795000,"DIVI_RATIO":3.443776809124,"DIVIDEND_RATE":148.337595907928,"CURRENT_RATIO":11.106137672934,"COMMON_ACS":8000000000,"CURRENTDEBT_DEBT":97.400907312275,"ISSUED_COMMON_SHARES":5045269388,"HK_COMMON_SHARES":5045269388,"PER_SHARES":2000,"TOTAL_MARKET_CAP":19727003307.08,"HKSK_MARKET_CAP":19727003307.08,"PE_TTM":3.239945369734,"PB_TTM":0.716998940708,"REPORT_DATE_SQ":"2022-12-31 00:00:00","REPORT_TYPE_SQ":"2022年年报","OPERATE_INCOME_SQ":1130725000,"DPS_HKD":5.8,"OPERATE_INCOME_QOQ_SQ":-3.672085116316,"NET_PROFIT_RATIO_SQ":632.0573083641,"HOLDER_PROFIT_SQ":7146895000,"HOLDER_PROFIT_QOQ_SQ":37.883291567735,"ROE_AVG_SQ":15.242814814472,"PE_TTM_SQ":2.570135592414,"PB_TTM_SQ":0.380204128641,"ROA_SQ":13.564353463776,"START_DATE":"2023-01-01 00:00:00","FISCAL_YEAR":"12-31","CURRENCY":"HKD","IS_CNY_CODE":0,"DPS_HKD_LY":1.92,"ORG_TYPE":"一般企业","PREMIUM_INCOME":null,"PREMIUM_INCOME_YOY":null,"NET_INTEREST_INCOME":null,"NET_INTEREST_INCOME_YOY":null,"FEE_COMMISSION_INCOME":null,"FEE_COMMISSION_INCOME_YOY":null,"ACCOUNTS_RECE_TDAYS":2.733543527037,"INVENTORY_TDAYS":5.32866980767,"CURRENT_ASSETS_TDAYS":0.032491190767,"TOTAL_ASSETS_TDAYS":0.02028290083,"PREMIUM_EXPENSE":null,"LOAN_DEPOSIT":null,"LOAN_EQUITY":null,"LOAN_ASSETS":null,"DEPOSIT_EQUITY":null,"DEPOSIT_ASSETS":null,"EQUITY_MULTIPLIER":1.062890992845,"EQUITY_RATIO":0.063842058774},{"SECUCODE":"01114.HK","SECURITY_CODE":"01114","SECURITY_NAME_ABBR":"BRILLIANCE CHI","ORG_CODE":"10001154","STD_REPORT_DATE":"2023-06-30 00:00:00","REPORT_DATE":"2023-06-30 00:00:00","DATE_TYPE_CODE":"002","REPORT_TYPE":"2023年中报","PER_NETCASH_OPERATE":-0.119043593872,"PER_OI":0.100659639941,"BPS":10.306082193286,"BASIC_EPS":0.74211,"DILUTED_EPS":0.74211,"OPERATE_INCOME":507855000,"OPERATE_INCOME_YOY":-8.9093443008,"GROSS_PROFIT":142315000,"GROSS_PROFIT_YOY":42.879373525425,"HOLDER_PROFIT":3744137000,"HOLDER_PROFIT_YOY":17.7268296671,"GROSS_PROFIT_RATIO":28.022762402654,"EPS_TTM":1.528297382562,"OPERATE_INCOME_QOQ":-4.392933737204,"NET_PROFIT_RATIO":737.5109037028,"ROE_AVG":7.239088992826,"GROSS_PROFIT_QOQ":18.130338070738,"ROA":6.689952292505,"HOLDER_PROFIT_QOQ":7.888418676922,"ROE_YEARLY":14.478177985651,"ROIC_YEARLY":26.165039346143,"TOTAL_ASSETS":56506541000,"TOTAL_LIABILITIES":3736658000,"TAX_EBT":6.890015454998,"OCF_SALES":-118.263480717921,"TOTAL_PARENT_EQUITY":51996961000,"DEBT_ASSET_RATIO":6.6127884204,"OPERATE_PROFIT":-84619000,"PRETAX_PROFIT":4022647000,"NETCASH_OPERATE":-600607000,"NETCASH_INVEST":409107000,"NETCASH_FINANCE":-3650177000,"END_CASH":24621599000,"DIVI_RATIO":3.45463916921,"DIVIDEND_RATE":148.337595907928,"CURRENT_RATIO":8.078684639467,"COMMON_ACS":8000000000,"CURRENTDEBT_DEBT":97.542804291964,"ISSUED_COMMON_SHARES":5045269388,"HK_COMMON_SHARES":5045269388,"PER_SHARES":2000,"TOTAL_MARKET_CAP":19727003307.08,"HKSK_MARKET_CAP":19727003307.08,"PE_TTM":3.239945369734,"PB_TTM":0.716998940708,"REPORT_DATE_SQ":"2022-06-30 00:00:00","REPORT_TYPE_SQ":"2022年中报","OPERATE_INCOME_SQ":557527000,"DPS_HKD":5.8,"OPERATE_INCOME_QOQ_SQ":-45.198011527835,"NET_PROFIT_RATIO_SQ":148.8729693809,"HOLDER_PROFIT_SQ":3180360000,"HOLDER_PROFIT_QOQ_SQ":-56.663332086175,"ROE_AVG_SQ":1.874718490025,"PE_TTM_SQ":2.570135592414,"PB_TTM_SQ":0.380204128641,"ROA_SQ":1.642285949701,"START_DATE":"2023-01-01 00:00:00","FISCAL_YEAR":"12-31","CURRENCY":"HKD","IS_CNY_CODE":0,"DPS_HKD_LY":1.92,"ORG_TYPE":"一般企业","PREMIUM_INCOME":null,"PREMIUM_INCOME_YOY":null,"NET_INTEREST_INCOME":null,"NET_INTEREST_INCOME_YOY":null,"FEE_COMMISSION_INCOME":null,"FEE_COMMISSION_INCOME_YOY":null,"ACCOUNTS_RECE_TDAYS":1.395564520007,"INVENTORY_TDAYS":2.224852935359,"CURRENT_ASSETS_TDAYS":0.016077948139,"TOTAL_ASSETS_TDAYS":0.009074255887,"PREMIUM_EXPENSE":null,"LOAN_DEPOSIT":null,"LOAN_EQUITY":null,"LOAN_ASSETS":null,"DEPOSIT_EQUITY":null,"DEPOSIT_ASSETS":null,"EQUITY_MULTIPLIER":1.070810427986,"EQUITY_RATIO":0.071863007532},{"SECUCODE":"01114.HK","SECURITY_CODE":"01114","SECURITY_NAME_ABBR":"BRILLIANCE CHI","ORG_CODE":"10001154","STD_REPORT_DATE":"2022-12-31 00:00:00","REPORT_DATE":"2022-12-31 00:00:00","DATE_TYPE_CODE":"001","REPORT_TYPE":"2022年年报","PER_NETCASH_OPERATE":0.25704831601,"PER_OI":0.224115882234,"BPS":10.196730846991,"BASIC_EPS":1.41655,"DILUTED_EPS":1.41655,"OPERATE_INCOME":1130725000,"OPERATE_INCOME_YOY":-47.21038719,"GROSS_PROFIT":235572000,"GROSS_PROFIT_YOY":30.34543432432,"HOLDER_PROFIT":7146895000,"HOLDER_PROFIT_YOY":-40.2459758246,"GROSS_PROFIT_RATIO":20.833712883327,"EPS_TTM":1.416553696221,"OPERATE_INCOME_QOQ":-3.672085116316,"NET_PROFIT_RATIO":632.0573083641,"ROE_AVG":15.242814814472,"GROSS_PROFIT_QOQ":42.861821158919,"ROA":13.564353463776,"HOLDER_PROFIT_QOQ":37.883291567735,"ROE_YEARLY":15.242814814472,"ROIC_YEARLY":18.762475411463,"TOTAL_ASSETS":55426604000,"TOTAL_LIABILITIES":3209777000,"TAX_EBT":-0.056812677207,"OCF_SALES":114.694377501161,"TOTAL_PARENT_EQUITY":51445254000,"DEBT_ASSET_RATIO":5.7910403459,"OPERATE_PROFIT":-2963479000,"PRETAX_PROFIT":7142772000,"NETCASH_OPERATE":1296878000,"NETCASH_INVEST":28295623000,"NETCASH_FINANCE":-2178477000,"END_CASH":28463276000,"DIVI_RATIO":3.727155570655,"DIVIDEND_RATE":148.337595907928,"CURRENT_RATIO":10.830581154255,"COMMON_ACS":8000000000,"CURRENTDEBT_DEBT":97.022285348795,"ISSUED_COMMON_SHARES":5045269388,"HK_COMMON_SHARES":5045269388,"PER_SHARES":2000,"TOTAL_MARKET_CAP":19727003307.08,"HKSK_MARKET_CAP":19727003307.08,"PE_TTM":3.239945369734,"PB_TTM":0.716998940708,"REPORT_DATE_SQ":"2021-12-31 00:00:00","REPORT_TYPE_SQ":"2021年年报","OPERATE_INCOME_SQ":2141946000,"DPS_HKD":5.8,"OPERATE_INCOME_QOQ_SQ":-33.03903528763,"NET_PROFIT_RATIO_SQ":487.4443146559,"HOLDER_PROFIT_SQ":11960525000,"HOLDER_PROFIT_QOQ_SQ":18.282625509812,"ROE_AVG_SQ":31.635541234959,"PE_TTM_SQ":2.570135592414,"PB_TTM_SQ":0.380204128641,"ROA_SQ":24.427752924697,"START_DATE":"2022-01-01 00:00:00","FISCAL_YEAR":"12-31","CURRENCY":"HKD","IS_CNY_CODE":0,"DPS_HKD_LY":null,"ORG_TYPE":"一般企业","PREMIUM_INCOME":null,"PREMIUM_INCOME_YOY":null,"NET_INTEREST_INCOME":null,"NET_INTEREST_INCOME_YOY":null,"FEE_COMMISSION_INCOME":null,"FEE_COMMISSION_INCOME_YOY":null,"ACCOUNTS_RECE_TDAYS":2.837826815327,"INVENTORY_TDAYS":3.70213073939,"CURRENT_ASSETS_TDAYS":0.058456881533,"TOTAL_ASSETS_TDAYS":0.02146044341,"PREMIUM_EXPENSE":null,"LOAN_DEPOSIT":null,"LOAN_EQUITY":null,"LOAN_ASSETS":null,"DEPOSIT_EQUITY":null,"DEPOSIT_ASSETS":null,"EQUITY_MULTIPLIER":1.061470165546,"EQUITY_RATIO":0.062392091601},{"SECUCODE":"01114.HK","SECURITY_CODE":"01114","SECURITY_NAME_ABBR":"BRILLIANCE CHI","ORG_CODE":"10001154","STD_REPORT_DATE":"2022-06-30 00:00:00","REPORT_DATE":"2022-06-30 00:00:00","DATE_TYPE_CODE":"002","REPORT_TYPE":"2022年中报","PER_NETCASH_OPERATE":0.168508742471,"PER_OI":0.110504902142,"BPS":9.158087794063,"BASIC_EPS":0.63039,"DILUTED_EPS":0.63039,"OPERATE_INCOME":557527000,"OPERATE_INCOME_YOY":-63.4562846903,"GROSS_PROFIT":99605000,"GROSS_PROFIT_YOY":-13.716335034087,"HOLDER_PROFIT":3180360000,"HOLDER_PROFIT_YOY":-89.0907468026,"GROSS_PROFIT_RATIO":17.865502477907,"EPS_TTM":1.027357035152,"OPERATE_INCOME_QOQ":-45.198011527835,"NET_PROFIT_RATIO":148.8729693809,"ROE_AVG":1.874718490025,"GROSS_PROFIT_QOQ":-8.761183871985,"ROA":1.642285949701,"HOLDER_PROFIT_QOQ":-56.663332086175,"ROE_YEARLY":3.749436980051,"ROIC_YEARLY":4.028924076369,"TOTAL_ASSETS":51112891000,"TOTAL_LIABILITIES":4136105000,"TAX_EBT":-0.11999964743,"OCF_SALES":152.489834573034,"TOTAL_PARENT_EQUITY":46205020000,"DEBT_ASSET_RATIO":8.0920975493,"OPERATE_PROFIT":-2835173000,"PRETAX_PROFIT":3176676000,"NETCASH_OPERATE":850172000,"NETCASH_INVEST":17252758000,"NETCASH_FINANCE":-1212075000,"END_CASH":17940107000,"DIVI_RATIO":5.139124782669,"DIVIDEND_RATE":148.337595907928,"CURRENT_RATIO":5.871333063425,"COMMON_ACS":8000000000,"CURRENTDEBT_DEBT":97.399195620034,"ISSUED_COMMON_SHARES":5045269388,"HK_COMMON_SHARES":5045269388,"PER_SHARES":2000,"TOTAL_MARKET_CAP":19727003307.08,"HKSK_MARKET_CAP":19727003307.08,"PE_TTM":3.239945369734,"PB_TTM":0.716998940708,"REPORT_DATE_SQ":"2021-06-30 00:00:00","REPORT_TYPE_SQ":"2021年中报","OPERATE_INCOME_SQ":1525644000,"DPS_HKD":5.8,"OPERATE_INCOME_QOQ_SQ":2.420202291873,"NET_PROFIT_RATIO_SQ":489.597900952,"HOLDER_PROFIT_SQ":7607111000,"HOLDER_PROFIT_QOQ_SQ":90031.1970763883,"ROE_AVG_SQ":20.778652738317,"PE_TTM_SQ":2.570135592414,"PB_TTM_SQ":0.380204128641,"ROA_SQ":15.44057511822,"START_DATE":"2022-01-01 00:00:00","FISCAL_YEAR":"12-31","CURRENCY":"HKD","IS_CNY_CODE":0,"DPS_HKD_LY":null,"ORG_TYPE":"一般企业","PREMIUM_INCOME":null,"PREMIUM_INCOME_YOY":null,"NET_INTEREST_INCOME":null,"NET_INTEREST_INCOME_YOY":null,"FEE_COMMISSION_INCOME":null,"FEE_COMMISSION_INCOME_YOY":null,"ACCOUNTS_RECE_TDAYS":1.36328836126,"INVENTORY_TDAYS":1.842162536181,"CURRENT_ASSETS_TDAYS":0.038974202529,"TOTAL_ASSETS_TDAYS":0.011033159758,"PREMIUM_EXPENSE":null,"LOAN_DEPOSIT":null,"LOAN_EQUITY":null,"LOAN_ASSETS":null,"DEPOSIT_EQUITY":null,"DEPOSIT_ASSETS":null,"EQUITY_MULTIPLIER":1.088045721135,"EQUITY_RATIO":0.089516355582},{"SECUCODE":"01114.HK","SECURITY_CODE":"01114","SECURITY_NAME_ABBR":"BRILLIANCE CHI","ORG_CODE":"10001154","STD_REPORT_DATE":"2021-12-31 00:00:00","REPORT_DATE":"2021-12-31 00:00:00","DATE_TYPE_CODE":"001","REPORT_TYPE":"2021年年报","PER_NETCASH_OPERATE":0.318285085791,"PER_OI":0.424545417752,"BPS":8.389779760953,"BASIC_EPS":2.37064,"DILUTED_EPS":2.37064,"OPERATE_INCOME":2141946000,"OPERATE_INCOME_YOY":-31.418444485,"GROSS_PROFIT":180729000,"GROSS_PROFIT_YOY":872.340883413138,"HOLDER_PROFIT":11960525000,"HOLDER_PROFIT_YOY":106509.546305375,"GROSS_PROFIT_RATIO":8.437607670782,"EPS_TTM":2.370641502007,"OPERATE_INCOME_QOQ":-33.03903528763,"NET_PROFIT_RATIO":487.4443146559,"ROE_AVG":31.635541234959,"GROSS_PROFIT_QOQ":218.841628001341,"ROA":24.427752924697,"HOLDER_PROFIT_QOQ":18.282625509812,"ROE_YEARLY":31.635541234959,"ROIC_YEARLY":25.081408244996,"TOTAL_ASSETS":49950995000,"TOTAL_LIABILITIES":8776656000,"TAX_EBT":0.179901527887,"OCF_SALES":74.970797583132,"TOTAL_PARENT_EQUITY":42328699000,"DEBT_ASSET_RATIO":17.5705328793,"OPERATE_PROFIT":-3859809000,"PRETAX_PROFIT":10459611000,"NETCASH_OPERATE":1605834000,"NETCASH_INVEST":1088581000,"NETCASH_FINANCE":-3666934000,"END_CASH":1049252000,"DIVI_RATIO":2.227125440742,"DIVIDEND_RATE":148.337595907928,"CURRENT_RATIO":0.575543348781,"COMMON_ACS":8000000000,"CURRENTDEBT_DEBT":98.136101038938,"ISSUED_COMMON_SHARES":5045269388,"HK_COMMON_SHARES":5045269388,"PER_SHARES":2000,"TOTAL_MARKET_CAP":19727003307.08,"HKSK_MARKET_CAP":19727003307.08,"PE_TTM":3.239945369734,"PB_TTM":0.716998940708,"REPORT_DATE_SQ":"2020-12-31 00:00:00","REPORT_TYPE_SQ":"2020年年报","OPERATE_INCOME_SQ":3123210000,"DPS_HKD":5.8,"OPERATE_INCOME_QOQ_SQ":-8.349279916754,"NET_PROFIT_RATIO_SQ":-30.6590334944,"HOLDER_PROFIT_SQ":11219000,"HOLDER_PROFIT_QOQ_SQ":-99.851951341754,"ROE_AVG_SQ":0.033431746753,"PE_TTM_SQ":2.570135592414,"PB_TTM_SQ":0.380204128641,"ROA_SQ":0.023026389414,"START_DATE":"2021-01-01 00:00:00","FISCAL_YEAR":"12-31","CURRENCY":"HKD","IS_CNY_CODE":0,"DPS_HKD_LY":null,"ORG_TYPE":"一般企业","PREMIUM_INCOME":null,"PREMIUM_INCOME_YOY":null,"NET_INTEREST_INCOME":null,"NET_INTEREST_INCOME_YOY":null,"FEE_COMMISSION_INCOME":null,"FEE_COMMISSION_INCOME_YOY":null,"ACCOUNTS_RECE_TDAYS":3.006003738654,"INVENTORY_TDAYS":4.877011451378,"CURRENT_ASSETS_TDAYS":0.262742279144,"TOTAL_ASSETS_TDAYS":0.043746346976,"PREMIUM_EXPENSE":null,"LOAN_DEPOSIT":null,"LOAN_EQUITY":null,"LOAN_ASSETS":null,"DEPOSIT_EQUITY":null,"DEPOSIT_ASSETS":null,"EQUITY_MULTIPLIER":1.213158394601,"EQUITY_RATIO":0.207345281271},{"SECUCODE":"01114.HK","SECURITY_CODE":"01114","SECURITY_NAME_ABBR":"BRILLIANCE CHI","ORG_CODE":"10001154","STD_REPORT_DATE":"2021-06-30 00:00:00","REPORT_DATE":"2021-06-30 00:00:00","DATE_TYPE_CODE":"002","REPORT_TYPE":"2021年中报","PER_NETCASH_OPERATE":0.322693571898,"PER_OI":0.302390988998,"BPS":7.915268923991,"BASIC_EPS":1.50777,"DILUTED_EPS":1.50777,"OPERATE_INCOME":1525644000,"OPERATE_INCOME_YOY":5.2127641967,"GROSS_PROFIT":115439000,"GROSS_PROFIT_YOY":49.25591197652,"HOLDER_PROFIT":7607111000,"HOLDER_PROFIT_YOY":405.0789877156,"GROSS_PROFIT_RATIO":7.566575164324,"EPS_TTM":2.00421785684,"OPERATE_INCOME_QOQ":2.420202291873,"NET_PROFIT_RATIO":489.597900952,"ROE_AVG":20.778652738317,"GROSS_PROFIT_QOQ":204.960456232851,"ROA":15.44057511822,"HOLDER_PROFIT_QOQ":90031.1970763883,"ROE_YEARLY":41.557305476633,"ROIC_YEARLY":32.200976369137,"TOTAL_ASSETS":50559324000,"TOTAL_LIABILITIES":10397026000,"TAX_EBT":0.081090665437,"OCF_SALES":106.714017162588,"TOTAL_PARENT_EQUITY":39934664000,"DEBT_ASSET_RATIO":20.564013079,"OPERATE_PROFIT":-654975000,"PRETAX_PROFIT":7475583000,"NETCASH_OPERATE":1628076000,"NETCASH_INVEST":-583769000,"NETCASH_FINANCE":-1918808000,"END_CASH":1147270000,"DIVI_RATIO":2.634302444707,"DIVIDEND_RATE":148.337595907928,"CURRENT_RATIO":0.717710954486,"COMMON_ACS":8000000000,"CURRENTDEBT_DEBT":98.566234228904,"ISSUED_COMMON_SHARES":5045269388,"HK_COMMON_SHARES":5045269388,"PER_SHARES":2000,"TOTAL_MARKET_CAP":19727003307.08,"HKSK_MARKET_CAP":19727003307.08,"PE_TTM":3.239945369734,"PB_TTM":0.716998940708,"REPORT_DATE_SQ":"2020-06-30 00:00:00","REPORT_TYPE_SQ":"2020年中报","OPERATE_INCOME_SQ":1450056000,"DPS_HKD":5.8,"OPERATE_INCOME_QOQ_SQ":-11.761367123181,"NET_PROFIT_RATIO_SQ":258.5949784008,"HOLDER_PROFIT_SQ":-2493489000,"HOLDER_PROFIT_QOQ_SQ":12.054448019114,"ROE_AVG_SQ":11.153166594554,"PE_TTM_SQ":2.570135592414,"PB_TTM_SQ":0.380204128641,"ROA_SQ":7.852380100028,"START_DATE":"2021-01-01 00:00:00","FISCAL_YEAR":"12-31","CURRENCY":"HKD","IS_CNY_CODE":0,"DPS_HKD_LY":null,"ORG_TYPE":"一般企业","PREMIUM_INCOME":null,"PREMIUM_INCOME_YOY":null,"NET_INTEREST_INCOME":null,"NET_INTEREST_INCOME_YOY":null,"FEE_COMMISSION_INCOME":null,"FEE_COMMISSION_INCOME_YOY":null,"ACCOUNTS_RECE_TDAYS":1.851669257909,"INVENTORY_TDAYS":3.114774918442,"CURRENT_ASSETS_TDAYS":0.163149394006,"TOTAL_ASSETS_TDAYS":0.030966842453,"PREMIUM_EXPENSE":null,"LOAN_DEPOSIT":null,"LOAN_EQUITY":null,"LOAN_ASSETS":null,"DEPOSIT_EQUITY":null,"DEPOSIT_ASSETS":null,"EQUITY_MULTIPLIER":1.25887527651,"EQUITY_RATIO":0.260350907172},{"SECUCODE":"01114.HK","SECURITY_CODE":"01114","SECURITY_NAME_ABBR":"BRILLIANCE CHI","ORG_CODE":"10001154","STD_REPORT_DATE":"2020-12-31 00:00:00","REPORT_DATE":"2020-12-31 00:00:00","DATE_TYPE_CODE":"001","REPORT_TYPE":"2020年年报","PER_NETCASH_OPERATE":-0.436022307398,"PER_OI":0.619037311948,"BPS":6.597423931251,"BASIC_EPS":0.00222,"DILUTED_EPS":0.00222,"OPERATE_INCOME":3123210000,"OPERATE_INCOME_YOY":-19.1286575768,"GROSS_PROFIT":18587000,"GROSS_PROFIT_YOY":-75.010419607685,"HOLDER_PROFIT":11219000,"HOLDER_PROFIT_YOY":-99.8317294713,"GROSS_PROFIT_RATIO":0.595124887536,"EPS_TTM":0.002223667189,"OPERATE_INCOME_QOQ":-8.349279916754,"NET_PROFIT_RATIO":-30.6590334944,"ROE_AVG":0.033431746753,"GROSS_PROFIT_QOQ":-63.120300005953,"ROA":0.023026389414,"HOLDER_PROFIT_QOQ":-99.851951341754,"ROE_YEARLY":0.033431746753,"ROIC_YEARLY":0.026207033438,"TOTAL_ASSETS":47974713000,"TOTAL_LIABILITIES":14617583000,"TAX_EBT":-15.563306339686,"OCF_SALES":-70.435545480451,"TOTAL_PARENT_EQUITY":33285781000,"DEBT_ASSET_RATIO":30.4693495509,"OPERATE_PROFIT":-10622178000,"PRETAX_PROFIT":-828590000,"NETCASH_OPERATE":-2199850000,"NETCASH_INVEST":4313012000,"NETCASH_FINANCE":-2854924000,"END_CASH":2021771000,"DIVI_RATIO":2374.3283280269,"DIVIDEND_RATE":148.337595907928,"CURRENT_RATIO":0.805953747606,"COMMON_ACS":8000000000,"CURRENTDEBT_DEBT":96.318255897709,"ISSUED_COMMON_SHARES":5045269388,"HK_COMMON_SHARES":5045269388,"PER_SHARES":2000,"TOTAL_MARKET_CAP":19727003307.08,"HKSK_MARKET_CAP":19727003307.08,"PE_TTM":3.239945369734,"PB_TTM":0.716998940708,"REPORT_DATE_SQ":"2019-12-31 00:00:00","REPORT_TYPE_SQ":"2019年年报","OPERATE_INCOME_SQ":3861949000,"DPS_HKD":5.8,"OPERATE_INCOME_QOQ_SQ":-3.315989898866,"NET_PROFIT_RATIO_SQ":157.3558325084,"HOLDER_PROFIT_SQ":6667240000,"HOLDER_PROFIT_QOQ_SQ":23.299624870665,"ROE_AVG_SQ":20.806640051699,"PE_TTM_SQ":2.570135592414,"PB_TTM_SQ":0.380204128641,"ROA_SQ":14.77059591442,"START_DATE":"2020-01-01 00:00:00","FISCAL_YEAR":"12-31","CURRENCY":"HKD","IS_CNY_CODE":0,"DPS_HKD_LY":0.71,"ORG_TYPE":"一般企业","PREMIUM_INCOME":null,"PREMIUM_INCOME_YOY":null,"NET_INTEREST_INCOME":null,"NET_INTEREST_INCOME_YOY":null,"FEE_COMMISSION_INCOME":null,"FEE_COMMISSION_INCOME_YOY":null,"ACCOUNTS_RECE_TDAYS":2.767868299803,"INVENTORY_TDAYS":5.127459683446,"CURRENT_ASSETS_TDAYS":0.205057300076,"TOTAL_ASSETS_TDAYS":0.064102192426,"PREMIUM_EXPENSE":null,"LOAN_DEPOSIT":null,"LOAN_EQUITY":null,"LOAN_ASSETS":null,"DEPOSIT_EQUITY":null,"DEPOSIT_ASSETS":null,"EQUITY_MULTIPLIER":1.438214648563,"EQUITY_RATIO":0.439153973885},{"SECUCODE":"01114.HK","SECURITY_CODE":"01114","SECURITY_NAME_ABBR":"BRILLIANCE CHI","ORG_CODE":"10001154","STD_REPORT_DATE":"2020-06-30 00:00:00","REPORT_DATE":"2020-06-30 00:00:00","DATE_TYPE_CODE":"002","REPORT_TYPE":"2020年中报","PER_NETCASH_OPERATE":-0.636471663463,"PER_OI":0.287409033787,"BPS":7.672341162212,"BASIC_EPS":-0.49422,"DILUTED_EPS":-0.49422,"OPERATE_INCOME":1450056000,"OPERATE_INCOME_YOY":-23.8525548319,"GROSS_PROFIT":77343000,"GROSS_PROFIT_YOY":-23.66688708388,"HOLDER_PROFIT":-2493489000,"HOLDER_PROFIT_YOY":25.2386380664,"GROSS_PROFIT_RATIO":5.333794005197,"EPS_TTM":1.501984020521,"OPERATE_INCOME_QOQ":-11.761367123181,"NET_PROFIT_RATIO":258.5949784008,"ROE_AVG":11.153166594554,"GROSS_PROFIT_QOQ":-32.240282875543,"ROA":7.852380100028,"HOLDER_PROFIT_QOQ":12.054448019114,"ROE_YEARLY":22.306333189108,"ROIC_YEARLY":18.819492913159,"TOTAL_ASSETS":53561254000,"TOTAL_LIABILITIES":14108299000,"TAX_EBT":-0.466431217606,"OCF_SALES":-221.45151635523,"TOTAL_PARENT_EQUITY":38709028000,"DEBT_ASSET_RATIO":26.3404941938,"OPERATE_PROFIT":-7144229000,"PRETAX_PROFIT":-2775972000,"NETCASH_OPERATE":-1047076000,"NETCASH_INVEST":-1091394000,"NETCASH_FINANCE":1188577000,"END_CASH":1813640000,"DIVI_RATIO":3.515161231987,"DIVIDEND_RATE":148.337595907928,"CURRENT_RATIO":1.364309205319,"COMMON_ACS":8000000000,"CURRENTDEBT_DEBT":95.147281752393,"ISSUED_COMMON_SHARES":5045269388,"HK_COMMON_SHARES":5045269388,"PER_SHARES":2000,"TOTAL_MARKET_CAP":19727003307.08,"HKSK_MARKET_CAP":19727003307.08,"PE_TTM":3.239945369734,"PB_TTM":0.716998940708,"REPORT_DATE_SQ":"2019-06-30 00:00:00","REPORT_TYPE_SQ":"2019年中报","OPERATE_INCOME_SQ":1904274000,"DPS_HKD":5.8,"OPERATE_INCOME_QOQ_SQ":-8.746561492878,"NET_PROFIT_RATIO_SQ":160.775182563,"HOLDER_PROFIT_SQ":3229996000,"HOLDER_PROFIT_QOQ_SQ":-5.774596373178,"ROE_AVG_SQ":9.904700108001,"PE_TTM_SQ":2.570135592414,"PB_TTM_SQ":0.380204128641,"ROA_SQ":7.386336207826,"START_DATE":"2020-01-01 00:00:00","FISCAL_YEAR":"12-31","CURRENCY":"HKD","IS_CNY_CODE":0,"DPS_HKD_LY":0.71,"ORG_TYPE":"一般企业","PREMIUM_INCOME":null,"PREMIUM_INCOME_YOY":null,"NET_INTEREST_INCOME":null,"NET_INTEREST_INCOME_YOY":null,"FEE_COMMISSION_INCOME":null,"FEE_COMMISSION_INCOME_YOY":null,"ACCOUNTS_RECE_TDAYS":1.130379570698,"INVENTORY_TDAYS":1.967571991569,"CURRENT_ASSETS_TDAYS":0.077484039706,"TOTAL_ASSETS_TDAYS":0.028147884985,"PREMIUM_EXPENSE":null,"LOAN_DEPOSIT":null,"LOAN_EQUITY":null,"LOAN_ASSETS":null,"DEPOSIT_EQUITY":null,"DEPOSIT_ASSETS":null,"EQUITY_MULTIPLIER":1.357598030363,"EQUITY_RATIO":0.364470505434}],"count":49},"success":true,"message":"ok","code":0}