{"version":"8d2f8b57b4e1fa8c102b7a7bb282b169","result":{"pages":4,"data":[{"SECUCODE":"01110.HK","SECURITY_CODE":"01110","SECURITY_NAME_ABBR":"金活医药集团","ORG_CODE":"10165933","STD_REPORT_DATE":"2024-06-30 00:00:00","REPORT_DATE":"2024-06-30 00:00:00","DATE_TYPE_CODE":"002","REPORT_TYPE":"2024年中报","PER_NETCASH_OPERATE":0.262428915663,"PER_OI":0.845121285141,"BPS":1.062607228916,"BASIC_EPS":0.052,"DILUTED_EPS":0.052,"OPERATE_INCOME":526088000,"OPERATE_INCOME_YOY":-4.8694705588,"GROSS_PROFIT":137260000,"GROSS_PROFIT_YOY":-11.267123066281,"HOLDER_PROFIT":30716000,"HOLDER_PROFIT_YOY":-18.5835078326,"GROSS_PROFIT_RATIO":26.09069205152,"EPS_TTM":0.049935742972,"OPERATE_INCOME_QOQ":-2.496525778768,"NET_PROFIT_RATIO":8.6715530482,"ROE_AVG":4.797474750236,"GROSS_PROFIT_QOQ":-6.209894358043,"ROA":2.156064052988,"HOLDER_PROFIT_QOQ":-18.403506929861,"ROE_YEARLY":9.594949500471,"ROIC_YEARLY":5.552389650639,"TOTAL_ASSETS":1511616000,"TOTAL_LIABILITIES":754921000,"TAX_EBT":17.751415281434,"OCF_SALES":31.052219400557,"TOTAL_PARENT_EQUITY":661473000,"DEBT_ASSET_RATIO":49.9413210763,"OPERATE_PROFIT":57929000,"PRETAX_PROFIT":55466000,"NETCASH_OPERATE":163362000,"NETCASH_INVEST":-76033000,"NETCASH_FINANCE":24194000,"END_CASH":287235000,"DIVI_RATIO":0.613393016246,"DIVIDEND_RATE":7.860465116279,"CURRENT_RATIO":1.151937676945,"COMMON_ACS":10000000000,"CURRENTDEBT_DEBT":76.124919031263,"ISSUED_COMMON_SHARES":622500000,"HK_COMMON_SHARES":622500000,"PER_SHARES":4000,"TOTAL_MARKET_CAP":267675000,"HKSK_MARKET_CAP":267675000,"PE_TTM":7.697661999074,"PB_TTM":0.369329691461,"REPORT_DATE_SQ":"2023-06-30 00:00:00","REPORT_TYPE_SQ":"2023年中报","OPERATE_INCOME_SQ":553017000,"DPS_HKD":0.0338,"OPERATE_INCOME_QOQ_SQ":13.9260583418,"NET_PROFIT_RATIO_SQ":8.6255937883,"HOLDER_PROFIT_SQ":37727000,"HOLDER_PROFIT_QOQ_SQ":59.425706873049,"ROE_AVG_SQ":5.872007147204,"PE_TTM_SQ":8.831020280811,"PB_TTM_SQ":0.462986426671,"ROA_SQ":2.865540183605,"START_DATE":"2024-01-01 00:00:00","FISCAL_YEAR":"12-31","CURRENCY":"HKD","IS_CNY_CODE":0,"DPS_HKD_LY":0.0338,"ORG_TYPE":"一般企业","PREMIUM_INCOME":null,"PREMIUM_INCOME_YOY":null,"NET_INTEREST_INCOME":null,"NET_INTEREST_INCOME_YOY":null,"FEE_COMMISSION_INCOME":null,"FEE_COMMISSION_INCOME_YOY":null,"ACCOUNTS_RECE_TDAYS":2.028682155596,"INVENTORY_TDAYS":3.297430004622,"CURRENT_ASSETS_TDAYS":0.841326867181,"TOTAL_ASSETS_TDAYS":0.369279667114,"PREMIUM_EXPENSE":null,"LOAN_DEPOSIT":null,"LOAN_EQUITY":null,"LOAN_ASSETS":null,"DEPOSIT_EQUITY":null,"DEPOSIT_ASSETS":null,"EQUITY_MULTIPLIER":1.997655594396,"EQUITY_RATIO":1.141272584066},{"SECUCODE":"01110.HK","SECURITY_CODE":"01110","SECURITY_NAME_ABBR":"金活医药集团","ORG_CODE":"10165933","STD_REPORT_DATE":"2023-12-31 00:00:00","REPORT_DATE":"2023-12-31 00:00:00","DATE_TYPE_CODE":"001","REPORT_TYPE":"2023年年报","PER_NETCASH_OPERATE":0.067926104418,"PER_OI":1.732785542169,"BPS":0.994432128514,"BASIC_EPS":0.0644,"DILUTED_EPS":0.0644,"OPERATE_INCOME":1078659000,"OPERATE_INCOME_YOY":12.6300379764,"GROSS_PROFIT":280665000,"GROSS_PROFIT_YOY":1.094273971912,"HOLDER_PROFIT":38096000,"HOLDER_PROFIT_YOY":67.5212171848,"GROSS_PROFIT_RATIO":26.019807928178,"EPS_TTM":0.061198393574,"OPERATE_INCOME_QOQ":-1.137597828189,"NET_PROFIT_RATIO":5.7102383608,"ROE_AVG":6.171336558641,"GROSS_PROFIT_QOQ":-6.012658227848,"ROA":2.929320230233,"HOLDER_PROFIT_QOQ":5.077920286857,"ROE_YEARLY":6.171336558641,"ROIC_YEARLY":3.760295011805,"TOTAL_ASSETS":1337650000,"TOTAL_LIABILITIES":638298000,"TAX_EBT":34.394904458599,"OCF_SALES":3.92005258381,"TOTAL_PARENT_EQUITY":619034000,"DEBT_ASSET_RATIO":47.7178634172,"OPERATE_PROFIT":96806000,"PRETAX_PROFIT":93886000,"NETCASH_OPERATE":42284000,"NETCASH_INVEST":-120634000,"NETCASH_FINANCE":4372000,"END_CASH":173678000,"DIVI_RATIO":0.500507189994,"DIVIDEND_RATE":7.268817204301,"CURRENT_RATIO":1.26984976226,"COMMON_ACS":10000000000,"CURRENTDEBT_DEBT":72.619998809334,"ISSUED_COMMON_SHARES":622500000,"HK_COMMON_SHARES":622500000,"PER_SHARES":4000,"TOTAL_MARKET_CAP":289462500,"HKSK_MARKET_CAP":289462500,"PE_TTM":8.324215882719,"PB_TTM":0.399391410534,"REPORT_DATE_SQ":"2022-12-31 00:00:00","REPORT_TYPE_SQ":"2022年年报","OPERATE_INCOME_SQ":957701000,"DPS_HKD":0.0338,"OPERATE_INCOME_QOQ_SQ":12.441457592931,"NET_PROFIT_RATIO_SQ":4.5465129513,"HOLDER_PROFIT_SQ":22741000,"HOLDER_PROFIT_QOQ_SQ":-35.118402282454,"ROE_AVG_SQ":3.690300971866,"PE_TTM_SQ":10.95700664471,"PB_TTM_SQ":0.574446121981,"ROA_SQ":1.836030473213,"START_DATE":"2023-01-01 00:00:00","FISCAL_YEAR":"12-31","CURRENCY":"HKD","IS_CNY_CODE":0,"DPS_HKD_LY":0.0247,"ORG_TYPE":"一般企业","PREMIUM_INCOME":null,"PREMIUM_INCOME_YOY":null,"NET_INTEREST_INCOME":null,"NET_INTEREST_INCOME_YOY":null,"FEE_COMMISSION_INCOME":null,"FEE_COMMISSION_INCOME_YOY":null,"ACCOUNTS_RECE_TDAYS":3.849961095605,"INVENTORY_TDAYS":7.88562789043,"CURRENT_ASSETS_TDAYS":1.778591780605,"TOTAL_ASSETS_TDAYS":0.829414539643,"PREMIUM_EXPENSE":null,"LOAN_DEPOSIT":null,"LOAN_EQUITY":null,"LOAN_ASSETS":null,"DEPOSIT_EQUITY":null,"DEPOSIT_ASSETS":null,"EQUITY_MULTIPLIER":1.912699184388,"EQUITY_RATIO":1.031119453859},{"SECUCODE":"01110.HK","SECURITY_CODE":"01110","SECURITY_NAME_ABBR":"金活医药集团","ORG_CODE":"10165933","STD_REPORT_DATE":"2023-06-30 00:00:00","REPORT_DATE":"2023-06-30 00:00:00","DATE_TYPE_CODE":"002","REPORT_TYPE":"2023年中报","PER_NETCASH_OPERATE":0.14258313253,"PER_OI":0.888380722892,"BPS":1.075342971888,"BASIC_EPS":0.0638,"DILUTED_EPS":0.0638,"OPERATE_INCOME":553017000,"OPERATE_INCOME_YOY":31.7814734765,"GROSS_PROFIT":154689000,"GROSS_PROFIT_YOY":15.702040449976,"HOLDER_PROFIT":37727000,"HOLDER_PROFIT_YOY":55.8129930203,"GROSS_PROFIT_RATIO":27.971834500567,"EPS_TTM":0.058240963855,"OPERATE_INCOME_QOQ":13.9260583418,"NET_PROFIT_RATIO":8.6255937883,"ROE_AVG":5.872007147204,"GROSS_PROFIT_QOQ":7.561584428028,"ROA":2.865540183605,"HOLDER_PROFIT_QOQ":59.425706873049,"ROE_YEARLY":11.744014294408,"ROIC_YEARLY":7.671285799978,"TOTAL_ASSETS":1369788000,"TOTAL_LIABILITIES":611775000,"TAX_EBT":17.264764547741,"OCF_SALES":16.04977785493,"TOTAL_PARENT_EQUITY":669401000,"DEBT_ASSET_RATIO":44.6620206923,"OPERATE_PROFIT":60205000,"PRETAX_PROFIT":57655000,"NETCASH_OPERATE":88758000,"NETCASH_INVEST":-94606000,"NETCASH_FINANCE":18493000,"END_CASH":256566000,"DIVI_RATIO":0.525922546132,"DIVIDEND_RATE":7.268817204301,"CURRENT_RATIO":1.098995420653,"COMMON_ACS":10000000000,"CURRENTDEBT_DEBT":95.447836214295,"ISSUED_COMMON_SHARES":622500000,"HK_COMMON_SHARES":622500000,"PER_SHARES":4000,"TOTAL_MARKET_CAP":289462500,"HKSK_MARKET_CAP":289462500,"PE_TTM":8.324215882719,"PB_TTM":0.399391410534,"REPORT_DATE_SQ":"2022-06-30 00:00:00","REPORT_TYPE_SQ":"2022年中报","OPERATE_INCOME_SQ":419647000,"DPS_HKD":0.0338,"OPERATE_INCOME_QOQ_SQ":0.512989357861,"NET_PROFIT_RATIO_SQ":8.3648876317,"HOLDER_PROFIT_SQ":24213000,"HOLDER_PROFIT_QOQ_SQ":15.604076651605,"ROE_AVG_SQ":3.85335511485,"PE_TTM_SQ":10.95700664471,"PB_TTM_SQ":0.574446121981,"ROA_SQ":1.94118793037,"START_DATE":"2023-01-01 00:00:00","FISCAL_YEAR":"12-31","CURRENCY":"HKD","IS_CNY_CODE":0,"DPS_HKD_LY":0.0247,"ORG_TYPE":"一般企业","PREMIUM_INCOME":null,"PREMIUM_INCOME_YOY":null,"NET_INTEREST_INCOME":null,"NET_INTEREST_INCOME_YOY":null,"FEE_COMMISSION_INCOME":null,"FEE_COMMISSION_INCOME_YOY":null,"ACCOUNTS_RECE_TDAYS":1.965332319305,"INVENTORY_TDAYS":4.525014768028,"CURRENT_ASSETS_TDAYS":0.873608666943,"TOTAL_ASSETS_TDAYS":0.420041995313,"PREMIUM_EXPENSE":null,"LOAN_DEPOSIT":null,"LOAN_EQUITY":null,"LOAN_ASSETS":null,"DEPOSIT_EQUITY":null,"DEPOSIT_ASSETS":null,"EQUITY_MULTIPLIER":1.807077187332,"EQUITY_RATIO":0.913914081395},{"SECUCODE":"01110.HK","SECURITY_CODE":"01110","SECURITY_NAME_ABBR":"金活医药集团","ORG_CODE":"10165933","STD_REPORT_DATE":"2022-12-31 00:00:00","REPORT_DATE":"2022-12-31 00:00:00","DATE_TYPE_CODE":"001","REPORT_TYPE":"2022年年报","PER_NETCASH_OPERATE":0.299675502008,"PER_OI":1.538475502008,"BPS":0.988878714859,"BASIC_EPS":0.0375,"DILUTED_EPS":0.0375,"OPERATE_INCOME":957701000,"OPERATE_INCOME_YOY":13.0182703042,"GROSS_PROFIT":277627000,"GROSS_PROFIT_YOY":5.322119287703,"HOLDER_PROFIT":22741000,"HOLDER_PROFIT_YOY":-24.9942280418,"GROSS_PROFIT_RATIO":28.988901546516,"EPS_TTM":0.036531726908,"OPERATE_INCOME_QOQ":12.441457592931,"NET_PROFIT_RATIO":4.5465129513,"ROE_AVG":3.690300971866,"GROSS_PROFIT_QOQ":5.272198480982,"ROA":1.836030473213,"HOLDER_PROFIT_QOQ":-35.118402282454,"ROE_YEARLY":3.690300971866,"ROIC_YEARLY":2.439057089552,"TOTAL_ASSETS":1263363000,"TOTAL_LIABILITIES":569148000,"TAX_EBT":35.573508522727,"OCF_SALES":19.478730835616,"TOTAL_PARENT_EQUITY":615577000,"DEBT_ASSET_RATIO":45.0502349681,"OPERATE_PROFIT":72235000,"PRETAX_PROFIT":67584000,"NETCASH_OPERATE":186548000,"NETCASH_INVEST":-84049000,"NETCASH_FINANCE":-51311000,"END_CASH":242155000,"DIVI_RATIO":0.838455736775,"DIVIDEND_RATE":7.268817204301,"CURRENT_RATIO":1.152432620016,"COMMON_ACS":10000000000,"CURRENTDEBT_DEBT":95.184556565252,"ISSUED_COMMON_SHARES":622500000,"HK_COMMON_SHARES":622500000,"PER_SHARES":4000,"TOTAL_MARKET_CAP":289462500,"HKSK_MARKET_CAP":289462500,"PE_TTM":8.324215882719,"PB_TTM":0.399391410534,"REPORT_DATE_SQ":"2021-12-31 00:00:00","REPORT_TYPE_SQ":"2021年年报","OPERATE_INCOME_SQ":847386000,"DPS_HKD":0.0338,"OPERATE_INCOME_QOQ_SQ":-2.34507078774,"NET_PROFIT_RATIO_SQ":6.0434087889,"HOLDER_PROFIT_SQ":30319000,"HOLDER_PROFIT_QOQ_SQ":42.02267191306,"ROE_AVG_SQ":5.016794903615,"PE_TTM_SQ":10.95700664471,"PB_TTM_SQ":0.574446121981,"ROA_SQ":2.455774155283,"START_DATE":"2022-01-01 00:00:00","FISCAL_YEAR":"12-31","CURRENCY":"HKD","IS_CNY_CODE":0,"DPS_HKD_LY":0.0239,"ORG_TYPE":"一般企业","PREMIUM_INCOME":null,"PREMIUM_INCOME_YOY":null,"NET_INTEREST_INCOME":null,"NET_INTEREST_INCOME_YOY":null,"FEE_COMMISSION_INCOME":null,"FEE_COMMISSION_INCOME_YOY":null,"ACCOUNTS_RECE_TDAYS":3.099882666149,"INVENTORY_TDAYS":7.102303820206,"CURRENT_ASSETS_TDAYS":1.515379655452,"TOTAL_ASSETS_TDAYS":0.773214995043,"PREMIUM_EXPENSE":null,"LOAN_DEPOSIT":null,"LOAN_EQUITY":null,"LOAN_ASSETS":null,"DEPOSIT_EQUITY":null,"DEPOSIT_ASSETS":null,"EQUITY_MULTIPLIER":1.819843996457,"EQUITY_RATIO":0.924576454286},{"SECUCODE":"01110.HK","SECURITY_CODE":"01110","SECURITY_NAME_ABBR":"金活医药集团","ORG_CODE":"10165933","STD_REPORT_DATE":"2022-06-30 00:00:00","REPORT_DATE":"2022-06-30 00:00:00","DATE_TYPE_CODE":"002","REPORT_TYPE":"2022年中报","PER_NETCASH_OPERATE":0.158048192771,"PER_OI":0.674131726908,"BPS":1.027832931727,"BASIC_EPS":0.0399,"DILUTED_EPS":0.0399,"OPERATE_INCOME":419647000,"OPERATE_INCOME_YOY":1.0467132194,"GROSS_PROFIT":133696000,"GROSS_PROFIT_YOY":0.093583187967,"HOLDER_PROFIT":24213000,"HOLDER_PROFIT_YOY":24.2839544195,"GROSS_PROFIT_RATIO":31.859157815974,"EPS_TTM":0.056305220884,"OPERATE_INCOME_QOQ":0.512989357861,"NET_PROFIT_RATIO":8.3648876317,"ROE_AVG":3.85335511485,"GROSS_PROFIT_QOQ":0.047420693632,"ROA":1.94118793037,"HOLDER_PROFIT_QOQ":15.604076651605,"ROE_YEARLY":7.706710229701,"ROIC_YEARLY":5.23369011034,"TOTAL_ASSETS":1280829000,"TOTAL_LIABILITIES":526376000,"TAX_EBT":16.874659594118,"OCF_SALES":23.444704716107,"TOTAL_PARENT_EQUITY":639826000,"DEBT_ASSET_RATIO":41.0965085894,"OPERATE_PROFIT":46737000,"PRETAX_PROFIT":42229000,"NETCASH_OPERATE":98385000,"NETCASH_INVEST":-44737000,"NETCASH_FINANCE":-2469000,"END_CASH":237820000,"DIVI_RATIO":0.544003478174,"DIVIDEND_RATE":7.268817204301,"CURRENT_RATIO":1.321883157339,"COMMON_ACS":10000000000,"CURRENTDEBT_DEBT":96.359256501056,"ISSUED_COMMON_SHARES":622500000,"HK_COMMON_SHARES":622500000,"PER_SHARES":4000,"TOTAL_MARKET_CAP":289462500,"HKSK_MARKET_CAP":289462500,"PE_TTM":8.324215882719,"PB_TTM":0.399391410534,"REPORT_DATE_SQ":"2021-06-30 00:00:00","REPORT_TYPE_SQ":"2021年中报","OPERATE_INCOME_SQ":415300000,"DPS_HKD":0.0338,"OPERATE_INCOME_QOQ_SQ":16.414648576638,"NET_PROFIT_RATIO_SQ":8.2554779677,"HOLDER_PROFIT_SQ":19482000,"HOLDER_PROFIT_QOQ_SQ":82.212359166951,"ROE_AVG_SQ":3.232108062104,"PE_TTM_SQ":10.95700664471,"PB_TTM_SQ":0.574446121981,"ROA_SQ":1.542000151968,"START_DATE":"2022-01-01 00:00:00","FISCAL_YEAR":"12-31","CURRENCY":"HKD","IS_CNY_CODE":0,"DPS_HKD_LY":0.0239,"ORG_TYPE":"一般企业","PREMIUM_INCOME":null,"PREMIUM_INCOME_YOY":null,"NET_INTEREST_INCOME":null,"NET_INTEREST_INCOME_YOY":null,"FEE_COMMISSION_INCOME":null,"FEE_COMMISSION_INCOME_YOY":null,"ACCOUNTS_RECE_TDAYS":1.335779016358,"INVENTORY_TDAYS":2.492295221992,"CURRENT_ASSETS_TDAYS":0.640618869883,"TOTAL_ASSETS_TDAYS":0.336436497508,"PREMIUM_EXPENSE":null,"LOAN_DEPOSIT":null,"LOAN_EQUITY":null,"LOAN_ASSETS":null,"DEPOSIT_EQUITY":null,"DEPOSIT_ASSETS":null,"EQUITY_MULTIPLIER":1.697692235303,"EQUITY_RATIO":0.822686167802},{"SECUCODE":"01110.HK","SECURITY_CODE":"01110","SECURITY_NAME_ABBR":"金活医药集团","ORG_CODE":"10165933","STD_REPORT_DATE":"2021-12-31 00:00:00","REPORT_DATE":"2021-12-31 00:00:00","DATE_TYPE_CODE":"001","REPORT_TYPE":"2021年年报","PER_NETCASH_OPERATE":0.130440160643,"PER_OI":1.361262650602,"BPS":0.990999196787,"BASIC_EPS":0.05,"DILUTED_EPS":0.05,"OPERATE_INCOME":847386000,"OPERATE_INCOME_YOY":13.6846426602,"GROSS_PROFIT":263598000,"GROSS_PROFIT_YOY":-5.909606859085,"HOLDER_PROFIT":30319000,"HOLDER_PROFIT_YOY":158.7828610447,"GROSS_PROFIT_RATIO":31.107193179968,"EPS_TTM":0.048705220884,"OPERATE_INCOME_QOQ":-2.34507078774,"NET_PROFIT_RATIO":6.0434087889,"ROE_AVG":5.016794903615,"GROSS_PROFIT_QOQ":-13.233333662496,"ROA":2.455774155283,"HOLDER_PROFIT_QOQ":42.02267191306,"ROE_YEARLY":5.016794903615,"ROIC_YEARLY":3.295518403664,"TOTAL_ASSETS":1213829000,"TOTAL_LIABILITIES":493195000,"TAX_EBT":26.245067258116,"OCF_SALES":9.582291895311,"TOTAL_PARENT_EQUITY":616897000,"DEBT_ASSET_RATIO":40.6313409879,"OPERATE_PROFIT":72225000,"PRETAX_PROFIT":69434000,"NETCASH_OPERATE":81199000,"NETCASH_INVEST":-50835000,"NETCASH_FINANCE":-87201000,"END_CASH":187925000,"DIVI_RATIO":0.628890197896,"DIVIDEND_RATE":7.268817204301,"CURRENT_RATIO":1.350557299793,"COMMON_ACS":10000000000,"CURRENTDEBT_DEBT":96.031589939071,"ISSUED_COMMON_SHARES":622500000,"HK_COMMON_SHARES":622500000,"PER_SHARES":4000,"TOTAL_MARKET_CAP":289462500,"HKSK_MARKET_CAP":289462500,"PE_TTM":8.324215882719,"PB_TTM":0.399391410534,"REPORT_DATE_SQ":"2020-12-31 00:00:00","REPORT_TYPE_SQ":"2020年年报","OPERATE_INCOME_SQ":745383000,"DPS_HKD":0.0338,"OPERATE_INCOME_QOQ_SQ":-0.858035151377,"NET_PROFIT_RATIO_SQ":6.8272284181,"HOLDER_PROFIT_SQ":11716000,"HOLDER_PROFIT_QOQ_SQ":-42.546096508435,"ROE_AVG_SQ":1.960597282675,"PE_TTM_SQ":10.95700664471,"PB_TTM_SQ":0.574446121981,"ROA_SQ":0.924070231231,"START_DATE":"2021-01-01 00:00:00","FISCAL_YEAR":"12-31","CURRENCY":"HKD","IS_CNY_CODE":0,"DPS_HKD_LY":0.0065,"ORG_TYPE":"一般企业","PREMIUM_INCOME":null,"PREMIUM_INCOME_YOY":null,"NET_INTEREST_INCOME":null,"NET_INTEREST_INCOME_YOY":null,"FEE_COMMISSION_INCOME":null,"FEE_COMMISSION_INCOME_YOY":null,"ACCOUNTS_RECE_TDAYS":2.577341285894,"INVENTORY_TDAYS":4.927208659507,"CURRENT_ASSETS_TDAYS":1.251308328411,"TOTAL_ASSETS_TDAYS":0.686364536544,"PREMIUM_EXPENSE":null,"LOAN_DEPOSIT":null,"LOAN_EQUITY":null,"LOAN_ASSETS":null,"DEPOSIT_EQUITY":null,"DEPOSIT_ASSETS":null,"EQUITY_MULTIPLIER":1.684390411776,"EQUITY_RATIO":0.79947706019},{"SECUCODE":"01110.HK","SECURITY_CODE":"01110","SECURITY_NAME_ABBR":"金活医药集团","ORG_CODE":"10165933","STD_REPORT_DATE":"2021-06-30 00:00:00","REPORT_DATE":"2021-06-30 00:00:00","DATE_TYPE_CODE":"002","REPORT_TYPE":"2021年中报","PER_NETCASH_OPERATE":0.078544578313,"PER_OI":0.667148594378,"BPS":0.985905220884,"BASIC_EPS":0.0321,"DILUTED_EPS":0.0321,"OPERATE_INCOME":415300000,"OPERATE_INCOME_YOY":41.7657741306,"GROSS_PROFIT":133571000,"GROSS_PROFIT_YOY":21.512135657363,"HOLDER_PROFIT":19482000,"HOLDER_PROFIT_YOY":97.7868020305,"GROSS_PROFIT_RATIO":32.162533108596,"EPS_TTM":0.034293975904,"OPERATE_INCOME_QOQ":16.414648576638,"NET_PROFIT_RATIO":8.2554779677,"ROE_AVG":3.232108062104,"GROSS_PROFIT_QOQ":8.440714749745,"ROA":1.542000151968,"HOLDER_PROFIT_QOQ":82.212359166951,"ROE_YEARLY":6.464216124208,"ROIC_YEARLY":4.263168951211,"TOTAL_ASSETS":1271476000,"TOTAL_LIABILITIES":556240000,"TAX_EBT":15.435463581876,"OCF_SALES":11.773176017337,"TOTAL_PARENT_EQUITY":613726000,"DEBT_ASSET_RATIO":43.7475815509,"OPERATE_PROFIT":46550000,"PRETAX_PROFIT":40543000,"NETCASH_OPERATE":48894000,"NETCASH_INVEST":-3774000,"NETCASH_FINANCE":-42030000,"END_CASH":259877000,"DIVI_RATIO":0.893166662451,"DIVIDEND_RATE":7.268817204301,"CURRENT_RATIO":1.365666253933,"COMMON_ACS":10000000000,"CURRENTDEBT_DEBT":96.117862793039,"ISSUED_COMMON_SHARES":622500000,"HK_COMMON_SHARES":622500000,"PER_SHARES":4000,"TOTAL_MARKET_CAP":289462500,"HKSK_MARKET_CAP":289462500,"PE_TTM":8.324215882719,"PB_TTM":0.399391410534,"REPORT_DATE_SQ":"2020-06-30 00:00:00","REPORT_TYPE_SQ":"2020年中报","OPERATE_INCOME_SQ":292948000,"DPS_HKD":0.0338,"OPERATE_INCOME_QOQ_SQ":-23.119697973675,"NET_PROFIT_RATIO_SQ":10.8459521826,"HOLDER_PROFIT_SQ":9850000,"HOLDER_PROFIT_QOQ_SQ":-53.043037741497,"ROE_AVG_SQ":1.635457380147,"PE_TTM_SQ":10.95700664471,"PB_TTM_SQ":0.574446121981,"ROA_SQ":0.751030379369,"START_DATE":"2021-01-01 00:00:00","FISCAL_YEAR":"12-31","CURRENCY":"HKD","IS_CNY_CODE":0,"DPS_HKD_LY":0.0065,"ORG_TYPE":"一般企业","PREMIUM_INCOME":null,"PREMIUM_INCOME_YOY":null,"NET_INTEREST_INCOME":null,"NET_INTEREST_INCOME_YOY":null,"FEE_COMMISSION_INCOME":null,"FEE_COMMISSION_INCOME_YOY":null,"ACCOUNTS_RECE_TDAYS":1.30074527411,"INVENTORY_TDAYS":2.052947027468,"CURRENT_ASSETS_TDAYS":0.574852255496,"TOTAL_ASSETS_TDAYS":0.328709918444,"PREMIUM_EXPENSE":null,"LOAN_DEPOSIT":null,"LOAN_EQUITY":null,"LOAN_ASSETS":null,"DEPOSIT_EQUITY":null,"DEPOSIT_ASSETS":null,"EQUITY_MULTIPLIER":1.777701346129,"EQUITY_RATIO":0.906332793462},{"SECUCODE":"01110.HK","SECURITY_CODE":"01110","SECURITY_NAME_ABBR":"金活医药集团","ORG_CODE":"10165933","STD_REPORT_DATE":"2020-12-31 00:00:00","REPORT_DATE":"2020-12-31 00:00:00","DATE_TYPE_CODE":"001","REPORT_TYPE":"2020年年报","PER_NETCASH_OPERATE":0.198528514056,"PER_OI":1.197402409639,"BPS":0.950687550201,"BASIC_EPS":0.0191,"DILUTED_EPS":0.0191,"OPERATE_INCOME":745383000,"OPERATE_INCOME_YOY":-23.7793579895,"GROSS_PROFIT":280154000,"GROSS_PROFIT_YOY":4.768458095085,"HOLDER_PROFIT":11716000,"HOLDER_PROFIT_YOY":-73.0213922214,"GROSS_PROFIT_RATIO":37.585241412804,"EPS_TTM":0.018820883534,"OPERATE_INCOME_QOQ":-0.858035151377,"NET_PROFIT_RATIO":6.8272284181,"ROE_AVG":1.960597282675,"GROSS_PROFIT_QOQ":20.827906254582,"ROA":0.924070231231,"HOLDER_PROFIT_QOQ":-42.546096508435,"ROE_YEARLY":1.960597282675,"ROIC_YEARLY":1.16295286398,"TOTAL_ASSETS":1255372000,"TOTAL_LIABILITIES":576862000,"TAX_EBT":28.215147197811,"OCF_SALES":16.579932732568,"TOTAL_PARENT_EQUITY":591803000,"DEBT_ASSET_RATIO":45.9514789242,"OPERATE_PROFIT":73649000,"PRETAX_PROFIT":70891000,"NETCASH_OPERATE":123584000,"NETCASH_INVEST":-2761000,"NETCASH_FINANCE":25032000,"END_CASH":250818000,"DIVI_RATIO":1.627460046944,"DIVIDEND_RATE":7.268817204301,"CURRENT_RATIO":1.286320010222,"COMMON_ACS":10000000000,"CURRENTDEBT_DEBT":96.323037398893,"ISSUED_COMMON_SHARES":622500000,"HK_COMMON_SHARES":622500000,"PER_SHARES":4000,"TOTAL_MARKET_CAP":289462500,"HKSK_MARKET_CAP":289462500,"PE_TTM":8.324215882719,"PB_TTM":0.399391410534,"REPORT_DATE_SQ":"2019-12-31 00:00:00","REPORT_TYPE_SQ":"2019年年报","OPERATE_INCOME_SQ":977928000,"DPS_HKD":0.0338,"OPERATE_INCOME_QOQ_SQ":-6.089191107202,"NET_PROFIT_RATIO_SQ":5.1405624954,"HOLDER_PROFIT_SQ":43427000,"HOLDER_PROFIT_QOQ_SQ":-6.290190324112,"ROE_AVG_SQ":7.428911118049,"PE_TTM_SQ":10.95700664471,"PB_TTM_SQ":0.574446121981,"ROA_SQ":3.370247190523,"START_DATE":"2020-01-01 00:00:00","FISCAL_YEAR":"12-31","CURRENCY":"HKD","IS_CNY_CODE":0,"DPS_HKD_LY":0.0234,"ORG_TYPE":"一般企业","PREMIUM_INCOME":null,"PREMIUM_INCOME_YOY":null,"NET_INTEREST_INCOME":null,"NET_INTEREST_INCOME_YOY":null,"FEE_COMMISSION_INCOME":null,"FEE_COMMISSION_INCOME_YOY":null,"ACCOUNTS_RECE_TDAYS":2.086224558339,"INVENTORY_TDAYS":2.774653935385,"CURRENT_ASSETS_TDAYS":1.029000842795,"TOTAL_ASSETS_TDAYS":0.587902220182,"PREMIUM_EXPENSE":null,"LOAN_DEPOSIT":null,"LOAN_EQUITY":null,"LOAN_ASSETS":null,"DEPOSIT_EQUITY":null,"DEPOSIT_ASSETS":null,"EQUITY_MULTIPLIER":1.850189385566,"EQUITY_RATIO":0.974753423014},{"SECUCODE":"01110.HK","SECURITY_CODE":"01110","SECURITY_NAME_ABBR":"金活医药集团","ORG_CODE":"10165933","STD_REPORT_DATE":"2020-06-30 00:00:00","REPORT_DATE":"2020-06-30 00:00:00","DATE_TYPE_CODE":"002","REPORT_TYPE":"2020年中报","PER_NETCASH_OPERATE":0.050338955823,"PER_OI":0.470599196787,"BPS":0.965804016064,"BASIC_EPS":0.016,"DILUTED_EPS":0.016,"OPERATE_INCOME":292948000,"OPERATE_INCOME_YOY":-43.5598660609,"GROSS_PROFIT":109924000,"GROSS_PROFIT_YOY":-24.432681401024,"HOLDER_PROFIT":9850000,"HOLDER_PROFIT_YOY":-70.0471339516,"GROSS_PROFIT_RATIO":37.523382989473,"EPS_TTM":0.032758232932,"OPERATE_INCOME_QOQ":-23.119697973675,"NET_PROFIT_RATIO":10.8459521826,"ROE_AVG":1.635457380147,"GROSS_PROFIT_QOQ":-13.291174743739,"ROA":0.751030379369,"HOLDER_PROFIT_QOQ":-53.043037741497,"ROE_YEARLY":3.270914760293,"ROIC_YEARLY":1.868540138993,"TOTAL_ASSETS":1342697000,"TOTAL_LIABILITIES":673685000,"TAX_EBT":29.888785912882,"OCF_SALES":10.696778950531,"TOTAL_PARENT_EQUITY":601213000,"DEBT_ASSET_RATIO":50.1740154331,"OPERATE_PROFIT":49328000,"PRETAX_PROFIT":45318000,"NETCASH_OPERATE":31336000,"NETCASH_INVEST":-11981000,"NETCASH_FINANCE":126429000,"END_CASH":263324000,"DIVI_RATIO":0.935039324735,"DIVIDEND_RATE":7.268817204301,"CURRENT_RATIO":1.231367254999,"COMMON_ACS":10000000000,"CURRENTDEBT_DEBT":96.211137252574,"ISSUED_COMMON_SHARES":622500000,"HK_COMMON_SHARES":622500000,"PER_SHARES":4000,"TOTAL_MARKET_CAP":289462500,"HKSK_MARKET_CAP":289462500,"PE_TTM":8.324215882719,"PB_TTM":0.399391410534,"REPORT_DATE_SQ":"2019-06-30 00:00:00","REPORT_TYPE_SQ":"2019年中报","OPERATE_INCOME_SQ":519042000,"DPS_HKD":0.0338,"OPERATE_INCOME_QOQ_SQ":-3.476502141646,"NET_PROFIT_RATIO_SQ":7.3500795697,"HOLDER_PROFIT_SQ":32885000,"HOLDER_PROFIT_QOQ_SQ":13.015485916352,"ROE_AVG_SQ":5.700912301991,"PE_TTM_SQ":10.95700664471,"PB_TTM_SQ":0.574446121981,"ROA_SQ":2.620304109858,"START_DATE":"2020-01-01 00:00:00","FISCAL_YEAR":"12-31","CURRENCY":"HKD","IS_CNY_CODE":0,"DPS_HKD_LY":0.0234,"ORG_TYPE":"一般企业","PREMIUM_INCOME":null,"PREMIUM_INCOME_YOY":null,"NET_INTEREST_INCOME":null,"NET_INTEREST_INCOME_YOY":null,"FEE_COMMISSION_INCOME":null,"FEE_COMMISSION_INCOME_YOY":null,"ACCOUNTS_RECE_TDAYS":0.881625970751,"INVENTORY_TDAYS":0.821450050717,"CURRENT_ASSETS_TDAYS":0.382406442277,"TOTAL_ASSETS_TDAYS":0.223363297031,"PREMIUM_EXPENSE":null,"LOAN_DEPOSIT":null,"LOAN_EQUITY":null,"LOAN_ASSETS":null,"DEPOSIT_EQUITY":null,"DEPOSIT_ASSETS":null,"EQUITY_MULTIPLIER":2.006984927026,"EQUITY_RATIO":1.120542968964}],"count":33},"success":true,"message":"ok","code":0}