{"version":"8fe967f52163b206c6057d8c26a7a01a","result":{"pages":6,"data":[{"SECUCODE":"01118.HK","SECURITY_CODE":"01118","SECURITY_NAME_ABBR":"高力集团","ORG_CODE":"10010496","STD_REPORT_DATE":"2024-06-30 00:00:00","REPORT_DATE":"2024-06-30 00:00:00","DATE_TYPE_CODE":"002","REPORT_TYPE":"2024年中报","PER_NETCASH_OPERATE":1.441825539847,"PER_OI":2.746872574577,"BPS":2.076700961078,"BASIC_EPS":0.097839296,"DILUTED_EPS":null,"OPERATE_INCOME":1577743527.24,"OPERATE_INCOME_YOY":-11.851163654,"GROSS_PROFIT":293015914,"GROSS_PROFIT_YOY":12.460260977269,"HOLDER_PROFIT":56179104.72,"HOLDER_PROFIT_YOY":-2.4160563112,"GROSS_PROFIT_RATIO":18.571834328015,"EPS_TTM":0.215738435813,"OPERATE_INCOME_QOQ":-6.13163830796,"NET_PROFIT_RATIO":4.1669631334,"ROE_AVG":4.780033725975,"GROSS_PROFIT_QOQ":5.729810404413,"ROA":2.230721324183,"HOLDER_PROFIT_QOQ":-1.570817995249,"ROE_YEARLY":9.560067451949,"ROIC_YEARLY":5.915821077984,"TOTAL_ASSETS":2372443209,"TOTAL_LIABILITIES":1062802169.8,"TAX_EBT":19.55373396022,"OCF_SALES":52.489713326774,"TOTAL_PARENT_EQUITY":1192811610.44,"DEBT_ASSET_RATIO":44.7977918193,"OPERATE_PROFIT":98776618.36,"PRETAX_PROFIT":81724105.24,"NETCASH_OPERATE":828153054.48,"NETCASH_INVEST":-79083722,"NETCASH_FINANCE":-930231749.08,"END_CASH":413031508.64,"DIVI_RATIO":0.252781567617,"DIVIDEND_RATE":7.317073170732,"CURRENT_RATIO":1.910585764675,"COMMON_ACS":1800000000,"CURRENTDEBT_DEBT":84.238096669343,"ISSUED_COMMON_SHARES":574378128,"HK_COMMON_SHARES":574378128,"PER_SHARES":10000,"TOTAL_MARKET_CAP":470990064.96,"HKSK_MARKET_CAP":470990064.96,"PE_TTM":3.427950136903,"PB_TTM":0.360378125703,"REPORT_DATE_SQ":"2023-06-30 00:00:00","REPORT_TYPE_SQ":"2023年中报","OPERATE_INCOME_SQ":1808101431.86,"DPS_HKD":0.06,"OPERATE_INCOME_QOQ_SQ":-0.126852265278,"NET_PROFIT_RATIO_SQ":3.7283024333,"HOLDER_PROFIT_SQ":58156654.44,"HOLDER_PROFIT_QOQ_SQ":37.35754605756,"ROE_AVG_SQ":5.320440611904,"PE_TTM_SQ":3.952340147794,"PB_TTM_SQ":0.329876794496,"ROA_SQ":2.09020162072,"START_DATE":"2024-01-01 00:00:00","FISCAL_YEAR":"12-31","CURRENCY":"HKD","IS_CNY_CODE":0,"DPS_HKD_LY":0.06,"ORG_TYPE":"一般企业","PREMIUM_INCOME":null,"PREMIUM_INCOME_YOY":null,"NET_INTEREST_INCOME":null,"NET_INTEREST_INCOME_YOY":null,"FEE_COMMISSION_INCOME":null,"FEE_COMMISSION_INCOME_YOY":null,"ACCOUNTS_RECE_TDAYS":1.931398054293,"INVENTORY_TDAYS":2.267400429756,"CURRENT_ASSETS_TDAYS":0.834666792203,"TOTAL_ASSETS_TDAYS":0.626479568845,"PREMIUM_EXPENSE":null,"LOAN_DEPOSIT":null,"LOAN_EQUITY":null,"LOAN_ASSETS":null,"DEPOSIT_EQUITY":null,"DEPOSIT_ASSETS":null,"EQUITY_MULTIPLIER":1.811521736099,"EQUITY_RATIO":0.891005889361},{"SECUCODE":"01118.HK","SECURITY_CODE":"01118","SECURITY_NAME_ABBR":"高力集团","ORG_CODE":"10010496","STD_REPORT_DATE":"2023-12-31 00:00:00","REPORT_DATE":"2023-12-31 00:00:00","DATE_TYPE_CODE":"001","REPORT_TYPE":"2023年年报","PER_NETCASH_OPERATE":3.53783679148,"PER_OI":6.540767272496,"BPS":2.001411962887,"BASIC_EPS":0.219214618,"DILUTED_EPS":null,"OPERATE_INCOME":3756873661.66,"OPERATE_INCOME_YOY":-2.9384984551,"GROSS_PROFIT":566603180.36,"GROSS_PROFIT_YOY":40.057820431164,"HOLDER_PROFIT":125892988.62,"HOLDER_PROFIT_YOY":83.5806694594,"GROSS_PROFIT_RATIO":15.081773607198,"EPS_TTM":0.219181376315,"OPERATE_INCOME_QOQ":-1.406300752396,"NET_PROFIT_RATIO":3.8809808732,"ROE_AVG":11.395065181568,"GROSS_PROFIT_QOQ":21.283761871176,"ROA":4.666016299703,"HOLDER_PROFIT_QOQ":35.589269168368,"ROE_YEARLY":11.395065181568,"ROIC_YEARLY":6.128115150566,"TOTAL_ASSETS":2645553420.16,"TOTAL_LIABILITIES":1388511190.22,"TAX_EBT":9.993510707333,"OCF_SALES":54.089018063017,"TOTAL_PARENT_EQUITY":1149567256.6,"DEBT_ASSET_RATIO":52.4847156606,"OPERATE_PROFIT":209025986.54,"PRETAX_PROFIT":161992262.32,"NETCASH_OPERATE":2032056073.46,"NETCASH_INVEST":-10069916.64,"NETCASH_FINANCE":-1920888253.62,"END_CASH":590974154.82,"DIVI_RATIO":0.248810829264,"DIVIDEND_RATE":7.058823529412,"CURRENT_RATIO":1.670443715467,"COMMON_ACS":1800000000,"CURRENTDEBT_DEBT":88.615136003697,"ISSUED_COMMON_SHARES":574378128,"HK_COMMON_SHARES":574378128,"PER_SHARES":10000,"TOTAL_MARKET_CAP":488221408.8,"HKSK_MARKET_CAP":488221408.8,"PE_TTM":3.553362946789,"PB_TTM":0.373562691278,"REPORT_DATE_SQ":"2022-12-31 00:00:00","REPORT_TYPE_SQ":"2022年年报","OPERATE_INCOME_SQ":3815299986.47,"DPS_HKD":0.06,"OPERATE_INCOME_QOQ_SQ":9.438765918131,"NET_PROFIT_RATIO_SQ":2.1197515149,"HOLDER_PROFIT_SQ":67596420.71,"HOLDER_PROFIT_QOQ_SQ":-47.724791524238,"ROE_AVG_SQ":6.403193092577,"PE_TTM_SQ":4.582423359761,"PB_TTM_SQ":0.382465848691,"ROA_SQ":2.44773657227,"START_DATE":"2023-01-01 00:00:00","FISCAL_YEAR":"12-31","CURRENCY":"HKD","IS_CNY_CODE":0,"DPS_HKD_LY":0.055,"ORG_TYPE":"一般企业","PREMIUM_INCOME":null,"PREMIUM_INCOME_YOY":null,"NET_INTEREST_INCOME":null,"NET_INTEREST_INCOME_YOY":null,"FEE_COMMISSION_INCOME":null,"FEE_COMMISSION_INCOME_YOY":null,"ACCOUNTS_RECE_TDAYS":4.178742371468,"INVENTORY_TDAYS":5.118589703978,"CURRENT_ASSETS_TDAYS":1.820764025086,"TOTAL_ASSETS_TDAYS":1.392423353626,"PREMIUM_EXPENSE":null,"LOAN_DEPOSIT":null,"LOAN_EQUITY":null,"LOAN_ASSETS":null,"DEPOSIT_EQUITY":null,"DEPOSIT_ASSETS":null,"EQUITY_MULTIPLIER":2.104585953558,"EQUITY_RATIO":1.207855549337},{"SECUCODE":"01118.HK","SECURITY_CODE":"01118","SECURITY_NAME_ABBR":"高力集团","ORG_CODE":"10010496","STD_REPORT_DATE":"2023-06-30 00:00:00","REPORT_DATE":"2023-06-30 00:00:00","DATE_TYPE_CODE":"002","REPORT_TYPE":"2023年中报","PER_NETCASH_OPERATE":1.766519308966,"PER_OI":3.147928766292,"BPS":1.92849636778,"BASIC_EPS":0.101233404,"DILUTED_EPS":null,"OPERATE_INCOME":1808101431.86,"OPERATE_INCOME_YOY":-7.4918110426,"GROSS_PROFIT":260550626.02,"GROSS_PROFIT_YOY":31.638698724905,"HOLDER_PROFIT":58156654.44,"HOLDER_PROFIT_YOY":63.9411581245,"GROSS_PROFIT_RATIO":14.410177517086,"EPS_TTM":0.161650975523,"OPERATE_INCOME_QOQ":-0.126852265278,"NET_PROFIT_RATIO":3.7283024333,"ROE_AVG":5.320440611904,"GROSS_PROFIT_QOQ":15.479449408841,"ROA":2.09020162072,"HOLDER_PROFIT_QOQ":37.35754605756,"ROE_YEARLY":10.640881223808,"ROIC_YEARLY":5.278260729495,"TOTAL_ASSETS":2766245175.38,"TOTAL_LIABILITIES":1562098728.26,"TAX_EBT":14.998198030622,"OCF_SALES":56.116876845578,"TOTAL_PARENT_EQUITY":1107686133.58,"DEBT_ASSET_RATIO":56.4700028097,"OPERATE_PROFIT":100892271.4,"PRETAX_PROFIT":79305953.66,"NETCASH_OPERATE":1014650053.76,"NETCASH_INVEST":1597791.34,"NETCASH_FINANCE":-1050763088.38,"END_CASH":461715598.26,"DIVI_RATIO":0.337360785011,"DIVIDEND_RATE":7.058823529412,"CURRENT_RATIO":1.551743952618,"COMMON_ACS":1800000000,"CURRENTDEBT_DEBT":87.614672130519,"ISSUED_COMMON_SHARES":574378128,"HK_COMMON_SHARES":574378128,"PER_SHARES":10000,"TOTAL_MARKET_CAP":488221408.8,"HKSK_MARKET_CAP":488221408.8,"PE_TTM":3.553362946789,"PB_TTM":0.373562691278,"REPORT_DATE_SQ":"2022-06-30 00:00:00","REPORT_TYPE_SQ":"2022年中报","OPERATE_INCOME_SQ":1812941226.32,"DPS_HKD":0.06,"OPERATE_INCOME_QOQ_SQ":5.182316803427,"NET_PROFIT_RATIO_SQ":2.1100244914,"HOLDER_PROFIT_SQ":32904290.44,"HOLDER_PROFIT_QOQ_SQ":-19.954804305086,"ROE_AVG_SQ":3.261731118268,"PE_TTM_SQ":4.582423359761,"PB_TTM_SQ":0.382465848691,"ROA_SQ":1.185273905137,"START_DATE":"2023-01-01 00:00:00","FISCAL_YEAR":"12-31","CURRENCY":"HKD","IS_CNY_CODE":0,"DPS_HKD_LY":0.055,"ORG_TYPE":"一般企业","PREMIUM_INCOME":null,"PREMIUM_INCOME_YOY":null,"NET_INTEREST_INCOME":null,"NET_INTEREST_INCOME_YOY":null,"FEE_COMMISSION_INCOME":null,"FEE_COMMISSION_INCOME_YOY":null,"ACCOUNTS_RECE_TDAYS":2.046503497963,"INVENTORY_TDAYS":2.05920571594,"CURRENT_ASSETS_TDAYS":0.854668705383,"TOTAL_ASSETS_TDAYS":0.649847653668,"PREMIUM_EXPENSE":null,"LOAN_DEPOSIT":null,"LOAN_EQUITY":null,"LOAN_ASSETS":null,"DEPOSIT_EQUITY":null,"DEPOSIT_ASSETS":null,"EQUITY_MULTIPLIER":2.297266401439,"EQUITY_RATIO":1.410235879013},{"SECUCODE":"01118.HK","SECURITY_CODE":"01118","SECURITY_NAME_ABBR":"高力集团","ORG_CODE":"10010496","STD_REPORT_DATE":"2022-12-31 00:00:00","REPORT_DATE":"2022-12-31 00:00:00","DATE_TYPE_CODE":"001","REPORT_TYPE":"2022年年报","PER_NETCASH_OPERATE":3.838176190389,"PER_OI":6.642488285121,"BPS":1.819167593234,"BASIC_EPS":0.117643659,"DILUTED_EPS":null,"OPERATE_INCOME":3815299986.47,"OPERATE_INCOME_YOY":5.3591004039,"GROSS_PROFIT":404549477.22,"GROSS_PROFIT_YOY":-3.922093263732,"HOLDER_PROFIT":67596420.71,"HOLDER_PROFIT_YOY":-61.7008462224,"GROSS_PROFIT_RATIO":10.603346490568,"EPS_TTM":0.117686272187,"OPERATE_INCOME_QOQ":9.438765918131,"NET_PROFIT_RATIO":2.1197515149,"ROE_AVG":6.403193092577,"GROSS_PROFIT_QOQ":7.60620353119,"ROA":2.44773657227,"HOLDER_PROFIT_QOQ":-47.724791524238,"ROE_YEARLY":6.403193092577,"ROIC_YEARLY":3.188102827512,"TOTAL_ASSETS":2711305806.93,"TOTAL_LIABILITIES":1569585262.21,"TAX_EBT":14.731587869655,"OCF_SALES":57.782204885276,"TOTAL_PARENT_EQUITY":1044890076.72,"DEBT_ASSET_RATIO":57.8903810186,"OPERATE_PROFIT":131265133.23,"PRETAX_PROFIT":94847408.6,"NETCASH_OPERATE":2204564455.17,"NETCASH_INVEST":-43365578.69,"NETCASH_FINANCE":-2273671395.45,"END_CASH":483767340.63,"DIVI_RATIO":0.463390495651,"DIVIDEND_RATE":7.058823529412,"CURRENT_RATIO":1.494773134073,"COMMON_ACS":1800000000,"CURRENTDEBT_DEBT":87.024015962457,"ISSUED_COMMON_SHARES":574378128,"HK_COMMON_SHARES":574378128,"PER_SHARES":10000,"TOTAL_MARKET_CAP":488221408.8,"HKSK_MARKET_CAP":488221408.8,"PE_TTM":3.553362946789,"PB_TTM":0.373562691278,"REPORT_DATE_SQ":"2021-12-31 00:00:00","REPORT_TYPE_SQ":"2021年年报","OPERATE_INCOME_SQ":3314475180.8,"DPS_HKD":0.06,"OPERATE_INCOME_QOQ_SQ":10.165625298904,"NET_PROFIT_RATIO_SQ":5.4649242163,"HOLDER_PROFIT_SQ":161544678.4,"HOLDER_PROFIT_QOQ_SQ":30.840362689556,"ROE_AVG_SQ":17.87481459937,"PE_TTM_SQ":4.582423359761,"PB_TTM_SQ":0.382465848691,"ROA_SQ":7.064333364856,"START_DATE":"2022-01-01 00:00:00","FISCAL_YEAR":"12-31","CURRENCY":"HKD","IS_CNY_CODE":0,"DPS_HKD_LY":0.07,"ORG_TYPE":"一般企业","PREMIUM_INCOME":null,"PREMIUM_INCOME_YOY":null,"NET_INTEREST_INCOME":null,"NET_INTEREST_INCOME_YOY":null,"FEE_COMMISSION_INCOME":null,"FEE_COMMISSION_INCOME_YOY":null,"ACCOUNTS_RECE_TDAYS":4.595319427753,"INVENTORY_TDAYS":4.939873213015,"CURRENT_ASSETS_TDAYS":1.848499714036,"TOTAL_ASSETS_TDAYS":1.381559735408,"PREMIUM_EXPENSE":null,"LOAN_DEPOSIT":null,"LOAN_EQUITY":null,"LOAN_ASSETS":null,"DEPOSIT_EQUITY":null,"DEPOSIT_ASSETS":null,"EQUITY_MULTIPLIER":2.374754329745,"EQUITY_RATIO":1.502153477366},{"SECUCODE":"01118.HK","SECURITY_CODE":"01118","SECURITY_NAME_ABBR":"高力集团","ORG_CODE":"10010496","STD_REPORT_DATE":"2022-06-30 00:00:00","REPORT_DATE":"2022-06-30 00:00:00","DATE_TYPE_CODE":"002","REPORT_TYPE":"2022年中报","PER_NETCASH_OPERATE":1.842921249675,"PER_OI":3.156354913152,"BPS":1.735119135107,"BASIC_EPS":0.05729773,"DILUTED_EPS":null,"OPERATE_INCOME":1812941226.32,"OPERATE_INCOME_YOY":7.4809265576,"GROSS_PROFIT":197928594.36,"GROSS_PROFIT_YOY":-18.560946834311,"HOLDER_PROFIT":32904290.44,"HOLDER_PROFIT_YOY":-50.8520041898,"GROSS_PROFIT_RATIO":10.917540595718,"EPS_TTM":0.225128269439,"OPERATE_INCOME_QOQ":5.182316803427,"NET_PROFIT_RATIO":2.1100244914,"ROE_AVG":3.261731118268,"GROSS_PROFIT_QOQ":-10.713412811354,"ROA":1.185273905137,"HOLDER_PROFIT_QOQ":-19.954804305086,"ROE_YEARLY":6.523462236536,"ROIC_YEARLY":3.052970538509,"TOTAL_ASSETS":2860181244.62,"TOTAL_LIABILITIES":1766590783.51,"TAX_EBT":17.843367740514,"OCF_SALES":58.387643353925,"TOTAL_PARENT_EQUITY":996614480.68,"DEBT_ASSET_RATIO":61.764994328,"OPERATE_PROFIT":59161189.01,"PRETAX_PROFIT":46561674.74,"NETCASH_OPERATE":1058533657.44,"NETCASH_INVEST":-24977534.33,"NETCASH_FINANCE":-1132796646.66,"END_CASH":471979361,"DIVI_RATIO":0.242238347658,"DIVIDEND_RATE":7.058823529412,"CURRENT_RATIO":1.40566834385,"COMMON_ACS":1800000000,"CURRENTDEBT_DEBT":88.167809039811,"ISSUED_COMMON_SHARES":574378128,"HK_COMMON_SHARES":574378128,"PER_SHARES":10000,"TOTAL_MARKET_CAP":488221408.8,"HKSK_MARKET_CAP":488221408.8,"PE_TTM":3.553362946789,"PB_TTM":0.373562691278,"REPORT_DATE_SQ":"2021-06-30 00:00:00","REPORT_TYPE_SQ":"2021年中报","OPERATE_INCOME_SQ":1641174622.08,"DPS_HKD":0.06,"OPERATE_INCOME_QOQ_SQ":19.513238063336,"NET_PROFIT_RATIO_SQ":4.6574284011,"HOLDER_PROFIT_SQ":65140214.88,"HOLDER_PROFIT_QOQ_SQ":56.820910031492,"ROE_AVG_SQ":7.46649016021,"PE_TTM_SQ":4.582423359761,"PB_TTM_SQ":0.382465848691,"ROA_SQ":2.923871988443,"START_DATE":"2022-01-01 00:00:00","FISCAL_YEAR":"12-31","CURRENCY":"HKD","IS_CNY_CODE":0,"DPS_HKD_LY":0.07,"ORG_TYPE":"一般企业","PREMIUM_INCOME":null,"PREMIUM_INCOME_YOY":null,"NET_INTEREST_INCOME":null,"NET_INTEREST_INCOME_YOY":null,"FEE_COMMISSION_INCOME":null,"FEE_COMMISSION_INCOME_YOY":null,"ACCOUNTS_RECE_TDAYS":2.230552238256,"INVENTORY_TDAYS":2.136117718786,"CURRENT_ASSETS_TDAYS":0.866038848881,"TOTAL_ASSETS_TDAYS":0.653055239414,"PREMIUM_EXPENSE":null,"LOAN_DEPOSIT":null,"LOAN_EQUITY":null,"LOAN_ASSETS":null,"DEPOSIT_EQUITY":null,"DEPOSIT_ASSETS":null,"EQUITY_MULTIPLIER":2.615404345898,"EQUITY_RATIO":1.772591927728},{"SECUCODE":"01118.HK","SECURITY_CODE":"01118","SECURITY_NAME_ABBR":"高力集团","ORG_CODE":"10010496","STD_REPORT_DATE":"2021-12-31 00:00:00","REPORT_DATE":"2021-12-31 00:00:00","DATE_TYPE_CODE":"001","REPORT_TYPE":"2021年年报","PER_NETCASH_OPERATE":2.788574824005,"PER_OI":5.77054560267,"BPS":1.699411579265,"BASIC_EPS":0.2812544,"DILUTED_EPS":null,"OPERATE_INCOME":3314475180.8,"OPERATE_INCOME_YOY":35.5337959552,"GROSS_PROFIT":421064000,"GROSS_PROFIT_YOY":0.891141078097,"HOLDER_PROFIT":161544678.4,"HOLDER_PROFIT_YOY":111.2181303116,"GROSS_PROFIT_RATIO":12.703791008577,"EPS_TTM":0.281251444867,"OPERATE_INCOME_QOQ":10.165625298904,"NET_PROFIT_RATIO":5.4649242163,"ROE_AVG":17.87481459937,"GROSS_PROFIT_QOQ":-10.828375151839,"ROA":7.064333364856,"HOLDER_PROFIT_QOQ":30.840362689556,"ROE_YEARLY":17.87481459937,"ROIC_YEARLY":9.160310298186,"TOTAL_ASSETS":2573674801.6,"TOTAL_LIABILITIES":1505020092.8,"TAX_EBT":11.061197289399,"OCF_SALES":48.324283629525,"TOTAL_PARENT_EQUITY":976104841.6,"DEBT_ASSET_RATIO":58.4774771026,"OPERATE_PROFIT":225993633.6,"PRETAX_PROFIT":203660889.6,"NETCASH_OPERATE":1601696387.2,"NETCASH_INVEST":2247582.4,"NETCASH_FINANCE":-1402916569.6,"END_CASH":550017507.2,"DIVI_RATIO":0.193900159431,"DIVIDEND_RATE":7.058823529412,"CURRENT_RATIO":1.48540658734,"COMMON_ACS":1800000000,"CURRENTDEBT_DEBT":85.416003450715,"ISSUED_COMMON_SHARES":574378128,"HK_COMMON_SHARES":574378128,"PER_SHARES":10000,"TOTAL_MARKET_CAP":488221408.8,"HKSK_MARKET_CAP":488221408.8,"PE_TTM":3.553362946789,"PB_TTM":0.373562691278,"REPORT_DATE_SQ":"2020-12-31 00:00:00","REPORT_TYPE_SQ":"2020年年报","OPERATE_INCOME_SQ":2517402471.52,"DPS_HKD":0.06,"OPERATE_INCOME_QOQ_SQ":1.358634626942,"NET_PROFIT_RATIO_SQ":3.9332104787,"HOLDER_PROFIT_SQ":78731213.8,"HOLDER_PROFIT_QOQ_SQ":193.010821955071,"ROE_AVG_SQ":9.717335593734,"PE_TTM_SQ":4.582423359761,"PB_TTM_SQ":0.382465848691,"ROA_SQ":3.89365001437,"START_DATE":"2021-01-01 00:00:00","FISCAL_YEAR":"12-31","CURRENCY":"HKD","IS_CNY_CODE":0,"DPS_HKD_LY":0.055,"ORG_TYPE":"一般企业","PREMIUM_INCOME":null,"PREMIUM_INCOME_YOY":null,"NET_INTEREST_INCOME":null,"NET_INTEREST_INCOME_YOY":null,"FEE_COMMISSION_INCOME":null,"FEE_COMMISSION_INCOME_YOY":null,"ACCOUNTS_RECE_TDAYS":4.872497289657,"INVENTORY_TDAYS":5.871649928407,"CURRENT_ASSETS_TDAYS":2.034439720953,"TOTAL_ASSETS_TDAYS":1.449416832459,"PREMIUM_EXPENSE":null,"LOAN_DEPOSIT":null,"LOAN_EQUITY":null,"LOAN_ASSETS":null,"DEPOSIT_EQUITY":null,"DEPOSIT_ASSETS":null,"EQUITY_MULTIPLIER":2.408331503534,"EQUITY_RATIO":1.541863157172},{"SECUCODE":"01118.HK","SECURITY_CODE":"01118","SECURITY_NAME_ABBR":"高力集团","ORG_CODE":"10010496","STD_REPORT_DATE":"2021-06-30 00:00:00","REPORT_DATE":"2021-06-30 00:00:00","DATE_TYPE_CODE":"002","REPORT_TYPE":"2021年中报","PER_NETCASH_OPERATE":-0.241447114295,"PER_OI":2.857306958736,"BPS":1.564713301061,"BASIC_EPS":0.113412504,"DILUTED_EPS":null,"OPERATE_INCOME":1641174622.08,"OPERATE_INCOME_YOY":56.6720681219,"GROSS_PROFIT":243038918.88,"GROSS_PROFIT_YOY":29.146368937442,"HOLDER_PROFIT":65140214.88,"HOLDER_PROFIT_YOY":250.4610976811,"GROSS_PROFIT_RATIO":14.808839693852,"EPS_TTM":0.214957708069,"OPERATE_INCOME_QOQ":19.513238063336,"NET_PROFIT_RATIO":4.6574284011,"ROE_AVG":7.46649016021,"GROSS_PROFIT_QOQ":13.142651880452,"ROA":2.923871988443,"HOLDER_PROFIT_QOQ":56.820910031492,"ROE_YEARLY":14.93298032042,"ROIC_YEARLY":7.397443693071,"TOTAL_ASSETS":2420477451.84,"TOTAL_LIABILITIES":1438018129.68,"TAX_EBT":8.491223875839,"OCF_SALES":-8.450163660479,"TOTAL_PARENT_EQUITY":898737096.72,"DEBT_ASSET_RATIO":59.4105154166,"OPERATE_PROFIT":95066804.16,"PRETAX_PROFIT":83529182.88,"NETCASH_OPERATE":744448662.72,"NETCASH_INVEST":1688290.32,"NETCASH_FINANCE":-644167213.2,"END_CASH":455313343.92,"DIVI_RATIO":0.253699671856,"DIVIDEND_RATE":7.058823529412,"CURRENT_RATIO":1.420210293407,"COMMON_ACS":1800000000,"CURRENTDEBT_DEBT":87.135615178846,"ISSUED_COMMON_SHARES":574378128,"HK_COMMON_SHARES":574378128,"PER_SHARES":10000,"TOTAL_MARKET_CAP":488221408.8,"HKSK_MARKET_CAP":488221408.8,"PE_TTM":3.553362946789,"PB_TTM":0.373562691278,"REPORT_DATE_SQ":"2020-06-30 00:00:00","REPORT_TYPE_SQ":"2020年中报","OPERATE_INCOME_SQ":1149947884.8,"DPS_HKD":0.06,"OPERATE_INCOME_QOQ_SQ":-1.109726572414,"NET_PROFIT_RATIO_SQ":2.5948431989,"HOLDER_PROFIT_SQ":20404422.72,"HOLDER_PROFIT_QOQ_SQ":581.243412410632,"ROE_AVG_SQ":2.455869548009,"PE_TTM_SQ":4.582423359761,"PB_TTM_SQ":0.382465848691,"ROA_SQ":0.985073955514,"START_DATE":"2021-01-01 00:00:00","FISCAL_YEAR":"12-31","CURRENCY":"HKD","IS_CNY_CODE":0,"DPS_HKD_LY":0.055,"ORG_TYPE":"一般企业","PREMIUM_INCOME":null,"PREMIUM_INCOME_YOY":null,"NET_INTEREST_INCOME":null,"NET_INTEREST_INCOME_YOY":null,"FEE_COMMISSION_INCOME":null,"FEE_COMMISSION_INCOME_YOY":null,"ACCOUNTS_RECE_TDAYS":2.458126347537,"INVENTORY_TDAYS":2.84849229726,"CURRENT_ASSETS_TDAYS":1.041260804585,"TOTAL_ASSETS_TDAYS":0.736654693953,"PREMIUM_EXPENSE":null,"LOAN_DEPOSIT":null,"LOAN_EQUITY":null,"LOAN_ASSETS":null,"DEPOSIT_EQUITY":null,"DEPOSIT_ASSETS":null,"EQUITY_MULTIPLIER":2.463692284501,"EQUITY_RATIO":1.600043143794},{"SECUCODE":"01118.HK","SECURITY_CODE":"01118","SECURITY_NAME_ABBR":"高力集团","ORG_CODE":"10010496","STD_REPORT_DATE":"2020-12-31 00:00:00","REPORT_DATE":"2020-12-31 00:00:00","DATE_TYPE_CODE":"001","REPORT_TYPE":"2020年年报","PER_NETCASH_OPERATE":0.466398264664,"PER_OI":4.382831359345,"BPS":1.490051123047,"BASIC_EPS":0.137103156,"DILUTED_EPS":null,"OPERATE_INCOME":2517402471.52,"OPERATE_INCOME_YOY":6.6815515732,"GROSS_PROFIT":417344868.44,"GROSS_PROFIT_YOY":23.255557963834,"HOLDER_PROFIT":78731213.8,"HOLDER_PROFIT_YOY":1600.8021819349,"GROSS_PROFIT_RATIO":16.578392734635,"EPS_TTM":0.137072095823,"OPERATE_INCOME_QOQ":1.358634626942,"NET_PROFIT_RATIO":3.9332104787,"ROE_AVG":9.717335593734,"GROSS_PROFIT_QOQ":6.895471053867,"ROA":3.89365001437,"HOLDER_PROFIT_QOQ":193.010821955071,"ROE_YEARLY":9.717335593734,"ROIC_YEARLY":4.744943739865,"TOTAL_ASSETS":2058656489.84,"TOTAL_LIABILITIES":1128280701.36,"TAX_EBT":16.743333522052,"OCF_SALES":10.641483242775,"TOTAL_PARENT_EQUITY":855852774.68,"DEBT_ASSET_RATIO":54.8066521505,"OPERATE_PROFIT":144092134.56,"PRETAX_PROFIT":118927098.56,"NETCASH_OPERATE":1096712468.24,"NETCASH_INVEST":-9801739.44,"NETCASH_FINANCE":-1006815216.56,"END_CASH":355913564.84,"DIVI_RATIO":0.397854134151,"DIVIDEND_RATE":7.058823529412,"CURRENT_RATIO":1.491788039827,"COMMON_ACS":1800000000,"CURRENTDEBT_DEBT":82.493543810338,"ISSUED_COMMON_SHARES":574378128,"HK_COMMON_SHARES":574378128,"PER_SHARES":10000,"TOTAL_MARKET_CAP":488221408.8,"HKSK_MARKET_CAP":488221408.8,"PE_TTM":3.553362946789,"PB_TTM":0.373562691278,"REPORT_DATE_SQ":"2019-12-31 00:00:00","REPORT_TYPE_SQ":"2019年年报","OPERATE_INCOME_SQ":2511529738.3,"DPS_HKD":0.06,"OPERATE_INCOME_QOQ_SQ":0.032767073283,"NET_PROFIT_RATIO_SQ":0.3014193567,"HOLDER_PROFIT_SQ":-5583396.74,"HOLDER_PROFIT_QOQ_SQ":89.417182681412,"ROE_AVG_SQ":-0.676267649224,"PE_TTM_SQ":4.582423359761,"PB_TTM_SQ":0.382465848691,"ROA_SQ":-0.273028303525,"START_DATE":"2020-01-01 00:00:00","FISCAL_YEAR":"12-31","CURRENCY":"HKD","IS_CNY_CODE":0,"DPS_HKD_LY":0.02,"ORG_TYPE":"一般企业","PREMIUM_INCOME":null,"PREMIUM_INCOME_YOY":null,"NET_INTEREST_INCOME":null,"NET_INTEREST_INCOME_YOY":null,"FEE_COMMISSION_INCOME":null,"FEE_COMMISSION_INCOME_YOY":null,"ACCOUNTS_RECE_TDAYS":4.246996039209,"INVENTORY_TDAYS":4.874864584219,"CURRENT_ASSETS_TDAYS":1.85822055974,"TOTAL_ASSETS_TDAYS":1.244980700324,"PREMIUM_EXPENSE":null,"LOAN_DEPOSIT":null,"LOAN_EQUITY":null,"LOAN_ASSETS":null,"DEPOSIT_EQUITY":null,"DEPOSIT_ASSETS":null,"EQUITY_MULTIPLIER":2.212715029057,"EQUITY_RATIO":1.318311670815},{"SECUCODE":"01118.HK","SECURITY_CODE":"01118","SECURITY_NAME_ABBR":"高力集团","ORG_CODE":"10010496","STD_REPORT_DATE":"2020-06-30 00:00:00","REPORT_DATE":"2020-06-30 00:00:00","DATE_TYPE_CODE":"002","REPORT_TYPE":"2020年中报","PER_NETCASH_OPERATE":0.297399336348,"PER_OI":2.002074641672,"BPS":1.448323492708,"BASIC_EPS":0.035532816,"DILUTED_EPS":null,"OPERATE_INCOME":1149947884.8,"OPERATE_INCOME_YOY":-5.976931143,"GROSS_PROFIT":188188735.68,"GROSS_PROFIT_YOY":38.002020437071,"HOLDER_PROFIT":20404422.72,"HOLDER_PROFIT_YOY":263.0868073301,"GROSS_PROFIT_RATIO":16.364979506243,"EPS_TTM":0.046780557424,"OPERATE_INCOME_QOQ":-1.109726572414,"NET_PROFIT_RATIO":2.5948431989,"ROE_AVG":2.455869548009,"GROSS_PROFIT_QOQ":15.304752155237,"ROA":0.985073955514,"HOLDER_PROFIT_QOQ":581.243412410632,"ROE_YEARLY":4.911739096018,"ROIC_YEARLY":2.34331604712,"TOTAL_ASSETS":1987916731.68,"TOTAL_LIABILITIES":1094715821.76,"TAX_EBT":18.839751552795,"OCF_SALES":14.854557875004,"TOTAL_PARENT_EQUITY":831885336.48,"DEBT_ASSET_RATIO":55.0684947872,"OPERATE_PROFIT":50496790.08,"PRETAX_PROFIT":36765960,"NETCASH_OPERATE":170819674.08,"NETCASH_INVEST":-18213993.6,"NETCASH_FINANCE":-168705973.92,"END_CASH":276860923.68,"DIVI_RATIO":1.165755668658,"DIVIDEND_RATE":7.058823529412,"CURRENT_RATIO":1.445214480148,"COMMON_ACS":1800000000,"CURRENTDEBT_DEBT":80.00557384764,"ISSUED_COMMON_SHARES":574378128,"HK_COMMON_SHARES":574378128,"PER_SHARES":10000,"TOTAL_MARKET_CAP":488221408.8,"HKSK_MARKET_CAP":488221408.8,"PE_TTM":3.553362946789,"PB_TTM":0.373562691278,"REPORT_DATE_SQ":"2019-06-30 00:00:00","REPORT_TYPE_SQ":"2019年中报","OPERATE_INCOME_SQ":1177818997.68,"DPS_HKD":0.06,"OPERATE_INCOME_QOQ_SQ":-7.182892925463,"NET_PROFIT_RATIO_SQ":-0.5210060436,"HOLDER_PROFIT_SQ":-12048703.02,"HOLDER_PROFIT_QOQ_SQ":28.978427619602,"ROE_AVG_SQ":-1.485621565103,"PE_TTM_SQ":4.582423359761,"PB_TTM_SQ":0.382465848691,"ROA_SQ":-0.604346112023,"START_DATE":"2020-01-01 00:00:00","FISCAL_YEAR":"12-31","CURRENCY":"HKD","IS_CNY_CODE":0,"DPS_HKD_LY":0.02,"ORG_TYPE":"一般企业","PREMIUM_INCOME":null,"PREMIUM_INCOME_YOY":null,"NET_INTEREST_INCOME":null,"NET_INTEREST_INCOME_YOY":null,"FEE_COMMISSION_INCOME":null,"FEE_COMMISSION_INCOME_YOY":null,"ACCOUNTS_RECE_TDAYS":1.98244971714,"INVENTORY_TDAYS":2.067355590157,"CURRENT_ASSETS_TDAYS":0.851989410026,"TOTAL_ASSETS_TDAYS":0.555165773156,"PREMIUM_EXPENSE":null,"LOAN_DEPOSIT":null,"LOAN_EQUITY":null,"LOAN_ASSETS":null,"DEPOSIT_EQUITY":null,"DEPOSIT_ASSETS":null,"EQUITY_MULTIPLIER":2.22560983716,"EQUITY_RATIO":1.315945568162}],"count":48},"success":true,"message":"ok","code":0}