{"version":"dc8cc0431fb08b7f690aaecb1801af2c","result":{"pages":4,"data":[{"SECUCODE":"01115.HK","SECURITY_CODE":"01115","SECURITY_NAME_ABBR":"西藏水资源","ORG_CODE":"10160377","STD_REPORT_DATE":"2024-06-30 00:00:00","REPORT_DATE":"2024-06-30 00:00:00","DATE_TYPE_CODE":"002","REPORT_TYPE":"2024年中报","PER_NETCASH_OPERATE":0.020794079649,"PER_OI":0.03031432647,"BPS":0.646297334811,"BASIC_EPS":0.0021,"DILUTED_EPS":0.0021,"OPERATE_INCOME":138815000,"OPERATE_INCOME_YOY":-19.7466627354,"GROSS_PROFIT":29228000,"GROSS_PROFIT_YOY":-41.74323812561,"HOLDER_PROFIT":9037000,"HOLDER_PROFIT_YOY":167.1047746343,"GROSS_PROFIT_RATIO":21.055361452293,"EPS_TTM":-0.072144450064,"OPERATE_INCOME_QOQ":-10.862900250614,"NET_PROFIT_RATIO":6.510103375,"ROE_AVG":0.310801994333,"GROSS_PROFIT_QOQ":-26.983533898523,"ROA":0.229803158096,"HOLDER_PROFIT_QOQ":6.377473665715,"ROE_YEARLY":0.621603988666,"ROIC_YEARLY":0.462332937014,"TOTAL_ASSETS":3879436000,"TOTAL_LIABILITIES":919919000,"TAX_EBT":8.550900627403,"OCF_SALES":68.594892482801,"TOTAL_PARENT_EQUITY":2959517000,"DEBT_ASSET_RATIO":23.7126994749,"OPERATE_PROFIT":17021000,"PRETAX_PROFIT":9882000,"NETCASH_OPERATE":95220000,"NETCASH_INVEST":17840000,"NETCASH_FINANCE":-109406000,"END_CASH":24626000,"DIVI_RATIO":null,"DIVIDEND_RATE":null,"CURRENT_RATIO":1.807988861485,"COMMON_ACS":100000000000,"CURRENTDEBT_DEBT":94.93944575555,"ISSUED_COMMON_SHARES":4579188000,"HK_COMMON_SHARES":4579188000,"PER_SHARES":10000,"TOTAL_MARKET_CAP":1648507680,"HKSK_MARKET_CAP":1648507680,"PE_TTM":-4.518004719224,"PB_TTM":0.508380249001,"REPORT_DATE_SQ":"2023-06-30 00:00:00","REPORT_TYPE_SQ":"2023年中报","OPERATE_INCOME_SQ":172971000,"DPS_HKD":null,"OPERATE_INCOME_QOQ_SQ":-3.486489692159,"NET_PROFIT_RATIO_SQ":-7.7856981806,"HOLDER_PROFIT_SQ":-13467000,"HOLDER_PROFIT_QOQ_SQ":-20.775671930201,"ROE_AVG_SQ":-0.445652824966,"PE_TTM_SQ":-6.776019560658,"PB_TTM_SQ":0.271653189853,"ROA_SQ":-0.320661562401,"START_DATE":"2024-01-01 00:00:00","FISCAL_YEAR":"12-31","CURRENCY":"HKD","IS_CNY_CODE":0,"DPS_HKD_LY":null,"ORG_TYPE":"一般企业","PREMIUM_INCOME":null,"PREMIUM_INCOME_YOY":null,"NET_INTEREST_INCOME":null,"NET_INTEREST_INCOME_YOY":null,"FEE_COMMISSION_INCOME":null,"FEE_COMMISSION_INCOME_YOY":null,"ACCOUNTS_RECE_TDAYS":0.740804978013,"INVENTORY_TDAYS":1.006664431411,"CURRENT_ASSETS_TDAYS":0.085802303926,"TOTAL_ASSETS_TDAYS":0.03529946375,"PREMIUM_EXPENSE":null,"LOAN_DEPOSIT":null,"LOAN_EQUITY":null,"LOAN_ASSETS":null,"DEPOSIT_EQUITY":null,"DEPOSIT_ASSETS":null,"EQUITY_MULTIPLIER":1.310834166522,"EQUITY_RATIO":0.310834166521},{"SECUCODE":"01115.HK","SECURITY_CODE":"01115","SECURITY_NAME_ABBR":"西藏水资源","ORG_CODE":"10160377","STD_REPORT_DATE":"2023-12-31 00:00:00","REPORT_DATE":"2023-12-31 00:00:00","DATE_TYPE_CODE":"001","REPORT_TYPE":"2023年年报","PER_NETCASH_OPERATE":-0.071668675236,"PER_OI":0.07708102691,"BPS":0.623639169215,"BASIC_EPS":-0.0897,"DILUTED_EPS":-0.0897,"OPERATE_INCOME":314428000,"OPERATE_INCOME_YOY":0.7953274114,"GROSS_PROFIT":77614000,"GROSS_PROFIT_YOY":-14.601029884248,"HOLDER_PROFIT":-352867000,"HOLDER_PROFIT_YOY":-244.3747194191,"GROSS_PROFIT_RATIO":24.684188431056,"EPS_TTM":-0.086504225841,"OPERATE_INCOME_QOQ":4.436495046019,"NET_PROFIT_RATIO":-112.2250562927,"ROE_AVG":-12.348323888088,"GROSS_PROFIT_QOQ":-1.185307785346,"ROA":-8.685220416386,"HOLDER_PROFIT_QOQ":-185.135833993245,"ROE_YEARLY":-12.348323888088,"ROIC_YEARLY":-8.771475843746,"TOTAL_ASSETS":3985556000,"TOTAL_LIABILITIES":1129795000,"TAX_EBT":-1.716280450718,"OCF_SALES":-92.97836070579,"TOTAL_PARENT_EQUITY":2855761000,"DEBT_ASSET_RATIO":28.3472368723,"OPERATE_PROFIT":-83387000,"PRETAX_PROFIT":-346913000,"NETCASH_OPERATE":-292350000,"NETCASH_INVEST":-56343000,"NETCASH_FINANCE":312205000,"END_CASH":21758000,"DIVI_RATIO":null,"DIVIDEND_RATE":null,"CURRENT_RATIO":1.561813737182,"COMMON_ACS":100000000000,"CURRENTDEBT_DEBT":93.886678556729,"ISSUED_COMMON_SHARES":4579188000,"HK_COMMON_SHARES":4579188000,"PER_SHARES":10000,"TOTAL_MARKET_CAP":1419548280,"HKSK_MARKET_CAP":1419548280,"PE_TTM":-3.890504063776,"PB_TTM":0.437771881084,"REPORT_DATE_SQ":"2022-12-31 00:00:00","REPORT_TYPE_SQ":"2022年年报","OPERATE_INCOME_SQ":311947000,"DPS_HKD":null,"OPERATE_INCOME_QOQ_SQ":-25.127748482499,"NET_PROFIT_RATIO_SQ":-32.8472464874,"HOLDER_PROFIT_SQ":-102466000,"HOLDER_PROFIT_QOQ_SQ":-1107.33385764845,"ROE_AVG_SQ":-3.601052348208,"PE_TTM_SQ":-7.807152972062,"PB_TTM_SQ":0.312991718744,"ROA_SQ":-2.472313269062,"START_DATE":"2023-01-01 00:00:00","FISCAL_YEAR":"12-31","CURRENCY":"HKD","IS_CNY_CODE":0,"DPS_HKD_LY":null,"ORG_TYPE":"一般企业","PREMIUM_INCOME":null,"PREMIUM_INCOME_YOY":null,"NET_INTEREST_INCOME":null,"NET_INTEREST_INCOME_YOY":null,"FEE_COMMISSION_INCOME":null,"FEE_COMMISSION_INCOME_YOY":null,"ACCOUNTS_RECE_TDAYS":1.688670961366,"INVENTORY_TDAYS":2.102509011489,"CURRENT_ASSETS_TDAYS":0.197037802948,"TOTAL_ASSETS_TDAYS":0.077391098773,"PREMIUM_EXPENSE":null,"LOAN_DEPOSIT":null,"LOAN_EQUITY":null,"LOAN_ASSETS":null,"DEPOSIT_EQUITY":null,"DEPOSIT_ASSETS":null,"EQUITY_MULTIPLIER":1.395619591414,"EQUITY_RATIO":0.395619591415},{"SECUCODE":"01115.HK","SECURITY_CODE":"01115","SECURITY_NAME_ABBR":"西藏水资源","ORG_CODE":"10160377","STD_REPORT_DATE":"2023-06-30 00:00:00","REPORT_DATE":"2023-06-30 00:00:00","DATE_TYPE_CODE":"002","REPORT_TYPE":"2023年中报","PER_NETCASH_OPERATE":-0.011163005971,"PER_OI":0.042403292028,"BPS":0.695376123452,"BASIC_EPS":-0.0035,"DILUTED_EPS":-0.0035,"OPERATE_INCOME":172971000,"OPERATE_INCOME_YOY":-5.9157886721,"GROSS_PROFIT":50171000,"GROSS_PROFIT_YOY":-19.739241721325,"HOLDER_PROFIT":-13467000,"HOLDER_PROFIT_YOY":-272.1902570004,"GROSS_PROFIT_RATIO":29.005440218303,"EPS_TTM":-0.030337900582,"OPERATE_INCOME_QOQ":-3.486489692159,"NET_PROFIT_RATIO":-7.7856981806,"ROE_AVG":-0.445652824966,"GROSS_PROFIT_QOQ":-13.576647154615,"ROA":-0.320661562401,"HOLDER_PROFIT_QOQ":-20.775671930201,"ROE_YEARLY":-0.891305649933,"ROIC_YEARLY":-0.647824733753,"TOTAL_ASSETS":4259377000,"TOTAL_LIABILITIES":1075119000,"TAX_EBT":-53.838245373544,"OCF_SALES":-26.325800278659,"TOTAL_PARENT_EQUITY":3184258000,"DEBT_ASSET_RATIO":25.2412265925,"OPERATE_PROFIT":-7375000,"PRETAX_PROFIT":-8754000,"NETCASH_OPERATE":-45536000,"NETCASH_INVEST":-177350000,"NETCASH_FINANCE":179935000,"END_CASH":26151000,"DIVI_RATIO":null,"DIVIDEND_RATE":null,"CURRENT_RATIO":1.726825295223,"COMMON_ACS":100000000000,"CURRENTDEBT_DEBT":90.674241642088,"ISSUED_COMMON_SHARES":4579188000,"HK_COMMON_SHARES":4579188000,"PER_SHARES":10000,"TOTAL_MARKET_CAP":1419548280,"HKSK_MARKET_CAP":1419548280,"PE_TTM":-3.890504063776,"PB_TTM":0.437771881084,"REPORT_DATE_SQ":"2022-06-30 00:00:00","REPORT_TYPE_SQ":"2022年中报","OPERATE_INCOME_SQ":183847000,"DPS_HKD":null,"OPERATE_INCOME_QOQ_SQ":-8.657438262944,"NET_PROFIT_RATIO_SQ":4.254080839,"HOLDER_PROFIT_SQ":7821000,"HOLDER_PROFIT_QOQ_SQ":-78.336243983473,"ROE_AVG_SQ":0.276905379686,"PE_TTM_SQ":-7.807152972062,"PB_TTM_SQ":0.312991718744,"ROA_SQ":0.188023158029,"START_DATE":"2023-01-01 00:00:00","FISCAL_YEAR":"12-31","CURRENCY":"HKD","IS_CNY_CODE":0,"DPS_HKD_LY":null,"ORG_TYPE":"一般企业","PREMIUM_INCOME":null,"PREMIUM_INCOME_YOY":null,"NET_INTEREST_INCOME":null,"NET_INTEREST_INCOME_YOY":null,"FEE_COMMISSION_INCOME":null,"FEE_COMMISSION_INCOME_YOY":null,"ACCOUNTS_RECE_TDAYS":0.933578011361,"INVENTORY_TDAYS":1.013305827746,"CURRENT_ASSETS_TDAYS":0.107492221044,"TOTAL_ASSETS_TDAYS":0.041185973944,"PREMIUM_EXPENSE":null,"LOAN_DEPOSIT":null,"LOAN_EQUITY":null,"LOAN_ASSETS":null,"DEPOSIT_EQUITY":null,"DEPOSIT_ASSETS":null,"EQUITY_MULTIPLIER":1.337635643845,"EQUITY_RATIO":0.337635643845},{"SECUCODE":"01115.HK","SECURITY_CODE":"01115","SECURITY_NAME_ABBR":"西藏水资源","ORG_CODE":"10160377","STD_REPORT_DATE":"2022-12-31 00:00:00","REPORT_DATE":"2022-12-31 00:00:00","DATE_TYPE_CODE":"001","REPORT_TYPE":"2022年年报","PER_NETCASH_OPERATE":0.021218683718,"PER_OI":0.076472817629,"BPS":0.624446954351,"BASIC_EPS":-0.0369,"DILUTED_EPS":-0.0369,"OPERATE_INCOME":311947000,"OPERATE_INCOME_YOY":-31.6097674337,"GROSS_PROFIT":90884000,"GROSS_PROFIT_YOY":-52.405042078417,"HOLDER_PROFIT":-102466000,"HOLDER_PROFIT_YOY":-318.2263491928,"GROSS_PROFIT_RATIO":29.134436298474,"EPS_TTM":-0.025119214903,"OPERATE_INCOME_QOQ":-25.127748482499,"NET_PROFIT_RATIO":-32.8472464874,"ROE_AVG":-3.601052348208,"GROSS_PROFIT_QOQ":-44.857295408213,"ROA":-2.472313269062,"HOLDER_PROFIT_QOQ":-1107.33385764845,"ROE_YEARLY":-3.601052348208,"ROIC_YEARLY":-2.506165378152,"TOTAL_ASSETS":4140133000,"TOTAL_LIABILITIES":1280673000,"TAX_EBT":-5.507789573401,"OCF_SALES":27.746700561313,"TOTAL_PARENT_EQUITY":2859460000,"DEBT_ASSET_RATIO":30.9331366891,"OPERATE_PROFIT":-83984000,"PRETAX_PROFIT":-97117000,"NETCASH_OPERATE":86555000,"NETCASH_INVEST":-208572000,"NETCASH_FINANCE":127208000,"END_CASH":58147000,"DIVI_RATIO":null,"DIVIDEND_RATE":null,"CURRENT_RATIO":1.609583093889,"COMMON_ACS":100000000000,"CURRENTDEBT_DEBT":74.460537545494,"ISSUED_COMMON_SHARES":4579188000,"HK_COMMON_SHARES":4579188000,"PER_SHARES":10000,"TOTAL_MARKET_CAP":1419548280,"HKSK_MARKET_CAP":1419548280,"PE_TTM":-3.890504063776,"PB_TTM":0.437771881084,"REPORT_DATE_SQ":"2021-12-31 00:00:00","REPORT_TYPE_SQ":"2021年年报","OPERATE_INCOME_SQ":456128000,"DPS_HKD":null,"OPERATE_INCOME_QOQ_SQ":-7.522063787815,"NET_PROFIT_RATIO_SQ":10.2940402694,"HOLDER_PROFIT_SQ":46954000,"HOLDER_PROFIT_QOQ_SQ":320.019679756687,"ROE_AVG_SQ":1.690957479374,"PE_TTM_SQ":-7.807152972062,"PB_TTM_SQ":0.312991718744,"ROA_SQ":1.131359393826,"START_DATE":"2022-01-01 00:00:00","FISCAL_YEAR":"12-31","CURRENCY":"HKD","IS_CNY_CODE":0,"DPS_HKD_LY":null,"ORG_TYPE":"一般企业","PREMIUM_INCOME":null,"PREMIUM_INCOME_YOY":null,"NET_INTEREST_INCOME":null,"NET_INTEREST_INCOME_YOY":null,"FEE_COMMISSION_INCOME":null,"FEE_COMMISSION_INCOME_YOY":null,"ACCOUNTS_RECE_TDAYS":1.40151767021,"INVENTORY_TDAYS":2.24282576384,"CURRENT_ASSETS_TDAYS":0.204392900726,"TOTAL_ASSETS_TDAYS":0.075266986839,"PREMIUM_EXPENSE":null,"LOAN_DEPOSIT":null,"LOAN_EQUITY":null,"LOAN_ASSETS":null,"DEPOSIT_EQUITY":null,"DEPOSIT_ASSETS":null,"EQUITY_MULTIPLIER":1.447872325544,"EQUITY_RATIO":0.447872325544},{"SECUCODE":"01115.HK","SECURITY_CODE":"01115","SECURITY_NAME_ABBR":"西藏水资源","ORG_CODE":"10160377","STD_REPORT_DATE":"2022-06-30 00:00:00","REPORT_DATE":"2022-06-30 00:00:00","DATE_TYPE_CODE":"002","REPORT_TYPE":"2022年中报","PER_NETCASH_OPERATE":0.015475710071,"PER_OI":0.07072417583,"BPS":0.615268252799,"BASIC_EPS":0.003,"DILUTED_EPS":0.003,"OPERATE_INCOME":183847000,"OPERATE_INCOME_YOY":-17.6814306695,"GROSS_PROFIT":62510000,"GROSS_PROFIT_YOY":-29.48435931278,"HOLDER_PROFIT":7821000,"HOLDER_PROFIT_YOY":-82.4653050243,"GROSS_PROFIT_RATIO":34.001098739713,"EPS_TTM":0.003913070741,"OPERATE_INCOME_QOQ":-8.657438262944,"NET_PROFIT_RATIO":4.254080839,"ROE_AVG":0.276905379686,"GROSS_PROFIT_QOQ":-13.687661361696,"ROA":0.188023158029,"HOLDER_PROFIT_QOQ":-78.336243983473,"ROE_YEARLY":0.553810759373,"ROIC_YEARLY":0.380288269789,"TOTAL_ASSETS":4170242000,"TOTAL_LIABILITIES":1352813000,"TAX_EBT":42.89156626506,"OCF_SALES":21.881782134057,"TOTAL_PARENT_EQUITY":2817429000,"DEBT_ASSET_RATIO":32.4396761627,"OPERATE_PROFIT":20662000,"PRETAX_PROFIT":13695000,"NETCASH_OPERATE":40229000,"NETCASH_INVEST":-59302000,"NETCASH_FINANCE":12745000,"END_CASH":38979000,"DIVI_RATIO":null,"DIVIDEND_RATE":null,"CURRENT_RATIO":1.550685225885,"COMMON_ACS":100000000000,"CURRENTDEBT_DEBT":75.675647705928,"ISSUED_COMMON_SHARES":4579188000,"HK_COMMON_SHARES":4579188000,"PER_SHARES":10000,"TOTAL_MARKET_CAP":1419548280,"HKSK_MARKET_CAP":1419548280,"PE_TTM":-3.890504063776,"PB_TTM":0.437771881084,"REPORT_DATE_SQ":"2021-06-30 00:00:00","REPORT_TYPE_SQ":"2021年中报","OPERATE_INCOME_SQ":223336000,"DPS_HKD":null,"OPERATE_INCOME_QOQ_SQ":0.071011343555,"NET_PROFIT_RATIO_SQ":19.9712540746,"HOLDER_PROFIT_SQ":44603000,"HOLDER_PROFIT_QOQ_SQ":-34.136569846226,"ROE_AVG_SQ":1.616480028935,"PE_TTM_SQ":-7.807152972062,"PB_TTM_SQ":0.312991718744,"ROA_SQ":1.073930701216,"START_DATE":"2022-01-01 00:00:00","FISCAL_YEAR":"12-31","CURRENCY":"HKD","IS_CNY_CODE":0,"DPS_HKD_LY":null,"ORG_TYPE":"一般企业","PREMIUM_INCOME":null,"PREMIUM_INCOME_YOY":null,"NET_INTEREST_INCOME":null,"NET_INTEREST_INCOME_YOY":null,"FEE_COMMISSION_INCOME":null,"FEE_COMMISSION_INCOME_YOY":null,"ACCOUNTS_RECE_TDAYS":0.733176738955,"INVENTORY_TDAYS":1.342669027332,"CURRENT_ASSETS_TDAYS":0.118418175313,"TOTAL_ASSETS_TDAYS":0.044198303969,"PREMIUM_EXPENSE":null,"LOAN_DEPOSIT":null,"LOAN_EQUITY":null,"LOAN_ASSETS":null,"DEPOSIT_EQUITY":null,"DEPOSIT_ASSETS":null,"EQUITY_MULTIPLIER":1.48015868368,"EQUITY_RATIO":0.480158683679},{"SECUCODE":"01115.HK","SECURITY_CODE":"01115","SECURITY_NAME_ABBR":"西藏水资源","ORG_CODE":"10160377","STD_REPORT_DATE":"2021-12-31 00:00:00","REPORT_DATE":"2021-12-31 00:00:00","DATE_TYPE_CODE":"001","REPORT_TYPE":"2021年年报","PER_NETCASH_OPERATE":0.031606547892,"PER_OI":0.175468062426,"BPS":0.618326218535,"BASIC_EPS":0.0184,"DILUTED_EPS":0.0184,"OPERATE_INCOME":456128000,"OPERATE_INCOME_YOY":-7.4563939628,"GROSS_PROFIT":190953000,"GROSS_PROFIT_YOY":-11.240796519411,"HOLDER_PROFIT":46954000,"HOLDER_PROFIT_YOY":176.6393684086,"GROSS_PROFIT_RATIO":41.863906622702,"EPS_TTM":0.018062753006,"OPERATE_INCOME_QOQ":-7.522063787815,"NET_PROFIT_RATIO":10.2940402694,"ROE_AVG":1.690957479374,"GROSS_PROFIT_QOQ":-5.500155888888,"ROA":1.131359393826,"HOLDER_PROFIT_QOQ":320.019679756687,"ROE_YEARLY":1.690957479374,"ROIC_YEARLY":1.147754790551,"TOTAL_ASSETS":4148946000,"TOTAL_LIABILITIES":1317514000,"TAX_EBT":18.867174675583,"OCF_SALES":18.01270695945,"TOTAL_PARENT_EQUITY":2831432000,"DEBT_ASSET_RATIO":31.7553904052,"OPERATE_PROFIT":37366000,"PRETAX_PROFIT":57873000,"NETCASH_OPERATE":82161000,"NETCASH_INVEST":11017000,"NETCASH_FINANCE":-104129000,"END_CASH":53818000,"DIVI_RATIO":null,"DIVIDEND_RATE":null,"CURRENT_RATIO":1.634351545411,"COMMON_ACS":100000000000,"CURRENTDEBT_DEBT":70.475380147763,"ISSUED_COMMON_SHARES":4579188000,"HK_COMMON_SHARES":4579188000,"PER_SHARES":10000,"TOTAL_MARKET_CAP":1419548280,"HKSK_MARKET_CAP":1419548280,"PE_TTM":-3.890504063776,"PB_TTM":0.437771881084,"REPORT_DATE_SQ":"2020-12-31 00:00:00","REPORT_TYPE_SQ":"2020年年报","OPERATE_INCOME_SQ":492879000,"DPS_HKD":null,"OPERATE_INCOME_QOQ_SQ":-7.813809253052,"NET_PROFIT_RATIO_SQ":3.4324854579,"HOLDER_PROFIT_SQ":16973000,"HOLDER_PROFIT_QOQ_SQ":102.016509405942,"ROE_AVG_SQ":0.625842198018,"PE_TTM_SQ":-7.807152972062,"PB_TTM_SQ":0.312991718744,"ROA_SQ":0.403450616401,"START_DATE":"2021-01-01 00:00:00","FISCAL_YEAR":"12-31","CURRENCY":"HKD","IS_CNY_CODE":0,"DPS_HKD_LY":null,"ORG_TYPE":"一般企业","PREMIUM_INCOME":null,"PREMIUM_INCOME_YOY":null,"NET_INTEREST_INCOME":null,"NET_INTEREST_INCOME_YOY":null,"FEE_COMMISSION_INCOME":null,"FEE_COMMISSION_INCOME_YOY":null,"ACCOUNTS_RECE_TDAYS":1.69586062153,"INVENTORY_TDAYS":3.515580980664,"CURRENT_ASSETS_TDAYS":0.256669205441,"TOTAL_ASSETS_TDAYS":0.109904310088,"PREMIUM_EXPENSE":null,"LOAN_DEPOSIT":null,"LOAN_EQUITY":null,"LOAN_ASSETS":null,"DEPOSIT_EQUITY":null,"DEPOSIT_ASSETS":null,"EQUITY_MULTIPLIER":1.465317196387,"EQUITY_RATIO":0.465317196387},{"SECUCODE":"01115.HK","SECURITY_CODE":"01115","SECURITY_NAME_ABBR":"西藏水资源","ORG_CODE":"10160377","STD_REPORT_DATE":"2021-06-30 00:00:00","REPORT_DATE":"2021-06-30 00:00:00","DATE_TYPE_CODE":"002","REPORT_TYPE":"2021年中报","PER_NETCASH_OPERATE":0.036090388259,"PER_OI":0.086918314236,"BPS":0.610681631765,"BASIC_EPS":0.0178,"DILUTED_EPS":0.0169,"OPERATE_INCOME":223336000,"OPERATE_INCOME_YOY":0.1569605267,"GROSS_PROFIT":88647000,"GROSS_PROFIT_YOY":-12.848519406976,"HOLDER_PROFIT":44603000,"HOLDER_PROFIT_YOY":-11.4967160744,"GROSS_PROFIT_RATIO":39.692212630297,"EPS_TTM":0.00435066373,"OPERATE_INCOME_QOQ":0.071011343555,"NET_PROFIT_RATIO":19.9712540746,"ROE_AVG":1.616480028935,"GROSS_PROFIT_QOQ":-6.074762011007,"ROA":1.073930701216,"HOLDER_PROFIT_QOQ":-34.136569846226,"ROE_YEARLY":3.23296005787,"ROIC_YEARLY":2.178667009238,"TOTAL_ASSETS":4154984000,"TOTAL_LIABILITIES":1358558000,"TAX_EBT":16.821140182384,"OCF_SALES":41.522190779812,"TOTAL_PARENT_EQUITY":2796426000,"DEBT_ASSET_RATIO":32.6970693509,"OPERATE_PROFIT":20022000,"PRETAX_PROFIT":53623000,"NETCASH_OPERATE":92734000,"NETCASH_INVEST":-22461000,"NETCASH_FINANCE":-83133000,"END_CASH":52699000,"DIVI_RATIO":null,"DIVIDEND_RATE":null,"CURRENT_RATIO":1.825649648426,"COMMON_ACS":100000000000,"CURRENTDEBT_DEBT":65.00789808017,"ISSUED_COMMON_SHARES":4579188000,"HK_COMMON_SHARES":4579188000,"PER_SHARES":10000,"TOTAL_MARKET_CAP":1419548280,"HKSK_MARKET_CAP":1419548280,"PE_TTM":-3.890504063776,"PB_TTM":0.437771881084,"REPORT_DATE_SQ":"2020-06-30 00:00:00","REPORT_TYPE_SQ":"2020年中报","OPERATE_INCOME_SQ":222986000,"DPS_HKD":null,"OPERATE_INCOME_QOQ_SQ":-25.89198217491,"NET_PROFIT_RATIO_SQ":22.6009704645,"HOLDER_PROFIT_SQ":50397000,"HOLDER_PROFIT_QOQ_SQ":-12.962242222037,"ROE_AVG_SQ":1.849852755435,"PE_TTM_SQ":-7.807152972062,"PB_TTM_SQ":0.312991718744,"ROA_SQ":1.174371042015,"START_DATE":"2021-01-01 00:00:00","FISCAL_YEAR":"12-31","CURRENCY":"HKD","IS_CNY_CODE":0,"DPS_HKD_LY":null,"ORG_TYPE":"一般企业","PREMIUM_INCOME":null,"PREMIUM_INCOME_YOY":null,"NET_INTEREST_INCOME":null,"NET_INTEREST_INCOME_YOY":null,"FEE_COMMISSION_INCOME":null,"FEE_COMMISSION_INCOME_YOY":null,"ACCOUNTS_RECE_TDAYS":0.908898895701,"INVENTORY_TDAYS":2.289636297184,"CURRENT_ASSETS_TDAYS":0.122408253141,"TOTAL_ASSETS_TDAYS":0.053773823978,"PREMIUM_EXPENSE":null,"LOAN_DEPOSIT":null,"LOAN_EQUITY":null,"LOAN_ASSETS":null,"DEPOSIT_EQUITY":null,"DEPOSIT_ASSETS":null,"EQUITY_MULTIPLIER":1.485819399476,"EQUITY_RATIO":0.485819399476},{"SECUCODE":"01115.HK","SECURITY_CODE":"01115","SECURITY_NAME_ABBR":"西藏水资源","ORG_CODE":"10160377","STD_REPORT_DATE":"2020-12-31 00:00:00","REPORT_DATE":"2020-12-31 00:00:00","DATE_TYPE_CODE":"001","REPORT_TYPE":"2020年年报","PER_NETCASH_OPERATE":0.033741381988,"PER_OI":0.19186435558,"BPS":0.594452116838,"BASIC_EPS":0.0068,"DILUTED_EPS":0.0068,"OPERATE_INCOME":492879000,"OPERATE_INCOME_YOY":-31.682641329,"GROSS_PROFIT":215136000,"GROSS_PROFIT_YOY":-46.790002844317,"HOLDER_PROFIT":16973000,"HOLDER_PROFIT_YOY":102.2778942396,"GROSS_PROFIT_RATIO":43.648846877225,"EPS_TTM":0.006607126105,"OPERATE_INCOME_QOQ":-7.813809253052,"NET_PROFIT_RATIO":3.4324854579,"ROE_AVG":0.625842198018,"GROSS_PROFIT_QOQ":-21.385086494822,"ROA":0.403450616401,"HOLDER_PROFIT_QOQ":102.016509405942,"ROE_YEARLY":0.625842198018,"ROIC_YEARLY":0.433340707589,"TOTAL_ASSETS":4151511000,"TOTAL_LIABILITIES":1429403000,"TAX_EBT":51.277251389569,"OCF_SALES":17.58606067615,"TOTAL_PARENT_EQUITY":2722108000,"DEBT_ASSET_RATIO":34.4309096134,"OPERATE_PROFIT":80937000,"PRETAX_PROFIT":34723000,"NETCASH_OPERATE":86678000,"NETCASH_INVEST":-440044000,"NETCASH_FINANCE":-97415000,"END_CASH":64752000,"DIVI_RATIO":null,"DIVIDEND_RATE":null,"CURRENT_RATIO":1.591289876474,"COMMON_ACS":100000000000,"CURRENTDEBT_DEBT":89.540178662001,"ISSUED_COMMON_SHARES":4579188000,"HK_COMMON_SHARES":4579188000,"PER_SHARES":10000,"TOTAL_MARKET_CAP":1419548280,"HKSK_MARKET_CAP":1419548280,"PE_TTM":-3.890504063776,"PB_TTM":0.437771881084,"REPORT_DATE_SQ":"2019-12-31 00:00:00","REPORT_TYPE_SQ":"2019年年报","OPERATE_INCOME_SQ":721455000,"DPS_HKD":null,"OPERATE_INCOME_QOQ_SQ":-14.446261430111,"NET_PROFIT_RATIO_SQ":-103.2798996472,"HOLDER_PROFIT_SQ":-745118000,"HOLDER_PROFIT_QOQ_SQ":-353.487193269535,"ROE_AVG_SQ":-24.187277916017,"PE_TTM_SQ":-7.807152972062,"PB_TTM_SQ":0.312991718744,"ROA_SQ":-16.243067679158,"START_DATE":"2020-01-01 00:00:00","FISCAL_YEAR":"12-31","CURRENCY":"HKD","IS_CNY_CODE":0,"DPS_HKD_LY":null,"ORG_TYPE":"一般企业","PREMIUM_INCOME":null,"PREMIUM_INCOME_YOY":null,"NET_INTEREST_INCOME":null,"NET_INTEREST_INCOME_YOY":null,"FEE_COMMISSION_INCOME":null,"FEE_COMMISSION_INCOME_YOY":null,"ACCOUNTS_RECE_TDAYS":1.817852894802,"INVENTORY_TDAYS":4.916588483121,"CURRENT_ASSETS_TDAYS":0.246775917269,"TOTAL_ASSETS_TDAYS":0.117158037095,"PREMIUM_EXPENSE":null,"LOAN_DEPOSIT":null,"LOAN_EQUITY":null,"LOAN_ASSETS":null,"DEPOSIT_EQUITY":null,"DEPOSIT_ASSETS":null,"EQUITY_MULTIPLIER":1.525108849465,"EQUITY_RATIO":0.525108849465},{"SECUCODE":"01115.HK","SECURITY_CODE":"01115","SECURITY_NAME_ABBR":"西藏水资源","ORG_CODE":"10160377","STD_REPORT_DATE":"2020-06-30 00:00:00","REPORT_DATE":"2020-06-30 00:00:00","DATE_TYPE_CODE":"002","REPORT_TYPE":"2020年中报","PER_NETCASH_OPERATE":0.012409236196,"PER_OI":0.086802369737,"BPS":0.599847614905,"BASIC_EPS":0.0201,"DILUTED_EPS":0.0201,"OPERATE_INCOME":222986000,"OPERATE_INCOME_YOY":-45.5846358456,"GROSS_PROFIT":101716000,"GROSS_PROFIT_YOY":-56.227272531663,"HOLDER_PROFIT":50397000,"HOLDER_PROFIT_YOY":-65.7118947347,"GROSS_PROFIT_RATIO":45.61541980214,"EPS_TTM":-0.327651638274,"OPERATE_INCOME_QOQ":-25.89198217491,"NET_PROFIT_RATIO":22.6009704645,"ROE_AVG":1.849852755435,"GROSS_PROFIT_QOQ":-32.315644979781,"ROA":1.174371042015,"HOLDER_PROFIT_QOQ":-12.962242222037,"ROE_YEARLY":3.699705510871,"ROIC_YEARLY":2.546227002071,"TOTAL_ASSETS":4320401000,"TOTAL_LIABILITIES":1573470000,"TAX_EBT":16.420113436598,"OCF_SALES":14.295964769089,"TOTAL_PARENT_EQUITY":2746815000,"DEBT_ASSET_RATIO":36.419536057,"OPERATE_PROFIT":29660000,"PRETAX_PROFIT":60298000,"NETCASH_OPERATE":31878000,"NETCASH_INVEST":-355482000,"NETCASH_FINANCE":19830000,"END_CASH":149959000,"DIVI_RATIO":null,"DIVIDEND_RATE":null,"CURRENT_RATIO":1.478244714797,"COMMON_ACS":100000000000,"CURRENTDEBT_DEBT":88.430793087889,"ISSUED_COMMON_SHARES":4579188000,"HK_COMMON_SHARES":4579188000,"PER_SHARES":10000,"TOTAL_MARKET_CAP":1419548280,"HKSK_MARKET_CAP":1419548280,"PE_TTM":-3.890504063776,"PB_TTM":0.437771881084,"REPORT_DATE_SQ":"2019-06-30 00:00:00","REPORT_TYPE_SQ":"2019年中报","OPERATE_INCOME_SQ":409785000,"DPS_HKD":null,"OPERATE_INCOME_QOQ_SQ":-4.244558324069,"NET_PROFIT_RATIO_SQ":35.867833132,"HOLDER_PROFIT_SQ":146981000,"HOLDER_PROFIT_QOQ_SQ":-7.427597848406,"ROE_AVG_SQ":4.161748137519,"PE_TTM_SQ":-7.807152972062,"PB_TTM_SQ":0.312991718744,"ROA_SQ":2.863896569963,"START_DATE":"2020-01-01 00:00:00","FISCAL_YEAR":"12-31","CURRENCY":"HKD","IS_CNY_CODE":0,"DPS_HKD_LY":null,"ORG_TYPE":"一般企业","PREMIUM_INCOME":null,"PREMIUM_INCOME_YOY":null,"NET_INTEREST_INCOME":null,"NET_INTEREST_INCOME_YOY":null,"FEE_COMMISSION_INCOME":null,"FEE_COMMISSION_INCOME_YOY":null,"ACCOUNTS_RECE_TDAYS":0.776724663427,"INVENTORY_TDAYS":2.480390251884,"CURRENT_ASSETS_TDAYS":0.111083435374,"TOTAL_ASSETS_TDAYS":0.051961089187,"PREMIUM_EXPENSE":null,"LOAN_DEPOSIT":null,"LOAN_EQUITY":null,"LOAN_ASSETS":null,"DEPOSIT_EQUITY":null,"DEPOSIT_ASSETS":null,"EQUITY_MULTIPLIER":1.572810165236,"EQUITY_RATIO":0.572834355426}],"count":31},"success":true,"message":"ok","code":0}