{"version":"1af4d40c8db35fe3fb63c7514170dd71","result":{"pages":5,"data":[{"SECUCODE":"01116.HK","SECURITY_CODE":"01116","SECURITY_NAME_ABBR":"MAYER HOLDINGS","ORG_CODE":"10010495","STD_REPORT_DATE":"2022-06-30 00:00:00","REPORT_DATE":"2022-12-31 00:00:00","DATE_TYPE_CODE":"002","REPORT_TYPE":"2022年中报","PER_NETCASH_OPERATE":-0.015710843373,"PER_OI":0.122224745134,"BPS":0.192198331789,"BASIC_EPS":-0.0015,"DILUTED_EPS":-0.0015,"OPERATE_INCOME":263761000,"OPERATE_INCOME_YOY":-23.6084280646,"GROSS_PROFIT":33452000,"GROSS_PROFIT_YOY":-34.037938241906,"HOLDER_PROFIT":-3178000,"HOLDER_PROFIT_YOY":-254.2920847269,"GROSS_PROFIT_RATIO":12.682693802344,"EPS_TTM":-0.002898517146,"OPERATE_INCOME_QOQ":0,"NET_PROFIT_RATIO":-0.6589298645,"ROE_AVG":-0.761577025201,"GROSS_PROFIT_QOQ":0,"ROA":-0.390686227204,"HOLDER_PROFIT_QOQ":0,"ROE_YEARLY":-1.523154050401,"ROIC_YEARLY":-0.883288122026,"TOTAL_ASSETS":795893000,"TOTAL_LIABILITIES":315995000,"TAX_EBT":-665.638766519824,"OCF_SALES":-12.854061062856,"TOTAL_PARENT_EQUITY":414764000,"DEBT_ASSET_RATIO":39.7032013097,"OPERATE_PROFIT":2667000,"PRETAX_PROFIT":-227000,"NETCASH_OPERATE":-33904000,"NETCASH_INVEST":-3729000,"NETCASH_FINANCE":24513000,"END_CASH":25725000,"DIVI_RATIO":null,"DIVIDEND_RATE":null,"CURRENT_RATIO":1.666795360686,"COMMON_ACS":4000000000,"CURRENTDEBT_DEBT":100,"ISSUED_COMMON_SHARES":2158000000,"HK_COMMON_SHARES":2158000000,"PER_SHARES":10000,"TOTAL_MARKET_CAP":1834300000,"HKSK_MARKET_CAP":1834300000,"PE_TTM":-181.073618713522,"PB_TTM":3.950499949369,"REPORT_DATE_SQ":"2021-06-30 00:00:00","REPORT_TYPE_SQ":"2021年中报","OPERATE_INCOME_SQ":345275000,"DPS_HKD":null,"OPERATE_INCOME_QOQ_SQ":18.316262613747,"NET_PROFIT_RATIO_SQ":0.2487871986,"HOLDER_PROFIT_SQ":-897000,"HOLDER_PROFIT_QOQ_SQ":-17.541314494765,"ROE_AVG_SQ":-0.206748482519,"PE_TTM_SQ":-181.073618713522,"PB_TTM_SQ":3.950499949369,"ROA_SQ":-0.109912529477,"START_DATE":"2022-07-01 00:00:00","FISCAL_YEAR":"6-30","CURRENCY":"HKD","IS_CNY_CODE":0,"DPS_HKD_LY":null,"ORG_TYPE":"一般企业","PREMIUM_INCOME":null,"PREMIUM_INCOME_YOY":null,"NET_INTEREST_INCOME":null,"NET_INTEREST_INCOME_YOY":null,"FEE_COMMISSION_INCOME":null,"FEE_COMMISSION_INCOME_YOY":null,"ACCOUNTS_RECE_TDAYS":0.683050564351,"INVENTORY_TDAYS":2.215969172003,"CURRENT_ASSETS_TDAYS":0.485734727157,"TOTAL_ASSETS_TDAYS":0.324253587079,"PREMIUM_EXPENSE":null,"LOAN_DEPOSIT":null,"LOAN_EQUITY":null,"LOAN_ASSETS":null,"DEPOSIT_EQUITY":null,"DEPOSIT_ASSETS":null,"EQUITY_MULTIPLIER":1.65846284002,"EQUITY_RATIO":0.76186698942},{"SECUCODE":"01116.HK","SECURITY_CODE":"01116","SECURITY_NAME_ABBR":"MAYER HOLDINGS","ORG_CODE":"10010495","STD_REPORT_DATE":"2021-12-31 00:00:00","REPORT_DATE":"2021-12-31 00:00:00","DATE_TYPE_CODE":"001","REPORT_TYPE":"2021年年报","PER_NETCASH_OPERATE":-0.011766450417,"PER_OI":0.320554216867,"BPS":0.199304911956,"BASIC_EPS":-0.0029,"DILUTED_EPS":-0.0029,"OPERATE_INCOME":691756000,"OPERATE_INCOME_YOY":19.0400473575,"GROSS_PROFIT":94620000,"GROSS_PROFIT_YOY":-21.357746619347,"HOLDER_PROFIT":-6255000,"HOLDER_PROFIT_YOY":-139.4537656112,"GROSS_PROFIT_RATIO":13.678233365522,"EPS_TTM":-0.002898517146,"OPERATE_INCOME_QOQ":0.611737328194,"NET_PROFIT_RATIO":-0.3697835653,"ROE_AVG":-1.446025452822,"GROSS_PROFIT_QOQ":-28.792895845876,"ROA":-0.779160113978,"HOLDER_PROFIT_QOQ":-147.846706953262,"ROE_YEARLY":-1.446025452822,"ROIC_YEARLY":-0.886556864012,"TOTAL_ASSETS":761873000,"TOTAL_LIABILITIES":278359000,"TAX_EBT":203.983739837398,"OCF_SALES":-3.670658440259,"TOTAL_PARENT_EQUITY":419820000,"DEBT_ASSET_RATIO":40.7926468252,"OPERATE_PROFIT":17125000,"PRETAX_PROFIT":2460000,"NETCASH_OPERATE":-25392000,"NETCASH_INVEST":-14026000,"NETCASH_FINANCE":39852000,"END_CASH":34948000,"DIVI_RATIO":null,"DIVIDEND_RATE":null,"CURRENT_RATIO":1.650500907387,"COMMON_ACS":4000000000,"CURRENTDEBT_DEBT":100,"ISSUED_COMMON_SHARES":2158000000,"HK_COMMON_SHARES":2158000000,"PER_SHARES":10000,"TOTAL_MARKET_CAP":1834300000,"HKSK_MARKET_CAP":1834300000,"PE_TTM":-181.073618713522,"PB_TTM":3.950499949369,"REPORT_DATE_SQ":"2020-12-31 00:00:00","REPORT_TYPE_SQ":"2020年年报","OPERATE_INCOME_SQ":581112000,"DPS_HKD":null,"OPERATE_INCOME_QOQ_SQ":2.846038535939,"NET_PROFIT_RATIO_SQ":3.5586943653,"HOLDER_PROFIT_SQ":15854000,"HOLDER_PROFIT_QOQ_SQ":601.814962372731,"ROE_AVG_SQ":3.71708513377,"PE_TTM_SQ":-181.073618713522,"PB_TTM_SQ":3.950499949369,"ROA_SQ":2.036642609945,"START_DATE":"2021-01-01 00:00:00","FISCAL_YEAR":"12-31","CURRENCY":"HKD","IS_CNY_CODE":0,"DPS_HKD_LY":null,"ORG_TYPE":"一般企业","PREMIUM_INCOME":null,"PREMIUM_INCOME_YOY":null,"NET_INTEREST_INCOME":null,"NET_INTEREST_INCOME_YOY":null,"FEE_COMMISSION_INCOME":null,"FEE_COMMISSION_INCOME_YOY":null,"ACCOUNTS_RECE_TDAYS":1.838957379359,"INVENTORY_TDAYS":5.994950128757,"CURRENT_ASSETS_TDAYS":1.293872512345,"TOTAL_ASSETS_TDAYS":0.861692540056,"PREMIUM_EXPENSE":null,"LOAN_DEPOSIT":null,"LOAN_EQUITY":null,"LOAN_ASSETS":null,"DEPOSIT_EQUITY":null,"DEPOSIT_ASSETS":null,"EQUITY_MULTIPLIER":1.68897940269,"EQUITY_RATIO":0.663043685389},{"SECUCODE":"01116.HK","SECURITY_CODE":"01116","SECURITY_NAME_ABBR":"MAYER HOLDINGS","ORG_CODE":"10010495","STD_REPORT_DATE":"2021-06-30 00:00:00","REPORT_DATE":"2021-06-30 00:00:00","DATE_TYPE_CODE":"002","REPORT_TYPE":"2021年中报","PER_NETCASH_OPERATE":-0.01953892493,"PER_OI":0.15999768304,"BPS":0.200505560704,"BASIC_EPS":-0.0004,"DILUTED_EPS":-0.0004,"OPERATE_INCOME":345275000,"OPERATE_INCOME_YOY":44.5651218195,"GROSS_PROFIT":50714000,"GROSS_PROFIT_YOY":32.929674189405,"HOLDER_PROFIT":-897000,"HOLDER_PROFIT_YOY":-147.6114649682,"GROSS_PROFIT_RATIO":14.688002316994,"EPS_TTM":0.006057924004,"OPERATE_INCOME_QOQ":18.316262613747,"NET_PROFIT_RATIO":0.2487871986,"ROE_AVG":-0.206748482519,"GROSS_PROFIT_QOQ":10.441583483631,"ROA":-0.109912529477,"HOLDER_PROFIT_QOQ":-17.541314494765,"ROE_YEARLY":-0.413496965038,"ROIC_YEARLY":-0.246468690302,"TOTAL_ASSETS":857620000,"TOTAL_LIABILITIES":364964000,"TAX_EBT":80.987162461266,"OCF_SALES":-12.212004923612,"TOTAL_PARENT_EQUITY":432691000,"DEBT_ASSET_RATIO":42.5554441361,"OPERATE_PROFIT":11994000,"PRETAX_PROFIT":4518000,"NETCASH_OPERATE":-42165000,"NETCASH_INVEST":-5827000,"NETCASH_FINANCE":32541000,"END_CASH":18835000,"DIVI_RATIO":null,"DIVIDEND_RATE":null,"CURRENT_RATIO":1.618506351052,"COMMON_ACS":4000000000,"CURRENTDEBT_DEBT":99.917800111792,"ISSUED_COMMON_SHARES":2158000000,"HK_COMMON_SHARES":2158000000,"PER_SHARES":10000,"TOTAL_MARKET_CAP":1834300000,"HKSK_MARKET_CAP":1834300000,"PE_TTM":-181.073618713522,"PB_TTM":3.950499949369,"REPORT_DATE_SQ":"2020-06-30 00:00:00","REPORT_TYPE_SQ":"2020年中报","OPERATE_INCOME_SQ":238837000,"DPS_HKD":null,"OPERATE_INCOME_QOQ_SQ":-2.657393497526,"NET_PROFIT_RATIO_SQ":1.4650158895,"HOLDER_PROFIT_SQ":1884000,"HOLDER_PROFIT_QOQ_SQ":-31.998795906081,"ROE_AVG_SQ":0.450230312879,"PE_TTM_SQ":-181.073618713522,"PB_TTM_SQ":3.950499949369,"ROA_SQ":0.238827463637,"START_DATE":"2021-01-01 00:00:00","FISCAL_YEAR":"12-31","CURRENCY":"HKD","IS_CNY_CODE":0,"DPS_HKD_LY":null,"ORG_TYPE":"一般企业","PREMIUM_INCOME":null,"PREMIUM_INCOME_YOY":null,"NET_INTEREST_INCOME":null,"NET_INTEREST_INCOME_YOY":null,"FEE_COMMISSION_INCOME":null,"FEE_COMMISSION_INCOME_YOY":null,"ACCOUNTS_RECE_TDAYS":0.814762113768,"INVENTORY_TDAYS":3.021975316241,"CURRENT_ASSETS_TDAYS":0.62768085762,"TOTAL_ASSETS_TDAYS":0.423077465052,"PREMIUM_EXPENSE":null,"LOAN_DEPOSIT":null,"LOAN_EQUITY":null,"LOAN_ASSETS":null,"DEPOSIT_EQUITY":null,"DEPOSIT_ASSETS":null,"EQUITY_MULTIPLIER":1.740809002631,"EQUITY_RATIO":0.843474904724},{"SECUCODE":"01116.HK","SECURITY_CODE":"01116","SECURITY_NAME_ABBR":"MAYER HOLDINGS","ORG_CODE":"10010495","STD_REPORT_DATE":"2020-12-31 00:00:00","REPORT_DATE":"2020-12-31 00:00:00","DATE_TYPE_CODE":"001","REPORT_TYPE":"2020年年报","PER_NETCASH_OPERATE":-0.020660333642,"PER_OI":0.269282669138,"BPS":0.201589434662,"BASIC_EPS":0.0073,"DILUTED_EPS":0.0073,"OPERATE_INCOME":581112000,"OPERATE_INCOME_YOY":0.1130145954,"GROSS_PROFIT":120317000,"GROSS_PROFIT_YOY":84.091987086311,"HOLDER_PROFIT":15854000,"HOLDER_PROFIT_YOY":377.2426249247,"GROSS_PROFIT_RATIO":20.704614600972,"EPS_TTM":0.007346617238,"OPERATE_INCOME_QOQ":2.846038535939,"NET_PROFIT_RATIO":3.5586943653,"ROE_AVG":3.71708513377,"GROSS_PROFIT_QOQ":59.429949514357,"ROA":2.036642609945,"HOLDER_PROFIT_QOQ":601.814962372731,"ROE_YEARLY":3.71708513377,"ROIC_YEARLY":2.522455726956,"TOTAL_ASSETS":774587000,"TOTAL_LIABILITIES":279488000,"TAX_EBT":36.603310852238,"OCF_SALES":-7.67235920098,"TOTAL_PARENT_EQUITY":435030000,"DEBT_ASSET_RATIO":36.0821960606,"OPERATE_PROFIT":47663000,"PRETAX_PROFIT":32620000,"NETCASH_OPERATE":-44585000,"NETCASH_INVEST":-18633000,"NETCASH_FINANCE":-42165000,"END_CASH":37575000,"DIVI_RATIO":null,"DIVIDEND_RATE":null,"CURRENT_RATIO":1.830382300262,"COMMON_ACS":4000000000,"CURRENTDEBT_DEBT":99.683349553469,"ISSUED_COMMON_SHARES":2158000000,"HK_COMMON_SHARES":2158000000,"PER_SHARES":10000,"TOTAL_MARKET_CAP":1834300000,"HKSK_MARKET_CAP":1834300000,"PE_TTM":-181.073618713522,"PB_TTM":3.950499949369,"REPORT_DATE_SQ":"2019-12-31 00:00:00","REPORT_TYPE_SQ":"2019年年报","OPERATE_INCOME_SQ":580456000,"DPS_HKD":null,"OPERATE_INCOME_QOQ_SQ":19.429493193752,"NET_PROFIT_RATIO_SQ":1.3911476494,"HOLDER_PROFIT_SQ":3322000,"HOLDER_PROFIT_QOQ_SQ":108.043194034187,"ROE_AVG_SQ":0.882033935207,"PE_TTM_SQ":-181.073618713522,"PB_TTM_SQ":3.950499949369,"ROA_SQ":0.527612292318,"START_DATE":"2020-01-01 00:00:00","FISCAL_YEAR":"12-31","CURRENCY":"HKD","IS_CNY_CODE":0,"DPS_HKD_LY":null,"ORG_TYPE":"一般企业","PREMIUM_INCOME":null,"PREMIUM_INCOME_YOY":null,"NET_INTEREST_INCOME":null,"NET_INTEREST_INCOME_YOY":null,"FEE_COMMISSION_INCOME":null,"FEE_COMMISSION_INCOME_YOY":null,"ACCOUNTS_RECE_TDAYS":1.712633617145,"INVENTORY_TDAYS":5.412362355014,"CURRENT_ASSETS_TDAYS":1.125194959091,"TOTAL_ASSETS_TDAYS":0.746510319383,"PREMIUM_EXPENSE":null,"LOAN_DEPOSIT":null,"LOAN_EQUITY":null,"LOAN_ASSETS":null,"DEPOSIT_EQUITY":null,"DEPOSIT_ASSETS":null,"EQUITY_MULTIPLIER":1.564509320358,"EQUITY_RATIO":0.642456842057},{"SECUCODE":"01116.HK","SECURITY_CODE":"01116","SECURITY_NAME_ABBR":"MAYER HOLDINGS","ORG_CODE":"10010495","STD_REPORT_DATE":"2020-06-30 00:00:00","REPORT_DATE":"2020-06-30 00:00:00","DATE_TYPE_CODE":"002","REPORT_TYPE":"2020年中报","PER_NETCASH_OPERATE":-0.022027803522,"PER_OI":0.110675162187,"BPS":0.194115384615,"BASIC_EPS":0.0009,"DILUTED_EPS":0.0009,"OPERATE_INCOME":238837000,"OPERATE_INCOME_YOY":-6.0665769954,"GROSS_PROFIT":38151000,"GROSS_PROFIT_YOY":36.05434898898,"HOLDER_PROFIT":1884000,"HOLDER_PROFIT_YOY":-36.0705802511,"GROSS_PROFIT_RATIO":15.973655673116,"EPS_TTM":0.001046802595,"OPERATE_INCOME_QOQ":-2.657393497526,"NET_PROFIT_RATIO":1.4650158895,"ROE_AVG":0.450230312879,"GROSS_PROFIT_QOQ":15.46888627079,"ROA":0.238827463637,"HOLDER_PROFIT_QOQ":-31.998795906081,"ROE_YEARLY":0.900460625758,"ROIC_YEARLY":0.615843254163,"TOTAL_ASSETS":795419000,"TOTAL_LIABILITIES":319122000,"TAX_EBT":34.695782008212,"OCF_SALES":-19.903113839146,"TOTAL_PARENT_EQUITY":418901000,"DEBT_ASSET_RATIO":40.119987076,"OPERATE_PROFIT":13446000,"PRETAX_PROFIT":5358000,"NETCASH_OPERATE":-47536000,"NETCASH_INVEST":-3645000,"NETCASH_FINANCE":-1907000,"END_CASH":94421000,"DIVI_RATIO":null,"DIVIDEND_RATE":null,"CURRENT_RATIO":2.87874993955,"COMMON_ACS":4000000000,"CURRENTDEBT_DEBT":58.317195304617,"ISSUED_COMMON_SHARES":2158000000,"HK_COMMON_SHARES":2158000000,"PER_SHARES":10000,"TOTAL_MARKET_CAP":1834300000,"HKSK_MARKET_CAP":1834300000,"PE_TTM":-181.073618713522,"PB_TTM":3.950499949369,"REPORT_DATE_SQ":"2019-06-30 00:00:00","REPORT_TYPE_SQ":"2019年中报","OPERATE_INCOME_SQ":254262000,"DPS_HKD":null,"OPERATE_INCOME_QOQ_SQ":14.050250029919,"NET_PROFIT_RATIO_SQ":1.8807371923,"HOLDER_PROFIT_SQ":2947000,"HOLDER_PROFIT_QOQ_SQ":15.60169197131,"ROE_AVG_SQ":0.877367955676,"PE_TTM_SQ":-181.073618713522,"PB_TTM_SQ":3.950499949369,"ROA_SQ":0.599817632644,"START_DATE":"2020-01-01 00:00:00","FISCAL_YEAR":"12-31","CURRENCY":"HKD","IS_CNY_CODE":0,"DPS_HKD_LY":null,"ORG_TYPE":"一般企业","PREMIUM_INCOME":null,"PREMIUM_INCOME_YOY":null,"NET_INTEREST_INCOME":null,"NET_INTEREST_INCOME_YOY":null,"FEE_COMMISSION_INCOME":null,"FEE_COMMISSION_INCOME_YOY":null,"ACCOUNTS_RECE_TDAYS":0.7324592004,"INVENTORY_TDAYS":2.422149672015,"CURRENT_ASSETS_TDAYS":0.45118791578,"TOTAL_ASSETS_TDAYS":0.302764516628,"PREMIUM_EXPENSE":null,"LOAN_DEPOSIT":null,"LOAN_EQUITY":null,"LOAN_ASSETS":null,"DEPOSIT_EQUITY":null,"DEPOSIT_ASSETS":null,"EQUITY_MULTIPLIER":1.670006319586,"EQUITY_RATIO":0.761807682483},{"SECUCODE":"01116.HK","SECURITY_CODE":"01116","SECURITY_NAME_ABBR":"MAYER HOLDINGS","ORG_CODE":"10010495","STD_REPORT_DATE":"2019-12-31 00:00:00","REPORT_DATE":"2019-12-31 00:00:00","DATE_TYPE_CODE":"001","REPORT_TYPE":"2019年年报","PER_NETCASH_OPERATE":-0.029741890639,"PER_OI":0.268978683967,"BPS":0.193699721965,"BASIC_EPS":0.0019,"DILUTED_EPS":0.0019,"OPERATE_INCOME":580456000,"OPERATE_INCOME_YOY":36.2096355969,"GROSS_PROFIT":65357000,"GROSS_PROFIT_YOY":25.759091783721,"HOLDER_PROFIT":3322000,"HOLDER_PROFIT_YOY":106.7883196763,"GROSS_PROFIT_RATIO":11.25959590391,"EPS_TTM":0.001539388323,"OPERATE_INCOME_QOQ":19.429493193752,"NET_PROFIT_RATIO":1.3911476494,"ROE_AVG":0.882033935207,"GROSS_PROFIT_QOQ":10.738914586828,"ROA":0.527612292318,"HOLDER_PROFIT_QOQ":108.043194034187,"ROE_YEARLY":0.882033935207,"ROIC_YEARLY":0.799172440339,"TOTAL_ASSETS":782289000,"TOTAL_LIABILITIES":308504000,"TAX_EBT":20.357037183154,"OCF_SALES":-11.057341124909,"TOTAL_PARENT_EQUITY":418004000,"DEBT_ASSET_RATIO":39.4360651882,"OPERATE_PROFIT":12951000,"PRETAX_PROFIT":10139000,"NETCASH_OPERATE":-64183000,"NETCASH_INVEST":-22925000,"NETCASH_FINANCE":55565000,"END_CASH":146422000,"DIVI_RATIO":null,"DIVIDEND_RATE":null,"CURRENT_RATIO":2.85173107649,"COMMON_ACS":4000000000,"CURRENTDEBT_DEBT":59.442665249073,"ISSUED_COMMON_SHARES":2158000000,"HK_COMMON_SHARES":2158000000,"PER_SHARES":10000,"TOTAL_MARKET_CAP":1834300000,"HKSK_MARKET_CAP":1834300000,"PE_TTM":-181.073618713522,"PB_TTM":3.950499949369,"REPORT_DATE_SQ":"2018-12-31 00:00:00","REPORT_TYPE_SQ":"2018年年报","OPERATE_INCOME_SQ":426149000,"DPS_HKD":null,"OPERATE_INCOME_QOQ_SQ":9.012933724892,"NET_PROFIT_RATIO_SQ":-12.531767058,"HOLDER_PROFIT_SQ":-48937000,"HOLDER_PROFIT_QOQ_SQ":-234.520473033017,"ROE_AVG_SQ":-18.748335858678,"PE_TTM_SQ":-181.073618713522,"PB_TTM_SQ":3.950499949369,"ROA_SQ":-11.417885461836,"START_DATE":"2019-01-01 00:00:00","FISCAL_YEAR":"12-31","CURRENCY":"HKD","IS_CNY_CODE":0,"DPS_HKD_LY":null,"ORG_TYPE":"一般企业","PREMIUM_INCOME":null,"PREMIUM_INCOME_YOY":null,"NET_INTEREST_INCOME":null,"NET_INTEREST_INCOME_YOY":null,"FEE_COMMISSION_INCOME":null,"FEE_COMMISSION_INCOME_YOY":null,"ACCOUNTS_RECE_TDAYS":2.369967520205,"INVENTORY_TDAYS":6.780116358658,"CURRENT_ASSETS_TDAYS":1.204075705905,"TOTAL_ASSETS_TDAYS":0.921901627784,"PREMIUM_EXPENSE":null,"LOAN_DEPOSIT":null,"LOAN_EQUITY":null,"LOAN_ASSETS":null,"DEPOSIT_EQUITY":null,"DEPOSIT_ASSETS":null,"EQUITY_MULTIPLIER":1.651147672468,"EQUITY_RATIO":0.738040784299},{"SECUCODE":"01116.HK","SECURITY_CODE":"01116","SECURITY_NAME_ABBR":"MAYER HOLDINGS","ORG_CODE":"10010495","STD_REPORT_DATE":"2019-06-30 00:00:00","REPORT_DATE":"2019-06-30 00:00:00","DATE_TYPE_CODE":"002","REPORT_TYPE":"2019年中报","PER_NETCASH_OPERATE":-0.048926201373,"PER_OI":0.145458810069,"BPS":0.155943929564,"BASIC_EPS":0.0017,"DILUTED_EPS":0.0017,"OPERATE_INCOME":254262000,"OPERATE_INCOME_YOY":30.801956921,"GROSS_PROFIT":28041000,"GROSS_PROFIT_YOY":33.579458841463,"HOLDER_PROFIT":2947000,"HOLDER_PROFIT_YOY":162.8626279863,"GROSS_PROFIT_RATIO":11.028388040682,"EPS_TTM":-0.023628146453,"OPERATE_INCOME_QOQ":14.050250029919,"NET_PROFIT_RATIO":1.8807371923,"ROE_AVG":0.877367955676,"GROSS_PROFIT_QOQ":13.563594381374,"ROA":0.599817632644,"HOLDER_PROFIT_QOQ":15.60169197131,"ROE_YEARLY":1.754735911352,"ROIC_YEARLY":1.964385104802,"TOTAL_ASSETS":505663000,"TOTAL_LIABILITIES":116273000,"TAX_EBT":26.690173233175,"OCF_SALES":-33.635777269116,"TOTAL_PARENT_EQUITY":336527000,"DEBT_ASSET_RATIO":22.9941680526,"OPERATE_PROFIT":7251000,"PRETAX_PROFIT":6523000,"NETCASH_OPERATE":-85523000,"NETCASH_INVEST":-2092000,"NETCASH_FINANCE":18604000,"END_CASH":103988000,"DIVI_RATIO":null,"DIVIDEND_RATE":null,"CURRENT_RATIO":4.036723916988,"COMMON_ACS":4000000000,"CURRENTDEBT_DEBT":100,"ISSUED_COMMON_SHARES":2158000000,"HK_COMMON_SHARES":2158000000,"PER_SHARES":10000,"TOTAL_MARKET_CAP":1834300000,"HKSK_MARKET_CAP":1834300000,"PE_TTM":-181.073618713522,"PB_TTM":3.950499949369,"REPORT_DATE_SQ":"2018-06-30 00:00:00","REPORT_TYPE_SQ":"2018年中报","OPERATE_INCOME_SQ":194387000,"DPS_HKD":null,"OPERATE_INCOME_QOQ_SQ":6.485575050326,"NET_PROFIT_RATIO_SQ":-1.5361109539,"HOLDER_PROFIT_SQ":-4688000,"HOLDER_PROFIT_QOQ_SQ":-0.157469533069,"ROE_AVG_SQ":-2.543278594253,"PE_TTM_SQ":-181.073618713522,"PB_TTM_SQ":3.950499949369,"ROA_SQ":-1.208386013344,"START_DATE":"2019-01-01 00:00:00","FISCAL_YEAR":"12-31","CURRENCY":"HKD","IS_CNY_CODE":0,"DPS_HKD_LY":null,"ORG_TYPE":"一般企业","PREMIUM_INCOME":null,"PREMIUM_INCOME_YOY":null,"NET_INTEREST_INCOME":null,"NET_INTEREST_INCOME_YOY":null,"FEE_COMMISSION_INCOME":null,"FEE_COMMISSION_INCOME_YOY":null,"ACCOUNTS_RECE_TDAYS":1.079879721729,"INVENTORY_TDAYS":2.832790703499,"CURRENT_ASSETS_TDAYS":0.558476972835,"TOTAL_ASSETS_TDAYS":0.517512151039,"PREMIUM_EXPENSE":null,"LOAN_DEPOSIT":null,"LOAN_EQUITY":null,"LOAN_ASSETS":null,"DEPOSIT_EQUITY":null,"DEPOSIT_ASSETS":null,"EQUITY_MULTIPLIER":1.298602943064,"EQUITY_RATIO":0.345508681324},{"SECUCODE":"01116.HK","SECURITY_CODE":"01116","SECURITY_NAME_ABBR":"MAYER HOLDINGS","ORG_CODE":"10010495","STD_REPORT_DATE":"2018-12-31 00:00:00","REPORT_DATE":"2018-12-31 00:00:00","DATE_TYPE_CODE":"001","REPORT_TYPE":"2018年年报","PER_NETCASH_OPERATE":-0.055595537757,"PER_OI":0.243792334096,"BPS":0.155354494903,"BASIC_EPS":-0.0815,"DILUTED_EPS":-0.0815,"OPERATE_INCOME":426149000,"OPERATE_INCOME_YOY":16.0830493562,"GROSS_PROFIT":51970000,"GROSS_PROFIT_YOY":19.696899903266,"HOLDER_PROFIT":-48937000,"HOLDER_PROFIT_YOY":-235.0472408599,"GROSS_PROFIT_RATIO":12.195265036408,"EPS_TTM":-0.027995995423,"OPERATE_INCOME_QOQ":9.012933724892,"NET_PROFIT_RATIO":-12.531767058,"ROE_AVG":-18.748335858678,"GROSS_PROFIT_QOQ":24.223157089588,"ROA":-11.417885461836,"HOLDER_PROFIT_QOQ":-234.520473033017,"ROE_YEARLY":-18.748335858678,"ROIC_YEARLY":-17.96868689094,"TOTAL_ASSETS":476969000,"TOTAL_LIABILITIES":90686000,"TAX_EBT":-2.167549884257,"OCF_SALES":-22.804465104928,"TOTAL_PARENT_EQUITY":335255000,"DEBT_ASSET_RATIO":19.0129756861,"OPERATE_PROFIT":-48888000,"PRETAX_PROFIT":-52271000,"NETCASH_OPERATE":-97181000,"NETCASH_INVEST":23485000,"NETCASH_FINANCE":224245000,"END_CASH":174667000,"DIVI_RATIO":null,"DIVIDEND_RATE":null,"CURRENT_RATIO":4.865061861809,"COMMON_ACS":4000000000,"CURRENTDEBT_DEBT":100,"ISSUED_COMMON_SHARES":2158000000,"HK_COMMON_SHARES":2158000000,"PER_SHARES":10000,"TOTAL_MARKET_CAP":1834300000,"HKSK_MARKET_CAP":1834300000,"PE_TTM":-181.073618713522,"PB_TTM":3.950499949369,"REPORT_DATE_SQ":"2017-12-31 00:00:00","REPORT_TYPE_SQ":"2017年年报","OPERATE_INCOME_SQ":367107000,"DPS_HKD":null,"OPERATE_INCOME_QOQ_SQ":-3.600660681321,"NET_PROFIT_RATIO_SQ":-3.5523702899,"HOLDER_PROFIT_SQ":-14606000,"HOLDER_PROFIT_QOQ_SQ":-262.361049355269,"ROE_AVG_SQ":-8.545518371168,"PE_TTM_SQ":-181.073618713522,"PB_TTM_SQ":3.950499949369,"ROA_SQ":-3.892924584248,"START_DATE":"2018-01-01 00:00:00","FISCAL_YEAR":"12-31","CURRENCY":"HKD","IS_CNY_CODE":0,"DPS_HKD_LY":null,"ORG_TYPE":"一般企业","PREMIUM_INCOME":null,"PREMIUM_INCOME_YOY":null,"NET_INTEREST_INCOME":null,"NET_INTEREST_INCOME_YOY":null,"FEE_COMMISSION_INCOME":null,"FEE_COMMISSION_INCOME_YOY":null,"ACCOUNTS_RECE_TDAYS":2.531808838033,"INVENTORY_TDAYS":6.193786002781,"CURRENT_ASSETS_TDAYS":1.281231115213,"TOTAL_ASSETS_TDAYS":0.99428254116,"PREMIUM_EXPENSE":null,"LOAN_DEPOSIT":null,"LOAN_EQUITY":null,"LOAN_ASSETS":null,"DEPOSIT_EQUITY":null,"DEPOSIT_ASSETS":null,"EQUITY_MULTIPLIER":1.234765702866,"EQUITY_RATIO":0.270498575711},{"SECUCODE":"01116.HK","SECURITY_CODE":"01116","SECURITY_NAME_ABBR":"MAYER HOLDINGS","ORG_CODE":"10010495","STD_REPORT_DATE":"2018-06-30 00:00:00","REPORT_DATE":"2018-06-30 00:00:00","DATE_TYPE_CODE":"002","REPORT_TYPE":"2018年中报","PER_NETCASH_OPERATE":-0.014143504004,"PER_OI":0.209567292696,"BPS":0.084278035218,"BASIC_EPS":-0.0101,"DILUTED_EPS":-0.0101,"OPERATE_INCOME":194387000,"OPERATE_INCOME_YOY":13.9578374702,"GROSS_PROFIT":20992000,"GROSS_PROFIT_YOY":-7.008062372641,"HOLDER_PROFIT":-4688000,"HOLDER_PROFIT_YOY":-0.4930332262,"GROSS_PROFIT_RATIO":10.799076069902,"EPS_TTM":-0.015771424657,"OPERATE_INCOME_QOQ":6.485575050326,"NET_PROFIT_RATIO":-1.5361109539,"ROE_AVG":-2.543278594253,"GROSS_PROFIT_QOQ":-3.643650099037,"ROA":-1.208386013344,"HOLDER_PROFIT_QOQ":-0.157469533069,"ROE_YEARLY":-5.086557188505,"ROIC_YEARLY":-3.084327203167,"TOTAL_ASSETS":395681000,"TOTAL_LIABILITIES":156367000,"TAX_EBT":-125.358490566038,"OCF_SALES":-6.748908105995,"TOTAL_PARENT_EQUITY":181872000,"DEBT_ASSET_RATIO":39.5184504689,"OPERATE_PROFIT":null,"PRETAX_PROFIT":-1325000,"NETCASH_OPERATE":-13119000,"NETCASH_INVEST":120000,"NETCASH_FINANCE":6878000,"END_CASH":23680000,"DIVI_RATIO":null,"DIVIDEND_RATE":null,"CURRENT_RATIO":1.685521111667,"COMMON_ACS":4000000000,"CURRENTDEBT_DEBT":90.710316115293,"ISSUED_COMMON_SHARES":2158000000,"HK_COMMON_SHARES":2158000000,"PER_SHARES":10000,"TOTAL_MARKET_CAP":1834300000,"HKSK_MARKET_CAP":1834300000,"PE_TTM":-181.073618713522,"PB_TTM":3.950499949369,"REPORT_DATE_SQ":"2017-06-30 00:00:00","REPORT_TYPE_SQ":"2017年中报","OPERATE_INCOME_SQ":170578000,"DPS_HKD":null,"OPERATE_INCOME_QOQ_SQ":-2.021982206351,"NET_PROFIT_RATIO_SQ":-2.5718439658,"HOLDER_PROFIT_SQ":-4665000,"HOLDER_PROFIT_QOQ_SQ":-39.318718381113,"ROE_AVG_SQ":-3.041901954903,"PE_TTM_SQ":-181.073618713522,"PB_TTM_SQ":3.950499949369,"ROA_SQ":-1.314339970304,"START_DATE":"2018-01-01 00:00:00","FISCAL_YEAR":"12-31","CURRENCY":"HKD","IS_CNY_CODE":0,"DPS_HKD_LY":null,"ORG_TYPE":"一般企业","PREMIUM_INCOME":null,"PREMIUM_INCOME_YOY":null,"NET_INTEREST_INCOME":null,"NET_INTEREST_INCOME_YOY":null,"FEE_COMMISSION_INCOME":null,"FEE_COMMISSION_INCOME_YOY":null,"ACCOUNTS_RECE_TDAYS":1.367131785127,"INVENTORY_TDAYS":2.819155854713,"CURRENT_ASSETS_TDAYS":0.839501534223,"TOTAL_ASSETS_TDAYS":0.501054889027,"PREMIUM_EXPENSE":null,"LOAN_DEPOSIT":null,"LOAN_EQUITY":null,"LOAN_ASSETS":null,"DEPOSIT_EQUITY":null,"DEPOSIT_ASSETS":null,"EQUITY_MULTIPLIER":1.653396792498,"EQUITY_RATIO":0.859764009853}],"count":39},"success":true,"message":"ok","code":0}