{"version":"f9e1c2c191feb1ddd8659ce5af56a915","result":{"pages":4,"data":[{"SECUCODE":"01112.HK","SECURITY_CODE":"01112","SECURITY_NAME_ABBR":"H\u0026H国际控股","ORG_CODE":"10157837","STD_REPORT_DATE":"2024-06-30 00:00:00","REPORT_DATE":"2024-06-30 00:00:00","DATE_TYPE_CODE":"002","REPORT_TYPE":"2024年中报","PER_NETCASH_OPERATE":1.630425974972,"PER_OI":10.366376423456,"BPS":10.006466403192,"BASIC_EPS":0.48,"DILUTED_EPS":0.48,"OPERATE_INCOME":6692132000,"OPERATE_INCOME_YOY":-4.1358299164,"GROSS_PROFIT":4072294000,"GROSS_PROFIT_YOY":-4.461100504264,"HOLDER_PROFIT":305803000,"HOLDER_PROFIT_YOY":-49.7046120649,"GROSS_PROFIT_RATIO":60.851967653955,"EPS_TTM":0.433164095507,"OPERATE_INCOME_QOQ":-2.07314559971,"NET_PROFIT_RATIO":4.5695900798,"ROE_AVG":4.79502488904,"GROSS_PROFIT_QOQ":-2.292574523863,"ROA":1.514837897217,"HOLDER_PROFIT_QOQ":-51.940121510024,"ROE_YEARLY":9.590049778079,"ROIC_YEARLY":3.339283124752,"TOTAL_ASSETS":20332383000,"TOTAL_LIABILITIES":13872595000,"TAX_EBT":41.633854322736,"OCF_SALES":15.728022101178,"TOTAL_PARENT_EQUITY":6459788000,"DEBT_ASSET_RATIO":68.2290659191,"OPERATE_PROFIT":969859000,"PRETAX_PROFIT":523939000,"NETCASH_OPERATE":1052540000,"NETCASH_INVEST":8389000,"NETCASH_FINANCE":-86704000,"END_CASH":2379094000,"DIVI_RATIO":1.008679169237,"DIVIDEND_RATE":5.369127516779,"CURRENT_RATIO":0.621108605171,"COMMON_ACS":10000000000,"CURRENTDEBT_DEBT":66.384335446973,"ISSUED_COMMON_SHARES":645561354,"HK_COMMON_SHARES":645561354,"PER_SHARES":500,"TOTAL_MARKET_CAP":5771318504.76,"HKSK_MARKET_CAP":5771318504.76,"PE_TTM":18.168677352288,"PB_TTM":0.815408643894,"REPORT_DATE_SQ":"2023-06-30 00:00:00","REPORT_TYPE_SQ":"2023年中报","OPERATE_INCOME_SQ":6980848000,"DPS_HKD":0.48,"OPERATE_INCOME_QOQ_SQ":8.026048077656,"NET_PROFIT_RATIO_SQ":8.7097441457,"HOLDER_PROFIT_SQ":608014000,"HOLDER_PROFIT_QOQ_SQ":21.723552305311,"ROE_AVG_SQ":9.497017216462,"PE_TTM_SQ":8.724448983027,"PB_TTM_SQ":0.952316883058,"ROA_SQ":2.872210412156,"START_DATE":"2024-01-01 00:00:00","FISCAL_YEAR":"12-31","CURRENCY":"HKD","IS_CNY_CODE":0,"DPS_HKD_LY":0.48,"ORG_TYPE":"一般企业","PREMIUM_INCOME":null,"PREMIUM_INCOME_YOY":null,"NET_INTEREST_INCOME":null,"NET_INTEREST_INCOME_YOY":null,"FEE_COMMISSION_INCOME":null,"FEE_COMMISSION_INCOME_YOY":null,"ACCOUNTS_RECE_TDAYS":6.330142784848,"INVENTORY_TDAYS":1.231756939581,"CURRENT_ASSETS_TDAYS":1.233194008992,"TOTAL_ASSETS_TDAYS":0.331504111038,"PREMIUM_EXPENSE":null,"LOAN_DEPOSIT":null,"LOAN_EQUITY":null,"LOAN_ASSETS":null,"DEPOSIT_EQUITY":null,"DEPOSIT_ASSETS":null,"EQUITY_MULTIPLIER":3.147531002562,"EQUITY_RATIO":2.147531002565},{"SECUCODE":"01112.HK","SECURITY_CODE":"01112","SECURITY_NAME_ABBR":"H\u0026H国际控股","ORG_CODE":"10157837","STD_REPORT_DATE":"2023-12-31 00:00:00","REPORT_DATE":"2023-12-31 00:00:00","DATE_TYPE_CODE":"001","REPORT_TYPE":"2023年年报","PER_NETCASH_OPERATE":1.699015892454,"PER_OI":21.572651326957,"BPS":9.751550276351,"BASIC_EPS":0.91,"DILUTED_EPS":0.9,"OPERATE_INCOME":13926470000,"OPERATE_INCOME_YOY":9.0056648785,"GROSS_PROFIT":8294256000,"GROSS_PROFIT_YOY":7.668837804382,"HOLDER_PROFIT":581845000,"HOLDER_PROFIT_YOY":-4.893565202,"GROSS_PROFIT_RATIO":59.557490160823,"EPS_TTM":0.901300854512,"OPERATE_INCOME_QOQ":0.906833877786,"NET_PROFIT_RATIO":4.1779790571,"ROE_AVG":9.356619726645,"GROSS_PROFIT_QOQ":0.239157398295,"ROA":2.837922550655,"HOLDER_PROFIT_QOQ":-21.866858962996,"ROE_YEARLY":9.356619726645,"ROIC_YEARLY":3.116716338505,"TOTAL_ASSETS":20041970000,"TOTAL_LIABILITIES":13746746000,"TAX_EBT":37.677404290051,"OCF_SALES":7.875786182715,"TOTAL_PARENT_EQUITY":6295224000,"DEBT_ASSET_RATIO":68.5897943166,"OPERATE_PROFIT":1724276000,"PRETAX_PROFIT":933602000,"NETCASH_OPERATE":1096819000,"NETCASH_INVEST":-52071000,"NETCASH_FINANCE":-1994607000,"END_CASH":1364283000,"DIVI_RATIO":0.484769983089,"DIVIDEND_RATE":5.0901378579,"CURRENT_RATIO":0.608137076424,"COMMON_ACS":10000000000,"CURRENTDEBT_DEBT":61.404997226253,"ISSUED_COMMON_SHARES":645561354,"HK_COMMON_SHARES":645561354,"PER_SHARES":500,"TOTAL_MARKET_CAP":6087643568.22,"HKSK_MARKET_CAP":6087643568.22,"PE_TTM":19.16449971276,"PB_TTM":0.860101063973,"REPORT_DATE_SQ":"2022-12-31 00:00:00","REPORT_TYPE_SQ":"2022年年报","OPERATE_INCOME_SQ":12775914000,"DPS_HKD":0.48,"OPERATE_INCOME_QOQ_SQ":5.770053560938,"NET_PROFIT_RATIO_SQ":4.7885654208,"HOLDER_PROFIT_SQ":611783000,"HOLDER_PROFIT_QOQ_SQ":26.861976223605,"ROE_AVG_SQ":10.173459984623,"PE_TTM_SQ":8.740817555227,"PB_TTM_SQ":0.954103593908,"ROA_SQ":2.966596590715,"START_DATE":"2023-01-01 00:00:00","FISCAL_YEAR":"12-31","CURRENCY":"HKD","IS_CNY_CODE":0,"DPS_HKD_LY":0.82,"ORG_TYPE":"一般企业","PREMIUM_INCOME":null,"PREMIUM_INCOME_YOY":null,"NET_INTEREST_INCOME":null,"NET_INTEREST_INCOME_YOY":null,"FEE_COMMISSION_INCOME":null,"FEE_COMMISSION_INCOME_YOY":null,"ACCOUNTS_RECE_TDAYS":15.225968332235,"INVENTORY_TDAYS":2.269909009608,"CURRENT_ASSETS_TDAYS":2.533739525776,"TOTAL_ASSETS_TDAYS":0.679257246587,"PREMIUM_EXPENSE":null,"LOAN_DEPOSIT":null,"LOAN_EQUITY":null,"LOAN_ASSETS":null,"DEPOSIT_EQUITY":null,"DEPOSIT_ASSETS":null,"EQUITY_MULTIPLIER":3.183678610957,"EQUITY_RATIO":2.18367861096},{"SECUCODE":"01112.HK","SECURITY_CODE":"01112","SECURITY_NAME_ABBR":"H\u0026H国际控股","ORG_CODE":"10157837","STD_REPORT_DATE":"2023-06-30 00:00:00","REPORT_DATE":"2023-06-30 00:00:00","DATE_TYPE_CODE":"002","REPORT_TYPE":"2023年中报","PER_NETCASH_OPERATE":0.03418575146,"PER_OI":10.813608895182,"BPS":10.320416423193,"BASIC_EPS":0.95,"DILUTED_EPS":0.95,"OPERATE_INCOME":6980848000,"OPERATE_INCOME_YOY":17.2178679451,"GROSS_PROFIT":4262446000,"GROSS_PROFIT_YOY":15.467536348016,"HOLDER_PROFIT":608014000,"HOLDER_PROFIT_YOY":27.9725033834,"GROSS_PROFIT_RATIO":61.059143530987,"EPS_TTM":1.153544888314,"OPERATE_INCOME_QOQ":8.026048077656,"NET_PROFIT_RATIO":8.7097441457,"ROE_AVG":9.497017216462,"GROSS_PROFIT_QOQ":7.411954169332,"ROA":2.872210412156,"HOLDER_PROFIT_QOQ":21.723552305311,"ROE_YEARLY":18.994034432924,"ROIC_YEARLY":6.417657101394,"TOTAL_ASSETS":21374681000,"TOTAL_LIABILITIES":14712219000,"TAX_EBT":32.678663170762,"OCF_SALES":0.316136377701,"TOTAL_PARENT_EQUITY":6662462000,"DEBT_ASSET_RATIO":68.830121956,"OPERATE_PROFIT":1261231000,"PRETAX_PROFIT":903152000,"NETCASH_OPERATE":22069000,"NETCASH_INVEST":-19309000,"NETCASH_FINANCE":-205657000,"END_CASH":2137724000,"DIVI_RATIO":0.378766014592,"DIVIDEND_RATE":5.0901378579,"CURRENT_RATIO":1.206353726232,"COMMON_ACS":10000000000,"CURRENTDEBT_DEBT":34.68324526708,"ISSUED_COMMON_SHARES":645561354,"HK_COMMON_SHARES":645561354,"PER_SHARES":500,"TOTAL_MARKET_CAP":6087643568.22,"HKSK_MARKET_CAP":6087643568.22,"PE_TTM":19.16449971276,"PB_TTM":0.860101063973,"REPORT_DATE_SQ":"2022-06-30 00:00:00","REPORT_TYPE_SQ":"2022年中报","OPERATE_INCOME_SQ":5955447000,"DPS_HKD":0.48,"OPERATE_INCOME_QOQ_SQ":4.599368279308,"NET_PROFIT_RATIO_SQ":7.9777890728,"HOLDER_PROFIT_SQ":475113000,"HOLDER_PROFIT_QOQ_SQ":-5.160634356243,"ROE_AVG_SQ":7.911388874504,"PE_TTM_SQ":8.740817555227,"PB_TTM_SQ":0.954103593908,"ROA_SQ":2.36432158691,"START_DATE":"2023-01-01 00:00:00","FISCAL_YEAR":"12-31","CURRENCY":"HKD","IS_CNY_CODE":0,"DPS_HKD_LY":0.82,"ORG_TYPE":"一般企业","PREMIUM_INCOME":null,"PREMIUM_INCOME_YOY":null,"NET_INTEREST_INCOME":null,"NET_INTEREST_INCOME_YOY":null,"FEE_COMMISSION_INCOME":null,"FEE_COMMISSION_INCOME_YOY":null,"ACCOUNTS_RECE_TDAYS":8.116024119568,"INVENTORY_TDAYS":1.031571553555,"CURRENT_ASSETS_TDAYS":1.162017303299,"TOTAL_ASSETS_TDAYS":0.329769780158,"PREMIUM_EXPENSE":null,"LOAN_DEPOSIT":null,"LOAN_EQUITY":null,"LOAN_ASSETS":null,"DEPOSIT_EQUITY":null,"DEPOSIT_ASSETS":null,"EQUITY_MULTIPLIER":3.208225577875,"EQUITY_RATIO":2.208225577872},{"SECUCODE":"01112.HK","SECURITY_CODE":"01112","SECURITY_NAME_ABBR":"H\u0026H国际控股","ORG_CODE":"10157837","STD_REPORT_DATE":"2022-12-31 00:00:00","REPORT_DATE":"2022-12-31 00:00:00","DATE_TYPE_CODE":"001","REPORT_TYPE":"2022年年报","PER_NETCASH_OPERATE":2.276023790606,"PER_OI":19.790394701973,"BPS":9.513972547991,"BASIC_EPS":0.96,"DILUTED_EPS":0.95,"OPERATE_INCOME":12775914000,"OPERATE_INCOME_YOY":10.6348078534,"GROSS_PROFIT":7703488000,"GROSS_PROFIT_YOY":6.284590662615,"HOLDER_PROFIT":611783000,"HOLDER_PROFIT_YOY":20.3150934936,"GROSS_PROFIT_RATIO":60.29696192382,"EPS_TTM":0.947675997346,"OPERATE_INCOME_QOQ":5.770053560938,"NET_PROFIT_RATIO":4.7885654208,"ROE_AVG":10.173459984623,"GROSS_PROFIT_QOQ":2.484973459098,"ROA":2.966596590715,"HOLDER_PROFIT_QOQ":26.861976223605,"ROE_YEARLY":10.173459984623,"ROIC_YEARLY":3.34847046781,"TOTAL_ASSETS":20963025000,"TOTAL_LIABILITIES":14821172000,"TAX_EBT":40.6572311823,"OCF_SALES":11.500648798982,"TOTAL_PARENT_EQUITY":6141853000,"DEBT_ASSET_RATIO":70.7014946555,"OPERATE_PROFIT":1578223000,"PRETAX_PROFIT":1030931000,"NETCASH_OPERATE":1469313000,"NETCASH_INVEST":-104876000,"NETCASH_FINANCE":-1489801000,"END_CASH":2297660000,"DIVI_RATIO":0.461047447887,"DIVIDEND_RATE":5.0901378579,"CURRENT_RATIO":1.14110078068,"COMMON_ACS":10000000000,"CURRENTDEBT_DEBT":34.645593479382,"ISSUED_COMMON_SHARES":645561354,"HK_COMMON_SHARES":645561354,"PER_SHARES":500,"TOTAL_MARKET_CAP":6087643568.22,"HKSK_MARKET_CAP":6087643568.22,"PE_TTM":19.16449971276,"PB_TTM":0.860101063973,"REPORT_DATE_SQ":"2021-12-31 00:00:00","REPORT_TYPE_SQ":"2021年年报","OPERATE_INCOME_SQ":11547825000,"DPS_HKD":0.48,"OPERATE_INCOME_QOQ_SQ":0.838743412156,"NET_PROFIT_RATIO_SQ":4.4032880651,"HOLDER_PROFIT_SQ":508484000,"HOLDER_PROFIT_QOQ_SQ":-44.732583151005,"ROE_AVG_SQ":8.413126114081,"PE_TTM_SQ":8.740817555227,"PB_TTM_SQ":0.954103593908,"ROA_SQ":2.711902228075,"START_DATE":"2022-01-01 00:00:00","FISCAL_YEAR":"12-31","CURRENCY":"HKD","IS_CNY_CODE":0,"DPS_HKD_LY":0.42,"ORG_TYPE":"一般企业","PREMIUM_INCOME":null,"PREMIUM_INCOME_YOY":null,"NET_INTEREST_INCOME":null,"NET_INTEREST_INCOME_YOY":null,"FEE_COMMISSION_INCOME":null,"FEE_COMMISSION_INCOME_YOY":null,"ACCOUNTS_RECE_TDAYS":16.940722982309,"INVENTORY_TDAYS":2.169826417771,"CURRENT_ASSETS_TDAYS":2.246732688624,"TOTAL_ASSETS_TDAYS":0.619516771726,"PREMIUM_EXPENSE":null,"LOAN_DEPOSIT":null,"LOAN_EQUITY":null,"LOAN_ASSETS":null,"DEPOSIT_EQUITY":null,"DEPOSIT_ASSETS":null,"EQUITY_MULTIPLIER":3.413143395002,"EQUITY_RATIO":2.413143394998},{"SECUCODE":"01112.HK","SECURITY_CODE":"01112","SECURITY_NAME_ABBR":"H\u0026H国际控股","ORG_CODE":"10157837","STD_REPORT_DATE":"2022-06-30 00:00:00","REPORT_DATE":"2022-06-30 00:00:00","DATE_TYPE_CODE":"002","REPORT_TYPE":"2022年中报","PER_NETCASH_OPERATE":0.8615212097,"PER_OI":9.230231016892,"BPS":9.488913736927,"BASIC_EPS":0.74,"DILUTED_EPS":0.74,"OPERATE_INCOME":5955447000,"OPERATE_INCOME_YOY":9.7915867795,"GROSS_PROFIT":3691467000,"GROSS_PROFIT_YOY":7.850940866537,"HOLDER_PROFIT":475113000,"HOLDER_PROFIT_YOY":-5.2340262569,"GROSS_PROFIT_RATIO":61.984717519944,"EPS_TTM":0.747419009233,"OPERATE_INCOME_QOQ":4.599368279308,"NET_PROFIT_RATIO":7.9777890728,"ROE_AVG":7.911388874504,"GROSS_PROFIT_QOQ":3.70748713228,"ROA":2.36432158691,"HOLDER_PROFIT_QOQ":-5.160634356243,"ROE_YEARLY":15.822777749008,"ROIC_YEARLY":5.326618084142,"TOTAL_ASSETS":19908471000,"TOTAL_LIABILITIES":13782795000,"TAX_EBT":30.274404024632,"OCF_SALES":9.333690653279,"TOTAL_PARENT_EQUITY":6125676000,"DEBT_ASSET_RATIO":69.2308063236,"OPERATE_PROFIT":933880000,"PRETAX_PROFIT":681404000,"NETCASH_OPERATE":555863000,"NETCASH_INVEST":-46233000,"NETCASH_FINANCE":-817609000,"END_CASH":2111750000,"DIVI_RATIO":0.584576515452,"DIVIDEND_RATE":5.0901378579,"CURRENT_RATIO":1.319997463657,"COMMON_ACS":10000000000,"CURRENTDEBT_DEBT":27.232763746395,"ISSUED_COMMON_SHARES":645561354,"HK_COMMON_SHARES":645561354,"PER_SHARES":500,"TOTAL_MARKET_CAP":6087643568.22,"HKSK_MARKET_CAP":6087643568.22,"PE_TTM":19.16449971276,"PB_TTM":0.860101063973,"REPORT_DATE_SQ":"2021-06-30 00:00:00","REPORT_TYPE_SQ":"2021年中报","OPERATE_INCOME_SQ":5424320000,"DPS_HKD":0.48,"OPERATE_INCOME_QOQ_SQ":2.296582153003,"NET_PROFIT_RATIO_SQ":9.2427069199,"HOLDER_PROFIT_SQ":501354000,"HOLDER_PROFIT_QOQ_SQ":-19.059746950367,"ROE_AVG_SQ":7.962257912207,"PE_TTM_SQ":8.740817555227,"PB_TTM_SQ":0.954103593908,"ROA_SQ":2.948314954562,"START_DATE":"2022-01-01 00:00:00","FISCAL_YEAR":"12-31","CURRENCY":"HKD","IS_CNY_CODE":0,"DPS_HKD_LY":0.42,"ORG_TYPE":"一般企业","PREMIUM_INCOME":null,"PREMIUM_INCOME_YOY":null,"NET_INTEREST_INCOME":null,"NET_INTEREST_INCOME_YOY":null,"FEE_COMMISSION_INCOME":null,"FEE_COMMISSION_INCOME_YOY":null,"ACCOUNTS_RECE_TDAYS":8.345883216855,"INVENTORY_TDAYS":1.133324489586,"CURRENT_ASSETS_TDAYS":1.137839642567,"TOTAL_ASSETS_TDAYS":0.296363010522,"PREMIUM_EXPENSE":null,"LOAN_DEPOSIT":null,"LOAN_EQUITY":null,"LOAN_ASSETS":null,"DEPOSIT_EQUITY":null,"DEPOSIT_ASSETS":null,"EQUITY_MULTIPLIER":3.250003917935,"EQUITY_RATIO":2.250003917935},{"SECUCODE":"01112.HK","SECURITY_CODE":"01112","SECURITY_NAME_ABBR":"H\u0026H国际控股","ORG_CODE":"10157837","STD_REPORT_DATE":"2021-12-31 00:00:00","REPORT_DATE":"2021-12-31 00:00:00","DATE_TYPE_CODE":"001","REPORT_TYPE":"2021年年报","PER_NETCASH_OPERATE":2.929398085552,"PER_OI":17.897748480112,"BPS":9.116385241363,"BASIC_EPS":0.79,"DILUTED_EPS":0.79,"OPERATE_INCOME":11547825000,"OPERATE_INCOME_YOY":3.1545879967,"GROSS_PROFIT":7247982000,"GROSS_PROFIT_YOY":0.848630532583,"HOLDER_PROFIT":508484000,"HOLDER_PROFIT_YOY":-55.2664129484,"GROSS_PROFIT_RATIO":62.764910275312,"EPS_TTM":0.788089422741,"OPERATE_INCOME_QOQ":0.838743412156,"NET_PROFIT_RATIO":4.4032880651,"ROE_AVG":8.413126114081,"GROSS_PROFIT_QOQ":0.956568649314,"ROA":2.711902228075,"HOLDER_PROFIT_QOQ":-44.732583151005,"ROE_YEARLY":8.413126114081,"ROIC_YEARLY":3.056782590303,"TOTAL_ASSETS":20281747000,"TOTAL_LIABILITIES":14396561000,"TAX_EBT":40.193339786618,"OCF_SALES":16.367411179161,"TOTAL_PARENT_EQUITY":5885186000,"DEBT_ASSET_RATIO":70.982844821,"OPERATE_PROFIT":1134424000,"PRETAX_PROFIT":850213000,"NETCASH_OPERATE":1890080000,"NETCASH_INVEST":-4010586000,"NETCASH_FINANCE":2768391000,"END_CASH":2400070000,"DIVI_RATIO":0.554408658957,"DIVIDEND_RATE":5.0901378579,"CURRENT_RATIO":0.808196738373,"COMMON_ACS":10000000000,"CURRENTDEBT_DEBT":47.385851384925,"ISSUED_COMMON_SHARES":645561354,"HK_COMMON_SHARES":645561354,"PER_SHARES":500,"TOTAL_MARKET_CAP":6087643568.22,"HKSK_MARKET_CAP":6087643568.22,"PE_TTM":19.16449971276,"PB_TTM":0.860101063973,"REPORT_DATE_SQ":"2020-12-31 00:00:00","REPORT_TYPE_SQ":"2020年年报","OPERATE_INCOME_SQ":11194679000,"DPS_HKD":0.48,"OPERATE_INCOME_QOQ_SQ":1.795933629149,"NET_PROFIT_RATIO_SQ":10.1538775699,"HOLDER_PROFIT_SQ":1136694000,"HOLDER_PROFIT_QOQ_SQ":12.546634771519,"ROE_AVG_SQ":19.271727622777,"PE_TTM_SQ":8.740817555227,"PB_TTM_SQ":0.954103593908,"ROA_SQ":6.872436161793,"START_DATE":"2021-01-01 00:00:00","FISCAL_YEAR":"12-31","CURRENCY":"HKD","IS_CNY_CODE":0,"DPS_HKD_LY":0.76,"ORG_TYPE":"一般企业","PREMIUM_INCOME":null,"PREMIUM_INCOME_YOY":null,"NET_INTEREST_INCOME":null,"NET_INTEREST_INCOME_YOY":null,"FEE_COMMISSION_INCOME":null,"FEE_COMMISSION_INCOME_YOY":null,"ACCOUNTS_RECE_TDAYS":15.047839641911,"INVENTORY_TDAYS":2.125596702733,"CURRENT_ASSETS_TDAYS":2.203359334372,"TOTAL_ASSETS_TDAYS":0.615881175158,"PREMIUM_EXPENSE":null,"LOAN_DEPOSIT":null,"LOAN_EQUITY":null,"LOAN_ASSETS":null,"DEPOSIT_EQUITY":null,"DEPOSIT_ASSETS":null,"EQUITY_MULTIPLIER":3.446237213232,"EQUITY_RATIO":2.446237213233},{"SECUCODE":"01112.HK","SECURITY_CODE":"01112","SECURITY_NAME_ABBR":"H\u0026H国际控股","ORG_CODE":"10157837","STD_REPORT_DATE":"2021-06-30 00:00:00","REPORT_DATE":"2021-06-30 00:00:00","DATE_TYPE_CODE":"002","REPORT_TYPE":"2021年中报","PER_NETCASH_OPERATE":0.550159549059,"PER_OI":8.408208737614,"BPS":9.899252736247,"BASIC_EPS":0.78,"DILUTED_EPS":0.78,"OPERATE_INCOME":5424320000,"OPERATE_INCOME_YOY":4.9754945836,"GROSS_PROFIT":3422749000,"GROSS_PROFIT_YOY":-0.223995046689,"HOLDER_PROFIT":501354000,"HOLDER_PROFIT_YOY":-30.1740238578,"GROSS_PROFIT_RATIO":63.100056781311,"EPS_TTM":1.426153617703,"OPERATE_INCOME_QOQ":2.296582153003,"NET_PROFIT_RATIO":9.2427069199,"ROE_AVG":7.962257912207,"GROSS_PROFIT_QOQ":-0.106915397557,"ROA":2.948314954562,"HOLDER_PROFIT_QOQ":-19.059746950367,"ROE_YEARLY":15.924515824415,"ROIC_YEARLY":6.638843159525,"TOTAL_ASSETS":16791103000,"TOTAL_LIABILITIES":10400528000,"TAX_EBT":25.185226084011,"OCF_SALES":6.543124299451,"TOTAL_PARENT_EQUITY":6390575000,"DEBT_ASSET_RATIO":61.9407075283,"OPERATE_PROFIT":796601000,"PRETAX_PROFIT":670127000,"NETCASH_OPERATE":354920000,"NETCASH_INVEST":-33613000,"NETCASH_FINANCE":-148200000,"END_CASH":1971344000,"DIVI_RATIO":0.306365032894,"DIVIDEND_RATE":5.0901378579,"CURRENT_RATIO":1.710041876311,"COMMON_ACS":10000000000,"CURRENTDEBT_DEBT":28.371953808499,"ISSUED_COMMON_SHARES":645561354,"HK_COMMON_SHARES":645561354,"PER_SHARES":500,"TOTAL_MARKET_CAP":6087643568.22,"HKSK_MARKET_CAP":6087643568.22,"PE_TTM":19.16449971276,"PB_TTM":0.860101063973,"REPORT_DATE_SQ":"2020-06-30 00:00:00","REPORT_TYPE_SQ":"2020年中报","OPERATE_INCOME_SQ":5167225000,"DPS_HKD":0.48,"OPERATE_INCOME_QOQ_SQ":0.658659686119,"NET_PROFIT_RATIO_SQ":13.8953693714,"HOLDER_PROFIT_SQ":718005000,"HOLDER_PROFIT_QOQ_SQ":0.490224854709,"ROE_AVG_SQ":12.521100872634,"PE_TTM_SQ":8.740817555227,"PB_TTM_SQ":0.954103593908,"ROA_SQ":4.342967435834,"START_DATE":"2021-01-01 00:00:00","FISCAL_YEAR":"12-31","CURRENCY":"HKD","IS_CNY_CODE":0,"DPS_HKD_LY":0.76,"ORG_TYPE":"一般企业","PREMIUM_INCOME":null,"PREMIUM_INCOME_YOY":null,"NET_INTEREST_INCOME":null,"NET_INTEREST_INCOME_YOY":null,"FEE_COMMISSION_INCOME":null,"FEE_COMMISSION_INCOME_YOY":null,"ACCOUNTS_RECE_TDAYS":7.366531924848,"INVENTORY_TDAYS":1.003074767388,"CURRENT_ASSETS_TDAYS":1.083282299514,"TOTAL_ASSETS_TDAYS":0.318988255291,"PREMIUM_EXPENSE":null,"LOAN_DEPOSIT":null,"LOAN_EQUITY":null,"LOAN_ASSETS":null,"DEPOSIT_EQUITY":null,"DEPOSIT_ASSETS":null,"EQUITY_MULTIPLIER":2.627479217444,"EQUITY_RATIO":1.627479217441},{"SECUCODE":"01112.HK","SECURITY_CODE":"01112","SECURITY_NAME_ABBR":"H\u0026H国际控股","ORG_CODE":"10157837","STD_REPORT_DATE":"2020-12-31 00:00:00","REPORT_DATE":"2020-12-31 00:00:00","DATE_TYPE_CODE":"001","REPORT_TYPE":"2020年年报","PER_NETCASH_OPERATE":2.378139787115,"PER_OI":17.371359362605,"BPS":9.608206813446,"BASIC_EPS":1.77,"DILUTED_EPS":1.76,"OPERATE_INCOME":11194679000,"OPERATE_INCOME_YOY":2.4664224061,"GROSS_PROFIT":7186991000,"GROSS_PROFIT_YOY":-0.574804791174,"HOLDER_PROFIT":1136694000,"HOLDER_PROFIT_YOY":13.0983663483,"GROSS_PROFIT_RATIO":64.200063262198,"EPS_TTM":1.763866561901,"OPERATE_INCOME_QOQ":1.795933629149,"NET_PROFIT_RATIO":10.1538775699,"ROE_AVG":19.271727622777,"GROSS_PROFIT_QOQ":-0.672791690945,"ROA":6.872436161793,"HOLDER_PROFIT_QOQ":12.546634771519,"ROE_YEARLY":19.271727622777,"ROIC_YEARLY":7.830738860669,"TOTAL_ASSETS":17218425000,"TOTAL_LIABILITIES":11015738000,"TAX_EBT":29.16293794324,"OCF_SALES":13.69000397421,"TOTAL_PARENT_EQUITY":6202687000,"DEBT_ASSET_RATIO":63.976455454,"OPERATE_PROFIT":2073580000,"PRETAX_PROFIT":1604660000,"NETCASH_OPERATE":1532552000,"NETCASH_INVEST":-1240298000,"NETCASH_FINANCE":-687676000,"END_CASH":1830873000,"DIVI_RATIO":0.247707853552,"DIVIDEND_RATE":5.0901378579,"CURRENT_RATIO":1.51586523603,"COMMON_ACS":10000000000,"CURRENTDEBT_DEBT":29.754710941745,"ISSUED_COMMON_SHARES":645561354,"HK_COMMON_SHARES":645561354,"PER_SHARES":500,"TOTAL_MARKET_CAP":6087643568.22,"HKSK_MARKET_CAP":6087643568.22,"PE_TTM":19.16449971276,"PB_TTM":0.860101063973,"REPORT_DATE_SQ":"2019-12-31 00:00:00","REPORT_TYPE_SQ":"2019年年报","OPERATE_INCOME_SQ":10925217000,"DPS_HKD":0.48,"OPERATE_INCOME_QOQ_SQ":2.543863263548,"NET_PROFIT_RATIO_SQ":9.1993504568,"HOLDER_PROFIT_SQ":1005049000,"HOLDER_PROFIT_QOQ_SQ":-14.238672803636,"ROE_AVG_SQ":19.247630526326,"PE_TTM_SQ":8.740817555227,"PB_TTM_SQ":0.954103593908,"ROA_SQ":6.544148384097,"START_DATE":"2020-01-01 00:00:00","FISCAL_YEAR":"12-31","CURRENCY":"HKD","IS_CNY_CODE":0,"DPS_HKD_LY":1.48,"ORG_TYPE":"一般企业","PREMIUM_INCOME":null,"PREMIUM_INCOME_YOY":null,"NET_INTEREST_INCOME":null,"NET_INTEREST_INCOME_YOY":null,"FEE_COMMISSION_INCOME":null,"FEE_COMMISSION_INCOME_YOY":null,"ACCOUNTS_RECE_TDAYS":11.769173553241,"INVENTORY_TDAYS":2.284621074249,"CURRENT_ASSETS_TDAYS":2.202342990279,"TOTAL_ASSETS_TDAYS":0.676828740006,"PREMIUM_EXPENSE":null,"LOAN_DEPOSIT":null,"LOAN_EQUITY":null,"LOAN_ASSETS":null,"DEPOSIT_EQUITY":null,"DEPOSIT_ASSETS":null,"EQUITY_MULTIPLIER":2.77596225636,"EQUITY_RATIO":1.775962256358},{"SECUCODE":"01112.HK","SECURITY_CODE":"01112","SECURITY_NAME_ABBR":"H\u0026H国际控股","ORG_CODE":"10157837","STD_REPORT_DATE":"2020-06-30 00:00:00","REPORT_DATE":"2020-06-30 00:00:00","DATE_TYPE_CODE":"002","REPORT_TYPE":"2020年中报","PER_NETCASH_OPERATE":1.332370735595,"PER_OI":8.021928124437,"BPS":9.100473508208,"BASIC_EPS":1.12,"DILUTED_EPS":1.11,"OPERATE_INCOME":5167225000,"OPERATE_INCOME_YOY":1.412291608,"GROSS_PROFIT":3430433000,"GROSS_PROFIT_YOY":0.208307651501,"HOLDER_PROFIT":718005000,"HOLDER_PROFIT_YOY":0.6909482553,"GROSS_PROFIT_RATIO":66.388303199493,"EPS_TTM":1.567950859389,"OPERATE_INCOME_QOQ":0.658659686119,"NET_PROFIT_RATIO":13.8953693714,"ROE_AVG":12.521100872634,"GROSS_PROFIT_QOQ":0.098650612897,"ROA":4.342967435834,"HOLDER_PROFIT_QOQ":0.490224854709,"ROE_YEARLY":25.042201745269,"ROIC_YEARLY":10.465164581058,"TOTAL_ASSETS":17203807000,"TOTAL_LIABILITIES":11328893000,"TAX_EBT":27.920769616106,"OCF_SALES":16.609108370547,"TOTAL_PARENT_EQUITY":5874914000,"DEBT_ASSET_RATIO":65.8510816821,"OPERATE_PROFIT":1213685000,"PRETAX_PROFIT":996133000,"NETCASH_OPERATE":858230000,"NETCASH_INVEST":-70325000,"NETCASH_FINANCE":379466000,"END_CASH":3404225000,"DIVI_RATIO":0.278658988184,"DIVIDEND_RATE":5.0901378579,"CURRENT_RATIO":1.705245275119,"COMMON_ACS":10000000000,"CURRENTDEBT_DEBT":33.09736441151,"ISSUED_COMMON_SHARES":645561354,"HK_COMMON_SHARES":645561354,"PER_SHARES":500,"TOTAL_MARKET_CAP":6087643568.22,"HKSK_MARKET_CAP":6087643568.22,"PE_TTM":19.16449971276,"PB_TTM":0.860101063973,"REPORT_DATE_SQ":"2019-06-30 00:00:00","REPORT_TYPE_SQ":"2019年中报","OPERATE_INCOME_SQ":5095265000,"DPS_HKD":0.48,"OPERATE_INCOME_QOQ_SQ":5.148690875636,"NET_PROFIT_RATIO_SQ":13.9949148867,"HOLDER_PROFIT_SQ":713078000,"HOLDER_PROFIT_QOQ_SQ":38.99267981422,"ROE_AVG_SQ":14.139450293322,"PE_TTM_SQ":8.740817555227,"PB_TTM_SQ":0.954103593908,"ROA_SQ":4.683598727934,"START_DATE":"2020-01-01 00:00:00","FISCAL_YEAR":"12-31","CURRENCY":"HKD","IS_CNY_CODE":0,"DPS_HKD_LY":1.48,"ORG_TYPE":"一般企业","PREMIUM_INCOME":null,"PREMIUM_INCOME_YOY":null,"NET_INTEREST_INCOME":null,"NET_INTEREST_INCOME_YOY":null,"FEE_COMMISSION_INCOME":null,"FEE_COMMISSION_INCOME_YOY":null,"ACCOUNTS_RECE_TDAYS":5.842980276418,"INVENTORY_TDAYS":0.978206530494,"CURRENT_ASSETS_TDAYS":0.891551925548,"TOTAL_ASSETS_TDAYS":0.312547822211,"PREMIUM_EXPENSE":null,"LOAN_DEPOSIT":null,"LOAN_EQUITY":null,"LOAN_ASSETS":null,"DEPOSIT_EQUITY":null,"DEPOSIT_ASSETS":null,"EQUITY_MULTIPLIER":2.928350440535,"EQUITY_RATIO":1.928350440534}],"count":33},"success":true,"message":"ok","code":0}