{"version":"9ae90c85a21432d547c21891e60e9276","result":{"pages":2,"data":[{"SECUCODE":"01119.HK","SECURITY_CODE":"01119","SECURITY_NAME_ABBR":"创梦天地","ORG_CODE":"10939067","STD_REPORT_DATE":"2024-06-30 00:00:00","REPORT_DATE":"2024-06-30 00:00:00","DATE_TYPE_CODE":"002","REPORT_TYPE":"2024年中报","PER_NETCASH_OPERATE":0.021528663175,"PER_OI":0.538358617586,"BPS":0.92381976242,"BASIC_EPS":-0.07,"DILUTED_EPS":-0.07,"OPERATE_INCOME":845223000,"OPERATE_INCOME_YOY":-23.840816139,"GROSS_PROFIT":291786000,"GROSS_PROFIT_YOY":-41.882939693188,"HOLDER_PROFIT":-109817000,"HOLDER_PROFIT_YOY":-369.7411082727,"GROSS_PROFIT_RATIO":34.521777093146,"EPS_TTM":-0.450239506219,"OPERATE_INCOME_QOQ":-13.805986309225,"NET_PROFIT_RATIO":-12.9290139999,"ROE_AVG":-6.89535439335,"GROSS_PROFIT_QOQ":-31.223782817416,"ROA":-2.928766125556,"HOLDER_PROFIT_QOQ":-27.056675060709,"ROE_YEARLY":-13.7907087867,"ROIC_YEARLY":-6.421038567921,"TOTAL_ASSETS":3791526000,"TOTAL_LIABILITIES":2153989000,"TAX_EBT":-1.756166603037,"OCF_SALES":3.998944657209,"TOTAL_PARENT_EQUITY":1539509000,"DEBT_ASSET_RATIO":56.8106087101,"OPERATE_PROFIT":-54624000,"PRETAX_PROFIT":-107393000,"NETCASH_OPERATE":33800000,"NETCASH_INVEST":-87208000,"NETCASH_FINANCE":135184000,"END_CASH":272178000,"DIVI_RATIO":null,"DIVIDEND_RATE":null,"CURRENT_RATIO":0.989448554102,"COMMON_ACS":5000000000,"CURRENTDEBT_DEBT":82.472055335473,"ISSUED_COMMON_SHARES":1666460345,"HK_COMMON_SHARES":1666460345,"PER_SHARES":400,"TOTAL_MARKET_CAP":3216268465.85,"HKSK_MARKET_CAP":3216268465.85,"PE_TTM":-4.131890091218,"PB_TTM":1.906727341907,"REPORT_DATE_SQ":"2023-06-30 00:00:00","REPORT_TYPE_SQ":"2023年中报","OPERATE_INCOME_SQ":1109811000,"DPS_HKD":null,"OPERATE_INCOME_QOQ_SQ":-9.517746817628,"NET_PROFIT_RATIO_SQ":3.6200830327,"HOLDER_PROFIT_SQ":40712000,"HOLDER_PROFIT_QOQ_SQ":9.790863273299,"ROE_AVG_SQ":2.465249172614,"PE_TTM_SQ":-1.016993246191,"PB_TTM_SQ":1.397778933915,"ROA_SQ":0.96330807071,"START_DATE":"2024-01-01 00:00:00","FISCAL_YEAR":"12-31","CURRENCY":"HKD","IS_CNY_CODE":0,"DPS_HKD_LY":null,"ORG_TYPE":"一般企业","PREMIUM_INCOME":null,"PREMIUM_INCOME_YOY":null,"NET_INTEREST_INCOME":null,"NET_INTEREST_INCOME_YOY":null,"FEE_COMMISSION_INCOME":null,"FEE_COMMISSION_INCOME_YOY":null,"ACCOUNTS_RECE_TDAYS":2.695935633577,"INVENTORY_TDAYS":null,"CURRENT_ASSETS_TDAYS":0.488597439211,"TOTAL_ASSETS_TDAYS":0.225416874522,"PREMIUM_EXPENSE":null,"LOAN_DEPOSIT":null,"LOAN_EQUITY":null,"LOAN_ASSETS":null,"DEPOSIT_EQUITY":null,"DEPOSIT_ASSETS":null,"EQUITY_MULTIPLIER":2.315383408133,"EQUITY_RATIO":1.399140245364},{"SECUCODE":"01119.HK","SECURITY_CODE":"01119","SECURITY_NAME_ABBR":"创梦天地","ORG_CODE":"10939067","STD_REPORT_DATE":"2023-12-31 00:00:00","REPORT_DATE":"2023-12-31 00:00:00","DATE_TYPE_CODE":"001","REPORT_TYPE":"2023年年报","PER_NETCASH_OPERATE":0.160652818979,"PER_OI":1.217136266396,"BPS":0.987564453566,"BASIC_EPS":-0.39,"DILUTED_EPS":-0.39,"OPERATE_INCOME":1916473000,"OPERATE_INCOME_YOY":-26.1340405654,"GROSS_PROFIT":673461000,"GROSS_PROFIT_YOY":68.171852369775,"HOLDER_PROFIT":-556347000,"HOLDER_PROFIT_YOY":77.6773035915,"GROSS_PROFIT_RATIO":35.140646385313,"EPS_TTM":-0.353331411609,"OPERATE_INCOME_QOQ":-22.532223451502,"NET_PROFIT_RATIO":-29.2630264032,"ROE_AVG":-34.068148298742,"GROSS_PROFIT_QOQ":105.032804103938,"ROA":-13.854312409893,"HOLDER_PROFIT_QOQ":75.254506119355,"ROE_YEARLY":-34.068148298742,"ROIC_YEARLY":-14.878076533923,"TOTAL_ASSETS":3707673000,"TOTAL_LIABILITIES":1964446000,"TAX_EBT":2.87590064568,"OCF_SALES":13.199246741279,"TOTAL_PARENT_EQUITY":1645737000,"DEBT_ASSET_RATIO":52.9832593112,"OPERATE_PROFIT":-175291000,"PRETAX_PROFIT":-470357000,"NETCASH_OPERATE":252960000,"NETCASH_INVEST":-137925000,"NETCASH_FINANCE":-18115000,"END_CASH":190429000,"DIVI_RATIO":null,"DIVIDEND_RATE":null,"CURRENT_RATIO":1.067759289975,"COMMON_ACS":5000000000,"CURRENTDEBT_DEBT":81.146745698278,"ISSUED_COMMON_SHARES":1666460345,"HK_COMMON_SHARES":1666460345,"PER_SHARES":400,"TOTAL_MARKET_CAP":2616342741.65,"HKSK_MARKET_CAP":2616342741.65,"PE_TTM":-3.361174841042,"PB_TTM":1.551068355852,"REPORT_DATE_SQ":"2022-12-31 00:00:00","REPORT_TYPE_SQ":"2022年年报","OPERATE_INCOME_SQ":2594528000,"DPS_HKD":null,"OPERATE_INCOME_QOQ_SQ":3.095243392155,"NET_PROFIT_RATIO_SQ":-94.7256598457,"HOLDER_PROFIT_SQ":-2492293000,"HOLDER_PROFIT_QOQ_SQ":-767.524226560107,"ROE_AVG_SQ":-89.725124905587,"PE_TTM_SQ":-0.998160037928,"PB_TTM_SQ":1.371894138843,"ROA_SQ":-45.585202573322,"START_DATE":"2023-01-01 00:00:00","FISCAL_YEAR":"12-31","CURRENCY":"HKD","IS_CNY_CODE":0,"DPS_HKD_LY":null,"ORG_TYPE":"一般企业","PREMIUM_INCOME":null,"PREMIUM_INCOME_YOY":null,"NET_INTEREST_INCOME":null,"NET_INTEREST_INCOME_YOY":null,"FEE_COMMISSION_INCOME":null,"FEE_COMMISSION_INCOME_YOY":null,"ACCOUNTS_RECE_TDAYS":3.502992162253,"INVENTORY_TDAYS":null,"CURRENT_ASSETS_TDAYS":1.003469913281,"TOTAL_ASSETS_TDAYS":0.477245597929,"PREMIUM_EXPENSE":null,"LOAN_DEPOSIT":null,"LOAN_EQUITY":null,"LOAN_ASSETS":null,"DEPOSIT_EQUITY":null,"DEPOSIT_ASSETS":null,"EQUITY_MULTIPLIER":2.126902004158,"EQUITY_RATIO":1.193657309765},{"SECUCODE":"01119.HK","SECURITY_CODE":"01119","SECURITY_NAME_ABBR":"创梦天地","ORG_CODE":"10939067","STD_REPORT_DATE":"2023-06-30 00:00:00","REPORT_DATE":"2023-06-30 00:00:00","DATE_TYPE_CODE":"002","REPORT_TYPE":"2023年中报","PER_NETCASH_OPERATE":0.174201849336,"PER_OI":0.78687769589,"BPS":1.009639986363,"BASIC_EPS":0.03,"DILUTED_EPS":0.03,"OPERATE_INCOME":1109811000,"OPERATE_INCOME_YOY":-18.8369362535,"GROSS_PROFIT":502066000,"GROSS_PROFIT_YOY":-16.113175517624,"HOLDER_PROFIT":40712000,"HOLDER_PROFIT_YOY":120.0250854627,"GROSS_PROFIT_RATIO":45.107804271145,"EPS_TTM":-1.594071637967,"OPERATE_INCOME_QOQ":-9.517746817628,"NET_PROFIT_RATIO":3.6200830327,"ROE_AVG":2.465249172614,"GROSS_PROFIT_QOQ":-22.01685660019,"ROA":0.96330807071,"HOLDER_PROFIT_QOQ":9.790863273299,"ROE_YEARLY":4.930498345228,"ROIC_YEARLY":2.084189491179,"TOTAL_ASSETS":4128822000,"TOTAL_LIABILITIES":2262184000,"TAX_EBT":0.914042328641,"OCF_SALES":21.912606076281,"TOTAL_PARENT_EQUITY":1682525000,"DEBT_ASSET_RATIO":54.7900587625,"OPERATE_PROFIT":165270000,"PRETAX_PROFIT":53061000,"NETCASH_OPERATE":245694000,"NETCASH_INVEST":-64821000,"NETCASH_FINANCE":-81351000,"END_CASH":190211000,"DIVI_RATIO":null,"DIVIDEND_RATE":null,"CURRENT_RATIO":1.085463041757,"COMMON_ACS":5000000000,"CURRENTDEBT_DEBT":83.945779830465,"ISSUED_COMMON_SHARES":1666460345,"HK_COMMON_SHARES":1666460345,"PER_SHARES":400,"TOTAL_MARKET_CAP":2616342741.65,"HKSK_MARKET_CAP":2616342741.65,"PE_TTM":-3.361174841042,"PB_TTM":1.551068355852,"REPORT_DATE_SQ":"2022-06-30 00:00:00","REPORT_TYPE_SQ":"2022年中报","OPERATE_INCOME_SQ":1381472000,"DPS_HKD":null,"OPERATE_INCOME_QOQ_SQ":0.545943205983,"NET_PROFIT_RATIO_SQ":-16.0698153853,"HOLDER_PROFIT_SQ":-203305000,"HOLDER_PROFIT_QOQ_SQ":-82.430561729257,"ROE_AVG_SQ":-5.178231991823,"PE_TTM_SQ":-0.998160037928,"PB_TTM_SQ":1.371894138843,"ROA_SQ":-3.128315242099,"START_DATE":"2023-01-01 00:00:00","FISCAL_YEAR":"12-31","CURRENCY":"HKD","IS_CNY_CODE":0,"DPS_HKD_LY":null,"ORG_TYPE":"一般企业","PREMIUM_INCOME":null,"PREMIUM_INCOME_YOY":null,"NET_INTEREST_INCOME":null,"NET_INTEREST_INCOME_YOY":null,"FEE_COMMISSION_INCOME":null,"FEE_COMMISSION_INCOME_YOY":null,"ACCOUNTS_RECE_TDAYS":1.726050854074,"INVENTORY_TDAYS":null,"CURRENT_ASSETS_TDAYS":0.536622462817,"TOTAL_ASSETS_TDAYS":0.265303683863,"PREMIUM_EXPENSE":null,"LOAN_DEPOSIT":null,"LOAN_EQUITY":null,"LOAN_ASSETS":null,"DEPOSIT_EQUITY":null,"DEPOSIT_ASSETS":null,"EQUITY_MULTIPLIER":2.211902897079,"EQUITY_RATIO":1.344517317722},{"SECUCODE":"01119.HK","SECURITY_CODE":"01119","SECURITY_NAME_ABBR":"创梦天地","ORG_CODE":"10939067","STD_REPORT_DATE":"2022-12-31 00:00:00","REPORT_DATE":"2022-12-31 00:00:00","DATE_TYPE_CODE":"001","REPORT_TYPE":"2022年年报","PER_NETCASH_OPERATE":0.066547585876,"PER_OI":1.838348983594,"BPS":0.972327967396,"BASIC_EPS":-1.8,"DILUTED_EPS":-1.8,"OPERATE_INCOME":2594528000,"OPERATE_INCOME_YOY":3.6580848691,"GROSS_PROFIT":400460000,"GROSS_PROFIT_YOY":-63.704783924462,"HOLDER_PROFIT":-2492293000,"HOLDER_PROFIT_YOY":-1482.629319651,"GROSS_PROFIT_RATIO":15.40529983278,"EPS_TTM":-1.765910525293,"OPERATE_INCOME_QOQ":3.095243392155,"NET_PROFIT_RATIO":-94.7256598457,"ROE_AVG":-89.725124905587,"GROSS_PROFIT_QOQ":-64.1976777791,"ROA":-45.585202573322,"HOLDER_PROFIT_QOQ":-767.524226560107,"ROE_YEARLY":-89.725124905587,"ROIC_YEARLY":-51.488646456099,"TOTAL_ASSETS":4323718000,"TOTAL_LIABILITIES":2529176000,"TAX_EBT":-0.551410627056,"OCF_SALES":3.435140469123,"TOTAL_PARENT_EQUITY":1620346000,"DEBT_ASSET_RATIO":58.4953967858,"OPERATE_PROFIT":-2318748000,"PRETAX_PROFIT":-2507750000,"NETCASH_OPERATE":93921000,"NETCASH_INVEST":-321688000,"NETCASH_FINANCE":-406158000,"END_CASH":90527000,"DIVI_RATIO":null,"DIVIDEND_RATE":null,"CURRENT_RATIO":0.865361455753,"COMMON_ACS":5000000000,"CURRENTDEBT_DEBT":96.753369476857,"ISSUED_COMMON_SHARES":1666460345,"HK_COMMON_SHARES":1666460345,"PER_SHARES":400,"TOTAL_MARKET_CAP":2616342741.65,"HKSK_MARKET_CAP":2616342741.65,"PE_TTM":-3.361174841042,"PB_TTM":1.551068355852,"REPORT_DATE_SQ":"2021-12-31 00:00:00","REPORT_TYPE_SQ":"2021年年报","OPERATE_INCOME_SQ":2637637000,"DPS_HKD":null,"OPERATE_INCOME_QOQ_SQ":-11.712284359041,"NET_PROFIT_RATIO_SQ":-5.9117308409,"HOLDER_PROFIT_SQ":-157478000,"HOLDER_PROFIT_QOQ_SQ":75.848821641252,"ROE_AVG_SQ":-4.26577687737,"PE_TTM_SQ":-0.998160037928,"PB_TTM_SQ":1.371894138843,"ROA_SQ":-2.35678809762,"START_DATE":"2022-01-01 00:00:00","FISCAL_YEAR":"12-31","CURRENCY":"HKD","IS_CNY_CODE":0,"DPS_HKD_LY":null,"ORG_TYPE":"一般企业","PREMIUM_INCOME":null,"PREMIUM_INCOME_YOY":null,"NET_INTEREST_INCOME":null,"NET_INTEREST_INCOME_YOY":null,"FEE_COMMISSION_INCOME":null,"FEE_COMMISSION_INCOME_YOY":null,"ACCOUNTS_RECE_TDAYS":3.444952392586,"INVENTORY_TDAYS":144.47196976795,"CURRENT_ASSETS_TDAYS":0.955299997414,"TOTAL_ASSETS_TDAYS":0.500084044695,"PREMIUM_EXPENSE":null,"LOAN_DEPOSIT":null,"LOAN_EQUITY":null,"LOAN_ASSETS":null,"DEPOSIT_EQUITY":null,"DEPOSIT_ASSETS":null,"EQUITY_MULTIPLIER":2.409371304766,"EQUITY_RATIO":1.560886378588},{"SECUCODE":"01119.HK","SECURITY_CODE":"01119","SECURITY_NAME_ABBR":"创梦天地","ORG_CODE":"10939067","STD_REPORT_DATE":"2022-06-30 00:00:00","REPORT_DATE":"2022-06-30 00:00:00","DATE_TYPE_CODE":"002","REPORT_TYPE":"2022年中报","PER_NETCASH_OPERATE":0.001717910209,"PER_OI":0.972641332957,"BPS":2.350637392455,"BASIC_EPS":-0.15,"DILUTED_EPS":-0.15,"OPERATE_INCOME":1381472000,"OPERATE_INCOME_YOY":1.0533461295,"GROSS_PROFIT":598504000,"GROSS_PROFIT_YOY":15.369817067294,"HOLDER_PROFIT":-203305000,"HOLDER_PROFIT_YOY":-176.6242601538,"GROSS_PROFIT_RATIO":42.844806119849,"EPS_TTM":-0.20226843777,"OPERATE_INCOME_QOQ":0.545943205983,"NET_PROFIT_RATIO":-16.0698153853,"ROE_AVG":-5.178231991823,"GROSS_PROFIT_QOQ":6.627053648872,"ROA":-3.128315242099,"HOLDER_PROFIT_QOQ":-82.430561729257,"ROE_YEARLY":-10.356463983646,"ROIC_YEARLY":-7.028419717015,"TOTAL_ASSETS":6386791000,"TOTAL_LIABILITIES":2212013000,"TAX_EBT":0.562137466126,"OCF_SALES":0.176623196127,"TOTAL_PARENT_EQUITY":3917244000,"DEBT_ASSET_RATIO":34.6341848355,"OPERATE_PROFIT":-150492000,"PRETAX_PROFIT":-223255000,"NETCASH_OPERATE":2440000,"NETCASH_INVEST":-325044000,"NETCASH_FINANCE":-212733000,"END_CASH":180751000,"DIVI_RATIO":null,"DIVIDEND_RATE":null,"CURRENT_RATIO":1.968282031674,"COMMON_ACS":5000000000,"CURRENTDEBT_DEBT":76.377670474812,"ISSUED_COMMON_SHARES":1666460345,"HK_COMMON_SHARES":1666460345,"PER_SHARES":400,"TOTAL_MARKET_CAP":2616342741.65,"HKSK_MARKET_CAP":2616342741.65,"PE_TTM":-3.361174841042,"PB_TTM":1.551068355852,"REPORT_DATE_SQ":"2021-06-30 00:00:00","REPORT_TYPE_SQ":"2021年中报","OPERATE_INCOME_SQ":1367072000,"DPS_HKD":null,"OPERATE_INCOME_QOQ_SQ":-6.991368312123,"NET_PROFIT_RATIO_SQ":-4.970915943,"HOLDER_PROFIT_SQ":-73495000,"HOLDER_PROFIT_QOQ_SQ":-47.666508141405,"ROE_AVG_SQ":-2.148360681974,"PE_TTM_SQ":-0.998160037928,"PB_TTM_SQ":1.371894138843,"ROA_SQ":-1.117315208386,"START_DATE":"2022-01-01 00:00:00","FISCAL_YEAR":"12-31","CURRENCY":"HKD","IS_CNY_CODE":0,"DPS_HKD_LY":null,"ORG_TYPE":"一般企业","PREMIUM_INCOME":null,"PREMIUM_INCOME_YOY":null,"NET_INTEREST_INCOME":null,"NET_INTEREST_INCOME_YOY":null,"FEE_COMMISSION_INCOME":null,"FEE_COMMISSION_INCOME_YOY":null,"ACCOUNTS_RECE_TDAYS":1.806479790619,"INVENTORY_TDAYS":65.063903423839,"CURRENT_ASSETS_TDAYS":0.398583765526,"TOTAL_ASSETS_TDAYS":0.212571255706,"PREMIUM_EXPENSE":null,"LOAN_DEPOSIT":null,"LOAN_EQUITY":null,"LOAN_ASSETS":null,"DEPOSIT_EQUITY":null,"DEPOSIT_ASSETS":null,"EQUITY_MULTIPLIER":1.5298516472,"EQUITY_RATIO":0.564686039471},{"SECUCODE":"01119.HK","SECURITY_CODE":"01119","SECURITY_NAME_ABBR":"创梦天地","ORG_CODE":"10939067","STD_REPORT_DATE":"2021-12-31 00:00:00","REPORT_DATE":"2021-12-31 00:00:00","DATE_TYPE_CODE":"001","REPORT_TYPE":"2021年年报","PER_NETCASH_OPERATE":0.110826452254,"PER_OI":1.901033049867,"BPS":2.361322315173,"BASIC_EPS":-0.13,"DILUTED_EPS":-0.13,"OPERATE_INCOME":2637637000,"OPERATE_INCOME_YOY":-17.8848037339,"GROSS_PROFIT":1103341000,"GROSS_PROFIT_YOY":-17.400004791266,"HOLDER_PROFIT":-157478000,"HOLDER_PROFIT_YOY":64.3367982426,"GROSS_PROFIT_RATIO":41.83066130783,"EPS_TTM":-0.113499652388,"OPERATE_INCOME_QOQ":-11.712284359041,"NET_PROFIT_RATIO":-5.9117308409,"ROE_AVG":-4.26577687737,"GROSS_PROFIT_QOQ":-5.676470261366,"ROA":-2.35678809762,"HOLDER_PROFIT_QOQ":75.848821641252,"ROE_YEARLY":-4.26577687737,"ROIC_YEARLY":-2.769659392466,"TOTAL_ASSETS":6610940000,"TOTAL_LIABILITIES":2401698000,"TAX_EBT":13.936416823049,"OCF_SALES":5.82980144728,"TOTAL_PARENT_EQUITY":3935050000,"DEBT_ASSET_RATIO":36.3291453258,"OPERATE_PROFIT":-16584000,"PRETAX_PROFIT":-181180000,"NETCASH_OPERATE":153769000,"NETCASH_INVEST":-274755000,"NETCASH_FINANCE":118985000,"END_CASH":714801000,"DIVI_RATIO":null,"DIVIDEND_RATE":null,"CURRENT_RATIO":2.421178418245,"COMMON_ACS":5000000000,"CURRENTDEBT_DEBT":62.021661341268,"ISSUED_COMMON_SHARES":1666460345,"HK_COMMON_SHARES":1666460345,"PER_SHARES":400,"TOTAL_MARKET_CAP":2616342741.65,"HKSK_MARKET_CAP":2616342741.65,"PE_TTM":-3.361174841042,"PB_TTM":1.551068355852,"REPORT_DATE_SQ":"2020-12-31 00:00:00","REPORT_TYPE_SQ":"2020年年报","OPERATE_INCOME_SQ":3212118000,"DPS_HKD":null,"OPERATE_INCOME_QOQ_SQ":8.763319800495,"NET_PROFIT_RATIO_SQ":-17.5895157027,"HOLDER_PROFIT_SQ":-441570000,"HOLDER_PROFIT_QOQ_SQ":-241.987575243093,"ROE_AVG_SQ":-12.605788693958,"PE_TTM_SQ":-0.998160037928,"PB_TTM_SQ":1.371894138843,"ROA_SQ":-6.878250051812,"START_DATE":"2021-01-01 00:00:00","FISCAL_YEAR":"12-31","CURRENCY":"HKD","IS_CNY_CODE":0,"DPS_HKD_LY":null,"ORG_TYPE":"一般企业","PREMIUM_INCOME":null,"PREMIUM_INCOME_YOY":null,"NET_INTEREST_INCOME":null,"NET_INTEREST_INCOME_YOY":null,"FEE_COMMISSION_INCOME":null,"FEE_COMMISSION_INCOME_YOY":null,"ACCOUNTS_RECE_TDAYS":2.732344146639,"INVENTORY_TDAYS":135.406936722266,"CURRENT_ASSETS_TDAYS":0.717406742648,"TOTAL_ASSETS_TDAYS":0.394744122191,"PREMIUM_EXPENSE":null,"LOAN_DEPOSIT":null,"LOAN_EQUITY":null,"LOAN_ASSETS":null,"DEPOSIT_EQUITY":null,"DEPOSIT_ASSETS":null,"EQUITY_MULTIPLIER":1.570577315346,"EQUITY_RATIO":0.610334811502},{"SECUCODE":"01119.HK","SECURITY_CODE":"01119","SECURITY_NAME_ABBR":"创梦天地","ORG_CODE":"10939067","STD_REPORT_DATE":"2021-06-30 00:00:00","REPORT_DATE":"2021-06-30 00:00:00","DATE_TYPE_CODE":"002","REPORT_TYPE":"2021年中报","PER_NETCASH_OPERATE":-0.006327054478,"PER_OI":1.080247161124,"BPS":2.036466100248,"BASIC_EPS":-0.06,"DILUTED_EPS":-0.06,"OPERATE_INCOME":1367072000,"OPERATE_INCOME_YOY":-14.1093825688,"GROSS_PROFIT":518770000,"GROSS_PROFIT_YOY":-24.244260674394,"HOLDER_PROFIT":-73495000,"HOLDER_PROFIT_YOY":-153.6514680332,"GROSS_PROFIT_RATIO":37.94752580698,"EPS_TTM":-0.515244436034,"OPERATE_INCOME_QOQ":-6.991368312123,"NET_PROFIT_RATIO":-4.970915943,"ROE_AVG":-2.148360681974,"GROSS_PROFIT_QOQ":-12.429066811203,"ROA":-1.117315208386,"HOLDER_PROFIT_QOQ":-47.666508141405,"ROE_YEARLY":-4.296721363948,"ROIC_YEARLY":-2.559163350845,"TOTAL_ASSETS":6402802000,"TOTAL_LIABILITIES":2730744000,"TAX_EBT":15.939734296529,"OCF_SALES":-0.585704337445,"TOTAL_PARENT_EQUITY":3393690000,"DEBT_ASSET_RATIO":42.649202646,"OPERATE_PROFIT":-14125000,"PRETAX_PROFIT":-80842000,"NETCASH_OPERATE":-8007000,"NETCASH_INVEST":-139627000,"NETCASH_FINANCE":-195939000,"END_CASH":386790000,"DIVI_RATIO":null,"DIVIDEND_RATE":null,"CURRENT_RATIO":1.581246454448,"COMMON_ACS":5000000000,"CURRENTDEBT_DEBT":76.946941932309,"ISSUED_COMMON_SHARES":1666460345,"HK_COMMON_SHARES":1666460345,"PER_SHARES":400,"TOTAL_MARKET_CAP":2616342741.65,"HKSK_MARKET_CAP":2616342741.65,"PE_TTM":-3.361174841042,"PB_TTM":1.551068355852,"REPORT_DATE_SQ":"2020-06-30 00:00:00","REPORT_TYPE_SQ":"2020年中报","OPERATE_INCOME_SQ":1591643000,"DPS_HKD":null,"OPERATE_INCOME_QOQ_SQ":5.740842185917,"NET_PROFIT_RATIO_SQ":9.2901486074,"HOLDER_PROFIT_SQ":136986000,"HOLDER_PROFIT_QOQ_SQ":-11.708442990861,"ROE_AVG_SQ":3.751938642687,"PE_TTM_SQ":-0.998160037928,"PB_TTM_SQ":1.371894138843,"ROA_SQ":2.106928797447,"START_DATE":"2021-01-01 00:00:00","FISCAL_YEAR":"12-31","CURRENCY":"HKD","IS_CNY_CODE":0,"DPS_HKD_LY":null,"ORG_TYPE":"一般企业","PREMIUM_INCOME":null,"PREMIUM_INCOME_YOY":null,"NET_INTEREST_INCOME":null,"NET_INTEREST_INCOME_YOY":null,"FEE_COMMISSION_INCOME":null,"FEE_COMMISSION_INCOME_YOY":null,"ACCOUNTS_RECE_TDAYS":1.216943194357,"INVENTORY_TDAYS":null,"CURRENT_ASSETS_TDAYS":0.386763866501,"TOTAL_ASSETS_TDAYS":0.207830510451,"PREMIUM_EXPENSE":null,"LOAN_DEPOSIT":null,"LOAN_EQUITY":null,"LOAN_ASSETS":null,"DEPOSIT_EQUITY":null,"DEPOSIT_ASSETS":null,"EQUITY_MULTIPLIER":1.743654920484,"EQUITY_RATIO":0.804653341938},{"SECUCODE":"01119.HK","SECURITY_CODE":"01119","SECURITY_NAME_ABBR":"创梦天地","ORG_CODE":"10939067","STD_REPORT_DATE":"2020-12-31 00:00:00","REPORT_DATE":"2020-12-31 00:00:00","DATE_TYPE_CODE":"001","REPORT_TYPE":"2020年年报","PER_NETCASH_OPERATE":0.303011928647,"PER_OI":2.529786531743,"BPS":2.069218754797,"BASIC_EPS":-0.36,"DILUTED_EPS":-0.36,"OPERATE_INCOME":3212118000,"OPERATE_INCOME_YOY":15.0072503464,"GROSS_PROFIT":1335764000,"GROSS_PROFIT_YOY":8.976306519011,"HOLDER_PROFIT":-441570000,"HOLDER_PROFIT_YOY":-225.3630409416,"GROSS_PROFIT_RATIO":41.585147245525,"EPS_TTM":-0.347769863629,"OPERATE_INCOME_QOQ":8.763319800495,"NET_PROFIT_RATIO":-17.5895157027,"ROE_AVG":-12.605788693958,"GROSS_PROFIT_QOQ":8.165334335281,"ROA":-6.878250051812,"HOLDER_PROFIT_QOQ":-241.987575243093,"ROE_YEARLY":-12.605788693958,"ROIC_YEARLY":-8.090559593832,"TOTAL_ASSETS":6752841000,"TOTAL_LIABILITIES":3037000000,"TAX_EBT":1.65054188324,"OCF_SALES":11.977766694748,"TOTAL_PARENT_EQUITY":3448271000,"DEBT_ASSET_RATIO":44.9736636773,"OPERATE_PROFIT":-401890000,"PRETAX_PROFIT":-574478000,"NETCASH_OPERATE":384740000,"NETCASH_INVEST":-1065730000,"NETCASH_FINANCE":911899000,"END_CASH":735567000,"DIVI_RATIO":null,"DIVIDEND_RATE":null,"CURRENT_RATIO":1.532287279225,"COMMON_ACS":5000000000,"CURRENTDEBT_DEBT":80.513302601251,"ISSUED_COMMON_SHARES":1666460345,"HK_COMMON_SHARES":1666460345,"PER_SHARES":400,"TOTAL_MARKET_CAP":2616342741.65,"HKSK_MARKET_CAP":2616342741.65,"PE_TTM":-3.361174841042,"PB_TTM":1.551068355852,"REPORT_DATE_SQ":"2019-12-31 00:00:00","REPORT_TYPE_SQ":"2019年年报","OPERATE_INCOME_SQ":2792970000,"DPS_HKD":null,"OPERATE_INCOME_QOQ_SQ":2.603278490992,"NET_PROFIT_RATIO_SQ":12.9037189802,"HOLDER_PROFIT_SQ":352233000,"HOLDER_PROFIT_QOQ_SQ":8.266121595869,"ROE_AVG_SQ":10.538705694721,"PE_TTM_SQ":-0.998160037928,"PB_TTM_SQ":1.371894138843,"ROA_SQ":6.018590782115,"START_DATE":"2020-01-01 00:00:00","FISCAL_YEAR":"12-31","CURRENCY":"HKD","IS_CNY_CODE":0,"DPS_HKD_LY":null,"ORG_TYPE":"一般企业","PREMIUM_INCOME":null,"PREMIUM_INCOME_YOY":null,"NET_INTEREST_INCOME":null,"NET_INTEREST_INCOME_YOY":null,"FEE_COMMISSION_INCOME":null,"FEE_COMMISSION_INCOME_YOY":null,"ACCOUNTS_RECE_TDAYS":2.981655417024,"INVENTORY_TDAYS":null,"CURRENT_ASSETS_TDAYS":0.938149946895,"TOTAL_ASSETS_TDAYS":0.500345376722,"PREMIUM_EXPENSE":null,"LOAN_DEPOSIT":null,"LOAN_EQUITY":null,"LOAN_ASSETS":null,"DEPOSIT_EQUITY":null,"DEPOSIT_ASSETS":null,"EQUITY_MULTIPLIER":1.817311612635,"EQUITY_RATIO":0.880731241831},{"SECUCODE":"01119.HK","SECURITY_CODE":"01119","SECURITY_NAME_ABBR":"创梦天地","ORG_CODE":"10939067","STD_REPORT_DATE":"2020-06-30 00:00:00","REPORT_DATE":"2020-06-30 00:00:00","DATE_TYPE_CODE":"002","REPORT_TYPE":"2020年中报","PER_NETCASH_OPERATE":0.039703273242,"PER_OI":1.253539572563,"BPS":2.24703036663,"BASIC_EPS":0.11,"DILUTED_EPS":0.11,"OPERATE_INCOME":1591643000,"OPERATE_INCOME_YOY":11.2023799293,"GROSS_PROFIT":684793000,"GROSS_PROFIT_YOY":1.360266310244,"HOLDER_PROFIT":136986000,"HOLDER_PROFIT_YOY":-23.1395916444,"GROSS_PROFIT_RATIO":43.024283711863,"EPS_TTM":0.244929785606,"OPERATE_INCOME_QOQ":5.740842185917,"NET_PROFIT_RATIO":9.2901486074,"ROE_AVG":3.751938642687,"GROSS_PROFIT_QOQ":0.749752394068,"ROA":2.106928797447,"HOLDER_PROFIT_QOQ":-11.708442990861,"ROE_YEARLY":7.503877285373,"ROIC_YEARLY":4.977553752855,"TOTAL_ASSETS":6916620000,"TOTAL_LIABILITIES":2773118000,"TAX_EBT":11.628935478473,"OCF_SALES":3.167293168129,"TOTAL_PARENT_EQUITY":3744587000,"DEBT_ASSET_RATIO":40.0935427998,"OPERATE_PROFIT":241514000,"PRETAX_PROFIT":167324000,"NETCASH_OPERATE":50412000,"NETCASH_INVEST":-376150000,"NETCASH_FINANCE":467275000,"END_CASH":675387000,"DIVI_RATIO":null,"DIVIDEND_RATE":null,"CURRENT_RATIO":2.054677504571,"COMMON_ACS":5000000000,"CURRENTDEBT_DEBT":61.359055042014,"ISSUED_COMMON_SHARES":1666460345,"HK_COMMON_SHARES":1666460345,"PER_SHARES":400,"TOTAL_MARKET_CAP":2616342741.65,"HKSK_MARKET_CAP":2616342741.65,"PE_TTM":-3.361174841042,"PB_TTM":1.551068355852,"REPORT_DATE_SQ":"2019-06-30 00:00:00","REPORT_TYPE_SQ":"2019年中报","OPERATE_INCOME_SQ":1431303000,"DPS_HKD":null,"OPERATE_INCOME_QOQ_SQ":15.117093884442,"NET_PROFIT_RATIO_SQ":14.6885041113,"HOLDER_PROFIT_SQ":178227000,"HOLDER_PROFIT_QOQ_SQ":32.045912072212,"ROE_AVG_SQ":5.380453978729,"PE_TTM_SQ":-0.998160037928,"PB_TTM_SQ":1.371894138843,"ROA_SQ":3.218922954776,"START_DATE":"2020-01-01 00:00:00","FISCAL_YEAR":"12-31","CURRENCY":"HKD","IS_CNY_CODE":0,"DPS_HKD_LY":null,"ORG_TYPE":"一般企业","PREMIUM_INCOME":null,"PREMIUM_INCOME_YOY":null,"NET_INTEREST_INCOME":null,"NET_INTEREST_INCOME_YOY":null,"FEE_COMMISSION_INCOME":null,"FEE_COMMISSION_INCOME_YOY":null,"ACCOUNTS_RECE_TDAYS":1.382895600545,"INVENTORY_TDAYS":null,"CURRENT_ASSETS_TDAYS":0.482521205228,"TOTAL_ASSETS_TDAYS":0.244804467023,"PREMIUM_EXPENSE":null,"LOAN_DEPOSIT":null,"LOAN_EQUITY":null,"LOAN_ASSETS":null,"DEPOSIT_EQUITY":null,"DEPOSIT_ASSETS":null,"EQUITY_MULTIPLIER":1.669269135142,"EQUITY_RATIO":0.740567117282}],"count":17},"success":true,"message":"ok","code":0}