{"version":"8f583931f483bf2e69ade78cf7b61a3a","result":{"pages":3,"data":[{"SECUCODE":"01113.HK","SECURITY_CODE":"01113","SECURITY_NAME_ABBR":"长实集团","ORG_CODE":"10434093","STD_REPORT_DATE":"2024-06-30 00:00:00","REPORT_DATE":"2024-06-30 00:00:00","DATE_TYPE_CODE":"002","REPORT_TYPE":"2024年中报","PER_NETCASH_OPERATE":0.382403282832,"PER_OI":5.721231440227,"BPS":100.918811477195,"BASIC_EPS":2.2269392,"DILUTED_EPS":null,"OPERATE_INCOME":20086261440,"OPERATE_INCOME_YOY":-10.5547652916,"GROSS_PROFIT":11225051320,"GROSS_PROFIT_YOY":-8.822435778136,"HOLDER_PROFIT":7851786040,"HOLDER_PROFIT_YOY":-16.7263575646,"GROSS_PROFIT_RATIO":55.884223918575,"EPS_TTM":3.999245798499,"OPERATE_INCOME_QOQ":-6.070781514688,"NET_PROFIT_RATIO":39.1085059978,"ROE_AVG":2.226365729029,"GROSS_PROFIT_QOQ":-3.195529886881,"ROA":1.697942653235,"HOLDER_PROFIT_QOQ":-10.647860510968,"ROE_YEARLY":4.452731458059,"ROIC_YEARLY":3.776736610705,"TOTAL_ASSETS":460409640120,"TOTAL_LIABILITIES":95049233240,"TAX_EBT":6.59793814433,"OCF_SALES":6.683933115231,"TOTAL_PARENT_EQUITY":353193469800,"DEBT_ASSET_RATIO":20.6444924166,"OPERATE_PROFIT":7111602560,"PRETAX_PROFIT":8410346200,"NETCASH_OPERATE":1342552280,"NETCASH_INVEST":-2983550920,"NETCASH_FINANCE":-6903511520,"END_CASH":28675492920,"DIVI_RATIO":0.456091396204,"DIVIDEND_RATE":5.955555555556,"CURRENT_RATIO":4.079970962227,"COMMON_ACS":8000000000,"CURRENTDEBT_DEBT":41.004196153366,"ISSUED_COMMON_SHARES":3499778333,"HK_COMMON_SHARES":3499778333,"PER_SHARES":500,"TOTAL_MARKET_CAP":118117518738.75,"HKSK_MARKET_CAP":118117518738.75,"PE_TTM":7.565815958157,"PB_TTM":0.305225057144,"REPORT_DATE_SQ":"2023-06-30 00:00:00","REPORT_TYPE_SQ":"2023年中报","OPERATE_INCOME_SQ":22685317900,"DPS_HKD":2.01,"OPERATE_INCOME_QOQ_SQ":-15.613248838629,"NET_PROFIT_RATIO_SQ":42.6783174152,"HOLDER_PROFIT_SQ":9524975380,"HOLDER_PROFIT_QOQ_SQ":-7.939390003943,"ROE_AVG_SQ":2.707785374394,"PE_TTM_SQ":6.594027655145,"PB_TTM_SQ":0.328095130259,"ROA_SQ":2.028080204477,"START_DATE":"2024-01-01 00:00:00","FISCAL_YEAR":"12-31","CURRENCY":"HKD","IS_CNY_CODE":0,"DPS_HKD_LY":2.01,"ORG_TYPE":"一般企业","PREMIUM_INCOME":null,"PREMIUM_INCOME_YOY":null,"NET_INTEREST_INCOME":null,"NET_INTEREST_INCOME_YOY":null,"FEE_COMMISSION_INCOME":null,"FEE_COMMISSION_INCOME_YOY":null,"ACCOUNTS_RECE_TDAYS":2.786175465249,"INVENTORY_TDAYS":0.074309921894,"CURRENT_ASSETS_TDAYS":0.123400234936,"TOTAL_ASSETS_TDAYS":0.04343638488,"PREMIUM_EXPENSE":null,"LOAN_DEPOSIT":null,"LOAN_EQUITY":null,"LOAN_ASSETS":null,"DEPOSIT_EQUITY":null,"DEPOSIT_ASSETS":null,"EQUITY_MULTIPLIER":1.260151979935,"EQUITY_RATIO":0.26911378994},{"SECUCODE":"01113.HK","SECURITY_CODE":"01113","SECURITY_NAME_ABBR":"长实集团","ORG_CODE":"10434093","STD_REPORT_DATE":"2023-12-31 00:00:00","REPORT_DATE":"2023-12-31 00:00:00","DATE_TYPE_CODE":"001","REPORT_TYPE":"2023年年报","PER_NETCASH_OPERATE":0.096523619216,"PER_OI":12.063664927566,"BPS":99.909056063066,"BASIC_EPS":4.4042292,"DILUTED_EPS":null,"OPERATE_INCOME":42812551460,"OPERATE_INCOME_YOY":-16.1480981878,"GROSS_PROFIT":33989593540,"GROSS_PROFIT_YOY":-5.898827534982,"HOLDER_PROFIT":15713854800,"HOLDER_PROFIT_YOY":-20.0295162109,"GROSS_PROFIT_RATIO":79.391655906695,"EPS_TTM":4.427829516415,"OPERATE_INCOME_QOQ":0.806733900662,"NET_PROFIT_RATIO":37.0933259954,"ROE_AVG":4.530520265195,"GROSS_PROFIT_QOQ":44.113828702519,"ROA":3.387691387957,"HOLDER_PROFIT_QOQ":-11.873449889839,"ROE_YEARLY":4.530520265195,"ROIC_YEARLY":3.886328260263,"TOTAL_ASSETS":461161764700,"TOTAL_LIABILITIES":99184872780,"TAX_EBT":13.785299616255,"OCF_SALES":0.800118536079,"TOTAL_PARENT_EQUITY":349659549680,"DEBT_ASSET_RATIO":21.5076097743,"OPERATE_PROFIT":12850199600,"PRETAX_PROFIT":18419827720,"NETCASH_OPERATE":342551160,"NETCASH_INVEST":-3643910620,"NETCASH_FINANCE":-10864671580,"END_CASH":37142332920,"DIVI_RATIO":0.411944857687,"DIVIDEND_RATE":6.222910216718,"CURRENT_RATIO":3.52250965251,"COMMON_ACS":8000000000,"CURRENTDEBT_DEBT":47.327979241473,"ISSUED_COMMON_SHARES":3499778333,"HK_COMMON_SHARES":3499778333,"PER_SHARES":500,"TOTAL_MARKET_CAP":113042840155.9,"HKSK_MARKET_CAP":113042840155.9,"PE_TTM":7.240766087362,"PB_TTM":0.292111684318,"REPORT_DATE_SQ":"2022-12-31 00:00:00","REPORT_TYPE_SQ":"2022年年报","OPERATE_INCOME_SQ":50327725070,"DPS_HKD":2.01,"OPERATE_INCOME_QOQ_SQ":-18.767710610765,"NET_PROFIT_RATIO_SQ":38.9822686853,"HOLDER_PROFIT_SQ":19368773410,"HOLDER_PROFIT_QOQ_SQ":-9.817680150932,"ROE_AVG_SQ":5.775518439547,"PE_TTM_SQ":6.975739725731,"PB_TTM_SQ":0.347087751775,"ROA_SQ":4.047102653024,"START_DATE":"2023-01-01 00:00:00","FISCAL_YEAR":"12-31","CURRENCY":"HKD","IS_CNY_CODE":0,"DPS_HKD_LY":2.28,"ORG_TYPE":"一般企业","PREMIUM_INCOME":null,"PREMIUM_INCOME_YOY":null,"NET_INTEREST_INCOME":null,"NET_INTEREST_INCOME_YOY":null,"FEE_COMMISSION_INCOME":null,"FEE_COMMISSION_INCOME_YOY":null,"ACCOUNTS_RECE_TDAYS":5.411879259981,"INVENTORY_TDAYS":0.073052782436,"CURRENT_ASSETS_TDAYS":0.240823764799,"TOTAL_ASSETS_TDAYS":0.092297983991,"PREMIUM_EXPENSE":null,"LOAN_DEPOSIT":null,"LOAN_EQUITY":null,"LOAN_ASSETS":null,"DEPOSIT_EQUITY":null,"DEPOSIT_ASSETS":null,"EQUITY_MULTIPLIER":1.274008852482,"EQUITY_RATIO":0.283661272431},{"SECUCODE":"01113.HK","SECURITY_CODE":"01113","SECURITY_NAME_ABBR":"长实集团","ORG_CODE":"10434093","STD_REPORT_DATE":"2023-06-30 00:00:00","REPORT_DATE":"2023-06-30 00:00:00","DATE_TYPE_CODE":"002","REPORT_TYPE":"2023年中报","PER_NETCASH_OPERATE":-0.932586092478,"PER_OI":6.31433153699,"BPS":101.010096584308,"BASIC_EPS":2.6553024,"DILUTED_EPS":null,"OPERATE_INCOME":22685317900,"OPERATE_INCOME_YOY":-31.1073778524,"GROSS_PROFIT":12311198940,"GROSS_PROFIT_YOY":-19.260437426647,"HOLDER_PROFIT":9524975380,"HOLDER_PROFIT_YOY":-20.1376004947,"GROSS_PROFIT_RATIO":54.269457427352,"EPS_TTM":4.963162309398,"OPERATE_INCOME_QOQ":-15.613248838629,"NET_PROFIT_RATIO":42.6783174152,"ROE_AVG":2.707785374394,"GROSS_PROFIT_QOQ":-11.073184334014,"ROA":2.028080204477,"HOLDER_PROFIT_QOQ":-7.939390003943,"ROE_YEARLY":5.415570748789,"ROIC_YEARLY":4.665145636219,"TOTAL_ASSETS":464654870500,"TOTAL_LIABILITIES":98327323040,"TAX_EBT":15.095407503234,"OCF_SALES":-14.769355821987,"TOTAL_PARENT_EQUITY":353512947440,"DEBT_ASSET_RATIO":21.1613671313,"OPERATE_PROFIT":9866107980,"PRETAX_PROFIT":11403048640,"NETCASH_OPERATE":-3350475320,"NETCASH_INVEST":238792820,"NETCASH_FINANCE":-8756044060,"END_CASH":40122725640,"DIVI_RATIO":0.367511978511,"DIVIDEND_RATE":6.222910216718,"CURRENT_RATIO":4.102390180879,"COMMON_ACS":8000000000,"CURRENTDEBT_DEBT":43.545120396069,"ISSUED_COMMON_SHARES":3499778333,"HK_COMMON_SHARES":3499778333,"PER_SHARES":500,"TOTAL_MARKET_CAP":113042840155.9,"HKSK_MARKET_CAP":113042840155.9,"PE_TTM":7.240766087362,"PB_TTM":0.292111684318,"REPORT_DATE_SQ":"2022-06-30 00:00:00","REPORT_TYPE_SQ":"2022年中报","OPERATE_INCOME_SQ":30543110850,"DPS_HKD":2.01,"OPERATE_INCOME_QOQ_SQ":22.036034317675,"NET_PROFIT_RATIO_SQ":36.6540669187,"HOLDER_PROFIT_SQ":11062737840,"HOLDER_PROFIT_QOQ_SQ":23.670146103551,"ROE_AVG_SQ":3.462156086072,"PE_TTM_SQ":6.975739725731,"PB_TTM_SQ":0.347087751775,"ROA_SQ":2.45372473556,"START_DATE":"2023-01-01 00:00:00","FISCAL_YEAR":"12-31","CURRENCY":"HKD","IS_CNY_CODE":0,"DPS_HKD_LY":2.28,"ORG_TYPE":"一般企业","PREMIUM_INCOME":null,"PREMIUM_INCOME_YOY":null,"NET_INTEREST_INCOME":null,"NET_INTEREST_INCOME_YOY":null,"FEE_COMMISSION_INCOME":null,"FEE_COMMISSION_INCOME_YOY":null,"ACCOUNTS_RECE_TDAYS":null,"INVENTORY_TDAYS":0.082995264579,"CURRENT_ASSETS_TDAYS":0.122903939619,"TOTAL_ASSETS_TDAYS":0.048302113475,"PREMIUM_EXPENSE":null,"LOAN_DEPOSIT":null,"LOAN_EQUITY":null,"LOAN_ASSETS":null,"DEPOSIT_EQUITY":null,"DEPOSIT_ASSETS":null,"EQUITY_MULTIPLIER":1.268413674379,"EQUITY_RATIO":0.278143484566},{"SECUCODE":"01113.HK","SECURITY_CODE":"01113","SECURITY_NAME_ABBR":"长实集团","ORG_CODE":"10434093","STD_REPORT_DATE":"2022-12-31 00:00:00","REPORT_DATE":"2022-12-31 00:00:00","DATE_TYPE_CODE":"001","REPORT_TYPE":"2022年年报","PER_NETCASH_OPERATE":1.628861845725,"PER_OI":13.959796965316,"BPS":96.895560548063,"BASIC_EPS":5.3417546,"DILUTED_EPS":null,"OPERATE_INCOME":50327725070,"OPERATE_INCOME_YOY":-9.2649853448,"GROSS_PROFIT":36120265720,"GROSS_PROFIT_YOY":26.752760635166,"HOLDER_PROFIT":19368773410,"HOLDER_PROFIT_YOY":2.0808813144,"GROSS_PROFIT_RATIO":52.698745141194,"EPS_TTM":5.37246902964,"OPERATE_INCOME_QOQ":-18.767710610765,"NET_PROFIT_RATIO":38.9822686853,"ROE_AVG":5.775518439547,"GROSS_PROFIT_QOQ":-16.979976675319,"ROA":4.047102653024,"HOLDER_PROFIT_QOQ":-9.817680150932,"ROE_YEARLY":5.775518439547,"ROIC_YEARLY":4.684291539521,"TOTAL_ASSETS":459874154670,"TOTAL_LIABILITIES":108187502780,"TAX_EBT":12.608561477759,"OCF_SALES":11.66823450063,"TOTAL_PARENT_EQUITY":339112983370,"DEBT_ASSET_RATIO":23.5254583632,"OPERATE_PROFIT":17065030080,"PRETAX_PROFIT":20262043410,"NETCASH_OPERATE":5872356980,"NETCASH_INVEST":42400847090,"NETCASH_FINANCE":-52225030550,"END_CASH":50609998390,"DIVI_RATIO":0.339512724957,"DIVIDEND_RATE":6.222910216718,"CURRENT_RATIO":3.81736995271,"COMMON_ACS":8000000000,"CURRENTDEBT_DEBT":45.395247452813,"ISSUED_COMMON_SHARES":3499778333,"HK_COMMON_SHARES":3499778333,"PER_SHARES":500,"TOTAL_MARKET_CAP":113042840155.9,"HKSK_MARKET_CAP":113042840155.9,"PE_TTM":7.240766087362,"PB_TTM":0.292111684318,"REPORT_DATE_SQ":"2021-12-31 00:00:00","REPORT_TYPE_SQ":"2021年年报","OPERATE_INCOME_SQ":50768054400,"DPS_HKD":2.01,"OPERATE_INCOME_QOQ_SQ":15.844241961141,"NET_PROFIT_RATIO_SQ":35.3383579734,"HOLDER_PROFIT_SQ":17366641600,"HOLDER_PROFIT_QOQ_SQ":16.646906338765,"ROE_AVG_SQ":5.740841842388,"PE_TTM_SQ":6.975739725731,"PB_TTM_SQ":0.347087751775,"ROA_SQ":3.942959716506,"START_DATE":"2022-01-01 00:00:00","FISCAL_YEAR":"12-31","CURRENCY":"HKD","IS_CNY_CODE":0,"DPS_HKD_LY":2.22,"ORG_TYPE":"一般企业","PREMIUM_INCOME":null,"PREMIUM_INCOME_YOY":null,"NET_INTEREST_INCOME":null,"NET_INTEREST_INCOME_YOY":null,"FEE_COMMISSION_INCOME":null,"FEE_COMMISSION_INCOME_YOY":null,"ACCOUNTS_RECE_TDAYS":5.652186998395,"INVENTORY_TDAYS":0.180264884536,"CURRENT_ASSETS_TDAYS":0.253788288288,"TOTAL_ASSETS_TDAYS":0.105159715249,"PREMIUM_EXPENSE":null,"LOAN_DEPOSIT":null,"LOAN_EQUITY":null,"LOAN_ASSETS":null,"DEPOSIT_EQUITY":null,"DEPOSIT_ASSETS":null,"EQUITY_MULTIPLIER":1.307624705682,"EQUITY_RATIO":0.319030848376},{"SECUCODE":"01113.HK","SECURITY_CODE":"01113","SECURITY_NAME_ABBR":"长实集团","ORG_CODE":"10434093","STD_REPORT_DATE":"2022-06-30 00:00:00","REPORT_DATE":"2022-06-30 00:00:00","DATE_TYPE_CODE":"002","REPORT_TYPE":"2022年中报","PER_NETCASH_OPERATE":1.906559225311,"PER_OI":8.382711157452,"BPS":91.890365411894,"BASIC_EPS":3.0359245,"DILUTED_EPS":null,"OPERATE_INCOME":30543110850,"OPERATE_INCOME_YOY":53.5336600464,"GROSS_PROFIT":15248037700,"GROSS_PROFIT_YOY":29.241881305811,"HOLDER_PROFIT":11062737840,"HOLDER_PROFIT_YOY":54.829443447,"GROSS_PROFIT_RATIO":49.923001539969,"EPS_TTM":5.894567553374,"OPERATE_INCOME_QOQ":22.036034317675,"NET_PROFIT_RATIO":36.6540669187,"ROE_AVG":3.462156086072,"GROSS_PROFIT_QOQ":12.106608155328,"ROA":2.45372473556,"HOLDER_PROFIT_QOQ":23.670146103551,"ROE_YEARLY":6.924312172144,"ROIC_YEARLY":5.338995904747,"TOTAL_ASSETS":425616090340,"TOTAL_LIABILITIES":91412114290,"TAX_EBT":16.817769718948,"OCF_SALES":22.743945121098,"TOTAL_PARENT_EQUITY":321595909880,"DEBT_ASSET_RATIO":21.477598325,"OPERATE_PROFIT":10416214200,"PRETAX_PROFIT":11319294840,"NETCASH_OPERATE":6946708370,"NETCASH_INVEST":37955042580,"NETCASH_FINANCE":-47965041530,"END_CASH":49531749610,"DIVI_RATIO":0.309441122438,"DIVIDEND_RATE":6.222910216718,"CURRENT_RATIO":4.297657387391,"COMMON_ACS":8000000000,"CURRENTDEBT_DEBT":42.411428464511,"ISSUED_COMMON_SHARES":3499778333,"HK_COMMON_SHARES":3499778333,"PER_SHARES":500,"TOTAL_MARKET_CAP":113042840155.9,"HKSK_MARKET_CAP":113042840155.9,"PE_TTM":7.240766087362,"PB_TTM":0.292111684318,"REPORT_DATE_SQ":"2021-06-30 00:00:00","REPORT_TYPE_SQ":"2021年中报","OPERATE_INCOME_SQ":19355844960,"DPS_HKD":2.01,"OPERATE_INCOME_QOQ_SQ":-12.962382777914,"NET_PROFIT_RATIO_SQ":36.4490603363,"HOLDER_PROFIT_SQ":6952028400,"HOLDER_PROFIT_QOQ_SQ":8.312075430492,"ROE_AVG_SQ":2.310254293879,"PE_TTM_SQ":6.975739725731,"PB_TTM_SQ":0.347087751775,"ROA_SQ":1.582184095783,"START_DATE":"2022-01-01 00:00:00","FISCAL_YEAR":"12-31","CURRENCY":"HKD","IS_CNY_CODE":0,"DPS_HKD_LY":2.22,"ORG_TYPE":"一般企业","PREMIUM_INCOME":null,"PREMIUM_INCOME_YOY":null,"NET_INTEREST_INCOME":null,"NET_INTEREST_INCOME_YOY":null,"FEE_COMMISSION_INCOME":null,"FEE_COMMISSION_INCOME_YOY":null,"ACCOUNTS_RECE_TDAYS":3.706413449564,"INVENTORY_TDAYS":0.12695246647,"CURRENT_ASSETS_TDAYS":0.166522516558,"TOTAL_ASSETS_TDAYS":0.067744881672,"PREMIUM_EXPENSE":null,"LOAN_DEPOSIT":null,"LOAN_EQUITY":null,"LOAN_ASSETS":null,"DEPOSIT_EQUITY":null,"DEPOSIT_ASSETS":null,"EQUITY_MULTIPLIER":1.273521923258,"EQUITY_RATIO":0.284245263953},{"SECUCODE":"01113.HK","SECURITY_CODE":"01113","SECURITY_NAME_ABBR":"长实集团","ORG_CODE":"10434093","STD_REPORT_DATE":"2021-12-31 00:00:00","REPORT_DATE":"2021-12-31 00:00:00","DATE_TYPE_CODE":"001","REPORT_TYPE":"2021年年报","PER_NETCASH_OPERATE":5.690194531061,"PER_OI":13.933549144717,"BPS":86.724353350638,"BASIC_EPS":4.717552,"DILUTED_EPS":null,"OPERATE_INCOME":50768054400,"OPERATE_INCOME_YOY":7.7590545442,"GROSS_PROFIT":28496630400,"GROSS_PROFIT_YOY":5.287814530153,"HOLDER_PROFIT":17366641600,"HOLDER_PROFIT_YOY":30.0575557188,"GROSS_PROFIT_RATIO":56.131027152382,"EPS_TTM":4.766362569377,"OPERATE_INCOME_QOQ":15.844241961141,"NET_PROFIT_RATIO":35.3383579734,"ROE_AVG":5.740841842388,"GROSS_PROFIT_QOQ":-8.212851333002,"ROA":3.942959716506,"HOLDER_PROFIT_QOQ":16.646906338765,"ROE_YEARLY":5.740841842388,"ROIC_YEARLY":4.514400663951,"TOTAL_ASSETS":455166913600,"TOTAL_LIABILITIES":139348473600,"TAX_EBT":28.385615914308,"OCF_SALES":40.83808419493,"TOTAL_PARENT_EQUITY":303516012800,"DEBT_ASSET_RATIO":30.6148073237,"OPERATE_PROFIT":22708022400,"PRETAX_PROFIT":24577873600,"NETCASH_OPERATE":20732700800,"NETCASH_INVEST":-3083169600,"NETCASH_FINANCE":-14559003200,"END_CASH":51154779200,"DIVI_RATIO":0.382686288223,"DIVIDEND_RATE":6.222910216718,"CURRENT_RATIO":2.981863338216,"COMMON_ACS":8000000000,"CURRENTDEBT_DEBT":46.067145438757,"ISSUED_COMMON_SHARES":3499778333,"HK_COMMON_SHARES":3499778333,"PER_SHARES":500,"TOTAL_MARKET_CAP":113042840155.9,"HKSK_MARKET_CAP":113042840155.9,"PE_TTM":7.240766087362,"PB_TTM":0.292111684318,"REPORT_DATE_SQ":"2020-12-31 00:00:00","REPORT_TYPE_SQ":"2020年年报","OPERATE_INCOME_SQ":48497821720,"DPS_HKD":2.01,"OPERATE_INCOME_QOQ_SQ":-34.528920913539,"NET_PROFIT_RATIO_SQ":29.7350605934,"HOLDER_PROFIT_SQ":13745664480,"HOLDER_PROFIT_QOQ_SQ":-26.097133541606,"ROE_AVG_SQ":4.557161233436,"PE_TTM_SQ":6.975739725731,"PB_TTM_SQ":0.347087751775,"ROA_SQ":3.175084567829,"START_DATE":"2021-01-01 00:00:00","FISCAL_YEAR":"12-31","CURRENCY":"HKD","IS_CNY_CODE":0,"DPS_HKD_LY":1.87,"ORG_TYPE":"一般企业","PREMIUM_INCOME":null,"PREMIUM_INCOME_YOY":null,"NET_INTEREST_INCOME":null,"NET_INTEREST_INCOME_YOY":null,"FEE_COMMISSION_INCOME":null,"FEE_COMMISSION_INCOME_YOY":null,"ACCOUNTS_RECE_TDAYS":null,"INVENTORY_TDAYS":0.193901774942,"CURRENT_ASSETS_TDAYS":0.290936521918,"TOTAL_ASSETS_TDAYS":0.115264884251,"PREMIUM_EXPENSE":null,"LOAN_DEPOSIT":null,"LOAN_EQUITY":null,"LOAN_ASSETS":null,"DEPOSIT_EQUITY":null,"DEPOSIT_ASSETS":null,"EQUITY_MULTIPLIER":1.44122969387,"EQUITY_RATIO":0.459114075447},{"SECUCODE":"01113.HK","SECURITY_CODE":"01113","SECURITY_NAME_ABBR":"长实集团","ORG_CODE":"10434093","STD_REPORT_DATE":"2021-06-30 00:00:00","REPORT_DATE":"2021-06-30 00:00:00","DATE_TYPE_CODE":"002","REPORT_TYPE":"2021年中报","PER_NETCASH_OPERATE":-0.629296445831,"PER_OI":5.307720784239,"BPS":84.701123452552,"BASIC_EPS":1.87218,"DILUTED_EPS":null,"OPERATE_INCOME":19355844960,"OPERATE_INCOME_YOY":-17.0404814004,"GROSS_PROFIT":11798062320,"GROSS_PROFIT_YOY":-14.863370676408,"HOLDER_PROFIT":6952028400,"HOLDER_PROFIT_YOY":31.3679245283,"GROSS_PROFIT_RATIO":62.565941312232,"EPS_TTM":4.082616160597,"OPERATE_INCOME_QOQ":-12.962382777914,"NET_PROFIT_RATIO":36.4490603363,"ROE_AVG":2.310254293879,"GROSS_PROFIT_QOQ":-4.239435463297,"ROA":1.582184095783,"HOLDER_PROFIT_QOQ":8.312075430492,"ROE_YEARLY":4.620508587759,"ROIC_YEARLY":3.557502850154,"TOTAL_ASSETS":445522258560,"TOTAL_LIABILITIES":138212648400,"TAX_EBT":37.046764426935,"OCF_SALES":-11.366633696011,"TOTAL_PARENT_EQUITY":301594052640,"DEBT_ASSET_RATIO":31.0226135158,"OPERATE_PROFIT":11169841920,"PRETAX_PROFIT":11405320560,"NETCASH_OPERATE":-2294876640,"NETCASH_INVEST":-1648350480,"NETCASH_FINANCE":-9087145680,"END_CASH":35667109200,"DIVI_RATIO":0.446777636753,"DIVIDEND_RATE":6.340694006309,"CURRENT_RATIO":2.723548702606,"COMMON_ACS":8000000000,"CURRENTDEBT_DEBT":41.855452876193,"ISSUED_COMMON_SHARES":3499778333,"HK_COMMON_SHARES":3499778333,"PER_SHARES":500,"TOTAL_MARKET_CAP":110942973156.1,"HKSK_MARKET_CAP":110942973156.1,"PE_TTM":7.106262692551,"PB_TTM":0.28668546108,"REPORT_DATE_SQ":"2020-06-30 00:00:00","REPORT_TYPE_SQ":"2020年中报","OPERATE_INCOME_SQ":26716293120,"DPS_HKD":2.01,"OPERATE_INCOME_QOQ_SQ":4.213956210405,"NET_PROFIT_RATIO_SQ":25.5025984683,"HOLDER_PROFIT_SQ":5809478400,"HOLDER_PROFIT_QOQ_SQ":-28.730620501754,"ROE_AVG_SQ":1.791402955815,"PE_TTM_SQ":7.161759451751,"PB_TTM_SQ":0.356343425155,"ROA_SQ":1.259196490089,"START_DATE":"2021-01-01 00:00:00","FISCAL_YEAR":"12-31","CURRENCY":"HKD","IS_CNY_CODE":0,"DPS_HKD_LY":1.87,"ORG_TYPE":"一般企业","PREMIUM_INCOME":null,"PREMIUM_INCOME_YOY":null,"NET_INTEREST_INCOME":null,"NET_INTEREST_INCOME_YOY":null,"FEE_COMMISSION_INCOME":null,"FEE_COMMISSION_INCOME_YOY":null,"ACCOUNTS_RECE_TDAYS":2.216272865854,"INVENTORY_TDAYS":0.071036135909,"CURRENT_ASSETS_TDAYS":0.127007723372,"TOTAL_ASSETS_TDAYS":0.045948671335,"PREMIUM_EXPENSE":null,"LOAN_DEPOSIT":null,"LOAN_EQUITY":null,"LOAN_ASSETS":null,"DEPOSIT_EQUITY":null,"DEPOSIT_ASSETS":null,"EQUITY_MULTIPLIER":1.449750492111,"EQUITY_RATIO":0.458273786204},{"SECUCODE":"01113.HK","SECURITY_CODE":"01113","SECURITY_NAME_ABBR":"长实集团","ORG_CODE":"10434093","STD_REPORT_DATE":"2020-12-31 00:00:00","REPORT_DATE":"2020-12-31 00:00:00","DATE_TYPE_CODE":"001","REPORT_TYPE":"2020年年报","PER_NETCASH_OPERATE":5.536720721189,"PER_OI":13.130940367826,"BPS":85.284935090202,"BASIC_EPS":3.7200488,"DILUTED_EPS":null,"OPERATE_INCOME":48497821720,"OPERATE_INCOME_YOY":-27.3809812823,"GROSS_PROFIT":27065459120,"GROSS_PROFIT_YOY":-20.640862710185,"HOLDER_PROFIT":13745664480,"HOLDER_PROFIT_YOY":-43.9417862291,"GROSS_PROFIT_RATIO":57.434183033849,"EPS_TTM":3.721682628245,"OPERATE_INCOME_QOQ":-34.528920913539,"NET_PROFIT_RATIO":29.7350605934,"ROE_AVG":4.557161233436,"GROSS_PROFIT_QOQ":-16.176645524448,"ROA":3.175084567829,"HOLDER_PROFIT_QOQ":-26.097133541606,"ROE_YEARLY":4.557161233436,"ROIC_YEARLY":3.640461009151,"TOTAL_ASSETS":438244472920,"TOTAL_LIABILITIES":129179115400,"TAX_EBT":30.068309343742,"OCF_SALES":40.61345591308,"TOTAL_PARENT_EQUITY":303696535960,"DEBT_ASSET_RATIO":29.4764961984,"OPERATE_PROFIT":21313691360,"PRETAX_PROFIT":20699294160,"NETCASH_OPERATE":20449327080,"NETCASH_INVEST":-6113672960,"NETCASH_FINANCE":-16310983200,"END_CASH":48995230960,"DIVI_RATIO":0.490106702317,"DIVIDEND_RATE":6.340694006309,"CURRENT_RATIO":2.721361704531,"COMMON_ACS":8000000000,"CURRENTDEBT_DEBT":46.143271329446,"ISSUED_COMMON_SHARES":3499778333,"HK_COMMON_SHARES":3499778333,"PER_SHARES":500,"TOTAL_MARKET_CAP":110942973156.1,"HKSK_MARKET_CAP":110942973156.1,"PE_TTM":7.106262692551,"PB_TTM":0.28668546108,"REPORT_DATE_SQ":"2019-12-31 00:00:00","REPORT_TYPE_SQ":"2019年年报","OPERATE_INCOME_SQ":73796147960,"DPS_HKD":2.01,"OPERATE_INCOME_QOQ_SQ":37.717832163324,"NET_PROFIT_RATIO_SQ":36.4715593212,"HOLDER_PROFIT_SQ":26097654520,"HOLDER_PROFIT_QOQ_SQ":-5.404748857125,"ROE_AVG_SQ":8.431038050218,"PE_TTM_SQ":7.161759451751,"PB_TTM_SQ":0.356343425155,"ROA_SQ":5.921532679812,"START_DATE":"2020-01-01 00:00:00","FISCAL_YEAR":"12-31","CURRENCY":"HKD","IS_CNY_CODE":0,"DPS_HKD_LY":1.92,"ORG_TYPE":"一般企业","PREMIUM_INCOME":null,"PREMIUM_INCOME_YOY":null,"NET_INTEREST_INCOME":null,"NET_INTEREST_INCOME_YOY":null,"FEE_COMMISSION_INCOME":null,"FEE_COMMISSION_INCOME_YOY":null,"ACCOUNTS_RECE_TDAYS":6.712837837838,"INVENTORY_TDAYS":0.20901476195,"CURRENT_ASSETS_TDAYS":0.312198303979,"TOTAL_ASSETS_TDAYS":0.116305066293,"PREMIUM_EXPENSE":null,"LOAN_DEPOSIT":null,"LOAN_EQUITY":null,"LOAN_ASSETS":null,"DEPOSIT_EQUITY":null,"DEPOSIT_ASSETS":null,"EQUITY_MULTIPLIER":1.417966984189,"EQUITY_RATIO":0.425355906651},{"SECUCODE":"01113.HK","SECURITY_CODE":"01113","SECURITY_NAME_ABBR":"长实集团","ORG_CODE":"10434093","STD_REPORT_DATE":"2020-06-30 00:00:00","REPORT_DATE":"2020-06-30 00:00:00","DATE_TYPE_CODE":"002","REPORT_TYPE":"2020年中报","PER_NETCASH_OPERATE":2.805561801381,"PER_OI":7.233521823588,"BPS":89.383155113098,"BASIC_EPS":1.5711168,"DILUTED_EPS":null,"OPERATE_INCOME":26716293120,"OPERATE_INCOME_YOY":8.9879266657,"GROSS_PROFIT":13857798240,"GROSS_PROFIT_YOY":2.93096773758,"HOLDER_PROFIT":5809478400,"HOLDER_PROFIT_YOY":-57.9587519831,"GROSS_PROFIT_RATIO":51.870213347921,"EPS_TTM":5.035911063531,"OPERATE_INCOME_QOQ":4.213956210405,"NET_PROFIT_RATIO":25.5025984683,"ROE_AVG":1.791402955815,"GROSS_PROFIT_QOQ":1.157019705169,"ROA":1.259196490089,"HOLDER_PROFIT_QOQ":-28.730620501754,"ROE_YEARLY":3.58280591163,"ROIC_YEARLY":2.891898251561,"TOTAL_ASSETS":458648271840,"TOTAL_LIABILITIES":129687470880,"TAX_EBT":35.676095205243,"OCF_SALES":38.785557986871,"TOTAL_PARENT_EQUITY":323481074400,"DEBT_ASSET_RATIO":28.2760186493,"OPERATE_PROFIT":9985726080,"PRETAX_PROFIT":10592250240,"NETCASH_OPERATE":10362063360,"NETCASH_INVEST":-3095648160,"NETCASH_FINANCE":-8214565920,"END_CASH":52869907200,"DIVI_RATIO":0.362202901717,"DIVIDEND_RATE":6.340694006309,"CURRENT_RATIO":3.490141896938,"COMMON_ACS":8000000000,"CURRENTDEBT_DEBT":37.72442015256,"ISSUED_COMMON_SHARES":3499778333,"HK_COMMON_SHARES":3499778333,"PER_SHARES":500,"TOTAL_MARKET_CAP":110942973156.1,"HKSK_MARKET_CAP":110942973156.1,"PE_TTM":7.106262692551,"PB_TTM":0.28668546108,"REPORT_DATE_SQ":"2019-06-30 00:00:00","REPORT_TYPE_SQ":"2019年中报","OPERATE_INCOME_SQ":23606555760,"DPS_HKD":2.01,"OPERATE_INCOME_QOQ_SQ":21.418694768068,"NET_PROFIT_RATIO_SQ":58.5929348636,"HOLDER_PROFIT_SQ":13307496480,"HOLDER_PROFIT_QOQ_SQ":-21.512509088274,"ROE_AVG_SQ":4.452214040602,"PE_TTM_SQ":7.161759451751,"PB_TTM_SQ":0.356343425155,"ROA_SQ":3.176426247511,"START_DATE":"2020-01-01 00:00:00","FISCAL_YEAR":"12-31","CURRENCY":"HKD","IS_CNY_CODE":0,"DPS_HKD_LY":1.92,"ORG_TYPE":"一般企业","PREMIUM_INCOME":null,"PREMIUM_INCOME_YOY":null,"NET_INTEREST_INCOME":null,"NET_INTEREST_INCOME_YOY":null,"FEE_COMMISSION_INCOME":null,"FEE_COMMISSION_INCOME_YOY":null,"ACCOUNTS_RECE_TDAYS":4.307828264232,"INVENTORY_TDAYS":0.116792015299,"CURRENT_ASSETS_TDAYS":0.154978049898,"TOTAL_ASSETS_TDAYS":0.057907199595,"PREMIUM_EXPENSE":null,"LOAN_DEPOSIT":null,"LOAN_EQUITY":null,"LOAN_ASSETS":null,"DEPOSIT_EQUITY":null,"DEPOSIT_ASSETS":null,"EQUITY_MULTIPLIER":1.39423381297,"EQUITY_RATIO":0.400912081551}],"count":23},"success":true,"message":"ok","code":0}