{"version":"94157b9f56fd5a54e1a43e3c31890131","result":{"pages":4,"data":[{"SECUCODE":"01117.HK","SECURITY_CODE":"01117","SECURITY_NAME_ABBR":"现代牧业","ORG_CODE":"10166076","STD_REPORT_DATE":"2024-06-30 00:00:00","REPORT_DATE":"2024-06-30 00:00:00","DATE_TYPE_CODE":"002","REPORT_TYPE":"2024年中报","PER_NETCASH_OPERATE":0.050221446746,"PER_OI":0.810860665991,"BPS":1.354505022446,"BASIC_EPS":-0.0291,"DILUTED_EPS":-0.0291,"OPERATE_INCOME":6418499000,"OPERATE_INCOME_YOY":-3.2400019176,"GROSS_PROFIT":1677739000,"GROSS_PROFIT_YOY":10.322984944291,"HOLDER_PROFIT":-228346000,"HOLDER_PROFIT_YOY":-209.1061121517,"GROSS_PROFIT_RATIO":26.139117572504,"EPS_TTM":-0.033158944686,"OPERATE_INCOME_QOQ":-1.596964175731,"NET_PROFIT_RATIO":-3.2280755984,"ROE_AVG":-2.083183850376,"GROSS_PROFIT_QOQ":5.018745126699,"ROA":-0.71804488628,"HOLDER_PROFIT_QOQ":-249.849565252142,"ROE_YEARLY":-4.166367700752,"ROIC_YEARLY":-1.629198865862,"TOTAL_ASSETS":32207908000,"TOTAL_LIABILITIES":20206155000,"TAX_EBT":-8.340697437292,"OCF_SALES":6.193597599688,"TOTAL_PARENT_EQUITY":10721804000,"DEBT_ASSET_RATIO":62.7366266695,"OPERATE_PROFIT":32884000,"PRETAX_PROFIT":-191243000,"NETCASH_OPERATE":397536000,"NETCASH_INVEST":-1490210000,"NETCASH_FINANCE":2474139000,"END_CASH":3241401000,"DIVI_RATIO":-0.135008120507,"DIVIDEND_RATE":0.461682242991,"CURRENT_RATIO":1.042436663338,"COMMON_ACS":10000000000,"CURRENTDEBT_DEBT":35.205178818038,"ISSUED_COMMON_SHARES":7915662048,"HK_COMMON_SHARES":7915662048,"PER_SHARES":1000,"TOTAL_MARKET_CAP":8469758391.36,"HKSK_MARKET_CAP":8469758391.36,"PE_TTM":-29.832971405383,"PB_TTM":0.72097746691,"REPORT_DATE_SQ":"2023-06-30 00:00:00","REPORT_TYPE_SQ":"2023年中报","OPERATE_INCOME_SQ":6633422000,"DPS_HKD":0.00494,"OPERATE_INCOME_QOQ_SQ":8.143868150305,"NET_PROFIT_RATIO_SQ":3.2850163912,"HOLDER_PROFIT_SQ":209288000,"HOLDER_PROFIT_QOQ_SQ":-53.049171817805,"ROE_AVG_SQ":1.850129666784,"PE_TTM_SQ":21.06440395104,"PB_TTM_SQ":0.449704694057,"ROA_SQ":0.722777130428,"START_DATE":"2024-01-01 00:00:00","FISCAL_YEAR":"12-31","CURRENCY":"HKD","IS_CNY_CODE":0,"DPS_HKD_LY":0.00494,"ORG_TYPE":"一般企业","PREMIUM_INCOME":null,"PREMIUM_INCOME_YOY":null,"NET_INTEREST_INCOME":null,"NET_INTEREST_INCOME_YOY":null,"FEE_COMMISSION_INCOME":null,"FEE_COMMISSION_INCOME_YOY":null,"ACCOUNTS_RECE_TDAYS":3.42458756616,"INVENTORY_TDAYS":1.94615275671,"CURRENT_ASSETS_TDAYS":0.898723248505,"TOTAL_ASSETS_TDAYS":0.201832761885,"PREMIUM_EXPENSE":null,"LOAN_DEPOSIT":null,"LOAN_EQUITY":null,"LOAN_ASSETS":null,"DEPOSIT_EQUITY":null,"DEPOSIT_ASSETS":null,"EQUITY_MULTIPLIER":2.683600304059,"EQUITY_RATIO":1.884585373879},{"SECUCODE":"01117.HK","SECURITY_CODE":"01117","SECURITY_NAME_ABBR":"现代牧业","ORG_CODE":"10166076","STD_REPORT_DATE":"2023-12-31 00:00:00","REPORT_DATE":"2023-12-31 00:00:00","DATE_TYPE_CODE":"001","REPORT_TYPE":"2023年年报","PER_NETCASH_OPERATE":0.688378175692,"PER_OI":1.700201817408,"BPS":1.415040830707,"BASIC_EPS":0.0223,"DILUTED_EPS":0.0221,"OPERATE_INCOME":13458223000,"OPERATE_INCOME_YOY":9.4601333166,"GROSS_PROFIT":3128013000,"GROSS_PROFIT_YOY":-4.253654523032,"HOLDER_PROFIT":175159000,"HOLDER_PROFIT_YOY":-68.8604561447,"GROSS_PROFIT_RATIO":23.242392402028,"EPS_TTM":0.022128155414,"OPERATE_INCOME_QOQ":1.217142671915,"NET_PROFIT_RATIO":1.3778490667,"ROE_AVG":1.559387533607,"GROSS_PROFIT_QOQ":-0.156244613631,"ROA":0.581772858617,"HOLDER_PROFIT_QOQ":-33.676262888257,"ROE_YEARLY":1.559387533607,"ROIC_YEARLY":0.635723771436,"TOTAL_ASSETS":31394244000,"TOTAL_LIABILITIES":19551480000,"TAX_EBT":19.02303970375,"OCF_SALES":40.488027282651,"TOTAL_PARENT_EQUITY":11200985000,"DEBT_ASSET_RATIO":62.277276051,"OPERATE_PROFIT":754182000,"PRETAX_PROFIT":228996000,"NETCASH_OPERATE":5448969000,"NETCASH_INVEST":-3881144000,"NETCASH_FINANCE":-1633936000,"END_CASH":1859738000,"DIVI_RATIO":0.202309081635,"DIVIDEND_RATE":0.548888888889,"CURRENT_RATIO":0.811565437568,"COMMON_ACS":10000000000,"CURRENTDEBT_DEBT":43.284620908494,"ISSUED_COMMON_SHARES":7915662048,"HK_COMMON_SHARES":7915662048,"PER_SHARES":1000,"TOTAL_MARKET_CAP":7124095843.2,"HKSK_MARKET_CAP":7124095843.2,"PE_TTM":-25.093153518546,"PB_TTM":0.606429645065,"REPORT_DATE_SQ":"2022-12-31 00:00:00","REPORT_TYPE_SQ":"2022年年报","OPERATE_INCOME_SQ":12295091000,"DPS_HKD":0.00494,"OPERATE_INCOME_QOQ_SQ":29.00272451318,"NET_PROFIT_RATIO_SQ":4.7194933327,"HOLDER_PROFIT_SQ":562497000,"HOLDER_PROFIT_QOQ_SQ":-45.379201454232,"ROE_AVG_SQ":5.083788511824,"PE_TTM_SQ":22.268084176814,"PB_TTM_SQ":0.475402105146,"ROA_SQ":2.14303907764,"START_DATE":"2023-01-01 00:00:00","FISCAL_YEAR":"12-31","CURRENCY":"HKD","IS_CNY_CODE":0,"DPS_HKD_LY":0.01566,"ORG_TYPE":"一般企业","PREMIUM_INCOME":null,"PREMIUM_INCOME_YOY":null,"NET_INTEREST_INCOME":null,"NET_INTEREST_INCOME_YOY":null,"FEE_COMMISSION_INCOME":null,"FEE_COMMISSION_INCOME_YOY":null,"ACCOUNTS_RECE_TDAYS":6.533373270169,"INVENTORY_TDAYS":3.268891387358,"CURRENT_ASSETS_TDAYS":1.819272628788,"TOTAL_ASSETS_TDAYS":0.447001231259,"PREMIUM_EXPENSE":null,"LOAN_DEPOSIT":null,"LOAN_EQUITY":null,"LOAN_ASSETS":null,"DEPOSIT_EQUITY":null,"DEPOSIT_ASSETS":null,"EQUITY_MULTIPLIER":2.650922031378,"EQUITY_RATIO":1.74551434539},{"SECUCODE":"01117.HK","SECURITY_CODE":"01117","SECURITY_NAME_ABBR":"现代牧业","ORG_CODE":"10166076","STD_REPORT_DATE":"2023-06-30 00:00:00","REPORT_DATE":"2023-06-30 00:00:00","DATE_TYPE_CODE":"002","REPORT_TYPE":"2023年中报","PER_NETCASH_OPERATE":0.275767457828,"PER_OI":0.83801227993,"BPS":1.435132896164,"BASIC_EPS":0.0266,"DILUTED_EPS":0.0265,"OPERATE_INCOME":6633422000,"OPERATE_INCOME_YOY":17.778295443,"GROSS_PROFIT":1520752000,"GROSS_PROFIT_YOY":-8.101833247423,"HOLDER_PROFIT":209288000,"HOLDER_PROFIT_YOY":-58.7762562834,"GROSS_PROFIT_RATIO":22.925603105004,"EPS_TTM":0.033363854899,"OPERATE_INCOME_QOQ":8.143868150305,"NET_PROFIT_RATIO":3.2850163912,"ROE_AVG":1.850129666784,"GROSS_PROFIT_QOQ":-4.103821910089,"ROA":0.722777130428,"HOLDER_PROFIT_QOQ":-53.049171817805,"ROE_YEARLY":3.700259333569,"ROIC_YEARLY":1.591231953678,"TOTAL_ASSETS":29090828000,"TOTAL_LIABILITIES":17311139000,"TAX_EBT":6.59948736852,"OCF_SALES":32.907328977412,"TOTAL_PARENT_EQUITY":11360027000,"DEBT_ASSET_RATIO":59.5072061888,"OPERATE_PROFIT":488279000,"PRETAX_PROFIT":233306000,"NETCASH_OPERATE":2182882000,"NETCASH_INVEST":-1286187000,"NETCASH_FINANCE":-656188000,"END_CASH":2168105000,"DIVI_RATIO":0.134178943456,"DIVIDEND_RATE":0.548888888889,"CURRENT_RATIO":1.021069484782,"COMMON_ACS":10000000000,"CURRENTDEBT_DEBT":36.722372802853,"ISSUED_COMMON_SHARES":7915662048,"HK_COMMON_SHARES":7915662048,"PER_SHARES":1000,"TOTAL_MARKET_CAP":7124095843.2,"HKSK_MARKET_CAP":7124095843.2,"PE_TTM":-25.093153518546,"PB_TTM":0.606429645065,"REPORT_DATE_SQ":"2022-06-30 00:00:00","REPORT_TYPE_SQ":"2022年中报","OPERATE_INCOME_SQ":5632126000,"DPS_HKD":0.00494,"OPERATE_INCOME_QOQ_SQ":34.646004009341,"NET_PROFIT_RATIO_SQ":9.4305063488,"HOLDER_PROFIT_SQ":507688000,"HOLDER_PROFIT_QOQ_SQ":1.078686181824,"ROE_AVG_SQ":4.606026834165,"PE_TTM_SQ":22.268084176814,"PB_TTM_SQ":0.475402105146,"ROA_SQ":2.071427461053,"START_DATE":"2023-01-01 00:00:00","FISCAL_YEAR":"12-31","CURRENCY":"HKD","IS_CNY_CODE":0,"DPS_HKD_LY":0.01566,"ORG_TYPE":"一般企业","PREMIUM_INCOME":null,"PREMIUM_INCOME_YOY":null,"NET_INTEREST_INCOME":null,"NET_INTEREST_INCOME_YOY":null,"FEE_COMMISSION_INCOME":null,"FEE_COMMISSION_INCOME_YOY":null,"ACCOUNTS_RECE_TDAYS":3.28892370584,"INVENTORY_TDAYS":1.829772240746,"CURRENT_ASSETS_TDAYS":0.920154137167,"TOTAL_ASSETS_TDAYS":0.22908555283,"PREMIUM_EXPENSE":null,"LOAN_DEPOSIT":null,"LOAN_EQUITY":null,"LOAN_ASSETS":null,"DEPOSIT_EQUITY":null,"DEPOSIT_ASSETS":null,"EQUITY_MULTIPLIER":2.469575215438,"EQUITY_RATIO":1.523864247858},{"SECUCODE":"01117.HK","SECURITY_CODE":"01117","SECURITY_NAME_ABBR":"现代牧业","ORG_CODE":"10166076","STD_REPORT_DATE":"2022-12-31 00:00:00","REPORT_DATE":"2022-12-31 00:00:00","DATE_TYPE_CODE":"001","REPORT_TYPE":"2022年年报","PER_NETCASH_OPERATE":0.199238925366,"PER_OI":1.553261233924,"BPS":1.423016411223,"BASIC_EPS":0.0716,"DILUTED_EPS":0.0713,"OPERATE_INCOME":12295091000,"OPERATE_INCOME_YOY":73.6970136202,"GROSS_PROFIT":3266979000,"GROSS_PROFIT_YOY":28.143205954167,"HOLDER_PROFIT":562497000,"HOLDER_PROFIT_YOY":-44.7900144479,"GROSS_PROFIT_RATIO":26.571409678871,"EPS_TTM":0.07106127025,"OPERATE_INCOME_QOQ":29.00272451318,"NET_PROFIT_RATIO":4.7194933327,"ROE_AVG":5.083788511824,"GROSS_PROFIT_QOQ":8.081447685365,"ROA":2.14303907764,"HOLDER_PROFIT_QOQ":-45.379201454232,"ROE_YEARLY":5.083788511824,"ROIC_YEARLY":2.350941912513,"TOTAL_ASSETS":28821353000,"TOTAL_LIABILITIES":17178053000,"TAX_EBT":2.483022178304,"OCF_SALES":12.827135642998,"TOTAL_PARENT_EQUITY":11264117000,"DEBT_ASSET_RATIO":59.6018271592,"OPERATE_PROFIT":959190000,"PRETAX_PROFIT":595041000,"NETCASH_OPERATE":1577108000,"NETCASH_INVEST":-3991492000,"NETCASH_FINANCE":2588245000,"END_CASH":1924409000,"DIVI_RATIO":0.062998125199,"DIVIDEND_RATE":0.548888888889,"CURRENT_RATIO":0.936102640491,"COMMON_ACS":10000000000,"CURRENTDEBT_DEBT":49.296384171128,"ISSUED_COMMON_SHARES":7915662048,"HK_COMMON_SHARES":7915662048,"PER_SHARES":1000,"TOTAL_MARKET_CAP":7124095843.2,"HKSK_MARKET_CAP":7124095843.2,"PE_TTM":-25.093153518546,"PB_TTM":0.606429645065,"REPORT_DATE_SQ":"2021-12-31 00:00:00","REPORT_TYPE_SQ":"2021年年报","OPERATE_INCOME_SQ":7078470000,"DPS_HKD":0.00494,"OPERATE_INCOME_QOQ_SQ":11.083369139831,"NET_PROFIT_RATIO_SQ":14.5963605129,"HOLDER_PROFIT_SQ":1018832000,"HOLDER_PROFIT_QOQ_SQ":-2.594715728528,"ROE_AVG_SQ":10.860675069745,"PE_TTM_SQ":22.268084176814,"PB_TTM_SQ":0.475402105146,"ROA_SQ":5.192542982068,"START_DATE":"2022-01-01 00:00:00","FISCAL_YEAR":"12-31","CURRENCY":"HKD","IS_CNY_CODE":0,"DPS_HKD_LY":0.03061,"ORG_TYPE":"一般企业","PREMIUM_INCOME":null,"PREMIUM_INCOME_YOY":null,"NET_INTEREST_INCOME":null,"NET_INTEREST_INCOME_YOY":null,"FEE_COMMISSION_INCOME":null,"FEE_COMMISSION_INCOME_YOY":null,"ACCOUNTS_RECE_TDAYS":7.220136485702,"INVENTORY_TDAYS":3.241334035829,"CURRENT_ASSETS_TDAYS":1.853124224495,"TOTAL_ASSETS_TDAYS":0.468426684518,"PREMIUM_EXPENSE":null,"LOAN_DEPOSIT":null,"LOAN_EQUITY":null,"LOAN_ASSETS":null,"DEPOSIT_EQUITY":null,"DEPOSIT_ASSETS":null,"EQUITY_MULTIPLIER":2.475359477125,"EQUITY_RATIO":1.525024376078},{"SECUCODE":"01117.HK","SECURITY_CODE":"01117","SECURITY_NAME_ABBR":"现代牧业","ORG_CODE":"10166076","STD_REPORT_DATE":"2022-06-30 00:00:00","REPORT_DATE":"2022-06-30 00:00:00","DATE_TYPE_CODE":"002","REPORT_TYPE":"2022年中报","PER_NETCASH_OPERATE":0.161981271083,"PER_OI":0.711516733009,"BPS":1.412336445418,"BASIC_EPS":0.0646,"DILUTED_EPS":0.0645,"OPERATE_INCOME":5632126000,"OPERATE_INCOME_YOY":77.1265322502,"GROSS_PROFIT":1654823000,"GROSS_PROFIT_YOY":40.049695454542,"HOLDER_PROFIT":507688000,"HOLDER_PROFIT_YOY":2.2126120902,"GROSS_PROFIT_RATIO":29.381853317912,"EPS_TTM":0.130099288443,"OPERATE_INCOME_QOQ":34.646004009341,"NET_PROFIT_RATIO":9.4305063488,"ROE_AVG":4.606026834165,"GROSS_PROFIT_QOQ":18.561703880211,"ROA":2.071427461053,"HOLDER_PROFIT_QOQ":1.078686181824,"ROE_YEARLY":9.212053668331,"ROIC_YEARLY":4.597236938246,"TOTAL_ASSETS":25344268000,"TOTAL_LIABILITIES":13814877000,"TAX_EBT":0.661894938439,"OCF_SALES":22.765630598463,"TOTAL_PARENT_EQUITY":11179578000,"DEBT_ASSET_RATIO":54.508881456,"OPERATE_PROFIT":685501000,"PRETAX_PROFIT":534677000,"NETCASH_OPERATE":1282189000,"NETCASH_INVEST":-1841480000,"NETCASH_FINANCE":1059109000,"END_CASH":2237501000,"DIVI_RATIO":0.034410079053,"DIVIDEND_RATE":0.548888888889,"CURRENT_RATIO":0.825987294786,"COMMON_ACS":10000000000,"CURRENTDEBT_DEBT":47.860947296165,"ISSUED_COMMON_SHARES":7915662048,"HK_COMMON_SHARES":7915662048,"PER_SHARES":1000,"TOTAL_MARKET_CAP":7124095843.2,"HKSK_MARKET_CAP":7124095843.2,"PE_TTM":-25.093153518546,"PB_TTM":0.606429645065,"REPORT_DATE_SQ":"2021-06-30 00:00:00","REPORT_TYPE_SQ":"2021年中报","OPERATE_INCOME_SQ":3179719000,"DPS_HKD":0.00494,"OPERATE_INCOME_QOQ_SQ":5.846388030259,"NET_PROFIT_RATIO_SQ":15.9014680228,"HOLDER_PROFIT_SQ":496698000,"HOLDER_PROFIT_QOQ_SQ":35.83875534084,"ROE_AVG_SQ":5.69568085161,"PE_TTM_SQ":22.268084176814,"PB_TTM_SQ":0.475402105146,"ROA_SQ":3.10187072847,"START_DATE":"2022-01-01 00:00:00","FISCAL_YEAR":"12-31","CURRENCY":"HKD","IS_CNY_CODE":0,"DPS_HKD_LY":0.03061,"ORG_TYPE":"一般企业","PREMIUM_INCOME":null,"PREMIUM_INCOME_YOY":null,"NET_INTEREST_INCOME":null,"NET_INTEREST_INCOME_YOY":null,"FEE_COMMISSION_INCOME":null,"FEE_COMMISSION_INCOME_YOY":null,"ACCOUNTS_RECE_TDAYS":null,"INVENTORY_TDAYS":2.110012005515,"CURRENT_ASSETS_TDAYS":1.042611149359,"TOTAL_ASSETS_TDAYS":0.229797443716,"PREMIUM_EXPENSE":null,"LOAN_DEPOSIT":null,"LOAN_EQUITY":null,"LOAN_ASSETS":null,"DEPOSIT_EQUITY":null,"DEPOSIT_ASSETS":null,"EQUITY_MULTIPLIER":2.198231285592,"EQUITY_RATIO":1.235724371707},{"SECUCODE":"01117.HK","SECURITY_CODE":"01117","SECURITY_NAME_ABBR":"现代牧业","ORG_CODE":"10166076","STD_REPORT_DATE":"2021-12-31 00:00:00","REPORT_DATE":"2021-12-31 00:00:00","DATE_TYPE_CODE":"001","REPORT_TYPE":"2021年年报","PER_NETCASH_OPERATE":0.236077031671,"PER_OI":0.894236004149,"BPS":1.372586516973,"BASIC_EPS":0.1443,"DILUTED_EPS":0.1439,"OPERATE_INCOME":7078470000,"OPERATE_INCOME_YOY":17.5777339368,"GROSS_PROFIT":2549475000,"GROSS_PROFIT_YOY":3.692497787438,"HOLDER_PROFIT":1018832000,"HOLDER_PROFIT_YOY":32.3141257906,"GROSS_PROFIT_RATIO":36.01731730162,"EPS_TTM":0.128710901732,"OPERATE_INCOME_QOQ":11.083369139831,"NET_PROFIT_RATIO":14.5963605129,"ROE_AVG":10.860675069745,"GROSS_PROFIT_QOQ":-47.602925961869,"ROA":5.192542982068,"HOLDER_PROFIT_QOQ":-2.594715728528,"ROE_YEARLY":10.860675069745,"ROIC_YEARLY":5.685550653091,"TOTAL_ASSETS":23673910000,"TOTAL_LIABILITIES":12559176000,"TAX_EBT":0.195417021663,"OCF_SALES":26.399857596345,"TOTAL_PARENT_EQUITY":10864931000,"DEBT_ASSET_RATIO":53.0507043408,"OPERATE_PROFIT":1196426000,"PRETAX_PROFIT":1035222000,"NETCASH_OPERATE":1868706000,"NETCASH_INVEST":-2873830000,"NETCASH_FINANCE":1639675000,"END_CASH":1737683000,"DIVI_RATIO":0.03478125582,"DIVIDEND_RATE":0.548888888889,"CURRENT_RATIO":0.880733882945,"COMMON_ACS":10000000000,"CURRENTDEBT_DEBT":48.299195743415,"ISSUED_COMMON_SHARES":7915662048,"HK_COMMON_SHARES":7915662048,"PER_SHARES":1000,"TOTAL_MARKET_CAP":7124095843.2,"HKSK_MARKET_CAP":7124095843.2,"PE_TTM":-25.093153518546,"PB_TTM":0.606429645065,"REPORT_DATE_SQ":"2020-12-31 00:00:00","REPORT_TYPE_SQ":"2020年年报","OPERATE_INCOME_SQ":6020247000,"DPS_HKD":0.00494,"OPERATE_INCOME_QOQ_SQ":4.303973662421,"NET_PROFIT_RATIO_SQ":13.0188179987,"HOLDER_PROFIT_SQ":770010000,"HOLDER_PROFIT_QOQ_SQ":76.144409088933,"ROE_AVG_SQ":10.281578054858,"PE_TTM_SQ":22.268084176814,"PB_TTM_SQ":0.475402105146,"ROA_SQ":4.921386033492,"START_DATE":"2021-01-01 00:00:00","FISCAL_YEAR":"12-31","CURRENCY":"HKD","IS_CNY_CODE":0,"DPS_HKD_LY":0.0243,"ORG_TYPE":"一般企业","PREMIUM_INCOME":null,"PREMIUM_INCOME_YOY":null,"NET_INTEREST_INCOME":null,"NET_INTEREST_INCOME_YOY":null,"FEE_COMMISSION_INCOME":null,"FEE_COMMISSION_INCOME_YOY":null,"ACCOUNTS_RECE_TDAYS":7.34079324667,"INVENTORY_TDAYS":2.703948641039,"CURRENT_ASSETS_TDAYS":1.679915274098,"TOTAL_ASSETS_TDAYS":0.360758787732,"PREMIUM_EXPENSE":null,"LOAN_DEPOSIT":null,"LOAN_EQUITY":null,"LOAN_ASSETS":null,"DEPOSIT_EQUITY":null,"DEPOSIT_ASSETS":null,"EQUITY_MULTIPLIER":2.12995740609,"EQUITY_RATIO":1.155937023438},{"SECUCODE":"01117.HK","SECURITY_CODE":"01117","SECURITY_NAME_ABBR":"现代牧业","ORG_CODE":"10166076","STD_REPORT_DATE":"2021-06-30 00:00:00","REPORT_DATE":"2021-06-30 00:00:00","DATE_TYPE_CODE":"002","REPORT_TYPE":"2021年中报","PER_NETCASH_OPERATE":0.206072084148,"PER_OI":0.447308082067,"BPS":1.205747913709,"BASIC_EPS":0.0713,"DILUTED_EPS":0.0712,"OPERATE_INCOME":3179719000,"OPERATE_INCOME_YOY":12.4468836022,"GROSS_PROFIT":1181597000,"GROSS_PROFIT_YOY":12.317291450613,"HOLDER_PROFIT":496698000,"HOLDER_PROFIT_YOY":125.0190272543,"GROSS_PROFIT_RATIO":37.160422037293,"EPS_TTM":0.147142476809,"OPERATE_INCOME_QOQ":5.846388030259,"NET_PROFIT_RATIO":15.9014680228,"ROE_AVG":5.69568085161,"GROSS_PROFIT_QOQ":2.7360052634,"ROA":3.10187072847,"HOLDER_PROFIT_QOQ":35.83875534084,"ROE_YEARLY":11.391361703221,"ROIC_YEARLY":6.999412544422,"TOTAL_ASSETS":16457495000,"TOTAL_LIABILITIES":6760785000,"TAX_EBT":0.082997063485,"OCF_SALES":46.069385376507,"TOTAL_PARENT_EQUITY":9544293000,"DEBT_ASSET_RATIO":41.080279836,"OPERATE_PROFIT":584002000,"PRETAX_PROFIT":506042000,"NETCASH_OPERATE":1464877000,"NETCASH_INVEST":-825575000,"NETCASH_FINANCE":399898000,"END_CASH":2142332000,"DIVI_RATIO":0.030424435534,"DIVIDEND_RATE":0.548888888889,"CURRENT_RATIO":1.01894619197,"COMMON_ACS":10000000000,"CURRENTDEBT_DEBT":53.917082113985,"ISSUED_COMMON_SHARES":7915662048,"HK_COMMON_SHARES":7915662048,"PER_SHARES":1000,"TOTAL_MARKET_CAP":7124095843.2,"HKSK_MARKET_CAP":7124095843.2,"PE_TTM":-25.093153518546,"PB_TTM":0.606429645065,"REPORT_DATE_SQ":"2020-06-30 00:00:00","REPORT_TYPE_SQ":"2020年中报","OPERATE_INCOME_SQ":2827752000,"DPS_HKD":0.00494,"OPERATE_INCOME_QOQ_SQ":4.671911298264,"NET_PROFIT_RATIO_SQ":8.0033539009,"HOLDER_PROFIT_SQ":220736000,"HOLDER_PROFIT_QOQ_SQ":28.094177630615,"ROE_AVG_SQ":3.067936625127,"PE_TTM_SQ":22.268084176814,"PB_TTM_SQ":0.475402105146,"ROA_SQ":1.426523806622,"START_DATE":"2021-01-01 00:00:00","FISCAL_YEAR":"12-31","CURRENCY":"HKD","IS_CNY_CODE":0,"DPS_HKD_LY":0.0243,"ORG_TYPE":"一般企业","PREMIUM_INCOME":null,"PREMIUM_INCOME_YOY":null,"NET_INTEREST_INCOME":null,"NET_INTEREST_INCOME_YOY":null,"FEE_COMMISSION_INCOME":null,"FEE_COMMISSION_INCOME_YOY":null,"ACCOUNTS_RECE_TDAYS":4.633676250821,"INVENTORY_TDAYS":2.111525711381,"CURRENT_ASSETS_TDAYS":0.935357138707,"TOTAL_ASSETS_TDAYS":0.19857292139,"PREMIUM_EXPENSE":null,"LOAN_DEPOSIT":null,"LOAN_EQUITY":null,"LOAN_ASSETS":null,"DEPOSIT_EQUITY":null,"DEPOSIT_ASSETS":null,"EQUITY_MULTIPLIER":1.697224625671,"EQUITY_RATIO":0.708358911446},{"SECUCODE":"01117.HK","SECURITY_CODE":"01117","SECURITY_NAME_ABBR":"现代牧业","ORG_CODE":"10166076","STD_REPORT_DATE":"2020-12-31 00:00:00","REPORT_DATE":"2020-12-31 00:00:00","DATE_TYPE_CODE":"001","REPORT_TYPE":"2020年年报","PER_NETCASH_OPERATE":0.300166943546,"PER_OI":0.9321337042,"BPS":0.997632661945,"BASIC_EPS":0.1207,"DILUTED_EPS":0.1204,"OPERATE_INCOME":6020247000,"OPERATE_INCOME_YOY":9.1769627925,"GROSS_PROFIT":2458688000,"GROSS_PROFIT_YOY":-39.145001287052,"HOLDER_PROFIT":770010000,"HOLDER_PROFIT_YOY":125.6307322648,"GROSS_PROFIT_RATIO":78.66956289335,"EPS_TTM":0.11922306071,"OPERATE_INCOME_QOQ":4.303973662421,"NET_PROFIT_RATIO":13.0188179987,"ROE_AVG":10.281578054858,"GROSS_PROFIT_QOQ":9.179527527471,"ROA":4.921386033492,"HOLDER_PROFIT_QOQ":76.144409088933,"ROE_YEARLY":10.281578054858,"ROIC_YEARLY":5.309031980228,"TOTAL_ASSETS":15568211000,"TOTAL_LIABILITIES":7529767000,"TAX_EBT":0.081463123594,"OCF_SALES":32.202133899157,"TOTAL_PARENT_EQUITY":7896923000,"DEBT_ASSET_RATIO":48.366295909,"OPERATE_PROFIT":928944000,"PRETAX_PROFIT":784404000,"NETCASH_OPERATE":1938648000,"NETCASH_INVEST":-765730000,"NETCASH_FINANCE":-963990000,"END_CASH":1103132000,"DIVI_RATIO":0.037549168536,"DIVIDEND_RATE":0.548888888889,"CURRENT_RATIO":0.621174497584,"COMMON_ACS":10000000000,"CURRENTDEBT_DEBT":65.949597112368,"ISSUED_COMMON_SHARES":7915662048,"HK_COMMON_SHARES":7915662048,"PER_SHARES":1000,"TOTAL_MARKET_CAP":7124095843.2,"HKSK_MARKET_CAP":7124095843.2,"PE_TTM":-25.093153518546,"PB_TTM":0.606429645065,"REPORT_DATE_SQ":"2019-12-31 00:00:00","REPORT_TYPE_SQ":"2019年年报","OPERATE_INCOME_SQ":5514210000,"DPS_HKD":0.00494,"OPERATE_INCOME_QOQ_SQ":9.004616606579,"NET_PROFIT_RATIO_SQ":6.3446441104,"HOLDER_PROFIT_SQ":341270000,"HOLDER_PROFIT_QOQ_SQ":247.749362496158,"ROE_AVG_SQ":5.045830458795,"PE_TTM_SQ":22.268084176814,"PB_TTM_SQ":0.475402105146,"ROA_SQ":2.155181532695,"START_DATE":"2020-01-01 00:00:00","FISCAL_YEAR":"12-31","CURRENCY":"HKD","IS_CNY_CODE":0,"DPS_HKD_LY":null,"ORG_TYPE":"一般企业","PREMIUM_INCOME":null,"PREMIUM_INCOME_YOY":null,"NET_INTEREST_INCOME":null,"NET_INTEREST_INCOME_YOY":null,"FEE_COMMISSION_INCOME":null,"FEE_COMMISSION_INCOME_YOY":null,"ACCOUNTS_RECE_TDAYS":9.08752878417,"INVENTORY_TDAYS":1.148026895126,"CURRENT_ASSETS_TDAYS":2.012233005685,"TOTAL_ASSETS_TDAYS":0.384773697796,"PREMIUM_EXPENSE":null,"LOAN_DEPOSIT":null,"LOAN_EQUITY":null,"LOAN_ASSETS":null,"DEPOSIT_EQUITY":null,"DEPOSIT_ASSETS":null,"EQUITY_MULTIPLIER":1.936719469588,"EQUITY_RATIO":0.953506448018},{"SECUCODE":"01117.HK","SECURITY_CODE":"01117","SECURITY_NAME_ABBR":"现代牧业","ORG_CODE":"10166076","STD_REPORT_DATE":"2020-06-30 00:00:00","REPORT_DATE":"2020-06-30 00:00:00","DATE_TYPE_CODE":"002","REPORT_TYPE":"2020年中报","PER_NETCASH_OPERATE":0.164679945262,"PER_OI":0.441309773302,"BPS":0.923277163133,"BASIC_EPS":0.0347,"DILUTED_EPS":0.0346,"OPERATE_INCOME":2827752000,"OPERATE_INCOME_YOY":10.0235668738,"GROSS_PROFIT":1052017000,"GROSS_PROFIT_YOY":-38.648850238548,"HOLDER_PROFIT":220736000,"HOLDER_PROFIT_YOY":76.7882171089,"GROSS_PROFIT_RATIO":71.166424778411,"EPS_TTM":0.06822282982,"OPERATE_INCOME_QOQ":4.671911298264,"NET_PROFIT_RATIO":8.0033539009,"ROE_AVG":3.067936625127,"GROSS_PROFIT_QOQ":7.36745836881,"ROA":1.426523806622,"HOLDER_PROFIT_QOQ":28.094177630615,"ROE_YEARLY":6.135873250253,"ROIC_YEARLY":3.065182621485,"TOTAL_ASSETS":15223205000,"TOTAL_LIABILITIES":7783169000,"TAX_EBT":0.12180536738,"OCF_SALES":37.316179070866,"TOTAL_PARENT_EQUITY":7308350000,"DEBT_ASSET_RATIO":51.1270064352,"OPERATE_PROFIT":428662000,"PRETAX_PROFIT":226591000,"NETCASH_OPERATE":1055209000,"NETCASH_INVEST":-423424000,"NETCASH_FINANCE":-535494000,"END_CASH":990495000,"DIVI_RATIO":0.065619189527,"DIVIDEND_RATE":0.548888888889,"CURRENT_RATIO":0.448998316417,"COMMON_ACS":10000000000,"CURRENTDEBT_DEBT":70.339382326145,"ISSUED_COMMON_SHARES":7915662048,"HK_COMMON_SHARES":7915662048,"PER_SHARES":1000,"TOTAL_MARKET_CAP":7124095843.2,"HKSK_MARKET_CAP":7124095843.2,"PE_TTM":-25.093153518546,"PB_TTM":0.606429645065,"REPORT_DATE_SQ":"2019-06-30 00:00:00","REPORT_TYPE_SQ":"2019年中报","OPERATE_INCOME_SQ":2570133000,"DPS_HKD":0.00494,"OPERATE_INCOME_QOQ_SQ":2.055414257271,"NET_PROFIT_RATIO_SQ":5.2013261571,"HOLDER_PROFIT_SQ":124859000,"HOLDER_PROFIT_QOQ_SQ":53.439913886246,"ROE_AVG_SQ":1.920980689574,"PE_TTM_SQ":22.268084176814,"PB_TTM_SQ":0.475402105146,"ROA_SQ":0.794774990498,"START_DATE":"2020-01-01 00:00:00","FISCAL_YEAR":"12-31","CURRENCY":"HKD","IS_CNY_CODE":0,"DPS_HKD_LY":null,"ORG_TYPE":"一般企业","PREMIUM_INCOME":null,"PREMIUM_INCOME_YOY":null,"NET_INTEREST_INCOME":null,"NET_INTEREST_INCOME_YOY":null,"FEE_COMMISSION_INCOME":null,"FEE_COMMISSION_INCOME_YOY":null,"ACCOUNTS_RECE_TDAYS":4.518897375438,"INVENTORY_TDAYS":0.930588924131,"CURRENT_ASSETS_TDAYS":1.055704693351,"TOTAL_ASSETS_TDAYS":0.182745702886,"PREMIUM_EXPENSE":null,"LOAN_DEPOSIT":null,"LOAN_EQUITY":null,"LOAN_ASSETS":null,"DEPOSIT_EQUITY":null,"DEPOSIT_ASSETS":null,"EQUITY_MULTIPLIER":2.04611980372,"EQUITY_RATIO":1.064969384334}],"count":32},"success":true,"message":"ok","code":0}