{"version":"4d74df971c99d290b2d3a316fdfbc080","result":{"pages":4,"data":[{"SECUCODE":"01127.HK","SECURITY_CODE":"01127","SECURITY_NAME_ABBR":"狮子山集团","ORG_CODE":"10162342","STD_REPORT_DATE":"2024-06-30 00:00:00","REPORT_DATE":"2024-06-30 00:00:00","DATE_TYPE_CODE":"002","REPORT_TYPE":"2024年中报","PER_NETCASH_OPERATE":0.148897222857,"PER_OI":1.490293836623,"BPS":1.698355244156,"BASIC_EPS":0.09628774,"DILUTED_EPS":0.095740132,"OPERATE_INCOME":1147526254.2,"OPERATE_INCOME_YOY":3.937388659,"GROSS_PROFIT":364384751.96,"GROSS_PROFIT_YOY":3.267392399037,"HOLDER_PROFIT":72191162.64,"HOLDER_PROFIT_YOY":11.1598296724,"GROSS_PROFIT_RATIO":31.753935966723,"EPS_TTM":0.226573083558,"OPERATE_INCOME_QOQ":1.387369781767,"NET_PROFIT_RATIO":6.9867932857,"ROE_AVG":5.482908454949,"GROSS_PROFIT_QOQ":1.515961923884,"ROA":2.858385979316,"HOLDER_PROFIT_QOQ":3.923046563315,"ROE_YEARLY":10.965816909898,"ROIC_YEARLY":8.601816105704,"TOTAL_ASSETS":2414052290.2,"TOTAL_LIABILITIES":913119911.76,"TAX_EBT":21.481944941008,"OCF_SALES":9.991131896144,"TOTAL_PARENT_EQUITY":1307733538,"DEBT_ASSET_RATIO":37.8251919176,"OPERATE_PROFIT":105260297.08,"PRETAX_PROFIT":102110638.4,"NETCASH_OPERATE":114650861.6,"NETCASH_INVEST":-214224249.6,"NETCASH_FINANCE":-139804322.4,"END_CASH":471276008.2,"DIVI_RATIO":0.380397347498,"DIVIDEND_RATE":7.421875,"CURRENT_RATIO":2.004268959958,"COMMON_ACS":1500000000,"CURRENTDEBT_DEBT":83.937841960175,"ISSUED_COMMON_SHARES":770000000,"HK_COMMON_SHARES":770000000,"PER_SHARES":4000,"TOTAL_MARKET_CAP":985600000,"HKSK_MARKET_CAP":985600000,"PE_TTM":5.101739747087,"PB_TTM":0.68785985972,"REPORT_DATE_SQ":"2023-06-30 00:00:00","REPORT_TYPE_SQ":"2023年中报","OPERATE_INCOME_SQ":1115305376.3,"DPS_HKD":0.095,"OPERATE_INCOME_QOQ_SQ":8.339444167504,"NET_PROFIT_RATIO_SQ":6.9032020733,"HOLDER_PROFIT_SQ":65605330.86,"HOLDER_PROFIT_QOQ_SQ":-27.692979565372,"ROE_AVG_SQ":5.252941339313,"PE_TTM_SQ":5.46563001685,"PB_TTM_SQ":0.609728571249,"ROA_SQ":2.549951191963,"START_DATE":"2024-01-01 00:00:00","FISCAL_YEAR":"12-31","CURRENCY":"HKD","IS_CNY_CODE":0,"DPS_HKD_LY":0.095,"ORG_TYPE":"一般企业","PREMIUM_INCOME":null,"PREMIUM_INCOME_YOY":null,"NET_INTEREST_INCOME":null,"NET_INTEREST_INCOME_YOY":null,"FEE_COMMISSION_INCOME":null,"FEE_COMMISSION_INCOME_YOY":null,"ACCOUNTS_RECE_TDAYS":1.731280826841,"INVENTORY_TDAYS":2.025030030845,"CURRENT_ASSETS_TDAYS":0.699090520383,"TOTAL_ASSETS_TDAYS":0.454359347592,"PREMIUM_EXPENSE":null,"LOAN_DEPOSIT":null,"LOAN_EQUITY":null,"LOAN_ASSETS":null,"DEPOSIT_EQUITY":null,"DEPOSIT_ASSETS":null,"EQUITY_MULTIPLIER":1.608368454752,"EQUITY_RATIO":0.698246152772},{"SECUCODE":"01127.HK","SECURITY_CODE":"01127","SECURITY_NAME_ABBR":"狮子山集团","ORG_CODE":"10162342","STD_REPORT_DATE":"2023-12-31 00:00:00","REPORT_DATE":"2023-12-31 00:00:00","DATE_TYPE_CODE":"001","REPORT_TYPE":"2023年年报","PER_NETCASH_OPERATE":0.570404290727,"PER_OI":3.016160256909,"BPS":1.709351002,"BASIC_EPS":0.226283134,"DILUTED_EPS":0.223292608,"OPERATE_INCOME":2322443397.82,"OPERATE_INCOME_YOY":2.6718598576,"GROSS_PROFIT":760518854.62,"GROSS_PROFIT_YOY":2.400990543244,"HOLDER_PROFIT":167875442.56,"HOLDER_PROFIT_YOY":-15.7622856519,"GROSS_PROFIT_RATIO":32.746496871953,"EPS_TTM":0.218020055273,"OPERATE_INCOME_QOQ":-3.857431568544,"NET_PROFIT_RATIO":9.3929992457,"ROE_AVG":13.183151714629,"GROSS_PROFIT_QOQ":-3.222572680853,"ROA":6.51449829997,"HOLDER_PROFIT_QOQ":18.188984902959,"ROE_YEARLY":13.183151714629,"ROIC_YEARLY":10.610340282012,"TOTAL_ASSETS":2618465598.14,"TOTAL_LIABILITIES":986801082.4,"TAX_EBT":20.066013395274,"OCF_SALES":18.911604229936,"TOTAL_PARENT_EQUITY":1316200271.54,"DEBT_ASSET_RATIO":37.6862343771,"OPERATE_PROFIT":305897279.66,"PRETAX_PROFIT":272909059.22,"NETCASH_OPERATE":439211303.86,"NETCASH_INVEST":-157469318.3,"NETCASH_FINANCE":-259340227.16,"END_CASH":706936784.68,"DIVI_RATIO":0.395320512566,"DIVIDEND_RATE":7.142857142857,"CURRENT_RATIO":2.074866895708,"COMMON_ACS":1500000000,"CURRENTDEBT_DEBT":84.707508356904,"ISSUED_COMMON_SHARES":770000000,"HK_COMMON_SHARES":770000000,"PER_SHARES":4000,"TOTAL_MARKET_CAP":1024100000,"HKSK_MARKET_CAP":1024100000,"PE_TTM":5.301026455958,"PB_TTM":0.71472938549,"REPORT_DATE_SQ":"2022-12-31 00:00:00","REPORT_TYPE_SQ":"2022年年报","OPERATE_INCOME_SQ":2229681421.03,"DPS_HKD":0.095,"OPERATE_INCOME_QOQ_SQ":30.862159810724,"NET_PROFIT_RATIO_SQ":11.4502728068,"HOLDER_PROFIT_SQ":196439898.97,"HOLDER_PROFIT_QOQ_SQ":1.274580322391,"ROE_AVG_SQ":16.987243982634,"PE_TTM_SQ":5.618871979939,"PB_TTM_SQ":0.626823764835,"ROA_SQ":9.113940523219,"START_DATE":"2023-01-01 00:00:00","FISCAL_YEAR":"12-31","CURRENCY":"HKD","IS_CNY_CODE":0,"DPS_HKD_LY":0.06,"ORG_TYPE":"一般企业","PREMIUM_INCOME":null,"PREMIUM_INCOME_YOY":null,"NET_INTEREST_INCOME":null,"NET_INTEREST_INCOME_YOY":null,"FEE_COMMISSION_INCOME":null,"FEE_COMMISSION_INCOME_YOY":null,"ACCOUNTS_RECE_TDAYS":3.730733873169,"INVENTORY_TDAYS":3.976536138845,"CURRENT_ASSETS_TDAYS":1.350549435493,"TOTAL_ASSETS_TDAYS":0.901236853715,"PREMIUM_EXPENSE":null,"LOAN_DEPOSIT":null,"LOAN_EQUITY":null,"LOAN_ASSETS":null,"DEPOSIT_EQUITY":null,"DEPOSIT_ASSETS":null,"EQUITY_MULTIPLIER":1.604781848768,"EQUITY_RATIO":0.749734750659},{"SECUCODE":"01127.HK","SECURITY_CODE":"01127","SECURITY_NAME_ABBR":"狮子山集团","ORG_CODE":"10162342","STD_REPORT_DATE":"2023-06-30 00:00:00","REPORT_DATE":"2023-06-30 00:00:00","DATE_TYPE_CODE":"002","REPORT_TYPE":"2023年中报","PER_NETCASH_OPERATE":0.234697791948,"PER_OI":1.448448540649,"BPS":1.617963543974,"BASIC_EPS":0.088602278,"DILUTED_EPS":0.087219308,"OPERATE_INCOME":1115305376.3,"OPERATE_INCOME_YOY":11.3140130225,"GROSS_PROFIT":352855575.7,"GROSS_PROFIT_YOY":13.934873375446,"HOLDER_PROFIT":65605330.86,"HOLDER_PROFIT_YOY":-49.2916494449,"GROSS_PROFIT_RATIO":31.637575071196,"EPS_TTM":0.184467321935,"OPERATE_INCOME_QOQ":8.339444167504,"NET_PROFIT_RATIO":6.9032020733,"ROE_AVG":5.252941339313,"GROSS_PROFIT_QOQ":5.81082115931,"ROA":2.549951191963,"HOLDER_PROFIT_QOQ":-27.692979565372,"ROE_YEARLY":10.505882678626,"ROIC_YEARLY":8.376038294093,"TOTAL_ASSETS":2566084239.36,"TOTAL_LIABILITIES":1036636510.82,"TAX_EBT":23.049916606003,"OCF_SALES":16.203391792078,"TOTAL_PARENT_EQUITY":1245831928.86,"DEBT_ASSET_RATIO":40.3976024995,"OPERATE_PROFIT":106548618.7,"PRETAX_PROFIT":100054191.58,"NETCASH_OPERATE":180717299.8,"NETCASH_INVEST":-81362891.04,"NETCASH_FINANCE":-69765304.62,"END_CASH":745052038,"DIVI_RATIO":0.467225300914,"DIVIDEND_RATE":7.142857142857,"CURRENT_RATIO":1.846120149631,"COMMON_ACS":1500000000,"CURRENTDEBT_DEBT":89.943603422039,"ISSUED_COMMON_SHARES":770000000,"HK_COMMON_SHARES":770000000,"PER_SHARES":4000,"TOTAL_MARKET_CAP":1024100000,"HKSK_MARKET_CAP":1024100000,"PE_TTM":5.301026455958,"PB_TTM":0.71472938549,"REPORT_DATE_SQ":"2022-06-30 00:00:00","REPORT_TYPE_SQ":"2022年中报","OPERATE_INCOME_SQ":929362339.08,"DPS_HKD":0.095,"OPERATE_INCOME_QOQ_SQ":19.931714308469,"NET_PROFIT_RATIO_SQ":14.4604189441,"HOLDER_PROFIT_SQ":120005391.94,"HOLDER_PROFIT_QOQ_SQ":79.061405526035,"ROE_AVG_SQ":10.871448985513,"PE_TTM_SQ":5.618871979939,"PB_TTM_SQ":0.626823764835,"ROA_SQ":5.861925638771,"START_DATE":"2023-01-01 00:00:00","FISCAL_YEAR":"12-31","CURRENCY":"HKD","IS_CNY_CODE":0,"DPS_HKD_LY":0.06,"ORG_TYPE":"一般企业","PREMIUM_INCOME":null,"PREMIUM_INCOME_YOY":null,"NET_INTEREST_INCOME":null,"NET_INTEREST_INCOME_YOY":null,"FEE_COMMISSION_INCOME":null,"FEE_COMMISSION_INCOME_YOY":null,"ACCOUNTS_RECE_TDAYS":1.869486669098,"INVENTORY_TDAYS":1.905748448211,"CURRENT_ASSETS_TDAYS":0.645461729359,"TOTAL_ASSETS_TDAYS":0.433497436324,"PREMIUM_EXPENSE":null,"LOAN_DEPOSIT":null,"LOAN_EQUITY":null,"LOAN_ASSETS":null,"DEPOSIT_EQUITY":null,"DEPOSIT_ASSETS":null,"EQUITY_MULTIPLIER":1.67778485755,"EQUITY_RATIO":0.832083756088},{"SECUCODE":"01127.HK","SECURITY_CODE":"01127","SECURITY_NAME_ABBR":"狮子山集团","ORG_CODE":"10162342","STD_REPORT_DATE":"2022-12-31 00:00:00","REPORT_DATE":"2022-12-31 00:00:00","DATE_TYPE_CODE":"001","REPORT_TYPE":"2022年年报","PER_NETCASH_OPERATE":0.594558191818,"PER_OI":2.895690157182,"BPS":1.575366331636,"BASIC_EPS":0.26530119,"DILUTED_EPS":0.262085418,"OPERATE_INCOME":2229681421.03,"OPERATE_INCOME_YOY":43.6502081012,"GROSS_PROFIT":742687009.75,"GROSS_PROFIT_YOY":103.177141413457,"HOLDER_PROFIT":196439898.97,"HOLDER_PROFIT_YOY":65.9818402759,"GROSS_PROFIT_RATIO":33.309108769759,"EPS_TTM":0.255116751909,"OPERATE_INCOME_QOQ":30.862159810724,"NET_PROFIT_RATIO":11.4502728068,"ROE_AVG":16.987243982634,"GROSS_PROFIT_QOQ":44.947622082554,"ROA":9.113940523219,"HOLDER_PROFIT_QOQ":1.274580322391,"ROE_YEARLY":16.987243982634,"ROIC_YEARLY":13.700296856067,"TOTAL_ASSETS":2499205098.32,"TOTAL_LIABILITIES":1020878085.85,"TAX_EBT":17.757065821051,"OCF_SALES":20.532521075971,"TOTAL_PARENT_EQUITY":1213032075.36,"DEBT_ASSET_RATIO":40.848111527,"OPERATE_PROFIT":320780403.16,"PRETAX_PROFIT":310427403.86,"NETCASH_OPERATE":457809807.7,"NETCASH_INVEST":-158102537.11,"NETCASH_FINANCE":-7089883.99,"END_CASH":688011739.59,"DIVI_RATIO":0.337836693808,"DIVIDEND_RATE":7.142857142857,"CURRENT_RATIO":1.85897031781,"COMMON_ACS":1500000000,"CURRENTDEBT_DEBT":88.552003535007,"ISSUED_COMMON_SHARES":770000000,"HK_COMMON_SHARES":770000000,"PER_SHARES":4000,"TOTAL_MARKET_CAP":1024100000,"HKSK_MARKET_CAP":1024100000,"PE_TTM":5.301026455958,"PB_TTM":0.71472938549,"REPORT_DATE_SQ":"2021-12-31 00:00:00","REPORT_TYPE_SQ":"2021年年报","OPERATE_INCOME_SQ":1420674841.6,"DPS_HKD":0.095,"OPERATE_INCOME_QOQ_SQ":16.578534257609,"NET_PROFIT_RATIO_SQ":8.1735550317,"HOLDER_PROFIT_SQ":108324641.6,"HOLDER_PROFIT_QOQ_SQ":13.558582037822,"ROE_AVG_SQ":11.135264837698,"PE_TTM_SQ":5.618871979939,"PB_TTM_SQ":0.626823764835,"ROA_SQ":6.804681836403,"START_DATE":"2022-01-01 00:00:00","FISCAL_YEAR":"12-31","CURRENCY":"HKD","IS_CNY_CODE":0,"DPS_HKD_LY":0.09,"ORG_TYPE":"一般企业","PREMIUM_INCOME":null,"PREMIUM_INCOME_YOY":null,"NET_INTEREST_INCOME":null,"NET_INTEREST_INCOME_YOY":null,"FEE_COMMISSION_INCOME":null,"FEE_COMMISSION_INCOME_YOY":null,"ACCOUNTS_RECE_TDAYS":4.125061249852,"INVENTORY_TDAYS":4.91805719688,"CURRENT_ASSETS_TDAYS":1.611110716667,"TOTAL_ASSETS_TDAYS":1.034473340882,"PREMIUM_EXPENSE":null,"LOAN_DEPOSIT":null,"LOAN_EQUITY":null,"LOAN_ASSETS":null,"DEPOSIT_EQUITY":null,"DEPOSIT_ASSETS":null,"EQUITY_MULTIPLIER":1.690563100883,"EQUITY_RATIO":0.841591996277},{"SECUCODE":"01127.HK","SECURITY_CODE":"01127","SECURITY_NAME_ABBR":"狮子山集团","ORG_CODE":"10162342","STD_REPORT_DATE":"2022-06-30 00:00:00","REPORT_DATE":"2022-06-30 00:00:00","DATE_TYPE_CODE":"002","REPORT_TYPE":"2022年中报","PER_NETCASH_OPERATE":0.227002966364,"PER_OI":1.206964076727,"BPS":1.499790017818,"BASIC_EPS":0.162058505,"DILUTED_EPS":0.160348125,"OPERATE_INCOME":929362339.08,"OPERATE_INCOME_YOY":39.9336857218,"GROSS_PROFIT":309699361.79,"GROSS_PROFIT_YOY":90.171073420074,"HOLDER_PROFIT":120005391.94,"HOLDER_PROFIT_YOY":239.797079691,"GROSS_PROFIT_RATIO":33.323855375566,"EPS_TTM":0.251906007506,"OPERATE_INCOME_QOQ":19.931714308469,"NET_PROFIT_RATIO":14.4604189441,"ROE_AVG":10.871448985513,"GROSS_PROFIT_QOQ":40.17280069468,"ROA":5.861925638771,"HOLDER_PROFIT_QOQ":79.061405526035,"ROE_YEARLY":21.742897971026,"ROIC_YEARLY":16.481993117723,"TOTAL_ASSETS":2360076394.9,"TOTAL_LIABILITIES":988278088.56,"TAX_EBT":15.984474241355,"OCF_SALES":18.807764931924,"TOTAL_PARENT_EQUITY":1154838313.72,"DEBT_ASSET_RATIO":41.8748346747,"OPERATE_PROFIT":156429644.42,"PRETAX_PROFIT":159958158.36,"NETCASH_OPERATE":174792284.1,"NETCASH_INVEST":-66102766.24,"NETCASH_FINANCE":13873747.37,"END_CASH":496144464.83,"DIVI_RATIO":0.342142693829,"DIVIDEND_RATE":7.142857142857,"CURRENT_RATIO":1.72689118788,"COMMON_ACS":1500000000,"CURRENTDEBT_DEBT":90.14290115124,"ISSUED_COMMON_SHARES":770000000,"HK_COMMON_SHARES":770000000,"PER_SHARES":4000,"TOTAL_MARKET_CAP":1024100000,"HKSK_MARKET_CAP":1024100000,"PE_TTM":5.301026455958,"PB_TTM":0.71472938549,"REPORT_DATE_SQ":"2021-06-30 00:00:00","REPORT_TYPE_SQ":"2021年中报","OPERATE_INCOME_SQ":646197488.4,"DPS_HKD":0.095,"OPERATE_INCOME_QOQ_SQ":5.421753925665,"NET_PROFIT_RATIO_SQ":6.115592869,"HOLDER_PROFIT_SQ":34362407.76,"HOLDER_PROFIT_QOQ_SQ":8.642778648331,"ROE_AVG_SQ":3.565691412319,"PE_TTM_SQ":5.618871979939,"PB_TTM_SQ":0.626823764835,"ROA_SQ":2.190263386372,"START_DATE":"2022-01-01 00:00:00","FISCAL_YEAR":"12-31","CURRENCY":"HKD","IS_CNY_CODE":0,"DPS_HKD_LY":0.09,"ORG_TYPE":"一般企业","PREMIUM_INCOME":null,"PREMIUM_INCOME_YOY":null,"NET_INTEREST_INCOME":null,"NET_INTEREST_INCOME_YOY":null,"FEE_COMMISSION_INCOME":null,"FEE_COMMISSION_INCOME_YOY":null,"ACCOUNTS_RECE_TDAYS":1.701301730683,"INVENTORY_TDAYS":2.118795552404,"CURRENT_ASSETS_TDAYS":0.720596299585,"TOTAL_ASSETS_TDAYS":0.453967345558,"PREMIUM_EXPENSE":null,"LOAN_DEPOSIT":null,"LOAN_EQUITY":null,"LOAN_ASSETS":null,"DEPOSIT_EQUITY":null,"DEPOSIT_ASSETS":null,"EQUITY_MULTIPLIER":1.720425214111,"EQUITY_RATIO":0.855771822617},{"SECUCODE":"01127.HK","SECURITY_CODE":"01127","SECURITY_NAME_ABBR":"狮子山集团","ORG_CODE":"10162342","STD_REPORT_DATE":"2021-12-31 00:00:00","REPORT_DATE":"2021-12-31 00:00:00","DATE_TYPE_CODE":"001","REPORT_TYPE":"2021年年报","PER_NETCASH_OPERATE":0.112447607273,"PER_OI":1.845032261818,"BPS":1.307271258182,"BASIC_EPS":0.14626864,"DILUTED_EPS":0.14528752,"OPERATE_INCOME":1420674841.6,"OPERATE_INCOME_YOY":26.5127549107,"GROSS_PROFIT":365536696,"GROSS_PROFIT_YOY":28.510326759284,"HOLDER_PROFIT":108324641.6,"HOLDER_PROFIT_YOY":27.0007572635,"GROSS_PROFIT_RATIO":25.729793003748,"EPS_TTM":0.140681352727,"OPERATE_INCOME_QOQ":16.578534257609,"NET_PROFIT_RATIO":8.1735550317,"ROE_AVG":11.135264837698,"GROSS_PROFIT_QOQ":22.772427013304,"ROA":6.804681836403,"HOLDER_PROFIT_QOQ":13.558582037822,"ROE_YEARLY":11.135264837698,"ROIC_YEARLY":9.758804881354,"TOTAL_ASSETS":1658092800,"TOTAL_LIABILITIES":556344913.6,"TAX_EBT":19.818777169311,"OCF_SALES":6.094614690472,"TOTAL_PARENT_EQUITY":1006598868.8,"DEBT_ASSET_RATIO":33.5533037475,"OPERATE_PROFIT":129277276.8,"PRETAX_PROFIT":144821488,"NETCASH_OPERATE":86584657.6,"NETCASH_INVEST":-103015147.2,"NETCASH_FINANCE":-36509928,"END_CASH":353137792,"DIVI_RATIO":0.612645516475,"DIVIDEND_RATE":7.142857142857,"CURRENT_RATIO":1.95632615802,"COMMON_ACS":1500000000,"CURRENTDEBT_DEBT":91.44183134669,"ISSUED_COMMON_SHARES":770000000,"HK_COMMON_SHARES":770000000,"PER_SHARES":4000,"TOTAL_MARKET_CAP":1024100000,"HKSK_MARKET_CAP":1024100000,"PE_TTM":5.301026455958,"PB_TTM":0.71472938549,"REPORT_DATE_SQ":"2020-12-31 00:00:00","REPORT_TYPE_SQ":"2020年年报","OPERATE_INCOME_SQ":1155968132.44,"DPS_HKD":0.095,"OPERATE_INCOME_QOQ_SQ":-9.889822992627,"NET_PROFIT_RATIO_SQ":8.4679618281,"HOLDER_PROFIT_SQ":87802409.72,"HOLDER_PROFIT_QOQ_SQ":-7.305072238006,"ROE_AVG_SQ":9.356364826748,"PE_TTM_SQ":5.618871979939,"PB_TTM_SQ":0.626823764835,"ROA_SQ":5.756390087949,"START_DATE":"2021-01-01 00:00:00","FISCAL_YEAR":"12-31","CURRENCY":"HKD","IS_CNY_CODE":0,"DPS_HKD_LY":0.08,"ORG_TYPE":"一般企业","PREMIUM_INCOME":null,"PREMIUM_INCOME_YOY":null,"NET_INTEREST_INCOME":null,"NET_INTEREST_INCOME_YOY":null,"FEE_COMMISSION_INCOME":null,"FEE_COMMISSION_INCOME_YOY":null,"ACCOUNTS_RECE_TDAYS":3.569315589627,"INVENTORY_TDAYS":6.126786540858,"CURRENT_ASSETS_TDAYS":1.487061715146,"TOTAL_ASSETS_TDAYS":0.892432243235,"PREMIUM_EXPENSE":null,"LOAN_DEPOSIT":null,"LOAN_EQUITY":null,"LOAN_ASSETS":null,"DEPOSIT_EQUITY":null,"DEPOSIT_ASSETS":null,"EQUITY_MULTIPLIER":1.504965718988,"EQUITY_RATIO":0.552697733769},{"SECUCODE":"01127.HK","SECURITY_CODE":"01127","SECURITY_NAME_ABBR":"狮子山集团","ORG_CODE":"10162342","STD_REPORT_DATE":"2021-06-30 00:00:00","REPORT_DATE":"2021-06-30 00:00:00","DATE_TYPE_CODE":"002","REPORT_TYPE":"2021年中报","PER_NETCASH_OPERATE":0.043210886961,"PER_OI":0.839217517403,"BPS":1.262007091013,"BASIC_EPS":0.046430064,"DILUTED_EPS":0.046097232,"OPERATE_INCOME":646197488.4,"OPERATE_INCOME_YOY":21.5686734918,"GROSS_PROFIT":162853033.44,"GROSS_PROFIT_YOY":8.888561391718,"HOLDER_PROFIT":34362407.76,"HOLDER_PROFIT_YOY":40.8924976971,"GROSS_PROFIT_RATIO":25.201743486071,"EPS_TTM":0.123884386545,"OPERATE_INCOME_QOQ":5.421753925665,"NET_PROFIT_RATIO":6.115592869,"ROE_AVG":3.565691412319,"GROSS_PROFIT_QOQ":4.673606187942,"ROA":2.190263386372,"HOLDER_PROFIT_QOQ":8.642778648331,"ROE_YEARLY":7.131382824639,"ROIC_YEARLY":6.341148637418,"TOTAL_ASSETS":1584986755.92,"TOTAL_LIABILITIES":510973671.36,"TAX_EBT":22.980621097868,"OCF_SALES":5.14894959471,"TOTAL_PARENT_EQUITY":971745460.08,"DEBT_ASSET_RATIO":32.2383559012,"OPERATE_PROFIT":49952258.64,"PRETAX_PROFIT":51310213.2,"NETCASH_OPERATE":33272382.96,"NETCASH_INVEST":-81758516.64,"NETCASH_FINANCE":-23777518.08,"END_CASH":343261290.72,"DIVI_RATIO":0.695711561427,"DIVIDEND_RATE":7.142857142857,"CURRENT_RATIO":2.017022662947,"COMMON_ACS":1500000000,"CURRENTDEBT_DEBT":87.970694944731,"ISSUED_COMMON_SHARES":770000000,"HK_COMMON_SHARES":770000000,"PER_SHARES":4000,"TOTAL_MARKET_CAP":1024100000,"HKSK_MARKET_CAP":1024100000,"PE_TTM":5.301026455958,"PB_TTM":0.71472938549,"REPORT_DATE_SQ":"2020-06-30 00:00:00","REPORT_TYPE_SQ":"2020年中报","OPERATE_INCOME_SQ":583523740.8,"DPS_HKD":0.095,"OPERATE_INCOME_QOQ_SQ":-10.88246646116,"NET_PROFIT_RATIO_SQ":5.1693747848,"HOLDER_PROFIT_SQ":26773839.84,"HOLDER_PROFIT_QOQ_SQ":-23.817274110073,"ROE_AVG_SQ":2.759872020127,"PE_TTM_SQ":5.618871979939,"PB_TTM_SQ":0.626823764835,"ROA_SQ":1.679463231839,"START_DATE":"2021-01-01 00:00:00","FISCAL_YEAR":"12-31","CURRENCY":"HKD","IS_CNY_CODE":0,"DPS_HKD_LY":0.08,"ORG_TYPE":"一般企业","PREMIUM_INCOME":null,"PREMIUM_INCOME_YOY":null,"NET_INTEREST_INCOME":null,"NET_INTEREST_INCOME_YOY":null,"FEE_COMMISSION_INCOME":null,"FEE_COMMISSION_INCOME_YOY":null,"ACCOUNTS_RECE_TDAYS":1.745134676295,"INVENTORY_TDAYS":2.897907463439,"CURRENT_ASSETS_TDAYS":0.703019906397,"TOTAL_ASSETS_TDAYS":0.411886940256,"PREMIUM_EXPENSE":null,"LOAN_DEPOSIT":null,"LOAN_EQUITY":null,"LOAN_ASSETS":null,"DEPOSIT_EQUITY":null,"DEPOSIT_ASSETS":null,"EQUITY_MULTIPLIER":1.475761123124,"EQUITY_RATIO":0.52583077807},{"SECUCODE":"01127.HK","SECURITY_CODE":"01127","SECURITY_NAME_ABBR":"狮子山集团","ORG_CODE":"10162342","STD_REPORT_DATE":"2020-12-31 00:00:00","REPORT_DATE":"2020-12-31 00:00:00","DATE_TYPE_CODE":"001","REPORT_TYPE":"2020年年报","PER_NETCASH_OPERATE":0.262004718078,"PER_OI":1.501257314857,"BPS":1.255357432831,"BASIC_EPS":0.114378876,"DILUTED_EPS":0.114294712,"OPERATE_INCOME":1155968132.44,"OPERATE_INCOME_YOY":-14.5303363039,"GROSS_PROFIT":284441496.04,"GROSS_PROFIT_YOY":-29.387553340062,"HOLDER_PROFIT":87802409.72,"HOLDER_PROFIT_YOY":-24.8398786752,"GROSS_PROFIT_RATIO":24.606344072791,"EPS_TTM":0.114029103532,"OPERATE_INCOME_QOQ":-9.889822992627,"NET_PROFIT_RATIO":8.4679618281,"ROE_AVG":9.356364826748,"GROSS_PROFIT_QOQ":-17.632397525317,"ROA":5.756390087949,"HOLDER_PROFIT_QOQ":-7.305072238006,"ROE_YEARLY":9.356364826748,"ROIC_YEARLY":8.682932269749,"TOTAL_ASSETS":1570595345.32,"TOTAL_LIABILITIES":496060091.08,"TAX_EBT":22.155588426245,"OCF_SALES":17.452352470493,"TOTAL_PARENT_EQUITY":966625223.28,"DEBT_ASSET_RATIO":31.5842073872,"OPERATE_PROFIT":128456146.64,"PRETAX_PROFIT":125746907.48,"NETCASH_OPERATE":201743632.92,"NETCASH_INVEST":-102409913.56,"NETCASH_FINANCE":-109274329.4,"END_CASH":422748197.24,"DIVI_RATIO":0.755840371712,"DIVIDEND_RATE":7.142857142857,"CURRENT_RATIO":2.230615375421,"COMMON_ACS":1500000000,"CURRENTDEBT_DEBT":85.166704275726,"ISSUED_COMMON_SHARES":770000000,"HK_COMMON_SHARES":770000000,"PER_SHARES":4000,"TOTAL_MARKET_CAP":1024100000,"HKSK_MARKET_CAP":1024100000,"PE_TTM":5.301026455958,"PB_TTM":0.71472938549,"REPORT_DATE_SQ":"2019-12-31 00:00:00","REPORT_TYPE_SQ":"2019年年报","OPERATE_INCOME_SQ":1439490690.82,"DPS_HKD":0.095,"OPERATE_INCOME_QOQ_SQ":-5.555532463222,"NET_PROFIT_RATIO_SQ":9.570875356,"HOLDER_PROFIT_SQ":124335159.78,"HOLDER_PROFIT_QOQ_SQ":-16.195254273253,"ROE_AVG_SQ":13.057933342929,"PE_TTM_SQ":5.618871979939,"PB_TTM_SQ":0.626823764835,"ROA_SQ":7.936177128708,"START_DATE":"2020-01-01 00:00:00","FISCAL_YEAR":"12-31","CURRENCY":"HKD","IS_CNY_CODE":0,"DPS_HKD_LY":0.04,"ORG_TYPE":"一般企业","PREMIUM_INCOME":null,"PREMIUM_INCOME_YOY":null,"NET_INTEREST_INCOME":null,"NET_INTEREST_INCOME_YOY":null,"FEE_COMMISSION_INCOME":null,"FEE_COMMISSION_INCOME_YOY":null,"ACCOUNTS_RECE_TDAYS":3.043787362531,"INVENTORY_TDAYS":5.829573187037,"CURRENT_ASSETS_TDAYS":1.183703756691,"TOTAL_ASSETS_TDAYS":0.757861147636,"PREMIUM_EXPENSE":null,"LOAN_DEPOSIT":null,"LOAN_EQUITY":null,"LOAN_ASSETS":null,"DEPOSIT_EQUITY":null,"DEPOSIT_ASSETS":null,"EQUITY_MULTIPLIER":1.461650829158,"EQUITY_RATIO":0.513187613082},{"SECUCODE":"01127.HK","SECURITY_CODE":"01127","SECURITY_NAME_ABBR":"狮子山集团","ORG_CODE":"10162342","STD_REPORT_DATE":"2020-06-30 00:00:00","REPORT_DATE":"2020-06-30 00:00:00","DATE_TYPE_CODE":"002","REPORT_TYPE":"2020年中报","PER_NETCASH_OPERATE":-0.000162521143,"PER_OI":0.75782304,"BPS":1.236816740571,"BASIC_EPS":0.034802064,"DILUTED_EPS":null,"OPERATE_INCOME":583523740.8,"OPERATE_INCOME_YOY":-24.0796069567,"GROSS_PROFIT":149559358.08,"GROSS_PROFIT_YOY":-27.76592669748,"HOLDER_PROFIT":26773839.84,"HOLDER_PROFIT_YOY":-54.2737242789,"GROSS_PROFIT_RATIO":25.630381014996,"EPS_TTM":0.123015472675,"OPERATE_INCOME_QOQ":-10.88246646116,"NET_PROFIT_RATIO":5.1693747848,"ROE_AVG":2.759872020127,"GROSS_PROFIT_QOQ":-14.271577005483,"ROA":1.679463231839,"HOLDER_PROFIT_QOQ":-23.817274110073,"ROE_YEARLY":5.519744040255,"ROIC_YEARLY":4.841040581764,"TOTAL_ASSETS":1582110050.4,"TOTAL_LIABILITIES":526707772.8,"TAX_EBT":24.577471222364,"OCF_SALES":-0.021445790677,"TOTAL_PARENT_EQUITY":952348890.24,"DEBT_ASSET_RATIO":33.2914750568,"OPERATE_PROFIT":54683085.6,"PRETAX_PROFIT":39994056.96,"NETCASH_OPERATE":-125141.28,"NETCASH_INVEST":-78617040.48,"NETCASH_FINANCE":-38432074.56,"END_CASH":333109645.44,"DIVI_RATIO":0.700625686555,"DIVIDEND_RATE":7.142857142857,"CURRENT_RATIO":2.139913116009,"COMMON_ACS":1500000000,"CURRENTDEBT_DEBT":85.869896985883,"ISSUED_COMMON_SHARES":770000000,"HK_COMMON_SHARES":770000000,"PER_SHARES":4000,"TOTAL_MARKET_CAP":1024100000,"HKSK_MARKET_CAP":1024100000,"PE_TTM":5.301026455958,"PB_TTM":0.71472938549,"REPORT_DATE_SQ":"2019-06-30 00:00:00","REPORT_TYPE_SQ":"2019年中报","OPERATE_INCOME_SQ":740175832.44,"DPS_HKD":0.095,"OPERATE_INCOME_QOQ_SQ":4.452445674887,"NET_PROFIT_RATIO_SQ":8.7100117181,"HOLDER_PROFIT_SQ":56387085.66,"HOLDER_PROFIT_QOQ_SQ":-0.041090848853,"ROE_AVG_SQ":6.167637821944,"PE_TTM_SQ":5.618871979939,"PB_TTM_SQ":0.626823764835,"ROA_SQ":3.628878515704,"START_DATE":"2020-01-01 00:00:00","FISCAL_YEAR":"12-31","CURRENCY":"HKD","IS_CNY_CODE":0,"DPS_HKD_LY":0.04,"ORG_TYPE":"一般企业","PREMIUM_INCOME":null,"PREMIUM_INCOME_YOY":null,"NET_INTEREST_INCOME":null,"NET_INTEREST_INCOME_YOY":null,"FEE_COMMISSION_INCOME":null,"FEE_COMMISSION_INCOME_YOY":null,"ACCOUNTS_RECE_TDAYS":1.317850246728,"INVENTORY_TDAYS":2.631191847585,"CURRENT_ASSETS_TDAYS":0.565203889061,"TOTAL_ASSETS_TDAYS":0.366031422252,"PREMIUM_EXPENSE":null,"LOAN_DEPOSIT":null,"LOAN_EQUITY":null,"LOAN_ASSETS":null,"DEPOSIT_EQUITY":null,"DEPOSIT_ASSETS":null,"EQUITY_MULTIPLIER":1.499058779746,"EQUITY_RATIO":0.553061780402}],"count":31},"success":true,"message":"ok","code":0}