{"version":"a2406d0b5f5464182077655a2f3668f8","result":{"pages":5,"data":[{"SECUCODE":"01126.HK","SECURITY_CODE":"01126","SECURITY_NAME_ABBR":"德林国际","ORG_CODE":"10010502","STD_REPORT_DATE":"2024-06-30 00:00:00","REPORT_DATE":"2024-06-30 00:00:00","DATE_TYPE_CODE":"002","REPORT_TYPE":"2024年中报","PER_NETCASH_OPERATE":0.334188407674,"PER_OI":3.093274124973,"BPS":4.96315806047,"BASIC_EPS":0.37602416,"DILUTED_EPS":0.37602416,"OPERATE_INCOME":2093728990.6,"OPERATE_INCOME_YOY":-7.8355519594,"GROSS_PROFIT":502221336.28,"GROSS_PROFIT_YOY":-5.523482311646,"HOLDER_PROFIT":254504468.72,"HOLDER_PROFIT_YOY":-16.4727660492,"GROSS_PROFIT_RATIO":23.986931381032,"EPS_TTM":1.032299259114,"OPERATE_INCOME_QOQ":-4.147003277526,"NET_PROFIT_RATIO":12.155559285,"ROE_AVG":7.578029004262,"GROSS_PROFIT_QOQ":-2.409411571019,"ROA":5.988531005532,"HOLDER_PROFIT_QOQ":-7.087102802729,"ROE_YEARLY":15.156058008525,"ROIC_YEARLY":16.91615129562,"TOTAL_ASSETS":4289951032.52,"TOTAL_LIABILITIES":930563051.92,"TAX_EBT":19.806629913697,"OCF_SALES":10.803711348295,"TOTAL_PARENT_EQUITY":3359387980.6,"DEBT_ASSET_RATIO":21.6916940279,"OPERATE_PROFIT":318800036.68,"PRETAX_PROFIT":317363478.36,"NETCASH_OPERATE":226200436.56,"NETCASH_INVEST":-115740601.52,"NETCASH_FINANCE":-228007542.96,"END_CASH":1029024795.68,"DIVI_RATIO":0.484077650534,"DIVIDEND_RATE":9.717314487633,"CURRENT_RATIO":3.352894923419,"COMMON_ACS":null,"CURRENTDEBT_DEBT":96.419064843457,"ISSUED_COMMON_SHARES":676865000,"HK_COMMON_SHARES":676865000,"PER_SHARES":2000,"TOTAL_MARKET_CAP":3831055900,"HKSK_MARKET_CAP":3831055900,"PE_TTM":4.944235745361,"PB_TTM":1.040822947217,"REPORT_DATE_SQ":"2023-06-30 00:00:00","REPORT_TYPE_SQ":"2023年中报","OPERATE_INCOME_SQ":2294880134.44,"DPS_HKD":0.55,"OPERATE_INCOME_QOQ_SQ":-2.422456929191,"NET_PROFIT_RATIO_SQ":13.4125166025,"HOLDER_PROFIT_SQ":307801179.04,"HOLDER_PROFIT_QOQ_SQ":22.070414207111,"ROE_AVG_SQ":10.216348581393,"PE_TTM_SQ":3.279336664958,"PB_TTM_SQ":0.806934509322,"ROA_SQ":7.62253901366,"START_DATE":"2024-01-01 00:00:00","FISCAL_YEAR":"12-31","CURRENCY":"HKD","IS_CNY_CODE":0,"DPS_HKD_LY":0.55,"ORG_TYPE":"一般企业","PREMIUM_INCOME":null,"PREMIUM_INCOME_YOY":null,"NET_INTEREST_INCOME":null,"NET_INTEREST_INCOME_YOY":null,"FEE_COMMISSION_INCOME":null,"FEE_COMMISSION_INCOME_YOY":null,"ACCOUNTS_RECE_TDAYS":2.366729633783,"INVENTORY_TDAYS":1.953927718835,"CURRENT_ASSETS_TDAYS":0.703811583456,"TOTAL_ASSETS_TDAYS":0.492657792629,"PREMIUM_EXPENSE":null,"LOAN_DEPOSIT":null,"LOAN_EQUITY":null,"LOAN_ASSETS":null,"DEPOSIT_EQUITY":null,"DEPOSIT_ASSETS":null,"EQUITY_MULTIPLIER":1.277003745115,"EQUITY_RATIO":0.277003745115},{"SECUCODE":"01126.HK","SECURITY_CODE":"01126","SECURITY_NAME_ABBR":"德林国际","ORG_CODE":"10010502","STD_REPORT_DATE":"2023-12-31 00:00:00","REPORT_DATE":"2023-12-31 00:00:00","DATE_TYPE_CODE":"001","REPORT_TYPE":"2023年年报","PER_NETCASH_OPERATE":1.555201594291,"PER_OI":7.166152899116,"BPS":4.925282571384,"BASIC_EPS":1.11102572,"DILUTED_EPS":1.11102572,"OPERATE_INCOME":4850518082.06,"OPERATE_INCOME_YOY":-14.3997943985,"GROSS_PROFIT":1218633907.68,"GROSS_PROFIT_YOY":11.015200265732,"HOLDER_PROFIT":752023948.34,"HOLDER_PROFIT_YOY":20.7759905457,"GROSS_PROFIT_RATIO":25.123788573992,"EPS_TTM":1.111039791303,"OPERATE_INCOME_QOQ":-11.002906585551,"NET_PROFIT_RATIO":15.5039922668,"ROE_AVG":24.108633193744,"GROSS_PROFIT_QOQ":1.098684812669,"ROA":18.446756790131,"HOLDER_PROFIT_QOQ":0.373965862711,"ROE_YEARLY":24.108633193744,"ROIC_YEARLY":24.249758955327,"TOTAL_ASSETS":4179981436.12,"TOTAL_LIABILITIES":846230048.44,"TAX_EBT":19.684271958546,"OCF_SALES":21.702043149027,"TOTAL_PARENT_EQUITY":3333751387.68,"DEBT_ASSET_RATIO":20.2448279107,"OPERATE_PROFIT":942059188.56,"PRETAX_PROFIT":936334596.82,"NETCASH_OPERATE":1052661527.12,"NETCASH_INVEST":-65201622.78,"NETCASH_FINANCE":-443189609.66,"END_CASH":1145878034.98,"DIVI_RATIO":0.449770569796,"DIVIDEND_RATE":10.721247563353,"CURRENT_RATIO":3.594152987243,"COMMON_ACS":null,"CURRENTDEBT_DEBT":96.022818541832,"ISSUED_COMMON_SHARES":676865000,"HK_COMMON_SHARES":676865000,"PER_SHARES":2000,"TOTAL_MARKET_CAP":3472317450,"HKSK_MARKET_CAP":3472317450,"PE_TTM":4.481259606661,"PB_TTM":0.943360727778,"REPORT_DATE_SQ":"2022-12-31 00:00:00","REPORT_TYPE_SQ":"2022年年报","OPERATE_INCOME_SQ":5585504757.98,"DPS_HKD":0.55,"OPERATE_INCOME_QOQ_SQ":18.235408815839,"NET_PROFIT_RATIO_SQ":10.988483056,"HOLDER_PROFIT_SQ":613762243.92,"HOLDER_PROFIT_QOQ_SQ":109.598334134267,"ROE_AVG_SQ":23.371776858949,"PE_TTM_SQ":3.204994020161,"PB_TTM_SQ":0.78864128367,"ROA_SQ":16.008609424818,"START_DATE":"2023-01-01 00:00:00","FISCAL_YEAR":"12-31","CURRENCY":"HKD","IS_CNY_CODE":0,"DPS_HKD_LY":0.5,"ORG_TYPE":"一般企业","PREMIUM_INCOME":null,"PREMIUM_INCOME_YOY":null,"NET_INTEREST_INCOME":null,"NET_INTEREST_INCOME_YOY":null,"FEE_COMMISSION_INCOME":null,"FEE_COMMISSION_INCOME_YOY":null,"ACCOUNTS_RECE_TDAYS":5.015250091474,"INVENTORY_TDAYS":4.552812159375,"CURRENT_ASSETS_TDAYS":1.748428244094,"TOTAL_ASSETS_TDAYS":1.189806887977,"PREMIUM_EXPENSE":null,"LOAN_DEPOSIT":null,"LOAN_EQUITY":null,"LOAN_ASSETS":null,"DEPOSIT_EQUITY":null,"DEPOSIT_ASSETS":null,"EQUITY_MULTIPLIER":1.253837179212,"EQUITY_RATIO":0.253837179211},{"SECUCODE":"01126.HK","SECURITY_CODE":"01126","SECURITY_NAME_ABBR":"德林国际","ORG_CODE":"10010502","STD_REPORT_DATE":"2023-06-30 00:00:00","REPORT_DATE":"2023-06-30 00:00:00","DATE_TYPE_CODE":"002","REPORT_TYPE":"2023年中报","PER_NETCASH_OPERATE":0.495354566686,"PER_OI":3.390454720572,"BPS":4.536007021282,"BASIC_EPS":0.45453614,"DILUTED_EPS":0.45453614,"OPERATE_INCOME":2294880134.44,"OPERATE_INCOME_YOY":-12.4085931903,"GROSS_PROFIT":531583242.66,"GROSS_PROFIT_YOY":25.399775293334,"HOLDER_PROFIT":307801179.04,"HOLDER_PROFIT_YOY":65.6616581648,"GROSS_PROFIT_RATIO":23.163878351743,"EPS_TTM":1.106900361815,"OPERATE_INCOME_QOQ":-2.422456929191,"NET_PROFIT_RATIO":13.4125166025,"ROE_AVG":10.216348581393,"GROSS_PROFIT_QOQ":9.808748225992,"ROA":7.62253901366,"HOLDER_PROFIT_QOQ":22.070414207111,"ROE_YEARLY":20.432697162785,"ROIC_YEARLY":18.671758062678,"TOTAL_ASSETS":4033504841.42,"TOTAL_LIABILITIES":963240448.96,"TAX_EBT":19.782208050901,"OCF_SALES":14.610269344713,"TOTAL_PARENT_EQUITY":3070264392.46,"DEBT_ASSET_RATIO":23.8809791194,"OPERATE_PROFIT":387804149.58,"PRETAX_PROFIT":383706870.46,"NETCASH_OPERATE":335288168.78,"NETCASH_INVEST":-118032801.58,"NETCASH_FINANCE":-222327179.18,"END_CASH":609730267.46,"DIVI_RATIO":0.451452558187,"DIVIDEND_RATE":10.721247563353,"CURRENT_RATIO":2.924679164482,"COMMON_ACS":null,"CURRENTDEBT_DEBT":96.019150956399,"ISSUED_COMMON_SHARES":676865000,"HK_COMMON_SHARES":676865000,"PER_SHARES":2000,"TOTAL_MARKET_CAP":3472317450,"HKSK_MARKET_CAP":3472317450,"PE_TTM":4.481259606661,"PB_TTM":0.943360727778,"REPORT_DATE_SQ":"2022-06-30 00:00:00","REPORT_TYPE_SQ":"2022年中报","OPERATE_INCOME_SQ":2430186581.48,"DPS_HKD":0.55,"OPERATE_INCOME_QOQ_SQ":20.37940760401,"NET_PROFIT_RATIO_SQ":7.0916904436,"HOLDER_PROFIT_SQ":172341309.56,"HOLDER_PROFIT_QOQ_SQ":85.03392388359,"ROE_AVG_SQ":7.350639748656,"PE_TTM_SQ":3.204994020161,"PB_TTM_SQ":0.78864128367,"ROA_SQ":4.587179143408,"START_DATE":"2023-01-01 00:00:00","FISCAL_YEAR":"12-31","CURRENCY":"HKD","IS_CNY_CODE":0,"DPS_HKD_LY":0.5,"ORG_TYPE":"一般企业","PREMIUM_INCOME":null,"PREMIUM_INCOME_YOY":null,"NET_INTEREST_INCOME":null,"NET_INTEREST_INCOME_YOY":null,"FEE_COMMISSION_INCOME":null,"FEE_COMMISSION_INCOME_YOY":null,"ACCOUNTS_RECE_TDAYS":2.126642777929,"INVENTORY_TDAYS":2.030430268259,"CURRENT_ASSETS_TDAYS":0.853330782678,"TOTAL_ASSETS_TDAYS":0.568315345997,"PREMIUM_EXPENSE":null,"LOAN_DEPOSIT":null,"LOAN_EQUITY":null,"LOAN_ASSETS":null,"DEPOSIT_EQUITY":null,"DEPOSIT_ASSETS":null,"EQUITY_MULTIPLIER":1.313732084873,"EQUITY_RATIO":0.313732084874},{"SECUCODE":"01126.HK","SECURITY_CODE":"01126","SECURITY_NAME_ABBR":"德林国际","ORG_CODE":"10010502","STD_REPORT_DATE":"2022-12-31 00:00:00","REPORT_DATE":"2022-12-31 00:00:00","DATE_TYPE_CODE":"001","REPORT_TYPE":"2022年年报","PER_NETCASH_OPERATE":0.802678051606,"PER_OI":8.25202183298,"BPS":4.230334516469,"BASIC_EPS":0.906758377,"DILUTED_EPS":0.906758377,"OPERATE_INCOME":5585504757.98,"OPERATE_INCOME_YOY":30.2740435249,"GROSS_PROFIT":1097718064.52,"GROSS_PROFIT_YOY":118.411454589075,"HOLDER_PROFIT":613762243.92,"HOLDER_PROFIT_YOY":254.9746334508,"GROSS_PROFIT_RATIO":19.652978774241,"EPS_TTM":0.90677202089,"OPERATE_INCOME_QOQ":18.235408815839,"NET_PROFIT_RATIO":10.988483056,"ROE_AVG":23.371776858949,"GROSS_PROFIT_QOQ":52.882504549032,"ROA":16.008609424818,"HOLDER_PROFIT_QOQ":109.598334134267,"ROE_YEARLY":23.371776858949,"ROIC_YEARLY":19.029740686077,"TOTAL_ASSETS":3916691491.09,"TOTAL_LIABILITIES":1053326118.6,"TAX_EBT":17.71916336751,"OCF_SALES":9.727047114655,"TOTAL_PARENT_EQUITY":2863365372.49,"DEBT_ASSET_RATIO":26.8932623618,"OPERATE_PROFIT":752536204.77,"PRETAX_PROFIT":745935832.74,"NETCASH_OPERATE":543304679.4,"NETCASH_INVEST":-69932321.76,"NETCASH_FINANCE":-208783997.1,"END_CASH":597833453.28,"DIVI_RATIO":0.551090007728,"DIVIDEND_RATE":10.721247563353,"CURRENT_RATIO":2.573669795446,"COMMON_ACS":null,"CURRENTDEBT_DEBT":95.553181024102,"ISSUED_COMMON_SHARES":676865000,"HK_COMMON_SHARES":676865000,"PER_SHARES":2000,"TOTAL_MARKET_CAP":3472317450,"HKSK_MARKET_CAP":3472317450,"PE_TTM":4.481259606661,"PB_TTM":0.943360727778,"REPORT_DATE_SQ":"2021-12-31 00:00:00","REPORT_TYPE_SQ":"2021年年报","OPERATE_INCOME_SQ":3924304216,"DPS_HKD":0.55,"OPERATE_INCOME_QOQ_SQ":18.094578440863,"NET_PROFIT_RATIO_SQ":4.032722299,"HOLDER_PROFIT_SQ":158256291.2,"HOLDER_PROFIT_QOQ_SQ":-15.583348228764,"ROE_AVG_SQ":7.395534757049,"PE_TTM_SQ":3.204994020161,"PB_TTM_SQ":0.78864128367,"ROA_SQ":4.997649146244,"START_DATE":"2022-01-01 00:00:00","FISCAL_YEAR":"12-31","CURRENCY":"HKD","IS_CNY_CODE":0,"DPS_HKD_LY":0.2,"ORG_TYPE":"一般企业","PREMIUM_INCOME":null,"PREMIUM_INCOME_YOY":null,"NET_INTEREST_INCOME":null,"NET_INTEREST_INCOME_YOY":null,"FEE_COMMISSION_INCOME":null,"FEE_COMMISSION_INCOME_YOY":null,"ACCOUNTS_RECE_TDAYS":5.109650922011,"INVENTORY_TDAYS":5.508558333836,"CURRENT_ASSETS_TDAYS":2.218296400597,"TOTAL_ASSETS_TDAYS":1.456853447678,"PREMIUM_EXPENSE":null,"LOAN_DEPOSIT":null,"LOAN_EQUITY":null,"LOAN_ASSETS":null,"DEPOSIT_EQUITY":null,"DEPOSIT_ASSETS":null,"EQUITY_MULTIPLIER":1.367862979947,"EQUITY_RATIO":0.367862979947},{"SECUCODE":"01126.HK","SECURITY_CODE":"01126","SECURITY_NAME_ABBR":"德林国际","ORG_CODE":"10010502","STD_REPORT_DATE":"2022-06-30 00:00:00","REPORT_DATE":"2022-06-30 00:00:00","DATE_TYPE_CODE":"002","REPORT_TYPE":"2022年中报","PER_NETCASH_OPERATE":0.005440446972,"PER_OI":3.590356395263,"BPS":3.548987014117,"BASIC_EPS":0.25484662,"DILUTED_EPS":0.25484662,"OPERATE_INCOME":2430186581.48,"OPERATE_INCOME_YOY":45.0234272413,"GROSS_PROFIT":423910841.48,"GROSS_PROFIT_YOY":103.325804874482,"HOLDER_PROFIT":172341309.56,"HOLDER_PROFIT_YOY":343.963694043,"GROSS_PROFIT_RATIO":17.443551236376,"EPS_TTM":0.432623677395,"OPERATE_INCOME_QOQ":20.37940760401,"NET_PROFIT_RATIO":7.0916904436,"ROE_AVG":7.350639748656,"GROSS_PROFIT_QOQ":42.862294958693,"ROA":4.587179143408,"HOLDER_PROFIT_QOQ":85.03392388359,"ROE_YEARLY":14.701279497313,"ROIC_YEARLY":10.546174444874,"TOTAL_ASSETS":3922746267.72,"TOTAL_LIABILITIES":1520561172.41,"TAX_EBT":22.343819843704,"OCF_SALES":0.151529440911,"TOTAL_PARENT_EQUITY":2402185095.31,"DEBT_ASSET_RATIO":38.7626695339,"OPERATE_PROFIT":225698324.04,"PRETAX_PROFIT":221928646.52,"NETCASH_OPERATE":3682448.14,"NETCASH_INVEST":-85804633.46,"NETCASH_FINANCE":51413167.61,"END_CASH":293359246.46,"DIVI_RATIO":1.155075475778,"DIVIDEND_RATE":10.721247563353,"CURRENT_RATIO":1.760365076834,"COMMON_ACS":null,"CURRENTDEBT_DEBT":97.695213659543,"ISSUED_COMMON_SHARES":676865000,"HK_COMMON_SHARES":676865000,"PER_SHARES":2000,"TOTAL_MARKET_CAP":3472317450,"HKSK_MARKET_CAP":3472317450,"PE_TTM":4.481259606661,"PB_TTM":0.943360727778,"REPORT_DATE_SQ":"2021-06-30 00:00:00","REPORT_TYPE_SQ":"2021年中报","OPERATE_INCOME_SQ":1630436629.68,"DPS_HKD":0.55,"OPERATE_INCOME_QOQ_SQ":4.461994970296,"NET_PROFIT_RATIO_SQ":2.3165435977,"HOLDER_PROFIT_SQ":37769775.36,"HOLDER_PROFIT_QOQ_SQ":-18.341699557255,"ROE_AVG_SQ":1.779216034894,"PE_TTM_SQ":3.204994020161,"PB_TTM_SQ":0.78864128367,"ROA_SQ":1.228718978175,"START_DATE":"2022-01-01 00:00:00","FISCAL_YEAR":"12-31","CURRENCY":"HKD","IS_CNY_CODE":0,"DPS_HKD_LY":0.2,"ORG_TYPE":"一般企业","PREMIUM_INCOME":null,"PREMIUM_INCOME_YOY":null,"NET_INTEREST_INCOME":null,"NET_INTEREST_INCOME_YOY":null,"FEE_COMMISSION_INCOME":null,"FEE_COMMISSION_INCOME_YOY":null,"ACCOUNTS_RECE_TDAYS":2.228833104504,"INVENTORY_TDAYS":2.235381051001,"CURRENT_ASSETS_TDAYS":0.980648385128,"TOTAL_ASSETS_TDAYS":0.64683860356,"PREMIUM_EXPENSE":null,"LOAN_DEPOSIT":null,"LOAN_EQUITY":null,"LOAN_ASSETS":null,"DEPOSIT_EQUITY":null,"DEPOSIT_ASSETS":null,"EQUITY_MULTIPLIER":1.632990844618,"EQUITY_RATIO":0.632990844618},{"SECUCODE":"01126.HK","SECURITY_CODE":"01126","SECURITY_NAME_ABBR":"德林国际","ORG_CODE":"10010502","STD_REPORT_DATE":"2021-12-31 00:00:00","REPORT_DATE":"2021-12-31 00:00:00","DATE_TYPE_CODE":"001","REPORT_TYPE":"2021年年报","PER_NETCASH_OPERATE":0.238614083458,"PER_OI":5.797765013703,"BPS":3.230248678836,"BASIC_EPS":0.2338336,"DILUTED_EPS":0.2338336,"OPERATE_INCOME":3924304216,"OPERATE_INCOME_YOY":26.991239064,"GROSS_PROFIT":502591801.6,"GROSS_PROFIT_YOY":-9.604971469364,"HOLDER_PROFIT":158256291.2,"HOLDER_PROFIT_YOY":-29.0399448632,"GROSS_PROFIT_RATIO":12.80715698724,"EPS_TTM":0.233807762552,"OPERATE_INCOME_QOQ":18.094578440863,"NET_PROFIT_RATIO":4.032722299,"ROE_AVG":7.395534757049,"GROSS_PROFIT_QOQ":-4.779742457861,"ROA":4.997649146244,"HOLDER_PROFIT_QOQ":-15.583348228764,"ROE_YEARLY":7.395534757049,"ROIC_YEARLY":5.974533182685,"TOTAL_ASSETS":3433440886.4,"TOTAL_LIABILITIES":1246998614.4,"TAX_EBT":26.743772376678,"OCF_SALES":4.115621845562,"TOTAL_PARENT_EQUITY":2186442272,"DEBT_ASSET_RATIO":36.3192102517,"OPERATE_PROFIT":223844163.2,"PRETAX_PROFIT":216031177.6,"NETCASH_OPERATE":161509521.6,"NETCASH_INVEST":-166841091.2,"NETCASH_FINANCE":-83254572.8,"END_CASH":313131806.4,"DIVI_RATIO":2.137281476649,"DIVIDEND_RATE":10.721247563353,"CURRENT_RATIO":1.832010134118,"COMMON_ACS":null,"CURRENTDEBT_DEBT":97.978224409485,"ISSUED_COMMON_SHARES":676865000,"HK_COMMON_SHARES":676865000,"PER_SHARES":2000,"TOTAL_MARKET_CAP":3472317450,"HKSK_MARKET_CAP":3472317450,"PE_TTM":4.481259606661,"PB_TTM":0.943360727778,"REPORT_DATE_SQ":"2020-12-31 00:00:00","REPORT_TYPE_SQ":"2020年年报","OPERATE_INCOME_SQ":3181078535.16,"DPS_HKD":0.55,"OPERATE_INCOME_QOQ_SQ":-12.80509308456,"NET_PROFIT_RATIO_SQ":7.2170237265,"HOLDER_PROFIT_SQ":229579192.64,"HOLDER_PROFIT_QOQ_SQ":-43.823885237777,"ROE_AVG_SQ":11.027193843633,"PE_TTM_SQ":3.204994020161,"PB_TTM_SQ":0.78864128367,"ROA_SQ":8.013493701524,"START_DATE":"2021-01-01 00:00:00","FISCAL_YEAR":"12-31","CURRENCY":"HKD","IS_CNY_CODE":0,"DPS_HKD_LY":0.12,"ORG_TYPE":"一般企业","PREMIUM_INCOME":null,"PREMIUM_INCOME_YOY":null,"NET_INTEREST_INCOME":null,"NET_INTEREST_INCOME_YOY":null,"FEE_COMMISSION_INCOME":null,"FEE_COMMISSION_INCOME_YOY":null,"ACCOUNTS_RECE_TDAYS":4.735897739494,"INVENTORY_TDAYS":5.416706088678,"CURRENT_ASSETS_TDAYS":1.978598846054,"TOTAL_ASSETS_TDAYS":1.239274310423,"PREMIUM_EXPENSE":null,"LOAN_DEPOSIT":null,"LOAN_EQUITY":null,"LOAN_ASSETS":null,"DEPOSIT_EQUITY":null,"DEPOSIT_ASSETS":null,"EQUITY_MULTIPLIER":1.570332283806,"EQUITY_RATIO":0.570332283806},{"SECUCODE":"01126.HK","SECURITY_CODE":"01126","SECURITY_NAME_ABBR":"德林国际","ORG_CODE":"10010502","STD_REPORT_DATE":"2021-06-30 00:00:00","REPORT_DATE":"2021-06-30 00:00:00","DATE_TYPE_CODE":"002","REPORT_TYPE":"2021年中报","PER_NETCASH_OPERATE":-0.06654279716,"PER_OI":2.408806231198,"BPS":3.125074965082,"BASIC_EPS":0.05574936,"DILUTED_EPS":0.05574936,"OPERATE_INCOME":1630436629.68,"OPERATE_INCOME_YOY":20.2460677819,"GROSS_PROFIT":208488461.04,"GROSS_PROFIT_YOY":-11.904982345846,"HOLDER_PROFIT":37769775.36,"HOLDER_PROFIT_YOY":-48.0925807337,"GROSS_PROFIT_RATIO":12.787277790792,"EPS_TTM":0.276968770552,"OPERATE_INCOME_QOQ":4.461994970296,"NET_PROFIT_RATIO":2.3165435977,"ROE_AVG":1.779216034894,"GROSS_PROFIT_QOQ":-5.067439572265,"ROA":1.228718978175,"HOLDER_PROFIT_QOQ":-18.341699557255,"ROE_YEARLY":3.558432069789,"ROIC_YEARLY":2.9389360795,"TOTAL_ASSETS":3196684944,"TOTAL_LIABILITIES":1081431077.76,"TAX_EBT":38.360424220203,"OCF_SALES":-2.762480281668,"TOTAL_PARENT_EQUITY":2115253866.24,"DEBT_ASSET_RATIO":33.8297672966,"OPERATE_PROFIT":64028556,"PRETAX_PROFIT":61275203.28,"NETCASH_OPERATE":-45040490.4,"NETCASH_INVEST":-43904701.2,"NETCASH_FINANCE":902806.8,"END_CASH":319229156.16,"DIVI_RATIO":1.804221461514,"DIVIDEND_RATE":10.721247563353,"CURRENT_RATIO":1.903881610907,"COMMON_ACS":null,"CURRENTDEBT_DEBT":96.7744938723,"ISSUED_COMMON_SHARES":676865000,"HK_COMMON_SHARES":676865000,"PER_SHARES":2000,"TOTAL_MARKET_CAP":3472317450,"HKSK_MARKET_CAP":3472317450,"PE_TTM":4.481259606661,"PB_TTM":0.943360727778,"REPORT_DATE_SQ":"2020-06-30 00:00:00","REPORT_TYPE_SQ":"2020年中报","OPERATE_INCOME_SQ":1488497065.44,"DPS_HKD":0.55,"OPERATE_INCOME_QOQ_SQ":2.497425330343,"NET_PROFIT_RATIO_SQ":5.3663862009,"HOLDER_PROFIT_SQ":79878501.12,"HOLDER_PROFIT_QOQ_SQ":-4.449209756899,"ROE_AVG_SQ":3.676447558133,"PE_TTM_SQ":3.204994020161,"PB_TTM_SQ":0.78864128367,"ROA_SQ":2.67475995048,"START_DATE":"2021-01-01 00:00:00","FISCAL_YEAR":"12-31","CURRENCY":"HKD","IS_CNY_CODE":0,"DPS_HKD_LY":0.12,"ORG_TYPE":"一般企业","PREMIUM_INCOME":null,"PREMIUM_INCOME_YOY":null,"NET_INTEREST_INCOME":null,"NET_INTEREST_INCOME_YOY":null,"FEE_COMMISSION_INCOME":null,"FEE_COMMISSION_INCOME_YOY":null,"ACCOUNTS_RECE_TDAYS":2.254988350877,"INVENTORY_TDAYS":2.22275723882,"CURRENT_ASSETS_TDAYS":0.869208857411,"TOTAL_ASSETS_TDAYS":0.530410469881,"PREMIUM_EXPENSE":null,"LOAN_DEPOSIT":null,"LOAN_EQUITY":null,"LOAN_ASSETS":null,"DEPOSIT_EQUITY":null,"DEPOSIT_ASSETS":null,"EQUITY_MULTIPLIER":1.511253563944,"EQUITY_RATIO":0.511253563943},{"SECUCODE":"01126.HK","SECURITY_CODE":"01126","SECURITY_NAME_ABBR":"德林国际","ORG_CODE":"10010502","STD_REPORT_DATE":"2020-12-31 00:00:00","REPORT_DATE":"2020-12-31 00:00:00","DATE_TYPE_CODE":"001","REPORT_TYPE":"2020年年报","PER_NETCASH_OPERATE":0.407284550213,"PER_OI":4.699723778242,"BPS":3.1836303017,"BASIC_EPS":0.33918092,"DILUTED_EPS":0.33918092,"OPERATE_INCOME":3181078535.16,"OPERATE_INCOME_YOY":-4.8784170777,"GROSS_PROFIT":555994958.76,"GROSS_PROFIT_YOY":-35.177237595158,"HOLDER_PROFIT":229579192.64,"HOLDER_PROFIT_YOY":-42.87042719,"GROSS_PROFIT_RATIO":17.478190262034,"EPS_TTM":0.339180180154,"OPERATE_INCOME_QOQ":-12.80509308456,"NET_PROFIT_RATIO":7.2170237265,"ROE_AVG":11.027193843633,"GROSS_PROFIT_QOQ":-32.063357931046,"ROA":8.013493701524,"HOLDER_PROFIT_QOQ":-43.823885237777,"ROE_YEARLY":11.027193843633,"ROIC_YEARLY":9.925806438114,"TOTAL_ASSETS":2985051321.12,"TOTAL_LIABILITIES":830163396.96,"TAX_EBT":17.51632129131,"OCF_SALES":8.666138041956,"TOTAL_PARENT_EQUITY":2154887924.16,"DEBT_ASSET_RATIO":27.810690928,"OPERATE_PROFIT":285931198.84,"PRETAX_PROFIT":278332872.92,"NETCASH_OPERATE":275676657.08,"NETCASH_INVEST":-310438072.36,"NETCASH_FINANCE":-47420522.52,"END_CASH":411621716.44,"DIVI_RATIO":1.473296581696,"DIVIDEND_RATE":10.721247563353,"CURRENT_RATIO":2.233861994414,"COMMON_ACS":null,"CURRENTDEBT_DEBT":95.943586748908,"ISSUED_COMMON_SHARES":676865000,"HK_COMMON_SHARES":676865000,"PER_SHARES":2000,"TOTAL_MARKET_CAP":3472317450,"HKSK_MARKET_CAP":3472317450,"PE_TTM":4.481259606661,"PB_TTM":0.943360727778,"REPORT_DATE_SQ":"2019-12-31 00:00:00","REPORT_TYPE_SQ":"2019年年报","OPERATE_INCOME_SQ":3559346894.58,"DPS_HKD":0.55,"OPERATE_INCOME_QOQ_SQ":6.521446205346,"NET_PROFIT_RATIO_SQ":12.0410644524,"HOLDER_PROFIT_SQ":427707180.82,"HOLDER_PROFIT_QOQ_SQ":33.776583889385,"ROE_AVG_SQ":21.774457609789,"PE_TTM_SQ":3.204994020161,"PB_TTM_SQ":0.78864128367,"ROA_SQ":15.920080342442,"START_DATE":"2020-01-01 00:00:00","FISCAL_YEAR":"12-31","CURRENCY":"HKD","IS_CNY_CODE":0,"DPS_HKD_LY":0.12,"ORG_TYPE":"一般企业","PREMIUM_INCOME":null,"PREMIUM_INCOME_YOY":null,"NET_INTEREST_INCOME":null,"NET_INTEREST_INCOME_YOY":null,"FEE_COMMISSION_INCOME":null,"FEE_COMMISSION_INCOME_YOY":null,"ACCOUNTS_RECE_TDAYS":5.197942617455,"INVENTORY_TDAYS":4.948252926464,"CURRENT_ASSETS_TDAYS":1.862244556081,"TOTAL_ASSETS_TDAYS":1.110359894223,"PREMIUM_EXPENSE":null,"LOAN_DEPOSIT":null,"LOAN_EQUITY":null,"LOAN_ASSETS":null,"DEPOSIT_EQUITY":null,"DEPOSIT_ASSETS":null,"EQUITY_MULTIPLIER":1.385246669978,"EQUITY_RATIO":0.385246669979},{"SECUCODE":"01126.HK","SECURITY_CODE":"01126","SECURITY_NAME_ABBR":"德林国际","ORG_CODE":"10010502","STD_REPORT_DATE":"2020-06-30 00:00:00","REPORT_DATE":"2020-06-30 00:00:00","DATE_TYPE_CODE":"002","REPORT_TYPE":"2020年中报","PER_NETCASH_OPERATE":0.100125973953,"PER_OI":2.199104792595,"BPS":3.198638501444,"BASIC_EPS":0.11783376,"DILUTED_EPS":0.11783376,"OPERATE_INCOME":1488497065.44,"OPERATE_INCOME_YOY":2.4182392408,"GROSS_PROFIT":236663169.6,"GROSS_PROFIT_YOY":-14.245207828308,"HOLDER_PROFIT":79878501.12,"HOLDER_PROFIT_YOY":-22.2262738018,"GROSS_PROFIT_RATIO":15.899471694964,"EPS_TTM":0.603780061312,"OPERATE_INCOME_QOQ":2.497425330343,"NET_PROFIT_RATIO":5.3663862009,"ROE_AVG":3.676447558133,"GROSS_PROFIT_QOQ":-4.583505409277,"ROA":2.67475995048,"HOLDER_PROFIT_QOQ":-4.449209756899,"ROE_YEARLY":7.352895116267,"ROIC_YEARLY":6.541945433541,"TOTAL_ASSETS":2993841618.24,"TOTAL_LIABILITIES":828795168.96,"TAX_EBT":22.987908516878,"OCF_SALES":4.553033320221,"TOTAL_PARENT_EQUITY":2165046449.28,"DEBT_ASSET_RATIO":27.6833338113,"OPERATE_PROFIT":108304753.92,"PRETAX_PROFIT":103722025.44,"NETCASH_OPERATE":67771767.36,"NETCASH_INVEST":-133924005.6,"NETCASH_FINANCE":-36682836.96,"END_CASH":425585397.6,"DIVI_RATIO":0.827640778521,"DIVIDEND_RATE":10.721247563353,"CURRENT_RATIO":2.132022666139,"COMMON_ACS":null,"CURRENTDEBT_DEBT":97.229575878343,"ISSUED_COMMON_SHARES":676865000,"HK_COMMON_SHARES":676865000,"PER_SHARES":2000,"TOTAL_MARKET_CAP":3472317450,"HKSK_MARKET_CAP":3472317450,"PE_TTM":4.481259606661,"PB_TTM":0.943360727778,"REPORT_DATE_SQ":"2019-06-30 00:00:00","REPORT_TYPE_SQ":"2019年中报","OPERATE_INCOME_SQ":1399605034.5,"DPS_HKD":0.55,"OPERATE_INCOME_QOQ_SQ":7.820865117068,"NET_PROFIT_RATIO_SQ":6.9304715365,"HOLDER_PROFIT_SQ":98908090.74,"HOLDER_PROFIT_QOQ_SQ":9.742324241724,"ROE_AVG_SQ":5.552488370485,"PE_TTM_SQ":3.204994020161,"PB_TTM_SQ":0.78864128367,"ROA_SQ":4.026610098809,"START_DATE":"2020-01-01 00:00:00","FISCAL_YEAR":"12-31","CURRENCY":"HKD","IS_CNY_CODE":0,"DPS_HKD_LY":0.12,"ORG_TYPE":"一般企业","PREMIUM_INCOME":null,"PREMIUM_INCOME_YOY":null,"NET_INTEREST_INCOME":null,"NET_INTEREST_INCOME_YOY":null,"FEE_COMMISSION_INCOME":null,"FEE_COMMISSION_INCOME_YOY":null,"ACCOUNTS_RECE_TDAYS":2.401839756095,"INVENTORY_TDAYS":2.184720549472,"CURRENT_ASSETS_TDAYS":0.851818977797,"TOTAL_ASSETS_TDAYS":0.498428523473,"PREMIUM_EXPENSE":null,"LOAN_DEPOSIT":null,"LOAN_EQUITY":null,"LOAN_ASSETS":null,"DEPOSIT_EQUITY":null,"DEPOSIT_ASSETS":null,"EQUITY_MULTIPLIER":1.382807107549,"EQUITY_RATIO":0.38280710755}],"count":44},"success":true,"message":"ok","code":0}