{"version":"7013f94388786af07e367ce919ffe56a","result":{"pages":6,"data":[{"SECUCODE":"01122.HK","SECURITY_CODE":"01122","SECURITY_NAME_ABBR":"庆铃汽车股份","ORG_CODE":"10010498","STD_REPORT_DATE":"2024-06-30 00:00:00","REPORT_DATE":"2024-06-30 00:00:00","DATE_TYPE_CODE":"002","REPORT_TYPE":"2024年中报","PER_NETCASH_OPERATE":-0.019972458513,"PER_OI":0.850907626395,"BPS":2.97530814667,"BASIC_EPS":-0.005,"DILUTED_EPS":null,"OPERATE_INCOME":2112181000,"OPERATE_INCOME_YOY":9.2190113734,"GROSS_PROFIT":147340000,"GROSS_PROFIT_YOY":-12.097221642196,"HOLDER_PROFIT":-12290000,"HOLDER_PROFIT_YOY":-277.7295733912,"GROSS_PROFIT_RATIO":6.975727932407,"EPS_TTM":-0.029599540447,"OPERATE_INCOME_QOQ":4.957160155539,"NET_PROFIT_RATIO":-0.3854783279,"ROE_AVG":-0.166268515129,"GROSS_PROFIT_QOQ":-9.078413639335,"ROA":-0.120677779038,"HOLDER_PROFIT_QOQ":-35.388527520315,"ROE_YEARLY":-0.332537030258,"ROIC_YEARLY":-0.335989789628,"TOTAL_ASSETS":10383800000,"TOTAL_LIABILITIES":2654681000,"TAX_EBT":-73.751600512164,"OCF_SALES":-2.347194676971,"TOTAL_PARENT_EQUITY":7385513000,"DEBT_ASSET_RATIO":25.565602188,"OPERATE_PROFIT":-6259000,"PRETAX_PROFIT":-4686000,"NETCASH_OPERATE":-49577000,"NETCASH_INVEST":49572000,"NETCASH_FINANCE":-8472000,"END_CASH":1011837000,"DIVI_RATIO":null,"DIVIDEND_RATE":null,"CURRENT_RATIO":2.12717916233,"COMMON_ACS":null,"CURRENTDEBT_DEBT":99.427727851294,"ISSUED_COMMON_SHARES":2482268268,"HK_COMMON_SHARES":1238651865,"PER_SHARES":2000,"TOTAL_MARKET_CAP":1265956816.68,"HKSK_MARKET_CAP":631712451.15,"PE_TTM":-15.657896118364,"PB_TTM":0.156443224384,"REPORT_DATE_SQ":"2023-06-30 00:00:00","REPORT_TYPE_SQ":"2023年中报","OPERATE_INCOME_SQ":1933895000,"DPS_HKD":null,"OPERATE_INCOME_QOQ_SQ":0.494815398636,"NET_PROFIT_RATIO_SQ":0.6217504053,"HOLDER_PROFIT_SQ":6915000,"HOLDER_PROFIT_QOQ_SQ":-151.16295025729,"ROE_AVG_SQ":0.092749951563,"PE_TTM_SQ":-38.399167324286,"PB_TTM_SQ":0.202504324046,"ROA_SQ":0.068217722955,"START_DATE":"2024-01-01 00:00:00","FISCAL_YEAR":"12-31","CURRENCY":"HKD","IS_CNY_CODE":0,"DPS_HKD_LY":null,"ORG_TYPE":"一般企业","PREMIUM_INCOME":null,"PREMIUM_INCOME_YOY":null,"NET_INTEREST_INCOME":null,"NET_INTEREST_INCOME_YOY":null,"FEE_COMMISSION_INCOME":null,"FEE_COMMISSION_INCOME_YOY":null,"ACCOUNTS_RECE_TDAYS":1.216505622113,"INVENTORY_TDAYS":1.611377987288,"CURRENT_ASSETS_TDAYS":0.384343563511,"TOTAL_ASSETS_TDAYS":0.207398951998,"PREMIUM_EXPENSE":null,"LOAN_DEPOSIT":null,"LOAN_EQUITY":null,"LOAN_ASSETS":null,"DEPOSIT_EQUITY":null,"DEPOSIT_ASSETS":null,"EQUITY_MULTIPLIER":1.343464889077,"EQUITY_RATIO":0.359444360872},{"SECUCODE":"01122.HK","SECURITY_CODE":"01122","SECURITY_NAME_ABBR":"庆铃汽车股份","ORG_CODE":"10010498","STD_REPORT_DATE":"2023-12-31 00:00:00","REPORT_DATE":"2023-12-31 00:00:00","DATE_TYPE_CODE":"001","REPORT_TYPE":"2023年年报","PER_NETCASH_OPERATE":-0.138940663443,"PER_OI":1.448890535469,"BPS":2.98025926342,"BASIC_EPS":-0.02,"DILUTED_EPS":null,"OPERATE_INCOME":3596535000,"OPERATE_INCOME_YOY":10.7280300978,"GROSS_PROFIT":223354000,"GROSS_PROFIT_YOY":93.956077355263,"HOLDER_PROFIT":-54269000,"HOLDER_PROFIT_YOY":-272.3430531732,"GROSS_PROFIT_RATIO":6.210255148358,"EPS_TTM":-0.021862665168,"OPERATE_INCOME_QOQ":10.182828495732,"NET_PROFIT_RATIO":-1.2625207318,"ROE_AVG":-0.730901775267,"GROSS_PROFIT_QOQ":107.60314907935,"ROA":-0.533784709555,"HOLDER_PROFIT_QOQ":-48.247602917475,"ROE_YEARLY":-0.730901775267,"ROIC_YEARLY":-0.818697358653,"TOTAL_ASSETS":9984490000,"TOTAL_LIABILITIES":2247229000,"TAX_EBT":3.90459663083,"OCF_SALES":-9.589452069839,"TOTAL_PARENT_EQUITY":7397803000,"DEBT_ASSET_RATIO":22.5071986651,"OPERATE_PROFIT":-48646000,"PRETAX_PROFIT":-47252000,"NETCASH_OPERATE":-344888000,"NETCASH_INVEST":424899000,"NETCASH_FINANCE":-21315000,"END_CASH":1027775000,"DIVI_RATIO":null,"DIVIDEND_RATE":null,"CURRENT_RATIO":2.417963321583,"COMMON_ACS":null,"CURRENTDEBT_DEBT":98.945946318778,"ISSUED_COMMON_SHARES":2482268268,"HK_COMMON_SHARES":1238651865,"PER_SHARES":2000,"TOTAL_MARKET_CAP":1390070230.08,"HKSK_MARKET_CAP":693645044.4,"PE_TTM":-17.192983973106,"PB_TTM":0.171780795402,"REPORT_DATE_SQ":"2022-12-31 00:00:00","REPORT_TYPE_SQ":"2022年年报","OPERATE_INCOME_SQ":3248080000,"DPS_HKD":null,"OPERATE_INCOME_QOQ_SQ":-19.641324123981,"NET_PROFIT_RATIO_SQ":-0.153413709,"HOLDER_PROFIT_SQ":-14575000,"HOLDER_PROFIT_QOQ_SQ":-106.744250613114,"ROE_AVG_SQ":-0.191880221454,"PE_TTM_SQ":-29.090278275974,"PB_TTM_SQ":0.153412366701,"ROA_SQ":-0.137143640014,"START_DATE":"2023-01-01 00:00:00","FISCAL_YEAR":"12-31","CURRENCY":"HKD","IS_CNY_CODE":0,"DPS_HKD_LY":null,"ORG_TYPE":"一般企业","PREMIUM_INCOME":null,"PREMIUM_INCOME_YOY":null,"NET_INTEREST_INCOME":null,"NET_INTEREST_INCOME_YOY":null,"FEE_COMMISSION_INCOME":null,"FEE_COMMISSION_INCOME_YOY":null,"ACCOUNTS_RECE_TDAYS":2.328977403343,"INVENTORY_TDAYS":2.46465135786,"CURRENT_ASSETS_TDAYS":0.586996852787,"TOTAL_ASSETS_TDAYS":0.353751753373,"PREMIUM_EXPENSE":null,"LOAN_DEPOSIT":null,"LOAN_EQUITY":null,"LOAN_ASSETS":null,"DEPOSIT_EQUITY":null,"DEPOSIT_ASSETS":null,"EQUITY_MULTIPLIER":1.290442444684,"EQUITY_RATIO":0.30376978138},{"SECUCODE":"01122.HK","SECURITY_CODE":"01122","SECURITY_NAME_ABBR":"庆铃汽车股份","ORG_CODE":"10010498","STD_REPORT_DATE":"2023-06-30 00:00:00","REPORT_DATE":"2023-06-30 00:00:00","DATE_TYPE_CODE":"002","REPORT_TYPE":"2023年中报","PER_NETCASH_OPERATE":-0.241567765954,"PER_OI":0.779083802074,"BPS":3.004907687117,"BASIC_EPS":0.0028,"DILUTED_EPS":null,"OPERATE_INCOME":1933895000,"OPERATE_INCOME_YOY":0.8380335412,"GROSS_PROFIT":167617000,"GROSS_PROFIT_YOY":-4.321096885043,"HOLDER_PROFIT":6915000,"HOLDER_PROFIT_YOY":-76.1115141465,"GROSS_PROFIT_RATIO":8.667326819708,"EPS_TTM":-0.014747398769,"OPERATE_INCOME_QOQ":0.494815398636,"NET_PROFIT_RATIO":0.6217504053,"ROE_AVG":0.092749951563,"GROSS_PROFIT_QOQ":-6.573634255842,"ROA":0.068217722955,"HOLDER_PROFIT_QOQ":-151.16295025729,"ROE_YEARLY":0.185499903126,"ROIC_YEARLY":0.197522062165,"TOTAL_ASSETS":9924148000,"TOTAL_LIABILITIES":2126127000,"TAX_EBT":-143.746199067505,"OCF_SALES":-31.006647206803,"TOTAL_PARENT_EQUITY":7458987000,"DEBT_ASSET_RATIO":21.4237736076,"OPERATE_PROFIT":4561000,"PRETAX_PROFIT":4933000,"NETCASH_OPERATE":-599636000,"NETCASH_INVEST":388254000,"NETCASH_FINANCE":-6291000,"END_CASH":750112000,"DIVI_RATIO":null,"DIVIDEND_RATE":null,"CURRENT_RATIO":2.30273387879,"COMMON_ACS":null,"CURRENTDEBT_DEBT":98.674020883983,"ISSUED_COMMON_SHARES":2482268268,"HK_COMMON_SHARES":1238651865,"PER_SHARES":2000,"TOTAL_MARKET_CAP":1390070230.08,"HKSK_MARKET_CAP":693645044.4,"PE_TTM":-17.192983973106,"PB_TTM":0.171780795402,"REPORT_DATE_SQ":"2022-06-30 00:00:00","REPORT_TYPE_SQ":"2022年中报","OPERATE_INCOME_SQ":1917823000,"DPS_HKD":null,"OPERATE_INCOME_QOQ_SQ":-16.28459829126,"NET_PROFIT_RATIO_SQ":1.8032946732,"HOLDER_PROFIT_SQ":28947000,"HOLDER_PROFIT_QOQ_SQ":-32.901763537009,"ROE_AVG_SQ":0.37999930556,"PE_TTM_SQ":-29.090278275974,"PB_TTM_SQ":0.153412366701,"ROA_SQ":0.272931549028,"START_DATE":"2023-01-01 00:00:00","FISCAL_YEAR":"12-31","CURRENCY":"HKD","IS_CNY_CODE":0,"DPS_HKD_LY":null,"ORG_TYPE":"一般企业","PREMIUM_INCOME":null,"PREMIUM_INCOME_YOY":null,"NET_INTEREST_INCOME":null,"NET_INTEREST_INCOME_YOY":null,"FEE_COMMISSION_INCOME":null,"FEE_COMMISSION_INCOME_YOY":null,"ACCOUNTS_RECE_TDAYS":1.145906598209,"INVENTORY_TDAYS":1.303039602923,"CURRENT_ASSETS_TDAYS":0.330338629999,"TOTAL_ASSETS_TDAYS":0.190782231863,"PREMIUM_EXPENSE":null,"LOAN_DEPOSIT":null,"LOAN_EQUITY":null,"LOAN_ASSETS":null,"DEPOSIT_EQUITY":null,"DEPOSIT_ASSETS":null,"EQUITY_MULTIPLIER":1.272649560703,"EQUITY_RATIO":0.285042325453},{"SECUCODE":"01122.HK","SECURITY_CODE":"01122","SECURITY_NAME_ABBR":"庆铃汽车股份","ORG_CODE":"10010498","STD_REPORT_DATE":"2022-12-31 00:00:00","REPORT_DATE":"2022-12-31 00:00:00","DATE_TYPE_CODE":"001","REPORT_TYPE":"2022年年报","PER_NETCASH_OPERATE":0.121123491718,"PER_OI":1.308512879882,"BPS":3.002121928588,"BASIC_EPS":-0.01,"DILUTED_EPS":null,"OPERATE_INCOME":3248080000,"OPERATE_INCOME_YOY":-32.7274116826,"GROSS_PROFIT":115157000,"GROSS_PROFIT_YOY":-79.22643701384,"HOLDER_PROFIT":-14575000,"HOLDER_PROFIT_YOY":-104.525273224,"GROSS_PROFIT_RATIO":3.545386813133,"EPS_TTM":-0.00587164578,"OPERATE_INCOME_QOQ":-19.641324123981,"NET_PROFIT_RATIO":-0.153413709,"ROE_AVG":-0.191880221454,"GROSS_PROFIT_QOQ":-69.759588240701,"ROA":-0.137143640014,"HOLDER_PROFIT_QOQ":-106.744250613114,"ROE_YEARLY":-0.191880221454,"ROIC_YEARLY":-0.201984982295,"TOTAL_ASSETS":10349176000,"TOTAL_LIABILITIES":2563179000,"TAX_EBT":87.422701229208,"OCF_SALES":9.256576192705,"TOTAL_PARENT_EQUITY":7452072000,"DEBT_ASSET_RATIO":24.7669862799,"OPERATE_PROFIT":-37694000,"PRETAX_PROFIT":-39619000,"NETCASH_OPERATE":300661000,"NETCASH_INVEST":-693681000,"NETCASH_FINANCE":-299695000,"END_CASH":972924000,"DIVI_RATIO":null,"DIVIDEND_RATE":null,"CURRENT_RATIO":2.717664687103,"COMMON_ACS":null,"CURRENTDEBT_DEBT":98.732589491409,"ISSUED_COMMON_SHARES":2482268268,"HK_COMMON_SHARES":1238651865,"PER_SHARES":2000,"TOTAL_MARKET_CAP":1390070230.08,"HKSK_MARKET_CAP":693645044.4,"PE_TTM":-17.192983973106,"PB_TTM":0.171780795402,"REPORT_DATE_SQ":"2021-12-31 00:00:00","REPORT_TYPE_SQ":"2021年年报","OPERATE_INCOME_SQ":4828237000,"DPS_HKD":null,"OPERATE_INCOME_QOQ_SQ":-12.927534485983,"NET_PROFIT_RATIO_SQ":6.8531432902,"HOLDER_PROFIT_SQ":322080000,"HOLDER_PROFIT_QOQ_SQ":-5.635003647678,"ROE_AVG_SQ":4.181352670445,"PE_TTM_SQ":-29.090278275974,"PB_TTM_SQ":0.153412366701,"ROA_SQ":2.945101400624,"START_DATE":"2022-01-01 00:00:00","FISCAL_YEAR":"12-31","CURRENCY":"HKD","IS_CNY_CODE":0,"DPS_HKD_LY":0.12924,"ORG_TYPE":"一般企业","PREMIUM_INCOME":null,"PREMIUM_INCOME_YOY":null,"NET_INTEREST_INCOME":null,"NET_INTEREST_INCOME_YOY":null,"FEE_COMMISSION_INCOME":null,"FEE_COMMISSION_INCOME_YOY":null,"ACCOUNTS_RECE_TDAYS":1.563641982946,"INVENTORY_TDAYS":2.552918959332,"CURRENT_ASSETS_TDAYS":0.50771161815,"TOTAL_ASSETS_TDAYS":0.305628483196,"PREMIUM_EXPENSE":null,"LOAN_DEPOSIT":null,"LOAN_EQUITY":null,"LOAN_ASSETS":null,"DEPOSIT_EQUITY":null,"DEPOSIT_ASSETS":null,"EQUITY_MULTIPLIER":1.329203697356,"EQUITY_RATIO":0.343955211383},{"SECUCODE":"01122.HK","SECURITY_CODE":"01122","SECURITY_NAME_ABBR":"庆铃汽车股份","ORG_CODE":"10010498","STD_REPORT_DATE":"2022-06-30 00:00:00","REPORT_DATE":"2022-06-30 00:00:00","DATE_TYPE_CODE":"002","REPORT_TYPE":"2022年中报","PER_NETCASH_OPERATE":-0.016336268131,"PER_OI":0.772609078851,"BPS":3.019655085886,"BASIC_EPS":0.0117,"DILUTED_EPS":null,"OPERATE_INCOME":1917823000,"OPERATE_INCOME_YOY":-29.0767439745,"GROSS_PROFIT":175187000,"GROSS_PROFIT_YOY":-49.763711337841,"HOLDER_PROFIT":28947000,"HOLDER_PROFIT_YOY":-78.5445866718,"GROSS_PROFIT_RATIO":9.134680312,"EPS_TTM":0.087061500478,"OPERATE_INCOME_QOQ":-16.28459829126,"NET_PROFIT_RATIO":1.8032946732,"ROE_AVG":0.37999930556,"GROSS_PROFIT_QOQ":-31.305290577692,"ROA":0.272931549028,"HOLDER_PROFIT_QOQ":-32.901763537009,"ROE_YEARLY":0.759998611119,"ROIC_YEARLY":0.835402214262,"TOTAL_ASSETS":10306001000,"TOTAL_LIABILITIES":2477245000,"TAX_EBT":-26.361942343527,"OCF_SALES":-2.114428703796,"TOTAL_PARENT_EQUITY":7495594000,"DEBT_ASSET_RATIO":24.0369179083,"OPERATE_PROFIT":37727000,"PRETAX_PROFIT":27369000,"NETCASH_OPERATE":486195000,"NETCASH_INVEST":-552270000,"NETCASH_FINANCE":-287825000,"END_CASH":1294668000,"DIVI_RATIO":null,"DIVIDEND_RATE":null,"CURRENT_RATIO":2.925211679943,"COMMON_ACS":null,"CURRENTDEBT_DEBT":99.77438646561,"ISSUED_COMMON_SHARES":2482268268,"HK_COMMON_SHARES":1238651865,"PER_SHARES":2000,"TOTAL_MARKET_CAP":1390070230.08,"HKSK_MARKET_CAP":693645044.4,"PE_TTM":-17.192983973106,"PB_TTM":0.171780795402,"REPORT_DATE_SQ":"2021-06-30 00:00:00","REPORT_TYPE_SQ":"2021年中报","OPERATE_INCOME_SQ":2704082000,"DPS_HKD":null,"OPERATE_INCOME_QOQ_SQ":8.967151539019,"NET_PROFIT_RATIO_SQ":5.1636377891,"HOLDER_PROFIT_SQ":134917000,"HOLDER_PROFIT_QOQ_SQ":13.397167338341,"ROE_AVG_SQ":1.773079890643,"PE_TTM_SQ":-29.090278275974,"PB_TTM_SQ":0.153412366701,"ROA_SQ":1.239091069938,"START_DATE":"2022-01-01 00:00:00","FISCAL_YEAR":"12-31","CURRENCY":"HKD","IS_CNY_CODE":0,"DPS_HKD_LY":0.12924,"ORG_TYPE":"一般企业","PREMIUM_INCOME":null,"PREMIUM_INCOME_YOY":null,"NET_INTEREST_INCOME":null,"NET_INTEREST_INCOME_YOY":null,"FEE_COMMISSION_INCOME":null,"FEE_COMMISSION_INCOME_YOY":null,"ACCOUNTS_RECE_TDAYS":0.937820617674,"INVENTORY_TDAYS":1.488849663978,"CURRENT_ASSETS_TDAYS":0.291739082087,"TOTAL_ASSETS_TDAYS":0.180825094881,"PREMIUM_EXPENSE":null,"LOAN_DEPOSIT":null,"LOAN_EQUITY":null,"LOAN_ASSETS":null,"DEPOSIT_EQUITY":null,"DEPOSIT_ASSETS":null,"EQUITY_MULTIPLIER":1.316428944777,"EQUITY_RATIO":0.330493487241},{"SECUCODE":"01122.HK","SECURITY_CODE":"01122","SECURITY_NAME_ABBR":"庆铃汽车股份","ORG_CODE":"10010498","STD_REPORT_DATE":"2021-12-31 00:00:00","REPORT_DATE":"2021-12-31 00:00:00","DATE_TYPE_CODE":"001","REPORT_TYPE":"2021年年报","PER_NETCASH_OPERATE":0.004926139595,"PER_OI":1.945090731023,"BPS":3.117993771977,"BASIC_EPS":0.13,"DILUTED_EPS":null,"OPERATE_INCOME":4828237000,"OPERATE_INCOME_YOY":-5.1196145546,"GROSS_PROFIT":554344000,"GROSS_PROFIT_YOY":-20.740176236522,"HOLDER_PROFIT":322080000,"HOLDER_PROFIT_YOY":7.0072328225,"GROSS_PROFIT_RATIO":11.481292239797,"EPS_TTM":0.129752293155,"OPERATE_INCOME_QOQ":-12.927534485983,"NET_PROFIT_RATIO":6.8531432902,"ROE_AVG":4.181352670445,"GROSS_PROFIT_QOQ":-28.300773974587,"ROA":2.945101400624,"HOLDER_PROFIT_QOQ":-5.635003647678,"ROE_YEARLY":4.181352670445,"ROIC_YEARLY":4.111388135375,"TOTAL_ASSETS":10905911000,"TOTAL_LIABILITIES":2838689000,"TAX_EBT":3.958505067862,"OCF_SALES":0.253260144438,"TOTAL_PARENT_EQUITY":7739697000,"DEBT_ASSET_RATIO":26.0289030417,"OPERATE_PROFIT":347208000,"PRETAX_PROFIT":344524000,"NETCASH_OPERATE":12228000,"NETCASH_INVEST":894415000,"NETCASH_FINANCE":-273709000,"END_CASH":1673977000,"DIVI_RATIO":null,"DIVIDEND_RATE":null,"CURRENT_RATIO":2.091241066803,"COMMON_ACS":null,"CURRENTDEBT_DEBT":99.68031017135,"ISSUED_COMMON_SHARES":2482268268,"HK_COMMON_SHARES":1238651865,"PER_SHARES":2000,"TOTAL_MARKET_CAP":1390070230.08,"HKSK_MARKET_CAP":693645044.4,"PE_TTM":-17.192983973106,"PB_TTM":0.171780795402,"REPORT_DATE_SQ":"2020-12-31 00:00:00","REPORT_TYPE_SQ":"2020年年报","OPERATE_INCOME_SQ":5088762000,"DPS_HKD":null,"OPERATE_INCOME_QOQ_SQ":11.677677311692,"NET_PROFIT_RATIO_SQ":6.0223292031,"HOLDER_PROFIT_SQ":300989000,"HOLDER_PROFIT_QOQ_SQ":32.406454280712,"ROE_AVG_SQ":3.901888673881,"PE_TTM_SQ":-29.090278275974,"PB_TTM_SQ":0.153412366701,"ROA_SQ":2.741003703905,"START_DATE":"2021-01-01 00:00:00","FISCAL_YEAR":"12-31","CURRENCY":"HKD","IS_CNY_CODE":0,"DPS_HKD_LY":0.121039,"ORG_TYPE":"一般企业","PREMIUM_INCOME":null,"PREMIUM_INCOME_YOY":null,"NET_INTEREST_INCOME":null,"NET_INTEREST_INCOME_YOY":null,"FEE_COMMISSION_INCOME":null,"FEE_COMMISSION_INCOME_YOY":null,"ACCOUNTS_RECE_TDAYS":1.816531772226,"INVENTORY_TDAYS":4.553600167062,"CURRENT_ASSETS_TDAYS":0.755838676752,"TOTAL_ASSETS_TDAYS":0.441494273201,"PREMIUM_EXPENSE":null,"LOAN_DEPOSIT":null,"LOAN_EQUITY":null,"LOAN_ASSETS":null,"DEPOSIT_EQUITY":null,"DEPOSIT_ASSETS":null,"EQUITY_MULTIPLIER":1.351879370619,"EQUITY_RATIO":0.366770042807},{"SECUCODE":"01122.HK","SECURITY_CODE":"01122","SECURITY_NAME_ABBR":"庆铃汽车股份","ORG_CODE":"10010498","STD_REPORT_DATE":"2021-06-30 00:00:00","REPORT_DATE":"2021-06-30 00:00:00","DATE_TYPE_CODE":"002","REPORT_TYPE":"2021年中报","PER_NETCASH_OPERATE":0.073326482212,"PER_OI":1.089359290798,"BPS":3.042593783018,"BASIC_EPS":0.05,"DILUTED_EPS":null,"OPERATE_INCOME":2704082000,"OPERATE_INCOME_YOY":20.3009211372,"GROSS_PROFIT":348726000,"GROSS_PROFIT_YOY":26.820983725793,"HOLDER_PROFIT":134917000,"HOLDER_PROFIT_YOY":42.6289471737,"GROSS_PROFIT_RATIO":12.896280512203,"EPS_TTM":0.137500448441,"OPERATE_INCOME_QOQ":8.967151539019,"NET_PROFIT_RATIO":5.1636377891,"ROE_AVG":1.773079890643,"GROSS_PROFIT_QOQ":10.544880547783,"ROA":1.239091069938,"HOLDER_PROFIT_QOQ":13.397167338341,"ROE_YEARLY":3.546159781286,"ROIC_YEARLY":3.601734648072,"TOTAL_ASSETS":10810428000,"TOTAL_LIABILITIES":2931601000,"TAX_EBT":-1.673329401228,"OCF_SALES":6.731156821428,"TOTAL_PARENT_EQUITY":7552534000,"DEBT_ASSET_RATIO":27.1182695079,"OPERATE_PROFIT":138993000,"PRETAX_PROFIT":137331000,"NETCASH_OPERATE":182016000,"NETCASH_INVEST":1114633000,"NETCASH_FINANCE":-257500000,"END_CASH":2080614000,"DIVI_RATIO":null,"DIVIDEND_RATE":null,"CURRENT_RATIO":2.165753751138,"COMMON_ACS":null,"CURRENTDEBT_DEBT":99.471756217848,"ISSUED_COMMON_SHARES":2482268268,"HK_COMMON_SHARES":1238651865,"PER_SHARES":2000,"TOTAL_MARKET_CAP":1390070230.08,"HKSK_MARKET_CAP":693645044.4,"PE_TTM":-17.192983973106,"PB_TTM":0.171780795402,"REPORT_DATE_SQ":"2020-06-30 00:00:00","REPORT_TYPE_SQ":"2020年中报","OPERATE_INCOME_SQ":2247765000,"DPS_HKD":null,"OPERATE_INCOME_QOQ_SQ":-3.527966858673,"NET_PROFIT_RATIO_SQ":4.4045974557,"HOLDER_PROFIT_SQ":94593000,"HOLDER_PROFIT_QOQ_SQ":-34.168336673347,"ROE_AVG_SQ":1.242889482524,"PE_TTM_SQ":-29.090278275974,"PB_TTM_SQ":0.153412366701,"ROA_SQ":0.869260006959,"START_DATE":"2021-01-01 00:00:00","FISCAL_YEAR":"12-31","CURRENCY":"HKD","IS_CNY_CODE":0,"DPS_HKD_LY":0.121039,"ORG_TYPE":"一般企业","PREMIUM_INCOME":null,"PREMIUM_INCOME_YOY":null,"NET_INTEREST_INCOME":null,"NET_INTEREST_INCOME_YOY":null,"FEE_COMMISSION_INCOME":null,"FEE_COMMISSION_INCOME_YOY":null,"ACCOUNTS_RECE_TDAYS":1.020129979632,"INVENTORY_TDAYS":2.770252572388,"CURRENT_ASSETS_TDAYS":0.410517304434,"TOTAL_ASSETS_TDAYS":0.248345564946,"PREMIUM_EXPENSE":null,"LOAN_DEPOSIT":null,"LOAN_EQUITY":null,"LOAN_ASSETS":null,"DEPOSIT_EQUITY":null,"DEPOSIT_ASSETS":null,"EQUITY_MULTIPLIER":1.37208597168,"EQUITY_RATIO":0.388161244954},{"SECUCODE":"01122.HK","SECURITY_CODE":"01122","SECURITY_NAME_ABBR":"庆铃汽车股份","ORG_CODE":"10010498","STD_REPORT_DATE":"2020-12-31 00:00:00","REPORT_DATE":"2020-12-31 00:00:00","DATE_TYPE_CODE":"001","REPORT_TYPE":"2020年年报","PER_NETCASH_OPERATE":-0.078077378863,"PER_OI":2.050045140407,"BPS":3.088241548596,"BASIC_EPS":0.12,"DILUTED_EPS":null,"OPERATE_INCOME":5088762000,"OPERATE_INCOME_YOY":7.7377258676,"GROSS_PROFIT":699401000,"GROSS_PROFIT_YOY":-17.571388332019,"HOLDER_PROFIT":300989000,"HOLDER_PROFIT_YOY":-12.8346287952,"GROSS_PROFIT_RATIO":13.744030473424,"EPS_TTM":0.121255628926,"OPERATE_INCOME_QOQ":11.677677311692,"NET_PROFIT_RATIO":6.0223292031,"ROE_AVG":3.901888673881,"GROSS_PROFIT_QOQ":2.311140107841,"ROA":2.741003703905,"HOLDER_PROFIT_QOQ":32.406454280712,"ROE_YEARLY":3.901888673881,"ROIC_YEARLY":5.026179251959,"TOTAL_ASSETS":10966341000,"TOTAL_LIABILITIES":2978916000,"TAX_EBT":5.748660634653,"OCF_SALES":-3.808568763876,"TOTAL_PARENT_EQUITY":7665844000,"DEBT_ASSET_RATIO":27.1641744498,"OPERATE_PROFIT":270250000,"PRETAX_PROFIT":325154000,"NETCASH_OPERATE":-193809000,"NETCASH_INVEST":-240788000,"NETCASH_FINANCE":-431641000,"END_CASH":1041733000,"DIVI_RATIO":null,"DIVIDEND_RATE":null,"CURRENT_RATIO":2.333553472344,"COMMON_ACS":null,"CURRENTDEBT_DEBT":98.661795095934,"ISSUED_COMMON_SHARES":2482268268,"HK_COMMON_SHARES":1238651865,"PER_SHARES":2000,"TOTAL_MARKET_CAP":1390070230.08,"HKSK_MARKET_CAP":693645044.4,"PE_TTM":-17.192983973106,"PB_TTM":0.171780795402,"REPORT_DATE_SQ":"2019-12-31 00:00:00","REPORT_TYPE_SQ":"2019年年报","OPERATE_INCOME_SQ":4723287000,"DPS_HKD":null,"OPERATE_INCOME_QOQ_SQ":-7.324800460228,"NET_PROFIT_RATIO_SQ":7.5430944594,"HOLDER_PROFIT_SQ":345308000,"HOLDER_PROFIT_QOQ_SQ":-26.683864666603,"ROE_AVG_SQ":4.433877972053,"PE_TTM_SQ":-29.090278275974,"PB_TTM_SQ":0.153412366701,"ROA_SQ":3.155101920543,"START_DATE":"2020-01-01 00:00:00","FISCAL_YEAR":"12-31","CURRENCY":"HKD","IS_CNY_CODE":0,"DPS_HKD_LY":0.17414,"ORG_TYPE":"一般企业","PREMIUM_INCOME":null,"PREMIUM_INCOME_YOY":null,"NET_INTEREST_INCOME":null,"NET_INTEREST_INCOME_YOY":null,"FEE_COMMISSION_INCOME":null,"FEE_COMMISSION_INCOME_YOY":null,"ACCOUNTS_RECE_TDAYS":2.027895729643,"INVENTORY_TDAYS":5.959445432927,"CURRENT_ASSETS_TDAYS":0.636345055206,"TOTAL_ASSETS_TDAYS":0.463416121197,"PREMIUM_EXPENSE":null,"LOAN_DEPOSIT":null,"LOAN_EQUITY":null,"LOAN_ASSETS":null,"DEPOSIT_EQUITY":null,"DEPOSIT_ASSETS":null,"EQUITY_MULTIPLIER":1.372950731932,"EQUITY_RATIO":0.388595958906},{"SECUCODE":"01122.HK","SECURITY_CODE":"01122","SECURITY_NAME_ABBR":"庆铃汽车股份","ORG_CODE":"10010498","STD_REPORT_DATE":"2020-06-30 00:00:00","REPORT_DATE":"2020-06-30 00:00:00","DATE_TYPE_CODE":"002","REPORT_TYPE":"2020年中报","PER_NETCASH_OPERATE":0.123614761529,"PER_OI":0.90552863644,"BPS":3.005093404352,"BASIC_EPS":0.04,"DILUTED_EPS":null,"OPERATE_INCOME":2247765000,"OPERATE_INCOME_YOY":-6.9017532713,"GROSS_PROFIT":274975000,"GROSS_PROFIT_YOY":-37.48664365966,"HOLDER_PROFIT":94593000,"HOLDER_PROFIT_YOY":-55.5021897742,"GROSS_PROFIT_RATIO":12.233262818845,"EPS_TTM":0.091578337012,"OPERATE_INCOME_QOQ":-3.527966858673,"NET_PROFIT_RATIO":4.4045974557,"ROE_AVG":1.242889482524,"GROSS_PROFIT_QOQ":-19.433395443451,"ROA":0.869260006959,"HOLDER_PROFIT_QOQ":-34.168336673347,"ROE_YEARLY":2.485778965048,"ROIC_YEARLY":3.354310852203,"TOTAL_ASSETS":10768415000,"TOTAL_LIABILITIES":2985723000,"TAX_EBT":8.382995262067,"OCF_SALES":13.651115663782,"TOTAL_PARENT_EQUITY":7459448000,"DEBT_ASSET_RATIO":27.7266710096,"OPERATE_PROFIT":108937000,"PRETAX_PROFIT":108064000,"NETCASH_OPERATE":306845000,"NETCASH_INVEST":-193538000,"NETCASH_FINANCE":-413978000,"END_CASH":1608940000,"DIVI_RATIO":null,"DIVIDEND_RATE":null,"CURRENT_RATIO":2.284701276869,"COMMON_ACS":null,"CURRENTDEBT_DEBT":98.219593713148,"ISSUED_COMMON_SHARES":2482268268,"HK_COMMON_SHARES":1238651865,"PER_SHARES":2000,"TOTAL_MARKET_CAP":1390070230.08,"HKSK_MARKET_CAP":693645044.4,"PE_TTM":-17.192983973106,"PB_TTM":0.171780795402,"REPORT_DATE_SQ":"2019-06-30 00:00:00","REPORT_TYPE_SQ":"2019年中报","OPERATE_INCOME_SQ":2414401000,"DPS_HKD":null,"OPERATE_INCOME_QOQ_SQ":-2.981943375265,"NET_PROFIT_RATIO_SQ":8.9588266406,"HOLDER_PROFIT_SQ":212579000,"HOLDER_PROFIT_QOQ_SQ":3.793314704301,"ROE_AVG_SQ":2.75305018493,"PE_TTM_SQ":-29.090278275974,"PB_TTM_SQ":0.153412366701,"ROA_SQ":1.971783458609,"START_DATE":"2020-01-01 00:00:00","FISCAL_YEAR":"12-31","CURRENCY":"HKD","IS_CNY_CODE":0,"DPS_HKD_LY":0.17414,"ORG_TYPE":"一般企业","PREMIUM_INCOME":null,"PREMIUM_INCOME_YOY":null,"NET_INTEREST_INCOME":null,"NET_INTEREST_INCOME_YOY":null,"FEE_COMMISSION_INCOME":null,"FEE_COMMISSION_INCOME_YOY":null,"ACCOUNTS_RECE_TDAYS":1.011449518645,"INVENTORY_TDAYS":3.122229379302,"CURRENT_ASSETS_TDAYS":0.283892607405,"TOTAL_ASSETS_TDAYS":0.206557802326,"PREMIUM_EXPENSE":null,"LOAN_DEPOSIT":null,"LOAN_EQUITY":null,"LOAN_ASSETS":null,"DEPOSIT_EQUITY":null,"DEPOSIT_ASSETS":null,"EQUITY_MULTIPLIER":1.383636279066,"EQUITY_RATIO":0.400260582284}],"count":49},"success":true,"message":"ok","code":0}