{"version":"74eda165aaa5d73547fa8a006adc1af8","result":{"pages":4,"data":[{"SECUCODE":"01121.HK","SECURITY_CODE":"01121","SECURITY_NAME_ABBR":"金阳新能源","ORG_CODE":"10173148","STD_REPORT_DATE":"2024-06-30 00:00:00","REPORT_DATE":"2024-06-30 00:00:00","DATE_TYPE_CODE":"002","REPORT_TYPE":"2024年中报","PER_NETCASH_OPERATE":-0.01434064657,"PER_OI":0.070265199684,"BPS":0.254369784816,"BASIC_EPS":-0.087,"DILUTED_EPS":-0.087,"OPERATE_INCOME":127481000,"OPERATE_INCOME_YOY":-18.0270840299,"GROSS_PROFIT":13267000,"GROSS_PROFIT_YOY":-47.415774871185,"HOLDER_PROFIT":-158184000,"HOLDER_PROFIT_YOY":-25.1841944904,"GROSS_PROFIT_RATIO":10.407041049254,"EPS_TTM":-0.197434953621,"OPERATE_INCOME_QOQ":-9.492192261332,"NET_PROFIT_RATIO":-124.0843733576,"ROE_AVG":-31.566249432518,"GROSS_PROFIT_QOQ":-27.882531173523,"ROA":-19.808147080977,"HOLDER_PROFIT_QOQ":-9.750291071757,"ROE_YEARLY":-63.132498865037,"ROIC_YEARLY":-46.063897554246,"TOTAL_ASSETS":733166000,"TOTAL_LIABILITIES":271925000,"TAX_EBT":-0.21476765181,"OCF_SALES":-20.409315898055,"TOTAL_PARENT_EQUITY":461241000,"DEBT_ASSET_RATIO":37.0891448867,"OPERATE_PROFIT":-153616000,"PRETAX_PROFIT":-157845000,"NETCASH_OPERATE":-26018000,"NETCASH_INVEST":-20510000,"NETCASH_FINANCE":-15202000,"END_CASH":80913000,"DIVI_RATIO":null,"DIVIDEND_RATE":null,"CURRENT_RATIO":1.739990927123,"COMMON_ACS":5000000000,"CURRENTDEBT_DEBT":82.68677024915,"ISSUED_COMMON_SHARES":1813269608,"HK_COMMON_SHARES":1813269608,"PER_SHARES":2000,"TOTAL_MARKET_CAP":3463344951.28,"HKSK_MARKET_CAP":3463344951.28,"PE_TTM":-8.736564204539,"PB_TTM":6.853089101217,"REPORT_DATE_SQ":"2023-06-30 00:00:00","REPORT_TYPE_SQ":"2023年中报","OPERATE_INCOME_SQ":155516000,"DPS_HKD":null,"OPERATE_INCOME_QOQ_SQ":7.808529333484,"NET_PROFIT_RATIO_SQ":-81.2527328378,"HOLDER_PROFIT_SQ":-126361000,"HOLDER_PROFIT_QOQ_SQ":-13.101053639847,"ROE_AVG_SQ":-19.82834712514,"PE_TTM_SQ":-34.535323093706,"PB_TTM_SQ":10.207506619739,"ROA_SQ":-14.400409353126,"START_DATE":"2024-01-01 00:00:00","FISCAL_YEAR":"12-31","CURRENCY":"HKD","IS_CNY_CODE":0,"DPS_HKD_LY":null,"ORG_TYPE":"一般企业","PREMIUM_INCOME":null,"PREMIUM_INCOME_YOY":null,"NET_INTEREST_INCOME":null,"NET_INTEREST_INCOME_YOY":null,"FEE_COMMISSION_INCOME":null,"FEE_COMMISSION_INCOME_YOY":null,"ACCOUNTS_RECE_TDAYS":0.96052953786,"INVENTORY_TDAYS":0.943032775042,"CURRENT_ASSETS_TDAYS":0.27892347934,"TOTAL_ASSETS_TDAYS":0.159634501469,"PREMIUM_EXPENSE":null,"LOAN_DEPOSIT":null,"LOAN_EQUITY":null,"LOAN_ASSETS":null,"DEPOSIT_EQUITY":null,"DEPOSIT_ASSETS":null,"EQUITY_MULTIPLIER":1.589550798823,"EQUITY_RATIO":0.589550798823},{"SECUCODE":"01121.HK","SECURITY_CODE":"01121","SECURITY_NAME_ABBR":"金阳新能源","ORG_CODE":"10173148","STD_REPORT_DATE":"2023-12-31 00:00:00","REPORT_DATE":"2023-12-31 00:00:00","DATE_TYPE_CODE":"001","REPORT_TYPE":"2023年年报","PER_NETCASH_OPERATE":-0.089163188566,"PER_OI":0.162667054275,"BPS":0.298352764318,"BASIC_EPS":-0.184,"DILUTED_EPS":-0.184,"OPERATE_INCOME":295348000,"OPERATE_INCOME_YOY":7.6823794923,"GROSS_PROFIT":42905000,"GROSS_PROFIT_YOY":20.780902513864,"HOLDER_PROFIT":-326380000,"HOLDER_PROFIT_YOY":-95.3903256705,"GROSS_PROFIT_RATIO":14.526930942481,"EPS_TTM":-0.179758363606,"OPERATE_INCOME_QOQ":-0.117012857887,"NET_PROFIT_RATIO":-110.5069274212,"ROE_AVG":-55.04834735207,"GROSS_PROFIT_QOQ":-27.586497890295,"ROA":-36.685595075916,"HOLDER_PROFIT_QOQ":-72.757299231437,"ROE_YEARLY":-55.04834735207,"ROIC_YEARLY":-50.918547952408,"TOTAL_ASSETS":863995000,"TOTAL_LIABILITIES":323001000,"TAX_EBT":-0.787761441996,"OCF_SALES":-54.813304982597,"TOTAL_PARENT_EQUITY":540994000,"DEBT_ASSET_RATIO":37.384591346,"OPERATE_PROFIT":-316368000,"PRETAX_PROFIT":-323829000,"NETCASH_OPERATE":-161890000,"NETCASH_INVEST":-94438000,"NETCASH_FINANCE":44247000,"END_CASH":142643000,"DIVI_RATIO":null,"DIVIDEND_RATE":null,"CURRENT_RATIO":2.000684926265,"COMMON_ACS":5000000000,"CURRENTDEBT_DEBT":80.910585416144,"ISSUED_COMMON_SHARES":1813269608,"HK_COMMON_SHARES":1813269608,"PER_SHARES":2000,"TOTAL_MARKET_CAP":4116122010.16,"HKSK_MARKET_CAP":4116122010.16,"PE_TTM":-10.383246462986,"PB_TTM":8.144770816629,"REPORT_DATE_SQ":"2022-12-31 00:00:00","REPORT_TYPE_SQ":"2022年年报","OPERATE_INCOME_SQ":274277000,"DPS_HKD":null,"OPERATE_INCOME_QOQ_SQ":-4.025124221429,"NET_PROFIT_RATIO_SQ":-60.9019349052,"HOLDER_PROFIT_SQ":-167040000,"HOLDER_PROFIT_QOQ_SQ":-82.727123557403,"ROE_AVG_SQ":-35.93664617119,"PE_TTM_SQ":-35.074937517045,"PB_TTM_SQ":10.366998910672,"ROA_SQ":-22.391015712182,"START_DATE":"2023-01-01 00:00:00","FISCAL_YEAR":"12-31","CURRENCY":"HKD","IS_CNY_CODE":0,"DPS_HKD_LY":null,"ORG_TYPE":"一般企业","PREMIUM_INCOME":null,"PREMIUM_INCOME_YOY":null,"NET_INTEREST_INCOME":null,"NET_INTEREST_INCOME_YOY":null,"FEE_COMMISSION_INCOME":null,"FEE_COMMISSION_INCOME_YOY":null,"ACCOUNTS_RECE_TDAYS":2.299286893159,"INVENTORY_TDAYS":1.589816578761,"CURRENT_ASSETS_TDAYS":0.479882884061,"TOTAL_ASSETS_TDAYS":0.331975523454,"PREMIUM_EXPENSE":null,"LOAN_DEPOSIT":null,"LOAN_EQUITY":null,"LOAN_ASSETS":null,"DEPOSIT_EQUITY":null,"DEPOSIT_ASSETS":null,"EQUITY_MULTIPLIER":1.597050983929,"EQUITY_RATIO":0.59705098393},{"SECUCODE":"01121.HK","SECURITY_CODE":"01121","SECURITY_NAME_ABBR":"金阳新能源","ORG_CODE":"10173148","STD_REPORT_DATE":"2023-06-30 00:00:00","REPORT_DATE":"2023-06-30 00:00:00","DATE_TYPE_CODE":"002","REPORT_TYPE":"2023年中报","PER_NETCASH_OPERATE":-0.015576157489,"PER_OI":0.085652618649,"BPS":0.347300256521,"BASIC_EPS":-0.073,"DILUTED_EPS":-0.073,"OPERATE_INCOME":155516000,"OPERATE_INCOME_YOY":15.9710363239,"GROSS_PROFIT":25230000,"GROSS_PROFIT_YOY":1578.64271457086,"HOLDER_PROFIT":-126361000,"HOLDER_PROFIT_YOY":-20.9462369708,"GROSS_PROFIT_RATIO":16.223411095964,"EPS_TTM":-0.104052543311,"OPERATE_INCOME_QOQ":7.808529333484,"NET_PROFIT_RATIO":-81.2527328378,"ROE_AVG":-19.82834712514,"GROSS_PROFIT_QOQ":66.793345156659,"ROA":-14.400409353126,"HOLDER_PROFIT_QOQ":-13.101053639847,"ROE_YEARLY":-39.65669425028,"ROIC_YEARLY":-46.110632164247,"TOTAL_ASSETS":839623000,"TOTAL_LIABILITIES":209874000,"TAX_EBT":-0.862867177522,"OCF_SALES":-18.18526711078,"TOTAL_PARENT_EQUITY":629749000,"DEBT_ASSET_RATIO":24.9962185409,"OPERATE_PROFIT":-123115000,"PRETAX_PROFIT":-125280000,"NETCASH_OPERATE":-28281000,"NETCASH_INVEST":-67199000,"NETCASH_FINANCE":44841000,"END_CASH":304085000,"DIVI_RATIO":null,"DIVIDEND_RATE":null,"CURRENT_RATIO":2.970189030059,"COMMON_ACS":5000000000,"CURRENTDEBT_DEBT":92.255353211927,"ISSUED_COMMON_SHARES":1813269608,"HK_COMMON_SHARES":1813269608,"PER_SHARES":2000,"TOTAL_MARKET_CAP":4116122010.16,"HKSK_MARKET_CAP":4116122010.16,"PE_TTM":-10.383246462986,"PB_TTM":8.144770816629,"REPORT_DATE_SQ":"2022-06-30 00:00:00","REPORT_TYPE_SQ":"2022年中报","OPERATE_INCOME_SQ":134099000,"DPS_HKD":null,"OPERATE_INCOME_QOQ_SQ":-8.843849878471,"NET_PROFIT_RATIO_SQ":-77.9103498162,"HOLDER_PROFIT_SQ":-104477000,"HOLDER_PROFIT_QOQ_SQ":-1091.16339585818,"ROE_AVG_SQ":-21.985530546624,"PE_TTM_SQ":-35.074937517045,"PB_TTM_SQ":10.366998910672,"ROA_SQ":-14.464888962729,"START_DATE":"2023-01-01 00:00:00","FISCAL_YEAR":"12-31","CURRENCY":"HKD","IS_CNY_CODE":0,"DPS_HKD_LY":null,"ORG_TYPE":"一般企业","PREMIUM_INCOME":null,"PREMIUM_INCOME_YOY":null,"NET_INTEREST_INCOME":null,"NET_INTEREST_INCOME_YOY":null,"FEE_COMMISSION_INCOME":null,"FEE_COMMISSION_INCOME_YOY":null,"ACCOUNTS_RECE_TDAYS":1.834834675397,"INVENTORY_TDAYS":0.79548666974,"CURRENT_ASSETS_TDAYS":0.242398736851,"TOTAL_ASSETS_TDAYS":0.17722984631,"PREMIUM_EXPENSE":null,"LOAN_DEPOSIT":null,"LOAN_EQUITY":null,"LOAN_ASSETS":null,"DEPOSIT_EQUITY":null,"DEPOSIT_ASSETS":null,"EQUITY_MULTIPLIER":1.333266110783,"EQUITY_RATIO":0.333266110784},{"SECUCODE":"01121.HK","SECURITY_CODE":"01121","SECURITY_NAME_ABBR":"金阳新能源","ORG_CODE":"10173148","STD_REPORT_DATE":"2022-12-31 00:00:00","REPORT_DATE":"2022-12-31 00:00:00","DATE_TYPE_CODE":"001","REPORT_TYPE":"2022年年报","PER_NETCASH_OPERATE":-0.045972463154,"PER_OI":0.160212308,"BPS":0.355600732045,"BASIC_EPS":-0.09767,"DILUTED_EPS":-0.09767,"OPERATE_INCOME":274277000,"OPERATE_INCOME_YOY":-12.5129981563,"GROSS_PROFIT":35523000,"GROSS_PROFIT_YOY":-59.868725781488,"HOLDER_PROFIT":-167040000,"HOLDER_PROFIT_YOY":-1911.1243630055,"GROSS_PROFIT_RATIO":12.951505230114,"EPS_TTM":-0.097572395528,"OPERATE_INCOME_QOQ":-4.025124221429,"NET_PROFIT_RATIO":-60.9019349052,"ROE_AVG":-35.93664617119,"GROSS_PROFIT_QOQ":-22.240220651008,"ROA":-22.391015712182,"HOLDER_PROFIT_QOQ":-82.727123557403,"ROE_YEARLY":-35.93664617119,"ROIC_YEARLY":-33.357663286101,"TOTAL_ASSETS":915341000,"TOTAL_LIABILITIES":270541000,"TAX_EBT":-1.284243460545,"OCF_SALES":-28.694713738301,"TOTAL_PARENT_EQUITY":644800000,"DEBT_ASSET_RATIO":29.5563074308,"OPERATE_PROFIT":-160508000,"PRETAX_PROFIT":-164922000,"NETCASH_OPERATE":-78703000,"NETCASH_INVEST":-60807000,"NETCASH_FINANCE":358440000,"END_CASH":354724000,"DIVI_RATIO":null,"DIVIDEND_RATE":null,"CURRENT_RATIO":2.804174257426,"COMMON_ACS":5000000000,"CURRENTDEBT_DEBT":93.331509826607,"ISSUED_COMMON_SHARES":1813269608,"HK_COMMON_SHARES":1813269608,"PER_SHARES":2000,"TOTAL_MARKET_CAP":4116122010.16,"HKSK_MARKET_CAP":4116122010.16,"PE_TTM":-10.383246462986,"PB_TTM":8.144770816629,"REPORT_DATE_SQ":"2021-12-31 00:00:00","REPORT_TYPE_SQ":"2021年年报","OPERATE_INCOME_SQ":313506000,"DPS_HKD":null,"OPERATE_INCOME_QOQ_SQ":39.055417069557,"NET_PROFIT_RATIO_SQ":2.9418894694,"HOLDER_PROFIT_SQ":9223000,"HOLDER_PROFIT_QOQ_SQ":109.115167567674,"ROE_AVG_SQ":7.687530996428,"PE_TTM_SQ":-35.074937517045,"PB_TTM_SQ":10.366998910672,"ROA_SQ":2.388369678089,"START_DATE":"2022-01-01 00:00:00","FISCAL_YEAR":"12-31","CURRENCY":"HKD","IS_CNY_CODE":0,"DPS_HKD_LY":null,"ORG_TYPE":"一般企业","PREMIUM_INCOME":null,"PREMIUM_INCOME_YOY":null,"NET_INTEREST_INCOME":null,"NET_INTEREST_INCOME_YOY":null,"FEE_COMMISSION_INCOME":null,"FEE_COMMISSION_INCOME_YOY":null,"ACCOUNTS_RECE_TDAYS":2.888296836086,"INVENTORY_TDAYS":1.646289790416,"CURRENT_ASSETS_TDAYS":0.488096858781,"TOTAL_ASSETS_TDAYS":0.367656885566,"PREMIUM_EXPENSE":null,"LOAN_DEPOSIT":null,"LOAN_EQUITY":null,"LOAN_ASSETS":null,"DEPOSIT_EQUITY":null,"DEPOSIT_ASSETS":null,"EQUITY_MULTIPLIER":1.419573511167,"EQUITY_RATIO":0.419573511166},{"SECUCODE":"01121.HK","SECURITY_CODE":"01121","SECURITY_NAME_ABBR":"金阳新能源","ORG_CODE":"10173148","STD_REPORT_DATE":"2022-06-30 00:00:00","REPORT_DATE":"2022-06-30 00:00:00","DATE_TYPE_CODE":"002","REPORT_TYPE":"2022年中报","PER_NETCASH_OPERATE":0.000504100679,"PER_OI":0.078330703232,"BPS":0.367060693602,"BASIC_EPS":-0.061,"DILUTED_EPS":-0.061,"OPERATE_INCOME":134099000,"OPERATE_INCOME_YOY":-17.1333230341,"GROSS_PROFIT":1503000,"GROSS_PROFIT_YOY":-96.610054807497,"HOLDER_PROFIT":-104477000,"HOLDER_PROFIT_YOY":-2621.4639228966,"GROSS_PROFIT_RATIO":1.120813727172,"EPS_TTM":-0.05339787199,"OPERATE_INCOME_QOQ":-8.843849878471,"NET_PROFIT_RATIO":-77.9103498162,"ROE_AVG":-21.985530546624,"GROSS_PROFIT_QOQ":-48.390704610414,"ROA":-14.464888962729,"HOLDER_PROFIT_QOQ":-1091.16339585818,"ROE_YEARLY":-43.971061093248,"ROIC_YEARLY":-50.573126930189,"TOTAL_ASSETS":867874000,"TOTAL_LIABILITIES":202294000,"TAX_EBT":-1.743161257024,"OCF_SALES":0.643554388922,"TOTAL_PARENT_EQUITY":665580000,"DEBT_ASSET_RATIO":23.3091439541,"OPERATE_PROFIT":-100410000,"PRETAX_PROFIT":-102687000,"NETCASH_OPERATE":863000,"NETCASH_INVEST":-15786000,"NETCASH_FINANCE":361551000,"END_CASH":482422000,"DIVI_RATIO":null,"DIVIDEND_RATE":null,"CURRENT_RATIO":3.858168504612,"COMMON_ACS":5000000000,"CURRENTDEBT_DEBT":89.921599256528,"ISSUED_COMMON_SHARES":1813269608,"HK_COMMON_SHARES":1813269608,"PER_SHARES":2000,"TOTAL_MARKET_CAP":4116122010.16,"HKSK_MARKET_CAP":4116122010.16,"PE_TTM":-10.383246462986,"PB_TTM":8.144770816629,"REPORT_DATE_SQ":"2021-06-30 00:00:00","REPORT_TYPE_SQ":"2021年中报","OPERATE_INCOME_SQ":161825000,"DPS_HKD":null,"OPERATE_INCOME_QOQ_SQ":101.533937015616,"NET_PROFIT_RATIO_SQ":-2.3723157732,"HOLDER_PROFIT_SQ":-3839000,"HOLDER_PROFIT_QOQ_SQ":6.963293979183,"ROE_AVG_SQ":-3.537010079419,"PE_TTM_SQ":-35.074937517045,"PB_TTM_SQ":10.366998910672,"ROA_SQ":-1.148701315217,"START_DATE":"2022-01-01 00:00:00","FISCAL_YEAR":"12-31","CURRENCY":"HKD","IS_CNY_CODE":0,"DPS_HKD_LY":null,"ORG_TYPE":"一般企业","PREMIUM_INCOME":null,"PREMIUM_INCOME_YOY":null,"NET_INTEREST_INCOME":null,"NET_INTEREST_INCOME_YOY":null,"FEE_COMMISSION_INCOME":null,"FEE_COMMISSION_INCOME_YOY":null,"ACCOUNTS_RECE_TDAYS":1.916124284663,"INVENTORY_TDAYS":1.322336797176,"CURRENT_ASSETS_TDAYS":0.239969650145,"TOTAL_ASSETS_TDAYS":0.185660685607,"PREMIUM_EXPENSE":null,"LOAN_DEPOSIT":null,"LOAN_EQUITY":null,"LOAN_ASSETS":null,"DEPOSIT_EQUITY":null,"DEPOSIT_ASSETS":null,"EQUITY_MULTIPLIER":1.303936416359,"EQUITY_RATIO":0.303936416359},{"SECUCODE":"01121.HK","SECURITY_CODE":"01121","SECURITY_NAME_ABBR":"金阳新能源","ORG_CODE":"10173148","STD_REPORT_DATE":"2021-12-31 00:00:00","REPORT_DATE":"2021-12-31 00:00:00","DATE_TYPE_CODE":"001","REPORT_TYPE":"2021年年报","PER_NETCASH_OPERATE":-0.037939488223,"PER_OI":0.188642028719,"BPS":0.157084196825,"BASIC_EPS":0.00579,"DILUTED_EPS":0.00512,"OPERATE_INCOME":313506000,"OPERATE_INCOME_YOY":180.2438566538,"GROSS_PROFIT":88517000,"GROSS_PROFIT_YOY":391.67916458368,"HOLDER_PROFIT":9223000,"HOLDER_PROFIT_YOY":108.4804516532,"GROSS_PROFIT_RATIO":28.234547345186,"EPS_TTM":0.005549639978,"OPERATE_INCOME_QOQ":39.055417069557,"NET_PROFIT_RATIO":2.9418894694,"ROE_AVG":7.687530996428,"GROSS_PROFIT_QOQ":57.134488390258,"ROA":2.388369678089,"HOLDER_PROFIT_QOQ":109.115167567674,"ROE_YEARLY":7.687530996428,"ROIC_YEARLY":2.90073863002,"TOTAL_ASSETS":576686000,"TOTAL_LIABILITIES":291850000,"TAX_EBT":20.015610094528,"OCF_SALES":-20.111895785089,"TOTAL_PARENT_EQUITY":284836000,"DEBT_ASSET_RATIO":50.6081299008,"OPERATE_PROFIT":17103000,"PRETAX_PROFIT":11531000,"NETCASH_OPERATE":-63052000,"NETCASH_INVEST":-113778000,"NETCASH_FINANCE":311999000,"END_CASH":135794000,"DIVI_RATIO":null,"DIVIDEND_RATE":null,"CURRENT_RATIO":1.548786847143,"COMMON_ACS":5000000000,"CURRENTDEBT_DEBT":91.990406030495,"ISSUED_COMMON_SHARES":1813269608,"HK_COMMON_SHARES":1813269608,"PER_SHARES":2000,"TOTAL_MARKET_CAP":4116122010.16,"HKSK_MARKET_CAP":4116122010.16,"PE_TTM":-10.383246462986,"PB_TTM":8.144770816629,"REPORT_DATE_SQ":"2020-12-31 00:00:00","REPORT_TYPE_SQ":"2020年年报","OPERATE_INCOME_SQ":111869000,"DPS_HKD":null,"OPERATE_INCOME_QOQ_SQ":-5.178887768162,"NET_PROFIT_RATIO_SQ":-97.2172809268,"HOLDER_PROFIT_SQ":-108756000,"HOLDER_PROFIT_QOQ_SQ":61.919234715137,"ROE_AVG_SQ":-7041.50210424085,"PE_TTM_SQ":-35.074937517045,"PB_TTM_SQ":10.366998910672,"ROA_SQ":-46.275407520243,"START_DATE":"2021-01-01 00:00:00","FISCAL_YEAR":"12-31","CURRENCY":"HKD","IS_CNY_CODE":0,"DPS_HKD_LY":null,"ORG_TYPE":"一般企业","PREMIUM_INCOME":null,"PREMIUM_INCOME_YOY":null,"NET_INTEREST_INCOME":null,"NET_INTEREST_INCOME_YOY":null,"FEE_COMMISSION_INCOME":null,"FEE_COMMISSION_INCOME_YOY":null,"ACCOUNTS_RECE_TDAYS":4.721689232947,"INVENTORY_TDAYS":3.004139238647,"CURRENT_ASSETS_TDAYS":1.209028784747,"TOTAL_ASSETS_TDAYS":0.811848882467,"PREMIUM_EXPENSE":null,"LOAN_DEPOSIT":null,"LOAN_EQUITY":null,"LOAN_ASSETS":null,"DEPOSIT_EQUITY":null,"DEPOSIT_ASSETS":null,"EQUITY_MULTIPLIER":2.024624696315,"EQUITY_RATIO":1.024624696316},{"SECUCODE":"01121.HK","SECURITY_CODE":"01121","SECURITY_NAME_ABBR":"金阳新能源","ORG_CODE":"10173148","STD_REPORT_DATE":"2021-06-30 00:00:00","REPORT_DATE":"2021-06-30 00:00:00","DATE_TYPE_CODE":"002","REPORT_TYPE":"2021年中报","PER_NETCASH_OPERATE":-0.023290435222,"PER_OI":0.097915792368,"BPS":0.144471069743,"BASIC_EPS":-0.002,"DILUTED_EPS":-0.002,"OPERATE_INCOME":161825000,"OPERATE_INCOME_YOY":235.4581260365,"GROSS_PROFIT":44337000,"GROSS_PROFIT_YOY":637.966045272969,"HOLDER_PROFIT":-3839000,"HOLDER_PROFIT_YOY":66.3599719593,"GROSS_PROFIT_RATIO":27.398115247953,"EPS_TTM":-0.06122301016,"OPERATE_INCOME_QOQ":101.533937015616,"NET_PROFIT_RATIO":-2.3723157732,"ROE_AVG":-3.537010079419,"GROSS_PROFIT_QOQ":212.903404988058,"ROA":-1.148701315217,"HOLDER_PROFIT_QOQ":6.963293979183,"ROE_YEARLY":-7.074020158838,"ROIC_YEARLY":-3.043666988423,"TOTAL_ASSETS":472767000,"TOTAL_LIABILITIES":210802000,"TAX_EBT":-30.356536502547,"OCF_SALES":-23.78618878418,"TOTAL_PARENT_EQUITY":261965000,"DEBT_ASSET_RATIO":44.5889835796,"OPERATE_PROFIT":-486000,"PRETAX_PROFIT":-2945000,"NETCASH_OPERATE":-38492000,"NETCASH_INVEST":-74912000,"NETCASH_FINANCE":276038000,"END_CASH":163259000,"DIVI_RATIO":null,"DIVIDEND_RATE":null,"CURRENT_RATIO":1.663688308641,"COMMON_ACS":5000000000,"CURRENTDEBT_DEBT":97.051735752033,"ISSUED_COMMON_SHARES":1813269608,"HK_COMMON_SHARES":1813269608,"PER_SHARES":2000,"TOTAL_MARKET_CAP":4116122010.16,"HKSK_MARKET_CAP":4116122010.16,"PE_TTM":-10.383246462986,"PB_TTM":8.144770816629,"REPORT_DATE_SQ":"2020-06-30 00:00:00","REPORT_TYPE_SQ":"2020年中报","OPERATE_INCOME_SQ":48240000,"DPS_HKD":null,"OPERATE_INCOME_QOQ_SQ":-30.472575978124,"NET_PROFIT_RATIO_SQ":-23.6567164179,"HOLDER_PROFIT_SQ":-11412000,"HOLDER_PROFIT_QOQ_SQ":9.172931852587,"ROE_AVG_SQ":-26.64238688892,"PE_TTM_SQ":-35.074937517045,"PB_TTM_SQ":10.366998910672,"ROA_SQ":-4.438532623915,"START_DATE":"2021-01-01 00:00:00","FISCAL_YEAR":"12-31","CURRENCY":"HKD","IS_CNY_CODE":0,"DPS_HKD_LY":null,"ORG_TYPE":"一般企业","PREMIUM_INCOME":null,"PREMIUM_INCOME_YOY":null,"NET_INTEREST_INCOME":null,"NET_INTEREST_INCOME_YOY":null,"FEE_COMMISSION_INCOME":null,"FEE_COMMISSION_INCOME_YOY":null,"ACCOUNTS_RECE_TDAYS":3.139002579869,"INVENTORY_TDAYS":2.751604290599,"CURRENT_ASSETS_TDAYS":0.730309950177,"TOTAL_ASSETS_TDAYS":0.48421096727,"PREMIUM_EXPENSE":null,"LOAN_DEPOSIT":null,"LOAN_EQUITY":null,"LOAN_ASSETS":null,"DEPOSIT_EQUITY":null,"DEPOSIT_ASSETS":null,"EQUITY_MULTIPLIER":1.80469528372,"EQUITY_RATIO":0.804695283721},{"SECUCODE":"01121.HK","SECURITY_CODE":"01121","SECURITY_NAME_ABBR":"金阳新能源","ORG_CODE":"10173148","STD_REPORT_DATE":"2020-12-31 00:00:00","REPORT_DATE":"2020-12-31 00:00:00","DATE_TYPE_CODE":"001","REPORT_TYPE":"2020年年报","PER_NETCASH_OPERATE":-0.001743271514,"PER_OI":0.075238441745,"BPS":-0.024755833221,"BASIC_EPS":-0.07315,"DILUTED_EPS":-0.07315,"OPERATE_INCOME":111869000,"OPERATE_INCOME_YOY":-34.0733232363,"GROSS_PROFIT":18003000,"GROSS_PROFIT_YOY":-40.227099173279,"HOLDER_PROFIT":-108756000,"HOLDER_PROFIT_YOY":65.4123573637,"GROSS_PROFIT_RATIO":16.092930123627,"EPS_TTM":-0.073144767277,"OPERATE_INCOME_QOQ":-5.178887768162,"NET_PROFIT_RATIO":-97.2172809268,"ROE_AVG":-7041.50210424085,"GROSS_PROFIT_QOQ":5.213020863772,"ROA":-46.275407520243,"HOLDER_PROFIT_QOQ":61.919234715137,"ROE_YEARLY":-7041.50210424085,"ROIC_YEARLY":-46.745409531669,"TOTAL_ASSETS":195640000,"TOTAL_LIABILITIES":240529000,"TAX_EBT":-3.086255924171,"OCF_SALES":-2.31699577184,"TOTAL_PARENT_EQUITY":-44889000,"DEBT_ASSET_RATIO":122.9446943365,"OPERATE_PROFIT":-99588000,"PRETAX_PROFIT":-105500000,"NETCASH_OPERATE":-2592000,"NETCASH_INVEST":-10310000,"NETCASH_FINANCE":9426000,"END_CASH":625000,"DIVI_RATIO":null,"DIVIDEND_RATE":null,"CURRENT_RATIO":0.437625052149,"COMMON_ACS":5000000000,"CURRENTDEBT_DEBT":97.660573153341,"ISSUED_COMMON_SHARES":1813269608,"HK_COMMON_SHARES":1813269608,"PER_SHARES":2000,"TOTAL_MARKET_CAP":4116122010.16,"HKSK_MARKET_CAP":4116122010.16,"PE_TTM":-10.383246462986,"PB_TTM":8.144770816629,"REPORT_DATE_SQ":"2019-12-31 00:00:00","REPORT_TYPE_SQ":"2019年年报","OPERATE_INCOME_SQ":169687000,"DPS_HKD":null,"OPERATE_INCOME_QOQ_SQ":4.293124854028,"NET_PROFIT_RATIO_SQ":-185.3035294395,"HOLDER_PROFIT_SQ":-314436000,"HOLDER_PROFIT_QOQ_SQ":-20.666815052459,"ROE_AVG_SQ":-173.759946949602,"PE_TTM_SQ":-35.074937517045,"PB_TTM_SQ":10.366998910672,"ROA_SQ":-74.417702001167,"START_DATE":"2020-01-01 00:00:00","FISCAL_YEAR":"12-31","CURRENCY":"HKD","IS_CNY_CODE":0,"DPS_HKD_LY":null,"ORG_TYPE":"一般企业","PREMIUM_INCOME":null,"PREMIUM_INCOME_YOY":null,"NET_INTEREST_INCOME":null,"NET_INTEREST_INCOME_YOY":null,"FEE_COMMISSION_INCOME":null,"FEE_COMMISSION_INCOME_YOY":null,"ACCOUNTS_RECE_TDAYS":2.507205450593,"INVENTORY_TDAYS":2.74085321342,"CURRENT_ASSETS_TDAYS":1.001961486789,"TOTAL_ASSETS_TDAYS":0.475999812781,"PREMIUM_EXPENSE":null,"LOAN_DEPOSIT":null,"LOAN_EQUITY":null,"LOAN_ASSETS":null,"DEPOSIT_EQUITY":null,"DEPOSIT_ASSETS":null,"EQUITY_MULTIPLIER":-4.358306043804,"EQUITY_RATIO":-5.358306043797},{"SECUCODE":"01121.HK","SECURITY_CODE":"01121","SECURITY_NAME_ABBR":"金阳新能源","ORG_CODE":"10173148","STD_REPORT_DATE":"2020-06-30 00:00:00","REPORT_DATE":"2020-06-30 00:00:00","DATE_TYPE_CODE":"002","REPORT_TYPE":"2020年中报","PER_NETCASH_OPERATE":0.004011811181,"PER_OI":0.032444219845,"BPS":0.020785656934,"BASIC_EPS":-0.008,"DILUTED_EPS":-0.008,"OPERATE_INCOME":48240000,"OPERATE_INCOME_YOY":-51.7349021491,"GROSS_PROFIT":6008000,"GROSS_PROFIT_YOY":-68.405553218342,"HOLDER_PROFIT":-11412000,"HOLDER_PROFIT_YOY":71.6507266178,"GROSS_PROFIT_RATIO":12.454394693201,"EPS_TTM":-0.192077986693,"OPERATE_INCOME_QOQ":-30.472575978124,"NET_PROFIT_RATIO":-23.6567164179,"ROE_AVG":-26.64238688892,"GROSS_PROFIT_QOQ":-43.188684883296,"ROA":-4.438532623915,"HOLDER_PROFIT_QOQ":9.172931852587,"ROE_YEARLY":-53.28477377784,"ROIC_YEARLY":-9.140989673133,"TOTAL_ASSETS":239826000,"TOTAL_LIABILITIES":202136000,"TAX_EBT":-1.215077605322,"OCF_SALES":12.365257048093,"TOTAL_PARENT_EQUITY":37690000,"DEBT_ASSET_RATIO":84.284439552,"OPERATE_PROFIT":-22296000,"PRETAX_PROFIT":-11275000,"NETCASH_OPERATE":5965000,"NETCASH_INVEST":-2878000,"NETCASH_FINANCE":3558000,"END_CASH":10746000,"DIVI_RATIO":null,"DIVIDEND_RATE":null,"CURRENT_RATIO":0.385823612602,"COMMON_ACS":5000000000,"CURRENTDEBT_DEBT":98.647445284363,"ISSUED_COMMON_SHARES":1813269608,"HK_COMMON_SHARES":1813269608,"PER_SHARES":2000,"TOTAL_MARKET_CAP":4116122010.16,"HKSK_MARKET_CAP":4116122010.16,"PE_TTM":-10.383246462986,"PB_TTM":8.144770816629,"REPORT_DATE_SQ":"2019-06-30 00:00:00","REPORT_TYPE_SQ":"2019年中报","OPERATE_INCOME_SQ":99948000,"DPS_HKD":null,"OPERATE_INCOME_QOQ_SQ":-1.080982490272,"NET_PROFIT_RATIO_SQ":-40.2759434906,"HOLDER_PROFIT_SQ":-40255000,"HOLDER_PROFIT_QOQ_SQ":5.355793816829,"ROE_AVG_SQ":-12.684972774024,"PE_TTM_SQ":-35.074937517045,"PB_TTM_SQ":10.366998910672,"ROA_SQ":-7.305237522299,"START_DATE":"2020-01-01 00:00:00","FISCAL_YEAR":"12-31","CURRENCY":"HKD","IS_CNY_CODE":0,"DPS_HKD_LY":null,"ORG_TYPE":"一般企业","PREMIUM_INCOME":null,"PREMIUM_INCOME_YOY":null,"NET_INTEREST_INCOME":null,"NET_INTEREST_INCOME_YOY":null,"FEE_COMMISSION_INCOME":null,"FEE_COMMISSION_INCOME_YOY":null,"ACCOUNTS_RECE_TDAYS":1.58439255099,"INVENTORY_TDAYS":1.441685015447,"CURRENT_ASSETS_TDAYS":0.488667156279,"TOTAL_ASSETS_TDAYS":0.187622514702,"PREMIUM_EXPENSE":null,"LOAN_DEPOSIT":null,"LOAN_EQUITY":null,"LOAN_ASSETS":null,"DEPOSIT_EQUITY":null,"DEPOSIT_ASSETS":null,"EQUITY_MULTIPLIER":6.363120191029,"EQUITY_RATIO":5.363120191032}],"count":34},"success":true,"message":"ok","code":0}