{"version":"5d781734629353b4f06859f374458e0b","result":{"pages":5,"data":[{"SECUCODE":"01129.HK","SECURITY_CODE":"01129","SECURITY_NAME_ABBR":"中国水业集团","ORG_CODE":"10010504","STD_REPORT_DATE":"2024-06-30 00:00:00","REPORT_DATE":"2024-06-30 00:00:00","DATE_TYPE_CODE":"002","REPORT_TYPE":"2024年中报","PER_NETCASH_OPERATE":0.005558131393,"PER_OI":0.092803325842,"BPS":1.650952417184,"BASIC_EPS":-0.025007432,"DILUTED_EPS":-0.025007432,"OPERATE_INCOME":266680532.6,"OPERATE_INCOME_YOY":-24.2564850986,"GROSS_PROFIT":45554596.84,"GROSS_PROFIT_YOY":-55.639575305959,"HOLDER_PROFIT":-71938350.28,"HOLDER_PROFIT_YOY":-39.8428074658,"GROSS_PROFIT_RATIO":17.082085593525,"EPS_TTM":-0.083724675293,"OPERATE_INCOME_QOQ":-13.38260676157,"NET_PROFIT_RATIO":-26.4552781533,"ROE_AVG":-7.267940830012,"GROSS_PROFIT_QOQ":-34.228852074707,"ROA":-2.376453211194,"HOLDER_PROFIT_QOQ":-9.052603845203,"ROE_YEARLY":-14.535881660024,"ROIC_YEARLY":-5.81415483845,"TOTAL_ASSETS":2977912382.96,"TOTAL_LIABILITIES":1564590895.76,"TAX_EBT":-4.886024423338,"OCF_SALES":5.989151080614,"TOTAL_PARENT_EQUITY":948838556.24,"DEBT_ASSET_RATIO":52.5398566027,"OPERATE_PROFIT":-40474619.96,"PRETAX_PROFIT":-67264516,"NETCASH_OPERATE":15971900,"NETCASH_INVEST":21072868.52,"NETCASH_FINANCE":-96690231.88,"END_CASH":70770119.88,"DIVI_RATIO":null,"DIVIDEND_RATE":null,"CURRENT_RATIO":1.05464939567,"COMMON_ACS":20000000000,"CURRENTDEBT_DEBT":66.366385460502,"ISSUED_COMMON_SHARES":574721928,"HK_COMMON_SHARES":574721928,"PER_SHARES":4000,"TOTAL_MARKET_CAP":149427701.28,"HKSK_MARKET_CAP":149427701.28,"PE_TTM":-0.561952635047,"PB_TTM":0.143733276338,"REPORT_DATE_SQ":"2023-06-30 00:00:00","REPORT_TYPE_SQ":"2023年中报","OPERATE_INCOME_SQ":355671302.62,"DPS_HKD":null,"OPERATE_INCOME_QOQ_SQ":-12.603888883651,"NET_PROFIT_RATIO_SQ":-9.7916110418,"HOLDER_PROFIT_SQ":-51966480.72,"HOLDER_PROFIT_QOQ_SQ":-39.262720989475,"ROE_AVG_SQ":-4.189491930077,"PE_TTM_SQ":-2.841009069923,"PB_TTM_SQ":0.266261514919,"ROA_SQ":-1.675607461216,"START_DATE":"2024-01-01 00:00:00","FISCAL_YEAR":"12-31","CURRENCY":"HKD","IS_CNY_CODE":0,"DPS_HKD_LY":null,"ORG_TYPE":"一般企业","PREMIUM_INCOME":null,"PREMIUM_INCOME_YOY":null,"NET_INTEREST_INCOME":null,"NET_INTEREST_INCOME_YOY":null,"FEE_COMMISSION_INCOME":null,"FEE_COMMISSION_INCOME_YOY":null,"ACCOUNTS_RECE_TDAYS":0.308481105737,"INVENTORY_TDAYS":4.56068820119,"CURRENT_ASSETS_TDAYS":0.238276486185,"TOTAL_ASSETS_TDAYS":0.088096794768,"PREMIUM_EXPENSE":null,"LOAN_DEPOSIT":null,"LOAN_EQUITY":null,"LOAN_ASSETS":null,"DEPOSIT_EQUITY":null,"DEPOSIT_ASSETS":null,"EQUITY_MULTIPLIER":2.10703113901,"EQUITY_RATIO":1.64895375032},{"SECUCODE":"01129.HK","SECURITY_CODE":"01129","SECURITY_NAME_ABBR":"中国水业集团","ORG_CODE":"10010504","STD_REPORT_DATE":"2023-12-31 00:00:00","REPORT_DATE":"2023-12-31 00:00:00","DATE_TYPE_CODE":"001","REPORT_TYPE":"2023年年报","PER_NETCASH_OPERATE":0.009331486554,"PER_OI":0.231406990713,"BPS":1.780814403066,"BASIC_EPS":-0.076756834,"DILUTED_EPS":-0.076756834,"OPERATE_INCOME":664973361.36,"OPERATE_INCOME_YOY":-39.8111624313,"GROSS_PROFIT":166927536.44,"GROSS_PROFIT_YOY":-49.62111022427,"HOLDER_PROFIT":-220620165.22,"HOLDER_PROFIT_YOY":-172.9332496244,"GROSS_PROFIT_RATIO":25.102890753188,"EPS_TTM":-0.076774576984,"OPERATE_INCOME_QOQ":-30.132574310295,"NET_PROFIT_RATIO":-29.1139947778,"ROE_AVG":-19.283041329855,"GROSS_PROFIT_QOQ":-40.111993398298,"ROA":-7.124507165083,"HOLDER_PROFIT_QOQ":-98.825674156013,"ROE_YEARLY":-19.283041329855,"ROIC_YEARLY":-8.855521728858,"TOTAL_ASSETS":3054574910.94,"TOTAL_LIABILITIES":1567246773.26,"TAX_EBT":-7.785413008819,"OCF_SALES":4.032499850093,"TOTAL_PARENT_EQUITY":1023473087.14,"DEBT_ASSET_RATIO":51.3081793361,"OPERATE_PROFIT":-137952058.16,"PRETAX_PROFIT":-179616428.88,"NETCASH_OPERATE":26815049.8,"NETCASH_INVEST":-207377572.36,"NETCASH_FINANCE":137230707.04,"END_CASH":120360515.52,"DIVI_RATIO":null,"DIVIDEND_RATE":null,"CURRENT_RATIO":1.170517500918,"COMMON_ACS":20000000000,"CURRENTDEBT_DEBT":61.881610909472,"ISSUED_COMMON_SHARES":574721928,"HK_COMMON_SHARES":574721928,"PER_SHARES":4000,"TOTAL_MARKET_CAP":192531845.88,"HKSK_MARKET_CAP":192531845.88,"PE_TTM":-0.724054356695,"PB_TTM":0.185194798359,"REPORT_DATE_SQ":"2022-12-31 00:00:00","REPORT_TYPE_SQ":"2022年年报","OPERATE_INCOME_SQ":1089023867.61,"DPS_HKD":null,"OPERATE_INCOME_QOQ_SQ":17.309968465604,"NET_PROFIT_RATIO_SQ":-2.4376959881,"HOLDER_PROFIT_SQ":-79677897.46,"HOLDER_PROFIT_QOQ_SQ":30.416718029684,"ROE_AVG_SQ":-6.449884467108,"PE_TTM_SQ":-2.769983843175,"PB_TTM_SQ":0.259604977046,"ROA_SQ":-2.435315598178,"START_DATE":"2023-01-01 00:00:00","FISCAL_YEAR":"12-31","CURRENCY":"HKD","IS_CNY_CODE":0,"DPS_HKD_LY":null,"ORG_TYPE":"一般企业","PREMIUM_INCOME":null,"PREMIUM_INCOME_YOY":null,"NET_INTEREST_INCOME":null,"NET_INTEREST_INCOME_YOY":null,"FEE_COMMISSION_INCOME":null,"FEE_COMMISSION_INCOME_YOY":null,"ACCOUNTS_RECE_TDAYS":0.783039626423,"INVENTORY_TDAYS":8.931782907941,"CURRENT_ASSETS_TDAYS":0.560037275372,"TOTAL_ASSETS_TDAYS":0.214740455519,"PREMIUM_EXPENSE":null,"LOAN_DEPOSIT":null,"LOAN_EQUITY":null,"LOAN_ASSETS":null,"DEPOSIT_EQUITY":null,"DEPOSIT_ASSETS":null,"EQUITY_MULTIPLIER":2.053733022026,"EQUITY_RATIO":1.531302379078},{"SECUCODE":"01129.HK","SECURITY_CODE":"01129","SECURITY_NAME_ABBR":"中国水业集团","ORG_CODE":"10010504","STD_REPORT_DATE":"2023-06-30 00:00:00","REPORT_DATE":"2023-06-30 00:00:00","DATE_TYPE_CODE":"002","REPORT_TYPE":"2023年中报","PER_NETCASH_OPERATE":0.001720364755,"PER_OI":0.123771613428,"BPS":2.077611561325,"BASIC_EPS":-0.018070808,"DILUTED_EPS":-0.018070808,"OPERATE_INCOME":355671302.62,"OPERATE_INCOME_YOY":-33.0725764618,"GROSS_PROFIT":102691976.36,"GROSS_PROFIT_YOY":-33.876525983984,"HOLDER_PROFIT":-51966480.72,"HOLDER_PROFIT_YOY":-133.0535455861,"GROSS_PROFIT_RATIO":28.872719166133,"EPS_TTM":-0.038614015675,"OPERATE_INCOME_QOQ":-12.603888883651,"NET_PROFIT_RATIO":-9.7916110418,"ROE_AVG":-4.189491930077,"GROSS_PROFIT_QOQ":-15.878165538578,"ROA":-1.675607461216,"HOLDER_PROFIT_QOQ":-39.262720989475,"ROE_YEARLY":-8.378983860154,"ROIC_YEARLY":-4.126781154264,"TOTAL_ASSETS":3009418322.36,"TOTAL_LIABILITIES":1356522081.72,"TAX_EBT":-37.646672983019,"OCF_SALES":1.389950981028,"TOTAL_PARENT_EQUITY":1194048922.16,"DEBT_ASSET_RATIO":45.0758896376,"OPERATE_PROFIT":-4871742.32,"PRETAX_PROFIT":-25300975.16,"NETCASH_OPERATE":4943656.76,"NETCASH_INVEST":-87073635.16,"NETCASH_FINANCE":-1700131.12,"END_CASH":84284645.66,"DIVI_RATIO":null,"DIVIDEND_RATE":null,"CURRENT_RATIO":1.269570700534,"COMMON_ACS":20000000000,"CURRENTDEBT_DEBT":65.642412156752,"ISSUED_COMMON_SHARES":574721928,"HK_COMMON_SHARES":574721928,"PER_SHARES":4000,"TOTAL_MARKET_CAP":192531845.88,"HKSK_MARKET_CAP":192531845.88,"PE_TTM":-0.724054356695,"PB_TTM":0.185194798359,"REPORT_DATE_SQ":"2022-06-30 00:00:00","REPORT_TYPE_SQ":"2022年中报","OPERATE_INCOME_SQ":492930660.81,"DPS_HKD":null,"OPERATE_INCOME_QOQ_SQ":3.05341231031,"NET_PROFIT_RATIO_SQ":1.0780726545,"HOLDER_PROFIT_SQ":-20682770.15,"HOLDER_PROFIT_QOQ_SQ":-218.157404852224,"ROE_AVG_SQ":-1.776013717567,"PE_TTM_SQ":-2.769983843175,"PB_TTM_SQ":0.259604977046,"ROA_SQ":-0.638514727883,"START_DATE":"2023-01-01 00:00:00","FISCAL_YEAR":"12-31","CURRENCY":"HKD","IS_CNY_CODE":0,"DPS_HKD_LY":null,"ORG_TYPE":"一般企业","PREMIUM_INCOME":null,"PREMIUM_INCOME_YOY":null,"NET_INTEREST_INCOME":null,"NET_INTEREST_INCOME_YOY":null,"FEE_COMMISSION_INCOME":null,"FEE_COMMISSION_INCOME_YOY":null,"ACCOUNTS_RECE_TDAYS":0.407946609478,"INVENTORY_TDAYS":4.503610937859,"CURRENT_ASSETS_TDAYS":0.297435549488,"TOTAL_ASSETS_TDAYS":0.114682672398,"PREMIUM_EXPENSE":null,"LOAN_DEPOSIT":null,"LOAN_EQUITY":null,"LOAN_ASSETS":null,"DEPOSIT_EQUITY":null,"DEPOSIT_ASSETS":null,"EQUITY_MULTIPLIER":1.820694032915,"EQUITY_RATIO":1.136069097794},{"SECUCODE":"01129.HK","SECURITY_CODE":"01129","SECURITY_NAME_ABBR":"中国水业集团","ORG_CODE":"10010504","STD_REPORT_DATE":"2022-12-31 00:00:00","REPORT_DATE":"2022-12-31 00:00:00","DATE_TYPE_CODE":"001","REPORT_TYPE":"2022年年报","PER_NETCASH_OPERATE":0.107340938627,"PER_OI":0.37897418252,"BPS":2.169193973751,"BASIC_EPS":-0.034658876,"DILUTED_EPS":-0.034658876,"OPERATE_INCOME":1089023867.61,"OPERATE_INCOME_YOY":10.6510218363,"GROSS_PROFIT":331344214.18,"GROSS_PROFIT_YOY":-3.630073995014,"HOLDER_PROFIT":-79677897.46,"HOLDER_PROFIT_YOY":-102.6306224443,"GROSS_PROFIT_RATIO":30.425799106422,"EPS_TTM":-0.0277274603,"OPERATE_INCOME_QOQ":17.309968465604,"NET_PROFIT_RATIO":-2.4376959881,"ROE_AVG":-6.449884467108,"GROSS_PROFIT_QOQ":2.145545760779,"ROA":-2.435315598178,"HOLDER_PROFIT_QOQ":30.416718029684,"ROE_YEARLY":-6.449884467108,"ROIC_YEARLY":-3.082614717223,"TOTAL_ASSETS":3093847791.16,"TOTAL_LIABILITIES":1394474864.3,"TAX_EBT":-6277.4678111588,"OCF_SALES":28.32407683102,"TOTAL_PARENT_EQUITY":1246683342.8,"DEBT_ASSET_RATIO":45.0725102988,"OPERATE_PROFIT":59329206.86,"PRETAX_PROFIT":-416263.82,"NETCASH_OPERATE":308455956.97,"NETCASH_INVEST":-430239922.42,"NETCASH_FINANCE":38201584.82,"END_CASH":164760971.69,"DIVI_RATIO":null,"DIVIDEND_RATE":null,"CURRENT_RATIO":1.305211368002,"COMMON_ACS":20000000000,"CURRENTDEBT_DEBT":67.129954070553,"ISSUED_COMMON_SHARES":574721928,"HK_COMMON_SHARES":574721928,"PER_SHARES":4000,"TOTAL_MARKET_CAP":192531845.88,"HKSK_MARKET_CAP":192531845.88,"PE_TTM":-0.724054356695,"PB_TTM":0.185194798359,"REPORT_DATE_SQ":"2021-12-31 00:00:00","REPORT_TYPE_SQ":"2021年年报","OPERATE_INCOME_SQ":900824321.6,"DPS_HKD":null,"OPERATE_INCOME_QOQ_SQ":-3.084573055451,"NET_PROFIT_RATIO_SQ":2.318679314,"HOLDER_PROFIT_SQ":-35990752,"HOLDER_PROFIT_QOQ_SQ":-155.253456824756,"ROE_AVG_SQ":-3.169379274693,"PE_TTM_SQ":-2.769983843175,"PB_TTM_SQ":0.259604977046,"ROA_SQ":-0.927648574183,"START_DATE":"2022-01-01 00:00:00","FISCAL_YEAR":"12-31","CURRENCY":"HKD","IS_CNY_CODE":0,"DPS_HKD_LY":null,"ORG_TYPE":"一般企业","PREMIUM_INCOME":null,"PREMIUM_INCOME_YOY":null,"NET_INTEREST_INCOME":null,"NET_INTEREST_INCOME_YOY":null,"FEE_COMMISSION_INCOME":null,"FEE_COMMISSION_INCOME_YOY":null,"ACCOUNTS_RECE_TDAYS":1.22582928584,"INVENTORY_TDAYS":4.906004904796,"CURRENT_ASSETS_TDAYS":0.784858703378,"TOTAL_ASSETS_TDAYS":0.332854768527,"PREMIUM_EXPENSE":null,"LOAN_DEPOSIT":null,"LOAN_EQUITY":null,"LOAN_ASSETS":null,"DEPOSIT_EQUITY":null,"DEPOSIT_ASSETS":null,"EQUITY_MULTIPLIER":1.820582017201,"EQUITY_RATIO":1.118547763033},{"SECUCODE":"01129.HK","SECURITY_CODE":"01129","SECURITY_NAME_ABBR":"中国水业集团","ORG_CODE":"10010504","STD_REPORT_DATE":"2022-06-30 00:00:00","REPORT_DATE":"2022-06-30 00:00:00","DATE_TYPE_CODE":"002","REPORT_TYPE":"2022年中报","PER_NETCASH_OPERATE":0.003236711863,"PER_OI":0.171537098291,"BPS":2.013683567751,"BASIC_EPS":-0.010775394,"DILUTED_EPS":-0.010775394,"OPERATE_INCOME":492930660.81,"OPERATE_INCOME_YOY":3.0478179176,"GROSS_PROFIT":155303359.19,"GROSS_PROFIT_YOY":-11.125359044581,"HOLDER_PROFIT":-20682770.15,"HOLDER_PROFIT_YOY":-134.7960578376,"GROSS_PROFIT_RATIO":31.506126832281,"EPS_TTM":-0.039847876551,"OPERATE_INCOME_QOQ":3.05341231031,"NET_PROFIT_RATIO":1.0780726545,"ROE_AVG":-1.776013717567,"GROSS_PROFIT_QOQ":-5.654304074422,"ROA":-0.638514727883,"HOLDER_PROFIT_QOQ":-218.157404852224,"ROE_YEARLY":-3.552027435134,"ROIC_YEARLY":-1.605327150539,"TOTAL_ASSETS":3175770299.94,"TOTAL_LIABILITIES":1571162764.71,"TAX_EBT":75.505538255351,"OCF_SALES":1.886887381831,"TOTAL_PARENT_EQUITY":1157308102.44,"DEBT_ASSET_RATIO":49.4734384518,"OPERATE_PROFIT":53741849.98,"PRETAX_PROFIT":21695315.11,"NETCASH_OPERATE":9301046.44,"NETCASH_INVEST":-79827710.55,"NETCASH_FINANCE":-12997177.62,"END_CASH":153233799.39,"DIVI_RATIO":null,"DIVIDEND_RATE":null,"CURRENT_RATIO":1.175360184104,"COMMON_ACS":20000000000,"CURRENTDEBT_DEBT":78.524816719274,"ISSUED_COMMON_SHARES":574721928,"HK_COMMON_SHARES":574721928,"PER_SHARES":4000,"TOTAL_MARKET_CAP":192531845.88,"HKSK_MARKET_CAP":192531845.88,"PE_TTM":-0.724054356695,"PB_TTM":0.185194798359,"REPORT_DATE_SQ":"2021-06-30 00:00:00","REPORT_TYPE_SQ":"2021年中报","OPERATE_INCOME_SQ":465424780.08,"DPS_HKD":null,"OPERATE_INCOME_QOQ_SQ":-2.227632530776,"NET_PROFIT_RATIO_SQ":19.9735050085,"HOLDER_PROFIT_SQ":57833720.4,"HOLDER_PROFIT_QOQ_SQ":597.616811330445,"ROE_AVG_SQ":4.837233579817,"PE_TTM_SQ":-2.769983843175,"PB_TTM_SQ":0.259604977046,"ROA_SQ":1.464885171275,"START_DATE":"2022-01-01 00:00:00","FISCAL_YEAR":"12-31","CURRENCY":"HKD","IS_CNY_CODE":0,"DPS_HKD_LY":null,"ORG_TYPE":"一般企业","PREMIUM_INCOME":null,"PREMIUM_INCOME_YOY":null,"NET_INTEREST_INCOME":null,"NET_INTEREST_INCOME_YOY":null,"FEE_COMMISSION_INCOME":null,"FEE_COMMISSION_INCOME_YOY":null,"ACCOUNTS_RECE_TDAYS":0.533815224966,"INVENTORY_TDAYS":1.483394390276,"CURRENT_ASSETS_TDAYS":0.335652448872,"TOTAL_ASSETS_TDAYS":0.15217665935,"PREMIUM_EXPENSE":null,"LOAN_DEPOSIT":null,"LOAN_EQUITY":null,"LOAN_ASSETS":null,"DEPOSIT_EQUITY":null,"DEPOSIT_ASSETS":null,"EQUITY_MULTIPLIER":1.979157040097,"EQUITY_RATIO":1.357601110195},{"SECUCODE":"01129.HK","SECURITY_CODE":"01129","SECURITY_NAME_ABBR":"中国水业集团","ORG_CODE":"10010504","STD_REPORT_DATE":"2021-12-31 00:00:00","REPORT_DATE":"2021-12-31 00:00:00","DATE_TYPE_CODE":"001","REPORT_TYPE":"2021年年报","PER_NETCASH_OPERATE":0.112490047179,"PER_OI":0.564235442664,"BPS":1.949303396685,"BASIC_EPS":-0.02256576,"DILUTED_EPS":-0.02256576,"OPERATE_INCOME":900824321.6,"OPERATE_INCOME_YOY":-2.4573546233,"GROSS_PROFIT":343825328,"GROSS_PROFIT_YOY":-14.945183562034,"HOLDER_PROFIT":-35990752,"HOLDER_PROFIT_YOY":-496.7910582297,"GROSS_PROFIT_RATIO":38.167855791162,"EPS_TTM":-0.022542972475,"OPERATE_INCOME_QOQ":-3.084573055451,"NET_PROFIT_RATIO":2.318679314,"ROE_AVG":-3.169379274693,"GROSS_PROFIT_QOQ":-8.28220181333,"ROA":-0.927648574183,"HOLDER_PROFIT_QOQ":-155.253456824756,"ROE_YEARLY":-3.169379274693,"ROIC_YEARLY":-1.187633556503,"TOTAL_ASSETS":3157462459.2,"TOTAL_LIABILITIES":1582874417.6,"TAX_EBT":71.459373708259,"OCF_SALES":19.936721211192,"TOTAL_PARENT_EQUITY":1120307406.4,"DEBT_ASSET_RATIO":50.1312189156,"OPERATE_PROFIT":100475681.6,"PRETAX_PROFIT":73184193.6,"NETCASH_OPERATE":179594833.6,"NETCASH_INVEST":-57193572.8,"NETCASH_FINANCE":-221474758.4,"END_CASH":238214300.8,"DIVI_RATIO":null,"DIVIDEND_RATE":null,"CURRENT_RATIO":1.127586656352,"COMMON_ACS":20000000000,"CURRENTDEBT_DEBT":79.653729517702,"ISSUED_COMMON_SHARES":574721928,"HK_COMMON_SHARES":574721928,"PER_SHARES":4000,"TOTAL_MARKET_CAP":192531845.88,"HKSK_MARKET_CAP":192531845.88,"PE_TTM":-0.724054356695,"PB_TTM":0.185194798359,"REPORT_DATE_SQ":"2020-12-31 00:00:00","REPORT_TYPE_SQ":"2020年年报","OPERATE_INCOME_SQ":950672778.72,"DPS_HKD":null,"OPERATE_INCOME_QOQ_SQ":-13.865956352121,"NET_PROFIT_RATIO_SQ":10.6649739542,"HOLDER_PROFIT_SQ":9337154.16,"HOLDER_PROFIT_QOQ_SQ":-88.677403118792,"ROE_AVG_SQ":0.824070219043,"PE_TTM_SQ":-2.769983843175,"PB_TTM_SQ":0.259604977046,"ROA_SQ":0.213581812625,"START_DATE":"2021-01-01 00:00:00","FISCAL_YEAR":"12-31","CURRENCY":"HKD","IS_CNY_CODE":0,"DPS_HKD_LY":null,"ORG_TYPE":"一般企业","PREMIUM_INCOME":null,"PREMIUM_INCOME_YOY":null,"NET_INTEREST_INCOME":null,"NET_INTEREST_INCOME_YOY":null,"FEE_COMMISSION_INCOME":null,"FEE_COMMISSION_INCOME_YOY":null,"ACCOUNTS_RECE_TDAYS":0.88327566635,"INVENTORY_TDAYS":1.155123110821,"CURRENT_ASSETS_TDAYS":0.46401398539,"TOTAL_ASSETS_TDAYS":0.232184200408,"PREMIUM_EXPENSE":null,"LOAN_DEPOSIT":null,"LOAN_EQUITY":null,"LOAN_ASSETS":null,"DEPOSIT_EQUITY":null,"DEPOSIT_ASSETS":null,"EQUITY_MULTIPLIER":2.005262567592,"EQUITY_RATIO":1.412892933277},{"SECUCODE":"01129.HK","SECURITY_CODE":"01129","SECURITY_NAME_ABBR":"中国水业集团","ORG_CODE":"10010504","STD_REPORT_DATE":"2021-06-30 00:00:00","REPORT_DATE":"2021-06-30 00:00:00","DATE_TYPE_CODE":"002","REPORT_TYPE":"2021年中报","PER_NETCASH_OPERATE":0.068891276661,"PER_OI":0.291520944227,"BPS":2.122697411051,"BASIC_EPS":0.03619548,"DILUTED_EPS":0.03619548,"OPERATE_INCOME":465424780.08,"OPERATE_INCOME_YOY":5.0002440334,"GROSS_PROFIT":174744288.72,"GROSS_PROFIT_YOY":-14.387579694643,"HOLDER_PROFIT":57833720.4,"HOLDER_PROFIT_YOY":3022.4168912848,"GROSS_PROFIT_RATIO":37.545119254279,"EPS_TTM":0.040799207453,"OPERATE_INCOME_QOQ":-2.227632530776,"NET_PROFIT_RATIO":19.9735050085,"ROE_AVG":4.837233579817,"GROSS_PROFIT_QOQ":-7.264655149203,"ROA":1.464885171275,"HOLDER_PROFIT_QOQ":597.616811330445,"ROE_YEARLY":9.674467159635,"ROIC_YEARLY":3.698642948452,"TOTAL_ASSETS":3212398774.8,"TOTAL_LIABILITIES":1563988385.04,"TAX_EBT":21.562267436146,"OCF_SALES":23.631673135473,"TOTAL_PARENT_EQUITY":1219960748.64,"DEBT_ASSET_RATIO":48.6859974331,"OPERATE_PROFIT":151599151.44,"PRETAX_PROFIT":118516482.72,"NETCASH_OPERATE":109987662.72,"NETCASH_INVEST":-97940808.48,"NETCASH_FINANCE":-180536397.6,"END_CASH":188997819.12,"DIVI_RATIO":null,"DIVIDEND_RATE":null,"CURRENT_RATIO":1.040610205919,"COMMON_ACS":20000000000,"CURRENTDEBT_DEBT":80.599783040445,"ISSUED_COMMON_SHARES":574721928,"HK_COMMON_SHARES":574721928,"PER_SHARES":4000,"TOTAL_MARKET_CAP":192531845.88,"HKSK_MARKET_CAP":192531845.88,"PE_TTM":-0.724054356695,"PB_TTM":0.185194798359,"REPORT_DATE_SQ":"2020-06-30 00:00:00","REPORT_TYPE_SQ":"2020年中报","OPERATE_INCOME_SQ":486602276.16,"DPS_HKD":null,"OPERATE_INCOME_QOQ_SQ":3.609504096746,"NET_PROFIT_RATIO_SQ":7.9997897559,"HOLDER_PROFIT_SQ":2033317.44,"HOLDER_PROFIT_QOQ_SQ":-20.37573694237,"ROE_AVG_SQ":0.173196415317,"PE_TTM_SQ":-2.769983843175,"PB_TTM_SQ":0.259604977046,"ROA_SQ":0.045126953005,"START_DATE":"2021-01-01 00:00:00","FISCAL_YEAR":"12-31","CURRENCY":"HKD","IS_CNY_CODE":0,"DPS_HKD_LY":null,"ORG_TYPE":"一般企业","PREMIUM_INCOME":null,"PREMIUM_INCOME_YOY":null,"NET_INTEREST_INCOME":null,"NET_INTEREST_INCOME_YOY":null,"FEE_COMMISSION_INCOME":null,"FEE_COMMISSION_INCOME_YOY":null,"ACCOUNTS_RECE_TDAYS":0.448942376802,"INVENTORY_TDAYS":0.637316187034,"CURRENT_ASSETS_TDAYS":0.24390686337,"TOTAL_ASSETS_TDAYS":0.11788863901,"PREMIUM_EXPENSE":null,"LOAN_DEPOSIT":null,"LOAN_EQUITY":null,"LOAN_ASSETS":null,"DEPOSIT_EQUITY":null,"DEPOSIT_ASSETS":null,"EQUITY_MULTIPLIER":1.948785808895,"EQUITY_RATIO":1.281998938723},{"SECUCODE":"01129.HK","SECURITY_CODE":"01129","SECURITY_NAME_ABBR":"中国水业集团","ORG_CODE":"10010504","STD_REPORT_DATE":"2020-12-31 00:00:00","REPORT_DATE":"2020-12-31 00:00:00","DATE_TYPE_CODE":"001","REPORT_TYPE":"2020年年报","PER_NETCASH_OPERATE":0.272103631999,"PER_OI":0.595458252256,"BPS":2.061319871686,"BASIC_EPS":0.005807316,"DILUTED_EPS":0.005807316,"OPERATE_INCOME":950672778.72,"OPERATE_INCOME_YOY":-5.0162251798,"GROSS_PROFIT":404239692,"GROSS_PROFIT_YOY":-9.228732112977,"HOLDER_PROFIT":9337154.16,"HOLDER_PROFIT_YOY":-90.4045252861,"GROSS_PROFIT_RATIO":42.521433352102,"EPS_TTM":0.005848369304,"OPERATE_INCOME_QOQ":-13.865956352121,"NET_PROFIT_RATIO":10.6649739542,"ROE_AVG":0.824070219043,"GROSS_PROFIT_QOQ":-12.831912058338,"ROA":0.213581812625,"HOLDER_PROFIT_QOQ":-88.677403118792,"ROE_YEARLY":0.824070219043,"ROIC_YEARLY":0.272746616697,"TOTAL_ASSETS":4737419865.44,"TOTAL_LIABILITIES":2885013149.08,"TAX_EBT":33.365415463587,"OCF_SALES":45.696508691972,"TOTAL_PARENT_EQUITY":1184685730.88,"DEBT_ASSET_RATIO":60.8984052717,"OPERATE_PROFIT":129200156.4,"PRETAX_PROFIT":152156729.04,"NETCASH_OPERATE":434424268.96,"NETCASH_INVEST":-409328247.44,"NETCASH_FINANCE":27223687.44,"END_CASH":364138912.56,"DIVI_RATIO":null,"DIVIDEND_RATE":null,"CURRENT_RATIO":1.128745491274,"COMMON_ACS":20000000000,"CURRENTDEBT_DEBT":77.797317091457,"ISSUED_COMMON_SHARES":574721928,"HK_COMMON_SHARES":574721928,"PER_SHARES":4000,"TOTAL_MARKET_CAP":192531845.88,"HKSK_MARKET_CAP":192531845.88,"PE_TTM":-0.724054356695,"PB_TTM":0.185194798359,"REPORT_DATE_SQ":"2019-12-31 00:00:00","REPORT_TYPE_SQ":"2019年年报","OPERATE_INCOME_SQ":1065262471.78,"DPS_HKD":null,"OPERATE_INCOME_QOQ_SQ":23.21851291096,"NET_PROFIT_RATIO_SQ":15.0290825521,"HOLDER_PROFIT_SQ":103567396.26,"HOLDER_PROFIT_QOQ_SQ":1050.69047408413,"ROE_AVG_SQ":9.233504226542,"PE_TTM_SQ":-2.769983843175,"PB_TTM_SQ":0.259604977046,"ROA_SQ":2.779107501634,"START_DATE":"2020-01-01 00:00:00","FISCAL_YEAR":"12-31","CURRENCY":"HKD","IS_CNY_CODE":0,"DPS_HKD_LY":null,"ORG_TYPE":"一般企业","PREMIUM_INCOME":null,"PREMIUM_INCOME_YOY":null,"NET_INTEREST_INCOME":null,"NET_INTEREST_INCOME_YOY":null,"FEE_COMMISSION_INCOME":null,"FEE_COMMISSION_INCOME_YOY":null,"ACCOUNTS_RECE_TDAYS":0.877425148212,"INVENTORY_TDAYS":0.844793654367,"CURRENT_ASSETS_TDAYS":0.423201390904,"TOTAL_ASSETS_TDAYS":0.217460707848,"PREMIUM_EXPENSE":null,"LOAN_DEPOSIT":null,"LOAN_EQUITY":null,"LOAN_ASSETS":null,"DEPOSIT_EQUITY":null,"DEPOSIT_ASSETS":null,"EQUITY_MULTIPLIER":2.557440449548,"EQUITY_RATIO":2.435256096937},{"SECUCODE":"01129.HK","SECURITY_CODE":"01129","SECURITY_NAME_ABBR":"中国水业集团","ORG_CODE":"10010504","STD_REPORT_DATE":"2020-06-30 00:00:00","REPORT_DATE":"2020-06-30 00:00:00","DATE_TYPE_CODE":"002","REPORT_TYPE":"2020年中报","PER_NETCASH_OPERATE":0.115959077765,"PER_OI":0.304785565961,"BPS":2.043273171926,"BASIC_EPS":0.001278816,"DILUTED_EPS":0.001278816,"OPERATE_INCOME":486602276.16,"OPERATE_INCOME_YOY":4.5644407804,"GROSS_PROFIT":204110908.32,"GROSS_PROFIT_YOY":9.91291783183,"HOLDER_PROFIT":2033317.44,"HOLDER_PROFIT_YOY":-91.5364434812,"GROSS_PROFIT_RATIO":41.946147463742,"EPS_TTM":0.051652190441,"OPERATE_INCOME_QOQ":3.609504096746,"NET_PROFIT_RATIO":7.9997897559,"ROE_AVG":0.173196415317,"GROSS_PROFIT_QOQ":4.133599841919,"ROA":0.045126953005,"HOLDER_PROFIT_QOQ":-20.37573694237,"ROE_YEARLY":0.346392830633,"ROIC_YEARLY":0.116032834269,"TOTAL_ASSETS":4663816375.68,"TOTAL_LIABILITIES":2884457178.24,"TAX_EBT":45.182784080677,"OCF_SALES":38.046118555172,"TOTAL_PARENT_EQUITY":1174313896.8,"DEBT_ASSET_RATIO":61.8475717286,"OPERATE_PROFIT":116014187.52,"PRETAX_PROFIT":71012652.48,"NETCASH_OPERATE":185133278.88,"NETCASH_INVEST":-73687204.8,"NETCASH_FINANCE":15746792.16,"END_CASH":458709472.32,"DIVI_RATIO":null,"DIVIDEND_RATE":null,"CURRENT_RATIO":1.155518978015,"COMMON_ACS":20000000000,"CURRENTDEBT_DEBT":74.436790723657,"ISSUED_COMMON_SHARES":574721928,"HK_COMMON_SHARES":574721928,"PER_SHARES":4000,"TOTAL_MARKET_CAP":192531845.88,"HKSK_MARKET_CAP":192531845.88,"PE_TTM":-0.724054356695,"PB_TTM":0.185194798359,"REPORT_DATE_SQ":"2019-06-30 00:00:00","REPORT_TYPE_SQ":"2019年中报","OPERATE_INCOME_SQ":448151583.6,"DPS_HKD":null,"OPERATE_INCOME_QOQ_SQ":3.843168171487,"NET_PROFIT_RATIO_SQ":9.7937031367,"HOLDER_PROFIT_SQ":23135937.66,"HOLDER_PROFIT_QOQ_SQ":54.561368500741,"ROE_AVG_SQ":2.153319526959,"PE_TTM_SQ":-2.769983843175,"PB_TTM_SQ":0.259604977046,"ROA_SQ":0.693792756156,"START_DATE":"2020-01-01 00:00:00","FISCAL_YEAR":"12-31","CURRENCY":"HKD","IS_CNY_CODE":0,"DPS_HKD_LY":null,"ORG_TYPE":"一般企业","PREMIUM_INCOME":null,"PREMIUM_INCOME_YOY":null,"NET_INTEREST_INCOME":null,"NET_INTEREST_INCOME_YOY":null,"FEE_COMMISSION_INCOME":null,"FEE_COMMISSION_INCOME_YOY":null,"ACCOUNTS_RECE_TDAYS":0.443355850092,"INVENTORY_TDAYS":0.447677191713,"CURRENT_ASSETS_TDAYS":0.211221695272,"TOTAL_ASSETS_TDAYS":0.10799532634,"PREMIUM_EXPENSE":null,"LOAN_DEPOSIT":null,"LOAN_EQUITY":null,"LOAN_ASSETS":null,"DEPOSIT_EQUITY":null,"DEPOSIT_ASSETS":null,"EQUITY_MULTIPLIER":2.621065146592,"EQUITY_RATIO":2.456291444817}],"count":44},"success":true,"message":"ok","code":0}