{"version":"e1487a20eee52ebd42461add00a90d0e","result":{"pages":6,"data":[{"SECUCODE":"01123.HK","SECURITY_CODE":"01123","SECURITY_NAME_ABBR":"中港照相","ORG_CODE":"10010499","STD_REPORT_DATE":"2024-06-30 00:00:00","REPORT_DATE":"2024-09-30 00:00:00","DATE_TYPE_CODE":"002","REPORT_TYPE":"2024年中报","PER_NETCASH_OPERATE":0.057085854545,"PER_OI":0.407428090477,"BPS":0.52153741398,"BASIC_EPS":0.00541074,"DILUTED_EPS":0.00541074,"OPERATE_INCOME":482931991.54,"OPERATE_INCOME_YOY":-7.5245941554,"GROSS_PROFIT":123523587.04,"GROSS_PROFIT_YOY":-12.043896165169,"HOLDER_PROFIT":6434271.65,"HOLDER_PROFIT_YOY":-75.1791553607,"GROSS_PROFIT_RATIO":25.577843092586,"EPS_TTM":0.02275785389,"OPERATE_INCOME_QOQ":0,"NET_PROFIT_RATIO":1.3190769449,"ROE_AVG":1.038227432195,"GROSS_PROFIT_QOQ":0,"ROA":0.75998647256,"HOLDER_PROFIT_QOQ":0,"ROE_YEARLY":2.07645486439,"ROIC_YEARLY":2.098767066271,"TOTAL_ASSETS":844125940.24,"TOTAL_LIABILITIES":226389870.55,"TAX_EBT":33.690040364217,"OCF_SALES":14.011271161438,"TOTAL_PARENT_EQUITY":618187866.48,"DEBT_ASSET_RATIO":26.8194424265,"OPERATE_PROFIT":10559059.11,"PRETAX_PROFIT":9606768.87,"NETCASH_OPERATE":67664910.86,"NETCASH_INVEST":-8953872.91,"NETCASH_FINANCE":-33269738.47,"END_CASH":224074975.62,"DIVI_RATIO":0.39834599711,"DIVIDEND_RATE":8.403361344538,"CURRENT_RATIO":2.925952134108,"COMMON_ACS":2000000000,"CURRENTDEBT_DEBT":72.616861518851,"ISSUED_COMMON_SHARES":1185318349,"HK_COMMON_SHARES":1185318349,"PER_SHARES":2000,"TOTAL_MARKET_CAP":141052883.531,"HKSK_MARKET_CAP":141052883.531,"PE_TTM":17.317726645918,"PB_TTM":0.205762821848,"REPORT_DATE_SQ":"2023-06-30 00:00:00","REPORT_TYPE_SQ":"2023年中报","OPERATE_INCOME_SQ":531400450.63,"DPS_HKD":0.01,"OPERATE_INCOME_QOQ_SQ":0,"NET_PROFIT_RATIO_SQ":5.1065358202,"HOLDER_PROFIT_SQ":26378191.98,"HOLDER_PROFIT_QOQ_SQ":0,"ROE_AVG_SQ":4.2172779881,"PE_TTM_SQ":2.895055283671,"PB_TTM_SQ":0.242031893045,"ROA_SQ":3.129863872806,"START_DATE":"2024-04-01 00:00:00","FISCAL_YEAR":"3-31","CURRENCY":"HKD","IS_CNY_CODE":0,"DPS_HKD_LY":0.01,"ORG_TYPE":"一般企业","PREMIUM_INCOME":null,"PREMIUM_INCOME_YOY":null,"NET_INTEREST_INCOME":null,"NET_INTEREST_INCOME_YOY":null,"FEE_COMMISSION_INCOME":null,"FEE_COMMISSION_INCOME_YOY":null,"ACCOUNTS_RECE_TDAYS":8.592337066393,"INVENTORY_TDAYS":2.549822462493,"CURRENT_ASSETS_TDAYS":1.000002800992,"TOTAL_ASSETS_TDAYS":0.570416980665,"PREMIUM_EXPENSE":null,"LOAN_DEPOSIT":null,"LOAN_EQUITY":null,"LOAN_ASSETS":null,"DEPOSIT_EQUITY":null,"DEPOSIT_ASSETS":null,"EQUITY_MULTIPLIER":1.366483165963,"EQUITY_RATIO":0.366215325188},{"SECUCODE":"01123.HK","SECURITY_CODE":"01123","SECURITY_NAME_ABBR":"中港照相","ORG_CODE":"10010499","STD_REPORT_DATE":"2023-12-31 00:00:00","REPORT_DATE":"2024-03-31 00:00:00","DATE_TYPE_CODE":"001","REPORT_TYPE":"2023年年报","PER_NETCASH_OPERATE":0.07138024276,"PER_OI":0.843140398816,"BPS":0.526916669118,"BASIC_EPS":0.022754405,"DILUTED_EPS":0.022754405,"OPERATE_INCOME":999389785.5,"OPERATE_INCOME_YOY":2.1464079055,"GROSS_PROFIT":253058899.75,"GROSS_PROFIT_YOY":8.756069009829,"HOLDER_PROFIT":26975301.8,"HOLDER_PROFIT_YOY":-27.0864984073,"GROSS_PROFIT_RATIO":25.321341424697,"EPS_TTM":0.04305758557,"OPERATE_INCOME_QOQ":0,"NET_PROFIT_RATIO":2.804310556,"ROE_AVG":4.354863731227,"GROSS_PROFIT_QOQ":0,"ROA":3.208157751314,"HOLDER_PROFIT_QOQ":0,"ROE_YEARLY":4.354863731227,"ROIC_YEARLY":4.331736858195,"TOTAL_ASSETS":853615638.95,"TOTAL_LIABILITIES":229169494.15,"TAX_EBT":1.669847328244,"OCF_SALES":8.465997224263,"TOTAL_PARENT_EQUITY":624563996.3,"DEBT_ASSET_RATIO":26.8469184131,"OPERATE_PROFIT":30728418.8,"PRETAX_PROFIT":28501932,"NETCASH_OPERATE":84608311.5,"NETCASH_INVEST":-40388615.6,"NETCASH_FINANCE":-57405465.65,"END_CASH":198850835.95,"DIVI_RATIO":0.210543621523,"DIVIDEND_RATE":9.259259259259,"CURRENT_RATIO":2.940875624938,"COMMON_ACS":2000000000,"CURRENTDEBT_DEBT":72.319249346303,"ISSUED_COMMON_SHARES":1185318349,"HK_COMMON_SHARES":1185318349,"PER_SHARES":2000,"TOTAL_MARKET_CAP":128014381.692,"HKSK_MARKET_CAP":128014381.692,"PE_TTM":15.71692838453,"PB_TTM":0.186742729073,"REPORT_DATE_SQ":"2022-12-31 00:00:00","REPORT_TYPE_SQ":"2022年年报","OPERATE_INCOME_SQ":944781865.45,"DPS_HKD":0.01,"OPERATE_INCOME_QOQ_SQ":0,"NET_PROFIT_RATIO_SQ":3.9320080241,"HOLDER_PROFIT_SQ":35725482.1,"HOLDER_PROFIT_QOQ_SQ":0,"ROE_AVG_SQ":6.139436363335,"PE_TTM_SQ":4.240541018231,"PB_TTM_SQ":0.252404688461,"ROA_SQ":4.531672571388,"START_DATE":"2023-04-01 00:00:00","FISCAL_YEAR":"3-31","CURRENCY":"HKD","IS_CNY_CODE":0,"DPS_HKD_LY":0.005,"ORG_TYPE":"一般企业","PREMIUM_INCOME":null,"PREMIUM_INCOME_YOY":null,"NET_INTEREST_INCOME":null,"NET_INTEREST_INCOME_YOY":null,"FEE_COMMISSION_INCOME":null,"FEE_COMMISSION_INCOME_YOY":null,"ACCOUNTS_RECE_TDAYS":18.76155142191,"INVENTORY_TDAYS":4.825293278121,"CURRENT_ASSETS_TDAYS":2.0716287714,"TOTAL_ASSETS_TDAYS":1.188568754747,"PREMIUM_EXPENSE":null,"LOAN_DEPOSIT":null,"LOAN_EQUITY":null,"LOAN_ASSETS":null,"DEPOSIT_EQUITY":null,"DEPOSIT_ASSETS":null,"EQUITY_MULTIPLIER":1.366996411234,"EQUITY_RATIO":0.3669271612},{"SECUCODE":"01123.HK","SECURITY_CODE":"01123","SECURITY_NAME_ABBR":"中港照相","ORG_CODE":"10010499","STD_REPORT_DATE":"2023-06-30 00:00:00","REPORT_DATE":"2023-09-30 00:00:00","DATE_TYPE_CODE":"002","REPORT_TYPE":"2023年中报","PER_NETCASH_OPERATE":0.032733173913,"PER_OI":0.448318758482,"BPS":0.530790378012,"BASIC_EPS":0.022298409,"DILUTED_EPS":0.022298409,"OPERATE_INCOME":531400450.63,"OPERATE_INCOME_YOY":7.7210826778,"GROSS_PROFIT":140437765.72,"GROSS_PROFIT_YOY":25.556670146512,"HOLDER_PROFIT":26378191.98,"HOLDER_PROFIT_YOY":134.9297155933,"GROSS_PROFIT_RATIO":26.427859734312,"EPS_TTM":0.030139989084,"OPERATE_INCOME_QOQ":0,"NET_PROFIT_RATIO":5.1065358202,"ROE_AVG":4.2172779881,"GROSS_PROFIT_QOQ":0,"ROA":3.129863872806,"HOLDER_PROFIT_QOQ":0,"ROE_YEARLY":8.434555976201,"ROIC_YEARLY":8.426977408894,"TOTAL_ASSETS":847406528.99,"TOTAL_LIABILITIES":216491857.75,"TAX_EBT":-5.981435687919,"OCF_SALES":7.301317041414,"TOTAL_PARENT_EQUITY":629155574.53,"DEBT_ASSET_RATIO":25.547579626,"OPERATE_PROFIT":26614022.89,"PRETAX_PROFIT":25604629.89,"NETCASH_OPERATE":38799231.66,"NETCASH_INVEST":-26064362.52,"NETCASH_FINANCE":-35339766.56,"END_CASH":191499287.07,"DIVI_RATIO":0.300779803693,"DIVIDEND_RATE":9.259259259259,"CURRENT_RATIO":3.046649308089,"COMMON_ACS":2000000000,"CURRENTDEBT_DEBT":75.533326268941,"ISSUED_COMMON_SHARES":1185318349,"HK_COMMON_SHARES":1185318349,"PER_SHARES":2000,"TOTAL_MARKET_CAP":128014381.692,"HKSK_MARKET_CAP":128014381.692,"PE_TTM":15.71692838453,"PB_TTM":0.186742729073,"REPORT_DATE_SQ":"2022-06-30 00:00:00","REPORT_TYPE_SQ":"2022年中报","OPERATE_INCOME_SQ":486220612.92,"DPS_HKD":0.01,"OPERATE_INCOME_QOQ_SQ":0,"NET_PROFIT_RATIO_SQ":2.2799776039,"HOLDER_PROFIT_SQ":11066727.84,"HOLDER_PROFIT_QOQ_SQ":0,"ROE_AVG_SQ":1.883398891602,"PE_TTM_SQ":4.240541018231,"PB_TTM_SQ":0.252404688461,"ROA_SQ":1.37984152572,"START_DATE":"2023-04-01 00:00:00","FISCAL_YEAR":"3-31","CURRENCY":"HKD","IS_CNY_CODE":0,"DPS_HKD_LY":0.005,"ORG_TYPE":"一般企业","PREMIUM_INCOME":null,"PREMIUM_INCOME_YOY":null,"NET_INTEREST_INCOME":null,"NET_INTEREST_INCOME_YOY":null,"FEE_COMMISSION_INCOME":null,"FEE_COMMISSION_INCOME_YOY":null,"ACCOUNTS_RECE_TDAYS":9.650396613785,"INVENTORY_TDAYS":2.352989581406,"CURRENT_ASSETS_TDAYS":1.082869983835,"TOTAL_ASSETS_TDAYS":0.630525046478,"PREMIUM_EXPENSE":null,"LOAN_DEPOSIT":null,"LOAN_EQUITY":null,"LOAN_ASSETS":null,"DEPOSIT_EQUITY":null,"DEPOSIT_ASSETS":null,"EQUITY_MULTIPLIER":1.343139678974,"EQUITY_RATIO":0.344099085368},{"SECUCODE":"01123.HK","SECURITY_CODE":"01123","SECURITY_NAME_ABBR":"中港照相","ORG_CODE":"10010499","STD_REPORT_DATE":"2022-12-31 00:00:00","REPORT_DATE":"2023-03-31 00:00:00","DATE_TYPE_CODE":"001","REPORT_TYPE":"2022年年报","PER_NETCASH_OPERATE":0.057525208276,"PER_OI":0.797070142588,"BPS":0.500450848399,"BASIC_EPS":0.030114104,"DILUTED_EPS":0.030114104,"OPERATE_INCOME":944781865.45,"OPERATE_INCOME_YOY":6.3044206296,"GROSS_PROFIT":232684853.41,"GROSS_PROFIT_YOY":29.331408031325,"HOLDER_PROFIT":35725482.1,"HOLDER_PROFIT_YOY":125.3451131971,"GROSS_PROFIT_RATIO":24.628420794166,"EPS_TTM":0.019621961644,"OPERATE_INCOME_QOQ":0,"NET_PROFIT_RATIO":3.9320080241,"ROE_AVG":6.139436363335,"GROSS_PROFIT_QOQ":0,"ROA":4.531672571388,"HOLDER_PROFIT_QOQ":0,"ROE_YEARLY":6.139436363335,"ROIC_YEARLY":6.110914368585,"TOTAL_ASSETS":799609998.92,"TOTAL_LIABILITIES":205461353.23,"TAX_EBT":4.642487978068,"OCF_SALES":7.217082312172,"TOTAL_PARENT_EQUITY":593193573.38,"DEBT_ASSET_RATIO":25.6951955963,"OPERATE_PROFIT":41153024.1,"PRETAX_PROFIT":38957495.82,"NETCASH_OPERATE":68185684.9,"NETCASH_INVEST":-10588083.95,"NETCASH_FINANCE":-49995540.51,"END_CASH":206525851.79,"DIVI_RATIO":0.462007834103,"DIVIDEND_RATE":8.695652173913,"CURRENT_RATIO":3.026817016679,"COMMON_ACS":2000000000,"CURRENTDEBT_DEBT":74.133692368653,"ISSUED_COMMON_SHARES":1185318349,"HK_COMMON_SHARES":1185318349,"PER_SHARES":2000,"TOTAL_MARKET_CAP":136311610.135,"HKSK_MARKET_CAP":136311610.135,"PE_TTM":16.735618187231,"PB_TTM":0.198846424475,"REPORT_DATE_SQ":"2021-12-31 00:00:00","REPORT_TYPE_SQ":"2021年年报","OPERATE_INCOME_SQ":823369792.4,"DPS_HKD":0.01,"OPERATE_INCOME_QOQ_SQ":0,"NET_PROFIT_RATIO_SQ":1.7293447855,"HOLDER_PROFIT_SQ":14687391.1,"HOLDER_PROFIT_QOQ_SQ":0,"ROE_AVG_SQ":2.795108945198,"PE_TTM_SQ":4.269585819726,"PB_TTM_SQ":0.254133487697,"ROA_SQ":2.059786116632,"START_DATE":"2022-04-01 00:00:00","FISCAL_YEAR":"3-31","CURRENCY":"HKD","IS_CNY_CODE":0,"DPS_HKD_LY":0.01,"ORG_TYPE":"一般企业","PREMIUM_INCOME":null,"PREMIUM_INCOME_YOY":null,"NET_INTEREST_INCOME":null,"NET_INTEREST_INCOME_YOY":null,"FEE_COMMISSION_INCOME":null,"FEE_COMMISSION_INCOME_YOY":null,"ACCOUNTS_RECE_TDAYS":23.794190596924,"INVENTORY_TDAYS":4.899143569544,"CURRENT_ASSETS_TDAYS":2.118969107182,"TOTAL_ASSETS_TDAYS":1.198428072607,"PREMIUM_EXPENSE":null,"LOAN_DEPOSIT":null,"LOAN_EQUITY":null,"LOAN_ASSETS":null,"DEPOSIT_EQUITY":null,"DEPOSIT_ASSETS":null,"EQUITY_MULTIPLIER":1.345807997242,"EQUITY_RATIO":0.346364765989},{"SECUCODE":"01123.HK","SECURITY_CODE":"01123","SECURITY_NAME_ABBR":"中港照相","ORG_CODE":"10010499","STD_REPORT_DATE":"2022-06-30 00:00:00","REPORT_DATE":"2022-09-30 00:00:00","DATE_TYPE_CODE":"002","REPORT_TYPE":"2022年中报","PER_NETCASH_OPERATE":0.025925657783,"PER_OI":0.410202553036,"BPS":0.494090677845,"BASIC_EPS":0.009315732,"DILUTED_EPS":0.009315732,"OPERATE_INCOME":486220612.92,"OPERATE_INCOME_YOY":12.9591652343,"GROSS_PROFIT":111852094.8,"GROSS_PROFIT_YOY":24.017728136265,"HOLDER_PROFIT":11066727.84,"HOLDER_PROFIT_YOY":308.4112149533,"GROSS_PROFIT_RATIO":23.004391798256,"EPS_TTM":0.012391094015,"OPERATE_INCOME_QOQ":0,"NET_PROFIT_RATIO":2.2799776039,"ROE_AVG":1.883398891602,"GROSS_PROFIT_QOQ":0,"ROA":1.37984152572,"HOLDER_PROFIT_QOQ":0,"ROE_YEARLY":3.766797783204,"ROIC_YEARLY":3.682333990642,"TOTAL_ASSETS":801196365.12,"TOTAL_LIABILITIES":216006500.76,"TAX_EBT":-21.116600790514,"OCF_SALES":6.32020878248,"TOTAL_PARENT_EQUITY":585654746.52,"DEBT_ASSET_RATIO":26.9604943512,"OPERATE_PROFIT":10326895.92,"PRETAX_PROFIT":9152932.8,"NETCASH_OPERATE":30730157.88,"NETCASH_INVEST":-7095331.8,"NETCASH_FINANCE":-31979189.52,"END_CASH":195762420.24,"DIVI_RATIO":0.73161417298,"DIVIDEND_RATE":8.695652173913,"CURRENT_RATIO":2.761267862688,"COMMON_ACS":2000000000,"CURRENTDEBT_DEBT":76.855407006687,"ISSUED_COMMON_SHARES":1185318349,"HK_COMMON_SHARES":1185318349,"PER_SHARES":2000,"TOTAL_MARKET_CAP":136311610.135,"HKSK_MARKET_CAP":136311610.135,"PE_TTM":16.735618187231,"PB_TTM":0.198846424475,"REPORT_DATE_SQ":"2021-06-30 00:00:00","REPORT_TYPE_SQ":"2021年中报","OPERATE_INCOME_SQ":396468249.08,"DPS_HKD":0.01,"OPERATE_INCOME_QOQ_SQ":0,"NET_PROFIT_RATIO_SQ":0.6622989675,"HOLDER_PROFIT_SQ":2495847.76,"HOLDER_PROFIT_QOQ_SQ":0,"ROE_AVG_SQ":0.468182791313,"PE_TTM_SQ":4.269585819726,"PB_TTM_SQ":0.254133487697,"ROA_SQ":0.343310656037,"START_DATE":"2022-04-01 00:00:00","FISCAL_YEAR":"3-31","CURRENCY":"HKD","IS_CNY_CODE":0,"DPS_HKD_LY":0.01,"ORG_TYPE":"一般企业","PREMIUM_INCOME":null,"PREMIUM_INCOME_YOY":null,"NET_INTEREST_INCOME":null,"NET_INTEREST_INCOME_YOY":null,"FEE_COMMISSION_INCOME":null,"FEE_COMMISSION_INCOME_YOY":null,"ACCOUNTS_RECE_TDAYS":10.35296043446,"INVENTORY_TDAYS":2.562506771167,"CURRENT_ASSETS_TDAYS":1.076432508845,"TOTAL_ASSETS_TDAYS":0.6062382685,"PREMIUM_EXPENSE":null,"LOAN_DEPOSIT":null,"LOAN_EQUITY":null,"LOAN_ASSETS":null,"DEPOSIT_EQUITY":null,"DEPOSIT_ASSETS":null,"EQUITY_MULTIPLIER":1.369122081423,"EQUITY_RATIO":0.368829078981},{"SECUCODE":"01123.HK","SECURITY_CODE":"01123","SECURITY_NAME_ABBR":"中港照相","ORG_CODE":"10010499","STD_REPORT_DATE":"2021-12-31 00:00:00","REPORT_DATE":"2022-03-31 00:00:00","DATE_TYPE_CODE":"001","REPORT_TYPE":"2021年年报","PER_NETCASH_OPERATE":0.01096382609,"PER_OI":0.694640214669,"BPS":0.445983594741,"BASIC_EPS":0.012408453,"DILUTED_EPS":0.012408453,"OPERATE_INCOME":823369792.4,"OPERATE_INCOME_YOY":10.7433869648,"GROSS_PROFIT":179913647.39,"GROSS_PROFIT_YOY":9.611652647266,"HOLDER_PROFIT":14687391.1,"HOLDER_PROFIT_YOY":-46.1572766464,"GROSS_PROFIT_RATIO":21.850892399827,"EPS_TTM":0.012250220232,"OPERATE_INCOME_QOQ":0,"NET_PROFIT_RATIO":1.7293447855,"ROE_AVG":2.795108945198,"GROSS_PROFIT_QOQ":0,"ROA":2.059786116632,"HOLDER_PROFIT_QOQ":0,"ROE_YEARLY":2.795108945198,"ROIC_YEARLY":2.903283467716,"TOTAL_ASSETS":719924655.89,"TOTAL_LIABILITIES":191926327.51,"TAX_EBT":17.711848518935,"OCF_SALES":1.578346006856,"TOTAL_PARENT_EQUITY":528632538.2,"DEBT_ASSET_RATIO":26.6592241202,"OPERATE_PROFIT":19684023.71,"PRETAX_PROFIT":17303709.36,"NETCASH_OPERATE":12995624.24,"NETCASH_INVEST":15677634.31,"NETCASH_FINANCE":-50624055.21,"END_CASH":185907822.3,"DIVI_RATIO":0.740027512036,"DIVIDEND_RATE":8.695652173913,"CURRENT_RATIO":2.877294657739,"COMMON_ACS":2000000000,"CURRENTDEBT_DEBT":72.25619160705,"ISSUED_COMMON_SHARES":1185318349,"HK_COMMON_SHARES":1185318349,"PER_SHARES":2000,"TOTAL_MARKET_CAP":136311610.135,"HKSK_MARKET_CAP":136311610.135,"PE_TTM":16.735618187231,"PB_TTM":0.198846424475,"REPORT_DATE_SQ":"2020-12-31 00:00:00","REPORT_TYPE_SQ":"2020年年报","OPERATE_INCOME_SQ":774818765,"DPS_HKD":0.01,"OPERATE_INCOME_QOQ_SQ":0,"NET_PROFIT_RATIO_SQ":3.4849195528,"HOLDER_PROFIT_SQ":28427629.3,"HOLDER_PROFIT_QOQ_SQ":0,"ROE_AVG_SQ":5.376919928894,"PE_TTM_SQ":4.269585819726,"PB_TTM_SQ":0.254133487697,"ROA_SQ":3.970821222732,"START_DATE":"2021-04-01 00:00:00","FISCAL_YEAR":"3-31","CURRENCY":"HKD","IS_CNY_CODE":0,"DPS_HKD_LY":0.01,"ORG_TYPE":"一般企业","PREMIUM_INCOME":null,"PREMIUM_INCOME_YOY":null,"NET_INTEREST_INCOME":null,"NET_INTEREST_INCOME_YOY":null,"FEE_COMMISSION_INCOME":null,"FEE_COMMISSION_INCOME_YOY":null,"ACCOUNTS_RECE_TDAYS":22.477970154541,"INVENTORY_TDAYS":5.956978267643,"CURRENT_ASSETS_TDAYS":2.076318892183,"TOTAL_ASSETS_TDAYS":1.154708590309,"PREMIUM_EXPENSE":null,"LOAN_DEPOSIT":null,"LOAN_EQUITY":null,"LOAN_ASSETS":null,"DEPOSIT_EQUITY":null,"DEPOSIT_ASSETS":null,"EQUITY_MULTIPLIER":1.363497983221,"EQUITY_RATIO":0.363061888251},{"SECUCODE":"01123.HK","SECURITY_CODE":"01123","SECURITY_NAME_ABBR":"中港照相","ORG_CODE":"10010499","STD_REPORT_DATE":"2021-06-30 00:00:00","REPORT_DATE":"2021-09-30 00:00:00","DATE_TYPE_CODE":"002","REPORT_TYPE":"2021年中报","PER_NETCASH_OPERATE":0.014038034975,"PER_OI":0.334482503721,"BPS":0.446869012925,"BASIC_EPS":0.00208265,"DILUTED_EPS":0.00208265,"OPERATE_INCOME":396468249.08,"OPERATE_INCOME_YOY":5.2883317773,"GROSS_PROFIT":90190407.84,"GROSS_PROFIT_YOY":4.251157430209,"HOLDER_PROFIT":2495847.76,"HOLDER_PROFIT_YOY":-83.950286602,"GROSS_PROFIT_RATIO":22.748456666905,"EPS_TTM":0.023983117551,"OPERATE_INCOME_QOQ":0,"NET_PROFIT_RATIO":0.6622989675,"ROE_AVG":0.468182791313,"GROSS_PROFIT_QOQ":0,"ROA":0.343310656037,"HOLDER_PROFIT_QOQ":0,"ROE_YEARLY":0.936365582627,"ROIC_YEARLY":0.997487138126,"TOTAL_ASSETS":728604272.72,"TOTAL_LIABILITIES":198983045.48,"TAX_EBT":13.761969904241,"OCF_SALES":4.196941489921,"TOTAL_PARENT_EQUITY":529682040.62,"DEBT_ASSET_RATIO":27.3101672513,"OPERATE_PROFIT":4307753.26,"PRETAX_PROFIT":3044834.3,"NETCASH_OPERATE":16639540.44,"NETCASH_INVEST":-1382879.6,"NETCASH_FINANCE":-30684932.04,"END_CASH":197800100.28,"DIVI_RATIO":0.377995061757,"DIVIDEND_RATE":8.695652173913,"CURRENT_RATIO":2.79524188617,"COMMON_ACS":2000000000,"CURRENTDEBT_DEBT":72.572825695602,"ISSUED_COMMON_SHARES":1185318349,"HK_COMMON_SHARES":1185318349,"PER_SHARES":2000,"TOTAL_MARKET_CAP":136311610.135,"HKSK_MARKET_CAP":136311610.135,"PE_TTM":16.735618187231,"PB_TTM":0.198846424475,"REPORT_DATE_SQ":"2020-06-30 00:00:00","REPORT_TYPE_SQ":"2020年中报","OPERATE_INCOME_SQ":397193742.08,"DPS_HKD":0.01,"OPERATE_INCOME_QOQ_SQ":0,"NET_PROFIT_RATIO_SQ":3.9903631303,"HOLDER_PROFIT_SQ":16403066.24,"HOLDER_PROFIT_QOQ_SQ":0,"ROE_AVG_SQ":3.024492279176,"PE_TTM_SQ":4.269585819726,"PB_TTM_SQ":0.254133487697,"ROA_SQ":2.247277582181,"START_DATE":"2021-04-01 00:00:00","FISCAL_YEAR":"3-31","CURRENCY":"HKD","IS_CNY_CODE":0,"DPS_HKD_LY":0.01,"ORG_TYPE":"一般企业","PREMIUM_INCOME":null,"PREMIUM_INCOME_YOY":null,"NET_INTEREST_INCOME":null,"NET_INTEREST_INCOME_YOY":null,"FEE_COMMISSION_INCOME":null,"FEE_COMMISSION_INCOME_YOY":null,"ACCOUNTS_RECE_TDAYS":9.117901754924,"INVENTORY_TDAYS":3.266162955461,"CURRENT_ASSETS_TDAYS":0.980805058199,"TOTAL_ASSETS_TDAYS":0.545352873164,"PREMIUM_EXPENSE":null,"LOAN_DEPOSIT":null,"LOAN_EQUITY":null,"LOAN_ASSETS":null,"DEPOSIT_EQUITY":null,"DEPOSIT_ASSETS":null,"EQUITY_MULTIPLIER":1.375708214183,"EQUITY_RATIO":0.375665078709},{"SECUCODE":"01123.HK","SECURITY_CODE":"01123","SECURITY_NAME_ABBR":"中港照相","ORG_CODE":"10010499","STD_REPORT_DATE":"2020-12-31 00:00:00","REPORT_DATE":"2021-03-31 00:00:00","DATE_TYPE_CODE":"001","REPORT_TYPE":"2020年年报","PER_NETCASH_OPERATE":0.099990383748,"PER_OI":0.653679887478,"BPS":0.459208784002,"BASIC_EPS":0.024003112,"DILUTED_EPS":0.024003112,"OPERATE_INCOME":774818765,"OPERATE_INCOME_YOY":4.140870478,"GROSS_PROFIT":164137336.72,"GROSS_PROFIT_YOY":-7.891887433391,"HOLDER_PROFIT":28427629.3,"HOLDER_PROFIT_YOY":215.6120028873,"GROSS_PROFIT_RATIO":21.183965094082,"EPS_TTM":-0.007074902694,"OPERATE_INCOME_QOQ":0,"NET_PROFIT_RATIO":3.4849195528,"ROE_AVG":5.376919928894,"GROSS_PROFIT_QOQ":0,"ROA":3.970821222732,"HOLDER_PROFIT_QOQ":0,"ROE_YEARLY":5.376919928894,"ROIC_YEARLY":5.546202413715,"TOTAL_ASSETS":735937104.28,"TOTAL_LIABILITIES":191822052.8,"TAX_EBT":7.321884427942,"OCF_SALES":15.296536678484,"TOTAL_PARENT_EQUITY":544308597.7,"DEBT_ASSET_RATIO":26.0650063279,"OPERATE_PROFIT":31546343.5,"PRETAX_PROFIT":29135044.96,"NETCASH_OPERATE":118520436.58,"NETCASH_INVEST":-9516726.8,"NETCASH_FINANCE":-41030108.28,"END_CASH":215890243.66,"DIVI_RATIO":-1.281360379461,"DIVIDEND_RATE":8.695652173913,"CURRENT_RATIO":2.969227384939,"COMMON_ACS":2000000000,"CURRENTDEBT_DEBT":72.106097990835,"ISSUED_COMMON_SHARES":1185318349,"HK_COMMON_SHARES":1185318349,"PER_SHARES":2000,"TOTAL_MARKET_CAP":136311610.135,"HKSK_MARKET_CAP":136311610.135,"PE_TTM":16.735618187231,"PB_TTM":0.198846424475,"REPORT_DATE_SQ":"2019-12-31 00:00:00","REPORT_TYPE_SQ":"2019年年报","OPERATE_INCOME_SQ":804328282.6,"DPS_HKD":0.01,"OPERATE_INCOME_QOQ_SQ":0,"NET_PROFIT_RATIO_SQ":-3.6032116397,"HOLDER_PROFIT_SQ":-26582274.1,"HOLDER_PROFIT_QOQ_SQ":0,"ROE_AVG_SQ":-4.664223372259,"PE_TTM_SQ":4.269585819726,"PB_TTM_SQ":0.254133487697,"ROA_SQ":-3.513734337626,"START_DATE":"2020-04-01 00:00:00","FISCAL_YEAR":"3-31","CURRENCY":"HKD","IS_CNY_CODE":0,"DPS_HKD_LY":null,"ORG_TYPE":"一般企业","PREMIUM_INCOME":null,"PREMIUM_INCOME_YOY":null,"NET_INTEREST_INCOME":null,"NET_INTEREST_INCOME_YOY":null,"FEE_COMMISSION_INCOME":null,"FEE_COMMISSION_INCOME_YOY":null,"ACCOUNTS_RECE_TDAYS":20.48488911234,"INVENTORY_TDAYS":5.149126307688,"CURRENT_ASSETS_TDAYS":1.968903459836,"TOTAL_ASSETS_TDAYS":1.082280468542,"PREMIUM_EXPENSE":null,"LOAN_DEPOSIT":null,"LOAN_EQUITY":null,"LOAN_ASSETS":null,"DEPOSIT_EQUITY":null,"DEPOSIT_ASSETS":null,"EQUITY_MULTIPLIER":1.35253950847,"EQUITY_RATIO":0.352414151844},{"SECUCODE":"01123.HK","SECURITY_CODE":"01123","SECURITY_NAME_ABBR":"中港照相","ORG_CODE":"10010499","STD_REPORT_DATE":"2020-06-30 00:00:00","REPORT_DATE":"2020-09-30 00:00:00","DATE_TYPE_CODE":"002","REPORT_TYPE":"2020年中报","PER_NETCASH_OPERATE":0.07815171551,"PER_OI":0.33509456967,"BPS":0.465052376845,"BASIC_EPS":0.013795904,"DILUTED_EPS":0.013795904,"OPERATE_INCOME":397193742.08,"OPERATE_INCOME_YOY":-5.0759683736,"GROSS_PROFIT":86512620.16,"GROSS_PROFIT_YOY":-14.682892775393,"HOLDER_PROFIT":16403066.24,"HOLDER_PROFIT_YOY":1038.9839034205,"GROSS_PROFIT_RATIO":21.780962536559,"EPS_TTM":-0.022426274024,"OPERATE_INCOME_QOQ":0,"NET_PROFIT_RATIO":3.9903631303,"ROE_AVG":3.024492279176,"GROSS_PROFIT_QOQ":0,"ROA":2.247277582181,"HOLDER_PROFIT_QOQ":0,"ROE_YEARLY":6.048984558352,"ROIC_YEARLY":6.286195844618,"TOTAL_ASSETS":736312000.64,"TOTAL_LIABILITIES":184349304.96,"TAX_EBT":3.730785653288,"OCF_SALES":23.322286477853,"TOTAL_PARENT_EQUITY":551235115.52,"DEBT_ASSET_RATIO":25.0368464455,"OPERATE_PROFIT":17693027.2,"PRETAX_PROFIT":16463697.92,"NETCASH_OPERATE":92634662.4,"NETCASH_INVEST":-4059686.4,"NETCASH_FINANCE":-22135835.52,"END_CASH":220585081.6,"DIVI_RATIO":-0.40423567421,"DIVIDEND_RATE":8.695652173913,"CURRENT_RATIO":3.136446916515,"COMMON_ACS":2000000000,"CURRENTDEBT_DEBT":72.585357948073,"ISSUED_COMMON_SHARES":1185318349,"HK_COMMON_SHARES":1185318349,"PER_SHARES":2000,"TOTAL_MARKET_CAP":136311610.135,"HKSK_MARKET_CAP":136311610.135,"PE_TTM":16.735618187231,"PB_TTM":0.198846424475,"REPORT_DATE_SQ":"2019-06-30 00:00:00","REPORT_TYPE_SQ":"2019年中报","OPERATE_INCOME_SQ":429523631.85,"DPS_HKD":0.01,"OPERATE_INCOME_QOQ_SQ":0,"NET_PROFIT_RATIO_SQ":-0.5737265979,"HOLDER_PROFIT_SQ":-1793195.88,"HOLDER_PROFIT_QOQ_SQ":0,"ROE_AVG_SQ":-0.312107265678,"PE_TTM_SQ":4.269585819726,"PB_TTM_SQ":0.254133487697,"ROA_SQ":-0.230891493193,"START_DATE":"2020-04-01 00:00:00","FISCAL_YEAR":"3-31","CURRENCY":"HKD","IS_CNY_CODE":0,"DPS_HKD_LY":null,"ORG_TYPE":"一般企业","PREMIUM_INCOME":null,"PREMIUM_INCOME_YOY":null,"NET_INTEREST_INCOME":null,"NET_INTEREST_INCOME_YOY":null,"FEE_COMMISSION_INCOME":null,"FEE_COMMISSION_INCOME_YOY":null,"ACCOUNTS_RECE_TDAYS":10.299379094275,"INVENTORY_TDAYS":2.487440067258,"CURRENT_ASSETS_TDAYS":0.979525941464,"TOTAL_ASSETS_TDAYS":0.544169351814,"PREMIUM_EXPENSE":null,"LOAN_DEPOSIT":null,"LOAN_EQUITY":null,"LOAN_ASSETS":null,"DEPOSIT_EQUITY":null,"DEPOSIT_ASSETS":null,"EQUITY_MULTIPLIER":1.333988703227,"EQUITY_RATIO":0.334429537904}],"count":47},"success":true,"message":"ok","code":0}