{"version":"b8e5f43fbc8198faaa6a493bb0ecd7ff","result":{"pages":6,"data":[{"SECUCODE":"01120.HK","SECURITY_CODE":"01120","SECURITY_NAME_ABBR":"雅视光学","ORG_CODE":"10010497","STD_REPORT_DATE":"2024-06-30 00:00:00","REPORT_DATE":"2024-06-30 00:00:00","DATE_TYPE_CODE":"002","REPORT_TYPE":"2024年中报","PER_NETCASH_OPERATE":0.066686539221,"PER_OI":1.432814274335,"BPS":1.221124739722,"BASIC_EPS":0.005841152,"DILUTED_EPS":0.005841152,"OPERATE_INCOME":553443675.92,"OPERATE_INCOME_YOY":7.0508814484,"GROSS_PROFIT":157016554.52,"GROSS_PROFIT_YOY":-0.539257888836,"HOLDER_PROFIT":2245192.8,"HOLDER_PROFIT_YOY":-88.6505190311,"GROSS_PROFIT_RATIO":28.370828207403,"EPS_TTM":0.074481286232,"OPERATE_INCOME_QOQ":2.876475084007,"NET_PROFIT_RATIO":0.9126079744,"ROE_AVG":0.464709471572,"GROSS_PROFIT_QOQ":-0.25321858615,"ROA":0.195146871819,"HOLDER_PROFIT_QOQ":-38.141135331143,"ROE_YEARLY":0.929418943145,"ROIC_YEARLY":0.477284599859,"TOTAL_ASSETS":1135952559.12,"TOTAL_LIABILITIES":580040996.48,"TAX_EBT":50.103687674691,"OCF_SALES":4.654234705489,"TOTAL_PARENT_EQUITY":471675762.04,"DEBT_ASSET_RATIO":51.062079294,"OPERATE_PROFIT":7258544.04,"PRETAX_PROFIT":10122533.88,"NETCASH_OPERATE":25758567.64,"NETCASH_INVEST":-60458661.24,"NETCASH_FINANCE":11900434.52,"END_CASH":112743360.4,"DIVI_RATIO":0.608354155681,"DIVIDEND_RATE":3.649635036496,"CURRENT_RATIO":1.137708954792,"COMMON_ACS":1000000000,"CURRENTDEBT_DEBT":95.210184788903,"ISSUED_COMMON_SHARES":386263374,"HK_COMMON_SHARES":386263374,"PER_SHARES":2000,"TOTAL_MARKET_CAP":529180822.38,"HKSK_MARKET_CAP":529180822.38,"PE_TTM":16.482303070454,"PB_TTM":1.023950755665,"REPORT_DATE_SQ":"2023-06-30 00:00:00","REPORT_TYPE_SQ":"2023年中报","OPERATE_INCOME_SQ":522259258.92,"DPS_HKD":0.05,"OPERATE_INCOME_QOQ_SQ":2.563649260983,"NET_PROFIT_RATIO_SQ":4.3246230056,"HOLDER_PROFIT_SQ":19983916.5,"HOLDER_PROFIT_QOQ_SQ":-4.252616710453,"ROE_AVG_SQ":4.192805204301,"PE_TTM_SQ":3.112084749125,"PB_TTM_SQ":0.652906730329,"ROA_SQ":1.954105785866,"START_DATE":"2024-01-01 00:00:00","FISCAL_YEAR":"12-31","CURRENCY":"HKD","IS_CNY_CODE":0,"DPS_HKD_LY":0.05,"ORG_TYPE":"一般企业","PREMIUM_INCOME":null,"PREMIUM_INCOME_YOY":null,"NET_INTEREST_INCOME":null,"NET_INTEREST_INCOME_YOY":null,"FEE_COMMISSION_INCOME":null,"FEE_COMMISSION_INCOME_YOY":null,"ACCOUNTS_RECE_TDAYS":1.502997225228,"INVENTORY_TDAYS":2.47809901442,"CURRENT_ASSETS_TDAYS":0.844675178506,"TOTAL_ASSETS_TDAYS":0.481040212155,"PREMIUM_EXPENSE":null,"LOAN_DEPOSIT":null,"LOAN_EQUITY":null,"LOAN_ASSETS":null,"DEPOSIT_EQUITY":null,"DEPOSIT_ASSETS":null,"EQUITY_MULTIPLIER":2.043405166328,"EQUITY_RATIO":1.229745183368},{"SECUCODE":"01120.HK","SECURITY_CODE":"01120","SECURITY_NAME_ABBR":"雅视光学","ORG_CODE":"10010497","STD_REPORT_DATE":"2023-12-31 00:00:00","REPORT_DATE":"2023-12-31 00:00:00","DATE_TYPE_CODE":"001","REPORT_TYPE":"2023年年报","PER_NETCASH_OPERATE":0.159824692724,"PER_OI":2.806683768003,"BPS":1.271416070269,"BASIC_EPS":0.120436638,"DILUTED_EPS":0.120436638,"OPERATE_INCOME":1084119141.98,"OPERATE_INCOME_YOY":4.5630507044,"GROSS_PROFIT":336197651.58,"GROSS_PROFIT_YOY":20.394013528783,"HOLDER_PROFIT":46508116.62,"HOLDER_PROFIT_YOY":-55.2847795213,"GROSS_PROFIT_RATIO":31.011135082993,"EPS_TTM":0.120405194358,"OPERATE_INCOME_QOQ":3.427416060649,"NET_PROFIT_RATIO":4.7392437907,"ROE_AVG":9.672804719453,"GROSS_PROFIT_QOQ":12.154574620926,"ROA":4.335091297423,"HOLDER_PROFIT_QOQ":-52.621712753639,"ROE_YEARLY":9.672804719453,"ROIC_YEARLY":5.555621709803,"TOTAL_ASSETS":1156829703.68,"TOTAL_LIABILITIES":584272657.92,"TAX_EBT":0.284920327834,"OCF_SALES":5.69443178978,"TOTAL_PARENT_EQUITY":491101461.06,"DEBT_ASSET_RATIO":50.5063671914,"OPERATE_PROFIT":38124675.4,"PRETAX_PROFIT":51525856.76,"NETCASH_OPERATE":61734425.06,"NETCASH_INVEST":-67072967.08,"NETCASH_FINANCE":-30111878.16,"END_CASH":137349421.86,"DIVI_RATIO":0.37632097387,"DIVIDEND_RATE":5,"CURRENT_RATIO":1.217327710753,"COMMON_ACS":1000000000,"CURRENTDEBT_DEBT":95.225487641453,"ISSUED_COMMON_SHARES":386263374,"HK_COMMON_SHARES":386263374,"PER_SHARES":2000,"TOTAL_MARKET_CAP":386263374,"HKSK_MARKET_CAP":386263374,"PE_TTM":12.030878153616,"PB_TTM":0.747409310704,"REPORT_DATE_SQ":"2022-12-31 00:00:00","REPORT_TYPE_SQ":"2022年年报","OPERATE_INCOME_SQ":1021992886.81,"DPS_HKD":0.05,"OPERATE_INCOME_QOQ_SQ":2.35564249408,"NET_PROFIT_RATIO_SQ":10.4904016509,"HOLDER_PROFIT_SQ":102523277.71,"HOLDER_PROFIT_QOQ_SQ":123.190636153973,"ROE_AVG_SQ":23.595209950147,"PE_TTM_SQ":2.969000392843,"PB_TTM_SQ":0.622888030084,"ROA_SQ":10.367996906936,"START_DATE":"2023-01-01 00:00:00","FISCAL_YEAR":"12-31","CURRENCY":"HKD","IS_CNY_CODE":0,"DPS_HKD_LY":0.05,"ORG_TYPE":"一般企业","PREMIUM_INCOME":null,"PREMIUM_INCOME_YOY":null,"NET_INTEREST_INCOME":null,"NET_INTEREST_INCOME_YOY":null,"FEE_COMMISSION_INCOME":null,"FEE_COMMISSION_INCOME_YOY":null,"ACCOUNTS_RECE_TDAYS":3.202767697347,"INVENTORY_TDAYS":5.302886221697,"CURRENT_ASSETS_TDAYS":1.705591927049,"TOTAL_ASSETS_TDAYS":1.010523710553,"PREMIUM_EXPENSE":null,"LOAN_DEPOSIT":null,"LOAN_EQUITY":null,"LOAN_ASSETS":null,"DEPOSIT_EQUITY":null,"DEPOSIT_ASSETS":null,"EQUITY_MULTIPLIER":2.020461912479,"EQUITY_RATIO":1.189718834595},{"SECUCODE":"01120.HK","SECURITY_CODE":"01120","SECURITY_NAME_ABBR":"雅视光学","ORG_CODE":"10010497","STD_REPORT_DATE":"2023-06-30 00:00:00","REPORT_DATE":"2023-06-30 00:00:00","DATE_TYPE_CODE":"002","REPORT_TYPE":"2023年中报","PER_NETCASH_OPERATE":0.141174418209,"PER_OI":1.352080715062,"BPS":1.22854086616,"BASIC_EPS":0.051723078,"DILUTED_EPS":0.051723078,"OPERATE_INCOME":522259258.92,"OPERATE_INCOME_YOY":-2.3451143595,"GROSS_PROFIT":157867869.46,"GROSS_PROFIT_YOY":14.935938899004,"HOLDER_PROFIT":19983916.5,"HOLDER_PROFIT_YOY":-23.8565305979,"GROSS_PROFIT_RATIO":30.227873754974,"EPS_TTM":0.254135810635,"OPERATE_INCOME_QOQ":2.563649260983,"NET_PROFIT_RATIO":4.3246230056,"ROE_AVG":4.192805204301,"GROSS_PROFIT_QOQ":7.346502749179,"ROA":1.954105785866,"HOLDER_PROFIT_QOQ":-4.252616710453,"ROE_YEARLY":8.385610408603,"ROIC_YEARLY":5.177612410026,"TOTAL_ASSETS":1039301033.02,"TOTAL_LIABILITIES":482683267.42,"TAX_EBT":22.379594423321,"OCF_SALES":10.441271488947,"TOTAL_PARENT_EQUITY":474540340.06,"DEBT_ASSET_RATIO":46.4430662613,"OPERATE_PROFIT":20874549.18,"PRETAX_PROFIT":29097688.8,"NETCASH_OPERATE":54530507.1,"NETCASH_INVEST":-26671959.42,"NETCASH_FINANCE":-41630162.94,"END_CASH":162367131.86,"DIVI_RATIO":0.178294431969,"DIVIDEND_RATE":5,"CURRENT_RATIO":1.343482193534,"COMMON_ACS":1000000000,"CURRENTDEBT_DEBT":95.240378278949,"ISSUED_COMMON_SHARES":386263374,"HK_COMMON_SHARES":386263374,"PER_SHARES":2000,"TOTAL_MARKET_CAP":386263374,"HKSK_MARKET_CAP":386263374,"PE_TTM":12.030878153616,"PB_TTM":0.747409310704,"REPORT_DATE_SQ":"2022-06-30 00:00:00","REPORT_TYPE_SQ":"2022年中报","OPERATE_INCOME_SQ":496058945.83,"DPS_HKD":0.05,"OPERATE_INCOME_QOQ_SQ":5.922474521599,"NET_PROFIT_RATIO_SQ":5.3465435293,"HOLDER_PROFIT_SQ":24343838.54,"HOLDER_PROFIT_QOQ_SQ":171.41589889579,"ROE_AVG_SQ":6.231154238908,"PE_TTM_SQ":2.969000392843,"PB_TTM_SQ":0.622888030084,"ROA_SQ":2.584927762593,"START_DATE":"2023-01-01 00:00:00","FISCAL_YEAR":"12-31","CURRENCY":"HKD","IS_CNY_CODE":0,"DPS_HKD_LY":0.05,"ORG_TYPE":"一般企业","PREMIUM_INCOME":null,"PREMIUM_INCOME_YOY":null,"NET_INTEREST_INCOME":null,"NET_INTEREST_INCOME_YOY":null,"FEE_COMMISSION_INCOME":null,"FEE_COMMISSION_INCOME_YOY":null,"ACCOUNTS_RECE_TDAYS":null,"INVENTORY_TDAYS":2.965900478024,"CURRENT_ASSETS_TDAYS":0.854830713928,"TOTAL_ASSETS_TDAYS":0.510685600382,"PREMIUM_EXPENSE":null,"LOAN_DEPOSIT":null,"LOAN_EQUITY":null,"LOAN_ASSETS":null,"DEPOSIT_EQUITY":null,"DEPOSIT_ASSETS":null,"EQUITY_MULTIPLIER":1.867171867753,"EQUITY_RATIO":1.017159610412},{"SECUCODE":"01120.HK","SECURITY_CODE":"01120","SECURITY_NAME_ABBR":"雅视光学","ORG_CODE":"10010497","STD_REPORT_DATE":"2022-12-31 00:00:00","REPORT_DATE":"2022-12-31 00:00:00","DATE_TYPE_CODE":"001","REPORT_TYPE":"2022年年报","PER_NETCASH_OPERATE":0.230898541988,"PER_OI":2.645844663517,"BPS":1.200737633463,"BASIC_EPS":0.265390517,"DILUTED_EPS":0.265390517,"OPERATE_INCOME":1021992886.81,"OPERATE_INCOME_YOY":-0.7665613418,"GROSS_PROFIT":279247814.51,"GROSS_PROFIT_YOY":12.512315857659,"HOLDER_PROFIT":102523277.71,"HOLDER_PROFIT_YOY":454.4589371981,"GROSS_PROFIT_RATIO":27.323851086834,"EPS_TTM":0.265423243856,"OPERATE_INCOME_QOQ":2.35564249408,"NET_PROFIT_RATIO":10.4904016509,"ROE_AVG":23.595209950147,"GROSS_PROFIT_QOQ":2.571297486252,"ROA":10.367996906936,"HOLDER_PROFIT_QOQ":123.190636153973,"ROE_YEARLY":23.595209950147,"ROIC_YEARLY":13.438595874973,"TOTAL_ASSETS":974697813.39,"TOTAL_LIABILITIES":433421750.16,"TAX_EBT":5.553282236107,"OCF_SALES":8.726836657189,"TOTAL_PARENT_EQUITY":463800969.59,"DEBT_ASSET_RATIO":44.4672948073,"OPERATE_PROFIT":109861490.76,"PRETAX_PROFIT":113514965.06,"NETCASH_OPERATE":89187649.88,"NETCASH_INVEST":37223454.17,"NETCASH_FINANCE":-58346609.86,"END_CASH":169462251.7,"DIVI_RATIO":0.170712253161,"DIVIDEND_RATE":5,"CURRENT_RATIO":1.416169708912,"COMMON_ACS":1000000000,"CURRENTDEBT_DEBT":95.385071969135,"ISSUED_COMMON_SHARES":386263374,"HK_COMMON_SHARES":386263374,"PER_SHARES":2000,"TOTAL_MARKET_CAP":386263374,"HKSK_MARKET_CAP":386263374,"PE_TTM":12.030878153616,"PB_TTM":0.747409310704,"REPORT_DATE_SQ":"2021-12-31 00:00:00","REPORT_TYPE_SQ":"2021年年报","OPERATE_INCOME_SQ":942644561.6,"DPS_HKD":0.05,"OPERATE_INCOME_QOQ_SQ":25.498425721198,"NET_PROFIT_RATIO_SQ":2.2453013641,"HOLDER_PROFIT_SQ":16924320,"HOLDER_PROFIT_QOQ_SQ":104.849573669879,"ROE_AVG_SQ":4.703599389668,"PE_TTM_SQ":2.969000392843,"PB_TTM_SQ":0.622888030084,"ROA_SQ":2.032195075019,"START_DATE":"2022-01-01 00:00:00","FISCAL_YEAR":"12-31","CURRENCY":"HKD","IS_CNY_CODE":0,"DPS_HKD_LY":null,"ORG_TYPE":"一般企业","PREMIUM_INCOME":null,"PREMIUM_INCOME_YOY":null,"NET_INTEREST_INCOME":null,"NET_INTEREST_INCOME_YOY":null,"FEE_COMMISSION_INCOME":null,"FEE_COMMISSION_INCOME_YOY":null,"ACCOUNTS_RECE_TDAYS":3.421667613721,"INVENTORY_TDAYS":5.379549057031,"CURRENT_ASSETS_TDAYS":1.739376921276,"TOTAL_ASSETS_TDAYS":1.033523247211,"PREMIUM_EXPENSE":null,"LOAN_DEPOSIT":null,"LOAN_EQUITY":null,"LOAN_ASSETS":null,"DEPOSIT_EQUITY":null,"DEPOSIT_ASSETS":null,"EQUITY_MULTIPLIER":1.800740656393,"EQUITY_RATIO":0.934499448208},{"SECUCODE":"01120.HK","SECURITY_CODE":"01120","SECURITY_NAME_ABBR":"雅视光学","ORG_CODE":"10010497","STD_REPORT_DATE":"2022-06-30 00:00:00","REPORT_DATE":"2022-06-30 00:00:00","DATE_TYPE_CODE":"002","REPORT_TYPE":"2022年中报","PER_NETCASH_OPERATE":0.113839836702,"PER_OI":1.284250537899,"BPS":1.018518717905,"BASIC_EPS":0.063027503,"DILUTED_EPS":0.063027503,"OPERATE_INCOME":496058945.83,"OPERATE_INCOME_YOY":9.6364773859,"GROSS_PROFIT":137352921.09,"GROSS_PROFIT_YOY":21.231004938916,"HOLDER_PROFIT":24343838.54,"HOLDER_PROFIT_YOY":607.5057942592,"GROSS_PROFIT_RATIO":27.688830580443,"EPS_TTM":0.11892221306,"OPERATE_INCOME_QOQ":5.922474521599,"NET_PROFIT_RATIO":5.3465435293,"ROE_AVG":6.231154238908,"GROSS_PROFIT_QOQ":9.69181302668,"ROA":2.584927762593,"HOLDER_PROFIT_QOQ":171.41589889579,"ROE_YEARLY":12.462308477815,"ROIC_YEARLY":6.529850104316,"TOTAL_ASSETS":923289634.89,"TOTAL_LIABILITIES":457384688.46,"TAX_EBT":8.830878678308,"OCF_SALES":8.864301266944,"TOTAL_PARENT_EQUITY":393416476.46,"DEBT_ASSET_RATIO":49.5385923524,"OPERATE_PROFIT":27968133.76,"PRETAX_PROFIT":29090998.23,"NETCASH_OPERATE":43972159.42,"NETCASH_INVEST":-5071276.7,"NETCASH_FINANCE":-26869214.61,"END_CASH":123568968.67,"DIVI_RATIO":0.381013763823,"DIVIDEND_RATE":5,"CURRENT_RATIO":1.276507655351,"COMMON_ACS":1000000000,"CURRENTDEBT_DEBT":95.424374665784,"ISSUED_COMMON_SHARES":386263374,"HK_COMMON_SHARES":386263374,"PER_SHARES":2000,"TOTAL_MARKET_CAP":386263374,"HKSK_MARKET_CAP":386263374,"PE_TTM":12.030878153616,"PB_TTM":0.747409310704,"REPORT_DATE_SQ":"2021-06-30 00:00:00","REPORT_TYPE_SQ":"2021年中报","OPERATE_INCOME_SQ":440231061.84,"DPS_HKD":0.05,"OPERATE_INCOME_QOQ_SQ":20.176028861967,"NET_PROFIT_RATIO_SQ":-0.47876191,"HOLDER_PROFIT_SQ":-4667136.72,"HOLDER_PROFIT_QOQ_SQ":18.986842017918,"ROE_AVG_SQ":-1.311342799596,"PE_TTM_SQ":2.969000392843,"PB_TTM_SQ":0.622888030084,"ROA_SQ":-0.572775936262,"START_DATE":"2022-01-01 00:00:00","FISCAL_YEAR":"12-31","CURRENCY":"HKD","IS_CNY_CODE":0,"DPS_HKD_LY":null,"ORG_TYPE":"一般企业","PREMIUM_INCOME":null,"PREMIUM_INCOME_YOY":null,"NET_INTEREST_INCOME":null,"NET_INTEREST_INCOME_YOY":null,"FEE_COMMISSION_INCOME":null,"FEE_COMMISSION_INCOME_YOY":null,"ACCOUNTS_RECE_TDAYS":null,"INVENTORY_TDAYS":2.536570321028,"CURRENT_ASSETS_TDAYS":0.884511664114,"TOTAL_ASSETS_TDAYS":0.526735559329,"PREMIUM_EXPENSE":null,"LOAN_DEPOSIT":null,"LOAN_EQUITY":null,"LOAN_ASSETS":null,"DEPOSIT_EQUITY":null,"DEPOSIT_ASSETS":null,"EQUITY_MULTIPLIER":1.981712454364,"EQUITY_RATIO":1.162596677637},{"SECUCODE":"01120.HK","SECURITY_CODE":"01120","SECURITY_NAME_ABBR":"雅视光学","ORG_CODE":"10010497","STD_REPORT_DATE":"2021-12-31 00:00:00","REPORT_DATE":"2021-12-31 00:00:00","DATE_TYPE_CODE":"001","REPORT_TYPE":"2021年年报","PER_NETCASH_OPERATE":-0.094726131606,"PER_OI":2.440419219245,"BPS":0.960200644858,"BASIC_EPS":0.04382336,"DILUTED_EPS":0.04382336,"OPERATE_INCOME":942644561.6,"OPERATE_INCOME_YOY":55.2535758627,"GROSS_PROFIT":248193108.8,"GROSS_PROFIT_YOY":81.799949857391,"HOLDER_PROFIT":16924320,"HOLDER_PROFIT_YOY":104.0443115878,"GROSS_PROFIT_RATIO":26.329447907569,"EPS_TTM":0.043815492587,"OPERATE_INCOME_QOQ":25.498425721198,"NET_PROFIT_RATIO":2.2453013641,"ROE_AVG":4.703599389668,"GROSS_PROFIT_QOQ":24.876584471279,"ROA":2.032195075019,"HOLDER_PROFIT_QOQ":104.849573669879,"ROE_YEARLY":4.703599389668,"ROIC_YEARLY":2.664132094619,"TOTAL_ASSETS":918024990.4,"TOTAL_LIABILITIES":476249547.2,"TAX_EBT":20.072248981104,"OCF_SALES":-3.881551614523,"TOTAL_PARENT_EQUITY":370890340.8,"DEBT_ASSET_RATIO":51.8776233959,"OPERATE_PROFIT":23204305.6,"PRETAX_PROFIT":26480428.8,"NETCASH_OPERATE":-36589235.2,"NETCASH_INVEST":-73457272,"NETCASH_FINANCE":41422886.4,"END_CASH":111975225.6,"DIVI_RATIO":1.034131931996,"DIVIDEND_RATE":5,"CURRENT_RATIO":1.184129472734,"COMMON_ACS":1000000000,"CURRENTDEBT_DEBT":95.701952113058,"ISSUED_COMMON_SHARES":386263374,"HK_COMMON_SHARES":386263374,"PER_SHARES":2000,"TOTAL_MARKET_CAP":386263374,"HKSK_MARKET_CAP":386263374,"PE_TTM":12.030878153616,"PB_TTM":0.747409310704,"REPORT_DATE_SQ":"2020-12-31 00:00:00","REPORT_TYPE_SQ":"2020年年报","OPERATE_INCOME_SQ":625017013.52,"DPS_HKD":0.05,"OPERATE_INCOME_QOQ_SQ":-18.483994224212,"NET_PROFIT_RATIO_SQ":-69.0604052151,"HOLDER_PROFIT_SQ":-430776601.2,"HOLDER_PROFIT_QOQ_SQ":-168.253376690743,"ROE_AVG_SQ":-77.36233772319,"PE_TTM_SQ":2.969000392843,"PB_TTM_SQ":0.622888030084,"ROA_SQ":-45.226570245524,"START_DATE":"2021-01-01 00:00:00","FISCAL_YEAR":"12-31","CURRENCY":"HKD","IS_CNY_CODE":0,"DPS_HKD_LY":null,"ORG_TYPE":"一般企业","PREMIUM_INCOME":null,"PREMIUM_INCOME_YOY":null,"NET_INTEREST_INCOME":null,"NET_INTEREST_INCOME_YOY":null,"FEE_COMMISSION_INCOME":null,"FEE_COMMISSION_INCOME_YOY":null,"ACCOUNTS_RECE_TDAYS":null,"INVENTORY_TDAYS":5.509145392279,"CURRENT_ASSETS_TDAYS":1.873118560825,"TOTAL_ASSETS_TDAYS":1.131884551685,"PREMIUM_EXPENSE":null,"LOAN_DEPOSIT":null,"LOAN_EQUITY":null,"LOAN_ASSETS":null,"DEPOSIT_EQUITY":null,"DEPOSIT_ASSETS":null,"EQUITY_MULTIPLIER":2.07803535604,"EQUITY_RATIO":1.284071044214},{"SECUCODE":"01120.HK","SECURITY_CODE":"01120","SECURITY_NAME_ABBR":"雅视光学","ORG_CODE":"10010497","STD_REPORT_DATE":"2021-06-30 00:00:00","REPORT_DATE":"2021-06-30 00:00:00","DATE_TYPE_CODE":"002","REPORT_TYPE":"2021年中报","PER_NETCASH_OPERATE":-0.077821828585,"PER_OI":1.139717331419,"BPS":0.923959187495,"BASIC_EPS":-0.01206516,"DILUTED_EPS":-0.01206516,"OPERATE_INCOME":440231061.84,"OPERATE_INCOME_YOY":53.8472498873,"GROSS_PROFIT":113298509.04,"GROSS_PROFIT_YOY":121.859474870534,"HOLDER_PROFIT":-4667136.72,"HOLDER_PROFIT_YOY":94.0740192919,"GROSS_PROFIT_RATIO":25.736146051679,"EPS_TTM":-0.903491638014,"OPERATE_INCOME_QOQ":20.176028861967,"NET_PROFIT_RATIO":-0.47876191,"ROE_AVG":-1.311342799596,"GROSS_PROFIT_QOQ":45.583698198603,"ROA":-0.572775936262,"HOLDER_PROFIT_QOQ":18.986842017918,"ROE_YEARLY":-2.622685599193,"ROIC_YEARLY":-1.526443338037,"TOTAL_ASSETS":868820492.4,"TOTAL_LIABILITIES":442510961.04,"TAX_EBT":408.150851581509,"OCF_SALES":-6.828169269647,"TOTAL_PARENT_EQUITY":356891593.2,"DEBT_ASSET_RATIO":50.9323807289,"OPERATE_PROFIT":-901142.64,"PRETAX_PROFIT":683969.76,"NETCASH_OPERATE":-30059722.08,"NETCASH_INVEST":-30856022.64,"NETCASH_FINANCE":1852210.08,"END_CASH":124106396.16,"DIVI_RATIO":-0.050150989886,"DIVIDEND_RATE":5,"CURRENT_RATIO":1.17587125569,"COMMON_ACS":1000000000,"CURRENTDEBT_DEBT":95.636060043662,"ISSUED_COMMON_SHARES":386263374,"HK_COMMON_SHARES":386263374,"PER_SHARES":2000,"TOTAL_MARKET_CAP":386263374,"HKSK_MARKET_CAP":386263374,"PE_TTM":12.030878153616,"PB_TTM":0.747409310704,"REPORT_DATE_SQ":"2020-06-30 00:00:00","REPORT_TYPE_SQ":"2020年中报","OPERATE_INCOME_SQ":314127448.8,"DPS_HKD":0.05,"OPERATE_INCOME_QOQ_SQ":-17.773328568228,"NET_PROFIT_RATIO_SQ":-27.9224763373,"HOLDER_PROFIT_SQ":-86458009.44,"HOLDER_PROFIT_QOQ_SQ":-31.533138107206,"ROE_AVG_SQ":-11.213291371307,"PE_TTM_SQ":2.969000392843,"PB_TTM_SQ":0.622888030084,"ROA_SQ":-7.413574805234,"START_DATE":"2021-01-01 00:00:00","FISCAL_YEAR":"12-31","CURRENCY":"HKD","IS_CNY_CODE":0,"DPS_HKD_LY":null,"ORG_TYPE":"一般企业","PREMIUM_INCOME":null,"PREMIUM_INCOME_YOY":null,"NET_INTEREST_INCOME":null,"NET_INTEREST_INCOME_YOY":null,"FEE_COMMISSION_INCOME":null,"FEE_COMMISSION_INCOME_YOY":null,"ACCOUNTS_RECE_TDAYS":null,"INVENTORY_TDAYS":2.958236396901,"CURRENT_ASSETS_TDAYS":0.905182008012,"TOTAL_ASSETS_TDAYS":0.54027506316,"PREMIUM_EXPENSE":null,"LOAN_DEPOSIT":null,"LOAN_EQUITY":null,"LOAN_ASSETS":null,"DEPOSIT_EQUITY":null,"DEPOSIT_ASSETS":null,"EQUITY_MULTIPLIER":2.038003911449,"EQUITY_RATIO":1.239903011086},{"SECUCODE":"01120.HK","SECURITY_CODE":"01120","SECURITY_NAME_ABBR":"雅视光学","ORG_CODE":"10010497","STD_REPORT_DATE":"2020-12-31 00:00:00","REPORT_DATE":"2020-12-31 00:00:00","DATE_TYPE_CODE":"001","REPORT_TYPE":"2020年年报","PER_NETCASH_OPERATE":0.107695684965,"PER_OI":1.618110997808,"BPS":0.929408575404,"BASIC_EPS":-1.115257164,"DILUTED_EPS":-1.115257164,"OPERATE_INCOME":625017013.52,"OPERATE_INCOME_YOY":-28.6604121956,"GROSS_PROFIT":136519899.48,"GROSS_PROFIT_YOY":-15.018440303022,"HOLDER_PROFIT":-430776601.2,"HOLDER_PROFIT_YOY":-275.5392833035,"GROSS_PROFIT_RATIO":21.842589325871,"EPS_TTM":-1.115240610931,"OPERATE_INCOME_QOQ":-18.483994224212,"NET_PROFIT_RATIO":-69.0604052151,"ROE_AVG":-77.36233772319,"GROSS_PROFIT_QOQ":12.389115489123,"ROA":-45.226570245524,"HOLDER_PROFIT_QOQ":-168.253376690743,"ROE_YEARLY":-77.36233772319,"ROIC_YEARLY":-59.004759415221,"TOTAL_ASSETS":769576258.28,"TOTAL_LIABILITIES":374904329.8,"TAX_EBT":-0.10853036996,"OCF_SALES":6.655642604946,"TOTAL_PARENT_EQUITY":358996492.16,"DEBT_ASSET_RATIO":48.7156829185,"OPERATE_PROFIT":-434516849.36,"PRETAX_PROFIT":-431171330.36,"NETCASH_OPERATE":41598898.64,"NETCASH_INVEST":-79060295.04,"NETCASH_FINANCE":3087135.52,"END_CASH":178901523.32,"DIVI_RATIO":-0.040628900666,"DIVIDEND_RATE":5,"CURRENT_RATIO":1.315683590509,"COMMON_ACS":1000000000,"CURRENTDEBT_DEBT":97.418087530447,"ISSUED_COMMON_SHARES":386263374,"HK_COMMON_SHARES":386263374,"PER_SHARES":2000,"TOTAL_MARKET_CAP":386263374,"HKSK_MARKET_CAP":386263374,"PE_TTM":12.030878153616,"PB_TTM":0.747409310704,"REPORT_DATE_SQ":"2019-12-31 00:00:00","REPORT_TYPE_SQ":"2019年年报","OPERATE_INCOME_SQ":932472940.36,"DPS_HKD":0.05,"OPERATE_INCOME_QOQ_SQ":-11.85316939124,"NET_PROFIT_RATIO_SQ":-12.656850106,"HOLDER_PROFIT_SQ":-122087647.76,"HOLDER_PROFIT_QOQ_SQ":-100.407878090035,"ROE_AVG_SQ":-14.035723682889,"PE_TTM_SQ":2.969000392843,"PB_TTM_SQ":0.622888030084,"ROA_SQ":-9.426195919386,"START_DATE":"2020-01-01 00:00:00","FISCAL_YEAR":"12-31","CURRENCY":"HKD","IS_CNY_CODE":0,"DPS_HKD_LY":null,"ORG_TYPE":"一般企业","PREMIUM_INCOME":null,"PREMIUM_INCOME_YOY":null,"NET_INTEREST_INCOME":null,"NET_INTEREST_INCOME_YOY":null,"FEE_COMMISSION_INCOME":null,"FEE_COMMISSION_INCOME_YOY":null,"ACCOUNTS_RECE_TDAYS":null,"INVENTORY_TDAYS":4.291663431713,"CURRENT_ASSETS_TDAYS":1.210376452832,"TOTAL_ASSETS_TDAYS":0.656195712299,"PREMIUM_EXPENSE":null,"LOAN_DEPOSIT":null,"LOAN_EQUITY":null,"LOAN_ASSETS":null,"DEPOSIT_EQUITY":null,"DEPOSIT_ASSETS":null,"EQUITY_MULTIPLIER":1.949913846782,"EQUITY_RATIO":1.044311958438},{"SECUCODE":"01120.HK","SECURITY_CODE":"01120","SECURITY_NAME_ABBR":"雅视光学","ORG_CODE":"10010497","STD_REPORT_DATE":"2020-06-30 00:00:00","REPORT_DATE":"2020-06-30 00:00:00","DATE_TYPE_CODE":"002","REPORT_TYPE":"2020年中报","PER_NETCASH_OPERATE":-0.007401859437,"PER_OI":0.813246789482,"BPS":1.871830929536,"BASIC_EPS":-0.2237928,"DILUTED_EPS":-0.2237928,"OPERATE_INCOME":314127448.8,"OPERATE_INCOME_YOY":-36.95841468,"GROSS_PROFIT":51067690.08,"GROSS_PROFIT_YOY":-43.411188417539,"HOLDER_PROFIT":-86458009.44,"HOLDER_PROFIT_YOY":-73.604666092,"GROSS_PROFIT_RATIO":16.256997048518,"EPS_TTM":-0.415741499581,"OPERATE_INCOME_QOQ":-17.773328568228,"NET_PROFIT_RATIO":-27.9224763373,"ROE_AVG":-11.213291371307,"GROSS_PROFIT_QOQ":-24.386307938154,"ROA":-7.413574805234,"HOLDER_PROFIT_QOQ":-31.533138107206,"ROE_YEARLY":-22.426582742613,"ROIC_YEARLY":-18.468776097968,"TOTAL_ASSETS":1100169058.56,"TOTAL_LIABILITIES":339366709.44,"TAX_EBT":-0.956746640873,"OCF_SALES":-0.910161531863,"TOTAL_PARENT_EQUITY":723019730.4,"DEBT_ASSET_RATIO":30.846778211,"OPERATE_PROFIT":-88579930.56,"PRETAX_PROFIT":-86880932.16,"NETCASH_OPERATE":-2859067.2,"NETCASH_INVEST":-48260688.96,"NETCASH_FINANCE":7064544.96,"END_CASH":172223631.36,"DIVI_RATIO":-0.108988397948,"DIVIDEND_RATE":5,"CURRENT_RATIO":1.489125736547,"COMMON_ACS":1000000000,"CURRENTDEBT_DEBT":96.520566528318,"ISSUED_COMMON_SHARES":386263374,"HK_COMMON_SHARES":386263374,"PER_SHARES":2000,"TOTAL_MARKET_CAP":386263374,"HKSK_MARKET_CAP":386263374,"PE_TTM":12.030878153616,"PB_TTM":0.747409310704,"REPORT_DATE_SQ":"2019-06-30 00:00:00","REPORT_TYPE_SQ":"2019年中报","OPERATE_INCOME_SQ":479858928.3,"DPS_HKD":0.05,"OPERATE_INCOME_QOQ_SQ":0.946295793025,"NET_PROFIT_RATIO_SQ":-9.5095370345,"HOLDER_PROFIT_SQ":-47959942.86,"HOLDER_PROFIT_QOQ_SQ":-81.561162501006,"ROE_AVG_SQ":-5.359337899959,"PE_TTM_SQ":2.969000392843,"PB_TTM_SQ":0.622888030084,"ROA_SQ":-3.642567281366,"START_DATE":"2020-01-01 00:00:00","FISCAL_YEAR":"12-31","CURRENCY":"HKD","IS_CNY_CODE":0,"DPS_HKD_LY":null,"ORG_TYPE":"一般企业","PREMIUM_INCOME":null,"PREMIUM_INCOME_YOY":null,"NET_INTEREST_INCOME":null,"NET_INTEREST_INCOME_YOY":null,"FEE_COMMISSION_INCOME":null,"FEE_COMMISSION_INCOME_YOY":null,"ACCOUNTS_RECE_TDAYS":1.370520040012,"INVENTORY_TDAYS":2.441662604125,"CURRENT_ASSETS_TDAYS":0.577900973993,"TOTAL_ASSETS_TDAYS":0.269357038768,"PREMIUM_EXPENSE":null,"LOAN_DEPOSIT":null,"LOAN_EQUITY":null,"LOAN_ASSETS":null,"DEPOSIT_EQUITY":null,"DEPOSIT_ASSETS":null,"EQUITY_MULTIPLIER":1.446064223951,"EQUITY_RATIO":0.469374064318}],"count":48},"success":true,"message":"ok","code":0}