{"version":"6339640b533c0640745371acd8007324","result":{"pages":5,"data":[{"SECUCODE":"01125.HK","SECURITY_CODE":"01125","SECURITY_NAME_ABBR":"丽丰控股","ORG_CODE":"10010501","STD_REPORT_DATE":"2024-12-31 00:00:00","REPORT_DATE":"2024-07-31 00:00:00","DATE_TYPE_CODE":"001","REPORT_TYPE":"2024年年报","PER_NETCASH_OPERATE":1.089051070891,"PER_OI":6.050274530117,"BPS":33.989992739676,"BASIC_EPS":-0.73890824,"DILUTED_EPS":-0.73890824,"OPERATE_INCOME":2002843208.8,"OPERATE_INCOME_YOY":21.7893818974,"GROSS_PROFIT":812878526.32,"GROSS_PROFIT_YOY":-1.43993149469,"HOLDER_PROFIT":-244472677.68,"HOLDER_PROFIT_YOY":54.2223217981,"GROSS_PROFIT_RATIO":40.586228754623,"EPS_TTM":-0.73851353345,"OPERATE_INCOME_QOQ":0,"NET_PROFIT_RATIO":-15.9230309691,"ROE_AVG":-2.133023262412,"GROSS_PROFIT_QOQ":0,"ROA":-0.913765094165,"HOLDER_PROFIT_QOQ":0,"ROE_YEARLY":-2.133023262412,"ROIC_YEARLY":-0.959258869551,"TOTAL_ASSETS":26000512256.88,"TOTAL_LIABILITIES":14397895584.24,"TAX_EBT":249.251530280751,"OCF_SALES":18.000027361902,"TOTAL_PARENT_EQUITY":11251824324.16,"DEBT_ASSET_RATIO":55.3754304607,"OPERATE_PROFIT":794287996.88,"PRETAX_PROFIT":213675091.84,"NETCASH_OPERATE":360512325.6,"NETCASH_INVEST":-238950503.12,"NETCASH_FINANCE":-684883909.36,"END_CASH":926375380,"DIVI_RATIO":null,"DIVIDEND_RATE":null,"CURRENT_RATIO":2.33164051947,"COMMON_ACS":1000000000,"CURRENTDEBT_DEBT":15.474395887402,"ISSUED_COMMON_SHARES":331033443,"HK_COMMON_SHARES":331033443,"PER_SHARES":400,"TOTAL_MARKET_CAP":347585115.15,"HKSK_MARKET_CAP":347585115.15,"PE_TTM":-1.298592316271,"PB_TTM":0.02821501044,"REPORT_DATE_SQ":"2023-12-31 00:00:00","REPORT_TYPE_SQ":"2023年年报","OPERATE_INCOME_SQ":1646332328.7,"DPS_HKD":null,"OPERATE_INCOME_QOQ_SQ":0,"NET_PROFIT_RATIO_SQ":-38.2865410356,"HOLDER_PROFIT_SQ":-534633967.74,"HOLDER_PROFIT_QOQ_SQ":0,"ROE_AVG_SQ":-4.270337357323,"PE_TTM_SQ":-0.962467809414,"PB_TTM_SQ":0.044041426305,"ROA_SQ":-1.829980839412,"START_DATE":"2023-08-01 00:00:00","FISCAL_YEAR":"7-31","CURRENCY":"HKD","IS_CNY_CODE":0,"DPS_HKD_LY":null,"ORG_TYPE":"一般企业","PREMIUM_INCOME":null,"PREMIUM_INCOME_YOY":null,"NET_INTEREST_INCOME":null,"NET_INTEREST_INCOME_YOY":null,"FEE_COMMISSION_INCOME":null,"FEE_COMMISSION_INCOME_YOY":null,"ACCOUNTS_RECE_TDAYS":4.535907396605,"INVENTORY_TDAYS":0.358284794285,"CURRENT_ASSETS_TDAYS":0.34267750172,"TOTAL_ASSETS_TDAYS":0.074860235125,"PREMIUM_EXPENSE":null,"LOAN_DEPOSIT":null,"LOAN_EQUITY":null,"LOAN_ASSETS":null,"DEPOSIT_EQUITY":null,"DEPOSIT_ASSETS":null,"EQUITY_MULTIPLIER":2.240917974837,"EQUITY_RATIO":1.279605437256},{"SECUCODE":"01125.HK","SECURITY_CODE":"01125","SECURITY_NAME_ABBR":"丽丰控股","ORG_CODE":"10010501","STD_REPORT_DATE":"2024-06-30 00:00:00","REPORT_DATE":"2024-01-31 00:00:00","DATE_TYPE_CODE":"002","REPORT_TYPE":"2024年中报","PER_NETCASH_OPERATE":0.459538167447,"PER_OI":3.868897820695,"BPS":34.456662761351,"BASIC_EPS":-0.47892706,"DILUTED_EPS":-0.47892706,"OPERATE_INCOME":1280734566.2,"OPERATE_INCOME_YOY":40.5964893028,"GROSS_PROFIT":617740478.66,"GROSS_PROFIT_YOY":50.803148923781,"HOLDER_PROFIT":-158609373.4,"HOLDER_PROFIT_YOY":1.3642734424,"GROSS_PROFIT_RATIO":48.233294779641,"EPS_TTM":-1.633064791765,"OPERATE_INCOME_QOQ":0,"NET_PROFIT_RATIO":-14.3360841275,"ROE_AVG":-1.378097130778,"GROSS_PROFIT_QOQ":0,"ROA":-0.588831963255,"HOLDER_PROFIT_QOQ":0,"ROE_YEARLY":-2.756194261556,"ROIC_YEARLY":-1.240762506962,"TOTAL_ASSETS":26502125899.36,"TOTAL_LIABILITIES":14695209791.58,"TAX_EBT":519.259582062296,"OCF_SALES":11.877754046364,"TOTAL_PARENT_EQUITY":11406307708.18,"DEBT_ASSET_RATIO":55.4491735772,"OPERATE_PROFIT":329944393.14,"PRETAX_PROFIT":43793199.42,"NETCASH_OPERATE":152122501.76,"NETCASH_INVEST":-306761415.34,"NETCASH_FINANCE":-254930965.6,"END_CASH":1084841584.52,"DIVI_RATIO":null,"DIVIDEND_RATE":null,"CURRENT_RATIO":2.115979834819,"COMMON_ACS":1000000000,"CURRENTDEBT_DEBT":18.52695513078,"ISSUED_COMMON_SHARES":331033443,"HK_COMMON_SHARES":331033443,"PER_SHARES":400,"TOTAL_MARKET_CAP":420412472.61,"HKSK_MARKET_CAP":420412472.61,"PE_TTM":-1.570678325394,"PB_TTM":0.034126726913,"REPORT_DATE_SQ":"2023-06-30 00:00:00","REPORT_TYPE_SQ":"2023年中报","OPERATE_INCOME_SQ":864710214.55,"DPS_HKD":null,"OPERATE_INCOME_QOQ_SQ":0,"NET_PROFIT_RATIO_SQ":-22.2052845022,"HOLDER_PROFIT_SQ":-152644280.48,"HOLDER_PROFIT_QOQ_SQ":0,"ROE_AVG_SQ":-1.224926150613,"PE_TTM_SQ":-1.285177604335,"PB_TTM_SQ":0.058808257478,"ROA_SQ":-0.537250385296,"START_DATE":"2023-08-01 00:00:00","FISCAL_YEAR":"7-31","CURRENCY":"HKD","IS_CNY_CODE":0,"DPS_HKD_LY":null,"ORG_TYPE":"一般企业","PREMIUM_INCOME":null,"PREMIUM_INCOME_YOY":null,"NET_INTEREST_INCOME":null,"NET_INTEREST_INCOME_YOY":null,"FEE_COMMISSION_INCOME":null,"FEE_COMMISSION_INCOME_YOY":null,"ACCOUNTS_RECE_TDAYS":2.926102564848,"INVENTORY_TDAYS":0.192981010545,"CURRENT_ASSETS_TDAYS":0.209563840026,"TOTAL_ASSETS_TDAYS":0.047546839941,"PREMIUM_EXPENSE":null,"LOAN_DEPOSIT":null,"LOAN_EQUITY":null,"LOAN_ASSETS":null,"DEPOSIT_EQUITY":null,"DEPOSIT_ASSETS":null,"EQUITY_MULTIPLIER":2.244627272477,"EQUITY_RATIO":1.288340641647},{"SECUCODE":"01125.HK","SECURITY_CODE":"01125","SECURITY_NAME_ABBR":"丽丰控股","ORG_CODE":"10010501","STD_REPORT_DATE":"2023-12-31 00:00:00","REPORT_DATE":"2023-07-31 00:00:00","DATE_TYPE_CODE":"001","REPORT_TYPE":"2023年年报","PER_NETCASH_OPERATE":1.730255213036,"PER_OI":4.973311197141,"BPS":35.294701611946,"BASIC_EPS":-1.61477742,"DILUTED_EPS":-1.61477742,"OPERATE_INCOME":1646332328.7,"OPERATE_INCOME_YOY":-28.4310853412,"GROSS_PROFIT":824754425.04,"GROSS_PROFIT_YOY":-25.97132777483,"HOLDER_PROFIT":-534633967.74,"HOLDER_PROFIT_YOY":-334.6483500963,"GROSS_PROFIT_RATIO":50.096472666078,"EPS_TTM":-1.615045183637,"OPERATE_INCOME_QOQ":0,"NET_PROFIT_RATIO":-38.2865410356,"ROE_AVG":-4.270337357323,"GROSS_PROFIT_QOQ":0,"ROA":-1.829980839412,"HOLDER_PROFIT_QOQ":0,"ROE_YEARLY":-4.270337357323,"ROIC_YEARLY":-1.931153442761,"TOTAL_ASSETS":27538774382.46,"TOTAL_LIABILITIES":16100746322.16,"TAX_EBT":-59.969414844243,"OCF_SALES":34.790809270707,"TOTAL_PARENT_EQUITY":11683726594.26,"DEBT_ASSET_RATIO":58.4657330735,"OPERATE_PROFIT":151340121.81,"PRETAX_PROFIT":-394027635.36,"NETCASH_OPERATE":572772340.44,"NETCASH_INVEST":729684633.03,"NETCASH_FINANCE":-1619398645.98,"END_CASH":1507634286.51,"DIVI_RATIO":null,"DIVIDEND_RATE":null,"CURRENT_RATIO":1.685611321657,"COMMON_ACS":1000000000,"CURRENTDEBT_DEBT":23.956479595615,"ISSUED_COMMON_SHARES":331033443,"HK_COMMON_SHARES":331033443,"PER_SHARES":400,"TOTAL_MARKET_CAP":420412472.61,"HKSK_MARKET_CAP":420412472.61,"PE_TTM":-1.570678325394,"PB_TTM":0.034126726913,"REPORT_DATE_SQ":"2022-12-31 00:00:00","REPORT_TYPE_SQ":"2022年年报","OPERATE_INCOME_SQ":2161248550.68,"DPS_HKD":null,"OPERATE_INCOME_QOQ_SQ":0,"NET_PROFIT_RATIO_SQ":-11.284174911,"HOLDER_PROFIT_SQ":-115566018.84,"HOLDER_PROFIT_QOQ_SQ":0,"ROE_AVG_SQ":-0.895694172139,"PE_TTM_SQ":-1.285177604335,"PB_TTM_SQ":0.058808257478,"ROA_SQ":-0.39035375891,"START_DATE":"2022-08-01 00:00:00","FISCAL_YEAR":"7-31","CURRENCY":"HKD","IS_CNY_CODE":0,"DPS_HKD_LY":null,"ORG_TYPE":"一般企业","PREMIUM_INCOME":null,"PREMIUM_INCOME_YOY":null,"NET_INTEREST_INCOME":null,"NET_INTEREST_INCOME_YOY":null,"FEE_COMMISSION_INCOME":null,"FEE_COMMISSION_INCOME_YOY":null,"ACCOUNTS_RECE_TDAYS":3.73575369268,"INVENTORY_TDAYS":0.208745191232,"CURRENT_ASSETS_TDAYS":0.217886988377,"TOTAL_ASSETS_TDAYS":0.056351762114,"PREMIUM_EXPENSE":null,"LOAN_DEPOSIT":null,"LOAN_EQUITY":null,"LOAN_ASSETS":null,"DEPOSIT_EQUITY":null,"DEPOSIT_ASSETS":null,"EQUITY_MULTIPLIER":2.407650535327,"EQUITY_RATIO":1.378048877836},{"SECUCODE":"01125.HK","SECURITY_CODE":"01125","SECURITY_NAME_ABBR":"丽丰控股","ORG_CODE":"10010501","STD_REPORT_DATE":"2023-06-30 00:00:00","REPORT_DATE":"2023-01-31 00:00:00","DATE_TYPE_CODE":"002","REPORT_TYPE":"2023年中报","PER_NETCASH_OPERATE":-0.500767130045,"PER_OI":2.612153644398,"BPS":37.224252025286,"BASIC_EPS":-0.46152845,"DILUTED_EPS":-0.46152845,"OPERATE_INCOME":864710214.55,"OPERATE_INCOME_YOY":-21.7564357657,"GROSS_PROFIT":409633673.48,"GROSS_PROFIT_YOY":-19.242382249764,"HOLDER_PROFIT":-152644280.48,"HOLDER_PROFIT_YOY":-136.3886550973,"GROSS_PROFIT_RATIO":47.372364358293,"EPS_TTM":-0.625201425948,"OPERATE_INCOME_QOQ":0,"NET_PROFIT_RATIO":-22.2052845022,"ROE_AVG":-1.224926150613,"GROSS_PROFIT_QOQ":0,"ROA":-0.537250385296,"HOLDER_PROFIT_QOQ":0,"ROE_YEARLY":-2.449852301226,"ROIC_YEARLY":-1.132542804025,"TOTAL_ASSETS":27679154288.83,"TOTAL_LIABILITIES":15521762509,"TAX_EBT":-163.818035274038,"OCF_SALES":-19.170661385823,"TOTAL_PARENT_EQUITY":12322472311.03,"DEBT_ASSET_RATIO":56.0774449502,"OPERATE_PROFIT":163822758.34,"PRETAX_PROFIT":-72781742.56,"NETCASH_OPERATE":-165770667.2,"NETCASH_INVEST":945701987.5,"NETCASH_FINANCE":-1217297246.27,"END_CASH":1379790630.14,"DIVI_RATIO":null,"DIVIDEND_RATE":null,"CURRENT_RATIO":1.83614243453,"COMMON_ACS":1000000000,"CURRENTDEBT_DEBT":22.40190744024,"ISSUED_COMMON_SHARES":331033443,"HK_COMMON_SHARES":331033443,"PER_SHARES":400,"TOTAL_MARKET_CAP":420412472.61,"HKSK_MARKET_CAP":420412472.61,"PE_TTM":-1.570678325394,"PB_TTM":0.034126726913,"REPORT_DATE_SQ":"2022-06-30 00:00:00","REPORT_TYPE_SQ":"2022年中报","OPERATE_INCOME_SQ":1048233353.92,"DPS_HKD":null,"OPERATE_INCOME_QOQ_SQ":0,"NET_PROFIT_RATIO_SQ":-9.3496674298,"HOLDER_PROFIT_SQ":-61247718.72,"HOLDER_PROFIT_QOQ_SQ":0,"ROE_AVG_SQ":-0.480042388257,"PE_TTM_SQ":-1.285177604335,"PB_TTM_SQ":0.058808257478,"ROA_SQ":-0.21087111847,"START_DATE":"2022-08-01 00:00:00","FISCAL_YEAR":"7-31","CURRENCY":"HKD","IS_CNY_CODE":0,"DPS_HKD_LY":null,"ORG_TYPE":"一般企业","PREMIUM_INCOME":null,"PREMIUM_INCOME_YOY":null,"NET_INTEREST_INCOME":null,"NET_INTEREST_INCOME_YOY":null,"FEE_COMMISSION_INCOME":null,"FEE_COMMISSION_INCOME_YOY":null,"ACCOUNTS_RECE_TDAYS":null,"INVENTORY_TDAYS":0.11625461281,"CURRENT_ASSETS_TDAYS":0.119205767411,"TOTAL_ASSETS_TDAYS":0.030434543271,"PREMIUM_EXPENSE":null,"LOAN_DEPOSIT":null,"LOAN_EQUITY":null,"LOAN_ASSETS":null,"DEPOSIT_EQUITY":null,"DEPOSIT_ASSETS":null,"EQUITY_MULTIPLIER":2.276734581734,"EQUITY_RATIO":1.259630544684},{"SECUCODE":"01125.HK","SECURITY_CODE":"01125","SECURITY_NAME_ABBR":"丽丰控股","ORG_CODE":"10010501","STD_REPORT_DATE":"2022-12-31 00:00:00","REPORT_DATE":"2022-07-31 00:00:00","DATE_TYPE_CODE":"001","REPORT_TYPE":"2022年年报","PER_NETCASH_OPERATE":1.057218220819,"PER_OI":6.528792170041,"BPS":37.905862601683,"BASIC_EPS":-0.34878648,"DILUTED_EPS":-0.34878648,"OPERATE_INCOME":2161248550.68,"OPERATE_INCOME_YOY":-21.2980927753,"GROSS_PROFIT":1114101334.32,"GROSS_PROFIT_YOY":86.38793311545,"HOLDER_PROFIT":-115566018.84,"HOLDER_PROFIT_YOY":75.0405869005,"GROSS_PROFIT_RATIO":51.548968487195,"EPS_TTM":-0.349106778435,"OPERATE_INCOME_QOQ":0,"NET_PROFIT_RATIO":-11.284174911,"ROE_AVG":-0.895694172139,"GROSS_PROFIT_QOQ":0,"ROA":-0.39035375891,"HOLDER_PROFIT_QOQ":0,"ROE_YEARLY":-0.895694172139,"ROIC_YEARLY":-0.419624068641,"TOTAL_ASSETS":29023819352.52,"TOTAL_LIABILITIES":16598877445.2,"TAX_EBT":202.1150774809,"OCF_SALES":16.193167025139,"TOTAL_PARENT_EQUITY":12548108206.92,"DEBT_ASSET_RATIO":57.1905345868,"OPERATE_PROFIT":582407272.44,"PRETAX_PROFIT":238827676.32,"NETCASH_OPERATE":349974587.64,"NETCASH_INVEST":-779875401.24,"NETCASH_FINANCE":-101688440.52,"END_CASH":1813596056.28,"DIVI_RATIO":null,"DIVIDEND_RATE":null,"CURRENT_RATIO":1.356343188451,"COMMON_ACS":1000000000,"CURRENTDEBT_DEBT":35.931215126627,"ISSUED_COMMON_SHARES":331033443,"HK_COMMON_SHARES":331033443,"PER_SHARES":400,"TOTAL_MARKET_CAP":420412472.61,"HKSK_MARKET_CAP":420412472.61,"PE_TTM":-1.570678325394,"PB_TTM":0.034126726913,"REPORT_DATE_SQ":"2021-12-31 00:00:00","REPORT_TYPE_SQ":"2021年年报","OPERATE_INCOME_SQ":2656998958.4,"DPS_HKD":null,"OPERATE_INCOME_QOQ_SQ":0,"NET_PROFIT_RATIO_SQ":-21.1339799824,"HOLDER_PROFIT_SQ":-447989370.4,"HOLDER_PROFIT_QOQ_SQ":0,"ROE_AVG_SQ":-3.624482260772,"PE_TTM_SQ":-1.285177604335,"PB_TTM_SQ":0.058808257478,"ROA_SQ":-1.630831563213,"START_DATE":"2021-08-01 00:00:00","FISCAL_YEAR":"7-31","CURRENCY":"HKD","IS_CNY_CODE":0,"DPS_HKD_LY":null,"ORG_TYPE":"一般企业","PREMIUM_INCOME":null,"PREMIUM_INCOME_YOY":null,"NET_INTEREST_INCOME":null,"NET_INTEREST_INCOME_YOY":null,"FEE_COMMISSION_INCOME":null,"FEE_COMMISSION_INCOME_YOY":null,"ACCOUNTS_RECE_TDAYS":null,"INVENTORY_TDAYS":0.246785795994,"CURRENT_ASSETS_TDAYS":0.250931315712,"TOTAL_ASSETS_TDAYS":0.07300169238,"PREMIUM_EXPENSE":null,"LOAN_DEPOSIT":null,"LOAN_EQUITY":null,"LOAN_ASSETS":null,"DEPOSIT_EQUITY":null,"DEPOSIT_ASSETS":null,"EQUITY_MULTIPLIER":2.335931996225,"EQUITY_RATIO":1.322819119144},{"SECUCODE":"01125.HK","SECURITY_CODE":"01125","SECURITY_NAME_ABBR":"丽丰控股","ORG_CODE":"10010501","STD_REPORT_DATE":"2022-06-30 00:00:00","REPORT_DATE":"2022-01-31 00:00:00","DATE_TYPE_CODE":"002","REPORT_TYPE":"2022年中报","PER_NETCASH_OPERATE":1.441190327589,"PER_OI":3.166548202563,"BPS":38.942156073578,"BASIC_EPS":-0.18492224,"DILUTED_EPS":-0.18492224,"OPERATE_INCOME":1048233353.92,"OPERATE_INCOME_YOY":-17.6004569309,"GROSS_PROFIT":507238431.36,"GROSS_PROFIT_YOY":109.148452105818,"HOLDER_PROFIT":-61247718.72,"HOLDER_PROFIT_YOY":83.2214810232,"GROSS_PROFIT_RATIO":48.389838909735,"EPS_TTM":-0.413532466688,"OPERATE_INCOME_QOQ":0,"NET_PROFIT_RATIO":-9.3496674298,"ROE_AVG":-0.480042388257,"GROSS_PROFIT_QOQ":0,"ROA":-0.21087111847,"HOLDER_PROFIT_QOQ":0,"ROE_YEARLY":-0.960084776513,"ROIC_YEARLY":-0.455926322701,"TOTAL_ASSETS":29338166212.16,"TOTAL_LIABILITIES":16460384342.08,"TAX_EBT":188.660656126014,"OCF_SALES":45.512976130352,"TOTAL_PARENT_EQUITY":12891156002.88,"DEBT_ASSET_RATIO":56.1057028004,"OPERATE_PROFIT":286125436.16,"PRETAX_PROFIT":110540951.04,"NETCASH_OPERATE":477082196.16,"NETCASH_INVEST":-701826540.48,"NETCASH_FINANCE":-75179891.2,"END_CASH":2045050960.96,"DIVI_RATIO":null,"DIVIDEND_RATE":null,"CURRENT_RATIO":1.388022370192,"COMMON_ACS":1000000000,"CURRENTDEBT_DEBT":37.516799998727,"ISSUED_COMMON_SHARES":331033443,"HK_COMMON_SHARES":331033443,"PER_SHARES":400,"TOTAL_MARKET_CAP":420412472.61,"HKSK_MARKET_CAP":420412472.61,"PE_TTM":-1.570678325394,"PB_TTM":0.034126726913,"REPORT_DATE_SQ":"2021-06-30 00:00:00","REPORT_TYPE_SQ":"2021年中报","OPERATE_INCOME_SQ":1297601241.02,"DPS_HKD":null,"OPERATE_INCOME_QOQ_SQ":0,"NET_PROFIT_RATIO_SQ":-31.780300131,"HOLDER_PROFIT_SQ":-372344012.88,"HOLDER_PROFIT_QOQ_SQ":0,"ROE_AVG_SQ":-2.990970650844,"PE_TTM_SQ":-1.285177604335,"PB_TTM_SQ":0.058808257478,"ROA_SQ":-1.351216508742,"START_DATE":"2021-08-01 00:00:00","FISCAL_YEAR":"7-31","CURRENCY":"HKD","IS_CNY_CODE":0,"DPS_HKD_LY":null,"ORG_TYPE":"一般企业","PREMIUM_INCOME":null,"PREMIUM_INCOME_YOY":null,"NET_INTEREST_INCOME":null,"NET_INTEREST_INCOME_YOY":null,"FEE_COMMISSION_INCOME":null,"FEE_COMMISSION_INCOME_YOY":null,"ACCOUNTS_RECE_TDAYS":1.856192776531,"INVENTORY_TDAYS":0.127438714466,"CURRENT_ASSETS_TDAYS":0.121368138627,"TOTAL_ASSETS_TDAYS":0.036089856794,"PREMIUM_EXPENSE":null,"LOAN_DEPOSIT":null,"LOAN_EQUITY":null,"LOAN_ASSETS":null,"DEPOSIT_EQUITY":null,"DEPOSIT_ASSETS":null,"EQUITY_MULTIPLIER":2.278200276115,"EQUITY_RATIO":1.27687418711},{"SECUCODE":"01125.HK","SECURITY_CODE":"01125","SECURITY_NAME_ABBR":"丽丰控股","ORG_CODE":"10010501","STD_REPORT_DATE":"2021-12-31 00:00:00","REPORT_DATE":"2021-07-31 00:00:00","DATE_TYPE_CODE":"001","REPORT_TYPE":"2021年年报","PER_NETCASH_OPERATE":4.136351475521,"PER_OI":8.026376230513,"BPS":38.746727111798,"BASIC_EPS":-1.3531936,"DILUTED_EPS":-1.3531936,"OPERATE_INCOME":2656998958.4,"OPERATE_INCOME_YOY":165.9875068544,"GROSS_PROFIT":597732544,"GROSS_PROFIT_YOY":11.042188964706,"HOLDER_PROFIT":-447989370.4,"HOLDER_PROFIT_YOY":46.4387540832,"GROSS_PROFIT_RATIO":22.49652910515,"EPS_TTM":-1.353305473731,"OPERATE_INCOME_QOQ":0,"NET_PROFIT_RATIO":-21.1339799824,"ROE_AVG":-3.624482260772,"GROSS_PROFIT_QOQ":0,"ROA":-1.630831563213,"HOLDER_PROFIT_QOQ":0,"ROE_YEARLY":-3.624482260772,"ROIC_YEARLY":-1.73992593434,"TOTAL_ASSETS":29207425419.2,"TOTAL_LIABILITIES":16364057161.6,"TAX_EBT":-186.073317496009,"OCF_SALES":51.534482769408,"TOTAL_PARENT_EQUITY":12826462480.8,"DEBT_ASSET_RATIO":56.0270442421,"OPERATE_PROFIT":137793011.2,"PRETAX_PROFIT":-196288711.2,"NETCASH_OPERATE":1369270670.4,"NETCASH_INVEST":-992624027.2,"NETCASH_FINANCE":902532752.8,"END_CASH":2343663988,"DIVI_RATIO":null,"DIVIDEND_RATE":null,"CURRENT_RATIO":2.540764749827,"COMMON_ACS":1000000000,"CURRENTDEBT_DEBT":21.261258799342,"ISSUED_COMMON_SHARES":331033443,"HK_COMMON_SHARES":331033443,"PER_SHARES":400,"TOTAL_MARKET_CAP":420412472.61,"HKSK_MARKET_CAP":420412472.61,"PE_TTM":-1.570678325394,"PB_TTM":0.034126726913,"REPORT_DATE_SQ":"2020-12-31 00:00:00","REPORT_TYPE_SQ":"2020年年报","OPERATE_INCOME_SQ":1083103323.75,"DPS_HKD":null,"OPERATE_INCOME_QOQ_SQ":0,"NET_PROFIT_RATIO_SQ":-101.8954400102,"HOLDER_PROFIT_SQ":-906894528.75,"HOLDER_PROFIT_QOQ_SQ":0,"ROE_AVG_SQ":-6.676571419017,"PE_TTM_SQ":-1.285177604335,"PB_TTM_SQ":0.058808257478,"ROA_SQ":-3.23204095281,"START_DATE":"2020-08-01 00:00:00","FISCAL_YEAR":"7-31","CURRENCY":"HKD","IS_CNY_CODE":0,"DPS_HKD_LY":null,"ORG_TYPE":"一般企业","PREMIUM_INCOME":null,"PREMIUM_INCOME_YOY":null,"NET_INTEREST_INCOME":null,"NET_INTEREST_INCOME_YOY":null,"FEE_COMMISSION_INCOME":null,"FEE_COMMISSION_INCOME_YOY":null,"ACCOUNTS_RECE_TDAYS":null,"INVENTORY_TDAYS":0.466429767543,"CURRENT_ASSETS_TDAYS":0.333536521234,"TOTAL_ASSETS_TDAYS":0.09672367362,"PREMIUM_EXPENSE":null,"LOAN_DEPOSIT":null,"LOAN_EQUITY":null,"LOAN_ASSETS":null,"DEPOSIT_EQUITY":null,"DEPOSIT_ASSETS":null,"EQUITY_MULTIPLIER":2.274125045188,"EQUITY_RATIO":1.275804391592},{"SECUCODE":"01125.HK","SECURITY_CODE":"01125","SECURITY_NAME_ABBR":"丽丰控股","ORG_CODE":"10010501","STD_REPORT_DATE":"2021-06-30 00:00:00","REPORT_DATE":"2021-01-31 00:00:00","DATE_TYPE_CODE":"002","REPORT_TYPE":"2021年中报","PER_NETCASH_OPERATE":2.204333977217,"PER_OI":3.91984939425,"BPS":39.135656683304,"BASIC_EPS":-1.12506776,"DILUTED_EPS":-1.12506776,"OPERATE_INCOME":1297601241.02,"OPERATE_INCOME_YOY":159.1642245848,"GROSS_PROFIT":242525548.84,"GROSS_PROFIT_YOY":-12.272593065102,"HOLDER_PROFIT":-372344012.88,"HOLDER_PROFIT_YOY":-0.8445075364,"GROSS_PROFIT_RATIO":18.690298773864,"EPS_TTM":-2.680435344383,"OPERATE_INCOME_QOQ":0,"NET_PROFIT_RATIO":-31.780300131,"ROE_AVG":-2.990970650844,"GROSS_PROFIT_QOQ":0,"ROA":-1.351216508742,"HOLDER_PROFIT_QOQ":0,"ROE_YEARLY":-5.981941301688,"ROIC_YEARLY":-2.863113292034,"TOTAL_ASSETS":29273968494.34,"TOTAL_LIABILITIES":16226561020.1,"TAX_EBT":-100.532892841053,"OCF_SALES":56.235170168796,"TOTAL_PARENT_EQUITY":12955211175.94,"DEBT_ASSET_RATIO":55.4300009691,"OPERATE_PROFIT":-49544712.44,"PRETAX_PROFIT":-205642856.42,"NETCASH_OPERATE":729708266,"NETCASH_INVEST":-831771441.94,"NETCASH_FINANCE":945405789.56,"END_CASH":1912096892.98,"DIVI_RATIO":null,"DIVIDEND_RATE":null,"CURRENT_RATIO":1.613975332784,"COMMON_ACS":1000000000,"CURRENTDEBT_DEBT":34.583433525248,"ISSUED_COMMON_SHARES":331033443,"HK_COMMON_SHARES":331033443,"PER_SHARES":400,"TOTAL_MARKET_CAP":420412472.61,"HKSK_MARKET_CAP":420412472.61,"PE_TTM":-1.570678325394,"PB_TTM":0.034126726913,"REPORT_DATE_SQ":"2020-06-30 00:00:00","REPORT_TYPE_SQ":"2020年中报","OPERATE_INCOME_SQ":531467635.14,"DPS_HKD":null,"OPERATE_INCOME_QOQ_SQ":0,"NET_PROFIT_RATIO_SQ":-95.1478417998,"HOLDER_PROFIT_SQ":-391924800.84,"HOLDER_PROFIT_QOQ_SQ":0,"ROE_AVG_SQ":-2.877094461593,"PE_TTM_SQ":-1.285177604335,"PB_TTM_SQ":0.058808257478,"ROA_SQ":-1.413998126945,"START_DATE":"2020-08-01 00:00:00","FISCAL_YEAR":"7-31","CURRENCY":"HKD","IS_CNY_CODE":0,"DPS_HKD_LY":null,"ORG_TYPE":"一般企业","PREMIUM_INCOME":null,"PREMIUM_INCOME_YOY":null,"NET_INTEREST_INCOME":null,"NET_INTEREST_INCOME_YOY":null,"FEE_COMMISSION_INCOME":null,"FEE_COMMISSION_INCOME_YOY":null,"ACCOUNTS_RECE_TDAYS":2.445339219978,"INVENTORY_TDAYS":0.226242314491,"CURRENT_ASSETS_TDAYS":0.160407874355,"TOTAL_ASSETS_TDAYS":0.047089255043,"PREMIUM_EXPENSE":null,"LOAN_DEPOSIT":null,"LOAN_EQUITY":null,"LOAN_ASSETS":null,"DEPOSIT_EQUITY":null,"DEPOSIT_ASSETS":null,"EQUITY_MULTIPLIER":2.243661704607,"EQUITY_RATIO":1.25251227477},{"SECUCODE":"01125.HK","SECURITY_CODE":"01125","SECURITY_NAME_ABBR":"丽丰控股","ORG_CODE":"10010501","STD_REPORT_DATE":"2020-12-31 00:00:00","REPORT_DATE":"2020-07-31 00:00:00","DATE_TYPE_CODE":"001","REPORT_TYPE":"2020年年报","PER_NETCASH_OPERATE":-0.44665085772,"PER_OI":3.271884900614,"BPS":38.957017021842,"BASIC_EPS":-2.74791125,"DILUTED_EPS":-2.74791125,"OPERATE_INCOME":1083103323.75,"OPERATE_INCOME_YOY":-17.7567272929,"GROSS_PROFIT":538293192.5,"GROSS_PROFIT_YOY":-33.315888933296,"HOLDER_PROFIT":-906894528.75,"HOLDER_PROFIT_YOY":-250.5128964515,"GROSS_PROFIT_RATIO":49.699154337029,"EPS_TTM":-2.739585827133,"OPERATE_INCOME_QOQ":0,"NET_PROFIT_RATIO":-101.8954400102,"ROE_AVG":-6.676571419017,"GROSS_PROFIT_QOQ":0,"ROA":-3.23204095281,"HOLDER_PROFIT_QOQ":0,"ROE_YEARLY":-6.676571419017,"ROIC_YEARLY":-3.428936703277,"TOTAL_ASSETS":27901198517.5,"TOTAL_LIABILITIES":14905604315,"TAX_EBT":-3.570190113554,"OCF_SALES":-13.651178794104,"TOTAL_PARENT_EQUITY":12896075473.75,"DEBT_ASSET_RATIO":53.4228101551,"OPERATE_PROFIT":-827928806.25,"PRETAX_PROFIT":-1065589332.5,"NETCASH_OPERATE":-147856371.25,"NETCASH_INVEST":-1325316063.75,"NETCASH_FINANCE":885051833.75,"END_CASH":1076052845,"DIVI_RATIO":null,"DIVIDEND_RATE":null,"CURRENT_RATIO":1.268752851164,"COMMON_ACS":1000000000,"CURRENTDEBT_DEBT":40.663888071284,"ISSUED_COMMON_SHARES":331033443,"HK_COMMON_SHARES":331033443,"PER_SHARES":400,"TOTAL_MARKET_CAP":420412472.61,"HKSK_MARKET_CAP":420412472.61,"PE_TTM":-1.570678325394,"PB_TTM":0.034126726913,"REPORT_DATE_SQ":"2019-12-31 00:00:00","REPORT_TYPE_SQ":"2019年年报","OPERATE_INCOME_SQ":1285665320.16,"DPS_HKD":null,"OPERATE_INCOME_QOQ_SQ":0,"NET_PROFIT_RATIO_SQ":50.6453725546,"HOLDER_PROFIT_SQ":588222311.04,"HOLDER_PROFIT_QOQ_SQ":0,"ROE_AVG_SQ":4.266896564093,"PE_TTM_SQ":-1.285177604335,"PB_TTM_SQ":0.058808257478,"ROA_SQ":2.245816869798,"START_DATE":"2019-08-01 00:00:00","FISCAL_YEAR":"7-31","CURRENCY":"HKD","IS_CNY_CODE":0,"DPS_HKD_LY":0.2,"ORG_TYPE":"一般企业","PREMIUM_INCOME":null,"PREMIUM_INCOME_YOY":null,"NET_INTEREST_INCOME":null,"NET_INTEREST_INCOME_YOY":null,"FEE_COMMISSION_INCOME":null,"FEE_COMMISSION_INCOME_YOY":null,"ACCOUNTS_RECE_TDAYS":2.08320123143,"INVENTORY_TDAYS":0.149653324566,"CURRENT_ASSETS_TDAYS":0.160056240415,"TOTAL_ASSETS_TDAYS":0.038600236163,"PREMIUM_EXPENSE":null,"LOAN_DEPOSIT":null,"LOAN_EQUITY":null,"LOAN_ASSETS":null,"DEPOSIT_EQUITY":null,"DEPOSIT_ASSETS":null,"EQUITY_MULTIPLIER":2.146973665285,"EQUITY_RATIO":1.155824835652}],"count":44},"success":true,"message":"ok","code":0}