{"version":"53135e2689a965c05615bcca727f4014","result":{"pages":5,"data":[{"SECUCODE":"01124.HK","SECURITY_CODE":"01124","SECURITY_NAME_ABBR":"沿海家园","ORG_CODE":"10010500","STD_REPORT_DATE":"2024-06-30 00:00:00","REPORT_DATE":"2024-09-30 00:00:00","DATE_TYPE_CODE":"002","REPORT_TYPE":"2024年中报","PER_NETCASH_OPERATE":-0.018525103379,"PER_OI":0.00344749194,"BPS":2.872939676335,"BASIC_EPS":-0.08025931,"DILUTED_EPS":-0.08025931,"OPERATE_INCOME":1429337.15,"OPERATE_INCOME_YOY":-21.3399503722,"GROSS_PROFIT":1429337.15,"GROSS_PROFIT_YOY":-13.319980360479,"HOLDER_PROFIT":-33297693.96,"HOLDER_PROFIT_YOY":95.3464924773,"GROSS_PROFIT_RATIO":null,"EPS_TTM":-3.059980490858,"OPERATE_INCOME_QOQ":0,"NET_PROFIT_RATIO":-2329.6529968454,"ROE_AVG":-2.764314558693,"GROSS_PROFIT_QOQ":0,"ROA":-2.060764191683,"HOLDER_PROFIT_QOQ":0,"ROE_YEARLY":-5.528629117387,"ROIC_YEARLY":-3.996024970286,"TOTAL_ASSETS":1616812076.68,"TOTAL_LIABILITIES":481778602.13,"TAX_EBT":0.560148654835,"OCF_SALES":-537.350157728707,"TOTAL_PARENT_EQUITY":1191126616.13,"DEBT_ASSET_RATIO":29.7980581095,"OPERATE_PROFIT":-20508508.18,"PRETAX_PROFIT":-33486168.07,"NETCASH_OPERATE":-7680545.43,"NETCASH_INVEST":8116.11,"NETCASH_FINANCE":-2439341.95,"END_CASH":2400564.98,"DIVI_RATIO":null,"DIVIDEND_RATE":null,"CURRENT_RATIO":3.306402484375,"COMMON_ACS":700000000,"CURRENTDEBT_DEBT":81.791942678199,"ISSUED_COMMON_SHARES":414602028,"HK_COMMON_SHARES":414602028,"PER_SHARES":10000,"TOTAL_MARKET_CAP":64263314.34,"HKSK_MARKET_CAP":64263314.34,"PE_TTM":-0.099956781483,"PB_TTM":0.048653109967,"REPORT_DATE_SQ":"2023-06-30 00:00:00","REPORT_TYPE_SQ":"2023年中报","OPERATE_INCOME_SQ":1849024.45,"DPS_HKD":null,"OPERATE_INCOME_QOQ_SQ":0,"NET_PROFIT_RATIO_SQ":-39381.2406947891,"HOLDER_PROFIT_SQ":-728108205.58,"HOLDER_PROFIT_QOQ_SQ":0,"ROE_AVG_SQ":-33.114252404851,"PE_TTM_SQ":-0.053237320543,"PB_TTM_SQ":0.032333437089,"ROA_SQ":-12.620082807832,"START_DATE":"2024-04-01 00:00:00","FISCAL_YEAR":"3-31","CURRENCY":"HKD","IS_CNY_CODE":0,"DPS_HKD_LY":null,"ORG_TYPE":"一般企业","PREMIUM_INCOME":null,"PREMIUM_INCOME_YOY":null,"NET_INTEREST_INCOME":null,"NET_INTEREST_INCOME_YOY":null,"FEE_COMMISSION_INCOME":null,"FEE_COMMISSION_INCOME_YOY":null,"ACCOUNTS_RECE_TDAYS":null,"INVENTORY_TDAYS":null,"CURRENT_ASSETS_TDAYS":0.001098026393,"TOTAL_ASSETS_TDAYS":0.000884603847,"PREMIUM_EXPENSE":null,"LOAN_DEPOSIT":null,"LOAN_EQUITY":null,"LOAN_ASSETS":null,"DEPOSIT_EQUITY":null,"DEPOSIT_ASSETS":null,"EQUITY_MULTIPLIER":1.424462020666,"EQUITY_RATIO":0.404473038891},{"SECUCODE":"01124.HK","SECURITY_CODE":"01124","SECURITY_NAME_ABBR":"沿海家园","ORG_CODE":"10010500","STD_REPORT_DATE":"2023-12-31 00:00:00","REPORT_DATE":"2024-03-31 00:00:00","DATE_TYPE_CODE":"001","REPORT_TYPE":"2023年年报","PER_NETCASH_OPERATE":-0.351921600827,"PER_OI":0.009133238851,"BPS":2.95322414571,"BASIC_EPS":-3.05996887,"DILUTED_EPS":-3.05996887,"OPERATE_INCOME":3786659.35,"OPERATE_INCOME_YOY":-98.0241809599,"GROSS_PROFIT":3322505.75,"GROSS_PROFIT_YOY":107.591197524147,"HOLDER_PROFIT":-1268674117.15,"HOLDER_PROFIT_YOY":-228.1365112489,"GROSS_PROFIT_RATIO":87.74239885085,"EPS_TTM":-2.560694939365,"OPERATE_INCOME_QOQ":0,"NET_PROFIT_RATIO":-33505.38664113,"ROE_AVG":-66.534575607353,"GROSS_PROFIT_QOQ":0,"ROA":-32.692966524385,"HOLDER_PROFIT_QOQ":0,"ROE_YEARLY":-66.534575607353,"ROIC_YEARLY":-32.886192211503,"TOTAL_ASSETS":1623298346.15,"TOTAL_LIABILITIES":455108044.1,"TAX_EBT":5.122112434961,"OCF_SALES":-3853.19607373713,"TOTAL_PARENT_EQUITY":1224412719.95,"DEBT_ASSET_RATIO":28.0360073784,"OPERATE_PROFIT":188192527.6,"PRETAX_PROFIT":-1337229241.25,"NETCASH_OPERATE":-145907409.4,"NETCASH_INVEST":97028953.05,"NETCASH_FINANCE":-58150649.75,"END_CASH":8168015.5,"DIVI_RATIO":null,"DIVIDEND_RATE":null,"CURRENT_RATIO":3.464768430207,"COMMON_ACS":700000000,"CURRENTDEBT_DEBT":82.913896203752,"ISSUED_COMMON_SHARES":414602028,"HK_COMMON_SHARES":414602028,"PER_SHARES":10000,"TOTAL_MARKET_CAP":66336324.48,"HKSK_MARKET_CAP":66336324.48,"PE_TTM":-0.103181193789,"PB_TTM":0.050222565127,"REPORT_DATE_SQ":"2022-12-31 00:00:00","REPORT_TYPE_SQ":"2022年年报","OPERATE_INCOME_SQ":185066926.46,"DPS_HKD":null,"OPERATE_INCOME_QOQ_SQ":0,"NET_PROFIT_RATIO_SQ":-198.1712912595,"HOLDER_PROFIT_SQ":-373349233.85,"HOLDER_PROFIT_QOQ_SQ":0,"ROE_AVG_SQ":-13.234571716989,"PE_TTM_SQ":null,"PB_TTM_SQ":null,"ROA_SQ":-5.785896527031,"START_DATE":"2023-04-01 00:00:00","FISCAL_YEAR":"3-31","CURRENCY":"HKD","IS_CNY_CODE":0,"DPS_HKD_LY":null,"ORG_TYPE":"一般企业","PREMIUM_INCOME":null,"PREMIUM_INCOME_YOY":null,"NET_INTEREST_INCOME":null,"NET_INTEREST_INCOME_YOY":null,"FEE_COMMISSION_INCOME":null,"FEE_COMMISSION_INCOME_YOY":null,"ACCOUNTS_RECE_TDAYS":null,"INVENTORY_TDAYS":0.00073409333,"CURRENT_ASSETS_TDAYS":0.00113663096,"TOTAL_ASSETS_TDAYS":0.000975799267,"PREMIUM_EXPENSE":null,"LOAN_DEPOSIT":null,"LOAN_EQUITY":null,"LOAN_ASSETS":null,"DEPOSIT_EQUITY":null,"DEPOSIT_ASSETS":null,"EQUITY_MULTIPLIER":1.389583823202,"EQUITY_RATIO":0.371694965827},{"SECUCODE":"01124.HK","SECURITY_CODE":"01124","SECURITY_NAME_ABBR":"沿海家园","ORG_CODE":"10010500","STD_REPORT_DATE":"2023-06-30 00:00:00","REPORT_DATE":"2023-09-30 00:00:00","DATE_TYPE_CODE":"002","REPORT_TYPE":"2023年中报","PER_NETCASH_OPERATE":0.010873176181,"PER_OI":0.000445975736,"BPS":4.285412949403,"BASIC_EPS":-1.75634382,"DILUTED_EPS":-1.75634382,"OPERATE_INCOME":1849024.45,"OPERATE_INCOME_YOY":-17.8221859706,"GROSS_PROFIT":1648981.11,"GROSS_PROFIT_YOY":-14.603899451232,"HOLDER_PROFIT":-728108205.58,"HOLDER_PROFIT_YOY":-1703.6597563193,"GROSS_PROFIT_RATIO":89.181141439206,"EPS_TTM":-0.090050025853,"OPERATE_INCOME_QOQ":0,"NET_PROFIT_RATIO":-39381.2406947891,"ROE_AVG":-33.114252404851,"GROSS_PROFIT_QOQ":0,"ROA":-12.620082807832,"HOLDER_PROFIT_QOQ":0,"ROE_YEARLY":-66.228504809702,"ROIC_YEARLY":-25.364579508138,"TOTAL_ASSETS":5326018118.26,"TOTAL_LIABILITIES":3599736774.69,"TAX_EBT":0.266197448627,"OCF_SALES":2438.06451612903,"TOTAL_PARENT_EQUITY":1776740899.64,"DEBT_ASSET_RATIO":67.5877680992,"OPERATE_PROFIT":-716611219.31,"PRETAX_PROFIT":-730112309.5,"NETCASH_OPERATE":45080409.01,"NETCASH_INVEST":214725.42,"NETCASH_FINANCE":-74231678.85,"END_CASH":92619148.79,"DIVI_RATIO":null,"DIVIDEND_RATE":null,"CURRENT_RATIO":1.285981705657,"COMMON_ACS":700000000,"CURRENTDEBT_DEBT":98.714994635296,"ISSUED_COMMON_SHARES":414602028,"HK_COMMON_SHARES":414602028,"PER_SHARES":10000,"TOTAL_MARKET_CAP":60117294.06,"HKSK_MARKET_CAP":60117294.06,"PE_TTM":-0.093507956871,"PB_TTM":0.045514199646,"REPORT_DATE_SQ":"2022-06-30 00:00:00","REPORT_TYPE_SQ":"2022年中报","OPERATE_INCOME_SQ":2217686.88,"DPS_HKD":null,"OPERATE_INCOME_QOQ_SQ":0,"NET_PROFIT_RATIO_SQ":-1808.9314845024,"HOLDER_PROFIT_SQ":-39788124.48,"HOLDER_PROFIT_QOQ_SQ":0,"ROE_AVG_SQ":-1.314281548792,"PE_TTM_SQ":null,"PB_TTM_SQ":null,"ROA_SQ":-0.586883255297,"START_DATE":"2023-04-01 00:00:00","FISCAL_YEAR":"3-31","CURRENCY":"HKD","IS_CNY_CODE":0,"DPS_HKD_LY":null,"ORG_TYPE":"一般企业","PREMIUM_INCOME":null,"PREMIUM_INCOME_YOY":null,"NET_INTEREST_INCOME":null,"NET_INTEREST_INCOME_YOY":null,"FEE_COMMISSION_INCOME":null,"FEE_COMMISSION_INCOME_YOY":null,"ACCOUNTS_RECE_TDAYS":null,"INVENTORY_TDAYS":0.000479896096,"CURRENT_ASSETS_TDAYS":0.000370149254,"TOTAL_ASSETS_TDAYS":0.000320485904,"PREMIUM_EXPENSE":null,"LOAN_DEPOSIT":null,"LOAN_EQUITY":null,"LOAN_ASSETS":null,"DEPOSIT_EQUITY":null,"DEPOSIT_ASSETS":null,"EQUITY_MULTIPLIER":3.085254983552,"EQUITY_RATIO":2.026033607612},{"SECUCODE":"01124.HK","SECURITY_CODE":"01124","SECURITY_NAME_ABBR":"沿海家园","ORG_CODE":"10010500","STD_REPORT_DATE":"2022-12-31 00:00:00","REPORT_DATE":"2023-03-31 00:00:00","DATE_TYPE_CODE":"001","REPORT_TYPE":"2022年年报","PER_NETCASH_OPERATE":0.007099105406,"PER_OI":0.044637245777,"BPS":6.03042844173,"BASIC_EPS":-0.900534267,"DILUTED_EPS":-0.900534267,"OPERATE_INCOME":185066926.46,"OPERATE_INCOME_YOY":3036.1222370568,"GROSS_PROFIT":-43767873.77,"GROSS_PROFIT_YOY":-1406.39360269314,"HOLDER_PROFIT":-373349233.85,"HOLDER_PROFIT_YOY":54.7541627104,"GROSS_PROFIT_RATIO":-23.649754500818,"EPS_TTM":-0.101025645949,"OPERATE_INCOME_QOQ":0,"NET_PROFIT_RATIO":-198.1712912595,"ROE_AVG":-13.234571716989,"GROSS_PROFIT_QOQ":0,"ROA":-5.785896527031,"HOLDER_PROFIT_QOQ":0,"ROE_YEARLY":-13.234571716989,"ROIC_YEARLY":-5.902736232456,"TOTAL_ASSETS":5927010677.14,"TOTAL_LIABILITIES":3473493817.68,"TAX_EBT":12.578798773859,"OCF_SALES":15.90399515624,"TOTAL_PARENT_EQUITY":2500227861.65,"DEBT_ASSET_RATIO":58.6044805196,"OPERATE_PROFIT":-119607268.3,"PRETAX_PROFIT":-419520108.07,"NETCASH_OPERATE":29433035.02,"NETCASH_INVEST":93375607.65,"NETCASH_FINANCE":-190000737.22,"END_CASH":137149609.29,"DIVI_RATIO":null,"DIVIDEND_RATE":null,"CURRENT_RATIO":2.08663557456,"COMMON_ACS":700000000,"CURRENTDEBT_DEBT":71.352481244241,"ISSUED_COMMON_SHARES":414602028,"HK_COMMON_SHARES":414602028,"PER_SHARES":10000,"TOTAL_MARKET_CAP":60117294.06,"HKSK_MARKET_CAP":60117294.06,"PE_TTM":-0.093507956871,"PB_TTM":0.045514199646,"REPORT_DATE_SQ":"2021-12-31 00:00:00","REPORT_TYPE_SQ":"2021年年报","OPERATE_INCOME_SQ":5467018.41,"DPS_HKD":null,"OPERATE_INCOME_QOQ_SQ":0,"NET_PROFIT_RATIO_SQ":-16043.4208574395,"HOLDER_PROFIT_SQ":-764453970.95,"HOLDER_PROFIT_QOQ_SQ":0,"ROE_AVG_SQ":-23.706545314801,"PE_TTM_SQ":-0.194427484437,"PB_TTM_SQ":0.04282574454,"ROA_SQ":-10.507816972165,"START_DATE":"2022-04-01 00:00:00","FISCAL_YEAR":"3-31","CURRENCY":"HKD","IS_CNY_CODE":0,"DPS_HKD_LY":null,"ORG_TYPE":"一般企业","PREMIUM_INCOME":null,"PREMIUM_INCOME_YOY":null,"NET_INTEREST_INCOME":null,"NET_INTEREST_INCOME_YOY":null,"FEE_COMMISSION_INCOME":null,"FEE_COMMISSION_INCOME_YOY":null,"ACCOUNTS_RECE_TDAYS":null,"INVENTORY_TDAYS":0.416608362353,"CURRENT_ASSETS_TDAYS":0.031937152369,"TOTAL_ASSETS_TDAYS":0.028680334389,"PREMIUM_EXPENSE":null,"LOAN_DEPOSIT":null,"LOAN_EQUITY":null,"LOAN_ASSETS":null,"DEPOSIT_EQUITY":null,"DEPOSIT_ASSETS":null,"EQUITY_MULTIPLIER":2.415720378804,"EQUITY_RATIO":1.389270902448},{"SECUCODE":"01124.HK","SECURITY_CODE":"01124","SECURITY_NAME_ABBR":"沿海家园","ORG_CODE":"10010500","STD_REPORT_DATE":"2022-06-30 00:00:00","REPORT_DATE":"2022-09-30 00:00:00","DATE_TYPE_CODE":"002","REPORT_TYPE":"2022年中报","PER_NETCASH_OPERATE":-0.003196283175,"PER_OI":0.000534895328,"BPS":6.774556228365,"BASIC_EPS":-0.009587064,"DILUTED_EPS":-0.009587064,"OPERATE_INCOME":2217686.88,"OPERATE_INCOME_YOY":-29.8627002288,"GROSS_PROFIT":1930979.4,"GROSS_PROFIT_YOY":20.600185372769,"HOLDER_PROFIT":-39788124.48,"HOLDER_PROFIT_YOY":90.4906218319,"GROSS_PROFIT_RATIO":87.071778140294,"EPS_TTM":-0.184382593041,"OPERATE_INCOME_QOQ":0,"NET_PROFIT_RATIO":-1808.9314845024,"ROE_AVG":-1.314281548792,"GROSS_PROFIT_QOQ":0,"ROA":-0.586883255297,"HOLDER_PROFIT_QOQ":0,"ROE_YEARLY":-2.628563097584,"ROIC_YEARLY":-1.19615385635,"TOTAL_ASSETS":6349227588.6,"TOTAL_LIABILITIES":3595601220,"TAX_EBT":1.678045752793,"OCF_SALES":-597.553017944535,"TOTAL_PARENT_EQUITY":2808744751.08,"DEBT_ASSET_RATIO":56.6305297743,"OPERATE_PROFIT":-30726540.12,"PRETAX_PROFIT":-40801097.28,"NETCASH_OPERATE":-13251854.88,"NETCASH_INVEST":95137139.16,"NETCASH_FINANCE":-139456508.04,"END_CASH":138405548.76,"DIVI_RATIO":null,"DIVIDEND_RATE":null,"CURRENT_RATIO":2.307397172218,"COMMON_ACS":700000000,"CURRENTDEBT_DEBT":70.123707709722,"ISSUED_COMMON_SHARES":414602028,"HK_COMMON_SHARES":414602028,"PER_SHARES":10000,"TOTAL_MARKET_CAP":60117294.06,"HKSK_MARKET_CAP":60117294.06,"PE_TTM":-0.093507956871,"PB_TTM":0.045514199646,"REPORT_DATE_SQ":"2021-06-30 00:00:00","REPORT_TYPE_SQ":"2021年中报","OPERATE_INCOME_SQ":2912377.76,"DPS_HKD":null,"OPERATE_INCOME_QOQ_SQ":0,"NET_PROFIT_RATIO_SQ":-15643.9073226545,"HOLDER_PROFIT_SQ":-385387718.02,"HOLDER_PROFIT_QOQ_SQ":0,"ROE_AVG_SQ":-11.091798281026,"PE_TTM_SQ":-0.194427484437,"PB_TTM_SQ":0.04282574454,"ROA_SQ":-4.600070579553,"START_DATE":"2022-04-01 00:00:00","FISCAL_YEAR":"3-31","CURRENCY":"HKD","IS_CNY_CODE":0,"DPS_HKD_LY":null,"ORG_TYPE":"一般企业","PREMIUM_INCOME":null,"PREMIUM_INCOME_YOY":null,"NET_INTEREST_INCOME":null,"NET_INTEREST_INCOME_YOY":null,"FEE_COMMISSION_INCOME":null,"FEE_COMMISSION_INCOME_YOY":null,"ACCOUNTS_RECE_TDAYS":null,"INVENTORY_TDAYS":0.000423098509,"CURRENT_ASSETS_TDAYS":0.000356297755,"TOTAL_ASSETS_TDAYS":0.000327113507,"PREMIUM_EXPENSE":null,"LOAN_DEPOSIT":null,"LOAN_EQUITY":null,"LOAN_ASSETS":null,"DEPOSIT_EQUITY":null,"DEPOSIT_ASSETS":null,"EQUITY_MULTIPLIER":2.305769461319,"EQUITY_RATIO":1.280145238765},{"SECUCODE":"01124.HK","SECURITY_CODE":"01124","SECURITY_NAME_ABBR":"沿海家园","ORG_CODE":"10010500","STD_REPORT_DATE":"2021-12-31 00:00:00","REPORT_DATE":"2022-03-31 00:00:00","DATE_TYPE_CODE":"001","REPORT_TYPE":"2021年年报","PER_NETCASH_OPERATE":-0.047945792448,"PER_OI":0.001318618346,"BPS":7.020403500028,"BASIC_EPS":-0.184342573,"DILUTED_EPS":-0.184342573,"OPERATE_INCOME":5467018.41,"OPERATE_INCOME_YOY":-94.7981294564,"GROSS_PROFIT":3350282.31,"GROSS_PROFIT_YOY":-88.135328534711,"HOLDER_PROFIT":-764453970.95,"HOLDER_PROFIT_YOY":-235.4096388972,"GROSS_PROFIT_RATIO":61.28170894526,"EPS_TTM":-0.136453976549,"OPERATE_INCOME_QOQ":0,"NET_PROFIT_RATIO":-16043.4208574395,"ROE_AVG":-23.706545314801,"GROSS_PROFIT_QOQ":0,"ROA":-10.507816972165,"HOLDER_PROFIT_QOQ":0,"ROE_YEARLY":-23.706545314801,"ROIC_YEARLY":-10.770496817796,"TOTAL_ASSETS":6465106519.73,"TOTAL_LIABILITIES":3605249255.82,"TAX_EBT":0.380520588273,"OCF_SALES":-3636.06289867972,"TOTAL_PARENT_EQUITY":2910673528.49,"DEBT_ASSET_RATIO":55.7647309417,"OPERATE_PROFIT":-798420691.77,"PRETAX_PROFIT":-880447054.18,"NETCASH_OPERATE":-198784228.07,"NETCASH_INVEST":190023698.05,"NETCASH_FINANCE":59809554.47,"END_CASH":200686046.52,"DIVI_RATIO":null,"DIVIDEND_RATE":null,"CURRENT_RATIO":2.392362810708,"COMMON_ACS":700000000,"CURRENTDEBT_DEBT":68.935628029267,"ISSUED_COMMON_SHARES":414602028,"HK_COMMON_SHARES":414602028,"PER_SHARES":10000,"TOTAL_MARKET_CAP":60117294.06,"HKSK_MARKET_CAP":60117294.06,"PE_TTM":-0.093507956871,"PB_TTM":0.045514199646,"REPORT_DATE_SQ":"2020-12-31 00:00:00","REPORT_TYPE_SQ":"2020年年报","OPERATE_INCOME_SQ":109525185.84,"DPS_HKD":null,"OPERATE_INCOME_QOQ_SQ":0,"NET_PROFIT_RATIO_SQ":-220.0489242831,"HOLDER_PROFIT_SQ":-237519245.04,"HOLDER_PROFIT_QOQ_SQ":0,"ROE_AVG_SQ":-6.440702282875,"PE_TTM_SQ":-0.194427484437,"PB_TTM_SQ":0.04282574454,"ROA_SQ":-2.928104128429,"START_DATE":"2021-04-01 00:00:00","FISCAL_YEAR":"3-31","CURRENCY":"HKD","IS_CNY_CODE":0,"DPS_HKD_LY":null,"ORG_TYPE":"一般企业","PREMIUM_INCOME":null,"PREMIUM_INCOME_YOY":null,"NET_INTEREST_INCOME":null,"NET_INTEREST_INCOME_YOY":null,"FEE_COMMISSION_INCOME":null,"FEE_COMMISSION_INCOME_YOY":null,"ACCOUNTS_RECE_TDAYS":null,"INVENTORY_TDAYS":0.002133386518,"CURRENT_ASSETS_TDAYS":0.000811979865,"TOTAL_ASSETS_TDAYS":0.000751470082,"PREMIUM_EXPENSE":null,"LOAN_DEPOSIT":null,"LOAN_EQUITY":null,"LOAN_ASSETS":null,"DEPOSIT_EQUITY":null,"DEPOSIT_ASSETS":null,"EQUITY_MULTIPLIER":2.260639578527,"EQUITY_RATIO":1.238630585166},{"SECUCODE":"01124.HK","SECURITY_CODE":"01124","SECURITY_NAME_ABBR":"沿海家园","ORG_CODE":"10010500","STD_REPORT_DATE":"2021-06-30 00:00:00","REPORT_DATE":"2021-09-30 00:00:00","DATE_TYPE_CODE":"002","REPORT_TYPE":"2021年中报","PER_NETCASH_OPERATE":-0.030462801641,"PER_OI":0.000702451402,"BPS":7.993724159304,"BASIC_EPS":-0.092969496,"DILUTED_EPS":-0.092969496,"OPERATE_INCOME":2912377.76,"OPERATE_INCOME_YOY":-89.9502687786,"GROSS_PROFIT":1601141.32,"GROSS_PROFIT_YOY":-93.39353488855,"HOLDER_PROFIT":-385387718.02,"HOLDER_PROFIT_YOY":-611.1058165273,"GROSS_PROFIT_RATIO":54.977116704806,"EPS_TTM":-0.057288490821,"OPERATE_INCOME_QOQ":0,"NET_PROFIT_RATIO":-15643.9073226545,"ROE_AVG":-11.091798281026,"GROSS_PROFIT_QOQ":0,"ROA":-4.600070579553,"HOLDER_PROFIT_QOQ":0,"ROE_YEARLY":-22.183596562053,"ROIC_YEARLY":-9.474464558055,"TOTAL_ASSETS":8450821387.78,"TOTAL_LIABILITIES":5143670655.8,"TAX_EBT":0.116519252158,"OCF_SALES":-4336.64187643021,"TOTAL_PARENT_EQUITY":3314214247.72,"DEBT_ASSET_RATIO":60.8659255683,"OPERATE_PROFIT":-356312257.9,"PRETAX_PROFIT":-456141169.94,"NETCASH_OPERATE":-126299393.54,"NETCASH_INVEST":36862905,"NETCASH_FINANCE":219832871.16,"END_CASH":281724230.8,"DIVI_RATIO":null,"DIVIDEND_RATE":null,"CURRENT_RATIO":1.962848064112,"COMMON_ACS":700000000,"CURRENTDEBT_DEBT":78.299146641876,"ISSUED_COMMON_SHARES":414602028,"HK_COMMON_SHARES":414602028,"PER_SHARES":10000,"TOTAL_MARKET_CAP":60117294.06,"HKSK_MARKET_CAP":60117294.06,"PE_TTM":-0.093507956871,"PB_TTM":0.045514199646,"REPORT_DATE_SQ":"2020-06-30 00:00:00","REPORT_TYPE_SQ":"2020年中报","OPERATE_INCOME_SQ":30568032.64,"DPS_HKD":null,"OPERATE_INCOME_QOQ_SQ":0,"NET_PROFIT_RATIO_SQ":-186.9778940409,"HOLDER_PROFIT_SQ":-57166008.32,"HOLDER_PROFIT_QOQ_SQ":0,"ROE_AVG_SQ":-1.478900054445,"PE_TTM_SQ":-0.194427484437,"PB_TTM_SQ":0.04282574454,"ROA_SQ":-0.713989859535,"START_DATE":"2021-04-01 00:00:00","FISCAL_YEAR":"3-31","CURRENCY":"HKD","IS_CNY_CODE":0,"DPS_HKD_LY":null,"ORG_TYPE":"一般企业","PREMIUM_INCOME":null,"PREMIUM_INCOME_YOY":null,"NET_INTEREST_INCOME":null,"NET_INTEREST_INCOME_YOY":null,"FEE_COMMISSION_INCOME":null,"FEE_COMMISSION_INCOME_YOY":null,"ACCOUNTS_RECE_TDAYS":null,"INVENTORY_TDAYS":0.001072059567,"CURRENT_ASSETS_TDAYS":0.000372667782,"TOTAL_ASSETS_TDAYS":0.000347627665,"PREMIUM_EXPENSE":null,"LOAN_DEPOSIT":null,"LOAN_EQUITY":null,"LOAN_ASSETS":null,"DEPOSIT_EQUITY":null,"DEPOSIT_ASSETS":null,"EQUITY_MULTIPLIER":2.555317877123,"EQUITY_RATIO":1.552003060556},{"SECUCODE":"01124.HK","SECURITY_CODE":"01124","SECURITY_NAME_ABBR":"沿海家园","ORG_CODE":"10010500","STD_REPORT_DATE":"2020-12-31 00:00:00","REPORT_DATE":"2021-03-31 00:00:00","DATE_TYPE_CODE":"001","REPORT_TYPE":"2020年年报","PER_NETCASH_OPERATE":-0.254068712204,"PER_OI":0.026416944036,"BPS":8.894615727109,"BASIC_EPS":-0.057303204,"DILUTED_EPS":-0.057303204,"OPERATE_INCOME":109525185.84,"OPERATE_INCOME_YOY":318.5118201783,"GROSS_PROFIT":28237463.8,"GROSS_PROFIT_YOY":891.164985314066,"HOLDER_PROFIT":-237519245.04,"HOLDER_PROFIT_YOY":16.5554183097,"GROSS_PROFIT_RATIO":25.781708182856,"EPS_TTM":-0.058949948302,"OPERATE_INCOME_QOQ":0,"NET_PROFIT_RATIO":-220.0489242831,"ROE_AVG":-6.440702282875,"GROSS_PROFIT_QOQ":0,"ROA":-2.928104128429,"HOLDER_PROFIT_QOQ":0,"ROE_YEARLY":-6.440702282875,"ROIC_YEARLY":-2.9901251115,"TOTAL_ASSETS":8425735493.98,"TOTAL_LIABILITIES":4676505181.46,"TAX_EBT":0.467718684663,"OCF_SALES":-961.764206562336,"TOTAL_PARENT_EQUITY":3687725718.74,"DEBT_ASSET_RATIO":55.5026345748,"OPERATE_PROFIT":-50464007.44,"PRETAX_PROFIT":-242141534.46,"NETCASH_OPERATE":-1053374034.58,"NETCASH_INVEST":441629369.86,"NETCASH_FINANCE":681565829.7,"END_CASH":145987096.22,"DIVI_RATIO":null,"DIVIDEND_RATE":null,"CURRENT_RATIO":2.033177178178,"COMMON_ACS":700000000,"CURRENTDEBT_DEBT":82.423890057503,"ISSUED_COMMON_SHARES":414602028,"HK_COMMON_SHARES":414602028,"PER_SHARES":10000,"TOTAL_MARKET_CAP":60117294.06,"HKSK_MARKET_CAP":60117294.06,"PE_TTM":-0.093507956871,"PB_TTM":0.045514199646,"REPORT_DATE_SQ":"2019-12-31 00:00:00","REPORT_TYPE_SQ":"2019年年报","OPERATE_INCOME_SQ":28291806.8,"DPS_HKD":null,"OPERATE_INCOME_QOQ_SQ":0,"NET_PROFIT_RATIO_SQ":-1193.5311975197,"HOLDER_PROFIT_SQ":-307719540.8,"HOLDER_PROFIT_QOQ_SQ":0,"ROE_AVG_SQ":-7.199910809219,"PE_TTM_SQ":-0.194427484437,"PB_TTM_SQ":0.04282574454,"ROA_SQ":-3.756660986232,"START_DATE":"2020-04-01 00:00:00","FISCAL_YEAR":"3-31","CURRENCY":"HKD","IS_CNY_CODE":0,"DPS_HKD_LY":null,"ORG_TYPE":"一般企业","PREMIUM_INCOME":null,"PREMIUM_INCOME_YOY":null,"NET_INTEREST_INCOME":null,"NET_INTEREST_INCOME_YOY":null,"FEE_COMMISSION_INCOME":null,"FEE_COMMISSION_INCOME_YOY":null,"ACCOUNTS_RECE_TDAYS":null,"INVENTORY_TDAYS":0.057684689459,"CURRENT_ASSETS_TDAYS":0.014567934738,"TOTAL_ASSETS_TDAYS":0.013502112167,"PREMIUM_EXPENSE":null,"LOAN_DEPOSIT":null,"LOAN_EQUITY":null,"LOAN_ASSETS":null,"DEPOSIT_EQUITY":null,"DEPOSIT_ASSETS":null,"EQUITY_MULTIPLIER":2.247324061648,"EQUITY_RATIO":1.268127170547},{"SECUCODE":"01124.HK","SECURITY_CODE":"01124","SECURITY_NAME_ABBR":"沿海家园","ORG_CODE":"10010500","STD_REPORT_DATE":"2020-06-30 00:00:00","REPORT_DATE":"2020-09-30 00:00:00","DATE_TYPE_CODE":"002","REPORT_TYPE":"2020年中报","PER_NETCASH_OPERATE":-0.125227372562,"PER_OI":0.007372861332,"BPS":9.398627425527,"BASIC_EPS":-0.013795904,"DILUTED_EPS":-0.013795904,"OPERATE_INCOME":30568032.64,"OPERATE_INCOME_YOY":59.6979295781,"GROSS_PROFIT":24235976.32,"GROSS_PROFIT_YOY":1101.64827670994,"HOLDER_PROFIT":-57166008.32,"HOLDER_PROFIT_YOY":51.2929937259,"GROSS_PROFIT_RATIO":79.285365222641,"EPS_TTM":-0.074220461948,"OPERATE_INCOME_QOQ":0,"NET_PROFIT_RATIO":-186.9778940409,"ROE_AVG":-1.478900054445,"GROSS_PROFIT_QOQ":0,"ROA":-0.713989859535,"HOLDER_PROFIT_QOQ":0,"ROE_YEARLY":-2.95780010889,"ROIC_YEARLY":-1.451693820377,"TOTAL_ASSETS":7905993222.4,"TOTAL_LIABILITIES":3947294597.12,"TAX_EBT":1.484308736217,"OCF_SALES":-1698.49081553454,"TOTAL_PARENT_EQUITY":3896689991.04,"DEBT_ASSET_RATIO":49.9278773214,"OPERATE_PROFIT":6545585.28,"PRETAX_PROFIT":-58016609.28,"NETCASH_OPERATE":-518380653.44,"NETCASH_INVEST":404844757.12,"NETCASH_FINANCE":-12596451.2,"END_CASH":65559541.76,"DIVI_RATIO":null,"DIVIDEND_RATE":null,"CURRENT_RATIO":2.88209848708,"COMMON_ACS":700000000,"CURRENTDEBT_DEBT":63.782875521805,"ISSUED_COMMON_SHARES":414602028,"HK_COMMON_SHARES":414602028,"PER_SHARES":10000,"TOTAL_MARKET_CAP":60117294.06,"HKSK_MARKET_CAP":60117294.06,"PE_TTM":-0.093507956871,"PB_TTM":0.045514199646,"REPORT_DATE_SQ":"2019-06-30 00:00:00","REPORT_TYPE_SQ":"2019年中报","OPERATE_INCOME_SQ":19648483.83,"DPS_HKD":null,"OPERATE_INCOME_QOQ_SQ":0,"NET_PROFIT_RATIO_SQ":-648.381765597,"HOLDER_PROFIT_SQ":-120477867.66,"HOLDER_PROFIT_QOQ_SQ":0,"ROE_AVG_SQ":-2.791421175205,"PE_TTM_SQ":-0.194427484437,"PB_TTM_SQ":0.04282574454,"ROA_SQ":-1.476742189489,"START_DATE":"2020-04-01 00:00:00","FISCAL_YEAR":"3-31","CURRENCY":"HKD","IS_CNY_CODE":0,"DPS_HKD_LY":null,"ORG_TYPE":"一般企业","PREMIUM_INCOME":null,"PREMIUM_INCOME_YOY":null,"NET_INTEREST_INCOME":null,"NET_INTEREST_INCOME_YOY":null,"FEE_COMMISSION_INCOME":null,"FEE_COMMISSION_INCOME_YOY":null,"ACCOUNTS_RECE_TDAYS":null,"INVENTORY_TDAYS":0.00419769354,"CURRENT_ASSETS_TDAYS":0.004147226975,"TOTAL_ASSETS_TDAYS":0.003817874638,"PREMIUM_EXPENSE":null,"LOAN_DEPOSIT":null,"LOAN_EQUITY":null,"LOAN_ASSETS":null,"DEPOSIT_EQUITY":null,"DEPOSIT_ASSETS":null,"EQUITY_MULTIPLIER":1.997119248207,"EQUITY_RATIO":1.012986561979}],"count":45},"success":true,"message":"ok","code":0}