{"version":"86996fda43a7504ec2d6e8a974c35b7e","result":{"pages":6,"data":[{"SECUCODE":"01132.HK","SECURITY_CODE":"01132","SECURITY_NAME_ABBR":"橙天嘉禾","ORG_CODE":"10010507","STD_REPORT_DATE":"2024-06-30 00:00:00","REPORT_DATE":"2024-06-30 00:00:00","DATE_TYPE_CODE":"002","REPORT_TYPE":"2024年中报","PER_NETCASH_OPERATE":0.031367629785,"PER_OI":0.123084230802,"BPS":0.436635672306,"BASIC_EPS":-0.026376452,"DILUTED_EPS":-0.026376452,"OPERATE_INCOME":344595111.52,"OPERATE_INCOME_YOY":-4.7041660567,"GROSS_PROFIT":207756999.12,"GROSS_PROFIT_YOY":-12.195195951855,"HOLDER_PROFIT":-73970888.64,"HOLDER_PROFIT_YOY":-232.8459958932,"GROSS_PROFIT_RATIO":60.290175970167,"EPS_TTM":-0.047663187619,"OPERATE_INCOME_QOQ":-2.8554733563,"NET_PROFIT_RATIO":-21.4660296003,"ROE_AVG":-5.785128391263,"GROSS_PROFIT_QOQ":-6.143269760257,"ROA":-2.448684000031,"HOLDER_PROFIT_QOQ":-62.891084662058,"ROE_YEARLY":-11.570256782526,"ROIC_YEARLY":-5.307299747218,"TOTAL_ASSETS":2913686178.68,"TOTAL_LIABILITIES":1692356968.96,"TAX_EBT":-1.944964097279,"OCF_SALES":25.484686039983,"TOTAL_PARENT_EQUITY":1222435377.88,"DEBT_ASSET_RATIO":58.0830214779,"OPERATE_PROFIT":-307992992.8,"PRETAX_PROFIT":-325896123.68,"NETCASH_OPERATE":87818982.28,"NETCASH_INVEST":262782476.32,"NETCASH_FINANCE":-107073792.24,"END_CASH":355020655.16,"DIVI_RATIO":null,"DIVIDEND_RATE":null,"CURRENT_RATIO":0.623059519352,"COMMON_ACS":6000000000,"CURRENTDEBT_DEBT":47.815854416181,"ISSUED_COMMON_SHARES":2799669050,"HK_COMMON_SHARES":2799669050,"PER_SHARES":5000,"TOTAL_MARKET_CAP":106387423.9,"HKSK_MARKET_CAP":106387423.9,"PE_TTM":-0.723251644504,"PB_TTM":0.079429698945,"REPORT_DATE_SQ":"2023-06-30 00:00:00","REPORT_TYPE_SQ":"2023年中报","OPERATE_INCOME_SQ":365290319.96,"DPS_HKD":null,"OPERATE_INCOME_QOQ_SQ":13.615102291232,"NET_PROFIT_RATIO_SQ":-6.1458548922,"HOLDER_PROFIT_SQ":-22450213,"HOLDER_PROFIT_QOQ_SQ":-31.944961733385,"ROE_AVG_SQ":-1.615119910217,"PE_TTM_SQ":-2.018473041649,"PB_TTM_SQ":0.080444991674,"ROA_SQ":-0.695726411232,"START_DATE":"2024-01-01 00:00:00","FISCAL_YEAR":"12-31","CURRENCY":"HKD","IS_CNY_CODE":0,"DPS_HKD_LY":null,"ORG_TYPE":"一般企业","PREMIUM_INCOME":null,"PREMIUM_INCOME_YOY":null,"NET_INTEREST_INCOME":null,"NET_INTEREST_INCOME_YOY":null,"FEE_COMMISSION_INCOME":null,"FEE_COMMISSION_INCOME_YOY":null,"ACCOUNTS_RECE_TDAYS":13.329473442658,"INVENTORY_TDAYS":23.014813109218,"CURRENT_ASSETS_TDAYS":0.918179176308,"TOTAL_ASSETS_TDAYS":0.114072515767,"PREMIUM_EXPENSE":null,"LOAN_DEPOSIT":null,"LOAN_EQUITY":null,"LOAN_ASSETS":null,"DEPOSIT_EQUITY":null,"DEPOSIT_ASSETS":null,"EQUITY_MULTIPLIER":2.385668135581,"EQUITY_RATIO":1.384414259914},{"SECUCODE":"01132.HK","SECURITY_CODE":"01132","SECURITY_NAME_ABBR":"橙天嘉禾","ORG_CODE":"10010507","STD_REPORT_DATE":"2023-12-31 00:00:00","REPORT_DATE":"2023-12-31 00:00:00","DATE_TYPE_CODE":"001","REPORT_TYPE":"2023年年报","PER_NETCASH_OPERATE":0.047173355772,"PER_OI":0.25887195079,"BPS":0.473410910279,"BASIC_EPS":-0.029270906,"DILUTED_EPS":-0.029270906,"OPERATE_INCOME":724755788.54,"OPERATE_INCOME_YOY":14.9081102361,"GROSS_PROFIT":469706513.08,"GROSS_PROFIT_YOY":17.09269194385,"HOLDER_PROFIT":-81920475.56,"HOLDER_PROFIT_YOY":-95.8956355914,"GROSS_PROFIT_RATIO":64.808935714223,"EPS_TTM":-0.029260771219,"OPERATE_INCOME_QOQ":2.604288359401,"NET_PROFIT_RATIO":-11.3035584559,"ROE_AVG":-6.064314009613,"GROSS_PROFIT_QOQ":2.383219518361,"ROA":-2.5979512517,"HOLDER_PROFIT_QOQ":-50.620069219022,"ROE_YEARLY":-6.064314009613,"ROIC_YEARLY":-2.758828216723,"TOTAL_ASSETS":3105858806.96,"TOTAL_LIABILITIES":1781594083.64,"TAX_EBT":-9.433711020724,"OCF_SALES":18.222660133015,"TOTAL_PARENT_EQUITY":1325393873.44,"DEBT_ASSET_RATIO":57.3623655927,"OPERATE_PROFIT":-41287383.2,"PRETAX_PROFIT":-74861021.76,"NETCASH_OPERATE":132069784.14,"NETCASH_INVEST":-104321327.74,"NETCASH_FINANCE":-172822497.54,"END_CASH":113071788.06,"DIVI_RATIO":null,"DIVIDEND_RATE":null,"CURRENT_RATIO":0.486520285794,"COMMON_ACS":6000000000,"CURRENTDEBT_DEBT":28.227656485731,"ISSUED_COMMON_SHARES":2799669050,"HK_COMMON_SHARES":2799669050,"PER_SHARES":5000,"TOTAL_MARKET_CAP":109187092.95,"HKSK_MARKET_CAP":109187092.95,"PE_TTM":-0.742284582518,"PB_TTM":0.081519954181,"REPORT_DATE_SQ":"2022-12-31 00:00:00","REPORT_TYPE_SQ":"2022年年报","OPERATE_INCOME_SQ":621713240.19,"DPS_HKD":null,"OPERATE_INCOME_QOQ_SQ":14.394934331712,"NET_PROFIT_RATIO_SQ":-6.6304883498,"HOLDER_PROFIT_SQ":-41220837.42,"HOLDER_PROFIT_QOQ_SQ":64.69369789954,"ROE_AVG_SQ":-3.011533574494,"PE_TTM_SQ":-2.065414275175,"PB_TTM_SQ":0.082315805434,"ROA_SQ":-1.169302280324,"START_DATE":"2023-01-01 00:00:00","FISCAL_YEAR":"12-31","CURRENCY":"HKD","IS_CNY_CODE":0,"DPS_HKD_LY":null,"ORG_TYPE":"一般企业","PREMIUM_INCOME":null,"PREMIUM_INCOME_YOY":null,"NET_INTEREST_INCOME":null,"NET_INTEREST_INCOME_YOY":null,"FEE_COMMISSION_INCOME":null,"FEE_COMMISSION_INCOME_YOY":null,"ACCOUNTS_RECE_TDAYS":43.013876189964,"INVENTORY_TDAYS":51.735845588235,"CURRENT_ASSETS_TDAYS":2.079456784859,"TOTAL_ASSETS_TDAYS":0.229842441117,"PREMIUM_EXPENSE":null,"LOAN_DEPOSIT":null,"LOAN_EQUITY":null,"LOAN_ASSETS":null,"DEPOSIT_EQUITY":null,"DEPOSIT_ASSETS":null,"EQUITY_MULTIPLIER":2.345345875541,"EQUITY_RATIO":1.344199727599},{"SECUCODE":"01132.HK","SECURITY_CODE":"01132","SECURITY_NAME_ABBR":"橙天嘉禾","ORG_CODE":"10010507","STD_REPORT_DATE":"2023-06-30 00:00:00","REPORT_DATE":"2023-06-30 00:00:00","DATE_TYPE_CODE":"002","REPORT_TYPE":"2023年中报","PER_NETCASH_OPERATE":0.021964159685,"PER_OI":0.130476250384,"BPS":0.492822973501,"BASIC_EPS":-0.008021226,"DILUTED_EPS":-0.008021226,"OPERATE_INCOME":365290319.96,"OPERATE_INCOME_YOY":20.7325583167,"GROSS_PROFIT":236612337.3,"GROSS_PROFIT_YOY":32.200323846718,"HOLDER_PROFIT":-22450213,"HOLDER_PROFIT_YOY":-124.3412566796,"GROSS_PROFIT_RATIO":64.773777012736,"EPS_TTM":-0.019426874101,"OPERATE_INCOME_QOQ":13.615102291232,"NET_PROFIT_RATIO":-6.1458548922,"ROE_AVG":-1.615119910217,"GROSS_PROFIT_QOQ":14.367073525023,"ROA":-0.695726411232,"HOLDER_PROFIT_QOQ":-31.944961733385,"ROE_YEARLY":-3.230239820433,"ROIC_YEARLY":-1.490557684353,"TOTAL_ASSETS":3197398980.6,"TOTAL_LIABILITIES":1818783492.14,"TAX_EBT":-28.139345317259,"OCF_SALES":16.833837285021,"TOTAL_PARENT_EQUITY":1379741226.04,"DEBT_ASSET_RATIO":56.8832198664,"OPERATE_PROFIT":-4297348.78,"PRETAX_PROFIT":-21490431.82,"NETCASH_OPERATE":61492378.08,"NETCASH_INVEST":-73946483.92,"NETCASH_FINANCE":-78523192.64,"END_CASH":169962403.1,"DIVI_RATIO":null,"DIVIDEND_RATE":null,"CURRENT_RATIO":0.495434584563,"COMMON_ACS":6000000000,"CURRENTDEBT_DEBT":46.462627484358,"ISSUED_COMMON_SHARES":2799669050,"HK_COMMON_SHARES":2799669050,"PER_SHARES":5000,"TOTAL_MARKET_CAP":109187092.95,"HKSK_MARKET_CAP":109187092.95,"PE_TTM":-0.742284582518,"PB_TTM":0.081519954181,"REPORT_DATE_SQ":"2022-06-30 00:00:00","REPORT_TYPE_SQ":"2022年中报","OPERATE_INCOME_SQ":280643426.35,"DPS_HKD":null,"OPERATE_INCOME_QOQ_SQ":29.097759441519,"NET_PROFIT_RATIO_SQ":-3.3074825164,"HOLDER_PROFIT_SQ":-9282232.26,"HOLDER_PROFIT_QOQ_SQ":54.544914048481,"ROE_AVG_SQ":-0.710320557183,"PE_TTM_SQ":-2.065414275175,"PB_TTM_SQ":0.082315805434,"ROA_SQ":-0.26169537082,"START_DATE":"2023-01-01 00:00:00","FISCAL_YEAR":"12-31","CURRENCY":"HKD","IS_CNY_CODE":0,"DPS_HKD_LY":null,"ORG_TYPE":"一般企业","PREMIUM_INCOME":null,"PREMIUM_INCOME_YOY":null,"NET_INTEREST_INCOME":null,"NET_INTEREST_INCOME_YOY":null,"FEE_COMMISSION_INCOME":null,"FEE_COMMISSION_INCOME_YOY":null,"ACCOUNTS_RECE_TDAYS":16.973781166995,"INVENTORY_TDAYS":36.607737704918,"CURRENT_ASSETS_TDAYS":0.831218582949,"TOTAL_ASSETS_TDAYS":0.113202544387,"PREMIUM_EXPENSE":null,"LOAN_DEPOSIT":null,"LOAN_EQUITY":null,"LOAN_ASSETS":null,"DEPOSIT_EQUITY":null,"DEPOSIT_ASSETS":null,"EQUITY_MULTIPLIER":2.319282647965,"EQUITY_RATIO":1.318206238832},{"SECUCODE":"01132.HK","SECURITY_CODE":"01132","SECURITY_NAME_ABBR":"橙天嘉禾","ORG_CODE":"10010507","STD_REPORT_DATE":"2022-12-31 00:00:00","REPORT_DATE":"2022-12-31 00:00:00","DATE_TYPE_CODE":"001","REPORT_TYPE":"2022年年报","PER_NETCASH_OPERATE":0.033783955268,"PER_OI":0.222066690415,"BPS":0.484579046463,"BASIC_EPS":-0.014738955,"DILUTED_EPS":-0.014738955,"OPERATE_INCOME":621713240.19,"OPERATE_INCOME_YOY":35.1710328782,"GROSS_PROFIT":401140758.9,"GROSS_PROFIT_YOY":52.56018944847,"HOLDER_PROFIT":-41220837.42,"HOLDER_PROFIT_YOY":85.3109790452,"GROSS_PROFIT_RATIO":64.521829835473,"EPS_TTM":-0.014723467911,"OPERATE_INCOME_QOQ":14.394934331712,"NET_PROFIT_RATIO":-6.6304883498,"ROE_AVG":-3.011533574494,"GROSS_PROFIT_QOQ":16.231594566636,"ROA":-1.169302280324,"HOLDER_PROFIT_QOQ":64.69369789954,"ROE_YEARLY":-3.011533574494,"ROIC_YEARLY":-1.334348663577,"TOTAL_ASSETS":3154947459.16,"TOTAL_LIABILITIES":1799417380.32,"TAX_EBT":1.150262396916,"OCF_SALES":15.213427644085,"TOTAL_PARENT_EQUITY":1356660958.66,"DEBT_ASSET_RATIO":57.0347812004,"OPERATE_PROFIT":16632687.4,"PRETAX_PROFIT":-41702309.95,"NETCASH_OPERATE":94583893.95,"NETCASH_INVEST":146547196.39,"NETCASH_FINANCE":-603188606.93,"END_CASH":253289388.31,"DIVI_RATIO":null,"DIVIDEND_RATE":null,"CURRENT_RATIO":0.551822861684,"COMMON_ACS":6000000000,"CURRENTDEBT_DEBT":44.908747746245,"ISSUED_COMMON_SHARES":2799669050,"HK_COMMON_SHARES":2799669050,"PER_SHARES":5000,"TOTAL_MARKET_CAP":109187092.95,"HKSK_MARKET_CAP":109187092.95,"PE_TTM":-0.742284582518,"PB_TTM":0.081519954181,"REPORT_DATE_SQ":"2021-12-31 00:00:00","REPORT_TYPE_SQ":"2021年年报","OPERATE_INCOME_SQ":420983057.6,"DPS_HKD":null,"OPERATE_INCOME_QOQ_SQ":38.96349659918,"NET_PROFIT_RATIO_SQ":-61.1595238696,"HOLDER_PROFIT_SQ":-256851492.8,"HOLDER_PROFIT_QOQ_SQ":-2.761091611251,"ROE_AVG_SQ":-18.322275334831,"PE_TTM_SQ":-2.065414275175,"PB_TTM_SQ":0.082315805434,"ROA_SQ":-7.378574693292,"START_DATE":"2022-01-01 00:00:00","FISCAL_YEAR":"12-31","CURRENCY":"HKD","IS_CNY_CODE":0,"DPS_HKD_LY":null,"ORG_TYPE":"一般企业","PREMIUM_INCOME":null,"PREMIUM_INCOME_YOY":null,"NET_INTEREST_INCOME":null,"NET_INTEREST_INCOME_YOY":null,"FEE_COMMISSION_INCOME":null,"FEE_COMMISSION_INCOME_YOY":null,"ACCOUNTS_RECE_TDAYS":41.774023167877,"INVENTORY_TDAYS":70.4197918152,"CURRENT_ASSETS_TDAYS":0.896696509439,"TOTAL_ASSETS_TDAYS":0.176360005027,"PREMIUM_EXPENSE":null,"LOAN_DEPOSIT":null,"LOAN_EQUITY":null,"LOAN_ASSETS":null,"DEPOSIT_EQUITY":null,"DEPOSIT_ASSETS":null,"EQUITY_MULTIPLIER":2.327463999809,"EQUITY_RATIO":1.32635745787},{"SECUCODE":"01132.HK","SECURITY_CODE":"01132","SECURITY_NAME_ABBR":"橙天嘉禾","ORG_CODE":"10010507","STD_REPORT_DATE":"2022-06-30 00:00:00","REPORT_DATE":"2022-06-30 00:00:00","DATE_TYPE_CODE":"002","REPORT_TYPE":"2022年中报","PER_NETCASH_OPERATE":0.01605564657,"PER_OI":0.100241643329,"BPS":0.46131499641,"BASIC_EPS":-0.003335241,"DILUTED_EPS":-0.003335241,"OPERATE_INCOME":280643426.35,"OPERATE_INCOME_YOY":72.6620786901,"GROSS_PROFIT":178980149.53,"GROSS_PROFIT_YOY":84.901565664487,"HOLDER_PROFIT":-9282232.26,"HOLDER_PROFIT_YOY":93.9541464284,"GROSS_PROFIT_RATIO":63.774930294212,"EPS_TTM":-0.04170209576,"OPERATE_INCOME_QOQ":29.097759441519,"NET_PROFIT_RATIO":-3.3074825164,"ROE_AVG":-0.710320557183,"GROSS_PROFIT_QOQ":31.255352744048,"ROA":-0.26169537082,"HOLDER_PROFIT_QOQ":54.544914048481,"ROE_YEARLY":-1.420641114367,"ROIC_YEARLY":-0.617755959077,"TOTAL_ASSETS":3364434621.03,"TOTAL_LIABILITIES":2074034154.08,"TAX_EBT":-9.074464877902,"OCF_SALES":16.016942696509,"TOTAL_PARENT_EQUITY":1291529317.75,"DEBT_ASSET_RATIO":61.6458450735,"OPERATE_PROFIT":25794240.78,"PRETAX_PROFIT":-8509995.69,"NETCASH_OPERATE":44950496.78,"NETCASH_INVEST":150362071.37,"NETCASH_FINANCE":-292569050.9,"END_CASH":491264750.69,"DIVI_RATIO":null,"DIVIDEND_RATE":null,"CURRENT_RATIO":0.684374628614,"COMMON_ACS":6000000000,"CURRENTDEBT_DEBT":48.573497298403,"ISSUED_COMMON_SHARES":2799669050,"HK_COMMON_SHARES":2799669050,"PER_SHARES":5000,"TOTAL_MARKET_CAP":109187092.95,"HKSK_MARKET_CAP":109187092.95,"PE_TTM":-0.742284582518,"PB_TTM":0.081519954181,"REPORT_DATE_SQ":"2021-06-30 00:00:00","REPORT_TYPE_SQ":"2021年中报","OPERATE_INCOME_SQ":158146788.96,"DPS_HKD":null,"OPERATE_INCOME_QOQ_SQ":11.560700292497,"NET_PROFIT_RATIO_SQ":-94.457598047,"HOLDER_PROFIT_SQ":-149381658.24,"HOLDER_PROFIT_QOQ_SQ":-3.056821523476,"ROE_AVG_SQ":-10.066521196815,"PE_TTM_SQ":-2.065414275175,"PB_TTM_SQ":0.082315805434,"ROA_SQ":-4.466483955011,"START_DATE":"2022-01-01 00:00:00","FISCAL_YEAR":"12-31","CURRENCY":"HKD","IS_CNY_CODE":0,"DPS_HKD_LY":null,"ORG_TYPE":"一般企业","PREMIUM_INCOME":null,"PREMIUM_INCOME_YOY":null,"NET_INTEREST_INCOME":null,"NET_INTEREST_INCOME_YOY":null,"FEE_COMMISSION_INCOME":null,"FEE_COMMISSION_INCOME_YOY":null,"ACCOUNTS_RECE_TDAYS":19.719676711835,"INVENTORY_TDAYS":36.753130313804,"CURRENT_ASSETS_TDAYS":0.352987239151,"TOTAL_ASSETS_TDAYS":0.07912222348,"PREMIUM_EXPENSE":null,"LOAN_DEPOSIT":null,"LOAN_EQUITY":null,"LOAN_ASSETS":null,"DEPOSIT_EQUITY":null,"DEPOSIT_ASSETS":null,"EQUITY_MULTIPLIER":2.607279450991,"EQUITY_RATIO":1.605874621331},{"SECUCODE":"01132.HK","SECURITY_CODE":"01132","SECURITY_NAME_ABBR":"橙天嘉禾","ORG_CODE":"10010507","STD_REPORT_DATE":"2021-12-31 00:00:00","REPORT_DATE":"2021-12-31 00:00:00","DATE_TYPE_CODE":"001","REPORT_TYPE":"2021年年报","PER_NETCASH_OPERATE":0.025138623295,"PER_OI":0.150368865063,"BPS":0.451444479125,"BASIC_EPS":-0.09173472,"DILUTED_EPS":-0.09173472,"OPERATE_INCOME":420983057.6,"OPERATE_INCOME_YOY":59.5869776783,"GROSS_PROFIT":262939342.4,"GROSS_PROFIT_YOY":53.074631698069,"HOLDER_PROFIT":-256851492.8,"HOLDER_PROFIT_YOY":-9.0161744242,"GROSS_PROFIT_RATIO":62.45841433596,"EPS_TTM":-0.091743519756,"OPERATE_INCOME_QOQ":38.96349659918,"NET_PROFIT_RATIO":-61.1595238696,"ROE_AVG":-18.322275334831,"GROSS_PROFIT_QOQ":41.417305207429,"ROA":-7.378574693292,"HOLDER_PROFIT_QOQ":-2.761091611251,"ROE_YEARLY":-18.322275334831,"ROIC_YEARLY":-9.19068477481,"TOTAL_ASSETS":3565556870.4,"TOTAL_LIABILITIES":2302787569.6,"TAX_EBT":4.963513782676,"OCF_SALES":16.71797102744,"TOTAL_PARENT_EQUITY":1263895136,"DEBT_ASSET_RATIO":64.5842333554,"OPERATE_PROFIT":-179558859.2,"PRETAX_PROFIT":-270918300.8,"NETCASH_OPERATE":70379825.6,"NETCASH_INVEST":-88051432,"NETCASH_FINANCE":-219165038.4,"END_CASH":568533694.4,"DIVI_RATIO":null,"DIVIDEND_RATE":null,"CURRENT_RATIO":0.712746438982,"COMMON_ACS":6000000000,"CURRENTDEBT_DEBT":52.461778200837,"ISSUED_COMMON_SHARES":2799669050,"HK_COMMON_SHARES":2799669050,"PER_SHARES":5000,"TOTAL_MARKET_CAP":109187092.95,"HKSK_MARKET_CAP":109187092.95,"PE_TTM":-0.742284582518,"PB_TTM":0.081519954181,"REPORT_DATE_SQ":"2020-12-31 00:00:00","REPORT_TYPE_SQ":"2020年年报","OPERATE_INCOME_SQ":271551779.44,"DPS_HKD":null,"OPERATE_INCOME_QOQ_SQ":-55.264699700681,"NET_PROFIT_RATIO_SQ":-89.3158446099,"HOLDER_PROFIT_SQ":-242536240.44,"HOLDER_PROFIT_QOQ_SQ":-36.692353894391,"ROE_AVG_SQ":-14.266512600549,"PE_TTM_SQ":-2.065414275175,"PB_TTM_SQ":0.082315805434,"ROA_SQ":-6.492950372937,"START_DATE":"2021-01-01 00:00:00","FISCAL_YEAR":"12-31","CURRENCY":"HKD","IS_CNY_CODE":0,"DPS_HKD_LY":null,"ORG_TYPE":"一般企业","PREMIUM_INCOME":null,"PREMIUM_INCOME_YOY":null,"NET_INTEREST_INCOME":null,"NET_INTEREST_INCOME_YOY":null,"FEE_COMMISSION_INCOME":null,"FEE_COMMISSION_INCOME_YOY":null,"ACCOUNTS_RECE_TDAYS":36.705232392358,"INVENTORY_TDAYS":60.501408450704,"CURRENT_ASSETS_TDAYS":0.454352207429,"TOTAL_ASSETS_TDAYS":0.120935833436,"PREMIUM_EXPENSE":null,"LOAN_DEPOSIT":null,"LOAN_EQUITY":null,"LOAN_ASSETS":null,"DEPOSIT_EQUITY":null,"DEPOSIT_ASSETS":null,"EQUITY_MULTIPLIER":2.823601166212,"EQUITY_RATIO":1.821976763743},{"SECUCODE":"01132.HK","SECURITY_CODE":"01132","SECURITY_NAME_ABBR":"橙天嘉禾","ORG_CODE":"10010507","STD_REPORT_DATE":"2021-06-30 00:00:00","REPORT_DATE":"2021-06-30 00:00:00","DATE_TYPE_CODE":"002","REPORT_TYPE":"2021年中报","PER_NETCASH_OPERATE":-0.00731217293,"PER_OI":0.056487672698,"BPS":0.500347536463,"BASIC_EPS":-0.053336328,"DILUTED_EPS":-0.053336328,"OPERATE_INCOME":158146788.96,"OPERATE_INCOME_YOY":36.9668143984,"GROSS_PROFIT":96797530.56,"GROSS_PROFIT_YOY":17.134401394376,"HOLDER_PROFIT":-149381658.24,"HOLDER_PROFIT_YOY":-15.5107739623,"GROSS_PROFIT_RATIO":61.207395481475,"EPS_TTM":-0.089278459695,"OPERATE_INCOME_QOQ":11.560700292497,"NET_PROFIT_RATIO":-94.457598047,"ROE_AVG":-10.066521196815,"GROSS_PROFIT_QOQ":8.24321073969,"ROA":-4.466483955011,"HOLDER_PROFIT_QOQ":-3.056821523476,"ROE_YEARLY":-20.13304239363,"ROIC_YEARLY":-11.462792995889,"TOTAL_ASSETS":3232317937.92,"TOTAL_LIABILITIES":1832011338,"TAX_EBT":3.058447449134,"OCF_SALES":-12.944723300818,"TOTAL_PARENT_EQUITY":1400807512.08,"DEBT_ASSET_RATIO":56.6779436054,"OPERATE_PROFIT":-106714260,"PRETAX_PROFIT":-154094559.36,"NETCASH_OPERATE":-20471664.24,"NETCASH_INVEST":-26685637.68,"NETCASH_FINANCE":-114036564,"END_CASH":657200082.24,"DIVI_RATIO":null,"DIVIDEND_RATE":null,"CURRENT_RATIO":2.274564104637,"COMMON_ACS":6000000000,"CURRENTDEBT_DEBT":20.222007743928,"ISSUED_COMMON_SHARES":2799669050,"HK_COMMON_SHARES":2799669050,"PER_SHARES":5000,"TOTAL_MARKET_CAP":109187092.95,"HKSK_MARKET_CAP":109187092.95,"PE_TTM":-0.742284582518,"PB_TTM":0.081519954181,"REPORT_DATE_SQ":"2020-06-30 00:00:00","REPORT_TYPE_SQ":"2020年中报","OPERATE_INCOME_SQ":126753501.6,"DPS_HKD":null,"OPERATE_INCOME_QOQ_SQ":-36.12215906761,"NET_PROFIT_RATIO_SQ":-112.0030266998,"HOLDER_PROFIT_SQ":-141967758.24,"HOLDER_PROFIT_QOQ_SQ":-464.446697697348,"ROE_AVG_SQ":-7.570385574763,"PE_TTM_SQ":-2.065414275175,"PB_TTM_SQ":0.082315805434,"ROA_SQ":-3.400791113187,"START_DATE":"2021-01-01 00:00:00","FISCAL_YEAR":"12-31","CURRENCY":"HKD","IS_CNY_CODE":0,"DPS_HKD_LY":null,"ORG_TYPE":"一般企业","PREMIUM_INCOME":null,"PREMIUM_INCOME_YOY":null,"NET_INTEREST_INCOME":null,"NET_INTEREST_INCOME_YOY":null,"FEE_COMMISSION_INCOME":null,"FEE_COMMISSION_INCOME_YOY":null,"ACCOUNTS_RECE_TDAYS":13.471930819393,"INVENTORY_TDAYS":26.318043905051,"CURRENT_ASSETS_TDAYS":0.17075882479,"TOTAL_ASSETS_TDAYS":0.047285597425,"PREMIUM_EXPENSE":null,"LOAN_DEPOSIT":null,"LOAN_EQUITY":null,"LOAN_ASSETS":null,"DEPOSIT_EQUITY":null,"DEPOSIT_ASSETS":null,"EQUITY_MULTIPLIER":2.308293011051,"EQUITY_RATIO":1.307825180977},{"SECUCODE":"01132.HK","SECURITY_CODE":"01132","SECURITY_NAME_ABBR":"橙天嘉禾","ORG_CODE":"10010507","STD_REPORT_DATE":"2020-12-31 00:00:00","REPORT_DATE":"2020-12-31 00:00:00","DATE_TYPE_CODE":"001","REPORT_TYPE":"2020年年报","PER_NETCASH_OPERATE":-0.058084233549,"PER_OI":0.096994242745,"BPS":0.566169613683,"BASIC_EPS":-0.086604756,"DILUTED_EPS":-0.086604756,"OPERATE_INCOME":271551779.44,"OPERATE_INCOME_YOY":-69.5858572719,"GROSS_PROFIT":171771990.88,"GROSS_PROFIT_YOY":-71.320754141173,"HOLDER_PROFIT":-242536240.44,"HOLDER_PROFIT_YOY":-721.1871651658,"GROSS_PROFIT_RATIO":63.25570439429,"EPS_TTM":-0.086630325266,"OPERATE_INCOME_QOQ":-55.264699700681,"NET_PROFIT_RATIO":-89.3158446099,"ROE_AVG":-14.266512600549,"GROSS_PROFIT_QOQ":-55.640099841159,"ROA":-6.492950372937,"HOLDER_PROFIT_QOQ":-36.692353894391,"ROE_YEARLY":-14.266512600549,"ROIC_YEARLY":-8.446084917488,"TOTAL_ASSETS":3496401486.08,"TOTAL_LIABILITIES":1911816400.68,"TAX_EBT":3.440210962971,"OCF_SALES":-59.884207459569,"TOTAL_PARENT_EQUITY":1585087544.48,"DEBT_ASSET_RATIO":54.6795443341,"OPERATE_PROFIT":-157071065,"PRETAX_PROFIT":-251179883.24,"NETCASH_OPERATE":-162616630.96,"NETCASH_INVEST":36076898.6,"NETCASH_FINANCE":45632879.16,"END_CASH":829474935.44,"DIVI_RATIO":null,"DIVIDEND_RATE":null,"CURRENT_RATIO":2.516479596493,"COMMON_ACS":6000000000,"CURRENTDEBT_DEBT":21.226684839384,"ISSUED_COMMON_SHARES":2799669050,"HK_COMMON_SHARES":2799669050,"PER_SHARES":5000,"TOTAL_MARKET_CAP":109187092.95,"HKSK_MARKET_CAP":109187092.95,"PE_TTM":-0.742284582518,"PB_TTM":0.081519954181,"REPORT_DATE_SQ":"2019-12-31 00:00:00","REPORT_TYPE_SQ":"2019年年报","OPERATE_INCOME_SQ":950281046.76,"DPS_HKD":null,"OPERATE_INCOME_QOQ_SQ":-0.200958660335,"NET_PROFIT_RATIO_SQ":-3.3102007651,"HOLDER_PROFIT_SQ":-31434711.76,"HOLDER_PROFIT_QOQ_SQ":-441.155748337797,"ROE_AVG_SQ":-1.617831740336,"PE_TTM_SQ":-2.065414275175,"PB_TTM_SQ":0.082315805434,"ROA_SQ":-0.802254964684,"START_DATE":"2020-01-01 00:00:00","FISCAL_YEAR":"12-31","CURRENCY":"HKD","IS_CNY_CODE":0,"DPS_HKD_LY":null,"ORG_TYPE":"一般企业","PREMIUM_INCOME":null,"PREMIUM_INCOME_YOY":null,"NET_INTEREST_INCOME":null,"NET_INTEREST_INCOME_YOY":null,"FEE_COMMISSION_INCOME":null,"FEE_COMMISSION_INCOME_YOY":null,"ACCOUNTS_RECE_TDAYS":8.1934558198,"INVENTORY_TDAYS":31.703168872844,"CURRENT_ASSETS_TDAYS":0.253954086201,"TOTAL_ASSETS_TDAYS":0.072697268845,"PREMIUM_EXPENSE":null,"LOAN_DEPOSIT":null,"LOAN_EQUITY":null,"LOAN_ASSETS":null,"DEPOSIT_EQUITY":null,"DEPOSIT_ASSETS":null,"EQUITY_MULTIPLIER":2.206509147595,"EQUITY_RATIO":1.206126694603},{"SECUCODE":"01132.HK","SECURITY_CODE":"01132","SECURITY_NAME_ABBR":"橙天嘉禾","ORG_CODE":"10010507","STD_REPORT_DATE":"2020-06-30 00:00:00","REPORT_DATE":"2020-06-30 00:00:00","DATE_TYPE_CODE":"002","REPORT_TYPE":"2020年中报","PER_NETCASH_OPERATE":-0.045670547296,"PER_OI":0.045274458994,"BPS":0.636068872841,"BASIC_EPS":-0.05069592,"DILUTED_EPS":-0.05069592,"OPERATE_INCOME":126753501.6,"OPERATE_INCOME_YOY":-74.0293647006,"GROSS_PROFIT":82638003.36,"GROSS_PROFIT_YOY":-71.925851862604,"HOLDER_PROFIT":-141967758.24,"HOLDER_PROFIT_YOY":-3492.7308447937,"GROSS_PROFIT_RATIO":65.195834684539,"EPS_TTM":-0.063376130997,"OPERATE_INCOME_QOQ":-36.12215906761,"NET_PROFIT_RATIO":-112.0030266998,"ROE_AVG":-7.570385574763,"GROSS_PROFIT_QOQ":-35.348714140172,"ROA":-3.400791113187,"HOLDER_PROFIT_QOQ":-464.446697697348,"ROE_YEARLY":-15.140771149525,"ROIC_YEARLY":-8.997519937755,"TOTAL_ASSETS":4035696667.2,"TOTAL_LIABILITIES":2255416722.24,"TAX_EBT":2.874015748032,"OCF_SALES":-100.874860375455,"TOTAL_PARENT_EQUITY":1780782336.96,"DEBT_ASSET_RATIO":55.8866760371,"OPERATE_PROFIT":-80813863.68,"PRETAX_PROFIT":-146168668.8,"NETCASH_OPERATE":-127862417.76,"NETCASH_INVEST":72312477.6,"NETCASH_FINANCE":152097807.84,"END_CASH":1062906187.2,"DIVI_RATIO":null,"DIVIDEND_RATE":null,"CURRENT_RATIO":0.858115435253,"COMMON_ACS":6000000000,"CURRENTDEBT_DEBT":64.199646355461,"ISSUED_COMMON_SHARES":2799669050,"HK_COMMON_SHARES":2799669050,"PER_SHARES":5000,"TOTAL_MARKET_CAP":109187092.95,"HKSK_MARKET_CAP":109187092.95,"PE_TTM":-0.742284582518,"PB_TTM":0.081519954181,"REPORT_DATE_SQ":"2019-06-30 00:00:00","REPORT_TYPE_SQ":"2019年中报","OPERATE_INCOME_SQ":470015532.9,"DPS_HKD":null,"OPERATE_INCOME_QOQ_SQ":3.40256294113,"NET_PROFIT_RATIO_SQ":0.8532420014,"HOLDER_PROFIT_SQ":4029722.46,"HOLDER_PROFIT_QOQ_SQ":-79.980445579372,"ROE_AVG_SQ":0.209509039508,"PE_TTM_SQ":-2.065414275175,"PB_TTM_SQ":0.082315805434,"ROA_SQ":0.103174200099,"START_DATE":"2020-01-01 00:00:00","FISCAL_YEAR":"12-31","CURRENCY":"HKD","IS_CNY_CODE":0,"DPS_HKD_LY":null,"ORG_TYPE":"一般企业","PREMIUM_INCOME":null,"PREMIUM_INCOME_YOY":null,"NET_INTEREST_INCOME":null,"NET_INTEREST_INCOME_YOY":null,"FEE_COMMISSION_INCOME":null,"FEE_COMMISSION_INCOME_YOY":null,"ACCOUNTS_RECE_TDAYS":3.743676905022,"INVENTORY_TDAYS":13.854274239816,"CURRENT_ASSETS_TDAYS":0.103252646237,"TOTAL_ASSETS_TDAYS":0.030363385824,"PREMIUM_EXPENSE":null,"LOAN_DEPOSIT":null,"LOAN_EQUITY":null,"LOAN_ASSETS":null,"DEPOSIT_EQUITY":null,"DEPOSIT_ASSETS":null,"EQUITY_MULTIPLIER":2.266888799495,"EQUITY_RATIO":1.266531386475}],"count":46},"success":true,"message":"ok","code":0}