{"version":"70d06142ff1f2120b6ab53baeee860e7","result":{"pages":5,"data":[{"SECUCODE":"01137.HK","SECURITY_CODE":"01137","SECURITY_NAME_ABBR":"香港科技探索","ORG_CODE":"10010510","STD_REPORT_DATE":"2024-06-30 00:00:00","REPORT_DATE":"2024-06-30 00:00:00","DATE_TYPE_CODE":"002","REPORT_TYPE":"2024年中报","PER_NETCASH_OPERATE":0.181340223594,"PER_OI":1.949088213205,"BPS":2.466760789631,"BASIC_EPS":-0.0273804,"DILUTED_EPS":-0.0273804,"OPERATE_INCOME":1731854108.64,"OPERATE_INCOME_YOY":3.7724075738,"GROSS_PROFIT":912615199.72,"GROSS_PROFIT_YOY":7.173275776131,"HOLDER_PROFIT":-25078621.04,"HOLDER_PROFIT_YOY":-156.4276326598,"GROSS_PROFIT_RATIO":52.695847483173,"EPS_TTM":-0.032530189348,"OPERATE_INCOME_QOQ":1.330302757095,"NET_PROFIT_RATIO":-1.4480793108,"ROE_AVG":-1.28503861593,"GROSS_PROFIT_QOQ":3.462626760524,"ROA":-0.793255566689,"HOLDER_PROFIT_QOQ":-170.377408959057,"ROE_YEARLY":-2.570077231859,"ROIC_YEARLY":-1.966586001906,"TOTAL_ASSETS":3163462965,"TOTAL_LIABILITIES":1218309151.6,"TAX_EBT":4.91712516004,"OCF_SALES":9.303848967193,"TOTAL_PARENT_EQUITY":1945153813.4,"DEBT_ASSET_RATIO":38.5118828663,"OPERATE_PROFIT":-14899501,"PRETAX_PROFIT":-26375539.32,"NETCASH_OPERATE":161129090.6,"NETCASH_INVEST":151505792.68,"NETCASH_FINANCE":-80661745.72,"END_CASH":534257316.96,"DIVI_RATIO":null,"DIVIDEND_RATE":null,"CURRENT_RATIO":1.087481781094,"COMMON_ACS":null,"CURRENTDEBT_DEBT":77.251642482039,"ISSUED_COMMON_SHARES":788545781,"HK_COMMON_SHARES":788545781,"PER_SHARES":1000,"TOTAL_MARKET_CAP":1040880430.92,"HKSK_MARKET_CAP":1040880430.92,"PE_TTM":-33.73676566039,"PB_TTM":0.488388499227,"REPORT_DATE_SQ":"2023-06-30 00:00:00","REPORT_TYPE_SQ":"2023年中报","OPERATE_INCOME_SQ":1685902202.66,"DPS_HKD":null,"OPERATE_INCOME_QOQ_SQ":0.941331802229,"NET_PROFIT_RATIO_SQ":3.9831271671,"HOLDER_PROFIT_SQ":44896738.08,"HOLDER_PROFIT_QOQ_SQ":-33.994507899265,"ROE_AVG_SQ":2.177615936271,"PE_TTM_SQ":13.022557312234,"PB_TTM_SQ":0.765439211312,"ROA_SQ":1.344293584708,"START_DATE":"2024-01-01 00:00:00","FISCAL_YEAR":"12-31","CURRENCY":"HKD","IS_CNY_CODE":0,"DPS_HKD_LY":null,"ORG_TYPE":"一般企业","PREMIUM_INCOME":null,"PREMIUM_INCOME_YOY":null,"NET_INTEREST_INCOME":null,"NET_INTEREST_INCOME_YOY":null,"FEE_COMMISSION_INCOME":null,"FEE_COMMISSION_INCOME_YOY":null,"ACCOUNTS_RECE_TDAYS":null,"INVENTORY_TDAYS":6.771416716958,"CURRENT_ASSETS_TDAYS":1.786214164249,"TOTAL_ASSETS_TDAYS":0.547798425671,"PREMIUM_EXPENSE":null,"LOAN_DEPOSIT":null,"LOAN_EQUITY":null,"LOAN_ASSETS":null,"DEPOSIT_EQUITY":null,"DEPOSIT_ASSETS":null,"EQUITY_MULTIPLIER":1.626330495412,"EQUITY_RATIO":0.626330495412},{"SECUCODE":"01137.HK","SECURITY_CODE":"01137","SECURITY_NAME_ABBR":"香港科技探索","ORG_CODE":"10010510","STD_REPORT_DATE":"2023-12-31 00:00:00","REPORT_DATE":"2023-12-31 00:00:00","DATE_TYPE_CODE":"001","REPORT_TYPE":"2023年年报","PER_NETCASH_OPERATE":0.373965536662,"PER_OI":3.887525308412,"BPS":2.465497009057,"BASIC_EPS":0.045311,"DILUTED_EPS":0.045311,"OPERATE_INCOME":3454244211.32,"OPERATE_INCOME_YOY":-0.4269796824,"GROSS_PROFIT":1764058726.64,"GROSS_PROFIT_YOY":-1.679231487749,"HOLDER_PROFIT":41070796.62,"HOLDER_PROFIT_YOY":-78.6427211551,"GROSS_PROFIT_RATIO":51.069311221799,"EPS_TTM":0.04622248791,"OPERATE_INCOME_QOQ":0.074526567123,"NET_PROFIT_RATIO":1.1889951638,"ROE_AVG":2.081742414864,"GROSS_PROFIT_QOQ":0.032044858817,"ROA":1.280020470838,"HOLDER_PROFIT_QOQ":-67.174092703376,"ROE_YEARLY":2.081742414864,"ROIC_YEARLY":1.562283206533,"TOTAL_ASSETS":3137135177.82,"TOTAL_LIABILITIES":1192977913.26,"TAX_EBT":-16.915179032092,"OCF_SALES":9.619629635654,"TOTAL_PARENT_EQUITY":1944157264.56,"DEBT_ASSET_RATIO":38.0276221979,"OPERATE_PROFIT":51862064.38,"PRETAX_PROFIT":35128712.08,"NETCASH_OPERATE":332285499.84,"NETCASH_INVEST":-419094126.08,"NETCASH_FINANCE":-253420798.12,"END_CASH":299564614.3,"DIVI_RATIO":null,"DIVIDEND_RATE":null,"CURRENT_RATIO":1.016660974851,"COMMON_ACS":null,"CURRENTDEBT_DEBT":74.95991060692,"ISSUED_COMMON_SHARES":788545781,"HK_COMMON_SHARES":788545781,"PER_SHARES":1000,"TOTAL_MARKET_CAP":1206475044.93,"HKSK_MARKET_CAP":1206475044.93,"PE_TTM":-39.103978379088,"PB_TTM":0.566086669559,"REPORT_DATE_SQ":"2022-12-31 00:00:00","REPORT_TYPE_SQ":"2022年年报","OPERATE_INCOME_SQ":3419483116.77,"DPS_HKD":null,"OPERATE_INCOME_QOQ_SQ":16.316177785445,"NET_PROFIT_RATIO_SQ":5.5433953205,"HOLDER_PROFIT_SQ":189555467.08,"HOLDER_PROFIT_QOQ_SQ":354.739406770385,"ROE_AVG_SQ":9.937956847039,"PE_TTM_SQ":17.397752252745,"PB_TTM_SQ":1.022604196984,"ROA_SQ":6.172484530902,"START_DATE":"2023-01-01 00:00:00","FISCAL_YEAR":"12-31","CURRENCY":"HKD","IS_CNY_CODE":0,"DPS_HKD_LY":null,"ORG_TYPE":"一般企业","PREMIUM_INCOME":null,"PREMIUM_INCOME_YOY":null,"NET_INTEREST_INCOME":null,"NET_INTEREST_INCOME_YOY":null,"FEE_COMMISSION_INCOME":null,"FEE_COMMISSION_INCOME_YOY":null,"ACCOUNTS_RECE_TDAYS":null,"INVENTORY_TDAYS":13.078787836288,"CURRENT_ASSETS_TDAYS":3.761391743345,"TOTAL_ASSETS_TDAYS":1.076556498933,"PREMIUM_EXPENSE":null,"LOAN_DEPOSIT":null,"LOAN_EQUITY":null,"LOAN_ASSETS":null,"DEPOSIT_EQUITY":null,"DEPOSIT_ASSETS":null,"EQUITY_MULTIPLIER":1.61362212564,"EQUITY_RATIO":0.613622125641},{"SECUCODE":"01137.HK","SECURITY_CODE":"01137","SECURITY_NAME_ABBR":"香港科技探索","ORG_CODE":"10010510","STD_REPORT_DATE":"2023-06-30 00:00:00","REPORT_DATE":"2023-06-30 00:00:00","DATE_TYPE_CODE":"002","REPORT_TYPE":"2023年中报","PER_NETCASH_OPERATE":0.130277364588,"PER_OI":1.824916037719,"BPS":2.646660903991,"BASIC_EPS":0.046099,"DILUTED_EPS":0.046099,"OPERATE_INCOME":1685902202.66,"OPERATE_INCOME_YOY":-4.5174980612,"GROSS_PROFIT":851532430.18,"GROSS_PROFIT_YOY":163.227305792249,"HOLDER_PROFIT":44896738.08,"HOLDER_PROFIT_YOY":-61.9113172571,"GROSS_PROFIT_RATIO":25.976784722512,"EPS_TTM":0.135433748132,"OPERATE_INCOME_QOQ":0.941331802229,"NET_PROFIT_RATIO":3.9831271671,"ROE_AVG":2.177615936271,"GROSS_PROFIT_QOQ":-1.710728146146,"ROA":1.344293584708,"HOLDER_PROFIT_QOQ":-33.994507899265,"ROE_YEARLY":4.355231872541,"ROIC_YEARLY":3.313538362035,"TOTAL_ASSETS":3342485441.32,"TOTAL_LIABILITIES":1255472151.74,"TAX_EBT":-12.202764976959,"OCF_SALES":10.677457165596,"TOTAL_PARENT_EQUITY":2087013289.58,"DEBT_ASSET_RATIO":37.5610357556,"OPERATE_PROFIT":47737358.46,"PRETAX_PROFIT":40013932,"NETCASH_OPERATE":120353425.24,"NETCASH_INVEST":-126103814.5,"NETCASH_FINANCE":-82420402.1,"END_CASH":562548862.94,"DIVI_RATIO":null,"DIVIDEND_RATE":null,"CURRENT_RATIO":1.121913971709,"COMMON_ACS":null,"CURRENTDEBT_DEBT":71.217209500093,"ISSUED_COMMON_SHARES":788545781,"HK_COMMON_SHARES":788545781,"PER_SHARES":1000,"TOTAL_MARKET_CAP":1206475044.93,"HKSK_MARKET_CAP":1206475044.93,"PE_TTM":-39.103978379088,"PB_TTM":0.566086669559,"REPORT_DATE_SQ":"2022-06-30 00:00:00","REPORT_TYPE_SQ":"2022年中报","OPERATE_INCOME_SQ":1094984420.81,"DPS_HKD":null,"OPERATE_INCOME_QOQ_SQ":14.871519561453,"NET_PROFIT_RATIO_SQ":6.6513747149,"HOLDER_PROFIT_SQ":109335186.31,"HOLDER_PROFIT_QOQ_SQ":244.951793211724,"ROE_AVG_SQ":6.000145487654,"PE_TTM_SQ":17.397752252745,"PB_TTM_SQ":1.022604196984,"ROA_SQ":3.850031589478,"START_DATE":"2023-01-01 00:00:00","FISCAL_YEAR":"12-31","CURRENCY":"HKD","IS_CNY_CODE":0,"DPS_HKD_LY":null,"ORG_TYPE":"一般企业","PREMIUM_INCOME":null,"PREMIUM_INCOME_YOY":null,"NET_INTEREST_INCOME":null,"NET_INTEREST_INCOME_YOY":null,"FEE_COMMISSION_INCOME":null,"FEE_COMMISSION_INCOME_YOY":null,"ACCOUNTS_RECE_TDAYS":null,"INVENTORY_TDAYS":6.509003161086,"CURRENT_ASSETS_TDAYS":1.15798870765,"TOTAL_ASSETS_TDAYS":0.337497028922,"PREMIUM_EXPENSE":null,"LOAN_DEPOSIT":null,"LOAN_EQUITY":null,"LOAN_ASSETS":null,"DEPOSIT_EQUITY":null,"DEPOSIT_ASSETS":null,"EQUITY_MULTIPLIER":1.601564042744,"EQUITY_RATIO":0.601564042744},{"SECUCODE":"01137.HK","SECURITY_CODE":"01137","SECURITY_NAME_ABBR":"香港科技探索","ORG_CODE":"10010510","STD_REPORT_DATE":"2022-12-31 00:00:00","REPORT_DATE":"2022-12-31 00:00:00","DATE_TYPE_CODE":"001","REPORT_TYPE":"2022年年报","PER_NETCASH_OPERATE":0.536104255298,"PER_OI":3.704387592435,"BPS":2.502135666249,"BASIC_EPS":0.2054521,"DILUTED_EPS":0.1965194,"OPERATE_INCOME":3419483116.77,"OPERATE_INCOME_YOY":22.2955410643,"GROSS_PROFIT":1794187284.47,"GROSS_PROFIT_YOY":41.112413254057,"HOLDER_PROFIT":189555467.08,"HOLDER_PROFIT_YOY":1335.751014885,"GROSS_PROFIT_RATIO":52.469546513356,"EPS_TTM":0.205348848452,"OPERATE_INCOME_QOQ":16.316177785445,"NET_PROFIT_RATIO":5.5433953205,"ROE_AVG":9.937956847039,"GROSS_PROFIT_QOQ":18.904013093201,"ROA":6.172484530902,"HOLDER_PROFIT_QOQ":354.739406770385,"ROE_YEARLY":9.937956847039,"ROIC_YEARLY":7.652139295158,"TOTAL_ASSETS":3233201484.24,"TOTAL_LIABILITIES":1260152961.13,"TAX_EBT":-49.061534138803,"OCF_SALES":14.47214261252,"TOTAL_PARENT_EQUITY":1973048523.11,"DEBT_ASSET_RATIO":38.9753922628,"OPERATE_PROFIT":139326001.71,"PRETAX_PROFIT":127165917.2,"NETCASH_OPERATE":494872473.27,"NETCASH_INVEST":-238796082.56,"NETCASH_FINANCE":-183114097.11,"END_CASH":630476218.89,"DIVI_RATIO":null,"DIVIDEND_RATE":null,"CURRENT_RATIO":1.056522888069,"COMMON_ACS":null,"CURRENTDEBT_DEBT":68.671223680974,"ISSUED_COMMON_SHARES":788545781,"HK_COMMON_SHARES":788545781,"PER_SHARES":1000,"TOTAL_MARKET_CAP":1206475044.93,"HKSK_MARKET_CAP":1206475044.93,"PE_TTM":-39.103978379088,"PB_TTM":0.566086669559,"REPORT_DATE_SQ":"2021-12-31 00:00:00","REPORT_TYPE_SQ":"2021年年报","OPERATE_INCOME_SQ":2559222086.4,"DPS_HKD":null,"OPERATE_INCOME_QOQ_SQ":3.976263077559,"NET_PROFIT_RATIO_SQ":0.4557269204,"HOLDER_PROFIT_SQ":12084128,"HOLDER_PROFIT_QOQ_SQ":-91.010574234624,"ROE_AVG_SQ":0.71066729399,"PE_TTM_SQ":17.397752252745,"PB_TTM_SQ":1.022604196984,"ROA_SQ":0.471850358948,"START_DATE":"2022-01-01 00:00:00","FISCAL_YEAR":"12-31","CURRENCY":"HKD","IS_CNY_CODE":0,"DPS_HKD_LY":0.08,"ORG_TYPE":"一般企业","PREMIUM_INCOME":null,"PREMIUM_INCOME_YOY":null,"NET_INTEREST_INCOME":null,"NET_INTEREST_INCOME_YOY":null,"FEE_COMMISSION_INCOME":null,"FEE_COMMISSION_INCOME_YOY":null,"ACCOUNTS_RECE_TDAYS":null,"INVENTORY_TDAYS":13.046726827502,"CURRENT_ASSETS_TDAYS":3.62406334642,"TOTAL_ASSETS_TDAYS":1.113484457456,"PREMIUM_EXPENSE":null,"LOAN_DEPOSIT":null,"LOAN_EQUITY":null,"LOAN_ASSETS":null,"DEPOSIT_EQUITY":null,"DEPOSIT_ASSETS":null,"EQUITY_MULTIPLIER":1.63868320843,"EQUITY_RATIO":0.638683208431},{"SECUCODE":"01137.HK","SECURITY_CODE":"01137","SECURITY_NAME_ABBR":"香港科技探索","ORG_CODE":"10010510","STD_REPORT_DATE":"2022-06-30 00:00:00","REPORT_DATE":"2022-06-30 00:00:00","DATE_TYPE_CODE":"002","REPORT_TYPE":"2022年中报","PER_NETCASH_OPERATE":0.199962392001,"PER_OI":1.18812048074,"BPS":2.385659377372,"BASIC_EPS":0.1197266,"DILUTED_EPS":0.1111747,"OPERATE_INCOME":1094984420.81,"OPERATE_INCOME_YOY":26.612859135,"GROSS_PROFIT":323496997.25,"GROSS_PROFIT_YOY":-49.042184645885,"HOLDER_PROFIT":109335186.31,"HOLDER_PROFIT_YOY":33.4178615407,"GROSS_PROFIT_RATIO":53.066783758137,"EPS_TTM":0.045229966481,"OPERATE_INCOME_QOQ":14.871519561453,"NET_PROFIT_RATIO":6.6513747149,"ROE_AVG":6.000145487654,"GROSS_PROFIT_QOQ":18.677586721524,"ROA":3.850031589478,"HOLDER_PROFIT_QOQ":244.951793211724,"ROE_YEARLY":12.000290975307,"ROIC_YEARLY":9.397412402072,"TOTAL_ASSETS":2894954125.21,"TOTAL_LIABILITIES":1013752488.28,"TAX_EBT":-53.579751579656,"OCF_SALES":11.211074716567,"TOTAL_PARENT_EQUITY":1881201636.93,"DEBT_ASSET_RATIO":35.0179120095,"OPERATE_PROFIT":76117041.14,"PRETAX_PROFIT":71191146.74,"NETCASH_OPERATE":184287458.67,"NETCASH_INVEST":-175301122.15,"NETCASH_FINANCE":-50343324.92,"END_CASH":492451754.41,"DIVI_RATIO":null,"DIVIDEND_RATE":null,"CURRENT_RATIO":1.179538491264,"COMMON_ACS":null,"CURRENTDEBT_DEBT":67.237213728223,"ISSUED_COMMON_SHARES":788545781,"HK_COMMON_SHARES":788545781,"PER_SHARES":1000,"TOTAL_MARKET_CAP":1206475044.93,"HKSK_MARKET_CAP":1206475044.93,"PE_TTM":-39.103978379088,"PB_TTM":0.566086669559,"REPORT_DATE_SQ":"2021-06-30 00:00:00","REPORT_TYPE_SQ":"2021年中报","OPERATE_INCOME_SQ":1263203114.16,"DPS_HKD":null,"OPERATE_INCOME_QOQ_SQ":1.618813074928,"NET_PROFIT_RATIO_SQ":6.3106709781,"HOLDER_PROFIT_SQ":79734898.08,"HOLDER_PROFIT_QOQ_SQ":-12.997993730504,"ROE_AVG_SQ":4.441246502251,"PE_TTM_SQ":17.397752252745,"PB_TTM_SQ":1.022604196984,"ROA_SQ":3.143406222748,"START_DATE":"2022-01-01 00:00:00","FISCAL_YEAR":"12-31","CURRENCY":"HKD","IS_CNY_CODE":0,"DPS_HKD_LY":0.08,"ORG_TYPE":"一般企业","PREMIUM_INCOME":null,"PREMIUM_INCOME_YOY":null,"NET_INTEREST_INCOME":null,"NET_INTEREST_INCOME_YOY":null,"FEE_COMMISSION_INCOME":null,"FEE_COMMISSION_INCOME_YOY":null,"ACCOUNTS_RECE_TDAYS":null,"INVENTORY_TDAYS":6.641371085295,"CURRENT_ASSETS_TDAYS":1.894488260375,"TOTAL_ASSETS_TDAYS":0.578832460131,"PREMIUM_EXPENSE":null,"LOAN_DEPOSIT":null,"LOAN_EQUITY":null,"LOAN_ASSETS":null,"DEPOSIT_EQUITY":null,"DEPOSIT_ASSETS":null,"EQUITY_MULTIPLIER":1.53888560821,"EQUITY_RATIO":0.538885608209},{"SECUCODE":"01137.HK","SECURITY_CODE":"01137","SECURITY_NAME_ABBR":"香港科技探索","ORG_CODE":"10010510","STD_REPORT_DATE":"2021-12-31 00:00:00","REPORT_DATE":"2021-12-31 00:00:00","DATE_TYPE_CODE":"001","REPORT_TYPE":"2021年年报","PER_NETCASH_OPERATE":0.220267975005,"PER_OI":2.790842649487,"BPS":2.137750047514,"BASIC_EPS":0.016352,"DILUTED_EPS":0.016352,"OPERATE_INCOME":2559222086.4,"OPERATE_INCOME_YOY":8.7661629169,"GROSS_PROFIT":1271459571.2,"GROSS_PROFIT_YOY":6.806603886578,"HOLDER_PROFIT":12084128,"HOLDER_PROFIT_YOY":-91.949057909,"GROSS_PROFIT_RATIO":49.681486337457,"EPS_TTM":0.013177793355,"OPERATE_INCOME_QOQ":3.976263077559,"NET_PROFIT_RATIO":0.4557269204,"ROE_AVG":0.71066729399,"GROSS_PROFIT_QOQ":4.28655148444,"ROA":0.471850358948,"HOLDER_PROFIT_QOQ":-91.010574234624,"ROE_YEARLY":0.71066729399,"ROIC_YEARLY":0.62913869933,"TOTAL_ASSETS":2662345156.8,"TOTAL_LIABILITIES":977052440,"TAX_EBT":-133.852459016393,"OCF_SALES":7.892525759034,"TOTAL_PARENT_EQUITY":1685713780.8,"DEBT_ASSET_RATIO":36.698939561,"OPERATE_PROFIT":13093864,"PRETAX_PROFIT":4987360,"NETCASH_OPERATE":201987262.4,"NETCASH_INVEST":-317239428.8,"NETCASH_FINANCE":-144971926.4,"END_CASH":510384347.2,"DIVI_RATIO":null,"DIVIDEND_RATE":null,"CURRENT_RATIO":1.366432499508,"COMMON_ACS":null,"CURRENTDEBT_DEBT":66.693918537269,"ISSUED_COMMON_SHARES":788545781,"HK_COMMON_SHARES":788545781,"PER_SHARES":1000,"TOTAL_MARKET_CAP":1206475044.93,"HKSK_MARKET_CAP":1206475044.93,"PE_TTM":-39.103978379088,"PB_TTM":0.566086669559,"REPORT_DATE_SQ":"2020-12-31 00:00:00","REPORT_TYPE_SQ":"2020年年报","OPERATE_INCOME_SQ":2422142289.76,"DPS_HKD":null,"OPERATE_INCOME_QOQ_SQ":72.318796580246,"NET_PROFIT_RATIO_SQ":6.3790270907,"HOLDER_PROFIT_SQ":154509112.84,"HOLDER_PROFIT_QOQ_SQ":766.302406207706,"ROE_AVG_SQ":10.344642993991,"PE_TTM_SQ":17.397752252745,"PB_TTM_SQ":1.022604196984,"ROA_SQ":6.784651500391,"START_DATE":"2021-01-01 00:00:00","FISCAL_YEAR":"12-31","CURRENCY":"HKD","IS_CNY_CODE":0,"DPS_HKD_LY":0.08,"ORG_TYPE":"一般企业","PREMIUM_INCOME":null,"PREMIUM_INCOME_YOY":null,"NET_INTEREST_INCOME":null,"NET_INTEREST_INCOME_YOY":null,"FEE_COMMISSION_INCOME":null,"FEE_COMMISSION_INCOME_YOY":null,"ACCOUNTS_RECE_TDAYS":null,"INVENTORY_TDAYS":12.083206431889,"CURRENT_ASSETS_TDAYS":2.738948963717,"TOTAL_ASSETS_TDAYS":0.999302440437,"PREMIUM_EXPENSE":null,"LOAN_DEPOSIT":null,"LOAN_EQUITY":null,"LOAN_ASSETS":null,"DEPOSIT_EQUITY":null,"DEPOSIT_ASSETS":null,"EQUITY_MULTIPLIER":1.579752366019,"EQUITY_RATIO":0.579607553268},{"SECUCODE":"01137.HK","SECURITY_CODE":"01137","SECURITY_NAME_ABBR":"香港科技探索","ORG_CODE":"10010510","STD_REPORT_DATE":"2021-06-30 00:00:00","REPORT_DATE":"2021-06-30 00:00:00","DATE_TYPE_CODE":"002","REPORT_TYPE":"2021年中报","PER_NETCASH_OPERATE":0.052262851517,"PER_OI":1.378560065062,"BPS":2.340016059207,"BASIC_EPS":0.083208,"DILUTED_EPS":0.083208,"OPERATE_INCOME":1263203114.16,"OPERATE_INCOME_YOY":13.294581569,"GROSS_PROFIT":634832939.76,"GROSS_PROFIT_YOY":4.746411811138,"HOLDER_PROFIT":79734898.08,"HOLDER_PROFIT_YOY":-12.309086084,"GROSS_PROFIT_RATIO":50.255808637881,"EPS_TTM":0.146701945145,"OPERATE_INCOME_QOQ":1.618813074928,"NET_PROFIT_RATIO":6.3106709781,"ROE_AVG":4.441246502251,"GROSS_PROFIT_QOQ":2.416469205537,"ROA":3.143406222748,"HOLDER_PROFIT_QOQ":-12.997993730504,"ROE_YEARLY":8.882493004501,"ROIC_YEARLY":8.903860908881,"TOTAL_ASSETS":2569919019.84,"TOTAL_LIABILITIES":724727534.64,"TAX_EBT":0.773684374061,"OCF_SALES":3.791118924833,"TOTAL_PARENT_EQUITY":1845209790.96,"DEBT_ASSET_RATIO":28.2004035553,"OPERATE_PROFIT":83463448.56,"PRETAX_PROFIT":80338156.08,"NETCASH_OPERATE":47889532.32,"NETCASH_INVEST":-94788057.36,"NETCASH_FINANCE":-30416684.4,"END_CASH":706916030.16,"DIVI_RATIO":null,"DIVIDEND_RATE":null,"CURRENT_RATIO":2.008560809215,"COMMON_ACS":null,"CURRENTDEBT_DEBT":68.545884362841,"ISSUED_COMMON_SHARES":788545781,"HK_COMMON_SHARES":788545781,"PER_SHARES":1000,"TOTAL_MARKET_CAP":1206475044.93,"HKSK_MARKET_CAP":1206475044.93,"PE_TTM":-39.103978379088,"PB_TTM":0.566086669559,"REPORT_DATE_SQ":"2020-06-30 00:00:00","REPORT_TYPE_SQ":"2020年中报","OPERATE_INCOME_SQ":1223993158.08,"DPS_HKD":null,"OPERATE_INCOME_QOQ_SQ":42.52017481179,"NET_PROFIT_RATIO_SQ":11.8100398902,"HOLDER_PROFIT_SQ":99817982.88,"HOLDER_PROFIT_QOQ_SQ":91.070777077038,"ROE_AVG_SQ":6.311824714984,"PE_TTM_SQ":17.397752252745,"PB_TTM_SQ":1.022604196984,"ROA_SQ":4.217808223408,"START_DATE":"2021-01-01 00:00:00","FISCAL_YEAR":"12-31","CURRENCY":"HKD","IS_CNY_CODE":0,"DPS_HKD_LY":0.08,"ORG_TYPE":"一般企业","PREMIUM_INCOME":null,"PREMIUM_INCOME_YOY":null,"NET_INTEREST_INCOME":null,"NET_INTEREST_INCOME_YOY":null,"FEE_COMMISSION_INCOME":null,"FEE_COMMISSION_INCOME_YOY":null,"ACCOUNTS_RECE_TDAYS":null,"INVENTORY_TDAYS":5.941270184686,"CURRENT_ASSETS_TDAYS":1.267341635201,"TOTAL_ASSETS_TDAYS":0.497995310116,"PREMIUM_EXPENSE":null,"LOAN_DEPOSIT":null,"LOAN_EQUITY":null,"LOAN_ASSETS":null,"DEPOSIT_EQUITY":null,"DEPOSIT_ASSETS":null,"EQUITY_MULTIPLIER":1.392765488272,"EQUITY_RATIO":0.392761591766},{"SECUCODE":"01137.HK","SECURITY_CODE":"01137","SECURITY_NAME_ABBR":"香港科技探索","ORG_CODE":"10010510","STD_REPORT_DATE":"2020-12-31 00:00:00","REPORT_DATE":"2020-12-31 00:00:00","DATE_TYPE_CODE":"001","REPORT_TYPE":"2020年年报","PER_NETCASH_OPERATE":0.561521173679,"PER_OI":2.657974702073,"BPS":2.238929141287,"BASIC_EPS":0.168328,"DILUTED_EPS":0.168328,"OPERATE_INCOME":2422142289.76,"OPERATE_INCOME_YOY":103.5339097767,"GROSS_PROFIT":1190431607.16,"GROSS_PROFIT_YOY":137.013198668494,"HOLDER_PROFIT":154509112.84,"HOLDER_PROFIT_YOY":163.3227899404,"GROSS_PROFIT_RATIO":49.147880873586,"EPS_TTM":0.16955292631,"OPERATE_INCOME_QOQ":72.318796580246,"NET_PROFIT_RATIO":6.3790270907,"ROE_AVG":10.344642993991,"GROSS_PROFIT_QOQ":236.605265224653,"ROA":6.784651500391,"HOLDER_PROFIT_QOQ":766.302406207706,"ROE_YEARLY":10.344642993991,"ROIC_YEARLY":8.500175021716,"TOTAL_ASSETS":2531993984.2,"TOTAL_LIABILITIES":766495855.88,"TAX_EBT":0.304114781608,"OCF_SALES":21.125903615295,"TOTAL_PARENT_EQUITY":1765498128.32,"DEBT_ASSET_RATIO":30.272420103,"OPERATE_PROFIT":163558426.12,"PRETAX_PROFIT":154980431.24,"NETCASH_OPERATE":511699445.56,"NETCASH_INVEST":120173567.4,"NETCASH_FINANCE":35292490.12,"END_CASH":793228025.56,"DIVI_RATIO":null,"DIVIDEND_RATE":null,"CURRENT_RATIO":1.695646136079,"COMMON_ACS":null,"CURRENTDEBT_DEBT":77.4878474872,"ISSUED_COMMON_SHARES":788545781,"HK_COMMON_SHARES":788545781,"PER_SHARES":1000,"TOTAL_MARKET_CAP":1206475044.93,"HKSK_MARKET_CAP":1206475044.93,"PE_TTM":-39.103978379088,"PB_TTM":0.566086669559,"REPORT_DATE_SQ":"2019-12-31 00:00:00","REPORT_TYPE_SQ":"2019年年报","OPERATE_INCOME_SQ":1266595297.24,"DPS_HKD":null,"OPERATE_INCOME_QOQ_SQ":27.050377610149,"NET_PROFIT_RATIO_SQ":-26.3316697018,"HOLDER_PROFIT_SQ":-259698267.14,"HOLDER_PROFIT_QOQ_SQ":-91.814117718383,"ROE_AVG_SQ":-18.348941470514,"PE_TTM_SQ":17.397752252745,"PB_TTM_SQ":1.022604196984,"ROA_SQ":-12.799414052411,"START_DATE":"2020-01-01 00:00:00","FISCAL_YEAR":"12-31","CURRENCY":"HKD","IS_CNY_CODE":0,"DPS_HKD_LY":null,"ORG_TYPE":"一般企业","PREMIUM_INCOME":null,"PREMIUM_INCOME_YOY":null,"NET_INTEREST_INCOME":null,"NET_INTEREST_INCOME_YOY":null,"FEE_COMMISSION_INCOME":null,"FEE_COMMISSION_INCOME_YOY":null,"ACCOUNTS_RECE_TDAYS":null,"INVENTORY_TDAYS":13.16444480426,"CURRENT_ASSETS_TDAYS":3.554305693726,"TOTAL_ASSETS_TDAYS":1.063587190317,"PREMIUM_EXPENSE":null,"LOAN_DEPOSIT":null,"LOAN_EQUITY":null,"LOAN_ASSETS":null,"DEPOSIT_EQUITY":null,"DEPOSIT_ASSETS":null,"EQUITY_MULTIPLIER":1.434152743401,"EQUITY_RATIO":0.434152743401},{"SECUCODE":"01137.HK","SECURITY_CODE":"01137","SECURITY_NAME_ABBR":"香港科技探索","ORG_CODE":"10010510","STD_REPORT_DATE":"2020-06-30 00:00:00","REPORT_DATE":"2020-06-30 00:00:00","DATE_TYPE_CODE":"002","REPORT_TYPE":"2020年中报","PER_NETCASH_OPERATE":0.341042578432,"PER_OI":1.343845876143,"BPS":2.329517877111,"BASIC_EPS":0.1096128,"DILUTED_EPS":0.1096128,"OPERATE_INCOME":1223993158.08,"OPERATE_INCOME_YOY":91.1386861615,"GROSS_PROFIT":606066526.56,"GROSS_PROFIT_YOY":534.371462605463,"HOLDER_PROFIT":99817982.88,"HOLDER_PROFIT_YOY":170.3238926321,"GROSS_PROFIT_RATIO":26.889544780063,"EPS_TTM":-0.025459694613,"OPERATE_INCOME_QOQ":42.52017481179,"NET_PROFIT_RATIO":11.8100398902,"ROE_AVG":6.311824714984,"GROSS_PROFIT_QOQ":59.357966146126,"ROA":4.217808223408,"HOLDER_PROFIT_QOQ":91.070777077038,"ROE_YEARLY":12.623649429968,"ROIC_YEARLY":10.019410389922,"TOTAL_ASSETS":2537942800.8,"TOTAL_LIABILITIES":701011307.04,"TAX_EBT":0.129776364251,"OCF_SALES":36.751976949904,"TOTAL_PARENT_EQUITY":1836931493.76,"DEBT_ASSET_RATIO":27.6212413778,"OPERATE_PROFIT":105665825.76,"PRETAX_PROFIT":99947691.36,"NETCASH_OPERATE":310626233.28,"NETCASH_INVEST":80699683.68,"NETCASH_FINANCE":83386110.72,"END_CASH":611430246.24,"DIVI_RATIO":null,"DIVIDEND_RATE":null,"CURRENT_RATIO":1.594618874366,"COMMON_ACS":null,"CURRENTDEBT_DEBT":78.325369637536,"ISSUED_COMMON_SHARES":788545781,"HK_COMMON_SHARES":788545781,"PER_SHARES":1000,"TOTAL_MARKET_CAP":1206475044.93,"HKSK_MARKET_CAP":1206475044.93,"PE_TTM":-39.103978379088,"PB_TTM":0.566086669559,"REPORT_DATE_SQ":"2019-06-30 00:00:00","REPORT_TYPE_SQ":"2019年中报","OPERATE_INCOME_SQ":425837248.38,"DPS_HKD":null,"OPERATE_INCOME_QOQ_SQ":29.16879440381,"NET_PROFIT_RATIO_SQ":-32.0994106504,"HOLDER_PROFIT_SQ":-136691247.06,"HOLDER_PROFIT_QOQ_SQ":-16.097667321721,"ROE_AVG_SQ":-9.454750557187,"PE_TTM_SQ":17.397752252745,"PB_TTM_SQ":1.022604196984,"ROA_SQ":-6.909160837373,"START_DATE":"2020-01-01 00:00:00","FISCAL_YEAR":"12-31","CURRENCY":"HKD","IS_CNY_CODE":0,"DPS_HKD_LY":null,"ORG_TYPE":"一般企业","PREMIUM_INCOME":null,"PREMIUM_INCOME_YOY":null,"NET_INTEREST_INCOME":null,"NET_INTEREST_INCOME_YOY":null,"FEE_COMMISSION_INCOME":null,"FEE_COMMISSION_INCOME_YOY":null,"ACCOUNTS_RECE_TDAYS":null,"INVENTORY_TDAYS":6.283191923132,"CURRENT_ASSETS_TDAYS":1.339739389863,"TOTAL_ASSETS_TDAYS":0.357137508646,"PREMIUM_EXPENSE":null,"LOAN_DEPOSIT":null,"LOAN_EQUITY":null,"LOAN_ASSETS":null,"DEPOSIT_EQUITY":null,"DEPOSIT_ASSETS":null,"EQUITY_MULTIPLIER":1.381620822236,"EQUITY_RATIO":0.381620822236}],"count":45},"success":true,"message":"ok","code":0}