{"version":"3f61feaaaad7ae41b0f0f2d2d918368b","result":{"pages":6,"data":[{"SECUCODE":"01130.HK","SECURITY_CODE":"01130","SECURITY_NAME_ABBR":"中国环境资源","ORG_CODE":"10010505","STD_REPORT_DATE":"2023-12-31 00:00:00","REPORT_DATE":"2024-06-30 00:00:00","DATE_TYPE_CODE":"001","REPORT_TYPE":"2023年年报","PER_NETCASH_OPERATE":-0.042964770278,"PER_OI":0.154644416539,"BPS":0.765489581772,"BASIC_EPS":-0.1460288,"DILUTED_EPS":-0.1460288,"OPERATE_INCOME":75585419.56,"OPERATE_INCOME_YOY":-1.8918662781,"GROSS_PROFIT":16176340.32,"GROSS_PROFIT_YOY":16.49437784798,"HOLDER_PROFIT":-61751928.8,"HOLDER_PROFIT_YOY":-92.9559389705,"GROSS_PROFIT_RATIO":21.401403093568,"EPS_TTM":-0.035134568805,"OPERATE_INCOME_QOQ":-1.883476844553,"NET_PROFIT_RATIO":-87.0401004625,"ROE_AVG":-15.501922275021,"GROSS_PROFIT_QOQ":15.087865656302,"ROA":-9.805157634647,"HOLDER_PROFIT_QOQ":-121.325689993959,"ROE_YEARLY":-15.501922275021,"ROIC_YEARLY":-10.178185948207,"TOTAL_ASSETS":603644726.64,"TOTAL_LIABILITIES":221211727.68,"TAX_EBT":12.813565882097,"OCF_SALES":-27.782943115544,"TOTAL_PARENT_EQUITY":374147689.92,"DEBT_ASSET_RATIO":36.6460134442,"OPERATE_PROFIT":-69251420.36,"PRETAX_PROFIT":-75458557.04,"NETCASH_OPERATE":-20999854.12,"NETCASH_INVEST":19012037.08,"NETCASH_FINANCE":15297429.48,"END_CASH":18572125.32,"DIVI_RATIO":null,"DIVIDEND_RATE":null,"CURRENT_RATIO":1.302637515581,"COMMON_ACS":3000000000,"CURRENTDEBT_DEBT":53.952123972671,"ISSUED_COMMON_SHARES":488769147,"HK_COMMON_SHARES":488769147,"PER_SHARES":20000,"TOTAL_MARKET_CAP":241940727.765,"HKSK_MARKET_CAP":241940727.765,"PE_TTM":-3.575831034067,"PB_TTM":0.590179945956,"REPORT_DATE_SQ":"2022-12-31 00:00:00","REPORT_TYPE_SQ":"2022年年报","OPERATE_INCOME_SQ":77828019.72,"DPS_HKD":null,"OPERATE_INCOME_QOQ_SQ":7.475956694021,"NET_PROFIT_RATIO_SQ":-41.6992442012,"HOLDER_PROFIT_SQ":-32329228.7,"HOLDER_PROFIT_QOQ_SQ":26.816542272897,"ROE_AVG_SQ":-7.104103017091,"PE_TTM_SQ":-2.729710291116,"PB_TTM_SQ":0.206741741237,"ROA_SQ":-4.677828175027,"START_DATE":"2023-07-01 00:00:00","FISCAL_YEAR":"6-30","CURRENCY":"HKD","IS_CNY_CODE":0,"DPS_HKD_LY":null,"ORG_TYPE":"一般企业","PREMIUM_INCOME":null,"PREMIUM_INCOME_YOY":null,"NET_INTEREST_INCOME":null,"NET_INTEREST_INCOME_YOY":null,"FEE_COMMISSION_INCOME":null,"FEE_COMMISSION_INCOME_YOY":null,"ACCOUNTS_RECE_TDAYS":2.031645957781,"INVENTORY_TDAYS":2.066641267422,"CURRENT_ASSETS_TDAYS":0.498523697588,"TOTAL_ASSETS_TDAYS":0.120016810498,"PREMIUM_EXPENSE":null,"LOAN_DEPOSIT":null,"LOAN_EQUITY":null,"LOAN_ASSETS":null,"DEPOSIT_EQUITY":null,"DEPOSIT_ASSETS":null,"EQUITY_MULTIPLIER":1.578432635994,"EQUITY_RATIO":0.591241730578},{"SECUCODE":"01130.HK","SECURITY_CODE":"01130","SECURITY_NAME_ABBR":"中国环境资源","ORG_CODE":"10010505","STD_REPORT_DATE":"2023-06-30 00:00:00","REPORT_DATE":"2023-12-31 00:00:00","DATE_TYPE_CODE":"002","REPORT_TYPE":"2023年中报","PER_NETCASH_OPERATE":-0.005638794463,"PER_OI":0.018047524133,"BPS":0.781597341454,"BASIC_EPS":-0.020480572,"DILUTED_EPS":-0.020480572,"OPERATE_INCOME":36754470.76,"OPERATE_INCOME_YOY":-5.209526258,"GROSS_PROFIT":8339942.66,"GROSS_PROFIT_YOY":33.549114850958,"HOLDER_PROFIT":-41768586.02,"HOLDER_PROFIT_YOY":-1517.7957177957,"GROSS_PROFIT_RATIO":22.690961092756,"EPS_TTM":-0.015874600371,"OPERATE_INCOME_QOQ":-9.133864997016,"NET_PROFIT_RATIO":-111.6721731841,"ROE_AVG":-10.421532694051,"GROSS_PROFIT_QOQ":-14.665325171507,"ROA":-6.592226233316,"HOLDER_PROFIT_QOQ":-208.522276641434,"ROE_YEARLY":-20.843065388103,"ROIC_YEARLY":-13.528969315384,"TOTAL_ASSETS":615914235.44,"TOTAL_LIABILITIES":220785097.26,"TAX_EBT":15.092889413794,"OCF_SALES":-31.24414418857,"TOTAL_PARENT_EQUITY":382020665.88,"DEBT_ASSET_RATIO":35.8467274429,"OPERATE_PROFIT":-45392559.8,"PRETAX_PROFIT":-48340493.46,"NETCASH_OPERATE":-11483619.84,"NETCASH_INVEST":933406.6,"NETCASH_FINANCE":3338514.48,"END_CASH":-2087024.66,"DIVI_RATIO":null,"DIVIDEND_RATE":null,"CURRENT_RATIO":1.270228100745,"COMMON_ACS":3000000000,"CURRENTDEBT_DEBT":51.823849806882,"ISSUED_COMMON_SHARES":488769147,"HK_COMMON_SHARES":488769147,"PER_SHARES":20000,"TOTAL_MARKET_CAP":106551674.046,"HKSK_MARKET_CAP":106551674.046,"PE_TTM":-1.574810435205,"PB_TTM":0.259917632764,"REPORT_DATE_SQ":"2022-06-30 00:00:00","REPORT_TYPE_SQ":"2022年中报","OPERATE_INCOME_SQ":38220343.49,"DPS_HKD":null,"OPERATE_INCOME_QOQ_SQ":16.646675587754,"NET_PROFIT_RATIO_SQ":-5.2282235258,"HOLDER_PROFIT_SQ":-2544926.23,"HOLDER_PROFIT_QOQ_SQ":56.971949144152,"ROE_AVG_SQ":-0.550670265642,"PE_TTM_SQ":-3.19434183003,"PB_TTM_SQ":0.241931824852,"ROA_SQ":-0.372335802721,"START_DATE":"2023-07-01 00:00:00","FISCAL_YEAR":"6-30","CURRENCY":"HKD","IS_CNY_CODE":0,"DPS_HKD_LY":null,"ORG_TYPE":"一般企业","PREMIUM_INCOME":null,"PREMIUM_INCOME_YOY":null,"NET_INTEREST_INCOME":null,"NET_INTEREST_INCOME_YOY":null,"FEE_COMMISSION_INCOME":null,"FEE_COMMISSION_INCOME_YOY":null,"ACCOUNTS_RECE_TDAYS":1.040575731531,"INVENTORY_TDAYS":0.968180204104,"CURRENT_ASSETS_TDAYS":0.251689493183,"TOTAL_ASSETS_TDAYS":0.058008615906,"PREMIUM_EXPENSE":null,"LOAN_DEPOSIT":null,"LOAN_EQUITY":null,"LOAN_ASSETS":null,"DEPOSIT_EQUITY":null,"DEPOSIT_ASSETS":null,"EQUITY_MULTIPLIER":1.558766934469,"EQUITY_RATIO":0.577940192716},{"SECUCODE":"01130.HK","SECURITY_CODE":"01130","SECURITY_NAME_ABBR":"中国环境资源","ORG_CODE":"10010505","STD_REPORT_DATE":"2022-12-31 00:00:00","REPORT_DATE":"2023-06-30 00:00:00","DATE_TYPE_CODE":"001","REPORT_TYPE":"2022年年报","PER_NETCASH_OPERATE":-0.005014318372,"PER_OI":0.038215842456,"BPS":0.87333315333,"BASIC_EPS":-0.0829782,"DILUTED_EPS":-0.0829782,"OPERATE_INCOME":77828019.72,"OPERATE_INCOME_YOY":-9.4153753702,"GROSS_PROFIT":13885940.78,"GROSS_PROFIT_YOY":-23.238982036721,"HOLDER_PROFIT":-32329228.7,"HOLDER_PROFIT_YOY":-109.4308069044,"GROSS_PROFIT_RATIO":17.841827185064,"EPS_TTM":-0.005145366015,"OPERATE_INCOME_QOQ":7.475956694021,"NET_PROFIT_RATIO":-41.6992442012,"ROE_AVG":-7.104103017091,"GROSS_PROFIT_QOQ":-10.047096192077,"ROA":-4.677828175027,"HOLDER_PROFIT_QOQ":26.816542272897,"ROE_YEARLY":-7.104103017091,"ROIC_YEARLY":-4.797637917553,"TOTAL_ASSETS":662619650.16,"TOTAL_LIABILITIES":223462136.56,"TAX_EBT":12.293815717347,"OCF_SALES":-13.121046271945,"TOTAL_PARENT_EQUITY":426858300.4,"DEBT_ASSET_RATIO":33.7240431228,"OPERATE_PROFIT":-33192201.98,"PRETAX_PROFIT":-37002745.32,"NETCASH_OPERATE":-9916816.88,"NETCASH_INVEST":9427245.5,"NETCASH_FINANCE":-77446.32,"END_CASH":5199967.2,"DIVI_RATIO":null,"DIVIDEND_RATE":null,"CURRENT_RATIO":1.361821852132,"COMMON_ACS":3000000000,"CURRENTDEBT_DEBT":49.052695855957,"ISSUED_COMMON_SHARES":488769147,"HK_COMMON_SHARES":488769147,"PER_SHARES":20000,"TOTAL_MARKET_CAP":106551674.046,"HKSK_MARKET_CAP":106551674.046,"PE_TTM":-1.574810435205,"PB_TTM":0.259917632764,"REPORT_DATE_SQ":"2021-12-31 00:00:00","REPORT_TYPE_SQ":"2021年年报","OPERATE_INCOME_SQ":79693445.72,"DPS_HKD":null,"OPERATE_INCOME_QOQ_SQ":5.431495238131,"NET_PROFIT_RATIO_SQ":-15.9119199897,"HOLDER_PROFIT_SQ":-14318446.17,"HOLDER_PROFIT_QOQ_SQ":13.25202051002,"ROE_AVG_SQ":-3.119936718001,"PE_TTM_SQ":-3.19434183003,"PB_TTM_SQ":0.241931824852,"ROA_SQ":-2.11915517309,"START_DATE":"2022-07-01 00:00:00","FISCAL_YEAR":"6-30","CURRENCY":"HKD","IS_CNY_CODE":0,"DPS_HKD_LY":null,"ORG_TYPE":"一般企业","PREMIUM_INCOME":null,"PREMIUM_INCOME_YOY":null,"NET_INTEREST_INCOME":null,"NET_INTEREST_INCOME_YOY":null,"FEE_COMMISSION_INCOME":null,"FEE_COMMISSION_INCOME_YOY":null,"ACCOUNTS_RECE_TDAYS":2.006012285976,"INVENTORY_TDAYS":2.199064605628,"CURRENT_ASSETS_TDAYS":0.628953123196,"TOTAL_ASSETS_TDAYS":0.112612059765,"PREMIUM_EXPENSE":null,"LOAN_DEPOSIT":null,"LOAN_EQUITY":null,"LOAN_ASSETS":null,"DEPOSIT_EQUITY":null,"DEPOSIT_ASSETS":null,"EQUITY_MULTIPLIER":1.50884279476,"EQUITY_RATIO":0.523504255043},{"SECUCODE":"01130.HK","SECURITY_CODE":"01130","SECURITY_NAME_ABBR":"中国环境资源","ORG_CODE":"10010505","STD_REPORT_DATE":"2022-06-30 00:00:00","REPORT_DATE":"2022-12-31 00:00:00","DATE_TYPE_CODE":"002","REPORT_TYPE":"2022年中报","PER_NETCASH_OPERATE":-0.000951809292,"PER_OI":0.018767310677,"BPS":0.933063693585,"BASIC_EPS":-0.001250578,"DILUTED_EPS":-0.001250578,"OPERATE_INCOME":38220343.49,"OPERATE_INCOME_YOY":8.4313228586,"GROSS_PROFIT":6244850.57,"GROSS_PROFIT_YOY":-22.543082580749,"HOLDER_PROFIT":-2544926.23,"HOLDER_PROFIT_YOY":63.516455372,"GROSS_PROFIT_RATIO":16.339074952673,"EPS_TTM":-0.007030777412,"OPERATE_INCOME_QOQ":16.646675587754,"NET_PROFIT_RATIO":-5.2282235258,"ROE_AVG":-0.550670265642,"GROSS_PROFIT_QOQ":8.483865282399,"ROA":-0.372335802721,"HOLDER_PROFIT_QOQ":56.971949144152,"ROE_YEARLY":-1.101340531284,"ROIC_YEARLY":-0.76327083925,"TOTAL_ASSETS":669801537.37,"TOTAL_LIABILITIES":202530213.83,"TAX_EBT":-10.14278680453,"OCF_SALES":-5.071633907495,"TOTAL_PARENT_EQUITY":456052745.61,"DEBT_ASSET_RATIO":30.2373468155,"OPERATE_PROFIT":-113445.29,"PRETAX_PROFIT":-1814231.37,"NETCASH_OPERATE":-1938395.9,"NETCASH_INVEST":-956692.17,"NETCASH_FINANCE":3199693.14,"END_CASH":5506116.28,"DIVI_RATIO":null,"DIVIDEND_RATE":null,"CURRENT_RATIO":0.967531076961,"COMMON_ACS":3000000000,"CURRENTDEBT_DEBT":43.251194156901,"ISSUED_COMMON_SHARES":488769147,"HK_COMMON_SHARES":488769147,"PER_SHARES":20000,"TOTAL_MARKET_CAP":106551674.046,"HKSK_MARKET_CAP":106551674.046,"PE_TTM":-1.574810435205,"PB_TTM":0.259917632764,"REPORT_DATE_SQ":"2021-06-30 00:00:00","REPORT_TYPE_SQ":"2021年中报","OPERATE_INCOME_SQ":32262496,"DPS_HKD":null,"OPERATE_INCOME_QOQ_SQ":3.912069332632,"NET_PROFIT_RATIO_SQ":-16.2544348708,"HOLDER_PROFIT_SQ":-6384638.4,"HOLDER_PROFIT_QOQ_SQ":7.152942898254,"ROE_AVG_SQ":-1.423624435878,"PE_TTM_SQ":-3.19434183003,"PB_TTM_SQ":0.241931824852,"ROA_SQ":-0.96867708407,"START_DATE":"2022-07-01 00:00:00","FISCAL_YEAR":"6-30","CURRENCY":"HKD","IS_CNY_CODE":0,"DPS_HKD_LY":null,"ORG_TYPE":"一般企业","PREMIUM_INCOME":null,"PREMIUM_INCOME_YOY":null,"NET_INTEREST_INCOME":null,"NET_INTEREST_INCOME_YOY":null,"FEE_COMMISSION_INCOME":null,"FEE_COMMISSION_INCOME_YOY":null,"ACCOUNTS_RECE_TDAYS":1.003824136637,"INVENTORY_TDAYS":1.284852835607,"CURRENT_ASSETS_TDAYS":0.424897839612,"TOTAL_ASSETS_TDAYS":0.055918329207,"PREMIUM_EXPENSE":null,"LOAN_DEPOSIT":null,"LOAN_EQUITY":null,"LOAN_ASSETS":null,"DEPOSIT_EQUITY":null,"DEPOSIT_ASSETS":null,"EQUITY_MULTIPLIER":1.433431720774,"EQUITY_RATIO":0.444093837346},{"SECUCODE":"01130.HK","SECURITY_CODE":"01130","SECURITY_NAME_ABBR":"中国环境资源","ORG_CODE":"10010505","STD_REPORT_DATE":"2021-12-31 00:00:00","REPORT_DATE":"2022-06-30 00:00:00","DATE_TYPE_CODE":"001","REPORT_TYPE":"2021年年报","PER_NETCASH_OPERATE":-0.000057529505,"PER_OI":0.039131821385,"BPS":0.917175685068,"BASIC_EPS":-0.0085519,"DILUTED_EPS":-0.0085519,"OPERATE_INCOME":79693445.72,"OPERATE_INCOME_YOY":19.6589537482,"GROSS_PROFIT":18089834.07,"GROSS_PROFIT_YOY":9.430203824861,"HOLDER_PROFIT":-14318446.17,"HOLDER_PROFIT_YOY":63.6827035703,"GROSS_PROFIT_RATIO":22.699274584711,"EPS_TTM":-0.016339985828,"OPERATE_INCOME_QOQ":5.431495238131,"NET_PROFIT_RATIO":-15.9119199897,"ROE_AVG":-3.119936718001,"GROSS_PROFIT_QOQ":0.872331143436,"ROA":-2.11915517309,"HOLDER_PROFIT_QOQ":13.25202051002,"ROE_YEARLY":-3.119936718001,"ROIC_YEARLY":-2.185800197,"TOTAL_ASSETS":667482636.52,"TOTAL_LIABILITIES":208699712.41,"TAX_EBT":-12.146422628952,"OCF_SALES":-0.147014637078,"TOTAL_PARENT_EQUITY":448287177.24,"DEBT_ASSET_RATIO":31.2666878495,"OPERATE_PROFIT":-8221796.66,"PRETAX_PROFIT":-11307322.18,"NETCASH_OPERATE":-117161.03,"NETCASH_INVEST":-1027083.19,"NETCASH_FINANCE":-9662791.81,"END_CASH":5383421.05,"DIVI_RATIO":null,"DIVIDEND_RATE":null,"CURRENT_RATIO":0.977767986635,"COMMON_ACS":3000000000,"CURRENTDEBT_DEBT":44.641225377911,"ISSUED_COMMON_SHARES":488769147,"HK_COMMON_SHARES":488769147,"PER_SHARES":20000,"TOTAL_MARKET_CAP":106551674.046,"HKSK_MARKET_CAP":106551674.046,"PE_TTM":-1.574810435205,"PB_TTM":0.259917632764,"REPORT_DATE_SQ":"2020-12-31 00:00:00","REPORT_TYPE_SQ":"2020年年报","OPERATE_INCOME_SQ":64800726.24,"DPS_HKD":null,"OPERATE_INCOME_QOQ_SQ":-9.462614244695,"NET_PROFIT_RATIO_SQ":-62.84444901,"HOLDER_PROFIT_SQ":-38360552.16,"HOLDER_PROFIT_QOQ_SQ":18.587689958247,"ROE_AVG_SQ":-8.274960893083,"PE_TTM_SQ":-3.19434183003,"PB_TTM_SQ":0.241931824852,"ROA_SQ":-5.90276355144,"START_DATE":"2021-07-01 00:00:00","FISCAL_YEAR":"6-30","CURRENCY":"HKD","IS_CNY_CODE":0,"DPS_HKD_LY":null,"ORG_TYPE":"一般企业","PREMIUM_INCOME":null,"PREMIUM_INCOME_YOY":null,"NET_INTEREST_INCOME":null,"NET_INTEREST_INCOME_YOY":null,"FEE_COMMISSION_INCOME":null,"FEE_COMMISSION_INCOME_YOY":null,"ACCOUNTS_RECE_TDAYS":1.738111891373,"INVENTORY_TDAYS":2.624512697198,"CURRENT_ASSETS_TDAYS":0.78710069767,"TOTAL_ASSETS_TDAYS":0.117947698901,"PREMIUM_EXPENSE":null,"LOAN_DEPOSIT":null,"LOAN_EQUITY":null,"LOAN_ASSETS":null,"DEPOSIT_EQUITY":null,"DEPOSIT_ASSETS":null,"EQUITY_MULTIPLIER":1.454898605512,"EQUITY_RATIO":0.465549145739},{"SECUCODE":"01130.HK","SECURITY_CODE":"01130","SECURITY_NAME_ABBR":"中国环境资源","ORG_CODE":"10010505","STD_REPORT_DATE":"2021-06-30 00:00:00","REPORT_DATE":"2021-12-31 00:00:00","DATE_TYPE_CODE":"002","REPORT_TYPE":"2021年中报","PER_NETCASH_OPERATE":-0.004231848911,"PER_OI":0.015841832656,"BPS":0.916619572143,"BASIC_EPS":-0.00310688,"DILUTED_EPS":-0.00310688,"OPERATE_INCOME":32262496,"OPERATE_INCOME_YOY":15.5456648414,"GROSS_PROFIT":8062353.6,"GROSS_PROFIT_YOY":1.821189242771,"HOLDER_PROFIT":-6384638.4,"HOLDER_PROFIT_YOY":42.690444738,"GROSS_PROFIT_RATIO":24.98986315256,"EPS_TTM":-0.01883615725,"OPERATE_INCOME_QOQ":3.912069332632,"NET_PROFIT_RATIO":-16.2544348708,"ROE_AVG":-1.423624435878,"GROSS_PROFIT_QOQ":3.282358188996,"ROA":-0.96867708407,"HOLDER_PROFIT_QOQ":7.152942898254,"ROE_YEARLY":-2.847248871756,"ROIC_YEARLY":-1.993696457225,"TOTAL_ASSETS":664424275.2,"TOTAL_LIABILITIES":206442364.8,"TAX_EBT":-10.662525879917,"OCF_SALES":-26.713127217435,"TOTAL_PARENT_EQUITY":448015366.4,"DEBT_ASSET_RATIO":31.0708642814,"OPERATE_PROFIT":-3284299.2,"PRETAX_PROFIT":-4738809.6,"NETCASH_OPERATE":-8618321.6,"NETCASH_INVEST":712947.2,"NETCASH_FINANCE":-4670131.2,"END_CASH":3076628.8,"DIVI_RATIO":null,"DIVIDEND_RATE":null,"CURRENT_RATIO":1.044410345953,"COMMON_ACS":3000000000,"CURRENTDEBT_DEBT":44.910058693534,"ISSUED_COMMON_SHARES":488769147,"HK_COMMON_SHARES":488769147,"PER_SHARES":20000,"TOTAL_MARKET_CAP":106551674.046,"HKSK_MARKET_CAP":106551674.046,"PE_TTM":-1.574810435205,"PB_TTM":0.259917632764,"REPORT_DATE_SQ":"2020-06-30 00:00:00","REPORT_TYPE_SQ":"2020年中报","OPERATE_INCOME_SQ":28742847.64,"DPS_HKD":null,"OPERATE_INCOME_QOQ_SQ":-19.918065948227,"NET_PROFIT_RATIO_SQ":-37.8114842904,"HOLDER_PROFIT_SQ":-11468186.64,"HOLDER_PROFIT_QOQ_SQ":25.940489314714,"ROE_AVG_SQ":-2.384854963328,"PE_TTM_SQ":-3.19434183003,"PB_TTM_SQ":0.241931824852,"ROA_SQ":-1.750276651867,"START_DATE":"2021-07-01 00:00:00","FISCAL_YEAR":"6-30","CURRENCY":"HKD","IS_CNY_CODE":0,"DPS_HKD_LY":null,"ORG_TYPE":"一般企业","PREMIUM_INCOME":null,"PREMIUM_INCOME_YOY":null,"NET_INTEREST_INCOME":null,"NET_INTEREST_INCOME_YOY":null,"FEE_COMMISSION_INCOME":null,"FEE_COMMISSION_INCOME_YOY":null,"ACCOUNTS_RECE_TDAYS":0.659860703506,"INVENTORY_TDAYS":1.108203227377,"CURRENT_ASSETS_TDAYS":0.317328840656,"TOTAL_ASSETS_TDAYS":0.048948646097,"PREMIUM_EXPENSE":null,"LOAN_DEPOSIT":null,"LOAN_EQUITY":null,"LOAN_ASSETS":null,"DEPOSIT_EQUITY":null,"DEPOSIT_ASSETS":null,"EQUITY_MULTIPLIER":1.45076532525,"EQUITY_RATIO":0.460793044799},{"SECUCODE":"01130.HK","SECURITY_CODE":"01130","SECURITY_NAME_ABBR":"中国环境资源","ORG_CODE":"10010505","STD_REPORT_DATE":"2020-12-31 00:00:00","REPORT_DATE":"2021-06-30 00:00:00","DATE_TYPE_CODE":"001","REPORT_TYPE":"2020年年报","PER_NETCASH_OPERATE":0.000727264759,"PER_OI":0.031819058919,"BPS":0.934778658605,"BASIC_EPS":-0.0166416,"DILUTED_EPS":-0.0166416,"OPERATE_INCOME":64800726.24,"OPERATE_INCOME_YOY":3.2782537199,"GROSS_PROFIT":16530933.36,"GROSS_PROFIT_YOY":-3.66523739825,"HOLDER_PROFIT":-38360552.16,"HOLDER_PROFIT_YOY":17.0200511178,"GROSS_PROFIT_RATIO":25.51041372403,"EPS_TTM":-0.020287295944,"OPERATE_INCOME_QOQ":-9.462614244695,"NET_PROFIT_RATIO":-62.84444901,"ROE_AVG":-8.274960893083,"GROSS_PROFIT_QOQ":-6.7267979828,"ROA":-5.90276355144,"HOLDER_PROFIT_QOQ":18.587689958247,"ROE_YEARLY":-8.274960893083,"ROIC_YEARLY":-6.078401383864,"TOTAL_ASSETS":665372772,"TOTAL_LIABILITIES":199656763.92,"TAX_EBT":2.225507431677,"OCF_SALES":2.285626235907,"TOTAL_PARENT_EQUITY":456890967.6,"DEBT_ASSET_RATIO":30.0067529544,"OPERATE_PROFIT":-39596190.96,"PRETAX_PROFIT":-41650596.48,"NETCASH_OPERATE":1481102.4,"NETCASH_INVEST":-5748008.64,"NETCASH_FINANCE":20452526.4,"END_CASH":15813680.4,"DIVI_RATIO":null,"DIVIDEND_RATE":null,"CURRENT_RATIO":1.039740120841,"COMMON_ACS":3000000000,"CURRENTDEBT_DEBT":52.214845654702,"ISSUED_COMMON_SHARES":488769147,"HK_COMMON_SHARES":488769147,"PER_SHARES":20000,"TOTAL_MARKET_CAP":106551674.046,"HKSK_MARKET_CAP":106551674.046,"PE_TTM":-1.574810435205,"PB_TTM":0.259917632764,"REPORT_DATE_SQ":"2019-12-31 00:00:00","REPORT_TYPE_SQ":"2019年年报","OPERATE_INCOME_SQ":68878856.64,"DPS_HKD":null,"OPERATE_INCOME_QOQ_SQ":-18.100831438052,"NET_PROFIT_RATIO_SQ":-73.9649364772,"HOLDER_PROFIT_SQ":-50748899.52,"HOLDER_PROFIT_QOQ_SQ":36.31658073204,"ROE_AVG_SQ":-9.275698164995,"PE_TTM_SQ":-3.19434183003,"PB_TTM_SQ":0.241931824852,"ROA_SQ":-7.177285064483,"START_DATE":"2020-07-01 00:00:00","FISCAL_YEAR":"6-30","CURRENCY":"HKD","IS_CNY_CODE":0,"DPS_HKD_LY":null,"ORG_TYPE":"一般企业","PREMIUM_INCOME":null,"PREMIUM_INCOME_YOY":null,"NET_INTEREST_INCOME":null,"NET_INTEREST_INCOME_YOY":null,"FEE_COMMISSION_INCOME":null,"FEE_COMMISSION_INCOME_YOY":null,"ACCOUNTS_RECE_TDAYS":1.220782681621,"INVENTORY_TDAYS":2.413705583756,"CURRENT_ASSETS_TDAYS":0.619588998592,"TOTAL_ASSETS_TDAYS":0.099712684885,"PREMIUM_EXPENSE":null,"LOAN_DEPOSIT":null,"LOAN_EQUITY":null,"LOAN_ASSETS":null,"DEPOSIT_EQUITY":null,"DEPOSIT_ASSETS":null,"EQUITY_MULTIPLIER":1.428709257264,"EQUITY_RATIO":0.436989956201},{"SECUCODE":"01130.HK","SECURITY_CODE":"01130","SECURITY_NAME_ABBR":"中国环境资源","ORG_CODE":"10010505","STD_REPORT_DATE":"2020-06-30 00:00:00","REPORT_DATE":"2020-12-31 00:00:00","DATE_TYPE_CODE":"002","REPORT_TYPE":"2020年中报","PER_NETCASH_OPERATE":0.002068416089,"PER_OI":0.014113581986,"BPS":0.994522076329,"BASIC_EPS":-0.005638988,"DILUTED_EPS":-0.005638988,"OPERATE_INCOME":28742847.64,"OPERATE_INCOME_YOY":-13.2408607068,"GROSS_PROFIT":7918149.12,"GROSS_PROFIT_YOY":-12.723238684515,"HOLDER_PROFIT":-11468186.64,"HOLDER_PROFIT_YOY":41.602022886,"GROSS_PROFIT_RATIO":27.548241632749,"EPS_TTM":-0.024919199484,"OPERATE_INCOME_QOQ":-19.918065948227,"NET_PROFIT_RATIO":-37.8114842904,"ROE_AVG":-2.384854963328,"GROSS_PROFIT_QOQ":-8.342260230895,"ROA":-1.750276651867,"HOLDER_PROFIT_QOQ":25.940489314714,"ROE_YEARLY":-4.769709926657,"ROIC_YEARLY":-3.586716828759,"TOTAL_ASSETS":668778085.32,"TOTAL_LIABILITIES":170879852.48,"TAX_EBT":1.419955721811,"OCF_SALES":14.655500570994,"TOTAL_PARENT_EQUITY":486091706.92,"DEBT_ASSET_RATIO":25.5510544127,"OPERATE_PROFIT":-10135870.52,"PRETAX_PROFIT":-11024642.36,"NETCASH_OPERATE":4212408.2,"NETCASH_INVEST":-503300.72,"NETCASH_FINANCE":-775150.44,"END_CASH":2634333.2,"DIVI_RATIO":null,"DIVIDEND_RATE":null,"CURRENT_RATIO":1.519884984956,"COMMON_ACS":3000000000,"CURRENTDEBT_DEBT":40.596556207888,"ISSUED_COMMON_SHARES":488769147,"HK_COMMON_SHARES":488769147,"PER_SHARES":20000,"TOTAL_MARKET_CAP":106551674.046,"HKSK_MARKET_CAP":106551674.046,"PE_TTM":-1.574810435205,"PB_TTM":0.259917632764,"REPORT_DATE_SQ":"2019-06-30 00:00:00","REPORT_TYPE_SQ":"2019年中报","OPERATE_INCOME_SQ":35260588.14,"DPS_HKD":null,"OPERATE_INCOME_QOQ_SQ":-47.175402603819,"NET_PROFIT_RATIO_SQ":-58.0062495237,"HOLDER_PROFIT_SQ":-20901234.74,"HOLDER_PROFIT_QOQ_SQ":36.182224890994,"ROE_AVG_SQ":-3.773957220506,"PE_TTM_SQ":-3.19434183003,"PB_TTM_SQ":0.241931824852,"ROA_SQ":-2.936795277062,"START_DATE":"2020-07-01 00:00:00","FISCAL_YEAR":"6-30","CURRENCY":"HKD","IS_CNY_CODE":0,"DPS_HKD_LY":null,"ORG_TYPE":"一般企业","PREMIUM_INCOME":null,"PREMIUM_INCOME_YOY":null,"NET_INTEREST_INCOME":null,"NET_INTEREST_INCOME_YOY":null,"FEE_COMMISSION_INCOME":null,"FEE_COMMISSION_INCOME_YOY":null,"ACCOUNTS_RECE_TDAYS":0.551658966821,"INVENTORY_TDAYS":0.962313316739,"CURRENT_ASSETS_TDAYS":0.277207550539,"TOTAL_ASSETS_TDAYS":0.043867384367,"PREMIUM_EXPENSE":null,"LOAN_DEPOSIT":null,"LOAN_EQUITY":null,"LOAN_ASSETS":null,"DEPOSIT_EQUITY":null,"DEPOSIT_ASSETS":null,"EQUITY_MULTIPLIER":1.343202367893,"EQUITY_RATIO":0.351538300381},{"SECUCODE":"01130.HK","SECURITY_CODE":"01130","SECURITY_NAME_ABBR":"中国环境资源","ORG_CODE":"10010505","STD_REPORT_DATE":"2019-12-31 00:00:00","REPORT_DATE":"2020-06-30 00:00:00","DATE_TYPE_CODE":"001","REPORT_TYPE":"2019年年报","PER_NETCASH_OPERATE":-0.000321593038,"PER_OI":0.033821540666,"BPS":1.05619989864,"BASIC_EPS":-0.0274032,"DILUTED_EPS":-0.0274032,"OPERATE_INCOME":68878856.64,"OPERATE_INCOME_YOY":-36.8390193237,"GROSS_PROFIT":17159883.84,"GROSS_PROFIT_YOY":6.110775412931,"HOLDER_PROFIT":-50748899.52,"HOLDER_PROFIT_YOY":54.5805333464,"GROSS_PROFIT_RATIO":24.913136885659,"EPS_TTM":-0.033647534602,"OPERATE_INCOME_QOQ":-18.100831438052,"NET_PROFIT_RATIO":-73.9649364772,"ROE_AVG":-9.275698164995,"GROSS_PROFIT_QOQ":15.768483578403,"ROA":-7.177285064483,"HOLDER_PROFIT_QOQ":36.31658073204,"ROE_YEARLY":-9.275698164995,"ROIC_YEARLY":-7.339597404099,"TOTAL_ASSETS":696404829.12,"TOTAL_LIABILITIES":168681311.04,"TAX_EBT":1.775210454017,"OCF_SALES":-0.95085271729,"TOTAL_PARENT_EQUITY":516237923.52,"DEBT_ASSET_RATIO":24.2217319563,"OPERATE_PROFIT":-49908534.72,"PRETAX_PROFIT":-51866950.08,"NETCASH_OPERATE":-654936.48,"NETCASH_INVEST":-5691644.64,"NETCASH_FINANCE":128795.04,"END_CASH":-664984.32,"DIVI_RATIO":null,"DIVIDEND_RATE":null,"CURRENT_RATIO":1.64930007081,"COMMON_ACS":3000000000,"CURRENTDEBT_DEBT":39.766930566536,"ISSUED_COMMON_SHARES":488769147,"HK_COMMON_SHARES":488769147,"PER_SHARES":20000,"TOTAL_MARKET_CAP":106551674.046,"HKSK_MARKET_CAP":106551674.046,"PE_TTM":-1.574810435205,"PB_TTM":0.259917632764,"REPORT_DATE_SQ":"2018-12-31 00:00:00","REPORT_TYPE_SQ":"2018年年报","OPERATE_INCOME_SQ":105019968.42,"DPS_HKD":null,"OPERATE_INCOME_QOQ_SQ":11.085072510932,"NET_PROFIT_RATIO_SQ":-101.4683340732,"HOLDER_PROFIT_SQ":-107601770.52,"HOLDER_PROFIT_QOQ_SQ":-25.159949689939,"ROE_AVG_SQ":-17.43335399876,"PE_TTM_SQ":-3.19434183003,"PB_TTM_SQ":0.241931824852,"ROA_SQ":-14.343590928226,"START_DATE":"2019-07-01 00:00:00","FISCAL_YEAR":"6-30","CURRENCY":"HKD","IS_CNY_CODE":0,"DPS_HKD_LY":null,"ORG_TYPE":"一般企业","PREMIUM_INCOME":null,"PREMIUM_INCOME_YOY":null,"NET_INTEREST_INCOME":null,"NET_INTEREST_INCOME_YOY":null,"FEE_COMMISSION_INCOME":null,"FEE_COMMISSION_INCOME_YOY":null,"ACCOUNTS_RECE_TDAYS":1.141658907335,"INVENTORY_TDAYS":2.463399247319,"CURRENT_ASSETS_TDAYS":0.601686023084,"TOTAL_ASSETS_TDAYS":0.097413578166,"PREMIUM_EXPENSE":null,"LOAN_DEPOSIT":null,"LOAN_EQUITY":null,"LOAN_ASSETS":null,"DEPOSIT_EQUITY":null,"DEPOSIT_ASSETS":null,"EQUITY_MULTIPLIER":1.319639556058,"EQUITY_RATIO":0.326751103231}],"count":48},"success":true,"message":"ok","code":0}