{"version":"78032e36096475b788df62fe5dbe90ea","result":{"pages":6,"data":[{"SECUCODE":"01133.HK","SECURITY_CODE":"01133","SECURITY_NAME_ABBR":"哈尔滨电气","ORG_CODE":"10010508","STD_REPORT_DATE":"2024-06-30 00:00:00","REPORT_DATE":"2024-06-30 00:00:00","DATE_TYPE_CODE":"002","REPORT_TYPE":"2024年中报","PER_NETCASH_OPERATE":-0.639522030702,"PER_OI":7.621356464229,"BPS":6.375701623172,"BASIC_EPS":0.23,"DILUTED_EPS":0.23,"OPERATE_INCOME":17043456548.4,"OPERATE_INCOME_YOY":25.5885807657,"GROSS_PROFIT":1947844503.97,"GROSS_PROFIT_YOY":33.945136375084,"HOLDER_PROFIT":522667422.32,"HOLDER_PROFIT_YOY":515.6998475263,"GROSS_PROFIT_RATIO":11.428694047117,"EPS_TTM":0.452778409338,"OPERATE_INCOME_QOQ":12.040525823391,"NET_PROFIT_RATIO":3.1746707677,"ROE_AVG":3.717072467009,"GROSS_PROFIT_QOQ":15.822706801554,"ROA":0.722859455172,"HOLDER_PROFIT_QOQ":76.166995211762,"ROE_YEARLY":7.434144934019,"ROIC_YEARLY":1.932995532223,"TOTAL_ASSETS":73314122909.89,"TOTAL_LIABILITIES":58339570874.27,"TAX_EBT":21.638194851786,"OCF_SALES":-8.391183822769,"TOTAL_PARENT_EQUITY":14257828523.06,"DEBT_ASSET_RATIO":79.5748057246,"OPERATE_PROFIT":626552689.17,"PRETAX_PROFIT":690481328.01,"NETCASH_OPERATE":-1430147768.73,"NETCASH_INVEST":-2326470.95,"NETCASH_FINANCE":-676024063.22,"END_CASH":15198319600.9,"DIVI_RATIO":0.114683926904,"DIVIDEND_RATE":1.685294117647,"CURRENT_RATIO":1.126113144449,"COMMON_ACS":null,"CURRENTDEBT_DEBT":95.039271272226,"ISSUED_COMMON_SHARES":2236276000,"HK_COMMON_SHARES":675571000,"PER_SHARES":2000,"TOTAL_MARKET_CAP":7603338400,"HKSK_MARKET_CAP":2296941400,"PE_TTM":6.820124382657,"PB_TTM":0.486709100175,"REPORT_DATE_SQ":"2023-06-30 00:00:00","REPORT_TYPE_SQ":"2023年中报","OPERATE_INCOME_SQ":13570864838.58,"DPS_HKD":0.0573,"OPERATE_INCOME_QOQ_SQ":7.423235225025,"NET_PROFIT_RATIO_SQ":0.7692981127,"HOLDER_PROFIT_SQ":84889971.05,"HOLDER_PROFIT_QOQ_SQ":33.510943365741,"ROE_AVG_SQ":0.730137079027,"PE_TTM_SQ":35.777916424934,"PB_TTM_SQ":0.406091512364,"ROA_SQ":0.128024777634,"START_DATE":"2024-01-01 00:00:00","FISCAL_YEAR":"12-31","CURRENCY":"HKD","IS_CNY_CODE":0,"DPS_HKD_LY":0.0573,"ORG_TYPE":"一般企业","PREMIUM_INCOME":null,"PREMIUM_INCOME_YOY":null,"NET_INTEREST_INCOME":null,"NET_INTEREST_INCOME_YOY":null,"FEE_COMMISSION_INCOME":null,"FEE_COMMISSION_INCOME_YOY":null,"ACCOUNTS_RECE_TDAYS":2.105263336594,"INVENTORY_TDAYS":1.209752285841,"CURRENT_ASSETS_TDAYS":0.276984137254,"TOTAL_ASSETS_TDAYS":0.235714398654,"PREMIUM_EXPENSE":null,"LOAN_DEPOSIT":null,"LOAN_EQUITY":null,"LOAN_ASSETS":null,"DEPOSIT_EQUITY":null,"DEPOSIT_ASSETS":null,"EQUITY_MULTIPLIER":4.895914264103,"EQUITY_RATIO":4.091757084882},{"SECUCODE":"01133.HK","SECURITY_CODE":"01133","SECURITY_NAME_ABBR":"哈尔滨电气","ORG_CODE":"10010508","STD_REPORT_DATE":"2023-12-31 00:00:00","REPORT_DATE":"2023-12-31 00:00:00","DATE_TYPE_CODE":"001","REPORT_TYPE":"2023年年报","PER_NETCASH_OPERATE":1.021431395235,"PER_OI":12.896826808283,"BPS":6.199906518279,"BASIC_EPS":0.313,"DILUTED_EPS":0.313,"OPERATE_INCOME":28840864267.52,"OPERATE_INCOME_YOY":17.0309409946,"GROSS_PROFIT":3119781028.31,"GROSS_PROFIT_YOY":8.952566844282,"HOLDER_PROFIT":574760038.85,"HOLDER_PROFIT_YOY":482.6938369609,"GROSS_PROFIT_RATIO":10.817224474869,"EPS_TTM":0.257016593144,"OPERATE_INCOME_QOQ":8.943787393328,"NET_PROFIT_RATIO":2.133720217,"ROE_AVG":4.491602036359,"GROSS_PROFIT_QOQ":23.026878470716,"ROA":0.854150644031,"HOLDER_PROFIT_QOQ":336.439008122884,"ROE_YEARLY":4.491602036359,"ROIC_YEARLY":1.182227860695,"TOTAL_ASSETS":71296954272.71,"TOTAL_LIABILITIES":56709158680.13,"TAX_EBT":19.976859170242,"OCF_SALES":7.920021028574,"TOTAL_PARENT_EQUITY":13864702149.07,"DEBT_ASSET_RATIO":79.5393846183,"OPERATE_PROFIT":674964738.07,"PRETAX_PROFIT":769006746.36,"NETCASH_OPERATE":2284202514.81,"NETCASH_INVEST":-1708542784.47,"NETCASH_FINANCE":521878431.54,"END_CASH":17364232108.35,"DIVI_RATIO":0.202035228017,"DIVIDEND_RATE":2.203846153846,"CURRENT_RATIO":1.14672419175,"COMMON_ACS":null,"CURRENTDEBT_DEBT":93.22897980494,"ISSUED_COMMON_SHARES":2236276000,"HK_COMMON_SHARES":675571000,"PER_SHARES":2000,"TOTAL_MARKET_CAP":5814317600,"HKSK_MARKET_CAP":1756484600,"PE_TTM":5.215389233796,"PB_TTM":0.372189311899,"REPORT_DATE_SQ":"2022-12-31 00:00:00","REPORT_TYPE_SQ":"2022年年报","OPERATE_INCOME_SQ":24643794215.8,"DPS_HKD":0.0573,"OPERATE_INCOME_QOQ_SQ":16.41058027256,"NET_PROFIT_RATIO_SQ":0.5251962005,"HOLDER_PROFIT_SQ":98638427.66,"HOLDER_PROFIT_QOQ_SQ":102.391185927614,"ROE_AVG_SQ":0.846803751538,"PE_TTM_SQ":31.364781359303,"PB_TTM_SQ":0.356000929342,"ROA_SQ":0.15923070947,"START_DATE":"2023-01-01 00:00:00","FISCAL_YEAR":"12-31","CURRENCY":"HKD","IS_CNY_CODE":0,"DPS_HKD_LY":0.00686,"ORG_TYPE":"一般企业","PREMIUM_INCOME":null,"PREMIUM_INCOME_YOY":null,"NET_INTEREST_INCOME":null,"NET_INTEREST_INCOME_YOY":null,"FEE_COMMISSION_INCOME":null,"FEE_COMMISSION_INCOME_YOY":null,"ACCOUNTS_RECE_TDAYS":3.366009696035,"INVENTORY_TDAYS":2.523946519762,"CURRENT_ASSETS_TDAYS":0.505312552764,"TOTAL_ASSETS_TDAYS":0.428603958581,"PREMIUM_EXPENSE":null,"LOAN_DEPOSIT":null,"LOAN_EQUITY":null,"LOAN_ASSETS":null,"DEPOSIT_EQUITY":null,"DEPOSIT_ASSETS":null,"EQUITY_MULTIPLIER":4.887438531758,"EQUITY_RATIO":4.090182253496},{"SECUCODE":"01133.HK","SECURITY_CODE":"01133","SECURITY_NAME_ABBR":"哈尔滨电气","ORG_CODE":"10010508","STD_REPORT_DATE":"2023-06-30 00:00:00","REPORT_DATE":"2023-06-30 00:00:00","DATE_TYPE_CODE":"002","REPORT_TYPE":"2023年中报","PER_NETCASH_OPERATE":0.774776922116,"PER_OI":7.952348042529,"BPS":5.153751152823,"BASIC_EPS":0.05,"DILUTED_EPS":0.05,"OPERATE_INCOME":13570864838.58,"OPERATE_INCOME_YOY":15.5803527712,"GROSS_PROFIT":1454210699.01,"GROSS_PROFIT_YOY":-18.384751911992,"HOLDER_PROFIT":84889971.05,"HOLDER_PROFIT_YOY":63.7686392268,"GROSS_PROFIT_RATIO":10.715681839789,"EPS_TTM":0.077170419203,"OPERATE_INCOME_QOQ":7.423235225025,"NET_PROFIT_RATIO":0.7692981127,"ROE_AVG":0.730137079027,"GROSS_PROFIT_QOQ":-11.440029854764,"ROA":0.128024777634,"HOLDER_PROFIT_QOQ":33.510943365741,"ROE_YEARLY":1.460274158054,"ROIC_YEARLY":0.355321721537,"TOTAL_ASSETS":69331378267.34,"TOTAL_LIABILITIES":57096631513.64,"TAX_EBT":39.58852959186,"OCF_SALES":9.742744130066,"TOTAL_PARENT_EQUITY":11525210013.03,"DEBT_ASSET_RATIO":82.353233039,"OPERATE_PROFIT":74364855.98,"PRETAX_PROFIT":172815537.14,"NETCASH_OPERATE":1322174637.46,"NETCASH_INVEST":-318891740.59,"NETCASH_FINANCE":-38849611.37,"END_CASH":17268598501.49,"DIVI_RATIO":0.672879667314,"DIVIDEND_RATE":2.203846153846,"CURRENT_RATIO":1.1071405768,"COMMON_ACS":null,"CURRENTDEBT_DEBT":92.721743875999,"ISSUED_COMMON_SHARES":2236276000,"HK_COMMON_SHARES":675571000,"PER_SHARES":2000,"TOTAL_MARKET_CAP":5814317600,"HKSK_MARKET_CAP":1756484600,"PE_TTM":5.215389233796,"PB_TTM":0.372189311899,"REPORT_DATE_SQ":"2022-06-30 00:00:00","REPORT_TYPE_SQ":"2022年中报","OPERATE_INCOME_SQ":11741498025.57,"DPS_HKD":0.0573,"OPERATE_INCOME_QOQ_SQ":-0.261915560944,"NET_PROFIT_RATIO_SQ":0.5188348197,"HOLDER_PROFIT_SQ":51835303.42,"HOLDER_PROFIT_QOQ_SQ":0.419178857735,"ROE_AVG_SQ":0.446638265655,"PE_TTM_SQ":31.364781359303,"PB_TTM_SQ":0.356000929342,"ROA_SQ":0.08442388344,"START_DATE":"2023-01-01 00:00:00","FISCAL_YEAR":"12-31","CURRENCY":"HKD","IS_CNY_CODE":0,"DPS_HKD_LY":0.00686,"ORG_TYPE":"一般企业","PREMIUM_INCOME":null,"PREMIUM_INCOME_YOY":null,"NET_INTEREST_INCOME":null,"NET_INTEREST_INCOME_YOY":null,"FEE_COMMISSION_INCOME":null,"FEE_COMMISSION_INCOME_YOY":null,"ACCOUNTS_RECE_TDAYS":1.392161150167,"INVENTORY_TDAYS":1.165911790395,"CURRENT_ASSETS_TDAYS":0.242040523399,"TOTAL_ASSETS_TDAYS":0.204665749295,"PREMIUM_EXPENSE":null,"LOAN_DEPOSIT":null,"LOAN_EQUITY":null,"LOAN_ASSETS":null,"DEPOSIT_EQUITY":null,"DEPOSIT_ASSETS":null,"EQUITY_MULTIPLIER":5.666760388518,"EQUITY_RATIO":4.954064303305},{"SECUCODE":"01133.HK","SECURITY_CODE":"01133","SECURITY_NAME_ABBR":"哈尔滨电气","ORG_CODE":"10010508","STD_REPORT_DATE":"2022-12-31 00:00:00","REPORT_DATE":"2022-12-31 00:00:00","DATE_TYPE_CODE":"001","REPORT_TYPE":"2022年年报","PER_NETCASH_OPERATE":2.78172155031,"PER_OI":14.440938807036,"BPS":5.244410723703,"BASIC_EPS":0.058,"DILUTED_EPS":0.058,"OPERATE_INCOME":24643794215.8,"OPERATE_INCOME_YOY":16.1056828482,"GROSS_PROFIT":2863430498.86,"GROSS_PROFIT_YOY":392.791325462438,"HOLDER_PROFIT":98638427.66,"HOLDER_PROFIT_YOY":102.3811625818,"GROSS_PROFIT_RATIO":11.61927613007,"EPS_TTM":0.057800819362,"OPERATE_INCOME_QOQ":16.41058027256,"NET_PROFIT_RATIO":0.5251962005,"ROE_AVG":0.846803751538,"GROSS_PROFIT_QOQ":745.445774938991,"ROA":0.15923070947,"HOLDER_PROFIT_QOQ":102.391185927614,"ROE_YEARLY":0.846803751538,"ROIC_YEARLY":0.215087963423,"TOTAL_ASSETS":63283530532.06,"TOTAL_LIABILITIES":50909668579.12,"TAX_EBT":37.102558073828,"OCF_SALES":19.26274730113,"TOTAL_PARENT_EQUITY":11727949835.56,"DEBT_ASSET_RATIO":80.4469474934,"OPERATE_PROFIT":15865900.21,"PRETAX_PROFIT":205776684.88,"NETCASH_OPERATE":4747071805.2,"NETCASH_INVEST":-660426244.64,"NETCASH_FINANCE":-464069510.85,"END_CASH":16276554185.93,"DIVI_RATIO":0.898367991548,"DIVIDEND_RATE":2.203846153846,"CURRENT_RATIO":1.167147127429,"COMMON_ACS":null,"CURRENTDEBT_DEBT":90.078835236925,"ISSUED_COMMON_SHARES":2236276000,"HK_COMMON_SHARES":675571000,"PER_SHARES":2000,"TOTAL_MARKET_CAP":5814317600,"HKSK_MARKET_CAP":1756484600,"PE_TTM":5.215389233796,"PB_TTM":0.372189311899,"REPORT_DATE_SQ":"2021-12-31 00:00:00","REPORT_TYPE_SQ":"2021年年报","OPERATE_INCOME_SQ":21225312673.12,"DPS_HKD":0.0573,"OPERATE_INCOME_QOQ_SQ":-18.218919731803,"NET_PROFIT_RATIO_SQ":-19.320640632,"HOLDER_PROFIT_SQ":-4142448248.42,"HOLDER_PROFIT_QOQ_SQ":-209576.027404111,"ROE_AVG_SQ":-30.407854789681,"PE_TTM_SQ":31.364781359303,"PB_TTM_SQ":0.356000929342,"ROA_SQ":-6.987260860306,"START_DATE":"2022-01-01 00:00:00","FISCAL_YEAR":"12-31","CURRENCY":"HKD","IS_CNY_CODE":0,"DPS_HKD_LY":null,"ORG_TYPE":"一般企业","PREMIUM_INCOME":null,"PREMIUM_INCOME_YOY":null,"NET_INTEREST_INCOME":null,"NET_INTEREST_INCOME_YOY":null,"FEE_COMMISSION_INCOME":null,"FEE_COMMISSION_INCOME_YOY":null,"ACCOUNTS_RECE_TDAYS":2.606294396019,"INVENTORY_TDAYS":2.331685220739,"CURRENT_ASSETS_TDAYS":0.469293210585,"TOTAL_ASSETS_TDAYS":0.397821511362,"PREMIUM_EXPENSE":null,"LOAN_DEPOSIT":null,"LOAN_EQUITY":null,"LOAN_ASSETS":null,"DEPOSIT_EQUITY":null,"DEPOSIT_ASSETS":null,"EQUITY_MULTIPLIER":5.114290976626,"EQUITY_RATIO":4.340883896413},{"SECUCODE":"01133.HK","SECURITY_CODE":"01133","SECURITY_NAME_ABBR":"哈尔滨电气","ORG_CODE":"10010508","STD_REPORT_DATE":"2022-06-30 00:00:00","REPORT_DATE":"2022-06-30 00:00:00","DATE_TYPE_CODE":"002","REPORT_TYPE":"2022年中报","PER_NETCASH_OPERATE":0.483649544208,"PER_OI":6.88036318618,"BPS":5.206253195299,"BASIC_EPS":0.03,"DILUTED_EPS":0.03,"OPERATE_INCOME":11741498025.57,"OPERATE_INCOME_YOY":-0.4660710562,"GROSS_PROFIT":1781788002.95,"GROSS_PROFIT_YOY":29.280210966831,"HOLDER_PROFIT":51835303.42,"HOLDER_PROFIT_YOY":50.3734995501,"GROSS_PROFIT_RATIO":16.109596775657,"EPS_TTM":-2.417244878135,"OPERATE_INCOME_QOQ":-0.261915560944,"NET_PROFIT_RATIO":0.5188348197,"ROE_AVG":0.446638265655,"GROSS_PROFIT_QOQ":54.637347267458,"ROA":0.08442388344,"HOLDER_PROFIT_QOQ":0.419178857735,"ROE_YEARLY":0.893276531311,"ROIC_YEARLY":0.222376049688,"TOTAL_ASSETS":62187530143.3,"TOTAL_LIABILITIES":49884244441.91,"TAX_EBT":50.493959853273,"OCF_SALES":6.951980040052,"TOTAL_PARENT_EQUITY":11642619070.57,"DEBT_ASSET_RATIO":80.2158315774,"OPERATE_PROFIT":75849014.91,"PRETAX_PROFIT":124424337.51,"NETCASH_OPERATE":825359071.13,"NETCASH_INVEST":-287696481.28,"NETCASH_FINANCE":653534652.94,"END_CASH":13823745454.47,"DIVI_RATIO":-0.021481648992,"DIVIDEND_RATE":2.203846153846,"CURRENT_RATIO":1.176089364925,"COMMON_ACS":null,"CURRENTDEBT_DEBT":90.561015523302,"ISSUED_COMMON_SHARES":2236276000,"HK_COMMON_SHARES":675571000,"PER_SHARES":2000,"TOTAL_MARKET_CAP":5814317600,"HKSK_MARKET_CAP":1756484600,"PE_TTM":5.215389233796,"PB_TTM":0.372189311899,"REPORT_DATE_SQ":"2021-06-30 00:00:00","REPORT_TYPE_SQ":"2021年中报","OPERATE_INCOME_SQ":11927880095.72,"DPS_HKD":0.0573,"OPERATE_INCOME_QOQ_SQ":9.231402868674,"NET_PROFIT_RATIO_SQ":0.3807889442,"HOLDER_PROFIT_SQ":34471036.17,"HOLDER_PROFIT_QOQ_SQ":72.864060217268,"ROE_AVG_SQ":0.220063472162,"PE_TTM_SQ":31.364781359303,"PB_TTM_SQ":0.356000929342,"ROA_SQ":0.058452243777,"START_DATE":"2022-01-01 00:00:00","FISCAL_YEAR":"12-31","CURRENCY":"HKD","IS_CNY_CODE":0,"DPS_HKD_LY":null,"ORG_TYPE":"一般企业","PREMIUM_INCOME":null,"PREMIUM_INCOME_YOY":null,"NET_INTEREST_INCOME":null,"NET_INTEREST_INCOME_YOY":null,"FEE_COMMISSION_INCOME":null,"FEE_COMMISSION_INCOME_YOY":null,"ACCOUNTS_RECE_TDAYS":1.189767888356,"INVENTORY_TDAYS":0.98826557379,"CURRENT_ASSETS_TDAYS":0.226934656711,"TOTAL_ASSETS_TDAYS":0.193363319347,"PREMIUM_EXPENSE":null,"LOAN_DEPOSIT":null,"LOAN_EQUITY":null,"LOAN_ASSETS":null,"DEPOSIT_EQUITY":null,"DEPOSIT_ASSETS":null,"EQUITY_MULTIPLIER":5.054546537613,"EQUITY_RATIO":4.284623944109},{"SECUCODE":"01133.HK","SECURITY_CODE":"01133","SECURITY_NAME_ABBR":"哈尔滨电气","ORG_CODE":"10010508","STD_REPORT_DATE":"2021-12-31 00:00:00","REPORT_DATE":"2021-12-31 00:00:00","DATE_TYPE_CODE":"001","REPORT_TYPE":"2021年年报","PER_NETCASH_OPERATE":0.605642441842,"PER_OI":12.437753650622,"BPS":5.173196044683,"BASIC_EPS":-2.427,"DILUTED_EPS":-2.427,"OPERATE_INCOME":21225312673.12,"OPERATE_INCOME_YOY":-10.6693787419,"GROSS_PROFIT":-977976548.43,"GROSS_PROFIT_YOY":-136.174579649592,"HOLDER_PROFIT":-4142448248.42,"HOLDER_PROFIT_YOY":-56797.5605352041,"GROSS_PROFIT_RATIO":-4.607595485123,"EPS_TTM":-2.427420110025,"OPERATE_INCOME_QOQ":-18.218919731803,"NET_PROFIT_RATIO":-19.320640632,"ROE_AVG":-30.407854789681,"GROSS_PROFIT_QOQ":-136.300267729683,"ROA":-6.987260860306,"HOLDER_PROFIT_QOQ":-209576.027404111,"ROE_YEARLY":-30.407854789681,"ROIC_YEARLY":-9.047409529831,"TOTAL_ASSETS":60610193220.67,"TOTAL_LIABILITIES":48415507283.09,"TAX_EBT":2.366527226602,"OCF_SALES":4.869387663198,"TOTAL_PARENT_EQUITY":11568694158.02,"DEBT_ASSET_RATIO":79.8801401388,"OPERATE_PROFIT":-4522048143.06,"PRETAX_PROFIT":-4200266843.02,"NETCASH_OPERATE":1033542756.78,"NETCASH_INVEST":974758064.7,"NETCASH_FINANCE":-657774789.31,"END_CASH":12620970173.01,"DIVI_RATIO":-0.021391602461,"DIVIDEND_RATE":2.203846153846,"CURRENT_RATIO":1.158576868815,"COMMON_ACS":null,"CURRENTDEBT_DEBT":91.813698719017,"ISSUED_COMMON_SHARES":2236276000,"HK_COMMON_SHARES":675571000,"PER_SHARES":2000,"TOTAL_MARKET_CAP":5814317600,"HKSK_MARKET_CAP":1756484600,"PE_TTM":5.215389233796,"PB_TTM":0.372189311899,"REPORT_DATE_SQ":"2020-12-31 00:00:00","REPORT_TYPE_SQ":"2020年年报","OPERATE_INCOME_SQ":23760399708.62,"DPS_HKD":0.0573,"OPERATE_INCOME_QOQ_SQ":7.185763216347,"NET_PROFIT_RATIO_SQ":0.0675707696,"HOLDER_PROFIT_SQ":-7280537.53,"HOLDER_PROFIT_QOQ_SQ":-107.008686309923,"ROE_AVG_SQ":-0.046585223275,"PE_TTM_SQ":31.364781359303,"PB_TTM_SQ":0.356000929342,"ROA_SQ":-0.012880900337,"START_DATE":"2021-01-01 00:00:00","FISCAL_YEAR":"12-31","CURRENCY":"HKD","IS_CNY_CODE":0,"DPS_HKD_LY":0.0131,"ORG_TYPE":"一般企业","PREMIUM_INCOME":null,"PREMIUM_INCOME_YOY":null,"NET_INTEREST_INCOME":null,"NET_INTEREST_INCOME_YOY":null,"FEE_COMMISSION_INCOME":null,"FEE_COMMISSION_INCOME_YOY":null,"ACCOUNTS_RECE_TDAYS":2.174530399705,"INVENTORY_TDAYS":2.534161543963,"CURRENT_ASSETS_TDAYS":0.423745839101,"TOTAL_ASSETS_TDAYS":0.358017258381,"PREMIUM_EXPENSE":null,"LOAN_DEPOSIT":null,"LOAN_EQUITY":null,"LOAN_ASSETS":null,"DEPOSIT_EQUITY":null,"DEPOSIT_ASSETS":null,"EQUITY_MULTIPLIER":4.97021354472,"EQUITY_RATIO":4.185045141809},{"SECUCODE":"01133.HK","SECURITY_CODE":"01133","SECURITY_NAME_ABBR":"哈尔滨电气","ORG_CODE":"10010508","STD_REPORT_DATE":"2021-06-30 00:00:00","REPORT_DATE":"2021-06-30 00:00:00","DATE_TYPE_CODE":"002","REPORT_TYPE":"2021年中报","PER_NETCASH_OPERATE":-0.747958764974,"PER_OI":6.989580624299,"BPS":6.998712181877,"BASIC_EPS":0.02,"DILUTED_EPS":0.02,"OPERATE_INCOME":11927880095.72,"OPERATE_INCOME_YOY":22.8150475147,"GROSS_PROFIT":1378237233.39,"GROSS_PROFIT_YOY":8.775588300558,"HOLDER_PROFIT":34471036.17,"HOLDER_PROFIT_YOY":18.1885401451,"GROSS_PROFIT_RATIO":10.651738229838,"EPS_TTM":-0.001157700353,"OPERATE_INCOME_QOQ":9.231402868674,"NET_PROFIT_RATIO":0.3807889442,"ROE_AVG":0.220063472162,"GROSS_PROFIT_QOQ":-0.346245600796,"ROA":0.058452243777,"HOLDER_PROFIT_QOQ":72.864060217268,"ROE_YEARLY":0.440126944323,"ROIC_YEARLY":0.148601694594,"TOTAL_ASSETS":59984724515.39,"TOTAL_LIABILITIES":43741272117.99,"TAX_EBT":48.996968134365,"OCF_SALES":-10.810310097363,"TOTAL_PARENT_EQUITY":15651052083.24,"DEBT_ASSET_RATIO":72.9206851767,"OPERATE_PROFIT":104453375.16,"PRETAX_PROFIT":88153586.67,"NETCASH_OPERATE":-1276408835.48,"NETCASH_INVEST":1110001279.44,"NETCASH_FINANCE":-196307950.13,"END_CASH":10938297554.07,"DIVI_RATIO":-44.853062238746,"DIVIDEND_RATE":2.203846153846,"CURRENT_RATIO":1.260367190609,"COMMON_ACS":null,"CURRENTDEBT_DEBT":91.582864184817,"ISSUED_COMMON_SHARES":2236276000,"HK_COMMON_SHARES":675571000,"PER_SHARES":2000,"TOTAL_MARKET_CAP":5814317600,"HKSK_MARKET_CAP":1756484600,"PE_TTM":5.215389233796,"PB_TTM":0.372189311899,"REPORT_DATE_SQ":"2020-06-30 00:00:00","REPORT_TYPE_SQ":"2020年中报","OPERATE_INCOME_SQ":9613910376.04,"DPS_HKD":0.0573,"OPERATE_INCOME_QOQ_SQ":-1.54601992004,"NET_PROFIT_RATIO_SQ":0.3866043349,"HOLDER_PROFIT_SQ":29166140.92,"HOLDER_PROFIT_QOQ_SQ":-2.16101963003,"ROE_AVG_SQ":0.187695046414,"PE_TTM_SQ":31.364781359303,"PB_TTM_SQ":0.356000929342,"ROA_SQ":0.053242027337,"START_DATE":"2021-01-01 00:00:00","FISCAL_YEAR":"12-31","CURRENCY":"HKD","IS_CNY_CODE":0,"DPS_HKD_LY":0.0131,"ORG_TYPE":"一般企业","PREMIUM_INCOME":null,"PREMIUM_INCOME_YOY":null,"NET_INTEREST_INCOME":null,"NET_INTEREST_INCOME_YOY":null,"FEE_COMMISSION_INCOME":null,"FEE_COMMISSION_INCOME_YOY":null,"ACCOUNTS_RECE_TDAYS":1.242546336297,"INVENTORY_TDAYS":1.224191708738,"CURRENT_ASSETS_TDAYS":0.238127783886,"TOTAL_ASSETS_TDAYS":0.200215869945,"PREMIUM_EXPENSE":null,"LOAN_DEPOSIT":null,"LOAN_EQUITY":null,"LOAN_ASSETS":null,"DEPOSIT_EQUITY":null,"DEPOSIT_ASSETS":null,"EQUITY_MULTIPLIER":3.692855622549,"EQUITY_RATIO":2.794781583075},{"SECUCODE":"01133.HK","SECURITY_CODE":"01133","SECURITY_NAME_ABBR":"哈尔滨电气","ORG_CODE":"10010508","STD_REPORT_DATE":"2020-12-31 00:00:00","REPORT_DATE":"2020-12-31 00:00:00","DATE_TYPE_CODE":"001","REPORT_TYPE":"2020年年报","PER_NETCASH_OPERATE":1.160772877096,"PER_OI":13.923281261735,"BPS":7.010411511352,"BASIC_EPS":-0.004,"DILUTED_EPS":-0.004,"OPERATE_INCOME":23760399708.62,"OPERATE_INCOME_YOY":5.5286499656,"GROSS_PROFIT":2703491119.74,"GROSS_PROFIT_YOY":-18.674372510641,"HOLDER_PROFIT":-7280537.53,"HOLDER_PROFIT_YOY":-106.857227223,"GROSS_PROFIT_RATIO":11.378138216922,"EPS_TTM":-0.004266299095,"OPERATE_INCOME_QOQ":7.185763216347,"NET_PROFIT_RATIO":0.0675707696,"ROE_AVG":-0.046585223275,"GROSS_PROFIT_QOQ":-16.200006208071,"ROA":-0.012880900337,"HOLDER_PROFIT_QOQ":-107.008686309923,"ROE_YEARLY":-0.046585223275,"ROIC_YEARLY":-0.016192718339,"TOTAL_ASSETS":57961256485.83,"TOTAL_LIABILITIES":41761205970.92,"TAX_EBT":79.137827642924,"OCF_SALES":8.336920408883,"TOTAL_PARENT_EQUITY":15677215012.96,"DEBT_ASSET_RATIO":72.0502081958,"OPERATE_PROFIT":273479209.2,"PRETAX_PROFIT":76957876.99,"NETCASH_OPERATE":1980885612.54,"NETCASH_INVEST":-1179826718.05,"NETCASH_FINANCE":1367380123.36,"END_CASH":11298046225.31,"DIVI_RATIO":-12.171299959817,"DIVIDEND_RATE":2.203846153846,"CURRENT_RATIO":1.267459065938,"COMMON_ACS":null,"CURRENTDEBT_DEBT":91.966263857978,"ISSUED_COMMON_SHARES":2236276000,"HK_COMMON_SHARES":675571000,"PER_SHARES":2000,"TOTAL_MARKET_CAP":5814317600,"HKSK_MARKET_CAP":1756484600,"PE_TTM":5.215389233796,"PB_TTM":0.372189311899,"REPORT_DATE_SQ":"2019-12-31 00:00:00","REPORT_TYPE_SQ":"2019年年报","OPERATE_INCOME_SQ":22515591468.64,"DPS_HKD":0.0573,"OPERATE_INCOME_QOQ_SQ":-2.570103959931,"NET_PROFIT_RATIO_SQ":0.5205966097,"HOLDER_PROFIT_SQ":106173199.36,"HOLDER_PROFIT_QOQ_SQ":47.445374771403,"ROE_AVG_SQ":0.693808236293,"PE_TTM_SQ":31.364781359303,"PB_TTM_SQ":0.356000929342,"ROA_SQ":0.190232533972,"START_DATE":"2020-01-01 00:00:00","FISCAL_YEAR":"12-31","CURRENCY":"HKD","IS_CNY_CODE":0,"DPS_HKD_LY":null,"ORG_TYPE":"一般企业","PREMIUM_INCOME":null,"PREMIUM_INCOME_YOY":null,"NET_INTEREST_INCOME":null,"NET_INTEREST_INCOME_YOY":null,"FEE_COMMISSION_INCOME":null,"FEE_COMMISSION_INCOME_YOY":null,"ACCOUNTS_RECE_TDAYS":2.538322871445,"INVENTORY_TDAYS":2.401883446122,"CURRENT_ASSETS_TDAYS":0.503376617255,"TOTAL_ASSETS_TDAYS":0.420374648632,"PREMIUM_EXPENSE":null,"LOAN_DEPOSIT":null,"LOAN_EQUITY":null,"LOAN_ASSETS":null,"DEPOSIT_EQUITY":null,"DEPOSIT_ASSETS":null,"EQUITY_MULTIPLIER":3.577844182187,"EQUITY_RATIO":2.663815348351},{"SECUCODE":"01133.HK","SECURITY_CODE":"01133","SECURITY_NAME_ABBR":"哈尔滨电气","ORG_CODE":"10010508","STD_REPORT_DATE":"2020-06-30 00:00:00","REPORT_DATE":"2020-06-30 00:00:00","DATE_TYPE_CODE":"002","REPORT_TYPE":"2020年中报","PER_NETCASH_OPERATE":-1.182229364902,"PER_OI":5.63362484774,"BPS":6.930532115674,"BASIC_EPS":0.02,"DILUTED_EPS":0.02,"OPERATE_INCOME":9613910376.04,"OPERATE_INCOME_YOY":-3.4942313077,"GROSS_PROFIT":1267046453.09,"GROSS_PROFIT_YOY":-7.189859799184,"HOLDER_PROFIT":29166140.92,"HOLDER_PROFIT_YOY":-7.2930149512,"GROSS_PROFIT_RATIO":13.179303774745,"EPS_TTM":0.060871594277,"OPERATE_INCOME_QOQ":-1.54601992004,"NET_PROFIT_RATIO":0.3866043349,"ROE_AVG":0.187695046414,"GROSS_PROFIT_QOQ":-2.952704637083,"ROA":0.053242027337,"HOLDER_PROFIT_QOQ":-2.16101963003,"ROE_YEARLY":0.375390092827,"ROIC_YEARLY":0.127571673007,"TOTAL_ASSETS":54477928282.32,"TOTAL_LIABILITIES":38752733345.78,"TAX_EBT":62.414385973316,"OCF_SALES":-20.985234140606,"TOTAL_PARENT_EQUITY":15498582637.51,"DEBT_ASSET_RATIO":71.1347412937,"OPERATE_PROFIT":203078284.73,"PRETAX_PROFIT":98888351.92,"NETCASH_OPERATE":-2017501602.48,"NETCASH_INVEST":-375986542.71,"NETCASH_FINANCE":50108748.84,"END_CASH":6860883611.75,"DIVI_RATIO":0.853048234023,"DIVIDEND_RATE":2.203846153846,"CURRENT_RATIO":1.241480302163,"COMMON_ACS":null,"CURRENTDEBT_DEBT":93.477405262266,"ISSUED_COMMON_SHARES":2236276000,"HK_COMMON_SHARES":675571000,"PER_SHARES":2000,"TOTAL_MARKET_CAP":5814317600,"HKSK_MARKET_CAP":1756484600,"PE_TTM":5.215389233796,"PB_TTM":0.372189311899,"REPORT_DATE_SQ":"2019-06-30 00:00:00","REPORT_TYPE_SQ":"2019年中报","OPERATE_INCOME_SQ":9962005905.26,"DPS_HKD":0.0573,"OPERATE_INCOME_QOQ_SQ":-10.703199890401,"NET_PROFIT_RATIO_SQ":0.5428038947,"HOLDER_PROFIT_SQ":31460564.6,"HOLDER_PROFIT_QOQ_SQ":0.970104291424,"ROE_AVG_SQ":0.209704378101,"PE_TTM_SQ":31.364781359303,"PB_TTM_SQ":0.356000929342,"ROA_SQ":0.056506268675,"START_DATE":"2020-01-01 00:00:00","FISCAL_YEAR":"12-31","CURRENCY":"HKD","IS_CNY_CODE":0,"DPS_HKD_LY":null,"ORG_TYPE":"一般企业","PREMIUM_INCOME":null,"PREMIUM_INCOME_YOY":null,"NET_INTEREST_INCOME":null,"NET_INTEREST_INCOME_YOY":null,"FEE_COMMISSION_INCOME":null,"FEE_COMMISSION_INCOME_YOY":null,"ACCOUNTS_RECE_TDAYS":1.040257291474,"INVENTORY_TDAYS":0.888904886489,"CURRENT_ASSETS_TDAYS":0.21199726282,"TOTAL_ASSETS_TDAYS":0.175499419159,"PREMIUM_EXPENSE":null,"LOAN_DEPOSIT":null,"LOAN_EQUITY":null,"LOAN_ASSETS":null,"DEPOSIT_EQUITY":null,"DEPOSIT_ASSETS":null,"EQUITY_MULTIPLIER":3.464372206655,"EQUITY_RATIO":2.500404988776}],"count":49},"success":true,"message":"ok","code":0}