{"version":"2ee58c2c45e98c2cbee9ea09c9ec011f","result":{"pages":2,"data":[{"SECUCODE":"01134.HK","SECURITY_CODE":"01134","SECURITY_NAME_ABBR":"恒发光学","ORG_CODE":"10000000672","STD_REPORT_DATE":"2024-06-30 00:00:00","REPORT_DATE":"2024-06-30 00:00:00","DATE_TYPE_CODE":"002","REPORT_TYPE":"2024年中报","PER_NETCASH_OPERATE":0.00314144456,"PER_OI":0.36034796832,"BPS":0.30485519896,"BASIC_EPS":-0.02236066,"DILUTED_EPS":-0.02236066,"OPERATE_INCOME":180173984.16,"OPERATE_INCOME_YOY":1.1943695472,"GROSS_PROFIT":16234751.84,"GROSS_PROFIT_YOY":-47.051441302215,"HOLDER_PROFIT":-11180330,"HOLDER_PROFIT_YOY":-328.1616688396,"GROSS_PROFIT_RATIO":9.010597126821,"EPS_TTM":-0.02974521452,"OPERATE_INCOME_QOQ":0.087620706966,"NET_PROFIT_RATIO":-6.2052965372,"ROE_AVG":-6.995962330312,"GROSS_PROFIT_QOQ":-27.939329374734,"ROA":-4.693810301094,"HOLDER_PROFIT_QOQ":-1282.39885607741,"ROE_YEARLY":-13.991924660624,"ROIC_YEARLY":-10.145179590383,"TOTAL_ASSETS":235434932.8,"TOTAL_LIABILITIES":83007333.32,"TAX_EBT":1.850813236119,"OCF_SALES":0.871780844123,"TOTAL_PARENT_EQUITY":152427599.48,"DEBT_ASSET_RATIO":35.2570165917,"OPERATE_PROFIT":-10622682.52,"PRETAX_PROFIT":-11391159.08,"NETCASH_OPERATE":1570722.28,"NETCASH_INVEST":-936409.68,"NETCASH_FINANCE":-2114679.56,"END_CASH":17014180.56,"DIVI_RATIO":null,"DIVIDEND_RATE":null,"CURRENT_RATIO":2.653172523601,"COMMON_ACS":2000000000,"CURRENTDEBT_DEBT":87.700799349086,"ISSUED_COMMON_SHARES":500000000,"HK_COMMON_SHARES":500000000,"PER_SHARES":4000,"TOTAL_MARKET_CAP":122500000,"HKSK_MARKET_CAP":122500000,"PE_TTM":-7.547286057544,"PB_TTM":0.733484620773,"REPORT_DATE_SQ":"2023-06-30 00:00:00","REPORT_TYPE_SQ":"2023年中报","OPERATE_INCOME_SQ":179861702.36,"DPS_HKD":null,"OPERATE_INCOME_QOQ_SQ":-8.2239606817,"NET_PROFIT_RATIO_SQ":2.752176008,"HOLDER_PROFIT_SQ":4950110.62,"HOLDER_PROFIT_QOQ_SQ":-74.309385723576,"ROE_AVG_SQ":2.895190231092,"PE_TTM_SQ":125.305623471883,"PB_TTM_SQ":1.112202214639,"ROA_SQ":2.121933097256,"START_DATE":"2024-01-01 00:00:00","FISCAL_YEAR":"12-31","CURRENCY":"HKD","IS_CNY_CODE":0,"DPS_HKD_LY":null,"ORG_TYPE":"一般企业","PREMIUM_INCOME":null,"PREMIUM_INCOME_YOY":null,"NET_INTEREST_INCOME":null,"NET_INTEREST_INCOME_YOY":null,"FEE_COMMISSION_INCOME":null,"FEE_COMMISSION_INCOME_YOY":null,"ACCOUNTS_RECE_TDAYS":1.768702850897,"INVENTORY_TDAYS":2.454936208888,"CURRENT_ASSETS_TDAYS":0.930545637095,"TOTAL_ASSETS_TDAYS":0.756419982987,"PREMIUM_EXPENSE":null,"LOAN_DEPOSIT":null,"LOAN_EQUITY":null,"LOAN_ASSETS":null,"DEPOSIT_EQUITY":null,"DEPOSIT_ASSETS":null,"EQUITY_MULTIPLIER":1.54456892061,"EQUITY_RATIO":0.54456892061},{"SECUCODE":"01134.HK","SECURITY_CODE":"01134","SECURITY_NAME_ABBR":"恒发光学","ORG_CODE":"10000000672","STD_REPORT_DATE":"2023-12-31 00:00:00","REPORT_DATE":"2023-12-31 00:00:00","DATE_TYPE_CODE":"001","REPORT_TYPE":"2023年年报","PER_NETCASH_OPERATE":-0.0084006594,"PER_OI":0.71280365296,"BPS":0.33202269604,"BASIC_EPS":0.002537416,"DILUTED_EPS":0.002537416,"OPERATE_INCOME":356401826.48,"OPERATE_INCOME_YOY":-15.5009346196,"GROSS_PROFIT":51635509.38,"GROSS_PROFIT_YOY":-23.957744380295,"HOLDER_PROFIT":1257833.36,"HOLDER_PROFIT_YOY":-84.8851137972,"GROSS_PROFIT_RATIO":14.48800358011,"EPS_TTM":0.00251566672,"OPERATE_INCOME_QOQ":-6.594276656821,"NET_PROFIT_RATIO":0.3529256212,"ROE_AVG":0.750751156822,"GROSS_PROFIT_QOQ":-17.775836420934,"ROA":0.538088776895,"HOLDER_PROFIT_QOQ":-40.31278885017,"ROE_YEARLY":0.750751156822,"ROIC_YEARLY":0.618038440388,"TOTAL_ASSETS":239245704.88,"TOTAL_LIABILITIES":73234356.86,"TAX_EBT":36.271808999082,"OCF_SALES":-1.178537647095,"TOTAL_PARENT_EQUITY":166011348.02,"DEBT_ASSET_RATIO":30.6105210527,"OPERATE_PROFIT":3471728.82,"PRETAX_PROFIT":1973747.16,"NETCASH_OPERATE":-4200329.7,"NETCASH_INVEST":-15056845.3,"NETCASH_FINANCE":-3848716.34,"END_CASH":18427077.48,"DIVI_RATIO":null,"DIVIDEND_RATE":null,"CURRENT_RATIO":3.120907503339,"COMMON_ACS":2000000000,"CURRENTDEBT_DEBT":84.321829408635,"ISSUED_COMMON_SHARES":500000000,"HK_COMMON_SHARES":500000000,"PER_SHARES":4000,"TOTAL_MARKET_CAP":124500000,"HKSK_MARKET_CAP":124500000,"PE_TTM":-7.670507054402,"PB_TTM":0.745459879888,"REPORT_DATE_SQ":"2022-12-31 00:00:00","REPORT_TYPE_SQ":"2022年年报","OPERATE_INCOME_SQ":415754656.1,"DPS_HKD":null,"OPERATE_INCOME_QOQ_SQ":0.471253210646,"NET_PROFIT_RATIO_SQ":1.9730142019,"HOLDER_PROFIT_SQ":8202898.41,"HOLDER_PROFIT_QOQ_SQ":-29.320845075843,"ROE_AVG_SQ":4.925128183125,"PE_TTM_SQ":139.058679706601,"PB_TTM_SQ":1.234273189416,"ROA_SQ":3.53173290669,"START_DATE":"2023-01-01 00:00:00","FISCAL_YEAR":"12-31","CURRENCY":"HKD","IS_CNY_CODE":0,"DPS_HKD_LY":null,"ORG_TYPE":"一般企业","PREMIUM_INCOME":null,"PREMIUM_INCOME_YOY":null,"NET_INTEREST_INCOME":null,"NET_INTEREST_INCOME_YOY":null,"FEE_COMMISSION_INCOME":null,"FEE_COMMISSION_INCOME_YOY":null,"ACCOUNTS_RECE_TDAYS":3.839932825292,"INVENTORY_TDAYS":4.608590789807,"CURRENT_ASSETS_TDAYS":1.810224756855,"TOTAL_ASSETS_TDAYS":1.524652064354,"PREMIUM_EXPENSE":null,"LOAN_DEPOSIT":null,"LOAN_EQUITY":null,"LOAN_ASSETS":null,"DEPOSIT_EQUITY":null,"DEPOSIT_ASSETS":null,"EQUITY_MULTIPLIER":1.441140667391,"EQUITY_RATIO":0.441140667391},{"SECUCODE":"01134.HK","SECURITY_CODE":"01134","SECURITY_NAME_ABBR":"恒发光学","ORG_CODE":"10000000672","STD_REPORT_DATE":"2023-06-30 00:00:00","REPORT_DATE":"2023-06-30 00:00:00","DATE_TYPE_CODE":"002","REPORT_TYPE":"2023年中报","PER_NETCASH_OPERATE":0.02938534656,"PER_OI":0.35972340472,"BPS":0.33987686324,"BASIC_EPS":0.009865186,"DILUTED_EPS":0.009865186,"OPERATE_INCOME":179861702.36,"OPERATE_INCOME_YOY":-22.0604157428,"GROSS_PROFIT":30661366.88,"GROSS_PROFIT_YOY":-14.273771806859,"HOLDER_PROFIT":4950110.62,"HOLDER_PROFIT_YOY":-58.4314029111,"GROSS_PROFIT_RATIO":17.047190412237,"EPS_TTM":0.00421474998,"OPERATE_INCOME_QOQ":-8.2239606817,"NET_PROFIT_RATIO":2.752176008,"ROE_AVG":2.895190231092,"GROSS_PROFIT_QOQ":-7.518359190624,"ROA":2.121933097256,"HOLDER_PROFIT_QOQ":-74.309385723576,"ROE_YEARLY":5.790380462184,"ROIC_YEARLY":5.261778116432,"TOTAL_ASSETS":234323060.96,"TOTAL_LIABILITIES":64384629.34,"TAX_EBT":18.466211085801,"OCF_SALES":8.16887257666,"TOTAL_PARENT_EQUITY":169938431.62,"DEBT_ASSET_RATIO":27.4768642387,"OPERATE_PROFIT":7119529.56,"PRETAX_PROFIT":6071238.3,"NETCASH_OPERATE":14692673.28,"NETCASH_INVEST":-7336194.86,"NETCASH_FINANCE":-2411899.68,"END_CASH":47476438.12,"DIVI_RATIO":null,"DIVIDEND_RATE":null,"CURRENT_RATIO":3.695905388023,"COMMON_ACS":2000000000,"CURRENTDEBT_DEBT":80.156945856544,"ISSUED_COMMON_SHARES":500000000,"HK_COMMON_SHARES":500000000,"PER_SHARES":4000,"TOTAL_MARKET_CAP":124500000,"HKSK_MARKET_CAP":124500000,"PE_TTM":-7.670507054402,"PB_TTM":0.745459879888,"REPORT_DATE_SQ":"2022-06-30 00:00:00","REPORT_TYPE_SQ":"2022年中报","OPERATE_INCOME_SQ":214053201.81,"DPS_HKD":null,"OPERATE_INCOME_QOQ_SQ":16.421398073412,"NET_PROFIT_RATIO_SQ":5.1602283669,"HOLDER_PROFIT_SQ":11045634.04,"HOLDER_PROFIT_QOQ_SQ":763.31730663716,"ROE_AVG_SQ":6.798842996523,"PE_TTM_SQ":139.058679706601,"PB_TTM_SQ":1.234273189416,"ROA_SQ":4.787294174334,"START_DATE":"2023-01-01 00:00:00","FISCAL_YEAR":"12-31","CURRENCY":"HKD","IS_CNY_CODE":0,"DPS_HKD_LY":null,"ORG_TYPE":"一般企业","PREMIUM_INCOME":null,"PREMIUM_INCOME_YOY":null,"NET_INTEREST_INCOME":null,"NET_INTEREST_INCOME_YOY":null,"FEE_COMMISSION_INCOME":null,"FEE_COMMISSION_INCOME_YOY":null,"ACCOUNTS_RECE_TDAYS":2.229393916884,"INVENTORY_TDAYS":2.331551572608,"CURRENT_ASSETS_TDAYS":0.910050194995,"TOTAL_ASSETS_TDAYS":0.771001960288,"PREMIUM_EXPENSE":null,"LOAN_DEPOSIT":null,"LOAN_EQUITY":null,"LOAN_ASSETS":null,"DEPOSIT_EQUITY":null,"DEPOSIT_ASSETS":null,"EQUITY_MULTIPLIER":1.378870328072,"EQUITY_RATIO":0.378870328073},{"SECUCODE":"01134.HK","SECURITY_CODE":"01134","SECURITY_NAME_ABBR":"恒发光学","ORG_CODE":"10000000672","STD_REPORT_DATE":"2022-12-31 00:00:00","REPORT_DATE":"2022-12-31 00:00:00","DATE_TYPE_CODE":"001","REPORT_TYPE":"2022年年报","PER_NETCASH_OPERATE":0.03444091812,"PER_OI":0.8315093122,"BPS":0.33331834088,"BASIC_EPS":0.016436168,"DILUTED_EPS":0.016436168,"OPERATE_INCOME":415754656.1,"OPERATE_INCOME_YOY":7.0613619425,"GROSS_PROFIT":67903705.59,"GROSS_PROFIT_YOY":21.347239243267,"HOLDER_PROFIT":8202898.41,"HOLDER_PROFIT_YOY":529.1121495327,"GROSS_PROFIT_RATIO":16.332638635241,"EPS_TTM":0.01640579682,"OPERATE_INCOME_QOQ":0.471253210646,"NET_PROFIT_RATIO":1.9730142019,"ROE_AVG":4.925128183125,"GROSS_PROFIT_QOQ":2.956770395412,"ROA":3.53173290669,"HOLDER_PROFIT_QOQ":-29.320845075843,"ROE_YEARLY":4.925128183125,"ROIC_YEARLY":4.205681310755,"TOTAL_ASSETS":225011139.92,"TOTAL_LIABILITIES":58351969.48,"TAX_EBT":14.024904035203,"OCF_SALES":4.141976237028,"TOTAL_PARENT_EQUITY":166659170.44,"DEBT_ASSET_RATIO":25.9329246991,"OPERATE_PROFIT":10179704.92,"PRETAX_PROFIT":9541016.87,"NETCASH_OPERATE":17220459.06,"NETCASH_INVEST":-4654829.97,"NETCASH_FINANCE":-3257755.69,"END_CASH":41450407.81,"DIVI_RATIO":null,"DIVIDEND_RATE":null,"CURRENT_RATIO":3.447972521409,"COMMON_ACS":2000000000,"CURRENTDEBT_DEBT":98.495193190864,"ISSUED_COMMON_SHARES":500000000,"HK_COMMON_SHARES":500000000,"PER_SHARES":4000,"TOTAL_MARKET_CAP":124500000,"HKSK_MARKET_CAP":124500000,"PE_TTM":-7.670507054402,"PB_TTM":0.745459879888,"REPORT_DATE_SQ":"2021-12-31 00:00:00","REPORT_TYPE_SQ":"2021年年报","OPERATE_INCOME_SQ":355436883.2,"DPS_HKD":null,"OPERATE_INCOME_QOQ_SQ":7.286804030513,"NET_PROFIT_RATIO_SQ":-0.4922572987,"HOLDER_PROFIT_SQ":-1749664,"HOLDER_PROFIT_QOQ_SQ":71.066731131565,"ROE_AVG_SQ":-1.15191559796,"PE_TTM_SQ":139.058679706601,"PB_TTM_SQ":1.234273189416,"ROA_SQ":-0.770746219202,"START_DATE":"2022-01-01 00:00:00","FISCAL_YEAR":"12-31","CURRENCY":"HKD","IS_CNY_CODE":0,"DPS_HKD_LY":null,"ORG_TYPE":"一般企业","PREMIUM_INCOME":null,"PREMIUM_INCOME_YOY":null,"NET_INTEREST_INCOME":null,"NET_INTEREST_INCOME_YOY":null,"FEE_COMMISSION_INCOME":null,"FEE_COMMISSION_INCOME_YOY":null,"ACCOUNTS_RECE_TDAYS":4.722253223892,"INVENTORY_TDAYS":5.126553449184,"CURRENT_ASSETS_TDAYS":2.04945409391,"TOTAL_ASSETS_TDAYS":1.790018998977,"PREMIUM_EXPENSE":null,"LOAN_DEPOSIT":null,"LOAN_EQUITY":null,"LOAN_ASSETS":null,"DEPOSIT_EQUITY":null,"DEPOSIT_ASSETS":null,"EQUITY_MULTIPLIER":1.350127564694,"EQUITY_RATIO":0.350127564694},{"SECUCODE":"01134.HK","SECURITY_CODE":"01134","SECURITY_NAME_ABBR":"恒发光学","ORG_CODE":"10000000672","STD_REPORT_DATE":"2022-06-30 00:00:00","REPORT_DATE":"2022-06-30 00:00:00","DATE_TYPE_CODE":"002","REPORT_TYPE":"2022年中报","PER_NETCASH_OPERATE":-0.00576911174,"PER_OI":0.42810640362,"BPS":0.3311552237,"BASIC_EPS":0.022063902,"DILUTED_EPS":0.022063902,"OPERATE_INCOME":214053201.81,"OPERATE_INCOME_YOY":33.7753335044,"GROSS_PROFIT":35766611.37,"GROSS_PROFIT_YOY":38.785297869088,"HOLDER_PROFIT":11045634.04,"HOLDER_PROFIT_YOY":565.2737752161,"GROSS_PROFIT_RATIO":16.70921577793,"EPS_TTM":0.02321164824,"OPERATE_INCOME_QOQ":16.421398073412,"NET_PROFIT_RATIO":5.1602283669,"ROE_AVG":6.798842996523,"GROSS_PROFIT_QOQ":17.862321027772,"ROA":4.787294174334,"HOLDER_PROFIT_QOQ":763.31730663716,"ROE_YEARLY":13.597685993046,"ROIC_YEARLY":10.884055650591,"TOTAL_ASSETS":232152442.97,"TOTAL_LIABILITIES":66574831.12,"TAX_EBT":-0.866848887153,"OCF_SALES":-1.347588284412,"TOTAL_PARENT_EQUITY":165577611.85,"DEBT_ASSET_RATIO":28.6772046283,"OPERATE_PROFIT":11214961.66,"PRETAX_PROFIT":10950707.95,"NETCASH_OPERATE":-2884555.87,"NETCASH_INVEST":-3111181.22,"NETCASH_FINANCE":-1519672.63,"END_CASH":23935912.91,"DIVI_RATIO":null,"DIVIDEND_RATE":null,"CURRENT_RATIO":3.112347343482,"COMMON_ACS":2000000000,"CURRENTDEBT_DEBT":98.136111396568,"ISSUED_COMMON_SHARES":500000000,"HK_COMMON_SHARES":500000000,"PER_SHARES":4000,"TOTAL_MARKET_CAP":124500000,"HKSK_MARKET_CAP":124500000,"PE_TTM":-7.670507054402,"PB_TTM":0.745459879888,"REPORT_DATE_SQ":"2021-06-30 00:00:00","REPORT_TYPE_SQ":"2021年中报","OPERATE_INCOME_SQ":155685496.32,"DPS_HKD":null,"OPERATE_INCOME_QOQ_SQ":11.13787887946,"NET_PROFIT_RATIO_SQ":-1.4836668377,"HOLDER_PROFIT_SQ":-2309854.08,"HOLDER_PROFIT_QOQ_SQ":46.388103311574,"ROE_AVG_SQ":-1.505627118644,"PE_TTM_SQ":139.058679706601,"PB_TTM_SQ":1.234273189416,"ROA_SQ":-1.024668071771,"START_DATE":"2022-01-01 00:00:00","FISCAL_YEAR":"12-31","CURRENCY":"HKD","IS_CNY_CODE":0,"DPS_HKD_LY":null,"ORG_TYPE":"一般企业","PREMIUM_INCOME":null,"PREMIUM_INCOME_YOY":null,"NET_INTEREST_INCOME":null,"NET_INTEREST_INCOME_YOY":null,"FEE_COMMISSION_INCOME":null,"FEE_COMMISSION_INCOME_YOY":null,"ACCOUNTS_RECE_TDAYS":2.2778164544,"INVENTORY_TDAYS":2.582881638367,"CURRENT_ASSETS_TDAYS":1.064814401215,"TOTAL_ASSETS_TDAYS":0.927729130181,"PREMIUM_EXPENSE":null,"LOAN_DEPOSIT":null,"LOAN_EQUITY":null,"LOAN_ASSETS":null,"DEPOSIT_EQUITY":null,"DEPOSIT_ASSETS":null,"EQUITY_MULTIPLIER":1.402076285413,"EQUITY_RATIO":0.402076285412},{"SECUCODE":"01134.HK","SECURITY_CODE":"01134","SECURITY_NAME_ABBR":"恒发光学","ORG_CODE":"10000000672","STD_REPORT_DATE":"2021-12-31 00:00:00","REPORT_DATE":"2021-12-31 00:00:00","DATE_TYPE_CODE":"001","REPORT_TYPE":"2021年年报","PER_NETCASH_OPERATE":-0.0357650944,"PER_OI":0.7108737664,"BPS":0.3046900864,"BASIC_EPS":-0.00351568,"DILUTED_EPS":-0.00351568,"OPERATE_INCOME":355436883.2,"OPERATE_INCOME_YOY":22.7421982422,"GROSS_PROFIT":55958179.2,"GROSS_PROFIT_YOY":10.553827581026,"HOLDER_PROFIT":-1749664,"HOLDER_PROFIT_YOY":84.0322339949,"GROSS_PROFIT_RATIO":15.743492542532,"EPS_TTM":-0.003499328,"OPERATE_INCOME_QOQ":7.286804030513,"NET_PROFIT_RATIO":-0.4922572987,"ROE_AVG":-1.15191559796,"GROSS_PROFIT_QOQ":2.456578565741,"ROA":-0.770746219202,"HOLDER_PROFIT_QOQ":71.066731131565,"ROE_YEARLY":-1.15191559796,"ROIC_YEARLY":-0.968343318431,"TOTAL_ASSETS":219224723.2,"TOTAL_LIABILITIES":66879680,"TAX_EBT":-34.845620667927,"OCF_SALES":-5.031145625351,"TOTAL_PARENT_EQUITY":152345043.2,"DEBT_ASSET_RATIO":30.5073620456,"OPERATE_PROFIT":-903448,"PRETAX_PROFIT":-1297531.2,"NETCASH_OPERATE":-17882547.2,"NETCASH_INVEST":-4683212.8,"NETCASH_FINANCE":-9600259.2,"END_CASH":30193968,"DIVI_RATIO":null,"DIVIDEND_RATE":null,"CURRENT_RATIO":2.899013088123,"COMMON_ACS":2000000000,"CURRENTDEBT_DEBT":97.981662591687,"ISSUED_COMMON_SHARES":500000000,"HK_COMMON_SHARES":500000000,"PER_SHARES":4000,"TOTAL_MARKET_CAP":124500000,"HKSK_MARKET_CAP":124500000,"PE_TTM":-7.670507054402,"PB_TTM":0.745459879888,"REPORT_DATE_SQ":"2020-12-31 00:00:00","REPORT_TYPE_SQ":"2020年年报","OPERATE_INCOME_SQ":298094580.12,"DPS_HKD":null,"OPERATE_INCOME_QOQ_SQ":-6.828517406484,"NET_PROFIT_RATIO_SQ":-3.8175180627,"HOLDER_PROFIT_SQ":-11279659.28,"HOLDER_PROFIT_QOQ_SQ":-119.659092578094,"ROE_AVG_SQ":-6.833728083706,"PE_TTM_SQ":139.058679706601,"PB_TTM_SQ":1.234273189416,"ROA_SQ":-4.486295408594,"START_DATE":"2021-01-01 00:00:00","FISCAL_YEAR":"12-31","CURRENCY":"HKD","IS_CNY_CODE":0,"DPS_HKD_LY":null,"ORG_TYPE":"一般企业","PREMIUM_INCOME":null,"PREMIUM_INCOME_YOY":null,"NET_INTEREST_INCOME":null,"NET_INTEREST_INCOME_YOY":null,"FEE_COMMISSION_INCOME":null,"FEE_COMMISSION_INCOME_YOY":null,"ACCOUNTS_RECE_TDAYS":4.436131349619,"INVENTORY_TDAYS":5.215243220924,"CURRENT_ASSETS_TDAYS":1.820958540325,"TOTAL_ASSETS_TDAYS":1.565738529748,"PREMIUM_EXPENSE":null,"LOAN_DEPOSIT":null,"LOAN_EQUITY":null,"LOAN_ASSETS":null,"DEPOSIT_EQUITY":null,"DEPOSIT_ASSETS":null,"EQUITY_MULTIPLIER":1.439001352426,"EQUITY_RATIO":0.439001352425},{"SECUCODE":"01134.HK","SECURITY_CODE":"01134","SECURITY_NAME_ABBR":"恒发光学","ORG_CODE":"10000000672","STD_REPORT_DATE":"2021-06-30 00:00:00","REPORT_DATE":"2021-06-30 00:00:00","DATE_TYPE_CODE":"002","REPORT_TYPE":"2021年中报","PER_NETCASH_OPERATE":0.00057579936,"PER_OI":0.31137099264,"BPS":0.30541829232,"BASIC_EPS":-0.004659648,"DILUTED_EPS":-0.004659648,"OPERATE_INCOME":155685496.32,"OPERATE_INCOME_YOY":39.5350918406,"GROSS_PROFIT":25771181.76,"GROSS_PROFIT_YOY":18.374286220628,"HOLDER_PROFIT":-2309854.08,"HOLDER_PROFIT_YOY":66.3800411772,"GROSS_PROFIT_RATIO":16.553360697794,"EPS_TTM":-0.01209447856,"OPERATE_INCOME_QOQ":11.13787887946,"NET_PROFIT_RATIO":-1.4836668377,"ROE_AVG":-1.505627118644,"GROSS_PROFIT_QOQ":7.903103079017,"ROA":-1.024668071771,"HOLDER_PROFIT_QOQ":46.388103311574,"ROE_YEARLY":-3.011254237288,"ROIC_YEARLY":-2.742398759203,"TOTAL_ASSETS":211897492.8,"TOTAL_LIABILITIES":59188346.64,"TAX_EBT":-27.749654855039,"OCF_SALES":0.184923892594,"TOTAL_PARENT_EQUITY":152709146.16,"DEBT_ASSET_RATIO":27.932537501,"OPERATE_PROFIT":-1615067.28,"PRETAX_PROFIT":-1808109.84,"NETCASH_OPERATE":287899.68,"NETCASH_INVEST":-5990143.92,"NETCASH_FINANCE":-8089481.76,"END_CASH":50381611.92,"DIVI_RATIO":null,"DIVIDEND_RATE":null,"CURRENT_RATIO":3.13001424932,"COMMON_ACS":2000000000,"CURRENTDEBT_DEBT":97.671966597782,"ISSUED_COMMON_SHARES":500000000,"HK_COMMON_SHARES":500000000,"PER_SHARES":4000,"TOTAL_MARKET_CAP":124500000,"HKSK_MARKET_CAP":124500000,"PE_TTM":-7.670507054402,"PB_TTM":0.745459879888,"REPORT_DATE_SQ":"2020-06-30 00:00:00","REPORT_TYPE_SQ":"2020年中报","OPERATE_INCOME_SQ":122484083.04,"DPS_HKD":null,"OPERATE_INCOME_QOQ_SQ":-13.601840242092,"NET_PROFIT_RATIO_SQ":-6.2465042397,"HOLDER_PROFIT_SQ":-7542274.08,"HOLDER_PROFIT_QOQ_SQ":-168.43163538213,"ROE_AVG_SQ":-4.255341079219,"PE_TTM_SQ":139.058679706601,"PB_TTM_SQ":1.234273189416,"ROA_SQ":-2.846578813552,"START_DATE":"2021-01-01 00:00:00","FISCAL_YEAR":"12-31","CURRENCY":"HKD","IS_CNY_CODE":0,"DPS_HKD_LY":null,"ORG_TYPE":"一般企业","PREMIUM_INCOME":null,"PREMIUM_INCOME_YOY":null,"NET_INTEREST_INCOME":null,"NET_INTEREST_INCOME_YOY":null,"FEE_COMMISSION_INCOME":null,"FEE_COMMISSION_INCOME_YOY":null,"ACCOUNTS_RECE_TDAYS":2.295177286695,"INVENTORY_TDAYS":2.429162647416,"CURRENT_ASSETS_TDAYS":0.808946209037,"TOTAL_ASSETS_TDAYS":0.690632186242,"PREMIUM_EXPENSE":null,"LOAN_DEPOSIT":null,"LOAN_EQUITY":null,"LOAN_ASSETS":null,"DEPOSIT_EQUITY":null,"DEPOSIT_ASSETS":null,"EQUITY_MULTIPLIER":1.38758874716,"EQUITY_RATIO":0.38758874716},{"SECUCODE":"01134.HK","SECURITY_CODE":"01134","SECURITY_NAME_ABBR":"恒发光学","ORG_CODE":"10000000672","STD_REPORT_DATE":"2020-12-31 00:00:00","REPORT_DATE":"2020-12-31 00:00:00","DATE_TYPE_CODE":"001","REPORT_TYPE":"2020年年报","PER_NETCASH_OPERATE":0.03705572592,"PER_OI":0.59618916024,"BPS":0.31178217144,"BASIC_EPS":-0.022555952,"DILUTED_EPS":-0.022555952,"OPERATE_INCOME":298094580.12,"OPERATE_INCOME_YOY":-14.32334692,"GROSS_PROFIT":50616229.6,"GROSS_PROFIT_YOY":-41.3170749269,"HOLDER_PROFIT":-11279659.28,"HOLDER_PROFIT_YOY":-259.9856750627,"GROSS_PROFIT_RATIO":16.979922808266,"EPS_TTM":-0.02255931856,"OPERATE_INCOME_QOQ":-6.828517406484,"NET_PROFIT_RATIO":-3.8175180627,"ROE_AVG":-6.833728083706,"GROSS_PROFIT_QOQ":-24.940199634792,"ROA":-4.486295408594,"HOLDER_PROFIT_QOQ":-119.659092578094,"ROE_YEARLY":-6.833728083706,"ROIC_YEARLY":-6.14677594676,"TOTAL_ASSETS":241697125.36,"TOTAL_LIABILITIES":85806039.64,"TAX_EBT":-10.918785890074,"OCF_SALES":6.215431006005,"TOTAL_PARENT_EQUITY":155891085.72,"DEBT_ASSET_RATIO":35.5014729746,"OPERATE_PROFIT":-9762182.36,"PRETAX_PROFIT":-10259591.6,"NETCASH_OPERATE":18527862.96,"NETCASH_INVEST":-4366428.32,"NETCASH_FINANCE":-20117720.92,"END_CASH":64287829.76,"DIVI_RATIO":null,"DIVIDEND_RATE":null,"CURRENT_RATIO":2.471072713893,"COMMON_ACS":2000000000,"CURRENTDEBT_DEBT":97.29870231778,"ISSUED_COMMON_SHARES":500000000,"HK_COMMON_SHARES":500000000,"PER_SHARES":4000,"TOTAL_MARKET_CAP":124500000,"HKSK_MARKET_CAP":124500000,"PE_TTM":-7.670507054402,"PB_TTM":0.745459879888,"REPORT_DATE_SQ":"2019-12-31 00:00:00","REPORT_TYPE_SQ":"2019年年报","OPERATE_INCOME_SQ":370310973.1,"DPS_HKD":null,"OPERATE_INCOME_QOQ_SQ":-2.614885849015,"NET_PROFIT_RATIO_SQ":2.202010184,"HOLDER_PROFIT_SQ":7503949.06,"HOLDER_PROFIT_QOQ_SQ":-66.065867392611,"ROE_AVG_SQ":5.51486683542,"PE_TTM_SQ":139.058679706601,"PB_TTM_SQ":1.234273189416,"ROA_SQ":3.187764949427,"START_DATE":"2020-01-01 00:00:00","FISCAL_YEAR":"12-31","CURRENCY":"HKD","IS_CNY_CODE":0,"DPS_HKD_LY":0.02,"ORG_TYPE":"一般企业","PREMIUM_INCOME":null,"PREMIUM_INCOME_YOY":null,"NET_INTEREST_INCOME":null,"NET_INTEREST_INCOME_YOY":null,"FEE_COMMISSION_INCOME":null,"FEE_COMMISSION_INCOME_YOY":null,"ACCOUNTS_RECE_TDAYS":3.83082763693,"INVENTORY_TDAYS":4.39555724974,"CURRENT_ASSETS_TDAYS":1.387228425839,"TOTAL_ASSETS_TDAYS":1.185621225714,"PREMIUM_EXPENSE":null,"LOAN_DEPOSIT":null,"LOAN_EQUITY":null,"LOAN_ASSETS":null,"DEPOSIT_EQUITY":null,"DEPOSIT_ASSETS":null,"EQUITY_MULTIPLIER":1.550423003623,"EQUITY_RATIO":0.550423003623},{"SECUCODE":"01134.HK","SECURITY_CODE":"01134","SECURITY_NAME_ABBR":"恒发光学","ORG_CODE":"10000000672","STD_REPORT_DATE":"2020-06-30 00:00:00","REPORT_DATE":"2020-06-30 00:00:00","DATE_TYPE_CODE":"002","REPORT_TYPE":"2020年中报","PER_NETCASH_OPERATE":0.00380721792,"PER_OI":0.24496816608,"BPS":0.33079133472,"BASIC_EPS":-0.01507176,"DILUTED_EPS":-0.01507176,"OPERATE_INCOME":122484083.04,"OPERATE_INCOME_YOY":-31.7603053435,"GROSS_PROFIT":21770928.96,"GROSS_PROFIT_YOY":-46.364011416998,"HOLDER_PROFIT":-7542274.08,"HOLDER_PROFIT_YOY":-242.5094925785,"GROSS_PROFIT_RATIO":17.77449642407,"EPS_TTM":-0.01027015012,"OPERATE_INCOME_QOQ":-13.601840242092,"NET_PROFIT_RATIO":-6.2465042397,"ROE_AVG":-4.255341079219,"GROSS_PROFIT_QOQ":-21.818437049426,"ROA":-2.846578813552,"HOLDER_PROFIT_QOQ":-168.43163538213,"ROE_YEARLY":-8.510682158438,"ROIC_YEARLY":-7.667022610149,"TOTAL_ASSETS":246487216.8,"TOTAL_LIABILITIES":81091549.44,"TAX_EBT":-4.726181545386,"OCF_SALES":1.554168437852,"TOTAL_PARENT_EQUITY":165395667.36,"DEBT_ASSET_RATIO":32.8988863977,"OPERATE_PROFIT":-7056324,"PRETAX_PROFIT":-7305693.12,"NETCASH_OPERATE":1903608.96,"NETCASH_INVEST":-6901952.64,"NETCASH_FINANCE":-12020870.4,"END_CASH":58771643.04,"DIVI_RATIO":null,"DIVIDEND_RATE":null,"CURRENT_RATIO":2.687621729438,"COMMON_ACS":2000000000,"CURRENTDEBT_DEBT":96.005677210057,"ISSUED_COMMON_SHARES":500000000,"HK_COMMON_SHARES":500000000,"PER_SHARES":4000,"TOTAL_MARKET_CAP":124500000,"HKSK_MARKET_CAP":124500000,"PE_TTM":-7.670507054402,"PB_TTM":0.745459879888,"REPORT_DATE_SQ":"2019-06-30 00:00:00","REPORT_TYPE_SQ":"2019年中报","OPERATE_INCOME_SQ":172853190,"DPS_HKD":null,"OPERATE_INCOME_QOQ_SQ":3.060370980272,"NET_PROFIT_RATIO_SQ":3.1353689567,"HOLDER_PROFIT_SQ":5096750.04,"HOLDER_PROFIT_QOQ_SQ":-17.035812180414,"ROE_AVG_SQ":5.811113729935,"PE_TTM_SQ":139.058679706601,"PB_TTM_SQ":1.234273189416,"ROA_SQ":2.658621362119,"START_DATE":"2020-01-01 00:00:00","FISCAL_YEAR":"12-31","CURRENCY":"HKD","IS_CNY_CODE":0,"DPS_HKD_LY":0.02,"ORG_TYPE":"一般企业","PREMIUM_INCOME":null,"PREMIUM_INCOME_YOY":null,"NET_INTEREST_INCOME":null,"NET_INTEREST_INCOME_YOY":null,"FEE_COMMISSION_INCOME":null,"FEE_COMMISSION_INCOME_YOY":null,"ACCOUNTS_RECE_TDAYS":1.710868122895,"INVENTORY_TDAYS":1.448872185391,"CURRENT_ASSETS_TDAYS":0.542245191345,"TOTAL_ASSETS_TDAYS":0.462275160092,"PREMIUM_EXPENSE":null,"LOAN_DEPOSIT":null,"LOAN_EQUITY":null,"LOAN_ASSETS":null,"DEPOSIT_EQUITY":null,"DEPOSIT_ASSETS":null,"EQUITY_MULTIPLIER":1.490288232662,"EQUITY_RATIO":0.490288232663}],"count":17},"success":true,"message":"ok","code":0}