{"version":"974fc20b79e577d8452a24117727de81","result":{"pages":9,"data":[{"SECUCODE":"01138.HK","SECURITY_CODE":"01138","SECURITY_NAME_ABBR":"中远海能","ORG_CODE":"10002267","STD_REPORT_DATE":"2024-09-30 00:00:00","REPORT_DATE":"2024-09-30 00:00:00","DATE_TYPE_CODE":"004","REPORT_TYPE":"2024年三季报","PER_NETCASH_OPERATE":1.207779871867,"PER_OI":3.593483145219,"BPS":7.541141716006,"BASIC_EPS":0.7158,"DILUTED_EPS":0.7158,"OPERATE_INCOME":17143704565.04,"OPERATE_INCOME_YOY":3.6838047556,"GROSS_PROFIT":5107272459.52,"GROSS_PROFIT_YOY":-3.445638615382,"HOLDER_PROFIT":3415078828.91,"HOLDER_PROFIT_YOY":-8.0451478942,"GROSS_PROFIT_RATIO":29.790950025673,"EPS_TTM":0.639294495606,"OPERATE_INCOME_QOQ":2.367500343716,"NET_PROFIT_RATIO":21.2949111926,"ROE_AVG":9.706256974388,"GROSS_PROFIT_QOQ":1.054398459796,"ROA":4.637814510397,"HOLDER_PROFIT_QOQ":-1.248407340744,"ROE_YEARLY":12.941675965851,"ROIC_YEARLY":5.18345237277,"TOTAL_ASSETS":75187427894.07,"TOTAL_LIABILITIES":36367355176.63,"TAX_EBT":17.9608892236,"OCF_SALES":33.610283478696,"TOTAL_PARENT_EQUITY":35977100890.07,"DEBT_ASSET_RATIO":48.368931077,"OPERATE_PROFIT":5331040954.41,"PRETAX_PROFIT":4449995407.91,"NETCASH_OPERATE":5762047703.06,"NETCASH_INVEST":-5078038853.78,"NETCASH_FINANCE":-1995994588.09,"END_CASH":4319208533.82,"DIVI_RATIO":0.888782997672,"DIVIDEND_RATE":8.708495821727,"CURRENT_RATIO":1.088140199208,"COMMON_ACS":null,"CURRENTDEBT_DEBT":22.181815670456,"ISSUED_COMMON_SHARES":4770776395,"HK_COMMON_SHARES":1296000000,"PER_SHARES":2000,"TOTAL_MARKET_CAP":34254174516.1,"HKSK_MARKET_CAP":9305280000,"PE_TTM":9.972036712226,"PB_TTM":0.858603702707,"REPORT_DATE_SQ":"2023-09-30 00:00:00","REPORT_TYPE_SQ":"2023年三季报","OPERATE_INCOME_SQ":16534602106.32,"DPS_HKD":0.62527,"OPERATE_INCOME_QOQ_SQ":0.569956080414,"NET_PROFIT_RATIO_SQ":24.2408406812,"HOLDER_PROFIT_SQ":3713864739.82,"HOLDER_PROFIT_QOQ_SQ":8.538066104543,"ROE_AVG_SQ":11.180984697786,"PE_TTM_SQ":7.335154545675,"PB_TTM_SQ":0.960675340078,"ROA_SQ":5.28328216743,"START_DATE":"2024-01-01 00:00:00","FISCAL_YEAR":"12-31","CURRENCY":"HKD","IS_CNY_CODE":0,"DPS_HKD_LY":0.62527,"ORG_TYPE":"一般企业","PREMIUM_INCOME":null,"PREMIUM_INCOME_YOY":null,"NET_INTEREST_INCOME":null,"NET_INTEREST_INCOME_YOY":null,"FEE_COMMISSION_INCOME":null,"FEE_COMMISSION_INCOME_YOY":null,"ACCOUNTS_RECE_TDAYS":16.684525669976,"INVENTORY_TDAYS":10.261256334856,"CURRENT_ASSETS_TDAYS":1.879055548524,"TOTAL_ASSETS_TDAYS":0.232818408526,"PREMIUM_EXPENSE":null,"LOAN_DEPOSIT":null,"LOAN_EQUITY":null,"LOAN_ASSETS":null,"DEPOSIT_EQUITY":null,"DEPOSIT_ASSETS":null,"EQUITY_MULTIPLIER":1.936818316683,"EQUITY_RATIO":1.010847296667},{"SECUCODE":"01138.HK","SECURITY_CODE":"01138","SECURITY_NAME_ABBR":"中远海能","ORG_CODE":"10002267","STD_REPORT_DATE":"2024-06-30 00:00:00","REPORT_DATE":"2024-06-30 00:00:00","DATE_TYPE_CODE":"002","REPORT_TYPE":"2024年中报","PER_NETCASH_OPERATE":0.755634450564,"PER_OI":2.425543777765,"BPS":7.451897145559,"BASIC_EPS":0.5522,"DILUTED_EPS":0.5522,"OPERATE_INCOME":11571727000,"OPERATE_INCOME_YOY":0.7683726142,"GROSS_PROFIT":3769864000,"GROSS_PROFIT_YOY":-6.175376245337,"HOLDER_PROFIT":2634620000,"HOLDER_PROFIT_YOY":-8.9893807933,"GROSS_PROFIT_RATIO":32.578231408328,"EPS_TTM":0.647376389981,"OPERATE_INCOME_QOQ":-0.537885358949,"NET_PROFIT_RATIO":24.1779986687,"ROE_AVG":7.53363753305,"GROSS_PROFIT_QOQ":-5.695520537959,"ROA":3.572594190641,"HOLDER_PROFIT_QOQ":-11.46666586551,"ROE_YEARLY":15.067275066101,"ROIC_YEARLY":7.985243566189,"TOTAL_ASSETS":75406971000,"TOTAL_LIABILITIES":36984257000,"TAX_EBT":16.321236782249,"OCF_SALES":31.153197789751,"TOTAL_PARENT_EQUITY":35551335000,"DEBT_ASSET_RATIO":49.0462042296,"OPERATE_PROFIT":3422716000,"PRETAX_PROFIT":3343515000,"NETCASH_OPERATE":3604963000,"NETCASH_INVEST":-4337781000,"NETCASH_FINANCE":-670555000,"END_CASH":4300529000,"DIVI_RATIO":0.877687365486,"DIVIDEND_RATE":9.95652866242,"CURRENT_RATIO":0.942981999624,"COMMON_ACS":null,"CURRENTDEBT_DEBT":26.860417934042,"ISSUED_COMMON_SHARES":4770776395,"HK_COMMON_SHARES":1296000000,"PER_SHARES":2000,"TOTAL_MARKET_CAP":29960475760.6,"HKSK_MARKET_CAP":8138880000,"PE_TTM":8.722059965568,"PB_TTM":0.750979283148,"REPORT_DATE_SQ":"2023-06-30 00:00:00","REPORT_TYPE_SQ":"2023年中报","OPERATE_INCOME_SQ":11483491000,"DPS_HKD":0.62527,"OPERATE_INCOME_QOQ_SQ":8.955051678332,"NET_PROFIT_RATIO_SQ":26.9017931916,"HOLDER_PROFIT_SQ":2894849000,"HOLDER_PROFIT_QOQ_SQ":65.0290533205,"ROE_AVG_SQ":8.787793600662,"PE_TTM_SQ":6.731082994855,"PB_TTM_SQ":0.881560900306,"ROA_SQ":4.150127742076,"START_DATE":"2024-01-01 00:00:00","FISCAL_YEAR":"12-31","CURRENCY":"HKD","IS_CNY_CODE":0,"DPS_HKD_LY":0.62527,"ORG_TYPE":"一般企业","PREMIUM_INCOME":null,"PREMIUM_INCOME_YOY":null,"NET_INTEREST_INCOME":null,"NET_INTEREST_INCOME_YOY":null,"FEE_COMMISSION_INCOME":null,"FEE_COMMISSION_INCOME_YOY":null,"ACCOUNTS_RECE_TDAYS":11.289051606473,"INVENTORY_TDAYS":6.617558296945,"CURRENT_ASSETS_TDAYS":1.22862387429,"TOTAL_ASSETS_TDAYS":0.15691479096,"PREMIUM_EXPENSE":null,"LOAN_DEPOSIT":null,"LOAN_EQUITY":null,"LOAN_ASSETS":null,"DEPOSIT_EQUITY":null,"DEPOSIT_ASSETS":null,"EQUITY_MULTIPLIER":1.962562327066,"EQUITY_RATIO":1.040305715664},{"SECUCODE":"01138.HK","SECURITY_CODE":"01138","SECURITY_NAME_ABBR":"中远海能","ORG_CODE":"10002267","STD_REPORT_DATE":"2024-03-31 00:00:00","REPORT_DATE":"2024-03-31 00:00:00","DATE_TYPE_CODE":"003","REPORT_TYPE":"2024年一季报","PER_NETCASH_OPERATE":0.298965046061,"PER_OI":1.223694742765,"BPS":7.489009924109,"BASIC_EPS":0.259,"DILUTED_EPS":0.259,"OPERATE_INCOME":5837973993.47,"OPERATE_INCOME_YOY":3.6800447257,"GROSS_PROFIT":1842824732.98,"GROSS_PROFIT_YOY":7.537031561104,"HOLDER_PROFIT":1235674062.54,"HOLDER_PROFIT_YOY":12.7554978258,"GROSS_PROFIT_RATIO":31.566168931915,"EPS_TTM":0.731223325439,"OPERATE_INCOME_QOQ":0.94564693661,"NET_PROFIT_RATIO":22.7623271979,"ROE_AVG":3.524460617427,"GROSS_PROFIT_QOQ":1.988571216103,"ROA":1.705763175961,"HOLDER_PROFIT_QOQ":4.174314535388,"ROE_YEARLY":14.097842469706,"ROIC_YEARLY":7.605541049997,"TOTAL_ASSETS":72798641287.47,"TOTAL_LIABILITIES":34178793740.45,"TAX_EBT":14.682308923971,"OCF_SALES":24.431341870919,"TOTAL_PARENT_EQUITY":35728391767.86,"DEBT_ASSET_RATIO":46.9497687539,"OPERATE_PROFIT":1818895288.52,"PRETAX_PROFIT":1557541847.84,"NETCASH_OPERATE":1426295384.68,"NETCASH_INVEST":-2228668765.47,"NETCASH_FINANCE":-1181900793.49,"END_CASH":3670827157.36,"DIVI_RATIO":0.777045887942,"DIVIDEND_RATE":9.95652866242,"CURRENT_RATIO":0.981134696552,"COMMON_ACS":null,"CURRENTDEBT_DEBT":25.2391893644,"ISSUED_COMMON_SHARES":4770776395,"HK_COMMON_SHARES":1296000000,"PER_SHARES":2000,"TOTAL_MARKET_CAP":29960475760.6,"HKSK_MARKET_CAP":8138880000,"PE_TTM":8.722059965568,"PB_TTM":0.750979283148,"REPORT_DATE_SQ":"2023-03-31 00:00:00","REPORT_TYPE_SQ":"2023年一季报","OPERATE_INCOME_SQ":5630759524.57,"DPS_HKD":0.62527,"OPERATE_INCOME_QOQ_SQ":11.596171062696,"NET_PROFIT_RATIO_SQ":21.0842480848,"HOLDER_PROFIT_SQ":1095888082.06,"HOLDER_PROFIT_QOQ_SQ":73.288075603066,"ROE_AVG_SQ":3.410465257133,"PE_TTM_SQ":6.731082994855,"PB_TTM_SQ":0.881560900306,"ROA_SQ":1.598999209526,"START_DATE":"2024-01-01 00:00:00","FISCAL_YEAR":"12-31","CURRENCY":"HKD","IS_CNY_CODE":0,"DPS_HKD_LY":0.62527,"ORG_TYPE":"一般企业","PREMIUM_INCOME":null,"PREMIUM_INCOME_YOY":null,"NET_INTEREST_INCOME":null,"NET_INTEREST_INCOME_YOY":null,"FEE_COMMISSION_INCOME":null,"FEE_COMMISSION_INCOME_YOY":null,"ACCOUNTS_RECE_TDAYS":5.376873116859,"INVENTORY_TDAYS":3.491786784146,"CURRENT_ASSETS_TDAYS":0.65109094031,"TOTAL_ASSETS_TDAYS":0.080589221399,"PREMIUM_EXPENSE":null,"LOAN_DEPOSIT":null,"LOAN_EQUITY":null,"LOAN_ASSETS":null,"DEPOSIT_EQUITY":null,"DEPOSIT_ASSETS":null,"EQUITY_MULTIPLIER":1.885005920824,"EQUITY_RATIO":0.956628385697},{"SECUCODE":"01138.HK","SECURITY_CODE":"01138","SECURITY_NAME_ABBR":"中远海能","ORG_CODE":"10002267","STD_REPORT_DATE":"2023-12-31 00:00:00","REPORT_DATE":"2023-12-31 00:00:00","DATE_TYPE_CODE":"001","REPORT_TYPE":"2023年年报","PER_NETCASH_OPERATE":1.815711172102,"PER_OI":4.593058694381,"BPS":7.208785562879,"BASIC_EPS":0.7019,"DILUTED_EPS":0.7019,"OPERATE_INCOME":21912456000,"OPERATE_INCOME_YOY":18.0195935809,"GROSS_PROFIT":6495090000,"GROSS_PROFIT_YOY":90.538955215605,"HOLDER_PROFIT":3348717000,"HOLDER_PROFIT_YOY":129.2288388636,"GROSS_PROFIT_RATIO":29.641086330076,"EPS_TTM":0.701922857569,"OPERATE_INCOME_QOQ":-3.486250211538,"NET_PROFIT_RATIO":16.6929759038,"ROE_AVG":10.153446274323,"GROSS_PROFIT_QOQ":-11.080459816355,"ROA":4.772506024106,"HOLDER_PROFIT_QOQ":-26.16164895589,"ROE_YEARLY":10.153446274323,"ROIC_YEARLY":5.325762085895,"TOTAL_ASSETS":72083612271.55,"TOTAL_LIABILITIES":34980288739.23,"TAX_EBT":22.833549498797,"OCF_SALES":39.531634427469,"TOTAL_PARENT_EQUITY":34391504390.45,"DEBT_ASSET_RATIO":48.5273809531,"OPERATE_PROFIT":5006099000,"PRETAX_PROFIT":4740196000,"NETCASH_OPERATE":8662352000,"NETCASH_INVEST":-4604179000,"NETCASH_FINANCE":-2725643000,"END_CASH":5622916000,"DIVI_RATIO":0.809482227389,"DIVIDEND_RATE":9.95652866242,"CURRENT_RATIO":1.085128207361,"COMMON_ACS":null,"CURRENTDEBT_DEBT":24.946424129008,"ISSUED_COMMON_SHARES":4770776395,"HK_COMMON_SHARES":1296000000,"PER_SHARES":2000,"TOTAL_MARKET_CAP":29960475760.6,"HKSK_MARKET_CAP":8138880000,"PE_TTM":8.722059965568,"PB_TTM":0.750979283148,"REPORT_DATE_SQ":"2022-12-31 00:00:00","REPORT_TYPE_SQ":"2022年年报","OPERATE_INCOME_SQ":18566795000,"DPS_HKD":0.62527,"OPERATE_INCOME_QOQ_SQ":17.856842726309,"NET_PROFIT_RATIO_SQ":9.6332835042,"HOLDER_PROFIT_SQ":1460862000,"HOLDER_PROFIT_QOQ_SQ":130.508135870187,"ROE_AVG_SQ":4.857316708157,"PE_TTM_SQ":6.731082994855,"PB_TTM_SQ":0.881560900306,"ROA_SQ":2.28945350951,"START_DATE":"2023-01-01 00:00:00","FISCAL_YEAR":"12-31","CURRENCY":"HKD","IS_CNY_CODE":0,"DPS_HKD_LY":0.16272,"ORG_TYPE":"一般企业","PREMIUM_INCOME":null,"PREMIUM_INCOME_YOY":null,"NET_INTEREST_INCOME":null,"NET_INTEREST_INCOME_YOY":null,"FEE_COMMISSION_INCOME":null,"FEE_COMMISSION_INCOME_YOY":null,"ACCOUNTS_RECE_TDAYS":38.86422191517,"INVENTORY_TDAYS":12.700186498927,"CURRENT_ASSETS_TDAYS":2.454933024867,"TOTAL_ASSETS_TDAYS":0.312290731832,"PREMIUM_EXPENSE":null,"LOAN_DEPOSIT":null,"LOAN_EQUITY":null,"LOAN_ASSETS":null,"DEPOSIT_EQUITY":null,"DEPOSIT_ASSETS":null,"EQUITY_MULTIPLIER":1.94278048896,"EQUITY_RATIO":1.017120052153},{"SECUCODE":"01138.HK","SECURITY_CODE":"01138","SECURITY_NAME_ABBR":"中远海能","ORG_CODE":"10002267","STD_REPORT_DATE":"2023-09-30 00:00:00","REPORT_DATE":"2023-09-30 00:00:00","DATE_TYPE_CODE":"004","REPORT_TYPE":"2023年三季报","PER_NETCASH_OPERATE":1.36986078677,"PER_OI":3.46580949039,"BPS":7.307223582354,"BASIC_EPS":0.7785,"DILUTED_EPS":0.7775,"OPERATE_INCOME":16534602106.32,"OPERATE_INCOME_YOY":33.3712744551,"GROSS_PROFIT":5289530567.32,"GROSS_PROFIT_YOY":279.484645530287,"HOLDER_PROFIT":3713864739.82,"HOLDER_PROFIT_YOY":480.4885505554,"GROSS_PROFIT_RATIO":31.990673457441,"EPS_TTM":0.950620981703,"OPERATE_INCOME_QOQ":0.569956080414,"NET_PROFIT_RATIO":24.2408406812,"ROE_AVG":11.180984697786,"GROSS_PROFIT_QOQ":7.372069654591,"ROA":5.28328216743,"HOLDER_PROFIT_QOQ":8.538066104543,"ROE_YEARLY":14.907979597049,"ROIC_YEARLY":5.887880200008,"TOTAL_ASSETS":72339219200.5,"TOTAL_LIABILITIES":35208809073.94,"TAX_EBT":19.085000401567,"OCF_SALES":39.524988045899,"TOTAL_PARENT_EQUITY":34861129779.68,"DEBT_ASSET_RATIO":48.671812418,"OPERATE_PROFIT":5817351263.3,"PRETAX_PROFIT":4953502531.98,"NETCASH_OPERATE":6535299505.96,"NETCASH_INVEST":-986377253.89,"NETCASH_FINANCE":-3958686367.18,"END_CASH":5927131299.04,"DIVI_RATIO":0.597708328699,"DIVIDEND_RATE":9.95652866242,"CURRENT_RATIO":1.371759973698,"COMMON_ACS":null,"CURRENTDEBT_DEBT":21.454679107227,"ISSUED_COMMON_SHARES":4770776395,"HK_COMMON_SHARES":1296000000,"PER_SHARES":2000,"TOTAL_MARKET_CAP":29960475760.6,"HKSK_MARKET_CAP":8138880000,"PE_TTM":8.722059965568,"PB_TTM":0.750979283148,"REPORT_DATE_SQ":"2022-09-30 00:00:00","REPORT_TYPE_SQ":"2022年三季报","OPERATE_INCOME_SQ":12397423788.5,"DPS_HKD":0.62527,"OPERATE_INCOME_QOQ_SQ":12.194293873609,"NET_PROFIT_RATIO_SQ":7.1284431132,"HOLDER_PROFIT_SQ":639782599.72,"HOLDER_PROFIT_QOQ_SQ":11.141251525485,"ROE_AVG_SQ":2.169888367576,"PE_TTM_SQ":6.731082994855,"PB_TTM_SQ":0.881560900306,"ROA_SQ":1.017850320534,"START_DATE":"2023-01-01 00:00:00","FISCAL_YEAR":"12-31","CURRENCY":"HKD","IS_CNY_CODE":0,"DPS_HKD_LY":0.16272,"ORG_TYPE":"一般企业","PREMIUM_INCOME":null,"PREMIUM_INCOME_YOY":null,"NET_INTEREST_INCOME":null,"NET_INTEREST_INCOME_YOY":null,"FEE_COMMISSION_INCOME":null,"FEE_COMMISSION_INCOME_YOY":null,"ACCOUNTS_RECE_TDAYS":16.676819239854,"INVENTORY_TDAYS":9.274588698359,"CURRENT_ASSETS_TDAYS":1.764182564193,"TOTAL_ASSETS_TDAYS":0.23521849764,"PREMIUM_EXPENSE":null,"LOAN_DEPOSIT":null,"LOAN_EQUITY":null,"LOAN_ASSETS":null,"DEPOSIT_EQUITY":null,"DEPOSIT_ASSETS":null,"EQUITY_MULTIPLIER":1.948247244075,"EQUITY_RATIO":1.009973265252},{"SECUCODE":"01138.HK","SECURITY_CODE":"01138","SECURITY_NAME_ABBR":"中远海能","ORG_CODE":"10002267","STD_REPORT_DATE":"2023-06-30 00:00:00","REPORT_DATE":"2023-06-30 00:00:00","DATE_TYPE_CODE":"002","REPORT_TYPE":"2023年中报","PER_NETCASH_OPERATE":0.9657170277,"PER_OI":2.407048674936,"BPS":7.192275461906,"BASIC_EPS":0.6068,"DILUTED_EPS":0.606,"OPERATE_INCOME":11483491000,"OPERATE_INCOME_YOY":53.6256675936,"GROSS_PROFIT":4017990000,"GROSS_PROFIT_YOY":544.064509200143,"HOLDER_PROFIT":2894849000,"HOLDER_PROFIT_YOY":1530.6711730742,"GROSS_PROFIT_RATIO":34.989272861363,"EPS_TTM":0.875841090431,"OPERATE_INCOME_QOQ":8.955051678332,"NET_PROFIT_RATIO":26.9017931916,"ROE_AVG":8.787793600662,"GROSS_PROFIT_QOQ":38.295722877882,"ROA":4.150127742076,"HOLDER_PROFIT_QOQ":65.0290533205,"ROE_YEARLY":17.575587201324,"ROIC_YEARLY":9.198288352324,"TOTAL_ASSETS":71256419000,"TOTAL_LIABILITIES":34817779000,"TAX_EBT":21.660477893489,"OCF_SALES":40.120378027901,"TOTAL_PARENT_EQUITY":34312738000,"DEBT_ASSET_RATIO":48.8626561489,"OPERATE_PROFIT":4128920000,"PRETAX_PROFIT":3943431000,"NETCASH_OPERATE":4607220000,"NETCASH_INVEST":-768329000,"NETCASH_FINANCE":-3006414000,"END_CASH":5253439000,"DIVI_RATIO":0.648741060916,"DIVIDEND_RATE":9.95652866242,"CURRENT_RATIO":0.989513779987,"COMMON_ACS":null,"CURRENTDEBT_DEBT":28.019739570407,"ISSUED_COMMON_SHARES":4770776395,"HK_COMMON_SHARES":1296000000,"PER_SHARES":2000,"TOTAL_MARKET_CAP":29960475760.6,"HKSK_MARKET_CAP":8138880000,"PE_TTM":8.722059965568,"PB_TTM":0.750979283148,"REPORT_DATE_SQ":"2022-06-30 00:00:00","REPORT_TYPE_SQ":"2022年中报","OPERATE_INCOME_SQ":7474982000,"DPS_HKD":0.62527,"OPERATE_INCOME_QOQ_SQ":7.635177232249,"NET_PROFIT_RATIO_SQ":4.5982853203,"HOLDER_PROFIT_SQ":177525000,"HOLDER_PROFIT_QOQ_SQ":-1.635878402843,"ROE_AVG_SQ":0.612192633237,"PE_TTM_SQ":6.731082994855,"PB_TTM_SQ":0.881560900306,"ROA_SQ":0.290096251192,"START_DATE":"2023-01-01 00:00:00","FISCAL_YEAR":"12-31","CURRENCY":"HKD","IS_CNY_CODE":0,"DPS_HKD_LY":0.16272,"ORG_TYPE":"一般企业","PREMIUM_INCOME":null,"PREMIUM_INCOME_YOY":null,"NET_INTEREST_INCOME":null,"NET_INTEREST_INCOME_YOY":null,"FEE_COMMISSION_INCOME":null,"FEE_COMMISSION_INCOME_YOY":null,"ACCOUNTS_RECE_TDAYS":12.404848734939,"INVENTORY_TDAYS":6.375511650647,"CURRENT_ASSETS_TDAYS":1.273387119801,"TOTAL_ASSETS_TDAYS":0.164630191678,"PREMIUM_EXPENSE":null,"LOAN_DEPOSIT":null,"LOAN_EQUITY":null,"LOAN_ASSETS":null,"DEPOSIT_EQUITY":null,"DEPOSIT_ASSETS":null,"EQUITY_MULTIPLIER":1.955518070926,"EQUITY_RATIO":1.014718761295},{"SECUCODE":"01138.HK","SECURITY_CODE":"01138","SECURITY_NAME_ABBR":"中远海能","ORG_CODE":"10002267","STD_REPORT_DATE":"2023-03-31 00:00:00","REPORT_DATE":"2023-03-31 00:00:00","DATE_TYPE_CODE":"003","REPORT_TYPE":"2023年一季报","PER_NETCASH_OPERATE":0.386144206346,"PER_OI":1.180260623925,"BPS":6.853291519002,"BASIC_EPS":0.2297,"DILUTED_EPS":0.2297,"OPERATE_INCOME":5630759524.57,"OPERATE_INCOME_YOY":61.909410115,"GROSS_PROFIT":1713665242.78,"GROSS_PROFIT_YOY":742.763256259252,"HOLDER_PROFIT":1095888082.06,"HOLDER_PROFIT_YOY":4272.5653709891,"GROSS_PROFIT_RATIO":30.43399802997,"EPS_TTM":0.530719332632,"OPERATE_INCOME_QOQ":11.596171062696,"NET_PROFIT_RATIO":21.0842480848,"ROE_AVG":3.410465257133,"GROSS_PROFIT_QOQ":44.306700906683,"ROA":1.598999209526,"HOLDER_PROFIT_QOQ":73.288075603066,"ROE_YEARLY":13.641861028533,"ROIC_YEARLY":7.046032350109,"TOTAL_ASSETS":68821665819.68,"TOTAL_LIABILITIES":33970966198.56,"TAX_EBT":23.370584400078,"OCF_SALES":32.716859185008,"TOTAL_PARENT_EQUITY":32695521406.91,"DEBT_ASSET_RATIO":49.3608601215,"OPERATE_PROFIT":1958688620.6,"PRETAX_PROFIT":1549278821.88,"NETCASH_OPERATE":1842207664.7,"NETCASH_INVEST":-1172700441.02,"NETCASH_FINANCE":-650325153.17,"END_CASH":4249463555.8,"DIVI_RATIO":1.070611231331,"DIVIDEND_RATE":9.95652866242,"CURRENT_RATIO":0.811968000304,"COMMON_ACS":null,"CURRENTDEBT_DEBT":30.63005434962,"ISSUED_COMMON_SHARES":4770776395,"HK_COMMON_SHARES":1296000000,"PER_SHARES":2000,"TOTAL_MARKET_CAP":29960475760.6,"HKSK_MARKET_CAP":8138880000,"PE_TTM":8.722059965568,"PB_TTM":0.750979283148,"REPORT_DATE_SQ":"2022-03-31 00:00:00","REPORT_TYPE_SQ":"2022年一季报","OPERATE_INCOME_SQ":3477722215.51,"DPS_HKD":0.62527,"OPERATE_INCOME_QOQ_SQ":3.168854824235,"NET_PROFIT_RATIO_SQ":3.0541138938,"HOLDER_PROFIT_SQ":25062817.57,"HOLDER_PROFIT_QOQ_SQ":-6.371085759658,"ROE_AVG_SQ":0.087519531362,"PE_TTM_SQ":6.731082994855,"PB_TTM_SQ":0.881560900306,"ROA_SQ":0.042019221132,"START_DATE":"2023-01-01 00:00:00","FISCAL_YEAR":"12-31","CURRENCY":"HKD","IS_CNY_CODE":0,"DPS_HKD_LY":0.16272,"ORG_TYPE":"一般企业","PREMIUM_INCOME":null,"PREMIUM_INCOME_YOY":null,"NET_INTEREST_INCOME":null,"NET_INTEREST_INCOME_YOY":null,"FEE_COMMISSION_INCOME":null,"FEE_COMMISSION_INCOME_YOY":null,"ACCOUNTS_RECE_TDAYS":7.156707812432,"INVENTORY_TDAYS":3.236373777443,"CURRENT_ASSETS_TDAYS":0.669078879972,"TOTAL_ASSETS_TDAYS":0.082157842358,"PREMIUM_EXPENSE":null,"LOAN_DEPOSIT":null,"LOAN_EQUITY":null,"LOAN_ASSETS":null,"DEPOSIT_EQUITY":null,"DEPOSIT_ASSETS":null,"EQUITY_MULTIPLIER":1.974757079996,"EQUITY_RATIO":1.039009770659},{"SECUCODE":"01138.HK","SECURITY_CODE":"01138","SECURITY_NAME_ABBR":"中远海能","ORG_CODE":"10002267","STD_REPORT_DATE":"2022-12-31 00:00:00","REPORT_DATE":"2022-12-31 00:00:00","DATE_TYPE_CODE":"001","REPORT_TYPE":"2022年年报","PER_NETCASH_OPERATE":0.865653440461,"PER_OI":3.891776403409,"BPS":6.617472793964,"BASIC_EPS":0.3064,"DILUTED_EPS":0.306,"OPERATE_INCOME":18566795000,"OPERATE_INCOME_YOY":46.8346026398,"GROSS_PROFIT":3408799000,"GROSS_PROFIT_YOY":183.355540780478,"HOLDER_PROFIT":1460862000,"HOLDER_PROFIT_YOY":129.3080214852,"GROSS_PROFIT_RATIO":18.359652271703,"EPS_TTM":0.306264196648,"OPERATE_INCOME_QOQ":17.856842726309,"NET_PROFIT_RATIO":9.6332835042,"ROE_AVG":4.857316708157,"GROSS_PROFIT_QOQ":190.778379451419,"ROA":2.28945350951,"HOLDER_PROFIT_QOQ":130.508135870187,"ROE_YEARLY":4.857316708157,"ROIC_YEARLY":2.507396156942,"TOTAL_ASSETS":68250453000,"TOTAL_LIABILITIES":34679692000,"TAX_EBT":35.045718123819,"OCF_SALES":22.243144279882,"TOTAL_PARENT_EQUITY":31570671000,"DEBT_ASSET_RATIO":50.8126744815,"OPERATE_PROFIT":2704094000,"PRETAX_PROFIT":2752847000,"NETCASH_OPERATE":4129839000,"NETCASH_INVEST":-5156516000,"NETCASH_FINANCE":1563900000,"END_CASH":4238365000,"DIVI_RATIO":1.855241599963,"DIVIDEND_RATE":9.95652866242,"CURRENT_RATIO":0.791518110022,"COMMON_ACS":null,"CURRENTDEBT_DEBT":30.538094167618,"ISSUED_COMMON_SHARES":4770776395,"HK_COMMON_SHARES":1296000000,"PER_SHARES":2000,"TOTAL_MARKET_CAP":29960475760.6,"HKSK_MARKET_CAP":8138880000,"PE_TTM":8.722059965568,"PB_TTM":0.750979283148,"REPORT_DATE_SQ":"2021-12-31 00:00:00","REPORT_TYPE_SQ":"2021年年报","OPERATE_INCOME_SQ":12644700000,"DPS_HKD":0.62527,"OPERATE_INCOME_QOQ_SQ":3.049143111485,"NET_PROFIT_RATIO_SQ":-36.9095984879,"HOLDER_PROFIT_SQ":-4985386000,"HOLDER_PROFIT_QOQ_SQ":-899.021814583854,"ROE_AVG_SQ":-15.773324908467,"PE_TTM_SQ":6.731082994855,"PB_TTM_SQ":0.881560900306,"ROA_SQ":-7.954421962767,"START_DATE":"2022-01-01 00:00:00","FISCAL_YEAR":"12-31","CURRENCY":"HKD","IS_CNY_CODE":0,"DPS_HKD_LY":null,"ORG_TYPE":"一般企业","PREMIUM_INCOME":null,"PREMIUM_INCOME_YOY":null,"NET_INTEREST_INCOME":null,"NET_INTEREST_INCOME_YOY":null,"FEE_COMMISSION_INCOME":null,"FEE_COMMISSION_INCOME_YOY":null,"ACCOUNTS_RECE_TDAYS":40.604325971025,"INVENTORY_TDAYS":13.231075140795,"CURRENT_ASSETS_TDAYS":2.497430679459,"TOTAL_ASSETS_TDAYS":0.290926632709,"PREMIUM_EXPENSE":null,"LOAN_DEPOSIT":null,"LOAN_EQUITY":null,"LOAN_ASSETS":null,"DEPOSIT_EQUITY":null,"DEPOSIT_ASSETS":null,"EQUITY_MULTIPLIER":2.033044060556,"EQUITY_RATIO":1.09847814131},{"SECUCODE":"01138.HK","SECURITY_CODE":"01138","SECURITY_NAME_ABBR":"中远海能","ORG_CODE":"10002267","STD_REPORT_DATE":"2022-09-30 00:00:00","REPORT_DATE":"2022-09-30 00:00:00","DATE_TYPE_CODE":"004","REPORT_TYPE":"2022年三季报","PER_NETCASH_OPERATE":0.388613540897,"PER_OI":2.598617659275,"BPS":6.369700444269,"BASIC_EPS":0.1341,"DILUTED_EPS":0.1341,"OPERATE_INCOME":12397423788.5,"OPERATE_INCOME_YOY":33.4715469073,"GROSS_PROFIT":1393872091.96,"GROSS_PROFIT_YOY":31.561765292332,"HOLDER_PROFIT":639782599.72,"HOLDER_PROFIT_YOY":44.1912754228,"GROSS_PROFIT_RATIO":11.243239851597,"EPS_TTM":-1.003877122977,"OPERATE_INCOME_QOQ":12.194293873609,"NET_PROFIT_RATIO":7.1284431132,"ROE_AVG":2.169888367576,"GROSS_PROFIT_QOQ":14.382836224952,"ROA":1.017850320534,"HOLDER_PROFIT_QOQ":11.141251525485,"ROE_YEARLY":2.893184490102,"ROIC_YEARLY":1.121890797883,"TOTAL_ASSETS":66345512429.53,"TOTAL_LIABILITIES":33947362200.33,"TAX_EBT":15.352872668161,"OCF_SALES":14.954625568336,"TOTAL_PARENT_EQUITY":30388416522.74,"DEBT_ASSET_RATIO":51.1675333526,"OPERATE_PROFIT":1661114601.6,"PRETAX_PROFIT":1043773618.03,"NETCASH_OPERATE":1853988307.69,"NETCASH_INVEST":-1851088892.82,"NETCASH_FINANCE":1134377955.06,"END_CASH":4791876325.61,"DIVI_RATIO":-0.565999628037,"DIVIDEND_RATE":9.95652866242,"CURRENT_RATIO":0.85433226595,"COMMON_ACS":null,"CURRENTDEBT_DEBT":31.325402585408,"ISSUED_COMMON_SHARES":4770776395,"HK_COMMON_SHARES":1296000000,"PER_SHARES":2000,"TOTAL_MARKET_CAP":29960475760.6,"HKSK_MARKET_CAP":8138880000,"PE_TTM":8.722059965568,"PB_TTM":0.750979283148,"REPORT_DATE_SQ":"2021-09-30 00:00:00","REPORT_TYPE_SQ":"2021年三季报","OPERATE_INCOME_SQ":9288439428.3,"DPS_HKD":0.62527,"OPERATE_INCOME_QOQ_SQ":-3.205785002211,"NET_PROFIT_RATIO_SQ":7.279669581,"HOLDER_PROFIT_SQ":443781530.05,"HOLDER_PROFIT_QOQ_SQ":-5867.09511938056,"ROE_AVG_SQ":1.289921642769,"PE_TTM_SQ":6.731082994855,"PB_TTM_SQ":0.881560900306,"ROA_SQ":0.678098760005,"START_DATE":"2022-01-01 00:00:00","FISCAL_YEAR":"12-31","CURRENCY":"HKD","IS_CNY_CODE":0,"DPS_HKD_LY":null,"ORG_TYPE":"一般企业","PREMIUM_INCOME":null,"PREMIUM_INCOME_YOY":null,"NET_INTEREST_INCOME":null,"NET_INTEREST_INCOME_YOY":null,"FEE_COMMISSION_INCOME":null,"FEE_COMMISSION_INCOME_YOY":null,"ACCOUNTS_RECE_TDAYS":18.399170739797,"INVENTORY_TDAYS":9.86538210605,"CURRENT_ASSETS_TDAYS":1.592350309431,"TOTAL_ASSETS_TDAYS":0.197200112535,"PREMIUM_EXPENSE":null,"LOAN_DEPOSIT":null,"LOAN_EQUITY":null,"LOAN_ASSETS":null,"DEPOSIT_EQUITY":null,"DEPOSIT_ASSETS":null,"EQUITY_MULTIPLIER":2.0478179143,"EQUITY_RATIO":1.117115206543}],"count":79},"success":true,"message":"ok","code":0}