{"version":"748f1c7d4f95ea6aa9a993aadeece4a4","result":{"pages":4,"data":[{"SECUCODE":"01146.HK","SECURITY_CODE":"01146","SECURITY_NAME_ABBR":"汇成国际控股","ORG_CODE":"10160378","STD_REPORT_DATE":"2024-06-30 00:00:00","REPORT_DATE":"2024-06-30 00:00:00","DATE_TYPE_CODE":"002","REPORT_TYPE":"2024年中报","PER_NETCASH_OPERATE":0.000363958264,"PER_OI":0.023876126486,"BPS":0.298229549116,"BASIC_EPS":-0.0129,"DILUTED_EPS":-0.0129,"OPERATE_INCOME":82264000,"OPERATE_INCOME_YOY":-27.6615576718,"GROSS_PROFIT":49722000,"GROSS_PROFIT_YOY":-30.254870881317,"HOLDER_PROFIT":-42396000,"HOLDER_PROFIT_YOY":37.7262044653,"GROSS_PROFIT_RATIO":60.441991636682,"EPS_TTM":-0.033910809909,"OPERATE_INCOME_QOQ":-15.148319368198,"NET_PROFIT_RATIO":-51.881746572,"ROE_AVG":-3.935246099075,"GROSS_PROFIT_QOQ":-21.289259134967,"ROA":-3.242151951975,"HOLDER_PROFIT_QOQ":18.021077447692,"ROE_YEARLY":-7.870492198149,"ROIC_YEARLY":-9.672716487378,"TOTAL_ASSETS":1290705000,"TOTAL_LIABILITIES":259608000,"TAX_EBT":null,"OCF_SALES":1.524360595157,"TOTAL_PARENT_EQUITY":1027535000,"DEBT_ASSET_RATIO":20.1136588144,"OPERATE_PROFIT":-48776000,"PRETAX_PROFIT":-42680000,"NETCASH_OPERATE":1254000,"NETCASH_INVEST":62486000,"NETCASH_FINANCE":-5230000,"END_CASH":283640000,"DIVI_RATIO":-0.534472637156,"DIVIDEND_RATE":20.20202020202,"CURRENT_RATIO":3.360691110059,"COMMON_ACS":1000000000000,"CURRENTDEBT_DEBT":96.044035622939,"ISSUED_COMMON_SHARES":3445450000,"HK_COMMON_SHARES":3445450000,"PER_SHARES":2000,"TOTAL_MARKET_CAP":341099550,"HKSK_MARKET_CAP":341099550,"PE_TTM":-2.626226762442,"PB_TTM":0.302972392467,"REPORT_DATE_SQ":"2023-06-30 00:00:00","REPORT_TYPE_SQ":"2023年中报","OPERATE_INCOME_SQ":113721000,"DPS_HKD":0.02,"OPERATE_INCOME_QOQ_SQ":-3.813748087315,"NET_PROFIT_RATIO_SQ":-59.9713333509,"HOLDER_PROFIT_SQ":-68080000,"HOLDER_PROFIT_QOQ_SQ":2.257126882096,"ROE_AVG_SQ":-5.505662956059,"PE_TTM_SQ":-0.970235893583,"PB_TTM_SQ":0.199778011669,"ROA_SQ":-4.718270789794,"START_DATE":"2024-01-01 00:00:00","FISCAL_YEAR":"12-31","CURRENCY":"HKD","IS_CNY_CODE":0,"DPS_HKD_LY":0.02,"ORG_TYPE":"一般企业","PREMIUM_INCOME":null,"PREMIUM_INCOME_YOY":null,"NET_INTEREST_INCOME":null,"NET_INTEREST_INCOME_YOY":null,"FEE_COMMISSION_INCOME":null,"FEE_COMMISSION_INCOME_YOY":null,"ACCOUNTS_RECE_TDAYS":4.504901155468,"INVENTORY_TDAYS":0.099627110134,"CURRENT_ASSETS_TDAYS":0.094312626684,"TOTAL_ASSETS_TDAYS":0.062909800023,"PREMIUM_EXPENSE":null,"LOAN_DEPOSIT":null,"LOAN_EQUITY":null,"LOAN_ASSETS":null,"DEPOSIT_EQUITY":null,"DEPOSIT_ASSETS":null,"EQUITY_MULTIPLIER":1.251778445675,"EQUITY_RATIO":0.252651247889},{"SECUCODE":"01146.HK","SECURITY_CODE":"01146","SECURITY_NAME_ABBR":"汇成国际控股","ORG_CODE":"10160378","STD_REPORT_DATE":"2023-12-31 00:00:00","REPORT_DATE":"2023-12-31 00:00:00","DATE_TYPE_CODE":"001","REPORT_TYPE":"2023年年报","PER_NETCASH_OPERATE":-0.002494304082,"PER_OI":0.060270791914,"BPS":0.327140431584,"BASIC_EPS":-0.0434,"DILUTED_EPS":-0.0434,"OPERATE_INCOME":207660000,"OPERATE_INCOME_YOY":0.5539522361,"GROSS_PROFIT":101314000,"GROSS_PROFIT_YOY":24.53168789026,"HOLDER_PROFIT":-142522000,"HOLDER_PROFIT_YOY":43.4837952407,"GROSS_PROFIT_RATIO":48.788404122123,"EPS_TTM":-0.041365278846,"OPERATE_INCOME_QOQ":4.540877970197,"NET_PROFIT_RATIO":-69.3956467302,"ROE_AVG":-11.917686168378,"GROSS_PROFIT_QOQ":31.797426857983,"ROA":-10.202026203349,"HOLDER_PROFIT_QOQ":42.178695022456,"ROE_YEARLY":-11.917686168378,"ROIC_YEARLY":-14.769050299765,"TOTAL_ASSETS":1324595000,"TOTAL_LIABILITIES":193606000,"TAX_EBT":-26.615121029741,"OCF_SALES":-4.138495617837,"TOTAL_PARENT_EQUITY":1127146000,"DEBT_ASSET_RATIO":14.6162411907,"OPERATE_PROFIT":-125029000,"PRETAX_PROFIT":-113815000,"NETCASH_OPERATE":-8594000,"NETCASH_INVEST":-17800000,"NETCASH_FINANCE":-9547000,"END_CASH":226350000,"DIVI_RATIO":-0.438154909277,"DIVIDEND_RATE":28.571428571429,"CURRENT_RATIO":4.945193896977,"COMMON_ACS":1000000000000,"CURRENTDEBT_DEBT":94.686631612657,"ISSUED_COMMON_SHARES":3445450000,"HK_COMMON_SHARES":3445450000,"PER_SHARES":2000,"TOTAL_MARKET_CAP":241181500,"HKSK_MARKET_CAP":241181500,"PE_TTM":-1.856928013848,"PB_TTM":0.214222903765,"REPORT_DATE_SQ":"2022-12-31 00:00:00","REPORT_TYPE_SQ":"2022年年报","OPERATE_INCOME_SQ":206516000,"DPS_HKD":0.02,"OPERATE_INCOME_QOQ_SQ":-25.591886000468,"NET_PROFIT_RATIO_SQ":-122.8272869899,"HOLDER_PROFIT_SQ":-252179000,"HOLDER_PROFIT_QOQ_SQ":-42.494942759953,"ROE_AVG_SQ":-18.324411973188,"PE_TTM_SQ":-0.561715517337,"PB_TTM_SQ":0.115660954124,"ROA_SQ":-15.686675789998,"START_DATE":"2023-01-01 00:00:00","FISCAL_YEAR":"12-31","CURRENCY":"HKD","IS_CNY_CODE":0,"DPS_HKD_LY":null,"ORG_TYPE":"一般企业","PREMIUM_INCOME":null,"PREMIUM_INCOME_YOY":null,"NET_INTEREST_INCOME":null,"NET_INTEREST_INCOME_YOY":null,"FEE_COMMISSION_INCOME":null,"FEE_COMMISSION_INCOME_YOY":null,"ACCOUNTS_RECE_TDAYS":8.767944603952,"INVENTORY_TDAYS":0.295117815685,"CURRENT_ASSETS_TDAYS":0.22125572158,"TOTAL_ASSETS_TDAYS":0.148647420145,"PREMIUM_EXPENSE":null,"LOAN_DEPOSIT":null,"LOAN_EQUITY":null,"LOAN_ASSETS":null,"DEPOSIT_EQUITY":null,"DEPOSIT_ASSETS":null,"EQUITY_MULTIPLIER":1.171182920435,"EQUITY_RATIO":0.171766567951},{"SECUCODE":"01146.HK","SECURITY_CODE":"01146","SECURITY_NAME_ABBR":"汇成国际控股","ORG_CODE":"10160378","STD_REPORT_DATE":"2023-06-30 00:00:00","REPORT_DATE":"2023-06-30 00:00:00","DATE_TYPE_CODE":"002","REPORT_TYPE":"2023年中报","PER_NETCASH_OPERATE":0.003277365801,"PER_OI":0.033006138531,"BPS":0.350741702825,"BASIC_EPS":-0.0207,"DILUTED_EPS":-0.0207,"OPERATE_INCOME":113721000,"OPERATE_INCOME_YOY":-6.4771334819,"GROSS_PROFIT":71291000,"GROSS_PROFIT_YOY":-5.918760557432,"HOLDER_PROFIT":-68080000,"HOLDER_PROFIT_YOY":7.7156644797,"GROSS_PROFIT_RATIO":62.689388943115,"EPS_TTM":-0.071539856913,"OPERATE_INCOME_QOQ":-3.813748087315,"NET_PROFIT_RATIO":-59.9713333509,"ROE_AVG":-5.505662956059,"GROSS_PROFIT_QOQ":-5.512807905993,"ROA":-4.718270789794,"HOLDER_PROFIT_QOQ":2.257126882096,"ROE_YEARLY":-11.011325912118,"ROIC_YEARLY":-13.408219526114,"TOTAL_ASSETS":1416404000,"TOTAL_LIABILITIES":202626000,"TAX_EBT":-56.893418298098,"OCF_SALES":9.92956446039,"TOTAL_PARENT_EQUITY":1208463000,"DEBT_ASSET_RATIO":14.3056642032,"OPERATE_PROFIT":-49428000,"PRETAX_PROFIT":-43469000,"NETCASH_OPERATE":11292000,"NETCASH_INVEST":-8936000,"NETCASH_FINANCE":-2597000,"END_CASH":261804000,"DIVI_RATIO":-0.253346886367,"DIVIDEND_RATE":28.571428571429,"CURRENT_RATIO":5.025623308574,"COMMON_ACS":1000000000000,"CURRENTDEBT_DEBT":94.280595777442,"ISSUED_COMMON_SHARES":3445450000,"HK_COMMON_SHARES":3445450000,"PER_SHARES":2000,"TOTAL_MARKET_CAP":241181500,"HKSK_MARKET_CAP":241181500,"PE_TTM":-1.856928013848,"PB_TTM":0.214222903765,"REPORT_DATE_SQ":"2022-06-30 00:00:00","REPORT_TYPE_SQ":"2022年中报","OPERATE_INCOME_SQ":121597000,"DPS_HKD":0.02,"OPERATE_INCOME_QOQ_SQ":-14.207950937996,"NET_PROFIT_RATIO_SQ":-60.7350510292,"HOLDER_PROFIT_SQ":-73772000,"HOLDER_PROFIT_QOQ_SQ":-16.572143727563,"ROE_AVG_SQ":-5.056880653449,"PE_TTM_SQ":-0.561715517337,"PB_TTM_SQ":0.115660954124,"ROA_SQ":-4.340133200884,"START_DATE":"2023-01-01 00:00:00","FISCAL_YEAR":"12-31","CURRENCY":"HKD","IS_CNY_CODE":0,"DPS_HKD_LY":null,"ORG_TYPE":"一般企业","PREMIUM_INCOME":null,"PREMIUM_INCOME_YOY":null,"NET_INTEREST_INCOME":null,"NET_INTEREST_INCOME_YOY":null,"FEE_COMMISSION_INCOME":null,"FEE_COMMISSION_INCOME_YOY":null,"ACCOUNTS_RECE_TDAYS":5.396398320165,"INVENTORY_TDAYS":0.112201926446,"CURRENT_ASSETS_TDAYS":0.117806774555,"TOTAL_ASSETS_TDAYS":0.078814111705,"PREMIUM_EXPENSE":null,"LOAN_DEPOSIT":null,"LOAN_EQUITY":null,"LOAN_ASSETS":null,"DEPOSIT_EQUITY":null,"DEPOSIT_ASSETS":null,"EQUITY_MULTIPLIER":1.166938270426,"EQUITY_RATIO":0.167672489766},{"SECUCODE":"01146.HK","SECURITY_CODE":"01146","SECURITY_NAME_ABBR":"汇成国际控股","ORG_CODE":"10160378","STD_REPORT_DATE":"2022-12-31 00:00:00","REPORT_DATE":"2022-12-31 00:00:00","DATE_TYPE_CODE":"001","REPORT_TYPE":"2022年年报","PER_NETCASH_OPERATE":-0.009149457981,"PER_OI":0.059938759814,"BPS":0.367042621428,"BASIC_EPS":-0.0768,"DILUTED_EPS":-0.0768,"OPERATE_INCOME":206516000,"OPERATE_INCOME_YOY":-36.1637543314,"GROSS_PROFIT":81356000,"GROSS_PROFIT_YOY":-58.195579900417,"HOLDER_PROFIT":-252179000,"HOLDER_PROFIT_YOY":-66.1094094786,"GROSS_PROFIT_RATIO":39.3945263321,"EPS_TTM":-0.073191890754,"OPERATE_INCOME_QOQ":-25.591886000468,"NET_PROFIT_RATIO":-122.8272869899,"ROE_AVG":-18.324411973188,"GROSS_PROFIT_QOQ":-46.730746565745,"ROA":-15.686675789998,"HOLDER_PROFIT_QOQ":-42.494942759953,"ROE_YEARLY":-18.324411973188,"ROIC_YEARLY":-19.620931254887,"TOTAL_ASSETS":1469399000,"TOTAL_LIABILITIES":200351000,"TAX_EBT":-24.804054220276,"OCF_SALES":-15.264676828914,"TOTAL_PARENT_EQUITY":1264627000,"DEBT_ASSET_RATIO":13.6348942663,"OPERATE_PROFIT":-208230000,"PRETAX_PROFIT":-203245000,"NETCASH_OPERATE":-31524000,"NETCASH_INVEST":191474000,"NETCASH_FINANCE":-23417000,"END_CASH":263615000,"DIVI_RATIO":-0.24762852569,"DIVIDEND_RATE":28.571428571429,"CURRENT_RATIO":5.011002400805,"COMMON_ACS":1000000000000,"CURRENTDEBT_DEBT":96.672839167262,"ISSUED_COMMON_SHARES":3445450000,"HK_COMMON_SHARES":3445450000,"PER_SHARES":2000,"TOTAL_MARKET_CAP":241181500,"HKSK_MARKET_CAP":241181500,"PE_TTM":-1.856928013848,"PB_TTM":0.214222903765,"REPORT_DATE_SQ":"2021-12-31 00:00:00","REPORT_TYPE_SQ":"2021年年报","OPERATE_INCOME_SQ":323509000,"DPS_HKD":0.02,"OPERATE_INCOME_QOQ_SQ":-45.876887145993,"NET_PROFIT_RATIO_SQ":-46.9424343681,"HOLDER_PROFIT_SQ":-151815000,"HOLDER_PROFIT_QOQ_SQ":-21.063627881755,"ROE_AVG_SQ":-9.659141700178,"PE_TTM_SQ":-0.561715517337,"PB_TTM_SQ":0.115660954124,"ROA_SQ":-8.139315442906,"START_DATE":"2022-01-01 00:00:00","FISCAL_YEAR":"12-31","CURRENCY":"HKD","IS_CNY_CODE":0,"DPS_HKD_LY":null,"ORG_TYPE":"一般企业","PREMIUM_INCOME":null,"PREMIUM_INCOME_YOY":null,"NET_INTEREST_INCOME":null,"NET_INTEREST_INCOME_YOY":null,"FEE_COMMISSION_INCOME":null,"FEE_COMMISSION_INCOME_YOY":null,"ACCOUNTS_RECE_TDAYS":6.596163981028,"INVENTORY_TDAYS":0.311827702488,"CURRENT_ASSETS_TDAYS":0.196587542741,"TOTAL_ASSETS_TDAYS":0.128462304056,"PREMIUM_EXPENSE":null,"LOAN_DEPOSIT":null,"LOAN_EQUITY":null,"LOAN_ASSETS":null,"DEPOSIT_EQUITY":null,"DEPOSIT_ASSETS":null,"EQUITY_MULTIPLIER":1.157875037036,"EQUITY_RATIO":0.158426951188},{"SECUCODE":"01146.HK","SECURITY_CODE":"01146","SECURITY_NAME_ABBR":"汇成国际控股","ORG_CODE":"10160378","STD_REPORT_DATE":"2022-06-30 00:00:00","REPORT_DATE":"2022-06-30 00:00:00","DATE_TYPE_CODE":"002","REPORT_TYPE":"2022年中报","PER_NETCASH_OPERATE":-0.005246049137,"PER_OI":0.035292051836,"BPS":0.415020389209,"BASIC_EPS":-0.0225,"DILUTED_EPS":-0.0225,"OPERATE_INCOME":121597000,"OPERATE_INCOME_YOY":-27.4312041585,"GROSS_PROFIT":75776000,"GROSS_PROFIT_YOY":-35.598031633252,"HOLDER_PROFIT":-73772000,"HOLDER_PROFIT_YOY":-51.753646144,"GROSS_PROFIT_RATIO":62.317326907736,"EPS_TTM":-0.051364553251,"OPERATE_INCOME_QOQ":-14.207950937996,"NET_PROFIT_RATIO":-60.7350510292,"ROE_AVG":-5.056880653449,"GROSS_PROFIT_QOQ":-21.522421651397,"ROA":-4.340133200884,"HOLDER_PROFIT_QOQ":-16.572143727563,"ROE_YEARLY":-10.113761306898,"ROIC_YEARLY":-11.161856143507,"TOTAL_ASSETS":1653726000,"TOTAL_LIABILITIES":219049000,"TAX_EBT":-36.714859586442,"OCF_SALES":-14.864675937729,"TOTAL_PARENT_EQUITY":1429932000,"DEBT_ASSET_RATIO":13.2457855775,"OPERATE_PROFIT":-56863000,"PRETAX_PROFIT":-54019000,"NETCASH_OPERATE":-18075000,"NETCASH_INVEST":162163000,"NETCASH_FINANCE":-16815000,"END_CASH":258299000,"DIVI_RATIO":-0.352858125939,"DIVIDEND_RATE":28.571428571429,"CURRENT_RATIO":5.43778019392,"COMMON_ACS":1000000000000,"CURRENTDEBT_DEBT":91.953398554661,"ISSUED_COMMON_SHARES":3445450000,"HK_COMMON_SHARES":3445450000,"PER_SHARES":2000,"TOTAL_MARKET_CAP":241181500,"HKSK_MARKET_CAP":241181500,"PE_TTM":-1.856928013848,"PB_TTM":0.214222903765,"REPORT_DATE_SQ":"2021-06-30 00:00:00","REPORT_TYPE_SQ":"2021年中报","OPERATE_INCOME_SQ":167561000,"DPS_HKD":0.02,"OPERATE_INCOME_QOQ_SQ":-17.866864535455,"NET_PROFIT_RATIO_SQ":-29.0353960647,"HOLDER_PROFIT_SQ":-48613000,"HOLDER_PROFIT_QOQ_SQ":-2.658120077934,"ROE_AVG_SQ":-2.989499577216,"PE_TTM_SQ":-0.561715517337,"PB_TTM_SQ":0.115660954124,"ROA_SQ":-2.52158137641,"START_DATE":"2022-01-01 00:00:00","FISCAL_YEAR":"12-31","CURRENCY":"HKD","IS_CNY_CODE":0,"DPS_HKD_LY":null,"ORG_TYPE":"一般企业","PREMIUM_INCOME":null,"PREMIUM_INCOME_YOY":null,"NET_INTEREST_INCOME":null,"NET_INTEREST_INCOME_YOY":null,"FEE_COMMISSION_INCOME":null,"FEE_COMMISSION_INCOME_YOY":null,"ACCOUNTS_RECE_TDAYS":3.513704072934,"INVENTORY_TDAYS":0.108052596083,"CURRENT_ASSETS_TDAYS":0.109264040012,"TOTAL_ASSETS_TDAYS":0.071537599201,"PREMIUM_EXPENSE":null,"LOAN_DEPOSIT":null,"LOAN_EQUITY":null,"LOAN_ASSETS":null,"DEPOSIT_EQUITY":null,"DEPOSIT_ASSETS":null,"EQUITY_MULTIPLIER":1.152681753453,"EQUITY_RATIO":0.153188403365},{"SECUCODE":"01146.HK","SECURITY_CODE":"01146","SECURITY_NAME_ABBR":"汇成国际控股","ORG_CODE":"10160378","STD_REPORT_DATE":"2021-12-31 00:00:00","REPORT_DATE":"2021-12-31 00:00:00","DATE_TYPE_CODE":"001","REPORT_TYPE":"2021年年报","PER_NETCASH_OPERATE":-0.021074170283,"PER_OI":0.093894556589,"BPS":0.431803102643,"BASIC_EPS":-0.0462,"DILUTED_EPS":-0.0462,"OPERATE_INCOME":323509000,"OPERATE_INCOME_YOY":-55.546990402,"GROSS_PROFIT":194611000,"GROSS_PROFIT_YOY":-59.206692575032,"HOLDER_PROFIT":-151815000,"HOLDER_PROFIT_YOY":-24.2816444816,"GROSS_PROFIT_RATIO":60.156286223876,"EPS_TTM":-0.044062459185,"OPERATE_INCOME_QOQ":-45.876887145993,"NET_PROFIT_RATIO":-46.9424343681,"ROE_AVG":-9.659141700178,"GROSS_PROFIT_QOQ":-50.64993356122,"ROA":-8.139315442906,"HOLDER_PROFIT_QOQ":-21.063627881755,"ROE_YEARLY":-9.659141700178,"ROIC_YEARLY":-9.402818956638,"TOTAL_ASSETS":1745801000,"TOTAL_LIABILITIES":258129000,"TAX_EBT":-30.559591461265,"OCF_SALES":-22.444506953439,"TOTAL_PARENT_EQUITY":1487756000,"DEBT_ASSET_RATIO":14.7857058164,"OPERATE_PROFIT":-127825000,"PRETAX_PROFIT":-116317000,"NETCASH_OPERATE":-72610000,"NETCASH_INVEST":-24681000,"NETCASH_FINANCE":-47599000,"END_CASH":127995000,"DIVI_RATIO":-0.411334281724,"DIVIDEND_RATE":28.571428571429,"CURRENT_RATIO":4.765295540961,"COMMON_ACS":1000000000000,"CURRENTDEBT_DEBT":91.902110960024,"ISSUED_COMMON_SHARES":3445450000,"HK_COMMON_SHARES":3445450000,"PER_SHARES":2000,"TOTAL_MARKET_CAP":241181500,"HKSK_MARKET_CAP":241181500,"PE_TTM":-1.856928013848,"PB_TTM":0.214222903765,"REPORT_DATE_SQ":"2020-12-31 00:00:00","REPORT_TYPE_SQ":"2020年年报","OPERATE_INCOME_SQ":727755000,"DPS_HKD":0.02,"OPERATE_INCOME_QOQ_SQ":2.427418129001,"NET_PROFIT_RATIO_SQ":-16.4415222156,"HOLDER_PROFIT_SQ":-122154000,"HOLDER_PROFIT_QOQ_SQ":-117.413900507253,"ROE_AVG_SQ":-7.042902353342,"PE_TTM_SQ":-0.561715517337,"PB_TTM_SQ":0.115660954124,"ROA_SQ":-5.840265483129,"START_DATE":"2021-01-01 00:00:00","FISCAL_YEAR":"12-31","CURRENCY":"HKD","IS_CNY_CODE":0,"DPS_HKD_LY":null,"ORG_TYPE":"一般企业","PREMIUM_INCOME":null,"PREMIUM_INCOME_YOY":null,"NET_INTEREST_INCOME":null,"NET_INTEREST_INCOME_YOY":null,"FEE_COMMISSION_INCOME":null,"FEE_COMMISSION_INCOME_YOY":null,"ACCOUNTS_RECE_TDAYS":3.816764983483,"INVENTORY_TDAYS":0.333369541603,"CURRENT_ASSETS_TDAYS":0.265598773107,"TOTAL_ASSETS_TDAYS":0.173444112875,"PREMIUM_EXPENSE":null,"LOAN_DEPOSIT":null,"LOAN_EQUITY":null,"LOAN_ASSETS":null,"DEPOSIT_EQUITY":null,"DEPOSIT_ASSETS":null,"EQUITY_MULTIPLIER":1.1735120376,"EQUITY_RATIO":0.173502240959},{"SECUCODE":"01146.HK","SECURITY_CODE":"01146","SECURITY_NAME_ABBR":"汇成国际控股","ORG_CODE":"10160378","STD_REPORT_DATE":"2021-06-30 00:00:00","REPORT_DATE":"2021-06-30 00:00:00","DATE_TYPE_CODE":"002","REPORT_TYPE":"2021年中报","PER_NETCASH_OPERATE":0.001739685672,"PER_OI":0.04863254437,"BPS":0.463381851427,"BASIC_EPS":-0.0148,"DILUTED_EPS":-0.0148,"OPERATE_INCOME":167561000,"OPERATE_INCOME_YOY":-43.6936301195,"GROSS_PROFIT":117661000,"GROSS_PROFIT_YOY":-41.280772935288,"HOLDER_PROFIT":-48613000,"HOLDER_PROFIT_YOY":-7.1573425032,"GROSS_PROFIT_RATIO":70.219800550247,"EPS_TTM":-0.036396116618,"OPERATE_INCOME_QOQ":-17.866864535455,"NET_PROFIT_RATIO":-29.0353960647,"ROE_AVG":-2.989499577216,"GROSS_PROFIT_QOQ":-17.338900697178,"ROA":-2.52158137641,"HOLDER_PROFIT_QOQ":-2.658120077934,"ROE_YEARLY":-5.978999154432,"ROIC_YEARLY":-6.358050183121,"TOTAL_ASSETS":1871144000,"TOTAL_LIABILITIES":272554000,"TAX_EBT":0.119072059125,"OCF_SALES":3.577204719475,"TOTAL_PARENT_EQUITY":1596559000,"DEBT_ASSET_RATIO":14.5661691457,"OPERATE_PROFIT":-53712000,"PRETAX_PROFIT":-48710000,"NETCASH_OPERATE":5994000,"NETCASH_INVEST":-135416000,"NETCASH_FINANCE":-22547000,"END_CASH":118675000,"DIVI_RATIO":-0.497976204177,"DIVIDEND_RATE":28.571428571429,"CURRENT_RATIO":4.943755409295,"COMMON_ACS":1000000000000,"CURRENTDEBT_DEBT":91.143406444228,"ISSUED_COMMON_SHARES":3445450000,"HK_COMMON_SHARES":3445450000,"PER_SHARES":2000,"TOTAL_MARKET_CAP":241181500,"HKSK_MARKET_CAP":241181500,"PE_TTM":-1.856928013848,"PB_TTM":0.214222903765,"REPORT_DATE_SQ":"2020-06-30 00:00:00","REPORT_TYPE_SQ":"2020年中报","OPERATE_INCOME_SQ":297588000,"DPS_HKD":0.02,"OPERATE_INCOME_QOQ_SQ":-13.220078974335,"NET_PROFIT_RATIO_SQ":-14.6534806511,"HOLDER_PROFIT_SQ":-45366000,"HOLDER_PROFIT_QOQ_SQ":-381.911690918214,"ROE_AVG_SQ":-2.532071595237,"PE_TTM_SQ":-0.561715517337,"PB_TTM_SQ":0.115660954124,"ROA_SQ":-2.110807384057,"START_DATE":"2021-01-01 00:00:00","FISCAL_YEAR":"12-31","CURRENCY":"HKD","IS_CNY_CODE":0,"DPS_HKD_LY":null,"ORG_TYPE":"一般企业","PREMIUM_INCOME":null,"PREMIUM_INCOME_YOY":null,"NET_INTEREST_INCOME":null,"NET_INTEREST_INCOME_YOY":null,"FEE_COMMISSION_INCOME":null,"FEE_COMMISSION_INCOME_YOY":null,"ACCOUNTS_RECE_TDAYS":1.948542323212,"INVENTORY_TDAYS":0.136994199023,"CURRENT_ASSETS_TDAYS":0.132264603406,"TOTAL_ASSETS_TDAYS":0.086914754698,"PREMIUM_EXPENSE":null,"LOAN_DEPOSIT":null,"LOAN_EQUITY":null,"LOAN_ASSETS":null,"DEPOSIT_EQUITY":null,"DEPOSIT_ASSETS":null,"EQUITY_MULTIPLIER":1.17049650004,"EQUITY_RATIO":0.170713390485},{"SECUCODE":"01146.HK","SECURITY_CODE":"01146","SECURITY_NAME_ABBR":"汇成国际控股","ORG_CODE":"10160378","STD_REPORT_DATE":"2020-12-31 00:00:00","REPORT_DATE":"2020-12-31 00:00:00","DATE_TYPE_CODE":"001","REPORT_TYPE":"2020年年报","PER_NETCASH_OPERATE":0.03694379544,"PER_OI":0.211222046467,"BPS":0.480544195969,"BASIC_EPS":-0.0368,"DILUTED_EPS":-0.0368,"OPERATE_INCOME":727755000,"OPERATE_INCOME_YOY":-11.113567439,"GROSS_PROFIT":477066000,"GROSS_PROFIT_YOY":-25.224296077091,"HOLDER_PROFIT":-122154000,"HOLDER_PROFIT_YOY":-712.9152032112,"GROSS_PROFIT_RATIO":65.553105097182,"EPS_TTM":-0.035453714319,"OPERATE_INCOME_QOQ":2.427418129001,"NET_PROFIT_RATIO":-16.4415222156,"ROE_AVG":-7.042902353342,"GROSS_PROFIT_QOQ":-8.304149768389,"ROA":-5.840265483129,"HOLDER_PROFIT_QOQ":-117.413900507253,"ROE_YEARLY":-7.042902353342,"ROIC_YEARLY":-7.52086718331,"TOTAL_ASSETS":1984611000,"TOTAL_LIABILITIES":326850000,"TAX_EBT":-83.524034479585,"OCF_SALES":17.490501611119,"TOTAL_PARENT_EQUITY":1655691000,"DEBT_ASSET_RATIO":16.469222432,"OPERATE_PROFIT":-76257000,"PRETAX_PROFIT":-65198000,"NETCASH_OPERATE":127288000,"NETCASH_INVEST":139446000,"NETCASH_FINANCE":-65052000,"END_CASH":271293000,"DIVI_RATIO":-0.511213009644,"DIVIDEND_RATE":28.571428571429,"CURRENT_RATIO":4.419900743409,"COMMON_ACS":1000000000000,"CURRENTDEBT_DEBT":90.376625363317,"ISSUED_COMMON_SHARES":3445450000,"HK_COMMON_SHARES":3445450000,"PER_SHARES":2000,"TOTAL_MARKET_CAP":241181500,"HKSK_MARKET_CAP":241181500,"PE_TTM":-1.856928013848,"PB_TTM":0.214222903765,"REPORT_DATE_SQ":"2019-12-31 00:00:00","REPORT_TYPE_SQ":"2019年年报","OPERATE_INCOME_SQ":818747000,"DPS_HKD":0.02,"OPERATE_INCOME_QOQ_SQ":-4.620074882981,"NET_PROFIT_RATIO_SQ":2.4067263758,"HOLDER_PROFIT_SQ":19930000,"HOLDER_PROFIT_QOQ_SQ":-40.951647309789,"ROE_AVG_SQ":1.109781501674,"PE_TTM_SQ":-0.561715517337,"PB_TTM_SQ":0.115660954124,"ROA_SQ":0.918628123618,"START_DATE":"2020-01-01 00:00:00","FISCAL_YEAR":"12-31","CURRENCY":"HKD","IS_CNY_CODE":0,"DPS_HKD_LY":null,"ORG_TYPE":"一般企业","PREMIUM_INCOME":null,"PREMIUM_INCOME_YOY":null,"NET_INTEREST_INCOME":null,"NET_INTEREST_INCOME_YOY":null,"FEE_COMMISSION_INCOME":null,"FEE_COMMISSION_INCOME_YOY":null,"ACCOUNTS_RECE_TDAYS":6.188708607582,"INVENTORY_TDAYS":0.616314489066,"CURRENT_ASSETS_TDAYS":0.545983867047,"TOTAL_ASSETS_TDAYS":0.347944595075,"PREMIUM_EXPENSE":null,"LOAN_DEPOSIT":null,"LOAN_EQUITY":null,"LOAN_ASSETS":null,"DEPOSIT_EQUITY":null,"DEPOSIT_ASSETS":null,"EQUITY_MULTIPLIER":1.197163523572,"EQUITY_RATIO":0.197410023972},{"SECUCODE":"01146.HK","SECURITY_CODE":"01146","SECURITY_NAME_ABBR":"汇成国际控股","ORG_CODE":"10160378","STD_REPORT_DATE":"2020-06-30 00:00:00","REPORT_DATE":"2020-06-30 00:00:00","DATE_TYPE_CODE":"002","REPORT_TYPE":"2020年中报","PER_NETCASH_OPERATE":0.019458125934,"PER_OI":0.086371301281,"BPS":0.513763949557,"BASIC_EPS":-0.0137,"DILUTED_EPS":-0.0137,"OPERATE_INCOME":297588000,"OPERATE_INCOME_YOY":-26.6712170457,"GROSS_PROFIT":200379000,"GROSS_PROFIT_YOY":-37.008534917716,"HOLDER_PROFIT":-45366000,"HOLDER_PROFIT_YOY":-247.5365052522,"GROSS_PROFIT_RATIO":67.334368321303,"EPS_TTM":-0.016307013598,"OPERATE_INCOME_QOQ":-13.220078974335,"NET_PROFIT_RATIO":-14.6534806511,"ROE_AVG":-2.532071595237,"GROSS_PROFIT_QOQ":-18.452466786626,"ROA":-2.110807384057,"HOLDER_PROFIT_QOQ":-381.911690918214,"ROE_YEARLY":-5.064143190474,"ROIC_YEARLY":-5.401847709118,"TOTAL_ASSETS":2099895000,"TOTAL_LIABILITIES":328418000,"TAX_EBT":-71.209265802905,"OCF_SALES":22.528462169174,"TOTAL_PARENT_EQUITY":1770148000,"DEBT_ASSET_RATIO":15.6397343677,"OPERATE_PROFIT":-33906000,"PRETAX_PROFIT":-25470000,"NETCASH_OPERATE":67042000,"NETCASH_INVEST":-21266000,"NETCASH_FINANCE":-34194000,"END_CASH":108261000,"DIVI_RATIO":-1.111448144167,"DIVIDEND_RATE":28.571428571429,"CURRENT_RATIO":4.396043065112,"COMMON_ACS":1000000000000,"CURRENTDEBT_DEBT":90.586691350657,"ISSUED_COMMON_SHARES":3445450000,"HK_COMMON_SHARES":3445450000,"PER_SHARES":2000,"TOTAL_MARKET_CAP":241181500,"HKSK_MARKET_CAP":241181500,"PE_TTM":-1.856928013848,"PB_TTM":0.214222903765,"REPORT_DATE_SQ":"2019-06-30 00:00:00","REPORT_TYPE_SQ":"2019年中报","OPERATE_INCOME_SQ":405827000,"DPS_HKD":0.02,"OPERATE_INCOME_QOQ_SQ":-4.440523436065,"NET_PROFIT_RATIO_SQ":7.5283310376,"HOLDER_PROFIT_SQ":30749000,"HOLDER_PROFIT_QOQ_SQ":-43.913989930042,"ROE_AVG_SQ":1.708702580225,"PE_TTM_SQ":-0.561715517337,"PB_TTM_SQ":0.115660954124,"ROA_SQ":1.431893996351,"START_DATE":"2020-01-01 00:00:00","FISCAL_YEAR":"12-31","CURRENCY":"HKD","IS_CNY_CODE":0,"DPS_HKD_LY":null,"ORG_TYPE":"一般企业","PREMIUM_INCOME":null,"PREMIUM_INCOME_YOY":null,"NET_INTEREST_INCOME":null,"NET_INTEREST_INCOME_YOY":null,"FEE_COMMISSION_INCOME":null,"FEE_COMMISSION_INCOME_YOY":null,"ACCOUNTS_RECE_TDAYS":3.328445600201,"INVENTORY_TDAYS":0.225890144363,"CURRENT_ASSETS_TDAYS":0.223074192776,"TOTAL_ASSETS_TDAYS":0.138462934314,"PREMIUM_EXPENSE":null,"LOAN_DEPOSIT":null,"LOAN_EQUITY":null,"LOAN_ASSETS":null,"DEPOSIT_EQUITY":null,"DEPOSIT_ASSETS":null,"EQUITY_MULTIPLIER":1.185392189682,"EQUITY_RATIO":0.185531379297}],"count":31},"success":true,"message":"ok","code":0}