{"version":"eacd8bcdfec6bf7875c0e24eeb0fcfe2","result":{"pages":5,"data":[{"SECUCODE":"01141.HK","SECURITY_CODE":"01141","SECURITY_NAME_ABBR":"民银资本","ORG_CODE":"10010513","STD_REPORT_DATE":"2024-06-30 00:00:00","REPORT_DATE":"2024-06-30 00:00:00","DATE_TYPE_CODE":"002","REPORT_TYPE":"2024年中报","PER_NETCASH_OPERATE":0.717661274349,"PER_OI":0.129054121026,"BPS":1.153973580267,"BASIC_EPS":0.065347888,"DILUTED_EPS":0.065347888,"OPERATE_INCOME":142992313.64,"OPERATE_INCOME_YOY":-40.9264866128,"GROSS_PROFIT":142992313.64,"GROSS_PROFIT_YOY":-41.522360356857,"HOLDER_PROFIT":72715953.64,"HOLDER_PROFIT_YOY":131.8054618544,"GROSS_PROFIT_RATIO":null,"EPS_TTM":-0.194008804363,"OPERATE_INCOME_QOQ":-22.684932887188,"NET_PROFIT_RATIO":50.8530506214,"ROE_AVG":6.029945000677,"GROSS_PROFIT_QOQ":-22.684932887188,"ROA":1.874915797283,"HOLDER_PROFIT_QOQ":58.552311684099,"ROE_YEARLY":12.059890001355,"ROIC_YEARLY":4.10932338234,"TOTAL_ASSETS":3595306633.8,"TOTAL_LIABILITIES":2326794606.12,"TAX_EBT":22.093148327417,"OCF_SALES":556.093264314847,"TOTAL_PARENT_EQUITY":1268512027.68,"DEBT_ASSET_RATIO":64.7175566124,"OPERATE_PROFIT":146431291.88,"PRETAX_PROFIT":93337045.56,"NETCASH_OPERATE":795170624.64,"NETCASH_INVEST":-198051.56,"NETCASH_FINANCE":-913218481.2,"END_CASH":280551443.24,"DIVI_RATIO":null,"DIVIDEND_RATE":null,"CURRENT_RATIO":1.539390673977,"COMMON_ACS":2500000000,"CURRENTDEBT_DEBT":97.844676942774,"ISSUED_COMMON_SHARES":1099255693,"HK_COMMON_SHARES":1099255693,"PER_SHARES":1000,"TOTAL_MARKET_CAP":478176226.455,"HKSK_MARKET_CAP":478176226.455,"PE_TTM":-1.974857624994,"PB_TTM":0.344042365258,"REPORT_DATE_SQ":"2023-06-30 00:00:00","REPORT_TYPE_SQ":"2023年中报","OPERATE_INCOME_SQ":244524769.66,"DPS_HKD":null,"OPERATE_INCOME_QOQ_SQ":-15.655241289053,"NET_PROFIT_RATIO_SQ":-94.4513360757,"HOLDER_PROFIT_SQ":-230956911.98,"HOLDER_PROFIT_QOQ_SQ":1.873960976556,"ROE_AVG_SQ":-16.266589176105,"PE_TTM_SQ":-0.835780126087,"PB_TTM_SQ":0.230587811702,"ROA_SQ":-2.705712735896,"START_DATE":"2024-01-01 00:00:00","FISCAL_YEAR":"12-31","CURRENCY":"HKD","IS_CNY_CODE":0,"DPS_HKD_LY":null,"ORG_TYPE":"一般企业","PREMIUM_INCOME":null,"PREMIUM_INCOME_YOY":null,"NET_INTEREST_INCOME":null,"NET_INTEREST_INCOME_YOY":null,"FEE_COMMISSION_INCOME":null,"FEE_COMMISSION_INCOME_YOY":null,"ACCOUNTS_RECE_TDAYS":1.847864034157,"INVENTORY_TDAYS":null,"CURRENT_ASSETS_TDAYS":0.037817580916,"TOTAL_ASSETS_TDAYS":0.036869288555,"PREMIUM_EXPENSE":null,"LOAN_DEPOSIT":null,"LOAN_EQUITY":null,"LOAN_ASSETS":null,"DEPOSIT_EQUITY":null,"DEPOSIT_ASSETS":null,"EQUITY_MULTIPLIER":2.834270827035,"EQUITY_RATIO":1.834270827038},{"SECUCODE":"01141.HK","SECURITY_CODE":"01141","SECURITY_NAME_ABBR":"民银资本","ORG_CODE":"10010513","STD_REPORT_DATE":"2023-12-31 00:00:00","REPORT_DATE":"2023-12-31 00:00:00","DATE_TYPE_CODE":"001","REPORT_TYPE":"2023年年报","PER_NETCASH_OPERATE":1.913579696907,"PER_OI":0.399849863971,"BPS":1.032720243042,"BASIC_EPS":-0.462534688,"DILUTED_EPS":-0.462534688,"OPERATE_INCOME":447576620.68,"OPERATE_INCOME_YOY":-38.415748004,"GROSS_PROFIT":447576620.68,"GROSS_PROFIT_YOY":-37.52294284616,"HOLDER_PROFIT":-518635143.32,"HOLDER_PROFIT_YOY":-31.0833560469,"GROSS_PROFIT_RATIO":null,"EPS_TTM":-0.463331152534,"OPERATE_INCOME_QOQ":-25.926568397746,"NET_PROFIT_RATIO":-115.8762811453,"ROE_AVG":-40.132816280162,"GROSS_PROFIT_QOQ":-25.926568397746,"ROA":-7.427940613699,"HOLDER_PROFIT_QOQ":-35.523365298988,"ROE_YEARLY":-40.132816280162,"ROIC_YEARLY":-8.181300756001,"TOTAL_ASSETS":4131955401,"TOTAL_LIABILITIES":2996731794.56,"TAX_EBT":-2.017875668912,"OCF_SALES":478.574552434328,"TOTAL_PARENT_EQUITY":1135223606.44,"DEBT_ASSET_RATIO":72.525753638,"OPERATE_PROFIT":-272584632.46,"PRETAX_PROFIT":-508376732.92,"NETCASH_OPERATE":2141987809.22,"NETCASH_INVEST":-3255142.24,"NETCASH_FINANCE":-2633537849.18,"END_CASH":395204354.44,"DIVI_RATIO":null,"DIVIDEND_RATE":null,"CURRENT_RATIO":1.364931085268,"COMMON_ACS":2500000000,"CURRENTDEBT_DEBT":98.496846543899,"ISSUED_COMMON_SHARES":1099255693,"HK_COMMON_SHARES":1099255693,"PER_SHARES":1000,"TOTAL_MARKET_CAP":483672504.92,"HKSK_MARKET_CAP":483672504.92,"PE_TTM":-1.997557137925,"PB_TTM":0.347996875203,"REPORT_DATE_SQ":"2022-12-31 00:00:00","REPORT_TYPE_SQ":"2022年年报","OPERATE_INCOME_SQ":716385567.87,"DPS_HKD":null,"OPERATE_INCOME_QOQ_SQ":1.595201072414,"NET_PROFIT_RATIO_SQ":-54.4398183997,"HOLDER_PROFIT_SQ":-389999002.19,"HOLDER_PROFIT_QOQ_SQ":-132.666401599736,"ROE_AVG_SQ":-20.050125658574,"PE_TTM_SQ":-0.79467618546,"PB_TTM_SQ":0.21924742752,"ROA_SQ":-3.439761298149,"START_DATE":"2023-01-01 00:00:00","FISCAL_YEAR":"12-31","CURRENCY":"HKD","IS_CNY_CODE":0,"DPS_HKD_LY":null,"ORG_TYPE":"一般企业","PREMIUM_INCOME":null,"PREMIUM_INCOME_YOY":null,"NET_INTEREST_INCOME":null,"NET_INTEREST_INCOME_YOY":null,"FEE_COMMISSION_INCOME":null,"FEE_COMMISSION_INCOME_YOY":null,"ACCOUNTS_RECE_TDAYS":3.109605643823,"INVENTORY_TDAYS":null,"CURRENT_ASSETS_TDAYS":0.065050739601,"TOTAL_ASSETS_TDAYS":0.064102338635,"PREMIUM_EXPENSE":null,"LOAN_DEPOSIT":null,"LOAN_EQUITY":null,"LOAN_ASSETS":null,"DEPOSIT_EQUITY":null,"DEPOSIT_ASSETS":null,"EQUITY_MULTIPLIER":3.639772268269,"EQUITY_RATIO":2.639772268265},{"SECUCODE":"01141.HK","SECURITY_CODE":"01141","SECURITY_NAME_ABBR":"民银资本","ORG_CODE":"10010513","STD_REPORT_DATE":"2023-06-30 00:00:00","REPORT_DATE":"2023-06-30 00:00:00","DATE_TYPE_CODE":"002","REPORT_TYPE":"2023年中报","PER_NETCASH_OPERATE":1.546005982463,"PER_OI":0.217965131417,"BPS":1.241814448588,"BASIC_EPS":-0.205785936,"DILUTED_EPS":-0.205785936,"OPERATE_INCOME":244524769.66,"OPERATE_INCOME_YOY":-36.4099330333,"GROSS_PROFIT":244524769.66,"GROSS_PROFIT_YOY":-31.443574010509,"HOLDER_PROFIT":-230956911.98,"HOLDER_PROFIT_YOY":10.0893360277,"GROSS_PROFIT_RATIO":null,"EPS_TTM":-0.341123728158,"OPERATE_INCOME_QOQ":-15.655241289053,"NET_PROFIT_RATIO":-94.4513360757,"ROE_AVG":-16.266589176105,"GROSS_PROFIT_QOQ":-15.655241289053,"ROA":-2.705712735896,"HOLDER_PROFIT_QOQ":1.873960976556,"ROE_YEARLY":-32.533178352211,"ROIC_YEARLY":-5.923982716702,"TOTAL_ASSETS":7068318180.9,"TOTAL_LIABILITIES":5703246578.64,"TAX_EBT":-5.665860994057,"OCF_SALES":709.290505510582,"TOTAL_PARENT_EQUITY":1365071602.26,"DEBT_ASSET_RATIO":80.6874624582,"OPERATE_PROFIT":-80686157.72,"PRETAX_PROFIT":-218572876.62,"NETCASH_OPERATE":1734390974.82,"NETCASH_INVEST":-1902966.72,"NETCASH_FINANCE":-2069059573.04,"END_CASH":570917675.4,"DIVI_RATIO":null,"DIVIDEND_RATE":null,"CURRENT_RATIO":1.236874821304,"COMMON_ACS":2500000000,"CURRENTDEBT_DEBT":98.890422492042,"ISSUED_COMMON_SHARES":1099255693,"HK_COMMON_SHARES":1099255693,"PER_SHARES":1000,"TOTAL_MARKET_CAP":483672504.92,"HKSK_MARKET_CAP":483672504.92,"PE_TTM":-1.997557137925,"PB_TTM":0.347996875203,"REPORT_DATE_SQ":"2022-06-30 00:00:00","REPORT_TYPE_SQ":"2022年中报","OPERATE_INCOME_SQ":356676658.87,"DPS_HKD":null,"OPERATE_INCOME_QOQ_SQ":-3.677598490333,"NET_PROFIT_RATIO_SQ":-66.8014951819,"HOLDER_PROFIT_SQ":-238265341.09,"HOLDER_PROFIT_QOQ_SQ":-170.414677686623,"ROE_AVG_SQ":-12.198687138577,"PE_TTM_SQ":-0.79467618546,"PB_TTM_SQ":0.21924742752,"ROA_SQ":-1.882691209612,"START_DATE":"2023-01-01 00:00:00","FISCAL_YEAR":"12-31","CURRENCY":"HKD","IS_CNY_CODE":0,"DPS_HKD_LY":null,"ORG_TYPE":"一般企业","PREMIUM_INCOME":null,"PREMIUM_INCOME_YOY":null,"NET_INTEREST_INCOME":null,"NET_INTEREST_INCOME_YOY":null,"FEE_COMMISSION_INCOME":null,"FEE_COMMISSION_INCOME_YOY":null,"ACCOUNTS_RECE_TDAYS":1.536051754444,"INVENTORY_TDAYS":null,"CURRENT_ASSETS_TDAYS":0.028976975652,"TOTAL_ASSETS_TDAYS":0.028646632735,"PREMIUM_EXPENSE":null,"LOAN_DEPOSIT":null,"LOAN_EQUITY":null,"LOAN_ASSETS":null,"DEPOSIT_EQUITY":null,"DEPOSIT_ASSETS":null,"EQUITY_MULTIPLIER":5.177983461964,"EQUITY_RATIO":4.177983461965},{"SECUCODE":"01141.HK","SECURITY_CODE":"01141","SECURITY_NAME_ABBR":"民银资本","ORG_CODE":"10010513","STD_REPORT_DATE":"2022-12-31 00:00:00","REPORT_DATE":"2022-12-31 00:00:00","DATE_TYPE_CODE":"001","REPORT_TYPE":"2022年年报","PER_NETCASH_OPERATE":0.455051775307,"PER_OI":0.63754389751,"BPS":1.299659878732,"BASIC_EPS":-0.339085292,"DILUTED_EPS":-0.339085292,"OPERATE_INCOME":716385567.87,"OPERATE_INCOME_YOY":-10.4308134236,"GROSS_PROFIT":716385567.87,"GROSS_PROFIT_YOY":-2.141062508476,"HOLDER_PROFIT":-389999002.19,"HOLDER_PROFIT_YOY":-249.9529461869,"GROSS_PROFIT_RATIO":null,"EPS_TTM":-0.347077740023,"OPERATE_INCOME_QOQ":1.595201072414,"NET_PROFIT_RATIO":-54.4398183997,"ROE_AVG":-20.050125658574,"GROSS_PROFIT_QOQ":1.595201072414,"ROA":-3.439761298149,"HOLDER_PROFIT_QOQ":-132.666401599736,"ROE_YEARLY":-20.050125658574,"ROIC_YEARLY":-3.69487455345,"TOTAL_ASSETS":9691976820.19,"TOTAL_LIABILITIES":8263318299.53,"TAX_EBT":-1.342577870213,"OCF_SALES":71.375755784738,"TOTAL_PARENT_EQUITY":1428658520.66,"DEBT_ASSET_RATIO":85.2593691961,"OPERATE_PROFIT":-147125142.08,"PRETAX_PROFIT":-384832328.51,"NETCASH_OPERATE":511325613.4,"NETCASH_INVEST":-465393.67,"NETCASH_FINANCE":-313857560.66,"END_CASH":877957565.66,"DIVI_RATIO":null,"DIVIDEND_RATE":null,"CURRENT_RATIO":1.170614365018,"COMMON_ACS":2500000000,"CURRENTDEBT_DEBT":99.170565406347,"ISSUED_COMMON_SHARES":1099255693,"HK_COMMON_SHARES":1099255693,"PER_SHARES":1000,"TOTAL_MARKET_CAP":483672504.92,"HKSK_MARKET_CAP":483672504.92,"PE_TTM":-1.997557137925,"PB_TTM":0.347996875203,"REPORT_DATE_SQ":"2021-12-31 00:00:00","REPORT_TYPE_SQ":"2021年年报","OPERATE_INCOME_SQ":732059417.6,"DPS_HKD":null,"OPERATE_INCOME_QOQ_SQ":-6.532598788223,"NET_PROFIT_RATIO_SQ":32.5177355658,"HOLDER_PROFIT_SQ":238049145.6,"HOLDER_PROFIT_QOQ_SQ":-31.442666194562,"ROE_AVG_SQ":10.872823449562,"PE_TTM_SQ":-0.79467618546,"PB_TTM_SQ":0.21924742752,"ROA_SQ":2.265760484909,"START_DATE":"2022-01-01 00:00:00","FISCAL_YEAR":"12-31","CURRENCY":"HKD","IS_CNY_CODE":0,"DPS_HKD_LY":0.0748,"ORG_TYPE":"一般企业","PREMIUM_INCOME":null,"PREMIUM_INCOME_YOY":null,"NET_INTEREST_INCOME":null,"NET_INTEREST_INCOME_YOY":null,"FEE_COMMISSION_INCOME":null,"FEE_COMMISSION_INCOME_YOY":null,"ACCOUNTS_RECE_TDAYS":3.757688919709,"INVENTORY_TDAYS":null,"CURRENT_ASSETS_TDAYS":0.063789815691,"TOTAL_ASSETS_TDAYS":0.063184657834,"PREMIUM_EXPENSE":null,"LOAN_DEPOSIT":null,"LOAN_EQUITY":null,"LOAN_ASSETS":null,"DEPOSIT_EQUITY":null,"DEPOSIT_ASSETS":null,"EQUITY_MULTIPLIER":6.783970193022,"EQUITY_RATIO":5.78397019304},{"SECUCODE":"01141.HK","SECURITY_CODE":"01141","SECURITY_NAME_ABBR":"民银资本","ORG_CODE":"10010513","STD_REPORT_DATE":"2022-06-30 00:00:00","REPORT_DATE":"2022-06-30 00:00:00","DATE_TYPE_CODE":"002","REPORT_TYPE":"2022年中报","PER_NETCASH_OPERATE":-1.210499986087,"PER_OI":0.311774384221,"BPS":1.409831275461,"BASIC_EPS":-0.204646967,"DILUTED_EPS":-0.204646967,"OPERATE_INCOME":356676658.87,"OPERATE_INCOME_YOY":-9.5309883474,"GROSS_PROFIT":356676658.87,"GROSS_PROFIT_YOY":-7.018322667041,"HOLDER_PROFIT":-238265341.09,"HOLDER_PROFIT_YOY":-238.4822231832,"GROSS_PROFIT_RATIO":null,"EPS_TTM":-0.146519545596,"OPERATE_INCOME_QOQ":-3.677598490333,"NET_PROFIT_RATIO":-66.8014951819,"ROE_AVG":-12.198687138577,"GROSS_PROFIT_QOQ":-3.677598490333,"ROA":-1.882691209612,"HOLDER_PROFIT_QOQ":-170.414677686623,"ROE_YEARLY":-24.397374277155,"ROIC_YEARLY":-3.989176242931,"TOTAL_ASSETS":12880691334.91,"TOTAL_LIABILITIES":11330926279.19,"TAX_EBT":-1.221071752952,"OCF_SALES":-388.26152735852,"TOTAL_PARENT_EQUITY":1549765055.72,"DEBT_ASSET_RATIO":87.9683084128,"OPERATE_PROFIT":-144100370.19,"PRETAX_PROFIT":-235391047.5,"NETCASH_OPERATE":-1384838243.46,"NETCASH_INVEST":-165906.86,"NETCASH_FINANCE":1468017443.62,"END_CASH":761572350.7,"DIVI_RATIO":null,"DIVIDEND_RATE":null,"CURRENT_RATIO":1.135437477185,"COMMON_ACS":2500000000,"CURRENTDEBT_DEBT":99.326855201149,"ISSUED_COMMON_SHARES":1099255693,"HK_COMMON_SHARES":1099255693,"PER_SHARES":1000,"TOTAL_MARKET_CAP":483672504.92,"HKSK_MARKET_CAP":483672504.92,"PE_TTM":-1.997557137925,"PB_TTM":0.347996875203,"REPORT_DATE_SQ":"2021-06-30 00:00:00","REPORT_TYPE_SQ":"2021年中报","OPERATE_INCOME_SQ":383598864.96,"DPS_HKD":null,"OPERATE_INCOME_QOQ_SQ":-8.692432414325,"NET_PROFIT_RATIO_SQ":43.6407295255,"HOLDER_PROFIT_SQ":167405343.12,"HOLDER_PROFIT_QOQ_SQ":4.91817821992,"ROE_AVG_SQ":7.537525780534,"PE_TTM_SQ":-0.79467618546,"PB_TTM_SQ":0.21924742752,"ROA_SQ":1.567652725054,"START_DATE":"2022-01-01 00:00:00","FISCAL_YEAR":"12-31","CURRENCY":"HKD","IS_CNY_CODE":0,"DPS_HKD_LY":0.0748,"ORG_TYPE":"一般企业","PREMIUM_INCOME":null,"PREMIUM_INCOME_YOY":null,"NET_INTEREST_INCOME":null,"NET_INTEREST_INCOME_YOY":null,"FEE_COMMISSION_INCOME":null,"FEE_COMMISSION_INCOME_YOY":null,"ACCOUNTS_RECE_TDAYS":2.109054959836,"INVENTORY_TDAYS":null,"CURRENT_ASSETS_TDAYS":0.028422393376,"TOTAL_ASSETS_TDAYS":0.028183369317,"PREMIUM_EXPENSE":null,"LOAN_DEPOSIT":null,"LOAN_EQUITY":null,"LOAN_ASSETS":null,"DEPOSIT_EQUITY":null,"DEPOSIT_ASSETS":null,"EQUITY_MULTIPLIER":8.311383256066,"EQUITY_RATIO":7.311383256042},{"SECUCODE":"01141.HK","SECURITY_CODE":"01141","SECURITY_NAME_ABBR":"民银资本","ORG_CODE":"10010513","STD_REPORT_DATE":"2021-12-31 00:00:00","REPORT_DATE":"2021-12-31 00:00:00","DATE_TYPE_CODE":"001","REPORT_TYPE":"2021年年报","PER_NETCASH_OPERATE":0.153670694176,"PER_OI":0.623312199455,"BPS":2.049621286064,"BASIC_EPS":0.2007208,"DILUTED_EPS":0.2007208,"OPERATE_INCOME":732059417.6,"OPERATE_INCOME_YOY":-12.1478436201,"GROSS_PROFIT":732059417.6,"GROSS_PROFIT_YOY":-14.657189467982,"HOLDER_PROFIT":238049145.6,"HOLDER_PROFIT_YOY":-25.9559534103,"GROSS_PROFIT_RATIO":null,"EPS_TTM":0.202687012768,"OPERATE_INCOME_QOQ":-6.532598788223,"NET_PROFIT_RATIO":32.5177355658,"ROE_AVG":10.872823449562,"GROSS_PROFIT_QOQ":-6.532598788223,"ROA":2.265760484909,"HOLDER_PROFIT_QOQ":-31.442666194562,"ROE_YEARLY":10.872823449562,"ROIC_YEARLY":2.371704836969,"TOTAL_ASSETS":11884070273.6,"TOTAL_LIABILITIES":9631012406.4,"TAX_EBT":0.888124861709,"OCF_SALES":24.653888422294,"TOTAL_PARENT_EQUITY":2253057867.2,"DEBT_ASSET_RATIO":81.0413619633,"OPERATE_PROFIT":382794596.8,"PRETAX_PROFIT":240182264,"NETCASH_OPERATE":180481112,"NETCASH_INVEST":-793072,"NETCASH_FINANCE":139592936,"END_CASH":629449800,"DIVI_RATIO":null,"DIVIDEND_RATE":null,"CURRENT_RATIO":1.234692162466,"COMMON_ACS":2500000000,"CURRENTDEBT_DEBT":99.045495039141,"ISSUED_COMMON_SHARES":1099255693,"HK_COMMON_SHARES":1099255693,"PER_SHARES":1000,"TOTAL_MARKET_CAP":483672504.92,"HKSK_MARKET_CAP":483672504.92,"PE_TTM":-1.997557137925,"PB_TTM":0.347996875203,"REPORT_DATE_SQ":"2020-12-31 00:00:00","REPORT_TYPE_SQ":"2020年年报","OPERATE_INCOME_SQ":857786863.4,"DPS_HKD":null,"OPERATE_INCOME_QOQ_SQ":-8.896225174894,"NET_PROFIT_RATIO_SQ":38.5818080133,"HOLDER_PROFIT_SQ":330949680.8,"HOLDER_PROFIT_QOQ_SQ":-2.251687475715,"ROE_AVG_SQ":16.3087015479,"PE_TTM_SQ":-0.79467618546,"PB_TTM_SQ":0.21924742752,"ROA_SQ":3.448539718128,"START_DATE":"2021-01-01 00:00:00","FISCAL_YEAR":"12-31","CURRENCY":"HKD","IS_CNY_CODE":0,"DPS_HKD_LY":0.0033,"ORG_TYPE":"一般企业","PREMIUM_INCOME":null,"PREMIUM_INCOME_YOY":null,"NET_INTEREST_INCOME":null,"NET_INTEREST_INCOME_YOY":null,"FEE_COMMISSION_INCOME":null,"FEE_COMMISSION_INCOME_YOY":null,"ACCOUNTS_RECE_TDAYS":2.498143919156,"INVENTORY_TDAYS":null,"CURRENT_ASSETS_TDAYS":0.07061202965,"TOTAL_ASSETS_TDAYS":0.069677683439,"PREMIUM_EXPENSE":null,"LOAN_DEPOSIT":null,"LOAN_EQUITY":null,"LOAN_ASSETS":null,"DEPOSIT_EQUITY":null,"DEPOSIT_ASSETS":null,"EQUITY_MULTIPLIER":5.274640499303,"EQUITY_RATIO":4.2746404993},{"SECUCODE":"01141.HK","SECURITY_CODE":"01141","SECURITY_NAME_ABBR":"民银资本","ORG_CODE":"10010513","STD_REPORT_DATE":"2021-06-30 00:00:00","REPORT_DATE":"2021-06-30 00:00:00","DATE_TYPE_CODE":"002","REPORT_TYPE":"2021年中报","PER_NETCASH_OPERATE":-0.009932753682,"PER_OI":0.008066643015,"BPS":2.072799138062,"BASIC_EPS":0.140704728,"DILUTED_EPS":0.140704728,"OPERATE_INCOME":383598864.96,"OPERATE_INCOME_YOY":-8.0876752968,"GROSS_PROFIT":383598864.96,"GROSS_PROFIT_YOY":-16.274295915365,"HOLDER_PROFIT":167405343.12,"HOLDER_PROFIT_YOY":21.601087942,"GROSS_PROFIT_RATIO":null,"EPS_TTM":0.007301771397,"OPERATE_INCOME_QOQ":-8.692432414325,"NET_PROFIT_RATIO":43.6407295255,"ROE_AVG":7.537525780534,"GROSS_PROFIT_QOQ":-8.692432414325,"ROA":1.567652725054,"HOLDER_PROFIT_QOQ":4.91817821992,"ROE_YEARLY":15.075051561069,"ROIC_YEARLY":3.305186646267,"TOTAL_ASSETS":12067113723.84,"TOTAL_LIABILITIES":9788577470.88,"TAX_EBT":13.951190720591,"OCF_SALES":-123.133671140881,"TOTAL_PARENT_EQUITY":2278536252.96,"DEBT_ASSET_RATIO":81.1178024414,"OPERATE_PROFIT":270997638.96,"PRETAX_PROFIT":194546960.64,"NETCASH_OPERATE":-472339364.88,"NETCASH_INVEST":-330335.76,"NETCASH_FINANCE":941944514.88,"END_CASH":783070488,"DIVI_RATIO":null,"DIVIDEND_RATE":null,"CURRENT_RATIO":1.223349092684,"COMMON_ACS":2500000000,"CURRENTDEBT_DEBT":98.962860037406,"ISSUED_COMMON_SHARES":1099255693,"HK_COMMON_SHARES":1099255693,"PER_SHARES":1000,"TOTAL_MARKET_CAP":483672504.92,"HKSK_MARKET_CAP":483672504.92,"PE_TTM":-1.997557137925,"PB_TTM":0.347996875203,"REPORT_DATE_SQ":"2020-06-30 00:00:00","REPORT_TYPE_SQ":"2020年中报","OPERATE_INCOME_SQ":458161408.32,"DPS_HKD":null,"OPERATE_INCOME_QOQ_SQ":7.398845421478,"NET_PROFIT_RATIO_SQ":32.9858965106,"HOLDER_PROFIT_SQ":151128648,"HOLDER_PROFIT_QOQ_SQ":5.913132747146,"ROE_AVG_SQ":7.638204410261,"PE_TTM_SQ":-0.79467618546,"PB_TTM_SQ":0.21924742752,"ROA_SQ":1.340819827245,"START_DATE":"2021-01-01 00:00:00","FISCAL_YEAR":"12-31","CURRENCY":"HKD","IS_CNY_CODE":0,"DPS_HKD_LY":0.0033,"ORG_TYPE":"一般企业","PREMIUM_INCOME":null,"PREMIUM_INCOME_YOY":null,"NET_INTEREST_INCOME":null,"NET_INTEREST_INCOME_YOY":null,"FEE_COMMISSION_INCOME":null,"FEE_COMMISSION_INCOME_YOY":null,"ACCOUNTS_RECE_TDAYS":0.461223701679,"INVENTORY_TDAYS":null,"CURRENT_ASSETS_TDAYS":0.03659222103,"TOTAL_ASSETS_TDAYS":0.035921780917,"PREMIUM_EXPENSE":null,"LOAN_DEPOSIT":null,"LOAN_EQUITY":null,"LOAN_ASSETS":null,"DEPOSIT_EQUITY":null,"DEPOSIT_ASSETS":null,"EQUITY_MULTIPLIER":5.29599373641,"EQUITY_RATIO":4.295993736402},{"SECUCODE":"01141.HK","SECURITY_CODE":"01141","SECURITY_NAME_ABBR":"民银资本","ORG_CODE":"10010513","STD_REPORT_DATE":"2020-12-31 00:00:00","REPORT_DATE":"2020-12-31 00:00:00","DATE_TYPE_CODE":"001","REPORT_TYPE":"2020年年报","PER_NETCASH_OPERATE":0.026831305456,"PER_OI":0.018007405534,"BPS":1.990653386154,"BASIC_EPS":0.2777412,"DILUTED_EPS":0.2777412,"OPERATE_INCOME":857786863.4,"OPERATE_INCOME_YOY":4.1384186708,"GROSS_PROFIT":857786863.4,"GROSS_PROFIT_YOY":-2.155597702453,"HOLDER_PROFIT":330949680.8,"HOLDER_PROFIT_YOY":10.1879432723,"GROSS_PROFIT_RATIO":null,"EPS_TTM":0.006947582631,"OPERATE_INCOME_QOQ":-8.896225174894,"NET_PROFIT_RATIO":38.5818080133,"ROE_AVG":16.3087015479,"GROSS_PROFIT_QOQ":-8.896225174894,"ROA":3.448539718128,"HOLDER_PROFIT_QOQ":-2.251687475715,"ROE_YEARLY":16.3087015479,"ROIC_YEARLY":3.570485373808,"TOTAL_ASSETS":9397078086.36,"TOTAL_LIABILITIES":7208841018.84,"TAX_EBT":18.953790345851,"OCF_SALES":149.001506105369,"TOTAL_PARENT_EQUITY":2188237067.52,"DEBT_ASSET_RATIO":76.7136438858,"OPERATE_PROFIT":676390719.12,"PRETAX_PROFIT":408346895.2,"NETCASH_OPERATE":1278115345.64,"NETCASH_INVEST":-405670.48,"NETCASH_FINANCE":-1290216445.56,"END_CASH":318282998.8,"DIVI_RATIO":null,"DIVIDEND_RATE":null,"CURRENT_RATIO":1.299865469777,"COMMON_ACS":2500000000,"CURRENTDEBT_DEBT":98.396015238818,"ISSUED_COMMON_SHARES":1099255693,"HK_COMMON_SHARES":1099255693,"PER_SHARES":1000,"TOTAL_MARKET_CAP":483672504.92,"HKSK_MARKET_CAP":483672504.92,"PE_TTM":-1.997557137925,"PB_TTM":0.347996875203,"REPORT_DATE_SQ":"2019-12-31 00:00:00","REPORT_TYPE_SQ":"2019年年报","OPERATE_INCOME_SQ":876684657.74,"DPS_HKD":null,"OPERATE_INCOME_QOQ_SQ":10.074324441775,"NET_PROFIT_RATIO_SQ":36.4635944427,"HOLDER_PROFIT_SQ":319670738.14,"HOLDER_PROFIT_QOQ_SQ":21.818601925915,"ROE_AVG_SQ":17.415091406989,"PE_TTM_SQ":-0.79467618546,"PB_TTM_SQ":0.21924742752,"ROA_SQ":3.232230591257,"START_DATE":"2020-01-01 00:00:00","FISCAL_YEAR":"12-31","CURRENCY":"HKD","IS_CNY_CODE":0,"DPS_HKD_LY":0.0033,"ORG_TYPE":"一般企业","PREMIUM_INCOME":null,"PREMIUM_INCOME_YOY":null,"NET_INTEREST_INCOME":null,"NET_INTEREST_INCOME_YOY":null,"FEE_COMMISSION_INCOME":null,"FEE_COMMISSION_INCOME_YOY":null,"ACCOUNTS_RECE_TDAYS":1.846250970283,"INVENTORY_TDAYS":null,"CURRENT_ASSETS_TDAYS":0.092707095208,"TOTAL_ASSETS_TDAYS":0.089382532746,"PREMIUM_EXPENSE":null,"LOAN_DEPOSIT":null,"LOAN_EQUITY":null,"LOAN_ASSETS":null,"DEPOSIT_EQUITY":null,"DEPOSIT_ASSETS":null,"EQUITY_MULTIPLIER":4.294360161357,"EQUITY_RATIO":3.294360161356},{"SECUCODE":"01141.HK","SECURITY_CODE":"01141","SECURITY_NAME_ABBR":"民银资本","ORG_CODE":"10010513","STD_REPORT_DATE":"2020-06-30 00:00:00","REPORT_DATE":"2020-06-30 00:00:00","DATE_TYPE_CODE":"002","REPORT_TYPE":"2020年中报","PER_NETCASH_OPERATE":-0.007625980682,"PER_OI":0.009613463636,"BPS":1.753269718004,"BASIC_EPS":0.00319704,"DILUTED_EPS":0.00319704,"OPERATE_INCOME":458161408.32,"OPERATE_INCOME_YOY":12.1844952259,"GROSS_PROFIT":458161408.32,"GROSS_PROFIT_YOY":16.492514516013,"HOLDER_PROFIT":151128648,"HOLDER_PROFIT_YOY":10.0688554037,"GROSS_PROFIT_RATIO":null,"EPS_TTM":0.007104182028,"OPERATE_INCOME_QOQ":7.398845421478,"NET_PROFIT_RATIO":32.9858965106,"ROE_AVG":7.638204410261,"GROSS_PROFIT_QOQ":7.398845421478,"ROA":1.340819827245,"HOLDER_PROFIT_QOQ":5.913132747146,"ROE_YEARLY":15.276408820522,"ROIC_YEARLY":2.81573491213,"TOTAL_ASSETS":11910449205.6,"TOTAL_LIABILITIES":9983157486.72,"TAX_EBT":17.34443067823,"OCF_SALES":-79.326046995682,"TOTAL_PARENT_EQUITY":1927291718.88,"DEBT_ASSET_RATIO":83.8184800119,"OPERATE_PROFIT":296142728.64,"PRETAX_PROFIT":182841457.92,"NETCASH_OPERATE":-363441334.08,"NETCASH_INVEST":-394606.08,"NETCASH_FINANCE":547550646.72,"END_CASH":549826025.76,"DIVI_RATIO":null,"DIVIDEND_RATE":null,"CURRENT_RATIO":1.152015906354,"COMMON_ACS":2500000000,"CURRENTDEBT_DEBT":98.930341394073,"ISSUED_COMMON_SHARES":1099255693,"HK_COMMON_SHARES":1099255693,"PER_SHARES":1000,"TOTAL_MARKET_CAP":483672504.92,"HKSK_MARKET_CAP":483672504.92,"PE_TTM":-1.997557137925,"PB_TTM":0.347996875203,"REPORT_DATE_SQ":"2019-06-30 00:00:00","REPORT_TYPE_SQ":"2019年中报","OPERATE_INCOME_SQ":393296865.66,"DPS_HKD":null,"OPERATE_INCOME_QOQ_SQ":14.887648176929,"NET_PROFIT_RATIO_SQ":33.6199203312,"HOLDER_PROFIT_SQ":132226092.9,"HOLDER_PROFIT_QOQ_SQ":22.144141964377,"ROE_AVG_SQ":7.505218302417,"PE_TTM_SQ":-0.79467618546,"PB_TTM_SQ":0.21924742752,"ROA_SQ":1.438176356214,"START_DATE":"2020-01-01 00:00:00","FISCAL_YEAR":"12-31","CURRENCY":"HKD","IS_CNY_CODE":0,"DPS_HKD_LY":0.0033,"ORG_TYPE":"一般企业","PREMIUM_INCOME":null,"PREMIUM_INCOME_YOY":null,"NET_INTEREST_INCOME":null,"NET_INTEREST_INCOME_YOY":null,"FEE_COMMISSION_INCOME":null,"FEE_COMMISSION_INCOME_YOY":null,"ACCOUNTS_RECE_TDAYS":0.888340637611,"INVENTORY_TDAYS":null,"CURRENT_ASSETS_TDAYS":0.042709185628,"TOTAL_ASSETS_TDAYS":0.040648276054,"PREMIUM_EXPENSE":null,"LOAN_DEPOSIT":null,"LOAN_EQUITY":null,"LOAN_ASSETS":null,"DEPOSIT_EQUITY":null,"DEPOSIT_ASSETS":null,"EQUITY_MULTIPLIER":6.179889162053,"EQUITY_RATIO":5.179889162042}],"count":44},"success":true,"message":"ok","code":0}