{"version":"f8cfe656a26ef884b6d321446912a87c","result":{"pages":4,"data":[{"SECUCODE":"01148.HK","SECURITY_CODE":"01148","SECURITY_NAME_ABBR":"新晨动力","ORG_CODE":"10328528","STD_REPORT_DATE":"2024-06-30 00:00:00","REPORT_DATE":"2024-06-30 00:00:00","DATE_TYPE_CODE":"002","REPORT_TYPE":"2024年中报","PER_NETCASH_OPERATE":0.110750034171,"PER_OI":2.042979180396,"BPS":1.35558260198,"BASIC_EPS":0.017,"DILUTED_EPS":null,"OPERATE_INCOME":2619532000,"OPERATE_INCOME_YOY":16.4335801099,"GROSS_PROFIT":109869000,"GROSS_PROFIT_YOY":2.527995520717,"HOLDER_PROFIT":22125000,"HOLDER_PROFIT_YOY":1.7615674731,"GROSS_PROFIT_RATIO":4.194222479435,"EPS_TTM":0.032330072297,"OPERATE_INCOME_QOQ":6.922594428207,"NET_PROFIT_RATIO":0.8446165193,"ROE_AVG":1.281062879777,"GROSS_PROFIT_QOQ":1.540377332742,"ROA":0.41814043452,"HOLDER_PROFIT_QOQ":0.932531469894,"ROE_YEARLY":2.562125759554,"ROIC_YEARLY":0.841465839197,"TOTAL_ASSETS":5081466000,"TOTAL_LIABILITIES":3343322000,"TAX_EBT":7.080760992818,"OCF_SALES":5.421006500398,"TOTAL_PARENT_EQUITY":1738144000,"DEBT_ASSET_RATIO":65.7944380618,"OPERATE_PROFIT":71679000,"PRETAX_PROFIT":23811000,"NETCASH_OPERATE":142005000,"NETCASH_INVEST":-102136000,"NETCASH_FINANCE":-22339000,"END_CASH":41369000,"DIVI_RATIO":null,"DIVIDEND_RATE":null,"CURRENT_RATIO":0.918880109047,"COMMON_ACS":8000000000,"CURRENTDEBT_DEBT":88.65015095764,"ISSUED_COMMON_SHARES":1282211794,"HK_COMMON_SHARES":1282211794,"PER_SHARES":1000,"TOTAL_MARKET_CAP":243620240.86,"HKSK_MARKET_CAP":243620240.86,"PE_TTM":5.29826201669,"PB_TTM":0.127922267331,"REPORT_DATE_SQ":"2023-06-30 00:00:00","REPORT_TYPE_SQ":"2023年中报","OPERATE_INCOME_SQ":2249808000,"DPS_HKD":null,"OPERATE_INCOME_QOQ_SQ":106.466579645999,"NET_PROFIT_RATIO_SQ":0.9663935767,"HOLDER_PROFIT_SQ":21742000,"HOLDER_PROFIT_QOQ_SQ":51.381778311131,"ROE_AVG_SQ":1.289707961998,"PE_TTM_SQ":-5.177094981755,"PB_TTM_SQ":0.174188217917,"ROA_SQ":0.453701742543,"START_DATE":"2024-01-01 00:00:00","FISCAL_YEAR":"12-31","CURRENCY":"HKD","IS_CNY_CODE":0,"DPS_HKD_LY":null,"ORG_TYPE":"一般企业","PREMIUM_INCOME":null,"PREMIUM_INCOME_YOY":null,"NET_INTEREST_INCOME":null,"NET_INTEREST_INCOME_YOY":null,"FEE_COMMISSION_INCOME":null,"FEE_COMMISSION_INCOME_YOY":null,"ACCOUNTS_RECE_TDAYS":1.195629694798,"INVENTORY_TDAYS":5.277640094421,"CURRENT_ASSETS_TDAYS":0.913380538904,"TOTAL_ASSETS_TDAYS":0.49506542315,"PREMIUM_EXPENSE":null,"LOAN_DEPOSIT":null,"LOAN_EQUITY":null,"LOAN_ASSETS":null,"DEPOSIT_EQUITY":null,"DEPOSIT_ASSETS":null,"EQUITY_MULTIPLIER":2.92350115986,"EQUITY_RATIO":1.923501159858},{"SECUCODE":"01148.HK","SECURITY_CODE":"01148","SECURITY_NAME_ABBR":"新晨动力","ORG_CODE":"10328528","STD_REPORT_DATE":"2023-12-31 00:00:00","REPORT_DATE":"2023-12-31 00:00:00","DATE_TYPE_CODE":"001","REPORT_TYPE":"2023年年报","PER_NETCASH_OPERATE":0.169484480658,"PER_OI":4.165325904029,"BPS":1.338327262337,"BASIC_EPS":0.032,"DILUTED_EPS":0.032,"OPERATE_INCOME":5340830000,"OPERATE_INCOME_YOY":223.2006903559,"GROSS_PROFIT":175866000,"GROSS_PROFIT_YOY":71.757559184311,"HOLDER_PROFIT":41071000,"HOLDER_PROFIT_YOY":135.458304915,"GROSS_PROFIT_RATIO":3.292858975103,"EPS_TTM":0.032031369694,"OPERATE_INCOME_QOQ":56.538986072247,"NET_PROFIT_RATIO":0.7690003239,"ROE_AVG":2.42239257788,"GROSS_PROFIT_QOQ":-2.134100533664,"ROA":0.850574812622,"HOLDER_PROFIT_QOQ":172.932130553681,"ROE_YEARLY":2.42239257788,"ROIC_YEARLY":0.857939391306,"TOTAL_ASSETS":5501103000,"TOTAL_LIABILITIES":3785084000,"TAX_EBT":15.343708131506,"OCF_SALES":4.068936850639,"TOTAL_PARENT_EQUITY":1716019000,"DEBT_ASSET_RATIO":68.8059103783,"OPERATE_PROFIT":25211000,"PRETAX_PROFIT":48515000,"NETCASH_OPERATE":217315000,"NETCASH_INVEST":33259000,"NETCASH_FINANCE":-285794000,"END_CASH":23839000,"DIVI_RATIO":null,"DIVIDEND_RATE":null,"CURRENT_RATIO":0.910618068094,"COMMON_ACS":8000000000,"CURRENTDEBT_DEBT":87.399989009491,"ISSUED_COMMON_SHARES":1282211794,"HK_COMMON_SHARES":1282211794,"PER_SHARES":1000,"TOTAL_MARKET_CAP":228233699.332,"HKSK_MARKET_CAP":228233699.332,"PE_TTM":4.963634941951,"PB_TTM":0.119842966237,"REPORT_DATE_SQ":"2022-12-31 00:00:00","REPORT_TYPE_SQ":"2022年年报","OPERATE_INCOME_SQ":1652481000,"DPS_HKD":null,"OPERATE_INCOME_QOQ_SQ":62.978461939037,"NET_PROFIT_RATIO_SQ":-7.0093998055,"HOLDER_PROFIT_SQ":-115829000,"HOLDER_PROFIT_QOQ_SQ":74.964931581461,"ROE_AVG_SQ":-6.684610949745,"PE_TTM_SQ":-5.901888279201,"PB_TTM_SQ":0.198574568426,"ROA_SQ":-2.852595187069,"START_DATE":"2023-01-01 00:00:00","FISCAL_YEAR":"12-31","CURRENCY":"HKD","IS_CNY_CODE":0,"DPS_HKD_LY":null,"ORG_TYPE":"一般企业","PREMIUM_INCOME":null,"PREMIUM_INCOME_YOY":null,"NET_INTEREST_INCOME":null,"NET_INTEREST_INCOME_YOY":null,"FEE_COMMISSION_INCOME":null,"FEE_COMMISSION_INCOME_YOY":null,"ACCOUNTS_RECE_TDAYS":3.387353435695,"INVENTORY_TDAYS":10.691990887421,"CURRENT_ASSETS_TDAYS":2.373405810208,"TOTAL_ASSETS_TDAYS":1.106078614228,"PREMIUM_EXPENSE":null,"LOAN_DEPOSIT":null,"LOAN_EQUITY":null,"LOAN_ASSETS":null,"DEPOSIT_EQUITY":null,"DEPOSIT_ASSETS":null,"EQUITY_MULTIPLIER":3.205735484277,"EQUITY_RATIO":2.205735484281},{"SECUCODE":"01148.HK","SECURITY_CODE":"01148","SECURITY_NAME_ABBR":"新晨动力","ORG_CODE":"10328528","STD_REPORT_DATE":"2023-06-30 00:00:00","REPORT_DATE":"2023-06-30 00:00:00","DATE_TYPE_CODE":"002","REPORT_TYPE":"2023年中报","PER_NETCASH_OPERATE":-0.025372563372,"PER_OI":1.754630561447,"BPS":1.323252529683,"BASIC_EPS":0.017,"DILUTED_EPS":null,"OPERATE_INCOME":2249808000,"OPERATE_INCOME_YOY":358.7063783978,"GROSS_PROFIT":107160000,"GROSS_PROFIT_YOY":258.982948644937,"HOLDER_PROFIT":21742000,"HOLDER_PROFIT_YOY":157.5596325418,"GROSS_PROFIT_RATIO":4.763073115573,"EPS_TTM":-0.043919421318,"OPERATE_INCOME_QOQ":106.466579645999,"NET_PROFIT_RATIO":0.9663935767,"ROE_AVG":1.289707961998,"GROSS_PROFIT_QOQ":75.502968981952,"ROA":0.453701742543,"HOLDER_PROFIT_QOQ":51.381778311131,"ROE_YEARLY":2.579415923996,"ROIC_YEARLY":0.917238736778,"TOTAL_ASSETS":5428139000,"TOTAL_LIABILITIES":3731449000,"TAX_EBT":13.951003284917,"OCF_SALES":-1.446034506056,"TOTAL_PARENT_EQUITY":1696690000,"DEBT_ASSET_RATIO":68.7426943194,"OPERATE_PROFIT":25004000,"PRETAX_PROFIT":25267000,"NETCASH_OPERATE":-32533000,"NETCASH_INVEST":-9320000,"NETCASH_FINANCE":26504000,"END_CASH":43710000,"DIVI_RATIO":null,"DIVIDEND_RATE":null,"CURRENT_RATIO":0.908235651695,"COMMON_ACS":8000000000,"CURRENTDEBT_DEBT":84.116599208511,"ISSUED_COMMON_SHARES":1282211794,"HK_COMMON_SHARES":1282211794,"PER_SHARES":1000,"TOTAL_MARKET_CAP":228233699.332,"HKSK_MARKET_CAP":228233699.332,"PE_TTM":4.963634941951,"PB_TTM":0.119842966237,"REPORT_DATE_SQ":"2022-06-30 00:00:00","REPORT_TYPE_SQ":"2022年中报","OPERATE_INCOME_SQ":490468000,"DPS_HKD":null,"OPERATE_INCOME_QOQ_SQ":-30.684854902695,"NET_PROFIT_RATIO_SQ":-7.7014198684,"HOLDER_PROFIT_SQ":-37773000,"HOLDER_PROFIT_QOQ_SQ":-17.795011367889,"ROE_AVG_SQ":-2.131902169435,"PE_TTM_SQ":-5.901888279201,"PB_TTM_SQ":0.198574568426,"ROA_SQ":-0.969635019296,"START_DATE":"2023-01-01 00:00:00","FISCAL_YEAR":"12-31","CURRENCY":"HKD","IS_CNY_CODE":0,"DPS_HKD_LY":null,"ORG_TYPE":"一般企业","PREMIUM_INCOME":null,"PREMIUM_INCOME_YOY":null,"NET_INTEREST_INCOME":null,"NET_INTEREST_INCOME_YOY":null,"FEE_COMMISSION_INCOME":null,"FEE_COMMISSION_INCOME_YOY":null,"ACCOUNTS_RECE_TDAYS":1.518111604896,"INVENTORY_TDAYS":4.418887816467,"CURRENT_ASSETS_TDAYS":1.037057455581,"TOTAL_ASSETS_TDAYS":0.469479261331,"PREMIUM_EXPENSE":null,"LOAN_DEPOSIT":null,"LOAN_EQUITY":null,"LOAN_ASSETS":null,"DEPOSIT_EQUITY":null,"DEPOSIT_ASSETS":null,"EQUITY_MULTIPLIER":3.199252073158,"EQUITY_RATIO":2.199252073154},{"SECUCODE":"01148.HK","SECURITY_CODE":"01148","SECURITY_NAME_ABBR":"新晨动力","ORG_CODE":"10328528","STD_REPORT_DATE":"2022-12-31 00:00:00","REPORT_DATE":"2022-12-31 00:00:00","DATE_TYPE_CODE":"001","REPORT_TYPE":"2022年年报","PER_NETCASH_OPERATE":-0.137457010476,"PER_OI":1.288773826393,"BPS":1.306278734791,"BASIC_EPS":-0.09,"DILUTED_EPS":-0.09,"OPERATE_INCOME":1652481000,"OPERATE_INCOME_YOY":12.9687573704,"GROSS_PROFIT":102392000,"GROSS_PROFIT_YOY":33.956068396196,"HOLDER_PROFIT":-115829000,"HOLDER_PROFIT_YOY":70.5099383104,"GROSS_PROFIT_RATIO":6.196258837469,"EPS_TTM":-0.090335310081,"OPERATE_INCOME_QOQ":62.978461939037,"NET_PROFIT_RATIO":-7.0093998055,"ROE_AVG":-6.684610949745,"GROSS_PROFIT_QOQ":1140.99227328182,"ROA":-2.852595187069,"HOLDER_PROFIT_QOQ":74.964931581461,"ROE_YEARLY":-6.684610949745,"ROIC_YEARLY":-2.87808092489,"TOTAL_ASSETS":4156131000,"TOTAL_LIABILITIES":2481205000,"TAX_EBT":-4.603950113338,"OCF_SALES":-10.665720211004,"TOTAL_PARENT_EQUITY":1674926000,"DEBT_ASSET_RATIO":59.6998747152,"OPERATE_PROFIT":-30975000,"PRETAX_PROFIT":-110731000,"NETCASH_OPERATE":-176249000,"NETCASH_INVEST":413970000,"NETCASH_FINANCE":-191515000,"END_CASH":59059000,"DIVI_RATIO":null,"DIVIDEND_RATE":null,"CURRENT_RATIO":0.819583458402,"COMMON_ACS":8000000000,"CURRENTDEBT_DEBT":73.17674275201,"ISSUED_COMMON_SHARES":1282211794,"HK_COMMON_SHARES":1282211794,"PER_SHARES":1000,"TOTAL_MARKET_CAP":228233699.332,"HKSK_MARKET_CAP":228233699.332,"PE_TTM":4.963634941951,"PB_TTM":0.119842966237,"REPORT_DATE_SQ":"2021-12-31 00:00:00","REPORT_TYPE_SQ":"2021年年报","OPERATE_INCOME_SQ":1462777000,"DPS_HKD":null,"OPERATE_INCOME_QOQ_SQ":-23.387581239613,"NET_PROFIT_RATIO_SQ":-26.8511878434,"HOLDER_PROFIT_SQ":-392773000,"HOLDER_PROFIT_QOQ_SQ":43.720975551044,"ROE_AVG_SQ":-19.766310717771,"PE_TTM_SQ":-5.901888279201,"PB_TTM_SQ":0.198574568426,"ROA_SQ":-8.75594112384,"START_DATE":"2022-01-01 00:00:00","FISCAL_YEAR":"12-31","CURRENCY":"HKD","IS_CNY_CODE":0,"DPS_HKD_LY":null,"ORG_TYPE":"一般企业","PREMIUM_INCOME":null,"PREMIUM_INCOME_YOY":null,"NET_INTEREST_INCOME":null,"NET_INTEREST_INCOME_YOY":null,"FEE_COMMISSION_INCOME":null,"FEE_COMMISSION_INCOME_YOY":null,"ACCOUNTS_RECE_TDAYS":3.562525466152,"INVENTORY_TDAYS":3.246171308425,"CURRENT_ASSETS_TDAYS":1.292987233903,"TOTAL_ASSETS_TDAYS":0.406967110769,"PREMIUM_EXPENSE":null,"LOAN_DEPOSIT":null,"LOAN_EQUITY":null,"LOAN_ASSETS":null,"DEPOSIT_EQUITY":null,"DEPOSIT_ASSETS":null,"EQUITY_MULTIPLIER":2.481381864034,"EQUITY_RATIO":1.481381864035},{"SECUCODE":"01148.HK","SECURITY_CODE":"01148","SECURITY_NAME_ABBR":"新晨动力","ORG_CODE":"10328528","STD_REPORT_DATE":"2022-06-30 00:00:00","REPORT_DATE":"2022-06-30 00:00:00","DATE_TYPE_CODE":"002","REPORT_TYPE":"2022年中报","PER_NETCASH_OPERATE":0.004604543514,"PER_OI":0.382517149113,"BPS":1.367153233345,"BASIC_EPS":-0.029,"DILUTED_EPS":null,"OPERATE_INCOME":490468000,"OPERATE_INCOME_YOY":-47.7847248911,"GROSS_PROFIT":29851000,"GROSS_PROFIT_YOY":-74.293858289415,"HOLDER_PROFIT":-37773000,"HOLDER_PROFIT_YOY":-217.5959652564,"GROSS_PROFIT_RATIO":6.086227847688,"EPS_TTM":-0.360835083693,"OPERATE_INCOME_QOQ":-30.684854902695,"NET_PROFIT_RATIO":-7.7014198684,"ROE_AVG":-2.131902169435,"GROSS_PROFIT_QOQ":-112.868113609901,"ROA":-0.969635019296,"HOLDER_PROFIT_QOQ":-17.795011367889,"ROE_YEARLY":-4.263804338869,"ROIC_YEARLY":-1.962967457187,"TOTAL_ASSETS":3826354000,"TOTAL_LIABILITIES":2073374000,"TAX_EBT":-7.796581147798,"OCF_SALES":1.203748256767,"TOTAL_PARENT_EQUITY":1752980000,"DEBT_ASSET_RATIO":54.1866748346,"OPERATE_PROFIT":-6837000,"PRETAX_PROFIT":-35041000,"NETCASH_OPERATE":5904000,"NETCASH_INVEST":76811000,"NETCASH_FINANCE":-14364000,"END_CASH":81204000,"DIVI_RATIO":null,"DIVIDEND_RATE":null,"CURRENT_RATIO":0.846332104031,"COMMON_ACS":8000000000,"CURRENTDEBT_DEBT":92.304716852821,"ISSUED_COMMON_SHARES":1282211794,"HK_COMMON_SHARES":1282211794,"PER_SHARES":1000,"TOTAL_MARKET_CAP":228233699.332,"HKSK_MARKET_CAP":228233699.332,"PE_TTM":4.963634941951,"PB_TTM":0.119842966237,"REPORT_DATE_SQ":"2021-06-30 00:00:00","REPORT_TYPE_SQ":"2021年中报","OPERATE_INCOME_SQ":939319000,"DPS_HKD":null,"OPERATE_INCOME_QOQ_SQ":11.528690882646,"NET_PROFIT_RATIO_SQ":3.4196050543,"HOLDER_PROFIT_SQ":32121000,"HOLDER_PROFIT_QOQ_SQ":13.694120615009,"ROE_AVG_SQ":1.46030399473,"PE_TTM_SQ":-5.901888279201,"PB_TTM_SQ":0.198574568426,"ROA_SQ":0.647601785688,"START_DATE":"2022-01-01 00:00:00","FISCAL_YEAR":"12-31","CURRENCY":"HKD","IS_CNY_CODE":0,"DPS_HKD_LY":null,"ORG_TYPE":"一般企业","PREMIUM_INCOME":null,"PREMIUM_INCOME_YOY":null,"NET_INTEREST_INCOME":null,"NET_INTEREST_INCOME_YOY":null,"FEE_COMMISSION_INCOME":null,"FEE_COMMISSION_INCOME_YOY":null,"ACCOUNTS_RECE_TDAYS":3.147475758684,"INVENTORY_TDAYS":0.955348541052,"CURRENT_ASSETS_TDAYS":0.36497133058,"TOTAL_ASSETS_TDAYS":0.125903409484,"PREMIUM_EXPENSE":null,"LOAN_DEPOSIT":null,"LOAN_EQUITY":null,"LOAN_ASSETS":null,"DEPOSIT_EQUITY":null,"DEPOSIT_ASSETS":null,"EQUITY_MULTIPLIER":2.182771052723,"EQUITY_RATIO":1.182771052722},{"SECUCODE":"01148.HK","SECURITY_CODE":"01148","SECURITY_NAME_ABBR":"新晨动力","ORG_CODE":"10328528","STD_REPORT_DATE":"2021-12-31 00:00:00","REPORT_DATE":"2021-12-31 00:00:00","DATE_TYPE_CODE":"001","REPORT_TYPE":"2021年年报","PER_NETCASH_OPERATE":-0.021059703339,"PER_OI":1.140823229707,"BPS":1.396505638444,"BASIC_EPS":-0.306,"DILUTED_EPS":-0.306,"OPERATE_INCOME":1462777000,"OPERATE_INCOME_YOY":-14.555172303,"GROSS_PROFIT":76437000,"GROSS_PROFIT_YOY":-37.820205159076,"HOLDER_PROFIT":-392773000,"HOLDER_PROFIT_YOY":51.42789304,"GROSS_PROFIT_RATIO":5.225471825165,"EPS_TTM":-0.30632458837,"OPERATE_INCOME_QOQ":-23.387581239613,"NET_PROFIT_RATIO":-26.8511878434,"ROE_AVG":-19.766310717771,"GROSS_PROFIT_QOQ":-60.335120156507,"ROA":-8.75594112384,"HOLDER_PROFIT_QOQ":43.720975551044,"ROE_YEARLY":-19.766310717771,"ROIC_YEARLY":-8.822950322903,"TOTAL_ASSETS":3964825000,"TOTAL_LIABILITIES":2174209000,"TAX_EBT":1.723214732523,"OCF_SALES":-1.846009337035,"TOTAL_PARENT_EQUITY":1790616000,"DEBT_ASSET_RATIO":54.8374518421,"OPERATE_PROFIT":-341295000,"PRETAX_PROFIT":-399660000,"NETCASH_OPERATE":-27003000,"NETCASH_INVEST":187735000,"NETCASH_FINANCE":-203164000,"END_CASH":12853000,"DIVI_RATIO":null,"DIVIDEND_RATE":null,"CURRENT_RATIO":0.5408148952,"COMMON_ACS":8000000000,"CURRENTDEBT_DEBT":90.82645688616,"ISSUED_COMMON_SHARES":1282211794,"HK_COMMON_SHARES":1282211794,"PER_SHARES":1000,"TOTAL_MARKET_CAP":228233699.332,"HKSK_MARKET_CAP":228233699.332,"PE_TTM":4.963634941951,"PB_TTM":0.119842966237,"REPORT_DATE_SQ":"2020-12-31 00:00:00","REPORT_TYPE_SQ":"2020年年报","OPERATE_INCOME_SQ":1711955000,"DPS_HKD":null,"OPERATE_INCOME_QOQ_SQ":2.911968279197,"NET_PROFIT_RATIO_SQ":-47.2348280183,"HOLDER_PROFIT_SQ":-808639000,"HOLDER_PROFIT_QOQ_SQ":-679.824485269299,"ROE_AVG_SQ":-31.248910726949,"PE_TTM_SQ":-5.901888279201,"PB_TTM_SQ":0.198574568426,"ROA_SQ":-14.659306307077,"START_DATE":"2021-01-01 00:00:00","FISCAL_YEAR":"12-31","CURRENCY":"HKD","IS_CNY_CODE":0,"DPS_HKD_LY":null,"ORG_TYPE":"一般企业","PREMIUM_INCOME":null,"PREMIUM_INCOME_YOY":null,"NET_INTEREST_INCOME":null,"NET_INTEREST_INCOME_YOY":null,"FEE_COMMISSION_INCOME":null,"FEE_COMMISSION_INCOME_YOY":null,"ACCOUNTS_RECE_TDAYS":6.78617506176,"INVENTORY_TDAYS":2.506298105823,"CURRENT_ASSETS_TDAYS":1.002152936232,"TOTAL_ASSETS_TDAYS":0.326091388392,"PREMIUM_EXPENSE":null,"LOAN_DEPOSIT":null,"LOAN_EQUITY":null,"LOAN_ASSETS":null,"DEPOSIT_EQUITY":null,"DEPOSIT_ASSETS":null,"EQUITY_MULTIPLIER":2.214224043568,"EQUITY_RATIO":1.214224043569},{"SECUCODE":"01148.HK","SECURITY_CODE":"01148","SECURITY_NAME_ABBR":"新晨动力","ORG_CODE":"10328528","STD_REPORT_DATE":"2021-06-30 00:00:00","REPORT_DATE":"2021-06-30 00:00:00","DATE_TYPE_CODE":"002","REPORT_TYPE":"2021年中报","PER_NETCASH_OPERATE":0.500248869182,"PER_OI":0.732577101845,"BPS":1.728007034694,"BASIC_EPS":0.025,"DILUTED_EPS":null,"OPERATE_INCOME":939319000,"OPERATE_INCOME_YOY":26.6008763358,"GROSS_PROFIT":116124000,"GROSS_PROFIT_YOY":150.558840029345,"HOLDER_PROFIT":32121000,"HOLDER_PROFIT_YOY":140.8586147682,"GROSS_PROFIT_RATIO":12.36257331109,"EPS_TTM":-0.544296194487,"OPERATE_INCOME_QOQ":11.528690882646,"NET_PROFIT_RATIO":3.4196050543,"ROE_AVG":1.46030399473,"GROSS_PROFIT_QOQ":56.762846846554,"ROA":0.647601785688,"HOLDER_PROFIT_QOQ":13.694120615009,"ROE_YEARLY":2.92060798946,"ROIC_YEARLY":1.369645431925,"TOTAL_ASSETS":4913233000,"TOTAL_LIABILITIES":2697562000,"TAX_EBT":-2.655800575264,"OCF_SALES":68.286173280856,"TOTAL_PARENT_EQUITY":2215671000,"DEBT_ASSET_RATIO":54.9040112692,"OPERATE_PROFIT":62162000,"PRETAX_PROFIT":31290000,"NETCASH_OPERATE":641425000,"NETCASH_INVEST":197621000,"NETCASH_FINANCE":-410453000,"END_CASH":483878000,"DIVI_RATIO":null,"DIVIDEND_RATE":null,"CURRENT_RATIO":0.785182589539,"COMMON_ACS":8000000000,"CURRENTDEBT_DEBT":88.441377807072,"ISSUED_COMMON_SHARES":1282211794,"HK_COMMON_SHARES":1282211794,"PER_SHARES":1000,"TOTAL_MARKET_CAP":228233699.332,"HKSK_MARKET_CAP":228233699.332,"PE_TTM":4.963634941951,"PB_TTM":0.119842966237,"REPORT_DATE_SQ":"2020-06-30 00:00:00","REPORT_TYPE_SQ":"2020年中报","OPERATE_INCOME_SQ":741953000,"DPS_HKD":null,"OPERATE_INCOME_QOQ_SQ":-19.875944827334,"NET_PROFIT_RATIO_SQ":-10.5956846323,"HOLDER_PROFIT_SQ":-78615000,"HOLDER_PROFIT_QOQ_SQ":-1614.23773364486,"ROE_AVG_SQ":-2.662684466218,"PE_TTM_SQ":-5.901888279201,"PB_TTM_SQ":0.198574568426,"ROA_SQ":-1.303371349091,"START_DATE":"2021-01-01 00:00:00","FISCAL_YEAR":"12-31","CURRENCY":"HKD","IS_CNY_CODE":0,"DPS_HKD_LY":null,"ORG_TYPE":"一般企业","PREMIUM_INCOME":null,"PREMIUM_INCOME_YOY":null,"NET_INTEREST_INCOME":null,"NET_INTEREST_INCOME_YOY":null,"FEE_COMMISSION_INCOME":null,"FEE_COMMISSION_INCOME_YOY":null,"ACCOUNTS_RECE_TDAYS":3.712671959084,"INVENTORY_TDAYS":1.440957072977,"CURRENT_ASSETS_TDAYS":0.504393417834,"TOTAL_ASSETS_TDAYS":0.189379117005,"PREMIUM_EXPENSE":null,"LOAN_DEPOSIT":null,"LOAN_EQUITY":null,"LOAN_ASSETS":null,"DEPOSIT_EQUITY":null,"DEPOSIT_ASSETS":null,"EQUITY_MULTIPLIER":2.217492127669,"EQUITY_RATIO":1.217492127667},{"SECUCODE":"01148.HK","SECURITY_CODE":"01148","SECURITY_NAME_ABBR":"新晨动力","ORG_CODE":"10328528","STD_REPORT_DATE":"2020-12-31 00:00:00","REPORT_DATE":"2020-12-31 00:00:00","DATE_TYPE_CODE":"001","REPORT_TYPE":"2020年年报","PER_NETCASH_OPERATE":0.440930275829,"PER_OI":1.335157739159,"BPS":1.702955791093,"BASIC_EPS":-0.631,"DILUTED_EPS":-0.631,"OPERATE_INCOME":1711955000,"OPERATE_INCOME_YOY":-17.5427577567,"GROSS_PROFIT":122929000,"GROSS_PROFIT_YOY":-46.268532764529,"HOLDER_PROFIT":-808639000,"HOLDER_PROFIT_YOY":-11908.3966121495,"GROSS_PROFIT_RATIO":7.180620985949,"EPS_TTM":-0.630659461864,"OPERATE_INCOME_QOQ":2.911968279197,"NET_PROFIT_RATIO":-47.2348280183,"ROE_AVG":-31.248910726949,"GROSS_PROFIT_QOQ":1.118706249126,"ROA":-14.659306307077,"HOLDER_PROFIT_QOQ":-679.824485269299,"ROE_YEARLY":-31.248910726949,"ROIC_YEARLY":-14.866109891581,"TOTAL_ASSETS":5006752000,"TOTAL_LIABILITIES":2823202000,"TAX_EBT":-1.498556545751,"OCF_SALES":33.024583005979,"TOTAL_PARENT_EQUITY":2183550000,"DEBT_ASSET_RATIO":56.3878937882,"OPERATE_PROFIT":-717693000,"PRETAX_PROFIT":-796700000,"NETCASH_OPERATE":565366000,"NETCASH_INVEST":-349265000,"NETCASH_FINANCE":-259004000,"END_CASH":55285000,"DIVI_RATIO":null,"DIVIDEND_RATE":null,"CURRENT_RATIO":0.749362170809,"COMMON_ACS":8000000000,"CURRENTDEBT_DEBT":87.506632539932,"ISSUED_COMMON_SHARES":1282211794,"HK_COMMON_SHARES":1282211794,"PER_SHARES":1000,"TOTAL_MARKET_CAP":228233699.332,"HKSK_MARKET_CAP":228233699.332,"PE_TTM":4.963634941951,"PB_TTM":0.119842966237,"REPORT_DATE_SQ":"2019-12-31 00:00:00","REPORT_TYPE_SQ":"2019年年报","OPERATE_INCOME_SQ":2076173000,"DPS_HKD":null,"OPERATE_INCOME_QOQ_SQ":-21.52500199384,"NET_PROFIT_RATIO_SQ":0.3298376388,"HOLDER_PROFIT_SQ":6848000,"HOLDER_PROFIT_QOQ_SQ":145.750935328701,"ROE_AVG_SQ":0.229121174085,"PE_TTM_SQ":-5.901888279201,"PB_TTM_SQ":0.198574568426,"ROA_SQ":0.103745362099,"START_DATE":"2020-01-01 00:00:00","FISCAL_YEAR":"12-31","CURRENCY":"HKD","IS_CNY_CODE":0,"DPS_HKD_LY":null,"ORG_TYPE":"一般企业","PREMIUM_INCOME":null,"PREMIUM_INCOME_YOY":null,"NET_INTEREST_INCOME":null,"NET_INTEREST_INCOME_YOY":null,"FEE_COMMISSION_INCOME":null,"FEE_COMMISSION_INCOME_YOY":null,"ACCOUNTS_RECE_TDAYS":4.725326289321,"INVENTORY_TDAYS":2.458230489758,"CURRENT_ASSETS_TDAYS":0.760638668918,"TOTAL_ASSETS_TDAYS":0.310349522209,"PREMIUM_EXPENSE":null,"LOAN_DEPOSIT":null,"LOAN_EQUITY":null,"LOAN_ASSETS":null,"DEPOSIT_EQUITY":null,"DEPOSIT_ASSETS":null,"EQUITY_MULTIPLIER":2.292941311166,"EQUITY_RATIO":1.292941311168},{"SECUCODE":"01148.HK","SECURITY_CODE":"01148","SECURITY_NAME_ABBR":"新晨动力","ORG_CODE":"10328528","STD_REPORT_DATE":"2020-06-30 00:00:00","REPORT_DATE":"2020-06-30 00:00:00","DATE_TYPE_CODE":"002","REPORT_TYPE":"2020年中报","PER_NETCASH_OPERATE":0.114129351083,"PER_OI":0.578650893302,"BPS":2.271873502982,"BASIC_EPS":-0.061,"DILUTED_EPS":null,"OPERATE_INCOME":741953000,"OPERATE_INCOME_YOY":-35.7400581321,"GROSS_PROFIT":46346000,"GROSS_PROFIT_YOY":-69.819159812713,"HOLDER_PROFIT":-78615000,"HOLDER_PROFIT_YOY":-346.2258832373,"GROSS_PROFIT_RATIO":6.246487311191,"EPS_TTM":-0.080871974884,"OPERATE_INCOME_QOQ":-19.875944827334,"NET_PROFIT_RATIO":-10.5956846323,"ROE_AVG":-2.662684466218,"GROSS_PROFIT_QOQ":-46.862979928666,"ROA":-1.303371349091,"HOLDER_PROFIT_QOQ":-1614.23773364486,"ROE_YEARLY":-5.325368932435,"ROIC_YEARLY":-2.642214378315,"TOTAL_ASSETS":6037651000,"TOTAL_LIABILITIES":3124628000,"TAX_EBT":-0.692932346236,"OCF_SALES":19.723351748696,"TOTAL_PARENT_EQUITY":2913023000,"DEBT_ASSET_RATIO":51.7523785326,"OPERATE_PROFIT":-31590000,"PRETAX_PROFIT":-78074000,"NETCASH_OPERATE":146338000,"NETCASH_INVEST":-235491000,"NETCASH_FINANCE":54727000,"END_CASH":63762000,"DIVI_RATIO":null,"DIVIDEND_RATE":null,"CURRENT_RATIO":1.033307743852,"COMMON_ACS":8000000000,"CURRENTDEBT_DEBT":85.253508577661,"ISSUED_COMMON_SHARES":1282211794,"HK_COMMON_SHARES":1282211794,"PER_SHARES":1000,"TOTAL_MARKET_CAP":228233699.332,"HKSK_MARKET_CAP":228233699.332,"PE_TTM":4.963634941951,"PB_TTM":0.119842966237,"REPORT_DATE_SQ":"2019-06-30 00:00:00","REPORT_TYPE_SQ":"2019年中报","OPERATE_INCOME_SQ":1154612000,"DPS_HKD":null,"OPERATE_INCOME_QOQ_SQ":-13.272253076687,"NET_PROFIT_RATIO_SQ":2.7652579395,"HOLDER_PROFIT_SQ":31928000,"HOLDER_PROFIT_QOQ_SQ":-239.574785527788,"ROE_AVG_SQ":1.063938618926,"PE_TTM_SQ":-5.901888279201,"PB_TTM_SQ":0.198574568426,"ROA_SQ":0.469549194977,"START_DATE":"2020-01-01 00:00:00","FISCAL_YEAR":"12-31","CURRENCY":"HKD","IS_CNY_CODE":0,"DPS_HKD_LY":null,"ORG_TYPE":"一般企业","PREMIUM_INCOME":null,"PREMIUM_INCOME_YOY":null,"NET_INTEREST_INCOME":null,"NET_INTEREST_INCOME_YOY":null,"FEE_COMMISSION_INCOME":null,"FEE_COMMISSION_INCOME_YOY":null,"ACCOUNTS_RECE_TDAYS":1.377946080266,"INVENTORY_TDAYS":1.092099003839,"CURRENT_ASSETS_TDAYS":0.274662466755,"TOTAL_ASSETS_TDAYS":0.123009639709,"PREMIUM_EXPENSE":null,"LOAN_DEPOSIT":null,"LOAN_EQUITY":null,"LOAN_ASSETS":null,"DEPOSIT_EQUITY":null,"DEPOSIT_ASSETS":null,"EQUITY_MULTIPLIER":2.072641033042,"EQUITY_RATIO":1.072641033044}],"count":30},"success":true,"message":"ok","code":0}