{"version":"e62c82ebec00d121cc925e8d96cfc6f7","result":{"pages":5,"data":[{"SECUCODE":"01140.HK","SECURITY_CODE":"01140","SECURITY_NAME_ABBR":"华科智能投资","ORG_CODE":"10010512","STD_REPORT_DATE":"2024-06-30 00:00:00","REPORT_DATE":"2024-09-30 00:00:00","DATE_TYPE_CODE":"002","REPORT_TYPE":"2024年中报","PER_NETCASH_OPERATE":-0.000835758678,"PER_OI":0.011797740936,"BPS":0.858002373743,"BASIC_EPS":0.002074117,"DILUTED_EPS":0.002074117,"OPERATE_INCOME":124116063.07,"OPERATE_INCOME_YOY":-38.398843465,"GROSS_PROFIT":null,"GROSS_PROFIT_YOY":null,"HOLDER_PROFIT":21980229.46,"HOLDER_PROFIT_YOY":5.305452346,"GROSS_PROFIT_RATIO":null,"EPS_TTM":0.00462334856,"OPERATE_INCOME_QOQ":0,"NET_PROFIT_RATIO":17.7094156198,"ROE_AVG":0.244692883025,"GROSS_PROFIT_QOQ":null,"ROA":0.222074874876,"HOLDER_PROFIT_QOQ":0,"ROE_YEARLY":0.48938576605,"ROIC_YEARLY":0.446844251844,"TOTAL_ASSETS":9494728676.82,"TOTAL_LIABILITIES":468265278.98,"TAX_EBT":null,"OCF_SALES":-7.084056875895,"TOTAL_PARENT_EQUITY":9026463397.84,"DEBT_ASSET_RATIO":4.9318447627,"OPERATE_PROFIT":21998265.26,"PRETAX_PROFIT":21980229.46,"NETCASH_OPERATE":-8792452.5,"NETCASH_INVEST":970012217.08,"NETCASH_FINANCE":-923024449.13,"END_CASH":78781276.19,"DIVI_RATIO":null,"DIVIDEND_RATE":null,"CURRENT_RATIO":10.496491067374,"COMMON_ACS":20000000000,"CURRENTDEBT_DEBT":98.816974860475,"ISSUED_COMMON_SHARES":10520324505,"HK_COMMON_SHARES":10520324505,"PER_SHARES":4000,"TOTAL_MARKET_CAP":915268231.935,"HKSK_MARKET_CAP":915268231.935,"PE_TTM":16.677324245823,"PB_TTM":0.091439991777,"REPORT_DATE_SQ":"2023-06-30 00:00:00","REPORT_TYPE_SQ":"2023年中报","OPERATE_INCOME_SQ":205022400.38,"DPS_HKD":null,"OPERATE_INCOME_QOQ_SQ":0,"NET_PROFIT_RATIO_SQ":10.3595821435,"HOLDER_PROFIT_SQ":21239463.98,"HOLDER_PROFIT_QOQ_SQ":0,"ROE_AVG_SQ":0.232846695209,"PE_TTM_SQ":-32.754839236281,"PB_TTM_SQ":0.144958892939,"ROA_SQ":0.205699519002,"START_DATE":"2024-04-01 00:00:00","FISCAL_YEAR":"3-31","CURRENCY":"HKD","IS_CNY_CODE":0,"DPS_HKD_LY":null,"ORG_TYPE":"证券","PREMIUM_INCOME":null,"PREMIUM_INCOME_YOY":null,"NET_INTEREST_INCOME":null,"NET_INTEREST_INCOME_YOY":null,"FEE_COMMISSION_INCOME":null,"FEE_COMMISSION_INCOME_YOY":null,"ACCOUNTS_RECE_TDAYS":2.33813249072,"INVENTORY_TDAYS":null,"CURRENT_ASSETS_TDAYS":0.023087590527,"TOTAL_ASSETS_TDAYS":0.012539932409,"PREMIUM_EXPENSE":null,"LOAN_DEPOSIT":null,"LOAN_EQUITY":null,"LOAN_ASSETS":null,"DEPOSIT_EQUITY":null,"DEPOSIT_ASSETS":null,"EQUITY_MULTIPLIER":1.05187693766,"EQUITY_RATIO":0.05187693766},{"SECUCODE":"01140.HK","SECURITY_CODE":"01140","SECURITY_NAME_ABBR":"华科智能投资","ORG_CODE":"10010512","STD_REPORT_DATE":"2023-12-31 00:00:00","REPORT_DATE":"2024-03-31 00:00:00","DATE_TYPE_CODE":"001","REPORT_TYPE":"2023年年报","PER_NETCASH_OPERATE":-0.004050567953,"PER_OI":0.033261517169,"BPS":0.854183315042,"BASIC_EPS":0.004623405,"DILUTED_EPS":0.004623405,"OPERATE_INCOME":349921954.15,"OPERATE_INCOME_YOY":101.6092470333,"GROSS_PROFIT":null,"GROSS_PROFIT_YOY":null,"HOLDER_PROFIT":48639127.15,"HOLDER_PROFIT_YOY":-63.3475198623,"GROSS_PROFIT_RATIO":null,"EPS_TTM":-0.004130200201,"OPERATE_INCOME_QOQ":0,"NET_PROFIT_RATIO":13.8999930051,"ROE_AVG":0.538593486294,"GROSS_PROFIT_QOQ":null,"ROA":0.470875747446,"HOLDER_PROFIT_QOQ":0,"ROE_YEARLY":0.538593486294,"ROIC_YEARLY":0.474066186012,"TOTAL_ASSETS":10354974000.35,"TOTAL_LIABILITIES":1368688339.35,"TAX_EBT":1.748828010548,"OCF_SALES":-12.177941050744,"TOTAL_PARENT_EQUITY":8986285661,"DEBT_ASSET_RATIO":13.2176897721,"OPERATE_PROFIT":217636365.05,"PRETAX_PROFIT":49504882.4,"NETCASH_OPERATE":-42613289.3,"NETCASH_INVEST":-597346645.65,"NETCASH_FINANCE":582526366.25,"END_CASH":40800189.3,"DIVI_RATIO":null,"DIVIDEND_RATE":null,"CURRENT_RATIO":4.345353731693,"COMMON_ACS":20000000000,"CURRENTDEBT_DEBT":99.637496133535,"ISSUED_COMMON_SHARES":10520324505,"HK_COMMON_SHARES":10520324505,"PER_SHARES":4000,"TOTAL_MARKET_CAP":936308880.945,"HKSK_MARKET_CAP":936308880.945,"PE_TTM":17.060711010095,"PB_TTM":0.093542060554,"REPORT_DATE_SQ":"2022-12-31 00:00:00","REPORT_TYPE_SQ":"2022年年报","OPERATE_INCOME_SQ":167602496.96,"DPS_HKD":null,"OPERATE_INCOME_QOQ_SQ":0,"NET_PROFIT_RATIO_SQ":75.8476859624,"HOLDER_PROFIT_SQ":128145142.03,"HOLDER_PROFIT_QOQ_SQ":0,"ROE_AVG_SQ":1.884072455375,"PE_TTM_SQ":8.193007340811,"PB_TTM_SQ":0.121509660258,"ROA_SQ":1.556651742414,"START_DATE":"2023-04-01 00:00:00","FISCAL_YEAR":"3-31","CURRENCY":"HKD","IS_CNY_CODE":0,"DPS_HKD_LY":null,"ORG_TYPE":"证券","PREMIUM_INCOME":null,"PREMIUM_INCOME_YOY":null,"NET_INTEREST_INCOME":null,"NET_INTEREST_INCOME_YOY":null,"FEE_COMMISSION_INCOME":null,"FEE_COMMISSION_INCOME_YOY":null,"ACCOUNTS_RECE_TDAYS":3.781909212937,"INVENTORY_TDAYS":null,"CURRENT_ASSETS_TDAYS":0.063463149889,"TOTAL_ASSETS_TDAYS":0.033875970101,"PREMIUM_EXPENSE":null,"LOAN_DEPOSIT":null,"LOAN_EQUITY":null,"LOAN_ASSETS":null,"DEPOSIT_EQUITY":null,"DEPOSIT_ASSETS":null,"EQUITY_MULTIPLIER":1.152308572305,"EQUITY_RATIO":0.152308572305},{"SECUCODE":"01140.HK","SECURITY_CODE":"01140","SECURITY_NAME_ABBR":"华科智能投资","ORG_CODE":"10010512","STD_REPORT_DATE":"2023-06-30 00:00:00","REPORT_DATE":"2023-09-30 00:00:00","DATE_TYPE_CODE":"002","REPORT_TYPE":"2023年中报","PER_NETCASH_OPERATE":-0.002915740444,"PER_OI":0.019488220186,"BPS":0.860917722738,"BASIC_EPS":0.002018786,"DILUTED_EPS":0.002018786,"OPERATE_INCOME":205022400.38,"OPERATE_INCOME_YOY":165.7112955783,"GROSS_PROFIT":null,"GROSS_PROFIT_YOY":null,"HOLDER_PROFIT":21239463.98,"HOLDER_PROFIT_YOY":-89.144036396,"GROSS_PROFIT_RATIO":null,"EPS_TTM":0.012180721419,"OPERATE_INCOME_QOQ":0,"NET_PROFIT_RATIO":10.3595821435,"ROE_AVG":0.232846695209,"GROSS_PROFIT_QOQ":null,"ROA":0.205699519002,"HOLDER_PROFIT_QOQ":0,"ROE_YEARLY":0.465693390417,"ROIC_YEARLY":0.4140251049,"TOTAL_ASSETS":10220990555.58,"TOTAL_LIABILITIES":1163856740.27,"TAX_EBT":null,"OCF_SALES":-14.961553265958,"TOTAL_PARENT_EQUITY":9057133815.31,"DEBT_ASSET_RATIO":11.3869270688,"OPERATE_PROFIT":41765929.45,"PRETAX_PROFIT":21239463.98,"NETCASH_OPERATE":-30674535.64,"NETCASH_INVEST":-447624502.15,"NETCASH_FINANCE":410414605.65,"END_CASH":31549954.66,"DIVI_RATIO":null,"DIVIDEND_RATE":null,"CURRENT_RATIO":4.347988969786,"COMMON_ACS":20000000000,"CURRENTDEBT_DEBT":99.357106870536,"ISSUED_COMMON_SHARES":10520324505,"HK_COMMON_SHARES":10520324505,"PER_SHARES":4000,"TOTAL_MARKET_CAP":936308880.945,"HKSK_MARKET_CAP":936308880.945,"PE_TTM":17.060711010095,"PB_TTM":0.093542060554,"REPORT_DATE_SQ":"2022-06-30 00:00:00","REPORT_TYPE_SQ":"2022年中报","OPERATE_INCOME_SQ":76050741.84,"DPS_HKD":null,"OPERATE_INCOME_QOQ_SQ":0,"NET_PROFIT_RATIO_SQ":253.5618295555,"HOLDER_PROFIT_SQ":192835652.4,"HOLDER_PROFIT_QOQ_SQ":0,"ROE_AVG_SQ":2.807202427458,"PE_TTM_SQ":8.193007340811,"PB_TTM_SQ":0.121509660258,"ROA_SQ":2.292523825082,"START_DATE":"2023-04-01 00:00:00","FISCAL_YEAR":"3-31","CURRENCY":"HKD","IS_CNY_CODE":0,"DPS_HKD_LY":null,"ORG_TYPE":"证券","PREMIUM_INCOME":null,"PREMIUM_INCOME_YOY":null,"NET_INTEREST_INCOME":null,"NET_INTEREST_INCOME_YOY":null,"FEE_COMMISSION_INCOME":null,"FEE_COMMISSION_INCOME_YOY":null,"ACCOUNTS_RECE_TDAYS":3.134923530237,"INVENTORY_TDAYS":null,"CURRENT_ASSETS_TDAYS":0.040232243039,"TOTAL_ASSETS_TDAYS":0.01985596679,"PREMIUM_EXPENSE":null,"LOAN_DEPOSIT":null,"LOAN_EQUITY":null,"LOAN_ASSETS":null,"DEPOSIT_EQUITY":null,"DEPOSIT_ASSETS":null,"EQUITY_MULTIPLIER":1.128501661122,"EQUITY_RATIO":0.128501661122},{"SECUCODE":"01140.HK","SECURITY_CODE":"01140","SECURITY_NAME_ABBR":"华科智能投资","ORG_CODE":"10010512","STD_REPORT_DATE":"2022-12-31 00:00:00","REPORT_DATE":"2023-03-31 00:00:00","DATE_TYPE_CODE":"001","REPORT_TYPE":"2022年年报","PER_NETCASH_OPERATE":-0.008009088737,"PER_OI":0.015931304864,"BPS":0.833008053163,"BASIC_EPS":0.01575738,"DILUTED_EPS":0.01575738,"OPERATE_INCOME":167602496.96,"OPERATE_INCOME_YOY":102.6608982369,"GROSS_PROFIT":null,"GROSS_PROFIT_YOY":null,"HOLDER_PROFIT":128145142.03,"HOLDER_PROFIT_YOY":-33.8450692131,"GROSS_PROFIT_RATIO":null,"EPS_TTM":0.021633386048,"OPERATE_INCOME_QOQ":0,"NET_PROFIT_RATIO":75.8476859624,"ROE_AVG":1.884072455375,"GROSS_PROFIT_QOQ":null,"ROA":1.556651742414,"HOLDER_PROFIT_QOQ":0,"ROE_YEARLY":1.884072455375,"ROIC_YEARLY":1.572939969576,"TOTAL_ASSETS":9950089519.05,"TOTAL_LIABILITIES":1186574484.5,"TAX_EBT":2.100011369488,"OCF_SALES":-49.87149992746,"TOTAL_PARENT_EQUITY":8763515034.55,"DEBT_ASSET_RATIO":11.9252644132,"OPERATE_PROFIT":119942550.33,"PRETAX_PROFIT":130893929.43,"NETCASH_OPERATE":-84258212.5,"NETCASH_INVEST":-3275457692.07,"NETCASH_FINANCE":3378943409.81,"END_CASH":94859427.6,"DIVI_RATIO":null,"DIVIDEND_RATE":null,"CURRENT_RATIO":4.17641532118,"COMMON_ACS":20000000000,"CURRENTDEBT_DEBT":99.411118078867,"ISSUED_COMMON_SHARES":10520324505,"HK_COMMON_SHARES":10520324505,"PER_SHARES":4000,"TOTAL_MARKET_CAP":967869854.46,"HKSK_MARKET_CAP":967869854.46,"PE_TTM":17.635791156502,"PB_TTM":0.096695163719,"REPORT_DATE_SQ":"2021-12-31 00:00:00","REPORT_TYPE_SQ":"2021年年报","OPERATE_INCOME_SQ":77233293.31,"DPS_HKD":null,"OPERATE_INCOME_QOQ_SQ":0,"NET_PROFIT_RATIO_SQ":232.35396037,"HOLDER_PROFIT_SQ":179454615.73,"HOLDER_PROFIT_QOQ_SQ":0,"ROE_AVG_SQ":4.40106796104,"PE_TTM_SQ":7.905533399029,"PB_TTM_SQ":0.117246163407,"ROA_SQ":3.454826226252,"START_DATE":"2022-04-01 00:00:00","FISCAL_YEAR":"3-31","CURRENCY":"HKD","IS_CNY_CODE":0,"DPS_HKD_LY":null,"ORG_TYPE":"证券","PREMIUM_INCOME":null,"PREMIUM_INCOME_YOY":null,"NET_INTEREST_INCOME":null,"NET_INTEREST_INCOME_YOY":null,"FEE_COMMISSION_INCOME":null,"FEE_COMMISSION_INCOME_YOY":null,"ACCOUNTS_RECE_TDAYS":1.013270811888,"INVENTORY_TDAYS":null,"CURRENT_ASSETS_TDAYS":0.048887711844,"TOTAL_ASSETS_TDAYS":0.020523391355,"PREMIUM_EXPENSE":null,"LOAN_DEPOSIT":null,"LOAN_EQUITY":null,"LOAN_ASSETS":null,"DEPOSIT_EQUITY":null,"DEPOSIT_ASSETS":null,"EQUITY_MULTIPLIER":1.135399377969,"EQUITY_RATIO":0.135399377969},{"SECUCODE":"01140.HK","SECURITY_CODE":"01140","SECURITY_NAME_ABBR":"华科智能投资","ORG_CODE":"10010512","STD_REPORT_DATE":"2022-06-30 00:00:00","REPORT_DATE":"2022-09-30 00:00:00","DATE_TYPE_CODE":"002","REPORT_TYPE":"2022年中报","PER_NETCASH_OPERATE":-0.007564747538,"PER_OI":0.00789653224,"BPS":0.830646462832,"BASIC_EPS":0.0293943,"DILUTED_EPS":0.0293943,"OPERATE_INCOME":76050741.84,"OPERATE_INCOME_YOY":55.7609662122,"GROSS_PROFIT":null,"GROSS_PROFIT_YOY":null,"HOLDER_PROFIT":192835652.4,"HOLDER_PROFIT_YOY":8.3417177353,"GROSS_PROFIT_RATIO":null,"EPS_TTM":0.02487764146,"OPERATE_INCOME_QOQ":0,"NET_PROFIT_RATIO":253.5618295555,"ROE_AVG":2.807202427458,"GROSS_PROFIT_QOQ":null,"ROA":2.292523825082,"HOLDER_PROFIT_QOQ":0,"ROE_YEARLY":5.614404854916,"ROIC_YEARLY":4.613303932473,"TOTAL_ASSETS":10092870261.12,"TOTAL_LIABILITIES":1354199923.2,"TAX_EBT":null,"OCF_SALES":-95.798349309041,"TOTAL_PARENT_EQUITY":8738670337.92,"DEBT_ASSET_RATIO":13.4173915662,"OPERATE_PROFIT":125573354.04,"PRETAX_PROFIT":192835652.4,"NETCASH_OPERATE":-72855355.32,"NETCASH_INVEST":-3342669147.36,"NETCASH_FINANCE":3362284642.08,"END_CASH":24900137.64,"DIVI_RATIO":null,"DIVIDEND_RATE":null,"CURRENT_RATIO":3.694897160488,"COMMON_ACS":20000000000,"CURRENTDEBT_DEBT":99.662588159863,"ISSUED_COMMON_SHARES":10520324505,"HK_COMMON_SHARES":10520324505,"PER_SHARES":4000,"TOTAL_MARKET_CAP":967869854.46,"HKSK_MARKET_CAP":967869854.46,"PE_TTM":17.635791156502,"PB_TTM":0.096695163719,"REPORT_DATE_SQ":"2021-06-30 00:00:00","REPORT_TYPE_SQ":"2021年中报","OPERATE_INCOME_SQ":44971911.04,"DPS_HKD":null,"OPERATE_INCOME_QOQ_SQ":0,"NET_PROFIT_RATIO_SQ":394.2029566123,"HOLDER_PROFIT_SQ":163941209.64,"HOLDER_PROFIT_QOQ_SQ":0,"ROE_AVG_SQ":4.079401080888,"PE_TTM_SQ":7.905533399029,"PB_TTM_SQ":0.117246163407,"ROA_SQ":3.579584939201,"START_DATE":"2022-04-01 00:00:00","FISCAL_YEAR":"3-31","CURRENCY":"HKD","IS_CNY_CODE":0,"DPS_HKD_LY":null,"ORG_TYPE":"证券","PREMIUM_INCOME":null,"PREMIUM_INCOME_YOY":null,"NET_INTEREST_INCOME":null,"NET_INTEREST_INCOME_YOY":null,"FEE_COMMISSION_INCOME":null,"FEE_COMMISSION_INCOME_YOY":null,"ACCOUNTS_RECE_TDAYS":0.368168483734,"INVENTORY_TDAYS":null,"CURRENT_ASSETS_TDAYS":0.021611704854,"TOTAL_ASSETS_TDAYS":0.009041281289,"PREMIUM_EXPENSE":null,"LOAN_DEPOSIT":null,"LOAN_EQUITY":null,"LOAN_ASSETS":null,"DEPOSIT_EQUITY":null,"DEPOSIT_ASSETS":null,"EQUITY_MULTIPLIER":1.154966358821,"EQUITY_RATIO":0.15496635882},{"SECUCODE":"01140.HK","SECURITY_CODE":"01140","SECURITY_NAME_ABBR":"华科智能投资","ORG_CODE":"10010512","STD_REPORT_DATE":"2021-12-31 00:00:00","REPORT_DATE":"2022-03-31 00:00:00","DATE_TYPE_CODE":"001","REPORT_TYPE":"2021年年报","PER_NETCASH_OPERATE":-0.005682818717,"PER_OI":0.019016814577,"BPS":0.426171375637,"BASIC_EPS":0.0486606,"DILUTED_EPS":0.0486606,"OPERATE_INCOME":77233293.31,"OPERATE_INCOME_YOY":-15.280187177,"GROSS_PROFIT":null,"GROSS_PROFIT_YOY":null,"HOLDER_PROFIT":179454615.73,"HOLDER_PROFIT_YOY":-40.6067812624,"GROSS_PROFIT_RATIO":null,"EPS_TTM":0.025853486496,"OPERATE_INCOME_QOQ":0,"NET_PROFIT_RATIO":232.35396037,"ROE_AVG":4.40106796104,"GROSS_PROFIT_QOQ":null,"ROA":3.454826226252,"HOLDER_PROFIT_QOQ":0,"ROE_YEARLY":4.40106796104,"ROIC_YEARLY":3.496591237165,"TOTAL_ASSETS":6034898155.13,"TOTAL_LIABILITIES":1551436988.69,"TAX_EBT":-1.893995210904,"OCF_SALES":-29.883126292909,"TOTAL_PARENT_EQUITY":4483461166.44,"DEBT_ASSET_RATIO":25.7077575927,"OPERATE_PROFIT":200355965.45,"PRETAX_PROFIT":176118931.6,"NETCASH_OPERATE":-23079722.58,"NETCASH_INVEST":-1638086108.1,"NETCASH_FINANCE":1677214907.57,"END_CASH":70068019.96,"DIVI_RATIO":null,"DIVIDEND_RATE":null,"CURRENT_RATIO":1.190266132317,"COMMON_ACS":20000000000,"CURRENTDEBT_DEBT":99.602659530813,"ISSUED_COMMON_SHARES":10520324505,"HK_COMMON_SHARES":10520324505,"PER_SHARES":4000,"TOTAL_MARKET_CAP":967869854.46,"HKSK_MARKET_CAP":967869854.46,"PE_TTM":17.635791156502,"PB_TTM":0.096695163719,"REPORT_DATE_SQ":"2020-12-31 00:00:00","REPORT_TYPE_SQ":"2020年年报","OPERATE_INCOME_SQ":95004148.26,"DPS_HKD":null,"OPERATE_INCOME_QOQ_SQ":0,"NET_PROFIT_RATIO_SQ":331.4348750523,"HOLDER_PROFIT_SQ":314876880.08,"HOLDER_PROFIT_QOQ_SQ":0,"ROE_AVG_SQ":8.622360796998,"PE_TTM_SQ":7.905533399029,"PB_TTM_SQ":0.117246163407,"ROA_SQ":7.345798874063,"START_DATE":"2021-04-01 00:00:00","FISCAL_YEAR":"3-31","CURRENCY":"HKD","IS_CNY_CODE":0,"DPS_HKD_LY":null,"ORG_TYPE":"证券","PREMIUM_INCOME":null,"PREMIUM_INCOME_YOY":null,"NET_INTEREST_INCOME":null,"NET_INTEREST_INCOME_YOY":null,"FEE_COMMISSION_INCOME":null,"FEE_COMMISSION_INCOME_YOY":null,"ACCOUNTS_RECE_TDAYS":0.357233020544,"INVENTORY_TDAYS":null,"CURRENT_ASSETS_TDAYS":0.036305605122,"TOTAL_ASSETS_TDAYS":0.014868807146,"PREMIUM_EXPENSE":null,"LOAN_DEPOSIT":null,"LOAN_EQUITY":null,"LOAN_ASSETS":null,"DEPOSIT_EQUITY":null,"DEPOSIT_ASSETS":null,"EQUITY_MULTIPLIER":1.346035558488,"EQUITY_RATIO":0.346035558488},{"SECUCODE":"01140.HK","SECURITY_CODE":"01140","SECURITY_NAME_ABBR":"华科智能投资","ORG_CODE":"10010512","STD_REPORT_DATE":"2021-06-30 00:00:00","REPORT_DATE":"2021-09-30 00:00:00","DATE_TYPE_CODE":"002","REPORT_TYPE":"2021年中报","PER_NETCASH_OPERATE":-0.055511679571,"PER_OI":0.012918775477,"BPS":0.405510488207,"BASIC_EPS":0.0583142,"DILUTED_EPS":0.0583142,"OPERATE_INCOME":44971911.04,"OPERATE_INCOME_YOY":3.4202730418,"GROSS_PROFIT":null,"GROSS_PROFIT_YOY":null,"HOLDER_PROFIT":163941209.64,"HOLDER_PROFIT_YOY":-53.7404827779,"GROSS_PROFIT_RATIO":null,"EPS_TTM":0.10854305159,"OPERATE_INCOME_QOQ":0,"NET_PROFIT_RATIO":394.2029566123,"ROE_AVG":4.079401080888,"GROSS_PROFIT_QOQ":null,"ROA":3.579584939201,"HOLDER_PROFIT_QOQ":0,"ROE_YEARLY":8.158802161775,"ROIC_YEARLY":7.287680805402,"TOTAL_ASSETS":4687682768.9,"TOTAL_LIABILITIES":421580842.78,"TAX_EBT":-2.134616282872,"OCF_SALES":-464.660870958696,"TOTAL_PARENT_EQUITY":4266101926.12,"DEBT_ASSET_RATIO":8.993373988,"OPERATE_PROFIT":171021386.58,"PRETAX_PROFIT":160514833.86,"NETCASH_OPERATE":-193243262.08,"NETCASH_INVEST":56173235.8,"NETCASH_FINANCE":187618440.96,"END_CASH":106036042.1,"DIVI_RATIO":null,"DIVIDEND_RATE":null,"CURRENT_RATIO":6.572268731729,"COMMON_ACS":20000000000,"CURRENTDEBT_DEBT":97.271090753523,"ISSUED_COMMON_SHARES":10520324505,"HK_COMMON_SHARES":10520324505,"PER_SHARES":4000,"TOTAL_MARKET_CAP":967869854.46,"HKSK_MARKET_CAP":967869854.46,"PE_TTM":17.635791156502,"PB_TTM":0.096695163719,"REPORT_DATE_SQ":"2020-06-30 00:00:00","REPORT_TYPE_SQ":"2020年中报","OPERATE_INCOME_SQ":42416693.12,"DPS_HKD":null,"OPERATE_INCOME_QOQ_SQ":0,"NET_PROFIT_RATIO_SQ":881.3014024984,"HOLDER_PROFIT_SQ":373818911.36,"HOLDER_PROFIT_QOQ_SQ":0,"ROE_AVG_SQ":9.80129597097,"PE_TTM_SQ":7.905533399029,"PB_TTM_SQ":0.117246163407,"ROA_SQ":8.716290841894,"START_DATE":"2021-04-01 00:00:00","FISCAL_YEAR":"3-31","CURRENCY":"HKD","IS_CNY_CODE":0,"DPS_HKD_LY":null,"ORG_TYPE":"证券","PREMIUM_INCOME":null,"PREMIUM_INCOME_YOY":null,"NET_INTEREST_INCOME":null,"NET_INTEREST_INCOME_YOY":null,"FEE_COMMISSION_INCOME":null,"FEE_COMMISSION_INCOME_YOY":null,"ACCOUNTS_RECE_TDAYS":0.209891135303,"INVENTORY_TDAYS":null,"CURRENT_ASSETS_TDAYS":0.016069138303,"TOTAL_ASSETS_TDAYS":0.009080563398,"PREMIUM_EXPENSE":null,"LOAN_DEPOSIT":null,"LOAN_EQUITY":null,"LOAN_ASSETS":null,"DEPOSIT_EQUITY":null,"DEPOSIT_ASSETS":null,"EQUITY_MULTIPLIER":1.098821090091,"EQUITY_RATIO":0.098821090091},{"SECUCODE":"01140.HK","SECURITY_CODE":"01140","SECURITY_NAME_ABBR":"华科智能投资","ORG_CODE":"10010512","STD_REPORT_DATE":"2020-12-31 00:00:00","REPORT_DATE":"2021-03-31 00:00:00","DATE_TYPE_CODE":"001","REPORT_TYPE":"2020年年报","PER_NETCASH_OPERATE":-0.015747593601,"PER_OI":0.03274943579,"BPS":0.363703718968,"BASIC_EPS":0.1098734,"DILUTED_EPS":0.1098734,"OPERATE_INCOME":95004148.26,"OPERATE_INCOME_YOY":-38.2351971515,"GROSS_PROFIT":null,"GROSS_PROFIT_YOY":null,"HOLDER_PROFIT":314876880.08,"HOLDER_PROFIT_YOY":127.140894342,"GROSS_PROFIT_RATIO":null,"EPS_TTM":-0.386214713534,"OPERATE_INCOME_QOQ":0,"NET_PROFIT_RATIO":331.4348750523,"ROE_AVG":8.622360796998,"GROSS_PROFIT_QOQ":null,"ROA":7.345798874063,"HOLDER_PROFIT_QOQ":0,"ROE_YEARLY":8.622360796998,"ROIC_YEARLY":7.481509141984,"TOTAL_ASSETS":4537169651.84,"TOTAL_LIABILITIES":710888504.62,"TAX_EBT":1.091940138424,"OCF_SALES":-48.085083669167,"TOTAL_PARENT_EQUITY":3826281147.22,"DEBT_ASSET_RATIO":15.6681049899,"OPERATE_PROFIT":213353858.48,"PRETAX_PROFIT":318353105.42,"NETCASH_OPERATE":-45682824.18,"NETCASH_INVEST":28493553.34,"NETCASH_FINANCE":-25729814.74,"END_CASH":56294904.26,"DIVI_RATIO":null,"DIVIDEND_RATE":null,"CURRENT_RATIO":3.648990523987,"COMMON_ACS":20000000000,"CURRENTDEBT_DEBT":97.034510390449,"ISSUED_COMMON_SHARES":10520324505,"HK_COMMON_SHARES":10520324505,"PER_SHARES":4000,"TOTAL_MARKET_CAP":967869854.46,"HKSK_MARKET_CAP":967869854.46,"PE_TTM":17.635791156502,"PB_TTM":0.096695163719,"REPORT_DATE_SQ":"2019-12-31 00:00:00","REPORT_TYPE_SQ":"2019年年报","OPERATE_INCOME_SQ":166286090.4,"DPS_HKD":null,"OPERATE_INCOME_QOQ_SQ":0,"NET_PROFIT_RATIO_SQ":-754.2496373467,"HOLDER_PROFIT_SQ":-1254212233.8,"HOLDER_PROFIT_QOQ_SQ":0,"ROE_AVG_SQ":-28.172128459294,"PE_TTM_SQ":7.905533399029,"PB_TTM_SQ":0.117246163407,"ROA_SQ":-25.775882465608,"START_DATE":"2020-04-01 00:00:00","FISCAL_YEAR":"3-31","CURRENCY":"HKD","IS_CNY_CODE":0,"DPS_HKD_LY":null,"ORG_TYPE":"证券","PREMIUM_INCOME":null,"PREMIUM_INCOME_YOY":null,"NET_INTEREST_INCOME":null,"NET_INTEREST_INCOME_YOY":null,"FEE_COMMISSION_INCOME":null,"FEE_COMMISSION_INCOME_YOY":null,"ACCOUNTS_RECE_TDAYS":0.676024573527,"INVENTORY_TDAYS":null,"CURRENT_ASSETS_TDAYS":0.041997742575,"TOTAL_ASSETS_TDAYS":0.022163626785,"PREMIUM_EXPENSE":null,"LOAN_DEPOSIT":null,"LOAN_EQUITY":null,"LOAN_ASSETS":null,"DEPOSIT_EQUITY":null,"DEPOSIT_ASSETS":null,"EQUITY_MULTIPLIER":1.18579097491,"EQUITY_RATIO":0.18579097491},{"SECUCODE":"01140.HK","SECURITY_CODE":"01140","SECURITY_NAME_ABBR":"华科智能投资","ORG_CODE":"10010512","STD_REPORT_DATE":"2020-06-30 00:00:00","REPORT_DATE":"2020-09-30 00:00:00","DATE_TYPE_CODE":"002","REPORT_TYPE":"2020年中报","PER_NETCASH_OPERATE":-0.016546691321,"PER_OI":0.014621706454,"BPS":0.381404920323,"BASIC_EPS":0.131808,"DILUTED_EPS":0.131808,"OPERATE_INCOME":42416693.12,"OPERATE_INCOME_YOY":-54.5188158366,"GROSS_PROFIT":null,"GROSS_PROFIT_YOY":null,"HOLDER_PROFIT":373818911.36,"HOLDER_PROFIT_YOY":59.8912291779,"GROSS_PROFIT_RATIO":null,"EPS_TTM":-0.432346837163,"OPERATE_INCOME_QOQ":0,"NET_PROFIT_RATIO":881.3014024984,"ROE_AVG":9.80129597097,"GROSS_PROFIT_QOQ":null,"ROA":8.716290841894,"HOLDER_PROFIT_QOQ":0,"ROE_YEARLY":19.602591941941,"ROIC_YEARLY":17.72075152602,"TOTAL_ASSETS":4381511448.96,"TOTAL_LIABILITIES":369007919.36,"TAX_EBT":8.073072543126,"OCF_SALES":-113.165254500632,"TOTAL_PARENT_EQUITY":4012503529.6,"DEBT_ASSET_RATIO":8.421932104,"OPERATE_PROFIT":342869514.24,"PRETAX_PROFIT":406647890.56,"NETCASH_OPERATE":-48000958.72,"NETCASH_INVEST":203516824.32,"NETCASH_FINANCE":-222333734.4,"END_CASH":36333314.56,"DIVI_RATIO":null,"DIVIDEND_RATE":null,"CURRENT_RATIO":7.696531225879,"COMMON_ACS":20000000000,"CURRENTDEBT_DEBT":82.681729207645,"ISSUED_COMMON_SHARES":10520324505,"HK_COMMON_SHARES":10520324505,"PER_SHARES":4000,"TOTAL_MARKET_CAP":967869854.46,"HKSK_MARKET_CAP":967869854.46,"PE_TTM":17.635791156502,"PB_TTM":0.096695163719,"REPORT_DATE_SQ":"2019-06-30 00:00:00","REPORT_TYPE_SQ":"2019年中报","OPERATE_INCOME_SQ":95733929.34,"DPS_HKD":null,"OPERATE_INCOME_QOQ_SQ":0,"NET_PROFIT_RATIO_SQ":250.6868675448,"HOLDER_PROFIT_SQ":239992388.64,"HOLDER_PROFIT_QOQ_SQ":0,"ROE_AVG_SQ":4.675315912072,"PE_TTM_SQ":7.905533399029,"PB_TTM_SQ":0.117246163407,"ROA_SQ":4.360013804482,"START_DATE":"2020-04-01 00:00:00","FISCAL_YEAR":"3-31","CURRENCY":"HKD","IS_CNY_CODE":0,"DPS_HKD_LY":null,"ORG_TYPE":"证券","PREMIUM_INCOME":null,"PREMIUM_INCOME_YOY":null,"NET_INTEREST_INCOME":null,"NET_INTEREST_INCOME_YOY":null,"FEE_COMMISSION_INCOME":null,"FEE_COMMISSION_INCOME_YOY":null,"ACCOUNTS_RECE_TDAYS":1.068486176594,"INVENTORY_TDAYS":null,"CURRENT_ASSETS_TDAYS":0.019128030325,"TOTAL_ASSETS_TDAYS":0.009890249598,"PREMIUM_EXPENSE":null,"LOAN_DEPOSIT":null,"LOAN_EQUITY":null,"LOAN_ASSETS":null,"DEPOSIT_EQUITY":null,"DEPOSIT_ASSETS":null,"EQUITY_MULTIPLIER":1.091964509598,"EQUITY_RATIO":0.091964509598}],"count":43},"success":true,"message":"ok","code":0}