{"version":"2dea9151fe12465058702b8ce9f375b2","result":{"pages":5,"data":[{"SECUCODE":"01145.HK","SECURITY_CODE":"01145","SECURITY_NAME_ABBR":"勇利投资","ORG_CODE":"10160416","STD_REPORT_DATE":"2024-06-30 00:00:00","REPORT_DATE":"2024-06-30 00:00:00","DATE_TYPE_CODE":"002","REPORT_TYPE":"2024年中报","PER_NETCASH_OPERATE":0.018983962344,"PER_OI":0.032916788333,"BPS":0.379004030713,"BASIC_EPS":0.00855216,"DILUTED_EPS":null,"OPERATE_INCOME":36132876,"OPERATE_INCOME_YOY":27.0995236901,"GROSS_PROFIT":14994787.2,"GROSS_PROFIT_YOY":146.457636067749,"HOLDER_PROFIT":9108050.4,"HOLDER_PROFIT_YOY":230.01017294,"GROSS_PROFIT_RATIO":41.499013806706,"EPS_TTM":-0.010873279771,"OPERATE_INCOME_QOQ":12.123750635749,"NET_PROFIT_RATIO":25.2071005917,"ROE_AVG":2.213485286731,"GROSS_PROFIT_QOQ":54.866486069005,"ROA":2.157016633332,"HOLDER_PROFIT_QOQ":57.594818265014,"ROE_YEARLY":4.426970573462,"ROIC_YEARLY":6.335828664915,"TOTAL_ASSETS":423780908.4,"TOTAL_LIABILITIES":7746831.6,"TAX_EBT":null,"OCF_SALES":57.67258382643,"TOTAL_PARENT_EQUITY":416034076.8,"DEBT_ASSET_RATIO":1.8280275129,"OPERATE_PROFIT":9243459.6,"PRETAX_PROFIT":9108050.4,"NETCASH_OPERATE":20838763.2,"NETCASH_INVEST":-10811355.6,"NETCASH_FINANCE":-5751327.6,"END_CASH":13640695.2,"DIVI_RATIO":null,"DIVIDEND_RATE":null,"CURRENT_RATIO":18.927322907084,"COMMON_ACS":180000000000,"CURRENTDEBT_DEBT":100,"ISSUED_COMMON_SHARES":1097703568,"HK_COMMON_SHARES":1097703568,"PER_SHARES":20000,"TOTAL_MARKET_CAP":147092278.112,"HKSK_MARKET_CAP":147092278.112,"PE_TTM":-10.9968019984,"PB_TTM":0.322685539344,"REPORT_DATE_SQ":"2023-06-30 00:00:00","REPORT_TYPE_SQ":"2023年中报","OPERATE_INCOME_SQ":28823716.2,"DPS_HKD":null,"OPERATE_INCOME_QOQ_SQ":-24.225556764416,"NET_PROFIT_RATIO_SQ":-24.6427676109,"HOLDER_PROFIT_SQ":-7102961.4,"HOLDER_PROFIT_QOQ_SQ":-225.966768618882,"ROE_AVG_SQ":-1.624202769241,"PE_TTM_SQ":-6.794737321911,"PB_TTM_SQ":0.163662189626,"ROA_SQ":-1.509335462474,"START_DATE":"2024-01-01 00:00:00","FISCAL_YEAR":"12-31","CURRENCY":"HKD","IS_CNY_CODE":0,"DPS_HKD_LY":null,"ORG_TYPE":"一般企业","PREMIUM_INCOME":null,"PREMIUM_INCOME_YOY":null,"NET_INTEREST_INCOME":null,"NET_INTEREST_INCOME_YOY":null,"FEE_COMMISSION_INCOME":null,"FEE_COMMISSION_INCOME_YOY":null,"ACCOUNTS_RECE_TDAYS":26.754617414248,"INVENTORY_TDAYS":null,"CURRENT_ASSETS_TDAYS":0.257484573779,"TOTAL_ASSETS_TDAYS":0.085571786628,"PREMIUM_EXPENSE":null,"LOAN_DEPOSIT":null,"LOAN_EQUITY":null,"LOAN_ASSETS":null,"DEPOSIT_EQUITY":null,"DEPOSIT_ASSETS":null,"EQUITY_MULTIPLIER":1.018620666027,"EQUITY_RATIO":0.018620666027},{"SECUCODE":"01145.HK","SECURITY_CODE":"01145","SECURITY_NAME_ABBR":"勇利投资","ORG_CODE":"10160416","STD_REPORT_DATE":"2023-12-31 00:00:00","REPORT_DATE":"2023-12-31 00:00:00","DATE_TYPE_CODE":"001","REPORT_TYPE":"2023年年报","PER_NETCASH_OPERATE":0.01594360464,"PER_OI":0.054921878873,"BPS":0.368412763144,"BASIC_EPS":-0.02549772,"DILUTED_EPS":null,"OPERATE_INCOME":60287942.4,"OPERATE_INCOME_YOY":-31.1994827029,"GROSS_PROFIT":16240631.1,"GROSS_PROFIT_YOY":-56.591905776279,"HOLDER_PROFIT":-28146649.8,"HOLDER_PROFIT_YOY":-453.8735529831,"GROSS_PROFIT_RATIO":26.938439849624,"EPS_TTM":-0.025641394107,"OPERATE_INCOME_QOQ":-7.663880717303,"NET_PROFIT_RATIO":-46.6870300752,"ROE_AVG":-6.722148922494,"GROSS_PROFIT_QOQ":4.475126873485,"ROA":-6.333622867343,"HOLDER_PROFIT_QOQ":-185.68983366975,"ROE_YEARLY":-6.722148922494,"ROIC_YEARLY":-8.655971945416,"TOTAL_ASSETS":418120111.8,"TOTAL_LIABILITIES":13712107.2,"TAX_EBT":null,"OCF_SALES":29.029605263158,"TOTAL_PARENT_EQUITY":404408004.6,"DEBT_ASSET_RATIO":3.2794660704,"OPERATE_PROFIT":-12083086.2,"PRETAX_PROFIT":-28146649.8,"NETCASH_OPERATE":17501351.7,"NETCASH_INVEST":-8010533.7,"NETCASH_FINANCE":-15773172.9,"END_CASH":9306667.8,"DIVI_RATIO":null,"DIVIDEND_RATE":null,"CURRENT_RATIO":9.759730150493,"COMMON_ACS":180000000000,"CURRENTDEBT_DEBT":99.535123966942,"ISSUED_COMMON_SHARES":1097703568,"HK_COMMON_SHARES":1097703568,"PER_SHARES":20000,"TOTAL_MARKET_CAP":125138206.752,"HKSK_MARKET_CAP":125138206.752,"PE_TTM":-9.355488267296,"PB_TTM":0.274523518546,"REPORT_DATE_SQ":"2022-12-31 00:00:00","REPORT_TYPE_SQ":"2022年年报","OPERATE_INCOME_SQ":86166031.2,"DPS_HKD":null,"OPERATE_INCOME_QOQ_SQ":1.163129605987,"NET_PROFIT_RATIO_SQ":9.076947947,"HOLDER_PROFIT_SQ":7821245.8,"HOLDER_PROFIT_QOQ_SQ":-89.270877203386,"ROE_AVG_SQ":1.832123337956,"PE_TTM_SQ":-6.11526358972,"PB_TTM_SQ":0.147295970664,"ROA_SQ":1.616920795358,"START_DATE":"2023-01-01 00:00:00","FISCAL_YEAR":"12-31","CURRENCY":"HKD","IS_CNY_CODE":0,"DPS_HKD_LY":null,"ORG_TYPE":"一般企业","PREMIUM_INCOME":null,"PREMIUM_INCOME_YOY":null,"NET_INTEREST_INCOME":null,"NET_INTEREST_INCOME_YOY":null,"FEE_COMMISSION_INCOME":null,"FEE_COMMISSION_INCOME_YOY":null,"ACCOUNTS_RECE_TDAYS":26.352941176471,"INVENTORY_TDAYS":null,"CURRENT_ASSETS_TDAYS":0.459065904433,"TOTAL_ASSETS_TDAYS":0.135661293022,"PREMIUM_EXPENSE":null,"LOAN_DEPOSIT":null,"LOAN_EQUITY":null,"LOAN_ASSETS":null,"DEPOSIT_EQUITY":null,"DEPOSIT_ASSETS":null,"EQUITY_MULTIPLIER":1.033906616694,"EQUITY_RATIO":0.033906616694},{"SECUCODE":"01145.HK","SECURITY_CODE":"01145","SECURITY_NAME_ABBR":"勇利投资","ORG_CODE":"10160416","STD_REPORT_DATE":"2023-06-30 00:00:00","REPORT_DATE":"2023-06-30 00:00:00","DATE_TYPE_CODE":"002","REPORT_TYPE":"2023年中报","PER_NETCASH_OPERATE":-0.00327816043,"PER_OI":0.026258196694,"BPS":0.394340318661,"BASIC_EPS":-0.00650322,"DILUTED_EPS":null,"OPERATE_INCOME":28823716.2,"OPERATE_INCOME_YOY":-46.1309925726,"GROSS_PROFIT":6084123.6,"GROSS_PROFIT_YOY":-78.23443732173,"HOLDER_PROFIT":-7102961.4,"HOLDER_PROFIT_YOY":-162.4126984127,"GROSS_PROFIT_RATIO":21.108047129606,"EPS_TTM":-0.008975256059,"OPERATE_INCOME_QOQ":-24.225556764416,"NET_PROFIT_RATIO":-24.6427676109,"ROE_AVG":-1.624202769241,"GROSS_PROFIT_QOQ":-58.451264408335,"ROA":-1.509335462474,"HOLDER_PROFIT_QOQ":-225.966768618882,"ROE_YEARLY":-3.248405538482,"ROIC_YEARLY":-3.920473807007,"TOTAL_ASSETS":461013265.8,"TOTAL_LIABILITIES":28144491,"TAX_EBT":null,"OCF_SALES":-12.48433191276,"TOTAL_PARENT_EQUITY":432868774.8,"DEBT_ASSET_RATIO":6.1049199856,"OPERATE_PROFIT":-939354,"PRETAX_PROFIT":-7102961.4,"NETCASH_OPERATE":-3598448.4,"NETCASH_INVEST":5188124.4,"NETCASH_FINANCE":-8049541.2,"END_CASH":9444120.6,"DIVI_RATIO":null,"DIVIDEND_RATE":null,"CURRENT_RATIO":5.770074169623,"COMMON_ACS":180000000000,"CURRENTDEBT_DEBT":79.614890885751,"ISSUED_COMMON_SHARES":1097703568,"HK_COMMON_SHARES":1097703568,"PER_SHARES":20000,"TOTAL_MARKET_CAP":125138206.752,"HKSK_MARKET_CAP":125138206.752,"PE_TTM":-9.355488267296,"PB_TTM":0.274523518546,"REPORT_DATE_SQ":"2022-06-30 00:00:00","REPORT_TYPE_SQ":"2022年中报","OPERATE_INCOME_SQ":49697917,"DPS_HKD":null,"OPERATE_INCOME_QOQ_SQ":37.188020475914,"NET_PROFIT_RATIO_SQ":21.2694125591,"HOLDER_PROFIT_SQ":10570455,"HOLDER_PROFIT_QOQ_SQ":9.016231830699,"ROE_AVG_SQ":2.552798353242,"PE_TTM_SQ":-6.11526358972,"PB_TTM_SQ":0.147295970664,"ROA_SQ":2.22220654528,"START_DATE":"2023-01-01 00:00:00","FISCAL_YEAR":"12-31","CURRENCY":"HKD","IS_CNY_CODE":0,"DPS_HKD_LY":null,"ORG_TYPE":"一般企业","PREMIUM_INCOME":null,"PREMIUM_INCOME_YOY":null,"NET_INTEREST_INCOME":null,"NET_INTEREST_INCOME_YOY":null,"FEE_COMMISSION_INCOME":null,"FEE_COMMISSION_INCOME_YOY":null,"ACCOUNTS_RECE_TDAYS":15.052830188679,"INVENTORY_TDAYS":null,"CURRENT_ASSETS_TDAYS":0.220569532762,"TOTAL_ASSETS_TDAYS":0.061248618106,"PREMIUM_EXPENSE":null,"LOAN_DEPOSIT":null,"LOAN_EQUITY":null,"LOAN_ASSETS":null,"DEPOSIT_EQUITY":null,"DEPOSIT_ASSETS":null,"EQUITY_MULTIPLIER":1.065018529029,"EQUITY_RATIO":0.065018529029},{"SECUCODE":"01145.HK","SECURITY_CODE":"01145","SECURITY_NAME_ABBR":"勇利投资","ORG_CODE":"10160416","STD_REPORT_DATE":"2022-12-31 00:00:00","REPORT_DATE":"2022-12-31 00:00:00","DATE_TYPE_CODE":"001","REPORT_TYPE":"2022年年报","PER_NETCASH_OPERATE":0.046893678859,"PER_OI":0.07849663034,"BPS":0.387902278186,"BASIC_EPS":0.0069646,"DILUTED_EPS":null,"OPERATE_INCOME":86166031.2,"OPERATE_INCOME_YOY":27.0486752927,"GROSS_PROFIT":37413831.2,"GROSS_PROFIT_YOY":21.923787994634,"HOLDER_PROFIT":7821245.8,"HOLDER_PROFIT_YOY":-89.2925247902,"GROSS_PROFIT_RATIO":43.420627222761,"EPS_TTM":0.007125098276,"OPERATE_INCOME_QOQ":1.163129605987,"NET_PROFIT_RATIO":9.076947947,"ROE_AVG":1.832123337956,"GROSS_PROFIT_QOQ":-22.2732906822,"ROA":1.616920795358,"HOLDER_PROFIT_QOQ":-89.270877203386,"ROE_YEARLY":1.832123337956,"ROIC_YEARLY":1.945481476348,"TOTAL_ASSETS":462832493,"TOTAL_LIABILITIES":37030778.2,"TAX_EBT":null,"OCF_SALES":59.739734885225,"TOTAL_PARENT_EQUITY":425801714.8,"DEBT_ASSET_RATIO":8.0009028666,"OPERATE_PROFIT":27168904.6,"PRETAX_PROFIT":7821245.8,"NETCASH_OPERATE":51475358.6,"NETCASH_INVEST":-40255388,"NETCASH_FINANCE":-49100430,"END_CASH":15329084.6,"DIVI_RATIO":null,"DIVIDEND_RATE":null,"CURRENT_RATIO":4.777051751176,"COMMON_ACS":180000000000,"CURRENTDEBT_DEBT":71.957870979876,"ISSUED_COMMON_SHARES":1097703568,"HK_COMMON_SHARES":1097703568,"PER_SHARES":20000,"TOTAL_MARKET_CAP":125138206.752,"HKSK_MARKET_CAP":125138206.752,"PE_TTM":-9.355488267296,"PB_TTM":0.274523518546,"REPORT_DATE_SQ":"2021-12-31 00:00:00","REPORT_TYPE_SQ":"2021年年报","OPERATE_INCOME_SQ":62086566.6,"DPS_HKD":null,"OPERATE_INCOME_QOQ_SQ":30.929791540253,"NET_PROFIT_RATIO_SQ":107.7017868145,"HOLDER_PROFIT_SQ":66868341.6,"HOLDER_PROFIT_QOQ_SQ":855.826748141092,"ROE_AVG_SQ":18.898659362837,"PE_TTM_SQ":-6.11526358972,"PB_TTM_SQ":0.147295970664,"ROA_SQ":15.049828881379,"START_DATE":"2022-01-01 00:00:00","FISCAL_YEAR":"12-31","CURRENCY":"HKD","IS_CNY_CODE":0,"DPS_HKD_LY":null,"ORG_TYPE":"一般企业","PREMIUM_INCOME":null,"PREMIUM_INCOME_YOY":null,"NET_INTEREST_INCOME":null,"NET_INTEREST_INCOME_YOY":null,"FEE_COMMISSION_INCOME":null,"FEE_COMMISSION_INCOME_YOY":null,"ACCOUNTS_RECE_TDAYS":null,"INVENTORY_TDAYS":null,"CURRENT_ASSETS_TDAYS":0.788050574859,"TOTAL_ASSETS_TDAYS":0.178134853786,"PREMIUM_EXPENSE":null,"LOAN_DEPOSIT":null,"LOAN_EQUITY":null,"LOAN_ASSETS":null,"DEPOSIT_EQUITY":null,"DEPOSIT_ASSETS":null,"EQUITY_MULTIPLIER":1.086967188982,"EQUITY_RATIO":0.086967188982},{"SECUCODE":"01145.HK","SECURITY_CODE":"01145","SECURITY_NAME_ABBR":"勇利投资","ORG_CODE":"10160416","STD_REPORT_DATE":"2022-06-30 00:00:00","REPORT_DATE":"2022-06-30 00:00:00","DATE_TYPE_CODE":"002","REPORT_TYPE":"2022年中报","PER_NETCASH_OPERATE":0.030435675144,"PER_OI":0.045274442435,"BPS":0.378715666888,"BASIC_EPS":0.00939596,"DILUTED_EPS":null,"OPERATE_INCOME":49697917,"OPERATE_INCOME_YOY":79.7766448167,"GROSS_PROFIT":27952981,"GROSS_PROFIT_YOY":166.114382556807,"HOLDER_PROFIT":10570455,"HOLDER_PROFIT_YOY":124.039829303,"GROSS_PROFIT_RATIO":56.245779878461,"EPS_TTM":0.066408954498,"OPERATE_INCOME_QOQ":37.188020475914,"NET_PROFIT_RATIO":21.2694125591,"ROE_AVG":2.552798353242,"GROSS_PROFIT_QOQ":56.8621508163,"ROA":2.22220654528,"HOLDER_PROFIT_QOQ":9.016231830699,"ROE_YEARLY":5.105596706485,"ROIC_YEARLY":5.431221766268,"TOTAL_ASSETS":465100020,"TOTAL_LIABILITIES":49382481.2,"TAX_EBT":null,"OCF_SALES":67.224848075625,"TOTAL_PARENT_EQUITY":415717538.8,"DEBT_ASSET_RATIO":10.6176046176,"OPERATE_PROFIT":11697970.2,"PRETAX_PROFIT":10570455,"NETCASH_OPERATE":33409349.2,"NETCASH_INVEST":63194542.4,"NETCASH_FINANCE":-26301976.6,"END_CASH":121577011,"DIVI_RATIO":null,"DIVIDEND_RATE":null,"CURRENT_RATIO":7.498218104063,"COMMON_ACS":180000000000,"CURRENTDEBT_DEBT":38.135362870345,"ISSUED_COMMON_SHARES":1097703568,"HK_COMMON_SHARES":1097703568,"PER_SHARES":20000,"TOTAL_MARKET_CAP":125138206.752,"HKSK_MARKET_CAP":125138206.752,"PE_TTM":-9.355488267296,"PB_TTM":0.274523518546,"REPORT_DATE_SQ":"2021-06-30 00:00:00","REPORT_TYPE_SQ":"2021年中报","OPERATE_INCOME_SQ":26609151.9,"DPS_HKD":null,"OPERATE_INCOME_QOQ_SQ":-8.23857995579,"NET_PROFIT_RATIO_SQ":17.0672493324,"HOLDER_PROFIT_SQ":4541450.3,"HOLDER_PROFIT_QOQ_SQ":60.92536226664,"ROE_AVG_SQ":1.4184110971,"PE_TTM_SQ":-6.11526358972,"PB_TTM_SQ":0.147295970664,"ROA_SQ":1.085814901767,"START_DATE":"2022-01-01 00:00:00","FISCAL_YEAR":"12-31","CURRENCY":"HKD","IS_CNY_CODE":0,"DPS_HKD_LY":null,"ORG_TYPE":"一般企业","PREMIUM_INCOME":null,"PREMIUM_INCOME_YOY":null,"NET_INTEREST_INCOME":null,"NET_INTEREST_INCOME_YOY":null,"FEE_COMMISSION_INCOME":null,"FEE_COMMISSION_INCOME_YOY":null,"ACCOUNTS_RECE_TDAYS":54.051094890511,"INVENTORY_TDAYS":null,"CURRENT_ASSETS_TDAYS":0.433522627481,"TOTAL_ASSETS_TDAYS":0.104478980748,"PREMIUM_EXPENSE":null,"LOAN_DEPOSIT":null,"LOAN_EQUITY":null,"LOAN_ASSETS":null,"DEPOSIT_EQUITY":null,"DEPOSIT_ASSETS":null,"EQUITY_MULTIPLIER":1.118788544122,"EQUITY_RATIO":0.118788544122},{"SECUCODE":"01145.HK","SECURITY_CODE":"01145","SECURITY_NAME_ABBR":"勇利投资","ORG_CODE":"10160416","STD_REPORT_DATE":"2021-12-31 00:00:00","REPORT_DATE":"2021-12-31 00:00:00","DATE_TYPE_CODE":"001","REPORT_TYPE":"2021年年报","PER_NETCASH_OPERATE":0.024684920219,"PER_OI":0.056560412492,"BPS":0.356926521715,"BASIC_EPS":0.06120672,"DILUTED_EPS":null,"OPERATE_INCOME":62086566.6,"OPERATE_INCOME_YOY":22.9545454545,"GROSS_PROFIT":30686244.1,"GROSS_PROFIT_YOY":72.585127882026,"HOLDER_PROFIT":66868341.6,"HOLDER_PROFIT_YOY":402.2478386167,"GROSS_PROFIT_RATIO":49.424933251181,"EPS_TTM":0.060916574884,"OPERATE_INCOME_QOQ":30.929791540253,"NET_PROFIT_RATIO":107.7017868145,"ROE_AVG":18.898659362837,"GROSS_PROFIT_QOQ":82.026035329201,"ROA":15.049828881379,"HOLDER_PROFIT_QOQ":855.826748141092,"ROE_YEARLY":18.898659362837,"ROIC_YEARLY":17.235117702642,"TOTAL_ASSETS":461925840.7,"TOTAL_LIABILITIES":70126324.3,"TAX_EBT":null,"OCF_SALES":43.643458615732,"TOTAL_PARENT_EQUITY":391799516.4,"DEBT_ASSET_RATIO":15.1812949442,"OPERATE_PROFIT":69163593.6,"PRETAX_PROFIT":66868341.6,"NETCASH_OPERATE":27096725,"NETCASH_INVEST":-1281515.7,"NETCASH_FINANCE":-41065883.7,"END_CASH":48710348,"DIVI_RATIO":null,"DIVIDEND_RATE":null,"CURRENT_RATIO":2.44175660588,"COMMON_ACS":180000000000,"CURRENTDEBT_DEBT":48.858987180653,"ISSUED_COMMON_SHARES":1097703568,"HK_COMMON_SHARES":1097703568,"PER_SHARES":20000,"TOTAL_MARKET_CAP":125138206.752,"HKSK_MARKET_CAP":125138206.752,"PE_TTM":-9.355488267296,"PB_TTM":0.274523518546,"REPORT_DATE_SQ":"2020-12-31 00:00:00","REPORT_TYPE_SQ":"2020年年报","OPERATE_INCOME_SQ":51677208,"DPS_HKD":null,"OPERATE_INCOME_QOQ_SQ":-37.122641550068,"NET_PROFIT_RATIO_SQ":-43.8131313131,"HOLDER_PROFIT_SQ":-22641403,"HOLDER_PROFIT_QOQ_SQ":-129.94402022537,"ROE_AVG_SQ":-7.431839112463,"PE_TTM_SQ":-6.11526358972,"PB_TTM_SQ":0.147295970664,"ROA_SQ":-5.269712064148,"START_DATE":"2021-01-01 00:00:00","FISCAL_YEAR":"12-31","CURRENCY":"HKD","IS_CNY_CODE":0,"DPS_HKD_LY":null,"ORG_TYPE":"一般企业","PREMIUM_INCOME":null,"PREMIUM_INCOME_YOY":null,"NET_INTEREST_INCOME":null,"NET_INTEREST_INCOME_YOY":null,"FEE_COMMISSION_INCOME":null,"FEE_COMMISSION_INCOME_YOY":null,"ACCOUNTS_RECE_TDAYS":null,"INVENTORY_TDAYS":null,"CURRENT_ASSETS_TDAYS":0.78336417022,"TOTAL_ASSETS_TDAYS":0.13973611141,"PREMIUM_EXPENSE":null,"LOAN_DEPOSIT":null,"LOAN_EQUITY":null,"LOAN_ASSETS":null,"DEPOSIT_EQUITY":null,"DEPOSIT_ASSETS":null,"EQUITY_MULTIPLIER":1.17898522424,"EQUITY_RATIO":0.17898522424},{"SECUCODE":"01145.HK","SECURITY_CODE":"01145","SECURITY_NAME_ABBR":"勇利投资","ORG_CODE":"10160416","STD_REPORT_DATE":"2021-06-30 00:00:00","REPORT_DATE":"2021-06-30 00:00:00","DATE_TYPE_CODE":"002","REPORT_TYPE":"2021年中报","PER_NETCASH_OPERATE":0.011075766313,"PER_OI":0.024240744656,"BPS":0.29181289725,"BASIC_EPS":0.00387606,"DILUTED_EPS":null,"OPERATE_INCOME":26609151.9,"OPERATE_INCOME_YOY":-5.5275229358,"GROSS_PROFIT":10504122.6,"GROSS_PROFIT_YOY":-8.070760883235,"HOLDER_PROFIT":4541450.3,"HOLDER_PROFIT_YOY":153.7872991584,"GROSS_PROFIT_RATIO":39.475600873999,"EPS_TTM":-0.008059595011,"OPERATE_INCOME_QOQ":-8.23857995579,"NET_PROFIT_RATIO":17.0672493324,"ROE_AVG":1.4184110971,"GROSS_PROFIT_QOQ":-5.186569838815,"ROA":1.085814901767,"HOLDER_PROFIT_QOQ":60.92536226664,"ROE_YEARLY":2.836822194199,"ROIC_YEARLY":2.504430847606,"TOTAL_ASSETS":404156776.2,"TOTAL_LIABILITIES":83832717.7,"TAX_EBT":null,"OCF_SALES":45.690701626608,"TOTAL_PARENT_EQUITY":320324058.5,"DEBT_ASSET_RATIO":20.7426233177,"OPERATE_PROFIT":6098334.4,"PRETAX_PROFIT":4541450.3,"NETCASH_OPERATE":12157908.2,"NETCASH_INVEST":-25840.4,"NETCASH_FINANCE":-30588573.5,"END_CASH":46351217.5,"DIVI_RATIO":null,"DIVIDEND_RATE":null,"CURRENT_RATIO":1.871621621622,"COMMON_ACS":180000000000,"CURRENTDEBT_DEBT":53.60252754874,"ISSUED_COMMON_SHARES":1097703568,"HK_COMMON_SHARES":1097703568,"PER_SHARES":20000,"TOTAL_MARKET_CAP":125138206.752,"HKSK_MARKET_CAP":125138206.752,"PE_TTM":-9.355488267296,"PB_TTM":0.274523518546,"REPORT_DATE_SQ":"2020-06-30 00:00:00","REPORT_TYPE_SQ":"2020年中报","OPERATE_INCOME_SQ":30866620,"DPS_HKD":null,"OPERATE_INCOME_QOQ_SQ":-19.900056555785,"NET_PROFIT_RATIO_SQ":-29.9770642202,"HOLDER_PROFIT_SQ":-9252906.5,"HOLDER_PROFIT_QOQ_SQ":-884.13310015959,"ROE_AVG_SQ":-3.036674759819,"PE_TTM_SQ":-6.11526358972,"PB_TTM_SQ":0.147295970664,"ROA_SQ":-2.073221027252,"START_DATE":"2021-01-01 00:00:00","FISCAL_YEAR":"12-31","CURRENCY":"HKD","IS_CNY_CODE":0,"DPS_HKD_LY":null,"ORG_TYPE":"一般企业","PREMIUM_INCOME":null,"PREMIUM_INCOME_YOY":null,"NET_INTEREST_INCOME":null,"NET_INTEREST_INCOME_YOY":null,"FEE_COMMISSION_INCOME":null,"FEE_COMMISSION_INCOME_YOY":null,"ACCOUNTS_RECE_TDAYS":null,"INVENTORY_TDAYS":null,"CURRENT_ASSETS_TDAYS":0.332727493033,"TOTAL_ASSETS_TDAYS":0.063619794884,"PREMIUM_EXPENSE":null,"LOAN_DEPOSIT":null,"LOAN_EQUITY":null,"LOAN_ASSETS":null,"DEPOSIT_EQUITY":null,"DEPOSIT_ASSETS":null,"EQUITY_MULTIPLIER":1.261712211355,"EQUITY_RATIO":0.261712211354},{"SECUCODE":"01145.HK","SECURITY_CODE":"01145","SECURITY_NAME_ABBR":"勇利投资","ORG_CODE":"10160416","STD_REPORT_DATE":"2020-12-31 00:00:00","REPORT_DATE":"2020-12-31 00:00:00","DATE_TYPE_CODE":"001","REPORT_TYPE":"2020年年报","PER_NETCASH_OPERATE":0.019954466705,"PER_OI":0.0470775622,"BPS":0.294472529217,"BASIC_EPS":-0.03523446,"DILUTED_EPS":null,"OPERATE_INCOME":51677208,"OPERATE_INCOME_YOY":-46.1517541474,"GROSS_PROFIT":17780352.5,"GROSS_PROFIT_YOY":-15.661284198742,"HOLDER_PROFIT":-22641403,"HOLDER_PROFIT_YOY":-2027.7777777778,"GROSS_PROFIT_RATIO":34.406565656566,"EPS_TTM":-0.020626154146,"OPERATE_INCOME_QOQ":-37.122641550068,"NET_PROFIT_RATIO":-43.8131313131,"ROE_AVG":-7.431839112463,"GROSS_PROFIT_QOQ":-24.236270191608,"ROA":-5.269712064148,"HOLDER_PROFIT_QOQ":-129.94402022537,"ROE_YEARLY":-7.431839112463,"ROIC_YEARLY":-5.821512754481,"TOTAL_ASSETS":436685457.4,"TOTAL_LIABILITIES":113441911.4,"TAX_EBT":0.02881014117,"OCF_SALES":42.386363636364,"TOTAL_PARENT_EQUITY":323243546,"DEBT_ASSET_RATIO":25.9779457909,"OPERATE_PROFIT":371919.3,"PRETAX_PROFIT":-22647927.9,"NETCASH_OPERATE":21904089.3,"NETCASH_INVEST":-4776226.8,"NETCASH_FINANCE":35599854.4,"END_CASH":65457796.8,"DIVI_RATIO":null,"DIVIDEND_RATE":null,"CURRENT_RATIO":1.576262083781,"COMMON_ACS":180000000000,"CURRENTDEBT_DEBT":42.839065915104,"ISSUED_COMMON_SHARES":1097703568,"HK_COMMON_SHARES":1097703568,"PER_SHARES":20000,"TOTAL_MARKET_CAP":125138206.752,"HKSK_MARKET_CAP":125138206.752,"PE_TTM":-9.355488267296,"PB_TTM":0.274523518546,"REPORT_DATE_SQ":"2019-12-31 00:00:00","REPORT_TYPE_SQ":"2019年年报","OPERATE_INCOME_SQ":102605949.6,"DPS_HKD":null,"OPERATE_INCOME_QOQ_SQ":-3.413215743314,"NET_PROFIT_RATIO_SQ":1.2238237694,"HOLDER_PROFIT_SQ":1255716,"HOLDER_PROFIT_QOQ_SQ":-94.556045439711,"ROE_AVG_SQ":0.414145365023,"PE_TTM_SQ":-6.11526358972,"PB_TTM_SQ":0.147295970664,"ROA_SQ":0.290585044556,"START_DATE":"2020-01-01 00:00:00","FISCAL_YEAR":"12-31","CURRENCY":"HKD","IS_CNY_CODE":0,"DPS_HKD_LY":null,"ORG_TYPE":"一般企业","PREMIUM_INCOME":null,"PREMIUM_INCOME_YOY":null,"NET_INTEREST_INCOME":null,"NET_INTEREST_INCOME_YOY":null,"FEE_COMMISSION_INCOME":null,"FEE_COMMISSION_INCOME_YOY":null,"ACCOUNTS_RECE_TDAYS":61.158301158301,"INVENTORY_TDAYS":null,"CURRENT_ASSETS_TDAYS":0.895876930038,"TOTAL_ASSETS_TDAYS":0.120277001579,"PREMIUM_EXPENSE":null,"LOAN_DEPOSIT":null,"LOAN_EQUITY":null,"LOAN_ASSETS":null,"DEPOSIT_EQUITY":null,"DEPOSIT_ASSETS":null,"EQUITY_MULTIPLIER":1.350948728301,"EQUITY_RATIO":0.3509487283},{"SECUCODE":"01145.HK","SECURITY_CODE":"01145","SECURITY_NAME_ABBR":"勇利投资","ORG_CODE":"10160416","STD_REPORT_DATE":"2020-06-30 00:00:00","REPORT_DATE":"2020-06-30 00:00:00","DATE_TYPE_CODE":"002","REPORT_TYPE":"2020年中报","PER_NETCASH_OPERATE":0.010576972088,"PER_OI":0.056238534518,"BPS":0.272415075634,"BASIC_EPS":-0.0169908,"DILUTED_EPS":null,"OPERATE_INCOME":30866620,"OPERATE_INCOME_YOY":-41.5549597855,"GROSS_PROFIT":11426313,"GROSS_PROFIT_YOY":26.394044930602,"HOLDER_PROFIT":-9252906.5,"HOLDER_PROFIT_YOY":-585.873605948,"GROSS_PROFIT_RATIO":37.018348623853,"EPS_TTM":-0.017940152673,"OPERATE_INCOME_QOQ":-19.900056555785,"NET_PROFIT_RATIO":-29.9770642202,"ROE_AVG":-3.036674759819,"GROSS_PROFIT_QOQ":11.318062105116,"ROA":-2.073221027252,"HOLDER_PROFIT_QOQ":-884.13310015959,"ROE_YEARLY":-6.073349519638,"ROIC_YEARLY":-4.250890345243,"TOTAL_ASSETS":434072463,"TOTAL_LIABILITIES":135041462.5,"TAX_EBT":null,"OCF_SALES":18.807339449541,"TOTAL_PARENT_EQUITY":299031000.5,"DEBT_ASSET_RATIO":31.1103500016,"OPERATE_PROFIT":-6067131.5,"PRETAX_PROFIT":-9252906.5,"NETCASH_OPERATE":5805190,"NETCASH_INVEST":-3256570,"NETCASH_FINANCE":-11780288,"END_CASH":4580436.5,"DIVI_RATIO":null,"DIVIDEND_RATE":null,"CURRENT_RATIO":0.459223431412,"COMMON_ACS":180000000000,"CURRENTDEBT_DEBT":39.019659239843,"ISSUED_COMMON_SHARES":1097703568,"HK_COMMON_SHARES":1097703568,"PER_SHARES":20000,"TOTAL_MARKET_CAP":125138206.752,"HKSK_MARKET_CAP":125138206.752,"PE_TTM":-9.355488267296,"PB_TTM":0.274523518546,"REPORT_DATE_SQ":"2019-06-30 00:00:00","REPORT_TYPE_SQ":"2019年中报","OPERATE_INCOME_SQ":51285262,"DPS_HKD":null,"OPERATE_INCOME_QOQ_SQ":26.966413208103,"NET_PROFIT_RATIO_SQ":3.6058981233,"HOLDER_PROFIT_SQ":1849294.3,"HOLDER_PROFIT_QOQ_SQ":168.653790104646,"ROE_AVG_SQ":0.618369481512,"PE_TTM_SQ":-6.11526358972,"PB_TTM_SQ":0.147295970664,"ROA_SQ":0.435482957075,"START_DATE":"2020-01-01 00:00:00","FISCAL_YEAR":"12-31","CURRENCY":"HKD","IS_CNY_CODE":0,"DPS_HKD_LY":null,"ORG_TYPE":"一般企业","PREMIUM_INCOME":null,"PREMIUM_INCOME_YOY":null,"NET_INTEREST_INCOME":null,"NET_INTEREST_INCOME_YOY":null,"FEE_COMMISSION_INCOME":null,"FEE_COMMISSION_INCOME_YOY":null,"ACCOUNTS_RECE_TDAYS":41.52380952381,"INVENTORY_TDAYS":null,"CURRENT_ASSETS_TDAYS":0.93172347473,"TOTAL_ASSETS_TDAYS":0.069160242378,"PREMIUM_EXPENSE":null,"LOAN_DEPOSIT":null,"LOAN_EQUITY":null,"LOAN_ASSETS":null,"DEPOSIT_EQUITY":null,"DEPOSIT_ASSETS":null,"EQUITY_MULTIPLIER":1.451596865455,"EQUITY_RATIO":0.451596865456}],"count":44},"success":true,"message":"ok","code":0}