{"version":"35a17424400865415f63dfee5b5588d2","result":{"pages":4,"data":[{"SECUCODE":"01143.HK","SECURITY_CODE":"01143","SECURITY_NAME_ABBR":"中国储能科技发展","ORG_CODE":"10172825","STD_REPORT_DATE":"2024-06-30 00:00:00","REPORT_DATE":"2024-06-30 00:00:00","DATE_TYPE_CODE":"002","REPORT_TYPE":"2024年中报","PER_NETCASH_OPERATE":-0.044559858556,"PER_OI":1.166888151965,"BPS":2.019435439832,"BASIC_EPS":-0.017888528,"DILUTED_EPS":null,"OPERATE_INCOME":241584570.64,"OPERATE_INCOME_YOY":15.8633791042,"GROSS_PROFIT":67286420.32,"GROSS_PROFIT_YOY":33.468081551468,"HOLDER_PROFIT":-3566753.44,"HOLDER_PROFIT_YOY":19.1057752018,"GROSS_PROFIT_RATIO":27.852118263077,"EPS_TTM":0.027296737381,"OPERATE_INCOME_QOQ":6.803763612335,"NET_PROFIT_RATIO":-1.8080982856,"ROE_AVG":-0.79516956869,"GROSS_PROFIT_QOQ":13.603430244327,"ROA":-0.496406514764,"HOLDER_PROFIT_QOQ":18.625781106977,"ROE_YEARLY":-1.590339137379,"ROIC_YEARLY":-1.552861051122,"TOTAL_ASSETS":728408082.64,"TOTAL_LIABILITIES":274389940.56,"TAX_EBT":-214.661406969099,"OCF_SALES":-3.818691489924,"TOTAL_PARENT_EQUITY":452937528.96,"DEBT_ASSET_RATIO":37.6698099732,"OPERATE_PROFIT":764825.84,"PRETAX_PROFIT":-1388186.28,"NETCASH_OPERATE":-9225369.44,"NETCASH_INVEST":23909477.96,"NETCASH_FINANCE":10906526,"END_CASH":267456310.6,"DIVI_RATIO":null,"DIVIDEND_RATE":null,"CURRENT_RATIO":2.792969102221,"COMMON_ACS":7500000000,"CURRENTDEBT_DEBT":88.533205606668,"ISSUED_COMMON_SHARES":224289185,"HK_COMMON_SHARES":224289185,"PER_SHARES":4000,"TOTAL_MARKET_CAP":75136876.975,"HKSK_MARKET_CAP":75136876.975,"PE_TTM":12.158070707929,"PB_TTM":0.151402611824,"REPORT_DATE_SQ":"2023-06-30 00:00:00","REPORT_TYPE_SQ":"2023年中报","OPERATE_INCOME_SQ":210632784.86,"DPS_HKD":null,"OPERATE_INCOME_QOQ_SQ":-6.438579753321,"NET_PROFIT_RATIO_SQ":-1.6156213204,"HOLDER_PROFIT_SQ":-4454085.38,"HOLDER_PROFIT_QOQ_SQ":14.758084402537,"ROE_AVG_SQ":-1.198430703244,"PE_TTM_SQ":-8.118709749857,"PB_TTM_SQ":0.824568537433,"ROA_SQ":-0.702138390009,"START_DATE":"2024-01-01 00:00:00","FISCAL_YEAR":"12-31","CURRENCY":"HKD","IS_CNY_CODE":0,"DPS_HKD_LY":null,"ORG_TYPE":"一般企业","PREMIUM_INCOME":null,"PREMIUM_INCOME_YOY":null,"NET_INTEREST_INCOME":null,"NET_INTEREST_INCOME_YOY":null,"FEE_COMMISSION_INCOME":null,"FEE_COMMISSION_INCOME_YOY":null,"ACCOUNTS_RECE_TDAYS":1.722907289704,"INVENTORY_TDAYS":3.996944328171,"CURRENT_ASSETS_TDAYS":0.365269469341,"TOTAL_ASSETS_TDAYS":0.336227767771,"PREMIUM_EXPENSE":null,"LOAN_DEPOSIT":null,"LOAN_EQUITY":null,"LOAN_ASSETS":null,"DEPOSIT_EQUITY":null,"DEPOSIT_ASSETS":null,"EQUITY_MULTIPLIER":1.604358978482,"EQUITY_RATIO":0.605800851146},{"SECUCODE":"01143.HK","SECURITY_CODE":"01143","SECURITY_NAME_ABBR":"中国储能科技发展","ORG_CODE":"10172825","STD_REPORT_DATE":"2023-12-31 00:00:00","REPORT_DATE":"2023-12-31 00:00:00","DATE_TYPE_CODE":"001","REPORT_TYPE":"2023年年报","PER_NETCASH_OPERATE":-0.598492631562,"PER_OI":2.323717284264,"BPS":1.966317474737,"BASIC_EPS":0.027730332,"DILUTED_EPS":null,"OPERATE_INCOME":454921533.78,"OPERATE_INCOME_YOY":-5.1491636294,"GROSS_PROFIT":124031612.74,"GROSS_PROFIT_YOY":36.939525694543,"HOLDER_PROFIT":4763998.54,"HOLDER_PROFIT_YOY":109.7276192591,"GROSS_PROFIT_RATIO":27.26439694103,"EPS_TTM":0.024334275095,"OPERATE_INCOME_QOQ":2.847858455278,"NET_PROFIT_RATIO":1.0288865117,"ROE_AVG":1.242018841735,"GROSS_PROFIT_QOQ":25.316163327767,"ROA":0.732350689687,"HOLDER_PROFIT_QOQ":111.577219223757,"ROE_YEARLY":1.242018841735,"ROIC_YEARLY":1.158364539987,"TOTAL_ASSETS":703605519.96,"TOTAL_LIABILITIES":260713150.46,"TAX_EBT":37.980307396734,"OCF_SALES":-25.755828198861,"TOTAL_PARENT_EQUITY":441023743.86,"DEBT_ASSET_RATIO":37.0538807704,"OPERATE_PROFIT":10324564.46,"PRETAX_PROFIT":7547000.16,"NETCASH_OPERATE":-117168808.68,"NETCASH_INVEST":44278815.42,"NETCASH_FINANCE":92293069.68,"END_CASH":246099446.74,"DIVI_RATIO":null,"DIVIDEND_RATE":null,"CURRENT_RATIO":2.588757971477,"COMMON_ACS":7500000000,"CURRENTDEBT_DEBT":94.785413617989,"ISSUED_COMMON_SHARES":224289185,"HK_COMMON_SHARES":224289185,"PER_SHARES":4000,"TOTAL_MARKET_CAP":70651093.275,"HKSK_MARKET_CAP":70651093.275,"PE_TTM":11.432215740291,"PB_TTM":0.142363649924,"REPORT_DATE_SQ":"2022-12-31 00:00:00","REPORT_TYPE_SQ":"2022年年报","OPERATE_INCOME_SQ":472764040.77,"DPS_HKD":null,"OPERATE_INCOME_QOQ_SQ":-9.626529562676,"NET_PROFIT_RATIO_SQ":-9.8269063261,"HOLDER_PROFIT_SQ":-48274097.34,"HOLDER_PROFIT_QOQ_SQ":-111.255051833452,"ROE_AVG_SQ":-14.892957385506,"PE_TTM_SQ":-8.42100213416,"PB_TTM_SQ":0.855270557444,"ROA_SQ":-8.082793216628,"START_DATE":"2023-01-01 00:00:00","FISCAL_YEAR":"12-31","CURRENCY":"HKD","IS_CNY_CODE":0,"DPS_HKD_LY":null,"ORG_TYPE":"一般企业","PREMIUM_INCOME":null,"PREMIUM_INCOME_YOY":null,"NET_INTEREST_INCOME":null,"NET_INTEREST_INCOME_YOY":null,"FEE_COMMISSION_INCOME":null,"FEE_COMMISSION_INCOME_YOY":null,"ACCOUNTS_RECE_TDAYS":3.851708911506,"INVENTORY_TDAYS":6.551862119703,"CURRENT_ASSETS_TDAYS":0.808808945896,"TOTAL_ASSETS_TDAYS":0.699332915869,"PREMIUM_EXPENSE":null,"LOAN_DEPOSIT":null,"LOAN_EQUITY":null,"LOAN_ASSETS":null,"DEPOSIT_EQUITY":null,"DEPOSIT_ASSETS":null,"EQUITY_MULTIPLIER":1.588660289529,"EQUITY_RATIO":0.591154453903},{"SECUCODE":"01143.HK","SECURITY_CODE":"01143","SECURITY_NAME_ABBR":"中国储能科技发展","ORG_CODE":"10172825","STD_REPORT_DATE":"2023-06-30 00:00:00","REPORT_DATE":"2023-06-30 00:00:00","DATE_TYPE_CODE":"002","REPORT_TYPE":"2023年中报","PER_NETCASH_OPERATE":-0.504395394089,"PER_OI":1.220853068192,"BPS":1.834836890686,"BASIC_EPS":-0.027475004,"DILUTED_EPS":null,"OPERATE_INCOME":210632784.86,"OPERATE_INCOME_YOY":-18.9561287439,"GROSS_PROFIT":50413866.4,"GROSS_PROFIT_YOY":19.996104636303,"HOLDER_PROFIT":-4454085.38,"HOLDER_PROFIT_YOY":64.3178964473,"GROSS_PROFIT_RATIO":23.934482200152,"EPS_TTM":-0.238509011157,"OPERATE_INCOME_QOQ":-6.438579753321,"NET_PROFIT_RATIO":-1.6156213204,"ROE_AVG":-1.198430703244,"GROSS_PROFIT_QOQ":9.275229992778,"ROA":-0.702138390009,"HOLDER_PROFIT_QOQ":14.758084402537,"ROE_YEARLY":-2.396861406488,"ROIC_YEARLY":-2.239305819831,"TOTAL_ASSETS":660920441.02,"TOTAL_LIABILITIES":246349368.08,"TAX_EBT":-173.002958579882,"OCF_SALES":-41.314995819782,"TOTAL_PARENT_EQUITY":411534070.82,"DEBT_ASSET_RATIO":37.2736796731,"OPERATE_PROFIT":280281.92,"PRETAX_PROFIT":-1246516.96,"NETCASH_OPERATE":-87022926.26,"NETCASH_INVEST":22022414.28,"NETCASH_FINANCE":74342935.32,"END_CASH":235546528.42,"DIVI_RATIO":null,"DIVIDEND_RATE":null,"CURRENT_RATIO":2.402951559788,"COMMON_ACS":7500000000,"CURRENTDEBT_DEBT":94.668707615384,"ISSUED_COMMON_SHARES":224289185,"HK_COMMON_SHARES":224289185,"PER_SHARES":4000,"TOTAL_MARKET_CAP":70651093.275,"HKSK_MARKET_CAP":70651093.275,"PE_TTM":11.432215740291,"PB_TTM":0.142363649924,"REPORT_DATE_SQ":"2022-06-30 00:00:00","REPORT_TYPE_SQ":"2022年中报","OPERATE_INCOME_SQ":241072074.67,"DPS_HKD":null,"OPERATE_INCOME_QOQ_SQ":-5.284195407841,"NET_PROFIT_RATIO_SQ":-4.549243862,"HOLDER_PROFIT_SQ":-11578417.41,"HOLDER_PROFIT_QOQ_SQ":39.761205032489,"ROE_AVG_SQ":-3.530299849938,"PE_TTM_SQ":-8.42100213416,"PB_TTM_SQ":0.855270557444,"ROA_SQ":-1.987065508291,"START_DATE":"2023-01-01 00:00:00","FISCAL_YEAR":"12-31","CURRENCY":"HKD","IS_CNY_CODE":0,"DPS_HKD_LY":null,"ORG_TYPE":"一般企业","PREMIUM_INCOME":null,"PREMIUM_INCOME_YOY":null,"NET_INTEREST_INCOME":null,"NET_INTEREST_INCOME_YOY":null,"FEE_COMMISSION_INCOME":null,"FEE_COMMISSION_INCOME_YOY":null,"ACCOUNTS_RECE_TDAYS":1.855571213333,"INVENTORY_TDAYS":2.610204878635,"CURRENT_ASSETS_TDAYS":0.399670406665,"TOTAL_ASSETS_TDAYS":0.332039805767,"PREMIUM_EXPENSE":null,"LOAN_DEPOSIT":null,"LOAN_EQUITY":null,"LOAN_ASSETS":null,"DEPOSIT_EQUITY":null,"DEPOSIT_ASSETS":null,"EQUITY_MULTIPLIER":1.594227104011,"EQUITY_RATIO":0.598612327745},{"SECUCODE":"01143.HK","SECURITY_CODE":"01143","SECURITY_NAME_ABBR":"中国储能科技发展","ORG_CODE":"10172825","STD_REPORT_DATE":"2022-12-31 00:00:00","REPORT_DATE":"2022-12-31 00:00:00","DATE_TYPE_CODE":"001","REPORT_TYPE":"2022年年报","PER_NETCASH_OPERATE":0.076564191766,"PER_OI":0.391460817437,"BPS":1.433211898915,"BASIC_EPS":-0.4462866247,"DILUTED_EPS":null,"OPERATE_INCOME":472764040.77,"OPERATE_INCOME_YOY":-21.6531487455,"GROSS_PROFIT":90574004.92,"GROSS_PROFIT_YOY":-23.540708203143,"HOLDER_PROFIT":-48274097.34,"HOLDER_PROFIT_YOY":-16.4773584499,"GROSS_PROFIT_RATIO":19.158395543891,"EPS_TTM":-0.039972197494,"OPERATE_INCOME_QOQ":-9.626529562676,"NET_PROFIT_RATIO":-9.8269063261,"ROE_AVG":-14.892957385506,"GROSS_PROFIT_QOQ":-10.975159987737,"ROA":-8.082793216628,"HOLDER_PROFIT_QOQ":-111.255051833452,"ROE_YEARLY":-14.892957385506,"ROIC_YEARLY":-11.533228832432,"TOTAL_ASSETS":588873061.91,"TOTAL_LIABILITIES":265495029.59,"TAX_EBT":-7.418881797716,"OCF_SALES":19.558583734372,"TOTAL_PARENT_EQUITY":321453928.74,"DEBT_ASSET_RATIO":45.0852733404,"OPERATE_PROFIT":-39630816.82,"PRETAX_PROFIT":-43249453.59,"NETCASH_OPERATE":92465950.78,"NETCASH_INVEST":1906238.18,"NETCASH_FINANCE":4183183.41,"END_CASH":225290733.43,"DIVI_RATIO":null,"DIVIDEND_RATE":null,"CURRENT_RATIO":1.937720545922,"COMMON_ACS":7500000000,"CURRENTDEBT_DEBT":92.963390384803,"ISSUED_COMMON_SHARES":224289185,"HK_COMMON_SHARES":224289185,"PER_SHARES":4000,"TOTAL_MARKET_CAP":70651093.275,"HKSK_MARKET_CAP":70651093.275,"PE_TTM":11.432215740291,"PB_TTM":0.142363649924,"REPORT_DATE_SQ":"2021-12-31 00:00:00","REPORT_TYPE_SQ":"2021年年报","OPERATE_INCOME_SQ":552307604.8,"DPS_HKD":null,"OPERATE_INCOME_QOQ_SQ":3.51498665334,"NET_PROFIT_RATIO_SQ":-6.9793330501,"HOLDER_PROFIT_SQ":-37934187.2,"HOLDER_PROFIT_QOQ_SQ":65.019269048024,"ROE_AVG_SQ":-14.031230579174,"PE_TTM_SQ":-8.42100213416,"PB_TTM_SQ":0.855270557444,"ROA_SQ":-6.948867852893,"START_DATE":"2022-01-01 00:00:00","FISCAL_YEAR":"12-31","CURRENCY":"HKD","IS_CNY_CODE":0,"DPS_HKD_LY":null,"ORG_TYPE":"一般企业","PREMIUM_INCOME":null,"PREMIUM_INCOME_YOY":null,"NET_INTEREST_INCOME":null,"NET_INTEREST_INCOME_YOY":null,"FEE_COMMISSION_INCOME":null,"FEE_COMMISSION_INCOME_YOY":null,"ACCOUNTS_RECE_TDAYS":3.8132398608,"INVENTORY_TDAYS":4.869902227483,"CURRENT_ASSETS_TDAYS":0.971794598723,"TOTAL_ASSETS_TDAYS":0.79157440374,"PREMIUM_EXPENSE":null,"LOAN_DEPOSIT":null,"LOAN_EQUITY":null,"LOAN_ASSETS":null,"DEPOSIT_EQUITY":null,"DEPOSIT_ASSETS":null,"EQUITY_MULTIPLIER":1.821005148944,"EQUITY_RATIO":0.825919380207},{"SECUCODE":"01143.HK","SECURITY_CODE":"01143","SECURITY_NAME_ABBR":"中国储能科技发展","ORG_CODE":"10172825","STD_REPORT_DATE":"2022-06-30 00:00:00","REPORT_DATE":"2022-06-30 00:00:00","DATE_TYPE_CODE":"002","REPORT_TYPE":"2022年中报","PER_NETCASH_OPERATE":0.02366464135,"PER_OI":0.199613894614,"BPS":1.529502711421,"BASIC_EPS":-0.121094904,"DILUTED_EPS":null,"OPERATE_INCOME":241072074.67,"OPERATE_INCOME_YOY":-13.2094816147,"GROSS_PROFIT":42012919.13,"GROSS_PROFIT_YOY":-28.468191872474,"HOLDER_PROFIT":-11578417.41,"HOLDER_PROFIT_YOY":57.7460832657,"GROSS_PROFIT_RATIO":17.427534560986,"EPS_TTM":-0.018921297809,"OPERATE_INCOME_QOQ":-5.284195407841,"NET_PROFIT_RATIO":-4.549243862,"ROE_AVG":-3.530299849938,"GROSS_PROFIT_QOQ":-14.114654082697,"ROA":-1.987065508291,"HOLDER_PROFIT_QOQ":39.761205032489,"ROE_YEARLY":-7.060599699876,"ROIC_YEARLY":-5.277405850401,"TOTAL_ASSETS":585578524.65,"TOTAL_LIABILITIES":241812669.21,"TAX_EBT":-17.285531370038,"OCF_SALES":11.855207472339,"TOTAL_PARENT_EQUITY":343050916.6,"DEBT_ASSET_RATIO":41.2946614384,"OPERATE_PROFIT":-8207258.43,"PRETAX_PROFIT":-9350647.46,"NETCASH_OPERATE":28579594.61,"NETCASH_INVEST":136830.4,"NETCASH_FINANCE":8285080.72,"END_CASH":162482679.24,"DIVI_RATIO":null,"DIVIDEND_RATE":null,"CURRENT_RATIO":2.095222179964,"COMMON_ACS":7500000000,"CURRENTDEBT_DEBT":92.059669188249,"ISSUED_COMMON_SHARES":224289185,"HK_COMMON_SHARES":224289185,"PER_SHARES":4000,"TOTAL_MARKET_CAP":70651093.275,"HKSK_MARKET_CAP":70651093.275,"PE_TTM":11.432215740291,"PB_TTM":0.142363649924,"REPORT_DATE_SQ":"2021-06-30 00:00:00","REPORT_TYPE_SQ":"2021年中报","OPERATE_INCOME_SQ":270257087.76,"DPS_HKD":null,"OPERATE_INCOME_QOQ_SQ":6.541221506442,"NET_PROFIT_RATIO_SQ":-9.8920248648,"HOLDER_PROFIT_SQ":-26661507.36,"HOLDER_PROFIT_QOQ_SQ":25.544135203211,"ROE_AVG_SQ":-10.40377031961,"PE_TTM_SQ":-8.42100213416,"PB_TTM_SQ":0.855270557444,"ROA_SQ":-4.83046561184,"START_DATE":"2022-01-01 00:00:00","FISCAL_YEAR":"12-31","CURRENCY":"HKD","IS_CNY_CODE":0,"DPS_HKD_LY":null,"ORG_TYPE":"一般企业","PREMIUM_INCOME":null,"PREMIUM_INCOME_YOY":null,"NET_INTEREST_INCOME":null,"NET_INTEREST_INCOME_YOY":null,"FEE_COMMISSION_INCOME":null,"FEE_COMMISSION_INCOME_YOY":null,"ACCOUNTS_RECE_TDAYS":1.881381271149,"INVENTORY_TDAYS":2.266906895208,"CURRENT_ASSETS_TDAYS":0.512893151278,"TOTAL_ASSETS_TDAYS":0.413723212445,"PREMIUM_EXPENSE":null,"LOAN_DEPOSIT":null,"LOAN_EQUITY":null,"LOAN_ASSETS":null,"DEPOSIT_EQUITY":null,"DEPOSIT_ASSETS":null,"EQUITY_MULTIPLIER":1.703422592395,"EQUITY_RATIO":0.704888567582},{"SECUCODE":"01143.HK","SECURITY_CODE":"01143","SECURITY_NAME_ABBR":"中国储能科技发展","ORG_CODE":"10172825","STD_REPORT_DATE":"2021-12-31 00:00:00","REPORT_DATE":"2021-12-31 00:00:00","DATE_TYPE_CODE":"001","REPORT_TYPE":"2021年年报","PER_NETCASH_OPERATE":-0.089376090111,"PER_OI":0.59750021792,"BPS":1.333729199649,"BASIC_EPS":-0.063723744,"DILUTED_EPS":null,"OPERATE_INCOME":552307604.8,"OPERATE_INCOME_YOY":13.5288887993,"GROSS_PROFIT":118460428.8,"GROSS_PROFIT_YOY":-9.024818170776,"HOLDER_PROFIT":-37934187.2,"HOLDER_PROFIT_YOY":73.1889836581,"GROSS_PROFIT_RATIO":21.448270451191,"EPS_TTM":-0.041038155046,"OPERATE_INCOME_QOQ":3.51498665334,"NET_PROFIT_RATIO":-6.9793330501,"ROE_AVG":-14.031230579174,"GROSS_PROFIT_QOQ":-12.5815743938,"ROA":-6.948867852893,"HOLDER_PROFIT_QOQ":65.019269048024,"ROE_YEARLY":-14.031230579174,"ROIC_YEARLY":-9.083567371048,"TOTAL_ASSETS":554314812.8,"TOTAL_LIABILITIES":255074848,"TAX_EBT":-7.759645273359,"OCF_SALES":-14.958335985599,"TOTAL_PARENT_EQUITY":299141035.2,"DEBT_ASSET_RATIO":46.0162424149,"OPERATE_PROFIT":-33260785.6,"PRETAX_PROFIT":-35771635.2,"NETCASH_OPERATE":-82616027.2,"NETCASH_INVEST":2872228.8,"NETCASH_FINANCE":60987236.8,"END_CASH":119021302.4,"DIVI_RATIO":null,"DIVIDEND_RATE":null,"CURRENT_RATIO":2.025209715285,"COMMON_ACS":7500000000,"CURRENTDEBT_DEBT":87.654977883198,"ISSUED_COMMON_SHARES":224289185,"HK_COMMON_SHARES":224289185,"PER_SHARES":4000,"TOTAL_MARKET_CAP":70651093.275,"HKSK_MARKET_CAP":70651093.275,"PE_TTM":11.432215740291,"PB_TTM":0.142363649924,"REPORT_DATE_SQ":"2020-12-31 00:00:00","REPORT_TYPE_SQ":"2020年年报","OPERATE_INCOME_SQ":500795157.72,"DPS_HKD":null,"OPERATE_INCOME_QOQ_SQ":-8.002272627725,"NET_PROFIT_RATIO_SQ":-29.0862706147,"HOLDER_PROFIT_SQ":-145647485.28,"HOLDER_PROFIT_QOQ_SQ":13.456032738618,"ROE_AVG_SQ":-48.990268586999,"PE_TTM_SQ":-8.42100213416,"PB_TTM_SQ":0.855270557444,"ROA_SQ":-24.859417703062,"START_DATE":"2021-01-01 00:00:00","FISCAL_YEAR":"12-31","CURRENCY":"HKD","IS_CNY_CODE":0,"DPS_HKD_LY":null,"ORG_TYPE":"一般企业","PREMIUM_INCOME":null,"PREMIUM_INCOME_YOY":null,"NET_INTEREST_INCOME":null,"NET_INTEREST_INCOME_YOY":null,"FEE_COMMISSION_INCOME":null,"FEE_COMMISSION_INCOME_YOY":null,"ACCOUNTS_RECE_TDAYS":4.123505623464,"INVENTORY_TDAYS":5.016259701464,"CURRENT_ASSETS_TDAYS":1.268194831648,"TOTAL_ASSETS_TDAYS":1.011729219258,"PREMIUM_EXPENSE":null,"LOAN_DEPOSIT":null,"LOAN_EQUITY":null,"LOAN_ASSETS":null,"DEPOSIT_EQUITY":null,"DEPOSIT_ASSETS":null,"EQUITY_MULTIPLIER":1.852409029556,"EQUITY_RATIO":0.852690931652},{"SECUCODE":"01143.HK","SECURITY_CODE":"01143","SECURITY_NAME_ABBR":"中国储能科技发展","ORG_CODE":"10172825","STD_REPORT_DATE":"2021-06-30 00:00:00","REPORT_DATE":"2021-06-30 00:00:00","DATE_TYPE_CODE":"002","REPORT_TYPE":"2021年中报","PER_NETCASH_OPERATE":-0.026963092667,"PER_OI":0.438556342773,"BPS":1.189033990025,"BASIC_EPS":-0.058412016,"DILUTED_EPS":null,"OPERATE_INCOME":270257087.76,"OPERATE_INCOME_YOY":24.9195207784,"GROSS_PROFIT":58733198.88,"GROSS_PROFIT_YOY":9.914550281734,"HOLDER_PROFIT":-26661507.36,"HOLDER_PROFIT_YOY":54.1720300924,"GROSS_PROFIT_RATIO":21.732343586917,"EPS_TTM":-0.175974689188,"OPERATE_INCOME_QOQ":6.541221506442,"NET_PROFIT_RATIO":-9.8920248648,"ROE_AVG":-10.40377031961,"GROSS_PROFIT_QOQ":4.068657377847,"ROA":-4.83046561184,"HOLDER_PROFIT_QOQ":25.544135203211,"ROE_YEARLY":-20.807540639221,"ROIC_YEARLY":-13.49807483297,"TOTAL_ASSETS":556876196.64,"TOTAL_LIABILITIES":289868381.28,"TAX_EBT":-6.882900864937,"OCF_SALES":-6.148147920085,"TOTAL_PARENT_EQUITY":266687464.56,"DEBT_ASSET_RATIO":52.052571654,"OPERATE_PROFIT":-23526229.92,"PRETAX_PROFIT":-25012324.8,"NETCASH_OPERATE":-16615805.52,"NETCASH_INVEST":17758251.36,"NETCASH_FINANCE":32548473.36,"END_CASH":173589361.68,"DIVI_RATIO":null,"DIVIDEND_RATE":null,"CURRENT_RATIO":1.55606669653,"COMMON_ACS":7500000000,"CURRENTDEBT_DEBT":97.405602154056,"ISSUED_COMMON_SHARES":224289185,"HK_COMMON_SHARES":224289185,"PER_SHARES":4000,"TOTAL_MARKET_CAP":70651093.275,"HKSK_MARKET_CAP":70651093.275,"PE_TTM":11.432215740291,"PB_TTM":0.142363649924,"REPORT_DATE_SQ":"2020-06-30 00:00:00","REPORT_TYPE_SQ":"2020年中报","OPERATE_INCOME_SQ":237498967.2,"DPS_HKD":null,"OPERATE_INCOME_QOQ_SQ":-3.53340294348,"NET_PROFIT_RATIO_SQ":-26.8925597585,"HOLDER_PROFIT_SQ":-63865897.92,"HOLDER_PROFIT_QOQ_SQ":-9.39715166929,"ROE_AVG_SQ":-18.010216041194,"PE_TTM_SQ":-8.42100213416,"PB_TTM_SQ":0.855270557444,"ROA_SQ":-9.877321067324,"START_DATE":"2021-01-01 00:00:00","FISCAL_YEAR":"12-31","CURRENCY":"HKD","IS_CNY_CODE":0,"DPS_HKD_LY":null,"ORG_TYPE":"一般企业","PREMIUM_INCOME":null,"PREMIUM_INCOME_YOY":null,"NET_INTEREST_INCOME":null,"NET_INTEREST_INCOME_YOY":null,"FEE_COMMISSION_INCOME":null,"FEE_COMMISSION_INCOME_YOY":null,"ACCOUNTS_RECE_TDAYS":2.124598935728,"INVENTORY_TDAYS":2.61888254171,"CURRENT_ASSETS_TDAYS":0.62489742872,"TOTAL_ASSETS_TDAYS":0.489645071883,"PREMIUM_EXPENSE":null,"LOAN_DEPOSIT":null,"LOAN_EQUITY":null,"LOAN_ASSETS":null,"DEPOSIT_EQUITY":null,"DEPOSIT_ASSETS":null,"EQUITY_MULTIPLIER":2.085617590966,"EQUITY_RATIO":1.086921658497},{"SECUCODE":"01143.HK","SECURITY_CODE":"01143","SECURITY_NAME_ABBR":"中国储能科技发展","ORG_CODE":"10172825","STD_REPORT_DATE":"2020-12-31 00:00:00","REPORT_DATE":"2020-12-31 00:00:00","DATE_TYPE_CODE":"001","REPORT_TYPE":"2020年年报","PER_NETCASH_OPERATE":-0.031458356915,"PER_OI":1.170195418028,"BPS":1.108714348755,"BASIC_EPS":-0.3881559516,"DILUTED_EPS":null,"OPERATE_INCOME":500795157.72,"OPERATE_INCOME_YOY":-5.5441084026,"GROSS_PROFIT":130211807.68,"GROSS_PROFIT_YOY":7.00767775946,"HOLDER_PROFIT":-145647485.28,"HOLDER_PROFIT_YOY":-0.7668792034,"GROSS_PROFIT_RATIO":26.001011725597,"EPS_TTM":-0.340330806508,"OPERATE_INCOME_QOQ":-8.002272627725,"NET_PROFIT_RATIO":-29.0862706147,"ROE_AVG":-48.990268586999,"GROSS_PROFIT_QOQ":6.223329905748,"ROA":-24.859417703062,"HOLDER_PROFIT_QOQ":13.456032738618,"ROE_YEARLY":-48.990268586999,"ROIC_YEARLY":-35.217837257009,"TOTAL_ASSETS":553298344.2,"TOTAL_LIABILITIES":304228452.44,"TAX_EBT":-1.957619280459,"OCF_SALES":-2.688299443887,"TOTAL_PARENT_EQUITY":248672637.68,"DEBT_ASSET_RATIO":54.9845224785,"OPERATE_PROFIT":-128095083.08,"PRETAX_PROFIT":-142865865.08,"NETCASH_OPERATE":-13462873.44,"NETCASH_INVEST":-80177992.96,"NETCASH_FINANCE":29599637.16,"END_CASH":141106837.48,"DIVI_RATIO":null,"DIVIDEND_RATE":null,"CURRENT_RATIO":1.547437747505,"COMMON_ACS":7500000000,"CURRENTDEBT_DEBT":91.445510151575,"ISSUED_COMMON_SHARES":224289185,"HK_COMMON_SHARES":224289185,"PER_SHARES":4000,"TOTAL_MARKET_CAP":70651093.275,"HKSK_MARKET_CAP":70651093.275,"PE_TTM":11.432215740291,"PB_TTM":0.142363649924,"REPORT_DATE_SQ":"2019-12-31 00:00:00","REPORT_TYPE_SQ":"2019年年报","OPERATE_INCOME_SQ":564294819.44,"DPS_HKD":null,"OPERATE_INCOME_QOQ_SQ":-16.416049194866,"NET_PROFIT_RATIO_SQ":-28.4669528279,"HOLDER_PROFIT_SQ":-153836778.3,"HOLDER_PROFIT_QOQ_SQ":-174.041783440752,"ROE_AVG_SQ":-34.911980581755,"PE_TTM_SQ":-8.42100213416,"PB_TTM_SQ":0.855270557444,"ROA_SQ":-20.6201349341,"START_DATE":"2020-01-01 00:00:00","FISCAL_YEAR":"12-31","CURRENCY":"HKD","IS_CNY_CODE":0,"DPS_HKD_LY":null,"ORG_TYPE":"一般企业","PREMIUM_INCOME":null,"PREMIUM_INCOME_YOY":null,"NET_INTEREST_INCOME":null,"NET_INTEREST_INCOME_YOY":null,"FEE_COMMISSION_INCOME":null,"FEE_COMMISSION_INCOME_YOY":null,"ACCOUNTS_RECE_TDAYS":4.01411971059,"INVENTORY_TDAYS":5.10274774305,"CURRENT_ASSETS_TDAYS":1.107586206897,"TOTAL_ASSETS_TDAYS":0.854767659428,"PREMIUM_EXPENSE":null,"LOAN_DEPOSIT":null,"LOAN_EQUITY":null,"LOAN_ASSETS":null,"DEPOSIT_EQUITY":null,"DEPOSIT_ASSETS":null,"EQUITY_MULTIPLIER":2.221458162967,"EQUITY_RATIO":1.223409440131},{"SECUCODE":"01143.HK","SECURITY_CODE":"01143","SECURITY_NAME_ABBR":"中国储能科技发展","ORG_CODE":"10172825","STD_REPORT_DATE":"2020-06-30 00:00:00","REPORT_DATE":"2020-06-30 00:00:00","DATE_TYPE_CODE":"002","REPORT_TYPE":"2020年中报","PER_NETCASH_OPERATE":-0.001372521313,"PER_OI":0.665788067047,"BPS":1.488180764133,"BASIC_EPS":-0.187437888,"DILUTED_EPS":null,"OPERATE_INCOME":237498967.2,"OPERATE_INCOME_YOY":-11.1567847575,"GROSS_PROFIT":53435326.56,"GROSS_PROFIT_YOY":1.710253542852,"HOLDER_PROFIT":-63865897.92,"HOLDER_PROFIT_YOY":-24.4779148641,"GROSS_PROFIT_RATIO":22.499182708025,"EPS_TTM":-0.471781028052,"OPERATE_INCOME_QOQ":-3.53340294348,"NET_PROFIT_RATIO":-26.8925597585,"ROE_AVG":-18.010216041194,"GROSS_PROFIT_QOQ":0.73839509118,"ROA":-9.877321067324,"HOLDER_PROFIT_QOQ":-9.39715166929,"ROE_YEARLY":-36.020432082388,"ROIC_YEARLY":-28.548096671063,"TOTAL_ASSETS":621950334.72,"TOTAL_LIABILITIES":287723552.16,"TAX_EBT":-3.187627283728,"OCF_SALES":-0.206149881733,"TOTAL_PARENT_EQUITY":333782850.72,"DEBT_ASSET_RATIO":46.2614996886,"OPERATE_PROFIT":-56363815.2,"PRETAX_PROFIT":-61896521.28,"NETCASH_OPERATE":-489603.84,"NETCASH_INVEST":-83083762.08,"NETCASH_FINANCE":40536640.32,"END_CASH":177413797.44,"DIVI_RATIO":null,"DIVIDEND_RATE":null,"CURRENT_RATIO":1.740295805229,"COMMON_ACS":7500000000,"CURRENTDEBT_DEBT":93.286432224617,"ISSUED_COMMON_SHARES":224289185,"HK_COMMON_SHARES":224289185,"PER_SHARES":4000,"TOTAL_MARKET_CAP":70651093.275,"HKSK_MARKET_CAP":70651093.275,"PE_TTM":11.432215740291,"PB_TTM":0.142363649924,"REPORT_DATE_SQ":"2019-06-30 00:00:00","REPORT_TYPE_SQ":"2019年中报","OPERATE_INCOME_SQ":257437776.96,"DPS_HKD":null,"OPERATE_INCOME_QOQ_SQ":4.805451256437,"NET_PROFIT_RATIO_SQ":-15.6282953556,"HOLDER_PROFIT_SQ":-49409622.54,"HOLDER_PROFIT_QOQ_SQ":-10.492288949485,"ROE_AVG_SQ":-10.219894487764,"PE_TTM_SQ":-8.42100213416,"PB_TTM_SQ":0.855270557444,"ROA_SQ":-6.113313263634,"START_DATE":"2020-01-01 00:00:00","FISCAL_YEAR":"12-31","CURRENCY":"HKD","IS_CNY_CODE":0,"DPS_HKD_LY":null,"ORG_TYPE":"一般企业","PREMIUM_INCOME":null,"PREMIUM_INCOME_YOY":null,"NET_INTEREST_INCOME":null,"NET_INTEREST_INCOME_YOY":null,"FEE_COMMISSION_INCOME":null,"FEE_COMMISSION_INCOME_YOY":null,"ACCOUNTS_RECE_TDAYS":2.008202577401,"INVENTORY_TDAYS":2.581391475897,"CURRENT_ASSETS_TDAYS":0.484037314836,"TOTAL_ASSETS_TDAYS":0.367309257145,"PREMIUM_EXPENSE":null,"LOAN_DEPOSIT":null,"LOAN_EQUITY":null,"LOAN_ASSETS":null,"DEPOSIT_EQUITY":null,"DEPOSIT_ASSETS":null,"EQUITY_MULTIPLIER":1.860863243681,"EQUITY_RATIO":0.862008193469}],"count":32},"success":true,"message":"ok","code":0}