{"version":"b54a086e8c699bfd5ffcd72281ec1ff0","result":{"pages":6,"data":[{"SECUCODE":"01142.HK","SECURITY_CODE":"01142","SECURITY_NAME_ABBR":"能源及能量环球","ORG_CODE":"10010514","STD_REPORT_DATE":"2024-06-30 00:00:00","REPORT_DATE":"2024-09-30 00:00:00","DATE_TYPE_CODE":"002","REPORT_TYPE":"2024年中报","PER_NETCASH_OPERATE":0.02514765304,"PER_OI":1.497572587355,"BPS":-11.414845564586,"BASIC_EPS":-0.5861635,"DILUTED_EPS":-0.5861635,"OPERATE_INCOME":217173576.75,"OPERATE_INCOME_YOY":-31.9172575228,"GROSS_PROFIT":3177006.17,"GROSS_PROFIT_YOY":-9.057355673967,"HOLDER_PROFIT":-84653732.67,"HOLDER_PROFIT_YOY":-328.3625659863,"GROSS_PROFIT_RATIO":1.462887989204,"EPS_TTM":0.668261286731,"OPERATE_INCOME_QOQ":0,"NET_PROFIT_RATIO":-37.9781999377,"ROE_AVG":5.288108782729,"GROSS_PROFIT_QOQ":0,"ROA":-4.500373580914,"HOLDER_PROFIT_QOQ":0,"ROE_YEARLY":10.576217565458,"ROIC_YEARLY":-8.865547041878,"TOTAL_ASSETS":1810967463.68,"TOTAL_LIABILITIES":3496549143.97,"TAX_EBT":0.862807158264,"OCF_SALES":1.679227654936,"TOTAL_PARENT_EQUITY":-1655347366.96,"DEBT_ASSET_RATIO":193.0763094365,"OPERATE_PROFIT":-78696507.93,"PRETAX_PROFIT":-83196440.03,"NETCASH_OPERATE":3646838.76,"NETCASH_INVEST":-322840.82,"NETCASH_FINANCE":1565507.44,"END_CASH":5196113.98,"DIVI_RATIO":null,"DIVIDEND_RATE":null,"CURRENT_RATIO":0.00445163582,"COMMON_ACS":2000000000,"CURRENTDEBT_DEBT":94.823336496152,"ISSUED_COMMON_SHARES":145017062,"HK_COMMON_SHARES":145017062,"PER_SHARES":4000,"TOTAL_MARKET_CAP":68883104.45,"HKSK_MARKET_CAP":68883104.45,"PE_TTM":-2.453014652256,"PB_TTM":-0.037525715751,"REPORT_DATE_SQ":"2023-06-30 00:00:00","REPORT_TYPE_SQ":"2023年中报","OPERATE_INCOME_SQ":324587754.12,"DPS_HKD":null,"OPERATE_INCOME_QOQ_SQ":0,"NET_PROFIT_RATIO_SQ":11.349809456,"HOLDER_PROFIT_SQ":37721016.41,"HOLDER_PROFIT_QOQ_SQ":0,"ROE_AVG_SQ":-2.280835065169,"PE_TTM_SQ":-0.534690820377,"PB_TTM_SQ":-0.029232383161,"ROA_SQ":1.988174071515,"START_DATE":"2024-04-01 00:00:00","FISCAL_YEAR":"3-31","CURRENCY":"HKD","IS_CNY_CODE":0,"DPS_HKD_LY":null,"ORG_TYPE":"一般企业","PREMIUM_INCOME":null,"PREMIUM_INCOME_YOY":null,"NET_INTEREST_INCOME":null,"NET_INTEREST_INCOME_YOY":null,"FEE_COMMISSION_INCOME":null,"FEE_COMMISSION_INCOME_YOY":null,"ACCOUNTS_RECE_TDAYS":62.78023983316,"INVENTORY_TDAYS":262.938504155125,"CURRENT_ASSETS_TDAYS":15.630374817459,"TOTAL_ASSETS_TDAYS":0.11545412074,"PREMIUM_EXPENSE":null,"LOAN_DEPOSIT":null,"LOAN_EQUITY":null,"LOAN_ASSETS":null,"DEPOSIT_EQUITY":null,"DEPOSIT_ASSETS":null,"EQUITY_MULTIPLIER":-1.074387248543,"EQUITY_RATIO":-2.112275171822},{"SECUCODE":"01142.HK","SECURITY_CODE":"01142","SECURITY_NAME_ABBR":"能源及能量环球","ORG_CODE":"10010514","STD_REPORT_DATE":"2023-12-31 00:00:00","REPORT_DATE":"2024-03-31 00:00:00","DATE_TYPE_CODE":"001","REPORT_TYPE":"2023年年报","PER_NETCASH_OPERATE":0.001187753342,"PER_OI":4.155267547415,"BPS":-10.71928011788,"BASIC_EPS":0.670847,"DILUTED_EPS":0.670847,"OPERATE_INCOME":602584691.55,"OPERATE_INCOME_YOY":-42.1835736186,"GROSS_PROFIT":6936920.6,"GROSS_PROFIT_YOY":-35.502228510445,"HOLDER_PROFIT":96909288.45,"HOLDER_PROFIT_YOY":-80.5712717485,"GROSS_PROFIT_RATIO":1.151194296383,"EPS_TTM":-0.715351251013,"OPERATE_INCOME_QOQ":0,"NET_PROFIT_RATIO":15.8913556622,"ROE_AVG":-6.050815438497,"GROSS_PROFIT_QOQ":0,"ROA":5.080020576889,"HOLDER_PROFIT_QOQ":0,"ROE_YEARLY":-6.050815438497,"ROIC_YEARLY":5.000701695296,"TOTAL_ASSETS":1961407047.25,"TOTAL_LIABILITIES":3548596600.35,"TAX_EBT":2.786725321651,"OCF_SALES":0.028584280752,"TOTAL_PARENT_EQUITY":-1554478509.45,"DEBT_ASSET_RATIO":180.9209671866,"OPERATE_PROFIT":107678195.9,"PRETAX_PROFIT":98503909.9,"NETCASH_OPERATE":172244.5,"NETCASH_INVEST":-6670394.9,"NETCASH_FINANCE":2453124.3,"END_CASH":206693.4,"DIVI_RATIO":null,"DIVIDEND_RATE":null,"CURRENT_RATIO":0.00388438262,"COMMON_ACS":2000000000,"CURRENTDEBT_DEBT":95.021276584874,"ISSUED_COMMON_SHARES":145017062,"HK_COMMON_SHARES":145017062,"PER_SHARES":4000,"TOTAL_MARKET_CAP":92810919.68,"HKSK_MARKET_CAP":92810919.68,"PE_TTM":-3.305114478829,"PB_TTM":-0.050560964381,"REPORT_DATE_SQ":"2022-12-31 00:00:00","REPORT_TYPE_SQ":"2022年年报","OPERATE_INCOME_SQ":1006436991.75,"DPS_HKD":null,"OPERATE_INCOME_QOQ_SQ":0,"NET_PROFIT_RATIO_SQ":45.8821840955,"HOLDER_PROFIT_SQ":481660211.51,"HOLDER_PROFIT_QOQ_SQ":0,"ROE_AVG_SQ":-26.280008320403,"PE_TTM_SQ":0.118604822332,"PB_TTM_SQ":-0.036540478952,"ROA_SQ":31.309566725117,"START_DATE":"2023-04-01 00:00:00","FISCAL_YEAR":"3-31","CURRENCY":"HKD","IS_CNY_CODE":0,"DPS_HKD_LY":null,"ORG_TYPE":"一般企业","PREMIUM_INCOME":null,"PREMIUM_INCOME_YOY":null,"NET_INTEREST_INCOME":null,"NET_INTEREST_INCOME_YOY":null,"FEE_COMMISSION_INCOME":null,"FEE_COMMISSION_INCOME_YOY":null,"ACCOUNTS_RECE_TDAYS":155.868448821667,"INVENTORY_TDAYS":365.230127848805,"CURRENT_ASSETS_TDAYS":34.727462709961,"TOTAL_ASSETS_TDAYS":0.315877113675,"PREMIUM_EXPENSE":null,"LOAN_DEPOSIT":null,"LOAN_EQUITY":null,"LOAN_ASSETS":null,"DEPOSIT_EQUITY":null,"DEPOSIT_ASSETS":null,"EQUITY_MULTIPLIER":-1.235773662584,"EQUITY_RATIO":-2.282821266925},{"SECUCODE":"01142.HK","SECURITY_CODE":"01142","SECURITY_NAME_ABBR":"能源及能量环球","ORG_CODE":"10010514","STD_REPORT_DATE":"2023-06-30 00:00:00","REPORT_DATE":"2023-09-30 00:00:00","DATE_TYPE_CODE":"002","REPORT_TYPE":"2023年中报","PER_NETCASH_OPERATE":0.01095331479,"PER_OI":2.238272860058,"BPS":-11.300713943784,"BASIC_EPS":0.2569364,"DILUTED_EPS":0.2569364,"OPERATE_INCOME":324587754.12,"OPERATE_INCOME_YOY":-44.0896654301,"GROSS_PROFIT":3493417.41,"GROSS_PROFIT_YOY":-36.262049466855,"HOLDER_PROFIT":37721016.41,"HOLDER_PROFIT_YOY":-94.0334360975,"GROSS_PROFIT_RATIO":1.076262849001,"EPS_TTM":3.321403735996,"OPERATE_INCOME_QOQ":0,"NET_PROFIT_RATIO":11.349809456,"ROE_AVG":-2.280835065169,"GROSS_PROFIT_QOQ":0,"ROA":1.988174071515,"HOLDER_PROFIT_QOQ":0,"ROE_YEARLY":-4.561670130338,"ROIC_YEARLY":3.919921347918,"TOTAL_ASSETS":1917976085.83,"TOTAL_LIABILITIES":3585140951.91,"TAX_EBT":3.476546534273,"OCF_SALES":0.489364589341,"TOTAL_PARENT_EQUITY":-1638796334.63,"DEBT_ASSET_RATIO":186.9231310232,"OPERATE_PROFIT":42792757.42,"PRETAX_PROFIT":38166984.59,"NETCASH_OPERATE":1588417.53,"NETCASH_INVEST":-6542701.9,"NETCASH_FINANCE":2283063.44,"END_CASH":2101372.7,"DIVI_RATIO":null,"DIVIDEND_RATE":null,"CURRENT_RATIO":0.004348224155,"COMMON_ACS":2000000000,"CURRENTDEBT_DEBT":95.889383988613,"ISSUED_COMMON_SHARES":145017062,"HK_COMMON_SHARES":145017062,"PER_SHARES":4000,"TOTAL_MARKET_CAP":102962114.02,"HKSK_MARKET_CAP":102962114.02,"PE_TTM":-3.666611374951,"PB_TTM":-0.05609106986,"REPORT_DATE_SQ":"2022-06-30 00:00:00","REPORT_TYPE_SQ":"2022年中报","OPERATE_INCOME_SQ":572205723.72,"DPS_HKD":null,"OPERATE_INCOME_QOQ_SQ":0,"NET_PROFIT_RATIO_SQ":109.5790333874,"HOLDER_PROFIT_SQ":623119364.64,"HOLDER_PROFIT_QOQ_SQ":0,"ROE_AVG_SQ":-34.584451815235,"PE_TTM_SQ":-0.586674650136,"PB_TTM_SQ":-0.032074420413,"ROA_SQ":36.878528340336,"START_DATE":"2023-04-01 00:00:00","FISCAL_YEAR":"3-31","CURRENCY":"HKD","IS_CNY_CODE":0,"DPS_HKD_LY":null,"ORG_TYPE":"一般企业","PREMIUM_INCOME":null,"PREMIUM_INCOME_YOY":null,"NET_INTEREST_INCOME":null,"NET_INTEREST_INCOME_YOY":null,"FEE_COMMISSION_INCOME":null,"FEE_COMMISSION_INCOME_YOY":null,"ACCOUNTS_RECE_TDAYS":91.165979381443,"INVENTORY_TDAYS":6998.34,"CURRENT_ASSETS_TDAYS":17.631981656407,"TOTAL_ASSETS_TDAYS":0.171081539707,"PREMIUM_EXPENSE":null,"LOAN_DEPOSIT":null,"LOAN_EQUITY":null,"LOAN_ASSETS":null,"DEPOSIT_EQUITY":null,"DEPOSIT_ASSETS":null,"EQUITY_MULTIPLIER":-1.150441761852,"EQUITY_RATIO":-2.18766717752},{"SECUCODE":"01142.HK","SECURITY_CODE":"01142","SECURITY_NAME_ABBR":"能源及能量环球","ORG_CODE":"10010514","STD_REPORT_DATE":"2022-12-31 00:00:00","REPORT_DATE":"2023-03-31 00:00:00","DATE_TYPE_CODE":"001","REPORT_TYPE":"2022年年报","PER_NETCASH_OPERATE":0.06689760147,"PER_OI":6.940128132992,"BPS":-10.97849885388,"BASIC_EPS":3.3178039,"DILUTED_EPS":3.3178039,"OPERATE_INCOME":1006436991.75,"OPERATE_INCOME_YOY":-1.5718707059,"GROSS_PROFIT":10755287.26,"GROSS_PROFIT_YOY":48.622619692503,"HOLDER_PROFIT":481660211.51,"HOLDER_PROFIT_YOY":260.1783411305,"GROSS_PROFIT_RATIO":1.068649835823,"EPS_TTM":2.110527735626,"OPERATE_INCOME_QOQ":0,"NET_PROFIT_RATIO":45.8821840955,"ROE_AVG":-26.280008320403,"GROSS_PROFIT_QOQ":0,"ROA":31.309566725117,"HOLDER_PROFIT_QOQ":0,"ROE_YEARLY":-26.280008320403,"ROIC_YEARLY":30.945970495615,"TOTAL_ASSETS":1790222204.1,"TOTAL_LIABILITIES":3414024590.15,"TAX_EBT":0.270359180679,"OCF_SALES":0.963924587383,"TOTAL_PARENT_EQUITY":-1592069648.96,"DEBT_ASSET_RATIO":190.7039574379,"OPERATE_PROFIT":471841612.95,"PRETAX_PROFIT":463027109.66,"NETCASH_OPERATE":9701293.62,"NETCASH_INVEST":-28878025.08,"NETCASH_FINANCE":21642761.43,"END_CASH":4682568.09,"DIVI_RATIO":null,"DIVIDEND_RATE":null,"CURRENT_RATIO":0.006392526272,"COMMON_ACS":2000000000,"CURRENTDEBT_DEBT":95.598493813327,"ISSUED_COMMON_SHARES":145017062,"HK_COMMON_SHARES":145017062,"PER_SHARES":4000,"TOTAL_MARKET_CAP":107312625.88,"HKSK_MARKET_CAP":107312625.88,"PE_TTM":-3.821538616146,"PB_TTM":-0.058461115065,"REPORT_DATE_SQ":"2021-12-31 00:00:00","REPORT_TYPE_SQ":"2021年年报","OPERATE_INCOME_SQ":947288065.35,"DPS_HKD":null,"OPERATE_INCOME_QOQ_SQ":0,"NET_PROFIT_RATIO_SQ":-29.9280415399,"HOLDER_PROFIT_SQ":-278581123.99,"HOLDER_PROFIT_QOQ_SQ":0,"ROE_AVG_SQ":15.767380201988,"PE_TTM_SQ":0.137054461361,"PB_TTM_SQ":-0.042224553455,"ROA_SQ":-20.732833872781,"START_DATE":"2022-04-01 00:00:00","FISCAL_YEAR":"3-31","CURRENCY":"HKD","IS_CNY_CODE":0,"DPS_HKD_LY":null,"ORG_TYPE":"一般企业","PREMIUM_INCOME":null,"PREMIUM_INCOME_YOY":null,"NET_INTEREST_INCOME":null,"NET_INTEREST_INCOME_YOY":null,"FEE_COMMISSION_INCOME":null,"FEE_COMMISSION_INCOME_YOY":null,"ACCOUNTS_RECE_TDAYS":160.692571109092,"INVENTORY_TDAYS":null,"CURRENT_ASSETS_TDAYS":47.739022111492,"TOTAL_ASSETS_TDAYS":0.654218583865,"PREMIUM_EXPENSE":null,"LOAN_DEPOSIT":null,"LOAN_EQUITY":null,"LOAN_ASSETS":null,"DEPOSIT_EQUITY":null,"DEPOSIT_ASSETS":null,"EQUITY_MULTIPLIER":-1.102487728482,"EQUITY_RATIO":-2.144393992047},{"SECUCODE":"01142.HK","SECURITY_CODE":"01142","SECURITY_NAME_ABBR":"能源及能量环球","ORG_CODE":"10010514","STD_REPORT_DATE":"2022-06-30 00:00:00","REPORT_DATE":"2022-09-30 00:00:00","DATE_TYPE_CODE":"002","REPORT_TYPE":"2022年中报","PER_NETCASH_OPERATE":0.072103452489,"PER_OI":3.945782074388,"BPS":-10.07586031332,"BASIC_EPS":4.29609,"DILUTED_EPS":4.29609,"OPERATE_INCOME":572205723.72,"OPERATE_INCOME_YOY":19.8883856664,"GROSS_PROFIT":5480906.4,"GROSS_PROFIT_YOY":86.012034848194,"HOLDER_PROFIT":623119364.64,"HOLDER_PROFIT_YOY":1391.6987831811,"GROSS_PROFIT_RATIO":0.957855920134,"EPS_TTM":-1.921023086166,"OPERATE_INCOME_QOQ":0,"NET_PROFIT_RATIO":109.5790333874,"ROE_AVG":-34.584451815235,"GROSS_PROFIT_QOQ":0,"ROA":36.878528340336,"HOLDER_PROFIT_QOQ":0,"ROE_YEARLY":-69.16890363047,"ROIC_YEARLY":73.582531309952,"TOTAL_ASSETS":2050105001.28,"TOTAL_LIABILITIES":3512991479.28,"TAX_EBT":-0.245963864568,"OCF_SALES":1.827355163808,"TOTAL_PARENT_EQUITY":-1461171659.76,"DEBT_ASSET_RATIO":171.3566611021,"OPERATE_PROFIT":629975924.28,"PRETAX_PROFIT":625479048.6,"NETCASH_OPERATE":10456230.84,"NETCASH_INVEST":-27461511.72,"NETCASH_FINANCE":25406624.04,"END_CASH":3101324.76,"DIVI_RATIO":null,"DIVIDEND_RATE":null,"CURRENT_RATIO":0.005920987056,"COMMON_ACS":2000000000,"CURRENTDEBT_DEBT":95.568876890305,"ISSUED_COMMON_SHARES":145017062,"HK_COMMON_SHARES":145017062,"PER_SHARES":4000,"TOTAL_MARKET_CAP":107312625.88,"HKSK_MARKET_CAP":107312625.88,"PE_TTM":-3.821538616146,"PB_TTM":-0.058461115065,"REPORT_DATE_SQ":"2021-06-30 00:00:00","REPORT_TYPE_SQ":"2021年中报","OPERATE_INCOME_SQ":439614092.6,"DPS_HKD":null,"OPERATE_INCOME_QOQ_SQ":0,"NET_PROFIT_RATIO_SQ":12.9281234011,"HOLDER_PROFIT_SQ":38475709.16,"HOLDER_PROFIT_QOQ_SQ":0,"ROE_AVG_SQ":-2.357050303575,"PE_TTM_SQ":0.137054461361,"PB_TTM_SQ":-0.042224553455,"ROA_SQ":2.378761010899,"START_DATE":"2022-04-01 00:00:00","FISCAL_YEAR":"3-31","CURRENCY":"HKD","IS_CNY_CODE":0,"DPS_HKD_LY":null,"ORG_TYPE":"一般企业","PREMIUM_INCOME":null,"PREMIUM_INCOME_YOY":null,"NET_INTEREST_INCOME":null,"NET_INTEREST_INCOME_YOY":null,"FEE_COMMISSION_INCOME":null,"FEE_COMMISSION_INCOME_YOY":null,"ACCOUNTS_RECE_TDAYS":80.210839936609,"INVENTORY_TDAYS":null,"CURRENT_ASSETS_TDAYS":27.322364017188,"TOTAL_ASSETS_TDAYS":0.338652691542,"PREMIUM_EXPENSE":null,"LOAN_DEPOSIT":null,"LOAN_EQUITY":null,"LOAN_ASSETS":null,"DEPOSIT_EQUITY":null,"DEPOSIT_ASSETS":null,"EQUITY_MULTIPLIER":-1.401410862777,"EQUITY_RATIO":-2.404229137497},{"SECUCODE":"01142.HK","SECURITY_CODE":"01142","SECURITY_NAME_ABBR":"能源及能量环球","ORG_CODE":"10010514","STD_REPORT_DATE":"2021-12-31 00:00:00","REPORT_DATE":"2022-03-31 00:00:00","DATE_TYPE_CODE":"001","REPORT_TYPE":"2021年年报","PER_NETCASH_OPERATE":-0.033857081865,"PER_OI":6.532252496951,"BPS":-13.246658778744,"BASIC_EPS":-1.9220937,"DILUTED_EPS":-1.9220937,"OPERATE_INCOME":947288065.35,"OPERATE_INCOME_YOY":-6.0393641437,"GROSS_PROFIT":7236642.23,"GROSS_PROFIT_YOY":16.620127128637,"HOLDER_PROFIT":-278581123.99,"HOLDER_PROFIT_YOY":-165.4802662681,"GROSS_PROFIT_RATIO":0.763932587637,"EPS_TTM":5.038273412821,"OPERATE_INCOME_QOQ":0,"NET_PROFIT_RATIO":-29.9280415399,"ROE_AVG":15.767380201988,"GROSS_PROFIT_QOQ":0,"ROA":-20.732833872781,"HOLDER_PROFIT_QOQ":0,"ROE_YEARLY":15.767380201988,"ROIC_YEARLY":-20.653425787997,"TOTAL_ASSETS":1191893547.41,"TOTAL_LIABILITIES":3123790736.29,"TAX_EBT":-0.44566532287,"OCF_SALES":-0.518306386367,"TOTAL_PARENT_EQUITY":-1920991537.41,"DEBT_ASSET_RATIO":262.0863870836,"OPERATE_PROFIT":-272047627.43,"PRETAX_PROFIT":-282246889.19,"NETCASH_OPERATE":-4910665.55,"NETCASH_INVEST":-64069.79,"NETCASH_FINANCE":4933373.83,"END_CASH":2475202.52,"DIVI_RATIO":null,"DIVIDEND_RATE":null,"CURRENT_RATIO":0.00659915631,"COMMON_ACS":2000000000,"CURRENTDEBT_DEBT":95.726828133547,"ISSUED_COMMON_SHARES":145017062,"HK_COMMON_SHARES":145017062,"PER_SHARES":4000,"TOTAL_MARKET_CAP":107312625.88,"HKSK_MARKET_CAP":107312625.88,"PE_TTM":-3.821538616146,"PB_TTM":-0.058461115065,"REPORT_DATE_SQ":"2020-12-31 00:00:00","REPORT_TYPE_SQ":"2020年年报","OPERATE_INCOME_SQ":1050652554.98,"DPS_HKD":null,"OPERATE_INCOME_QOQ_SQ":0,"NET_PROFIT_RATIO_SQ":43.1753077561,"HOLDER_PROFIT_SQ":443367905.12,"HOLDER_PROFIT_QOQ_SQ":0,"ROE_AVG_SQ":-23.286088712228,"PE_TTM_SQ":0.137054461361,"PB_TTM_SQ":-0.042224553455,"ROA_SQ":33.511361215389,"START_DATE":"2021-04-01 00:00:00","FISCAL_YEAR":"3-31","CURRENCY":"HKD","IS_CNY_CODE":0,"DPS_HKD_LY":null,"ORG_TYPE":"一般企业","PREMIUM_INCOME":null,"PREMIUM_INCOME_YOY":null,"NET_INTEREST_INCOME":null,"NET_INTEREST_INCOME_YOY":null,"FEE_COMMISSION_INCOME":null,"FEE_COMMISSION_INCOME_YOY":null,"ACCOUNTS_RECE_TDAYS":101.378726728291,"INVENTORY_TDAYS":null,"CURRENT_ASSETS_TDAYS":42.372306464485,"TOTAL_ASSETS_TDAYS":0.704999886829,"PREMIUM_EXPENSE":null,"LOAN_DEPOSIT":null,"LOAN_EQUITY":null,"LOAN_ASSETS":null,"DEPOSIT_EQUITY":null,"DEPOSIT_ASSETS":null,"EQUITY_MULTIPLIER":-0.616954957164,"EQUITY_RATIO":-1.626134564081},{"SECUCODE":"01142.HK","SECURITY_CODE":"01142","SECURITY_NAME_ABBR":"能源及能量环球","ORG_CODE":"10010514","STD_REPORT_DATE":"2021-06-30 00:00:00","REPORT_DATE":"2021-09-30 00:00:00","DATE_TYPE_CODE":"002","REPORT_TYPE":"2021年中报","PER_NETCASH_OPERATE":0.000080423916,"PER_OI":3.03146461897,"BPS":-11.090015672639,"BASIC_EPS":0.2665792,"DILUTED_EPS":0.249918,"OPERATE_INCOME":439614092.6,"OPERATE_INCOME_YOY":-8.250835411,"GROSS_PROFIT":2946533.22,"GROSS_PROFIT_YOY":-21.543972817398,"HOLDER_PROFIT":38475709.16,"HOLDER_PROFIT_YOY":116.3126479003,"GROSS_PROFIT_RATIO":0.670254495841,"EPS_TTM":3.057349935279,"OPERATE_INCOME_QOQ":0,"NET_PROFIT_RATIO":12.9281234011,"ROE_AVG":-2.357050303575,"GROSS_PROFIT_QOQ":0,"ROA":2.378761010899,"HOLDER_PROFIT_QOQ":0,"ROE_YEARLY":-4.71410060715,"ROIC_YEARLY":4.781144572015,"TOTAL_ASSETS":1698829267.84,"TOTAL_LIABILITIES":3291355914.38,"TAX_EBT":4.183871239572,"OCF_SALES":0.002652972276,"TOTAL_PARENT_EQUITY":-1608241490.38,"DEBT_ASSET_RATIO":193.7425953677,"OPERATE_PROFIT":64161448.14,"PRETAX_PROFIT":59315538.12,"NETCASH_OPERATE":11662.84,"NETCASH_INVEST":-89375675.16,"NETCASH_FINANCE":88464307.52,"END_CASH":2221771.02,"DIVI_RATIO":null,"DIVIDEND_RATE":null,"CURRENT_RATIO":0.039493200097,"COMMON_ACS":2000000000,"CURRENTDEBT_DEBT":94.811668058325,"ISSUED_COMMON_SHARES":145017062,"HK_COMMON_SHARES":145017062,"PER_SHARES":4000,"TOTAL_MARKET_CAP":107312625.88,"HKSK_MARKET_CAP":107312625.88,"PE_TTM":-3.821538616146,"PB_TTM":-0.058461115065,"REPORT_DATE_SQ":"2020-06-30 00:00:00","REPORT_TYPE_SQ":"2020年中报","OPERATE_INCOME_SQ":505409867.52,"DPS_HKD":null,"OPERATE_INCOME_QOQ_SQ":0,"NET_PROFIT_RATIO_SQ":-48.6523890494,"HOLDER_PROFIT_SQ":-248791993.6,"HOLDER_PROFIT_QOQ_SQ":0,"ROE_AVG_SQ":10.648314342843,"PE_TTM_SQ":0.137054461361,"PB_TTM_SQ":-0.042224553455,"ROA_SQ":-24.681499858997,"START_DATE":"2021-04-01 00:00:00","FISCAL_YEAR":"3-31","CURRENCY":"HKD","IS_CNY_CODE":0,"DPS_HKD_LY":null,"ORG_TYPE":"一般企业","PREMIUM_INCOME":null,"PREMIUM_INCOME_YOY":null,"NET_INTEREST_INCOME":null,"NET_INTEREST_INCOME_YOY":null,"FEE_COMMISSION_INCOME":null,"FEE_COMMISSION_INCOME_YOY":null,"ACCOUNTS_RECE_TDAYS":40.315520073341,"INVENTORY_TDAYS":null,"CURRENT_ASSETS_TDAYS":5.904810925428,"TOTAL_ASSETS_TDAYS":0.271791446123,"PREMIUM_EXPENSE":null,"LOAN_DEPOSIT":null,"LOAN_EQUITY":null,"LOAN_ASSETS":null,"DEPOSIT_EQUITY":null,"DEPOSIT_ASSETS":null,"EQUITY_MULTIPLIER":-1.066750921582,"EQUITY_RATIO":-2.04655577789},{"SECUCODE":"01142.HK","SECURITY_CODE":"01142","SECURITY_NAME_ABBR":"能源及能量环球","ORG_CODE":"10010514","STD_REPORT_DATE":"2020-12-31 00:00:00","REPORT_DATE":"2021-03-31 00:00:00","DATE_TYPE_CODE":"001","REPORT_TYPE":"2020年年报","PER_NETCASH_OPERATE":-0.068492322372,"PER_OI":7.245027174664,"BPS":-11.58892775486,"BASIC_EPS":2.0115284,"DILUTED_EPS":1.9523658,"OPERATE_INCOME":1050652554.98,"OPERATE_INCOME_YOY":4.107481586,"GROSS_PROFIT":6205311.56,"GROSS_PROFIT_YOY":-26.2444584497,"HOLDER_PROFIT":443367905.12,"HOLDER_PROFIT_YOY":135.5545795709,"GROSS_PROFIT_RATIO":0.590614997374,"EPS_TTM":-6.221625773456,"OPERATE_INCOME_QOQ":0,"NET_PROFIT_RATIO":43.1753077561,"ROE_AVG":-23.286088712228,"GROSS_PROFIT_QOQ":0,"ROA":33.511361215389,"HOLDER_PROFIT_QOQ":0,"ROE_YEARLY":-23.286088712228,"ROIC_YEARLY":33.374464193407,"TOTAL_ASSETS":1558456138.12,"TOTAL_LIABILITIES":3242843251.06,"TAX_EBT":-0.080927420783,"OCF_SALES":-0.945370123826,"TOTAL_PARENT_EQUITY":-1680592254.74,"DEBT_ASSET_RATIO":208.0804952889,"OPERATE_PROFIT":535628599.1,"PRETAX_PROFIT":453255665.94,"NETCASH_OPERATE":-9932555.36,"NETCASH_INVEST":-614445.86,"NETCASH_FINANCE":7397015.36,"END_CASH":1812911.1,"DIVI_RATIO":null,"DIVIDEND_RATE":null,"CURRENT_RATIO":0.008461385041,"COMMON_ACS":2000000000,"CURRENTDEBT_DEBT":94.870789109969,"ISSUED_COMMON_SHARES":145017062,"HK_COMMON_SHARES":145017062,"PER_SHARES":4000,"TOTAL_MARKET_CAP":107312625.88,"HKSK_MARKET_CAP":107312625.88,"PE_TTM":-3.821538616146,"PB_TTM":-0.058461115065,"REPORT_DATE_SQ":"2019-12-31 00:00:00","REPORT_TYPE_SQ":"2019年年报","OPERATE_INCOME_SQ":1091017190.5,"DPS_HKD":null,"OPERATE_INCOME_QOQ_SQ":0,"NET_PROFIT_RATIO_SQ":-126.4163173697,"HOLDER_PROFIT_SQ":-1348103132.1,"HOLDER_PROFIT_QOQ_SQ":0,"ROE_AVG_SQ":82.508010714505,"PE_TTM_SQ":0.137054461361,"PB_TTM_SQ":-0.042224553455,"ROA_SQ":-72.142474533235,"START_DATE":"2020-04-01 00:00:00","FISCAL_YEAR":"3-31","CURRENCY":"HKD","IS_CNY_CODE":0,"DPS_HKD_LY":null,"ORG_TYPE":"一般企业","PREMIUM_INCOME":null,"PREMIUM_INCOME_YOY":null,"NET_INTEREST_INCOME":null,"NET_INTEREST_INCOME_YOY":null,"FEE_COMMISSION_INCOME":null,"FEE_COMMISSION_INCOME_YOY":null,"ACCOUNTS_RECE_TDAYS":96.428732110305,"INVENTORY_TDAYS":null,"CURRENT_ASSETS_TDAYS":34.283732539059,"TOTAL_ASSETS_TDAYS":0.794121470571,"PREMIUM_EXPENSE":null,"LOAN_DEPOSIT":null,"LOAN_EQUITY":null,"LOAN_ASSETS":null,"DEPOSIT_EQUITY":null,"DEPOSIT_ASSETS":null,"EQUITY_MULTIPLIER":-0.925236322546,"EQUITY_RATIO":-1.929583598826},{"SECUCODE":"01142.HK","SECURITY_CODE":"01142","SECURITY_NAME_ABBR":"能源及能量环球","ORG_CODE":"10010514","STD_REPORT_DATE":"2020-06-30 00:00:00","REPORT_DATE":"2020-09-30 00:00:00","DATE_TYPE_CODE":"002","REPORT_TYPE":"2020年中报","PER_NETCASH_OPERATE":0.02134735401,"PER_OI":3.485175196281,"BPS":-16.970770753582,"BASIC_EPS":-0.8435712,"DILUTED_EPS":-0.8435712,"OPERATE_INCOME":505409867.52,"OPERATE_INCOME_YOY":23.5656556542,"GROSS_PROFIT":3755649.28,"GROSS_PROFIT_YOY":9.081604339544,"HOLDER_PROFIT":-248791993.6,"HOLDER_PROFIT_YOY":63.2354564306,"GROSS_PROFIT_RATIO":0.743089821026,"EPS_TTM":-9.296169109398,"OPERATE_INCOME_QOQ":0,"NET_PROFIT_RATIO":-48.6523890494,"ROE_AVG":10.648314342843,"GROSS_PROFIT_QOQ":0,"ROA":-24.681499858997,"HOLDER_PROFIT_QOQ":0,"ROE_YEARLY":21.296628685686,"ROIC_YEARLY":-49.038685535294,"TOTAL_ASSETS":885240102.4,"TOTAL_LIABILITIES":3358367665.92,"TAX_EBT":0.00571738944,"OCF_SALES":0.612518820654,"TOTAL_PARENT_EQUITY":-2461051314.56,"DEBT_ASSET_RATIO":379.3736475353,"OPERATE_PROFIT":-212168701.44,"PRETAX_PROFIT":-245908034.56,"NETCASH_OPERATE":3095730.56,"NETCASH_INVEST":null,"NETCASH_FINANCE":-2345303.68,"END_CASH":7967354.24,"DIVI_RATIO":null,"DIVIDEND_RATE":null,"CURRENT_RATIO":0.009226123742,"COMMON_ACS":2000000000,"CURRENTDEBT_DEBT":95.802203414754,"ISSUED_COMMON_SHARES":145017062,"HK_COMMON_SHARES":145017062,"PER_SHARES":4000,"TOTAL_MARKET_CAP":107312625.88,"HKSK_MARKET_CAP":107312625.88,"PE_TTM":-3.821538616146,"PB_TTM":-0.058461115065,"REPORT_DATE_SQ":"2019-06-30 00:00:00","REPORT_TYPE_SQ":"2019年中报","OPERATE_INCOME_SQ":419862202.74,"DPS_HKD":null,"OPERATE_INCOME_QOQ_SQ":0,"NET_PROFIT_RATIO_SQ":-168.2901730279,"HOLDER_PROFIT_SQ":-694653235.17,"HOLDER_PROFIT_QOQ_SQ":0,"ROE_AVG_SQ":53.087225259338,"PE_TTM_SQ":0.137054461361,"PB_TTM_SQ":-0.042224553455,"ROA_SQ":-31.961341782296,"START_DATE":"2020-04-01 00:00:00","FISCAL_YEAR":"3-31","CURRENCY":"HKD","IS_CNY_CODE":0,"DPS_HKD_LY":null,"ORG_TYPE":"一般企业","PREMIUM_INCOME":null,"PREMIUM_INCOME_YOY":null,"NET_INTEREST_INCOME":null,"NET_INTEREST_INCOME_YOY":null,"FEE_COMMISSION_INCOME":null,"FEE_COMMISSION_INCOME_YOY":null,"ACCOUNTS_RECE_TDAYS":53.340072336085,"INVENTORY_TDAYS":null,"CURRENT_ASSETS_TDAYS":15.236185430464,"TOTAL_ASSETS_TDAYS":0.501393690103,"PREMIUM_EXPENSE":null,"LOAN_DEPOSIT":null,"LOAN_EQUITY":null,"LOAN_ASSETS":null,"DEPOSIT_EQUITY":null,"DEPOSIT_ASSETS":null,"EQUITY_MULTIPLIER":-0.35794356727,"EQUITY_RATIO":-1.364606924712}],"count":48},"success":true,"message":"ok","code":0}