{"version":"3a8c9ebd500f5d2947544a516b606589","result":{"pages":2,"data":[{"SECUCODE":"01147.HK","SECURITY_CODE":"01147","SECURITY_NAME_ABBR":"伊登软件","ORG_CODE":"10000010478","STD_REPORT_DATE":"2024-06-30 00:00:00","REPORT_DATE":"2024-06-30 00:00:00","DATE_TYPE_CODE":"002","REPORT_TYPE":"2024年中报","PER_NETCASH_OPERATE":0.088407655092,"PER_OI":0.246257684825,"BPS":0.09754627668,"BASIC_EPS":0.0038,"DILUTED_EPS":0.0038,"OPERATE_INCOME":503584000,"OPERATE_INCOME_YOY":6.1963175953,"GROSS_PROFIT":61835000,"GROSS_PROFIT_YOY":16.579627080937,"HOLDER_PROFIT":7757000,"HOLDER_PROFIT_YOY":20.6376360809,"GROSS_PROFIT_RATIO":12.278984240961,"EPS_TTM":0.003649971722,"OPERATE_INCOME_QOQ":3.603838959924,"NET_PROFIT_RATIO":1.5403587088,"ROE_AVG":3.966729991844,"GROSS_PROFIT_QOQ":8.870731830332,"ROA":1.515967296382,"HOLDER_PROFIT_QOQ":21.622942805931,"ROE_YEARLY":7.933459983687,"ROIC_YEARLY":3.658729279032,"TOTAL_ASSETS":588374000,"TOTAL_LIABILITIES":388897000,"TAX_EBT":-5.151145452081,"OCF_SALES":35.900465463557,"TOTAL_PARENT_EQUITY":199477000,"DEBT_ASSET_RATIO":66.09690435,"OPERATE_PROFIT":8519000,"PRETAX_PROFIT":7377000,"NETCASH_OPERATE":180789000,"NETCASH_INVEST":142000,"NETCASH_FINANCE":-15981000,"END_CASH":169724000,"DIVI_RATIO":null,"DIVIDEND_RATE":null,"CURRENT_RATIO":1.463178520307,"COMMON_ACS":5000000000,"CURRENTDEBT_DEBT":99.341728015387,"ISSUED_COMMON_SHARES":2044947350,"HK_COMMON_SHARES":2044947350,"PER_SHARES":10000,"TOTAL_MARKET_CAP":147236209.2,"HKSK_MARKET_CAP":147236209.2,"PE_TTM":17.745479645671,"PB_TTM":0.673659336228,"REPORT_DATE_SQ":"2023-06-30 00:00:00","REPORT_TYPE_SQ":"2023年中报","OPERATE_INCOME_SQ":474201000,"DPS_HKD":null,"OPERATE_INCOME_QOQ_SQ":14.210182825192,"NET_PROFIT_RATIO_SQ":1.3458427966,"HOLDER_PROFIT_SQ":6430000,"HOLDER_PROFIT_QOQ_SQ":1.922938422758,"ROE_AVG_SQ":3.417050176964,"PE_TTM_SQ":-4.616390273655,"PB_TTM_SQ":0.690207562392,"ROA_SQ":1.871528176977,"START_DATE":"2024-01-01 00:00:00","FISCAL_YEAR":"12-31","CURRENCY":"HKD","IS_CNY_CODE":0,"DPS_HKD_LY":null,"ORG_TYPE":"一般企业","PREMIUM_INCOME":null,"PREMIUM_INCOME_YOY":null,"NET_INTEREST_INCOME":null,"NET_INTEREST_INCOME_YOY":null,"FEE_COMMISSION_INCOME":null,"FEE_COMMISSION_INCOME_YOY":null,"ACCOUNTS_RECE_TDAYS":2.120393860094,"INVENTORY_TDAYS":3.973152491152,"CURRENT_ASSETS_TDAYS":1.033966339589,"TOTAL_ASSETS_TDAYS":0.984165108909,"PREMIUM_EXPENSE":null,"LOAN_DEPOSIT":null,"LOAN_EQUITY":null,"LOAN_ASSETS":null,"DEPOSIT_EQUITY":null,"DEPOSIT_ASSETS":null,"EQUITY_MULTIPLIER":2.949583159967,"EQUITY_RATIO":1.949583159963},{"SECUCODE":"01147.HK","SECURITY_CODE":"01147","SECURITY_NAME_ABBR":"伊登软件","ORG_CODE":"10000010478","STD_REPORT_DATE":"2023-12-31 00:00:00","REPORT_DATE":"2023-12-31 00:00:00","DATE_TYPE_CODE":"001","REPORT_TYPE":"2023年年报","PER_NETCASH_OPERATE":-0.037984841028,"PER_OI":0.398702196416,"BPS":0.093707058033,"BASIC_EPS":0.003,"DILUTED_EPS":0.003,"OPERATE_INCOME":815325000,"OPERATE_INCOME_YOY":19.8439856421,"GROSS_PROFIT":99135000,"GROSS_PROFIT_YOY":31.198634216064,"HOLDER_PROFIT":6137000,"HOLDER_PROFIT_YOY":122.0993878286,"GROSS_PROFIT_RATIO":12.158955017938,"EPS_TTM":0.003001055259,"OPERATE_INCOME_QOQ":4.932837578523,"NET_PROFIT_RATIO":0.7469414037,"ROE_AVG":3.257785480904,"GROSS_PROFIT_QOQ":19.761527960665,"ROA":1.618705984755,"HOLDER_PROFIT_QOQ":122.532677338816,"ROE_YEARLY":3.257785480904,"ROIC_YEARLY":1.759940350726,"TOTAL_ASSETS":434999000,"TOTAL_LIABILITIES":243421000,"TAX_EBT":-15.691489361702,"OCF_SALES":-9.527121086683,"TOTAL_PARENT_EQUITY":191626000,"DEBT_ASSET_RATIO":55.958979216,"OPERATE_PROFIT":7514000,"PRETAX_PROFIT":5264000,"NETCASH_OPERATE":-77677000,"NETCASH_INVEST":6659000,"NETCASH_FINANCE":22357000,"END_CASH":5643000,"DIVI_RATIO":null,"DIVIDEND_RATE":null,"CURRENT_RATIO":1.707118666717,"COMMON_ACS":5000000000,"CURRENTDEBT_DEBT":98.376475324643,"ISSUED_COMMON_SHARES":2044947350,"HK_COMMON_SHARES":2044947350,"PER_SHARES":10000,"TOTAL_MARKET_CAP":149281156.55,"HKSK_MARKET_CAP":149281156.55,"PE_TTM":17.99194464075,"PB_TTM":0.683015715897,"REPORT_DATE_SQ":"2022-12-31 00:00:00","REPORT_TYPE_SQ":"2022年年报","OPERATE_INCOME_SQ":680322000,"DPS_HKD":null,"OPERATE_INCOME_QOQ_SQ":-3.412194969589,"NET_PROFIT_RATIO_SQ":-4.0820376234,"HOLDER_PROFIT_SQ":-27770000,"HOLDER_PROFIT_QOQ_SQ":-397.514463252625,"ROE_AVG_SQ":-14.113031303283,"PE_TTM_SQ":-4.286648111251,"PB_TTM_SQ":0.640907022221,"ROA_SQ":-7.940558755703,"START_DATE":"2023-01-01 00:00:00","FISCAL_YEAR":"12-31","CURRENCY":"HKD","IS_CNY_CODE":0,"DPS_HKD_LY":null,"ORG_TYPE":"一般企业","PREMIUM_INCOME":null,"PREMIUM_INCOME_YOY":null,"NET_INTEREST_INCOME":null,"NET_INTEREST_INCOME_YOY":null,"FEE_COMMISSION_INCOME":null,"FEE_COMMISSION_INCOME_YOY":null,"ACCOUNTS_RECE_TDAYS":4.326157780796,"INVENTORY_TDAYS":9.926540908398,"CURRENT_ASSETS_TDAYS":2.30886860978,"TOTAL_ASSETS_TDAYS":2.150515654261,"PREMIUM_EXPENSE":null,"LOAN_DEPOSIT":null,"LOAN_EQUITY":null,"LOAN_ASSETS":null,"DEPOSIT_EQUITY":null,"DEPOSIT_ASSETS":null,"EQUITY_MULTIPLIER":2.270610404115,"EQUITY_RATIO":1.270292131548},{"SECUCODE":"01147.HK","SECURITY_CODE":"01147","SECURITY_NAME_ABBR":"伊登软件","ORG_CODE":"10000010478","STD_REPORT_DATE":"2023-06-30 00:00:00","REPORT_DATE":"2023-06-30 00:00:00","DATE_TYPE_CODE":"002","REPORT_TYPE":"2023年中报","PER_NETCASH_OPERATE":-0.02162891871,"PER_OI":0.231889099736,"BPS":0.093506074863,"BASIC_EPS":0.0031,"DILUTED_EPS":0.0031,"OPERATE_INCOME":474201000,"OPERATE_INCOME_YOY":25.6075078273,"GROSS_PROFIT":53041000,"GROSS_PROFIT_YOY":15.746863066012,"HOLDER_PROFIT":6430000,"HOLDER_PROFIT_YOY":9.0569877883,"GROSS_PROFIT_RATIO":11.185341237155,"EPS_TTM":-0.013318680307,"OPERATE_INCOME_QOQ":14.210182825192,"NET_PROFIT_RATIO":1.3458427966,"ROE_AVG":3.417050176964,"GROSS_PROFIT_QOQ":9.549900080729,"ROA":1.871528176977,"HOLDER_PROFIT_QOQ":1.922938422758,"ROE_YEARLY":6.834100353928,"ROIC_YEARLY":4.340693835945,"TOTAL_ASSETS":363878000,"TOTAL_LIABILITIES":172712000,"TAX_EBT":8.932648401826,"OCF_SALES":-9.327268394626,"TOTAL_PARENT_EQUITY":191215000,"DEBT_ASSET_RATIO":47.4642599992,"OPERATE_PROFIT":8359000,"PRETAX_PROFIT":7008000,"NETCASH_OPERATE":-44230000,"NETCASH_INVEST":5199000,"NETCASH_FINANCE":26187000,"END_CASH":39401000,"DIVI_RATIO":null,"DIVIDEND_RATE":null,"CURRENT_RATIO":1.986570471407,"COMMON_ACS":5000000000,"CURRENTDEBT_DEBT":99.032493399416,"ISSUED_COMMON_SHARES":2044947350,"HK_COMMON_SHARES":2044947350,"PER_SHARES":10000,"TOTAL_MARKET_CAP":149281156.55,"HKSK_MARKET_CAP":149281156.55,"PE_TTM":17.99194464075,"PB_TTM":0.683015715897,"REPORT_DATE_SQ":"2022-06-30 00:00:00","REPORT_TYPE_SQ":"2022年中报","OPERATE_INCOME_SQ":377526000,"DPS_HKD":null,"OPERATE_INCOME_QOQ_SQ":-12.011592609711,"NET_PROFIT_RATIO_SQ":1.5617467406,"HOLDER_PROFIT_SQ":5896000,"HOLDER_PROFIT_QOQ_SQ":-51.970772872286,"ROE_AVG_SQ":2.789395000284,"PE_TTM_SQ":-4.286648111251,"PB_TTM_SQ":0.640907022221,"ROA_SQ":1.618701826393,"START_DATE":"2023-01-01 00:00:00","FISCAL_YEAR":"12-31","CURRENCY":"HKD","IS_CNY_CODE":0,"DPS_HKD_LY":null,"ORG_TYPE":"一般企业","PREMIUM_INCOME":null,"PREMIUM_INCOME_YOY":null,"NET_INTEREST_INCOME":null,"NET_INTEREST_INCOME_YOY":null,"FEE_COMMISSION_INCOME":null,"FEE_COMMISSION_INCOME_YOY":null,"ACCOUNTS_RECE_TDAYS":2.713868341608,"INVENTORY_TDAYS":6.737158670996,"CURRENT_ASSETS_TDAYS":1.488301074324,"TOTAL_ASSETS_TDAYS":1.380218558399,"PREMIUM_EXPENSE":null,"LOAN_DEPOSIT":null,"LOAN_EQUITY":null,"LOAN_ASSETS":null,"DEPOSIT_EQUITY":null,"DEPOSIT_ASSETS":null,"EQUITY_MULTIPLIER":1.903466097527,"EQUITY_RATIO":0.903234578877},{"SECUCODE":"01147.HK","SECURITY_CODE":"01147","SECURITY_NAME_ABBR":"伊登软件","ORG_CODE":"10000010478","STD_REPORT_DATE":"2022-12-31 00:00:00","REPORT_DATE":"2022-12-31 00:00:00","DATE_TYPE_CODE":"001","REPORT_TYPE":"2022年年报","PER_NETCASH_OPERATE":-0.04555031698,"PER_OI":0.33268435982,"BPS":0.090531915162,"BASIC_EPS":-0.0136,"DILUTED_EPS":-0.0136,"OPERATE_INCOME":680322000,"OPERATE_INCOME_YOY":-15.0139286205,"GROSS_PROFIT":75561000,"GROSS_PROFIT_YOY":-25.926397929574,"HOLDER_PROFIT":-27770000,"HOLDER_PROFIT_YOY":-242.8938972934,"GROSS_PROFIT_RATIO":11.10665243811,"EPS_TTM":-0.013579811725,"OPERATE_INCOME_QOQ":-3.412194969589,"NET_PROFIT_RATIO":-4.0820376234,"ROE_AVG":-14.113031303283,"GROSS_PROFIT_QOQ":-20.04126984127,"ROA":-7.940558755703,"HOLDER_PROFIT_QOQ":-397.514463252625,"ROE_YEARLY":-14.113031303283,"ROIC_YEARLY":-10.610657272331,"TOTAL_ASSETS":323261000,"TOTAL_LIABILITIES":138129000,"TAX_EBT":22.490161600938,"OCF_SALES":-13.69175184692,"TOTAL_PARENT_EQUITY":185133000,"DEBT_ASSET_RATIO":42.7298684345,"OPERATE_PROFIT":-36596000,"PRETAX_PROFIT":-35829000,"NETCASH_OPERATE":-93148000,"NETCASH_INVEST":12147000,"NETCASH_FINANCE":13386000,"END_CASH":55256000,"DIVI_RATIO":null,"DIVIDEND_RATE":null,"CURRENT_RATIO":2.195451928613,"COMMON_ACS":5000000000,"CURRENTDEBT_DEBT":98.086571248615,"ISSUED_COMMON_SHARES":2044947350,"HK_COMMON_SHARES":2044947350,"PER_SHARES":10000,"TOTAL_MARKET_CAP":149281156.55,"HKSK_MARKET_CAP":149281156.55,"PE_TTM":17.99194464075,"PB_TTM":0.683015715897,"REPORT_DATE_SQ":"2021-12-31 00:00:00","REPORT_TYPE_SQ":"2021年年报","OPERATE_INCOME_SQ":800510000,"DPS_HKD":null,"OPERATE_INCOME_QOQ_SQ":-3.517557656729,"NET_PROFIT_RATIO_SQ":2.4277023398,"HOLDER_PROFIT_SQ":19434000,"HOLDER_PROFIT_QOQ_SQ":-10.031942965603,"ROE_AVG_SQ":9.734034560481,"PE_TTM_SQ":-4.286648111251,"PB_TTM_SQ":0.640907022221,"ROA_SQ":5.223652928393,"START_DATE":"2022-01-01 00:00:00","FISCAL_YEAR":"12-31","CURRENCY":"HKD","IS_CNY_CODE":0,"DPS_HKD_LY":0.0018,"ORG_TYPE":"一般企业","PREMIUM_INCOME":null,"PREMIUM_INCOME_YOY":null,"NET_INTEREST_INCOME":null,"NET_INTEREST_INCOME_YOY":null,"FEE_COMMISSION_INCOME":null,"FEE_COMMISSION_INCOME_YOY":null,"ACCOUNTS_RECE_TDAYS":4.795407046617,"INVENTORY_TDAYS":11.114886969307,"CURRENT_ASSETS_TDAYS":2.068788096719,"TOTAL_ASSETS_TDAYS":1.94531394087,"PREMIUM_EXPENSE":null,"LOAN_DEPOSIT":null,"LOAN_EQUITY":null,"LOAN_ASSETS":null,"DEPOSIT_EQUITY":null,"DEPOSIT_ASSETS":null,"EQUITY_MULTIPLIER":1.746110883046,"EQUITY_RATIO":0.746106852911},{"SECUCODE":"01147.HK","SECURITY_CODE":"01147","SECURITY_NAME_ABBR":"伊登软件","ORG_CODE":"10000010478","STD_REPORT_DATE":"2022-06-30 00:00:00","REPORT_DATE":"2022-06-30 00:00:00","DATE_TYPE_CODE":"002","REPORT_TYPE":"2022年中报","PER_NETCASH_OPERATE":-0.025813867531,"PER_OI":0.184614043975,"BPS":0.104814434465,"BASIC_EPS":0.0029,"DILUTED_EPS":0.0029,"OPERATE_INCOME":377526000,"OPERATE_INCOME_YOY":-20.2993582165,"GROSS_PROFIT":45825000,"GROSS_PROFIT_YOY":-14.077587984925,"HOLDER_PROFIT":5896000,"HOLDER_PROFIT_YOY":-63.1407851963,"GROSS_PROFIT_RATIO":12.138236836668,"EPS_TTM":0.004564420693,"OPERATE_INCOME_QOQ":-12.011592609711,"NET_PROFIT_RATIO":1.5617467406,"ROE_AVG":2.789395000284,"GROSS_PROFIT_QOQ":-7.360207042585,"ROA":1.618701826393,"HOLDER_PROFIT_QOQ":-51.970772872286,"ROE_YEARLY":5.578790000568,"ROIC_YEARLY":4.421331273645,"TOTAL_ASSETS":352299000,"TOTAL_LIABILITIES":137959000,"TAX_EBT":7.470182046453,"OCF_SALES":-13.982613118037,"TOTAL_PARENT_EQUITY":214340000,"DEBT_ASSET_RATIO":39.1596342879,"OPERATE_PROFIT":5372000,"PRETAX_PROFIT":6372000,"NETCASH_OPERATE":-52788000,"NETCASH_INVEST":8961000,"NETCASH_FINANCE":-4976000,"END_CASH":74315000,"DIVI_RATIO":null,"DIVIDEND_RATE":null,"CURRENT_RATIO":2.492991598904,"COMMON_ACS":5000000000,"CURRENTDEBT_DEBT":96.807022376213,"ISSUED_COMMON_SHARES":2044947350,"HK_COMMON_SHARES":2044947350,"PER_SHARES":10000,"TOTAL_MARKET_CAP":149281156.55,"HKSK_MARKET_CAP":149281156.55,"PE_TTM":17.99194464075,"PB_TTM":0.683015715897,"REPORT_DATE_SQ":"2021-06-30 00:00:00","REPORT_TYPE_SQ":"2021年中报","OPERATE_INCOME_SQ":473680000,"DPS_HKD":null,"OPERATE_INCOME_QOQ_SQ":20.120830962608,"NET_PROFIT_RATIO_SQ":3.3769633508,"HOLDER_PROFIT_SQ":15996000,"HOLDER_PROFIT_QOQ_SQ":34.795631825273,"ROE_AVG_SQ":8.055131016736,"PE_TTM_SQ":-4.286648111251,"PB_TTM_SQ":0.640907022221,"ROA_SQ":4.011732235181,"START_DATE":"2022-01-01 00:00:00","FISCAL_YEAR":"12-31","CURRENCY":"HKD","IS_CNY_CODE":0,"DPS_HKD_LY":0.0018,"ORG_TYPE":"一般企业","PREMIUM_INCOME":null,"PREMIUM_INCOME_YOY":null,"NET_INTEREST_INCOME":null,"NET_INTEREST_INCOME_YOY":null,"FEE_COMMISSION_INCOME":null,"FEE_COMMISSION_INCOME_YOY":null,"ACCOUNTS_RECE_TDAYS":2.43480335883,"INVENTORY_TDAYS":5.558225461857,"CURRENT_ASSETS_TDAYS":1.089231488307,"TOTAL_ASSETS_TDAYS":1.036468836009,"PREMIUM_EXPENSE":null,"LOAN_DEPOSIT":null,"LOAN_EQUITY":null,"LOAN_ASSETS":null,"DEPOSIT_EQUITY":null,"DEPOSIT_ASSETS":null,"EQUITY_MULTIPLIER":1.643645609778,"EQUITY_RATIO":0.643645609779},{"SECUCODE":"01147.HK","SECURITY_CODE":"01147","SECURITY_NAME_ABBR":"伊登软件","ORG_CODE":"10000010478","STD_REPORT_DATE":"2021-12-31 00:00:00","REPORT_DATE":"2021-12-31 00:00:00","DATE_TYPE_CODE":"001","REPORT_TYPE":"2021年年报","PER_NETCASH_OPERATE":0.007261,"PER_OI":0.400255,"BPS":0.101911670244,"BASIC_EPS":0.0095,"DILUTED_EPS":0.0095,"OPERATE_INCOME":800510000,"OPERATE_INCOME_YOY":15.8955114758,"GROSS_PROFIT":102008000,"GROSS_PROFIT_YOY":43.060697857063,"HOLDER_PROFIT":19434000,"HOLDER_PROFIT_YOY":21.2730109204,"GROSS_PROFIT_RATIO":12.742876416285,"EPS_TTM":0.009717,"OPERATE_INCOME_QOQ":-3.517557656729,"NET_PROFIT_RATIO":2.4277023398,"ROE_AVG":9.734034560481,"GROSS_PROFIT_QOQ":14.417749063418,"ROA":5.223652928393,"HOLDER_PROFIT_QOQ":-10.031942965603,"ROE_YEARLY":9.734034560481,"ROIC_YEARLY":7.503359021482,"TOTAL_ASSETS":376186000,"TOTAL_LIABILITIES":167782000,"TAX_EBT":5.014662756598,"OCF_SALES":1.814093515384,"TOTAL_PARENT_EQUITY":208404000,"DEBT_ASSET_RATIO":44.6008091742,"OPERATE_PROFIT":20954000,"PRETAX_PROFIT":20460000,"NETCASH_OPERATE":14522000,"NETCASH_INVEST":5031000,"NETCASH_FINANCE":-2826000,"END_CASH":120756000,"DIVI_RATIO":null,"DIVIDEND_RATE":null,"CURRENT_RATIO":2.173979687283,"COMMON_ACS":5000000000,"CURRENTDEBT_DEBT":98.764468178947,"ISSUED_COMMON_SHARES":2044947350,"HK_COMMON_SHARES":2044947350,"PER_SHARES":10000,"TOTAL_MARKET_CAP":149281156.55,"HKSK_MARKET_CAP":149281156.55,"PE_TTM":17.99194464075,"PB_TTM":0.683015715897,"REPORT_DATE_SQ":"2020-12-31 00:00:00","REPORT_TYPE_SQ":"2020年年报","OPERATE_INCOME_SQ":690717000,"DPS_HKD":null,"OPERATE_INCOME_QOQ_SQ":6.177251849256,"NET_PROFIT_RATIO_SQ":2.3200529305,"HOLDER_PROFIT_SQ":16025000,"HOLDER_PROFIT_QOQ_SQ":-19.802822540286,"ROE_AVG_SQ":11.161141814408,"PE_TTM_SQ":-4.286648111251,"PB_TTM_SQ":0.640907022221,"ROA_SQ":5.57982280363,"START_DATE":"2021-01-01 00:00:00","FISCAL_YEAR":"12-31","CURRENCY":"HKD","IS_CNY_CODE":0,"DPS_HKD_LY":null,"ORG_TYPE":"一般企业","PREMIUM_INCOME":null,"PREMIUM_INCOME_YOY":null,"NET_INTEREST_INCOME":null,"NET_INTEREST_INCOME_YOY":null,"FEE_COMMISSION_INCOME":null,"FEE_COMMISSION_INCOME_YOY":null,"ACCOUNTS_RECE_TDAYS":5.838046375607,"INVENTORY_TDAYS":12.179102916176,"CURRENT_ASSETS_TDAYS":2.258530041178,"TOTAL_ASSETS_TDAYS":2.151685914227,"PREMIUM_EXPENSE":null,"LOAN_DEPOSIT":null,"LOAN_EQUITY":null,"LOAN_ASSETS":null,"DEPOSIT_EQUITY":null,"DEPOSIT_ASSETS":null,"EQUITY_MULTIPLIER":1.805080516689,"EQUITY_RATIO":0.805080516689},{"SECUCODE":"01147.HK","SECURITY_CODE":"01147","SECURITY_NAME_ABBR":"伊登软件","ORG_CODE":"10000010478","STD_REPORT_DATE":"2021-06-30 00:00:00","REPORT_DATE":"2021-06-30 00:00:00","DATE_TYPE_CODE":"002","REPORT_TYPE":"2021年中报","PER_NETCASH_OPERATE":0.024694,"PER_OI":0.23684,"BPS":0.100866655565,"BASIC_EPS":0.0077,"DILUTED_EPS":0.0077,"OPERATE_INCOME":473680000,"OPERATE_INCOME_YOY":41.5229069441,"GROSS_PROFIT":53333000,"GROSS_PROFIT_YOY":50.305780232788,"HOLDER_PROFIT":15996000,"HOLDER_PROFIT_YOY":53.5124760077,"GROSS_PROFIT_RATIO":11.259288971458,"EPS_TTM":0.0108005,"OPERATE_INCOME_QOQ":20.120830962608,"NET_PROFIT_RATIO":3.3769633508,"ROE_AVG":8.055131016736,"GROSS_PROFIT_QOQ":25.033658700774,"ROA":4.011732235181,"HOLDER_PROFIT_QOQ":34.795631825273,"ROE_YEARLY":16.110262033472,"ROIC_YEARLY":11.747900455712,"TOTAL_ASSETS":429570000,"TOTAL_LIABILITIES":223303000,"TAX_EBT":7.35549635121,"OCF_SALES":10.426448235095,"TOTAL_PARENT_EQUITY":206267000,"DEBT_ASSET_RATIO":51.9829131457,"OPERATE_PROFIT":17349000,"PRETAX_PROFIT":17266000,"NETCASH_OPERATE":49388000,"NETCASH_INVEST":-4712000,"NETCASH_FINANCE":-1858000,"END_CASH":147506000,"DIVI_RATIO":null,"DIVIDEND_RATE":null,"CURRENT_RATIO":1.868405072011,"COMMON_ACS":5000000000,"CURRENTDEBT_DEBT":98.817302051473,"ISSUED_COMMON_SHARES":2044947350,"HK_COMMON_SHARES":2044947350,"PER_SHARES":10000,"TOTAL_MARKET_CAP":149281156.55,"HKSK_MARKET_CAP":149281156.55,"PE_TTM":17.99194464075,"PB_TTM":0.683015715897,"REPORT_DATE_SQ":"2020-06-30 00:00:00","REPORT_TYPE_SQ":"2020年中报","OPERATE_INCOME_SQ":334702000,"DPS_HKD":null,"OPERATE_INCOME_QOQ_SQ":-17.850504111693,"NET_PROFIT_RATIO_SQ":3.1132171305,"HOLDER_PROFIT_SQ":10420000,"HOLDER_PROFIT_QOQ_SQ":-18.600293302917,"ROE_AVG_SQ":7.247989760997,"PE_TTM_SQ":-4.286648111251,"PB_TTM_SQ":0.640907022221,"ROA_SQ":3.57029663957,"START_DATE":"2021-01-01 00:00:00","FISCAL_YEAR":"12-31","CURRENCY":"HKD","IS_CNY_CODE":0,"DPS_HKD_LY":null,"ORG_TYPE":"一般企业","PREMIUM_INCOME":null,"PREMIUM_INCOME_YOY":null,"NET_INTEREST_INCOME":null,"NET_INTEREST_INCOME_YOY":null,"FEE_COMMISSION_INCOME":null,"FEE_COMMISSION_INCOME_YOY":null,"ACCOUNTS_RECE_TDAYS":3.192290195946,"INVENTORY_TDAYS":8.310702070029,"CURRENT_ASSETS_TDAYS":1.245027368366,"TOTAL_ASSETS_TDAYS":1.187970320806,"PREMIUM_EXPENSE":null,"LOAN_DEPOSIT":null,"LOAN_EQUITY":null,"LOAN_ASSETS":null,"DEPOSIT_EQUITY":null,"DEPOSIT_ASSETS":null,"EQUITY_MULTIPLIER":2.082591980297,"EQUITY_RATIO":1.082591980297},{"SECUCODE":"01147.HK","SECURITY_CODE":"01147","SECURITY_NAME_ABBR":"伊登软件","ORG_CODE":"10000010478","STD_REPORT_DATE":"2020-12-31 00:00:00","REPORT_DATE":"2020-12-31 00:00:00","DATE_TYPE_CODE":"001","REPORT_TYPE":"2020年年报","PER_NETCASH_OPERATE":0.017827,"PER_OI":0.3453585,"BPS":0.093350080627,"BASIC_EPS":0.0088,"DILUTED_EPS":0.0088,"OPERATE_INCOME":690717000,"OPERATE_INCOME_YOY":-12.7759228578,"GROSS_PROFIT":71304000,"GROSS_PROFIT_YOY":-14.300137015937,"HOLDER_PROFIT":16025000,"HOLDER_PROFIT_YOY":-34.7197327685,"GROSS_PROFIT_RATIO":10.323185906819,"EPS_TTM":0.0080125,"OPERATE_INCOME_QOQ":6.177251849256,"NET_PROFIT_RATIO":2.3200529305,"ROE_AVG":11.161141814408,"GROSS_PROFIT_QOQ":-8.264717990943,"ROA":5.57982280363,"HOLDER_PROFIT_QOQ":-19.802822540286,"ROE_YEARLY":11.161141814408,"ROIC_YEARLY":7.199238071278,"TOTAL_ASSETS":367891000,"TOTAL_LIABILITIES":176995000,"TAX_EBT":16.82238139728,"OCF_SALES":5.161882507597,"TOTAL_PARENT_EQUITY":190896000,"DEBT_ASSET_RATIO":48.1107175767,"OPERATE_PROFIT":20139000,"PRETAX_PROFIT":19266000,"NETCASH_OPERATE":35654000,"NETCASH_INVEST":-24324000,"NETCASH_FINANCE":76237000,"END_CASH":105313000,"DIVI_RATIO":null,"DIVIDEND_RATE":null,"CURRENT_RATIO":2.011034968101,"COMMON_ACS":5000000000,"CURRENTDEBT_DEBT":97.945139693212,"ISSUED_COMMON_SHARES":2044947350,"HK_COMMON_SHARES":2044947350,"PER_SHARES":10000,"TOTAL_MARKET_CAP":149281156.55,"HKSK_MARKET_CAP":149281156.55,"PE_TTM":17.99194464075,"PB_TTM":0.683015715897,"REPORT_DATE_SQ":"2019-12-31 00:00:00","REPORT_TYPE_SQ":"2019年年报","OPERATE_INCOME_SQ":791888000,"DPS_HKD":null,"OPERATE_INCOME_QOQ_SQ":4.207855646443,"NET_PROFIT_RATIO_SQ":3.0999333239,"HOLDER_PROFIT_SQ":24548000,"HOLDER_PROFIT_QOQ_SQ":-18.854951738728,"ROE_AVG_SQ":30.415254709793,"PE_TTM_SQ":-4.286648111251,"PB_TTM_SQ":0.640907022221,"ROA_SQ":12.230855656671,"START_DATE":"2020-01-01 00:00:00","FISCAL_YEAR":"12-31","CURRENCY":"HKD","IS_CNY_CODE":0,"DPS_HKD_LY":null,"ORG_TYPE":"一般企业","PREMIUM_INCOME":null,"PREMIUM_INCOME_YOY":null,"NET_INTEREST_INCOME":null,"NET_INTEREST_INCOME_YOY":null,"FEE_COMMISSION_INCOME":null,"FEE_COMMISSION_INCOME_YOY":null,"ACCOUNTS_RECE_TDAYS":5.888465473146,"INVENTORY_TDAYS":12.561482848481,"CURRENT_ASSETS_TDAYS":2.537954474472,"TOTAL_ASSETS_TDAYS":2.405041165339,"PREMIUM_EXPENSE":null,"LOAN_DEPOSIT":null,"LOAN_EQUITY":null,"LOAN_ASSETS":null,"DEPOSIT_EQUITY":null,"DEPOSIT_ASSETS":null,"EQUITY_MULTIPLIER":1.927180244742,"EQUITY_RATIO":0.927180244741},{"SECUCODE":"01147.HK","SECURITY_CODE":"01147","SECURITY_NAME_ABBR":"伊登软件","ORG_CODE":"10000010478","STD_REPORT_DATE":"2020-06-30 00:00:00","REPORT_DATE":"2020-06-30 00:00:00","DATE_TYPE_CODE":"002","REPORT_TYPE":"2020年中报","PER_NETCASH_OPERATE":0.036474,"PER_OI":0.167351,"BPS":0.093531503391,"BASIC_EPS":0.0063,"DILUTED_EPS":0.0063,"OPERATE_INCOME":334702000,"OPERATE_INCOME_YOY":-29.6930205983,"GROSS_PROFIT":35483000,"GROSS_PROFIT_YOY":-13.365236711673,"HOLDER_PROFIT":10420000,"HOLDER_PROFIT_YOY":-30.4684372081,"GROSS_PROFIT_RATIO":10.601370771612,"EPS_TTM":0.009991,"OPERATE_INCOME_QOQ":-17.850504111693,"NET_PROFIT_RATIO":3.1132171305,"ROE_AVG":7.247989760997,"GROSS_PROFIT_QOQ":-6.579168769981,"ROA":3.57029663957,"HOLDER_PROFIT_QOQ":-18.600293302917,"ROE_YEARLY":14.495979521994,"ROIC_YEARLY":10.829940315804,"TOTAL_ASSETS":377205000,"TOTAL_LIABILITIES":185938000,"TAX_EBT":15.859173126615,"OCF_SALES":21.794910099133,"TOTAL_PARENT_EQUITY":191267000,"DEBT_ASSET_RATIO":49.29362018,"OPERATE_PROFIT":12946000,"PRETAX_PROFIT":12384000,"NETCASH_OPERATE":72948000,"NETCASH_INVEST":1179000,"NETCASH_FINANCE":77106000,"END_CASH":174954000,"DIVI_RATIO":null,"DIVIDEND_RATE":null,"CURRENT_RATIO":1.992425308128,"COMMON_ACS":5000000000,"CURRENTDEBT_DEBT":99.40195118803,"ISSUED_COMMON_SHARES":2044947350,"HK_COMMON_SHARES":2044947350,"PER_SHARES":10000,"TOTAL_MARKET_CAP":149281156.55,"HKSK_MARKET_CAP":149281156.55,"PE_TTM":17.99194464075,"PB_TTM":0.683015715897,"REPORT_DATE_SQ":"2019-06-30 00:00:00","REPORT_TYPE_SQ":"2019年中报","OPERATE_INCOME_SQ":476058000,"DPS_HKD":null,"OPERATE_INCOME_QOQ_SQ":24.149964384439,"NET_PROFIT_RATIO_SQ":3.1479357557,"HOLDER_PROFIT_SQ":14986000,"HOLDER_PROFIT_QOQ_SQ":11.593935593345,"ROE_AVG_SQ":19.759630281574,"PE_TTM_SQ":-4.286648111251,"PB_TTM_SQ":0.640907022221,"ROA_SQ":6.985340387349,"START_DATE":"2020-01-01 00:00:00","FISCAL_YEAR":"12-31","CURRENCY":"HKD","IS_CNY_CODE":0,"DPS_HKD_LY":null,"ORG_TYPE":"一般企业","PREMIUM_INCOME":null,"PREMIUM_INCOME_YOY":null,"NET_INTEREST_INCOME":null,"NET_INTEREST_INCOME_YOY":null,"FEE_COMMISSION_INCOME":null,"FEE_COMMISSION_INCOME_YOY":null,"ACCOUNTS_RECE_TDAYS":3.063171237296,"INVENTORY_TDAYS":6.842262925613,"CURRENT_ASSETS_TDAYS":1.187027536959,"TOTAL_ASSETS_TDAYS":1.146819026734,"PREMIUM_EXPENSE":null,"LOAN_DEPOSIT":null,"LOAN_EQUITY":null,"LOAN_ASSETS":null,"DEPOSIT_EQUITY":null,"DEPOSIT_ASSETS":null,"EQUITY_MULTIPLIER":1.972138424297,"EQUITY_RATIO":0.972138424297}],"count":15},"success":true,"message":"ok","code":0}