{"version":"ee370aa6eb12a34ee417b98c35840726","result":{"pages":2,"data":[{"SECUCODE":"01156.HK","SECURITY_CODE":"01156","SECURITY_NAME_ABBR":"CHINANEWENERGY","ORG_CODE":"10975187","STD_REPORT_DATE":"2024-06-30 00:00:00","REPORT_DATE":"2024-06-30 00:00:00","DATE_TYPE_CODE":"002","REPORT_TYPE":"2024年中报","PER_NETCASH_OPERATE":-0.001770214919,"PER_OI":0.062032128933,"BPS":0.114728239336,"BASIC_EPS":-0.005,"DILUTED_EPS":null,"OPERATE_INCOME":36584000,"OPERATE_INCOME_YOY":13.8837006599,"GROSS_PROFIT":5269000,"GROSS_PROFIT_YOY":160.454770143351,"HOLDER_PROFIT":-2760000,"HOLDER_PROFIT_YOY":82.9797730636,"GROSS_PROFIT_RATIO":14.402471025585,"EPS_TTM":-0.191837716029,"OPERATE_INCOME_QOQ":10.663223832066,"NET_PROFIT_RATIO":-6.94839274,"ROE_AVG":-4.027110037864,"GROSS_PROFIT_QOQ":63.373682155408,"ROA":-0.863159507811,"HOLDER_PROFIT_QOQ":10.629255730919,"ROE_YEARLY":-8.054220075727,"ROIC_YEARLY":-1.755119495975,"TOTAL_ASSETS":313111000,"TOTAL_LIABILITIES":245877000,"TAX_EBT":null,"OCF_SALES":-2.853706538377,"TOTAL_PARENT_EQUITY":67662000,"DEBT_ASSET_RATIO":78.5271038066,"OPERATE_PROFIT":-1584000,"PRETAX_PROFIT":-2542000,"NETCASH_OPERATE":-1044000,"NETCASH_INVEST":-152000,"NETCASH_FINANCE":1530000,"END_CASH":6394000,"DIVI_RATIO":null,"DIVIDEND_RATE":null,"CURRENT_RATIO":0.950947846972,"COMMON_ACS":40000000000,"CURRENTDEBT_DEBT":94.827901755756,"ISSUED_COMMON_SHARES":589758898,"HK_COMMON_SHARES":589758898,"PER_SHARES":4000,"TOTAL_MARKET_CAP":68412032.168,"HKSK_MARKET_CAP":68412032.168,"PE_TTM":-0.546725989792,"PB_TTM":0.922797042935,"REPORT_DATE_SQ":"2023-06-30 00:00:00","REPORT_TYPE_SQ":"2023年中报","OPERATE_INCOME_SQ":32124000,"DPS_HKD":null,"OPERATE_INCOME_QOQ_SQ":-14.260272338395,"NET_PROFIT_RATIO_SQ":-50.6319262856,"HOLDER_PROFIT_SQ":-16216000,"HOLDER_PROFIT_QOQ_SQ":-11.813953488372,"ROE_AVG_SQ":-8.589506246408,"PE_TTM_SQ":-1.15735823366,"PB_TTM_SQ":0.366229612559,"ROA_SQ":-3.423025206182,"START_DATE":"2024-01-01 00:00:00","FISCAL_YEAR":"12-31","CURRENCY":"HKD","IS_CNY_CODE":0,"DPS_HKD_LY":null,"ORG_TYPE":"一般企业","PREMIUM_INCOME":null,"PREMIUM_INCOME_YOY":null,"NET_INTEREST_INCOME":null,"NET_INTEREST_INCOME_YOY":null,"FEE_COMMISSION_INCOME":null,"FEE_COMMISSION_INCOME_YOY":null,"ACCOUNTS_RECE_TDAYS":1.15929904617,"INVENTORY_TDAYS":2.769645778977,"CURRENT_ASSETS_TDAYS":0.160349240857,"TOTAL_ASSETS_TDAYS":0.114412418238,"PREMIUM_EXPENSE":null,"LOAN_DEPOSIT":null,"LOAN_EQUITY":null,"LOAN_ASSETS":null,"DEPOSIT_EQUITY":null,"DEPOSIT_ASSETS":null,"EQUITY_MULTIPLIER":4.657033643684,"EQUITY_RATIO":3.633900860158},{"SECUCODE":"01156.HK","SECURITY_CODE":"01156","SECURITY_NAME_ABBR":"CHINANEWENERGY","ORG_CODE":"10975187","STD_REPORT_DATE":"2023-12-31 00:00:00","REPORT_DATE":"2023-12-31 00:00:00","DATE_TYPE_CODE":"001","REPORT_TYPE":"2023年年报","PER_NETCASH_OPERATE":0.020467686102,"PER_OI":0.070920506909,"BPS":0.117690466791,"BASIC_EPS":-0.215,"DILUTED_EPS":-0.215,"OPERATE_INCOME":41826000,"OPERATE_INCOME_YOY":-64.3591185643,"GROSS_PROFIT":-5122000,"GROSS_PROFIT_YOY":-133.726213208665,"HOLDER_PROFIT":-126594000,"HOLDER_PROFIT_YOY":-150.5571499258,"GROSS_PROFIT_RATIO":-12.245971405346,"EPS_TTM":-0.214653819432,"OPERATE_INCOME_QOQ":-58.431310189924,"NET_PROFIT_RATIO":-302.976617415,"ROE_AVG":-95.236805579065,"GROSS_PROFIT_QOQ":-139.859922178988,"ROA":-31.272448803142,"HOLDER_PROFIT_QOQ":-124.083973519312,"ROE_YEARLY":-95.236805579065,"ROIC_YEARLY":-31.497704738564,"TOTAL_ASSETS":326400000,"TOTAL_LIABILITIES":257637000,"TAX_EBT":-14.785326086957,"OCF_SALES":28.860039210061,"TOTAL_PARENT_EQUITY":69409000,"DEBT_ASSET_RATIO":78.9329044118,"OPERATE_PROFIT":-108579000,"PRETAX_PROFIT":-110400000,"NETCASH_OPERATE":12071000,"NETCASH_INVEST":-4382000,"NETCASH_FINANCE":-4388000,"END_CASH":5174000,"DIVI_RATIO":null,"DIVIDEND_RATE":null,"CURRENT_RATIO":0.955842684726,"COMMON_ACS":40000000000,"CURRENTDEBT_DEBT":95.257280592462,"ISSUED_COMMON_SHARES":589758898,"HK_COMMON_SHARES":589758898,"PER_SHARES":4000,"TOTAL_MARKET_CAP":65463237.678,"HKSK_MARKET_CAP":65463237.678,"PE_TTM":-0.52316021437,"PB_TTM":0.883021308326,"REPORT_DATE_SQ":"2022-12-31 00:00:00","REPORT_TYPE_SQ":"2022年年报","OPERATE_INCOME_SQ":117354000,"DPS_HKD":null,"OPERATE_INCOME_QOQ_SQ":-30.795631457282,"NET_PROFIT_RATIO_SQ":-43.4216132386,"HOLDER_PROFIT_SQ":-50525000,"HOLDER_PROFIT_QOQ_SQ":-40.475991881447,"ROE_AVG_SQ":-22.641619351919,"PE_TTM_SQ":-1.081465890469,"PB_TTM_SQ":0.342214555998,"ROA_SQ":-9.907086140178,"START_DATE":"2023-01-01 00:00:00","FISCAL_YEAR":"12-31","CURRENCY":"HKD","IS_CNY_CODE":0,"DPS_HKD_LY":null,"ORG_TYPE":"一般企业","PREMIUM_INCOME":null,"PREMIUM_INCOME_YOY":null,"NET_INTEREST_INCOME":null,"NET_INTEREST_INCOME_YOY":null,"FEE_COMMISSION_INCOME":null,"FEE_COMMISSION_INCOME_YOY":null,"ACCOUNTS_RECE_TDAYS":0.778781164466,"INVENTORY_TDAYS":4.435333018422,"CURRENT_ASSETS_TDAYS":0.126027859551,"TOTAL_ASSETS_TDAYS":0.10332254638,"PREMIUM_EXPENSE":null,"LOAN_DEPOSIT":null,"LOAN_EQUITY":null,"LOAN_ASSETS":null,"DEPOSIT_EQUITY":null,"DEPOSIT_ASSETS":null,"EQUITY_MULTIPLIER":4.74673879849,"EQUITY_RATIO":3.711867337089},{"SECUCODE":"01156.HK","SECURITY_CODE":"01156","SECURITY_NAME_ABBR":"CHINANEWENERGY","ORG_CODE":"10975187","STD_REPORT_DATE":"2023-06-30 00:00:00","REPORT_DATE":"2023-06-30 00:00:00","DATE_TYPE_CODE":"002","REPORT_TYPE":"2023年中报","PER_NETCASH_OPERATE":-0.002523064942,"PER_OI":0.054469716538,"BPS":0.307133984098,"BASIC_EPS":-0.027,"DILUTED_EPS":null,"OPERATE_INCOME":32124000,"OPERATE_INCOME_YOY":-34.2516220144,"GROSS_PROFIT":2023000,"GROSS_PROFIT_YOY":-53.600917431193,"HOLDER_PROFIT":-16216000,"HOLDER_PROFIT_YOY":-58.2511954718,"GROSS_PROFIT_RATIO":6.297472294857,"EPS_TTM":-0.095791687402,"OPERATE_INCOME_QOQ":-14.260272338395,"NET_PROFIT_RATIO":-50.6319262856,"ROE_AVG":-8.589506246408,"GROSS_PROFIT_QOQ":-15.388160927109,"ROA":-3.423025206182,"HOLDER_PROFIT_QOQ":-11.813953488372,"ROE_YEARLY":-17.179012492816,"ROIC_YEARLY":-6.874011776027,"TOTAL_ASSETS":464246000,"TOTAL_LIABILITIES":283777000,"TAX_EBT":0.006147792942,"OCF_SALES":-4.632050803138,"TOTAL_PARENT_EQUITY":181135000,"DEBT_ASSET_RATIO":61.1264286607,"OPERATE_PROFIT":-15461000,"PRETAX_PROFIT":-16266000,"NETCASH_OPERATE":-1488000,"NETCASH_INVEST":-27000,"NETCASH_FINANCE":3752000,"END_CASH":3258000,"DIVI_RATIO":null,"DIVIDEND_RATE":null,"CURRENT_RATIO":1.467245066985,"COMMON_ACS":40000000000,"CURRENTDEBT_DEBT":99.348079654095,"ISSUED_COMMON_SHARES":589758898,"HK_COMMON_SHARES":589758898,"PER_SHARES":4000,"TOTAL_MARKET_CAP":65463237.678,"HKSK_MARKET_CAP":65463237.678,"PE_TTM":-0.52316021437,"PB_TTM":0.883021308326,"REPORT_DATE_SQ":"2022-06-30 00:00:00","REPORT_TYPE_SQ":"2022年中报","OPERATE_INCOME_SQ":48859000,"DPS_HKD":null,"OPERATE_INCOME_QOQ_SQ":-56.162768754314,"NET_PROFIT_RATIO_SQ":-21.0687897828,"HOLDER_PROFIT_SQ":-10247000,"HOLDER_PROFIT_QOQ_SQ":-527.110794442465,"ROE_AVG_SQ":-4.177555271988,"PE_TTM_SQ":-1.081465890469,"PB_TTM_SQ":0.342214555998,"ROA_SQ":-1.960157929773,"START_DATE":"2023-01-01 00:00:00","FISCAL_YEAR":"12-31","CURRENCY":"HKD","IS_CNY_CODE":0,"DPS_HKD_LY":null,"ORG_TYPE":"一般企业","PREMIUM_INCOME":null,"PREMIUM_INCOME_YOY":null,"NET_INTEREST_INCOME":null,"NET_INTEREST_INCOME_YOY":null,"FEE_COMMISSION_INCOME":null,"FEE_COMMISSION_INCOME_YOY":null,"ACCOUNTS_RECE_TDAYS":0.47138580736,"INVENTORY_TDAYS":3.751370887338,"CURRENT_ASSETS_TDAYS":0.076228624176,"TOTAL_ASSETS_TDAYS":0.067810348867,"PREMIUM_EXPENSE":null,"LOAN_DEPOSIT":null,"LOAN_EQUITY":null,"LOAN_ASSETS":null,"DEPOSIT_EQUITY":null,"DEPOSIT_ASSETS":null,"EQUITY_MULTIPLIER":2.572441804412,"EQUITY_RATIO":1.566660225798},{"SECUCODE":"01156.HK","SECURITY_CODE":"01156","SECURITY_NAME_ABBR":"CHINANEWENERGY","ORG_CODE":"10975187","STD_REPORT_DATE":"2022-12-31 00:00:00","REPORT_DATE":"2022-12-31 00:00:00","DATE_TYPE_CODE":"001","REPORT_TYPE":"2022年年报","PER_NETCASH_OPERATE":0.004447580204,"PER_OI":0.198986400032,"BPS":0.333088658206,"BASIC_EPS":-0.086,"DILUTED_EPS":-0.086,"OPERATE_INCOME":117354000,"OPERATE_INCOME_YOY":-69.6627209298,"GROSS_PROFIT":15187000,"GROSS_PROFIT_YOY":-66.490887427739,"HOLDER_PROFIT":-50525000,"HOLDER_PROFIT_YOY":-699.9881249258,"GROSS_PROFIT_RATIO":12.94118649556,"EPS_TTM":-0.085670602294,"OPERATE_INCOME_QOQ":-30.795631457282,"NET_PROFIT_RATIO":-43.4216132386,"ROE_AVG":-22.641619351919,"GROSS_PROFIT_QOQ":1314.05959031657,"ROA":-9.907086140178,"HOLDER_PROFIT_QOQ":-40.475991881447,"ROE_YEARLY":-22.641619351919,"ROIC_YEARLY":-9.985217332875,"TOTAL_ASSETS":483220000,"TOTAL_LIABILITIES":287395000,"TAX_EBT":10.162021120925,"OCF_SALES":2.235117678136,"TOTAL_PARENT_EQUITY":196442000,"DEBT_ASSET_RATIO":59.4749803402,"OPERATE_PROFIT":-55063000,"PRETAX_PROFIT":-56721000,"NETCASH_OPERATE":2623000,"NETCASH_INVEST":-1307000,"NETCASH_FINANCE":-6253000,"END_CASH":1879000,"DIVI_RATIO":null,"DIVIDEND_RATE":null,"CURRENT_RATIO":1.500382806901,"COMMON_ACS":40000000000,"CURRENTDEBT_DEBT":99.53026322657,"ISSUED_COMMON_SHARES":589758898,"HK_COMMON_SHARES":589758898,"PER_SHARES":4000,"TOTAL_MARKET_CAP":65463237.678,"HKSK_MARKET_CAP":65463237.678,"PE_TTM":-0.52316021437,"PB_TTM":0.883021308326,"REPORT_DATE_SQ":"2021-12-31 00:00:00","REPORT_TYPE_SQ":"2021年年报","OPERATE_INCOME_SQ":386831000,"DPS_HKD":null,"OPERATE_INCOME_QOQ_SQ":-37.19144196438,"NET_PROFIT_RATIO_SQ":2.0150918618,"HOLDER_PROFIT_SQ":8421000,"HOLDER_PROFIT_QOQ_SQ":-86.538461538462,"ROE_AVG_SQ":3.419903750482,"PE_TTM_SQ":-1.081465890469,"PB_TTM_SQ":0.342214555998,"ROA_SQ":1.625788664849,"START_DATE":"2022-01-01 00:00:00","FISCAL_YEAR":"12-31","CURRENCY":"HKD","IS_CNY_CODE":0,"DPS_HKD_LY":null,"ORG_TYPE":"一般企业","PREMIUM_INCOME":null,"PREMIUM_INCOME_YOY":null,"NET_INTEREST_INCOME":null,"NET_INTEREST_INCOME_YOY":null,"FEE_COMMISSION_INCOME":null,"FEE_COMMISSION_INCOME_YOY":null,"ACCOUNTS_RECE_TDAYS":1.436278409439,"INVENTORY_TDAYS":12.397403227764,"CURRENT_ASSETS_TDAYS":0.260010103159,"TOTAL_ASSETS_TDAYS":0.230111071132,"PREMIUM_EXPENSE":null,"LOAN_DEPOSIT":null,"LOAN_EQUITY":null,"LOAN_ASSETS":null,"DEPOSIT_EQUITY":null,"DEPOSIT_ASSETS":null,"EQUITY_MULTIPLIER":2.467611387718,"EQUITY_RATIO":1.463001802059},{"SECUCODE":"01156.HK","SECURITY_CODE":"01156","SECURITY_NAME_ABBR":"CHINANEWENERGY","ORG_CODE":"10975187","STD_REPORT_DATE":"2022-06-30 00:00:00","REPORT_DATE":"2022-06-30 00:00:00","DATE_TYPE_CODE":"002","REPORT_TYPE":"2022年中报","PER_NETCASH_OPERATE":-0.002053381482,"PER_OI":0.082845719099,"BPS":0.408156622675,"BASIC_EPS":-0.017,"DILUTED_EPS":null,"OPERATE_INCOME":48859000,"OPERATE_INCOME_YOY":-81.6398235343,"GROSS_PROFIT":4360000,"GROSS_PROFIT_YOY":-91.030283080974,"HOLDER_PROFIT":-10247000,"HOLDER_PROFIT_YOY":-130.0137664392,"GROSS_PROFIT_RATIO":8.923637405596,"EPS_TTM":-0.060985938698,"OPERATE_INCOME_QOQ":-56.162768754314,"NET_PROFIT_RATIO":-21.0687897828,"ROE_AVG":-4.177555271988,"GROSS_PROFIT_QOQ":-97.630289925423,"ROA":-1.960157929773,"HOLDER_PROFIT_QOQ":-527.110794442465,"ROE_YEARLY":-8.355110543975,"ROIC_YEARLY":-3.955282571879,"TOTAL_ASSETS":508771000,"TOTAL_LIABILITIES":268289000,"TAX_EBT":null,"OCF_SALES":-2.478560756462,"TOTAL_PARENT_EQUITY":240714000,"DEBT_ASSET_RATIO":52.7327618909,"OPERATE_PROFIT":-9433000,"PRETAX_PROFIT":-10294000,"NETCASH_OPERATE":-1211000,"NETCASH_INVEST":-1236000,"NETCASH_FINANCE":-3002000,"END_CASH":2756000,"DIVI_RATIO":null,"DIVIDEND_RATE":null,"CURRENT_RATIO":1.718637047758,"COMMON_ACS":40000000000,"CURRENTDEBT_DEBT":96.831774690725,"ISSUED_COMMON_SHARES":589758898,"HK_COMMON_SHARES":589758898,"PER_SHARES":4000,"TOTAL_MARKET_CAP":65463237.678,"HKSK_MARKET_CAP":65463237.678,"PE_TTM":-0.52316021437,"PB_TTM":0.883021308326,"REPORT_DATE_SQ":"2021-06-30 00:00:00","REPORT_TYPE_SQ":"2021年中报","OPERATE_INCOME_SQ":266114000,"DPS_HKD":null,"OPERATE_INCOME_QOQ_SQ":18.085708095506,"NET_PROFIT_RATIO_SQ":12.7937650781,"HOLDER_PROFIT_SQ":34141000,"HOLDER_PROFIT_QOQ_SQ":41.006221260481,"ROE_AVG_SQ":13.140529108268,"PE_TTM_SQ":-1.081465890469,"PB_TTM_SQ":0.342214555998,"ROA_SQ":6.268740027505,"START_DATE":"2022-01-01 00:00:00","FISCAL_YEAR":"12-31","CURRENCY":"HKD","IS_CNY_CODE":0,"DPS_HKD_LY":null,"ORG_TYPE":"一般企业","PREMIUM_INCOME":null,"PREMIUM_INCOME_YOY":null,"NET_INTEREST_INCOME":null,"NET_INTEREST_INCOME_YOY":null,"FEE_COMMISSION_INCOME":null,"FEE_COMMISSION_INCOME_YOY":null,"ACCOUNTS_RECE_TDAYS":0.592815933316,"INVENTORY_TDAYS":6.104952668404,"CURRENT_ASSETS_TDAYS":0.106215910104,"TOTAL_ASSETS_TDAYS":0.093462824525,"PREMIUM_EXPENSE":null,"LOAN_DEPOSIT":null,"LOAN_EQUITY":null,"LOAN_ASSETS":null,"DEPOSIT_EQUITY":null,"DEPOSIT_ASSETS":null,"EQUITY_MULTIPLIER":2.115630275862,"EQUITY_RATIO":1.114555032113},{"SECUCODE":"01156.HK","SECURITY_CODE":"01156","SECURITY_NAME_ABBR":"CHINANEWENERGY","ORG_CODE":"10975187","STD_REPORT_DATE":"2021-12-31 00:00:00","REPORT_DATE":"2021-12-31 00:00:00","DATE_TYPE_CODE":"001","REPORT_TYPE":"2021年年报","PER_NETCASH_OPERATE":-0.038683604567,"PER_OI":0.655913800219,"BPS":0.423664654908,"BASIC_EPS":0.014,"DILUTED_EPS":0.014,"OPERATE_INCOME":386831000,"OPERATE_INCOME_YOY":-25.8320694991,"GROSS_PROFIT":45322000,"GROSS_PROFIT_YOY":-65.850387293167,"HOLDER_PROFIT":8421000,"HOLDER_PROFIT_YOY":-81.0183932919,"GROSS_PROFIT_RATIO":11.716227499864,"EPS_TTM":0.014278716317,"OPERATE_INCOME_QOQ":-37.19144196438,"NET_PROFIT_RATIO":2.0150918618,"ROE_AVG":3.419903750482,"GROSS_PROFIT_QOQ":-65.415989439065,"ROA":1.625788664849,"HOLDER_PROFIT_QOQ":-86.538461538462,"ROE_YEARLY":3.419903750482,"ROIC_YEARLY":1.697975676665,"TOTAL_ASSETS":536757000,"TOTAL_LIABILITIES":287082000,"TAX_EBT":13.041053101294,"OCF_SALES":-5.897665905783,"TOTAL_PARENT_EQUITY":249860000,"DEBT_ASSET_RATIO":53.4845376958,"OPERATE_PROFIT":10960000,"PRETAX_PROFIT":8964000,"NETCASH_OPERATE":-22814000,"NETCASH_INVEST":-16283000,"NETCASH_FINANCE":8120000,"END_CASH":6904000,"DIVI_RATIO":null,"DIVIDEND_RATE":null,"CURRENT_RATIO":1.698170250613,"COMMON_ACS":40000000000,"CURRENTDEBT_DEBT":97.127649939739,"ISSUED_COMMON_SHARES":589758898,"HK_COMMON_SHARES":589758898,"PER_SHARES":4000,"TOTAL_MARKET_CAP":65463237.678,"HKSK_MARKET_CAP":65463237.678,"PE_TTM":-0.52316021437,"PB_TTM":0.883021308326,"REPORT_DATE_SQ":"2020-12-31 00:00:00","REPORT_TYPE_SQ":"2020年年报","OPERATE_INCOME_SQ":521561000,"DPS_HKD":null,"OPERATE_INCOME_QOQ_SQ":28.322019845146,"NET_PROFIT_RATIO_SQ":8.5060040916,"HOLDER_PROFIT_SQ":44364000,"HOLDER_PROFIT_QOQ_SQ":-17.486887624149,"ROE_AVG_SQ":23.785116877547,"PE_TTM_SQ":-1.081465890469,"PB_TTM_SQ":0.342214555998,"ROA_SQ":9.856454440226,"START_DATE":"2021-01-01 00:00:00","FISCAL_YEAR":"12-31","CURRENCY":"HKD","IS_CNY_CODE":0,"DPS_HKD_LY":null,"ORG_TYPE":"一般企业","PREMIUM_INCOME":null,"PREMIUM_INCOME_YOY":null,"NET_INTEREST_INCOME":null,"NET_INTEREST_INCOME_YOY":null,"FEE_COMMISSION_INCOME":null,"FEE_COMMISSION_INCOME_YOY":null,"ACCOUNTS_RECE_TDAYS":4.689116376045,"INVENTORY_TDAYS":52.122863247863,"CURRENT_ASSETS_TDAYS":0.839430543666,"TOTAL_ASSETS_TDAYS":0.746829895514,"PREMIUM_EXPENSE":null,"LOAN_DEPOSIT":null,"LOAN_EQUITY":null,"LOAN_ASSETS":null,"DEPOSIT_EQUITY":null,"DEPOSIT_ASSETS":null,"EQUITY_MULTIPLIER":2.149822769599,"EQUITY_RATIO":1.148971423997},{"SECUCODE":"01156.HK","SECURITY_CODE":"01156","SECURITY_NAME_ABBR":"CHINANEWENERGY","ORG_CODE":"10975187","STD_REPORT_DATE":"2021-06-30 00:00:00","REPORT_DATE":"2021-06-30 00:00:00","DATE_TYPE_CODE":"002","REPORT_TYPE":"2021年中报","PER_NETCASH_OPERATE":-0.082560856928,"PER_OI":0.451225069944,"BPS":0.469715676931,"BASIC_EPS":0.058,"DILUTED_EPS":null,"OPERATE_INCOME":266114000,"OPERATE_INCOME_YOY":54.9101789436,"GROSS_PROFIT":48608000,"GROSS_PROFIT_YOY":-3.31576330184,"HOLDER_PROFIT":34141000,"HOLDER_PROFIT_YOY":114.0635776538,"GROSS_PROFIT_RATIO":18.265855986532,"EPS_TTM":0.10607046407,"OPERATE_INCOME_QOQ":18.085708095506,"NET_PROFIT_RATIO":12.7937650781,"ROE_AVG":13.140529108268,"GROSS_PROFIT_QOQ":-1.256065583652,"ROA":6.268740027505,"HOLDER_PROFIT_QOQ":41.006221260481,"ROE_YEARLY":26.281058216535,"ROIC_YEARLY":13.146993444987,"TOTAL_ASSETS":590075000,"TOTAL_LIABILITIES":312710000,"TAX_EBT":12.455644124454,"OCF_SALES":-18.297045627062,"TOTAL_PARENT_EQUITY":277019000,"DEBT_ASSET_RATIO":52.994958268,"OPERATE_PROFIT":39686000,"PRETAX_PROFIT":38890000,"NETCASH_OPERATE":-48691000,"NETCASH_INVEST":-10264000,"NETCASH_FINANCE":35715000,"END_CASH":12831000,"DIVI_RATIO":null,"DIVIDEND_RATE":null,"CURRENT_RATIO":1.777798225919,"COMMON_ACS":40000000000,"CURRENTDEBT_DEBT":95.570656518819,"ISSUED_COMMON_SHARES":589758898,"HK_COMMON_SHARES":589758898,"PER_SHARES":4000,"TOTAL_MARKET_CAP":65463237.678,"HKSK_MARKET_CAP":65463237.678,"PE_TTM":-0.52316021437,"PB_TTM":0.883021308326,"REPORT_DATE_SQ":"2020-06-30 00:00:00","REPORT_TYPE_SQ":"2020年中报","OPERATE_INCOME_SQ":171786000,"DPS_HKD":null,"OPERATE_INCOME_QOQ_SQ":1.979385685396,"NET_PROFIT_RATIO_SQ":9.2842257227,"HOLDER_PROFIT_SQ":15949000,"HOLDER_PROFIT_QOQ_SQ":-9.129935100054,"ROE_AVG_SQ":11.481700118064,"PE_TTM_SQ":-1.081465890469,"PB_TTM_SQ":0.342214555998,"ROA_SQ":4.031302053186,"START_DATE":"2021-01-01 00:00:00","FISCAL_YEAR":"12-31","CURRENCY":"HKD","IS_CNY_CODE":0,"DPS_HKD_LY":null,"ORG_TYPE":"一般企业","PREMIUM_INCOME":null,"PREMIUM_INCOME_YOY":null,"NET_INTEREST_INCOME":null,"NET_INTEREST_INCOME_YOY":null,"FEE_COMMISSION_INCOME":null,"FEE_COMMISSION_INCOME_YOY":null,"ACCOUNTS_RECE_TDAYS":3.254580143336,"INVENTORY_TDAYS":43.680289185661,"CURRENT_ASSETS_TDAYS":0.543394207571,"TOTAL_ASSETS_TDAYS":0.488620568724,"PREMIUM_EXPENSE":null,"LOAN_DEPOSIT":null,"LOAN_EQUITY":null,"LOAN_ASSETS":null,"DEPOSIT_EQUITY":null,"DEPOSIT_ASSETS":null,"EQUITY_MULTIPLIER":2.127431363005,"EQUITY_RATIO":1.128839538082},{"SECUCODE":"01156.HK","SECURITY_CODE":"01156","SECURITY_NAME_ABBR":"CHINANEWENERGY","ORG_CODE":"10975187","STD_REPORT_DATE":"2020-12-31 00:00:00","REPORT_DATE":"2020-12-31 00:00:00","DATE_TYPE_CODE":"001","REPORT_TYPE":"2020年年报","PER_NETCASH_OPERATE":-0.065118135784,"PER_OI":0.884363087643,"BPS":0.411371495746,"BASIC_EPS":0.088,"DILUTED_EPS":0.08,"OPERATE_INCOME":521561000,"OPERATE_INCOME_YOY":30.8620075372,"GROSS_PROFIT":132716000,"GROSS_PROFIT_YOY":21.293766050979,"HOLDER_PROFIT":44364000,"HOLDER_PROFIT_YOY":-25.0202812331,"GROSS_PROFIT_RATIO":25.44592099486,"EPS_TTM":0.075223960419,"OPERATE_INCOME_QOQ":28.322019845146,"NET_PROFIT_RATIO":8.5060040916,"ROE_AVG":23.785116877547,"GROSS_PROFIT_QOQ":20.838758433565,"ROA":9.856454440226,"HOLDER_PROFIT_QOQ":-17.486887624149,"ROE_YEARLY":23.785116877547,"ROIC_YEARLY":10.608143813949,"TOTAL_ASSETS":499171000,"TOTAL_LIABILITIES":256561000,"TAX_EBT":22.0918797415,"OCF_SALES":-7.363280613389,"TOTAL_PARENT_EQUITY":242610000,"DEBT_ASSET_RATIO":51.3974169172,"OPERATE_PROFIT":58314000,"PRETAX_PROFIT":56944000,"NETCASH_OPERATE":-38404000,"NETCASH_INVEST":-9421000,"NETCASH_FINANCE":59927000,"END_CASH":37322000,"DIVI_RATIO":null,"DIVIDEND_RATE":null,"CURRENT_RATIO":1.846256524766,"COMMON_ACS":40000000000,"CURRENTDEBT_DEBT":94.608689551413,"ISSUED_COMMON_SHARES":589758898,"HK_COMMON_SHARES":589758898,"PER_SHARES":4000,"TOTAL_MARKET_CAP":65463237.678,"HKSK_MARKET_CAP":65463237.678,"PE_TTM":-0.52316021437,"PB_TTM":0.883021308326,"REPORT_DATE_SQ":"2019-12-31 00:00:00","REPORT_TYPE_SQ":"2019年年报","OPERATE_INCOME_SQ":398558000,"DPS_HKD":null,"OPERATE_INCOME_QOQ_SQ":59.437230476282,"NET_PROFIT_RATIO_SQ":14.8455180927,"HOLDER_PROFIT_SQ":59168000,"HOLDER_PROFIT_QOQ_SQ":29.1285655049,"ROE_AVG_SQ":58.740370105631,"PE_TTM_SQ":-1.081465890469,"PB_TTM_SQ":0.342214555998,"ROA_SQ":18.206854957205,"START_DATE":"2020-01-01 00:00:00","FISCAL_YEAR":"12-31","CURRENCY":"HKD","IS_CNY_CODE":0,"DPS_HKD_LY":null,"ORG_TYPE":"一般企业","PREMIUM_INCOME":null,"PREMIUM_INCOME_YOY":null,"NET_INTEREST_INCOME":null,"NET_INTEREST_INCOME_YOY":null,"FEE_COMMISSION_INCOME":null,"FEE_COMMISSION_INCOME_YOY":null,"ACCOUNTS_RECE_TDAYS":6.164076442154,"INVENTORY_TDAYS":83.371569468268,"CURRENT_ASSETS_TDAYS":1.297885179835,"TOTAL_ASSETS_TDAYS":1.15876436622,"PREMIUM_EXPENSE":null,"LOAN_DEPOSIT":null,"LOAN_EQUITY":null,"LOAN_ASSETS":null,"DEPOSIT_EQUITY":null,"DEPOSIT_ASSETS":null,"EQUITY_MULTIPLIER":2.057503812701,"EQUITY_RATIO":1.057503812704},{"SECUCODE":"01156.HK","SECURITY_CODE":"01156","SECURITY_NAME_ABBR":"CHINANEWENERGY","ORG_CODE":"10975187","STD_REPORT_DATE":"2020-06-30 00:00:00","REPORT_DATE":"2020-06-30 00:00:00","DATE_TYPE_CODE":"002","REPORT_TYPE":"2020年中报","PER_NETCASH_OPERATE":-0.003836223272,"PER_OI":0.386515807048,"BPS":0.249908904299,"BASIC_EPS":0.036,"DILUTED_EPS":0.031,"OPERATE_INCOME":171786000,"OPERATE_INCOME_YOY":4.8133888967,"GROSS_PROFIT":50275000,"GROSS_PROFIT_YOY":0.826263963259,"HOLDER_PROFIT":15949000,"HOLDER_PROFIT_YOY":-25.3009226734,"GROSS_PROFIT_RATIO":29.266063590747,"EPS_TTM":0.120972657153,"OPERATE_INCOME_QOQ":1.979385685396,"NET_PROFIT_RATIO":9.2842257227,"ROE_AVG":11.481700118064,"GROSS_PROFIT_QOQ":0.376541122495,"ROA":4.031302053186,"HOLDER_PROFIT_QOQ":-9.129935100054,"ROE_YEARLY":22.963400236128,"ROIC_YEARLY":8.512080440201,"TOTAL_ASSETS":390227000,"TOTAL_LIABILITIES":242841000,"TAX_EBT":22.340166528704,"OCF_SALES":-0.992513941765,"TOTAL_PARENT_EQUITY":147386000,"DEBT_ASSET_RATIO":62.2307016173,"OPERATE_PROFIT":21273000,"PRETAX_PROFIT":20537000,"NETCASH_OPERATE":-1705000,"NETCASH_INVEST":-2118000,"NETCASH_FINANCE":-7683000,"END_CASH":15316000,"DIVI_RATIO":null,"DIVIDEND_RATE":null,"CURRENT_RATIO":1.430292921142,"COMMON_ACS":40000000000,"CURRENTDEBT_DEBT":98.997286290206,"ISSUED_COMMON_SHARES":589758898,"HK_COMMON_SHARES":589758898,"PER_SHARES":4000,"TOTAL_MARKET_CAP":65463237.678,"HKSK_MARKET_CAP":65463237.678,"PE_TTM":-0.52316021437,"PB_TTM":0.883021308326,"REPORT_DATE_SQ":"2019-06-30 00:00:00","REPORT_TYPE_SQ":"2019年中报","OPERATE_INCOME_SQ":163897000,"DPS_HKD":null,"OPERATE_INCOME_QOQ_SQ":0,"NET_PROFIT_RATIO_SQ":13.0270840833,"HOLDER_PROFIT_SQ":21351000,"HOLDER_PROFIT_QOQ_SQ":0,"ROE_AVG_SQ":null,"PE_TTM_SQ":-1.081465890469,"PB_TTM_SQ":0.342214555998,"ROA_SQ":null,"START_DATE":"2020-01-01 00:00:00","FISCAL_YEAR":"12-31","CURRENCY":"HKD","IS_CNY_CODE":0,"DPS_HKD_LY":null,"ORG_TYPE":"一般企业","PREMIUM_INCOME":null,"PREMIUM_INCOME_YOY":null,"NET_INTEREST_INCOME":null,"NET_INTEREST_INCOME_YOY":null,"FEE_COMMISSION_INCOME":null,"FEE_COMMISSION_INCOME_YOY":null,"ACCOUNTS_RECE_TDAYS":1.535256582122,"INVENTORY_TDAYS":25.186236915743,"CURRENT_ASSETS_TDAYS":0.491224157159,"TOTAL_ASSETS_TDAYS":0.434209827894,"PREMIUM_EXPENSE":null,"LOAN_DEPOSIT":null,"LOAN_EQUITY":null,"LOAN_ASSETS":null,"DEPOSIT_EQUITY":null,"DEPOSIT_ASSETS":null,"EQUITY_MULTIPLIER":2.647653101383,"EQUITY_RATIO":1.64765310138}],"count":14},"success":true,"message":"ok","code":0}