{"version":"098750818c4178e1c89ea109f3f01710","result":{"pages":4,"data":[{"SECUCODE":"01150.HK","SECURITY_CODE":"01150","SECURITY_NAME_ABBR":"米兰站","ORG_CODE":"10169985","STD_REPORT_DATE":"2024-06-30 00:00:00","REPORT_DATE":"2024-06-30 00:00:00","DATE_TYPE_CODE":"002","REPORT_TYPE":"2024年中报","PER_NETCASH_OPERATE":0.003525186673,"PER_OI":0.06544599208,"BPS":0.054930740494,"BASIC_EPS":-0.022269392,"DILUTED_EPS":-0.022269392,"OPERATE_INCOME":57643956.12,"OPERATE_INCOME_YOY":-36.8435262589,"GROSS_PROFIT":3700004.72,"GROSS_PROFIT_YOY":-76.493045009911,"HOLDER_PROFIT":-19641786.28,"HOLDER_PROFIT_YOY":-78.8349675918,"GROSS_PROFIT_RATIO":6.418721005716,"EPS_TTM":-0.038392631678,"OPERATE_INCOME_QOQ":-22.103423815132,"NET_PROFIT_RATIO":-34.0743203661,"ROE_AVG":-28.997985596001,"GROSS_PROFIT_QOQ":-52.848046174369,"ROA":-19.849017971196,"HOLDER_PROFIT_QOQ":-33.822731192422,"ROE_YEARLY":-57.995971192002,"ROIC_YEARLY":-43.606265070006,"TOTAL_ASSETS":90375398.96,"TOTAL_LIABILITIES":32317086.12,"TAX_EBT":null,"OCF_SALES":5.3864057379,"TOTAL_PARENT_EQUITY":58058312.84,"DEBT_ASSET_RATIO":35.7587202844,"OPERATE_PROFIT":-18965490.4,"PRETAX_PROFIT":-19641786.28,"NETCASH_OPERATE":3104937.36,"NETCASH_INVEST":-212654.44,"NETCASH_FINANCE":-4234835.2,"END_CASH":8303562.64,"DIVI_RATIO":null,"DIVIDEND_RATE":null,"CURRENT_RATIO":3.84967732544,"COMMON_ACS":2000000000,"CURRENTDEBT_DEBT":58.202716823407,"ISSUED_COMMON_SHARES":1056936650,"HK_COMMON_SHARES":1056936650,"PER_SHARES":10000,"TOTAL_MARKET_CAP":107807538.3,"HKSK_MARKET_CAP":107807538.3,"PE_TTM":-2.884791370314,"PB_TTM":1.694740670932,"REPORT_DATE_SQ":"2023-06-30 00:00:00","REPORT_TYPE_SQ":"2023年中报","OPERATE_INCOME_SQ":92201687.92,"DPS_HKD":null,"OPERATE_INCOME_QOQ_SQ":-4.329147883089,"NET_PROFIT_RATIO_SQ":-12.0335186593,"HOLDER_PROFIT_SQ":-11095107.32,"HOLDER_PROFIT_QOQ_SQ":23.440273145295,"ROE_AVG_SQ":-11.278720482865,"PE_TTM_SQ":-3.268176539124,"PB_TTM_SQ":1.093601502359,"ROA_SQ":-8.831191704521,"START_DATE":"2024-01-01 00:00:00","FISCAL_YEAR":"12-31","CURRENCY":"HKD","IS_CNY_CODE":0,"DPS_HKD_LY":null,"ORG_TYPE":"一般企业","PREMIUM_INCOME":null,"PREMIUM_INCOME_YOY":null,"NET_INTEREST_INCOME":null,"NET_INTEREST_INCOME_YOY":null,"FEE_COMMISSION_INCOME":null,"FEE_COMMISSION_INCOME_YOY":null,"ACCOUNTS_RECE_TDAYS":25.293952743292,"INVENTORY_TDAYS":1.38727848844,"CURRENT_ASSETS_TDAYS":0.699942926486,"TOTAL_ASSETS_TDAYS":0.582521316873,"PREMIUM_EXPENSE":null,"LOAN_DEPOSIT":null,"LOAN_EQUITY":null,"LOAN_ASSETS":null,"DEPOSIT_EQUITY":null,"DEPOSIT_ASSETS":null,"EQUITY_MULTIPLIER":1.556631506139,"EQUITY_RATIO":0.556631506139},{"SECUCODE":"01150.HK","SECURITY_CODE":"01150","SECURITY_NAME_ABBR":"米兰站","ORG_CODE":"10169985","STD_REPORT_DATE":"2023-12-31 00:00:00","REPORT_DATE":"2023-12-31 00:00:00","DATE_TYPE_CODE":"001","REPORT_TYPE":"2023年年报","PER_NETCASH_OPERATE":-0.004150484661,"PER_OI":0.177506783851,"BPS":0.072723155129,"BASIC_EPS":-0.028727174,"DILUTED_EPS":-0.028727174,"OPERATE_INCOME":156345605.5,"OPERATE_INCOME_YOY":-26.0438100137,"GROSS_PROFIT":22782370.8,"GROSS_PROFIT_YOY":-53.436918916354,"HOLDER_PROFIT":-25269038.48,"HOLDER_PROFIT_YOY":39.190927925,"GROSS_PROFIT_RATIO":14.571801188234,"EPS_TTM":-0.028689170618,"OPERATE_INCOME_QOQ":-21.57657934817,"NET_PROFIT_RATIO":-16.1622953195,"ROE_AVG":-28.231815972785,"GROSS_PROFIT_QOQ":-39.146251591844,"ROA":-21.581458706614,"HOLDER_PROFIT_QOQ":19.421552617574,"ROE_YEARLY":-28.231815972785,"ROIC_YEARLY":-24.290150746327,"TOTAL_ASSETS":106775371.5,"TOTAL_LIABILITIES":29911603.54,"TAX_EBT":0.712149266486,"OCF_SALES":-2.338211853355,"TOTAL_PARENT_EQUITY":76863767.96,"DEBT_ASSET_RATIO":28.0135794611,"OPERATE_PROFIT":-24306632.84,"PRETAX_PROFIT":-25450282.48,"NETCASH_OPERATE":-3655691.48,"NETCASH_INVEST":-1431827.6,"NETCASH_FINANCE":-2276424.64,"END_CASH":9367596.14,"DIVI_RATIO":null,"DIVIDEND_RATE":null,"CURRENT_RATIO":5.117188685928,"COMMON_ACS":2000000000,"CURRENTDEBT_DEBT":59.875177992547,"ISSUED_COMMON_SHARES":1056936650,"HK_COMMON_SHARES":1056936650,"PER_SHARES":10000,"TOTAL_MARKET_CAP":160654370.8,"HKSK_MARKET_CAP":160654370.8,"PE_TTM":-4.298904787134,"PB_TTM":2.525495901781,"REPORT_DATE_SQ":"2022-12-31 00:00:00","REPORT_TYPE_SQ":"2022年年报","OPERATE_INCOME_SQ":208382025.6,"DPS_HKD":null,"OPERATE_INCOME_QOQ_SQ":0.343598117492,"NET_PROFIT_RATIO_SQ":-19.3621399177,"HOLDER_PROFIT_SQ":-40960895.85,"HOLDER_PROFIT_QOQ_SQ":-244.428121838497,"ROE_AVG_SQ":-37.198228308132,"PE_TTM_SQ":-2.300796283543,"PB_TTM_SQ":0.769895457661,"ROA_SQ":-29.251162583008,"START_DATE":"2023-01-01 00:00:00","FISCAL_YEAR":"12-31","CURRENCY":"HKD","IS_CNY_CODE":0,"DPS_HKD_LY":null,"ORG_TYPE":"一般企业","PREMIUM_INCOME":null,"PREMIUM_INCOME_YOY":null,"NET_INTEREST_INCOME":null,"NET_INTEREST_INCOME_YOY":null,"FEE_COMMISSION_INCOME":null,"FEE_COMMISSION_INCOME_YOY":null,"ACCOUNTS_RECE_TDAYS":45.551155115512,"INVENTORY_TDAYS":3.204091393291,"CURRENT_ASSETS_TDAYS":1.579783532342,"TOTAL_ASSETS_TDAYS":1.335296644441,"PREMIUM_EXPENSE":null,"LOAN_DEPOSIT":null,"LOAN_EQUITY":null,"LOAN_ASSETS":null,"DEPOSIT_EQUITY":null,"DEPOSIT_ASSETS":null,"EQUITY_MULTIPLIER":1.389150887784,"EQUITY_RATIO":0.389150887783},{"SECUCODE":"01150.HK","SECURITY_CODE":"01150","SECURITY_NAME_ABBR":"米兰站","ORG_CODE":"10169985","STD_REPORT_DATE":"2023-06-30 00:00:00","REPORT_DATE":"2023-06-30 00:00:00","DATE_TYPE_CODE":"002","REPORT_TYPE":"2023年中报","PER_NETCASH_OPERATE":-0.011269513088,"PER_OI":0.104681068815,"BPS":0.087820151283,"BASIC_EPS":-0.012631126,"DILUTED_EPS":-0.012631126,"OPERATE_INCOME":92201687.92,"OPERATE_INCOME_YOY":-15.5107592744,"GROSS_PROFIT":15740042.56,"GROSS_PROFIT_YOY":-42.196173384612,"HOLDER_PROFIT":-11095107.32,"HOLDER_PROFIT_YOY":50.2747820338,"GROSS_PROFIT_RATIO":17.071317147314,"EPS_TTM":-0.035604025084,"OPERATE_INCOME_QOQ":-4.329147883089,"NET_PROFIT_RATIO":-12.0335186593,"ROE_AVG":-11.278720482865,"GROSS_PROFIT_QOQ":-23.483627053933,"ROA":-8.831191704521,"HOLDER_PROFIT_QOQ":23.440273145295,"ROE_YEARLY":-22.55744096573,"ROIC_YEARLY":-19.696628707746,"TOTAL_ASSETS":121657104.96,"TOTAL_LIABILITIES":28836768.46,"TAX_EBT":null,"OCF_SALES":-10.765569377225,"TOTAL_PARENT_EQUITY":92820336.5,"DEBT_ASSET_RATIO":23.7033163575,"OPERATE_PROFIT":-10665464.64,"PRETAX_PROFIT":-11095107.32,"NETCASH_OPERATE":-9926036.68,"NETCASH_INVEST":-58084.74,"NETCASH_FINANCE":1868853.46,"END_CASH":8913702.64,"DIVI_RATIO":null,"DIVIDEND_RATE":null,"CURRENT_RATIO":4.523069029483,"COMMON_ACS":2000000000,"CURRENTDEBT_DEBT":81.008408734853,"ISSUED_COMMON_SHARES":1056936650,"HK_COMMON_SHARES":1056936650,"PER_SHARES":10000,"TOTAL_MARKET_CAP":160654370.8,"HKSK_MARKET_CAP":160654370.8,"PE_TTM":-4.298904787134,"PB_TTM":2.525495901781,"REPORT_DATE_SQ":"2022-06-30 00:00:00","REPORT_TYPE_SQ":"2022年中报","OPERATE_INCOME_SQ":101222853.97,"DPS_HKD":null,"OPERATE_INCOME_QOQ_SQ":3.664894991181,"NET_PROFIT_RATIO_SQ":-20.3078664785,"HOLDER_PROFIT_SQ":-20696453.19,"HOLDER_PROFIT_QOQ_SQ":-170.850188629022,"ROE_AVG_SQ":-19.253978924925,"PE_TTM_SQ":-2.300796283543,"PB_TTM_SQ":0.769895457661,"ROA_SQ":-14.747220538008,"START_DATE":"2023-01-01 00:00:00","FISCAL_YEAR":"12-31","CURRENCY":"HKD","IS_CNY_CODE":0,"DPS_HKD_LY":null,"ORG_TYPE":"一般企业","PREMIUM_INCOME":null,"PREMIUM_INCOME_YOY":null,"NET_INTEREST_INCOME":null,"NET_INTEREST_INCOME_YOY":null,"FEE_COMMISSION_INCOME":null,"FEE_COMMISSION_INCOME_YOY":null,"ACCOUNTS_RECE_TDAYS":15.411311450146,"INVENTORY_TDAYS":1.740258105131,"CURRENT_ASSETS_TDAYS":0.862527276334,"TOTAL_ASSETS_TDAYS":0.733882744905,"PREMIUM_EXPENSE":null,"LOAN_DEPOSIT":null,"LOAN_EQUITY":null,"LOAN_ASSETS":null,"DEPOSIT_EQUITY":null,"DEPOSIT_ASSETS":null,"EQUITY_MULTIPLIER":1.310672957537,"EQUITY_RATIO":0.310672957537},{"SECUCODE":"01150.HK","SECURITY_CODE":"01150","SECURITY_NAME_ABBR":"米兰站","ORG_CODE":"10169985","STD_REPORT_DATE":"2022-12-31 00:00:00","REPORT_DATE":"2022-12-31 00:00:00","DATE_TYPE_CODE":"001","REPORT_TYPE":"2022年年报","PER_NETCASH_OPERATE":-0.015015844779,"PER_OI":0.23658626706,"BPS":0.09526361666,"BASIC_EPS":-0.054221489,"DILUTED_EPS":-0.054221489,"OPERATE_INCOME":208382025.6,"OPERATE_INCOME_YOY":-4.7906684407,"GROSS_PROFIT":48927970.98,"GROSS_PROFIT_YOY":-15.62200029204,"HOLDER_PROFIT":-40960895.85,"HOLDER_PROFIT_YOY":-323.3560642962,"GROSS_PROFIT_RATIO":23.479938271605,"EPS_TTM":-0.046504900875,"OPERATE_INCOME_QOQ":0.343598117492,"NET_PROFIT_RATIO":-19.3621399177,"ROE_AVG":-37.198228308132,"GROSS_PROFIT_QOQ":-19.290246272356,"ROA":-29.251162583008,"HOLDER_PROFIT_QOQ":-244.428121838497,"ROE_YEARLY":-37.198228308132,"ROIC_YEARLY":-34.527027535785,"TOTAL_ASSETS":125577683.14,"TOTAL_LIABILITIES":24890075.28,"TAX_EBT":-0.715766940933,"OCF_SALES":-6.346879286694,"TOTAL_PARENT_EQUITY":100687607.86,"DEBT_ASSET_RATIO":19.8204606564,"OPERATE_PROFIT":-39195794.33,"PRETAX_PROFIT":-40060479.69,"NETCASH_OPERATE":-13225755.62,"NETCASH_INVEST":1478361.85,"NETCASH_FINANCE":2743232.17,"END_CASH":16506736.33,"DIVI_RATIO":null,"DIVIDEND_RATE":null,"CURRENT_RATIO":5.766224188791,"COMMON_ACS":2000000000,"CURRENTDEBT_DEBT":72.997416020672,"ISSUED_COMMON_SHARES":1056936650,"HK_COMMON_SHARES":1056936650,"PER_SHARES":10000,"TOTAL_MARKET_CAP":196590216.9,"HKSK_MARKET_CAP":196590216.9,"PE_TTM":-5.260501910572,"PB_TTM":3.090409458758,"REPORT_DATE_SQ":"2021-12-31 00:00:00","REPORT_TYPE_SQ":"2021年年报","OPERATE_INCOME_SQ":200326716.8,"DPS_HKD":null,"OPERATE_INCOME_QOQ_SQ":20.24354839681,"NET_PROFIT_RATIO_SQ":9.0421928185,"HOLDER_PROFIT_SQ":16785328,"HOLDER_PROFIT_QOQ_SQ":145.407195756873,"ROE_AVG_SQ":16.614871645463,"PE_TTM_SQ":-4.130975145452,"PB_TTM_SQ":1.382312298982,"ROA_SQ":12.115203606825,"START_DATE":"2022-01-01 00:00:00","FISCAL_YEAR":"12-31","CURRENCY":"HKD","IS_CNY_CODE":0,"DPS_HKD_LY":null,"ORG_TYPE":"一般企业","PREMIUM_INCOME":null,"PREMIUM_INCOME_YOY":null,"NET_INTEREST_INCOME":null,"NET_INTEREST_INCOME_YOY":null,"FEE_COMMISSION_INCOME":null,"FEE_COMMISSION_INCOME_YOY":null,"ACCOUNTS_RECE_TDAYS":44.3751188891,"INVENTORY_TDAYS":3.787724789136,"CURRENT_ASSETS_TDAYS":1.793730248437,"TOTAL_ASSETS_TDAYS":1.488106249561,"PREMIUM_EXPENSE":null,"LOAN_DEPOSIT":null,"LOAN_EQUITY":null,"LOAN_ASSETS":null,"DEPOSIT_EQUITY":null,"DEPOSIT_ASSETS":null,"EQUITY_MULTIPLIER":1.247200979435,"EQUITY_RATIO":0.247200979435},{"SECUCODE":"01150.HK","SECURITY_CODE":"01150","SECURITY_NAME_ABBR":"米兰站","ORG_CODE":"10169985","STD_REPORT_DATE":"2022-06-30 00:00:00","REPORT_DATE":"2022-06-30 00:00:00","DATE_TYPE_CODE":"002","REPORT_TYPE":"2022年中报","PER_NETCASH_OPERATE":-0.012436561876,"PER_OI":0.137907885825,"BPS":0.095121114014,"BASIC_EPS":-0.028648865,"DILUTED_EPS":-0.028648865,"OPERATE_INCOME":101222853.97,"OPERATE_INCOME_YOY":4.9066269599,"GROSS_PROFIT":27230104.79,"GROSS_PROFIT_YOY":10.715693437913,"HOLDER_PROFIT":-20696453.19,"HOLDER_PROFIT_YOY":-352.3040033361,"GROSS_PROFIT_RATIO":26.901143093703,"EPS_TTM":-0.016202475208,"OPERATE_INCOME_QOQ":3.664894991181,"NET_PROFIT_RATIO":-20.3078664785,"ROE_AVG":-19.253978924925,"GROSS_PROFIT_QOQ":4.544984727242,"ROA":-14.747220538008,"HOLDER_PROFIT_QOQ":-170.850188629022,"ROE_YEARLY":-38.507957849849,"ROIC_YEARLY":-34.496840889896,"TOTAL_ASSETS":132782785.73,"TOTAL_LIABILITIES":31020306.87,"TAX_EBT":-0.012482316718,"OCF_SALES":-9.018020834213,"TOTAL_PARENT_EQUITY":100536991.59,"DEBT_ASSET_RATIO":23.3616930835,"OPERATE_PROFIT":-20190180.71,"PRETAX_PROFIT":-20553636.46,"NETCASH_OPERATE":-9128298.06,"NETCASH_INVEST":-1119443.71,"NETCASH_FINANCE":101767.61,"END_CASH":14309039.08,"DIVI_RATIO":null,"DIVIDEND_RATE":null,"CURRENT_RATIO":4.463973162194,"COMMON_ACS":2000000000,"CURRENTDEBT_DEBT":75.604444076862,"ISSUED_COMMON_SHARES":1056936650,"HK_COMMON_SHARES":1056936650,"PER_SHARES":10000,"TOTAL_MARKET_CAP":160654370.8,"HKSK_MARKET_CAP":160654370.8,"PE_TTM":-4.298904787134,"PB_TTM":2.525495901781,"REPORT_DATE_SQ":"2021-06-30 00:00:00","REPORT_TYPE_SQ":"2021年中报","OPERATE_INCOME_SQ":93881090.16,"DPS_HKD":null,"OPERATE_INCOME_QOQ_SQ":12.487608526701,"NET_PROFIT_RATIO_SQ":8.9482127505,"HOLDER_PROFIT_SQ":7981311.36,"HOLDER_PROFIT_QOQ_SQ":361.478004242131,"ROE_AVG_SQ":8.121964953281,"PE_TTM_SQ":-2.300796283543,"PB_TTM_SQ":0.769895457661,"ROA_SQ":5.788215983973,"START_DATE":"2022-01-01 00:00:00","FISCAL_YEAR":"12-31","CURRENCY":"HKD","IS_CNY_CODE":0,"DPS_HKD_LY":null,"ORG_TYPE":"一般企业","PREMIUM_INCOME":null,"PREMIUM_INCOME_YOY":null,"NET_INTEREST_INCOME":null,"NET_INTEREST_INCOME_YOY":null,"FEE_COMMISSION_INCOME":null,"FEE_COMMISSION_INCOME_YOY":null,"ACCOUNTS_RECE_TDAYS":17.149087221095,"INVENTORY_TDAYS":1.709093423145,"CURRENT_ASSETS_TDAYS":0.892493996026,"TOTAL_ASSETS_TDAYS":0.721261627429,"PREMIUM_EXPENSE":null,"LOAN_DEPOSIT":null,"LOAN_EQUITY":null,"LOAN_ASSETS":null,"DEPOSIT_EQUITY":null,"DEPOSIT_ASSETS":null,"EQUITY_MULTIPLIER":1.304830495655,"EQUITY_RATIO":0.308546201546},{"SECUCODE":"01150.HK","SECURITY_CODE":"01150","SECURITY_NAME_ABBR":"米兰站","ORG_CODE":"10169985","STD_REPORT_DATE":"2021-12-31 00:00:00","REPORT_DATE":"2021-12-31 00:00:00","DATE_TYPE_CODE":"001","REPORT_TYPE":"2021年年报","PER_NETCASH_OPERATE":-0.019681781835,"PER_OI":0.28138585726,"BPS":0.103521944858,"BASIC_EPS":0.02354688,"DILUTED_EPS":0.02354688,"OPERATE_INCOME":200326716.8,"OPERATE_INCOME_YOY":39.2361328158,"GROSS_PROFIT":57986644.8,"GROSS_PROFIT_YOY":62.263792761516,"HOLDER_PROFIT":16785328,"HOLDER_PROFIT_YOY":760.5534105534,"GROSS_PROFIT_RATIO":28.946036617718,"EPS_TTM":0.023577254118,"OPERATE_INCOME_QOQ":20.24354839681,"NET_PROFIT_RATIO":9.0421928185,"ROE_AVG":16.614871645463,"GROSS_PROFIT_QOQ":46.366277584635,"ROA":12.115203606825,"HOLDER_PROFIT_QOQ":145.407195756873,"ROE_YEARLY":16.614871645463,"ROIC_YEARLY":16.921073453778,"TOTAL_ASSETS":141399014.4,"TOTAL_LIABILITIES":31265841.6,"TAX_EBT":0.627943485086,"OCF_SALES":-6.994588152707,"TOTAL_PARENT_EQUITY":109416137.6,"DEBT_ASSET_RATIO":22.1117818485,"OPERATE_PROFIT":19047627.2,"PRETAX_PROFIT":18228392,"NETCASH_OPERATE":-14012028.8,"NETCASH_INVEST":-4672584,"NETCASH_FINANCE":-13216504,"END_CASH":23344115.2,"DIVI_RATIO":null,"DIVIDEND_RATE":null,"CURRENT_RATIO":4.493770058524,"COMMON_ACS":2000000000,"CURRENTDEBT_DEBT":83.109751314035,"ISSUED_COMMON_SHARES":1056936650,"HK_COMMON_SHARES":1056936650,"PER_SHARES":10000,"TOTAL_MARKET_CAP":160654370.8,"HKSK_MARKET_CAP":160654370.8,"PE_TTM":-4.298904787134,"PB_TTM":2.525495901781,"REPORT_DATE_SQ":"2020-12-31 00:00:00","REPORT_TYPE_SQ":"2020年年报","OPERATE_INCOME_SQ":148105915.72,"DPS_HKD":null,"OPERATE_INCOME_QOQ_SQ":-8.818020957477,"NET_PROFIT_RATIO_SQ":-1.7928886818,"HOLDER_PROFIT_SQ":-2615817.12,"HOLDER_PROFIT_QOQ_SQ":82.356784628773,"ROE_AVG_SQ":-3.557183324273,"PE_TTM_SQ":-2.300796283543,"PB_TTM_SQ":0.769895457661,"ROA_SQ":-2.319913712347,"START_DATE":"2021-01-01 00:00:00","FISCAL_YEAR":"12-31","CURRENCY":"HKD","IS_CNY_CODE":0,"DPS_HKD_LY":null,"ORG_TYPE":"一般企业","PREMIUM_INCOME":null,"PREMIUM_INCOME_YOY":null,"NET_INTEREST_INCOME":null,"NET_INTEREST_INCOME_YOY":null,"FEE_COMMISSION_INCOME":null,"FEE_COMMISSION_INCOME_YOY":null,"ACCOUNTS_RECE_TDAYS":64.862475181999,"INVENTORY_TDAYS":3.975679378854,"CURRENT_ASSETS_TDAYS":1.748311576183,"TOTAL_ASSETS_TDAYS":1.445904996267,"PREMIUM_EXPENSE":null,"LOAN_DEPOSIT":null,"LOAN_EQUITY":null,"LOAN_ASSETS":null,"DEPOSIT_EQUITY":null,"DEPOSIT_ASSETS":null,"EQUITY_MULTIPLIER":1.283891227368,"EQUITY_RATIO":0.285751647662},{"SECUCODE":"01150.HK","SECURITY_CODE":"01150","SECURITY_NAME_ABBR":"米兰站","ORG_CODE":"10169985","STD_REPORT_DATE":"2021-06-30 00:00:00","REPORT_DATE":"2021-06-30 00:00:00","DATE_TYPE_CODE":"002","REPORT_TYPE":"2021年中报","PER_NETCASH_OPERATE":-0.017872806971,"PER_OI":0.131868636681,"BPS":0.096751433267,"BASIC_EPS":0.01123308,"DILUTED_EPS":0.010983456,"OPERATE_INCOME":93881090.16,"OPERATE_INCOME_YOY":36.7102871683,"GROSS_PROFIT":24594620.64,"GROSS_PROFIT_YOY":18.739073036632,"HOLDER_PROFIT":7981311.36,"HOLDER_PROFIT_YOY":694.2998760843,"GROSS_PROFIT_RATIO":26.197629999911,"EPS_TTM":0.009607401301,"OPERATE_INCOME_QOQ":12.487608526701,"NET_PROFIT_RATIO":8.9482127505,"ROE_AVG":8.121964953281,"GROSS_PROFIT_QOQ":10.861460330361,"ROA":5.788215983973,"HOLDER_PROFIT_QOQ":361.478004242131,"ROE_YEARLY":16.243929906562,"ROIC_YEARLY":17.59426975618,"TOTAL_ASSETS":137678453.04,"TOTAL_LIABILITIES":35621344.8,"TAX_EBT":0.098951118148,"OCF_SALES":-13.553493401402,"TOTAL_PARENT_EQUITY":102260135.76,"DEBT_ASSET_RATIO":25.8728537498,"OPERATE_PROFIT":8791757.28,"PRETAX_PROFIT":8409000.48,"NETCASH_OPERATE":-12724167.36,"NETCASH_INVEST":2109322.8,"NETCASH_FINANCE":-6694083.6,"END_CASH":38922206.16,"DIVI_RATIO":null,"DIVIDEND_RATE":null,"CURRENT_RATIO":4.062218106873,"COMMON_ACS":2000000000,"CURRENTDEBT_DEBT":78.203690726466,"ISSUED_COMMON_SHARES":1056936650,"HK_COMMON_SHARES":1056936650,"PER_SHARES":10000,"TOTAL_MARKET_CAP":160654370.8,"HKSK_MARKET_CAP":160654370.8,"PE_TTM":-4.298904787134,"PB_TTM":2.525495901781,"REPORT_DATE_SQ":"2020-06-30 00:00:00","REPORT_TYPE_SQ":"2020年中报","OPERATE_INCOME_SQ":75386203.2,"DPS_HKD":null,"OPERATE_INCOME_QOQ_SQ":-21.712311069778,"NET_PROFIT_RATIO_SQ":-2.5893614443,"HOLDER_PROFIT_SQ":-1474292.16,"HOLDER_PROFIT_QOQ_SQ":29.542573609653,"ROE_AVG_SQ":-2.634370868494,"PE_TTM_SQ":-2.300796283543,"PB_TTM_SQ":0.769895457661,"ROA_SQ":-1.635971091762,"START_DATE":"2021-01-01 00:00:00","FISCAL_YEAR":"12-31","CURRENCY":"HKD","IS_CNY_CODE":0,"DPS_HKD_LY":null,"ORG_TYPE":"一般企业","PREMIUM_INCOME":null,"PREMIUM_INCOME_YOY":null,"NET_INTEREST_INCOME":null,"NET_INTEREST_INCOME_YOY":null,"FEE_COMMISSION_INCOME":null,"FEE_COMMISSION_INCOME_YOY":null,"ACCOUNTS_RECE_TDAYS":45.577459099172,"INVENTORY_TDAYS":1.912229736712,"CURRENT_ASSETS_TDAYS":0.825153856561,"TOTAL_ASSETS_TDAYS":0.680845542977,"PREMIUM_EXPENSE":null,"LOAN_DEPOSIT":null,"LOAN_EQUITY":null,"LOAN_ASSETS":null,"DEPOSIT_EQUITY":null,"DEPOSIT_ASSETS":null,"EQUITY_MULTIPLIER":1.349033452097,"EQUITY_RATIO":0.34834048024},{"SECUCODE":"01150.HK","SECURITY_CODE":"01150","SECURITY_NAME_ABBR":"米兰站","ORG_CODE":"10169985","STD_REPORT_DATE":"2020-12-31 00:00:00","REPORT_DATE":"2020-12-31 00:00:00","DATE_TYPE_CODE":"001","REPORT_TYPE":"2020年年报","PER_NETCASH_OPERATE":0.029715697428,"PER_OI":0.20803470813,"BPS":0.090222526847,"BASIC_EPS":-0.010015516,"DILUTED_EPS":-0.010015516,"OPERATE_INCOME":148105915.72,"OPERATE_INCOME_YOY":-24.0238152805,"GROSS_PROFIT":35736034.4,"GROSS_PROFIT_YOY":-16.531515205127,"HOLDER_PROFIT":-2615817.12,"HOLDER_PROFIT_YOY":86.7694010472,"GROSS_PROFIT_RATIO":24.128701562172,"EPS_TTM":-0.003674267489,"OPERATE_INCOME_QOQ":-8.818020957477,"NET_PROFIT_RATIO":-1.7928886818,"ROE_AVG":-3.557183324273,"GROSS_PROFIT_QOQ":-9.464364175659,"ROA":-2.319913712347,"HOLDER_PROFIT_QOQ":82.356784628773,"ROE_YEARLY":-3.557183324273,"ROIC_YEARLY":-3.214113972812,"TOTAL_ASSETS":139686149.16,"TOTAL_LIABILITIES":44956200.6,"TAX_EBT":-5.271938605272,"OCF_SALES":14.284009478727,"TOTAL_PARENT_EQUITY":95359495.28,"DEBT_ASSET_RATIO":32.1837210563,"OPERATE_PROFIT":-1871807.36,"PRETAX_PROFIT":-2522395.08,"NETCASH_OPERATE":20270899.4,"NETCASH_INVEST":-2327976.24,"NETCASH_FINANCE":31835874.64,"END_CASH":56874664.64,"DIVI_RATIO":null,"DIVIDEND_RATE":null,"CURRENT_RATIO":3.196753714857,"COMMON_ACS":2000000000,"CURRENTDEBT_DEBT":80.507348123186,"ISSUED_COMMON_SHARES":1056936650,"HK_COMMON_SHARES":1056936650,"PER_SHARES":10000,"TOTAL_MARKET_CAP":160654370.8,"HKSK_MARKET_CAP":160654370.8,"PE_TTM":-4.298904787134,"PB_TTM":2.525495901781,"REPORT_DATE_SQ":"2019-12-31 00:00:00","REPORT_TYPE_SQ":"2019年年报","OPERATE_INCOME_SQ":207476980.48,"DPS_HKD":null,"OPERATE_INCOME_QOQ_SQ":-10.904436573725,"NET_PROFIT_RATIO_SQ":-10.3399592429,"HOLDER_PROFIT_SQ":-21042767.98,"HOLDER_PROFIT_QOQ_SQ":29.703400956895,"ROE_AVG_SQ":-33.088245651102,"PE_TTM_SQ":-2.300796283543,"PB_TTM_SQ":0.769895457661,"ROA_SQ":-21.683666405132,"START_DATE":"2020-01-01 00:00:00","FISCAL_YEAR":"12-31","CURRENCY":"HKD","IS_CNY_CODE":0,"DPS_HKD_LY":null,"ORG_TYPE":"一般企业","PREMIUM_INCOME":null,"PREMIUM_INCOME_YOY":null,"NET_INTEREST_INCOME":null,"NET_INTEREST_INCOME_YOY":null,"FEE_COMMISSION_INCOME":null,"FEE_COMMISSION_INCOME_YOY":null,"ACCOUNTS_RECE_TDAYS":52.876502403846,"INVENTORY_TDAYS":3.386334237959,"CURRENT_ASSETS_TDAYS":1.615750475159,"TOTAL_ASSETS_TDAYS":1.313520513844,"PREMIUM_EXPENSE":null,"LOAN_DEPOSIT":null,"LOAN_EQUITY":null,"LOAN_ASSETS":null,"DEPOSIT_EQUITY":null,"DEPOSIT_ASSETS":null,"EQUITY_MULTIPLIER":1.474572205341,"EQUITY_RATIO":0.471439162592},{"SECUCODE":"01150.HK","SECURITY_CODE":"01150","SECURITY_NAME_ABBR":"米兰站","ORG_CODE":"10169985","STD_REPORT_DATE":"2020-06-30 00:00:00","REPORT_DATE":"2020-06-30 00:00:00","DATE_TYPE_CODE":"002","REPORT_TYPE":"2020年中报","PER_NETCASH_OPERATE":0.04804571378,"PER_OI":0.370615268555,"BPS":0.052796885263,"BASIC_EPS":-0.006668112,"DILUTED_EPS":-0.006668112,"OPERATE_INCOME":75386203.2,"OPERATE_INCOME_YOY":-39.7195237747,"GROSS_PROFIT":20713165.44,"GROSS_PROFIT_YOY":-13.893126520451,"HOLDER_PROFIT":-1474292.16,"HOLDER_PROFIT_YOY":81.5395173281,"GROSS_PROFIT_RATIO":27.47606930813,"EPS_TTM":-0.07288884674,"OPERATE_INCOME_QOQ":-21.712311069778,"NET_PROFIT_RATIO":-2.5893614443,"ROE_AVG":-2.634370868494,"GROSS_PROFIT_QOQ":-7.805932951285,"ROA":-1.635971091762,"HOLDER_PROFIT_QOQ":29.542573609653,"ROE_YEARLY":-5.268741736987,"ROIC_YEARLY":-3.591974807215,"TOTAL_ASSETS":87089196.48,"TOTAL_LIABILITIES":32403370.56,"TAX_EBT":-13.128639491795,"OCF_SALES":12.96377075003,"TOTAL_PARENT_EQUITY":55802963.04,"DEBT_ASSET_RATIO":37.2071070462,"OPERATE_PROFIT":-1373813.76,"PRETAX_PROFIT":-1725488.16,"NETCASH_OPERATE":9772894.56,"NETCASH_INVEST":-168072.96,"NETCASH_FINANCE":-7165936.8,"END_CASH":10127309.28,"DIVI_RATIO":null,"DIVIDEND_RATE":null,"CURRENT_RATIO":2.380720224921,"COMMON_ACS":2000000000,"CURRENTDEBT_DEBT":94.249309353329,"ISSUED_COMMON_SHARES":1056936650,"HK_COMMON_SHARES":1056936650,"PER_SHARES":10000,"TOTAL_MARKET_CAP":160654370.8,"HKSK_MARKET_CAP":160654370.8,"PE_TTM":-4.298904787134,"PB_TTM":2.525495901781,"REPORT_DATE_SQ":"2019-06-30 00:00:00","REPORT_TYPE_SQ":"2019年中报","OPERATE_INCOME_SQ":120434250.6,"DPS_HKD":null,"OPERATE_INCOME_QOQ_SQ":0.559922681594,"NET_PROFIT_RATIO_SQ":-6.4253889416,"HOLDER_PROFIT_SQ":-7690867.38,"HOLDER_PROFIT_QOQ_SQ":14.616285680377,"ROE_AVG_SQ":-11.155627575823,"PE_TTM_SQ":-2.300796283543,"PB_TTM_SQ":0.769895457661,"ROA_SQ":-7.438698589344,"START_DATE":"2020-01-01 00:00:00","FISCAL_YEAR":"12-31","CURRENCY":"HKD","IS_CNY_CODE":0,"DPS_HKD_LY":null,"ORG_TYPE":"一般企业","PREMIUM_INCOME":null,"PREMIUM_INCOME_YOY":null,"NET_INTEREST_INCOME":null,"NET_INTEREST_INCOME_YOY":null,"FEE_COMMISSION_INCOME":null,"FEE_COMMISSION_INCOME_YOY":null,"ACCOUNTS_RECE_TDAYS":25.354838709677,"INVENTORY_TDAYS":1.427168029758,"CURRENT_ASSETS_TDAYS":1.031953935317,"TOTAL_ASSETS_TDAYS":0.83653466049,"PREMIUM_EXPENSE":null,"LOAN_DEPOSIT":null,"LOAN_EQUITY":null,"LOAN_ASSETS":null,"DEPOSIT_EQUITY":null,"DEPOSIT_ASSETS":null,"EQUITY_MULTIPLIER":1.592536914545,"EQUITY_RATIO":0.580674731139}],"count":31},"success":true,"message":"ok","code":0}