{"version":"caff479a718a5dc3b2d455d43b94e1f0","result":{"pages":5,"data":[{"SECUCODE":"01159.HK","SECURITY_CODE":"01159","SECURITY_NAME_ABBR":"智数科技集团","ORG_CODE":"10010516","STD_REPORT_DATE":"2024-06-30 00:00:00","REPORT_DATE":"2024-06-30 00:00:00","DATE_TYPE_CODE":"002","REPORT_TYPE":"2024年中报","PER_NETCASH_OPERATE":0.007636189206,"PER_OI":0.023678113244,"BPS":-3.37026723408,"BASIC_EPS":-0.01049582,"DILUTED_EPS":-0.01049582,"OPERATE_INCOME":23336314.92,"OPERATE_INCOME_YOY":-42.188206566,"GROSS_PROFIT":23336314.92,"GROSS_PROFIT_YOY":118.594747707082,"HOLDER_PROFIT":-10300506.48,"HOLDER_PROFIT_YOY":55.3383458647,"GROSS_PROFIT_RATIO":null,"EPS_TTM":-0.028850919096,"OPERATE_INCOME_QOQ":-23.956752531645,"NET_PROFIT_RATIO":-44.1393875396,"ROE_AVG":3.043340501695,"GROSS_PROFIT_QOQ":92.510259902427,"ROA":-2.400709619643,"HOLDER_PROFIT_QOQ":31.371426459071,"ROE_YEARLY":6.086681003391,"ROIC_YEARLY":-5.40140850126,"TOTAL_ASSETS":423199676.52,"TOTAL_LIABILITIES":755823164.48,"TAX_EBT":null,"OCF_SALES":32.249990222535,"TOTAL_PARENT_EQUITY":-332161671.88,"DEBT_ASSET_RATIO":178.5972925819,"OPERATE_PROFIT":1174619.16,"PRETAX_PROFIT":-10300506.48,"NETCASH_OPERATE":7525959.28,"NETCASH_INVEST":12777.52,"NETCASH_FINANCE":-5230569.08,"END_CASH":48781833.32,"DIVI_RATIO":null,"DIVIDEND_RATE":null,"CURRENT_RATIO":0.195173256567,"COMMON_ACS":20000000000,"CURRENTDEBT_DEBT":100,"ISSUED_COMMON_SHARES":98556479,"HK_COMMON_SHARES":98556479,"PER_SHARES":2000,"TOTAL_MARKET_CAP":84758571.94,"HKSK_MARKET_CAP":84758571.94,"PE_TTM":-2.670738969624,"PB_TTM":-0.232890968426,"REPORT_DATE_SQ":"2023-06-30 00:00:00","REPORT_TYPE_SQ":"2023年中报","OPERATE_INCOME_SQ":40777331.44,"DPS_HKD":null,"OPERATE_INCOME_QOQ_SQ":16.812715960978,"NET_PROFIT_RATIO_SQ":-57.4749027765,"HOLDER_PROFIT_SQ":-23298434.6,"HOLDER_PROFIT_QOQ_SQ":18.268030602792,"ROE_AVG_SQ":7.347649668018,"PE_TTM_SQ":-2.419000738506,"PB_TTM_SQ":-0.730241913953,"ROA_SQ":-4.709390360379,"START_DATE":"2024-01-01 00:00:00","FISCAL_YEAR":"12-31","CURRENCY":"HKD","IS_CNY_CODE":0,"DPS_HKD_LY":null,"ORG_TYPE":"一般企业","PREMIUM_INCOME":null,"PREMIUM_INCOME_YOY":null,"NET_INTEREST_INCOME":null,"NET_INTEREST_INCOME_YOY":null,"FEE_COMMISSION_INCOME":null,"FEE_COMMISSION_INCOME_YOY":null,"ACCOUNTS_RECE_TDAYS":2.235150137681,"INVENTORY_TDAYS":null,"CURRENT_ASSETS_TDAYS":0.152865213882,"TOTAL_ASSETS_TDAYS":0.054389282531,"PREMIUM_EXPENSE":null,"LOAN_DEPOSIT":null,"LOAN_EQUITY":null,"LOAN_ASSETS":null,"DEPOSIT_EQUITY":null,"DEPOSIT_ASSETS":null,"EQUITY_MULTIPLIER":-1.272308456373,"EQUITY_RATIO":-2.275467726912},{"SECUCODE":"01159.HK","SECURITY_CODE":"01159","SECURITY_NAME_ABBR":"智数科技集团","ORG_CODE":"10010516","STD_REPORT_DATE":"2023-12-31 00:00:00","REPORT_DATE":"2023-12-31 00:00:00","DATE_TYPE_CODE":"001","REPORT_TYPE":"2023年年报","PER_NETCASH_OPERATE":-0.009986892021,"PER_OI":0.088398739247,"BPS":-3.473329923647,"BASIC_EPS":-0.05029521,"DILUTED_EPS":-0.05029521,"OPERATE_INCOME":72802089.92,"OPERATE_INCOME_YOY":33.3443988912,"GROSS_PROFIT":13685734.44,"GROSS_PROFIT_YOY":280.360927780281,"HOLDER_PROFIT":-41432378.4,"HOLDER_PROFIT_YOY":66.3494446775,"GROSS_PROFIT_RATIO":18.798546106353,"EPS_TTM":-0.050308583429,"OPERATE_INCOME_QOQ":15.807197066723,"NET_PROFIT_RATIO":-57.1026687911,"ROE_AVG":12.916567786555,"GROSS_PROFIT_QOQ":9.643104345633,"ROA":-8.764875318115,"HOLDER_PROFIT_QOQ":58.231280060319,"ROE_YEARLY":12.916567786555,"ROIC_YEARLY":-10.018724847731,"TOTAL_ASSETS":431843735.26,"TOTAL_LIABILITIES":774621450.26,"TAX_EBT":7.853928973164,"OCF_SALES":-11.297550288787,"TOTAL_PARENT_EQUITY":-342319167.68,"DEBT_ASSET_RATIO":179.375405271,"OPERATE_PROFIT":-25067857.64,"PRETAX_PROFIT":-45115256.48,"NETCASH_OPERATE":-8224852.72,"NETCASH_INVEST":94246.88,"NETCASH_FINANCE":-16630949.44,"END_CASH":47126158.66,"DIVI_RATIO":null,"DIVIDEND_RATE":null,"CURRENT_RATIO":0.2023796286,"COMMON_ACS":20000000000,"CURRENTDEBT_DEBT":99.947589037218,"ISSUED_COMMON_SHARES":98556479,"HK_COMMON_SHARES":98556479,"PER_SHARES":2000,"TOTAL_MARKET_CAP":125166728.33,"HKSK_MARKET_CAP":125166728.33,"PE_TTM":-3.943998245841,"PB_TTM":-0.343920383606,"REPORT_DATE_SQ":"2022-12-31 00:00:00","REPORT_TYPE_SQ":"2022年年报","OPERATE_INCOME_SQ":53816837.69,"DPS_HKD":null,"OPERATE_INCOME_QOQ_SQ":-72.201422652947,"NET_PROFIT_RATIO_SQ":-224.4045346656,"HOLDER_PROFIT_SQ":-121365915.09,"HOLDER_PROFIT_QOQ_SQ":64.107714592486,"ROE_AVG_SQ":52.438054805095,"PE_TTM_SQ":-1.510316299292,"PB_TTM_SQ":-0.4559305202,"ROA_SQ":-21.103881478904,"START_DATE":"2023-01-01 00:00:00","FISCAL_YEAR":"12-31","CURRENCY":"HKD","IS_CNY_CODE":0,"DPS_HKD_LY":null,"ORG_TYPE":"一般企业","PREMIUM_INCOME":null,"PREMIUM_INCOME_YOY":null,"NET_INTEREST_INCOME":null,"NET_INTEREST_INCOME_YOY":null,"FEE_COMMISSION_INCOME":null,"FEE_COMMISSION_INCOME_YOY":null,"ACCOUNTS_RECE_TDAYS":10.004483188045,"INVENTORY_TDAYS":null,"CURRENT_ASSETS_TDAYS":0.37525807868,"TOTAL_ASSETS_TDAYS":0.154010285117,"PREMIUM_EXPENSE":null,"LOAN_DEPOSIT":null,"LOAN_EQUITY":null,"LOAN_ASSETS":null,"DEPOSIT_EQUITY":null,"DEPOSIT_ASSETS":null,"EQUITY_MULTIPLIER":-1.259836087244,"EQUITY_RATIO":-2.262863208946},{"SECUCODE":"01159.HK","SECURITY_CODE":"01159","SECURITY_NAME_ABBR":"智数科技集团","ORG_CODE":"10010516","STD_REPORT_DATE":"2023-06-30 00:00:00","REPORT_DATE":"2023-06-30 00:00:00","DATE_TYPE_CODE":"002","REPORT_TYPE":"2023年中报","PER_NETCASH_OPERATE":-0.016236094544,"PER_OI":0.049513203441,"BPS":-3.345804966308,"BASIC_EPS":-0.028304786,"DILUTED_EPS":-0.028304786,"OPERATE_INCOME":40777331.44,"OPERATE_INCOME_YOY":19.2065117783,"GROSS_PROFIT":10675606.42,"GROSS_PROFIT_YOY":495.862305968881,"HOLDER_PROFIT":-23298434.6,"HOLDER_PROFIT_YOY":52.4723052907,"GROSS_PROFIT_RATIO":26.180247806819,"EPS_TTM":-0.120445595417,"OPERATE_INCOME_QOQ":16.812715960978,"NET_PROFIT_RATIO":-57.4749027765,"ROE_AVG":7.347649668018,"GROSS_PROFIT_QOQ":246.908207360904,"ROA":-4.709390360379,"HOLDER_PROFIT_QOQ":18.268030602792,"ROE_YEARLY":14.695299336037,"ROIC_YEARLY":-10.733334819945,"TOTAL_ASSETS":466939536.94,"TOTAL_LIABILITIES":797154971.76,"TAX_EBT":null,"OCF_SALES":-32.791444333906,"TOTAL_PARENT_EQUITY":-329750756.9,"DEBT_ASSET_RATIO":170.7190993044,"OPERATE_PROFIT":-7833142.08,"PRETAX_PROFIT":-23436731.6,"NETCASH_OPERATE":-13371475.94,"NETCASH_INVEST":-11985.74,"NETCASH_FINANCE":-11498934.56,"END_CASH":48747848.54,"DIVI_RATIO":null,"DIVIDEND_RATE":null,"CURRENT_RATIO":0.224710595431,"COMMON_ACS":20000000000,"CURRENTDEBT_DEBT":99.921005028845,"ISSUED_COMMON_SHARES":98556479,"HK_COMMON_SHARES":98556479,"PER_SHARES":2000,"TOTAL_MARKET_CAP":125166728.33,"HKSK_MARKET_CAP":125166728.33,"PE_TTM":-3.943998245841,"PB_TTM":-0.343920383606,"REPORT_DATE_SQ":"2022-06-30 00:00:00","REPORT_TYPE_SQ":"2022年中报","OPERATE_INCOME_SQ":31729259.38,"DPS_HKD":null,"OPERATE_INCOME_QOQ_SQ":18.757230404288,"NET_PROFIT_RATIO_SQ":-143.4558783893,"HOLDER_PROFIT_SQ":-45469597.11,"HOLDER_PROFIT_QOQ_SQ":-3.11313426142,"ROE_AVG_SQ":24.616729533276,"PE_TTM_SQ":-1.510316299292,"PB_TTM_SQ":-0.4559305202,"ROA_SQ":-7.759843056405,"START_DATE":"2023-01-01 00:00:00","FISCAL_YEAR":"12-31","CURRENCY":"HKD","IS_CNY_CODE":0,"DPS_HKD_LY":null,"ORG_TYPE":"一般企业","PREMIUM_INCOME":null,"PREMIUM_INCOME_YOY":null,"NET_INTEREST_INCOME":null,"NET_INTEREST_INCOME_YOY":null,"FEE_COMMISSION_INCOME":null,"FEE_COMMISSION_INCOME_YOY":null,"ACCOUNTS_RECE_TDAYS":21.760393603936,"INVENTORY_TDAYS":null,"CURRENT_ASSETS_TDAYS":0.196832206641,"TOTAL_ASSETS_TDAYS":0.082424581266,"PREMIUM_EXPENSE":null,"LOAN_DEPOSIT":null,"LOAN_EQUITY":null,"LOAN_ASSETS":null,"DEPOSIT_EQUITY":null,"DEPOSIT_ASSETS":null,"EQUITY_MULTIPLIER":-1.414045158714,"EQUITY_RATIO":-2.417446981029},{"SECUCODE":"01159.HK","SECURITY_CODE":"01159","SECURITY_NAME_ABBR":"智数科技集团","ORG_CODE":"10010516","STD_REPORT_DATE":"2022-12-31 00:00:00","REPORT_DATE":"2022-12-31 00:00:00","DATE_TYPE_CODE":"001","REPORT_TYPE":"2022年年报","PER_NETCASH_OPERATE":-0.071157701763,"PER_OI":0.065346209254,"BPS":-2.992633915828,"BASIC_EPS":-0.14738955,"DILUTED_EPS":-0.14738955,"OPERATE_INCOME":53816837.69,"OPERATE_INCOME_YOY":-69.7863121417,"GROSS_PROFIT":3598091.56,"GROSS_PROFIT_YOY":104.61420384567,"HOLDER_PROFIT":-121365915.09,"HOLDER_PROFIT_YOY":65.9706359702,"GROSS_PROFIT_RATIO":6.68581008183,"EPS_TTM":-0.147366564522,"OPERATE_INCOME_QOQ":-72.201422652947,"NET_PROFIT_RATIO":-224.4045346656,"ROE_AVG":52.438054805095,"GROSS_PROFIT_QOQ":105.907816297918,"ROA":-21.103881478904,"HOLDER_PROFIT_QOQ":64.107714592486,"ROE_YEARLY":52.438054805095,"ROIC_YEARLY":-25.819208341687,"TOTAL_ASSETS":506235760.94,"TOTAL_LIABILITIES":801494546.93,"TAX_EBT":-2.624887087347,"OCF_SALES":-108.893388882434,"TOTAL_PARENT_EQUITY":-294943461.68,"DEBT_ASSET_RATIO":158.324363621,"OPERATE_PROFIT":-94121180.09,"PRETAX_PROFIT":-117678496.53,"NETCASH_OPERATE":-58602978.35,"NETCASH_INVEST":-15185.59,"NETCASH_FINANCE":-26207648.53,"END_CASH":70943503.4,"DIVI_RATIO":null,"DIVIDEND_RATE":null,"CURRENT_RATIO":0.284532745387,"COMMON_ACS":20000000000,"CURRENTDEBT_DEBT":99.98606868251,"ISSUED_COMMON_SHARES":98556479,"HK_COMMON_SHARES":98556479,"PER_SHARES":2000,"TOTAL_MARKET_CAP":125166728.33,"HKSK_MARKET_CAP":125166728.33,"PE_TTM":-3.943998245841,"PB_TTM":-0.343920383606,"REPORT_DATE_SQ":"2021-12-31 00:00:00","REPORT_TYPE_SQ":"2021年年报","OPERATE_INCOME_SQ":163031892.8,"DPS_HKD":null,"OPERATE_INCOME_QOQ_SQ":2362.93724318324,"NET_PROFIT_RATIO_SQ":-201.1871445337,"HOLDER_PROFIT_SQ":-326438246.4,"HOLDER_PROFIT_QOQ_SQ":-79.279481043832,"ROE_AVG_SQ":-6316.36220472441,"PE_TTM_SQ":-1.510316299292,"PB_TTM_SQ":-0.4559305202,"ROA_SQ":-46.119757125847,"START_DATE":"2022-01-01 00:00:00","FISCAL_YEAR":"12-31","CURRENCY":"HKD","IS_CNY_CODE":0,"DPS_HKD_LY":null,"ORG_TYPE":"一般企业","PREMIUM_INCOME":null,"PREMIUM_INCOME_YOY":null,"NET_INTEREST_INCOME":null,"NET_INTEREST_INCOME_YOY":null,"FEE_COMMISSION_INCOME":null,"FEE_COMMISSION_INCOME_YOY":null,"ACCOUNTS_RECE_TDAYS":3.124520277979,"INVENTORY_TDAYS":null,"CURRENT_ASSETS_TDAYS":0.168221219825,"TOTAL_ASSETS_TDAYS":0.093580159086,"PREMIUM_EXPENSE":null,"LOAN_DEPOSIT":null,"LOAN_EQUITY":null,"LOAN_ASSETS":null,"DEPOSIT_EQUITY":null,"DEPOSIT_ASSETS":null,"EQUITY_MULTIPLIER":-1.714549354534,"EQUITY_RATIO":-2.717451481598},{"SECUCODE":"01159.HK","SECURITY_CODE":"01159","SECURITY_NAME_ABBR":"智数科技集团","ORG_CODE":"10010516","STD_REPORT_DATE":"2022-06-30 00:00:00","REPORT_DATE":"2022-06-30 00:00:00","DATE_TYPE_CODE":"002","REPORT_TYPE":"2022年中报","PER_NETCASH_OPERATE":-0.077156263414,"PER_OI":0.038526730888,"BPS":-2.120532201541,"BASIC_EPS":-0.055245274,"DILUTED_EPS":-0.055245274,"OPERATE_INCOME":31729259.38,"OPERATE_INCOME_YOY":2580.7803468208,"GROSS_PROFIT":1791623.05,"GROSS_PROFIT_YOY":111.712282701381,"HOLDER_PROFIT":-45469597.11,"HOLDER_PROFIT_YOY":-25.432477021,"GROSS_PROFIT_RATIO":5.646595870843,"EPS_TTM":-0.410580053204,"OPERATE_INCOME_QOQ":18.757230404288,"NET_PROFIT_RATIO":-143.4558783893,"ROE_AVG":24.616729533276,"GROSS_PROFIT_QOQ":21.91054517458,"ROA":-7.759843056405,"HOLDER_PROFIT_QOQ":-3.11313426142,"ROE_YEARLY":49.233459066552,"ROIC_YEARLY":-18.637593687431,"TOTAL_ASSETS":556577321.37,"TOTAL_LIABILITIES":766450354.46,"TAX_EBT":0.045115326052,"OCF_SALES":-200.266831976713,"TOTAL_PARENT_EQUITY":-208992187.39,"DEBT_ASSET_RATIO":137.7077945924,"OPERATE_PROFIT":-31541117.58,"PRETAX_PROFIT":-45493542.43,"NETCASH_OPERATE":-61659199,"NETCASH_INVEST":-14538.23,"NETCASH_FINANCE":-7671054.3,"END_CASH":81374749.26,"DIVI_RATIO":null,"DIVIDEND_RATE":null,"CURRENT_RATIO":0.365785482801,"COMMON_ACS":20000000000,"CURRENTDEBT_DEBT":99.913861781633,"ISSUED_COMMON_SHARES":98556479,"HK_COMMON_SHARES":98556479,"PER_SHARES":2000,"TOTAL_MARKET_CAP":125166728.33,"HKSK_MARKET_CAP":125166728.33,"PE_TTM":-3.943998245841,"PB_TTM":-0.343920383606,"REPORT_DATE_SQ":"2021-06-30 00:00:00","REPORT_TYPE_SQ":"2021年中报","OPERATE_INCOME_SQ":1151598.72,"DPS_HKD":null,"OPERATE_INCOME_QOQ_SQ":-117.921041872064,"NET_PROFIT_RATIO_SQ":-3069.2919075145,"HOLDER_PROFIT_SQ":-35305154.4,"HOLDER_PROFIT_QOQ_SQ":-33.928517769201,"ROE_AVG_SQ":-24.976895047593,"PE_TTM_SQ":-1.510316299292,"PB_TTM_SQ":-0.4559305202,"ROA_SQ":-4.13856133542,"START_DATE":"2022-01-01 00:00:00","FISCAL_YEAR":"12-31","CURRENCY":"HKD","IS_CNY_CODE":0,"DPS_HKD_LY":null,"ORG_TYPE":"一般企业","PREMIUM_INCOME":null,"PREMIUM_INCOME_YOY":null,"NET_INTEREST_INCOME":null,"NET_INTEREST_INCOME_YOY":null,"FEE_COMMISSION_INCOME":null,"FEE_COMMISSION_INCOME_YOY":null,"ACCOUNTS_RECE_TDAYS":1.208750753392,"INVENTORY_TDAYS":null,"CURRENT_ASSETS_TDAYS":0.094099923152,"TOTAL_ASSETS_TDAYS":0.054096258447,"PREMIUM_EXPENSE":null,"LOAN_DEPOSIT":null,"LOAN_EQUITY":null,"LOAN_ASSETS":null,"DEPOSIT_EQUITY":null,"DEPOSIT_ASSETS":null,"EQUITY_MULTIPLIER":-2.651971590514,"EQUITY_RATIO":-3.667363665751},{"SECUCODE":"01159.HK","SECURITY_CODE":"01159","SECURITY_NAME_ABBR":"智数科技集团","ORG_CODE":"10010516","STD_REPORT_DATE":"2021-12-31 00:00:00","REPORT_DATE":"2021-12-31 00:00:00","DATE_TYPE_CODE":"001","REPORT_TYPE":"2021年年报","PER_NETCASH_OPERATE":0.10545862682,"PER_OI":0.197958792068,"BPS":-1.574931718086,"BASIC_EPS":-0.39637248,"DILUTED_EPS":-0.39637248,"OPERATE_INCOME":163031892.8,"OPERATE_INCOME_YOY":317.4661334562,"GROSS_PROFIT":-77978600,"GROSS_PROFIT_YOY":-228.129965484922,"HOLDER_PROFIT":-326438246.4,"HOLDER_PROFIT_YOY":-147.1662301648,"GROSS_PROFIT_RATIO":-47.842877634337,"EPS_TTM":-0.398184049146,"OPERATE_INCOME_QOQ":2362.93724318324,"NET_PROFIT_RATIO":-201.1871445337,"ROE_AVG":-6316.36220472441,"GROSS_PROFIT_QOQ":0.220635336888,"ROA":-46.119757125847,"HOLDER_PROFIT_QOQ":-79.279481043832,"ROE_YEARLY":-6316.36220472441,"ROIC_YEARLY":-54.704385677178,"TOTAL_ASSETS":598176600,"TOTAL_LIABILITIES":752731616,"TAX_EBT":3.748216282926,"OCF_SALES":53.277562115695,"TOTAL_PARENT_EQUITY":-153721881.6,"DEBT_ASSET_RATIO":126.4769448452,"OPERATE_PROFIT":-326939435.2,"PRETAX_PROFIT":-339192806.4,"NETCASH_OPERATE":101998870.4,"NETCASH_INVEST":-670432,"NETCASH_FINANCE":-75239640,"END_CASH":143601628.8,"DIVI_RATIO":null,"DIVIDEND_RATE":null,"CURRENT_RATIO":0.506666065873,"COMMON_ACS":20000000000,"CURRENTDEBT_DEBT":99.800143375405,"ISSUED_COMMON_SHARES":98556479,"HK_COMMON_SHARES":98556479,"PER_SHARES":2000,"TOTAL_MARKET_CAP":125166728.33,"HKSK_MARKET_CAP":125166728.33,"PE_TTM":-3.943998245841,"PB_TTM":-0.343920383606,"REPORT_DATE_SQ":"2020-12-31 00:00:00","REPORT_TYPE_SQ":"2020年年报","OPERATE_INCOME_SQ":40197568.04,"DPS_HKD":null,"OPERATE_INCOME_QOQ_SQ":-85.962354269389,"NET_PROFIT_RATIO_SQ":-340.0431314252,"HOLDER_PROFIT_SQ":-136577131,"HOLDER_PROFIT_QOQ_SQ":-243.821640764254,"ROE_AVG_SQ":-58.075241033276,"PE_TTM_SQ":-1.510316299292,"PB_TTM_SQ":-0.4559305202,"ROA_SQ":-14.799091671835,"START_DATE":"2021-01-01 00:00:00","FISCAL_YEAR":"12-31","CURRENCY":"HKD","IS_CNY_CODE":0,"DPS_HKD_LY":null,"ORG_TYPE":"一般企业","PREMIUM_INCOME":null,"PREMIUM_INCOME_YOY":null,"NET_INTEREST_INCOME":null,"NET_INTEREST_INCOME_YOY":null,"FEE_COMMISSION_INCOME":null,"FEE_COMMISSION_INCOME_YOY":null,"ACCOUNTS_RECE_TDAYS":3.9197389501,"INVENTORY_TDAYS":null,"CURRENT_ASSETS_TDAYS":0.27066383133,"TOTAL_ASSETS_TDAYS":0.229266668851,"PREMIUM_EXPENSE":null,"LOAN_DEPOSIT":null,"LOAN_EQUITY":null,"LOAN_ASSETS":null,"DEPOSIT_EQUITY":null,"DEPOSIT_ASSETS":null,"EQUITY_MULTIPLIER":-3.776870805324,"EQUITY_RATIO":-4.89671091822},{"SECUCODE":"01159.HK","SECURITY_CODE":"01159","SECURITY_NAME_ABBR":"智数科技集团","ORG_CODE":"10010516","STD_REPORT_DATE":"2021-06-30 00:00:00","REPORT_DATE":"2021-06-30 00:00:00","DATE_TYPE_CODE":"002","REPORT_TYPE":"2021年中报","PER_NETCASH_OPERATE":-0.086081930852,"PER_OI":0.001398309789,"BPS":1.158385218693,"BASIC_EPS":-0.04285212,"DILUTED_EPS":-0.04285212,"OPERATE_INCOME":1151598.72,"OPERATE_INCOME_YOY":-97.3962448734,"GROSS_PROFIT":-15296958.72,"GROSS_PROFIT_YOY":-139.11920191715,"HOLDER_PROFIT":-35305154.4,"HOLDER_PROFIT_YOY":-451.270800563,"GROSS_PROFIT_RATIO":-1328.32369942197,"EPS_TTM":-0.22210241062,"OPERATE_INCOME_QOQ":-117.921041872064,"NET_PROFIT_RATIO":-3069.2919075145,"ROE_AVG":-24.976895047593,"GROSS_PROFIT_QOQ":-228.914153459076,"ROA":-4.13856133542,"HOLDER_PROFIT_QOQ":-33.928517769201,"ROE_YEARLY":-49.953790095187,"ROIC_YEARLY":-9.235346804359,"TOTAL_ASSETS":858718209.12,"TOTAL_LIABILITIES":745395569.76,"TAX_EBT":null,"OCF_SALES":-6156.14161849711,"TOTAL_PARENT_EQUITY":114166368.48,"DEBT_ASSET_RATIO":86.8032798005,"OPERATE_PROFIT":-25913467.44,"PRETAX_PROFIT":-35345926.32,"NETCASH_OPERATE":-70894048.08,"NETCASH_INVEST":-166416,"NETCASH_FINANCE":32793104.88,"END_CASH":80627719.92,"DIVI_RATIO":null,"DIVIDEND_RATE":null,"CURRENT_RATIO":1.168979304259,"COMMON_ACS":20000000000,"CURRENTDEBT_DEBT":97.914206170422,"ISSUED_COMMON_SHARES":98556479,"HK_COMMON_SHARES":98556479,"PER_SHARES":2000,"TOTAL_MARKET_CAP":125166728.33,"HKSK_MARKET_CAP":125166728.33,"PE_TTM":-3.943998245841,"PB_TTM":-0.343920383606,"REPORT_DATE_SQ":"2020-06-30 00:00:00","REPORT_TYPE_SQ":"2020年中报","OPERATE_INCOME_SQ":48552989.76,"DPS_HKD":null,"OPERATE_INCOME_QOQ_SQ":-2.260510216372,"NET_PROFIT_RATIO_SQ":22.5100650939,"HOLDER_PROFIT_SQ":11033441.76,"HOLDER_PROFIT_QOQ_SQ":7.975427829149,"ROE_AVG_SQ":3.363171889574,"PE_TTM_SQ":-1.510316299292,"PB_TTM_SQ":-0.4559305202,"ROA_SQ":1.072869216807,"START_DATE":"2021-01-01 00:00:00","FISCAL_YEAR":"12-31","CURRENCY":"HKD","IS_CNY_CODE":0,"DPS_HKD_LY":null,"ORG_TYPE":"一般企业","PREMIUM_INCOME":null,"PREMIUM_INCOME_YOY":null,"NET_INTEREST_INCOME":null,"NET_INTEREST_INCOME_YOY":null,"FEE_COMMISSION_INCOME":null,"FEE_COMMISSION_INCOME_YOY":null,"ACCOUNTS_RECE_TDAYS":0.027123693055,"INVENTORY_TDAYS":null,"CURRENT_ASSETS_TDAYS":0.0013584296,"TOTAL_ASSETS_TDAYS":0.001349933747,"PREMIUM_EXPENSE":null,"LOAN_DEPOSIT":null,"LOAN_EQUITY":null,"LOAN_ASSETS":null,"DEPOSIT_EQUITY":null,"DEPOSIT_ASSETS":null,"EQUITY_MULTIPLIER":7.577640390056,"EQUITY_RATIO":6.52902934274},{"SECUCODE":"01159.HK","SECURITY_CODE":"01159","SECURITY_NAME_ABBR":"智数科技集团","ORG_CODE":"10010516","STD_REPORT_DATE":"2020-12-31 00:00:00","REPORT_DATE":"2020-12-31 00:00:00","DATE_TYPE_CODE":"001","REPORT_TYPE":"2020年年报","PER_NETCASH_OPERATE":0.000122633702,"PER_OI":0.048809235277,"BPS":1.729693475758,"BASIC_EPS":-0.16580308,"DILUTED_EPS":-0.16580308,"OPERATE_INCOME":40197568.04,"OPERATE_INCOME_YOY":-85.2566299016,"GROSS_PROFIT":-23764547.04,"GROSS_PROFIT_YOY":-111.4669366218,"HOLDER_PROFIT":-136577131,"HOLDER_PROFIT_YOY":-265.2814699382,"GROSS_PROFIT_RATIO":-59.119365172421,"EPS_TTM":-0.16583653304,"OPERATE_INCOME_QOQ":-85.962354269389,"NET_PROFIT_RATIO":-340.0431314252,"ROE_AVG":-58.075241033276,"GROSS_PROFIT_QOQ":-111.104908767005,"ROA":-14.799091671835,"HOLDER_PROFIT_QOQ":-243.821640764254,"ROE_YEARLY":-58.075241033276,"ROIC_YEARLY":-16.707713089622,"TOTAL_ASSETS":857174149.48,"TOTAL_LIABILITIES":708561566.48,"TAX_EBT":-7.961977083559,"OCF_SALES":0.251251020707,"TOTAL_PARENT_EQUITY":170472498.72,"DEBT_ASSET_RATIO":82.6624982694,"OPERATE_PROFIT":-113128198.96,"PRETAX_PROFIT":-124576186.24,"NETCASH_OPERATE":100996.8,"NETCASH_INVEST":-1012492.92,"NETCASH_FINANCE":-30621388.12,"END_CASH":120223224.16,"DIVI_RATIO":null,"DIVIDEND_RATE":null,"CURRENT_RATIO":2.033221123332,"COMMON_ACS":20000000000,"CURRENTDEBT_DEBT":59.138454082639,"ISSUED_COMMON_SHARES":98556479,"HK_COMMON_SHARES":98556479,"PER_SHARES":2000,"TOTAL_MARKET_CAP":125166728.33,"HKSK_MARKET_CAP":125166728.33,"PE_TTM":-3.943998245841,"PB_TTM":-0.343920383606,"REPORT_DATE_SQ":"2019-12-31 00:00:00","REPORT_TYPE_SQ":"2019年年报","OPERATE_INCOME_SQ":290187035.22,"DPS_HKD":null,"OPERATE_INCOME_QOQ_SQ":177.787727603243,"NET_PROFIT_RATIO_SQ":29.8087536117,"HOLDER_PROFIT_SQ":87948576.18,"HOLDER_PROFIT_QOQ_SQ":677.401878947734,"ROE_AVG_SQ":82.157770097822,"PE_TTM_SQ":-1.510316299292,"PB_TTM_SQ":-0.4559305202,"ROA_SQ":12.113364539714,"START_DATE":"2020-01-01 00:00:00","FISCAL_YEAR":"12-31","CURRENCY":"HKD","IS_CNY_CODE":0,"DPS_HKD_LY":null,"ORG_TYPE":"一般企业","PREMIUM_INCOME":null,"PREMIUM_INCOME_YOY":null,"NET_INTEREST_INCOME":null,"NET_INTEREST_INCOME_YOY":null,"FEE_COMMISSION_INCOME":null,"FEE_COMMISSION_INCOME_YOY":null,"ACCOUNTS_RECE_TDAYS":0.293736700328,"INVENTORY_TDAYS":null,"CURRENT_ASSETS_TDAYS":0.043858714717,"TOTAL_ASSETS_TDAYS":0.043556889067,"PREMIUM_EXPENSE":null,"LOAN_DEPOSIT":null,"LOAN_EQUITY":null,"LOAN_ASSETS":null,"DEPOSIT_EQUITY":null,"DEPOSIT_ASSETS":null,"EQUITY_MULTIPLIER":5.767843692468,"EQUITY_RATIO":4.156456741118},{"SECUCODE":"01159.HK","SECURITY_CODE":"01159","SECURITY_NAME_ABBR":"智数科技集团","ORG_CODE":"10010516","STD_REPORT_DATE":"2020-06-30 00:00:00","REPORT_DATE":"2020-06-30 00:00:00","DATE_TYPE_CODE":"002","REPORT_TYPE":"2020年中报","PER_NETCASH_OPERATE":0.166384950312,"PER_OI":0.058954668557,"BPS":3.355213898824,"BASIC_EPS":0.013427568,"DILUTED_EPS":0.013427568,"OPERATE_INCOME":48552989.76,"OPERATE_INCOME_YOY":-15.2573177731,"GROSS_PROFIT":39103452.96,"GROSS_PROFIT_YOY":20.582983834682,"HOLDER_PROFIT":11033441.76,"HOLDER_PROFIT_YOY":164.3685708032,"GROSS_PROFIT_RATIO":80.53768295895,"EPS_TTM":0.115307079073,"OPERATE_INCOME_QOQ":-2.260510216372,"NET_PROFIT_RATIO":22.5100650939,"ROE_AVG":3.363171889574,"GROSS_PROFIT_QOQ":3.21947085363,"ROA":1.072869216807,"HOLDER_PROFIT_QOQ":7.975427829149,"ROE_YEARLY":6.726343779148,"ROIC_YEARLY":2.448736733433,"TOTAL_ASSETS":983899107.84,"TOTAL_LIABILITIES":696019357.44,"TAX_EBT":43.756745342781,"OCF_SALES":282.225232343756,"TOTAL_PARENT_EQUITY":330678068.16,"DEBT_ASSET_RATIO":70.7409277937,"OPERATE_PROFIT":24207986.88,"PRETAX_PROFIT":19466319.84,"NETCASH_OPERATE":137028788.16,"NETCASH_INVEST":-442104.96,"NETCASH_FINANCE":-125208874.56,"END_CASH":175210580.16,"DIVI_RATIO":null,"DIVIDEND_RATE":null,"CURRENT_RATIO":1.694642936469,"COMMON_ACS":20000000000,"CURRENTDEBT_DEBT":82.720190662173,"ISSUED_COMMON_SHARES":98556479,"HK_COMMON_SHARES":98556479,"PER_SHARES":2000,"TOTAL_MARKET_CAP":125166728.33,"HKSK_MARKET_CAP":125166728.33,"PE_TTM":-3.943998245841,"PB_TTM":-0.343920383606,"REPORT_DATE_SQ":"2019-06-30 00:00:00","REPORT_TYPE_SQ":"2019年中报","OPERATE_INCOME_SQ":55175793.84,"DPS_HKD":null,"OPERATE_INCOME_QOQ_SQ":63.802464255633,"NET_PROFIT_RATIO_SQ":6.7836872648,"HOLDER_PROFIT_SQ":4019166.54,"HOLDER_PROFIT_QOQ_SQ":64.956041095271,"ROE_AVG_SQ":-18.70662654302,"PE_TTM_SQ":-1.510316299292,"PB_TTM_SQ":-0.4559305202,"ROA_SQ":0.598772575194,"START_DATE":"2020-01-01 00:00:00","FISCAL_YEAR":"12-31","CURRENCY":"HKD","IS_CNY_CODE":0,"DPS_HKD_LY":null,"ORG_TYPE":"一般企业","PREMIUM_INCOME":null,"PREMIUM_INCOME_YOY":null,"NET_INTEREST_INCOME":null,"NET_INTEREST_INCOME_YOY":null,"FEE_COMMISSION_INCOME":null,"FEE_COMMISSION_INCOME_YOY":null,"ACCOUNTS_RECE_TDAYS":0.316985317796,"INVENTORY_TDAYS":null,"CURRENT_ASSETS_TDAYS":0.047590588785,"TOTAL_ASSETS_TDAYS":0.047211930085,"PREMIUM_EXPENSE":null,"LOAN_DEPOSIT":null,"LOAN_EQUITY":null,"LOAN_ASSETS":null,"DEPOSIT_EQUITY":null,"DEPOSIT_ASSETS":null,"EQUITY_MULTIPLIER":3.417743368447,"EQUITY_RATIO":2.104824675289}],"count":45},"success":true,"message":"ok","code":0}