{"version":"8da3240a94a81adbe12471c6cc51b7d6","result":{"pages":7,"data":[{"SECUCODE":"01157.HK","SECURITY_CODE":"01157","SECURITY_NAME_ABBR":"中联重科","ORG_CODE":"10004162","STD_REPORT_DATE":"2024-09-30 00:00:00","REPORT_DATE":"2024-09-30 00:00:00","DATE_TYPE_CODE":"004","REPORT_TYPE":"2024年三季报","PER_NETCASH_OPERATE":0.139174438743,"PER_OI":3.962407220167,"BPS":6.581335360816,"BASIC_EPS":0.38,"DILUTED_EPS":0.37,"OPERATE_INCOME":34385739092.48,"OPERATE_INCOME_YOY":-3.1773070329,"GROSS_PROFIT":9755736364.01,"GROSS_PROFIT_YOY":-1.029474508302,"HOLDER_PROFIT":3139015862.65,"HOLDER_PROFIT_YOY":9.9458431151,"GROSS_PROFIT_RATIO":28.371460441121,"EPS_TTM":0.441802588553,"OPERATE_INCOME_QOQ":-3.341523124393,"NET_PROFIT_RATIO":10.1563969309,"ROE_AVG":5.530340841776,"GROSS_PROFIT_QOQ":-2.511954410427,"ROA":2.4193667376,"HOLDER_PROFIT_QOQ":1.56183929298,"ROE_YEARLY":7.373787789035,"ROIC_YEARLY":2.777494236692,"TOTAL_ASSETS":128665701749.82,"TOTAL_LIABILITIES":68511644427.31,"TAX_EBT":10.26023435827,"OCF_SALES":3.512370915198,"TOTAL_PARENT_EQUITY":57112777163.67,"DEBT_ASSET_RATIO":53.247791366,"OPERATE_PROFIT":3889067722.59,"PRETAX_PROFIT":3891643938.31,"NETCASH_OPERATE":1207754698.86,"NETCASH_INVEST":-1630477046.13,"NETCASH_FINANCE":-505061294.18,"END_CASH":12632527356.56,"DIVI_RATIO":0.719351498235,"DIVIDEND_RATE":6.318918918919,"CURRENT_RATIO":1.615462310393,"COMMON_ACS":null,"CURRENTDEBT_DEBT":70.111903125117,"ISSUED_COMMON_SHARES":8677992236,"HK_COMMON_SHARES":1581964548,"PER_SHARES":200,"TOTAL_MARKET_CAP":48162856909.8,"HKSK_MARKET_CAP":8779903241.4,"PE_TTM":11.234875609588,"PB_TTM":0.760474011064,"REPORT_DATE_SQ":"2023-09-30 00:00:00","REPORT_TYPE_SQ":"2023年三季报","OPERATE_INCOME_SQ":35514132109.66,"DPS_HKD":0.3507,"OPERATE_INCOME_QOQ_SQ":4.704699458351,"NET_PROFIT_RATIO_SQ":8.6237814935,"HOLDER_PROFIT_SQ":2855056429.34,"HOLDER_PROFIT_QOQ_SQ":13.739149658418,"ROE_AVG_SQ":5.246925089645,"PE_TTM_SQ":13.298813739973,"PB_TTM_SQ":0.753314988828,"ROA_SQ":2.194110875063,"START_DATE":"2024-01-01 00:00:00","FISCAL_YEAR":"12-31","CURRENCY":"HKD","IS_CNY_CODE":0,"DPS_HKD_LY":0.3507,"ORG_TYPE":"一般企业","PREMIUM_INCOME":null,"PREMIUM_INCOME_YOY":null,"NET_INTEREST_INCOME":null,"NET_INTEREST_INCOME_YOY":null,"FEE_COMMISSION_INCOME":null,"FEE_COMMISSION_INCOME_YOY":null,"ACCOUNTS_RECE_TDAYS":1.269948442252,"INVENTORY_TDAYS":1.096430475255,"CURRENT_ASSETS_TDAYS":0.441963476132,"TOTAL_ASSETS_TDAYS":0.265024826405,"PREMIUM_EXPENSE":null,"LOAN_DEPOSIT":null,"LOAN_EQUITY":null,"LOAN_ASSETS":null,"DEPOSIT_EQUITY":null,"DEPOSIT_ASSETS":null,"EQUITY_MULTIPLIER":2.138936382297,"EQUITY_RATIO":1.199585238711},{"SECUCODE":"01157.HK","SECURITY_CODE":"01157","SECURITY_NAME_ABBR":"中联重科","ORG_CODE":"10004162","STD_REPORT_DATE":"2024-06-30 00:00:00","REPORT_DATE":"2024-06-30 00:00:00","DATE_TYPE_CODE":"002","REPORT_TYPE":"2024年中报","PER_NETCASH_OPERATE":0.077898202904,"PER_OI":2.827266876112,"BPS":6.430865398622,"BASIC_EPS":0.2764,"DILUTED_EPS":0.2708,"OPERATE_INCOME":24535000000,"OPERATE_INCOME_YOY":1.9106957425,"GROSS_PROFIT":6946000000,"GROSS_PROFIT_YOY":3.424657534247,"HOLDER_PROFIT":2281000000,"HOLDER_PROFIT_YOY":10.9435797665,"GROSS_PROFIT_RATIO":28.310576727125,"EPS_TTM":0.435008455566,"OPERATE_INCOME_QOQ":-1.833106631781,"NET_PROFIT_RATIO":10.3321785205,"ROE_AVG":4.065445642037,"GROSS_PROFIT_QOQ":-2.883441162594,"ROA":1.744690778227,"HOLDER_PROFIT_QOQ":3.261854308838,"ROE_YEARLY":8.130891284074,"ROIC_YEARLY":3.99194959748,"TOTAL_ASSETS":130654000000,"TOTAL_LIABILITIES":71866000000,"TAX_EBT":11.270563528176,"OCF_SALES":2.755247605462,"TOTAL_PARENT_EQUITY":55807000000,"DEBT_ASSET_RATIO":55.004821896,"OPERATE_PROFIT":2951000000,"PRETAX_PROFIT":2857000000,"NETCASH_OPERATE":676000000,"NETCASH_INVEST":-1441000000,"NETCASH_FINANCE":758000000,"END_CASH":13572000000,"DIVI_RATIO":0.730586612589,"DIVIDEND_RATE":6.131118881119,"CURRENT_RATIO":1.536980593387,"COMMON_ACS":null,"CURRENTDEBT_DEBT":72.131466896725,"ISSUED_COMMON_SHARES":8677992236,"HK_COMMON_SHARES":1581964548,"PER_SHARES":200,"TOTAL_MARKET_CAP":49638115589.92,"HKSK_MARKET_CAP":9048837214.56,"PE_TTM":11.579006934566,"PB_TTM":0.783767809602,"REPORT_DATE_SQ":"2023-06-30 00:00:00","REPORT_TYPE_SQ":"2023年中报","OPERATE_INCOME_SQ":24075000000,"DPS_HKD":0.3507,"OPERATE_INCOME_QOQ_SQ":5.618865087866,"NET_PROFIT_RATIO_SQ":9.287642783,"HOLDER_PROFIT_SQ":2056000000,"HOLDER_PROFIT_QOQ_SQ":18.496546750822,"ROE_AVG_SQ":3.8109360519,"PE_TTM_SQ":10.233852760838,"PB_TTM_SQ":0.579699424997,"ROA_SQ":1.599514544224,"START_DATE":"2024-01-01 00:00:00","FISCAL_YEAR":"12-31","CURRENCY":"HKD","IS_CNY_CODE":0,"DPS_HKD_LY":0.3507,"ORG_TYPE":"一般企业","PREMIUM_INCOME":null,"PREMIUM_INCOME_YOY":null,"NET_INTEREST_INCOME":null,"NET_INTEREST_INCOME_YOY":null,"FEE_COMMISSION_INCOME":null,"FEE_COMMISSION_INCOME_YOY":null,"ACCOUNTS_RECE_TDAYS":0.828347550071,"INVENTORY_TDAYS":0.758948027011,"CURRENT_ASSETS_TDAYS":0.311199898529,"TOTAL_ASSETS_TDAYS":0.187663254028,"PREMIUM_EXPENSE":null,"LOAN_DEPOSIT":null,"LOAN_EQUITY":null,"LOAN_ASSETS":null,"DEPOSIT_EQUITY":null,"DEPOSIT_ASSETS":null,"EQUITY_MULTIPLIER":2.222460366061,"EQUITY_RATIO":1.28775960005},{"SECUCODE":"01157.HK","SECURITY_CODE":"01157","SECURITY_NAME_ABBR":"中联重科","ORG_CODE":"10004162","STD_REPORT_DATE":"2024-03-31 00:00:00","REPORT_DATE":"2024-03-31 00:00:00","DATE_TYPE_CODE":"003","REPORT_TYPE":"2024年一季报","PER_NETCASH_OPERATE":0.035380357624,"PER_OI":1.356667029017,"BPS":6.591306413446,"BASIC_EPS":0.11,"DILUTED_EPS":0.11,"OPERATE_INCOME":11773145944.65,"OPERATE_INCOME_YOY":12.9263598867,"GROSS_PROFIT":3373480103.42,"GROSS_PROFIT_YOY":22.596929974345,"HOLDER_PROFIT":915819266.53,"HOLDER_PROFIT_YOY":13.0550826962,"GROSS_PROFIT_RATIO":28.654024330285,"EPS_TTM":0.421267329042,"OPERATE_INCOME_QOQ":2.862747954222,"NET_PROFIT_RATIO":8.6678427094,"ROE_AVG":1.612268078597,"GROSS_PROFIT_QOQ":4.795589279732,"ROA":0.694284369457,"HOLDER_PROFIT_QOQ":2.979003118592,"ROE_YEARLY":6.449072314389,"ROIC_YEARLY":3.181529693035,"TOTAL_ASSETS":132991760629.6,"TOTAL_LIABILITIES":72945330233.31,"TAX_EBT":13.271888599125,"OCF_SALES":2.607888071833,"TOTAL_PARENT_EQUITY":57199305880.98,"DEBT_ASSET_RATIO":54.849510893,"OPERATE_PROFIT":1230422336.96,"PRETAX_PROFIT":1176640141.18,"NETCASH_OPERATE":307030468.77,"NETCASH_INVEST":-971086637.97,"NETCASH_FINANCE":-1373411774.19,"END_CASH":11545478661.8,"DIVI_RATIO":0.754417283492,"DIVIDEND_RATE":6.131118881119,"CURRENT_RATIO":1.597605877183,"COMMON_ACS":null,"CURRENTDEBT_DEBT":67.866123465644,"ISSUED_COMMON_SHARES":8677992236,"HK_COMMON_SHARES":1581964548,"PER_SHARES":200,"TOTAL_MARKET_CAP":49638115589.92,"HKSK_MARKET_CAP":9048837214.56,"PE_TTM":11.579006934566,"PB_TTM":0.783767809602,"REPORT_DATE_SQ":"2023-03-31 00:00:00","REPORT_TYPE_SQ":"2023年一季报","OPERATE_INCOME_SQ":10425507345.2,"DPS_HKD":0.3507,"OPERATE_INCOME_QOQ_SQ":0.993423676371,"NET_PROFIT_RATIO_SQ":8.2370067122,"HOLDER_PROFIT_SQ":810064655.82,"HOLDER_PROFIT_QOQ_SQ":-4.103174274819,"ROE_AVG_SQ":1.482307673453,"PE_TTM_SQ":10.233852760838,"PB_TTM_SQ":0.579699424997,"ROA_SQ":0.63993981735,"START_DATE":"2024-01-01 00:00:00","FISCAL_YEAR":"12-31","CURRENCY":"HKD","IS_CNY_CODE":0,"DPS_HKD_LY":0.3507,"ORG_TYPE":"一般企业","PREMIUM_INCOME":null,"PREMIUM_INCOME_YOY":null,"NET_INTEREST_INCOME":null,"NET_INTEREST_INCOME_YOY":null,"FEE_COMMISSION_INCOME":null,"FEE_COMMISSION_INCOME_YOY":null,"ACCOUNTS_RECE_TDAYS":0.438840521335,"INVENTORY_TDAYS":0.358748177459,"CURRENT_ASSETS_TDAYS":0.149884973438,"TOTAL_ASSETS_TDAYS":0.089252448681,"PREMIUM_EXPENSE":null,"LOAN_DEPOSIT":null,"LOAN_EQUITY":null,"LOAN_ASSETS":null,"DEPOSIT_EQUITY":null,"DEPOSIT_ASSETS":null,"EQUITY_MULTIPLIER":2.214815431191,"EQUITY_RATIO":1.275283486571},{"SECUCODE":"01157.HK","SECURITY_CODE":"01157","SECURITY_NAME_ABBR":"中联重科","ORG_CODE":"10004162","STD_REPORT_DATE":"2023-12-31 00:00:00","REPORT_DATE":"2023-12-31 00:00:00","DATE_TYPE_CODE":"001","REPORT_TYPE":"2023年年报","PER_NETCASH_OPERATE":0.264116392095,"PER_OI":5.424641866435,"BPS":6.495857390394,"BASIC_EPS":0.4305,"DILUTED_EPS":0.4285,"OPERATE_INCOME":47075000000,"OPERATE_INCOME_YOY":13.0767937354,"GROSS_PROFIT":12966000000,"GROSS_PROFIT_YOY":42.671654929578,"HOLDER_PROFIT":3550000000,"HOLDER_PROFIT_YOY":51.2569237324,"GROSS_PROFIT_RATIO":27.543281996814,"EPS_TTM":0.409080799274,"OPERATE_INCOME_QOQ":1.244798314165,"NET_PROFIT_RATIO":8.1040892193,"ROE_AVG":6.392019878282,"GROSS_PROFIT_QOQ":3.582504609889,"ROA":2.791516933892,"HOLDER_PROFIT_QOQ":17.029502906053,"ROE_YEARLY":6.392019878282,"ROIC_YEARLY":3.198904262653,"TOTAL_ASSETS":130862389408.99,"TOTAL_LIABILITIES":71695112198.09,"TAX_EBT":10.697565543071,"OCF_SALES":4.868826340945,"TOTAL_PARENT_EQUITY":56407020348.19,"DEBT_ASSET_RATIO":54.8014523218,"OPERATE_PROFIT":3835000000,"PRETAX_PROFIT":4272000000,"NETCASH_OPERATE":2292000000,"NETCASH_INVEST":143000000,"NETCASH_FINANCE":-2644000000,"END_CASH":13606000000,"DIVI_RATIO":0.776891397894,"DIVIDEND_RATE":6.131118881119,"CURRENT_RATIO":1.560244819586,"COMMON_ACS":null,"CURRENTDEBT_DEBT":69.734764565041,"ISSUED_COMMON_SHARES":8677992236,"HK_COMMON_SHARES":1581964548,"PER_SHARES":200,"TOTAL_MARKET_CAP":49638115589.92,"HKSK_MARKET_CAP":9048837214.56,"PE_TTM":11.579006934566,"PB_TTM":0.783767809602,"REPORT_DATE_SQ":"2022-12-31 00:00:00","REPORT_TYPE_SQ":"2022年年报","OPERATE_INCOME_SQ":41631000000,"DPS_HKD":0.3507,"OPERATE_INCOME_QOQ_SQ":-3.971295277766,"NET_PROFIT_RATIO_SQ":5.8273882443,"HOLDER_PROFIT_SQ":2347000000,"HOLDER_PROFIT_QOQ_SQ":-13.744857435903,"ROE_AVG_SQ":4.208506670492,"PE_TTM_SQ":10.233852760838,"PB_TTM_SQ":0.579699424997,"ROA_SQ":1.912024081564,"START_DATE":"2023-01-01 00:00:00","FISCAL_YEAR":"12-31","CURRENCY":"HKD","IS_CNY_CODE":0,"DPS_HKD_LY":0.3482,"ORG_TYPE":"一般企业","PREMIUM_INCOME":null,"PREMIUM_INCOME_YOY":null,"NET_INTEREST_INCOME":null,"NET_INTEREST_INCOME_YOY":null,"FEE_COMMISSION_INCOME":null,"FEE_COMMISSION_INCOME_YOY":null,"ACCOUNTS_RECE_TDAYS":1.56534670136,"INVENTORY_TDAYS":1.858446617811,"CURRENT_ASSETS_TDAYS":0.621009445412,"TOTAL_ASSETS_TDAYS":0.37017087229,"PREMIUM_EXPENSE":null,"LOAN_DEPOSIT":null,"LOAN_EQUITY":null,"LOAN_ASSETS":null,"DEPOSIT_EQUITY":null,"DEPOSIT_ASSETS":null,"EQUITY_MULTIPLIER":2.212460469128,"EQUITY_RATIO":1.271031721859},{"SECUCODE":"01157.HK","SECURITY_CODE":"01157","SECURITY_NAME_ABBR":"中联重科","ORG_CODE":"10004162","STD_REPORT_DATE":"2023-09-30 00:00:00","REPORT_DATE":"2023-09-30 00:00:00","DATE_TYPE_CODE":"004","REPORT_TYPE":"2023年三季报","PER_NETCASH_OPERATE":0.131624646525,"PER_OI":4.092436492664,"BPS":6.236787624933,"BASIC_EPS":0.34,"DILUTED_EPS":0.34,"OPERATE_INCOME":35514132109.66,"OPERATE_INCOME_YOY":15.8740226028,"GROSS_PROFIT":9857213868.01,"GROSS_PROFIT_YOY":53.356276901426,"HOLDER_PROFIT":2855056429.34,"HOLDER_PROFIT_YOY":31.6523369291,"GROSS_PROFIT_RATIO":27.75575040824,"EPS_TTM":0.349553564799,"OPERATE_INCOME_QOQ":4.704699458351,"NET_PROFIT_RATIO":8.6237814935,"ROE_AVG":5.246925089645,"GROSS_PROFIT_QOQ":10.015450086131,"ROA":2.194110875063,"HOLDER_PROFIT_QOQ":13.739149658418,"ROE_YEARLY":6.995900119527,"ROIC_YEARLY":2.527504017494,"TOTAL_ASSETS":136730233792,"TOTAL_LIABILITIES":79899633648.23,"TAX_EBT":9.264209573401,"OCF_SALES":3.216290509601,"TOTAL_PARENT_EQUITY":54122794586.75,"DEBT_ASSET_RATIO":58.435966525,"OPERATE_PROFIT":3230391578.86,"PRETAX_PROFIT":3375361737.69,"NETCASH_OPERATE":1142237660.61,"NETCASH_INVEST":-1591582884.73,"NETCASH_FINANCE":-46946891.03,"END_CASH":13321010483.88,"DIVI_RATIO":0.909192141076,"DIVIDEND_RATE":6.131118881119,"CURRENT_RATIO":1.425413641503,"COMMON_ACS":null,"CURRENTDEBT_DEBT":70.567292146726,"ISSUED_COMMON_SHARES":8677992236,"HK_COMMON_SHARES":1581964548,"PER_SHARES":200,"TOTAL_MARKET_CAP":49638115589.92,"HKSK_MARKET_CAP":9048837214.56,"PE_TTM":11.579006934566,"PB_TTM":0.783767809602,"REPORT_DATE_SQ":"2022-09-30 00:00:00","REPORT_TYPE_SQ":"2022年三季报","OPERATE_INCOME_SQ":30648916221.19,"DPS_HKD":0.3507,"OPERATE_INCOME_QOQ_SQ":-5.716138779409,"NET_PROFIT_RATIO_SQ":7.2301234016,"HOLDER_PROFIT_SQ":2168633307.95,"HOLDER_PROFIT_QOQ_SQ":-13.974164282643,"ROE_AVG_SQ":3.918309326472,"PE_TTM_SQ":10.233852760838,"PB_TTM_SQ":0.579699424997,"ROA_SQ":1.740195811785,"START_DATE":"2023-01-01 00:00:00","FISCAL_YEAR":"12-31","CURRENCY":"HKD","IS_CNY_CODE":0,"DPS_HKD_LY":0.3482,"ORG_TYPE":"一般企业","PREMIUM_INCOME":null,"PREMIUM_INCOME_YOY":null,"NET_INTEREST_INCOME":null,"NET_INTEREST_INCOME_YOY":null,"FEE_COMMISSION_INCOME":null,"FEE_COMMISSION_INCOME_YOY":null,"ACCOUNTS_RECE_TDAYS":1.144311902878,"INVENTORY_TDAYS":1.42063500533,"CURRENT_ASSETS_TDAYS":0.46130903947,"TOTAL_ASSETS_TDAYS":0.272926106397,"PREMIUM_EXPENSE":null,"LOAN_DEPOSIT":null,"LOAN_EQUITY":null,"LOAN_ASSETS":null,"DEPOSIT_EQUITY":null,"DEPOSIT_ASSETS":null,"EQUITY_MULTIPLIER":2.405926269407,"EQUITY_RATIO":1.476265855418},{"SECUCODE":"01157.HK","SECURITY_CODE":"01157","SECURITY_NAME_ABBR":"中联重科","ORG_CODE":"10004162","STD_REPORT_DATE":"2023-06-30 00:00:00","REPORT_DATE":"2023-06-30 00:00:00","DATE_TYPE_CODE":"002","REPORT_TYPE":"2023年中报","PER_NETCASH_OPERATE":0.084466542498,"PER_OI":2.774259223248,"BPS":6.129874117578,"BASIC_EPS":0.2495,"DILUTED_EPS":0.2472,"OPERATE_INCOME":24075000000,"OPERATE_INCOME_YOY":13.03347575,"GROSS_PROFIT":6716000000,"GROSS_PROFIT_YOY":51.739719837325,"HOLDER_PROFIT":2056000000,"HOLDER_PROFIT_YOY":18.4331797235,"GROSS_PROFIT_RATIO":27.896157840083,"EPS_TTM":0.307329152582,"OPERATE_INCOME_QOQ":5.618865087866,"NET_PROFIT_RATIO":9.287642783,"ROE_AVG":3.8109360519,"GROSS_PROFIT_QOQ":15.745155106495,"ROA":1.599514544224,"HOLDER_PROFIT_QOQ":18.496546750822,"ROE_YEARLY":7.6218721038,"ROIC_YEARLY":3.678095118831,"TOTAL_ASSETS":133561000000,"TOTAL_LIABILITIES":77703000000,"TAX_EBT":10.020120724346,"OCF_SALES":3.044652128764,"TOTAL_PARENT_EQUITY":53195000000,"DEBT_ASSET_RATIO":58.1779112166,"OPERATE_PROFIT":2287000000,"PRETAX_PROFIT":2485000000,"NETCASH_OPERATE":733000000,"NETCASH_INVEST":-343000000,"NETCASH_FINANCE":539000000,"END_CASH":14796000000,"DIVI_RATIO":1.03410741002,"DIVIDEND_RATE":6.131118881119,"CURRENT_RATIO":1.470690201487,"COMMON_ACS":null,"CURRENTDEBT_DEBT":69.046240170907,"ISSUED_COMMON_SHARES":8677992236,"HK_COMMON_SHARES":1581964548,"PER_SHARES":200,"TOTAL_MARKET_CAP":49638115589.92,"HKSK_MARKET_CAP":9048837214.56,"PE_TTM":11.579006934566,"PB_TTM":0.783767809602,"REPORT_DATE_SQ":"2022-06-30 00:00:00","REPORT_TYPE_SQ":"2022年中报","OPERATE_INCOME_SQ":21299000000,"DPS_HKD":0.3507,"OPERATE_INCOME_QOQ_SQ":-20.849267137806,"NET_PROFIT_RATIO_SQ":8.3525048124,"HOLDER_PROFIT_SQ":1736000000,"HOLDER_PROFIT_QOQ_SQ":-34.01966486891,"ROE_AVG_SQ":3.105462286343,"PE_TTM_SQ":10.233852760838,"PB_TTM_SQ":0.579699424997,"ROA_SQ":1.3760904288,"START_DATE":"2023-01-01 00:00:00","FISCAL_YEAR":"12-31","CURRENCY":"HKD","IS_CNY_CODE":0,"DPS_HKD_LY":0.3482,"ORG_TYPE":"一般企业","PREMIUM_INCOME":null,"PREMIUM_INCOME_YOY":null,"NET_INTEREST_INCOME":null,"NET_INTEREST_INCOME_YOY":null,"FEE_COMMISSION_INCOME":null,"FEE_COMMISSION_INCOME_YOY":null,"ACCOUNTS_RECE_TDAYS":0.731185081698,"INVENTORY_TDAYS":0.98109475231,"CURRENT_ASSETS_TDAYS":0.31572528294,"TOTAL_ASSETS_TDAYS":0.187297240526,"PREMIUM_EXPENSE":null,"LOAN_DEPOSIT":null,"LOAN_EQUITY":null,"LOAN_ASSETS":null,"DEPOSIT_EQUITY":null,"DEPOSIT_ASSETS":null,"EQUITY_MULTIPLIER":2.39108095528,"EQUITY_RATIO":1.46071999248},{"SECUCODE":"01157.HK","SECURITY_CODE":"01157","SECURITY_NAME_ABBR":"中联重科","ORG_CODE":"10004162","STD_REPORT_DATE":"2023-03-31 00:00:00","REPORT_DATE":"2023-03-31 00:00:00","DATE_TYPE_CODE":"003","REPORT_TYPE":"2023年一季报","PER_NETCASH_OPERATE":0.032953848693,"PER_OI":1.201373204962,"BPS":6.290945406897,"BASIC_EPS":0.1,"DILUTED_EPS":0.1,"OPERATE_INCOME":10425507345.2,"OPERATE_INCOME_YOY":4.1307919514,"GROSS_PROFIT":2751683997.41,"GROSS_PROFIT_YOY":36.936018494202,"HOLDER_PROFIT":810064655.82,"HOLDER_PROFIT_YOY":-10.6250106083,"GROSS_PROFIT_RATIO":26.393765850416,"EPS_TTM":0.259357053862,"OPERATE_INCOME_QOQ":0.993423676371,"NET_PROFIT_RATIO":8.2370067122,"ROE_AVG":1.482307673453,"GROSS_PROFIT_QOQ":8.167001258143,"ROA":0.63993981735,"HOLDER_PROFIT_QOQ":-4.103174274819,"ROE_YEARLY":5.929230693811,"ROIC_YEARLY":2.943069025519,"TOTAL_ASSETS":129652011790.69,"TOTAL_LIABILITIES":72493119936.16,"TAX_EBT":9.07372354924,"OCF_SALES":2.743015122728,"TOTAL_PARENT_EQUITY":54592775398.15,"DEBT_ASSET_RATIO":55.9136097735,"OPERATE_PROFIT":1068370621.09,"PRETAX_PROFIT":944446174.77,"NETCASH_OPERATE":285973243.1,"NETCASH_INVEST":-1222069953.66,"NETCASH_FINANCE":137133656.38,"END_CASH":13004327457.18,"DIVI_RATIO":1.225381570569,"DIVIDEND_RATE":6.131118881119,"CURRENT_RATIO":1.509806257493,"COMMON_ACS":null,"CURRENTDEBT_DEBT":71.944101393303,"ISSUED_COMMON_SHARES":8677992236,"HK_COMMON_SHARES":1581964548,"PER_SHARES":200,"TOTAL_MARKET_CAP":49638115589.92,"HKSK_MARKET_CAP":9048837214.56,"PE_TTM":11.579006934566,"PB_TTM":0.783767809602,"REPORT_DATE_SQ":"2022-03-31 00:00:00","REPORT_TYPE_SQ":"2022年一季报","OPERATE_INCOME_SQ":10011935134.49,"DPS_HKD":0.3507,"OPERATE_INCOME_QOQ_SQ":-13.463294937823,"NET_PROFIT_RATIO_SQ":9.3493848696,"HOLDER_PROFIT_SQ":906366156.05,"HOLDER_PROFIT_QOQ_SQ":-23.943319323021,"ROE_AVG_SQ":1.581740083424,"PE_TTM_SQ":10.233852760838,"PB_TTM_SQ":0.579699424997,"ROA_SQ":0.717729620177,"START_DATE":"2023-01-01 00:00:00","FISCAL_YEAR":"12-31","CURRENCY":"HKD","IS_CNY_CODE":0,"DPS_HKD_LY":0.3482,"ORG_TYPE":"一般企业","PREMIUM_INCOME":null,"PREMIUM_INCOME_YOY":null,"NET_INTEREST_INCOME":null,"NET_INTEREST_INCOME_YOY":null,"FEE_COMMISSION_INCOME":null,"FEE_COMMISSION_INCOME_YOY":null,"ACCOUNTS_RECE_TDAYS":0.33641028779,"INVENTORY_TDAYS":0.454411696537,"CURRENT_ASSETS_TDAYS":0.136866872715,"TOTAL_ASSETS_TDAYS":0.082360058772,"PREMIUM_EXPENSE":null,"LOAN_DEPOSIT":null,"LOAN_EQUITY":null,"LOAN_ASSETS":null,"DEPOSIT_EQUITY":null,"DEPOSIT_ASSETS":null,"EQUITY_MULTIPLIER":2.268273711824,"EQUITY_RATIO":1.327888523847},{"SECUCODE":"01157.HK","SECURITY_CODE":"01157","SECURITY_NAME_ABBR":"中联重科","ORG_CODE":"10004162","STD_REPORT_DATE":"2022-12-31 00:00:00","REPORT_DATE":"2022-12-31 00:00:00","DATE_TYPE_CODE":"001","REPORT_TYPE":"2022年年报","PER_NETCASH_OPERATE":0.224821588559,"PER_OI":4.797307818195,"BPS":6.303877499805,"BASIC_EPS":0.278,"DILUTED_EPS":0.2768,"OPERATE_INCOME":41631000000,"OPERATE_INCOME_YOY":-37.9854314698,"GROSS_PROFIT":9088000000,"GROSS_PROFIT_YOY":-42.666077849978,"HOLDER_PROFIT":2347000000,"HOLDER_PROFIT_YOY":-62.7637632873,"GROSS_PROFIT_RATIO":21.829886382744,"EPS_TTM":0.270454263633,"OPERATE_INCOME_QOQ":-3.971295277766,"NET_PROFIT_RATIO":5.8273882443,"ROE_AVG":4.208506670492,"GROSS_PROFIT_QOQ":0.731299200185,"ROA":1.912024081564,"HOLDER_PROFIT_QOQ":-13.744857435903,"ROE_YEARLY":4.208506670492,"ROIC_YEARLY":2.184729235996,"TOTAL_ASSETS":123517000000,"TOTAL_LIABILITIES":66578000000,"TAX_EBT":3.423566878981,"OCF_SALES":4.686411568302,"TOTAL_PARENT_EQUITY":54705000000,"DEBT_ASSET_RATIO":53.9018920472,"OPERATE_PROFIT":2082000000,"PRETAX_PROFIT":2512000000,"NETCASH_OPERATE":1951000000,"NETCASH_INVEST":1041000000,"NETCASH_FINANCE":-2494000000,"END_CASH":13791000000,"DIVI_RATIO":1.175102029197,"DIVIDEND_RATE":6.341772151899,"CURRENT_RATIO":1.520922447461,"COMMON_ACS":null,"CURRENTDEBT_DEBT":72.686172609571,"ISSUED_COMMON_SHARES":8677992236,"HK_COMMON_SHARES":1581964548,"PER_SHARES":200,"TOTAL_MARKET_CAP":47989297065.08,"HKSK_MARKET_CAP":8748263950.44,"PE_TTM":11.194389571355,"PB_TTM":0.757733564178,"REPORT_DATE_SQ":"2021-12-31 00:00:00","REPORT_TYPE_SQ":"2021年年报","OPERATE_INCOME_SQ":67131000000,"DPS_HKD":0.3507,"OPERATE_INCOME_QOQ_SQ":-9.639253380196,"NET_PROFIT_RATIO_SQ":9.561901357,"HOLDER_PROFIT_SQ":6303000000,"HOLDER_PROFIT_QOQ_SQ":-14.365101346592,"ROE_AVG_SQ":12.17535760163,"PE_TTM_SQ":11.16892560193,"PB_TTM_SQ":0.632666885149,"ROA_SQ":5.291636058348,"START_DATE":"2022-01-01 00:00:00","FISCAL_YEAR":"12-31","CURRENCY":"HKD","IS_CNY_CODE":0,"DPS_HKD_LY":0.3755,"ORG_TYPE":"一般企业","PREMIUM_INCOME":null,"PREMIUM_INCOME_YOY":null,"NET_INTEREST_INCOME":null,"NET_INTEREST_INCOME_YOY":null,"FEE_COMMISSION_INCOME":null,"FEE_COMMISSION_INCOME_YOY":null,"ACCOUNTS_RECE_TDAYS":1.260208869381,"INVENTORY_TDAYS":2.34933583598,"CURRENT_ASSETS_TDAYS":0.569056015747,"TOTAL_ASSETS_TDAYS":0.339154130974,"PREMIUM_EXPENSE":null,"LOAN_DEPOSIT":null,"LOAN_EQUITY":null,"LOAN_ASSETS":null,"DEPOSIT_EQUITY":null,"DEPOSIT_ASSETS":null,"EQUITY_MULTIPLIER":2.169286429334,"EQUITY_RATIO":1.217036833927},{"SECUCODE":"01157.HK","SECURITY_CODE":"01157","SECURITY_NAME_ABBR":"中联重科","ORG_CODE":"10004162","STD_REPORT_DATE":"2022-09-30 00:00:00","REPORT_DATE":"2022-09-30 00:00:00","DATE_TYPE_CODE":"004","REPORT_TYPE":"2022年三季报","PER_NETCASH_OPERATE":0.129748572512,"PER_OI":3.531798068918,"BPS":6.206654260184,"BASIC_EPS":0.25,"DILUTED_EPS":0.25,"OPERATE_INCOME":30648916221.19,"OPERATE_INCOME_YOY":-43.6882922204,"GROSS_PROFIT":6427655957.21,"GROSS_PROFIT_YOY":-51.513664855479,"HOLDER_PROFIT":2168633307.95,"HOLDER_PROFIT_YOY":-62.2888101228,"GROSS_PROFIT_RATIO":20.971886610353,"EPS_TTM":0.313551465563,"OPERATE_INCOME_QOQ":-5.716138779409,"NET_PROFIT_RATIO":7.2301234016,"ROE_AVG":3.918309326472,"GROSS_PROFIT_QOQ":-6.63332272493,"ROA":1.740195811785,"HOLDER_PROFIT_QOQ":-13.974164282643,"ROE_YEARLY":5.224412435296,"ROIC_YEARLY":1.989666914178,"TOTAL_ASSETS":127258147949.22,"TOTAL_LIABILITIES":71704284148.13,"TAX_EBT":14.938567389029,"OCF_SALES":3.673725676837,"TOTAL_PARENT_EQUITY":53861297481.41,"DEBT_ASSET_RATIO":56.3455348861,"OPERATE_PROFIT":2057761659.63,"PRETAX_PROFIT":2605122434.47,"NETCASH_OPERATE":1125957104.89,"NETCASH_INVEST":-2099887638.37,"NETCASH_FINANCE":1034609588.02,"END_CASH":13413678279.67,"DIVI_RATIO":1.013585930557,"DIVIDEND_RATE":6.131118881119,"CURRENT_RATIO":1.477870044911,"COMMON_ACS":null,"CURRENTDEBT_DEBT":74.233654358877,"ISSUED_COMMON_SHARES":8677992236,"HK_COMMON_SHARES":1581964548,"PER_SHARES":200,"TOTAL_MARKET_CAP":49638115589.92,"HKSK_MARKET_CAP":9048837214.56,"PE_TTM":11.579006934566,"PB_TTM":0.783767809602,"REPORT_DATE_SQ":"2021-09-30 00:00:00","REPORT_TYPE_SQ":"2021年三季报","OPERATE_INCOME_SQ":54427253993.35,"DPS_HKD":0.3507,"OPERATE_INCOME_QOQ_SQ":-5.637912856257,"NET_PROFIT_RATIO_SQ":10.6817612004,"HOLDER_PROFIT_SQ":5750636124.21,"HOLDER_PROFIT_QOQ_SQ":-9.656106592734,"ROE_AVG_SQ":11.163219817271,"PE_TTM_SQ":10.233852760838,"PB_TTM_SQ":0.579699424997,"ROA_SQ":4.64316515135,"START_DATE":"2022-01-01 00:00:00","FISCAL_YEAR":"12-31","CURRENCY":"HKD","IS_CNY_CODE":0,"DPS_HKD_LY":0.3755,"ORG_TYPE":"一般企业","PREMIUM_INCOME":null,"PREMIUM_INCOME_YOY":null,"NET_INTEREST_INCOME":null,"NET_INTEREST_INCOME_YOY":null,"FEE_COMMISSION_INCOME":null,"FEE_COMMISSION_INCOME_YOY":null,"ACCOUNTS_RECE_TDAYS":0.978637284846,"INVENTORY_TDAYS":1.618242023658,"CURRENT_ASSETS_TDAYS":0.404929251632,"TOTAL_ASSETS_TDAYS":0.245938838292,"PREMIUM_EXPENSE":null,"LOAN_DEPOSIT":null,"LOAN_EQUITY":null,"LOAN_ASSETS":null,"DEPOSIT_EQUITY":null,"DEPOSIT_ASSETS":null,"EQUITY_MULTIPLIER":2.290716419021,"EQUITY_RATIO":1.331276584506}],"count":63},"success":true,"message":"ok","code":0}