{"version":"59b8ec9f4ad559fdaeb546a591efa33b","result":{"pages":2,"data":[{"SECUCODE":"01153.HK","SECURITY_CODE":"01153","SECURITY_NAME_ABBR":"佳源服务","ORG_CODE":"10000103251","STD_REPORT_DATE":"2024-06-30 00:00:00","REPORT_DATE":"2024-06-30 00:00:00","DATE_TYPE_CODE":"002","REPORT_TYPE":"2024年中报","PER_NETCASH_OPERATE":0.042291350953,"PER_OI":0.710082735418,"BPS":-0.12332171016,"BASIC_EPS":0.1,"DILUTED_EPS":0.1,"OPERATE_INCOME":434364000,"OPERATE_INCOME_YOY":-1.7291581355,"GROSS_PROFIT":146015000,"GROSS_PROFIT_YOY":-9.428403064231,"HOLDER_PROFIT":63178000,"HOLDER_PROFIT_YOY":-0.5978791026,"GROSS_PROFIT_RATIO":33.615815306978,"EPS_TTM":-0.132896524328,"OPERATE_INCOME_QOQ":-0.88031596006,"NET_PROFIT_RATIO":15.1918667293,"ROE_AVG":-59.030515949396,"GROSS_PROFIT_QOQ":-6.279045750284,"ROA":9.90906987778,"HOLDER_PROFIT_QOQ":-0.469634426675,"ROE_YEARLY":-118.061031898791,"ROIC_YEARLY":22.795166247076,"TOTAL_ASSETS":648341000,"TOTAL_LIABILITIES":695177000,"TAX_EBT":26.542062317018,"OCF_SALES":5.955834277242,"TOTAL_PARENT_EQUITY":-75437000,"DEBT_ASSET_RATIO":107.2239762717,"OPERATE_PROFIT":90586000,"PRETAX_PROFIT":89831000,"NETCASH_OPERATE":25870000,"NETCASH_INVEST":-4491000,"NETCASH_FINANCE":-6342000,"END_CASH":63078000,"DIVI_RATIO":null,"DIVIDEND_RATE":null,"CURRENT_RATIO":0.667131671845,"COMMON_ACS":2000000000,"CURRENTDEBT_DEBT":97.960087862516,"ISSUED_COMMON_SHARES":611709000,"HK_COMMON_SHARES":611709000,"PER_SHARES":1000,"TOTAL_MARKET_CAP":253859235,"HKSK_MARKET_CAP":253859235,"PE_TTM":-2.852309951477,"PB_TTM":-3.071334313398,"REPORT_DATE_SQ":"2023-06-30 00:00:00","REPORT_TYPE_SQ":"2023年中报","OPERATE_INCOME_SQ":442007000,"DPS_HKD":null,"OPERATE_INCOME_QOQ_SQ":-1.914175909432,"NET_PROFIT_RATIO_SQ":15.0144680967,"HOLDER_PROFIT_SQ":63558000,"HOLDER_PROFIT_QOQ_SQ":-0.319266154476,"ROE_AVG_SQ":-244.651449247469,"PE_TTM_SQ":1.319354398684,"PB_TTM_SQ":0.213995600522,"ROA_SQ":10.812760343345,"START_DATE":"2024-01-01 00:00:00","FISCAL_YEAR":"12-31","CURRENCY":"HKD","IS_CNY_CODE":0,"DPS_HKD_LY":null,"ORG_TYPE":"一般企业","PREMIUM_INCOME":null,"PREMIUM_INCOME_YOY":null,"NET_INTEREST_INCOME":null,"NET_INTEREST_INCOME_YOY":null,"FEE_COMMISSION_INCOME":null,"FEE_COMMISSION_INCOME_YOY":null,"ACCOUNTS_RECE_TDAYS":1.130599782919,"INVENTORY_TDAYS":524.270909090909,"CURRENT_ASSETS_TDAYS":0.98262727537,"TOTAL_ASSETS_TDAYS":0.681272472758,"PREMIUM_EXPENSE":null,"LOAN_DEPOSIT":null,"LOAN_EQUITY":null,"LOAN_ASSETS":null,"DEPOSIT_EQUITY":null,"DEPOSIT_ASSETS":null,"EQUITY_MULTIPLIER":-13.84279186959,"EQUITY_RATIO":-9.215331998886},{"SECUCODE":"01153.HK","SECURITY_CODE":"01153","SECURITY_NAME_ABBR":"佳源服务","ORG_CODE":"10000103251","STD_REPORT_DATE":"2023-12-31 00:00:00","REPORT_DATE":"2023-12-31 00:00:00","DATE_TYPE_CODE":"001","REPORT_TYPE":"2023年年报","PER_NETCASH_OPERATE":0.079957953864,"PER_OI":1.419320297723,"BPS":-0.226602845471,"BASIC_EPS":-0.13,"DILUTED_EPS":-0.13,"OPERATE_INCOME":868211000,"OPERATE_INCOME_YOY":-8.1056908762,"GROSS_PROFIT":242075000,"GROSS_PROFIT_YOY":-13.526112738444,"HOLDER_PROFIT":-80914000,"HOLDER_PROFIT_YOY":87.8203198382,"GROSS_PROFIT_RATIO":27.882047106061,"EPS_TTM":-0.132275313916,"OPERATE_INCOME_QOQ":-6.312344341475,"NET_PROFIT_RATIO":-8.9141925177,"ROE_AVG":82.408477743885,"GROSS_PROFIT_QOQ":-18.141577957826,"ROA":-13.170346618053,"HOLDER_PROFIT_QOQ":87.859081681189,"ROE_YEARLY":82.408477743885,"ROIC_YEARLY":-14.611824320054,"TOTAL_ASSETS":626814000,"TOTAL_LIABILITIES":738615000,"TAX_EBT":-35.898156277436,"OCF_SALES":5.633538391013,"TOTAL_PARENT_EQUITY":-138615000,"DEBT_ASSET_RATIO":117.8363916569,"OPERATE_PROFIT":-55288000,"PRETAX_PROFIT":-56950000,"NETCASH_OPERATE":48911000,"NETCASH_INVEST":-10246000,"NETCASH_FINANCE":-13346000,"END_CASH":48041000,"DIVI_RATIO":null,"DIVIDEND_RATE":null,"CURRENT_RATIO":0.597884319227,"COMMON_ACS":2000000000,"CURRENTDEBT_DEBT":97.320390189747,"ISSUED_COMMON_SHARES":611709000,"HK_COMMON_SHARES":611709000,"PER_SHARES":1000,"TOTAL_MARKET_CAP":269151960,"HKSK_MARKET_CAP":269151960,"PE_TTM":-3.024135852168,"PB_TTM":-3.256354452759,"REPORT_DATE_SQ":"2022-12-31 00:00:00","REPORT_TYPE_SQ":"2022年年报","OPERATE_INCOME_SQ":944793000,"DPS_HKD":null,"OPERATE_INCOME_QOQ_SQ":5.706373980465,"NET_PROFIT_RATIO_SQ":-69.9148914101,"HOLDER_PROFIT_SQ":-664336000,"HOLDER_PROFIT_QOQ_SQ":-726.218104008974,"ROE_AVG_SQ":-242.096133522831,"PE_TTM_SQ":1.319354398684,"PB_TTM_SQ":0.213995600522,"ROA_SQ":-72.642936614463,"START_DATE":"2023-01-01 00:00:00","FISCAL_YEAR":"12-31","CURRENCY":"HKD","IS_CNY_CODE":0,"DPS_HKD_LY":null,"ORG_TYPE":"一般企业","PREMIUM_INCOME":null,"PREMIUM_INCOME_YOY":null,"NET_INTEREST_INCOME":null,"NET_INTEREST_INCOME_YOY":null,"FEE_COMMISSION_INCOME":null,"FEE_COMMISSION_INCOME_YOY":null,"ACCOUNTS_RECE_TDAYS":2.336032481256,"INVENTORY_TDAYS":1129.19026149684,"CURRENT_ASSETS_TDAYS":2.118083746438,"TOTAL_ASSETS_TDAYS":1.413184344811,"PREMIUM_EXPENSE":null,"LOAN_DEPOSIT":null,"LOAN_EQUITY":null,"LOAN_ASSETS":null,"DEPOSIT_EQUITY":null,"DEPOSIT_ASSETS":null,"EQUITY_MULTIPLIER":-5.606515147435,"EQUITY_RATIO":-5.328535872741},{"SECUCODE":"01153.HK","SECURITY_CODE":"01153","SECURITY_NAME_ABBR":"佳源服务","ORG_CODE":"10000103251","STD_REPORT_DATE":"2023-06-30 00:00:00","REPORT_DATE":"2023-06-30 00:00:00","DATE_TYPE_CODE":"002","REPORT_TYPE":"2023年中报","PER_NETCASH_OPERATE":0.042856979381,"PER_OI":0.722577238524,"BPS":0.009481632606,"BASIC_EPS":0.1,"DILUTED_EPS":0.1,"OPERATE_INCOME":442007000,"OPERATE_INCOME_YOY":-3.930735592,"GROSS_PROFIT":161215000,"GROSS_PROFIT_YOY":10.853256870956,"HOLDER_PROFIT":63558000,"HOLDER_PROFIT_YOY":-3.2293427123,"GROSS_PROFIT_RATIO":36.473404267353,"EPS_TTM":-1.089500072747,"OPERATE_INCOME_QOQ":-1.914175909432,"NET_PROFIT_RATIO":15.0144680967,"ROE_AVG":-244.651449247469,"GROSS_PROFIT_QOQ":5.63835107523,"ROA":10.812760343345,"HOLDER_PROFIT_QOQ":-0.319266154476,"ROE_YEARLY":-489.302898494938,"ROIC_YEARLY":23.798210584846,"TOTAL_ASSETS":573695000,"TOTAL_LIABILITIES":541449000,"TAX_EBT":25.3931851652,"OCF_SALES":5.931127787569,"TOTAL_PARENT_EQUITY":5800000,"DEBT_ASSET_RATIO":94.3792433262,"OPERATE_PROFIT":90019000,"PRETAX_PROFIT":88953000,"NETCASH_OPERATE":26216000,"NETCASH_INVEST":-7789000,"NETCASH_FINANCE":-6627000,"END_CASH":34522000,"DIVI_RATIO":null,"DIVIDEND_RATE":null,"CURRENT_RATIO":0.68791070251,"COMMON_ACS":2000000000,"CURRENTDEBT_DEBT":95.222264700831,"ISSUED_COMMON_SHARES":611709000,"HK_COMMON_SHARES":611709000,"PER_SHARES":1000,"TOTAL_MARKET_CAP":302795955,"HKSK_MARKET_CAP":302795955,"PE_TTM":-3.402152833689,"PB_TTM":-3.663398759354,"REPORT_DATE_SQ":"2022-06-30 00:00:00","REPORT_TYPE_SQ":"2022年中报","OPERATE_INCOME_SQ":460092000,"DPS_HKD":null,"OPERATE_INCOME_QOQ_SQ":8.926782541296,"NET_PROFIT_RATIO_SQ":14.9215809012,"HOLDER_PROFIT_SQ":65679000,"HOLDER_PROFIT_QOQ_SQ":5.582316527001,"ROE_AVG_SQ":10.271692595214,"PE_TTM_SQ":1.319354398684,"PB_TTM_SQ":0.213995600522,"ROA_SQ":5.331602646684,"START_DATE":"2023-01-01 00:00:00","FISCAL_YEAR":"12-31","CURRENCY":"HKD","IS_CNY_CODE":0,"DPS_HKD_LY":null,"ORG_TYPE":"一般企业","PREMIUM_INCOME":null,"PREMIUM_INCOME_YOY":null,"NET_INTEREST_INCOME":null,"NET_INTEREST_INCOME_YOY":null,"FEE_COMMISSION_INCOME":null,"FEE_COMMISSION_INCOME_YOY":null,"ACCOUNTS_RECE_TDAYS":1.291500483575,"INVENTORY_TDAYS":543.643756050339,"CURRENT_ASSETS_TDAYS":1.187061237425,"TOTAL_ASSETS_TDAYS":0.751961320539,"PREMIUM_EXPENSE":null,"LOAN_DEPOSIT":null,"LOAN_EQUITY":null,"LOAN_ASSETS":null,"DEPOSIT_EQUITY":null,"DEPOSIT_ASSETS":null,"EQUITY_MULTIPLIER":17.791198908526,"EQUITY_RATIO":93.353275862069},{"SECUCODE":"01153.HK","SECURITY_CODE":"01153","SECURITY_NAME_ABBR":"佳源服务","ORG_CODE":"10000103251","STD_REPORT_DATE":"2022-12-31 00:00:00","REPORT_DATE":"2022-12-31 00:00:00","DATE_TYPE_CODE":"001","REPORT_TYPE":"2022年年报","PER_NETCASH_OPERATE":0.085548847573,"PER_OI":1.54451381294,"BPS":-0.094420713117,"BASIC_EPS":-1.09,"DILUTED_EPS":-1.09,"OPERATE_INCOME":944793000,"OPERATE_INCOME_YOY":15.142552118,"GROSS_PROFIT":279940000,"GROSS_PROFIT_YOY":8.442929361405,"HOLDER_PROFIT":-664336000,"HOLDER_PROFIT_YOY":-761.1755807241,"GROSS_PROFIT_RATIO":29.629770754017,"EPS_TTM":-1.086032737789,"OPERATE_INCOME_QOQ":5.706373980465,"NET_PROFIT_RATIO":-69.9148914101,"ROE_AVG":-242.096133522831,"GROSS_PROFIT_QOQ":-0.680484499287,"ROA":-72.642936614463,"HOLDER_PROFIT_QOQ":-726.218104008974,"ROE_YEARLY":-242.096133522831,"ROIC_YEARLY":-117.571084354407,"TOTAL_ASSETS":601916000,"TOTAL_LIABILITIES":636035000,"TAX_EBT":-2.167231984459,"OCF_SALES":5.538885237295,"TOTAL_PARENT_EQUITY":-57758000,"DEBT_ASSET_RATIO":105.6683989128,"OPERATE_PROFIT":-644781000,"PRETAX_PROFIT":-646539000,"NETCASH_OPERATE":52331000,"NETCASH_INVEST":-365026000,"NETCASH_FINANCE":-16368000,"END_CASH":22722000,"DIVI_RATIO":null,"DIVIDEND_RATE":null,"CURRENT_RATIO":0.645398555761,"COMMON_ACS":2000000000,"CURRENTDEBT_DEBT":95.015525875148,"ISSUED_COMMON_SHARES":611709000,"HK_COMMON_SHARES":611709000,"PER_SHARES":1000,"TOTAL_MARKET_CAP":302795955,"HKSK_MARKET_CAP":302795955,"PE_TTM":-3.402152833689,"PB_TTM":-3.663398759354,"REPORT_DATE_SQ":"2021-12-31 00:00:00","REPORT_TYPE_SQ":"2021年年报","OPERATE_INCOME_SQ":820542000,"DPS_HKD":null,"OPERATE_INCOME_QOQ_SQ":13.697924027901,"NET_PROFIT_RATIO_SQ":12.6964859812,"HOLDER_PROFIT_SQ":100478000,"HOLDER_PROFIT_QOQ_SQ":11.837316207161,"ROE_AVG_SQ":18.140736133516,"PE_TTM_SQ":1.319354398684,"PB_TTM_SQ":0.213995600522,"ROA_SQ":9.268709365568,"START_DATE":"2022-01-01 00:00:00","FISCAL_YEAR":"12-31","CURRENCY":"HKD","IS_CNY_CODE":0,"DPS_HKD_LY":0.079,"ORG_TYPE":"一般企业","PREMIUM_INCOME":null,"PREMIUM_INCOME_YOY":null,"NET_INTEREST_INCOME":null,"NET_INTEREST_INCOME_YOY":null,"FEE_COMMISSION_INCOME":null,"FEE_COMMISSION_INCOME_YOY":null,"ACCOUNTS_RECE_TDAYS":2.550014169849,"INVENTORY_TDAYS":1242.71588785047,"CURRENT_ASSETS_TDAYS":1.350440275665,"TOTAL_ASSETS_TDAYS":1.033099787047,"PREMIUM_EXPENSE":null,"LOAN_DEPOSIT":null,"LOAN_EQUITY":null,"LOAN_ASSETS":null,"DEPOSIT_EQUITY":null,"DEPOSIT_ASSETS":null,"EQUITY_MULTIPLIER":-17.641665933953,"EQUITY_RATIO":-11.012067592368},{"SECUCODE":"01153.HK","SECURITY_CODE":"01153","SECURITY_NAME_ABBR":"佳源服务","ORG_CODE":"10000103251","STD_REPORT_DATE":"2022-06-30 00:00:00","REPORT_DATE":"2022-06-30 00:00:00","DATE_TYPE_CODE":"002","REPORT_TYPE":"2022年中报","PER_NETCASH_OPERATE":-0.327222584595,"PER_OI":0.752141949849,"BPS":1.098981705353,"BASIC_EPS":0.11,"DILUTED_EPS":0.11,"OPERATE_INCOME":460092000,"OPERATE_INCOME_YOY":18.9347644012,"GROSS_PROFIT":145431000,"GROSS_PROFIT_YOY":19.481917218489,"HOLDER_PROFIT":65679000,"HOLDER_PROFIT_YOY":9.3374396537,"GROSS_PROFIT_RATIO":31.609112960017,"EPS_TTM":0.173427234191,"OPERATE_INCOME_QOQ":8.926782541296,"NET_PROFIT_RATIO":14.9215809012,"ROE_AVG":10.271692595214,"GROSS_PROFIT_QOQ":9.185922640377,"ROA":5.331602646684,"HOLDER_PROFIT_QOQ":5.582316527001,"ROE_YEARLY":20.543385190427,"ROIC_YEARLY":19.187442667586,"TOTAL_ASSETS":1236633000,"TOTAL_LIABILITIES":541548000,"TAX_EBT":22.813230796906,"OCF_SALES":-43.505429348913,"TOTAL_PARENT_EQUITY":672257000,"DEBT_ASSET_RATIO":43.792135581,"OPERATE_PROFIT":90190000,"PRETAX_PROFIT":88944000,"NETCASH_OPERATE":-200165000,"NETCASH_INVEST":275915000,"NETCASH_FINANCE":-8401000,"END_CASH":419143000,"DIVI_RATIO":null,"DIVIDEND_RATE":null,"CURRENT_RATIO":2.048645366162,"COMMON_ACS":2000000000,"CURRENTDEBT_DEBT":91.52817478783,"ISSUED_COMMON_SHARES":611709000,"HK_COMMON_SHARES":611709000,"PER_SHARES":1000,"TOTAL_MARKET_CAP":302795955,"HKSK_MARKET_CAP":302795955,"PE_TTM":-3.402152833689,"PB_TTM":-3.663398759354,"REPORT_DATE_SQ":"2021-06-30 00:00:00","REPORT_TYPE_SQ":"2021年中报","OPERATE_INCOME_SQ":386844000,"DPS_HKD":null,"OPERATE_INCOME_QOQ_SQ":17.32900230208,"NET_PROFIT_RATIO_SQ":15.7474330738,"HOLDER_PROFIT_SQ":60070000,"HOLDER_PROFIT_QOQ_SQ":37.320025677865,"ROE_AVG_SQ":11.255882543076,"PE_TTM_SQ":1.319354398684,"PB_TTM_SQ":0.213995600522,"ROA_SQ":5.650721979211,"START_DATE":"2022-01-01 00:00:00","FISCAL_YEAR":"12-31","CURRENCY":"HKD","IS_CNY_CODE":0,"DPS_HKD_LY":0.079,"ORG_TYPE":"一般企业","PREMIUM_INCOME":null,"PREMIUM_INCOME_YOY":null,"NET_INTEREST_INCOME":null,"NET_INTEREST_INCOME_YOY":null,"FEE_COMMISSION_INCOME":null,"FEE_COMMISSION_INCOME_YOY":null,"ACCOUNTS_RECE_TDAYS":0.948406686167,"INVENTORY_TDAYS":628.065868263473,"CURRENT_ASSETS_TDAYS":0.454489956793,"TOTAL_ASSETS_TDAYS":0.373487374186,"PREMIUM_EXPENSE":null,"LOAN_DEPOSIT":null,"LOAN_EQUITY":null,"LOAN_ASSETS":null,"DEPOSIT_EQUITY":null,"DEPOSIT_ASSETS":null,"EQUITY_MULTIPLIER":1.779110468502,"EQUITY_RATIO":0.805566918604},{"SECUCODE":"01153.HK","SECURITY_CODE":"01153","SECURITY_NAME_ABBR":"佳源服务","ORG_CODE":"10000103251","STD_REPORT_DATE":"2021-12-31 00:00:00","REPORT_DATE":"2021-12-31 00:00:00","DATE_TYPE_CODE":"001","REPORT_TYPE":"2021年年报","PER_NETCASH_OPERATE":0.168382351739,"PER_OI":1.341392721049,"BPS":0.991612024672,"BASIC_EPS":0.16,"DILUTED_EPS":0.16,"OPERATE_INCOME":820542000,"OPERATE_INCOME_YOY":33.4006399001,"GROSS_PROFIT":258145000,"GROSS_PROFIT_YOY":37.952502591837,"HOLDER_PROFIT":100478000,"HOLDER_PROFIT_YOY":53.5750313331,"GROSS_PROFIT_RATIO":31.460303067972,"EPS_TTM":0.164257841555,"OPERATE_INCOME_QOQ":13.697924027901,"NET_PROFIT_RATIO":12.6964859812,"ROE_AVG":18.140736133516,"GROSS_PROFIT_QOQ":15.787608714179,"ROA":9.268709365568,"HOLDER_PROFIT_QOQ":11.837316207161,"ROE_YEARLY":18.140736133516,"ROIC_YEARLY":22.817706783907,"TOTAL_ASSETS":1227129000,"TOTAL_LIABILITIES":599753000,"TAX_EBT":24.85790946597,"OCF_SALES":12.552800466033,"TOTAL_PARENT_EQUITY":606578000,"DEBT_ASSET_RATIO":48.8744867084,"OPERATE_PROFIT":140307000,"PRETAX_PROFIT":138644000,"NETCASH_OPERATE":103001000,"NETCASH_INVEST":-407560000,"NETCASH_FINANCE":41501000,"END_CASH":351785000,"DIVI_RATIO":null,"DIVIDEND_RATE":null,"CURRENT_RATIO":1.845688190509,"COMMON_ACS":2000000000,"CURRENTDEBT_DEBT":91.169031251198,"ISSUED_COMMON_SHARES":611709000,"HK_COMMON_SHARES":611709000,"PER_SHARES":1000,"TOTAL_MARKET_CAP":269151960,"HKSK_MARKET_CAP":269151960,"PE_TTM":-3.024135852168,"PB_TTM":-3.256354452759,"REPORT_DATE_SQ":"2020-12-31 00:00:00","REPORT_TYPE_SQ":"2020年年报","OPERATE_INCOME_SQ":615096000,"DPS_HKD":null,"OPERATE_INCOME_QOQ_SQ":17.277303233679,"NET_PROFIT_RATIO_SQ":11.3751349383,"HOLDER_PROFIT_SQ":65426000,"HOLDER_PROFIT_QOQ_SQ":14.127723411307,"ROE_AVG_SQ":20.059141754723,"PE_TTM_SQ":1.319354398684,"PB_TTM_SQ":0.213995600522,"ROA_SQ":7.30828540806,"START_DATE":"2021-01-01 00:00:00","FISCAL_YEAR":"12-31","CURRENCY":"HKD","IS_CNY_CODE":0,"DPS_HKD_LY":0.064,"ORG_TYPE":"一般企业","PREMIUM_INCOME":null,"PREMIUM_INCOME_YOY":null,"NET_INTEREST_INCOME":null,"NET_INTEREST_INCOME_YOY":null,"FEE_COMMISSION_INCOME":null,"FEE_COMMISSION_INCOME_YOY":null,"ACCOUNTS_RECE_TDAYS":2.63800852607,"INVENTORY_TDAYS":1088.86156824782,"CURRENT_ASSETS_TDAYS":0.875162651399,"TOTAL_ASSETS_TDAYS":0.756918461777,"PREMIUM_EXPENSE":null,"LOAN_DEPOSIT":null,"LOAN_EQUITY":null,"LOAN_ASSETS":null,"DEPOSIT_EQUITY":null,"DEPOSIT_ASSETS":null,"EQUITY_MULTIPLIER":1.955970582234,"EQUITY_RATIO":0.988748355529},{"SECUCODE":"01153.HK","SECURITY_CODE":"01153","SECURITY_NAME_ABBR":"佳源服务","ORG_CODE":"10000103251","STD_REPORT_DATE":"2021-06-30 00:00:00","REPORT_DATE":"2021-06-30 00:00:00","DATE_TYPE_CODE":"002","REPORT_TYPE":"2021年中报","PER_NETCASH_OPERATE":0.082913607614,"PER_OI":0.632398738616,"BPS":0.925554471162,"BASIC_EPS":0.1,"DILUTED_EPS":0.1,"OPERATE_INCOME":386844000,"OPERATE_INCOME_YOY":38.0333554561,"GROSS_PROFIT":121718000,"GROSS_PROFIT_YOY":41.702271324959,"HOLDER_PROFIT":60070000,"HOLDER_PROFIT_YOY":68.4851204667,"GROSS_PROFIT_RATIO":31.464362895638,"EPS_TTM":0.146872123837,"OPERATE_INCOME_QOQ":17.32900230208,"NET_PROFIT_RATIO":15.7474330738,"ROE_AVG":11.255882543076,"GROSS_PROFIT_QOQ":19.142716672189,"ROA":5.650721979211,"HOLDER_PROFIT_QOQ":37.320025677865,"ROE_YEARLY":22.511765086152,"ROIC_YEARLY":28.312569446981,"TOTAL_ASSETS":1185117000,"TOTAL_LIABILITIES":603108000,"TAX_EBT":25.351991863443,"OCF_SALES":13.110969796611,"TOTAL_PARENT_EQUITY":566170000,"DEBT_ASSET_RATIO":50.8901652748,"OPERATE_PROFIT":81845000,"PRETAX_PROFIT":81607000,"NETCASH_OPERATE":50719000,"NETCASH_INVEST":-178026000,"NETCASH_FINANCE":73844000,"END_CASH":561765000,"DIVI_RATIO":null,"DIVIDEND_RATE":null,"CURRENT_RATIO":1.889807373341,"COMMON_ACS":2000000000,"CURRENTDEBT_DEBT":86.671209799903,"ISSUED_COMMON_SHARES":611709000,"HK_COMMON_SHARES":611709000,"PER_SHARES":1000,"TOTAL_MARKET_CAP":168219975,"HKSK_MARKET_CAP":168219975,"PE_TTM":-1.890084907605,"PB_TTM":-2.035221532975,"REPORT_DATE_SQ":"2020-06-30 00:00:00","REPORT_TYPE_SQ":"2020年中报","OPERATE_INCOME_SQ":280254000,"DPS_HKD":null,"OPERATE_INCOME_QOQ_SQ":15.297950498031,"NET_PROFIT_RATIO_SQ":12.9379063278,"HOLDER_PROFIT_SQ":35653000,"HOLDER_PROFIT_QOQ_SQ":14.165372206954,"ROE_AVG_SQ":21.099633376634,"PE_TTM_SQ":1.319354398684,"PB_TTM_SQ":0.213995600522,"ROA_SQ":4.180701325458,"START_DATE":"2021-01-01 00:00:00","FISCAL_YEAR":"12-31","CURRENCY":"HKD","IS_CNY_CODE":0,"DPS_HKD_LY":0.064,"ORG_TYPE":"一般企业","PREMIUM_INCOME":null,"PREMIUM_INCOME_YOY":null,"NET_INTEREST_INCOME":null,"NET_INTEREST_INCOME_YOY":null,"FEE_COMMISSION_INCOME":null,"FEE_COMMISSION_INCOME_YOY":null,"ACCOUNTS_RECE_TDAYS":1.276761329225,"INVENTORY_TDAYS":613.008092485549,"CURRENT_ASSETS_TDAYS":0.417348863102,"TOTAL_ASSETS_TDAYS":0.363900098772,"PREMIUM_EXPENSE":null,"LOAN_DEPOSIT":null,"LOAN_EQUITY":null,"LOAN_ASSETS":null,"DEPOSIT_EQUITY":null,"DEPOSIT_ASSETS":null,"EQUITY_MULTIPLIER":2.036252016721,"EQUITY_RATIO":1.065241888479},{"SECUCODE":"01153.HK","SECURITY_CODE":"01153","SECURITY_NAME_ABBR":"佳源服务","ORG_CODE":"10000103251","STD_REPORT_DATE":"2020-12-31 00:00:00","REPORT_DATE":"2020-12-31 00:00:00","DATE_TYPE_CODE":"001","REPORT_TYPE":"2020年年报","PER_NETCASH_OPERATE":0.081683333333,"PER_OI":1.02516,"BPS":0.819316047336,"BASIC_EPS":0.14,"DILUTED_EPS":0.14,"OPERATE_INCOME":615096000,"OPERATE_INCOME_YOY":35.2183270278,"GROSS_PROFIT":187126000,"GROSS_PROFIT_YOY":72.15853680976,"HOLDER_PROFIT":65426000,"HOLDER_PROFIT_YOY":30.2943402238,"GROSS_PROFIT_RATIO":30.422243031982,"EPS_TTM":0.109043333333,"OPERATE_INCOME_QOQ":17.277303233679,"NET_PROFIT_RATIO":11.3751349383,"ROE_AVG":20.059141754723,"GROSS_PROFIT_QOQ":31.63611294793,"ROA":7.30828540806,"HOLDER_PROFIT_QOQ":14.127723411307,"ROE_YEARLY":20.059141754723,"ROIC_YEARLY":11.81152754973,"TOTAL_ASSETS":940983000,"TOTAL_LIABILITIES":422744000,"TAX_EBT":31.94237746457,"OCF_SALES":7.967861927244,"TOTAL_PARENT_EQUITY":501183000,"DEBT_ASSET_RATIO":44.9257850567,"OPERATE_PROFIT":101608000,"PRETAX_PROFIT":102807000,"NETCASH_OPERATE":49010000,"NETCASH_INVEST":243168000,"NETCASH_FINANCE":288917000,"END_CASH":617771000,"DIVI_RATIO":null,"DIVIDEND_RATE":null,"CURRENT_RATIO":2.072129500018,"COMMON_ACS":2000000000,"CURRENTDEBT_DEBT":98.857701114623,"ISSUED_COMMON_SHARES":611709000,"HK_COMMON_SHARES":611709000,"PER_SHARES":1000,"TOTAL_MARKET_CAP":168219975,"HKSK_MARKET_CAP":168219975,"PE_TTM":-1.890084907605,"PB_TTM":-2.035221532975,"REPORT_DATE_SQ":"2019-12-31 00:00:00","REPORT_TYPE_SQ":"2019年年报","OPERATE_INCOME_SQ":454891000,"DPS_HKD":null,"OPERATE_INCOME_QOQ_SQ":37.322268443328,"NET_PROFIT_RATIO_SQ":11.0386883891,"HOLDER_PROFIT_SQ":50214000,"HOLDER_PROFIT_QOQ_SQ":40.356663685152,"ROE_AVG_SQ":39.839417332455,"PE_TTM_SQ":1.319354398684,"PB_TTM_SQ":0.213995600522,"ROA_SQ":6.687157578486,"START_DATE":"2020-01-01 00:00:00","FISCAL_YEAR":"12-31","CURRENCY":"HKD","IS_CNY_CODE":0,"DPS_HKD_LY":null,"ORG_TYPE":"一般企业","PREMIUM_INCOME":null,"PREMIUM_INCOME_YOY":null,"NET_INTEREST_INCOME":null,"NET_INTEREST_INCOME_YOY":null,"FEE_COMMISSION_INCOME":null,"FEE_COMMISSION_INCOME_YOY":null,"ACCOUNTS_RECE_TDAYS":1.249024795872,"INVENTORY_TDAYS":619.797248370746,"CURRENT_ASSETS_TDAYS":0.748066276841,"TOTAL_ASSETS_TDAYS":0.687081148375,"PREMIUM_EXPENSE":null,"LOAN_DEPOSIT":null,"LOAN_EQUITY":null,"LOAN_ASSETS":null,"DEPOSIT_EQUITY":null,"DEPOSIT_ASSETS":null,"EQUITY_MULTIPLIER":1.815731737673,"EQUITY_RATIO":0.843492297225},{"SECUCODE":"01153.HK","SECURITY_CODE":"01153","SECURITY_NAME_ABBR":"佳源服务","ORG_CODE":"10000103251","STD_REPORT_DATE":"2020-06-30 00:00:00","REPORT_DATE":"2020-06-30 00:00:00","DATE_TYPE_CODE":"002","REPORT_TYPE":"2020年中报","PER_NETCASH_OPERATE":null,"PER_OI":null,"BPS":0.305375595259,"BASIC_EPS":0.08,"DILUTED_EPS":0.08,"OPERATE_INCOME":280254000,"OPERATE_INCOME_YOY":33.0330145017,"GROSS_PROFIT":85897000,"GROSS_PROFIT_YOY":63.809905219597,"HOLDER_PROFIT":35653000,"HOLDER_PROFIT_YOY":24.9229152067,"GROSS_PROFIT_RATIO":30.649696346885,"EPS_TTM":null,"OPERATE_INCOME_QOQ":15.297950498031,"NET_PROFIT_RATIO":12.9379063278,"ROE_AVG":21.099633376634,"GROSS_PROFIT_QOQ":30.783667911752,"ROA":4.180701325458,"HOLDER_PROFIT_QOQ":14.165372206954,"ROE_YEARLY":42.199266753268,"ROIC_YEARLY":8.89641908714,"TOTAL_ASSETS":856121000,"TOTAL_LIABILITIES":662057000,"TAX_EBT":30.44237262124,"OCF_SALES":4.776738244592,"TOTAL_PARENT_EQUITY":186801000,"DEBT_ASSET_RATIO":77.332176176,"OPERATE_PROFIT":50581000,"PRETAX_PROFIT":52128000,"NETCASH_OPERATE":13387000,"NETCASH_INVEST":2909000,"NETCASH_FINANCE":-6432000,"END_CASH":47508000,"DIVI_RATIO":null,"DIVIDEND_RATE":null,"CURRENT_RATIO":1.19179049509,"COMMON_ACS":2000000000,"CURRENTDEBT_DEBT":99.25006457148,"ISSUED_COMMON_SHARES":611709000,"HK_COMMON_SHARES":611709000,"PER_SHARES":1000,"TOTAL_MARKET_CAP":168219975,"HKSK_MARKET_CAP":168219975,"PE_TTM":-1.890084907605,"PB_TTM":-2.035221532975,"REPORT_DATE_SQ":"2019-06-30 00:00:00","REPORT_TYPE_SQ":"2019年中报","OPERATE_INCOME_SQ":210665000,"DPS_HKD":null,"OPERATE_INCOME_QOQ_SQ":0,"NET_PROFIT_RATIO_SQ":13.5475755346,"HOLDER_PROFIT_SQ":28540000,"HOLDER_PROFIT_QOQ_SQ":0,"ROE_AVG_SQ":null,"PE_TTM_SQ":1.319354398684,"PB_TTM_SQ":0.213995600522,"ROA_SQ":null,"START_DATE":"2020-01-01 00:00:00","FISCAL_YEAR":"12-31","CURRENCY":"HKD","IS_CNY_CODE":0,"DPS_HKD_LY":null,"ORG_TYPE":"一般企业","PREMIUM_INCOME":null,"PREMIUM_INCOME_YOY":null,"NET_INTEREST_INCOME":null,"NET_INTEREST_INCOME_YOY":null,"FEE_COMMISSION_INCOME":null,"FEE_COMMISSION_INCOME_YOY":null,"ACCOUNTS_RECE_TDAYS":0.380675153915,"INVENTORY_TDAYS":275.683687943262,"CURRENT_ASSETS_TDAYS":0.358923130713,"TOTAL_ASSETS_TDAYS":0.328628241457,"PREMIUM_EXPENSE":null,"LOAN_DEPOSIT":null,"LOAN_EQUITY":null,"LOAN_ASSETS":null,"DEPOSIT_EQUITY":null,"DEPOSIT_ASSETS":null,"EQUITY_MULTIPLIER":4.41153949212,"EQUITY_RATIO":3.544183382316}],"count":13},"success":true,"message":"ok","code":0}