{"version":"bb8ada2e3340f708e5f4e06d722fdbf9","result":{"pages":4,"data":[{"SECUCODE":"01152.HK","SECURITY_CODE":"01152","SECURITY_NAME_ABBR":"正乾金融控股","ORG_CODE":"10194491","STD_REPORT_DATE":"2024-06-30 00:00:00","REPORT_DATE":"2024-06-30 00:00:00","DATE_TYPE_CODE":"002","REPORT_TYPE":"2024年中报","PER_NETCASH_OPERATE":-0.009241117352,"PER_OI":0.305847246802,"BPS":0.104956341181,"BASIC_EPS":0.008852996,"DILUTED_EPS":0.008852996,"OPERATE_INCOME":300341996.36,"OPERATE_INCOME_YOY":-12.4452911112,"GROSS_PROFIT":19406314.84,"GROSS_PROFIT_YOY":-20.923734308573,"HOLDER_PROFIT":8659507.84,"HOLDER_PROFIT_YOY":-42.9602019959,"GROSS_PROFIT_RATIO":6.461405689246,"EPS_TTM":0.011976827536,"OPERATE_INCOME_QOQ":-6.690453077977,"NET_PROFIT_RATIO":2.8899011478,"ROE_AVG":8.709101506744,"GROSS_PROFIT_QOQ":-11.288200440915,"ROA":2.082841691519,"HOLDER_PROFIT_QOQ":-36.211762762729,"ROE_YEARLY":17.418203013489,"ROIC_YEARLY":4.368897392153,"TOTAL_ASSETS":452983162.96,"TOTAL_LIABILITIES":347266525.88,"TAX_EBT":26.267638393549,"OCF_SALES":-3.021481294651,"TOTAL_PARENT_EQUITY":103067127.04,"DEBT_ASSET_RATIO":76.6621266033,"OPERATE_PROFIT":15624168.92,"PRETAX_PROFIT":11771746.64,"NETCASH_OPERATE":-9074777.24,"NETCASH_INVEST":4563.4,"NETCASH_FINANCE":-2042577.84,"END_CASH":11156600.32,"DIVI_RATIO":null,"DIVIDEND_RATE":null,"CURRENT_RATIO":1.329515800895,"COMMON_ACS":20000000000,"CURRENTDEBT_DEBT":96.887968440778,"ISSUED_COMMON_SHARES":982000000,"HK_COMMON_SHARES":982000000,"PER_SHARES":2000,"TOTAL_MARKET_CAP":137480000,"HKSK_MARKET_CAP":137480000,"PE_TTM":10.415151515152,"PB_TTM":1.217412864834,"REPORT_DATE_SQ":"2023-06-30 00:00:00","REPORT_TYPE_SQ":"2023年中报","OPERATE_INCOME_SQ":346528948.94,"DPS_HKD":null,"OPERATE_INCOME_QOQ_SQ":96.553212691257,"NET_PROFIT_RATIO_SQ":4.413959713,"HOLDER_PROFIT_SQ":15336215.32,"HOLDER_PROFIT_QOQ_SQ":108.586491547865,"ROE_AVG_SQ":17.587227743709,"PE_TTM_SQ":1.973523031772,"PB_TTM_SQ":0.606244120414,"ROA_SQ":4.440049061021,"START_DATE":"2024-01-01 00:00:00","FISCAL_YEAR":"12-31","CURRENCY":"HKD","IS_CNY_CODE":0,"DPS_HKD_LY":null,"ORG_TYPE":"一般企业","PREMIUM_INCOME":null,"PREMIUM_INCOME_YOY":null,"NET_INTEREST_INCOME":null,"NET_INTEREST_INCOME_YOY":null,"FEE_COMMISSION_INCOME":null,"FEE_COMMISSION_INCOME_YOY":null,"ACCOUNTS_RECE_TDAYS":0.793407817458,"INVENTORY_TDAYS":21.614633803806,"CURRENT_ASSETS_TDAYS":0.73291091314,"TOTAL_ASSETS_TDAYS":0.722402292706,"PREMIUM_EXPENSE":null,"LOAN_DEPOSIT":null,"LOAN_EQUITY":null,"LOAN_ASSETS":null,"DEPOSIT_EQUITY":null,"DEPOSIT_ASSETS":null,"EQUITY_MULTIPLIER":4.284880558746,"EQUITY_RATIO":3.369323816945},{"SECUCODE":"01152.HK","SECURITY_CODE":"01152","SECURITY_NAME_ABBR":"正乾金融控股","ORG_CODE":"10194491","STD_REPORT_DATE":"2023-12-31 00:00:00","REPORT_DATE":"2023-12-31 00:00:00","DATE_TYPE_CODE":"001","REPORT_TYPE":"2023年年报","PER_NETCASH_OPERATE":0.015207331344,"PER_OI":0.70299508943,"BPS":0.09685941444,"BASIC_EPS":0.018758754,"DILUTED_EPS":0.018758754,"OPERATE_INCOME":690341177.82,"OPERATE_INCOME_YOY":132.448027438,"GROSS_PROFIT":45489525.34,"GROSS_PROFIT_YOY":120.053239952929,"HOLDER_PROFIT":18437952.12,"HOLDER_PROFIT_YOY":33.0064718572,"GROSS_PROFIT_RATIO":6.589426619987,"EPS_TTM":0.018775918656,"OPERATE_INCOME_QOQ":19.976617106436,"NET_PROFIT_RATIO":2.5656980156,"ROE_AVG":21.185915624951,"GROSS_PROFIT_QOQ":16.579928330146,"ROA":5.304066163963,"HOLDER_PROFIT_QOQ":-35.309949791949,"ROE_YEARLY":21.185915624951,"ROIC_YEARLY":5.584957452649,"TOTAL_ASSETS":375846589.02,"TOTAL_LIABILITIES":278089012.74,"TAX_EBT":22.951078172429,"OCF_SALES":2.163220138071,"TOTAL_PARENT_EQUITY":95115944.98,"DEBT_ASSET_RATIO":73.9900323334,"OPERATE_PROFIT":30711795.8,"PRETAX_PROFIT":22988082.74,"NETCASH_OPERATE":14933599.38,"NETCASH_INVEST":15405.74,"NETCASH_FINANCE":1285926.18,"END_CASH":22052863.7,"DIVI_RATIO":null,"DIVIDEND_RATE":null,"CURRENT_RATIO":1.763748951369,"COMMON_ACS":20000000000,"CURRENTDEBT_DEBT":75.359683511098,"ISSUED_COMMON_SHARES":982000000,"HK_COMMON_SHARES":982000000,"PER_SHARES":2000,"TOTAL_MARKET_CAP":73650000,"HKSK_MARKET_CAP":73650000,"PE_TTM":5.579545454545,"PB_TTM":0.652185463304,"REPORT_DATE_SQ":"2022-12-31 00:00:00","REPORT_TYPE_SQ":"2022年年报","OPERATE_INCOME_SQ":292743337.67,"DPS_HKD":null,"OPERATE_INCOME_QOQ_SQ":-1.149398047373,"NET_PROFIT_RATIO_SQ":4.6322939329,"HOLDER_PROFIT_SQ":13664351.19,"HOLDER_PROFIT_QOQ_SQ":1193.84805643101,"ROE_AVG_SQ":18.287346977812,"PE_TTM_SQ":3.101250478499,"PB_TTM_SQ":0.952669332079,"ROA_SQ":4.253360953162,"START_DATE":"2023-01-01 00:00:00","FISCAL_YEAR":"12-31","CURRENCY":"HKD","IS_CNY_CODE":0,"DPS_HKD_LY":null,"ORG_TYPE":"一般企业","PREMIUM_INCOME":null,"PREMIUM_INCOME_YOY":null,"NET_INTEREST_INCOME":null,"NET_INTEREST_INCOME_YOY":null,"FEE_COMMISSION_INCOME":null,"FEE_COMMISSION_INCOME_YOY":null,"ACCOUNTS_RECE_TDAYS":2.316549234741,"INVENTORY_TDAYS":27.003548185113,"CURRENT_ASSETS_TDAYS":2.027285743179,"TOTAL_ASSETS_TDAYS":1.985912133319,"PREMIUM_EXPENSE":null,"LOAN_DEPOSIT":null,"LOAN_EQUITY":null,"LOAN_ASSETS":null,"DEPOSIT_EQUITY":null,"DEPOSIT_ASSETS":null,"EQUITY_MULTIPLIER":3.844679904328,"EQUITY_RATIO":2.923684486323},{"SECUCODE":"01152.HK","SECURITY_CODE":"01152","SECURITY_NAME_ABBR":"正乾金融控股","ORG_CODE":"10194491","STD_REPORT_DATE":"2023-06-30 00:00:00","REPORT_DATE":"2023-06-30 00:00:00","DATE_TYPE_CODE":"002","REPORT_TYPE":"2023年中报","PER_NETCASH_OPERATE":0.007049109817,"PER_OI":0.352880803401,"BPS":0.095810809613,"BASIC_EPS":0.015581462,"DILUTED_EPS":0.015581462,"OPERATE_INCOME":346528948.94,"OPERATE_INCOME_YOY":403.2038237027,"GROSS_PROFIT":24541263.64,"GROSS_PROFIT_YOY":296.255941018244,"HOLDER_PROFIT":15336215.32,"HOLDER_PROFIT_YOY":2753.1732418525,"GROSS_PROFIT_RATIO":7.082024089205,"EPS_TTM":0.029024430489,"OPERATE_INCOME_QOQ":96.553212691257,"NET_PROFIT_RATIO":4.413959713,"ROE_AVG":17.587227743709,"GROSS_PROFIT_QOQ":88.75739855471,"ROA":4.440049061021,"HOLDER_PROFIT_QOQ":108.586491547865,"ROE_YEARLY":35.174455487418,"ROIC_YEARLY":9.239943284946,"TOTAL_ASSETS":365866557.46,"TOTAL_LIABILITIES":269052203.6,"TAX_EBT":19.328956965719,"OCF_SALES":1.997589483122,"TOTAL_PARENT_EQUITY":94086215.04,"DEBT_ASSET_RATIO":73.5383429051,"OPERATE_PROFIT":19366189.9,"PRETAX_PROFIT":18960518.7,"NETCASH_OPERATE":6922225.84,"NETCASH_INVEST":null,"NETCASH_FINANCE":-379855.76,"END_CASH":13724594.28,"DIVI_RATIO":null,"DIVIDEND_RATE":null,"CURRENT_RATIO":1.823407643312,"COMMON_ACS":20000000000,"CURRENTDEBT_DEBT":73.168391474196,"ISSUED_COMMON_SHARES":982000000,"HK_COMMON_SHARES":982000000,"PER_SHARES":2000,"TOTAL_MARKET_CAP":73650000,"HKSK_MARKET_CAP":73650000,"PE_TTM":5.579545454545,"PB_TTM":0.652185463304,"REPORT_DATE_SQ":"2022-06-30 00:00:00","REPORT_TYPE_SQ":"2022年中报","OPERATE_INCOME_SQ":63875851.48,"DPS_HKD":null,"OPERATE_INCOME_QOQ_SQ":-44.397831371284,"NET_PROFIT_RATIO_SQ":0.8434638248,"HOLDER_PROFIT_SQ":498575.77,"HOLDER_PROFIT_QOQ_SQ":-91.734646126026,"ROE_AVG_SQ":0.738554308445,"PE_TTM_SQ":3.101250478499,"PB_TTM_SQ":0.952669332079,"ROA_SQ":0.166066822669,"START_DATE":"2023-01-01 00:00:00","FISCAL_YEAR":"12-31","CURRENCY":"HKD","IS_CNY_CODE":0,"DPS_HKD_LY":null,"ORG_TYPE":"一般企业","PREMIUM_INCOME":null,"PREMIUM_INCOME_YOY":null,"NET_INTEREST_INCOME":null,"NET_INTEREST_INCOME_YOY":null,"FEE_COMMISSION_INCOME":null,"FEE_COMMISSION_INCOME_YOY":null,"ACCOUNTS_RECE_TDAYS":1.280910210905,"INVENTORY_TDAYS":6.13969392509,"CURRENT_ASSETS_TDAYS":1.025536570858,"TOTAL_ASSETS_TDAYS":1.003249825497,"PREMIUM_EXPENSE":null,"LOAN_DEPOSIT":null,"LOAN_EQUITY":null,"LOAN_ASSETS":null,"DEPOSIT_EQUITY":null,"DEPOSIT_ASSETS":null,"EQUITY_MULTIPLIER":3.779052825051,"EQUITY_RATIO":2.859634681718},{"SECUCODE":"01152.HK","SECURITY_CODE":"01152","SECURITY_NAME_ABBR":"正乾金融控股","ORG_CODE":"10194491","STD_REPORT_DATE":"2022-12-31 00:00:00","REPORT_DATE":"2022-12-31 00:00:00","DATE_TYPE_CODE":"001","REPORT_TYPE":"2022年年报","PER_NETCASH_OPERATE":-0.003681327587,"PER_OI":0.298109305163,"BPS":0.079240871935,"BASIC_EPS":0.013935012,"DILUTED_EPS":0.013935012,"OPERATE_INCOME":292743337.67,"OPERATE_INCOME_YOY":-49.6929115607,"GROSS_PROFIT":20672054.34,"GROSS_PROFIT_YOY":-55.707687265486,"HOLDER_PROFIT":13664351.19,"HOLDER_PROFIT_YOY":-2.1179933453,"GROSS_PROFIT_RATIO":7.061494380891,"EPS_TTM":0.013914817912,"OPERATE_INCOME_QOQ":-1.149398047373,"NET_PROFIT_RATIO":4.6322939329,"ROE_AVG":18.287346977812,"GROSS_PROFIT_QOQ":-27.856638991154,"ROA":4.253360953162,"HOLDER_PROFIT_QOQ":1193.84805643101,"ROE_YEARLY":18.287346977812,"ROIC_YEARLY":4.387947701469,"TOTAL_ASSETS":314827651.88,"TOTAL_LIABILITIES":234201994.95,"TAX_EBT":7.545676004872,"OCF_SALES":-1.234891874491,"TOTAL_PARENT_EQUITY":77814536.24,"DEBT_ASSET_RATIO":74.3905414761,"OPERATE_PROFIT":15444638.3,"PRETAX_PROFIT":14667493.4,"NETCASH_OPERATE":-3594518.48,"NETCASH_INVEST":13399.05,"NETCASH_FINANCE":9798278.63,"END_CASH":7314094.76,"DIVI_RATIO":null,"DIVIDEND_RATE":null,"CURRENT_RATIO":1.314420785698,"COMMON_ACS":20000000000,"CURRENTDEBT_DEBT":99.719282186243,"ISSUED_COMMON_SHARES":982000000,"HK_COMMON_SHARES":982000000,"PER_SHARES":2000,"TOTAL_MARKET_CAP":73650000,"HKSK_MARKET_CAP":73650000,"PE_TTM":5.579545454545,"PB_TTM":0.652185463304,"REPORT_DATE_SQ":"2021-12-31 00:00:00","REPORT_TYPE_SQ":"2021年年报","OPERATE_INCOME_SQ":532618161.6,"DPS_HKD":null,"OPERATE_INCOME_QOQ_SQ":-4.020350736586,"NET_PROFIT_RATIO_SQ":2.4270808868,"HOLDER_PROFIT_SQ":12777452.8,"HOLDER_PROFIT_QOQ_SQ":-45.450632734611,"ROE_AVG_SQ":21.832304210556,"PE_TTM_SQ":3.101250478499,"PB_TTM_SQ":0.952669332079,"ROA_SQ":4.17934715752,"START_DATE":"2022-01-01 00:00:00","FISCAL_YEAR":"12-31","CURRENCY":"HKD","IS_CNY_CODE":0,"DPS_HKD_LY":null,"ORG_TYPE":"一般企业","PREMIUM_INCOME":null,"PREMIUM_INCOME_YOY":null,"NET_INTEREST_INCOME":null,"NET_INTEREST_INCOME_YOY":null,"FEE_COMMISSION_INCOME":null,"FEE_COMMISSION_INCOME_YOY":null,"ACCOUNTS_RECE_TDAYS":1.03390825086,"INVENTORY_TDAYS":20.791794661752,"CURRENT_ASSETS_TDAYS":0.940980716443,"TOTAL_ASSETS_TDAYS":0.911234689764,"PREMIUM_EXPENSE":null,"LOAN_DEPOSIT":null,"LOAN_EQUITY":null,"LOAN_ASSETS":null,"DEPOSIT_EQUITY":null,"DEPOSIT_ASSETS":null,"EQUITY_MULTIPLIER":3.904807276838,"EQUITY_RATIO":3.00974607402},{"SECUCODE":"01152.HK","SECURITY_CODE":"01152","SECURITY_NAME_ABBR":"正乾金融控股","ORG_CODE":"10194491","STD_REPORT_DATE":"2022-06-30 00:00:00","REPORT_DATE":"2022-06-30 00:00:00","DATE_TYPE_CODE":"002","REPORT_TYPE":"2022年中报","PER_NETCASH_OPERATE":-0.00082558057,"PER_OI":0.065046691935,"BPS":0.067659288676,"BASIC_EPS":0.000513114,"DILUTED_EPS":0.000513114,"OPERATE_INCOME":63875851.48,"OPERATE_INCOME_YOY":-79.3073451555,"GROSS_PROFIT":6193285.98,"GROSS_PROFIT_YOY":-74.41957021331,"HOLDER_PROFIT":498575.77,"HOLDER_PROFIT_YOY":-96.0302328748,"GROSS_PROFIT_RATIO":9.695817490494,"EPS_TTM":0.001075459969,"OPERATE_INCOME_QOQ":-44.397831371284,"NET_PROFIT_RATIO":0.8434638248,"ROE_AVG":0.738554308445,"GROSS_PROFIT_QOQ":-38.605143820395,"ROA":0.166066822669,"HOLDER_PROFIT_QOQ":-91.734646126026,"ROE_YEARLY":1.477108616889,"ROIC_YEARLY":0.342129624875,"TOTAL_ASSETS":286728958.39,"TOTAL_LIABILITIES":217364497.49,"TAX_EBT":56.551724137931,"OCF_SALES":-1.269212231564,"TOTAL_PARENT_EQUITY":66441421.48,"DEBT_ASSET_RATIO":75.8083518004,"OPERATE_PROFIT":1723207.85,"PRETAX_PROFIT":1240025.5,"NETCASH_OPERATE":-810720.12,"NETCASH_INVEST":null,"NETCASH_FINANCE":-114595.46,"END_CASH":5446705.11,"DIVI_RATIO":null,"DIVIDEND_RATE":null,"CURRENT_RATIO":1.344928611163,"COMMON_ACS":20000000000,"CURRENTDEBT_DEBT":95.480995078117,"ISSUED_COMMON_SHARES":982000000,"HK_COMMON_SHARES":982000000,"PER_SHARES":2000,"TOTAL_MARKET_CAP":73650000,"HKSK_MARKET_CAP":73650000,"PE_TTM":5.579545454545,"PB_TTM":0.652185463304,"REPORT_DATE_SQ":"2021-06-30 00:00:00","REPORT_TYPE_SQ":"2021年中报","OPERATE_INCOME_SQ":300346764.72,"DPS_HKD":null,"OPERATE_INCOME_QOQ_SQ":86.276775889116,"NET_PROFIT_RATIO_SQ":3.9640224067,"HOLDER_PROFIT_SQ":12219926.88,"HOLDER_PROFIT_QOQ_SQ":516.957677640505,"ROE_AVG_SQ":20.183889721142,"PE_TTM_SQ":3.101250478499,"PB_TTM_SQ":0.952669332079,"ROA_SQ":3.425014546867,"START_DATE":"2022-01-01 00:00:00","FISCAL_YEAR":"12-31","CURRENCY":"HKD","IS_CNY_CODE":0,"DPS_HKD_LY":null,"ORG_TYPE":"一般企业","PREMIUM_INCOME":null,"PREMIUM_INCOME_YOY":null,"NET_INTEREST_INCOME":null,"NET_INTEREST_INCOME_YOY":null,"FEE_COMMISSION_INCOME":null,"FEE_COMMISSION_INCOME_YOY":null,"ACCOUNTS_RECE_TDAYS":0.236093638381,"INVENTORY_TDAYS":11.474991493705,"CURRENT_ASSETS_TDAYS":0.219911319433,"TOTAL_ASSETS_TDAYS":0.212759230168,"PREMIUM_EXPENSE":null,"LOAN_DEPOSIT":null,"LOAN_EQUITY":null,"LOAN_ASSETS":null,"DEPOSIT_EQUITY":null,"DEPOSIT_ASSETS":null,"EQUITY_MULTIPLIER":4.13365799531,"EQUITY_RATIO":3.27152087731},{"SECUCODE":"01152.HK","SECURITY_CODE":"01152","SECURITY_NAME_ABBR":"正乾金融控股","ORG_CODE":"10194491","STD_REPORT_DATE":"2021-12-31 00:00:00","REPORT_DATE":"2021-12-31 00:00:00","DATE_TYPE_CODE":"001","REPORT_TYPE":"2021年年报","PER_NETCASH_OPERATE":-0.022584742974,"PER_OI":0.542381019959,"BPS":0.06676012057,"BASIC_EPS":0.01299984,"DILUTED_EPS":0.01299984,"OPERATE_INCOME":532618161.6,"OPERATE_INCOME_YOY":84.0447171698,"GROSS_PROFIT":46671878.4,"GROSS_PROFIT_YOY":122.910695241567,"HOLDER_PROFIT":12777452.8,"HOLDER_PROFIT_YOY":246.4420305919,"GROSS_PROFIT_RATIO":8.762727553224,"EPS_TTM":0.013011662729,"OPERATE_INCOME_QOQ":-4.020350736586,"NET_PROFIT_RATIO":2.4270808868,"ROE_AVG":21.832304210556,"GROSS_PROFIT_QOQ":21.807871840865,"ROA":4.17934715752,"HOLDER_PROFIT_QOQ":-45.450632734611,"ROE_YEARLY":21.832304210556,"ROIC_YEARLY":4.32236883956,"TOTAL_ASSETS":299933289.6,"TOTAL_LIABILITIES":231488723.2,"TAX_EBT":24.35652090709,"OCF_SALES":-4.163999502641,"TOTAL_PARENT_EQUITY":65558438.4,"DEBT_ASSET_RATIO":77.1800701112,"OPERATE_PROFIT":22351548.8,"PRETAX_PROFIT":17089475.2,"NETCASH_OPERATE":-22178217.6,"NETCASH_INVEST":475025.6,"NETCASH_FINANCE":19808812.8,"END_CASH":5884267.2,"DIVI_RATIO":null,"DIVIDEND_RATE":null,"CURRENT_RATIO":1.263603779733,"COMMON_ACS":20000000000,"CURRENTDEBT_DEBT":98.639150643516,"ISSUED_COMMON_SHARES":982000000,"HK_COMMON_SHARES":982000000,"PER_SHARES":2000,"TOTAL_MARKET_CAP":73650000,"HKSK_MARKET_CAP":73650000,"PE_TTM":5.579545454545,"PB_TTM":0.652185463304,"REPORT_DATE_SQ":"2020-12-31 00:00:00","REPORT_TYPE_SQ":"2020年年报","OPERATE_INCOME_SQ":297905211.12,"DPS_HKD":null,"OPERATE_INCOME_QOQ_SQ":-5.74662695781,"NET_PROFIT_RATIO_SQ":1.3899954232,"HOLDER_PROFIT_SQ":3796638.04,"HOLDER_PROFIT_QOQ_SQ":127.247586940171,"ROE_AVG_SQ":7.833909313513,"PE_TTM_SQ":3.101250478499,"PB_TTM_SQ":0.952669332079,"ROA_SQ":1.42260205932,"START_DATE":"2021-01-01 00:00:00","FISCAL_YEAR":"12-31","CURRENCY":"HKD","IS_CNY_CODE":0,"DPS_HKD_LY":null,"ORG_TYPE":"一般企业","PREMIUM_INCOME":null,"PREMIUM_INCOME_YOY":null,"NET_INTEREST_INCOME":null,"NET_INTEREST_INCOME_YOY":null,"FEE_COMMISSION_INCOME":null,"FEE_COMMISSION_INCOME_YOY":null,"ACCOUNTS_RECE_TDAYS":2.000531271305,"INVENTORY_TDAYS":257.631989596879,"CURRENT_ASSETS_TDAYS":1.843783565773,"TOTAL_ASSETS_TDAYS":1.742128290019,"PREMIUM_EXPENSE":null,"LOAN_DEPOSIT":null,"LOAN_EQUITY":null,"LOAN_ASSETS":null,"DEPOSIT_EQUITY":null,"DEPOSIT_ASSETS":null,"EQUITY_MULTIPLIER":4.382134410022,"EQUITY_RATIO":3.531028634141},{"SECUCODE":"01152.HK","SECURITY_CODE":"01152","SECURITY_NAME_ABBR":"正乾金融控股","ORG_CODE":"10194491","STD_REPORT_DATE":"2021-06-30 00:00:00","REPORT_DATE":"2021-06-30 00:00:00","DATE_TYPE_CODE":"002","REPORT_TYPE":"2021年中报","PER_NETCASH_OPERATE":-0.000633804318,"PER_OI":0.305852102566,"BPS":0.069940475927,"BASIC_EPS":0.0124812,"DILUTED_EPS":0.0124812,"OPERATE_INCOME":300346764.72,"OPERATE_INCOME_YOY":308.588233018,"GROSS_PROFIT":24211031.76,"GROSS_PROFIT_YOY":254.349377284951,"HOLDER_PROFIT":12219926.88,"HOLDER_PROFIT_YOY":281.1074115181,"GROSS_PROFIT_RATIO":6.888918351982,"EPS_TTM":0.023853003951,"OPERATE_INCOME_QOQ":86.276775889116,"NET_PROFIT_RATIO":3.9640224067,"ROE_AVG":20.183889721142,"GROSS_PROFIT_QOQ":83.001879823323,"ROA":3.425014546867,"HOLDER_PROFIT_QOQ":516.957677640505,"ROE_YEARLY":40.367779442284,"ROIC_YEARLY":7.095097300327,"TOTAL_ASSETS":396528556.08,"TOTAL_LIABILITIES":324209154.96,"TAX_EBT":7.538104705103,"OCF_SALES":-0.17709423402,"TOTAL_PARENT_EQUITY":68681547.36,"DEBT_ASSET_RATIO":81.7618680897,"OPERATE_PROFIT":17532757.68,"PRETAX_PROFIT":15067304.64,"NETCASH_OPERATE":-622395.84,"NETCASH_INVEST":59909.76,"NETCASH_FINANCE":null,"END_CASH":9344258.4,"DIVI_RATIO":null,"DIVIDEND_RATE":null,"CURRENT_RATIO":1.387151064052,"COMMON_ACS":20000000000,"CURRENTDEBT_DEBT":83.720488557298,"ISSUED_COMMON_SHARES":982000000,"HK_COMMON_SHARES":982000000,"PER_SHARES":2000,"TOTAL_MARKET_CAP":73650000,"HKSK_MARKET_CAP":73650000,"PE_TTM":5.579545454545,"PB_TTM":0.652185463304,"REPORT_DATE_SQ":"2020-06-30 00:00:00","REPORT_TYPE_SQ":"2020年中报","OPERATE_INCOME_SQ":94425946.56,"DPS_HKD":null,"OPERATE_INCOME_QOQ_SQ":17.800398704842,"NET_PROFIT_RATIO_SQ":-7.8443322305,"HOLDER_PROFIT_SQ":-7407084.96,"HOLDER_PROFIT_QOQ_SQ":16.809328357595,"ROE_AVG_SQ":-17.18354329791,"PE_TTM_SQ":3.101250478499,"PB_TTM_SQ":0.952669332079,"ROA_SQ":-3.412268428417,"START_DATE":"2021-01-01 00:00:00","FISCAL_YEAR":"12-31","CURRENCY":"HKD","IS_CNY_CODE":0,"DPS_HKD_LY":null,"ORG_TYPE":"一般企业","PREMIUM_INCOME":null,"PREMIUM_INCOME_YOY":null,"NET_INTEREST_INCOME":null,"NET_INTEREST_INCOME_YOY":null,"FEE_COMMISSION_INCOME":null,"FEE_COMMISSION_INCOME_YOY":null,"ACCOUNTS_RECE_TDAYS":0.99013999317,"INVENTORY_TDAYS":21.010631477722,"CURRENT_ASSETS_TDAYS":1.047770250324,"TOTAL_ASSETS_TDAYS":0.985045004915,"PREMIUM_EXPENSE":null,"LOAN_DEPOSIT":null,"LOAN_EQUITY":null,"LOAN_ASSETS":null,"DEPOSIT_EQUITY":null,"DEPOSIT_ASSETS":null,"EQUITY_MULTIPLIER":5.483017695662,"EQUITY_RATIO":4.720469579123},{"SECUCODE":"01152.HK","SECURITY_CODE":"01152","SECURITY_NAME_ABBR":"正乾金融控股","ORG_CODE":"10194491","STD_REPORT_DATE":"2020-12-31 00:00:00","REPORT_DATE":"2020-12-31 00:00:00","DATE_TYPE_CODE":"001","REPORT_TYPE":"2020年年报","PER_NETCASH_OPERATE":-0.02559631222,"PER_OI":0.303365795438,"BPS":0.053978092872,"BASIC_EPS":0.003871544,"DILUTED_EPS":0.003871544,"OPERATE_INCOME":297905211.12,"OPERATE_INCOME_YOY":18.1731074201,"GROSS_PROFIT":20937478.28,"GROSS_PROFIT_YOY":30.870438487774,"HOLDER_PROFIT":3796638.04,"HOLDER_PROFIT_YOY":124.1255749278,"GROSS_PROFIT_RATIO":7.028234988332,"EPS_TTM":0.003866230183,"OPERATE_INCOME_QOQ":-5.74662695781,"NET_PROFIT_RATIO":1.3899954232,"ROE_AVG":7.833909313513,"GROSS_PROFIT_QOQ":10.579812532707,"ROA":1.42260205932,"HOLDER_PROFIT_QOQ":127.247586940171,"ROE_YEARLY":7.833909313513,"ROIC_YEARLY":1.565623611728,"TOTAL_ASSETS":320683356.08,"TOTAL_LIABILITIES":265757088.04,"TAX_EBT":4.982618771727,"OCF_SALES":-8.437441730375,"TOTAL_PARENT_EQUITY":53006487.2,"DEBT_ASSET_RATIO":82.8721176205,"OPERATE_PROFIT":8725281.88,"PRETAX_PROFIT":4358011.92,"NETCASH_OPERATE":-25135578.6,"NETCASH_INVEST":-1203545.2,"NETCASH_FINANCE":-1611740.6,"END_CASH":9879170.32,"DIVI_RATIO":null,"DIVIDEND_RATE":null,"CURRENT_RATIO":1.333839865461,"COMMON_ACS":20000000000,"CURRENTDEBT_DEBT":83.988206269932,"ISSUED_COMMON_SHARES":982000000,"HK_COMMON_SHARES":982000000,"PER_SHARES":2000,"TOTAL_MARKET_CAP":73650000,"HKSK_MARKET_CAP":73650000,"PE_TTM":5.579545454545,"PB_TTM":0.652185463304,"REPORT_DATE_SQ":"2019-12-31 00:00:00","REPORT_TYPE_SQ":"2019年年报","OPERATE_INCOME_SQ":268308504.5,"DPS_HKD":null,"OPERATE_INCOME_QOQ_SQ":148.052773487963,"NET_PROFIT_RATIO_SQ":-6.2425507053,"HOLDER_PROFIT_SQ":-16749294.44,"HOLDER_PROFIT_QOQ_SQ":10.09885765691,"ROE_AVG_SQ":-31.244569213288,"PE_TTM_SQ":3.101250478499,"PB_TTM_SQ":0.952669332079,"ROA_SQ":-9.039859407898,"START_DATE":"2020-01-01 00:00:00","FISCAL_YEAR":"12-31","CURRENCY":"HKD","IS_CNY_CODE":0,"DPS_HKD_LY":null,"ORG_TYPE":"一般企业","PREMIUM_INCOME":null,"PREMIUM_INCOME_YOY":null,"NET_INTEREST_INCOME":null,"NET_INTEREST_INCOME_YOY":null,"FEE_COMMISSION_INCOME":null,"FEE_COMMISSION_INCOME_YOY":null,"ACCOUNTS_RECE_TDAYS":1.543524712408,"INVENTORY_TDAYS":null,"CURRENT_ASSETS_TDAYS":1.26372500366,"TOTAL_ASSETS_TDAYS":1.116252227251,"PREMIUM_EXPENSE":null,"LOAN_DEPOSIT":null,"LOAN_EQUITY":null,"LOAN_ASSETS":null,"DEPOSIT_EQUITY":null,"DEPOSIT_ASSETS":null,"EQUITY_MULTIPLIER":5.838433367553,"EQUITY_RATIO":5.013671006669},{"SECUCODE":"01152.HK","SECURITY_CODE":"01152","SECURITY_NAME_ABBR":"正乾金融控股","ORG_CODE":"10194491","STD_REPORT_DATE":"2020-06-30 00:00:00","REPORT_DATE":"2020-06-30 00:00:00","DATE_TYPE_CODE":"002","REPORT_TYPE":"2020年中报","PER_NETCASH_OPERATE":0.000830653686,"PER_OI":0.096156768391,"BPS":0.039249084318,"BASIC_EPS":-0.007581552,"DILUTED_EPS":-0.007581552,"OPERATE_INCOME":94425946.56,"OPERATE_INCOME_YOY":94.8614514609,"GROSS_PROFIT":6832531.2,"GROSS_PROFIT_YOY":75.332753486893,"HOLDER_PROFIT":-7407084.96,"HOLDER_PROFIT_YOY":30.2211513639,"GROSS_PROFIT_RATIO":7.235862015594,"EPS_TTM":-0.014189257169,"OPERATE_INCOME_QOQ":17.800398704842,"NET_PROFIT_RATIO":-7.8443322305,"ROE_AVG":-17.18354329791,"GROSS_PROFIT_QOQ":18.349303991689,"ROA":-3.412268428417,"HOLDER_PROFIT_QOQ":16.809328357595,"ROE_YEARLY":-34.367086595819,"ROIC_YEARLY":-8.324714155556,"TOTAL_ASSETS":202890552.48,"TOTAL_LIABILITIES":164347951.68,"TAX_EBT":-1.654757427604,"OCF_SALES":0.863853580204,"TOTAL_PARENT_EQUITY":38542600.8,"DEBT_ASSET_RATIO":81.0032550413,"OPERATE_PROFIT":-2643495.36,"PRETAX_PROFIT":-7286510.88,"NETCASH_OPERATE":815701.92,"NETCASH_INVEST":12788.16,"NETCASH_FINANCE":-2628880.32,"END_CASH":38122418.4,"DIVI_RATIO":null,"DIVIDEND_RATE":null,"CURRENT_RATIO":1.527658662093,"COMMON_ACS":20000000000,"CURRENTDEBT_DEBT":67.398094729939,"ISSUED_COMMON_SHARES":982000000,"HK_COMMON_SHARES":982000000,"PER_SHARES":2000,"TOTAL_MARKET_CAP":73650000,"HKSK_MARKET_CAP":73650000,"PE_TTM":5.579545454545,"PB_TTM":0.652185463304,"REPORT_DATE_SQ":"2019-06-30 00:00:00","REPORT_TYPE_SQ":"2019年中报","OPERATE_INCOME_SQ":46665963,"DPS_HKD":null,"OPERATE_INCOME_QOQ_SQ":-10.314888571817,"NET_PROFIT_RATIO_SQ":-21.9057492931,"HOLDER_PROFIT_SQ":-10222528.86,"HOLDER_PROFIT_QOQ_SQ":3.384349829918,"ROE_AVG_SQ":-17.664718445274,"PE_TTM_SQ":3.101250478499,"PB_TTM_SQ":0.952669332079,"ROA_SQ":-6.614999729617,"START_DATE":"2020-01-01 00:00:00","FISCAL_YEAR":"12-31","CURRENCY":"HKD","IS_CNY_CODE":0,"DPS_HKD_LY":null,"ORG_TYPE":"一般企业","PREMIUM_INCOME":null,"PREMIUM_INCOME_YOY":null,"NET_INTEREST_INCOME":null,"NET_INTEREST_INCOME_YOY":null,"FEE_COMMISSION_INCOME":null,"FEE_COMMISSION_INCOME_YOY":null,"ACCOUNTS_RECE_TDAYS":0.793384243448,"INVENTORY_TDAYS":null,"CURRENT_ASSETS_TDAYS":0.527829050664,"TOTAL_ASSETS_TDAYS":0.434997948599,"PREMIUM_EXPENSE":null,"LOAN_DEPOSIT":null,"LOAN_EQUITY":null,"LOAN_ASSETS":null,"DEPOSIT_EQUITY":null,"DEPOSIT_ASSETS":null,"EQUITY_MULTIPLIER":5.264059722726,"EQUITY_RATIO":4.264059722716}],"count":30},"success":true,"message":"ok","code":0}