{"version":"b4708f90fd5a6017e57420f40711318b","result":{"pages":5,"data":[{"SECUCODE":"01160.HK","SECURITY_CODE":"01160","SECURITY_NAME_ABBR":"金石资本集团","ORG_CODE":"10010517","STD_REPORT_DATE":"2024-06-30 00:00:00","REPORT_DATE":"2024-09-30 00:00:00","DATE_TYPE_CODE":"002","REPORT_TYPE":"2024年中报","PER_NETCASH_OPERATE":-0.030914659319,"PER_OI":0.000159628189,"BPS":0.037284584205,"BASIC_EPS":-0.01172327,"DILUTED_EPS":-0.01172327,"OPERATE_INCOME":37875.18,"OPERATE_INCOME_YOY":-25,"GROSS_PROFIT":null,"GROSS_PROFIT_YOY":null,"HOLDER_PROFIT":-2784727.52,"HOLDER_PROFIT_YOY":34.9757843757,"GROSS_PROFIT_RATIO":null,"EPS_TTM":-0.035754415674,"OPERATE_INCOME_QOQ":0,"NET_PROFIT_RATIO":-7352.380952381,"ROE_AVG":-27.197463449005,"GROSS_PROFIT_QOQ":null,"ROA":-17.871921752467,"HOLDER_PROFIT_QOQ":0,"ROE_YEARLY":-54.39492689801,"ROIC_YEARLY":-187.891694554305,"TOTAL_ASSETS":14172531.64,"TOTAL_LIABILITIES":5325971.74,"TAX_EBT":null,"OCF_SALES":-19366.6666666667,"TOTAL_PARENT_EQUITY":8846559.9,"DEBT_ASSET_RATIO":37.5795367778,"OPERATE_PROFIT":-2779316.78,"PRETAX_PROFIT":-2784727.52,"NETCASH_OPERATE":-7335159.86,"NETCASH_INVEST":2705.37,"NETCASH_FINANCE":null,"END_CASH":8951167.54,"DIVI_RATIO":null,"DIVIDEND_RATE":null,"CURRENT_RATIO":2.661022688791,"COMMON_ACS":1000000000,"CURRENTDEBT_DEBT":100,"ISSUED_COMMON_SHARES":237271250,"HK_COMMON_SHARES":237271250,"PER_SHARES":100000,"TOTAL_MARKET_CAP":33217975,"HKSK_MARKET_CAP":33217975,"PE_TTM":-4.315704170456,"PB_TTM":3.386134046891,"REPORT_DATE_SQ":"2023-06-30 00:00:00","REPORT_TYPE_SQ":"2023年中报","OPERATE_INCOME_SQ":51387.28,"DPS_HKD":null,"OPERATE_INCOME_QOQ_SQ":0,"NET_PROFIT_RATIO_SQ":-8480.3571428571,"HOLDER_PROFIT_SQ":-4357824.87,"HOLDER_PROFIT_QOQ_SQ":0,"ROE_AVG_SQ":-23.886527676483,"PE_TTM_SQ":-6.768818135507,"PB_TTM_SQ":3.794822071172,"ROA_SQ":-18.225428867483,"START_DATE":"2024-04-01 00:00:00","FISCAL_YEAR":"3-31","CURRENCY":"HKD","IS_CNY_CODE":0,"DPS_HKD_LY":null,"ORG_TYPE":"证券","PREMIUM_INCOME":null,"PREMIUM_INCOME_YOY":null,"NET_INTEREST_INCOME":null,"NET_INTEREST_INCOME_YOY":null,"FEE_COMMISSION_INCOME":null,"FEE_COMMISSION_INCOME_YOY":null,"ACCOUNTS_RECE_TDAYS":null,"INVENTORY_TDAYS":null,"CURRENT_ASSETS_TDAYS":0.00243076656,"TOTAL_ASSETS_TDAYS":0.00243076656,"PREMIUM_EXPENSE":null,"LOAN_DEPOSIT":null,"LOAN_EQUITY":null,"LOAN_ASSETS":null,"DEPOSIT_EQUITY":null,"DEPOSIT_ASSETS":null,"EQUITY_MULTIPLIER":1.602038735984,"EQUITY_RATIO":0.602038735984},{"SECUCODE":"01160.HK","SECURITY_CODE":"01160","SECURITY_NAME_ABBR":"金石资本集团","ORG_CODE":"10010517","STD_REPORT_DATE":"2023-12-31 00:00:00","REPORT_DATE":"2024-03-31 00:00:00","DATE_TYPE_CODE":"001","REPORT_TYPE":"2023年年报","PER_NETCASH_OPERATE":-0.013552138533,"PER_OI":0.000275092747,"BPS":0.049279809079,"BASIC_EPS":-0.036262,"DILUTED_EPS":-0.036262,"OPERATE_INCOME":65271.6,"OPERATE_INCOME_YOY":-57.8947368421,"GROSS_PROFIT":null,"GROSS_PROFIT_YOY":null,"HOLDER_PROFIT":-8483494.9,"HOLDER_PROFIT_YOY":8.002359418,"GROSS_PROFIT_RATIO":null,"EPS_TTM":-0.036432668307,"OPERATE_INCOME_QOQ":0,"NET_PROFIT_RATIO":-12997.2222222222,"ROE_AVG":-53.240029584116,"GROSS_PROFIT_QOQ":null,"ROA":-38.648659810845,"HOLDER_PROFIT_QOQ":0,"ROE_YEARLY":-53.240029584116,"ROIC_YEARLY":-212.609337725775,"TOTAL_ASSETS":17080308.55,"TOTAL_LIABILITIES":5387626.65,"TAX_EBT":null,"OCF_SALES":-4926.38888888889,"TOTAL_PARENT_EQUITY":11692681.9,"DEBT_ASSET_RATIO":31.542911735,"OPERATE_PROFIT":-8473522.85,"PRETAX_PROFIT":-8483494.9,"NETCASH_OPERATE":-3215532.85,"NETCASH_INVEST":36262,"NETCASH_FINANCE":-1813.1,"END_CASH":16369573.35,"DIVI_RATIO":null,"DIVIDEND_RATE":null,"CURRENT_RATIO":3.170284368164,"COMMON_ACS":1000000000,"CURRENTDEBT_DEBT":100,"ISSUED_COMMON_SHARES":237271250,"HK_COMMON_SHARES":237271250,"PER_SHARES":100000,"TOTAL_MARKET_CAP":33217975,"HKSK_MARKET_CAP":33217975,"PE_TTM":-4.315704170456,"PB_TTM":3.386134046891,"REPORT_DATE_SQ":"2022-12-31 00:00:00","REPORT_TYPE_SQ":"2022年年报","OPERATE_INCOME_SQ":149695.11,"DPS_HKD":null,"OPERATE_INCOME_QOQ_SQ":0,"NET_PROFIT_RATIO_SQ":-5948.5380116959,"HOLDER_PROFIT_SQ":-8904670.52,"HOLDER_PROFIT_QOQ_SQ":0,"ROE_AVG_SQ":-37.202838124497,"PE_TTM_SQ":-10.3949707081,"PB_TTM_SQ":5.827762466442,"ROA_SQ":-29.00650165393,"START_DATE":"2023-04-01 00:00:00","FISCAL_YEAR":"3-31","CURRENCY":"HKD","IS_CNY_CODE":0,"DPS_HKD_LY":null,"ORG_TYPE":"证券","PREMIUM_INCOME":null,"PREMIUM_INCOME_YOY":null,"NET_INTEREST_INCOME":null,"NET_INTEREST_INCOME_YOY":null,"FEE_COMMISSION_INCOME":null,"FEE_COMMISSION_INCOME_YOY":null,"ACCOUNTS_RECE_TDAYS":null,"INVENTORY_TDAYS":null,"CURRENT_ASSETS_TDAYS":0.003015201642,"TOTAL_ASSETS_TDAYS":0.002973609218,"PREMIUM_EXPENSE":null,"LOAN_DEPOSIT":null,"LOAN_EQUITY":null,"LOAN_ASSETS":null,"DEPOSIT_EQUITY":null,"DEPOSIT_ASSETS":null,"EQUITY_MULTIPLIER":1.460769111489,"EQUITY_RATIO":0.46076911149},{"SECUCODE":"01160.HK","SECURITY_CODE":"01160","SECURITY_NAME_ABBR":"金石资本集团","ORG_CODE":"10010517","STD_REPORT_DATE":"2023-06-30 00:00:00","REPORT_DATE":"2023-09-30 00:00:00","DATE_TYPE_CODE":"002","REPORT_TYPE":"2023年中报","PER_NETCASH_OPERATE":0.000382875591,"PER_OI":0.000216576092,"BPS":0.067707100671,"BASIC_EPS":-0.0183526,"DILUTED_EPS":-0.0183526,"OPERATE_INCOME":51387.28,"OPERATE_INCOME_YOY":-44,"GROSS_PROFIT":null,"GROSS_PROFIT_YOY":null,"HOLDER_PROFIT":-4357824.87,"HOLDER_PROFIT_YOY":6.9917743831,"GROSS_PROFIT_RATIO":null,"EPS_TTM":-0.037529496389,"OPERATE_INCOME_QOQ":0,"NET_PROFIT_RATIO":-8480.3571428571,"ROE_AVG":-23.886527676483,"GROSS_PROFIT_QOQ":null,"ROA":-18.225428867483,"HOLDER_PROFIT_QOQ":0,"ROE_YEARLY":-47.773055352966,"ROIC_YEARLY":-214.377609750593,"TOTAL_ASSETS":20673286.27,"TOTAL_LIABILITIES":4608337.86,"TAX_EBT":null,"OCF_SALES":176.785714285714,"TOTAL_PARENT_EQUITY":16064948.41,"DEBT_ASSET_RATIO":22.291269031,"OPERATE_PROFIT":-4352319.09,"PRETAX_PROFIT":-4357824.87,"NETCASH_OPERATE":90845.37,"NETCASH_INVEST":22023.12,"NETCASH_FINANCE":-1835.26,"END_CASH":19900641.81,"DIVI_RATIO":null,"DIVIDEND_RATE":null,"CURRENT_RATIO":4.452608522501,"COMMON_ACS":1000000000,"CURRENTDEBT_DEBT":100,"ISSUED_COMMON_SHARES":237271250,"HK_COMMON_SHARES":237271250,"PER_SHARES":100000,"TOTAL_MARKET_CAP":33217975,"HKSK_MARKET_CAP":33217975,"PE_TTM":-4.315704170456,"PB_TTM":3.386134046891,"REPORT_DATE_SQ":"2022-06-30 00:00:00","REPORT_TYPE_SQ":"2022年中报","OPERATE_INCOME_SQ":90444,"DPS_HKD":null,"OPERATE_INCOME_QOQ_SQ":0,"NET_PROFIT_RATIO_SQ":-5106,"HOLDER_PROFIT_SQ":-4618070.64,"HOLDER_PROFIT_QOQ_SQ":0,"ROE_AVG_SQ":-17.091213389121,"PE_TTM_SQ":-10.3949707081,"PB_TTM_SQ":5.827762466442,"ROA_SQ":-13.735960723653,"START_DATE":"2023-04-01 00:00:00","FISCAL_YEAR":"3-31","CURRENCY":"HKD","IS_CNY_CODE":0,"DPS_HKD_LY":null,"ORG_TYPE":"证券","PREMIUM_INCOME":null,"PREMIUM_INCOME_YOY":null,"NET_INTEREST_INCOME":null,"NET_INTEREST_INCOME_YOY":null,"FEE_COMMISSION_INCOME":null,"FEE_COMMISSION_INCOME_YOY":null,"ACCOUNTS_RECE_TDAYS":null,"INVENTORY_TDAYS":null,"CURRENT_ASSETS_TDAYS":0.00218417255,"TOTAL_ASSETS_TDAYS":0.00214913459,"PREMIUM_EXPENSE":null,"LOAN_DEPOSIT":null,"LOAN_EQUITY":null,"LOAN_ASSETS":null,"DEPOSIT_EQUITY":null,"DEPOSIT_ASSETS":null,"EQUITY_MULTIPLIER":1.286856685897,"EQUITY_RATIO":0.286856685897},{"SECUCODE":"01160.HK","SECURITY_CODE":"01160","SECURITY_NAME_ABBR":"金石资本集团","ORG_CODE":"10010517","STD_REPORT_DATE":"2022-12-31 00:00:00","REPORT_DATE":"2023-03-31 00:00:00","DATE_TYPE_CODE":"001","REPORT_TYPE":"2022年年报","PER_NETCASH_OPERATE":-0.06485017283,"PER_OI":0.000630902859,"BPS":0.08211329843,"BASIC_EPS":-0.0350164,"DILUTED_EPS":-0.0350164,"OPERATE_INCOME":149695.11,"OPERATE_INCOME_YOY":-89.8816568047,"GROSS_PROFIT":null,"GROSS_PROFIT_YOY":null,"HOLDER_PROFIT":-8904670.52,"HOLDER_PROFIT_YOY":-68.5501242751,"GROSS_PROFIT_RATIO":null,"EPS_TTM":-0.028750774441,"OPERATE_INCOME_QOQ":0,"NET_PROFIT_RATIO":-5948.5380116959,"ROE_AVG":-37.202838124497,"GROSS_PROFIT_QOQ":null,"ROA":-29.00650165393,"HOLDER_PROFIT_QOQ":0,"ROE_YEARLY":-37.202838124497,"ROIC_YEARLY":-239.933954475764,"TOTAL_ASSETS":25899004.85,"TOTAL_LIABILITIES":6415879.89,"TAX_EBT":null,"OCF_SALES":-10278.9473684211,"TOTAL_PARENT_EQUITY":19483124.96,"DEBT_ASSET_RATIO":24.7726888626,"OPERATE_PROFIT":-8895041.01,"PRETAX_PROFIT":-8904670.52,"NETCASH_OPERATE":-15387081.57,"NETCASH_INVEST":-847396.88,"NETCASH_FINANCE":null,"END_CASH":18879092.06,"DIVI_RATIO":null,"DIVIDEND_RATE":null,"CURRENT_RATIO":3.945558739255,"COMMON_ACS":1000000000,"CURRENTDEBT_DEBT":100,"ISSUED_COMMON_SHARES":237271250,"HK_COMMON_SHARES":237271250,"PER_SHARES":100000,"TOTAL_MARKET_CAP":33217975,"HKSK_MARKET_CAP":33217975,"PE_TTM":-4.315704170456,"PB_TTM":3.386134046891,"REPORT_DATE_SQ":"2021-12-31 00:00:00","REPORT_TYPE_SQ":"2021年年报","OPERATE_INCOME_SQ":1370606.9,"DPS_HKD":null,"OPERATE_INCOME_QOQ_SQ":0,"NET_PROFIT_RATIO_SQ":-357.100591716,"HOLDER_PROFIT_SQ":-4894445.35,"HOLDER_PROFIT_QOQ_SQ":0,"ROE_AVG_SQ":-41.328539633624,"PE_TTM_SQ":-10.3949707081,"PB_TTM_SQ":5.827762466442,"ROA_SQ":-28.168685383556,"START_DATE":"2022-04-01 00:00:00","FISCAL_YEAR":"3-31","CURRENCY":"HKD","IS_CNY_CODE":0,"DPS_HKD_LY":null,"ORG_TYPE":"证券","PREMIUM_INCOME":null,"PREMIUM_INCOME_YOY":null,"NET_INTEREST_INCOME":null,"NET_INTEREST_INCOME_YOY":null,"FEE_COMMISSION_INCOME":null,"FEE_COMMISSION_INCOME_YOY":null,"ACCOUNTS_RECE_TDAYS":null,"INVENTORY_TDAYS":null,"CURRENT_ASSETS_TDAYS":0.004923626208,"TOTAL_ASSETS_TDAYS":0.004876240447,"PREMIUM_EXPENSE":null,"LOAN_DEPOSIT":null,"LOAN_EQUITY":null,"LOAN_ASSETS":null,"DEPOSIT_EQUITY":null,"DEPOSIT_ASSETS":null,"EQUITY_MULTIPLIER":1.329304457225,"EQUITY_RATIO":0.329304457225},{"SECUCODE":"01160.HK","SECURITY_CODE":"01160","SECURITY_NAME_ABBR":"金石资本集团","ORG_CODE":"10010517","STD_REPORT_DATE":"2022-06-30 00:00:00","REPORT_DATE":"2022-09-30 00:00:00","DATE_TYPE_CODE":"002","REPORT_TYPE":"2022年中报","PER_NETCASH_OPERATE":-0.026206398795,"PER_OI":0.000381183982,"BPS":0.10414708769,"BASIC_EPS":-0.01944546,"DILUTED_EPS":-0.01944546,"OPERATE_INCOME":90444,"OPERATE_INCOME_YOY":-79.381443299,"GROSS_PROFIT":null,"GROSS_PROFIT_YOY":null,"HOLDER_PROFIT":-4618070.64,"HOLDER_PROFIT_YOY":-58.080495356,"GROSS_PROFIT_RATIO":null,"EPS_TTM":-0.020628059025,"OPERATE_INCOME_QOQ":0,"NET_PROFIT_RATIO":-5106,"ROE_AVG":-17.091213389121,"GROSS_PROFIT_QOQ":null,"ROA":-13.735960723653,"HOLDER_PROFIT_QOQ":0,"ROE_YEARLY":-34.182426778243,"ROIC_YEARLY":-343.433664032285,"TOTAL_ASSETS":30564645.36,"TOTAL_LIABILITIES":5853535.68,"TAX_EBT":null,"OCF_SALES":-6875,"TOTAL_PARENT_EQUITY":24711109.68,"DEBT_ASSET_RATIO":19.1513286382,"OPERATE_PROFIT":-4612644,"PRETAX_PROFIT":-4618070.64,"NETCASH_OPERATE":-6218025,"NETCASH_INVEST":-4458889.2,"NETCASH_FINANCE":null,"END_CASH":25601983.08,"DIVI_RATIO":null,"DIVIDEND_RATE":null,"CURRENT_RATIO":5.221260815822,"COMMON_ACS":1000000000,"CURRENTDEBT_DEBT":100,"ISSUED_COMMON_SHARES":237271250,"HK_COMMON_SHARES":237271250,"PER_SHARES":100000,"TOTAL_MARKET_CAP":33217975,"HKSK_MARKET_CAP":33217975,"PE_TTM":-4.315704170456,"PB_TTM":3.386134046891,"REPORT_DATE_SQ":"2021-06-30 00:00:00","REPORT_TYPE_SQ":"2021年中报","OPERATE_INCOME_SQ":404034.1,"DPS_HKD":null,"OPERATE_INCOME_QOQ_SQ":0,"NET_PROFIT_RATIO_SQ":-665.9793814433,"HOLDER_PROFIT_SQ":-2690783.8,"HOLDER_PROFIT_QOQ_SQ":0,"ROE_AVG_SQ":66.763125258371,"PE_TTM_SQ":-10.3949707081,"PB_TTM_SQ":5.827762466442,"ROA_SQ":-190.223792697291,"START_DATE":"2022-04-01 00:00:00","FISCAL_YEAR":"3-31","CURRENCY":"HKD","IS_CNY_CODE":0,"DPS_HKD_LY":null,"ORG_TYPE":"证券","PREMIUM_INCOME":null,"PREMIUM_INCOME_YOY":null,"NET_INTEREST_INCOME":null,"NET_INTEREST_INCOME_YOY":null,"FEE_COMMISSION_INCOME":null,"FEE_COMMISSION_INCOME_YOY":null,"ACCOUNTS_RECE_TDAYS":0.184842883549,"INVENTORY_TDAYS":null,"CURRENT_ASSETS_TDAYS":0.00269048644,"TOTAL_ASSETS_TDAYS":0.002690160737,"PREMIUM_EXPENSE":null,"LOAN_DEPOSIT":null,"LOAN_EQUITY":null,"LOAN_ASSETS":null,"DEPOSIT_EQUITY":null,"DEPOSIT_ASSETS":null,"EQUITY_MULTIPLIER":1.236878705805,"EQUITY_RATIO":0.236878705805},{"SECUCODE":"01160.HK","SECURITY_CODE":"01160","SECURITY_NAME_ABBR":"金石资本集团","ORG_CODE":"10010517","STD_REPORT_DATE":"2021-12-31 00:00:00","REPORT_DATE":"2022-03-31 00:00:00","DATE_TYPE_CODE":"001","REPORT_TYPE":"2021年年报","PER_NETCASH_OPERATE":-0.011091640686,"PER_OI":0.005776540141,"BPS":0.110841209291,"BASIC_EPS":-0.0243303,"DILUTED_EPS":-0.0243303,"OPERATE_INCOME":1370606.9,"OPERATE_INCOME_YOY":403.4111310592,"GROSS_PROFIT":null,"GROSS_PROFIT_YOY":null,"HOLDER_PROFIT":-4894445.35,"HOLDER_PROFIT_YOY":27.9746986514,"GROSS_PROFIT_RATIO":null,"EPS_TTM":-0.035572617477,"OPERATE_INCOME_QOQ":0,"NET_PROFIT_RATIO":-357.100591716,"ROE_AVG":-41.328539633624,"GROSS_PROFIT_QOQ":null,"ROA":-28.168685383556,"HOLDER_PROFIT_QOQ":0,"ROE_YEARLY":-41.328539633624,"ROIC_YEARLY":-843.466107617051,"TOTAL_ASSETS":32887266.51,"TOTAL_LIABILITIES":6587834.23,"TAX_EBT":null,"OCF_SALES":-192.011834319527,"TOTAL_PARENT_EQUITY":26299432.28,"DEBT_ASSET_RATIO":20.0315651895,"OPERATE_PROFIT":-4784959,"PRETAX_PROFIT":-4894445.35,"NETCASH_OPERATE":-2631727.45,"NETCASH_INVEST":null,"NETCASH_FINANCE":34069719.09,"END_CASH":32514201.91,"DIVI_RATIO":null,"DIVIDEND_RATE":null,"CURRENT_RATIO":4.991259386926,"COMMON_ACS":1000000000,"CURRENTDEBT_DEBT":100,"ISSUED_COMMON_SHARES":237271250,"HK_COMMON_SHARES":237271250,"PER_SHARES":100000,"TOTAL_MARKET_CAP":33217975,"HKSK_MARKET_CAP":33217975,"PE_TTM":-4.315704170456,"PB_TTM":3.386134046891,"REPORT_DATE_SQ":"2020-12-31 00:00:00","REPORT_TYPE_SQ":"2020年年报","OPERATE_INCOME_SQ":-470765.26,"DPS_HKD":null,"OPERATE_INCOME_QOQ_SQ":0,"NET_PROFIT_RATIO_SQ":null,"HOLDER_PROFIT_SQ":-7081763.22,"HOLDER_PROFIT_QOQ_SQ":0,"ROE_AVG_SQ":-866.94257630626,"PE_TTM_SQ":-10.3949707081,"PB_TTM_SQ":5.827762466442,"ROA_SQ":-187.470634299139,"START_DATE":"2021-04-01 00:00:00","FISCAL_YEAR":"3-31","CURRENCY":"HKD","IS_CNY_CODE":0,"DPS_HKD_LY":null,"ORG_TYPE":"证券","PREMIUM_INCOME":null,"PREMIUM_INCOME_YOY":null,"NET_INTEREST_INCOME":null,"NET_INTEREST_INCOME_YOY":null,"FEE_COMMISSION_INCOME":null,"FEE_COMMISSION_INCOME_YOY":null,"ACCOUNTS_RECE_TDAYS":null,"INVENTORY_TDAYS":null,"CURRENT_ASSETS_TDAYS":0.079080976112,"TOTAL_ASSETS_TDAYS":0.078881654181,"PREMIUM_EXPENSE":null,"LOAN_DEPOSIT":null,"LOAN_EQUITY":null,"LOAN_ASSETS":null,"DEPOSIT_EQUITY":null,"DEPOSIT_ASSETS":null,"EQUITY_MULTIPLIER":1.250493400765,"EQUITY_RATIO":0.250493400765},{"SECUCODE":"01160.HK","SECURITY_CODE":"01160","SECURITY_NAME_ABBR":"金石资本集团","ORG_CODE":"10010517","STD_REPORT_DATE":"2021-06-30 00:00:00","REPORT_DATE":"2021-09-30 00:00:00","DATE_TYPE_CODE":"002","REPORT_TYPE":"2021年中报","PER_NETCASH_OPERATE":-0.005129489815,"PER_OI":0.002338160301,"BPS":-0.02265650044,"BASIC_EPS":-0.015578222,"DILUTED_EPS":-0.015578222,"OPERATE_INCOME":404034.1,"OPERATE_INCOME_YOY":300.826446281,"GROSS_PROFIT":null,"GROSS_PROFIT_YOY":null,"HOLDER_PROFIT":-2690783.8,"HOLDER_PROFIT_YOY":21.7159476491,"GROSS_PROFIT_RATIO":null,"EPS_TTM":-0.040982426042,"OPERATE_INCOME_QOQ":0,"NET_PROFIT_RATIO":-665.9793814433,"ROE_AVG":66.763125258371,"GROSS_PROFIT_QOQ":null,"ROA":-190.223792697291,"HOLDER_PROFIT_QOQ":0,"ROE_YEARLY":133.526250516742,"ROIC_YEARLY":-951.39911634757,"TOTAL_ASSETS":914699.88,"TOTAL_LIABILITIES":6290436.06,"TAX_EBT":null,"OCF_SALES":-219.381443298969,"TOTAL_PARENT_EQUITY":-5375736.18,"DEBT_ASSET_RATIO":687.7049180328,"OPERATE_PROFIT":-2686618.5,"PRETAX_PROFIT":-2690783.8,"NETCASH_OPERATE":-886375.84,"NETCASH_INVEST":null,"NETCASH_FINANCE":373210.88,"END_CASH":592305.66,"DIVI_RATIO":null,"DIVIDEND_RATE":null,"CURRENT_RATIO":0.306456160135,"COMMON_ACS":1000000000,"CURRENTDEBT_DEBT":46.973910740299,"ISSUED_COMMON_SHARES":237271250,"HK_COMMON_SHARES":237271250,"PER_SHARES":100000,"TOTAL_MARKET_CAP":33217975,"HKSK_MARKET_CAP":33217975,"PE_TTM":-4.315704170456,"PB_TTM":3.386134046891,"REPORT_DATE_SQ":"2020-06-30 00:00:00","REPORT_TYPE_SQ":"2020年中报","OPERATE_INCOME_SQ":106325.12,"DPS_HKD":null,"OPERATE_INCOME_QOQ_SQ":0,"NET_PROFIT_RATIO_SQ":-3409.9173553719,"HOLDER_PROFIT_SQ":-3625598.72,"HOLDER_PROFIT_QOQ_SQ":0,"ROE_AVG_SQ":-133.39799547365,"PE_TTM_SQ":-10.3949707081,"PB_TTM_SQ":5.827762466442,"ROA_SQ":-88.807576409815,"START_DATE":"2021-04-01 00:00:00","FISCAL_YEAR":"3-31","CURRENCY":"HKD","IS_CNY_CODE":0,"DPS_HKD_LY":null,"ORG_TYPE":"证券","PREMIUM_INCOME":null,"PREMIUM_INCOME_YOY":null,"NET_INTEREST_INCOME":null,"NET_INTEREST_INCOME_YOY":null,"FEE_COMMISSION_INCOME":null,"FEE_COMMISSION_INCOME_YOY":null,"ACCOUNTS_RECE_TDAYS":null,"INVENTORY_TDAYS":null,"CURRENT_ASSETS_TDAYS":0.295371498173,"TOTAL_ASSETS_TDAYS":0.285630153121,"PREMIUM_EXPENSE":null,"LOAN_DEPOSIT":null,"LOAN_EQUITY":null,"LOAN_ASSETS":null,"DEPOSIT_EQUITY":null,"DEPOSIT_ASSETS":null,"EQUITY_MULTIPLIER":-0.170153417015,"EQUITY_RATIO":-1.170153417015},{"SECUCODE":"01160.HK","SECURITY_CODE":"01160","SECURITY_NAME_ABBR":"金石资本集团","ORG_CODE":"10010517","STD_REPORT_DATE":"2020-12-31 00:00:00","REPORT_DATE":"2021-03-31 00:00:00","DATE_TYPE_CODE":"001","REPORT_TYPE":"2020年年报","PER_NETCASH_OPERATE":-0.027825399421,"PER_OI":-0.002724335995,"BPS":-0.011480595057,"BASIC_EPS":-0.0338072,"DILUTED_EPS":-0.0338072,"OPERATE_INCOME":-470765.26,"OPERATE_INCOME_YOY":47.6011288805,"GROSS_PROFIT":null,"GROSS_PROFIT_YOY":null,"HOLDER_PROFIT":-7081763.22,"HOLDER_PROFIT_YOY":17.9735682819,"GROSS_PROFIT_RATIO":null,"EPS_TTM":-0.0494322989,"OPERATE_INCOME_QOQ":0,"NET_PROFIT_RATIO":null,"ROE_AVG":-866.94257630626,"GROSS_PROFIT_QOQ":null,"ROA":-187.470634299139,"HOLDER_PROFIT_QOQ":0,"ROE_YEARLY":-866.94257630626,"ROIC_YEARLY":-477.844311377245,"TOTAL_ASSETS":1942223.64,"TOTAL_LIABILITIES":4666238.78,"TAX_EBT":null,"OCF_SALES":null,"TOTAL_PARENT_EQUITY":-2724015.14,"DEBT_ASSET_RATIO":240.2523933856,"OPERATE_PROFIT":-7064859.62,"PRETAX_PROFIT":-7081763.22,"NETCASH_OPERATE":-4808229.02,"NETCASH_INVEST":-1690.36,"NETCASH_FINANCE":2462009.34,"END_CASH":1121553.86,"DIVI_RATIO":null,"DIVIDEND_RATE":null,"CURRENT_RATIO":0.397935156675,"COMMON_ACS":1000000000,"CURRENTDEBT_DEBT":100,"ISSUED_COMMON_SHARES":237271250,"HK_COMMON_SHARES":237271250,"PER_SHARES":100000,"TOTAL_MARKET_CAP":33217975,"HKSK_MARKET_CAP":33217975,"PE_TTM":-4.315704170456,"PB_TTM":3.386134046891,"REPORT_DATE_SQ":"2019-12-31 00:00:00","REPORT_TYPE_SQ":"2019年年报","OPERATE_INCOME_SQ":-971263.1,"DPS_HKD":null,"OPERATE_INCOME_QOQ_SQ":0,"NET_PROFIT_RATIO_SQ":null,"HOLDER_PROFIT_SQ":-9333445.5,"HOLDER_PROFIT_QOQ_SQ":0,"ROE_AVG_SQ":-99.527451649048,"PE_TTM_SQ":-10.3949707081,"PB_TTM_SQ":5.827762466442,"ROA_SQ":-90.808071828607,"START_DATE":"2020-04-01 00:00:00","FISCAL_YEAR":"3-31","CURRENCY":"HKD","IS_CNY_CODE":0,"DPS_HKD_LY":null,"ORG_TYPE":"证券","PREMIUM_INCOME":null,"PREMIUM_INCOME_YOY":null,"NET_INTEREST_INCOME":null,"NET_INTEREST_INCOME_YOY":null,"FEE_COMMISSION_INCOME":null,"FEE_COMMISSION_INCOME_YOY":null,"ACCOUNTS_RECE_TDAYS":-1.271689497717,"INVENTORY_TDAYS":null,"CURRENT_ASSETS_TDAYS":-0.137057086614,"TOTAL_ASSETS_TDAYS":-0.124622440989,"PREMIUM_EXPENSE":null,"LOAN_DEPOSIT":null,"LOAN_EQUITY":null,"LOAN_ASSETS":null,"DEPOSIT_EQUITY":null,"DEPOSIT_ASSETS":null,"EQUITY_MULTIPLIER":-0.71300031027,"EQUITY_RATIO":-1.71300031027},{"SECUCODE":"01160.HK","SECURITY_CODE":"01160","SECURITY_NAME_ABBR":"金石资本集团","ORG_CODE":"10010517","STD_REPORT_DATE":"2020-06-30 00:00:00","REPORT_DATE":"2020-09-30 00:00:00","DATE_TYPE_CODE":"002","REPORT_TYPE":"2020年中报","PER_NETCASH_OPERATE":-0.016516681481,"PER_OI":0.000615307407,"BPS":0.003814543903,"BASIC_EPS":-0.021001408,"DILUTED_EPS":-0.021001408,"OPERATE_INCOME":106325.12,"OPERATE_INCOME_YOY":450,"GROSS_PROFIT":null,"GROSS_PROFIT_YOY":null,"HOLDER_PROFIT":-3625598.72,"HOLDER_PROFIT_YOY":15.7443332653,"GROSS_PROFIT_RATIO":null,"EPS_TTM":-0.054012994792,"OPERATE_INCOME_QOQ":0,"NET_PROFIT_RATIO":-3409.9173553719,"ROE_AVG":-133.39799547365,"GROSS_PROFIT_QOQ":null,"ROA":-88.807576409815,"HOLDER_PROFIT_QOQ":0,"ROE_YEARLY":-266.7959909473,"ROIC_YEARLY":-358.315240990013,"TOTAL_ASSETS":2329486.72,"TOTAL_LIABILITIES":1424405.12,"TAX_EBT":null,"OCF_SALES":-2684.29752066116,"TOTAL_PARENT_EQUITY":905081.6,"DEBT_ASSET_RATIO":61.1467370803,"OPERATE_PROFIT":-3613296.64,"PRETAX_PROFIT":-3625598.72,"NETCASH_OPERATE":-2854082.56,"NETCASH_INVEST":-878.72,"NETCASH_FINANCE":-241648,"END_CASH":510536.32,"DIVI_RATIO":null,"DIVIDEND_RATE":null,"CURRENT_RATIO":1.397285626157,"COMMON_ACS":1000000000,"CURRENTDEBT_DEBT":100,"ISSUED_COMMON_SHARES":237271250,"HK_COMMON_SHARES":237271250,"PER_SHARES":100000,"TOTAL_MARKET_CAP":33217975,"HKSK_MARKET_CAP":33217975,"PE_TTM":-4.315704170456,"PB_TTM":3.386134046891,"REPORT_DATE_SQ":"2019-06-30 00:00:00","REPORT_TYPE_SQ":"2019年中报","OPERATE_INCOME_SQ":19844.22,"DPS_HKD":null,"OPERATE_INCOME_QOQ_SQ":0,"NET_PROFIT_RATIO_SQ":-22259.0909090909,"HOLDER_PROFIT_SQ":-4417142.97,"HOLDER_PROFIT_QOQ_SQ":0,"ROE_AVG_SQ":-37.895144128458,"PE_TTM_SQ":-10.3949707081,"PB_TTM_SQ":5.827762466442,"ROA_SQ":-35.422619262903,"START_DATE":"2020-04-01 00:00:00","FISCAL_YEAR":"3-31","CURRENCY":"HKD","IS_CNY_CODE":0,"DPS_HKD_LY":null,"ORG_TYPE":"证券","PREMIUM_INCOME":null,"PREMIUM_INCOME_YOY":null,"NET_INTEREST_INCOME":null,"NET_INTEREST_INCOME_YOY":null,"FEE_COMMISSION_INCOME":null,"FEE_COMMISSION_INCOME_YOY":null,"ACCOUNTS_RECE_TDAYS":null,"INVENTORY_TDAYS":null,"CURRENT_ASSETS_TDAYS":0.029526598341,"TOTAL_ASSETS_TDAYS":0.026043908739,"PREMIUM_EXPENSE":null,"LOAN_DEPOSIT":null,"LOAN_EQUITY":null,"LOAN_ASSETS":null,"DEPOSIT_EQUITY":null,"DEPOSIT_ASSETS":null,"EQUITY_MULTIPLIER":2.573786407764,"EQUITY_RATIO":1.573786407767}],"count":43},"success":true,"message":"ok","code":0}