{"version":"2563e2d070d8a550c8806abfeb118783","result":{"pages":4,"data":[{"SECUCODE":"01162.HK","SECURITY_CODE":"01162","SECURITY_NAME_ABBR":"莹岚集团","ORG_CODE":"10575621","STD_REPORT_DATE":"2024-06-30 00:00:00","REPORT_DATE":"2024-09-30 00:00:00","DATE_TYPE_CODE":"002","REPORT_TYPE":"2024年中报","PER_NETCASH_OPERATE":0.000876239283,"PER_OI":0.021406991617,"BPS":0.122135431633,"BASIC_EPS":-0.003877697,"DILUTED_EPS":null,"OPERATE_INCOME":12844194.97,"OPERATE_INCOME_YOY":-47.7474502898,"GROSS_PROFIT":1767508.4,"GROSS_PROFIT_YOY":-22.363290783392,"HOLDER_PROFIT":-2304073.45,"HOLDER_PROFIT_YOY":63.717693837,"GROSS_PROFIT_RATIO":13.76114582602,"EPS_TTM":-0.0450102075,"OPERATE_INCOME_QOQ":0,"NET_PROFIT_RATIO":-54.6935336657,"ROE_AVG":-3.098941750811,"GROSS_PROFIT_QOQ":0,"ROA":-2.8531546622,"HOLDER_PROFIT_QOQ":0,"ROE_YEARLY":-6.197883501622,"ROIC_YEARLY":-7.132239537172,"TOTAL_ASSETS":75506876.7,"TOTAL_LIABILITIES":7036667.37,"TAX_EBT":null,"OCF_SALES":4.093238783964,"TOTAL_PARENT_EQUITY":73281258.98,"DEBT_ASSET_RATIO":9.3192404156,"OPERATE_PROFIT":-6946488.37,"PRETAX_PROFIT":-7024944.1,"NETCASH_OPERATE":525743.57,"NETCASH_INVEST":-3443034.22,"NETCASH_FINANCE":-1342765.31,"END_CASH":16419792.32,"DIVI_RATIO":null,"DIVIDEND_RATE":null,"CURRENT_RATIO":10.429278536073,"COMMON_ACS":10000000000,"CURRENTDEBT_DEBT":85.441496860182,"ISSUED_COMMON_SHARES":600000000,"HK_COMMON_SHARES":600000000,"PER_SHARES":8000,"TOTAL_MARKET_CAP":66600000,"HKSK_MARKET_CAP":66600000,"PE_TTM":-2.632098960598,"PB_TTM":0.819571263321,"REPORT_DATE_SQ":"2023-06-30 00:00:00","REPORT_TYPE_SQ":"2023年中报","OPERATE_INCOME_SQ":25012758.54,"DPS_HKD":null,"OPERATE_INCOME_QOQ_SQ":0,"NET_PROFIT_RATIO_SQ":-30.4020837919,"HOLDER_PROFIT_SQ":-6461950.46,"HOLDER_PROFIT_QOQ_SQ":0,"ROE_AVG_SQ":-6.440166445654,"PE_TTM_SQ":-4.193151186396,"PB_TTM_SQ":1.198595930481,"ROA_SQ":-5.852215356871,"START_DATE":"2024-04-01 00:00:00","FISCAL_YEAR":"3-31","CURRENCY":"HKD","IS_CNY_CODE":0,"DPS_HKD_LY":null,"ORG_TYPE":"一般企业","PREMIUM_INCOME":null,"PREMIUM_INCOME_YOY":null,"NET_INTEREST_INCOME":null,"NET_INTEREST_INCOME_YOY":null,"FEE_COMMISSION_INCOME":null,"FEE_COMMISSION_INCOME_YOY":null,"ACCOUNTS_RECE_TDAYS":2.010871099816,"INVENTORY_TDAYS":null,"CURRENT_ASSETS_TDAYS":0.188999469214,"TOTAL_ASSETS_TDAYS":0.159050809604,"PREMIUM_EXPENSE":null,"LOAN_DEPOSIT":null,"LOAN_EQUITY":null,"LOAN_ASSETS":null,"DEPOSIT_EQUITY":null,"DEPOSIT_ASSETS":null,"EQUITY_MULTIPLIER":1.102769765696,"EQUITY_RATIO":0.096022741257},{"SECUCODE":"01162.HK","SECURITY_CODE":"01162","SECURITY_NAME_ABBR":"莹岚集团","ORG_CODE":"10575621","STD_REPORT_DATE":"2023-12-31 00:00:00","REPORT_DATE":"2024-03-31 00:00:00","DATE_TYPE_CODE":"001","REPORT_TYPE":"2023年年报","PER_NETCASH_OPERATE":-0.02671149575,"PER_OI":0.070241004917,"BPS":0.126362493583,"BASIC_EPS":-0.045055535,"DILUTED_EPS":null,"OPERATE_INCOME":42144602.95,"OPERATE_INCOME_YOY":-40.7390883133,"GROSS_PROFIT":3637078.6,"GROSS_PROFIT_YOY":-60.230549663585,"HOLDER_PROFIT":-27006124.5,"HOLDER_PROFIT_YOY":-21.9951676973,"GROSS_PROFIT_RATIO":8.629998494267,"EPS_TTM":-0.044269196617,"OPERATE_INCOME_QOQ":0,"NET_PROFIT_RATIO":-64.0796747618,"ROE_AVG":-30.212981744422,"GROSS_PROFIT_QOQ":0,"ROA":-27.075295496994,"HOLDER_PROFIT_QOQ":0,"ROE_YEARLY":-30.212981744422,"ROIC_YEARLY":-40.034941540116,"TOTAL_ASSETS":86457673.5,"TOTAL_LIABILITIES":10640177.35,"TAX_EBT":-1.908866995074,"OCF_SALES":-38.028350792661,"TOTAL_PARENT_EQUITY":75817496.15,"DEBT_ASSET_RATIO":12.306805075,"OPERATE_PROFIT":-26290856.55,"PRETAX_PROFIT":-26500269.6,"NETCASH_OPERATE":-16026897.45,"NETCASH_INVEST":-3326131.95,"NETCASH_FINANCE":-3526479.5,"END_CASH":20790817.7,"DIVI_RATIO":null,"DIVIDEND_RATE":null,"CURRENT_RATIO":8.992910943731,"COMMON_ACS":10000000000,"CURRENTDEBT_DEBT":76.919144585499,"ISSUED_COMMON_SHARES":600000000,"HK_COMMON_SHARES":600000000,"PER_SHARES":8000,"TOTAL_MARKET_CAP":96000000,"HKSK_MARKET_CAP":96000000,"PE_TTM":-3.79401651978,"PB_TTM":1.181363983166,"REPORT_DATE_SQ":"2022-12-31 00:00:00","REPORT_TYPE_SQ":"2022年年报","OPERATE_INCOME_SQ":68674163.68,"DPS_HKD":null,"OPERATE_INCOME_QOQ_SQ":0,"NET_PROFIT_RATIO_SQ":-31.1276259433,"HOLDER_PROFIT_SQ":-21376636.79,"HOLDER_PROFIT_QOQ_SQ":0,"ROE_AVG_SQ":-19.414596526378,"PE_TTM_SQ":-5.491031315518,"PB_TTM_SQ":1.569589908964,"ROA_SQ":-17.921215345944,"START_DATE":"2023-04-01 00:00:00","FISCAL_YEAR":"3-31","CURRENCY":"HKD","IS_CNY_CODE":0,"DPS_HKD_LY":null,"ORG_TYPE":"一般企业","PREMIUM_INCOME":null,"PREMIUM_INCOME_YOY":null,"NET_INTEREST_INCOME":null,"NET_INTEREST_INCOME_YOY":null,"FEE_COMMISSION_INCOME":null,"FEE_COMMISSION_INCOME_YOY":null,"ACCOUNTS_RECE_TDAYS":5.412935902661,"INVENTORY_TDAYS":null,"CURRENT_ASSETS_TDAYS":0.465795973168,"TOTAL_ASSETS_TDAYS":0.422525482497,"PREMIUM_EXPENSE":null,"LOAN_DEPOSIT":null,"LOAN_EQUITY":null,"LOAN_ASSETS":null,"DEPOSIT_EQUITY":null,"DEPOSIT_ASSETS":null,"EQUITY_MULTIPLIER":1.140339339735,"EQUITY_RATIO":0.140339339734},{"SECUCODE":"01162.HK","SECURITY_CODE":"01162","SECURITY_NAME_ABBR":"莹岚集团","ORG_CODE":"10575621","STD_REPORT_DATE":"2023-06-30 00:00:00","REPORT_DATE":"2023-09-30 00:00:00","DATE_TYPE_CODE":"002","REPORT_TYPE":"2023年中报","PER_NETCASH_OPERATE":-0.0204539727,"PER_OI":0.0416879309,"BPS":0.16077336415,"BASIC_EPS":-0.010736271,"DILUTED_EPS":null,"OPERATE_INCOME":25012758.54,"OPERATE_INCOME_YOY":-38.5278065942,"GROSS_PROFIT":2276640.03,"GROSS_PROFIT_YOY":-75.639388988837,"HOLDER_PROFIT":-6461950.46,"HOLDER_PROFIT_YOY":-398.7252124646,"GROSS_PROFIT_RATIO":9.101915034118,"EPS_TTM":-0.035627727983,"OPERATE_INCOME_QOQ":0,"NET_PROFIT_RATIO":-30.4020837919,"ROE_AVG":-6.440166445654,"GROSS_PROFIT_QOQ":0,"ROA":-5.852215356871,"HOLDER_PROFIT_QOQ":0,"ROE_YEARLY":-12.880332891307,"ROIC_YEARLY":-17.476872677185,"TOTAL_ASSETS":106424892.14,"TOTAL_LIABILITIES":9960873.65,"TAX_EBT":null,"OCF_SALES":-49.064494827207,"TOTAL_PARENT_EQUITY":96464018.49,"DEBT_ASSET_RATIO":9.3595337047,"OPERATE_PROFIT":-7486943.17,"PRETAX_PROFIT":-7604399.81,"NETCASH_OPERATE":-12272383.62,"NETCASH_INVEST":-1443431.99,"NETCASH_FINANCE":-1840765.78,"END_CASH":28619962.07,"DIVI_RATIO":null,"DIVIDEND_RATE":null,"CURRENT_RATIO":12.900838863153,"COMMON_ACS":10000000000,"CURRENTDEBT_DEBT":73.578995854445,"ISSUED_COMMON_SHARES":600000000,"HK_COMMON_SHARES":600000000,"PER_SHARES":8000,"TOTAL_MARKET_CAP":96000000,"HKSK_MARKET_CAP":96000000,"PE_TTM":-3.79401651978,"PB_TTM":1.181363983166,"REPORT_DATE_SQ":"2022-06-30 00:00:00","REPORT_TYPE_SQ":"2022年中报","OPERATE_INCOME_SQ":40104678.48,"DPS_HKD":null,"OPERATE_INCOME_QOQ_SQ":0,"NET_PROFIT_RATIO_SQ":-3.1843399035,"HOLDER_PROFIT_SQ":-1277069.28,"HOLDER_PROFIT_QOQ_SQ":0,"ROE_AVG_SQ":-1.028554778555,"PE_TTM_SQ":-5.491031315518,"PB_TTM_SQ":1.569589908964,"ROA_SQ":-0.9563026576,"START_DATE":"2023-04-01 00:00:00","FISCAL_YEAR":"3-31","CURRENCY":"HKD","IS_CNY_CODE":0,"DPS_HKD_LY":null,"ORG_TYPE":"一般企业","PREMIUM_INCOME":null,"PREMIUM_INCOME_YOY":null,"NET_INTEREST_INCOME":null,"NET_INTEREST_INCOME_YOY":null,"FEE_COMMISSION_INCOME":null,"FEE_COMMISSION_INCOME_YOY":null,"ACCOUNTS_RECE_TDAYS":3.090651397472,"INVENTORY_TDAYS":null,"CURRENT_ASSETS_TDAYS":0.24616412748,"TOTAL_ASSETS_TDAYS":0.226526109341,"PREMIUM_EXPENSE":null,"LOAN_DEPOSIT":null,"LOAN_EQUITY":null,"LOAN_ASSETS":null,"DEPOSIT_EQUITY":null,"DEPOSIT_ASSETS":null,"EQUITY_MULTIPLIER":1.103259990678,"EQUITY_RATIO":0.103259990678},{"SECUCODE":"01162.HK","SECURITY_CODE":"01162","SECURITY_NAME_ABBR":"莹岚集团","ORG_CODE":"10575621","STD_REPORT_DATE":"2022-12-31 00:00:00","REPORT_DATE":"2023-03-31 00:00:00","DATE_TYPE_CODE":"001","REPORT_TYPE":"2022年年报","PER_NETCASH_OPERATE":-0.019887856183,"PER_OI":0.114456939467,"BPS":0.165696145783,"BASIC_EPS":-0.035629187,"DILUTED_EPS":null,"OPERATE_INCOME":68674163.68,"OPERATE_INCOME_YOY":0.2402248914,"GROSS_PROFIT":9145408.27,"GROSS_PROFIT_YOY":-50.915963307183,"HOLDER_PROFIT":-21376636.79,"HOLDER_PROFIT_YOY":-4142.880794702,"GROSS_PROFIT_RATIO":13.317101774424,"EPS_TTM":-0.002007637167,"OPERATE_INCOME_QOQ":0,"NET_PROFIT_RATIO":-31.1276259433,"ROE_AVG":-19.414596526378,"GROSS_PROFIT_QOQ":0,"ROA":-17.921215345944,"HOLDER_PROFIT_QOQ":0,"ROE_YEARLY":-19.414596526378,"ROIC_YEARLY":-31.16596363822,"TOTAL_ASSETS":109148745.03,"TOTAL_LIABILITIES":9731057.56,"TAX_EBT":-0.320446982458,"OCF_SALES":-17.37584132164,"TOTAL_PARENT_EQUITY":99417687.47,"DEBT_ASSET_RATIO":8.9154094784,"OPERATE_PROFIT":-21253203.98,"PRETAX_PROFIT":-21308354.81,"NETCASH_OPERATE":-11932713.71,"NETCASH_INVEST":-3793151.53,"NETCASH_FINANCE":-1094262.5,"END_CASH":42281427.59,"DIVI_RATIO":null,"DIVIDEND_RATE":null,"CURRENT_RATIO":10.748139408241,"COMMON_ACS":10000000000,"CURRENTDEBT_DEBT":99.11838790932,"ISSUED_COMMON_SHARES":600000000,"HK_COMMON_SHARES":600000000,"PER_SHARES":8000,"TOTAL_MARKET_CAP":96000000,"HKSK_MARKET_CAP":96000000,"PE_TTM":-3.79401651978,"PB_TTM":1.181363983166,"REPORT_DATE_SQ":"2021-12-31 00:00:00","REPORT_TYPE_SQ":"2021年年报","OPERATE_INCOME_SQ":63469642.6,"DPS_HKD":null,"OPERATE_INCOME_QOQ_SQ":0,"NET_PROFIT_RATIO_SQ":0.7717863532,"HOLDER_PROFIT_SQ":489850.04,"HOLDER_PROFIT_QOQ_SQ":0,"ROE_AVG_SQ":0.438685686064,"PE_TTM_SQ":-5.491031315518,"PB_TTM_SQ":1.569589908964,"ROA_SQ":0.411459557408,"START_DATE":"2022-04-01 00:00:00","FISCAL_YEAR":"3-31","CURRENCY":"HKD","IS_CNY_CODE":0,"DPS_HKD_LY":null,"ORG_TYPE":"一般企业","PREMIUM_INCOME":null,"PREMIUM_INCOME_YOY":null,"NET_INTEREST_INCOME":null,"NET_INTEREST_INCOME_YOY":null,"FEE_COMMISSION_INCOME":null,"FEE_COMMISSION_INCOME_YOY":null,"ACCOUNTS_RECE_TDAYS":9.039350118108,"INVENTORY_TDAYS":null,"CURRENT_ASSETS_TDAYS":0.597373621227,"TOTAL_ASSETS_TDAYS":0.575733445865,"PREMIUM_EXPENSE":null,"LOAN_DEPOSIT":null,"LOAN_EQUITY":null,"LOAN_ASSETS":null,"DEPOSIT_EQUITY":null,"DEPOSIT_ASSETS":null,"EQUITY_MULTIPLIER":1.097880546285,"EQUITY_RATIO":0.097880546285},{"SECUCODE":"01162.HK","SECURITY_CODE":"01162","SECURITY_NAME_ABBR":"莹岚集团","ORG_CODE":"10575621","STD_REPORT_DATE":"2022-06-30 00:00:00","REPORT_DATE":"2022-09-30 00:00:00","DATE_TYPE_CODE":"002","REPORT_TYPE":"2022年中报","PER_NETCASH_OPERATE":-0.0205624434,"PER_OI":0.0668411308,"BPS":0.2058716476,"BASIC_EPS":-0.002170656,"DILUTED_EPS":null,"OPERATE_INCOME":40104678.48,"OPERATE_INCOME_YOY":18.6820834002,"GROSS_PROFIT":9345578.52,"GROSS_PROFIT_YOY":-14.04203623766,"HOLDER_PROFIT":-1277069.28,"HOLDER_PROFIT_YOY":-381.8363273453,"GROSS_PROFIT_RATIO":23.302963330477,"EPS_TTM":0.000816416733,"OPERATE_INCOME_QOQ":0,"NET_PROFIT_RATIO":-3.1843399035,"ROE_AVG":-1.028554778555,"GROSS_PROFIT_QOQ":0,"ROA":-0.9563026576,"HOLDER_PROFIT_QOQ":0,"ROE_YEARLY":-2.05710955711,"ROIC_YEARLY":-3.235026261677,"TOTAL_ASSETS":133379575.68,"TOTAL_LIABILITIES":9856587.12,"TAX_EBT":2.418797512094,"OCF_SALES":-30.763159081683,"TOTAL_PARENT_EQUITY":123522988.56,"DEBT_ASSET_RATIO":7.3898774005,"OPERATE_PROFIT":-1264407.12,"PRETAX_PROFIT":-1308724.68,"NETCASH_OPERATE":-12337466.04,"NETCASH_INVEST":-28037.64,"NETCASH_FINANCE":-577937.16,"END_CASH":48118016.88,"DIVI_RATIO":null,"DIVIDEND_RATE":null,"CURRENT_RATIO":13.712348254932,"COMMON_ACS":10000000000,"CURRENTDEBT_DEBT":96.751697559185,"ISSUED_COMMON_SHARES":600000000,"HK_COMMON_SHARES":600000000,"PER_SHARES":8000,"TOTAL_MARKET_CAP":96000000,"HKSK_MARKET_CAP":96000000,"PE_TTM":-3.79401651978,"PB_TTM":1.181363983166,"REPORT_DATE_SQ":"2021-06-30 00:00:00","REPORT_TYPE_SQ":"2021年中报","OPERATE_INCOME_SQ":31124787.72,"DPS_HKD":null,"OPERATE_INCOME_QOQ_SQ":0,"NET_PROFIT_RATIO_SQ":1.3409346395,"HOLDER_PROFIT_SQ":417363.06,"HOLDER_PROFIT_QOQ_SQ":0,"ROE_AVG_SQ":0.364012860335,"PE_TTM_SQ":-5.491031315518,"PB_TTM_SQ":1.569589908964,"ROA_SQ":0.343404710334,"START_DATE":"2022-04-01 00:00:00","FISCAL_YEAR":"3-31","CURRENCY":"HKD","IS_CNY_CODE":0,"DPS_HKD_LY":null,"ORG_TYPE":"一般企业","PREMIUM_INCOME":null,"PREMIUM_INCOME_YOY":null,"NET_INTEREST_INCOME":null,"NET_INTEREST_INCOME_YOY":null,"FEE_COMMISSION_INCOME":null,"FEE_COMMISSION_INCOME_YOY":null,"ACCOUNTS_RECE_TDAYS":4.15888201088,"INVENTORY_TDAYS":null,"CURRENT_ASSETS_TDAYS":0.307074372496,"TOTAL_ASSETS_TDAYS":0.300314252431,"PREMIUM_EXPENSE":null,"LOAN_DEPOSIT":null,"LOAN_EQUITY":null,"LOAN_ASSETS":null,"DEPOSIT_EQUITY":null,"DEPOSIT_ASSETS":null,"EQUITY_MULTIPLIER":1.079795568703,"EQUITY_RATIO":0.079795568703},{"SECUCODE":"01162.HK","SECURITY_CODE":"01162","SECURITY_NAME_ABBR":"莹岚集团","ORG_CODE":"10575621","STD_REPORT_DATE":"2021-12-31 00:00:00","REPORT_DATE":"2022-03-31 00:00:00","DATE_TYPE_CODE":"001","REPORT_TYPE":"2021年年报","PER_NETCASH_OPERATE":-0.00104214785,"PER_OI":0.105782737667,"BPS":0.186513376433,"BASIC_EPS":0.00081101,"DILUTED_EPS":null,"OPERATE_INCOME":63469642.6,"OPERATE_INCOME_YOY":35.8491876128,"GROSS_PROFIT":18632143.74,"GROSS_PROFIT_YOY":45.772520228938,"HOLDER_PROFIT":489850.04,"HOLDER_PROFIT_YOY":225.0517598344,"GROSS_PROFIT_RATIO":29.355992844365,"EPS_TTM":-0.0002923168,"OPERATE_INCOME_QOQ":0,"NET_PROFIT_RATIO":0.7717863532,"ROE_AVG":0.438685686064,"GROSS_PROFIT_QOQ":0,"ROA":0.411459557408,"HOLDER_PROFIT_QOQ":0,"ROE_YEARLY":0.438685686064,"ROIC_YEARLY":0.7005903982,"TOTAL_ASSETS":119893230.32,"TOTAL_LIABILITIES":7985204.46,"TAX_EBT":29.930394431555,"OCF_SALES":-0.985177613085,"TOTAL_PARENT_EQUITY":111908025.86,"DEBT_ASSET_RATIO":6.6602630012,"OPERATE_PROFIT":737208.09,"PRETAX_PROFIT":699090.62,"NETCASH_OPERATE":-625288.71,"NETCASH_INVEST":-2103759.94,"NETCASH_FINANCE":-976456.04,"END_CASH":54753718.13,"DIVI_RATIO":null,"DIVIDEND_RATE":null,"CURRENT_RATIO":16.246479666554,"COMMON_ACS":10000000000,"CURRENTDEBT_DEBT":90.158439975625,"ISSUED_COMMON_SHARES":600000000,"HK_COMMON_SHARES":600000000,"PER_SHARES":8000,"TOTAL_MARKET_CAP":96000000,"HKSK_MARKET_CAP":96000000,"PE_TTM":-3.79401651978,"PB_TTM":1.181363983166,"REPORT_DATE_SQ":"2020-12-31 00:00:00","REPORT_TYPE_SQ":"2020年年报","OPERATE_INCOME_SQ":48689129.44,"DPS_HKD":null,"OPERATE_INCOME_QOQ_SQ":0,"NET_PROFIT_RATIO_SQ":-0.8384252187,"HOLDER_PROFIT_SQ":-408221.94,"HOLDER_PROFIT_QOQ_SQ":0,"ROE_AVG_SQ":-0.350957503624,"PE_TTM_SQ":-5.491031315518,"PB_TTM_SQ":1.569589908964,"ROA_SQ":-0.323245572941,"START_DATE":"2021-04-01 00:00:00","FISCAL_YEAR":"3-31","CURRENCY":"HKD","IS_CNY_CODE":0,"DPS_HKD_LY":null,"ORG_TYPE":"一般企业","PREMIUM_INCOME":null,"PREMIUM_INCOME_YOY":null,"NET_INTEREST_INCOME":null,"NET_INTEREST_INCOME_YOY":null,"FEE_COMMISSION_INCOME":null,"FEE_COMMISSION_INCOME_YOY":null,"ACCOUNTS_RECE_TDAYS":7.427866362946,"INVENTORY_TDAYS":null,"CURRENT_ASSETS_TDAYS":0.54497278966,"TOTAL_ASSETS_TDAYS":0.533126241106,"PREMIUM_EXPENSE":null,"LOAN_DEPOSIT":null,"LOAN_EQUITY":null,"LOAN_ASSETS":null,"DEPOSIT_EQUITY":null,"DEPOSIT_ASSETS":null,"EQUITY_MULTIPLIER":1.071355065006,"EQUITY_RATIO":0.071355065007},{"SECUCODE":"01162.HK","SECURITY_CODE":"01162","SECURITY_NAME_ABBR":"莹岚集团","ORG_CODE":"10575621","STD_REPORT_DATE":"2021-06-30 00:00:00","REPORT_DATE":"2021-09-30 00:00:00","DATE_TYPE_CODE":"002","REPORT_TYPE":"2021年中报","PER_NETCASH_OPERATE":-0.005289931,"PER_OI":0.0518746462,"BPS":0.1914413533,"BASIC_EPS":0.000666448,"DILUTED_EPS":null,"OPERATE_INCOME":31124787.72,"OPERATE_INCOME_YOY":43.1384568232,"GROSS_PROFIT":10872266.06,"GROSS_PROFIT_YOY":65.611627096977,"HOLDER_PROFIT":417363.06,"HOLDER_PROFIT_YOY":138.5714285714,"GROSS_PROFIT_RATIO":34.931213532466,"EPS_TTM":-0.0006803699,"OPERATE_INCOME_QOQ":0,"NET_PROFIT_RATIO":1.3409346395,"ROE_AVG":0.364012860335,"GROSS_PROFIT_QOQ":0,"ROA":0.343404710334,"HOLDER_PROFIT_QOQ":0,"ROE_YEARLY":0.728025720669,"ROIC_YEARLY":1.050110827565,"TOTAL_ASSETS":121649252.62,"TOTAL_LIABILITIES":6784440.64,"TAX_EBT":26.539589442815,"OCF_SALES":-10.197526898988,"TOTAL_PARENT_EQUITY":114864811.98,"DEBT_ASSET_RATIO":5.5770508194,"OPERATE_PROFIT":575644.46,"PRETAX_PROFIT":568146.92,"NETCASH_OPERATE":-3173958.6,"NETCASH_INVEST":-1685280.38,"NETCASH_FINANCE":-433191.2,"END_CASH":39401238.82,"DIVI_RATIO":null,"DIVIDEND_RATE":null,"CURRENT_RATIO":18.228997975709,"COMMON_ACS":10000000000,"CURRENTDEBT_DEBT":97.053045186641,"ISSUED_COMMON_SHARES":600000000,"HK_COMMON_SHARES":600000000,"PER_SHARES":8000,"TOTAL_MARKET_CAP":96000000,"HKSK_MARKET_CAP":96000000,"PE_TTM":-3.79401651978,"PB_TTM":1.181363983166,"REPORT_DATE_SQ":"2020-06-30 00:00:00","REPORT_TYPE_SQ":"2020年中报","OPERATE_INCOME_SQ":22936349.44,"DPS_HKD":null,"OPERATE_INCOME_QOQ_SQ":0,"NET_PROFIT_RATIO_SQ":0.8045360509,"HOLDER_PROFIT_SQ":184531.2,"HOLDER_PROFIT_QOQ_SQ":0,"ROE_AVG_SQ":0.152207001522,"PE_TTM_SQ":-5.491031315518,"PB_TTM_SQ":1.569589908964,"ROA_SQ":0.139154866113,"START_DATE":"2021-04-01 00:00:00","FISCAL_YEAR":"3-31","CURRENCY":"HKD","IS_CNY_CODE":0,"DPS_HKD_LY":null,"ORG_TYPE":"一般企业","PREMIUM_INCOME":null,"PREMIUM_INCOME_YOY":null,"NET_INTEREST_INCOME":null,"NET_INTEREST_INCOME_YOY":null,"FEE_COMMISSION_INCOME":null,"FEE_COMMISSION_INCOME_YOY":null,"ACCOUNTS_RECE_TDAYS":3.231028667791,"INVENTORY_TDAYS":null,"CURRENT_ASSETS_TDAYS":0.260299788553,"TOTAL_ASSETS_TDAYS":0.256093548652,"PREMIUM_EXPENSE":null,"LOAN_DEPOSIT":null,"LOAN_EQUITY":null,"LOAN_ASSETS":null,"DEPOSIT_EQUITY":null,"DEPOSIT_ASSETS":null,"EQUITY_MULTIPLIER":1.059064569237,"EQUITY_RATIO":0.059064569236},{"SECUCODE":"01162.HK","SECURITY_CODE":"01162","SECURITY_NAME_ABBR":"莹岚集团","ORG_CODE":"10575621","STD_REPORT_DATE":"2020-12-31 00:00:00","REPORT_DATE":"2021-03-31 00:00:00","DATE_TYPE_CODE":"001","REPORT_TYPE":"2020年年报","PER_NETCASH_OPERATE":-0.014954051467,"PER_OI":0.081148549067,"BPS":0.1935208646,"BASIC_EPS":-0.000676144,"DILUTED_EPS":null,"OPERATE_INCOME":48689129.44,"OPERATE_INCOME_YOY":-47.6614456518,"GROSS_PROFIT":12781657.14,"GROSS_PROFIT_YOY":-62.460017348155,"HOLDER_PROFIT":-408221.94,"HOLDER_PROFIT_YOY":-102.814357301,"GROSS_PROFIT_RATIO":26.251562283016,"EPS_TTM":0.014663670417,"OPERATE_INCOME_QOQ":0,"NET_PROFIT_RATIO":-0.8384252187,"ROE_AVG":-0.350957503624,"GROSS_PROFIT_QOQ":0,"ROA":-0.323245572941,"HOLDER_PROFIT_QOQ":0,"ROE_YEARLY":-0.350957503624,"ROIC_YEARLY":-0.591332027424,"TOTAL_ASSETS":123190901.26,"TOTAL_LIABILITIES":7078382.5,"TAX_EBT":42.086330935252,"OCF_SALES":-18.427996111651,"TOTAL_PARENT_EQUITY":116112518.76,"DEBT_ASSET_RATIO":5.7458646926,"OPERATE_PROFIT":-80292.1,"PRETAX_PROFIT":-704880.12,"NETCASH_OPERATE":-8972430.88,"NETCASH_INVEST":1656552.8,"NETCASH_FINANCE":-926317.28,"END_CASH":60922264.76,"DIVI_RATIO":null,"DIVIDEND_RATE":null,"CURRENT_RATIO":17.641826033313,"COMMON_ACS":10000000000,"CURRENTDEBT_DEBT":96.776119402985,"ISSUED_COMMON_SHARES":600000000,"HK_COMMON_SHARES":600000000,"PER_SHARES":8000,"TOTAL_MARKET_CAP":96000000,"HKSK_MARKET_CAP":96000000,"PE_TTM":-3.79401651978,"PB_TTM":1.181363983166,"REPORT_DATE_SQ":"2019-12-31 00:00:00","REPORT_TYPE_SQ":"2019年年报","OPERATE_INCOME_SQ":100569131.6,"DPS_HKD":null,"OPERATE_INCOME_QOQ_SQ":3.369432842582,"NET_PROFIT_RATIO_SQ":15.59217938,"HOLDER_PROFIT_SQ":15680919.4,"HOLDER_PROFIT_QOQ_SQ":4.815758161553,"ROE_AVG_SQ":13.274651155595,"PE_TTM_SQ":-5.491031315518,"PB_TTM_SQ":1.569589908964,"ROA_SQ":12.049639290165,"START_DATE":"2020-04-01 00:00:00","FISCAL_YEAR":"3-31","CURRENCY":"HKD","IS_CNY_CODE":0,"DPS_HKD_LY":null,"ORG_TYPE":"一般企业","PREMIUM_INCOME":null,"PREMIUM_INCOME_YOY":null,"NET_INTEREST_INCOME":null,"NET_INTEREST_INCOME_YOY":null,"FEE_COMMISSION_INCOME":null,"FEE_COMMISSION_INCOME_YOY":null,"ACCOUNTS_RECE_TDAYS":4.193179750337,"INVENTORY_TDAYS":null,"CURRENT_ASSETS_TDAYS":0.394322813814,"TOTAL_ASSETS_TDAYS":0.385538943395,"PREMIUM_EXPENSE":null,"LOAN_DEPOSIT":null,"LOAN_EQUITY":null,"LOAN_ASSETS":null,"DEPOSIT_EQUITY":null,"DEPOSIT_ASSETS":null,"EQUITY_MULTIPLIER":1.06096140688,"EQUITY_RATIO":0.06096140688},{"SECUCODE":"01162.HK","SECURITY_CODE":"01162","SECURITY_NAME_ABBR":"莹岚集团","ORG_CODE":"10575621","STD_REPORT_DATE":"2020-06-30 00:00:00","REPORT_DATE":"2020-09-30 00:00:00","DATE_TYPE_CODE":"002","REPORT_TYPE":"2020年中报","PER_NETCASH_OPERATE":-0.008728618667,"PER_OI":0.038227249067,"BPS":0.20221544,"BASIC_EPS":0.000351488,"DILUTED_EPS":null,"OPERATE_INCOME":22936349.44,"OPERATE_INCOME_YOY":-52.6949146399,"GROSS_PROFIT":6564917.12,"GROSS_PROFIT_YOY":-59.86047906006,"HOLDER_PROFIT":184531.2,"HOLDER_PROFIT_YOY":-97.3197192087,"GROSS_PROFIT_RATIO":28.622327790974,"EPS_TTM":0.026134865667,"OPERATE_INCOME_QOQ":0,"NET_PROFIT_RATIO":0.8045360509,"ROE_AVG":0.152207001522,"GROSS_PROFIT_QOQ":0,"ROA":0.139154866113,"HOLDER_PROFIT_QOQ":0,"ROE_YEARLY":0.304414003044,"ROIC_YEARLY":0.586788867777,"TOTAL_ASSETS":130696419.2,"TOTAL_LIABILITIES":9367155.2,"TAX_EBT":26.315789473684,"OCF_SALES":-22.833499348709,"TOTAL_PARENT_EQUITY":121329264,"DEBT_ASSET_RATIO":7.1671092883,"OPERATE_PROFIT":870811.52,"PRETAX_PROFIT":250435.2,"NETCASH_OPERATE":-5237171.2,"NETCASH_INVEST":1408588.16,"NETCASH_FINANCE":-563259.52,"END_CASH":67517329.92,"DIVI_RATIO":null,"DIVIDEND_RATE":null,"CURRENT_RATIO":14.231317768878,"COMMON_ACS":10000000000,"CURRENTDEBT_DEBT":96.031894934334,"ISSUED_COMMON_SHARES":600000000,"HK_COMMON_SHARES":600000000,"PER_SHARES":8000,"TOTAL_MARKET_CAP":96000000,"HKSK_MARKET_CAP":96000000,"PE_TTM":-3.79401651978,"PB_TTM":1.181363983166,"REPORT_DATE_SQ":"2019-06-30 00:00:00","REPORT_TYPE_SQ":"2019年中报","OPERATE_INCOME_SQ":49771107.78,"DPS_HKD":null,"OPERATE_INCOME_QOQ_SQ":3.482028071158,"NET_PROFIT_RATIO_SQ":14.1994998006,"HOLDER_PROFIT_SQ":7067248.35,"HOLDER_PROFIT_QOQ_SQ":6.794721879879,"ROE_AVG_SQ":6.287087597947,"PE_TTM_SQ":-5.491031315518,"PB_TTM_SQ":1.569589908964,"ROA_SQ":5.703387455459,"START_DATE":"2020-04-01 00:00:00","FISCAL_YEAR":"3-31","CURRENCY":"HKD","IS_CNY_CODE":0,"DPS_HKD_LY":null,"ORG_TYPE":"一般企业","PREMIUM_INCOME":null,"PREMIUM_INCOME_YOY":null,"NET_INTEREST_INCOME":null,"NET_INTEREST_INCOME_YOY":null,"FEE_COMMISSION_INCOME":null,"FEE_COMMISSION_INCOME_YOY":null,"ACCOUNTS_RECE_TDAYS":1.631425982062,"INVENTORY_TDAYS":null,"CURRENT_ASSETS_TDAYS":0.177031123892,"TOTAL_ASSETS_TDAYS":0.172962872156,"PREMIUM_EXPENSE":null,"LOAN_DEPOSIT":null,"LOAN_EQUITY":null,"LOAN_ASSETS":null,"DEPOSIT_EQUITY":null,"DEPOSIT_ASSETS":null,"EQUITY_MULTIPLIER":1.077204417888,"EQUITY_RATIO":0.077204417889}],"count":28},"success":true,"message":"ok","code":0}