{"version":"55c4ded683a4717b335671c6a21798bc","result":{"pages":2,"data":[{"SECUCODE":"01163.HK","SECURITY_CODE":"01163","SECURITY_NAME_ABBR":"虎视传媒","ORG_CODE":"10000055372","STD_REPORT_DATE":"2024-06-30 00:00:00","REPORT_DATE":"2024-06-30 00:00:00","DATE_TYPE_CODE":"002","REPORT_TYPE":"2024年中报","PER_NETCASH_OPERATE":-0.025725568942,"PER_OI":0.174921017403,"BPS":0.214154395359,"BASIC_EPS":-0.01,"DILUTED_EPS":-0.01,"OPERATE_INCOME":130666000,"OPERATE_INCOME_YOY":-22.0988118021,"GROSS_PROFIT":20835000,"GROSS_PROFIT_YOY":-39.256559766764,"HOLDER_PROFIT":-4397000,"HOLDER_PROFIT_YOY":-171.9286765909,"GROSS_PROFIT_RATIO":15.945234414461,"EPS_TTM":-0.028626506024,"OPERATE_INCOME_QOQ":-12.601093973626,"NET_PROFIT_RATIO":-3.5510385257,"ROE_AVG":-2.269436924673,"GROSS_PROFIT_QOQ":-24.13039192846,"ROA":-0.626386737183,"HOLDER_PROFIT_QOQ":-96.652565753173,"ROE_YEARLY":-4.538873849346,"ROIC_YEARLY":-2.862811929794,"TOTAL_ASSETS":733264000,"TOTAL_LIABILITIES":540949000,"TAX_EBT":24.380704041721,"OCF_SALES":-14.706962790627,"TOTAL_PARENT_EQUITY":191968000,"DEBT_ASSET_RATIO":73.7727476052,"OPERATE_PROFIT":-5794000,"PRETAX_PROFIT":-6136000,"NETCASH_OPERATE":-19217000,"NETCASH_INVEST":45658000,"NETCASH_FINANCE":-1219000,"END_CASH":384560000,"DIVI_RATIO":null,"DIVIDEND_RATE":null,"CURRENT_RATIO":1.310332397324,"COMMON_ACS":1000000000,"CURRENTDEBT_DEBT":100,"ISSUED_COMMON_SHARES":896400000,"HK_COMMON_SHARES":896400000,"PER_SHARES":2500,"TOTAL_MARKET_CAP":107568000,"HKSK_MARKET_CAP":107568000,"PE_TTM":-4.587655769575,"PB_TTM":0.511414205701,"REPORT_DATE_SQ":"2023-06-30 00:00:00","REPORT_TYPE_SQ":"2023年中报","OPERATE_INCOME_SQ":167733000,"DPS_HKD":null,"OPERATE_INCOME_QOQ_SQ":-6.409208055357,"NET_PROFIT_RATIO_SQ":3.2331145332,"HOLDER_PROFIT_SQ":6113000,"HOLDER_PROFIT_QOQ_SQ":-1.73564753004,"ROE_AVG_SQ":2.999222351149,"PE_TTM_SQ":11.969020512646,"PB_TTM_SQ":0.48037208102,"ROA_SQ":0.934208807054,"START_DATE":"2024-01-01 00:00:00","FISCAL_YEAR":"12-31","CURRENCY":"HKD","IS_CNY_CODE":0,"DPS_HKD_LY":null,"ORG_TYPE":"一般企业","PREMIUM_INCOME":null,"PREMIUM_INCOME_YOY":null,"NET_INTEREST_INCOME":null,"NET_INTEREST_INCOME_YOY":null,"FEE_COMMISSION_INCOME":null,"FEE_COMMISSION_INCOME_YOY":null,"ACCOUNTS_RECE_TDAYS":0.597539253728,"INVENTORY_TDAYS":null,"CURRENT_ASSETS_TDAYS":0.192907654831,"TOTAL_ASSETS_TDAYS":0.186143846715,"PREMIUM_EXPENSE":null,"LOAN_DEPOSIT":null,"LOAN_EQUITY":null,"LOAN_ASSETS":null,"DEPOSIT_EQUITY":null,"DEPOSIT_ASSETS":null,"EQUITY_MULTIPLIER":3.812827912535,"EQUITY_RATIO":2.817912360393},{"SECUCODE":"01163.HK","SECURITY_CODE":"01163","SECURITY_NAME_ABBR":"虎视传媒","ORG_CODE":"10000055372","STD_REPORT_DATE":"2023-12-31 00:00:00","REPORT_DATE":"2023-12-31 00:00:00","DATE_TYPE_CODE":"001","REPORT_TYPE":"2023年年报","PER_NETCASH_OPERATE":0.08381793842,"PER_OI":0.393784471218,"BPS":0.218126952253,"BASIC_EPS":-0.02,"DILUTED_EPS":-0.02,"OPERATE_INCOME":294157000,"OPERATE_INCOME_YOY":-17.0561630471,"GROSS_PROFIT":55801000,"GROSS_PROFIT_YOY":-9.603265887994,"HOLDER_PROFIT":-10874000,"HOLDER_PROFIT_YOY":-220.9835336004,"GROSS_PROFIT_RATIO":18.969801840514,"EPS_TTM":-0.014556894244,"OPERATE_INCOME_QOQ":-11.376071054122,"NET_PROFIT_RATIO":-3.8972385495,"ROE_AVG":-5.60356599933,"GROSS_PROFIT_QOQ":-11.62617592094,"ROA":-1.683968615681,"HOLDER_PROFIT_QOQ":-223.120471014493,"ROE_YEARLY":-5.60356599933,"ROIC_YEARLY":-3.541581172363,"TOTAL_ASSETS":670661000,"TOTAL_LIABILITIES":474542000,"TAX_EBT":13.289463731942,"OCF_SALES":21.285232035954,"TOTAL_PARENT_EQUITY":195529000,"DEBT_ASSET_RATIO":70.7573572938,"OPERATE_PROFIT":-12829000,"PRETAX_PROFIT":-13221000,"NETCASH_OPERATE":62612000,"NETCASH_INVEST":12652000,"NETCASH_FINANCE":9203000,"END_CASH":358466000,"DIVI_RATIO":null,"DIVIDEND_RATE":null,"CURRENT_RATIO":1.363841189935,"COMMON_ACS":1000000000,"CURRENTDEBT_DEBT":99.795592381707,"ISSUED_COMMON_SHARES":896400000,"HK_COMMON_SHARES":896400000,"PER_SHARES":2500,"TOTAL_MARKET_CAP":107568000,"HKSK_MARKET_CAP":107568000,"PE_TTM":-4.587655769575,"PB_TTM":0.511414205701,"REPORT_DATE_SQ":"2022-12-31 00:00:00","REPORT_TYPE_SQ":"2022年年报","OPERATE_INCOME_SQ":354646000,"DPS_HKD":null,"OPERATE_INCOME_QOQ_SQ":-11.080187945983,"NET_PROFIT_RATIO_SQ":2.5738341896,"HOLDER_PROFIT_SQ":8988000,"HOLDER_PROFIT_QOQ_SQ":107.144503341784,"ROE_AVG_SQ":4.876103674167,"PE_TTM_SQ":14.123444204922,"PB_TTM_SQ":0.566839055604,"ROA_SQ":1.742218362687,"START_DATE":"2023-01-01 00:00:00","FISCAL_YEAR":"12-31","CURRENCY":"HKD","IS_CNY_CODE":0,"DPS_HKD_LY":null,"ORG_TYPE":"一般企业","PREMIUM_INCOME":null,"PREMIUM_INCOME_YOY":null,"NET_INTEREST_INCOME":null,"NET_INTEREST_INCOME_YOY":null,"FEE_COMMISSION_INCOME":null,"FEE_COMMISSION_INCOME_YOY":null,"ACCOUNTS_RECE_TDAYS":1.537834588038,"INVENTORY_TDAYS":null,"CURRENT_ASSETS_TDAYS":0.47212005993,"TOTAL_ASSETS_TDAYS":0.455537204417,"PREMIUM_EXPENSE":null,"LOAN_DEPOSIT":null,"LOAN_EQUITY":null,"LOAN_ASSETS":null,"DEPOSIT_EQUITY":null,"DEPOSIT_ASSETS":null,"EQUITY_MULTIPLIER":3.41966357161,"EQUITY_RATIO":2.426964798061},{"SECUCODE":"01163.HK","SECURITY_CODE":"01163","SECURITY_NAME_ABBR":"虎视传媒","ORG_CODE":"10000055372","STD_REPORT_DATE":"2023-06-30 00:00:00","REPORT_DATE":"2023-06-30 00:00:00","DATE_TYPE_CODE":"002","REPORT_TYPE":"2023年中报","PER_NETCASH_OPERATE":0.048576974565,"PER_OI":0.224542168675,"BPS":0.239912985274,"BASIC_EPS":0.01,"DILUTED_EPS":0.01,"OPERATE_INCOME":167733000,"OPERATE_INCOME_YOY":-11.9340764348,"GROSS_PROFIT":34300000,"GROSS_PROFIT_YOY":4.296530543984,"HOLDER_PROFIT":6113000,"HOLDER_PROFIT_YOY":-2.4884351571,"GROSS_PROFIT_RATIO":20.449166234432,"EPS_TTM":0.011823293173,"OPERATE_INCOME_QOQ":-6.409208055357,"NET_PROFIT_RATIO":3.2331145332,"ROE_AVG":2.999222351149,"GROSS_PROFIT_QOQ":2.289037567432,"ROA":0.934208807054,"HOLDER_PROFIT_QOQ":-1.73564753004,"ROE_YEARLY":5.998444702298,"ROIC_YEARLY":4.035842613362,"TOTAL_ASSETS":687889000,"TOTAL_LIABILITIES":472341000,"TAX_EBT":26.497695852535,"OCF_SALES":21.633787030578,"TOTAL_PARENT_EQUITY":215058000,"DEBT_ASSET_RATIO":68.6652933831,"OPERATE_PROFIT":7426000,"PRETAX_PROFIT":7378000,"NETCASH_OPERATE":36287000,"NETCASH_INVEST":106272000,"NETCASH_FINANCE":10426000,"END_CASH":429600000,"DIVI_RATIO":null,"DIVIDEND_RATE":null,"CURRENT_RATIO":1.412021802381,"COMMON_ACS":1000000000,"CURRENTDEBT_DEBT":99.979040566032,"ISSUED_COMMON_SHARES":896400000,"HK_COMMON_SHARES":896400000,"PER_SHARES":2500,"TOTAL_MARKET_CAP":107568000,"HKSK_MARKET_CAP":107568000,"PE_TTM":-4.587655769575,"PB_TTM":0.511414205701,"REPORT_DATE_SQ":"2022-06-30 00:00:00","REPORT_TYPE_SQ":"2022年中报","OPERATE_INCOME_SQ":190463000,"DPS_HKD":null,"OPERATE_INCOME_QOQ_SQ":13.360676006378,"NET_PROFIT_RATIO_SQ":3.3229551146,"HOLDER_PROFIT_SQ":6269000,"HOLDER_PROFIT_QOQ_SQ":-63.331361446801,"ROE_AVG_SQ":3.469890988191,"PE_TTM_SQ":14.123444204922,"PB_TTM_SQ":0.566839055604,"ROA_SQ":1.457449405419,"START_DATE":"2023-01-01 00:00:00","FISCAL_YEAR":"12-31","CURRENCY":"HKD","IS_CNY_CODE":0,"DPS_HKD_LY":null,"ORG_TYPE":"一般企业","PREMIUM_INCOME":null,"PREMIUM_INCOME_YOY":null,"NET_INTEREST_INCOME":null,"NET_INTEREST_INCOME_YOY":null,"FEE_COMMISSION_INCOME":null,"FEE_COMMISSION_INCOME_YOY":null,"ACCOUNTS_RECE_TDAYS":0.785472783127,"INVENTORY_TDAYS":null,"CURRENT_ASSETS_TDAYS":0.264761453771,"TOTAL_ASSETS_TDAYS":0.256335098697,"PREMIUM_EXPENSE":null,"LOAN_DEPOSIT":null,"LOAN_EQUITY":null,"LOAN_ASSETS":null,"DEPOSIT_EQUITY":null,"DEPOSIT_ASSETS":null,"EQUITY_MULTIPLIER":3.191349490602,"EQUITY_RATIO":2.196342382055},{"SECUCODE":"01163.HK","SECURITY_CODE":"01163","SECURITY_NAME_ABBR":"虎视传媒","ORG_CODE":"10000055372","STD_REPORT_DATE":"2022-12-31 00:00:00","REPORT_DATE":"2022-12-31 00:00:00","DATE_TYPE_CODE":"001","REPORT_TYPE":"2022年年报","PER_NETCASH_OPERATE":0.164782329317,"PER_OI":0.569712449799,"BPS":0.214838241856,"BASIC_EPS":0.01,"DILUTED_EPS":0.01,"OPERATE_INCOME":354646000,"OPERATE_INCOME_YOY":0.800100048,"GROSS_PROFIT":61729000,"GROSS_PROFIT_YOY":-6.269549637098,"HOLDER_PROFIT":8988000,"HOLDER_PROFIT_YOY":-24.0429307868,"GROSS_PROFIT_RATIO":17.405807481263,"EPS_TTM":0.014438554217,"OPERATE_INCOME_QOQ":-11.080187945983,"NET_PROFIT_RATIO":2.5738341896,"ROE_AVG":4.876103674167,"GROSS_PROFIT_QOQ":-4.28870455074,"ROA":1.742218362687,"HOLDER_PROFIT_QOQ":107.144503341784,"ROE_YEARLY":4.876103674167,"ROIC_YEARLY":3.680348543912,"TOTAL_ASSETS":620812000,"TOTAL_LIABILITIES":427051000,"TAX_EBT":21.587492483464,"OCF_SALES":28.923771873925,"TOTAL_PARENT_EQUITY":192581000,"DEBT_ASSET_RATIO":68.7891020148,"OPERATE_PROFIT":11675000,"PRETAX_PROFIT":11641000,"NETCASH_OPERATE":102577000,"NETCASH_INVEST":-106758000,"NETCASH_FINANCE":-4031000,"END_CASH":271560000,"DIVI_RATIO":null,"DIVIDEND_RATE":null,"CURRENT_RATIO":1.406250219641,"COMMON_ACS":1000000000,"CURRENTDEBT_DEBT":99.948952232872,"ISSUED_COMMON_SHARES":896400000,"HK_COMMON_SHARES":896400000,"PER_SHARES":2500,"TOTAL_MARKET_CAP":107568000,"HKSK_MARKET_CAP":107568000,"PE_TTM":-4.587655769575,"PB_TTM":0.511414205701,"REPORT_DATE_SQ":"2021-12-31 00:00:00","REPORT_TYPE_SQ":"2021年年报","OPERATE_INCOME_SQ":351831000,"DPS_HKD":null,"OPERATE_INCOME_QOQ_SQ":52.433170139942,"NET_PROFIT_RATIO_SQ":3.3803161177,"HOLDER_PROFIT_SQ":11833000,"HOLDER_PROFIT_QOQ_SQ":278.611320754717,"ROE_AVG_SQ":6.928736426369,"PE_TTM_SQ":14.123444204922,"PB_TTM_SQ":0.566839055604,"ROA_SQ":2.930244191143,"START_DATE":"2022-01-01 00:00:00","FISCAL_YEAR":"12-31","CURRENCY":"HKD","IS_CNY_CODE":0,"DPS_HKD_LY":null,"ORG_TYPE":"一般企业","PREMIUM_INCOME":null,"PREMIUM_INCOME_YOY":null,"NET_INTEREST_INCOME":null,"NET_INTEREST_INCOME_YOY":null,"FEE_COMMISSION_INCOME":null,"FEE_COMMISSION_INCOME_YOY":null,"ACCOUNTS_RECE_TDAYS":2.276531211585,"INVENTORY_TDAYS":null,"CURRENT_ASSETS_TDAYS":0.706523839596,"TOTAL_ASSETS_TDAYS":0.687439667839,"PREMIUM_EXPENSE":null,"LOAN_DEPOSIT":null,"LOAN_EQUITY":null,"LOAN_ASSETS":null,"DEPOSIT_EQUITY":null,"DEPOSIT_ASSETS":null,"EQUITY_MULTIPLIER":3.204009062713,"EQUITY_RATIO":2.217513669573},{"SECUCODE":"01163.HK","SECURITY_CODE":"01163","SECURITY_NAME_ABBR":"虎视传媒","ORG_CODE":"10000055372","STD_REPORT_DATE":"2022-06-30 00:00:00","REPORT_DATE":"2022-06-30 00:00:00","DATE_TYPE_CODE":"002","REPORT_TYPE":"2022年中报","PER_NETCASH_OPERATE":0.024959036145,"PER_OI":0.305964658635,"BPS":0.206674475681,"BASIC_EPS":0.01,"DILUTED_EPS":0.01,"OPERATE_INCOME":190463000,"OPERATE_INCOME_YOY":32.7675384787,"GROSS_PROFIT":32887000,"GROSS_PROFIT_YOY":-3.979562043796,"HOLDER_PROFIT":6269000,"HOLDER_PROFIT_YOY":-54.4503378624,"GROSS_PROFIT_RATIO":17.266870730798,"EPS_TTM":0.006970281124,"OPERATE_INCOME_QOQ":13.360676006378,"NET_PROFIT_RATIO":3.3229551146,"ROE_AVG":3.469890988191,"GROSS_PROFIT_QOQ":-2.069604300161,"ROA":1.457449405419,"HOLDER_PROFIT_QOQ":-63.331361446801,"ROE_YEARLY":6.939781976382,"ROIC_YEARLY":7.741991256453,"TOTAL_ASSETS":449294000,"TOTAL_LIABILITIES":262931000,"TAX_EBT":23.023595232304,"OCF_SALES":8.157489906176,"TOTAL_PARENT_EQUITY":185263000,"DEBT_ASSET_RATIO":58.5209239384,"OPERATE_PROFIT":8233000,"PRETAX_PROFIT":8222000,"NETCASH_OPERATE":15537000,"NETCASH_INVEST":-23089000,"NETCASH_FINANCE":-3011000,"END_CASH":264658000,"DIVI_RATIO":null,"DIVIDEND_RATE":null,"CURRENT_RATIO":1.661850447456,"COMMON_ACS":1000000000,"CURRENTDEBT_DEBT":100,"ISSUED_COMMON_SHARES":896400000,"HK_COMMON_SHARES":896400000,"PER_SHARES":2500,"TOTAL_MARKET_CAP":107568000,"HKSK_MARKET_CAP":107568000,"PE_TTM":-4.587655769575,"PB_TTM":0.511414205701,"REPORT_DATE_SQ":"2021-06-30 00:00:00","REPORT_TYPE_SQ":"2021年中报","OPERATE_INCOME_SQ":143456000,"DPS_HKD":null,"OPERATE_INCOME_QOQ_SQ":9.741253886897,"NET_PROFIT_RATIO_SQ":9.5938824448,"HOLDER_PROFIT_SQ":13763000,"HOLDER_PROFIT_QOQ_SQ":-329.397506925208,"ROE_AVG_SQ":7.975707211632,"PE_TTM_SQ":14.123444204922,"PB_TTM_SQ":0.566839055604,"ROA_SQ":3.377651252539,"START_DATE":"2022-01-01 00:00:00","FISCAL_YEAR":"12-31","CURRENCY":"HKD","IS_CNY_CODE":0,"DPS_HKD_LY":null,"ORG_TYPE":"一般企业","PREMIUM_INCOME":null,"PREMIUM_INCOME_YOY":null,"NET_INTEREST_INCOME":null,"NET_INTEREST_INCOME_YOY":null,"FEE_COMMISSION_INCOME":null,"FEE_COMMISSION_INCOME_YOY":null,"ACCOUNTS_RECE_TDAYS":1.633571483708,"INVENTORY_TDAYS":null,"CURRENT_ASSETS_TDAYS":0.453140241436,"TOTAL_ASSETS_TDAYS":0.442798191266,"PREMIUM_EXPENSE":null,"LOAN_DEPOSIT":null,"LOAN_EQUITY":null,"LOAN_ASSETS":null,"DEPOSIT_EQUITY":null,"DEPOSIT_ASSETS":null,"EQUITY_MULTIPLIER":2.410854085841,"EQUITY_RATIO":1.419231039117},{"SECUCODE":"01163.HK","SECURITY_CODE":"01163","SECURITY_NAME_ABBR":"虎视传媒","ORG_CODE":"10000055372","STD_REPORT_DATE":"2021-12-31 00:00:00","REPORT_DATE":"2021-12-31 00:00:00","DATE_TYPE_CODE":"001","REPORT_TYPE":"2021年年报","PER_NETCASH_OPERATE":0.017169477912,"PER_OI":0.565190361446,"BPS":0.196423471664,"BASIC_EPS":0.02,"DILUTED_EPS":0.02,"OPERATE_INCOME":351831000,"OPERATE_INCOME_YOY":67.2820722511,"GROSS_PROFIT":65858000,"GROSS_PROFIT_YOY":54.367953496004,"HOLDER_PROFIT":11833000,"HOLDER_PROFIT_YOY":309.7299168975,"GROSS_PROFIT_RATIO":18.718646168189,"EPS_TTM":0.019008835341,"OPERATE_INCOME_QOQ":52.433170139942,"NET_PROFIT_RATIO":3.3803161177,"ROE_AVG":6.928736426369,"GROSS_PROFIT_QOQ":73.082785808147,"ROA":2.930244191143,"HOLDER_PROFIT_QOQ":278.611320754717,"ROE_YEARLY":6.928736426369,"ROIC_YEARLY":9.244495138691,"TOTAL_ASSETS":410976000,"TOTAL_LIABILITIES":233862000,"TAX_EBT":23.904280504191,"OCF_SALES":3.037822136196,"TOTAL_PARENT_EQUITY":176074000,"DEBT_ASSET_RATIO":56.9040527914,"OPERATE_PROFIT":15659000,"PRETAX_PROFIT":15629000,"NETCASH_OPERATE":10688000,"NETCASH_INVEST":-20818000,"NETCASH_FINANCE":-778000,"END_CASH":269576000,"DIVI_RATIO":null,"DIVIDEND_RATE":null,"CURRENT_RATIO":1.726163292882,"COMMON_ACS":1000000000,"CURRENTDEBT_DEBT":100,"ISSUED_COMMON_SHARES":896400000,"HK_COMMON_SHARES":896400000,"PER_SHARES":2500,"TOTAL_MARKET_CAP":107568000,"HKSK_MARKET_CAP":107568000,"PE_TTM":-4.587655769575,"PB_TTM":0.511414205701,"REPORT_DATE_SQ":"2020-12-31 00:00:00","REPORT_TYPE_SQ":"2020年年报","OPERATE_INCOME_SQ":210322000,"DPS_HKD":null,"OPERATE_INCOME_QOQ_SQ":-14.322493390527,"NET_PROFIT_RATIO_SQ":1.3731326252,"HOLDER_PROFIT_SQ":2888000,"HOLDER_PROFIT_QOQ_SQ":-91.493873704053,"ROE_AVG_SQ":2.58863706645,"PE_TTM_SQ":14.123444204922,"PB_TTM_SQ":0.566839055604,"ROA_SQ":0.804256320499,"START_DATE":"2021-01-01 00:00:00","FISCAL_YEAR":"12-31","CURRENCY":"HKD","IS_CNY_CODE":0,"DPS_HKD_LY":null,"ORG_TYPE":"一般企业","PREMIUM_INCOME":null,"PREMIUM_INCOME_YOY":null,"NET_INTEREST_INCOME":null,"NET_INTEREST_INCOME_YOY":null,"FEE_COMMISSION_INCOME":null,"FEE_COMMISSION_INCOME_YOY":null,"ACCOUNTS_RECE_TDAYS":3.26050209903,"INVENTORY_TDAYS":null,"CURRENT_ASSETS_TDAYS":0.880418299476,"TOTAL_ASSETS_TDAYS":0.871250523125,"PREMIUM_EXPENSE":null,"LOAN_DEPOSIT":null,"LOAN_EQUITY":null,"LOAN_ASSETS":null,"DEPOSIT_EQUITY":null,"DEPOSIT_ASSETS":null,"EQUITY_MULTIPLIER":2.320403807717,"EQUITY_RATIO":1.328202914684},{"SECUCODE":"01163.HK","SECURITY_CODE":"01163","SECURITY_NAME_ABBR":"虎视传媒","ORG_CODE":"10000055372","STD_REPORT_DATE":"2021-06-30 00:00:00","REPORT_DATE":"2021-06-30 00:00:00","DATE_TYPE_CODE":"002","REPORT_TYPE":"2021年中报","PER_NETCASH_OPERATE":0.013643373494,"PER_OI":0.230451405622,"BPS":0.200394912985,"BASIC_EPS":0.02,"DILUTED_EPS":0.02,"OPERATE_INCOME":143456000,"OPERATE_INCOME_YOY":16.661245202,"GROSS_PROFIT":34250000,"GROSS_PROFIT_YOY":-11.869901963307,"HOLDER_PROFIT":13763000,"HOLDER_PROFIT_YOY":-40.8704244716,"GROSS_PROFIT_RATIO":23.874916350658,"EPS_TTM":-0.010642570281,"OPERATE_INCOME_QOQ":9.741253886897,"NET_PROFIT_RATIO":9.5938824448,"ROE_AVG":7.975707211632,"GROSS_PROFIT_QOQ":-10.812647961934,"ROA":3.377651252539,"HOLDER_PROFIT_QOQ":-329.397506925208,"ROE_YEARLY":15.951414423264,"ROIC_YEARLY":22.475800097167,"TOTAL_ASSETS":418275000,"TOTAL_LIABILITIES":238641000,"TAX_EBT":13.516400653513,"OCF_SALES":5.920282177114,"TOTAL_PARENT_EQUITY":179634000,"DEBT_ASSET_RATIO":57.0536130536,"OPERATE_PROFIT":15930000,"PRETAX_PROFIT":15914000,"NETCASH_OPERATE":8493000,"NETCASH_INVEST":-157000,"NETCASH_FINANCE":-756000,"END_CASH":288977000,"DIVI_RATIO":null,"DIVIDEND_RATE":null,"CURRENT_RATIO":1.744385918597,"COMMON_ACS":1000000000,"CURRENTDEBT_DEBT":100,"ISSUED_COMMON_SHARES":896400000,"HK_COMMON_SHARES":896400000,"PER_SHARES":2500,"TOTAL_MARKET_CAP":107568000,"HKSK_MARKET_CAP":107568000,"PE_TTM":-4.587655769575,"PB_TTM":0.511414205701,"REPORT_DATE_SQ":"2020-06-30 00:00:00","REPORT_TYPE_SQ":"2020年中报","OPERATE_INCOME_SQ":122968000,"DPS_HKD":null,"OPERATE_INCOME_QOQ_SQ":28.43935414334,"NET_PROFIT_RATIO_SQ":18.928501724,"HOLDER_PROFIT_SQ":23276000,"HOLDER_PROFIT_QOQ_SQ":69.615826547435,"ROE_AVG_SQ":33.399339933993,"PE_TTM_SQ":14.123444204922,"PB_TTM_SQ":0.566839055604,"ROA_SQ":7.309417674056,"START_DATE":"2021-01-01 00:00:00","FISCAL_YEAR":"12-31","CURRENCY":"HKD","IS_CNY_CODE":0,"DPS_HKD_LY":null,"ORG_TYPE":"一般企业","PREMIUM_INCOME":null,"PREMIUM_INCOME_YOY":null,"NET_INTEREST_INCOME":null,"NET_INTEREST_INCOME_YOY":null,"FEE_COMMISSION_INCOME":null,"FEE_COMMISSION_INCOME_YOY":null,"ACCOUNTS_RECE_TDAYS":1.284555975913,"INVENTORY_TDAYS":null,"CURRENT_ASSETS_TDAYS":0.35341215076,"TOTAL_ASSETS_TDAYS":0.352063022658,"PREMIUM_EXPENSE":null,"LOAN_DEPOSIT":null,"LOAN_EQUITY":null,"LOAN_ASSETS":null,"DEPOSIT_EQUITY":null,"DEPOSIT_ASSETS":null,"EQUITY_MULTIPLIER":2.328484585323,"EQUITY_RATIO":1.328484585323},{"SECUCODE":"01163.HK","SECURITY_CODE":"01163","SECURITY_NAME_ABBR":"虎视传媒","ORG_CODE":"10000055372","STD_REPORT_DATE":"2020-12-31 00:00:00","REPORT_DATE":"2020-12-31 00:00:00","DATE_TYPE_CODE":"001","REPORT_TYPE":"2020年年报","PER_NETCASH_OPERATE":0.009085943775,"PER_OI":0.337866666667,"BPS":0.184615127175,"BASIC_EPS":0.01,"DILUTED_EPS":0.01,"OPERATE_INCOME":210322000,"OPERATE_INCOME_YOY":10.0436361353,"GROSS_PROFIT":42663000,"GROSS_PROFIT_YOY":-20.556031432721,"HOLDER_PROFIT":2888000,"HOLDER_PROFIT_YOY":-85.572263576,"GROSS_PROFIT_RATIO":20.284611215184,"EPS_TTM":0.00463935743,"OPERATE_INCOME_QOQ":-14.322493390527,"NET_PROFIT_RATIO":1.3731326252,"ROE_AVG":2.58863706645,"GROSS_PROFIT_QOQ":-34.617093990897,"ROA":0.804256320499,"HOLDER_PROFIT_QOQ":-91.493873704053,"ROE_YEARLY":2.58863706645,"ROIC_YEARLY":2.175427760055,"TOTAL_ASSETS":396670000,"TOTAL_LIABILITIES":231181000,"TAX_EBT":-26.168632590651,"OCF_SALES":2.689209878187,"TOTAL_PARENT_EQUITY":165489000,"DEBT_ASSET_RATIO":58.2804346182,"OPERATE_PROFIT":2313000,"PRETAX_PROFIT":2289000,"NETCASH_OPERATE":5656000,"NETCASH_INVEST":-93000,"NETCASH_FINANCE":112758000,"END_CASH":281029000,"DIVI_RATIO":null,"DIVIDEND_RATE":null,"CURRENT_RATIO":1.71100566223,"COMMON_ACS":1000000000,"CURRENTDEBT_DEBT":100,"ISSUED_COMMON_SHARES":896400000,"HK_COMMON_SHARES":896400000,"PER_SHARES":2500,"TOTAL_MARKET_CAP":107568000,"HKSK_MARKET_CAP":107568000,"PE_TTM":-4.587655769575,"PB_TTM":0.511414205701,"REPORT_DATE_SQ":"2019-12-31 00:00:00","REPORT_TYPE_SQ":"2019年年报","OPERATE_INCOME_SQ":191126000,"DPS_HKD":null,"OPERATE_INCOME_QOQ_SQ":4.163237722563,"NET_PROFIT_RATIO_SQ":11.5358454632,"HOLDER_PROFIT_SQ":20017000,"HOLDER_PROFIT_QOQ_SQ":-2.360860445832,"ROE_AVG_SQ":44.609110358353,"PE_TTM_SQ":14.123444204922,"PB_TTM_SQ":0.566839055604,"ROA_SQ":7.163267898776,"START_DATE":"2020-01-01 00:00:00","FISCAL_YEAR":"12-31","CURRENCY":"HKD","IS_CNY_CODE":0,"DPS_HKD_LY":null,"ORG_TYPE":"一般企业","PREMIUM_INCOME":null,"PREMIUM_INCOME_YOY":null,"NET_INTEREST_INCOME":null,"NET_INTEREST_INCOME_YOY":null,"FEE_COMMISSION_INCOME":null,"FEE_COMMISSION_INCOME_YOY":null,"ACCOUNTS_RECE_TDAYS":1.686894449791,"INVENTORY_TDAYS":null,"CURRENT_ASSETS_TDAYS":0.587531828296,"TOTAL_ASSETS_TDAYS":0.585709133795,"PREMIUM_EXPENSE":null,"LOAN_DEPOSIT":null,"LOAN_EQUITY":null,"LOAN_ASSETS":null,"DEPOSIT_EQUITY":null,"DEPOSIT_ASSETS":null,"EQUITY_MULTIPLIER":2.396956897437,"EQUITY_RATIO":1.396956897437},{"SECUCODE":"01163.HK","SECURITY_CODE":"01163","SECURITY_NAME_ABBR":"虎视传媒","ORG_CODE":"10000055372","STD_REPORT_DATE":"2020-06-30 00:00:00","REPORT_DATE":"2020-06-30 00:00:00","DATE_TYPE_CODE":"002","REPORT_TYPE":"2020年中报","PER_NETCASH_OPERATE":0.190245,"PER_OI":0.61484,"BPS":0.091186970103,"BASIC_EPS":0.05,"DILUTED_EPS":0.05,"OPERATE_INCOME":122968000,"OPERATE_INCOME_YOY":79.2196814015,"GROSS_PROFIT":38863000,"GROSS_PROFIT_YOY":42.282346049645,"HOLDER_PROFIT":23276000,"HOLDER_PROFIT_YOY":149.1810298683,"GROSS_PROFIT_RATIO":31.604157179104,"EPS_TTM":0.16976,"OPERATE_INCOME_QOQ":28.43935414334,"NET_PROFIT_RATIO":18.928501724,"ROE_AVG":33.399339933993,"GROSS_PROFIT_QOQ":21.505716733083,"ROA":7.309417674056,"HOLDER_PROFIT_QOQ":69.615826547435,"ROE_YEARLY":66.798679867987,"ROIC_YEARLY":36.497918414388,"TOTAL_ASSETS":315368000,"TOTAL_LIABILITIES":233628000,"TAX_EBT":7.081836327345,"OCF_SALES":30.942196343764,"TOTAL_PARENT_EQUITY":81740000,"DEBT_ASSET_RATIO":74.0810735395,"OPERATE_PROFIT":25058000,"PRETAX_PROFIT":25050000,"NETCASH_OPERATE":38049000,"NETCASH_INVEST":null,"NETCASH_FINANCE":-487000,"END_CASH":210144000,"DIVI_RATIO":null,"DIVIDEND_RATE":null,"CURRENT_RATIO":1.346431078467,"COMMON_ACS":1000000000,"CURRENTDEBT_DEBT":100,"ISSUED_COMMON_SHARES":896400000,"HK_COMMON_SHARES":896400000,"PER_SHARES":2500,"TOTAL_MARKET_CAP":107568000,"HKSK_MARKET_CAP":107568000,"PE_TTM":-4.587655769575,"PB_TTM":0.511414205701,"REPORT_DATE_SQ":"2019-06-30 00:00:00","REPORT_TYPE_SQ":"2019年中报","OPERATE_INCOME_SQ":68613000,"DPS_HKD":null,"OPERATE_INCOME_QOQ_SQ":5.54328444061,"NET_PROFIT_RATIO_SQ":16.5741186073,"HOLDER_PROFIT_SQ":9341000,"HOLDER_PROFIT_QOQ_SQ":-3.49291531328,"ROE_AVG_SQ":47.204184248427,"PE_TTM_SQ":14.123444204922,"PB_TTM_SQ":0.566839055604,"ROA_SQ":3.347500752569,"START_DATE":"2020-01-01 00:00:00","FISCAL_YEAR":"12-31","CURRENCY":"HKD","IS_CNY_CODE":0,"DPS_HKD_LY":null,"ORG_TYPE":"一般企业","PREMIUM_INCOME":null,"PREMIUM_INCOME_YOY":null,"NET_INTEREST_INCOME":null,"NET_INTEREST_INCOME_YOY":null,"FEE_COMMISSION_INCOME":null,"FEE_COMMISSION_INCOME_YOY":null,"ACCOUNTS_RECE_TDAYS":1.037087639843,"INVENTORY_TDAYS":null,"CURRENT_ASSETS_TDAYS":0.387323355849,"TOTAL_ASSETS_TDAYS":0.386159336889,"PREMIUM_EXPENSE":null,"LOAN_DEPOSIT":null,"LOAN_EQUITY":null,"LOAN_ASSETS":null,"DEPOSIT_EQUITY":null,"DEPOSIT_ASSETS":null,"EQUITY_MULTIPLIER":3.858184487401,"EQUITY_RATIO":2.858184487399}],"count":15},"success":true,"message":"ok","code":0}