{"version":"8de33cc4961f283d8b7ed1f5488da86e","result":{"pages":6,"data":[{"SECUCODE":"01166.HK","SECURITY_CODE":"01166","SECURITY_NAME_ABBR":"星凯控股","ORG_CODE":"10010521","STD_REPORT_DATE":"2023-12-31 00:00:00","REPORT_DATE":"2024-06-30 00:00:00","DATE_TYPE_CODE":"001","REPORT_TYPE":"2023年年报","PER_NETCASH_OPERATE":-0.054371848564,"PER_OI":6.116736872912,"BPS":6.153551065302,"BASIC_EPS":-0.68451,"DILUTED_EPS":-0.68451,"OPERATE_INCOME":726219476,"OPERATE_INCOME_YOY":112.5744023766,"GROSS_PROFIT":61354000.32,"GROSS_PROFIT_YOY":447.477683306532,"HOLDER_PROFIT":-80786782.88,"HOLDER_PROFIT_YOY":49.777016216,"GROSS_PROFIT_RATIO":8.448410204851,"EPS_TTM":-0.086751689969,"OPERATE_INCOME_QOQ":98.680360389514,"NET_PROFIT_RATIO":-11.2161618701,"ROE_AVG":-10.477169521327,"GROSS_PROFIT_QOQ":91.276488105487,"ROA":-6.290724635106,"HOLDER_PROFIT_QOQ":-26.769641804186,"ROE_YEARLY":-10.477169521327,"ROIC_YEARLY":-6.734337696801,"TOTAL_ASSETS":1247921054.2,"TOTAL_LIABILITIES":518939808.52,"TAX_EBT":19.565413316991,"OCF_SALES":-0.888902852834,"TOTAL_PARENT_EQUITY":730590300.52,"DEBT_ASSET_RATIO":41.5843459627,"OPERATE_PROFIT":-94853007.04,"PRETAX_PROFIT":-101267322.08,"NETCASH_OPERATE":-6455385.64,"NETCASH_INVEST":34605174.88,"NETCASH_FINANCE":-13028507,"END_CASH":93573429.68,"DIVI_RATIO":null,"DIVIDEND_RATE":null,"CURRENT_RATIO":0.886036332018,"COMMON_ACS":2500000000,"CURRENTDEBT_DEBT":71.19764891688,"ISSUED_COMMON_SHARES":118726617,"HK_COMMON_SHARES":118726617,"PER_SHARES":10000,"TOTAL_MARKET_CAP":34430718.93,"HKSK_MARKET_CAP":34430718.93,"PE_TTM":-0.388977347937,"PB_TTM":0.043012107512,"REPORT_DATE_SQ":"2022-12-31 00:00:00","REPORT_TYPE_SQ":"2022年年报","OPERATE_INCOME_SQ":345111865.68,"DPS_HKD":null,"OPERATE_INCOME_QOQ_SQ":-11.276557980221,"NET_PROFIT_RATIO_SQ":-47.2218660169,"HOLDER_PROFIT_SQ":-162495287.08,"HOLDER_PROFIT_QOQ_SQ":-54.867423937252,"ROE_AVG_SQ":-17.815709111641,"PE_TTM_SQ":-0.458076209162,"PB_TTM_SQ":0.090793675647,"ROA_SQ":-11.228277170499,"START_DATE":"2023-07-01 00:00:00","FISCAL_YEAR":"6-30","CURRENCY":"HKD","IS_CNY_CODE":0,"DPS_HKD_LY":null,"ORG_TYPE":"一般企业","PREMIUM_INCOME":null,"PREMIUM_INCOME_YOY":null,"NET_INTEREST_INCOME":null,"NET_INTEREST_INCOME_YOY":null,"FEE_COMMISSION_INCOME":null,"FEE_COMMISSION_INCOME_YOY":null,"ACCOUNTS_RECE_TDAYS":3.432004727255,"INVENTORY_TDAYS":29.636940602116,"CURRENT_ASSETS_TDAYS":2.238964510569,"TOTAL_ASSETS_TDAYS":0.565494327823,"PREMIUM_EXPENSE":null,"LOAN_DEPOSIT":null,"LOAN_EQUITY":null,"LOAN_ASSETS":null,"DEPOSIT_EQUITY":null,"DEPOSIT_ASSETS":null,"EQUITY_MULTIPLIER":1.71186990282,"EQUITY_RATIO":0.710302077855},{"SECUCODE":"01166.HK","SECURITY_CODE":"01166","SECURITY_NAME_ABBR":"星凯控股","ORG_CODE":"10010521","STD_REPORT_DATE":"2023-06-30 00:00:00","REPORT_DATE":"2023-12-31 00:00:00","DATE_TYPE_CODE":"002","REPORT_TYPE":"2023年中报","PER_NETCASH_OPERATE":0.00238678572,"PER_OI":0.216609009351,"BPS":6.620120767359,"BASIC_EPS":-0.022383634,"DILUTED_EPS":-0.022383634,"OPERATE_INCOME":514345097.84,"OPERATE_INCOME_YOY":191.7328015132,"GROSS_PROFIT":16705259.48,"GROSS_PROFIT_YOY":157.948181555332,"HOLDER_PROFIT":-53246768.54,"HOLDER_PROFIT_YOY":-438.4622434018,"GROSS_PROFIT_RATIO":3.247869873778,"EPS_TTM":-0.06843254326,"OPERATE_INCOME_QOQ":-3.537645946483,"NET_PROFIT_RATIO":-10.4263423848,"ROE_AVG":-6.690137236796,"GROSS_PROFIT_QOQ":-71.349046422007,"ROA":-4.060827052184,"HOLDER_PROFIT_QOQ":-20.030247589637,"ROE_YEARLY":-13.380274473592,"ROIC_YEARLY":-8.704515068128,"TOTAL_ASSETS":1311285840.48,"TOTAL_LIABILITIES":526676033.38,"TAX_EBT":14.815241330666,"OCF_SALES":1.101886632885,"TOTAL_PARENT_EQUITY":785984542.84,"DEBT_ASSET_RATIO":40.1648532396,"OPERATE_PROFIT":-61807828.88,"PRETAX_PROFIT":-62954197.18,"NETCASH_OPERATE":5667499.88,"NETCASH_INVEST":5598627.16,"NETCASH_FINANCE":9372127.24,"END_CASH":100295898.5,"DIVI_RATIO":null,"DIVIDEND_RATE":null,"CURRENT_RATIO":0.997228571201,"COMMON_ACS":2500000000,"CURRENTDEBT_DEBT":64.816691587274,"ISSUED_COMMON_SHARES":118726617,"HK_COMMON_SHARES":118726617,"PER_SHARES":10000,"TOTAL_MARKET_CAP":35617985.1,"HKSK_MARKET_CAP":35617985.1,"PE_TTM":-0.402390359935,"PB_TTM":0.044495283633,"REPORT_DATE_SQ":"2022-06-30 00:00:00","REPORT_TYPE_SQ":"2022年中报","OPERATE_INCOME_SQ":173787465.04,"DPS_HKD":null,"OPERATE_INCOME_QOQ_SQ":-3.623220050777,"NET_PROFIT_RATIO_SQ":-5.6637814055,"HOLDER_PROFIT_SQ":-9747362.24,"HOLDER_PROFIT_QOQ_SQ":-152.516861767493,"ROE_AVG_SQ":-1.010564997703,"PE_TTM_SQ":-0.417657720118,"PB_TTM_SQ":0.082782468972,"ROA_SQ":-0.656979945314,"START_DATE":"2023-07-01 00:00:00","FISCAL_YEAR":"6-30","CURRENCY":"HKD","IS_CNY_CODE":0,"DPS_HKD_LY":null,"ORG_TYPE":"一般企业","PREMIUM_INCOME":null,"PREMIUM_INCOME_YOY":null,"NET_INTEREST_INCOME":null,"NET_INTEREST_INCOME_YOY":null,"FEE_COMMISSION_INCOME":null,"FEE_COMMISSION_INCOME_YOY":null,"ACCOUNTS_RECE_TDAYS":2.447348790279,"INVENTORY_TDAYS":19.615924556609,"CURRENT_ASSETS_TDAYS":1.559810098317,"TOTAL_ASSETS_TDAYS":0.3922616423,"PREMIUM_EXPENSE":null,"LOAN_DEPOSIT":null,"LOAN_EQUITY":null,"LOAN_ASSETS":null,"DEPOSIT_EQUITY":null,"DEPOSIT_ASSETS":null,"EQUITY_MULTIPLIER":1.671258539741,"EQUITY_RATIO":0.670084466899},{"SECUCODE":"01166.HK","SECURITY_CODE":"01166","SECURITY_NAME_ABBR":"星凯控股","ORG_CODE":"10010521","STD_REPORT_DATE":"2022-12-31 00:00:00","REPORT_DATE":"2023-06-30 00:00:00","DATE_TYPE_CODE":"001","REPORT_TYPE":"2022年年报","PER_NETCASH_OPERATE":0.009950802961,"PER_OI":0.145338877836,"BPS":6.905176990935,"BASIC_EPS":-1.3645304,"DILUTED_EPS":-1.3645304,"OPERATE_INCOME":345111865.68,"OPERATE_INCOME_YOY":-20.6152005955,"GROSS_PROFIT":11206666.9,"GROSS_PROFIT_YOY":-80.346890006119,"HOLDER_PROFIT":-162495287.08,"HOLDER_PROFIT_YOY":-72.4216869827,"GROSS_PROFIT_RATIO":3.247256328877,"EPS_TTM":-0.057012748565,"OPERATE_INCOME_QOQ":-11.276557980221,"NET_PROFIT_RATIO":-47.2218660169,"ROE_AVG":-17.815709111641,"GROSS_PROFIT_QOQ":-31.405040532485,"ROA":-11.228277170499,"HOLDER_PROFIT_QOQ":-54.867423937252,"ROE_YEARLY":-17.815709111641,"ROIC_YEARLY":-11.812639576625,"TOTAL_ASSETS":1333975982.8,"TOTAL_LIABILITIES":515114835.9,"TAX_EBT":-7.64991047394,"OCF_SALES":6.846621571079,"TOTAL_PARENT_EQUITY":819828303.92,"DEBT_ASSET_RATIO":38.6150007603,"OPERATE_PROFIT":-143176118.16,"PRETAX_PROFIT":-151387272.04,"NETCASH_OPERATE":19869590.98,"NETCASH_INVEST":22400426.08,"NETCASH_FINANCE":-23658006.8,"END_CASH":78981416.7,"DIVI_RATIO":null,"DIVIDEND_RATE":null,"CURRENT_RATIO":1.026720128308,"COMMON_ACS":2500000000,"CURRENTDEBT_DEBT":61.378545028235,"ISSUED_COMMON_SHARES":118726617,"HK_COMMON_SHARES":118726617,"PER_SHARES":10000,"TOTAL_MARKET_CAP":35617985.1,"HKSK_MARKET_CAP":35617985.1,"PE_TTM":-0.402390359935,"PB_TTM":0.044495283633,"REPORT_DATE_SQ":"2021-12-31 00:00:00","REPORT_TYPE_SQ":"2021年年报","OPERATE_INCOME_SQ":403240043.99,"DPS_HKD":null,"OPERATE_INCOME_QOQ_SQ":16.115211629924,"NET_PROFIT_RATIO_SQ":-21.4609741666,"HOLDER_PROFIT_SQ":-87415811.42,"HOLDER_PROFIT_QOQ_SQ":27.949728592435,"ROE_AVG_SQ":-8.92887637824,"PE_TTM_SQ":-0.417657720118,"PB_TTM_SQ":0.082782468972,"ROA_SQ":-5.91408270042,"START_DATE":"2022-07-01 00:00:00","FISCAL_YEAR":"6-30","CURRENCY":"HKD","IS_CNY_CODE":0,"DPS_HKD_LY":null,"ORG_TYPE":"一般企业","PREMIUM_INCOME":null,"PREMIUM_INCOME_YOY":null,"NET_INTEREST_INCOME":null,"NET_INTEREST_INCOME_YOY":null,"FEE_COMMISSION_INCOME":null,"FEE_COMMISSION_INCOME_YOY":null,"ACCOUNTS_RECE_TDAYS":3.151603940389,"INVENTORY_TDAYS":12.649703108627,"CURRENT_ASSETS_TDAYS":1.04900519716,"TOTAL_ASSETS_TDAYS":0.238469173618,"PREMIUM_EXPENSE":null,"LOAN_DEPOSIT":null,"LOAN_EQUITY":null,"LOAN_ASSETS":null,"DEPOSIT_EQUITY":null,"DEPOSIT_ASSETS":null,"EQUITY_MULTIPLIER":1.629062494723,"EQUITY_RATIO":0.628320385423},{"SECUCODE":"01166.HK","SECURITY_CODE":"01166","SECURITY_NAME_ABBR":"星凯控股","ORG_CODE":"10010521","STD_REPORT_DATE":"2022-06-30 00:00:00","REPORT_DATE":"2022-12-31 00:00:00","DATE_TYPE_CODE":"002","REPORT_TYPE":"2022年中报","PER_NETCASH_OPERATE":0.021813623402,"PER_OI":0.073188080917,"BPS":8.05223879444,"BASIC_EPS":-0.004109042,"DILUTED_EPS":-0.004109042,"OPERATE_INCOME":173787465.04,"OPERATE_INCOME_YOY":-27.4530715133,"GROSS_PROFIT":6476207.5,"GROSS_PROFIT_YOY":-73.44086161646,"HOLDER_PROFIT":-9747362.24,"HOLDER_PROFIT_YOY":-123.3456708243,"GROSS_PROFIT_RATIO":3.726510136108,"EPS_TTM":-0.036813906447,"OPERATE_INCOME_QOQ":-3.623220050777,"NET_PROFIT_RATIO":-5.6637814055,"ROE_AVG":-1.010564997703,"GROSS_PROFIT_QOQ":21.310463955904,"ROA":-0.656979945314,"HOLDER_PROFIT_QOQ":-152.516861767493,"ROE_YEARLY":-2.021129995407,"ROIC_YEARLY":-1.375773178979,"TOTAL_ASSETS":1455496817.81,"TOTAL_LIABILITIES":500123114.33,"TAX_EBT":-98.361836183618,"OCF_SALES":29.804885069287,"TOTAL_PARENT_EQUITY":956015071.34,"DEBT_ASSET_RATIO":34.360989884,"OPERATE_PROFIT":-92006.81,"PRETAX_PROFIT":-4962114.85,"NETCASH_OPERATE":51797154.22,"NETCASH_INVEST":18253972.45,"NETCASH_FINANCE":-60798636.01,"END_CASH":70822911.95,"DIVI_RATIO":null,"DIVIDEND_RATE":null,"CURRENT_RATIO":1.299371621952,"COMMON_ACS":2500000000,"CURRENTDEBT_DEBT":47.553310626046,"ISSUED_COMMON_SHARES":118726617,"HK_COMMON_SHARES":118726617,"PER_SHARES":10000,"TOTAL_MARKET_CAP":35617985.1,"HKSK_MARKET_CAP":35617985.1,"PE_TTM":-0.402390359935,"PB_TTM":0.044495283633,"REPORT_DATE_SQ":"2021-06-30 00:00:00","REPORT_TYPE_SQ":"2021年中报","OPERATE_INCOME_SQ":219259062.4,"DPS_HKD":null,"OPERATE_INCOME_QOQ_SQ":22.893717310701,"NET_PROFIT_RATIO_SQ":17.9465570861,"HOLDER_PROFIT_SQ":38215441.6,"HOLDER_PROFIT_QOQ_SQ":258.71779674812,"ROE_AVG_SQ":3.799997886225,"PE_TTM_SQ":-0.417657720118,"PB_TTM_SQ":0.082782468972,"ROA_SQ":2.513374533726,"START_DATE":"2022-07-01 00:00:00","FISCAL_YEAR":"6-30","CURRENCY":"HKD","IS_CNY_CODE":0,"DPS_HKD_LY":null,"ORG_TYPE":"一般企业","PREMIUM_INCOME":null,"PREMIUM_INCOME_YOY":null,"NET_INTEREST_INCOME":null,"NET_INTEREST_INCOME_YOY":null,"FEE_COMMISSION_INCOME":null,"FEE_COMMISSION_INCOME_YOY":null,"ACCOUNTS_RECE_TDAYS":1.630226117705,"INVENTORY_TDAYS":6.671724727506,"CURRENT_ASSETS_TDAYS":0.549957103504,"TOTAL_ASSETS_TDAYS":0.117134129693,"PREMIUM_EXPENSE":null,"LOAN_DEPOSIT":null,"LOAN_EQUITY":null,"LOAN_ASSETS":null,"DEPOSIT_EQUITY":null,"DEPOSIT_ASSETS":null,"EQUITY_MULTIPLIER":1.523484278987,"EQUITY_RATIO":0.523133085788},{"SECUCODE":"01166.HK","SECURITY_CODE":"01166","SECURITY_NAME_ABBR":"星凯控股","ORG_CODE":"10010521","STD_REPORT_DATE":"2021-12-31 00:00:00","REPORT_DATE":"2022-06-30 00:00:00","DATE_TYPE_CODE":"001","REPORT_TYPE":"2021年年报","PER_NETCASH_OPERATE":0.000336380957,"PER_OI":0.169818720595,"BPS":7.846550407311,"BASIC_EPS":-0.03677317,"DILUTED_EPS":-0.03677317,"OPERATE_INCOME":403240043.99,"OPERATE_INCOME_YOY":8.8839831058,"GROSS_PROFIT":57022358.82,"GROSS_PROFIT_YOY":17.680220408915,"HOLDER_PROFIT":-87415811.42,"HOLDER_PROFIT_YOY":-165.3793509268,"GROSS_PROFIT_RATIO":14.141045679832,"EPS_TTM":0.070099212344,"OPERATE_INCOME_QOQ":16.115211629924,"NET_PROFIT_RATIO":-21.4609741666,"ROE_AVG":-8.92887637824,"GROSS_PROFIT_QOQ":-2.992523009647,"ROA":-5.91408270042,"HOLDER_PROFIT_QOQ":27.949728592435,"ROE_YEARLY":-8.92887637824,"ROIC_YEARLY":-6.15609764911,"TOTAL_ASSETS":1447378288.16,"TOTAL_LIABILITIES":516350038.96,"TAX_EBT":10.161666918208,"OCF_SALES":0.198082375971,"TOTAL_PARENT_EQUITY":931594384.98,"DEBT_ASSET_RATIO":35.6748503956,"OPERATE_PROFIT":-70632707.67,"PRETAX_PROFIT":-96327746.41,"NETCASH_OPERATE":798747.46,"NETCASH_INVEST":-40134066.7,"NETCASH_FINANCE":44621248.63,"END_CASH":61014385.74,"DIVI_RATIO":null,"DIVIDEND_RATE":null,"CURRENT_RATIO":1.216697961464,"COMMON_ACS":2500000000,"CURRENTDEBT_DEBT":49.218594729241,"ISSUED_COMMON_SHARES":118726617,"HK_COMMON_SHARES":118726617,"PER_SHARES":10000,"TOTAL_MARKET_CAP":35617985.1,"HKSK_MARKET_CAP":35617985.1,"PE_TTM":-0.402390359935,"PB_TTM":0.044495283633,"REPORT_DATE_SQ":"2020-12-31 00:00:00","REPORT_TYPE_SQ":"2020年年报","OPERATE_INCOME_SQ":360331411.92,"DPS_HKD":null,"OPERATE_INCOME_QOQ_SQ":11.350318107735,"NET_PROFIT_RATIO_SQ":38.7605097806,"HOLDER_PROFIT_SQ":130092379.68,"HOLDER_PROFIT_QOQ_SQ":36.923664482153,"ROE_AVG_SQ":14.10025279194,"PE_TTM_SQ":-0.417657720118,"PB_TTM_SQ":0.082782468972,"ROA_SQ":9.944374320024,"START_DATE":"2021-07-01 00:00:00","FISCAL_YEAR":"6-30","CURRENCY":"HKD","IS_CNY_CODE":0,"DPS_HKD_LY":null,"ORG_TYPE":"一般企业","PREMIUM_INCOME":null,"PREMIUM_INCOME_YOY":null,"NET_INTEREST_INCOME":null,"NET_INTEREST_INCOME_YOY":null,"FEE_COMMISSION_INCOME":null,"FEE_COMMISSION_INCOME_YOY":null,"ACCOUNTS_RECE_TDAYS":459.124634858812,"INVENTORY_TDAYS":10.116648966077,"CURRENT_ASSETS_TDAYS":1.128434812159,"TOTAL_ASSETS_TDAYS":0.272810482399,"PREMIUM_EXPENSE":null,"LOAN_DEPOSIT":null,"LOAN_EQUITY":null,"LOAN_ASSETS":null,"DEPOSIT_EQUITY":null,"DEPOSIT_ASSETS":null,"EQUITY_MULTIPLIER":1.554601903221,"EQUITY_RATIO":0.55426486815},{"SECUCODE":"01166.HK","SECURITY_CODE":"01166","SECURITY_NAME_ABBR":"星凯控股","ORG_CODE":"10010521","STD_REPORT_DATE":"2021-06-30 00:00:00","REPORT_DATE":"2021-12-31 00:00:00","DATE_TYPE_CODE":"002","REPORT_TYPE":"2021年中报","PER_NETCASH_OPERATE":-0.019970929349,"PER_OI":0.092337787406,"BPS":8.67543561525,"BASIC_EPS":0.01610672,"DILUTED_EPS":0.01610672,"OPERATE_INCOME":219259062.4,"OPERATE_INCOME_YOY":40.0240183793,"GROSS_PROFIT":24384102.4,"GROSS_PROFIT_YOY":-5.612872776976,"HOLDER_PROFIT":38215441.6,"HOLDER_PROFIT_YOY":2020.7350272232,"GROSS_PROFIT_RATIO":11.121137768762,"EPS_TTM":0.054786526799,"OPERATE_INCOME_QOQ":22.893717310701,"NET_PROFIT_RATIO":17.9465570861,"ROE_AVG":3.799997886225,"GROSS_PROFIT_QOQ":24.367680837897,"ROA":2.513374533726,"HOLDER_PROFIT_QOQ":258.71779674812,"ROE_YEARLY":7.599995772451,"ROIC_YEARLY":5.212186598756,"TOTAL_ASSETS":1598473408,"TOTAL_LIABILITIES":568756081.6,"TAX_EBT":25.094938678952,"OCF_SALES":-21.628122040168,"TOTAL_PARENT_EQUITY":1030005121.6,"DEBT_ASSET_RATIO":35.5812038382,"OPERATE_PROFIT":2015384,"PRETAX_PROFIT":52532435.2,"NETCASH_OPERATE":-47421617.6,"NETCASH_INVEST":-45379252.8,"NETCASH_FINANCE":89930276.8,"END_CASH":55161019.2,"DIVI_RATIO":null,"DIVIDEND_RATE":null,"CURRENT_RATIO":1.425540222841,"COMMON_ACS":2500000000,"CURRENTDEBT_DEBT":53.013407777862,"ISSUED_COMMON_SHARES":118726617,"HK_COMMON_SHARES":118726617,"PER_SHARES":10000,"TOTAL_MARKET_CAP":35617985.1,"HKSK_MARKET_CAP":35617985.1,"PE_TTM":-0.402390359935,"PB_TTM":0.044495283633,"REPORT_DATE_SQ":"2020-06-30 00:00:00","REPORT_TYPE_SQ":"2020年中报","OPERATE_INCOME_SQ":161190892.8,"DPS_HKD":null,"OPERATE_INCOME_QOQ_SQ":0.169037926727,"NET_PROFIT_RATIO_SQ":1.3810568087,"HOLDER_PROFIT_SQ":1854974.56,"HOLDER_PROFIT_QOQ_SQ":49.946096314069,"ROE_AVG_SQ":0.216136491567,"PE_TTM_SQ":-0.417657720118,"PB_TTM_SQ":0.082782468972,"ROA_SQ":0.155105752003,"START_DATE":"2021-07-01 00:00:00","FISCAL_YEAR":"6-30","CURRENCY":"HKD","IS_CNY_CODE":0,"DPS_HKD_LY":null,"ORG_TYPE":"一般企业","PREMIUM_INCOME":null,"PREMIUM_INCOME_YOY":null,"NET_INTEREST_INCOME":null,"NET_INTEREST_INCOME_YOY":null,"FEE_COMMISSION_INCOME":null,"FEE_COMMISSION_INCOME_YOY":null,"ACCOUNTS_RECE_TDAYS":1.56615332504,"INVENTORY_TDAYS":5.677297953934,"CURRENT_ASSETS_TDAYS":0.536427391254,"TOTAL_ASSETS_TDAYS":0.144203526285,"PREMIUM_EXPENSE":null,"LOAN_DEPOSIT":null,"LOAN_EQUITY":null,"LOAN_ASSETS":null,"DEPOSIT_EQUITY":null,"DEPOSIT_ASSETS":null,"EQUITY_MULTIPLIER":1.552341955426,"EQUITY_RATIO":0.552187624773},{"SECUCODE":"01166.HK","SECURITY_CODE":"01166","SECURITY_NAME_ABBR":"星凯控股","ORG_CODE":"10010521","STD_REPORT_DATE":"2020-12-31 00:00:00","REPORT_DATE":"2021-06-30 00:00:00","DATE_TYPE_CODE":"001","REPORT_TYPE":"2020年年报","PER_NETCASH_OPERATE":-0.000212353595,"PER_OI":0.151748369921,"BPS":8.411886586813,"BASIC_EPS":0.05491728,"DILUTED_EPS":0.05491728,"OPERATE_INCOME":360331411.92,"OPERATE_INCOME_YOY":50.2228805534,"GROSS_PROFIT":48455346.72,"GROSS_PROFIT_YOY":65.601423676342,"HOLDER_PROFIT":130092379.68,"HOLDER_PROFIT_YOY":209.9023611863,"GROSS_PROFIT_RATIO":13.447438973419,"EPS_TTM":-0.034518200177,"OPERATE_INCOME_QOQ":11.350318107735,"NET_PROFIT_RATIO":38.7605097806,"ROE_AVG":14.10025279194,"GROSS_PROFIT_QOQ":33.154709133951,"ROA":9.944374320024,"HOLDER_PROFIT_QOQ":36.923664482153,"ROE_YEARLY":14.10025279194,"ROIC_YEARLY":10.340104561072,"TOTAL_ASSETS":1468040408.16,"TOTAL_LIABILITIES":470750924.16,"TAX_EBT":11.015686711092,"OCF_SALES":-0.139937974686,"TOTAL_PARENT_EQUITY":998714837.04,"DEBT_ASSET_RATIO":32.0666189802,"OPERATE_PROFIT":150620625.36,"PRETAX_PROFIT":156956082.48,"NETCASH_OPERATE":-480942.24,"NETCASH_INVEST":-46608961.2,"NETCASH_FINANCE":45474004.08,"END_CASH":55710252.24,"DIVI_RATIO":null,"DIVIDEND_RATE":null,"CURRENT_RATIO":1.168371898179,"COMMON_ACS":2500000000,"CURRENTDEBT_DEBT":71.729308955161,"ISSUED_COMMON_SHARES":118726617,"HK_COMMON_SHARES":118726617,"PER_SHARES":10000,"TOTAL_MARKET_CAP":35617985.1,"HKSK_MARKET_CAP":35617985.1,"PE_TTM":-0.402390359935,"PB_TTM":0.044495283633,"REPORT_DATE_SQ":"2019-12-31 00:00:00","REPORT_TYPE_SQ":"2019年年报","OPERATE_INCOME_SQ":263318262.24,"DPS_HKD":null,"OPERATE_INCOME_QOQ_SQ":-5.769861759667,"NET_PROFIT_RATIO_SQ":-49.8555178981,"HOLDER_PROFIT_SQ":-129945060.96,"HOLDER_PROFIT_QOQ_SQ":2.26429545015,"ROE_AVG_SQ":-13.297625974767,"PE_TTM_SQ":-0.417657720118,"PB_TTM_SQ":0.082782468972,"ROA_SQ":-10.229787111643,"START_DATE":"2020-07-01 00:00:00","FISCAL_YEAR":"6-30","CURRENCY":"HKD","IS_CNY_CODE":0,"DPS_HKD_LY":null,"ORG_TYPE":"一般企业","PREMIUM_INCOME":null,"PREMIUM_INCOME_YOY":null,"NET_INTEREST_INCOME":null,"NET_INTEREST_INCOME_YOY":null,"FEE_COMMISSION_INCOME":null,"FEE_COMMISSION_INCOME_YOY":null,"ACCOUNTS_RECE_TDAYS":716.375516956162,"INVENTORY_TDAYS":10.717114386607,"CURRENT_ASSETS_TDAYS":1.06412011156,"TOTAL_ASSETS_TDAYS":0.275440456098,"PREMIUM_EXPENSE":null,"LOAN_DEPOSIT":null,"LOAN_EQUITY":null,"LOAN_ASSETS":null,"DEPOSIT_EQUITY":null,"DEPOSIT_ASSETS":null,"EQUITY_MULTIPLIER":1.472030370031,"EQUITY_RATIO":0.471356694324},{"SECUCODE":"01166.HK","SECURITY_CODE":"01166","SECURITY_NAME_ABBR":"星凯控股","ORG_CODE":"10010521","STD_REPORT_DATE":"2020-06-30 00:00:00","REPORT_DATE":"2020-12-31 00:00:00","DATE_TYPE_CODE":"002","REPORT_TYPE":"2020年中报","PER_NETCASH_OPERATE":-0.002922395153,"PER_OI":0.067883216448,"BPS":7.245420400044,"BASIC_EPS":0.000757476,"DILUTED_EPS":0.000757476,"OPERATE_INCOME":161190892.8,"OPERATE_INCOME_YOY":30.659025788,"GROSS_PROFIT":25834139.8,"GROSS_PROFIT_YOY":60.132296057215,"HOLDER_PROFIT":1854974.56,"HOLDER_PROFIT_YOY":104.2802765478,"GROSS_PROFIT_RATIO":16.027046783626,"EPS_TTM":-0.054724485648,"OPERATE_INCOME_QOQ":0.169037926727,"NET_PROFIT_RATIO":1.3810568087,"ROE_AVG":0.216136491567,"GROSS_PROFIT_QOQ":8.440013210368,"ROA":0.155105752003,"HOLDER_PROFIT_QOQ":49.946096314069,"ROE_YEARLY":0.432272983135,"ROIC_YEARLY":0.319527146216,"TOTAL_ASSETS":1230328709.72,"TOTAL_LIABILITIES":381503629.04,"TAX_EBT":9.386776293251,"OCF_SALES":-4.305033416876,"TOTAL_PARENT_EQUITY":860224252.84,"DEBT_ASSET_RATIO":31.0082684429,"OPERATE_PROFIT":981352.24,"PRETAX_PROFIT":2456747.16,"NETCASH_OPERATE":-6939321.8,"NETCASH_INVEST":4370636.52,"NETCASH_FINANCE":-13092551.84,"END_CASH":34734482.8,"DIVI_RATIO":null,"DIVIDEND_RATE":null,"CURRENT_RATIO":1.119696697169,"COMMON_ACS":2500000000,"CURRENTDEBT_DEBT":78.497019541746,"ISSUED_COMMON_SHARES":118726617,"HK_COMMON_SHARES":118726617,"PER_SHARES":10000,"TOTAL_MARKET_CAP":35617985.1,"HKSK_MARKET_CAP":35617985.1,"PE_TTM":-0.402390359935,"PB_TTM":0.044495283633,"REPORT_DATE_SQ":"2019-06-30 00:00:00","REPORT_TYPE_SQ":"2019年中报","OPERATE_INCOME_SQ":131303432.4,"DPS_HKD":null,"OPERATE_INCOME_QOQ_SQ":-10.977476824531,"NET_PROFIT_RATIO_SQ":-35.6747168782,"HOLDER_PROFIT_SQ":-46125503.76,"HOLDER_PROFIT_QOQ_SQ":-109.071403653003,"ROE_AVG_SQ":-4.587920667428,"PE_TTM_SQ":-0.417657720118,"PB_TTM_SQ":0.082782468972,"ROA_SQ":-3.66221715201,"START_DATE":"2020-07-01 00:00:00","FISCAL_YEAR":"6-30","CURRENCY":"HKD","IS_CNY_CODE":0,"DPS_HKD_LY":null,"ORG_TYPE":"一般企业","PREMIUM_INCOME":null,"PREMIUM_INCOME_YOY":null,"NET_INTEREST_INCOME":null,"NET_INTEREST_INCOME_YOY":null,"FEE_COMMISSION_INCOME":null,"FEE_COMMISSION_INCOME_YOY":null,"ACCOUNTS_RECE_TDAYS":1.182455793737,"INVENTORY_TDAYS":6.544385440192,"CURRENT_ASSETS_TDAYS":0.518898532741,"TOTAL_ASSETS_TDAYS":0.134781550016,"PREMIUM_EXPENSE":null,"LOAN_DEPOSIT":null,"LOAN_EQUITY":null,"LOAN_ASSETS":null,"DEPOSIT_EQUITY":null,"DEPOSIT_ASSETS":null,"EQUITY_MULTIPLIER":1.449449053431,"EQUITY_RATIO":0.443493226075},{"SECUCODE":"01166.HK","SECURITY_CODE":"01166","SECURITY_NAME_ABBR":"星凯控股","ORG_CODE":"10010521","STD_REPORT_DATE":"2019-12-31 00:00:00","REPORT_DATE":"2020-06-30 00:00:00","DATE_TYPE_CODE":"001","REPORT_TYPE":"2019年年报","PER_NETCASH_OPERATE":-0.004320748935,"PER_OI":0.110892683079,"BPS":7.827287509085,"BASIC_EPS":-0.0548064,"DILUTED_EPS":-0.0548064,"OPERATE_INCOME":263318262.24,"OPERATE_INCOME_YOY":-9.1012001236,"GROSS_PROFIT":29260223.52,"GROSS_PROFIT_YOY":5.193085779885,"HOLDER_PROFIT":-129945060.96,"HOLDER_PROFIT_YOY":52.8885989343,"GROSS_PROFIT_RATIO":11.112113254542,"EPS_TTM":-0.109331104305,"OPERATE_INCOME_QOQ":-5.769861759667,"NET_PROFIT_RATIO":-49.8555178981,"ROE_AVG":-13.297625974767,"GROSS_PROFIT_QOQ":-2.994215266448,"ROA":-10.229787111643,"HOLDER_PROFIT_QOQ":2.26429545015,"ROE_YEARLY":-13.297625974767,"ROIC_YEARLY":-10.638684521076,"TOTAL_ASSETS":1260646764.96,"TOTAL_LIABILITIES":339108205.92,"TAX_EBT":0.767106262515,"OCF_SALES":-3.896333658259,"TOTAL_PARENT_EQUITY":929307366.24,"DEBT_ASSET_RATIO":26.8995419927,"OPERATE_PROFIT":-121337715.84,"PRETAX_PROFIT":-132293515.2,"NETCASH_OPERATE":-10259758.08,"NETCASH_INVEST":12524175.84,"NETCASH_FINANCE":2982381.6,"END_CASH":58125840.96,"DIVI_RATIO":null,"DIVIDEND_RATE":null,"CURRENT_RATIO":1.556535402771,"COMMON_ACS":2500000000,"CURRENTDEBT_DEBT":58.799223150336,"ISSUED_COMMON_SHARES":118726617,"HK_COMMON_SHARES":118726617,"PER_SHARES":10000,"TOTAL_MARKET_CAP":30868920.42,"HKSK_MARKET_CAP":30868920.42,"PE_TTM":-0.348738311944,"PB_TTM":0.038562579148,"REPORT_DATE_SQ":"2018-12-31 00:00:00","REPORT_TYPE_SQ":"2018年年报","OPERATE_INCOME_SQ":278970094.44,"DPS_HKD":null,"OPERATE_INCOME_QOQ_SQ":-5.992183896703,"NET_PROFIT_RATIO_SQ":-95.4914957084,"HOLDER_PROFIT_SQ":-265624772.58,"HOLDER_PROFIT_QOQ_SQ":-75.963772323859,"ROE_AVG_SQ":-23.861632983662,"PE_TTM_SQ":-0.404184890437,"PB_TTM_SQ":0.080112066747,"ROA_SQ":-19.76684053144,"START_DATE":"2019-07-01 00:00:00","FISCAL_YEAR":"6-30","CURRENCY":"HKD","IS_CNY_CODE":0,"DPS_HKD_LY":null,"ORG_TYPE":"一般企业","PREMIUM_INCOME":null,"PREMIUM_INCOME_YOY":null,"NET_INTEREST_INCOME":null,"NET_INTEREST_INCOME_YOY":null,"FEE_COMMISSION_INCOME":null,"FEE_COMMISSION_INCOME_YOY":null,"ACCOUNTS_RECE_TDAYS":2.466700894194,"INVENTORY_TDAYS":11.131345163883,"CURRENT_ASSETS_TDAYS":0.822251221164,"TOTAL_ASSETS_TDAYS":0.207294509343,"PREMIUM_EXPENSE":null,"LOAN_DEPOSIT":null,"LOAN_EQUITY":null,"LOAN_ASSETS":null,"DEPOSIT_EQUITY":null,"DEPOSIT_ASSETS":null,"EQUITY_MULTIPLIER":1.36798048502,"EQUITY_RATIO":0.364904248303}],"count":47},"success":true,"message":"ok","code":0}