{"version":"edb837e57ce5de3103f3531e4305ac47","result":{"pages":6,"data":[{"SECUCODE":"01168.HK","SECURITY_CODE":"01168","SECURITY_NAME_ABBR":"百仕达控股","ORG_CODE":"10026354","STD_REPORT_DATE":"2024-06-30 00:00:00","REPORT_DATE":"2024-06-30 00:00:00","DATE_TYPE_CODE":"002","REPORT_TYPE":"2024年中报","PER_NETCASH_OPERATE":0.0087872971,"PER_OI":0.02574947673,"BPS":0.838730891228,"BASIC_EPS":-0.021539248,"DILUTED_EPS":-0.021539248,"OPERATE_INCOME":164127244.4,"OPERATE_INCOME_YOY":-1.774643733,"GROSS_PROFIT":102723046.68,"GROSS_PROFIT_YOY":1.404998142969,"HOLDER_PROFIT":-137372030.2,"HOLDER_PROFIT_YOY":42.0177357967,"GROSS_PROFIT_RATIO":62.587443696825,"EPS_TTM":-0.023562486773,"OPERATE_INCOME_QOQ":-1.427607113632,"NET_PROFIT_RATIO":-84.0354779514,"ROE_AVG":-2.492448468175,"GROSS_PROFIT_QOQ":0.751845889743,"ROA":-1.405789238369,"HOLDER_PROFIT_QOQ":40.437359410486,"ROE_YEARLY":-4.984896936349,"ROIC_YEARLY":-3.457113413084,"TOTAL_ASSETS":9571167463.76,"TOTAL_LIABILITIES":3163092416.92,"TAX_EBT":-6.364813693886,"OCF_SALES":34.126119112495,"TOTAL_PARENT_EQUITY":5346073297.4,"DEBT_ASSET_RATIO":33.0481357567,"OPERATE_PROFIT":-66094460.24,"PRETAX_PROFIT":-129671749.04,"NETCASH_OPERATE":56010258.92,"NETCASH_INVEST":103627512.56,"NETCASH_FINANCE":23798131,"END_CASH":648070338.32,"DIVI_RATIO":null,"DIVIDEND_RATE":null,"CURRENT_RATIO":1.18938673502,"COMMON_ACS":150000000000,"CURRENTDEBT_DEBT":83.772775577016,"ISSUED_COMMON_SHARES":6374003096,"HK_COMMON_SHARES":6374003096,"PER_SHARES":2000,"TOTAL_MARKET_CAP":949726461.304,"HKSK_MARKET_CAP":949726461.304,"PE_TTM":-5.614002762317,"PB_TTM":0.162137011313,"REPORT_DATE_SQ":"2023-06-30 00:00:00","REPORT_TYPE_SQ":"2023年中报","OPERATE_INCOME_SQ":168795176.42,"DPS_HKD":null,"OPERATE_INCOME_QOQ_SQ":3.037460572755,"NET_PROFIT_RATIO_SQ":-152.6117140688,"HOLDER_PROFIT_SQ":-239334944.24,"HOLDER_PROFIT_QOQ_SQ":-246.583976444902,"ROE_AVG_SQ":-4.029389515388,"PE_TTM_SQ":-1.100238131633,"PB_TTM_SQ":0.08738143912,"ROA_SQ":-2.386148630932,"START_DATE":"2024-01-01 00:00:00","FISCAL_YEAR":"12-31","CURRENCY":"HKD","IS_CNY_CODE":0,"DPS_HKD_LY":null,"ORG_TYPE":"一般企业","PREMIUM_INCOME":null,"PREMIUM_INCOME_YOY":null,"NET_INTEREST_INCOME":null,"NET_INTEREST_INCOME_YOY":null,"FEE_COMMISSION_INCOME":null,"FEE_COMMISSION_INCOME_YOY":null,"ACCOUNTS_RECE_TDAYS":1.523060179637,"INVENTORY_TDAYS":0.077351343925,"CURRENT_ASSETS_TDAYS":0.059335960552,"TOTAL_ASSETS_TDAYS":0.016795872753,"PREMIUM_EXPENSE":null,"LOAN_DEPOSIT":null,"LOAN_EQUITY":null,"LOAN_ASSETS":null,"DEPOSIT_EQUITY":null,"DEPOSIT_ASSETS":null,"EQUITY_MULTIPLIER":1.493610389049,"EQUITY_RATIO":0.591666488834},{"SECUCODE":"01168.HK","SECURITY_CODE":"01168","SECURITY_NAME_ABBR":"百仕达控股","ORG_CODE":"10026354","STD_REPORT_DATE":"2023-12-31 00:00:00","REPORT_DATE":"2023-12-31 00:00:00","DATE_TYPE_CODE":"001","REPORT_TYPE":"2023年年报","PER_NETCASH_OPERATE":0.023434889,"PER_OI":0.051298368064,"BPS":0.884342759965,"BASIC_EPS":-0.039601814,"DILUTED_EPS":-0.039601814,"OPERATE_INCOME":326975956.86,"OPERATE_INCOME_YOY":-5.1443158307,"GROSS_PROFIT":189302108.24,"GROSS_PROFIT_YOY":-6.599394761405,"HOLDER_PROFIT":-252150277.68,"HOLDER_PROFIT_YOY":-95.3782309199,"GROSS_PROFIT_RATIO":57.89480977681,"EPS_TTM":-0.039559170882,"OPERATE_INCOME_QOQ":-6.605971645889,"NET_PROFIT_RATIO":-79.1046885783,"ROE_AVG":-4.312333431077,"GROSS_PROFIT_QOQ":-10.691059254497,"ROA":-2.5144824207,"HOLDER_PROFIT_QOQ":43.199074151488,"ROE_YEARLY":-4.312333431077,"ROIC_YEARLY":-3.070609992449,"TOTAL_ASSETS":9902004948.64,"TOTAL_LIABILITIES":3121536412.96,"TAX_EBT":6.833879538837,"OCF_SALES":45.683498100124,"TOTAL_PARENT_EQUITY":5636803489.94,"DEBT_ASSET_RATIO":31.5242865374,"OPERATE_PROFIT":-345060483.18,"PRETAX_PROFIT":-277625934.32,"NETCASH_OPERATE":149374055.04,"NETCASH_INVEST":-724191213.48,"NETCASH_FINANCE":280180568.5,"END_CASH":464530184.44,"DIVI_RATIO":null,"DIVIDEND_RATE":null,"CURRENT_RATIO":0.945791265204,"COMMON_ACS":150000000000,"CURRENTDEBT_DEBT":80.060228162138,"ISSUED_COMMON_SHARES":6374003096,"HK_COMMON_SHARES":6374003096,"PER_SHARES":2000,"TOTAL_MARKET_CAP":758506368.424,"HKSK_MARKET_CAP":758506368.424,"PE_TTM":-4.483666635676,"PB_TTM":0.129491975479,"REPORT_DATE_SQ":"2022-12-31 00:00:00","REPORT_TYPE_SQ":"2022年年报","OPERATE_INCOME_SQ":339782935.87,"DPS_HKD":null,"OPERATE_INCOME_QOQ_SQ":1.569640007276,"NET_PROFIT_RATIO_SQ":-31.4871142355,"HOLDER_PROFIT_SQ":-127213260.51,"HOLDER_PROFIT_QOQ_SQ":-139.540956505793,"ROE_AVG_SQ":-1.98341524136,"PE_TTM_SQ":-1.372061670036,"PB_TTM_SQ":0.108969794667,"ROA_SQ":-1.222223832291,"START_DATE":"2023-01-01 00:00:00","FISCAL_YEAR":"12-31","CURRENCY":"HKD","IS_CNY_CODE":0,"DPS_HKD_LY":null,"ORG_TYPE":"一般企业","PREMIUM_INCOME":null,"PREMIUM_INCOME_YOY":null,"NET_INTEREST_INCOME":null,"NET_INTEREST_INCOME_YOY":null,"FEE_COMMISSION_INCOME":null,"FEE_COMMISSION_INCOME_YOY":null,"ACCOUNTS_RECE_TDAYS":5.505107451004,"INVENTORY_TDAYS":0.174371105456,"CURRENT_ASSETS_TDAYS":0.14909153717,"TOTAL_ASSETS_TDAYS":0.032606559195,"PREMIUM_EXPENSE":null,"LOAN_DEPOSIT":null,"LOAN_EQUITY":null,"LOAN_ASSETS":null,"DEPOSIT_EQUITY":null,"DEPOSIT_ASSETS":null,"EQUITY_MULTIPLIER":1.460371786482,"EQUITY_RATIO":0.553777760486},{"SECUCODE":"01168.HK","SECURITY_CODE":"01168","SECURITY_NAME_ABBR":"百仕达控股","ORG_CODE":"10026354","STD_REPORT_DATE":"2023-06-30 00:00:00","REPORT_DATE":"2023-06-30 00:00:00","DATE_TYPE_CODE":"002","REPORT_TYPE":"2023年中报","PER_NETCASH_OPERATE":0.000037174262,"PER_OI":0.026481815882,"BPS":0.896852933408,"BASIC_EPS":-0.037524586,"DILUTED_EPS":-0.037524586,"OPERATE_INCOME":168795176.42,"OPERATE_INCOME_YOY":-1.2033954098,"GROSS_PROFIT":101299786.56,"GROSS_PROFIT_YOY":10.091509499879,"HOLDER_PROFIT":-239334944.24,"HOLDER_PROFIT_YOY":-390.1916068594,"GROSS_PROFIT_RATIO":60.013436822355,"EPS_TTM":-0.069645292381,"OPERATE_INCOME_QOQ":3.037460572755,"NET_PROFIT_RATIO":-152.6117140688,"ROE_AVG":-4.029389515388,"GROSS_PROFIT_QOQ":4.581472424751,"ROA":-2.386148630932,"HOLDER_PROFIT_QOQ":-246.583976444902,"ROE_YEARLY":-8.058779030777,"ROIC_YEARLY":-5.890079255973,"TOTAL_ASSETS":9729936143.9,"TOTAL_LIABILITIES":2815855075.22,"TAX_EBT":12.119019910043,"OCF_SALES":0.140376558753,"TOTAL_PARENT_EQUITY":5716543374.2,"DEBT_ASSET_RATIO":28.940118759,"OPERATE_PROFIT":-237331481.7,"PRETAX_PROFIT":-293125101.4,"NETCASH_OPERATE":236948.86,"NETCASH_INVEST":-144267742.48,"NETCASH_FINANCE":-38583941.02,"END_CASH":579010815.84,"DIVI_RATIO":null,"DIVIDEND_RATE":null,"CURRENT_RATIO":0.870546544199,"COMMON_ACS":150000000000,"CURRENTDEBT_DEBT":75.394407392722,"ISSUED_COMMON_SHARES":6374003096,"HK_COMMON_SHARES":6374003096,"PER_SHARES":2000,"TOTAL_MARKET_CAP":758506368.424,"HKSK_MARKET_CAP":758506368.424,"PE_TTM":-4.483666635676,"PB_TTM":0.129491975479,"REPORT_DATE_SQ":"2022-06-30 00:00:00","REPORT_TYPE_SQ":"2022年中报","OPERATE_INCOME_SQ":158474403.71,"DPS_HKD":null,"OPERATE_INCOME_QOQ_SQ":-5.335775647507,"NET_PROFIT_RATIO_SQ":52.4896254364,"HOLDER_PROFIT_SQ":76500166.26,"HOLDER_PROFIT_QOQ_SQ":107.745563918494,"ROE_AVG_SQ":1.121246272432,"PE_TTM_SQ":-1.372061670036,"PB_TTM_SQ":0.108969794667,"ROA_SQ":0.700880685746,"START_DATE":"2023-01-01 00:00:00","FISCAL_YEAR":"12-31","CURRENCY":"HKD","IS_CNY_CODE":0,"DPS_HKD_LY":null,"ORG_TYPE":"一般企业","PREMIUM_INCOME":null,"PREMIUM_INCOME_YOY":null,"NET_INTEREST_INCOME":null,"NET_INTEREST_INCOME_YOY":null,"FEE_COMMISSION_INCOME":null,"FEE_COMMISSION_INCOME_YOY":null,"ACCOUNTS_RECE_TDAYS":3.924901651821,"INVENTORY_TDAYS":0.08482747313,"CURRENT_ASSETS_TDAYS":0.086429731083,"TOTAL_ASSETS_TDAYS":0.016828732653,"PREMIUM_EXPENSE":null,"LOAN_DEPOSIT":null,"LOAN_EQUITY":null,"LOAN_ASSETS":null,"DEPOSIT_EQUITY":null,"DEPOSIT_ASSETS":null,"EQUITY_MULTIPLIER":1.40726382107,"EQUITY_RATIO":0.492580024483},{"SECUCODE":"01168.HK","SECURITY_CODE":"01168","SECURITY_NAME_ABBR":"百仕达控股","ORG_CODE":"10026354","STD_REPORT_DATE":"2022-12-31 00:00:00","REPORT_DATE":"2022-12-31 00:00:00","DATE_TYPE_CODE":"001","REPORT_TYPE":"2022年年报","PER_NETCASH_OPERATE":-0.001593142207,"PER_OI":0.053307620149,"BPS":0.933953131903,"BASIC_EPS":-0.019919921,"DILUTED_EPS":-0.019919921,"OPERATE_INCOME":339782935.87,"OPERATE_INCOME_YOY":-11.9948823069,"GROSS_PROFIT":202677603.38,"GROSS_PROFIT_YOY":-7.783260477911,"HOLDER_PROFIT":-127213260.51,"HOLDER_PROFIT_YOY":-175.1860144407,"GROSS_PROFIT_RATIO":59.649141255741,"EPS_TTM":-0.020094781385,"OPERATE_INCOME_QOQ":1.569640007276,"NET_PROFIT_RATIO":-31.4871142355,"ROE_AVG":-1.98341524136,"GROSS_PROFIT_QOQ":0.859252109305,"ROA":-1.222223832291,"HOLDER_PROFIT_QOQ":-139.540956505793,"ROE_YEARLY":-1.98341524136,"ROIC_YEARLY":-1.57512275369,"TOTAL_ASSETS":10026725286.34,"TOTAL_LIABILITIES":2844362839.78,"TAX_EBT":-49.024035325405,"OCF_SALES":-2.988582500177,"TOTAL_PARENT_EQUITY":5971010612.07,"DEBT_ASSET_RATIO":28.4188050588,"OPERATE_PROFIT":-140630175.91,"PRETAX_PROFIT":-71207911.32,"NETCASH_OPERATE":-10154693.36,"NETCASH_INVEST":-613306676.22,"NETCASH_FINANCE":90435548.07,"END_CASH":755801999.89,"DIVI_RATIO":null,"DIVIDEND_RATE":null,"CURRENT_RATIO":0.94871037384,"COMMON_ACS":150000000000,"CURRENTDEBT_DEBT":73.882628491678,"ISSUED_COMMON_SHARES":6374003096,"HK_COMMON_SHARES":6374003096,"PER_SHARES":2000,"TOTAL_MARKET_CAP":758506368.424,"HKSK_MARKET_CAP":758506368.424,"PE_TTM":-4.483666635676,"PB_TTM":0.129491975479,"REPORT_DATE_SQ":"2021-12-31 00:00:00","REPORT_TYPE_SQ":"2021年年报","OPERATE_INCOME_SQ":353387977.6,"DPS_HKD":null,"OPERATE_INCOME_QOQ_SQ":6.572316772179,"NET_PROFIT_RATIO_SQ":56.756650456,"HOLDER_PROFIT_SQ":155925313.6,"HOLDER_PROFIT_QOQ_SQ":177.133976897596,"ROE_AVG_SQ":2.65841189333,"PE_TTM_SQ":-1.372061670036,"PB_TTM_SQ":0.108969794667,"ROA_SQ":1.622517163383,"START_DATE":"2022-01-01 00:00:00","FISCAL_YEAR":"12-31","CURRENCY":"HKD","IS_CNY_CODE":0,"DPS_HKD_LY":null,"ORG_TYPE":"一般企业","PREMIUM_INCOME":null,"PREMIUM_INCOME_YOY":null,"NET_INTEREST_INCOME":null,"NET_INTEREST_INCOME_YOY":null,"FEE_COMMISSION_INCOME":null,"FEE_COMMISSION_INCOME_YOY":null,"ACCOUNTS_RECE_TDAYS":7.730614069851,"INVENTORY_TDAYS":0.168167335741,"CURRENT_ASSETS_TDAYS":0.143504448804,"TOTAL_ASSETS_TDAYS":0.032423265793,"PREMIUM_EXPENSE":null,"LOAN_DEPOSIT":null,"LOAN_EQUITY":null,"LOAN_ASSETS":null,"DEPOSIT_EQUITY":null,"DEPOSIT_ASSETS":null,"EQUITY_MULTIPLIER":1.39701495738,"EQUITY_RATIO":0.476362047328},{"SECUCODE":"01168.HK","SECURITY_CODE":"01168","SECURITY_NAME_ABBR":"百仕达控股","ORG_CODE":"10026354","STD_REPORT_DATE":"2022-06-30 00:00:00","REPORT_DATE":"2022-06-30 00:00:00","DATE_TYPE_CODE":"002","REPORT_TYPE":"2022年中报","PER_NETCASH_OPERATE":-0.017333353879,"PER_OI":0.024862617938,"BPS":0.991068261466,"BASIC_EPS":0.01197266,"DILUTED_EPS":0.01197266,"OPERATE_INCOME":158474403.71,"OPERATE_INCOME_YOY":-13.0482317225,"GROSS_PROFIT":92014168.05,"GROSS_PROFIT_YOY":-16.990084620031,"HOLDER_PROFIT":76500166.26,"HOLDER_PROFIT_YOY":174.3738748973,"GROSS_PROFIT_RATIO":58.062479426256,"EPS_TTM":0.050820170174,"OPERATE_INCOME_QOQ":-5.335775647507,"NET_PROFIT_RATIO":52.4896254364,"ROE_AVG":1.121246272432,"GROSS_PROFIT_QOQ":-8.568884268396,"ROA":0.700880685746,"HOLDER_PROFIT_QOQ":107.745563918494,"ROE_YEARLY":2.242492544863,"ROIC_YEARLY":1.850500783662,"TOTAL_ASSETS":10285749834.36,"TOTAL_LIABILITIES":2758431593.61,"TAX_EBT":18.948862956552,"OCF_SALES":-69.716527529694,"TOTAL_PARENT_EQUITY":6317072166.93,"DEBT_ASSET_RATIO":26.8179922517,"OPERATE_PROFIT":27791109.43,"PRETAX_PROFIT":107214315.11,"NETCASH_OPERATE":-110482851.29,"NETCASH_INVEST":-127569547.49,"NETCASH_FINANCE":73194001.72,"END_CASH":1103894645.42,"DIVI_RATIO":null,"DIVIDEND_RATE":null,"CURRENT_RATIO":1.208103998241,"COMMON_ACS":150000000000,"CURRENTDEBT_DEBT":70.358382635477,"ISSUED_COMMON_SHARES":6374003096,"HK_COMMON_SHARES":6374003096,"PER_SHARES":2000,"TOTAL_MARKET_CAP":758506368.424,"HKSK_MARKET_CAP":758506368.424,"PE_TTM":-4.483666635676,"PB_TTM":0.129491975479,"REPORT_DATE_SQ":"2021-06-30 00:00:00","REPORT_TYPE_SQ":"2021年中报","OPERATE_INCOME_SQ":177330393.36,"DPS_HKD":null,"OPERATE_INCOME_QOQ_SQ":2.466615770087,"NET_PROFIT_RATIO_SQ":-45.6997799331,"HOLDER_PROFIT_SQ":-95218242.72,"HOLDER_PROFIT_QOQ_SQ":46.992532694617,"ROE_AVG_SQ":-1.562526775411,"PE_TTM_SQ":-1.372061670036,"PB_TTM_SQ":0.108969794667,"ROA_SQ":-0.957272450268,"START_DATE":"2022-01-01 00:00:00","FISCAL_YEAR":"12-31","CURRENCY":"HKD","IS_CNY_CODE":0,"DPS_HKD_LY":null,"ORG_TYPE":"一般企业","PREMIUM_INCOME":null,"PREMIUM_INCOME_YOY":null,"NET_INTEREST_INCOME":null,"NET_INTEREST_INCOME_YOY":null,"FEE_COMMISSION_INCOME":null,"FEE_COMMISSION_INCOME_YOY":null,"ACCOUNTS_RECE_TDAYS":4.29771789044,"INVENTORY_TDAYS":0.083427982523,"CURRENT_ASSETS_TDAYS":0.063777663896,"TOTAL_ASSETS_TDAYS":0.015260371875,"PREMIUM_EXPENSE":null,"LOAN_DEPOSIT":null,"LOAN_EQUITY":null,"LOAN_ASSETS":null,"DEPOSIT_EQUITY":null,"DEPOSIT_ASSETS":null,"EQUITY_MULTIPLIER":1.36645608773,"EQUITY_RATIO":0.43666298575},{"SECUCODE":"01168.HK","SECURITY_CODE":"01168","SECURITY_NAME_ABBR":"百仕达控股","ORG_CODE":"10026354","STD_REPORT_DATE":"2021-12-31 00:00:00","REPORT_DATE":"2021-12-31 00:00:00","DATE_TYPE_CODE":"001","REPORT_TYPE":"2021年年报","PER_NETCASH_OPERATE":0.000852617597,"PER_OI":0.055442078122,"BPS":0.973988166761,"BASIC_EPS":0.02730784,"DILUTED_EPS":0.02730784,"OPERATE_INCOME":353387977.6,"OPERATE_INCOME_YOY":12.4118990278,"GROSS_PROFIT":219783961.6,"GROSS_PROFIT_YOY":13.918036669014,"HOLDER_PROFIT":155925313.6,"HOLDER_PROFIT_YOY":142.0889665735,"GROSS_PROFIT_RATIO":62.193389569346,"EPS_TTM":0.024462698127,"OPERATE_INCOME_QOQ":6.572316772179,"NET_PROFIT_RATIO":56.756650456,"ROE_AVG":2.65841189333,"GROSS_PROFIT_QOQ":8.396759391332,"ROA":1.622517163383,"HOLDER_PROFIT_QOQ":177.133976897596,"ROE_YEARLY":2.65841189333,"ROIC_YEARLY":2.16569802599,"TOTAL_ASSETS":10297003203.2,"TOTAL_LIABILITIES":2662023022.4,"TAX_EBT":31.13870112955,"OCF_SALES":1.53785288252,"TOTAL_PARENT_EQUITY":6372698169.6,"DEBT_ASSET_RATIO":25.875705551,"OPERATE_PROFIT":212374052.8,"PRETAX_PROFIT":291268364.8,"NETCASH_OPERATE":5434587.2,"NETCASH_INVEST":-668853214.4,"NETCASH_FINANCE":846764609.6,"END_CASH":1258575830.4,"DIVI_RATIO":null,"DIVIDEND_RATE":null,"CURRENT_RATIO":1.363565890095,"COMMON_ACS":150000000000,"CURRENTDEBT_DEBT":69.136235491334,"ISSUED_COMMON_SHARES":6374003096,"HK_COMMON_SHARES":6374003096,"PER_SHARES":2000,"TOTAL_MARKET_CAP":758506368.424,"HKSK_MARKET_CAP":758506368.424,"PE_TTM":-4.483666635676,"PB_TTM":0.129491975479,"REPORT_DATE_SQ":"2020-12-31 00:00:00","REPORT_TYPE_SQ":"2020年年报","OPERATE_INCOME_SQ":323612263.28,"DPS_HKD":null,"OPERATE_INCOME_QOQ_SQ":-14.975217774802,"NET_PROFIT_RATIO_SQ":-109.7827839647,"HOLDER_PROFIT_SQ":-381358866.96,"HOLDER_PROFIT_QOQ_SQ":16.973331461312,"ROE_AVG_SQ":-6.794582616183,"PE_TTM_SQ":-1.372061670036,"PB_TTM_SQ":0.108969794667,"ROA_SQ":-4.125573440177,"START_DATE":"2021-01-01 00:00:00","FISCAL_YEAR":"12-31","CURRENCY":"HKD","IS_CNY_CODE":0,"DPS_HKD_LY":null,"ORG_TYPE":"一般企业","PREMIUM_INCOME":null,"PREMIUM_INCOME_YOY":null,"NET_INTEREST_INCOME":null,"NET_INTEREST_INCOME_YOY":null,"FEE_COMMISSION_INCOME":null,"FEE_COMMISSION_INCOME_YOY":null,"ACCOUNTS_RECE_TDAYS":4.91881372906,"INVENTORY_TDAYS":0.173141229673,"CURRENT_ASSETS_TDAYS":0.119285862329,"TOTAL_ASSETS_TDAYS":0.036772608998,"PREMIUM_EXPENSE":null,"LOAN_DEPOSIT":null,"LOAN_EQUITY":null,"LOAN_ASSETS":null,"DEPOSIT_EQUITY":null,"DEPOSIT_ASSETS":null,"EQUITY_MULTIPLIER":1.349085353774,"EQUITY_RATIO":0.417723066675},{"SECUCODE":"01168.HK","SECURITY_CODE":"01168","SECURITY_NAME_ABBR":"百仕达控股","ORG_CODE":"10026354","STD_REPORT_DATE":"2021-06-30 00:00:00","REPORT_DATE":"2021-06-30 00:00:00","DATE_TYPE_CODE":"002","REPORT_TYPE":"2021年中报","PER_NETCASH_OPERATE":0.005352645069,"PER_OI":0.027820882841,"BPS":1.030343511662,"BASIC_EPS":-0.018888216,"DILUTED_EPS":-0.018888216,"OPERATE_INCOME":177330393.36,"OPERATE_INCOME_YOY":14.9523182809,"GROSS_PROFIT":110847201.36,"GROSS_PROFIT_YOY":9.727900057664,"HOLDER_PROFIT":-95218242.72,"HOLDER_PROFIT_YOY":61.9104362356,"GROSS_PROFIT_RATIO":62.508856637434,"EPS_TTM":-0.031714555778,"OPERATE_INCOME_QOQ":2.466615770087,"NET_PROFIT_RATIO":-45.6997799331,"ROE_AVG":-1.562526775411,"GROSS_PROFIT_QOQ":5.093581495135,"ROA":-0.957272450268,"HOLDER_PROFIT_QOQ":46.992532694617,"ROE_YEARLY":-3.125053550821,"ROIC_YEARLY":-2.485792669807,"TOTAL_ASSETS":10533435516.96,"TOTAL_LIABILITIES":2644814540.64,"TAX_EBT":-101.673120327998,"OCF_SALES":19.239666474284,"TOTAL_PARENT_EQUITY":6567412733.28,"DEBT_ASSET_RATIO":25.1087552241,"OPERATE_PROFIT":99962762.88,"PRETAX_PROFIT":-40183639.44,"NETCASH_OPERATE":34117776.24,"NETCASH_INVEST":-935973508.8,"NETCASH_FINANCE":647727683.52,"END_CASH":817397948.4,"DIVI_RATIO":null,"DIVIDEND_RATE":null,"CURRENT_RATIO":2.239188969621,"COMMON_ACS":150000000000,"CURRENTDEBT_DEBT":63.316478730292,"ISSUED_COMMON_SHARES":6374003096,"HK_COMMON_SHARES":6374003096,"PER_SHARES":2000,"TOTAL_MARKET_CAP":758506368.424,"HKSK_MARKET_CAP":758506368.424,"PE_TTM":-4.483666635676,"PB_TTM":0.129491975479,"REPORT_DATE_SQ":"2020-06-30 00:00:00","REPORT_TYPE_SQ":"2020年中报","OPERATE_INCOME_SQ":169348122.24,"DPS_HKD":null,"OPERATE_INCOME_QOQ_SQ":-5.349974395673,"NET_PROFIT_RATIO_SQ":-157.0265809403,"HOLDER_PROFIT_SQ":-274428432.96,"HOLDER_PROFIT_QOQ_SQ":-61.971371336041,"ROE_AVG_SQ":-4.556444531263,"PE_TTM_SQ":-1.372061670036,"PB_TTM_SQ":0.108969794667,"ROA_SQ":-2.773837437545,"START_DATE":"2021-01-01 00:00:00","FISCAL_YEAR":"12-31","CURRENCY":"HKD","IS_CNY_CODE":0,"DPS_HKD_LY":null,"ORG_TYPE":"一般企业","PREMIUM_INCOME":null,"PREMIUM_INCOME_YOY":null,"NET_INTEREST_INCOME":null,"NET_INTEREST_INCOME_YOY":null,"FEE_COMMISSION_INCOME":null,"FEE_COMMISSION_INCOME_YOY":null,"ACCOUNTS_RECE_TDAYS":1.492980538859,"INVENTORY_TDAYS":0.085253356651,"CURRENT_ASSETS_TDAYS":0.049082788182,"TOTAL_ASSETS_TDAYS":0.017827833754,"PREMIUM_EXPENSE":null,"LOAN_DEPOSIT":null,"LOAN_EQUITY":null,"LOAN_ASSETS":null,"DEPOSIT_EQUITY":null,"DEPOSIT_ASSETS":null,"EQUITY_MULTIPLIER":1.335269567214,"EQUITY_RATIO":0.402717881159},{"SECUCODE":"01168.HK","SECURITY_CODE":"01168","SECURITY_NAME_ABBR":"百仕达控股","ORG_CODE":"10026354","STD_REPORT_DATE":"2020-12-31 00:00:00","REPORT_DATE":"2020-12-31 00:00:00","DATE_TYPE_CODE":"001","REPORT_TYPE":"2020年年报","PER_NETCASH_OPERATE":0.067657999145,"PER_OI":0.091387165175,"BPS":0.891886425497,"BASIC_EPS":-0.093169548,"DILUTED_EPS":-0.093169548,"OPERATE_INCOME":323612263.28,"OPERATE_INCOME_YOY":-14.3472604632,"GROSS_PROFIT":192931662.12,"GROSS_PROFIT_YOY":-18.959690688486,"HOLDER_PROFIT":-381358866.96,"HOLDER_PROFIT_YOY":-43.1300639659,"GROSS_PROFIT_RATIO":59.618155432221,"EPS_TTM":-0.107694638678,"OPERATE_INCOME_QOQ":-14.975217774802,"NET_PROFIT_RATIO":-109.7827839647,"ROE_AVG":-6.794582616183,"GROSS_PROFIT_QOQ":-16.137676213926,"ROA":-4.125573440177,"HOLDER_PROFIT_QOQ":16.973331461312,"ROE_YEARLY":-6.794582616183,"ROIC_YEARLY":-5.544396135904,"TOTAL_ASSETS":9467762380.12,"TOTAL_LIABILITIES":2540747881.84,"TAX_EBT":-17.503764923992,"OCF_SALES":74.034465360388,"TOTAL_PARENT_EQUITY":5684886837.4,"DEBT_ASSET_RATIO":26.8357799851,"OPERATE_PROFIT":133416772.8,"PRETAX_PROFIT":-302348228.68,"NETCASH_OPERATE":239584608.96,"NETCASH_INVEST":-403051296.32,"NETCASH_FINANCE":-70324071.84,"END_CASH":1073627124.68,"DIVI_RATIO":null,"DIVIDEND_RATE":null,"CURRENT_RATIO":2.071255674573,"COMMON_ACS":150000000000,"CURRENTDEBT_DEBT":66.810917958955,"ISSUED_COMMON_SHARES":6374003096,"HK_COMMON_SHARES":6374003096,"PER_SHARES":2000,"TOTAL_MARKET_CAP":758506368.424,"HKSK_MARKET_CAP":758506368.424,"PE_TTM":-4.483666635676,"PB_TTM":0.129491975479,"REPORT_DATE_SQ":"2019-12-31 00:00:00","REPORT_TYPE_SQ":"2019年年报","OPERATE_INCOME_SQ":402122808.24,"DPS_HKD":null,"OPERATE_INCOME_QOQ_SQ":-1.104566985636,"NET_PROFIT_RATIO_SQ":-62.1924759639,"HOLDER_PROFIT_SQ":-283581553.5,"HOLDER_PROFIT_QOQ_SQ":35.21150815076,"ROE_AVG_SQ":-4.680644258912,"PE_TTM_SQ":-1.372061670036,"PB_TTM_SQ":0.108969794667,"ROA_SQ":-2.867610422929,"START_DATE":"2020-01-01 00:00:00","FISCAL_YEAR":"12-31","CURRENCY":"HKD","IS_CNY_CODE":0,"DPS_HKD_LY":null,"ORG_TYPE":"一般企业","PREMIUM_INCOME":null,"PREMIUM_INCOME_YOY":null,"NET_INTEREST_INCOME":null,"NET_INTEREST_INCOME_YOY":null,"FEE_COMMISSION_INCOME":null,"FEE_COMMISSION_INCOME_YOY":null,"ACCOUNTS_RECE_TDAYS":3.571231534414,"INVENTORY_TDAYS":0.172277625401,"CURRENT_ASSETS_TDAYS":0.097957326495,"TOTAL_ASSETS_TDAYS":0.035008656517,"PREMIUM_EXPENSE":null,"LOAN_DEPOSIT":null,"LOAN_EQUITY":null,"LOAN_ASSETS":null,"DEPOSIT_EQUITY":null,"DEPOSIT_ASSETS":null,"EQUITY_MULTIPLIER":1.366788301435,"EQUITY_RATIO":0.446930247604},{"SECUCODE":"01168.HK","SECURITY_CODE":"01168","SECURITY_NAME_ABBR":"百仕达控股","ORG_CODE":"10026354","STD_REPORT_DATE":"2020-06-30 00:00:00","REPORT_DATE":"2020-06-30 00:00:00","DATE_TYPE_CODE":"002","REPORT_TYPE":"2020年中报","PER_NETCASH_OPERATE":0.016434431378,"PER_OI":0.047823418873,"BPS":0.946434443364,"BASIC_EPS":-0.067046496,"DILUTED_EPS":-0.067046496,"OPERATE_INCOME":169348122.24,"OPERATE_INCOME_YOY":-14.553029884,"GROSS_PROFIT":101020069.92,"GROSS_PROFIT_YOY":-7.347572782807,"HOLDER_PROFIT":-274428432.96,"HOLDER_PROFIT_YOY":-167.7903556467,"GROSS_PROFIT_RATIO":59.652311808238,"EPS_TTM":-0.12971089961,"OPERATE_INCOME_QOQ":-5.349974395673,"NET_PROFIT_RATIO":-157.0265809403,"ROE_AVG":-4.556444531263,"GROSS_PROFIT_QOQ":-3.365056377115,"ROA":-2.773837437545,"HOLDER_PROFIT_QOQ":-61.971371336041,"ROE_YEARLY":-9.112889062525,"ROIC_YEARLY":-7.396979510482,"TOTAL_ASSETS":9997645558.56,"TOTAL_LIABILITIES":2692629297.6,"TAX_EBT":-5.983195357608,"OCF_SALES":34.364819089948,"TOTAL_PARENT_EQUITY":6032576072.16,"DEBT_ASSET_RATIO":26.932634107,"OPERATE_PROFIT":-34639471.68,"PRETAX_PROFIT":-250909179.84,"NETCASH_OPERATE":58196175.84,"NETCASH_INVEST":-450004389.12,"NETCASH_FINANCE":-20292983.04,"END_CASH":900832701.12,"DIVI_RATIO":null,"DIVIDEND_RATE":null,"CURRENT_RATIO":2.696090810494,"COMMON_ACS":150000000000,"CURRENTDEBT_DEBT":42.664233205215,"ISSUED_COMMON_SHARES":6374003096,"HK_COMMON_SHARES":6374003096,"PER_SHARES":2000,"TOTAL_MARKET_CAP":758506368.424,"HKSK_MARKET_CAP":758506368.424,"PE_TTM":-4.483666635676,"PB_TTM":0.129491975479,"REPORT_DATE_SQ":"2019-06-30 00:00:00","REPORT_TYPE_SQ":"2019年中报","OPERATE_INCOME_SQ":190861589.52,"DPS_HKD":null,"OPERATE_INCOME_QOQ_SQ":-12.179341870795,"NET_PROFIT_RATIO_SQ":-40.8048043065,"HOLDER_PROFIT_SQ":-98689055.4,"HOLDER_PROFIT_QOQ_SQ":-86.591207439266,"ROE_AVG_SQ":-1.655738116216,"PE_TTM_SQ":-1.372061670036,"PB_TTM_SQ":0.108969794667,"ROA_SQ":-1.017391463243,"START_DATE":"2020-01-01 00:00:00","FISCAL_YEAR":"12-31","CURRENCY":"HKD","IS_CNY_CODE":0,"DPS_HKD_LY":null,"ORG_TYPE":"一般企业","PREMIUM_INCOME":null,"PREMIUM_INCOME_YOY":null,"NET_INTEREST_INCOME":null,"NET_INTEREST_INCOME_YOY":null,"FEE_COMMISSION_INCOME":null,"FEE_COMMISSION_INCOME_YOY":null,"ACCOUNTS_RECE_TDAYS":1.818249578283,"INVENTORY_TDAYS":0.086723742049,"CURRENT_ASSETS_TDAYS":0.052493026615,"TOTAL_ASSETS_TDAYS":0.017117182661,"PREMIUM_EXPENSE":null,"LOAN_DEPOSIT":null,"LOAN_EQUITY":null,"LOAN_ASSETS":null,"DEPOSIT_EQUITY":null,"DEPOSIT_ASSETS":null,"EQUITY_MULTIPLIER":1.36860004159,"EQUITY_RATIO":0.446348171228}],"count":48},"success":true,"message":"ok","code":0}