{"version":"f83f3357a8e85aa8ab0f88516c7ef1a3","result":{"pages":7,"data":[{"SECUCODE":"01164.HK","SECURITY_CODE":"01164","SECURITY_NAME_ABBR":"中广核矿业","ORG_CODE":"10010520","STD_REPORT_DATE":"2024-06-30 00:00:00","REPORT_DATE":"2024-06-30 00:00:00","DATE_TYPE_CODE":"002","REPORT_TYPE":"2024年中报","PER_NETCASH_OPERATE":-0.089153502622,"PER_OI":0.489038708886,"BPS":0.473808168256,"BASIC_EPS":0.013598932,"DILUTED_EPS":0.013598932,"OPERATE_INCOME":3717028027.36,"OPERATE_INCOME_YOY":38.8176146076,"GROSS_PROFIT":-51504357.76,"GROSS_PROFIT_YOY":-129.928034398069,"HOLDER_PROFIT":103244186.96,"HOLDER_PROFIT_YOY":-37.0467243951,"GROSS_PROFIT_RATIO":-1.38563275232,"EPS_TTM":0.051054994756,"OPERATE_INCOME_QOQ":15.168118263104,"NET_PROFIT_RATIO":2.7776004432,"ROE_AVG":2.890925829973,"GROSS_PROFIT_QOQ":-187.027131295567,"ROA":1.567930619742,"HOLDER_PROFIT_QOQ":-13.858128416057,"ROE_YEARLY":5.781851659947,"ROIC_YEARLY":3.687186901657,"TOTAL_ASSETS":7008562813.36,"TOTAL_LIABILITIES":3407297291.84,"TAX_EBT":65.07265081296,"OCF_SALES":-18.230357025349,"TOTAL_PARENT_EQUITY":3601265521.52,"DEBT_ASSET_RATIO":48.6162053844,"OPERATE_PROFIT":-62461993.84,"PRETAX_PROFIT":295596973.04,"NETCASH_OPERATE":-677627480.12,"NETCASH_INVEST":424731153.56,"NETCASH_FINANCE":379883883.72,"END_CASH":1040749995.64,"DIVI_RATIO":0.053629228895,"DIVIDEND_RATE":0.198675496689,"CURRENT_RATIO":1.519340669486,"COMMON_ACS":50000000000,"CURRENTDEBT_DEBT":59.189004437911,"ISSUED_COMMON_SHARES":7600682645,"HK_COMMON_SHARES":7600682645,"PER_SHARES":5000,"TOTAL_MARKET_CAP":11477030793.95,"HKSK_MARKET_CAP":11477030793.95,"PE_TTM":26.657973780976,"PB_TTM":2.908659859271,"REPORT_DATE_SQ":"2023-06-30 00:00:00","REPORT_TYPE_SQ":"2023年中报","OPERATE_INCOME_SQ":2704918753.7,"DPS_HKD":0.003,"OPERATE_INCOME_QOQ_SQ":19.682117345167,"NET_PROFIT_RATIO_SQ":6.1248579069,"HOLDER_PROFIT_SQ":165672430.16,"HOLDER_PROFIT_QOQ_SQ":-30.008211963914,"ROE_AVG_SQ":5.207100111608,"PE_TTM_SQ":45.673411989372,"PB_TTM_SQ":4.363207985608,"ROA_SQ":2.576065593535,"START_DATE":"2024-01-01 00:00:00","FISCAL_YEAR":"12-31","CURRENCY":"HKD","IS_CNY_CODE":0,"DPS_HKD_LY":0.003,"ORG_TYPE":"一般企业","PREMIUM_INCOME":null,"PREMIUM_INCOME_YOY":null,"NET_INTEREST_INCOME":null,"NET_INTEREST_INCOME_YOY":null,"FEE_COMMISSION_INCOME":null,"FEE_COMMISSION_INCOME_YOY":null,"ACCOUNTS_RECE_TDAYS":6.248588654153,"INVENTORY_TDAYS":4.129013806765,"CURRENT_ASSETS_TDAYS":1.462014266357,"TOTAL_ASSETS_TDAYS":0.564491060479,"PREMIUM_EXPENSE":null,"LOAN_DEPOSIT":null,"LOAN_EQUITY":null,"LOAN_ASSETS":null,"DEPOSIT_EQUITY":null,"DEPOSIT_ASSETS":null,"EQUITY_MULTIPLIER":1.946138870204,"EQUITY_RATIO":0.946138870205},{"SECUCODE":"01164.HK","SECURITY_CODE":"01164","SECURITY_NAME_ABBR":"中广核矿业","ORG_CODE":"10010520","STD_REPORT_DATE":"2023-12-31 00:00:00","REPORT_DATE":"2023-12-31 00:00:00","DATE_TYPE_CODE":"001","REPORT_TYPE":"2023年年报","PER_NETCASH_OPERATE":0.123945335042,"PER_OI":0.877896057067,"BPS":0.462630378382,"BASIC_EPS":0.059266788,"DILUTED_EPS":0.059266788,"OPERATE_INCOME":6672609325.06,"OPERATE_INCOME_YOY":101.8023778462,"GROSS_PROFIT":119553979.72,"GROSS_PROFIT_YOY":-9.588082082605,"HOLDER_PROFIT":450481055.78,"HOLDER_PROFIT_YOY":-3.4599885418,"GROSS_PROFIT_RATIO":1.791712565443,"EPS_TTM":0.059268499531,"OPERATE_INCOME_QOQ":71.05978009377,"NET_PROFIT_RATIO":6.7511978273,"ROE_AVG":13.754186651689,"GROSS_PROFIT_QOQ":-12.762695770305,"ROA":7.301651651321,"HOLDER_PROFIT_QOQ":39.930102333025,"ROE_YEARLY":13.754186651689,"ROIC_YEARLY":7.924143587811,"TOTAL_ASSETS":6117313957.86,"TOTAL_LIABILITIES":2601007269.84,"TAX_EBT":11.147911944919,"OCF_SALES":14.118452183944,"TOTAL_PARENT_EQUITY":3516306688.02,"DEBT_ASSET_RATIO":42.5187801012,"OPERATE_PROFIT":76974326.8,"PRETAX_PROFIT":507001090.96,"NETCASH_OPERATE":942069156.98,"NETCASH_INVEST":452015286.24,"NETCASH_FINANCE":-527340292.64,"END_CASH":921842326.58,"DIVI_RATIO":0.046197221486,"DIVIDEND_RATE":0.180722891566,"CURRENT_RATIO":1.591405578381,"COMMON_ACS":50000000000,"CURRENTDEBT_DEBT":48.471938267114,"ISSUED_COMMON_SHARES":7600682645,"HK_COMMON_SHARES":7600682645,"PER_SHARES":5000,"TOTAL_MARKET_CAP":12617133190.7,"HKSK_MARKET_CAP":12617133190.7,"PE_TTM":29.306116871802,"PB_TTM":3.197599580391,"REPORT_DATE_SQ":"2022-12-31 00:00:00","REPORT_TYPE_SQ":"2022年年报","OPERATE_INCOME_SQ":3259256383.6,"DPS_HKD":0.003,"OPERATE_INCOME_QOQ_SQ":-11.516769215612,"NET_PROFIT_RATIO_SQ":14.1123639234,"HOLDER_PROFIT_SQ":459958122.05,"HOLDER_PROFIT_QOQ_SQ":9.603801245086,"ROE_AVG_SQ":18.712743228594,"PE_TTM_SQ":35.15061608986,"PB_TTM_SQ":3.357959086963,"ROA_SQ":7.792720579099,"START_DATE":"2023-01-01 00:00:00","FISCAL_YEAR":"12-31","CURRENCY":"HKD","IS_CNY_CODE":0,"DPS_HKD_LY":null,"ORG_TYPE":"一般企业","PREMIUM_INCOME":null,"PREMIUM_INCOME_YOY":null,"NET_INTEREST_INCOME":null,"NET_INTEREST_INCOME_YOY":null,"FEE_COMMISSION_INCOME":null,"FEE_COMMISSION_INCOME_YOY":null,"ACCOUNTS_RECE_TDAYS":18.294677786239,"INVENTORY_TDAYS":5.267257793596,"CURRENT_ASSETS_TDAYS":3.159649084412,"TOTAL_ASSETS_TDAYS":1.081534245931,"PREMIUM_EXPENSE":null,"LOAN_DEPOSIT":null,"LOAN_EQUITY":null,"LOAN_ASSETS":null,"DEPOSIT_EQUITY":null,"DEPOSIT_ASSETS":null,"EQUITY_MULTIPLIER":1.739698638548,"EQUITY_RATIO":0.739698638546},{"SECUCODE":"01164.HK","SECURITY_CODE":"01164","SECURITY_NAME_ABBR":"中广核矿业","ORG_CODE":"10010520","STD_REPORT_DATE":"2023-06-30 00:00:00","REPORT_DATE":"2023-06-30 00:00:00","DATE_TYPE_CODE":"002","REPORT_TYPE":"2023年中报","PER_NETCASH_OPERATE":0.012769974363,"PER_OI":0.355878396723,"BPS":0.431067967927,"BASIC_EPS":0.021758728,"DILUTED_EPS":0.021758728,"OPERATE_INCOME":2704918753.7,"OPERATE_INCOME_YOY":21.5922796053,"GROSS_PROFIT":172094020.86,"GROSS_PROFIT_YOY":2.876588743088,"HOLDER_PROFIT":165672430.16,"HOLDER_PROFIT_YOY":-49.400067019,"GROSS_PROFIT_RATIO":6.362262105825,"EPS_TTM":0.042355789457,"OPERATE_INCOME_QOQ":19.682117345167,"NET_PROFIT_RATIO":6.1248579069,"ROE_AVG":5.207100111608,"GROSS_PROFIT_QOQ":3.63905523644,"ROA":2.576065593535,"HOLDER_PROFIT_QOQ":-30.008211963914,"ROE_YEARLY":10.414200223217,"ROIC_YEARLY":5.370995943402,"TOTAL_ASSETS":6532394256.4,"TOTAL_LIABILITIES":3255983433.76,"TAX_EBT":23.693452292483,"OCF_SALES":3.588297148934,"TOTAL_PARENT_EQUITY":3276410822.64,"DEBT_ASSET_RATIO":49.8436454684,"OPERATE_PROFIT":160891041.88,"PRETAX_PROFIT":217114304.26,"NETCASH_OPERATE":97060522.52,"NETCASH_INVEST":488454862.22,"NETCASH_FINANCE":-126124098.06,"END_CASH":475833878,"DIVI_RATIO":0.064643819301,"DIVIDEND_RATE":0.180722891566,"CURRENT_RATIO":1.451784607358,"COMMON_ACS":50000000000,"CURRENTDEBT_DEBT":59.156389671053,"ISSUED_COMMON_SHARES":7600682645,"HK_COMMON_SHARES":7600682645,"PER_SHARES":5000,"TOTAL_MARKET_CAP":12617133190.7,"HKSK_MARKET_CAP":12617133190.7,"PE_TTM":29.306116871802,"PB_TTM":3.197599580391,"REPORT_DATE_SQ":"2022-06-30 00:00:00","REPORT_TYPE_SQ":"2022年中报","OPERATE_INCOME_SQ":2063428087.7,"DPS_HKD":0.003,"OPERATE_INCOME_QOQ_SQ":16.729936523481,"NET_PROFIT_RATIO_SQ":14.7181110978,"HOLDER_PROFIT_SQ":303697638.37,"HOLDER_PROFIT_QOQ_SQ":187.553354631205,"ROE_AVG_SQ":13.173168464861,"PE_TTM_SQ":35.15061608986,"PB_TTM_SQ":3.357959086963,"ROA_SQ":5.29668540845,"START_DATE":"2023-01-01 00:00:00","FISCAL_YEAR":"12-31","CURRENCY":"HKD","IS_CNY_CODE":0,"DPS_HKD_LY":null,"ORG_TYPE":"一般企业","PREMIUM_INCOME":null,"PREMIUM_INCOME_YOY":null,"NET_INTEREST_INCOME":null,"NET_INTEREST_INCOME_YOY":null,"FEE_COMMISSION_INCOME":null,"FEE_COMMISSION_INCOME_YOY":null,"ACCOUNTS_RECE_TDAYS":6.287947875755,"INVENTORY_TDAYS":1.383401844799,"CURRENT_ASSETS_TDAYS":1.070802033484,"TOTAL_ASSETS_TDAYS":0.420591894981,"PREMIUM_EXPENSE":null,"LOAN_DEPOSIT":null,"LOAN_EQUITY":null,"LOAN_ASSETS":null,"DEPOSIT_EQUITY":null,"DEPOSIT_ASSETS":null,"EQUITY_MULTIPLIER":1.993765315161,"EQUITY_RATIO":0.993765315162},{"SECUCODE":"01164.HK","SECURITY_CODE":"01164","SECURITY_NAME_ABBR":"中广核矿业","ORG_CODE":"10010520","STD_REPORT_DATE":"2022-12-31 00:00:00","REPORT_DATE":"2022-12-31 00:00:00","DATE_TYPE_CODE":"001","REPORT_TYPE":"2022年年报","PER_NETCASH_OPERATE":0.011551999403,"PER_OI":0.42881100762,"BPS":0.393489935604,"BASIC_EPS":0.064136786,"DILUTED_EPS":0.064136786,"OPERATE_INCOME":3259256383.6,"OPERATE_INCOME_YOY":-5.4631004293,"GROSS_PROFIT":132232544.64,"GROSS_PROFIT_YOY":83.206158184349,"HOLDER_PROFIT":459958122.05,"HOLDER_PROFIT_YOY":188.4710192831,"GROSS_PROFIT_RATIO":4.057138471995,"EPS_TTM":0.060515369939,"OPERATE_INCOME_QOQ":-11.516769215612,"NET_PROFIT_RATIO":14.1123639234,"ROE_AVG":18.712743228594,"GROSS_PROFIT_QOQ":-25.791765457122,"ROA":7.792720579099,"HOLDER_PROFIT_QOQ":9.603801245086,"ROE_YEARLY":18.712743228594,"ROIC_YEARLY":7.872355665389,"TOTAL_ASSETS":6132930091.89,"TOTAL_LIABILITIES":3142137967.36,"TAX_EBT":9.20896493477,"OCF_SALES":2.693960555598,"TOTAL_PARENT_EQUITY":2990792124.53,"DEBT_ASSET_RATIO":51.2338787542,"OPERATE_PROFIT":94224799.41,"PRETAX_PROFIT":506611827.61,"NETCASH_OPERATE":101260193.93,"NETCASH_INVEST":373887091.2,"NETCASH_FINANCE":-491221678.78,"END_CASH":46798415.3,"DIVI_RATIO":0.045245364984,"DIVIDEND_RATE":0.180722891566,"CURRENT_RATIO":1.185589455113,"COMMON_ACS":50000000000,"CURRENTDEBT_DEBT":58.668688139078,"ISSUED_COMMON_SHARES":7600682645,"HK_COMMON_SHARES":7600682645,"PER_SHARES":5000,"TOTAL_MARKET_CAP":12617133190.7,"HKSK_MARKET_CAP":12617133190.7,"PE_TTM":29.306116871802,"PB_TTM":3.197599580391,"REPORT_DATE_SQ":"2021-12-31 00:00:00","REPORT_TYPE_SQ":"2021年年报","OPERATE_INCOME_SQ":3155551728,"DPS_HKD":0.003,"OPERATE_INCOME_QOQ_SQ":1.826093223265,"NET_PROFIT_RATIO_SQ":4.6248636492,"HOLDER_PROFIT_SQ":145939964.8,"HOLDER_PROFIT_QOQ_SQ":151.139519947955,"ROE_AVG_SQ":8.535912084381,"PE_TTM_SQ":35.15061608986,"PB_TTM_SQ":3.357959086963,"ROA_SQ":3.38790676452,"START_DATE":"2022-01-01 00:00:00","FISCAL_YEAR":"12-31","CURRENCY":"HKD","IS_CNY_CODE":0,"DPS_HKD_LY":null,"ORG_TYPE":"一般企业","PREMIUM_INCOME":null,"PREMIUM_INCOME_YOY":null,"NET_INTEREST_INCOME":null,"NET_INTEREST_INCOME_YOY":null,"FEE_COMMISSION_INCOME":null,"FEE_COMMISSION_INCOME_YOY":null,"ACCOUNTS_RECE_TDAYS":16.480557199189,"INVENTORY_TDAYS":1.846516913733,"CURRENT_ASSETS_TDAYS":1.66609549907,"TOTAL_ASSETS_TDAYS":0.552191016431,"PREMIUM_EXPENSE":null,"LOAN_DEPOSIT":null,"LOAN_EQUITY":null,"LOAN_ASSETS":null,"DEPOSIT_EQUITY":null,"DEPOSIT_ASSETS":null,"EQUITY_MULTIPLIER":2.050603932512,"EQUITY_RATIO":1.050603932513},{"SECUCODE":"01164.HK","SECURITY_CODE":"01164","SECURITY_NAME_ABBR":"中广核矿业","ORG_CODE":"10010520","STD_REPORT_DATE":"2022-06-30 00:00:00","REPORT_DATE":"2022-06-30 00:00:00","DATE_TYPE_CODE":"002","REPORT_TYPE":"2022年中报","PER_NETCASH_OPERATE":0.069268331625,"PER_OI":0.271479311014,"BPS":0.364141851856,"BASIC_EPS":0.045154032,"DILUTED_EPS":0.045154032,"OPERATE_INCOME":2063428087.7,"OPERATE_INCOME_YOY":30.7495517191,"GROSS_PROFIT":167282005.52,"GROSS_PROFIT_YOY":173.034512093934,"HOLDER_PROFIT":303697638.37,"HOLDER_PROFIT_YOY":885.5493575334,"GROSS_PROFIT_RATIO":8.106994690882,"EPS_TTM":0.055212838653,"OPERATE_INCOME_QOQ":16.729936523481,"NET_PROFIT_RATIO":14.7181110978,"ROE_AVG":13.173168464861,"GROSS_PROFIT_QOQ":146.8811706853,"ROA":5.29668540845,"HOLDER_PROFIT_QOQ":187.553354631205,"ROE_YEARLY":26.346336929723,"ROIC_YEARLY":11.782618627708,"TOTAL_ASSETS":6037366884.01,"TOTAL_LIABILITIES":3269640230.29,"TAX_EBT":14.256085105767,"OCF_SALES":25.515141970218,"TOTAL_PARENT_EQUITY":2767726653.72,"DEBT_ASSET_RATIO":54.1567258228,"OPERATE_PROFIT":155271717.16,"PRETAX_PROFIT":354191476.73,"NETCASH_OPERATE":526486606.03,"NETCASH_INVEST":333796905.61,"NETCASH_FINANCE":147679340.34,"END_CASH":1087917130.65,"DIVI_RATIO":0.049590639909,"DIVIDEND_RATE":0.180722891566,"CURRENT_RATIO":0.846649605383,"COMMON_ACS":50000000000,"CURRENTDEBT_DEBT":88.415006861889,"ISSUED_COMMON_SHARES":7600682645,"HK_COMMON_SHARES":7600682645,"PER_SHARES":5000,"TOTAL_MARKET_CAP":12617133190.7,"HKSK_MARKET_CAP":12617133190.7,"PE_TTM":29.306116871802,"PB_TTM":3.197599580391,"REPORT_DATE_SQ":"2021-06-30 00:00:00","REPORT_TYPE_SQ":"2021年中报","OPERATE_INCOME_SQ":1535506286.64,"DPS_HKD":0.003,"OPERATE_INCOME_QOQ_SQ":28.642932701523,"NET_PROFIT_RATIO_SQ":1.952602793,"HOLDER_PROFIT_SQ":29982338.64,"HOLDER_PROFIT_QOQ_SQ":-55.517055776382,"ROE_AVG_SQ":1.77011104643,"PE_TTM_SQ":35.15061608986,"PB_TTM_SQ":3.357959086963,"ROA_SQ":0.916418199318,"START_DATE":"2022-01-01 00:00:00","FISCAL_YEAR":"12-31","CURRENCY":"HKD","IS_CNY_CODE":0,"DPS_HKD_LY":null,"ORG_TYPE":"一般企业","PREMIUM_INCOME":null,"PREMIUM_INCOME_YOY":null,"NET_INTEREST_INCOME":null,"NET_INTEREST_INCOME_YOY":null,"FEE_COMMISSION_INCOME":null,"FEE_COMMISSION_INCOME_YOY":null,"ACCOUNTS_RECE_TDAYS":9.423423916015,"INVENTORY_TDAYS":1.538641218132,"CURRENT_ASSETS_TDAYS":1.006355123659,"TOTAL_ASSETS_TDAYS":0.359875351753,"PREMIUM_EXPENSE":null,"LOAN_DEPOSIT":null,"LOAN_EQUITY":null,"LOAN_ASSETS":null,"DEPOSIT_EQUITY":null,"DEPOSIT_ASSETS":null,"EQUITY_MULTIPLIER":2.181345067402,"EQUITY_RATIO":1.181345067402},{"SECUCODE":"01164.HK","SECURITY_CODE":"01164","SECURITY_NAME_ABBR":"中广核矿业","ORG_CODE":"10010520","STD_REPORT_DATE":"2021-12-31 00:00:00","REPORT_DATE":"2021-12-31 00:00:00","DATE_TYPE_CODE":"001","REPORT_TYPE":"2021年年报","PER_NETCASH_OPERATE":0.031961385594,"PER_OI":0.478064451469,"BPS":0.231835797796,"BASIC_EPS":0.0220752,"DILUTED_EPS":0.0220752,"OPERATE_INCOME":3155551728,"OPERATE_INCOME_YOY":34.8436496629,"GROSS_PROFIT":72176910.4,"GROSS_PROFIT_YOY":-57.706192311428,"HOLDER_PROFIT":145939964.8,"HOLDER_PROFIT_YOY":14.999001398,"GROSS_PROFIT_RATIO":2.287299230735,"EPS_TTM":0.022109829036,"OPERATE_INCOME_QOQ":1.826093223265,"NET_PROFIT_RATIO":4.6248636492,"ROE_AVG":8.535912084381,"GROSS_PROFIT_QOQ":-45.511212343208,"ROA":3.38790676452,"HOLDER_PROFIT_QOQ":151.139519947955,"ROE_YEARLY":8.535912084381,"ROIC_YEARLY":3.846292665641,"TOTAL_ASSETS":5191412520,"TOTAL_LIABILITIES":3429302195.2,"TAX_EBT":9.190899656092,"OCF_SALES":6.685580886792,"TOTAL_PARENT_EQUITY":1762110324.8,"DEBT_ASSET_RATIO":66.0572085533,"OPERATE_PROFIT":33669585.6,"PRETAX_PROFIT":160710726.4,"NETCASH_OPERATE":210966963.2,"NETCASH_INVEST":-2728128435.2,"NETCASH_FINANCE":1619812768,"END_CASH":66465156.8,"DIVI_RATIO":0.123838135319,"DIVIDEND_RATE":0.180722891566,"CURRENT_RATIO":0.514955721921,"COMMON_ACS":50000000000,"CURRENTDEBT_DEBT":89.504052115798,"ISSUED_COMMON_SHARES":7600682645,"HK_COMMON_SHARES":7600682645,"PER_SHARES":5000,"TOTAL_MARKET_CAP":12617133190.7,"HKSK_MARKET_CAP":12617133190.7,"PE_TTM":29.306116871802,"PB_TTM":3.197599580391,"REPORT_DATE_SQ":"2020-12-31 00:00:00","REPORT_TYPE_SQ":"2020年年报","OPERATE_INCOME_SQ":2408963890.64,"DPS_HKD":0.003,"OPERATE_INCOME_QOQ_SQ":28.794040896589,"NET_PROFIT_RATIO_SQ":5.4229470349,"HOLDER_PROFIT_SQ":130636835.88,"HOLDER_PROFIT_QOQ_SQ":-26.457239487356,"ROE_AVG_SQ":7.816934551171,"PE_TTM_SQ":35.15061608986,"PB_TTM_SQ":3.357959086963,"ROA_SQ":4.262357251042,"START_DATE":"2021-01-01 00:00:00","FISCAL_YEAR":"12-31","CURRENCY":"HKD","IS_CNY_CODE":0,"DPS_HKD_LY":0.005,"ORG_TYPE":"一般企业","PREMIUM_INCOME":null,"PREMIUM_INCOME_YOY":null,"NET_INTEREST_INCOME":null,"NET_INTEREST_INCOME_YOY":null,"FEE_COMMISSION_INCOME":null,"FEE_COMMISSION_INCOME_YOY":null,"ACCOUNTS_RECE_TDAYS":16.687478111232,"INVENTORY_TDAYS":2.148562863215,"CURRENT_ASSETS_TDAYS":1.471069944935,"TOTAL_ASSETS_TDAYS":0.732541977774,"PREMIUM_EXPENSE":null,"LOAN_DEPOSIT":null,"LOAN_EQUITY":null,"LOAN_ASSETS":null,"DEPOSIT_EQUITY":null,"DEPOSIT_ASSETS":null,"EQUITY_MULTIPLIER":2.946133648349,"EQUITY_RATIO":1.946133648351},{"SECUCODE":"01164.HK","SECURITY_CODE":"01164","SECURITY_NAME_ABBR":"中广核矿业","ORG_CODE":"10010520","STD_REPORT_DATE":"2021-06-30 00:00:00","REPORT_DATE":"2021-06-30 00:00:00","DATE_TYPE_CODE":"002","REPORT_TYPE":"2021年中报","PER_NETCASH_OPERATE":0.092816614316,"PER_OI":0.23262840667,"BPS":0.223788616924,"BASIC_EPS":0.00457644,"DILUTED_EPS":0.00457644,"OPERATE_INCOME":1535506286.64,"OPERATE_INCOME_YOY":99.364865697,"GROSS_PROFIT":61267714.56,"GROSS_PROFIT_YOY":-38.400721954463,"HOLDER_PROFIT":29982338.64,"HOLDER_PROFIT_YOY":-67.8913225571,"GROSS_PROFIT_RATIO":3.990066018816,"EPS_TTM":0.008803803177,"OPERATE_INCOME_QOQ":28.642932701523,"NET_PROFIT_RATIO":1.952602793,"ROE_AVG":1.77011104643,"GROSS_PROFIT_QOQ":-22.380714441718,"ROA":0.916418199318,"HOLDER_PROFIT_QOQ":-55.517055776382,"ROE_YEARLY":3.54022209286,"ROIC_YEARLY":2.664401042158,"TOTAL_ASSETS":3058800967.2,"TOTAL_LIABILITIES":1357854710.4,"TAX_EBT":15.946254869486,"OCF_SALES":39.89908869866,"TOTAL_PARENT_EQUITY":1700946256.8,"DEBT_ASSET_RATIO":44.391731432,"OPERATE_PROFIT":44151828.96,"PRETAX_PROFIT":35670437.52,"NETCASH_OPERATE":612653015.28,"NETCASH_INVEST":31217977.44,"NETCASH_FINANCE":-557674161.36,"END_CASH":1064915121.84,"DIVI_RATIO":0.311006498552,"DIVIDEND_RATE":0.180722891566,"CURRENT_RATIO":3.791285309117,"COMMON_ACS":50000000000,"CURRENTDEBT_DEBT":45.480978993553,"ISSUED_COMMON_SHARES":7600682645,"HK_COMMON_SHARES":7600682645,"PER_SHARES":5000,"TOTAL_MARKET_CAP":12617133190.7,"HKSK_MARKET_CAP":12617133190.7,"PE_TTM":29.306116871802,"PB_TTM":3.197599580391,"REPORT_DATE_SQ":"2020-06-30 00:00:00","REPORT_TYPE_SQ":"2020年中报","OPERATE_INCOME_SQ":845508380.64,"DPS_HKD":0.003,"OPERATE_INCOME_QOQ_SQ":0.545330422733,"NET_PROFIT_RATIO_SQ":12.1238376848,"HOLDER_PROFIT_SQ":102508063.68,"HOLDER_PROFIT_QOQ_SQ":23.930999574413,"ROE_AVG_SQ":5.766082198862,"PE_TTM_SQ":35.15061608986,"PB_TTM_SQ":3.357959086963,"ROA_SQ":3.210044037919,"START_DATE":"2021-01-01 00:00:00","FISCAL_YEAR":"12-31","CURRENCY":"HKD","IS_CNY_CODE":0,"DPS_HKD_LY":0.005,"ORG_TYPE":"一般企业","PREMIUM_INCOME":null,"PREMIUM_INCOME_YOY":null,"NET_INTEREST_INCOME":null,"NET_INTEREST_INCOME_YOY":null,"FEE_COMMISSION_INCOME":null,"FEE_COMMISSION_INCOME_YOY":null,"ACCOUNTS_RECE_TDAYS":6.780644817558,"INVENTORY_TDAYS":1.144025035199,"CURRENT_ASSETS_TDAYS":0.602287696037,"TOTAL_ASSETS_TDAYS":0.469331603228,"PREMIUM_EXPENSE":null,"LOAN_DEPOSIT":null,"LOAN_EQUITY":null,"LOAN_ASSETS":null,"DEPOSIT_EQUITY":null,"DEPOSIT_ASSETS":null,"EQUITY_MULTIPLIER":1.798293717376,"EQUITY_RATIO":0.798293717377},{"SECUCODE":"01164.HK","SECURITY_CODE":"01164","SECURITY_NAME_ABBR":"中广核矿业","ORG_CODE":"10010520","STD_REPORT_DATE":"2020-12-31 00:00:00","REPORT_DATE":"2020-12-31 00:00:00","DATE_TYPE_CODE":"001","REPORT_TYPE":"2020年年报","PER_NETCASH_OPERATE":-0.040176375721,"PER_OI":0.364956781018,"BPS":0.224460730448,"BASIC_EPS":0.01977854,"DILUTED_EPS":0.01977854,"OPERATE_INCOME":2408963890.64,"OPERATE_INCOME_YOY":37.8264813973,"GROSS_PROFIT":170655976.24,"GROSS_PROFIT_YOY":32.386669302557,"HOLDER_PROFIT":130636835.88,"HOLDER_PROFIT_YOY":-2.9948315407,"GROSS_PROFIT_RATIO":7.084206488237,"EPS_TTM":0.019791412935,"OPERATE_INCOME_QOQ":28.794040896589,"NET_PROFIT_RATIO":5.4229470349,"ROE_AVG":7.816934551171,"GROSS_PROFIT_QOQ":-1.55145395446,"ROA":4.262357251042,"HOLDER_PROFIT_QOQ":-26.457239487356,"ROE_YEARLY":7.816934551171,"ROIC_YEARLY":5.715067347196,"TOTAL_ASSETS":3524609050.68,"TOTAL_LIABILITIES":1818554272.28,"TAX_EBT":13.752042052388,"OCF_SALES":-11.008529724767,"TOTAL_PARENT_EQUITY":1706054778.4,"DEBT_ASSET_RATIO":51.5959145009,"OPERATE_PROFIT":138930356.44,"PRETAX_PROFIT":151466584.24,"NETCASH_OPERATE":-265191505.96,"NETCASH_INVEST":21645297.52,"NETCASH_FINANCE":661512207.2,"END_CASH":988512913.12,"DIVI_RATIO":0.138344847283,"DIVIDEND_RATE":0.180722891566,"CURRENT_RATIO":2.729295604601,"COMMON_ACS":50000000000,"CURRENTDEBT_DEBT":56.196224696595,"ISSUED_COMMON_SHARES":7600682645,"HK_COMMON_SHARES":7600682645,"PER_SHARES":5000,"TOTAL_MARKET_CAP":12617133190.7,"HKSK_MARKET_CAP":12617133190.7,"PE_TTM":29.306116871802,"PB_TTM":3.197599580391,"REPORT_DATE_SQ":"2019-12-31 00:00:00","REPORT_TYPE_SQ":"2019年年报","OPERATE_INCOME_SQ":1860255576.64,"DPS_HKD":0.003,"OPERATE_INCOME_QOQ_SQ":161.785497350829,"NET_PROFIT_RATIO_SQ":7.7050091299,"HOLDER_PROFIT_SQ":143332862.02,"HOLDER_PROFIT_QOQ_SQ":17.234365432348,"ROE_AVG_SQ":8.402379945277,"PE_TTM_SQ":35.15061608986,"PB_TTM_SQ":3.357959086963,"ROA_SQ":6.455544577264,"START_DATE":"2020-01-01 00:00:00","FISCAL_YEAR":"12-31","CURRENCY":"HKD","IS_CNY_CODE":0,"DPS_HKD_LY":0.01,"ORG_TYPE":"一般企业","PREMIUM_INCOME":null,"PREMIUM_INCOME_YOY":null,"NET_INTEREST_INCOME":null,"NET_INTEREST_INCOME_YOY":null,"FEE_COMMISSION_INCOME":null,"FEE_COMMISSION_INCOME_YOY":null,"ACCOUNTS_RECE_TDAYS":11.685369129709,"INVENTORY_TDAYS":1.657338092397,"CURRENT_ASSETS_TDAYS":1.028628621434,"TOTAL_ASSETS_TDAYS":0.78598541044,"PREMIUM_EXPENSE":null,"LOAN_DEPOSIT":null,"LOAN_EQUITY":null,"LOAN_ASSETS":null,"DEPOSIT_EQUITY":null,"DEPOSIT_ASSETS":null,"EQUITY_MULTIPLIER":2.065941314021,"EQUITY_RATIO":1.065941314021},{"SECUCODE":"01164.HK","SECURITY_CODE":"01164","SECURITY_NAME_ABBR":"中广核矿业","ORG_CODE":"10010520","STD_REPORT_DATE":"2020-06-30 00:00:00","REPORT_DATE":"2020-06-30 00:00:00","DATE_TYPE_CODE":"002","REPORT_TYPE":"2020年中报","PER_NETCASH_OPERATE":-0.113106911632,"PER_OI":0.128094081493,"BPS":0.234137630705,"BASIC_EPS":0.01552848,"DILUTED_EPS":0.01552848,"OPERATE_INCOME":845508380.64,"OPERATE_INCOME_YOY":-2.528631782,"GROSS_PROFIT":99461741.28,"GROSS_PROFIT_YOY":80.761924693296,"HOLDER_PROFIT":102508063.68,"HOLDER_PROFIT_YOY":44.731615466,"GROSS_PROFIT_RATIO":11.763542923692,"EPS_TTM":0.02691143601,"OPERATE_INCOME_QOQ":0.545330422733,"NET_PROFIT_RATIO":12.1238376848,"ROE_AVG":5.766082198862,"GROSS_PROFIT_QOQ":34.472955285005,"ROA":3.210044037919,"HOLDER_PROFIT_QOQ":23.930999574413,"ROE_YEARLY":11.532164397723,"ROIC_YEARLY":7.604067039545,"TOTAL_ASSETS":3559276506.72,"TOTAL_LIABILITIES":1779670680.48,"TAX_EBT":11.565194092894,"OCF_SALES":-88.299873275636,"TOTAL_PARENT_EQUITY":1779605826.24,"DEBT_ASSET_RATIO":50.0009110593,"OPERATE_PROFIT":89049438.72,"PRETAX_PROFIT":115913709.12,"NETCASH_OPERATE":-746582828.64,"NETCASH_INVEST":18040440,"NETCASH_FINANCE":486869000.64,"END_CASH":376222186.56,"DIVI_RATIO":0.101742619719,"DIVIDEND_RATE":0.180722891566,"CURRENT_RATIO":2.411148758997,"COMMON_ACS":50000000000,"CURRENTDEBT_DEBT":65.212437195795,"ISSUED_COMMON_SHARES":7600682645,"HK_COMMON_SHARES":7600682645,"PER_SHARES":5000,"TOTAL_MARKET_CAP":12617133190.7,"HKSK_MARKET_CAP":12617133190.7,"PE_TTM":29.306116871802,"PB_TTM":3.197599580391,"REPORT_DATE_SQ":"2019-06-30 00:00:00","REPORT_TYPE_SQ":"2019年中报","OPERATE_INCOME_SQ":835363841.04,"DPS_HKD":0.003,"OPERATE_INCOME_QOQ_SQ":124.015476299685,"NET_PROFIT_RATIO_SQ":8.1649544461,"HOLDER_PROFIT_SQ":68207077.08,"HOLDER_PROFIT_QOQ_SQ":37.599029067218,"ROE_AVG_SQ":4.158035151694,"PE_TTM_SQ":35.15061608986,"PB_TTM_SQ":3.357959086963,"ROA_SQ":3.65379730939,"START_DATE":"2020-01-01 00:00:00","FISCAL_YEAR":"12-31","CURRENCY":"HKD","IS_CNY_CODE":0,"DPS_HKD_LY":0.01,"ORG_TYPE":"一般企业","PREMIUM_INCOME":null,"PREMIUM_INCOME_YOY":null,"NET_INTEREST_INCOME":null,"NET_INTEREST_INCOME_YOY":null,"FEE_COMMISSION_INCOME":null,"FEE_COMMISSION_INCOME_YOY":null,"ACCOUNTS_RECE_TDAYS":5.156287775395,"INVENTORY_TDAYS":0.423280576837,"CURRENT_ASSETS_TDAYS":0.348337511788,"TOTAL_ASSETS_TDAYS":0.264771281287,"PREMIUM_EXPENSE":null,"LOAN_DEPOSIT":null,"LOAN_EQUITY":null,"LOAN_ASSETS":null,"DEPOSIT_EQUITY":null,"DEPOSIT_ASSETS":null,"EQUITY_MULTIPLIER":2.000036443036,"EQUITY_RATIO":1.000036443036}],"count":59},"success":true,"message":"ok","code":0}