{"version":"d84da084ad005d502194607d15647720","result":{"pages":6,"data":[{"SECUCODE":"01161.HK","SECURITY_CODE":"01161","SECURITY_NAME_ABBR":"奥思集团","ORG_CODE":"10010518","STD_REPORT_DATE":"2024-12-31 00:00:00","REPORT_DATE":"2024-09-30 00:00:00","DATE_TYPE_CODE":"001","REPORT_TYPE":"2024年年报","PER_NETCASH_OPERATE":0.533979949599,"PER_OI":1.302843073678,"BPS":0.412040362619,"BASIC_EPS":0.090179,"DILUTED_EPS":0.090179,"OPERATE_INCOME":886653454.85,"OPERATE_INCOME_YOY":0.6802365827,"GROSS_PROFIT":811785045.47,"GROSS_PROFIT_YOY":0.42398847585,"HOLDER_PROFIT":61578730.15,"HOLDER_PROFIT_YOY":-38.1027918782,"GROSS_PROFIT_RATIO":91.556068611647,"EPS_TTM":0.090483403209,"OPERATE_INCOME_QOQ":0,"NET_PROFIT_RATIO":6.9249350346,"ROE_AVG":21.920222396281,"GROSS_PROFIT_QOQ":0,"ROA":5.531758906529,"HOLDER_PROFIT_QOQ":0,"ROE_YEARLY":21.920222396281,"ROIC_YEARLY":7.984154461264,"TOTAL_ASSETS":1123697974.25,"TOTAL_LIABILITIES":842739889.01,"TAX_EBT":30.382814257377,"OCF_SALES":40.985745742284,"TOTAL_PARENT_EQUITY":280415207.66,"DEBT_ASSET_RATIO":74.9970106133,"OPERATE_PROFIT":106776444.95,"PRETAX_PROFIT":88196865.58,"NETCASH_OPERATE":363401530.62,"NETCASH_INVEST":-4749727.93,"NETCASH_FINANCE":-168015200.27,"END_CASH":437508829.24,"DIVI_RATIO":0.549990918059,"DIVIDEND_RATE":6.25,"CURRENT_RATIO":0.746417617234,"COMMON_ACS":2000000000,"CURRENTDEBT_DEBT":88.894072779687,"ISSUED_COMMON_SHARES":680552764,"HK_COMMON_SHARES":680552764,"PER_SHARES":2000,"TOTAL_MARKET_CAP":598886432.32,"HKSK_MARKET_CAP":598886432.32,"PE_TTM":8.770395142711,"PB_TTM":1.925964716067,"REPORT_DATE_SQ":"2023-12-31 00:00:00","REPORT_TYPE_SQ":"2023年年报","OPERATE_INCOME_SQ":896131764.36,"DPS_HKD":0.055,"OPERATE_INCOME_QOQ_SQ":0,"NET_PROFIT_RATIO_SQ":11.2893877768,"HOLDER_PROFIT_SQ":101232941.6,"HOLDER_PROFIT_QOQ_SQ":0,"ROE_AVG_SQ":35.98261536078,"PE_TTM_SQ":8.328011524656,"PB_TTM_SQ":2.943963468748,"ROA_SQ":8.882733743438,"START_DATE":"2023-10-01 00:00:00","FISCAL_YEAR":"9-30","CURRENCY":"HKD","IS_CNY_CODE":0,"DPS_HKD_LY":0.105,"ORG_TYPE":"一般企业","PREMIUM_INCOME":null,"PREMIUM_INCOME_YOY":null,"NET_INTEREST_INCOME":null,"NET_INTEREST_INCOME_YOY":null,"FEE_COMMISSION_INCOME":null,"FEE_COMMISSION_INCOME_YOY":null,"ACCOUNTS_RECE_TDAYS":48.696911914019,"INVENTORY_TDAYS":1.812984517284,"CURRENT_ASSETS_TDAYS":1.879540712406,"TOTAL_ASSETS_TDAYS":0.796501183757,"PREMIUM_EXPENSE":null,"LOAN_DEPOSIT":null,"LOAN_EQUITY":null,"LOAN_ASSETS":null,"DEPOSIT_EQUITY":null,"DEPOSIT_ASSETS":null,"EQUITY_MULTIPLIER":3.999521755314,"EQUITY_RATIO":3.005328762454},{"SECUCODE":"01161.HK","SECURITY_CODE":"01161","SECURITY_NAME_ABBR":"奥思集团","ORG_CODE":"10010518","STD_REPORT_DATE":"2024-06-30 00:00:00","REPORT_DATE":"2024-03-31 00:00:00","DATE_TYPE_CODE":"002","REPORT_TYPE":"2024年中报","PER_NETCASH_OPERATE":0.314032280236,"PER_OI":0.670613825764,"BPS":0.405927077537,"BASIC_EPS":0.05348645,"DILUTED_EPS":0.05348645,"OPERATE_INCOME":456388092.7,"OPERATE_INCOME_YOY":2.3329274713,"GROSS_PROFIT":411743224.85,"GROSS_PROFIT_YOY":6.912969559472,"HOLDER_PROFIT":36386197.35,"HOLDER_PROFIT_YOY":-29.843911136,"GROSS_PROFIT_RATIO":90.217784257718,"EPS_TTM":0.128624938536,"OPERATE_INCOME_QOQ":0,"NET_PROFIT_RATIO":7.958739378,"ROE_AVG":13.014380441303,"GROSS_PROFIT_QOQ":0,"ROA":3.212586853983,"HOLDER_PROFIT_QOQ":0,"ROE_YEARLY":26.028760882606,"ROIC_YEARLY":8.77558438577,"TOTAL_ASSETS":1156734229.7,"TOTAL_LIABILITIES":879817653.6,"TAX_EBT":25.0453652605,"OCF_SALES":46.827588124759,"TOTAL_PARENT_EQUITY":276254794.6,"DEBT_ASSET_RATIO":76.0604839911,"OPERATE_PROFIT":63395041.5,"PRETAX_PROFIT":48459630.25,"NETCASH_OPERATE":213715536.3,"NETCASH_INVEST":-5980510.35,"NETCASH_FINANCE":-95243956.1,"END_CASH":358953005.25,"DIVI_RATIO":0.886291191254,"DIVIDEND_RATE":13.157894736842,"CURRENT_RATIO":0.663828500114,"COMMON_ACS":2000000000,"CURRENTDEBT_DEBT":86.525875002061,"ISSUED_COMMON_SHARES":680552764,"HK_COMMON_SHARES":680552764,"PER_SHARES":2000,"TOTAL_MARKET_CAP":646525125.8,"HKSK_MARKET_CAP":646525125.8,"PE_TTM":9.468040210881,"PB_TTM":2.079166454845,"REPORT_DATE_SQ":"2023-06-30 00:00:00","REPORT_TYPE_SQ":"2023年中报","OPERATE_INCOME_SQ":430664077.37,"DPS_HKD":0.125,"OPERATE_INCOME_QOQ_SQ":0,"NET_PROFIT_RATIO_SQ":11.599794291,"HOLDER_PROFIT_SQ":50083081.51,"HOLDER_PROFIT_QOQ_SQ":0,"ROE_AVG_SQ":18.728813420609,"PE_TTM_SQ":8.636456395939,"PB_TTM_SQ":3.052999152776,"ROA_SQ":4.598709152606,"START_DATE":"2023-10-01 00:00:00","FISCAL_YEAR":"9-30","CURRENCY":"HKD","IS_CNY_CODE":0,"DPS_HKD_LY":0.105,"ORG_TYPE":"一般企业","PREMIUM_INCOME":null,"PREMIUM_INCOME_YOY":null,"NET_INTEREST_INCOME":null,"NET_INTEREST_INCOME_YOY":null,"FEE_COMMISSION_INCOME":null,"FEE_COMMISSION_INCOME_YOY":null,"ACCOUNTS_RECE_TDAYS":18.297043377128,"INVENTORY_TDAYS":1.085046378919,"CURRENT_ASSETS_TDAYS":1.023653876263,"TOTAL_ASSETS_TDAYS":0.402951254515,"PREMIUM_EXPENSE":null,"LOAN_DEPOSIT":null,"LOAN_EQUITY":null,"LOAN_ASSETS":null,"DEPOSIT_EQUITY":null,"DEPOSIT_ASSETS":null,"EQUITY_MULTIPLIER":4.177193889919,"EQUITY_RATIO":3.184805008992},{"SECUCODE":"01161.HK","SECURITY_CODE":"01161","SECURITY_NAME_ABBR":"奥思集团","ORG_CODE":"10010518","STD_REPORT_DATE":"2023-12-31 00:00:00","REPORT_DATE":"2023-09-30 00:00:00","DATE_TYPE_CODE":"001","REPORT_TYPE":"2023年年报","PER_NETCASH_OPERATE":0.377633785453,"PER_OI":1.31677044274,"BPS":0.42079343482,"BASIC_EPS":0.14865606,"DILUTED_EPS":0.14865606,"OPERATE_INCOME":896131764.36,"OPERATE_INCOME_YOY":15.9912392391,"GROSS_PROFIT":808357701.97,"GROSS_PROFIT_YOY":20.958171742664,"HOLDER_PROFIT":101232941.6,"HOLDER_PROFIT_YOY":63.6018507534,"GROSS_PROFIT_RATIO":90.205228083541,"EPS_TTM":0.148751054959,"OPERATE_INCOME_QOQ":0,"NET_PROFIT_RATIO":11.2893877768,"ROE_AVG":35.98261536078,"GROSS_PROFIT_QOQ":0,"ROA":8.882733743438,"HOLDER_PROFIT_QOQ":0,"ROE_YEARLY":35.98261536078,"ROIC_YEARLY":11.164856206428,"TOTAL_ASSETS":1122041258.8,"TOTAL_LIABILITIES":834935019.66,"TAX_EBT":21.232710333791,"OCF_SALES":28.678786612764,"TOTAL_PARENT_EQUITY":286372135.14,"DEBT_ASSET_RATIO":74.4121495633,"OPERATE_PROFIT":136726870,"PRETAX_PROFIT":128438835.84,"NETCASH_OPERATE":256999716.47,"NETCASH_INVEST":-21892816.54,"NETCASH_FINANCE":-199954329.89,"END_CASH":249378799.32,"DIVI_RATIO":0.76637540508,"DIVIDEND_RATE":13.157894736842,"CURRENT_RATIO":0.579450892517,"COMMON_ACS":2000000000,"CURRENTDEBT_DEBT":80.828942654102,"ISSUED_COMMON_SHARES":680552764,"HK_COMMON_SHARES":680552764,"PER_SHARES":2000,"TOTAL_MARKET_CAP":646525125.8,"HKSK_MARKET_CAP":646525125.8,"PE_TTM":9.468040210881,"PB_TTM":2.079166454845,"REPORT_DATE_SQ":"2022-12-31 00:00:00","REPORT_TYPE_SQ":"2022年年报","OPERATE_INCOME_SQ":761480595.84,"DPS_HKD":0.125,"OPERATE_INCOME_QOQ_SQ":0,"NET_PROFIT_RATIO_SQ":7.94074609,"HOLDER_PROFIT_SQ":60988198.08,"HOLDER_PROFIT_QOQ_SQ":0,"ROE_AVG_SQ":20.636300204429,"PE_TTM_SQ":8.636456395939,"PB_TTM_SQ":3.052999152776,"ROA_SQ":5.148707173006,"START_DATE":"2022-10-01 00:00:00","FISCAL_YEAR":"9-30","CURRENCY":"HKD","IS_CNY_CODE":0,"DPS_HKD_LY":0.145,"ORG_TYPE":"一般企业","PREMIUM_INCOME":null,"PREMIUM_INCOME_YOY":null,"NET_INTEREST_INCOME":null,"NET_INTEREST_INCOME_YOY":null,"FEE_COMMISSION_INCOME":null,"FEE_COMMISSION_INCOME_YOY":null,"ACCOUNTS_RECE_TDAYS":46.656729253261,"INVENTORY_TDAYS":1.609141453649,"CURRENT_ASSETS_TDAYS":2.327729159541,"TOTAL_ASSETS_TDAYS":0.786315179233,"PREMIUM_EXPENSE":null,"LOAN_DEPOSIT":null,"LOAN_EQUITY":null,"LOAN_ASSETS":null,"DEPOSIT_EQUITY":null,"DEPOSIT_ASSETS":null,"EQUITY_MULTIPLIER":3.908104756489,"EQUITY_RATIO":2.915559571646},{"SECUCODE":"01161.HK","SECURITY_CODE":"01161","SECURITY_NAME_ABBR":"奥思集团","ORG_CODE":"10010518","STD_REPORT_DATE":"2023-06-30 00:00:00","REPORT_DATE":"2023-03-31 00:00:00","DATE_TYPE_CODE":"002","REPORT_TYPE":"2023年中报","PER_NETCASH_OPERATE":0.169525664156,"PER_OI":0.63281511758,"BPS":0.398546293965,"BASIC_EPS":0.07353444,"DILUTED_EPS":0.07353444,"OPERATE_INCOME":430664077.37,"OPERATE_INCOME_YOY":26.6797477514,"GROSS_PROFIT":385119996.71,"GROSS_PROFIT_YOY":43.974735345974,"HOLDER_PROFIT":50083081.51,"HOLDER_PROFIT_YOY":115.1760192568,"GROSS_PROFIT_RATIO":89.424685490805,"EPS_TTM":0.131522712778,"OPERATE_INCOME_QOQ":0,"NET_PROFIT_RATIO":11.599794291,"ROE_AVG":18.728813420609,"GROSS_PROFIT_QOQ":0,"ROA":4.598709152606,"HOLDER_PROFIT_QOQ":0,"ROE_YEARLY":37.457626841217,"ROIC_YEARLY":11.391530472459,"TOTAL_ASSETS":1074104433.93,"TOTAL_LIABILITIES":802237104.33,"TAX_EBT":21.669663569105,"OCF_SALES":26.789129944284,"TOTAL_PARENT_EQUITY":271231781.94,"DEBT_ASSET_RATIO":74.6889295852,"OPERATE_PROFIT":67279635.55,"PRETAX_PROFIT":63776244.73,"NETCASH_OPERATE":115371159.31,"NETCASH_INVEST":-14086222.31,"NETCASH_FINANCE":-95577263.8,"END_CASH":213036275.96,"DIVI_RATIO":0.866763980091,"DIVIDEND_RATE":13.157894736842,"CURRENT_RATIO":0.550333676671,"COMMON_ACS":2000000000,"CURRENTDEBT_DEBT":78.50270565782,"ISSUED_COMMON_SHARES":680552764,"HK_COMMON_SHARES":680552764,"PER_SHARES":2000,"TOTAL_MARKET_CAP":646525125.8,"HKSK_MARKET_CAP":646525125.8,"PE_TTM":9.468040210881,"PB_TTM":2.079166454845,"REPORT_DATE_SQ":"2022-06-30 00:00:00","REPORT_TYPE_SQ":"2022年中报","OPERATE_INCOME_SQ":314953300.47,"DPS_HKD":0.125,"OPERATE_INCOME_QOQ_SQ":0,"NET_PROFIT_RATIO_SQ":6.7931514857,"HOLDER_PROFIT_SQ":21563133.88,"HOLDER_PROFIT_QOQ_SQ":0,"ROE_AVG_SQ":8.52905276766,"PE_TTM_SQ":8.636456395939,"PB_TTM_SQ":3.052999152776,"ROA_SQ":1.989722858427,"START_DATE":"2022-10-01 00:00:00","FISCAL_YEAR":"9-30","CURRENCY":"HKD","IS_CNY_CODE":0,"DPS_HKD_LY":0.145,"ORG_TYPE":"一般企业","PREMIUM_INCOME":null,"PREMIUM_INCOME_YOY":null,"NET_INTEREST_INCOME":null,"NET_INTEREST_INCOME_YOY":null,"FEE_COMMISSION_INCOME":null,"FEE_COMMISSION_INCOME_YOY":null,"ACCOUNTS_RECE_TDAYS":26.811837479903,"INVENTORY_TDAYS":0.814101962257,"CURRENT_ASSETS_TDAYS":1.216456735358,"TOTAL_ASSETS_TDAYS":0.395442687348,"PREMIUM_EXPENSE":null,"LOAN_DEPOSIT":null,"LOAN_EQUITY":null,"LOAN_ASSETS":null,"DEPOSIT_EQUITY":null,"DEPOSIT_ASSETS":null,"EQUITY_MULTIPLIER":3.950840417303,"EQUITY_RATIO":2.95775479773},{"SECUCODE":"01161.HK","SECURITY_CODE":"01161","SECURITY_NAME_ABBR":"奥思集团","ORG_CODE":"10010518","STD_REPORT_DATE":"2022-12-31 00:00:00","REPORT_DATE":"2022-09-30 00:00:00","DATE_TYPE_CODE":"001","REPORT_TYPE":"2022年年报","PER_NETCASH_OPERATE":0.245559346696,"PER_OI":1.118914852927,"BPS":0.400164732973,"BASIC_EPS":0.08953956,"DILUTED_EPS":0.08953956,"OPERATE_INCOME":761480595.84,"OPERATE_INCOME_YOY":1.4460168567,"GROSS_PROFIT":668295238.2,"GROSS_PROFIT_YOY":4.784070496063,"HOLDER_PROFIT":60988198.08,"HOLDER_PROFIT_YOY":-60.4132910649,"GROSS_PROFIT_RATIO":87.762609034416,"EPS_TTM":0.089615679057,"OPERATE_INCOME_QOQ":0,"NET_PROFIT_RATIO":7.94074609,"ROE_AVG":20.636300204429,"GROSS_PROFIT_QOQ":0,"ROA":5.148707173006,"HOLDER_PROFIT_QOQ":0,"ROE_YEARLY":20.636300204429,"ROIC_YEARLY":6.715615608887,"TOTAL_ASSETS":1140643550.4,"TOTAL_LIABILITIES":867522568.08,"TAX_EBT":28.601636087913,"OCF_SALES":21.946204937192,"TOTAL_PARENT_EQUITY":272333215.08,"DEBT_ASSET_RATIO":76.055536173,"OPERATE_PROFIT":90738847.44,"PRETAX_PROFIT":84689952.72,"NETCASH_OPERATE":167116092.12,"NETCASH_INVEST":-80361302.88,"NETCASH_FINANCE":-201152882.64,"END_CASH":211895820.96,"DIVI_RATIO":1.272089339718,"DIVIDEND_RATE":13.157894736842,"CURRENT_RATIO":0.549675256819,"COMMON_ACS":2000000000,"CURRENTDEBT_DEBT":78.317670681894,"ISSUED_COMMON_SHARES":680552764,"HK_COMMON_SHARES":680552764,"PER_SHARES":2000,"TOTAL_MARKET_CAP":646525125.8,"HKSK_MARKET_CAP":646525125.8,"PE_TTM":9.468040210881,"PB_TTM":2.079166454845,"REPORT_DATE_SQ":"2021-12-31 00:00:00","REPORT_TYPE_SQ":"2021年年报","OPERATE_INCOME_SQ":691385651.1,"DPS_HKD":0.125,"OPERATE_INCOME_QOQ_SQ":0,"NET_PROFIT_RATIO_SQ":20.4881105147,"HOLDER_PROFIT_SQ":141903440.4,"HOLDER_PROFIT_QOQ_SQ":0,"ROE_AVG_SQ":59.88830272528,"PE_TTM_SQ":8.636456395939,"PB_TTM_SQ":3.052999152776,"ROA_SQ":13.345320147837,"START_DATE":"2021-10-01 00:00:00","FISCAL_YEAR":"9-30","CURRENCY":"HKD","IS_CNY_CODE":0,"DPS_HKD_LY":0.165,"ORG_TYPE":"一般企业","PREMIUM_INCOME":null,"PREMIUM_INCOME_YOY":null,"NET_INTEREST_INCOME":null,"NET_INTEREST_INCOME_YOY":null,"FEE_COMMISSION_INCOME":null,"FEE_COMMISSION_INCOME_YOY":null,"ACCOUNTS_RECE_TDAYS":36.905165800951,"INVENTORY_TDAYS":1.498218674112,"CURRENT_ASSETS_TDAYS":1.663418604835,"TOTAL_ASSETS_TDAYS":0.642852343459,"PREMIUM_EXPENSE":null,"LOAN_DEPOSIT":null,"LOAN_EQUITY":null,"LOAN_ASSETS":null,"DEPOSIT_EQUITY":null,"DEPOSIT_ASSETS":null,"EQUITY_MULTIPLIER":4.176330726071,"EQUITY_RATIO":3.185518769075},{"SECUCODE":"01161.HK","SECURITY_CODE":"01161","SECURITY_NAME_ABBR":"奥思集团","ORG_CODE":"10010518","STD_REPORT_DATE":"2022-06-30 00:00:00","REPORT_DATE":"2022-03-31 00:00:00","DATE_TYPE_CODE":"002","REPORT_TYPE":"2022年中报","PER_NETCASH_OPERATE":0.01591029393,"PER_OI":0.462790421449,"BPS":0.323006018208,"BASIC_EPS":0.03162939,"DILUTED_EPS":0.03162939,"OPERATE_INCOME":314953300.47,"OPERATE_INCOME_YOY":23.3407546918,"GROSS_PROFIT":267491373.25,"GROSS_PROFIT_YOY":9.123715245037,"HOLDER_PROFIT":21563133.88,"HOLDER_PROFIT_YOY":-54.9203119702,"GROSS_PROFIT_RATIO":84.930487424906,"EPS_TTM":0.166949373936,"OPERATE_INCOME_QOQ":0,"NET_PROFIT_RATIO":6.7931514857,"ROE_AVG":8.52905276766,"GROSS_PROFIT_QOQ":0,"ROA":1.989722858427,"HOLDER_PROFIT_QOQ":0,"ROE_YEARLY":17.058105535319,"ROIC_YEARLY":5.35058905683,"TOTAL_ASSETS":1065924230.17,"TOTAL_LIABILITIES":845095939.29,"TAX_EBT":30.092482179294,"OCF_SALES":3.437904760433,"TOTAL_PARENT_EQUITY":219822638.48,"DEBT_ASSET_RATIO":79.282927939,"OPERATE_PROFIT":33084341.94,"PRETAX_PROFIT":30605084.37,"NETCASH_OPERATE":10827794.51,"NETCASH_INVEST":-21369302.49,"NETCASH_FINANCE":-41887044.48,"END_CASH":249481274.18,"DIVI_RATIO":0.682836642705,"DIVIDEND_RATE":13.157894736842,"CURRENT_RATIO":0.611519659836,"COMMON_ACS":2000000000,"CURRENTDEBT_DEBT":81.430747128919,"ISSUED_COMMON_SHARES":680552764,"HK_COMMON_SHARES":680552764,"PER_SHARES":2000,"TOTAL_MARKET_CAP":646525125.8,"HKSK_MARKET_CAP":646525125.8,"PE_TTM":9.468040210881,"PB_TTM":2.079166454845,"REPORT_DATE_SQ":"2021-06-30 00:00:00","REPORT_TYPE_SQ":"2021年中报","OPERATE_INCOME_SQ":266110839.26,"DPS_HKD":0.125,"OPERATE_INCOME_QOQ_SQ":0,"NET_PROFIT_RATIO_SQ":18.6751445894,"HOLDER_PROFIT_SQ":49848716.4,"HOLDER_PROFIT_QOQ_SQ":0,"ROE_AVG_SQ":23.889616846676,"PE_TTM_SQ":8.636456395939,"PB_TTM_SQ":3.052999152776,"ROA_SQ":4.898402579261,"START_DATE":"2021-10-01 00:00:00","FISCAL_YEAR":"9-30","CURRENCY":"HKD","IS_CNY_CODE":0,"DPS_HKD_LY":0.165,"ORG_TYPE":"一般企业","PREMIUM_INCOME":null,"PREMIUM_INCOME_YOY":null,"NET_INTEREST_INCOME":null,"NET_INTEREST_INCOME_YOY":null,"FEE_COMMISSION_INCOME":null,"FEE_COMMISSION_INCOME_YOY":null,"ACCOUNTS_RECE_TDAYS":21.83012451165,"INVENTORY_TDAYS":0.797813313702,"CURRENT_ASSETS_TDAYS":0.694550237912,"TOTAL_ASSETS_TDAYS":0.290620920303,"PREMIUM_EXPENSE":null,"LOAN_DEPOSIT":null,"LOAN_EQUITY":null,"LOAN_ASSETS":null,"DEPOSIT_EQUITY":null,"DEPOSIT_ASSETS":null,"EQUITY_MULTIPLIER":4.826936919733,"EQUITY_RATIO":3.844444526431},{"SECUCODE":"01161.HK","SECURITY_CODE":"01161","SECURITY_NAME_ABBR":"奥思集团","ORG_CODE":"10010518","STD_REPORT_DATE":"2021-12-31 00:00:00","REPORT_DATE":"2021-09-30 00:00:00","DATE_TYPE_CODE":"001","REPORT_TYPE":"2021年年报","PER_NETCASH_OPERATE":0.149038241567,"PER_OI":1.01591777695,"BPS":0.43139614412,"BASIC_EPS":0.208265,"DILUTED_EPS":0.208265,"OPERATE_INCOME":691385651.1,"OPERATE_INCOME_YOY":56.1866030329,"GROSS_PROFIT":637783238.46,"GROSS_PROFIT_YOY":50.889965435033,"HOLDER_PROFIT":141903440.4,"HOLDER_PROFIT_YOY":514.1476781079,"GROSS_PROFIT_RATIO":92.247103688843,"EPS_TTM":0.208512033021,"OPERATE_INCOME_QOQ":0,"NET_PROFIT_RATIO":20.4881105147,"ROE_AVG":59.88830272528,"GROSS_PROFIT_QOQ":0,"ROA":13.345320147837,"HOLDER_PROFIT_QOQ":0,"ROE_YEARLY":59.88830272528,"ROIC_YEARLY":19.449512791646,"TOTAL_ASSETS":1131475420.96,"TOTAL_LIABILITIES":832602650.06,"TAX_EBT":18.968171139101,"OCF_SALES":14.670305505853,"TOTAL_PARENT_EQUITY":293587838.26,"DEBT_ASSET_RATIO":73.5855710726,"OPERATE_PROFIT":180257522.8,"PRETAX_PROFIT":174810143.46,"NETCASH_OPERATE":101428387.24,"NETCASH_INVEST":-26440491.34,"NETCASH_FINANCE":-118356166.44,"END_CASH":307950625.72,"DIVI_RATIO":0.546726960301,"DIVIDEND_RATE":13.157894736842,"CURRENT_RATIO":0.704241487123,"COMMON_ACS":2000000000,"CURRENTDEBT_DEBT":85.156050671819,"ISSUED_COMMON_SHARES":680552764,"HK_COMMON_SHARES":680552764,"PER_SHARES":2000,"TOTAL_MARKET_CAP":646525125.8,"HKSK_MARKET_CAP":646525125.8,"PE_TTM":9.468040210881,"PB_TTM":2.079166454845,"REPORT_DATE_SQ":"2020-12-31 00:00:00","REPORT_TYPE_SQ":"2020年年报","OPERATE_INCOME_SQ":466928961.28,"DPS_HKD":0.125,"OPERATE_INCOME_QOQ_SQ":0,"NET_PROFIT_RATIO_SQ":5.1677349663,"HOLDER_PROFIT_SQ":24372177.92,"HOLDER_PROFIT_QOQ_SQ":0,"ROE_AVG_SQ":11.217568906594,"PE_TTM_SQ":8.636456395939,"PB_TTM_SQ":3.052999152776,"ROA_SQ":2.55850990966,"START_DATE":"2020-10-01 00:00:00","FISCAL_YEAR":"9-30","CURRENCY":"HKD","IS_CNY_CODE":0,"DPS_HKD_LY":0.055,"ORG_TYPE":"一般企业","PREMIUM_INCOME":null,"PREMIUM_INCOME_YOY":null,"NET_INTEREST_INCOME":null,"NET_INTEREST_INCOME_YOY":null,"FEE_COMMISSION_INCOME":null,"FEE_COMMISSION_INCOME_YOY":null,"ACCOUNTS_RECE_TDAYS":35.035354707981,"INVENTORY_TDAYS":1.131432490175,"CURRENT_ASSETS_TDAYS":1.412341599015,"TOTAL_ASSETS_TDAYS":0.650214176171,"PREMIUM_EXPENSE":null,"LOAN_DEPOSIT":null,"LOAN_EQUITY":null,"LOAN_ASSETS":null,"DEPOSIT_EQUITY":null,"DEPOSIT_ASSETS":null,"EQUITY_MULTIPLIER":3.785809652552,"EQUITY_RATIO":2.83595756212},{"SECUCODE":"01161.HK","SECURITY_CODE":"01161","SECURITY_NAME_ABBR":"奥思集团","ORG_CODE":"10010518","STD_REPORT_DATE":"2021-06-30 00:00:00","REPORT_DATE":"2021-03-31 00:00:00","DATE_TYPE_CODE":"002","REPORT_TYPE":"2021年中报","PER_NETCASH_OPERATE":0.096416322071,"PER_OI":0.391021612631,"BPS":0.344420473091,"BASIC_EPS":0.07353066,"DILUTED_EPS":0.07353066,"OPERATE_INCOME":266110839.26,"OPERATE_INCOME_YOY":-13.9591571273,"GROSS_PROFIT":245126710.22,"GROSS_PROFIT_YOY":-19.969928773009,"HOLDER_PROFIT":49848716.4,"HOLDER_PROFIT_YOY":34.0454545455,"GROSS_PROFIT_RATIO":92.114515478455,"EPS_TTM":0.049985976282,"OPERATE_INCOME_QOQ":0,"NET_PROFIT_RATIO":18.6751445894,"ROE_AVG":23.889616846676,"GROSS_PROFIT_QOQ":0,"ROA":4.898402579261,"HOLDER_PROFIT_QOQ":0,"ROE_YEARLY":47.779233693352,"ROIC_YEARLY":15.328388901342,"TOTAL_ASSETS":1025662272.74,"TOTAL_LIABILITIES":785795117.66,"TAX_EBT":17.671273154954,"OCF_SALES":24.657542948069,"TOTAL_PARENT_EQUITY":234396304.94,"DEBT_ASSET_RATIO":76.6134368539,"OPERATE_PROFIT":63363144.6,"PRETAX_PROFIT":60363600.78,"NETCASH_OPERATE":65616394.48,"NETCASH_INVEST":-13527951.08,"NETCASH_FINANCE":-39190996.6,"END_CASH":369653841.06,"DIVI_RATIO":2.280622656177,"DIVIDEND_RATE":13.157894736842,"CURRENT_RATIO":0.734227351297,"COMMON_ACS":2000000000,"CURRENTDEBT_DEBT":89.043783349485,"ISSUED_COMMON_SHARES":680552764,"HK_COMMON_SHARES":680552764,"PER_SHARES":2000,"TOTAL_MARKET_CAP":646525125.8,"HKSK_MARKET_CAP":646525125.8,"PE_TTM":9.468040210881,"PB_TTM":2.079166454845,"REPORT_DATE_SQ":"2020-06-30 00:00:00","REPORT_TYPE_SQ":"2020年中报","OPERATE_INCOME_SQ":334358464.3,"DPS_HKD":0.125,"OPERATE_INCOME_QOQ_SQ":0,"NET_PROFIT_RATIO_SQ":11.9801387663,"HOLDER_PROFIT_SQ":40202800,"HOLDER_PROFIT_QOQ_SQ":0,"ROE_AVG_SQ":16.00113462591,"PE_TTM_SQ":8.636456395939,"PB_TTM_SQ":3.052999152776,"ROA_SQ":4.165554274332,"START_DATE":"2020-10-01 00:00:00","FISCAL_YEAR":"9-30","CURRENCY":"HKD","IS_CNY_CODE":0,"DPS_HKD_LY":0.055,"ORG_TYPE":"一般企业","PREMIUM_INCOME":null,"PREMIUM_INCOME_YOY":null,"NET_INTEREST_INCOME":null,"NET_INTEREST_INCOME_YOY":null,"FEE_COMMISSION_INCOME":null,"FEE_COMMISSION_INCOME_YOY":null,"ACCOUNTS_RECE_TDAYS":17.428152330344,"INVENTORY_TDAYS":0.519718663652,"CURRENT_ASSETS_TDAYS":0.531973004047,"TOTAL_ASSETS_TDAYS":0.26149480178,"PREMIUM_EXPENSE":null,"LOAN_DEPOSIT":null,"LOAN_EQUITY":null,"LOAN_ASSETS":null,"DEPOSIT_EQUITY":null,"DEPOSIT_ASSETS":null,"EQUITY_MULTIPLIER":4.275959634397,"EQUITY_RATIO":3.35242109666},{"SECUCODE":"01161.HK","SECURITY_CODE":"01161","SECURITY_NAME_ABBR":"奥思集团","ORG_CODE":"10010518","STD_REPORT_DATE":"2020-12-31 00:00:00","REPORT_DATE":"2020-09-30 00:00:00","DATE_TYPE_CODE":"001","REPORT_TYPE":"2020年年报","PER_NETCASH_OPERATE":0.268141826429,"PER_OI":0.686102512516,"BPS":0.2794616515,"BASIC_EPS":0.03602752,"DILUTED_EPS":0.03602752,"OPERATE_INCOME":466928961.28,"OPERATE_INCOME_YOY":-30.4466995907,"GROSS_PROFIT":422681015.68,"GROSS_PROFIT_YOY":-33.749972058909,"HOLDER_PROFIT":24372177.92,"HOLDER_PROFIT_YOY":-74.2445909555,"GROSS_PROFIT_RATIO":90.52362366243,"EPS_TTM":0.035812326699,"OPERATE_INCOME_QOQ":0,"NET_PROFIT_RATIO":5.1677349663,"ROE_AVG":11.217568906594,"GROSS_PROFIT_QOQ":0,"ROA":2.55850990966,"HOLDER_PROFIT_QOQ":0,"ROE_YEARLY":11.217568906594,"ROIC_YEARLY":4.107792528042,"TOTAL_ASSETS":1049709246.08,"TOTAL_LIABILITIES":853658905.6,"TAX_EBT":24.943967637894,"OCF_SALES":39.081889591888,"TOTAL_PARENT_EQUITY":190188399.36,"DEBT_ASSET_RATIO":81.3233672836,"OPERATE_PROFIT":39287571.2,"PRETAX_PROFIT":32148849.92,"NETCASH_OPERATE":182484661.12,"NETCASH_INVEST":-17530464,"NETCASH_FINANCE":-138594354.56,"END_CASH":367758379.52,"DIVI_RATIO":3.183237742676,"DIVIDEND_RATE":13.157894736842,"CURRENT_RATIO":0.674795500004,"COMMON_ACS":2000000000,"CURRENTDEBT_DEBT":87.847716885577,"ISSUED_COMMON_SHARES":680552764,"HK_COMMON_SHARES":680552764,"PER_SHARES":2000,"TOTAL_MARKET_CAP":646525125.8,"HKSK_MARKET_CAP":646525125.8,"PE_TTM":9.468040210881,"PB_TTM":2.079166454845,"REPORT_DATE_SQ":"2019-12-31 00:00:00","REPORT_TYPE_SQ":"2019年年报","OPERATE_INCOME_SQ":689118501.81,"DPS_HKD":0.125,"OPERATE_INCOME_QOQ_SQ":0,"NET_PROFIT_RATIO_SQ":14.0525746059,"HOLDER_PROFIT_SQ":97137456.9,"HOLDER_PROFIT_QOQ_SQ":0,"ROE_AVG_SQ":38.475898524239,"PE_TTM_SQ":8.636456395939,"PB_TTM_SQ":3.052999152776,"ROA_SQ":11.259956628935,"START_DATE":"2019-10-01 00:00:00","FISCAL_YEAR":"9-30","CURRENCY":"HKD","IS_CNY_CODE":0,"DPS_HKD_LY":0.13,"ORG_TYPE":"一般企业","PREMIUM_INCOME":null,"PREMIUM_INCOME_YOY":null,"NET_INTEREST_INCOME":null,"NET_INTEREST_INCOME_YOY":null,"FEE_COMMISSION_INCOME":null,"FEE_COMMISSION_INCOME_YOY":null,"ACCOUNTS_RECE_TDAYS":21.433284930623,"INVENTORY_TDAYS":1.148660979059,"CURRENT_ASSETS_TDAYS":0.964124783519,"TOTAL_ASSETS_TDAYS":0.490166442434,"PREMIUM_EXPENSE":null,"LOAN_DEPOSIT":null,"LOAN_EQUITY":null,"LOAN_ASSETS":null,"DEPOSIT_EQUITY":null,"DEPOSIT_ASSETS":null,"EQUITY_MULTIPLIER":5.354284228773,"EQUITY_RATIO":4.488490930428}],"count":49},"success":true,"message":"ok","code":0}