{"version":"95ff249013cc72259b93496f5734b451","result":{"pages":4,"data":[{"SECUCODE":"01165.HK","SECURITY_CODE":"01165","SECURITY_NAME_ABBR":"顺风清洁能源","ORG_CODE":"10162327","STD_REPORT_DATE":"2024-06-30 00:00:00","REPORT_DATE":"2024-06-30 00:00:00","DATE_TYPE_CODE":"002","REPORT_TYPE":"2024年中报","PER_NETCASH_OPERATE":-0.002141911793,"PER_OI":0.016306351265,"BPS":-0.345005992464,"BASIC_EPS":-0.0427,"DILUTED_EPS":-0.0427,"OPERATE_INCOME":82875000,"OPERATE_INCOME_YOY":-39.6618881552,"GROSS_PROFIT":23693000,"GROSS_PROFIT_YOY":-67.5811395107,"HOLDER_PROFIT":-216861000,"HOLDER_PROFIT_YOY":29.1204319561,"GROSS_PROFIT_RATIO":28.588838612368,"EPS_TTM":-0.070904245605,"OPERATE_INCOME_QOQ":-22.842909917352,"NET_PROFIT_RATIO":-264.2582202112,"ROE_AVG":13.182879235511,"GROSS_PROFIT_QOQ":-41.791259466091,"ROA":-6.772324349307,"HOLDER_PROFIT_QOQ":19.822986797432,"ROE_YEARLY":26.365758471022,"ROIC_YEARLY":-14.14271515923,"TOTAL_ASSETS":3154691000,"TOTAL_LIABILITIES":4839816000,"TAX_EBT":-0.246262576328,"OCF_SALES":-13.13544494721,"TOTAL_PARENT_EQUITY":-1753450000,"DEBT_ASSET_RATIO":153.4164835795,"OPERATE_PROFIT":-62686000,"PRETAX_PROFIT":-218466000,"NETCASH_OPERATE":-10886000,"NETCASH_INVEST":16818000,"NETCASH_FINANCE":-68791000,"END_CASH":34587000,"DIVI_RATIO":null,"DIVIDEND_RATE":null,"CURRENT_RATIO":0.50030843883,"COMMON_ACS":10000000000,"CURRENTDEBT_DEBT":81.022935582675,"ISSUED_COMMON_SHARES":5082375490,"HK_COMMON_SHARES":5082375490,"PER_SHARES":2000,"TOTAL_MARKET_CAP":106729885.29,"HKSK_MARKET_CAP":106729885.29,"PE_TTM":-0.26567478597,"PB_TTM":-0.055553469849,"REPORT_DATE_SQ":"2023-06-30 00:00:00","REPORT_TYPE_SQ":"2023年中报","OPERATE_INCOME_SQ":137351000,"DPS_HKD":null,"OPERATE_INCOME_QOQ_SQ":-10.64465755262,"NET_PROFIT_RATIO_SQ":-224.3267249601,"HOLDER_PROFIT_SQ":-305957000,"HOLDER_PROFIT_QOQ_SQ":-64.56354226567,"ROE_AVG_SQ":24.600210498047,"PE_TTM_SQ":-0.220200608862,"PB_TTM_SQ":-0.043614568162,"ROA_SQ":-7.261766635017,"START_DATE":"2024-01-01 00:00:00","FISCAL_YEAR":"12-31","CURRENCY":"HKD","IS_CNY_CODE":0,"DPS_HKD_LY":null,"ORG_TYPE":"一般企业","PREMIUM_INCOME":null,"PREMIUM_INCOME_YOY":null,"NET_INTEREST_INCOME":null,"NET_INTEREST_INCOME_YOY":null,"FEE_COMMISSION_INCOME":null,"FEE_COMMISSION_INCOME_YOY":null,"ACCOUNTS_RECE_TDAYS":0.084414036717,"INVENTORY_TDAYS":null,"CURRENT_ASSETS_TDAYS":0.04166081237,"TOTAL_ASSETS_TDAYS":0.025880927435,"PREMIUM_EXPENSE":null,"LOAN_DEPOSIT":null,"LOAN_EQUITY":null,"LOAN_ASSETS":null,"DEPOSIT_EQUITY":null,"DEPOSIT_ASSETS":null,"EQUITY_MULTIPLIER":-1.872081299608,"EQUITY_RATIO":-2.760167669452},{"SECUCODE":"01165.HK","SECURITY_CODE":"01165","SECURITY_NAME_ABBR":"顺风清洁能源","ORG_CODE":"10162327","STD_REPORT_DATE":"2023-12-31 00:00:00","REPORT_DATE":"2023-12-31 00:00:00","DATE_TYPE_CODE":"001","REPORT_TYPE":"2023年年报","PER_NETCASH_OPERATE":0.008624313588,"PER_OI":0.046923136724,"BPS":-0.30233696881,"BASIC_EPS":-0.0884,"DILUTED_EPS":-0.0884,"OPERATE_INCOME":238481000,"OPERATE_INCOME_YOY":-23.8427810936,"GROSS_PROFIT":118185000,"GROSS_PROFIT_YOY":-18.164633217466,"HOLDER_PROFIT":-449458000,"HOLDER_PROFIT_YOY":-158.4577343301,"GROSS_PROFIT_RATIO":49.557407089034,"EPS_TTM":-0.088434630791,"OPERATE_INCOME_QOQ":-14.770379900647,"NET_PROFIT_RATIO":-197.5167833077,"ROE_AVG":34.213997915758,"GROSS_PROFIT_QOQ":10.751368168528,"ROA":-10.819315353778,"HOLDER_PROFIT_QOQ":-57.056496701331,"ROE_YEARLY":34.213997915758,"ROIC_YEARLY":-11.960262671379,"TOTAL_ASSETS":3249639000,"TOTAL_LIABILITIES":4715761000,"TAX_EBT":-0.991822715442,"OCF_SALES":18.379661272806,"TOTAL_PARENT_EQUITY":-1536590000,"DEBT_ASSET_RATIO":145.1164575511,"OPERATE_PROFIT":-70053000,"PRETAX_PROFIT":-466414000,"NETCASH_OPERATE":43832000,"NETCASH_INVEST":169241000,"NETCASH_FINANCE":-648264000,"END_CASH":97446000,"DIVI_RATIO":null,"DIVIDEND_RATE":null,"CURRENT_RATIO":0.532488868575,"COMMON_ACS":10000000000,"CURRENTDEBT_DEBT":80.310494955109,"ISSUED_COMMON_SHARES":5082375490,"HK_COMMON_SHARES":5082375490,"PER_SHARES":2000,"TOTAL_MARKET_CAP":132141762.74,"HKSK_MARKET_CAP":132141762.74,"PE_TTM":-0.328930687391,"PB_TTM":-0.06878048648,"REPORT_DATE_SQ":"2022-12-31 00:00:00","REPORT_TYPE_SQ":"2022年年报","OPERATE_INCOME_SQ":313143000,"DPS_HKD":null,"OPERATE_INCOME_QOQ_SQ":-31.385017211647,"NET_PROFIT_RATIO_SQ":-57.0432677722,"HOLDER_PROFIT_SQ":-173900000,"HOLDER_PROFIT_QOQ_SQ":81.150481806259,"ROE_AVG_SQ":17.2982328746,"PE_TTM_SQ":-0.304893150732,"PB_TTM_SQ":-0.06038940207,"ROA_SQ":-2.944628787125,"START_DATE":"2023-01-01 00:00:00","FISCAL_YEAR":"12-31","CURRENCY":"HKD","IS_CNY_CODE":0,"DPS_HKD_LY":null,"ORG_TYPE":"一般企业","PREMIUM_INCOME":null,"PREMIUM_INCOME_YOY":null,"NET_INTEREST_INCOME":null,"NET_INTEREST_INCOME_YOY":null,"FEE_COMMISSION_INCOME":null,"FEE_COMMISSION_INCOME_YOY":null,"ACCOUNTS_RECE_TDAYS":0.22367578777,"INVENTORY_TDAYS":null,"CURRENT_ASSETS_TDAYS":0.088378275816,"TOTAL_ASSETS_TDAYS":0.057406946698,"PREMIUM_EXPENSE":null,"LOAN_DEPOSIT":null,"LOAN_EQUITY":null,"LOAN_ASSETS":null,"DEPOSIT_EQUITY":null,"DEPOSIT_ASSETS":null,"EQUITY_MULTIPLIER":-2.216486076876,"EQUITY_RATIO":-3.068978061812},{"SECUCODE":"01165.HK","SECURITY_CODE":"01165","SECURITY_NAME_ABBR":"顺风清洁能源","ORG_CODE":"10162327","STD_REPORT_DATE":"2023-06-30 00:00:00","REPORT_DATE":"2023-06-30 00:00:00","DATE_TYPE_CODE":"002","REPORT_TYPE":"2023年中报","PER_NETCASH_OPERATE":-0.00573806482,"PER_OI":0.027024961117,"BPS":-0.274810470566,"BASIC_EPS":-0.0602,"DILUTED_EPS":-0.0602,"OPERATE_INCOME":137351000,"OPERATE_INCOME_YOY":-19.5290712662,"GROSS_PROFIT":73084000,"GROSS_PROFIT_YOY":-34.033757559347,"HOLDER_PROFIT":-305957000,"HOLDER_PROFIT_YOY":-57.9695478648,"GROSS_PROFIT_RATIO":53.209659922389,"EPS_TTM":-0.056307527959,"OPERATE_INCOME_QOQ":-10.64465755262,"NET_PROFIT_RATIO":-224.3267249601,"ROE_AVG":24.600210498047,"GROSS_PROFIT_QOQ":-26.108933789417,"ROA":-7.261766635017,"HOLDER_PROFIT_QOQ":-64.56354226567,"ROE_YEARLY":49.200420996095,"ROIC_YEARLY":-16.168029516614,"TOTAL_ASSETS":3367719000,"TOTAL_LIABILITIES":4674517000,"TAX_EBT":-0.529868740028,"OCF_SALES":-21.23246281425,"TOTAL_PARENT_EQUITY":-1396690000,"DEBT_ASSET_RATIO":138.8036531551,"OPERATE_PROFIT":-86663000,"PRETAX_PROFIT":-306491000,"NETCASH_OPERATE":-29163000,"NETCASH_INVEST":162310000,"NETCASH_FINANCE":-523259000,"END_CASH":142525000,"DIVI_RATIO":null,"DIVIDEND_RATE":null,"CURRENT_RATIO":0.491271833216,"COMMON_ACS":10000000000,"CURRENTDEBT_DEBT":87.74885191347,"ISSUED_COMMON_SHARES":5082375490,"HK_COMMON_SHARES":5082375490,"PER_SHARES":2000,"TOTAL_MARKET_CAP":132141762.74,"HKSK_MARKET_CAP":132141762.74,"PE_TTM":-0.328930687391,"PB_TTM":-0.06878048648,"REPORT_DATE_SQ":"2022-06-30 00:00:00","REPORT_TYPE_SQ":"2022年中报","OPERATE_INCOME_SQ":170684000,"DPS_HKD":null,"OPERATE_INCOME_QOQ_SQ":-29.808239488393,"NET_PROFIT_RATIO_SQ":-114.8168545382,"HOLDER_PROFIT_SQ":-193681000,"HOLDER_PROFIT_QOQ_SQ":-15.36956100367,"ROE_AVG_SQ":18.553010585928,"PE_TTM_SQ":-0.304893150732,"PB_TTM_SQ":-0.06038940207,"ROA_SQ":-3.241912855964,"START_DATE":"2023-01-01 00:00:00","FISCAL_YEAR":"12-31","CURRENCY":"HKD","IS_CNY_CODE":0,"DPS_HKD_LY":null,"ORG_TYPE":"一般企业","PREMIUM_INCOME":null,"PREMIUM_INCOME_YOY":null,"NET_INTEREST_INCOME":null,"NET_INTEREST_INCOME_YOY":null,"FEE_COMMISSION_INCOME":null,"FEE_COMMISSION_INCOME_YOY":null,"ACCOUNTS_RECE_TDAYS":0.132105678002,"INVENTORY_TDAYS":null,"CURRENT_ASSETS_TDAYS":0.050915329369,"TOTAL_ASSETS_TDAYS":0.032599708753,"PREMIUM_EXPENSE":null,"LOAN_DEPOSIT":null,"LOAN_EQUITY":null,"LOAN_ASSETS":null,"DEPOSIT_EQUITY":null,"DEPOSIT_ASSETS":null,"EQUITY_MULTIPLIER":-2.577076946861,"EQUITY_RATIO":-3.346853632517},{"SECUCODE":"01165.HK","SECURITY_CODE":"01165","SECURITY_NAME_ABBR":"顺风清洁能源","ORG_CODE":"10162327","STD_REPORT_DATE":"2022-12-31 00:00:00","REPORT_DATE":"2022-12-31 00:00:00","DATE_TYPE_CODE":"001","REPORT_TYPE":"2022年年报","PER_NETCASH_OPERATE":0.037400424344,"PER_OI":0.061613511362,"BPS":-0.21461302931,"BASIC_EPS":-0.0348,"DILUTED_EPS":-0.0348,"OPERATE_INCOME":313143000,"OPERATE_INCOME_YOY":-51.8379356061,"GROSS_PROFIT":144418000,"GROSS_PROFIT_YOY":-51.334593623739,"HOLDER_PROFIT":-173900000,"HOLDER_PROFIT_YOY":76.6643585986,"GROSS_PROFIT_RATIO":46.118865821685,"EPS_TTM":-0.034216283378,"OPERATE_INCOME_QOQ":-31.385017211647,"NET_PROFIT_RATIO":-57.0432677722,"ROE_AVG":17.2982328746,"GROSS_PROFIT_QOQ":-36.541596544497,"ROA":-2.944628787125,"HOLDER_PROFIT_QOQ":81.150481806259,"ROE_YEARLY":17.2982328746,"ROIC_YEARLY":-3.151391373723,"TOTAL_ASSETS":5058798000,"TOTAL_LIABILITIES":6057492000,"TAX_EBT":-2.767869471165,"OCF_SALES":60.701660263841,"TOTAL_PARENT_EQUITY":-1090744000,"DEBT_ASSET_RATIO":119.7417252082,"OPERATE_PROFIT":256003000,"PRETAX_PROFIT":-173816000,"NETCASH_OPERATE":190083000,"NETCASH_INVEST":1558026000,"NETCASH_FINANCE":-1271202000,"END_CASH":532618000,"DIVI_RATIO":null,"DIVIDEND_RATE":null,"CURRENT_RATIO":0.625375809575,"COMMON_ACS":10000000000,"CURRENTDEBT_DEBT":89.22831429245,"ISSUED_COMMON_SHARES":5082375490,"HK_COMMON_SHARES":5082375490,"PER_SHARES":2000,"TOTAL_MARKET_CAP":132141762.74,"HKSK_MARKET_CAP":132141762.74,"PE_TTM":-0.328930687391,"PB_TTM":-0.06878048648,"REPORT_DATE_SQ":"2021-12-31 00:00:00","REPORT_TYPE_SQ":"2021年年报","OPERATE_INCOME_SQ":650186000,"DPS_HKD":null,"OPERATE_INCOME_QOQ_SQ":-48.00841223132,"NET_PROFIT_RATIO_SQ":-114.6768770783,"HOLDER_PROFIT_SQ":-745212000,"HOLDER_PROFIT_QOQ_SQ":-508.119515125705,"ROE_AVG_SQ":65.313324926165,"PE_TTM_SQ":-0.304893150732,"PB_TTM_SQ":-0.06038940207,"ROA_SQ":-9.71586916184,"START_DATE":"2022-01-01 00:00:00","FISCAL_YEAR":"12-31","CURRENCY":"HKD","IS_CNY_CODE":0,"DPS_HKD_LY":null,"ORG_TYPE":"一般企业","PREMIUM_INCOME":null,"PREMIUM_INCOME_YOY":null,"NET_INTEREST_INCOME":null,"NET_INTEREST_INCOME_YOY":null,"FEE_COMMISSION_INCOME":null,"FEE_COMMISSION_INCOME_YOY":null,"ACCOUNTS_RECE_TDAYS":0.238105847125,"INVENTORY_TDAYS":null,"CURRENT_ASSETS_TDAYS":0.073030587592,"TOTAL_ASSETS_TDAYS":0.053024145617,"PREMIUM_EXPENSE":null,"LOAN_DEPOSIT":null,"LOAN_EQUITY":null,"LOAN_ASSETS":null,"DEPOSIT_EQUITY":null,"DEPOSIT_ASSETS":null,"EQUITY_MULTIPLIER":-5.06541342995,"EQUITY_RATIO":-5.553541435937},{"SECUCODE":"01165.HK","SECURITY_CODE":"01165","SECURITY_NAME_ABBR":"顺风清洁能源","ORG_CODE":"10162327","STD_REPORT_DATE":"2022-06-30 00:00:00","REPORT_DATE":"2022-06-30 00:00:00","DATE_TYPE_CODE":"002","REPORT_TYPE":"2022年中报","PER_NETCASH_OPERATE":0.01570335278,"PER_OI":0.034257554522,"BPS":-0.229813795202,"BASIC_EPS":-0.0389,"DILUTED_EPS":-0.0389,"OPERATE_INCOME":170684000,"OPERATE_INCOME_YOY":-53.1722145556,"GROSS_PROFIT":110790000,"GROSS_PROFIT_YOY":-38.439055832148,"HOLDER_PROFIT":-193681000,"HOLDER_PROFIT_YOY":-173.653498361,"GROSS_PROFIT_RATIO":64.9094232617,"EPS_TTM":-0.185166694452,"OPERATE_INCOME_QOQ":-29.808239488393,"NET_PROFIT_RATIO":-114.8168545382,"ROE_AVG":18.553010585928,"GROSS_PROFIT_QOQ":-23.311328797636,"ROA":-3.241912855964,"HOLDER_PROFIT_QOQ":-15.36956100367,"ROE_YEARLY":37.106021171857,"ROIC_YEARLY":-6.90725617459,"TOTAL_ASSETS":5196025000,"TOTAL_LIABILITIES":6269541000,"TAX_EBT":-1.082656350741,"OCF_SALES":45.839094466968,"TOTAL_PARENT_EQUITY":-1168000000,"DEBT_ASSET_RATIO":120.6603316959,"OPERATE_PROFIT":23167000,"PRETAX_PROFIT":-193875000,"NETCASH_OPERATE":78240000,"NETCASH_INVEST":1307154000,"NETCASH_FINANCE":-953374000,"END_CASH":487717000,"DIVI_RATIO":null,"DIVIDEND_RATE":null,"CURRENT_RATIO":0.781041762948,"COMMON_ACS":10000000000,"CURRENTDEBT_DEBT":75.755864743528,"ISSUED_COMMON_SHARES":5082375490,"HK_COMMON_SHARES":5082375490,"PER_SHARES":2000,"TOTAL_MARKET_CAP":132141762.74,"HKSK_MARKET_CAP":132141762.74,"PE_TTM":-0.328930687391,"PB_TTM":-0.06878048648,"REPORT_DATE_SQ":"2021-06-30 00:00:00","REPORT_TYPE_SQ":"2021年中报","OPERATE_INCOME_SQ":364493000,"DPS_HKD":null,"OPERATE_INCOME_QOQ_SQ":-14.714387036936,"NET_PROFIT_RATIO_SQ":-10.6781200188,"HOLDER_PROFIT_SQ":-70776000,"HOLDER_PROFIT_QOQ_SQ":76.190019211235,"ROE_AVG_SQ":4.61598814828,"PE_TTM_SQ":-0.304893150732,"PB_TTM_SQ":-0.06038940207,"ROA_SQ":-0.728093503682,"START_DATE":"2022-01-01 00:00:00","FISCAL_YEAR":"12-31","CURRENCY":"HKD","IS_CNY_CODE":0,"DPS_HKD_LY":null,"ORG_TYPE":"一般企业","PREMIUM_INCOME":null,"PREMIUM_INCOME_YOY":null,"NET_INTEREST_INCOME":null,"NET_INTEREST_INCOME_YOY":null,"FEE_COMMISSION_INCOME":null,"FEE_COMMISSION_INCOME_YOY":null,"ACCOUNTS_RECE_TDAYS":0.13635657351,"INVENTORY_TDAYS":null,"CURRENT_ASSETS_TDAYS":0.038333966865,"TOTAL_ASSETS_TDAYS":0.02856979538,"PREMIUM_EXPENSE":null,"LOAN_DEPOSIT":null,"LOAN_EQUITY":null,"LOAN_ASSETS":null,"DEPOSIT_EQUITY":null,"DEPOSIT_ASSETS":null,"EQUITY_MULTIPLIER":-4.840193345969,"EQUITY_RATIO":-5.367757705479},{"SECUCODE":"01165.HK","SECURITY_CODE":"01165","SECURITY_NAME_ABBR":"顺风清洁能源","ORG_CODE":"10162327","STD_REPORT_DATE":"2021-12-31 00:00:00","REPORT_DATE":"2021-12-31 00:00:00","DATE_TYPE_CODE":"001","REPORT_TYPE":"2021年年报","PER_NETCASH_OPERATE":0.057560093689,"PER_OI":0.130497189805,"BPS":-0.191705434185,"BASIC_EPS":-0.1496,"DILUTED_EPS":-0.1496,"OPERATE_INCOME":650186000,"OPERATE_INCOME_YOY":-28.1103290278,"GROSS_PROFIT":296757000,"GROSS_PROFIT_YOY":-33.745252878413,"HOLDER_PROFIT":-745212000,"HOLDER_PROFIT_YOY":-44.7931397242,"GROSS_PROFIT_RATIO":45.641862482428,"EPS_TTM":-0.160498742338,"OPERATE_INCOME_QOQ":-48.00841223132,"NET_PROFIT_RATIO":-114.6768770783,"ROE_AVG":65.313324926165,"GROSS_PROFIT_QOQ":-46.261870097134,"ROA":-9.71586916184,"HOLDER_PROFIT_QOQ":-508.119515125705,"ROE_YEARLY":65.313324926165,"ROIC_YEARLY":-11.009700649562,"TOTAL_ASSETS":6806991000,"TOTAL_LIABILITIES":7632260000,"TAX_EBT":-0.718063887001,"OCF_SALES":44.108301316854,"TOTAL_PARENT_EQUITY":-919866000,"DEBT_ASSET_RATIO":113.028019983,"OPERATE_PROFIT":-221626000,"PRETAX_PROFIT":-812184000,"NETCASH_OPERATE":286786000,"NETCASH_INVEST":190161000,"NETCASH_FINANCE":-647955000,"END_CASH":55705000,"DIVI_RATIO":null,"DIVIDEND_RATE":null,"CURRENT_RATIO":0.84136102118,"COMMON_ACS":10000000000,"CURRENTDEBT_DEBT":75.090025759081,"ISSUED_COMMON_SHARES":5082375490,"HK_COMMON_SHARES":5082375490,"PER_SHARES":2000,"TOTAL_MARKET_CAP":132141762.74,"HKSK_MARKET_CAP":132141762.74,"PE_TTM":-0.328930687391,"PB_TTM":-0.06878048648,"REPORT_DATE_SQ":"2020-12-31 00:00:00","REPORT_TYPE_SQ":"2020年年报","OPERATE_INCOME_SQ":904422000,"DPS_HKD":null,"OPERATE_INCOME_QOQ_SQ":-13.617528162434,"NET_PROFIT_RATIO_SQ":-34.2095859021,"HOLDER_PROFIT_SQ":-552281000,"HOLDER_PROFIT_QOQ_SQ":74.227233739919,"ROE_AVG_SQ":47.133307872677,"PE_TTM_SQ":-0.304893150732,"PB_TTM_SQ":-0.06038940207,"ROA_SQ":-4.274461277838,"START_DATE":"2021-01-01 00:00:00","FISCAL_YEAR":"12-31","CURRENCY":"HKD","IS_CNY_CODE":0,"DPS_HKD_LY":null,"ORG_TYPE":"一般企业","PREMIUM_INCOME":null,"PREMIUM_INCOME_YOY":null,"NET_INTEREST_INCOME":null,"NET_INTEREST_INCOME_YOY":null,"FEE_COMMISSION_INCOME":null,"FEE_COMMISSION_INCOME_YOY":null,"ACCOUNTS_RECE_TDAYS":0.400208048651,"INVENTORY_TDAYS":null,"CURRENT_ASSETS_TDAYS":0.143675511747,"TOTAL_ASSETS_TDAYS":0.078997106374,"PREMIUM_EXPENSE":null,"LOAN_DEPOSIT":null,"LOAN_EQUITY":null,"LOAN_ASSETS":null,"DEPOSIT_EQUITY":null,"DEPOSIT_ASSETS":null,"EQUITY_MULTIPLIER":-7.675763479829,"EQUITY_RATIO":-8.297143279565},{"SECUCODE":"01165.HK","SECURITY_CODE":"01165","SECURITY_NAME_ABBR":"顺风清洁能源","ORG_CODE":"10162327","STD_REPORT_DATE":"2021-06-30 00:00:00","REPORT_DATE":"2021-06-30 00:00:00","DATE_TYPE_CODE":"002","REPORT_TYPE":"2021年中报","PER_NETCASH_OPERATE":0.025601442576,"PER_OI":0.073156469385,"BPS":-0.313273586954,"BASIC_EPS":-0.0142,"DILUTED_EPS":-0.0142,"OPERATE_INCOME":364493000,"OPERATE_INCOME_YOY":-37.1837801786,"GROSS_PROFIT":179968000,"GROSS_PROFIT_YOY":-43.018167771678,"HOLDER_PROFIT":-70776000,"HOLDER_PROFIT_YOY":85.6017283785,"GROSS_PROFIT_RATIO":49.374885114392,"EPS_TTM":-0.026392631439,"OPERATE_INCOME_QOQ":-14.714387036936,"NET_PROFIT_RATIO":-10.6781200188,"ROE_AVG":4.61598814828,"GROSS_PROFIT_QOQ":-19.745267361727,"ROA":-0.728093503682,"HOLDER_PROFIT_QOQ":76.190019211235,"ROE_YEARLY":9.231976296559,"ROIC_YEARLY":-1.768858618709,"TOTAL_ASSETS":9732989000,"TOTAL_LIABILITIES":9688782000,"TAX_EBT":-0.408588771375,"OCF_SALES":34.995459446409,"TOTAL_PARENT_EQUITY":-1592174000,"DEBT_ASSET_RATIO":99.5458024251,"OPERATE_PROFIT":169082000,"PRETAX_PROFIT":-118946000,"NETCASH_OPERATE":127556000,"NETCASH_INVEST":87731000,"NETCASH_FINANCE":-224491000,"END_CASH":15999000,"DIVI_RATIO":null,"DIVIDEND_RATE":null,"CURRENT_RATIO":0.619255185588,"COMMON_ACS":10000000000,"CURRENTDEBT_DEBT":72.484621906035,"ISSUED_COMMON_SHARES":5082375490,"HK_COMMON_SHARES":5082375490,"PER_SHARES":2000,"TOTAL_MARKET_CAP":132141762.74,"HKSK_MARKET_CAP":132141762.74,"PE_TTM":-0.328930687391,"PB_TTM":-0.06878048648,"REPORT_DATE_SQ":"2020-06-30 00:00:00","REPORT_TYPE_SQ":"2020年中报","OPERATE_INCOME_SQ":580253000,"DPS_HKD":null,"OPERATE_INCOME_QOQ_SQ":-1.942804195699,"NET_PROFIT_RATIO_SQ":-58.4249769332,"HOLDER_PROFIT_SQ":-491559000,"HOLDER_PROFIT_QOQ_SQ":-12.681111790027,"ROE_AVG_SQ":43.444856401713,"PE_TTM_SQ":-0.304893150732,"PB_TTM_SQ":-0.06038940207,"ROA_SQ":-3.401464834719,"START_DATE":"2021-01-01 00:00:00","FISCAL_YEAR":"12-31","CURRENCY":"HKD","IS_CNY_CODE":0,"DPS_HKD_LY":null,"ORG_TYPE":"一般企业","PREMIUM_INCOME":null,"PREMIUM_INCOME_YOY":null,"NET_INTEREST_INCOME":null,"NET_INTEREST_INCOME_YOY":null,"FEE_COMMISSION_INCOME":null,"FEE_COMMISSION_INCOME_YOY":null,"ACCOUNTS_RECE_TDAYS":0.210687646819,"INVENTORY_TDAYS":null,"CURRENT_ASSETS_TDAYS":0.088855252988,"TOTAL_ASSETS_TDAYS":0.037496465672,"PREMIUM_EXPENSE":null,"LOAN_DEPOSIT":null,"LOAN_EQUITY":null,"LOAN_ASSETS":null,"DEPOSIT_EQUITY":null,"DEPOSIT_ASSETS":null,"EQUITY_MULTIPLIER":220.168502709461,"EQUITY_RATIO":-6.085253244934},{"SECUCODE":"01165.HK","SECURITY_CODE":"01165","SECURITY_NAME_ABBR":"顺风清洁能源","ORG_CODE":"10162327","STD_REPORT_DATE":"2020-12-31 00:00:00","REPORT_DATE":"2020-12-31 00:00:00","DATE_TYPE_CODE":"001","REPORT_TYPE":"2020年年报","PER_NETCASH_OPERATE":-0.00473749922,"PER_OI":0.18152425521,"BPS":-0.29009761339,"BASIC_EPS":-0.1108,"DILUTED_EPS":-0.1108,"OPERATE_INCOME":904422000,"OPERATE_INCOME_YOY":-15.2957704496,"GROSS_PROFIT":447903000,"GROSS_PROFIT_YOY":-38.375654212551,"HOLDER_PROFIT":-552281000,"HOLDER_PROFIT_YOY":70.9589604391,"GROSS_PROFIT_RATIO":46.926591739866,"EPS_TTM":-0.110846924546,"OPERATE_INCOME_QOQ":-13.617528162434,"NET_PROFIT_RATIO":-34.2095859021,"ROE_AVG":47.133307872677,"GROSS_PROFIT_QOQ":-8.732980959897,"ROA":-4.274461277838,"HOLDER_PROFIT_QOQ":74.227233739919,"ROE_YEARLY":47.133307872677,"ROIC_YEARLY":-4.906254272466,"TOTAL_ASSETS":9708470000,"TOTAL_LIABILITIES":9625419000,"TAX_EBT":-1.7321216511,"OCF_SALES":-1.609744121338,"TOTAL_PARENT_EQUITY":-1474385000,"DEBT_ASSET_RATIO":99.1445510982,"OPERATE_PROFIT":181784000,"PRETAX_PROFIT":-593665000,"NETCASH_OPERATE":-23604000,"NETCASH_INVEST":2061705000,"NETCASH_FINANCE":-1901130000,"END_CASH":226746000,"DIVI_RATIO":null,"DIVIDEND_RATE":null,"CURRENT_RATIO":0.559192632063,"COMMON_ACS":10000000000,"CURRENTDEBT_DEBT":71.626014410386,"ISSUED_COMMON_SHARES":5082375490,"HK_COMMON_SHARES":5082375490,"PER_SHARES":2000,"TOTAL_MARKET_CAP":132141762.74,"HKSK_MARKET_CAP":132141762.74,"PE_TTM":-0.328930687391,"PB_TTM":-0.06878048648,"REPORT_DATE_SQ":"2019-12-31 00:00:00","REPORT_TYPE_SQ":"2019年年报","OPERATE_INCOME_SQ":1731106000,"DPS_HKD":null,"OPERATE_INCOME_QOQ_SQ":-83.598086579556,"NET_PROFIT_RATIO_SQ":-108.8831648669,"HOLDER_PROFIT_SQ":-1901726000,"HOLDER_PROFIT_QOQ_SQ":-137.537003404938,"ROE_AVG_SQ":-272.903794727261,"PE_TTM_SQ":-0.304893150732,"PB_TTM_SQ":-0.06038940207,"ROA_SQ":-9.156948245677,"START_DATE":"2020-01-01 00:00:00","FISCAL_YEAR":"12-31","CURRENCY":"HKD","IS_CNY_CODE":0,"DPS_HKD_LY":null,"ORG_TYPE":"一般企业","PREMIUM_INCOME":null,"PREMIUM_INCOME_YOY":null,"NET_INTEREST_INCOME":null,"NET_INTEREST_INCOME_YOY":null,"FEE_COMMISSION_INCOME":null,"FEE_COMMISSION_INCOME_YOY":null,"ACCOUNTS_RECE_TDAYS":0.51427484547,"INVENTORY_TDAYS":8.881729265815,"CURRENT_ASSETS_TDAYS":0.246975463475,"TOTAL_ASSETS_TDAYS":0.113488026221,"PREMIUM_EXPENSE":null,"LOAN_DEPOSIT":null,"LOAN_EQUITY":null,"LOAN_ASSETS":null,"DEPOSIT_EQUITY":null,"DEPOSIT_ASSETS":null,"EQUITY_MULTIPLIER":116.897689376401,"EQUITY_RATIO":-6.528429819891},{"SECUCODE":"01165.HK","SECURITY_CODE":"01165","SECURITY_NAME_ABBR":"顺风清洁能源","ORG_CODE":"10162327","STD_REPORT_DATE":"2020-06-30 00:00:00","REPORT_DATE":"2020-06-30 00:00:00","DATE_TYPE_CODE":"002","REPORT_TYPE":"2020年中报","PER_NETCASH_OPERATE":-0.040104966075,"PER_OI":0.116461114014,"BPS":-0.274243806413,"BASIC_EPS":-0.0986,"DILUTED_EPS":-0.0986,"OPERATE_INCOME":580253000,"OPERATE_INCOME_YOY":-4.0246418366,"GROSS_PROFIT":315834000,"GROSS_PROFIT_YOY":-16.428344623201,"HOLDER_PROFIT":-491559000,"HOLDER_PROFIT_YOY":-96.3102887791,"GROSS_PROFIT_RATIO":50.500860327673,"EPS_TTM":-0.43009323651,"OPERATE_INCOME_QOQ":-1.942804195699,"NET_PROFIT_RATIO":-58.4249769332,"ROE_AVG":43.444856401713,"GROSS_PROFIT_QOQ":3.729493085021,"ROA":-3.401464834719,"HOLDER_PROFIT_QOQ":-12.681111790027,"ROE_YEARLY":86.889712803426,"ROIC_YEARLY":-7.655068955094,"TOTAL_ASSETS":12770289000,"TOTAL_LIABILITIES":12653936000,"TAX_EBT":-0.440563216322,"OCF_SALES":-24.914341288247,"TOTAL_PARENT_EQUITY":-1393810000,"DEBT_ASSET_RATIO":99.0888773151,"OPERATE_PROFIT":-69892000,"PRETAX_PROFIT":-522286000,"NETCASH_OPERATE":-199818000,"NETCASH_INVEST":398864000,"NETCASH_FINANCE":-122804000,"END_CASH":163772000,"DIVI_RATIO":null,"DIVIDEND_RATE":null,"CURRENT_RATIO":0.568124256593,"COMMON_ACS":10000000000,"CURRENTDEBT_DEBT":81.541403402072,"ISSUED_COMMON_SHARES":5082375490,"HK_COMMON_SHARES":5082375490,"PER_SHARES":2000,"TOTAL_MARKET_CAP":132141762.74,"HKSK_MARKET_CAP":132141762.74,"PE_TTM":-0.328930687391,"PB_TTM":-0.06878048648,"REPORT_DATE_SQ":"2019-06-30 00:00:00","REPORT_TYPE_SQ":"2019年中报","OPERATE_INCOME_SQ":835652000,"DPS_HKD":null,"OPERATE_INCOME_QOQ_SQ":2.562115943282,"NET_PROFIT_RATIO_SQ":-4.6746821736,"HOLDER_PROFIT_SQ":-250399000,"HOLDER_PROFIT_QOQ_SQ":53.061214917655,"ROE_AVG_SQ":-11.788330824066,"PE_TTM_SQ":-0.304893150732,"PB_TTM_SQ":-0.06038940207,"ROA_SQ":-0.985284399996,"START_DATE":"2020-01-01 00:00:00","FISCAL_YEAR":"12-31","CURRENCY":"HKD","IS_CNY_CODE":0,"DPS_HKD_LY":null,"ORG_TYPE":"一般企业","PREMIUM_INCOME":null,"PREMIUM_INCOME_YOY":null,"NET_INTEREST_INCOME":null,"NET_INTEREST_INCOME_YOY":null,"FEE_COMMISSION_INCOME":null,"FEE_COMMISSION_INCOME_YOY":null,"ACCOUNTS_RECE_TDAYS":0.270990505457,"INVENTORY_TDAYS":4.409073745002,"CURRENT_ASSETS_TDAYS":0.115556599349,"TOTAL_ASSETS_TDAYS":0.055497769886,"PREMIUM_EXPENSE":null,"LOAN_DEPOSIT":null,"LOAN_EQUITY":null,"LOAN_ASSETS":null,"DEPOSIT_EQUITY":null,"DEPOSIT_ASSETS":null,"EQUITY_MULTIPLIER":109.75470335367,"EQUITY_RATIO":-9.07866638925}],"count":31},"success":true,"message":"ok","code":0}