{"version":"8a3c6e455bc1a4950e9cc061721d1cc0","result":{"pages":6,"data":[{"SECUCODE":"01176.HK","SECURITY_CODE":"01176","SECURITY_NAME_ABBR":"珠光控股","ORG_CODE":"10010528","STD_REPORT_DATE":"2024-06-30 00:00:00","REPORT_DATE":"2024-06-30 00:00:00","DATE_TYPE_CODE":"002","REPORT_TYPE":"2024年中报","PER_NETCASH_OPERATE":-0.004193792073,"PER_OI":0.091407286733,"BPS":0.432690658464,"BASIC_EPS":-0.109612868,"DILUTED_EPS":-0.109612868,"OPERATE_INCOME":660475484.88,"OPERATE_INCOME_YOY":-25.1751801949,"GROSS_PROFIT":497286475.52,"GROSS_PROFIT_YOY":-27.599088816883,"HOLDER_PROFIT":-760997147.4,"HOLDER_PROFIT_YOY":-1145.9169493298,"GROSS_PROFIT_RATIO":75.292192807179,"EPS_TTM":-0.206019626647,"OPERATE_INCOME_QOQ":-12.442451046216,"NET_PROFIT_RATIO":-118.7321222774,"ROE_AVG":-14.259579047369,"GROSS_PROFIT_QOQ":-14.442042039771,"ROA":-2.320761914538,"HOLDER_PROFIT_QOQ":-88.593923863176,"ROE_YEARLY":-28.519158094738,"ROIC_YEARLY":-4.669984839583,"TOTAL_ASSETS":32832789565.24,"TOTAL_LIABILITIES":27882586654.44,"TAX_EBT":0.680261100046,"OCF_SALES":-4.588028178745,"TOTAL_PARENT_EQUITY":4944655641.76,"DEBT_ASSET_RATIO":84.9229901682,"OPERATE_PROFIT":-202609483.92,"PRETAX_PROFIT":-789567682.12,"NETCASH_OPERATE":-30302801.36,"NETCASH_INVEST":148427323.04,"NETCASH_FINANCE":-108788717.96,"END_CASH":16368003.12,"DIVI_RATIO":null,"DIVIDEND_RATE":null,"CURRENT_RATIO":0.668676680265,"COMMON_ACS":10000000000,"CURRENTDEBT_DEBT":79.462965143343,"ISSUED_COMMON_SHARES":8850632753,"HK_COMMON_SHARES":8850632753,"PER_SHARES":2000,"TOTAL_MARKET_CAP":752303784.005,"HKSK_MARKET_CAP":752303784.005,"PE_TTM":-0.459312203738,"PB_TTM":0.179291598934,"REPORT_DATE_SQ":"2023-06-30 00:00:00","REPORT_TYPE_SQ":"2023年中报","OPERATE_INCOME_SQ":891690191.06,"DPS_HKD":null,"OPERATE_INCOME_QOQ_SQ":-9.912724749784,"NET_PROFIT_RATIO_SQ":-9.4819091617,"HOLDER_PROFIT_SQ":-61701667.54,"HOLDER_PROFIT_QOQ_SQ":36.585193485657,"ROE_AVG_SQ":-0.945434608122,"PE_TTM_SQ":-2.661279019908,"PB_TTM_SQ":0.282764526484,"ROA_SQ":-0.183146033038,"START_DATE":"2024-01-01 00:00:00","FISCAL_YEAR":"12-31","CURRENCY":"HKD","IS_CNY_CODE":0,"DPS_HKD_LY":null,"ORG_TYPE":"一般企业","PREMIUM_INCOME":null,"PREMIUM_INCOME_YOY":null,"NET_INTEREST_INCOME":null,"NET_INTEREST_INCOME_YOY":null,"FEE_COMMISSION_INCOME":null,"FEE_COMMISSION_INCOME_YOY":null,"ACCOUNTS_RECE_TDAYS":0.699958408697,"INVENTORY_TDAYS":0.013752976461,"CURRENT_ASSETS_TDAYS":0.044731409786,"TOTAL_ASSETS_TDAYS":0.020142077484,"PREMIUM_EXPENSE":null,"LOAN_DEPOSIT":null,"LOAN_EQUITY":null,"LOAN_ASSETS":null,"DEPOSIT_EQUITY":null,"DEPOSIT_ASSETS":null,"EQUITY_MULTIPLIER":6.632614896163,"EQUITY_RATIO":5.638933967203},{"SECUCODE":"01176.HK","SECURITY_CODE":"01176","SECURITY_NAME_ABBR":"珠光控股","ORG_CODE":"10010528","STD_REPORT_DATE":"2023-12-31 00:00:00","REPORT_DATE":"2023-12-31 00:00:00","DATE_TYPE_CODE":"001","REPORT_TYPE":"2023年年报","PER_NETCASH_OPERATE":0.234071993069,"PER_OI":0.257177889639,"BPS":0.521083274869,"BASIC_EPS":-0.1178086,"DILUTED_EPS":-0.1178086,"OPERATE_INCOME":1858272982.72,"OPERATE_INCOME_YOY":-27.7671924795,"GROSS_PROFIT":1312588984.84,"GROSS_PROFIT_YOY":-25.284794890978,"HOLDER_PROFIT":-789326682.2,"HOLDER_PROFIT_YOY":12.6539068627,"GROSS_PROFIT_RATIO":70.634885027426,"EPS_TTM":-0.109239800746,"OPERATE_INCOME_QOQ":-18.656671831794,"NET_PROFIT_RATIO":-45.6540016074,"ROE_AVG":-12.874553183489,"GROSS_PROFIT_QOQ":-14.100509678659,"ROA":-2.386290128837,"HOLDER_PROFIT_QOQ":-39.734519765936,"ROE_YEARLY":-12.874553183489,"ROIC_YEARLY":-2.425835356824,"TOTAL_ASSETS":32517076662,"TOTAL_LIABILITIES":26800268445.58,"TAX_EBT":-7.566800526246,"OCF_SALES":91.015597568683,"TOTAL_PARENT_EQUITY":5688282223.26,"DEBT_ASSET_RATIO":82.4190585278,"OPERATE_PROFIT":483331530.78,"PRETAX_PROFIT":-788696859.3,"NETCASH_OPERATE":1691318259.68,"NETCASH_INVEST":337286021.8,"NETCASH_FINANCE":-2139224744.44,"END_CASH":7072140.88,"DIVI_RATIO":null,"DIVIDEND_RATE":null,"CURRENT_RATIO":0.746977296045,"COMMON_ACS":10000000000,"CURRENTDEBT_DEBT":72.985703609719,"ISSUED_COMMON_SHARES":8850632753,"HK_COMMON_SHARES":8850632753,"PER_SHARES":2000,"TOTAL_MARKET_CAP":885063275.3,"HKSK_MARKET_CAP":885063275.3,"PE_TTM":-0.540367298515,"PB_TTM":0.210931292864,"REPORT_DATE_SQ":"2022-12-31 00:00:00","REPORT_TYPE_SQ":"2022年年报","OPERATE_INCOME_SQ":2535853286.61,"DPS_HKD":null,"OPERATE_INCOME_QOQ_SQ":12.141650246206,"NET_PROFIT_RATIO_SQ":-35.9920925532,"HOLDER_PROFIT_SQ":-890763484.38,"HOLDER_PROFIT_QOQ_SQ":-58.772072898524,"ROE_AVG_SQ":-12.319802348263,"PE_TTM_SQ":-2.921492968522,"PB_TTM_SQ":0.310412613518,"ROA_SQ":-2.492459122281,"START_DATE":"2023-01-01 00:00:00","FISCAL_YEAR":"12-31","CURRENCY":"HKD","IS_CNY_CODE":0,"DPS_HKD_LY":null,"ORG_TYPE":"一般企业","PREMIUM_INCOME":null,"PREMIUM_INCOME_YOY":null,"NET_INTEREST_INCOME":null,"NET_INTEREST_INCOME_YOY":null,"FEE_COMMISSION_INCOME":null,"FEE_COMMISSION_INCOME_YOY":null,"ACCOUNTS_RECE_TDAYS":0.359501551734,"INVENTORY_TDAYS":0.046196710293,"CURRENT_ASSETS_TDAYS":0.093042255794,"TOTAL_ASSETS_TDAYS":0.056179254741,"PREMIUM_EXPENSE":null,"LOAN_DEPOSIT":null,"LOAN_EQUITY":null,"LOAN_ASSETS":null,"DEPOSIT_EQUITY":null,"DEPOSIT_ASSETS":null,"EQUITY_MULTIPLIER":5.687977527149,"EQUITY_RATIO":4.711487122772},{"SECUCODE":"01176.HK","SECURITY_CODE":"01176","SECURITY_NAME_ABBR":"珠光控股","ORG_CODE":"10010528","STD_REPORT_DATE":"2023-06-30 00:00:00","REPORT_DATE":"2023-06-30 00:00:00","DATE_TYPE_CODE":"002","REPORT_TYPE":"2023年中报","PER_NETCASH_OPERATE":0.1168520393,"PER_OI":0.123406519753,"BPS":0.598936329982,"BASIC_EPS":-0.01290772,"DILUTED_EPS":-0.01290772,"OPERATE_INCOME":891690191.06,"OPERATE_INCOME_YOY":-27.6422283704,"GROSS_PROFIT":686851128.52,"GROSS_PROFIT_YOY":-24.982564024228,"HOLDER_PROFIT":-61701667.54,"HOLDER_PROFIT_YOY":85.2338819999,"GROSS_PROFIT_RATIO":77.028000914029,"EPS_TTM":-0.078176674546,"OPERATE_INCOME_QOQ":-9.912724749784,"NET_PROFIT_RATIO":-9.4819091617,"ROE_AVG":-0.945434608122,"GROSS_PROFIT_QOQ":-13.020199736319,"ROA":-0.183146033038,"HOLDER_PROFIT_QOQ":36.585193485657,"ROE_YEARLY":-1.890869216245,"ROIC_YEARLY":-0.374380440942,"TOTAL_ASSETS":33156696530.2,"TOTAL_LIABILITIES":26726283403.58,"TAX_EBT":-371.316235802025,"OCF_SALES":94.688708128134,"TOTAL_PARENT_EQUITY":6364702690.04,"DEBT_ASSET_RATIO":80.605989741,"OPERATE_PROFIT":462203325.68,"PRETAX_PROFIT":-17938964.86,"NETCASH_OPERATE":844329922.42,"NETCASH_INVEST":21826954.52,"NETCASH_FINANCE":-933981413.66,"END_CASH":56008441.04,"DIVI_RATIO":null,"DIVIDEND_RATE":null,"CURRENT_RATIO":1.300887168778,"COMMON_ACS":10000000000,"CURRENTDEBT_DEBT":67.912193496043,"ISSUED_COMMON_SHARES":8850632753,"HK_COMMON_SHARES":8850632753,"PER_SHARES":2000,"TOTAL_MARKET_CAP":885063275.3,"HKSK_MARKET_CAP":885063275.3,"PE_TTM":-0.540367298515,"PB_TTM":0.210931292864,"REPORT_DATE_SQ":"2022-06-30 00:00:00","REPORT_TYPE_SQ":"2022年中报","OPERATE_INCOME_SQ":1143062347.42,"DPS_HKD":null,"OPERATE_INCOME_QOQ_SQ":-7.344990013448,"NET_PROFIT_RATIO_SQ":-33.7010275187,"HOLDER_PROFIT_SQ":-387589211.8,"HOLDER_PROFIT_QOQ_SQ":-1066.22655730619,"ROE_AVG_SQ":-5.230419711119,"PE_TTM_SQ":-2.921492968522,"PB_TTM_SQ":0.310412613518,"ROA_SQ":-1.086124857987,"START_DATE":"2023-01-01 00:00:00","FISCAL_YEAR":"12-31","CURRENCY":"HKD","IS_CNY_CODE":0,"DPS_HKD_LY":null,"ORG_TYPE":"一般企业","PREMIUM_INCOME":null,"PREMIUM_INCOME_YOY":null,"NET_INTEREST_INCOME":null,"NET_INTEREST_INCOME_YOY":null,"FEE_COMMISSION_INCOME":null,"FEE_COMMISSION_INCOME_YOY":null,"ACCOUNTS_RECE_TDAYS":0.098607777034,"INVENTORY_TDAYS":0.017150910029,"CURRENT_ASSETS_TDAYS":0.036111222762,"TOTAL_ASSETS_TDAYS":0.02646760253,"PREMIUM_EXPENSE":null,"LOAN_DEPOSIT":null,"LOAN_EQUITY":null,"LOAN_ASSETS":null,"DEPOSIT_EQUITY":null,"DEPOSIT_ASSETS":null,"EQUITY_MULTIPLIER":5.156231159236,"EQUITY_RATIO":4.199140903377},{"SECUCODE":"01176.HK","SECURITY_CODE":"01176","SECURITY_NAME_ABBR":"珠光控股","ORG_CODE":"10010528","STD_REPORT_DATE":"2022-12-31 00:00:00","REPORT_DATE":"2022-12-31 00:00:00","DATE_TYPE_CODE":"001","REPORT_TYPE":"2022年年报","PER_NETCASH_OPERATE":0.284705280321,"PER_OI":0.35095241805,"BPS":0.619091367887,"BASIC_EPS":-0.131667998,"DILUTED_EPS":-0.131667998,"OPERATE_INCOME":2535853286.61,"OPERATE_INCOME_YOY":-4.8970509755,"GROSS_PROFIT":1756789642.65,"GROSS_PROFIT_YOY":-5.033816402698,"HOLDER_PROFIT":-890763484.38,"HOLDER_PROFIT_YOY":-1504.1426117322,"GROSS_PROFIT_RATIO":69.278047429886,"EPS_TTM":-0.123278267085,"OPERATE_INCOME_QOQ":12.141650246206,"NET_PROFIT_RATIO":-35.9920925532,"ROE_AVG":-12.319802348263,"GROSS_PROFIT_QOQ":-2.206794915946,"ROA":-2.492459122281,"HOLDER_PROFIT_QOQ":-58.772072898524,"ROE_YEARLY":-12.319802348263,"ROIC_YEARLY":-2.555545062575,"TOTAL_ASSETS":33157362378.14,"TOTAL_LIABILITIES":26590471894.28,"TAX_EBT":-7.313084676551,"OCF_SALES":81.123612683054,"TOTAL_PARENT_EQUITY":6479592100.03,"DEBT_ASSET_RATIO":80.1947742134,"OPERATE_PROFIT":455628442.36,"PRETAX_PROFIT":-850508271.83,"NETCASH_OPERATE":2057175798.44,"NETCASH_INVEST":1703112155.08,"NETCASH_FINANCE":-3709681528.21,"END_CASH":117249726.93,"DIVI_RATIO":null,"DIVIDEND_RATE":null,"CURRENT_RATIO":1.533754032282,"COMMON_ACS":10000000000,"CURRENTDEBT_DEBT":61.229907828534,"ISSUED_COMMON_SHARES":8850632753,"HK_COMMON_SHARES":8850632753,"PER_SHARES":2000,"TOTAL_MARKET_CAP":885063275.3,"HKSK_MARKET_CAP":885063275.3,"PE_TTM":-0.540367298515,"PB_TTM":0.210931292864,"REPORT_DATE_SQ":"2021-12-31 00:00:00","REPORT_TYPE_SQ":"2021年年报","OPERATE_INCOME_SQ":2440553169.6,"DPS_HKD":null,"OPERATE_INCOME_QOQ_SQ":-56.991175303098,"NET_PROFIT_RATIO_SQ":3.6722019711,"HOLDER_PROFIT_SQ":58064316.8,"HOLDER_PROFIT_QOQ_SQ":-97.108128460535,"ROE_AVG_SQ":0.778137298096,"PE_TTM_SQ":-2.921492968522,"PB_TTM_SQ":0.310412613518,"ROA_SQ":0.17792756428,"START_DATE":"2022-01-01 00:00:00","FISCAL_YEAR":"12-31","CURRENCY":"HKD","IS_CNY_CODE":0,"DPS_HKD_LY":null,"ORG_TYPE":"一般企业","PREMIUM_INCOME":null,"PREMIUM_INCOME_YOY":null,"NET_INTEREST_INCOME":null,"NET_INTEREST_INCOME_YOY":null,"FEE_COMMISSION_INCOME":null,"FEE_COMMISSION_INCOME_YOY":null,"ACCOUNTS_RECE_TDAYS":0.236203632437,"INVENTORY_TDAYS":0.06441950426,"CURRENT_ASSETS_TDAYS":0.091239341597,"TOTAL_ASSETS_TDAYS":0.070956104149,"PREMIUM_EXPENSE":null,"LOAN_DEPOSIT":null,"LOAN_EQUITY":null,"LOAN_ASSETS":null,"DEPOSIT_EQUITY":null,"DEPOSIT_ASSETS":null,"EQUITY_MULTIPLIER":5.049172429413,"EQUITY_RATIO":4.103726204333},{"SECUCODE":"01176.HK","SECURITY_CODE":"01176","SECURITY_NAME_ABBR":"珠光控股","ORG_CODE":"10010528","STD_REPORT_DATE":"2022-06-30 00:00:00","REPORT_DATE":"2022-06-30 00:00:00","DATE_TYPE_CODE":"002","REPORT_TYPE":"2022年中报","PER_NETCASH_OPERATE":0.072408070326,"PER_OI":0.158195466957,"BPS":0.706299721303,"BASIC_EPS":-0.057639806,"DILUTED_EPS":-0.057639806,"OPERATE_INCOME":1143062347.42,"OPERATE_INCOME_YOY":-15.8923340727,"GROSS_PROFIT":915588648.94,"GROSS_PROFIT_YOY":-5.518458451087,"HOLDER_PROFIT":-387589211.8,"HOLDER_PROFIT_YOY":-262.8951794931,"GROSS_PROFIT_RATIO":80.09962457486,"EPS_TTM":-0.077644805433,"OPERATE_INCOME_QOQ":-7.344990013448,"NET_PROFIT_RATIO":-33.7010275187,"ROE_AVG":-5.230419711119,"GROSS_PROFIT_QOQ":-2.890815864275,"ROA":-1.086124857987,"HOLDER_PROFIT_QOQ":-1066.22655730619,"ROE_YEARLY":-10.460839422237,"ROIC_YEARLY":-2.232444008987,"TOTAL_ASSETS":34685256112.22,"TOTAL_LIABILITIES":27394415010.27,"TAX_EBT":-2.031783711301,"OCF_SALES":45.771267482557,"TOTAL_PARENT_EQUITY":7179724554.87,"DEBT_ASSET_RATIO":78.9799992298,"OPERATE_PROFIT":92443473.43,"PRETAX_PROFIT":-377552701.96,"NETCASH_OPERATE":523194124.53,"NETCASH_INVEST":1127674913.75,"NETCASH_FINANCE":-1606346991.69,"END_CASH":111986275.31,"DIVI_RATIO":null,"DIVIDEND_RATE":null,"CURRENT_RATIO":1.685319343071,"COMMON_ACS":10000000000,"CURRENTDEBT_DEBT":59.983230488257,"ISSUED_COMMON_SHARES":8850632753,"HK_COMMON_SHARES":8850632753,"PER_SHARES":2000,"TOTAL_MARKET_CAP":885063275.3,"HKSK_MARKET_CAP":885063275.3,"PE_TTM":-0.540367298515,"PB_TTM":0.210931292864,"REPORT_DATE_SQ":"2021-06-30 00:00:00","REPORT_TYPE_SQ":"2021年中报","OPERATE_INCOME_SQ":1322320734,"DPS_HKD":null,"OPERATE_INCOME_QOQ_SQ":1.77279238911,"NET_PROFIT_RATIO_SQ":17.1105762424,"HOLDER_PROFIT_SQ":231507954.24,"HOLDER_PROFIT_QOQ_SQ":6.387375696769,"ROE_AVG_SQ":2.931878205892,"PE_TTM_SQ":-2.921492968522,"PB_TTM_SQ":0.310412613518,"ROA_SQ":0.692891299558,"START_DATE":"2022-01-01 00:00:00","FISCAL_YEAR":"12-31","CURRENCY":"HKD","IS_CNY_CODE":0,"DPS_HKD_LY":null,"ORG_TYPE":"一般企业","PREMIUM_INCOME":null,"PREMIUM_INCOME_YOY":null,"NET_INTEREST_INCOME":null,"NET_INTEREST_INCOME_YOY":null,"FEE_COMMISSION_INCOME":null,"FEE_COMMISSION_INCOME_YOY":null,"ACCOUNTS_RECE_TDAYS":0.097656252283,"INVENTORY_TDAYS":0.019220912519,"CURRENT_ASSETS_TDAYS":0.040105037417,"TOTAL_ASSETS_TDAYS":0.032031552787,"PREMIUM_EXPENSE":null,"LOAN_DEPOSIT":null,"LOAN_EQUITY":null,"LOAN_ASSETS":null,"DEPOSIT_EQUITY":null,"DEPOSIT_ASSETS":null,"EQUITY_MULTIPLIER":4.757373755275,"EQUITY_RATIO":3.815524509459},{"SECUCODE":"01176.HK","SECURITY_CODE":"01176","SECURITY_NAME_ABBR":"珠光控股","ORG_CODE":"10010528","STD_REPORT_DATE":"2021-12-31 00:00:00","REPORT_DATE":"2021-12-31 00:00:00","DATE_TYPE_CODE":"001","REPORT_TYPE":"2021年年报","PER_NETCASH_OPERATE":0.198755242107,"PER_OI":0.337763245522,"BPS":0.714126329494,"BASIC_EPS":0.00237104,"DILUTED_EPS":0.00237104,"OPERATE_INCOME":2440553169.6,"OPERATE_INCOME_YOY":-54.9417053924,"GROSS_PROFIT":1849910753.6,"GROSS_PROFIT_YOY":-31.823067249029,"HOLDER_PROFIT":58064316.8,"HOLDER_PROFIT_YOY":-96.8329524921,"GROSS_PROFIT_RATIO":75.798830225985,"EPS_TTM":0.008035879872,"OPERATE_INCOME_QOQ":-56.991175303098,"NET_PROFIT_RATIO":3.6722019711,"ROE_AVG":0.778137298096,"GROSS_PROFIT_QOQ":-28.872678296435,"ROA":0.17792756428,"HOLDER_PROFIT_QOQ":-97.108128460535,"ROE_YEARLY":0.778137298096,"ROIC_YEARLY":0.183389004688,"TOTAL_ASSETS":35073238827.2,"TOTAL_LIABILITIES":27652453494.4,"TAX_EBT":75.414704167227,"OCF_SALES":58.844544142236,"TOTAL_PARENT_EQUITY":7304998456,"DEBT_ASSET_RATIO":78.8420300464,"OPERATE_PROFIT":1928613747.2,"PRETAX_PROFIT":364535136,"NETCASH_OPERATE":1436132387.2,"NETCASH_INVEST":2258362456,"NETCASH_FINANCE":-3672757312,"END_CASH":68370982.4,"DIVI_RATIO":null,"DIVIDEND_RATE":null,"CURRENT_RATIO":1.774156000405,"COMMON_ACS":10000000000,"CURRENTDEBT_DEBT":57.117754762696,"ISSUED_COMMON_SHARES":8850632753,"HK_COMMON_SHARES":8850632753,"PER_SHARES":2000,"TOTAL_MARKET_CAP":885063275.3,"HKSK_MARKET_CAP":885063275.3,"PE_TTM":-0.540367298515,"PB_TTM":0.210931292864,"REPORT_DATE_SQ":"2020-12-31 00:00:00","REPORT_TYPE_SQ":"2020年年报","OPERATE_INCOME_SQ":5575694988.72,"DPS_HKD":null,"OPERATE_INCOME_QOQ_SQ":89.908721286617,"NET_PROFIT_RATIO_SQ":33.5888882952,"HOLDER_PROFIT_SQ":1887296902.56,"HOLDER_PROFIT_QOQ_SQ":305.625126777968,"ROE_AVG_SQ":26.720379013077,"PE_TTM_SQ":-2.921492968522,"PB_TTM_SQ":0.310412613518,"ROA_SQ":6.162661742959,"START_DATE":"2021-01-01 00:00:00","FISCAL_YEAR":"12-31","CURRENCY":"HKD","IS_CNY_CODE":0,"DPS_HKD_LY":0.09,"ORG_TYPE":"一般企业","PREMIUM_INCOME":null,"PREMIUM_INCOME_YOY":null,"NET_INTEREST_INCOME":null,"NET_INTEREST_INCOME_YOY":null,"FEE_COMMISSION_INCOME":null,"FEE_COMMISSION_INCOME_YOY":null,"ACCOUNTS_RECE_TDAYS":0.300923526293,"INVENTORY_TDAYS":0.077865254017,"CURRENT_ASSETS_TDAYS":0.111039941065,"TOTAL_ASSETS_TDAYS":0.07478632401,"PREMIUM_EXPENSE":null,"LOAN_DEPOSIT":null,"LOAN_EQUITY":null,"LOAN_ASSETS":null,"DEPOSIT_EQUITY":null,"DEPOSIT_ASSETS":null,"EQUITY_MULTIPLIER":4.726351356926,"EQUITY_RATIO":3.785415378382},{"SECUCODE":"01176.HK","SECURITY_CODE":"01176","SECURITY_NAME_ABBR":"珠光控股","ORG_CODE":"10010528","STD_REPORT_DATE":"2021-06-30 00:00:00","REPORT_DATE":"2021-06-30 00:00:00","DATE_TYPE_CODE":"002","REPORT_TYPE":"2021年中报","PER_NETCASH_OPERATE":-0.131203437009,"PER_OI":0.18300414361,"BPS":0.820968365772,"BASIC_EPS":0.029372424,"DILUTED_EPS":0.029372424,"OPERATE_INCOME":1322320734,"OPERATE_INCOME_YOY":18.6469466148,"GROSS_PROFIT":969066162.48,"GROSS_PROFIT_YOY":-10.405953019008,"HOLDER_PROFIT":231507954.24,"HOLDER_PROFIT_YOY":129.0432520539,"GROSS_PROFIT_RATIO":73.285258074158,"EPS_TTM":0.2778781755,"OPERATE_INCOME_QOQ":1.77279238911,"NET_PROFIT_RATIO":17.1105762424,"ROE_AVG":2.931878205892,"GROSS_PROFIT_QOQ":-4.148038871602,"ROA":0.692891299558,"HOLDER_PROFIT_QOQ":6.387375696769,"ROE_YEARLY":5.863756411784,"ROIC_YEARLY":1.431144256615,"TOTAL_ASSETS":36094868214.72,"TOTAL_LIABILITIES":27977356175.76,"TAX_EBT":36.477934528941,"OCF_SALES":-71.694243868674,"TOTAL_PARENT_EQUITY":8038605892.56,"DEBT_ASSET_RATIO":77.5106200952,"OPERATE_PROFIT":1402898529.12,"PRETAX_PROFIT":356185989.36,"NETCASH_OPERATE":-168285683.76,"NETCASH_INVEST":2372459779.2,"NETCASH_FINANCE":-2169063647.76,"END_CASH":86642826.24,"DIVI_RATIO":null,"DIVIDEND_RATE":null,"CURRENT_RATIO":1.468868442827,"COMMON_ACS":10000000000,"CURRENTDEBT_DEBT":54.767633978209,"ISSUED_COMMON_SHARES":8850632753,"HK_COMMON_SHARES":8850632753,"PER_SHARES":2000,"TOTAL_MARKET_CAP":885063275.3,"HKSK_MARKET_CAP":885063275.3,"PE_TTM":-0.540367298515,"PB_TTM":0.210931292864,"REPORT_DATE_SQ":"2020-06-30 00:00:00","REPORT_TYPE_SQ":"2020年中报","OPERATE_INCOME_SQ":1223475237.6,"DPS_HKD":null,"OPERATE_INCOME_QOQ_SQ":-19.565022014117,"NET_PROFIT_RATIO_SQ":8.7618101933,"HOLDER_PROFIT_SQ":110959210.56,"HOLDER_PROFIT_QOQ_SQ":-30.487545824931,"ROE_AVG_SQ":1.624891224358,"PE_TTM_SQ":-2.921492968522,"PB_TTM_SQ":0.310412613518,"ROA_SQ":0.323379111255,"START_DATE":"2021-01-01 00:00:00","FISCAL_YEAR":"12-31","CURRENCY":"HKD","IS_CNY_CODE":0,"DPS_HKD_LY":0.09,"ORG_TYPE":"一般企业","PREMIUM_INCOME":null,"PREMIUM_INCOME_YOY":null,"NET_INTEREST_INCOME":null,"NET_INTEREST_INCOME_YOY":null,"FEE_COMMISSION_INCOME":null,"FEE_COMMISSION_INCOME_YOY":null,"ACCOUNTS_RECE_TDAYS":0.245297509331,"INVENTORY_TDAYS":0.046551921038,"CURRENT_ASSETS_TDAYS":0.068292336624,"TOTAL_ASSETS_TDAYS":0.039576373729,"PREMIUM_EXPENSE":null,"LOAN_DEPOSIT":null,"LOAN_EQUITY":null,"LOAN_ASSETS":null,"DEPOSIT_EQUITY":null,"DEPOSIT_ASSETS":null,"EQUITY_MULTIPLIER":4.446543231664,"EQUITY_RATIO":3.480374153142},{"SECUCODE":"01176.HK","SECURITY_CODE":"01176","SECURITY_NAME_ABBR":"珠光控股","ORG_CODE":"10010528","STD_REPORT_DATE":"2020-12-31 00:00:00","REPORT_DATE":"2020-12-31 00:00:00","DATE_TYPE_CODE":"001","REPORT_TYPE":"2020年年报","PER_NETCASH_OPERATE":-0.323697215522,"PER_OI":0.775003005427,"BPS":0.800141104004,"BASIC_EPS":0.2567002,"DILUTED_EPS":0.2567002,"OPERATE_INCOME":5575694988.72,"OPERATE_INCOME_YOY":62.579150852,"GROSS_PROFIT":2713396861.6,"GROSS_PROFIT_YOY":45.122649300018,"HOLDER_PROFIT":1887296902.56,"HOLDER_PROFIT_YOY":200.0975609756,"GROSS_PROFIT_RATIO":48.664729098155,"EPS_TTM":0.262327974284,"OPERATE_INCOME_QOQ":89.908721286617,"NET_PROFIT_RATIO":33.5888882952,"ROE_AVG":26.720379013077,"GROSS_PROFIT_QOQ":35.131045682849,"ROA":6.162661742959,"HOLDER_PROFIT_QOQ":305.625126777968,"ROE_YEARLY":26.720379013077,"ROIC_YEARLY":6.545213725409,"TOTAL_ASSETS":31081928478.16,"TOTAL_LIABILITIES":23154561716.88,"TAX_EBT":33.328599331787,"OCF_SALES":-41.767220676012,"TOTAL_PARENT_EQUITY":7842947744.36,"DEBT_ASSET_RATIO":74.4952544793,"OPERATE_PROFIT":4859886060.2,"PRETAX_PROFIT":2809021473.48,"NETCASH_OPERATE":-1146578796.6,"NETCASH_INVEST":3711422831.64,"NETCASH_FINANCE":-2827125149.88,"END_CASH":46482935.56,"DIVI_RATIO":null,"DIVIDEND_RATE":null,"CURRENT_RATIO":1.162190389149,"COMMON_ACS":10000000000,"CURRENTDEBT_DEBT":60.961900593219,"ISSUED_COMMON_SHARES":8850632753,"HK_COMMON_SHARES":8850632753,"PER_SHARES":2000,"TOTAL_MARKET_CAP":885063275.3,"HKSK_MARKET_CAP":885063275.3,"PE_TTM":-0.540367298515,"PB_TTM":0.210931292864,"REPORT_DATE_SQ":"2019-12-31 00:00:00","REPORT_TYPE_SQ":"2019年年报","OPERATE_INCOME_SQ":3650136884.92,"DPS_HKD":null,"OPERATE_INCOME_QOQ_SQ":19.084110606778,"NET_PROFIT_RATIO_SQ":17.6571740452,"HOLDER_PROFIT_SQ":669349210.5,"HOLDER_PROFIT_QOQ_SQ":83.964358949151,"ROE_AVG_SQ":10.533139160921,"PE_TTM_SQ":-2.921492968522,"PB_TTM_SQ":0.310412613518,"ROA_SQ":2.085702418854,"START_DATE":"2020-01-01 00:00:00","FISCAL_YEAR":"12-31","CURRENCY":"HKD","IS_CNY_CODE":0,"DPS_HKD_LY":null,"ORG_TYPE":"一般企业","PREMIUM_INCOME":null,"PREMIUM_INCOME_YOY":null,"NET_INTEREST_INCOME":null,"NET_INTEREST_INCOME_YOY":null,"FEE_COMMISSION_INCOME":null,"FEE_COMMISSION_INCOME_YOY":null,"ACCOUNTS_RECE_TDAYS":1.427432710386,"INVENTORY_TDAYS":0.604476028841,"CURRENT_ASSETS_TDAYS":0.346383672947,"TOTAL_ASSETS_TDAYS":0.182065270974,"PREMIUM_EXPENSE":null,"LOAN_DEPOSIT":null,"LOAN_EQUITY":null,"LOAN_ASSETS":null,"DEPOSIT_EQUITY":null,"DEPOSIT_ASSETS":null,"EQUITY_MULTIPLIER":3.920838963825,"EQUITY_RATIO":2.952277953596},{"SECUCODE":"01176.HK","SECURITY_CODE":"01176","SECURITY_NAME_ABBR":"珠光控股","ORG_CODE":"10010528","STD_REPORT_DATE":"2020-06-30 00:00:00","REPORT_DATE":"2020-06-30 00:00:00","DATE_TYPE_CODE":"002","REPORT_TYPE":"2020年中报","PER_NETCASH_OPERATE":-0.067761280902,"PER_OI":0.170058977064,"BPS":0.681744627584,"BASIC_EPS":0.01233144,"DILUTED_EPS":0.01233144,"OPERATE_INCOME":1223475237.6,"OPERATE_INCOME_YOY":-39.1920726309,"GROSS_PROFIT":1081618919.04,"GROSS_PROFIT_YOY":14.654654898507,"HOLDER_PROFIT":110959210.56,"HOLDER_PROFIT_YOY":-66.08046375,"GROSS_PROFIT_RATIO":88.405460592871,"EPS_TTM":0.06467251582,"OPERATE_INCOME_QOQ":-19.565022014117,"NET_PROFIT_RATIO":8.7618101933,"ROE_AVG":1.624891224358,"GROSS_PROFIT_QOQ":7.394010433856,"ROA":0.323379111255,"HOLDER_PROFIT_QOQ":-30.487545824931,"ROE_YEARLY":3.249782448716,"ROIC_YEARLY":0.689143275953,"TOTAL_ASSETS":35883791618.4,"TOTAL_LIABILITIES":28947241524.96,"TAX_EBT":40.539896945347,"OCF_SALES":-39.84575355659,"TOTAL_PARENT_EQUITY":6838078521.12,"DEBT_ASSET_RATIO":80.6694059334,"OPERATE_PROFIT":936372824.64,"PRETAX_PROFIT":180286566.24,"NETCASH_OPERATE":-487502928,"NETCASH_INVEST":-768065110.56,"NETCASH_FINANCE":1167260313.12,"END_CASH":144710818.56,"DIVI_RATIO":null,"DIVIDEND_RATE":null,"CURRENT_RATIO":1.041430106453,"COMMON_ACS":10000000000,"CURRENTDEBT_DEBT":47.034165816803,"ISSUED_COMMON_SHARES":8850632753,"HK_COMMON_SHARES":8850632753,"PER_SHARES":2000,"TOTAL_MARKET_CAP":885063275.3,"HKSK_MARKET_CAP":885063275.3,"PE_TTM":-0.540367298515,"PB_TTM":0.210931292864,"REPORT_DATE_SQ":"2019-06-30 00:00:00","REPORT_TYPE_SQ":"2019年中报","OPERATE_INCOME_SQ":1937625322.68,"DPS_HKD":null,"OPERATE_INCOME_QOQ_SQ":29.335447357612,"NET_PROFIT_RATIO_SQ":15.7898177599,"HOLDER_PROFIT_SQ":315027357.84,"HOLDER_PROFIT_QOQ_SQ":8703.3899380586,"ROE_AVG_SQ":5.176983209325,"PE_TTM_SQ":-2.921492968522,"PB_TTM_SQ":0.310412613518,"ROA_SQ":0.993708355266,"START_DATE":"2020-01-01 00:00:00","FISCAL_YEAR":"12-31","CURRENCY":"HKD","IS_CNY_CODE":0,"DPS_HKD_LY":null,"ORG_TYPE":"一般企业","PREMIUM_INCOME":null,"PREMIUM_INCOME_YOY":null,"NET_INTEREST_INCOME":null,"NET_INTEREST_INCOME_YOY":null,"FEE_COMMISSION_INCOME":null,"FEE_COMMISSION_INCOME_YOY":null,"ACCOUNTS_RECE_TDAYS":0.723375252516,"INVENTORY_TDAYS":0.023127744529,"CURRENT_ASSETS_TDAYS":0.078139853603,"TOTAL_ASSETS_TDAYS":0.035656916896,"PREMIUM_EXPENSE":null,"LOAN_DEPOSIT":null,"LOAN_EQUITY":null,"LOAN_ASSETS":null,"DEPOSIT_EQUITY":null,"DEPOSIT_ASSETS":null,"EQUITY_MULTIPLIER":5.173146756663,"EQUITY_RATIO":4.233242048267}],"count":50},"success":true,"message":"ok","code":0}