{"version":"ff2955a978f8aa123e93652bb8788175","result":{"pages":6,"data":[{"SECUCODE":"01172.HK","SECURITY_CODE":"01172","SECURITY_NAME_ABBR":"融太集团","ORG_CODE":"10010524","STD_REPORT_DATE":"2024-06-30 00:00:00","REPORT_DATE":"2024-09-30 00:00:00","DATE_TYPE_CODE":"002","REPORT_TYPE":"2024年中报","PER_NETCASH_OPERATE":-0.0011508003,"PER_OI":0.015708463105,"BPS":0.016738019767,"BASIC_EPS":-0.005681277,"DILUTED_EPS":-0.005681277,"OPERATE_INCOME":90782297.51,"OPERATE_INCOME_YOY":-42.7955290628,"GROSS_PROFIT":18503829.01,"GROSS_PROFIT_YOY":-34.187976801915,"HOLDER_PROFIT":-32935174.38,"HOLDER_PROFIT_YOY":32.9034391534,"GROSS_PROFIT_RATIO":20.38264013748,"EPS_TTM":-0.018418542855,"OPERATE_INCOME_QOQ":0,"NET_PROFIT_RATIO":-36.2792915396,"ROE_AVG":-29.28742121217,"GROSS_PROFIT_QOQ":0,"ROA":-5.008093826683,"HOLDER_PROFIT_QOQ":0,"ROE_YEARLY":-58.57484242434,"ROIC_YEARLY":-10.579731451179,"TOTAL_ASSETS":634401148.89,"TOTAL_LIABILITIES":537668840.96,"TAX_EBT":1.740697893406,"OCF_SALES":-7.325989132702,"TOTAL_PARENT_EQUITY":96732307.93,"DEBT_ASSET_RATIO":84.7521858844,"OPERATE_PROFIT":-29950249.48,"PRETAX_PROFIT":-33518632.51,"NETCASH_OPERATE":-6650701.25,"NETCASH_INVEST":29708569.76,"NETCASH_FINANCE":-17614664.07,"END_CASH":38219663.78,"DIVI_RATIO":null,"DIVIDEND_RATE":null,"CURRENT_RATIO":0.700676096355,"COMMON_ACS":8000000000,"CURRENTDEBT_DEBT":95.632681676685,"ISSUED_COMMON_SHARES":5779196660,"HK_COMMON_SHARES":5779196660,"PER_SHARES":20000,"TOTAL_MARKET_CAP":104025539.88,"HKSK_MARKET_CAP":104025539.88,"PE_TTM":-1.045409266484,"PB_TTM":0.969781385515,"REPORT_DATE_SQ":"2023-06-30 00:00:00","REPORT_TYPE_SQ":"2023年中报","OPERATE_INCOME_SQ":161485445.03,"DPS_HKD":null,"OPERATE_INCOME_QOQ_SQ":0,"NET_PROFIT_RATIO_SQ":-30.9306118274,"HOLDER_PROFIT_SQ":-49948436.16,"HOLDER_PROFIT_QOQ_SQ":0,"ROE_AVG_SQ":-23.021290633644,"PE_TTM_SQ":-1.207325609417,"PB_TTM_SQ":1.364311733498,"ROA_SQ":-5.817600400152,"START_DATE":"2024-04-01 00:00:00","FISCAL_YEAR":"3-31","CURRENCY":"HKD","IS_CNY_CODE":0,"DPS_HKD_LY":null,"ORG_TYPE":"一般企业","PREMIUM_INCOME":null,"PREMIUM_INCOME_YOY":null,"NET_INTEREST_INCOME":null,"NET_INTEREST_INCOME_YOY":null,"FEE_COMMISSION_INCOME":null,"FEE_COMMISSION_INCOME_YOY":null,"ACCOUNTS_RECE_TDAYS":2.554532074706,"INVENTORY_TDAYS":0.312172588793,"CURRENT_ASSETS_TDAYS":0.255169599359,"TOTAL_ASSETS_TDAYS":0.138042768041,"PREMIUM_EXPENSE":null,"LOAN_DEPOSIT":null,"LOAN_EQUITY":null,"LOAN_ASSETS":null,"DEPOSIT_EQUITY":null,"DEPOSIT_ASSETS":null,"EQUITY_MULTIPLIER":6.558317096592,"EQUITY_RATIO":5.558317096591},{"SECUCODE":"01172.HK","SECURITY_CODE":"01172","SECURITY_NAME_ABBR":"融太集团","ORG_CODE":"10010524","STD_REPORT_DATE":"2023-12-31 00:00:00","REPORT_DATE":"2024-03-31 00:00:00","DATE_TYPE_CODE":"001","REPORT_TYPE":"2023年年报","PER_NETCASH_OPERATE":0.006293555089,"PER_OI":0.042512124618,"BPS":0.022296229897,"BASIC_EPS":-0.018402965,"DILUTED_EPS":-0.018402965,"OPERATE_INCOME":245685928.6,"OPERATE_INCOME_YOY":-34.9822948554,"GROSS_PROFIT":44902328.05,"GROSS_PROFIT_YOY":-11.699440600063,"HOLDER_PROFIT":-106444381.35,"HOLDER_PROFIT_YOY":66.7229705793,"GROSS_PROFIT_RATIO":18.276312488008,"EPS_TTM":-0.035059028524,"OPERATE_INCOME_QOQ":0,"NET_PROFIT_RATIO":-43.3253878057,"ROE_AVG":-57.633915642839,"GROSS_PROFIT_QOQ":0,"ROA":-13.351936916115,"HOLDER_PROFIT_QOQ":0,"ROE_YEARLY":-57.633915642839,"ROIC_YEARLY":-13.924414657416,"TOTAL_ASSETS":684470633.4,"TOTAL_LIABILITIES":555616336.05,"TAX_EBT":9.171991274348,"OCF_SALES":14.804141514029,"TOTAL_PARENT_EQUITY":128854297.35,"DEBT_ASSET_RATIO":81.1746054451,"OPERATE_PROFIT":-107990955.65,"PRETAX_PROFIT":-117193344.7,"NETCASH_OPERATE":36371692.55,"NETCASH_INVEST":1944549.75,"NETCASH_FINANCE":-38961705.9,"END_CASH":32008467.4,"DIVI_RATIO":null,"DIVIDEND_RATE":null,"CURRENT_RATIO":0.700976995877,"COMMON_ACS":8000000000,"CURRENTDEBT_DEBT":90.665876966704,"ISSUED_COMMON_SHARES":5779196660,"HK_COMMON_SHARES":5779196660,"PER_SHARES":20000,"TOTAL_MARKET_CAP":104025539.88,"HKSK_MARKET_CAP":104025539.88,"PE_TTM":-1.045409266484,"PB_TTM":0.969781385515,"REPORT_DATE_SQ":"2022-12-31 00:00:00","REPORT_TYPE_SQ":"2022年年报","OPERATE_INCOME_SQ":364895399.48,"DPS_HKD":null,"OPERATE_INCOME_QOQ_SQ":0,"NET_PROFIT_RATIO_SQ":-84.6505033251,"HOLDER_PROFIT_SQ":-308885792.27,"HOLDER_PROFIT_QOQ_SQ":0,"ROE_AVG_SQ":-76.884458791781,"PE_TTM_SQ":-1.207325609417,"PB_TTM_SQ":1.364311733498,"ROA_SQ":-27.868974818191,"START_DATE":"2023-04-01 00:00:00","FISCAL_YEAR":"3-31","CURRENCY":"HKD","IS_CNY_CODE":0,"DPS_HKD_LY":null,"ORG_TYPE":"一般企业","PREMIUM_INCOME":null,"PREMIUM_INCOME_YOY":null,"NET_INTEREST_INCOME":null,"NET_INTEREST_INCOME_YOY":null,"FEE_COMMISSION_INCOME":null,"FEE_COMMISSION_INCOME_YOY":null,"ACCOUNTS_RECE_TDAYS":7.251642250318,"INVENTORY_TDAYS":0.63817905988,"CURRENT_ASSETS_TDAYS":0.568787738235,"TOTAL_ASSETS_TDAYS":0.308178128168,"PREMIUM_EXPENSE":null,"LOAN_DEPOSIT":null,"LOAN_EQUITY":null,"LOAN_ASSETS":null,"DEPOSIT_EQUITY":null,"DEPOSIT_ASSETS":null,"EQUITY_MULTIPLIER":5.311973659217,"EQUITY_RATIO":4.311973659216},{"SECUCODE":"01172.HK","SECURITY_CODE":"01172","SECURITY_NAME_ABBR":"融太集团","ORG_CODE":"10010524","STD_REPORT_DATE":"2023-06-30 00:00:00","REPORT_DATE":"2023-09-30 00:00:00","DATE_TYPE_CODE":"002","REPORT_TYPE":"2023年中报","PER_NETCASH_OPERATE":0.003674205854,"PER_OI":0.027942541936,"BPS":0.032957181923,"BASIC_EPS":-0.008625722,"DILUTED_EPS":-0.008625722,"OPERATE_INCOME":161485445.03,"OPERATE_INCOME_YOY":22.4812082405,"GROSS_PROFIT":28116183.2,"GROSS_PROFIT_YOY":52.918696456601,"HOLDER_PROFIT":-49948436.16,"HOLDER_PROFIT_YOY":68.4866870842,"GROSS_PROFIT_RATIO":17.410970502497,"EPS_TTM":-0.053447877005,"OPERATE_INCOME_QOQ":0,"NET_PROFIT_RATIO":-30.9306118274,"ROE_AVG":-23.021290633644,"GROSS_PROFIT_QOQ":0,"ROA":-5.817600400152,"HOLDER_PROFIT_QOQ":0,"ROE_YEARLY":-46.042581267288,"ROIC_YEARLY":-12.148617010117,"TOTAL_ASSETS":796056871.82,"TOTAL_LIABILITIES":605590836.13,"TAX_EBT":3.408869093039,"OCF_SALES":13.149146782891,"TOTAL_PARENT_EQUITY":190466035.69,"DEBT_ASSET_RATIO":76.0738155234,"OPERATE_PROFIT":-47015690.68,"PRETAX_PROFIT":-51711203.39,"NETCASH_OPERATE":21233958.2,"NETCASH_INVEST":2289486.85,"NETCASH_FINANCE":-18711393.33,"END_CASH":38614788.03,"DIVI_RATIO":null,"DIVIDEND_RATE":null,"CURRENT_RATIO":0.741448513539,"COMMON_ACS":8000000000,"CURRENTDEBT_DEBT":91.320870791922,"ISSUED_COMMON_SHARES":5779196660,"HK_COMMON_SHARES":5779196660,"PER_SHARES":20000,"TOTAL_MARKET_CAP":104025539.88,"HKSK_MARKET_CAP":104025539.88,"PE_TTM":-1.045409266484,"PB_TTM":0.969781385515,"REPORT_DATE_SQ":"2022-06-30 00:00:00","REPORT_TYPE_SQ":"2022年中报","OPERATE_INCOME_SQ":129949939.2,"DPS_HKD":null,"OPERATE_INCOME_QOQ_SQ":0,"NET_PROFIT_RATIO_SQ":-120.2164532294,"HOLDER_PROFIT_SQ":-156221207.88,"HOLDER_PROFIT_QOQ_SQ":0,"ROE_AVG_SQ":-31.610260839966,"PE_TTM_SQ":-1.207325609417,"PB_TTM_SQ":1.364311733498,"ROA_SQ":-12.217090714517,"START_DATE":"2023-04-01 00:00:00","FISCAL_YEAR":"3-31","CURRENCY":"HKD","IS_CNY_CODE":0,"DPS_HKD_LY":null,"ORG_TYPE":"一般企业","PREMIUM_INCOME":null,"PREMIUM_INCOME_YOY":null,"NET_INTEREST_INCOME":null,"NET_INTEREST_INCOME_YOY":null,"FEE_COMMISSION_INCOME":null,"FEE_COMMISSION_INCOME_YOY":null,"ACCOUNTS_RECE_TDAYS":3.466308180189,"INVENTORY_TDAYS":0.403090692008,"CURRENT_ASSETS_TDAYS":0.348382026298,"TOTAL_ASSETS_TDAYS":0.188085526165,"PREMIUM_EXPENSE":null,"LOAN_DEPOSIT":null,"LOAN_EQUITY":null,"LOAN_ASSETS":null,"DEPOSIT_EQUITY":null,"DEPOSIT_ASSETS":null,"EQUITY_MULTIPLIER":4.179521398316,"EQUITY_RATIO":3.179521398322},{"SECUCODE":"01172.HK","SECURITY_CODE":"01172","SECURITY_NAME_ABBR":"融太集团","ORG_CODE":"10010524","STD_REPORT_DATE":"2022-12-31 00:00:00","REPORT_DATE":"2023-03-31 00:00:00","DATE_TYPE_CODE":"001","REPORT_TYPE":"2022年年报","PER_NETCASH_OPERATE":-0.005259097687,"PER_OI":0.063139467464,"BPS":0.040189782469,"BASIC_EPS":-0.053487551,"DILUTED_EPS":-0.053487551,"OPERATE_INCOME":364895399.48,"OPERATE_INCOME_YOY":-73.7406203677,"GROSS_PROFIT":50851691.49,"GROSS_PROFIT_YOY":9.048300766407,"HOLDER_PROFIT":-308885792.27,"HOLDER_PROFIT_YOY":-30.6874622675,"GROSS_PROFIT_RATIO":13.935963994741,"EPS_TTM":-0.050990733669,"OPERATE_INCOME_QOQ":0,"NET_PROFIT_RATIO":-84.6505033251,"ROE_AVG":-76.884458791781,"GROSS_PROFIT_QOQ":0,"ROA":-27.868974818191,"HOLDER_PROFIT_QOQ":0,"ROE_YEARLY":-76.884458791781,"ROIC_YEARLY":-28.908840723919,"TOTAL_ASSETS":878712921.93,"TOTAL_LIABILITIES":646448265.32,"TAX_EBT":2.19044266235,"OCF_SALES":-8.329334881534,"TOTAL_PARENT_EQUITY":232264656.61,"DEBT_ASSET_RATIO":73.5676293345,"OPERATE_PROFIT":-313416039.02,"PRETAX_PROFIT":-315803282.09,"NETCASH_OPERATE":-30393359.79,"NETCASH_INVEST":11259523.42,"NETCASH_FINANCE":4859400.91,"END_CASH":32391920.82,"DIVI_RATIO":null,"DIVIDEND_RATE":null,"CURRENT_RATIO":0.832470216944,"COMMON_ACS":8000000000,"CURRENTDEBT_DEBT":91.652673430365,"ISSUED_COMMON_SHARES":5779196660,"HK_COMMON_SHARES":5779196660,"PER_SHARES":20000,"TOTAL_MARKET_CAP":104025539.88,"HKSK_MARKET_CAP":104025539.88,"PE_TTM":-1.045409266484,"PB_TTM":0.969781385515,"REPORT_DATE_SQ":"2021-12-31 00:00:00","REPORT_TYPE_SQ":"2021年年报","OPERATE_INCOME_SQ":1287355912.49,"DPS_HKD":null,"OPERATE_INCOME_QOQ_SQ":0,"NET_PROFIT_RATIO_SQ":-17.0090509396,"HOLDER_PROFIT_SQ":-218967022.93,"HOLDER_PROFIT_QOQ_SQ":0,"ROE_AVG_SQ":-34.812875940456,"PE_TTM_SQ":-1.207325609417,"PB_TTM_SQ":1.364311733498,"ROA_SQ":-11.677678209774,"START_DATE":"2022-04-01 00:00:00","FISCAL_YEAR":"3-31","CURRENCY":"HKD","IS_CNY_CODE":0,"DPS_HKD_LY":null,"ORG_TYPE":"一般企业","PREMIUM_INCOME":null,"PREMIUM_INCOME_YOY":null,"NET_INTEREST_INCOME":null,"NET_INTEREST_INCOME_YOY":null,"FEE_COMMISSION_INCOME":null,"FEE_COMMISSION_INCOME_YOY":null,"ACCOUNTS_RECE_TDAYS":8.776804514445,"INVENTORY_TDAYS":0.60311528051,"CURRENT_ASSETS_TDAYS":0.509115026251,"TOTAL_ASSETS_TDAYS":0.329223970602,"PREMIUM_EXPENSE":null,"LOAN_DEPOSIT":null,"LOAN_EQUITY":null,"LOAN_ASSETS":null,"DEPOSIT_EQUITY":null,"DEPOSIT_ASSETS":null,"EQUITY_MULTIPLIER":3.783239924466,"EQUITY_RATIO":2.783239924469},{"SECUCODE":"01172.HK","SECURITY_CODE":"01172","SECURITY_NAME_ABBR":"融太集团","ORG_CODE":"10010524","STD_REPORT_DATE":"2022-06-30 00:00:00","REPORT_DATE":"2022-09-30 00:00:00","DATE_TYPE_CODE":"002","REPORT_TYPE":"2022年中报","PER_NETCASH_OPERATE":-0.003191332908,"PER_OI":0.02248581366,"BPS":0.068908502117,"BASIC_EPS":-0.027042756,"DILUTED_EPS":-0.027042756,"OPERATE_INCOME":129949939.2,"OPERATE_INCOME_YOY":-24.6047363422,"GROSS_PROFIT":18386360.76,"GROSS_PROFIT_YOY":-26.611451226748,"HOLDER_PROFIT":-156221207.88,"HOLDER_PROFIT_YOY":-78.7416567496,"GROSS_PROFIT_RATIO":14.148802895323,"EPS_TTM":-0.037888834004,"OPERATE_INCOME_QOQ":0,"NET_PROFIT_RATIO":-120.2164532294,"ROE_AVG":-31.610260839966,"GROSS_PROFIT_QOQ":0,"ROA":-12.217090714517,"HOLDER_PROFIT_QOQ":0,"ROE_YEARLY":-63.220521679932,"ROIC_YEARLY":-25.192267022541,"TOTAL_ASSETS":1175063823.48,"TOTAL_LIABILITIES":776828038.2,"TAX_EBT":3.697612051807,"OCF_SALES":-14.192650334076,"TOTAL_PARENT_EQUITY":398235785.28,"DEBT_ASSET_RATIO":66.109433605,"OPERATE_PROFIT":-161347573.8,"PRETAX_PROFIT":-162219453.96,"NETCASH_OPERATE":-18443340.48,"NETCASH_INVEST":5566828.2,"NETCASH_FINANCE":-7749241.92,"END_CASH":28043971.08,"DIVI_RATIO":null,"DIVIDEND_RATE":null,"CURRENT_RATIO":1.066430469442,"COMMON_ACS":8000000000,"CURRENTDEBT_DEBT":94.90432585676,"ISSUED_COMMON_SHARES":5779196660,"HK_COMMON_SHARES":5779196660,"PER_SHARES":20000,"TOTAL_MARKET_CAP":104025539.88,"HKSK_MARKET_CAP":104025539.88,"PE_TTM":-1.045409266484,"PB_TTM":0.969781385515,"REPORT_DATE_SQ":"2021-06-30 00:00:00","REPORT_TYPE_SQ":"2021年中报","OPERATE_INCOME_SQ":158755411.14,"DPS_HKD":null,"OPERATE_INCOME_QOQ_SQ":0,"NET_PROFIT_RATIO_SQ":-50.7086672019,"HOLDER_PROFIT_SQ":-80502753.1,"HOLDER_PROFIT_QOQ_SQ":0,"ROE_AVG_SQ":-11.292374156373,"PE_TTM_SQ":-1.207325609417,"PB_TTM_SQ":1.364311733498,"ROA_SQ":-3.157528779142,"START_DATE":"2022-04-01 00:00:00","FISCAL_YEAR":"3-31","CURRENCY":"HKD","IS_CNY_CODE":0,"DPS_HKD_LY":null,"ORG_TYPE":"一般企业","PREMIUM_INCOME":null,"PREMIUM_INCOME_YOY":null,"NET_INTEREST_INCOME":null,"NET_INTEREST_INCOME_YOY":null,"FEE_COMMISSION_INCOME":null,"FEE_COMMISSION_INCOME_YOY":null,"ACCOUNTS_RECE_TDAYS":2.303542369756,"INVENTORY_TDAYS":0.181275102394,"CURRENT_ASSETS_TDAYS":0.147870349978,"TOTAL_ASSETS_TDAYS":0.101625779054,"PREMIUM_EXPENSE":null,"LOAN_DEPOSIT":null,"LOAN_EQUITY":null,"LOAN_ASSETS":null,"DEPOSIT_EQUITY":null,"DEPOSIT_ASSETS":null,"EQUITY_MULTIPLIER":2.950673613255,"EQUITY_RATIO":1.950673613256},{"SECUCODE":"01172.HK","SECURITY_CODE":"01172","SECURITY_NAME_ABBR":"融太集团","ORG_CODE":"10010524","STD_REPORT_DATE":"2021-12-31 00:00:00","REPORT_DATE":"2022-03-31 00:00:00","DATE_TYPE_CODE":"001","REPORT_TYPE":"2021年年报","PER_NETCASH_OPERATE":-0.002236481492,"PER_OI":0.222756896542,"BPS":0.09157295011,"BASIC_EPS":-0.037874167,"DILUTED_EPS":-0.037874167,"OPERATE_INCOME":1287355912.49,"OPERATE_INCOME_YOY":-25.8442876217,"GROSS_PROFIT":46632263.99,"GROSS_PROFIT_YOY":-53.045896743969,"HOLDER_PROFIT":-218967022.93,"HOLDER_PROFIT_YOY":-9151.0559839088,"GROSS_PROFIT_RATIO":3.622328801039,"EPS_TTM":-0.014749573703,"OPERATE_INCOME_QOQ":0,"NET_PROFIT_RATIO":-17.0090509396,"ROE_AVG":-34.812875940456,"GROSS_PROFIT_QOQ":0,"ROA":-11.677678209774,"HOLDER_PROFIT_QOQ":0,"ROE_YEARLY":-34.812875940456,"ROIC_YEARLY":-12.214708473721,"TOTAL_ASSETS":1239557416.12,"TOTAL_LIABILITIES":710339328.7,"TAX_EBT":49.635688703179,"OCF_SALES":-1.00400101049,"TOTAL_PARENT_EQUITY":529218087.42,"DEBT_ASSET_RATIO":57.3058834921,"OPERATE_PROFIT":-433119079.49,"PRETAX_PROFIT":-434766240.8,"NETCASH_OPERATE":-12925066.37,"NETCASH_INVEST":-24795008.73,"NETCASH_FINANCE":-41388273.33,"END_CASH":43861042.82,"DIVI_RATIO":null,"DIVIDEND_RATE":null,"CURRENT_RATIO":1.296585892315,"COMMON_ACS":8000000000,"CURRENTDEBT_DEBT":94.575336522543,"ISSUED_COMMON_SHARES":5779196660,"HK_COMMON_SHARES":5779196660,"PER_SHARES":20000,"TOTAL_MARKET_CAP":104025539.88,"HKSK_MARKET_CAP":104025539.88,"PE_TTM":-1.045409266484,"PB_TTM":0.969781385515,"REPORT_DATE_SQ":"2020-12-31 00:00:00","REPORT_TYPE_SQ":"2020年年报","OPERATE_INCOME_SQ":1809160191.16,"DPS_HKD":null,"OPERATE_INCOME_QOQ_SQ":0,"NET_PROFIT_RATIO_SQ":0.1393559262,"HOLDER_PROFIT_SQ":2521171.94,"HOLDER_PROFIT_QOQ_SQ":0,"ROE_AVG_SQ":0.342790032774,"PE_TTM_SQ":-1.207325609417,"PB_TTM_SQ":1.364311733498,"ROA_SQ":0.081882602637,"START_DATE":"2021-04-01 00:00:00","FISCAL_YEAR":"3-31","CURRENCY":"HKD","IS_CNY_CODE":0,"DPS_HKD_LY":null,"ORG_TYPE":"一般企业","PREMIUM_INCOME":null,"PREMIUM_INCOME_YOY":null,"NET_INTEREST_INCOME":null,"NET_INTEREST_INCOME_YOY":null,"FEE_COMMISSION_INCOME":null,"FEE_COMMISSION_INCOME_YOY":null,"ACCOUNTS_RECE_TDAYS":30.211912714953,"INVENTORY_TDAYS":1.093235318393,"CURRENT_ASSETS_TDAYS":0.865931268793,"TOTAL_ASSETS_TDAYS":0.686556719197,"PREMIUM_EXPENSE":null,"LOAN_DEPOSIT":null,"LOAN_EQUITY":null,"LOAN_ASSETS":null,"DEPOSIT_EQUITY":null,"DEPOSIT_ASSETS":null,"EQUITY_MULTIPLIER":2.342243104656,"EQUITY_RATIO":1.342243104658},{"SECUCODE":"01172.HK","SECURITY_CODE":"01172","SECURITY_NAME_ABBR":"融太集团","ORG_CODE":"10010524","STD_REPORT_DATE":"2021-06-30 00:00:00","REPORT_DATE":"2021-09-30 00:00:00","DATE_TYPE_CODE":"002","REPORT_TYPE":"2021年中报","PER_NETCASH_OPERATE":0.00129733256,"PER_OI":0.027470152078,"BPS":0.117183869888,"BASIC_EPS":-0.013912102,"DILUTED_EPS":-0.013912102,"OPERATE_INCOME":158755411.14,"OPERATE_INCOME_YOY":-78.6910652287,"GROSS_PROFIT":25053446.44,"GROSS_PROFIT_YOY":-46.379115931894,"HOLDER_PROFIT":-80502753.1,"HOLDER_PROFIT_YOY":-1269.7736351531,"GROSS_PROFIT_RATIO":15.781160629483,"EPS_TTM":0.00043624955,"OPERATE_INCOME_QOQ":0,"NET_PROFIT_RATIO":-50.7086672019,"ROE_AVG":-11.292374156373,"GROSS_PROFIT_QOQ":0,"ROA":-3.157528779142,"HOLDER_PROFIT_QOQ":0,"ROE_YEARLY":-22.584748312746,"ROIC_YEARLY":-6.575453387156,"TOTAL_ASSETS":2520215598.06,"TOTAL_LIABILITIES":1842986968.6,"TAX_EBT":57.587953372424,"OCF_SALES":4.722698864978,"TOTAL_PARENT_EQUITY":677228629.46,"DEBT_ASSET_RATIO":73.1281470529,"OPERATE_PROFIT":-188918014.56,"PRETAX_PROFIT":-189811054.88,"NETCASH_OPERATE":7497540,"NETCASH_INVEST":-37406893.18,"NETCASH_FINANCE":-17701691.94,"END_CASH":77621198.56,"DIVI_RATIO":null,"DIVIDEND_RATE":null,"CURRENT_RATIO":1.265293758623,"COMMON_ACS":8000000000,"CURRENTDEBT_DEBT":90.130542283857,"ISSUED_COMMON_SHARES":5779196660,"HK_COMMON_SHARES":5779196660,"PER_SHARES":20000,"TOTAL_MARKET_CAP":104025539.88,"HKSK_MARKET_CAP":104025539.88,"PE_TTM":-1.045409266484,"PB_TTM":0.969781385515,"REPORT_DATE_SQ":"2020-06-30 00:00:00","REPORT_TYPE_SQ":"2020年中报","OPERATE_INCOME_SQ":785852476.8,"DPS_HKD":null,"OPERATE_INCOME_QOQ_SQ":0,"NET_PROFIT_RATIO_SQ":0.9237237439,"HOLDER_PROFIT_SQ":7259105.92,"HOLDER_PROFIT_QOQ_SQ":0,"ROE_AVG_SQ":0.961226311141,"PE_TTM_SQ":-1.207325609417,"PB_TTM_SQ":1.364311733498,"ROA_SQ":0.207552905766,"START_DATE":"2021-04-01 00:00:00","FISCAL_YEAR":"3-31","CURRENCY":"HKD","IS_CNY_CODE":0,"DPS_HKD_LY":null,"ORG_TYPE":"一般企业","PREMIUM_INCOME":null,"PREMIUM_INCOME_YOY":null,"NET_INTEREST_INCOME":null,"NET_INTEREST_INCOME_YOY":null,"FEE_COMMISSION_INCOME":null,"FEE_COMMISSION_INCOME_YOY":null,"ACCOUNTS_RECE_TDAYS":3.165177385065,"INVENTORY_TDAYS":0.080464714497,"CURRENT_ASSETS_TDAYS":0.074511714435,"TOTAL_ASSETS_TDAYS":0.06226802938,"PREMIUM_EXPENSE":null,"LOAN_DEPOSIT":null,"LOAN_EQUITY":null,"LOAN_ASSETS":null,"DEPOSIT_EQUITY":null,"DEPOSIT_ASSETS":null,"EQUITY_MULTIPLIER":3.721366003188,"EQUITY_RATIO":2.721366003191},{"SECUCODE":"01172.HK","SECURITY_CODE":"01172","SECURITY_NAME_ABBR":"融太集团","ORG_CODE":"10010524","STD_REPORT_DATE":"2020-12-31 00:00:00","REPORT_DATE":"2021-03-31 00:00:00","DATE_TYPE_CODE":"001","REPORT_TYPE":"2020年年报","PER_NETCASH_OPERATE":0.004357523158,"PER_OI":0.313047002481,"BPS":0.13141129242,"BASIC_EPS":0.00042259,"DILUTED_EPS":0.00042259,"OPERATE_INCOME":1809160191.16,"OPERATE_INCOME_YOY":589.6051597273,"GROSS_PROFIT":99314566.26,"GROSS_PROFIT_YOY":99.250145810455,"HOLDER_PROFIT":2521171.94,"HOLDER_PROFIT_YOY":104.0466662145,"GROSS_PROFIT_RATIO":5.489539662948,"EPS_TTM":-0.014946360896,"OPERATE_INCOME_QOQ":0,"NET_PROFIT_RATIO":0.1393559262,"ROE_AVG":0.342790032774,"GROSS_PROFIT_QOQ":0,"ROA":0.081882602637,"HOLDER_PROFIT_QOQ":0,"ROE_YEARLY":0.342790032774,"ROIC_YEARLY":0.086824669325,"TOTAL_ASSETS":2616402596.5,"TOTAL_LIABILITIES":1856950894.26,"TAX_EBT":71.579649390244,"OCF_SALES":1.391970893625,"TOTAL_PARENT_EQUITY":759451702.24,"DEBT_ASSET_RATIO":70.9734387492,"OPERATE_PROFIT":11083690.52,"PRETAX_PROFIT":8871009.28,"NETCASH_OPERATE":25182983.28,"NETCASH_INVEST":7435893.64,"NETCASH_FINANCE":-142539607,"END_CASH":126117759.6,"DIVI_RATIO":null,"DIVIDEND_RATE":null,"CURRENT_RATIO":1.39324047887,"COMMON_ACS":8000000000,"CURRENTDEBT_DEBT":84.681629069499,"ISSUED_COMMON_SHARES":5779196660,"HK_COMMON_SHARES":5779196660,"PER_SHARES":20000,"TOTAL_MARKET_CAP":104025539.88,"HKSK_MARKET_CAP":104025539.88,"PE_TTM":-1.045409266484,"PB_TTM":0.969781385515,"REPORT_DATE_SQ":"2019-12-31 00:00:00","REPORT_TYPE_SQ":"2019年年报","OPERATE_INCOME_SQ":283616134.8,"DPS_HKD":null,"OPERATE_INCOME_QOQ_SQ":0,"NET_PROFIT_RATIO_SQ":-23.7480831433,"HOLDER_PROFIT_SQ":-67353395.5,"HOLDER_PROFIT_QOQ_SQ":0,"ROE_AVG_SQ":-10.039571287221,"PE_TTM_SQ":-1.207325609417,"PB_TTM_SQ":1.364311733498,"ROA_SQ":-2.858866470982,"START_DATE":"2020-04-01 00:00:00","FISCAL_YEAR":"3-31","CURRENCY":"HKD","IS_CNY_CODE":0,"DPS_HKD_LY":null,"ORG_TYPE":"一般企业","PREMIUM_INCOME":null,"PREMIUM_INCOME_YOY":null,"NET_INTEREST_INCOME":null,"NET_INTEREST_INCOME_YOY":null,"FEE_COMMISSION_INCOME":null,"FEE_COMMISSION_INCOME_YOY":null,"ACCOUNTS_RECE_TDAYS":42.029491458865,"INVENTORY_TDAYS":0.811319260288,"CURRENT_ASSETS_TDAYS":0.681994124283,"TOTAL_ASSETS_TDAYS":0.58757890602,"PREMIUM_EXPENSE":null,"LOAN_DEPOSIT":null,"LOAN_EQUITY":null,"LOAN_ASSETS":null,"DEPOSIT_EQUITY":null,"DEPOSIT_ASSETS":null,"EQUITY_MULTIPLIER":3.445120458327,"EQUITY_RATIO":2.445120458329},{"SECUCODE":"01172.HK","SECURITY_CODE":"01172","SECURITY_NAME_ABBR":"融太集团","ORG_CODE":"10010524","STD_REPORT_DATE":"2020-06-30 00:00:00","REPORT_DATE":"2020-09-30 00:00:00","DATE_TYPE_CODE":"002","REPORT_TYPE":"2020年中报","PER_NETCASH_OPERATE":0.000037404008,"PER_OI":0.135979535398,"BPS":0.133345289689,"BASIC_EPS":0.001230208,"DILUTED_EPS":0.001230208,"OPERATE_INCOME":785852476.8,"OPERATE_INCOME_YOY":287.1744918501,"GROSS_PROFIT":46723299.84,"GROSS_PROFIT_YOY":41.180411444694,"HOLDER_PROFIT":7259105.92,"HOLDER_PROFIT_YOY":-71.6496791242,"GROSS_PROFIT_RATIO":5.945556096006,"EPS_TTM":-0.0116544564,"OPERATE_INCOME_QOQ":0,"NET_PROFIT_RATIO":0.9237237439,"ROE_AVG":0.961226311141,"GROSS_PROFIT_QOQ":0,"ROA":0.207552905766,"HOLDER_PROFIT_QOQ":0,"ROE_YEARLY":1.922452622283,"ROIC_YEARLY":0.434624888102,"TOTAL_ASSETS":3312786702.08,"TOTAL_LIABILITIES":2542158049.28,"TAX_EBT":41.535739561217,"OCF_SALES":0.027507086429,"TOTAL_PARENT_EQUITY":770628652.8,"DEBT_ASSET_RATIO":76.7377521675,"OPERATE_PROFIT":13773057.28,"PRETAX_PROFIT":12416313.6,"NETCASH_OPERATE":216165.12,"NETCASH_INVEST":18654346.88,"NETCASH_FINANCE":-174686899.84,"END_CASH":80842240,"DIVI_RATIO":null,"DIVIDEND_RATE":null,"CURRENT_RATIO":1.342703232728,"COMMON_ACS":8000000000,"CURRENTDEBT_DEBT":84.251461446569,"ISSUED_COMMON_SHARES":5779196660,"HK_COMMON_SHARES":5779196660,"PER_SHARES":20000,"TOTAL_MARKET_CAP":104025539.88,"HKSK_MARKET_CAP":104025539.88,"PE_TTM":-1.045409266484,"PB_TTM":0.969781385515,"REPORT_DATE_SQ":"2019-06-30 00:00:00","REPORT_TYPE_SQ":"2019年中报","OPERATE_INCOME_SQ":208350779.85,"DPS_HKD":null,"OPERATE_INCOME_QOQ_SQ":0,"NET_PROFIT_RATIO_SQ":13.3142844773,"HOLDER_PROFIT_SQ":26283669.39,"HOLDER_PROFIT_QOQ_SQ":0,"ROE_AVG_SQ":4.446597169007,"PE_TTM_SQ":-1.207325609417,"PB_TTM_SQ":1.364311733498,"ROA_SQ":1.30107041958,"START_DATE":"2020-04-01 00:00:00","FISCAL_YEAR":"3-31","CURRENCY":"HKD","IS_CNY_CODE":0,"DPS_HKD_LY":null,"ORG_TYPE":"一般企业","PREMIUM_INCOME":null,"PREMIUM_INCOME_YOY":null,"NET_INTEREST_INCOME":null,"NET_INTEREST_INCOME_YOY":null,"FEE_COMMISSION_INCOME":null,"FEE_COMMISSION_INCOME_YOY":null,"ACCOUNTS_RECE_TDAYS":14.410605950741,"INVENTORY_TDAYS":0.30180270446,"CURRENT_ASSETS_TDAYS":0.257064668516,"TOTAL_ASSETS_TDAYS":0.224691534826,"PREMIUM_EXPENSE":null,"LOAN_DEPOSIT":null,"LOAN_EQUITY":null,"LOAN_ASSETS":null,"DEPOSIT_EQUITY":null,"DEPOSIT_ASSETS":null,"EQUITY_MULTIPLIER":4.298810704797,"EQUITY_RATIO":3.298810704797}],"count":48},"success":true,"message":"ok","code":0}