{"version":"ecf83c2122772cc15ea445d61f878d97","result":{"pages":9,"data":[{"SECUCODE":"01177.HK","SECURITY_CODE":"01177","SECURITY_NAME_ABBR":"中国生物制药","ORG_CODE":"10010529","STD_REPORT_DATE":"2024-06-30 00:00:00","REPORT_DATE":"2024-06-30 00:00:00","DATE_TYPE_CODE":"002","REPORT_TYPE":"2024年中报","PER_NETCASH_OPERATE":0.163826002452,"PER_OI":0.844777791971,"BPS":1.747890176458,"BASIC_EPS":0.1639,"DILUTED_EPS":0.1639,"OPERATE_INCOME":15874403000,"OPERATE_INCOME_YOY":11.1367091039,"GROSS_PROFIT":13029623000,"GROSS_PROFIT_YOY":11.517631122382,"HOLDER_PROFIT":3017162000,"HOLDER_PROFIT_YOY":139.6886201286,"GROSS_PROFIT_RATIO":82.079452058764,"EPS_TTM":0.217671742598,"OPERATE_INCOME_QOQ":6.071629325684,"NET_PROFIT_RATIO":29.0195984063,"ROE_AVG":9.529968618017,"GROSS_PROFIT_QOQ":6.344835897369,"ROA":4.630796319137,"HOLDER_PROFIT_QOQ":75.404116488467,"ROE_YEARLY":19.059937236034,"ROIC_YEARLY":12.659196079107,"TOTAL_ASSETS":66703741000,"TOTAL_LIABILITIES":24582059000,"TAX_EBT":16.991983433388,"OCF_SALES":19.392792283275,"TOTAL_PARENT_EQUITY":32844984000,"DEBT_ASSET_RATIO":36.8525942196,"OPERATE_PROFIT":3860811000,"PRETAX_PROFIT":3614016000,"NETCASH_OPERATE":3078490000,"NETCASH_INVEST":-2040917000,"NETCASH_FINANCE":-4099463000,"END_CASH":4469473000,"DIVI_RATIO":0.250684812593,"DIVIDEND_RATE":1.807228915663,"CURRENT_RATIO":1.149107129677,"COMMON_ACS":30000000000,"CURRENTDEBT_DEBT":89.289558698073,"ISSUED_COMMON_SHARES":18791217230,"HK_COMMON_SHARES":18791217230,"PER_SHARES":1000,"TOTAL_MARKET_CAP":62386841203.6,"HKSK_MARKET_CAP":62386841203.6,"PE_TTM":13.821415344138,"PB_TTM":1.733574363431,"REPORT_DATE_SQ":"2023-06-30 00:00:00","REPORT_TYPE_SQ":"2023年中报","OPERATE_INCOME_SQ":14283672000,"DPS_HKD":0.06,"OPERATE_INCOME_QOQ_SQ":0.289429491141,"NET_PROFIT_RATIO_SQ":17.669813852,"HOLDER_PROFIT_SQ":1258784000,"HOLDER_PROFIT_QOQ_SQ":-26.036358346733,"ROE_AVG_SQ":4.214467142524,"PE_TTM_SQ":29.638944972867,"PB_TTM_SQ":1.791855174032,"ROA_SQ":1.94099277661,"START_DATE":"2024-01-01 00:00:00","FISCAL_YEAR":"12-31","CURRENCY":"HKD","IS_CNY_CODE":0,"DPS_HKD_LY":0.06,"ORG_TYPE":"一般企业","PREMIUM_INCOME":null,"PREMIUM_INCOME_YOY":null,"NET_INTEREST_INCOME":null,"NET_INTEREST_INCOME_YOY":null,"FEE_COMMISSION_INCOME":null,"FEE_COMMISSION_INCOME_YOY":null,"ACCOUNTS_RECE_TDAYS":2.707618253598,"INVENTORY_TDAYS":1.485226595496,"CURRENT_ASSETS_TDAYS":0.647571026783,"TOTAL_ASSETS_TDAYS":0.243643287901,"PREMIUM_EXPENSE":null,"LOAN_DEPOSIT":null,"LOAN_EQUITY":null,"LOAN_ASSETS":null,"DEPOSIT_EQUITY":null,"DEPOSIT_ASSETS":null,"EQUITY_MULTIPLIER":1.583596329321,"EQUITY_RATIO":0.748426578622},{"SECUCODE":"01177.HK","SECURITY_CODE":"01177","SECURITY_NAME_ABBR":"中国生物制药","ORG_CODE":"10010529","STD_REPORT_DATE":"2023-12-31 00:00:00","REPORT_DATE":"2023-12-31 00:00:00","DATE_TYPE_CODE":"001","REPORT_TYPE":"2023年年报","PER_NETCASH_OPERATE":0.322624536794,"PER_OI":1.39349536147,"BPS":1.621740019659,"BASIC_EPS":0.1259,"DILUTED_EPS":0.1259,"OPERATE_INCOME":26199409000,"OPERATE_INCOME_YOY":0.6656570672,"GROSS_PROFIT":21209532000,"GROSS_PROFIT_YOY":-1.527568153619,"HOLDER_PROFIT":2331939000,"HOLDER_PROFIT_YOY":-8.3202349454,"GROSS_PROFIT_RATIO":80.954238318887,"EPS_TTM":0.124031277947,"OPERATE_INCOME_QOQ":-9.230628729618,"NET_PROFIT_RATIO":19.4561564347,"ROE_AVG":7.744539226387,"GROSS_PROFIT_QOQ":-6.858472475983,"ROA":3.653098432124,"HOLDER_PROFIT_QOQ":23.952475845379,"ROE_YEARLY":7.744539226387,"ROIC_YEARLY":5.167215935925,"TOTAL_ASSETS":63604819000,"TOTAL_LIABILITIES":25434866000,"TAX_EBT":14.737169185564,"OCF_SALES":23.152178738078,"TOTAL_PARENT_EQUITY":30474469000,"DEBT_ASSET_RATIO":39.9888976966,"OPERATE_PROFIT":6430853000,"PRETAX_PROFIT":5409906000,"NETCASH_OPERATE":6065734000,"NETCASH_INVEST":-756975000,"NETCASH_FINANCE":-6548990000,"END_CASH":7505098000,"DIVI_RATIO":0.439945479101,"DIVIDEND_RATE":1.857585139319,"CURRENT_RATIO":1.053026404695,"COMMON_ACS":30000000000,"CURRENTDEBT_DEBT":88.881046198553,"ISSUED_COMMON_SHARES":18791217230,"HK_COMMON_SHARES":18791217230,"PER_SHARES":1000,"TOTAL_MARKET_CAP":60695631652.9,"HKSK_MARKET_CAP":60695631652.9,"PE_TTM":13.446738422159,"PB_TTM":1.686579877675,"REPORT_DATE_SQ":"2022-12-31 00:00:00","REPORT_TYPE_SQ":"2022年年报","OPERATE_INCOME_SQ":26026164000,"DPS_HKD":0.06,"OPERATE_INCOME_QOQ_SQ":3.895479611382,"NET_PROFIT_RATIO_SQ":17.3820235791,"HOLDER_PROFIT_SQ":2543570000,"HOLDER_PROFIT_QOQ_SQ":-68.3993594819,"ROE_AVG_SQ":8.473178995802,"PE_TTM_SQ":30.11699247243,"PB_TTM_SQ":1.820756063936,"ROA_SQ":4.08252718347,"START_DATE":"2023-01-01 00:00:00","FISCAL_YEAR":"12-31","CURRENCY":"HKD","IS_CNY_CODE":0,"DPS_HKD_LY":0.08,"ORG_TYPE":"一般企业","PREMIUM_INCOME":null,"PREMIUM_INCOME_YOY":null,"NET_INTEREST_INCOME":null,"NET_INTEREST_INCOME_YOY":null,"FEE_COMMISSION_INCOME":null,"FEE_COMMISSION_INCOME_YOY":null,"ACCOUNTS_RECE_TDAYS":5.727528752788,"INVENTORY_TDAYS":2.308890418933,"CURRENT_ASSETS_TDAYS":1.053445088419,"TOTAL_ASSETS_TDAYS":0.410426773344,"PREMIUM_EXPENSE":null,"LOAN_DEPOSIT":null,"LOAN_EQUITY":null,"LOAN_ASSETS":null,"DEPOSIT_EQUITY":null,"DEPOSIT_ASSETS":null,"EQUITY_MULTIPLIER":1.666358326405,"EQUITY_RATIO":0.834628685409},{"SECUCODE":"01177.HK","SECURITY_CODE":"01177","SECURITY_NAME_ABBR":"中国生物制药","ORG_CODE":"10010529","STD_REPORT_DATE":"2023-06-30 00:00:00","REPORT_DATE":"2023-06-30 00:00:00","DATE_TYPE_CODE":"002","REPORT_TYPE":"2023年中报","PER_NETCASH_OPERATE":0.142011119726,"PER_OI":0.759397471215,"BPS":1.595920830085,"BASIC_EPS":0.0678,"DILUTED_EPS":0.0678,"OPERATE_INCOME":14283672000,"OPERATE_INCOME_YOY":0.5482455996,"GROSS_PROFIT":11683913000,"GROSS_PROFIT_YOY":-4.497464022601,"HOLDER_PROFIT":1258784000,"HOLDER_PROFIT_YOY":-34.4737243478,"GROSS_PROFIT_RATIO":78.683660974311,"EPS_TTM":0.100021015069,"OPERATE_INCOME_QOQ":0.289429491141,"NET_PROFIT_RATIO":17.669813852,"ROE_AVG":4.214467142524,"GROSS_PROFIT_QOQ":-0.929336135521,"ROA":1.94099277661,"HOLDER_PROFIT_QOQ":-26.036358346733,"ROE_YEARLY":8.428934285049,"ROIC_YEARLY":5.509158183759,"TOTAL_ASSETS":65640887000,"TOTAL_LIABILITIES":29182082000,"TAX_EBT":16.305569980505,"OCF_SALES":17.484529231683,"TOTAL_PARENT_EQUITY":29989295000,"DEBT_ASSET_RATIO":44.4571719453,"OPERATE_PROFIT":3566985000,"PRETAX_PROFIT":3054122000,"NETCASH_OPERATE":2671118000,"NETCASH_INVEST":-4074699000,"NETCASH_FINANCE":-4042087000,"END_CASH":3293964000,"DIVI_RATIO":0.545555351166,"DIVIDEND_RATE":1.857585139319,"CURRENT_RATIO":1.004163494217,"COMMON_ACS":30000000000,"CURRENTDEBT_DEBT":92.061337501553,"ISSUED_COMMON_SHARES":18791217230,"HK_COMMON_SHARES":18791217230,"PER_SHARES":1000,"TOTAL_MARKET_CAP":60695631652.9,"HKSK_MARKET_CAP":60695631652.9,"PE_TTM":13.446738422159,"PB_TTM":1.686579877675,"REPORT_DATE_SQ":"2022-06-30 00:00:00","REPORT_TYPE_SQ":"2022年中报","OPERATE_INCOME_SQ":15193738000,"DPS_HKD":0.06,"OPERATE_INCOME_QOQ_SQ":3.127008926876,"NET_PROFIT_RATIO_SQ":20.9508746301,"HOLDER_PROFIT_SQ":1921037000,"HOLDER_PROFIT_QOQ_SQ":-44.900862598892,"ROE_AVG_SQ":6.349982301542,"PE_TTM_SQ":30.11699247243,"PB_TTM_SQ":1.820756063936,"ROA_SQ":3.061955255717,"START_DATE":"2023-01-01 00:00:00","FISCAL_YEAR":"12-31","CURRENCY":"HKD","IS_CNY_CODE":0,"DPS_HKD_LY":0.08,"ORG_TYPE":"一般企业","PREMIUM_INCOME":null,"PREMIUM_INCOME_YOY":null,"NET_INTEREST_INCOME":null,"NET_INTEREST_INCOME_YOY":null,"FEE_COMMISSION_INCOME":null,"FEE_COMMISSION_INCOME_YOY":null,"ACCOUNTS_RECE_TDAYS":2.431808458168,"INVENTORY_TDAYS":1.498159105035,"CURRENT_ASSETS_TDAYS":0.577448849484,"TOTAL_ASSETS_TDAYS":0.235565581267,"PREMIUM_EXPENSE":null,"LOAN_DEPOSIT":null,"LOAN_EQUITY":null,"LOAN_ASSETS":null,"DEPOSIT_EQUITY":null,"DEPOSIT_ASSETS":null,"EQUITY_MULTIPLIER":1.800412465522,"EQUITY_RATIO":0.973083295223},{"SECUCODE":"01177.HK","SECURITY_CODE":"01177","SECURITY_NAME_ABBR":"中国生物制药","ORG_CODE":"10010529","STD_REPORT_DATE":"2022-12-31 00:00:00","REPORT_DATE":"2022-12-31 00:00:00","DATE_TYPE_CODE":"001","REPORT_TYPE":"2022年年报","PER_NETCASH_OPERATE":0.333007293153,"PER_OI":1.383350040788,"BPS":1.583028637044,"BASIC_EPS":0.1366,"DILUTED_EPS":0.1215,"OPERATE_INCOME":26026164000,"OPERATE_INCOME_YOY":7.1443005335,"GROSS_PROFIT":21538548000,"GROSS_PROFIT_YOY":0.043136640872,"HOLDER_PROFIT":2543570000,"HOLDER_PROFIT_YOY":-82.5883196613,"GROSS_PROFIT_RATIO":79.86300543578,"EPS_TTM":0.135196553101,"OPERATE_INCOME_QOQ":3.895479611382,"NET_PROFIT_RATIO":17.3820235791,"ROE_AVG":8.473178995802,"GROSS_PROFIT_QOQ":3.70965864329,"ROA":4.08252718347,"HOLDER_PROFIT_QOQ":-68.3993594819,"ROE_YEARLY":8.473178995802,"ROIC_YEARLY":5.892109923291,"TOTAL_ASSETS":64064284000,"TOTAL_LIABILITIES":26120736000,"TAX_EBT":13.360182202084,"OCF_SALES":21.768816235153,"TOTAL_PARENT_EQUITY":29747035000,"DEBT_ASSET_RATIO":40.7726963748,"OPERATE_PROFIT":5797339000,"PRETAX_PROFIT":5214869000,"NETCASH_OPERATE":6265155000,"NETCASH_INVEST":-4070819000,"NETCASH_FINANCE":-3186390000,"END_CASH":8654805000,"DIVI_RATIO":0.403612361028,"DIVIDEND_RATE":1.857585139319,"CURRENT_RATIO":1.287048817268,"COMMON_ACS":30000000000,"CURRENTDEBT_DEBT":77.144369132631,"ISSUED_COMMON_SHARES":18791217230,"HK_COMMON_SHARES":18791217230,"PER_SHARES":1000,"TOTAL_MARKET_CAP":60695631652.9,"HKSK_MARKET_CAP":60695631652.9,"PE_TTM":13.446738422159,"PB_TTM":1.686579877675,"REPORT_DATE_SQ":"2021-12-31 00:00:00","REPORT_TYPE_SQ":"2021年年报","OPERATE_INCOME_SQ":26861356000,"DPS_HKD":0.06,"OPERATE_INCOME_QOQ_SQ":5.948457060501,"NET_PROFIT_RATIO_SQ":61.8538877933,"HOLDER_PROFIT_SQ":14608412000,"HOLDER_PROFIT_QOQ_SQ":45.926315282653,"ROE_AVG_SQ":62.112871653715,"PE_TTM_SQ":30.11699247243,"PB_TTM_SQ":1.820756063936,"ROA_SQ":27.114431953776,"START_DATE":"2022-01-01 00:00:00","FISCAL_YEAR":"12-31","CURRENCY":"HKD","IS_CNY_CODE":0,"DPS_HKD_LY":0.1,"ORG_TYPE":"一般企业","PREMIUM_INCOME":null,"PREMIUM_INCOME_YOY":null,"NET_INTEREST_INCOME":null,"NET_INTEREST_INCOME_YOY":null,"FEE_COMMISSION_INCOME":null,"FEE_COMMISSION_INCOME_YOY":null,"ACCOUNTS_RECE_TDAYS":5.875601968289,"INVENTORY_TDAYS":2.716697311784,"CURRENT_ASSETS_TDAYS":1.164301293802,"TOTAL_ASSETS_TDAYS":0.461936625851,"PREMIUM_EXPENSE":null,"LOAN_DEPOSIT":null,"LOAN_EQUITY":null,"LOAN_ASSETS":null,"DEPOSIT_EQUITY":null,"DEPOSIT_ASSETS":null,"EQUITY_MULTIPLIER":1.688410477587,"EQUITY_RATIO":0.87809544716},{"SECUCODE":"01177.HK","SECURITY_CODE":"01177","SECURITY_NAME_ABBR":"中国生物制药","ORG_CODE":"10010529","STD_REPORT_DATE":"2022-06-30 00:00:00","REPORT_DATE":"2022-06-30 00:00:00","DATE_TYPE_CODE":"002","REPORT_TYPE":"2022年中报","PER_NETCASH_OPERATE":0.209880427049,"PER_OI":0.807524908554,"BPS":1.607887058629,"BASIC_EPS":0.103,"DILUTED_EPS":0.092,"OPERATE_INCOME":15193738000,"OPERATE_INCOME_YOY":5.851817023,"GROSS_PROFIT":12234139000,"GROSS_PROFIT_YOY":5.460715166206,"HOLDER_PROFIT":1921037000,"HOLDER_PROFIT_YOY":-77.3471700427,"GROSS_PROFIT_RATIO":80.520929082758,"EPS_TTM":0.427798347527,"OPERATE_INCOME_QOQ":3.127008926876,"NET_PROFIT_RATIO":20.9508746301,"ROE_AVG":6.349982301542,"GROSS_PROFIT_QOQ":2.942409402719,"ROA":3.061955255717,"HOLDER_PROFIT_QOQ":-44.900862598892,"ROE_YEARLY":12.699964603084,"ROIC_YEARLY":8.428157880487,"TOTAL_ASSETS":64934460000,"TOTAL_LIABILITIES":26189850000,"TAX_EBT":15.218376759037,"OCF_SALES":25.990582436001,"TOTAL_PARENT_EQUITY":30214155000,"DEBT_ASSET_RATIO":40.3327447398,"OPERATE_PROFIT":3420728000,"PRETAX_PROFIT":3754612000,"NETCASH_OPERATE":3948941000,"NETCASH_INVEST":-5989659000,"NETCASH_FINANCE":-1460527000,"END_CASH":6065442000,"DIVI_RATIO":0.127553087373,"DIVIDEND_RATE":1.857585139319,"CURRENT_RATIO":1.549153125076,"COMMON_ACS":30000000000,"CURRENTDEBT_DEBT":62.106147992448,"ISSUED_COMMON_SHARES":18791217230,"HK_COMMON_SHARES":18791217230,"PER_SHARES":1000,"TOTAL_MARKET_CAP":60695631652.9,"HKSK_MARKET_CAP":60695631652.9,"PE_TTM":13.446738422159,"PB_TTM":1.686579877675,"REPORT_DATE_SQ":"2021-06-30 00:00:00","REPORT_TYPE_SQ":"2021年中报","OPERATE_INCOME_SQ":14353781000,"DPS_HKD":0.06,"OPERATE_INCOME_QOQ_SQ":2.776363572314,"NET_PROFIT_RATIO_SQ":67.1711794962,"HOLDER_PROFIT_SQ":8480340000,"HOLDER_PROFIT_QOQ_SQ":162.834012944245,"ROE_AVG_SQ":41.044379803751,"PE_TTM_SQ":30.11699247243,"PB_TTM_SQ":1.820756063936,"ROA_SQ":16.400255868545,"START_DATE":"2022-01-01 00:00:00","FISCAL_YEAR":"12-31","CURRENCY":"HKD","IS_CNY_CODE":0,"DPS_HKD_LY":0.1,"ORG_TYPE":"一般企业","PREMIUM_INCOME":null,"PREMIUM_INCOME_YOY":null,"NET_INTEREST_INCOME":null,"NET_INTEREST_INCOME_YOY":null,"FEE_COMMISSION_INCOME":null,"FEE_COMMISSION_INCOME_YOY":null,"ACCOUNTS_RECE_TDAYS":3.314332345968,"INVENTORY_TDAYS":1.452609197882,"CURRENT_ASSETS_TDAYS":0.623960782358,"TOTAL_ASSETS_TDAYS":0.242174127428,"PREMIUM_EXPENSE":null,"LOAN_DEPOSIT":null,"LOAN_EQUITY":null,"LOAN_ASSETS":null,"DEPOSIT_EQUITY":null,"DEPOSIT_ASSETS":null,"EQUITY_MULTIPLIER":1.675961120784,"EQUITY_RATIO":0.866807296117},{"SECUCODE":"01177.HK","SECURITY_CODE":"01177","SECURITY_NAME_ABBR":"中国生物制药","ORG_CODE":"10010529","STD_REPORT_DATE":"2021-12-31 00:00:00","REPORT_DATE":"2021-12-31 00:00:00","DATE_TYPE_CODE":"001","REPORT_TYPE":"2021年年报","PER_NETCASH_OPERATE":0.284841272826,"PER_OI":1.425792704029,"BPS":1.61198264217,"BASIC_EPS":0.7783,"DILUTED_EPS":0.7326,"OPERATE_INCOME":26861356000,"OPERATE_INCOME_YOY":13.5920055563,"GROSS_PROFIT":21529261000,"GROSS_PROFIT_YOY":16.595575043336,"HOLDER_PROFIT":14608412000,"HOLDER_PROFIT_YOY":427.172812392,"GROSS_PROFIT_RATIO":80.149568770839,"EPS_TTM":0.775410118799,"OPERATE_INCOME_QOQ":5.948457060501,"NET_PROFIT_RATIO":61.8538877933,"ROE_AVG":62.112871653715,"GROSS_PROFIT_QOQ":6.52864375475,"ROA":27.114431953776,"HOLDER_PROFIT_QOQ":45.926315282653,"ROE_YEARLY":62.112871653715,"ROIC_YEARLY":40.124416240954,"TOTAL_ASSETS":60543337000,"TOTAL_LIABILITIES":22814314000,"TAX_EBT":10.541724392606,"OCF_SALES":19.977747958815,"TOTAL_PARENT_EQUITY":30291116000,"DEBT_ASSET_RATIO":37.6826173291,"OPERATE_PROFIT":5250500000,"PRETAX_PROFIT":18572673000,"NETCASH_OPERATE":5366294000,"NETCASH_INVEST":-2515977000,"NETCASH_FINANCE":-3225263000,"END_CASH":9599537000,"DIVI_RATIO":0.070371792523,"DIVIDEND_RATE":1.857585139319,"CURRENT_RATIO":1.531648673749,"COMMON_ACS":30000000000,"CURRENTDEBT_DEBT":67.260488305719,"ISSUED_COMMON_SHARES":18791217230,"HK_COMMON_SHARES":18791217230,"PER_SHARES":1000,"TOTAL_MARKET_CAP":60695631652.9,"HKSK_MARKET_CAP":60695631652.9,"PE_TTM":13.446738422159,"PB_TTM":1.686579877675,"REPORT_DATE_SQ":"2020-12-31 00:00:00","REPORT_TYPE_SQ":"2020年年报","OPERATE_INCOME_SQ":23647224000,"DPS_HKD":0.06,"OPERATE_INCOME_QOQ_SQ":2.639748486168,"NET_PROFIT_RATIO_SQ":18.3559262601,"HOLDER_PROFIT_SQ":2771086000,"HOLDER_PROFIT_QOQ_SQ":20.389143330318,"ROE_AVG_SQ":17.485175369257,"PE_TTM_SQ":30.11699247243,"PB_TTM_SQ":1.820756063936,"ROA_SQ":5.252761194282,"START_DATE":"2021-01-01 00:00:00","FISCAL_YEAR":"12-31","CURRENCY":"HKD","IS_CNY_CODE":0,"DPS_HKD_LY":0.06,"ORG_TYPE":"一般企业","PREMIUM_INCOME":null,"PREMIUM_INCOME_YOY":null,"NET_INTEREST_INCOME":null,"NET_INTEREST_INCOME_YOY":null,"FEE_COMMISSION_INCOME":null,"FEE_COMMISSION_INCOME_YOY":null,"ACCOUNTS_RECE_TDAYS":7.52973225108,"INVENTORY_TDAYS":2.793287324192,"CURRENT_ASSETS_TDAYS":1.160383391881,"TOTAL_ASSETS_TDAYS":0.498569187019,"PREMIUM_EXPENSE":null,"LOAN_DEPOSIT":null,"LOAN_EQUITY":null,"LOAN_ASSETS":null,"DEPOSIT_EQUITY":null,"DEPOSIT_ASSETS":null,"EQUITY_MULTIPLIER":1.604688703441,"EQUITY_RATIO":0.75316848676},{"SECUCODE":"01177.HK","SECURITY_CODE":"01177","SECURITY_NAME_ABBR":"中国生物制药","ORG_CODE":"10010529","STD_REPORT_DATE":"2021-06-30 00:00:00","REPORT_DATE":"2021-06-30 00:00:00","DATE_TYPE_CODE":"002","REPORT_TYPE":"2021年中报","PER_NETCASH_OPERATE":0.123826529987,"PER_OI":0.761009547808,"BPS":1.307824964142,"BASIC_EPS":0.4515,"DILUTED_EPS":0.4338,"OPERATE_INCOME":14353781000,"OPERATE_INCOME_YOY":13.4885859371,"GROSS_PROFIT":11600660000,"GROSS_PROFIT_YOY":17.704714140433,"HOLDER_PROFIT":8480340000,"HOLDER_PROFIT_YOY":583.5610166595,"GROSS_PROFIT_RATIO":80.819541554939,"EPS_TTM":0.530753885358,"OPERATE_INCOME_QOQ":2.776363572314,"NET_PROFIT_RATIO":67.1711794962,"ROE_AVG":41.044379803751,"GROSS_PROFIT_QOQ":4.51278668402,"ROA":16.400255868545,"HOLDER_PROFIT_QOQ":162.834012944245,"ROE_YEARLY":82.088759607503,"ROIC_YEARLY":47.162841953392,"TOTAL_ASSETS":56206729000,"TOTAL_LIABILITIES":25097657000,"TAX_EBT":12.177521276785,"OCF_SALES":16.271350384961,"TOTAL_PARENT_EQUITY":24575623000,"DEBT_ASSET_RATIO":44.6524062982,"OPERATE_PROFIT":3540758000,"PRETAX_PROFIT":10978515000,"NETCASH_OPERATE":2335554000,"NETCASH_INVEST":-4055967000,"NETCASH_FINANCE":-761689000,"END_CASH":8028326000,"DIVI_RATIO":0.102810363721,"DIVIDEND_RATE":1.857585139319,"CURRENT_RATIO":2.073338956659,"COMMON_ACS":30000000000,"CURRENTDEBT_DEBT":45.763204111045,"ISSUED_COMMON_SHARES":18791217230,"HK_COMMON_SHARES":18791217230,"PER_SHARES":1000,"TOTAL_MARKET_CAP":60695631652.9,"HKSK_MARKET_CAP":60695631652.9,"PE_TTM":13.446738422159,"PB_TTM":1.686579877675,"REPORT_DATE_SQ":"2020-06-30 00:00:00","REPORT_TYPE_SQ":"2020年中报","OPERATE_INCOME_SQ":12647775000,"DPS_HKD":0.06,"OPERATE_INCOME_QOQ_SQ":0.439708616128,"NET_PROFIT_RATIO_SQ":15.9421479272,"HOLDER_PROFIT_SQ":1240612000,"HOLDER_PROFIT_QOQ_SQ":-8.723419710019,"ROE_AVG_SQ":5.221672239029,"PE_TTM_SQ":30.11699247243,"PB_TTM_SQ":1.820756063936,"ROA_SQ":1.91567639056,"START_DATE":"2021-01-01 00:00:00","FISCAL_YEAR":"12-31","CURRENCY":"HKD","IS_CNY_CODE":0,"DPS_HKD_LY":0.06,"ORG_TYPE":"一般企业","PREMIUM_INCOME":null,"PREMIUM_INCOME_YOY":null,"NET_INTEREST_INCOME":null,"NET_INTEREST_INCOME_YOY":null,"FEE_COMMISSION_INCOME":null,"FEE_COMMISSION_INCOME_YOY":null,"ACCOUNTS_RECE_TDAYS":3.600413925993,"INVENTORY_TDAYS":1.524579229365,"CURRENT_ASSETS_TDAYS":0.615942693026,"TOTAL_ASSETS_TDAYS":0.277589909227,"PREMIUM_EXPENSE":null,"LOAN_DEPOSIT":null,"LOAN_EQUITY":null,"LOAN_ASSETS":null,"DEPOSIT_EQUITY":null,"DEPOSIT_ASSETS":null,"EQUITY_MULTIPLIER":1.806763281142,"EQUITY_RATIO":1.021241943694},{"SECUCODE":"01177.HK","SECURITY_CODE":"01177","SECURITY_NAME_ABBR":"中国生物制药","ORG_CODE":"10010529","STD_REPORT_DATE":"2021-03-31 00:00:00","REPORT_DATE":"2021-03-31 00:00:00","DATE_TYPE_CODE":"003","REPORT_TYPE":"2021年一季报","PER_NETCASH_OPERATE":null,"PER_OI":0.384009505908,"BPS":0.993316227019,"BASIC_EPS":0.1019,"DILUTED_EPS":0.0928,"OPERATE_INCOME":7242995000,"OPERATE_INCOME_YOY":16.4118291087,"GROSS_PROFIT":5827283000,"GROSS_PROFIT_YOY":17.604096871847,"HOLDER_PROFIT":1913498000,"HOLDER_PROFIT_YOY":118.4889704917,"GROSS_PROFIT_RATIO":80.454052501762,"EPS_TTM":0.201935008111,"OPERATE_INCOME_QOQ":4.318151678184,"NET_PROFIT_RATIO":33.0583411973,"ROE_AVG":10.806821412868,"GROSS_PROFIT_QOQ":4.724005063877,"ROA":3.971427814471,"HOLDER_PROFIT_QOQ":37.447809270445,"ROE_YEARLY":43.227285651471,"ROIC_YEARLY":23.437750857918,"TOTAL_ASSETS":49152789000,"TOTAL_LIABILITIES":24300894000,"TAX_EBT":15.729765266676,"OCF_SALES":null,"TOTAL_PARENT_EQUITY":18665621000,"DEBT_ASSET_RATIO":49.4395017951,"OPERATE_PROFIT":null,"PRETAX_PROFIT":2841352000,"NETCASH_OPERATE":null,"NETCASH_INVEST":null,"NETCASH_FINANCE":null,"END_CASH":null,"DIVI_RATIO":0.270220604691,"DIVIDEND_RATE":1.857585139319,"CURRENT_RATIO":2.10365322574,"COMMON_ACS":30000000000,"CURRENTDEBT_DEBT":42.625847427671,"ISSUED_COMMON_SHARES":18791217230,"HK_COMMON_SHARES":18791217230,"PER_SHARES":1000,"TOTAL_MARKET_CAP":60695631652.9,"HKSK_MARKET_CAP":60695631652.9,"PE_TTM":13.446738422159,"PB_TTM":1.686579877675,"REPORT_DATE_SQ":"2020-03-31 00:00:00","REPORT_TYPE_SQ":"2020年一季报","OPERATE_INCOME_SQ":6221872000,"DPS_HKD":0.06,"OPERATE_INCOME_QOQ_SQ":0.057134533546,"NET_PROFIT_RATIO_SQ":16.9187183536,"HOLDER_PROFIT_SQ":875787000,"HOLDER_PROFIT_QOQ_SQ":0.196505533853,"ROE_AVG_SQ":3.695273639385,"PE_TTM_SQ":30.11699247243,"PB_TTM_SQ":1.820756063936,"ROA_SQ":1.379903868986,"START_DATE":"2021-01-01 00:00:00","FISCAL_YEAR":"12-31","CURRENCY":"HKD","IS_CNY_CODE":0,"DPS_HKD_LY":0.06,"ORG_TYPE":"一般企业","PREMIUM_INCOME":null,"PREMIUM_INCOME_YOY":null,"NET_INTEREST_INCOME":null,"NET_INTEREST_INCOME_YOY":null,"FEE_COMMISSION_INCOME":null,"FEE_COMMISSION_INCOME_YOY":null,"ACCOUNTS_RECE_TDAYS":2.349692411653,"INVENTORY_TDAYS":0.766678860568,"CURRENT_ASSETS_TDAYS":0.324908603972,"TOTAL_ASSETS_TDAYS":0.150326949927,"PREMIUM_EXPENSE":null,"LOAN_DEPOSIT":null,"LOAN_EQUITY":null,"LOAN_ASSETS":null,"DEPOSIT_EQUITY":null,"DEPOSIT_ASSETS":null,"EQUITY_MULTIPLIER":1.977828612265,"EQUITY_RATIO":1.301906537157},{"SECUCODE":"01177.HK","SECURITY_CODE":"01177","SECURITY_NAME_ABBR":"中国生物制药","ORG_CODE":"10010529","STD_REPORT_DATE":"2020-12-31 00:00:00","REPORT_DATE":"2020-12-31 00:00:00","DATE_TYPE_CODE":"001","REPORT_TYPE":"2020年年报","PER_NETCASH_OPERATE":0.282338955937,"PER_OI":1.253729818168,"BPS":0.891222734271,"BASIC_EPS":0.1474,"DILUTED_EPS":0.1474,"OPERATE_INCOME":23647224000,"OPERATE_INCOME_YOY":-2.4214131946,"GROSS_PROFIT":18464904000,"GROSS_PROFIT_YOY":-4.365384242876,"HOLDER_PROFIT":2771086000,"HOLDER_PROFIT_YOY":0.345604014,"GROSS_PROFIT_RATIO":78.084869496733,"EPS_TTM":0.146917589435,"OPERATE_INCOME_QOQ":2.639748486168,"NET_PROFIT_RATIO":18.3559262601,"ROE_AVG":17.485175369257,"GROSS_PROFIT_QOQ":3.680878423333,"ROA":5.252761194282,"HOLDER_PROFIT_QOQ":20.389143330318,"ROE_YEARLY":17.485175369257,"ROIC_YEARLY":8.211344498963,"TOTAL_ASSETS":47210438000,"TOTAL_LIABILITIES":24790880000,"TAX_EBT":13.412549341279,"OCF_SALES":22.519920308616,"TOTAL_PARENT_EQUITY":16747160000,"DEBT_ASSET_RATIO":52.5114382544,"OPERATE_PROFIT":5339645000,"PRETAX_PROFIT":5013044000,"NETCASH_OPERATE":5325336000,"NETCASH_INVEST":-7845555000,"NETCASH_FINANCE":2233188000,"END_CASH":10624194000,"DIVI_RATIO":0.371412301344,"DIVIDEND_RATE":1.857585139319,"CURRENT_RATIO":2.08289137545,"COMMON_ACS":30000000000,"CURRENTDEBT_DEBT":44.143406768941,"ISSUED_COMMON_SHARES":18791217230,"HK_COMMON_SHARES":18791217230,"PER_SHARES":1000,"TOTAL_MARKET_CAP":60695631652.9,"HKSK_MARKET_CAP":60695631652.9,"PE_TTM":13.446738422159,"PB_TTM":1.686579877675,"REPORT_DATE_SQ":"2019-12-31 00:00:00","REPORT_TYPE_SQ":"2019年年报","OPERATE_INCOME_SQ":24234030000,"DPS_HKD":0.06,"OPERATE_INCOME_QOQ_SQ":-1.001507770416,"NET_PROFIT_RATIO_SQ":19.371000201,"HOLDER_PROFIT_SQ":2761542000,"HOLDER_PROFIT_QOQ_SQ":-70.256991677258,"ROE_AVG_SQ":8.97411227439,"PE_TTM_SQ":30.11699247243,"PB_TTM_SQ":1.820756063936,"ROA_SQ":5.008896278802,"START_DATE":"2020-01-01 00:00:00","FISCAL_YEAR":"12-31","CURRENCY":"HKD","IS_CNY_CODE":0,"DPS_HKD_LY":0.08,"ORG_TYPE":"一般企业","PREMIUM_INCOME":null,"PREMIUM_INCOME_YOY":null,"NET_INTEREST_INCOME":null,"NET_INTEREST_INCOME_YOY":null,"FEE_COMMISSION_INCOME":null,"FEE_COMMISSION_INCOME_YOY":null,"ACCOUNTS_RECE_TDAYS":8.405980072822,"INVENTORY_TDAYS":2.928983046632,"CURRENT_ASSETS_TDAYS":0.991346187747,"TOTAL_ASSETS_TDAYS":0.4482474401,"PREMIUM_EXPENSE":null,"LOAN_DEPOSIT":null,"LOAN_EQUITY":null,"LOAN_ASSETS":null,"DEPOSIT_EQUITY":null,"DEPOSIT_ASSETS":null,"EQUITY_MULTIPLIER":2.105770238646,"EQUITY_RATIO":1.48030352609}],"count":76},"success":true,"message":"ok","code":0}