{"version":"b374c1608ee1d73ab3c212108447cd30","result":{"pages":5,"data":[{"SECUCODE":"01173.HK","SECURITY_CODE":"01173","SECURITY_NAME_ABBR":"威高国际","ORG_CODE":"10010525","STD_REPORT_DATE":"2024-06-30 00:00:00","REPORT_DATE":"2024-09-30 00:00:00","DATE_TYPE_CODE":"002","REPORT_TYPE":"2024年中报","PER_NETCASH_OPERATE":-0.007272692545,"PER_OI":0.085559340212,"BPS":0.056796623726,"BASIC_EPS":-0.0174406186,"DILUTED_EPS":-0.0174406186,"OPERATE_INCOME":215438532.79,"OPERATE_INCOME_YOY":-15.0691992933,"GROSS_PROFIT":95626713.39,"GROSS_PROFIT_YOY":-22.094900668235,"HOLDER_PROFIT":-43915369.42,"HOLDER_PROFIT_YOY":-5536.3425925926,"GROSS_PROFIT_RATIO":44.387005496,"EPS_TTM":-0.014416585551,"OPERATE_INCOME_QOQ":0,"NET_PROFIT_RATIO":-20.384175872,"ROE_AVG":-26.911663120665,"GROSS_PROFIT_QOQ":0,"ROA":-5.530576714067,"HOLDER_PROFIT_QOQ":0,"ROE_YEARLY":-53.823326241331,"ROIC_YEARLY":-11.192086616978,"TOTAL_ASSETS":805700668.34,"TOTAL_LIABILITIES":662686694.03,"TAX_EBT":-1.295891835673,"OCF_SALES":-8.500173712123,"TOTAL_PARENT_EQUITY":143013974.31,"DEBT_ASSET_RATIO":82.2497386524,"OPERATE_PROFIT":-24833493.02,"PRETAX_PROFIT":-43353554.25,"NETCASH_OPERATE":-18312649.53,"NETCASH_INVEST":-14194174.6,"NETCASH_FINANCE":35650464.07,"END_CASH":10880096.35,"DIVI_RATIO":null,"DIVIDEND_RATE":null,"CURRENT_RATIO":0.62708063599,"COMMON_ACS":10000000000,"CURRENTDEBT_DEBT":42.35694835866,"ISSUED_COMMON_SHARES":2518001334,"HK_COMMON_SHARES":2518001334,"PER_SHARES":20000,"TOTAL_MARKET_CAP":80576042.688,"HKSK_MARKET_CAP":80576042.688,"PE_TTM":-0.916918450653,"PB_TTM":0.508080905283,"REPORT_DATE_SQ":"2023-06-30 00:00:00","REPORT_TYPE_SQ":"2023年中报","OPERATE_INCOME_SQ":258119225.07,"DPS_HKD":null,"OPERATE_INCOME_QOQ_SQ":0,"NET_PROFIT_RATIO_SQ":-0.3071574075,"HOLDER_PROFIT_SQ":-792832.32,"HOLDER_PROFIT_QOQ_SQ":0,"ROE_AVG_SQ":-0.454861330469,"PE_TTM_SQ":25.270606078773,"PB_TTM_SQ":0.742707115201,"ROA_SQ":-0.107543009424,"START_DATE":"2024-04-01 00:00:00","FISCAL_YEAR":"3-31","CURRENCY":"HKD","IS_CNY_CODE":0,"DPS_HKD_LY":null,"ORG_TYPE":"一般企业","PREMIUM_INCOME":null,"PREMIUM_INCOME_YOY":null,"NET_INTEREST_INCOME":null,"NET_INTEREST_INCOME_YOY":null,"FEE_COMMISSION_INCOME":null,"FEE_COMMISSION_INCOME_YOY":null,"ACCOUNTS_RECE_TDAYS":69.915422885572,"INVENTORY_TDAYS":1.12963702992,"CURRENT_ASSETS_TDAYS":1.362757904704,"TOTAL_ASSETS_TDAYS":0.271317160369,"PREMIUM_EXPENSE":null,"LOAN_DEPOSIT":null,"LOAN_EQUITY":null,"LOAN_ASSETS":null,"DEPOSIT_EQUITY":null,"DEPOSIT_ASSETS":null,"EQUITY_MULTIPLIER":5.633719867089,"EQUITY_RATIO":4.633719867078},{"SECUCODE":"01173.HK","SECURITY_CODE":"01173","SECURITY_NAME_ABBR":"威高国际","ORG_CODE":"10010525","STD_REPORT_DATE":"2023-12-31 00:00:00","REPORT_DATE":"2024-03-31 00:00:00","DATE_TYPE_CODE":"001","REPORT_TYPE":"2023年年报","PER_NETCASH_OPERATE":0.029527304333,"PER_OI":0.211231798537,"BPS":0.073201173511,"BASIC_EPS":-0.014414145,"DILUTED_EPS":-0.014414145,"OPERATE_INCOME":531881950.5,"OPERATE_INCOME_YOY":24.1385876752,"GROSS_PROFIT":235087452.55,"GROSS_PROFIT_YOY":16.879367685313,"HOLDER_PROFIT":-36300981.65,"HOLDER_PROFIT_YOY":-896.5585836483,"GROSS_PROFIT_RATIO":44.199178469772,"EPS_TTM":0.001834398421,"OPERATE_INCOME_QOQ":0,"NET_PROFIT_RATIO":-6.8250072438,"ROE_AVG":-19.846306727364,"GROSS_PROFIT_QOQ":0,"ROA":-4.882732955003,"HOLDER_PROFIT_QOQ":0,"ROE_YEARLY":-19.846306727364,"ROIC_YEARLY":-5.02562197453,"TOTAL_ASSETS":786522780,"TOTAL_LIABILITIES":602202127.45,"TAX_EBT":-4.248782900732,"OCF_SALES":13.978626578719,"TOTAL_PARENT_EQUITY":184320652.55,"DEBT_ASSET_RATIO":76.5651221761,"OPERATE_PROFIT":-3269019.3,"PRETAX_PROFIT":-34821492.05,"NETCASH_OPERATE":74349791.7,"NETCASH_INVEST":-7260558.95,"NETCASH_FINANCE":-95320106.3,"END_CASH":5761125.25,"DIVI_RATIO":null,"DIVIDEND_RATE":null,"CURRENT_RATIO":0.286141134756,"COMMON_ACS":10000000000,"CURRENTDEBT_DEBT":81.770310366578,"ISSUED_COMMON_SHARES":2518001334,"HK_COMMON_SHARES":2518001334,"PER_SHARES":20000,"TOTAL_MARKET_CAP":75540040.02,"HKSK_MARKET_CAP":75540040.02,"PE_TTM":-0.859611047487,"PB_TTM":0.476325848703,"REPORT_DATE_SQ":"2022-12-31 00:00:00","REPORT_TYPE_SQ":"2022年年报","OPERATE_INCOME_SQ":413740651.25,"DPS_HKD":null,"OPERATE_INCOME_QOQ_SQ":0,"NET_PROFIT_RATIO_SQ":1.0636339593,"HOLDER_PROFIT_SQ":4400686.07,"HOLDER_PROFIT_QOQ_SQ":0,"ROE_AVG_SQ":2.5158837999,"PE_TTM_SQ":32.558203045554,"PB_TTM_SQ":0.910867216756,"ROA_SQ":0.656250040795,"START_DATE":"2023-04-01 00:00:00","FISCAL_YEAR":"3-31","CURRENCY":"HKD","IS_CNY_CODE":0,"DPS_HKD_LY":0.005,"ORG_TYPE":"一般企业","PREMIUM_INCOME":null,"PREMIUM_INCOME_YOY":null,"NET_INTEREST_INCOME":null,"NET_INTEREST_INCOME_YOY":null,"FEE_COMMISSION_INCOME":null,"FEE_COMMISSION_INCOME_YOY":null,"ACCOUNTS_RECE_TDAYS":111.457066869301,"INVENTORY_TDAYS":3.279202307739,"CURRENT_ASSETS_TDAYS":3.542464165389,"TOTAL_ASSETS_TDAYS":0.71541798867,"PREMIUM_EXPENSE":null,"LOAN_DEPOSIT":null,"LOAN_EQUITY":null,"LOAN_ASSETS":null,"DEPOSIT_EQUITY":null,"DEPOSIT_ASSETS":null,"EQUITY_MULTIPLIER":4.26714407267,"EQUITY_RATIO":3.267144072673},{"SECUCODE":"01173.HK","SECURITY_CODE":"01173","SECURITY_NAME_ABBR":"威高国际","ORG_CODE":"10010525","STD_REPORT_DATE":"2023-06-30 00:00:00","REPORT_DATE":"2023-09-30 00:00:00","DATE_TYPE_CODE":"002","REPORT_TYPE":"2023年中报","PER_NETCASH_OPERATE":0.011945947365,"PER_OI":0.10250956645,"BPS":0.065482596039,"BASIC_EPS":-0.0003119942,"DILUTED_EPS":-0.0003119942,"OPERATE_INCOME":258119225.07,"OPERATE_INCOME_YOY":29.1110131916,"GROSS_PROFIT":122747694.58,"GROSS_PROFIT_YOY":29.999416791011,"HOLDER_PROFIT":-792832.32,"HOLDER_PROFIT_YOY":22.7191413238,"GROSS_PROFIT_RATIO":47.554650199617,"EPS_TTM":0.001747690127,"OPERATE_INCOME_QOQ":0,"NET_PROFIT_RATIO":-0.3071574075,"ROE_AVG":-0.454861330469,"GROSS_PROFIT_QOQ":0,"ROA":-0.107543009424,"HOLDER_PROFIT_QOQ":0,"ROE_YEARLY":-0.909722660939,"ROIC_YEARLY":-0.222442061116,"TOTAL_ASSETS":765497039.93,"TOTAL_LIABILITIES":600611775.75,"TAX_EBT":-829.032258064516,"OCF_SALES":11.653495159782,"TOTAL_PARENT_EQUITY":164885264.18,"DEBT_ASSET_RATIO":78.460365543,"OPERATE_PROFIT":14350815.57,"PRETAX_PROFIT":-85339.59,"NETCASH_OPERATE":30079911.4,"NETCASH_INVEST":-3749436.18,"NETCASH_FINANCE":-47580033.13,"END_CASH":13800237.57,"DIVI_RATIO":null,"DIVIDEND_RATE":null,"CURRENT_RATIO":0.309086513061,"COMMON_ACS":10000000000,"CURRENTDEBT_DEBT":85.306901951797,"ISSUED_COMMON_SHARES":2518001334,"HK_COMMON_SHARES":2518001334,"PER_SHARES":20000,"TOTAL_MARKET_CAP":75540040.02,"HKSK_MARKET_CAP":75540040.02,"PE_TTM":-0.859611047487,"PB_TTM":0.476325848703,"REPORT_DATE_SQ":"2022-06-30 00:00:00","REPORT_TYPE_SQ":"2022年中报","OPERATE_INCOME_SQ":197046725.04,"DPS_HKD":null,"OPERATE_INCOME_QOQ_SQ":0,"NET_PROFIT_RATIO_SQ":-0.513159465,"HOLDER_PROFIT_SQ":-1011163.92,"HOLDER_PROFIT_QOQ_SQ":0,"ROE_AVG_SQ":-0.571981111321,"PE_TTM_SQ":32.558203045554,"PB_TTM_SQ":0.910867216756,"ROA_SQ":-0.149125024259,"START_DATE":"2023-04-01 00:00:00","FISCAL_YEAR":"3-31","CURRENCY":"HKD","IS_CNY_CODE":0,"DPS_HKD_LY":0.005,"ORG_TYPE":"一般企业","PREMIUM_INCOME":null,"PREMIUM_INCOME_YOY":null,"NET_INTEREST_INCOME":null,"NET_INTEREST_INCOME_YOY":null,"FEE_COMMISSION_INCOME":null,"FEE_COMMISSION_INCOME_YOY":null,"ACCOUNTS_RECE_TDAYS":54.031694199001,"INVENTORY_TDAYS":1.401157793259,"CURRENT_ASSETS_TDAYS":1.614761321137,"TOTAL_ASSETS_TDAYS":0.350123444189,"PREMIUM_EXPENSE":null,"LOAN_DEPOSIT":null,"LOAN_EQUITY":null,"LOAN_ASSETS":null,"DEPOSIT_EQUITY":null,"DEPOSIT_ASSETS":null,"EQUITY_MULTIPLIER":4.642604320869,"EQUITY_RATIO":3.642604320871},{"SECUCODE":"01173.HK","SECURITY_CODE":"01173","SECURITY_NAME_ABBR":"威高国际","ORG_CODE":"10010525","STD_REPORT_DATE":"2022-12-31 00:00:00","REPORT_DATE":"2023-03-31 00:00:00","DATE_TYPE_CODE":"001","REPORT_TYPE":"2022年年报","PER_NETCASH_OPERATE":0.039022822869,"PER_OI":0.16431311837,"BPS":0.069605140289,"BASIC_EPS":0.00175082,"DILUTED_EPS":0.00175082,"OPERATE_INCOME":413740651.25,"OPERATE_INCOME_YOY":-5.4464448263,"GROSS_PROFIT":201136827.83,"GROSS_PROFIT_YOY":26.395312852919,"HOLDER_PROFIT":4400686.07,"HOLDER_PROFIT_YOY":109.4198553386,"GROSS_PROFIT_RATIO":48.614229039937,"EPS_TTM":-0.010205564244,"OPERATE_INCOME_QOQ":0,"NET_PROFIT_RATIO":1.0636339593,"ROE_AVG":2.5158837999,"GROSS_PROFIT_QOQ":0,"ROA":0.656250040795,"HOLDER_PROFIT_QOQ":0,"ROE_YEARLY":2.5158837999,"ROIC_YEARLY":0.677638469699,"TOTAL_ASSETS":676331261.08,"TOTAL_LIABILITIES":501065424.98,"TAX_EBT":17.711573088885,"OCF_SALES":23.749061094948,"TOTAL_PARENT_EQUITY":175265836.1,"DEBT_ASSET_RATIO":74.0857999348,"OPERATE_PROFIT":20436446.45,"PRETAX_PROFIT":5347879.69,"NETCASH_OPERATE":98259520.04,"NETCASH_INVEST":-1384898.62,"NETCASH_FINANCE":-69161767.05,"END_CASH":33350494.77,"DIVI_RATIO":null,"DIVIDEND_RATE":null,"CURRENT_RATIO":0.346317336254,"COMMON_ACS":10000000000,"CURRENTDEBT_DEBT":88.695931709465,"ISSUED_COMMON_SHARES":2518001334,"HK_COMMON_SHARES":2518001334,"PER_SHARES":20000,"TOTAL_MARKET_CAP":75540040.02,"HKSK_MARKET_CAP":75540040.02,"PE_TTM":-0.859611047487,"PB_TTM":0.476325848703,"REPORT_DATE_SQ":"2021-12-31 00:00:00","REPORT_TYPE_SQ":"2021年年报","OPERATE_INCOME_SQ":405382537.49,"DPS_HKD":null,"OPERATE_INCOME_QOQ_SQ":0,"NET_PROFIT_RATIO_SQ":-10.6764242801,"HOLDER_PROFIT_SQ":-43280359.66,"HOLDER_PROFIT_QOQ_SQ":0,"ROE_AVG_SQ":-26.964305113092,"PE_TTM_SQ":27.549248730853,"PB_TTM_SQ":0.770733798793,"ROA_SQ":-6.791835695764,"START_DATE":"2022-04-01 00:00:00","FISCAL_YEAR":"3-31","CURRENCY":"HKD","IS_CNY_CODE":0,"DPS_HKD_LY":null,"ORG_TYPE":"一般企业","PREMIUM_INCOME":null,"PREMIUM_INCOME_YOY":null,"NET_INTEREST_INCOME":null,"NET_INTEREST_INCOME_YOY":null,"FEE_COMMISSION_INCOME":null,"FEE_COMMISSION_INCOME_YOY":null,"ACCOUNTS_RECE_TDAYS":134.382996872334,"INVENTORY_TDAYS":2.226865945351,"CURRENT_ASSETS_TDAYS":2.58477600431,"TOTAL_ASSETS_TDAYS":0.616988612554,"PREMIUM_EXPENSE":null,"LOAN_DEPOSIT":null,"LOAN_EQUITY":null,"LOAN_ASSETS":null,"DEPOSIT_EQUITY":null,"DEPOSIT_ASSETS":null,"EQUITY_MULTIPLIER":3.858888167429,"EQUITY_RATIO":2.858888167424},{"SECUCODE":"01173.HK","SECURITY_CODE":"01173","SECURITY_NAME_ABBR":"威高国际","ORG_CODE":"10010525","STD_REPORT_DATE":"2022-06-30 00:00:00","REPORT_DATE":"2022-09-30 00:00:00","DATE_TYPE_CODE":"002","REPORT_TYPE":"2022年中报","PER_NETCASH_OPERATE":0.016407782888,"PER_OI":0.078255210742,"BPS":0.068788767703,"BASIC_EPS":-0.0003979536,"DILUTED_EPS":-0.0003979536,"OPERATE_INCOME":197046725.04,"OPERATE_INCOME_YOY":-17.6210354372,"GROSS_PROFIT":94421727.12,"GROSS_PROFIT_YOY":6.557657500108,"HOLDER_PROFIT":-1011163.92,"HOLDER_PROFIT_YOY":94.9910394265,"GROSS_PROFIT_RATIO":47.91844528288,"EPS_TTM":-0.017188378368,"OPERATE_INCOME_QOQ":0,"NET_PROFIT_RATIO":-0.513159465,"ROE_AVG":-0.571981111321,"GROSS_PROFIT_QOQ":0,"ROA":-0.149125024259,"HOLDER_PROFIT_QOQ":0,"ROE_YEARLY":-1.143962222643,"ROIC_YEARLY":-0.302282871065,"TOTAL_ASSETS":669252135.72,"TOTAL_LIABILITIES":496041926.88,"TAX_EBT":-74.960876369327,"OCF_SALES":20.967016422939,"TOTAL_PARENT_EQUITY":173210208.84,"DEBT_ASSET_RATIO":74.1188410772,"OPERATE_PROFIT":5121843.72,"PRETAX_PROFIT":-577937.16,"NETCASH_OPERATE":41314819.2,"NETCASH_INVEST":-674712.24,"NETCASH_FINANCE":-40759493.04,"END_CASH":8813767.8,"DIVI_RATIO":null,"DIVIDEND_RATE":null,"CURRENT_RATIO":0.342731323179,"COMMON_ACS":10000000000,"CURRENTDEBT_DEBT":87.983998599695,"ISSUED_COMMON_SHARES":2518001334,"HK_COMMON_SHARES":2518001334,"PER_SHARES":20000,"TOTAL_MARKET_CAP":75540040.02,"HKSK_MARKET_CAP":75540040.02,"PE_TTM":-0.859611047487,"PB_TTM":0.476325848703,"REPORT_DATE_SQ":"2021-06-30 00:00:00","REPORT_TYPE_SQ":"2021年中报","OPERATE_INCOME_SQ":220317712.08,"DPS_HKD":null,"OPERATE_INCOME_QOQ_SQ":0,"NET_PROFIT_RATIO_SQ":-8.4395843732,"HOLDER_PROFIT_SQ":-18593899.2,"HOLDER_PROFIT_QOQ_SQ":0,"ROE_AVG_SQ":-11.798630365086,"PE_TTM_SQ":27.549248730853,"PB_TTM_SQ":0.770733798793,"ROA_SQ":-2.808463894819,"START_DATE":"2022-04-01 00:00:00","FISCAL_YEAR":"3-31","CURRENCY":"HKD","IS_CNY_CODE":0,"DPS_HKD_LY":null,"ORG_TYPE":"一般企业","PREMIUM_INCOME":null,"PREMIUM_INCOME_YOY":null,"NET_INTEREST_INCOME":null,"NET_INTEREST_INCOME_YOY":null,"FEE_COMMISSION_INCOME":null,"FEE_COMMISSION_INCOME_YOY":null,"ACCOUNTS_RECE_TDAYS":70.33607748184,"INVENTORY_TDAYS":0.970645725602,"CURRENT_ASSETS_TDAYS":1.226491624609,"TOTAL_ASSETS_TDAYS":0.290601722141,"PREMIUM_EXPENSE":null,"LOAN_DEPOSIT":null,"LOAN_EQUITY":null,"LOAN_ASSETS":null,"DEPOSIT_EQUITY":null,"DEPOSIT_ASSETS":null,"EQUITY_MULTIPLIER":3.863814611173,"EQUITY_RATIO":2.863814611171},{"SECUCODE":"01173.HK","SECURITY_CODE":"01173","SECURITY_NAME_ABBR":"威高国际","ORG_CODE":"10010525","STD_REPORT_DATE":"2021-12-31 00:00:00","REPORT_DATE":"2022-03-31 00:00:00","DATE_TYPE_CODE":"001","REPORT_TYPE":"2021年年报","PER_NETCASH_OPERATE":0.033138662698,"PER_OI":0.160993773918,"BPS":0.064227255533,"BASIC_EPS":-0.0171853019,"DILUTED_EPS":-0.0171853019,"OPERATE_INCOME":405382537.49,"OPERATE_INCOME_YOY":-3.3633899537,"GROSS_PROFIT":159133138.16,"GROSS_PROFIT_YOY":-3.883234071954,"HOLDER_PROFIT":-43280359.66,"HOLDER_PROFIT_YOY":71.1351023896,"GROSS_PROFIT_RATIO":39.255055026618,"EPS_TTM":-0.037548830226,"OPERATE_INCOME_QOQ":0,"NET_PROFIT_RATIO":-10.6764242801,"ROE_AVG":-26.964305113092,"GROSS_PROFIT_QOQ":0,"ROA":-6.791835695764,"HOLDER_PROFIT_QOQ":0,"ROE_YEARLY":-26.964305113092,"ROIC_YEARLY":-7.049194836279,"TOTAL_ASSETS":615921544.5,"TOTAL_LIABILITIES":454197229.39,"TAX_EBT":-1.783296141596,"OCF_SALES":20.583816312526,"TOTAL_PARENT_EQUITY":161724315.11,"DEBT_ASSET_RATIO":73.7427085391,"OPERATE_PROFIT":-33858856.49,"PRETAX_PROFIT":-42522065.31,"NETCASH_OPERATE":83443196.88,"NETCASH_INVEST":-908331.2,"NETCASH_FINANCE":-115465115.72,"END_CASH":5385106.4,"DIVI_RATIO":null,"DIVIDEND_RATE":null,"CURRENT_RATIO":0.371872129664,"COMMON_ACS":10000000000,"CURRENTDEBT_DEBT":91.174186083469,"ISSUED_COMMON_SHARES":2518001334,"HK_COMMON_SHARES":2518001334,"PER_SHARES":20000,"TOTAL_MARKET_CAP":75540040.02,"HKSK_MARKET_CAP":75540040.02,"PE_TTM":-0.859611047487,"PB_TTM":0.476325848703,"REPORT_DATE_SQ":"2020-12-31 00:00:00","REPORT_TYPE_SQ":"2020年年报","OPERATE_INCOME_SQ":437165974.28,"DPS_HKD":null,"OPERATE_INCOME_QOQ_SQ":0,"NET_PROFIT_RATIO_SQ":-35.7435340244,"HOLDER_PROFIT_SQ":-156258568.76,"HOLDER_PROFIT_QOQ_SQ":0,"ROE_AVG_SQ":-67.134609099822,"PE_TTM_SQ":27.549248730853,"PB_TTM_SQ":0.770733798793,"ROA_SQ":-19.04473476157,"START_DATE":"2021-04-01 00:00:00","FISCAL_YEAR":"3-31","CURRENCY":"HKD","IS_CNY_CODE":0,"DPS_HKD_LY":null,"ORG_TYPE":"一般企业","PREMIUM_INCOME":null,"PREMIUM_INCOME_YOY":null,"NET_INTEREST_INCOME":null,"NET_INTEREST_INCOME_YOY":null,"FEE_COMMISSION_INCOME":null,"FEE_COMMISSION_INCOME_YOY":null,"ACCOUNTS_RECE_TDAYS":126.849130820962,"INVENTORY_TDAYS":1.897107475453,"CURRENT_ASSETS_TDAYS":2.029299761282,"TOTAL_ASSETS_TDAYS":0.636152659126,"PREMIUM_EXPENSE":null,"LOAN_DEPOSIT":null,"LOAN_EQUITY":null,"LOAN_ASSETS":null,"DEPOSIT_EQUITY":null,"DEPOSIT_ASSETS":null,"EQUITY_MULTIPLIER":3.808465932174,"EQUITY_RATIO":2.80846593217},{"SECUCODE":"01173.HK","SECURITY_CODE":"01173","SECURITY_NAME_ABBR":"威高国际","ORG_CODE":"10010525","STD_REPORT_DATE":"2021-06-30 00:00:00","REPORT_DATE":"2021-09-30 00:00:00","DATE_TYPE_CODE":"002","REPORT_TYPE":"2021年中报","PER_NETCASH_OPERATE":0.018582058448,"PER_OI":0.087497059316,"BPS":0.060191034426,"BASIC_EPS":-0.0073809116,"DILUTED_EPS":-0.0073809116,"OPERATE_INCOME":220317712.08,"OPERATE_INCOME_YOY":15.4423351419,"GROSS_PROFIT":88610926.08,"GROSS_PROFIT_YOY":7.827024809202,"HOLDER_PROFIT":-18593899.2,"HOLDER_PROFIT_YOY":75.5766621438,"GROSS_PROFIT_RATIO":40.21961069014,"EPS_TTM":-0.062056586964,"OPERATE_INCOME_QOQ":0,"NET_PROFIT_RATIO":-8.4395843732,"ROE_AVG":-11.798630365086,"GROSS_PROFIT_QOQ":0,"ROA":-2.808463894819,"HOLDER_PROFIT_QOQ":0,"ROE_YEARLY":-23.597260730172,"ROIC_YEARLY":-5.934086969468,"TOTAL_ASSETS":647667495.36,"TOTAL_LIABILITIES":496106390.38,"TAX_EBT":-2.918799280675,"OCF_SALES":21.237351966968,"TOTAL_PARENT_EQUITY":151561104.98,"DEBT_ASSET_RATIO":76.59893293,"OPERATE_PROFIT":-13503902.6,"PRETAX_PROFIT":-18066572.22,"NETCASH_OPERATE":46789647.96,"NETCASH_INVEST":-394870.44,"NETCASH_FINANCE":-54777027.24,"END_CASH":31522157.34,"DIVI_RATIO":null,"DIVIDEND_RATE":null,"CURRENT_RATIO":0.463984423336,"COMMON_ACS":10000000000,"CURRENTDEBT_DEBT":92.278551793969,"ISSUED_COMMON_SHARES":2518001334,"HK_COMMON_SHARES":2518001334,"PER_SHARES":20000,"TOTAL_MARKET_CAP":75540040.02,"HKSK_MARKET_CAP":75540040.02,"PE_TTM":-0.859611047487,"PB_TTM":0.476325848703,"REPORT_DATE_SQ":"2020-06-30 00:00:00","REPORT_TYPE_SQ":"2020年中报","OPERATE_INCOME_SQ":201306843.52,"DPS_HKD":null,"OPERATE_INCOME_QOQ_SQ":0,"NET_PROFIT_RATIO_SQ":-39.8915714716,"HOLDER_PROFIT_SQ":-80304463.36,"HOLDER_PROFIT_QOQ_SQ":0,"ROE_AVG_SQ":-29.399483350437,"PE_TTM_SQ":27.549248730853,"PB_TTM_SQ":0.770733798793,"ROA_SQ":-8.662788438114,"START_DATE":"2021-04-01 00:00:00","FISCAL_YEAR":"3-31","CURRENCY":"HKD","IS_CNY_CODE":0,"DPS_HKD_LY":null,"ORG_TYPE":"一般企业","PREMIUM_INCOME":null,"PREMIUM_INCOME_YOY":null,"NET_INTEREST_INCOME":null,"NET_INTEREST_INCOME_YOY":null,"FEE_COMMISSION_INCOME":null,"FEE_COMMISSION_INCOME_YOY":null,"ACCOUNTS_RECE_TDAYS":27.898939817501,"INVENTORY_TDAYS":0.889043842064,"CURRENT_ASSETS_TDAYS":0.948376269436,"TOTAL_ASSETS_TDAYS":0.332772772999,"PREMIUM_EXPENSE":null,"LOAN_DEPOSIT":null,"LOAN_EQUITY":null,"LOAN_ASSETS":null,"DEPOSIT_EQUITY":null,"DEPOSIT_ASSETS":null,"EQUITY_MULTIPLIER":4.273309405117,"EQUITY_RATIO":3.273309405111},{"SECUCODE":"01173.HK","SECURITY_CODE":"01173","SECURITY_NAME_ABBR":"威高国际","ORG_CODE":"10010525","STD_REPORT_DATE":"2020-12-31 00:00:00","REPORT_DATE":"2021-03-31 00:00:00","DATE_TYPE_CODE":"001","REPORT_TYPE":"2020年年报","PER_NETCASH_OPERATE":0.071730502721,"PER_OI":0.173616259998,"BPS":0.065928032936,"BASIC_EPS":-0.0620531156,"DILUTED_EPS":-0.0620531156,"OPERATE_INCOME":437165974.28,"OPERATE_INCOME_YOY":-50.3791741534,"GROSS_PROFIT":165562310.2,"GROSS_PROFIT_YOY":-54.39792174651,"HOLDER_PROFIT":-156258568.76,"HOLDER_PROFIT_YOY":28.4645267133,"GROSS_PROFIT_RATIO":37.871728345893,"EPS_TTM":-0.085455487781,"OPERATE_INCOME_QOQ":0,"NET_PROFIT_RATIO":-35.7435340244,"ROE_AVG":-67.134609099822,"GROSS_PROFIT_QOQ":0,"ROA":-19.04473476157,"HOLDER_PROFIT_QOQ":0,"ROE_YEARLY":-67.134609099822,"ROIC_YEARLY":-19.795017572599,"TOTAL_ASSETS":686307289.5,"TOTAL_LIABILITIES":520300414.62,"TAX_EBT":-3.102292562417,"OCF_SALES":41.315544247805,"TOTAL_PARENT_EQUITY":166006874.88,"DEBT_ASSET_RATIO":75.8115821557,"OPERATE_PROFIT":-138508943.58,"PRETAX_PROFIT":-151556832.42,"NETCASH_OPERATE":177479348.2,"NETCASH_INVEST":-4227590.36,"NETCASH_FINANCE":-158452656.04,"END_CASH":39819810.52,"DIVI_RATIO":null,"DIVIDEND_RATE":null,"CURRENT_RATIO":0.541813118768,"COMMON_ACS":10000000000,"CURRENTDEBT_DEBT":90.767353953565,"ISSUED_COMMON_SHARES":2518001334,"HK_COMMON_SHARES":2518001334,"PER_SHARES":20000,"TOTAL_MARKET_CAP":75540040.02,"HKSK_MARKET_CAP":75540040.02,"PE_TTM":-0.859611047487,"PB_TTM":0.476325848703,"REPORT_DATE_SQ":"2019-12-31 00:00:00","REPORT_TYPE_SQ":"2019年年报","OPERATE_INCOME_SQ":952438138.9,"DPS_HKD":null,"OPERATE_INCOME_QOQ_SQ":0,"NET_PROFIT_RATIO_SQ":-24.7936246939,"HOLDER_PROFIT_SQ":-236143937.6,"HOLDER_PROFIT_QOQ_SQ":0,"ROE_AVG_SQ":-52.51972680183,"PE_TTM_SQ":27.549248730853,"PB_TTM_SQ":0.770733798793,"ROA_SQ":-24.015079114711,"START_DATE":"2020-04-01 00:00:00","FISCAL_YEAR":"3-31","CURRENCY":"HKD","IS_CNY_CODE":0,"DPS_HKD_LY":null,"ORG_TYPE":"一般企业","PREMIUM_INCOME":null,"PREMIUM_INCOME_YOY":null,"NET_INTEREST_INCOME":null,"NET_INTEREST_INCOME_YOY":null,"FEE_COMMISSION_INCOME":null,"FEE_COMMISSION_INCOME_YOY":null,"ACCOUNTS_RECE_TDAYS":33.442989687389,"INVENTORY_TDAYS":1.166086688318,"CURRENT_ASSETS_TDAYS":1.348385314022,"TOTAL_ASSETS_TDAYS":0.532816222049,"PREMIUM_EXPENSE":null,"LOAN_DEPOSIT":null,"LOAN_EQUITY":null,"LOAN_ASSETS":null,"DEPOSIT_EQUITY":null,"DEPOSIT_ASSETS":null,"EQUITY_MULTIPLIER":4.134210043985,"EQUITY_RATIO":3.134210043988},{"SECUCODE":"01173.HK","SECURITY_CODE":"01173","SECURITY_NAME_ABBR":"威高国际","ORG_CODE":"10010525","STD_REPORT_DATE":"2020-06-30 00:00:00","REPORT_DATE":"2020-09-30 00:00:00","DATE_TYPE_CODE":"002","REPORT_TYPE":"2020年中报","PER_NETCASH_OPERATE":0.033214411887,"PER_OI":0.079947075802,"BPS":0.093292934085,"BASIC_EPS":-0.0318887488,"DILUTED_EPS":-0.0318887488,"OPERATE_INCOME":201306843.52,"OPERATE_INCOME_YOY":-61.9350893838,"GROSS_PROFIT":82178773.12,"GROSS_PROFIT_YOY":-60.386163842448,"HOLDER_PROFIT":-80304463.36,"HOLDER_PROFIT_YOY":18.6019791045,"GROSS_PROFIT_RATIO":40.822642530697,"EPS_TTM":-0.093782292492,"OPERATE_INCOME_QOQ":0,"NET_PROFIT_RATIO":-39.8915714716,"ROE_AVG":-29.399483350437,"GROSS_PROFIT_QOQ":0,"ROA":-8.662788438114,"HOLDER_PROFIT_QOQ":0,"ROE_YEARLY":-58.798966700874,"ROIC_YEARLY":-17.933157837417,"TOTAL_ASSETS":861468968.96,"TOTAL_LIABILITIES":626557236.48,"TAX_EBT":-1.204872646733,"OCF_SALES":41.545499386707,"TOTAL_PARENT_EQUITY":234911732.48,"DEBT_ASSET_RATIO":72.7312600982,"OPERATE_PROFIT":-103775953.28,"PRETAX_PROFIT":-79348416,"NETCASH_OPERATE":83633933.44,"NETCASH_INVEST":-3542999.04,"NETCASH_FINANCE":-64078019.84,"END_CASH":39549429.76,"DIVI_RATIO":null,"DIVIDEND_RATE":null,"CURRENT_RATIO":0.655818823028,"COMMON_ACS":10000000000,"CURRENTDEBT_DEBT":87.60746331872,"ISSUED_COMMON_SHARES":2518001334,"HK_COMMON_SHARES":2518001334,"PER_SHARES":20000,"TOTAL_MARKET_CAP":75540040.02,"HKSK_MARKET_CAP":75540040.02,"PE_TTM":-0.859611047487,"PB_TTM":0.476325848703,"REPORT_DATE_SQ":"2019-06-30 00:00:00","REPORT_TYPE_SQ":"2019年中报","OPERATE_INCOME_SQ":542868404.43,"DPS_HKD":null,"OPERATE_INCOME_QOQ_SQ":0,"NET_PROFIT_RATIO_SQ":-18.6548651392,"HOLDER_PROFIT_SQ":-101271368.73,"HOLDER_PROFIT_QOQ_SQ":0,"ROE_AVG_SQ":-19.925443527598,"PE_TTM_SQ":27.549248730853,"PB_TTM_SQ":0.770733798793,"ROA_SQ":-10.087983337796,"START_DATE":"2020-04-01 00:00:00","FISCAL_YEAR":"3-31","CURRENCY":"HKD","IS_CNY_CODE":0,"DPS_HKD_LY":null,"ORG_TYPE":"一般企业","PREMIUM_INCOME":null,"PREMIUM_INCOME_YOY":null,"NET_INTEREST_INCOME":null,"NET_INTEREST_INCOME_YOY":null,"FEE_COMMISSION_INCOME":null,"FEE_COMMISSION_INCOME_YOY":null,"ACCOUNTS_RECE_TDAYS":7.010664830541,"INVENTORY_TDAYS":0.426305338015,"CURRENT_ASSETS_TDAYS":0.52415833361,"TOTAL_ASSETS_TDAYS":0.217158365002,"PREMIUM_EXPENSE":null,"LOAN_DEPOSIT":null,"LOAN_EQUITY":null,"LOAN_ASSETS":null,"DEPOSIT_EQUITY":null,"DEPOSIT_ASSETS":null,"EQUITY_MULTIPLIER":3.667202824924,"EQUITY_RATIO":2.667202824931}],"count":45},"success":true,"message":"ok","code":0}