{"version":"0570d89b9b2e1bda99dc57136230e5f9","result":{"pages":9,"data":[{"SECUCODE":"01171.HK","SECURITY_CODE":"01171","SECURITY_NAME_ABBR":"兖矿能源","ORG_CODE":"10002400","STD_REPORT_DATE":"2024-09-30 00:00:00","REPORT_DATE":"2024-09-30 00:00:00","DATE_TYPE_CODE":"004","REPORT_TYPE":"2024年三季报","PER_NETCASH_OPERATE":1.815598750394,"PER_OI":10.620942496248,"BPS":6.073480363119,"BASIC_EPS":1.36,"DILUTED_EPS":1.36,"OPERATE_INCOME":106632780000,"OPERATE_INCOME_YOY":-21.4952446191,"GROSS_PROFIT":36913306000,"GROSS_PROFIT_YOY":-18.054727302632,"HOLDER_PROFIT":11405151000,"HOLDER_PROFIT_YOY":-26.9833832258,"GROSS_PROFIT_RATIO":34.617221833661,"EPS_TTM":1.351033127642,"OPERATE_INCOME_QOQ":-22.529168779982,"NET_PROFIT_RATIO":15.5586546651,"ROE_AVG":14.797888207775,"GROSS_PROFIT_QOQ":-10.190419739046,"ROA":2.929385617288,"HOLDER_PROFIT_QOQ":-8.760629790649,"ROE_YEARLY":19.730517610366,"ROIC_YEARLY":3.867620518792,"TOTAL_ASSETS":364354249000,"TOTAL_LIABILITIES":233878983000,"TAX_EBT":20.887814093092,"OCF_SALES":17.09451633916,"TOTAL_PARENT_EQUITY":81317691000,"DEBT_ASSET_RATIO":64.189997411,"OPERATE_PROFIT":23763822000,"PRETAX_PROFIT":20971012000,"NETCASH_OPERATE":18228358000,"NETCASH_INVEST":-8132211000,"NETCASH_FINANCE":-1230031000,"END_CASH":39395450000,"DIVI_RATIO":0.309414729696,"DIVIDEND_RATE":5.891025641026,"CURRENT_RATIO":0.887759647898,"COMMON_ACS":null,"CURRENTDEBT_DEBT":51.492592218087,"ISSUED_COMMON_SHARES":10039860402,"HK_COMMON_SHARES":4075500000,"PER_SHARES":2000,"TOTAL_MARKET_CAP":78310911135.6,"HKSK_MARKET_CAP":31788900000,"PE_TTM":5.137157274728,"PB_TTM":1.158143532119,"REPORT_DATE_SQ":"2023-09-30 00:00:00","REPORT_TYPE_SQ":"2023年三季报","OPERATE_INCOME_SQ":135829708000,"DPS_HKD":0.4595,"OPERATE_INCOME_QOQ_SQ":-16.725876405685,"NET_PROFIT_RATIO_SQ":15.4552206728,"HOLDER_PROFIT_SQ":15619939000,"HOLDER_PROFIT_QOQ_SQ":-24.790490725226,"ROE_AVG_SQ":18.611267049432,"PE_TTM_SQ":6.932195577666,"PB_TTM_SQ":2.276038215712,"ROA_SQ":4.803104416947,"START_DATE":"2024-01-01 00:00:00","FISCAL_YEAR":"12-31","CURRENCY":"HKD","IS_CNY_CODE":0,"DPS_HKD_LY":0.4595,"ORG_TYPE":"一般企业","PREMIUM_INCOME":null,"PREMIUM_INCOME_YOY":null,"NET_INTEREST_INCOME":null,"NET_INTEREST_INCOME_YOY":null,"FEE_COMMISSION_INCOME":null,"FEE_COMMISSION_INCOME_YOY":null,"ACCOUNTS_RECE_TDAYS":8.885186107008,"INVENTORY_TDAYS":8.258704324842,"CURRENT_ASSETS_TDAYS":1.032280085301,"TOTAL_ASSETS_TDAYS":0.273883732064,"PREMIUM_EXPENSE":null,"LOAN_DEPOSIT":null,"LOAN_EQUITY":null,"LOAN_ASSETS":null,"DEPOSIT_EQUITY":null,"DEPOSIT_ASSETS":null,"EQUITY_MULTIPLIER":2.792515855073,"EQUITY_RATIO":2.876114411561},{"SECUCODE":"01171.HK","SECURITY_CODE":"01171","SECURITY_NAME_ABBR":"兖矿能源","ORG_CODE":"10002400","STD_REPORT_DATE":"2024-06-30 00:00:00","REPORT_DATE":"2024-06-30 00:00:00","DATE_TYPE_CODE":"002","REPORT_TYPE":"2024年中报","PER_NETCASH_OPERATE":1.112886581465,"PER_OI":7.174336761159,"BPS":8.669892858536,"BASIC_EPS":0.99,"DILUTED_EPS":0.99,"OPERATE_INCOME":62154648000,"OPERATE_INCOME_YOY":-4.963193996,"GROSS_PROFIT":19187212000,"GROSS_PROFIT_YOY":-17.510265746253,"HOLDER_PROFIT":7406217000,"HOLDER_PROFIT_YOY":-28.2245805099,"GROSS_PROFIT_RATIO":30.870116101374,"EPS_TTM":1.716008918986,"OPERATE_INCOME_QOQ":6.606196617916,"NET_PROFIT_RATIO":17.1927721319,"ROE_AVG":8.269254628593,"GROSS_PROFIT_QOQ":3.321039793968,"ROA":1.777952215456,"HOLDER_PROFIT_QOQ":-1.381898705737,"ROE_YEARLY":16.538509257185,"ROIC_YEARLY":4.624097798014,"TOTAL_ASSETS":418800037000,"TOTAL_LIABILITIES":247265700000,"TAX_EBT":21.479481925545,"OCF_SALES":15.512048270308,"TOTAL_PARENT_EQUITY":106298626000,"DEBT_ASSET_RATIO":59.0414704285,"OPERATE_PROFIT":14679955000,"PRETAX_PROFIT":13609318000,"NETCASH_OPERATE":9641459000,"NETCASH_INVEST":-13363170000,"NETCASH_FINANCE":7040136000,"END_CASH":33659276000,"DIVI_RATIO":0.243605697718,"DIVIDEND_RATE":4.867584745763,"CURRENT_RATIO":0.938776397188,"COMMON_ACS":null,"CURRENTDEBT_DEBT":45.409237108099,"ISSUED_COMMON_SHARES":10039860402,"HK_COMMON_SHARES":4075500000,"PER_SHARES":2000,"TOTAL_MARKET_CAP":94776282194.88,"HKSK_MARKET_CAP":38472720000,"PE_TTM":6.217277522235,"PB_TTM":1.401650633744,"REPORT_DATE_SQ":"2023-06-30 00:00:00","REPORT_TYPE_SQ":"2023年中报","OPERATE_INCOME_SQ":65400607000,"DPS_HKD":0.4595,"OPERATE_INCOME_QOQ_SQ":-8.297189388698,"NET_PROFIT_RATIO_SQ":19.719916361,"HOLDER_PROFIT_SQ":10318598000,"HOLDER_PROFIT_QOQ_SQ":-24.198683255029,"ROE_AVG_SQ":10.624435442261,"PE_TTM_SQ":5.658772739059,"PB_TTM_SQ":1.857937050943,"ROA_SQ":3.29375093202,"START_DATE":"2024-01-01 00:00:00","FISCAL_YEAR":"12-31","CURRENCY":"HKD","IS_CNY_CODE":0,"DPS_HKD_LY":0.4595,"ORG_TYPE":"一般企业","PREMIUM_INCOME":null,"PREMIUM_INCOME_YOY":null,"NET_INTEREST_INCOME":null,"NET_INTEREST_INCOME_YOY":null,"FEE_COMMISSION_INCOME":null,"FEE_COMMISSION_INCOME_YOY":null,"ACCOUNTS_RECE_TDAYS":4.718876081939,"INVENTORY_TDAYS":5.493815157442,"CURRENT_ASSETS_TDAYS":0.606118964307,"TOTAL_ASSETS_TDAYS":0.149209770808,"PREMIUM_EXPENSE":null,"LOAN_DEPOSIT":null,"LOAN_EQUITY":null,"LOAN_ASSETS":null,"DEPOSIT_EQUITY":null,"DEPOSIT_ASSETS":null,"EQUITY_MULTIPLIER":2.441493897515,"EQUITY_RATIO":2.326142014291},{"SECUCODE":"01171.HK","SECURITY_CODE":"01171","SECURITY_NAME_ABBR":"兖矿能源","ORG_CODE":"10002400","STD_REPORT_DATE":"2024-03-31 00:00:00","REPORT_DATE":"2024-03-31 00:00:00","DATE_TYPE_CODE":"003","REPORT_TYPE":"2024年一季报","PER_NETCASH_OPERATE":0.73507547961,"PER_OI":5.327518346874,"BPS":5.918658887743,"BASIC_EPS":0.5105,"DILUTED_EPS":0.5062,"OPERATE_INCOME":39633384000,"OPERATE_INCOME_YOY":-20.7607407013,"GROSS_PROFIT":11636203000,"GROSS_PROFIT_YOY":-31.510463983791,"HOLDER_PROFIT":3756802000,"HOLDER_PROFIT_YOY":-41.852938222,"GROSS_PROFIT_RATIO":29.359599977635,"EPS_TTM":2.02636910666,"OPERATE_INCOME_QOQ":-8.767710562154,"NET_PROFIT_RATIO":13.61838545,"ROE_AVG":4.944732268023,"GROSS_PROFIT_QOQ":-12.190710157626,"ROA":0.968278316629,"HOLDER_PROFIT_QOQ":-15.209321438832,"ROE_YEARLY":19.778929072093,"ROIC_YEARLY":5.085285808709,"TOTAL_ASSETS":361658025000,"TOTAL_LIABILITIES":235914948000,"TAX_EBT":23.653514807741,"OCF_SALES":13.797709022273,"TOTAL_PARENT_EQUITY":79123719000,"DEBT_ASSET_RATIO":65.2314981812,"OPERATE_PROFIT":7876906000,"PRETAX_PROFIT":7069647000,"NETCASH_OPERATE":5468499000,"NETCASH_INVEST":-3927691000,"NETCASH_FINANCE":3744242000,"END_CASH":35376728000,"DIVI_RATIO":0.206294869294,"DIVIDEND_RATE":4.867584745763,"CURRENT_RATIO":0.8857356755,"COMMON_ACS":null,"CURRENTDEBT_DEBT":51.638028888275,"ISSUED_COMMON_SHARES":10039860402,"HK_COMMON_SHARES":4075500000,"PER_SHARES":2000,"TOTAL_MARKET_CAP":94776282194.88,"HKSK_MARKET_CAP":38472720000,"PE_TTM":6.217277522235,"PB_TTM":1.401650633744,"REPORT_DATE_SQ":"2023-03-31 00:00:00","REPORT_TYPE_SQ":"2023年一季报","OPERATE_INCOME_SQ":50017358000,"DPS_HKD":0.4595,"OPERATE_INCOME_QOQ_SQ":2.082772738855,"NET_PROFIT_RATIO_SQ":15.6248271519,"HOLDER_PROFIT_SQ":6460863000,"HOLDER_PROFIT_QOQ_SQ":-3.370647765038,"ROE_AVG_SQ":5.553440815884,"PE_TTM_SQ":5.658772739059,"PB_TTM_SQ":1.857937050943,"ROA_SQ":1.851483925231,"START_DATE":"2024-01-01 00:00:00","FISCAL_YEAR":"12-31","CURRENCY":"HKD","IS_CNY_CODE":0,"DPS_HKD_LY":0.4595,"ORG_TYPE":"一般企业","PREMIUM_INCOME":null,"PREMIUM_INCOME_YOY":null,"NET_INTEREST_INCOME":null,"NET_INTEREST_INCOME_YOY":null,"FEE_COMMISSION_INCOME":null,"FEE_COMMISSION_INCOME_YOY":null,"ACCOUNTS_RECE_TDAYS":3.053352490078,"INVENTORY_TDAYS":3.584576778579,"CURRENT_ASSETS_TDAYS":0.381851477391,"TOTAL_ASSETS_TDAYS":0.102151101766,"PREMIUM_EXPENSE":null,"LOAN_DEPOSIT":null,"LOAN_EQUITY":null,"LOAN_ASSETS":null,"DEPOSIT_EQUITY":null,"DEPOSIT_ASSETS":null,"EQUITY_MULTIPLIER":2.876166494638,"EQUITY_RATIO":2.981595796831},{"SECUCODE":"01171.HK","SECURITY_CODE":"01171","SECURITY_NAME_ABBR":"兖矿能源","ORG_CODE":"10002400","STD_REPORT_DATE":"2023-12-31 00:00:00","REPORT_DATE":"2023-12-31 00:00:00","DATE_TYPE_CODE":"001","REPORT_TYPE":"2023年年报","PER_NETCASH_OPERATE":3.039976209171,"PER_OI":15.919931195471,"BPS":8.655655011168,"BASIC_EPS":2.39,"DILUTED_EPS":2.38,"OPERATE_INCOME":118434270000,"OPERATE_INCOME_YOY":-23.3938440638,"GROSS_PROFIT":43914997000,"GROSS_PROFIT_YOY":-40.483824324988,"HOLDER_PROFIT":17778972000,"HOLDER_PROFIT_YOY":-41.5515739217,"GROSS_PROFIT_RATIO":37.079636662598,"EPS_TTM":2.389848909156,"OPERATE_INCOME_QOQ":-1.730556843309,"NET_PROFIT_RATIO":19.3847118744,"ROE_AVG":17.215653522473,"GROSS_PROFIT_QOQ":-6.483766377161,"ROA":4.918647750914,"HOLDER_PROFIT_QOQ":6.137001659307,"ROE_YEARLY":17.215653522473,"ROIC_YEARLY":6.411224517955,"TOTAL_ASSETS":354465260000,"TOTAL_LIABILITIES":235982651000,"TAX_EBT":25.907311129439,"OCF_SALES":19.095410475363,"TOTAL_PARENT_EQUITY":72827966000,"DEBT_ASSET_RATIO":59.7566815097,"OPERATE_PROFIT":32287698000,"PRETAX_PROFIT":30985705000,"NETCASH_OPERATE":22615510000,"NETCASH_INVEST":-29315188000,"NETCASH_FINANCE":-1869054000,"END_CASH":30268200000,"DIVI_RATIO":0.174918819511,"DIVIDEND_RATE":4.867584745763,"CURRENT_RATIO":0.806057337041,"COMMON_ACS":null,"CURRENTDEBT_DEBT":52.182995859302,"ISSUED_COMMON_SHARES":10039860402,"HK_COMMON_SHARES":4075500000,"PER_SHARES":2000,"TOTAL_MARKET_CAP":94776282194.88,"HKSK_MARKET_CAP":38472720000,"PE_TTM":6.217277522235,"PB_TTM":1.401650633744,"REPORT_DATE_SQ":"2022-12-31 00:00:00","REPORT_TYPE_SQ":"2022年年报","OPERATE_INCOME_SQ":154601505000,"DPS_HKD":0.4595,"OPERATE_INCOME_QOQ_SQ":-0.210256105432,"NET_PROFIT_RATIO_SQ":25.2819084782,"HOLDER_PROFIT_SQ":30418222000,"HOLDER_PROFIT_QOQ_SQ":-6.546526356474,"ROE_AVG_SQ":33.809302750756,"PE_TTM_SQ":5.658772739059,"PB_TTM_SQ":1.857937050943,"ROA_SQ":9.960499540006,"START_DATE":"2023-01-01 00:00:00","FISCAL_YEAR":"12-31","CURRENCY":"HKD","IS_CNY_CODE":0,"DPS_HKD_LY":1.3368,"ORG_TYPE":"一般企业","PREMIUM_INCOME":null,"PREMIUM_INCOME_YOY":null,"NET_INTEREST_INCOME":null,"NET_INTEREST_INCOME_YOY":null,"FEE_COMMISSION_INCOME":null,"FEE_COMMISSION_INCOME_YOY":null,"ACCOUNTS_RECE_TDAYS":8.380957280561,"INVENTORY_TDAYS":9.334625604519,"CURRENT_ASSETS_TDAYS":1.259632891459,"TOTAL_ASSETS_TDAYS":0.327654746161,"PREMIUM_EXPENSE":null,"LOAN_DEPOSIT":null,"LOAN_EQUITY":null,"LOAN_ASSETS":null,"DEPOSIT_EQUITY":null,"DEPOSIT_ASSETS":null,"EQUITY_MULTIPLIER":2.484884541122,"EQUITY_RATIO":3.240275184947},{"SECUCODE":"01171.HK","SECURITY_CODE":"01171","SECURITY_NAME_ABBR":"兖矿能源","ORG_CODE":"10002400","STD_REPORT_DATE":"2023-09-30 00:00:00","REPORT_DATE":"2023-09-30 00:00:00","DATE_TYPE_CODE":"004","REPORT_TYPE":"2023年三季报","PER_NETCASH_OPERATE":2.553994490909,"PER_OI":18.251674924993,"BPS":5.204089191279,"BASIC_EPS":1.61,"DILUTED_EPS":1.61,"OPERATE_INCOME":135829708000,"OPERATE_INCOME_YOY":-20.1523716425,"GROSS_PROFIT":45046291000,"GROSS_PROFIT_YOY":-37.136839764897,"HOLDER_PROFIT":15619939000,"HOLDER_PROFIT_YOY":-46.7983971193,"GROSS_PROFIT_RATIO":33.198693527545,"EPS_TTM":2.250856402194,"OPERATE_INCOME_QOQ":-16.725876405685,"NET_PROFIT_RATIO":15.4552206728,"ROE_AVG":18.611267049432,"GROSS_PROFIT_QOQ":-22.939020476058,"ROA":4.803104416947,"HOLDER_PROFIT_QOQ":-24.790490725226,"ROE_YEARLY":24.815022732577,"ROIC_YEARLY":6.218444441211,"TOTAL_ASSETS":337859145000,"TOTAL_LIABILITIES":234792800000,"TAX_EBT":26.246117180435,"OCF_SALES":14.075264363335,"TOTAL_PARENT_EQUITY":63734992000,"DEBT_ASSET_RATIO":69.494285851,"OPERATE_PROFIT":31071023000,"PRETAX_PROFIT":28541437000,"NETCASH_OPERATE":14739996000,"NETCASH_INVEST":-9122958000,"NETCASH_FINANCE":-24163694000,"END_CASH":42024339000,"DIVI_RATIO":0.185720221687,"DIVIDEND_RATE":4.867584745763,"CURRENT_RATIO":0.755579688549,"COMMON_ACS":null,"CURRENTDEBT_DEBT":51.229620754981,"ISSUED_COMMON_SHARES":10039860402,"HK_COMMON_SHARES":4075500000,"PER_SHARES":2000,"TOTAL_MARKET_CAP":94776282194.88,"HKSK_MARKET_CAP":38472720000,"PE_TTM":6.217277522235,"PB_TTM":1.401650633744,"REPORT_DATE_SQ":"2022-09-30 00:00:00","REPORT_TYPE_SQ":"2022年三季报","OPERATE_INCOME_SQ":169119395000,"DPS_HKD":0.4595,"OPERATE_INCOME_QOQ_SQ":9.708249971085,"NET_PROFIT_RATIO_SQ":22.626043621,"HOLDER_PROFIT_SQ":29181711000,"HOLDER_PROFIT_QOQ_SQ":11.746454795839,"ROE_AVG_SQ":32.33933849912,"PE_TTM_SQ":5.658772739059,"PB_TTM_SQ":1.857937050943,"ROA_SQ":9.081833711933,"START_DATE":"2023-01-01 00:00:00","FISCAL_YEAR":"12-31","CURRENCY":"HKD","IS_CNY_CODE":0,"DPS_HKD_LY":1.3368,"ORG_TYPE":"一般企业","PREMIUM_INCOME":null,"PREMIUM_INCOME_YOY":null,"NET_INTEREST_INCOME":null,"NET_INTEREST_INCOME_YOY":null,"FEE_COMMISSION_INCOME":null,"FEE_COMMISSION_INCOME_YOY":null,"ACCOUNTS_RECE_TDAYS":9.15007293701,"INVENTORY_TDAYS":11.508540693649,"CURRENT_ASSETS_TDAYS":1.506731526865,"TOTAL_ASSETS_TDAYS":0.417774565685,"PREMIUM_EXPENSE":null,"LOAN_DEPOSIT":null,"LOAN_EQUITY":null,"LOAN_ASSETS":null,"DEPOSIT_EQUITY":null,"DEPOSIT_ASSETS":null,"EQUITY_MULTIPLIER":3.278074380149,"EQUITY_RATIO":3.683891574035},{"SECUCODE":"01171.HK","SECURITY_CODE":"01171","SECURITY_NAME_ABBR":"兖矿能源","ORG_CODE":"10002400","STD_REPORT_DATE":"2023-06-30 00:00:00","REPORT_DATE":"2023-06-30 00:00:00","DATE_TYPE_CODE":"002","REPORT_TYPE":"2023年中报","PER_NETCASH_OPERATE":1.027065866417,"PER_OI":13.181990557558,"BPS":7.944597614536,"BASIC_EPS":1.39,"DILUTED_EPS":1.39,"OPERATE_INCOME":65400607000,"OPERATE_INCOME_YOY":-13.1181720849,"GROSS_PROFIT":23260121000,"GROSS_PROFIT_YOY":-35.582413924318,"HOLDER_PROFIT":10318598000,"HOLDER_PROFIT_YOY":-44.083953095,"GROSS_PROFIT_RATIO":35.565604154102,"EPS_TTM":4.489172494074,"OPERATE_INCOME_QOQ":-8.297189388698,"NET_PROFIT_RATIO":19.719916361,"ROE_AVG":10.624435442261,"GROSS_PROFIT_QOQ":-15.853345774764,"ROA":3.29375093202,"HOLDER_PROFIT_QOQ":-24.198683255029,"ROE_YEARLY":21.248870884522,"ROIC_YEARLY":8.817645489048,"TOTAL_ASSETS":317952555000,"TOTAL_LIABILITIES":190157728000,"TAX_EBT":25.823230777009,"OCF_SALES":7.791432272181,"TOTAL_PARENT_EQUITY":91141840000,"DEBT_ASSET_RATIO":59.8069507572,"OPERATE_PROFIT":18391260000,"PRETAX_PROFIT":17386771000,"NETCASH_OPERATE":5095644000,"NETCASH_INVEST":-5466249000,"NETCASH_FINANCE":8053863000,"END_CASH":47073537000,"DIVI_RATIO":0.09311951157,"DIVIDEND_RATE":4.867584745763,"CURRENT_RATIO":0.995638516648,"COMMON_ACS":null,"CURRENTDEBT_DEBT":52.177571242332,"ISSUED_COMMON_SHARES":10039860402,"HK_COMMON_SHARES":4075500000,"PER_SHARES":2000,"TOTAL_MARKET_CAP":94776282194.88,"HKSK_MARKET_CAP":38472720000,"PE_TTM":6.217277522235,"PB_TTM":1.401650633744,"REPORT_DATE_SQ":"2022-06-30 00:00:00","REPORT_TYPE_SQ":"2022年中报","OPERATE_INCOME_SQ":75275358000,"DPS_HKD":0.4595,"OPERATE_INCOME_QOQ_SQ":18.909110269614,"NET_PROFIT_RATIO_SQ":30.0835194965,"HOLDER_PROFIT_SQ":18453733000,"HOLDER_PROFIT_QOQ_SQ":36.267818209013,"ROE_AVG_SQ":22.05485119898,"PE_TTM_SQ":5.658772739059,"PB_TTM_SQ":1.857937050943,"ROA_SQ":5.978945629208,"START_DATE":"2023-01-01 00:00:00","FISCAL_YEAR":"12-31","CURRENCY":"HKD","IS_CNY_CODE":0,"DPS_HKD_LY":1.3368,"ORG_TYPE":"一般企业","PREMIUM_INCOME":null,"PREMIUM_INCOME_YOY":null,"NET_INTEREST_INCOME":null,"NET_INTEREST_INCOME_YOY":null,"FEE_COMMISSION_INCOME":null,"FEE_COMMISSION_INCOME_YOY":null,"ACCOUNTS_RECE_TDAYS":4.20226111034,"INVENTORY_TDAYS":5.456886400499,"CURRENT_ASSETS_TDAYS":0.698913969373,"TOTAL_ASSETS_TDAYS":0.208762188682,"PREMIUM_EXPENSE":null,"LOAN_DEPOSIT":null,"LOAN_EQUITY":null,"LOAN_ASSETS":null,"DEPOSIT_EQUITY":null,"DEPOSIT_ASSETS":null,"EQUITY_MULTIPLIER":2.487992373903,"EQUITY_RATIO":2.086393340314},{"SECUCODE":"01171.HK","SECURITY_CODE":"01171","SECURITY_NAME_ABBR":"兖矿能源","ORG_CODE":"10002400","STD_REPORT_DATE":"2023-03-31 00:00:00","REPORT_DATE":"2023-03-31 00:00:00","DATE_TYPE_CODE":"003","REPORT_TYPE":"2023年一季报","PER_NETCASH_OPERATE":1.742132208184,"PER_OI":10.107163741978,"BPS":8.674587943738,"BASIC_EPS":0.8613,"DILUTED_EPS":0.8551,"OPERATE_INCOME":50017358000,"OPERATE_INCOME_YOY":7.8152971333,"GROSS_PROFIT":16989753000,"GROSS_PROFIT_YOY":10.653220400713,"HOLDER_PROFIT":6460863000,"HOLDER_PROFIT_YOY":-15.3494503928,"GROSS_PROFIT_RATIO":31.486570348888,"EPS_TTM":5.937435162313,"OPERATE_INCOME_QOQ":2.082772738855,"NET_PROFIT_RATIO":15.6248271519,"ROE_AVG":5.553440815884,"GROSS_PROFIT_QOQ":-1.853089755061,"ROA":1.851483925231,"HOLDER_PROFIT_QOQ":-3.370647765038,"ROE_YEARLY":22.213763263536,"ROIC_YEARLY":10.03110843771,"TOTAL_ASSETS":301975171000,"TOTAL_LIABILITIES":166992722000,"TAX_EBT":25.537225666213,"OCF_SALES":19.408057243631,"TOTAL_PARENT_EQUITY":100462361000,"DEBT_ASSET_RATIO":55.3001498259,"OPERATE_PROFIT":12407235000,"PRETAX_PROFIT":11580236000,"NETCASH_OPERATE":5444021000,"NETCASH_INVEST":-4275665000,"NETCASH_FINANCE":311875000,"END_CASH":61951887000,"DIVI_RATIO":0.070405745675,"DIVIDEND_RATE":4.867584745763,"CURRENT_RATIO":1.138039037349,"COMMON_ACS":null,"CURRENTDEBT_DEBT":50.586281239251,"ISSUED_COMMON_SHARES":10039860402,"HK_COMMON_SHARES":4075500000,"PER_SHARES":2000,"TOTAL_MARKET_CAP":94776282194.88,"HKSK_MARKET_CAP":38472720000,"PE_TTM":6.217277522235,"PB_TTM":1.401650633744,"REPORT_DATE_SQ":"2022-03-31 00:00:00","REPORT_TYPE_SQ":"2022年一季报","OPERATE_INCOME_SQ":41201223000,"DPS_HKD":0.4595,"OPERATE_INCOME_QOQ_SQ":9.340485722099,"NET_PROFIT_RATIO_SQ":19.7860946992,"HOLDER_PROFIT_SQ":6677314000,"HOLDER_PROFIT_QOQ_SQ":26.127143302796,"ROE_AVG_SQ":8.739016932086,"PE_TTM_SQ":5.658772739059,"PB_TTM_SQ":1.857937050943,"ROA_SQ":2.263403797714,"START_DATE":"2023-01-01 00:00:00","FISCAL_YEAR":"12-31","CURRENCY":"HKD","IS_CNY_CODE":0,"DPS_HKD_LY":1.3368,"ORG_TYPE":"一般企业","PREMIUM_INCOME":null,"PREMIUM_INCOME_YOY":null,"NET_INTEREST_INCOME":null,"NET_INTEREST_INCOME_YOY":null,"FEE_COMMISSION_INCOME":null,"FEE_COMMISSION_INCOME_YOY":null,"ACCOUNTS_RECE_TDAYS":3.588386715797,"INVENTORY_TDAYS":3.48006746879,"CURRENT_ASSETS_TDAYS":0.481534486599,"TOTAL_ASSETS_TDAYS":0.145505314521,"PREMIUM_EXPENSE":null,"LOAN_DEPOSIT":null,"LOAN_EQUITY":null,"LOAN_ASSETS":null,"DEPOSIT_EQUITY":null,"DEPOSIT_ASSETS":null,"EQUITY_MULTIPLIER":2.237143963806,"EQUITY_RATIO":1.662241662825},{"SECUCODE":"01171.HK","SECURITY_CODE":"01171","SECURITY_NAME_ABBR":"兖矿能源","ORG_CODE":"10002400","STD_REPORT_DATE":"2022-12-31 00:00:00","REPORT_DATE":"2022-12-31 00:00:00","DATE_TYPE_CODE":"001","REPORT_TYPE":"2022年年报","PER_NETCASH_OPERATE":12.503009576059,"PER_OI":31.240808956586,"BPS":8.949564575828,"BASIC_EPS":4.1,"DILUTED_EPS":4.08,"OPERATE_INCOME":154601505000,"OPERATE_INCOME_YOY":42.3381522554,"GROSS_PROFIT":73786658000,"GROSS_PROFIT_YOY":84.766155557312,"HOLDER_PROFIT":30418222000,"HOLDER_PROFIT_YOY":79.4862005491,"GROSS_PROFIT_RATIO":47.726998517899,"EPS_TTM":6.14454617048,"OPERATE_INCOME_QOQ":-0.210256105432,"NET_PROFIT_RATIO":25.2819084782,"ROE_AVG":33.809302750756,"GROSS_PROFIT_QOQ":1.632689682819,"ROA":9.960499540006,"HOLDER_PROFIT_QOQ":-6.546526356474,"ROE_YEARLY":33.809302750756,"ROIC_YEARLY":13.089882556898,"TOTAL_ASSETS":310075169000,"TOTAL_LIABILITIES":170858032000,"TAX_EBT":27.169485849524,"OCF_SALES":40.02140147342,"TOTAL_PARENT_EQUITY":103100914000,"DEBT_ASSET_RATIO":54.8878575108,"OPERATE_PROFIT":57562645000,"PRETAX_PROFIT":53688193000,"NETCASH_OPERATE":61873689000,"NETCASH_INVEST":-15170917000,"NETCASH_FINANCE":-49099102000,"END_CASH":38624290000,"DIVI_RATIO":0.068032615982,"DIVIDEND_RATE":4.867584745763,"CURRENT_RATIO":1.055710017037,"COMMON_ACS":null,"CURRENTDEBT_DEBT":48.987688211228,"ISSUED_COMMON_SHARES":10039860402,"HK_COMMON_SHARES":4075500000,"PER_SHARES":2000,"TOTAL_MARKET_CAP":94776282194.88,"HKSK_MARKET_CAP":38472720000,"PE_TTM":6.217277522235,"PB_TTM":1.401650633744,"REPORT_DATE_SQ":"2021-12-31 00:00:00","REPORT_TYPE_SQ":"2021年年报","OPERATE_INCOME_SQ":108615647000,"DPS_HKD":0.4595,"OPERATE_INCOME_QOQ_SQ":1047.38555263058,"NET_PROFIT_RATIO_SQ":17.3264170677,"HOLDER_PROFIT_SQ":16941435000,"HOLDER_PROFIT_QOQ_SQ":55.845548249752,"ROE_AVG_SQ":24.221396321282,"PE_TTM_SQ":5.658772739059,"PB_TTM_SQ":1.857937050943,"ROA_SQ":5.89299828574,"START_DATE":"2022-01-01 00:00:00","FISCAL_YEAR":"12-31","CURRENCY":"HKD","IS_CNY_CODE":0,"DPS_HKD_LY":0.4687,"ORG_TYPE":"一般企业","PREMIUM_INCOME":null,"PREMIUM_INCOME_YOY":null,"NET_INTEREST_INCOME":null,"NET_INTEREST_INCOME_YOY":null,"FEE_COMMISSION_INCOME":null,"FEE_COMMISSION_INCOME_YOY":null,"ACCOUNTS_RECE_TDAYS":10.007193652265,"INVENTORY_TDAYS":10.083758679345,"CURRENT_ASSETS_TDAYS":1.743811263076,"TOTAL_ASSETS_TDAYS":0.506423183435,"PREMIUM_EXPENSE":null,"LOAN_DEPOSIT":null,"LOAN_EQUITY":null,"LOAN_ASSETS":null,"DEPOSIT_EQUITY":null,"DEPOSIT_ASSETS":null,"EQUITY_MULTIPLIER":2.216698087969,"EQUITY_RATIO":1.65719221461},{"SECUCODE":"01171.HK","SECURITY_CODE":"01171","SECURITY_NAME_ABBR":"兖矿能源","ORG_CODE":"10002400","STD_REPORT_DATE":"2022-09-30 00:00:00","REPORT_DATE":"2022-09-30 00:00:00","DATE_TYPE_CODE":"004","REPORT_TYPE":"2022年三季报","PER_NETCASH_OPERATE":6.555592001464,"PER_OI":34.174484330203,"BPS":7.748855151861,"BASIC_EPS":3.9844,"DILUTED_EPS":3.9642,"OPERATE_INCOME":169119395000,"OPERATE_INCOME_YOY":44.0912865036,"GROSS_PROFIT":71657694000,"GROSS_PROFIT_YOY":148.902572139695,"HOLDER_PROFIT":29181711000,"HOLDER_PROFIT_YOY":135.2458564326,"GROSS_PROFIT_RATIO":40.605672808517,"EPS_TTM":6.574978896898,"OPERATE_INCOME_QOQ":9.708249971085,"NET_PROFIT_RATIO":22.626043621,"ROE_AVG":32.33933849912,"GROSS_PROFIT_QOQ":15.146466926556,"ROA":9.081833711933,"HOLDER_PROFIT_QOQ":11.746454795839,"ROE_YEARLY":43.119117998826,"ROIC_YEARLY":12.184168492116,"TOTAL_ASSETS":295451557000,"TOTAL_LIABILITIES":173428541000,"TAX_EBT":25.4694599567,"OCF_SALES":21.435252843516,"TOTAL_PARENT_EQUITY":90994629000,"DEBT_ASSET_RATIO":58.6994845317,"OPERATE_PROFIT":55897299000,"PRETAX_PROFIT":52547879000,"NETCASH_OPERATE":38054863000,"NETCASH_INVEST":-8429166000,"NETCASH_FINANCE":-26355946000,"END_CASH":46298756000,"DIVI_RATIO":0.063578842846,"DIVIDEND_RATE":5.038377192982,"CURRENT_RATIO":1.335482322415,"COMMON_ACS":null,"CURRENTDEBT_DEBT":42.760404125178,"ISSUED_COMMON_SHARES":10039860402,"HK_COMMON_SHARES":4075500000,"PER_SHARES":2000,"TOTAL_MARKET_CAP":91563526866.24,"HKSK_MARKET_CAP":37168560000,"PE_TTM":6.00652235199,"PB_TTM":1.35413705294,"REPORT_DATE_SQ":"2021-09-30 00:00:00","REPORT_TYPE_SQ":"2021年三季报","OPERATE_INCOME_SQ":105035724000,"DPS_HKD":0.4595,"OPERATE_INCOME_QOQ_SQ":-87.621092845151,"NET_PROFIT_RATIO_SQ":12.3657175915,"HOLDER_PROFIT_SQ":11531730000,"HOLDER_PROFIT_QOQ_SQ":35.087076812804,"ROE_AVG_SQ":18.544357067831,"PE_TTM_SQ":5.547348240681,"PB_TTM_SQ":1.821353199025,"ROA_SQ":4.171987889208,"START_DATE":"2022-01-01 00:00:00","FISCAL_YEAR":"12-31","CURRENCY":"HKD","IS_CNY_CODE":0,"DPS_HKD_LY":1.8747,"ORG_TYPE":"一般企业","PREMIUM_INCOME":null,"PREMIUM_INCOME_YOY":null,"NET_INTEREST_INCOME":null,"NET_INTEREST_INCOME_YOY":null,"FEE_COMMISSION_INCOME":null,"FEE_COMMISSION_INCOME_YOY":null,"ACCOUNTS_RECE_TDAYS":11.536431809533,"INVENTORY_TDAYS":10.39352189272,"CURRENT_ASSETS_TDAYS":1.610164516772,"TOTAL_ASSETS_TDAYS":0.506677769428,"PREMIUM_EXPENSE":null,"LOAN_DEPOSIT":null,"LOAN_EQUITY":null,"LOAN_ASSETS":null,"DEPOSIT_EQUITY":null,"DEPOSIT_ASSETS":null,"EQUITY_MULTIPLIER":2.421277285916,"EQUITY_RATIO":1.905920634063}],"count":79},"success":true,"message":"ok","code":0}