{"version":"e5f8b16457a4a32bd43f97b65b2e3f31","result":{"pages":3,"data":[{"SECUCODE":"01179.HK","SECURITY_CODE":"01179","SECURITY_NAME_ABBR":"华住集团-S","ORG_CODE":"10137490","STD_REPORT_DATE":"2024-09-30 00:00:00","REPORT_DATE":"2024-09-30 00:00:00","DATE_TYPE_CODE":"004","REPORT_TYPE":"2024年三季报","PER_NETCASH_OPERATE":1.536377547465,"PER_OI":5.702533032428,"BPS":3.871901206034,"BASIC_EPS":0.96,"DILUTED_EPS":0.94,"OPERATE_INCOME":17868000000,"OPERATE_INCOME_YOY":9.633083814,"GROSS_PROFIT":6773000000,"GROSS_PROFIT_YOY":13.774567444986,"HOLDER_PROFIT":2999000000,"HOLDER_PROFIT_YOY":-10.26331538,"GROSS_PROFIT_RATIO":37.905753301992,"EPS_TTM":1.194251097344,"OPERATE_INCOME_QOQ":0.661000944287,"NET_PROFIT_RATIO":17.0192522946,"ROE_AVG":24.716693452013,"GROSS_PROFIT_QOQ":-0.381270106041,"ROA":4.776580579911,"HOLDER_PROFIT_QOQ":-1.681555438781,"ROE_YEARLY":32.955591269351,"ROIC_YEARLY":5.394855189782,"TOTAL_ASSETS":62039000000,"TOTAL_LIABILITIES":49823000000,"TAX_EBT":26.278787878788,"OCF_SALES":26.942019252295,"TOTAL_PARENT_EQUITY":12132000000,"DEBT_ASSET_RATIO":80.3091603669,"OPERATE_PROFIT":null,"PRETAX_PROFIT":4125000000,"NETCASH_OPERATE":4814000000,"NETCASH_INVEST":860000000,"NETCASH_FINANCE":-5467000000,"END_CASH":7940000000,"DIVI_RATIO":0.373196874469,"DIVIDEND_RATE":1.68429109589,"CURRENT_RATIO":0.877014829142,"COMMON_ACS":80000000000,"CURRENTDEBT_DEBT":24.904160728981,"ISSUED_COMMON_SHARES":3133344410,"HK_COMMON_SHARES":172774410,"PER_SHARES":100,"TOTAL_MARKET_CAP":91493656772,"HKSK_MARKET_CAP":5045012772,"PE_TTM":21.829148102285,"PB_TTM":6.800862573394,"REPORT_DATE_SQ":"2023-09-30 00:00:00","REPORT_TYPE_SQ":"2023年三季报","OPERATE_INCOME_SQ":16298000000,"DPS_HKD":0.491813,"OPERATE_INCOME_QOQ_SQ":12.32522881689,"NET_PROFIT_RATIO_SQ":20.7878267272,"HOLDER_PROFIT_SQ":3342000000,"HOLDER_PROFIT_QOQ_SQ":176.460481099656,"ROE_AVG_SQ":28.951357907047,"PE_TTM_SQ":26.432570007153,"PB_TTM_SQ":5.878363215473,"ROA_SQ":5.37865437076,"START_DATE":"2024-01-01 00:00:00","FISCAL_YEAR":"12-31","CURRENCY":"HKD","IS_CNY_CODE":0,"DPS_HKD_LY":0.491813,"ORG_TYPE":"一般企业","PREMIUM_INCOME":null,"PREMIUM_INCOME_YOY":null,"NET_INTEREST_INCOME":null,"NET_INTEREST_INCOME_YOY":null,"FEE_COMMISSION_INCOME":null,"FEE_COMMISSION_INCOME_YOY":null,"ACCOUNTS_RECE_TDAYS":22.08652657602,"INVENTORY_TDAYS":181.885245901639,"CURRENT_ASSETS_TDAYS":1.557938791525,"TOTAL_ASSETS_TDAYS":0.284588002007,"PREMIUM_EXPENSE":null,"LOAN_DEPOSIT":null,"LOAN_EQUITY":null,"LOAN_ASSETS":null,"DEPOSIT_EQUITY":null,"DEPOSIT_ASSETS":null,"EQUITY_MULTIPLIER":5.078503601842,"EQUITY_RATIO":4.106742499176},{"SECUCODE":"01179.HK","SECURITY_CODE":"01179","SECURITY_NAME_ABBR":"华住集团-S","ORG_CODE":"10137490","STD_REPORT_DATE":"2024-06-30 00:00:00","REPORT_DATE":"2024-06-30 00:00:00","DATE_TYPE_CODE":"002","REPORT_TYPE":"2024年中报","PER_NETCASH_OPERATE":0.996060308608,"PER_OI":3.646582853623,"BPS":4.015517719611,"BASIC_EPS":0.55,"DILUTED_EPS":0.54,"OPERATE_INCOME":11426000000,"OPERATE_INCOME_YOY":14.1458541459,"GROSS_PROFIT":4130000000,"GROSS_PROFIT_YOY":25.991458206223,"HOLDER_PROFIT":1726000000,"HOLDER_PROFIT_YOY":-13.9152119701,"GROSS_PROFIT_RATIO":36.145632767373,"EPS_TTM":1.214676557053,"OPERATE_INCOME_QOQ":2.724867724868,"NET_PROFIT_RATIO":15.3071941187,"ROE_AVG":13.966096209087,"GROSS_PROFIT_QOQ":4.598703888335,"ROA":2.740030480061,"HOLDER_PROFIT_QOQ":1.385189131593,"ROE_YEARLY":27.932192418174,"ROIC_YEARLY":6.220492305474,"TOTAL_ASSETS":62452000000,"TOTAL_LIABILITIES":49735000000,"TAX_EBT":28.641370869033,"OCF_SALES":27.314895851567,"TOTAL_PARENT_EQUITY":12582000000,"DEBT_ASSET_RATIO":79.6371613399,"OPERATE_PROFIT":2575000000,"PRETAX_PROFIT":2451000000,"NETCASH_OPERATE":3121000000,"NETCASH_INVEST":694000000,"NETCASH_FINANCE":-3363000000,"END_CASH":8165000000,"DIVI_RATIO":0.366921362129,"DIVIDEND_RATE":1.814808118081,"CURRENT_RATIO":0.966944936335,"COMMON_ACS":80000000000,"CURRENTDEBT_DEBT":23.844375188499,"ISSUED_COMMON_SHARES":3133344410,"HK_COMMON_SHARES":172774410,"PER_SHARES":100,"TOTAL_MARKET_CAP":84913633511,"HKSK_MARKET_CAP":4682186511,"PE_TTM":20.259243615477,"PB_TTM":6.311759443116,"REPORT_DATE_SQ":"2023-06-30 00:00:00","REPORT_TYPE_SQ":"2023年中报","OPERATE_INCOME_SQ":10010000000,"DPS_HKD":0.491813,"OPERATE_INCOME_QOQ_SQ":13.715599259307,"NET_PROFIT_RATIO_SQ":20.3396603397,"HOLDER_PROFIT_SQ":2005000000,"HOLDER_PROFIT_QOQ_SQ":679.10447761194,"ROE_AVG_SQ":18.453750575242,"PE_TTM_SQ":26.709350844924,"PB_TTM_SQ":5.939916756996,"ROA_SQ":3.217807878413,"START_DATE":"2024-01-01 00:00:00","FISCAL_YEAR":"12-31","CURRENCY":"HKD","IS_CNY_CODE":0,"DPS_HKD_LY":0.491813,"ORG_TYPE":"一般企业","PREMIUM_INCOME":null,"PREMIUM_INCOME_YOY":null,"NET_INTEREST_INCOME":null,"NET_INTEREST_INCOME_YOY":null,"FEE_COMMISSION_INCOME":null,"FEE_COMMISSION_INCOME_YOY":null,"ACCOUNTS_RECE_TDAYS":14.327272727273,"INVENTORY_TDAYS":121.6,"CURRENT_ASSETS_TDAYS":0.971474726863,"TOTAL_ASSETS_TDAYS":0.181388112776,"PREMIUM_EXPENSE":null,"LOAN_DEPOSIT":null,"LOAN_EQUITY":null,"LOAN_ASSETS":null,"DEPOSIT_EQUITY":null,"DEPOSIT_ASSETS":null,"EQUITY_MULTIPLIER":4.910906660374,"EQUITY_RATIO":3.952869178191},{"SECUCODE":"01179.HK","SECURITY_CODE":"01179","SECURITY_NAME_ABBR":"华住集团-S","ORG_CODE":"10137490","STD_REPORT_DATE":"2024-03-31 00:00:00","REPORT_DATE":"2024-03-31 00:00:00","DATE_TYPE_CODE":"003","REPORT_TYPE":"2024年一季报","PER_NETCASH_OPERATE":0.282350580694,"PER_OI":1.681993639846,"BPS":3.917858490379,"BASIC_EPS":0.21,"DILUTED_EPS":0.21,"OPERATE_INCOME":5278000000,"OPERATE_INCOME_YOY":17.8125,"GROSS_PROFIT":1713000000,"GROSS_PROFIT_YOY":39.268292682927,"HOLDER_PROFIT":659000000,"HOLDER_PROFIT_YOY":-33.4343434343,"GROSS_PROFIT_RATIO":32.455475558924,"EPS_TTM":1.196325146643,"OPERATE_INCOME_QOQ":3.646833013436,"NET_PROFIT_RATIO":12.6373626374,"ROE_AVG":5.39920527631,"GROSS_PROFIT_QOQ":6.404986076117,"ROA":1.054602483677,"HOLDER_PROFIT_QOQ":-8.102815177479,"ROE_YEARLY":21.596821105239,"ROIC_YEARLY":4.711981051973,"TOTAL_ASSETS":61444000000,"TOTAL_LIABILITIES":49046000000,"TAX_EBT":29.492600422833,"OCF_SALES":16.786661614248,"TOTAL_PARENT_EQUITY":12276000000,"DEBT_ASSET_RATIO":79.8222771955,"OPERATE_PROFIT":1003000000,"PRETAX_PROFIT":946000000,"NETCASH_OPERATE":886000000,"NETCASH_INVEST":348000000,"NETCASH_FINANCE":-2258000000,"END_CASH":6664000000,"DIVI_RATIO":0.372549869164,"DIVIDEND_RATE":1.814808118081,"CURRENT_RATIO":0.697726970623,"COMMON_ACS":80000000000,"CURRENTDEBT_DEBT":30.67732332912,"ISSUED_COMMON_SHARES":3133344410,"HK_COMMON_SHARES":172774410,"PER_SHARES":100,"TOTAL_MARKET_CAP":84913633511,"HKSK_MARKET_CAP":4682186511,"PE_TTM":20.259243615477,"PB_TTM":6.311759443116,"REPORT_DATE_SQ":"2023-03-31 00:00:00","REPORT_TYPE_SQ":"2023年一季报","OPERATE_INCOME_SQ":4480000000,"DPS_HKD":0.491813,"OPERATE_INCOME_QOQ_SQ":12.97792526331,"NET_PROFIT_RATIO_SQ":22.3214285714,"HOLDER_PROFIT_SQ":990000000,"HOLDER_PROFIT_QOQ_SQ":88.962108731466,"ROE_AVG_SQ":9.668912979783,"PE_TTM_SQ":26.709350844924,"PB_TTM_SQ":5.939916756996,"ROA_SQ":1.565477272907,"START_DATE":"2024-01-01 00:00:00","FISCAL_YEAR":"12-31","CURRENCY":"HKD","IS_CNY_CODE":0,"DPS_HKD_LY":0.491813,"ORG_TYPE":"一般企业","PREMIUM_INCOME":null,"PREMIUM_INCOME_YOY":null,"NET_INTEREST_INCOME":null,"NET_INTEREST_INCOME_YOY":null,"FEE_COMMISSION_INCOME":null,"FEE_COMMISSION_INCOME_YOY":null,"ACCOUNTS_RECE_TDAYS":6.73643905552,"INVENTORY_TDAYS":62,"CURRENT_ASSETS_TDAYS":0.468032278088,"TOTAL_ASSETS_TDAYS":0.08446421713,"PREMIUM_EXPENSE":null,"LOAN_DEPOSIT":null,"LOAN_EQUITY":null,"LOAN_ASSETS":null,"DEPOSIT_EQUITY":null,"DEPOSIT_ASSETS":null,"EQUITY_MULTIPLIER":4.955960638814,"EQUITY_RATIO":3.995275333985},{"SECUCODE":"01179.HK","SECURITY_CODE":"01179","SECURITY_NAME_ABBR":"华住集团-S","ORG_CODE":"10137490","STD_REPORT_DATE":"2023-12-31 00:00:00","REPORT_DATE":"2023-12-31 00:00:00","DATE_TYPE_CODE":"001","REPORT_TYPE":"2023年年报","PER_NETCASH_OPERATE":2.390361903814,"PER_OI":6.815988946996,"BPS":3.872858649458,"BASIC_EPS":1.28,"DILUTED_EPS":1.25,"OPERATE_INCOME":21882000000,"OPERATE_INCOME_YOY":57.8560092339,"GROSS_PROFIT":7541000000,"GROSS_PROFIT_YOY":370.724094881398,"HOLDER_PROFIT":4085000000,"HOLDER_PROFIT_YOY":324.3272926963,"GROSS_PROFIT_RATIO":34.462114980349,"EPS_TTM":1.272430072593,"OPERATE_INCOME_QOQ":9.388122375525,"NET_PROFIT_RATIO":18.8785302989,"ROE_AVG":39.158358895706,"GROSS_PROFIT_QOQ":21.062770910258,"ROA":6.533961404042,"HOLDER_PROFIT_QOQ":26.942200124301,"ROE_YEARLY":39.158358895706,"ROIC_YEARLY":7.146480992285,"TOTAL_ASSETS":63532000000,"TOTAL_LIABILITIES":51283000000,"TAX_EBT":22.567947516401,"OCF_SALES":35.069920482588,"TOTAL_PARENT_EQUITY":12135000000,"DEBT_ASSET_RATIO":80.7199521501,"OPERATE_PROFIT":4714000000,"PRETAX_PROFIT":5335000000,"NETCASH_OPERATE":7674000000,"NETCASH_INVEST":-1477000000,"NETCASH_FINANCE":-3720000000,"END_CASH":7710000000,"DIVI_RATIO":0.350267402869,"DIVIDEND_RATE":1.814808118081,"CURRENT_RATIO":0.692435816438,"COMMON_ACS":80000000000,"CURRENTDEBT_DEBT":33.950821909795,"ISSUED_COMMON_SHARES":3133344410,"HK_COMMON_SHARES":172774410,"PER_SHARES":100,"TOTAL_MARKET_CAP":84913633511,"HKSK_MARKET_CAP":4682186511,"PE_TTM":20.259243615477,"PB_TTM":6.311759443116,"REPORT_DATE_SQ":"2022-12-31 00:00:00","REPORT_TYPE_SQ":"2022年年报","OPERATE_INCOME_SQ":13862000000,"DPS_HKD":0.491813,"OPERATE_INCOME_QOQ_SQ":2.651066350711,"NET_PROFIT_RATIO_SQ":-13.3386235752,"HOLDER_PROFIT_SQ":-1821000000,"HOLDER_PROFIT_QOQ_SQ":15.223463687151,"ROE_AVG_SQ":-18.521155410903,"PE_TTM_SQ":26.709350844924,"PB_TTM_SQ":5.939916756996,"ROA_SQ":-2.918830544335,"START_DATE":"2023-01-01 00:00:00","FISCAL_YEAR":"12-31","CURRENCY":"HKD","IS_CNY_CODE":0,"DPS_HKD_LY":0.724894,"ORG_TYPE":"一般企业","PREMIUM_INCOME":null,"PREMIUM_INCOME_YOY":null,"NET_INTEREST_INCOME":null,"NET_INTEREST_INCOME_YOY":null,"FEE_COMMISSION_INCOME":null,"FEE_COMMISSION_INCOME_YOY":null,"ACCOUNTS_RECE_TDAYS":23.428265524625,"INVENTORY_TDAYS":222.341085271318,"CURRENT_ASSETS_TDAYS":2.061034190449,"TOTAL_ASSETS_TDAYS":0.350002799127,"PREMIUM_EXPENSE":null,"LOAN_DEPOSIT":null,"LOAN_EQUITY":null,"LOAN_ASSETS":null,"DEPOSIT_EQUITY":null,"DEPOSIT_ASSETS":null,"EQUITY_MULTIPLIER":5.186709119112,"EQUITY_RATIO":4.226040379069},{"SECUCODE":"01179.HK","SECURITY_CODE":"01179","SECURITY_NAME_ABBR":"华住集团-S","ORG_CODE":"10137490","STD_REPORT_DATE":"2023-09-30 00:00:00","REPORT_DATE":"2023-09-30 00:00:00","DATE_TYPE_CODE":"004","REPORT_TYPE":"2023年三季报","PER_NETCASH_OPERATE":1.611730832964,"PER_OI":4.991067664004,"BPS":4.582324226528,"BASIC_EPS":1.05,"DILUTED_EPS":1.03,"OPERATE_INCOME":16298000000,"OPERATE_INCOME_YOY":60.476565577,"GROSS_PROFIT":5953000000,"GROSS_PROFIT_YOY":348.94419306184,"HOLDER_PROFIT":3342000000,"HOLDER_PROFIT_YOY":296.9357690041,"GROSS_PROFIT_RATIO":36.525954104798,"EPS_TTM":0.985474030112,"OPERATE_INCOME_QOQ":12.32522881689,"NET_PROFIT_RATIO":20.7878267272,"ROE_AVG":28.951357907047,"GROSS_PROFIT_QOQ":35.35419382877,"ROA":5.37865437076,"HOLDER_PROFIT_QOQ":176.460481099656,"ROE_YEARLY":38.60181054273,"ROIC_YEARLY":5.825902779594,"TOTAL_ASSETS":62762000000,"TOTAL_LIABILITIES":48288000000,"TAX_EBT":21.410345627465,"OCF_SALES":32.292305804393,"TOTAL_PARENT_EQUITY":14358000000,"DEBT_ASSET_RATIO":76.9382747522,"OPERATE_PROFIT":null,"PRETAX_PROFIT":4311000000,"NETCASH_OPERATE":5263000000,"NETCASH_INVEST":-1200000000,"NETCASH_FINANCE":-2975000000,"END_CASH":6296000000,"DIVI_RATIO":0.452260296306,"DIVIDEND_RATE":1.814808118081,"CURRENT_RATIO":0.729101958136,"COMMON_ACS":80000000000,"CURRENTDEBT_DEBT":30.670145791915,"ISSUED_COMMON_SHARES":3133344410,"HK_COMMON_SHARES":172774410,"PER_SHARES":100,"TOTAL_MARKET_CAP":84913633511,"HKSK_MARKET_CAP":4682186511,"PE_TTM":20.259243615477,"PB_TTM":6.311759443116,"REPORT_DATE_SQ":"2022-09-30 00:00:00","REPORT_TYPE_SQ":"2022年三季报","OPERATE_INCOME_SQ":10156000000,"DPS_HKD":0.491813,"OPERATE_INCOME_QOQ_SQ":4.406989330447,"NET_PROFIT_RATIO_SQ":-16.8865695156,"HOLDER_PROFIT_SQ":-1697000000,"HOLDER_PROFIT_QOQ_SQ":-36.380952380952,"ROE_AVG_SQ":-17.231710425695,"PE_TTM_SQ":26.709350844924,"PB_TTM_SQ":5.939916756996,"ROA_SQ":-2.711461943268,"START_DATE":"2023-01-01 00:00:00","FISCAL_YEAR":"12-31","CURRENCY":"HKD","IS_CNY_CODE":0,"DPS_HKD_LY":0.724894,"ORG_TYPE":"一般企业","PREMIUM_INCOME":null,"PREMIUM_INCOME_YOY":null,"NET_INTEREST_INCOME":null,"NET_INTEREST_INCOME_YOY":null,"FEE_COMMISSION_INCOME":null,"FEE_COMMISSION_INCOME_YOY":null,"ACCOUNTS_RECE_TDAYS":14.716027088036,"INVENTORY_TDAYS":153.259259259259,"CURRENT_ASSETS_TDAYS":1.631758109732,"TOTAL_ASSETS_TDAYS":0.262301941755,"PREMIUM_EXPENSE":null,"LOAN_DEPOSIT":null,"LOAN_EQUITY":null,"LOAN_ASSETS":null,"DEPOSIT_EQUITY":null,"DEPOSIT_ASSETS":null,"EQUITY_MULTIPLIER":4.336189028596,"EQUITY_RATIO":3.363142498955},{"SECUCODE":"01179.HK","SECURITY_CODE":"01179","SECURITY_NAME_ABBR":"华住集团-S","ORG_CODE":"10137490","STD_REPORT_DATE":"2023-06-30 00:00:00","REPORT_DATE":"2023-06-30 00:00:00","DATE_TYPE_CODE":"002","REPORT_TYPE":"2023年中报","PER_NETCASH_OPERATE":1.250063701341,"PER_OI":3.0654428345,"BPS":4.149240651142,"BASIC_EPS":0.63,"DILUTED_EPS":0.62,"OPERATE_INCOME":10010000000,"OPERATE_INCOME_YOY":65.0997855847,"GROSS_PROFIT":3278000000,"GROSS_PROFIT_YOY":1079.13669064748,"HOLDER_PROFIT":2005000000,"HOLDER_PROFIT_YOY":304.5918367347,"GROSS_PROFIT_RATIO":32.747252747253,"EPS_TTM":0.356461084851,"OPERATE_INCOME_QOQ":13.715599259307,"NET_PROFIT_RATIO":20.3396603397,"ROE_AVG":18.453750575242,"GROSS_PROFIT_QOQ":55.263157894737,"ROA":3.217807878413,"HOLDER_PROFIT_QOQ":679.10447761194,"ROE_YEARLY":36.907501150483,"ROIC_YEARLY":7.063278876216,"TOTAL_ASSETS":63112000000,"TOTAL_LIABILITIES":50010000000,"TAX_EBT":19.779353821907,"OCF_SALES":40.779220779221,"TOTAL_PARENT_EQUITY":13001000000,"DEBT_ASSET_RATIO":79.2400811256,"OPERATE_PROFIT":2049000000,"PRETAX_PROFIT":2538000000,"NETCASH_OPERATE":4082000000,"NETCASH_INVEST":849000000,"NETCASH_FINANCE":-2362000000,"END_CASH":7836000000,"DIVI_RATIO":1.25032099099,"DIVIDEND_RATE":1.814808118081,"CURRENT_RATIO":0.671006668784,"COMMON_ACS":80000000000,"CURRENTDEBT_DEBT":31.483703259348,"ISSUED_COMMON_SHARES":3133344410,"HK_COMMON_SHARES":172774410,"PER_SHARES":100,"TOTAL_MARKET_CAP":84913633511,"HKSK_MARKET_CAP":4682186511,"PE_TTM":20.259243615477,"PB_TTM":6.311759443116,"REPORT_DATE_SQ":"2022-06-30 00:00:00","REPORT_TYPE_SQ":"2022年中报","OPERATE_INCOME_SQ":6063000000,"DPS_HKD":0.491813,"OPERATE_INCOME_QOQ_SQ":-1.560240505366,"NET_PROFIT_RATIO_SQ":-16.6914068943,"HOLDER_PROFIT_SQ":-980000000,"HOLDER_PROFIT_QOQ_SQ":-85.950413223141,"ROE_AVG_SQ":-9.657075285771,"PE_TTM_SQ":26.709350844924,"PB_TTM_SQ":5.939916756996,"ROA_SQ":-1.566871852266,"START_DATE":"2023-01-01 00:00:00","FISCAL_YEAR":"12-31","CURRENCY":"HKD","IS_CNY_CODE":0,"DPS_HKD_LY":0.724894,"ORG_TYPE":"一般企业","PREMIUM_INCOME":null,"PREMIUM_INCOME_YOY":null,"NET_INTEREST_INCOME":null,"NET_INTEREST_INCOME_YOY":null,"FEE_COMMISSION_INCOME":null,"FEE_COMMISSION_INCOME_YOY":null,"ACCOUNTS_RECE_TDAYS":9.784946236559,"INVENTORY_TDAYS":99.733333333333,"CURRENT_ASSETS_TDAYS":1.014030289216,"TOTAL_ASSETS_TDAYS":0.160649660164,"PREMIUM_EXPENSE":null,"LOAN_DEPOSIT":null,"LOAN_EQUITY":null,"LOAN_ASSETS":null,"DEPOSIT_EQUITY":null,"DEPOSIT_ASSETS":null,"EQUITY_MULTIPLIER":4.816974507705,"EQUITY_RATIO":3.846627182524},{"SECUCODE":"01179.HK","SECURITY_CODE":"01179","SECURITY_NAME_ABBR":"华住集团-S","ORG_CODE":"10137490","STD_REPORT_DATE":"2023-03-31 00:00:00","REPORT_DATE":"2023-03-31 00:00:00","DATE_TYPE_CODE":"003","REPORT_TYPE":"2023年一季报","PER_NETCASH_OPERATE":0.564702955726,"PER_OI":1.371946443412,"BPS":3.74966759559,"BASIC_EPS":0.31,"DILUTED_EPS":0.3,"OPERATE_INCOME":4480000000,"OPERATE_INCOME_YOY":67.1018276762,"GROSS_PROFIT":1230000000,"GROSS_PROFIT_YOY":1031.81818181818,"HOLDER_PROFIT":990000000,"HOLDER_PROFIT_YOY":257.1428571429,"GROSS_PROFIT_RATIO":27.455357142857,"EPS_TTM":-0.061553847126,"OPERATE_INCOME_QOQ":12.97792526331,"NET_PROFIT_RATIO":22.3214285714,"ROE_AVG":9.668912979783,"GROSS_PROFIT_QOQ":85.01872659176,"ROA":1.565477272907,"HOLDER_PROFIT_QOQ":88.962108731466,"ROE_YEARLY":38.675651919133,"ROIC_YEARLY":6.960923904446,"TOTAL_ASSETS":64972000000,"TOTAL_LIABILITIES":53142000000,"TAX_EBT":16.247906197655,"OCF_SALES":41.160714285714,"TOTAL_PARENT_EQUITY":11749000000,"DEBT_ASSET_RATIO":81.7921566213,"OPERATE_PROFIT":664000000,"PRETAX_PROFIT":1194000000,"NETCASH_OPERATE":1844000000,"NETCASH_INVEST":1981000000,"NETCASH_FINANCE":1462000000,"END_CASH":10352000000,"DIVI_RATIO":-7.240664843342,"DIVIDEND_RATE":1.814808118081,"CURRENT_RATIO":0.936057763883,"COMMON_ACS":80000000000,"CURRENTDEBT_DEBT":25.279439990968,"ISSUED_COMMON_SHARES":3133344410,"HK_COMMON_SHARES":172774410,"PER_SHARES":100,"TOTAL_MARKET_CAP":84913633511,"HKSK_MARKET_CAP":4682186511,"PE_TTM":20.259243615477,"PB_TTM":6.311759443116,"REPORT_DATE_SQ":"2022-03-31 00:00:00","REPORT_TYPE_SQ":"2022年一季报","OPERATE_INCOME_SQ":2681000000,"DPS_HKD":0.491813,"OPERATE_INCOME_QOQ_SQ":2.768869769261,"NET_PROFIT_RATIO_SQ":-24.207385304,"HOLDER_PROFIT_SQ":-630000000,"HOLDER_PROFIT_QOQ_SQ":-82.150537634409,"ROE_AVG_SQ":-6.101399447969,"PE_TTM_SQ":26.709350844924,"PB_TTM_SQ":5.939916756996,"ROA_SQ":-1.006872303021,"START_DATE":"2023-01-01 00:00:00","FISCAL_YEAR":"12-31","CURRENCY":"HKD","IS_CNY_CODE":0,"DPS_HKD_LY":0.724894,"ORG_TYPE":"一般企业","PREMIUM_INCOME":null,"PREMIUM_INCOME_YOY":null,"NET_INTEREST_INCOME":null,"NET_INTEREST_INCOME_YOY":null,"FEE_COMMISSION_INCOME":null,"FEE_COMMISSION_INCOME_YOY":null,"ACCOUNTS_RECE_TDAYS":4.372864812103,"INVENTORY_TDAYS":48.872180451128,"CURRENT_ASSETS_TDAYS":0.41189720958,"TOTAL_ASSETS_TDAYS":0.070841799824,"PREMIUM_EXPENSE":null,"LOAN_DEPOSIT":null,"LOAN_EQUITY":null,"LOAN_ASSETS":null,"DEPOSIT_EQUITY":null,"DEPOSIT_ASSETS":null,"EQUITY_MULTIPLIER":5.492138630596,"EQUITY_RATIO":4.523108349647},{"SECUCODE":"01179.HK","SECURITY_CODE":"01179","SECURITY_NAME_ABBR":"华住集团-S","ORG_CODE":"10137490","STD_REPORT_DATE":"2022-12-31 00:00:00","REPORT_DATE":"2022-12-31 00:00:00","DATE_TYPE_CODE":"001","REPORT_TYPE":"2022年年报","PER_NETCASH_OPERATE":0.478956303013,"PER_OI":4.245071785398,"BPS":2.785841215585,"BASIC_EPS":-0.59,"DILUTED_EPS":-0.59,"OPERATE_INCOME":13862000000,"OPERATE_INCOME_YOY":8.423934298,"GROSS_PROFIT":1602000000,"GROSS_PROFIT_YOY":6.586826347305,"HOLDER_PROFIT":-1821000000,"HOLDER_PROFIT_YOY":-291.6129032258,"GROSS_PROFIT_RATIO":11.556773914298,"EPS_TTM":-0.557659480682,"OPERATE_INCOME_QOQ":2.651066350711,"NET_PROFIT_RATIO":-13.3386235752,"ROE_AVG":-18.521155410903,"GROSS_PROFIT_QOQ":8.316430020284,"ROA":-2.918830544335,"HOLDER_PROFIT_QOQ":15.223463687151,"ROE_YEARLY":-18.521155410903,"ROIC_YEARLY":-3.142526791723,"TOTAL_ASSETS":61507000000,"TOTAL_LIABILITIES":52704000000,"TAX_EBT":-12.606577344702,"OCF_SALES":11.28264319723,"TOTAL_PARENT_EQUITY":8729000000,"DEBT_ASSET_RATIO":85.6878078918,"OPERATE_PROFIT":-294000000,"PRETAX_PROFIT":-1642000000,"NETCASH_OPERATE":1564000000,"NETCASH_INVEST":-522000000,"NETCASH_FINANCE":-1394000000,"END_CASH":5086000000,"DIVI_RATIO":-0.799216712527,"DIVIDEND_RATE":1.814808118081,"CURRENT_RATIO":0.698159135859,"COMMON_ACS":80000000000,"CURRENTDEBT_DEBT":24.943078324226,"ISSUED_COMMON_SHARES":3133344410,"HK_COMMON_SHARES":172774410,"PER_SHARES":100,"TOTAL_MARKET_CAP":84913633511,"HKSK_MARKET_CAP":4682186511,"PE_TTM":20.259243615477,"PB_TTM":6.311759443116,"REPORT_DATE_SQ":"2021-12-31 00:00:00","REPORT_TYPE_SQ":"2021年年报","OPERATE_INCOME_SQ":12785000000,"DPS_HKD":0.491813,"OPERATE_INCOME_QOQ_SQ":2.206411383804,"NET_PROFIT_RATIO_SQ":-3.7543996871,"HOLDER_PROFIT_SQ":-465000000,"HOLDER_PROFIT_QOQ_SQ":-166.810344827586,"ROE_AVG_SQ":-4.176959353245,"PE_TTM_SQ":26.709350844924,"PB_TTM_SQ":5.939916756996,"ROA_SQ":-0.724163707718,"START_DATE":"2022-01-01 00:00:00","FISCAL_YEAR":"12-31","CURRENCY":"HKD","IS_CNY_CODE":0,"DPS_HKD_LY":null,"ORG_TYPE":"一般企业","PREMIUM_INCOME":null,"PREMIUM_INCOME_YOY":null,"NET_INTEREST_INCOME":null,"NET_INTEREST_INCOME_YOY":null,"FEE_COMMISSION_INCOME":null,"FEE_COMMISSION_INCOME_YOY":null,"ACCOUNTS_RECE_TDAYS":16.966952264382,"INVENTORY_TDAYS":155.189873417722,"CURRENT_ASSETS_TDAYS":1.480113181357,"TOTAL_ASSETS_TDAYS":0.222190164775,"PREMIUM_EXPENSE":null,"LOAN_DEPOSIT":null,"LOAN_EQUITY":null,"LOAN_ASSETS":null,"DEPOSIT_EQUITY":null,"DEPOSIT_ASSETS":null,"EQUITY_MULTIPLIER":6.98704986937,"EQUITY_RATIO":6.037805017757},{"SECUCODE":"01179.HK","SECURITY_CODE":"01179","SECURITY_NAME_ABBR":"华住集团-S","ORG_CODE":"10137490","STD_REPORT_DATE":"2022-09-30 00:00:00","REPORT_DATE":"2022-09-30 00:00:00","DATE_TYPE_CODE":"004","REPORT_TYPE":"2022年三季报","PER_NETCASH_OPERATE":0.161581603994,"PER_OI":3.155813019545,"BPS":2.770202972995,"BASIC_EPS":-0.54,"DILUTED_EPS":-0.54,"OPERATE_INCOME":10156000000,"OPERATE_INCOME_YOY":7.6189466992,"GROSS_PROFIT":1326000000,"GROSS_PROFIT_YOY":-1.777777777778,"HOLDER_PROFIT":-1697000000,"HOLDER_PROFIT_YOY":-24042.8571428571,"GROSS_PROFIT_RATIO":13.056321386373,"EPS_TTM":-0.667456318037,"OPERATE_INCOME_QOQ":4.406989330447,"NET_PROFIT_RATIO":-16.8865695156,"ROE_AVG":-17.231710425695,"GROSS_PROFIT_QOQ":38.353601496726,"ROA":-2.711461943268,"HOLDER_PROFIT_QOQ":-36.380952380952,"ROE_YEARLY":-22.975613900926,"ROIC_YEARLY":-2.960471573342,"TOTAL_ASSETS":61387000000,"TOTAL_LIABILITIES":52624000000,"TAX_EBT":-0.23282887078,"OCF_SALES":5.120126033872,"TOTAL_PARENT_EQUITY":8680000000,"DEBT_ASSET_RATIO":85.7249906332,"OPERATE_PROFIT":null,"PRETAX_PROFIT":-1718000000,"NETCASH_OPERATE":520000000,"NETCASH_INVEST":-670000000,"NETCASH_FINANCE":6000000,"END_CASH":5217000000,"DIVI_RATIO":-0.667745236379,"DIVIDEND_RATE":1.814808118081,"CURRENT_RATIO":0.696250455042,"COMMON_ACS":80000000000,"CURRENTDEBT_DEBT":26.100258437215,"ISSUED_COMMON_SHARES":3133344410,"HK_COMMON_SHARES":172774410,"PER_SHARES":100,"TOTAL_MARKET_CAP":84913633511,"HKSK_MARKET_CAP":4682186511,"PE_TTM":20.259243615477,"PB_TTM":6.311759443116,"REPORT_DATE_SQ":"2021-09-30 00:00:00","REPORT_TYPE_SQ":"2021年三季报","OPERATE_INCOME_SQ":9437000000,"DPS_HKD":0.491813,"OPERATE_INCOME_QOQ_SQ":3.005599472991,"NET_PROFIT_RATIO_SQ":-0.1801419943,"HOLDER_PROFIT_SQ":-7000000,"HOLDER_PROFIT_QOQ_SQ":12.07729468599,"ROE_AVG_SQ":-0.061706629055,"PE_TTM_SQ":26.709350844924,"PB_TTM_SQ":5.939916756996,"ROA_SQ":-0.010850358062,"START_DATE":"2022-01-01 00:00:00","FISCAL_YEAR":"12-31","CURRENCY":"HKD","IS_CNY_CODE":0,"DPS_HKD_LY":null,"ORG_TYPE":"一般企业","PREMIUM_INCOME":null,"PREMIUM_INCOME_YOY":null,"NET_INTEREST_INCOME":null,"NET_INTEREST_INCOME_YOY":null,"FEE_COMMISSION_INCOME":null,"FEE_COMMISSION_INCOME_YOY":null,"ACCOUNTS_RECE_TDAYS":11.593607305936,"INVENTORY_TDAYS":103.27485380117,"CURRENT_ASSETS_TDAYS":1.062565390249,"TOTAL_ASSETS_TDAYS":0.162944423052,"PREMIUM_EXPENSE":null,"LOAN_DEPOSIT":null,"LOAN_EQUITY":null,"LOAN_ASSETS":null,"DEPOSIT_EQUITY":null,"DEPOSIT_ASSETS":null,"EQUITY_MULTIPLIER":7.005249343834,"EQUITY_RATIO":6.06267281106}],"count":25},"success":true,"message":"ok","code":0}