{"version":"ad7ecc45a9df7c2179aacd75f5d91177","result":{"pages":6,"data":[{"SECUCODE":"01170.HK","SECURITY_CODE":"01170","SECURITY_NAME_ABBR":"信星集团","ORG_CODE":"10010523","STD_REPORT_DATE":"2024-06-30 00:00:00","REPORT_DATE":"2024-09-30 00:00:00","DATE_TYPE_CODE":"002","REPORT_TYPE":"2024年中报","PER_NETCASH_OPERATE":-0.047440533346,"PER_OI":0.434001950102,"BPS":1.48678727341,"BASIC_EPS":-0.017404547,"DILUTED_EPS":-0.017404547,"OPERATE_INCOME":294042156.35,"OPERATE_INCOME_YOY":-14.8726477161,"GROSS_PROFIT":2665691.24,"GROSS_PROFIT_YOY":-86.686035364836,"HOLDER_PROFIT":-11693510.93,"HOLDER_PROFIT_YOY":-159.1857227623,"GROSS_PROFIT_RATIO":0.906567708892,"EPS_TTM":0.027056802614,"OPERATE_INCOME_QOQ":0,"NET_PROFIT_RATIO":-4.1654271388,"ROE_AVG":-1.132622623628,"GROSS_PROFIT_QOQ":0,"ROA":-0.878788874819,"HOLDER_PROFIT_QOQ":0,"ROE_YEARLY":-2.265245247256,"ROIC_YEARLY":-2.371634396655,"TOTAL_ASSETS":1300076374.98,"TOTAL_LIABILITIES":281687633.35,"TAX_EBT":20.274712373797,"OCF_SALES":-10.93094935059,"TOTAL_PARENT_EQUITY":1007318367.59,"DEBT_ASSET_RATIO":21.6670065522,"OPERATE_PROFIT":-20484159.85,"PRETAX_PROFIT":-15362894.44,"NETCASH_OPERATE":-32141599.18,"NETCASH_INVEST":90077999.52,"NETCASH_FINANCE":-45683779.61,"END_CASH":58166356.79,"DIVI_RATIO":2.944959947243,"DIVIDEND_RATE":11,"CURRENT_RATIO":3.038133405915,"COMMON_ACS":1000000000,"CURRENTDEBT_DEBT":68.219550845966,"ISSUED_COMMON_SHARES":677513445,"HK_COMMON_SHARES":677513445,"PER_SHARES":2000,"TOTAL_MARKET_CAP":542010756,"HKSK_MARKET_CAP":542010756,"PE_TTM":-36.984698464688,"PB_TTM":0.485228796952,"REPORT_DATE_SQ":"2023-06-30 00:00:00","REPORT_TYPE_SQ":"2023年中报","OPERATE_INCOME_SQ":351481654.16,"DPS_HKD":0.088,"OPERATE_INCOME_QOQ_SQ":0,"NET_PROFIT_RATIO_SQ":5.7598320767,"HOLDER_PROFIT_SQ":20104355.67,"HOLDER_PROFIT_QOQ_SQ":0,"ROE_AVG_SQ":1.836568921421,"PE_TTM_SQ":11.711137396539,"PB_TTM_SQ":0.461394878223,"ROA_SQ":1.404287149129,"START_DATE":"2024-04-01 00:00:00","FISCAL_YEAR":"3-31","CURRENCY":"HKD","IS_CNY_CODE":0,"DPS_HKD_LY":0.088,"ORG_TYPE":"一般企业","PREMIUM_INCOME":null,"PREMIUM_INCOME_YOY":null,"NET_INTEREST_INCOME":null,"NET_INTEREST_INCOME_YOY":null,"FEE_COMMISSION_INCOME":null,"FEE_COMMISSION_INCOME_YOY":null,"ACCOUNTS_RECE_TDAYS":1.931676135522,"INVENTORY_TDAYS":3.599839565937,"CURRENT_ASSETS_TDAYS":0.476519296646,"TOTAL_ASSETS_TDAYS":0.220978093983,"PREMIUM_EXPENSE":null,"LOAN_DEPOSIT":null,"LOAN_EQUITY":null,"LOAN_ASSETS":null,"DEPOSIT_EQUITY":null,"DEPOSIT_ASSETS":null,"EQUITY_MULTIPLIER":1.276601283808,"EQUITY_RATIO":0.279641116864},{"SECUCODE":"01170.HK","SECURITY_CODE":"01170","SECURITY_NAME_ABBR":"信星集团","ORG_CODE":"10010523","STD_REPORT_DATE":"2023-12-31 00:00:00","REPORT_DATE":"2024-03-31 00:00:00","DATE_TYPE_CODE":"001","REPORT_TYPE":"2023年年报","PER_NETCASH_OPERATE":0.059982066234,"PER_OI":0.917914318315,"BPS":1.569148703684,"BASIC_EPS":0.0271965,"DILUTED_EPS":0.027105845,"OPERATE_INCOME":624856811.95,"OPERATE_INCOME_YOY":-35.09549198,"GROSS_PROFIT":26386044.3,"GROSS_PROFIT_YOY":-66.368726976509,"HOLDER_PROFIT":18331347.55,"HOLDER_PROFIT_YOY":-62.14004868,"GROSS_PROFIT_RATIO":4.222734520195,"EPS_TTM":0.0599306056,"OPERATE_INCOME_QOQ":0,"NET_PROFIT_RATIO":2.9098943954,"ROE_AVG":1.700725758497,"GROSS_PROFIT_QOQ":0,"ROA":1.305674041875,"HOLDER_PROFIT_QOQ":0,"ROE_YEARLY":1.700725758497,"ROIC_YEARLY":1.784064731349,"TOTAL_ASSETS":1368387364.75,"TOTAL_LIABILITIES":293581684.75,"TAX_EBT":-58.905086357154,"OCF_SALES":6.534604051539,"TOTAL_PARENT_EQUITY":1063119343.95,"DEBT_ASSET_RATIO":21.4545743634,"OPERATE_PROFIT":-10137948.65,"PRETAX_PROFIT":11442474.1,"NETCASH_OPERATE":40831918.55,"NETCASH_INVEST":2635340.85,"NETCASH_FINANCE":-26123144.8,"END_CASH":45543258.9,"DIVI_RATIO":1.406115442281,"DIVIDEND_RATE":15.245901639344,"CURRENT_RATIO":3.188017524547,"COMMON_ACS":1000000000,"CURRENTDEBT_DEBT":69.847303493955,"ISSUED_COMMON_SHARES":677513445,"HK_COMMON_SHARES":677513445,"PER_SHARES":2000,"TOTAL_MARKET_CAP":413283201.45,"HKSK_MARKET_CAP":413283201.45,"PE_TTM":-28.200832579324,"PB_TTM":0.369986957676,"REPORT_DATE_SQ":"2022-12-31 00:00:00","REPORT_TYPE_SQ":"2022年年报","OPERATE_INCOME_SQ":929662659.34,"DPS_HKD":0.093,"OPERATE_INCOME_QOQ_SQ":0,"NET_PROFIT_RATIO_SQ":5.0788437382,"HOLDER_PROFIT_SQ":46755648.1,"HOLDER_PROFIT_QOQ_SQ":0,"ROE_AVG_SQ":4.421275265982,"PE_TTM_SQ":10.979191309255,"PB_TTM_SQ":0.432557698334,"ROA_SQ":3.29153841674,"START_DATE":"2023-04-01 00:00:00","FISCAL_YEAR":"3-31","CURRENCY":"HKD","IS_CNY_CODE":0,"DPS_HKD_LY":0.007,"ORG_TYPE":"一般企业","PREMIUM_INCOME":null,"PREMIUM_INCOME_YOY":null,"NET_INTEREST_INCOME":null,"NET_INTEREST_INCOME_YOY":null,"FEE_COMMISSION_INCOME":null,"FEE_COMMISSION_INCOME_YOY":null,"ACCOUNTS_RECE_TDAYS":4.538590952041,"INVENTORY_TDAYS":5.223263100428,"CURRENT_ASSETS_TDAYS":0.924044124991,"TOTAL_ASSETS_TDAYS":0.445062381272,"PREMIUM_EXPENSE":null,"LOAN_DEPOSIT":null,"LOAN_EQUITY":null,"LOAN_ASSETS":null,"DEPOSIT_EQUITY":null,"DEPOSIT_ASSETS":null,"EQUITY_MULTIPLIER":1.273148616734,"EQUITY_RATIO":0.276151202046},{"SECUCODE":"01170.HK","SECURITY_CODE":"01170","SECURITY_NAME_ABBR":"信星集团","ORG_CODE":"10010523","STD_REPORT_DATE":"2023-06-30 00:00:00","REPORT_DATE":"2023-09-30 00:00:00","DATE_TYPE_CODE":"002","REPORT_TYPE":"2023年中报","PER_NETCASH_OPERATE":0.07804571268,"PER_OI":0.516179255782,"BPS":1.5990756779,"BASIC_EPS":0.029731212,"DILUTED_EPS":0.029639449,"OPERATE_INCOME":351481654.16,"OPERATE_INCOME_YOY":-40.0740016427,"GROSS_PROFIT":20021768.97,"GROSS_PROFIT_YOY":-61.356027265288,"HOLDER_PROFIT":20104355.67,"HOLDER_PROFIT_YOY":-23.937647549,"GROSS_PROFIT_RATIO":5.696390902066,"EPS_TTM":0.068679582563,"OPERATE_INCOME_QOQ":0,"NET_PROFIT_RATIO":5.7598320767,"ROE_AVG":1.836568921421,"GROSS_PROFIT_QOQ":0,"ROA":1.404287149129,"HOLDER_PROFIT_QOQ":0,"ROE_YEARLY":3.673137842843,"ROIC_YEARLY":3.852487482361,"TOTAL_ASSETS":1406123907.09,"TOTAL_LIABILITIES":310608578.7,"TAX_EBT":17.262328895556,"OCF_SALES":15.119885544811,"TOTAL_PARENT_EQUITY":1083395271.35,"DEBT_ASSET_RATIO":22.0897018487,"OPERATE_PROFIT":12028294.04,"PRETAX_PROFIT":24468603.95,"NETCASH_OPERATE":53143623.82,"NETCASH_INVEST":-36783198.55,"NETCASH_FINANCE":-12345794.02,"END_CASH":32482266.74,"DIVI_RATIO":1.226992751781,"DIVIDEND_RATE":15.245901639344,"CURRENT_RATIO":3.128182130289,"COMMON_ACS":1000000000,"CURRENTDEBT_DEBT":68.841029277084,"ISSUED_COMMON_SHARES":677513445,"HK_COMMON_SHARES":677513445,"PER_SHARES":2000,"TOTAL_MARKET_CAP":413283201.45,"HKSK_MARKET_CAP":413283201.45,"PE_TTM":-28.200832579324,"PB_TTM":0.369986957676,"REPORT_DATE_SQ":"2022-06-30 00:00:00","REPORT_TYPE_SQ":"2022年中报","OPERATE_INCOME_SQ":578095437,"DPS_HKD":0.093,"OPERATE_INCOME_QOQ_SQ":0,"NET_PROFIT_RATIO_SQ":4.5494582861,"HOLDER_PROFIT_SQ":26051489.76,"HOLDER_PROFIT_QOQ_SQ":0,"ROE_AVG_SQ":2.420319118454,"PE_TTM_SQ":10.979191309255,"PB_TTM_SQ":0.432557698334,"ROA_SQ":1.764369884306,"START_DATE":"2023-04-01 00:00:00","FISCAL_YEAR":"3-31","CURRENCY":"HKD","IS_CNY_CODE":0,"DPS_HKD_LY":0.007,"ORG_TYPE":"一般企业","PREMIUM_INCOME":null,"PREMIUM_INCOME_YOY":null,"NET_INTEREST_INCOME":null,"NET_INTEREST_INCOME_YOY":null,"FEE_COMMISSION_INCOME":null,"FEE_COMMISSION_INCOME_YOY":null,"ACCOUNTS_RECE_TDAYS":2.936607543308,"INVENTORY_TDAYS":2.65099757441,"CURRENT_ASSETS_TDAYS":0.510824439107,"TOTAL_ASSETS_TDAYS":0.245509569266,"PREMIUM_EXPENSE":null,"LOAN_DEPOSIT":null,"LOAN_EQUITY":null,"LOAN_ASSETS":null,"DEPOSIT_EQUITY":null,"DEPOSIT_ASSETS":null,"EQUITY_MULTIPLIER":1.283527368947,"EQUITY_RATIO":0.286699219494},{"SECUCODE":"01170.HK","SECURITY_CODE":"01170","SECURITY_NAME_ABBR":"信星集团","ORG_CODE":"10010523","STD_REPORT_DATE":"2022-12-31 00:00:00","REPORT_DATE":"2023-03-31 00:00:00","DATE_TYPE_CODE":"001","REPORT_TYPE":"2022年年报","PER_NETCASH_OPERATE":0.175627361663,"PER_OI":1.365585677076,"BPS":1.557251773756,"BASIC_EPS":0.069332472,"DILUTED_EPS":0.069244931,"OPERATE_INCOME":929662659.34,"OPERATE_INCOME_YOY":26.0223546821,"GROSS_PROFIT":78456870.43,"GROSS_PROFIT_YOY":283.902963644516,"HOLDER_PROFIT":46755648.1,"HOLDER_PROFIT_YOY":396.1463820349,"GROSS_PROFIT_RATIO":8.439283824274,"EPS_TTM":0.03571219211,"OPERATE_INCOME_QOQ":0,"NET_PROFIT_RATIO":5.0788437382,"ROE_AVG":4.421275265982,"GROSS_PROFIT_QOQ":0,"ROA":3.29153841674,"HOLDER_PROFIT_QOQ":0,"ROE_YEARLY":4.421275265982,"ROIC_YEARLY":4.222363029144,"TOTAL_ASSETS":1390115188.19,"TOTAL_LIABILITIES":326793179.23,"TAX_EBT":-7.186009538951,"OCF_SALES":12.860955164627,"TOTAL_PARENT_EQUITY":1055059013.97,"DEBT_ASSET_RATIO":23.5083525456,"OPERATE_PROFIT":15678593.1,"PRETAX_PROFIT":44050631.2,"NETCASH_OPERATE":119563497.8,"NETCASH_INVEST":-187125015.37,"NETCASH_FINANCE":-40242597.7,"END_CASH":28080526.57,"DIVI_RATIO":2.3596801266,"DIVIDEND_RATE":15.245901639344,"CURRENT_RATIO":2.834796585296,"COMMON_ACS":1000000000,"CURRENTDEBT_DEBT":72.831721148772,"ISSUED_COMMON_SHARES":677513445,"HK_COMMON_SHARES":677513445,"PER_SHARES":2000,"TOTAL_MARKET_CAP":413283201.45,"HKSK_MARKET_CAP":413283201.45,"PE_TTM":-28.200832579324,"PB_TTM":0.369986957676,"REPORT_DATE_SQ":"2021-12-31 00:00:00","REPORT_TYPE_SQ":"2021年年报","OPERATE_INCOME_SQ":683427583.87,"DPS_HKD":0.093,"OPERATE_INCOME_QOQ_SQ":0,"NET_PROFIT_RATIO_SQ":-2.3518815408,"HOLDER_PROFIT_SQ":-14626565.35,"HOLDER_PROFIT_QOQ_SQ":0,"ROE_AVG_SQ":-1.469017257186,"PE_TTM_SQ":10.979191309255,"PB_TTM_SQ":0.432557698334,"ROA_SQ":-1.092786247435,"START_DATE":"2022-04-01 00:00:00","FISCAL_YEAR":"3-31","CURRENCY":"HKD","IS_CNY_CODE":0,"DPS_HKD_LY":0.025,"ORG_TYPE":"一般企业","PREMIUM_INCOME":null,"PREMIUM_INCOME_YOY":null,"NET_INTEREST_INCOME":null,"NET_INTEREST_INCOME_YOY":null,"FEE_COMMISSION_INCOME":null,"FEE_COMMISSION_INCOME_YOY":null,"ACCOUNTS_RECE_TDAYS":6.072170253642,"INVENTORY_TDAYS":5.10983761627,"CURRENT_ASSETS_TDAYS":1.351823988717,"TOTAL_ASSETS_TDAYS":0.654470739296,"PREMIUM_EXPENSE":null,"LOAN_DEPOSIT":null,"LOAN_EQUITY":null,"LOAN_ASSETS":null,"DEPOSIT_EQUITY":null,"DEPOSIT_ASSETS":null,"EQUITY_MULTIPLIER":1.307332281732,"EQUITY_RATIO":0.309739241979},{"SECUCODE":"01170.HK","SECURITY_CODE":"01170","SECURITY_NAME_ABBR":"信星集团","ORG_CODE":"10010523","STD_REPORT_DATE":"2022-06-30 00:00:00","REPORT_DATE":"2022-09-30 00:00:00","DATE_TYPE_CODE":"002","REPORT_TYPE":"2022年中报","PER_NETCASH_OPERATE":0.043847967346,"PER_OI":0.849391578625,"BPS":1.561017776939,"BASIC_EPS":0.038710032,"DILUTED_EPS":0.038619588,"OPERATE_INCOME":578095437,"OPERATE_INCOME_YOY":68.4819425737,"GROSS_PROFIT":51810845.4,"GROSS_PROFIT_YOY":590.291004491649,"HOLDER_PROFIT":26051489.76,"HOLDER_PROFIT_YOY":286.2889664985,"GROSS_PROFIT_RATIO":8.962334259006,"EPS_TTM":-0.021516792015,"OPERATE_INCOME_QOQ":0,"NET_PROFIT_RATIO":4.5494582861,"ROE_AVG":2.420319118454,"GROSS_PROFIT_QOQ":0,"ROA":1.764369884306,"HOLDER_PROFIT_QOQ":0,"ROE_YEARLY":4.840638236908,"ROIC_YEARLY":4.378362643769,"TOTAL_ASSETS":1454107078.92,"TOTAL_LIABILITIES":388186552.44,"TAX_EBT":-41.112243412433,"OCF_SALES":5.162279500919,"TOTAL_PARENT_EQUITY":1057610531.76,"DEBT_ASSET_RATIO":26.6958711685,"OPERATE_PROFIT":2887876.92,"PRETAX_PROFIT":18637795.08,"NETCASH_OPERATE":29842902.24,"NETCASH_INVEST":-137415186.96,"NETCASH_FINANCE":-13601873.16,"END_CASH":18897369.36,"DIVI_RATIO":-3.916445813218,"DIVIDEND_RATE":15.245901639344,"CURRENT_RATIO":2.535084948374,"COMMON_ACS":1000000000,"CURRENTDEBT_DEBT":75.233282308289,"ISSUED_COMMON_SHARES":677513445,"HK_COMMON_SHARES":677513445,"PER_SHARES":2000,"TOTAL_MARKET_CAP":413283201.45,"HKSK_MARKET_CAP":413283201.45,"PE_TTM":-28.200832579324,"PB_TTM":0.369986957676,"REPORT_DATE_SQ":"2021-06-30 00:00:00","REPORT_TYPE_SQ":"2021年中报","OPERATE_INCOME_SQ":316040471.38,"DPS_HKD":0.093,"OPERATE_INCOME_QOQ_SQ":0,"NET_PROFIT_RATIO_SQ":-4.5965316456,"HOLDER_PROFIT_SQ":-12880773.72,"HOLDER_PROFIT_QOQ_SQ":0,"ROE_AVG_SQ":-1.254091898609,"PE_TTM_SQ":10.979191309255,"PB_TTM_SQ":0.432557698334,"ROA_SQ":-0.967704686721,"START_DATE":"2022-04-01 00:00:00","FISCAL_YEAR":"3-31","CURRENCY":"HKD","IS_CNY_CODE":0,"DPS_HKD_LY":0.025,"ORG_TYPE":"一般企业","PREMIUM_INCOME":null,"PREMIUM_INCOME_YOY":null,"NET_INTEREST_INCOME":null,"NET_INTEREST_INCOME_YOY":null,"FEE_COMMISSION_INCOME":null,"FEE_COMMISSION_INCOME_YOY":null,"ACCOUNTS_RECE_TDAYS":2.743929269795,"INVENTORY_TDAYS":2.998891952483,"CURRENT_ASSETS_TDAYS":0.789581123925,"TOTAL_ASSETS_TDAYS":0.391522399945,"PREMIUM_EXPENSE":null,"LOAN_DEPOSIT":null,"LOAN_EQUITY":null,"LOAN_ASSETS":null,"DEPOSIT_EQUITY":null,"DEPOSIT_ASSETS":null,"EQUITY_MULTIPLIER":1.36417963891,"EQUITY_RATIO":0.367041118429},{"SECUCODE":"01170.HK","SECURITY_CODE":"01170","SECURITY_NAME_ABBR":"信星集团","ORG_CODE":"10010523","STD_REPORT_DATE":"2021-12-31 00:00:00","REPORT_DATE":"2022-03-31 00:00:00","DATE_TYPE_CODE":"001","REPORT_TYPE":"2021年年报","PER_NETCASH_OPERATE":-0.052649899862,"PER_OI":1.002313027558,"BPS":1.449408308465,"BASIC_EPS":-0.021816169,"DILUTED_EPS":-0.021816169,"OPERATE_INCOME":683427583.87,"OPERATE_INCOME_YOY":4.7180385724,"GROSS_PROFIT":20436640.99,"GROSS_PROFIT_YOY":-36.765545291718,"HOLDER_PROFIT":-14626565.35,"HOLDER_PROFIT_YOY":-120.4715203523,"GROSS_PROFIT_RATIO":2.990315502672,"EPS_TTM":0.005818473374,"OPERATE_INCOME_QOQ":0,"NET_PROFIT_RATIO":-2.3518815408,"ROE_AVG":-1.469017257186,"GROSS_PROFIT_QOQ":0,"ROA":-1.092786247435,"HOLDER_PROFIT_QOQ":0,"ROE_YEARLY":-1.469017257186,"ROIC_YEARLY":-1.387930125587,"TOTAL_ASSETS":1344112825.32,"TOTAL_LIABILITIES":354890676.91,"TAX_EBT":40.877632599487,"OCF_SALES":-5.252840022452,"TOTAL_PARENT_EQUITY":981993616.28,"DEBT_ASSET_RATIO":26.4033398257,"OPERATE_PROFIT":-53753742.8,"PRETAX_PROFIT":-27186677.22,"NETCASH_OPERATE":-35899357.65,"NETCASH_INVEST":108299842.37,"NETCASH_FINANCE":-15376749.6,"END_CASH":126576763.73,"DIVI_RATIO":14.483068768548,"DIVIDEND_RATE":15.245901639344,"CURRENT_RATIO":2.464838349095,"COMMON_ACS":1000000000,"CURRENTDEBT_DEBT":74.211535429202,"ISSUED_COMMON_SHARES":677513445,"HK_COMMON_SHARES":677513445,"PER_SHARES":2000,"TOTAL_MARKET_CAP":413283201.45,"HKSK_MARKET_CAP":413283201.45,"PE_TTM":-28.200832579324,"PB_TTM":0.369986957676,"REPORT_DATE_SQ":"2020-12-31 00:00:00","REPORT_TYPE_SQ":"2020年年报","OPERATE_INCOME_SQ":680133249.6,"DPS_HKD":0.093,"OPERATE_INCOME_QOQ_SQ":0,"NET_PROFIT_RATIO_SQ":9.9145044239,"HOLDER_PROFIT_SQ":74458667.64,"HOLDER_PROFIT_QOQ_SQ":0,"ROE_AVG_SQ":7.328732736845,"PE_TTM_SQ":10.979191309255,"PB_TTM_SQ":0.432557698334,"ROA_SQ":5.556487614617,"START_DATE":"2021-04-01 00:00:00","FISCAL_YEAR":"3-31","CURRENCY":"HKD","IS_CNY_CODE":0,"DPS_HKD_LY":0.033,"ORG_TYPE":"一般企业","PREMIUM_INCOME":null,"PREMIUM_INCOME_YOY":null,"NET_INTEREST_INCOME":null,"NET_INTEREST_INCOME_YOY":null,"FEE_COMMISSION_INCOME":null,"FEE_COMMISSION_INCOME_YOY":null,"ACCOUNTS_RECE_TDAYS":4.165768197401,"INVENTORY_TDAYS":4.422463740675,"CURRENT_ASSETS_TDAYS":1.048772337472,"TOTAL_ASSETS_TDAYS":0.510605358743,"PREMIUM_EXPENSE":null,"LOAN_DEPOSIT":null,"LOAN_EQUITY":null,"LOAN_ASSETS":null,"DEPOSIT_EQUITY":null,"DEPOSIT_ASSETS":null,"EQUITY_MULTIPLIER":1.358757309954,"EQUITY_RATIO":0.361398150687},{"SECUCODE":"01170.HK","SECURITY_CODE":"01170","SECURITY_NAME_ABBR":"信星集团","ORG_CODE":"10010523","STD_REPORT_DATE":"2021-06-30 00:00:00","REPORT_DATE":"2021-09-30 00:00:00","DATE_TYPE_CODE":"002","REPORT_TYPE":"2021年中报","PER_NETCASH_OPERATE":0.010398346076,"PER_OI":0.463718319713,"BPS":1.501682887754,"BASIC_EPS":-0.01916038,"DILUTED_EPS":-0.01916038,"OPERATE_INCOME":316040471.38,"OPERATE_INCOME_YOY":-3.1136592903,"GROSS_PROFIT":-10567366.1,"GROSS_PROFIT_YOY":-157.113709784175,"HOLDER_PROFIT":-12880773.72,"HOLDER_PROFIT_YOY":-123.5830638765,"GROSS_PROFIT_RATIO":-3.343674958418,"EPS_TTM":0.109251350295,"OPERATE_INCOME_QOQ":0,"NET_PROFIT_RATIO":-4.5965316456,"ROE_AVG":-1.254091898609,"GROSS_PROFIT_QOQ":0,"ROA":-0.967704686721,"HOLDER_PROFIT_QOQ":0,"ROE_YEARLY":-2.508183797217,"ROIC_YEARLY":-2.541145495864,"TOTAL_ASSETS":1293074065.88,"TOTAL_LIABILITIES":268398603.04,"TAX_EBT":31.284233754975,"OCF_SALES":2.242384144365,"TOTAL_PARENT_EQUITY":1017410346.58,"DEBT_ASSET_RATIO":20.7566302753,"OPERATE_PROFIT":-36359736.76,"PRETAX_PROFIT":-21140563.62,"NETCASH_OPERATE":7086841.42,"NETCASH_INVEST":-5569839.16,"NETCASH_FINANCE":-15681521.44,"END_CASH":57131254.8,"DIVI_RATIO":0.771334631312,"DIVIDEND_RATE":15.245901639344,"CURRENT_RATIO":3.295855735609,"COMMON_ACS":1000000000,"CURRENTDEBT_DEBT":66.041764954188,"ISSUED_COMMON_SHARES":677513445,"HK_COMMON_SHARES":677513445,"PER_SHARES":2000,"TOTAL_MARKET_CAP":413283201.45,"HKSK_MARKET_CAP":413283201.45,"PE_TTM":-28.200832579324,"PB_TTM":0.369986957676,"REPORT_DATE_SQ":"2020-06-30 00:00:00","REPORT_TYPE_SQ":"2020年中报","OPERATE_INCOME_SQ":344075996.8,"DPS_HKD":0.093,"OPERATE_INCOME_QOQ_SQ":0,"NET_PROFIT_RATIO_SQ":14.8475987384,"HOLDER_PROFIT_SQ":57612398.08,"HOLDER_PROFIT_QOQ_SQ":0,"ROE_AVG_SQ":5.473733775369,"PE_TTM_SQ":10.979191309255,"PB_TTM_SQ":0.432557698334,"ROA_SQ":4.188871035238,"START_DATE":"2021-04-01 00:00:00","FISCAL_YEAR":"3-31","CURRENCY":"HKD","IS_CNY_CODE":0,"DPS_HKD_LY":0.033,"ORG_TYPE":"一般企业","PREMIUM_INCOME":null,"PREMIUM_INCOME_YOY":null,"NET_INTEREST_INCOME":null,"NET_INTEREST_INCOME_YOY":null,"FEE_COMMISSION_INCOME":null,"FEE_COMMISSION_INCOME_YOY":null,"ACCOUNTS_RECE_TDAYS":2.571863411724,"INVENTORY_TDAYS":2.446020813057,"CURRENT_ASSETS_TDAYS":0.503201606009,"TOTAL_ASSETS_TDAYS":0.23743437467,"PREMIUM_EXPENSE":null,"LOAN_DEPOSIT":null,"LOAN_EQUITY":null,"LOAN_ASSETS":null,"DEPOSIT_EQUITY":null,"DEPOSIT_ASSETS":null,"EQUITY_MULTIPLIER":1.261935230006,"EQUITY_RATIO":0.263805655154},{"SECUCODE":"01170.HK","SECURITY_CODE":"01170","SECURITY_NAME_ABBR":"信星集团","ORG_CODE":"10010523","STD_REPORT_DATE":"2020-12-31 00:00:00","REPORT_DATE":"2021-03-31 00:00:00","DATE_TYPE_CODE":"001","REPORT_TYPE":"2020年年报","PER_NETCASH_OPERATE":-0.029074416078,"PER_OI":0.99794259358,"BPS":1.552549255904,"BASIC_EPS":0.11029599,"DILUTED_EPS":0.11029599,"OPERATE_INCOME":680133249.6,"OPERATE_INCOME_YOY":-23.3646711058,"GROSS_PROFIT":32318838.02,"GROSS_PROFIT_YOY":-52.40343284616,"HOLDER_PROFIT":74458667.64,"HOLDER_PROFIT_YOY":271.4435838555,"GROSS_PROFIT_RATIO":4.751839149021,"EPS_TTM":0.058252750508,"OPERATE_INCOME_QOQ":0,"NET_PROFIT_RATIO":9.9145044239,"ROE_AVG":7.328732736845,"GROSS_PROFIT_QOQ":0,"ROA":5.556487614617,"HOLDER_PROFIT_QOQ":0,"ROE_YEARLY":7.328732736845,"ROIC_YEARLY":7.596367629427,"TOTAL_ASSETS":1388973037.9,"TOTAL_LIABILITIES":328059152.54,"TAX_EBT":4.887702064756,"OCF_SALES":-2.913435729198,"TOTAL_PARENT_EQUITY":1051872994.9,"DEBT_ASSET_RATIO":23.6188279821,"OPERATE_PROFIT":59409392.56,"PRETAX_PROFIT":70897079.12,"NETCASH_OPERATE":-19815245.1,"NETCASH_INVEST":53209152.08,"NETCASH_FINANCE":-28388751.02,"END_CASH":72253593.02,"DIVI_RATIO":1.446615812385,"DIVIDEND_RATE":15.245901639344,"CURRENT_RATIO":2.877789274628,"COMMON_ACS":1000000000,"CURRENTDEBT_DEBT":72.206063073067,"ISSUED_COMMON_SHARES":677513445,"HK_COMMON_SHARES":677513445,"PER_SHARES":2000,"TOTAL_MARKET_CAP":413283201.45,"HKSK_MARKET_CAP":413283201.45,"PE_TTM":-28.200832579324,"PB_TTM":0.369986957676,"REPORT_DATE_SQ":"2019-12-31 00:00:00","REPORT_TYPE_SQ":"2019年年报","OPERATE_INCOME_SQ":959443476.8,"DPS_HKD":0.093,"OPERATE_INCOME_QOQ_SQ":0,"NET_PROFIT_RATIO_SQ":-5.047978028,"HOLDER_PROFIT_SQ":-46951388.2,"HOLDER_PROFIT_QOQ_SQ":0,"ROE_AVG_SQ":-4.512376852752,"PE_TTM_SQ":10.979191309255,"PB_TTM_SQ":0.432557698334,"ROA_SQ":-3.393815628618,"START_DATE":"2020-04-01 00:00:00","FISCAL_YEAR":"3-31","CURRENCY":"HKD","IS_CNY_CODE":0,"DPS_HKD_LY":0.019,"ORG_TYPE":"一般企业","PREMIUM_INCOME":null,"PREMIUM_INCOME_YOY":null,"NET_INTEREST_INCOME":null,"NET_INTEREST_INCOME_YOY":null,"FEE_COMMISSION_INCOME":null,"FEE_COMMISSION_INCOME_YOY":null,"ACCOUNTS_RECE_TDAYS":4.899942458922,"INVENTORY_TDAYS":4.684676480385,"CURRENT_ASSETS_TDAYS":0.98508394489,"TOTAL_ASSETS_TDAYS":0.507550309114,"PREMIUM_EXPENSE":null,"LOAN_DEPOSIT":null,"LOAN_EQUITY":null,"LOAN_ASSETS":null,"DEPOSIT_EQUITY":null,"DEPOSIT_ASSETS":null,"EQUITY_MULTIPLIER":1.309223167937,"EQUITY_RATIO":0.311880953433},{"SECUCODE":"01170.HK","SECURITY_CODE":"01170","SECURITY_NAME_ABBR":"信星集团","ORG_CODE":"10010523","STD_REPORT_DATE":"2020-06-30 00:00:00","REPORT_DATE":"2020-09-30 00:00:00","DATE_TYPE_CODE":"002","REPORT_TYPE":"2020年中报","PER_NETCASH_OPERATE":-0.003611532756,"PER_OI":0.502719453866,"BPS":1.603012868918,"BASIC_EPS":0.08523584,"DILUTED_EPS":0.08523584,"OPERATE_INCOME":344075996.8,"OPERATE_INCOME_YOY":-27.646604482,"GROSS_PROFIT":18502328.32,"GROSS_PROFIT_YOY":-45.434316600235,"HOLDER_PROFIT":57612398.08,"HOLDER_PROFIT_YOY":302.4705083071,"GROSS_PROFIT_RATIO":5.377395834663,"EPS_TTM":-0.068599310773,"OPERATE_INCOME_QOQ":0,"NET_PROFIT_RATIO":14.8475987384,"ROE_AVG":5.473733775369,"GROSS_PROFIT_QOQ":0,"ROA":4.188871035238,"HOLDER_PROFIT_QOQ":0,"ROE_YEARLY":10.947467550737,"ROIC_YEARLY":11.718660282805,"TOTAL_ASSETS":1408411537.28,"TOTAL_LIABILITIES":312168794.88,"TAX_EBT":34.018816746678,"OCF_SALES":-0.718399244059,"TOTAL_PARENT_EQUITY":1086062771.2,"DEBT_ASSET_RATIO":22.1646008015,"OPERATE_PROFIT":71773849.6,"PRETAX_PROFIT":77426655.36,"NETCASH_OPERATE":-2471839.36,"NETCASH_INVEST":-12309988.48,"NETCASH_FINANCE":-12445311.36,"END_CASH":42422844.16,"DIVI_RATIO":-1.228428522823,"DIVIDEND_RATE":15.245901639344,"CURRENT_RATIO":3.025854404218,"COMMON_ACS":1000000000,"CURRENTDEBT_DEBT":72.183845924325,"ISSUED_COMMON_SHARES":677513445,"HK_COMMON_SHARES":677513445,"PER_SHARES":2000,"TOTAL_MARKET_CAP":413283201.45,"HKSK_MARKET_CAP":413283201.45,"PE_TTM":-28.200832579324,"PB_TTM":0.369986957676,"REPORT_DATE_SQ":"2019-06-30 00:00:00","REPORT_TYPE_SQ":"2019年中报","OPERATE_INCOME_SQ":488153379.84,"DPS_HKD":0.093,"OPERATE_INCOME_QOQ_SQ":0,"NET_PROFIT_RATIO_SQ":-6.1855117668,"HOLDER_PROFIT_SQ":-29208887.82,"HOLDER_PROFIT_QOQ_SQ":0,"ROE_AVG_SQ":-2.918210881334,"PE_TTM_SQ":10.979191309255,"PB_TTM_SQ":0.432557698334,"ROA_SQ":-2.177132910529,"START_DATE":"2020-04-01 00:00:00","FISCAL_YEAR":"3-31","CURRENCY":"HKD","IS_CNY_CODE":0,"DPS_HKD_LY":0.019,"ORG_TYPE":"一般企业","PREMIUM_INCOME":null,"PREMIUM_INCOME_YOY":null,"NET_INTEREST_INCOME":null,"NET_INTEREST_INCOME_YOY":null,"FEE_COMMISSION_INCOME":null,"FEE_COMMISSION_INCOME_YOY":null,"ACCOUNTS_RECE_TDAYS":2.780942167425,"INVENTORY_TDAYS":2.460104776006,"CURRENT_ASSETS_TDAYS":0.488482338338,"TOTAL_ASSETS_TDAYS":0.2501701066,"PREMIUM_EXPENSE":null,"LOAN_DEPOSIT":null,"LOAN_EQUITY":null,"LOAN_ASSETS":null,"DEPOSIT_EQUITY":null,"DEPOSIT_ASSETS":null,"EQUITY_MULTIPLIER":1.284762473498,"EQUITY_RATIO":0.287431632092}],"count":48},"success":true,"message":"ok","code":0}