{"version":"4c40b40c3a1b40437d39e75bfa7d6af4","result":{"pages":6,"data":[{"SECUCODE":"01189.HK","SECURITY_CODE":"01189","SECURITY_NAME_ABBR":"大湾区聚变力量","ORG_CODE":"10010539","STD_REPORT_DATE":"2023-06-30 00:00:00","REPORT_DATE":"2023-06-30 00:00:00","DATE_TYPE_CODE":"002","REPORT_TYPE":"2023年中报","PER_NETCASH_OPERATE":-0.002338796409,"PER_OI":0.034223297098,"BPS":1.861604838055,"BASIC_EPS":-0.0092198,"DILUTED_EPS":-0.0092198,"OPERATE_INCOME":27009404.1,"OPERATE_INCOME_YOY":7.0136986301,"GROSS_PROFIT":14253810.8,"GROSS_PROFIT_YOY":7.123978865014,"HOLDER_PROFIT":-7063288.78,"HOLDER_PROFIT_YOY":69.5218014004,"GROSS_PROFIT_RATIO":52.773510838027,"EPS_TTM":-0.008259996896,"OPERATE_INCOME_QOQ":7.566620448663,"NET_PROFIT_RATIO":-30.0017067759,"ROE_AVG":-0.467396629449,"GROSS_PROFIT_QOQ":3.954270594316,"ROA":-0.407996214545,"HOLDER_PROFIT_QOQ":68.886071221362,"ROE_YEARLY":-0.934793258897,"ROIC_YEARLY":-14.858057165022,"TOTAL_ASSETS":1687274108.9,"TOTAL_LIABILITIES":58386227.46,"TAX_EBT":23.025048169557,"OCF_SALES":-6.833930704898,"TOTAL_PARENT_EQUITY":1469199101.48,"DEBT_ASSET_RATIO":3.4603878026,"OPERATE_PROFIT":-8996680.84,"PRETAX_PROFIT":-10527167.64,"NETCASH_OPERATE":-1845803.96,"NETCASH_INVEST":-115305584.74,"NETCASH_FINANCE":-1685379.44,"END_CASH":1381916176.86,"DIVI_RATIO":null,"DIVIDEND_RATE":null,"CURRENT_RATIO":30.063826454695,"COMMON_ACS":150000000000,"CURRENTDEBT_DEBT":80.654381227596,"ISSUED_COMMON_SHARES":789211046,"HK_COMMON_SHARES":789211046,"PER_SHARES":10000,"TOTAL_MARKET_CAP":37882130.208,"HKSK_MARKET_CAP":37882130.208,"PE_TTM":-6.334804382609,"PB_TTM":0.023772520943,"REPORT_DATE_SQ":"2022-06-30 00:00:00","REPORT_TYPE_SQ":"2022年中报","OPERATE_INCOME_SQ":23410826.25,"DPS_HKD":null,"OPERATE_INCOME_QOQ_SQ":-7.443189499272,"NET_PROFIT_RATIO_SQ":-100.6063926941,"HOLDER_PROFIT_SQ":-21496055.84,"HOLDER_PROFIT_QOQ_SQ":5.963942618865,"ROE_AVG_SQ":-1.416529654504,"PE_TTM_SQ":-6.202829291304,"PB_TTM_SQ":0.02327726009,"ROA_SQ":-1.224988279373,"START_DATE":"2023-01-01 00:00:00","FISCAL_YEAR":"12-31","CURRENCY":"HKD","IS_CNY_CODE":0,"DPS_HKD_LY":null,"ORG_TYPE":"一般企业","PREMIUM_INCOME":null,"PREMIUM_INCOME_YOY":null,"NET_INTEREST_INCOME":null,"NET_INTEREST_INCOME_YOY":null,"FEE_COMMISSION_INCOME":null,"FEE_COMMISSION_INCOME_YOY":null,"ACCOUNTS_RECE_TDAYS":0.771885910019,"INVENTORY_TDAYS":18.26402640264,"CURRENT_ASSETS_TDAYS":0.017867582277,"TOTAL_ASSETS_TDAYS":0.015601421623,"PREMIUM_EXPENSE":null,"LOAN_DEPOSIT":null,"LOAN_EQUITY":null,"LOAN_ASSETS":null,"DEPOSIT_EQUITY":null,"DEPOSIT_ASSETS":null,"EQUITY_MULTIPLIER":1.035844227295,"EQUITY_RATIO":0.039740173678},{"SECUCODE":"01189.HK","SECURITY_CODE":"01189","SECURITY_NAME_ABBR":"大湾区聚变力量","ORG_CODE":"10010539","STD_REPORT_DATE":"2022-12-31 00:00:00","REPORT_DATE":"2022-12-31 00:00:00","DATE_TYPE_CODE":"001","REPORT_TYPE":"2022年年报","PER_NETCASH_OPERATE":-0.01501061953,"PER_OI":0.060260925529,"BPS":1.906753883219,"BASIC_EPS":-0.0267981,"DILUTED_EPS":-0.0267981,"OPERATE_INCOME":47558588.07,"OPERATE_INCOME_YOY":-32.663437338,"GROSS_PROFIT":23971793.72,"GROSS_PROFIT_YOY":-27.397710574376,"HOLDER_PROFIT":-20951647.85,"HOLDER_PROFIT_YOY":29.7964681233,"GROSS_PROFIT_RATIO":50.40476324637,"EPS_TTM":-0.026547585663,"OPERATE_INCOME_QOQ":-20.515137265122,"NET_PROFIT_RATIO":-47.7676978269,"ROE_AVG":-1.35113688765,"GROSS_PROFIT_QOQ":-15.321924807807,"ROA":-1.173385975199,"HOLDER_PROFIT_QOQ":18.434516442754,"ROE_YEARLY":-1.35113688765,"ROIC_YEARLY":-28.997601562693,"TOTAL_ASSETS":1719877046.44,"TOTAL_LIABILITIES":59369404.01,"TAX_EBT":17.921574955624,"OCF_SALES":-24.909374354351,"TOTAL_PARENT_EQUITY":1504831226.64,"DEBT_ASSET_RATIO":3.4519562973,"OPERATE_PROFIT":-24675690.48,"PRETAX_PROFIT":-27677970.95,"NETCASH_OPERATE":-11846546.74,"NETCASH_INVEST":18515700.56,"NETCASH_FINANCE":-380533.02,"END_CASH":1521101246.42,"DIVI_RATIO":null,"DIVIDEND_RATE":null,"CURRENT_RATIO":34.375280943181,"COMMON_ACS":150000000000,"CURRENTDEBT_DEBT":76.316145825497,"ISSUED_COMMON_SHARES":789211046,"HK_COMMON_SHARES":789211046,"PER_SHARES":10000,"TOTAL_MARKET_CAP":37882130.208,"HKSK_MARKET_CAP":37882130.208,"PE_TTM":-6.334804382609,"PB_TTM":0.023772520943,"REPORT_DATE_SQ":"2021-12-31 00:00:00","REPORT_TYPE_SQ":"2021年年报","OPERATE_INCOME_SQ":64645179.2,"DPS_HKD":null,"OPERATE_INCOME_QOQ_SQ":23.156901166805,"NET_PROFIT_RATIO_SQ":-48.4019881872,"HOLDER_PROFIT_SQ":-27316016,"HOLDER_PROFIT_QOQ_SQ":66.75822161331,"ROE_AVG_SQ":-1.8457222583,"PE_TTM_SQ":-6.598754565217,"PB_TTM_SQ":0.024763042649,"ROA_SQ":-1.592672087599,"START_DATE":"2022-01-01 00:00:00","FISCAL_YEAR":"12-31","CURRENCY":"HKD","IS_CNY_CODE":0,"DPS_HKD_LY":null,"ORG_TYPE":"一般企业","PREMIUM_INCOME":null,"PREMIUM_INCOME_YOY":null,"NET_INTEREST_INCOME":null,"NET_INTEREST_INCOME_YOY":null,"FEE_COMMISSION_INCOME":null,"FEE_COMMISSION_INCOME_YOY":null,"ACCOUNTS_RECE_TDAYS":0.968916631786,"INVENTORY_TDAYS":30.22896393818,"CURRENT_ASSETS_TDAYS":0.029601150887,"TOTAL_ASSETS_TDAYS":0.026634936135,"PREMIUM_EXPENSE":null,"LOAN_DEPOSIT":null,"LOAN_EQUITY":null,"LOAN_ASSETS":null,"DEPOSIT_EQUITY":null,"DEPOSIT_ASSETS":null,"EQUITY_MULTIPLIER":1.035753767398,"EQUITY_RATIO":0.039452533254},{"SECUCODE":"01189.HK","SECURITY_CODE":"01189","SECURITY_NAME_ABBR":"大湾区聚变力量","ORG_CODE":"10010539","STD_REPORT_DATE":"2022-06-30 00:00:00","REPORT_DATE":"2022-06-30 00:00:00","DATE_TYPE_CODE":"002","REPORT_TYPE":"2022年中报","PER_NETCASH_OPERATE":-0.015122737702,"PER_OI":0.029663581584,"BPS":1.908975818162,"BASIC_EPS":-0.0256557,"DILUTED_EPS":-0.0256557,"OPERATE_INCOME":23410826.25,"OPERATE_INCOME_YOY":-19.2906421369,"GROSS_PROFIT":13305901.21,"GROSS_PROFIT_YOY":-26.137957899767,"HOLDER_PROFIT":-21496055.84,"HOLDER_PROFIT_YOY":9.556706966,"GROSS_PROFIT_RATIO":56.836529680365,"EPS_TTM":-0.032547573441,"OPERATE_INCOME_QOQ":-7.443189499272,"NET_PROFIT_RATIO":-100.6063926941,"ROE_AVG":-1.416529654504,"GROSS_PROFIT_QOQ":-14.26081750106,"ROA":-1.224988279373,"HOLDER_PROFIT_QOQ":5.963942618865,"ROE_YEARLY":-2.833059309008,"ROIC_YEARLY":-51.847650086117,"TOTAL_ASSETS":1737246649.04,"TOTAL_LIABILITIES":81966540.74,"TAX_EBT":0.688735035338,"OCF_SALES":-50.980821917808,"TOTAL_PARENT_EQUITY":1506584802.24,"DEBT_ASSET_RATIO":4.718186723,"OPERATE_PROFIT":-22237505.57,"PRETAX_PROFIT":-23716129.08,"NETCASH_OPERATE":-11935031.64,"NETCASH_INVEST":7996026.5,"NETCASH_FINANCE":-693559.09,"END_CASH":1519794922.17,"DIVI_RATIO":null,"DIVIDEND_RATE":null,"CURRENT_RATIO":24.189341585911,"COMMON_ACS":150000000000,"CURRENTDEBT_DEBT":79.564092398222,"ISSUED_COMMON_SHARES":789211046,"HK_COMMON_SHARES":789211046,"PER_SHARES":10000,"TOTAL_MARKET_CAP":37882130.208,"HKSK_MARKET_CAP":37882130.208,"PE_TTM":-6.334804382609,"PB_TTM":0.023772520943,"REPORT_DATE_SQ":"2021-06-30 00:00:00","REPORT_TYPE_SQ":"2021年中报","OPERATE_INCOME_SQ":28222489.44,"DPS_HKD":null,"OPERATE_INCOME_QOQ_SQ":-7.131976467388,"NET_PROFIT_RATIO_SQ":-90.8160858541,"HOLDER_PROFIT_SQ":-23125167.36,"HOLDER_PROFIT_QOQ_SQ":-36.270757156974,"ROE_AVG_SQ":-1.533330574751,"PE_TTM_SQ":-6.598754565217,"PB_TTM_SQ":0.024763042649,"ROA_SQ":-1.307605301937,"START_DATE":"2022-01-01 00:00:00","FISCAL_YEAR":"12-31","CURRENCY":"HKD","IS_CNY_CODE":0,"DPS_HKD_LY":null,"ORG_TYPE":"一般企业","PREMIUM_INCOME":null,"PREMIUM_INCOME_YOY":null,"NET_INTEREST_INCOME":null,"NET_INTEREST_INCOME_YOY":null,"FEE_COMMISSION_INCOME":null,"FEE_COMMISSION_INCOME_YOY":null,"ACCOUNTS_RECE_TDAYS":0.400573606772,"INVENTORY_TDAYS":13.573808156232,"CURRENT_ASSETS_TDAYS":0.01480411119,"TOTAL_ASSETS_TDAYS":0.013341046367,"PREMIUM_EXPENSE":null,"LOAN_DEPOSIT":null,"LOAN_EQUITY":null,"LOAN_ASSETS":null,"DEPOSIT_EQUITY":null,"DEPOSIT_ASSETS":null,"EQUITY_MULTIPLIER":1.049518229773,"EQUITY_RATIO":0.054405527401},{"SECUCODE":"01189.HK","SECURITY_CODE":"01189","SECURITY_NAME_ABBR":"大湾区聚变力量","ORG_CODE":"10010539","STD_REPORT_DATE":"2021-12-31 00:00:00","REPORT_DATE":"2021-12-31 00:00:00","DATE_TYPE_CODE":"001","REPORT_TYPE":"2021年年报","PER_NETCASH_OPERATE":-0.04059971558,"PER_OI":0.081911143448,"BPS":1.851549044842,"BASIC_EPS":-0.032704,"DILUTED_EPS":-0.032704,"OPERATE_INCOME":64645179.2,"OPERATE_INCOME_YOY":17.7363154446,"GROSS_PROFIT":33017958.4,"GROSS_PROFIT_YOY":246.161655797224,"HOLDER_PROFIT":-27316016,"HOLDER_PROFIT_YOY":53.369249665,"GROSS_PROFIT_RATIO":51.075670001391,"EPS_TTM":-0.034611801417,"OPERATE_INCOME_QOQ":23.156901166805,"NET_PROFIT_RATIO":-48.4019881872,"ROE_AVG":-1.8457222583,"GROSS_PROFIT_QOQ":225.887307928236,"ROA":-1.592672087599,"HOLDER_PROFIT_QOQ":66.75822161331,"ROE_YEARLY":-1.8457222583,"ROIC_YEARLY":-27.796844255305,"TOTAL_ASSETS":1694443296,"TOTAL_LIABILITIES":89116764.8,"TAX_EBT":-0.057519347417,"OCF_SALES":-49.565558323953,"TOTAL_PARENT_EQUITY":1461262958.4,"DEBT_ASSET_RATIO":5.2593536184,"OPERATE_PROFIT":-28548956.8,"PRETAX_PROFIT":-31271564.8,"NETCASH_OPERATE":-32041744,"NETCASH_INVEST":11377721.6,"NETCASH_FINANCE":-4176300.8,"END_CASH":1457563318.4,"DIVI_RATIO":null,"DIVIDEND_RATE":null,"CURRENT_RATIO":20.995163610416,"COMMON_ACS":150000000000,"CURRENTDEBT_DEBT":81.000568817777,"ISSUED_COMMON_SHARES":789211046,"HK_COMMON_SHARES":789211046,"PER_SHARES":10000,"TOTAL_MARKET_CAP":37882130.208,"HKSK_MARKET_CAP":37882130.208,"PE_TTM":-6.334804382609,"PB_TTM":0.023772520943,"REPORT_DATE_SQ":"2020-12-31 00:00:00","REPORT_TYPE_SQ":"2020年年报","OPERATE_INCOME_SQ":56521175.84,"DPS_HKD":null,"OPERATE_INCOME_QOQ_SQ":-53.232396633537,"NET_PROFIT_RATIO_SQ":-124.2331288344,"HOLDER_PROFIT_SQ":-60301822.72,"HOLDER_PROFIT_QOQ_SQ":-14.190177376755,"ROE_AVG_SQ":-3.814639039355,"PE_TTM_SQ":-6.598754565217,"PB_TTM_SQ":0.024763042649,"ROA_SQ":-3.246122044457,"START_DATE":"2021-01-01 00:00:00","FISCAL_YEAR":"12-31","CURRENCY":"HKD","IS_CNY_CODE":0,"DPS_HKD_LY":null,"ORG_TYPE":"一般企业","PREMIUM_INCOME":null,"PREMIUM_INCOME_YOY":null,"NET_INTEREST_INCOME":null,"NET_INTEREST_INCOME_YOY":null,"FEE_COMMISSION_INCOME":null,"FEE_COMMISSION_INCOME_YOY":null,"ACCOUNTS_RECE_TDAYS":1.489988787442,"INVENTORY_TDAYS":43.635645798082,"CURRENT_ASSETS_TDAYS":0.042657730881,"TOTAL_ASSETS_TDAYS":0.037691650389,"PREMIUM_EXPENSE":null,"LOAN_DEPOSIT":null,"LOAN_EQUITY":null,"LOAN_ASSETS":null,"DEPOSIT_EQUITY":null,"DEPOSIT_ASSETS":null,"EQUITY_MULTIPLIER":1.055513170105,"EQUITY_RATIO":0.060986124563},{"SECUCODE":"01189.HK","SECURITY_CODE":"01189","SECURITY_NAME_ABBR":"大湾区聚变力量","ORG_CODE":"10010539","STD_REPORT_DATE":"2021-06-30 00:00:00","REPORT_DATE":"2021-06-30 00:00:00","DATE_TYPE_CODE":"002","REPORT_TYPE":"2021年中报","PER_NETCASH_OPERATE":-0.047300956201,"PER_OI":0.035760383212,"BPS":1.889387690704,"BASIC_EPS":-0.0332832,"DILUTED_EPS":-0.0332832,"OPERATE_INCOME":28222489.44,"OPERATE_INCOME_YOY":-3.9422259983,"GROSS_PROFIT":18014532,"GROSS_PROFIT_YOY":3.406233688771,"HOLDER_PROFIT":-23125167.36,"HOLDER_PROFIT_YOY":-1925.6559766764,"GROSS_PROFIT_RATIO":63.830414529159,"EPS_TTM":-0.104121389097,"OPERATE_INCOME_QOQ":-7.131976467388,"NET_PROFIT_RATIO":-90.8160858541,"ROE_AVG":-1.533330574751,"GROSS_PROFIT_QOQ":6.221275691244,"ROA":-1.307605301937,"HOLDER_PROFIT_QOQ":-36.270757156974,"ROE_YEARLY":-3.066661149501,"ROIC_YEARLY":-36.829254556116,"TOTAL_ASSETS":1770515633.52,"TOTAL_LIABILITIES":123923338.56,"TAX_EBT":0.798686032656,"OCF_SALES":-132.271949997052,"TOTAL_PARENT_EQUITY":1491125635.68,"DEBT_ASSET_RATIO":6.999279544,"OPERATE_PROFIT":-24409066.8,"PRETAX_PROFIT":-25836916.08,"NETCASH_OPERATE":-37330437.12,"NETCASH_INVEST":3044580.72,"NETCASH_FINANCE":-3057894,"END_CASH":1469449119.6,"DIVI_RATIO":null,"DIVIDEND_RATE":null,"CURRENT_RATIO":20.435002450216,"COMMON_ACS":150000000000,"CURRENTDEBT_DEBT":60.287916633094,"ISSUED_COMMON_SHARES":789211046,"HK_COMMON_SHARES":789211046,"PER_SHARES":10000,"TOTAL_MARKET_CAP":37882130.208,"HKSK_MARKET_CAP":37882130.208,"PE_TTM":-6.334804382609,"PB_TTM":0.023772520943,"REPORT_DATE_SQ":"2020-06-30 00:00:00","REPORT_TYPE_SQ":"2020年中报","OPERATE_INCOME_SQ":32253566.4,"DPS_HKD":null,"OPERATE_INCOME_QOQ_SQ":-37.357741889598,"NET_PROFIT_RATIO_SQ":-5.5281789861,"HOLDER_PROFIT_SQ":-1253239.68,"HOLDER_PROFIT_QOQ_SQ":38.227859236936,"ROE_AVG_SQ":-0.072742966545,"PE_TTM_SQ":-6.598754565217,"PB_TTM_SQ":0.024763042649,"ROA_SQ":-0.061712443851,"START_DATE":"2021-01-01 00:00:00","FISCAL_YEAR":"12-31","CURRENCY":"HKD","IS_CNY_CODE":0,"DPS_HKD_LY":null,"ORG_TYPE":"一般企业","PREMIUM_INCOME":null,"PREMIUM_INCOME_YOY":null,"NET_INTEREST_INCOME":null,"NET_INTEREST_INCOME_YOY":null,"FEE_COMMISSION_INCOME":null,"FEE_COMMISSION_INCOME_YOY":null,"ACCOUNTS_RECE_TDAYS":0.653324601279,"INVENTORY_TDAYS":13.212708669898,"CURRENT_ASSETS_TDAYS":0.018392622128,"TOTAL_ASSETS_TDAYS":0.015958317729,"PREMIUM_EXPENSE":null,"LOAN_DEPOSIT":null,"LOAN_EQUITY":null,"LOAN_ASSETS":null,"DEPOSIT_EQUITY":null,"DEPOSIT_ASSETS":null,"EQUITY_MULTIPLIER":1.075260487335,"EQUITY_RATIO":0.083107241667},{"SECUCODE":"01189.HK","SECURITY_CODE":"01189","SECURITY_NAME_ABBR":"大湾区聚变力量","ORG_CODE":"10010539","STD_REPORT_DATE":"2020-12-31 00:00:00","REPORT_DATE":"2020-12-31 00:00:00","DATE_TYPE_CODE":"001","REPORT_TYPE":"2020年年报","PER_NETCASH_OPERATE":-0.056741653208,"PER_OI":0.071617314692,"BPS":1.954774320987,"BASIC_EPS":-0.0757476,"DILUTED_EPS":-0.0757476,"OPERATE_INCOME":56521175.84,"OPERATE_INCOME_YOY":-52.0139479382,"GROSS_PROFIT":9538306.12,"GROSS_PROFIT_YOY":-82.81381375319,"HOLDER_PROFIT":-60301822.72,"HOLDER_PROFIT_YOY":24.9248179389,"GROSS_PROFIT_RATIO":16.875632854845,"EPS_TTM":-0.076407727725,"OPERATE_INCOME_QOQ":-53.232396633537,"NET_PROFIT_RATIO":-124.2331288344,"ROE_AVG":-3.814639039355,"GROSS_PROFIT_QOQ":-77.146656718001,"ROA":-3.246122044457,"HOLDER_PROFIT_QOQ":-14.190177376755,"ROE_YEARLY":-3.814639039355,"ROIC_YEARLY":-33.50871531529,"TOTAL_ASSETS":1786805928.2,"TOTAL_LIABILITIES":90221283.08,"TAX_EBT":0.013324055843,"OCF_SALES":-79.228959437727,"TOTAL_PARENT_EQUITY":1542729486.56,"DEBT_ASSET_RATIO":5.0493051123,"OPERATE_PROFIT":-55367287.4,"PRETAX_PROFIT":-56850257.08,"NETCASH_OPERATE":-44781139.48,"NETCASH_INVEST":59818721.36,"NETCASH_FINANCE":-16678779.88,"END_CASH":1527416688.4,"DIVI_RATIO":null,"DIVIDEND_RATE":null,"CURRENT_RATIO":22.521964201086,"COMMON_ACS":150000000000,"CURRENTDEBT_DEBT":76.768006567348,"ISSUED_COMMON_SHARES":789211046,"HK_COMMON_SHARES":789211046,"PER_SHARES":10000,"TOTAL_MARKET_CAP":37882130.208,"HKSK_MARKET_CAP":37882130.208,"PE_TTM":-6.334804382609,"PB_TTM":0.023772520943,"REPORT_DATE_SQ":"2019-12-31 00:00:00","REPORT_TYPE_SQ":"2019年年报","OPERATE_INCOME_SQ":125363515.22,"DPS_HKD":null,"OPERATE_INCOME_QOQ_SQ":-15.093308306265,"NET_PROFIT_RATIO_SQ":-51.489488151,"HOLDER_PROFIT_SQ":-85488764.3,"HOLDER_PROFIT_QOQ_SQ":-6440.12853355269,"ROE_AVG_SQ":-4.834844723644,"PE_TTM_SQ":-6.598754565217,"PB_TTM_SQ":0.024763042649,"ROA_SQ":-4.076317931869,"START_DATE":"2020-01-01 00:00:00","FISCAL_YEAR":"12-31","CURRENCY":"HKD","IS_CNY_CODE":0,"DPS_HKD_LY":0.025,"ORG_TYPE":"一般企业","PREMIUM_INCOME":null,"PREMIUM_INCOME_YOY":null,"NET_INTEREST_INCOME":null,"NET_INTEREST_INCOME_YOY":null,"FEE_COMMISSION_INCOME":null,"FEE_COMMISSION_INCOME_YOY":null,"ACCOUNTS_RECE_TDAYS":1.450641551821,"INVENTORY_TDAYS":46.596828046745,"CURRENT_ASSETS_TDAYS":0.035654301508,"TOTAL_ASSETS_TDAYS":0.030426051253,"PREMIUM_EXPENSE":null,"LOAN_DEPOSIT":null,"LOAN_EQUITY":null,"LOAN_ASSETS":null,"DEPOSIT_EQUITY":null,"DEPOSIT_ASSETS":null,"EQUITY_MULTIPLIER":1.053178179668,"EQUITY_RATIO":0.05848159633},{"SECUCODE":"01189.HK","SECURITY_CODE":"01189","SECURITY_NAME_ABBR":"大湾区聚变力量","ORG_CODE":"10010539","STD_REPORT_DATE":"2020-06-30 00:00:00","REPORT_DATE":"2020-06-30 00:00:00","DATE_TYPE_CODE":"002","REPORT_TYPE":"2020年中报","PER_NETCASH_OPERATE":-0.018096090358,"PER_OI":0.040868113242,"BPS":2.139718298063,"BASIC_EPS":0,"DILUTED_EPS":0,"OPERATE_INCOME":32253566.4,"OPERATE_INCOME_YOY":-70.2276559865,"GROSS_PROFIT":17421127.68,"GROSS_PROFIT_YOY":-45.584866890381,"HOLDER_PROFIT":-1253239.68,"HOLDER_PROFIT_YOY":96.4433844878,"GROSS_PROFIT_RATIO":54.013027470971,"EPS_TTM":-0.066912697291,"OPERATE_INCOME_QOQ":-37.357741889598,"NET_PROFIT_RATIO":-5.5281789861,"ROE_AVG":-0.072742966545,"GROSS_PROFIT_QOQ":-25.907698350205,"ROA":-0.061712443851,"HOLDER_PROFIT_QOQ":38.227859236936,"ROE_YEARLY":-0.14548593309,"ROIC_YEARLY":-1.110971654838,"TOTAL_ASSETS":1968517092.96,"TOTAL_LIABILITIES":120517446.72,"TAX_EBT":129.004457652303,"OCF_SALES":-44.279241008213,"TOTAL_PARENT_EQUITY":1688689316.16,"DEBT_ASSET_RATIO":6.122245377,"OPERATE_PROFIT":-61404177.12,"PRETAX_PROFIT":6147451.2,"NETCASH_OPERATE":-14281634.4,"NETCASH_INVEST":1557415.2,"NETCASH_FINANCE":-10765803.84,"END_CASH":1633660036.8,"DIVI_RATIO":null,"DIVIDEND_RATE":null,"CURRENT_RATIO":18.345384222287,"COMMON_ACS":150000000000,"CURRENTDEBT_DEBT":75.64083129955,"ISSUED_COMMON_SHARES":789211046,"HK_COMMON_SHARES":789211046,"PER_SHARES":10000,"TOTAL_MARKET_CAP":37882130.208,"HKSK_MARKET_CAP":37882130.208,"PE_TTM":-6.334804382609,"PB_TTM":0.023772520943,"REPORT_DATE_SQ":"2019-06-30 00:00:00","REPORT_TYPE_SQ":"2019年中报","OPERATE_INCOME_SQ":104327676,"DPS_HKD":null,"OPERATE_INCOME_QOQ_SQ":-1.399393129375,"NET_PROFIT_RATIO_SQ":-34.2032040472,"HOLDER_PROFIT_SQ":-33933764.16,"HOLDER_PROFIT_QOQ_SQ":60.585717658545,"ROE_AVG_SQ":-1.918572569276,"PE_TTM_SQ":-6.598754565217,"PB_TTM_SQ":0.024763042649,"ROA_SQ":-1.603545624938,"START_DATE":"2020-01-01 00:00:00","FISCAL_YEAR":"12-31","CURRENCY":"HKD","IS_CNY_CODE":0,"DPS_HKD_LY":0.025,"ORG_TYPE":"一般企业","PREMIUM_INCOME":null,"PREMIUM_INCOME_YOY":null,"NET_INTEREST_INCOME":null,"NET_INTEREST_INCOME_YOY":null,"FEE_COMMISSION_INCOME":null,"FEE_COMMISSION_INCOME_YOY":null,"ACCOUNTS_RECE_TDAYS":0.717952888789,"INVENTORY_TDAYS":11.284225156359,"CURRENT_ASSETS_TDAYS":0.018859590323,"TOTAL_ASSETS_TDAYS":0.015882408108,"PREMIUM_EXPENSE":null,"LOAN_DEPOSIT":null,"LOAN_EQUITY":null,"LOAN_ASSETS":null,"DEPOSIT_EQUITY":null,"DEPOSIT_ASSETS":null,"EQUITY_MULTIPLIER":1.065215081055,"EQUITY_RATIO":0.071367447858},{"SECUCODE":"01189.HK","SECURITY_CODE":"01189","SECURITY_NAME_ABBR":"大湾区聚变力量","ORG_CODE":"10010539","STD_REPORT_DATE":"2019-12-31 00:00:00","REPORT_DATE":"2019-12-31 00:00:00","DATE_TYPE_CODE":"001","REPORT_TYPE":"2019年年报","PER_NETCASH_OPERATE":-0.003358560468,"PER_OI":0.158846630259,"BPS":2.183202778132,"BASIC_EPS":-0.1074936,"DILUTED_EPS":-0.1074936,"OPERATE_INCOME":125363515.22,"OPERATE_INCOME_YOY":-18.1114097889,"GROSS_PROFIT":55499841.46,"GROSS_PROFIT_YOY":-40.411370047269,"HOLDER_PROFIT":-85488764.3,"HOLDER_PROFIT_YOY":-2421.4002642008,"GROSS_PROFIT_RATIO":29.197775053859,"EPS_TTM":-0.108321804077,"OPERATE_INCOME_QOQ":-15.093308306265,"NET_PROFIT_RATIO":-51.489488151,"ROE_AVG":-4.834844723644,"GROSS_PROFIT_QOQ":-32.243539691901,"ROA":-4.076317931869,"HOLDER_PROFIT_QOQ":-6440.12853355269,"ROE_YEARLY":-4.834844723644,"ROIC_YEARLY":-29.756856533506,"TOTAL_ASSETS":2061969108.6,"TOTAL_LIABILITIES":182629834.84,"TAX_EBT":-1.844984361184,"OCF_SALES":-1.373876383627,"TOTAL_PARENT_EQUITY":1723007748.16,"DEBT_ASSET_RATIO":8.4394052466,"OPERATE_PROFIT":-67741570.94,"PRETAX_PROFIT":-67875937.94,"NETCASH_OPERATE":-3161207.62,"NETCASH_INVEST":6395869.2,"NETCASH_FINANCE":-36649047.14,"END_CASH":1627723629.56,"DIVI_RATIO":null,"DIVIDEND_RATE":null,"CURRENT_RATIO":11.913336072514,"COMMON_ACS":150000000000,"CURRENTDEBT_DEBT":83.938433769215,"ISSUED_COMMON_SHARES":789211046,"HK_COMMON_SHARES":789211046,"PER_SHARES":10000,"TOTAL_MARKET_CAP":37882130.208,"HKSK_MARKET_CAP":37882130.208,"PE_TTM":-6.334804382609,"PB_TTM":0.023772520943,"REPORT_DATE_SQ":"2018-12-31 00:00:00","REPORT_TYPE_SQ":"2018年年报","OPERATE_INCOME_SQ":230450238.2,"DPS_HKD":null,"OPERATE_INCOME_QOQ_SQ":6.59547778324,"NET_PROFIT_RATIO_SQ":0.1608297752,"HOLDER_PROFIT_SQ":-3316417,"HOLDER_PROFIT_QOQ_SQ":94.938787515708,"ROE_AVG_SQ":-0.185514344033,"PE_TTM_SQ":-6.598754565217,"PB_TTM_SQ":0.024763042649,"ROA_SQ":-0.155596947587,"START_DATE":"2019-01-01 00:00:00","FISCAL_YEAR":"12-31","CURRENCY":"HKD","IS_CNY_CODE":0,"DPS_HKD_LY":null,"ORG_TYPE":"一般企业","PREMIUM_INCOME":null,"PREMIUM_INCOME_YOY":null,"NET_INTEREST_INCOME":null,"NET_INTEREST_INCOME_YOY":null,"FEE_COMMISSION_INCOME":null,"FEE_COMMISSION_INCOME_YOY":null,"ACCOUNTS_RECE_TDAYS":3.385112172704,"INVENTORY_TDAYS":100.853835978836,"CURRENT_ASSETS_TDAYS":0.111632217414,"TOTAL_ASSETS_TDAYS":0.091993613548,"PREMIUM_EXPENSE":null,"LOAN_DEPOSIT":null,"LOAN_EQUITY":null,"LOAN_ASSETS":null,"DEPOSIT_EQUITY":null,"DEPOSIT_ASSETS":null,"EQUITY_MULTIPLIER":1.09217289675,"EQUITY_RATIO":0.105994784431},{"SECUCODE":"01189.HK","SECURITY_CODE":"01189","SECURITY_NAME_ABBR":"大湾区聚变力量","ORG_CODE":"10010539","STD_REPORT_DATE":"2019-06-30 00:00:00","REPORT_DATE":"2019-06-30 00:00:00","DATE_TYPE_CODE":"002","REPORT_TYPE":"2019年中报","PER_NETCASH_OPERATE":0.012930553509,"PER_OI":0.132192366704,"BPS":2.225864210345,"BASIC_EPS":-0.043983,"DILUTED_EPS":-0.043983,"OPERATE_INCOME":104327676,"OPERATE_INCOME_YOY":-7.0299761696,"GROSS_PROFIT":32015225.7,"GROSS_PROFIT_YOY":-23.802097627901,"HOLDER_PROFIT":-33933764.16,"HOLDER_PROFIT_YOY":9.5139801088,"GROSS_PROFIT_RATIO":30.68718381113,"EPS_TTM":-0.001656264147,"OPERATE_INCOME_QOQ":-1.399393129375,"NET_PROFIT_RATIO":-34.2032040472,"ROE_AVG":-1.918572569276,"GROSS_PROFIT_QOQ":-10.73743238169,"ROA":-1.603545624938,"HOLDER_PROFIT_QOQ":60.585717658545,"ROE_YEARLY":-3.837145138553,"ROIC_YEARLY":-21.587560962643,"TOTAL_ASSETS":2129037579.36,"TOTAL_LIABILITIES":205206205.14,"TAX_EBT":-3.988823092107,"OCF_SALES":9.781618887015,"TOTAL_PARENT_EQUITY":1756676621.7,"DEBT_ASSET_RATIO":9.6384491814,"OPERATE_PROFIT":-32945026.32,"PRETAX_PROFIT":-34314656.94,"NETCASH_OPERATE":10204935.66,"NETCASH_INVEST":1695104.82,"NETCASH_FINANCE":-17750659.14,"END_CASH":1633361484.6,"DIVI_RATIO":null,"DIVIDEND_RATE":null,"CURRENT_RATIO":10.829340832873,"COMMON_ACS":150000000000,"CURRENTDEBT_DEBT":76.822602977551,"ISSUED_COMMON_SHARES":789211046,"HK_COMMON_SHARES":789211046,"PER_SHARES":10000,"TOTAL_MARKET_CAP":37882130.208,"HKSK_MARKET_CAP":37882130.208,"PE_TTM":-6.334804382609,"PB_TTM":0.023772520943,"REPORT_DATE_SQ":"2018-06-30 00:00:00","REPORT_TYPE_SQ":"2018年中报","OPERATE_INCOME_SQ":107552580.8,"DPS_HKD":null,"OPERATE_INCOME_QOQ_SQ":2.504439500905,"NET_PROFIT_RATIO_SQ":-35.5042016807,"HOLDER_PROFIT_SQ":-35943039.2,"HOLDER_PROFIT_QOQ_SQ":32.497773978477,"ROE_AVG_SQ":-2.098607786981,"PE_TTM_SQ":-6.598754565217,"PB_TTM_SQ":0.024763042649,"ROA_SQ":-1.745539828828,"START_DATE":"2019-01-01 00:00:00","FISCAL_YEAR":"12-31","CURRENCY":"HKD","IS_CNY_CODE":0,"DPS_HKD_LY":null,"ORG_TYPE":"一般企业","PREMIUM_INCOME":null,"PREMIUM_INCOME_YOY":null,"NET_INTEREST_INCOME":null,"NET_INTEREST_INCOME_YOY":null,"FEE_COMMISSION_INCOME":null,"FEE_COMMISSION_INCOME_YOY":null,"ACCOUNTS_RECE_TDAYS":4.549290372075,"INVENTORY_TDAYS":54.839893262175,"CURRENT_ASSETS_TDAYS":0.061043635133,"TOTAL_ASSETS_TDAYS":0.049300215449,"PREMIUM_EXPENSE":null,"LOAN_DEPOSIT":null,"LOAN_EQUITY":null,"LOAN_ASSETS":null,"DEPOSIT_EQUITY":null,"DEPOSIT_ASSETS":null,"EQUITY_MULTIPLIER":1.106665380287,"EQUITY_RATIO":0.116815014559}],"count":46},"success":true,"message":"ok","code":0}