{"version":"bdfc2da675246b6e3d0c3345736db852","result":{"pages":6,"data":[{"SECUCODE":"01182.HK","SECURITY_CODE":"01182","SECURITY_NAME_ABBR":"胜龙国际","ORG_CODE":"10010533","STD_REPORT_DATE":"2024-06-30 00:00:00","REPORT_DATE":"2024-09-30 00:00:00","DATE_TYPE_CODE":"002","REPORT_TYPE":"2024年中报","PER_NETCASH_OPERATE":-0.02099156709,"PER_OI":0.183702012883,"BPS":0.308502398577,"BASIC_EPS":-0.008747363,"DILUTED_EPS":-0.008747363,"OPERATE_INCOME":64207448,"OPERATE_INCOME_YOY":-46.0863375813,"GROSS_PROFIT":5871554.69,"GROSS_PROFIT_YOY":-45.353078540105,"HOLDER_PROFIT":-3067889.58,"HOLDER_PROFIT_YOY":-314.3667296786,"GROSS_PROFIT_RATIO":9.144662921348,"EPS_TTM":0.016023898027,"OPERATE_INCOME_QOQ":0,"NET_PROFIT_RATIO":-4.7780898876,"ROE_AVG":-2.884407496746,"GROSS_PROFIT_QOQ":0,"ROA":-1.682305381449,"HOLDER_PROFIT_QOQ":0,"ROE_YEARLY":-5.768814993493,"ROIC_YEARLY":-5.387344017229,"TOTAL_ASSETS":179993676.84,"TOTAL_LIABILITIES":73643778.56,"TAX_EBT":-18.166029871483,"OCF_SALES":-11.426966292135,"TOTAL_PARENT_EQUITY":106349898.28,"DEBT_ASSET_RATIO":40.9146475881,"OPERATE_PROFIT":-2470904.6,"PRETAX_PROFIT":-2596253.41,"NETCASH_OPERATE":-7336963.44,"NETCASH_INVEST":82062.89,"NETCASH_FINANCE":-1186755.64,"END_CASH":65020862.58,"DIVI_RATIO":null,"DIVIDEND_RATE":null,"CURRENT_RATIO":2.33031367474,"COMMON_ACS":30000000000,"CURRENTDEBT_DEBT":99.352223746082,"ISSUED_COMMON_SHARES":344729567,"HK_COMMON_SHARES":344729567,"PER_SHARES":5000,"TOTAL_MARKET_CAP":137891826.8,"HKSK_MARKET_CAP":137891826.8,"PE_TTM":115.972940958789,"PB_TTM":1.169248607672,"REPORT_DATE_SQ":"2023-06-30 00:00:00","REPORT_TYPE_SQ":"2023年中报","OPERATE_INCOME_SQ":121184970.69,"DPS_HKD":null,"OPERATE_INCOME_QOQ_SQ":0,"NET_PROFIT_RATIO_SQ":1.201699189,"HOLDER_PROFIT_SQ":1456278.81,"HOLDER_PROFIT_QOQ_SQ":0,"ROE_AVG_SQ":1.385941470827,"PE_TTM_SQ":10.607574112291,"PB_TTM_SQ":0.370698826628,"ROA_SQ":0.70815335737,"START_DATE":"2024-04-01 00:00:00","FISCAL_YEAR":"3-31","CURRENCY":"HKD","IS_CNY_CODE":0,"DPS_HKD_LY":null,"ORG_TYPE":"一般企业","PREMIUM_INCOME":null,"PREMIUM_INCOME_YOY":null,"NET_INTEREST_INCOME":null,"NET_INTEREST_INCOME_YOY":null,"FEE_COMMISSION_INCOME":null,"FEE_COMMISSION_INCOME_YOY":null,"ACCOUNTS_RECE_TDAYS":9.400580934777,"INVENTORY_TDAYS":3.571314213156,"CURRENT_ASSETS_TDAYS":0.372163040865,"TOTAL_ASSETS_TDAYS":0.352087428451,"PREMIUM_EXPENSE":null,"LOAN_DEPOSIT":null,"LOAN_EQUITY":null,"LOAN_ASSETS":null,"DEPOSIT_EQUITY":null,"DEPOSIT_ASSETS":null,"EQUITY_MULTIPLIER":1.6924668453,"EQUITY_RATIO":0.692466845301},{"SECUCODE":"01182.HK","SECURITY_CODE":"01182","SECURITY_NAME_ABBR":"胜龙国际","ORG_CODE":"10010533","STD_REPORT_DATE":"2023-12-31 00:00:00","REPORT_DATE":"2024-03-31 00:00:00","DATE_TYPE_CODE":"001","REPORT_TYPE":"2023年年报","PER_NETCASH_OPERATE":-0.017533433257,"PER_OI":1.096443911393,"BPS":0.310196538349,"BASIC_EPS":0.016045935,"DILUTED_EPS":null,"OPERATE_INCOME":383228601.15,"OPERATE_INCOME_YOY":16.2107850145,"GROSS_PROFIT":33757202.35,"GROSS_PROFIT_YOY":14.131443954193,"HOLDER_PROFIT":5600665.9,"HOLDER_PROFIT_YOY":657.1078431373,"GROSS_PROFIT_RATIO":8.808633345398,"EPS_TTM":0.010223747531,"OPERATE_INCOME_QOQ":0,"NET_PROFIT_RATIO":1.4614425654,"ROE_AVG":5.284248611153,"GROSS_PROFIT_QOQ":0,"ROA":2.964263780132,"HOLDER_PROFIT_QOQ":0,"ROE_YEARLY":5.284248611153,"ROIC_YEARLY":5.037261712571,"TOTAL_ASSETS":185705860.95,"TOTAL_LIABILITIES":78771942.6,"TAX_EBT":50.623401534527,"OCF_SALES":-1.599118119475,"TOTAL_PARENT_EQUITY":106933918.35,"DEBT_ASSET_RATIO":42.4175856362,"OPERATE_PROFIT":10786131.9,"PRETAX_PROFIT":11342753.6,"NETCASH_OPERATE":-6128278,"NETCASH_INVEST":1093299.3,"NETCASH_FINANCE":-3451235.85,"END_CASH":72298269.05,"DIVI_RATIO":null,"DIVIDEND_RATE":null,"CURRENT_RATIO":2.254396794708,"COMMON_ACS":30000000000,"CURRENTDEBT_DEBT":98.810017032638,"ISSUED_COMMON_SHARES":344729567,"HK_COMMON_SHARES":344729567,"PER_SHARES":5000,"TOTAL_MARKET_CAP":148233713.81,"HKSK_MARKET_CAP":148233713.81,"PE_TTM":124.670911530698,"PB_TTM":1.256942253248,"REPORT_DATE_SQ":"2022-12-31 00:00:00","REPORT_TYPE_SQ":"2022年年报","OPERATE_INCOME_SQ":318442643.24,"DPS_HKD":null,"OPERATE_INCOME_QOQ_SQ":0,"NET_PROFIT_RATIO_SQ":0.2243212632,"HOLDER_PROFIT_SQ":714334.56,"HOLDER_PROFIT_QOQ_SQ":0,"ROE_AVG_SQ":0.984615384615,"PE_TTM_SQ":10.607574112291,"PB_TTM_SQ":0.370698826628,"ROA_SQ":0.461148519775,"START_DATE":"2023-04-01 00:00:00","FISCAL_YEAR":"3-31","CURRENCY":"HKD","IS_CNY_CODE":0,"DPS_HKD_LY":null,"ORG_TYPE":"一般企业","PREMIUM_INCOME":null,"PREMIUM_INCOME_YOY":null,"NET_INTEREST_INCOME":null,"NET_INTEREST_INCOME_YOY":null,"FEE_COMMISSION_INCOME":null,"FEE_COMMISSION_INCOME_YOY":null,"ACCOUNTS_RECE_TDAYS":72.286764705882,"INVENTORY_TDAYS":17.230026593962,"CURRENT_ASSETS_TDAYS":2.147324308536,"TOTAL_ASSETS_TDAYS":2.028313565177,"PREMIUM_EXPENSE":null,"LOAN_DEPOSIT":null,"LOAN_EQUITY":null,"LOAN_ASSETS":null,"DEPOSIT_EQUITY":null,"DEPOSIT_ASSETS":null,"EQUITY_MULTIPLIER":1.736641318445,"EQUITY_RATIO":0.736641318447},{"SECUCODE":"01182.HK","SECURITY_CODE":"01182","SECURITY_NAME_ABBR":"胜龙国际","ORG_CODE":"10010533","STD_REPORT_DATE":"2023-06-30 00:00:00","REPORT_DATE":"2023-09-30 00:00:00","DATE_TYPE_CODE":"002","REPORT_TYPE":"2023年中报","PER_NETCASH_OPERATE":0.078927514493,"PER_OI":0.346718702275,"BPS":0.301176164329,"BASIC_EPS":0.004129335,"DILUTED_EPS":0.004129335,"OPERATE_INCOME":121184970.69,"OPERATE_INCOME_YOY":62.6652050205,"GROSS_PROFIT":10744529.67,"GROSS_PROFIT_YOY":23.438897407867,"HOLDER_PROFIT":1456278.81,"HOLDER_PROFIT_YOY":202.3210831721,"GROSS_PROFIT_RATIO":8.866222939052,"EPS_TTM":0.002043761287,"OPERATE_INCOME_QOQ":0,"NET_PROFIT_RATIO":1.201699189,"ROE_AVG":1.385941470827,"GROSS_PROFIT_QOQ":0,"ROA":0.70815335737,"HOLDER_PROFIT_QOQ":0,"ROE_YEARLY":2.771882941654,"ROIC_YEARLY":2.654201230934,"TOTAL_ASSETS":216767146.75,"TOTAL_LIABILITIES":112942818.03,"TAX_EBT":54.747647562019,"OCF_SALES":22.764135299062,"TOTAL_PARENT_EQUITY":103824328.72,"DEBT_ASSET_RATIO":52.1032913536,"OPERATE_PROFIT":3478735.33,"PRETAX_PROFIT":3218128.41,"NETCASH_OPERATE":27586710.69,"NETCASH_INVEST":-28446.53,"NETCASH_FINANCE":-1381033.15,"END_CASH":107593035.13,"DIVI_RATIO":null,"DIVIDEND_RATE":null,"CURRENT_RATIO":1.874920272028,"COMMON_ACS":30000000000,"CURRENTDEBT_DEBT":98.084188461257,"ISSUED_COMMON_SHARES":344729567,"HK_COMMON_SHARES":344729567,"PER_SHARES":5000,"TOTAL_MARKET_CAP":148233713.81,"HKSK_MARKET_CAP":148233713.81,"PE_TTM":124.670911530698,"PB_TTM":1.256942253248,"REPORT_DATE_SQ":"2022-06-30 00:00:00","REPORT_TYPE_SQ":"2022年中报","OPERATE_INCOME_SQ":73428770.28,"DPS_HKD":null,"OPERATE_INCOME_QOQ_SQ":0,"NET_PROFIT_RATIO_SQ":-1.7462086669,"HOLDER_PROFIT_SQ":-1402786.44,"HOLDER_PROFIT_QOQ_SQ":0,"ROE_AVG_SQ":-1.916388145823,"PE_TTM_SQ":10.607574112291,"PB_TTM_SQ":0.370698826628,"ROA_SQ":-0.917526169609,"START_DATE":"2023-04-01 00:00:00","FISCAL_YEAR":"3-31","CURRENCY":"HKD","IS_CNY_CODE":0,"DPS_HKD_LY":null,"ORG_TYPE":"一般企业","PREMIUM_INCOME":null,"PREMIUM_INCOME_YOY":null,"NET_INTEREST_INCOME":null,"NET_INTEREST_INCOME_YOY":null,"FEE_COMMISSION_INCOME":null,"FEE_COMMISSION_INCOME_YOY":null,"ACCOUNTS_RECE_TDAYS":37.678459343795,"INVENTORY_TDAYS":3.356546232901,"CURRENT_ASSETS_TDAYS":0.619261086285,"TOTAL_ASSETS_TDAYS":0.589293363795,"PREMIUM_EXPENSE":null,"LOAN_DEPOSIT":null,"LOAN_EQUITY":null,"LOAN_ASSETS":null,"DEPOSIT_EQUITY":null,"DEPOSIT_ASSETS":null,"EQUITY_MULTIPLIER":2.08782613307,"EQUITY_RATIO":1.087826133069},{"SECUCODE":"01182.HK","SECURITY_CODE":"01182","SECURITY_NAME_ABBR":"胜龙国际","ORG_CODE":"10010533","STD_REPORT_DATE":"2022-12-31 00:00:00","REPORT_DATE":"2023-03-31 00:00:00","DATE_TYPE_CODE":"001","REPORT_TYPE":"2022年年报","PER_NETCASH_OPERATE":0.045082969561,"PER_OI":0.911086741075,"BPS":0.294241534263,"BASIC_EPS":0.002363607,"DILUTED_EPS":null,"OPERATE_INCOME":318442643.24,"OPERATE_INCOME_YOY":152.4263221079,"GROSS_PROFIT":29577477.67,"GROSS_PROFIT_YOY":76.319520790346,"HOLDER_PROFIT":714334.56,"HOLDER_PROFIT_YOY":-59.842519685,"GROSS_PROFIT_RATIO":9.288164854136,"EPS_TTM":-0.009871459586,"OPERATE_INCOME_QOQ":0,"NET_PROFIT_RATIO":0.2243212632,"ROE_AVG":0.984615384615,"GROSS_PROFIT_QOQ":0,"ROA":0.461148519775,"HOLDER_PROFIT_QOQ":0,"ROE_YEARLY":0.984615384615,"ROIC_YEARLY":0.708591674048,"TOTAL_ASSETS":185572038.03,"TOTAL_LIABILITIES":84138281.33,"TAX_EBT":58.005273206655,"OCF_SALES":4.948263159631,"TOTAL_PARENT_EQUITY":101433756.7,"DEBT_ASSET_RATIO":45.3399565059,"OPERATE_PROFIT":11274405.39,"PRETAX_PROFIT":9628634.59,"NETCASH_OPERATE":15757380,"NETCASH_INVEST":-2160511.88,"NETCASH_FINANCE":41321978.23,"END_CASH":80353008.49,"DIVI_RATIO":null,"DIVIDEND_RATE":null,"CURRENT_RATIO":2.158258488145,"COMMON_ACS":30000000000,"CURRENTDEBT_DEBT":96.497872296151,"ISSUED_COMMON_SHARES":344729567,"HK_COMMON_SHARES":344729567,"PER_SHARES":5000,"TOTAL_MARKET_CAP":148233713.81,"HKSK_MARKET_CAP":148233713.81,"PE_TTM":124.670911530698,"PB_TTM":1.256942253248,"REPORT_DATE_SQ":"2021-12-31 00:00:00","REPORT_TYPE_SQ":"2021年年报","OPERATE_INCOME_SQ":116872218.07,"DPS_HKD":null,"OPERATE_INCOME_QOQ_SQ":0,"NET_PROFIT_RATIO_SQ":1.1162872462,"HOLDER_PROFIT_SQ":1647972.32,"HOLDER_PROFIT_QOQ_SQ":0,"ROE_AVG_SQ":4.179951864728,"PE_TTM_SQ":10.607574112291,"PB_TTM_SQ":0.370698826628,"ROA_SQ":1.650442459907,"START_DATE":"2022-04-01 00:00:00","FISCAL_YEAR":"3-31","CURRENCY":"HKD","IS_CNY_CODE":0,"DPS_HKD_LY":null,"ORG_TYPE":"一般企业","PREMIUM_INCOME":null,"PREMIUM_INCOME_YOY":null,"NET_INTEREST_INCOME":null,"NET_INTEREST_INCOME_YOY":null,"FEE_COMMISSION_INCOME":null,"FEE_COMMISSION_INCOME_YOY":null,"ACCOUNTS_RECE_TDAYS":91.67439516129,"INVENTORY_TDAYS":12.862093159228,"CURRENT_ASSETS_TDAYS":2.205947186654,"TOTAL_ASSETS_TDAYS":2.055750369456,"PREMIUM_EXPENSE":null,"LOAN_DEPOSIT":null,"LOAN_EQUITY":null,"LOAN_ASSETS":null,"DEPOSIT_EQUITY":null,"DEPOSIT_ASSETS":null,"EQUITY_MULTIPLIER":1.829489945627,"EQUITY_RATIO":0.829489945629},{"SECUCODE":"01182.HK","SECURITY_CODE":"01182","SECURITY_NAME_ABBR":"胜龙国际","ORG_CODE":"10010533","STD_REPORT_DATE":"2022-06-30 00:00:00","REPORT_DATE":"2022-09-30 00:00:00","DATE_TYPE_CODE":"002","REPORT_TYPE":"2022年中报","PER_NETCASH_OPERATE":-0.027732019592,"PER_OI":0.210084862803,"BPS":0.293811532215,"BASIC_EPS":-0.005517084,"DILUTED_EPS":-0.005517084,"OPERATE_INCOME":73428770.28,"OPERATE_INCOME_YOY":-18.0308050093,"GROSS_PROFIT":8704330.56,"GROSS_PROFIT_YOY":-51.085511817737,"HOLDER_PROFIT":-1402786.44,"HOLDER_PROFIT_YOY":-134.9639314698,"GROSS_PROFIT_RATIO":13.468661690366,"EPS_TTM":0.004714964413,"OPERATE_INCOME_QOQ":0,"NET_PROFIT_RATIO":-1.7462086669,"ROE_AVG":-1.916388145823,"GROSS_PROFIT_QOQ":0,"ROA":-0.917526169609,"HOLDER_PROFIT_QOQ":0,"ROE_YEARLY":-3.832776291647,"ROIC_YEARLY":-2.677773701362,"TOTAL_ASSETS":177421281.48,"TOTAL_LIABILITIES":76135759.2,"TAX_EBT":81.391585760518,"OCF_SALES":-12.065840285518,"TOTAL_PARENT_EQUITY":101285522.28,"DEBT_ASSET_RATIO":42.9124164615,"OPERATE_PROFIT":1507701.48,"PRETAX_PROFIT":558943.92,"NETCASH_OPERATE":-9692883.48,"NETCASH_INVEST":-2731408.8,"NETCASH_FINANCE":53083392.48,"END_CASH":67474841.76,"DIVI_RATIO":null,"DIVIDEND_RATE":null,"CURRENT_RATIO":2.191530054645,"COMMON_ACS":30000000000,"CURRENTDEBT_DEBT":100,"ISSUED_COMMON_SHARES":344729567,"HK_COMMON_SHARES":344729567,"PER_SHARES":5000,"TOTAL_MARKET_CAP":148233713.81,"HKSK_MARKET_CAP":148233713.81,"PE_TTM":124.670911530698,"PB_TTM":1.256942253248,"REPORT_DATE_SQ":"2021-06-30 00:00:00","REPORT_TYPE_SQ":"2021年中报","OPERATE_INCOME_SQ":90269548.54,"DPS_HKD":null,"OPERATE_INCOME_QOQ_SQ":0,"NET_PROFIT_RATIO_SQ":4.0937993152,"HOLDER_PROFIT_SQ":3695454.16,"HOLDER_PROFIT_QOQ_SQ":0,"ROE_AVG_SQ":8.9244759184,"PE_TTM_SQ":10.607574112291,"PB_TTM_SQ":0.370698826628,"ROA_SQ":3.570206960938,"START_DATE":"2022-04-01 00:00:00","FISCAL_YEAR":"3-31","CURRENCY":"HKD","IS_CNY_CODE":0,"DPS_HKD_LY":null,"ORG_TYPE":"一般企业","PREMIUM_INCOME":null,"PREMIUM_INCOME_YOY":null,"NET_INTEREST_INCOME":null,"NET_INTEREST_INCOME_YOY":null,"FEE_COMMISSION_INCOME":null,"FEE_COMMISSION_INCOME_YOY":null,"ACCOUNTS_RECE_TDAYS":4.554670406732,"INVENTORY_TDAYS":2.025243741765,"CURRENT_ASSETS_TDAYS":0.565533532412,"TOTAL_ASSETS_TDAYS":0.525439019412,"PREMIUM_EXPENSE":null,"LOAN_DEPOSIT":null,"LOAN_EQUITY":null,"LOAN_ASSETS":null,"DEPOSIT_EQUITY":null,"DEPOSIT_ASSETS":null,"EQUITY_MULTIPLIER":1.7516943931,"EQUITY_RATIO":0.751694393099},{"SECUCODE":"01182.HK","SECURITY_CODE":"01182","SECURITY_NAME_ABBR":"胜龙国际","ORG_CODE":"10010533","STD_REPORT_DATE":"2021-12-31 00:00:00","REPORT_DATE":"2022-03-31 00:00:00","DATE_TYPE_CODE":"001","REPORT_TYPE":"2021年年报","PER_NETCASH_OPERATE":0.075910462867,"PER_OI":0.835949035028,"BPS":0.117347575237,"BASIC_EPS":0.011110837,"DILUTED_EPS":null,"OPERATE_INCOME":116872218.07,"OPERATE_INCOME_YOY":3.9019155688,"GROSS_PROFIT":16774930.84,"GROSS_PROFIT_YOY":-0.071688479039,"HOLDER_PROFIT":1647972.32,"HOLDER_PROFIT_YOY":119.2716236722,"GROSS_PROFIT_RATIO":19.60644282324,"EPS_TTM":0.001049328948,"OPERATE_INCOME_QOQ":0,"NET_PROFIT_RATIO":1.1162872462,"ROE_AVG":4.179951864728,"GROSS_PROFIT_QOQ":0,"ROA":1.650442459907,"HOLDER_PROFIT_QOQ":0,"ROE_YEARLY":4.179951864728,"ROIC_YEARLY":2.231262936548,"TOTAL_ASSETS":115095295.16,"TOTAL_LIABILITIES":74642116.36,"TAX_EBT":59.854118993135,"OCF_SALES":7.188845917201,"TOTAL_PARENT_EQUITY":40453178.8,"DEBT_ASSET_RATIO":64.8524479269,"OPERATE_PROFIT":6681100.38,"PRETAX_PROFIT":5670581.92,"NETCASH_OPERATE":10685056.75,"NETCASH_INVEST":-2427352.93,"NETCASH_FINANCE":-9096288.16,"END_CASH":25785251.94,"DIVI_RATIO":null,"DIVIDEND_RATE":null,"CURRENT_RATIO":1.451131186262,"COMMON_ACS":30000000000,"CURRENTDEBT_DEBT":97.060932678517,"ISSUED_COMMON_SHARES":344729567,"HK_COMMON_SHARES":344729567,"PER_SHARES":5000,"TOTAL_MARKET_CAP":148233713.81,"HKSK_MARKET_CAP":148233713.81,"PE_TTM":124.670911530698,"PB_TTM":1.256942253248,"REPORT_DATE_SQ":"2020-12-31 00:00:00","REPORT_TYPE_SQ":"2020年年报","OPERATE_INCOME_SQ":148072155.28,"DPS_HKD":null,"OPERATE_INCOME_QOQ_SQ":0,"NET_PROFIT_RATIO_SQ":-6.0184022466,"HOLDER_PROFIT_SQ":-8911577.92,"HOLDER_PROFIT_QOQ_SQ":0,"ROE_AVG_SQ":-27.505608598111,"PE_TTM_SQ":10.607574112291,"PB_TTM_SQ":0.370698826628,"ROA_SQ":-12.439389828109,"START_DATE":"2021-04-01 00:00:00","FISCAL_YEAR":"3-31","CURRENCY":"HKD","IS_CNY_CODE":0,"DPS_HKD_LY":null,"ORG_TYPE":"一般企业","PREMIUM_INCOME":null,"PREMIUM_INCOME_YOY":null,"NET_INTEREST_INCOME":null,"NET_INTEREST_INCOME_YOY":null,"FEE_COMMISSION_INCOME":null,"FEE_COMMISSION_INCOME_YOY":null,"ACCOUNTS_RECE_TDAYS":31.205500216544,"INVENTORY_TDAYS":10.788602602381,"CURRENT_ASSETS_TDAYS":1.624531467533,"TOTAL_ASSETS_TDAYS":1.478510540658,"PREMIUM_EXPENSE":null,"LOAN_DEPOSIT":null,"LOAN_EQUITY":null,"LOAN_ASSETS":null,"DEPOSIT_EQUITY":null,"DEPOSIT_ASSETS":null,"EQUITY_MULTIPLIER":2.845148356051,"EQUITY_RATIO":1.845148356055},{"SECUCODE":"01182.HK","SECURITY_CODE":"01182","SECURITY_NAME_ABBR":"胜龙国际","ORG_CODE":"10010533","STD_REPORT_DATE":"2021-06-30 00:00:00","REPORT_DATE":"2021-09-30 00:00:00","DATE_TYPE_CODE":"002","REPORT_TYPE":"2021年中报","PER_NETCASH_OPERATE":-0.007186080934,"PER_OI":0.645668776041,"BPS":0.125820660924,"BASIC_EPS":0.0249918,"DILUTED_EPS":0.0249918,"OPERATE_INCOME":90269548.54,"OPERATE_INCOME_YOY":114.6870604085,"GROSS_PROFIT":17794994.66,"GROSS_PROFIT_YOY":131.070754226387,"HOLDER_PROFIT":3695454.16,"HOLDER_PROFIT_YOY":172.6855644765,"GROSS_PROFIT_RATIO":19.713175647616,"EPS_TTM":-0.063741623851,"OPERATE_INCOME_QOQ":0,"NET_PROFIT_RATIO":4.0937993152,"ROE_AVG":8.9244759184,"GROSS_PROFIT_QOQ":0,"ROA":3.570206960938,"HOLDER_PROFIT_QOQ":0,"ROE_YEARLY":17.8489518368,"ROIC_YEARLY":9.605473994197,"TOTAL_ASSETS":120110590.8,"TOTAL_LIABILITIES":76736488.84,"TAX_EBT":37.60900140647,"OCF_SALES":-1.112967081645,"TOTAL_PARENT_EQUITY":43374101.96,"DEBT_ASSET_RATIO":63.8881953114,"OPERATE_PROFIT":6603666.62,"PRETAX_PROFIT":5923056.6,"NETCASH_OPERATE":-1004670.36,"NETCASH_INVEST":-209098.06,"NETCASH_FINANCE":483174.8,"END_CASH":26215565.14,"DIVI_RATIO":null,"DIVIDEND_RATE":null,"CURRENT_RATIO":1.504619996868,"COMMON_ACS":30000000000,"CURRENTDEBT_DEBT":97.047137242982,"ISSUED_COMMON_SHARES":344729567,"HK_COMMON_SHARES":344729567,"PER_SHARES":5000,"TOTAL_MARKET_CAP":148233713.81,"HKSK_MARKET_CAP":148233713.81,"PE_TTM":124.670911530698,"PB_TTM":1.256942253248,"REPORT_DATE_SQ":"2020-06-30 00:00:00","REPORT_TYPE_SQ":"2020年中报","OPERATE_INCOME_SQ":44351634.56,"DPS_HKD":null,"OPERATE_INCOME_QOQ_SQ":0,"NET_PROFIT_RATIO_SQ":-12.0916133378,"HOLDER_PROFIT_SQ":-5362828.16,"HOLDER_PROFIT_QOQ_SQ":0,"ROE_AVG_SQ":-23.222099615692,"PE_TTM_SQ":10.607574112291,"PB_TTM_SQ":0.370698826628,"ROA_SQ":-9.413924216599,"START_DATE":"2021-04-01 00:00:00","FISCAL_YEAR":"3-31","CURRENCY":"HKD","IS_CNY_CODE":0,"DPS_HKD_LY":null,"ORG_TYPE":"一般企业","PREMIUM_INCOME":null,"PREMIUM_INCOME_YOY":null,"NET_INTEREST_INCOME":null,"NET_INTEREST_INCOME_YOY":null,"FEE_COMMISSION_INCOME":null,"FEE_COMMISSION_INCOME_YOY":null,"ACCOUNTS_RECE_TDAYS":76.175043936731,"INVENTORY_TDAYS":11.043859092352,"CURRENT_ASSETS_TDAYS":0.946461871716,"TOTAL_ASSETS_TDAYS":0.872101118305,"PREMIUM_EXPENSE":null,"LOAN_DEPOSIT":null,"LOAN_EQUITY":null,"LOAN_ASSETS":null,"DEPOSIT_EQUITY":null,"DEPOSIT_ASSETS":null,"EQUITY_MULTIPLIER":2.769177582298,"EQUITY_RATIO":1.769177582299},{"SECUCODE":"01182.HK","SECURITY_CODE":"01182","SECURITY_NAME_ABBR":"胜龙国际","ORG_CODE":"10010533","STD_REPORT_DATE":"2020-12-31 00:00:00","REPORT_DATE":"2021-03-31 00:00:00","DATE_TYPE_CODE":"001","REPORT_TYPE":"2020年年报","PER_NETCASH_OPERATE":-0.000667400916,"PER_OI":0.052955602732,"BPS":0.116079083753,"BASIC_EPS":-0.075305538,"DILUTED_EPS":-0.075305538,"OPERATE_INCOME":148072155.28,"OPERATE_INCOME_YOY":91.6176309745,"GROSS_PROFIT":16786965.16,"GROSS_PROFIT_YOY":-36.974673133296,"HOLDER_PROFIT":-8911577.92,"HOLDER_PROFIT_YOY":11.0586250527,"GROSS_PROFIT_RATIO":11.337016826868,"EPS_TTM":-0.004211815607,"OPERATE_INCOME_QOQ":0,"NET_PROFIT_RATIO":-6.0184022466,"ROE_AVG":-27.505608598111,"GROSS_PROFIT_QOQ":0,"ROA":-12.439389828109,"HOLDER_PROFIT_QOQ":0,"ROE_YEARLY":-27.505608598111,"ROIC_YEARLY":-15.552425272691,"TOTAL_ASSETS":88170022.78,"TOTAL_LIABILITIES":48154130.5,"TAX_EBT":-6.119162640902,"OCF_SALES":-1.260302746638,"TOTAL_PARENT_EQUITY":40015892.28,"DEBT_ASSET_RATIO":54.6150822941,"OPERATE_PROFIT":-5679609.6,"PRETAX_PROFIT":-8397708.48,"NETCASH_OPERATE":-1866157.44,"NETCASH_INVEST":-829966.76,"NETCASH_FINANCE":28594129.76,"END_CASH":27302694.72,"DIVI_RATIO":null,"DIVIDEND_RATE":null,"CURRENT_RATIO":1.750959132611,"COMMON_ACS":30000000000,"CURRENTDEBT_DEBT":94.699429574375,"ISSUED_COMMON_SHARES":344729567,"HK_COMMON_SHARES":344729567,"PER_SHARES":5000,"TOTAL_MARKET_CAP":148233713.81,"HKSK_MARKET_CAP":148233713.81,"PE_TTM":124.670911530698,"PB_TTM":1.256942253248,"REPORT_DATE_SQ":"2019-12-31 00:00:00","REPORT_TYPE_SQ":"2019年年报","OPERATE_INCOME_SQ":83539591,"DPS_HKD":null,"OPERATE_INCOME_QOQ_SQ":0,"NET_PROFIT_RATIO_SQ":-12.9662036531,"HOLDER_PROFIT_SQ":-10831913.5,"HOLDER_PROFIT_QOQ_SQ":0,"ROE_AVG_SQ":-33.717771868201,"PE_TTM_SQ":10.607574112291,"PB_TTM_SQ":0.370698826628,"ROA_SQ":-17.217090740095,"START_DATE":"2020-04-01 00:00:00","FISCAL_YEAR":"3-31","CURRENCY":"HKD","IS_CNY_CODE":0,"DPS_HKD_LY":null,"ORG_TYPE":"一般企业","PREMIUM_INCOME":null,"PREMIUM_INCOME_YOY":null,"NET_INTEREST_INCOME":null,"NET_INTEREST_INCOME_YOY":null,"FEE_COMMISSION_INCOME":null,"FEE_COMMISSION_INCOME_YOY":null,"ACCOUNTS_RECE_TDAYS":122.686274509804,"INVENTORY_TDAYS":39.560422768369,"CURRENT_ASSETS_TDAYS":2.341472541865,"TOTAL_ASSETS_TDAYS":2.066892394087,"PREMIUM_EXPENSE":null,"LOAN_DEPOSIT":null,"LOAN_EQUITY":null,"LOAN_ASSETS":null,"DEPOSIT_EQUITY":null,"DEPOSIT_ASSETS":null,"EQUITY_MULTIPLIER":2.203375153129,"EQUITY_RATIO":1.203375153128},{"SECUCODE":"01182.HK","SECURITY_CODE":"01182","SECURITY_NAME_ABBR":"胜龙国际","ORG_CODE":"10010533","STD_REPORT_DATE":"2020-06-30 00:00:00","REPORT_DATE":"2020-09-30 00:00:00","DATE_TYPE_CODE":"002","REPORT_TYPE":"2020年中报","PER_NETCASH_OPERATE":-0.000774635651,"PER_OI":0.018743137688,"BPS":0.059239052158,"BASIC_EPS":-0.045341952,"DILUTED_EPS":-0.045341952,"OPERATE_INCOME":44351634.56,"OPERATE_INCOME_YOY":13.9962959617,"GROSS_PROFIT":7701102.08,"GROSS_PROFIT_YOY":-40.266476380723,"HOLDER_PROFIT":-5362828.16,"HOLDER_PROFIT_YOY":11.6147719044,"GROSS_PROFIT_RATIO":17.363739028788,"EPS_TTM":-0.004577600086,"OPERATE_INCOME_QOQ":0,"NET_PROFIT_RATIO":-12.0916133378,"ROE_AVG":-23.222099615692,"GROSS_PROFIT_QOQ":0,"ROA":-9.413924216599,"HOLDER_PROFIT_QOQ":0,"ROE_YEARLY":-46.444199231384,"ROIC_YEARLY":-19.625529588629,"TOTAL_ASSETS":56637018.88,"TOTAL_LIABILITIES":36215566.08,"TAX_EBT":null,"OCF_SALES":-4.132902740079,"TOTAL_PARENT_EQUITY":20421452.8,"DEBT_ASSET_RATIO":63.9432773761,"OPERATE_PROFIT":-3689745.28,"PRETAX_PROFIT":-5362828.16,"NETCASH_OPERATE":-1833009.92,"NETCASH_INVEST":-1834767.36,"NETCASH_FINANCE":5407642.88,"END_CASH":3199419.52,"DIVI_RATIO":null,"DIVIDEND_RATE":null,"CURRENT_RATIO":1.445404293611,"COMMON_ACS":30000000000,"CURRENTDEBT_DEBT":94.373271218518,"ISSUED_COMMON_SHARES":344729567,"HK_COMMON_SHARES":344729567,"PER_SHARES":5000,"TOTAL_MARKET_CAP":148233713.81,"HKSK_MARKET_CAP":148233713.81,"PE_TTM":124.670911530698,"PB_TTM":1.256942253248,"REPORT_DATE_SQ":"2019-06-30 00:00:00","REPORT_TYPE_SQ":"2019年中报","OPERATE_INCOME_SQ":39937394.76,"DPS_HKD":null,"OPERATE_INCOME_QOQ_SQ":0,"NET_PROFIT_RATIO_SQ":-15.5953564008,"HOLDER_PROFIT_SQ":-6228379.05,"HOLDER_PROFIT_QOQ_SQ":0,"ROE_AVG_SQ":-18.391508742958,"PE_TTM_SQ":10.607574112291,"PB_TTM_SQ":0.370698826628,"ROA_SQ":-9.733577671272,"START_DATE":"2020-04-01 00:00:00","FISCAL_YEAR":"3-31","CURRENCY":"HKD","IS_CNY_CODE":0,"DPS_HKD_LY":null,"ORG_TYPE":"一般企业","PREMIUM_INCOME":null,"PREMIUM_INCOME_YOY":null,"NET_INTEREST_INCOME":null,"NET_INTEREST_INCOME_YOY":null,"FEE_COMMISSION_INCOME":null,"FEE_COMMISSION_INCOME_YOY":null,"ACCOUNTS_RECE_TDAYS":1802.60714285714,"INVENTORY_TDAYS":85.120408163265,"CURRENT_ASSETS_TDAYS":0.906223068084,"TOTAL_ASSETS_TDAYS":0.778549888554,"PREMIUM_EXPENSE":null,"LOAN_DEPOSIT":null,"LOAN_EQUITY":null,"LOAN_ASSETS":null,"DEPOSIT_EQUITY":null,"DEPOSIT_ASSETS":null,"EQUITY_MULTIPLIER":2.773407917383,"EQUITY_RATIO":1.773407917384}],"count":48},"success":true,"message":"ok","code":0}