{"version":"0c3f0b18ab00e3d1e4b416777f3109d3","result":{"pages":2,"data":[{"SECUCODE":"01183.HK","SECURITY_CODE":"01183","SECURITY_NAME_ABBR":"澳能建设","ORG_CODE":"10698210","STD_REPORT_DATE":"2024-06-30 00:00:00","REPORT_DATE":"2024-06-30 00:00:00","DATE_TYPE_CODE":"002","REPORT_TYPE":"2024年中报","PER_NETCASH_OPERATE":0.015804197051,"PER_OI":0.165418548283,"BPS":0.084168768823,"BASIC_EPS":0.001502250509,"DILUTED_EPS":0.001502250509,"OPERATE_INCOME":659367793.41028,"OPERATE_INCOME_YOY":-6.7461691223,"GROSS_PROFIT":41954322.00929,"GROSS_PROFIT_YOY":-55.777661766999,"HOLDER_PROFIT":6140669.87473,"HOLDER_PROFIT_YOY":-78.4473667887,"GROSS_PROFIT_RATIO":6.362810320519,"EPS_TTM":-0.008236385138,"OPERATE_INCOME_QOQ":-4.20016783205,"NET_PROFIT_RATIO":1.0697380201,"ROE_AVG":1.840134203485,"GROSS_PROFIT_QOQ":-49.804375461148,"ROA":0.62332653107,"HOLDER_PROFIT_QOQ":-222.593055055353,"ROE_YEARLY":3.680268406969,"ROIC_YEARLY":1.485370204316,"TOTAL_ASSETS":1008591550.85366,"TOTAL_LIABILITIES":583048165.49246,"TAX_EBT":16.836841008543,"OCF_SALES":9.554065862197,"TOTAL_PARENT_EQUITY":335052233.08289,"DEBT_ASSET_RATIO":57.8081548471,"OPERATE_PROFIT":8113036.42537,"PRETAX_PROFIT":8481529.63846,"NETCASH_OPERATE":62996433.25653,"NETCASH_INVEST":-29805533.77533,"NETCASH_FINANCE":2514060.41065,"END_CASH":83457085.18911,"DIVI_RATIO":null,"DIVIDEND_RATE":null,"CURRENT_RATIO":1.49769518544,"COMMON_ACS":5000000000,"CURRENTDEBT_DEBT":86.900081540108,"ISSUED_COMMON_SHARES":3980719188,"HK_COMMON_SHARES":3980719188,"PER_SHARES":2000,"TOTAL_MARKET_CAP":652837946.832,"HKSK_MARKET_CAP":652837946.832,"PE_TTM":-18.269884492001,"PB_TTM":1.778326131677,"REPORT_DATE_SQ":"2023-06-30 00:00:00","REPORT_TYPE_SQ":"2023年中报","OPERATE_INCOME_SQ":714580804.49091,"DPS_HKD":null,"OPERATE_INCOME_QOQ_SQ":19.227610085092,"NET_PROFIT_RATIO_SQ":4.7717720457,"HOLDER_PROFIT_SQ":28794245.90154,"HOLDER_PROFIT_QOQ_SQ":-20.29422161148,"ROE_AVG_SQ":7.815314059663,"PE_TTM_SQ":13.434290017338,"PB_TTM_SQ":1.930481302793,"ROA_SQ":3.032366434613,"START_DATE":"2024-01-01 00:00:00","FISCAL_YEAR":"12-31","CURRENCY":"HKD","IS_CNY_CODE":0,"DPS_HKD_LY":null,"ORG_TYPE":"一般企业","PREMIUM_INCOME":null,"PREMIUM_INCOME_YOY":null,"NET_INTEREST_INCOME":null,"NET_INTEREST_INCOME_YOY":null,"FEE_COMMISSION_INCOME":null,"FEE_COMMISSION_INCOME_YOY":null,"ACCOUNTS_RECE_TDAYS":1.32818552062,"INVENTORY_TDAYS":9.132984320569,"CURRENT_ASSETS_TDAYS":0.882980504738,"TOTAL_ASSETS_TDAYS":0.669310429888,"PREMIUM_EXPENSE":null,"LOAN_DEPOSIT":null,"LOAN_EQUITY":null,"LOAN_ASSETS":null,"DEPOSIT_EQUITY":null,"DEPOSIT_ASSETS":null,"EQUITY_MULTIPLIER":2.370126256332,"EQUITY_RATIO":1.740170958205},{"SECUCODE":"01183.HK","SECURITY_CODE":"01183","SECURITY_NAME_ABBR":"澳能建设","ORG_CODE":"10698210","STD_REPORT_DATE":"2023-12-31 00:00:00","REPORT_DATE":"2023-12-31 00:00:00","DATE_TYPE_CODE":"001","REPORT_TYPE":"2023年年报","PER_NETCASH_OPERATE":-0.015926933078,"PER_OI":0.329790238561,"BPS":0.083001717127,"BASIC_EPS":-0.002547575818,"DILUTED_EPS":-0.002547575818,"OPERATE_INCOME":1314542972.76706,"OPERATE_INCOME_YOY":11.5116743522,"GROSS_PROFIT":106249724.15016,"GROSS_PROFIT_YOY":-12.60975238463,"HOLDER_PROFIT":-10177126.1557,"HOLDER_PROFIT_YOY":-114.2419846577,"GROSS_PROFIT_RATIO":8.082636045477,"EPS_TTM":-0.002553219585,"OPERATE_INCOME_QOQ":-5.021289988737,"NET_PROFIT_RATIO":0.3719611091,"ROE_AVG":-2.998355239745,"GROSS_PROFIT_QOQ":-31.900128428588,"ROA":-1.111950953221,"HOLDER_PROFIT_QOQ":-118.145271668714,"ROE_YEARLY":-2.998355239745,"ROIC_YEARLY":-1.315962850886,"TOTAL_ASSETS":956036683.49064,"TOTAL_LIABILITIES":534399708.49534,"TAX_EBT":49.792531120332,"OCF_SALES":-4.82941312877,"TOTAL_PARENT_EQUITY":330406528.00388,"DEBT_ASSET_RATIO":55.8974062108,"OPERATE_PROFIT":15809904.13674,"PRETAX_PROFIT":9738767.42012,"NETCASH_OPERATE":-63484710.91014,"NETCASH_INVEST":-103927037.78368,"NETCASH_FINANCE":156836673.62586,"END_CASH":50630873.1967,"DIVI_RATIO":null,"DIVIDEND_RATE":null,"CURRENT_RATIO":1.443097277237,"COMMON_ACS":5000000000,"CURRENTDEBT_DEBT":94.703342116986,"ISSUED_COMMON_SHARES":3980719188,"HK_COMMON_SHARES":3980719188,"PER_SHARES":2000,"TOTAL_MARKET_CAP":668760823.584,"HKSK_MARKET_CAP":668760823.584,"PE_TTM":-18.71549143083,"PB_TTM":1.821699939766,"REPORT_DATE_SQ":"2022-12-31 00:00:00","REPORT_TYPE_SQ":"2022年年报","OPERATE_INCOME_SQ":1160838177.01984,"DPS_HKD":null,"OPERATE_INCOME_QOQ_SQ":31.959319169656,"NET_PROFIT_RATIO_SQ":6.8310535086,"HOLDER_PROFIT_SQ":70367460.16256,"HOLDER_PROFIT_QOQ_SQ":-29.146841471779,"ROE_AVG_SQ":19.271924764059,"PE_TTM_SQ":13.501127281106,"PB_TTM_SQ":1.940085687384,"ROA_SQ":9.694080633052,"START_DATE":"2023-01-01 00:00:00","FISCAL_YEAR":"12-31","CURRENCY":"HKD","IS_CNY_CODE":0,"DPS_HKD_LY":null,"ORG_TYPE":"一般企业","PREMIUM_INCOME":null,"PREMIUM_INCOME_YOY":null,"NET_INTEREST_INCOME":null,"NET_INTEREST_INCOME_YOY":null,"FEE_COMMISSION_INCOME":null,"FEE_COMMISSION_INCOME_YOY":null,"ACCOUNTS_RECE_TDAYS":2.412922190797,"INVENTORY_TDAYS":48.035377523224,"CURRENT_ASSETS_TDAYS":1.760800012238,"TOTAL_ASSETS_TDAYS":1.436267261755,"PREMIUM_EXPENSE":null,"LOAN_DEPOSIT":null,"LOAN_EQUITY":null,"LOAN_ASSETS":null,"DEPOSIT_EQUITY":null,"DEPOSIT_ASSETS":null,"EQUITY_MULTIPLIER":2.267440334189,"EQUITY_RATIO":1.617400575357},{"SECUCODE":"01183.HK","SECURITY_CODE":"01183","SECURITY_NAME_ABBR":"澳能建设","ORG_CODE":"10698210","STD_REPORT_DATE":"2023-06-30 00:00:00","REPORT_DATE":"2023-06-30 00:00:00","DATE_TYPE_CODE":"002","REPORT_TYPE":"2023年中报","PER_NETCASH_OPERATE":-0.028818128692,"PER_OI":0.178812785538,"BPS":0.096123020361,"BASIC_EPS":0.007233837597,"DILUTED_EPS":0.007233837597,"OPERATE_INCOME":714580804.49091,"OPERATE_INCOME_YOY":35.1209454074,"GROSS_PROFIT":94871333.55147,"GROSS_PROFIT_YOY":56.989499287313,"HOLDER_PROFIT":28794245.90154,"HOLDER_PROFIT_YOY":-37.8886534386,"GROSS_PROFIT_RATIO":13.276501825299,"EPS_TTM":0.014034886544,"OPERATE_INCOME_QOQ":19.227610085092,"NET_PROFIT_RATIO":4.7717720457,"ROE_AVG":7.815314059663,"GROSS_PROFIT_QOQ":28.326596803827,"ROA":3.032366434613,"HOLDER_PROFIT_QOQ":-20.29422161148,"ROE_YEARLY":15.630628119326,"ROIC_YEARLY":7.007169189059,"TOTAL_ASSETS":1010139333.50967,"TOTAL_LIABILITIES":544690109.7267,"TAX_EBT":21.926631768363,"OCF_SALES":-16.116369199006,"TOTAL_PARENT_EQUITY":382638751.55835,"DEBT_ASSET_RATIO":53.9222750424,"OPERATE_PROFIT":46463564.03199,"PRETAX_PROFIT":43674517.75848,"NETCASH_OPERATE":-115164480.67698,"NETCASH_INVEST":-45347231.06949,"NETCASH_FINANCE":121259658.65223,"END_CASH":28338782.05284,"DIVI_RATIO":null,"DIVIDEND_RATE":null,"CURRENT_RATIO":1.698623004751,"COMMON_ACS":5000000000,"CURRENTDEBT_DEBT":92.898296469971,"ISSUED_COMMON_SHARES":3980719188,"HK_COMMON_SHARES":3980719188,"PER_SHARES":2000,"TOTAL_MARKET_CAP":668760823.584,"HKSK_MARKET_CAP":668760823.584,"PE_TTM":-18.71549143083,"PB_TTM":1.821699939766,"REPORT_DATE_SQ":"2022-06-30 00:00:00","REPORT_TYPE_SQ":"2022年中报","OPERATE_INCOME_SQ":491379366.09464,"DPS_HKD":null,"OPERATE_INCOME_QOQ_SQ":21.624061629132,"NET_PROFIT_RATIO_SQ":9.1234244336,"HOLDER_PROFIT_SQ":43074774.2093,"HOLDER_PROFIT_QOQ_SQ":-0.982255111223,"ROE_AVG_SQ":11.791041216401,"PE_TTM_SQ":13.501127281106,"PB_TTM_SQ":1.940085687384,"ROA_SQ":6.487253877075,"START_DATE":"2023-01-01 00:00:00","FISCAL_YEAR":"12-31","CURRENCY":"HKD","IS_CNY_CODE":0,"DPS_HKD_LY":null,"ORG_TYPE":"一般企业","PREMIUM_INCOME":null,"PREMIUM_INCOME_YOY":null,"NET_INTEREST_INCOME":null,"NET_INTEREST_INCOME_YOY":null,"FEE_COMMISSION_INCOME":null,"FEE_COMMISSION_INCOME_YOY":null,"ACCOUNTS_RECE_TDAYS":1.23803938892,"INVENTORY_TDAYS":13.5808200411,"CURRENT_ASSETS_TDAYS":0.874124529559,"TOTAL_ASSETS_TDAYS":0.752536063548,"PREMIUM_EXPENSE":null,"LOAN_DEPOSIT":null,"LOAN_EQUITY":null,"LOAN_ASSETS":null,"DEPOSIT_EQUITY":null,"DEPOSIT_ASSETS":null,"EQUITY_MULTIPLIER":2.170246037364,"EQUITY_RATIO":1.423510053565},{"SECUCODE":"01183.HK","SECURITY_CODE":"01183","SECURITY_NAME_ABBR":"澳能建设","ORG_CODE":"10698210","STD_REPORT_DATE":"2022-12-31 00:00:00","REPORT_DATE":"2022-12-31 00:00:00","DATE_TYPE_CODE":"001","REPORT_TYPE":"2022年年报","PER_NETCASH_OPERATE":-0.036054353085,"PER_OI":0.435739622765,"BPS":0.086195502011,"BASIC_EPS":0.017560722872,"DILUTED_EPS":0.017560722872,"OPERATE_INCOME":1160838177.01984,"OPERATE_INCOME_YOY":47.1428164152,"GROSS_PROFIT":121580756.49104,"GROSS_PROFIT_YOY":-11.611199267887,"HOLDER_PROFIT":70367460.16256,"HOLDER_PROFIT_YOY":-35.6791548717,"GROSS_PROFIT_RATIO":10.473531875319,"EPS_TTM":0.0264135787,"OPERATE_INCOME_QOQ":31.959319169656,"NET_PROFIT_RATIO":6.8310535086,"ROE_AVG":19.271924764059,"GROSS_PROFIT_QOQ":-9.384237412692,"ROA":9.694080633052,"HOLDER_PROFIT_QOQ":-29.146841471779,"ROE_YEARLY":19.271924764059,"ROIC_YEARLY":12.5933150651,"TOTAL_ASSETS":861109509.88392,"TOTAL_LIABILITIES":442940254.92816,"TAX_EBT":10.601051327813,"OCF_SALES":-8.274288405534,"TOTAL_PARENT_EQUITY":343120088.77432,"DEBT_ASSET_RATIO":51.438318802,"OPERATE_PROFIT":84053578.2196,"PRETAX_PROFIT":88700681.82888,"NETCASH_OPERATE":-96051098.68816,"NETCASH_INVEST":-25091072.2612,"NETCASH_FINANCE":42201098.74816,"END_CASH":64702180.6508,"DIVI_RATIO":null,"DIVIDEND_RATE":null,"CURRENT_RATIO":1.695779967737,"COMMON_ACS":5000000000,"CURRENTDEBT_DEBT":100,"ISSUED_COMMON_SHARES":3980719188,"HK_COMMON_SHARES":3980719188,"PER_SHARES":2000,"TOTAL_MARKET_CAP":668760823.584,"HKSK_MARKET_CAP":668760823.584,"PE_TTM":-18.71549143083,"PB_TTM":1.821699939766,"REPORT_DATE_SQ":"2021-12-31 00:00:00","REPORT_TYPE_SQ":"2021年年报","OPERATE_INCOME_SQ":723289422.18912,"DPS_HKD":null,"OPERATE_INCOME_QOQ_SQ":10.233111581882,"NET_PROFIT_RATIO_SQ":13.8671596589,"HOLDER_PROFIT_SQ":100299698.97056,"HOLDER_PROFIT_QOQ_SQ":35.286869454394,"ROE_AVG_SQ":28.529597545569,"PE_TTM_SQ":13.501127281106,"PB_TTM_SQ":1.940085687384,"ROA_SQ":19.555892313164,"START_DATE":"2022-01-01 00:00:00","FISCAL_YEAR":"12-31","CURRENCY":"HKD","IS_CNY_CODE":0,"DPS_HKD_LY":0.048,"ORG_TYPE":"一般企业","PREMIUM_INCOME":null,"PREMIUM_INCOME_YOY":null,"NET_INTEREST_INCOME":null,"NET_INTEREST_INCOME_YOY":null,"FEE_COMMISSION_INCOME":null,"FEE_COMMISSION_INCOME_YOY":null,"ACCOUNTS_RECE_TDAYS":2.953595710635,"INVENTORY_TDAYS":93.506382316314,"CURRENT_ASSETS_TDAYS":1.801136451338,"TOTAL_ASSETS_TDAYS":1.599213452348,"PREMIUM_EXPENSE":null,"LOAN_DEPOSIT":null,"LOAN_EQUITY":null,"LOAN_ASSETS":null,"DEPOSIT_EQUITY":null,"DEPOSIT_ASSETS":null,"EQUITY_MULTIPLIER":2.059236779556,"EQUITY_RATIO":1.290919038027},{"SECUCODE":"01183.HK","SECURITY_CODE":"01183","SECURITY_NAME_ABBR":"澳能建设","ORG_CODE":"10698210","STD_REPORT_DATE":"2022-06-30 00:00:00","REPORT_DATE":"2022-06-30 00:00:00","DATE_TYPE_CODE":"002","REPORT_TYPE":"2022年中报","PER_NETCASH_OPERATE":-0.022246155501,"PER_OI":0.183822580528,"BPS":0.090254579513,"BASIC_EPS":0.010704384267,"DILUTED_EPS":0.010704384267,"OPERATE_INCOME":491379366.09464,"OPERATE_INCOME_YOY":42.7430221599,"GROSS_PROFIT":60431642.86921,"GROSS_PROFIT_YOY":-5.297531259114,"HOLDER_PROFIT":43074774.2093,"HOLDER_PROFIT_YOY":-4.8674999084,"GROSS_PROFIT_RATIO":12.298368030694,"EPS_TTM":0.037153061245,"OPERATE_INCOME_QOQ":21.624061629132,"NET_PROFIT_RATIO":9.1234244336,"ROE_AVG":11.791041216401,"GROSS_PROFIT_QOQ":-2.457587721617,"ROA":6.487253877075,"HOLDER_PROFIT_QOQ":-0.982255111223,"ROE_YEARLY":23.582082432802,"ROIC_YEARLY":17.465309524751,"TOTAL_ASSETS":761407001.89786,"TOTAL_LIABILITIES":368158626.42579,"TAX_EBT":8.886078084155,"OCF_SALES":-12.101971062266,"TOTAL_PARENT_EQUITY":359278136.47033,"DEBT_ASSET_RATIO":48.352408831,"OPERATE_PROFIT":46802223.36646,"PRETAX_PROFIT":49202826.75285,"NETCASH_OPERATE":-59466588.69072,"NETCASH_INVEST":29715038.8063,"NETCASH_FINANCE":7030871.92979,"END_CASH":120943776.06973,"DIVI_RATIO":null,"DIVIDEND_RATE":null,"CURRENT_RATIO":1.919548856928,"COMMON_ACS":5000000000,"CURRENTDEBT_DEBT":100,"ISSUED_COMMON_SHARES":3980719188,"HK_COMMON_SHARES":3980719188,"PER_SHARES":2000,"TOTAL_MARKET_CAP":668760823.584,"HKSK_MARKET_CAP":668760823.584,"PE_TTM":-18.71549143083,"PB_TTM":1.821699939766,"REPORT_DATE_SQ":"2021-06-30 00:00:00","REPORT_TYPE_SQ":"2021年中报","OPERATE_INCOME_SQ":334974815.68347,"DPS_HKD":null,"OPERATE_INCOME_QOQ_SQ":13.552899992391,"NET_PROFIT_RATIO_SQ":13.1532196052,"HOLDER_PROFIT_SQ":44059973.12898,"HOLDER_PROFIT_QOQ_SQ":78.22368143167,"ROE_AVG_SQ":12.351676211603,"PE_TTM_SQ":13.501127281106,"PB_TTM_SQ":1.940085687384,"ROA_SQ":8.410295930949,"START_DATE":"2022-01-01 00:00:00","FISCAL_YEAR":"12-31","CURRENCY":"HKD","IS_CNY_CODE":0,"DPS_HKD_LY":0.048,"ORG_TYPE":"一般企业","PREMIUM_INCOME":null,"PREMIUM_INCOME_YOY":null,"NET_INTEREST_INCOME":null,"NET_INTEREST_INCOME_YOY":null,"FEE_COMMISSION_INCOME":null,"FEE_COMMISSION_INCOME_YOY":null,"ACCOUNTS_RECE_TDAYS":1.530066843918,"INVENTORY_TDAYS":11.337837837838,"CURRENT_ASSETS_TDAYS":0.803794135053,"TOTAL_ASSETS_TDAYS":0.74003932843,"PREMIUM_EXPENSE":null,"LOAN_DEPOSIT":null,"LOAN_EQUITY":null,"LOAN_ASSETS":null,"DEPOSIT_EQUITY":null,"DEPOSIT_ASSETS":null,"EQUITY_MULTIPLIER":1.936198721694,"EQUITY_RATIO":1.024717590786},{"SECUCODE":"01183.HK","SECURITY_CODE":"01183","SECURITY_NAME_ABBR":"澳能建设","ORG_CODE":"10698210","STD_REPORT_DATE":"2021-12-31 00:00:00","REPORT_DATE":"2021-12-31 00:00:00","DATE_TYPE_CODE":"001","REPORT_TYPE":"2021年年报","PER_NETCASH_OPERATE":0.065434603709,"PER_OI":0.405807299134,"BPS":0.08916296818,"BASIC_EPS":0.037434138752,"DILUTED_EPS":0.037434138752,"OPERATE_INCOME":723289422.18912,"OPERATE_INCOME_YOY":28.9361287012,"GROSS_PROFIT":137552218.70192,"GROSS_PROFIT_YOY":92.677318095036,"HOLDER_PROFIT":100299698.97056,"HOLDER_PROFIT_YOY":148.362136685,"GROSS_PROFIT_RATIO":19.017590259457,"EPS_TTM":0.056273946078,"OPERATE_INCOME_QOQ":10.233111581882,"NET_PROFIT_RATIO":13.8671596589,"ROE_AVG":28.529597545569,"GROSS_PROFIT_QOQ":23.043452151578,"ROA":19.555892313164,"HOLDER_PROFIT_QOQ":35.286869454394,"ROE_YEARLY":28.529597545569,"ROIC_YEARLY":28.316717512385,"TOTAL_ASSETS":541515747.79792,"TOTAL_LIABILITIES":186583009.50544,"TAX_EBT":12.482699440846,"OCF_SALES":16.124550703852,"TOTAL_PARENT_EQUITY":354932738.29248,"DEBT_ASSET_RATIO":34.4556940891,"OPERATE_PROFIT":110487812.24192,"PRETAX_PROFIT":114605567.50464,"NETCASH_OPERATE":116627169.61648,"NETCASH_INVEST":-5258227.5408,"NETCASH_FINANCE":-90369341.9512,"END_CASH":142321899.00816,"DIVI_RATIO":null,"DIVIDEND_RATE":null,"CURRENT_RATIO":2.6429594617,"COMMON_ACS":5000000000,"CURRENTDEBT_DEBT":100,"ISSUED_COMMON_SHARES":3980719188,"HK_COMMON_SHARES":3980719188,"PER_SHARES":2000,"TOTAL_MARKET_CAP":668760823.584,"HKSK_MARKET_CAP":668760823.584,"PE_TTM":-18.71549143083,"PB_TTM":1.821699939766,"REPORT_DATE_SQ":"2020-12-31 00:00:00","REPORT_TYPE_SQ":"2020年年报","OPERATE_INCOME_SQ":577832303.43939,"DPS_HKD":null,"OPERATE_INCOME_QOQ_SQ":0.656833596844,"NET_PROFIT_RATIO_SQ":7.1990759395,"HOLDER_PROFIT_SQ":41598586.3276,"HOLDER_PROFIT_QOQ_SQ":-26.04125375082,"ROE_AVG_SQ":11.290878712858,"PE_TTM_SQ":13.501127281106,"PB_TTM_SQ":1.940085687384,"ROA_SQ":8.177180815743,"START_DATE":"2021-01-01 00:00:00","FISCAL_YEAR":"12-31","CURRENCY":"HKD","IS_CNY_CODE":0,"DPS_HKD_LY":0.058,"ORG_TYPE":"一般企业","PREMIUM_INCOME":null,"PREMIUM_INCOME_YOY":null,"NET_INTEREST_INCOME":null,"NET_INTEREST_INCOME_YOY":null,"FEE_COMMISSION_INCOME":null,"FEE_COMMISSION_INCOME_YOY":null,"ACCOUNTS_RECE_TDAYS":3.782015580387,"INVENTORY_TDAYS":null,"CURRENT_ASSETS_TDAYS":1.545309207734,"TOTAL_ASSETS_TDAYS":1.410230558691,"PREMIUM_EXPENSE":null,"LOAN_DEPOSIT":null,"LOAN_EQUITY":null,"LOAN_ASSETS":null,"DEPOSIT_EQUITY":null,"DEPOSIT_ASSETS":null,"EQUITY_MULTIPLIER":1.525685543698,"EQUITY_RATIO":0.525685543698},{"SECUCODE":"01183.HK","SECURITY_CODE":"01183","SECURITY_NAME_ABBR":"澳能建设","ORG_CODE":"10698210","STD_REPORT_DATE":"2021-06-30 00:00:00","REPORT_DATE":"2021-06-30 00:00:00","DATE_TYPE_CODE":"002","REPORT_TYPE":"2021年中报","PER_NETCASH_OPERATE":0.016399780121,"PER_OI":0.187427543,"BPS":0.090165448774,"BASIC_EPS":0.016391479209,"DILUTED_EPS":0.016391479209,"OPERATE_INCOME":334974815.68347,"OPERATE_INCOME_YOY":43.231653633,"GROSS_PROFIT":63812109.30684,"GROSS_PROFIT_YOY":172.579381559061,"HOLDER_PROFIT":44059973.12898,"HOLDER_PROFIT_YOY":319.7384615385,"GROSS_PROFIT_RATIO":19.049822947627,"EPS_TTM":0.041482530147,"OPERATE_INCOME_QOQ":13.552899992391,"NET_PROFIT_RATIO":13.1532196052,"ROE_AVG":12.351676211603,"GROSS_PROFIT_QOQ":56.592906591791,"ROA":8.410295930949,"HOLDER_PROFIT_QOQ":78.22368143167,"ROE_YEARLY":24.703352423207,"ROIC_YEARLY":23.164497179578,"TOTAL_ASSETS":554732066.84421,"TOTAL_LIABILITIES":195808734.81297,"TAX_EBT":13.709180042698,"OCF_SALES":8.749930697676,"TOTAL_PARENT_EQUITY":358923332.03124,"DEBT_ASSET_RATIO":35.2978936168,"OPERATE_PROFIT":50774827.37046,"PRETAX_PROFIT":51059861.46705,"NETCASH_OPERATE":29310064.22697,"NETCASH_INVEST":-24014728.23423,"NETCASH_FINANCE":-21973464.22239,"END_CASH":106591447.65624,"DIVI_RATIO":null,"DIVIDEND_RATE":null,"CURRENT_RATIO":2.604043728015,"COMMON_ACS":5000000000,"CURRENTDEBT_DEBT":100,"ISSUED_COMMON_SHARES":3980719188,"HK_COMMON_SHARES":3980719188,"PER_SHARES":2000,"TOTAL_MARKET_CAP":668760823.584,"HKSK_MARKET_CAP":668760823.584,"PE_TTM":-18.71549143083,"PB_TTM":1.821699939766,"REPORT_DATE_SQ":"2020-06-30 00:00:00","REPORT_TYPE_SQ":"2020年中报","OPERATE_INCOME_SQ":256661781.4746,"DPS_HKD":null,"OPERATE_INCOME_QOQ_SQ":33.036892903896,"NET_PROFIT_RATIO_SQ":4.4884078236,"HOLDER_PROFIT_SQ":11520027.48,"HOLDER_PROFIT_QOQ_SQ":15.451632009687,"ROE_AVG_SQ":2.951563704394,"PE_TTM_SQ":13.501127281106,"PB_TTM_SQ":1.940085687384,"ROA_SQ":2.239799865267,"START_DATE":"2021-01-01 00:00:00","FISCAL_YEAR":"12-31","CURRENCY":"HKD","IS_CNY_CODE":0,"DPS_HKD_LY":0.058,"ORG_TYPE":"一般企业","PREMIUM_INCOME":null,"PREMIUM_INCOME_YOY":null,"NET_INTEREST_INCOME":null,"NET_INTEREST_INCOME_YOY":null,"FEE_COMMISSION_INCOME":null,"FEE_COMMISSION_INCOME_YOY":null,"ACCOUNTS_RECE_TDAYS":1.70623908792,"INVENTORY_TDAYS":null,"CURRENT_ASSETS_TDAYS":0.697212906327,"TOTAL_ASSETS_TDAYS":0.639409679408,"PREMIUM_EXPENSE":null,"LOAN_DEPOSIT":null,"LOAN_EQUITY":null,"LOAN_ASSETS":null,"DEPOSIT_EQUITY":null,"DEPOSIT_ASSETS":null,"EQUITY_MULTIPLIER":1.545544737102,"EQUITY_RATIO":0.545544737103},{"SECUCODE":"01183.HK","SECURITY_CODE":"01183","SECURITY_NAME_ABBR":"澳能建设","ORG_CODE":"10698210","STD_REPORT_DATE":"2020-12-31 00:00:00","REPORT_DATE":"2020-12-31 00:00:00","DATE_TYPE_CODE":"001","REPORT_TYPE":"2020年年报","PER_NETCASH_OPERATE":0.025752279585,"PER_OI":0.484091799249,"BPS":0.090100004123,"BASIC_EPS":0.023201096852,"DILUTED_EPS":0.023201096852,"OPERATE_INCOME":577832303.43939,"OPERATE_INCOME_YOY":41.7617172233,"GROSS_PROFIT":71389938.40161,"GROSS_PROFIT_YOY":-19.249335756469,"HOLDER_PROFIT":41598586.3276,"HOLDER_PROFIT_YOY":-9.6073279841,"GROSS_PROFIT_RATIO":12.354784939624,"EPS_TTM":0.034850136245,"OPERATE_INCOME_QOQ":0.656833596844,"NET_PROFIT_RATIO":7.1990759395,"ROE_AVG":11.290878712858,"GROSS_PROFIT_QOQ":-23.116990575933,"ROA":8.177180815743,"HOLDER_PROFIT_QOQ":-26.04125375082,"ROE_YEARLY":11.290878712858,"ROIC_YEARLY":12.03267632526,"TOTAL_ASSETS":498817863.73779,"TOTAL_LIABILITIES":140155048.48683,"TAX_EBT":10.60079356719,"OCF_SALES":5.319709944537,"TOTAL_PARENT_EQUITY":358662815.25096,"DEBT_ASSET_RATIO":28.0974397021,"OPERATE_PROFIT":45876901.26471,"PRETAX_PROFIT":46531270.22874,"NETCASH_OPERATE":30739002.50881,"NETCASH_INVEST":43909709.67247,"NETCASH_FINANCE":-60969868.31896,"END_CASH":124716515.79989,"DIVI_RATIO":null,"DIVIDEND_RATE":null,"CURRENT_RATIO":3.255652508437,"COMMON_ACS":5000000000,"CURRENTDEBT_DEBT":100,"ISSUED_COMMON_SHARES":3980719188,"HK_COMMON_SHARES":3980719188,"PER_SHARES":2000,"TOTAL_MARKET_CAP":668760823.584,"HKSK_MARKET_CAP":668760823.584,"PE_TTM":-18.71549143083,"PB_TTM":1.821699939766,"REPORT_DATE_SQ":"2019-12-31 00:00:00","REPORT_TYPE_SQ":"2019年年报","OPERATE_INCOME_SQ":431505622.96725,"DPS_HKD":null,"OPERATE_INCOME_QOQ_SQ":32.771520172527,"NET_PROFIT_RATIO_SQ":11.2902223692,"HOLDER_PROFIT_SQ":48717944.3686,"HOLDER_PROFIT_QOQ_SQ":44.512253058866,"ROE_AVG_SQ":12.325344279082,"PE_TTM_SQ":13.501127281106,"PB_TTM_SQ":1.940085687384,"ROA_SQ":9.068072519468,"START_DATE":"2020-01-01 00:00:00","FISCAL_YEAR":"12-31","CURRENCY":"HKD","IS_CNY_CODE":0,"DPS_HKD_LY":0.055,"ORG_TYPE":"一般企业","PREMIUM_INCOME":null,"PREMIUM_INCOME_YOY":null,"NET_INTEREST_INCOME":null,"NET_INTEREST_INCOME_YOY":null,"FEE_COMMISSION_INCOME":null,"FEE_COMMISSION_INCOME_YOY":null,"ACCOUNTS_RECE_TDAYS":3.564223373377,"INVENTORY_TDAYS":null,"CURRENT_ASSETS_TDAYS":1.245856103006,"TOTAL_ASSETS_TDAYS":1.13586533667,"PREMIUM_EXPENSE":null,"LOAN_DEPOSIT":null,"LOAN_EQUITY":null,"LOAN_ASSETS":null,"DEPOSIT_EQUITY":null,"DEPOSIT_ASSETS":null,"EQUITY_MULTIPLIER":1.390771059969,"EQUITY_RATIO":0.390771059968},{"SECUCODE":"01183.HK","SECURITY_CODE":"01183","SECURITY_NAME_ABBR":"澳能建设","ORG_CODE":"10698210","STD_REPORT_DATE":"2020-06-30 00:00:00","REPORT_DATE":"2020-06-30 00:00:00","DATE_TYPE_CODE":"002","REPORT_TYPE":"2020年中报","PER_NETCASH_OPERATE":-0.015995659132,"PER_OI":0.214565706404,"BPS":0.09304158636,"BASIC_EPS":0.006380322912,"DILUTED_EPS":0.006380322912,"OPERATE_INCOME":256661781.4746,"OPERATE_INCOME_YOY":115.8861368058,"GROSS_PROFIT":23410468.15128,"GROSS_PROFIT_YOY":23.453092159527,"HOLDER_PROFIT":11520027.48,"HOLDER_PROFIT_YOY":176.9492969749,"GROSS_PROFIT_RATIO":9.121135221917,"EPS_TTM":0.047020596907,"OPERATE_INCOME_QOQ":33.036892903896,"NET_PROFIT_RATIO":4.4884078236,"ROE_AVG":2.951563704394,"GROSS_PROFIT_QOQ":5.030571576786,"ROA":2.239799865267,"HOLDER_PROFIT_QOQ":15.451632009687,"ROE_YEARLY":5.903127408788,"ROIC_YEARLY":6.724436472826,"TOTAL_ASSETS":466112718.02424,"TOTAL_LIABILITIES":95740289.9184,"TAX_EBT":-4.283651532168,"OCF_SALES":-7.454900132926,"TOTAL_PARENT_EQUITY":370372428.10584,"DEBT_ASSET_RATIO":20.5401582528,"OPERATE_PROFIT":10813761.17988,"PRETAX_PROFIT":11046820.19736,"NETCASH_OPERATE":-19133879.48832,"NETCASH_INVEST":70473325.03092,"NETCASH_FINANCE":-26623669.66224,"END_CASH":145161207.8076,"DIVI_RATIO":null,"DIVIDEND_RATE":null,"CURRENT_RATIO":4.358543132173,"COMMON_ACS":5000000000,"CURRENTDEBT_DEBT":100,"ISSUED_COMMON_SHARES":3980719188,"HK_COMMON_SHARES":3980719188,"PER_SHARES":2000,"TOTAL_MARKET_CAP":668760823.584,"HKSK_MARKET_CAP":668760823.584,"PE_TTM":-18.71549143083,"PB_TTM":1.821699939766,"REPORT_DATE_SQ":"2019-06-30 00:00:00","REPORT_TYPE_SQ":"2019年中报","OPERATE_INCOME_SQ":114105730.94062,"DPS_HKD":null,"OPERATE_INCOME_QOQ_SQ":-36.046387931071,"NET_PROFIT_RATIO_SQ":3.498781315,"HOLDER_PROFIT_SQ":3992309.99348,"HOLDER_PROFIT_QOQ_SQ":-27.941561555391,"ROE_AVG_SQ":1.08853191968,"PE_TTM_SQ":13.501127281106,"PB_TTM_SQ":1.940085687384,"ROA_SQ":0.814605279142,"START_DATE":"2020-01-01 00:00:00","FISCAL_YEAR":"12-31","CURRENCY":"HKD","IS_CNY_CODE":0,"DPS_HKD_LY":0.055,"ORG_TYPE":"一般企业","PREMIUM_INCOME":null,"PREMIUM_INCOME_YOY":null,"NET_INTEREST_INCOME":null,"NET_INTEREST_INCOME_YOY":null,"FEE_COMMISSION_INCOME":null,"FEE_COMMISSION_INCOME_YOY":null,"ACCOUNTS_RECE_TDAYS":1.887266400813,"INVENTORY_TDAYS":null,"CURRENT_ASSETS_TDAYS":0.552834029541,"TOTAL_ASSETS_TDAYS":0.499018795367,"PREMIUM_EXPENSE":null,"LOAN_DEPOSIT":null,"LOAN_EQUITY":null,"LOAN_ASSETS":null,"DEPOSIT_EQUITY":null,"DEPOSIT_ASSETS":null,"EQUITY_MULTIPLIER":1.258497346599,"EQUITY_RATIO":0.258497346598}],"count":18},"success":true,"message":"ok","code":0}