{"version":"76e378c8a5333e31a684e721201bf093","result":{"pages":6,"data":[{"SECUCODE":"01180.HK","SECURITY_CODE":"01180","SECURITY_NAME_ABBR":"汇彩控股","ORG_CODE":"10010532","STD_REPORT_DATE":"2024-06-30 00:00:00","REPORT_DATE":"2024-06-30 00:00:00","DATE_TYPE_CODE":"002","REPORT_TYPE":"2024年中报","PER_NETCASH_OPERATE":0.090058364215,"PER_OI":0.368885908924,"BPS":0.267979668467,"BASIC_EPS":0.1003948,"DILUTED_EPS":null,"OPERATE_INCOME":388136336.28,"OPERATE_INCOME_YOY":72.371290299,"GROSS_PROFIT":235674967.64,"GROSS_PROFIT_YOY":122.464433507143,"HOLDER_PROFIT":105976750.88,"HOLDER_PROFIT_YOY":16975.8823529412,"GROSS_PROFIT_RATIO":60.71963524435,"EPS_TTM":0.156781097558,"OPERATE_INCOME_QOQ":27.951948147318,"NET_PROFIT_RATIO":28.0778609404,"ROE_AVG":45.838942336161,"GROSS_PROFIT_QOQ":44.113516316309,"ROA":20.509831351519,"HOLDER_PROFIT_QOQ":176.722976581589,"ROE_YEARLY":91.677884672322,"ROIC_YEARLY":51.645443506959,"TOTAL_ASSETS":556647182.72,"TOTAL_LIABILITIES":252436335.84,"TAX_EBT":1.359734992111,"OCF_SALES":24.413609204484,"TOTAL_PARENT_EQUITY":281964271.88,"DEBT_ASSET_RATIO":45.3494320418,"OPERATE_PROFIT":116090157.96,"PRETAX_PROFIT":110482652.04,"NETCASH_OPERATE":94758088.32,"NETCASH_INVEST":-9228107.48,"NETCASH_FINANCE":-22986758.48,"END_CASH":116944426.44,"DIVI_RATIO":0.291068251918,"DIVIDEND_RATE":3.703703703704,"CURRENT_RATIO":1.934717151698,"COMMON_ACS":1000000000000,"CURRENTDEBT_DEBT":51.992494251378,"ISSUED_COMMON_SHARES":1052185315,"HK_COMMON_SHARES":1052185315,"PER_SHARES":4000,"TOTAL_MARKET_CAP":1420450175.25,"HKSK_MARKET_CAP":1420450175.25,"PE_TTM":7.838350358408,"PB_TTM":4.597804031352,"REPORT_DATE_SQ":"2023-06-30 00:00:00","REPORT_TYPE_SQ":"2023年中报","OPERATE_INCOME_SQ":227469061.64,"DPS_HKD":0.05,"OPERATE_INCOME_QOQ_SQ":27.275365196497,"NET_PROFIT_RATIO_SQ":-1.2248802276,"HOLDER_PROFIT_SQ":626946.4,"HOLDER_PROFIT_QOQ_SQ":54.917613549964,"ROE_AVG_SQ":0.521182624691,"PE_TTM_SQ":-13.560117015389,"PB_TTM_SQ":6.794429258685,"ROA_SQ":0.141486566059,"START_DATE":"2024-01-01 00:00:00","FISCAL_YEAR":"12-31","CURRENCY":"HKD","IS_CNY_CODE":0,"DPS_HKD_LY":0.05,"ORG_TYPE":"一般企业","PREMIUM_INCOME":null,"PREMIUM_INCOME_YOY":null,"NET_INTEREST_INCOME":null,"NET_INTEREST_INCOME_YOY":null,"FEE_COMMISSION_INCOME":null,"FEE_COMMISSION_INCOME_YOY":null,"ACCOUNTS_RECE_TDAYS":4.470560408717,"INVENTORY_TDAYS":4.549980933704,"CURRENT_ASSETS_TDAYS":1.865411861723,"TOTAL_ASSETS_TDAYS":0.751165772907,"PREMIUM_EXPENSE":null,"LOAN_DEPOSIT":null,"LOAN_EQUITY":null,"LOAN_ASSETS":null,"DEPOSIT_EQUITY":null,"DEPOSIT_ASSETS":null,"EQUITY_MULTIPLIER":1.829807149973,"EQUITY_RATIO":0.895277739115},{"SECUCODE":"01180.HK","SECURITY_CODE":"01180","SECURITY_NAME_ABBR":"汇彩控股","ORG_CODE":"10010532","STD_REPORT_DATE":"2023-12-31 00:00:00","REPORT_DATE":"2023-12-31 00:00:00","DATE_TYPE_CODE":"001","REPORT_TYPE":"2023年年报","PER_NETCASH_OPERATE":0.089023878707,"PER_OI":0.546289821409,"BPS":0.170260977934,"BASIC_EPS":0.05709186,"DILUTED_EPS":null,"OPERATE_INCOME":574798127.82,"OPERATE_INCOME_YOY":112.9746155396,"GROSS_PROFIT":294097389.04,"GROSS_PROFIT_YOY":1095.13879995481,"HOLDER_PROFIT":59612964.04,"HOLDER_PROFIT_YOY":142.5594410119,"GROSS_PROFIT_RATIO":51.165335237852,"EPS_TTM":0.056656335334,"OPERATE_INCOME_QOQ":69.759616359256,"NET_PROFIT_RATIO":9.60725609,"ROE_AVG":40.233762182759,"GROSS_PROFIT_QOQ":159.759598116046,"ROA":13.568054782089,"HOLDER_PROFIT_QOQ":195.7722987731,"ROE_YEARLY":40.233762182759,"ROIC_YEARLY":15.650289240813,"TOTAL_ASSETS":473402078.24,"TOTAL_LIABILITIES":275380321.16,"TAX_EBT":2.093508997429,"OCF_SALES":16.296089588053,"TOTAL_PARENT_EQUITY":179146100.7,"DEBT_ASSET_RATIO":58.1704926569,"OPERATE_PROFIT":73302323.36,"PRETAX_PROFIT":56403132.8,"NETCASH_OPERATE":93669617.86,"NETCASH_INVEST":-25052451.9,"NETCASH_FINANCE":-36395607.64,"END_CASH":54035179.94,"DIVI_RATIO":0.805452730592,"DIVIDEND_RATE":5.050505050505,"CURRENT_RATIO":1.190267946237,"COMMON_ACS":1000000000000,"CURRENTDEBT_DEBT":49.138470043899,"ISSUED_COMMON_SHARES":1052185315,"HK_COMMON_SHARES":1052185315,"PER_SHARES":4000,"TOTAL_MARKET_CAP":1041663461.85,"HKSK_MARKET_CAP":1041663461.85,"PE_TTM":5.748123596166,"PB_TTM":3.371722956325,"REPORT_DATE_SQ":"2022-12-31 00:00:00","REPORT_TYPE_SQ":"2022年年报","OPERATE_INCOME_SQ":266033671.4,"DPS_HKD":0.05,"OPERATE_INCOME_QOQ_SQ":-22.7409198273,"NET_PROFIT_RATIO_SQ":-55.84917064,"HOLDER_PROFIT_SQ":-138068277.55,"HOLDER_PROFIT_QOQ_SQ":-7.597813346003,"ROE_AVG_SQ":-75.543119669607,"PE_TTM_SQ":-14.517301745887,"PB_TTM_SQ":7.274036029887,"ROA_SQ":-30.958571016536,"START_DATE":"2023-01-01 00:00:00","FISCAL_YEAR":"12-31","CURRENCY":"HKD","IS_CNY_CODE":0,"DPS_HKD_LY":null,"ORG_TYPE":"一般企业","PREMIUM_INCOME":null,"PREMIUM_INCOME_YOY":null,"NET_INTEREST_INCOME":null,"NET_INTEREST_INCOME_YOY":null,"FEE_COMMISSION_INCOME":null,"FEE_COMMISSION_INCOME_YOY":null,"ACCOUNTS_RECE_TDAYS":10.966415104126,"INVENTORY_TDAYS":8.679481611208,"CURRENT_ASSETS_TDAYS":4.647939031986,"TOTAL_ASSETS_TDAYS":1.308254439701,"PREMIUM_EXPENSE":null,"LOAN_DEPOSIT":null,"LOAN_EQUITY":null,"LOAN_ASSETS":null,"DEPOSIT_EQUITY":null,"DEPOSIT_ASSETS":null,"EQUITY_MULTIPLIER":2.390656891552,"EQUITY_RATIO":1.537182891975},{"SECUCODE":"01180.HK","SECURITY_CODE":"01180","SECURITY_NAME_ABBR":"汇彩控股","ORG_CODE":"10010532","STD_REPORT_DATE":"2023-06-30 00:00:00","REPORT_DATE":"2023-06-30 00:00:00","DATE_TYPE_CODE":"002","REPORT_TYPE":"2023年中报","PER_NETCASH_OPERATE":0.02137179818,"PER_OI":0.21618726131,"BPS":0.115341991235,"BASIC_EPS":0.00092198,"DILUTED_EPS":null,"OPERATE_INCOME":227469061.64,"OPERATE_INCOME_YOY":36.2044408131,"GROSS_PROFIT":105938267.94,"GROSS_PROFIT_YOY":511.40555131578,"HOLDER_PROFIT":626946.4,"HOLDER_PROFIT_YOY":100.7733424315,"GROSS_PROFIT_RATIO":46.572605160548,"EPS_TTM":-0.059157330522,"OPERATE_INCOME_QOQ":27.275365196497,"NET_PROFIT_RATIO":-1.2248802276,"ROE_AVG":0.521182624691,"GROSS_PROFIT_QOQ":360.094182706922,"ROA":0.141486566059,"HOLDER_PROFIT_QOQ":54.917613549964,"ROE_YEARLY":1.042365249382,"ROIC_YEARLY":0.325941335353,"TOTAL_ASSETS":473855308.92,"TOTAL_LIABILITIES":332195847.86,"TAX_EBT":-1.477501678979,"OCF_SALES":9.885780526755,"TOTAL_PARENT_EQUITY":121361149.38,"DEBT_ASSET_RATIO":70.1049121128,"OPERATE_PROFIT":6129323.04,"PRETAX_PROFIT":-2745656.44,"NETCASH_OPERATE":22487092.2,"NETCASH_INVEST":-16074721.3,"NETCASH_FINANCE":24380839.12,"END_CASH":51764567.1,"DIVI_RATIO":-0.771400595619,"DIVIDEND_RATE":5.050505050505,"CURRENT_RATIO":0.842759585782,"COMMON_ACS":1000000000000,"CURRENTDEBT_DEBT":49.582716960814,"ISSUED_COMMON_SHARES":1052185315,"HK_COMMON_SHARES":1052185315,"PER_SHARES":4000,"TOTAL_MARKET_CAP":1041663461.85,"HKSK_MARKET_CAP":1041663461.85,"PE_TTM":5.748123596166,"PB_TTM":3.371722956325,"REPORT_DATE_SQ":"2022-06-30 00:00:00","REPORT_TYPE_SQ":"2022年中报","OPERATE_INCOME_SQ":154907406.22,"DPS_HKD":0.05,"OPERATE_INCOME_QOQ_SQ":-14.766860494902,"NET_PROFIT_RATIO_SQ":-53.3725667723,"HOLDER_PROFIT_SQ":-75196856.7,"HOLDER_PROFIT_QOQ_SQ":-82.251357864313,"ROE_AVG_SQ":-37.045775315456,"PE_TTM_SQ":-14.517301745887,"PB_TTM_SQ":7.274036029887,"ROA_SQ":-17.110382692302,"START_DATE":"2023-01-01 00:00:00","FISCAL_YEAR":"12-31","CURRENCY":"HKD","IS_CNY_CODE":0,"DPS_HKD_LY":null,"ORG_TYPE":"一般企业","PREMIUM_INCOME":null,"PREMIUM_INCOME_YOY":null,"NET_INTEREST_INCOME":null,"NET_INTEREST_INCOME_YOY":null,"FEE_COMMISSION_INCOME":null,"FEE_COMMISSION_INCOME_YOY":null,"ACCOUNTS_RECE_TDAYS":6.070966313147,"INVENTORY_TDAYS":3.213393303348,"CURRENT_ASSETS_TDAYS":2.007820733489,"TOTAL_ASSETS_TDAYS":0.513342391248,"PREMIUM_EXPENSE":null,"LOAN_DEPOSIT":null,"LOAN_EQUITY":null,"LOAN_ASSETS":null,"DEPOSIT_EQUITY":null,"DEPOSIT_ASSETS":null,"EQUITY_MULTIPLIER":3.345031142819,"EQUITY_RATIO":2.737250343764},{"SECUCODE":"01180.HK","SECURITY_CODE":"01180","SECURITY_NAME_ABBR":"汇彩控股","ORG_CODE":"10010532","STD_REPORT_DATE":"2022-12-31 00:00:00","REPORT_DATE":"2022-12-31 00:00:00","DATE_TYPE_CODE":"001","REPORT_TYPE":"2022年年报","PER_NETCASH_OPERATE":-0.057638028183,"PER_OI":0.25283917919,"BPS":0.109783243629,"BASIC_EPS":-0.13131069,"DILUTED_EPS":null,"OPERATE_INCOME":266033671.4,"OPERATE_INCOME_YOY":-39.727923647,"GROSS_PROFIT":24607801.96,"GROSS_PROFIT_YOY":-84.153817529596,"HOLDER_PROFIT":-138068277.55,"HOLDER_PROFIT_YOY":-79.4867328572,"GROSS_PROFIT_RATIO":9.24988247935,"EPS_TTM":-0.1312204947,"OPERATE_INCOME_QOQ":-22.7409198273,"NET_PROFIT_RATIO":-55.84917064,"ROE_AVG":-75.543119669607,"GROSS_PROFIT_QOQ":-69.345408047226,"ROA":-30.958571016536,"HOLDER_PROFIT_QOQ":-7.597813346003,"ROE_YEARLY":-75.543119669607,"ROIC_YEARLY":-36.505711508871,"TOTAL_ASSETS":399531086.36,"TOTAL_LIABILITIES":258671340.06,"TAX_EBT":2.709374012939,"OCF_SALES":-22.796319924787,"TOTAL_PARENT_EQUITY":115512316.78,"DEBT_ASSET_RATIO":64.7437330638,"OPERATE_PROFIT":-146002301.69,"PRETAX_PROFIT":-152715225.74,"NETCASH_OPERATE":-60645886.84,"NETCASH_INVEST":-11929620.85,"NETCASH_FINANCE":34568655.73,"END_CASH":18025295.33,"DIVI_RATIO":-0.347765797595,"DIVIDEND_RATE":5.050505050505,"CURRENT_RATIO":0.636218430673,"COMMON_ACS":1000000000000,"CURRENTDEBT_DEBT":51.672088349253,"ISSUED_COMMON_SHARES":1052185315,"HK_COMMON_SHARES":1052185315,"PER_SHARES":4000,"TOTAL_MARKET_CAP":1041663461.85,"HKSK_MARKET_CAP":1041663461.85,"PE_TTM":5.748123596166,"PB_TTM":3.371722956325,"REPORT_DATE_SQ":"2021-12-31 00:00:00","REPORT_TYPE_SQ":"2021年年报","OPERATE_INCOME_SQ":403997417.6,"DPS_HKD":0.05,"OPERATE_INCOME_QOQ_SQ":15.884851097679,"NET_PROFIT_RATIO_SQ":-17.8834953028,"HOLDER_PROFIT_SQ":-70407624,"HOLDER_PROFIT_QOQ_SQ":7.977320647504,"ROE_AVG_SQ":-26.723538684972,"PE_TTM_SQ":-14.517301745887,"PB_TTM_SQ":7.274036029887,"ROA_SQ":-14.213797030643,"START_DATE":"2022-01-01 00:00:00","FISCAL_YEAR":"12-31","CURRENCY":"HKD","IS_CNY_CODE":0,"DPS_HKD_LY":null,"ORG_TYPE":"一般企业","PREMIUM_INCOME":null,"PREMIUM_INCOME_YOY":null,"NET_INTEREST_INCOME":null,"NET_INTEREST_INCOME_YOY":null,"FEE_COMMISSION_INCOME":null,"FEE_COMMISSION_INCOME_YOY":null,"ACCOUNTS_RECE_TDAYS":5.508401690511,"INVENTORY_TDAYS":6.229833923035,"CURRENT_ASSETS_TDAYS":2.097397795697,"TOTAL_ASSETS_TDAYS":0.596518074606,"PREMIUM_EXPENSE":null,"LOAN_DEPOSIT":null,"LOAN_EQUITY":null,"LOAN_ASSETS":null,"DEPOSIT_EQUITY":null,"DEPOSIT_ASSETS":null,"EQUITY_MULTIPLIER":2.836375166462,"EQUITY_RATIO":2.239339901325},{"SECUCODE":"01180.HK","SECURITY_CODE":"01180","SECURITY_NAME_ABBR":"汇彩控股","ORG_CODE":"10010532","STD_REPORT_DATE":"2022-06-30 00:00:00","REPORT_DATE":"2022-06-30 00:00:00","DATE_TYPE_CODE":"002","REPORT_TYPE":"2022年中报","PER_NETCASH_OPERATE":-0.03236145245,"PER_OI":0.147224451826,"BPS":0.158339963773,"BASIC_EPS":-0.07183596,"DILUTED_EPS":null,"OPERATE_INCOME":154907406.22,"OPERATE_INCOME_YOY":-29.7549890253,"GROSS_PROFIT":17327004.59,"GROSS_PROFIT_YOY":-81.236507127877,"HOLDER_PROFIT":-75196856.7,"HOLDER_PROFIT_YOY":-323.2694714547,"GROSS_PROFIT_RATIO":11.185394561053,"EPS_TTM":-0.12195461099,"OPERATE_INCOME_QOQ":-14.766860494902,"NET_PROFIT_RATIO":-53.3725667723,"ROE_AVG":-37.045775315456,"GROSS_PROFIT_QOQ":-48.307312343886,"ROA":-17.110382692302,"HOLDER_PROFIT_QOQ":-82.251357864313,"ROE_YEARLY":-74.091550630912,"ROIC_YEARLY":-41.054013831743,"TOTAL_ASSETS":407529677.03,"TOTAL_LIABILITIES":214216543.1,"TAX_EBT":-0.190685431219,"OCF_SALES":-21.98103103711,"TOTAL_PARENT_EQUITY":166602984.66,"DEBT_ASSET_RATIO":52.5646487051,"OPERATE_PROFIT":-80162945.03,"PRETAX_PROFIT":-82520703.86,"NETCASH_OPERATE":-34050245.04,"NETCASH_INVEST":-3574694.2,"NETCASH_FINANCE":14632300.9,"END_CASH":31355541.35,"DIVI_RATIO":-0.374188393777,"DIVIDEND_RATE":5.050505050505,"CURRENT_RATIO":1.758988168264,"COMMON_ACS":1000000000000,"CURRENTDEBT_DEBT":38.397540819993,"ISSUED_COMMON_SHARES":1052185315,"HK_COMMON_SHARES":1052185315,"PER_SHARES":4000,"TOTAL_MARKET_CAP":1041663461.85,"HKSK_MARKET_CAP":1041663461.85,"PE_TTM":5.748123596166,"PB_TTM":3.371722956325,"REPORT_DATE_SQ":"2021-06-30 00:00:00","REPORT_TYPE_SQ":"2021年中报","OPERATE_INCOME_SQ":214565141.28,"DPS_HKD":0.05,"OPERATE_INCOME_QOQ_SQ":17.761961195358,"NET_PROFIT_RATIO_SQ":-8.3496854956,"HOLDER_PROFIT_SQ":-17285629.92,"HOLDER_PROFIT_QOQ_SQ":51.939585816097,"ROE_AVG_SQ":-5.860580585099,"PE_TTM_SQ":-14.517301745887,"PB_TTM_SQ":7.274036029887,"ROA_SQ":-3.168664177881,"START_DATE":"2022-01-01 00:00:00","FISCAL_YEAR":"12-31","CURRENCY":"HKD","IS_CNY_CODE":0,"DPS_HKD_LY":null,"ORG_TYPE":"一般企业","PREMIUM_INCOME":null,"PREMIUM_INCOME_YOY":null,"NET_INTEREST_INCOME":null,"NET_INTEREST_INCOME_YOY":null,"FEE_COMMISSION_INCOME":null,"FEE_COMMISSION_INCOME_YOY":null,"ACCOUNTS_RECE_TDAYS":2.904807723147,"INVENTORY_TDAYS":3.48294003031,"CURRENT_ASSETS_TDAYS":1.012014805503,"TOTAL_ASSETS_TDAYS":0.352478164462,"PREMIUM_EXPENSE":null,"LOAN_DEPOSIT":null,"LOAN_EQUITY":null,"LOAN_ASSETS":null,"DEPOSIT_EQUITY":null,"DEPOSIT_ASSETS":null,"EQUITY_MULTIPLIER":2.108132379548,"EQUITY_RATIO":1.285790548934},{"SECUCODE":"01180.HK","SECURITY_CODE":"01180","SECURITY_NAME_ABBR":"汇彩控股","ORG_CODE":"10010532","STD_REPORT_DATE":"2021-12-31 00:00:00","REPORT_DATE":"2021-12-31 00:00:00","DATE_TYPE_CODE":"001","REPORT_TYPE":"2021年年报","PER_NETCASH_OPERATE":-0.006309641377,"PER_OI":0.383960326989,"BPS":0.217493027452,"BASIC_EPS":-0.0670432,"DILUTED_EPS":null,"OPERATE_INCOME":403997417.6,"OPERATE_INCOME_YOY":40.4808679163,"GROSS_PROFIT":155291673.6,"GROSS_PROFIT_YOY":1164.9856343038,"HOLDER_PROFIT":-70407624,"HOLDER_PROFIT_YOY":54.4731221452,"GROSS_PROFIT_RATIO":38.438778773026,"EPS_TTM":-0.066915611724,"OPERATE_INCOME_QOQ":15.884851097679,"NET_PROFIT_RATIO":-17.8834953028,"ROE_AVG":-26.723538684972,"GROSS_PROFIT_QOQ":40.558418950744,"ROA":-14.213797030643,"HOLDER_PROFIT_QOQ":7.977320647504,"ROE_YEARLY":-26.723538684972,"ROIC_YEARLY":-18.364833524378,"TOTAL_ASSETS":450710176,"TOTAL_LIABILITIES":189873700.8,"TAX_EBT":-0.426175106828,"OCF_SALES":-1.643305553644,"TOTAL_PARENT_EQUITY":228842969.6,"DEBT_ASSET_RATIO":42.1276711534,"OPERATE_PROFIT":-61653580.8,"PRETAX_PROFIT":-71942259.2,"NETCASH_OPERATE":-6638912,"NETCASH_INVEST":-23711217.6,"NETCASH_FINANCE":-22705569.6,"END_CASH":52361556.8,"DIVI_RATIO":-0.68196342863,"DIVIDEND_RATE":5.050505050505,"CURRENT_RATIO":1.861486886216,"COMMON_ACS":1000000000000,"CURRENTDEBT_DEBT":43.671657344133,"ISSUED_COMMON_SHARES":1052185315,"HK_COMMON_SHARES":1052185315,"PER_SHARES":4000,"TOTAL_MARKET_CAP":1041663461.85,"HKSK_MARKET_CAP":1041663461.85,"PE_TTM":5.748123596166,"PB_TTM":3.371722956325,"REPORT_DATE_SQ":"2020-12-31 00:00:00","REPORT_TYPE_SQ":"2020年年报","OPERATE_INCOME_SQ":296037611.96,"DPS_HKD":0.05,"OPERATE_INCOME_QOQ_SQ":-57.699756451337,"NET_PROFIT_RATIO_SQ":-54.6174862611,"HOLDER_PROFIT_SQ":-159197889.28,"HOLDER_PROFIT_QOQ_SQ":-36.945916606378,"ROE_AVG_SQ":-41.066123032066,"PE_TTM_SQ":-14.517301745887,"PB_TTM_SQ":7.274036029887,"ROA_SQ":-24.100693070758,"START_DATE":"2021-01-01 00:00:00","FISCAL_YEAR":"12-31","CURRENCY":"HKD","IS_CNY_CODE":0,"DPS_HKD_LY":null,"ORG_TYPE":"一般企业","PREMIUM_INCOME":null,"PREMIUM_INCOME_YOY":null,"NET_INTEREST_INCOME":null,"NET_INTEREST_INCOME_YOY":null,"FEE_COMMISSION_INCOME":null,"FEE_COMMISSION_INCOME_YOY":null,"ACCOUNTS_RECE_TDAYS":6.078072241732,"INVENTORY_TDAYS":6.143204790322,"CURRENT_ASSETS_TDAYS":2.167005449024,"TOTAL_ASSETS_TDAYS":0.815584587071,"PREMIUM_EXPENSE":null,"LOAN_DEPOSIT":null,"LOAN_EQUITY":null,"LOAN_ASSETS":null,"DEPOSIT_EQUITY":null,"DEPOSIT_ASSETS":null,"EQUITY_MULTIPLIER":1.727941522192,"EQUITY_RATIO":0.829711750079},{"SECUCODE":"01180.HK","SECURITY_CODE":"01180","SECURITY_NAME_ABBR":"汇彩控股","ORG_CODE":"10010532","STD_REPORT_DATE":"2021-06-30 00:00:00","REPORT_DATE":"2021-06-30 00:00:00","DATE_TYPE_CODE":"002","REPORT_TYPE":"2021年中报","PER_NETCASH_OPERATE":0.011408243309,"PER_OI":0.203923337668,"BPS":0.27231427749,"BASIC_EPS":-0.0166416,"DILUTED_EPS":null,"OPERATE_INCOME":214565141.28,"OPERATE_INCOME_YOY":45.4134312283,"GROSS_PROFIT":92344238.4,"GROSS_PROFIT_YOY":1675.42502176832,"HOLDER_PROFIT":-17285629.92,"HOLDER_PROFIT_YOY":81.0189499845,"GROSS_PROFIT_RATIO":43.037856871398,"EPS_TTM":-0.072716434899,"OPERATE_INCOME_QOQ":17.761961195358,"NET_PROFIT_RATIO":-8.3496854956,"ROE_AVG":-5.860580585099,"GROSS_PROFIT_QOQ":799.971445144874,"ROA":-3.168664177881,"HOLDER_PROFIT_QOQ":51.939585816097,"ROE_YEARLY":-11.721161170198,"ROIC_YEARLY":-8.431921890871,"TOTAL_ASSETS":541488541.2,"TOTAL_LIABILITIES":221118603.36,"TAX_EBT":-0.876124437781,"OCF_SALES":5.594378475642,"TOTAL_PARENT_EQUITY":286525083.84,"DEBT_ASSET_RATIO":40.8353245795,"OPERATE_PROFIT":-23363974.32,"PRETAX_PROFIT":-17759915.52,"NETCASH_OPERATE":12003586.08,"NETCASH_INVEST":-11760618.72,"NETCASH_FINANCE":-11867957.04,"END_CASH":95136698.88,"DIVI_RATIO":-0.627561019229,"DIVIDEND_RATE":5.050505050505,"CURRENT_RATIO":1.978362994725,"COMMON_ACS":1000000000000,"CURRENTDEBT_DEBT":49.583806850253,"ISSUED_COMMON_SHARES":1052185315,"HK_COMMON_SHARES":1052185315,"PER_SHARES":4000,"TOTAL_MARKET_CAP":1041663461.85,"HKSK_MARKET_CAP":1041663461.85,"PE_TTM":5.748123596166,"PB_TTM":3.371722956325,"REPORT_DATE_SQ":"2020-06-30 00:00:00","REPORT_TYPE_SQ":"2020年中报","OPERATE_INCOME_SQ":161983055.52,"DPS_HKD":0.05,"OPERATE_INCOME_QOQ_SQ":-33.888717584488,"NET_PROFIT_RATIO_SQ":-62.7835766609,"HOLDER_PROFIT_SQ":-99972354.24,"HOLDER_PROFIT_QOQ_SQ":-14114.4439101953,"ROE_AVG_SQ":-21.829692258902,"PE_TTM_SQ":-14.517301745887,"PB_TTM_SQ":7.274036029887,"ROA_SQ":-13.147432613191,"START_DATE":"2021-01-01 00:00:00","FISCAL_YEAR":"12-31","CURRENCY":"HKD","IS_CNY_CODE":0,"DPS_HKD_LY":null,"ORG_TYPE":"一般企业","PREMIUM_INCOME":null,"PREMIUM_INCOME_YOY":null,"NET_INTEREST_INCOME":null,"NET_INTEREST_INCOME_YOY":null,"FEE_COMMISSION_INCOME":null,"FEE_COMMISSION_INCOME_YOY":null,"ACCOUNTS_RECE_TDAYS":2.991901424792,"INVENTORY_TDAYS":2.637730868343,"CURRENT_ASSETS_TDAYS":0.97689096323,"TOTAL_ASSETS_TDAYS":0.393323749347,"PREMIUM_EXPENSE":null,"LOAN_DEPOSIT":null,"LOAN_EQUITY":null,"LOAN_ASSETS":null,"DEPOSIT_EQUITY":null,"DEPOSIT_ASSETS":null,"EQUITY_MULTIPLIER":1.690197728446,"EQUITY_RATIO":0.77172511529},{"SECUCODE":"01180.HK","SECURITY_CODE":"01180","SECURITY_NAME_ABBR":"汇彩控股","ORG_CODE":"10010532","STD_REPORT_DATE":"2020-12-31 00:00:00","REPORT_DATE":"2020-12-31 00:00:00","DATE_TYPE_CODE":"001","REPORT_TYPE":"2020年年报","PER_NETCASH_OPERATE":-0.060650599101,"PER_OI":0.28135501203,"BPS":0.291636089675,"BASIC_EPS":-0.1514952,"DILUTED_EPS":null,"OPERATE_INCOME":296037611.96,"OPERATE_INCOME_YOY":-70.2358528086,"GROSS_PROFIT":12276161.04,"GROSS_PROFIT_YOY":-97.294345528895,"HOLDER_PROFIT":-159197889.28,"HOLDER_PROFIT_YOY":-20526.7818574514,"GROSS_PROFIT_RATIO":4.146824776326,"EPS_TTM":-0.151302139472,"OPERATE_INCOME_QOQ":-57.699756451337,"NET_PROFIT_RATIO":-54.6174862611,"ROE_AVG":-41.066123032066,"GROSS_PROFIT_QOQ":-94.162789619426,"ROA":-24.100693070758,"HOLDER_PROFIT_QOQ":-36.945916606378,"ROE_YEARLY":-41.066123032066,"ROIC_YEARLY":-34.344782380941,"TOTAL_ASSETS":555861138,"TOTAL_LIABILITIES":214105641.24,"TAX_EBT":-1.266149734594,"OCF_SALES":-21.556608735454,"TOTAL_PARENT_EQUITY":306855210.88,"DEBT_ASSET_RATIO":38.5178287531,"OPERATE_PROFIT":-202116479.44,"PRETAX_PROFIT":-159666682.76,"NETCASH_OPERATE":-63815669.72,"NETCASH_INVEST":-14276739.32,"NETCASH_FINANCE":-21646980.8,"END_CASH":108776920.16,"DIVI_RATIO":-0.301608425098,"DIVIDEND_RATE":5.050505050505,"CURRENT_RATIO":2.200736178132,"COMMON_ACS":1000000000000,"CURRENTDEBT_DEBT":47.73675169326,"ISSUED_COMMON_SHARES":1052185315,"HK_COMMON_SHARES":1052185315,"PER_SHARES":4000,"TOTAL_MARKET_CAP":1041663461.85,"HKSK_MARKET_CAP":1041663461.85,"PE_TTM":5.748123596166,"PB_TTM":3.371722956325,"REPORT_DATE_SQ":"2019-12-31 00:00:00","REPORT_TYPE_SQ":"2019年年报","OPERATE_INCOME_SQ":1058591598.12,"DPS_HKD":0.05,"OPERATE_INCOME_QOQ_SQ":-0.635003410849,"NET_PROFIT_RATIO_SQ":0.8935869902,"HOLDER_PROFIT_SQ":829492.28,"HOLDER_PROFIT_QOQ_SQ":-98.226835977761,"ROE_AVG_SQ":0.162523145507,"PE_TTM_SQ":-14.517301745887,"PB_TTM_SQ":7.274036029887,"ROA_SQ":0.103313392138,"START_DATE":"2020-01-01 00:00:00","FISCAL_YEAR":"12-31","CURRENCY":"HKD","IS_CNY_CODE":0,"DPS_HKD_LY":null,"ORG_TYPE":"一般企业","PREMIUM_INCOME":null,"PREMIUM_INCOME_YOY":null,"NET_INTEREST_INCOME":null,"NET_INTEREST_INCOME_YOY":null,"FEE_COMMISSION_INCOME":null,"FEE_COMMISSION_INCOME_YOY":null,"ACCOUNTS_RECE_TDAYS":2.792321768089,"INVENTORY_TDAYS":6.052961822605,"CURRENT_ASSETS_TDAYS":0.915504193752,"TOTAL_ASSETS_TDAYS":0.448166219761,"PREMIUM_EXPENSE":null,"LOAN_DEPOSIT":null,"LOAN_EQUITY":null,"LOAN_ASSETS":null,"DEPOSIT_EQUITY":null,"DEPOSIT_ASSETS":null,"EQUITY_MULTIPLIER":1.626487776406,"EQUITY_RATIO":0.697741585114},{"SECUCODE":"01180.HK","SECURITY_CODE":"01180","SECURITY_NAME_ABBR":"汇彩控股","ORG_CODE":"10010532","STD_REPORT_DATE":"2020-06-30 00:00:00","REPORT_DATE":"2020-06-30 00:00:00","DATE_TYPE_CODE":"002","REPORT_TYPE":"2020年中报","PER_NETCASH_OPERATE":-0.030244991739,"PER_OI":0.15394916961,"BPS":0.387285040031,"BASIC_EPS":-0.09499776,"DILUTED_EPS":null,"OPERATE_INCOME":161983055.52,"OPERATE_INCOME_YOY":-70.0432290532,"GROSS_PROFIT":-5861544.48,"GROSS_PROFIT_YOY":-102.467476579662,"HOLDER_PROFIT":-99972354.24,"HOLDER_PROFIT_YOY":-662.8201172478,"GROSS_PROFIT_RATIO":-3.618615824466,"EPS_TTM":-0.110483133211,"OPERATE_INCOME_QOQ":-33.888717584488,"NET_PROFIT_RATIO":-62.7835766609,"ROE_AVG":-21.829692258902,"GROSS_PROFIT_QOQ":-53.648159057116,"ROA":-13.147432613191,"HOLDER_PROFIT_QOQ":-14114.4439101953,"ROE_YEARLY":-43.659384517805,"ROIC_YEARLY":-38.723339138803,"TOTAL_ASSETS":690261031.68,"TOTAL_LIABILITIES":243631803.36,"TAX_EBT":-2.115014216271,"OCF_SALES":-19.646089560319,"TOTAL_PARENT_EQUITY":407495631.84,"DEBT_ASSET_RATIO":35.2956044421,"OPERATE_PROFIT":-129371420.64,"PRETAX_PROFIT":-99592363.2,"NETCASH_OPERATE":-31823336.16,"NETCASH_INVEST":-3018919.2,"NETCASH_FINANCE":-11428047.84,"END_CASH":177241157.28,"DIVI_RATIO":-0.413040422313,"DIVIDEND_RATE":5.050505050505,"CURRENT_RATIO":2.820599526893,"COMMON_ACS":1000000000000,"CURRENTDEBT_DEBT":48.341138051657,"ISSUED_COMMON_SHARES":1052185315,"HK_COMMON_SHARES":1052185315,"PER_SHARES":4000,"TOTAL_MARKET_CAP":1041663461.85,"HKSK_MARKET_CAP":1041663461.85,"PE_TTM":5.748123596166,"PB_TTM":3.371722956325,"REPORT_DATE_SQ":"2019-06-30 00:00:00","REPORT_TYPE_SQ":"2019年中报","OPERATE_INCOME_SQ":520726172.58,"DPS_HKD":0.05,"OPERATE_INCOME_QOQ_SQ":4.438726066364,"NET_PROFIT_RATIO_SQ":4.0193390465,"HOLDER_PROFIT_SQ":17105868.36,"HOLDER_PROFIT_QOQ_SQ":-8.302361676138,"ROE_AVG_SQ":3.357288065364,"PE_TTM_SQ":-14.517301745887,"PB_TTM_SQ":7.274036029887,"ROA_SQ":2.234603488882,"START_DATE":"2020-01-01 00:00:00","FISCAL_YEAR":"12-31","CURRENCY":"HKD","IS_CNY_CODE":0,"DPS_HKD_LY":null,"ORG_TYPE":"一般企业","PREMIUM_INCOME":null,"PREMIUM_INCOME_YOY":null,"NET_INTEREST_INCOME":null,"NET_INTEREST_INCOME_YOY":null,"FEE_COMMISSION_INCOME":null,"FEE_COMMISSION_INCOME_YOY":null,"ACCOUNTS_RECE_TDAYS":1.336924439753,"INVENTORY_TDAYS":2.837333909808,"CURRENT_ASSETS_TDAYS":0.410100991413,"TOTAL_ASSETS_TDAYS":0.213025023079,"PREMIUM_EXPENSE":null,"LOAN_DEPOSIT":null,"LOAN_EQUITY":null,"LOAN_ASSETS":null,"DEPOSIT_EQUITY":null,"DEPOSIT_ASSETS":null,"EQUITY_MULTIPLIER":1.545490057326,"EQUITY_RATIO":0.597875864975}],"count":49},"success":true,"message":"ok","code":0}