{"version":"6e18b815a55c353194b3888d064f5b3f","result":{"pages":4,"data":[{"SECUCODE":"01181.HK","SECURITY_CODE":"01181","SECURITY_NAME_ABBR":"唐宫中国","ORG_CODE":"10163421","STD_REPORT_DATE":"2024-06-30 00:00:00","REPORT_DATE":"2024-06-30 00:00:00","DATE_TYPE_CODE":"002","REPORT_TYPE":"2024年中报","PER_NETCASH_OPERATE":0.0529549663,"PER_OI":0.490051601841,"BPS":0.226021175109,"BASIC_EPS":0.0031,"DILUTED_EPS":0.0031,"OPERATE_INCOME":527309000,"OPERATE_INCOME_YOY":-10.3680913812,"GROSS_PROFIT":349196000,"GROSS_PROFIT_YOY":-10.564154050655,"HOLDER_PROFIT":3379000,"HOLDER_PROFIT_YOY":-91.8703685882,"GROSS_PROFIT_RATIO":66.222271950602,"EPS_TTM":0.003259210383,"OPERATE_INCOME_QOQ":-5.431953200209,"NET_PROFIT_RATIO":0.6918144769,"ROE_AVG":1.399783342205,"GROSS_PROFIT_QOQ":-5.542320204133,"ROA":0.426448919837,"HOLDER_PROFIT_QOQ":-91.588314304903,"ROE_YEARLY":2.799566684411,"ROIC_YEARLY":1.44715414076,"TOTAL_ASSETS":778978000,"TOTAL_LIABILITIES":534137000,"TAX_EBT":58.909664338815,"OCF_SALES":10.805998001172,"TOTAL_PARENT_EQUITY":243205000,"DEBT_ASSET_RATIO":68.5689454644,"OPERATE_PROFIT":41501000,"PRETAX_PROFIT":8878000,"NETCASH_OPERATE":56981000,"NETCASH_INVEST":-33798000,"NETCASH_FINANCE":-28121000,"END_CASH":316367000,"DIVI_RATIO":4.170734136228,"DIVIDEND_RATE":6.756756756757,"CURRENT_RATIO":1.009173340222,"COMMON_ACS":4000000000,"CURRENTDEBT_DEBT":72.472043689166,"ISSUED_COMMON_SHARES":1076027500,"HK_COMMON_SHARES":1076027500,"PER_SHARES":2000,"TOTAL_MARKET_CAP":238878105,"HKSK_MARKET_CAP":238878105,"PE_TTM":51.62104092101,"PB_TTM":0.896442379357,"REPORT_DATE_SQ":"2023-06-30 00:00:00","REPORT_TYPE_SQ":"2023年中报","OPERATE_INCOME_SQ":588305000,"DPS_HKD":0.015,"OPERATE_INCOME_QOQ_SQ":15.275318377348,"NET_PROFIT_RATIO_SQ":7.1182464878,"HOLDER_PROFIT_SQ":41564000,"HOLDER_PROFIT_QOQ_SQ":84.055944982575,"ROE_AVG_SQ":15.606085637475,"PE_TTM_SQ":-24.073252952009,"PB_TTM_SQ":1.861939478396,"ROA_SQ":5.473917108954,"START_DATE":"2024-01-01 00:00:00","FISCAL_YEAR":"12-31","CURRENCY":"HKD","IS_CNY_CODE":0,"DPS_HKD_LY":0.015,"ORG_TYPE":"一般企业","PREMIUM_INCOME":null,"PREMIUM_INCOME_YOY":null,"NET_INTEREST_INCOME":null,"NET_INTEREST_INCOME_YOY":null,"FEE_COMMISSION_INCOME":null,"FEE_COMMISSION_INCOME_YOY":null,"ACCOUNTS_RECE_TDAYS":13.573121919201,"INVENTORY_TDAYS":6.868463674225,"CURRENT_ASSETS_TDAYS":1.350467648746,"TOTAL_ASSETS_TDAYS":0.665493795414,"PREMIUM_EXPENSE":null,"LOAN_DEPOSIT":null,"LOAN_EQUITY":null,"LOAN_ASSETS":null,"DEPOSIT_EQUITY":null,"DEPOSIT_ASSETS":null,"EQUITY_MULTIPLIER":3.181566812744,"EQUITY_RATIO":2.19624185358},{"SECUCODE":"01181.HK","SECURITY_CODE":"01181","SECURITY_NAME_ABBR":"唐宫中国","ORG_CODE":"10163421","STD_REPORT_DATE":"2023-12-31 00:00:00","REPORT_DATE":"2023-12-31 00:00:00","DATE_TYPE_CODE":"001","REPORT_TYPE":"2023年年报","PER_NETCASH_OPERATE":0.137379388538,"PER_OI":1.043570912453,"BPS":0.222656019479,"BASIC_EPS":0.0387,"DILUTED_EPS":0.0387,"OPERATE_INCOME":1122911000,"OPERATE_INCOME_YOY":19.2095451631,"GROSS_PROFIT":744219000,"GROSS_PROFIT_YOY":29.769726517545,"HOLDER_PROFIT":41692000,"HOLDER_PROFIT_YOY":127.6226695112,"GROSS_PROFIT_RATIO":66.275866920887,"EPS_TTM":0.038746221635,"OPERATE_INCOME_QOQ":3.412896048449,"NET_PROFIT_RATIO":3.7637889379,"ROE_AVG":17.20939639978,"GROSS_PROFIT_QOQ":6.630951988641,"ROA":5.349098882376,"HOLDER_PROFIT_QOQ":273.24745480989,"ROE_YEARLY":17.20939639978,"ROIC_YEARLY":8.505802702998,"TOTAL_ASSETS":805737000,"TOTAL_LIABILITIES":564786000,"TAX_EBT":12.413478675343,"OCF_SALES":13.164355857232,"TOTAL_PARENT_EQUITY":239584000,"DEBT_ASSET_RATIO":70.0955770928,"OPERATE_PROFIT":114831000,"PRETAX_PROFIT":48254000,"NETCASH_OPERATE":147824000,"NETCASH_INVEST":40457000,"NETCASH_FINANCE":-122101000,"END_CASH":321374000,"DIVI_RATIO":0.350829046718,"DIVIDEND_RATE":6.666666666667,"CURRENT_RATIO":1.005466888228,"COMMON_ACS":4000000000,"CURRENTDEBT_DEBT":68.726030744388,"ISSUED_COMMON_SHARES":1076027500,"HK_COMMON_SHARES":1076027500,"PER_SHARES":2000,"TOTAL_MARKET_CAP":242106187.5,"HKSK_MARKET_CAP":242106187.5,"PE_TTM":52.318622555077,"PB_TTM":0.908556465564,"REPORT_DATE_SQ":"2022-12-31 00:00:00","REPORT_TYPE_SQ":"2022年年报","OPERATE_INCOME_SQ":941964000,"DPS_HKD":0.015,"OPERATE_INCOME_QOQ_SQ":-13.681065923795,"NET_PROFIT_RATIO_SQ":-16.1701508763,"HOLDER_PROFIT_SQ":-150934000,"HOLDER_PROFIT_QOQ_SQ":-95.738555310595,"ROE_AVG_SQ":-45.759276747912,"PE_TTM_SQ":-21.621347558749,"PB_TTM_SQ":1.672297494485,"ROA_SQ":-16.891405677323,"START_DATE":"2023-01-01 00:00:00","FISCAL_YEAR":"12-31","CURRENCY":"HKD","IS_CNY_CODE":0,"DPS_HKD_LY":0.05,"ORG_TYPE":"一般企业","PREMIUM_INCOME":null,"PREMIUM_INCOME_YOY":null,"NET_INTEREST_INCOME":null,"NET_INTEREST_INCOME_YOY":null,"FEE_COMMISSION_INCOME":null,"FEE_COMMISSION_INCOME_YOY":null,"ACCOUNTS_RECE_TDAYS":25.263476421886,"INVENTORY_TDAYS":11.405870216707,"CURRENT_ASSETS_TDAYS":2.783720267238,"TOTAL_ASSETS_TDAYS":1.440698929077,"PREMIUM_EXPENSE":null,"LOAN_DEPOSIT":null,"LOAN_EQUITY":null,"LOAN_ASSETS":null,"DEPOSIT_EQUITY":null,"DEPOSIT_ASSETS":null,"EQUITY_MULTIPLIER":3.343986951707,"EQUITY_RATIO":2.35736109256},{"SECUCODE":"01181.HK","SECURITY_CODE":"01181","SECURITY_NAME_ABBR":"唐宫中国","ORG_CODE":"10163421","STD_REPORT_DATE":"2023-06-30 00:00:00","REPORT_DATE":"2023-06-30 00:00:00","DATE_TYPE_CODE":"002","REPORT_TYPE":"2023年中报","PER_NETCASH_OPERATE":0.09454405208,"PER_OI":0.546737885416,"BPS":0.267392794329,"BASIC_EPS":0.0386,"DILUTED_EPS":0.0386,"OPERATE_INCOME":588305000,"OPERATE_INCOME_YOY":32.3767992674,"GROSS_PROFIT":390443000,"GROSS_PROFIT_YOY":46.785290004361,"HOLDER_PROFIT":41564000,"HOLDER_PROFIT_YOY":148.7239903874,"GROSS_PROFIT_RATIO":66.367445457713,"EPS_TTM":-0.022364670048,"OPERATE_INCOME_QOQ":15.275318377348,"NET_PROFIT_RATIO":7.1182464878,"ROE_AVG":15.606085637475,"GROSS_PROFIT_QOQ":21.699866781054,"ROA":5.473917108954,"HOLDER_PROFIT_QOQ":84.055944982575,"ROE_YEARLY":31.21217127495,"ROIC_YEARLY":18.799860235858,"TOTAL_ASSETS":765515000,"TOTAL_LIABILITIES":476685000,"TAX_EBT":8.70702622572,"OCF_SALES":17.292390851684,"TOTAL_PARENT_EQUITY":287722000,"DEBT_ASSET_RATIO":62.2698444838,"OPERATE_PROFIT":79116000,"PRETAX_PROFIT":45871000,"NETCASH_OPERATE":101732000,"NETCASH_INVEST":70135000,"NETCASH_FINANCE":-50618000,"END_CASH":377383000,"DIVI_RATIO":-0.607802394172,"DIVIDEND_RATE":6.666666666667,"CURRENT_RATIO":1.131331086326,"COMMON_ACS":4000000000,"CURRENTDEBT_DEBT":82.966529259364,"ISSUED_COMMON_SHARES":1076027500,"HK_COMMON_SHARES":1076027500,"PER_SHARES":2000,"TOTAL_MARKET_CAP":242106187.5,"HKSK_MARKET_CAP":242106187.5,"PE_TTM":52.318622555077,"PB_TTM":0.908556465564,"REPORT_DATE_SQ":"2022-06-30 00:00:00","REPORT_TYPE_SQ":"2022年中报","OPERATE_INCOME_SQ":444417000,"DPS_HKD":0.015,"OPERATE_INCOME_QOQ_SQ":-19.836685041314,"NET_PROFIT_RATIO_SQ":-19.4601016613,"HOLDER_PROFIT_SQ":-85305000,"HOLDER_PROFIT_QOQ_SQ":-290.066551639142,"ROE_AVG_SQ":-22.885403965408,"PE_TTM_SQ":-21.621347558749,"PB_TTM_SQ":1.672297494485,"ROA_SQ":-8.722615608783,"START_DATE":"2023-01-01 00:00:00","FISCAL_YEAR":"12-31","CURRENCY":"HKD","IS_CNY_CODE":0,"DPS_HKD_LY":0.05,"ORG_TYPE":"一般企业","PREMIUM_INCOME":null,"PREMIUM_INCOME_YOY":null,"NET_INTEREST_INCOME":null,"NET_INTEREST_INCOME_YOY":null,"FEE_COMMISSION_INCOME":null,"FEE_COMMISSION_INCOME_YOY":null,"ACCOUNTS_RECE_TDAYS":13.456968033396,"INVENTORY_TDAYS":5.764537932642,"CURRENT_ASSETS_TDAYS":1.361940082554,"TOTAL_ASSETS_TDAYS":0.774788953128,"PREMIUM_EXPENSE":null,"LOAN_DEPOSIT":null,"LOAN_EQUITY":null,"LOAN_ASSETS":null,"DEPOSIT_EQUITY":null,"DEPOSIT_ASSETS":null,"EQUITY_MULTIPLIER":2.65039988921,"EQUITY_RATIO":1.656755479247},{"SECUCODE":"01181.HK","SECURITY_CODE":"01181","SECURITY_NAME_ABBR":"唐宫中国","ORG_CODE":"10163421","STD_REPORT_DATE":"2022-12-31 00:00:00","REPORT_DATE":"2022-12-31 00:00:00","DATE_TYPE_CODE":"001","REPORT_TYPE":"2022年年报","PER_NETCASH_OPERATE":-0.041123484298,"PER_OI":0.875408853398,"BPS":0.22763544612,"BASIC_EPS":-0.1404,"DILUTED_EPS":-0.1404,"OPERATE_INCOME":941964000,"OPERATE_INCOME_YOY":-30.8038810075,"GROSS_PROFIT":573492000,"GROSS_PROFIT_YOY":-32.277708958952,"HOLDER_PROFIT":-150934000,"HOLDER_PROFIT_YOY":-472.0335223071,"GROSS_PROFIT_RATIO":60.88258149993,"EPS_TTM":-0.140269649242,"OPERATE_INCOME_QOQ":-13.681065923795,"NET_PROFIT_RATIO":-16.1701508763,"ROE_AVG":-45.759276747912,"GROSS_PROFIT_QOQ":-14.627930379483,"ROA":-16.891405677323,"HOLDER_PROFIT_QOQ":-95.738555310595,"ROE_YEARLY":-45.759276747912,"ROIC_YEARLY":-27.290068399651,"TOTAL_ASSETS":753105000,"TOTAL_LIABILITIES":507368000,"TAX_EBT":-0.698131045015,"OCF_SALES":-4.697631756628,"TOTAL_PARENT_EQUITY":244942000,"DEBT_ASSET_RATIO":67.3701542282,"OPERATE_PROFIT":-68511000,"PRETAX_PROFIT":-151261000,"NETCASH_OPERATE":-44250000,"NETCASH_INVEST":-462000,"NETCASH_FINANCE":-108738000,"END_CASH":254987000,"DIVI_RATIO":-0.096908348124,"DIVIDEND_RATE":6.666666666667,"CURRENT_RATIO":1.042958596477,"COMMON_ACS":4000000000,"CURRENTDEBT_DEBT":78.707762413081,"ISSUED_COMMON_SHARES":1076027500,"HK_COMMON_SHARES":1076027500,"PER_SHARES":2000,"TOTAL_MARKET_CAP":242106187.5,"HKSK_MARKET_CAP":242106187.5,"PE_TTM":52.318622555077,"PB_TTM":0.908556465564,"REPORT_DATE_SQ":"2021-12-31 00:00:00","REPORT_TYPE_SQ":"2021年年报","OPERATE_INCOME_SQ":1361296000,"DPS_HKD":0.015,"OPERATE_INCOME_QOQ_SQ":-3.390120398988,"NET_PROFIT_RATIO_SQ":2.9400659372,"HOLDER_PROFIT_SQ":40570000,"HOLDER_PROFIT_QOQ_SQ":-60.708543978926,"ROE_AVG_SQ":9.765338224427,"PE_TTM_SQ":-21.621347558749,"PB_TTM_SQ":1.672297494485,"ROA_SQ":3.866571360496,"START_DATE":"2022-01-01 00:00:00","FISCAL_YEAR":"12-31","CURRENCY":"HKD","IS_CNY_CODE":0,"DPS_HKD_LY":0.025,"ORG_TYPE":"一般企业","PREMIUM_INCOME":null,"PREMIUM_INCOME_YOY":null,"NET_INTEREST_INCOME":null,"NET_INTEREST_INCOME_YOY":null,"FEE_COMMISSION_INCOME":null,"FEE_COMMISSION_INCOME_YOY":null,"ACCOUNTS_RECE_TDAYS":18.747417653498,"INVENTORY_TDAYS":8.06284463895,"CURRENT_ASSETS_TDAYS":1.838407199337,"TOTAL_ASSETS_TDAYS":1.054175736245,"PREMIUM_EXPENSE":null,"LOAN_DEPOSIT":null,"LOAN_EQUITY":null,"LOAN_ASSETS":null,"DEPOSIT_EQUITY":null,"DEPOSIT_ASSETS":null,"EQUITY_MULTIPLIER":3.064678904686,"EQUITY_RATIO":2.071380163467},{"SECUCODE":"01181.HK","SECURITY_CODE":"01181","SECURITY_NAME_ABBR":"唐宫中国","ORG_CODE":"10163421","STD_REPORT_DATE":"2022-06-30 00:00:00","REPORT_DATE":"2022-06-30 00:00:00","DATE_TYPE_CODE":"002","REPORT_TYPE":"2022年中报","PER_NETCASH_OPERATE":-0.017929839154,"PER_OI":0.413016395956,"BPS":0.307382478608,"BASIC_EPS":-0.0794,"DILUTED_EPS":-0.0794,"OPERATE_INCOME":444417000,"OPERATE_INCOME_YOY":-37.7961881327,"GROSS_PROFIT":265996000,"GROSS_PROFIT_YOY":-39.692882519515,"HOLDER_PROFIT":-85305000,"HOLDER_PROFIT_YOY":-363.4903474903,"GROSS_PROFIT_RATIO":59.852795910147,"EPS_TTM":-0.07166173727,"OPERATE_INCOME_QOQ":-19.836685041314,"NET_PROFIT_RATIO":-19.4601016613,"ROE_AVG":-22.885403965408,"GROSS_PROFIT_QOQ":-20.673949522277,"ROA":-8.722615608783,"HOLDER_PROFIT_QOQ":-290.066551639142,"ROE_YEARLY":-45.770807930817,"ROIC_YEARLY":-29.460418983416,"TOTAL_ASSETS":921945000,"TOTAL_LIABILITIES":590194000,"TAX_EBT":-2.484979913968,"OCF_SALES":-4.341193068672,"TOTAL_PARENT_EQUITY":330752000,"DEBT_ASSET_RATIO":64.016183178,"OPERATE_PROFIT":-40774000,"PRETAX_PROFIT":-84387000,"NETCASH_OPERATE":-19293000,"NETCASH_INVEST":14405000,"NETCASH_FINANCE":-28966000,"END_CASH":371537000,"DIVI_RATIO":-0.189687000593,"DIVIDEND_RATE":6.666666666667,"CURRENT_RATIO":1.200547524238,"COMMON_ACS":4000000000,"CURRENTDEBT_DEBT":78.292900300579,"ISSUED_COMMON_SHARES":1076027500,"HK_COMMON_SHARES":1076027500,"PER_SHARES":2000,"TOTAL_MARKET_CAP":242106187.5,"HKSK_MARKET_CAP":242106187.5,"PE_TTM":52.318622555077,"PB_TTM":0.908556465564,"REPORT_DATE_SQ":"2021-06-30 00:00:00","REPORT_TYPE_SQ":"2021年中报","OPERATE_INCOME_SQ":714453000,"DPS_HKD":0.015,"OPERATE_INCOME_QOQ_SQ":27.505309459842,"NET_PROFIT_RATIO_SQ":4.551174115,"HOLDER_PROFIT_SQ":32375000,"HOLDER_PROFIT_QOQ_SQ":2257.93560173556,"ROE_AVG_SQ":7.502349191195,"PE_TTM_SQ":-21.621347558749,"PB_TTM_SQ":1.672297494485,"ROA_SQ":3.045174397961,"START_DATE":"2022-01-01 00:00:00","FISCAL_YEAR":"12-31","CURRENCY":"HKD","IS_CNY_CODE":0,"DPS_HKD_LY":0.025,"ORG_TYPE":"一般企业","PREMIUM_INCOME":null,"PREMIUM_INCOME_YOY":null,"NET_INTEREST_INCOME":null,"NET_INTEREST_INCOME_YOY":null,"FEE_COMMISSION_INCOME":null,"FEE_COMMISSION_INCOME_YOY":null,"ACCOUNTS_RECE_TDAYS":8.049501453528,"INVENTORY_TDAYS":3.827626893208,"CURRENT_ASSETS_TDAYS":0.764248501957,"TOTAL_ASSETS_TDAYS":0.454425726629,"PREMIUM_EXPENSE":null,"LOAN_DEPOSIT":null,"LOAN_EQUITY":null,"LOAN_ASSETS":null,"DEPOSIT_EQUITY":null,"DEPOSIT_ASSETS":null,"EQUITY_MULTIPLIER":2.779027041369,"EQUITY_RATIO":1.784400396672},{"SECUCODE":"01181.HK","SECURITY_CODE":"01181","SECURITY_NAME_ABBR":"唐宫中国","ORG_CODE":"10163421","STD_REPORT_DATE":"2021-12-31 00:00:00","REPORT_DATE":"2021-12-31 00:00:00","DATE_TYPE_CODE":"001","REPORT_TYPE":"2021年年报","PER_NETCASH_OPERATE":0.164810843589,"PER_OI":1.265112648143,"BPS":0.385440892542,"BASIC_EPS":0.0377,"DILUTED_EPS":0.0377,"OPERATE_INCOME":1361296000,"OPERATE_INCOME_YOY":23.1827259541,"GROSS_PROFIT":846829000,"GROSS_PROFIT_YOY":24.083872433019,"HOLDER_PROFIT":40570000,"HOLDER_PROFIT_YOY":826.4672299612,"GROSS_PROFIT_RATIO":62.207558091701,"EPS_TTM":0.037703497355,"OPERATE_INCOME_QOQ":-3.390120398988,"NET_PROFIT_RATIO":2.9400659372,"ROE_AVG":9.765338224427,"GROSS_PROFIT_QOQ":-3.474480543388,"ROA":3.866571360496,"HOLDER_PROFIT_QOQ":-60.708543978926,"ROE_YEARLY":9.765338224427,"ROIC_YEARLY":6.561751957042,"TOTAL_ASSETS":1034005000,"TOTAL_LIABILITIES":617082000,"TAX_EBT":40.781238440482,"OCF_SALES":13.027365099141,"TOTAL_PARENT_EQUITY":414745000,"DEBT_ASSET_RATIO":59.6788216691,"OPERATE_PROFIT":86402000,"PRETAX_PROFIT":67585000,"NETCASH_OPERATE":177341000,"NETCASH_INVEST":-17371000,"NETCASH_FINANCE":-157967000,"END_CASH":403004000,"DIVI_RATIO":0.360531540935,"DIVIDEND_RATE":6.666666666667,"CURRENT_RATIO":1.327522162908,"COMMON_ACS":4000000000,"CURRENTDEBT_DEBT":74.252368404847,"ISSUED_COMMON_SHARES":1076027500,"HK_COMMON_SHARES":1076027500,"PER_SHARES":2000,"TOTAL_MARKET_CAP":242106187.5,"HKSK_MARKET_CAP":242106187.5,"PE_TTM":52.318622555077,"PB_TTM":0.908556465564,"REPORT_DATE_SQ":"2020-12-31 00:00:00","REPORT_TYPE_SQ":"2020年年报","OPERATE_INCOME_SQ":1105103000,"DPS_HKD":0.015,"OPERATE_INCOME_QOQ_SQ":-3.632666266118,"NET_PROFIT_RATIO_SQ":0.2857652183,"HOLDER_PROFIT_SQ":4379000,"HOLDER_PROFIT_QOQ_SQ":116.570174442805,"ROE_AVG_SQ":1.042561954941,"PE_TTM_SQ":-21.621347558749,"PB_TTM_SQ":1.672297494485,"ROA_SQ":0.396805979184,"START_DATE":"2021-01-01 00:00:00","FISCAL_YEAR":"12-31","CURRENCY":"HKD","IS_CNY_CODE":0,"DPS_HKD_LY":0.055,"ORG_TYPE":"一般企业","PREMIUM_INCOME":null,"PREMIUM_INCOME_YOY":null,"NET_INTEREST_INCOME":null,"NET_INTEREST_INCOME_YOY":null,"FEE_COMMISSION_INCOME":null,"FEE_COMMISSION_INCOME_YOY":null,"ACCOUNTS_RECE_TDAYS":27.93777449411,"INVENTORY_TDAYS":10.199381455562,"CURRENT_ASSETS_TDAYS":2.22386747913,"TOTAL_ASSETS_TDAYS":1.297399094591,"PREMIUM_EXPENSE":null,"LOAN_DEPOSIT":null,"LOAN_EQUITY":null,"LOAN_ASSETS":null,"DEPOSIT_EQUITY":null,"DEPOSIT_ASSETS":null,"EQUITY_MULTIPLIER":2.480086250936,"EQUITY_RATIO":1.487858804808},{"SECUCODE":"01181.HK","SECURITY_CODE":"01181","SECURITY_NAME_ABBR":"唐宫中国","ORG_CODE":"10163421","STD_REPORT_DATE":"2021-06-30 00:00:00","REPORT_DATE":"2021-06-30 00:00:00","DATE_TYPE_CODE":"002","REPORT_TYPE":"2021年中报","PER_NETCASH_OPERATE":0.120298970054,"PER_OI":0.663972807386,"BPS":0.415333251241,"BASIC_EPS":0.0301,"DILUTED_EPS":0.0301,"OPERATE_INCOME":714453000,"OPERATE_INCOME_YOY":74.0483957017,"GROSS_PROFIT":441069000,"GROSS_PROFIT_YOY":79.133955804291,"HOLDER_PROFIT":32375000,"HOLDER_PROFIT_YOY":148.6842105263,"GROSS_PROFIT_RATIO":61.735201615782,"EPS_TTM":0.095958514071,"OPERATE_INCOME_QOQ":27.505309459842,"NET_PROFIT_RATIO":4.551174115,"ROE_AVG":7.502349191195,"GROSS_PROFIT_QOQ":28.550328588279,"ROA":3.045174397961,"HOLDER_PROFIT_QOQ":2257.93560173556,"ROE_YEARLY":15.004698382389,"ROIC_YEARLY":10.871353689209,"TOTAL_ASSETS":1061820000,"TOTAL_LIABILITIES":612044000,"TAX_EBT":34.068697027455,"OCF_SALES":18.118056751109,"TOTAL_PARENT_EQUITY":446910000,"DEBT_ASSET_RATIO":57.6410314366,"OPERATE_PROFIT":115143000,"PRETAX_PROFIT":49318000,"NETCASH_OPERATE":129445000,"NETCASH_INVEST":1046000,"NETCASH_FINANCE":-56563000,"END_CASH":475487000,"DIVI_RATIO":0.141658091849,"DIVIDEND_RATE":6.666666666667,"CURRENT_RATIO":1.409233256312,"COMMON_ACS":4000000000,"CURRENTDEBT_DEBT":77.216017149094,"ISSUED_COMMON_SHARES":1076027500,"HK_COMMON_SHARES":1076027500,"PER_SHARES":2000,"TOTAL_MARKET_CAP":242106187.5,"HKSK_MARKET_CAP":242106187.5,"PE_TTM":52.318622555077,"PB_TTM":0.908556465564,"REPORT_DATE_SQ":"2020-06-30 00:00:00","REPORT_TYPE_SQ":"2020年中报","OPERATE_INCOME_SQ":410491000,"DPS_HKD":0.015,"OPERATE_INCOME_QOQ_SQ":-23.298042187512,"NET_PROFIT_RATIO_SQ":-16.4332470139,"HOLDER_PROFIT_SQ":-66500000,"HOLDER_PROFIT_QOQ_SQ":-128.950626074954,"ROE_AVG_SQ":-17.000759282031,"PE_TTM_SQ":-21.621347558749,"PB_TTM_SQ":1.672297494485,"ROA_SQ":-6.10024024856,"START_DATE":"2021-01-01 00:00:00","FISCAL_YEAR":"12-31","CURRENCY":"HKD","IS_CNY_CODE":0,"DPS_HKD_LY":0.055,"ORG_TYPE":"一般企业","PREMIUM_INCOME":null,"PREMIUM_INCOME_YOY":null,"NET_INTEREST_INCOME":null,"NET_INTEREST_INCOME_YOY":null,"FEE_COMMISSION_INCOME":null,"FEE_COMMISSION_INCOME_YOY":null,"ACCOUNTS_RECE_TDAYS":17.282783811897,"INVENTORY_TDAYS":5.750126198889,"CURRENT_ASSETS_TDAYS":1.114599957878,"TOTAL_ASSETS_TDAYS":0.672010497034,"PREMIUM_EXPENSE":null,"LOAN_DEPOSIT":null,"LOAN_EQUITY":null,"LOAN_ASSETS":null,"DEPOSIT_EQUITY":null,"DEPOSIT_ASSETS":null,"EQUITY_MULTIPLIER":2.360775141404,"EQUITY_RATIO":1.369501689378},{"SECUCODE":"01181.HK","SECURITY_CODE":"01181","SECURITY_NAME_ABBR":"唐宫中国","ORG_CODE":"10163421","STD_REPORT_DATE":"2020-12-31 00:00:00","REPORT_DATE":"2020-12-31 00:00:00","DATE_TYPE_CODE":"001","REPORT_TYPE":"2020年年报","PER_NETCASH_OPERATE":0.11840589576,"PER_OI":1.027021149552,"BPS":0.386749409286,"BASIC_EPS":0.0041,"DILUTED_EPS":0.0041,"OPERATE_INCOME":1105103000,"OPERATE_INCOME_YOY":-26.0843683344,"GROSS_PROFIT":682465000,"GROSS_PROFIT_YOY":-27.247733903868,"HOLDER_PROFIT":4379000,"HOLDER_PROFIT_YOY":-95.2028307571,"GROSS_PROFIT_RATIO":61.755782040226,"EPS_TTM":0.004069598593,"OPERATE_INCOME_QOQ":-3.632666266118,"NET_PROFIT_RATIO":0.2857652183,"ROE_AVG":1.042561954941,"GROSS_PROFIT_QOQ":-3.299326957138,"ROA":0.396805979184,"HOLDER_PROFIT_QOQ":116.570174442805,"ROE_YEARLY":1.042561954941,"ROIC_YEARLY":0.649334280372,"TOTAL_ASSETS":1064495000,"TOTAL_LIABILITIES":645617000,"TAX_EBT":82.95460679009,"OCF_SALES":11.529061092043,"TOTAL_PARENT_EQUITY":416153000,"DEBT_ASSET_RATIO":60.650073509,"OPERATE_PROFIT":138549000,"PRETAX_PROFIT":18527000,"NETCASH_OPERATE":127408000,"NETCASH_INVEST":-16820000,"NETCASH_FINANCE":-88480000,"END_CASH":402033000,"DIVI_RATIO":3.340206580441,"DIVIDEND_RATE":6.666666666667,"CURRENT_RATIO":1.307480541423,"COMMON_ACS":4000000000,"CURRENTDEBT_DEBT":72.973450203449,"ISSUED_COMMON_SHARES":1076027500,"HK_COMMON_SHARES":1076027500,"PER_SHARES":2000,"TOTAL_MARKET_CAP":242106187.5,"HKSK_MARKET_CAP":242106187.5,"PE_TTM":52.318622555077,"PB_TTM":0.908556465564,"REPORT_DATE_SQ":"2019-12-31 00:00:00","REPORT_TYPE_SQ":"2019年年报","OPERATE_INCOME_SQ":1495087000,"DPS_HKD":0.015,"OPERATE_INCOME_QOQ_SQ":-1.037293861757,"NET_PROFIT_RATIO_SQ":6.2100733937,"HOLDER_PROFIT_SQ":91283000,"HOLDER_PROFIT_QOQ_SQ":-20.042219964262,"ROE_AVG_SQ":19.83682099748,"PE_TTM_SQ":-21.621347558749,"PB_TTM_SQ":1.672297494485,"ROA_SQ":8.96825256473,"START_DATE":"2020-01-01 00:00:00","FISCAL_YEAR":"12-31","CURRENCY":"HKD","IS_CNY_CODE":0,"DPS_HKD_LY":0.02,"ORG_TYPE":"一般企业","PREMIUM_INCOME":null,"PREMIUM_INCOME_YOY":null,"NET_INTEREST_INCOME":null,"NET_INTEREST_INCOME_YOY":null,"FEE_COMMISSION_INCOME":null,"FEE_COMMISSION_INCOME_YOY":null,"ACCOUNTS_RECE_TDAYS":23.829714285714,"INVENTORY_TDAYS":8.439341447099,"CURRENT_ASSETS_TDAYS":1.820095772583,"TOTAL_ASSETS_TDAYS":1.001396387335,"PREMIUM_EXPENSE":null,"LOAN_DEPOSIT":null,"LOAN_EQUITY":null,"LOAN_ASSETS":null,"DEPOSIT_EQUITY":null,"DEPOSIT_ASSETS":null,"EQUITY_MULTIPLIER":2.541300808348,"EQUITY_RATIO":1.551393357731},{"SECUCODE":"01181.HK","SECURITY_CODE":"01181","SECURITY_NAME_ABBR":"唐宫中国","ORG_CODE":"10163421","STD_REPORT_DATE":"2020-06-30 00:00:00","REPORT_DATE":"2020-06-30 00:00:00","DATE_TYPE_CODE":"002","REPORT_TYPE":"2020年中报","PER_NETCASH_OPERATE":0.030517807398,"PER_OI":0.381487461984,"BPS":0.33310022281,"BASIC_EPS":-0.0618,"DILUTED_EPS":-0.0618,"OPERATE_INCOME":410491000,"OPERATE_INCOME_YOY":-45.903821343,"GROSS_PROFIT":246223000,"GROSS_PROFIT_YOY":-48.547038910018,"HOLDER_PROFIT":-66500000,"HOLDER_PROFIT_YOY":-229.8574497169,"GROSS_PROFIT_RATIO":59.982557473855,"EPS_TTM":-0.024559781232,"OPERATE_INCOME_QOQ":-23.298042187512,"NET_PROFIT_RATIO":-16.4332470139,"ROE_AVG":-17.000759282031,"GROSS_PROFIT_QOQ":-24.765501824497,"ROA":-6.10024024856,"HOLDER_PROFIT_QOQ":-128.950626074954,"ROE_YEARLY":-34.001518564062,"ROIC_YEARLY":-19.396760740956,"TOTAL_ASSETS":1037613000,"TOTAL_LIABILITIES":674999000,"TAX_EBT":-4.140486298726,"OCF_SALES":7.999688178304,"TOTAL_PARENT_EQUITY":358425000,"DEBT_ASSET_RATIO":65.0530592813,"OPERATE_PROFIT":-11390000,"PRETAX_PROFIT":-64775000,"NETCASH_OPERATE":32838000,"NETCASH_INVEST":-13781000,"NETCASH_FINANCE":-51820000,"END_CASH":349090000,"DIVI_RATIO":-0.553478057129,"DIVIDEND_RATE":6.666666666667,"CURRENT_RATIO":1.175181724439,"COMMON_ACS":4000000000,"CURRENTDEBT_DEBT":69.967659211347,"ISSUED_COMMON_SHARES":1076027500,"HK_COMMON_SHARES":1076027500,"PER_SHARES":2000,"TOTAL_MARKET_CAP":242106187.5,"HKSK_MARKET_CAP":242106187.5,"PE_TTM":52.318622555077,"PB_TTM":0.908556465564,"REPORT_DATE_SQ":"2019-06-30 00:00:00","REPORT_TYPE_SQ":"2019年中报","OPERATE_INCOME_SQ":758817000,"DPS_HKD":0.015,"OPERATE_INCOME_QOQ_SQ":1.248552403011,"NET_PROFIT_RATIO_SQ":6.857648155,"HOLDER_PROFIT_SQ":51210000,"HOLDER_PROFIT_QOQ_SQ":-0.876073385255,"ROE_AVG_SQ":11.100297178431,"PE_TTM_SQ":-21.621347558749,"PB_TTM_SQ":1.672297494485,"ROA_SQ":4.93448390993,"START_DATE":"2020-01-01 00:00:00","FISCAL_YEAR":"12-31","CURRENCY":"HKD","IS_CNY_CODE":0,"DPS_HKD_LY":0.02,"ORG_TYPE":"一般企业","PREMIUM_INCOME":null,"PREMIUM_INCOME_YOY":null,"NET_INTEREST_INCOME":null,"NET_INTEREST_INCOME_YOY":null,"FEE_COMMISSION_INCOME":null,"FEE_COMMISSION_INCOME_YOY":null,"ACCOUNTS_RECE_TDAYS":9.355600378335,"INVENTORY_TDAYS":3.294089336742,"CURRENT_ASSETS_TDAYS":0.711818263004,"TOTAL_ASSETS_TDAYS":0.376555446597,"PREMIUM_EXPENSE":null,"LOAN_DEPOSIT":null,"LOAN_EQUITY":null,"LOAN_ASSETS":null,"DEPOSIT_EQUITY":null,"DEPOSIT_ASSETS":null,"EQUITY_MULTIPLIER":2.861480803282,"EQUITY_RATIO":1.883236381391}],"count":31},"success":true,"message":"ok","code":0}