{"version":"1937d95dd68d97556e0a8bd4a01bdb7b","result":{"pages":6,"data":[{"SECUCODE":"01185.HK","SECURITY_CODE":"01185","SECURITY_NAME_ABBR":"中国航天万源","ORG_CODE":"10010535","STD_REPORT_DATE":"2023-06-30 00:00:00","REPORT_DATE":"2023-06-30 00:00:00","DATE_TYPE_CODE":"002","REPORT_TYPE":"2023年中报","PER_NETCASH_OPERATE":-0.000771518018,"PER_OI":0.002617590126,"BPS":-0.205750518533,"BASIC_EPS":0.017794214,"DILUTED_EPS":0.017794214,"OPERATE_INCOME":11436239.92,"OPERATE_INCOME_YOY":-6.7578741637,"GROSS_PROFIT":1820910.5,"GROSS_PROFIT_YOY":-34.545136271018,"HOLDER_PROFIT":77847381.3,"HOLDER_PROFIT_YOY":10104.1469194313,"GROSS_PROFIT_RATIO":15.922283134473,"EPS_TTM":0.111700731348,"OPERATE_INCOME_QOQ":0.162002415523,"NET_PROFIT_RATIO":685.6014188971,"ROE_AVG":-8.164111846447,"GROSS_PROFIT_QOQ":-12.027365079646,"ROA":24.795572712096,"HOLDER_PROFIT_QOQ":19.188911615557,"ROE_YEARLY":-16.328223692894,"ROIC_YEARLY":66.282794027601,"TOTAL_ASSETS":306003318.04,"TOTAL_LIABILITIES":1147256593.2,"TAX_EBT":0.593804792519,"OCF_SALES":-29.474363108675,"TOTAL_PARENT_EQUITY":-898923124.16,"DEBT_ASSET_RATIO":374.9163899752,"OPERATE_PROFIT":74705273.46,"PRETAX_PROFIT":78875389,"NETCASH_OPERATE":-3370758.88,"NETCASH_INVEST":3222320.1,"NETCASH_FINANCE":-427798.72,"END_CASH":38148766.46,"DIVI_RATIO":null,"DIVIDEND_RATE":null,"CURRENT_RATIO":0.064183806987,"COMMON_ACS":10000000000,"CURRENTDEBT_DEBT":99.374608226048,"ISSUED_COMMON_SHARES":4368995668,"HK_COMMON_SHARES":4368995668,"PER_SHARES":2000,"TOTAL_MARKET_CAP":174759826.72,"HKSK_MARKET_CAP":174759826.72,"PE_TTM":0.321455318329,"PB_TTM":-0.179242318624,"REPORT_DATE_SQ":"2022-06-30 00:00:00","REPORT_TYPE_SQ":"2022年中报","OPERATE_INCOME_SQ":11376592.57,"DPS_HKD":null,"OPERATE_INCOME_QOQ_SQ":152.907902115008,"NET_PROFIT_RATIO_SQ":1.909343757,"HOLDER_PROFIT_SQ":-721780.36,"HOLDER_PROFIT_QOQ_SQ":2.456583984099,"ROE_AVG_SQ":0.051444577763,"PE_TTM_SQ":0.409855530869,"PB_TTM_SQ":-0.228533956246,"ROA_SQ":-0.220459647918,"START_DATE":"2023-01-01 00:00:00","FISCAL_YEAR":"12-31","CURRENCY":"HKD","IS_CNY_CODE":0,"DPS_HKD_LY":null,"ORG_TYPE":"一般企业","PREMIUM_INCOME":null,"PREMIUM_INCOME_YOY":null,"NET_INTEREST_INCOME":null,"NET_INTEREST_INCOME_YOY":null,"FEE_COMMISSION_INCOME":null,"FEE_COMMISSION_INCOME_YOY":null,"ACCOUNTS_RECE_TDAYS":null,"INVENTORY_TDAYS":4.908919745823,"CURRENT_ASSETS_TDAYS":0.147279182152,"TOTAL_ASSETS_TDAYS":0.036426160232,"PREMIUM_EXPENSE":null,"LOAN_DEPOSIT":null,"LOAN_EQUITY":null,"LOAN_ASSETS":null,"DEPOSIT_EQUITY":null,"DEPOSIT_ASSETS":null,"EQUITY_MULTIPLIER":-0.363746955971,"EQUITY_RATIO":-1.276256625695},{"SECUCODE":"01185.HK","SECURITY_CODE":"01185","SECURITY_NAME_ABBR":"中国航天万源","ORG_CODE":"10010535","STD_REPORT_DATE":"2022-12-31 00:00:00","REPORT_DATE":"2022-12-31 00:00:00","DATE_TYPE_CODE":"001","REPORT_TYPE":"2022年年报","PER_NETCASH_OPERATE":0.003381916622,"PER_OI":0.008427292142,"BPS":-0.223563273803,"BASIC_EPS":0.093704023,"DILUTED_EPS":null,"OPERATE_INCOME":36818802.86,"OPERATE_INCOME_YOY":352.9450549451,"GROSS_PROFIT":7990300.15,"GROSS_PROFIT_YOY":21.856259394322,"HOLDER_PROFIT":409450849.71,"HOLDER_PROFIT_YOY":699.1882246827,"GROSS_PROFIT_RATIO":21.701683730409,"EPS_TTM":0.093717385144,"OPERATE_INCOME_QOQ":95.670335372859,"NET_PROFIT_RATIO":1475.1297976612,"ROE_AVG":-33.087388984874,"GROSS_PROFIT_QOQ":-14.442366783152,"ROA":123.514052437283,"HOLDER_PROFIT_QOQ":771.130807615072,"ROE_YEARLY":-33.087388984874,"ROIC_YEARLY":133.118136236316,"TOTAL_ASSETS":311886113.77,"TOTAL_LIABILITIES":1231502219.15,"TAX_EBT":0.095465001643,"OCF_SALES":40.130525498569,"TOTAL_PARENT_EQUITY":-976746974.77,"DEBT_ASSET_RATIO":394.8563801908,"OPERATE_PROFIT":150935831.9,"PRETAX_PROFIT":543644122,"NETCASH_OPERATE":14775579.07,"NETCASH_INVEST":2539566.61,"NETCASH_FINANCE":-2595842.62,"END_CASH":40195363.46,"DIVI_RATIO":null,"DIVIDEND_RATE":null,"CURRENT_RATIO":0.064946238441,"COMMON_ACS":10000000000,"CURRENTDEBT_DEBT":99.48311566792,"ISSUED_COMMON_SHARES":4368995668,"HK_COMMON_SHARES":4368995668,"PER_SHARES":2000,"TOTAL_MARKET_CAP":174759826.72,"HKSK_MARKET_CAP":174759826.72,"PE_TTM":0.321455318329,"PB_TTM":-0.179242318624,"REPORT_DATE_SQ":"2021-12-31 00:00:00","REPORT_TYPE_SQ":"2021年年报","OPERATE_INCOME_SQ":7440160,"DPS_HKD":null,"OPERATE_INCOME_QOQ_SQ":-27.21270886045,"NET_PROFIT_RATIO_SQ":-814.7252747253,"HOLDER_PROFIT_SQ":-62545582.4,"HOLDER_PROFIT_QOQ_SQ":92.572243588071,"ROE_AVG_SQ":4.738919301654,"PE_TTM_SQ":0.522364892284,"PB_TTM_SQ":-0.291268767764,"ROA_SQ":-23.622613776024,"START_DATE":"2022-01-01 00:00:00","FISCAL_YEAR":"12-31","CURRENCY":"HKD","IS_CNY_CODE":0,"DPS_HKD_LY":null,"ORG_TYPE":"一般企业","PREMIUM_INCOME":null,"PREMIUM_INCOME_YOY":null,"NET_INTEREST_INCOME":null,"NET_INTEREST_INCOME_YOY":null,"FEE_COMMISSION_INCOME":null,"FEE_COMMISSION_INCOME_YOY":null,"ACCOUNTS_RECE_TDAYS":null,"INVENTORY_TDAYS":13.614427336005,"CURRENT_ASSETS_TDAYS":0.466485963433,"TOTAL_ASSETS_TDAYS":0.111066799601,"PREMIUM_EXPENSE":null,"LOAN_DEPOSIT":null,"LOAN_EQUITY":null,"LOAN_ASSETS":null,"DEPOSIT_EQUITY":null,"DEPOSIT_ASSETS":null,"EQUITY_MULTIPLIER":-0.33914816405,"EQUITY_RATIO":-1.260820100764},{"SECUCODE":"01185.HK","SECURITY_CODE":"01185","SECURITY_NAME_ABBR":"中国航天万源","ORG_CODE":"10010535","STD_REPORT_DATE":"2022-06-30 00:00:00","REPORT_DATE":"2022-06-30 00:00:00","DATE_TYPE_CODE":"002","REPORT_TYPE":"2022年中报","PER_NETCASH_OPERATE":0.002070152989,"PER_OI":0.002603937709,"BPS":-0.313962307067,"BASIC_EPS":-0.000171038,"DILUTED_EPS":-0.000171038,"OPERATE_INCOME":11376592.57,"OPERATE_INCOME_YOY":null,"GROSS_PROFIT":2781933.07,"GROSS_PROFIT_YOY":null,"HOLDER_PROFIT":-721780.36,"HOLDER_PROFIT_YOY":68.9019896831,"GROSS_PROFIT_RATIO":24.453130872736,"EPS_TTM":-0.013964101198,"OPERATE_INCOME_QOQ":152.907902115008,"NET_PROFIT_RATIO":1.909343757,"ROE_AVG":0.051444577763,"GROSS_PROFIT_QOQ":42.425935375602,"ROA":-0.220459647918,"HOLDER_PROFIT_QOQ":2.456583984099,"ROE_YEARLY":0.102889155526,"ROIC_YEARLY":-0.373858270507,"TOTAL_ASSETS":318647214.76,"TOTAL_LIABILITIES":1760418877.28,"TAX_EBT":77.502214348981,"OCF_SALES":79.500864466662,"TOTAL_PARENT_EQUITY":-1371699959.49,"DEBT_ASSET_RATIO":552.4664254812,"OPERATE_PROFIT":-2320130.47,"PRETAX_PROFIT":965509.51,"NETCASH_OPERATE":9044489.44,"NETCASH_INVEST":3844934.24,"NETCASH_FINANCE":-660206.68,"END_CASH":36259200.81,"DIVI_RATIO":null,"DIVIDEND_RATE":null,"CURRENT_RATIO":0.040432836258,"COMMON_ACS":10000000000,"CURRENTDEBT_DEBT":99.618559425449,"ISSUED_COMMON_SHARES":4368995668,"HK_COMMON_SHARES":4368995668,"PER_SHARES":2000,"TOTAL_MARKET_CAP":174759826.72,"HKSK_MARKET_CAP":174759826.72,"PE_TTM":0.321455318329,"PB_TTM":-0.179242318624,"REPORT_DATE_SQ":"2021-06-30 00:00:00","REPORT_TYPE_SQ":"2021年中报","OPERATE_INCOME_SQ":null,"DPS_HKD":null,"OPERATE_INCOME_QOQ_SQ":-53.557878556284,"NET_PROFIT_RATIO_SQ":null,"HOLDER_PROFIT_SQ":-2258265.12,"HOLDER_PROFIT_QOQ_SQ":5.735034416293,"ROE_AVG_SQ":0.173794548461,"PE_TTM_SQ":0.522364892284,"PB_TTM_SQ":-0.291268767764,"ROA_SQ":-1.060102416674,"START_DATE":"2022-01-01 00:00:00","FISCAL_YEAR":"12-31","CURRENCY":"HKD","IS_CNY_CODE":0,"DPS_HKD_LY":null,"ORG_TYPE":"一般企业","PREMIUM_INCOME":null,"PREMIUM_INCOME_YOY":null,"NET_INTEREST_INCOME":null,"NET_INTEREST_INCOME_YOY":null,"FEE_COMMISSION_INCOME":null,"FEE_COMMISSION_INCOME_YOY":null,"ACCOUNTS_RECE_TDAYS":null,"INVENTORY_TDAYS":3.172348484848,"CURRENT_ASSETS_TDAYS":0.155995684702,"TOTAL_ASSETS_TDAYS":0.034748515358,"PREMIUM_EXPENSE":null,"LOAN_DEPOSIT":null,"LOAN_EQUITY":null,"LOAN_ASSETS":null,"DEPOSIT_EQUITY":null,"DEPOSIT_ASSETS":null,"EQUITY_MULTIPLIER":-0.221010873666,"EQUITY_RATIO":-1.283384799351},{"SECUCODE":"01185.HK","SECURITY_CODE":"01185","SECURITY_NAME_ABBR":"中国航天万源","ORG_CODE":"10010535","STD_REPORT_DATE":"2021-12-31 00:00:00","REPORT_DATE":"2021-12-31 00:00:00","DATE_TYPE_CODE":"001","REPORT_TYPE":"2021年年报","PER_NETCASH_OPERATE":-0.000619048634,"PER_OI":0.001702945154,"BPS":-0.313871505537,"BASIC_EPS":-0.014308,"DILUTED_EPS":null,"OPERATE_INCOME":7440160,"OPERATE_INCOME_YOY":-65.2020955222,"GROSS_PROFIT":6557152,"GROSS_PROFIT_YOY":75.273846674303,"HOLDER_PROFIT":-62545582.4,"HOLDER_PROFIT_YOY":92.7923539538,"GROSS_PROFIT_RATIO":88.131868131868,"EPS_TTM":-0.014315780365,"OPERATE_INCOME_QOQ":-27.21270886045,"NET_PROFIT_RATIO":-814.7252747253,"ROE_AVG":4.738919301654,"GROSS_PROFIT_QOQ":957.834950340503,"ROA":-23.622613776024,"HOLDER_PROFIT_QOQ":92.572243588071,"ROE_YEARLY":4.738919301654,"ROIC_YEARLY":-17.509939595641,"TOTAL_ASSETS":321373214.4,"TOTAL_LIABILITIES":1763532131.2,"TAX_EBT":-4.382840328326,"OCF_SALES":-36.351648351648,"TOTAL_PARENT_EQUITY":-1371303248,"DEBT_ASSET_RATIO":548.7489473858,"OPERATE_PROFIT":259876612.8,"PRETAX_PROFIT":-58071675.2,"NETCASH_OPERATE":-2704620.8,"NETCASH_INVEST":12936067.2,"NETCASH_FINANCE":-1264009.6,"END_CASH":25555723.2,"DIVI_RATIO":null,"DIVIDEND_RATE":null,"CURRENT_RATIO":0.040786314652,"COMMON_ACS":10000000000,"CURRENTDEBT_DEBT":99.622014666925,"ISSUED_COMMON_SHARES":4368995668,"HK_COMMON_SHARES":4368995668,"PER_SHARES":2000,"TOTAL_MARKET_CAP":174759826.72,"HKSK_MARKET_CAP":174759826.72,"PE_TTM":0.321455318329,"PB_TTM":-0.179242318624,"REPORT_DATE_SQ":"2020-12-31 00:00:00","REPORT_TYPE_SQ":"2020年年报","OPERATE_INCOME_SQ":22009727.64,"DPS_HKD":null,"OPERATE_INCOME_QOQ_SQ":-21.844058379806,"NET_PROFIT_RATIO_SQ":-4678.4635386792,"HOLDER_PROFIT_SQ":-893282188.76,"HOLDER_PROFIT_QOQ_SQ":-10.543599231883,"ROE_AVG_SQ":109.233207601542,"PE_TTM_SQ":0.522364892284,"PB_TTM_SQ":-0.291268767764,"ROA_SQ":-62.680396176195,"START_DATE":"2021-01-01 00:00:00","FISCAL_YEAR":"12-31","CURRENCY":"HKD","IS_CNY_CODE":0,"DPS_HKD_LY":null,"ORG_TYPE":"一般企业","PREMIUM_INCOME":null,"PREMIUM_INCOME_YOY":null,"NET_INTEREST_INCOME":null,"NET_INTEREST_INCOME_YOY":null,"FEE_COMMISSION_INCOME":null,"FEE_COMMISSION_INCOME_YOY":null,"ACCOUNTS_RECE_TDAYS":null,"INVENTORY_TDAYS":0.426371891038,"CURRENT_ASSETS_TDAYS":0.155247713935,"TOTAL_ASSETS_TDAYS":0.028100469988,"PREMIUM_EXPENSE":null,"LOAN_DEPOSIT":null,"LOAN_EQUITY":null,"LOAN_ASSETS":null,"DEPOSIT_EQUITY":null,"DEPOSIT_ASSETS":null,"EQUITY_MULTIPLIER":-0.222841748337,"EQUITY_RATIO":-1.286026364899},{"SECUCODE":"01185.HK","SECURITY_CODE":"01185","SECURITY_NAME_ABBR":"中国航天万源","ORG_CODE":"10010535","STD_REPORT_DATE":"2021-06-30 00:00:00","REPORT_DATE":"2021-06-30 00:00:00","DATE_TYPE_CODE":"002","REPORT_TYPE":"2021年中报","PER_NETCASH_OPERATE":-0.001345727423,"PER_OI":null,"BPS":-0.299373120202,"BASIC_EPS":-0.000499248,"DILUTED_EPS":-0.000499248,"OPERATE_INCOME":null,"OPERATE_INCOME_YOY":null,"GROSS_PROFIT":null,"GROSS_PROFIT_YOY":null,"HOLDER_PROFIT":-2258265.12,"HOLDER_PROFIT_YOY":95.3651997199,"GROSS_PROFIT_RATIO":null,"EPS_TTM":-0.192733573523,"OPERATE_INCOME_QOQ":-53.557878556284,"NET_PROFIT_RATIO":null,"ROE_AVG":0.173794548461,"GROSS_PROFIT_QOQ":-83.430889042011,"ROA":-1.060102416674,"HOLDER_PROFIT_QOQ":5.735034416293,"ROE_YEARLY":0.347589096922,"ROIC_YEARLY":-1.269133152596,"TOTAL_ASSETS":214193201.52,"TOTAL_LIABILITIES":1665824160,"TAX_EBT":-42.140992167102,"OCF_SALES":null,"TOTAL_PARENT_EQUITY":-1307959865.28,"DEBT_ASSET_RATIO":777.7203702912,"OPERATE_PROFIT":-6039236.64,"PRETAX_PROFIT":-1593433.2,"NETCASH_OPERATE":-5879477.28,"NETCASH_INVEST":null,"NETCASH_FINANCE":-535859.52,"END_CASH":10273691.76,"DIVI_RATIO":null,"DIVIDEND_RATE":null,"CURRENT_RATIO":0.010504681777,"COMMON_ACS":10000000000,"CURRENTDEBT_DEBT":99.888861138861,"ISSUED_COMMON_SHARES":4368995668,"HK_COMMON_SHARES":4368995668,"PER_SHARES":2000,"TOTAL_MARKET_CAP":174759826.72,"HKSK_MARKET_CAP":174759826.72,"PE_TTM":0.321455318329,"PB_TTM":-0.179242318624,"REPORT_DATE_SQ":"2020-06-30 00:00:00","REPORT_TYPE_SQ":"2020年中报","OPERATE_INCOME_SQ":11787943.2,"DPS_HKD":null,"OPERATE_INCOME_QOQ_SQ":-17.932129377511,"NET_PROFIT_RATIO_SQ":-426.3744212963,"HOLDER_PROFIT_SQ":-53488306.08,"HOLDER_PROFIT_QOQ_SQ":13.700104704006,"ROE_AVG_SQ":13.998603892844,"PE_TTM_SQ":0.522364892284,"PB_TTM_SQ":-0.291268767764,"ROA_SQ":-1.894453231687,"START_DATE":"2021-01-01 00:00:00","FISCAL_YEAR":"12-31","CURRENCY":"HKD","IS_CNY_CODE":0,"DPS_HKD_LY":null,"ORG_TYPE":"一般企业","PREMIUM_INCOME":null,"PREMIUM_INCOME_YOY":null,"NET_INTEREST_INCOME":null,"NET_INTEREST_INCOME_YOY":null,"FEE_COMMISSION_INCOME":null,"FEE_COMMISSION_INCOME_YOY":null,"ACCOUNTS_RECE_TDAYS":null,"INVENTORY_TDAYS":null,"CURRENT_ASSETS_TDAYS":null,"TOTAL_ASSETS_TDAYS":null,"PREMIUM_EXPENSE":null,"LOAN_DEPOSIT":null,"LOAN_EQUITY":null,"LOAN_ASSETS":null,"DEPOSIT_EQUITY":null,"DEPOSIT_ASSETS":null,"EQUITY_MULTIPLIER":-0.147553481323,"EQUITY_RATIO":-1.273604950901},{"SECUCODE":"01185.HK","SECURITY_CODE":"01185","SECURITY_NAME_ABBR":"中国航天万源","ORG_CODE":"10010535","STD_REPORT_DATE":"2020-12-31 00:00:00","REPORT_DATE":"2020-12-31 00:00:00","DATE_TYPE_CODE":"001","REPORT_TYPE":"2020年年报","PER_NETCASH_OPERATE":-0.018214232672,"PER_OI":0.005037708735,"BPS":-0.298843562891,"BASIC_EPS":-0.204434356,"DILUTED_EPS":null,"OPERATE_INCOME":22009727.64,"OPERATE_INCOME_YOY":0.6892037579,"GROSS_PROFIT":3741089.8,"GROSS_PROFIT_YOY":9.128530972183,"HOLDER_PROFIT":-893282188.76,"HOLDER_PROFIT_YOY":-1.535722554,"GROSS_PROFIT_RATIO":16.997437956484,"EPS_TTM":-0.204459389901,"OPERATE_INCOME_QOQ":-21.844058379806,"NET_PROFIT_RATIO":-4678.4635386792,"ROE_AVG":109.233207601542,"GROSS_PROFIT_QOQ":212.191005841667,"ROA":-62.680396176195,"HOLDER_PROFIT_QOQ":-10.543599231883,"ROE_YEARLY":109.233207601542,"ROIC_YEARLY":-61.745635271884,"TOTAL_ASSETS":214287435.48,"TOTAL_LIABILITIES":1663598248.6,"TAX_EBT":-0.465967907037,"OCF_SALES":-361.557875415854,"TOTAL_PARENT_EQUITY":-1305646231.68,"DEBT_ASSET_RATIO":776.3396136006,"OPERATE_PROFIT":-297674601.76,"PRETAX_PROFIT":-291884960.2,"NETCASH_OPERATE":-79577903.64,"NETCASH_INVEST":26900497.68,"NETCASH_FINANCE":11127322.44,"END_CASH":16795767.84,"DIVI_RATIO":null,"DIVIDEND_RATE":null,"CURRENT_RATIO":0.014986353251,"COMMON_ACS":10000000000,"CURRENTDEBT_DEBT":99.891127002477,"ISSUED_COMMON_SHARES":4368995668,"HK_COMMON_SHARES":4368995668,"PER_SHARES":2000,"TOTAL_MARKET_CAP":174759826.72,"HKSK_MARKET_CAP":174759826.72,"PE_TTM":0.321455318329,"PB_TTM":-0.179242318624,"REPORT_DATE_SQ":"2019-12-31 00:00:00","REPORT_TYPE_SQ":"2019年年报","OPERATE_INCOME_SQ":23265198.16,"DPS_HKD":null,"OPERATE_INCOME_QOQ_SQ":-52.617073013087,"NET_PROFIT_RATIO_SQ":-2755.3162607356,"HOLDER_PROFIT_SQ":-936364208.68,"HOLDER_PROFIT_QOQ_SQ":21.773194177957,"ROE_AVG_SQ":-810.079240530853,"PE_TTM_SQ":0.522364892284,"PB_TTM_SQ":-0.291268767764,"ROA_SQ":-28.227112319256,"START_DATE":"2020-01-01 00:00:00","FISCAL_YEAR":"12-31","CURRENCY":"HKD","IS_CNY_CODE":0,"DPS_HKD_LY":null,"ORG_TYPE":"一般企业","PREMIUM_INCOME":null,"PREMIUM_INCOME_YOY":null,"NET_INTEREST_INCOME":null,"NET_INTEREST_INCOME_YOY":null,"FEE_COMMISSION_INCOME":null,"FEE_COMMISSION_INCOME_YOY":null,"ACCOUNTS_RECE_TDAYS":0.04821180674,"INVENTORY_TDAYS":null,"CURRENT_ASSETS_TDAYS":0.032109553854,"TOTAL_ASSETS_TDAYS":0.015443926517,"PREMIUM_EXPENSE":null,"LOAN_DEPOSIT":null,"LOAN_EQUITY":null,"LOAN_ASSETS":null,"DEPOSIT_EQUITY":null,"DEPOSIT_ASSETS":null,"EQUITY_MULTIPLIER":-0.147854713799,"EQUITY_RATIO":-1.274156971647},{"SECUCODE":"01185.HK","SECURITY_CODE":"01185","SECURITY_NAME_ABBR":"中国航天万源","ORG_CODE":"10010535","STD_REPORT_DATE":"2020-06-30 00:00:00","REPORT_DATE":"2020-06-30 00:00:00","DATE_TYPE_CODE":"002","REPORT_TYPE":"2020年中报","PER_NETCASH_OPERATE":-0.003159514527,"PER_OI":0.002698089926,"BPS":-0.092961062867,"BASIC_EPS":-0.012240096,"DILUTED_EPS":null,"OPERATE_INCOME":11787943.2,"OPERATE_INCOME_YOY":-35.2505854801,"GROSS_PROFIT":3121224.48,"GROSS_PROFIT_YOY":-22.205286077947,"HOLDER_PROFIT":-53488306.08,"HOLDER_PROFIT_YOY":71.6620369922,"GROSS_PROFIT_RATIO":23.625578703704,"EPS_TTM":-0.184958144408,"OPERATE_INCOME_QOQ":-17.932129377511,"NET_PROFIT_RATIO":-426.3744212963,"ROE_AVG":13.998603892844,"GROSS_PROFIT_QOQ":-44.620609320647,"ROA":-1.894453231687,"HOLDER_PROFIT_QOQ":13.700104704006,"ROE_YEARLY":27.997207785688,"ROIC_YEARLY":-3.88972632188,"TOTAL_ASSETS":2785969164,"TOTAL_LIABILITIES":3154841812.32,"TAX_EBT":-41.970911249629,"OCF_SALES":-109.31712962963,"TOTAL_PARENT_EQUITY":-406146480.96,"DEBT_ASSET_RATIO":113.2403708227,"OPERATE_PROFIT":-7537706.88,"PRETAX_PROFIT":-3077379.36,"NETCASH_OPERATE":-13803905.28,"NETCASH_INVEST":10045099.68,"NETCASH_FINANCE":17127913.44,"END_CASH":84527910.72,"DIVI_RATIO":null,"DIVIDEND_RATE":null,"CURRENT_RATIO":0.537868591743,"COMMON_ACS":10000000000,"CURRENTDEBT_DEBT":90.718636818603,"ISSUED_COMMON_SHARES":4368995668,"HK_COMMON_SHARES":4368995668,"PER_SHARES":2000,"TOTAL_MARKET_CAP":174759826.72,"HKSK_MARKET_CAP":174759826.72,"PE_TTM":0.321455318329,"PB_TTM":-0.179242318624,"REPORT_DATE_SQ":"2019-06-30 00:00:00","REPORT_TYPE_SQ":"2019年中报","OPERATE_INCOME_SQ":18780741,"DPS_HKD":null,"OPERATE_INCOME_QOQ_SQ":9.098840829489,"NET_PROFIT_RATIO_SQ":-972.0796252927,"HOLDER_PROFIT_SQ":-181771183.08,"HOLDER_PROFIT_QOQ_SQ":-3.452104812556,"ROE_AVG_SQ":-37.805351053086,"PE_TTM_SQ":0.522364892284,"PB_TTM_SQ":-0.291268767764,"ROA_SQ":-4.978663267535,"START_DATE":"2020-01-01 00:00:00","FISCAL_YEAR":"12-31","CURRENCY":"HKD","IS_CNY_CODE":0,"DPS_HKD_LY":null,"ORG_TYPE":"一般企业","PREMIUM_INCOME":null,"PREMIUM_INCOME_YOY":null,"NET_INTEREST_INCOME":null,"NET_INTEREST_INCOME_YOY":null,"FEE_COMMISSION_INCOME":null,"FEE_COMMISSION_INCOME_YOY":null,"ACCOUNTS_RECE_TDAYS":0.011982803447,"INVENTORY_TDAYS":0.221003495698,"CURRENT_ASSETS_TDAYS":0.008417606828,"TOTAL_ASSETS_TDAYS":0.004472381009,"PREMIUM_EXPENSE":null,"LOAN_DEPOSIT":null,"LOAN_EQUITY":null,"LOAN_ASSETS":null,"DEPOSIT_EQUITY":null,"DEPOSIT_ASSETS":null,"EQUITY_MULTIPLIER":-7.55265855761,"EQUITY_RATIO":-7.767743807266},{"SECUCODE":"01185.HK","SECURITY_CODE":"01185","SECURITY_NAME_ABBR":"中国航天万源","ORG_CODE":"10010535","STD_REPORT_DATE":"2019-12-31 00:00:00","REPORT_DATE":"2019-12-31 00:00:00","DATE_TYPE_CODE":"001","REPORT_TYPE":"2019年年报","PER_NETCASH_OPERATE":-0.03346866213,"PER_OI":0.005325067802,"BPS":-0.080367681619,"BASIC_EPS":-0.214360154,"DILUTED_EPS":null,"OPERATE_INCOME":23265198.16,"OPERATE_INCOME_YOY":-35.200284187,"GROSS_PROFIT":3428150.06,"GROSS_PROFIT_YOY":-34.342674255974,"HOLDER_PROFIT":-936364208.68,"HOLDER_PROFIT_YOY":20.8416349558,"GROSS_PROFIT_RATIO":-6.719398543347,"EPS_TTM":-0.214320241958,"OPERATE_INCOME_QOQ":-52.617073013087,"NET_PROFIT_RATIO":-2755.3162607356,"ROE_AVG":-810.079240530853,"GROSS_PROFIT_QOQ":-122.052222856966,"ROA":-28.227112319256,"HOLDER_PROFIT_QOQ":21.773194177957,"ROE_YEARLY":-810.079240530853,"ROIC_YEARLY":-28.90034180893,"TOTAL_ASSETS":2805553399.26,"TOTAL_LIABILITIES":3119781378.12,"TAX_EBT":-2.957749772031,"OCF_SALES":-426.128383846294,"TOTAL_PARENT_EQUITY":-351126052.84,"DEBT_ASSET_RATIO":111.2002137954,"OPERATE_PROFIT":-32683429.08,"PRETAX_PROFIT":-38311614.82,"NETCASH_OPERATE":-146224439.86,"NETCASH_INVEST":191923552.34,"NETCASH_FINANCE":-61639517.58,"END_CASH":70074182.06,"DIVI_RATIO":null,"DIVIDEND_RATE":null,"CURRENT_RATIO":0.682859959719,"COMMON_ACS":10000000000,"CURRENTDEBT_DEBT":67.246179316713,"ISSUED_COMMON_SHARES":4368995668,"HK_COMMON_SHARES":4368995668,"PER_SHARES":2000,"TOTAL_MARKET_CAP":174759826.72,"HKSK_MARKET_CAP":174759826.72,"PE_TTM":0.321455318329,"PB_TTM":-0.179242318624,"REPORT_DATE_SQ":"2018-12-31 00:00:00","REPORT_TYPE_SQ":"2018年年报","OPERATE_INCOME_SQ":51797439.2,"DPS_HKD":null,"OPERATE_INCOME_QOQ_SQ":-71.834663499752,"NET_PROFIT_RATIO_SQ":-1755.7597117174,"HOLDER_PROFIT_SQ":-1157044005,"HOLDER_PROFIT_QOQ_SQ":-292.689967418349,"ROE_AVG_SQ":-98.393104491424,"PE_TTM_SQ":0.522364892284,"PB_TTM_SQ":-0.291268767764,"ROA_SQ":-26.097076718321,"START_DATE":"2019-01-01 00:00:00","FISCAL_YEAR":"12-31","CURRENCY":"HKD","IS_CNY_CODE":0,"DPS_HKD_LY":null,"ORG_TYPE":"一般企业","PREMIUM_INCOME":null,"PREMIUM_INCOME_YOY":null,"NET_INTEREST_INCOME":null,"NET_INTEREST_INCOME_YOY":null,"FEE_COMMISSION_INCOME":null,"FEE_COMMISSION_INCOME_YOY":null,"ACCOUNTS_RECE_TDAYS":0.018288511622,"INVENTORY_TDAYS":0.684424205389,"CURRENT_ASSETS_TDAYS":0.018666745933,"TOTAL_ASSETS_TDAYS":0.010344301014,"PREMIUM_EXPENSE":null,"LOAN_DEPOSIT":null,"LOAN_EQUITY":null,"LOAN_ASSETS":null,"DEPOSIT_EQUITY":null,"DEPOSIT_ASSETS":null,"EQUITY_MULTIPLIER":-8.928400995441,"EQUITY_RATIO":-8.885075182791},{"SECUCODE":"01185.HK","SECURITY_CODE":"01185","SECURITY_NAME_ABBR":"中国航天万源","ORG_CODE":"10010535","STD_REPORT_DATE":"2019-06-30 00:00:00","REPORT_DATE":"2019-06-30 00:00:00","DATE_TYPE_CODE":"002","REPORT_TYPE":"2019年中报","PER_NETCASH_OPERATE":-0.015955304605,"PER_OI":0.004298640335,"BPS":0.089217424443,"BASIC_EPS":-0.041607918,"DILUTED_EPS":null,"OPERATE_INCOME":18780741,"OPERATE_INCOME_YOY":41.2784542086,"GROSS_PROFIT":4012129.26,"GROSS_PROFIT_YOY":371.63351682797,"HOLDER_PROFIT":-181771183.08,"HOLDER_PROFIT_YOY":-22.8357596761,"GROSS_PROFIT_RATIO":21.36299765808,"EPS_TTM":-0.273972891653,"OPERATE_INCOME_QOQ":9.098840829489,"NET_PROFIT_RATIO":-972.0796252927,"ROE_AVG":-37.805351053086,"GROSS_PROFIT_QOQ":43.340871480931,"ROA":-4.978663267535,"HOLDER_PROFIT_QOQ":-3.452104812556,"ROE_YEARLY":-75.610702106172,"ROIC_YEARLY":-10.085042120857,"TOTAL_ASSETS":3541962425.58,"TOTAL_LIABILITIES":3106413730.8,"TAX_EBT":-0.952027150404,"OCF_SALES":-371.170960187354,"TOTAL_PARENT_EQUITY":389790540.9,"DEBT_ASSET_RATIO":87.703181388,"OPERATE_PROFIT":-110799334.62,"PRETAX_PROFIT":-139706721.54,"NETCASH_OPERATE":-69708656.7,"NETCASH_INVEST":157764382.02,"NETCASH_FINANCE":-37854408.78,"END_CASH":126921743.1,"DIVI_RATIO":null,"DIVIDEND_RATE":null,"CURRENT_RATIO":1.227798704789,"COMMON_ACS":10000000000,"CURRENTDEBT_DEBT":52.261948586672,"ISSUED_COMMON_SHARES":4368995668,"HK_COMMON_SHARES":4368995668,"PER_SHARES":2000,"TOTAL_MARKET_CAP":174759826.72,"HKSK_MARKET_CAP":174759826.72,"PE_TTM":0.321455318329,"PB_TTM":-0.179242318624,"REPORT_DATE_SQ":"2018-06-30 00:00:00","REPORT_TYPE_SQ":"2018年中报","OPERATE_INCOME_SQ":12740927.2,"DPS_HKD":null,"OPERATE_INCOME_QOQ_SQ":-0.504596699073,"NET_PROFIT_RATIO_SQ":-1126.071995765,"HOLDER_PROFIT_SQ":-141828811.3,"HOLDER_PROFIT_QOQ_SQ":-48.666343266953,"ROE_AVG_SQ":-8.664553532615,"PE_TTM_SQ":0.522364892284,"PB_TTM_SQ":-0.291268767764,"ROA_SQ":-2.912475289762,"START_DATE":"2019-01-01 00:00:00","FISCAL_YEAR":"12-31","CURRENCY":"HKD","IS_CNY_CODE":0,"DPS_HKD_LY":null,"ORG_TYPE":"一般企业","PREMIUM_INCOME":null,"PREMIUM_INCOME_YOY":null,"NET_INTEREST_INCOME":null,"NET_INTEREST_INCOME_YOY":null,"FEE_COMMISSION_INCOME":null,"FEE_COMMISSION_INCOME_YOY":null,"ACCOUNTS_RECE_TDAYS":0.013209557409,"INVENTORY_TDAYS":0.202460054266,"CURRENT_ASSETS_TDAYS":0.008949870038,"TOTAL_ASSETS_TDAYS":0.005143993881,"PREMIUM_EXPENSE":null,"LOAN_DEPOSIT":null,"LOAN_EQUITY":null,"LOAN_ASSETS":null,"DEPOSIT_EQUITY":null,"DEPOSIT_ASSETS":null,"EQUITY_MULTIPLIER":8.132184685754,"EQUITY_RATIO":7.969443598163}],"count":47},"success":true,"message":"ok","code":0}