{"version":"de02a6d588ee9385199d3f247e40526b","result":{"pages":8,"data":[{"SECUCODE":"01186.HK","SECURITY_CODE":"01186","SECURITY_NAME_ABBR":"中国铁建","ORG_CODE":"10124805","STD_REPORT_DATE":"2024-09-30 00:00:00","REPORT_DATE":"2024-09-30 00:00:00","DATE_TYPE_CODE":"004","REPORT_TYPE":"2024年三季报","PER_NETCASH_OPERATE":-6.555302474682,"PER_OI":55.828476977665,"BPS":19.054654901272,"BASIC_EPS":1.02,"DILUTED_EPS":1.02,"OPERATE_INCOME":758125120000,"OPERATE_INCOME_YOY":-5.9938352177,"GROSS_PROFIT":69433487000,"GROSS_PROFIT_YOY":-6.062728735678,"HOLDER_PROFIT":15695439000,"HOLDER_PROFIT_YOY":-19.1770814345,"GROSS_PROFIT_RATIO":9.158578863605,"EPS_TTM":1.647542371,"OPERATE_INCOME_QOQ":-2.103623089229,"NET_PROFIT_RATIO":2.6329577366,"ROE_AVG":4.968827211391,"GROSS_PROFIT_QOQ":-2.866358022929,"ROA":0.903778297386,"HOLDER_PROFIT_QOQ":-8.121588702072,"ROE_YEARLY":6.625102948521,"ROIC_YEARLY":1.067701933205,"TOTAL_ASSETS":1810274491000,"TOTAL_LIABILITIES":1390869852000,"TAX_EBT":15.976751946907,"OCF_SALES":-11.741861554462,"TOTAL_PARENT_EQUITY":321918764000,"DEBT_ASSET_RATIO":76.8319864703,"OPERATE_PROFIT":29824347000,"PRETAX_PROFIT":23756656000,"NETCASH_OPERATE":-89018002000,"NETCASH_INVEST":-36708088000,"NETCASH_FINANCE":116773433000,"END_CASH":142629266000,"DIVI_RATIO":0.211326719196,"DIVIDEND_RATE":7.249056603774,"CURRENT_RATIO":1.044266546494,"COMMON_ACS":null,"CURRENTDEBT_DEBT":78.427252516219,"ISSUED_COMMON_SHARES":13579541500,"HK_COMMON_SHARES":2076296000,"PER_SHARES":500,"TOTAL_MARKET_CAP":71971569950,"HKSK_MARKET_CAP":11004368800,"PE_TTM":2.874303136061,"PB_TTM":0.25083041518,"REPORT_DATE_SQ":"2023-09-30 00:00:00","REPORT_TYPE_SQ":"2023年三季报","OPERATE_INCOME_SQ":806463195000,"DPS_HKD":0.3842,"OPERATE_INCOME_QOQ_SQ":0.681772214093,"NET_PROFIT_RATIO_SQ":2.9018493522,"HOLDER_PROFIT_SQ":19419540000,"HOLDER_PROFIT_QOQ_SQ":1.839620203879,"ROE_AVG_SQ":6.49089601358,"PE_TTM_SQ":2.1152628804,"PB_TTM_SQ":0.239840645337,"ROA_SQ":1.211594771309,"START_DATE":"2024-01-01 00:00:00","FISCAL_YEAR":"12-31","CURRENCY":"HKD","IS_CNY_CODE":0,"DPS_HKD_LY":0.3842,"ORG_TYPE":"一般企业","PREMIUM_INCOME":null,"PREMIUM_INCOME_YOY":null,"NET_INTEREST_INCOME":null,"NET_INTEREST_INCOME_YOY":null,"FEE_COMMISSION_INCOME":null,"FEE_COMMISSION_INCOME_YOY":null,"ACCOUNTS_RECE_TDAYS":4.101963324187,"INVENTORY_TDAYS":2.195384529683,"CURRENT_ASSETS_TDAYS":0.687997368959,"TOTAL_ASSETS_TDAYS":0.436545311131,"PREMIUM_EXPENSE":null,"LOAN_DEPOSIT":null,"LOAN_EQUITY":null,"LOAN_ASSETS":null,"DEPOSIT_EQUITY":null,"DEPOSIT_ASSETS":null,"EQUITY_MULTIPLIER":4.316295821901,"EQUITY_RATIO":4.320561606033},{"SECUCODE":"01186.HK","SECURITY_CODE":"01186","SECURITY_NAME_ABBR":"中国铁建","ORG_CODE":"10124805","STD_REPORT_DATE":"2024-06-30 00:00:00","REPORT_DATE":"2024-06-30 00:00:00","DATE_TYPE_CODE":"002","REPORT_TYPE":"2024年中报","PER_NETCASH_OPERATE":-6.014656901339,"PER_OI":38.008405364791,"BPS":18.846859962098,"BASIC_EPS":0.79,"DILUTED_EPS":0.79,"OPERATE_INCOME":516136718000,"OPERATE_INCOME_YOY":-4.6063788516,"GROSS_PROFIT":47066477000,"GROSS_PROFIT_YOY":-2.328797290086,"HOLDER_PROFIT":11902158000,"HOLDER_PROFIT_YOY":-12.7958231644,"GROSS_PROFIT_RATIO":9.118994126669,"EPS_TTM":1.793176816758,"OPERATE_INCOME_QOQ":-2.311166730222,"NET_PROFIT_RATIO":2.8981193312,"ROE_AVG":3.799985346848,"GROSS_PROFIT_QOQ":-1.084059179,"ROA":0.698307009546,"HOLDER_PROFIT_QOQ":-7.108908611305,"ROE_YEARLY":7.599970693696,"ROIC_YEARLY":1.65396645241,"TOTAL_ASSETS":1745841521000,"TOTAL_LIABILITIES":1331784845000,"TAX_EBT":16.252013601003,"OCF_SALES":-15.824544185985,"TOTAL_PARENT_EQUITY":316594267000,"DEBT_ASSET_RATIO":76.2832610509,"OPERATE_PROFIT":20819528000,"PRETAX_PROFIT":17861036000,"NETCASH_OPERATE":-81676283000,"NETCASH_INVEST":-20978389000,"NETCASH_FINANCE":95331937000,"END_CASH":144764368000,"DIVI_RATIO":0.194163632245,"DIVIDEND_RATE":7.075506445672,"CURRENT_RATIO":1.051321284936,"COMMON_ACS":null,"CURRENTDEBT_DEBT":78.991721143966,"ISSUED_COMMON_SHARES":13579541500,"HK_COMMON_SHARES":2076296000,"PER_SHARES":500,"TOTAL_MARKET_CAP":73736910345,"HKSK_MARKET_CAP":11274287280,"PE_TTM":2.944804911097,"PB_TTM":0.256982859326,"REPORT_DATE_SQ":"2023-06-30 00:00:00","REPORT_TYPE_SQ":"2023年中报","OPERATE_INCOME_SQ":541059991000,"DPS_HKD":0.3842,"OPERATE_INCOME_QOQ_SQ":-0.768725335528,"NET_PROFIT_RATIO_SQ":3.0480128404,"HOLDER_PROFIT_SQ":13648610000,"HOLDER_PROFIT_QOQ_SQ":-0.476257035831,"ROE_AVG_SQ":4.604206360731,"PE_TTM_SQ":1.985023764622,"PB_TTM_SQ":0.22507338692,"ROA_SQ":0.86083505539,"START_DATE":"2024-01-01 00:00:00","FISCAL_YEAR":"12-31","CURRENCY":"HKD","IS_CNY_CODE":0,"DPS_HKD_LY":0.3842,"ORG_TYPE":"一般企业","PREMIUM_INCOME":null,"PREMIUM_INCOME_YOY":null,"NET_INTEREST_INCOME":null,"NET_INTEREST_INCOME_YOY":null,"FEE_COMMISSION_INCOME":null,"FEE_COMMISSION_INCOME_YOY":null,"ACCOUNTS_RECE_TDAYS":2.990492278462,"INVENTORY_TDAYS":1.509021821478,"CURRENT_ASSETS_TDAYS":0.475539356747,"TOTAL_ASSETS_TDAYS":0.302820621322,"PREMIUM_EXPENSE":null,"LOAN_DEPOSIT":null,"LOAN_EQUITY":null,"LOAN_ASSETS":null,"DEPOSIT_EQUITY":null,"DEPOSIT_ASSETS":null,"EQUITY_MULTIPLIER":4.216431281493,"EQUITY_RATIO":4.206598109371},{"SECUCODE":"01186.HK","SECURITY_CODE":"01186","SECURITY_NAME_ABBR":"中国铁建","ORG_CODE":"10124805","STD_REPORT_DATE":"2024-03-31 00:00:00","REPORT_DATE":"2024-03-31 00:00:00","DATE_TYPE_CODE":"003","REPORT_TYPE":"2024年一季报","PER_NETCASH_OPERATE":-3.431184329751,"PER_OI":20.247280955694,"BPS":18.858290760406,"BASIC_EPS":0.399,"DILUTED_EPS":0.399,"OPERATE_INCOME":274948792000,"OPERATE_INCOME_YOY":0.5155569574,"GROSS_PROFIT":21413612000,"GROSS_PROFIT_YOY":0.762745548941,"HOLDER_PROFIT":6025004000,"HOLDER_PROFIT_YOY":1.981762457,"GROSS_PROFIT_RATIO":7.788218251201,"EPS_TTM":1.93040773873,"OPERATE_INCOME_QOQ":0.123923995818,"NET_PROFIT_RATIO":2.5794777814,"ROE_AVG":1.92680546137,"GROSS_PROFIT_QOQ":0.137008238092,"ROA":0.357341356322,"HOLDER_PROFIT_QOQ":0.448638273001,"ROE_YEARLY":7.707221845481,"ROIC_YEARLY":1.693149371704,"TOTAL_ASSETS":1709108441000,"TOTAL_LIABILITIES":1291646260000,"TAX_EBT":17.866237498105,"OCF_SALES":-16.946395603731,"TOTAL_PARENT_EQUITY":315550372000,"DEBT_ASSET_RATIO":75.5742718844,"OPERATE_PROFIT":10046829000,"PRETAX_PROFIT":8634991000,"NETCASH_OPERATE":-46593910000,"NETCASH_INVEST":-13670662000,"NETCASH_FINANCE":43496575000,"END_CASH":135481344000,"DIVI_RATIO":0.180360717073,"DIVIDEND_RATE":6.897666068223,"CURRENT_RATIO":1.068664911451,"COMMON_ACS":null,"CURRENTDEBT_DEBT":80.027591532685,"ISSUED_COMMON_SHARES":13579541500,"HK_COMMON_SHARES":2076296000,"PER_SHARES":500,"TOTAL_MARKET_CAP":75638046155,"HKSK_MARKET_CAP":11564968720,"PE_TTM":3.020729899596,"PB_TTM":0.263608568406,"REPORT_DATE_SQ":"2023-03-31 00:00:00","REPORT_TYPE_SQ":"2023年一季报","OPERATE_INCOME_SQ":273538545000,"DPS_HKD":0.3842,"OPERATE_INCOME_QOQ_SQ":0.826474291485,"NET_PROFIT_RATIO_SQ":2.5215883195,"HOLDER_PROFIT_SQ":5907923000,"HOLDER_PROFIT_QOQ_SQ":1.076687140283,"ROE_AVG_SQ":2.016586166351,"PE_TTM_SQ":1.989514768614,"PB_TTM_SQ":0.225582602727,"ROA_SQ":0.379235909613,"START_DATE":"2024-01-01 00:00:00","FISCAL_YEAR":"12-31","CURRENCY":"HKD","IS_CNY_CODE":0,"DPS_HKD_LY":0.3842,"ORG_TYPE":"一般企业","PREMIUM_INCOME":null,"PREMIUM_INCOME_YOY":null,"NET_INTEREST_INCOME":null,"NET_INTEREST_INCOME_YOY":null,"FEE_COMMISSION_INCOME":null,"FEE_COMMISSION_INCOME_YOY":null,"ACCOUNTS_RECE_TDAYS":1.595964798161,"INVENTORY_TDAYS":0.806272675161,"CURRENT_ASSETS_TDAYS":0.253478747193,"TOTAL_ASSETS_TDAYS":0.163071384272,"PREMIUM_EXPENSE":null,"LOAN_DEPOSIT":null,"LOAN_EQUITY":null,"LOAN_ASSETS":null,"DEPOSIT_EQUITY":null,"DEPOSIT_ASSETS":null,"EQUITY_MULTIPLIER":4.094043769206,"EQUITY_RATIO":4.093312430004},{"SECUCODE":"01186.HK","SECURITY_CODE":"01186","SECURITY_NAME_ABBR":"中国铁建","ORG_CODE":"10124805","STD_REPORT_DATE":"2023-12-31 00:00:00","REPORT_DATE":"2023-12-31 00:00:00","DATE_TYPE_CODE":"001","REPORT_TYPE":"2023年年报","PER_NETCASH_OPERATE":1.503147068699,"PER_OI":83.802055172481,"BPS":18.437595039567,"BASIC_EPS":1.73,"DILUTED_EPS":1.73,"OPERATE_INCOME":1137993486000,"OPERATE_INCOME_YOY":3.8018908885,"GROSS_PROFIT":118310404000,"GROSS_PROFIT_YOY":7.005107837147,"HOLDER_PROFIT":26096971000,"HOLDER_PROFIT_YOY":-2.1881843405,"GROSS_PROFIT_RATIO":10.396404325288,"EPS_TTM":1.921785871784,"OPERATE_INCOME_QOQ":3.046029452488,"NET_PROFIT_RATIO":2.8408536075,"ROE_AVG":8.695576507967,"GROSS_PROFIT_QOQ":3.01715501879,"ROA":1.637728992815,"HOLDER_PROFIT_QOQ":-4.38472563255,"ROE_YEARLY":8.695576507967,"ROIC_YEARLY":1.963083173053,"TOTAL_ASSETS":1663019578000,"TOTAL_LIABILITIES":1245899805000,"TAX_EBT":16.738944979921,"OCF_SALES":1.793687595853,"TOTAL_PARENT_EQUITY":309837517000,"DEBT_ASSET_RATIO":74.917927695,"OPERATE_PROFIT":43489601000,"PRETAX_PROFIT":38828152000,"NETCASH_OPERATE":20412048000,"NETCASH_INVEST":-55909151000,"NETCASH_FINANCE":44591505000,"END_CASH":152637777000,"DIVI_RATIO":0.181169884279,"DIVIDEND_RATE":6.860714285714,"CURRENT_RATIO":1.066830346042,"COMMON_ACS":null,"CURRENTDEBT_DEBT":80.106958600897,"ISSUED_COMMON_SHARES":13579541500,"HK_COMMON_SHARES":2076296000,"PER_SHARES":500,"TOTAL_MARKET_CAP":76045432400,"HKSK_MARKET_CAP":11627257600,"PE_TTM":3.036999539989,"PB_TTM":0.265028363209,"REPORT_DATE_SQ":"2022-12-31 00:00:00","REPORT_TYPE_SQ":"2022年年报","OPERATE_INCOME_SQ":1096312867000,"DPS_HKD":0.3842,"OPERATE_INCOME_QOQ_SQ":1.233274878875,"NET_PROFIT_RATIO_SQ":2.8963244851,"HOLDER_PROFIT_SQ":26680796000,"HOLDER_PROFIT_QOQ_SQ":4.210729137705,"ROE_AVG_SQ":9.527397496331,"PE_TTM_SQ":2.052388824507,"PB_TTM_SQ":0.232711624032,"ROA_SQ":1.852125481574,"START_DATE":"2023-01-01 00:00:00","FISCAL_YEAR":"12-31","CURRENCY":"HKD","IS_CNY_CODE":0,"DPS_HKD_LY":0.3054,"ORG_TYPE":"一般企业","PREMIUM_INCOME":null,"PREMIUM_INCOME_YOY":null,"NET_INTEREST_INCOME":null,"NET_INTEREST_INCOME_YOY":null,"FEE_COMMISSION_INCOME":null,"FEE_COMMISSION_INCOME_YOY":null,"ACCOUNTS_RECE_TDAYS":7.22975659821,"INVENTORY_TDAYS":3.357195106208,"CURRENT_ASSETS_TDAYS":1.096964380518,"TOTAL_ASSETS_TDAYS":0.714153732882,"PREMIUM_EXPENSE":null,"LOAN_DEPOSIT":null,"LOAN_EQUITY":null,"LOAN_ASSETS":null,"DEPOSIT_EQUITY":null,"DEPOSIT_ASSETS":null,"EQUITY_MULTIPLIER":3.986911399664,"EQUITY_RATIO":4.021139263777},{"SECUCODE":"01186.HK","SECURITY_CODE":"01186","SECURITY_NAME_ABBR":"中国铁建","ORG_CODE":"10124805","STD_REPORT_DATE":"2023-09-30 00:00:00","REPORT_DATE":"2023-09-30 00:00:00","DATE_TYPE_CODE":"004","REPORT_TYPE":"2023年三季报","PER_NETCASH_OPERATE":-3.17997290262,"PER_OI":59.38810194733,"BPS":18.020453930643,"BASIC_EPS":1.29,"DILUTED_EPS":1.29,"OPERATE_INCOME":806463195000,"OPERATE_INCOME_YOY":1.0071941446,"GROSS_PROFIT":73914737000,"GROSS_PROFIT_YOY":6.146584797773,"HOLDER_PROFIT":19419540000,"HOLDER_PROFIT_YOY":3.4720545305,"GROSS_PROFIT_RATIO":9.165295757855,"EPS_TTM":2.009915135942,"OPERATE_INCOME_QOQ":0.681772214093,"NET_PROFIT_RATIO":2.9018493522,"ROE_AVG":6.49089601358,"GROSS_PROFIT_QOQ":2.621321125503,"ROA":1.211594771309,"HOLDER_PROFIT_QOQ":1.839620203879,"ROE_YEARLY":8.654528018107,"ROIC_YEARLY":1.442370674503,"TOTAL_ASSETS":1681665291000,"TOTAL_LIABILITIES":1271158242000,"TAX_EBT":15.502565250933,"OCF_SALES":-5.354562274848,"TOTAL_PARENT_EQUITY":307964343000,"DEBT_ASSET_RATIO":75.5892536287,"OPERATE_PROFIT":30281856000,"PRETAX_PROFIT":27695926000,"NETCASH_OPERATE":-43182574000,"NETCASH_INVEST":-39866460000,"NETCASH_FINANCE":77847835000,"END_CASH":138267382000,"DIVI_RATIO":0.173226081925,"DIVIDEND_RATE":6.897666068223,"CURRENT_RATIO":1.081561476575,"COMMON_ACS":null,"CURRENTDEBT_DEBT":80.986164820855,"ISSUED_COMMON_SHARES":13579541500,"HK_COMMON_SHARES":2076296000,"PER_SHARES":500,"TOTAL_MARKET_CAP":75638046155,"HKSK_MARKET_CAP":11564968720,"PE_TTM":3.020729899596,"PB_TTM":0.263608568406,"REPORT_DATE_SQ":"2022-09-30 00:00:00","REPORT_TYPE_SQ":"2022年三季报","OPERATE_INCOME_SQ":798421540000,"DPS_HKD":0.3842,"OPERATE_INCOME_QOQ_SQ":1.022879233686,"NET_PROFIT_RATIO_SQ":2.7857957089,"HOLDER_PROFIT_SQ":18767908000,"HOLDER_PROFIT_QOQ_SQ":-1.127678955889,"ROE_AVG_SQ":6.798134059724,"PE_TTM_SQ":1.989514768614,"PB_TTM_SQ":0.225582602727,"ROA_SQ":1.298054982788,"START_DATE":"2023-01-01 00:00:00","FISCAL_YEAR":"12-31","CURRENCY":"HKD","IS_CNY_CODE":0,"DPS_HKD_LY":0.3054,"ORG_TYPE":"一般企业","PREMIUM_INCOME":null,"PREMIUM_INCOME_YOY":null,"NET_INTEREST_INCOME":null,"NET_INTEREST_INCOME_YOY":null,"FEE_COMMISSION_INCOME":null,"FEE_COMMISSION_INCOME_YOY":null,"ACCOUNTS_RECE_TDAYS":4.873454363114,"INVENTORY_TDAYS":2.29578690907,"CURRENT_ASSETS_TDAYS":0.759567872204,"TOTAL_ASSETS_TDAYS":0.503156403455,"PREMIUM_EXPENSE":null,"LOAN_DEPOSIT":null,"LOAN_EQUITY":null,"LOAN_ASSETS":null,"DEPOSIT_EQUITY":null,"DEPOSIT_ASSETS":null,"EQUITY_MULTIPLIER":4.096556429654,"EQUITY_RATIO":4.127615001195},{"SECUCODE":"01186.HK","SECURITY_CODE":"01186","SECURITY_NAME_ABBR":"中国铁建","ORG_CODE":"10124805","STD_REPORT_DATE":"2023-06-30 00:00:00","REPORT_DATE":"2023-06-30 00:00:00","DATE_TYPE_CODE":"002","REPORT_TYPE":"2023年中报","PER_NETCASH_OPERATE":-1.424420478409,"PER_OI":39.84375989425,"BPS":17.67508218153,"BASIC_EPS":0.91,"DILUTED_EPS":0.91,"OPERATE_INCOME":541059991000,"OPERATE_INCOME_YOY":0.1042480321,"GROSS_PROFIT":48188694000,"GROSS_PROFIT_YOY":2.874725204534,"HOLDER_PROFIT":13648610000,"HOLDER_PROFIT_YOY":1.1756923216,"GROSS_PROFIT_RATIO":8.906349536386,"EPS_TTM":1.973608240013,"OPERATE_INCOME_QOQ":-0.768725335528,"NET_PROFIT_RATIO":3.0480128404,"ROE_AVG":4.604206360731,"GROSS_PROFIT_QOQ":-0.502191464265,"ROA":0.86083505539,"HOLDER_PROFIT_QOQ":-0.476257035831,"ROE_YEARLY":9.208412721463,"ROIC_YEARLY":2.061923644743,"TOTAL_ASSETS":1647065257000,"TOTAL_LIABILITIES":1246539745000,"TAX_EBT":16.36378444998,"OCF_SALES":-3.575015214902,"TOTAL_PARENT_EQUITY":302477646000,"DEBT_ASSET_RATIO":75.6824746137,"OPERATE_PROFIT":21316395000,"PRETAX_PROFIT":19718226000,"NETCASH_OPERATE":-19342977000,"NETCASH_INVEST":-28350429000,"NETCASH_FINANCE":60936418000,"END_CASH":157258879000,"DIVI_RATIO":0.176412783926,"DIVIDEND_RATE":7.075506445672,"CURRENT_RATIO":1.088679985352,"COMMON_ACS":null,"CURRENTDEBT_DEBT":81.240272447149,"ISSUED_COMMON_SHARES":13579541500,"HK_COMMON_SHARES":2076296000,"PER_SHARES":500,"TOTAL_MARKET_CAP":73736910345,"HKSK_MARKET_CAP":11274287280,"PE_TTM":2.944804911097,"PB_TTM":0.256982859326,"REPORT_DATE_SQ":"2022-06-30 00:00:00","REPORT_TYPE_SQ":"2022年中报","OPERATE_INCOME_SQ":540496534000,"DPS_HKD":0.3842,"OPERATE_INCOME_QOQ_SQ":2.042639408454,"NET_PROFIT_RATIO_SQ":2.9424488409,"HOLDER_PROFIT_SQ":13490009000,"HOLDER_PROFIT_QOQ_SQ":2.176098082041,"ROE_AVG_SQ":4.902770386279,"PE_TTM_SQ":1.985023764622,"PB_TTM_SQ":0.22507338692,"ROA_SQ":0.946479193501,"START_DATE":"2023-01-01 00:00:00","FISCAL_YEAR":"12-31","CURRENCY":"HKD","IS_CNY_CODE":0,"DPS_HKD_LY":0.3054,"ORG_TYPE":"一般企业","PREMIUM_INCOME":null,"PREMIUM_INCOME_YOY":null,"NET_INTEREST_INCOME":null,"NET_INTEREST_INCOME_YOY":null,"FEE_COMMISSION_INCOME":null,"FEE_COMMISSION_INCOME_YOY":null,"ACCOUNTS_RECE_TDAYS":3.269921117367,"INVENTORY_TDAYS":1.602133481497,"CURRENT_ASSETS_TDAYS":0.512234021443,"TOTAL_ASSETS_TDAYS":0.341253363765,"PREMIUM_EXPENSE":null,"LOAN_DEPOSIT":null,"LOAN_EQUITY":null,"LOAN_ASSETS":null,"DEPOSIT_EQUITY":null,"DEPOSIT_ASSETS":null,"EQUITY_MULTIPLIER":4.112260536853,"EQUITY_RATIO":4.121097084311},{"SECUCODE":"01186.HK","SECURITY_CODE":"01186","SECURITY_NAME_ABBR":"中国铁建","ORG_CODE":"10124805","STD_REPORT_DATE":"2023-03-31 00:00:00","REPORT_DATE":"2023-03-31 00:00:00","DATE_TYPE_CODE":"003","REPORT_TYPE":"2023年一季报","PER_NETCASH_OPERATE":-2.887843451857,"PER_OI":20.143430100346,"BPS":17.34781634564,"BASIC_EPS":0.389,"DILUTED_EPS":0.389,"OPERATE_INCOME":273538545000,"OPERATE_INCOME_YOY":3.4258996278,"GROSS_PROFIT":21251517000,"GROSS_PROFIT_YOY":9.883254403147,"HOLDER_PROFIT":5907923000,"HOLDER_PROFIT_YOY":5.1031556086,"GROSS_PROFIT_RATIO":7.769112393283,"EPS_TTM":1.983052667868,"OPERATE_INCOME_QOQ":0.826474291485,"NET_PROFIT_RATIO":2.5215883195,"ROE_AVG":2.016586166351,"GROSS_PROFIT_QOQ":1.728780955504,"ROA":0.379235909613,"HOLDER_PROFIT_QOQ":1.076687140283,"ROE_YEARLY":8.066344665405,"ROIC_YEARLY":1.811897485678,"TOTAL_ASSETS":1591747040000,"TOTAL_LIABILITIES":1201584317000,"TAX_EBT":19.010596524468,"OCF_SALES":-14.336403668448,"TOTAL_PARENT_EQUITY":295535069000,"DEBT_ASSET_RATIO":75.4883965105,"OPERATE_PROFIT":9655208000,"PRETAX_PROFIT":8516566000,"NETCASH_OPERATE":-39215590000,"NETCASH_INVEST":-15200506000,"NETCASH_FINANCE":51136949000,"END_CASH":141053627000,"DIVI_RATIO":0.17557260563,"DIVIDEND_RATE":6.897666068223,"CURRENT_RATIO":1.089324490465,"COMMON_ACS":null,"CURRENTDEBT_DEBT":81.144771382698,"ISSUED_COMMON_SHARES":13579541500,"HK_COMMON_SHARES":2076296000,"PER_SHARES":500,"TOTAL_MARKET_CAP":75638046155,"HKSK_MARKET_CAP":11564968720,"PE_TTM":3.020729899596,"PB_TTM":0.263608568406,"REPORT_DATE_SQ":"2022-03-31 00:00:00","REPORT_TYPE_SQ":"2022年一季报","OPERATE_INCOME_SQ":264477801000,"DPS_HKD":0.3842,"OPERATE_INCOME_QOQ_SQ":2.992427294199,"NET_PROFIT_RATIO_SQ":2.4353877625,"HOLDER_PROFIT_SQ":5621071000,"HOLDER_PROFIT_QOQ_SQ":2.49460562978,"ROE_AVG_SQ":2.072021644785,"PE_TTM_SQ":1.989514768614,"PB_TTM_SQ":0.225582602727,"ROA_SQ":0.40176606426,"START_DATE":"2023-01-01 00:00:00","FISCAL_YEAR":"12-31","CURRENCY":"HKD","IS_CNY_CODE":0,"DPS_HKD_LY":0.3054,"ORG_TYPE":"一般企业","PREMIUM_INCOME":null,"PREMIUM_INCOME_YOY":null,"NET_INTEREST_INCOME":null,"NET_INTEREST_INCOME_YOY":null,"FEE_COMMISSION_INCOME":null,"FEE_COMMISSION_INCOME_YOY":null,"ACCOUNTS_RECE_TDAYS":1.68518412783,"INVENTORY_TDAYS":0.825962981045,"CURRENT_ASSETS_TDAYS":0.264011881652,"TOTAL_ASSETS_TDAYS":0.175587323882,"PREMIUM_EXPENSE":null,"LOAN_DEPOSIT":null,"LOAN_EQUITY":null,"LOAN_ASSETS":null,"DEPOSIT_EQUITY":null,"DEPOSIT_ASSETS":null,"EQUITY_MULTIPLIER":4.079700458717,"EQUITY_RATIO":4.065792669093},{"SECUCODE":"01186.HK","SECURITY_CODE":"01186","SECURITY_NAME_ABBR":"中国铁建","ORG_CODE":"10124805","STD_REPORT_DATE":"2022-12-31 00:00:00","REPORT_DATE":"2022-12-31 00:00:00","DATE_TYPE_CODE":"001","REPORT_TYPE":"2022年年报","PER_NETCASH_OPERATE":4.133788464066,"PER_OI":80.732686519644,"BPS":16.97585341891,"BASIC_EPS":1.76,"DILUTED_EPS":1.76,"OPERATE_INCOME":1096312867000,"OPERATE_INCOME_YOY":7.4805810345,"GROSS_PROFIT":110565193000,"GROSS_PROFIT_YOY":12.956145906455,"HOLDER_PROFIT":26680796000,"HOLDER_PROFIT_YOY":7.9039856373,"GROSS_PROFIT_RATIO":10.085186111384,"EPS_TTM":1.961928832428,"OPERATE_INCOME_QOQ":1.233274878875,"NET_PROFIT_RATIO":2.8963244851,"ROE_AVG":9.527397496331,"GROSS_PROFIT_QOQ":5.733985175942,"ROA":1.852125481574,"HOLDER_PROFIT_QOQ":4.210729137705,"ROE_YEARLY":9.527397496331,"ROIC_YEARLY":2.203246671239,"TOTAL_ASSETS":1523913581000,"TOTAL_LIABILITIES":1137993529000,"TAX_EBT":15.94251889161,"OCF_SALES":5.120340524107,"TOTAL_PARENT_EQUITY":290398039000,"DEBT_ASSET_RATIO":74.6700615815,"OPERATE_PROFIT":41402758000,"PRETAX_PROFIT":37824462000,"NETCASH_OPERATE":56134952000,"NETCASH_INVEST":-55645696000,"NETCASH_FINANCE":33894223000,"END_CASH":144515492000,"DIVI_RATIO":0.177462973297,"DIVIDEND_RATE":6.860714285714,"CURRENT_RATIO":1.080688638331,"COMMON_ACS":null,"CURRENTDEBT_DEBT":82.130304187345,"ISSUED_COMMON_SHARES":13579541500,"HK_COMMON_SHARES":2076296000,"PER_SHARES":500,"TOTAL_MARKET_CAP":76045432400,"HKSK_MARKET_CAP":11627257600,"PE_TTM":3.036999539989,"PB_TTM":0.265028363209,"REPORT_DATE_SQ":"2021-12-31 00:00:00","REPORT_TYPE_SQ":"2021年年报","OPERATE_INCOME_SQ":1020010179000,"DPS_HKD":0.3842,"OPERATE_INCOME_QOQ_SQ":-0.174341228646,"NET_PROFIT_RATIO_SQ":2.8740107308,"HOLDER_PROFIT_SQ":24690556000,"HOLDER_PROFIT_QOQ_SQ":-2.740175738124,"ROE_AVG_SQ":9.440323866245,"PE_TTM_SQ":2.052388824507,"PB_TTM_SQ":0.232711624032,"ROA_SQ":1.902373818782,"START_DATE":"2022-01-01 00:00:00","FISCAL_YEAR":"12-31","CURRENCY":"HKD","IS_CNY_CODE":0,"DPS_HKD_LY":0.2881,"ORG_TYPE":"一般企业","PREMIUM_INCOME":null,"PREMIUM_INCOME_YOY":null,"NET_INTEREST_INCOME":null,"NET_INTEREST_INCOME_YOY":null,"FEE_COMMISSION_INCOME":null,"FEE_COMMISSION_INCOME_YOY":null,"ACCOUNTS_RECE_TDAYS":6.768862366184,"INVENTORY_TDAYS":3.402811153588,"CURRENT_ASSETS_TDAYS":1.142914100836,"TOTAL_ASSETS_TDAYS":0.762143169658,"PREMIUM_EXPENSE":null,"LOAN_DEPOSIT":null,"LOAN_EQUITY":null,"LOAN_ASSETS":null,"DEPOSIT_EQUITY":null,"DEPOSIT_ASSETS":null,"EQUITY_MULTIPLIER":3.947897477988,"EQUITY_RATIO":3.918736961581},{"SECUCODE":"01186.HK","SECURITY_CODE":"01186","SECURITY_NAME_ABBR":"中国铁建","ORG_CODE":"10124805","STD_REPORT_DATE":"2022-09-30 00:00:00","REPORT_DATE":"2022-09-30 00:00:00","DATE_TYPE_CODE":"004","REPORT_TYPE":"2022年三季报","PER_NETCASH_OPERATE":-0.085976393238,"PER_OI":58.795912954793,"BPS":16.222826374514,"BASIC_EPS":1.23,"DILUTED_EPS":1.23,"OPERATE_INCOME":798421540000,"OPERATE_INCOME_YOY":8.5586699232,"GROSS_PROFIT":69634588000,"GROSS_PROFIT_YOY":10.621223778377,"HOLDER_PROFIT":18767908000,"HOLDER_PROFIT_YOY":4.8960402748,"GROSS_PROFIT_RATIO":8.72153173623,"EPS_TTM":1.882655316455,"OPERATE_INCOME_QOQ":1.022879233686,"NET_PROFIT_RATIO":2.7857957089,"ROE_AVG":6.798134059724,"GROSS_PROFIT_QOQ":0.900493289131,"ROA":1.298054982788,"HOLDER_PROFIT_QOQ":-1.127678955889,"ROE_YEARLY":9.064178746298,"ROIC_YEARLY":1.539661069342,"TOTAL_ASSETS":1535573584000,"TOTAL_LIABILITIES":1166126495000,"TAX_EBT":17.335584466882,"OCF_SALES":-0.146228519837,"TOTAL_PARENT_EQUITY":282757407000,"DEBT_ASSET_RATIO":75.9407759518,"OPERATE_PROFIT":29357671000,"PRETAX_PROFIT":26937540000,"NETCASH_OPERATE":-1167520000,"NETCASH_INVEST":-45593062000,"NETCASH_FINANCE":79103471000,"END_CASH":142995099000,"DIVI_RATIO":0.184935458422,"DIVIDEND_RATE":6.897666068223,"CURRENT_RATIO":1.106791222527,"COMMON_ACS":null,"CURRENTDEBT_DEBT":81.343171865759,"ISSUED_COMMON_SHARES":13579541500,"HK_COMMON_SHARES":2076296000,"PER_SHARES":500,"TOTAL_MARKET_CAP":75638046155,"HKSK_MARKET_CAP":11564968720,"PE_TTM":3.020729899596,"PB_TTM":0.263608568406,"REPORT_DATE_SQ":"2021-09-30 00:00:00","REPORT_TYPE_SQ":"2021年三季报","OPERATE_INCOME_SQ":735474689000,"DPS_HKD":0.3842,"OPERATE_INCOME_QOQ_SQ":-0.608784671258,"NET_PROFIT_RATIO_SQ":2.8241854289,"HOLDER_PROFIT_SQ":17872402000,"HOLDER_PROFIT_QOQ_SQ":0.008229563294,"ROE_AVG_SQ":6.929422946925,"PE_TTM_SQ":1.989514768614,"PB_TTM_SQ":0.225582602727,"ROA_SQ":1.369707450895,"START_DATE":"2022-01-01 00:00:00","FISCAL_YEAR":"12-31","CURRENCY":"HKD","IS_CNY_CODE":0,"DPS_HKD_LY":0.2881,"ORG_TYPE":"一般企业","PREMIUM_INCOME":null,"PREMIUM_INCOME_YOY":null,"NET_INTEREST_INCOME":null,"NET_INTEREST_INCOME_YOY":null,"FEE_COMMISSION_INCOME":null,"FEE_COMMISSION_INCOME_YOY":null,"ACCOUNTS_RECE_TDAYS":4.353862457948,"INVENTORY_TDAYS":2.450549257427,"CURRENT_ASSETS_TDAYS":0.815438791476,"TOTAL_ASSETS_TDAYS":0.552819450441,"PREMIUM_EXPENSE":null,"LOAN_DEPOSIT":null,"LOAN_EQUITY":null,"LOAN_ASSETS":null,"DEPOSIT_EQUITY":null,"DEPOSIT_ASSETS":null,"EQUITY_MULTIPLIER":4.15641002385,"EQUITY_RATIO":4.124123598997}],"count":68},"success":true,"message":"ok","code":0}