{"version":"9c6ff60381edbb4c576ee85528c0a9e4","result":{"pages":6,"data":[{"SECUCODE":"01184.HK","SECURITY_CODE":"01184","SECURITY_NAME_ABBR":"S.A.S. DRAGON","ORG_CODE":"10010534","STD_REPORT_DATE":"2024-06-30 00:00:00","REPORT_DATE":"2024-06-30 00:00:00","DATE_TYPE_CODE":"002","REPORT_TYPE":"2024年中报","PER_NETCASH_OPERATE":-1.310187657549,"PER_OI":19.890925800924,"BPS":4.099938255212,"BASIC_EPS":0.481712504,"DILUTED_EPS":null,"OPERATE_INCOME":12448486082.48,"OPERATE_INCOME_YOY":46.923548402,"GROSS_PROFIT":734016501.24,"GROSS_PROFIT_YOY":13.658903850263,"HOLDER_PROFIT":301447251.84,"HOLDER_PROFIT_YOY":21.7198388803,"GROSS_PROFIT_RATIO":5.896431874339,"EPS_TTM":0.666626143492,"OPERATE_INCOME_QOQ":19.185339106158,"NET_PROFIT_RATIO":3.2412291783,"ROE_AVG":12.123365506873,"GROSS_PROFIT_QOQ":7.394231825727,"ROA":4.317131563777,"HOLDER_PROFIT_QOQ":14.009974775399,"ROE_YEARLY":24.246731013745,"ROIC_YEARLY":10.685441979832,"TOTAL_ASSETS":6822619778.92,"TOTAL_LIABILITIES":4143769814.96,"TAX_EBT":15.744967133663,"OCF_SALES":-6.586861117787,"TOTAL_PARENT_EQUITY":2565894861.8,"DEBT_ASSET_RATIO":60.7357576596,"OPERATE_PROFIT":567408592.6,"PRETAX_PROFIT":478884108.68,"NETCASH_OPERATE":-819964489.52,"NETCASH_INVEST":-4938511.48,"NETCASH_FINANCE":333600968.24,"END_CASH":950865618.52,"DIVI_RATIO":0.545218640985,"DIVIDEND_RATE":9.52380952381,"CURRENT_RATIO":1.411859592714,"COMMON_ACS":1454000000,"CURRENTDEBT_DEBT":97.382154440906,"ISSUED_COMMON_SHARES":625837440,"HK_COMMON_SHARES":625837440,"PER_SHARES":2000,"TOTAL_MARKET_CAP":2628517248,"HKSK_MARKET_CAP":2628517248,"PE_TTM":5.680357454975,"PB_TTM":0.934954567944,"REPORT_DATE_SQ":"2023-06-30 00:00:00","REPORT_TYPE_SQ":"2023年中报","OPERATE_INCOME_SQ":8559099912.2,"DPS_HKD":0.4,"OPERATE_INCOME_QOQ_SQ":-19.124176119975,"NET_PROFIT_RATIO_SQ":4.135407432,"HOLDER_PROFIT_SQ":250180194.98,"HOLDER_PROFIT_QOQ_SQ":-1.941728359421,"ROE_AVG_SQ":10.749490455827,"PE_TTM_SQ":5.903728967051,"PB_TTM_SQ":0.845265127558,"ROA_SQ":2.956072768036,"START_DATE":"2024-01-01 00:00:00","FISCAL_YEAR":"12-31","CURRENCY":"HKD","IS_CNY_CODE":0,"DPS_HKD_LY":0.4,"ORG_TYPE":"一般企业","PREMIUM_INCOME":null,"PREMIUM_INCOME_YOY":null,"NET_INTEREST_INCOME":null,"NET_INTEREST_INCOME_YOY":null,"FEE_COMMISSION_INCOME":null,"FEE_COMMISSION_INCOME_YOY":null,"ACCOUNTS_RECE_TDAYS":4.487104762547,"INVENTORY_TDAYS":6.697714914436,"CURRENT_ASSETS_TDAYS":2.127406836658,"TOTAL_ASSETS_TDAYS":1.782791246557,"PREMIUM_EXPENSE":null,"LOAN_DEPOSIT":null,"LOAN_EQUITY":null,"LOAN_ASSETS":null,"DEPOSIT_EQUITY":null,"DEPOSIT_ASSETS":null,"EQUITY_MULTIPLIER":2.546846546358,"EQUITY_RATIO":1.614941390098},{"SECUCODE":"01184.HK","SECURITY_CODE":"01184","SECURITY_NAME_ABBR":"S.A.S. DRAGON","ORG_CODE":"10010534","STD_REPORT_DATE":"2023-12-31 00:00:00","REPORT_DATE":"2023-12-31 00:00:00","DATE_TYPE_CODE":"001","REPORT_TYPE":"2023年年报","PER_NETCASH_OPERATE":1.505406647036,"PER_OI":32.392916012695,"BPS":3.818984881729,"BASIC_EPS":0.584693144,"DILUTED_EPS":null,"OPERATE_INCOME":20272699631.52,"OPERATE_INCOME_YOY":-10.4051912774,"GROSS_PROFIT":1192957976.42,"GROSS_PROFIT_YOY":3.903162426153,"HOLDER_PROFIT":365932542.22,"HOLDER_PROFIT_YOY":0.8652710092,"GROSS_PROFIT_RATIO":5.884554095426,"EPS_TTM":0.584708614141,"OPERATE_INCOME_QOQ":12.386726792215,"NET_PROFIT_RATIO":2.6180459224,"ROE_AVG":15.852068144096,"GROSS_PROFIT_QOQ":1.48166995852,"ROA":5.058651017209,"HOLDER_PROFIT_QOQ":4.353812312322,"ROE_YEARLY":15.852068144096,"ROIC_YEARLY":6.615416158696,"TOTAL_ASSETS":7091988910.44,"TOTAL_LIABILITIES":4528395839.52,"TAX_EBT":18.226078943327,"OCF_SALES":4.647332912066,"TOTAL_PARENT_EQUITY":2390063721.78,"DEBT_ASSET_RATIO":63.852269042,"OPERATE_PROFIT":726938872.52,"PRETAX_PROFIT":649043826.2,"NETCASH_OPERATE":942139842.14,"NETCASH_INVEST":34638447.06,"NETCASH_FINANCE":-841387208.76,"END_CASH":1431959908.12,"DIVI_RATIO":0.621603635058,"DIVIDEND_RATE":9.615384615385,"CURRENT_RATIO":1.350621894785,"COMMON_ACS":1454000000,"CURRENTDEBT_DEBT":97.499107467337,"ISSUED_COMMON_SHARES":625837440,"HK_COMMON_SHARES":625837440,"PER_SHARES":2000,"TOTAL_MARKET_CAP":2603483750.4,"HKSK_MARKET_CAP":2603483750.4,"PE_TTM":5.626258812546,"PB_TTM":0.926050238726,"REPORT_DATE_SQ":"2022-12-31 00:00:00","REPORT_TYPE_SQ":"2022年年报","OPERATE_INCOME_SQ":22303747772.04,"DPS_HKD":0.4,"OPERATE_INCOME_QOQ_SQ":-18.564665299209,"NET_PROFIT_RATIO_SQ":2.2584599281,"HOLDER_PROFIT_SQ":357609031.99,"HOLDER_PROFIT_QOQ_SQ":-26.309899974489,"ROE_AVG_SQ":16.517041655776,"PE_TTM_SQ":5.903728967051,"PB_TTM_SQ":0.845265127558,"ROA_SQ":4.582397904127,"START_DATE":"2023-01-01 00:00:00","FISCAL_YEAR":"12-31","CURRENCY":"HKD","IS_CNY_CODE":0,"DPS_HKD_LY":0.35,"ORG_TYPE":"一般企业","PREMIUM_INCOME":null,"PREMIUM_INCOME_YOY":null,"NET_INTEREST_INCOME":null,"NET_INTEREST_INCOME_YOY":null,"FEE_COMMISSION_INCOME":null,"FEE_COMMISSION_INCOME_YOY":null,"ACCOUNTS_RECE_TDAYS":7.584752185981,"INVENTORY_TDAYS":10.077403411465,"CURRENT_ASSETS_TDAYS":3.341188369878,"TOTAL_ASSETS_TDAYS":2.802497749733,"PREMIUM_EXPENSE":null,"LOAN_DEPOSIT":null,"LOAN_EQUITY":null,"LOAN_ASSETS":null,"DEPOSIT_EQUITY":null,"DEPOSIT_ASSETS":null,"EQUITY_MULTIPLIER":2.766425370273,"EQUITY_RATIO":1.894675777158},{"SECUCODE":"01184.HK","SECURITY_CODE":"01184","SECURITY_NAME_ABBR":"S.A.S. DRAGON","ORG_CODE":"10010534","STD_REPORT_DATE":"2023-06-30 00:00:00","REPORT_DATE":"2023-06-30 00:00:00","DATE_TYPE_CODE":"002","REPORT_TYPE":"2023年中报","PER_NETCASH_OPERATE":3.494207120047,"PER_OI":13.676235017515,"BPS":3.817654242194,"BASIC_EPS":0.399770528,"DILUTED_EPS":null,"OPERATE_INCOME":8559099912.2,"OPERATE_INCOME_YOY":-38.0946049144,"GROSS_PROFIT":645806422.88,"GROSS_PROFIT_YOY":4.430118117319,"HOLDER_PROFIT":250180194.98,"HOLDER_PROFIT_YOY":-9.749121109,"GROSS_PROFIT_RATIO":7.545260944547,"EPS_TTM":0.560313611151,"OPERATE_INCOME_QOQ":-19.124176119975,"NET_PROFIT_RATIO":4.135407432,"ROE_AVG":10.749490455827,"GROSS_PROFIT_QOQ":2.386137780964,"ROA":2.956072768036,"HOLDER_PROFIT_QOQ":-1.941728359421,"ROE_YEARLY":21.498980911653,"ROIC_YEARLY":9.737260890078,"TOTAL_ASSETS":9422651273.66,"TOTAL_LIABILITIES":6419559578.06,"TAX_EBT":16.438812357024,"OCF_SALES":25.549481385571,"TOTAL_PARENT_EQUITY":2389230957.74,"DEBT_ASSET_RATIO":68.1290158324,"OPERATE_PROFIT":478892085.66,"PRETAX_PROFIT":423586193.38,"NETCASH_OPERATE":2186805638.84,"NETCASH_INVEST":32121783.2,"NETCASH_FINANCE":664458078.28,"END_CASH":4205065035.86,"DIVI_RATIO":0.648667090655,"DIVIDEND_RATE":9.615384615385,"CURRENT_RATIO":1.322611178863,"COMMON_ACS":1454000000,"CURRENTDEBT_DEBT":96.592131007123,"ISSUED_COMMON_SHARES":625837440,"HK_COMMON_SHARES":625837440,"PER_SHARES":2000,"TOTAL_MARKET_CAP":2603483750.4,"HKSK_MARKET_CAP":2603483750.4,"PE_TTM":5.626258812546,"PB_TTM":0.926050238726,"REPORT_DATE_SQ":"2022-06-30 00:00:00","REPORT_TYPE_SQ":"2022年中报","OPERATE_INCOME_SQ":12824507917.48,"DPS_HKD":0.4,"OPERATE_INCOME_QOQ_SQ":-5.097706246003,"NET_PROFIT_RATIO_SQ":2.6152346891,"HOLDER_PROFIT_SQ":257123990.97,"HOLDER_PROFIT_QOQ_SQ":-16.775231416587,"ROE_AVG_SQ":12.289894905811,"PE_TTM_SQ":5.903728967051,"PB_TTM_SQ":0.845265127558,"ROA_SQ":3.241489356025,"START_DATE":"2023-01-01 00:00:00","FISCAL_YEAR":"12-31","CURRENCY":"HKD","IS_CNY_CODE":0,"DPS_HKD_LY":0.35,"ORG_TYPE":"一般企业","PREMIUM_INCOME":null,"PREMIUM_INCOME_YOY":null,"NET_INTEREST_INCOME":null,"NET_INTEREST_INCOME_YOY":null,"FEE_COMMISSION_INCOME":null,"FEE_COMMISSION_INCOME_YOY":null,"ACCOUNTS_RECE_TDAYS":4.089244237394,"INVENTORY_TDAYS":3.533132998802,"CURRENT_ASSETS_TDAYS":1.182163590662,"TOTAL_ASSETS_TDAYS":1.011323944782,"PREMIUM_EXPENSE":null,"LOAN_DEPOSIT":null,"LOAN_EQUITY":null,"LOAN_ASSETS":null,"DEPOSIT_EQUITY":null,"DEPOSIT_ASSETS":null,"EQUITY_MULTIPLIER":3.13765020478,"EQUITY_RATIO":2.686872760151},{"SECUCODE":"01184.HK","SECURITY_CODE":"01184","SECURITY_NAME_ABBR":"S.A.S. DRAGON","ORG_CODE":"10010534","STD_REPORT_DATE":"2022-12-31 00:00:00","REPORT_DATE":"2022-12-31 00:00:00","DATE_TYPE_CODE":"001","REPORT_TYPE":"2022年年报","PER_NETCASH_OPERATE":1.418170410674,"PER_OI":35.63824460876,"BPS":3.507233810732,"BASIC_EPS":0.571424819,"DILUTED_EPS":null,"OPERATE_INCOME":22303747772.04,"OPERATE_INCOME_YOY":-29.2628221527,"GROSS_PROFIT":1148144049.29,"GROSS_PROFIT_YOY":-11.527009353805,"HOLDER_PROFIT":357609031.99,"HOLDER_PROFIT_YOY":-43.8667902427,"GROSS_PROFIT_RATIO":5.147762882834,"EPS_TTM":0.571408818223,"OPERATE_INCOME_QOQ":-18.564665299209,"NET_PROFIT_RATIO":2.2584599281,"ROE_AVG":16.517041655776,"GROSS_PROFIT_QOQ":-5.18790684756,"ROA":4.582397904127,"HOLDER_PROFIT_QOQ":-26.309899974489,"ROE_YEARLY":16.517041655776,"ROIC_YEARLY":6.03115133951,"TOTAL_ASSETS":7270206618.36,"TOTAL_LIABILITIES":4581065519.94,"TAX_EBT":16.933852827882,"OCF_SALES":3.979349786284,"TOTAL_PARENT_EQUITY":2194958229.59,"DEBT_ASSET_RATIO":63.01149005,"OPERATE_PROFIT":677499738.23,"PRETAX_PROFIT":606409738.55,"NETCASH_OPERATE":889064484.84,"NETCASH_INVEST":-5178286.19,"NETCASH_FINANCE":-1149115927.05,"END_CASH":1279188544.83,"DIVI_RATIO":0.636071737798,"DIVIDEND_RATE":9.615384615385,"CURRENT_RATIO":1.393850744558,"COMMON_ACS":1454000000,"CURRENTDEBT_DEBT":95.275310807106,"ISSUED_COMMON_SHARES":625837440,"HK_COMMON_SHARES":625837440,"PER_SHARES":2000,"TOTAL_MARKET_CAP":2603483750.4,"HKSK_MARKET_CAP":2603483750.4,"PE_TTM":5.626258812546,"PB_TTM":0.926050238726,"REPORT_DATE_SQ":"2021-12-31 00:00:00","REPORT_TYPE_SQ":"2021年年报","OPERATE_INCOME_SQ":28859463292.8,"DPS_HKD":0.4,"OPERATE_INCOME_QOQ_SQ":22.083599899956,"NET_PROFIT_RATIO_SQ":2.6209411822,"HOLDER_PROFIT_SQ":583104961.6,"HOLDER_PROFIT_QOQ_SQ":27.797490718906,"ROE_AVG_SQ":33.592731970939,"PE_TTM_SQ":5.903728967051,"PB_TTM_SQ":0.845265127558,"ROA_SQ":8.584165877739,"START_DATE":"2022-01-01 00:00:00","FISCAL_YEAR":"12-31","CURRENCY":"HKD","IS_CNY_CODE":0,"DPS_HKD_LY":0.4,"ORG_TYPE":"一般企业","PREMIUM_INCOME":null,"PREMIUM_INCOME_YOY":null,"NET_INTEREST_INCOME":null,"NET_INTEREST_INCOME_YOY":null,"FEE_COMMISSION_INCOME":null,"FEE_COMMISSION_INCOME_YOY":null,"ACCOUNTS_RECE_TDAYS":8.229140375885,"INVENTORY_TDAYS":9.37507360359,"CURRENT_ASSETS_TDAYS":3.409349687079,"TOTAL_ASSETS_TDAYS":2.857999600179,"PREMIUM_EXPENSE":null,"LOAN_DEPOSIT":null,"LOAN_EQUITY":null,"LOAN_ASSETS":null,"DEPOSIT_EQUITY":null,"DEPOSIT_ASSETS":null,"EQUITY_MULTIPLIER":2.703542265833,"EQUITY_RATIO":2.08708551178},{"SECUCODE":"01184.HK","SECURITY_CODE":"01184","SECURITY_NAME_ABBR":"S.A.S. DRAGON","ORG_CODE":"10010534","STD_REPORT_DATE":"2022-06-30 00:00:00","REPORT_DATE":"2022-06-30 00:00:00","DATE_TYPE_CODE":"002","REPORT_TYPE":"2022年中报","PER_NETCASH_OPERATE":-1.598493350046,"PER_OI":20.491755682562,"BPS":3.419602925274,"BASIC_EPS":0.410833276,"DILUTED_EPS":0.410833276,"OPERATE_INCOME":12824507917.48,"OPERATE_INCOME_YOY":-12.7152435524,"GROSS_PROFIT":618410123.94,"GROSS_PROFIT_YOY":-12.304163552855,"HOLDER_PROFIT":257123990.97,"HOLDER_PROFIT_YOY":-29.5163056091,"GROSS_PROFIT_RATIO":4.822096316827,"EPS_TTM":0.775421417565,"OPERATE_INCOME_QOQ":-5.097706246003,"NET_PROFIT_RATIO":2.6152346891,"ROE_AVG":12.289894905811,"GROSS_PROFIT_QOQ":-6.685964095374,"ROA":3.241489356025,"HOLDER_PROFIT_QOQ":-16.775231416587,"ROE_YEARLY":24.579789811621,"ROIC_YEARLY":8.593826146682,"TOTAL_ASSETS":7882258863.92,"TOTAL_LIABILITIES":5330176920.6,"TAX_EBT":15.207709038705,"OCF_SALES":-7.800665666762,"TOTAL_PARENT_EQUITY":2140115540.57,"DEBT_ASSET_RATIO":67.6224545859,"OPERATE_PROFIT":409890856.62,"PRETAX_PROFIT":395544189.18,"NETCASH_OPERATE":-1000396986.05,"NETCASH_INVEST":-4441001.67,"NETCASH_FINANCE":1093713608.47,"END_CASH":1593135161.38,"DIVI_RATIO":0.468721899817,"DIVIDEND_RATE":9.615384615385,"CURRENT_RATIO":1.296922557949,"COMMON_ACS":1454000000,"CURRENTDEBT_DEBT":95.742658926893,"ISSUED_COMMON_SHARES":625837440,"HK_COMMON_SHARES":625837440,"PER_SHARES":2000,"TOTAL_MARKET_CAP":2603483750.4,"HKSK_MARKET_CAP":2603483750.4,"PE_TTM":5.626258812546,"PB_TTM":0.926050238726,"REPORT_DATE_SQ":"2021-06-30 00:00:00","REPORT_TYPE_SQ":"2021年中报","OPERATE_INCOME_SQ":14295678580.32,"DPS_HKD":0.4,"OPERATE_INCOME_QOQ_SQ":39.290187288182,"NET_PROFIT_RATIO_SQ":3.1788894649,"HOLDER_PROFIT_SQ":354941197.68,"HOLDER_PROFIT_QOQ_SQ":106.998652746891,"ROE_AVG_SQ":21.141767767219,"PE_TTM_SQ":5.903728967051,"PB_TTM_SQ":0.845265127558,"ROA_SQ":5.265293935329,"START_DATE":"2022-01-01 00:00:00","FISCAL_YEAR":"12-31","CURRENCY":"HKD","IS_CNY_CODE":0,"DPS_HKD_LY":0.4,"ORG_TYPE":"一般企业","PREMIUM_INCOME":null,"PREMIUM_INCOME_YOY":null,"NET_INTEREST_INCOME":null,"NET_INTEREST_INCOME_YOY":null,"FEE_COMMISSION_INCOME":null,"FEE_COMMISSION_INCOME_YOY":null,"ACCOUNTS_RECE_TDAYS":4.934364730762,"INVENTORY_TDAYS":5.146272684235,"CURRENT_ASSETS_TDAYS":1.925552357022,"TOTAL_ASSETS_TDAYS":1.616749403817,"PREMIUM_EXPENSE":null,"LOAN_DEPOSIT":null,"LOAN_EQUITY":null,"LOAN_ASSETS":null,"DEPOSIT_EQUITY":null,"DEPOSIT_ASSETS":null,"EQUITY_MULTIPLIER":3.088560257457,"EQUITY_RATIO":2.490602408868},{"SECUCODE":"01184.HK","SECURITY_CODE":"01184","SECURITY_NAME_ABBR":"S.A.S. DRAGON","ORG_CODE":"10010534","STD_REPORT_DATE":"2021-12-31 00:00:00","REPORT_DATE":"2021-12-31 00:00:00","DATE_TYPE_CODE":"001","REPORT_TYPE":"2021年年报","PER_NETCASH_OPERATE":0.455021135201,"PER_OI":46.113353801268,"BPS":3.12277081026,"BASIC_EPS":0.93173696,"DILUTED_EPS":null,"OPERATE_INCOME":28859463292.8,"OPERATE_INCOME_YOY":75.05049136,"GROSS_PROFIT":1297733964.8,"GROSS_PROFIT_YOY":76.8522371633,"HOLDER_PROFIT":583104961.6,"HOLDER_PROFIT_YOY":172.3173614054,"GROSS_PROFIT_RATIO":4.496736310144,"EPS_TTM":0.931719523843,"OPERATE_INCOME_QOQ":22.083599899956,"NET_PROFIT_RATIO":2.6209411822,"ROE_AVG":33.592731970939,"GROSS_PROFIT_QOQ":20.927751290713,"ROA":8.584165877739,"HOLDER_PROFIT_QOQ":27.797490718906,"ROE_YEARLY":33.592731970939,"ROIC_YEARLY":10.998341900387,"TOTAL_ASSETS":7631436702.4,"TOTAL_LIABILITIES":5306765251.2,"TAX_EBT":16.580794901435,"OCF_SALES":0.98674483136,"TOTAL_PARENT_EQUITY":1954346889.6,"DEBT_ASSET_RATIO":69.5382201038,"OPERATE_PROFIT":947281988.8,"PRETAX_PROFIT":906733116.8,"NETCASH_OPERATE":284769262.4,"NETCASH_INVEST":14576172.8,"NETCASH_FINANCE":183056552,"END_CASH":1438139595.2,"DIVI_RATIO":0.390092716423,"DIVIDEND_RATE":9.615384615385,"CURRENT_RATIO":1.260704817184,"COMMON_ACS":1454000000,"CURRENTDEBT_DEBT":95.769584057836,"ISSUED_COMMON_SHARES":625837440,"HK_COMMON_SHARES":625837440,"PER_SHARES":2000,"TOTAL_MARKET_CAP":2603483750.4,"HKSK_MARKET_CAP":2603483750.4,"PE_TTM":5.626258812546,"PB_TTM":0.926050238726,"REPORT_DATE_SQ":"2020-12-31 00:00:00","REPORT_TYPE_SQ":"2020年年报","OPERATE_INCOME_SQ":16971115959.24,"DPS_HKD":0.4,"OPERATE_INCOME_QOQ_SQ":1.216823750871,"NET_PROFIT_RATIO_SQ":1.7351571271,"HOLDER_PROFIT_SQ":220422991.08,"HOLDER_PROFIT_QOQ_SQ":-8.09095323672,"ROE_AVG_SQ":15.059743705412,"PE_TTM_SQ":5.903728967051,"PB_TTM_SQ":0.845265127558,"ROA_SQ":4.06191332578,"START_DATE":"2021-01-01 00:00:00","FISCAL_YEAR":"12-31","CURRENCY":"HKD","IS_CNY_CODE":0,"DPS_HKD_LY":0.315,"ORG_TYPE":"一般企业","PREMIUM_INCOME":null,"PREMIUM_INCOME_YOY":null,"NET_INTEREST_INCOME":null,"NET_INTEREST_INCOME_YOY":null,"FEE_COMMISSION_INCOME":null,"FEE_COMMISSION_INCOME_YOY":null,"ACCOUNTS_RECE_TDAYS":15.712353246619,"INVENTORY_TDAYS":15.133506992571,"CURRENT_ASSETS_TDAYS":5.218099696814,"TOTAL_ASSETS_TDAYS":4.248539051497,"PREMIUM_EXPENSE":null,"LOAN_DEPOSIT":null,"LOAN_EQUITY":null,"LOAN_ASSETS":null,"DEPOSIT_EQUITY":null,"DEPOSIT_ASSETS":null,"EQUITY_MULTIPLIER":3.282802263714,"EQUITY_RATIO":2.715365055938},{"SECUCODE":"01184.HK","SECURITY_CODE":"01184","SECURITY_NAME_ABBR":"S.A.S. DRAGON","ORG_CODE":"10010534","STD_REPORT_DATE":"2021-06-30 00:00:00","REPORT_DATE":"2021-06-30 00:00:00","DATE_TYPE_CODE":"002","REPORT_TYPE":"2021年中报","PER_NETCASH_OPERATE":-0.165569759585,"PER_OI":22.842478999531,"BPS":2.897855696457,"BASIC_EPS":0.567145728,"DILUTED_EPS":0.567145728,"OPERATE_INCOME":14295678580.32,"OPERATE_INCOME_YOY":105.7436211128,"GROSS_PROFIT":705176150.88,"GROSS_PROFIT_YOY":92.763992984054,"HOLDER_PROFIT":354941197.68,"HOLDER_PROFIT_YOY":227.1827086066,"GROSS_PROFIT_RATIO":4.93279243037,"EPS_TTM":0.729059325502,"OPERATE_INCOME_QOQ":39.290187288182,"NET_PROFIT_RATIO":3.1788894649,"ROE_AVG":21.141767767219,"GROSS_PROFIT_QOQ":46.246196820565,"ROA":5.265293935329,"HOLDER_PROFIT_QOQ":106.998652746891,"ROE_YEARLY":42.283535534437,"ROIC_YEARLY":13.887557021275,"TOTAL_ASSETS":7422686131.2,"TOTAL_LIABILITIES":5288478314.64,"TAX_EBT":16.817474979934,"OCF_SALES":-0.724832710094,"TOTAL_PARENT_EQUITY":1813586590.56,"DEBT_ASSET_RATIO":71.2475001794,"OPERATE_PROFIT":552789851.76,"PRETAX_PROFIT":546321261.84,"NETCASH_OPERATE":-103619754.48,"NETCASH_INVEST":-1719909.36,"NETCASH_FINANCE":878294555.28,"END_CASH":1743977274,"DIVI_RATIO":0.498528703065,"DIVIDEND_RATE":9.615384615385,"CURRENT_RATIO":1.212237158109,"COMMON_ACS":1454000000,"CURRENTDEBT_DEBT":95.269357602026,"ISSUED_COMMON_SHARES":625837440,"HK_COMMON_SHARES":625837440,"PER_SHARES":2000,"TOTAL_MARKET_CAP":2603483750.4,"HKSK_MARKET_CAP":2603483750.4,"PE_TTM":5.626258812546,"PB_TTM":0.926050238726,"REPORT_DATE_SQ":"2020-06-30 00:00:00","REPORT_TYPE_SQ":"2020年中报","OPERATE_INCOME_SQ":7627695335.04,"DPS_HKD":0.4,"OPERATE_INCOME_QOQ_SQ":1.711496585929,"NET_PROFIT_RATIO_SQ":2.0469992513,"HOLDER_PROFIT_SQ":119091566.88,"HOLDER_PROFIT_QOQ_SQ":13.236255902012,"ROE_AVG_SQ":7.725868180193,"PE_TTM_SQ":5.903728967051,"PB_TTM_SQ":0.845265127558,"ROA_SQ":2.071090325952,"START_DATE":"2021-01-01 00:00:00","FISCAL_YEAR":"12-31","CURRENCY":"HKD","IS_CNY_CODE":0,"DPS_HKD_LY":0.315,"ORG_TYPE":"一般企业","PREMIUM_INCOME":null,"PREMIUM_INCOME_YOY":null,"NET_INTEREST_INCOME":null,"NET_INTEREST_INCOME_YOY":null,"FEE_COMMISSION_INCOME":null,"FEE_COMMISSION_INCOME_YOY":null,"ACCOUNTS_RECE_TDAYS":7.473144247072,"INVENTORY_TDAYS":9.120830353909,"CURRENT_ASSETS_TDAYS":2.636583645578,"TOTAL_ASSETS_TDAYS":2.1206597099,"PREMIUM_EXPENSE":null,"LOAN_DEPOSIT":null,"LOAN_EQUITY":null,"LOAN_ASSETS":null,"DEPOSIT_EQUITY":null,"DEPOSIT_ASSETS":null,"EQUITY_MULTIPLIER":3.477958460097,"EQUITY_RATIO":2.916032982471},{"SECUCODE":"01184.HK","SECURITY_CODE":"01184","SECURITY_NAME_ABBR":"S.A.S. DRAGON","ORG_CODE":"10010534","STD_REPORT_DATE":"2020-12-31 00:00:00","REPORT_DATE":"2020-12-31 00:00:00","DATE_TYPE_CODE":"001","REPORT_TYPE":"2020年年报","PER_NETCASH_OPERATE":0.446541443414,"PER_OI":27.117450754049,"BPS":2.495662965578,"BASIC_EPS":0.35222634,"DILUTED_EPS":null,"OPERATE_INCOME":16971115959.24,"OPERATE_INCOME_YOY":9.571534401,"GROSS_PROFIT":733795616.96,"GROSS_PROFIT_YOY":-8.775612395714,"HOLDER_PROFIT":220422991.08,"HOLDER_PROFIT_YOY":10.7691331656,"GROSS_PROFIT_RATIO":4.323791191589,"EPS_TTM":0.352204865021,"OPERATE_INCOME_QOQ":1.216823750871,"NET_PROFIT_RATIO":1.7351571271,"ROE_AVG":15.059743705412,"GROSS_PROFIT_QOQ":-8.711650260303,"ROA":4.06191332578,"HOLDER_PROFIT_QOQ":-8.09095323672,"ROE_YEARLY":15.059743705412,"ROIC_YEARLY":5.163386380392,"TOTAL_ASSETS":6129228150.48,"TOTAL_LIABILITIES":4341396263.12,"TAX_EBT":16.586085720961,"OCF_SALES":1.646694032798,"TOTAL_PARENT_EQUITY":1561879321.48,"DEBT_ASSET_RATIO":70.831043592,"OPERATE_PROFIT":405372539.44,"PRETAX_PROFIT":353029264.56,"NETCASH_OPERATE":279462353.8,"NETCASH_INVEST":51434303.68,"NETCASH_FINANCE":-280832543.72,"END_CASH":982178730.48,"DIVI_RATIO":1.031947698902,"DIVIDEND_RATE":9.615384615385,"CURRENT_RATIO":1.17425496868,"COMMON_ACS":1454000000,"CURRENTDEBT_DEBT":93.977753730038,"ISSUED_COMMON_SHARES":625837440,"HK_COMMON_SHARES":625837440,"PER_SHARES":2000,"TOTAL_MARKET_CAP":2603483750.4,"HKSK_MARKET_CAP":2603483750.4,"PE_TTM":5.626258812546,"PB_TTM":0.926050238726,"REPORT_DATE_SQ":"2019-12-31 00:00:00","REPORT_TYPE_SQ":"2019年年报","OPERATE_INCOME_SQ":16484950657.78,"DPS_HKD":0.4,"OPERATE_INCOME_QOQ_SQ":-11.002084418298,"NET_PROFIT_RATIO_SQ":1.722538202,"HOLDER_PROFIT_SQ":211793744.3,"HOLDER_PROFIT_QOQ_SQ":-12.567497321098,"ROE_AVG_SQ":14.981521406813,"PE_TTM_SQ":5.903728967051,"PB_TTM_SQ":0.845265127558,"ROA_SQ":3.869257758256,"START_DATE":"2020-01-01 00:00:00","FISCAL_YEAR":"12-31","CURRENCY":"HKD","IS_CNY_CODE":0,"DPS_HKD_LY":0.215,"ORG_TYPE":"一般企业","PREMIUM_INCOME":null,"PREMIUM_INCOME_YOY":null,"NET_INTEREST_INCOME":null,"NET_INTEREST_INCOME_YOY":null,"FEE_COMMISSION_INCOME":null,"FEE_COMMISSION_INCOME_YOY":null,"ACCOUNTS_RECE_TDAYS":16.054028168117,"INVENTORY_TDAYS":14.601116399247,"CURRENT_ASSETS_TDAYS":4.148297481223,"TOTAL_ASSETS_TDAYS":3.127405255252,"PREMIUM_EXPENSE":null,"LOAN_DEPOSIT":null,"LOAN_EQUITY":null,"LOAN_ASSETS":null,"DEPOSIT_EQUITY":null,"DEPOSIT_ASSETS":null,"EQUITY_MULTIPLIER":3.42830228827,"EQUITY_RATIO":2.779597759836},{"SECUCODE":"01184.HK","SECURITY_CODE":"01184","SECURITY_NAME_ABBR":"S.A.S. DRAGON","ORG_CODE":"10010534","STD_REPORT_DATE":"2020-06-30 00:00:00","REPORT_DATE":"2020-06-30 00:00:00","DATE_TYPE_CODE":"002","REPORT_TYPE":"2020年中报","PER_NETCASH_OPERATE":-1.300294106278,"PER_OI":12.187981810484,"BPS":2.558189792672,"BASIC_EPS":0.190269552,"DILUTED_EPS":0.190269552,"OPERATE_INCOME":7627695335.04,"OPERATE_INCOME_YOY":0.0008023521,"GROSS_PROFIT":365823585.6,"GROSS_PROFIT_YOY":-0.153826613106,"HOLDER_PROFIT":119091566.88,"HOLDER_PROFIT_YOY":25.9498623388,"GROSS_PROFIT_RATIO":4.795991050134,"EPS_TTM":0.383210225135,"OPERATE_INCOME_QOQ":1.711496585929,"NET_PROFIT_RATIO":2.0469992513,"ROE_AVG":7.725868180193,"GROSS_PROFIT_QOQ":-0.070066044127,"ROA":2.071090325952,"HOLDER_PROFIT_QOQ":13.236255902012,"ROE_YEARLY":15.451736360385,"ROIC_YEARLY":5.294411998832,"TOTAL_ASSETS":6373444476.96,"TOTAL_LIABILITIES":4569867244.8,"TAX_EBT":16.390307370233,"OCF_SALES":-10.668658080531,"TOTAL_PARENT_EQUITY":1601010950.88,"DEBT_ASSET_RATIO":71.7016875462,"OPERATE_PROFIT":222668355.36,"PRETAX_PROFIT":186747327.36,"NETCASH_OPERATE":-813772734.72,"NETCASH_INVEST":-8231921.28,"NETCASH_FINANCE":913012510.08,"END_CASH":1098724909.92,"DIVI_RATIO":0.948453293156,"DIVIDEND_RATE":9.615384615385,"CURRENT_RATIO":1.161801324572,"COMMON_ACS":1454000000,"CURRENTDEBT_DEBT":93.035387333797,"ISSUED_COMMON_SHARES":625837440,"HK_COMMON_SHARES":625837440,"PER_SHARES":2000,"TOTAL_MARKET_CAP":2603483750.4,"HKSK_MARKET_CAP":2603483750.4,"PE_TTM":5.626258812546,"PB_TTM":0.926050238726,"REPORT_DATE_SQ":"2019-06-30 00:00:00","REPORT_TYPE_SQ":"2019年中报","OPERATE_INCOME_SQ":7345555967.34,"DPS_HKD":0.4,"OPERATE_INCOME_QOQ_SQ":-16.356360154483,"NET_PROFIT_RATIO_SQ":1.6645931255,"HOLDER_PROFIT_SQ":91058004.9,"HOLDER_PROFIT_QOQ_SQ":-11.69997278389,"ROE_AVG_SQ":6.53095809152,"PE_TTM_SQ":5.903728967051,"PB_TTM_SQ":0.845265127558,"ROA_SQ":1.686190795384,"START_DATE":"2020-01-01 00:00:00","FISCAL_YEAR":"12-31","CURRENCY":"HKD","IS_CNY_CODE":0,"DPS_HKD_LY":0.215,"ORG_TYPE":"一般企业","PREMIUM_INCOME":null,"PREMIUM_INCOME_YOY":null,"NET_INTEREST_INCOME":null,"NET_INTEREST_INCOME_YOY":null,"FEE_COMMISSION_INCOME":null,"FEE_COMMISSION_INCOME_YOY":null,"ACCOUNTS_RECE_TDAYS":4.853354070695,"INVENTORY_TDAYS":5.708771049229,"CURRENT_ASSETS_TDAYS":1.76974047353,"TOTAL_ASSETS_TDAYS":1.326512567731,"PREMIUM_EXPENSE":null,"LOAN_DEPOSIT":null,"LOAN_EQUITY":null,"LOAN_ASSETS":null,"DEPOSIT_EQUITY":null,"DEPOSIT_ASSETS":null,"EQUITY_MULTIPLIER":3.53377962602,"EQUITY_RATIO":2.854363514683}],"count":48},"success":true,"message":"ok","code":0}