{"version":"9d9be5c656a3c47a52c366eea14e52ad","result":{"pages":6,"data":[{"SECUCODE":"01198.HK","SECURITY_CODE":"01198","SECURITY_NAME_ABBR":"皇朝家居","ORG_CODE":"10010546","STD_REPORT_DATE":"2024-06-30 00:00:00","REPORT_DATE":"2024-06-30 00:00:00","DATE_TYPE_CODE":"002","REPORT_TYPE":"2024年中报","PER_NETCASH_OPERATE":-0.07682751144,"PER_OI":0.097426217141,"BPS":0.566143652367,"BASIC_EPS":-0.05958,"DILUTED_EPS":null,"OPERATE_INCOME":253168000,"OPERATE_INCOME_YOY":-50.1379651276,"GROSS_PROFIT":17726000,"GROSS_PROFIT_YOY":-82.395646085549,"HOLDER_PROFIT":-147638000,"HOLDER_PROFIT_YOY":-101.8401553058,"GROSS_PROFIT_RATIO":7.001674777223,"EPS_TTM":-0.175492490955,"OPERATE_INCOME_QOQ":-30.748167688509,"NET_PROFIT_RATIO":-59.289483663,"ROE_AVG":-9.54856793794,"GROSS_PROFIT_QOQ":-317.666653903588,"ROA":-2.818032944748,"HOLDER_PROFIT_QOQ":-19.524238866057,"ROE_YEARLY":-19.09713587588,"ROIC_YEARLY":-5.850973132775,"TOTAL_ASSETS":5172290000,"TOTAL_LIABILITIES":3538334000,"TAX_EBT":0.121104043012,"OCF_SALES":-78.857122543133,"TOTAL_PARENT_EQUITY":1471159000,"DEBT_ASSET_RATIO":68.4094279323,"OPERATE_PROFIT":-85604000,"PRETAX_PROFIT":-150284000,"NETCASH_OPERATE":-199641000,"NETCASH_INVEST":125505000,"NETCASH_FINANCE":72246000,"END_CASH":27471000,"DIVI_RATIO":null,"DIVIDEND_RATE":null,"CURRENT_RATIO":0.909977426401,"COMMON_ACS":4000000000,"CURRENTDEBT_DEBT":64.878047126133,"ISSUED_COMMON_SHARES":2598561326,"HK_COMMON_SHARES":2598561326,"PER_SHARES":2000,"TOTAL_MARKET_CAP":740589977.91,"HKSK_MARKET_CAP":740589977.91,"PE_TTM":-1.471039900481,"PB_TTM":0.45944840839,"REPORT_DATE_SQ":"2023-06-30 00:00:00","REPORT_TYPE_SQ":"2023年中报","OPERATE_INCOME_SQ":507737000,"DPS_HKD":null,"OPERATE_INCOME_QOQ_SQ":-5.216362885661,"NET_PROFIT_RATIO_SQ":-14.8902034097,"HOLDER_PROFIT_SQ":-73146000,"HOLDER_PROFIT_QOQ_SQ":-261.764484914206,"ROE_AVG_SQ":-4.041930817967,"PE_TTM_SQ":-738.775160667491,"PB_TTM_SQ":1.152213730559,"ROA_SQ":-1.404718918895,"START_DATE":"2024-01-01 00:00:00","FISCAL_YEAR":"12-31","CURRENCY":"HKD","IS_CNY_CODE":0,"DPS_HKD_LY":null,"ORG_TYPE":"一般企业","PREMIUM_INCOME":null,"PREMIUM_INCOME_YOY":null,"NET_INTEREST_INCOME":null,"NET_INTEREST_INCOME_YOY":null,"FEE_COMMISSION_INCOME":null,"FEE_COMMISSION_INCOME_YOY":null,"ACCOUNTS_RECE_TDAYS":1.063702041751,"INVENTORY_TDAYS":0.794665820614,"CURRENT_ASSETS_TDAYS":0.119145647846,"TOTAL_ASSETS_TDAYS":0.048323315444,"PREMIUM_EXPENSE":null,"LOAN_DEPOSIT":null,"LOAN_EQUITY":null,"LOAN_ASSETS":null,"DEPOSIT_EQUITY":null,"DEPOSIT_ASSETS":null,"EQUITY_MULTIPLIER":3.16550139661,"EQUITY_RATIO":2.405133639532},{"SECUCODE":"01198.HK","SECURITY_CODE":"01198","SECURITY_NAME_ABBR":"皇朝家居","ORG_CODE":"10010546","STD_REPORT_DATE":"2023-12-31 00:00:00","REPORT_DATE":"2023-12-31 00:00:00","DATE_TYPE_CODE":"001","REPORT_TYPE":"2023年年报","PER_NETCASH_OPERATE":-0.012520389523,"PER_OI":0.318605526726,"BPS":0.623883678934,"BASIC_EPS":-0.15362,"DILUTED_EPS":-0.15362,"OPERATE_INCOME":827916000,"OPERATE_INCOME_YOY":-43.3336732745,"GROSS_PROFIT":26117000,"GROSS_PROFIT_YOY":-87.611236551999,"HOLDER_PROFIT":-381536000,"HOLDER_PROFIT_YOY":-8264.6907768029,"GROSS_PROFIT_RATIO":3.154547079655,"EPS_TTM":-0.146825859441,"OPERATE_INCOME_QOQ":-42.578857323332,"NET_PROFIT_RATIO":-46.6195845955,"ROE_AVG":-21.000157142311,"GROSS_PROFIT_QOQ":-88.121517531861,"ROA":-6.673519132346,"HOLDER_PROFIT_QOQ":-4626.81563095995,"ROE_YEARLY":-21.000157142311,"ROIC_YEARLY":-7.133824844571,"TOTAL_ASSETS":5305799000,"TOTAL_LIABILITIES":3519275000,"TAX_EBT":7.908751234736,"OCF_SALES":-3.929746496021,"TOTAL_PARENT_EQUITY":1621200000,"DEBT_ASSET_RATIO":66.32884133,"OPERATE_PROFIT":-262400000,"PRETAX_PROFIT":-419118000,"NETCASH_OPERATE":-32535000,"NETCASH_INVEST":-182358000,"NETCASH_FINANCE":-116516000,"END_CASH":29270000,"DIVI_RATIO":null,"DIVIDEND_RATE":null,"CURRENT_RATIO":0.95741564147,"COMMON_ACS":4000000000,"CURRENTDEBT_DEBT":64.129259577612,"ISSUED_COMMON_SHARES":2598561326,"HK_COMMON_SHARES":2598561326,"PER_SHARES":2000,"TOTAL_MARKET_CAP":779568397.8,"HKSK_MARKET_CAP":779568397.8,"PE_TTM":-1.548463053138,"PB_TTM":0.483629903569,"REPORT_DATE_SQ":"2022-12-31 00:00:00","REPORT_TYPE_SQ":"2022年年报","OPERATE_INCOME_SQ":1461037000,"DPS_HKD":null,"OPERATE_INCOME_QOQ_SQ":2.234813829789,"NET_PROFIT_RATIO_SQ":0.7283303659,"HOLDER_PROFIT_SQ":4673000,"HOLDER_PROFIT_QOQ_SQ":-92.775621593431,"ROE_AVG_SQ":0.229635898019,"PE_TTM_SQ":-1035.89125789246,"PB_TTM_SQ":1.615604035241,"ROA_SQ":0.089898280241,"START_DATE":"2023-01-01 00:00:00","FISCAL_YEAR":"12-31","CURRENCY":"HKD","IS_CNY_CODE":0,"DPS_HKD_LY":0.01,"ORG_TYPE":"一般企业","PREMIUM_INCOME":null,"PREMIUM_INCOME_YOY":null,"NET_INTEREST_INCOME":null,"NET_INTEREST_INCOME_YOY":null,"FEE_COMMISSION_INCOME":null,"FEE_COMMISSION_INCOME_YOY":null,"ACCOUNTS_RECE_TDAYS":3.776265496575,"INVENTORY_TDAYS":2.74443487949,"CURRENT_ASSETS_TDAYS":0.363427335801,"TOTAL_ASSETS_TDAYS":0.14481237068,"PREMIUM_EXPENSE":null,"LOAN_DEPOSIT":null,"LOAN_EQUITY":null,"LOAN_ASSETS":null,"DEPOSIT_EQUITY":null,"DEPOSIT_ASSETS":null,"EQUITY_MULTIPLIER":2.969900768194,"EQUITY_RATIO":2.17078398717},{"SECUCODE":"01198.HK","SECURITY_CODE":"01198","SECURITY_NAME_ABBR":"皇朝家居","ORG_CODE":"10010546","STD_REPORT_DATE":"2023-06-30 00:00:00","REPORT_DATE":"2023-06-30 00:00:00","DATE_TYPE_CODE":"002","REPORT_TYPE":"2023年中报","PER_NETCASH_OPERATE":-0.035884878401,"PER_OI":0.195391578763,"BPS":0.736166891179,"BASIC_EPS":-0.02944,"DILUTED_EPS":null,"OPERATE_INCOME":507737000,"OPERATE_INCOME_YOY":-19.3490812172,"GROSS_PROFIT":100691000,"GROSS_PROFIT_YOY":-3.615737998299,"HOLDER_PROFIT":-73146000,"HOLDER_PROFIT_YOY":-11.9570079018,"GROSS_PROFIT_RATIO":19.831398755546,"EPS_TTM":-0.003106231994,"OPERATE_INCOME_QOQ":-5.216362885661,"NET_PROFIT_RATIO":-14.8902034097,"ROE_AVG":-4.041930817967,"GROSS_PROFIT_QOQ":0.171953329296,"ROA":-1.404718918895,"HOLDER_PROFIT_QOQ":-261.764484914206,"ROE_YEARLY":-8.083861635934,"ROIC_YEARLY":-2.984223208899,"TOTAL_ASSETS":5192830152.82,"TOTAL_LIABILITIES":3159665105.14,"TAX_EBT":null,"OCF_SALES":-17.637908423784,"TOTAL_PARENT_EQUITY":1912974812.9,"DEBT_ASSET_RATIO":60.8466869155,"OPERATE_PROFIT":-14574000,"PRETAX_PROFIT":-75608000,"NETCASH_OPERATE":-93546000,"NETCASH_INVEST":-87037000,"NETCASH_FINANCE":-162233000,"END_CASH":14116000,"DIVI_RATIO":null,"DIVIDEND_RATE":null,"CURRENT_RATIO":1.066244417746,"COMMON_ACS":4000000000,"CURRENTDEBT_DEBT":55.205989536752,"ISSUED_COMMON_SHARES":2598561326,"HK_COMMON_SHARES":2598561326,"PER_SHARES":2000,"TOTAL_MARKET_CAP":779568397.8,"HKSK_MARKET_CAP":779568397.8,"PE_TTM":-1.548463053138,"PB_TTM":0.483629903569,"REPORT_DATE_SQ":"2022-06-30 00:00:00","REPORT_TYPE_SQ":"2022年中报","OPERATE_INCOME_SQ":608035814.05,"DPS_HKD":null,"OPERATE_INCOME_QOQ_SQ":19.218283975745,"NET_PROFIT_RATIO_SQ":-11.1487422556,"HOLDER_PROFIT_SQ":-63096773.39,"HOLDER_PROFIT_QOQ_SQ":9.858310177767,"ROE_AVG_SQ":-3.050075878807,"PE_TTM_SQ":-1035.89125789246,"PB_TTM_SQ":1.615604035241,"ROA_SQ":-1.188859866936,"START_DATE":"2023-01-01 00:00:00","FISCAL_YEAR":"12-31","CURRENCY":"HKD","IS_CNY_CODE":0,"DPS_HKD_LY":0.01,"ORG_TYPE":"一般企业","PREMIUM_INCOME":null,"PREMIUM_INCOME_YOY":null,"NET_INTEREST_INCOME":null,"NET_INTEREST_INCOME_YOY":null,"FEE_COMMISSION_INCOME":null,"FEE_COMMISSION_INCOME_YOY":null,"ACCOUNTS_RECE_TDAYS":2.336980235844,"INVENTORY_TDAYS":1.644129475742,"CURRENT_ASSETS_TDAYS":0.259900472347,"TOTAL_ASSETS_TDAYS":0.097514562588,"PREMIUM_EXPENSE":null,"LOAN_DEPOSIT":null,"LOAN_EQUITY":null,"LOAN_ASSETS":null,"DEPOSIT_EQUITY":null,"DEPOSIT_ASSETS":null,"EQUITY_MULTIPLIER":2.5540622778,"EQUITY_RATIO":1.65170240812},{"SECUCODE":"01198.HK","SECURITY_CODE":"01198","SECURITY_NAME_ABBR":"皇朝家居","ORG_CODE":"10010546","STD_REPORT_DATE":"2022-12-31 00:00:00","REPORT_DATE":"2022-12-31 00:00:00","DATE_TYPE_CODE":"001","REPORT_TYPE":"2022年年报","PER_NETCASH_OPERATE":-0.050312069179,"PER_OI":0.562248420071,"BPS":0.784269456945,"BASIC_EPS":0.00188,"DILUTED_EPS":0.00188,"OPERATE_INCOME":1461037000,"OPERATE_INCOME_YOY":11.5577665597,"GROSS_PROFIT":210812000,"GROSS_PROFIT_YOY":-18.975047370917,"HOLDER_PROFIT":4673000,"HOLDER_PROFIT_YOY":-92.735737415,"GROSS_PROFIT_RATIO":14.428962685621,"EPS_TTM":0.001920218765,"OPERATE_INCOME_QOQ":2.234813829789,"NET_PROFIT_RATIO":0.7283303659,"ROE_AVG":0.229635898019,"GROSS_PROFIT_QOQ":-28.927868813696,"ROA":0.089898280241,"HOLDER_PROFIT_QOQ":-92.775621593431,"ROE_YEARLY":0.229635898019,"ROIC_YEARLY":0.096380727685,"TOTAL_ASSETS":5416952000,"TOTAL_LIABILITIES":3280704000,"TAX_EBT":111.044906263624,"OCF_SALES":-8.594568439448,"TOTAL_PARENT_EQUITY":2012449000,"DEBT_ASSET_RATIO":60.4993238181,"OPERATE_PROFIT":21407000,"PRETAX_PROFIT":-96334000,"NETCASH_OPERATE":-125419000,"NETCASH_INVEST":-247992000,"NETCASH_FINANCE":605116000,"END_CASH":356829000,"DIVI_RATIO":null,"DIVIDEND_RATE":null,"CURRENT_RATIO":1.157994526625,"COMMON_ACS":4000000000,"CURRENTDEBT_DEBT":55.85514572482,"ISSUED_COMMON_SHARES":2598561326,"HK_COMMON_SHARES":2598561326,"PER_SHARES":2000,"TOTAL_MARKET_CAP":779568397.8,"HKSK_MARKET_CAP":779568397.8,"PE_TTM":-1.548463053138,"PB_TTM":0.483629903569,"REPORT_DATE_SQ":"2021-12-31 00:00:00","REPORT_TYPE_SQ":"2021年年报","OPERATE_INCOME_SQ":1248071305.6,"DPS_HKD":null,"OPERATE_INCOME_QOQ_SQ":-9.660625652297,"NET_PROFIT_RATIO_SQ":5.7844515515,"HOLDER_PROFIT_SQ":62870987.2,"HOLDER_PROFIT_QOQ_SQ":-90.360449853782,"ROE_AVG_SQ":2.819523302308,"PE_TTM_SQ":-1035.89125789246,"PB_TTM_SQ":1.615604035241,"ROA_SQ":1.383934022826,"START_DATE":"2022-01-01 00:00:00","FISCAL_YEAR":"12-31","CURRENCY":"HKD","IS_CNY_CODE":0,"DPS_HKD_LY":0.04,"ORG_TYPE":"一般企业","PREMIUM_INCOME":null,"PREMIUM_INCOME_YOY":null,"NET_INTEREST_INCOME":null,"NET_INTEREST_INCOME_YOY":null,"FEE_COMMISSION_INCOME":null,"FEE_COMMISSION_INCOME_YOY":null,"ACCOUNTS_RECE_TDAYS":7.508515602516,"INVENTORY_TDAYS":5.437022886523,"CURRENT_ASSETS_TDAYS":0.674485794173,"TOTAL_ASSETS_TDAYS":0.27406197236,"PREMIUM_EXPENSE":null,"LOAN_DEPOSIT":null,"LOAN_EQUITY":null,"LOAN_ASSETS":null,"DEPOSIT_EQUITY":null,"DEPOSIT_ASSETS":null,"EQUITY_MULTIPLIER":2.531602232314,"EQUITY_RATIO":1.630204790283},{"SECUCODE":"01198.HK","SECURITY_CODE":"01198","SECURITY_NAME_ABBR":"皇朝家居","ORG_CODE":"10010546","STD_REPORT_DATE":"2022-06-30 00:00:00","REPORT_DATE":"2022-06-30 00:00:00","DATE_TYPE_CODE":"002","REPORT_TYPE":"2022年中报","PER_NETCASH_OPERATE":-0.0285093904,"PER_OI":0.233989403277,"BPS":0.741912555197,"BASIC_EPS":-0.0253649354,"DILUTED_EPS":null,"OPERATE_INCOME":608035814.05,"OPERATE_INCOME_YOY":60.6844618615,"GROSS_PROFIT":104468300.02,"GROSS_PROFIT_YOY":87.146225661854,"HOLDER_PROFIT":-63096773.39,"HOLDER_PROFIT_YOY":11.4050360835,"GROSS_PROFIT_RATIO":17.181274129917,"EPS_TTM":0.026579709102,"OPERATE_INCOME_QOQ":19.218283975745,"NET_PROFIT_RATIO":-11.1487422556,"ROE_AVG":-3.050075878807,"GROSS_PROFIT_QOQ":18.697153545125,"ROA":-1.188859866936,"HOLDER_PROFIT_QOQ":9.858310177767,"ROE_YEARLY":-6.100151757614,"ROIC_YEARLY":-2.488808231036,"TOTAL_ASSETS":5227955204.71,"TOTAL_LIABILITIES":3185268895.27,"TAX_EBT":-0.225062903817,"OCF_SALES":-12.184051927229,"TOTAL_PARENT_EQUITY":1927905273.21,"DEBT_ASSET_RATIO":60.9276241005,"OPERATE_PROFIT":-8724648.38,"PRETAX_PROFIT":-67636121.91,"NETCASH_OPERATE":-74083399.32,"NETCASH_INVEST":16060468.2,"NETCASH_FINANCE":47076499.12,"END_CASH":108734842.93,"DIVI_RATIO":null,"DIVIDEND_RATE":null,"CURRENT_RATIO":1.209382035324,"COMMON_ACS":4000000000,"CURRENTDEBT_DEBT":54.691079631201,"ISSUED_COMMON_SHARES":2598561326,"HK_COMMON_SHARES":2598561326,"PER_SHARES":2000,"TOTAL_MARKET_CAP":779568397.8,"HKSK_MARKET_CAP":779568397.8,"PE_TTM":-1.548463053138,"PB_TTM":0.483629903569,"REPORT_DATE_SQ":"2021-06-30 00:00:00","REPORT_TYPE_SQ":"2021年中报","OPERATE_INCOME_SQ":368177926.32,"DPS_HKD":null,"OPERATE_INCOME_QOQ_SQ":13.716156539691,"NET_PROFIT_RATIO_SQ":-19.727941891,"HOLDER_PROFIT_SQ":-69294790.32,"HOLDER_PROFIT_QOQ_SQ":8.416342732709,"ROE_AVG_SQ":-3.116839274443,"PE_TTM_SQ":-1035.89125789246,"PB_TTM_SQ":1.615604035241,"ROA_SQ":-1.621218122158,"START_DATE":"2022-01-01 00:00:00","FISCAL_YEAR":"12-31","CURRENCY":"HKD","IS_CNY_CODE":0,"DPS_HKD_LY":0.04,"ORG_TYPE":"一般企业","PREMIUM_INCOME":null,"PREMIUM_INCOME_YOY":null,"NET_INTEREST_INCOME":null,"NET_INTEREST_INCOME_YOY":null,"FEE_COMMISSION_INCOME":null,"FEE_COMMISSION_INCOME_YOY":null,"ACCOUNTS_RECE_TDAYS":3.396072755758,"INVENTORY_TDAYS":2.269974267788,"CURRENT_ASSETS_TDAYS":0.277853711532,"TOTAL_ASSETS_TDAYS":0.114565189018,"PREMIUM_EXPENSE":null,"LOAN_DEPOSIT":null,"LOAN_EQUITY":null,"LOAN_ASSETS":null,"DEPOSIT_EQUITY":null,"DEPOSIT_ASSETS":null,"EQUITY_MULTIPLIER":2.559352936643,"EQUITY_RATIO":1.652191598587},{"SECUCODE":"01198.HK","SECURITY_CODE":"01198","SECURITY_NAME_ABBR":"皇朝家居","ORG_CODE":"10010546","STD_REPORT_DATE":"2021-12-31 00:00:00","REPORT_DATE":"2021-12-31 00:00:00","DATE_TYPE_CODE":"001","REPORT_TYPE":"2021年年报","PER_NETCASH_OPERATE":0.005318915456,"PER_OI":0.480293188817,"BPS":0.81289861173,"BASIC_EPS":0.024519824,"DILUTED_EPS":0.024519824,"OPERATE_INCOME":1248071305.6,"OPERATE_INCOME_YOY":5.7510616631,"GROSS_PROFIT":260181577.6,"GROSS_PROFIT_YOY":94.422976612089,"HOLDER_PROFIT":62870987.2,"HOLDER_PROFIT_YOY":-89.2418646297,"GROSS_PROFIT_RATIO":20.846691726073,"EPS_TTM":0.024194536635,"OPERATE_INCOME_QOQ":-9.660625652297,"NET_PROFIT_RATIO":5.7844515515,"ROE_AVG":2.819523302308,"GROSS_PROFIT_QOQ":30.206840386023,"ROA":1.383934022826,"HOLDER_PROFIT_QOQ":-90.360449853782,"ROE_YEARLY":2.819523302308,"ROIC_YEARLY":1.471568014977,"TOTAL_ASSETS":5149940577.6,"TOTAL_LIABILITIES":2918042198.4,"TAX_EBT":25.090773355051,"OCF_SALES":1.107430956708,"TOTAL_PARENT_EQUITY":2112366894.4,"DEBT_ASSET_RATIO":56.6616673422,"OPERATE_PROFIT":207959012.8,"PRETAX_PROFIT":96375417.6,"NETCASH_OPERATE":13821528,"NETCASH_INVEST":-341347182.4,"NETCASH_FINANCE":252184632,"END_CASH":119739972.8,"DIVI_RATIO":null,"DIVIDEND_RATE":null,"CURRENT_RATIO":1.368581141528,"COMMON_ACS":4000000000,"CURRENTDEBT_DEBT":54.339157318199,"ISSUED_COMMON_SHARES":2598561326,"HK_COMMON_SHARES":2598561326,"PER_SHARES":2000,"TOTAL_MARKET_CAP":779568397.8,"HKSK_MARKET_CAP":779568397.8,"PE_TTM":-1.548463053138,"PB_TTM":0.483629903569,"REPORT_DATE_SQ":"2020-12-31 00:00:00","REPORT_TYPE_SQ":"2020年年报","OPERATE_INCOME_SQ":1214898923.6,"DPS_HKD":null,"OPERATE_INCOME_QOQ_SQ":94.012275333139,"NET_PROFIT_RATIO_SQ":48.9188009616,"HOLDER_PROFIT_SQ":601587439.2,"HOLDER_PROFIT_QOQ_SQ":905.902539722502,"ROE_AVG_SQ":29.485926861882,"PE_TTM_SQ":-1035.89125789246,"PB_TTM_SQ":1.615604035241,"ROA_SQ":18.630818106857,"START_DATE":"2021-01-01 00:00:00","FISCAL_YEAR":"12-31","CURRENCY":"HKD","IS_CNY_CODE":0,"DPS_HKD_LY":0.06,"ORG_TYPE":"一般企业","PREMIUM_INCOME":null,"PREMIUM_INCOME_YOY":null,"NET_INTEREST_INCOME":null,"NET_INTEREST_INCOME_YOY":null,"FEE_COMMISSION_INCOME":null,"FEE_COMMISSION_INCOME_YOY":null,"ACCOUNTS_RECE_TDAYS":13.576786587806,"INVENTORY_TDAYS":4.647445266705,"CURRENT_ASSETS_TDAYS":0.614925077324,"TOTAL_ASSETS_TDAYS":0.274728999759,"PREMIUM_EXPENSE":null,"LOAN_DEPOSIT":null,"LOAN_EQUITY":null,"LOAN_ASSETS":null,"DEPOSIT_EQUITY":null,"DEPOSIT_ASSETS":null,"EQUITY_MULTIPLIER":2.30742610219,"EQUITY_RATIO":1.381408791312},{"SECUCODE":"01198.HK","SECURITY_CODE":"01198","SECURITY_NAME_ABBR":"皇朝家居","ORG_CODE":"10010546","STD_REPORT_DATE":"2021-06-30 00:00:00","REPORT_DATE":"2021-06-30 00:00:00","DATE_TYPE_CODE":"002","REPORT_TYPE":"2021年中报","PER_NETCASH_OPERATE":0.17771957599,"PER_OI":0.141685294334,"BPS":0.791816627536,"BASIC_EPS":-0.026668164,"DILUTED_EPS":null,"OPERATE_INCOME":368177926.32,"OPERATE_INCOME_YOY":100.5443280653,"GROSS_PROFIT":55821750.96,"GROSS_PROFIT_YOY":648.47934224726,"HOLDER_PROFIT":-69294790.32,"HOLDER_PROFIT_YOY":36.5691479233,"GROSS_PROFIT_RATIO":15.161623489476,"EPS_TTM":0.250992383129,"OPERATE_INCOME_QOQ":13.716156539691,"NET_PROFIT_RATIO":-19.727941891,"ROE_AVG":-3.116839274443,"GROSS_PROFIT_QOQ":49.318558100085,"ROA":-1.621218122158,"HOLDER_PROFIT_QOQ":8.416342732709,"ROE_YEARLY":-6.233678548886,"ROIC_YEARLY":-3.747855578017,"TOTAL_ASSETS":4542883045.68,"TOTAL_LIABILITIES":2377318294.32,"TAX_EBT":null,"OCF_SALES":125.432619401147,"TOTAL_PARENT_EQUITY":2057584065.6,"DEBT_ASSET_RATIO":52.330607467,"OPERATE_PROFIT":-34319971.68,"PRETAX_PROFIT":-72633927.36,"NETCASH_OPERATE":461815217.04,"NETCASH_INVEST":-600572877.84,"NETCASH_FINANCE":676936187.76,"END_CASH":737682188.16,"DIVI_RATIO":null,"DIVIDEND_RATE":null,"CURRENT_RATIO":1.670893834237,"COMMON_ACS":4000000000,"CURRENTDEBT_DEBT":47.284096799564,"ISSUED_COMMON_SHARES":2598561326,"HK_COMMON_SHARES":2598561326,"PER_SHARES":2000,"TOTAL_MARKET_CAP":779568397.8,"HKSK_MARKET_CAP":779568397.8,"PE_TTM":-1.548463053138,"PB_TTM":0.483629903569,"REPORT_DATE_SQ":"2020-06-30 00:00:00","REPORT_TYPE_SQ":"2020年中报","OPERATE_INCOME_SQ":201540488.16,"DPS_HKD":null,"OPERATE_INCOME_QOQ_SQ":-17.959713925172,"NET_PROFIT_RATIO_SQ":-59.7981317899,"HOLDER_PROFIT_SQ":-119926451.04,"HOLDER_PROFIT_QOQ_SQ":-232.32435972904,"ROE_AVG_SQ":-6.911758744659,"PE_TTM_SQ":-1035.89125789246,"PB_TTM_SQ":1.615604035241,"ROA_SQ":-4.654142985215,"START_DATE":"2021-01-01 00:00:00","FISCAL_YEAR":"12-31","CURRENCY":"HKD","IS_CNY_CODE":0,"DPS_HKD_LY":0.06,"ORG_TYPE":"一般企业","PREMIUM_INCOME":null,"PREMIUM_INCOME_YOY":null,"NET_INTEREST_INCOME":null,"NET_INTEREST_INCOME_YOY":null,"FEE_COMMISSION_INCOME":null,"FEE_COMMISSION_INCOME_YOY":null,"ACCOUNTS_RECE_TDAYS":10.204420972522,"INVENTORY_TDAYS":1.351789701116,"CURRENT_ASSETS_TDAYS":0.193732701421,"TOTAL_ASSETS_TDAYS":0.086138759288,"PREMIUM_EXPENSE":null,"LOAN_DEPOSIT":null,"LOAN_EQUITY":null,"LOAN_ASSETS":null,"DEPOSIT_EQUITY":null,"DEPOSIT_ASSETS":null,"EQUITY_MULTIPLIER":2.097782134118,"EQUITY_RATIO":1.155393033055},{"SECUCODE":"01198.HK","SECURITY_CODE":"01198","SECURITY_NAME_ABBR":"皇朝家居","ORG_CODE":"10010546","STD_REPORT_DATE":"2020-12-31 00:00:00","REPORT_DATE":"2020-12-31 00:00:00","DATE_TYPE_CODE":"001","REPORT_TYPE":"2020年年报","PER_NETCASH_OPERATE":0.06623454934,"PER_OI":0.467527516647,"BPS":0.92987640548,"BASIC_EPS":0.2315099148,"DILUTED_EPS":0.2315099148,"OPERATE_INCOME":1214898923.6,"OPERATE_INCOME_YOY":69.4070068209,"GROSS_PROFIT":133822443.28,"GROSS_PROFIT_YOY":-43.565146595179,"HOLDER_PROFIT":601587439.2,"HOLDER_PROFIT_YOY":1035.0038109756,"GROSS_PROFIT_RATIO":11.015109214473,"EPS_TTM":0.231507885991,"OPERATE_INCOME_QOQ":94.012275333139,"NET_PROFIT_RATIO":48.9188009616,"ROE_AVG":29.485926861882,"GROSS_PROFIT_QOQ":15.790044617101,"ROA":18.630818106857,"HOLDER_PROFIT_QOQ":905.902539722502,"ROE_YEARLY":29.485926861882,"ROIC_YEARLY":21.266188848327,"TOTAL_ASSETS":4051622977.68,"TOTAL_LIABILITIES":1524014779.52,"TAX_EBT":32.125740847897,"OCF_SALES":14.166984184165,"TOTAL_PARENT_EQUITY":2416340865.24,"DEBT_ASSET_RATIO":37.6149209321,"OPERATE_PROFIT":909914678.44,"PRETAX_PROFIT":875610273.68,"NETCASH_OPERATE":172114538.36,"NETCASH_INVEST":-775484571.08,"NETCASH_FINANCE":430521584.28,"END_CASH":199409765.2,"DIVI_RATIO":null,"DIVIDEND_RATE":null,"CURRENT_RATIO":2.017965326945,"COMMON_ACS":4000000000,"CURRENTDEBT_DEBT":63.234992003393,"ISSUED_COMMON_SHARES":2598561326,"HK_COMMON_SHARES":2598561326,"PER_SHARES":2000,"TOTAL_MARKET_CAP":779568397.8,"HKSK_MARKET_CAP":779568397.8,"PE_TTM":-1.548463053138,"PB_TTM":0.483629903569,"REPORT_DATE_SQ":"2019-12-31 00:00:00","REPORT_TYPE_SQ":"2019年年报","OPERATE_INCOME_SQ":763279805.52,"DPS_HKD":null,"OPERATE_INCOME_QOQ_SQ":6.955260648248,"NET_PROFIT_RATIO_SQ":7.8856075223,"HOLDER_PROFIT_SQ":56412641.28,"HOLDER_PROFIT_QOQ_SQ":23.921301420579,"ROE_AVG_SQ":3.690363630557,"PE_TTM_SQ":-1035.89125789246,"PB_TTM_SQ":1.615604035241,"ROA_SQ":2.398834864697,"START_DATE":"2020-01-01 00:00:00","FISCAL_YEAR":"12-31","CURRENCY":"HKD","IS_CNY_CODE":0,"DPS_HKD_LY":null,"ORG_TYPE":"一般企业","PREMIUM_INCOME":null,"PREMIUM_INCOME_YOY":null,"NET_INTEREST_INCOME":null,"NET_INTEREST_INCOME_YOY":null,"FEE_COMMISSION_INCOME":null,"FEE_COMMISSION_INCOME_YOY":null,"ACCOUNTS_RECE_TDAYS":47.92861293268,"INVENTORY_TDAYS":4.576066007118,"CURRENT_ASSETS_TDAYS":0.911583953612,"TOTAL_ASSETS_TDAYS":0.376247231723,"PREMIUM_EXPENSE":null,"LOAN_DEPOSIT":null,"LOAN_EQUITY":null,"LOAN_ASSETS":null,"DEPOSIT_EQUITY":null,"DEPOSIT_ASSETS":null,"EQUITY_MULTIPLIER":1.60294739534,"EQUITY_RATIO":0.630711834346},{"SECUCODE":"01198.HK","SECURITY_CODE":"01198","SECURITY_NAME_ABBR":"皇朝家居","ORG_CODE":"10010546","STD_REPORT_DATE":"2020-06-30 00:00:00","REPORT_DATE":"2020-06-30 00:00:00","DATE_TYPE_CODE":"002","REPORT_TYPE":"2020年中报","PER_NETCASH_OPERATE":-0.027833513843,"PER_OI":0.077558488285,"BPS":0.640385595641,"BASIC_EPS":-0.0461469888,"DILUTED_EPS":null,"OPERATE_INCOME":201540488.16,"OPERATE_INCOME_YOY":-42.683427372,"GROSS_PROFIT":-10177548.48,"GROSS_PROFIT_YOY":-109.137976491804,"HOLDER_PROFIT":-119926451.04,"HOLDER_PROFIT_YOY":-1137.2995180533,"GROSS_PROFIT_RATIO":-5.049877854776,"EPS_TTM":-0.028726536347,"OPERATE_INCOME_QOQ":-17.959713925172,"NET_PROFIT_RATIO":-59.7981317899,"ROE_AVG":-6.911758744659,"GROSS_PROFIT_QOQ":-51.261048744353,"ROA":-4.654142985215,"HOLDER_PROFIT_QOQ":-232.32435972904,"ROE_YEARLY":-13.823517489317,"ROIC_YEARLY":-11.081055076535,"TOTAL_ASSETS":2541890688.48,"TOTAL_LIABILITIES":752061641.76,"TAX_EBT":null,"OCF_SALES":-35.887127842313,"TOTAL_PARENT_EQUITY":1664081242.56,"DEBT_ASSET_RATIO":29.5867027315,"OPERATE_PROFIT":-112124760,"PRETAX_PROFIT":-120517446.72,"NETCASH_OPERATE":-72327092.64,"NETCASH_INVEST":-220466051.52,"NETCASH_FINANCE":59472251.52,"END_CASH":167340381.12,"DIVI_RATIO":null,"DIVIDEND_RATE":null,"CURRENT_RATIO":1.147694828477,"COMMON_ACS":4000000000,"CURRENTDEBT_DEBT":64.19414353193,"ISSUED_COMMON_SHARES":2598561326,"HK_COMMON_SHARES":2598561326,"PER_SHARES":2000,"TOTAL_MARKET_CAP":779568397.8,"HKSK_MARKET_CAP":779568397.8,"PE_TTM":-1.548463053138,"PB_TTM":0.483629903569,"REPORT_DATE_SQ":"2019-06-30 00:00:00","REPORT_TYPE_SQ":"2019年中报","OPERATE_INCOME_SQ":338623357.68,"DPS_HKD":null,"OPERATE_INCOME_QOQ_SQ":-2.358433257379,"NET_PROFIT_RATIO_SQ":3.4014983842,"HOLDER_PROFIT_SQ":11133856.62,"HOLDER_PROFIT_QOQ_SQ":-1.312569803489,"ROE_AVG_SQ":0.850785516279,"PE_TTM_SQ":-1035.89125789246,"PB_TTM_SQ":1.615604035241,"ROA_SQ":0.513523557898,"START_DATE":"2020-01-01 00:00:00","FISCAL_YEAR":"12-31","CURRENCY":"HKD","IS_CNY_CODE":0,"DPS_HKD_LY":null,"ORG_TYPE":"一般企业","PREMIUM_INCOME":null,"PREMIUM_INCOME_YOY":null,"NET_INTEREST_INCOME":null,"NET_INTEREST_INCOME_YOY":null,"FEE_COMMISSION_INCOME":null,"FEE_COMMISSION_INCOME_YOY":null,"ACCOUNTS_RECE_TDAYS":9.14869179417,"INVENTORY_TDAYS":0.780817533789,"CURRENT_ASSETS_TDAYS":0.30163903498,"TOTAL_ASSETS_TDAYS":0.078214459035,"PREMIUM_EXPENSE":null,"LOAN_DEPOSIT":null,"LOAN_EQUITY":null,"LOAN_ASSETS":null,"DEPOSIT_EQUITY":null,"DEPOSIT_ASSETS":null,"EQUITY_MULTIPLIER":1.420186298316,"EQUITY_RATIO":0.451938055983}],"count":46},"success":true,"message":"ok","code":0}