{"version":"a772d4c7cf25d322505151431596876b","result":{"pages":5,"data":[{"SECUCODE":"01196.HK","SECURITY_CODE":"01196","SECURITY_NAME_ABBR":"伟禄集团","ORG_CODE":"10010545","STD_REPORT_DATE":"2024-06-30 00:00:00","REPORT_DATE":"2024-06-30 00:00:00","DATE_TYPE_CODE":"002","REPORT_TYPE":"2024年中报","PER_NETCASH_OPERATE":0.060660780698,"PER_OI":0.221474311983,"BPS":1.85310145543,"BASIC_EPS":-0.3265203968,"DILUTED_EPS":-0.3265203968,"OPERATE_INCOME":319080229.44,"OPERATE_INCOME_YOY":-10.9208625395,"GROSS_PROFIT":124031386.64,"GROSS_PROFIT_YOY":-13.253590909848,"HOLDER_PROFIT":-470417176.32,"HOLDER_PROFIT_YOY":-1161.3949465621,"GROSS_PROFIT_RATIO":38.871536120455,"EPS_TTM":-0.309356066552,"OPERATE_INCOME_QOQ":-5.888346309766,"NET_PROFIT_RATIO":-157.5939337773,"ROE_AVG":-15.815039543429,"GROSS_PROFIT_QOQ":-6.547820606135,"ROA":-2.55676698426,"HOLDER_PROFIT_QOQ":-741.310652868775,"ROE_YEARLY":-31.630079086858,"ROIC_YEARLY":-5.550621092202,"TOTAL_ASSETS":18105279460.52,"TOTAL_LIABILITIES":14109820145.56,"TAX_EBT":9.928657139027,"OCF_SALES":27.389533420288,"TOTAL_PARENT_EQUITY":2669781575.48,"DEBT_ASSET_RATIO":77.93207598,"OPERATE_PROFIT":-213704934.68,"PRETAX_PROFIT":-558280879.92,"NETCASH_OPERATE":87394586.08,"NETCASH_INVEST":10946683.92,"NETCASH_FINANCE":-179409158.32,"END_CASH":58416083.4,"DIVI_RATIO":null,"DIVIDEND_RATE":null,"CURRENT_RATIO":1.017628193583,"COMMON_ACS":20000000000,"CURRENTDEBT_DEBT":61.953320512528,"ISSUED_COMMON_SHARES":1440709880,"HK_COMMON_SHARES":1440709880,"PER_SHARES":2000,"TOTAL_MARKET_CAP":10171411752.8,"HKSK_MARKET_CAP":10171411752.8,"PE_TTM":-20.873168983123,"PB_TTM":3.477154896792,"REPORT_DATE_SQ":"2023-06-30 00:00:00","REPORT_TYPE_SQ":"2023年中报","OPERATE_INCOME_SQ":361848568.62,"DPS_HKD":null,"OPERATE_INCOME_QOQ_SQ":-12.791687408275,"NET_PROFIT_RATIO_SQ":6.6336449503,"HOLDER_PROFIT_SQ":44772270.78,"HOLDER_PROFIT_QOQ_SQ":0.898769690377,"ROE_AVG_SQ":1.376900056722,"PE_TTM_SQ":69.352576726274,"PB_TTM_SQ":2.2597919936,"ROA_SQ":0.245471538917,"START_DATE":"2024-01-01 00:00:00","FISCAL_YEAR":"12-31","CURRENCY":"HKD","IS_CNY_CODE":0,"DPS_HKD_LY":null,"ORG_TYPE":"一般企业","PREMIUM_INCOME":null,"PREMIUM_INCOME_YOY":null,"NET_INTEREST_INCOME":null,"NET_INTEREST_INCOME_YOY":null,"FEE_COMMISSION_INCOME":null,"FEE_COMMISSION_INCOME_YOY":null,"ACCOUNTS_RECE_TDAYS":0.443999100846,"INVENTORY_TDAYS":0.027803475961,"CURRENT_ASSETS_TDAYS":0.03582645309,"TOTAL_ASSETS_TDAYS":0.017342347113,"PREMIUM_EXPENSE":null,"LOAN_DEPOSIT":null,"LOAN_EQUITY":null,"LOAN_ASSETS":null,"DEPOSIT_EQUITY":null,"DEPOSIT_ASSETS":null,"EQUITY_MULTIPLIER":4.531463852666,"EQUITY_RATIO":5.285009183953},{"SECUCODE":"01196.HK","SECURITY_CODE":"01196","SECURITY_NAME_ABBR":"伟禄集团","ORG_CODE":"10010545","STD_REPORT_DATE":"2023-12-31 00:00:00","REPORT_DATE":"2023-12-31 00:00:00","DATE_TYPE_CODE":"001","REPORT_TYPE":"2023年年报","PER_NETCASH_OPERATE":-0.008768390483,"PER_OI":0.504141567142,"BPS":2.259992261995,"BASIC_EPS":0.048210904,"DILUTED_EPS":0.048210904,"OPERATE_INCOME":726321736.7,"OPERATE_INCOME_YOY":-33.1432837564,"GROSS_PROFIT":289412231.64,"GROSS_PROFIT_YOY":12.73282541594,"HOLDER_PROFIT":69497105.58,"HOLDER_PROFIT_YOY":-32.0054616224,"GROSS_PROFIT_RATIO":39.846285332851,"EPS_TTM":0.048238098832,"OPERATE_INCOME_QOQ":-22.225352305339,"NET_PROFIT_RATIO":5.1466964447,"ROE_AVG":2.129099990297,"GROSS_PROFIT_QOQ":2.673981360035,"ROA":0.380113250344,"HOLDER_PROFIT_QOQ":-32.886744095399,"ROE_YEARLY":2.129099990297,"ROIC_YEARLY":0.414896925254,"TOTAL_ASSETS":18560227478.38,"TOTAL_LIABILITIES":13940260826.52,"TAX_EBT":87.133459555395,"OCF_SALES":-1.73927147732,"TOTAL_PARENT_EQUITY":3255993180.58,"DEBT_ASSET_RATIO":75.108243381,"OPERATE_PROFIT":985061140,"PRETAX_PROFIT":290533225.78,"NETCASH_OPERATE":-12632706.8,"NETCASH_INVEST":71671127.36,"NETCASH_FINANCE":-75650339.38,"END_CASH":138886370.98,"DIVI_RATIO":null,"DIVIDEND_RATE":null,"CURRENT_RATIO":4.729582226585,"COMMON_ACS":20000000000,"CURRENTDEBT_DEBT":13.428817490837,"ISSUED_COMMON_SHARES":1440709880,"HK_COMMON_SHARES":1440709880,"PER_SHARES":2000,"TOTAL_MARKET_CAP":10272261444.4,"HKSK_MARKET_CAP":10272261444.4,"PE_TTM":-21.080126749245,"PB_TTM":3.511630936845,"REPORT_DATE_SQ":"2022-12-31 00:00:00","REPORT_TYPE_SQ":"2022年年报","OPERATE_INCOME_SQ":1070861008.7,"DPS_HKD":null,"OPERATE_INCOME_QOQ_SQ":-3.116792132433,"NET_PROFIT_RATIO_SQ":50.4802262243,"HOLDER_PROFIT_SQ":100749243.49,"HOLDER_PROFIT_QOQ_SQ":-1.652619531079,"ROE_AVG_SQ":2.966662104902,"PE_TTM_SQ":69.352576726274,"PB_TTM_SQ":2.2597919936,"ROA_SQ":0.59503232017,"START_DATE":"2023-01-01 00:00:00","FISCAL_YEAR":"12-31","CURRENCY":"HKD","IS_CNY_CODE":0,"DPS_HKD_LY":null,"ORG_TYPE":"一般企业","PREMIUM_INCOME":null,"PREMIUM_INCOME_YOY":null,"NET_INTEREST_INCOME":null,"NET_INTEREST_INCOME_YOY":null,"FEE_COMMISSION_INCOME":null,"FEE_COMMISSION_INCOME_YOY":null,"ACCOUNTS_RECE_TDAYS":0.825033094586,"INVENTORY_TDAYS":0.062965225486,"CURRENT_ASSETS_TDAYS":0.081240926427,"TOTAL_ASSETS_TDAYS":0.039726045254,"PREMIUM_EXPENSE":null,"LOAN_DEPOSIT":null,"LOAN_EQUITY":null,"LOAN_ASSETS":null,"DEPOSIT_EQUITY":null,"DEPOSIT_ASSETS":null,"EQUITY_MULTIPLIER":4.017394253472,"EQUITY_RATIO":4.28141585482},{"SECUCODE":"01196.HK","SECURITY_CODE":"01196","SECURITY_NAME_ABBR":"伟禄集团","ORG_CODE":"10010545","STD_REPORT_DATE":"2023-06-30 00:00:00","REPORT_DATE":"2023-06-30 00:00:00","DATE_TYPE_CODE":"002","REPORT_TYPE":"2023年中报","PER_NETCASH_OPERATE":0.004641545833,"PER_OI":0.251159913348,"BPS":2.203163837247,"BASIC_EPS":0.0310799458,"DILUTED_EPS":0.0310522864,"OPERATE_INCOME":361848568.62,"OPERATE_INCOME_YOY":-32.7154091312,"GROSS_PROFIT":142981580.38,"GROSS_PROFIT_YOY":21.344987861641,"HOLDER_PROFIT":44772270.78,"HOLDER_PROFIT_YOY":-5.2930277913,"GROSS_PROFIT_RATIO":39.514203669589,"EPS_TTM":0.071875664773,"OPERATE_INCOME_QOQ":-12.791687408275,"NET_PROFIT_RATIO":6.6336449503,"ROE_AVG":1.376900056722,"GROSS_PROFIT_QOQ":9.796877380875,"ROA":0.245471538917,"HOLDER_PROFIT_QOQ":0.898769690377,"ROE_YEARLY":2.753800113444,"ROIC_YEARLY":0.536148807378,"TOTAL_ASSETS":18159139215.88,"TOTAL_LIABILITIES":13599464998.36,"TAX_EBT":79.486755227785,"OCF_SALES":1.848044049339,"TOTAL_PARENT_EQUITY":3174119907.58,"DEBT_ASSET_RATIO":74.890471606,"OPERATE_PROFIT":477146777.52,"PRETAX_PROFIT":117015857.64,"NETCASH_OPERATE":6687120.94,"NETCASH_INVEST":59814374.48,"NETCASH_FINANCE":-124433186.74,"END_CASH":100218304.02,"DIVI_RATIO":null,"DIVIDEND_RATE":null,"CURRENT_RATIO":1.788509720704,"COMMON_ACS":20000000000,"CURRENTDEBT_DEBT":36.778388372507,"ISSUED_COMMON_SHARES":1440709880,"HK_COMMON_SHARES":1440709880,"PER_SHARES":2000,"TOTAL_MARKET_CAP":10272261444.4,"HKSK_MARKET_CAP":10272261444.4,"PE_TTM":-21.080126749245,"PB_TTM":3.511630936845,"REPORT_DATE_SQ":"2022-06-30 00:00:00","REPORT_TYPE_SQ":"2022年中报","OPERATE_INCOME_SQ":498829761.43,"DPS_HKD":null,"OPERATE_INCOME_QOQ_SQ":13.122005956188,"NET_PROFIT_RATIO_SQ":34.9888650207,"HOLDER_PROFIT_SQ":43849867.25,"HOLDER_PROFIT_QOQ_SQ":4.449968851026,"ROE_AVG_SQ":1.281247509032,"PE_TTM_SQ":69.352576726274,"PB_TTM_SQ":2.2597919936,"ROA_SQ":0.271934486249,"START_DATE":"2023-01-01 00:00:00","FISCAL_YEAR":"12-31","CURRENCY":"HKD","IS_CNY_CODE":0,"DPS_HKD_LY":null,"ORG_TYPE":"一般企业","PREMIUM_INCOME":null,"PREMIUM_INCOME_YOY":null,"NET_INTEREST_INCOME":null,"NET_INTEREST_INCOME_YOY":null,"FEE_COMMISSION_INCOME":null,"FEE_COMMISSION_INCOME_YOY":null,"ACCOUNTS_RECE_TDAYS":0.377304019543,"INVENTORY_TDAYS":0.031480765493,"CURRENT_ASSETS_TDAYS":0.039918515044,"TOTAL_ASSETS_TDAYS":0.019838959125,"PREMIUM_EXPENSE":null,"LOAN_DEPOSIT":null,"LOAN_EQUITY":null,"LOAN_ASSETS":null,"DEPOSIT_EQUITY":null,"DEPOSIT_ASSETS":null,"EQUITY_MULTIPLIER":3.982551899457,"EQUITY_RATIO":4.284483697633},{"SECUCODE":"01196.HK","SECURITY_CODE":"01196","SECURITY_NAME_ABBR":"伟禄集团","ORG_CODE":"10010545","STD_REPORT_DATE":"2022-12-31 00:00:00","REPORT_DATE":"2022-12-31 00:00:00","DATE_TYPE_CODE":"001","REPORT_TYPE":"2022年年报","PER_NETCASH_OPERATE":-0.814882092806,"PER_OI":0.743287058391,"BPS":2.239805067735,"BASIC_EPS":0.069943041,"DILUTED_EPS":0.069853714,"OPERATE_INCOME":1070861008.7,"OPERATE_INCOME_YOY":0.3121969343,"GROSS_PROFIT":256724011.46,"GROSS_PROFIT_YOY":15.107897646825,"HOLDER_PROFIT":100749243.49,"HOLDER_PROFIT_YOY":-5.9780518343,"GROSS_PROFIT_RATIO":23.973607160434,"EPS_TTM":0.071235422388,"OPERATE_INCOME_QOQ":-3.116792132433,"NET_PROFIT_RATIO":50.4802262243,"ROE_AVG":2.966662104902,"GROSS_PROFIT_QOQ":11.299841987454,"ROA":0.59503232017,"HOLDER_PROFIT_QOQ":-1.652619531079,"ROE_YEARLY":2.966662104902,"ROIC_YEARLY":0.646719178779,"TOTAL_ASSETS":17748986373.79,"TOTAL_LIABILITIES":13136838630.93,"TAX_EBT":-63.504354668041,"OCF_SALES":-109.632218616795,"TOTAL_PARENT_EQUITY":3225553306.5,"DEBT_ASSET_RATIO":74.0053398956,"OPERATE_PROFIT":979398200.13,"PRETAX_PROFIT":329232523.9,"NETCASH_OPERATE":-1174008682.14,"NETCASH_INVEST":-14707690.55,"NETCASH_FINANCE":1141116694.2,"END_CASH":153553113,"DIVI_RATIO":null,"DIVIDEND_RATE":null,"CURRENT_RATIO":1.465054286916,"COMMON_ACS":20000000000,"CURRENTDEBT_DEBT":46.233155105522,"ISSUED_COMMON_SHARES":1440709880,"HK_COMMON_SHARES":1440709880,"PER_SHARES":2000,"TOTAL_MARKET_CAP":10272261444.4,"HKSK_MARKET_CAP":10272261444.4,"PE_TTM":-21.080126749245,"PB_TTM":3.511630936845,"REPORT_DATE_SQ":"2021-12-31 00:00:00","REPORT_TYPE_SQ":"2021年年报","OPERATE_INCOME_SQ":977096590.4,"DPS_HKD":null,"OPERATE_INCOME_QOQ_SQ":18.771057116175,"NET_PROFIT_RATIO_SQ":9.7009486402,"HOLDER_PROFIT_SQ":99908267.2,"HOLDER_PROFIT_QOQ_SQ":-86.543392364119,"ROE_AVG_SQ":3.19948785991,"PE_TTM_SQ":69.352576726274,"PB_TTM_SQ":2.2597919936,"ROA_SQ":0.689077634255,"START_DATE":"2022-01-01 00:00:00","FISCAL_YEAR":"12-31","CURRENCY":"HKD","IS_CNY_CODE":0,"DPS_HKD_LY":null,"ORG_TYPE":"一般企业","PREMIUM_INCOME":null,"PREMIUM_INCOME_YOY":null,"NET_INTEREST_INCOME":null,"NET_INTEREST_INCOME_YOY":null,"FEE_COMMISSION_INCOME":null,"FEE_COMMISSION_INCOME_YOY":null,"ACCOUNTS_RECE_TDAYS":1.382174046636,"INVENTORY_TDAYS":0.144628465725,"CURRENT_ASSETS_TDAYS":0.142738917659,"TOTAL_ASSETS_TDAYS":0.062087064003,"PREMIUM_EXPENSE":null,"LOAN_DEPOSIT":null,"LOAN_EQUITY":null,"LOAN_ASSETS":null,"DEPOSIT_EQUITY":null,"DEPOSIT_ASSETS":null,"EQUITY_MULTIPLIER":3.846943933807,"EQUITY_RATIO":4.072739583766},{"SECUCODE":"01196.HK","SECURITY_CODE":"01196","SECURITY_NAME_ABBR":"伟禄集团","ORG_CODE":"10010545","STD_REPORT_DATE":"2022-06-30 00:00:00","REPORT_DATE":"2022-06-30 00:00:00","DATE_TYPE_CODE":"002","REPORT_TYPE":"2022年中报","PER_NETCASH_OPERATE":-0.264827501384,"PER_OI":0.346238870403,"BPS":2.297692850375,"BASIC_EPS":0.0304533159,"DILUTED_EPS":0.0303934526,"OPERATE_INCOME":498829761.43,"OPERATE_INCOME_YOY":30.9579082549,"GROSS_PROFIT":117830643.77,"GROSS_PROFIT_YOY":6.924511354967,"HOLDER_PROFIT":43849867.25,"HOLDER_PROFIT_YOY":8.2756144945,"GROSS_PROFIT_RATIO":23.621414133795,"EPS_TTM":0.072432455291,"OPERATE_INCOME_QOQ":13.122005956188,"NET_PROFIT_RATIO":34.9888650207,"ROE_AVG":1.281247509032,"GROSS_PROFIT_QOQ":3.421438513633,"ROA":0.271934486249,"HOLDER_PROFIT_QOQ":4.449968851026,"ROE_YEARLY":2.562495018065,"ROIC_YEARLY":0.588924819397,"TOTAL_ASSETS":16217741061.76,"TOTAL_LIABILITIES":11839358969.13,"TAX_EBT":-32.671780536956,"OCF_SALES":-76.486935471981,"TOTAL_PARENT_EQUITY":3310308790.74,"DEBT_ASSET_RATIO":73.0025157267,"OPERATE_PROFIT":437044849.5,"PRETAX_PROFIT":131553877.7,"NETCASH_OPERATE":-381539597.74,"NETCASH_INVEST":-1180162.2,"NETCASH_FINANCE":423914262.24,"END_CASH":234603417.51,"DIVI_RATIO":null,"DIVIDEND_RATE":null,"CURRENT_RATIO":1.198036044579,"COMMON_ACS":20000000000,"CURRENTDEBT_DEBT":42.274063218287,"ISSUED_COMMON_SHARES":1440709880,"HK_COMMON_SHARES":1440709880,"PER_SHARES":2000,"TOTAL_MARKET_CAP":10272261444.4,"HKSK_MARKET_CAP":10272261444.4,"PE_TTM":-21.080126749245,"PB_TTM":3.511630936845,"REPORT_DATE_SQ":"2021-06-30 00:00:00","REPORT_TYPE_SQ":"2021年中报","OPERATE_INCOME_SQ":370615088.64,"DPS_HKD":null,"OPERATE_INCOME_QOQ_SQ":12.437283858733,"NET_PROFIT_RATIO_SQ":11.9250215533,"HOLDER_PROFIT_SQ":39403980.48,"HOLDER_PROFIT_QOQ_SQ":-0.343547478718,"ROE_AVG_SQ":1.324869788935,"PE_TTM_SQ":69.352576726274,"PB_TTM_SQ":2.2597919936,"ROA_SQ":0.276288849619,"START_DATE":"2022-01-01 00:00:00","FISCAL_YEAR":"12-31","CURRENCY":"HKD","IS_CNY_CODE":0,"DPS_HKD_LY":null,"ORG_TYPE":"一般企业","PREMIUM_INCOME":null,"PREMIUM_INCOME_YOY":null,"NET_INTEREST_INCOME":null,"NET_INTEREST_INCOME_YOY":null,"FEE_COMMISSION_INCOME":null,"FEE_COMMISSION_INCOME_YOY":null,"ACCOUNTS_RECE_TDAYS":0.870916206172,"INVENTORY_TDAYS":0.089152359797,"CURRENT_ASSETS_TDAYS":0.084244451706,"TOTAL_ASSETS_TDAYS":0.0309348747,"PREMIUM_EXPENSE":null,"LOAN_DEPOSIT":null,"LOAN_EQUITY":null,"LOAN_ASSETS":null,"DEPOSIT_EQUITY":null,"DEPOSIT_ASSETS":null,"EQUITY_MULTIPLIER":3.704048828687,"EQUITY_RATIO":3.576511956301},{"SECUCODE":"01196.HK","SECURITY_CODE":"01196","SECURITY_NAME_ABBR":"伟禄集团","ORG_CODE":"10010545","STD_REPORT_DATE":"2021-12-31 00:00:00","REPORT_DATE":"2021-12-31 00:00:00","DATE_TYPE_CODE":"001","REPORT_TYPE":"2021年年报","PER_NETCASH_OPERATE":-0.112691958744,"PER_OI":0.678676033257,"BPS":2.345510164198,"BASIC_EPS":0.06941424,"DILUTED_EPS":0.06925072,"OPERATE_INCOME":977096590.4,"OPERATE_INCOME_YOY":37.4695315187,"GROSS_PROFIT":223029016,"GROSS_PROFIT_YOY":31.769971275589,"HOLDER_PROFIT":99908267.2,"HOLDER_PROFIT_YOY":-86.1953151036,"GROSS_PROFIT_RATIO":22.825687674204,"EPS_TTM":0.06939472222,"OPERATE_INCOME_QOQ":18.771057116175,"NET_PROFIT_RATIO":9.7009486402,"ROE_AVG":3.19948785991,"GROSS_PROFIT_QOQ":11.320468475166,"ROA":0.689077634255,"HOLDER_PROFIT_QOQ":-86.543392364119,"ROE_YEARLY":3.19948785991,"ROIC_YEARLY":0.765391839351,"TOTAL_ASSETS":15327861976,"TOTAL_LIABILITIES":11022969865.6,"TAX_EBT":72.942140234837,"OCF_SALES":-16.604676343572,"TOTAL_PARENT_EQUITY":3379199667.2,"DEBT_ASSET_RATIO":71.9145950222,"OPERATE_PROFIT":1015370899.2,"PRETAX_PROFIT":350314619.2,"NETCASH_OPERATE":-162243726.4,"NETCASH_INVEST":-218192912,"NETCASH_FINANCE":-477829968,"END_CASH":187757752,"DIVI_RATIO":null,"DIVIDEND_RATE":null,"CURRENT_RATIO":6.314500746795,"COMMON_ACS":20000000000,"CURRENTDEBT_DEBT":8.030103012096,"ISSUED_COMMON_SHARES":1440709880,"HK_COMMON_SHARES":1440709880,"PER_SHARES":2000,"TOTAL_MARKET_CAP":10272261444.4,"HKSK_MARKET_CAP":10272261444.4,"PE_TTM":-21.080126749245,"PB_TTM":3.511630936845,"REPORT_DATE_SQ":"2020-12-31 00:00:00","REPORT_TYPE_SQ":"2020年年报","OPERATE_INCOME_SQ":731672159.24,"DPS_HKD":null,"OPERATE_INCOME_QOQ_SQ":9.651675953521,"NET_PROFIT_RATIO_SQ":102.643036507,"HOLDER_PROFIT_SQ":745007103.4,"HOLDER_PROFIT_QOQ_SQ":222.823648569223,"ROE_AVG_SQ":30.259848718703,"PE_TTM_SQ":69.352576726274,"PB_TTM_SQ":2.2597919936,"ROA_SQ":6.041724988126,"START_DATE":"2021-01-01 00:00:00","FISCAL_YEAR":"12-31","CURRENCY":"HKD","IS_CNY_CODE":0,"DPS_HKD_LY":null,"ORG_TYPE":"一般企业","PREMIUM_INCOME":null,"PREMIUM_INCOME_YOY":null,"NET_INTEREST_INCOME":null,"NET_INTEREST_INCOME_YOY":null,"FEE_COMMISSION_INCOME":null,"FEE_COMMISSION_INCOME_YOY":null,"ACCOUNTS_RECE_TDAYS":1.899285709177,"INVENTORY_TDAYS":0.276356102871,"CURRENT_ASSETS_TDAYS":0.21513734081,"TOTAL_ASSETS_TDAYS":0.067391360677,"PREMIUM_EXPENSE":null,"LOAN_DEPOSIT":null,"LOAN_EQUITY":null,"LOAN_ASSETS":null,"DEPOSIT_EQUITY":null,"DEPOSIT_ASSETS":null,"EQUITY_MULTIPLIER":3.560568205409,"EQUITY_RATIO":3.262006081675},{"SECUCODE":"01196.HK","SECURITY_CODE":"01196","SECURITY_NAME_ABBR":"伟禄集团","ORG_CODE":"10010545","STD_REPORT_DATE":"2021-06-30 00:00:00","REPORT_DATE":"2021-06-30 00:00:00","DATE_TYPE_CODE":"002","REPORT_TYPE":"2021年中报","PER_NETCASH_OPERATE":-0.092988437877,"PER_OI":0.257691936201,"BPS":2.104191542852,"BASIC_EPS":0.0274003944,"DILUTED_EPS":0.027333828,"OPERATE_INCOME":370615088.64,"OPERATE_INCOME_YOY":45.5049132344,"GROSS_PROFIT":110199843.12,"GROSS_PROFIT_YOY":39.303811469353,"HOLDER_PROFIT":39403980.48,"HOLDER_PROFIT_YOY":3.0822812364,"GROSS_PROFIT_RATIO":29.734311013722,"EPS_TTM":0.516230392104,"OPERATE_INCOME_QOQ":12.437283858733,"NET_PROFIT_RATIO":11.9250215533,"ROE_AVG":1.324869788935,"GROSS_PROFIT_QOQ":18.369939581223,"ROA":0.276288849619,"HOLDER_PROFIT_QOQ":-0.343547478718,"ROE_YEARLY":2.649739577869,"ROIC_YEARLY":0.6194936559,"TOTAL_ASSETS":14611840689.6,"TOTAL_LIABILITIES":10735642606.08,"TAX_EBT":77.91329152875,"OCF_SALES":-36.085117465335,"TOTAL_PARENT_EQUITY":3031529545.2,"DEBT_ASSET_RATIO":73.4722122567,"OPERATE_PROFIT":485031081.12,"PRETAX_PROFIT":200101926.72,"NETCASH_OPERATE":-133736890.08,"NETCASH_INVEST":-223718021.28,"NETCASH_FINANCE":-289066256.16,"END_CASH":418786696.08,"DIVI_RATIO":null,"DIVIDEND_RATE":null,"CURRENT_RATIO":6.432503619728,"COMMON_ACS":20000000000,"CURRENTDEBT_DEBT":8.554169467228,"ISSUED_COMMON_SHARES":1440709880,"HK_COMMON_SHARES":1440709880,"PER_SHARES":2000,"TOTAL_MARKET_CAP":10272261444.4,"HKSK_MARKET_CAP":10272261444.4,"PE_TTM":-21.080126749245,"PB_TTM":3.511630936845,"REPORT_DATE_SQ":"2020-06-30 00:00:00","REPORT_TYPE_SQ":"2020年中报","OPERATE_INCOME_SQ":279614945.28,"DPS_HKD":null,"OPERATE_INCOME_QOQ_SQ":-10.133298272369,"NET_PROFIT_RATIO_SQ":15.6775951286,"HOLDER_PROFIT_SQ":41963433.6,"HOLDER_PROFIT_QOQ_SQ":-62.958012330741,"ROE_AVG_SQ":1.978627890039,"PE_TTM_SQ":69.352576726274,"PB_TTM_SQ":2.2597919936,"ROA_SQ":0.34211621518,"START_DATE":"2021-01-01 00:00:00","FISCAL_YEAR":"12-31","CURRENCY":"HKD","IS_CNY_CODE":0,"DPS_HKD_LY":null,"ORG_TYPE":"一般企业","PREMIUM_INCOME":null,"PREMIUM_INCOME_YOY":null,"NET_INTEREST_INCOME":null,"NET_INTEREST_INCOME_YOY":null,"FEE_COMMISSION_INCOME":null,"FEE_COMMISSION_INCOME_YOY":null,"ACCOUNTS_RECE_TDAYS":0.787561908433,"INVENTORY_TDAYS":0.093733069098,"CURRENT_ASSETS_TDAYS":0.078326887543,"TOTAL_ASSETS_TDAYS":0.025986414379,"PREMIUM_EXPENSE":null,"LOAN_DEPOSIT":null,"LOAN_EQUITY":null,"LOAN_ASSETS":null,"DEPOSIT_EQUITY":null,"DEPOSIT_ASSETS":null,"EQUITY_MULTIPLIER":3.76963209174,"EQUITY_RATIO":3.54132870751},{"SECUCODE":"01196.HK","SECURITY_CODE":"01196","SECURITY_NAME_ABBR":"伟禄集团","ORG_CODE":"10010545","STD_REPORT_DATE":"2020-12-31 00:00:00","REPORT_DATE":"2020-12-31 00:00:00","DATE_TYPE_CODE":"001","REPORT_TYPE":"2020年年报","PER_NETCASH_OPERATE":-0.098110486433,"PER_OI":0.508738098253,"BPS":2.047836223154,"BASIC_EPS":0.51802942,"DILUTED_EPS":0.517776928,"OPERATE_INCOME":731672159.24,"OPERATE_INCOME_YOY":4.8791286745,"GROSS_PROFIT":169256328.92,"GROSS_PROFIT_YOY":0.443104711911,"HOLDER_PROFIT":745007103.4,"HOLDER_PROFIT_YOY":313.0260463169,"GROSS_PROFIT_RATIO":23.132809795006,"EPS_TTM":0.518010002407,"OPERATE_INCOME_QOQ":9.651675953521,"NET_PROFIT_RATIO":102.643036507,"ROE_AVG":30.259848718703,"GROSS_PROFIT_QOQ":6.653322948893,"ROA":6.041724988126,"HOLDER_PROFIT_QOQ":222.823648569223,"ROE_YEARLY":30.259848718703,"ROIC_YEARLY":6.896988321203,"TOTAL_ASSETS":14071754531.44,"TOTAL_LIABILITIES":10358797390.08,"TAX_EBT":38.459554335607,"OCF_SALES":-19.285067654695,"TOTAL_PARENT_EQUITY":2950337879.32,"DEBT_ASSET_RATIO":73.6141137691,"OPERATE_PROFIT":1750907457.28,"PRETAX_PROFIT":1220352750.8,"NETCASH_OPERATE":-141103470.92,"NETCASH_INVEST":11628098.24,"NETCASH_FINANCE":703021892,"END_CASH":1067447803.8,"DIVI_RATIO":null,"DIVIDEND_RATE":null,"CURRENT_RATIO":3.521398649339,"COMMON_ACS":20000000000,"CURRENTDEBT_DEBT":9.86058353548,"ISSUED_COMMON_SHARES":1440709880,"HK_COMMON_SHARES":1440709880,"PER_SHARES":2000,"TOTAL_MARKET_CAP":10272261444.4,"HKSK_MARKET_CAP":10272261444.4,"PE_TTM":-21.080126749245,"PB_TTM":3.511630936845,"REPORT_DATE_SQ":"2019-12-31 00:00:00","REPORT_TYPE_SQ":"2019年年报","OPERATE_INCOME_SQ":742510250.44,"DPS_HKD":null,"OPERATE_INCOME_QOQ_SQ":-15.599514473391,"NET_PROFIT_RATIO_SQ":-48.8225330499,"HOLDER_PROFIT_SQ":-372222567.62,"HOLDER_PROFIT_QOQ_SQ":-652.090361242231,"ROE_AVG_SQ":-15.909852757027,"PE_TTM_SQ":69.352576726274,"PB_TTM_SQ":2.2597919936,"ROA_SQ":-3.462075794089,"START_DATE":"2020-01-01 00:00:00","FISCAL_YEAR":"12-31","CURRENCY":"HKD","IS_CNY_CODE":0,"DPS_HKD_LY":null,"ORG_TYPE":"一般企业","PREMIUM_INCOME":null,"PREMIUM_INCOME_YOY":null,"NET_INTEREST_INCOME":null,"NET_INTEREST_INCOME_YOY":null,"FEE_COMMISSION_INCOME":null,"FEE_COMMISSION_INCOME_YOY":null,"ACCOUNTS_RECE_TDAYS":1.6990084536,"INVENTORY_TDAYS":0.397710882059,"CURRENT_ASSETS_TDAYS":0.236492534705,"TOTAL_ASSETS_TDAYS":0.059335836496,"PREMIUM_EXPENSE":null,"LOAN_DEPOSIT":null,"LOAN_EQUITY":null,"LOAN_ASSETS":null,"DEPOSIT_EQUITY":null,"DEPOSIT_ASSETS":null,"EQUITY_MULTIPLIER":3.789904918293,"EQUITY_RATIO":3.511054602488},{"SECUCODE":"01196.HK","SECURITY_CODE":"01196","SECURITY_NAME_ABBR":"伟禄集团","ORG_CODE":"10010545","STD_REPORT_DATE":"2020-06-30 00:00:00","REPORT_DATE":"2020-06-30 00:00:00","DATE_TYPE_CODE":"002","REPORT_TYPE":"2020年中报","PER_NETCASH_OPERATE":-0.146576833696,"PER_OI":0.194418734823,"BPS":1.457313878406,"BASIC_EPS":0.0291752736,"DILUTED_EPS":0.0291661392,"OPERATE_INCOME":279614945.28,"OPERATE_INCOME_YOY":-24.1171935617,"GROSS_PROFIT":79107557.76,"GROSS_PROFIT_YOY":-11.034686434086,"HOLDER_PROFIT":41963433.6,"HOLDER_PROFIT_YOY":-85.3744106308,"GROSS_PROFIT_RATIO":28.291605686807,"EPS_TTM":-0.421751029579,"OPERATE_INCOME_QOQ":-10.133298272369,"NET_PROFIT_RATIO":15.6775951286,"ROE_AVG":1.978627890039,"GROSS_PROFIT_QOQ":-5.822808015047,"ROA":0.34211621518,"HOLDER_PROFIT_QOQ":-62.958012330741,"ROE_YEARLY":3.957255780079,"ROIC_YEARLY":0.802782513391,"TOTAL_ASSETS":13037916418.56,"TOTAL_LIABILITIES":10127064478.08,"TAX_EBT":70.772304000682,"OCF_SALES":-75.392340058541,"TOTAL_PARENT_EQUITY":2099566502.88,"DEBT_ASSET_RATIO":77.6739484513,"OPERATE_PROFIT":431681696.16,"PRETAX_PROFIT":149984107.68,"NETCASH_OPERATE":-210808250.4,"NETCASH_INVEST":7606214.88,"NETCASH_FINANCE":1215415043.04,"END_CASH":1460202348,"DIVI_RATIO":null,"DIVIDEND_RATE":null,"CURRENT_RATIO":3.914737738369,"COMMON_ACS":20000000000,"CURRENTDEBT_DEBT":10.39216064752,"ISSUED_COMMON_SHARES":1440709880,"HK_COMMON_SHARES":1440709880,"PER_SHARES":2000,"TOTAL_MARKET_CAP":10272261444.4,"HKSK_MARKET_CAP":10272261444.4,"PE_TTM":-21.080126749245,"PB_TTM":3.511630936845,"REPORT_DATE_SQ":"2019-06-30 00:00:00","REPORT_TYPE_SQ":"2019年中报","OPERATE_INCOME_SQ":354855723.66,"DPS_HKD":null,"OPERATE_INCOME_QOQ_SQ":23.79768436831,"NET_PROFIT_RATIO_SQ":14.1444865035,"HOLDER_PROFIT_SQ":276307363.62,"HOLDER_PROFIT_QOQ_SQ":-78.819051371679,"ROE_AVG_SQ":1.667058892305,"PE_TTM_SQ":69.352576726274,"PB_TTM_SQ":2.2597919936,"ROA_SQ":0.366280264837,"START_DATE":"2020-01-01 00:00:00","FISCAL_YEAR":"12-31","CURRENCY":"HKD","IS_CNY_CODE":0,"DPS_HKD_LY":null,"ORG_TYPE":"一般企业","PREMIUM_INCOME":null,"PREMIUM_INCOME_YOY":null,"NET_INTEREST_INCOME":null,"NET_INTEREST_INCOME_YOY":null,"FEE_COMMISSION_INCOME":null,"FEE_COMMISSION_INCOME_YOY":null,"ACCOUNTS_RECE_TDAYS":0.600169005358,"INVENTORY_TDAYS":0.127286285707,"CURRENT_ASSETS_TDAYS":0.080676230594,"TOTAL_ASSETS_TDAYS":0.022796229617,"PREMIUM_EXPENSE":null,"LOAN_DEPOSIT":null,"LOAN_EQUITY":null,"LOAN_ASSETS":null,"DEPOSIT_EQUITY":null,"DEPOSIT_ASSETS":null,"EQUITY_MULTIPLIER":4.479072342096,"EQUITY_RATIO":4.8234073387}],"count":45},"success":true,"message":"ok","code":0}