{"version":"cd66a356c3abd1fe9b9ed62084858951","result":{"pages":6,"data":[{"SECUCODE":"01195.HK","SECURITY_CODE":"01195","SECURITY_NAME_ABBR":"京维集团","ORG_CODE":"10010544","STD_REPORT_DATE":"2023-12-31 00:00:00","REPORT_DATE":"2024-06-30 00:00:00","DATE_TYPE_CODE":"001","REPORT_TYPE":"2023年年报","PER_NETCASH_OPERATE":-0.005893731626,"PER_OI":0.024676135551,"BPS":0.036013025665,"BASIC_EPS":-0.0034,"DILUTED_EPS":-0.0034,"OPERATE_INCOME":71415000,"OPERATE_INCOME_YOY":-4.1949504977,"GROSS_PROFIT":18224000,"GROSS_PROFIT_YOY":-19.869850063756,"HOLDER_PROFIT":-9966000,"HOLDER_PROFIT_YOY":56.8590104324,"GROSS_PROFIT_RATIO":25.518448505216,"EPS_TTM":-0.008205683219,"OPERATE_INCOME_QOQ":-8.055861125272,"NET_PROFIT_RATIO":-10.3031575999,"ROE_AVG":-9.129006993776,"GROSS_PROFIT_QOQ":-14.25053862727,"ROA":-4.520373658822,"HOLDER_PROFIT_QOQ":-2.800744556513,"ROE_YEARLY":-9.129006993776,"ROIC_YEARLY":-6.550911546918,"TOTAL_ASSETS":210327000,"TOTAL_LIABILITIES":91630000,"TAX_EBT":-117.627920733511,"OCF_SALES":-23.884338024225,"TOTAL_PARENT_EQUITY":104225000,"DEBT_ASSET_RATIO":43.565495633,"OPERATE_PROFIT":-3362000,"PRETAX_PROFIT":-3381000,"NETCASH_OPERATE":-17057000,"NETCASH_INVEST":651000,"NETCASH_FINANCE":-276000,"END_CASH":46869000,"DIVI_RATIO":null,"DIVIDEND_RATE":null,"CURRENT_RATIO":2.079537344375,"COMMON_ACS":5000000000,"CURRENTDEBT_DEBT":96.336352722907,"ISSUED_COMMON_SHARES":2894091737,"HK_COMMON_SHARES":2894091737,"PER_SHARES":4000,"TOTAL_MARKET_CAP":49199559.529,"HKSK_MARKET_CAP":49199559.529,"PE_TTM":-4.505664658933,"PB_TTM":0.430831892453,"REPORT_DATE_SQ":"2022-12-31 00:00:00","REPORT_TYPE_SQ":"2022年年报","OPERATE_INCOME_SQ":74542000,"DPS_HKD":null,"OPERATE_INCOME_QOQ_SQ":90.842613101921,"NET_PROFIT_RATIO_SQ":-26.2657293875,"HOLDER_PROFIT_SQ":-23101000,"HOLDER_PROFIT_QOQ_SQ":13.801072286929,"ROE_AVG_SQ":-20.223410867643,"PE_TTM_SQ":-1.732583892264,"PB_TTM_SQ":0.350746814491,"ROA_SQ":-9.524359246577,"START_DATE":"2023-07-01 00:00:00","FISCAL_YEAR":"6-30","CURRENCY":"HKD","IS_CNY_CODE":0,"DPS_HKD_LY":null,"ORG_TYPE":"一般企业","PREMIUM_INCOME":null,"PREMIUM_INCOME_YOY":null,"NET_INTEREST_INCOME":null,"NET_INTEREST_INCOME_YOY":null,"FEE_COMMISSION_INCOME":null,"FEE_COMMISSION_INCOME_YOY":null,"ACCOUNTS_RECE_TDAYS":2.709475481362,"INVENTORY_TDAYS":0.507833608616,"CURRENT_ASSETS_TDAYS":0.368189727396,"TOTAL_ASSETS_TDAYS":0.323923825853,"PREMIUM_EXPENSE":null,"LOAN_DEPOSIT":null,"LOAN_EQUITY":null,"LOAN_ASSETS":null,"DEPOSIT_EQUITY":null,"DEPOSIT_ASSETS":null,"EQUITY_MULTIPLIER":1.771965593065,"EQUITY_RATIO":0.879155672823},{"SECUCODE":"01195.HK","SECURITY_CODE":"01195","SECURITY_NAME_ABBR":"京维集团","ORG_CODE":"10010544","STD_REPORT_DATE":"2023-06-30 00:00:00","REPORT_DATE":"2023-12-31 00:00:00","DATE_TYPE_CODE":"002","REPORT_TYPE":"2023年中报","PER_NETCASH_OPERATE":-0.000558724514,"PER_OI":0.011457135092,"BPS":0.038920328115,"BASIC_EPS":-0.0006,"DILUTED_EPS":-0.0006,"OPERATE_INCOME":33158000,"OPERATE_INCOME_YOY":-15.3333503562,"GROSS_PROFIT":4910000,"GROSS_PROFIT_YOY":-39.761992393571,"HOLDER_PROFIT":-1658000,"HOLDER_PROFIT_YOY":-63.9960435213,"GROSS_PROFIT_RATIO":14.807889498764,"EPS_TTM":-0.007982124307,"OPERATE_INCOME_QOQ":18.516280844569,"NET_PROFIT_RATIO":-4.4785572109,"ROE_AVG":-1.462397078734,"GROSS_PROFIT_QOQ":40.284974093264,"ROA":-0.725071829341,"HOLDER_PROFIT_QOQ":-147.731903485255,"ROE_YEARLY":-2.924794157468,"ROIC_YEARLY":-2.155640353899,"TOTAL_ASSETS":226724000,"TOTAL_LIABILITIES":102048000,"TAX_EBT":-23.75,"OCF_SALES":-4.876651185234,"TOTAL_PARENT_EQUITY":112639000,"DEBT_ASSET_RATIO":45.0097916409,"OPERATE_PROFIT":-1195000,"PRETAX_PROFIT":-1200000,"NETCASH_OPERATE":-1617000,"NETCASH_INVEST":333000,"NETCASH_FINANCE":-66000,"END_CASH":62306000,"DIVI_RATIO":null,"DIVIDEND_RATE":null,"CURRENT_RATIO":2.025059497398,"COMMON_ACS":5000000000,"CURRENTDEBT_DEBT":97.173878958921,"ISSUED_COMMON_SHARES":2894091737,"HK_COMMON_SHARES":2894091737,"PER_SHARES":4000,"TOTAL_MARKET_CAP":46305467.792,"HKSK_MARKET_CAP":46305467.792,"PE_TTM":-4.240625561349,"PB_TTM":0.405488839956,"REPORT_DATE_SQ":"2022-06-30 00:00:00","REPORT_TYPE_SQ":"2022年中报","OPERATE_INCOME_SQ":39163000,"DPS_HKD":null,"OPERATE_INCOME_QOQ_SQ":58.150583041413,"NET_PROFIT_RATIO_SQ":-3.046242627,"HOLDER_PROFIT_SQ":-1011000,"HOLDER_PROFIT_QOQ_SQ":-96.798253592869,"ROE_AVG_SQ":-0.910236787611,"PE_TTM_SQ":-1.848089485082,"PB_TTM_SQ":0.374129935457,"ROA_SQ":-0.404355520893,"START_DATE":"2023-07-01 00:00:00","FISCAL_YEAR":"6-30","CURRENCY":"HKD","IS_CNY_CODE":0,"DPS_HKD_LY":null,"ORG_TYPE":"一般企业","PREMIUM_INCOME":null,"PREMIUM_INCOME_YOY":null,"NET_INTEREST_INCOME":null,"NET_INTEREST_INCOME_YOY":null,"FEE_COMMISSION_INCOME":null,"FEE_COMMISSION_INCOME_YOY":null,"ACCOUNTS_RECE_TDAYS":1.2800092648,"INVENTORY_TDAYS":0.269648763585,"CURRENT_ASSETS_TDAYS":0.163674103033,"TOTAL_ASSETS_TDAYS":0.145005619525,"PREMIUM_EXPENSE":null,"LOAN_DEPOSIT":null,"LOAN_EQUITY":null,"LOAN_ASSETS":null,"DEPOSIT_EQUITY":null,"DEPOSIT_ASSETS":null,"EQUITY_MULTIPLIER":1.818505566427,"EQUITY_RATIO":0.905973952184},{"SECUCODE":"01195.HK","SECURITY_CODE":"01195","SECURITY_NAME_ABBR":"京维集团","ORG_CODE":"10010544","STD_REPORT_DATE":"2022-12-31 00:00:00","REPORT_DATE":"2023-06-30 00:00:00","DATE_TYPE_CODE":"001","REPORT_TYPE":"2022年年报","PER_NETCASH_OPERATE":0.001427390828,"PER_OI":0.025756612704,"BPS":0.039429296087,"BASIC_EPS":-0.008,"DILUTED_EPS":-0.008,"OPERATE_INCOME":74542000,"OPERATE_INCOME_YOY":126.179567315,"GROSS_PROFIT":22743000,"GROSS_PROFIT_YOY":94.351392924286,"HOLDER_PROFIT":-23101000,"HOLDER_PROFIT_YOY":-113.5422444075,"GROSS_PROFIT_RATIO":30.510316331732,"EPS_TTM":-0.003222081692,"OPERATE_INCOME_QOQ":90.842613101921,"NET_PROFIT_RATIO":-26.2657293875,"ROE_AVG":-20.223410867643,"GROSS_PROFIT_QOQ":38.54042044095,"ROA":-9.524359246577,"HOLDER_PROFIT_QOQ":13.801072286929,"ROE_YEARLY":-20.223410867643,"ROIC_YEARLY":-13.272317786434,"TOTAL_ASSETS":230610000,"TOTAL_LIABILITIES":104634000,"TAX_EBT":-93.832293832294,"OCF_SALES":5.54184218293,"TOTAL_PARENT_EQUITY":114112000,"DEBT_ASSET_RATIO":45.3727071679,"OPERATE_PROFIT":-10092000,"PRETAX_PROFIT":-10101000,"NETCASH_OPERATE":4131000,"NETCASH_INVEST":29135000,"NETCASH_FINANCE":-130000,"END_CASH":63469000,"DIVI_RATIO":null,"DIVIDEND_RATE":null,"CURRENT_RATIO":2.009637227232,"COMMON_ACS":5000000000,"CURRENTDEBT_DEBT":97.185427298966,"ISSUED_COMMON_SHARES":2894091737,"HK_COMMON_SHARES":2894091737,"PER_SHARES":4000,"TOTAL_MARKET_CAP":46305467.792,"HKSK_MARKET_CAP":46305467.792,"PE_TTM":-4.240625561349,"PB_TTM":0.405488839956,"REPORT_DATE_SQ":"2021-12-31 00:00:00","REPORT_TYPE_SQ":"2021年年报","OPERATE_INCOME_SQ":32957000,"DPS_HKD":null,"OPERATE_INCOME_QOQ_SQ":-39.149097704841,"NET_PROFIT_RATIO_SQ":-50.9482052371,"HOLDER_PROFIT_SQ":-10818000,"HOLDER_PROFIT_QOQ_SQ":13.853627958,"ROE_AVG_SQ":-9.349881592367,"PE_TTM_SQ":-1.848089485082,"PB_TTM_SQ":0.374129935457,"ROA_SQ":-4.921008219876,"START_DATE":"2022-07-01 00:00:00","FISCAL_YEAR":"6-30","CURRENCY":"HKD","IS_CNY_CODE":0,"DPS_HKD_LY":null,"ORG_TYPE":"一般企业","PREMIUM_INCOME":null,"PREMIUM_INCOME_YOY":null,"NET_INTEREST_INCOME":null,"NET_INTEREST_INCOME_YOY":null,"FEE_COMMISSION_INCOME":null,"FEE_COMMISSION_INCOME_YOY":null,"ACCOUNTS_RECE_TDAYS":2.469709268616,"INVENTORY_TDAYS":0.493568243321,"CURRENT_ASSETS_TDAYS":0.38770346214,"TOTAL_ASSETS_TDAYS":0.307330759256,"PREMIUM_EXPENSE":null,"LOAN_DEPOSIT":null,"LOAN_EQUITY":null,"LOAN_ASSETS":null,"DEPOSIT_EQUITY":null,"DEPOSIT_ASSETS":null,"EQUITY_MULTIPLIER":1.830586778432,"EQUITY_RATIO":0.916941250701},{"SECUCODE":"01195.HK","SECURITY_CODE":"01195","SECURITY_NAME_ABBR":"京维集团","ORG_CODE":"10010544","STD_REPORT_DATE":"2022-06-30 00:00:00","REPORT_DATE":"2022-12-31 00:00:00","DATE_TYPE_CODE":"002","REPORT_TYPE":"2022年中报","PER_NETCASH_OPERATE":0.002233170399,"PER_OI":0.013532052042,"BPS":0.037246227762,"BASIC_EPS":-0.0003,"DILUTED_EPS":-0.0003,"OPERATE_INCOME":39163000,"OPERATE_INCOME_YOY":324.5771899393,"GROSS_PROFIT":8151000,"GROSS_PROFIT_YOY":123.867069486405,"HOLDER_PROFIT":-1011000,"HOLDER_PROFIT_YOY":59.624600639,"GROSS_PROFIT_RATIO":20.813012282001,"EPS_TTM":-0.003737960294,"OPERATE_INCOME_QOQ":58.150583041413,"NET_PROFIT_RATIO":-3.046242627,"ROE_AVG":-0.910236787611,"GROSS_PROFIT_QOQ":73.285946986525,"ROA":-0.404355520893,"HOLDER_PROFIT_QOQ":-96.798253592869,"ROE_YEARLY":-1.820473575223,"ROIC_YEARLY":-1.083621611338,"TOTAL_ASSETS":245572000,"TOTAL_LIABILITIES":111620000,"TAX_EBT":708.673469387755,"OCF_SALES":16.50282154074,"TOTAL_PARENT_EQUITY":107794000,"DEBT_ASSET_RATIO":45.4530646816,"OPERATE_PROFIT":196000,"PRETAX_PROFIT":196000,"NETCASH_OPERATE":6463000,"NETCASH_INVEST":2717000,"NETCASH_FINANCE":null,"END_CASH":39052000,"DIVI_RATIO":null,"DIVIDEND_RATE":null,"CURRENT_RATIO":1.667871123156,"COMMON_ACS":5000000000,"CURRENTDEBT_DEBT":98.184017201218,"ISSUED_COMMON_SHARES":2894091737,"HK_COMMON_SHARES":2894091737,"PER_SHARES":4000,"TOTAL_MARKET_CAP":46305467.792,"HKSK_MARKET_CAP":46305467.792,"PE_TTM":-4.240625561349,"PB_TTM":0.405488839956,"REPORT_DATE_SQ":"2021-06-30 00:00:00","REPORT_TYPE_SQ":"2021年中报","OPERATE_INCOME_SQ":9224000,"DPS_HKD":null,"OPERATE_INCOME_QOQ_SQ":-27.256892816177,"NET_PROFIT_RATIO_SQ":-35.5702515178,"HOLDER_PROFIT_SQ":-2504000,"HOLDER_PROFIT_QOQ_SQ":56.231565951025,"ROE_AVG_SQ":-2.168941861271,"PE_TTM_SQ":-1.848089485082,"PB_TTM_SQ":0.374129935457,"ROA_SQ":-1.365232373018,"START_DATE":"2022-07-01 00:00:00","FISCAL_YEAR":"6-30","CURRENCY":"HKD","IS_CNY_CODE":0,"DPS_HKD_LY":null,"ORG_TYPE":"一般企业","PREMIUM_INCOME":null,"PREMIUM_INCOME_YOY":null,"NET_INTEREST_INCOME":null,"NET_INTEREST_INCOME_YOY":null,"FEE_COMMISSION_INCOME":null,"FEE_COMMISSION_INCOME_YOY":null,"ACCOUNTS_RECE_TDAYS":1.334798909339,"INVENTORY_TDAYS":0.295494499736,"CURRENT_ASSETS_TDAYS":0.215797884064,"TOTAL_ASSETS_TDAYS":0.156634770175,"PREMIUM_EXPENSE":null,"LOAN_DEPOSIT":null,"LOAN_EQUITY":null,"LOAN_ASSETS":null,"DEPOSIT_EQUITY":null,"DEPOSIT_ASSETS":null,"EQUITY_MULTIPLIER":1.83328356426,"EQUITY_RATIO":1.035493626732},{"SECUCODE":"01195.HK","SECURITY_CODE":"01195","SECURITY_NAME_ABBR":"京维集团","ORG_CODE":"10010544","STD_REPORT_DATE":"2021-12-31 00:00:00","REPORT_DATE":"2022-06-30 00:00:00","DATE_TYPE_CODE":"001","REPORT_TYPE":"2021年年报","PER_NETCASH_OPERATE":-0.004628395095,"PER_OI":0.011387683251,"BPS":0.039510150469,"BASIC_EPS":-0.0037,"DILUTED_EPS":-0.0037,"OPERATE_INCOME":32957000,"OPERATE_INCOME_YOY":-3.7639432342,"GROSS_PROFIT":11702000,"GROSS_PROFIT_YOY":36.085591347831,"HOLDER_PROFIT":-10818000,"HOLDER_PROFIT_YOY":-69.5345557123,"GROSS_PROFIT_RATIO":35.506872591559,"EPS_TTM":-0.001899386923,"OPERATE_INCOME_QOQ":-39.149097704841,"NET_PROFIT_RATIO":-50.9482052371,"ROE_AVG":-9.349881592367,"GROSS_PROFIT_QOQ":-21.467612513083,"ROA":-4.921008219876,"HOLDER_PROFIT_QOQ":13.853627958,"ROE_YEARLY":-9.349881592367,"ROIC_YEARLY":-7.081186874472,"TOTAL_ASSETS":254483000,"TOTAL_LIABILITIES":108128000,"TAX_EBT":-27.902193784278,"OCF_SALES":-40.643869284219,"TOTAL_PARENT_EQUITY":114346000,"DEBT_ASSET_RATIO":42.4892821917,"OPERATE_PROFIT":-13127000,"PRETAX_PROFIT":-13128000,"NETCASH_OPERATE":-13395000,"NETCASH_INVEST":-10211000,"NETCASH_FINANCE":null,"END_CASH":29643000,"DIVI_RATIO":null,"DIVIDEND_RATE":null,"CURRENT_RATIO":1.698127256105,"COMMON_ACS":5000000000,"CURRENTDEBT_DEBT":98.125369931933,"ISSUED_COMMON_SHARES":2894091737,"HK_COMMON_SHARES":2894091737,"PER_SHARES":4000,"TOTAL_MARKET_CAP":46305467.792,"HKSK_MARKET_CAP":46305467.792,"PE_TTM":-4.240625561349,"PB_TTM":0.405488839956,"REPORT_DATE_SQ":"2020-12-31 00:00:00","REPORT_TYPE_SQ":"2020年年报","OPERATE_INCOME_SQ":34246000,"DPS_HKD":null,"OPERATE_INCOME_QOQ_SQ":5.475646368239,"NET_PROFIT_RATIO_SQ":-20.9046311978,"HOLDER_PROFIT_SQ":-6381000,"HOLDER_PROFIT_QOQ_SQ":-10.154892330941,"ROE_AVG_SQ":-5.236444207373,"PE_TTM_SQ":-1.848089485082,"PB_TTM_SQ":0.374129935457,"ROA_SQ":-3.308308879188,"START_DATE":"2021-07-01 00:00:00","FISCAL_YEAR":"6-30","CURRENCY":"HKD","IS_CNY_CODE":0,"DPS_HKD_LY":null,"ORG_TYPE":"一般企业","PREMIUM_INCOME":null,"PREMIUM_INCOME_YOY":null,"NET_INTEREST_INCOME":null,"NET_INTEREST_INCOME_YOY":null,"FEE_COMMISSION_INCOME":null,"FEE_COMMISSION_INCOME_YOY":null,"ACCOUNTS_RECE_TDAYS":1.320974788569,"INVENTORY_TDAYS":0.253586661497,"CURRENT_ASSETS_TDAYS":0.209730176912,"TOTAL_ASSETS_TDAYS":0.149918347109,"PREMIUM_EXPENSE":null,"LOAN_DEPOSIT":null,"LOAN_EQUITY":null,"LOAN_ASSETS":null,"DEPOSIT_EQUITY":null,"DEPOSIT_ASSETS":null,"EQUITY_MULTIPLIER":1.73880632708,"EQUITY_RATIO":0.945621184825},{"SECUCODE":"01195.HK","SECURITY_CODE":"01195","SECURITY_NAME_ABBR":"京维集团","ORG_CODE":"10010544","STD_REPORT_DATE":"2021-06-30 00:00:00","REPORT_DATE":"2021-12-31 00:00:00","DATE_TYPE_CODE":"002","REPORT_TYPE":"2021年中报","PER_NETCASH_OPERATE":-0.000865210998,"PER_OI":0.003187183005,"BPS":0.039334620442,"BASIC_EPS":-0.0009,"DILUTED_EPS":-0.0009,"OPERATE_INCOME":9224000,"OPERATE_INCOME_YOY":-59.2417480447,"GROSS_PROFIT":3641000,"GROSS_PROFIT_YOY":-33.64315655185,"HOLDER_PROFIT":-2504000,"HOLDER_PROFIT_YOY":26.0920897285,"GROSS_PROFIT_RATIO":39.473113616652,"EPS_TTM":-0.002204836812,"OPERATE_INCOME_QOQ":-27.256892816177,"NET_PROFIT_RATIO":-35.5702515178,"ROE_AVG":-2.168941861271,"GROSS_PROFIT_QOQ":-16.164570537194,"ROA":-1.365232373018,"HOLDER_PROFIT_QOQ":56.231565951025,"ROE_YEARLY":-4.337883722542,"ROIC_YEARLY":-4.460238152492,"TOTAL_ASSETS":181641000,"TOTAL_LIABILITIES":47901000,"TAX_EBT":-62.909632571996,"OCF_SALES":-27.14657415438,"TOTAL_PARENT_EQUITY":113838000,"DEBT_ASSET_RATIO":26.3712487819,"OPERATE_PROFIT":-2014000,"PRETAX_PROFIT":-2014000,"NETCASH_OPERATE":-2504000,"NETCASH_INVEST":304000,"NETCASH_FINANCE":null,"END_CASH":49888000,"DIVI_RATIO":null,"DIVIDEND_RATE":null,"CURRENT_RATIO":2.851776015174,"COMMON_ACS":5000000000,"CURRENTDEBT_DEBT":96.858103171124,"ISSUED_COMMON_SHARES":2894091737,"HK_COMMON_SHARES":2894091737,"PER_SHARES":4000,"TOTAL_MARKET_CAP":46305467.792,"HKSK_MARKET_CAP":46305467.792,"PE_TTM":-4.240625561349,"PB_TTM":0.405488839956,"REPORT_DATE_SQ":"2020-06-30 00:00:00","REPORT_TYPE_SQ":"2020年中报","OPERATE_INCOME_SQ":22631000,"DPS_HKD":null,"OPERATE_INCOME_QOQ_SQ":-14.953698410884,"NET_PROFIT_RATIO_SQ":-16.2255313508,"HOLDER_PROFIT_SQ":-3388000,"HOLDER_PROFIT_QOQ_SQ":-156.194347657762,"ROE_AVG_SQ":-2.745453956112,"PE_TTM_SQ":-1.848089485082,"PB_TTM_SQ":0.374129935457,"ROA_SQ":-1.74222030242,"START_DATE":"2021-07-01 00:00:00","FISCAL_YEAR":"6-30","CURRENCY":"HKD","IS_CNY_CODE":0,"DPS_HKD_LY":null,"ORG_TYPE":"一般企业","PREMIUM_INCOME":null,"PREMIUM_INCOME_YOY":null,"NET_INTEREST_INCOME":null,"NET_INTEREST_INCOME_YOY":null,"FEE_COMMISSION_INCOME":null,"FEE_COMMISSION_INCOME_YOY":null,"ACCOUNTS_RECE_TDAYS":0.53433743664,"INVENTORY_TDAYS":0.089688187762,"CURRENT_ASSETS_TDAYS":0.069244570562,"TOTAL_ASSETS_TDAYS":0.050291147798,"PREMIUM_EXPENSE":null,"LOAN_DEPOSIT":null,"LOAN_EQUITY":null,"LOAN_ASSETS":null,"DEPOSIT_EQUITY":null,"DEPOSIT_ASSETS":null,"EQUITY_MULTIPLIER":1.358165096455,"EQUITY_RATIO":0.420782164128},{"SECUCODE":"01195.HK","SECURITY_CODE":"01195","SECURITY_NAME_ABBR":"京维集团","ORG_CODE":"10010544","STD_REPORT_DATE":"2020-12-31 00:00:00","REPORT_DATE":"2021-06-30 00:00:00","DATE_TYPE_CODE":"001","REPORT_TYPE":"2020年年报","PER_NETCASH_OPERATE":-0.011332398203,"PER_OI":0.011833073417,"BPS":0.040447232029,"BASIC_EPS":-0.0022,"DILUTED_EPS":-0.0022,"OPERATE_INCOME":34246000,"OPERATE_INCOME_YOY":-23.2737375095,"GROSS_PROFIT":8599000,"GROSS_PROFIT_YOY":-34.653089140512,"HOLDER_PROFIT":-6381000,"HOLDER_PROFIT_YOY":51.7869285984,"GROSS_PROFIT_RATIO":25.109501839631,"EPS_TTM":-0.005037504449,"OPERATE_INCOME_QOQ":5.475646368239,"NET_PROFIT_RATIO":-20.9046311978,"ROE_AVG":-5.236444207373,"GROSS_PROFIT_QOQ":-22.053347518808,"ROA":-3.308308879188,"HOLDER_PROFIT_QOQ":-10.154892330941,"ROE_YEARLY":-5.236444207373,"ROIC_YEARLY":-6.241532946315,"TOTAL_ASSETS":185183000,"TOTAL_LIABILITIES":47275000,"TAX_EBT":-29.270494763453,"OCF_SALES":-95.768848916662,"TOTAL_PARENT_EQUITY":117058000,"DEBT_ASSET_RATIO":25.5288012399,"OPERATE_PROFIT":-1404000,"PRETAX_PROFIT":-5538000,"NETCASH_OPERATE":-32797000,"NETCASH_INVEST":1975000,"NETCASH_FINANCE":null,"END_CASH":51622000,"DIVI_RATIO":null,"DIVIDEND_RATE":null,"CURRENT_RATIO":2.921402897288,"COMMON_ACS":5000000000,"CURRENTDEBT_DEBT":97.102062400846,"ISSUED_COMMON_SHARES":2894091737,"HK_COMMON_SHARES":2894091737,"PER_SHARES":4000,"TOTAL_MARKET_CAP":46305467.792,"HKSK_MARKET_CAP":46305467.792,"PE_TTM":-4.240625561349,"PB_TTM":0.405488839956,"REPORT_DATE_SQ":"2019-12-31 00:00:00","REPORT_TYPE_SQ":"2019年年报","OPERATE_INCOME_SQ":44634000,"DPS_HKD":null,"OPERATE_INCOME_QOQ_SQ":21.545195581185,"NET_PROFIT_RATIO_SQ":-62.0535914325,"HOLDER_PROFIT_SQ":-13235000,"HOLDER_PROFIT_QOQ_SQ":39.173436948075,"ROE_AVG_SQ":-9.830719978608,"PE_TTM_SQ":-1.848089485082,"PB_TTM_SQ":0.374129935457,"ROA_SQ":-5.632621967438,"START_DATE":"2020-07-01 00:00:00","FISCAL_YEAR":"6-30","CURRENCY":"HKD","IS_CNY_CODE":0,"DPS_HKD_LY":null,"ORG_TYPE":"一般企业","PREMIUM_INCOME":null,"PREMIUM_INCOME_YOY":null,"NET_INTEREST_INCOME":null,"NET_INTEREST_INCOME_YOY":null,"FEE_COMMISSION_INCOME":null,"FEE_COMMISSION_INCOME_YOY":null,"ACCOUNTS_RECE_TDAYS":2.232245869048,"INVENTORY_TDAYS":0.521704637917,"CURRENT_ASSETS_TDAYS":0.249095332827,"TOTAL_ASSETS_TDAYS":0.177552649862,"PREMIUM_EXPENSE":null,"LOAN_DEPOSIT":null,"LOAN_EQUITY":null,"LOAN_ASSETS":null,"DEPOSIT_EQUITY":null,"DEPOSIT_ASSETS":null,"EQUITY_MULTIPLIER":1.342800997767,"EQUITY_RATIO":0.403859625143},{"SECUCODE":"01195.HK","SECURITY_CODE":"01195","SECURITY_NAME_ABBR":"京维集团","ORG_CODE":"10010544","STD_REPORT_DATE":"2020-06-30 00:00:00","REPORT_DATE":"2020-12-31 00:00:00","DATE_TYPE_CODE":"002","REPORT_TYPE":"2020年中报","PER_NETCASH_OPERATE":0.00441762085,"PER_OI":0.007819724479,"BPS":0.041515961109,"BASIC_EPS":-0.0012,"DILUTED_EPS":-0.0012,"OPERATE_INCOME":22631000,"OPERATE_INCOME_YOY":12.1068014068,"GROSS_PROFIT":5487000,"GROSS_PROFIT_YOY":-34.592919299082,"HOLDER_PROFIT":-3388000,"HOLDER_PROFIT_YOY":-65.7534246575,"GROSS_PROFIT_RATIO":24.245503954752,"EPS_TTM":-0.004588966374,"OPERATE_INCOME_QOQ":-14.953698410884,"NET_PROFIT_RATIO":-16.2255313508,"ROE_AVG":-2.745453956112,"GROSS_PROFIT_QOQ":-26.156004489338,"ROA":-1.74222030242,"HOLDER_PROFIT_QOQ":-156.194347657762,"ROE_YEARLY":-5.490907912223,"ROIC_YEARLY":-8.341694314328,"TOTAL_ASSETS":188356000,"TOTAL_LIABILITIES":48174000,"TAX_EBT":-185.093167701863,"OCF_SALES":56.493305642703,"TOTAL_PARENT_EQUITY":120151000,"DEBT_ASSET_RATIO":25.5760368664,"OPERATE_PROFIT":-1250000,"PRETAX_PROFIT":-1288000,"NETCASH_OPERATE":12785000,"NETCASH_INVEST":825000,"NETCASH_FINANCE":null,"END_CASH":97622000,"DIVI_RATIO":null,"DIVIDEND_RATE":null,"CURRENT_RATIO":3.068358895363,"COMMON_ACS":5000000000,"CURRENTDEBT_DEBT":92.981691368788,"ISSUED_COMMON_SHARES":2894091737,"HK_COMMON_SHARES":2894091737,"PER_SHARES":4000,"TOTAL_MARKET_CAP":46305467.792,"HKSK_MARKET_CAP":46305467.792,"PE_TTM":-4.240625561349,"PB_TTM":0.405488839956,"REPORT_DATE_SQ":"2019-06-30 00:00:00","REPORT_TYPE_SQ":"2019年中报","OPERATE_INCOME_SQ":20187000,"DPS_HKD":null,"OPERATE_INCOME_QOQ_SQ":88.546351687699,"NET_PROFIT_RATIO_SQ":-13.6721652549,"HOLDER_PROFIT_SQ":-2044000,"HOLDER_PROFIT_QOQ_SQ":54.735383467463,"ROE_AVG_SQ":-1.439502512439,"PE_TTM_SQ":-1.848089485082,"PB_TTM_SQ":0.374129935457,"ROA_SQ":-0.748506831407,"START_DATE":"2020-07-01 00:00:00","FISCAL_YEAR":"6-30","CURRENCY":"HKD","IS_CNY_CODE":0,"DPS_HKD_LY":null,"ORG_TYPE":"一般企业","PREMIUM_INCOME":null,"PREMIUM_INCOME_YOY":null,"NET_INTEREST_INCOME":null,"NET_INTEREST_INCOME_YOY":null,"FEE_COMMISSION_INCOME":null,"FEE_COMMISSION_INCOME_YOY":null,"ACCOUNTS_RECE_TDAYS":1.86432160804,"INVENTORY_TDAYS":0.540589969571,"CURRENT_ASSETS_TDAYS":0.162639194817,"TOTAL_ASSETS_TDAYS":0.116375996647,"PREMIUM_EXPENSE":null,"LOAN_DEPOSIT":null,"LOAN_EQUITY":null,"LOAN_ASSETS":null,"DEPOSIT_EQUITY":null,"DEPOSIT_ASSETS":null,"EQUITY_MULTIPLIER":1.343653250775,"EQUITY_RATIO":0.400945476942},{"SECUCODE":"01195.HK","SECURITY_CODE":"01195","SECURITY_NAME_ABBR":"京维集团","ORG_CODE":"10010544","STD_REPORT_DATE":"2019-12-31 00:00:00","REPORT_DATE":"2020-06-30 00:00:00","DATE_TYPE_CODE":"001","REPORT_TYPE":"2019年年报","PER_NETCASH_OPERATE":-0.007419320171,"PER_OI":0.015475929364,"BPS":0.042985852318,"BASIC_EPS":-0.0046,"DILUTED_EPS":-0.0046,"OPERATE_INCOME":44634000,"OPERATE_INCOME_YOY":3.3696936011,"GROSS_PROFIT":13159000,"GROSS_PROFIT_YOY":-9.838985954094,"HOLDER_PROFIT":-13235000,"HOLDER_PROFIT_YOY":-55.8342164135,"GROSS_PROFIT_RATIO":29.482009230631,"EPS_TTM":-0.00179120516,"OPERATE_INCOME_QOQ":21.545195581185,"NET_PROFIT_RATIO":-62.0535914325,"ROE_AVG":-9.830719978608,"GROSS_PROFIT_QOQ":22.096608427544,"ROA":-5.632621967438,"HOLDER_PROFIT_QOQ":39.173436948075,"ROE_YEARLY":-9.830719978608,"ROIC_YEARLY":-10.24610787251,"TOTAL_ASSETS":200573000,"TOTAL_LIABILITIES":49697000,"TAX_EBT":-31.627221746982,"OCF_SALES":-47.94103150065,"TOTAL_PARENT_EQUITY":126657000,"DEBT_ASSET_RATIO":24.7775124269,"OPERATE_PROFIT":-20884000,"PRETAX_PROFIT":-21042000,"NETCASH_OPERATE":-21398000,"NETCASH_INVEST":44231000,"NETCASH_FINANCE":null,"END_CASH":84596000,"DIVI_RATIO":null,"DIVIDEND_RATE":null,"CURRENT_RATIO":3.099073727751,"COMMON_ACS":5000000000,"CURRENTDEBT_DEBT":91.456224721814,"ISSUED_COMMON_SHARES":2894091737,"HK_COMMON_SHARES":2894091737,"PER_SHARES":4000,"TOTAL_MARKET_CAP":46305467.792,"HKSK_MARKET_CAP":46305467.792,"PE_TTM":-4.240625561349,"PB_TTM":0.405488839956,"REPORT_DATE_SQ":"2018-12-31 00:00:00","REPORT_TYPE_SQ":"2018年年报","OPERATE_INCOME_SQ":43179000,"DPS_HKD":null,"OPERATE_INCOME_QOQ_SQ":7.942119155354,"NET_PROFIT_RATIO_SQ":-22.8004353968,"HOLDER_PROFIT_SQ":-8493000,"HOLDER_PROFIT_QOQ_SQ":5.289990409369,"ROE_AVG_SQ":-5.8200133628,"PE_TTM_SQ":-1.848089485082,"PB_TTM_SQ":0.374129935457,"ROA_SQ":-3.374596949631,"START_DATE":"2019-07-01 00:00:00","FISCAL_YEAR":"6-30","CURRENCY":"HKD","IS_CNY_CODE":0,"DPS_HKD_LY":null,"ORG_TYPE":"一般企业","PREMIUM_INCOME":null,"PREMIUM_INCOME_YOY":null,"NET_INTEREST_INCOME":null,"NET_INTEREST_INCOME_YOY":null,"FEE_COMMISSION_INCOME":null,"FEE_COMMISSION_INCOME_YOY":null,"ACCOUNTS_RECE_TDAYS":3.687845988598,"INVENTORY_TDAYS":0.702974940814,"CURRENT_ASSETS_TDAYS":0.282254290665,"TOTAL_ASSETS_TDAYS":0.189955760404,"PREMIUM_EXPENSE":null,"LOAN_DEPOSIT":null,"LOAN_EQUITY":null,"LOAN_ASSETS":null,"DEPOSIT_EQUITY":null,"DEPOSIT_ASSETS":null,"EQUITY_MULTIPLIER":1.3293896975,"EQUITY_RATIO":0.392374681226}],"count":48},"success":true,"message":"ok","code":0}