{"version":"d5d09c14c8e22151562c93d96b15b58b","result":{"pages":6,"data":[{"SECUCODE":"01193.HK","SECURITY_CODE":"01193","SECURITY_NAME_ABBR":"华润燃气","ORG_CODE":"10010542","STD_REPORT_DATE":"2024-06-30 00:00:00","REPORT_DATE":"2024-06-30 00:00:00","DATE_TYPE_CODE":"002","REPORT_TYPE":"2024年中报","PER_NETCASH_OPERATE":1.677436952804,"PER_OI":20.539361443837,"BPS":16.41401596605,"BASIC_EPS":1.3872736,"DILUTED_EPS":null,"OPERATE_INCOME":47528346743.16,"OPERATE_INCOME_YOY":7.6618080848,"GROSS_PROFIT":8826694387.76,"GROSS_PROFIT_YOY":8.558515361878,"HOLDER_PROFIT":3154899288.56,"HOLDER_PROFIT_YOY":-2.4966885325,"GROSS_PROFIT_RATIO":18.571431561588,"EPS_TTM":1.996561974516,"OPERATE_INCOME_QOQ":3.195373437095,"NET_PROFIT_RATIO":8.6286458951,"ROE_AVG":8.391331891278,"GROSS_PROFIT_QOQ":4.161628261441,"ROA":2.490820924452,"HOLDER_PROFIT_QOQ":-2.403042267275,"ROE_YEARLY":16.782663782555,"ROIC_YEARLY":6.580761144294,"TOTAL_ASSETS":127489866113.56,"TOTAL_LIABILITIES":68252960304.84,"TAX_EBT":21.394612891799,"OCF_SALES":8.16693818545,"TOTAL_PARENT_EQUITY":37982244210.24,"DEBT_ASSET_RATIO":53.5359886911,"OPERATE_PROFIT":5312381715.2,"PRETAX_PROFIT":5217266769,"NETCASH_OPERATE":3881610699.08,"NETCASH_INVEST":-3524116681.12,"NETCASH_FINANCE":762694732.2,"END_CASH":10156282048.36,"DIVI_RATIO":0.57130353706,"DIVIDEND_RATE":4.655185185185,"CURRENT_RATIO":0.639248819856,"COMMON_ACS":10000000000,"CURRENTDEBT_DEBT":76.29623053567,"ISSUED_COMMON_SHARES":2314012871,"HK_COMMON_SHARES":2314012871,"PER_SHARES":100,"TOTAL_MARKET_CAP":62478347517,"HKSK_MARKET_CAP":62478347517,"PE_TTM":12.166703734486,"PB_TTM":1.501299867806,"REPORT_DATE_SQ":"2023-06-30 00:00:00","REPORT_TYPE_SQ":"2023年中报","OPERATE_INCOME_SQ":44595804729.98,"DPS_HKD":1.2569,"OPERATE_INCOME_QOQ_SQ":4.106616811908,"NET_PROFIT_RATIO_SQ":9.4223353217,"HOLDER_PROFIT_SQ":3268655126.88,"HOLDER_PROFIT_QOQ_SQ":15.71042579598,"ROE_AVG_SQ":8.964832805045,"PE_TTM_SQ":10.147761605266,"PB_TTM_SQ":1.334842801676,"ROA_SQ":2.860435941883,"START_DATE":"2024-01-01 00:00:00","FISCAL_YEAR":"12-31","CURRENCY":"HKD","IS_CNY_CODE":0,"DPS_HKD_LY":1.2569,"ORG_TYPE":"一般企业","PREMIUM_INCOME":null,"PREMIUM_INCOME_YOY":null,"NET_INTEREST_INCOME":null,"NET_INTEREST_INCOME_YOY":null,"FEE_COMMISSION_INCOME":null,"FEE_COMMISSION_INCOME_YOY":null,"ACCOUNTS_RECE_TDAYS":2.493340271037,"INVENTORY_TDAYS":33.581356838897,"CURRENT_ASSETS_TDAYS":1.448008663652,"TOTAL_ASSETS_TDAYS":0.375240506097,"PREMIUM_EXPENSE":null,"LOAN_DEPOSIT":null,"LOAN_EQUITY":null,"LOAN_ASSETS":null,"DEPOSIT_EQUITY":null,"DEPOSIT_ASSETS":null,"EQUITY_MULTIPLIER":2.152203332923,"EQUITY_RATIO":1.796970182358},{"SECUCODE":"01193.HK","SECURITY_CODE":"01193","SECURITY_NAME_ABBR":"华润燃气","ORG_CODE":"10010542","STD_REPORT_DATE":"2023-12-31 00:00:00","REPORT_DATE":"2023-12-31 00:00:00","DATE_TYPE_CODE":"001","REPORT_TYPE":"2023年年报","PER_NETCASH_OPERATE":3.977552512265,"PER_OI":39.660378254266,"BPS":15.967331746453,"BASIC_EPS":2.084306,"DILUTED_EPS":null,"OPERATE_INCOME":91774625749.1,"OPERATE_INCOME_YOY":7.3496913434,"GROSS_PROFIT":16721273293.62,"GROSS_PROFIT_YOY":3.524635528117,"HOLDER_PROFIT":4733825945.1,"HOLDER_PROFIT_YOY":10.3571281442,"GROSS_PROFIT_RATIO":18.219930789294,"EPS_TTM":2.045721527493,"OPERATE_INCOME_QOQ":4.610038225884,"NET_PROFIT_RATIO":6.9702312798,"ROE_AVG":13.046241861388,"GROSS_PROFIT_QOQ":-0.076319326155,"ROA":4.180255782642,"HOLDER_PROFIT_QOQ":-3.24380246968,"ROE_YEARLY":13.046241861388,"ROIC_YEARLY":5.28475483132,"TOTAL_ASSETS":124941534648.7,"TOTAL_LIABILITIES":67501974346.66,"TAX_EBT":20.767197830968,"OCF_SALES":10.02903322496,"TOTAL_PARENT_EQUITY":36948611176.82,"DEBT_ASSET_RATIO":54.026849067,"OPERATE_PROFIT":8342347767.88,"PRETAX_PROFIT":8073554759.9,"NETCASH_OPERATE":9204107708.46,"NETCASH_INVEST":-4107831824.6,"NETCASH_FINANCE":-1778115105.06,"END_CASH":9042687270.96,"DIVI_RATIO":0.55757487159,"DIVIDEND_RATE":4.22487394958,"CURRENT_RATIO":0.693690832996,"COMMON_ACS":10000000000,"CURRENTDEBT_DEBT":68.614197759049,"ISSUED_COMMON_SHARES":2314012871,"HK_COMMON_SHARES":2314012871,"PER_SHARES":100,"TOTAL_MARKET_CAP":68841882912.25,"HKSK_MARKET_CAP":68841882912.25,"PE_TTM":13.405905040776,"PB_TTM":1.654210039527,"REPORT_DATE_SQ":"2022-12-31 00:00:00","REPORT_TYPE_SQ":"2022年年报","OPERATE_INCOME_SQ":84269599145.83,"DPS_HKD":1.2569,"OPERATE_INCOME_QOQ_SQ":10.822087221134,"NET_PROFIT_RATIO_SQ":6.6871218378,"HOLDER_PROFIT_SQ":4228253347.85,"HOLDER_PROFIT_QOQ_SQ":-17.557204987395,"ROE_AVG_SQ":11.746767073962,"PE_TTM_SQ":10.722580345434,"PB_TTM_SQ":1.410454812228,"ROA_SQ":4.338878118155,"START_DATE":"2023-01-01 00:00:00","FISCAL_YEAR":"12-31","CURRENCY":"HKD","IS_CNY_CODE":0,"DPS_HKD_LY":1.05,"ORG_TYPE":"一般企业","PREMIUM_INCOME":null,"PREMIUM_INCOME_YOY":null,"NET_INTEREST_INCOME":null,"NET_INTEREST_INCOME_YOY":null,"FEE_COMMISSION_INCOME":null,"FEE_COMMISSION_INCOME_YOY":null,"ACCOUNTS_RECE_TDAYS":5.338710479222,"INVENTORY_TDAYS":59.151944073645,"CURRENT_ASSETS_TDAYS":3.188341856984,"TOTAL_ASSETS_TDAYS":0.810425677743,"PREMIUM_EXPENSE":null,"LOAN_DEPOSIT":null,"LOAN_EQUITY":null,"LOAN_ASSETS":null,"DEPOSIT_EQUITY":null,"DEPOSIT_ASSETS":null,"EQUITY_MULTIPLIER":2.175182644012,"EQUITY_RATIO":1.826915063834},{"SECUCODE":"01193.HK","SECURITY_CODE":"01193","SECURITY_NAME_ABBR":"华润燃气","ORG_CODE":"10010542","STD_REPORT_DATE":"2023-06-30 00:00:00","REPORT_DATE":"2023-06-30 00:00:00","DATE_TYPE_CODE":"002","REPORT_TYPE":"2023年中报","PER_NETCASH_OPERATE":1.895077911838,"PER_OI":19.272064252049,"BPS":15.851635093987,"BASIC_EPS":1.4382888,"DILUTED_EPS":null,"OPERATE_INCOME":44595804729.98,"OPERATE_INCOME_YOY":0.559190216,"GROSS_PROFIT":8130817152.7,"GROSS_PROFIT_YOY":7.710809691989,"HOLDER_PROFIT":3268655126.88,"HOLDER_PROFIT_YOY":16.4142405874,"GROSS_PROFIT_RATIO":18.232246736954,"EPS_TTM":2.114305418887,"OPERATE_INCOME_QOQ":4.106616811908,"NET_PROFIT_RATIO":9.4223353217,"ROE_AVG":8.964832805045,"GROSS_PROFIT_QOQ":3.60370517778,"ROA":2.860435941883,"HOLDER_PROFIT_QOQ":15.71042579598,"ROE_YEARLY":17.92966561009,"ROIC_YEARLY":7.399667094336,"TOTAL_ASSETS":125233056020.88,"TOTAL_LIABILITIES":71961868495.16,"TAX_EBT":18.499781654938,"OCF_SALES":9.833289714339,"TOTAL_PARENT_EQUITY":36680887633.88,"DEBT_ASSET_RATIO":57.4623592058,"OPERATE_PROFIT":5161129714.48,"PRETAX_PROFIT":5155773010.68,"NETCASH_OPERATE":4385234679.54,"NETCASH_INVEST":-3095207639.38,"NETCASH_FINANCE":10109027582.48,"END_CASH":17149462322.24,"DIVI_RATIO":0.539488244135,"DIVIDEND_RATE":4.22487394958,"CURRENT_RATIO":0.846651576248,"COMMON_ACS":10000000000,"CURRENTDEBT_DEBT":66.653707691909,"ISSUED_COMMON_SHARES":2314012871,"HK_COMMON_SHARES":2314012871,"PER_SHARES":100,"TOTAL_MARKET_CAP":68841882912.25,"HKSK_MARKET_CAP":68841882912.25,"PE_TTM":13.405905040776,"PB_TTM":1.654210039527,"REPORT_DATE_SQ":"2022-06-30 00:00:00","REPORT_TYPE_SQ":"2022年中报","OPERATE_INCOME_SQ":41135175204.13,"DPS_HKD":1.2569,"OPERATE_INCOME_QOQ_SQ":18.969346069226,"NET_PROFIT_RATIO_SQ":8.168868568,"HOLDER_PROFIT_SQ":2604378522.2,"HOLDER_PROFIT_QOQ_SQ":-1.915163595524,"ROE_AVG_SQ":7.507208547674,"PE_TTM_SQ":10.722580345434,"PB_TTM_SQ":1.410454812228,"ROA_SQ":2.811525179707,"START_DATE":"2023-01-01 00:00:00","FISCAL_YEAR":"12-31","CURRENCY":"HKD","IS_CNY_CODE":0,"DPS_HKD_LY":1.05,"ORG_TYPE":"一般企业","PREMIUM_INCOME":null,"PREMIUM_INCOME_YOY":null,"NET_INTEREST_INCOME":null,"NET_INTEREST_INCOME_YOY":null,"FEE_COMMISSION_INCOME":null,"FEE_COMMISSION_INCOME_YOY":null,"ACCOUNTS_RECE_TDAYS":2.677482430572,"INVENTORY_TDAYS":31.506509697332,"CURRENT_ASSETS_TDAYS":1.341384265904,"TOTAL_ASSETS_TDAYS":0.39026277706,"PREMIUM_EXPENSE":null,"LOAN_DEPOSIT":null,"LOAN_EQUITY":null,"LOAN_ASSETS":null,"DEPOSIT_EQUITY":null,"DEPOSIT_ASSETS":null,"EQUITY_MULTIPLIER":2.350859101091,"EQUITY_RATIO":1.961835526267},{"SECUCODE":"01193.HK","SECURITY_CODE":"01193","SECURITY_NAME_ABBR":"华润燃气","ORG_CODE":"10010542","STD_REPORT_DATE":"2022-12-31 00:00:00","REPORT_DATE":"2022-12-31 00:00:00","DATE_TYPE_CODE":"001","REPORT_TYPE":"2022年年报","PER_NETCASH_OPERATE":1.679751307356,"PER_OI":36.417083155382,"BPS":15.184233963848,"BASIC_EPS":1.8669343,"DILUTED_EPS":null,"OPERATE_INCOME":84269599145.83,"OPERATE_INCOME_YOY":18.4529437534,"GROSS_PROFIT":16151975042.77,"GROSS_PROFIT_YOY":3.020198586398,"HOLDER_PROFIT":4228253347.85,"HOLDER_PROFIT_YOY":-25.9861981359,"GROSS_PROFIT_RATIO":19.167024889746,"EPS_TTM":1.827238474271,"OPERATE_INCOME_QOQ":10.822087221134,"NET_PROFIT_RATIO":6.6871218378,"ROE_AVG":11.746767073962,"GROSS_PROFIT_QOQ":7.868443479372,"ROA":4.338878118155,"HOLDER_PROFIT_QOQ":-17.557204987395,"ROE_YEARLY":11.746767073962,"ROIC_YEARLY":5.312488874924,"TOTAL_ASSETS":100317423372.95,"TOTAL_LIABILITIES":53380173369.74,"TAX_EBT":26.777575353233,"OCF_SALES":4.61253664987,"TOTAL_PARENT_EQUITY":35112310571.24,"DEBT_ASSET_RATIO":53.1104974259,"OPERATE_PROFIT":7738433740.8,"PRETAX_PROFIT":7696017708.12,"NETCASH_OPERATE":3886966145.3,"NETCASH_INVEST":-11031025174.26,"NETCASH_FINANCE":6803145213.27,"END_CASH":5750406866.33,"DIVI_RATIO":0.624244144408,"DIVIDEND_RATE":4.22487394958,"CURRENT_RATIO":0.607181437848,"COMMON_ACS":10000000000,"CURRENTDEBT_DEBT":77.512693579833,"ISSUED_COMMON_SHARES":2314012871,"HK_COMMON_SHARES":2314012871,"PER_SHARES":100,"TOTAL_MARKET_CAP":68841882912.25,"HKSK_MARKET_CAP":68841882912.25,"PE_TTM":13.405905040776,"PB_TTM":1.654210039527,"REPORT_DATE_SQ":"2021-12-31 00:00:00","REPORT_TYPE_SQ":"2021年年报","OPERATE_INCOME_SQ":65115323728,"DPS_HKD":1.2569,"OPERATE_INCOME_QOQ_SQ":16.134263647689,"NET_PROFIT_RATIO_SQ":10.7960566899,"HOLDER_PROFIT_SQ":5228852876.8,"HOLDER_PROFIT_QOQ_SQ":7.788880978042,"ROE_AVG_SQ":16.49753347046,"PE_TTM_SQ":10.722580345434,"PB_TTM_SQ":1.410454812228,"ROA_SQ":6.395140428928,"START_DATE":"2022-01-01 00:00:00","FISCAL_YEAR":"12-31","CURRENCY":"HKD","IS_CNY_CODE":0,"DPS_HKD_LY":1.27,"ORG_TYPE":"一般企业","PREMIUM_INCOME":null,"PREMIUM_INCOME_YOY":null,"NET_INTEREST_INCOME":null,"NET_INTEREST_INCOME_YOY":null,"FEE_COMMISSION_INCOME":null,"FEE_COMMISSION_INCOME_YOY":null,"ACCOUNTS_RECE_TDAYS":5.761513574104,"INVENTORY_TDAYS":62.277689983903,"CURRENT_ASSETS_TDAYS":3.217648257202,"TOTAL_ASSETS_TDAYS":0.864743641593,"PREMIUM_EXPENSE":null,"LOAN_DEPOSIT":null,"LOAN_EQUITY":null,"LOAN_ASSETS":null,"DEPOSIT_EQUITY":null,"DEPOSIT_ASSETS":null,"EQUITY_MULTIPLIER":2.132673509214,"EQUITY_RATIO":1.520269458241},{"SECUCODE":"01193.HK","SECURITY_CODE":"01193","SECURITY_NAME_ABBR":"华润燃气","ORG_CODE":"10010542","STD_REPORT_DATE":"2022-06-30 00:00:00","REPORT_DATE":"2022-06-30 00:00:00","DATE_TYPE_CODE":"002","REPORT_TYPE":"2022年中报","PER_NETCASH_OPERATE":-0.003664657248,"PER_OI":17.776554192784,"BPS":14.736696613824,"BASIC_EPS":1.1459546,"DILUTED_EPS":null,"OPERATE_INCOME":41135175204.13,"OPERATE_INCOME_YOY":37.9612653986,"GROSS_PROFIT":7548747591.77,"GROSS_PROFIT_YOY":0.206480570796,"HOLDER_PROFIT":2604378522.2,"HOLDER_PROFIT_YOY":-6.3049947205,"GROSS_PROFIT_RATIO":18.351076795735,"EPS_TTM":2.216371332379,"OPERATE_INCOME_QOQ":18.969346069226,"NET_PROFIT_RATIO":8.168868568,"ROE_AVG":7.507208547674,"GROSS_PROFIT_QOQ":0.103986853822,"ROA":2.811525179707,"HOLDER_PROFIT_QOQ":-1.915163595524,"ROE_YEARLY":15.014417095348,"ROIC_YEARLY":6.89240056698,"TOTAL_ASSETS":94497754405.46,"TOTAL_LIABILITIES":49658302336.58,"TAX_EBT":23.657346097531,"OCF_SALES":-0.02061511589,"TOTAL_PARENT_EQUITY":34100905640.41,"DEBT_ASSET_RATIO":52.549716815,"OPERATE_PROFIT":4096118081.23,"PRETAX_PROFIT":4401573990.24,"NETCASH_OPERATE":-8480064.04,"NETCASH_INVEST":-4501101857.63,"NETCASH_FINANCE":4070441001.48,"END_CASH":5983259867.9,"DIVI_RATIO":0.514644320352,"DIVIDEND_RATE":4.22487394958,"CURRENT_RATIO":0.673422598763,"COMMON_ACS":10000000000,"CURRENTDEBT_DEBT":86.175785750325,"ISSUED_COMMON_SHARES":2314012871,"HK_COMMON_SHARES":2314012871,"PER_SHARES":100,"TOTAL_MARKET_CAP":68841882912.25,"HKSK_MARKET_CAP":68841882912.25,"PE_TTM":13.405905040776,"PB_TTM":1.654210039527,"REPORT_DATE_SQ":"2021-06-30 00:00:00","REPORT_TYPE_SQ":"2021年中报","OPERATE_INCOME_SQ":29010729641.04,"DPS_HKD":1.2569,"OPERATE_INCOME_QOQ_SQ":17.054859242179,"NET_PROFIT_RATIO_SQ":12.3267868304,"HOLDER_PROFIT_SQ":2704519608.96,"HOLDER_PROFIT_QOQ_SQ":11.889651947628,"ROE_AVG_SQ":8.725675771939,"PE_TTM_SQ":10.722580345434,"PB_TTM_SQ":1.410454812228,"ROA_SQ":3.362656695688,"START_DATE":"2022-01-01 00:00:00","FISCAL_YEAR":"12-31","CURRENCY":"HKD","IS_CNY_CODE":0,"DPS_HKD_LY":1.27,"ORG_TYPE":"一般企业","PREMIUM_INCOME":null,"PREMIUM_INCOME_YOY":null,"NET_INTEREST_INCOME":null,"NET_INTEREST_INCOME_YOY":null,"FEE_COMMISSION_INCOME":null,"FEE_COMMISSION_INCOME_YOY":null,"ACCOUNTS_RECE_TDAYS":2.852380020661,"INVENTORY_TDAYS":30.657984036221,"CURRENT_ASSETS_TDAYS":1.496985131475,"TOTAL_ASSETS_TDAYS":0.444069784297,"PREMIUM_EXPENSE":null,"LOAN_DEPOSIT":null,"LOAN_EQUITY":null,"LOAN_ASSETS":null,"DEPOSIT_EQUITY":null,"DEPOSIT_ASSETS":null,"EQUITY_MULTIPLIER":2.10746898201,"EQUITY_RATIO":1.456216525749},{"SECUCODE":"01193.HK","SECURITY_CODE":"01193","SECURITY_NAME_ABBR":"华润燃气","ORG_CODE":"10010542","STD_REPORT_DATE":"2021-12-31 00:00:00","REPORT_DATE":"2021-12-31 00:00:00","DATE_TYPE_CODE":"001","REPORT_TYPE":"2021年年报","PER_NETCASH_OPERATE":2.96442232745,"PER_OI":28.139568514958,"BPS":14.577124495173,"BASIC_EPS":2.305632,"DILUTED_EPS":null,"OPERATE_INCOME":65115323728,"OPERATE_INCOME_YOY":39.9378839771,"GROSS_PROFIT":15678454579.2,"GROSS_PROFIT_YOY":23.96263880698,"HOLDER_PROFIT":5228852876.8,"HOLDER_PROFIT_YOY":24.1507567422,"GROSS_PROFIT_RATIO":23.402934661988,"EPS_TTM":2.259647274365,"OPERATE_INCOME_QOQ":16.134263647689,"NET_PROFIT_RATIO":10.7960566899,"ROE_AVG":16.49753347046,"GROSS_PROFIT_QOQ":3.869310907028,"ROA":6.395140428928,"HOLDER_PROFIT_QOQ":7.788880978042,"ROE_YEARLY":16.49753347046,"ROIC_YEARLY":8.21883370447,"TOTAL_ASSETS":86777045420.8,"TOTAL_LIABILITIES":42595852969.6,"TAX_EBT":24.534642641619,"OCF_SALES":10.73238682949,"TOTAL_PARENT_EQUITY":33731653704,"DEBT_ASSET_RATIO":49.0865444462,"OPERATE_PROFIT":8564503080,"PRETAX_PROFIT":9143807019.2,"NETCASH_OPERATE":6859711420.8,"NETCASH_INVEST":-9110367179.2,"NETCASH_FINANCE":-2740304134.4,"END_CASH":6183467920,"DIVI_RATIO":0.504788039682,"DIVIDEND_RATE":4.22487394958,"CURRENT_RATIO":0.627657115094,"COMMON_ACS":10000000000,"CURRENTDEBT_DEBT":93.472179680063,"ISSUED_COMMON_SHARES":2314012871,"HK_COMMON_SHARES":2314012871,"PER_SHARES":100,"TOTAL_MARKET_CAP":68841882912.25,"HKSK_MARKET_CAP":68841882912.25,"PE_TTM":13.405905040776,"PB_TTM":1.654210039527,"REPORT_DATE_SQ":"2020-12-31 00:00:00","REPORT_TYPE_SQ":"2020年年报","OPERATE_INCOME_SQ":47017519197.16,"DPS_HKD":1.2569,"OPERATE_INCOME_QOQ_SQ":2.542621233261,"NET_PROFIT_RATIO_SQ":12.0146564786,"HOLDER_PROFIT_SQ":4335533398.88,"HOLDER_PROFIT_QOQ_SQ":4.947002226855,"ROE_AVG_SQ":16.335229245652,"PE_TTM_SQ":10.722580345434,"PB_TTM_SQ":1.410454812228,"ROA_SQ":5.890733207481,"START_DATE":"2021-01-01 00:00:00","FISCAL_YEAR":"12-31","CURRENCY":"HKD","IS_CNY_CODE":0,"DPS_HKD_LY":0.93,"ORG_TYPE":"一般企业","PREMIUM_INCOME":null,"PREMIUM_INCOME_YOY":null,"NET_INTEREST_INCOME":null,"NET_INTEREST_INCOME_YOY":null,"FEE_COMMISSION_INCOME":null,"FEE_COMMISSION_INCOME_YOY":null,"ACCOUNTS_RECE_TDAYS":5.618292734373,"INVENTORY_TDAYS":55.725522311665,"CURRENT_ASSETS_TDAYS":2.554456005891,"TOTAL_ASSETS_TDAYS":0.781723542368,"PREMIUM_EXPENSE":null,"LOAN_DEPOSIT":null,"LOAN_EQUITY":null,"LOAN_ASSETS":null,"DEPOSIT_EQUITY":null,"DEPOSIT_ASSETS":null,"EQUITY_MULTIPLIER":1.96411732247,"EQUITY_RATIO":1.26278578997},{"SECUCODE":"01193.HK","SECURITY_CODE":"01193","SECURITY_NAME_ABBR":"华润燃气","ORG_CODE":"10010542","STD_REPORT_DATE":"2021-06-30 00:00:00","REPORT_DATE":"2021-06-30 00:00:00","DATE_TYPE_CODE":"002","REPORT_TYPE":"2021年中报","PER_NETCASH_OPERATE":1.678819937558,"PER_OI":12.536978512355,"BPS":13.745303336716,"BASIC_EPS":1.1898744,"DILUTED_EPS":null,"OPERATE_INCOME":29010729641.04,"OPERATE_INCOME_YOY":52.472930339,"GROSS_PROFIT":7533193011.84,"GROSS_PROFIT_YOY":35.572347081603,"HOLDER_PROFIT":2704519608.96,"HOLDER_PROFIT_YOY":35.6286451915,"GROSS_PROFIT_RATIO":25.526166301961,"EPS_TTM":2.096363979161,"OPERATE_INCOME_QOQ":17.054859242179,"NET_PROFIT_RATIO":12.3267868304,"ROE_AVG":8.725675771939,"GROSS_PROFIT_QOQ":13.862354027958,"ROA":3.362656695688,"HOLDER_PROFIT_QOQ":11.889651947628,"ROE_YEARLY":17.451351543878,"ROIC_YEARLY":9.176381380781,"TOTAL_ASSETS":82748101063.2,"TOTAL_LIABILITIES":41029494524.4,"TAX_EBT":25.198650800228,"OCF_SALES":13.565835837753,"TOTAL_PARENT_EQUITY":31806808836.96,"DEBT_ASSET_RATIO":49.5836085629,"OPERATE_PROFIT":4387786662,"PRETAX_PROFIT":4719150040.8,"NETCASH_OPERATE":3884810943.6,"NETCASH_INVEST":-1349028837.84,"NETCASH_FINANCE":-747293544.24,"END_CASH":13053757576.32,"DIVI_RATIO":0.544105379285,"DIVIDEND_RATE":4.22487394958,"CURRENT_RATIO":0.723060191787,"COMMON_ACS":10000000000,"CURRENTDEBT_DEBT":94.05918386406,"ISSUED_COMMON_SHARES":2314012871,"HK_COMMON_SHARES":2314012871,"PER_SHARES":100,"TOTAL_MARKET_CAP":68841882912.25,"HKSK_MARKET_CAP":68841882912.25,"PE_TTM":13.405905040776,"PB_TTM":1.654210039527,"REPORT_DATE_SQ":"2020-06-30 00:00:00","REPORT_TYPE_SQ":"2020年中报","OPERATE_INCOME_SQ":20617952108.16,"DPS_HKD":1.2569,"OPERATE_INCOME_QOQ_SQ":-8.325925431995,"NET_PROFIT_RATIO_SQ":13.5708400992,"HOLDER_PROFIT_SQ":2189039777.76,"HOLDER_PROFIT_QOQ_SQ":-8.55897362287,"ROE_AVG_SQ":8.322496744509,"PE_TTM_SQ":10.722580345434,"PB_TTM_SQ":1.410454812228,"ROA_SQ":2.926692107393,"START_DATE":"2021-01-01 00:00:00","FISCAL_YEAR":"12-31","CURRENCY":"HKD","IS_CNY_CODE":0,"DPS_HKD_LY":0.93,"ORG_TYPE":"一般企业","PREMIUM_INCOME":null,"PREMIUM_INCOME_YOY":null,"NET_INTEREST_INCOME":null,"NET_INTEREST_INCOME_YOY":null,"FEE_COMMISSION_INCOME":null,"FEE_COMMISSION_INCOME_YOY":null,"ACCOUNTS_RECE_TDAYS":2.776062837746,"INVENTORY_TDAYS":23.240291605462,"CURRENT_ASSETS_TDAYS":1.072527740605,"TOTAL_ASSETS_TDAYS":0.356053884018,"PREMIUM_EXPENSE":null,"LOAN_DEPOSIT":null,"LOAN_EQUITY":null,"LOAN_ASSETS":null,"DEPOSIT_EQUITY":null,"DEPOSIT_ASSETS":null,"EQUITY_MULTIPLIER":1.983481902404,"EQUITY_RATIO":1.289959478007},{"SECUCODE":"01193.HK","SECURITY_CODE":"01193","SECURITY_NAME_ABBR":"华润燃气","ORG_CODE":"10010542","STD_REPORT_DATE":"2020-12-31 00:00:00","REPORT_DATE":"2020-12-31 00:00:00","DATE_TYPE_CODE":"001","REPORT_TYPE":"2020年年报","PER_NETCASH_OPERATE":3.133774915464,"PER_OI":20.318607466017,"BPS":13.193483620291,"BASIC_EPS":1.9441884,"DILUTED_EPS":null,"OPERATE_INCOME":47017519197.16,"OPERATE_INCOME_YOY":-1.9519013962,"GROSS_PROFIT":12647725742.28,"GROSS_PROFIT_YOY":-0.663793922811,"HOLDER_PROFIT":4335533398.88,"HOLDER_PROFIT_YOY":2.1377117413,"GROSS_PROFIT_RATIO":26.900027815683,"EPS_TTM":1.873599517623,"OPERATE_INCOME_QOQ":2.542621233261,"NET_PROFIT_RATIO":12.0146564786,"ROE_AVG":16.335229245652,"GROSS_PROFIT_QOQ":6.717111991636,"ROA":5.890733207481,"HOLDER_PROFIT_QOQ":4.947002226855,"ROE_YEARLY":16.335229245652,"ROIC_YEARLY":7.982756240357,"TOTAL_ASSETS":79005427686.76,"TOTAL_LIABILITIES":39559142018,"TAX_EBT":25.342695758734,"OCF_SALES":15.423177600655,"TOTAL_PARENT_EQUITY":30529890910.68,"DEBT_ASSET_RATIO":50.071423162,"OPERATE_PROFIT":7174449925.16,"PRETAX_PROFIT":7566564951.32,"NETCASH_OPERATE":7251595489.2,"NETCASH_INVEST":-6059715419.6,"NETCASH_FINANCE":-1763476509.04,"END_CASH":11313498257.84,"DIVI_RATIO":0.60879761511,"DIVIDEND_RATE":4.22487394958,"CURRENT_RATIO":0.785220007286,"COMMON_ACS":10000000000,"CURRENTDEBT_DEBT":83.022661584662,"ISSUED_COMMON_SHARES":2314012871,"HK_COMMON_SHARES":2314012871,"PER_SHARES":100,"TOTAL_MARKET_CAP":68841882912.25,"HKSK_MARKET_CAP":68841882912.25,"PE_TTM":13.405905040776,"PB_TTM":1.654210039527,"REPORT_DATE_SQ":"2019-12-31 00:00:00","REPORT_TYPE_SQ":"2019年年报","OPERATE_INCOME_SQ":51038221056.2,"DPS_HKD":1.2569,"OPERATE_INCOME_QOQ_SQ":1.02532394002,"NET_PROFIT_RATIO_SQ":11.5867106779,"HOLDER_PROFIT_SQ":4517845827.06,"HOLDER_PROFIT_QOQ_SQ":6.488006413788,"ROE_AVG_SQ":19.82632983596,"PE_TTM_SQ":10.722580345434,"PB_TTM_SQ":1.410454812228,"ROA_SQ":6.524729847979,"START_DATE":"2020-01-01 00:00:00","FISCAL_YEAR":"12-31","CURRENCY":"HKD","IS_CNY_CODE":0,"DPS_HKD_LY":0.87,"ORG_TYPE":"一般企业","PREMIUM_INCOME":null,"PREMIUM_INCOME_YOY":null,"NET_INTEREST_INCOME":null,"NET_INTEREST_INCOME_YOY":null,"FEE_COMMISSION_INCOME":null,"FEE_COMMISSION_INCOME_YOY":null,"ACCOUNTS_RECE_TDAYS":4.576423560056,"INVENTORY_TDAYS":43.818449877247,"CURRENT_ASSETS_TDAYS":1.865732211428,"TOTAL_ASSETS_TDAYS":0.638831802656,"PREMIUM_EXPENSE":null,"LOAN_DEPOSIT":null,"LOAN_EQUITY":null,"LOAN_ASSETS":null,"DEPOSIT_EQUITY":null,"DEPOSIT_ASSETS":null,"EQUITY_MULTIPLIER":2.002861013332,"EQUITY_RATIO":1.29575117493},{"SECUCODE":"01193.HK","SECURITY_CODE":"01193","SECURITY_NAME_ABBR":"华润燃气","ORG_CODE":"10010542","STD_REPORT_DATE":"2020-06-30 00:00:00","REPORT_DATE":"2020-06-30 00:00:00","DATE_TYPE_CODE":"002","REPORT_TYPE":"2020年中报","PER_NETCASH_OPERATE":1.43903421405,"PER_OI":8.910042103288,"BPS":12.15608545963,"BASIC_EPS":0.9956496,"DILUTED_EPS":null,"OPERATE_INCOME":20617952108.16,"OPERATE_INCOME_YOY":-19.8802294164,"GROSS_PROFIT":5556585228.48,"GROSS_PROFIT_YOY":-10.144269284716,"HOLDER_PROFIT":2189039777.76,"HOLDER_PROFIT_YOY":-18.1554714734,"GROSS_PROFIT_RATIO":26.950228613058,"EPS_TTM":1.785281597252,"OPERATE_INCOME_QOQ":-8.325925431995,"NET_PROFIT_RATIO":13.5708400992,"ROE_AVG":8.322496744509,"GROSS_PROFIT_QOQ":-5.026954539018,"ROA":2.926692107393,"HOLDER_PROFIT_QOQ":-8.55897362287,"ROE_YEARLY":16.644993489017,"ROIC_YEARLY":8.205648466597,"TOTAL_ASSETS":75580872792.48,"TOTAL_LIABILITIES":39581855285.28,"TAX_EBT":23.190948542932,"OCF_SALES":16.150700494653,"TOTAL_PARENT_EQUITY":28129338214.56,"DEBT_ASSET_RATIO":52.3702013788,"OPERATE_PROFIT":3411557730.24,"PRETAX_PROFIT":3642837997.92,"NETCASH_OPERATE":3329943693.12,"NETCASH_INVEST":-54020841.6,"NETCASH_FINANCE":-256262851.68,"END_CASH":15101626747.68,"DIVI_RATIO":0.638914846686,"DIVIDEND_RATE":4.22487394958,"CURRENT_RATIO":0.859665548458,"COMMON_ACS":10000000000,"CURRENTDEBT_DEBT":82.527337241587,"ISSUED_COMMON_SHARES":2314012871,"HK_COMMON_SHARES":2314012871,"PER_SHARES":100,"TOTAL_MARKET_CAP":68841882912.25,"HKSK_MARKET_CAP":68841882912.25,"PE_TTM":13.405905040776,"PB_TTM":1.654210039527,"REPORT_DATE_SQ":"2019-06-30 00:00:00","REPORT_TYPE_SQ":"2019年中报","OPERATE_INCOME_SQ":24782245100.82,"DPS_HKD":1.2569,"OPERATE_INCOME_QOQ_SQ":10.43306682829,"NET_PROFIT_RATIO_SQ":13.085347296,"HOLDER_PROFIT_SQ":2575721010.42,"HOLDER_PROFIT_QOQ_SQ":8.807189626089,"ROE_AVG_SQ":11.803398471538,"PE_TTM_SQ":10.722580345434,"PB_TTM_SQ":1.410454812228,"ROA_SQ":3.848920225927,"START_DATE":"2020-01-01 00:00:00","FISCAL_YEAR":"12-31","CURRENCY":"HKD","IS_CNY_CODE":0,"DPS_HKD_LY":0.87,"ORG_TYPE":"一般企业","PREMIUM_INCOME":null,"PREMIUM_INCOME_YOY":null,"NET_INTEREST_INCOME":null,"NET_INTEREST_INCOME_YOY":null,"FEE_COMMISSION_INCOME":null,"FEE_COMMISSION_INCOME_YOY":null,"ACCOUNTS_RECE_TDAYS":2.122333914728,"INVENTORY_TDAYS":18.371652032555,"CURRENT_ASSETS_TDAYS":0.752569539059,"TOTAL_ASSETS_TDAYS":0.275656926469,"PREMIUM_EXPENSE":null,"LOAN_DEPOSIT":null,"LOAN_EQUITY":null,"LOAN_ASSETS":null,"DEPOSIT_EQUITY":null,"DEPOSIT_ASSETS":null,"EQUITY_MULTIPLIER":2.099525987823,"EQUITY_RATIO":1.407137806918}],"count":49},"success":true,"message":"ok","code":0}