{"version":"f076452c4549742932f1cfb93fd41d37","result":{"pages":4,"data":[{"SECUCODE":"01206.HK","SECURITY_CODE":"01206","SECURITY_NAME_ABBR":"同方泰德","ORG_CODE":"10194431","STD_REPORT_DATE":"2024-06-30 00:00:00","REPORT_DATE":"2024-06-30 00:00:00","DATE_TYPE_CODE":"002","REPORT_TYPE":"2024年中报","PER_NETCASH_OPERATE":-0.355433106991,"PER_OI":0.655301864693,"BPS":3.593381574921,"BASIC_EPS":-0.0889,"DILUTED_EPS":-0.0889,"OPERATE_INCOME":512572000,"OPERATE_INCOME_YOY":-8.7893374143,"GROSS_PROFIT":56085000,"GROSS_PROFIT_YOY":-46.128059323011,"HOLDER_PROFIT":-69557000,"HOLDER_PROFIT_YOY":-370.8705659356,"GROSS_PROFIT_RATIO":10.941877433804,"EPS_TTM":-0.199118582607,"OPERATE_INCOME_QOQ":-2.687308556537,"NET_PROFIT_RATIO":-14.0290534793,"ROE_AVG":-2.444496964894,"GROSS_PROFIT_QOQ":-28.361770108018,"ROA":-1.291838205701,"HOLDER_PROFIT_QOQ":-54.261915138069,"ROE_YEARLY":-4.888993929788,"ROIC_YEARLY":-2.711795552362,"TOTAL_ASSETS":5220360000,"TOTAL_LIABILITIES":2393654000,"TAX_EBT":9.307722382676,"OCF_SALES":-54.239599509923,"TOTAL_PARENT_EQUITY":2810715000,"DEBT_ASSET_RATIO":45.8522783869,"OPERATE_PROFIT":-75247000,"PRETAX_PROFIT":-79289000,"NETCASH_OPERATE":-278017000,"NETCASH_INVEST":-24692000,"NETCASH_FINANCE":56922000,"END_CASH":109228000,"DIVI_RATIO":null,"DIVIDEND_RATE":null,"CURRENT_RATIO":1.769143181377,"COMMON_ACS":null,"CURRENTDEBT_DEBT":98.366723010093,"ISSUED_COMMON_SHARES":782192189,"HK_COMMON_SHARES":782192189,"PER_SHARES":2000,"TOTAL_MARKET_CAP":203369969.14,"HKSK_MARKET_CAP":203369969.14,"PE_TTM":-1.185125756586,"PB_TTM":0.066037183932,"REPORT_DATE_SQ":"2023-06-30 00:00:00","REPORT_TYPE_SQ":"2023年中报","OPERATE_INCOME_SQ":561965000,"DPS_HKD":null,"OPERATE_INCOME_QOQ_SQ":-3.629696850498,"NET_PROFIT_RATIO_SQ":-2.4779123255,"HOLDER_PROFIT_SQ":-14772000,"HOLDER_PROFIT_QOQ_SQ":-48.001886552869,"ROE_AVG_SQ":-0.496759144284,"PE_TTM_SQ":6.5951738512,"PB_TTM_SQ":0.065626263789,"ROA_SQ":-0.280645465572,"START_DATE":"2024-01-01 00:00:00","FISCAL_YEAR":"12-31","CURRENCY":"HKD","IS_CNY_CODE":0,"DPS_HKD_LY":null,"ORG_TYPE":"一般企业","PREMIUM_INCOME":null,"PREMIUM_INCOME_YOY":null,"NET_INTEREST_INCOME":null,"NET_INTEREST_INCOME_YOY":null,"FEE_COMMISSION_INCOME":null,"FEE_COMMISSION_INCOME_YOY":null,"ACCOUNTS_RECE_TDAYS":0.292762527548,"INVENTORY_TDAYS":0.346013530159,"CURRENT_ASSETS_TDAYS":0.118481541204,"TOTAL_ASSETS_TDAYS":0.095196758453,"PREMIUM_EXPENSE":null,"LOAN_DEPOSIT":null,"LOAN_EQUITY":null,"LOAN_ASSETS":null,"DEPOSIT_EQUITY":null,"DEPOSIT_ASSETS":null,"EQUITY_MULTIPLIER":1.846799773304,"EQUITY_RATIO":0.851617470999},{"SECUCODE":"01206.HK","SECURITY_CODE":"01206","SECURITY_NAME_ABBR":"同方泰德","ORG_CODE":"10194431","STD_REPORT_DATE":"2023-12-31 00:00:00","REPORT_DATE":"2023-12-31 00:00:00","DATE_TYPE_CODE":"001","REPORT_TYPE":"2023年年报","PER_NETCASH_OPERATE":0.092175556102,"PER_OI":2.349818913878,"BPS":3.682202456767,"BASIC_EPS":-0.1291,"DILUTED_EPS":-0.1291,"OPERATE_INCOME":1838010000,"OPERATE_INCOME_YOY":5.7009174882,"GROSS_PROFIT":169323000,"GROSS_PROFIT_YOY":-44.197749757773,"HOLDER_PROFIT":-100964000,"HOLDER_PROFIT_YOY":-283.1480037005,"GROSS_PROFIT_RATIO":9.21230025952,"EPS_TTM":-0.129078251381,"OPERATE_INCOME_QOQ":9.682043154099,"NET_PROFIT_RATIO":-5.4377832547,"ROE_AVG":-3.445567497054,"GROSS_PROFIT_QOQ":-43.414140198909,"ROA":-1.863127553487,"HOLDER_PROFIT_QOQ":-452.220477934764,"ROE_YEARLY":-3.445567497054,"ROIC_YEARLY":-2.002242319431,"TOTAL_ASSETS":5548326000,"TOTAL_LIABILITIES":2649793000,"TAX_EBT":-0.271880894097,"OCF_SALES":3.922666361989,"TOTAL_PARENT_EQUITY":2880190000,"DEBT_ASSET_RATIO":47.758422991,"OPERATE_PROFIT":-91222000,"PRETAX_PROFIT":-99676000,"NETCASH_OPERATE":72099000,"NETCASH_INVEST":-81248000,"NETCASH_FINANCE":16362000,"END_CASH":354783000,"DIVI_RATIO":null,"DIVIDEND_RATE":null,"CURRENT_RATIO":1.719309701064,"COMMON_ACS":null,"CURRENTDEBT_DEBT":98.485126951426,"ISSUED_COMMON_SHARES":782192189,"HK_COMMON_SHARES":782192189,"PER_SHARES":2000,"TOTAL_MARKET_CAP":199459008.195,"HKSK_MARKET_CAP":199459008.195,"PE_TTM":-1.162334876652,"PB_TTM":0.064767238087,"REPORT_DATE_SQ":"2022-12-31 00:00:00","REPORT_TYPE_SQ":"2022年年报","OPERATE_INCOME_SQ":1738878000,"DPS_HKD":null,"OPERATE_INCOME_QOQ_SQ":11.833222392653,"NET_PROFIT_RATIO_SQ":3.2042500969,"HOLDER_PROFIT_SQ":55127000,"HOLDER_PROFIT_QOQ_SQ":38.569238116784,"ROE_AVG_SQ":1.86806215872,"PE_TTM_SQ":7.327970945778,"PB_TTM_SQ":0.072918070876,"ROA_SQ":1.092736081154,"START_DATE":"2023-01-01 00:00:00","FISCAL_YEAR":"12-31","CURRENCY":"HKD","IS_CNY_CODE":0,"DPS_HKD_LY":null,"ORG_TYPE":"一般企业","PREMIUM_INCOME":null,"PREMIUM_INCOME_YOY":null,"NET_INTEREST_INCOME":null,"NET_INTEREST_INCOME_YOY":null,"FEE_COMMISSION_INCOME":null,"FEE_COMMISSION_INCOME_YOY":null,"ACCOUNTS_RECE_TDAYS":1.086068062062,"INVENTORY_TDAYS":1.349049869233,"CURRENT_ASSETS_TDAYS":0.425691229164,"TOTAL_ASSETS_TDAYS":0.339175059881,"PREMIUM_EXPENSE":null,"LOAN_DEPOSIT":null,"LOAN_EQUITY":null,"LOAN_ASSETS":null,"DEPOSIT_EQUITY":null,"DEPOSIT_ASSETS":null,"EQUITY_MULTIPLIER":1.914184175236,"EQUITY_RATIO":0.920006319028},{"SECUCODE":"01206.HK","SECURITY_CODE":"01206","SECURITY_NAME_ABBR":"同方泰德","ORG_CODE":"10194431","STD_REPORT_DATE":"2023-06-30 00:00:00","REPORT_DATE":"2023-06-30 00:00:00","DATE_TYPE_CODE":"002","REPORT_TYPE":"2023年中报","PER_NETCASH_OPERATE":-0.269068143303,"PER_OI":0.718448749429,"BPS":3.793216094108,"BASIC_EPS":-0.0189,"DILUTED_EPS":-0.0189,"OPERATE_INCOME":561965000,"OPERATE_INCOME_YOY":-10.0972513962,"GROSS_PROFIT":104108000,"GROSS_PROFIT_YOY":-3.879604837965,"HOLDER_PROFIT":-14772000,"HOLDER_PROFIT_YOY":-226.3644140291,"GROSS_PROFIT_RATIO":18.525708896462,"EPS_TTM":0.036647003643,"OPERATE_INCOME_QOQ":-3.629696850498,"NET_PROFIT_RATIO":-2.4779123255,"ROE_AVG":-0.496759144284,"GROSS_PROFIT_QOQ":-1.384815149258,"ROA":-0.280645465572,"HOLDER_PROFIT_QOQ":-48.001886552869,"ROE_YEARLY":-0.993518288569,"ROIC_YEARLY":-0.589601390425,"TOTAL_ASSETS":5237367000,"TOTAL_LIABILITIES":2252170000,"TAX_EBT":23.698630136986,"OCF_SALES":-37.451264758481,"TOTAL_PARENT_EQUITY":2967024000,"DEBT_ASSET_RATIO":43.0019511713,"OPERATE_PROFIT":-14522000,"PRETAX_PROFIT":-18250000,"NETCASH_OPERATE":-210463000,"NETCASH_INVEST":-43971000,"NETCASH_FINANCE":12813000,"END_CASH":106531000,"DIVI_RATIO":null,"DIVIDEND_RATE":null,"CURRENT_RATIO":1.818947959576,"COMMON_ACS":null,"CURRENTDEBT_DEBT":98.670793057363,"ISSUED_COMMON_SHARES":782192189,"HK_COMMON_SHARES":782192189,"PER_SHARES":2000,"TOTAL_MARKET_CAP":199459008.195,"HKSK_MARKET_CAP":199459008.195,"PE_TTM":-1.162334876652,"PB_TTM":0.064767238087,"REPORT_DATE_SQ":"2022-06-30 00:00:00","REPORT_TYPE_SQ":"2022年中报","OPERATE_INCOME_SQ":625081000,"DPS_HKD":null,"OPERATE_INCOME_QOQ_SQ":-3.964016268649,"NET_PROFIT_RATIO_SQ":1.5537186381,"HOLDER_PROFIT_SQ":11690000,"HOLDER_PROFIT_QOQ_SQ":-12.19237645397,"ROE_AVG_SQ":0.399139920053,"PE_TTM_SQ":7.327970945778,"PB_TTM_SQ":0.072918070876,"ROA_SQ":0.242420396576,"START_DATE":"2023-01-01 00:00:00","FISCAL_YEAR":"12-31","CURRENCY":"HKD","IS_CNY_CODE":0,"DPS_HKD_LY":null,"ORG_TYPE":"一般企业","PREMIUM_INCOME":null,"PREMIUM_INCOME_YOY":null,"NET_INTEREST_INCOME":null,"NET_INTEREST_INCOME_YOY":null,"FEE_COMMISSION_INCOME":null,"FEE_COMMISSION_INCOME_YOY":null,"ACCOUNTS_RECE_TDAYS":0.355523515676,"INVENTORY_TDAYS":0.368727312262,"CURRENT_ASSETS_TDAYS":0.137219558375,"TOTAL_ASSETS_TDAYS":0.106764777322,"PREMIUM_EXPENSE":null,"LOAN_DEPOSIT":null,"LOAN_EQUITY":null,"LOAN_ASSETS":null,"DEPOSIT_EQUITY":null,"DEPOSIT_ASSETS":null,"EQUITY_MULTIPLIER":1.754446021486,"EQUITY_RATIO":0.759066997773},{"SECUCODE":"01206.HK","SECURITY_CODE":"01206","SECURITY_NAME_ABBR":"同方泰德","ORG_CODE":"10194431","STD_REPORT_DATE":"2022-12-31 00:00:00","REPORT_DATE":"2022-12-31 00:00:00","DATE_TYPE_CODE":"001","REPORT_TYPE":"2022年年报","PER_NETCASH_OPERATE":-0.05672007548,"PER_OI":2.223082797877,"BPS":3.81022086632,"BASIC_EPS":0.0705,"DILUTED_EPS":0.0705,"OPERATE_INCOME":1738878000,"OPERATE_INCOME_YOY":7.4001352633,"GROSS_PROFIT":303434000,"GROSS_PROFIT_YOY":-4.426925027324,"HOLDER_PROFIT":55127000,"HOLDER_PROFIT_YOY":21.6743549562,"GROSS_PROFIT_RATIO":17.449987865739,"EPS_TTM":0.070477563923,"OPERATE_INCOME_QOQ":11.833222392653,"NET_PROFIT_RATIO":3.2042500969,"ROE_AVG":1.86806215872,"GROSS_PROFIT_QOQ":11.831262070084,"ROA":1.092736081154,"HOLDER_PROFIT_QOQ":38.569238116784,"ROE_YEARLY":1.86806215872,"ROIC_YEARLY":1.186961957016,"TOTAL_ASSETS":5289794000,"TOTAL_LIABILITIES":2292143000,"TAX_EBT":14.825119236884,"OCF_SALES":-2.551415337936,"TOTAL_PARENT_EQUITY":2980325000,"DEBT_ASSET_RATIO":43.3314227359,"OPERATE_PROFIT":72103000,"PRETAX_PROFIT":65416000,"NETCASH_OPERATE":-44366000,"NETCASH_INVEST":-100310000,"NETCASH_FINANCE":92557000,"END_CASH":346812000,"DIVI_RATIO":null,"DIVIDEND_RATE":null,"CURRENT_RATIO":1.836996450534,"COMMON_ACS":null,"CURRENTDEBT_DEBT":98.526488094329,"ISSUED_COMMON_SHARES":782192189,"HK_COMMON_SHARES":782192189,"PER_SHARES":2000,"TOTAL_MARKET_CAP":199459008.195,"HKSK_MARKET_CAP":199459008.195,"PE_TTM":-1.162334876652,"PB_TTM":0.064767238087,"REPORT_DATE_SQ":"2021-12-31 00:00:00","REPORT_TYPE_SQ":"2021年年报","OPERATE_INCOME_SQ":1619065000,"DPS_HKD":null,"OPERATE_INCOME_QOQ_SQ":-10.106130471355,"NET_PROFIT_RATIO_SQ":2.8147109597,"HOLDER_PROFIT_SQ":45307000,"HOLDER_PROFIT_QOQ_SQ":-66.445224552672,"ROE_AVG_SQ":1.562521015765,"PE_TTM_SQ":7.327970945778,"PB_TTM_SQ":0.072918070876,"ROA_SQ":0.936109547152,"START_DATE":"2022-01-01 00:00:00","FISCAL_YEAR":"12-31","CURRENCY":"HKD","IS_CNY_CODE":0,"DPS_HKD_LY":null,"ORG_TYPE":"一般企业","PREMIUM_INCOME":null,"PREMIUM_INCOME_YOY":null,"NET_INTEREST_INCOME":null,"NET_INTEREST_INCOME_YOY":null,"FEE_COMMISSION_INCOME":null,"FEE_COMMISSION_INCOME_YOY":null,"ACCOUNTS_RECE_TDAYS":1.167799121772,"INVENTORY_TDAYS":1.320416570656,"CURRENT_ASSETS_TDAYS":0.445651955233,"TOTAL_ASSETS_TDAYS":0.34468313736,"PREMIUM_EXPENSE":null,"LOAN_DEPOSIT":null,"LOAN_EQUITY":null,"LOAN_ASSETS":null,"DEPOSIT_EQUITY":null,"DEPOSIT_ASSETS":null,"EQUITY_MULTIPLIER":1.764646384785,"EQUITY_RATIO":0.769091625913},{"SECUCODE":"01206.HK","SECURITY_CODE":"01206","SECURITY_NAME_ABBR":"同方泰德","ORG_CODE":"10194431","STD_REPORT_DATE":"2022-06-30 00:00:00","REPORT_DATE":"2022-06-30 00:00:00","DATE_TYPE_CODE":"002","REPORT_TYPE":"2022年中报","PER_NETCASH_OPERATE":-0.330997935854,"PER_OI":0.799139915727,"BPS":3.753384451145,"BASIC_EPS":0.0149,"DILUTED_EPS":0.0149,"OPERATE_INCOME":625081000,"OPERATE_INCOME_YOY":-9.3114219432,"GROSS_PROFIT":108310000,"GROSS_PROFIT_YOY":-29.881463354632,"HOLDER_PROFIT":11690000,"HOLDER_PROFIT_YOY":-32.0901591728,"GROSS_PROFIT_RATIO":17.327354374873,"EPS_TTM":0.050860901655,"OPERATE_INCOME_QOQ":-3.964016268649,"NET_PROFIT_RATIO":1.5537186381,"ROE_AVG":0.399139920053,"GROSS_PROFIT_QOQ":-14.538141478917,"ROA":0.242420396576,"HOLDER_PROFIT_QOQ":-12.19237645397,"ROE_YEARLY":0.798279840105,"ROIC_YEARLY":0.51866886232,"TOTAL_ASSETS":4844478000,"TOTAL_LIABILITIES":1892690000,"TAX_EBT":19.79519365761,"OCF_SALES":-41.419272062341,"TOTAL_PARENT_EQUITY":2935868000,"DEBT_ASSET_RATIO":39.0690183751,"OPERATE_PROFIT":14557000,"PRETAX_PROFIT":12109000,"NETCASH_OPERATE":-258904000,"NETCASH_INVEST":-45574000,"NETCASH_FINANCE":74707000,"END_CASH":165525000,"DIVI_RATIO":null,"DIVIDEND_RATE":null,"CURRENT_RATIO":2.006741914753,"COMMON_ACS":null,"CURRENTDEBT_DEBT":98.327988207261,"ISSUED_COMMON_SHARES":782192189,"HK_COMMON_SHARES":782192189,"PER_SHARES":2000,"TOTAL_MARKET_CAP":199459008.195,"HKSK_MARKET_CAP":199459008.195,"PE_TTM":-1.162334876652,"PB_TTM":0.064767238087,"REPORT_DATE_SQ":"2021-06-30 00:00:00","REPORT_TYPE_SQ":"2021年中报","OPERATE_INCOME_SQ":689261000,"DPS_HKD":null,"OPERATE_INCOME_QOQ_SQ":3.709468267898,"NET_PROFIT_RATIO_SQ":2.3557114069,"HOLDER_PROFIT_SQ":17214000,"HOLDER_PROFIT_QOQ_SQ":3.38665094448,"ROE_AVG_SQ":0.596515922858,"PE_TTM_SQ":7.327970945778,"PB_TTM_SQ":0.072918070876,"ROA_SQ":0.360396310324,"START_DATE":"2022-01-01 00:00:00","FISCAL_YEAR":"12-31","CURRENCY":"HKD","IS_CNY_CODE":0,"DPS_HKD_LY":null,"ORG_TYPE":"一般企业","PREMIUM_INCOME":null,"PREMIUM_INCOME_YOY":null,"NET_INTEREST_INCOME":null,"NET_INTEREST_INCOME_YOY":null,"FEE_COMMISSION_INCOME":null,"FEE_COMMISSION_INCOME_YOY":null,"ACCOUNTS_RECE_TDAYS":0.456136817475,"INVENTORY_TDAYS":0.493289907131,"CURRENT_ASSETS_TDAYS":0.16917468338,"TOTAL_ASSETS_TDAYS":0.129625649198,"PREMIUM_EXPENSE":null,"LOAN_DEPOSIT":null,"LOAN_EQUITY":null,"LOAN_ASSETS":null,"DEPOSIT_EQUITY":null,"DEPOSIT_ASSETS":null,"EQUITY_MULTIPLIER":1.641201197375,"EQUITY_RATIO":0.64467816673},{"SECUCODE":"01206.HK","SECURITY_CODE":"01206","SECURITY_NAME_ABBR":"同方泰德","ORG_CODE":"10194431","STD_REPORT_DATE":"2021-12-31 00:00:00","REPORT_DATE":"2021-12-31 00:00:00","DATE_TYPE_CODE":"001","REPORT_TYPE":"2021年年报","PER_NETCASH_OPERATE":0.012059695983,"PER_OI":2.069906888318,"BPS":3.735305774065,"BASIC_EPS":0.0579,"DILUTED_EPS":0.0579,"OPERATE_INCOME":1619065000,"OPERATE_INCOME_YOY":-6.7715459064,"GROSS_PROFIT":317489000,"GROSS_PROFIT_YOY":-12.454019533771,"HOLDER_PROFIT":45307000,"HOLDER_PROFIT_YOY":-65.3088414331,"GROSS_PROFIT_RATIO":19.609404193161,"EPS_TTM":0.057923104625,"OPERATE_INCOME_QOQ":-10.106130471355,"NET_PROFIT_RATIO":2.8147109597,"ROE_AVG":1.562521015765,"GROSS_PROFIT_QOQ":-14.991016849766,"ROA":0.936109547152,"HOLDER_PROFIT_QOQ":-66.445224552672,"ROE_YEARLY":1.562521015765,"ROIC_YEARLY":1.048198458785,"TOTAL_ASSETS":4799925000,"TOTAL_LIABILITIES":1860348000,"TAX_EBT":16.164756526058,"OCF_SALES":0.582620215989,"TOTAL_PARENT_EQUITY":2921727000,"DEBT_ASSET_RATIO":38.7578555915,"OPERATE_PROFIT":61720000,"PRETAX_PROFIT":54359000,"NETCASH_OPERATE":9433000,"NETCASH_INVEST":-60247000,"NETCASH_FINANCE":-104751000,"END_CASH":394196000,"DIVI_RATIO":null,"DIVIDEND_RATE":null,"CURRENT_RATIO":2.002833452604,"COMMON_ACS":null,"CURRENTDEBT_DEBT":98.098957829395,"ISSUED_COMMON_SHARES":782192189,"HK_COMMON_SHARES":782192189,"PER_SHARES":2000,"TOTAL_MARKET_CAP":199459008.195,"HKSK_MARKET_CAP":199459008.195,"PE_TTM":-1.162334876652,"PB_TTM":0.064767238087,"REPORT_DATE_SQ":"2020-12-31 00:00:00","REPORT_TYPE_SQ":"2020年年报","OPERATE_INCOME_SQ":1736664000,"DPS_HKD":null,"OPERATE_INCOME_QOQ_SQ":1.456358606911,"NET_PROFIT_RATIO_SQ":7.6323341763,"HOLDER_PROFIT_SQ":130601000,"HOLDER_PROFIT_QOQ_SQ":50.195505669664,"ROE_AVG_SQ":4.639461371895,"PE_TTM_SQ":7.327970945778,"PB_TTM_SQ":0.072918070876,"ROA_SQ":2.663306494166,"START_DATE":"2021-01-01 00:00:00","FISCAL_YEAR":"12-31","CURRENCY":"HKD","IS_CNY_CODE":0,"DPS_HKD_LY":null,"ORG_TYPE":"一般企业","PREMIUM_INCOME":null,"PREMIUM_INCOME_YOY":null,"NET_INTEREST_INCOME":null,"NET_INTEREST_INCOME_YOY":null,"FEE_COMMISSION_INCOME":null,"FEE_COMMISSION_INCOME_YOY":null,"ACCOUNTS_RECE_TDAYS":1.24937591587,"INVENTORY_TDAYS":1.293873570634,"CURRENT_ASSETS_TDAYS":0.441916815706,"TOTAL_ASSETS_TDAYS":0.334522745704,"PREMIUM_EXPENSE":null,"LOAN_DEPOSIT":null,"LOAN_EQUITY":null,"LOAN_ASSETS":null,"DEPOSIT_EQUITY":null,"DEPOSIT_ASSETS":null,"EQUITY_MULTIPLIER":1.632862483276,"EQUITY_RATIO":0.636728893562},{"SECUCODE":"01206.HK","SECURITY_CODE":"01206","SECURITY_NAME_ABBR":"同方泰德","ORG_CODE":"10194431","STD_REPORT_DATE":"2021-06-30 00:00:00","REPORT_DATE":"2021-06-30 00:00:00","DATE_TYPE_CODE":"002","REPORT_TYPE":"2021年中报","PER_NETCASH_OPERATE":-0.421297993811,"PER_OI":0.881191361526,"BPS":3.69988736873,"BASIC_EPS":0.022,"DILUTED_EPS":0.022,"OPERATE_INCOME":689261000,"OPERATE_INCOME_YOY":10.3099993598,"GROSS_PROFIT":154467000,"GROSS_PROFIT_YOY":7.53459942636,"HOLDER_PROFIT":17214000,"HOLDER_PROFIT_YOY":34.57900086,"GROSS_PROFIT_RATIO":22.410523734841,"EPS_TTM":0.172622536889,"OPERATE_INCOME_QOQ":3.709468267898,"NET_PROFIT_RATIO":2.3557114069,"ROE_AVG":0.596515922858,"GROSS_PROFIT_QOQ":2.984387322351,"ROA":0.360396310324,"HOLDER_PROFIT_QOQ":3.38665094448,"ROE_YEARLY":1.193031845717,"ROIC_YEARLY":0.784173042856,"TOTAL_ASSETS":4672892000,"TOTAL_LIABILITIES":1762236000,"TAX_EBT":21.278968292446,"OCF_SALES":-47.810045831695,"TOTAL_PARENT_EQUITY":2894023000,"DEBT_ASSET_RATIO":37.7118923356,"OPERATE_PROFIT":24338000,"PRETAX_PROFIT":20626000,"NETCASH_OPERATE":-329536000,"NETCASH_INVEST":-49284000,"NETCASH_FINANCE":-38687000,"END_CASH":133110000,"DIVI_RATIO":null,"DIVIDEND_RATE":null,"CURRENT_RATIO":2.023669325195,"COMMON_ACS":null,"CURRENTDEBT_DEBT":97.873610572023,"ISSUED_COMMON_SHARES":782192189,"HK_COMMON_SHARES":782192189,"PER_SHARES":2000,"TOTAL_MARKET_CAP":199459008.195,"HKSK_MARKET_CAP":199459008.195,"PE_TTM":-1.162334876652,"PB_TTM":0.064767238087,"REPORT_DATE_SQ":"2020-06-30 00:00:00","REPORT_TYPE_SQ":"2020年中报","OPERATE_INCOME_SQ":624840000,"DPS_HKD":null,"OPERATE_INCOME_QOQ_SQ":-2.341597167468,"NET_PROFIT_RATIO_SQ":1.8851225914,"HOLDER_PROFIT_SQ":12791000,"HOLDER_PROFIT_QOQ_SQ":-22.958198217355,"ROE_AVG_SQ":0.463508700346,"PE_TTM_SQ":7.327970945778,"PB_TTM_SQ":0.072918070876,"ROA_SQ":0.267227487139,"START_DATE":"2021-01-01 00:00:00","FISCAL_YEAR":"12-31","CURRENCY":"HKD","IS_CNY_CODE":0,"DPS_HKD_LY":null,"ORG_TYPE":"一般企业","PREMIUM_INCOME":null,"PREMIUM_INCOME_YOY":null,"NET_INTEREST_INCOME":null,"NET_INTEREST_INCOME_YOY":null,"FEE_COMMISSION_INCOME":null,"FEE_COMMISSION_INCOME_YOY":null,"ACCOUNTS_RECE_TDAYS":0.525785986969,"INVENTORY_TDAYS":0.513140497295,"CURRENT_ASSETS_TDAYS":0.192458914133,"TOTAL_ASSETS_TDAYS":0.144305287121,"PREMIUM_EXPENSE":null,"LOAN_DEPOSIT":null,"LOAN_EQUITY":null,"LOAN_ASSETS":null,"DEPOSIT_EQUITY":null,"DEPOSIT_ASSETS":null,"EQUITY_MULTIPLIER":1.605442896721,"EQUITY_RATIO":0.608922596676},{"SECUCODE":"01206.HK","SECURITY_CODE":"01206","SECURITY_NAME_ABBR":"同方泰德","ORG_CODE":"10194431","STD_REPORT_DATE":"2020-12-31 00:00:00","REPORT_DATE":"2020-12-31 00:00:00","DATE_TYPE_CODE":"001","REPORT_TYPE":"2020年年报","PER_NETCASH_OPERATE":0.113442707876,"PER_OI":2.220252291474,"BPS":3.678751898148,"BASIC_EPS":0.167,"DILUTED_EPS":0.167,"OPERATE_INCOME":1736664000,"OPERATE_INCOME_YOY":-0.9193406124,"GROSS_PROFIT":362654000,"GROSS_PROFIT_YOY":3.304040677387,"HOLDER_PROFIT":130601000,"HOLDER_PROFIT_YOY":15.7133237645,"GROSS_PROFIT_RATIO":20.882220164638,"EPS_TTM":0.166967916372,"OPERATE_INCOME_QOQ":1.456358606911,"NET_PROFIT_RATIO":7.6323341763,"ROE_AVG":4.639461371895,"GROSS_PROFIT_QOQ":5.897674744566,"ROA":2.663306494166,"HOLDER_PROFIT_QOQ":50.195505669664,"ROE_YEARLY":4.639461371895,"ROIC_YEARLY":3.064236318853,"TOTAL_ASSETS":4879925000,"TOTAL_LIABILITIES":1984807000,"TAX_EBT":14.175084175084,"OCF_SALES":5.109451223725,"TOTAL_PARENT_EQUITY":2877491000,"DEBT_ASSET_RATIO":40.672899686,"OPERATE_PROFIT":166618000,"PRETAX_PROFIT":154440000,"NETCASH_OPERATE":88734000,"NETCASH_INVEST":-91523000,"NETCASH_FINANCE":-51915000,"END_CASH":551161000,"DIVI_RATIO":null,"DIVIDEND_RATE":null,"CURRENT_RATIO":1.888439847643,"COMMON_ACS":null,"CURRENTDEBT_DEBT":97.976125638412,"ISSUED_COMMON_SHARES":782192189,"HK_COMMON_SHARES":782192189,"PER_SHARES":2000,"TOTAL_MARKET_CAP":199459008.195,"HKSK_MARKET_CAP":199459008.195,"PE_TTM":-1.162334876652,"PB_TTM":0.064767238087,"REPORT_DATE_SQ":"2019-12-31 00:00:00","REPORT_TYPE_SQ":"2019年年报","OPERATE_INCOME_SQ":1752778000,"DPS_HKD":null,"OPERATE_INCOME_QOQ_SQ":-8.497163992493,"NET_PROFIT_RATIO_SQ":6.4706996551,"HOLDER_PROFIT_SQ":112866000,"HOLDER_PROFIT_QOQ_SQ":-50.357804177534,"ROE_AVG_SQ":4.187536452559,"PE_TTM_SQ":7.327970945778,"PB_TTM_SQ":0.072918070876,"ROA_SQ":2.366542813833,"START_DATE":"2020-01-01 00:00:00","FISCAL_YEAR":"12-31","CURRENCY":"HKD","IS_CNY_CODE":0,"DPS_HKD_LY":null,"ORG_TYPE":"一般企业","PREMIUM_INCOME":null,"PREMIUM_INCOME_YOY":null,"NET_INTEREST_INCOME":null,"NET_INTEREST_INCOME_YOY":null,"FEE_COMMISSION_INCOME":null,"FEE_COMMISSION_INCOME_YOY":null,"ACCOUNTS_RECE_TDAYS":1.339696515845,"INVENTORY_TDAYS":1.42340868677,"CURRENT_ASSETS_TDAYS":0.464354933135,"TOTAL_ASSETS_TDAYS":0.354152610576,"PREMIUM_EXPENSE":null,"LOAN_DEPOSIT":null,"LOAN_EQUITY":null,"LOAN_ASSETS":null,"DEPOSIT_EQUITY":null,"DEPOSIT_ASSETS":null,"EQUITY_MULTIPLIER":1.685570329086,"EQUITY_RATIO":0.689770011444},{"SECUCODE":"01206.HK","SECURITY_CODE":"01206","SECURITY_NAME_ABBR":"同方泰德","ORG_CODE":"10194431","STD_REPORT_DATE":"2020-06-30 00:00:00","REPORT_DATE":"2020-06-30 00:00:00","DATE_TYPE_CODE":"002","REPORT_TYPE":"2020年中报","PER_NETCASH_OPERATE":-0.316593547574,"PER_OI":0.798831807307,"BPS":3.53709745368,"BASIC_EPS":0.0164,"DILUTED_EPS":0.0164,"OPERATE_INCOME":624840000,"OPERATE_INCOME_YOY":-6.163695424,"GROSS_PROFIT":143644000,"GROSS_PROFIT_YOY":-5.647587393755,"HOLDER_PROFIT":12791000,"HOLDER_PROFIT_YOY":-66.9508823605,"GROSS_PROFIT_RATIO":22.988925164842,"EPS_TTM":0.111167052321,"OPERATE_INCOME_QOQ":-2.341597167468,"NET_PROFIT_RATIO":1.8851225914,"ROE_AVG":0.463508700346,"GROSS_PROFIT_QOQ":-2.449188873538,"ROA":0.267227487139,"HOLDER_PROFIT_QOQ":-22.958198217355,"ROE_YEARLY":0.927017400691,"ROIC_YEARLY":0.593695415129,"TOTAL_ASSETS":4645609000,"TOTAL_LIABILITIES":1864121000,"TAX_EBT":12.208392338079,"OCF_SALES":-39.632065808847,"TOTAL_PARENT_EQUITY":2766690000,"DEBT_ASSET_RATIO":40.1265151673,"OPERATE_PROFIT":21538000,"PRETAX_PROFIT":13417000,"NETCASH_OPERATE":-247637000,"NETCASH_INVEST":-36619000,"NETCASH_FINANCE":-112958000,"END_CASH":213134000,"DIVI_RATIO":null,"DIVIDEND_RATE":null,"CURRENT_RATIO":1.897419070216,"COMMON_ACS":null,"CURRENTDEBT_DEBT":97.764254573603,"ISSUED_COMMON_SHARES":782192189,"HK_COMMON_SHARES":782192189,"PER_SHARES":2000,"TOTAL_MARKET_CAP":199459008.195,"HKSK_MARKET_CAP":199459008.195,"PE_TTM":-1.162334876652,"PB_TTM":0.064767238087,"REPORT_DATE_SQ":"2019-06-30 00:00:00","REPORT_TYPE_SQ":"2019年中报","OPERATE_INCOME_SQ":665883000,"DPS_HKD":null,"OPERATE_INCOME_QOQ_SQ":-5.943421055216,"NET_PROFIT_RATIO_SQ":5.7227771245,"HOLDER_PROFIT_SQ":38703000,"HOLDER_PROFIT_QOQ_SQ":-12.944307238719,"ROE_AVG_SQ":1.456378906118,"PE_TTM_SQ":7.327970945778,"PB_TTM_SQ":0.072918070876,"ROA_SQ":0.841103977494,"START_DATE":"2020-01-01 00:00:00","FISCAL_YEAR":"12-31","CURRENCY":"HKD","IS_CNY_CODE":0,"DPS_HKD_LY":null,"ORG_TYPE":"一般企业","PREMIUM_INCOME":null,"PREMIUM_INCOME_YOY":null,"NET_INTEREST_INCOME":null,"NET_INTEREST_INCOME_YOY":null,"FEE_COMMISSION_INCOME":null,"FEE_COMMISSION_INCOME_YOY":null,"ACCOUNTS_RECE_TDAYS":0.472358621826,"INVENTORY_TDAYS":0.499809921081,"CURRENT_ASSETS_TDAYS":0.172001713851,"TOTAL_ASSETS_TDAYS":0.130540554346,"PREMIUM_EXPENSE":null,"LOAN_DEPOSIT":null,"LOAN_EQUITY":null,"LOAN_ASSETS":null,"DEPOSIT_EQUITY":null,"DEPOSIT_ASSETS":null,"EQUITY_MULTIPLIER":1.670188402753,"EQUITY_RATIO":0.673772992276}],"count":30},"success":true,"message":"ok","code":0}