{"version":"33e1038dffe86a93533e7fac8399cb01","result":{"pages":6,"data":[{"SECUCODE":"01208.HK","SECURITY_CODE":"01208","SECURITY_NAME_ABBR":"五矿资源","ORG_CODE":"10010553","STD_REPORT_DATE":"2024-06-30 00:00:00","REPORT_DATE":"2024-06-30 00:00:00","DATE_TYPE_CODE":"002","REPORT_TYPE":"2024年中报","PER_NETCASH_OPERATE":0.302781423966,"PER_OI":1.127101353488,"BPS":1.252726559085,"BASIC_EPS":0.01639164,"DILUTED_EPS":0.01639164,"OPERATE_INCOME":13670627760,"OPERATE_INCOME_YOY":1.1602151672,"GROSS_PROFIT":13670627760,"GROSS_PROFIT_YOY":-0.225771339722,"HOLDER_PROFIT":150375480,"HOLDER_PROFIT_YOY":135.8843537415,"GROSS_PROFIT_RATIO":null,"EPS_TTM":0.052683329057,"OPERATE_INCOME_QOQ":-0.100484796705,"NET_PROFIT_RATIO":4.1445104786,"ROE_AVG":0.991681158058,"GROSS_PROFIT_QOQ":-0.100484796705,"ROA":0.15519784047,"HOLDER_PROFIT_QOQ":902.437582654449,"ROE_YEARLY":1.983362316116,"ROIC_YEARLY":0.397807346239,"TOTAL_ASSETS":108970910040,"TOTAL_LIABILITIES":74404504680,"TAX_EBT":44.444444444444,"OCF_SALES":26.863726410176,"TOTAL_PARENT_EQUITY":15194337600,"DEBT_ASSET_RATIO":68.2792358554,"OPERATE_PROFIT":2217147480,"PRETAX_PROFIT":1019845080,"NETCASH_OPERATE":3672440040,"NETCASH_INVEST":-17566849320,"NETCASH_FINANCE":15134472480,"END_CASH":4425742800,"DIVI_RATIO":null,"DIVIDEND_RATE":null,"CURRENT_RATIO":0.788153952524,"COMMON_ACS":null,"CURRENTDEBT_DEBT":20.780452294518,"ISSUED_COMMON_SHARES":12129013702,"HK_COMMON_SHARES":12129013702,"PER_SHARES":4000,"TOTAL_MARKET_CAP":30686404666.06,"HKSK_MARKET_CAP":30686404666.06,"PE_TTM":44.093811971028,"PB_TTM":1.843243750575,"REPORT_DATE_SQ":"2023-06-30 00:00:00","REPORT_TYPE_SQ":"2023年中报","OPERATE_INCOME_SQ":13701561960,"DPS_HKD":null,"OPERATE_INCOME_QOQ_SQ":18.760470311601,"NET_PROFIT_RATIO_SQ":-1.313152621,"HOLDER_PROFIT_SQ":-424877040,"HOLDER_PROFIT_QOQ_SQ":-79.823078434507,"ROE_AVG_SQ":-2.789109192676,"PE_TTM_SQ":66.065424637362,"PB_TTM_SQ":1.05268938062,"ROA_SQ":-0.465663273185,"START_DATE":"2024-01-01 00:00:00","FISCAL_YEAR":"12-31","CURRENCY":"HKD","IS_CNY_CODE":0,"DPS_HKD_LY":null,"ORG_TYPE":"一般企业","PREMIUM_INCOME":null,"PREMIUM_INCOME_YOY":null,"NET_INTEREST_INCOME":null,"NET_INTEREST_INCOME_YOY":null,"FEE_COMMISSION_INCOME":null,"FEE_COMMISSION_INCOME_YOY":null,"ACCOUNTS_RECE_TDAYS":3.28487027999,"INVENTORY_TDAYS":null,"CURRENT_ASSETS_TDAYS":1.235555555556,"TOTAL_ASSETS_TDAYS":0.141090283218,"PREMIUM_EXPENSE":null,"LOAN_DEPOSIT":null,"LOAN_EQUITY":null,"LOAN_ASSETS":null,"DEPOSIT_EQUITY":null,"DEPOSIT_ASSETS":null,"EQUITY_MULTIPLIER":3.152509174878,"EQUITY_RATIO":4.896857410882},{"SECUCODE":"01208.HK","SECURITY_CODE":"01208","SECURITY_NAME_ABBR":"五矿资源","ORG_CODE":"10010553","STD_REPORT_DATE":"2023-12-31 00:00:00","REPORT_DATE":"2023-12-31 00:00:00","DATE_TYPE_CODE":"001","REPORT_TYPE":"2023年年报","PER_NETCASH_OPERATE":1.513657035993,"PER_OI":3.556468083108,"BPS":1.239952855979,"BASIC_EPS":0.0070827,"DILUTED_EPS":0.0070827,"OPERATE_INCOME":30784955550,"OPERATE_INCOME_YOY":33.5658533587,"GROSS_PROFIT":30784955550,"GROSS_PROFIT_YOY":35.83075403956,"HOLDER_PROFIT":63744300,"HOLDER_PROFIT_YOY":-94.7795823666,"GROSS_PROFIT_RATIO":null,"EPS_TTM":0.007364134993,"OPERATE_INCOME_QOQ":14.37370842602,"NET_PROFIT_RATIO":2.8091567928,"ROE_AVG":0.422297297297,"GROSS_PROFIT_QOQ":14.37370842602,"ROA":0.073660906111,"HOLDER_PROFIT_QOQ":-73.688051490999,"ROE_YEARLY":0.422297297297,"ROIC_YEARLY":0.09307616733,"TOTAL_ASSETS":84289796160,"TOTAL_LIABILITIES":53749193760,"TAX_EBT":35.601265822785,"OCF_SALES":42.560681007707,"TOTAL_PARENT_EQUITY":15039405180,"DEBT_ASSET_RATIO":63.7671417048,"OPERATE_PROFIT":3765871590,"PRETAX_PROFIT":1342879920,"NETCASH_OPERATE":13102286730,"NETCASH_INVEST":-5595333000,"NETCASH_FINANCE":-6977167770,"END_CASH":3165966900,"DIVI_RATIO":null,"DIVIDEND_RATE":null,"CURRENT_RATIO":0.63379065964,"COMMON_ACS":null,"CURRENTDEBT_DEBT":29.005903436644,"ISSUED_COMMON_SHARES":12129013702,"HK_COMMON_SHARES":12129013702,"PER_SHARES":4000,"TOTAL_MARKET_CAP":34810269324.74,"HKSK_MARKET_CAP":34810269324.74,"PE_TTM":50.01946259164,"PB_TTM":2.090952396897,"REPORT_DATE_SQ":"2022-12-31 00:00:00","REPORT_TYPE_SQ":"2022年年报","OPERATE_INCOME_SQ":22664201320,"DPS_HKD":null,"OPERATE_INCOME_QOQ_SQ":8.661590274377,"NET_PROFIT_RATIO_SQ":7.4826378219,"HOLDER_PROFIT_SQ":1200697040,"HOLDER_PROFIT_QOQ_SQ":-45.474902553915,"ROE_AVG_SQ":8.472785354466,"PE_TTM_SQ":71.070381049283,"PB_TTM_SQ":1.132438576121,"ROA_SQ":1.349003896775,"START_DATE":"2023-01-01 00:00:00","FISCAL_YEAR":"12-31","CURRENCY":"HKD","IS_CNY_CODE":0,"DPS_HKD_LY":null,"ORG_TYPE":"一般企业","PREMIUM_INCOME":null,"PREMIUM_INCOME_YOY":null,"NET_INTEREST_INCOME":null,"NET_INTEREST_INCOME_YOY":null,"FEE_COMMISSION_INCOME":null,"FEE_COMMISSION_INCOME_YOY":null,"ACCOUNTS_RECE_TDAYS":10.620647525962,"INVENTORY_TDAYS":null,"CURRENT_ASSETS_TDAYS":2.845499181669,"TOTAL_ASSETS_TDAYS":0.35574125379,"PREMIUM_EXPENSE":null,"LOAN_DEPOSIT":null,"LOAN_EQUITY":null,"LOAN_ASSETS":null,"DEPOSIT_EQUITY":null,"DEPOSIT_ASSETS":null,"EQUITY_MULTIPLIER":2.7599257885,"EQUITY_RATIO":3.573890929641},{"SECUCODE":"01208.HK","SECURITY_CODE":"01208","SECURITY_NAME_ABBR":"五矿资源","ORG_CODE":"10010553","STD_REPORT_DATE":"2023-06-30 00:00:00","REPORT_DATE":"2023-06-30 00:00:00","DATE_TYPE_CODE":"002","REPORT_TYPE":"2023年中报","PER_NETCASH_OPERATE":0.355277693525,"PER_OI":1.582889009546,"BPS":1.237600788391,"BASIC_EPS":-0.04624512,"DILUTED_EPS":-0.04624512,"OPERATE_INCOME":13701561960,"OPERATE_INCOME_YOY":34.6732954545,"GROSS_PROFIT":13701561960,"GROSS_PROFIT_YOY":44.995425439618,"HOLDER_PROFIT":-424877040,"HOLDER_PROFIT_YOY":-173.9622641509,"GROSS_PROFIT_RATIO":null,"EPS_TTM":0.02798779798,"OPERATE_INCOME_QOQ":18.760470311601,"NET_PROFIT_RATIO":-1.313152621,"ROE_AVG":-2.789109192676,"GROSS_PROFIT_QOQ":18.760470311601,"ROA":-0.465663273185,"HOLDER_PROFIT_QOQ":-79.823078434507,"ROE_YEARLY":-5.578218385352,"ROIC_YEARLY":-1.1674368507,"TOTAL_ASSETS":91903505040,"TOTAL_LIABILITIES":61558035360,"TAX_EBT":359.375,"OCF_SALES":22.444889779559,"TOTAL_PARENT_EQUITY":15010876920,"DEBT_ASSET_RATIO":66.9811617448,"OPERATE_PROFIT":1372179420,"PRETAX_PROFIT":69367680,"NETCASH_OPERATE":3075300480,"NETCASH_INVEST":-2182914180,"NETCASH_FINANCE":202322400,"END_CASH":3784151460,"DIVI_RATIO":null,"DIVIDEND_RATE":null,"CURRENT_RATIO":0.885831673307,"COMMON_ACS":null,"CURRENTDEBT_DEBT":28.284345947976,"ISSUED_COMMON_SHARES":12129013702,"HK_COMMON_SHARES":12129013702,"PER_SHARES":4000,"TOTAL_MARKET_CAP":34810269324.74,"HKSK_MARKET_CAP":34810269324.74,"PE_TTM":50.01946259164,"PB_TTM":2.090952396897,"REPORT_DATE_SQ":"2022-06-30 00:00:00","REPORT_TYPE_SQ":"2022年中报","OPERATE_INCOME_SQ":9449651200,"DPS_HKD":null,"OPERATE_INCOME_QOQ_SQ":-23.115831045266,"NET_PROFIT_RATIO_SQ":6.3778409091,"HOLDER_PROFIT_SQ":533556300,"HOLDER_PROFIT_QOQ_SQ":-48.225230368302,"ROE_AVG_SQ":3.974503187102,"PE_TTM_SQ":71.070381049283,"PB_TTM_SQ":1.132438576121,"ROA_SQ":0.622799149233,"START_DATE":"2023-01-01 00:00:00","FISCAL_YEAR":"12-31","CURRENCY":"HKD","IS_CNY_CODE":0,"DPS_HKD_LY":null,"ORG_TYPE":"一般企业","PREMIUM_INCOME":null,"PREMIUM_INCOME_YOY":null,"NET_INTEREST_INCOME":null,"NET_INTEREST_INCOME_YOY":null,"FEE_COMMISSION_INCOME":null,"FEE_COMMISSION_INCOME_YOY":null,"ACCOUNTS_RECE_TDAYS":3.258915528057,"INVENTORY_TDAYS":null,"CURRENT_ASSETS_TDAYS":0.999472907443,"TOTAL_ASSETS_TDAYS":0.150168486159,"PREMIUM_EXPENSE":null,"LOAN_DEPOSIT":null,"LOAN_EQUITY":null,"LOAN_ASSETS":null,"DEPOSIT_EQUITY":null,"DEPOSIT_ASSETS":null,"EQUITY_MULTIPLIER":3.028574149917,"EQUITY_RATIO":4.100895349957},{"SECUCODE":"01208.HK","SECURITY_CODE":"01208","SECURITY_NAME_ABBR":"五矿资源","ORG_CODE":"10010553","STD_REPORT_DATE":"2022-12-31 00:00:00","REPORT_DATE":"2022-12-31 00:00:00","DATE_TYPE_CODE":"001","REPORT_TYPE":"2022年年报","PER_NETCASH_OPERATE":0.670763864779,"PER_OI":2.623242120856,"BPS":1.228235021084,"BASIC_EPS":0.139292,"DILUTED_EPS":0.13789908,"OPERATE_INCOME":22664201320,"OPERATE_INCOME_YOY":-23.5205640423,"GROSS_PROFIT":22664201320,"GROSS_PROFIT_YOY":-16.456439344546,"HOLDER_PROFIT":1200697040,"HOLDER_PROFIT_YOY":-74.1567980812,"GROSS_PROFIT_RATIO":null,"EPS_TTM":0.138973308843,"OPERATE_INCOME_QOQ":8.661590274377,"NET_PROFIT_RATIO":7.4826378219,"ROE_AVG":8.472785354466,"GROSS_PROFIT_QOQ":8.661590274377,"ROA":1.349003896775,"HOLDER_PROFIT_QOQ":-45.474902553915,"ROE_YEARLY":8.472785354466,"ROIC_YEARLY":1.737456601378,"TOTAL_ASSETS":87304743300,"TOTAL_LIABILITIES":57854932200,"TAX_EBT":47.122692725299,"OCF_SALES":25.57003257329,"TOTAL_PARENT_EQUITY":14897279400,"DEBT_ASSET_RATIO":66.2677994496,"OPERATE_PROFIT":5190716380,"PRETAX_PROFIT":3207198300,"NETCASH_OPERATE":5795243660,"NETCASH_INVEST":-3751830020,"NETCASH_FINANCE":-8193851900,"END_CASH":2592224120,"DIVI_RATIO":null,"DIVIDEND_RATE":null,"CURRENT_RATIO":0.848923438858,"COMMON_ACS":null,"CURRENTDEBT_DEBT":23.537980016853,"ISSUED_COMMON_SHARES":12129013702,"HK_COMMON_SHARES":12129013702,"PER_SHARES":4000,"TOTAL_MARKET_CAP":34810269324.74,"HKSK_MARKET_CAP":34810269324.74,"PE_TTM":50.01946259164,"PB_TTM":2.090952396897,"REPORT_DATE_SQ":"2021-12-31 00:00:00","REPORT_TYPE_SQ":"2021年年报","OPERATE_INCOME_SQ":27128603500,"DPS_HKD":null,"OPERATE_INCOME_QOQ_SQ":-0.113055639296,"NET_PROFIT_RATIO_SQ":21.6333725029,"HOLDER_PROFIT_SQ":4253229470,"HOLDER_PROFIT_QOQ_SQ":29.628711223227,"ROE_AVG_SQ":46.538072482472,"PE_TTM_SQ":71.070381049283,"PB_TTM_SQ":1.132438576121,"ROA_SQ":5.268915295335,"START_DATE":"2022-01-01 00:00:00","FISCAL_YEAR":"12-31","CURRENCY":"HKD","IS_CNY_CODE":0,"DPS_HKD_LY":null,"ORG_TYPE":"一般企业","PREMIUM_INCOME":null,"PREMIUM_INCOME_YOY":null,"NET_INTEREST_INCOME":null,"NET_INTEREST_INCOME_YOY":null,"FEE_COMMISSION_INCOME":null,"FEE_COMMISSION_INCOME_YOY":null,"ACCOUNTS_RECE_TDAYS":11.211714039621,"INVENTORY_TDAYS":null,"CURRENT_ASSETS_TDAYS":1.704081899825,"TOTAL_ASSETS_TDAYS":0.254636222789,"PREMIUM_EXPENSE":null,"LOAN_DEPOSIT":null,"LOAN_EQUITY":null,"LOAN_ASSETS":null,"DEPOSIT_EQUITY":null,"DEPOSIT_ASSETS":null,"EQUITY_MULTIPLIER":2.964526427815,"EQUITY_RATIO":3.883590462833},{"SECUCODE":"01208.HK","SECURITY_CODE":"01208","SECURITY_NAME_ABBR":"五矿资源","ORG_CODE":"10010553","STD_REPORT_DATE":"2022-06-30 00:00:00","REPORT_DATE":"2022-06-30 00:00:00","DATE_TYPE_CODE":"002","REPORT_TYPE":"2022年中报","PER_NETCASH_OPERATE":0.104713089555,"PER_OI":1.093739095644,"BPS":1.145402119359,"BASIC_EPS":0.06174488,"DILUTED_EPS":0.06174488,"OPERATE_INCOME":9449651200,"OPERATE_INCOME_YOY":-42.1409492501,"GROSS_PROFIT":9449651200,"GROSS_PROFIT_YOY":-39.890213277936,"HOLDER_PROFIT":533556300,"HOLDER_PROFIT_YOY":-80.1299675081,"GROSS_PROFIT_RATIO":null,"EPS_TTM":0.254879524021,"OPERATE_INCOME_QOQ":-23.115831045266,"NET_PROFIT_RATIO":6.3778409091,"ROE_AVG":3.974503187102,"GROSS_PROFIT_QOQ":-23.115831045266,"ROA":0.622799149233,"HOLDER_PROFIT_QOQ":-48.225230368302,"ROE_YEARLY":7.949006374203,"ROIC_YEARLY":1.610379350683,"TOTAL_ASSETS":83931426120,"TOTAL_LIABILITIES":56393880780,"TAX_EBT":45.076452599388,"OCF_SALES":9.573863636364,"TOTAL_PARENT_EQUITY":13892598000,"DEBT_ASSET_RATIO":67.1904236434,"OPERATE_PROFIT":2017446840,"PRETAX_PROFIT":1097313900,"NETCASH_OPERATE":904696720,"NETCASH_INVEST":-1376508140,"NETCASH_FINANCE":-4616772060,"END_CASH":3336236940,"DIVI_RATIO":null,"DIVIDEND_RATE":null,"CURRENT_RATIO":1.004596310856,"COMMON_ACS":null,"CURRENTDEBT_DEBT":19.678198674236,"ISSUED_COMMON_SHARES":12129013702,"HK_COMMON_SHARES":12129013702,"PER_SHARES":4000,"TOTAL_MARKET_CAP":34810269324.74,"HKSK_MARKET_CAP":34810269324.74,"PE_TTM":50.01946259164,"PB_TTM":2.090952396897,"REPORT_DATE_SQ":"2021-06-30 00:00:00","REPORT_TYPE_SQ":"2021年中报","OPERATE_INCOME_SQ":15720653350,"DPS_HKD":null,"OPERATE_INCOME_QOQ_SQ":37.205720470542,"NET_PROFIT_RATIO_SQ":23.998356277,"HOLDER_PROFIT_SQ":2584686010,"HOLDER_PROFIT_QOQ_SQ":877.211951562654,"ROE_AVG_SQ":30.800615858353,"PE_TTM_SQ":71.070381049283,"PB_TTM_SQ":1.132438576121,"ROA_SQ":3.182924694913,"START_DATE":"2022-01-01 00:00:00","FISCAL_YEAR":"12-31","CURRENCY":"HKD","IS_CNY_CODE":0,"DPS_HKD_LY":null,"ORG_TYPE":"一般企业","PREMIUM_INCOME":null,"PREMIUM_INCOME_YOY":null,"NET_INTEREST_INCOME":null,"NET_INTEREST_INCOME_YOY":null,"FEE_COMMISSION_INCOME":null,"FEE_COMMISSION_INCOME_YOY":null,"ACCOUNTS_RECE_TDAYS":4.617150352517,"INVENTORY_TDAYS":null,"CURRENT_ASSETS_TDAYS":0.737076298914,"TOTAL_ASSETS_TDAYS":0.110302038002,"PREMIUM_EXPENSE":null,"LOAN_DEPOSIT":null,"LOAN_EQUITY":null,"LOAN_ASSETS":null,"DEPOSIT_EQUITY":null,"DEPOSIT_ASSETS":null,"EQUITY_MULTIPLIER":3.047890619285,"EQUITY_RATIO":4.059275362319},{"SECUCODE":"01208.HK","SECURITY_CODE":"01208","SECURITY_NAME_ABBR":"五矿资源","ORG_CODE":"10010553","STD_REPORT_DATE":"2021-12-31 00:00:00","REPORT_DATE":"2021-12-31 00:00:00","DATE_TYPE_CODE":"001","REPORT_TYPE":"2021年年报","PER_NETCASH_OPERATE":1.883014331959,"PER_OI":3.140202227115,"BPS":1.014780686411,"BASIC_EPS":0.50686815,"DILUTED_EPS":0.50113002,"OPERATE_INCOME":27128603500,"OPERATE_INCOME_YOY":40.2577710387,"GROSS_PROFIT":27128603500,"GROSS_PROFIT_YOY":37.050601666113,"HOLDER_PROFIT":4253229470,"HOLDER_PROFIT_YOY":1131.0664605873,"GROSS_PROFIT_RATIO":null,"EPS_TTM":0.49232171697,"OPERATE_INCOME_QOQ":-0.113055639296,"NET_PROFIT_RATIO":21.6333725029,"ROE_AVG":46.538072482472,"GROSS_PROFIT_QOQ":-0.113055639296,"ROA":5.268915295335,"HOLDER_PROFIT_QOQ":29.628711223227,"ROE_YEARLY":46.538072482472,"ROIC_YEARLY":6.623542319282,"TOTAL_ASSETS":83037754370,"TOTAL_LIABILITIES":57994004770,"TAX_EBT":38.788402713127,"OCF_SALES":59.964747356052,"TOTAL_PARENT_EQUITY":12308288850,"DEBT_ASSET_RATIO":69.8405264087,"OPERATE_PROFIT":11650954180,"PRETAX_PROFIT":9587777660,"NETCASH_OPERATE":16267598550,"NETCASH_INVEST":-3657739090,"NETCASH_FINANCE":-5835040640,"END_CASH":8003416210,"DIVI_RATIO":null,"DIVIDEND_RATE":null,"CURRENT_RATIO":1.326249846456,"COMMON_ACS":null,"CURRENTDEBT_DEBT":17.899979111927,"ISSUED_COMMON_SHARES":12129013702,"HK_COMMON_SHARES":12129013702,"PER_SHARES":4000,"TOTAL_MARKET_CAP":34810269324.74,"HKSK_MARKET_CAP":34810269324.74,"PE_TTM":50.01946259164,"PB_TTM":2.090952396897,"REPORT_DATE_SQ":"2020-12-31 00:00:00","REPORT_TYPE_SQ":"2020年年报","OPERATE_INCOME_SQ":19794589130,"DPS_HKD":null,"OPERATE_INCOME_QOQ_SQ":-1.276276368161,"NET_PROFIT_RATIO_SQ":0.1845930712,"HOLDER_PROFIT_SQ":-422161030,"HOLDER_PROFIT_QOQ_SQ":80.536845653884,"ROE_AVG_SQ":-6.640665092887,"PE_TTM_SQ":71.070381049283,"PB_TTM_SQ":1.132438576121,"ROA_SQ":-0.518365106898,"START_DATE":"2021-01-01 00:00:00","FISCAL_YEAR":"12-31","CURRENCY":"HKD","IS_CNY_CODE":0,"DPS_HKD_LY":null,"ORG_TYPE":"一般企业","PREMIUM_INCOME":null,"PREMIUM_INCOME_YOY":null,"NET_INTEREST_INCOME":null,"NET_INTEREST_INCOME_YOY":null,"FEE_COMMISSION_INCOME":null,"FEE_COMMISSION_INCOME_YOY":null,"ACCOUNTS_RECE_TDAYS":11.185594111462,"INVENTORY_TDAYS":null,"CURRENT_ASSETS_TDAYS":2.565493955564,"TOTAL_ASSETS_TDAYS":0.336070073177,"PREMIUM_EXPENSE":null,"LOAN_DEPOSIT":null,"LOAN_EQUITY":null,"LOAN_ASSETS":null,"DEPOSIT_EQUITY":null,"DEPOSIT_ASSETS":null,"EQUITY_MULTIPLIER":3.315707739304,"EQUITY_RATIO":4.711784511785},{"SECUCODE":"01208.HK","SECURITY_CODE":"01208","SECURITY_NAME_ABBR":"五矿资源","ORG_CODE":"10010553","STD_REPORT_DATE":"2021-06-30 00:00:00","REPORT_DATE":"2021-06-30 00:00:00","DATE_TYPE_CODE":"002","REPORT_TYPE":"2021年中报","PER_NETCASH_OPERATE":0.978165579382,"PER_OI":1.819712512367,"BPS":0.884993819261,"BASIC_EPS":0.31719091,"DILUTED_EPS":0.31396086,"OPERATE_INCOME":15720653350,"OPERATE_INCOME_YOY":106.1763958316,"GROSS_PROFIT":15720653350,"GROSS_PROFIT_YOY":88.137599365988,"HOLDER_PROFIT":2584686010,"HOLDER_PROFIT_YOY":353.2278481013,"GROSS_PROFIT_RATIO":null,"EPS_TTM":0.379795488077,"OPERATE_INCOME_QOQ":37.205720470542,"NET_PROFIT_RATIO":23.998356277,"ROE_AVG":30.800615858353,"GROSS_PROFIT_QOQ":37.205720470542,"ROA":3.182924694913,"HOLDER_PROFIT_QOQ":877.211951562654,"ROE_YEARLY":61.601231716705,"ROIC_YEARLY":7.812812739513,"TOTAL_ASSETS":82963188240,"TOTAL_LIABILITIES":59789517520,"TAX_EBT":33.287639936029,"OCF_SALES":53.753852475858,"TOTAL_PARENT_EQUITY":10734102160,"DEBT_ASSET_RATIO":72.0675263191,"OPERATE_PROFIT":16429972330,"PRETAX_PROFIT":5655171540,"NETCASH_OPERATE":8450456810,"NETCASH_INVEST":-1795261790,"NETCASH_FINANCE":-2702905840,"END_CASH":5197150450,"DIVI_RATIO":null,"DIVIDEND_RATE":null,"CURRENT_RATIO":1.418200635766,"COMMON_ACS":null,"CURRENTDEBT_DEBT":14.615567464777,"ISSUED_COMMON_SHARES":12129013702,"HK_COMMON_SHARES":12129013702,"PER_SHARES":4000,"TOTAL_MARKET_CAP":34810269324.74,"HKSK_MARKET_CAP":34810269324.74,"PE_TTM":50.01946259164,"PB_TTM":2.090952396897,"REPORT_DATE_SQ":"2020-06-30 00:00:00","REPORT_TYPE_SQ":"2020年中报","OPERATE_INCOME_SQ":8355933850,"DPS_HKD":null,"OPERATE_INCOME_QOQ_SQ":-5.216252555791,"NET_PROFIT_RATIO_SQ":-15.3349001175,"HOLDER_PROFIT_SQ":-1118561000,"HOLDER_PROFIT_QOQ_SQ":-34.947087707332,"ROE_AVG_SQ":-16.960979013472,"PE_TTM_SQ":71.070381049283,"PB_TTM_SQ":1.132438576121,"ROA_SQ":-1.267920409907,"START_DATE":"2021-01-01 00:00:00","FISCAL_YEAR":"12-31","CURRENCY":"HKD","IS_CNY_CODE":0,"DPS_HKD_LY":null,"ORG_TYPE":"一般企业","PREMIUM_INCOME":null,"PREMIUM_INCOME_YOY":null,"NET_INTEREST_INCOME":null,"NET_INTEREST_INCOME_YOY":null,"FEE_COMMISSION_INCOME":null,"FEE_COMMISSION_INCOME_YOY":null,"ACCOUNTS_RECE_TDAYS":4.063282684922,"INVENTORY_TDAYS":null,"CURRENT_ASSETS_TDAYS":1.582198238029,"TOTAL_ASSETS_TDAYS":0.193592782931,"PREMIUM_EXPENSE":null,"LOAN_DEPOSIT":null,"LOAN_EQUITY":null,"LOAN_ASSETS":null,"DEPOSIT_EQUITY":null,"DEPOSIT_ASSETS":null,"EQUITY_MULTIPLIER":3.58006244425,"EQUITY_RATIO":5.570052961001},{"SECUCODE":"01208.HK","SECURITY_CODE":"01208","SECURITY_NAME_ABBR":"五矿资源","ORG_CODE":"10010553","STD_REPORT_DATE":"2020-12-31 00:00:00","REPORT_DATE":"2020-12-31 00:00:00","DATE_TYPE_CODE":"001","REPORT_TYPE":"2020年年报","PER_NETCASH_OPERATE":1.098559856015,"PER_OI":2.453763094678,"BPS":0.503743874821,"BASIC_EPS":-0.0521992,"DILUTED_EPS":-0.0521992,"OPERATE_INCOME":19794589130,"OPERATE_INCOME_YOY":0.7338291938,"GROSS_PROFIT":19794589130,"GROSS_PROFIT_YOY":-5.782781154995,"HOLDER_PROFIT":-422161030,"HOLDER_PROFIT_YOY":71.9184027778,"GROSS_PROFIT_RATIO":null,"EPS_TTM":-0.052331632075,"OPERATE_INCOME_QOQ":-1.276276368161,"NET_PROFIT_RATIO":0.1845930712,"ROE_AVG":-6.640665092887,"GROSS_PROFIT_QOQ":-1.276276368161,"ROA":-0.518365106898,"HOLDER_PROFIT_QOQ":80.536845653884,"ROE_YEARLY":-6.640665092887,"ROIC_YEARLY":-0.611707533835,"TOTAL_ASSETS":80243220200,"TOTAL_LIABILITIES":62823694670,"TAX_EBT":89.312977099237,"OCF_SALES":44.770412367736,"TOTAL_PARENT_EQUITY":6109916360,"DEBT_ASSET_RATIO":78.2915921288,"OPERATE_PROFIT":2948602310,"PRETAX_PROFIT":341904760,"NETCASH_OPERATE":8862119180,"NETCASH_INVEST":-3365543420,"NETCASH_FINANCE":-5658393280,"END_CASH":1257348230,"DIVI_RATIO":null,"DIVIDEND_RATE":null,"CURRENT_RATIO":0.765117969731,"COMMON_ACS":null,"CURRENTDEBT_DEBT":15.715131435456,"ISSUED_COMMON_SHARES":12129013702,"HK_COMMON_SHARES":12129013702,"PER_SHARES":4000,"TOTAL_MARKET_CAP":34810269324.74,"HKSK_MARKET_CAP":34810269324.74,"PE_TTM":50.01946259164,"PB_TTM":2.090952396897,"REPORT_DATE_SQ":"2019-12-31 00:00:00","REPORT_TYPE_SQ":"2019年年报","OPERATE_INCOME_SQ":21009523920,"DPS_HKD":null,"OPERATE_INCOME_QOQ_SQ":-4.555851249895,"NET_PROFIT_RATIO_SQ":-6.440655608,"HOLDER_PROFIT_SQ":-1607316480,"HOLDER_PROFIT_QOQ_SQ":-71.054703569804,"ROE_AVG_SQ":-20.305821178337,"PE_TTM_SQ":71.070381049283,"PB_TTM_SQ":1.132438576121,"ROA_SQ":-1.777743484886,"START_DATE":"2020-01-01 00:00:00","FISCAL_YEAR":"12-31","CURRENCY":"HKD","IS_CNY_CODE":0,"DPS_HKD_LY":null,"ORG_TYPE":"一般企业","PREMIUM_INCOME":null,"PREMIUM_INCOME_YOY":null,"NET_INTEREST_INCOME":null,"NET_INTEREST_INCOME_YOY":null,"FEE_COMMISSION_INCOME":null,"FEE_COMMISSION_INCOME_YOY":null,"ACCOUNTS_RECE_TDAYS":6.860470375396,"INVENTORY_TDAYS":null,"CURRENT_ASSETS_TDAYS":2.73269378012,"TOTAL_ASSETS_TDAYS":0.243054748809,"PREMIUM_EXPENSE":null,"LOAN_DEPOSIT":null,"LOAN_EQUITY":null,"LOAN_ASSETS":null,"DEPOSIT_EQUITY":null,"DEPOSIT_ASSETS":null,"EQUITY_MULTIPLIER":4.606510094767,"EQUITY_RATIO":10.282251174712},{"SECUCODE":"01208.HK","SECURITY_CODE":"01208","SECURITY_NAME_ABBR":"五矿资源","ORG_CODE":"10010553","STD_REPORT_DATE":"2020-06-30 00:00:00","REPORT_DATE":"2020-06-30 00:00:00","DATE_TYPE_CODE":"002","REPORT_TYPE":"2020年中报","PER_NETCASH_OPERATE":0.321857571197,"PER_OI":1.036247930398,"BPS":0.496655927514,"BASIC_EPS":-0.1387582,"DILUTED_EPS":-0.1387582,"OPERATE_INCOME":8355933850,"OPERATE_INCOME_YOY":-14.1271442987,"GROSS_PROFIT":8355933850,"GROSS_PROFIT_YOY":-12.392850055911,"HOLDER_PROFIT":-1118561000,"HOLDER_PROFIT_YOY":-95.0617283951,"GROSS_PROFIT_RATIO":null,"EPS_TTM":-0.268988428116,"OPERATE_INCOME_QOQ":-5.216252555791,"NET_PROFIT_RATIO":-15.3349001175,"ROE_AVG":-16.960979013472,"GROSS_PROFIT_QOQ":-5.216252555791,"ROA":-1.267920409907,"HOLDER_PROFIT_QOQ":-34.947087707332,"ROE_YEARLY":-33.921958026944,"ROIC_YEARLY":-2.963157450559,"TOTAL_ASSETS":86777679200,"TOTAL_LIABILITIES":69143352650,"TAX_EBT":25.030775543701,"OCF_SALES":30.77052207487,"TOTAL_PARENT_EQUITY":6023946550,"DEBT_ASSET_RATIO":79.6787299308,"OPERATE_PROFIT":null,"PRETAX_PROFIT":-1725274150,"NETCASH_OPERATE":2595344700,"NETCASH_INVEST":-1807396350,"NETCASH_FINANCE":-1825803050,"END_CASH":501936550,"DIVI_RATIO":null,"DIVIDEND_RATE":null,"CURRENT_RATIO":0.544585004628,"COMMON_ACS":null,"CURRENTDEBT_DEBT":16.592093542343,"ISSUED_COMMON_SHARES":12129013702,"HK_COMMON_SHARES":12129013702,"PER_SHARES":4000,"TOTAL_MARKET_CAP":34810269324.74,"HKSK_MARKET_CAP":34810269324.74,"PE_TTM":50.01946259164,"PB_TTM":2.090952396897,"REPORT_DATE_SQ":"2019-06-30 00:00:00","REPORT_TYPE_SQ":"2019年中报","OPERATE_INCOME_SQ":9537958780,"DPS_HKD":null,"OPERATE_INCOME_QOQ_SQ":-12.01160532952,"NET_PROFIT_RATIO_SQ":-5.2616404786,"HOLDER_PROFIT_SQ":-556850700,"HOLDER_PROFIT_QOQ_SQ":-300.4559808187,"ROE_AVG_SQ":-6.698643731393,"PE_TTM_SQ":71.070381049283,"PB_TTM_SQ":1.132438576121,"ROA_SQ":-0.619299197969,"START_DATE":"2020-01-01 00:00:00","FISCAL_YEAR":"12-31","CURRENCY":"HKD","IS_CNY_CODE":0,"DPS_HKD_LY":null,"ORG_TYPE":"一般企业","PREMIUM_INCOME":null,"PREMIUM_INCOME_YOY":null,"NET_INTEREST_INCOME":null,"NET_INTEREST_INCOME_YOY":null,"FEE_COMMISSION_INCOME":null,"FEE_COMMISSION_INCOME_YOY":null,"ACCOUNTS_RECE_TDAYS":3.215638196431,"INVENTORY_TDAYS":null,"CURRENT_ASSETS_TDAYS":1.2250269909,"TOTAL_ASSETS_TDAYS":0.095607618757,"PREMIUM_EXPENSE":null,"LOAN_DEPOSIT":null,"LOAN_EQUITY":null,"LOAN_ASSETS":null,"DEPOSIT_EQUITY":null,"DEPOSIT_ASSETS":null,"EQUITY_MULTIPLIER":4.920952266245,"EQUITY_RATIO":11.478082030791}],"count":50},"success":true,"message":"ok","code":0}