{"version":"f38f70685a1f27cc2b088c363e380daf","result":{"pages":2,"data":[{"SECUCODE":"01209.HK","SECURITY_CODE":"01209","SECURITY_NAME_ABBR":"华润万象生活","ORG_CODE":"10000124800","STD_REPORT_DATE":"2024-06-30 00:00:00","REPORT_DATE":"2024-06-30 00:00:00","DATE_TYPE_CODE":"002","REPORT_TYPE":"2024年中报","PER_NETCASH_OPERATE":0.693221467689,"PER_OI":3.486056516977,"BPS":7.342076232202,"BASIC_EPS":0.836,"DILUTED_EPS":0.836,"OPERATE_INCOME":7956924000,"OPERATE_INCOME_YOY":17.1285981838,"GROSS_PROFIT":2702673000,"GROSS_PROFIT_YOY":19.96929160282,"HOLDER_PROFIT":1907936000,"HOLDER_PROFIT_YOY":36.0400604358,"GROSS_PROFIT_RATIO":33.966304064234,"EPS_TTM":1.504580065717,"OPERATE_INCOME_QOQ":7.879764219454,"NET_PROFIT_RATIO":24.1553268575,"ROE_AVG":11.667005284114,"GROSS_PROFIT_QOQ":9.583348067584,"ROA":6.626420232668,"HOLDER_PROFIT_QOQ":17.258392576489,"ROE_YEARLY":23.334010568228,"ROIC_YEARLY":25.926714080988,"TOTAL_ASSETS":29802241000,"TOTAL_LIABILITIES":12932397000,"TAX_EBT":24.954473398565,"OCF_SALES":19.885548737175,"TOTAL_PARENT_EQUITY":16758289000,"DEBT_ASSET_RATIO":43.3940420789,"OPERATE_PROFIT":2617643000,"PRETAX_PROFIT":2561140000,"NETCASH_OPERATE":1582278000,"NETCASH_INVEST":-3905468000,"NETCASH_FINANCE":-111204000,"END_CASH":9146927000,"DIVI_RATIO":0.503634068579,"DIVIDEND_RATE":2.78,"CURRENT_RATIO":1.926486174127,"COMMON_ACS":5000000000,"CURRENTDEBT_DEBT":73.221909287196,"ISSUED_COMMON_SHARES":2282500000,"HK_COMMON_SHARES":2282500000,"PER_SHARES":200,"TOTAL_MARKET_CAP":68475000000,"HKSK_MARKET_CAP":68475000000,"PE_TTM":18.014311907338,"PB_TTM":3.729244853099,"REPORT_DATE_SQ":"2023-06-30 00:00:00","REPORT_TYPE_SQ":"2023年中报","OPERATE_INCOME_SQ":6793323000,"DPS_HKD":0.834,"OPERATE_INCOME_QOQ_SQ":12.61295291956,"NET_PROFIT_RATIO_SQ":20.7416753185,"HOLDER_PROFIT_SQ":1402481000,"HOLDER_PROFIT_QOQ_SQ":16.993363026409,"ROE_AVG_SQ":9.602528665905,"PE_TTM_SQ":18.289176039802,"PB_TTM_SQ":3.150089734692,"ROA_SQ":5.373010247264,"START_DATE":"2024-01-01 00:00:00","FISCAL_YEAR":"12-31","CURRENCY":"HKD","IS_CNY_CODE":0,"DPS_HKD_LY":0.834,"ORG_TYPE":"一般企业","PREMIUM_INCOME":null,"PREMIUM_INCOME_YOY":null,"NET_INTEREST_INCOME":null,"NET_INTEREST_INCOME_YOY":null,"FEE_COMMISSION_INCOME":null,"FEE_COMMISSION_INCOME_YOY":null,"ACCOUNTS_RECE_TDAYS":3.542884697971,"INVENTORY_TDAYS":26.809659996887,"CURRENT_ASSETS_TDAYS":0.42143627458,"TOTAL_ASSETS_TDAYS":0.276350580855,"PREMIUM_EXPENSE":null,"LOAN_DEPOSIT":null,"LOAN_EQUITY":null,"LOAN_ASSETS":null,"DEPOSIT_EQUITY":null,"DEPOSIT_ASSETS":null,"EQUITY_MULTIPLIER":1.766598493738,"EQUITY_RATIO":0.771701514397},{"SECUCODE":"01209.HK","SECURITY_CODE":"01209","SECURITY_NAME_ABBR":"华润万象生活","ORG_CODE":"10000124800","STD_REPORT_DATE":"2023-12-31 00:00:00","REPORT_DATE":"2023-12-31 00:00:00","DATE_TYPE_CODE":"001","REPORT_TYPE":"2023年年报","PER_NETCASH_OPERATE":1.332532311062,"PER_OI":6.469639430449,"BPS":6.987178970427,"BASIC_EPS":1.283,"DILUTED_EPS":1.283,"OPERATE_INCOME":14766952000,"OPERATE_INCOME_YOY":22.8922438655,"GROSS_PROFIT":4694278000,"GROSS_PROFIT_YOY":30.001766855888,"HOLDER_PROFIT":2928749000,"HOLDER_PROFIT_YOY":32.7552914022,"GROSS_PROFIT_RATIO":31.789078748275,"EPS_TTM":1.283132092004,"OPERATE_INCOME_QOQ":9.127982775946,"NET_PROFIT_RATIO":19.9271996008,"ROE_AVG":19.377745078109,"GROSS_PROFIT_QOQ":12.001273121859,"ROA":10.923822022746,"HOLDER_PROFIT_QOQ":13.472497899087,"ROE_YEARLY":19.377745078109,"ROIC_YEARLY":23.187221787881,"TOTAL_ASSETS":27783482000,"TOTAL_LIABILITIES":11747432000,"TAX_EBT":24.781525329974,"OCF_SALES":20.596701336877,"TOTAL_PARENT_EQUITY":15948236000,"DEBT_ASSET_RATIO":42.2820724918,"OPERATE_PROFIT":4026677000,"PRETAX_PROFIT":3912124000,"NETCASH_OPERATE":3041505000,"NETCASH_INVEST":-1826783000,"NETCASH_FINANCE":-2227960000,"END_CASH":11580159000,"DIVI_RATIO":0.590553213283,"DIVIDEND_RATE":2.656050955414,"CURRENT_RATIO":2.340419753356,"COMMON_ACS":5000000000,"CURRENTDEBT_DEBT":70.99174525973,"ISSUED_COMMON_SHARES":2282500000,"HK_COMMON_SHARES":2282500000,"PER_SHARES":200,"TOTAL_MARKET_CAP":71670500000,"HKSK_MARKET_CAP":71670500000,"PE_TTM":18.854979796347,"PB_TTM":3.903276279577,"REPORT_DATE_SQ":"2022-12-31 00:00:00","REPORT_TYPE_SQ":"2022年年报","OPERATE_INCOME_SQ":12016179000,"DPS_HKD":0.834,"OPERATE_INCOME_QOQ_SQ":18.517840880925,"NET_PROFIT_RATIO_SQ":18.4189000513,"HOLDER_PROFIT_SQ":2206126000,"HOLDER_PROFIT_QOQ_SQ":13.339433242725,"ROE_AVG_SQ":15.664275941916,"PE_TTM_SQ":21.971560477346,"PB_TTM_SQ":3.78433599,"ROA_SQ":9.302707051209,"START_DATE":"2023-01-01 00:00:00","FISCAL_YEAR":"12-31","CURRENCY":"HKD","IS_CNY_CODE":0,"DPS_HKD_LY":0.6,"ORG_TYPE":"一般企业","PREMIUM_INCOME":null,"PREMIUM_INCOME_YOY":null,"NET_INTEREST_INCOME":null,"NET_INTEREST_INCOME_YOY":null,"FEE_COMMISSION_INCOME":null,"FEE_COMMISSION_INCOME_YOY":null,"ACCOUNTS_RECE_TDAYS":8.311262199309,"INVENTORY_TDAYS":57.440302465228,"CURRENT_ASSETS_TDAYS":0.835292787704,"TOTAL_ASSETS_TDAYS":0.550786549023,"PREMIUM_EXPENSE":null,"LOAN_DEPOSIT":null,"LOAN_EQUITY":null,"LOAN_ASSETS":null,"DEPOSIT_EQUITY":null,"DEPOSIT_ASSETS":null,"EQUITY_MULTIPLIER":1.732563941867,"EQUITY_RATIO":0.736597577312},{"SECUCODE":"01209.HK","SECURITY_CODE":"01209","SECURITY_NAME_ABBR":"华润万象生活","ORG_CODE":"10000124800","STD_REPORT_DATE":"2023-06-30 00:00:00","REPORT_DATE":"2023-06-30 00:00:00","DATE_TYPE_CODE":"002","REPORT_TYPE":"2023年中报","PER_NETCASH_OPERATE":0.446394742607,"PER_OI":2.976264184009,"BPS":6.541481270537,"BASIC_EPS":0.614,"DILUTED_EPS":0.614,"OPERATE_INCOME":6793323000,"OPERATE_INCOME_YOY":28.7168076869,"GROSS_PROFIT":2252804000,"GROSS_PROFIT_YOY":34.699539482417,"HOLDER_PROFIT":1402481000,"HOLDER_PROFIT_YOY":36.4830778154,"GROSS_PROFIT_RATIO":33.162032778362,"EPS_TTM":1.130786856517,"OPERATE_INCOME_QOQ":12.61295291956,"NET_PROFIT_RATIO":20.7416753185,"ROE_AVG":9.602528665905,"GROSS_PROFIT_QOQ":16.071686715958,"ROA":5.373010247264,"HOLDER_PROFIT_QOQ":16.993363026409,"ROE_YEARLY":19.20505733181,"ROIC_YEARLY":23.133890379668,"TOTAL_ASSETS":26366823000,"TOTAL_LIABILITIES":11373094000,"TAX_EBT":26.355618390072,"OCF_SALES":14.998491901533,"TOTAL_PARENT_EQUITY":14930931000,"DEBT_ASSET_RATIO":43.1341083452,"OPERATE_PROFIT":1971135000,"PRETAX_PROFIT":1913315000,"NETCASH_OPERATE":1018896000,"NETCASH_INVEST":-71243000,"NETCASH_FINANCE":-889129000,"END_CASH":12652616000,"DIVI_RATIO":0.670115482536,"DIVIDEND_RATE":2.656050955414,"CURRENT_RATIO":2.362128785969,"COMMON_ACS":5000000000,"CURRENTDEBT_DEBT":70.058411545706,"ISSUED_COMMON_SHARES":2282500000,"HK_COMMON_SHARES":2282500000,"PER_SHARES":200,"TOTAL_MARKET_CAP":71670500000,"HKSK_MARKET_CAP":71670500000,"PE_TTM":18.854979796347,"PB_TTM":3.903276279577,"REPORT_DATE_SQ":"2022-06-30 00:00:00","REPORT_TYPE_SQ":"2022年中报","OPERATE_INCOME_SQ":5277728000,"DPS_HKD":0.834,"OPERATE_INCOME_QOQ_SQ":14.23403201484,"NET_PROFIT_RATIO_SQ":19.5097587447,"HOLDER_PROFIT_SQ":1027586000,"HOLDER_PROFIT_QOQ_SQ":12.844152644318,"ROE_AVG_SQ":7.302960841603,"PE_TTM_SQ":21.971560477346,"PB_TTM_SQ":3.78433599,"ROA_SQ":4.384445970279,"START_DATE":"2023-01-01 00:00:00","FISCAL_YEAR":"12-31","CURRENCY":"HKD","IS_CNY_CODE":0,"DPS_HKD_LY":0.6,"ORG_TYPE":"一般企业","PREMIUM_INCOME":null,"PREMIUM_INCOME_YOY":null,"NET_INTEREST_INCOME":null,"NET_INTEREST_INCOME_YOY":null,"FEE_COMMISSION_INCOME":null,"FEE_COMMISSION_INCOME_YOY":null,"ACCOUNTS_RECE_TDAYS":3.79528397073,"INVENTORY_TDAYS":23.796583431819,"CURRENT_ASSETS_TDAYS":0.391996473873,"TOTAL_ASSETS_TDAYS":0.260257316085,"PREMIUM_EXPENSE":null,"LOAN_DEPOSIT":null,"LOAN_EQUITY":null,"LOAN_ASSETS":null,"DEPOSIT_EQUITY":null,"DEPOSIT_ASSETS":null,"EQUITY_MULTIPLIER":1.758523380009,"EQUITY_RATIO":0.761713653355},{"SECUCODE":"01209.HK","SECURITY_CODE":"01209","SECURITY_NAME_ABBR":"华润万象生活","ORG_CODE":"10000124800","STD_REPORT_DATE":"2022-12-31 00:00:00","REPORT_DATE":"2022-12-31 00:00:00","DATE_TYPE_CODE":"001","REPORT_TYPE":"2022年年报","PER_NETCASH_OPERATE":0.828492004381,"PER_OI":5.264481489595,"BPS":6.256179189485,"BASIC_EPS":0.967,"DILUTED_EPS":0.967,"OPERATE_INCOME":12016179000,"OPERATE_INCOME_YOY":35.3877082952,"GROSS_PROFIT":3610934000,"GROSS_PROFIT_YOY":30.901230298298,"HOLDER_PROFIT":2206126000,"HOLDER_PROFIT_YOY":27.8969230546,"GROSS_PROFIT_RATIO":30.050600943944,"EPS_TTM":0.96653932092,"OPERATE_INCOME_QOQ":18.517840880925,"NET_PROFIT_RATIO":18.4189000513,"ROE_AVG":15.664275941916,"GROSS_PROFIT_QOQ":15.059861855541,"ROA":9.302707051209,"HOLDER_PROFIT_QOQ":13.339433242725,"ROE_YEARLY":15.664275941916,"ROIC_YEARLY":20.919528611132,"TOTAL_ASSETS":25837842000,"TOTAL_LIABILITIES":11512110000,"TAX_EBT":23.842688254885,"OCF_SALES":15.737390396731,"TOTAL_PARENT_EQUITY":14279729000,"DEBT_ASSET_RATIO":44.5552302704,"OPERATE_PROFIT":2992159000,"PRETAX_PROFIT":2906153000,"NETCASH_OPERATE":1891033000,"NETCASH_INVEST":-1064138000,"NETCASH_FINANCE":-1935673000,"END_CASH":12592832000,"DIVI_RATIO":0.783990639179,"DIVIDEND_RATE":2.656050955414,"CURRENT_RATIO":1.970148867581,"COMMON_ACS":5000000000,"CURRENTDEBT_DEBT":69.835686073187,"ISSUED_COMMON_SHARES":2282500000,"HK_COMMON_SHARES":2282500000,"PER_SHARES":200,"TOTAL_MARKET_CAP":71670500000,"HKSK_MARKET_CAP":71670500000,"PE_TTM":18.854979796347,"PB_TTM":3.903276279577,"REPORT_DATE_SQ":"2021-12-31 00:00:00","REPORT_TYPE_SQ":"2021年年报","OPERATE_INCOME_SQ":8875384000,"DPS_HKD":0.834,"OPERATE_INCOME_QOQ_SQ":15.877009350968,"NET_PROFIT_RATIO_SQ":19.4478345951,"HOLDER_PROFIT_SQ":1724925000,"HOLDER_PROFIT_QOQ_SQ":34.216712224523,"ROE_AVG_SQ":13.091956741383,"PE_TTM_SQ":21.971560477346,"PB_TTM_SQ":3.78433599,"ROA_SQ":8.4829854404,"START_DATE":"2022-01-01 00:00:00","FISCAL_YEAR":"12-31","CURRENCY":"HKD","IS_CNY_CODE":0,"DPS_HKD_LY":0.484,"ORG_TYPE":"一般企业","PREMIUM_INCOME":null,"PREMIUM_INCOME_YOY":null,"NET_INTEREST_INCOME":null,"NET_INTEREST_INCOME_YOY":null,"FEE_COMMISSION_INCOME":null,"FEE_COMMISSION_INCOME_YOY":null,"ACCOUNTS_RECE_TDAYS":9.241458738224,"INVENTORY_TDAYS":58.782664340139,"CURRENT_ASSETS_TDAYS":0.754091628236,"TOTAL_ASSETS_TDAYS":0.506693602777,"PREMIUM_EXPENSE":null,"LOAN_DEPOSIT":null,"LOAN_EQUITY":null,"LOAN_ASSETS":null,"DEPOSIT_EQUITY":null,"DEPOSIT_ASSETS":null,"EQUITY_MULTIPLIER":1.803596632968,"EQUITY_RATIO":0.806185467525},{"SECUCODE":"01209.HK","SECURITY_CODE":"01209","SECURITY_NAME_ABBR":"华润万象生活","ORG_CODE":"10000124800","STD_REPORT_DATE":"2022-06-30 00:00:00","REPORT_DATE":"2022-06-30 00:00:00","DATE_TYPE_CODE":"002","REPORT_TYPE":"2022年中报","PER_NETCASH_OPERATE":0.277529025192,"PER_OI":2.312257612267,"BPS":6.244796056955,"BASIC_EPS":0.45,"DILUTED_EPS":0.45,"OPERATE_INCOME":5277728000,"OPERATE_INCOME_YOY":31.4698100813,"GROSS_PROFIT":1672466000,"GROSS_PROFIT_YOY":29.380238652407,"HOLDER_PROFIT":1027586000,"HOLDER_PROFIT_YOY":27.4866817033,"GROSS_PROFIT_RATIO":31.6891283522,"EPS_TTM":0.852782913472,"OPERATE_INCOME_QOQ":14.23403201484,"NET_PROFIT_RATIO":19.5097587447,"ROE_AVG":7.302960841603,"GROSS_PROFIT_QOQ":13.767936261427,"ROA":4.384445970279,"HOLDER_PROFIT_QOQ":12.844152644318,"ROE_YEARLY":14.605921683206,"ROIC_YEARLY":20.251087542657,"TOTAL_ASSETS":25282233000,"TOTAL_LIABILITIES":11002310000,"TAX_EBT":26.749814326325,"OCF_SALES":12.002513202651,"TOTAL_PARENT_EQUITY":14253747000,"DEBT_ASSET_RATIO":43.5179519151,"OPERATE_PROFIT":1442047000,"PRETAX_PROFIT":1405692000,"NETCASH_OPERATE":633460000,"NETCASH_INVEST":-1131430000,"NETCASH_FINANCE":-361944000,"END_CASH":12851691000,"DIVI_RATIO":0.888570547122,"DIVIDEND_RATE":2.71661237785,"CURRENT_RATIO":1.957417828324,"COMMON_ACS":5000000000,"CURRENTDEBT_DEBT":75.344141366677,"ISSUED_COMMON_SHARES":2282500000,"HK_COMMON_SHARES":2282500000,"PER_SHARES":200,"TOTAL_MARKET_CAP":70072750000,"HKSK_MARKET_CAP":70072750000,"PE_TTM":18.434645851842,"PB_TTM":3.816260566338,"REPORT_DATE_SQ":"2021-06-30 00:00:00","REPORT_TYPE_SQ":"2021年中报","OPERATE_INCOME_SQ":4014403000,"DPS_HKD":0.834,"OPERATE_INCOME_QOQ_SQ":12.987381011493,"NET_PROFIT_RATIO_SQ":20.0785521533,"HOLDER_PROFIT_SQ":806034000,"HOLDER_PROFIT_QOQ_SQ":57.16806691859,"ROE_AVG_SQ":6.338733362952,"PE_TTM_SQ":21.971560477346,"PB_TTM_SQ":3.78433599,"ROA_SQ":4.136093386997,"START_DATE":"2022-01-01 00:00:00","FISCAL_YEAR":"12-31","CURRENCY":"HKD","IS_CNY_CODE":0,"DPS_HKD_LY":0.484,"ORG_TYPE":"一般企业","PREMIUM_INCOME":null,"PREMIUM_INCOME_YOY":null,"NET_INTEREST_INCOME":null,"NET_INTEREST_INCOME_YOY":null,"FEE_COMMISSION_INCOME":null,"FEE_COMMISSION_INCOME_YOY":null,"ACCOUNTS_RECE_TDAYS":3.37911054,"INVENTORY_TDAYS":27.908608851147,"CURRENT_ASSETS_TDAYS":0.327236508332,"TOTAL_ASSETS_TDAYS":0.225187120706,"PREMIUM_EXPENSE":null,"LOAN_DEPOSIT":null,"LOAN_EQUITY":null,"LOAN_ASSETS":null,"DEPOSIT_EQUITY":null,"DEPOSIT_ASSETS":null,"EQUITY_MULTIPLIER":1.770474042473,"EQUITY_RATIO":0.771888963653},{"SECUCODE":"01209.HK","SECURITY_CODE":"01209","SECURITY_NAME_ABBR":"华润万象生活","ORG_CODE":"10000124800","STD_REPORT_DATE":"2021-12-31 00:00:00","REPORT_DATE":"2021-12-31 00:00:00","DATE_TYPE_CODE":"001","REPORT_TYPE":"2021年年报","PER_NETCASH_OPERATE":1.003191237678,"PER_OI":3.888448630887,"BPS":6.084503833516,"BASIC_EPS":0.756,"DILUTED_EPS":0.756,"OPERATE_INCOME":8875384000,"OPERATE_INCOME_YOY":30.9263980601,"GROSS_PROFIT":2758518000,"GROSS_PROFIT_YOY":50.983479772943,"HOLDER_PROFIT":1724925000,"HOLDER_PROFIT_YOY":110.945812085,"GROSS_PROFIT_RATIO":31.080548176845,"EPS_TTM":0.755717415115,"OPERATE_INCOME_QOQ":15.877009350968,"NET_PROFIT_RATIO":19.4478345951,"ROE_AVG":13.091956741383,"GROSS_PROFIT_QOQ":16.668985792149,"ROA":8.4829854404,"HOLDER_PROFIT_QOQ":34.216712224523,"ROE_YEARLY":13.091956741383,"ROIC_YEARLY":20.712313627602,"TOTAL_ASSETS":21591922000,"TOTAL_LIABILITIES":7702897000,"TAX_EBT":26.127599766494,"OCF_SALES":25.799266826089,"TOTAL_PARENT_EQUITY":13887880000,"DEBT_ASSET_RATIO":35.6749019379,"OPERATE_PROFIT":2414093000,"PRETAX_PROFIT":2336556000,"NETCASH_OPERATE":2289784000,"NETCASH_INVEST":1419350000,"NETCASH_FINANCE":-321815000,"END_CASH":13698238000,"DIVI_RATIO":1.002699904547,"DIVIDEND_RATE":2.71661237785,"CURRENT_RATIO":2.636944482553,"COMMON_ACS":5000000000,"CURRENTDEBT_DEBT":78.919165088148,"ISSUED_COMMON_SHARES":2282500000,"HK_COMMON_SHARES":2282500000,"PER_SHARES":200,"TOTAL_MARKET_CAP":70072750000,"HKSK_MARKET_CAP":70072750000,"PE_TTM":18.434645851842,"PB_TTM":3.816260566338,"REPORT_DATE_SQ":"2020-12-31 00:00:00","REPORT_TYPE_SQ":"2020年年报","OPERATE_INCOME_SQ":6778911000,"DPS_HKD":0.834,"OPERATE_INCOME_QOQ_SQ":6.561585513848,"NET_PROFIT_RATIO_SQ":12.0625569505,"HOLDER_PROFIT_SQ":817710000,"HOLDER_PROFIT_QOQ_SQ":59.93545547895,"ROE_AVG_SQ":12.11905548109,"PE_TTM_SQ":21.971560477346,"PB_TTM_SQ":3.78433599,"ROA_SQ":6.247490185364,"START_DATE":"2021-01-01 00:00:00","FISCAL_YEAR":"12-31","CURRENCY":"HKD","IS_CNY_CODE":0,"DPS_HKD_LY":0.15633,"ORG_TYPE":"一般企业","PREMIUM_INCOME":null,"PREMIUM_INCOME_YOY":null,"NET_INTEREST_INCOME":null,"NET_INTEREST_INCOME_YOY":null,"FEE_COMMISSION_INCOME":null,"FEE_COMMISSION_INCOME_YOY":null,"ACCOUNTS_RECE_TDAYS":9.518608745266,"INVENTORY_TDAYS":36.613031819379,"CURRENT_ASSETS_TDAYS":0.548507909822,"TOTAL_ASSETS_TDAYS":0.436481315129,"PREMIUM_EXPENSE":null,"LOAN_DEPOSIT":null,"LOAN_EQUITY":null,"LOAN_ASSETS":null,"DEPOSIT_EQUITY":null,"DEPOSIT_ASSETS":null,"EQUITY_MULTIPLIER":1.55460314889,"EQUITY_RATIO":0.554648873694},{"SECUCODE":"01209.HK","SECURITY_CODE":"01209","SECURITY_NAME_ABBR":"华润万象生活","ORG_CODE":"10000124800","STD_REPORT_DATE":"2021-06-30 00:00:00","REPORT_DATE":"2021-06-30 00:00:00","DATE_TYPE_CODE":"002","REPORT_TYPE":"2021年中报","PER_NETCASH_OPERATE":0.338409638554,"PER_OI":1.758774589266,"BPS":5.681922891566,"BASIC_EPS":0.353,"DILUTED_EPS":0.353,"OPERATE_INCOME":4014403000,"OPERATE_INCOME_YOY":28.0919910657,"GROSS_PROFIT":1292675000,"GROSS_PROFIT_YOY":71.144733758677,"HOLDER_PROFIT":806034000,"HOLDER_PROFIT_YOY":138.0736343095,"GROSS_PROFIT_RATIO":32.200927510267,"EPS_TTM":0.563057612267,"OPERATE_INCOME_QOQ":12.987381011493,"NET_PROFIT_RATIO":20.0785521533,"ROE_AVG":6.338733362952,"GROSS_PROFIT_QOQ":29.411838757154,"ROA":4.136093386997,"HOLDER_PROFIT_QOQ":57.16806691859,"ROE_YEARLY":12.677466725904,"ROIC_YEARLY":19.895018710957,"TOTAL_ASSETS":19899665000,"TOTAL_LIABILITIES":6930676000,"TAX_EBT":26.475736648293,"OCF_SALES":19.241217187213,"TOTAL_PARENT_EQUITY":12968989000,"DEBT_ASSET_RATIO":34.8281038902,"OPERATE_PROFIT":1134592000,"PRETAX_PROFIT":1096283000,"NETCASH_OPERATE":772420000,"NETCASH_INVEST":1570573000,"NETCASH_FINANCE":-195674000,"END_CASH":12457415000,"DIVI_RATIO":1.345790845361,"DIVIDEND_RATE":2.71661237785,"CURRENT_RATIO":2.754777426354,"COMMON_ACS":5000000000,"CURRENTDEBT_DEBT":77.124395946369,"ISSUED_COMMON_SHARES":2282500000,"HK_COMMON_SHARES":2282500000,"PER_SHARES":200,"TOTAL_MARKET_CAP":70072750000,"HKSK_MARKET_CAP":70072750000,"PE_TTM":18.434645851842,"PB_TTM":3.816260566338,"REPORT_DATE_SQ":"2020-06-30 00:00:00","REPORT_TYPE_SQ":"2020年中报","OPERATE_INCOME_SQ":3134000000,"DPS_HKD":0.834,"OPERATE_INCOME_QOQ_SQ":8.408049415629,"NET_PROFIT_RATIO_SQ":10.8029674537,"HOLDER_PROFIT_SQ":338565000,"HOLDER_PROFIT_QOQ_SQ":40.102979217818,"ROE_AVG_SQ":34.425081864617,"PE_TTM_SQ":21.971560477346,"PB_TTM_SQ":3.78433599,"ROA_SQ":4.71659178338,"START_DATE":"2021-01-01 00:00:00","FISCAL_YEAR":"12-31","CURRENCY":"HKD","IS_CNY_CODE":0,"DPS_HKD_LY":0.15633,"ORG_TYPE":"一般企业","PREMIUM_INCOME":null,"PREMIUM_INCOME_YOY":null,"NET_INTEREST_INCOME":null,"NET_INTEREST_INCOME_YOY":null,"FEE_COMMISSION_INCOME":null,"FEE_COMMISSION_INCOME_YOY":null,"ACCOUNTS_RECE_TDAYS":4.14808756608,"INVENTORY_TDAYS":15.320429938054,"CURRENT_ASSETS_TDAYS":0.258520724065,"TOTAL_ASSETS_TDAYS":0.205995599454,"PREMIUM_EXPENSE":null,"LOAN_DEPOSIT":null,"LOAN_EQUITY":null,"LOAN_ASSETS":null,"DEPOSIT_EQUITY":null,"DEPOSIT_ASSETS":null,"EQUITY_MULTIPLIER":1.534403722603,"EQUITY_RATIO":0.534403722603},{"SECUCODE":"01209.HK","SECURITY_CODE":"01209","SECURITY_NAME_ABBR":"华润万象生活","ORG_CODE":"10000124800","STD_REPORT_DATE":"2020-12-31 00:00:00","REPORT_DATE":"2020-12-31 00:00:00","DATE_TYPE_CODE":"001","REPORT_TYPE":"2020年年报","PER_NETCASH_OPERATE":0.483197371303,"PER_OI":2.969950054765,"BPS":5.460254983571,"BASIC_EPS":0.485,"DILUTED_EPS":0.485,"OPERATE_INCOME":6778911000,"OPERATE_INCOME_YOY":15.5213362819,"GROSS_PROFIT":1827033000,"GROSS_PROFIT_YOY":93.889564536361,"HOLDER_PROFIT":817710000,"HOLDER_PROFIT_YOY":124.0743379516,"GROSS_PROFIT_RATIO":26.951718351222,"EPS_TTM":0.358251916758,"OPERATE_INCOME_QOQ":6.561585513848,"NET_PROFIT_RATIO":12.0625569505,"ROE_AVG":12.11905548109,"GROSS_PROFIT_QOQ":49.394704801559,"ROA":6.247490185364,"HOLDER_PROFIT_QOQ":59.93545547895,"ROE_YEARLY":12.11905548109,"ROIC_YEARLY":10.717540875443,"TOTAL_ASSETS":19075954000,"TOTAL_LIABILITIES":6612922000,"TAX_EBT":27.950368570286,"OCF_SALES":16.269545359129,"TOTAL_PARENT_EQUITY":12463032000,"DEBT_ASSET_RATIO":34.6662714745,"OPERATE_PROFIT":1257462000,"PRETAX_PROFIT":1134926000,"NETCASH_OPERATE":1102898000,"NETCASH_INVEST":-1933332000,"NETCASH_FINANCE":10544145000,"END_CASH":10312459000,"DIVI_RATIO":2.115153456421,"DIVIDEND_RATE":2.71661237785,"CURRENT_RATIO":3.230603936835,"COMMON_ACS":5000000000,"CURRENTDEBT_DEBT":76.446236625806,"ISSUED_COMMON_SHARES":2282500000,"HK_COMMON_SHARES":2282500000,"PER_SHARES":200,"TOTAL_MARKET_CAP":70072750000,"HKSK_MARKET_CAP":70072750000,"PE_TTM":18.434645851842,"PB_TTM":3.816260566338,"REPORT_DATE_SQ":"2019-12-31 00:00:00","REPORT_TYPE_SQ":"2019年年报","OPERATE_INCOME_SQ":5868103000,"DPS_HKD":0.834,"OPERATE_INCOME_QOQ_SQ":32.411202224325,"NET_PROFIT_RATIO_SQ":6.2188410803,"HOLDER_PROFIT_SQ":364928000,"HOLDER_PROFIT_QOQ_SQ":-13.7118779527,"ROE_AVG_SQ":42.977199924628,"PE_TTM_SQ":21.971560477346,"PB_TTM_SQ":3.78433599,"ROA_SQ":5.682956767058,"START_DATE":"2020-01-01 00:00:00","FISCAL_YEAR":"12-31","CURRENCY":"HKD","IS_CNY_CODE":0,"DPS_HKD_LY":null,"ORG_TYPE":"一般企业","PREMIUM_INCOME":null,"PREMIUM_INCOME_YOY":null,"NET_INTEREST_INCOME":null,"NET_INTEREST_INCOME_YOY":null,"FEE_COMMISSION_INCOME":null,"FEE_COMMISSION_INCOME_YOY":null,"ACCOUNTS_RECE_TDAYS":9.607293362179,"INVENTORY_TDAYS":32.805517186553,"CURRENT_ASSETS_TDAYS":0.646999278356,"TOTAL_ASSETS_TDAYS":0.517924202223,"PREMIUM_EXPENSE":null,"LOAN_DEPOSIT":null,"LOAN_EQUITY":null,"LOAN_ASSETS":null,"DEPOSIT_EQUITY":null,"DEPOSIT_ASSETS":null,"EQUITY_MULTIPLIER":1.530602986495,"EQUITY_RATIO":0.530602986496},{"SECUCODE":"01209.HK","SECURITY_CODE":"01209","SECURITY_NAME_ABBR":"华润万象生活","ORG_CODE":"10000124800","STD_REPORT_DATE":"2020-06-30 00:00:00","REPORT_DATE":"2020-06-30 00:00:00","DATE_TYPE_CODE":"002","REPORT_TYPE":"2020年中报","PER_NETCASH_OPERATE":-0.20666267233,"PER_OI":2.521267386364,"BPS":0.409806352683,"BASIC_EPS":0.205,"DILUTED_EPS":0.205,"OPERATE_INCOME":3134000000,"OPERATE_INCOME_YOY":18.6848326919,"GROSS_PROFIT":755311000,"GROSS_PROFIT_YOY":59.126743353137,"HOLDER_PROFIT":338565000,"HOLDER_PROFIT_YOY":76.135949807,"GROSS_PROFIT_RATIO":24.100542437779,"EPS_TTM":0.411314927557,"OPERATE_INCOME_QOQ":8.408049415629,"NET_PROFIT_RATIO":10.8029674537,"ROE_AVG":34.425081864617,"GROSS_PROFIT_QOQ":29.783424917171,"ROA":4.71659178338,"HOLDER_PROFIT_QOQ":40.102979217818,"ROE_YEARLY":68.850163729234,"ROIC_YEARLY":10.118151946362,"TOTAL_ASSETS":7255063000,"TOTAL_LIABILITIES":6319680000,"TAX_EBT":27.676522987401,"OCF_SALES":-8.196777281429,"TOTAL_PARENT_EQUITY":935383000,"DEBT_ASSET_RATIO":87.107169159,"OPERATE_PROFIT":501553000,"PRETAX_PROFIT":468126000,"NETCASH_OPERATE":-256887000,"NETCASH_INVEST":28831000,"NETCASH_FINANCE":-11041000,"END_CASH":366392000,"DIVI_RATIO":1.842281252716,"DIVIDEND_RATE":2.71661237785,"CURRENT_RATIO":0.980283446821,"COMMON_ACS":5000000000,"CURRENTDEBT_DEBT":77.288296242848,"ISSUED_COMMON_SHARES":2282500000,"HK_COMMON_SHARES":2282500000,"PER_SHARES":200,"TOTAL_MARKET_CAP":70072750000,"HKSK_MARKET_CAP":70072750000,"PE_TTM":18.434645851842,"PB_TTM":3.816260566338,"REPORT_DATE_SQ":"2019-06-30 00:00:00","REPORT_TYPE_SQ":"2019年中报","OPERATE_INCOME_SQ":2640607000,"DPS_HKD":0.834,"OPERATE_INCOME_QOQ_SQ":0,"NET_PROFIT_RATIO_SQ":7.2793111584,"HOLDER_PROFIT_SQ":192218000,"HOLDER_PROFIT_QOQ_SQ":0,"ROE_AVG_SQ":null,"PE_TTM_SQ":21.971560477346,"PB_TTM_SQ":3.78433599,"ROA_SQ":null,"START_DATE":"2020-01-01 00:00:00","FISCAL_YEAR":"12-31","CURRENCY":"HKD","IS_CNY_CODE":0,"DPS_HKD_LY":null,"ORG_TYPE":"一般企业","PREMIUM_INCOME":null,"PREMIUM_INCOME_YOY":null,"NET_INTEREST_INCOME":null,"NET_INTEREST_INCOME_YOY":null,"FEE_COMMISSION_INCOME":null,"FEE_COMMISSION_INCOME_YOY":null,"ACCOUNTS_RECE_TDAYS":3.430512956918,"INVENTORY_TDAYS":17.060217028021,"CURRENT_ASSETS_TDAYS":0.666013050158,"TOTAL_ASSETS_TDAYS":0.436601498947,"PREMIUM_EXPENSE":null,"LOAN_DEPOSIT":null,"LOAN_EQUITY":null,"LOAN_ASSETS":null,"DEPOSIT_EQUITY":null,"DEPOSIT_ASSETS":null,"EQUITY_MULTIPLIER":7.756248509985,"EQUITY_RATIO":6.756248509969}],"count":13},"success":true,"message":"ok","code":0}