{"version":"53dc5555a14606a9bdc72dd83d84fbc8","result":{"pages":6,"data":[{"SECUCODE":"01201.HK","SECURITY_CODE":"01201","SECURITY_NAME_ABBR":"天臣控股","ORG_CODE":"10010549","STD_REPORT_DATE":"2024-06-30 00:00:00","REPORT_DATE":"2024-06-30 00:00:00","DATE_TYPE_CODE":"002","REPORT_TYPE":"2024年中报","PER_NETCASH_OPERATE":-0.016326576347,"PER_OI":0.016029505783,"BPS":1.635884297327,"BASIC_EPS":-0.038697632,"DILUTED_EPS":-0.038697632,"OPERATE_INCOME":33290915.68,"OPERATE_INCOME_YOY":-48.1329806899,"GROSS_PROFIT":539393.88,"GROSS_PROFIT_YOY":-85.113521861099,"HOLDER_PROFIT":-76415045.68,"HOLDER_PROFIT_YOY":-203.1354091238,"GROSS_PROFIT_RATIO":1.620243447746,"EPS_TTM":-0.063683611436,"OPERATE_INCOME_QOQ":-26.953610882009,"NET_PROFIT_RATIO":-268.5656321965,"ROE_AVG":-20.627502186526,"GROSS_PROFIT_QOQ":-155.252434633829,"ROA":-15.251957136546,"HOLDER_PROFIT_QOQ":-62.660215051816,"ROE_YEARLY":-41.255004373052,"ROIC_YEARLY":-22.428234191097,"TOTAL_ASSETS":455313235,"TOTAL_LIABILITIES":289655426.24,"TAX_EBT":null,"OCF_SALES":-101.85327338524,"TOTAL_PARENT_EQUITY":359379614.84,"DEBT_ASSET_RATIO":63.6167376597,"OPERATE_PROFIT":-87988740.76,"PRETAX_PROFIT":-89407958.16,"NETCASH_OPERATE":-33907887.36,"NETCASH_INVEST":-52935.44,"NETCASH_FINANCE":35937687.68,"END_CASH":4421021.92,"DIVI_RATIO":null,"DIVIDEND_RATE":null,"CURRENT_RATIO":0.973990834712,"COMMON_ACS":5000000000,"CURRENTDEBT_DEBT":97.704557485317,"ISSUED_COMMON_SHARES":219685228,"HK_COMMON_SHARES":219685228,"PER_SHARES":3000,"TOTAL_MARKET_CAP":327330989.72,"HKSK_MARKET_CAP":327330989.72,"PE_TTM":-2.244575879917,"PB_TTM":0.831289353545,"REPORT_DATE_SQ":"2023-06-30 00:00:00","REPORT_TYPE_SQ":"2023年中报","OPERATE_INCOME_SQ":64839165.48,"DPS_HKD":null,"OPERATE_INCOME_QOQ_SQ":22.922799551291,"NET_PROFIT_RATIO_SQ":-47.8798737309,"HOLDER_PROFIT_SQ":-25465087.6,"HOLDER_PROFIT_QOQ_SQ":8.336240372054,"ROE_AVG_SQ":-5.382085178026,"PE_TTM_SQ":-1.057029867162,"PB_TTM_SQ":0.375642505245,"ROA_SQ":-4.212317903419,"START_DATE":"2024-01-01 00:00:00","FISCAL_YEAR":"12-31","CURRENCY":"HKD","IS_CNY_CODE":0,"DPS_HKD_LY":null,"ORG_TYPE":"一般企业","PREMIUM_INCOME":null,"PREMIUM_INCOME_YOY":null,"NET_INTEREST_INCOME":null,"NET_INTEREST_INCOME_YOY":null,"FEE_COMMISSION_INCOME":null,"FEE_COMMISSION_INCOME_YOY":null,"ACCOUNTS_RECE_TDAYS":0.126675209846,"INVENTORY_TDAYS":1.353104202409,"CURRENT_ASSETS_TDAYS":0.114622580736,"TOTAL_ASSETS_TDAYS":0.066446550476,"PREMIUM_EXPENSE":null,"LOAN_DEPOSIT":null,"LOAN_EQUITY":null,"LOAN_ASSETS":null,"DEPOSIT_EQUITY":null,"DEPOSIT_ASSETS":null,"EQUITY_MULTIPLIER":2.748516586135,"EQUITY_RATIO":0.805987357878},{"SECUCODE":"01201.HK","SECURITY_CODE":"01201","SECURITY_NAME_ABBR":"天臣控股","ORG_CODE":"10010549","STD_REPORT_DATE":"2023-12-31 00:00:00","REPORT_DATE":"2023-12-31 00:00:00","DATE_TYPE_CODE":"001","REPORT_TYPE":"2023年年报","PER_NETCASH_OPERATE":-0.001423350936,"PER_OI":0.056357628291,"BPS":1.724396453001,"BASIC_EPS":-0.05482631,"DILUTED_EPS":-0.05482631,"OPERATE_INCOME":117046468.98,"OPERATE_INCOME_YOY":36.8224239664,"GROSS_PROFIT":1986434.24,"GROSS_PROFIT_YOY":-72.258257562142,"HOLDER_PROFIT":-81311495.72,"HOLDER_PROFIT_YOY":54.2356715512,"GROSS_PROFIT_RATIO":1.697132991119,"EPS_TTM":-0.039151313931,"OPERATE_INCOME_QOQ":12.921264170933,"NET_PROFIT_RATIO":-78.2082549416,"ROE_AVG":-18.953467616812,"GROSS_PROFIT_QOQ":-76.896468775911,"ROA":-13.847844405826,"HOLDER_PROFIT_QOQ":49.349898287385,"ROE_YEARLY":-18.953467616812,"ROIC_YEARLY":-10.773038707466,"TOTAL_ASSETS":542852966.6,"TOTAL_LIABILITIES":336668885.98,"TAX_EBT":null,"OCF_SALES":-2.525569259595,"TOTAL_PARENT_EQUITY":378824427.94,"DEBT_ASSET_RATIO":62.0184297948,"OPERATE_PROFIT":-87210987.92,"PRETAX_PROFIT":-91540000.86,"NETCASH_OPERATE":-2956089.64,"NETCASH_INVEST":15306055.8,"NETCASH_FINANCE":-12742359.42,"END_CASH":2354359.56,"DIVI_RATIO":null,"DIVIDEND_RATE":null,"CURRENT_RATIO":0.926092278041,"COMMON_ACS":5000000000,"CURRENTDEBT_DEBT":97.205182108643,"ISSUED_COMMON_SHARES":219685228,"HK_COMMON_SHARES":219685228,"PER_SHARES":3000,"TOTAL_MARKET_CAP":342708955.68,"HKSK_MARKET_CAP":342708955.68,"PE_TTM":-2.35002575347,"PB_TTM":0.870343215792,"REPORT_DATE_SQ":"2022-12-31 00:00:00","REPORT_TYPE_SQ":"2022年年报","OPERATE_INCOME_SQ":84323794.73,"DPS_HKD":null,"OPERATE_INCOME_QOQ_SQ":-29.119833432514,"NET_PROFIT_RATIO_SQ":-241.5438722868,"HOLDER_PROFIT_SQ":-175135409.47,"HOLDER_PROFIT_QOQ_SQ":-35.521306317503,"ROE_AVG_SQ":-30.3179690188,"PE_TTM_SQ":-1.092264196067,"PB_TTM_SQ":0.388163922087,"ROA_SQ":-12.157747299851,"START_DATE":"2023-01-01 00:00:00","FISCAL_YEAR":"12-31","CURRENCY":"HKD","IS_CNY_CODE":0,"DPS_HKD_LY":null,"ORG_TYPE":"一般企业","PREMIUM_INCOME":null,"PREMIUM_INCOME_YOY":null,"NET_INTEREST_INCOME":null,"NET_INTEREST_INCOME_YOY":null,"FEE_COMMISSION_INCOME":null,"FEE_COMMISSION_INCOME_YOY":null,"ACCOUNTS_RECE_TDAYS":0.436538221049,"INVENTORY_TDAYS":3.293438647005,"CURRENT_ASSETS_TDAYS":0.381084872885,"TOTAL_ASSETS_TDAYS":0.199337286362,"PREMIUM_EXPENSE":null,"LOAN_DEPOSIT":null,"LOAN_EQUITY":null,"LOAN_ASSETS":null,"DEPOSIT_EQUITY":null,"DEPOSIT_ASSETS":null,"EQUITY_MULTIPLIER":2.632855868247,"EQUITY_RATIO":0.888720106596},{"SECUCODE":"01201.HK","SECURITY_CODE":"01201","SECURITY_NAME_ABBR":"天臣控股","ORG_CODE":"10010549","STD_REPORT_DATE":"2023-06-30 00:00:00","REPORT_DATE":"2023-06-30 00:00:00","DATE_TYPE_CODE":"002","REPORT_TYPE":"2023年中报","PER_NETCASH_OPERATE":-0.001326270953,"PER_OI":0.043707277915,"BPS":2.088305510282,"BASIC_EPS":-0.017148828,"DILUTED_EPS":-0.017148828,"OPERATE_INCOME":64839165.48,"OPERATE_INCOME_YOY":32.1519843656,"GROSS_PROFIT":3623381.4,"GROSS_PROFIT_YOY":65.764140928625,"HOLDER_PROFIT":-25465087.6,"HOLDER_PROFIT_YOY":41.0446327563,"GROSS_PROFIT_RATIO":5.588260387339,"EPS_TTM":-0.108215126405,"OPERATE_INCOME_QOQ":22.922799551291,"NET_PROFIT_RATIO":-47.8798737309,"ROE_AVG":-5.382085178026,"GROSS_PROFIT_QOQ":20.075767504028,"ROA":-4.212317903419,"HOLDER_PROFIT_QOQ":8.336240372054,"ROE_YEARLY":-10.764170356052,"ROIC_YEARLY":-6.498873226678,"TOTAL_ASSETS":566591745.24,"TOTAL_LIABILITIES":299838037.78,"TAX_EBT":null,"OCF_SALES":-3.034439609817,"TOTAL_PARENT_EQUITY":458769872.16,"DEBT_ASSET_RATIO":52.9195916282,"OPERATE_PROFIT":-28767619.96,"PRETAX_PROFIT":-31044910.56,"NETCASH_OPERATE":-1967505.32,"NETCASH_INVEST":-1323041.3,"NETCASH_FINANCE":-1762825.76,"END_CASH":1501905.42,"DIVI_RATIO":null,"DIVIDEND_RATE":null,"CURRENT_RATIO":1.010929595618,"COMMON_ACS":5000000000,"CURRENTDEBT_DEBT":95.430351371879,"ISSUED_COMMON_SHARES":219685228,"HK_COMMON_SHARES":219685228,"PER_SHARES":3000,"TOTAL_MARKET_CAP":342708955.68,"HKSK_MARKET_CAP":342708955.68,"PE_TTM":-2.35002575347,"PB_TTM":0.870343215792,"REPORT_DATE_SQ":"2022-06-30 00:00:00","REPORT_TYPE_SQ":"2022年中报","OPERATE_INCOME_SQ":45509791.04,"DPS_HKD":null,"OPERATE_INCOME_QOQ_SQ":-15.054108392611,"NET_PROFIT_RATIO_SQ":-98.0726540586,"HOLDER_PROFIT_SQ":-40064796.31,"HOLDER_PROFIT_QOQ_SQ":51.654641500983,"ROE_AVG_SQ":-6.367745491343,"PE_TTM_SQ":-1.092264196067,"PB_TTM_SQ":0.388163922087,"ROA_SQ":-2.002806982144,"START_DATE":"2023-01-01 00:00:00","FISCAL_YEAR":"12-31","CURRENCY":"HKD","IS_CNY_CODE":0,"DPS_HKD_LY":null,"ORG_TYPE":"一般企业","PREMIUM_INCOME":null,"PREMIUM_INCOME_YOY":null,"NET_INTEREST_INCOME":null,"NET_INTEREST_INCOME_YOY":null,"FEE_COMMISSION_INCOME":null,"FEE_COMMISSION_INCOME_YOY":null,"ACCOUNTS_RECE_TDAYS":null,"INVENTORY_TDAYS":2.079749412686,"CURRENT_ASSETS_TDAYS":0.21403169724,"TOTAL_ASSETS_TDAYS":0.107253971353,"PREMIUM_EXPENSE":null,"LOAN_DEPOSIT":null,"LOAN_EQUITY":null,"LOAN_ASSETS":null,"DEPOSIT_EQUITY":null,"DEPOSIT_ASSETS":null,"EQUITY_MULTIPLIER":2.124025756325,"EQUITY_RATIO":0.653569591151},{"SECUCODE":"01201.HK","SECURITY_CODE":"01201","SECURITY_NAME_ABBR":"天臣控股","ORG_CODE":"10010549","STD_REPORT_DATE":"2022-12-31 00:00:00","REPORT_DATE":"2022-12-31 00:00:00","DATE_TYPE_CODE":"001","REPORT_TYPE":"2022年年报","PER_NETCASH_OPERATE":0.020170560653,"PER_OI":0.056841625024,"BPS":2.150075095263,"BASIC_EPS":-0.138814158,"DILUTED_EPS":-0.138814158,"OPERATE_INCOME":84323794.73,"OPERATE_INCOME_YOY":-40.9411970796,"GROSS_PROFIT":7160452.32,"GROSS_PROFIT_YOY":-23.351200938019,"HOLDER_PROFIT":-175135409.47,"HOLDER_PROFIT_YOY":40.0318710964,"GROSS_PROFIT_RATIO":8.491615377282,"EPS_TTM":-0.118056609116,"OPERATE_INCOME_QOQ":-29.119833432514,"NET_PROFIT_RATIO":-241.5438722868,"ROE_AVG":-30.3179690188,"GROSS_PROFIT_QOQ":34.648016196065,"ROA":-12.157747299851,"HOLDER_PROFIT_QOQ":-35.521306317503,"ROE_YEARLY":-30.3179690188,"ROIC_YEARLY":-11.640551851727,"TOTAL_ASSETS":622478772.58,"TOTAL_LIABILITIES":318262275.03,"TAX_EBT":null,"OCF_SALES":35.485545397727,"TOTAL_PARENT_EQUITY":472339737.52,"DEBT_ASSET_RATIO":51.1282133704,"OPERATE_PROFIT":-105325465.7,"PRETAX_PROFIT":-111373796.87,"NETCASH_OPERATE":29922758.46,"NETCASH_INVEST":152763462.32,"NETCASH_FINANCE":-168937008.94,"END_CASH":5584724.04,"DIVI_RATIO":null,"DIVIDEND_RATE":null,"CURRENT_RATIO":1.006214619739,"COMMON_ACS":5000000000,"CURRENTDEBT_DEBT":95.790776588668,"ISSUED_COMMON_SHARES":219685228,"HK_COMMON_SHARES":219685228,"PER_SHARES":3000,"TOTAL_MARKET_CAP":342708955.68,"HKSK_MARKET_CAP":342708955.68,"PE_TTM":-2.35002575347,"PB_TTM":0.870343215792,"REPORT_DATE_SQ":"2021-12-31 00:00:00","REPORT_TYPE_SQ":"2021年年报","OPERATE_INCOME_SQ":130684366.4,"DPS_HKD":null,"OPERATE_INCOME_QOQ_SQ":-57.154722194916,"NET_PROFIT_RATIO_SQ":-292.4877695658,"HOLDER_PROFIT_SQ":-267307779.2,"HOLDER_PROFIT_QOQ_SQ":-19.463729270012,"ROE_AVG_SQ":-36.035263509146,"PE_TTM_SQ":-1.092264196067,"PB_TTM_SQ":0.388163922087,"ROA_SQ":-11.84094964603,"START_DATE":"2022-01-01 00:00:00","FISCAL_YEAR":"12-31","CURRENCY":"HKD","IS_CNY_CODE":0,"DPS_HKD_LY":null,"ORG_TYPE":"一般企业","PREMIUM_INCOME":null,"PREMIUM_INCOME_YOY":null,"NET_INTEREST_INCOME":null,"NET_INTEREST_INCOME_YOY":null,"FEE_COMMISSION_INCOME":null,"FEE_COMMISSION_INCOME_YOY":null,"ACCOUNTS_RECE_TDAYS":0.314183679583,"INVENTORY_TDAYS":0.161097093154,"CURRENT_ASSETS_TDAYS":0.082868909916,"TOTAL_ASSETS_TDAYS":0.058536842481,"PREMIUM_EXPENSE":null,"LOAN_DEPOSIT":null,"LOAN_EQUITY":null,"LOAN_ASSETS":null,"DEPOSIT_EQUITY":null,"DEPOSIT_ASSETS":null,"EQUITY_MULTIPLIER":2.046170334592,"EQUITY_RATIO":0.673799491656},{"SECUCODE":"01201.HK","SECURITY_CODE":"01201","SECURITY_NAME_ABBR":"天臣控股","ORG_CODE":"10010549","STD_REPORT_DATE":"2022-06-30 00:00:00","REPORT_DATE":"2022-06-30 00:00:00","DATE_TYPE_CODE":"002","REPORT_TYPE":"2022年中报","PER_NETCASH_OPERATE":0.102188290721,"PER_OI":0.036805517925,"BPS":2.751654713079,"BASIC_EPS":-0.032411701,"DILUTED_EPS":-0.032411701,"OPERATE_INCOME":45509791.04,"OPERATE_INCOME_YOY":-31.684751302,"GROSS_PROFIT":2185865.64,"GROSS_PROFIT_YOY":-77.473934482937,"HOLDER_PROFIT":-40064796.31,"HOLDER_PROFIT_YOY":78.117351419,"GROSS_PROFIT_RATIO":6.019514377657,"EPS_TTM":-0.104514001284,"OPERATE_INCOME_QOQ":-15.054108392611,"NET_PROFIT_RATIO":-98.0726540586,"ROE_AVG":-6.367745491343,"GROSS_PROFIT_QOQ":-55.795257661606,"ROA":-2.002806982144,"HOLDER_PROFIT_QOQ":51.654641500983,"ROE_YEARLY":-12.735490982686,"ROIC_YEARLY":-3.925777342502,"TOTAL_ASSETS":1838575546.57,"TOTAL_LIABILITIES":1355282021.87,"TAX_EBT":null,"OCF_SALES":254.256509094664,"TOTAL_PARENT_EQUITY":604497893.02,"DEBT_ASSET_RATIO":73.7136977808,"OPERATE_PROFIT":-38044837.53,"PRETAX_PROFIT":-41203909.39,"NETCASH_OPERATE":126355177.69,"NETCASH_INVEST":-1820699.51,"NETCASH_FINANCE":-128901078.32,"END_CASH":6780801.51,"DIVI_RATIO":null,"DIVIDEND_RATE":null,"CURRENT_RATIO":1.068434430791,"COMMON_ACS":5000000000,"CURRENTDEBT_DEBT":96.493377915954,"ISSUED_COMMON_SHARES":219685228,"HK_COMMON_SHARES":219685228,"PER_SHARES":3000,"TOTAL_MARKET_CAP":342708955.68,"HKSK_MARKET_CAP":342708955.68,"PE_TTM":-2.35002575347,"PB_TTM":0.870343215792,"REPORT_DATE_SQ":"2021-06-30 00:00:00","REPORT_TYPE_SQ":"2021年中报","OPERATE_INCOME_SQ":70779221.04,"DPS_HKD":null,"OPERATE_INCOME_QOQ_SQ":-49.091393255532,"NET_PROFIT_RATIO_SQ":-320.5471238964,"HOLDER_PROFIT_SQ":-178141671.36,"HOLDER_PROFIT_QOQ_SQ":-955.074412242417,"ROE_AVG_SQ":-22.391164520026,"PE_TTM_SQ":-1.092264196067,"PB_TTM_SQ":0.388163922087,"ROA_SQ":-7.352578048935,"START_DATE":"2022-01-01 00:00:00","FISCAL_YEAR":"12-31","CURRENCY":"HKD","IS_CNY_CODE":0,"DPS_HKD_LY":null,"ORG_TYPE":"一般企业","PREMIUM_INCOME":null,"PREMIUM_INCOME_YOY":null,"NET_INTEREST_INCOME":null,"NET_INTEREST_INCOME_YOY":null,"FEE_COMMISSION_INCOME":null,"FEE_COMMISSION_INCOME_YOY":null,"ACCOUNTS_RECE_TDAYS":0.138819760738,"INVENTORY_TDAYS":0.052778345541,"CURRENT_ASSETS_TDAYS":0.032566940837,"TOTAL_ASSETS_TDAYS":0.024842604226,"PREMIUM_EXPENSE":null,"LOAN_DEPOSIT":null,"LOAN_EQUITY":null,"LOAN_ASSETS":null,"DEPOSIT_EQUITY":null,"DEPOSIT_ASSETS":null,"EQUITY_MULTIPLIER":3.80426273601,"EQUITY_RATIO":2.241996270821},{"SECUCODE":"01201.HK","SECURITY_CODE":"01201","SECURITY_NAME_ABBR":"天臣控股","ORG_CODE":"10010549","STD_REPORT_DATE":"2021-12-31 00:00:00","REPORT_DATE":"2021-12-31 00:00:00","DATE_TYPE_CODE":"001","REPORT_TYPE":"2021年年报","PER_NETCASH_OPERATE":-0.016831471119,"PER_OI":0.105689472094,"BPS":2.845562134929,"BASIC_EPS":-0.22009792,"DILUTED_EPS":-0.22009792,"OPERATE_INCOME":130684366.4,"OPERATE_INCOME_YOY":-77.5467268588,"GROSS_PROFIT":9341897.6,"GROSS_PROFIT_YOY":-96.314678370815,"HOLDER_PROFIT":-267307779.2,"HOLDER_PROFIT_YOY":-1197.4918644337,"GROSS_PROFIT_RATIO":8.589909745817,"EPS_TTM":-0.216182079375,"OPERATE_INCOME_QOQ":-57.154722194916,"NET_PROFIT_RATIO":-292.4877695658,"ROE_AVG":-36.035263509146,"GROSS_PROFIT_QOQ":-88.67606924419,"ROA":-11.84094964603,"HOLDER_PROFIT_QOQ":-19.463729270012,"ROE_YEARLY":-36.035263509146,"ROIC_YEARLY":-12.38874909602,"TOTAL_ASSETS":2067245185.6,"TOTAL_LIABILITIES":1420847355.2,"TAX_EBT":2.745146218694,"OCF_SALES":-14.86041542611,"TOTAL_PARENT_EQUITY":625127966.4,"DEBT_ASSET_RATIO":68.7314385878,"OPERATE_PROFIT":-219776603.2,"PRETAX_PROFIT":-226265076.8,"NETCASH_OPERATE":-20812008,"NETCASH_INVEST":18065689.6,"NETCASH_FINANCE":-1730041.6,"END_CASH":10336916.8,"DIVI_RATIO":null,"DIVIDEND_RATE":null,"CURRENT_RATIO":1.154011778333,"COMMON_ACS":5000000000,"CURRENTDEBT_DEBT":96.478993593724,"ISSUED_COMMON_SHARES":219685228,"HK_COMMON_SHARES":219685228,"PER_SHARES":3000,"TOTAL_MARKET_CAP":342708955.68,"HKSK_MARKET_CAP":342708955.68,"PE_TTM":-2.35002575347,"PB_TTM":0.870343215792,"REPORT_DATE_SQ":"2020-12-31 00:00:00","REPORT_TYPE_SQ":"2020年年报","OPERATE_INCOME_SQ":642079581.24,"DPS_HKD":null,"OPERATE_INCOME_QOQ_SQ":53.080108512023,"NET_PROFIT_RATIO_SQ":5.1753133803,"HOLDER_PROFIT_SQ":-21207644.72,"HOLDER_PROFIT_QOQ_SQ":57.597892221971,"ROE_AVG_SQ":-2.486581754344,"PE_TTM_SQ":-1.092264196067,"PB_TTM_SQ":0.388163922087,"ROA_SQ":-0.81688267418,"START_DATE":"2021-01-01 00:00:00","FISCAL_YEAR":"12-31","CURRENCY":"HKD","IS_CNY_CODE":0,"DPS_HKD_LY":null,"ORG_TYPE":"一般企业","PREMIUM_INCOME":null,"PREMIUM_INCOME_YOY":null,"NET_INTEREST_INCOME":null,"NET_INTEREST_INCOME_YOY":null,"FEE_COMMISSION_INCOME":null,"FEE_COMMISSION_INCOME_YOY":null,"ACCOUNTS_RECE_TDAYS":null,"INVENTORY_TDAYS":0.118944163547,"CURRENT_ASSETS_TDAYS":0.083096256535,"TOTAL_ASSETS_TDAYS":0.06203802597,"PREMIUM_EXPENSE":null,"LOAN_DEPOSIT":null,"LOAN_EQUITY":null,"LOAN_ASSETS":null,"DEPOSIT_EQUITY":null,"DEPOSIT_ASSETS":null,"EQUITY_MULTIPLIER":3.198100439663,"EQUITY_RATIO":2.272890402556},{"SECUCODE":"01201.HK","SECURITY_CODE":"01201","SECURITY_NAME_ABBR":"天臣控股","ORG_CODE":"10010549","STD_REPORT_DATE":"2021-06-30 00:00:00","REPORT_DATE":"2021-06-30 00:00:00","DATE_TYPE_CODE":"002","REPORT_TYPE":"2021年中报","PER_NETCASH_OPERATE":-0.036443661901,"PER_OI":0.059155927263,"BPS":3.266093835677,"BASIC_EPS":-0.148859112,"DILUTED_EPS":-0.148859112,"OPERATE_INCOME":70779221.04,"OPERATE_INCOME_YOY":-79.8696995944,"GROSS_PROFIT":9703716.96,"GROSS_PROFIT_YOY":-93.817571467773,"HOLDER_PROFIT":-178141671.36,"HOLDER_PROFIT_YOY":-901.2425149701,"GROSS_PROFIT_RATIO":13.709838590221,"EPS_TTM":-0.187011372455,"OPERATE_INCOME_QOQ":-49.091393255532,"NET_PROFIT_RATIO":-320.5471238964,"ROE_AVG":-22.391164520026,"GROSS_PROFIT_QOQ":-58.090283506569,"ROA":-7.352578048935,"HOLDER_PROFIT_QOQ":-955.074412242417,"ROE_YEARLY":-44.782329040052,"ROIC_YEARLY":-15.632921490375,"TOTAL_ASSETS":2354615823.6,"TOTAL_LIABILITIES":1526793576.96,"TAX_EBT":-0.316400975692,"OCF_SALES":-61.606103711367,"TOTAL_PARENT_EQUITY":717512568.96,"DEBT_ASSET_RATIO":64.8425769358,"OPERATE_PROFIT":-222743655.6,"PRETAX_PROFIT":-226165168.56,"NETCASH_OPERATE":-43604320.32,"NETCASH_INVEST":23516244.96,"NETCASH_FINANCE":13339906.56,"END_CASH":6257241.6,"DIVI_RATIO":null,"DIVIDEND_RATE":null,"CURRENT_RATIO":1.184223453836,"COMMON_ACS":5000000000,"CURRENTDEBT_DEBT":95.186036169582,"ISSUED_COMMON_SHARES":219685228,"HK_COMMON_SHARES":219685228,"PER_SHARES":3000,"TOTAL_MARKET_CAP":342708955.68,"HKSK_MARKET_CAP":342708955.68,"PE_TTM":-2.35002575347,"PB_TTM":0.870343215792,"REPORT_DATE_SQ":"2020-06-30 00:00:00","REPORT_TYPE_SQ":"2020年中报","OPERATE_INCOME_SQ":385985033.28,"DPS_HKD":null,"OPERATE_INCOME_QOQ_SQ":-48.677339249811,"NET_PROFIT_RATIO_SQ":11.5867020698,"HOLDER_PROFIT_SQ":24407116.8,"HOLDER_PROFIT_QOQ_SQ":46.483184636881,"ROE_AVG_SQ":2.711336063611,"PE_TTM_SQ":-1.092264196067,"PB_TTM_SQ":0.388163922087,"ROA_SQ":0.860426822583,"START_DATE":"2021-01-01 00:00:00","FISCAL_YEAR":"12-31","CURRENCY":"HKD","IS_CNY_CODE":0,"DPS_HKD_LY":null,"ORG_TYPE":"一般企业","PREMIUM_INCOME":null,"PREMIUM_INCOME_YOY":null,"NET_INTEREST_INCOME":null,"NET_INTEREST_INCOME_YOY":null,"FEE_COMMISSION_INCOME":null,"FEE_COMMISSION_INCOME_YOY":null,"ACCOUNTS_RECE_TDAYS":0.39304138895,"INVENTORY_TDAYS":0.047266242156,"CURRENT_ASSETS_TDAYS":0.039970716116,"TOTAL_ASSETS_TDAYS":0.02921325162,"PREMIUM_EXPENSE":null,"LOAN_DEPOSIT":null,"LOAN_EQUITY":null,"LOAN_ASSETS":null,"DEPOSIT_EQUITY":null,"DEPOSIT_ASSETS":null,"EQUITY_MULTIPLIER":2.84434953658,"EQUITY_RATIO":2.127898022989},{"SECUCODE":"01201.HK","SECURITY_CODE":"01201","SECURITY_NAME_ABBR":"天臣控股","ORG_CODE":"10010549","STD_REPORT_DATE":"2020-12-31 00:00:00","REPORT_DATE":"2020-12-31 00:00:00","DATE_TYPE_CODE":"001","REPORT_TYPE":"2020年年报","PER_NETCASH_OPERATE":0.015019567121,"PER_OI":0.536637906529,"BPS":4.022589465688,"BASIC_EPS":-0.017758604,"DILUTED_EPS":-0.017758604,"OPERATE_INCOME":642079581.24,"OPERATE_INCOME_YOY":-16.3813947779,"GROSS_PROFIT":253489343.4,"GROSS_PROFIT_YOY":173.50211250929,"HOLDER_PROFIT":-21207644.72,"HOLDER_PROFIT_YOY":75.8480221602,"GROSS_PROFIT_RATIO":39.479427598438,"EPS_TTM":-0.017724946249,"OPERATE_INCOME_QOQ":53.080108512023,"NET_PROFIT_RATIO":5.1753133803,"ROE_AVG":-2.486581754344,"GROSS_PROFIT_QOQ":67.48707595538,"ROA":-0.81688267418,"HOLDER_PROFIT_QOQ":57.597892221971,"ROE_YEARLY":-2.486581754344,"ROIC_YEARLY":-0.868917375778,"TOTAL_ASSETS":2519697623.8,"TOTAL_LIABILITIES":1475735784.2,"TAX_EBT":65.052135889674,"OCF_SALES":2.798827093254,"TOTAL_PARENT_EQUITY":883703483.92,"DEBT_ASSET_RATIO":58.5679714209,"OPERATE_PROFIT":105983517,"PRETAX_PROFIT":95083437.36,"NETCASH_OPERATE":17970697.28,"NETCASH_INVEST":-15072089.12,"NETCASH_FINANCE":-33075610.36,"END_CASH":12716338.76,"DIVI_RATIO":null,"DIVIDEND_RATE":null,"CURRENT_RATIO":1.320701130421,"COMMON_ACS":5000000000,"CURRENTDEBT_DEBT":94.481252192163,"ISSUED_COMMON_SHARES":219685228,"HK_COMMON_SHARES":219685228,"PER_SHARES":3000,"TOTAL_MARKET_CAP":342708955.68,"HKSK_MARKET_CAP":342708955.68,"PE_TTM":-2.35002575347,"PB_TTM":0.870343215792,"REPORT_DATE_SQ":"2019-12-31 00:00:00","REPORT_TYPE_SQ":"2019年年报","OPERATE_INCOME_SQ":817261299.88,"DPS_HKD":null,"OPERATE_INCOME_QOQ_SQ":-24.113797246284,"NET_PROFIT_RATIO_SQ":-13.7844633505,"HOLDER_PROFIT_SQ":-93457623.18,"HOLDER_PROFIT_QOQ_SQ":30.979147184886,"ROE_AVG_SQ":-10.309091933136,"PE_TTM_SQ":-1.092264196067,"PB_TTM_SQ":0.388163922087,"ROA_SQ":-2.914885624734,"START_DATE":"2020-01-01 00:00:00","FISCAL_YEAR":"12-31","CURRENCY":"HKD","IS_CNY_CODE":0,"DPS_HKD_LY":null,"ORG_TYPE":"一般企业","PREMIUM_INCOME":null,"PREMIUM_INCOME_YOY":null,"NET_INTEREST_INCOME":null,"NET_INTEREST_INCOME_YOY":null,"FEE_COMMISSION_INCOME":null,"FEE_COMMISSION_INCOME_YOY":null,"ACCOUNTS_RECE_TDAYS":3.441282342752,"INVENTORY_TDAYS":0.287430182205,"CURRENT_ASSETS_TDAYS":0.337308512487,"TOTAL_ASSETS_TDAYS":0.247318215806,"PREMIUM_EXPENSE":null,"LOAN_DEPOSIT":null,"LOAN_EQUITY":null,"LOAN_ASSETS":null,"DEPOSIT_EQUITY":null,"DEPOSIT_ASSETS":null,"EQUITY_MULTIPLIER":2.413591692936,"EQUITY_RATIO":1.669944513123},{"SECUCODE":"01201.HK","SECURITY_CODE":"01201","SECURITY_NAME_ABBR":"天臣控股","ORG_CODE":"10010549","STD_REPORT_DATE":"2020-06-30 00:00:00","REPORT_DATE":"2020-06-30 00:00:00","DATE_TYPE_CODE":"002","REPORT_TYPE":"2020年中报","PER_NETCASH_OPERATE":0.047851391588,"PER_OI":0.322598952315,"BPS":4.134015962876,"BASIC_EPS":0.020369712,"DILUTED_EPS":0.020369712,"OPERATE_INCOME":385985033.28,"OPERATE_INCOME_YOY":-52.5761672127,"GROSS_PROFIT":156956395.2,"GROSS_PROFIT_YOY":59.686118542379,"HOLDER_PROFIT":24407116.8,"HOLDER_PROFIT_YOY":223.4807523453,"GROSS_PROFIT_RATIO":40.663855244911,"EPS_TTM":-0.041802040459,"OPERATE_INCOME_QOQ":-48.677339249811,"NET_PROFIT_RATIO":11.5867020698,"ROE_AVG":2.711336063611,"GROSS_PROFIT_QOQ":63.297443070863,"ROA":0.860426822583,"HOLDER_PROFIT_QOQ":46.483184636881,"ROE_YEARLY":5.422672127222,"ROIC_YEARLY":1.825932651308,"TOTAL_ASSETS":2772618324.96,"TOTAL_LIABILITIES":1741369227.84,"TAX_EBT":48.893551282854,"OCF_SALES":14.833089582121,"TOTAL_PARENT_EQUITY":908182239.36,"DEBT_ASSET_RATIO":62.8059481597,"OPERATE_PROFIT":94098935.04,"PRETAX_PROFIT":87509378.88,"NETCASH_OPERATE":57253505.76,"NETCASH_INVEST":-38454910.56,"NETCASH_FINANCE":3948801.12,"END_CASH":53682868.8,"DIVI_RATIO":null,"DIVIDEND_RATE":null,"CURRENT_RATIO":1.299577468632,"COMMON_ACS":5000000000,"CURRENTDEBT_DEBT":90.340518656767,"ISSUED_COMMON_SHARES":219685228,"HK_COMMON_SHARES":219685228,"PER_SHARES":3000,"TOTAL_MARKET_CAP":342708955.68,"HKSK_MARKET_CAP":342708955.68,"PE_TTM":-2.35002575347,"PB_TTM":0.870343215792,"REPORT_DATE_SQ":"2019-06-30 00:00:00","REPORT_TYPE_SQ":"2019年中报","OPERATE_INCOME_SQ":783806088.78,"DPS_HKD":null,"OPERATE_INCOME_QOQ_SQ":239.341382731098,"NET_PROFIT_RATIO_SQ":0.4465603406,"HOLDER_PROFIT_SQ":-19034962.74,"HOLDER_PROFIT_QOQ_SQ":-361.204692124852,"ROE_AVG_SQ":-2.036056041175,"PE_TTM_SQ":-1.092264196067,"PB_TTM_SQ":0.388163922087,"ROA_SQ":-0.612062372151,"START_DATE":"2020-01-01 00:00:00","FISCAL_YEAR":"12-31","CURRENCY":"HKD","IS_CNY_CODE":0,"DPS_HKD_LY":null,"ORG_TYPE":"一般企业","PREMIUM_INCOME":null,"PREMIUM_INCOME_YOY":null,"NET_INTEREST_INCOME":null,"NET_INTEREST_INCOME_YOY":null,"FEE_COMMISSION_INCOME":null,"FEE_COMMISSION_INCOME_YOY":null,"ACCOUNTS_RECE_TDAYS":1.847435174377,"INVENTORY_TDAYS":0.161637650384,"CURRENT_ASSETS_TDAYS":0.184780678931,"TOTAL_ASSETS_TDAYS":0.136071736154,"PREMIUM_EXPENSE":null,"LOAN_DEPOSIT":null,"LOAN_EQUITY":null,"LOAN_ASSETS":null,"DEPOSIT_EQUITY":null,"DEPOSIT_ASSETS":null,"EQUITY_MULTIPLIER":2.688601941767,"EQUITY_RATIO":1.917422684975}],"count":48},"success":true,"message":"ok","code":0}