{"version":"1b38acdf2c955556963047880654b815","result":{"pages":6,"data":[{"SECUCODE":"01202.HK","SECURITY_CODE":"01202","SECURITY_NAME_ABBR":"四威科技","ORG_CODE":"10050795","STD_REPORT_DATE":"2024-06-30 00:00:00","REPORT_DATE":"2024-06-30 00:00:00","DATE_TYPE_CODE":"002","REPORT_TYPE":"2024年中报","PER_NETCASH_OPERATE":0.257518730825,"PER_OI":0.359863321625,"BPS":1.94885439915,"BASIC_EPS":0.0057,"DILUTED_EPS":0.0057,"OPERATE_INCOME":143945328.65,"OPERATE_INCOME_YOY":-7.8284271692,"GROSS_PROFIT":28360895.73,"GROSS_PROFIT_YOY":-26.360987103478,"HOLDER_PROFIT":2264382.85,"HOLDER_PROFIT_YOY":192.3085931929,"GROSS_PROFIT_RATIO":19.702546790496,"EPS_TTM":0.0187228824,"OPERATE_INCOME_QOQ":-3.028863163083,"NET_PROFIT_RATIO":0.333436753,"ROE_AVG":0.291016415837,"GROSS_PROFIT_QOQ":-12.078204125728,"ROA":0.226548536856,"HOLDER_PROFIT_QOQ":170.199474467164,"ROE_YEARLY":0.582032831673,"ROIC_YEARLY":0.926621279444,"TOTAL_ASSETS":1003258677.86,"TOTAL_LIABILITIES":136976152.11,"TAX_EBT":null,"OCF_SALES":71.560149465121,"TOTAL_PARENT_EQUITY":779541759.66,"DEBT_ASSET_RATIO":13.6531240778,"OPERATE_PROFIT":-3067108.43,"PRETAX_PROFIT":479966.63,"NETCASH_OPERATE":103007492.33,"NETCASH_INVEST":-3493304.26,"NETCASH_FINANCE":-270513.96,"END_CASH":472771617.31,"DIVI_RATIO":null,"DIVIDEND_RATE":null,"CURRENT_RATIO":9.539610416066,"COMMON_ACS":null,"CURRENTDEBT_DEBT":58.486208829742,"ISSUED_COMMON_SHARES":400000000,"HK_COMMON_SHARES":160000000,"PER_SHARES":2000,"TOTAL_MARKET_CAP":272000000,"HKSK_MARKET_CAP":108800000,"PE_TTM":33.169884338509,"PB_TTM":0.318454985796,"REPORT_DATE_SQ":"2023-06-30 00:00:00","REPORT_TYPE_SQ":"2023年中报","OPERATE_INCOME_SQ":156171066.88,"DPS_HKD":null,"OPERATE_INCOME_QOQ_SQ":7.651824867289,"NET_PROFIT_RATIO_SQ":0.4092793453,"HOLDER_PROFIT_SQ":-2453057.48,"HOLDER_PROFIT_QOQ_SQ":-185.566192625523,"ROE_AVG_SQ":-0.324532670432,"PE_TTM_SQ":-37.700749536703,"PB_TTM_SQ":0.326882504934,"ROA_SQ":-0.242147492411,"START_DATE":"2024-01-01 00:00:00","FISCAL_YEAR":"12-31","CURRENCY":"HKD","IS_CNY_CODE":0,"DPS_HKD_LY":null,"ORG_TYPE":"一般企业","PREMIUM_INCOME":null,"PREMIUM_INCOME_YOY":null,"NET_INTEREST_INCOME":null,"NET_INTEREST_INCOME_YOY":null,"FEE_COMMISSION_INCOME":null,"FEE_COMMISSION_INCOME_YOY":null,"ACCOUNTS_RECE_TDAYS":0.63020718764,"INVENTORY_TDAYS":1.216551587678,"CURRENT_ASSETS_TDAYS":0.19006649334,"TOTAL_ASSETS_TDAYS":0.14401541503,"PREMIUM_EXPENSE":null,"LOAN_DEPOSIT":null,"LOAN_EQUITY":null,"LOAN_ASSETS":null,"DEPOSIT_EQUITY":null,"DEPOSIT_ASSETS":null,"EQUITY_MULTIPLIER":1.158119491087,"EQUITY_RATIO":0.175713681035},{"SECUCODE":"01202.HK","SECURITY_CODE":"01202","SECURITY_NAME_ABBR":"四威科技","ORG_CODE":"10050795","STD_REPORT_DATE":"2023-12-31 00:00:00","REPORT_DATE":"2023-12-31 00:00:00","DATE_TYPE_CODE":"001","REPORT_TYPE":"2023年年报","PER_NETCASH_OPERATE":-0.300534588575,"PER_OI":1.00910288545,"BPS":1.941618314375,"BASIC_EPS":0.01,"DILUTED_EPS":0.01,"OPERATE_INCOME":403641154.18,"OPERATE_INCOME_YOY":32.7707522551,"GROSS_PROFIT":84056497.26,"GROSS_PROFIT_YOY":18.482363634848,"HOLDER_PROFIT":2771712.63,"HOLDER_PROFIT_YOY":224.6127300641,"GROSS_PROFIT_RATIO":20.824560724181,"EPS_TTM":0.006929281575,"OPERATE_INCOME_QOQ":23.333489626195,"NET_PROFIT_RATIO":0.8586199336,"ROE_AVG":0.361725625409,"GROSS_PROFIT_QOQ":5.837266142344,"ROA":0.275276888401,"HOLDER_PROFIT_QOQ":143.637073744074,"ROE_YEARLY":0.361725625409,"ROIC_YEARLY":0.566449285216,"TOTAL_ASSETS":995768004.39,"TOTAL_LIABILITIES":130693326.04,"TAX_EBT":null,"OCF_SALES":-29.782353505112,"TOTAL_PARENT_EQUITY":776647325.75,"DEBT_ASSET_RATIO":13.124877026,"OPERATE_PROFIT":-6525843.45,"PRETAX_PROFIT":3465743.41,"NETCASH_OPERATE":-120213835.43,"NETCASH_INVEST":15030938.3,"NETCASH_FINANCE":-531401.47,"END_CASH":373527943.2,"DIVI_RATIO":null,"DIVIDEND_RATE":null,"CURRENT_RATIO":11.063919162409,"COMMON_ACS":null,"CURRENTDEBT_DEBT":51.898706372535,"ISSUED_COMMON_SHARES":400000000,"HK_COMMON_SHARES":160000000,"PER_SHARES":2000,"TOTAL_MARKET_CAP":288000000,"HKSK_MARKET_CAP":115200000,"PE_TTM":35.12105400548,"PB_TTM":0.337187632019,"REPORT_DATE_SQ":"2022-12-31 00:00:00","REPORT_TYPE_SQ":"2022年年报","OPERATE_INCOME_SQ":304013607.91,"DPS_HKD":null,"OPERATE_INCOME_QOQ_SQ":-0.954486990723,"NET_PROFIT_RATIO_SQ":0.5219755987,"HOLDER_PROFIT_SQ":-2224261.22,"HOLDER_PROFIT_QOQ_SQ":94.099776792094,"ROE_AVG_SQ":-0.294461699958,"PE_TTM_SQ":-39.95154055382,"PB_TTM_SQ":0.346397878363,"ROA_SQ":-0.219946280934,"START_DATE":"2023-01-01 00:00:00","FISCAL_YEAR":"12-31","CURRENCY":"HKD","IS_CNY_CODE":0,"DPS_HKD_LY":null,"ORG_TYPE":"一般企业","PREMIUM_INCOME":null,"PREMIUM_INCOME_YOY":null,"NET_INTEREST_INCOME":null,"NET_INTEREST_INCOME_YOY":null,"FEE_COMMISSION_INCOME":null,"FEE_COMMISSION_INCOME_YOY":null,"ACCOUNTS_RECE_TDAYS":1.939058246059,"INVENTORY_TDAYS":3.287743218045,"CURRENT_ASSETS_TDAYS":0.537339734952,"TOTAL_ASSETS_TDAYS":0.400882399389,"PREMIUM_EXPENSE":null,"LOAN_DEPOSIT":null,"LOAN_EQUITY":null,"LOAN_ASSETS":null,"DEPOSIT_EQUITY":null,"DEPOSIT_ASSETS":null,"EQUITY_MULTIPLIER":1.151077507308,"EQUITY_RATIO":0.16827885928},{"SECUCODE":"01202.HK","SECURITY_CODE":"01202","SECURITY_NAME_ABBR":"四威科技","ORG_CODE":"10050795","STD_REPORT_DATE":"2023-06-30 00:00:00","REPORT_DATE":"2023-06-30 00:00:00","DATE_TYPE_CODE":"002","REPORT_TYPE":"2023年中报","PER_NETCASH_OPERATE":-0.1250746308,"PER_OI":0.3904276672,"BPS":1.889751181775,"BASIC_EPS":-0.01,"DILUTED_EPS":-0.01,"OPERATE_INCOME":156171066.88,"OPERATE_INCOME_YOY":17.5027125393,"GROSS_PROFIT":38513411.05,"GROSS_PROFIT_YOY":28.218994078558,"HOLDER_PROFIT":-2453057.48,"HOLDER_PROFIT_YOY":-246.5019761059,"GROSS_PROFIT_RATIO":24.661041138685,"EPS_TTM":-0.0158793452,"OPERATE_INCOME_QOQ":7.651824867289,"NET_PROFIT_RATIO":0.4092793453,"ROE_AVG":-0.324532670432,"GROSS_PROFIT_QOQ":11.94767963441,"ROA":-0.242147492411,"HOLDER_PROFIT_QOQ":-185.566192625523,"ROE_YEARLY":-0.649065340864,"ROIC_YEARLY":-1.053569788087,"TOTAL_ASSETS":1008089980.03,"TOTAL_LIABILITIES":161363952.1,"TAX_EBT":null,"OCF_SALES":-32.035288814696,"TOTAL_PARENT_EQUITY":755900472.71,"DEBT_ASSET_RATIO":16.006899711,"OPERATE_PROFIT":-5146606.44,"PRETAX_PROFIT":639175.92,"NETCASH_OPERATE":-50029852.32,"NETCASH_INVEST":1853864.32,"NETCASH_FINANCE":-260720.84,"END_CASH":430746981.3,"DIVI_RATIO":null,"DIVIDEND_RATE":null,"CURRENT_RATIO":7.969768515094,"COMMON_ACS":null,"CURRENTDEBT_DEBT":58.362872112625,"ISSUED_COMMON_SHARES":400000000,"HK_COMMON_SHARES":160000000,"PER_SHARES":2000,"TOTAL_MARKET_CAP":288000000,"HKSK_MARKET_CAP":115200000,"PE_TTM":35.12105400548,"PB_TTM":0.337187632019,"REPORT_DATE_SQ":"2022-06-30 00:00:00","REPORT_TYPE_SQ":"2022年中报","OPERATE_INCOME_SQ":132908478.03,"DPS_HKD":null,"OPERATE_INCOME_QOQ_SQ":2.169920436029,"NET_PROFIT_RATIO_SQ":3.1934378475,"HOLDER_PROFIT_SQ":1674419.38,"HOLDER_PROFIT_QOQ_SQ":27.876125434853,"ROE_AVG_SQ":0.220637518469,"PE_TTM_SQ":-39.95154055382,"PB_TTM_SQ":0.346397878363,"ROA_SQ":0.164799981872,"START_DATE":"2023-01-01 00:00:00","FISCAL_YEAR":"12-31","CURRENCY":"HKD","IS_CNY_CODE":0,"DPS_HKD_LY":null,"ORG_TYPE":"一般企业","PREMIUM_INCOME":null,"PREMIUM_INCOME_YOY":null,"NET_INTEREST_INCOME":null,"NET_INTEREST_INCOME_YOY":null,"FEE_COMMISSION_INCOME":null,"FEE_COMMISSION_INCOME_YOY":null,"ACCOUNTS_RECE_TDAYS":0.968434440759,"INVENTORY_TDAYS":1.069081382978,"CURRENT_ASSETS_TDAYS":0.20788308522,"TOTAL_ASSETS_TDAYS":0.154160399992,"PREMIUM_EXPENSE":null,"LOAN_DEPOSIT":null,"LOAN_EQUITY":null,"LOAN_ASSETS":null,"DEPOSIT_EQUITY":null,"DEPOSIT_ASSETS":null,"EQUITY_MULTIPLIER":1.190573983529,"EQUITY_RATIO":0.213472484706},{"SECUCODE":"01202.HK","SECURITY_CODE":"01202","SECURITY_NAME_ABBR":"四威科技","ORG_CODE":"10050795","STD_REPORT_DATE":"2022-12-31 00:00:00","REPORT_DATE":"2022-12-31 00:00:00","DATE_TYPE_CODE":"001","REPORT_TYPE":"2022年年报","PER_NETCASH_OPERATE":-0.056646060475,"PER_OI":0.760034019775,"BPS":1.889617897975,"BASIC_EPS":-0.01,"DILUTED_EPS":-0.01,"OPERATE_INCOME":304013607.91,"OPERATE_INCOME_YOY":1.194721837,"GROSS_PROFIT":70944311.61,"GROSS_PROFIT_YOY":117.79515505367,"HOLDER_PROFIT":-2224261.22,"HOLDER_PROFIT_YOY":95.7445304145,"GROSS_PROFIT_RATIO":23.335900026884,"EPS_TTM":-0.00556065305,"OPERATE_INCOME_QOQ":-0.954486990723,"NET_PROFIT_RATIO":0.5219755987,"ROE_AVG":-0.294461699958,"GROSS_PROFIT_QOQ":34.674725771574,"ROA":-0.219946280934,"HOLDER_PROFIT_QOQ":94.099776792094,"ROE_YEARLY":-0.294461699958,"ROIC_YEARLY":-0.501434682979,"TOTAL_ASSETS":1017995407.5,"TOTAL_LIABILITIES":174414926.49,"TAX_EBT":-6.82030503421,"OCF_SALES":-7.453095387989,"TOTAL_PARENT_EQUITY":755847159.19,"DEBT_ASSET_RATIO":17.1331741975,"OPERATE_PROFIT":-20115522.97,"PRETAX_PROFIT":1485557.31,"NETCASH_OPERATE":-22658424.19,"NETCASH_INVEST":29846951.76,"NETCASH_FINANCE":-502973.18,"END_CASH":479183690.14,"DIVI_RATIO":null,"DIVIDEND_RATE":null,"CURRENT_RATIO":8.959508711716,"COMMON_ACS":null,"CURRENTDEBT_DEBT":48.117799926265,"ISSUED_COMMON_SHARES":400000000,"HK_COMMON_SHARES":160000000,"PER_SHARES":2000,"TOTAL_MARKET_CAP":288000000,"HKSK_MARKET_CAP":115200000,"PE_TTM":35.12105400548,"PB_TTM":0.337187632019,"REPORT_DATE_SQ":"2021-12-31 00:00:00","REPORT_TYPE_SQ":"2021年年报","OPERATE_INCOME_SQ":300424372.33,"DPS_HKD":null,"OPERATE_INCOME_QOQ_SQ":-26.352954651817,"NET_PROFIT_RATIO_SQ":-19.1829115671,"HOLDER_PROFIT_SQ":-52268290.85,"HOLDER_PROFIT_QOQ_SQ":-29.672857400863,"ROE_AVG_SQ":-6.700393812398,"PE_TTM_SQ":-39.95154055382,"PB_TTM_SQ":0.346397878363,"ROA_SQ":-5.063422132247,"START_DATE":"2022-01-01 00:00:00","FISCAL_YEAR":"12-31","CURRENCY":"HKD","IS_CNY_CODE":0,"DPS_HKD_LY":null,"ORG_TYPE":"一般企业","PREMIUM_INCOME":null,"PREMIUM_INCOME_YOY":null,"NET_INTEREST_INCOME":null,"NET_INTEREST_INCOME_YOY":null,"FEE_COMMISSION_INCOME":null,"FEE_COMMISSION_INCOME_YOY":null,"ACCOUNTS_RECE_TDAYS":2.025861509455,"INVENTORY_TDAYS":3.277264330439,"CURRENT_ASSETS_TDAYS":0.414798080095,"TOTAL_ASSETS_TDAYS":0.300624143476,"PREMIUM_EXPENSE":null,"LOAN_DEPOSIT":null,"LOAN_EQUITY":null,"LOAN_ASSETS":null,"DEPOSIT_EQUITY":null,"DEPOSIT_ASSETS":null,"EQUITY_MULTIPLIER":1.206755526492,"EQUITY_RATIO":0.230754226393},{"SECUCODE":"01202.HK","SECURITY_CODE":"01202","SECURITY_NAME_ABBR":"四威科技","ORG_CODE":"10050795","STD_REPORT_DATE":"2022-06-30 00:00:00","REPORT_DATE":"2022-06-30 00:00:00","DATE_TYPE_CODE":"002","REPORT_TYPE":"2022年中报","PER_NETCASH_OPERATE":0.0734869838,"PER_OI":0.332271195075,"BPS":1.907294716975,"BASIC_EPS":0.0042,"DILUTED_EPS":0.0042,"OPERATE_INCOME":132908478.03,"OPERATE_INCOME_YOY":5.1578409821,"GROSS_PROFIT":30037211.98,"GROSS_PROFIT_YOY":202.403807076886,"HOLDER_PROFIT":1674419.38,"HOLDER_PROFIT_YOY":112.9840666146,"GROSS_PROFIT_RATIO":22.599921709449,"EPS_TTM":-0.094244791325,"OPERATE_INCOME_QOQ":2.169920436029,"NET_PROFIT_RATIO":3.1934378475,"ROE_AVG":0.220637518469,"GROSS_PROFIT_QOQ":61.719397463693,"ROA":0.164799981872,"HOLDER_PROFIT_QOQ":27.876125434853,"ROE_YEARLY":0.441275036938,"ROIC_YEARLY":0.792711563843,"TOTAL_ASSETS":1027508469.62,"TOTAL_LIABILITIES":178098468.82,"TAX_EBT":null,"OCF_SALES":22.116567698086,"TOTAL_PARENT_EQUITY":762917886.79,"DEBT_ASSET_RATIO":17.3330414382,"OPERATE_PROFIT":-808423.68,"PRETAX_PROFIT":4244349.64,"NETCASH_OPERATE":29394793.52,"NETCASH_INVEST":30739495.25,"NETCASH_FINANCE":-247958.21,"END_CASH":464940865.87,"DIVI_RATIO":null,"DIVIDEND_RATE":null,"CURRENT_RATIO":8.521903310709,"COMMON_ACS":null,"CURRENTDEBT_DEBT":49.084669109846,"ISSUED_COMMON_SHARES":400000000,"HK_COMMON_SHARES":160000000,"PER_SHARES":2000,"TOTAL_MARKET_CAP":288000000,"HKSK_MARKET_CAP":115200000,"PE_TTM":35.12105400548,"PB_TTM":0.337187632019,"REPORT_DATE_SQ":"2021-06-30 00:00:00","REPORT_TYPE_SQ":"2021年中报","OPERATE_INCOME_SQ":126389508.18,"DPS_HKD":null,"OPERATE_INCOME_QOQ_SQ":-2.243409055637,"NET_PROFIT_RATIO_SQ":-8.8750803767,"HOLDER_PROFIT_SQ":-12895954.94,"HOLDER_PROFIT_QOQ_SQ":6.676966511123,"ROE_AVG_SQ":-1.605941750789,"PE_TTM_SQ":-39.95154055382,"PB_TTM_SQ":0.346397878363,"ROA_SQ":-1.215645458609,"START_DATE":"2022-01-01 00:00:00","FISCAL_YEAR":"12-31","CURRENCY":"HKD","IS_CNY_CODE":0,"DPS_HKD_LY":null,"ORG_TYPE":"一般企业","PREMIUM_INCOME":null,"PREMIUM_INCOME_YOY":null,"NET_INTEREST_INCOME":null,"NET_INTEREST_INCOME_YOY":null,"FEE_COMMISSION_INCOME":null,"FEE_COMMISSION_INCOME_YOY":null,"ACCOUNTS_RECE_TDAYS":0.946585048877,"INVENTORY_TDAYS":1.951403075755,"CURRENT_ASSETS_TDAYS":0.182204651626,"TOTAL_ASSETS_TDAYS":0.130811402636,"PREMIUM_EXPENSE":null,"LOAN_DEPOSIT":null,"LOAN_EQUITY":null,"LOAN_ASSETS":null,"DEPOSIT_EQUITY":null,"DEPOSIT_ASSETS":null,"EQUITY_MULTIPLIER":1.209673148012,"EQUITY_RATIO":0.233443823908},{"SECUCODE":"01202.HK","SECURITY_CODE":"01202","SECURITY_NAME_ABBR":"四威科技","ORG_CODE":"10050795","STD_REPORT_DATE":"2021-12-31 00:00:00","REPORT_DATE":"2021-12-31 00:00:00","DATE_TYPE_CODE":"001","REPORT_TYPE":"2021年年报","PER_NETCASH_OPERATE":0.121198876225,"PER_OI":0.751060930825,"BPS":1.887208121025,"BASIC_EPS":-0.13,"DILUTED_EPS":-0.13,"OPERATE_INCOME":300424372.33,"OPERATE_INCOME_YOY":25.4990618129,"GROSS_PROFIT":32573870.43,"GROSS_PROFIT_YOY":94.202335799556,"HOLDER_PROFIT":-52268290.85,"HOLDER_PROFIT_YOY":-22.0652522625,"GROSS_PROFIT_RATIO":10.842619118205,"EPS_TTM":-0.130670727125,"OPERATE_INCOME_QOQ":-26.352954651817,"NET_PROFIT_RATIO":-19.1829115671,"ROE_AVG":-6.700393812398,"GROSS_PROFIT_QOQ":88.441005480568,"ROA":-5.063422132247,"HOLDER_PROFIT_QOQ":-29.672857400863,"ROE_YEARLY":-6.700393812398,"ROIC_YEARLY":-10.578796590716,"TOTAL_ASSETS":1004554108.28,"TOTAL_LIABILITIES":165748676.12,"TAX_EBT":2.30274829656,"OCF_SALES":16.137023142965,"TOTAL_PARENT_EQUITY":754883248.41,"DEBT_ASSET_RATIO":16.4997260729,"OPERATE_PROFIT":-68764783.04,"PRETAX_PROFIT":-58988498.31,"NETCASH_OPERATE":48479550.49,"NETCASH_INVEST":15990738.12,"NETCASH_FINANCE":-546837.86,"END_CASH":472172323.72,"DIVI_RATIO":null,"DIVIDEND_RATE":null,"CURRENT_RATIO":10.187082985206,"COMMON_ACS":null,"CURRENTDEBT_DEBT":42.281167536604,"ISSUED_COMMON_SHARES":400000000,"HK_COMMON_SHARES":160000000,"PER_SHARES":2000,"TOTAL_MARKET_CAP":288000000,"HKSK_MARKET_CAP":115200000,"PE_TTM":35.12105400548,"PB_TTM":0.337187632019,"REPORT_DATE_SQ":"2020-12-31 00:00:00","REPORT_TYPE_SQ":"2020年年报","OPERATE_INCOME_SQ":239383759.52,"DPS_HKD":null,"OPERATE_INCOME_QOQ_SQ":1.483365470274,"NET_PROFIT_RATIO_SQ":-13.6741140749,"HOLDER_PROFIT_SQ":-42819958.9,"HOLDER_PROFIT_QOQ_SQ":12.227593267527,"ROE_AVG_SQ":-5.16631084593,"PE_TTM_SQ":-39.95154055382,"PB_TTM_SQ":0.346397878363,"ROA_SQ":-3.941043696814,"START_DATE":"2021-01-01 00:00:00","FISCAL_YEAR":"12-31","CURRENCY":"HKD","IS_CNY_CODE":0,"DPS_HKD_LY":null,"ORG_TYPE":"一般企业","PREMIUM_INCOME":null,"PREMIUM_INCOME_YOY":null,"NET_INTEREST_INCOME":null,"NET_INTEREST_INCOME_YOY":null,"FEE_COMMISSION_INCOME":null,"FEE_COMMISSION_INCOME_YOY":null,"ACCOUNTS_RECE_TDAYS":2.109940142242,"INVENTORY_TDAYS":4.91359983515,"CURRENT_ASSETS_TDAYS":0.415696769997,"TOTAL_ASSETS_TDAYS":0.291032170975,"PREMIUM_EXPENSE":null,"LOAN_DEPOSIT":null,"LOAN_EQUITY":null,"LOAN_ASSETS":null,"DEPOSIT_EQUITY":null,"DEPOSIT_ASSETS":null,"EQUITY_MULTIPLIER":1.197600861613,"EQUITY_RATIO":0.219568623981},{"SECUCODE":"01202.HK","SECURITY_CODE":"01202","SECURITY_NAME_ABBR":"四威科技","ORG_CODE":"10050795","STD_REPORT_DATE":"2021-06-30 00:00:00","REPORT_DATE":"2021-06-30 00:00:00","DATE_TYPE_CODE":"002","REPORT_TYPE":"2021年中报","PER_NETCASH_OPERATE":-0.048499837125,"PER_OI":0.31597377045,"BPS":2.001894215125,"BASIC_EPS":-0.03,"DILUTED_EPS":-0.03,"OPERATE_INCOME":126389508.18,"OPERATE_INCOME_YOY":-4.4685289604,"GROSS_PROFIT":9932815.42,"GROSS_PROFIT_YOY":5.443916319571,"HOLDER_PROFIT":-12895954.94,"HOLDER_PROFIT_YOY":18.275811806,"GROSS_PROFIT_RATIO":4.963045100783,"EPS_TTM":-0.1007695286,"OPERATE_INCOME_QOQ":-2.243409055637,"NET_PROFIT_RATIO":-8.8750803767,"ROE_AVG":-1.605941750789,"GROSS_PROFIT_QOQ":3.057365515693,"ROA":-1.215645458609,"HOLDER_PROFIT_QOQ":6.676966511123,"ROE_YEARLY":-3.211883501578,"ROIC_YEARLY":-4.682388473612,"TOTAL_ASSETS":1061673852.2,"TOTAL_LIABILITIES":176498363.65,"TAX_EBT":null,"OCF_SALES":-9.693399861123,"TOTAL_PARENT_EQUITY":800757686.05,"DEBT_ASSET_RATIO":16.6245371198,"OPERATE_PROFIT":-21573866.3,"PRETAX_PROFIT":-17762187.01,"NETCASH_OPERATE":-19399934.85,"NETCASH_INVEST":16211437.46,"NETCASH_FINANCE":-276392.17,"END_CASH":404877329.33,"DIVI_RATIO":null,"DIVIDEND_RATE":null,"CURRENT_RATIO":6.363374495279,"COMMON_ACS":null,"CURRENTDEBT_DEBT":66.704661026471,"ISSUED_COMMON_SHARES":400000000,"HK_COMMON_SHARES":160000000,"PER_SHARES":2000,"TOTAL_MARKET_CAP":288000000,"HKSK_MARKET_CAP":115200000,"PE_TTM":35.12105400548,"PB_TTM":0.337187632019,"REPORT_DATE_SQ":"2020-06-30 00:00:00","REPORT_TYPE_SQ":"2020年中报","OPERATE_INCOME_SQ":209496937.2,"DPS_HKD":null,"OPERATE_INCOME_QOQ_SQ":-8.47403560772,"NET_PROFIT_RATIO_SQ":-9.8498852278,"HOLDER_PROFIT_SQ":-15779850.77,"HOLDER_PROFIT_QOQ_SQ":1.848335938008,"ROE_AVG_SQ":-1.857393410797,"PE_TTM_SQ":-39.95154055382,"PB_TTM_SQ":0.346397878363,"ROA_SQ":-1.416632509302,"START_DATE":"2021-01-01 00:00:00","FISCAL_YEAR":"12-31","CURRENCY":"HKD","IS_CNY_CODE":0,"DPS_HKD_LY":null,"ORG_TYPE":"一般企业","PREMIUM_INCOME":null,"PREMIUM_INCOME_YOY":null,"NET_INTEREST_INCOME":null,"NET_INTEREST_INCOME_YOY":null,"FEE_COMMISSION_INCOME":null,"FEE_COMMISSION_INCOME_YOY":null,"ACCOUNTS_RECE_TDAYS":0.841895513975,"INVENTORY_TDAYS":2.94103882747,"CURRENT_ASSETS_TDAYS":0.270332329957,"TOTAL_ASSETS_TDAYS":0.188659017478,"PREMIUM_EXPENSE":null,"LOAN_DEPOSIT":null,"LOAN_EQUITY":null,"LOAN_ASSETS":null,"DEPOSIT_EQUITY":null,"DEPOSIT_ASSETS":null,"EQUITY_MULTIPLIER":1.199393641073,"EQUITY_RATIO":0.220414198608},{"SECUCODE":"01202.HK","SECURITY_CODE":"01202","SECURITY_NAME_ABBR":"四威科技","ORG_CODE":"10050795","STD_REPORT_DATE":"2020-12-31 00:00:00","REPORT_DATE":"2020-12-31 00:00:00","DATE_TYPE_CODE":"001","REPORT_TYPE":"2020年年报","PER_NETCASH_OPERATE":-0.0144251643,"PER_OI":0.5984593988,"BPS":2.035314762525,"BASIC_EPS":-0.11,"DILUTED_EPS":-0.11,"OPERATE_INCOME":239383759.52,"OPERATE_INCOME_YOY":-7.1163710556,"GROSS_PROFIT":16773160.99,"GROSS_PROFIT_YOY":-10.16314798471,"HOLDER_PROFIT":-42819958.9,"HOLDER_PROFIT_YOY":13.8499222048,"GROSS_PROFIT_RATIO":4.019584186494,"EPS_TTM":-0.107979268175,"OPERATE_INCOME_QOQ":1.483365470274,"NET_PROFIT_RATIO":-13.6741140749,"ROE_AVG":-5.16631084593,"GROSS_PROFIT_QOQ":0.404152255183,"ROA":-3.941043696814,"HOLDER_PROFIT_QOQ":12.227593267527,"ROE_YEARLY":-5.16631084593,"ROIC_YEARLY":-7.77111565396,"TOTAL_ASSETS":1051136600.08,"TOTAL_LIABILITIES":156580028.65,"TAX_EBT":null,"OCF_SALES":-1.382760526592,"TOTAL_PARENT_EQUITY":805272536.86,"DEBT_ASSET_RATIO":14.7718406158,"OPERATE_PROFIT":-61910910.75,"PRETAX_PROFIT":-56688411.62,"NETCASH_OPERATE":-5770065.72,"NETCASH_INVEST":20509160.61,"NETCASH_FINANCE":-4566633.34,"END_CASH":408342218.89,"DIVI_RATIO":null,"DIVIDEND_RATE":null,"CURRENT_RATIO":7.63537841813,"COMMON_ACS":null,"CURRENTDEBT_DEBT":61.184163610127,"ISSUED_COMMON_SHARES":400000000,"HK_COMMON_SHARES":160000000,"PER_SHARES":2000,"TOTAL_MARKET_CAP":288000000,"HKSK_MARKET_CAP":115200000,"PE_TTM":35.12105400548,"PB_TTM":0.337187632019,"REPORT_DATE_SQ":"2019-12-31 00:00:00","REPORT_TYPE_SQ":"2019年年报","OPERATE_INCOME_SQ":449256750.53,"DPS_HKD":null,"OPERATE_INCOME_QOQ_SQ":-18.871771732395,"NET_PROFIT_RATIO_SQ":-14.1033927693,"HOLDER_PROFIT_SQ":-50135424.57,"HOLDER_PROFIT_QOQ_SQ":-28.763710372043,"ROE_AVG_SQ":-5.677889514237,"PE_TTM_SQ":-39.95154055382,"PB_TTM_SQ":0.346397878363,"ROA_SQ":-4.196208133145,"START_DATE":"2020-01-01 00:00:00","FISCAL_YEAR":"12-31","CURRENCY":"HKD","IS_CNY_CODE":0,"DPS_HKD_LY":null,"ORG_TYPE":"一般企业","PREMIUM_INCOME":null,"PREMIUM_INCOME_YOY":null,"NET_INTEREST_INCOME":null,"NET_INTEREST_INCOME_YOY":null,"FEE_COMMISSION_INCOME":null,"FEE_COMMISSION_INCOME_YOY":null,"ACCOUNTS_RECE_TDAYS":1.73126821828,"INVENTORY_TDAYS":5.503900492146,"CURRENT_ASSETS_TDAYS":0.579687875262,"TOTAL_ASSETS_TDAYS":0.380754167473,"PREMIUM_EXPENSE":null,"LOAN_DEPOSIT":null,"LOAN_EQUITY":null,"LOAN_ASSETS":null,"DEPOSIT_EQUITY":null,"DEPOSIT_ASSETS":null,"EQUITY_MULTIPLIER":1.173321126756,"EQUITY_RATIO":0.194443522513},{"SECUCODE":"01202.HK","SECURITY_CODE":"01202","SECURITY_NAME_ABBR":"四威科技","ORG_CODE":"10050795","STD_REPORT_DATE":"2020-06-30 00:00:00","REPORT_DATE":"2020-06-30 00:00:00","DATE_TYPE_CODE":"002","REPORT_TYPE":"2020年中报","PER_NETCASH_OPERATE":-0.111677063825,"PER_OI":0.523742343,"BPS":2.1030325131,"BASIC_EPS":-0.04,"DILUTED_EPS":-0.04,"OPERATE_INCOME":209496937.2,"OPERATE_INCOME_YOY":-15.3777197474,"GROSS_PROFIT":9419998.58,"GROSS_PROFIT_YOY":-17.259889879203,"HOLDER_PROFIT":-15779850.77,"HOLDER_PROFIT_YOY":5.5467623894,"GROSS_PROFIT_RATIO":4.496485106609,"EPS_TTM":-0.12302188375,"OPERATE_INCOME_QOQ":-8.47403560772,"NET_PROFIT_RATIO":-9.8498852278,"ROE_AVG":-1.857393410797,"GROSS_PROFIT_QOQ":-10.524764168155,"ROA":-1.416632509302,"HOLDER_PROFIT_QOQ":1.848335938008,"ROE_YEARLY":-3.714786821595,"ROIC_YEARLY":-5.447966727258,"TOTAL_ASSETS":1095895497.73,"TOTAL_LIABILITIES":152385362.3,"TAX_EBT":null,"OCF_SALES":-21.32290148345,"TOTAL_PARENT_EQUITY":841213005.24,"DEBT_ASSET_RATIO":13.9050997669,"OPERATE_PROFIT":-22674840.51,"PRETAX_PROFIT":-20635207.87,"NETCASH_OPERATE":-44670825.53,"NETCASH_INVEST":-1564984.84,"NETCASH_FINANCE":-278462.46,"END_CASH":351918453.83,"DIVI_RATIO":null,"DIVIDEND_RATE":null,"CURRENT_RATIO":7.752519073308,"COMMON_ACS":null,"CURRENTDEBT_DEBT":58.546391827557,"ISSUED_COMMON_SHARES":400000000,"HK_COMMON_SHARES":160000000,"PER_SHARES":2000,"TOTAL_MARKET_CAP":288000000,"HKSK_MARKET_CAP":115200000,"PE_TTM":35.12105400548,"PB_TTM":0.337187632019,"REPORT_DATE_SQ":"2019-06-30 00:00:00","REPORT_TYPE_SQ":"2019年中报","OPERATE_INCOME_SQ":247567114.21,"DPS_HKD":null,"OPERATE_INCOME_QOQ_SQ":-9.900013041843,"NET_PROFIT_RATIO_SQ":-8.9364636457,"HOLDER_PROFIT_SQ":-16706521.84,"HOLDER_PROFIT_QOQ_SQ":-159.349918722094,"ROE_AVG_SQ":-1.856616329297,"PE_TTM_SQ":-39.95154055382,"PB_TTM_SQ":0.346397878363,"ROA_SQ":-1.37236855249,"START_DATE":"2020-01-01 00:00:00","FISCAL_YEAR":"12-31","CURRENCY":"HKD","IS_CNY_CODE":0,"DPS_HKD_LY":null,"ORG_TYPE":"一般企业","PREMIUM_INCOME":null,"PREMIUM_INCOME_YOY":null,"NET_INTEREST_INCOME":null,"NET_INTEREST_INCOME_YOY":null,"FEE_COMMISSION_INCOME":null,"FEE_COMMISSION_INCOME_YOY":null,"ACCOUNTS_RECE_TDAYS":1.424348541273,"INVENTORY_TDAYS":2.124267513122,"CURRENT_ASSETS_TDAYS":0.299312174752,"TOTAL_ASSETS_TDAYS":0.18807539828,"PREMIUM_EXPENSE":null,"LOAN_DEPOSIT":null,"LOAN_EQUITY":null,"LOAN_ASSETS":null,"DEPOSIT_EQUITY":null,"DEPOSIT_ASSETS":null,"EQUITY_MULTIPLIER":1.16150898287,"EQUITY_RATIO":0.18114955588}],"count":49},"success":true,"message":"ok","code":0}