{"version":"6415e28f3715f997f9ad2444ca5b9d9d","result":{"pages":6,"data":[{"SECUCODE":"01203.HK","SECURITY_CODE":"01203","SECURITY_NAME_ABBR":"广南(集团)","ORG_CODE":"10010550","STD_REPORT_DATE":"2024-06-30 00:00:00","REPORT_DATE":"2024-06-30 00:00:00","DATE_TYPE_CODE":"002","REPORT_TYPE":"2024年中报","PER_NETCASH_OPERATE":-0.135577626007,"PER_OI":5.447364246112,"BPS":2.566408577384,"BASIC_EPS":0.05841152,"DILUTED_EPS":0.05841152,"OPERATE_INCOME":4943991210.72,"OPERATE_INCOME_YOY":8.5689650922,"GROSS_PROFIT":219929412.28,"GROSS_PROFIT_YOY":-17.637927544919,"HOLDER_PROFIT":52686278.36,"HOLDER_PROFIT_YOY":-2.376040046,"GROSS_PROFIT_RATIO":4.448418350808,"EPS_TTM":0.063805456956,"OPERATE_INCOME_QOQ":3.652955347732,"NET_PROFIT_RATIO":1.3082692942,"ROE_AVG":2.254028069242,"GROSS_PROFIT_QOQ":-9.134058710848,"ROA":1.21634991568,"HOLDER_PROFIT_QOQ":-3.066944223035,"ROE_YEARLY":4.508056138485,"ROIC_YEARLY":3.18207801099,"TOTAL_ASSETS":4292188011.2,"TOTAL_LIABILITIES":1746088265.92,"TAX_EBT":25.220006331117,"OCF_SALES":-2.488866539512,"TOTAL_PARENT_EQUITY":2329255191.4,"DEBT_ASSET_RATIO":40.6806100144,"OPERATE_PROFIT":119134858.44,"PRETAX_PROFIT":86494683.6,"NETCASH_OPERATE":-123049342.96,"NETCASH_INVEST":877998.16,"NETCASH_FINANCE":-146930527.84,"END_CASH":671892199,"DIVI_RATIO":0.42709826557,"DIVIDEND_RATE":4.615384615385,"CURRENT_RATIO":1.932582322097,"COMMON_ACS":null,"CURRENTDEBT_DEBT":69.659785149471,"ISSUED_COMMON_SHARES":907593285,"HK_COMMON_SHARES":907593285,"PER_SHARES":2000,"TOTAL_MARKET_CAP":589935635.25,"HKSK_MARKET_CAP":589935635.25,"PE_TTM":9.143595456377,"PB_TTM":0.231156490524,"REPORT_DATE_SQ":"2023-06-30 00:00:00","REPORT_TYPE_SQ":"2023年中报","OPERATE_INCOME_SQ":4600181408.82,"DPS_HKD":0.03,"OPERATE_INCOME_QOQ_SQ":23.03069939212,"NET_PROFIT_RATIO_SQ":1.4377510668,"HOLDER_PROFIT_SQ":54518521.36,"HOLDER_PROFIT_QOQ_SQ":1.199022400446,"ROE_AVG_SQ":2.316450610991,"PE_TTM_SQ":3.82852674571,"PB_TTM_SQ":0.200770861749,"ROA_SQ":1.2191624495,"START_DATE":"2024-01-01 00:00:00","FISCAL_YEAR":"12-31","CURRENCY":"HKD","IS_CNY_CODE":0,"DPS_HKD_LY":0.03,"ORG_TYPE":"一般企业","PREMIUM_INCOME":null,"PREMIUM_INCOME_YOY":null,"NET_INTEREST_INCOME":null,"NET_INTEREST_INCOME_YOY":null,"FEE_COMMISSION_INCOME":null,"FEE_COMMISSION_INCOME_YOY":null,"ACCOUNTS_RECE_TDAYS":null,"INVENTORY_TDAYS":9.927496746637,"CURRENT_ASSETS_TDAYS":2.105653015305,"TOTAL_ASSETS_TDAYS":1.141402178987,"PREMIUM_EXPENSE":null,"LOAN_DEPOSIT":null,"LOAN_EQUITY":null,"LOAN_ASSETS":null,"DEPOSIT_EQUITY":null,"DEPOSIT_ASSETS":null,"EQUITY_MULTIPLIER":1.68578941935,"EQUITY_RATIO":0.749633733722},{"SECUCODE":"01203.HK","SECURITY_CODE":"01203","SECURITY_NAME_ABBR":"广南(集团)","ORG_CODE":"10010550","STD_REPORT_DATE":"2023-12-31 00:00:00","REPORT_DATE":"2023-12-31 00:00:00","DATE_TYPE_CODE":"001","REPORT_TYPE":"2023年年报","PER_NETCASH_OPERATE":0.259527711931,"PER_OI":10.370092171341,"BPS":2.566125295958,"BASIC_EPS":0.06615406,"DILUTED_EPS":0.06615406,"OPERATE_INCOME":9411826019.54,"OPERATE_INCOME_YOY":24.9532830142,"GROSS_PROFIT":515631930.24,"GROSS_PROFIT_YOY":3.377964733944,"HOLDER_PROFIT":59741647.28,"HOLDER_PROFIT_YOY":-51.4096393534,"GROSS_PROFIT_RATIO":5.478553568346,"EPS_TTM":0.065824249989,"OPERATE_INCOME_QOQ":3.03507045544,"NET_PROFIT_RATIO":0.893305643,"ROE_AVG":2.563187864788,"GROSS_PROFIT_QOQ":-3.894434785535,"ROA":1.363050807262,"HOLDER_PROFIT_QOQ":-51.289263136944,"ROE_YEARLY":2.563187864788,"ROIC_YEARLY":1.886292262851,"TOTAL_ASSETS":4339888486.22,"TOTAL_LIABILITIES":1806419074.32,"TAX_EBT":36.054229531247,"OCF_SALES":2.502655787846,"TOTAL_PARENT_EQUITY":2328998087.08,"DEBT_ASSET_RATIO":41.6236288111,"OPERATE_PROFIT":252130340.84,"PRETAX_PROFIT":131480741.14,"NETCASH_OPERATE":235545608.62,"NETCASH_INVEST":-242837960.96,"NETCASH_FINANCE":-140115205.3,"END_CASH":938778672.16,"DIVI_RATIO":0.413999399988,"DIVIDEND_RATE":4.838709677419,"CURRENT_RATIO":1.882801183169,"COMMON_ACS":null,"CURRENTDEBT_DEBT":68.467900365013,"ISSUED_COMMON_SHARES":907593285,"HK_COMMON_SHARES":907593285,"PER_SHARES":2000,"TOTAL_MARKET_CAP":562707836.7,"HKSK_MARKET_CAP":562707836.7,"PE_TTM":8.721583358391,"PB_TTM":0.220487729423,"REPORT_DATE_SQ":"2022-12-31 00:00:00","REPORT_TYPE_SQ":"2022年年报","OPERATE_INCOME_SQ":7424638709.04,"DPS_HKD":0.03,"OPERATE_INCOME_QOQ_SQ":40.527574926751,"NET_PROFIT_RATIO_SQ":1.8412002668,"HOLDER_PROFIT_SQ":121192620.71,"HOLDER_PROFIT_QOQ_SQ":108.818710357533,"ROE_AVG_SQ":5.165428449433,"PE_TTM_SQ":3.896893294741,"PB_TTM_SQ":0.204356055708,"ROA_SQ":2.97047077538,"START_DATE":"2023-01-01 00:00:00","FISCAL_YEAR":"12-31","CURRENCY":"HKD","IS_CNY_CODE":0,"DPS_HKD_LY":0.03,"ORG_TYPE":"一般企业","PREMIUM_INCOME":null,"PREMIUM_INCOME_YOY":null,"NET_INTEREST_INCOME":null,"NET_INTEREST_INCOME_YOY":null,"FEE_COMMISSION_INCOME":null,"FEE_COMMISSION_INCOME_YOY":null,"ACCOUNTS_RECE_TDAYS":null,"INVENTORY_TDAYS":19.393652938539,"CURRENT_ASSETS_TDAYS":3.95429479766,"TOTAL_ASSETS_TDAYS":2.147379196562,"PREMIUM_EXPENSE":null,"LOAN_DEPOSIT":null,"LOAN_EQUITY":null,"LOAN_ASSETS":null,"DEPOSIT_EQUITY":null,"DEPOSIT_ASSETS":null,"EQUITY_MULTIPLIER":1.713021860787,"EQUITY_RATIO":0.775620677553},{"SECUCODE":"01203.HK","SECURITY_CODE":"01203","SECURITY_NAME_ABBR":"广南(集团)","ORG_CODE":"10010550","STD_REPORT_DATE":"2023-06-30 00:00:00","REPORT_DATE":"2023-06-30 00:00:00","DATE_TYPE_CODE":"002","REPORT_TYPE":"2023年中报","PER_NETCASH_OPERATE":0.060841378041,"PER_OI":5.068549409574,"BPS":2.571632135775,"BASIC_EPS":0.0599287,"DILUTED_EPS":0.0599287,"OPERATE_INCOME":4600181408.82,"OPERATE_INCOME_YOY":47.6328107039,"GROSS_PROFIT":267027535.52,"GROSS_PROFIT_YOY":16.461409200041,"HOLDER_PROFIT":54518521.36,"HOLDER_PROFIT_YOY":-4.7041949364,"GROSS_PROFIT_RATIO":5.804717505445,"EPS_TTM":0.135132938296,"OPERATE_INCOME_QOQ":23.03069939212,"NET_PROFIT_RATIO":1.4377510668,"ROE_AVG":2.316450610991,"GROSS_PROFIT_QOQ":7.567095103442,"ROA":1.2191624495,"HOLDER_PROFIT_QOQ":1.199022400446,"ROE_YEARLY":4.632901221981,"ROIC_YEARLY":3.315888543819,"TOTAL_ASSETS":4440646599.52,"TOTAL_LIABILITIES":1914911892.88,"TAX_EBT":27.081258004839,"OCF_SALES":1.200370621344,"TOTAL_PARENT_EQUITY":2333996057.92,"DEBT_ASSET_RATIO":43.1223663033,"OPERATE_PROFIT":128387558.96,"PRETAX_PROFIT":90702548.44,"NETCASH_OPERATE":55219226.16,"NETCASH_INVEST":-230692303.72,"NETCASH_FINANCE":-55388870.48,"END_CASH":864489015.12,"DIVI_RATIO":0.201662158343,"DIVIDEND_RATE":4.838709677419,"CURRENT_RATIO":1.582834600855,"COMMON_ACS":null,"CURRENTDEBT_DEBT":76.306431142499,"ISSUED_COMMON_SHARES":907593285,"HK_COMMON_SHARES":907593285,"PER_SHARES":2000,"TOTAL_MARKET_CAP":562707836.7,"HKSK_MARKET_CAP":562707836.7,"PE_TTM":8.721583358391,"PB_TTM":0.220487729423,"REPORT_DATE_SQ":"2022-06-30 00:00:00","REPORT_TYPE_SQ":"2022年中报","OPERATE_INCOME_SQ":2890235186.79,"DPS_HKD":0.03,"OPERATE_INCOME_QOQ_SQ":33.086173866237,"NET_PROFIT_RATIO_SQ":2.1328892625,"HOLDER_PROFIT_SQ":53065394.69,"HOLDER_PROFIT_QOQ_SQ":31.302736277244,"ROE_AVG_SQ":2.329522438702,"PE_TTM_SQ":3.896893294741,"PB_TTM_SQ":0.204356055708,"ROA_SQ":1.460688228479,"START_DATE":"2023-01-01 00:00:00","FISCAL_YEAR":"12-31","CURRENCY":"HKD","IS_CNY_CODE":0,"DPS_HKD_LY":0.03,"ORG_TYPE":"一般企业","PREMIUM_INCOME":null,"PREMIUM_INCOME_YOY":null,"NET_INTEREST_INCOME":null,"NET_INTEREST_INCOME_YOY":null,"FEE_COMMISSION_INCOME":null,"FEE_COMMISSION_INCOME_YOY":null,"ACCOUNTS_RECE_TDAYS":null,"INVENTORY_TDAYS":8.506819722396,"CURRENT_ASSETS_TDAYS":1.922046959273,"TOTAL_ASSETS_TDAYS":1.028708830433,"PREMIUM_EXPENSE":null,"LOAN_DEPOSIT":null,"LOAN_EQUITY":null,"LOAN_ASSETS":null,"DEPOSIT_EQUITY":null,"DEPOSIT_ASSETS":null,"EQUITY_MULTIPLIER":1.758160343541,"EQUITY_RATIO":0.8204434992},{"SECUCODE":"01203.HK","SECURITY_CODE":"01203","SECURITY_NAME_ABBR":"广南(集团)","ORG_CODE":"10010550","STD_REPORT_DATE":"2022-12-31 00:00:00","REPORT_DATE":"2022-12-31 00:00:00","DATE_TYPE_CODE":"001","REPORT_TYPE":"2022年年报","PER_NETCASH_OPERATE":0.091226218173,"PER_OI":8.180579155607,"BPS":2.533272819565,"BASIC_EPS":0.13309723,"DILUTED_EPS":0.13309723,"OPERATE_INCOME":7424638709.04,"OPERATE_INCOME_YOY":71.1798436722,"GROSS_PROFIT":498783209.33,"GROSS_PROFIT_YOY":31.633141085016,"HOLDER_PROFIT":121192620.71,"HOLDER_PROFIT_YOY":150.9581591506,"GROSS_PROFIT_RATIO":6.71794586749,"EPS_TTM":0.133531861367,"OPERATE_INCOME_QOQ":40.527574926751,"NET_PROFIT_RATIO":1.8412002668,"ROE_AVG":5.165428449433,"GROSS_PROFIT_QOQ":4.950366746806,"ROA":2.97047077538,"HOLDER_PROFIT_QOQ":108.818710357533,"ROE_YEARLY":5.165428449433,"ROIC_YEARLY":4.165060711624,"TOTAL_ASSETS":4362736039.62,"TOTAL_LIABILITIES":1875950074.11,"TAX_EBT":24.641763263377,"OCF_SALES":1.115155986367,"TOTAL_PARENT_EQUITY":2299181400.11,"DEBT_ASSET_RATIO":42.9993943496,"OPERATE_PROFIT":247466161.18,"PRETAX_PROFIT":181403485.06,"NETCASH_OPERATE":82796303.03,"NETCASH_INVEST":-230753972.75,"NETCASH_FINANCE":407809019.45,"END_CASH":1082313623.37,"DIVI_RATIO":0.204080132794,"DIVIDEND_RATE":4.838709677419,"CURRENT_RATIO":1.558897107693,"COMMON_ACS":null,"CURRENTDEBT_DEBT":81.960941729723,"ISSUED_COMMON_SHARES":907593285,"HK_COMMON_SHARES":907593285,"PER_SHARES":2000,"TOTAL_MARKET_CAP":562707836.7,"HKSK_MARKET_CAP":562707836.7,"PE_TTM":8.721583358391,"PB_TTM":0.220487729423,"REPORT_DATE_SQ":"2021-12-31 00:00:00","REPORT_TYPE_SQ":"2021年年报","OPERATE_INCOME_SQ":3969911579.2,"DPS_HKD":0.03,"OPERATE_INCOME_QOQ_SQ":48.100193020705,"NET_PROFIT_RATIO_SQ":1.4731338276,"HOLDER_PROFIT_SQ":44201091.2,"HOLDER_PROFIT_QOQ_SQ":-20.334853025408,"ROE_AVG_SQ":2.05667595104,"PE_TTM_SQ":3.896893294741,"PB_TTM_SQ":0.204356055708,"ROA_SQ":1.429036843389,"START_DATE":"2022-01-01 00:00:00","FISCAL_YEAR":"12-31","CURRENCY":"HKD","IS_CNY_CODE":0,"DPS_HKD_LY":0.025,"ORG_TYPE":"一般企业","PREMIUM_INCOME":null,"PREMIUM_INCOME_YOY":null,"NET_INTEREST_INCOME":null,"NET_INTEREST_INCOME_YOY":null,"FEE_COMMISSION_INCOME":null,"FEE_COMMISSION_INCOME_YOY":null,"ACCOUNTS_RECE_TDAYS":null,"INVENTORY_TDAYS":15.430135377849,"CURRENT_ASSETS_TDAYS":3.286344558124,"TOTAL_ASSETS_TDAYS":1.819803233378,"PREMIUM_EXPENSE":null,"LOAN_DEPOSIT":null,"LOAN_EQUITY":null,"LOAN_ASSETS":null,"DEPOSIT_EQUITY":null,"DEPOSIT_ASSETS":null,"EQUITY_MULTIPLIER":1.754367323978,"EQUITY_RATIO":0.815920863843},{"SECUCODE":"01203.HK","SECURITY_CODE":"01203","SECURITY_NAME_ABBR":"广南(集团)","ORG_CODE":"10010550","STD_REPORT_DATE":"2022-06-30 00:00:00","REPORT_DATE":"2022-06-30 00:00:00","DATE_TYPE_CODE":"002","REPORT_TYPE":"2022年中报","PER_NETCASH_OPERATE":-0.108116000208,"PER_OI":3.184504815712,"BPS":2.49523410198,"BASIC_EPS":0.05815292,"DILUTED_EPS":0.05815292,"OPERATE_INCOME":2890235186.79,"OPERATE_INCOME_YOY":78.3506302568,"GROSS_PROFIT":229284135.71,"GROSS_PROFIT_YOY":48.810510320593,"HOLDER_PROFIT":53065394.69,"HOLDER_PROFIT_YOY":31.6145590294,"GROSS_PROFIT_RATIO":8.66417468601,"EPS_TTM":0.06394631072,"OPERATE_INCOME_QOQ":33.086173866237,"NET_PROFIT_RATIO":2.1328892625,"ROE_AVG":2.329522438702,"GROSS_PROFIT_QOQ":25.424183988401,"ROA":1.460688228479,"HOLDER_PROFIT_QOQ":31.302736277244,"ROE_YEARLY":4.659044877405,"ROIC_YEARLY":3.863563910598,"TOTAL_ASSETS":3630586852.83,"TOTAL_LIABILITIES":1265835134.2,"TAX_EBT":22.666609449427,"OCF_SALES":-3.395064742084,"TOTAL_PARENT_EQUITY":2264657715.46,"DEBT_ASSET_RATIO":34.8658546266,"OPERATE_PROFIT":110532452.31,"PRETAX_PROFIT":79713970.28,"NETCASH_OPERATE":-98125355.79,"NETCASH_INVEST":-82241911.92,"NETCASH_FINANCE":21276272.01,"END_CASH":646993994.5,"DIVI_RATIO":0.426157501397,"DIVIDEND_RATE":4.838709677419,"CURRENT_RATIO":1.838962788733,"COMMON_ACS":null,"CURRENTDEBT_DEBT":88.753732654137,"ISSUED_COMMON_SHARES":907593285,"HK_COMMON_SHARES":907593285,"PER_SHARES":2000,"TOTAL_MARKET_CAP":562707836.7,"HKSK_MARKET_CAP":562707836.7,"PE_TTM":8.721583358391,"PB_TTM":0.220487729423,"REPORT_DATE_SQ":"2021-06-30 00:00:00","REPORT_TYPE_SQ":"2021年中报","OPERATE_INCOME_SQ":1576743339.36,"DPS_HKD":0.03,"OPERATE_INCOME_QOQ_SQ":25.489402893002,"NET_PROFIT_RATIO_SQ":2.8497969859,"HOLDER_PROFIT_SQ":39229243.68,"HOLDER_PROFIT_QOQ_SQ":-5.687925236528,"ROE_AVG_SQ":1.811246354629,"PE_TTM_SQ":3.896893294741,"PB_TTM_SQ":0.204356055708,"ROA_SQ":1.301245009343,"START_DATE":"2022-01-01 00:00:00","FISCAL_YEAR":"12-31","CURRENCY":"HKD","IS_CNY_CODE":0,"DPS_HKD_LY":0.025,"ORG_TYPE":"一般企业","PREMIUM_INCOME":null,"PREMIUM_INCOME_YOY":null,"NET_INTEREST_INCOME":null,"NET_INTEREST_INCOME_YOY":null,"FEE_COMMISSION_INCOME":null,"FEE_COMMISSION_INCOME_YOY":null,"ACCOUNTS_RECE_TDAYS":null,"INVENTORY_TDAYS":5.853284056993,"CURRENT_ASSETS_TDAYS":1.410838183257,"TOTAL_ASSETS_TDAYS":0.795571678971,"PREMIUM_EXPENSE":null,"LOAN_DEPOSIT":null,"LOAN_EQUITY":null,"LOAN_ASSETS":null,"DEPOSIT_EQUITY":null,"DEPOSIT_ASSETS":null,"EQUITY_MULTIPLIER":1.535293039108,"EQUITY_RATIO":0.558952077199},{"SECUCODE":"01203.HK","SECURITY_CODE":"01203","SECURITY_NAME_ABBR":"广南(集团)","ORG_CODE":"10010550","STD_REPORT_DATE":"2021-12-31 00:00:00","REPORT_DATE":"2021-12-31 00:00:00","DATE_TYPE_CODE":"001","REPORT_TYPE":"2021年年报","PER_NETCASH_OPERATE":0.364386008431,"PER_OI":4.374108584552,"BPS":2.41356296769,"BASIC_EPS":0.049056,"DILUTED_EPS":0.049056,"OPERATE_INCOME":3969911579.2,"OPERATE_INCOME_YOY":91.3146212314,"GROSS_PROFIT":378919172.8,"GROSS_PROFIT_YOY":73.550203971263,"HOLDER_PROFIT":44201091.2,"HOLDER_PROFIT_YOY":-22.6569764947,"GROSS_PROFIT_RATIO":9.544776130162,"EPS_TTM":0.048701430399,"OPERATE_INCOME_QOQ":48.100193020705,"NET_PROFIT_RATIO":1.4731338276,"ROE_AVG":2.05667595104,"GROSS_PROFIT_QOQ":43.863312731326,"ROA":1.429036843389,"HOLDER_PROFIT_QOQ":-20.334853025408,"ROE_YEARLY":2.05667595104,"ROIC_YEARLY":2.053099092735,"TOTAL_ASSETS":3475433640,"TOTAL_LIABILITIES":1097583849.6,"TAX_EBT":11.904673933124,"OCF_SALES":8.330520410902,"TOTAL_PARENT_EQUITY":2190533542.4,"DEBT_ASSET_RATIO":31.5812057801,"OPERATE_PROFIT":126974915.2,"PRETAX_PROFIT":66385032,"NETCASH_OPERATE":330714294.4,"NETCASH_INVEST":-496678918.4,"NETCASH_FINANCE":214572579.2,"END_CASH":792426096,"DIVI_RATIO":0.559556460185,"DIVIDEND_RATE":4.838709677419,"CURRENT_RATIO":1.959121590132,"COMMON_ACS":null,"CURRENTDEBT_DEBT":90.30731962403,"ISSUED_COMMON_SHARES":907593285,"HK_COMMON_SHARES":907593285,"PER_SHARES":2000,"TOTAL_MARKET_CAP":562707836.7,"HKSK_MARKET_CAP":562707836.7,"PE_TTM":8.721583358391,"PB_TTM":0.220487729423,"REPORT_DATE_SQ":"2020-12-31 00:00:00","REPORT_TYPE_SQ":"2020年年报","OPERATE_INCOME_SQ":2136083161.64,"DPS_HKD":0.03,"OPERATE_INCOME_QOQ_SQ":0.757112323885,"NET_PROFIT_RATIO_SQ":2.8720240851,"HOLDER_PROFIT_SQ":58829794.36,"HOLDER_PROFIT_QOQ_SQ":-5.349010822592,"ROE_AVG_SQ":2.786718683502,"PE_TTM_SQ":3.896893294741,"PB_TTM_SQ":0.204356055708,"ROA_SQ":2.197305448845,"START_DATE":"2021-01-01 00:00:00","FISCAL_YEAR":"12-31","CURRENCY":"HKD","IS_CNY_CODE":0,"DPS_HKD_LY":0.025,"ORG_TYPE":"一般企业","PREMIUM_INCOME":null,"PREMIUM_INCOME_YOY":null,"NET_INTEREST_INCOME":null,"NET_INTEREST_INCOME_YOY":null,"FEE_COMMISSION_INCOME":null,"FEE_COMMISSION_INCOME_YOY":null,"ACCOUNTS_RECE_TDAYS":null,"INVENTORY_TDAYS":11.063120111837,"CURRENT_ASSETS_TDAYS":2.237948407371,"TOTAL_ASSETS_TDAYS":1.283486393131,"PREMIUM_EXPENSE":null,"LOAN_DEPOSIT":null,"LOAN_EQUITY":null,"LOAN_ASSETS":null,"DEPOSIT_EQUITY":null,"DEPOSIT_ASSETS":null,"EQUITY_MULTIPLIER":1.461586704942,"EQUITY_RATIO":0.501057768966},{"SECUCODE":"01203.HK","SECURITY_CODE":"01203","SECURITY_NAME_ABBR":"广南(集团)","ORG_CODE":"10010550","STD_REPORT_DATE":"2021-06-30 00:00:00","REPORT_DATE":"2021-06-30 00:00:00","DATE_TYPE_CODE":"002","REPORT_TYPE":"2021年中报","PER_NETCASH_OPERATE":-0.049283410553,"PER_OI":1.737279644329,"BPS":2.409273560987,"BASIC_EPS":0.04326816,"DILUTED_EPS":0.04326816,"OPERATE_INCOME":1576743339.36,"OPERATE_INCOME_YOY":67.6807755849,"GROSS_PROFIT":154077917.76,"GROSS_PROFIT_YOY":41.325248539328,"HOLDER_PROFIT":39229243.68,"HOLDER_PROFIT_YOY":1.1499678181,"GROSS_PROFIT_RATIO":9.77190858612,"EPS_TTM":0.061132668737,"OPERATE_INCOME_QOQ":25.489402893002,"NET_PROFIT_RATIO":2.8497969859,"ROE_AVG":1.811246354629,"GROSS_PROFIT_QOQ":20.635484249816,"ROA":1.301245009343,"HOLDER_PROFIT_QOQ":-5.687925236528,"ROE_YEARLY":3.622492709259,"ROIC_YEARLY":3.744431026534,"TOTAL_ASSETS":3270782500.08,"TOTAL_LIABILITIES":905065897.2,"TAX_EBT":10.034152436485,"OCF_SALES":-2.836815058192,"TOTAL_PARENT_EQUITY":2186640505.68,"DEBT_ASSET_RATIO":27.6712345495,"OPERATE_PROFIT":54867355.2,"PRETAX_PROFIT":49945602,"NETCASH_OPERATE":-44729292.48,"NETCASH_INVEST":-103029809.76,"NETCASH_FINANCE":140818722.96,"END_CASH":743188893.6,"DIVI_RATIO":0.445771476412,"DIVIDEND_RATE":4.838709677419,"CURRENT_RATIO":2.384056561692,"COMMON_ACS":null,"CURRENTDEBT_DEBT":95.014870623279,"ISSUED_COMMON_SHARES":907593285,"HK_COMMON_SHARES":907593285,"PER_SHARES":2000,"TOTAL_MARKET_CAP":562707836.7,"HKSK_MARKET_CAP":562707836.7,"PE_TTM":8.721583358391,"PB_TTM":0.220487729423,"REPORT_DATE_SQ":"2020-06-30 00:00:00","REPORT_TYPE_SQ":"2020年中报","OPERATE_INCOME_SQ":1032268496.16,"DPS_HKD":0.03,"OPERATE_INCOME_QOQ_SQ":-0.128099206774,"NET_PROFIT_RATIO_SQ":4.0526896554,"HOLDER_PROFIT_SQ":42575438.4,"HOLDER_PROFIT_QOQ_SQ":27.987445443855,"ROE_AVG_SQ":1.916058469176,"PE_TTM_SQ":3.896893294741,"PB_TTM_SQ":0.204356055708,"ROA_SQ":1.493074469692,"START_DATE":"2021-01-01 00:00:00","FISCAL_YEAR":"12-31","CURRENCY":"HKD","IS_CNY_CODE":0,"DPS_HKD_LY":0.025,"ORG_TYPE":"一般企业","PREMIUM_INCOME":null,"PREMIUM_INCOME_YOY":null,"NET_INTEREST_INCOME":null,"NET_INTEREST_INCOME_YOY":null,"FEE_COMMISSION_INCOME":null,"FEE_COMMISSION_INCOME_YOY":null,"ACCOUNTS_RECE_TDAYS":null,"INVENTORY_TDAYS":4.094232701037,"CURRENT_ASSETS_TDAYS":0.855870013981,"TOTAL_ASSETS_TDAYS":0.523010185487,"PREMIUM_EXPENSE":null,"LOAN_DEPOSIT":null,"LOAN_EQUITY":null,"LOAN_ASSETS":null,"DEPOSIT_EQUITY":null,"DEPOSIT_ASSETS":null,"EQUITY_MULTIPLIER":1.382575789551,"EQUITY_RATIO":0.413907039062},{"SECUCODE":"01203.HK","SECURITY_CODE":"01203","SECURITY_NAME_ABBR":"广南(集团)","ORG_CODE":"10010550","STD_REPORT_DATE":"2020-12-31 00:00:00","REPORT_DATE":"2020-12-31 00:00:00","DATE_TYPE_CODE":"001","REPORT_TYPE":"2020年年报","PER_NETCASH_OPERATE":-0.074384982873,"PER_OI":2.353568715132,"BPS":2.390658272753,"BASIC_EPS":0.06480628,"DILUTED_EPS":0.06480628,"OPERATE_INCOME":2136083161.64,"OPERATE_INCOME_YOY":7.1011223248,"GROSS_PROFIT":218334040.6,"GROSS_PROFIT_YOY":8.095169280025,"HOLDER_PROFIT":58829794.36,"HOLDER_PROFIT_YOY":28.9340195156,"GROSS_PROFIT_RATIO":10.221233167363,"EPS_TTM":0.064819556659,"OPERATE_INCOME_QOQ":0.757112323885,"NET_PROFIT_RATIO":2.8720240851,"ROE_AVG":2.786718683502,"GROSS_PROFIT_QOQ":10.743790870614,"ROA":2.197305448845,"HOLDER_PROFIT_QOQ":-5.349010822592,"ROE_YEARLY":2.786718683502,"ROIC_YEARLY":3.319692636707,"TOTAL_ASSETS":2790406921.6,"TOTAL_LIABILITIES":446937772.48,"TAX_EBT":13.288842891641,"OCF_SALES":-3.160518849283,"TOTAL_PARENT_EQUITY":2169745395.08,"DEBT_ASSET_RATIO":16.0169389282,"OPERATE_PROFIT":56287199.92,"PRETAX_PROFIT":70750783.32,"NETCASH_OPERATE":-67511310.96,"NETCASH_INVEST":22192363.52,"NETCASH_FINANCE":12372108,"END_CASH":753359538.76,"DIVI_RATIO":0.420416328108,"DIVIDEND_RATE":4.838709677419,"CURRENT_RATIO":3.986446690927,"COMMON_ACS":null,"CURRENTDEBT_DEBT":92.785557179228,"ISSUED_COMMON_SHARES":907593285,"HK_COMMON_SHARES":907593285,"PER_SHARES":2000,"TOTAL_MARKET_CAP":562707836.7,"HKSK_MARKET_CAP":562707836.7,"PE_TTM":8.721583358391,"PB_TTM":0.220487729423,"REPORT_DATE_SQ":"2019-12-31 00:00:00","REPORT_TYPE_SQ":"2019年年报","OPERATE_INCOME_SQ":2122751364.72,"DPS_HKD":0.03,"OPERATE_INCOME_QOQ_SQ":-8.179214298906,"NET_PROFIT_RATIO_SQ":2.2857936198,"HOLDER_PROFIT_SQ":48562921.14,"HOLDER_PROFIT_QOQ_SQ":-31.193183862033,"ROE_AVG_SQ":2.215020818041,"PE_TTM_SQ":3.896893294741,"PB_TTM_SQ":0.204356055708,"ROA_SQ":1.805412541078,"START_DATE":"2020-01-01 00:00:00","FISCAL_YEAR":"12-31","CURRENCY":"HKD","IS_CNY_CODE":0,"DPS_HKD_LY":0.04,"ORG_TYPE":"一般企业","PREMIUM_INCOME":null,"PREMIUM_INCOME_YOY":null,"NET_INTEREST_INCOME":null,"NET_INTEREST_INCOME_YOY":null,"FEE_COMMISSION_INCOME":null,"FEE_COMMISSION_INCOME_YOY":null,"ACCOUNTS_RECE_TDAYS":null,"INVENTORY_TDAYS":7.056521267865,"CURRENT_ASSETS_TDAYS":1.361785408352,"TOTAL_ASSETS_TDAYS":0.797831646586,"PREMIUM_EXPENSE":null,"LOAN_DEPOSIT":null,"LOAN_EQUITY":null,"LOAN_ASSETS":null,"DEPOSIT_EQUITY":null,"DEPOSIT_ASSETS":null,"EQUITY_MULTIPLIER":1.190716303071,"EQUITY_RATIO":0.205986275391},{"SECUCODE":"01203.HK","SECURITY_CODE":"01203","SECURITY_NAME_ABBR":"广南(集团)","ORG_CODE":"10010550","STD_REPORT_DATE":"2020-06-30 00:00:00","REPORT_DATE":"2020-06-30 00:00:00","DATE_TYPE_CODE":"002","REPORT_TYPE":"2020年中报","PER_NETCASH_OPERATE":0.014879238513,"PER_OI":1.137369032165,"BPS":2.442244231985,"BASIC_EPS":0.04658544,"DILUTED_EPS":0.04658544,"OPERATE_INCOME":1032268496.16,"OPERATE_INCOME_YOY":-3.951122621,"GROSS_PROFIT":109023631.2,"GROSS_PROFIT_YOY":-4.242930324223,"HOLDER_PROFIT":42575438.4,"HOLDER_PROFIT_YOY":41.4610458588,"GROSS_PROFIT_RATIO":10.561557541043,"EPS_TTM":0.068482703902,"OPERATE_INCOME_QOQ":-0.128099206774,"NET_PROFIT_RATIO":4.0526896554,"ROE_AVG":1.916058469176,"GROSS_PROFIT_QOQ":-2.391665997495,"ROA":1.493074469692,"HOLDER_PROFIT_QOQ":27.987445443855,"ROE_YEARLY":3.832116938352,"ROIC_YEARLY":4.594592063609,"TOTAL_ASSETS":2919980859.84,"TOTAL_LIABILITIES":572747889.12,"TAX_EBT":17.023281094302,"OCF_SALES":1.308215547625,"TOTAL_PARENT_EQUITY":2216564465.28,"DEBT_ASSET_RATIO":19.6147823089,"OPERATE_PROFIT":36206934.72,"PRETAX_PROFIT":50417320.8,"NETCASH_OPERATE":13504296.96,"NETCASH_INVEST":27012247.68,"NETCASH_FINANCE":49387873.92,"END_CASH":907113514.56,"DIVI_RATIO":0.397928213218,"DIVIDEND_RATE":4.838709677419,"CURRENT_RATIO":3.264480892768,"COMMON_ACS":null,"CURRENTDEBT_DEBT":94.464636863401,"ISSUED_COMMON_SHARES":907593285,"HK_COMMON_SHARES":907593285,"PER_SHARES":2000,"TOTAL_MARKET_CAP":562707836.7,"HKSK_MARKET_CAP":562707836.7,"PE_TTM":8.721583358391,"PB_TTM":0.220487729423,"REPORT_DATE_SQ":"2019-06-30 00:00:00","REPORT_TYPE_SQ":"2019年中报","OPERATE_INCOME_SQ":1034987723.82,"DPS_HKD":0.03,"OPERATE_INCOME_QOQ_SQ":-7.270426162954,"NET_PROFIT_RATIO_SQ":2.9618970964,"HOLDER_PROFIT_SQ":28983917.34,"HOLDER_PROFIT_QOQ_SQ":-31.953974815937,"ROE_AVG_SQ":1.341460237016,"PE_TTM_SQ":3.896893294741,"PB_TTM_SQ":0.204356055708,"ROA_SQ":1.103975908136,"START_DATE":"2020-01-01 00:00:00","FISCAL_YEAR":"12-31","CURRENCY":"HKD","IS_CNY_CODE":0,"DPS_HKD_LY":0.04,"ORG_TYPE":"一般企业","PREMIUM_INCOME":null,"PREMIUM_INCOME_YOY":null,"NET_INTEREST_INCOME":null,"NET_INTEREST_INCOME_YOY":null,"FEE_COMMISSION_INCOME":null,"FEE_COMMISSION_INCOME_YOY":null,"ACCOUNTS_RECE_TDAYS":null,"INVENTORY_TDAYS":3.214245622181,"CURRENT_ASSETS_TDAYS":0.611378425343,"TOTAL_ASSETS_TDAYS":0.362005371032,"PREMIUM_EXPENSE":null,"LOAN_DEPOSIT":null,"LOAN_EQUITY":null,"LOAN_ASSETS":null,"DEPOSIT_EQUITY":null,"DEPOSIT_ASSETS":null,"EQUITY_MULTIPLIER":1.244009817629,"EQUITY_RATIO":0.258394419874}],"count":53},"success":true,"message":"ok","code":0}