{"version":"33ab85cc56e4f5f40a6409ca31a80db5","result":{"pages":2,"data":[{"SECUCODE":"01204.HK","SECURITY_CODE":"01204","SECURITY_NAME_ABBR":"博维智慧","ORG_CODE":"10000198106","STD_REPORT_DATE":"2024-06-30 00:00:00","REPORT_DATE":"2024-06-30 00:00:00","DATE_TYPE_CODE":"002","REPORT_TYPE":"2024年中报","PER_NETCASH_OPERATE":-0.04492393496,"PER_OI":0.58066344424,"BPS":0.6139507092,"BASIC_EPS":0.001916628,"DILUTED_EPS":0.001916628,"OPERATE_INCOME":290331722.12,"OPERATE_INCOME_YOY":-19.2911727693,"GROSS_PROFIT":60025138.24,"GROSS_PROFIT_YOY":27.274253823916,"HOLDER_PROFIT":947361.84,"HOLDER_PROFIT_YOY":-16.155088853,"GROSS_PROFIT_RATIO":20.674674404057,"EPS_TTM":0.00777150608,"OPERATE_INCOME_QOQ":-11.235011839153,"NET_PROFIT_RATIO":0.3263032483,"ROE_AVG":0.308757192808,"GROSS_PROFIT_QOQ":12.273755660761,"ROA":0.171139147008,"HOLDER_PROFIT_QOQ":-4.75634305469,"ROE_YEARLY":0.617514385616,"ROIC_YEARLY":0.356888673426,"TOTAL_ASSETS":574664398.6,"TOTAL_LIABILITIES":267689044,"TAX_EBT":40.103866128102,"OCF_SALES":-7.736656303343,"TOTAL_PARENT_EQUITY":306975354.6,"DEBT_ASSET_RATIO":46.5818040324,"OPERATE_PROFIT":2342849.56,"PRETAX_PROFIT":1581674.44,"NETCASH_OPERATE":-22461967.48,"NETCASH_INVEST":-6731927.68,"NETCASH_FINANCE":22134315.36,"END_CASH":19099654.36,"DIVI_RATIO":null,"DIVIDEND_RATE":null,"CURRENT_RATIO":1.960302677943,"COMMON_ACS":10000000000,"CURRENTDEBT_DEBT":96.468121377429,"ISSUED_COMMON_SHARES":500000000,"HK_COMMON_SHARES":500000000,"PER_SHARES":2000,"TOTAL_MARKET_CAP":1100000000,"HKSK_MARKET_CAP":1100000000,"PE_TTM":255.695025569503,"PB_TTM":3.27045147096,"REPORT_DATE_SQ":"2023-06-30 00:00:00","REPORT_TYPE_SQ":"2023年中报","OPERATE_INCOME_SQ":363392885.12,"DPS_HKD":null,"OPERATE_INCOME_QOQ_SQ":29.324632600309,"NET_PROFIT_RATIO_SQ":0.3140984006,"HOLDER_PROFIT_SQ":1141411.24,"HOLDER_PROFIT_QOQ_SQ":-170.787311833847,"ROE_AVG_SQ":0.373235572546,"PE_TTM_SQ":-582.010582010582,"PB_TTM_SQ":4.633460201886,"ROA_SQ":0.228029588589,"START_DATE":"2024-01-01 00:00:00","FISCAL_YEAR":"12-31","CURRENCY":"HKD","IS_CNY_CODE":0,"DPS_HKD_LY":null,"ORG_TYPE":"一般企业","PREMIUM_INCOME":null,"PREMIUM_INCOME_YOY":null,"NET_INTEREST_INCOME":null,"NET_INTEREST_INCOME_YOY":null,"FEE_COMMISSION_INCOME":null,"FEE_COMMISSION_INCOME_YOY":null,"ACCOUNTS_RECE_TDAYS":1.964891149592,"INVENTORY_TDAYS":12.285046615224,"CURRENT_ASSETS_TDAYS":0.597762728171,"TOTAL_ASSETS_TDAYS":0.524478833484,"PREMIUM_EXPENSE":null,"LOAN_DEPOSIT":null,"LOAN_EQUITY":null,"LOAN_ASSETS":null,"DEPOSIT_EQUITY":null,"DEPOSIT_ASSETS":null,"EQUITY_MULTIPLIER":1.872021287665,"EQUITY_RATIO":0.872021287666},{"SECUCODE":"01204.HK","SECURITY_CODE":"01204","SECURITY_NAME_ABBR":"博维智慧","ORG_CODE":"10000198106","STD_REPORT_DATE":"2023-12-31 00:00:00","REPORT_DATE":"2023-12-31 00:00:00","DATE_TYPE_CODE":"001","REPORT_TYPE":"2023年年报","PER_NETCASH_OPERATE":-0.13670872432,"PER_OI":1.3005978818,"BPS":0.60903058832,"BASIC_EPS":0.00815598,"DILUTED_EPS":null,"OPERATE_INCOME":650298940.9,"OPERATE_INCOME_YOY":23.5458384768,"GROSS_PROFIT":104801624.34,"GROSS_PROFIT_YOY":16.912038467163,"HOLDER_PROFIT":4079802.44,"HOLDER_PROFIT_YOY":38.4378843788,"GROSS_PROFIT_RATIO":16.115914965963,"EPS_TTM":0.00815960488,"OPERATE_INCOME_QOQ":-3.083491054831,"NET_PROFIT_RATIO":0.6273733791,"ROE_AVG":1.349821827716,"GROSS_PROFIT_QOQ":10.546292078669,"ROA":0.778580897097,"HOLDER_PROFIT_QOQ":298.404001776852,"ROE_YEARLY":1.349821827716,"ROIC_YEARLY":0.880835757001,"TOTAL_ASSETS":528691466.66,"TOTAL_LIABILITIES":224176172.5,"TAX_EBT":39.538006983615,"OCF_SALES":-10.511221510741,"TOTAL_PARENT_EQUITY":304515294.16,"DEBT_ASSET_RATIO":42.4020788374,"OPERATE_PROFIT":8301881.42,"PRETAX_PROFIT":6747714.12,"NETCASH_OPERATE":-68354362.16,"NETCASH_INVEST":-2609007.38,"NETCASH_FINANCE":1357517.56,"END_CASH":26038419.26,"DIVI_RATIO":null,"DIVIDEND_RATE":null,"CURRENT_RATIO":2.129655783325,"COMMON_ACS":10000000000,"CURRENTDEBT_DEBT":96.746235472461,"ISSUED_COMMON_SHARES":500000000,"HK_COMMON_SHARES":500000000,"PER_SHARES":2000,"TOTAL_MARKET_CAP":1110000000,"HKSK_MARKET_CAP":1110000000,"PE_TTM":258.019525801953,"PB_TTM":3.300182847969,"REPORT_DATE_SQ":"2022-12-31 00:00:00","REPORT_TYPE_SQ":"2022年年报","OPERATE_INCOME_SQ":518840693.91,"DPS_HKD":null,"OPERATE_INCOME_QOQ_SQ":11.804512142133,"NET_PROFIT_RATIO_SQ":0.5591968776,"HOLDER_PROFIT_SQ":2904914.04,"HOLDER_PROFIT_QOQ_SQ":-87.388151343328,"ROE_AVG_SQ":1.301044596384,"PE_TTM_SQ":-591.45880574452,"PB_TTM_SQ":4.708678711657,"ROA_SQ":0.644485556052,"START_DATE":"2023-01-01 00:00:00","FISCAL_YEAR":"12-31","CURRENCY":"HKD","IS_CNY_CODE":0,"DPS_HKD_LY":null,"ORG_TYPE":"一般企业","PREMIUM_INCOME":null,"PREMIUM_INCOME_YOY":null,"NET_INTEREST_INCOME":null,"NET_INTEREST_INCOME_YOY":null,"FEE_COMMISSION_INCOME":null,"FEE_COMMISSION_INCOME_YOY":null,"ACCOUNTS_RECE_TDAYS":4.384227424218,"INVENTORY_TDAYS":15.336840898378,"CURRENT_ASSETS_TDAYS":1.410511687515,"TOTAL_ASSETS_TDAYS":1.241016789988,"PREMIUM_EXPENSE":null,"LOAN_DEPOSIT":null,"LOAN_EQUITY":null,"LOAN_ASSETS":null,"DEPOSIT_EQUITY":null,"DEPOSIT_ASSETS":null,"EQUITY_MULTIPLIER":1.736173771232,"EQUITY_RATIO":0.736173771233},{"SECUCODE":"01204.HK","SECURITY_CODE":"01204","SECURITY_NAME_ABBR":"博维智慧","ORG_CODE":"10000198106","STD_REPORT_DATE":"2023-06-30 00:00:00","REPORT_DATE":"2023-06-30 00:00:00","DATE_TYPE_CODE":"002","REPORT_TYPE":"2023年中报","PER_NETCASH_OPERATE":-0.13725885052,"PER_OI":0.72678577024,"BPS":0.6128677654,"BASIC_EPS":0.00230495,"DILUTED_EPS":0.00230495,"OPERATE_INCOME":363392885.12,"OPERATE_INCOME_YOY":59.5627795883,"GROSS_PROFIT":47162042.94,"GROSS_PROFIT_YOY":12.290334384245,"HOLDER_PROFIT":1141411.24,"HOLDER_PROFIT_YOY":-82.6513452915,"GROSS_PROFIT_RATIO":12.978251603475,"EPS_TTM":-0.00411262112,"OPERATE_INCOME_QOQ":29.324632600309,"NET_PROFIT_RATIO":0.3140984006,"ROE_AVG":0.373235572546,"GROSS_PROFIT_QOQ":5.75844405886,"ROA":0.228029588589,"HOLDER_PROFIT_QOQ":-170.787311833847,"ROE_YEARLY":0.746471145092,"ROIC_YEARLY":0.520381795464,"TOTAL_ASSETS":472758152.72,"TOTAL_LIABILITIES":166324270.02,"TAX_EBT":54.767994154183,"OCF_SALES":-18.885737192498,"TOTAL_PARENT_EQUITY":306433882.7,"DEBT_ASSET_RATIO":35.1816820214,"OPERATE_PROFIT":3374446.8,"PRETAX_PROFIT":2523459.26,"NETCASH_OPERATE":-68860842.24,"NETCASH_INVEST":-2982605.3,"NETCASH_FINANCE":867583.18,"END_CASH":26457138.08,"DIVI_RATIO":null,"DIVIDEND_RATE":null,"CURRENT_RATIO":2.579715385513,"COMMON_ACS":10000000000,"CURRENTDEBT_DEBT":95.044872754284,"ISSUED_COMMON_SHARES":500000000,"HK_COMMON_SHARES":500000000,"PER_SHARES":2000,"TOTAL_MARKET_CAP":1110000000,"HKSK_MARKET_CAP":1110000000,"PE_TTM":258.019525801953,"PB_TTM":3.300182847969,"REPORT_DATE_SQ":"2022-06-30 00:00:00","REPORT_TYPE_SQ":"2022年中报","OPERATE_INCOME_SQ":211244757.85,"DPS_HKD":null,"OPERATE_INCOME_QOQ_SQ":6.229960002556,"NET_PROFIT_RATIO_SQ":2.888893387,"HOLDER_PROFIT_SQ":6102635.84,"HOLDER_PROFIT_QOQ_SQ":17.367573834745,"ROE_AVG_SQ":4.141240921449,"PE_TTM_SQ":-591.45880574452,"PB_TTM_SQ":4.708678711657,"ROA_SQ":1.602628526384,"START_DATE":"2023-01-01 00:00:00","FISCAL_YEAR":"12-31","CURRENCY":"HKD","IS_CNY_CODE":0,"DPS_HKD_LY":null,"ORG_TYPE":"一般企业","PREMIUM_INCOME":null,"PREMIUM_INCOME_YOY":null,"NET_INTEREST_INCOME":null,"NET_INTEREST_INCOME_YOY":null,"FEE_COMMISSION_INCOME":null,"FEE_COMMISSION_INCOME_YOY":null,"ACCOUNTS_RECE_TDAYS":2.815837226914,"INVENTORY_TDAYS":7.201835151337,"CURRENT_ASSETS_TDAYS":0.829661562814,"TOTAL_ASSETS_TDAYS":0.725981374514,"PREMIUM_EXPENSE":null,"LOAN_DEPOSIT":null,"LOAN_EQUITY":null,"LOAN_ASSETS":null,"DEPOSIT_EQUITY":null,"DEPOSIT_ASSETS":null,"EQUITY_MULTIPLIER":1.542773757767,"EQUITY_RATIO":0.542773757766},{"SECUCODE":"01204.HK","SECURITY_CODE":"01204","SECURITY_NAME_ABBR":"博维智慧","ORG_CODE":"10000198106","STD_REPORT_DATE":"2022-12-31 00:00:00","REPORT_DATE":"2022-12-31 00:00:00","DATE_TYPE_CODE":"001","REPORT_TYPE":"2022年年报","PER_NETCASH_OPERATE":0.1131951744,"PER_OI":1.03768138782,"BPS":0.59138583042,"BASIC_EPS":0.006967506,"DILUTED_EPS":0.006967506,"OPERATE_INCOME":518840693.91,"OPERATE_INCOME_YOY":8.7087452415,"GROSS_PROFIT":89641431.04,"GROSS_PROFIT_YOY":-2.203447445818,"HOLDER_PROFIT":2904914.04,"HOLDER_PROFIT_YOY":-86.4516935383,"GROSS_PROFIT_RATIO":17.27725525237,"EPS_TTM":0.00580982808,"OPERATE_INCOME_QOQ":11.804512142133,"NET_PROFIT_RATIO":0.5591968776,"ROE_AVG":1.301044596384,"GROSS_PROFIT_QOQ":-7.720516376612,"ROA":0.644485556052,"HOLDER_PROFIT_QOQ":-87.388151343328,"ROE_YEARLY":1.301044596384,"ROIC_YEARLY":0.731466205114,"TOTAL_ASSETS":511897306.2,"TOTAL_LIABILITIES":216204390.99,"TAX_EBT":51.348112642301,"OCF_SALES":10.908471109596,"TOTAL_PARENT_EQUITY":295692915.21,"DEBT_ASSET_RATIO":42.2358915297,"OPERATE_PROFIT":7637458.5,"PRETAX_PROFIT":5963470.52,"NETCASH_OPERATE":56597587.2,"NETCASH_INVEST":-50528710.82,"NETCASH_FINANCE":75801998.93,"END_CASH":94256957.13,"DIVI_RATIO":null,"DIVIDEND_RATE":null,"CURRENT_RATIO":2.179244108951,"COMMON_ACS":10000000000,"CURRENTDEBT_DEBT":96.275776017716,"ISSUED_COMMON_SHARES":500000000,"HK_COMMON_SHARES":500000000,"PER_SHARES":2000,"TOTAL_MARKET_CAP":1110000000,"HKSK_MARKET_CAP":1110000000,"PE_TTM":258.019525801953,"PB_TTM":3.300182847969,"REPORT_DATE_SQ":"2021-12-31 00:00:00","REPORT_TYPE_SQ":"2021年年报","OPERATE_INCOME_SQ":436845315.2,"DPS_HKD":null,"OPERATE_INCOME_QOQ_SQ":2622.12202595398,"NET_PROFIT_RATIO_SQ":4.4924031727,"HOLDER_PROFIT_SQ":19624852.8,"HOLDER_PROFIT_QOQ_SQ":-11.565148442578,"ROE_AVG_SQ":15.90276673557,"PE_TTM_SQ":-591.45880574452,"PB_TTM_SQ":4.708678711657,"ROA_SQ":5.50379829266,"START_DATE":"2022-01-01 00:00:00","FISCAL_YEAR":"12-31","CURRENCY":"HKD","IS_CNY_CODE":0,"DPS_HKD_LY":null,"ORG_TYPE":"一般企业","PREMIUM_INCOME":null,"PREMIUM_INCOME_YOY":null,"NET_INTEREST_INCOME":null,"NET_INTEREST_INCOME_YOY":null,"FEE_COMMISSION_INCOME":null,"FEE_COMMISSION_INCOME_YOY":null,"ACCOUNTS_RECE_TDAYS":3.454768773234,"INVENTORY_TDAYS":11.101301941938,"CURRENT_ASSETS_TDAYS":1.309770972226,"TOTAL_ASSETS_TDAYS":1.151102333882,"PREMIUM_EXPENSE":null,"LOAN_DEPOSIT":null,"LOAN_EQUITY":null,"LOAN_ASSETS":null,"DEPOSIT_EQUITY":null,"DEPOSIT_ASSETS":null,"EQUITY_MULTIPLIER":1.731178800265,"EQUITY_RATIO":0.731178800265},{"SECUCODE":"01204.HK","SECURITY_CODE":"01204","SECURITY_NAME_ABBR":"博维智慧","ORG_CODE":"10000198106","STD_REPORT_DATE":"2022-06-30 00:00:00","REPORT_DATE":"2022-06-30 00:00:00","DATE_TYPE_CODE":"002","REPORT_TYPE":"2022年中报","PER_NETCASH_OPERATE":677.658634894992,"PER_OI":18959.3212933046,"BPS":0.30059586424,"BASIC_EPS":0.017616914,"DILUTED_EPS":0.017360357,"OPERATE_INCOME":211244757.85,"OPERATE_INCOME_YOY":11.6865911886,"GROSS_PROFIT":42000091.28,"GROSS_PROFIT_YOY":15.005754108725,"HOLDER_PROFIT":6102635.84,"HOLDER_PROFIT_YOY":120.3829524398,"GROSS_PROFIT_RATIO":19.882193389065,"EPS_TTM":2067.2422904326,"OPERATE_INCOME_QOQ":6.229960002556,"NET_PROFIT_RATIO":2.888893387,"ROE_AVG":4.141240921449,"GROSS_PROFIT_QOQ":5.978651715597,"ROA":1.602628526384,"HOLDER_PROFIT_QOQ":17.367573834745,"ROE_YEARLY":8.282481842899,"ROIC_YEARLY":3.318186203906,"TOTAL_ASSETS":388615439.8,"TOTAL_LIABILITIES":238317507.68,"TAX_EBT":26.787729557813,"OCF_SALES":3.574276865777,"TOTAL_PARENT_EQUITY":150297932.12,"DEBT_ASSET_RATIO":61.3247656353,"OPERATE_PROFIT":9411365.95,"PRETAX_PROFIT":8335536.93,"NETCASH_OPERATE":7550472.51,"NETCASH_INVEST":-1321268.55,"NETCASH_FINANCE":-5009703.02,"END_CASH":13531671.37,"DIVI_RATIO":null,"DIVIDEND_RATE":null,"CURRENT_RATIO":1.738112872805,"COMMON_ACS":10000000000,"CURRENTDEBT_DEBT":83.333094103462,"ISSUED_COMMON_SHARES":500000000,"HK_COMMON_SHARES":500000000,"PER_SHARES":2000,"TOTAL_MARKET_CAP":1110000000,"HKSK_MARKET_CAP":1110000000,"PE_TTM":258.019525801953,"PB_TTM":3.300182847969,"REPORT_DATE_SQ":"2021-06-30 00:00:00","REPORT_TYPE_SQ":"2021年中报","OPERATE_INCOME_SQ":184029469.44,"DPS_HKD":null,"OPERATE_INCOME_QOQ_SQ":null,"NET_PROFIT_RATIO_SQ":1.4640454315,"HOLDER_PROFIT_SQ":2694275.04,"HOLDER_PROFIT_QOQ_SQ":0,"ROE_AVG_SQ":null,"PE_TTM_SQ":-591.45880574452,"PB_TTM_SQ":4.708678711657,"ROA_SQ":null,"START_DATE":"2022-01-01 00:00:00","FISCAL_YEAR":"12-31","CURRENCY":"HKD","IS_CNY_CODE":0,"DPS_HKD_LY":null,"ORG_TYPE":"一般企业","PREMIUM_INCOME":null,"PREMIUM_INCOME_YOY":null,"NET_INTEREST_INCOME":null,"NET_INTEREST_INCOME_YOY":null,"FEE_COMMISSION_INCOME":null,"FEE_COMMISSION_INCOME_YOY":null,"ACCOUNTS_RECE_TDAYS":1.345687116782,"INVENTORY_TDAYS":6.19812399192,"CURRENT_ASSETS_TDAYS":0.631151436485,"TOTAL_ASSETS_TDAYS":0.55475516458,"PREMIUM_EXPENSE":null,"LOAN_DEPOSIT":null,"LOAN_EQUITY":null,"LOAN_ASSETS":null,"DEPOSIT_EQUITY":null,"DEPOSIT_ASSETS":null,"EQUITY_MULTIPLIER":2.585633975919,"EQUITY_RATIO":1.58563397592},{"SECUCODE":"01204.HK","SECURITY_CODE":"01204","SECURITY_NAME_ABBR":"博维智慧","ORG_CODE":"10000198106","STD_REPORT_DATE":"2021-12-31 00:00:00","REPORT_DATE":"2021-12-31 00:00:00","DATE_TYPE_CODE":"001","REPORT_TYPE":"2021年年报","PER_NETCASH_OPERATE":null,"PER_OI":null,"BPS":0.2761574816,"BASIC_EPS":0.05698672,"DILUTED_EPS":0.05625088,"OPERATE_INCOME":436845315.2,"OPERATE_INCOME_YOY":12.4117414392,"GROSS_PROFIT":91661136,"GROSS_PROFIT_YOY":16.462706300969,"HOLDER_PROFIT":19624852.8,"HOLDER_PROFIT_YOY":-19.6094848952,"GROSS_PROFIT_RATIO":20.982515506212,"EPS_TTM":null,"OPERATE_INCOME_QOQ":2622.12202595398,"NET_PROFIT_RATIO":4.4924031727,"ROE_AVG":15.90276673557,"GROSS_PROFIT_QOQ":695.241525253578,"ROA":5.50379829266,"HOLDER_PROFIT_QOQ":-11.565148442578,"ROE_YEARLY":15.90276673557,"ROIC_YEARLY":6.486666162211,"TOTAL_ASSETS":356569259.2,"TOTAL_LIABILITIES":218490518.4,"TAX_EBT":19.995333644424,"OCF_SALES":-9.307470307055,"TOTAL_PARENT_EQUITY":138078740.8,"DEBT_ASSET_RATIO":61.2757585694,"OPERATE_PROFIT":25940812.8,"PRETAX_PROFIT":24529635.2,"NETCASH_OPERATE":-40659248,"NETCASH_INVEST":-4165672,"NETCASH_FINANCE":32189729.6,"END_CASH":11842936,"DIVI_RATIO":null,"DIVIDEND_RATE":null,"CURRENT_RATIO":1.772862888141,"COMMON_ACS":10000000000,"CURRENTDEBT_DEBT":80.01975796493,"ISSUED_COMMON_SHARES":500000000,"HK_COMMON_SHARES":500000000,"PER_SHARES":2000,"TOTAL_MARKET_CAP":1110000000,"HKSK_MARKET_CAP":1110000000,"PE_TTM":258.019525801953,"PB_TTM":3.300182847969,"REPORT_DATE_SQ":"2020-12-31 00:00:00","REPORT_TYPE_SQ":"2020年年报","OPERATE_INCOME_SQ":400038225.12,"DPS_HKD":null,"OPERATE_INCOME_QOQ_SQ":null,"NET_PROFIT_RATIO_SQ":null,"HOLDER_PROFIT_SQ":25129687.12,"HOLDER_PROFIT_QOQ_SQ":11.239200279932,"ROE_AVG_SQ":24.648329150707,"PE_TTM_SQ":-591.45880574452,"PB_TTM_SQ":4.708678711657,"ROA_SQ":null,"START_DATE":"2021-01-01 00:00:00","FISCAL_YEAR":"12-31","CURRENCY":"HKD","IS_CNY_CODE":0,"DPS_HKD_LY":null,"ORG_TYPE":"一般企业","PREMIUM_INCOME":null,"PREMIUM_INCOME_YOY":null,"NET_INTEREST_INCOME":null,"NET_INTEREST_INCOME_YOY":null,"FEE_COMMISSION_INCOME":null,"FEE_COMMISSION_INCOME_YOY":null,"ACCOUNTS_RECE_TDAYS":3.762319207965,"INVENTORY_TDAYS":14.075881843035,"CURRENT_ASSETS_TDAYS":1.674387266807,"TOTAL_ASSETS_TDAYS":2.450269079169,"PREMIUM_EXPENSE":null,"LOAN_DEPOSIT":null,"LOAN_EQUITY":null,"LOAN_ASSETS":null,"DEPOSIT_EQUITY":null,"DEPOSIT_ASSETS":null,"EQUITY_MULTIPLIER":2.582361753405,"EQUITY_RATIO":1.582361753403},{"SECUCODE":"01204.HK","SECURITY_CODE":"01204","SECURITY_NAME_ABBR":"博维智慧","ORG_CODE":"10000198106","STD_REPORT_DATE":"2021-09-30 00:00:00","REPORT_DATE":"2021-09-30 00:00:00","DATE_TYPE_CODE":"004","REPORT_TYPE":"2021年三季报","PER_NETCASH_OPERATE":null,"PER_OI":null,"BPS":0.26974316188,"BASIC_EPS":1406.20528,"DILUTED_EPS":1390.37714,"OPERATE_INCOME":304660038.72,"OPERATE_INCOME_YOY":11.3461573592,"GROSS_PROFIT":66436535,"GROSS_PROFIT_YOY":20.990950270321,"HOLDER_PROFIT":14363620.52,"HOLDER_PROFIT_YOY":-12.4327069578,"GROSS_PROFIT_RATIO":21.806776917356,"EPS_TTM":null,"OPERATE_INCOME_QOQ":null,"NET_PROFIT_RATIO":4.7146388415,"ROE_AVG":11.693931255256,"GROSS_PROFIT_QOQ":null,"ROA":4.823760138093,"HOLDER_PROFIT_QOQ":-11.692848645383,"ROE_YEARLY":15.591908340342,"ROIC_YEARLY":5.32767256536,"TOTAL_ASSETS":297768133.34,"TOTAL_LIABILITIES":162896552.4,"TAX_EBT":22.441635553956,"OCF_SALES":-5.419291683073,"TOTAL_PARENT_EQUITY":134871580.94,"DEBT_ASSET_RATIO":54.7058379192,"OPERATE_PROFIT":null,"PRETAX_PROFIT":18519756.86,"NETCASH_OPERATE":-16510416.14,"NETCASH_INVEST":-2753263.3,"NETCASH_FINANCE":19868481,"END_CASH":23839678.02,"DIVI_RATIO":null,"DIVIDEND_RATE":null,"CURRENT_RATIO":2.127055220869,"COMMON_ACS":10000000000,"CURRENTDEBT_DEBT":71.476935665337,"ISSUED_COMMON_SHARES":500000000,"HK_COMMON_SHARES":500000000,"PER_SHARES":2000,"TOTAL_MARKET_CAP":1110000000,"HKSK_MARKET_CAP":1110000000,"PE_TTM":258.019525801953,"PB_TTM":3.300182847969,"REPORT_DATE_SQ":"2020-09-30 00:00:00","REPORT_TYPE_SQ":"2020年三季报","OPERATE_INCOME_SQ":288612069.12,"DPS_HKD":null,"OPERATE_INCOME_QOQ_SQ":null,"NET_PROFIT_RATIO_SQ":5.9948971825,"HOLDER_PROFIT_SQ":17301996.8,"HOLDER_PROFIT_QOQ_SQ":0,"ROE_AVG_SQ":null,"PE_TTM_SQ":-591.45880574452,"PB_TTM_SQ":4.708678711657,"ROA_SQ":null,"START_DATE":"2021-01-01 00:00:00","FISCAL_YEAR":"12-31","CURRENCY":"HKD","IS_CNY_CODE":0,"DPS_HKD_LY":null,"ORG_TYPE":"一般企业","PREMIUM_INCOME":null,"PREMIUM_INCOME_YOY":null,"NET_INTEREST_INCOME":null,"NET_INTEREST_INCOME_YOY":null,"FEE_COMMISSION_INCOME":null,"FEE_COMMISSION_INCOME_YOY":null,"ACCOUNTS_RECE_TDAYS":3.798875021424,"INVENTORY_TDAYS":9.71140392583,"CURRENT_ASSETS_TDAYS":1.314595775962,"TOTAL_ASSETS_TDAYS":2.046290415987,"PREMIUM_EXPENSE":null,"LOAN_DEPOSIT":null,"LOAN_EQUITY":null,"LOAN_ASSETS":null,"DEPOSIT_EQUITY":null,"DEPOSIT_ASSETS":null,"EQUITY_MULTIPLIER":2.20779004194,"EQUITY_RATIO":1.20779004194},{"SECUCODE":"01204.HK","SECURITY_CODE":"01204","SECURITY_NAME_ABBR":"博维智慧","ORG_CODE":"10000198106","STD_REPORT_DATE":"2021-06-30 00:00:00","REPORT_DATE":"2021-06-30 00:00:00","DATE_TYPE_CODE":"002","REPORT_TYPE":"2021年中报","PER_NETCASH_OPERATE":null,"PER_OI":null,"BPS":null,"BASIC_EPS":0.00790476,"DILUTED_EPS":0.007821552,"OPERATE_INCOME":184029469.44,"OPERATE_INCOME_YOY":null,"GROSS_PROFIT":36519991.2,"GROSS_PROFIT_YOY":null,"HOLDER_PROFIT":2694275.04,"HOLDER_PROFIT_YOY":null,"GROSS_PROFIT_RATIO":19.844642986327,"EPS_TTM":0.245407100781,"OPERATE_INCOME_QOQ":null,"NET_PROFIT_RATIO":1.4640454315,"ROE_AVG":null,"GROSS_PROFIT_QOQ":null,"ROA":null,"HOLDER_PROFIT_QOQ":0,"ROE_YEARLY":null,"ROIC_YEARLY":null,"TOTAL_ASSETS":null,"TOTAL_LIABILITIES":null,"TAX_EBT":35.677393722686,"OCF_SALES":0.20391738407,"TOTAL_PARENT_EQUITY":null,"DEBT_ASSET_RATIO":null,"OPERATE_PROFIT":4869332.16,"PRETAX_PROFIT":4188690.72,"NETCASH_OPERATE":375268.08,"NETCASH_INVEST":-1509393.12,"NETCASH_FINANCE":14542262.16,"END_CASH":38378857.92,"DIVI_RATIO":null,"DIVIDEND_RATE":null,"CURRENT_RATIO":null,"COMMON_ACS":10000000000,"CURRENTDEBT_DEBT":null,"ISSUED_COMMON_SHARES":500000000,"HK_COMMON_SHARES":500000000,"PER_SHARES":2000,"TOTAL_MARKET_CAP":1110000000,"HKSK_MARKET_CAP":1110000000,"PE_TTM":258.019525801953,"PB_TTM":3.300182847969,"REPORT_DATE_SQ":"2020-06-30 00:00:00","REPORT_TYPE_SQ":"2020年中报","OPERATE_INCOME_SQ":null,"DPS_HKD":null,"OPERATE_INCOME_QOQ_SQ":null,"NET_PROFIT_RATIO_SQ":null,"HOLDER_PROFIT_SQ":null,"HOLDER_PROFIT_QOQ_SQ":0,"ROE_AVG_SQ":null,"PE_TTM_SQ":-591.45880574452,"PB_TTM_SQ":4.708678711657,"ROA_SQ":null,"START_DATE":"2021-01-01 00:00:00","FISCAL_YEAR":"12-31","CURRENCY":"HKD","IS_CNY_CODE":0,"DPS_HKD_LY":null,"ORG_TYPE":"一般企业","PREMIUM_INCOME":null,"PREMIUM_INCOME_YOY":null,"NET_INTEREST_INCOME":null,"NET_INTEREST_INCOME_YOY":null,"FEE_COMMISSION_INCOME":null,"FEE_COMMISSION_INCOME_YOY":null,"ACCOUNTS_RECE_TDAYS":null,"INVENTORY_TDAYS":null,"CURRENT_ASSETS_TDAYS":1.707221619702,"TOTAL_ASSETS_TDAYS":null,"PREMIUM_EXPENSE":null,"LOAN_DEPOSIT":null,"LOAN_EQUITY":null,"LOAN_ASSETS":null,"DEPOSIT_EQUITY":null,"DEPOSIT_ASSETS":null,"EQUITY_MULTIPLIER":null,"EQUITY_RATIO":null},{"SECUCODE":"01204.HK","SECURITY_CODE":"01204","SECURITY_NAME_ABBR":"博维智慧","ORG_CODE":"10000198106","STD_REPORT_DATE":"2020-12-31 00:00:00","REPORT_DATE":"2020-12-31 00:00:00","DATE_TYPE_CODE":"001","REPORT_TYPE":"2020年年报","PER_NETCASH_OPERATE":0.166363625391,"PER_OI":3.906623292188,"BPS":0.22385772392,"BASIC_EPS":2513.13704,"DILUTED_EPS":2513.13704,"OPERATE_INCOME":400038225.12,"OPERATE_INCOME_YOY":null,"GROSS_PROFIT":78704281.32,"GROSS_PROFIT_YOY":2.573254659056,"HOLDER_PROFIT":25129687.12,"HOLDER_PROFIT_YOY":18.3948610175,"GROSS_PROFIT_RATIO":null,"EPS_TTM":0.245407100781,"OPERATE_INCOME_QOQ":null,"NET_PROFIT_RATIO":null,"ROE_AVG":24.648329150707,"GROSS_PROFIT_QOQ":null,"ROA":null,"HOLDER_PROFIT_QOQ":11.239200279932,"ROE_YEARLY":24.648329150707,"ROIC_YEARLY":9.623727655405,"TOTAL_ASSETS":268011841.6,"TOTAL_LIABILITIES":156082979.64,"TAX_EBT":12.568081991215,"OCF_SALES":null,"TOTAL_PARENT_EQUITY":111928861.96,"DEBT_ASSET_RATIO":null,"OPERATE_PROFIT":null,"PRETAX_PROFIT":28742006,"NETCASH_OPERATE":17035635.24,"NETCASH_INVEST":-4259540.04,"NETCASH_FINANCE":-11788851.48,"END_CASH":25164194.36,"DIVI_RATIO":null,"DIVIDEND_RATE":null,"CURRENT_RATIO":1.543953424625,"COMMON_ACS":10000000000,"CURRENTDEBT_DEBT":90.489671126066,"ISSUED_COMMON_SHARES":500000000,"HK_COMMON_SHARES":500000000,"PER_SHARES":2000,"TOTAL_MARKET_CAP":1110000000,"HKSK_MARKET_CAP":1110000000,"PE_TTM":258.019525801953,"PB_TTM":3.300182847969,"REPORT_DATE_SQ":"2019-12-31 00:00:00","REPORT_TYPE_SQ":"2019年年报","OPERATE_INCOME_SQ":450346228.76,"DPS_HKD":null,"OPERATE_INCOME_QOQ_SQ":null,"NET_PROFIT_RATIO_SQ":null,"HOLDER_PROFIT_SQ":22590675.82,"HOLDER_PROFIT_QOQ_SQ":76.375402165266,"ROE_AVG_SQ":25.694738075467,"PE_TTM_SQ":-591.45880574452,"PB_TTM_SQ":4.708678711657,"ROA_SQ":null,"START_DATE":"2020-01-01 00:00:00","FISCAL_YEAR":"12-31","CURRENCY":"HKD","IS_CNY_CODE":0,"DPS_HKD_LY":null,"ORG_TYPE":"一般企业","PREMIUM_INCOME":null,"PREMIUM_INCOME_YOY":null,"NET_INTEREST_INCOME":null,"NET_INTEREST_INCOME_YOY":null,"FEE_COMMISSION_INCOME":null,"FEE_COMMISSION_INCOME_YOY":null,"ACCOUNTS_RECE_TDAYS":4.850329098423,"INVENTORY_TDAYS":null,"CURRENT_ASSETS_TDAYS":null,"TOTAL_ASSETS_TDAYS":null,"PREMIUM_EXPENSE":null,"LOAN_DEPOSIT":null,"LOAN_EQUITY":null,"LOAN_ASSETS":null,"DEPOSIT_EQUITY":null,"DEPOSIT_ASSETS":null,"EQUITY_MULTIPLIER":null,"EQUITY_RATIO":1.394483754295}],"count":12},"success":true,"message":"ok","code":0}