{"version":"d3d640139546ef3ebdf3c3708ab83fdc","result":{"pages":6,"data":[{"SECUCODE":"01200.HK","SECURITY_CODE":"01200","SECURITY_NAME_ABBR":"美联集团","ORG_CODE":"10010548","STD_REPORT_DATE":"2024-06-30 00:00:00","REPORT_DATE":"2024-06-30 00:00:00","DATE_TYPE_CODE":"002","REPORT_TYPE":"2024年中报","PER_NETCASH_OPERATE":0.120456765238,"PER_OI":4.224037004599,"BPS":1.068258633272,"BASIC_EPS":0.221507436,"DILUTED_EPS":0.221507436,"OPERATE_INCOME":3028997820.6,"OPERATE_INCOME_YOY":40.9882189611,"GROSS_PROFIT":3014478907.16,"GROSS_PROFIT_YOY":39.745255100668,"HOLDER_PROFIT":158867469.56,"HOLDER_PROFIT_YOY":345.65145037,"GROSS_PROFIT_RATIO":99.520669399586,"EPS_TTM":0.118355029422,"OPERATE_INCOME_QOQ":23.209274986,"NET_PROFIT_RATIO":5.2448855684,"ROE_AVG":23.262996537286,"GROSS_PROFIT_QOQ":23.363947822469,"ROA":4.038171083186,"HOLDER_PROFIT_QOQ":323.431545723963,"ROE_YEARLY":46.525993074572,"ROIC_YEARLY":9.378165259406,"TOTAL_ASSETS":4610762615.92,"TOTAL_LIABILITIES":3844729300.28,"TAX_EBT":15.669298968073,"OCF_SALES":2.851697679429,"TOTAL_PARENT_EQUITY":766033315.64,"DEBT_ASSET_RATIO":83.3859736566,"OPERATE_PROFIT":195814581.32,"PRETAX_PROFIT":188386278.8,"NETCASH_OPERATE":86377860.56,"NETCASH_INVEST":72101.72,"NETCASH_FINANCE":34914573.4,"END_CASH":606550699.76,"DIVI_RATIO":null,"DIVIDEND_RATE":null,"CURRENT_RATIO":1.124927320511,"COMMON_ACS":1000000000,"CURRENTDEBT_DEBT":97.985576978999,"ISSUED_COMMON_SHARES":717086005,"HK_COMMON_SHARES":717086005,"PER_SHARES":2000,"TOTAL_MARKET_CAP":645377404.5,"HKSK_MARKET_CAP":645377404.5,"PE_TTM":6.932683845014,"PB_TTM":0.768926151791,"REPORT_DATE_SQ":"2023-06-30 00:00:00","REPORT_TYPE_SQ":"2023年中报","OPERATE_INCOME_SQ":2170296664.96,"DPS_HKD":null,"OPERATE_INCOME_QOQ_SQ":25.281761387143,"NET_PROFIT_RATIO_SQ":1.659294667,"HOLDER_PROFIT_SQ":36011616.82,"HOLDER_PROFIT_QOQ_SQ":49.142198372136,"ROE_AVG_SQ":5.508894709154,"PE_TTM_SQ":-1.690906101578,"PB_TTM_SQ":0.605889623269,"ROA_SQ":0.993784489797,"START_DATE":"2024-01-01 00:00:00","FISCAL_YEAR":"12-31","CURRENCY":"HKD","IS_CNY_CODE":0,"DPS_HKD_LY":null,"ORG_TYPE":"一般企业","PREMIUM_INCOME":null,"PREMIUM_INCOME_YOY":null,"NET_INTEREST_INCOME":null,"NET_INTEREST_INCOME_YOY":null,"FEE_COMMISSION_INCOME":null,"FEE_COMMISSION_INCOME_YOY":null,"ACCOUNTS_RECE_TDAYS":1.020007551411,"INVENTORY_TDAYS":null,"CURRENT_ASSETS_TDAYS":0.861380206316,"TOTAL_ASSETS_TDAYS":0.769925488463,"PREMIUM_EXPENSE":null,"LOAN_DEPOSIT":null,"LOAN_EQUITY":null,"LOAN_ASSETS":null,"DEPOSIT_EQUITY":null,"DEPOSIT_ASSETS":null,"EQUITY_MULTIPLIER":6.019010559696,"EQUITY_RATIO":5.019010559701},{"SECUCODE":"01200.HK","SECURITY_CODE":"01200","SECURITY_NAME_ABBR":"美联集团","ORG_CODE":"10010548","STD_REPORT_DATE":"2023-12-31 00:00:00","REPORT_DATE":"2023-12-31 00:00:00","DATE_TYPE_CODE":"001","REPORT_TYPE":"2023年年报","PER_NETCASH_OPERATE":0.68698023281,"PER_OI":5.15951912446,"BPS":0.830527473507,"BASIC_EPS":-0.05301387,"DILUTED_EPS":-0.05301387,"OPERATE_INCOME":3699818956.68,"OPERATE_INCOME_YOY":31.0596014372,"GROSS_PROFIT":3669562083.32,"GROSS_PROFIT_YOY":33.775102374478,"HOLDER_PROFIT":-37985117.52,"HOLDER_PROFIT_YOY":92.1501354942,"GROSS_PROFIT_RATIO":99.182206650805,"EPS_TTM":-0.052971494709,"OPERATE_INCOME_QOQ":6.128465835533,"NET_PROFIT_RATIO":-1.0266750337,"ROE_AVG":-6.249408284685,"GROSS_PROFIT_QOQ":6.398191423405,"ROA":-1.133691693793,"HOLDER_PROFIT_QOQ":84.341308385968,"ROE_YEARLY":-6.249408284685,"ROIC_YEARLY":-1.307466401738,"TOTAL_ASSETS":3234468643.14,"TOTAL_LIABILITIES":2638909015.12,"TAX_EBT":-43.503714608511,"OCF_SALES":13.314811249631,"TOTAL_PARENT_EQUITY":595559628.02,"DEBT_ASSET_RATIO":81.5870953245,"OPERATE_PROFIT":-16224056.66,"PRETAX_PROFIT":-26469779.98,"NETCASH_OPERATE":492623910.66,"NETCASH_INVEST":49535797.64,"NETCASH_FINANCE":-464435937.56,"END_CASH":482242254.34,"DIVI_RATIO":null,"DIVIDEND_RATE":null,"CURRENT_RATIO":1.094965009861,"COMMON_ACS":1000000000,"CURRENTDEBT_DEBT":96.04367588417,"ISSUED_COMMON_SHARES":717086005,"HK_COMMON_SHARES":717086005,"PER_SHARES":2000,"TOTAL_MARKET_CAP":559327083.9,"HKSK_MARKET_CAP":559327083.9,"PE_TTM":6.008325999012,"PB_TTM":0.666402664886,"REPORT_DATE_SQ":"2022-12-31 00:00:00","REPORT_TYPE_SQ":"2022年年报","OPERATE_INCOME_SQ":2782663787.61,"DPS_HKD":null,"OPERATE_INCOME_QOQ_SQ":-20.71855339819,"NET_PROFIT_RATIO_SQ":-17.1411392671,"HOLDER_PROFIT_SQ":-476980275.17,"HOLDER_PROFIT_QOQ_SQ":-81.190202712016,"ROE_AVG_SQ":-57.095641462669,"PE_TTM_SQ":-1.418179311001,"PB_TTM_SQ":0.508165490484,"ROA_SQ":-10.49250339674,"START_DATE":"2023-01-01 00:00:00","FISCAL_YEAR":"12-31","CURRENCY":"HKD","IS_CNY_CODE":0,"DPS_HKD_LY":null,"ORG_TYPE":"一般企业","PREMIUM_INCOME":null,"PREMIUM_INCOME_YOY":null,"NET_INTEREST_INCOME":null,"NET_INTEREST_INCOME_YOY":null,"FEE_COMMISSION_INCOME":null,"FEE_COMMISSION_INCOME_YOY":null,"ACCOUNTS_RECE_TDAYS":1.607047290802,"INVENTORY_TDAYS":null,"CURRENT_ASSETS_TDAYS":1.341874028256,"TOTAL_ASSETS_TDAYS":1.1042361571,"PREMIUM_EXPENSE":null,"LOAN_DEPOSIT":null,"LOAN_EQUITY":null,"LOAN_ASSETS":null,"DEPOSIT_EQUITY":null,"DEPOSIT_ASSETS":null,"EQUITY_MULTIPLIER":5.430973643885,"EQUITY_RATIO":4.430973643887},{"SECUCODE":"01200.HK","SECURITY_CODE":"01200","SECURITY_NAME_ABBR":"美联集团","ORG_CODE":"10010548","STD_REPORT_DATE":"2023-06-30 00:00:00","REPORT_DATE":"2023-06-30 00:00:00","DATE_TYPE_CODE":"002","REPORT_TYPE":"2023年中报","PER_NETCASH_OPERATE":0.309106545372,"PER_OI":3.026550023048,"BPS":0.943451708111,"BASIC_EPS":0.05024791,"DILUTED_EPS":0.05024791,"OPERATE_INCOME":2170296664.96,"OPERATE_INCOME_YOY":37.2436322379,"GROSS_PROFIT":2157124336.7,"GROSS_PROFIT_YOY":48.632692052242,"HOLDER_PROFIT":36011616.82,"HOLDER_PROFIT_YOY":116.8372273472,"GROSS_PROFIT_RATIO":99.393063240032,"EPS_TTM":-0.338288127865,"OPERATE_INCOME_QOQ":25.281761387143,"NET_PROFIT_RATIO":1.659294667,"ROE_AVG":5.508894709154,"GROSS_PROFIT_QOQ":25.730616831754,"ROA":0.993784489797,"HOLDER_PROFIT_QOQ":49.142198372136,"ROE_YEARLY":11.017789418307,"ROIC_YEARLY":2.244637887711,"TOTAL_ASSETS":3720412419.16,"TOTAL_LIABILITIES":3043876402.88,"TAX_EBT":25.18292916523,"OCF_SALES":10.213164924349,"TOTAL_PARENT_EQUITY":676536016.28,"DEBT_ASSET_RATIO":81.8155639736,"OPERATE_PROFIT":54547102.74,"PRETAX_PROFIT":48132887.88,"NETCASH_OPERATE":221655977.74,"NETCASH_INVEST":34679355.72,"NETCASH_FINANCE":-250922388.88,"END_CASH":414505612.36,"DIVI_RATIO":null,"DIVIDEND_RATE":null,"CURRENT_RATIO":1.085322802439,"COMMON_ACS":1000000000,"CURRENTDEBT_DEBT":95.883240606569,"ISSUED_COMMON_SHARES":717086005,"HK_COMMON_SHARES":717086005,"PER_SHARES":2000,"TOTAL_MARKET_CAP":559327083.9,"HKSK_MARKET_CAP":559327083.9,"PE_TTM":6.008325999012,"PB_TTM":0.666402664886,"REPORT_DATE_SQ":"2022-06-30 00:00:00","REPORT_TYPE_SQ":"2022年中报","OPERATE_INCOME_SQ":1466790245.97,"DPS_HKD":null,"OPERATE_INCOME_QOQ_SQ":-28.469147981173,"NET_PROFIT_RATIO_SQ":-13.4587112637,"HOLDER_PROFIT_SQ":-198386976.2,"HOLDER_PROFIT_QOQ_SQ":-421.292629331618,"ROE_AVG_SQ":-21.641762500362,"PE_TTM_SQ":-1.418179311001,"PB_TTM_SQ":0.508165490484,"ROA_SQ":-3.794418975301,"START_DATE":"2023-01-01 00:00:00","FISCAL_YEAR":"12-31","CURRENCY":"HKD","IS_CNY_CODE":0,"DPS_HKD_LY":null,"ORG_TYPE":"一般企业","PREMIUM_INCOME":null,"PREMIUM_INCOME_YOY":null,"NET_INTEREST_INCOME":null,"NET_INTEREST_INCOME_YOY":null,"FEE_COMMISSION_INCOME":null,"FEE_COMMISSION_INCOME_YOY":null,"ACCOUNTS_RECE_TDAYS":0.852758498144,"INVENTORY_TDAYS":null,"CURRENT_ASSETS_TDAYS":0.728967962846,"TOTAL_ASSETS_TDAYS":0.598919835973,"PREMIUM_EXPENSE":null,"LOAN_DEPOSIT":null,"LOAN_EQUITY":null,"LOAN_ASSETS":null,"DEPOSIT_EQUITY":null,"DEPOSIT_ASSETS":null,"EQUITY_MULTIPLIER":5.499208216016,"EQUITY_RATIO":4.499208216019},{"SECUCODE":"01200.HK","SECURITY_CODE":"01200","SECURITY_NAME_ABBR":"美联集团","ORG_CODE":"10010548","STD_REPORT_DATE":"2022-12-31 00:00:00","REPORT_DATE":"2022-12-31 00:00:00","DATE_TYPE_CODE":"001","REPORT_TYPE":"2022年年报","PER_NETCASH_OPERATE":0.073955629116,"PER_OI":3.880516100171,"BPS":0.852363882014,"BASIC_EPS":-0.665128842,"DILUTED_EPS":-0.665128842,"OPERATE_INCOME":2782663787.61,"OPERATE_INCOME_YOY":-48.0933383899,"GROSS_PROFIT":2743082993.91,"GROSS_PROFIT_YOY":-43.581529942261,"HOLDER_PROFIT":-476980275.17,"HOLDER_PROFIT_YOY":-632.8360591939,"GROSS_PROFIT_RATIO":98.577593388169,"EPS_TTM":-0.665164669013,"OPERATE_INCOME_QOQ":-20.71855339819,"NET_PROFIT_RATIO":-17.1411392671,"ROE_AVG":-57.095641462669,"GROSS_PROFIT_QOQ":-20.837155946608,"ROA":-10.49250339674,"HOLDER_PROFIT_QOQ":-81.190202712016,"ROE_YEARLY":-57.095641462669,"ROIC_YEARLY":-12.988913822147,"TOTAL_ASSETS":3417129350.32,"TOTAL_LIABILITIES":2805911139.36,"TAX_EBT":9.312144510624,"OCF_SALES":1.905819411822,"TOTAL_PARENT_EQUITY":611218210.96,"DEBT_ASSET_RATIO":82.1131087443,"OPERATE_PROFIT":-511464070.25,"PRETAX_PROFIT":-525958269.27,"NETCASH_OPERATE":53032546.63,"NETCASH_INVEST":-8963071.18,"NETCASH_FINANCE":-983415235.32,"END_CASH":402566417.82,"DIVI_RATIO":null,"DIVIDEND_RATE":null,"CURRENT_RATIO":1.091388127841,"COMMON_ACS":1000000000,"CURRENTDEBT_DEBT":88.170132893242,"ISSUED_COMMON_SHARES":717086005,"HK_COMMON_SHARES":717086005,"PER_SHARES":2000,"TOTAL_MARKET_CAP":559327083.9,"HKSK_MARKET_CAP":559327083.9,"PE_TTM":6.008325999012,"PB_TTM":0.666402664886,"REPORT_DATE_SQ":"2021-12-31 00:00:00","REPORT_TYPE_SQ":"2021年年报","OPERATE_INCOME_SQ":4906770803.2,"DPS_HKD":null,"OPERATE_INCOME_QOQ_SQ":2.093774321418,"NET_PROFIT_RATIO_SQ":1.6698181367,"HOLDER_PROFIT_SQ":81934148.8,"HOLDER_PROFIT_QOQ_SQ":-70.739379049065,"ROE_AVG_SQ":8.807607309014,"PE_TTM_SQ":-1.418179311001,"PB_TTM_SQ":0.508165490484,"ROA_SQ":1.761016899264,"START_DATE":"2022-01-01 00:00:00","FISCAL_YEAR":"12-31","CURRENCY":"HKD","IS_CNY_CODE":0,"DPS_HKD_LY":null,"ORG_TYPE":"一般企业","PREMIUM_INCOME":null,"PREMIUM_INCOME_YOY":null,"NET_INTEREST_INCOME":null,"NET_INTEREST_INCOME_YOY":null,"FEE_COMMISSION_INCOME":null,"FEE_COMMISSION_INCOME_YOY":null,"ACCOUNTS_RECE_TDAYS":0.980397358997,"INVENTORY_TDAYS":null,"CURRENT_ASSETS_TDAYS":0.745753351068,"TOTAL_ASSETS_TDAYS":0.612124038737,"PREMIUM_EXPENSE":null,"LOAN_DEPOSIT":null,"LOAN_EQUITY":null,"LOAN_ASSETS":null,"DEPOSIT_EQUITY":null,"DEPOSIT_ASSETS":null,"EQUITY_MULTIPLIER":5.590686417805,"EQUITY_RATIO":4.59068641779},{"SECUCODE":"01200.HK","SECURITY_CODE":"01200","SECURITY_NAME_ABBR":"美联集团","ORG_CODE":"10010548","STD_REPORT_DATE":"2022-06-30 00:00:00","REPORT_DATE":"2022-06-30 00:00:00","DATE_TYPE_CODE":"002","REPORT_TYPE":"2022年中报","PER_NETCASH_OPERATE":0.103218712935,"PER_OI":2.045487202013,"BPS":1.142050956886,"BASIC_EPS":-0.276653965,"DILUTED_EPS":-0.276653965,"OPERATE_INCOME":1466790245.97,"OPERATE_INCOME_YOY":-50.0442565337,"GROSS_PROFIT":1451312162.16,"GROSS_PROFIT_YOY":-49.448492635048,"HOLDER_PROFIT":-198386976.2,"HOLDER_PROFIT_YOY":-231.4930280014,"GROSS_PROFIT_RATIO":null,"EPS_TTM":-0.367108518594,"OPERATE_INCOME_QOQ":-28.469147981173,"NET_PROFIT_RATIO":-13.4587112637,"ROE_AVG":-21.641762500362,"GROSS_PROFIT_QOQ":-28.731122874152,"ROA":-3.794418975301,"HOLDER_PROFIT_QOQ":-421.292629331618,"ROE_YEARLY":-43.283525000723,"ROIC_YEARLY":-10.324188555073,"TOTAL_ASSETS":5023988968.95,"TOTAL_LIABILITIES":4205040210.77,"TAX_EBT":7.849734449295,"OCF_SALES":5.021344339486,"TOTAL_PARENT_EQUITY":818948758.18,"DEBT_ASSET_RATIO":83.6992325572,"OPERATE_PROFIT":-211083982.13,"PRETAX_PROFIT":-215286385.79,"NETCASH_OPERATE":74016694.5,"NETCASH_INVEST":-15543078.25,"NETCASH_FINANCE":138433881.25,"END_CASH":1482967875.2,"DIVI_RATIO":null,"DIVIDEND_RATE":null,"CURRENT_RATIO":1.046030032895,"COMMON_ACS":1000000000,"CURRENTDEBT_DEBT":94.480935139797,"ISSUED_COMMON_SHARES":717086005,"HK_COMMON_SHARES":717086005,"PER_SHARES":2000,"TOTAL_MARKET_CAP":559327083.9,"HKSK_MARKET_CAP":559327083.9,"PE_TTM":6.008325999012,"PB_TTM":0.666402664886,"REPORT_DATE_SQ":"2021-06-30 00:00:00","REPORT_TYPE_SQ":"2021年中报","OPERATE_INCOME_SQ":2870957243.04,"DPS_HKD":null,"OPERATE_INCOME_QOQ_SQ":14.623428841957,"NET_PROFIT_RATIO_SQ":5.1191622704,"HOLDER_PROFIT_SQ":146795553.6,"HOLDER_PROFIT_QOQ_SQ":152.325841918236,"ROE_AVG_SQ":14.985224578758,"PE_TTM_SQ":-1.418179311001,"PB_TTM_SQ":0.508165490484,"ROA_SQ":2.942486497828,"START_DATE":"2022-01-01 00:00:00","FISCAL_YEAR":"12-31","CURRENCY":"HKD","IS_CNY_CODE":0,"DPS_HKD_LY":null,"ORG_TYPE":"一般企业","PREMIUM_INCOME":null,"PREMIUM_INCOME_YOY":null,"NET_INTEREST_INCOME":null,"NET_INTEREST_INCOME_YOY":null,"FEE_COMMISSION_INCOME":null,"FEE_COMMISSION_INCOME_YOY":null,"ACCOUNTS_RECE_TDAYS":0.496436561003,"INVENTORY_TDAYS":null,"CURRENT_ASSETS_TDAYS":0.33826012229,"TOTAL_ASSETS_TDAYS":0.281930335004,"PREMIUM_EXPENSE":null,"LOAN_DEPOSIT":null,"LOAN_EQUITY":null,"LOAN_ASSETS":null,"DEPOSIT_EQUITY":null,"DEPOSIT_ASSETS":null,"EQUITY_MULTIPLIER":6.134680489793,"EQUITY_RATIO":5.134680489797},{"SECUCODE":"01200.HK","SECURITY_CODE":"01200","SECURITY_NAME_ABBR":"美联集团","ORG_CODE":"10010548","STD_REPORT_DATE":"2021-12-31 00:00:00","REPORT_DATE":"2021-12-31 00:00:00","DATE_TYPE_CODE":"001","REPORT_TYPE":"2021年年报","PER_NETCASH_OPERATE":0.855020375973,"PER_OI":6.842653139214,"BPS":1.352465175499,"BASIC_EPS":0.11413696,"DILUTED_EPS":0.1140552,"OPERATE_INCOME":4906770803.2,"OPERATE_INCOME_YOY":20.4642386871,"GROSS_PROFIT":4862030096,"GROSS_PROFIT_YOY":17.438471808936,"HOLDER_PROFIT":81934148.8,"HOLDER_PROFIT_YOY":-23.9969966781,"GROSS_PROFIT_RATIO":99.088184286684,"EPS_TTM":0.114259863153,"OPERATE_INCOME_QOQ":2.093774321418,"NET_PROFIT_RATIO":1.6698181367,"ROE_AVG":8.807607309014,"GROSS_PROFIT_QOQ":2.295338150443,"ROA":1.761016899264,"HOLDER_PROFIT_QOQ":-70.739379049065,"ROE_YEARLY":8.807607309014,"ROIC_YEARLY":2.243123491208,"TOTAL_ASSETS":5193989595.2,"TOTAL_LIABILITIES":4224155745.6,"TAX_EBT":30.410538449787,"OCF_SALES":12.495451085674,"TOTAL_PARENT_EQUITY":969833849.6,"DEBT_ASSET_RATIO":81.3277668,"OPERATE_PROFIT":123423260.8,"PRETAX_PROFIT":117739305.6,"NETCASH_OPERATE":613123145.6,"NETCASH_INVEST":-34797056,"NETCASH_FINANCE":-116303600,"END_CASH":1230918875.2,"DIVI_RATIO":null,"DIVIDEND_RATE":null,"CURRENT_RATIO":1.100638396917,"COMMON_ACS":1000000000,"CURRENTDEBT_DEBT":93.760494227171,"ISSUED_COMMON_SHARES":717086005,"HK_COMMON_SHARES":717086005,"PER_SHARES":2000,"TOTAL_MARKET_CAP":559327083.9,"HKSK_MARKET_CAP":559327083.9,"PE_TTM":6.008325999012,"PB_TTM":0.666402664886,"REPORT_DATE_SQ":"2020-12-31 00:00:00","REPORT_TYPE_SQ":"2020年年报","OPERATE_INCOME_SQ":4192983148.8,"DPS_HKD":null,"OPERATE_INCOME_QOQ_SQ":2.746427655626,"NET_PROFIT_RATIO_SQ":2.6466502874,"HOLDER_PROFIT_SQ":110973600.56,"HOLDER_PROFIT_QOQ_SQ":166.72286563059,"ROE_AVG_SQ":10.923932877638,"PE_TTM_SQ":-1.418179311001,"PB_TTM_SQ":0.508165490484,"ROA_SQ":2.586550697504,"START_DATE":"2021-01-01 00:00:00","FISCAL_YEAR":"12-31","CURRENCY":"HKD","IS_CNY_CODE":0,"DPS_HKD_LY":null,"ORG_TYPE":"一般企业","PREMIUM_INCOME":null,"PREMIUM_INCOME_YOY":null,"NET_INTEREST_INCOME":null,"NET_INTEREST_INCOME_YOY":null,"FEE_COMMISSION_INCOME":null,"FEE_COMMISSION_INCOME_YOY":null,"ACCOUNTS_RECE_TDAYS":1.725137112082,"INVENTORY_TDAYS":null,"CURRENT_ASSETS_TDAYS":1.259355063986,"TOTAL_ASSETS_TDAYS":1.05461598513,"PREMIUM_EXPENSE":null,"LOAN_DEPOSIT":null,"LOAN_EQUITY":null,"LOAN_ASSETS":null,"DEPOSIT_EQUITY":null,"DEPOSIT_ASSETS":null,"EQUITY_MULTIPLIER":5.355545795133,"EQUITY_RATIO":4.35554579513},{"SECUCODE":"01200.HK","SECURITY_CODE":"01200","SECURITY_NAME_ABBR":"美联集团","ORG_CODE":"10010548","STD_REPORT_DATE":"2021-06-30 00:00:00","REPORT_DATE":"2021-06-30 00:00:00","DATE_TYPE_CODE":"002","REPORT_TYPE":"2021年中报","PER_NETCASH_OPERATE":0.396511704957,"PER_OI":3.998291506461,"BPS":1.468069100693,"BASIC_EPS":0.204442056,"DILUTED_EPS":0.204442056,"OPERATE_INCOME":2870957243.04,"OPERATE_INCOME_YOY":39.6354443961,"GROSS_PROFIT":2870957243.04,"GROSS_PROFIT_YOY":28.744519276837,"HOLDER_PROFIT":146795553.6,"HOLDER_PROFIT_YOY":824.3984561058,"GROSS_PROFIT_RATIO":99.137356449747,"EPS_TTM":0.389968149631,"OPERATE_INCOME_QOQ":14.623428841957,"NET_PROFIT_RATIO":5.1191622704,"ROE_AVG":14.985224578758,"GROSS_PROFIT_QOQ":14.803346792033,"ROA":2.942486497828,"HOLDER_PROFIT_QOQ":152.325841918236,"ROE_YEARLY":29.970449157516,"ROIC_YEARLY":7.733503182256,"TOTAL_ASSETS":5793507606.48,"TOTAL_LIABILITIES":4740775800,"TAX_EBT":19.558992503967,"OCF_SALES":9.928743187919,"TOTAL_PARENT_EQUITY":1052731806.48,"DEBT_ASSET_RATIO":81.8291115161,"OPERATE_PROFIT":185113669.68,"PRETAX_PROFIT":182488457.28,"NETCASH_OPERATE":284713645.68,"NETCASH_INVEST":-10307807.04,"NETCASH_FINANCE":546326254.32,"END_CASH":1602285699.12,"DIVI_RATIO":null,"DIVIDEND_RATE":null,"CURRENT_RATIO":1.125935123537,"COMMON_ACS":1000000000,"CURRENTDEBT_DEBT":95.922544975867,"ISSUED_COMMON_SHARES":717086005,"HK_COMMON_SHARES":717086005,"PER_SHARES":2000,"TOTAL_MARKET_CAP":559327083.9,"HKSK_MARKET_CAP":559327083.9,"PE_TTM":6.008325999012,"PB_TTM":0.666402664886,"REPORT_DATE_SQ":"2020-06-30 00:00:00","REPORT_TYPE_SQ":"2020年中报","OPERATE_INCOME_SQ":2254411938.24,"DPS_HKD":null,"OPERATE_INCOME_QOQ_SQ":-6.712476208689,"NET_PROFIT_RATIO_SQ":-0.9867725318,"HOLDER_PROFIT_SQ":-22245917.76,"HOLDER_PROFIT_QOQ_SQ":-169.384839832547,"ROE_AVG_SQ":-1.854718302378,"PE_TTM_SQ":-1.418179311001,"PB_TTM_SQ":0.508165490484,"ROA_SQ":-0.435191312899,"START_DATE":"2021-01-01 00:00:00","FISCAL_YEAR":"12-31","CURRENCY":"HKD","IS_CNY_CODE":0,"DPS_HKD_LY":null,"ORG_TYPE":"一般企业","PREMIUM_INCOME":null,"PREMIUM_INCOME_YOY":null,"NET_INTEREST_INCOME":null,"NET_INTEREST_INCOME_YOY":null,"FEE_COMMISSION_INCOME":null,"FEE_COMMISSION_INCOME_YOY":null,"ACCOUNTS_RECE_TDAYS":0.943998338726,"INVENTORY_TDAYS":null,"CURRENT_ASSETS_TDAYS":0.665769512263,"TOTAL_ASSETS_TDAYS":0.574798442093,"PREMIUM_EXPENSE":null,"LOAN_DEPOSIT":null,"LOAN_EQUITY":null,"LOAN_ASSETS":null,"DEPOSIT_EQUITY":null,"DEPOSIT_ASSETS":null,"EQUITY_MULTIPLIER":5.503308222303,"EQUITY_RATIO":4.503308222302},{"SECUCODE":"01200.HK","SECURITY_CODE":"01200","SECURITY_NAME_ABBR":"美联集团","ORG_CODE":"10010548","STD_REPORT_DATE":"2020-12-31 00:00:00","REPORT_DATE":"2020-12-31 00:00:00","DATE_TYPE_CODE":"001","REPORT_TYPE":"2020年年报","PER_NETCASH_OPERATE":0.781063378523,"PER_OI":5.839435244543,"BPS":1.278628808549,"BASIC_EPS":0.154525104,"DILUTED_EPS":0.154525104,"OPERATE_INCOME":4192983148.8,"OPERATE_INCOME_YOY":2.0152951682,"GROSS_PROFIT":4140065875.44,"GROSS_PROFIT_YOY":-4.116337281764,"HOLDER_PROFIT":110973600.56,"HOLDER_PROFIT_YOY":291.3034646857,"GROSS_PROFIT_RATIO":98.737956450525,"EPS_TTM":0.154549429685,"OPERATE_INCOME_QOQ":2.746427655626,"NET_PROFIT_RATIO":2.6466502874,"ROE_AVG":10.923932877638,"GROSS_PROFIT_QOQ":7.736119295267,"ROA":2.586550697504,"HOLDER_PROFIT_QOQ":166.72286563059,"ROE_YEARLY":10.923932877638,"ROIC_YEARLY":3.25442567485,"TOTAL_ASSETS":4232218722.32,"TOTAL_LIABILITIES":3315331898.12,"TAX_EBT":12.110223833838,"OCF_SALES":13.375666409738,"TOTAL_PARENT_EQUITY":916886824.2,"DEBT_ASSET_RATIO":78.3355520034,"OPERATE_PROFIT":142862498.52,"PRETAX_PROFIT":126264516.08,"NETCASH_OPERATE":560839438.6,"NETCASH_INVEST":-26132922,"NETCASH_FINANCE":-721237506.52,"END_CASH":789587932.56,"DIVI_RATIO":null,"DIVIDEND_RATE":null,"CURRENT_RATIO":1.128426834892,"COMMON_ACS":1000000000,"CURRENTDEBT_DEBT":94.471651503008,"ISSUED_COMMON_SHARES":717086005,"HK_COMMON_SHARES":717086005,"PER_SHARES":2000,"TOTAL_MARKET_CAP":559327083.9,"HKSK_MARKET_CAP":559327083.9,"PE_TTM":6.008325999012,"PB_TTM":0.666402664886,"REPORT_DATE_SQ":"2019-12-31 00:00:00","REPORT_TYPE_SQ":"2019年年报","OPERATE_INCOME_SQ":4374544317.34,"DPS_HKD":null,"OPERATE_INCOME_QOQ_SQ":-4.369914264966,"NET_PROFIT_RATIO_SQ":-1.4113639328,"HOLDER_PROFIT_SQ":-61740740.72,"HOLDER_PROFIT_QOQ_SQ":-1055.50783191154,"ROE_AVG_SQ":-4.957255859249,"PE_TTM_SQ":-1.418179311001,"PB_TTM_SQ":0.508165490484,"ROA_SQ":-1.412274022633,"START_DATE":"2020-01-01 00:00:00","FISCAL_YEAR":"12-31","CURRENCY":"HKD","IS_CNY_CODE":0,"DPS_HKD_LY":null,"ORG_TYPE":"一般企业","PREMIUM_INCOME":null,"PREMIUM_INCOME_YOY":null,"NET_INTEREST_INCOME":null,"NET_INTEREST_INCOME_YOY":null,"FEE_COMMISSION_INCOME":null,"FEE_COMMISSION_INCOME_YOY":null,"ACCOUNTS_RECE_TDAYS":1.757649044911,"INVENTORY_TDAYS":null,"CURRENT_ASSETS_TDAYS":1.243884873136,"TOTAL_ASSETS_TDAYS":0.977292205842,"PREMIUM_EXPENSE":null,"LOAN_DEPOSIT":null,"LOAN_EQUITY":null,"LOAN_ASSETS":null,"DEPOSIT_EQUITY":null,"DEPOSIT_ASSETS":null,"EQUITY_MULTIPLIER":4.615857279894,"EQUITY_RATIO":3.615857279891},{"SECUCODE":"01200.HK","SECURITY_CODE":"01200","SECURITY_NAME_ABBR":"美联集团","ORG_CODE":"10010548","STD_REPORT_DATE":"2020-06-30 00:00:00","REPORT_DATE":"2020-06-30 00:00:00","DATE_TYPE_CODE":"002","REPORT_TYPE":"2020年中报","PER_NETCASH_OPERATE":0.235366194064,"PER_OI":3.139648326906,"BPS":1.657921497882,"BASIC_EPS":-0.030965616,"DILUTED_EPS":-0.030965616,"OPERATE_INCOME":2254411938.24,"OPERATE_INCOME_YOY":-14.7960407825,"GROSS_PROFIT":2229964630.08,"GROSS_PROFIT_YOY":-11.536354131266,"HOLDER_PROFIT":-22245917.76,"HOLDER_PROFIT_YOY":-126.0200647457,"GROSS_PROFIT_RATIO":98.915579369266,"EPS_TTM":-0.231628884977,"OPERATE_INCOME_QOQ":-6.712476208689,"NET_PROFIT_RATIO":-0.9867725318,"ROE_AVG":-1.854718302378,"GROSS_PROFIT_QOQ":-7.035168182706,"ROA":-0.435191312899,"HOLDER_PROFIT_QOQ":-169.384839832547,"ROE_YEARLY":-3.709436604755,"ROIC_YEARLY":-1.136823531883,"TOTAL_ASSETS":5503935460.32,"TOTAL_LIABILITIES":4315063156.8,"TAX_EBT":-30.633481735772,"OCF_SALES":7.496578264749,"TOTAL_PARENT_EQUITY":1188872303.52,"DEBT_ASSET_RATIO":78.3995958512,"OPERATE_PROFIT":-6262544.64,"PRETAX_PROFIT":-17029261.92,"NETCASH_OPERATE":169003755.36,"NETCASH_INVEST":3313046.88,"NETCASH_FINANCE":121268294.4,"END_CASH":1342063499.04,"DIVI_RATIO":null,"DIVIDEND_RATE":null,"CURRENT_RATIO":1.061349382676,"COMMON_ACS":1000000000,"CURRENTDEBT_DEBT":96.175928297597,"ISSUED_COMMON_SHARES":717086005,"HK_COMMON_SHARES":717086005,"PER_SHARES":2000,"TOTAL_MARKET_CAP":559327083.9,"HKSK_MARKET_CAP":559327083.9,"PE_TTM":6.008325999012,"PB_TTM":0.666402664886,"REPORT_DATE_SQ":"2019-06-30 00:00:00","REPORT_TYPE_SQ":"2019年中报","OPERATE_INCOME_SQ":2548052184.78,"DPS_HKD":null,"OPERATE_INCOME_QOQ_SQ":4.202501227816,"NET_PROFIT_RATIO_SQ":3.2312343331,"HOLDER_PROFIT_SQ":82333537.02,"HOLDER_PROFIT_QOQ_SQ":-87.314601075884,"ROE_AVG_SQ":6.36440659526,"PE_TTM_SQ":-1.418179311001,"PB_TTM_SQ":0.508165490484,"ROA_SQ":1.78124522738,"START_DATE":"2020-01-01 00:00:00","FISCAL_YEAR":"12-31","CURRENCY":"HKD","IS_CNY_CODE":0,"DPS_HKD_LY":null,"ORG_TYPE":"一般企业","PREMIUM_INCOME":null,"PREMIUM_INCOME_YOY":null,"NET_INTEREST_INCOME":null,"NET_INTEREST_INCOME_YOY":null,"FEE_COMMISSION_INCOME":null,"FEE_COMMISSION_INCOME_YOY":null,"ACCOUNTS_RECE_TDAYS":0.859960873903,"INVENTORY_TDAYS":null,"CURRENT_ASSETS_TDAYS":0.571768594643,"TOTAL_ASSETS_TDAYS":0.44102495649,"PREMIUM_EXPENSE":null,"LOAN_DEPOSIT":null,"LOAN_EQUITY":null,"LOAN_ASSETS":null,"DEPOSIT_EQUITY":null,"DEPOSIT_ASSETS":null,"EQUITY_MULTIPLIER":4.629543008137,"EQUITY_RATIO":3.62954300813}],"count":48},"success":true,"message":"ok","code":0}