{"version":"8ced2a95eaaa8120d1400ea0c7d51c1e","result":{"pages":6,"data":[{"SECUCODE":"01205.HK","SECURITY_CODE":"01205","SECURITY_NAME_ABBR":"中信资源","ORG_CODE":"10010551","STD_REPORT_DATE":"2024-06-30 00:00:00","REPORT_DATE":"2024-06-30 00:00:00","DATE_TYPE_CODE":"002","REPORT_TYPE":"2024年中报","PER_NETCASH_OPERATE":0.051333121702,"PER_OI":0.458167098915,"BPS":0.909479451939,"BASIC_EPS":0.040979332,"DILUTED_EPS":0.040979332,"OPERATE_INCOME":3600152051.92,"OPERATE_INCOME_YOY":93.0575336405,"GROSS_PROFIT":373611946.76,"GROSS_PROFIT_YOY":-5.210088073616,"HOLDER_PROFIT":322279172.84,"HOLDER_PROFIT_YOY":-7.8531968362,"GROSS_PROFIT_RATIO":10.377671314209,"EPS_TTM":0.059689639096,"OPERATE_INCOME_QOQ":49.507762452918,"NET_PROFIT_RATIO":9.4939048227,"ROE_AVG":4.529425591595,"GROSS_PROFIT_QOQ":-2.262943684855,"ROA":2.85931679258,"HOLDER_PROFIT_QOQ":-6.205321877718,"ROE_YEARLY":9.05885118319,"ROIC_YEARLY":6.473452260689,"TOTAL_ASSETS":11933040925.68,"TOTAL_LIABILITIES":4699767169.52,"TAX_EBT":18.09031377541,"OCF_SALES":11.204017447677,"TOTAL_PARENT_EQUITY":7146441380.96,"DEBT_ASSET_RATIO":39.3844888222,"OPERATE_PROFIT":328261790.24,"PRETAX_PROFIT":417282772.08,"NETCASH_OPERATE":403361664.04,"NETCASH_INVEST":77935570.56,"NETCASH_FINANCE":-451918978.08,"END_CASH":698591739.72,"DIVI_RATIO":0.379554983797,"DIVIDEND_RATE":7.142857142857,"CURRENT_RATIO":1.310119455966,"COMMON_ACS":10000000000,"CURRENTDEBT_DEBT":56.502040814741,"ISSUED_COMMON_SHARES":7857727149,"HK_COMMON_SHARES":7857727149,"PER_SHARES":2000,"TOTAL_MARKET_CAP":2750204502.15,"HKSK_MARKET_CAP":2750204502.15,"PE_TTM":5.271529726629,"PB_TTM":0.351231684585,"REPORT_DATE_SQ":"2023-06-30 00:00:00","REPORT_TYPE_SQ":"2023年中报","OPERATE_INCOME_SQ":1883809819.56,"DPS_HKD":0.025,"OPERATE_INCOME_QOQ_SQ":-16.737904348953,"NET_PROFIT_RATIO_SQ":20.0657588847,"HOLDER_PROFIT_SQ":353309189.86,"HOLDER_PROFIT_QOQ_SQ":-34.419400588691,"ROE_AVG_SQ":5.006983451451,"PE_TTM_SQ":3.331739671345,"PB_TTM_SQ":0.363712942345,"ROA_SQ":3.158699277663,"START_DATE":"2024-01-01 00:00:00","FISCAL_YEAR":"12-31","CURRENCY":"HKD","IS_CNY_CODE":0,"DPS_HKD_LY":0.025,"ORG_TYPE":"一般企业","PREMIUM_INCOME":null,"PREMIUM_INCOME_YOY":null,"NET_INTEREST_INCOME":null,"NET_INTEREST_INCOME_YOY":null,"FEE_COMMISSION_INCOME":null,"FEE_COMMISSION_INCOME_YOY":null,"ACCOUNTS_RECE_TDAYS":3.583907733724,"INVENTORY_TDAYS":8.081594630615,"CURRENT_ASSETS_TDAYS":1.283172445874,"TOTAL_ASSETS_TDAYS":0.319411742533,"PREMIUM_EXPENSE":null,"LOAN_DEPOSIT":null,"LOAN_EQUITY":null,"LOAN_ASSETS":null,"DEPOSIT_EQUITY":null,"DEPOSIT_ASSETS":null,"EQUITY_MULTIPLIER":1.649742748299,"EQUITY_RATIO":0.657637405666},{"SECUCODE":"01205.HK","SECURITY_CODE":"01205","SECURITY_NAME_ABBR":"中信资源","ORG_CODE":"10010551","STD_REPORT_DATE":"2023-12-31 00:00:00","REPORT_DATE":"2023-12-31 00:00:00","DATE_TYPE_CODE":"001","REPORT_TYPE":"2023年年报","PER_NETCASH_OPERATE":0.133158072267,"PER_OI":0.441198112788,"BPS":0.895154903814,"BASIC_EPS":0.063616644,"DILUTED_EPS":0.063616644,"OPERATE_INCOME":3466814388.94,"OPERATE_INCOME_YOY":-34.7856689896,"GROSS_PROFIT":907465146.28,"GROSS_PROFIT_YOY":-44.63165393392,"HOLDER_PROFIT":500054914.66,"HOLDER_PROFIT_YOY":-58.68306157,"GROSS_PROFIT_RATIO":26.175763812884,"EPS_TTM":0.063638620326,"OPERATE_INCOME_QOQ":-20.540358752035,"NET_PROFIT_RATIO":16.1762003483,"ROE_AVG":7.116726447446,"GROSS_PROFIT_QOQ":-19.419194757716,"ROA":4.586136661309,"HOLDER_PROFIT_QOQ":-36.084874625874,"ROE_YEARLY":7.116726447446,"ROIC_YEARLY":5.423114114457,"TOTAL_ASSETS":10534255612.02,"TOTAL_LIABILITIES":3428201260.96,"TAX_EBT":11.184195418796,"OCF_SALES":30.181015831076,"TOTAL_PARENT_EQUITY":7033882990.26,"DEBT_ASSET_RATIO":32.5433650675,"OPERATE_PROFIT":754194345.24,"PRETAX_PROFIT":631417847.2,"NETCASH_OPERATE":1046319799.56,"NETCASH_INVEST":74783086.84,"NETCASH_FINANCE":-1312062471.02,"END_CASH":688024879.5,"DIVI_RATIO":0.35600237535,"DIVIDEND_RATE":6.944444444444,"CURRENT_RATIO":1.720147308715,"COMMON_ACS":10000000000,"CURRENTDEBT_DEBT":35.903978040523,"ISSUED_COMMON_SHARES":7857727149,"HK_COMMON_SHARES":7857727149,"PER_SHARES":2000,"TOTAL_MARKET_CAP":2828781773.64,"HKSK_MARKET_CAP":2828781773.64,"PE_TTM":5.422144861676,"PB_TTM":0.361266875573,"REPORT_DATE_SQ":"2022-12-31 00:00:00","REPORT_TYPE_SQ":"2022年年报","OPERATE_INCOME_SQ":5240064743.2,"DPS_HKD":0.025,"OPERATE_INCOME_QOQ_SQ":6.95721307244,"NET_PROFIT_RATIO_SQ":23.8677772171,"HOLDER_PROFIT_SQ":1192995135.99,"HOLDER_PROFIT_QOQ_SQ":-8.959608634561,"ROE_AVG_SQ":18.183128920054,"PE_TTM_SQ":3.331739671345,"PB_TTM_SQ":0.363712942345,"ROA_SQ":10.623399698377,"START_DATE":"2023-01-01 00:00:00","FISCAL_YEAR":"12-31","CURRENCY":"HKD","IS_CNY_CODE":0,"DPS_HKD_LY":0.06,"ORG_TYPE":"一般企业","PREMIUM_INCOME":null,"PREMIUM_INCOME_YOY":null,"NET_INTEREST_INCOME":null,"NET_INTEREST_INCOME_YOY":null,"FEE_COMMISSION_INCOME":null,"FEE_COMMISSION_INCOME_YOY":null,"ACCOUNTS_RECE_TDAYS":14.246738640638,"INVENTORY_TDAYS":5.669280290028,"CURRENT_ASSETS_TDAYS":1.382859966513,"TOTAL_ASSETS_TDAYS":0.317950771024,"PREMIUM_EXPENSE":null,"LOAN_DEPOSIT":null,"LOAN_EQUITY":null,"LOAN_ASSETS":null,"DEPOSIT_EQUITY":null,"DEPOSIT_ASSETS":null,"EQUITY_MULTIPLIER":1.482433864364,"EQUITY_RATIO":0.487383891047},{"SECUCODE":"01205.HK","SECURITY_CODE":"01205","SECURITY_NAME_ABBR":"中信资源","ORG_CODE":"10010551","STD_REPORT_DATE":"2023-06-30 00:00:00","REPORT_DATE":"2023-06-30 00:00:00","DATE_TYPE_CODE":"002","REPORT_TYPE":"2023年中报","PER_NETCASH_OPERATE":0.062289902054,"PER_OI":0.239739785289,"BPS":0.887218909286,"BASIC_EPS":0.044992624,"DILUTED_EPS":0.044992624,"OPERATE_INCOME":1883809819.56,"OPERATE_INCOME_YOY":-36.7108063152,"GROSS_PROFIT":394147371.98,"GROSS_PROFIT_YOY":-56.541544096731,"HOLDER_PROFIT":353309189.86,"HOLDER_PROFIT_YOY":-57.1015170919,"GROSS_PROFIT_RATIO":20.922885521006,"EPS_TTM":0.099567387146,"OPERATE_INCOME_QOQ":-16.737904348953,"NET_PROFIT_RATIO":20.0657588847,"ROE_AVG":5.006983451451,"GROSS_PROFIT_QOQ":-31.288418005252,"ROA":3.158699277663,"HOLDER_PROFIT_QOQ":-34.419400588691,"ROE_YEARLY":10.013966902902,"ROIC_YEARLY":7.497326729467,"TOTAL_ASSETS":10901517335.44,"TOTAL_LIABILITIES":3897102510.32,"TAX_EBT":13.515406310185,"OCF_SALES":25.982296588428,"TOTAL_PARENT_EQUITY":6971524110.6,"DEBT_ASSET_RATIO":35.7482577003,"OPERATE_PROFIT":352484017.76,"PRETAX_PROFIT":437072916.82,"NETCASH_OPERATE":489457054.48,"NETCASH_INVEST":121464411.14,"NETCASH_FINANCE":-789548636.76,"END_CASH":714688470.66,"DIVI_RATIO":0.22753936454,"DIVIDEND_RATE":6.944444444444,"CURRENT_RATIO":1.790696293778,"COMMON_ACS":10000000000,"CURRENTDEBT_DEBT":35.068173150718,"ISSUED_COMMON_SHARES":7857727149,"HK_COMMON_SHARES":7857727149,"PER_SHARES":2000,"TOTAL_MARKET_CAP":2828781773.64,"HKSK_MARKET_CAP":2828781773.64,"PE_TTM":5.422144861676,"PB_TTM":0.361266875573,"REPORT_DATE_SQ":"2022-06-30 00:00:00","REPORT_TYPE_SQ":"2022年中报","OPERATE_INCOME_SQ":2760886844.1,"DPS_HKD":0.025,"OPERATE_INCOME_QOQ_SQ":37.770343952507,"NET_PROFIT_RATIO_SQ":28.7595984376,"HOLDER_PROFIT_SQ":763930964.72,"HOLDER_PROFIT_QOQ_SQ":45.259343510796,"ROE_AVG_SQ":12.495506285326,"PE_TTM_SQ":3.331739671345,"PB_TTM_SQ":0.363712942345,"ROA_SQ":6.88255168041,"START_DATE":"2023-01-01 00:00:00","FISCAL_YEAR":"12-31","CURRENCY":"HKD","IS_CNY_CODE":0,"DPS_HKD_LY":0.06,"ORG_TYPE":"一般企业","PREMIUM_INCOME":null,"PREMIUM_INCOME_YOY":null,"NET_INTEREST_INCOME":null,"NET_INTEREST_INCOME_YOY":null,"FEE_COMMISSION_INCOME":null,"FEE_COMMISSION_INCOME_YOY":null,"ACCOUNTS_RECE_TDAYS":5.745956753929,"INVENTORY_TDAYS":3.543422646951,"CURRENT_ASSETS_TDAYS":0.698440131845,"TOTAL_ASSETS_TDAYS":0.16841873597,"PREMIUM_EXPENSE":null,"LOAN_DEPOSIT":null,"LOAN_EQUITY":null,"LOAN_ASSETS":null,"DEPOSIT_EQUITY":null,"DEPOSIT_ASSETS":null,"EQUITY_MULTIPLIER":1.556378028374,"EQUITY_RATIO":0.559002945195},{"SECUCODE":"01205.HK","SECURITY_CODE":"01205","SECURITY_NAME_ABBR":"中信资源","ORG_CODE":"10010551","STD_REPORT_DATE":"2022-12-31 00:00:00","REPORT_DATE":"2022-12-31 00:00:00","DATE_TYPE_CODE":"001","REPORT_TYPE":"2022年年报","PER_NETCASH_OPERATE":0.244796650453,"PER_OI":0.666867739721,"BPS":0.880504122652,"BASIC_EPS":0.1518559,"DILUTED_EPS":0.1518559,"OPERATE_INCOME":5240064743.2,"OPERATE_INCOME_YOY":34.8726699692,"GROSS_PROFIT":1638960183.49,"GROSS_PROFIT_YOY":68.913173924099,"HOLDER_PROFIT":1192995135.99,"HOLDER_PROFIT_YOY":21.042065824,"GROSS_PROFIT_RATIO":31.277479645969,"EPS_TTM":0.151824454243,"OPERATE_INCOME_QOQ":6.95721307244,"NET_PROFIT_RATIO":23.8677772171,"ROE_AVG":18.183128920054,"GROSS_PROFIT_QOQ":4.055316206509,"ROA":10.623399698377,"HOLDER_PROFIT_QOQ":-8.959608634561,"ROE_YEARLY":18.183128920054,"ROIC_YEARLY":12.666101647415,"TOTAL_ASSETS":11111892014.09,"TOTAL_LIABILITIES":4175035894.33,"TAX_EBT":25.339170590462,"OCF_SALES":36.708425954969,"TOTAL_PARENT_EQUITY":6918761149.37,"DEBT_ASSET_RATIO":37.5726823932,"OPERATE_PROFIT":1486033252.76,"PRETAX_PROFIT":1675158163.7,"NETCASH_OPERATE":1923545286.25,"NETCASH_INVEST":-769345759.63,"NETCASH_FINANCE":-1390448003.14,"END_CASH":863186452.94,"DIVI_RATIO":0.149221679162,"DIVIDEND_RATE":6.944444444444,"CURRENT_RATIO":2.655447790022,"COMMON_ACS":10000000000,"CURRENTDEBT_DEBT":25.754731776325,"ISSUED_COMMON_SHARES":7857727149,"HK_COMMON_SHARES":7857727149,"PER_SHARES":2000,"TOTAL_MARKET_CAP":2828781773.64,"HKSK_MARKET_CAP":2828781773.64,"PE_TTM":5.422144861676,"PB_TTM":0.361266875573,"REPORT_DATE_SQ":"2021-12-31 00:00:00","REPORT_TYPE_SQ":"2021年年报","OPERATE_INCOME_SQ":3556074345.6,"DPS_HKD":0.025,"OPERATE_INCOME_QOQ_SQ":32.305412415922,"NET_PROFIT_RATIO_SQ":25.6160726315,"HOLDER_PROFIT_SQ":902112041.6,"HOLDER_PROFIT_QOQ_SQ":103.669157389738,"ROE_AVG_SQ":17.304808325384,"PE_TTM_SQ":3.331739671345,"PB_TTM_SQ":0.363712942345,"ROA_SQ":8.834335059888,"START_DATE":"2022-01-01 00:00:00","FISCAL_YEAR":"12-31","CURRENCY":"HKD","IS_CNY_CODE":0,"DPS_HKD_LY":0.045,"ORG_TYPE":"一般企业","PREMIUM_INCOME":null,"PREMIUM_INCOME_YOY":null,"NET_INTEREST_INCOME":null,"NET_INTEREST_INCOME_YOY":null,"FEE_COMMISSION_INCOME":null,"FEE_COMMISSION_INCOME_YOY":null,"ACCOUNTS_RECE_TDAYS":11.706016580743,"INVENTORY_TDAYS":8.127342115131,"CURRENT_ASSETS_TDAYS":1.819832499938,"TOTAL_ASSETS_TDAYS":0.466618014886,"PREMIUM_EXPENSE":null,"LOAN_DEPOSIT":null,"LOAN_EQUITY":null,"LOAN_ASSETS":null,"DEPOSIT_EQUITY":null,"DEPOSIT_ASSETS":null,"EQUITY_MULTIPLIER":1.601862835592,"EQUITY_RATIO":0.603436916551},{"SECUCODE":"01205.HK","SECURITY_CODE":"01205","SECURITY_NAME_ABBR":"中信资源","ORG_CODE":"10010551","STD_REPORT_DATE":"2022-06-30 00:00:00","REPORT_DATE":"2022-06-30 00:00:00","DATE_TYPE_CODE":"002","REPORT_TYPE":"2022年中报","PER_NETCASH_OPERATE":0.125112829707,"PER_OI":0.351359469697,"BPS":0.800294413212,"BASIC_EPS":0.097235103,"DILUTED_EPS":0.097235103,"OPERATE_INCOME":2760886844.1,"OPERATE_INCOME_YOY":89.4754078541,"GROSS_PROFIT":906952085.13,"GROSS_PROFIT_YOY":200.152236126152,"HOLDER_PROFIT":763930964.72,"HOLDER_PROFIT_YOY":108.9992793838,"GROSS_PROFIT_RATIO":32.850027413045,"EPS_TTM":0.166766038641,"OPERATE_INCOME_QOQ":37.770343952507,"NET_PROFIT_RATIO":28.7595984376,"ROE_AVG":12.495506285326,"GROSS_PROFIT_QOQ":62.330172145046,"ROA":6.88255168041,"HOLDER_PROFIT_QOQ":45.259343510796,"ROE_YEARLY":24.991012570651,"ROIC_YEARLY":16.567944834105,"TOTAL_ASSETS":11334950803.33,"TOTAL_LIABILITIES":5045790327.62,"TAX_EBT":31.70057098132,"OCF_SALES":35.608213381902,"TOTAL_PARENT_EQUITY":6288495137.89,"DEBT_ASSET_RATIO":44.5153262257,"OPERATE_PROFIT":889145318.95,"PRETAX_PROFIT":1162557258.66,"NETCASH_OPERATE":983102478.68,"NETCASH_INVEST":-364948056.55,"NETCASH_FINANCE":-319096189.51,"END_CASH":1416381071.42,"DIVI_RATIO":0.135852000711,"DIVIDEND_RATE":6.944444444444,"CURRENT_RATIO":2.141396818538,"COMMON_ACS":10000000000,"CURRENTDEBT_DEBT":31.377760542951,"ISSUED_COMMON_SHARES":7857727149,"HK_COMMON_SHARES":7857727149,"PER_SHARES":2000,"TOTAL_MARKET_CAP":2828781773.64,"HKSK_MARKET_CAP":2828781773.64,"PE_TTM":5.422144861676,"PB_TTM":0.361266875573,"REPORT_DATE_SQ":"2021-06-30 00:00:00","REPORT_TYPE_SQ":"2021年中报","OPERATE_INCOME_SQ":1417745332.56,"DPS_HKD":0.025,"OPERATE_INCOME_QOQ_SQ":12.050333960139,"NET_PROFIT_RATIO_SQ":26.2661127078,"HOLDER_PROFIT_SQ":355640976.96,"HOLDER_PROFIT_QOQ_SQ":244.640146676685,"ROE_AVG_SQ":7.094233557555,"PE_TTM_SQ":3.331739671345,"PB_TTM_SQ":0.363712942345,"ROA_SQ":3.550571271626,"START_DATE":"2022-01-01 00:00:00","FISCAL_YEAR":"12-31","CURRENCY":"HKD","IS_CNY_CODE":0,"DPS_HKD_LY":0.045,"ORG_TYPE":"一般企业","PREMIUM_INCOME":null,"PREMIUM_INCOME_YOY":null,"NET_INTEREST_INCOME":null,"NET_INTEREST_INCOME_YOY":null,"FEE_COMMISSION_INCOME":null,"FEE_COMMISSION_INCOME_YOY":null,"ACCOUNTS_RECE_TDAYS":4.993353053767,"INVENTORY_TDAYS":4.550767990629,"CURRENT_ASSETS_TDAYS":0.89492102195,"TOTAL_ASSETS_TDAYS":0.248739051902,"PREMIUM_EXPENSE":null,"LOAN_DEPOSIT":null,"LOAN_EQUITY":null,"LOAN_ASSETS":null,"DEPOSIT_EQUITY":null,"DEPOSIT_ASSETS":null,"EQUITY_MULTIPLIER":1.802299503585,"EQUITY_RATIO":0.802384388789},{"SECUCODE":"01205.HK","SECURITY_CODE":"01205","SECURITY_NAME_ABBR":"中信资源","ORG_CODE":"10010551","STD_REPORT_DATE":"2021-12-31 00:00:00","REPORT_DATE":"2021-12-31 00:00:00","DATE_TYPE_CODE":"001","REPORT_TYPE":"2021年年报","PER_NETCASH_OPERATE":0.115200177613,"PER_OI":0.452557626165,"BPS":0.722569673334,"BASIC_EPS":0.11479104,"DILUTED_EPS":0.11479104,"OPERATE_INCOME":3556074345.6,"OPERATE_INCOME_YOY":52.6076311429,"GROSS_PROFIT":970297428.8,"GROSS_PROFIT_YOY":767.187557598347,"HOLDER_PROFIT":902112041.6,"HOLDER_PROFIT_YOY":403.2491589895,"GROSS_PROFIT_RATIO":27.285633946337,"EPS_TTM":0.114805722379,"OPERATE_INCOME_QOQ":32.305412415922,"NET_PROFIT_RATIO":25.6160726315,"ROE_AVG":17.304808325384,"GROSS_PROFIT_QOQ":104.599792288593,"ROA":8.834335059888,"HOLDER_PROFIT_QOQ":103.669157389738,"ROE_YEARLY":17.304808325384,"ROIC_YEARLY":10.608946221014,"TOTAL_ASSETS":10386577824,"TOTAL_LIABILITIES":4726068121.6,"TAX_EBT":16.625920529692,"OCF_SALES":25.455361030909,"TOTAL_PARENT_EQUITY":5677755339.2,"DEBT_ASSET_RATIO":45.5016869048,"OPERATE_PROFIT":815659017.6,"PRETAX_PROFIT":1092577684.8,"NETCASH_OPERATE":905211563.2,"NETCASH_INVEST":-712532676.8,"NETCASH_FINANCE":-1025648131.2,"END_CASH":1068377542.4,"DIVI_RATIO":0.197337724379,"DIVIDEND_RATE":6.944444444444,"CURRENT_RATIO":2.280905586127,"COMMON_ACS":10000000000,"CURRENTDEBT_DEBT":24.653346748746,"ISSUED_COMMON_SHARES":7857727149,"HK_COMMON_SHARES":7857727149,"PER_SHARES":2000,"TOTAL_MARKET_CAP":2828781773.64,"HKSK_MARKET_CAP":2828781773.64,"PE_TTM":5.422144861676,"PB_TTM":0.361266875573,"REPORT_DATE_SQ":"2020-12-31 00:00:00","REPORT_TYPE_SQ":"2020年年报","OPERATE_INCOME_SQ":2398722815.12,"DPS_HKD":0.025,"OPERATE_INCOME_QOQ_SQ":-7.344321268974,"NET_PROFIT_RATIO_SQ":-12.6494618706,"HOLDER_PROFIT_SQ":-306229030.72,"HOLDER_PROFIT_QOQ_SQ":-75.721537410244,"ROE_AVG_SQ":-6.033411203485,"PE_TTM_SQ":3.331739671345,"PB_TTM_SQ":0.363712942345,"ROA_SQ":-2.917399612056,"START_DATE":"2021-01-01 00:00:00","FISCAL_YEAR":"12-31","CURRENCY":"HKD","IS_CNY_CODE":0,"DPS_HKD_LY":null,"ORG_TYPE":"一般企业","PREMIUM_INCOME":null,"PREMIUM_INCOME_YOY":null,"NET_INTEREST_INCOME":null,"NET_INTEREST_INCOME_YOY":null,"FEE_COMMISSION_INCOME":null,"FEE_COMMISSION_INCOME_YOY":null,"ACCOUNTS_RECE_TDAYS":7.783879263598,"INVENTORY_TDAYS":7.737106832076,"CURRENT_ASSETS_TDAYS":1.309488949565,"TOTAL_ASSETS_TDAYS":0.348244462087,"PREMIUM_EXPENSE":null,"LOAN_DEPOSIT":null,"LOAN_EQUITY":null,"LOAN_ASSETS":null,"DEPOSIT_EQUITY":null,"DEPOSIT_ASSETS":null,"EQUITY_MULTIPLIER":1.83491918044,"EQUITY_RATIO":0.832383193578},{"SECUCODE":"01205.HK","SECURITY_CODE":"01205","SECURITY_NAME_ABBR":"中信资源","ORG_CODE":"10010551","STD_REPORT_DATE":"2021-06-30 00:00:00","REPORT_DATE":"2021-06-30 00:00:00","DATE_TYPE_CODE":"002","REPORT_TYPE":"2021年中报","PER_NETCASH_OPERATE":0.036997607243,"PER_OI":0.180426897712,"BPS":0.6609691481,"BASIC_EPS":0.045265152,"DILUTED_EPS":0.045265152,"OPERATE_INCOME":1417745332.56,"OPERATE_INCOME_YOY":37.8916666464,"GROSS_PROFIT":302164027.44,"GROSS_PROFIT_YOY":602.038052334285,"HOLDER_PROFIT":355640976.96,"HOLDER_PROFIT_YOY":199.2114835113,"GROSS_PROFIT_RATIO":21.312997510941,"EPS_TTM":0.056368732434,"OPERATE_INCOME_QOQ":12.050333960139,"NET_PROFIT_RATIO":26.2661127078,"ROE_AVG":7.094233557555,"GROSS_PROFIT_QOQ":323.845766360875,"ROA":3.550571271626,"HOLDER_PROFIT_QOQ":244.640146676685,"ROE_YEARLY":14.188467115109,"ROIC_YEARLY":8.366059844226,"TOTAL_ASSETS":9818856862.08,"TOTAL_LIABILITIES":4640271353.04,"TAX_EBT":8.609405407834,"OCF_SALES":20.505594072742,"TOTAL_PARENT_EQUITY":5193715219.68,"DEBT_ASSET_RATIO":47.2587737882,"OPERATE_PROFIT":235303071.12,"PRETAX_PROFIT":407467079.76,"NETCASH_OPERATE":290717102.88,"NETCASH_INVEST":-106767513.12,"NETCASH_FINANCE":-957563488.56,"END_CASH":1151971491.84,"DIVI_RATIO":0.401916080455,"DIVIDEND_RATE":6.944444444444,"CURRENT_RATIO":1.888916659093,"COMMON_ACS":10000000000,"CURRENTDEBT_DEBT":24.465522970252,"ISSUED_COMMON_SHARES":7857727149,"HK_COMMON_SHARES":7857727149,"PER_SHARES":2000,"TOTAL_MARKET_CAP":2828781773.64,"HKSK_MARKET_CAP":2828781773.64,"PE_TTM":5.422144861676,"PB_TTM":0.361266875573,"REPORT_DATE_SQ":"2020-06-30 00:00:00","REPORT_TYPE_SQ":"2020年中报","OPERATE_INCOME_SQ":1128691222.56,"DPS_HKD":0.025,"OPERATE_INCOME_QOQ_SQ":-15.631287297239,"NET_PROFIT_RATIO_SQ":-34.8037347175,"HOLDER_PROFIT_SQ":-393518172.96,"HOLDER_PROFIT_QOQ_SQ":-132.408335382888,"ROE_AVG_SQ":-7.318287556487,"PE_TTM_SQ":3.331739671345,"PB_TTM_SQ":0.363712942345,"ROA_SQ":-3.568241820362,"START_DATE":"2021-01-01 00:00:00","FISCAL_YEAR":"12-31","CURRENCY":"HKD","IS_CNY_CODE":0,"DPS_HKD_LY":null,"ORG_TYPE":"一般企业","PREMIUM_INCOME":null,"PREMIUM_INCOME_YOY":null,"NET_INTEREST_INCOME":null,"NET_INTEREST_INCOME_YOY":null,"FEE_COMMISSION_INCOME":null,"FEE_COMMISSION_INCOME_YOY":null,"ACCOUNTS_RECE_TDAYS":3.93318790397,"INVENTORY_TDAYS":3.073023367753,"CURRENT_ASSETS_TDAYS":0.570839831481,"TOTAL_ASSETS_TDAYS":0.141541784394,"PREMIUM_EXPENSE":null,"LOAN_DEPOSIT":null,"LOAN_EQUITY":null,"LOAN_ASSETS":null,"DEPOSIT_EQUITY":null,"DEPOSIT_ASSETS":null,"EQUITY_MULTIPLIER":1.896049962859,"EQUITY_RATIO":0.893439697167},{"SECUCODE":"01205.HK","SECURITY_CODE":"01205","SECURITY_NAME_ABBR":"中信资源","ORG_CODE":"10010551","STD_REPORT_DATE":"2020-12-31 00:00:00","REPORT_DATE":"2020-12-31 00:00:00","DATE_TYPE_CODE":"001","REPORT_TYPE":"2020年年报","PER_NETCASH_OPERATE":0.012303173267,"PER_OI":0.305269293478,"BPS":0.622063500032,"BASIC_EPS":-0.038967932,"DILUTED_EPS":-0.038967932,"OPERATE_INCOME":2398722815.12,"OPERATE_INCOME_YOY":-16.7990167887,"GROSS_PROFIT":111890146.52,"GROSS_PROFIT_YOY":-65.982993940348,"HOLDER_PROFIT":-306229030.72,"HOLDER_PROFIT_YOY":-160.6117346029,"GROSS_PROFIT_RATIO":4.66457173854,"EPS_TTM":-0.038971705802,"OPERATE_INCOME_QOQ":-7.344321268974,"NET_PROFIT_RATIO":-12.6494618706,"ROE_AVG":-6.033411203485,"GROSS_PROFIT_QOQ":9.011131342265,"ROA":-2.917399612056,"HOLDER_PROFIT_QOQ":-75.721537410244,"ROE_YEARLY":-6.033411203485,"ROIC_YEARLY":-3.443144881822,"TOTAL_ASSETS":10331382650.36,"TOTAL_LIABILITIES":5477377128.84,"TAX_EBT":-37.692827706845,"OCF_SALES":4.030268857686,"TOTAL_PARENT_EQUITY":4888005252.6,"DEBT_ASSET_RATIO":53.0168837435,"OPERATE_PROFIT":175441541.28,"PRETAX_PROFIT":-220364076.28,"NETCASH_OPERATE":96674978.6,"NETCASH_INVEST":782380969.24,"NETCASH_FINANCE":-305709738.84,"END_CASH":1947794827.4,"DIVI_RATIO":-0.581332008287,"DIVIDEND_RATE":6.944444444444,"CURRENT_RATIO":2.851865395608,"COMMON_ACS":10000000000,"CURRENTDEBT_DEBT":18.278479915661,"ISSUED_COMMON_SHARES":7857727149,"HK_COMMON_SHARES":7857727149,"PER_SHARES":2000,"TOTAL_MARKET_CAP":2828781773.64,"HKSK_MARKET_CAP":2828781773.64,"PE_TTM":5.422144861676,"PB_TTM":0.361266875573,"REPORT_DATE_SQ":"2019-12-31 00:00:00","REPORT_TYPE_SQ":"2019年年报","OPERATE_INCOME_SQ":3068503347.8,"DPS_HKD":0.025,"OPERATE_INCOME_QOQ_SQ":-16.593092624649,"NET_PROFIT_RATIO_SQ":18.4236507848,"HOLDER_PROFIT_SQ":537730463.54,"HOLDER_PROFIT_QOQ_SQ":-19.20621264941,"ROE_AVG_SQ":9.686150853353,"PE_TTM_SQ":3.331739671345,"PB_TTM_SQ":0.363712942345,"ROA_SQ":4.55669148611,"START_DATE":"2020-01-01 00:00:00","FISCAL_YEAR":"12-31","CURRENCY":"HKD","IS_CNY_CODE":0,"DPS_HKD_LY":null,"ORG_TYPE":"一般企业","PREMIUM_INCOME":null,"PREMIUM_INCOME_YOY":null,"NET_INTEREST_INCOME":null,"NET_INTEREST_INCOME_YOY":null,"FEE_COMMISSION_INCOME":null,"FEE_COMMISSION_INCOME_YOY":null,"ACCOUNTS_RECE_TDAYS":7.23864698472,"INVENTORY_TDAYS":6.440973477445,"CURRENT_ASSETS_TDAYS":0.895129542238,"TOTAL_ASSETS_TDAYS":0.22852284755,"PREMIUM_EXPENSE":null,"LOAN_DEPOSIT":null,"LOAN_EQUITY":null,"LOAN_ASSETS":null,"DEPOSIT_EQUITY":null,"DEPOSIT_ASSETS":null,"EQUITY_MULTIPLIER":2.128424165269,"EQUITY_RATIO":1.120575131528},{"SECUCODE":"01205.HK","SECURITY_CODE":"01205","SECURITY_NAME_ABBR":"中信资源","ORG_CODE":"10010551","STD_REPORT_DATE":"2020-06-30 00:00:00","REPORT_DATE":"2020-06-30 00:00:00","DATE_TYPE_CODE":"002","REPORT_TYPE":"2020年中报","PER_NETCASH_OPERATE":-0.003714103003,"PER_OI":0.14364092837,"BPS":0.641697374916,"BASIC_EPS":-0.050056512,"DILUTED_EPS":-0.050056512,"OPERATE_INCOME":1128691222.56,"OPERATE_INCOME_YOY":-32.4177419911,"GROSS_PROFIT":-60187475.04,"GROSS_PROFIT_YOY":-136.236637131927,"HOLDER_PROFIT":-393518172.96,"HOLDER_PROFIT_YOY":-218.9912470895,"GROSS_PROFIT_RATIO":-5.332501381865,"EPS_TTM":-0.022178104276,"OPERATE_INCOME_QOQ":-15.631287297239,"NET_PROFIT_RATIO":-34.8037347175,"ROE_AVG":-7.318287556487,"GROSS_PROFIT_QOQ":-68.794924297366,"ROA":-3.568241820362,"HOLDER_PROFIT_QOQ":-132.408335382888,"ROE_YEARLY":-14.636575112974,"ROIC_YEARLY":-8.006238714457,"TOTAL_ASSETS":10485231609.6,"TOTAL_LIABILITIES":5502870389.28,"TAX_EBT":-2.047828542411,"OCF_SALES":-2.585685740854,"TOTAL_PARENT_EQUITY":5042282884.32,"DEBT_ASSET_RATIO":52.4821062059,"OPERATE_PROFIT":-100928725.92,"PRETAX_PROFIT":-384943711.68,"NETCASH_OPERATE":-29184408,"NETCASH_INVEST":-46436549.28,"NETCASH_FINANCE":-314227013.76,"END_CASH":1054106106.24,"DIVI_RATIO":-1.021525542419,"DIVIDEND_RATE":6.944444444444,"CURRENT_RATIO":2.626037527982,"COMMON_ACS":10000000000,"CURRENTDEBT_DEBT":14.163052299365,"ISSUED_COMMON_SHARES":7857727149,"HK_COMMON_SHARES":7857727149,"PER_SHARES":2000,"TOTAL_MARKET_CAP":2828781773.64,"HKSK_MARKET_CAP":2828781773.64,"PE_TTM":5.422144861676,"PB_TTM":0.361266875573,"REPORT_DATE_SQ":"2019-06-30 00:00:00","REPORT_TYPE_SQ":"2019年中报","OPERATE_INCOME_SQ":1608337796.58,"DPS_HKD":0.025,"OPERATE_INCOME_QOQ_SQ":-5.162365011934,"NET_PROFIT_RATIO_SQ":20.8435086468,"HOLDER_PROFIT_SQ":318481782.66,"HOLDER_PROFIT_QOQ_SQ":-16.090051924137,"ROE_AVG_SQ":5.841923206474,"PE_TTM_SQ":3.331739671345,"PB_TTM_SQ":0.363712942345,"ROA_SQ":2.683090300839,"START_DATE":"2020-01-01 00:00:00","FISCAL_YEAR":"12-31","CURRENCY":"HKD","IS_CNY_CODE":0,"DPS_HKD_LY":null,"ORG_TYPE":"一般企业","PREMIUM_INCOME":null,"PREMIUM_INCOME_YOY":null,"NET_INTEREST_INCOME":null,"NET_INTEREST_INCOME_YOY":null,"FEE_COMMISSION_INCOME":null,"FEE_COMMISSION_INCOME_YOY":null,"ACCOUNTS_RECE_TDAYS":3.475146069312,"INVENTORY_TDAYS":3.053577314835,"CURRENT_ASSETS_TDAYS":0.473785254498,"TOTAL_ASSETS_TDAYS":0.102344529411,"PREMIUM_EXPENSE":null,"LOAN_DEPOSIT":null,"LOAN_EQUITY":null,"LOAN_ASSETS":null,"DEPOSIT_EQUITY":null,"DEPOSIT_ASSETS":null,"EQUITY_MULTIPLIER":2.104470379797,"EQUITY_RATIO":1.091345034685}],"count":49},"success":true,"message":"ok","code":0}