{"version":"f5872755b89f484544955e073a09f084","result":{"pages":6,"data":[{"SECUCODE":"01207.HK","SECURITY_CODE":"01207","SECURITY_NAME_ABBR":"上置集团","ORG_CODE":"10010552","STD_REPORT_DATE":"2024-06-30 00:00:00","REPORT_DATE":"2024-06-30 00:00:00","DATE_TYPE_CODE":"002","REPORT_TYPE":"2024年中报","PER_NETCASH_OPERATE":-0.004637360932,"PER_OI":0.007375351879,"BPS":0.106946735546,"BASIC_EPS":-0.008,"DILUTED_EPS":-0.008,"OPERATE_INCOME":151672000,"OPERATE_INCOME_YOY":3.6690726159,"GROSS_PROFIT":63612000,"GROSS_PROFIT_YOY":0.502417290738,"HOLDER_PROFIT":-164883000,"HOLDER_PROFIT_YOY":59.6666837899,"GROSS_PROFIT_RATIO":41.940503191097,"EPS_TTM":-0.066818338372,"OPERATE_INCOME_QOQ":0.896757606486,"NET_PROFIT_RATIO":-107.3527084762,"ROE_AVG":-7.228050533184,"GROSS_PROFIT_QOQ":0.734428046837,"ROA":-1.259040022358,"HOLDER_PROFIT_QOQ":15.075110412863,"ROE_YEARLY":-14.456101066368,"ROIC_YEARLY":-2.594494109407,"TOTAL_ASSETS":12997639000,"TOTAL_LIABILITIES":10496989000,"TAX_EBT":-3.388851143269,"OCF_SALES":-62.876470277968,"TOTAL_PARENT_EQUITY":2199329000,"DEBT_ASSET_RATIO":80.760736623,"OPERATE_PROFIT":42267000,"PRETAX_PROFIT":-157487000,"NETCASH_OPERATE":-95366000,"NETCASH_INVEST":49559000,"NETCASH_FINANCE":-36425000,"END_CASH":44375000,"DIVI_RATIO":null,"DIVIDEND_RATE":null,"CURRENT_RATIO":0.794117493051,"COMMON_ACS":50000000000,"CURRENTDEBT_DEBT":60.03827383262,"ISSUED_COMMON_SHARES":20564713722,"HK_COMMON_SHARES":20564713722,"PER_SHARES":2000,"TOTAL_MARKET_CAP":267341278.386,"HKSK_MARKET_CAP":267341278.386,"PE_TTM":-0.175568050546,"PB_TTM":0.110941581708,"REPORT_DATE_SQ":"2023-06-30 00:00:00","REPORT_TYPE_SQ":"2023年中报","OPERATE_INCOME_SQ":146304000,"DPS_HKD":null,"OPERATE_INCOME_QOQ_SQ":14.569289203961,"NET_PROFIT_RATIO_SQ":-270.3986220472,"HOLDER_PROFIT_SQ":-408801000,"HOLDER_PROFIT_QOQ_SQ":-97.765569680764,"ROE_AVG_SQ":-10.744191107364,"PE_TTM_SQ":-0.89185978602,"PB_TTM_SQ":0.059736902155,"ROA_SQ":-2.862165136512,"START_DATE":"2024-01-01 00:00:00","FISCAL_YEAR":"12-31","CURRENCY":"HKD","IS_CNY_CODE":0,"DPS_HKD_LY":null,"ORG_TYPE":"一般企业","PREMIUM_INCOME":null,"PREMIUM_INCOME_YOY":null,"NET_INTEREST_INCOME":null,"NET_INTEREST_INCOME_YOY":null,"FEE_COMMISSION_INCOME":null,"FEE_COMMISSION_INCOME_YOY":null,"ACCOUNTS_RECE_TDAYS":3.482389677182,"INVENTORY_TDAYS":0.044651821263,"CURRENT_ASSETS_TDAYS":0.029860328467,"TOTAL_ASSETS_TDAYS":0.011581613524,"PREMIUM_EXPENSE":null,"LOAN_DEPOSIT":null,"LOAN_EQUITY":null,"LOAN_ASSETS":null,"DEPOSIT_EQUITY":null,"DEPOSIT_ASSETS":null,"EQUITY_MULTIPLIER":5.197704196905,"EQUITY_RATIO":4.772814344739},{"SECUCODE":"01207.HK","SECURITY_CODE":"01207","SECURITY_NAME_ABBR":"上置集团","ORG_CODE":"10010552","STD_REPORT_DATE":"2023-12-31 00:00:00","REPORT_DATE":"2023-12-31 00:00:00","DATE_TYPE_CODE":"001","REPORT_TYPE":"2023年年报","PER_NETCASH_OPERATE":-0.000074982809,"PER_OI":0.0291081611,"BPS":0.114904590064,"BASIC_EPS":-0.079,"DILUTED_EPS":-0.079,"OPERATE_INCOME":598601000,"OPERATE_INCOME_YOY":116.9504486873,"GROSS_PROFIT":43299000,"GROSS_PROFIT_YOY":-66.945057294013,"HOLDER_PROFIT":-1618018000,"HOLDER_PROFIT_YOY":-504.2701782166,"GROSS_PROFIT_RATIO":7.233365797919,"EPS_TTM":-0.078679334995,"OPERATE_INCOME_QOQ":89.361782895465,"NET_PROFIT_RATIO":-266.7917360646,"ROE_AVG":-50.875933592867,"GROSS_PROFIT_QOQ":-65.202401330858,"ROA":-11.930161845444,"HOLDER_PROFIT_QOQ":-205.548725792898,"ROE_YEARLY":-50.875933592867,"ROIC_YEARLY":-12.294899068018,"TOTAL_ASSETS":13194221000,"TOTAL_LIABILITIES":10531979000,"TAX_EBT":6.542370004945,"OCF_SALES":-0.257600638823,"TOTAL_PARENT_EQUITY":2362980000,"DEBT_ASSET_RATIO":79.8226663022,"OPERATE_PROFIT":-699760000,"PRETAX_PROFIT":-1708815000,"NETCASH_OPERATE":-1542000,"NETCASH_INVEST":-769569000,"NETCASH_FINANCE":796867000,"END_CASH":126455000,"DIVI_RATIO":null,"DIVIDEND_RATE":null,"CURRENT_RATIO":0.986276506315,"COMMON_ACS":50000000000,"CURRENTDEBT_DEBT":49.618243636832,"ISSUED_COMMON_SHARES":20564713722,"HK_COMMON_SHARES":20564713722,"PER_SHARES":2000,"TOTAL_MARKET_CAP":267341278.386,"HKSK_MARKET_CAP":267341278.386,"PE_TTM":-0.175568050546,"PB_TTM":0.110941581708,"REPORT_DATE_SQ":"2022-12-31 00:00:00","REPORT_TYPE_SQ":"2022年年报","OPERATE_INCOME_SQ":275916000,"DPS_HKD":null,"OPERATE_INCOME_QOQ_SQ":-62.530860341508,"NET_PROFIT_RATIO_SQ":-93.4838864002,"HOLDER_PROFIT_SQ":-267764000,"HOLDER_PROFIT_QOQ_SQ":-3746.5204957102,"ROE_AVG_SQ":-6.520780903963,"PE_TTM_SQ":-0.89185978602,"PB_TTM_SQ":0.059736902155,"ROA_SQ":-1.911843251473,"START_DATE":"2023-01-01 00:00:00","FISCAL_YEAR":"12-31","CURRENCY":"HKD","IS_CNY_CODE":0,"DPS_HKD_LY":null,"ORG_TYPE":"一般企业","PREMIUM_INCOME":null,"PREMIUM_INCOME_YOY":null,"NET_INTEREST_INCOME":null,"NET_INTEREST_INCOME_YOY":null,"FEE_COMMISSION_INCOME":null,"FEE_COMMISSION_INCOME_YOY":null,"ACCOUNTS_RECE_TDAYS":11.65443660258,"INVENTORY_TDAYS":0.297686252257,"CURRENT_ASSETS_TDAYS":0.113223310571,"TOTAL_ASSETS_TDAYS":0.044136757507,"PREMIUM_EXPENSE":null,"LOAN_DEPOSIT":null,"LOAN_EQUITY":null,"LOAN_ASSETS":null,"DEPOSIT_EQUITY":null,"DEPOSIT_ASSETS":null,"EQUITY_MULTIPLIER":4.956056211277,"EQUITY_RATIO":4.457074964663},{"SECUCODE":"01207.HK","SECURITY_CODE":"01207","SECURITY_NAME_ABBR":"上置集团","ORG_CODE":"10010552","STD_REPORT_DATE":"2023-06-30 00:00:00","REPORT_DATE":"2023-06-30 00:00:00","DATE_TYPE_CODE":"002","REPORT_TYPE":"2023年中报","PER_NETCASH_OPERATE":-0.001336901664,"PER_OI":0.007114322231,"BPS":0.175643096657,"BASIC_EPS":-0.0199,"DILUTED_EPS":-0.0199,"OPERATE_INCOME":146304000,"OPERATE_INCOME_YOY":37.886056265,"GROSS_PROFIT":63294000,"GROSS_PROFIT_YOY":-9.391015546712,"HOLDER_PROFIT":-408801000,"HOLDER_PROFIT_YOY":-178.0580873351,"GROSS_PROFIT_RATIO":43.261975065617,"EPS_TTM":-0.02575017611,"OPERATE_INCOME_QOQ":14.569289203961,"NET_PROFIT_RATIO":-270.3986220472,"ROE_AVG":-10.744191107364,"GROSS_PROFIT_QOQ":-5.007977647319,"ROA":-2.862165136512,"HOLDER_PROFIT_QOQ":-97.765569680764,"ROE_YEARLY":-21.488382214728,"ROIC_YEARLY":-5.889264310162,"TOTAL_ASSETS":14635249000,"TOTAL_LIABILITIES":10731740000,"TAX_EBT":-3.677146967946,"OCF_SALES":-18.791694006999,"TOTAL_PARENT_EQUITY":3612050000,"DEBT_ASSET_RATIO":73.3280315217,"OPERATE_PROFIT":-210031000,"PRETAX_PROFIT":-381573000,"NETCASH_OPERATE":-27493000,"NETCASH_INVEST":-685059000,"NETCASH_FINANCE":741269000,"END_CASH":129592000,"DIVI_RATIO":null,"DIVIDEND_RATE":null,"CURRENT_RATIO":1.09996893183,"COMMON_ACS":50000000000,"CURRENTDEBT_DEBT":48.588020209211,"ISSUED_COMMON_SHARES":20564713722,"HK_COMMON_SHARES":20564713722,"PER_SHARES":2000,"TOTAL_MARKET_CAP":267341278.386,"HKSK_MARKET_CAP":267341278.386,"PE_TTM":-0.175568050546,"PB_TTM":0.110941581708,"REPORT_DATE_SQ":"2022-06-30 00:00:00","REPORT_TYPE_SQ":"2022年中报","OPERATE_INCOME_SQ":106105000,"DPS_HKD":null,"OPERATE_INCOME_QOQ_SQ":-5.541310011404,"NET_PROFIT_RATIO_SQ":-145.5708967532,"HOLDER_PROFIT_SQ":-147020000,"HOLDER_PROFIT_QOQ_SQ":-80.748256515128,"ROE_AVG_SQ":-3.519102717371,"PE_TTM_SQ":-0.89185978602,"PB_TTM_SQ":0.059736902155,"ROA_SQ":-1.04140638738,"START_DATE":"2023-01-01 00:00:00","FISCAL_YEAR":"12-31","CURRENCY":"HKD","IS_CNY_CODE":0,"DPS_HKD_LY":null,"ORG_TYPE":"一般企业","PREMIUM_INCOME":null,"PREMIUM_INCOME_YOY":null,"NET_INTEREST_INCOME":null,"NET_INTEREST_INCOME_YOY":null,"FEE_COMMISSION_INCOME":null,"FEE_COMMISSION_INCOME_YOY":null,"ACCOUNTS_RECE_TDAYS":3.488162506258,"INVENTORY_TDAYS":0.047876817982,"CURRENT_ASSETS_TDAYS":0.026230267664,"TOTAL_ASSETS_TDAYS":0.01024327749,"PREMIUM_EXPENSE":null,"LOAN_DEPOSIT":null,"LOAN_EQUITY":null,"LOAN_ASSETS":null,"DEPOSIT_EQUITY":null,"DEPOSIT_ASSETS":null,"EQUITY_MULTIPLIER":3.749254580942,"EQUITY_RATIO":2.971093977104},{"SECUCODE":"01207.HK","SECURITY_CODE":"01207","SECURITY_NAME_ABBR":"上置集团","ORG_CODE":"10010552","STD_REPORT_DATE":"2022-12-31 00:00:00","REPORT_DATE":"2022-12-31 00:00:00","DATE_TYPE_CODE":"001","REPORT_TYPE":"2022年年报","PER_NETCASH_OPERATE":-0.002007662278,"PER_OI":0.013416962849,"BPS":0.194394245115,"BASIC_EPS":-0.013,"DILUTED_EPS":-0.013,"OPERATE_INCOME":275916000,"OPERATE_INCOME_YOY":-64.6071415286,"GROSS_PROFIT":130991000,"GROSS_PROFIT_YOY":-41.464907812067,"HOLDER_PROFIT":-267764000,"HOLDER_PROFIT_YOY":-802.0187719574,"GROSS_PROFIT_RATIO":47.474956146073,"EPS_TTM":-0.013020555677,"OPERATE_INCOME_QOQ":-62.530860341508,"NET_PROFIT_RATIO":-93.4838864002,"ROE_AVG":-6.520780903963,"GROSS_PROFIT_QOQ":-44.857039419402,"ROA":-1.911843251473,"HOLDER_PROFIT_QOQ":-3746.5204957102,"ROE_YEARLY":-6.520780903963,"ROIC_YEARLY":-1.962132205549,"TOTAL_ASSETS":13930608000,"TOTAL_LIABILITIES":9654684000,"TAX_EBT":49.316190947783,"OCF_SALES":-14.963612113832,"TOTAL_PARENT_EQUITY":3997662000,"DEBT_ASSET_RATIO":69.3055464629,"OPERATE_PROFIT":-314823000,"PRETAX_PROFIT":-508914000,"NETCASH_OPERATE":-41287000,"NETCASH_INVEST":-82630000,"NETCASH_FINANCE":154095000,"END_CASH":100699000,"DIVI_RATIO":null,"DIVIDEND_RATE":null,"CURRENT_RATIO":1.161164089632,"COMMON_ACS":50000000000,"CURRENTDEBT_DEBT":48.344513398885,"ISSUED_COMMON_SHARES":20564713722,"HK_COMMON_SHARES":20564713722,"PER_SHARES":2000,"TOTAL_MARKET_CAP":267341278.386,"HKSK_MARKET_CAP":267341278.386,"PE_TTM":-0.175568050546,"PB_TTM":0.110941581708,"REPORT_DATE_SQ":"2021-12-31 00:00:00","REPORT_TYPE_SQ":"2021年年报","OPERATE_INCOME_SQ":779581000,"DPS_HKD":null,"OPERATE_INCOME_QOQ_SQ":137.714095789284,"NET_PROFIT_RATIO_SQ":3.5543452188,"HOLDER_PROFIT_SQ":38142000,"HOLDER_PROFIT_QOQ_SQ":103.877180926978,"ROE_AVG_SQ":0.908296402487,"PE_TTM_SQ":-0.89185978602,"PB_TTM_SQ":0.059736902155,"ROA_SQ":0.269855005467,"START_DATE":"2022-01-01 00:00:00","FISCAL_YEAR":"12-31","CURRENCY":"HKD","IS_CNY_CODE":0,"DPS_HKD_LY":null,"ORG_TYPE":"一般企业","PREMIUM_INCOME":null,"PREMIUM_INCOME_YOY":null,"NET_INTEREST_INCOME":null,"NET_INTEREST_INCOME_YOY":null,"FEE_COMMISSION_INCOME":null,"FEE_COMMISSION_INCOME_YOY":null,"ACCOUNTS_RECE_TDAYS":7.914293090096,"INVENTORY_TDAYS":0.084610172895,"CURRENT_ASSETS_TDAYS":0.05235456157,"TOTAL_ASSETS_TDAYS":0.019700487839,"PREMIUM_EXPENSE":null,"LOAN_DEPOSIT":null,"LOAN_EQUITY":null,"LOAN_ASSETS":null,"DEPOSIT_EQUITY":null,"DEPOSIT_ASSETS":null,"EQUITY_MULTIPLIER":3.257917586939,"EQUITY_RATIO":2.415082615789},{"SECUCODE":"01207.HK","SECURITY_CODE":"01207","SECURITY_NAME_ABBR":"上置集团","ORG_CODE":"10010552","STD_REPORT_DATE":"2022-06-30 00:00:00","REPORT_DATE":"2022-06-30 00:00:00","DATE_TYPE_CODE":"002","REPORT_TYPE":"2022年中报","PER_NETCASH_OPERATE":-0.001256910276,"PER_OI":0.005159566111,"BPS":0.201343186974,"BASIC_EPS":-0.0071,"DILUTED_EPS":-0.0071,"OPERATE_INCOME":106105000,"OPERATE_INCOME_YOY":-28.9335851685,"GROSS_PROFIT":69854000,"GROSS_PROFIT_YOY":24.543574383112,"HOLDER_PROFIT":-147020000,"HOLDER_PROFIT_YOY":-26.5003742869,"GROSS_PROFIT_RATIO":65.834786296593,"EPS_TTM":0.000357067942,"OPERATE_INCOME_QOQ":-5.541310011404,"NET_PROFIT_RATIO":-145.5708967532,"ROE_AVG":-3.519102717371,"GROSS_PROFIT_QOQ":6.151522463826,"ROA":-1.04140638738,"HOLDER_PROFIT_QOQ":-80.748256515128,"ROE_YEARLY":-7.038205434742,"ROIC_YEARLY":-2.133607868575,"TOTAL_ASSETS":14154420000,"TOTAL_LIABILITIES":9752858000,"TAX_EBT":-5.077758275848,"OCF_SALES":-24.360774704302,"TOTAL_PARENT_EQUITY":4140565000,"DEBT_ASSET_RATIO":68.9032683784,"OPERATE_PROFIT":60762000,"PRETAX_PROFIT":-146994000,"NETCASH_OPERATE":-25848000,"NETCASH_INVEST":51820000,"NETCASH_FINANCE":-24254000,"END_CASH":72239000,"DIVI_RATIO":null,"DIVIDEND_RATE":null,"CURRENT_RATIO":1.149845035814,"COMMON_ACS":50000000000,"CURRENTDEBT_DEBT":46.630690203836,"ISSUED_COMMON_SHARES":20564713722,"HK_COMMON_SHARES":20564713722,"PER_SHARES":2000,"TOTAL_MARKET_CAP":267341278.386,"HKSK_MARKET_CAP":267341278.386,"PE_TTM":-0.175568050546,"PB_TTM":0.110941581708,"REPORT_DATE_SQ":"2021-06-30 00:00:00","REPORT_TYPE_SQ":"2021年中报","OPERATE_INCOME_SQ":149304000,"DPS_HKD":null,"OPERATE_INCOME_QOQ_SQ":13.398293920146,"NET_PROFIT_RATIO_SQ":-80.5718533998,"HOLDER_PROFIT_SQ":-116221000,"HOLDER_PROFIT_QOQ_SQ":-7.072219839831,"ROE_AVG_SQ":-2.821102108842,"PE_TTM_SQ":-0.89185978602,"PB_TTM_SQ":0.059736902155,"ROA_SQ":-0.820598178587,"START_DATE":"2022-01-01 00:00:00","FISCAL_YEAR":"12-31","CURRENCY":"HKD","IS_CNY_CODE":0,"DPS_HKD_LY":null,"ORG_TYPE":"一般企业","PREMIUM_INCOME":null,"PREMIUM_INCOME_YOY":null,"NET_INTEREST_INCOME":null,"NET_INTEREST_INCOME_YOY":null,"FEE_COMMISSION_INCOME":null,"FEE_COMMISSION_INCOME_YOY":null,"ACCOUNTS_RECE_TDAYS":2.756367792802,"INVENTORY_TDAYS":0.020989125038,"CURRENT_ASSETS_TDAYS":0.020503710494,"TOTAL_ASSETS_TDAYS":0.007515877073,"PREMIUM_EXPENSE":null,"LOAN_DEPOSIT":null,"LOAN_EQUITY":null,"LOAN_ASSETS":null,"DEPOSIT_EQUITY":null,"DEPOSIT_ASSETS":null,"EQUITY_MULTIPLIER":3.215772037295,"EQUITY_RATIO":2.355441346773},{"SECUCODE":"01207.HK","SECURITY_CODE":"01207","SECURITY_NAME_ABBR":"上置集团","ORG_CODE":"10010552","STD_REPORT_DATE":"2021-12-31 00:00:00","REPORT_DATE":"2021-12-31 00:00:00","DATE_TYPE_CODE":"001","REPORT_TYPE":"2021年年报","PER_NETCASH_OPERATE":-0.013026099153,"PER_OI":0.037908672619,"BPS":0.204961472208,"BASIC_EPS":0.002,"DILUTED_EPS":0.002,"OPERATE_INCOME":779581000,"OPERATE_INCOME_YOY":169.5637290327,"GROSS_PROFIT":223782000,"GROSS_PROFIT_YOY":452.629173823293,"HOLDER_PROFIT":38142000,"HOLDER_PROFIT_YOY":104.1513836857,"GROSS_PROFIT_RATIO":28.705419962775,"EPS_TTM":0.001854730414,"OPERATE_INCOME_QOQ":137.714095789284,"NET_PROFIT_RATIO":3.5543452188,"ROE_AVG":0.908296402487,"GROSS_PROFIT_QOQ":390.780805363895,"ROA":0.269855005467,"HOLDER_PROFIT_QOQ":103.877180926978,"ROE_YEARLY":0.908296402487,"ROIC_YEARLY":0.279811729006,"TOTAL_ASSETS":14080475000,"TOTAL_LIABILITIES":9597066000,"TAX_EBT":1.883785984916,"OCF_SALES":-34.361791783022,"TOTAL_PARENT_EQUITY":4214974000,"DEBT_ASSET_RATIO":68.1586807263,"OPERATE_PROFIT":253937000,"PRETAX_PROFIT":28241000,"NETCASH_OPERATE":-267878000,"NETCASH_INVEST":-21408000,"NETCASH_FINANCE":-19847000,"END_CASH":70521000,"DIVI_RATIO":null,"DIVIDEND_RATE":null,"CURRENT_RATIO":1.176178196094,"COMMON_ACS":50000000000,"CURRENTDEBT_DEBT":45.363249559813,"ISSUED_COMMON_SHARES":20564713722,"HK_COMMON_SHARES":20564713722,"PER_SHARES":2000,"TOTAL_MARKET_CAP":267341278.386,"HKSK_MARKET_CAP":267341278.386,"PE_TTM":-0.175568050546,"PB_TTM":0.110941581708,"REPORT_DATE_SQ":"2020-12-31 00:00:00","REPORT_TYPE_SQ":"2020年年报","OPERATE_INCOME_SQ":289201000,"DPS_HKD":null,"OPERATE_INCOME_QOQ_SQ":-1.023303250271,"NET_PROFIT_RATIO_SQ":-323.802130698,"HOLDER_PROFIT_SQ":-918778000,"HOLDER_PROFIT_QOQ_SQ":56.429133047976,"ROE_AVG_SQ":-19.623270321506,"PE_TTM_SQ":-0.89185978602,"PB_TTM_SQ":0.059736902155,"ROA_SQ":-6.19358218832,"START_DATE":"2021-01-01 00:00:00","FISCAL_YEAR":"12-31","CURRENCY":"HKD","IS_CNY_CODE":0,"DPS_HKD_LY":null,"ORG_TYPE":"一般企业","PREMIUM_INCOME":null,"PREMIUM_INCOME_YOY":null,"NET_INTEREST_INCOME":null,"NET_INTEREST_INCOME_YOY":null,"FEE_COMMISSION_INCOME":null,"FEE_COMMISSION_INCOME_YOY":null,"ACCOUNTS_RECE_TDAYS":23.246786939019,"INVENTORY_TDAYS":0.405145458634,"CURRENT_ASSETS_TDAYS":0.145173019134,"TOTAL_ASSETS_TDAYS":0.055155428403,"PREMIUM_EXPENSE":null,"LOAN_DEPOSIT":null,"LOAN_EQUITY":null,"LOAN_ASSETS":null,"DEPOSIT_EQUITY":null,"DEPOSIT_ASSETS":null,"EQUITY_MULTIPLIER":3.140573389577,"EQUITY_RATIO":2.276898030688},{"SECUCODE":"01207.HK","SECURITY_CODE":"01207","SECURITY_NAME_ABBR":"上置集团","ORG_CODE":"10010552","STD_REPORT_DATE":"2021-06-30 00:00:00","REPORT_DATE":"2021-06-30 00:00:00","DATE_TYPE_CODE":"002","REPORT_TYPE":"2021年中报","PER_NETCASH_OPERATE":-0.00182900674,"PER_OI":0.007260203182,"BPS":0.197221223443,"BASIC_EPS":-0.0057,"DILUTED_EPS":-0.0057,"OPERATE_INCOME":149304000,"OPERATE_INCOME_YOY":35.0483013134,"GROSS_PROFIT":56088000,"GROSS_PROFIT_YOY":-19.397579972983,"HOLDER_PROFIT":-116221000,"HOLDER_PROFIT_YOY":-126.8036609878,"GROSS_PROFIT_RATIO":37.566307667578,"EPS_TTM":-0.047837087027,"OPERATE_INCOME_QOQ":13.398293920146,"NET_PROFIT_RATIO":-80.5718533998,"ROE_AVG":-2.821102108842,"GROSS_PROFIT_QOQ":-21.269756228235,"ROA":-0.820598178587,"HOLDER_PROFIT_QOQ":-7.072219839831,"ROE_YEARLY":-5.642204217684,"ROIC_YEARLY":-1.712879023912,"TOTAL_ASSETS":14137883000,"TOTAL_LIABILITIES":9798874000,"TAX_EBT":1.739812296307,"OCF_SALES":-25.192225258533,"TOTAL_PARENT_EQUITY":4055798000,"DEBT_ASSET_RATIO":69.3093442632,"OPERATE_PROFIT":15722000,"PRETAX_PROFIT":-122427000,"NETCASH_OPERATE":-37613000,"NETCASH_INVEST":-146033000,"NETCASH_FINANCE":37466000,"END_CASH":235266000,"DIVI_RATIO":null,"DIVIDEND_RATE":null,"CURRENT_RATIO":1.086490363674,"COMMON_ACS":50000000000,"CURRENTDEBT_DEBT":53.254353510414,"ISSUED_COMMON_SHARES":20564713722,"HK_COMMON_SHARES":20564713722,"PER_SHARES":2000,"TOTAL_MARKET_CAP":267341278.386,"HKSK_MARKET_CAP":267341278.386,"PE_TTM":-0.175568050546,"PB_TTM":0.110941581708,"REPORT_DATE_SQ":"2020-06-30 00:00:00","REPORT_TYPE_SQ":"2020年中报","OPERATE_INCOME_SQ":110556000,"DPS_HKD":null,"OPERATE_INCOME_QOQ_SQ":-55.139674668182,"NET_PROFIT_RATIO_SQ":-50.7860269908,"HOLDER_PROFIT_SQ":-51243000,"HOLDER_PROFIT_QOQ_SQ":6.555438862374,"ROE_AVG_SQ":-0.994800510883,"PE_TTM_SQ":-0.89185978602,"PB_TTM_SQ":0.059736902155,"ROA_SQ":-0.332783381028,"START_DATE":"2021-01-01 00:00:00","FISCAL_YEAR":"12-31","CURRENCY":"HKD","IS_CNY_CODE":0,"DPS_HKD_LY":null,"ORG_TYPE":"一般企业","PREMIUM_INCOME":null,"PREMIUM_INCOME_YOY":null,"NET_INTEREST_INCOME":null,"NET_INTEREST_INCOME_YOY":null,"FEE_COMMISSION_INCOME":null,"FEE_COMMISSION_INCOME_YOY":null,"ACCOUNTS_RECE_TDAYS":5.359465862589,"INVENTORY_TDAYS":0.090632916562,"CURRENT_ASSETS_TDAYS":0.026450888942,"TOTAL_ASSETS_TDAYS":0.010541863386,"PREMIUM_EXPENSE":null,"LOAN_DEPOSIT":null,"LOAN_EQUITY":null,"LOAN_ASSETS":null,"DEPOSIT_EQUITY":null,"DEPOSIT_ASSETS":null,"EQUITY_MULTIPLIER":3.25832073637,"EQUITY_RATIO":2.41601628089},{"SECUCODE":"01207.HK","SECURITY_CODE":"01207","SECURITY_NAME_ABBR":"上置集团","ORG_CODE":"10010552","STD_REPORT_DATE":"2020-12-31 00:00:00","REPORT_DATE":"2020-12-31 00:00:00","DATE_TYPE_CODE":"001","REPORT_TYPE":"2020年年报","PER_NETCASH_OPERATE":-0.011723285005,"PER_OI":0.014062972328,"BPS":0.203436140982,"BASIC_EPS":-0.045,"DILUTED_EPS":-0.045,"OPERATE_INCOME":289201000,"OPERATE_INCOME_YOY":-55.5987318354,"GROSS_PROFIT":-63461000,"GROSS_PROFIT_YOY":-133.964516042709,"HOLDER_PROFIT":-918778000,"HOLDER_PROFIT_YOY":59.2853945928,"GROSS_PROFIT_RATIO":-21.943561744254,"EPS_TTM":-0.044677402877,"OPERATE_INCOME_QOQ":-1.023303250271,"NET_PROFIT_RATIO":-323.802130698,"ROE_AVG":-19.623270321506,"GROSS_PROFIT_QOQ":-142.618448003761,"ROA":-6.19358218832,"HOLDER_PROFIT_QOQ":56.429133047976,"ROE_YEARLY":-19.623270321506,"ROIC_YEARLY":-6.521274535126,"TOTAL_ASSETS":14188039000,"TOTAL_LIABILITIES":9717146000,"TAX_EBT":3.126832977298,"OCF_SALES":-83.362782286368,"TOTAL_PARENT_EQUITY":4183606000,"DEBT_ASSET_RATIO":68.4882949645,"OPERATE_PROFIT":-790542000,"PRETAX_PROFIT":-966665000,"NETCASH_OPERATE":-241086000,"NETCASH_INVEST":459361000,"NETCASH_FINANCE":-356908000,"END_CASH":379654000,"DIVI_RATIO":null,"DIVIDEND_RATE":null,"CURRENT_RATIO":1.076202488592,"COMMON_ACS":50000000000,"CURRENTDEBT_DEBT":53.735819138665,"ISSUED_COMMON_SHARES":20564713722,"HK_COMMON_SHARES":20564713722,"PER_SHARES":2000,"TOTAL_MARKET_CAP":267341278.386,"HKSK_MARKET_CAP":267341278.386,"PE_TTM":-0.175568050546,"PB_TTM":0.110941581708,"REPORT_DATE_SQ":"2019-12-31 00:00:00","REPORT_TYPE_SQ":"2019年年报","OPERATE_INCOME_SQ":651335000,"DPS_HKD":null,"OPERATE_INCOME_QOQ_SQ":-46.18667173403,"NET_PROFIT_RATIO_SQ":-350.2256135476,"HOLDER_PROFIT_SQ":-2256630000,"HOLDER_PROFIT_QOQ_SQ":-1242.80052840159,"ROE_AVG_SQ":-35.74561832516,"PE_TTM_SQ":-0.89185978602,"PB_TTM_SQ":0.059736902155,"ROA_SQ":-12.408980163767,"START_DATE":"2020-01-01 00:00:00","FISCAL_YEAR":"12-31","CURRENCY":"HKD","IS_CNY_CODE":0,"DPS_HKD_LY":null,"ORG_TYPE":"一般企业","PREMIUM_INCOME":null,"PREMIUM_INCOME_YOY":null,"NET_INTEREST_INCOME":null,"NET_INTEREST_INCOME_YOY":null,"FEE_COMMISSION_INCOME":null,"FEE_COMMISSION_INCOME_YOY":null,"ACCOUNTS_RECE_TDAYS":10.785045683386,"INVENTORY_TDAYS":0.34761652002,"CURRENT_ASSETS_TDAYS":0.050476060738,"TOTAL_ASSETS_TDAYS":0.019495353202,"PREMIUM_EXPENSE":null,"LOAN_DEPOSIT":null,"LOAN_EQUITY":null,"LOAN_ASSETS":null,"DEPOSIT_EQUITY":null,"DEPOSIT_ASSETS":null,"EQUITY_MULTIPLIER":3.173423966978,"EQUITY_RATIO":2.322672354901},{"SECUCODE":"01207.HK","SECURITY_CODE":"01207","SECURITY_NAME_ABBR":"上置集团","ORG_CODE":"10010552","STD_REPORT_DATE":"2020-06-30 00:00:00","REPORT_DATE":"2020-06-30 00:00:00","DATE_TYPE_CODE":"002","REPORT_TYPE":"2020年中报","PER_NETCASH_OPERATE":-0.006528561584,"PER_OI":0.005376004816,"BPS":0.249048154486,"BASIC_EPS":-0.0025,"DILUTED_EPS":-0.0025,"OPERATE_INCOME":110556000,"OPERATE_INCOME_YOY":-76.4624228231,"GROSS_PROFIT":69586000,"GROSS_PROFIT_YOY":-35.284489332813,"HOLDER_PROFIT":-51243000,"HOLDER_PROFIT_YOY":74.2723735409,"GROSS_PROFIT_RATIO":62.941857520171,"EPS_TTM":-0.102539623381,"OPERATE_INCOME_QOQ":-55.139674668182,"NET_PROFIT_RATIO":-50.7860269908,"ROE_AVG":-0.994800510883,"GROSS_PROFIT_QOQ":-20.305600899141,"ROA":-0.332783381028,"HOLDER_PROFIT_QOQ":6.555438862374,"ROE_YEARLY":-1.989601021766,"ROIC_YEARLY":-0.708333248379,"TOTAL_ASSETS":15315938000,"TOTAL_LIABILITIES":9894290000,"TAX_EBT":-50.077515235753,"OCF_SALES":-121.438908788306,"TOTAL_PARENT_EQUITY":5121604000,"DEBT_ASSET_RATIO":64.6012669939,"OPERATE_PROFIT":89598000,"PRETAX_PROFIT":-37412000,"NETCASH_OPERATE":-134258000,"NETCASH_INVEST":633380000,"NETCASH_FINANCE":-278695000,"END_CASH":735435000,"DIVI_RATIO":null,"DIVIDEND_RATE":null,"CURRENT_RATIO":1.094729168282,"COMMON_ACS":50000000000,"CURRENTDEBT_DEBT":54.87262855647,"ISSUED_COMMON_SHARES":20564713722,"HK_COMMON_SHARES":20564713722,"PER_SHARES":2000,"TOTAL_MARKET_CAP":267341278.386,"HKSK_MARKET_CAP":267341278.386,"PE_TTM":-0.175568050546,"PB_TTM":0.110941581708,"REPORT_DATE_SQ":"2019-06-30 00:00:00","REPORT_TYPE_SQ":"2019年中报","OPERATE_INCOME_SQ":469700000,"DPS_HKD":null,"OPERATE_INCOME_QOQ_SQ":-21.978148776292,"NET_PROFIT_RATIO_SQ":-42.3672556951,"HOLDER_PROFIT_SQ":-199175000,"HOLDER_PROFIT_QOQ_SQ":-248.02607240377,"ROE_AVG_SQ":-2.710771777514,"PE_TTM_SQ":-0.89185978602,"PB_TTM_SQ":0.059736902155,"ROA_SQ":-1.008346583466,"START_DATE":"2020-01-01 00:00:00","FISCAL_YEAR":"12-31","CURRENCY":"HKD","IS_CNY_CODE":0,"DPS_HKD_LY":null,"ORG_TYPE":"一般企业","PREMIUM_INCOME":null,"PREMIUM_INCOME_YOY":null,"NET_INTEREST_INCOME":null,"NET_INTEREST_INCOME_YOY":null,"FEE_COMMISSION_INCOME":null,"FEE_COMMISSION_INCOME_YOY":null,"ACCOUNTS_RECE_TDAYS":8.623712948518,"INVENTORY_TDAYS":0.038769189424,"CURRENT_ASSETS_TDAYS":0.018765312823,"TOTAL_ASSETS_TDAYS":0.007179751278,"PREMIUM_EXPENSE":null,"LOAN_DEPOSIT":null,"LOAN_EQUITY":null,"LOAN_ASSETS":null,"DEPOSIT_EQUITY":null,"DEPOSIT_ASSETS":null,"EQUITY_MULTIPLIER":2.824959864602,"EQUITY_RATIO":1.931873295944}],"count":48},"success":true,"message":"ok","code":0}