{"version":"fba165f719b8a7c9d91c1b56bce43d7f","result":{"pages":6,"data":[{"SECUCODE":"01215.HK","SECURITY_CODE":"01215","SECURITY_NAME_ABBR":"开源控股","ORG_CODE":"10010557","STD_REPORT_DATE":"2024-06-30 00:00:00","REPORT_DATE":"2024-06-30 00:00:00","DATE_TYPE_CODE":"002","REPORT_TYPE":"2024年中报","PER_NETCASH_OPERATE":0.004221622156,"PER_OI":0.010270121321,"BPS":0.134948138583,"BASIC_EPS":0.000547608,"DILUTED_EPS":0.000547608,"OPERATE_INCOME":131240645.96,"OPERATE_INCOME_YOY":6.4563653055,"GROSS_PROFIT":28155265.32,"GROSS_PROFIT_YOY":-0.744867724466,"HOLDER_PROFIT":7232989,"HOLDER_PROFIT_YOY":777.9298545766,"GROSS_PROFIT_RATIO":21.45315966258,"EPS_TTM":0.000480368731,"OPERATE_INCOME_QOQ":2.519229833119,"NET_PROFIT_RATIO":5.5112415419,"ROE_AVG":0.415215268815,"GROSS_PROFIT_QOQ":-0.330754812663,"ROA":0.218077661239,"HOLDER_PROFIT_QOQ":382.595888295002,"ROE_YEARLY":0.830430537629,"ROIC_YEARLY":0.582120490494,"TOTAL_ASSETS":3285654388.76,"TOTAL_LIABILITIES":1561168345.76,"TAX_EBT":16.963537300922,"OCF_SALES":41.10586451734,"TOTAL_PARENT_EQUITY":1724486043,"DEBT_ASSET_RATIO":47.5146853881,"OPERATE_PROFIT":29085286.24,"PRETAX_PROFIT":8710617.92,"NETCASH_OPERATE":53947602.12,"NETCASH_INVEST":19237469.04,"NETCASH_FINANCE":-15910750.44,"END_CASH":856324748.04,"DIVI_RATIO":null,"DIVIDEND_RATE":null,"CURRENT_RATIO":0.788890013631,"COMMON_ACS":20000000000,"CURRENTDEBT_DEBT":91.827045620895,"ISSUED_COMMON_SHARES":12778879806,"HK_COMMON_SHARES":12778879806,"PER_SHARES":20000,"TOTAL_MARKET_CAP":204462076.896,"HKSK_MARKET_CAP":204462076.896,"PE_TTM":30.530398222488,"PB_TTM":0.108211051692,"REPORT_DATE_SQ":"2023-06-30 00:00:00","REPORT_TYPE_SQ":"2023年中报","OPERATE_INCOME_SQ":124537370.48,"DPS_HKD":null,"OPERATE_INCOME_QOQ_SQ":62.536520304238,"NET_PROFIT_RATIO_SQ":-0.865438716,"HOLDER_PROFIT_SQ":-1077794.62,"HOLDER_PROFIT_QOQ_SQ":48.421984473484,"ROE_AVG_SQ":-0.060481497913,"PE_TTM_SQ":-10.73908530832,"PB_TTM_SQ":0.11226928629,"ROA_SQ":-0.032102499519,"START_DATE":"2024-01-01 00:00:00","FISCAL_YEAR":"12-31","CURRENCY":"HKD","IS_CNY_CODE":0,"DPS_HKD_LY":null,"ORG_TYPE":"一般企业","PREMIUM_INCOME":null,"PREMIUM_INCOME_YOY":null,"NET_INTEREST_INCOME":null,"NET_INTEREST_INCOME_YOY":null,"FEE_COMMISSION_INCOME":null,"FEE_COMMISSION_INCOME_YOY":null,"ACCOUNTS_RECE_TDAYS":7.477354271749,"INVENTORY_TDAYS":86.285714285714,"CURRENT_ASSETS_TDAYS":0.11703972841,"TOTAL_ASSETS_TDAYS":0.039569606881,"PREMIUM_EXPENSE":null,"LOAN_DEPOSIT":null,"LOAN_EQUITY":null,"LOAN_ASSETS":null,"DEPOSIT_EQUITY":null,"DEPOSIT_ASSETS":null,"EQUITY_MULTIPLIER":1.905294857037,"EQUITY_RATIO":0.905294857037},{"SECUCODE":"01215.HK","SECURITY_CODE":"01215","SECURITY_NAME_ABBR":"开源控股","ORG_CODE":"10010557","STD_REPORT_DATE":"2023-12-31 00:00:00","REPORT_DATE":"2023-12-31 00:00:00","DATE_TYPE_CODE":"001","REPORT_TYPE":"2023年年报","PER_NETCASH_OPERATE":0.00642096842,"PER_OI":0.020822194155,"BPS":0.136712362849,"BASIC_EPS":-0.000181244,"DILUTED_EPS":-0.000181244,"OPERATE_INCOME":266084316.4,"OPERATE_INCOME_YOY":91.2597137814,"GROSS_PROFIT":63882166.46,"GROSS_PROFIT_YOY":9106.92165222398,"HOLDER_PROFIT":-2172209.34,"HOLDER_PROFIT_YOY":94.1701527386,"GROSS_PROFIT_RATIO":24.008241945372,"EPS_TTM":-0.000169984331,"OPERATE_INCOME_QOQ":19.377763340704,"NET_PROFIT_RATIO":-0.8163612833,"ROE_AVG":-0.124246203415,"GROSS_PROFIT_QOQ":47.453749893589,"ROA":-0.06580980308,"HOLDER_PROFIT_QOQ":88.53316820153,"ROE_YEARLY":-0.124246203415,"ROIC_YEARLY":-0.085981469325,"TOTAL_ASSETS":3324056646.12,"TOTAL_LIABILITIES":1577025793.28,"TAX_EBT":378.397212543554,"OCF_SALES":30.837136434848,"TOTAL_PARENT_EQUITY":1747030852.84,"DEBT_ASSET_RATIO":47.4428074239,"OPERATE_PROFIT":40458191.9,"PRETAX_PROFIT":780255.42,"NETCASH_OPERATE":82052783.68,"NETCASH_INVEST":121772406.28,"NETCASH_FINANCE":-46220844.88,"END_CASH":801272474.24,"DIVI_RATIO":null,"DIVIDEND_RATE":null,"CURRENT_RATIO":0.763725873761,"COMMON_ACS":20000000000,"CURRENTDEBT_DEBT":91.65164944283,"ISSUED_COMMON_SHARES":12778879806,"HK_COMMON_SHARES":12778879806,"PER_SHARES":20000,"TOTAL_MARKET_CAP":217240956.702,"HKSK_MARKET_CAP":217240956.702,"PE_TTM":32.438548111393,"PB_TTM":0.114974242423,"REPORT_DATE_SQ":"2022-12-31 00:00:00","REPORT_TYPE_SQ":"2022年年报","OPERATE_INCOME_SQ":137133917.13,"DPS_HKD":null,"OPERATE_INCOME_QOQ_SQ":21.507318290372,"NET_PROFIT_RATIO_SQ":-26.782352673,"HOLDER_PROFIT_SQ":-36727689.32,"HOLDER_PROFIT_QOQ_SQ":65.374803836347,"ROE_AVG_SQ":-2.100766379154,"PE_TTM_SQ":-12.002507109299,"PB_TTM_SQ":0.125477437618,"ROA_SQ":-1.121579048873,"START_DATE":"2023-01-01 00:00:00","FISCAL_YEAR":"12-31","CURRENCY":"HKD","IS_CNY_CODE":0,"DPS_HKD_LY":null,"ORG_TYPE":"一般企业","PREMIUM_INCOME":null,"PREMIUM_INCOME_YOY":null,"NET_INTEREST_INCOME":null,"NET_INTEREST_INCOME_YOY":null,"FEE_COMMISSION_INCOME":null,"FEE_COMMISSION_INCOME_YOY":null,"ACCOUNTS_RECE_TDAYS":23.80960103795,"INVENTORY_TDAYS":213.416547106648,"CURRENT_ASSETS_TDAYS":0.245241564444,"TOTAL_ASSETS_TDAYS":0.080613576889,"PREMIUM_EXPENSE":null,"LOAN_DEPOSIT":null,"LOAN_EQUITY":null,"LOAN_ASSETS":null,"DEPOSIT_EQUITY":null,"DEPOSIT_ASSETS":null,"EQUITY_MULTIPLIER":1.902689148687,"EQUITY_RATIO":0.902689148687},{"SECUCODE":"01215.HK","SECURITY_CODE":"01215","SECURITY_NAME_ABBR":"开源控股","ORG_CODE":"10010557","STD_REPORT_DATE":"2023-06-30 00:00:00","REPORT_DATE":"2023-06-30 00:00:00","DATE_TYPE_CODE":"002","REPORT_TYPE":"2023年中报","PER_NETCASH_OPERATE":0.003851660165,"PER_OI":0.009745562394,"BPS":0.13960772815,"BASIC_EPS":-0.000092198,"DILUTED_EPS":-0.000092198,"OPERATE_INCOME":124537370.48,"OPERATE_INCOME_YOY":197.8851030985,"GROSS_PROFIT":28366558.66,"GROSS_PROFIT_YOY":281.068237916178,"HOLDER_PROFIT":-1077794.62,"HOLDER_PROFIT_YOY":94.6998549148,"GROSS_PROFIT_RATIO":22.777547454766,"EPS_TTM":-0.001482400147,"OPERATE_INCOME_QOQ":62.536520304238,"NET_PROFIT_RATIO":-0.865438716,"ROE_AVG":-0.060481497913,"GROSS_PROFIT_QOQ":6208.30288054652,"ROA":-0.032102499519,"HOLDER_PROFIT_QOQ":48.421984473484,"ROE_YEARLY":-0.120962995826,"ROIC_YEARLY":-0.083427403261,"TOTAL_ASSETS":3380291231.22,"TOTAL_LIABILITIES":1596260853.2,"TAX_EBT":16.619115549215,"OCF_SALES":39.522194912494,"TOTAL_PARENT_EQUITY":1784030378.02,"DEBT_ASSET_RATIO":47.2225836182,"OPERATE_PROFIT":24867644.56,"PRETAX_PROFIT":-1292615.96,"NETCASH_OPERATE":49219902.3,"NETCASH_INVEST":117060112.68,"NETCASH_FINANCE":-32073840.24,"END_CASH":786662839.36,"DIVI_RATIO":null,"DIVIDEND_RATE":null,"CURRENT_RATIO":11.668005662038,"COMMON_ACS":20000000000,"CURRENTDEBT_DEBT":6.039021798145,"ISSUED_COMMON_SHARES":12778879806,"HK_COMMON_SHARES":12778879806,"PER_SHARES":20000,"TOTAL_MARKET_CAP":217240956.702,"HKSK_MARKET_CAP":217240956.702,"PE_TTM":32.438548111393,"PB_TTM":0.114974242423,"REPORT_DATE_SQ":"2022-06-30 00:00:00","REPORT_TYPE_SQ":"2022年中报","OPERATE_INCOME_SQ":38778590.55,"DPS_HKD":null,"OPERATE_INCOME_QOQ_SQ":46.953098108877,"NET_PROFIT_RATIO_SQ":-48.6404234204,"HOLDER_PROFIT_SQ":-18862070.64,"HOLDER_PROFIT_QOQ_SQ":21.067397680327,"ROE_AVG_SQ":-1.133265578548,"PE_TTM_SQ":-12.002507109299,"PB_TTM_SQ":0.125477437618,"ROA_SQ":-0.609578727095,"START_DATE":"2023-01-01 00:00:00","FISCAL_YEAR":"12-31","CURRENCY":"HKD","IS_CNY_CODE":0,"DPS_HKD_LY":null,"ORG_TYPE":"一般企业","PREMIUM_INCOME":null,"PREMIUM_INCOME_YOY":null,"NET_INTEREST_INCOME":null,"NET_INTEREST_INCOME_YOY":null,"FEE_COMMISSION_INCOME":null,"FEE_COMMISSION_INCOME_YOY":null,"ACCOUNTS_RECE_TDAYS":9.644496804827,"INVENTORY_TDAYS":101.665692007797,"CURRENT_ASSETS_TDAYS":0.112732573109,"TOTAL_ASSETS_TDAYS":0.037093902695,"PREMIUM_EXPENSE":null,"LOAN_DEPOSIT":null,"LOAN_EQUITY":null,"LOAN_ASSETS":null,"DEPOSIT_EQUITY":null,"DEPOSIT_ASSETS":null,"EQUITY_MULTIPLIER":1.89474981641,"EQUITY_RATIO":0.894749816408},{"SECUCODE":"01215.HK","SECURITY_CODE":"01215","SECURITY_NAME_ABBR":"开源控股","ORG_CODE":"10010557","STD_REPORT_DATE":"2022-12-31 00:00:00","REPORT_DATE":"2022-12-31 00:00:00","DATE_TYPE_CODE":"001","REPORT_TYPE":"2022年年报","PER_NETCASH_OPERATE":0.003128816125,"PER_OI":0.010731294074,"BPS":0.134956129066,"BASIC_EPS":-0.002858464,"DILUTED_EPS":-0.002858464,"OPERATE_INCOME":137133917.13,"OPERATE_INCOME_YOY":63.4328358209,"GROSS_PROFIT":-709256.38,"GROSS_PROFIT_YOY":98.042676471861,"HOLDER_PROFIT":-36727689.32,"HOLDER_PROFIT_YOY":74.9846376618,"GROSS_PROFIT_RATIO":-0.517199825429,"EPS_TTM":-0.002874093025,"OPERATE_INCOME_QOQ":21.507318290372,"NET_PROFIT_RATIO":-26.782352673,"ROE_AVG":-2.100766379154,"GROSS_PROFIT_QOQ":88.676360044217,"ROA":-1.121579048873,"HOLDER_PROFIT_QOQ":65.374803836347,"ROE_YEARLY":-2.100766379154,"ROIC_YEARLY":-1.459241344272,"TOTAL_ASSETS":3230585096.41,"TOTAL_LIABILITIES":1505996943.99,"TAX_EBT":15.985206072866,"OCF_SALES":29.156000234499,"TOTAL_PARENT_EQUITY":1724588152.42,"DEBT_ASSET_RATIO":46.6168480027,"OPERATE_PROFIT":-2363592.42,"PRETAX_PROFIT":-43715740.53,"NETCASH_OPERATE":39982765.2,"NETCASH_INVEST":-166993253.42,"NETCASH_FINANCE":-19104365.49,"END_CASH":625500704.99,"DIVI_RATIO":null,"DIVIDEND_RATE":null,"CURRENT_RATIO":12.709306973478,"COMMON_ACS":20000000000,"CURRENTDEBT_DEBT":5.490418681125,"ISSUED_COMMON_SHARES":12778879806,"HK_COMMON_SHARES":12778879806,"PER_SHARES":20000,"TOTAL_MARKET_CAP":217240956.702,"HKSK_MARKET_CAP":217240956.702,"PE_TTM":32.438548111393,"PB_TTM":0.114974242423,"REPORT_DATE_SQ":"2021-12-31 00:00:00","REPORT_TYPE_SQ":"2021年年报","OPERATE_INCOME_SQ":76800438.4,"DPS_HKD":null,"OPERATE_INCOME_QOQ_SQ":3824.97052813693,"NET_PROFIT_RATIO_SQ":-174.977111589,"HOLDER_PROFIT_SQ":-134383188.8,"HOLDER_PROFIT_QOQ_SQ":54.702094905494,"ROE_AVG_SQ":-7.835062456263,"PE_TTM_SQ":-12.002507109299,"PB_TTM_SQ":0.125477437618,"ROA_SQ":-4.223972327267,"START_DATE":"2022-01-01 00:00:00","FISCAL_YEAR":"12-31","CURRENCY":"HKD","IS_CNY_CODE":0,"DPS_HKD_LY":null,"ORG_TYPE":"一般企业","PREMIUM_INCOME":null,"PREMIUM_INCOME_YOY":null,"NET_INTEREST_INCOME":null,"NET_INTEREST_INCOME_YOY":null,"FEE_COMMISSION_INCOME":null,"FEE_COMMISSION_INCOME_YOY":null,"ACCOUNTS_RECE_TDAYS":18.440720720721,"INVENTORY_TDAYS":209.522063815343,"CURRENT_ASSETS_TDAYS":0.139999653464,"TOTAL_ASSETS_TDAYS":0.041877540131,"PREMIUM_EXPENSE":null,"LOAN_DEPOSIT":null,"LOAN_EQUITY":null,"LOAN_ASSETS":null,"DEPOSIT_EQUITY":null,"DEPOSIT_ASSETS":null,"EQUITY_MULTIPLIER":1.873250197086,"EQUITY_RATIO":0.873250197084},{"SECUCODE":"01215.HK","SECURITY_CODE":"01215","SECURITY_NAME_ABBR":"开源控股","ORG_CODE":"10010557","STD_REPORT_DATE":"2022-06-30 00:00:00","REPORT_DATE":"2022-06-30 00:00:00","DATE_TYPE_CODE":"002","REPORT_TYPE":"2022年中报","PER_NETCASH_OPERATE":-0.000425290208,"PER_OI":0.003034584497,"BPS":0.127736499525,"BASIC_EPS":-0.001453823,"DILUTED_EPS":-0.001453823,"OPERATE_INCOME":38778590.55,"OPERATE_INCOME_YOY":1287.9706152433,"GROSS_PROFIT":-15666225.61,"GROSS_PROFIT_YOY":65.673416607891,"HOLDER_PROFIT":-18862070.64,"HOLDER_PROFIT_YOY":61.0957261038,"GROSS_PROFIT_RATIO":-40.399161980373,"EPS_TTM":-0.00830058265,"OPERATE_INCOME_QOQ":46.953098108877,"NET_PROFIT_RATIO":-48.6404234204,"ROE_AVG":-1.133265578548,"GROSS_PROFIT_QOQ":82.71471421043,"ROA":-0.609578727095,"HOLDER_PROFIT_QOQ":21.067397680327,"ROE_YEARLY":-2.266531157096,"ROIC_YEARLY":-1.592840019456,"TOTAL_ASSETS":3011337787.5,"TOTAL_LIABILITIES":1379008413.23,"TAX_EBT":20.46159394158,"OCF_SALES":-14.014775609218,"TOTAL_PARENT_EQUITY":1632329374.27,"DEBT_ASSET_RATIO":45.7938800142,"OPERATE_PROFIT":-5921335.56,"PRETAX_PROFIT":-23714418.7,"NETCASH_OPERATE":-5337240.79,"NETCASH_INVEST":-19390578.06,"NETCASH_FINANCE":-1522238.2,"END_CASH":706348456.45,"DIVI_RATIO":null,"DIVIDEND_RATE":null,"CURRENT_RATIO":16.981759340983,"COMMON_ACS":20000000000,"CURRENTDEBT_DEBT":3.79419255735,"ISSUED_COMMON_SHARES":12778879806,"HK_COMMON_SHARES":12778879806,"PER_SHARES":20000,"TOTAL_MARKET_CAP":217240956.702,"HKSK_MARKET_CAP":217240956.702,"PE_TTM":32.438548111393,"PB_TTM":0.114974242423,"REPORT_DATE_SQ":"2021-06-30 00:00:00","REPORT_TYPE_SQ":"2021年中报","OPERATE_INCOME_SQ":2718405.36,"DPS_HKD":null,"OPERATE_INCOME_QOQ_SQ":-93.84463307558,"NET_PROFIT_RATIO_SQ":-1735.322926232,"HOLDER_PROFIT_SQ":-47173111.44,"HOLDER_PROFIT_QOQ_SQ":-5.89137370006,"ROE_AVG_SQ":-2.612370572044,"PE_TTM_SQ":-12.002507109299,"PB_TTM_SQ":0.125477437618,"ROA_SQ":-1.417063551775,"START_DATE":"2022-01-01 00:00:00","FISCAL_YEAR":"12-31","CURRENCY":"HKD","IS_CNY_CODE":0,"DPS_HKD_LY":null,"ORG_TYPE":"一般企业","PREMIUM_INCOME":null,"PREMIUM_INCOME_YOY":null,"NET_INTEREST_INCOME":null,"NET_INTEREST_INCOME_YOY":null,"FEE_COMMISSION_INCOME":null,"FEE_COMMISSION_INCOME_YOY":null,"ACCOUNTS_RECE_TDAYS":5.378684538284,"INVENTORY_TDAYS":120.461684011353,"CURRENT_ASSETS_TDAYS":0.04411689591,"TOTAL_ASSETS_TDAYS":0.012532348286,"PREMIUM_EXPENSE":null,"LOAN_DEPOSIT":null,"LOAN_EQUITY":null,"LOAN_ASSETS":null,"DEPOSIT_EQUITY":null,"DEPOSIT_ASSETS":null,"EQUITY_MULTIPLIER":1.844810143692,"EQUITY_RATIO":0.844810143692},{"SECUCODE":"01215.HK","SECURITY_CODE":"01215","SECURITY_NAME_ABBR":"开源控股","ORG_CODE":"10010557","STD_REPORT_DATE":"2021-12-31 00:00:00","REPORT_DATE":"2021-12-31 00:00:00","DATE_TYPE_CODE":"001","REPORT_TYPE":"2021年年报","PER_NETCASH_OPERATE":0.002574322171,"PER_OI":0.00600995076,"BPS":0.126920493864,"BASIC_EPS":-0.01054704,"DILUTED_EPS":-0.01054704,"OPERATE_INCOME":76800438.4,"OPERATE_INCOME_YOY":148.700026476,"GROSS_PROFIT":-36236032,"GROSS_PROFIT_YOY":34.004605633763,"HOLDER_PROFIT":-134383188.8,"HOLDER_PROFIT_YOY":50.6230585747,"GROSS_PROFIT_RATIO":-47.182064002385,"EPS_TTM":-0.010516038247,"OPERATE_INCOME_QOQ":3824.97052813693,"NET_PROFIT_RATIO":-174.977111589,"ROE_AVG":-7.835062456263,"GROSS_PROFIT_QOQ":53.323344919253,"ROA":-4.223972327267,"HOLDER_PROFIT_QOQ":54.702094905494,"ROE_YEARLY":-7.835062456263,"ROIC_YEARLY":-5.462572869395,"TOTAL_ASSETS":3037566324.8,"TOTAL_LIABILITIES":1415664588.8,"TAX_EBT":3.242460455287,"OCF_SALES":42.834330487364,"TOTAL_PARENT_EQUITY":1621901736,"DEBT_ASSET_RATIO":46.6052239664,"OPERATE_PROFIT":-81314408,"PRETAX_PROFIT":-138886529.6,"NETCASH_OPERATE":33014688,"NETCASH_INVEST":-7435254.4,"NETCASH_FINANCE":-32659032,"END_CASH":712728083.2,"DIVI_RATIO":null,"DIVIDEND_RATE":null,"CURRENT_RATIO":15.838375498505,"COMMON_ACS":20000000000,"CURRENTDEBT_DEBT":3.707331497533,"ISSUED_COMMON_SHARES":12778879806,"HK_COMMON_SHARES":12778879806,"PER_SHARES":20000,"TOTAL_MARKET_CAP":217240956.702,"HKSK_MARKET_CAP":217240956.702,"PE_TTM":32.438548111393,"PB_TTM":0.114974242423,"REPORT_DATE_SQ":"2020-12-31 00:00:00","REPORT_TYPE_SQ":"2020年年报","OPERATE_INCOME_SQ":31788742.8,"DPS_HKD":null,"OPERATE_INCOME_QOQ_SQ":-79.355447896811,"NET_PROFIT_RATIO_SQ":-881.3185067514,"HOLDER_PROFIT_SQ":-280160073.36,"HOLDER_PROFIT_QOQ_SQ":-520.018398209029,"ROE_AVG_SQ":-14.364486868565,"PE_TTM_SQ":-12.002507109299,"PB_TTM_SQ":0.125477437618,"ROA_SQ":-8.04306917918,"START_DATE":"2021-01-01 00:00:00","FISCAL_YEAR":"12-31","CURRENCY":"HKD","IS_CNY_CODE":0,"DPS_HKD_LY":null,"ORG_TYPE":"一般企业","PREMIUM_INCOME":null,"PREMIUM_INCOME_YOY":null,"NET_INTEREST_INCOME":null,"NET_INTEREST_INCOME_YOY":null,"FEE_COMMISSION_INCOME":null,"FEE_COMMISSION_INCOME_YOY":null,"ACCOUNTS_RECE_TDAYS":20.694866710729,"INVENTORY_TDAYS":219.103011093502,"CURRENT_ASSETS_TDAYS":0.090003157115,"TOTAL_ASSETS_TDAYS":0.024140142039,"PREMIUM_EXPENSE":null,"LOAN_DEPOSIT":null,"LOAN_EQUITY":null,"LOAN_ASSETS":null,"DEPOSIT_EQUITY":null,"DEPOSIT_ASSETS":null,"EQUITY_MULTIPLIER":1.872842390744,"EQUITY_RATIO":0.872842390743},{"SECUCODE":"01215.HK","SECURITY_CODE":"01215","SECURITY_NAME_ABBR":"开源控股","ORG_CODE":"10010557","STD_REPORT_DATE":"2021-06-30 00:00:00","REPORT_DATE":"2021-06-30 00:00:00","DATE_TYPE_CODE":"002","REPORT_TYPE":"2021年中报","PER_NETCASH_OPERATE":-0.002022886963,"PER_OI":0.000212726421,"BPS":0.138595007037,"BASIC_EPS":-0.003661152,"DILUTED_EPS":-0.003661152,"OPERATE_INCOME":2718405.36,"OPERATE_INCOME_YOY":-90.8320471447,"GROSS_PROFIT":-45638755.92,"GROSS_PROFIT_YOY":-99.177219942998,"HOLDER_PROFIT":-47173111.44,"HOLDER_PROFIT_YOY":-68.8598320129,"GROSS_PROFIT_RATIO":-1678.87970615243,"EPS_TTM":-0.023215286061,"OPERATE_INCOME_QOQ":-93.84463307558,"NET_PROFIT_RATIO":-1735.322926232,"ROE_AVG":-2.612370572044,"GROSS_PROFIT_QOQ":-41.388439793019,"ROA":-1.417063551775,"HOLDER_PROFIT_QOQ":-5.89137370006,"ROE_YEARLY":-5.224741144088,"ROIC_YEARLY":-3.628617324499,"TOTAL_ASSETS":3273659832.72,"TOTAL_LIABILITIES":1502570896.08,"TAX_EBT":19.893460690669,"OCF_SALES":-950.933578206305,"TOTAL_PARENT_EQUITY":1771088936.64,"DEBT_ASSET_RATIO":45.8988096766,"OPERATE_PROFIT":-28865687.28,"PRETAX_PROFIT":-58887965.76,"NETCASH_OPERATE":-25850229.36,"NETCASH_INVEST":2416360.32,"NETCASH_FINANCE":-2269914.24,"END_CASH":714808308.96,"DIVI_RATIO":null,"DIVIDEND_RATE":null,"CURRENT_RATIO":0.5933854299,"COMMON_ACS":20000000000,"CURRENTDEBT_DEBT":91.323296420813,"ISSUED_COMMON_SHARES":12778879806,"HK_COMMON_SHARES":12778879806,"PER_SHARES":20000,"TOTAL_MARKET_CAP":217240956.702,"HKSK_MARKET_CAP":217240956.702,"PE_TTM":32.438548111393,"PB_TTM":0.114974242423,"REPORT_DATE_SQ":"2020-06-30 00:00:00","REPORT_TYPE_SQ":"2020年中报","OPERATE_INCOME_SQ":32550434.4,"DPS_HKD":null,"OPERATE_INCOME_QOQ_SQ":-29.747921286125,"NET_PROFIT_RATIO_SQ":-94.2163603199,"HOLDER_PROFIT_SQ":-30667834.56,"HOLDER_PROFIT_QOQ_SQ":-64.765408765313,"ROE_AVG_SQ":-1.39502251943,"PE_TTM_SQ":-12.002507109299,"PB_TTM_SQ":0.125477437618,"ROA_SQ":-0.802481396577,"START_DATE":"2021-01-01 00:00:00","FISCAL_YEAR":"12-31","CURRENCY":"HKD","IS_CNY_CODE":0,"DPS_HKD_LY":null,"ORG_TYPE":"一般企业","PREMIUM_INCOME":null,"PREMIUM_INCOME_YOY":null,"NET_INTEREST_INCOME":null,"NET_INTEREST_INCOME_YOY":null,"FEE_COMMISSION_INCOME":null,"FEE_COMMISSION_INCOME_YOY":null,"ACCOUNTS_RECE_TDAYS":3.129310344828,"INVENTORY_TDAYS":80.270718232044,"CURRENT_ASSETS_TDAYS":0.003188539606,"TOTAL_ASSETS_TDAYS":0.000816599337,"PREMIUM_EXPENSE":null,"LOAN_DEPOSIT":null,"LOAN_EQUITY":null,"LOAN_ASSETS":null,"DEPOSIT_EQUITY":null,"DEPOSIT_ASSETS":null,"EQUITY_MULTIPLIER":1.848388166734,"EQUITY_RATIO":0.848388166735},{"SECUCODE":"01215.HK","SECURITY_CODE":"01215","SECURITY_NAME_ABBR":"开源控股","ORG_CODE":"10010557","STD_REPORT_DATE":"2020-12-31 00:00:00","REPORT_DATE":"2020-12-31 00:00:00","DATE_TYPE_CODE":"001","REPORT_TYPE":"2020年年报","PER_NETCASH_OPERATE":-0.000495148997,"PER_OI":0.002487600109,"BPS":0.145675825072,"BASIC_EPS":-0.02188264,"DILUTED_EPS":-0.02188264,"OPERATE_INCOME":31788742.8,"OPERATE_INCOME_YOY":-84.5638269612,"GROSS_PROFIT":-54906910.32,"GROSS_PROFIT_YOY":-246.821605757188,"HOLDER_PROFIT":-280160073.36,"HOLDER_PROFIT_YOY":-987.2905438511,"GROSS_PROFIT_RATIO":-172.724384432089,"EPS_TTM":-0.021923680136,"OPERATE_INCOME_QOQ":-79.355447896811,"NET_PROFIT_RATIO":-881.3185067514,"ROE_AVG":-14.364486868565,"GROSS_PROFIT_QOQ":-10270.0108677618,"ROA":-8.04306917918,"HOLDER_PROFIT_QOQ":-520.018398209029,"ROE_YEARLY":-14.364486868565,"ROIC_YEARLY":-10.83010503322,"TOTAL_ASSETS":3423090433.88,"TOTAL_LIABILITIES":1561516574.64,"TAX_EBT":24.714689584983,"OCF_SALES":-19.904686258936,"TOTAL_PARENT_EQUITY":1861573859.24,"DEBT_ASSET_RATIO":45.6171580857,"OPERATE_PROFIT":-49039837.88,"PRETAX_PROFIT":-372131126,"NETCASH_OPERATE":-6739011.48,"NETCASH_INVEST":-261851878.44,"NETCASH_FINANCE":-32288676.96,"END_CASH":751475948.44,"DIVI_RATIO":null,"DIVIDEND_RATE":null,"CURRENT_RATIO":0.632626483699,"COMMON_ACS":20000000000,"CURRENTDEBT_DEBT":91.064050199264,"ISSUED_COMMON_SHARES":12778879806,"HK_COMMON_SHARES":12778879806,"PER_SHARES":20000,"TOTAL_MARKET_CAP":217240956.702,"HKSK_MARKET_CAP":217240956.702,"PE_TTM":32.438548111393,"PB_TTM":0.114974242423,"REPORT_DATE_SQ":"2019-12-31 00:00:00","REPORT_TYPE_SQ":"2019年年报","OPERATE_INCOME_SQ":219183929.3,"DPS_HKD":null,"OPERATE_INCOME_QOQ_SQ":-9.852972687833,"NET_PROFIT_RATIO_SQ":-12.5120052312,"HOLDER_PROFIT_SQ":-27424304.7,"HOLDER_PROFIT_QOQ_SQ":-842.780856448877,"ROE_AVG_SQ":-1.244799106135,"PE_TTM_SQ":-12.002507109299,"PB_TTM_SQ":0.125477437618,"ROA_SQ":-0.716199322143,"START_DATE":"2020-01-01 00:00:00","FISCAL_YEAR":"12-31","CURRENCY":"HKD","IS_CNY_CODE":0,"DPS_HKD_LY":null,"ORG_TYPE":"一般企业","PREMIUM_INCOME":null,"PREMIUM_INCOME_YOY":null,"NET_INTEREST_INCOME":null,"NET_INTEREST_INCOME_YOY":null,"FEE_COMMISSION_INCOME":null,"FEE_COMMISSION_INCOME_YOY":null,"ACCOUNTS_RECE_TDAYS":null,"INVENTORY_TDAYS":125.390139987827,"CURRENT_ASSETS_TDAYS":0.031076176125,"TOTAL_ASSETS_TDAYS":0.00912617756,"PREMIUM_EXPENSE":null,"LOAN_DEPOSIT":null,"LOAN_EQUITY":null,"LOAN_ASSETS":null,"DEPOSIT_EQUITY":null,"DEPOSIT_ASSETS":null,"EQUITY_MULTIPLIER":1.838815267462,"EQUITY_RATIO":0.838815267463},{"SECUCODE":"01215.HK","SECURITY_CODE":"01215","SECURITY_NAME_ABBR":"开源控股","ORG_CODE":"10010557","STD_REPORT_DATE":"2020-06-30 00:00:00","REPORT_DATE":"2020-06-30 00:00:00","DATE_TYPE_CODE":"002","REPORT_TYPE":"2020年中报","PER_NETCASH_OPERATE":0.001244688968,"PER_OI":0.002547205615,"BPS":0.170878289768,"BASIC_EPS":-0.002374944,"DILUTED_EPS":-0.002374944,"OPERATE_INCOME":32550434.4,"OPERATE_INCOME_YOY":-67.9327970052,"GROSS_PROFIT":-22913642.4,"GROSS_PROFIT_YOY":-264.33218165185,"HOLDER_PROFIT":-30667834.56,"HOLDER_PROFIT_YOY":-128.8304252999,"GROSS_PROFIT_RATIO":-70.394275291146,"EPS_TTM":-0.003535972513,"OPERATE_INCOME_QOQ":-29.747921286125,"NET_PROFIT_RATIO":-94.2163603199,"ROE_AVG":-1.39502251943,"GROSS_PROFIT_QOQ":-98.556327936457,"ROA":-0.802481396577,"HOLDER_PROFIT_QOQ":-64.765408765313,"ROE_YEARLY":-2.790045038859,"ROIC_YEARLY":-2.202731468375,"TOTAL_ASSETS":3797558292,"TOTAL_LIABILITIES":1613925165.6,"TAX_EBT":22.235604762125,"OCF_SALES":48.864880033675,"TOTAL_PARENT_EQUITY":2183633126.4,"DEBT_ASSET_RATIO":42.4990228326,"OPERATE_PROFIT":-18108034.56,"PRETAX_PROFIT":-39436858.56,"NETCASH_OPERATE":15905730.72,"NETCASH_INVEST":-189753458.4,"NETCASH_FINANCE":-11445403.2,"END_CASH":944070383.52,"DIVI_RATIO":null,"DIVIDEND_RATE":null,"CURRENT_RATIO":0.74668988094,"COMMON_ACS":20000000000,"CURRENTDEBT_DEBT":86.859380880826,"ISSUED_COMMON_SHARES":12778879806,"HK_COMMON_SHARES":12778879806,"PER_SHARES":20000,"TOTAL_MARKET_CAP":217240956.702,"HKSK_MARKET_CAP":217240956.702,"PE_TTM":32.438548111393,"PB_TTM":0.114974242423,"REPORT_DATE_SQ":"2019-06-30 00:00:00","REPORT_TYPE_SQ":"2019年中报","OPERATE_INCOME_SQ":97753097.16,"DPS_HKD":null,"OPERATE_INCOME_QOQ_SQ":-7.720298982585,"NET_PROFIT_RATIO_SQ":-13.2030307939,"HOLDER_PROFIT_SQ":-12906371.52,"HOLDER_PROFIT_QOQ_SQ":-98.756469348588,"ROE_AVG_SQ":-0.590392837382,"PE_TTM_SQ":-12.002507109299,"PB_TTM_SQ":0.125477437618,"ROA_SQ":-0.338162380634,"START_DATE":"2020-01-01 00:00:00","FISCAL_YEAR":"12-31","CURRENCY":"HKD","IS_CNY_CODE":0,"DPS_HKD_LY":null,"ORG_TYPE":"一般企业","PREMIUM_INCOME":null,"PREMIUM_INCOME_YOY":null,"NET_INTEREST_INCOME":null,"NET_INTEREST_INCOME_YOY":null,"FEE_COMMISSION_INCOME":null,"FEE_COMMISSION_INCOME_YOY":null,"ACCOUNTS_RECE_TDAYS":5.100186059825,"INVENTORY_TDAYS":67.131011608624,"CURRENT_ASSETS_TDAYS":0.028438780009,"TOTAL_ASSETS_TDAYS":0.008517431515,"PREMIUM_EXPENSE":null,"LOAN_DEPOSIT":null,"LOAN_EQUITY":null,"LOAN_ASSETS":null,"DEPOSIT_EQUITY":null,"DEPOSIT_ASSETS":null,"EQUITY_MULTIPLIER":1.739100880127,"EQUITY_RATIO":0.739100880129}],"count":50},"success":true,"message":"ok","code":0}