{"version":"bcdf682f04b3af0902cb57c3143d2380","result":{"pages":6,"data":[{"SECUCODE":"01218.HK","SECURITY_CODE":"01218","SECURITY_NAME_ABBR":"永义国际","ORG_CODE":"10010559","STD_REPORT_DATE":"2024-06-30 00:00:00","REPORT_DATE":"2024-09-30 00:00:00","DATE_TYPE_CODE":"002","REPORT_TYPE":"2024年中报","PER_NETCASH_OPERATE":2.479592097562,"PER_OI":2.801898483334,"BPS":21.160016326072,"BASIC_EPS":-8.6481661,"DILUTED_EPS":-8.6481661,"OPERATE_INCOME":207307994.15,"OPERATE_INCOME_YOY":100.1297141066,"GROSS_PROFIT":5309739.52,"GROSS_PROFIT_YOY":-83.013761420469,"HOLDER_PROFIT":-639803772.78,"HOLDER_PROFIT_YOY":-905.7297573146,"GROSS_PROFIT_RATIO":2.56128064032,"EPS_TTM":-3.102786111629,"OPERATE_INCOME_QOQ":0,"NET_PROFIT_RATIO":-308.6304021576,"ROE_AVG":-34.248425896136,"GROSS_PROFIT_QOQ":0,"ROA":-11.494797398853,"HOLDER_PROFIT_QOQ":0,"ROE_YEARLY":-68.496851792271,"ROIC_YEARLY":-28.999785510592,"TOTAL_ASSETS":3251280299.77,"TOTAL_LIABILITIES":1687323036.78,"TAX_EBT":-6.731908544345,"OCF_SALES":88.496857124214,"TOTAL_PARENT_EQUITY":1565595815.42,"DEBT_ASSET_RATIO":51.8971876064,"OPERATE_PROFIT":42558175.47,"PRETAX_PROFIT":20549088.73,"NETCASH_OPERATE":183461059.39,"NETCASH_INVEST":-269656852.96,"NETCASH_FINANCE":-168250567.46,"END_CASH":22663786.28,"DIVI_RATIO":null,"DIVIDEND_RATE":null,"CURRENT_RATIO":1.44507107147,"COMMON_ACS":10000000000,"CURRENTDEBT_DEBT":77.718133144352,"ISSUED_COMMON_SHARES":73988403,"HK_COMMON_SHARES":73988403,"PER_SHARES":1000,"TOTAL_MARKET_CAP":122080864.95,"HKSK_MARKET_CAP":122080864.95,"PE_TTM":-0.136835417514,"PB_TTM":0.070319109261,"REPORT_DATE_SQ":"2023-06-30 00:00:00","REPORT_TYPE_SQ":"2023年中报","OPERATE_INCOME_SQ":105406322.84,"DPS_HKD":null,"OPERATE_INCOME_QOQ_SQ":0,"NET_PROFIT_RATIO_SQ":-142.6024407488,"HOLDER_PROFIT_SQ":-64733290.72,"HOLDER_PROFIT_QOQ_SQ":0,"ROE_AVG_SQ":-2.334010601379,"PE_TTM_SQ":-6.901688660178,"PB_TTM_SQ":0.085599356516,"ROA_SQ":-0.766098158281,"START_DATE":"2024-04-01 00:00:00","FISCAL_YEAR":"3-31","CURRENCY":"HKD","IS_CNY_CODE":0,"DPS_HKD_LY":null,"ORG_TYPE":"一般企业","PREMIUM_INCOME":null,"PREMIUM_INCOME_YOY":null,"NET_INTEREST_INCOME":null,"NET_INTEREST_INCOME_YOY":null,"FEE_COMMISSION_INCOME":null,"FEE_COMMISSION_INCOME_YOY":null,"ACCOUNTS_RECE_TDAYS":4.566374669765,"INVENTORY_TDAYS":0.059045620206,"CURRENT_ASSETS_TDAYS":0.05450371356,"TOTAL_ASSETS_TDAYS":0.037245222571,"PREMIUM_EXPENSE":null,"LOAN_DEPOSIT":null,"LOAN_EQUITY":null,"LOAN_ASSETS":null,"DEPOSIT_EQUITY":null,"DEPOSIT_ASSETS":null,"EQUITY_MULTIPLIER":2.078880527437,"EQUITY_RATIO":1.077751371178},{"SECUCODE":"01218.HK","SECURITY_CODE":"01218","SECURITY_NAME_ABBR":"永义国际","ORG_CODE":"10010559","STD_REPORT_DATE":"2023-12-31 00:00:00","REPORT_DATE":"2024-03-31 00:00:00","DATE_TYPE_CODE":"001","REPORT_TYPE":"2023年年报","PER_NETCASH_OPERATE":-4.120057882585,"PER_OI":2.782736055271,"BPS":29.492647613302,"BASIC_EPS":-3.172925,"DILUTED_EPS":-3.80751,"OPERATE_INCOME":205890196.7,"OPERATE_INCOME_YOY":161.7666720454,"GROSS_PROFIT":52648797.8,"GROSS_PROFIT_YOY":1.961301796758,"HOLDER_PROFIT":-229570189.25,"HOLDER_PROFIT_YOY":-2006.890060241,"GROSS_PROFIT_RATIO":25.571298995218,"EPS_TTM":-0.410925055377,"OPERATE_INCOME_QOQ":0,"NET_PROFIT_RATIO":-179.8915962908,"ROE_AVG":-8.644520363702,"GROSS_PROFIT_QOQ":0,"ROA":-2.82502183874,"HOLDER_PROFIT_QOQ":0,"ROE_YEARLY":-8.644520363702,"ROIC_YEARLY":-3.764604688262,"TOTAL_ASSETS":7922375805.45,"TOTAL_LIABILITIES":3750350209.4,"TAX_EBT":-5.606759420024,"OCF_SALES":-148.057803570013,"TOTAL_PARENT_EQUITY":2182113897.15,"DEBT_ASSET_RATIO":47.3387062353,"OPERATE_PROFIT":-240904783.9,"PRETAX_PROFIT":-355569760.65,"NETCASH_OPERATE":-304836503,"NETCASH_INVEST":257646042.75,"NETCASH_FINANCE":-25406970.3,"END_CASH":278705199.25,"DIVI_RATIO":null,"DIVIDEND_RATE":null,"CURRENT_RATIO":2.271839517039,"COMMON_ACS":10000000000,"CURRENTDEBT_DEBT":67.395916023117,"ISSUED_COMMON_SHARES":73988403,"HK_COMMON_SHARES":73988403,"PER_SHARES":1000,"TOTAL_MARKET_CAP":137618429.58,"HKSK_MARKET_CAP":137618429.58,"PE_TTM":-0.154250834289,"PB_TTM":0.079268814076,"REPORT_DATE_SQ":"2022-12-31 00:00:00","REPORT_TYPE_SQ":"2022年年报","OPERATE_INCOME_SQ":75952322.42,"DPS_HKD":null,"OPERATE_INCOME_QOQ_SQ":0,"NET_PROFIT_RATIO_SQ":34.5116525668,"HOLDER_PROFIT_SQ":11625444.8,"HOLDER_PROFIT_QOQ_SQ":0,"ROE_AVG_SQ":0.3481220089,"PE_TTM_SQ":-8.282026392214,"PB_TTM_SQ":0.102719227819,"ROA_SQ":0.146674514342,"START_DATE":"2023-04-01 00:00:00","FISCAL_YEAR":"3-31","CURRENCY":"HKD","IS_CNY_CODE":0,"DPS_HKD_LY":null,"ORG_TYPE":"一般企业","PREMIUM_INCOME":null,"PREMIUM_INCOME_YOY":null,"NET_INTEREST_INCOME":null,"NET_INTEREST_INCOME_YOY":null,"FEE_COMMISSION_INCOME":null,"FEE_COMMISSION_INCOME_YOY":null,"ACCOUNTS_RECE_TDAYS":3.631499840102,"INVENTORY_TDAYS":0.030271265372,"CURRENT_ASSETS_TDAYS":0.034949629701,"TOTAL_ASSETS_TDAYS":0.025336229585,"PREMIUM_EXPENSE":null,"LOAN_DEPOSIT":null,"LOAN_EQUITY":null,"LOAN_ASSETS":null,"DEPOSIT_EQUITY":null,"DEPOSIT_ASSETS":null,"EQUITY_MULTIPLIER":1.898927900382,"EQUITY_RATIO":1.718677569626},{"SECUCODE":"01218.HK","SECURITY_CODE":"01218","SECURITY_NAME_ABBR":"永义国际","ORG_CODE":"10010559","STD_REPORT_DATE":"2023-06-30 00:00:00","REPORT_DATE":"2023-09-30 00:00:00","DATE_TYPE_CODE":"002","REPORT_TYPE":"2023年中报","PER_NETCASH_OPERATE":-2.428640394225,"PER_OI":1.424633031206,"BPS":32.160171665416,"BASIC_EPS":-0.8717485,"DILUTED_EPS":-0.8717485,"OPERATE_INCOME":105406322.84,"OPERATE_INCOME_YOY":244.1705459162,"GROSS_PROFIT":31259065.95,"GROSS_PROFIT_YOY":18.875251654563,"HOLDER_PROFIT":-64733290.72,"HOLDER_PROFIT_YOY":-181.0182049954,"GROSS_PROFIT_RATIO":36.72727552181,"EPS_TTM":0.157125229477,"OPERATE_INCOME_QOQ":0,"NET_PROFIT_RATIO":-142.6024407488,"ROE_AVG":-2.334010601379,"GROSS_PROFIT_QOQ":0,"ROA":-0.766098158281,"HOLDER_PROFIT_QOQ":0,"ROE_YEARLY":-4.668021202758,"ROIC_YEARLY":-2.04184059727,"TOTAL_ASSETS":8467407884.25,"TOTAL_LIABILITIES":4049998545.46,"TAX_EBT":0.189828363521,"OCF_SALES":-150.487996065292,"TOTAL_PARENT_EQUITY":2379479741.73,"DEBT_ASSET_RATIO":47.8304411554,"OPERATE_PROFIT":4941437.55,"PRETAX_PROFIT":-34804788.27,"NETCASH_OPERATE":-179691224.23,"NETCASH_INVEST":162983934.82,"NETCASH_FINANCE":59694584.39,"END_CASH":400465661.19,"DIVI_RATIO":null,"DIVIDEND_RATE":null,"CURRENT_RATIO":2.206808435961,"COMMON_ACS":10000000000,"CURRENTDEBT_DEBT":69.718720247819,"ISSUED_COMMON_SHARES":73988403,"HK_COMMON_SHARES":73988403,"PER_SHARES":1000,"TOTAL_MARKET_CAP":137618429.58,"HKSK_MARKET_CAP":137618429.58,"PE_TTM":-0.154250834289,"PB_TTM":0.079268814076,"REPORT_DATE_SQ":"2022-06-30 00:00:00","REPORT_TYPE_SQ":"2022年中报","OPERATE_INCOME_SQ":34195067.52,"DPS_HKD":null,"OPERATE_INCOME_QOQ_SQ":0,"NET_PROFIT_RATIO_SQ":-16.5025259971,"HOLDER_PROFIT_SQ":-22704157.32,"HOLDER_PROFIT_QOQ_SQ":0,"ROE_AVG_SQ":-0.662220121779,"PE_TTM_SQ":-8.282026392214,"PB_TTM_SQ":0.102719227819,"ROA_SQ":-0.281239841635,"START_DATE":"2023-04-01 00:00:00","FISCAL_YEAR":"3-31","CURRENCY":"HKD","IS_CNY_CODE":0,"DPS_HKD_LY":null,"ORG_TYPE":"一般企业","PREMIUM_INCOME":null,"PREMIUM_INCOME_YOY":null,"NET_INTEREST_INCOME":null,"NET_INTEREST_INCOME_YOY":null,"FEE_COMMISSION_INCOME":null,"FEE_COMMISSION_INCOME_YOY":null,"ACCOUNTS_RECE_TDAYS":1.552112961524,"INVENTORY_TDAYS":0.014850069008,"CURRENT_ASSETS_TDAYS":0.019345055028,"TOTAL_ASSETS_TDAYS":0.014131287813,"PREMIUM_EXPENSE":null,"LOAN_DEPOSIT":null,"LOAN_EQUITY":null,"LOAN_ASSETS":null,"DEPOSIT_EQUITY":null,"DEPOSIT_ASSETS":null,"EQUITY_MULTIPLIER":1.916826636351,"EQUITY_RATIO":1.702052122753},{"SECUCODE":"01218.HK","SECURITY_CODE":"01218","SECURITY_NAME_ABBR":"永义国际","ORG_CODE":"10010559","STD_REPORT_DATE":"2022-12-31 00:00:00","REPORT_DATE":"2023-03-31 00:00:00","DATE_TYPE_CODE":"001","REPORT_TYPE":"2022年年报","PER_NETCASH_OPERATE":-1.60363570991,"PER_OI":1.026543611436,"BPS":40.840763440049,"BASIC_EPS":0.1575738,"DILUTED_EPS":0.1575738,"OPERATE_INCOME":75952322.42,"OPERATE_INCOME_YOY":-73.1710937258,"GROSS_PROFIT":51636058.85,"GROSS_PROFIT_YOY":-56.862181882653,"HOLDER_PROFIT":11625444.8,"HOLDER_PROFIT_YOY":-98.6441190194,"GROSS_PROFIT_RATIO":67.984832069339,"EPS_TTM":-0.816023857009,"OPERATE_INCOME_QOQ":0,"NET_PROFIT_RATIO":34.5116525668,"ROE_AVG":0.3481220089,"GROSS_PROFIT_QOQ":0,"ROA":0.146674514342,"HOLDER_PROFIT_QOQ":0,"ROE_YEARLY":0.3481220089,"ROIC_YEARLY":0.174456678453,"TOTAL_ASSETS":8044110975.24,"TOTAL_LIABILITIES":3673727222.39,"TAX_EBT":-41.902788666144,"OCF_SALES":-156.217007445656,"TOTAL_PARENT_EQUITY":3021742864.23,"DEBT_ASSET_RATIO":45.6697730016,"OPERATE_PROFIT":74779273.02,"PRETAX_PROFIT":15633071.78,"NETCASH_OPERATE":-118650445.17,"NETCASH_INVEST":368221957.48,"NETCASH_FINANCE":-58384594.54,"END_CASH":349195796.54,"DIVI_RATIO":null,"DIVIDEND_RATE":null,"CURRENT_RATIO":2.950577431437,"COMMON_ACS":10000000000,"CURRENTDEBT_DEBT":53.806135902601,"ISSUED_COMMON_SHARES":73988403,"HK_COMMON_SHARES":73988403,"PER_SHARES":1000,"TOTAL_MARKET_CAP":122080864.95,"HKSK_MARKET_CAP":122080864.95,"PE_TTM":-0.136835417514,"PB_TTM":0.070319109261,"REPORT_DATE_SQ":"2021-12-31 00:00:00","REPORT_TYPE_SQ":"2021年年报","OPERATE_INCOME_SQ":262272523.9,"DPS_HKD":null,"OPERATE_INCOME_QOQ_SQ":0,"NET_PROFIT_RATIO_SQ":287.7839354132,"HOLDER_PROFIT_SQ":794333201.37,"HOLDER_PROFIT_QOQ_SQ":0,"ROE_AVG_SQ":26.439189529354,"PE_TTM_SQ":-7.131744948851,"PB_TTM_SQ":0.0884526684,"ROA_SQ":14.1713625437,"START_DATE":"2022-04-01 00:00:00","FISCAL_YEAR":"3-31","CURRENCY":"HKD","IS_CNY_CODE":0,"DPS_HKD_LY":null,"ORG_TYPE":"一般企业","PREMIUM_INCOME":null,"PREMIUM_INCOME_YOY":null,"NET_INTEREST_INCOME":null,"NET_INTEREST_INCOME_YOY":null,"FEE_COMMISSION_INCOME":null,"FEE_COMMISSION_INCOME_YOY":null,"ACCOUNTS_RECE_TDAYS":0.74922389413,"INVENTORY_TDAYS":0.005188439327,"CURRENT_ASSETS_TDAYS":0.013604811752,"TOTAL_ASSETS_TDAYS":0.009582661305,"PREMIUM_EXPENSE":null,"LOAN_DEPOSIT":null,"LOAN_EQUITY":null,"LOAN_ASSETS":null,"DEPOSIT_EQUITY":null,"DEPOSIT_ASSETS":null,"EQUITY_MULTIPLIER":1.84059602775,"EQUITY_RATIO":1.215764341128},{"SECUCODE":"01218.HK","SECURITY_CODE":"01218","SECURITY_NAME_ABBR":"永义国际","ORG_CODE":"10010559","STD_REPORT_DATE":"2022-06-30 00:00:00","REPORT_DATE":"2022-09-30 00:00:00","DATE_TYPE_CODE":"002","REPORT_TYPE":"2022年中报","PER_NETCASH_OPERATE":-0.342653126869,"PER_OI":0.462167936237,"BPS":41.607839526419,"BASIC_EPS":-0.3075096,"DILUTED_EPS":-0.3075096,"OPERATE_INCOME":34195067.52,"OPERATE_INCOME_YOY":-70.6160288809,"GROSS_PROFIT":26295688.56,"GROSS_PROFIT_YOY":-65.471214707412,"HOLDER_PROFIT":-22704157.32,"HOLDER_PROFIT_YOY":-102.5134820683,"GROSS_PROFIT_RATIO":82.831082542116,"EPS_TTM":10.735914942913,"OPERATE_INCOME_QOQ":0,"NET_PROFIT_RATIO":-16.5025259971,"ROE_AVG":-0.662220121779,"GROSS_PROFIT_QOQ":0,"ROA":-0.281239841635,"HOLDER_PROFIT_QOQ":0,"ROE_YEARLY":-1.324440243557,"ROIC_YEARLY":-0.664301269345,"TOTAL_ASSETS":8078918439.96,"TOTAL_LIABILITIES":3615759378.72,"TAX_EBT":-11.242712488493,"OCF_SALES":-55.102121051287,"TOTAL_PARENT_EQUITY":3078497598.84,"DEBT_ASSET_RATIO":44.7554880717,"OPERATE_PROFIT":3198099.84,"PRETAX_PROFIT":-14737849.8,"NETCASH_OPERATE":-25352357.64,"NETCASH_INVEST":26770519.56,"NETCASH_FINANCE":70788709.92,"END_CASH":236095017.6,"DIVI_RATIO":null,"DIVIDEND_RATE":null,"CURRENT_RATIO":3.381229434243,"COMMON_ACS":10000000000,"CURRENTDEBT_DEBT":45.245820938979,"ISSUED_COMMON_SHARES":73988403,"HK_COMMON_SHARES":73988403,"PER_SHARES":1000,"TOTAL_MARKET_CAP":140577965.7,"HKSK_MARKET_CAP":140577965.7,"PE_TTM":-0.157568056532,"PB_TTM":0.080973519755,"REPORT_DATE_SQ":"2021-06-30 00:00:00","REPORT_TYPE_SQ":"2021年中报","OPERATE_INCOME_SQ":144223512.5,"DPS_HKD":null,"OPERATE_INCOME_QOQ_SQ":0,"NET_PROFIT_RATIO_SQ":589.3267870036,"HOLDER_PROFIT_SQ":832005346.04,"HOLDER_PROFIT_QOQ_SQ":0,"ROE_AVG_SQ":26.884350621156,"PE_TTM_SQ":20.057097198795,"PB_TTM_SQ":0.102719227819,"ROA_SQ":14.817545798263,"START_DATE":"2022-04-01 00:00:00","FISCAL_YEAR":"3-31","CURRENCY":"HKD","IS_CNY_CODE":0,"DPS_HKD_LY":null,"ORG_TYPE":"一般企业","PREMIUM_INCOME":null,"PREMIUM_INCOME_YOY":null,"NET_INTEREST_INCOME":null,"NET_INTEREST_INCOME_YOY":null,"FEE_COMMISSION_INCOME":null,"FEE_COMMISSION_INCOME_YOY":null,"ACCOUNTS_RECE_TDAYS":0.219595634573,"INVENTORY_TDAYS":0.001660563295,"CURRENT_ASSETS_TDAYS":0.008333888287,"TOTAL_ASSETS_TDAYS":0.005699299679,"PREMIUM_EXPENSE":null,"LOAN_DEPOSIT":null,"LOAN_EQUITY":null,"LOAN_ASSETS":null,"DEPOSIT_EQUITY":null,"DEPOSIT_ASSETS":null,"EQUITY_MULTIPLIER":1.810134554719,"EQUITY_RATIO":1.174520772757},{"SECUCODE":"01218.HK","SECURITY_CODE":"01218","SECURITY_NAME_ABBR":"永义国际","ORG_CODE":"10010559","STD_REPORT_DATE":"2021-12-31 00:00:00","REPORT_DATE":"2022-03-31 00:00:00","DATE_TYPE_CODE":"001","REPORT_TYPE":"2021年年报","PER_NETCASH_OPERATE":-4.833609933438,"PER_OI":3.54477882027,"BPS":45.793140623133,"BASIC_EPS":10.1051846,"DILUTED_EPS":10.1051846,"OPERATE_INCOME":262272523.9,"OPERATE_INCOME_YOY":8.4735699575,"GROSS_PROFIT":119700209.94,"GROSS_PROFIT_YOY":41.626884143023,"HOLDER_PROFIT":794333201.37,"HOLDER_PROFIT_YOY":4290.5190962883,"GROSS_PROFIT_RATIO":49.884829410692,"EPS_TTM":12.209362096727,"OPERATE_INCOME_QOQ":0,"NET_PROFIT_RATIO":287.7839354132,"ROE_AVG":26.439189529354,"GROSS_PROFIT_QOQ":0,"ROA":14.1713625437,"HOLDER_PROFIT_QOQ":0,"ROE_YEARLY":26.439189529354,"ROIC_YEARLY":15.582317394755,"TOTAL_ASSETS":7233526329.58,"TOTAL_LIABILITIES":3229150667.41,"TAX_EBT":1.149283778943,"OCF_SALES":-125.709838533114,"TOTAL_PARENT_EQUITY":3388161343.06,"DEBT_ASSET_RATIO":44.6414448539,"OPERATE_PROFIT":-531630031.16,"PRETAX_PROFIT":803682524.65,"NETCASH_OPERATE":-357631079.7,"NETCASH_INVEST":-189689561.93,"NETCASH_FINANCE":446479658.23,"END_CASH":149570519.25,"DIVI_RATIO":null,"DIVIDEND_RATE":null,"CURRENT_RATIO":3.805888861054,"COMMON_ACS":10000000000,"CURRENTDEBT_DEBT":40.202444168121,"ISSUED_COMMON_SHARES":73988403,"HK_COMMON_SHARES":73988403,"PER_SHARES":1000,"TOTAL_MARKET_CAP":122080864.95,"HKSK_MARKET_CAP":122080864.95,"PE_TTM":-0.136835417514,"PB_TTM":0.070319109261,"REPORT_DATE_SQ":"2020-12-31 00:00:00","REPORT_TYPE_SQ":"2020年年报","OPERATE_INCOME_SQ":273315998.76,"DPS_HKD":null,"OPERATE_INCOME_QOQ_SQ":0,"NET_PROFIT_RATIO_SQ":6.7811442814,"HOLDER_PROFIT_SQ":18854275.44,"HOLDER_PROFIT_QOQ_SQ":0,"ROE_AVG_SQ":0.689844659711,"PE_TTM_SQ":-7.131744948851,"PB_TTM_SQ":0.0884526684,"ROA_SQ":0.457049899429,"START_DATE":"2021-04-01 00:00:00","FISCAL_YEAR":"3-31","CURRENCY":"HKD","IS_CNY_CODE":0,"DPS_HKD_LY":null,"ORG_TYPE":"一般企业","PREMIUM_INCOME":null,"PREMIUM_INCOME_YOY":null,"NET_INTEREST_INCOME":null,"NET_INTEREST_INCOME_YOY":null,"FEE_COMMISSION_INCOME":null,"FEE_COMMISSION_INCOME_YOY":null,"ACCOUNTS_RECE_TDAYS":3.176828279951,"INVENTORY_TDAYS":0.049388494438,"CURRENT_ASSETS_TDAYS":0.081270010728,"TOTAL_ASSETS_TDAYS":0.050754537949,"PREMIUM_EXPENSE":null,"LOAN_DEPOSIT":null,"LOAN_EQUITY":null,"LOAN_ASSETS":null,"DEPOSIT_EQUITY":null,"DEPOSIT_ASSETS":null,"EQUITY_MULTIPLIER":1.806405527313,"EQUITY_RATIO":0.953068741553},{"SECUCODE":"01218.HK","SECURITY_CODE":"01218","SECURITY_NAME_ABBR":"永义国际","ORG_CODE":"10010559","STD_REPORT_DATE":"2021-06-30 00:00:00","REPORT_DATE":"2021-09-30 00:00:00","DATE_TYPE_CODE":"002","REPORT_TYPE":"2021年中报","PER_NETCASH_OPERATE":-1.033510580237,"PER_OI":1.853239002399,"BPS":47.273217775224,"BASIC_EPS":10.1466708,"DILUTED_EPS":10.1466708,"OPERATE_INCOME":144223512.5,"OPERATE_INCOME_YOY":630.146345578,"GROSS_PROFIT":76155846.02,"GROSS_PROFIT_YOY":285.631373614965,"HOLDER_PROFIT":832005346.04,"HOLDER_PROFIT_YOY":1451.8144042447,"GROSS_PROFIT_RATIO":52.8040433213,"EPS_TTM":0.22936962292,"OPERATE_INCOME_QOQ":0,"NET_PROFIT_RATIO":589.3267870036,"ROE_AVG":26.884350621156,"GROSS_PROFIT_QOQ":0,"ROA":14.817545798263,"HOLDER_PROFIT_QOQ":0,"ROE_YEARLY":53.768701242312,"ROIC_YEARLY":32.959065257685,"TOTAL_ASSETS":7145004003.08,"TOTAL_LIABILITIES":3024619266.04,"TAX_EBT":0.496215963174,"OCF_SALES":-55.767797833935,"TOTAL_PARENT_EQUITY":3497669887.86,"DEBT_ASSET_RATIO":42.3319464165,"OPERATE_PROFIT":-528410791.06,"PRETAX_PROFIT":854186401.6,"NETCASH_OPERATE":-80430276.88,"NETCASH_INVEST":-151755207.96,"NETCASH_FINANCE":229103995.9,"END_CASH":253770902.5,"DIVI_RATIO":null,"DIVIDEND_RATE":null,"CURRENT_RATIO":4.556774807261,"COMMON_ACS":10000000000,"CURRENTDEBT_DEBT":34.600028534175,"ISSUED_COMMON_SHARES":73988403,"HK_COMMON_SHARES":73988403,"PER_SHARES":1000,"TOTAL_MARKET_CAP":136878545.55,"HKSK_MARKET_CAP":136878545.55,"PE_TTM":-0.153421528728,"PB_TTM":0.078842637656,"REPORT_DATE_SQ":"2020-06-30 00:00:00","REPORT_TYPE_SQ":"2020年中报","OPERATE_INCOME_SQ":20835329.92,"DPS_HKD":null,"OPERATE_INCOME_QOQ_SQ":0,"NET_PROFIT_RATIO_SQ":-312.0661296445,"HOLDER_PROFIT_SQ":-64920712.32,"HOLDER_PROFIT_QOQ_SQ":0,"ROE_AVG_SQ":-2.306592149888,"PE_TTM_SQ":-7.407812495258,"PB_TTM_SQ":0.09187664266,"ROA_SQ":-1.516244976147,"START_DATE":"2021-04-01 00:00:00","FISCAL_YEAR":"3-31","CURRENCY":"HKD","IS_CNY_CODE":0,"DPS_HKD_LY":null,"ORG_TYPE":"一般企业","PREMIUM_INCOME":null,"PREMIUM_INCOME_YOY":null,"NET_INTEREST_INCOME":null,"NET_INTEREST_INCOME_YOY":null,"FEE_COMMISSION_INCOME":null,"FEE_COMMISSION_INCOME_YOY":null,"ACCOUNTS_RECE_TDAYS":3.091876735693,"INVENTORY_TDAYS":0.024325375566,"CURRENT_ASSETS_TDAYS":0.041894611669,"TOTAL_ASSETS_TDAYS":0.025685393872,"PREMIUM_EXPENSE":null,"LOAN_DEPOSIT":null,"LOAN_EQUITY":null,"LOAN_ASSETS":null,"DEPOSIT_EQUITY":null,"DEPOSIT_ASSETS":null,"EQUITY_MULTIPLIER":1.734062341036,"EQUITY_RATIO":0.864752639046},{"SECUCODE":"01218.HK","SECURITY_CODE":"01218","SECURITY_NAME_ABBR":"永义国际","ORG_CODE":"10010559","STD_REPORT_DATE":"2020-12-31 00:00:00","REPORT_DATE":"2021-03-31 00:00:00","DATE_TYPE_CODE":"001","REPORT_TYPE":"2020年年报","PER_NETCASH_OPERATE":2.647230616619,"PER_OI":3.324995848986,"BPS":36.911288842658,"BASIC_EPS":0.211295,"DILUTED_EPS":0.211295,"OPERATE_INCOME":273315998.76,"OPERATE_INCOME_YOY":408.1985762105,"GROSS_PROFIT":84518000,"GROSS_PROFIT_YOY":51.130315391219,"HOLDER_PROFIT":18854275.44,"HOLDER_PROFIT_YOY":107.4920656244,"GROSS_PROFIT_RATIO":30.923180634667,"EPS_TTM":-2.003341073188,"OPERATE_INCOME_QOQ":0,"NET_PROFIT_RATIO":6.7811442814,"ROE_AVG":0.689844659711,"GROSS_PROFIT_QOQ":0,"ROA":0.457049899429,"HOLDER_PROFIT_QOQ":0,"ROE_YEARLY":0.689844659711,"ROIC_YEARLY":0.477847501358,"TOTAL_ASSETS":4144429719.08,"TOTAL_LIABILITIES":1414122213.98,"TAX_EBT":-15.653182849006,"OCF_SALES":79.61605778924,"TOTAL_PARENT_EQUITY":2731007314.14,"DEBT_ASSET_RATIO":34.1210325626,"OPERATE_PROFIT":28158016.88,"PRETAX_PROFIT":16025457.98,"NETCASH_OPERATE":217603423.52,"NETCASH_INVEST":-45397998.52,"NETCASH_FINANCE":-11365980.64,"END_CASH":260503069.96,"DIVI_RATIO":null,"DIVIDEND_RATE":null,"CURRENT_RATIO":3.798999258267,"COMMON_ACS":10000000000,"CURRENTDEBT_DEBT":39.96650651073,"ISSUED_COMMON_SHARES":73988403,"HK_COMMON_SHARES":73988403,"PER_SHARES":1000,"TOTAL_MARKET_CAP":125780285.1,"HKSK_MARKET_CAP":125780285.1,"PE_TTM":-0.140981945318,"PB_TTM":0.07244999136,"REPORT_DATE_SQ":"2019-12-31 00:00:00","REPORT_TYPE_SQ":"2019年年报","OPERATE_INCOME_SQ":58141472.1,"DPS_HKD":null,"OPERATE_INCOME_QOQ_SQ":0,"NET_PROFIT_RATIO_SQ":-468.4031870256,"HOLDER_PROFIT_SQ":-272058743.5,"HOLDER_PROFIT_QOQ_SQ":0,"ROE_AVG_SQ":-8.778458569835,"PE_TTM_SQ":-7.407812495258,"PB_TTM_SQ":0.09187664266,"ROA_SQ":-6.024430349346,"START_DATE":"2020-04-01 00:00:00","FISCAL_YEAR":"3-31","CURRENCY":"HKD","IS_CNY_CODE":0,"DPS_HKD_LY":null,"ORG_TYPE":"一般企业","PREMIUM_INCOME":null,"PREMIUM_INCOME_YOY":null,"NET_INTEREST_INCOME":null,"NET_INTEREST_INCOME_YOY":null,"FEE_COMMISSION_INCOME":null,"FEE_COMMISSION_INCOME_YOY":null,"ACCOUNTS_RECE_TDAYS":13.639918172807,"INVENTORY_TDAYS":0.111276799931,"CURRENT_ASSETS_TDAYS":0.126655518742,"TOTAL_ASSETS_TDAYS":0.066255025362,"PREMIUM_EXPENSE":null,"LOAN_DEPOSIT":null,"LOAN_EQUITY":null,"LOAN_ASSETS":null,"DEPOSIT_EQUITY":null,"DEPOSIT_ASSETS":null,"EQUITY_MULTIPLIER":1.517935145159,"EQUITY_RATIO":0.517802426474},{"SECUCODE":"01218.HK","SECURITY_CODE":"01218","SECURITY_NAME_ABBR":"永义国际","ORG_CODE":"10010559","STD_REPORT_DATE":"2020-06-30 00:00:00","REPORT_DATE":"2020-09-30 00:00:00","DATE_TYPE_CODE":"002","REPORT_TYPE":"2020年中报","PER_NETCASH_OPERATE":-0.399021026659,"PER_OI":0.228156350996,"BPS":37.646037188828,"BASIC_EPS":-0.7117632,"DILUTED_EPS":-0.7117632,"OPERATE_INCOME":20835329.92,"OPERATE_INCOME_YOY":-27.6706729303,"GROSS_PROFIT":19748353.28,"GROSS_PROFIT_YOY":-30.805857009559,"HOLDER_PROFIT":-64920712.32,"HOLDER_PROFIT_YOY":56.7357861882,"GROSS_PROFIT_RATIO":94.783012104087,"EPS_TTM":-2.979167136396,"OPERATE_INCOME_QOQ":0,"NET_PROFIT_RATIO":-312.0661296445,"ROE_AVG":-2.306592149888,"GROSS_PROFIT_QOQ":0,"ROA":-1.516244976147,"HOLDER_PROFIT_QOQ":0,"ROE_YEARLY":-4.613184299775,"ROIC_YEARLY":-3.08766565731,"TOTAL_ASSETS":4294418873.6,"TOTAL_LIABILITIES":1509542543.36,"TAX_EBT":-0.90549570435,"OCF_SALES":-174.88929188984,"TOTAL_PARENT_EQUITY":2785370170.88,"DEBT_ASSET_RATIO":35.1512646482,"OPERATE_PROFIT":-90980032.64,"PRETAX_PROFIT":-64436537.6,"NETCASH_OPERATE":-36438760.96,"NETCASH_INVEST":-41624966.4,"NETCASH_FINANCE":24739482.88,"END_CASH":50294417.92,"DIVI_RATIO":null,"DIVIDEND_RATE":null,"CURRENT_RATIO":2.341925137665,"COMMON_ACS":10000000000,"CURRENTDEBT_DEBT":65.77343808211,"ISSUED_COMMON_SHARES":73988403,"HK_COMMON_SHARES":73988403,"PER_SHARES":1000,"TOTAL_MARKET_CAP":125780285.1,"HKSK_MARKET_CAP":125780285.1,"PE_TTM":-0.140981945318,"PB_TTM":0.07244999136,"REPORT_DATE_SQ":"2019-06-30 00:00:00","REPORT_TYPE_SQ":"2019年中报","OPERATE_INCOME_SQ":29569691.82,"DPS_HKD":null,"OPERATE_INCOME_QOQ_SQ":0,"NET_PROFIT_RATIO_SQ":-521.2830211702,"HOLDER_PROFIT_SQ":-154033541.67,"HOLDER_PROFIT_QOQ_SQ":0,"ROE_AVG_SQ":-4.939297521038,"PE_TTM_SQ":-7.407812495258,"PB_TTM_SQ":0.09187664266,"ROA_SQ":-3.45491885947,"START_DATE":"2020-04-01 00:00:00","FISCAL_YEAR":"3-31","CURRENCY":"HKD","IS_CNY_CODE":0,"DPS_HKD_LY":null,"ORG_TYPE":"一般企业","PREMIUM_INCOME":null,"PREMIUM_INCOME_YOY":null,"NET_INTEREST_INCOME":null,"NET_INTEREST_INCOME_YOY":null,"FEE_COMMISSION_INCOME":null,"FEE_COMMISSION_INCOME_YOY":null,"ACCOUNTS_RECE_TDAYS":0.936564363866,"INVENTORY_TDAYS":0.000587694522,"CURRENT_ASSETS_TDAYS":0.009098183913,"TOTAL_ASSETS_TDAYS":0.004866161074,"PREMIUM_EXPENSE":null,"LOAN_DEPOSIT":null,"LOAN_EQUITY":null,"LOAN_ASSETS":null,"DEPOSIT_EQUITY":null,"DEPOSIT_ASSETS":null,"EQUITY_MULTIPLIER":1.542050117979,"EQUITY_RATIO":0.54195401356}],"count":47},"success":true,"message":"ok","code":0}