{"version":"9d7e6bd854ec12568962b96f79bd15c1","result":{"pages":4,"data":[{"SECUCODE":"01210.HK","SECURITY_CODE":"01210","SECURITY_NAME_ABBR":"克莉丝汀","ORG_CODE":"10203203","STD_REPORT_DATE":"2022-06-30 00:00:00","REPORT_DATE":"2022-06-30 00:00:00","DATE_TYPE_CODE":"002","REPORT_TYPE":"2022年中报","PER_NETCASH_OPERATE":0.00043473756,"PER_OI":0.038366620867,"BPS":-0.218161536928,"BASIC_EPS":-0.071,"DILUTED_EPS":-0.071,"OPERATE_INCOME":46509000,"OPERATE_INCOME_YOY":-71.260404501,"GROSS_PROFIT":9209000,"GROSS_PROFIT_YOY":-87.205635133445,"HOLDER_PROFIT":-72514000,"HOLDER_PROFIT_YOY":-6.6241232778,"GROSS_PROFIT_RATIO":19.800468726483,"EPS_TTM":-0.144057343782,"OPERATE_INCOME_QOQ":-39.488552702767,"NET_PROFIT_RATIO":-155.9139091359,"ROE_AVG":30.82436057114,"GROSS_PROFIT_QOQ":-51.065768492304,"ROA":-16.750189702586,"HOLDER_PROFIT_QOQ":-2.648052902278,"ROE_YEARLY":61.648721142279,"ROIC_YEARLY":-35.095556429414,"TOTAL_ASSETS":417420000,"TOTAL_LIABILITIES":681881000,"TAX_EBT":null,"OCF_SALES":1.133114020942,"TOTAL_PARENT_EQUITY":-264461000,"DEBT_ASSET_RATIO":163.3560921853,"OPERATE_PROFIT":-67679000,"PRETAX_PROFIT":-72514000,"NETCASH_OPERATE":527000,"NETCASH_INVEST":22000,"NETCASH_FINANCE":3001000,"END_CASH":21452000,"DIVI_RATIO":null,"DIVIDEND_RATE":null,"CURRENT_RATIO":0.122012853217,"COMMON_ACS":10000000000,"CURRENTDEBT_DEBT":98.078990322358,"ISSUED_COMMON_SHARES":1212225600,"HK_COMMON_SHARES":1212225600,"PER_SHARES":2000,"TOTAL_MARKET_CAP":69096859.2,"HKSK_MARKET_CAP":69096859.2,"PE_TTM":-0.327259775057,"PB_TTM":-0.223439157453,"REPORT_DATE_SQ":"2021-06-30 00:00:00","REPORT_TYPE_SQ":"2021年中报","OPERATE_INCOME_SQ":161829000,"DPS_HKD":null,"OPERATE_INCOME_QOQ_SQ":-7.505465204657,"NET_PROFIT_RATIO_SQ":-42.0252241564,"HOLDER_PROFIT_SQ":-68009000,"HOLDER_PROFIT_QOQ_SQ":-1.715124443921,"ROE_AVG_SQ":97.27174558223,"PE_TTM_SQ":-0.327259775057,"PB_TTM_SQ":-0.223439157453,"ROA_SQ":-11.849589370234,"START_DATE":"2022-01-01 00:00:00","FISCAL_YEAR":"12-31","CURRENCY":"HKD","IS_CNY_CODE":0,"DPS_HKD_LY":null,"ORG_TYPE":"一般企业","PREMIUM_INCOME":null,"PREMIUM_INCOME_YOY":null,"NET_INTEREST_INCOME":null,"NET_INTEREST_INCOME_YOY":null,"FEE_COMMISSION_INCOME":null,"FEE_COMMISSION_INCOME_YOY":null,"ACCOUNTS_RECE_TDAYS":0.91778078164,"INVENTORY_TDAYS":2.357178968655,"CURRENT_ASSETS_TDAYS":0.536962419904,"TOTAL_ASSETS_TDAYS":0.107432298987,"PREMIUM_EXPENSE":null,"LOAN_DEPOSIT":null,"LOAN_EQUITY":null,"LOAN_ASSETS":null,"DEPOSIT_EQUITY":null,"DEPOSIT_ASSETS":null,"EQUITY_MULTIPLIER":-1.57838017704,"EQUITY_RATIO":-2.578380177039},{"SECUCODE":"01210.HK","SECURITY_CODE":"01210","SECURITY_NAME_ABBR":"克莉丝汀","ORG_CODE":"10203203","STD_REPORT_DATE":"2021-12-31 00:00:00","REPORT_DATE":"2021-12-31 00:00:00","DATE_TYPE_CODE":"001","REPORT_TYPE":"2021年年报","PER_NETCASH_OPERATE":-0.084410030608,"PER_OI":0.289088763676,"BPS":-0.169965887538,"BASIC_EPS":-0.168,"DILUTED_EPS":-0.168,"OPERATE_INCOME":292034000,"OPERATE_INCOME_YOY":-27.6998606156,"GROSS_PROFIT":122916000,"GROSS_PROFIT_YOY":-23.980456428969,"HOLDER_PROFIT":-170125000,"HOLDER_PROFIT_YOY":-54.1392213534,"GROSS_PROFIT_RATIO":42.089619701816,"EPS_TTM":-0.168409246596,"OPERATE_INCOME_QOQ":-21.833068792274,"NET_PROFIT_RATIO":-58.2552031613,"ROE_AVG":140.628810203803,"GROSS_PROFIT_QOQ":-17.971236944843,"ROA":-32.142934742049,"HOLDER_PROFIT_QOQ":-51.540119717808,"ROE_YEARLY":140.628810203803,"ROIC_YEARLY":-34.832985941909,"TOTAL_ASSETS":448409000,"TOTAL_LIABILITIES":654446000,"TAX_EBT":1.326473795327,"OCF_SALES":-29.198654951136,"TOTAL_PARENT_EQUITY":-206037000,"DEBT_ASSET_RATIO":145.9484533094,"OPERATE_PROFIT":-161189000,"PRETAX_PROFIT":-172412000,"NETCASH_OPERATE":-85270000,"NETCASH_INVEST":5032000,"NETCASH_FINANCE":34293000,"END_CASH":17902000,"DIVI_RATIO":null,"DIVIDEND_RATE":null,"CURRENT_RATIO":0.144475541015,"COMMON_ACS":10000000000,"CURRENTDEBT_DEBT":96.910211079295,"ISSUED_COMMON_SHARES":1212225600,"HK_COMMON_SHARES":1212225600,"PER_SHARES":2000,"TOTAL_MARKET_CAP":69096859.2,"HKSK_MARKET_CAP":69096859.2,"PE_TTM":-0.327259775057,"PB_TTM":-0.223439157453,"REPORT_DATE_SQ":"2020-12-31 00:00:00","REPORT_TYPE_SQ":"2020年年报","OPERATE_INCOME_SQ":403919000,"DPS_HKD":null,"OPERATE_INCOME_QOQ_SQ":-16.87797750728,"NET_PROFIT_RATIO_SQ":-27.3250329893,"HOLDER_PROFIT_SQ":-110371000,"HOLDER_PROFIT_QOQ_SQ":39.638501503965,"ROE_AVG_SQ":-572.656756686642,"PE_TTM_SQ":-0.327259775057,"PB_TTM_SQ":-0.223439157453,"ROA_SQ":-16.696013384524,"START_DATE":"2021-01-01 00:00:00","FISCAL_YEAR":"12-31","CURRENCY":"HKD","IS_CNY_CODE":0,"DPS_HKD_LY":null,"ORG_TYPE":"一般企业","PREMIUM_INCOME":null,"PREMIUM_INCOME_YOY":null,"NET_INTEREST_INCOME":null,"NET_INTEREST_INCOME_YOY":null,"FEE_COMMISSION_INCOME":null,"FEE_COMMISSION_INCOME_YOY":null,"ACCOUNTS_RECE_TDAYS":4.551864956279,"INVENTORY_TDAYS":9.059731076231,"CURRENT_ASSETS_TDAYS":2.356395618583,"TOTAL_ASSETS_TDAYS":0.55176075265,"PREMIUM_EXPENSE":null,"LOAN_DEPOSIT":null,"LOAN_EQUITY":null,"LOAN_ASSETS":null,"DEPOSIT_EQUITY":null,"DEPOSIT_ASSETS":null,"EQUITY_MULTIPLIER":-2.176351820303,"EQUITY_RATIO":-3.176351820304},{"SECUCODE":"01210.HK","SECURITY_CODE":"01210","SECURITY_NAME_ABBR":"克莉丝汀","ORG_CODE":"10203203","STD_REPORT_DATE":"2021-06-30 00:00:00","REPORT_DATE":"2021-06-30 00:00:00","DATE_TYPE_CODE":"002","REPORT_TYPE":"2021年中报","PER_NETCASH_OPERATE":0.008839938704,"PER_OI":0.160196913842,"BPS":-0.085727442153,"BASIC_EPS":-0.067,"DILUTED_EPS":-0.067,"OPERATE_INCOME":161829000,"OPERATE_INCOME_YOY":-15.777667907,"GROSS_PROFIT":71977000,"GROSS_PROFIT_YOY":-14.131135024218,"HOLDER_PROFIT":-68009000,"HOLDER_PROFIT_YOY":-2.8631496158,"GROSS_PROFIT_RATIO":44.477195063926,"EPS_TTM":-0.11113178933,"OPERATE_INCOME_QOQ":-7.505465204657,"NET_PROFIT_RATIO":-42.0252241564,"ROE_AVG":97.27174558223,"GROSS_PROFIT_QOQ":-7.325746799431,"ROA":-11.849589370234,"HOLDER_PROFIT_QOQ":-1.715124443921,"ROE_YEARLY":194.54349116446,"ROIC_YEARLY":-26.839786691398,"TOTAL_ASSETS":537727000,"TOTAL_LIABILITIES":641648000,"TAX_EBT":null,"OCF_SALES":5.51817041445,"TOTAL_PARENT_EQUITY":-103921000,"DEBT_ASSET_RATIO":119.3259776801,"OPERATE_PROFIT":-62277000,"PRETAX_PROFIT":-68009000,"NETCASH_OPERATE":6193000,"NETCASH_INVEST":-5000,"NETCASH_FINANCE":434000,"END_CASH":70469000,"DIVI_RATIO":null,"DIVIDEND_RATE":null,"CURRENT_RATIO":0.184644315092,"COMMON_ACS":10000000000,"CURRENTDEBT_DEBT":95.557221404882,"ISSUED_COMMON_SHARES":1212225600,"HK_COMMON_SHARES":1212225600,"PER_SHARES":2000,"TOTAL_MARKET_CAP":69096859.2,"HKSK_MARKET_CAP":69096859.2,"PE_TTM":-0.327259775057,"PB_TTM":-0.223439157453,"REPORT_DATE_SQ":"2020-06-30 00:00:00","REPORT_TYPE_SQ":"2020年中报","OPERATE_INCOME_SQ":192145000,"DPS_HKD":null,"OPERATE_INCOME_QOQ_SQ":-11.958886910014,"NET_PROFIT_RATIO_SQ":-34.4094303781,"HOLDER_PROFIT_SQ":-66116000,"HOLDER_PROFIT_QOQ_SQ":18.478624323999,"ROE_AVG_SQ":-159.69662568537,"PE_TTM_SQ":-0.327259775057,"PB_TTM_SQ":-0.223439157453,"ROA_SQ":-10.014541048167,"START_DATE":"2021-01-01 00:00:00","FISCAL_YEAR":"12-31","CURRENCY":"HKD","IS_CNY_CODE":0,"DPS_HKD_LY":null,"ORG_TYPE":"一般企业","PREMIUM_INCOME":null,"PREMIUM_INCOME_YOY":null,"NET_INTEREST_INCOME":null,"NET_INTEREST_INCOME_YOY":null,"FEE_COMMISSION_INCOME":null,"FEE_COMMISSION_INCOME_YOY":null,"ACCOUNTS_RECE_TDAYS":3.380875778214,"INVENTORY_TDAYS":4.615843008322,"CURRENT_ASSETS_TDAYS":1.201189097711,"TOTAL_ASSETS_TDAYS":0.281963739828,"PREMIUM_EXPENSE":null,"LOAN_DEPOSIT":null,"LOAN_EQUITY":null,"LOAN_ASSETS":null,"DEPOSIT_EQUITY":null,"DEPOSIT_ASSETS":null,"EQUITY_MULTIPLIER":-5.174382463609,"EQUITY_RATIO":-6.174382463602},{"SECUCODE":"01210.HK","SECURITY_CODE":"01210","SECURITY_NAME_ABBR":"克莉丝汀","ORG_CODE":"10203203","STD_REPORT_DATE":"2020-12-31 00:00:00","REPORT_DATE":"2020-12-31 00:00:00","DATE_TYPE_CODE":"001","REPORT_TYPE":"2020年年报","PER_NETCASH_OPERATE":-0.081334365484,"PER_OI":0.399845375316,"BPS":-0.029624848708,"BASIC_EPS":-0.109,"DILUTED_EPS":-0.109,"OPERATE_INCOME":403919000,"OPERATE_INCOME_YOY":-26.8184461745,"GROSS_PROFIT":161690000,"GROSS_PROFIT_YOY":-33.550052193354,"HOLDER_PROFIT":-110371000,"HOLDER_PROFIT_YOY":50.7924760474,"GROSS_PROFIT_RATIO":40.030303105326,"EPS_TTM":-0.109257880711,"OPERATE_INCOME_QOQ":-16.87797750728,"NET_PROFIT_RATIO":-27.3250329893,"ROE_AVG":-572.656756686642,"GROSS_PROFIT_QOQ":-25.216916729876,"ROA":-16.696013384524,"HOLDER_PROFIT_QOQ":39.638501503965,"ROE_YEARLY":-572.656756686642,"ROIC_YEARLY":-18.654053843931,"TOTAL_ASSETS":610144000,"TOTAL_LIABILITIES":646056000,"TAX_EBT":-0.601580516083,"OCF_SALES":-20.341454598571,"TOTAL_PARENT_EQUITY":-35912000,"DEBT_ASSET_RATIO":105.8858236744,"OPERATE_PROFIT":-100159000,"PRETAX_PROFIT":-109711000,"NETCASH_OPERATE":-83802000,"NETCASH_INVEST":78483000,"NETCASH_FINANCE":-5765000,"END_CASH":63847000,"DIVI_RATIO":null,"DIVIDEND_RATE":null,"CURRENT_RATIO":0.255492178327,"COMMON_ACS":10000000000,"CURRENTDEBT_DEBT":94.65216637567,"ISSUED_COMMON_SHARES":1212225600,"HK_COMMON_SHARES":1212225600,"PER_SHARES":2000,"TOTAL_MARKET_CAP":69096859.2,"HKSK_MARKET_CAP":69096859.2,"PE_TTM":-0.327259775057,"PB_TTM":-0.223439157453,"REPORT_DATE_SQ":"2019-12-31 00:00:00","REPORT_TYPE_SQ":"2019年年报","OPERATE_INCOME_SQ":551941000,"DPS_HKD":null,"OPERATE_INCOME_QOQ_SQ":-9.398601765931,"NET_PROFIT_RATIO_SQ":-40.6378580319,"HOLDER_PROFIT_SQ":-224297000,"HOLDER_PROFIT_QOQ_SQ":-0.050851313436,"ROE_AVG_SQ":-120.1972053642,"PE_TTM_SQ":-0.327259775057,"PB_TTM_SQ":-0.223439157453,"ROA_SQ":-29.719981820615,"START_DATE":"2020-01-01 00:00:00","FISCAL_YEAR":"12-31","CURRENCY":"HKD","IS_CNY_CODE":0,"DPS_HKD_LY":null,"ORG_TYPE":"一般企业","PREMIUM_INCOME":null,"PREMIUM_INCOME_YOY":null,"NET_INTEREST_INCOME":null,"NET_INTEREST_INCOME_YOY":null,"FEE_COMMISSION_INCOME":null,"FEE_COMMISSION_INCOME_YOY":null,"ACCOUNTS_RECE_TDAYS":8.374415591147,"INVENTORY_TDAYS":10.168289816136,"CURRENT_ASSETS_TDAYS":2.844389829971,"TOTAL_ASSETS_TDAYS":0.611015305675,"PREMIUM_EXPENSE":null,"LOAN_DEPOSIT":null,"LOAN_EQUITY":null,"LOAN_ASSETS":null,"DEPOSIT_EQUITY":null,"DEPOSIT_ASSETS":null,"EQUITY_MULTIPLIER":-16.989975495689,"EQUITY_RATIO":-17.989975495656},{"SECUCODE":"01210.HK","SECURITY_CODE":"01210","SECURITY_NAME_ABBR":"克莉丝汀","ORG_CODE":"10203203","STD_REPORT_DATE":"2020-06-30 00:00:00","REPORT_DATE":"2020-06-30 00:00:00","DATE_TYPE_CODE":"002","REPORT_TYPE":"2020年中报","PER_NETCASH_OPERATE":0.003625067809,"PER_OI":0.190207169359,"BPS":0.006882382289,"BASIC_EPS":-0.065,"DILUTED_EPS":-0.065,"OPERATE_INCOME":192145000,"OPERATE_INCOME_YOY":-25.5687562706,"GROSS_PROFIT":83822000,"GROSS_PROFIT_YOY":-24.441119203865,"HOLDER_PROFIT":-66116000,"HOLDER_PROFIT_YOY":38.5327668436,"GROSS_PROFIT_RATIO":43.624346196883,"EPS_TTM":-0.181005911771,"OPERATE_INCOME_QOQ":-11.958886910014,"NET_PROFIT_RATIO":-34.4094303781,"ROE_AVG":-159.69662568537,"GROSS_PROFIT_QOQ":-11.143075544742,"ROA":-10.014541048167,"HOLDER_PROFIT_QOQ":18.478624323999,"ROE_YEARLY":-319.39325137074,"ROIC_YEARLY":-21.757576904376,"TOTAL_ASSETS":608420000,"TOTAL_LIABILITIES":600077000,"TAX_EBT":null,"OCF_SALES":1.905852351089,"TOTAL_PARENT_EQUITY":8343000,"DEBT_ASSET_RATIO":98.6287433023,"OPERATE_PROFIT":-57334000,"PRETAX_PROFIT":-66116000,"NETCASH_OPERATE":3662000,"NETCASH_INVEST":-160000,"NETCASH_FINANCE":-48467000,"END_CASH":29966000,"DIVI_RATIO":null,"DIVIDEND_RATE":null,"CURRENT_RATIO":0.202568881061,"COMMON_ACS":10000000000,"CURRENTDEBT_DEBT":92.907910151531,"ISSUED_COMMON_SHARES":1212225600,"HK_COMMON_SHARES":1212225600,"PER_SHARES":2000,"TOTAL_MARKET_CAP":69096859.2,"HKSK_MARKET_CAP":69096859.2,"PE_TTM":-0.327259775057,"PB_TTM":-0.223439157453,"REPORT_DATE_SQ":"2019-06-30 00:00:00","REPORT_TYPE_SQ":"2019年中报","OPERATE_INCOME_SQ":258151000,"DPS_HKD":null,"OPERATE_INCOME_QOQ_SQ":-8.255812727686,"NET_PROFIT_RATIO_SQ":-41.6666989475,"HOLDER_PROFIT_SQ":-107563000,"HOLDER_PROFIT_QOQ_SQ":3.442231075697,"ROE_AVG_SQ":-43.907835305307,"PE_TTM_SQ":-0.327259775057,"PB_TTM_SQ":-0.223439157453,"ROA_SQ":-13.413409169274,"START_DATE":"2020-01-01 00:00:00","FISCAL_YEAR":"12-31","CURRENCY":"HKD","IS_CNY_CODE":0,"DPS_HKD_LY":null,"ORG_TYPE":"一般企业","PREMIUM_INCOME":null,"PREMIUM_INCOME_YOY":null,"NET_INTEREST_INCOME":null,"NET_INTEREST_INCOME_YOY":null,"FEE_COMMISSION_INCOME":null,"FEE_COMMISSION_INCOME_YOY":null,"ACCOUNTS_RECE_TDAYS":9.366530174515,"INVENTORY_TDAYS":4.534430072418,"CURRENT_ASSETS_TDAYS":1.596472132673,"TOTAL_ASSETS_TDAYS":0.291040593759,"PREMIUM_EXPENSE":null,"LOAN_DEPOSIT":null,"LOAN_EQUITY":null,"LOAN_ASSETS":null,"DEPOSIT_EQUITY":null,"DEPOSIT_ASSETS":null,"EQUITY_MULTIPLIER":72.925806063686,"EQUITY_RATIO":71.925806064965},{"SECUCODE":"01210.HK","SECURITY_CODE":"01210","SECURITY_NAME_ABBR":"克莉丝汀","ORG_CODE":"10203203","STD_REPORT_DATE":"2019-12-31 00:00:00","REPORT_DATE":"2019-12-31 00:00:00","DATE_TYPE_CODE":"001","REPORT_TYPE":"2019年年报","PER_NETCASH_OPERATE":-0.052550614341,"PER_OI":0.546374536225,"BPS":0.061423385218,"BASIC_EPS":-0.222,"DILUTED_EPS":-0.222,"OPERATE_INCOME":551941000,"OPERATE_INCOME_YOY":-16.8784835328,"GROSS_PROFIT":243326000,"GROSS_PROFIT_YOY":-17.76748901656,"HOLDER_PROFIT":-224297000,"HOLDER_PROFIT_YOY":3.393130182,"GROSS_PROFIT_RATIO":44.085509139564,"EPS_TTM":-0.222034908354,"OPERATE_INCOME_QOQ":-9.398601765931,"NET_PROFIT_RATIO":-40.6378580319,"ROE_AVG":-120.1972053642,"GROSS_PROFIT_QOQ":-10.726039308632,"ROA":-29.719981820615,"HOLDER_PROFIT_QOQ":-0.050851313436,"ROE_YEARLY":-120.1972053642,"ROIC_YEARLY":-35.820492694071,"TOTAL_ASSETS":711980000,"TOTAL_LIABILITIES":637521000,"TAX_EBT":-0.367377257513,"OCF_SALES":-9.618057002469,"TOTAL_PARENT_EQUITY":74459000,"DEBT_ASSET_RATIO":89.5419815163,"OPERATE_PROFIT":-202684000,"PRETAX_PROFIT":-223476000,"NETCASH_OPERATE":-32785000,"NETCASH_INVEST":-17423000,"NETCASH_FINANCE":-56993000,"END_CASH":74931000,"DIVI_RATIO":null,"DIVIDEND_RATE":null,"CURRENT_RATIO":0.22357848764,"COMMON_ACS":10000000000,"CURRENTDEBT_DEBT":89.644733271532,"ISSUED_COMMON_SHARES":1212225600,"HK_COMMON_SHARES":1212225600,"PER_SHARES":2000,"TOTAL_MARKET_CAP":69096859.2,"HKSK_MARKET_CAP":69096859.2,"PE_TTM":-0.327259775057,"PB_TTM":-0.223439157453,"REPORT_DATE_SQ":"2018-12-31 00:00:00","REPORT_TYPE_SQ":"2018年年报","OPERATE_INCOME_SQ":664017000,"DPS_HKD":null,"OPERATE_INCOME_QOQ_SQ":-10.123076798135,"NET_PROFIT_RATIO_SQ":-34.965219264,"HOLDER_PROFIT_SQ":-232175000,"HOLDER_PROFIT_QOQ_SQ":-30.827139693577,"ROE_AVG_SQ":-55.966888718276,"PE_TTM_SQ":-0.327259775057,"PB_TTM_SQ":-0.223439157453,"ROA_SQ":-24.766667431152,"START_DATE":"2019-01-01 00:00:00","FISCAL_YEAR":"12-31","CURRENCY":"HKD","IS_CNY_CODE":0,"DPS_HKD_LY":null,"ORG_TYPE":"一般企业","PREMIUM_INCOME":null,"PREMIUM_INCOME_YOY":null,"NET_INTEREST_INCOME":null,"NET_INTEREST_INCOME_YOY":null,"FEE_COMMISSION_INCOME":null,"FEE_COMMISSION_INCOME_YOY":null,"ACCOUNTS_RECE_TDAYS":13.074523273718,"INVENTORY_TDAYS":11.488264745845,"CURRENT_ASSETS_TDAYS":2.421075256554,"TOTAL_ASSETS_TDAYS":0.731337311068,"PREMIUM_EXPENSE":null,"LOAN_DEPOSIT":null,"LOAN_EQUITY":null,"LOAN_ASSETS":null,"DEPOSIT_EQUITY":null,"DEPOSIT_ASSETS":null,"EQUITY_MULTIPLIER":9.562040854667,"EQUITY_RATIO":8.562040854699},{"SECUCODE":"01210.HK","SECURITY_CODE":"01210","SECURITY_NAME_ABBR":"克莉丝汀","ORG_CODE":"10203203","STD_REPORT_DATE":"2019-06-30 00:00:00","REPORT_DATE":"2019-06-30 00:00:00","DATE_TYPE_CODE":"002","REPORT_TYPE":"2019年中报","PER_NETCASH_OPERATE":-0.052833729959,"PER_OI":0.255547482251,"BPS":0.157720642098,"BASIC_EPS":-0.106,"DILUTED_EPS":-0.106,"OPERATE_INCOME":258151000,"OPERATE_INCOME_YOY":-17.515999885,"GROSS_PROFIT":110936000,"GROSS_PROFIT_YOY":-17.381493204245,"HOLDER_PROFIT":-107563000,"HOLDER_PROFIT_YOY":6.9161870971,"GROSS_PROFIT_RATIO":42.973298573316,"EPS_TTM":-0.221922058072,"OPERATE_INCOME_QOQ":-8.255812727686,"NET_PROFIT_RATIO":-41.6666989475,"ROE_AVG":-43.907835305307,"GROSS_PROFIT_QOQ":-7.887461980399,"ROA":-13.413409169274,"HOLDER_PROFIT_QOQ":3.442231075697,"ROE_YEARLY":-87.815670610615,"ROIC_YEARLY":-32.023305266088,"TOTAL_ASSETS":806391000,"TOTAL_LIABILITIES":615198000,"TAX_EBT":-0.199349784348,"OCF_SALES":-20.674721383996,"TOTAL_PARENT_EQUITY":191193000,"DEBT_ASSET_RATIO":76.2902859779,"OPERATE_PROFIT":-102968000,"PRETAX_PROFIT":-107349000,"NETCASH_OPERATE":-46665000,"NETCASH_INVEST":-8737000,"NETCASH_FINANCE":-48608000,"END_CASH":78122000,"DIVI_RATIO":null,"DIVIDEND_RATE":null,"CURRENT_RATIO":0.287432269717,"COMMON_ACS":10000000000,"CURRENTDEBT_DEBT":86.398200254227,"ISSUED_COMMON_SHARES":1212225600,"HK_COMMON_SHARES":1212225600,"PER_SHARES":2000,"TOTAL_MARKET_CAP":69096859.2,"HKSK_MARKET_CAP":69096859.2,"PE_TTM":-0.327259775057,"PB_TTM":-0.223439157453,"REPORT_DATE_SQ":"2018-06-30 00:00:00","REPORT_TYPE_SQ":"2018年中报","OPERATE_INCOME_SQ":312971000,"DPS_HKD":null,"OPERATE_INCOME_QOQ_SQ":-8.227977034853,"NET_PROFIT_RATIO_SQ":-36.9219512351,"HOLDER_PROFIT_SQ":-115555000,"HOLDER_PROFIT_QOQ_SQ":-37.941299920718,"ROE_AVG_SQ":-24.422306925765,"PE_TTM_SQ":-0.327259775057,"PB_TTM_SQ":-0.223439157453,"ROA_SQ":-11.774775761621,"START_DATE":"2019-01-01 00:00:00","FISCAL_YEAR":"12-31","CURRENCY":"HKD","IS_CNY_CODE":0,"DPS_HKD_LY":null,"ORG_TYPE":"一般企业","PREMIUM_INCOME":null,"PREMIUM_INCOME_YOY":null,"NET_INTEREST_INCOME":null,"NET_INTEREST_INCOME_YOY":null,"FEE_COMMISSION_INCOME":null,"FEE_COMMISSION_INCOME_YOY":null,"ACCOUNTS_RECE_TDAYS":null,"INVENTORY_TDAYS":5.794497362828,"CURRENT_ASSETS_TDAYS":1.073511218492,"TOTAL_ASSETS_TDAYS":0.321921570657,"PREMIUM_EXPENSE":null,"LOAN_DEPOSIT":null,"LOAN_EQUITY":null,"LOAN_ASSETS":null,"DEPOSIT_EQUITY":null,"DEPOSIT_ASSETS":null,"EQUITY_MULTIPLIER":4.21768056362,"EQUITY_RATIO":3.217680563619},{"SECUCODE":"01210.HK","SECURITY_CODE":"01210","SECURITY_NAME_ABBR":"克莉丝汀","ORG_CODE":"10203203","STD_REPORT_DATE":"2018-12-31 00:00:00","REPORT_DATE":"2018-12-31 00:00:00","DATE_TYPE_CODE":"001","REPORT_TYPE":"2018年年报","PER_NETCASH_OPERATE":-0.134565051258,"PER_OI":0.657320221583,"BPS":0.246452475513,"BASIC_EPS":-0.23,"DILUTED_EPS":-0.23,"OPERATE_INCOME":664017000,"OPERATE_INCOME_YOY":-17.5181293988,"GROSS_PROFIT":295900000,"GROSS_PROFIT_YOY":-18.846573674366,"HOLDER_PROFIT":-232175000,"HOLDER_PROFIT_YOY":-80.4646571424,"GROSS_PROFIT_RATIO":44.5621121146,"EPS_TTM":-0.229833456743,"OPERATE_INCOME_QOQ":-10.123076798135,"NET_PROFIT_RATIO":-34.965219264,"ROE_AVG":-55.966888718276,"GROSS_PROFIT_QOQ":-8.167192194056,"ROA":-24.766667431152,"HOLDER_PROFIT_QOQ":-30.827139693577,"ROE_YEARLY":-55.966888718276,"ROIC_YEARLY":-34.024870726008,"TOTAL_ASSETS":797422000,"TOTAL_LIABILITIES":498666000,"TAX_EBT":0.956837785494,"OCF_SALES":-20.471765030112,"TOTAL_PARENT_EQUITY":298756000,"DEBT_ASSET_RATIO":62.5347682908,"OPERATE_PROFIT":-234418000,"PRETAX_PROFIT":-234418000,"NETCASH_OPERATE":-135936000,"NETCASH_INVEST":-9962000,"NETCASH_FINANCE":null,"END_CASH":182132000,"DIVI_RATIO":null,"DIVIDEND_RATE":null,"CURRENT_RATIO":0.65944137446,"COMMON_ACS":10000000000,"CURRENTDEBT_DEBT":99.796256412108,"ISSUED_COMMON_SHARES":1212225600,"HK_COMMON_SHARES":1212225600,"PER_SHARES":2000,"TOTAL_MARKET_CAP":69096859.2,"HKSK_MARKET_CAP":69096859.2,"PE_TTM":-0.327259775057,"PB_TTM":-0.223439157453,"REPORT_DATE_SQ":"2017-12-31 00:00:00","REPORT_TYPE_SQ":"2017年年报","OPERATE_INCOME_SQ":805046000,"DPS_HKD":null,"OPERATE_INCOME_QOQ_SQ":-6.414158205672,"NET_PROFIT_RATIO_SQ":-15.9809501569,"HOLDER_PROFIT_SQ":-128654000,"HOLDER_PROFIT_QOQ_SQ":-4.029238867641,"ROE_AVG_SQ":-21.613385266564,"PE_TTM_SQ":-0.327259775057,"PB_TTM_SQ":-0.223439157453,"ROA_SQ":-10.776747743152,"START_DATE":"2018-01-01 00:00:00","FISCAL_YEAR":"12-31","CURRENCY":"HKD","IS_CNY_CODE":0,"DPS_HKD_LY":null,"ORG_TYPE":"一般企业","PREMIUM_INCOME":null,"PREMIUM_INCOME_YOY":null,"NET_INTEREST_INCOME":null,"NET_INTEREST_INCOME_YOY":null,"FEE_COMMISSION_INCOME":null,"FEE_COMMISSION_INCOME_YOY":null,"ACCOUNTS_RECE_TDAYS":10.293959429816,"INVENTORY_TDAYS":12.585196581197,"CURRENT_ASSETS_TDAYS":1.593318312374,"TOTAL_ASSETS_TDAYS":0.708322954997,"PREMIUM_EXPENSE":null,"LOAN_DEPOSIT":null,"LOAN_EQUITY":null,"LOAN_ASSETS":null,"DEPOSIT_EQUITY":null,"DEPOSIT_ASSETS":null,"EQUITY_MULTIPLIER":2.669141372892,"EQUITY_RATIO":1.669141372893},{"SECUCODE":"01210.HK","SECURITY_CODE":"01210","SECURITY_NAME_ABBR":"克莉丝汀","ORG_CODE":"10203203","STD_REPORT_DATE":"2018-06-30 00:00:00","REPORT_DATE":"2018-06-30 00:00:00","DATE_TYPE_CODE":"002","REPORT_TYPE":"2018年中报","PER_NETCASH_OPERATE":-0.118946176355,"PER_OI":0.309814608766,"BPS":0.342655690492,"BASIC_EPS":-0.114,"DILUTED_EPS":-0.114,"OPERATE_INCOME":312971000,"OPERATE_INCOME_YOY":-17.467630073,"GROSS_PROFIT":134275000,"GROSS_PROFIT_YOY":-23.999728317778,"HOLDER_PROFIT":-115555000,"HOLDER_PROFIT_YOY":-73.1368553535,"GROSS_PROFIT_RATIO":42.903336091842,"EPS_TTM":-0.175677200679,"OPERATE_INCOME_QOQ":-8.227977034853,"NET_PROFIT_RATIO":-36.9219512351,"ROE_AVG":-24.422306925765,"GROSS_PROFIT_QOQ":-11.629157090434,"ROA":-11.774775761621,"HOLDER_PROFIT_QOQ":-37.941299920718,"ROE_YEARLY":-48.84461385153,"ROIC_YEARLY":-32.275633998137,"TOTAL_ASSETS":885278000,"TOTAL_LIABILITIES":469902000,"TAX_EBT":0.179677444434,"OCF_SALES":-38.392694530803,"TOTAL_PARENT_EQUITY":415376000,"DEBT_ASSET_RATIO":53.0795975953,"OPERATE_PROFIT":null,"PRETAX_PROFIT":-115763000,"NETCASH_OPERATE":-120158000,"NETCASH_INVEST":-5249000,"NETCASH_FINANCE":null,"END_CASH":202623000,"DIVI_RATIO":null,"DIVIDEND_RATE":null,"CURRENT_RATIO":0.73947280385,"COMMON_ACS":10000000000,"CURRENTDEBT_DEBT":99.236862154236,"ISSUED_COMMON_SHARES":1212225600,"HK_COMMON_SHARES":1212225600,"PER_SHARES":2000,"TOTAL_MARKET_CAP":69096859.2,"HKSK_MARKET_CAP":69096859.2,"PE_TTM":-0.327259775057,"PB_TTM":-0.223439157453,"REPORT_DATE_SQ":"2017-06-30 00:00:00","REPORT_TYPE_SQ":"2017年中报","OPERATE_INCOME_SQ":379210000,"DPS_HKD":null,"OPERATE_INCOME_QOQ_SQ":-7.073851821045,"NET_PROFIT_RATIO_SQ":-17.6002742544,"HOLDER_PROFIT_SQ":-66742000,"HOLDER_PROFIT_QOQ_SQ":-2.030360531309,"ROE_AVG_SQ":-10.658188066509,"PE_TTM_SQ":-0.327259775057,"PB_TTM_SQ":-0.223439157453,"ROA_SQ":-5.525784496723,"START_DATE":"2018-01-01 00:00:00","FISCAL_YEAR":"12-31","CURRENCY":"HKD","IS_CNY_CODE":0,"DPS_HKD_LY":null,"ORG_TYPE":"一般企业","PREMIUM_INCOME":null,"PREMIUM_INCOME_YOY":null,"NET_INTEREST_INCOME":null,"NET_INTEREST_INCOME_YOY":null,"FEE_COMMISSION_INCOME":null,"FEE_COMMISSION_INCOME_YOY":null,"ACCOUNTS_RECE_TDAYS":4.658935788557,"INVENTORY_TDAYS":6.155457191574,"CURRENT_ASSETS_TDAYS":0.736264628146,"TOTAL_ASSETS_TDAYS":0.318909899605,"PREMIUM_EXPENSE":null,"LOAN_DEPOSIT":null,"LOAN_EQUITY":null,"LOAN_ASSETS":null,"DEPOSIT_EQUITY":null,"DEPOSIT_ASSETS":null,"EQUITY_MULTIPLIER":2.131269018912,"EQUITY_RATIO":1.131269018913}],"count":28},"success":true,"message":"ok","code":0}