{"version":"1431ff423b973b4a8ead9e7da29e04ca","result":{"pages":5,"data":[{"SECUCODE":"01213.HK","SECURITY_CODE":"01213","SECURITY_NAME_ABBR":"万保刚集团","ORG_CODE":"10010556","STD_REPORT_DATE":"2024-06-30 00:00:00","REPORT_DATE":"2024-09-30 00:00:00","DATE_TYPE_CODE":"002","REPORT_TYPE":"2024年中报","PER_NETCASH_OPERATE":0.021372423,"PER_OI":0.67936800545,"BPS":0.55966440085,"BASIC_EPS":-0.02254475,"DILUTED_EPS":-0.02254475,"OPERATE_INCOME":135873601.09,"OPERATE_INCOME_YOY":-19.9410201913,"GROSS_PROFIT":37044631.41,"GROSS_PROFIT_YOY":-22.955265316324,"HOLDER_PROFIT":-4495423.15,"HOLDER_PROFIT_YOY":-117.7806902578,"GROSS_PROFIT_RATIO":27.264038866139,"EPS_TTM":-0.02216968025,"OPERATE_INCOME_QOQ":0,"NET_PROFIT_RATIO":-3.2076511074,"ROE_AVG":-4.20412569366,"GROSS_PROFIT_QOQ":0,"ROA":-1.811775267178,"HOLDER_PROFIT_QOQ":0,"ROE_YEARLY":-8.408251387319,"ROIC_YEARLY":-5.002006823199,"TOTAL_ASSETS":249260166.74,"TOTAL_LIABILITIES":95208282.83,"TAX_EBT":-80.605381165919,"OCF_SALES":3.145927218907,"TOTAL_PARENT_EQUITY":111932880.17,"DEBT_ASSET_RATIO":38.1963488492,"OPERATE_PROFIT":-1116416.02,"PRETAX_PROFIT":-2413190.04,"NETCASH_OPERATE":4274484.6,"NETCASH_INVEST":91080.79,"NETCASH_FINANCE":-1835142.65,"END_CASH":24945314.98,"DIVI_RATIO":-0.407840794186,"DIVIDEND_RATE":3.703703703704,"CURRENT_RATIO":2.122084859435,"COMMON_ACS":2000000000,"CURRENTDEBT_DEBT":96.459456131544,"ISSUED_COMMON_SHARES":200000000,"HK_COMMON_SHARES":200000000,"PER_SHARES":2000,"TOTAL_MARKET_CAP":54000000,"HKSK_MARKET_CAP":54000000,"PE_TTM":-7.11743772242,"PB_TTM":0.435052327127,"REPORT_DATE_SQ":"2023-06-30 00:00:00","REPORT_TYPE_SQ":"2023年中报","OPERATE_INCOME_SQ":172697966,"DPS_HKD":0.01,"OPERATE_INCOME_QOQ_SQ":0,"NET_PROFIT_RATIO_SQ":0.5026567481,"HOLDER_PROFIT_SQ":-2100455.07,"HOLDER_PROFIT_QOQ_SQ":0,"ROE_AVG_SQ":-1.906594367675,"PE_TTM_SQ":-8.031975637609,"PB_TTM_SQ":0.361961453678,"ROA_SQ":-0.746979773785,"START_DATE":"2024-04-01 00:00:00","FISCAL_YEAR":"3-31","CURRENCY":"HKD","IS_CNY_CODE":0,"DPS_HKD_LY":0.01,"ORG_TYPE":"一般企业","PREMIUM_INCOME":null,"PREMIUM_INCOME_YOY":null,"NET_INTEREST_INCOME":null,"NET_INTEREST_INCOME_YOY":null,"FEE_COMMISSION_INCOME":null,"FEE_COMMISSION_INCOME_YOY":null,"ACCOUNTS_RECE_TDAYS":5.688810858772,"INVENTORY_TDAYS":0.735736511911,"CURRENT_ASSETS_TDAYS":0.700459779733,"TOTAL_ASSETS_TDAYS":0.547606802971,"PREMIUM_EXPENSE":null,"LOAN_DEPOSIT":null,"LOAN_EQUITY":null,"LOAN_ASSETS":null,"DEPOSIT_EQUITY":null,"DEPOSIT_ASSETS":null,"EQUITY_MULTIPLIER":1.61802738411,"EQUITY_RATIO":0.850583695206},{"SECUCODE":"01213.HK","SECURITY_CODE":"01213","SECURITY_NAME_ABBR":"万保刚集团","ORG_CODE":"10010556","STD_REPORT_DATE":"2023-12-31 00:00:00","REPORT_DATE":"2024-03-31 00:00:00","DATE_TYPE_CODE":"001","REPORT_TYPE":"2023年年报","PER_NETCASH_OPERATE":0.0995119935,"PER_OI":1.54375946225,"BPS":0.51231406875,"BASIC_EPS":-0.022210475,"DILUTED_EPS":-0.022210475,"OPERATE_INCOME":308751892.45,"OPERATE_INCOME_YOY":-17.017160428,"GROSS_PROFIT":81128066.05,"GROSS_PROFIT_YOY":-12.639758291405,"HOLDER_PROFIT":-4433936.05,"HOLDER_PROFIT_YOY":-1193.9153439153,"GROSS_PROFIT_RATIO":26.276135639602,"EPS_TTM":-0.02385573165,"OPERATE_INCOME_QOQ":0,"NET_PROFIT_RATIO":0.5141244763,"ROE_AVG":-4.13524299097,"GROSS_PROFIT_QOQ":0,"ROA":-1.646867886918,"HOLDER_PROFIT_QOQ":0,"ROE_YEARLY":-4.13524299097,"ROIC_YEARLY":-2.237860146323,"TOTAL_ASSETS":248288633.65,"TOTAL_LIABILITIES":97213889.25,"TAX_EBT":72.614951517047,"OCF_SALES":6.446081525872,"TOTAL_PARENT_EQUITY":102462813.75,"DEBT_ASSET_RATIO":39.1535801784,"OPERATE_PROFIT":9304829.2,"PRETAX_PROFIT":5796480.7,"NETCASH_OPERATE":19902398.7,"NETCASH_INVEST":-572939.6,"NETCASH_FINANCE":-24765132.9,"END_CASH":21447159.9,"DIVI_RATIO":-0.379015832868,"DIVIDEND_RATE":4.166666666667,"CURRENT_RATIO":2.152747053855,"COMMON_ACS":2000000000,"CURRENTDEBT_DEBT":92.742108453397,"ISSUED_COMMON_SHARES":200000000,"HK_COMMON_SHARES":200000000,"PER_SHARES":2000,"TOTAL_MARKET_CAP":48000000,"HKSK_MARKET_CAP":48000000,"PE_TTM":-6.326611308818,"PB_TTM":0.386713179669,"REPORT_DATE_SQ":"2022-12-31 00:00:00","REPORT_TYPE_SQ":"2022年年报","OPERATE_INCOME_SQ":359286647.61,"DPS_HKD":0.01,"OPERATE_INCOME_QOQ_SQ":0,"NET_PROFIT_RATIO_SQ":1.283803704,"HOLDER_PROFIT_SQ":-330904.98,"HOLDER_PROFIT_QOQ_SQ":0,"ROE_AVG_SQ":-0.289870631811,"PE_TTM_SQ":-18.081461743434,"PB_TTM_SQ":0.814842135058,"ROA_SQ":-0.111831341769,"START_DATE":"2023-04-01 00:00:00","FISCAL_YEAR":"3-31","CURRENCY":"HKD","IS_CNY_CODE":0,"DPS_HKD_LY":0.01,"ORG_TYPE":"一般企业","PREMIUM_INCOME":null,"PREMIUM_INCOME_YOY":null,"NET_INTEREST_INCOME":null,"NET_INTEREST_INCOME_YOY":null,"FEE_COMMISSION_INCOME":null,"FEE_COMMISSION_INCOME_YOY":null,"ACCOUNTS_RECE_TDAYS":10.413030849665,"INVENTORY_TDAYS":1.597368764254,"CURRENT_ASSETS_TDAYS":1.45973585124,"TOTAL_ASSETS_TDAYS":1.146776974154,"PREMIUM_EXPENSE":null,"LOAN_DEPOSIT":null,"LOAN_EQUITY":null,"LOAN_ASSETS":null,"DEPOSIT_EQUITY":null,"DEPOSIT_ASSETS":null,"EQUITY_MULTIPLIER":1.643482069992,"EQUITY_RATIO":0.948772395488},{"SECUCODE":"01213.HK","SECURITY_CODE":"01213","SECURITY_NAME_ABBR":"万保刚集团","ORG_CODE":"10010556","STD_REPORT_DATE":"2023-06-30 00:00:00","REPORT_DATE":"2023-09-30 00:00:00","DATE_TYPE_CODE":"002","REPORT_TYPE":"2023年中报","PER_NETCASH_OPERATE":0.0662253571,"PER_OI":0.86348983,"BPS":0.53491864405,"BASIC_EPS":-0.01009393,"DILUTED_EPS":-0.01009393,"OPERATE_INCOME":172697966,"OPERATE_INCOME_YOY":-14.229983958,"GROSS_PROFIT":48081976.74,"GROSS_PROFIT_YOY":-8.762696534036,"HOLDER_PROFIT":-2100455.07,"HOLDER_PROFIT_YOY":-188.4808658678,"GROSS_PROFIT_RATIO":27.84165781084,"EPS_TTM":-0.0016545249,"OPERATE_INCOME_QOQ":0,"NET_PROFIT_RATIO":0.5026567481,"ROE_AVG":-1.906594367675,"GROSS_PROFIT_QOQ":0,"ROA":-0.746979773785,"HOLDER_PROFIT_QOQ":0,"ROE_YEARLY":-3.813188735351,"ROIC_YEARLY":-1.996110679933,"TOTAL_ASSETS":268659123.25,"TOTAL_LIABILITIES":115791141.55,"TAX_EBT":76.397205588822,"OCF_SALES":7.66950053135,"TOTAL_PARENT_EQUITY":106983728.81,"DEBT_ASSET_RATIO":43.0996499018,"OPERATE_PROFIT":5648012.65,"PRETAX_PROFIT":3677861.04,"NETCASH_OPERATE":13245071.42,"NETCASH_INVEST":-782738.39,"NETCASH_FINANCE":-17021118.87,"END_CASH":22566356.96,"DIVI_RATIO":-5.464831626287,"DIVIDEND_RATE":4.166666666667,"CURRENT_RATIO":1.955655261405,"COMMON_ACS":2000000000,"CURRENTDEBT_DEBT":93.966002298213,"ISSUED_COMMON_SHARES":200000000,"HK_COMMON_SHARES":200000000,"PER_SHARES":2000,"TOTAL_MARKET_CAP":48000000,"HKSK_MARKET_CAP":48000000,"PE_TTM":-6.326611308818,"PB_TTM":0.386713179669,"REPORT_DATE_SQ":"2022-06-30 00:00:00","REPORT_TYPE_SQ":"2022年中报","OPERATE_INCOME_SQ":198455842.56,"DPS_HKD":0.01,"OPERATE_INCOME_QOQ_SQ":0,"NET_PROFIT_RATIO_SQ":2.4217952457,"HOLDER_PROFIT_SQ":2339786.28,"HOLDER_PROFIT_QOQ_SQ":0,"ROE_AVG_SQ":1.961802856634,"PE_TTM_SQ":-18.081461743434,"PB_TTM_SQ":0.814842135058,"ROA_SQ":0.763355399921,"START_DATE":"2023-04-01 00:00:00","FISCAL_YEAR":"3-31","CURRENCY":"HKD","IS_CNY_CODE":0,"DPS_HKD_LY":0.01,"ORG_TYPE":"一般企业","PREMIUM_INCOME":null,"PREMIUM_INCOME_YOY":null,"NET_INTEREST_INCOME":null,"NET_INTEREST_INCOME_YOY":null,"FEE_COMMISSION_INCOME":null,"FEE_COMMISSION_INCOME_YOY":null,"ACCOUNTS_RECE_TDAYS":4.954261270155,"INVENTORY_TDAYS":0.841358544806,"CURRENT_ASSETS_TDAYS":0.777011684076,"TOTAL_ASSETS_TDAYS":0.61416161392,"PREMIUM_EXPENSE":null,"LOAN_DEPOSIT":null,"LOAN_EQUITY":null,"LOAN_ASSETS":null,"DEPOSIT_EQUITY":null,"DEPOSIT_ASSETS":null,"EQUITY_MULTIPLIER":1.757458430878,"EQUITY_RATIO":1.082324787498},{"SECUCODE":"01213.HK","SECURITY_CODE":"01213","SECURITY_NAME_ABBR":"万保刚集团","ORG_CODE":"10010556","STD_REPORT_DATE":"2022-12-31 00:00:00","REPORT_DATE":"2023-03-31 00:00:00","DATE_TYPE_CODE":"001","REPORT_TYPE":"2022年年报","PER_NETCASH_OPERATE":0.19528208575,"PER_OI":1.79643323805,"BPS":0.54068385535,"BASIC_EPS":-0.001663279,"DILUTED_EPS":-0.001663279,"OPERATE_INCOME":359286647.61,"OPERATE_INCOME_YOY":-18.1236022974,"GROSS_PROFIT":92866119.03,"GROSS_PROFIT_YOY":-13.099728579394,"HOLDER_PROFIT":-330904.98,"HOLDER_PROFIT_YOY":-102.861251987,"GROSS_PROFIT_RATIO":25.847361611613,"EPS_TTM":0.03486767225,"OPERATE_INCOME_QOQ":0,"NET_PROFIT_RATIO":1.283803704,"ROE_AVG":-0.289870631811,"GROSS_PROFIT_QOQ":0,"ROA":-0.111831341769,"HOLDER_PROFIT_QOQ":0,"ROE_YEARLY":-0.289870631811,"ROIC_YEARLY":-0.14872316442,"TOTAL_ASSETS":280212613.13,"TOTAL_LIABILITIES":129052066.79,"TAX_EBT":42.914409534128,"OCF_SALES":10.870545123178,"TOTAL_PARENT_EQUITY":108136771.07,"DEBT_ASSET_RATIO":46.0550527503,"OPERATE_PROFIT":11867933.37,"PRETAX_PROFIT":8080034.3,"NETCASH_OPERATE":39056417.15,"NETCASH_INVEST":-15695225.89,"NETCASH_FINANCE":-25707290.06,"END_CASH":26642227.94,"DIVI_RATIO":0.259314700883,"DIVIDEND_RATE":4.166666666667,"CURRENT_RATIO":1.872259662078,"COMMON_ACS":2000000000,"CURRENTDEBT_DEBT":91.496347146569,"ISSUED_COMMON_SHARES":200000000,"HK_COMMON_SHARES":200000000,"PER_SHARES":2000,"TOTAL_MARKET_CAP":48000000,"HKSK_MARKET_CAP":48000000,"PE_TTM":-6.326611308818,"PB_TTM":0.386713179669,"REPORT_DATE_SQ":"2021-12-31 00:00:00","REPORT_TYPE_SQ":"2021年年报","OPERATE_INCOME_SQ":406534171.69,"DPS_HKD":0.01,"OPERATE_INCOME_QOQ_SQ":0,"NET_PROFIT_RATIO_SQ":4.2172965015,"HOLDER_PROFIT_SQ":10714253.11,"HOLDER_PROFIT_QOQ_SQ":0,"ROE_AVG_SQ":10.068055206261,"PE_TTM_SQ":-18.081461743434,"PB_TTM_SQ":0.814842135058,"ROA_SQ":3.827034605825,"START_DATE":"2022-04-01 00:00:00","FISCAL_YEAR":"3-31","CURRENCY":"HKD","IS_CNY_CODE":0,"DPS_HKD_LY":0.01,"ORG_TYPE":"一般企业","PREMIUM_INCOME":null,"PREMIUM_INCOME_YOY":null,"NET_INTEREST_INCOME":null,"NET_INTEREST_INCOME_YOY":null,"FEE_COMMISSION_INCOME":null,"FEE_COMMISSION_INCOME_YOY":null,"ACCOUNTS_RECE_TDAYS":8.555249828028,"INVENTORY_TDAYS":1.715469426407,"CURRENT_ASSETS_TDAYS":1.482828574783,"TOTAL_ASSETS_TDAYS":1.214230982015,"PREMIUM_EXPENSE":null,"LOAN_DEPOSIT":null,"LOAN_EQUITY":null,"LOAN_ASSETS":null,"DEPOSIT_EQUITY":null,"DEPOSIT_ASSETS":null,"EQUITY_MULTIPLIER":1.853741732977,"EQUITY_RATIO":1.193415204773},{"SECUCODE":"01213.HK","SECURITY_CODE":"01213","SECURITY_NAME_ABBR":"万保刚集团","ORG_CODE":"10010556","STD_REPORT_DATE":"2022-06-30 00:00:00","REPORT_DATE":"2022-09-30 00:00:00","DATE_TYPE_CODE":"002","REPORT_TYPE":"2022年中报","PER_NETCASH_OPERATE":0.0692891484,"PER_OI":0.9922792128,"BPS":0.5718683676,"BASIC_EPS":0.01175772,"DILUTED_EPS":0.01175772,"OPERATE_INCOME":198455842.56,"OPERATE_INCOME_YOY":-15.5691341588,"GROSS_PROFIT":52699909.92,"GROSS_PROFIT_YOY":-10.229120046577,"HOLDER_PROFIT":2339786.28,"HOLDER_PROFIT_YOY":-64.5567886012,"GROSS_PROFIT_RATIO":26.55498031209,"EPS_TTM":0.05357126555,"OPERATE_INCOME_QOQ":0,"NET_PROFIT_RATIO":2.4217952457,"ROE_AVG":1.961802856634,"GROSS_PROFIT_QOQ":0,"ROA":0.763355399921,"HOLDER_PROFIT_QOQ":0,"ROE_YEARLY":3.923605713267,"ROIC_YEARLY":2.017095016715,"TOTAL_ASSETS":291113911.68,"TOTAL_LIABILITIES":136719672.6,"TAX_EBT":24.495595339585,"OCF_SALES":6.982827767245,"TOTAL_PARENT_EQUITY":114373673.52,"DEBT_ASSET_RATIO":46.9643212209,"OPERATE_PROFIT":7625333.64,"PRETAX_PROFIT":6365448.72,"NETCASH_OPERATE":13857829.68,"NETCASH_INVEST":-7782706.2,"NETCASH_FINANCE":-6695569.32,"END_CASH":28165166.04,"DIVI_RATIO":0.168778913605,"DIVIDEND_RATE":4.166666666667,"CURRENT_RATIO":1.878884768768,"COMMON_ACS":2000000000,"CURRENTDEBT_DEBT":94.55231038931,"ISSUED_COMMON_SHARES":200000000,"HK_COMMON_SHARES":200000000,"PER_SHARES":2000,"TOTAL_MARKET_CAP":48000000,"HKSK_MARKET_CAP":48000000,"PE_TTM":-6.326611308818,"PB_TTM":0.386713179669,"REPORT_DATE_SQ":"2021-06-30 00:00:00","REPORT_TYPE_SQ":"2021年中报","OPERATE_INCOME_SQ":216500631.16,"DPS_HKD":0.01,"OPERATE_INCOME_QOQ_SQ":0,"NET_PROFIT_RATIO_SQ":4.8994559153,"HOLDER_PROFIT_SQ":6080504.94,"HOLDER_PROFIT_QOQ_SQ":0,"ROE_AVG_SQ":5.714665998559,"PE_TTM_SQ":-18.081461743434,"PB_TTM_SQ":0.814842135058,"ROA_SQ":2.208595639998,"START_DATE":"2022-04-01 00:00:00","FISCAL_YEAR":"3-31","CURRENCY":"HKD","IS_CNY_CODE":0,"DPS_HKD_LY":0.01,"ORG_TYPE":"一般企业","PREMIUM_INCOME":null,"PREMIUM_INCOME_YOY":null,"NET_INTEREST_INCOME":null,"NET_INTEREST_INCOME_YOY":null,"FEE_COMMISSION_INCOME":null,"FEE_COMMISSION_INCOME_YOY":null,"ACCOUNTS_RECE_TDAYS":4.208846434189,"INVENTORY_TDAYS":0.89155173463,"CURRENT_ASSETS_TDAYS":0.770479196879,"TOTAL_ASSETS_TDAYS":0.647462293283,"PREMIUM_EXPENSE":null,"LOAN_DEPOSIT":null,"LOAN_EQUITY":null,"LOAN_ASSETS":null,"DEPOSIT_EQUITY":null,"DEPOSIT_ASSETS":null,"EQUITY_MULTIPLIER":1.885523147851,"EQUITY_RATIO":1.195377121258},{"SECUCODE":"01213.HK","SECURITY_CODE":"01213","SECURITY_NAME_ABBR":"万保刚集团","ORG_CODE":"10010556","STD_REPORT_DATE":"2021-12-31 00:00:00","REPORT_DATE":"2022-03-31 00:00:00","DATE_TYPE_CODE":"001","REPORT_TYPE":"2021年年报","PER_NETCASH_OPERATE":0.1168503208,"PER_OI":2.03267085845,"BPS":0.55667320895,"BASIC_EPS":0.053607761,"DILUTED_EPS":0.053607761,"OPERATE_INCOME":406534171.69,"OPERATE_INCOME_YOY":9.8385297862,"GROSS_PROFIT":106865165.68,"GROSS_PROFIT_YOY":15.099922236948,"HOLDER_PROFIT":10714253.11,"HOLDER_PROFIT_YOY":8.7235618468,"GROSS_PROFIT_RATIO":26.286883888691,"EPS_TTM":0.0494848372,"OPERATE_INCOME_QOQ":0,"NET_PROFIT_RATIO":4.2172965015,"ROE_AVG":10.068055206261,"GROSS_PROFIT_QOQ":0,"ROA":3.827034605825,"HOLDER_PROFIT_QOQ":0,"ROE_YEARLY":10.068055206261,"ROIC_YEARLY":5.070924231694,"TOTAL_ASSETS":288658734.25,"TOTAL_LIABILITIES":136051793.56,"TAX_EBT":22.947951596443,"OCF_SALES":5.74861002775,"TOTAL_PARENT_EQUITY":111334641.79,"DEBT_ASSET_RATIO":47.1324014891,"OPERATE_PROFIT":24393558.78,"PRETAX_PROFIT":22250870.36,"NETCASH_OPERATE":23370064.16,"NETCASH_INVEST":-9424747.21,"NETCASH_FINANCE":-10199261.76,"END_CASH":27705723.62,"DIVI_RATIO":0.182716575654,"DIVIDEND_RATE":4.166666666667,"CURRENT_RATIO":1.850265834844,"COMMON_ACS":2000000000,"CURRENTDEBT_DEBT":96.983118338539,"ISSUED_COMMON_SHARES":200000000,"HK_COMMON_SHARES":200000000,"PER_SHARES":2000,"TOTAL_MARKET_CAP":48000000,"HKSK_MARKET_CAP":48000000,"PE_TTM":-6.326611308818,"PB_TTM":0.386713179669,"REPORT_DATE_SQ":"2020-12-31 00:00:00","REPORT_TYPE_SQ":"2020年年报","OPERATE_INCOME_SQ":385713951.42,"DPS_HKD":0.01,"OPERATE_INCOME_QOQ_SQ":0,"NET_PROFIT_RATIO_SQ":4.0732389799,"HOLDER_PROFIT_SQ":10269782.18,"HOLDER_PROFIT_QOQ_SQ":0,"ROE_AVG_SQ":10.500391031762,"PE_TTM_SQ":-18.081461743434,"PB_TTM_SQ":0.814842135058,"ROA_SQ":3.792245729783,"START_DATE":"2021-04-01 00:00:00","FISCAL_YEAR":"3-31","CURRENCY":"HKD","IS_CNY_CODE":0,"DPS_HKD_LY":0.01,"ORG_TYPE":"一般企业","PREMIUM_INCOME":null,"PREMIUM_INCOME_YOY":null,"NET_INTEREST_INCOME":null,"NET_INTEREST_INCOME_YOY":null,"FEE_COMMISSION_INCOME":null,"FEE_COMMISSION_INCOME_YOY":null,"ACCOUNTS_RECE_TDAYS":8.740904137059,"INVENTORY_TDAYS":1.968220908895,"CURRENT_ASSETS_TDAYS":1.693301872611,"TOTAL_ASSETS_TDAYS":1.452103406122,"PREMIUM_EXPENSE":null,"LOAN_DEPOSIT":null,"LOAN_EQUITY":null,"LOAN_ASSETS":null,"DEPOSIT_EQUITY":null,"DEPOSIT_ASSETS":null,"EQUITY_MULTIPLIER":1.891517731402,"EQUITY_RATIO":1.22200773607},{"SECUCODE":"01213.HK","SECURITY_CODE":"01213","SECURITY_NAME_ABBR":"万保刚集团","ORG_CODE":"10010556","STD_REPORT_DATE":"2021-06-30 00:00:00","REPORT_DATE":"2021-09-30 00:00:00","DATE_TYPE_CODE":"002","REPORT_TYPE":"2021年中报","PER_NETCASH_OPERATE":0.0814066232,"PER_OI":1.0825031558,"BPS":0.5427094329,"BASIC_EPS":0.02999016,"DILUTED_EPS":0.02999016,"OPERATE_INCOME":216500631.16,"OPERATE_INCOME_YOY":18.2676205039,"GROSS_PROFIT":58704905.14,"GROSS_PROFIT_YOY":20.146198584098,"HOLDER_PROFIT":6080504.94,"HOLDER_PROFIT_YOY":-0.612745098,"GROSS_PROFIT_RATIO":27.115350576791,"EPS_TTM":0.0513489109,"OPERATE_INCOME_QOQ":0,"NET_PROFIT_RATIO":4.8994559153,"ROE_AVG":5.714665998559,"GROSS_PROFIT_QOQ":0,"ROA":2.208595639998,"HOLDER_PROFIT_QOQ":0,"ROE_YEARLY":11.429331997119,"ROIC_YEARLY":5.907120066525,"TOTAL_ASSETS":271980761.04,"TOTAL_LIABILITIES":121509298.54,"TAX_EBT":21.955255899479,"OCF_SALES":7.520220404331,"TOTAL_PARENT_EQUITY":108541886.58,"DEBT_ASSET_RATIO":44.6756962056,"OPERATE_PROFIT":14375283.36,"PRETAX_PROFIT":13591373.9,"NETCASH_OPERATE":16281324.64,"NETCASH_INVEST":-1385378.78,"NETCASH_FINANCE":-8076516.7,"END_CASH":29269563.1,"DIVI_RATIO":0.176083578824,"DIVIDEND_RATE":4.166666666667,"CURRENT_RATIO":2.002282895896,"COMMON_ACS":2000000000,"CURRENTDEBT_DEBT":97.302874694054,"ISSUED_COMMON_SHARES":200000000,"HK_COMMON_SHARES":200000000,"PER_SHARES":2000,"TOTAL_MARKET_CAP":48000000,"HKSK_MARKET_CAP":48000000,"PE_TTM":-6.326611308818,"PB_TTM":0.386713179669,"REPORT_DATE_SQ":"2020-06-30 00:00:00","REPORT_TYPE_SQ":"2020年中报","OPERATE_INCOME_SQ":193093447.68,"DPS_HKD":0.01,"OPERATE_INCOME_QOQ_SQ":0,"NET_PROFIT_RATIO_SQ":4.3304936654,"HOLDER_PROFIT_SQ":6453319.68,"HOLDER_PROFIT_QOQ_SQ":0,"ROE_AVG_SQ":6.599212838991,"PE_TTM_SQ":-18.081461743434,"PB_TTM_SQ":0.814842135058,"ROA_SQ":2.372177306041,"START_DATE":"2021-04-01 00:00:00","FISCAL_YEAR":"3-31","CURRENCY":"HKD","IS_CNY_CODE":0,"DPS_HKD_LY":0.01,"ORG_TYPE":"一般企业","PREMIUM_INCOME":null,"PREMIUM_INCOME_YOY":null,"NET_INTEREST_INCOME":null,"NET_INTEREST_INCOME_YOY":null,"FEE_COMMISSION_INCOME":null,"FEE_COMMISSION_INCOME_YOY":null,"ACCOUNTS_RECE_TDAYS":4.383006712315,"INVENTORY_TDAYS":1.05083673826,"CURRENT_ASSETS_TDAYS":0.903627569949,"TOTAL_ASSETS_TDAYS":0.786385924779,"PREMIUM_EXPENSE":null,"LOAN_DEPOSIT":null,"LOAN_EQUITY":null,"LOAN_ASSETS":null,"DEPOSIT_EQUITY":null,"DEPOSIT_ASSETS":null,"EQUITY_MULTIPLIER":1.807523875431,"EQUITY_RATIO":1.11946919635},{"SECUCODE":"01213.HK","SECURITY_CODE":"01213","SECURITY_NAME_ABBR":"万保刚集团","ORG_CODE":"10010556","STD_REPORT_DATE":"2020-12-31 00:00:00","REPORT_DATE":"2021-03-31 00:00:00","DATE_TYPE_CODE":"001","REPORT_TYPE":"2020年年报","PER_NETCASH_OPERATE":0.0989874816,"PER_OI":1.9285697571,"BPS":0.5288925145,"BASIC_EPS":0.051386944,"DILUTED_EPS":0.051386944,"OPERATE_INCOME":385713951.42,"OPERATE_INCOME_YOY":-1.0571388308,"GROSS_PROFIT":92845558.54,"GROSS_PROFIT_YOY":-0.990025708069,"HOLDER_PROFIT":10269782.18,"HOLDER_PROFIT_YOY":312.0963518939,"GROSS_PROFIT_RATIO":24.07109159474,"EPS_TTM":0.02404817095,"OPERATE_INCOME_QOQ":0,"NET_PROFIT_RATIO":4.0732389799,"ROE_AVG":10.500391031762,"GROSS_PROFIT_QOQ":0,"ROA":3.792245729783,"HOLDER_PROFIT_QOQ":0,"ROE_YEARLY":10.500391031762,"ROIC_YEARLY":4.903956945591,"TOTAL_ASSETS":282694961.22,"TOTAL_LIABILITIES":136584468.72,"TAX_EBT":9.494133112615,"OCF_SALES":5.132688679555,"TOTAL_PARENT_EQUITY":105778502.9,"DEBT_ASSET_RATIO":48.3151408609,"OPERATE_PROFIT":19641138.02,"PRETAX_PROFIT":17359152.02,"NETCASH_OPERATE":19797496.32,"NETCASH_INVEST":-717557.82,"NETCASH_FINANCE":-19835529.42,"END_CASH":25111988.16,"DIVI_RATIO":0.375982856193,"DIVIDEND_RATE":4.166666666667,"CURRENT_RATIO":1.855680883488,"COMMON_ACS":2000000000,"CURRENTDEBT_DEBT":97.04772159105,"ISSUED_COMMON_SHARES":200000000,"HK_COMMON_SHARES":200000000,"PER_SHARES":2000,"TOTAL_MARKET_CAP":48000000,"HKSK_MARKET_CAP":48000000,"PE_TTM":-6.326611308818,"PB_TTM":0.386713179669,"REPORT_DATE_SQ":"2019-12-31 00:00:00","REPORT_TYPE_SQ":"2019年年报","OPERATE_INCOME_SQ":421439556.5,"DPS_HKD":0.01,"OPERATE_INCOME_QOQ_SQ":0,"NET_PROFIT_RATIO_SQ":-0.7043978797,"HOLDER_PROFIT_SQ":-5234587.3,"HOLDER_PROFIT_QOQ_SQ":0,"ROE_AVG_SQ":-4.965891459429,"PE_TTM_SQ":-18.081461743434,"PB_TTM_SQ":0.814842135058,"ROA_SQ":-1.892548564897,"START_DATE":"2020-04-01 00:00:00","FISCAL_YEAR":"3-31","CURRENCY":"HKD","IS_CNY_CODE":0,"DPS_HKD_LY":0.01,"ORG_TYPE":"一般企业","PREMIUM_INCOME":null,"PREMIUM_INCOME_YOY":null,"NET_INTEREST_INCOME":null,"NET_INTEREST_INCOME_YOY":null,"FEE_COMMISSION_INCOME":null,"FEE_COMMISSION_INCOME_YOY":null,"ACCOUNTS_RECE_TDAYS":8.443850316851,"INVENTORY_TDAYS":1.965368014474,"CURRENT_ASSETS_TDAYS":1.658902302047,"TOTAL_ASSETS_TDAYS":1.424297087857,"PREMIUM_EXPENSE":null,"LOAN_DEPOSIT":null,"LOAN_EQUITY":null,"LOAN_ASSETS":null,"DEPOSIT_EQUITY":null,"DEPOSIT_ASSETS":null,"EQUITY_MULTIPLIER":1.934802603038,"EQUITY_RATIO":1.291230873717},{"SECUCODE":"01213.HK","SECURITY_CODE":"01213","SECURITY_NAME_ABBR":"万保刚集团","ORG_CODE":"10010556","STD_REPORT_DATE":"2020-06-30 00:00:00","REPORT_DATE":"2020-09-30 00:00:00","DATE_TYPE_CODE":"002","REPORT_TYPE":"2020年中报","PER_NETCASH_OPERATE":0.0476134432,"PER_OI":0.9654672384,"BPS":0.5109229568,"BASIC_EPS":0.03251264,"DILUTED_EPS":0.03251264,"OPERATE_INCOME":193093447.68,"OPERATE_INCOME_YOY":-6.0822737472,"GROSS_PROFIT":48861225.6,"GROSS_PROFIT_YOY":3.171706202331,"HOLDER_PROFIT":6453319.68,"HOLDER_PROFIT_YOY":284.4762622457,"GROSS_PROFIT_RATIO":25.304445172564,"EPS_TTM":-0.0261729365,"OPERATE_INCOME_QOQ":0,"NET_PROFIT_RATIO":4.3304936654,"ROE_AVG":6.599212838991,"GROSS_PROFIT_QOQ":0,"ROA":2.372177306041,"HOLDER_PROFIT_QOQ":0,"ROE_YEARLY":13.198425677983,"ROIC_YEARLY":6.088895890161,"TOTAL_ASSETS":274883826.56,"TOTAL_LIABILITIES":138686620.16,"TAX_EBT":11.774522529205,"OCF_SALES":4.931647735547,"TOTAL_PARENT_EQUITY":102184591.36,"DEBT_ASSET_RATIO":50.4528119735,"OPERATE_PROFIT":10680841.6,"PRETAX_PROFIT":9477873.92,"NETCASH_OPERATE":9522688.64,"NETCASH_INVEST":-152897.28,"NETCASH_FINANCE":-8678238.72,"END_CASH":29866814.08,"DIVI_RATIO":-0.345459899007,"DIVIDEND_RATE":4.166666666667,"CURRENT_RATIO":1.774993197098,"COMMON_ACS":2000000000,"CURRENTDEBT_DEBT":95.465316673848,"ISSUED_COMMON_SHARES":200000000,"HK_COMMON_SHARES":200000000,"PER_SHARES":2000,"TOTAL_MARKET_CAP":48000000,"HKSK_MARKET_CAP":48000000,"PE_TTM":-6.326611308818,"PB_TTM":0.386713179669,"REPORT_DATE_SQ":"2019-06-30 00:00:00","REPORT_TYPE_SQ":"2019年中报","OPERATE_INCOME_SQ":211047789.75,"DPS_HKD":0.01,"OPERATE_INCOME_QOQ_SQ":0,"NET_PROFIT_RATIO_SQ":-0.7624746234,"HOLDER_PROFIT_SQ":-3590901.81,"HOLDER_PROFIT_QOQ_SQ":0,"ROE_AVG_SQ":-3.280863688808,"PE_TTM_SQ":-18.081461743434,"PB_TTM_SQ":0.814842135058,"ROA_SQ":-1.315000619348,"START_DATE":"2020-04-01 00:00:00","FISCAL_YEAR":"3-31","CURRENCY":"HKD","IS_CNY_CODE":0,"DPS_HKD_LY":0.01,"ORG_TYPE":"一般企业","PREMIUM_INCOME":null,"PREMIUM_INCOME_YOY":null,"NET_INTEREST_INCOME":null,"NET_INTEREST_INCOME_YOY":null,"FEE_COMMISSION_INCOME":null,"FEE_COMMISSION_INCOME_YOY":null,"ACCOUNTS_RECE_TDAYS":4.353349050062,"INVENTORY_TDAYS":0.9739568499,"CURRENT_ASSETS_TDAYS":0.83455434151,"TOTAL_ASSETS_TDAYS":0.709792660592,"PREMIUM_EXPENSE":null,"LOAN_DEPOSIT":null,"LOAN_EQUITY":null,"LOAN_ASSETS":null,"DEPOSIT_EQUITY":null,"DEPOSIT_ASSETS":null,"EQUITY_MULTIPLIER":2.018278008966,"EQUITY_RATIO":1.357216565768}],"count":45},"success":true,"message":"ok","code":0}