{"version":"92e436ce9bc8f363c721da1edf056b7a","result":{"pages":2,"data":[{"SECUCODE":"01216.HK","SECURITY_CODE":"01216","SECURITY_NAME_ABBR":"中原银行","ORG_CODE":"10436677","STD_REPORT_DATE":"2024-06-30 00:00:00","REPORT_DATE":"2024-06-30 00:00:00","DATE_TYPE_CODE":"002","REPORT_TYPE":"2024年中报","PER_NETCASH_OPERATE":0.052895878127,"PER_OI":0.382823519466,"BPS":2.213972562524,"BASIC_EPS":0.05,"DILUTED_EPS":0.05,"OPERATE_INCOME":13992132000,"OPERATE_INCOME_YOY":3.2538301592,"GROSS_PROFIT":null,"GROSS_PROFIT_YOY":null,"HOLDER_PROFIT":2049467000,"HOLDER_PROFIT_YOY":2.3699563441,"GROSS_PROFIT_RATIO":null,"EPS_TTM":0.089423496557,"OPERATE_INCOME_QOQ":1.684016196816,"NET_PROFIT_RATIO":15.1397513974,"ROE_AVG":2.186986679777,"GROSS_PROFIT_QOQ":null,"ROA":0.151357490882,"HOLDER_PROFIT_QOQ":1.473067396551,"ROE_YEARLY":4.373973359555,"ROIC_YEARLY":0.319896149003,"TOTAL_ASSETS":1361667899000,"TOTAL_LIABILITIES":1262835018000,"TAX_EBT":-34.556578419995,"OCF_SALES":13.817301037469,"TOTAL_PARENT_EQUITY":94919243000,"DEBT_ASSET_RATIO":92.741777854,"OPERATE_PROFIT":1499510000,"PRETAX_PROFIT":1574337000,"NETCASH_OPERATE":1933335000,"NETCASH_INVEST":13325955000,"NETCASH_FINANCE":-15909998000,"END_CASH":100581337000,"DIVI_RATIO":null,"DIVIDEND_RATE":null,"CURRENT_RATIO":null,"COMMON_ACS":null,"CURRENTDEBT_DEBT":null,"ISSUED_COMMON_SHARES":36549823322,"HK_COMMON_SHARES":6945000000,"PER_SHARES":1000,"TOTAL_MARKET_CAP":11330445229.82,"HKSK_MARKET_CAP":2152950000,"PE_TTM":3.122711240376,"PB_TTM":0.127793272956,"REPORT_DATE_SQ":"2023-06-30 00:00:00","REPORT_TYPE_SQ":"2023年中报","OPERATE_INCOME_SQ":13551199000,"DPS_HKD":null,"OPERATE_INCOME_QOQ_SQ":12.27581826808,"NET_PROFIT_RATIO_SQ":15.2157753716,"HOLDER_PROFIT_SQ":2002020000,"HOLDER_PROFIT_QOQ_SQ":-2.500567781619,"ROE_AVG_SQ":2.215469276689,"PE_TTM_SQ":3.069815048387,"PB_TTM_SQ":0.138479740186,"ROA_SQ":0.148891551384,"START_DATE":"2024-01-01 00:00:00","FISCAL_YEAR":"12-31","CURRENCY":"HKD","IS_CNY_CODE":0,"DPS_HKD_LY":null,"ORG_TYPE":"银行","PREMIUM_INCOME":null,"PREMIUM_INCOME_YOY":null,"NET_INTEREST_INCOME":10704181000,"NET_INTEREST_INCOME_YOY":-1.732378202399,"FEE_COMMISSION_INCOME":null,"FEE_COMMISSION_INCOME_YOY":null,"ACCOUNTS_RECE_TDAYS":null,"INVENTORY_TDAYS":null,"CURRENT_ASSETS_TDAYS":null,"TOTAL_ASSETS_TDAYS":0.010333486666,"PREMIUM_EXPENSE":null,"LOAN_DEPOSIT":78.4520505882,"LOAN_EQUITY":7.287479700202,"LOAN_ASSETS":52.894146548431,"DEPOSIT_EQUITY":9.289087596263,"DEPOSIT_ASSETS":67.422261307197,"EQUITY_MULTIPLIER":13.777478559968,"EQUITY_RATIO":13.304309833149},{"SECUCODE":"01216.HK","SECURITY_CODE":"01216","SECURITY_NAME_ABBR":"中原银行","ORG_CODE":"10436677","STD_REPORT_DATE":"2023-12-31 00:00:00","REPORT_DATE":"2023-12-31 00:00:00","DATE_TYPE_CODE":"001","REPORT_TYPE":"2023年年报","PER_NETCASH_OPERATE":0.225662732411,"PER_OI":0.716376048369,"BPS":2.147907537292,"BASIC_EPS":0.07,"DILUTED_EPS":0.07,"OPERATE_INCOME":26183418000,"OPERATE_INCOME_YOY":2.2342610539,"GROSS_PROFIT":null,"GROSS_PROFIT_YOY":null,"HOLDER_PROFIT":3220966000,"HOLDER_PROFIT_YOY":-11.7584902187,"GROSS_PROFIT_RATIO":null,"EPS_TTM":0.088125350747,"OPERATE_INCOME_QOQ":-8.943650885035,"NET_PROFIT_RATIO":12.2456395876,"ROE_AVG":3.544722990786,"GROSS_PROFIT_QOQ":null,"ROA":0.240983578401,"HOLDER_PROFIT_QOQ":-9.495360358943,"ROE_YEARLY":3.544722990786,"ROIC_YEARLY":0.255655327478,"TOTAL_ASSETS":1346446497000,"TOTAL_LIABILITIES":1249558326000,"TAX_EBT":-8.428491668665,"OCF_SALES":31.500597057267,"TOTAL_PARENT_EQUITY":92504578000,"DEBT_ASSET_RATIO":92.8041573716,"OPERATE_PROFIT":2761848000,"PRETAX_PROFIT":2957089000,"NETCASH_OPERATE":8247933000,"NETCASH_INVEST":-15056630000,"NETCASH_FINANCE":-18108709000,"END_CASH":101193704000,"DIVI_RATIO":null,"DIVIDEND_RATE":null,"CURRENT_RATIO":null,"COMMON_ACS":null,"CURRENTDEBT_DEBT":null,"ISSUED_COMMON_SHARES":36549823322,"HK_COMMON_SHARES":6945000000,"PER_SHARES":1000,"TOTAL_MARKET_CAP":11330445229.82,"HKSK_MARKET_CAP":2152950000,"PE_TTM":3.122711240376,"PB_TTM":0.127793272956,"REPORT_DATE_SQ":"2022-12-31 00:00:00","REPORT_TYPE_SQ":"2022年年报","OPERATE_INCOME_SQ":25611197000,"DPS_HKD":null,"OPERATE_INCOME_QOQ_SQ":28.233948073136,"NET_PROFIT_RATIO_SQ":14.935350347,"HOLDER_PROFIT_SQ":3650171000,"HOLDER_PROFIT_QOQ_SQ":1.993388343847,"ROE_AVG_SQ":4.852706001346,"PE_TTM_SQ":3.165746768649,"PB_TTM_SQ":0.142807232067,"ROA_SQ":0.348470030234,"START_DATE":"2023-01-01 00:00:00","FISCAL_YEAR":"12-31","CURRENCY":"HKD","IS_CNY_CODE":0,"DPS_HKD_LY":null,"ORG_TYPE":"银行","PREMIUM_INCOME":null,"PREMIUM_INCOME_YOY":null,"NET_INTEREST_INCOME":22263007000,"NET_INTEREST_INCOME_YOY":4.637789002287,"FEE_COMMISSION_INCOME":null,"FEE_COMMISSION_INCOME_YOY":null,"ACCOUNTS_RECE_TDAYS":null,"INVENTORY_TDAYS":null,"CURRENT_ASSETS_TDAYS":null,"TOTAL_ASSETS_TDAYS":0.019589693789,"PREMIUM_EXPENSE":null,"LOAN_DEPOSIT":84.377166914713,"LOAN_EQUITY":7.487613694349,"LOAN_ASSETS":53.879689806939,"DEPOSIT_EQUITY":8.873980921778,"DEPOSIT_ASSETS":63.855770200723,"EQUITY_MULTIPLIER":13.896913143337,"EQUITY_RATIO":13.508070119513},{"SECUCODE":"01216.HK","SECURITY_CODE":"01216","SECURITY_NAME_ABBR":"中原银行","ORG_CODE":"10436677","STD_REPORT_DATE":"2023-06-30 00:00:00","REPORT_DATE":"2023-06-30 00:00:00","DATE_TYPE_CODE":"002","REPORT_TYPE":"2023年中报","PER_NETCASH_OPERATE":-0.589949062408,"PER_OI":0.370759630782,"BPS":2.130518150908,"BASIC_EPS":0.05,"DILUTED_EPS":0.05,"OPERATE_INCOME":13551199000,"OPERATE_INCOME_YOY":30.2096574348,"GROSS_PROFIT":null,"GROSS_PROFIT_YOY":null,"HOLDER_PROFIT":2002020000,"HOLDER_PROFIT_YOY":-4.3603505478,"GROSS_PROFIT_RATIO":null,"EPS_TTM":0.097371086274,"OPERATE_INCOME_QOQ":12.27581826808,"NET_PROFIT_RATIO":15.2157753716,"ROE_AVG":2.215469276689,"GROSS_PROFIT_QOQ":null,"ROA":0.148891551384,"HOLDER_PROFIT_QOQ":-2.500567781619,"ROE_YEARLY":4.430938553378,"ROIC_YEARLY":0.317166132755,"TOTAL_ASSETS":1362496025000,"TOTAL_LIABILITIES":1266523459000,"TAX_EBT":6.832952050545,"OCF_SALES":-159.119012273379,"TOTAL_PARENT_EQUITY":91502572000,"DEBT_ASSET_RATIO":92.9561213949,"OPERATE_PROFIT":2131429000,"PRETAX_PROFIT":2213143000,"NETCASH_OPERATE":-21562534000,"NETCASH_INVEST":-2182684000,"NETCASH_FINANCE":-1723397000,"END_CASH":100839397000,"DIVI_RATIO":null,"DIVIDEND_RATE":null,"CURRENT_RATIO":null,"COMMON_ACS":null,"CURRENTDEBT_DEBT":null,"ISSUED_COMMON_SHARES":36549823322,"HK_COMMON_SHARES":6945000000,"PER_SHARES":1000,"TOTAL_MARKET_CAP":11330445229.82,"HKSK_MARKET_CAP":2152950000,"PE_TTM":3.122711240376,"PB_TTM":0.127793272956,"REPORT_DATE_SQ":"2022-06-30 00:00:00","REPORT_TYPE_SQ":"2022年中报","OPERATE_INCOME_SQ":10407215000,"DPS_HKD":null,"OPERATE_INCOME_QOQ_SQ":3.575263218598,"NET_PROFIT_RATIO_SQ":20.5546536706,"HOLDER_PROFIT_SQ":2093295000,"HOLDER_PROFIT_QOQ_SQ":0.38760026962,"ROE_AVG_SQ":2.799328076745,"PE_TTM_SQ":3.165746768649,"PB_TTM_SQ":0.142807232067,"ROA_SQ":0.205675388874,"START_DATE":"2023-01-01 00:00:00","FISCAL_YEAR":"12-31","CURRENCY":"HKD","IS_CNY_CODE":0,"DPS_HKD_LY":null,"ORG_TYPE":"银行","PREMIUM_INCOME":null,"PREMIUM_INCOME_YOY":null,"NET_INTEREST_INCOME":10892887000,"NET_INTEREST_INCOME_YOY":30.03154667522,"FEE_COMMISSION_INCOME":null,"FEE_COMMISSION_INCOME_YOY":null,"ACCOUNTS_RECE_TDAYS":null,"INVENTORY_TDAYS":null,"CURRENT_ASSETS_TDAYS":null,"TOTAL_ASSETS_TDAYS":0.010078116314,"PREMIUM_EXPENSE":null,"LOAN_DEPOSIT":80.222688005086,"LOAN_EQUITY":7.49033093478,"LOAN_ASSETS":52.760981816442,"DEPOSIT_EQUITY":9.336923407883,"DEPOSIT_ASSETS":65.76815503003,"EQUITY_MULTIPLIER":14.196723936667,"EQUITY_RATIO":13.841397365311},{"SECUCODE":"01216.HK","SECURITY_CODE":"01216","SECURITY_NAME_ABBR":"中原银行","ORG_CODE":"10436677","STD_REPORT_DATE":"2022-12-31 00:00:00","REPORT_DATE":"2022-12-31 00:00:00","DATE_TYPE_CODE":"001","REPORT_TYPE":"2022年年报","PER_NETCASH_OPERATE":1.508720753974,"PER_OI":0.700720131377,"BPS":2.068298041662,"BASIC_EPS":0.1,"DILUTED_EPS":0.1,"OPERATE_INCOME":25611197000,"OPERATE_INCOME_YOY":32.8186492524,"GROSS_PROFIT":null,"GROSS_PROFIT_YOY":null,"HOLDER_PROFIT":3650171000,"HOLDER_PROFIT_YOY":2.3887149921,"GROSS_PROFIT_RATIO":null,"EPS_TTM":0.099868362368,"OPERATE_INCOME_QOQ":28.233948073136,"NET_PROFIT_RATIO":14.935350347,"ROE_AVG":4.852706001346,"GROSS_PROFIT_QOQ":null,"ROA":0.348470030234,"HOLDER_PROFIT_QOQ":1.993388343847,"ROE_YEARLY":4.852706001346,"ROIC_YEARLY":0.374729207182,"TOTAL_ASSETS":1326736482000,"TOTAL_LIABILITIES":1233101938000,"TAX_EBT":11.203446264245,"OCF_SALES":215.310034122966,"TOTAL_PARENT_EQUITY":89228438000,"DEBT_ASSET_RATIO":92.9424911977,"OPERATE_PROFIT":4143662000,"PRETAX_PROFIT":4307737000,"NETCASH_OPERATE":55143477000,"NETCASH_INVEST":-24505146000,"NETCASH_FINANCE":22182244000,"END_CASH":125893084000,"DIVI_RATIO":null,"DIVIDEND_RATE":null,"CURRENT_RATIO":null,"COMMON_ACS":null,"CURRENTDEBT_DEBT":null,"ISSUED_COMMON_SHARES":36549823322,"HK_COMMON_SHARES":6945000000,"PER_SHARES":1000,"TOTAL_MARKET_CAP":11330445229.82,"HKSK_MARKET_CAP":2152950000,"PE_TTM":3.122711240376,"PB_TTM":0.127793272956,"REPORT_DATE_SQ":"2021-12-31 00:00:00","REPORT_TYPE_SQ":"2021年年报","OPERATE_INCOME_SQ":19282832000,"DPS_HKD":null,"OPERATE_INCOME_QOQ_SQ":3.9285753361,"NET_PROFIT_RATIO_SQ":18.8419055873,"HOLDER_PROFIT_SQ":3565013000,"HOLDER_PROFIT_QOQ_SQ":4.598564496296,"ROE_AVG_SQ":5.967962986644,"PE_TTM_SQ":3.165746768649,"PB_TTM_SQ":0.142807232067,"ROA_SQ":0.467323331549,"START_DATE":"2022-01-01 00:00:00","FISCAL_YEAR":"12-31","CURRENCY":"HKD","IS_CNY_CODE":0,"DPS_HKD_LY":null,"ORG_TYPE":"银行","PREMIUM_INCOME":null,"PREMIUM_INCOME_YOY":null,"NET_INTEREST_INCOME":21276259000,"NET_INTEREST_INCOME_YOY":27.456409941215,"FEE_COMMISSION_INCOME":null,"FEE_COMMISSION_INCOME_YOY":null,"ACCOUNTS_RECE_TDAYS":null,"INVENTORY_TDAYS":null,"CURRENT_ASSETS_TDAYS":null,"TOTAL_ASSETS_TDAYS":0.024450182178,"PREMIUM_EXPENSE":null,"LOAN_DEPOSIT":82.538307981005,"LOAN_EQUITY":7.45089283502,"LOAN_ASSETS":52.584741767883,"DEPOSIT_EQUITY":9.027193575055,"DEPOSIT_ASSETS":63.709498115693,"EQUITY_MULTIPLIER":14.169305742475,"EQUITY_RATIO":13.81960690604},{"SECUCODE":"01216.HK","SECURITY_CODE":"01216","SECURITY_NAME_ABBR":"中原银行","ORG_CODE":"10436677","STD_REPORT_DATE":"2022-06-30 00:00:00","REPORT_DATE":"2022-06-30 00:00:00","DATE_TYPE_CODE":"002","REPORT_TYPE":"2022年中报","PER_NETCASH_OPERATE":0.379123994059,"PER_OI":0.284740500886,"BPS":2.044177022192,"BASIC_EPS":0.09,"DILUTED_EPS":0.09,"OPERATE_INCOME":10407215000,"OPERATE_INCOME_YOY":7.09431957,"GROSS_PROFIT":null,"GROSS_PROFIT_YOY":null,"HOLDER_PROFIT":2093295000,"HOLDER_PROFIT_YOY":0.664494005,"GROSS_PROFIT_RATIO":null,"EPS_TTM":0.097916506148,"OPERATE_INCOME_QOQ":3.575263218598,"NET_PROFIT_RATIO":20.5546536706,"ROE_AVG":2.799328076745,"GROSS_PROFIT_QOQ":null,"ROA":0.205675388874,"HOLDER_PROFIT_QOQ":0.38760026962,"ROE_YEARLY":5.598656153491,"ROIC_YEARLY":0.446524182656,"TOTAL_ASSETS":1267299451000,"TOTAL_LIABILITIES":1174833125000,"TAX_EBT":0.670318531317,"OCF_SALES":133.147196440162,"TOTAL_PARENT_EQUITY":88346819000,"DEBT_ASSET_RATIO":92.7036718964,"OPERATE_PROFIT":2011007000,"PRETAX_PROFIT":2153603000,"NETCASH_OPERATE":13856915000,"NETCASH_INVEST":4119371000,"NETCASH_FINANCE":6699314000,"END_CASH":97187692000,"DIVI_RATIO":null,"DIVIDEND_RATE":null,"CURRENT_RATIO":null,"COMMON_ACS":null,"CURRENTDEBT_DEBT":null,"ISSUED_COMMON_SHARES":36549823322,"HK_COMMON_SHARES":6945000000,"PER_SHARES":1000,"TOTAL_MARKET_CAP":11330445229.82,"HKSK_MARKET_CAP":2152950000,"PE_TTM":3.122711240376,"PB_TTM":0.127793272956,"REPORT_DATE_SQ":"2021-06-30 00:00:00","REPORT_TYPE_SQ":"2021年中报","OPERATE_INCOME_SQ":9717803000,"DPS_HKD":null,"OPERATE_INCOME_QOQ_SQ":-4.498010092861,"NET_PROFIT_RATIO_SQ":21.7294793895,"HOLDER_PROFIT_SQ":2079477000,"HOLDER_PROFIT_QOQ_SQ":3.255522412296,"ROE_AVG_SQ":3.509300973941,"PE_TTM_SQ":3.165746768649,"PB_TTM_SQ":0.142807232067,"ROA_SQ":0.27533916828,"START_DATE":"2022-01-01 00:00:00","FISCAL_YEAR":"12-31","CURRENCY":"HKD","IS_CNY_CODE":0,"DPS_HKD_LY":null,"ORG_TYPE":"银行","PREMIUM_INCOME":null,"PREMIUM_INCOME_YOY":null,"NET_INTEREST_INCOME":8377111000,"NET_INTEREST_INCOME_YOY":-0.84605823622,"FEE_COMMISSION_INCOME":994484000,"FEE_COMMISSION_INCOME_YOY":null,"ACCOUNTS_RECE_TDAYS":null,"INVENTORY_TDAYS":null,"CURRENT_ASSETS_TDAYS":null,"TOTAL_ASSETS_TDAYS":0.010225543902,"PREMIUM_EXPENSE":null,"LOAN_DEPOSIT":81.707053543934,"LOAN_EQUITY":7.504371483301,"LOAN_ASSETS":54.754356553414,"DEPOSIT_EQUITY":9.184484273767,"DEPOSIT_ASSETS":67.013010723698,"EQUITY_MULTIPLIER":13.705524008804,"EQUITY_RATIO":13.297967468416},{"SECUCODE":"01216.HK","SECURITY_CODE":"01216","SECURITY_NAME_ABBR":"中原银行","ORG_CODE":"10436677","STD_REPORT_DATE":"2021-12-31 00:00:00","REPORT_DATE":"2021-12-31 00:00:00","DATE_TYPE_CODE":"001","REPORT_TYPE":"2021年年报","PER_NETCASH_OPERATE":-1.828567920299,"PER_OI":0.960539576588,"BPS":1.411151855526,"BASIC_EPS":0.15,"DILUTED_EPS":0.15,"OPERATE_INCOME":19282832000,"OPERATE_INCOME_YOY":-0.7461424719,"GROSS_PROFIT":null,"GROSS_PROFIT_YOY":null,"HOLDER_PROFIT":3565013000,"HOLDER_PROFIT_YOY":8.0037942064,"GROSS_PROFIT_RATIO":null,"EPS_TTM":0.177584707347,"OPERATE_INCOME_QOQ":3.9285753361,"NET_PROFIT_RATIO":18.8419055873,"ROE_AVG":5.967962986644,"GROSS_PROFIT_QOQ":null,"ROA":0.467323331549,"HOLDER_PROFIT_QOQ":4.598564496296,"ROE_YEARLY":5.967962986644,"ROIC_YEARLY":0.511305526341,"TOTAL_ASSETS":768233348000,"TOTAL_LIABILITIES":705853716000,"TAX_EBT":20.988258668124,"OCF_SALES":-190.368826529215,"TOTAL_PARENT_EQUITY":61210142000,"DEBT_ASSET_RATIO":91.8801192161,"OPERATE_PROFIT":4499106000,"PRETAX_PROFIT":4598371000,"NETCASH_OPERATE":-36708501000,"NETCASH_INVEST":19203213000,"NETCASH_FINANCE":17428483000,"END_CASH":71891805000,"DIVI_RATIO":null,"DIVIDEND_RATE":null,"CURRENT_RATIO":null,"COMMON_ACS":null,"CURRENTDEBT_DEBT":null,"ISSUED_COMMON_SHARES":36549823322,"HK_COMMON_SHARES":6945000000,"PER_SHARES":1000,"TOTAL_MARKET_CAP":11330445229.82,"HKSK_MARKET_CAP":2152950000,"PE_TTM":3.122711240376,"PB_TTM":0.127793272956,"REPORT_DATE_SQ":"2020-12-31 00:00:00","REPORT_TYPE_SQ":"2020年年报","OPERATE_INCOME_SQ":19427791000,"DPS_HKD":null,"OPERATE_INCOME_QOQ_SQ":-2.646868109842,"NET_PROFIT_RATIO_SQ":17.2677068638,"HOLDER_PROFIT_SQ":3300822000,"HOLDER_PROFIT_QOQ_SQ":7.82278348697,"ROE_AVG_SQ":5.740246682362,"PE_TTM_SQ":3.165746768649,"PB_TTM_SQ":0.142807232067,"ROA_SQ":0.449897111358,"START_DATE":"2021-01-01 00:00:00","FISCAL_YEAR":"12-31","CURRENCY":"HKD","IS_CNY_CODE":0,"DPS_HKD_LY":null,"ORG_TYPE":"银行","PREMIUM_INCOME":null,"PREMIUM_INCOME_YOY":null,"NET_INTEREST_INCOME":16692969000,"NET_INTEREST_INCOME_YOY":0.772575078817,"FEE_COMMISSION_INCOME":1932480000,"FEE_COMMISSION_INCOME_YOY":null,"ACCOUNTS_RECE_TDAYS":null,"INVENTORY_TDAYS":null,"CURRENT_ASSETS_TDAYS":null,"TOTAL_ASSETS_TDAYS":0.02527709518,"PREMIUM_EXPENSE":null,"LOAN_DEPOSIT":90.515166305704,"LOAN_EQUITY":6.612263118192,"LOAN_ASSETS":53.690788231703,"DEPOSIT_EQUITY":7.305143864908,"DEPOSIT_ASSETS":59.316897292514,"EQUITY_MULTIPLIER":12.315451748784,"EQUITY_RATIO":11.531646438592},{"SECUCODE":"01216.HK","SECURITY_CODE":"01216","SECURITY_NAME_ABBR":"中原银行","ORG_CODE":"10436677","STD_REPORT_DATE":"2021-06-30 00:00:00","REPORT_DATE":"2021-06-30 00:00:00","DATE_TYPE_CODE":"002","REPORT_TYPE":"2021年中报","PER_NETCASH_OPERATE":-2.456578132005,"PER_OI":0.48407486924,"BPS":1.38490368487,"BASIC_EPS":0.1,"DILUTED_EPS":0.1,"OPERATE_INCOME":9717803000,"OPERATE_INCOME_YOY":-8.2504859717,"GROSS_PROFIT":null,"GROSS_PROFIT_YOY":null,"HOLDER_PROFIT":2079477000,"HOLDER_PROFIT_YOY":5.4491896119,"GROSS_PROFIT_RATIO":null,"EPS_TTM":0.169777384807,"OPERATE_INCOME_QOQ":-4.498010092861,"NET_PROFIT_RATIO":21.7294793895,"ROE_AVG":3.509300973941,"GROSS_PROFIT_QOQ":null,"ROA":0.27533916828,"HOLDER_PROFIT_QOQ":3.255522412296,"ROE_YEARLY":7.018601947882,"ROIC_YEARLY":0.600104432745,"TOTAL_ASSETS":753001498000,"TOTAL_LIABILITIES":691625984000,"TAX_EBT":12.447534934903,"OCF_SALES":-507.478964123887,"TOTAL_PARENT_EQUITY":60250776000,"DEBT_ASSET_RATIO":91.849217543,"OPERATE_PROFIT":2310367000,"PRETAX_PROFIT":2411843000,"NETCASH_OPERATE":-49315806000,"NETCASH_INVEST":10897961000,"NETCASH_FINANCE":2463264000,"END_CASH":36100617000,"DIVI_RATIO":null,"DIVIDEND_RATE":null,"CURRENT_RATIO":null,"COMMON_ACS":null,"CURRENTDEBT_DEBT":null,"ISSUED_COMMON_SHARES":36549823322,"HK_COMMON_SHARES":6945000000,"PER_SHARES":1000,"TOTAL_MARKET_CAP":11330445229.82,"HKSK_MARKET_CAP":2152950000,"PE_TTM":3.122711240376,"PB_TTM":0.127793272956,"REPORT_DATE_SQ":"2020-06-30 00:00:00","REPORT_TYPE_SQ":"2020年中报","OPERATE_INCOME_SQ":10591667000,"DPS_HKD":null,"OPERATE_INCOME_QOQ_SQ":4.91095895272,"NET_PROFIT_RATIO_SQ":19.1278388945,"HOLDER_PROFIT_SQ":1972018000,"HOLDER_PROFIT_QOQ_SQ":-3.240009241908,"ROE_AVG_SQ":3.44452407068,"PE_TTM_SQ":3.165746768649,"PB_TTM_SQ":0.142807232067,"ROA_SQ":0.275096318021,"START_DATE":"2021-01-01 00:00:00","FISCAL_YEAR":"12-31","CURRENCY":"HKD","IS_CNY_CODE":0,"DPS_HKD_LY":null,"ORG_TYPE":"银行","PREMIUM_INCOME":null,"PREMIUM_INCOME_YOY":null,"NET_INTEREST_INCOME":8448591000,"NET_INTEREST_INCOME_YOY":1.635546566828,"FEE_COMMISSION_INCOME":1119773000,"FEE_COMMISSION_INCOME_YOY":null,"ACCOUNTS_RECE_TDAYS":null,"INVENTORY_TDAYS":null,"CURRENT_ASSETS_TDAYS":null,"TOTAL_ASSETS_TDAYS":0.012867138206,"PREMIUM_EXPENSE":null,"LOAN_DEPOSIT":88.270081561192,"LOAN_EQUITY":6.543748407549,"LOAN_ASSETS":53.336669723332,"DEPOSIT_EQUITY":7.413325434635,"DEPOSIT_ASSETS":60.424402900723,"EQUITY_MULTIPLIER":12.268760763467,"EQUITY_RATIO":11.479121596708},{"SECUCODE":"01216.HK","SECURITY_CODE":"01216","SECURITY_NAME_ABBR":"中原银行","ORG_CODE":"10436677","STD_REPORT_DATE":"2020-12-31 00:00:00","REPORT_DATE":"2020-12-31 00:00:00","DATE_TYPE_CODE":"001","REPORT_TYPE":"2020年年报","PER_NETCASH_OPERATE":-0.185480398506,"PER_OI":0.967760448319,"BPS":1.330478469666,"BASIC_EPS":0.14,"DILUTED_EPS":0.14,"OPERATE_INCOME":19427791000,"OPERATE_INCOME_YOY":2.1341042365,"GROSS_PROFIT":null,"GROSS_PROFIT_YOY":null,"HOLDER_PROFIT":3300822000,"HOLDER_PROFIT_YOY":4.3293153371,"GROSS_PROFIT_RATIO":null,"EPS_TTM":0.164424508095,"OPERATE_INCOME_QOQ":-2.646868109842,"NET_PROFIT_RATIO":17.2677068638,"ROE_AVG":5.740246682362,"GROSS_PROFIT_QOQ":null,"ROA":0.449897111358,"HOLDER_PROFIT_QOQ":7.82278348697,"ROE_YEARLY":5.740246682362,"ROIC_YEARLY":0.49721190823,"TOTAL_ASSETS":757482472000,"TOTAL_LIABILITIES":698127211000,"TAX_EBT":24.594960790766,"OCF_SALES":-19.165941202476,"TOTAL_PARENT_EQUITY":58261544000,"DEBT_ASSET_RATIO":92.1641406641,"OPERATE_PROFIT":4460552000,"PRETAX_PROFIT":4448952000,"NETCASH_OPERATE":-3723519000,"NETCASH_INVEST":9064166000,"NETCASH_FINANCE":-7986295000,"END_CASH":72151316000,"DIVI_RATIO":null,"DIVIDEND_RATE":null,"CURRENT_RATIO":null,"COMMON_ACS":null,"CURRENTDEBT_DEBT":null,"ISSUED_COMMON_SHARES":36549823322,"HK_COMMON_SHARES":6945000000,"PER_SHARES":1000,"TOTAL_MARKET_CAP":11330445229.82,"HKSK_MARKET_CAP":2152950000,"PE_TTM":3.122711240376,"PB_TTM":0.127793272956,"REPORT_DATE_SQ":"2019-12-31 00:00:00","REPORT_TYPE_SQ":"2019年年报","OPERATE_INCOME_SQ":19021845000,"DPS_HKD":null,"OPERATE_INCOME_QOQ_SQ":0.862224747598,"NET_PROFIT_RATIO_SQ":16.854227337,"HOLDER_PROFIT_SQ":3163849000,"HOLDER_PROFIT_QOQ_SQ":19.953631386585,"ROE_AVG_SQ":5.669869175592,"PE_TTM_SQ":3.165746768649,"PB_TTM_SQ":0.142807232067,"ROA_SQ":0.475648999801,"START_DATE":"2020-01-01 00:00:00","FISCAL_YEAR":"12-31","CURRENCY":"HKD","IS_CNY_CODE":0,"DPS_HKD_LY":0.049168,"ORG_TYPE":"银行","PREMIUM_INCOME":null,"PREMIUM_INCOME_YOY":null,"NET_INTEREST_INCOME":16564992000,"NET_INTEREST_INCOME_YOY":5.45750658863,"FEE_COMMISSION_INCOME":1786407000,"FEE_COMMISSION_INCOME_YOY":null,"ACCOUNTS_RECE_TDAYS":null,"INVENTORY_TDAYS":null,"CURRENT_ASSETS_TDAYS":null,"TOTAL_ASSETS_TDAYS":0.026479789128,"PREMIUM_EXPENSE":null,"LOAN_DEPOSIT":86.459877216111,"LOAN_EQUITY":6.283137766002,"LOAN_ASSETS":49.233783722457,"DEPOSIT_EQUITY":7.267113912615,"DEPOSIT_ASSETS":56.944082397196,"EQUITY_MULTIPLIER":12.761842155825,"EQUITY_RATIO":11.982641774821},{"SECUCODE":"01216.HK","SECURITY_CODE":"01216","SECURITY_NAME_ABBR":"中原银行","ORG_CODE":"10436677","STD_REPORT_DATE":"2020-06-30 00:00:00","REPORT_DATE":"2020-06-30 00:00:00","DATE_TYPE_CODE":"002","REPORT_TYPE":"2020年中报","PER_NETCASH_OPERATE":-0.70435113325,"PER_OI":0.52760483188,"BPS":1.316671207301,"BASIC_EPS":0.1,"DILUTED_EPS":0.1,"OPERATE_INCOME":10591667000,"OPERATE_INCOME_YOY":9.6728329201,"GROSS_PROFIT":null,"GROSS_PROFIT_YOY":null,"HOLDER_PROFIT":1972018000,"HOLDER_PROFIT_YOY":-4.9413191537,"GROSS_PROFIT_RATIO":null,"EPS_TTM":0.152495143213,"OPERATE_INCOME_QOQ":4.91095895272,"NET_PROFIT_RATIO":19.1278388945,"ROE_AVG":3.44452407068,"GROSS_PROFIT_QOQ":null,"ROA":0.275096318021,"HOLDER_PROFIT_QOQ":-3.240009241908,"ROE_YEARLY":6.889048141361,"ROIC_YEARLY":0.601479928924,"TOTAL_ASSETS":723807733000,"TOTAL_LIABILITIES":664936215000,"TAX_EBT":15.106324671145,"OCF_SALES":-133.499750322588,"TOTAL_PARENT_EQUITY":57756891000,"DEBT_ASSET_RATIO":91.8664148895,"OPERATE_PROFIT":2401535000,"PRETAX_PROFIT":2386464000,"NETCASH_OPERATE":-14139849000,"NETCASH_INVEST":3018634000,"NETCASH_FINANCE":-9279957000,"END_CASH":55146095000,"DIVI_RATIO":null,"DIVIDEND_RATE":null,"CURRENT_RATIO":null,"COMMON_ACS":null,"CURRENTDEBT_DEBT":null,"ISSUED_COMMON_SHARES":36549823322,"HK_COMMON_SHARES":6945000000,"PER_SHARES":1000,"TOTAL_MARKET_CAP":11330445229.82,"HKSK_MARKET_CAP":2152950000,"PE_TTM":3.122711240376,"PB_TTM":0.127793272956,"REPORT_DATE_SQ":"2019-06-30 00:00:00","REPORT_TYPE_SQ":"2019年中报","OPERATE_INCOME_SQ":9657512000,"DPS_HKD":null,"OPERATE_INCOME_QOQ_SQ":12.366981835255,"NET_PROFIT_RATIO_SQ":21.5247674556,"HOLDER_PROFIT_SQ":2074527000,"HOLDER_PROFIT_QOQ_SQ":9.234913293266,"ROE_AVG_SQ":3.739667747509,"PE_TTM_SQ":3.165746768649,"PB_TTM_SQ":0.142807232067,"ROA_SQ":0.326063166849,"START_DATE":"2020-01-01 00:00:00","FISCAL_YEAR":"12-31","CURRENCY":"HKD","IS_CNY_CODE":0,"DPS_HKD_LY":0.049168,"ORG_TYPE":"银行","PREMIUM_INCOME":null,"PREMIUM_INCOME_YOY":null,"NET_INTEREST_INCOME":8312634000,"NET_INTEREST_INCOME_YOY":9.496315845906,"FEE_COMMISSION_INCOME":1066431000,"FEE_COMMISSION_INCOME_YOY":null,"ACCOUNTS_RECE_TDAYS":null,"INVENTORY_TDAYS":null,"CURRENT_ASSETS_TDAYS":null,"TOTAL_ASSETS_TDAYS":0.0147753651,"PREMIUM_EXPENSE":null,"LOAN_DEPOSIT":82.706804108416,"LOAN_EQUITY":5.952722384363,"LOAN_ASSETS":48.416974152444,"DEPOSIT_EQUITY":7.197379282797,"DEPOSIT_ASSETS":58.540496969241,"EQUITY_MULTIPLIER":12.294701369868,"EQUITY_RATIO":11.512673266987}],"count":18},"success":true,"message":"ok","code":0}