{"version":"fe469ddc5793a52fac7767e831b909bd","result":{"pages":9,"data":[{"SECUCODE":"01211.HK","SECURITY_CODE":"01211","SECURITY_NAME_ABBR":"比亚迪股份","ORG_CODE":"10010554","STD_REPORT_DATE":"2024-09-30 00:00:00","REPORT_DATE":"2024-09-30 00:00:00","DATE_TYPE_CODE":"004","REPORT_TYPE":"2024年三季报","PER_NETCASH_OPERATE":19.342788801266,"PER_OI":172.638506424845,"BPS":53.436984018774,"BASIC_EPS":8.68,"DILUTED_EPS":8.68,"OPERATE_INCOME":502251312000,"OPERATE_INCOME_YOY":18.9394363109,"GROSS_PROFIT":104297749000,"GROSS_PROFIT_YOY":24.835469464328,"HOLDER_PROFIT":25238115000,"HOLDER_PROFIT_YOY":18.1178351783,"GROSS_PROFIT_RATIO":20.766048093469,"EPS_TTM":11.656559314343,"OPERATE_INCOME_QOQ":6.058264902316,"NET_PROFIT_RATIO":5.2259789816,"ROE_AVG":17.15288965303,"GROSS_PROFIT_QOQ":6.070239161633,"ROA":3.496050617036,"HOLDER_PROFIT_QOQ":3.649702947219,"ROE_YEARLY":22.870519537374,"ROIC_YEARLY":4.05952940267,"TOTAL_ASSETS":764259515000,"TOTAL_LIABILITIES":595456788000,"TAX_EBT":16.194254514016,"OCF_SALES":11.204214634287,"TOTAL_PARENT_EQUITY":155462393000,"DEBT_ASSET_RATIO":77.9129047546,"OPERATE_PROFIT":32346637000,"PRETAX_PROFIT":31319509000,"NETCASH_OPERATE":56273315000,"NETCASH_INVEST":-86650548000,"NETCASH_FINANCE":-11961453000,"END_CASH":65809661000,"DIVI_RATIO":0.264800855601,"DIVIDEND_RATE":0.925065181966,"CURRENT_RATIO":0.707097170796,"COMMON_ACS":null,"CURRENTDEBT_DEBT":85.999838329159,"ISSUED_COMMON_SHARES":2909265855,"HK_COMMON_SHARES":1098000000,"PER_SHARES":500,"TOTAL_MARKET_CAP":1071191687811,"HKSK_MARKET_CAP":404283600000,"PE_TTM":28.299926086828,"PB_TTM":6.213656779045,"REPORT_DATE_SQ":"2023-09-30 00:00:00","REPORT_TYPE_SQ":"2023年三季报","OPERATE_INCOME_SQ":422274838000,"DPS_HKD":3.40609,"OPERATE_INCOME_QOQ_SQ":8.446776298446,"NET_PROFIT_RATIO_SQ":5.2871791049,"HOLDER_PROFIT_SQ":21366896000,"HOLDER_PROFIT_QOQ_SQ":19.584260478804,"ROE_AVG_SQ":17.740327066984,"PE_TTM_SQ":16.786130556168,"PB_TTM_SQ":3.748162192656,"ROA_SQ":3.82527109917,"START_DATE":"2024-01-01 00:00:00","FISCAL_YEAR":"12-31","CURRENCY":"HKD","IS_CNY_CODE":0,"DPS_HKD_LY":3.40609,"ORG_TYPE":"一般企业","PREMIUM_INCOME":null,"PREMIUM_INCOME_YOY":null,"NET_INTEREST_INCOME":null,"NET_INTEREST_INCOME_YOY":null,"FEE_COMMISSION_INCOME":null,"FEE_COMMISSION_INCOME_YOY":null,"ACCOUNTS_RECE_TDAYS":5.479123880726,"INVENTORY_TDAYS":3.75365217796,"CURRENT_ASSETS_TDAYS":1.512303723174,"TOTAL_ASSETS_TDAYS":0.695731836242,"PREMIUM_EXPENSE":null,"LOAN_DEPOSIT":null,"LOAN_EQUITY":null,"LOAN_ASSETS":null,"DEPOSIT_EQUITY":null,"DEPOSIT_ASSETS":null,"EQUITY_MULTIPLIER":4.527530618623,"EQUITY_RATIO":3.830230427496},{"SECUCODE":"01211.HK","SECURITY_CODE":"01211","SECURITY_NAME_ABBR":"比亚迪股份","ORG_CODE":"10010554","STD_REPORT_DATE":"2024-06-30 00:00:00","REPORT_DATE":"2024-06-30 00:00:00","DATE_TYPE_CODE":"002","REPORT_TYPE":"2024年中报","PER_NETCASH_OPERATE":4.873500981573,"PER_OI":103.506082980512,"BPS":49.080149809822,"BASIC_EPS":4.68,"DILUTED_EPS":4.68,"OPERATE_INCOME":301126713000,"OPERATE_INCOME_YOY":15.7626929693,"GROSS_PROFIT":60266731000,"GROSS_PROFIT_YOY":26.417999929393,"HOLDER_PROFIT":13631257000,"HOLDER_PROFIT_YOY":24.439260207,"GROSS_PROFIT_RATIO":20.013744512929,"EPS_TTM":11.24610971657,"OPERATE_INCOME_QOQ":5.968144952371,"NET_PROFIT_RATIO":4.6868030602,"ROE_AVG":9.681384374505,"GROSS_PROFIT_QOQ":5.265293656985,"ROA":1.996095043377,"HOLDER_PROFIT_QOQ":7.343883557827,"ROE_YEARLY":19.362768749011,"ROIC_YEARLY":4.620104374582,"TOTAL_ASSETS":686244710000,"TOTAL_LIABILITIES":531633632000,"TAX_EBT":18.080433300453,"OCF_SALES":4.708419873729,"TOTAL_PARENT_EQUITY":142787204000,"DEBT_ASSET_RATIO":77.4699788943,"OPERATE_PROFIT":17297144000,"PRETAX_PROFIT":17228138000,"NETCASH_OPERATE":14178310000,"NETCASH_INVEST":-55874075000,"NETCASH_FINANCE":-12358424000,"END_CASH":54226572000,"DIVI_RATIO":0.274465300232,"DIVIDEND_RATE":1.245826627652,"CURRENT_RATIO":0.65916367532,"COMMON_ACS":null,"CURRENTDEBT_DEBT":85.160677532154,"ISSUED_COMMON_SHARES":2909265855,"HK_COMMON_SHARES":1098000000,"PER_SHARES":500,"TOTAL_MARKET_CAP":795393284757,"HKSK_MARKET_CAP":300193200000,"PE_TTM":21.013579011784,"PB_TTM":4.613834229742,"REPORT_DATE_SQ":"2023-06-30 00:00:00","REPORT_TYPE_SQ":"2023年中报","OPERATE_INCOME_SQ":260124143000,"DPS_HKD":3.40609,"OPERATE_INCOME_QOQ_SQ":11.765270695807,"NET_PROFIT_RATIO_SQ":4.3977920958,"HOLDER_PROFIT_SQ":10954145000,"HOLDER_PROFIT_QOQ_SQ":20.242630114776,"ROE_AVG_SQ":9.496653633446,"PE_TTM_SQ":19.107812718711,"PB_TTM_SQ":4.266568818643,"ROA_SQ":2.019208302518,"START_DATE":"2024-01-01 00:00:00","FISCAL_YEAR":"12-31","CURRENCY":"HKD","IS_CNY_CODE":0,"DPS_HKD_LY":3.40609,"ORG_TYPE":"一般企业","PREMIUM_INCOME":null,"PREMIUM_INCOME_YOY":null,"NET_INTEREST_INCOME":null,"NET_INTEREST_INCOME_YOY":null,"FEE_COMMISSION_INCOME":null,"FEE_COMMISSION_INCOME_YOY":null,"ACCOUNTS_RECE_TDAYS":3.708751747122,"INVENTORY_TDAYS":2.403435306197,"CURRENT_ASSETS_TDAYS":1.002831340184,"TOTAL_ASSETS_TDAYS":0.440955327339,"PREMIUM_EXPENSE":null,"LOAN_DEPOSIT":null,"LOAN_EQUITY":null,"LOAN_ASSETS":null,"DEPOSIT_EQUITY":null,"DEPOSIT_ASSETS":null,"EQUITY_MULTIPLIER":4.438522251304,"EQUITY_RATIO":3.723258226977},{"SECUCODE":"01211.HK","SECURITY_CODE":"01211","SECURITY_NAME_ABBR":"比亚迪股份","ORG_CODE":"10010554","STD_REPORT_DATE":"2024-03-31 00:00:00","REPORT_DATE":"2024-03-31 00:00:00","DATE_TYPE_CODE":"003","REPORT_TYPE":"2024年一季报","PER_NETCASH_OPERATE":3.513391306934,"PER_OI":42.919363021091,"BPS":49.184314233118,"BASIC_EPS":1.57,"DILUTED_EPS":1.57,"OPERATE_INCOME":124944397000,"OPERATE_INCOME_YOY":3.969914093,"GROSS_PROFIT":27341010000,"GROSS_PROFIT_YOY":27.362898601683,"HOLDER_PROFIT":4568793000,"HOLDER_PROFIT_YOY":10.622840378,"GROSS_PROFIT_RATIO":21.882541879809,"EPS_TTM":10.469957167389,"OPERATE_INCOME_QOQ":0.792074943519,"NET_PROFIT_RATIO":3.8184017167,"ROE_AVG":3.241424589986,"GROSS_PROFIT_QOQ":4.824360658546,"ROA":0.673202339074,"HOLDER_PROFIT_QOQ":1.460446590473,"ROE_YEARLY":12.965698359943,"ROIC_YEARLY":3.211998565288,"TOTAL_ASSETS":677783621000,"TOTAL_LIABILITIES":522836586000,"TAX_EBT":16.554584148467,"OCF_SALES":8.18602854196,"TOTAL_PARENT_EQUITY":143090246000,"DEBT_ASSET_RATIO":77.1391591359,"OPERATE_PROFIT":5523404000,"PRETAX_PROFIT":5717365000,"NETCASH_OPERATE":10227984000,"NETCASH_INVEST":-27269598000,"NETCASH_FINANCE":-5183543000,"END_CASH":86178748000,"DIVI_RATIO":0.294811796309,"DIVIDEND_RATE":1.245826627652,"CURRENT_RATIO":0.659550787321,"COMMON_ACS":null,"CURRENTDEBT_DEBT":84.936806239493,"ISSUED_COMMON_SHARES":2909265855,"HK_COMMON_SHARES":1098000000,"PER_SHARES":500,"TOTAL_MARKET_CAP":795393284757,"HKSK_MARKET_CAP":300193200000,"PE_TTM":21.013579011784,"PB_TTM":4.613834229742,"REPORT_DATE_SQ":"2023-03-31 00:00:00","REPORT_TYPE_SQ":"2023年一季报","OPERATE_INCOME_SQ":120173608000,"DPS_HKD":3.40609,"OPERATE_INCOME_QOQ_SQ":12.580376153047,"NET_PROFIT_RATIO_SQ":3.6364015966,"HOLDER_PROFIT_SQ":4130063000,"HOLDER_PROFIT_QOQ_SQ":19.982947156761,"ROE_AVG_SQ":3.645150746793,"PE_TTM_SQ":19.107812718711,"PB_TTM_SQ":4.266568818643,"ROA_SQ":0.793507663904,"START_DATE":"2024-01-01 00:00:00","FISCAL_YEAR":"12-31","CURRENCY":"HKD","IS_CNY_CODE":0,"DPS_HKD_LY":3.40609,"ORG_TYPE":"一般企业","PREMIUM_INCOME":null,"PREMIUM_INCOME_YOY":null,"NET_INTEREST_INCOME":null,"NET_INTEREST_INCOME_YOY":null,"FEE_COMMISSION_INCOME":null,"FEE_COMMISSION_INCOME_YOY":null,"ACCOUNTS_RECE_TDAYS":1.652288166001,"INVENTORY_TDAYS":1.046934167728,"CURRENT_ASSETS_TDAYS":0.419970423614,"TOTAL_ASSETS_TDAYS":0.184103023084,"PREMIUM_EXPENSE":null,"LOAN_DEPOSIT":null,"LOAN_EQUITY":null,"LOAN_ASSETS":null,"DEPOSIT_EQUITY":null,"DEPOSIT_ASSETS":null,"EQUITY_MULTIPLIER":4.374292292854,"EQUITY_RATIO":3.653893962835},{"SECUCODE":"01211.HK","SECURITY_CODE":"01211","SECURITY_NAME_ABBR":"比亚迪股份","ORG_CODE":"10010554","STD_REPORT_DATE":"2023-12-31 00:00:00","REPORT_DATE":"2023-12-31 00:00:00","DATE_TYPE_CODE":"001","REPORT_TYPE":"2023年年报","PER_NETCASH_OPERATE":58.301853757706,"PER_OI":206.89996472193,"BPS":47.713090490316,"BASIC_EPS":10.32,"DILUTED_EPS":10.32,"OPERATE_INCOME":602315354000,"OPERATE_INCOME_YOY":42.0351959809,"GROSS_PROFIT":121757004000,"GROSS_PROFIT_YOY":68.533573036346,"HOLDER_PROFIT":30040811000,"HOLDER_PROFIT_YOY":80.7243493858,"GROSS_PROFIT_RATIO":20.214826534208,"EPS_TTM":10.319250032132,"OPERATE_INCOME_QOQ":4.09017974611,"NET_PROFIT_RATIO":5.2039300994,"ROE_AVG":24.048100762857,"GROSS_PROFIT_QOQ":7.509592041212,"ROA":5.120265570029,"HOLDER_PROFIT_QOQ":4.752562402022,"ROE_YEARLY":24.048100762857,"ROIC_YEARLY":6.063766581793,"TOTAL_ASSETS":679547670000,"TOTAL_LIABILITIES":529085557000,"TAX_EBT":15.896924269058,"OCF_SALES":28.17876447493,"TOTAL_PARENT_EQUITY":138810065000,"DEBT_ASSET_RATIO":77.8584903396,"OPERATE_PROFIT":35793743000,"PRETAX_PROFIT":37268637000,"NETCASH_OPERATE":169725025000,"NETCASH_INVEST":-125663644000,"NETCASH_FINANCE":12817127000,"END_CASH":108511745000,"DIVI_RATIO":0.299117365137,"DIVIDEND_RATE":1.319167312161,"CURRENT_RATIO":0.665954687247,"COMMON_ACS":null,"CURRENTDEBT_DEBT":85.745427180504,"ISSUED_COMMON_SHARES":2909265855,"HK_COMMON_SHARES":1098000000,"PER_SHARES":500,"TOTAL_MARKET_CAP":751172443761,"HKSK_MARKET_CAP":283503600000,"PE_TTM":19.845303953338,"PB_TTM":4.357322597364,"REPORT_DATE_SQ":"2022-12-31 00:00:00","REPORT_TYPE_SQ":"2022年年报","OPERATE_INCOME_SQ":424060635000,"DPS_HKD":3.40609,"OPERATE_INCOME_QOQ_SQ":27.042082097912,"NET_PROFIT_RATIO_SQ":4.1770215243,"HOLDER_PROFIT_SQ":16622448000,"HOLDER_PROFIT_QOQ_SQ":67.674140314921,"ROE_AVG_SQ":16.130549318126,"PE_TTM_SQ":19.402629501256,"PB_TTM_SQ":4.332398231467,"ROA_SQ":4.210128997224,"START_DATE":"2023-01-01 00:00:00","FISCAL_YEAR":"12-31","CURRENCY":"HKD","IS_CNY_CODE":0,"DPS_HKD_LY":1.26019,"ORG_TYPE":"一般企业","PREMIUM_INCOME":null,"PREMIUM_INCOME_YOY":null,"NET_INTEREST_INCOME":null,"NET_INTEREST_INCOME_YOY":null,"FEE_COMMISSION_INCOME":null,"FEE_COMMISSION_INCOME_YOY":null,"ACCOUNTS_RECE_TDAYS":9.432205772128,"INVENTORY_TDAYS":5.762645130349,"CURRENT_ASSETS_TDAYS":2.218779412042,"TOTAL_ASSETS_TDAYS":1.026608292761,"PREMIUM_EXPENSE":null,"LOAN_DEPOSIT":null,"LOAN_EQUITY":null,"LOAN_ASSETS":null,"DEPOSIT_EQUITY":null,"DEPOSIT_ASSETS":null,"EQUITY_MULTIPLIER":4.516403873709,"EQUITY_RATIO":3.811579203569},{"SECUCODE":"01211.HK","SECURITY_CODE":"01211","SECURITY_NAME_ABBR":"比亚迪股份","ORG_CODE":"10010554","STD_REPORT_DATE":"2023-09-30 00:00:00","REPORT_DATE":"2023-09-30 00:00:00","DATE_TYPE_CODE":"004","REPORT_TYPE":"2023年三季报","PER_NETCASH_OPERATE":33.615762906283,"PER_OI":145.054660328581,"BPS":44.635222929807,"BASIC_EPS":7.35,"DILUTED_EPS":7.35,"OPERATE_INCOME":422274838000,"OPERATE_INCOME_YOY":57.7489761797,"GROSS_PROFIT":83548169000,"GROSS_PROFIT_YOY":96.394925824324,"HOLDER_PROFIT":21366896000,"HOLDER_PROFIT_YOY":129.4686326011,"GROSS_PROFIT_RATIO":19.7852586708,"EPS_TTM":9.851071702216,"OPERATE_INCOME_QOQ":8.446776298446,"NET_PROFIT_RATIO":5.2871791049,"ROE_AVG":17.740327066984,"GROSS_PROFIT_QOQ":13.734723090461,"ROA":3.82527109917,"HOLDER_PROFIT_QOQ":19.584260478804,"ROE_YEARLY":23.653769422646,"ROIC_YEARLY":4.323788253987,"TOTAL_ASSETS":623283496000,"TOTAL_LIABILITIES":482216639000,"TAX_EBT":14.34459967148,"OCF_SALES":23.174548704699,"TOTAL_PARENT_EQUITY":129855730000,"DEBT_ASSET_RATIO":77.367143859,"OPERATE_PROFIT":24793395000,"PRETAX_PROFIT":26065405000,"NETCASH_OPERATE":97860288000,"NETCASH_INVEST":-94403483000,"NETCASH_FINANCE":256219000,"END_CASH":55265993000,"DIVI_RATIO":0.31333310457,"DIVIDEND_RATE":1.245826627652,"CURRENT_RATIO":0.656208718936,"COMMON_ACS":null,"CURRENTDEBT_DEBT":86.947784893835,"ISSUED_COMMON_SHARES":2909265855,"HK_COMMON_SHARES":1098000000,"PER_SHARES":500,"TOTAL_MARKET_CAP":795393284757,"HKSK_MARKET_CAP":300193200000,"PE_TTM":21.013579011784,"PB_TTM":4.613834229742,"REPORT_DATE_SQ":"2022-09-30 00:00:00","REPORT_TYPE_SQ":"2022年三季报","OPERATE_INCOME_SQ":267687847000,"DPS_HKD":3.40609,"OPERATE_INCOME_QOQ_SQ":23.161843050468,"NET_PROFIT_RATIO_SQ":3.7313460854,"HOLDER_PROFIT_SQ":9311467000,"HOLDER_PROFIT_QOQ_SQ":81.337691443188,"ROE_AVG_SQ":9.425355598144,"PE_TTM_SQ":19.107812718711,"PB_TTM_SQ":4.266568818643,"ROA_SQ":2.57931444615,"START_DATE":"2023-01-01 00:00:00","FISCAL_YEAR":"12-31","CURRENCY":"HKD","IS_CNY_CODE":0,"DPS_HKD_LY":1.26019,"ORG_TYPE":"一般企业","PREMIUM_INCOME":null,"PREMIUM_INCOME_YOY":null,"NET_INTEREST_INCOME":null,"NET_INTEREST_INCOME_YOY":null,"FEE_COMMISSION_INCOME":null,"FEE_COMMISSION_INCOME_YOY":null,"ACCOUNTS_RECE_TDAYS":6.138748191774,"INVENTORY_TDAYS":3.942835057469,"CURRENT_ASSETS_TDAYS":1.636925545515,"TOTAL_ASSETS_TDAYS":0.755989889083,"PREMIUM_EXPENSE":null,"LOAN_DEPOSIT":null,"LOAN_EQUITY":null,"LOAN_ASSETS":null,"DEPOSIT_EQUITY":null,"DEPOSIT_ASSETS":null,"EQUITY_MULTIPLIER":4.418355305093,"EQUITY_RATIO":3.713479867234},{"SECUCODE":"01211.HK","SECURITY_CODE":"01211","SECURITY_NAME_ABBR":"比亚迪股份","ORG_CODE":"10010554","STD_REPORT_DATE":"2023-06-30 00:00:00","REPORT_DATE":"2023-06-30 00:00:00","DATE_TYPE_CODE":"002","REPORT_TYPE":"2023年中报","PER_NETCASH_OPERATE":28.157730857904,"PER_OI":89.354647283361,"BPS":41.13255644696,"BASIC_EPS":3.77,"DILUTED_EPS":3.77,"OPERATE_INCOME":260124143000,"OPERATE_INCOME_YOY":72.7168775379,"GROSS_PROFIT":47672587000,"GROSS_PROFIT_YOY":134.35806041302,"HOLDER_PROFIT":10954145000,"HOLDER_PROFIT_YOY":204.6813613074,"GROSS_PROFIT_RATIO":18.326859802475,"EPS_TTM":8.23776612639,"OPERATE_INCOME_QOQ":11.765270695807,"NET_PROFIT_RATIO":4.3977920958,"ROE_AVG":9.496653633446,"GROSS_PROFIT_QOQ":16.565616986798,"ROA":2.019208302518,"HOLDER_PROFIT_QOQ":20.242630114776,"ROE_YEARLY":18.993307266893,"ROIC_YEARLY":4.69824765649,"TOTAL_ASSETS":591133407000,"TOTAL_LIABILITIES":460732251000,"TAX_EBT":14.62845300569,"OCF_SALES":31.512329480313,"TOTAL_PARENT_EQUITY":119665542000,"DEBT_ASSET_RATIO":77.9404861143,"OPERATE_PROFIT":12296966000,"PRETAX_PROFIT":13399920000,"NETCASH_OPERATE":81971177000,"NETCASH_INVEST":-58536271000,"NETCASH_FINANCE":4050212000,"END_CASH":79228360000,"DIVI_RATIO":0.374697075936,"DIVIDEND_RATE":1.245826627652,"CURRENT_RATIO":0.658939772888,"COMMON_ACS":null,"CURRENTDEBT_DEBT":87.619132397137,"ISSUED_COMMON_SHARES":2909265855,"HK_COMMON_SHARES":1098000000,"PER_SHARES":500,"TOTAL_MARKET_CAP":795393284757,"HKSK_MARKET_CAP":300193200000,"PE_TTM":21.013579011784,"PB_TTM":4.613834229742,"REPORT_DATE_SQ":"2022-06-30 00:00:00","REPORT_TYPE_SQ":"2022年中报","OPERATE_INCOME_SQ":150607252000,"DPS_HKD":3.40609,"OPERATE_INCOME_QOQ_SQ":14.290928352808,"NET_PROFIT_RATIO_SQ":2.6115183351,"HOLDER_PROFIT_SQ":3595279000,"HOLDER_PROFIT_QOQ_SQ":51.17624936398,"ROE_AVG_SQ":3.751359723244,"PE_TTM_SQ":19.107812718711,"PB_TTM_SQ":4.266568818643,"ROA_SQ":1.120508020791,"START_DATE":"2023-01-01 00:00:00","FISCAL_YEAR":"12-31","CURRENCY":"HKD","IS_CNY_CODE":0,"DPS_HKD_LY":1.26019,"ORG_TYPE":"一般企业","PREMIUM_INCOME":null,"PREMIUM_INCOME_YOY":null,"NET_INTEREST_INCOME":null,"NET_INTEREST_INCOME_YOY":null,"FEE_COMMISSION_INCOME":null,"FEE_COMMISSION_INCOME_YOY":null,"ACCOUNTS_RECE_TDAYS":4.608344815627,"INVENTORY_TDAYS":2.559538868566,"CURRENT_ASSETS_TDAYS":1.02651413351,"TOTAL_ASSETS_TDAYS":0.479494135992,"PREMIUM_EXPENSE":null,"LOAN_DEPOSIT":null,"LOAN_EQUITY":null,"LOAN_ASSETS":null,"DEPOSIT_EQUITY":null,"DEPOSIT_ASSETS":null,"EQUITY_MULTIPLIER":4.533191461886,"EQUITY_RATIO":3.850166416327},{"SECUCODE":"01211.HK","SECURITY_CODE":"01211","SECURITY_NAME_ABBR":"比亚迪股份","ORG_CODE":"10010554","STD_REPORT_DATE":"2023-03-31 00:00:00","REPORT_DATE":"2023-03-31 00:00:00","DATE_TYPE_CODE":"003","REPORT_TYPE":"2023年一季报","PER_NETCASH_OPERATE":4.969079059502,"PER_OI":41.28056024238,"BPS":39.727061313893,"BASIC_EPS":1.42,"DILUTED_EPS":1.42,"OPERATE_INCOME":120173608000,"OPERATE_INCOME_YOY":79.8328100401,"GROSS_PROFIT":21467013000,"GROSS_PROFIT_YOY":159.034440567035,"HOLDER_PROFIT":4130063000,"HOLDER_PROFIT_YOY":410.8884375216,"GROSS_PROFIT_RATIO":17.86333401923,"EPS_TTM":6.850953042632,"OPERATE_INCOME_QOQ":12.580376153047,"NET_PROFIT_RATIO":3.6364015966,"ROE_AVG":3.645150746793,"GROSS_PROFIT_QOQ":18.243063477581,"ROA":0.793507663904,"HOLDER_PROFIT_QOQ":19.982947156761,"ROE_YEARLY":14.580602987172,"ROIC_YEARLY":3.621511250516,"TOTAL_ASSETS":547102961000,"TOTAL_LIABILITIES":421018155000,"TAX_EBT":16.239317386073,"OCF_SALES":12.037334353813,"TOTAL_PARENT_EQUITY":115576583000,"DEBT_ASSET_RATIO":76.9540991389,"OPERATE_PROFIT":5223149000,"PRETAX_PROFIT":5217239000,"NETCASH_OPERATE":14465699000,"NETCASH_INVEST":-22697368000,"NETCASH_FINANCE":12050081000,"END_CASH":54891833000,"DIVI_RATIO":0.450545619068,"DIVIDEND_RATE":1.245826627652,"CURRENT_RATIO":0.686823219006,"COMMON_ACS":null,"CURRENTDEBT_DEBT":88.794119103961,"ISSUED_COMMON_SHARES":2909265855,"HK_COMMON_SHARES":1098000000,"PER_SHARES":500,"TOTAL_MARKET_CAP":795393284757,"HKSK_MARKET_CAP":300193200000,"PE_TTM":21.013579011784,"PB_TTM":4.613834229742,"REPORT_DATE_SQ":"2022-03-31 00:00:00","REPORT_TYPE_SQ":"2022年一季报","OPERATE_INCOME_SQ":66825185000,"DPS_HKD":3.40609,"OPERATE_INCOME_QOQ_SQ":12.225897787618,"NET_PROFIT_RATIO_SQ":1.3640216634,"HOLDER_PROFIT_SQ":808408000,"HOLDER_PROFIT_QOQ_SQ":18.75260246658,"ROE_AVG_SQ":0.84688059559,"PE_TTM_SQ":19.107812718711,"PB_TTM_SQ":4.266568818643,"ROA_SQ":0.263817522189,"START_DATE":"2023-01-01 00:00:00","FISCAL_YEAR":"12-31","CURRENCY":"HKD","IS_CNY_CODE":0,"DPS_HKD_LY":1.26019,"ORG_TYPE":"一般企业","PREMIUM_INCOME":null,"PREMIUM_INCOME_YOY":null,"NET_INTEREST_INCOME":null,"NET_INTEREST_INCOME_YOY":null,"FEE_COMMISSION_INCOME":null,"FEE_COMMISSION_INCOME_YOY":null,"ACCOUNTS_RECE_TDAYS":2.022984177707,"INVENTORY_TDAYS":1.179390518083,"CURRENT_ASSETS_TDAYS":0.483046811038,"TOTAL_ASSETS_TDAYS":0.230889163064,"PREMIUM_EXPENSE":null,"LOAN_DEPOSIT":null,"LOAN_EQUITY":null,"LOAN_ASSETS":null,"DEPOSIT_EQUITY":null,"DEPOSIT_ASSETS":null,"EQUITY_MULTIPLIER":4.339166457528,"EQUITY_RATIO":3.642763473982},{"SECUCODE":"01211.HK","SECURITY_CODE":"01211","SECURITY_NAME_ABBR":"比亚迪股份","ORG_CODE":"10010554","STD_REPORT_DATE":"2022-12-31 00:00:00","REPORT_DATE":"2022-12-31 00:00:00","DATE_TYPE_CODE":"001","REPORT_TYPE":"2022年年报","PER_NETCASH_OPERATE":48.378820282937,"PER_OI":145.668095357004,"BPS":38.164026436147,"BASIC_EPS":5.71,"DILUTED_EPS":5.71,"OPERATE_INCOME":424060635000,"OPERATE_INCOME_YOY":96.1950292075,"GROSS_PROFIT":72244955000,"GROSS_PROFIT_YOY":156.691098496463,"HOLDER_PROFIT":16622448000,"HOLDER_PROFIT_YOY":445.8595003001,"GROSS_PROFIT_RATIO":17.036468145646,"EPS_TTM":5.709938957977,"OPERATE_INCOME_QOQ":27.042082097912,"NET_PROFIT_RATIO":4.1770215243,"ROE_AVG":16.130549318126,"GROSS_PROFIT_QOQ":52.625321956288,"ROA":4.210128997224,"HOLDER_PROFIT_QOQ":67.674140314921,"ROE_YEARLY":16.130549318126,"ROIC_YEARLY":4.970719284274,"TOTAL_ASSETS":493860646000,"TOTAL_LIABILITIES":372470809000,"TAX_EBT":15.970912149772,"OCF_SALES":33.211679032646,"TOTAL_PARENT_EQUITY":111029299000,"DEBT_ASSET_RATIO":75.4202247166,"OPERATE_PROFIT":19461772000,"PRETAX_PROFIT":21079729000,"NETCASH_OPERATE":140837657000,"NETCASH_INVEST":-120595997000,"NETCASH_FINANCE":-19488683000,"END_CASH":51182457000,"DIVI_RATIO":0.540577912044,"DIVIDEND_RATE":1.245826627652,"CURRENT_RATIO":0.722386188866,"COMMON_ACS":null,"CURRENTDEBT_DEBT":89.495486074454,"ISSUED_COMMON_SHARES":2909265855,"HK_COMMON_SHARES":1098000000,"PER_SHARES":500,"TOTAL_MARKET_CAP":795393284757,"HKSK_MARKET_CAP":300193200000,"PE_TTM":21.013579011784,"PB_TTM":4.613834229742,"REPORT_DATE_SQ":"2021-12-31 00:00:00","REPORT_TYPE_SQ":"2021年年报","OPERATE_INCOME_SQ":216142395000,"DPS_HKD":3.40609,"OPERATE_INCOME_QOQ_SQ":9.120588982455,"NET_PROFIT_RATIO_SQ":1.8775520774,"HOLDER_PROFIT_SQ":3045188000,"HOLDER_PROFIT_QOQ_SQ":-6.698339271691,"ROE_AVG_SQ":4.00830450993,"PE_TTM_SQ":19.107812718711,"PB_TTM_SQ":4.266568818643,"ROA_SQ":1.225927343092,"START_DATE":"2022-01-01 00:00:00","FISCAL_YEAR":"12-31","CURRENCY":"HKD","IS_CNY_CODE":0,"DPS_HKD_LY":0.12345,"ORG_TYPE":"一般企业","PREMIUM_INCOME":null,"PREMIUM_INCOME_YOY":null,"NET_INTEREST_INCOME":null,"NET_INTEREST_INCOME_YOY":null,"FEE_COMMISSION_INCOME":null,"FEE_COMMISSION_INCOME_YOY":null,"ACCOUNTS_RECE_TDAYS":8.566759244133,"INVENTORY_TDAYS":5.745712704092,"CURRENT_ASSETS_TDAYS":2.084278013586,"TOTAL_ASSETS_TDAYS":1.074059594588,"PREMIUM_EXPENSE":null,"LOAN_DEPOSIT":null,"LOAN_EQUITY":null,"LOAN_ASSETS":null,"DEPOSIT_EQUITY":null,"DEPOSIT_ASSETS":null,"EQUITY_MULTIPLIER":4.068385444823,"EQUITY_RATIO":3.354707382238},{"SECUCODE":"01211.HK","SECURITY_CODE":"01211","SECURITY_NAME_ABBR":"比亚迪股份","ORG_CODE":"10010554","STD_REPORT_DATE":"2022-09-30 00:00:00","REPORT_DATE":"2022-09-30 00:00:00","DATE_TYPE_CODE":"004","REPORT_TYPE":"2022年三季报","PER_NETCASH_OPERATE":31.271819190749,"PER_OI":91.952837882976,"BPS":35.236960494283,"BASIC_EPS":3.2,"DILUTED_EPS":3.2,"OPERATE_INCOME":267687847000,"OPERATE_INCOME_YOY":84.3677247807,"GROSS_PROFIT":42540900000,"GROSS_PROFIT_YOY":125.817508172972,"HOLDER_PROFIT":9311467000,"HOLDER_PROFIT_YOY":281.131401262,"GROSS_PROFIT_RATIO":15.891980333347,"EPS_TTM":3.405378400779,"OPERATE_INCOME_QOQ":23.161843050468,"NET_PROFIT_RATIO":3.7313460854,"ROE_AVG":9.425355598144,"GROSS_PROFIT_QOQ":46.213186301921,"ROA":2.57931444615,"HOLDER_PROFIT_QOQ":81.337691443188,"ROE_YEARLY":12.567140797525,"ROIC_YEARLY":3.062811300233,"TOTAL_ASSETS":426230852000,"TOTAL_LIABILITIES":313666624000,"TAX_EBT":17.581757014725,"OCF_SALES":34.008541672794,"TOTAL_PARENT_EQUITY":102513686000,"DEBT_ASSET_RATIO":73.590783616,"OPERATE_PROFIT":10779435000,"PRETAX_PROFIT":12119113000,"NETCASH_OPERATE":91036733000,"NETCASH_INVEST":-83657427000,"NETCASH_FINANCE":-15997988000,"END_CASH":41626179000,"DIVI_RATIO":0.906409366752,"DIVIDEND_RATE":1.245826627652,"CURRENT_RATIO":0.752052073709,"COMMON_ACS":null,"CURRENTDEBT_DEBT":91.704013111704,"ISSUED_COMMON_SHARES":2909265855,"HK_COMMON_SHARES":1098000000,"PER_SHARES":500,"TOTAL_MARKET_CAP":795393284757,"HKSK_MARKET_CAP":300193200000,"PE_TTM":21.013579011784,"PB_TTM":4.613834229742,"REPORT_DATE_SQ":"2021-09-30 00:00:00","REPORT_TYPE_SQ":"2021年三季报","OPERATE_INCOME_SQ":145192358000,"DPS_HKD":3.40609,"OPERATE_INCOME_QOQ_SQ":4.912454766001,"NET_PROFIT_RATIO_SQ":2.2704659153,"HOLDER_PROFIT_SQ":2443112000,"HOLDER_PROFIT_QOQ_SQ":-12.858385521684,"ROE_AVG_SQ":3.506538993545,"PE_TTM_SQ":19.107812718711,"PB_TTM_SQ":4.266568818643,"ROA_SQ":1.078926725831,"START_DATE":"2022-01-01 00:00:00","FISCAL_YEAR":"12-31","CURRENCY":"HKD","IS_CNY_CODE":0,"DPS_HKD_LY":0.12345,"ORG_TYPE":"一般企业","PREMIUM_INCOME":null,"PREMIUM_INCOME_YOY":null,"NET_INTEREST_INCOME":null,"NET_INTEREST_INCOME_YOY":null,"FEE_COMMISSION_INCOME":null,"FEE_COMMISSION_INCOME_YOY":null,"ACCOUNTS_RECE_TDAYS":5.731584172269,"INVENTORY_TDAYS":3.855609482685,"CURRENT_ASSETS_TDAYS":1.399916135621,"TOTAL_ASSETS_TDAYS":0.741506285557,"PREMIUM_EXPENSE":null,"LOAN_DEPOSIT":null,"LOAN_EQUITY":null,"LOAN_ASSETS":null,"DEPOSIT_EQUITY":null,"DEPOSIT_ASSETS":null,"EQUITY_MULTIPLIER":3.786556880218,"EQUITY_RATIO":3.059753641089}],"count":81},"success":true,"message":"ok","code":0}