{"version":"553dd7d686640a6b1490b69c93fdae2a","result":{"pages":6,"data":[{"SECUCODE":"01220.HK","SECURITY_CODE":"01220","SECURITY_NAME_ABBR":"志道国际","ORG_CODE":"10010560","STD_REPORT_DATE":"2024-06-30 00:00:00","REPORT_DATE":"2024-09-30 00:00:00","DATE_TYPE_CODE":"002","REPORT_TYPE":"2024年中报","PER_NETCASH_OPERATE":-0.000132991253,"PER_OI":0.001488864399,"BPS":0.090986056505,"BASIC_EPS":-0.001983938,"DILUTED_EPS":null,"OPERATE_INCOME":2947951.51,"OPERATE_INCOME_YOY":-98.2511421877,"GROSS_PROFIT":2261689.32,"GROSS_PROFIT_YOY":-88.08226267232,"HOLDER_PROFIT":-3917375.76,"HOLDER_PROFIT_YOY":-140.4168217343,"GROSS_PROFIT_RATIO":76.720709697155,"EPS_TTM":-0.039128620985,"OPERATE_INCOME_QOQ":0,"NET_PROFIT_RATIO":-135.3319057816,"ROE_AVG":-2.151091391673,"GROSS_PROFIT_QOQ":0,"ROA":-1.432384620331,"HOLDER_PROFIT_QOQ":0,"ROE_YEARLY":-4.302182783346,"ROIC_YEARLY":-2.791867977551,"TOTAL_ASSETS":268795643.51,"TOTAL_LIABILITIES":98866844.86,"TAX_EBT":null,"OCF_SALES":-8.932395227898,"TOTAL_PARENT_EQUITY":180152391.88,"DEBT_ASSET_RATIO":36.7814163835,"OPERATE_PROFIT":-3989518.96,"PRETAX_PROFIT":-3989518.96,"NETCASH_OPERATE":-263322.68,"NETCASH_INVEST":246188.67,"NETCASH_FINANCE":-1874821.41,"END_CASH":2100268.91,"DIVI_RATIO":null,"DIVIDEND_RATE":null,"CURRENT_RATIO":2.584307256863,"COMMON_ACS":20000000000,"CURRENTDEBT_DEBT":97.322910775854,"ISSUED_COMMON_SHARES":1980000000,"HK_COMMON_SHARES":1980000000,"PER_SHARES":30000,"TOTAL_MARKET_CAP":180180000,"HKSK_MARKET_CAP":180180000,"PE_TTM":-1.791890843635,"PB_TTM":0.901928198146,"REPORT_DATE_SQ":"2023-06-30 00:00:00","REPORT_TYPE_SQ":"2023年中报","OPERATE_INCOME_SQ":171525234.86,"DPS_HKD":null,"OPERATE_INCOME_QOQ_SQ":0,"NET_PROFIT_RATIO_SQ":5.7077283573,"HOLDER_PROFIT_SQ":9862687.24,"HOLDER_PROFIT_QOQ_SQ":0,"ROE_AVG_SQ":3.594865242724,"PE_TTM_SQ":-63.103926096998,"PB_TTM_SQ":0.448781962,"ROA_SQ":2.276146941507,"START_DATE":"2024-04-01 00:00:00","FISCAL_YEAR":"3-31","CURRENCY":"HKD","IS_CNY_CODE":0,"DPS_HKD_LY":null,"ORG_TYPE":"一般企业","PREMIUM_INCOME":null,"PREMIUM_INCOME_YOY":null,"NET_INTEREST_INCOME":null,"NET_INTEREST_INCOME_YOY":null,"FEE_COMMISSION_INCOME":null,"FEE_COMMISSION_INCOME_YOY":null,"ACCOUNTS_RECE_TDAYS":0.025342067522,"INVENTORY_TDAYS":null,"CURRENT_ASSETS_TDAYS":0.012051190834,"TOTAL_ASSETS_TDAYS":0.010779155902,"PREMIUM_EXPENSE":null,"LOAN_DEPOSIT":null,"LOAN_EQUITY":null,"LOAN_ASSETS":null,"DEPOSIT_EQUITY":null,"DEPOSIT_ASSETS":null,"EQUITY_MULTIPLIER":1.581813357392,"EQUITY_RATIO":0.548795627015},{"SECUCODE":"01220.HK","SECURITY_CODE":"01220","SECURITY_NAME_ABBR":"志道国际","ORG_CODE":"10010560","STD_REPORT_DATE":"2023-12-31 00:00:00","REPORT_DATE":"2024-03-31 00:00:00","DATE_TYPE_CODE":"001","REPORT_TYPE":"2023年年报","PER_NETCASH_OPERATE":-0.006506098737,"PER_OI":0.038713805682,"BPS":0.093455232222,"BASIC_EPS":-0.03916296,"DILUTED_EPS":null,"OPERATE_INCOME":76653335.25,"OPERATE_INCOME_YOY":-65.3953819584,"GROSS_PROFIT":-8808039.8,"GROSS_PROFIT_YOY":-139.758235325916,"HOLDER_PROFIT":-77474669.55,"HOLDER_PROFIT_YOY":-570.4401035538,"GROSS_PROFIT_RATIO":-11.4907456685,"EPS_TTM":-0.000730455086,"OPERATE_INCOME_QOQ":0,"NET_PROFIT_RATIO":-101.3316776063,"ROE_AVG":-34.345411288119,"GROSS_PROFIT_QOQ":0,"ROA":-23.815541786089,"HOLDER_PROFIT_QOQ":0,"ROE_YEARLY":-34.345411288119,"ROIC_YEARLY":-23.908418344866,"TOTAL_ASSETS":279645291.6,"TOTAL_LIABILITIES":104808965.15,"TAX_EBT":-1.488913105278,"OCF_SALES":-16.805629471941,"TOTAL_PARENT_EQUITY":185041359.8,"DEBT_ASSET_RATIO":37.479252574,"OPERATE_PROFIT":-75829281.3,"PRETAX_PROFIT":-76534577.2,"NETCASH_OPERATE":-12882075.5,"NETCASH_INVEST":407040.95,"NETCASH_FINANCE":-2509330.4,"END_CASH":2250963.65,"DIVI_RATIO":null,"DIVIDEND_RATE":null,"CURRENT_RATIO":2.366818968194,"COMMON_ACS":20000000000,"CURRENTDEBT_DEBT":97.493361473191,"ISSUED_COMMON_SHARES":1980000000,"HK_COMMON_SHARES":1980000000,"PER_SHARES":30000,"TOTAL_MARKET_CAP":148500000,"HKSK_MARKET_CAP":148500000,"PE_TTM":-1.476833112886,"PB_TTM":0.743347416054,"REPORT_DATE_SQ":"2022-12-31 00:00:00","REPORT_TYPE_SQ":"2022年年报","OPERATE_INCOME_SQ":213902931.86,"DPS_HKD":null,"OPERATE_INCOME_QOQ_SQ":0,"NET_PROFIT_RATIO_SQ":-5.2806266524,"HOLDER_PROFIT_SQ":-11158851.27,"HOLDER_PROFIT_QOQ_SQ":0,"ROE_AVG_SQ":-4.233519430615,"PE_TTM_SQ":-11.339138620852,"PB_TTM_SQ":0.474798307624,"ROA_SQ":-2.982710248664,"START_DATE":"2023-04-01 00:00:00","FISCAL_YEAR":"3-31","CURRENCY":"HKD","IS_CNY_CODE":0,"DPS_HKD_LY":null,"ORG_TYPE":"一般企业","PREMIUM_INCOME":null,"PREMIUM_INCOME_YOY":null,"NET_INTEREST_INCOME":null,"NET_INTEREST_INCOME_YOY":null,"FEE_COMMISSION_INCOME":null,"FEE_COMMISSION_INCOME_YOY":null,"ACCOUNTS_RECE_TDAYS":0.643441734108,"INVENTORY_TDAYS":null,"CURRENT_ASSETS_TDAYS":0.276594248292,"TOTAL_ASSETS_TDAYS":0.235630654418,"PREMIUM_EXPENSE":null,"LOAN_DEPOSIT":null,"LOAN_EQUITY":null,"LOAN_ASSETS":null,"DEPOSIT_EQUITY":null,"DEPOSIT_ASSETS":null,"EQUITY_MULTIPLIER":1.599469042151,"EQUITY_RATIO":0.566408316839},{"SECUCODE":"01220.HK","SECURITY_CODE":"01220","SECURITY_NAME_ABBR":"志道国际","ORG_CODE":"10010560","STD_REPORT_DATE":"2023-06-30 00:00:00","REPORT_DATE":"2023-09-30 00:00:00","DATE_TYPE_CODE":"002","REPORT_TYPE":"2023年中报","PER_NETCASH_OPERATE":-0.005819535308,"PER_OI":0.086628906495,"BPS":0.141085149051,"BASIC_EPS":0.00458815,"DILUTED_EPS":null,"OPERATE_INCOME":171525234.86,"OPERATE_INCOME_YOY":254.6301390654,"GROSS_PROFIT":18977506.03,"GROSS_PROFIT_YOY":170.708342577569,"HOLDER_PROFIT":9862687.24,"HOLDER_PROFIT_YOY":6374.6987951807,"GROSS_PROFIT_RATIO":11.063973208076,"EPS_TTM":-0.00563578347,"OPERATE_INCOME_QOQ":0,"NET_PROFIT_RATIO":5.7077283573,"ROE_AVG":3.594865242724,"GROSS_PROFIT_QOQ":0,"ROA":2.276146941507,"HOLDER_PROFIT_QOQ":0,"ROE_YEARLY":7.189730485447,"ROIC_YEARLY":4.578785203299,"TOTAL_ASSETS":491100893.92,"TOTAL_LIABILITIES":221951756.25,"TAX_EBT":15.157057654076,"OCF_SALES":-6.717775328747,"TOTAL_PARENT_EQUITY":279348595.12,"DEBT_ASSET_RATIO":45.1947367634,"OPERATE_PROFIT":11539197.25,"PRETAX_PROFIT":11539197.25,"NETCASH_OPERATE":-11522679.91,"NETCASH_INVEST":449638.7,"NETCASH_FINANCE":-1618699.32,"END_CASH":6387622.43,"DIVI_RATIO":null,"DIVIDEND_RATE":null,"CURRENT_RATIO":1.979837708911,"COMMON_ACS":20000000000,"CURRENTDEBT_DEBT":98.282583979328,"ISSUED_COMMON_SHARES":1980000000,"HK_COMMON_SHARES":1980000000,"PER_SHARES":30000,"TOTAL_MARKET_CAP":148500000,"HKSK_MARKET_CAP":148500000,"PE_TTM":-1.476833112886,"PB_TTM":0.743347416054,"REPORT_DATE_SQ":"2022-06-30 00:00:00","REPORT_TYPE_SQ":"2022年中报","OPERATE_INCOME_SQ":47672127.96,"DPS_HKD":null,"OPERATE_INCOME_QOQ_SQ":0,"NET_PROFIT_RATIO_SQ":0.2599176611,"HOLDER_PROFIT_SQ":150137.04,"HOLDER_PROFIT_QOQ_SQ":0,"ROE_AVG_SQ":0.053767446079,"PE_TTM_SQ":-11.339138620852,"PB_TTM_SQ":0.474798307624,"ROA_SQ":0.037762503426,"START_DATE":"2023-04-01 00:00:00","FISCAL_YEAR":"3-31","CURRENCY":"HKD","IS_CNY_CODE":0,"DPS_HKD_LY":null,"ORG_TYPE":"一般企业","PREMIUM_INCOME":null,"PREMIUM_INCOME_YOY":null,"NET_INTEREST_INCOME":null,"NET_INTEREST_INCOME_YOY":null,"FEE_COMMISSION_INCOME":null,"FEE_COMMISSION_INCOME_YOY":null,"ACCOUNTS_RECE_TDAYS":1.287035793837,"INVENTORY_TDAYS":null,"CURRENT_ASSETS_TDAYS":0.458550131612,"TOTAL_ASSETS_TDAYS":0.395852194455,"PREMIUM_EXPENSE":null,"LOAN_DEPOSIT":null,"LOAN_EQUITY":null,"LOAN_ASSETS":null,"DEPOSIT_EQUITY":null,"DEPOSIT_ASSETS":null,"EQUITY_MULTIPLIER":1.82464227146,"EQUITY_RATIO":0.794533282527},{"SECUCODE":"01220.HK","SECURITY_CODE":"01220","SECURITY_NAME_ABBR":"志道国际","ORG_CODE":"10010560","STD_REPORT_DATE":"2022-12-31 00:00:00","REPORT_DATE":"2023-03-31 00:00:00","DATE_TYPE_CODE":"001","REPORT_TYPE":"2022年年报","PER_NETCASH_OPERATE":-0.020313491136,"PER_OI":0.108031783768,"BPS":0.129781743131,"BASIC_EPS":-0.005602624,"DILUTED_EPS":null,"OPERATE_INCOME":213902931.86,"OPERATE_INCOME_YOY":37.5419359197,"GROSS_PROFIT":22154000.87,"GROSS_PROFIT_YOY":26.383626224533,"HOLDER_PROFIT":-11158851.27,"HOLDER_PROFIT_YOY":48.827780008,"GROSS_PROFIT_RATIO":10.357034696701,"EPS_TTM":-0.013193668354,"OPERATE_INCOME_QOQ":0,"NET_PROFIT_RATIO":-5.2806266524,"ROE_AVG":-4.233519430615,"GROSS_PROFIT_QOQ":0,"ROA":-2.982710248664,"HOLDER_PROFIT_QOQ":0,"ROE_YEARLY":-4.233519430615,"ROIC_YEARLY":-3.212566991485,"TOTAL_ASSETS":358234404.79,"TOTAL_LIABILITIES":110928453.56,"TAX_EBT":13.807615230461,"OCF_SALES":-18.803254401545,"TOTAL_PARENT_EQUITY":256967851.4,"DEBT_ASSET_RATIO":30.9653266344,"OPERATE_PROFIT":-12543749.89,"PRETAX_PROFIT":-13104887.7,"NETCASH_OPERATE":-40310879.68,"NETCASH_INVEST":6542814.34,"NETCASH_FINANCE":-2723400.51,"END_CASH":16636291.64,"DIVI_RATIO":null,"DIVIDEND_RATE":null,"CURRENT_RATIO":2.833784217148,"COMMON_ACS":20000000000,"CURRENTDEBT_DEBT":95.972884245084,"ISSUED_COMMON_SHARES":1980000000,"HK_COMMON_SHARES":1980000000,"PER_SHARES":30000,"TOTAL_MARKET_CAP":146520000,"HKSK_MARKET_CAP":146520000,"PE_TTM":-1.457142004714,"PB_TTM":0.733436117174,"REPORT_DATE_SQ":"2021-12-31 00:00:00","REPORT_TYPE_SQ":"2021年年报","OPERATE_INCOME_SQ":144077548.52,"DPS_HKD":null,"OPERATE_INCOME_QOQ_SQ":0,"NET_PROFIT_RATIO_SQ":-17.4830567627,"HOLDER_PROFIT_SQ":-20202259.1,"HOLDER_PROFIT_QOQ_SQ":0,"ROE_AVG_SQ":-7.7108567997,"PE_TTM_SQ":-11.183807954813,"PB_TTM_SQ":0.468294221218,"ROA_SQ":-5.538921989253,"START_DATE":"2022-04-01 00:00:00","FISCAL_YEAR":"3-31","CURRENCY":"HKD","IS_CNY_CODE":0,"DPS_HKD_LY":null,"ORG_TYPE":"一般企业","PREMIUM_INCOME":null,"PREMIUM_INCOME_YOY":null,"NET_INTEREST_INCOME":null,"NET_INTEREST_INCOME_YOY":null,"FEE_COMMISSION_INCOME":null,"FEE_COMMISSION_INCOME_YOY":null,"ACCOUNTS_RECE_TDAYS":3.290567155737,"INVENTORY_TDAYS":null,"CURRENT_ASSETS_TDAYS":0.686237944651,"TOTAL_ASSETS_TDAYS":0.571752819032,"PREMIUM_EXPENSE":null,"LOAN_DEPOSIT":null,"LOAN_EQUITY":null,"LOAN_ASSETS":null,"DEPOSIT_EQUITY":null,"DEPOSIT_ASSETS":null,"EQUITY_MULTIPLIER":1.448547449054,"EQUITY_RATIO":0.431682223888},{"SECUCODE":"01220.HK","SECURITY_CODE":"01220","SECURITY_NAME_ABBR":"志道国际","ORG_CODE":"10010560","STD_REPORT_DATE":"2022-06-30 00:00:00","REPORT_DATE":"2022-09-30 00:00:00","DATE_TYPE_CODE":"002","REPORT_TYPE":"2022年中报","PER_NETCASH_OPERATE":-0.004833272545,"PER_OI":0.024076832303,"BPS":0.141065232727,"BASIC_EPS":0.000090444,"DILUTED_EPS":null,"OPERATE_INCOME":47672127.96,"OPERATE_INCOME_YOY":-50.5186673301,"GROSS_PROFIT":7010314.44,"GROSS_PROFIT_YOY":-40.402708972396,"HOLDER_PROFIT":150137.04,"HOLDER_PROFIT_YOY":-97.7222832053,"GROSS_PROFIT_RATIO":14.705268549963,"EPS_TTM":-0.010203161162,"OPERATE_INCOME_QOQ":0,"NET_PROFIT_RATIO":0.2599176611,"ROE_AVG":0.053767446079,"GROSS_PROFIT_QOQ":0,"ROA":0.037762503426,"HOLDER_PROFIT_QOQ":0,"ROE_YEARLY":0.107534892157,"ROIC_YEARLY":0.083945859977,"TOTAL_ASSETS":392230303.68,"TOTAL_LIABILITIES":122788583.28,"TAX_EBT":79.051987767584,"OCF_SALES":-20.074370600846,"TOTAL_PARENT_EQUITY":279309160.8,"DEBT_ASSET_RATIO":31.3052260695,"OPERATE_PROFIT":591503.76,"PRETAX_PROFIT":591503.76,"NETCASH_OPERATE":-9569879.64,"NETCASH_INVEST":5366042.52,"NETCASH_FINANCE":-9228905.76,"END_CASH":43020593.04,"DIVI_RATIO":null,"DIVIDEND_RATE":null,"CURRENT_RATIO":3.088808039611,"COMMON_ACS":20000000000,"CURRENTDEBT_DEBT":95.357316480311,"ISSUED_COMMON_SHARES":1980000000,"HK_COMMON_SHARES":1980000000,"PER_SHARES":30000,"TOTAL_MARKET_CAP":146520000,"HKSK_MARKET_CAP":146520000,"PE_TTM":-1.457142004714,"PB_TTM":0.733436117174,"REPORT_DATE_SQ":"2021-06-30 00:00:00","REPORT_TYPE_SQ":"2021年中报","OPERATE_INCOME_SQ":88740050.38,"DPS_HKD":null,"OPERATE_INCOME_QOQ_SQ":0,"NET_PROFIT_RATIO_SQ":6.7741238981,"HOLDER_PROFIT_SQ":6071341.28,"HOLDER_PROFIT_QOQ_SQ":0,"ROE_AVG_SQ":2.136300547705,"PE_TTM_SQ":-11.183807954813,"PB_TTM_SQ":0.468294221218,"ROA_SQ":1.52467821821,"START_DATE":"2022-04-01 00:00:00","FISCAL_YEAR":"3-31","CURRENCY":"HKD","IS_CNY_CODE":0,"DPS_HKD_LY":null,"ORG_TYPE":"一般企业","PREMIUM_INCOME":null,"PREMIUM_INCOME_YOY":null,"NET_INTEREST_INCOME":null,"NET_INTEREST_INCOME_YOY":null,"FEE_COMMISSION_INCOME":null,"FEE_COMMISSION_INCOME_YOY":null,"ACCOUNTS_RECE_TDAYS":5.980823783048,"INVENTORY_TDAYS":null,"CURRENT_ASSETS_TDAYS":0.137373742639,"TOTAL_ASSETS_TDAYS":0.119905047778,"PREMIUM_EXPENSE":null,"LOAN_DEPOSIT":null,"LOAN_EQUITY":null,"LOAN_ASSETS":null,"DEPOSIT_EQUITY":null,"DEPOSIT_ASSETS":null,"EQUITY_MULTIPLIER":1.455714813199,"EQUITY_RATIO":0.439615309889},{"SECUCODE":"01220.HK","SECURITY_CODE":"01220","SECURITY_NAME_ABBR":"志道国际","ORG_CODE":"10010560","STD_REPORT_DATE":"2021-12-31 00:00:00","REPORT_DATE":"2022-03-31 00:00:00","DATE_TYPE_CODE":"001","REPORT_TYPE":"2021年年报","PER_NETCASH_OPERATE":-0.00956582199,"PER_OI":0.072766438646,"BPS":0.126424990172,"BASIC_EPS":-0.010218726,"DILUTED_EPS":null,"OPERATE_INCOME":144077548.52,"OPERATE_INCOME_YOY":76.7118927307,"GROSS_PROFIT":17529170.14,"GROSS_PROFIT_YOY":1.314845511492,"HOLDER_PROFIT":-20202259.1,"HOLDER_PROFIT_YOY":-365.5204634648,"GROSS_PROFIT_RATIO":12.166482786572,"EPS_TTM":0.000130718253,"OPERATE_INCOME_QOQ":0,"NET_PROFIT_RATIO":-17.4830567627,"ROE_AVG":-7.7108567997,"GROSS_PROFIT_QOQ":0,"ROA":-5.538921989253,"HOLDER_PROFIT_QOQ":0,"ROE_YEARLY":-7.7108567997,"ROIC_YEARLY":-6.534361797986,"TOTAL_ASSETS":361310632.07,"TOTAL_LIABILITIES":119813751.34,"TAX_EBT":2.864738076622,"OCF_SALES":-13.145925742463,"TOTAL_PARENT_EQUITY":250321480.54,"DEBT_ASSET_RATIO":33.1608706485,"OPERATE_PROFIT":-22801546.15,"PRETAX_PROFIT":-25932044.75,"NETCASH_OPERATE":-18940327.54,"NETCASH_INVEST":439567.42,"NETCASH_FINANCE":-4276455.73,"END_CASH":49192622.56,"DIVI_RATIO":null,"DIVIDEND_RATE":null,"CURRENT_RATIO":3.0286375923,"COMMON_ACS":20000000000,"CURRENTDEBT_DEBT":95.112837938457,"ISSUED_COMMON_SHARES":1980000000,"HK_COMMON_SHARES":1980000000,"PER_SHARES":30000,"TOTAL_MARKET_CAP":146520000,"HKSK_MARKET_CAP":146520000,"PE_TTM":-1.457142004714,"PB_TTM":0.733436117174,"REPORT_DATE_SQ":"2020-12-31 00:00:00","REPORT_TYPE_SQ":"2020年年报","OPERATE_INCOME_SQ":84967635.76,"DPS_HKD":null,"OPERATE_INCOME_QOQ_SQ":0,"NET_PROFIT_RATIO_SQ":-9.8824254964,"HOLDER_PROFIT_SQ":-4522558.18,"HOLDER_PROFIT_QOQ_SQ":0,"ROE_AVG_SQ":-1.572239729096,"PE_TTM_SQ":-11.183807954813,"PB_TTM_SQ":0.468294221218,"ROA_SQ":-1.109749243541,"START_DATE":"2021-04-01 00:00:00","FISCAL_YEAR":"3-31","CURRENCY":"HKD","IS_CNY_CODE":0,"DPS_HKD_LY":null,"ORG_TYPE":"一般企业","PREMIUM_INCOME":null,"PREMIUM_INCOME_YOY":null,"NET_INTEREST_INCOME":null,"NET_INTEREST_INCOME_YOY":null,"FEE_COMMISSION_INCOME":null,"FEE_COMMISSION_INCOME_YOY":null,"ACCOUNTS_RECE_TDAYS":11.988932379538,"INVENTORY_TDAYS":null,"CURRENT_ASSETS_TDAYS":0.477395516322,"TOTAL_ASSETS_TDAYS":0.395022308003,"PREMIUM_EXPENSE":null,"LOAN_DEPOSIT":null,"LOAN_EQUITY":null,"LOAN_ASSETS":null,"DEPOSIT_EQUITY":null,"DEPOSIT_ASSETS":null,"EQUITY_MULTIPLIER":1.49612960208,"EQUITY_RATIO":0.478639512205},{"SECUCODE":"01220.HK","SECURITY_CODE":"01220","SECURITY_NAME_ABBR":"志道国际","ORG_CODE":"10010560","STD_REPORT_DATE":"2021-06-30 00:00:00","REPORT_DATE":"2021-09-30 00:00:00","DATE_TYPE_CODE":"002","REPORT_TYPE":"2021年中报","PER_NETCASH_OPERATE":0.003838807798,"PER_OI":0.044818207263,"BPS":0.145092545545,"BASIC_EPS":0.003082322,"DILUTED_EPS":null,"OPERATE_INCOME":88740050.38,"OPERATE_INCOME_YOY":280.0456669878,"GROSS_PROFIT":11762807.2,"GROSS_PROFIT_YOY":36.916204782528,"HOLDER_PROFIT":6071341.28,"HOLDER_PROFIT_YOY":396.4577656676,"GROSS_PROFIT_RATIO":13.255353303981,"EPS_TTM":-0.002284120293,"OPERATE_INCOME_QOQ":0,"NET_PROFIT_RATIO":6.7741238981,"ROE_AVG":2.136300547705,"GROSS_PROFIT_QOQ":0,"ROA":1.52467821821,"HOLDER_PROFIT_QOQ":0,"ROE_YEARLY":4.272601095411,"ROIC_YEARLY":3.713545421888,"TOTAL_ASSETS":418245270.54,"TOTAL_LIABILITIES":134964050.6,"TAX_EBT":13.797634691196,"OCF_SALES":8.56528637008,"TOTAL_PARENT_EQUITY":287283240.18,"DEBT_ASSET_RATIO":32.2691157812,"OPERATE_PROFIT":6973545.26,"PRETAX_PROFIT":6973545.26,"NETCASH_OPERATE":7600839.44,"NETCASH_INVEST":-4559337.38,"NETCASH_FINANCE":-2416707.06,"END_CASH":75263638.76,"DIVI_RATIO":null,"DIVIDEND_RATE":null,"CURRENT_RATIO":3.156738945261,"COMMON_ACS":20000000000,"CURRENTDEBT_DEBT":82.608480957966,"ISSUED_COMMON_SHARES":1980000000,"HK_COMMON_SHARES":1980000000,"PER_SHARES":30000,"TOTAL_MARKET_CAP":146520000,"HKSK_MARKET_CAP":146520000,"PE_TTM":-1.457142004714,"PB_TTM":0.733436117174,"REPORT_DATE_SQ":"2020-06-30 00:00:00","REPORT_TYPE_SQ":"2020年中报","OPERATE_INCOME_SQ":24629642.88,"DPS_HKD":null,"OPERATE_INCOME_QOQ_SQ":0,"NET_PROFIT_RATIO_SQ":5.1089942559,"HOLDER_PROFIT_SQ":1289960.96,"HOLDER_PROFIT_QOQ_SQ":0,"ROE_AVG_SQ":0.426888757384,"PE_TTM_SQ":-11.183807954813,"PB_TTM_SQ":0.468294221218,"ROA_SQ":0.290807664803,"START_DATE":"2021-04-01 00:00:00","FISCAL_YEAR":"3-31","CURRENCY":"HKD","IS_CNY_CODE":0,"DPS_HKD_LY":null,"ORG_TYPE":"一般企业","PREMIUM_INCOME":null,"PREMIUM_INCOME_YOY":null,"NET_INTEREST_INCOME":null,"NET_INTEREST_INCOME_YOY":null,"FEE_COMMISSION_INCOME":null,"FEE_COMMISSION_INCOME_YOY":null,"ACCOUNTS_RECE_TDAYS":5.958995300962,"INVENTORY_TDAYS":null,"CURRENT_ASSETS_TDAYS":0.266565068497,"TOTAL_ASSETS_TDAYS":0.2228502989,"PREMIUM_EXPENSE":null,"LOAN_DEPOSIT":null,"LOAN_EQUITY":null,"LOAN_ASSETS":null,"DEPOSIT_EQUITY":null,"DEPOSIT_ASSETS":null,"EQUITY_MULTIPLIER":1.476431337836,"EQUITY_RATIO":0.469794376154},{"SECUCODE":"01220.HK","SECURITY_CODE":"01220","SECURITY_NAME_ABBR":"志道国际","ORG_CODE":"10010560","STD_REPORT_DATE":"2020-12-31 00:00:00","REPORT_DATE":"2021-03-31 00:00:00","DATE_TYPE_CODE":"001","REPORT_TYPE":"2020年年报","PER_NETCASH_OPERATE":-0.018702382081,"PER_OI":0.042912947354,"BPS":0.144042576081,"BASIC_EPS":-0.002281986,"DILUTED_EPS":null,"OPERATE_INCOME":84967635.76,"OPERATE_INCOME_YOY":-54.9143420935,"GROSS_PROFIT":17301679.78,"GROSS_PROFIT_YOY":-46.060949598876,"HOLDER_PROFIT":-4522558.18,"HOLDER_PROFIT_YOY":93.2724826815,"GROSS_PROFIT_RATIO":20.362670592448,"EPS_TTM":-0.034229331975,"OPERATE_INCOME_QOQ":0,"NET_PROFIT_RATIO":-9.8824254964,"ROE_AVG":-1.572239729096,"GROSS_PROFIT_QOQ":0,"ROA":-1.109749243541,"HOLDER_PROFIT_QOQ":0,"ROE_YEARLY":-1.572239729096,"ROIC_YEARLY":-1.440299310939,"TOTAL_ASSETS":383666080.28,"TOTAL_LIABILITIES":102461171.4,"TAX_EBT":6.757390896293,"OCF_SALES":-43.582142999244,"TOTAL_PARENT_EQUITY":285204300.64,"DEBT_ASSET_RATIO":26.7058196349,"OPERATE_PROFIT":-8609003.48,"PRETAX_PROFIT":-9005392.9,"NETCASH_OPERATE":-37030716.52,"NETCASH_INVEST":3510032.54,"NETCASH_FINANCE":-4650180.36,"END_CASH":75087481.56,"DIVI_RATIO":null,"DIVIDEND_RATE":null,"CURRENT_RATIO":4.319959638119,"COMMON_ACS":20000000000,"CURRENTDEBT_DEBT":71.938464076549,"ISSUED_COMMON_SHARES":1980000000,"HK_COMMON_SHARES":1980000000,"PER_SHARES":30000,"TOTAL_MARKET_CAP":146520000,"HKSK_MARKET_CAP":146520000,"PE_TTM":-1.457142004714,"PB_TTM":0.733436117174,"REPORT_DATE_SQ":"2019-12-31 00:00:00","REPORT_TYPE_SQ":"2019年年报","OPERATE_INCOME_SQ":203736826,"DPS_HKD":null,"OPERATE_INCOME_QOQ_SQ":0,"NET_PROFIT_RATIO_SQ":-36.6113552785,"HOLDER_PROFIT_SQ":-72674784.3,"HOLDER_PROFIT_QOQ_SQ":0,"ROE_AVG_SQ":-20.186692452356,"PE_TTM_SQ":-11.183807954813,"PB_TTM_SQ":0.468294221218,"ROA_SQ":-14.99355310582,"START_DATE":"2020-04-01 00:00:00","FISCAL_YEAR":"3-31","CURRENCY":"HKD","IS_CNY_CODE":0,"DPS_HKD_LY":null,"ORG_TYPE":"一般企业","PREMIUM_INCOME":null,"PREMIUM_INCOME_YOY":null,"NET_INTEREST_INCOME":null,"NET_INTEREST_INCOME_YOY":null,"FEE_COMMISSION_INCOME":null,"FEE_COMMISSION_INCOME_YOY":null,"ACCOUNTS_RECE_TDAYS":3.43013119061,"INVENTORY_TDAYS":null,"CURRENT_ASSETS_TDAYS":0.240092185158,"TOTAL_ASSETS_TDAYS":0.208494320597,"PREMIUM_EXPENSE":null,"LOAN_DEPOSIT":null,"LOAN_EQUITY":null,"LOAN_ASSETS":null,"DEPOSIT_EQUITY":null,"DEPOSIT_ASSETS":null,"EQUITY_MULTIPLIER":1.364364803616,"EQUITY_RATIO":0.359255351936},{"SECUCODE":"01220.HK","SECURITY_CODE":"01220","SECURITY_NAME_ABBR":"志道国际","ORG_CODE":"10010560","STD_REPORT_DATE":"2020-06-30 00:00:00","REPORT_DATE":"2020-09-30 00:00:00","DATE_TYPE_CODE":"002","REPORT_TYPE":"2020年中报","PER_NETCASH_OPERATE":-0.006009912242,"PER_OI":0.012439213576,"BPS":0.15290171798,"BASIC_EPS":0.000615104,"DILUTED_EPS":0.000615104,"OPERATE_INCOME":24629642.88,"OPERATE_INCOME_YOY":-82.0661458433,"GROSS_PROFIT":8591245.44,"GROSS_PROFIT_YOY":-62.144051046991,"HOLDER_PROFIT":1289960.96,"HOLDER_PROFIT_YOY":136.6724956283,"GROSS_PROFIT_RATIO":34.881729637162,"EPS_TTM":-0.036704436515,"OPERATE_INCOME_QOQ":0,"NET_PROFIT_RATIO":5.1089942559,"ROE_AVG":0.426888757384,"GROSS_PROFIT_QOQ":0,"ROA":0.290807664803,"HOLDER_PROFIT_QOQ":0,"ROE_YEARLY":0.853777514769,"ROIC_YEARLY":0.784434217469,"TOTAL_ASSETS":438644721.92,"TOTAL_LIABILITIES":136061004.8,"TAX_EBT":46.043707611153,"OCF_SALES":-48.314245959542,"TOTAL_PARENT_EQUITY":302745401.6,"DEBT_ASSET_RATIO":31.0184981149,"OPERATE_PROFIT":6308330.88,"PRETAX_PROFIT":2332122.88,"NETCASH_OPERATE":-11899626.24,"NETCASH_INVEST":3468307.84,"NETCASH_FINANCE":-2483262.72,"END_CASH":110177428.48,"DIVI_RATIO":null,"DIVIDEND_RATE":null,"CURRENT_RATIO":3.69016694559,"COMMON_ACS":20000000000,"CURRENTDEBT_DEBT":79.110694910876,"ISSUED_COMMON_SHARES":1980000000,"HK_COMMON_SHARES":1980000000,"PER_SHARES":30000,"TOTAL_MARKET_CAP":146520000,"HKSK_MARKET_CAP":146520000,"PE_TTM":-1.457142004714,"PB_TTM":0.733436117174,"REPORT_DATE_SQ":"2019-06-30 00:00:00","REPORT_TYPE_SQ":"2019年中报","OPERATE_INCOME_SQ":140976044.91,"DPS_HKD":null,"OPERATE_INCOME_QOQ_SQ":0,"NET_PROFIT_RATIO_SQ":0.7575612159,"HOLDER_PROFIT_SQ":-3610746.03,"HOLDER_PROFIT_QOQ_SQ":0,"ROE_AVG_SQ":-0.904004561802,"PE_TTM_SQ":-11.183807954813,"PB_TTM_SQ":0.468294221218,"ROA_SQ":-0.703267126434,"START_DATE":"2020-04-01 00:00:00","FISCAL_YEAR":"3-31","CURRENCY":"HKD","IS_CNY_CODE":0,"DPS_HKD_LY":null,"ORG_TYPE":"一般企业","PREMIUM_INCOME":null,"PREMIUM_INCOME_YOY":null,"NET_INTEREST_INCOME":null,"NET_INTEREST_INCOME_YOY":null,"FEE_COMMISSION_INCOME":null,"FEE_COMMISSION_INCOME_YOY":null,"ACCOUNTS_RECE_TDAYS":0.950264442636,"INVENTORY_TDAYS":null,"CURRENT_ASSETS_TDAYS":0.061418347715,"TOTAL_ASSETS_TDAYS":0.055524850387,"PREMIUM_EXPENSE":null,"LOAN_DEPOSIT":null,"LOAN_EQUITY":null,"LOAN_ASSETS":null,"DEPOSIT_EQUITY":null,"DEPOSIT_ASSETS":null,"EQUITY_MULTIPLIER":1.449664000743,"EQUITY_RATIO":0.449423852785}],"count":49},"success":true,"message":"ok","code":0}