{"version":"5b644777f1fb53608bd7ecbec8dfa939","result":{"pages":6,"data":[{"SECUCODE":"01223.HK","SECURITY_CODE":"01223","SECURITY_NAME_ABBR":"新沣集团","ORG_CODE":"10010562","STD_REPORT_DATE":"2024-06-30 00:00:00","REPORT_DATE":"2024-06-30 00:00:00","DATE_TYPE_CODE":"002","REPORT_TYPE":"2024年中报","PER_NETCASH_OPERATE":0.023225548083,"PER_OI":0.046128889903,"BPS":0.746475504291,"BASIC_EPS":-0.00867046,"DILUTED_EPS":-0.00867046,"OPERATE_INCOME":137197708.32,"OPERATE_INCOME_YOY":-1.8932941752,"GROSS_PROFIT":128233365.36,"GROSS_PROFIT_YOY":-2.786877799765,"HOLDER_PROFIT":-25894556.96,"HOLDER_PROFIT_YOY":67.6018864262,"GROSS_PROFIT_RATIO":93.466113195498,"EPS_TTM":-0.044299429585,"OPERATE_INCOME_QOQ":-1.47481742025,"NET_PROFIT_RATIO":-17.748995503,"ROE_AVG":-1.143200211137,"GROSS_PROFIT_QOQ":-1.471925895798,"ROA":-0.594781199573,"HOLDER_PROFIT_QOQ":29.391891209092,"ROE_YEARLY":-2.286400422273,"ROIC_YEARLY":-1.221685389315,"TOTAL_ASSETS":4252062035,"TOTAL_LIABILITIES":2023158747.64,"TAX_EBT":-15.45718118482,"OCF_SALES":50.34924562944,"TOTAL_PARENT_EQUITY":2220186280.68,"DEBT_ASSET_RATIO":47.580649835,"OPERATE_PROFIT":24619543,"PRETAX_PROFIT":-21091122.12,"NETCASH_OPERATE":69078011.16,"NETCASH_INVEST":-21822178.8,"NETCASH_FINANCE":-116481697.68,"END_CASH":50928456.68,"DIVI_RATIO":-0.102283484063,"DIVIDEND_RATE":0.625,"CURRENT_RATIO":1.01133707468,"COMMON_ACS":20000000000,"CURRENTDEBT_DEBT":65.850537031465,"ISSUED_COMMON_SHARES":2974225233,"HK_COMMON_SHARES":2974225233,"PER_SHARES":10000,"TOTAL_MARKET_CAP":2379380186.4,"HKSK_MARKET_CAP":2379380186.4,"PE_TTM":-16.218033878619,"PB_TTM":0.978121848343,"REPORT_DATE_SQ":"2023-06-30 00:00:00","REPORT_TYPE_SQ":"2023年中报","OPERATE_INCOME_SQ":141270385.5,"DPS_HKD":0.005,"OPERATE_INCOME_QOQ_SQ":10.223091084865,"NET_PROFIT_RATIO_SQ":-59.4328601729,"HOLDER_PROFIT_SQ":-80740554.54,"HOLDER_PROFIT_QOQ_SQ":-107.621292176709,"ROE_AVG_SQ":-3.217527262346,"PE_TTM_SQ":-14.52976634579,"PB_TTM_SQ":0.92006196019,"ROA_SQ":-1.745558963368,"START_DATE":"2024-01-01 00:00:00","FISCAL_YEAR":"12-31","CURRENCY":"HKD","IS_CNY_CODE":0,"DPS_HKD_LY":0.005,"ORG_TYPE":"一般企业","PREMIUM_INCOME":null,"PREMIUM_INCOME_YOY":null,"NET_INTEREST_INCOME":null,"NET_INTEREST_INCOME_YOY":null,"FEE_COMMISSION_INCOME":null,"FEE_COMMISSION_INCOME_YOY":null,"ACCOUNTS_RECE_TDAYS":0.701206741332,"INVENTORY_TDAYS":0.216122253639,"CURRENT_ASSETS_TDAYS":0.099415078985,"TOTAL_ASSETS_TDAYS":0.031513424871,"PREMIUM_EXPENSE":null,"LOAN_DEPOSIT":null,"LOAN_EQUITY":null,"LOAN_ASSETS":null,"DEPOSIT_EQUITY":null,"DEPOSIT_ASSETS":null,"EQUITY_MULTIPLIER":1.907692477782,"EQUITY_RATIO":0.911256305494},{"SECUCODE":"01223.HK","SECURITY_CODE":"01223","SECURITY_NAME_ABBR":"新沣集团","ORG_CODE":"10010562","STD_REPORT_DATE":"2023-12-31 00:00:00","REPORT_DATE":"2023-12-31 00:00:00","DATE_TYPE_CODE":"001","REPORT_TYPE":"2023年年报","PER_NETCASH_OPERATE":0.055866639236,"PER_OI":0.092846999762,"BPS":0.771175952154,"BASIC_EPS":-0.062710424,"DILUTED_EPS":-0.062710424,"OPERATE_INCOME":276147889.5,"OPERATE_INCOME_YOY":9.1605678606,"GROSS_PROFIT":249751513.34,"GROSS_PROFIT_YOY":11.095292391897,"HOLDER_PROFIT":-186602478.86,"HOLDER_PROFIT_YOY":-153.3440783484,"GROSS_PROFIT_RATIO":90.441217491181,"EPS_TTM":-0.06273986139,"OPERATE_INCOME_QOQ":0.471779446205,"NET_PROFIT_RATIO":-70.2160964804,"ROE_AVG":-7.688957073198,"GROSS_PROFIT_QOQ":-0.241530336051,"ROA":-4.110233946173,"HOLDER_PROFIT_QOQ":-23.791196876539,"ROE_YEARLY":-7.688957073198,"ROIC_YEARLY":-4.238938771788,"TOTAL_ASSETS":4423658556.8,"TOTAL_LIABILITIES":2122495923.24,"TAX_EBT":-0.254424312281,"OCF_SALES":60.170645664123,"TOTAL_PARENT_EQUITY":2293650975.98,"DEBT_ASSET_RATIO":47.9805549182,"OPERATE_PROFIT":-105013679.82,"PRETAX_PROFIT":-193408191.06,"NETCASH_OPERATE":166159968.1,"NETCASH_INVEST":-16330084.4,"NETCASH_FINANCE":-123365541.04,"END_CASH":120159334.68,"DIVI_RATIO":-0.072220433703,"DIVIDEND_RATE":0.632911392405,"CURRENT_RATIO":1.22938067773,"COMMON_ACS":20000000000,"CURRENTDEBT_DEBT":53.757884876323,"ISSUED_COMMON_SHARES":2974225233,"HK_COMMON_SHARES":2974225233,"PER_SHARES":10000,"TOTAL_MARKET_CAP":2349637934.07,"HKSK_MARKET_CAP":2349637934.07,"PE_TTM":-16.015308455137,"PB_TTM":0.965895325238,"REPORT_DATE_SQ":"2022-12-31 00:00:00","REPORT_TYPE_SQ":"2022年年报","OPERATE_INCOME_SQ":249359000.31,"DPS_HKD":0.005,"OPERATE_INCOME_QOQ_SQ":-38.085720186589,"NET_PROFIT_RATIO_SQ":-31.8681869799,"HOLDER_PROFIT_SQ":-72603199.06,"HOLDER_PROFIT_QOQ_SQ":-384.94957375198,"ROE_AVG_SQ":-2.723051205712,"PE_TTM_SQ":-16.144184828655,"PB_TTM_SQ":1.022291066878,"ROA_SQ":-1.490261539268,"START_DATE":"2023-01-01 00:00:00","FISCAL_YEAR":"12-31","CURRENCY":"HKD","IS_CNY_CODE":0,"DPS_HKD_LY":0.005,"ORG_TYPE":"一般企业","PREMIUM_INCOME":null,"PREMIUM_INCOME_YOY":null,"NET_INTEREST_INCOME":null,"NET_INTEREST_INCOME_YOY":null,"FEE_COMMISSION_INCOME":null,"FEE_COMMISSION_INCOME_YOY":null,"ACCOUNTS_RECE_TDAYS":1.273239307151,"INVENTORY_TDAYS":0.603401487374,"CURRENT_ASSETS_TDAYS":0.23150803678,"TOTAL_ASSETS_TDAYS":0.060826224631,"PREMIUM_EXPENSE":null,"LOAN_DEPOSIT":null,"LOAN_EQUITY":null,"LOAN_ASSETS":null,"DEPOSIT_EQUITY":null,"DEPOSIT_ASSETS":null,"EQUITY_MULTIPLIER":1.92235806904,"EQUITY_RATIO":0.925378771865},{"SECUCODE":"01223.HK","SECURITY_CODE":"01223","SECURITY_NAME_ABBR":"新沣集团","ORG_CODE":"10010562","STD_REPORT_DATE":"2023-06-30 00:00:00","REPORT_DATE":"2023-06-30 00:00:00","DATE_TYPE_CODE":"002","REPORT_TYPE":"2023年中报","PER_NETCASH_OPERATE":0.014451112566,"PER_OI":0.04749821363,"BPS":0.81168859524,"BASIC_EPS":-0.027106212,"DILUTED_EPS":-0.027106212,"OPERATE_INCOME":141270385.5,"OPERATE_INCOME_YOY":13.1789072483,"GROSS_PROFIT":131909522.56,"GROSS_PROFIT_YOY":24.01976850562,"HOLDER_PROFIT":-80740554.54,"HOLDER_PROFIT_YOY":-2775.960591133,"GROSS_PROFIT_RATIO":93.373796704193,"EPS_TTM":-0.050682005646,"OPERATE_INCOME_QOQ":10.223091084865,"NET_PROFIT_RATIO":-59.4328601729,"ROE_AVG":-3.217527262346,"GROSS_PROFIT_QOQ":11.364270889617,"ROA":-1.745558963368,"HOLDER_PROFIT_QOQ":-107.621292176709,"ROE_YEARLY":-6.435054524692,"ROIC_YEARLY":-3.578792549321,"TOTAL_ASSETS":4513755003.62,"TOTAL_LIABILITIES":2084485220.42,"TAX_EBT":2.35151567141,"OCF_SALES":30.424539076522,"TOTAL_PARENT_EQUITY":2414144701.3,"DEBT_ASSET_RATIO":46.1807346378,"OPERATE_PROFIT":-37918271.46,"PRETAX_PROFIT":-85982932.82,"NETCASH_OPERATE":42980863.64,"NETCASH_INVEST":-16791099.76,"NETCASH_FINANCE":-55978937.68,"END_CASH":64424274.48,"DIVI_RATIO":-0.08940253927,"DIVIDEND_RATE":0.632911392405,"CURRENT_RATIO":1.069122024803,"COMMON_ACS":20000000000,"CURRENTDEBT_DEBT":43.073645250365,"ISSUED_COMMON_SHARES":2974225233,"HK_COMMON_SHARES":2974225233,"PER_SHARES":10000,"TOTAL_MARKET_CAP":2349637934.07,"HKSK_MARKET_CAP":2349637934.07,"PE_TTM":-16.015308455137,"PB_TTM":0.965895325238,"REPORT_DATE_SQ":"2022-06-30 00:00:00","REPORT_TYPE_SQ":"2022年中报","OPERATE_INCOME_SQ":115778187.77,"DPS_HKD":0.005,"OPERATE_INCOME_QOQ_SQ":0.008078008011,"NET_PROFIT_RATIO_SQ":-6.7844559509,"HOLDER_PROFIT_SQ":-2604053.55,"HOLDER_PROFIT_QOQ_SQ":-14.62276222521,"ROE_AVG_SQ":-0.099354035626,"PE_TTM_SQ":-16.144184828655,"PB_TTM_SQ":1.022291066878,"ROA_SQ":-0.054651271939,"START_DATE":"2023-01-01 00:00:00","FISCAL_YEAR":"12-31","CURRENCY":"HKD","IS_CNY_CODE":0,"DPS_HKD_LY":0.005,"ORG_TYPE":"一般企业","PREMIUM_INCOME":null,"PREMIUM_INCOME_YOY":null,"NET_INTEREST_INCOME":null,"NET_INTEREST_INCOME_YOY":null,"FEE_COMMISSION_INCOME":null,"FEE_COMMISSION_INCOME_YOY":null,"ACCOUNTS_RECE_TDAYS":0.604465291325,"INVENTORY_TDAYS":0.211338113922,"CURRENT_ASSETS_TDAYS":0.144158646485,"TOTAL_ASSETS_TDAYS":0.030541750558,"PREMIUM_EXPENSE":null,"LOAN_DEPOSIT":null,"LOAN_EQUITY":null,"LOAN_ASSETS":null,"DEPOSIT_EQUITY":null,"DEPOSIT_ASSETS":null,"EQUITY_MULTIPLIER":1.858070698792,"EQUITY_RATIO":0.863446677118},{"SECUCODE":"01223.HK","SECURITY_CODE":"01223","SECURITY_NAME_ABBR":"新沣集团","ORG_CODE":"10010562","STD_REPORT_DATE":"2022-12-31 00:00:00","REPORT_DATE":"2022-12-31 00:00:00","DATE_TYPE_CODE":"001","REPORT_TYPE":"2022年年报","PER_NETCASH_OPERATE":0.032215652496,"PER_OI":0.083839985467,"BPS":0.848470756263,"BASIC_EPS":-0.024386271,"DILUTED_EPS":-0.024386271,"OPERATE_INCOME":249359000.31,"OPERATE_INCOME_YOY":-13.7079672826,"GROSS_PROFIT":224808367.63,"GROSS_PROFIT_YOY":0.624807213089,"HOLDER_PROFIT":-72603199.06,"HOLDER_PROFIT_YOY":-322.673351415,"GROSS_PROFIT_RATIO":90.154503086121,"EPS_TTM":-0.024410793861,"OPERATE_INCOME_QOQ":-38.085720186589,"NET_PROFIT_RATIO":-31.8681869799,"ROE_AVG":-2.723051205712,"GROSS_PROFIT_QOQ":-23.178669940698,"ROA":-1.490261539268,"HOLDER_PROFIT_QOQ":-384.94957375198,"ROE_YEARLY":-2.723051205712,"ROIC_YEARLY":-1.547622357143,"TOTAL_ASSETS":4589698974.49,"TOTAL_LIABILITIES":2047815222.11,"TAX_EBT":-5.923480287434,"OCF_SALES":38.42516469463,"TOTAL_PARENT_EQUITY":2523543132.74,"DEBT_ASSET_RATIO":44.6176368754,"OPERATE_PROFIT":-13427634.64,"PRETAX_PROFIT":-78190602.91,"NETCASH_OPERATE":95816606.55,"NETCASH_INVEST":53667661.6,"NETCASH_FINANCE":-215174450.68,"END_CASH":87657478.37,"DIVI_RATIO":-0.185618707271,"DIVIDEND_RATE":0.632911392405,"CURRENT_RATIO":1.231389111221,"COMMON_ACS":20000000000,"CURRENTDEBT_DEBT":38.421709466507,"ISSUED_COMMON_SHARES":2974225233,"HK_COMMON_SHARES":2974225233,"PER_SHARES":10000,"TOTAL_MARKET_CAP":2349637934.07,"HKSK_MARKET_CAP":2349637934.07,"PE_TTM":-16.015308455137,"PB_TTM":0.965895325238,"REPORT_DATE_SQ":"2021-12-31 00:00:00","REPORT_TYPE_SQ":"2021年年报","OPERATE_INCOME_SQ":264491964.8,"DPS_HKD":0.005,"OPERATE_INCOME_QOQ_SQ":8.906836782321,"NET_PROFIT_RATIO_SQ":7.2523291626,"HOLDER_PROFIT_SQ":29843217.6,"HOLDER_PROFIT_QOQ_SQ":204.75867370711,"ROE_AVG_SQ":1.210590553009,"PE_TTM_SQ":-16.144184828655,"PB_TTM_SQ":1.022291066878,"ROA_SQ":0.658369335981,"START_DATE":"2022-01-01 00:00:00","FISCAL_YEAR":"12-31","CURRENCY":"HKD","IS_CNY_CODE":0,"DPS_HKD_LY":0.005,"ORG_TYPE":"一般企业","PREMIUM_INCOME":null,"PREMIUM_INCOME_YOY":null,"NET_INTEREST_INCOME":null,"NET_INTEREST_INCOME_YOY":null,"FEE_COMMISSION_INCOME":null,"FEE_COMMISSION_INCOME_YOY":null,"ACCOUNTS_RECE_TDAYS":1.142120110549,"INVENTORY_TDAYS":0.406018480902,"CURRENT_ASSETS_TDAYS":0.259143494236,"TOTAL_ASSETS_TDAYS":0.051183712625,"PREMIUM_EXPENSE":null,"LOAN_DEPOSIT":null,"LOAN_EQUITY":null,"LOAN_ASSETS":null,"DEPOSIT_EQUITY":null,"DEPOSIT_ASSETS":null,"EQUITY_MULTIPLIER":1.805628982913,"EQUITY_RATIO":0.811484137339},{"SECUCODE":"01223.HK","SECURITY_CODE":"01223","SECURITY_NAME_ABBR":"新沣集团","ORG_CODE":"10010562","STD_REPORT_DATE":"2022-06-30 00:00:00","REPORT_DATE":"2022-06-30 00:00:00","DATE_TYPE_CODE":"002","REPORT_TYPE":"2022年中报","PER_NETCASH_OPERATE":0.035854877915,"PER_OI":0.03892717555,"BPS":0.858296734684,"BASIC_EPS":-0.00085519,"DILUTED_EPS":-0.00085519,"OPERATE_INCOME":115778187.77,"OPERATE_INCOME_YOY":-2.6749769956,"GROSS_PROFIT":106361690.68,"GROSS_PROFIT_YOY":1.109987534253,"HOLDER_PROFIT":-2604053.55,"HOLDER_PROFIT_YOY":-243.9716312057,"GROSS_PROFIT_RATIO":91.866777955873,"EPS_TTM":0.008566706572,"OPERATE_INCOME_QOQ":0.008078008011,"NET_PROFIT_RATIO":-6.7844559509,"ROE_AVG":-0.099354035626,"GROSS_PROFIT_QOQ":0.400603695103,"ROA":-0.054651271939,"HOLDER_PROFIT_QOQ":-14.62276222521,"ROE_YEARLY":-0.198708071251,"ROIC_YEARLY":-0.115428584534,"TOTAL_ASSETS":4595436156.15,"TOTAL_LIABILITIES":2022197667.42,"TAX_EBT":-23.953644286946,"OCF_SALES":92.107576283581,"TOTAL_PARENT_EQUITY":2552767805.7,"DEBT_ASSET_RATIO":44.0044774578,"OPERATE_PROFIT":22919947.19,"PRETAX_PROFIT":-8929038.79,"NETCASH_OPERATE":106640482.62,"NETCASH_INVEST":76049481.13,"NETCASH_FINANCE":-84585132.52,"END_CASH":242632796.42,"DIVI_RATIO":0.528919715172,"DIVIDEND_RATE":0.632911392405,"CURRENT_RATIO":1.063428551239,"COMMON_ACS":20000000000,"CURRENTDEBT_DEBT":38.3026772189,"ISSUED_COMMON_SHARES":2974225233,"HK_COMMON_SHARES":2974225233,"PER_SHARES":10000,"TOTAL_MARKET_CAP":2349637934.07,"HKSK_MARKET_CAP":2349637934.07,"PE_TTM":-16.015308455137,"PB_TTM":0.965895325238,"REPORT_DATE_SQ":"2021-06-30 00:00:00","REPORT_TYPE_SQ":"2021年中报","OPERATE_INCOME_SQ":115745656.32,"DPS_HKD":0.005,"OPERATE_INCOME_QOQ_SQ":24.76099736187,"NET_PROFIT_RATIO_SQ":0.3568917969,"HOLDER_PROFIT_SQ":1759849.2,"HOLDER_PROFIT_QOQ_SQ":84.353523531599,"ROE_AVG_SQ":0.073142289592,"PE_TTM_SQ":-16.144184828655,"PB_TTM_SQ":1.022291066878,"ROA_SQ":0.039511584507,"START_DATE":"2022-01-01 00:00:00","FISCAL_YEAR":"12-31","CURRENCY":"HKD","IS_CNY_CODE":0,"DPS_HKD_LY":0.005,"ORG_TYPE":"一般企业","PREMIUM_INCOME":null,"PREMIUM_INCOME_YOY":null,"NET_INTEREST_INCOME":null,"NET_INTEREST_INCOME_YOY":null,"FEE_COMMISSION_INCOME":null,"FEE_COMMISSION_INCOME_YOY":null,"ACCOUNTS_RECE_TDAYS":0.510551721537,"INVENTORY_TDAYS":0.179227163227,"CURRENT_ASSETS_TDAYS":0.13318792973,"TOTAL_ASSETS_TDAYS":0.024298368305,"PREMIUM_EXPENSE":null,"LOAN_DEPOSIT":null,"LOAN_EQUITY":null,"LOAN_ASSETS":null,"DEPOSIT_EQUITY":null,"DEPOSIT_ASSETS":null,"EQUITY_MULTIPLIER":1.785857073209,"EQUITY_RATIO":0.792158872775},{"SECUCODE":"01223.HK","SECURITY_CODE":"01223","SECURITY_NAME_ABBR":"新沣集团","ORG_CODE":"10010562","STD_REPORT_DATE":"2021-12-31 00:00:00","REPORT_DATE":"2021-12-31 00:00:00","DATE_TYPE_CODE":"001","REPORT_TYPE":"2021年年报","PER_NETCASH_OPERATE":0.033835190854,"PER_OI":0.088928021276,"BPS":0.864425570557,"BASIC_EPS":0.01005648,"DILUTED_EPS":0.01005648,"OPERATE_INCOME":264491964.8,"OPERATE_INCOME_YOY":39.8683549192,"GROSS_PROFIT":223412470.4,"GROSS_PROFIT_YOY":8.167269404765,"HOLDER_PROFIT":29843217.6,"HOLDER_PROFIT_YOY":116.8729891646,"GROSS_PROFIT_RATIO":72.376101137123,"EPS_TTM":0.010033946746,"OPERATE_INCOME_QOQ":8.906836782321,"NET_PROFIT_RATIO":7.2523291626,"ROE_AVG":1.210590553009,"GROSS_PROFIT_QOQ":7.659376782114,"ROA":0.658369335981,"HOLDER_PROFIT_QOQ":204.75867370711,"ROE_YEARLY":1.210590553009,"ROIC_YEARLY":0.691532024492,"TOTAL_ASSETS":4717386027.2,"TOTAL_LIABILITIES":2125372457.6,"TAX_EBT":28.704028493565,"OCF_SALES":24.98868155896,"TOTAL_PARENT_EQUITY":2570996344,"DEBT_ASSET_RATIO":45.0540287639,"OPERATE_PROFIT":80803408,"PRETAX_PROFIT":30301073.6,"NETCASH_OPERATE":100633478.4,"NETCASH_INVEST":-83970790.4,"NETCASH_FINANCE":-62593003.2,"END_CASH":142489692.8,"DIVI_RATIO":0.45157704286,"DIVIDEND_RATE":0.632911392405,"CURRENT_RATIO":1.460925305588,"COMMON_ACS":20000000000,"CURRENTDEBT_DEBT":28.169635541249,"ISSUED_COMMON_SHARES":2974225233,"HK_COMMON_SHARES":2974225233,"PER_SHARES":10000,"TOTAL_MARKET_CAP":2349637934.07,"HKSK_MARKET_CAP":2349637934.07,"PE_TTM":-16.015308455137,"PB_TTM":0.965895325238,"REPORT_DATE_SQ":"2020-12-31 00:00:00","REPORT_TYPE_SQ":"2020年年报","OPERATE_INCOME_SQ":296391100.76,"DPS_HKD":0.005,"OPERATE_INCOME_QOQ_SQ":2.503818726522,"NET_PROFIT_RATIO_SQ":-61.644314074,"HOLDER_PROFIT_SQ":-182070297.92,"HOLDER_PROFIT_QOQ_SQ":-49.289938258907,"ROE_AVG_SQ":-7.455470273135,"PE_TTM_SQ":-16.144184828655,"PB_TTM_SQ":1.022291066878,"ROA_SQ":-4.128822041888,"START_DATE":"2021-01-01 00:00:00","FISCAL_YEAR":"12-31","CURRENCY":"HKD","IS_CNY_CODE":0,"DPS_HKD_LY":0.005,"ORG_TYPE":"一般企业","PREMIUM_INCOME":null,"PREMIUM_INCOME_YOY":null,"NET_INTEREST_INCOME":null,"NET_INTEREST_INCOME_YOY":null,"FEE_COMMISSION_INCOME":null,"FEE_COMMISSION_INCOME_YOY":null,"ACCOUNTS_RECE_TDAYS":1.454135997393,"INVENTORY_TDAYS":1.834129771044,"CURRENT_ASSETS_TDAYS":0.492051694703,"TOTAL_ASSETS_TDAYS":0.088842974648,"PREMIUM_EXPENSE":null,"LOAN_DEPOSIT":null,"LOAN_EQUITY":null,"LOAN_ASSETS":null,"DEPOSIT_EQUITY":null,"DEPOSIT_ASSETS":null,"EQUITY_MULTIPLIER":1.819969649282,"EQUITY_RATIO":0.826672687637},{"SECUCODE":"01223.HK","SECURITY_CODE":"01223","SECURITY_NAME_ABBR":"新沣集团","ORG_CODE":"10010562","STD_REPORT_DATE":"2021-06-30 00:00:00","REPORT_DATE":"2021-06-30 00:00:00","DATE_TYPE_CODE":"002","REPORT_TYPE":"2021年中报","PER_NETCASH_OPERATE":0.022781151087,"PER_OI":0.03891623776,"BPS":0.810624303731,"BASIC_EPS":0.000582456,"DILUTED_EPS":0.000582456,"OPERATE_INCOME":115745656.32,"OPERATE_INCOME_YOY":82.1880695532,"GROSS_PROFIT":105194049.84,"GROSS_PROFIT_YOY":42.040920780296,"HOLDER_PROFIT":1759849.2,"HOLDER_PROFIT_YOY":101.2724866133,"GROSS_PROFIT_RATIO":74.870221164765,"EPS_TTM":-0.009578153666,"OPERATE_INCOME_QOQ":24.76099736187,"NET_PROFIT_RATIO":0.3568917969,"ROE_AVG":0.073142289592,"GROSS_PROFIT_QOQ":31.07833614954,"ROA":0.039511584507,"HOLDER_PROFIT_QOQ":84.353523531599,"ROE_YEARLY":0.146284579185,"ROIC_YEARLY":0.083353375255,"TOTAL_ASSETS":4482592193.04,"TOTAL_LIABILITIES":2054779123.92,"TAX_EBT":-61.20425455201,"OCF_SALES":36.694064420772,"TOTAL_PARENT_EQUITY":2410979258.64,"DEBT_ASSET_RATIO":45.8390822861,"OPERATE_PROFIT":26403562.56,"PRETAX_PROFIT":-4615547.76,"NETCASH_OPERATE":67756274.4,"NETCASH_INVEST":-47110705.44,"NETCASH_FINANCE":-5617372.08,"END_CASH":209696641.2,"DIVI_RATIO":-0.473066120866,"DIVIDEND_RATE":0.632911392405,"CURRENT_RATIO":1.17538804015,"COMMON_ACS":20000000000,"CURRENTDEBT_DEBT":32.489069423989,"ISSUED_COMMON_SHARES":2974225233,"HK_COMMON_SHARES":2974225233,"PER_SHARES":10000,"TOTAL_MARKET_CAP":2349637934.07,"HKSK_MARKET_CAP":2349637934.07,"PE_TTM":-16.015308455137,"PB_TTM":0.965895325238,"REPORT_DATE_SQ":"2020-06-30 00:00:00","REPORT_TYPE_SQ":"2020年中报","OPERATE_INCOME_SQ":111262472.64,"DPS_HKD":0.005,"OPERATE_INCOME_QOQ_SQ":-17.007914796822,"NET_PROFIT_RATIO_SQ":-139.0350229053,"HOLDER_PROFIT_SQ":-151822862.4,"HOLDER_PROFIT_QOQ_SQ":-289.870617366666,"ROE_AVG_SQ":-5.921234506679,"PE_TTM_SQ":-16.144184828655,"PB_TTM_SQ":1.022291066878,"ROA_SQ":-3.22710950611,"START_DATE":"2021-01-01 00:00:00","FISCAL_YEAR":"12-31","CURRENCY":"HKD","IS_CNY_CODE":0,"DPS_HKD_LY":0.005,"ORG_TYPE":"一般企业","PREMIUM_INCOME":null,"PREMIUM_INCOME_YOY":null,"NET_INTEREST_INCOME":null,"NET_INTEREST_INCOME_YOY":null,"FEE_COMMISSION_INCOME":null,"FEE_COMMISSION_INCOME_YOY":null,"ACCOUNTS_RECE_TDAYS":0.665128610944,"INVENTORY_TDAYS":0.820567527203,"CURRENT_ASSETS_TDAYS":0.236675687566,"TOTAL_ASSETS_TDAYS":0.041457459988,"PREMIUM_EXPENSE":null,"LOAN_DEPOSIT":null,"LOAN_EQUITY":null,"LOAN_ASSETS":null,"DEPOSIT_EQUITY":null,"DEPOSIT_ASSETS":null,"EQUITY_MULTIPLIER":1.846349807591,"EQUITY_RATIO":0.85225914597},{"SECUCODE":"01223.HK","SECURITY_CODE":"01223","SECURITY_NAME_ABBR":"新沣集团","ORG_CODE":"10010562","STD_REPORT_DATE":"2020-12-31 00:00:00","REPORT_DATE":"2020-12-31 00:00:00","DATE_TYPE_CODE":"001","REPORT_TYPE":"2020年年报","PER_NETCASH_OPERATE":0.036546595326,"PER_OI":0.099653213036,"BPS":0.816593560451,"BASIC_EPS":-0.061187228,"DILUTED_EPS":-0.061187228,"OPERATE_INCOME":296391100.76,"OPERATE_INCOME_YOY":-9.4576597145,"GROSS_PROFIT":206543505.84,"GROSS_PROFIT_YOY":-17.390476345751,"HOLDER_PROFIT":-182070297.92,"HOLDER_PROFIT_YOY":-401.6916533017,"GROSS_PROFIT_RATIO":69.686136091936,"EPS_TTM":-0.061216042383,"OPERATE_INCOME_QOQ":2.503818726522,"NET_PROFIT_RATIO":-61.644314074,"ROE_AVG":-7.455470273135,"GROSS_PROFIT_QOQ":2.7643048789,"ROA":-4.128822041888,"HOLDER_PROFIT_QOQ":-49.289938258907,"ROE_YEARLY":-7.455470273135,"ROIC_YEARLY":-4.301605098343,"TOTAL_ASSETS":4476269073.12,"TOTAL_LIABILITIES":2038181913.56,"TAX_EBT":-1.344500154057,"OCF_SALES":36.673775198135,"TOTAL_PARENT_EQUITY":2428733172.6,"DEBT_ASSET_RATIO":45.5330517506,"OPERATE_PROFIT":-121522716.32,"PRETAX_PROFIT":-180284337.84,"NETCASH_OPERATE":108697806,"NETCASH_INVEST":-108611958.72,"NETCASH_FINANCE":77831500.64,"END_CASH":197429386.28,"DIVI_RATIO":-0.074018179281,"DIVIDEND_RATE":0.632911392405,"CURRENT_RATIO":1.007175746366,"COMMON_ACS":20000000000,"CURRENTDEBT_DEBT":38.222159088798,"ISSUED_COMMON_SHARES":2974225233,"HK_COMMON_SHARES":2974225233,"PER_SHARES":10000,"TOTAL_MARKET_CAP":2349637934.07,"HKSK_MARKET_CAP":2349637934.07,"PE_TTM":-16.015308455137,"PB_TTM":0.965895325238,"REPORT_DATE_SQ":"2019-12-31 00:00:00","REPORT_TYPE_SQ":"2019年年报","OPERATE_INCOME_SQ":348408256.32,"DPS_HKD":0.005,"OPERATE_INCOME_QOQ_SQ":0.555869631883,"NET_PROFIT_RATIO_SQ":21.0583014521,"HOLDER_PROFIT_SQ":64231904.9,"HOLDER_PROFIT_QOQ_SQ":-41.137837587574,"ROE_AVG_SQ":2.613005995465,"PE_TTM_SQ":-16.144184828655,"PB_TTM_SQ":1.022291066878,"ROA_SQ":1.507375481756,"START_DATE":"2020-01-01 00:00:00","FISCAL_YEAR":"12-31","CURRENCY":"HKD","IS_CNY_CODE":0,"DPS_HKD_LY":0.008,"ORG_TYPE":"一般企业","PREMIUM_INCOME":null,"PREMIUM_INCOME_YOY":null,"NET_INTEREST_INCOME":null,"NET_INTEREST_INCOME_YOY":null,"FEE_COMMISSION_INCOME":null,"FEE_COMMISSION_INCOME_YOY":null,"ACCOUNTS_RECE_TDAYS":1.7662482916,"INVENTORY_TDAYS":1.64693994045,"CURRENT_ASSETS_TDAYS":0.364952406614,"TOTAL_ASSETS_TDAYS":0.067212836131,"PREMIUM_EXPENSE":null,"LOAN_DEPOSIT":null,"LOAN_EQUITY":null,"LOAN_ASSETS":null,"DEPOSIT_EQUITY":null,"DEPOSIT_ASSETS":null,"EQUITY_MULTIPLIER":1.835975820457,"EQUITY_RATIO":0.839195485348},{"SECUCODE":"01223.HK","SECURITY_CODE":"01223","SECURITY_NAME_ABBR":"新沣集团","ORG_CODE":"10010562","STD_REPORT_DATE":"2020-06-30 00:00:00","REPORT_DATE":"2020-06-30 00:00:00","DATE_TYPE_CODE":"002","REPORT_TYPE":"2020年中报","PER_NETCASH_OPERATE":0.009584865545,"PER_OI":0.037408892711,"BPS":0.82815922529,"BASIC_EPS":-0.051061296,"DILUTED_EPS":-0.051061296,"OPERATE_INCOME":111262472.64,"OPERATE_INCOME_YOY":-37.1638457134,"GROSS_PROFIT":74058974.88,"GROSS_PROFIT_YOY":-39.836028063026,"HOLDER_PROFIT":-151822862.4,"HOLDER_PROFIT_YOY":-525.4376983721,"GROSS_PROFIT_RATIO":66.562402508908,"EPS_TTM":-0.041004801192,"OPERATE_INCOME_QOQ":-17.007914796822,"NET_PROFIT_RATIO":-139.0350229053,"ROE_AVG":-5.921234506679,"GROSS_PROFIT_QOQ":-19.612628381423,"ROA":-3.22710950611,"HOLDER_PROFIT_QOQ":-289.870617366666,"ROE_YEARLY":-11.842469013358,"ROIC_YEARLY":-6.770406792648,"TOTAL_ASSETS":4695488994.24,"TOTAL_LIABILITIES":2225608434.72,"TAX_EBT":-1.663445030075,"OCF_SALES":25.621890547264,"TOTAL_PARENT_EQUITY":2463132064.8,"DEBT_ASSET_RATIO":47.398863834,"OPERATE_PROFIT":-116722103.52,"PRETAX_PROFIT":-152162662.08,"NETCASH_OPERATE":26417598.24,"NETCASH_INVEST":-40622503.68,"NETCASH_FINANCE":179422452,"END_CASH":276656313.12,"DIVI_RATIO":-0.110501694149,"DIVIDEND_RATE":0.632911392405,"CURRENT_RATIO":2.112776444031,"COMMON_ACS":20000000000,"CURRENTDEBT_DEBT":20.326712806375,"ISSUED_COMMON_SHARES":2974225233,"HK_COMMON_SHARES":2974225233,"PER_SHARES":10000,"TOTAL_MARKET_CAP":2349637934.07,"HKSK_MARKET_CAP":2349637934.07,"PE_TTM":-16.015308455137,"PB_TTM":0.965895325238,"REPORT_DATE_SQ":"2019-06-30 00:00:00","REPORT_TYPE_SQ":"2019年中报","OPERATE_INCOME_SQ":170519452.02,"DPS_HKD":0.005,"OPERATE_INCOME_QOQ_SQ":3.5588556455,"NET_PROFIT_RATIO_SQ":21.5561757469,"HOLDER_PROFIT_SQ":34366556.88,"HOLDER_PROFIT_QOQ_SQ":5.352804588265,"ROE_AVG_SQ":1.511608583606,"PE_TTM_SQ":-16.144184828655,"PB_TTM_SQ":1.022291066878,"ROA_SQ":0.87057272334,"START_DATE":"2020-01-01 00:00:00","FISCAL_YEAR":"12-31","CURRENCY":"HKD","IS_CNY_CODE":0,"DPS_HKD_LY":0.008,"ORG_TYPE":"一般企业","PREMIUM_INCOME":null,"PREMIUM_INCOME_YOY":null,"NET_INTEREST_INCOME":null,"NET_INTEREST_INCOME_YOY":null,"FEE_COMMISSION_INCOME":null,"FEE_COMMISSION_INCOME_YOY":null,"ACCOUNTS_RECE_TDAYS":0.686149807628,"INVENTORY_TDAYS":0.549093360297,"CURRENT_ASSETS_TDAYS":0.119183369944,"TOTAL_ASSETS_TDAYS":0.023649678148,"PREMIUM_EXPENSE":null,"LOAN_DEPOSIT":null,"LOAN_EQUITY":null,"LOAN_ASSETS":null,"DEPOSIT_EQUITY":null,"DEPOSIT_ASSETS":null,"EQUITY_MULTIPLIER":1.901099620442,"EQUITY_RATIO":0.90356845519}],"count":48},"success":true,"message":"ok","code":0}