{"version":"a781246140b186384e2d2ee487ed4d90","result":{"pages":5,"data":[{"SECUCODE":"01226.HK","SECURITY_CODE":"01226","SECURITY_NAME_ABBR":"中国投融资","ORG_CODE":"10010565","STD_REPORT_DATE":"2024-06-30 00:00:00","REPORT_DATE":"2024-09-30 00:00:00","DATE_TYPE_CODE":"002","REPORT_TYPE":"2024年中报","PER_NETCASH_OPERATE":-0.013251570105,"PER_OI":0.007251972556,"BPS":0.331990844908,"BASIC_EPS":-0.015240251,"DILUTED_EPS":-0.015240251,"OPERATE_INCOME":2992139.22,"OPERATE_INCOME_YOY":24.3628185907,"GROSS_PROFIT":null,"GROSS_PROFIT_YOY":null,"HOLDER_PROFIT":-6281869.14,"HOLDER_PROFIT_YOY":74.8474453873,"GROSS_PROFIT_RATIO":null,"EPS_TTM":-0.082985383181,"OPERATE_INCOME_QOQ":0,"NET_PROFIT_RATIO":-209.9457504521,"ROE_AVG":-4.483231324696,"GROSS_PROFIT_QOQ":null,"ROA":-4.254630407232,"HOLDER_PROFIT_QOQ":0,"ROE_YEARLY":-8.966462649393,"ROIC_YEARLY":-8.726753399688,"TOTAL_ASSETS":143536110.72,"TOTAL_LIABILITIES":6557816.88,"TAX_EBT":null,"OCF_SALES":-182.730560578662,"TOTAL_PARENT_EQUITY":136978293.84,"DEBT_ASSET_RATIO":4.5687575392,"OPERATE_PROFIT":-6067243.12,"PRETAX_PROFIT":-6281869.14,"NETCASH_OPERATE":-5467552.77,"NETCASH_INVEST":null,"NETCASH_FINANCE":null,"END_CASH":945977.71,"DIVI_RATIO":null,"DIVIDEND_RATE":null,"CURRENT_RATIO":16.402502750275,"COMMON_ACS":1200000000000,"CURRENTDEBT_DEBT":100,"ISSUED_COMMON_SHARES":412596600,"HK_COMMON_SHARES":412596600,"PER_SHARES":10000,"TOTAL_MARKET_CAP":222802164,"HKSK_MARKET_CAP":222802164,"PE_TTM":-13.075244366197,"PB_TTM":1.466807315532,"REPORT_DATE_SQ":"2023-06-30 00:00:00","REPORT_TYPE_SQ":"2023年中报","OPERATE_INCOME_SQ":2448236.84,"DPS_HKD":null,"OPERATE_INCOME_QOQ_SQ":0,"NET_PROFIT_RATIO_SQ":-1038.0434782609,"HOLDER_PROFIT_SQ":-25413762.85,"HOLDER_PROFIT_QOQ_SQ":0,"ROE_AVG_SQ":-15.151805277829,"PE_TTM_SQ":-2.512799490637,"PB_TTM_SQ":1.208950827532,"ROA_SQ":-14.532717636564,"START_DATE":"2024-04-01 00:00:00","FISCAL_YEAR":"3-31","CURRENCY":"HKD","IS_CNY_CODE":0,"DPS_HKD_LY":null,"ORG_TYPE":"证券","PREMIUM_INCOME":null,"PREMIUM_INCOME_YOY":null,"NET_INTEREST_INCOME":null,"NET_INTEREST_INCOME_YOY":null,"FEE_COMMISSION_INCOME":null,"FEE_COMMISSION_INCOME_YOY":null,"ACCOUNTS_RECE_TDAYS":null,"INVENTORY_TDAYS":null,"CURRENT_ASSETS_TDAYS":0.026710137052,"TOTAL_ASSETS_TDAYS":0.020265379976,"PREMIUM_EXPENSE":null,"LOAN_DEPOSIT":null,"LOAN_EQUITY":null,"LOAN_ASSETS":null,"DEPOSIT_EQUITY":null,"DEPOSIT_ASSETS":null,"EQUITY_MULTIPLIER":1.047874861747,"EQUITY_RATIO":0.047874861748},{"SECUCODE":"01226.HK","SECURITY_CODE":"01226","SECURITY_NAME_ABBR":"中国投融资","ORG_CODE":"10010565","STD_REPORT_DATE":"2023-12-31 00:00:00","REPORT_DATE":"2024-03-31 00:00:00","DATE_TYPE_CODE":"001","REPORT_TYPE":"2023年年报","PER_NETCASH_OPERATE":-0.04498291588,"PER_OI":0.01168461616,"BPS":0.349048795119,"BASIC_EPS":-0.082949325,"DILUTED_EPS":-0.082949325,"OPERATE_INCOME":4821032.9,"OPERATE_INCOME_YOY":48.0512249443,"GROSS_PROFIT":null,"GROSS_PROFIT_YOY":null,"HOLDER_PROFIT":-34239486.95,"HOLDER_PROFIT_YOY":8.2207426128,"GROSS_PROFIT_RATIO":null,"EPS_TTM":-0.176156877711,"OPERATE_INCOME_QOQ":0,"NET_PROFIT_RATIO":-710.2106054908,"ROE_AVG":-21.248800960919,"GROSS_PROFIT_QOQ":null,"ROA":-20.263317434855,"HOLDER_PROFIT_QOQ":0,"ROE_YEARLY":-21.248800960919,"ROIC_YEARLY":-22.342901932946,"TOTAL_ASSETS":152560579.85,"TOTAL_LIABILITIES":8544233.75,"TAX_EBT":null,"OCF_SALES":-384.975554719819,"TOTAL_PARENT_EQUITY":144016346.1,"DEBT_ASSET_RATIO":5.6005514389,"OPERATE_PROFIT":-33856922.85,"PRETAX_PROFIT":-34239486.95,"NETCASH_OPERATE":-18559798.15,"NETCASH_INVEST":null,"NETCASH_FINANCE":null,"END_CASH":6447383.6,"DIVI_RATIO":null,"DIVIDEND_RATE":null,"CURRENT_RATIO":13.704615384615,"COMMON_ACS":1200000000000,"CURRENTDEBT_DEBT":100,"ISSUED_COMMON_SHARES":412596600,"HK_COMMON_SHARES":412596600,"PER_SHARES":10000,"TOTAL_MARKET_CAP":259935858,"HKSK_MARKET_CAP":259935858,"PE_TTM":-15.254451760563,"PB_TTM":1.711275201454,"REPORT_DATE_SQ":"2022-12-31 00:00:00","REPORT_TYPE_SQ":"2022年年报","OPERATE_INCOME_SQ":3144472.72,"DPS_HKD":null,"OPERATE_INCOME_QOQ_SQ":0,"NET_PROFIT_RATIO_SQ":-1145.6570155902,"HOLDER_PROFIT_SQ":-36024872.32,"HOLDER_PROFIT_QOQ_SQ":0,"ROE_AVG_SQ":-20.254659821925,"PE_TTM_SQ":-4.060595426711,"PB_TTM_SQ":0.989141586163,"ROA_SQ":-19.13098860332,"START_DATE":"2023-04-01 00:00:00","FISCAL_YEAR":"3-31","CURRENCY":"HKD","IS_CNY_CODE":0,"DPS_HKD_LY":null,"ORG_TYPE":"证券","PREMIUM_INCOME":null,"PREMIUM_INCOME_YOY":null,"NET_INTEREST_INCOME":null,"NET_INTEREST_INCOME_YOY":null,"FEE_COMMISSION_INCOME":null,"FEE_COMMISSION_INCOME_YOY":null,"ACCOUNTS_RECE_TDAYS":null,"INVENTORY_TDAYS":null,"CURRENT_ASSETS_TDAYS":0.034328835124,"TOTAL_ASSETS_TDAYS":0.028531420509,"PREMIUM_EXPENSE":null,"LOAN_DEPOSIT":null,"LOAN_EQUITY":null,"LOAN_ASSETS":null,"DEPOSIT_EQUITY":null,"DEPOSIT_ASSETS":null,"EQUITY_MULTIPLIER":1.059328221979,"EQUITY_RATIO":0.059328221979},{"SECUCODE":"01226.HK","SECURITY_CODE":"01226","SECURITY_NAME_ABBR":"中国投融资","ORG_CODE":"10010565","STD_REPORT_DATE":"2023-06-30 00:00:00","REPORT_DATE":"2023-09-30 00:00:00","DATE_TYPE_CODE":"002","REPORT_TYPE":"2023年中报","PER_NETCASH_OPERATE":-0.047598834455,"PER_OI":0.00593373004,"BPS":0.375719871855,"BASIC_EPS":-0.061572973,"DILUTED_EPS":-0.061572973,"OPERATE_INCOME":2448236.84,"OPERATE_INCOME_YOY":36.610343062,"GROSS_PROFIT":null,"GROSS_PROFIT_YOY":null,"HOLDER_PROFIT":-25413762.85,"HOLDER_PROFIT_YOY":-322.7897996943,"GROSS_PROFIT_RATIO":null,"EPS_TTM":-0.087312576788,"OPERATE_INCOME_QOQ":0,"NET_PROFIT_RATIO":-1038.0434782609,"ROE_AVG":-15.151805277829,"GROSS_PROFIT_QOQ":null,"ROA":-14.532717636564,"HOLDER_PROFIT_QOQ":0,"ROE_YEARLY":-30.303610555657,"ROIC_YEARLY":-31.890883548473,"TOTAL_ASSETS":162094751.35,"TOTAL_LIABILITIES":7074009.67,"TAX_EBT":null,"OCF_SALES":-802.173913043478,"TOTAL_PARENT_EQUITY":155020741.68,"DEBT_ASSET_RATIO":4.3641201279,"OPERATE_PROFIT":-25228401.59,"PRETAX_PROFIT":-25413762.85,"NETCASH_OPERATE":-19639117.26,"NETCASH_INVEST":null,"NETCASH_FINANCE":null,"END_CASH":5673706.29,"DIVI_RATIO":null,"DIVIDEND_RATE":null,"CURRENT_RATIO":17.373589311195,"COMMON_ACS":1200000000000,"CURRENTDEBT_DEBT":100,"ISSUED_COMMON_SHARES":412596600,"HK_COMMON_SHARES":412596600,"PER_SHARES":10000,"TOTAL_MARKET_CAP":259935858,"HKSK_MARKET_CAP":259935858,"PE_TTM":-15.254451760563,"PB_TTM":1.711275201454,"REPORT_DATE_SQ":"2022-06-30 00:00:00","REPORT_TYPE_SQ":"2022年中报","OPERATE_INCOME_SQ":1766371.32,"DPS_HKD":null,"OPERATE_INCOME_QOQ_SQ":0,"NET_PROFIT_RATIO_SQ":636.5079365079,"HOLDER_PROFIT_SQ":11243093.64,"HOLDER_PROFIT_QOQ_SQ":0,"ROE_AVG_SQ":5.405628707102,"PE_TTM_SQ":-4.060595426711,"PB_TTM_SQ":0.989141586163,"ROA_SQ":5.13994153425,"START_DATE":"2023-04-01 00:00:00","FISCAL_YEAR":"3-31","CURRENCY":"HKD","IS_CNY_CODE":0,"DPS_HKD_LY":null,"ORG_TYPE":"证券","PREMIUM_INCOME":null,"PREMIUM_INCOME_YOY":null,"NET_INTEREST_INCOME":null,"NET_INTEREST_INCOME_YOY":null,"FEE_COMMISSION_INCOME":null,"FEE_COMMISSION_INCOME_YOY":null,"ACCOUNTS_RECE_TDAYS":null,"INVENTORY_TDAYS":null,"CURRENT_ASSETS_TDAYS":0.016961544085,"TOTAL_ASSETS_TDAYS":0.014000104948,"PREMIUM_EXPENSE":null,"LOAN_DEPOSIT":null,"LOAN_EQUITY":null,"LOAN_ASSETS":null,"DEPOSIT_EQUITY":null,"DEPOSIT_ASSETS":null,"EQUITY_MULTIPLIER":1.045632665624,"EQUITY_RATIO":0.045632665625},{"SECUCODE":"01226.HK","SECURITY_CODE":"01226","SECURITY_NAME_ABBR":"中国投融资","ORG_CODE":"10010565","STD_REPORT_DATE":"2022-12-31 00:00:00","REPORT_DATE":"2023-03-31 00:00:00","DATE_TYPE_CODE":"001","REPORT_TYPE":"2022年年报","PER_NETCASH_OPERATE":-0.014535829694,"PER_OI":0.007621179428,"BPS":0.4171938007,"BASIC_EPS":-0.095594772,"DILUTED_EPS":-0.095594772,"OPERATE_INCOME":3144472.72,"OPERATE_INCOME_YOY":-19.7856185797,"GROSS_PROFIT":null,"GROSS_PROFIT_YOY":null,"HOLDER_PROFIT":-36024872.32,"HOLDER_PROFIT_YOY":-486.3778854374,"GROSS_PROFIT_RATIO":null,"EPS_TTM":-0.018430248965,"OPERATE_INCOME_QOQ":0,"NET_PROFIT_RATIO":-1145.6570155902,"ROE_AVG":-20.254659821925,"GROSS_PROFIT_QOQ":null,"ROA":-19.13098860332,"HOLDER_PROFIT_QOQ":0,"ROE_YEARLY":-20.254659821925,"ROIC_YEARLY":-21.007762029103,"TOTAL_ASSETS":179016967.95,"TOTAL_LIABILITIES":6884224.24,"TAX_EBT":null,"OCF_SALES":-190.729398663697,"TOTAL_PARENT_EQUITY":172132743.71,"DEBT_ASSET_RATIO":3.8455707964,"OPERATE_PROFIT":-35600298.47,"PRETAX_PROFIT":-36024872.32,"NETCASH_OPERATE":-5997433.91,"NETCASH_INVEST":null,"NETCASH_FINANCE":20648295.67,"END_CASH":24148184.85,"DIVI_RATIO":null,"DIVIDEND_RATE":null,"CURRENT_RATIO":22.973168870804,"COMMON_ACS":1200000000000,"CURRENTDEBT_DEBT":100,"ISSUED_COMMON_SHARES":412596600,"HK_COMMON_SHARES":412596600,"PER_SHARES":10000,"TOTAL_MARKET_CAP":259935858,"HKSK_MARKET_CAP":259935858,"PE_TTM":-15.254451760563,"PB_TTM":1.711275201454,"REPORT_DATE_SQ":"2021-12-31 00:00:00","REPORT_TYPE_SQ":"2021年年报","OPERATE_INCOME_SQ":3631702.78,"DPS_HKD":null,"OPERATE_INCOME_QOQ_SQ":0,"NET_PROFIT_RATIO_SQ":-156.7217507816,"HOLDER_PROFIT_SQ":-5691668.18,"HOLDER_PROFIT_QOQ_SQ":0,"ROE_AVG_SQ":-3.463788895442,"PE_TTM_SQ":-4.060595426711,"PB_TTM_SQ":0.989141586163,"ROA_SQ":-3.271993174412,"START_DATE":"2022-04-01 00:00:00","FISCAL_YEAR":"3-31","CURRENCY":"HKD","IS_CNY_CODE":0,"DPS_HKD_LY":null,"ORG_TYPE":"证券","PREMIUM_INCOME":null,"PREMIUM_INCOME_YOY":null,"NET_INTEREST_INCOME":null,"NET_INTEREST_INCOME_YOY":null,"FEE_COMMISSION_INCOME":null,"FEE_COMMISSION_INCOME_YOY":null,"ACCOUNTS_RECE_TDAYS":null,"INVENTORY_TDAYS":null,"CURRENT_ASSETS_TDAYS":0.018849805047,"TOTAL_ASSETS_TDAYS":0.01669870506,"PREMIUM_EXPENSE":null,"LOAN_DEPOSIT":null,"LOAN_EQUITY":null,"LOAN_ASSETS":null,"DEPOSIT_EQUITY":null,"DEPOSIT_ASSETS":null,"EQUITY_MULTIPLIER":1.039993693772,"EQUITY_RATIO":0.039993693772},{"SECUCODE":"01226.HK","SECURITY_CODE":"01226","SECURITY_NAME_ABBR":"中国投融资","ORG_CODE":"10010565","STD_REPORT_DATE":"2022-06-30 00:00:00","REPORT_DATE":"2022-09-30 00:00:00","DATE_TYPE_CODE":"002","REPORT_TYPE":"2022年中报","PER_NETCASH_OPERATE":0.015546149629,"PER_OI":0.004281109733,"BPS":0.548484029485,"BASIC_EPS":0.03301206,"DILUTED_EPS":0.031112736,"OPERATE_INCOME":1766371.32,"OPERATE_INCOME_YOY":-18.0100755668,"GROSS_PROFIT":null,"GROSS_PROFIT_YOY":null,"HOLDER_PROFIT":11243093.64,"HOLDER_PROFIT_YOY":-21.2829280648,"GROSS_PROFIT_RATIO":null,"EPS_TTM":-0.017507621365,"OPERATE_INCOME_QOQ":0,"NET_PROFIT_RATIO":636.5079365079,"ROE_AVG":5.405628707102,"GROSS_PROFIT_QOQ":null,"ROA":5.13994153425,"HOLDER_PROFIT_QOQ":0,"ROE_YEARLY":10.811257414204,"ROIC_YEARLY":11.528171267209,"TOTAL_ASSETS":233331048.96,"TOTAL_LIABILITIES":7028403.24,"TAX_EBT":null,"OCF_SALES":363.133640552995,"TOTAL_PARENT_EQUITY":226302645.72,"DEBT_ASSET_RATIO":3.0122023071,"OPERATE_PROFIT":11495432.4,"PRETAX_PROFIT":11243093.64,"NETCASH_OPERATE":6414288.48,"NETCASH_INVEST":null,"NETCASH_FINANCE":21332121.84,"END_CASH":37558679.88,"DIVI_RATIO":null,"DIVIDEND_RATE":null,"CURRENT_RATIO":29.895122892807,"COMMON_ACS":1200000000000,"CURRENTDEBT_DEBT":100,"ISSUED_COMMON_SHARES":412596600,"HK_COMMON_SHARES":412596600,"PER_SHARES":10000,"TOTAL_MARKET_CAP":259935858,"HKSK_MARKET_CAP":259935858,"PE_TTM":-15.254451760563,"PB_TTM":1.711275201454,"REPORT_DATE_SQ":"2021-06-30 00:00:00","REPORT_TYPE_SQ":"2021年中报","OPERATE_INCOME_SQ":1984348.92,"DPS_HKD":null,"OPERATE_INCOME_QOQ_SQ":0,"NET_PROFIT_RATIO_SQ":662.9722921914,"HOLDER_PROFIT_SQ":13155683.52,"HOLDER_PROFIT_QOQ_SQ":0,"ROE_AVG_SQ":7.378904798951,"PE_TTM_SQ":-4.060595426711,"PB_TTM_SQ":0.989141586163,"ROA_SQ":7.103418340152,"START_DATE":"2022-04-01 00:00:00","FISCAL_YEAR":"3-31","CURRENCY":"HKD","IS_CNY_CODE":0,"DPS_HKD_LY":null,"ORG_TYPE":"证券","PREMIUM_INCOME":null,"PREMIUM_INCOME_YOY":null,"NET_INTEREST_INCOME":null,"NET_INTEREST_INCOME_YOY":null,"FEE_COMMISSION_INCOME":null,"FEE_COMMISSION_INCOME_YOY":null,"ACCOUNTS_RECE_TDAYS":0.163348946136,"INVENTORY_TDAYS":null,"CURRENT_ASSETS_TDAYS":0.009025537697,"TOTAL_ASSETS_TDAYS":0.008075219867,"PREMIUM_EXPENSE":null,"LOAN_DEPOSIT":null,"LOAN_EQUITY":null,"LOAN_ASSETS":null,"DEPOSIT_EQUITY":null,"DEPOSIT_ASSETS":null,"EQUITY_MULTIPLIER":1.031057538977,"EQUITY_RATIO":0.031057538977},{"SECUCODE":"01226.HK","SECURITY_CODE":"01226","SECURITY_NAME_ABBR":"中国投融资","ORG_CODE":"10010565","STD_REPORT_DATE":"2021-12-31 00:00:00","REPORT_DATE":"2022-03-31 00:00:00","DATE_TYPE_CODE":"001","REPORT_TYPE":"2021年年报","PER_NETCASH_OPERATE":-0.019792742649,"PER_OI":0.011171149683,"BPS":0.412220949349,"BASIC_EPS":-0.018409927,"DILUTED_EPS":-0.018409927,"OPERATE_INCOME":3631702.78,"OPERATE_INCOME_YOY":-4.3775357677,"GROSS_PROFIT":null,"GROSS_PROFIT_YOY":null,"HOLDER_PROFIT":-5691668.18,"HOLDER_PROFIT_YOY":-296.6377136453,"GROSS_PROFIT_RATIO":null,"EPS_TTM":0.084602865917,"OPERATE_INCOME_QOQ":0,"NET_PROFIT_RATIO":-156.7217507816,"ROE_AVG":-3.463788895442,"GROSS_PROFIT_QOQ":null,"ROA":-3.271993174412,"HOLDER_PROFIT_QOQ":0,"ROE_YEARLY":-3.463788895442,"ROIC_YEARLY":-3.37943255581,"TOTAL_ASSETS":183059555.18,"TOTAL_LIABILITIES":12978593.03,"TAX_EBT":null,"OCF_SALES":-177.177311299687,"TOTAL_PARENT_EQUITY":170080962.15,"DEBT_ASSET_RATIO":7.0898200409,"OPERATE_PROFIT":-5291840.25,"PRETAX_PROFIT":-5691668.18,"NETCASH_OPERATE":-6434553.34,"NETCASH_INVEST":null,"NETCASH_FINANCE":12971293.94,"END_CASH":8798647.49,"DIVI_RATIO":null,"DIVIDEND_RATE":null,"CURRENT_RATIO":12.526213834906,"COMMON_ACS":1200000000000,"CURRENTDEBT_DEBT":100,"ISSUED_COMMON_SHARES":412596600,"HK_COMMON_SHARES":412596600,"PER_SHARES":10000,"TOTAL_MARKET_CAP":259935858,"HKSK_MARKET_CAP":259935858,"PE_TTM":-15.254451760563,"PB_TTM":1.711275201454,"REPORT_DATE_SQ":"2020-12-31 00:00:00","REPORT_TYPE_SQ":"2020年年报","OPERATE_INCOME_SQ":3957977.94,"DPS_HKD":null,"OPERATE_INCOME_QOQ_SQ":0,"NET_PROFIT_RATIO_SQ":76.2118300235,"HOLDER_PROFIT_SQ":3016447.42,"HOLDER_PROFIT_QOQ_SQ":0,"ROE_AVG_SQ":1.887600753136,"PE_TTM_SQ":-4.060595426711,"PB_TTM_SQ":0.989141586163,"ROA_SQ":1.805959311519,"START_DATE":"2021-04-01 00:00:00","FISCAL_YEAR":"3-31","CURRENCY":"HKD","IS_CNY_CODE":0,"DPS_HKD_LY":null,"ORG_TYPE":"证券","PREMIUM_INCOME":null,"PREMIUM_INCOME_YOY":null,"NET_INTEREST_INCOME":null,"NET_INTEREST_INCOME_YOY":null,"FEE_COMMISSION_INCOME":null,"FEE_COMMISSION_INCOME_YOY":null,"ACCOUNTS_RECE_TDAYS":null,"INVENTORY_TDAYS":null,"CURRENT_ASSETS_TDAYS":0.025284507169,"TOTAL_ASSETS_TDAYS":0.020877722193,"PREMIUM_EXPENSE":null,"LOAN_DEPOSIT":null,"LOAN_EQUITY":null,"LOAN_ASSETS":null,"DEPOSIT_EQUITY":null,"DEPOSIT_ASSETS":null,"EQUITY_MULTIPLIER":1.0763083232,"EQUITY_RATIO":0.076308323201},{"SECUCODE":"01226.HK","SECURITY_CODE":"01226","SECURITY_NAME_ABBR":"中国投融资","ORG_CODE":"10010565","STD_REPORT_DATE":"2021-06-30 00:00:00","REPORT_DATE":"2021-09-30 00:00:00","DATE_TYPE_CODE":"002","REPORT_TYPE":"2021年中报","PER_NETCASH_OPERATE":0.008830374603,"PER_OI":0.006103874725,"BPS":0.469483453087,"BASIC_EPS":0.045984912,"DILUTED_EPS":0.043985568,"OPERATE_INCOME":1984348.92,"OPERATE_INCOME_YOY":9.3162000918,"GROSS_PROFIT":null,"GROSS_PROFIT_YOY":null,"HOLDER_PROFIT":13155683.52,"HOLDER_PROFIT_YOY":222.4565756824,"GROSS_PROFIT_RATIO":null,"EPS_TTM":0.011134228836,"OPERATE_INCOME_QOQ":0,"NET_PROFIT_RATIO":662.9722921914,"ROE_AVG":7.378904798951,"GROSS_PROFIT_QOQ":null,"ROA":7.103418340152,"HOLDER_PROFIT_QOQ":0,"ROE_YEARLY":14.757809597903,"ROIC_YEARLY":15.053871066912,"TOTAL_ASSETS":201079857.5,"TOTAL_LIABILITIES":7372581,"TAX_EBT":null,"OCF_SALES":144.668345927792,"TOTAL_PARENT_EQUITY":193707276.5,"DEBT_ASSET_RATIO":3.6664940445,"OPERATE_PROFIT":13343122.02,"PRETAX_PROFIT":13155683.52,"NETCASH_OPERATE":2870724.76,"NETCASH_INVEST":null,"NETCASH_FINANCE":13323961.64,"END_CASH":18518090.74,"DIVI_RATIO":null,"DIVIDEND_RATE":null,"CURRENT_RATIO":21.854915254237,"COMMON_ACS":1200000000000,"CURRENTDEBT_DEBT":100,"ISSUED_COMMON_SHARES":412596600,"HK_COMMON_SHARES":412596600,"PER_SHARES":10000,"TOTAL_MARKET_CAP":259935858,"HKSK_MARKET_CAP":259935858,"PE_TTM":-15.254451760563,"PB_TTM":1.711275201454,"REPORT_DATE_SQ":"2020-06-30 00:00:00","REPORT_TYPE_SQ":"2020年中报","OPERATE_INCOME_SQ":1914730.88,"DPS_HKD":null,"OPERATE_INCOME_QOQ_SQ":0,"NET_PROFIT_RATIO_SQ":-591.8311151905,"HOLDER_PROFIT_SQ":-11331973.12,"HOLDER_PROFIT_QOQ_SQ":0,"ROE_AVG_SQ":-7.13102765651,"PE_TTM_SQ":-4.060595426711,"PB_TTM_SQ":0.989141586163,"ROA_SQ":-6.814428876776,"START_DATE":"2021-04-01 00:00:00","FISCAL_YEAR":"3-31","CURRENCY":"HKD","IS_CNY_CODE":0,"DPS_HKD_LY":null,"ORG_TYPE":"证券","PREMIUM_INCOME":null,"PREMIUM_INCOME_YOY":null,"NET_INTEREST_INCOME":null,"NET_INTEREST_INCOME_YOY":null,"FEE_COMMISSION_INCOME":null,"FEE_COMMISSION_INCOME_YOY":null,"ACCOUNTS_RECE_TDAYS":null,"INVENTORY_TDAYS":null,"CURRENT_ASSETS_TDAYS":0.0137224629,"TOTAL_ASSETS_TDAYS":0.010714502588,"PREMIUM_EXPENSE":null,"LOAN_DEPOSIT":null,"LOAN_EQUITY":null,"LOAN_ASSETS":null,"DEPOSIT_EQUITY":null,"DEPOSIT_ASSETS":null,"EQUITY_MULTIPLIER":1.03806042361,"EQUITY_RATIO":0.03806042361},{"SECUCODE":"01226.HK","SECURITY_CODE":"01226","SECURITY_NAME_ABBR":"中国投融资","ORG_CODE":"10010565","STD_REPORT_DATE":"2020-12-31 00:00:00","REPORT_DATE":"2021-03-31 00:00:00","DATE_TYPE_CODE":"001","REPORT_TYPE":"2020年年报","PER_NETCASH_OPERATE":-0.0169836766,"PER_OI":0.014609580734,"BPS":0.400482604752,"BASIC_EPS":0.012086074,"DILUTED_EPS":0.012086074,"OPERATE_INCOME":3957977.94,"OPERATE_INCOME_YOY":59.8293515358,"GROSS_PROFIT":null,"GROSS_PROFIT_YOY":null,"HOLDER_PROFIT":3016447.42,"HOLDER_PROFIT_YOY":102.8241121732,"GROSS_PROFIT_RATIO":null,"EPS_TTM":-0.291887899191,"OPERATE_INCOME_QOQ":0,"NET_PROFIT_RATIO":76.2118300235,"ROE_AVG":1.887600753136,"GROSS_PROFIT_QOQ":null,"ROA":1.805959311519,"HOLDER_PROFIT_QOQ":0,"ROE_YEARLY":1.887600753136,"ROIC_YEARLY":1.826061151815,"TOTAL_ASSETS":171787906.08,"TOTAL_LIABILITIES":6550145,"TAX_EBT":null,"OCF_SALES":-116.250266922913,"TOTAL_PARENT_EQUITY":165237761.08,"DEBT_ASSET_RATIO":3.8129255717,"OPERATE_PROFIT":3361280.86,"PRETAX_PROFIT":3016447.42,"NETCASH_OPERATE":-4601159.92,"NETCASH_INVEST":null,"NETCASH_FINANCE":5638195.78,"END_CASH":2357207.02,"DIVI_RATIO":null,"DIVIDEND_RATE":null,"CURRENT_RATIO":19.838967741936,"COMMON_ACS":1200000000000,"CURRENTDEBT_DEBT":100,"ISSUED_COMMON_SHARES":412596600,"HK_COMMON_SHARES":412596600,"PER_SHARES":10000,"TOTAL_MARKET_CAP":259935858,"HKSK_MARKET_CAP":259935858,"PE_TTM":-15.254451760563,"PB_TTM":1.711275201454,"REPORT_DATE_SQ":"2019-12-31 00:00:00","REPORT_TYPE_SQ":"2019年年报","OPERATE_INCOME_SQ":2677141,"DPS_HKD":null,"OPERATE_INCOME_QOQ_SQ":0,"NET_PROFIT_RATIO_SQ":-4313.1740614334,"HOLDER_PROFIT_SQ":-115469751.2,"HOLDER_PROFIT_QOQ_SQ":0,"ROE_AVG_SQ":-51.407047031737,"PE_TTM_SQ":-4.060595426711,"PB_TTM_SQ":0.989141586163,"ROA_SQ":-49.754918365178,"START_DATE":"2020-04-01 00:00:00","FISCAL_YEAR":"3-31","CURRENCY":"HKD","IS_CNY_CODE":0,"DPS_HKD_LY":null,"ORG_TYPE":"证券","PREMIUM_INCOME":null,"PREMIUM_INCOME_YOY":null,"NET_INTEREST_INCOME":null,"NET_INTEREST_INCOME_YOY":null,"FEE_COMMISSION_INCOME":null,"FEE_COMMISSION_INCOME_YOY":null,"ACCOUNTS_RECE_TDAYS":0.157300728897,"INVENTORY_TDAYS":null,"CURRENT_ASSETS_TDAYS":0.03171346146,"TOTAL_ASSETS_TDAYS":0.023696574547,"PREMIUM_EXPENSE":null,"LOAN_DEPOSIT":null,"LOAN_EQUITY":null,"LOAN_ASSETS":null,"DEPOSIT_EQUITY":null,"DEPOSIT_ASSETS":null,"EQUITY_MULTIPLIER":1.039640727139,"EQUITY_RATIO":0.039640727139},{"SECUCODE":"01226.HK","SECURITY_CODE":"01226","SECURITY_NAME_ABBR":"中国投融资","ORG_CODE":"10010565","STD_REPORT_DATE":"2020-06-30 00:00:00","REPORT_DATE":"2020-09-30 00:00:00","DATE_TYPE_CODE":"002","REPORT_TYPE":"2020年中报","PER_NETCASH_OPERATE":0.012961055616,"PER_OI":0.00706760265,"BPS":0.381309267987,"BASIC_EPS":-0.049823424,"DILUTED_EPS":-0.049823424,"OPERATE_INCOME":1914730.88,"OPERATE_INCOME_YOY":263.7729549249,"GROSS_PROFIT":null,"GROSS_PROFIT_YOY":null,"HOLDER_PROFIT":-11331973.12,"HOLDER_PROFIT_YOY":75.6260749589,"GROSS_PROFIT_RATIO":null,"EPS_TTM":-0.051145630576,"OPERATE_INCOME_QOQ":0,"NET_PROFIT_RATIO":-591.8311151905,"ROE_AVG":-7.13102765651,"GROSS_PROFIT_QOQ":null,"ROA":-6.814428876776,"HOLDER_PROFIT_QOQ":0,"ROE_YEARLY":-14.262055313019,"ROIC_YEARLY":-14.144228132712,"TOTAL_ASSETS":163881280,"TOTAL_LIABILITIES":6554372.48,"TAX_EBT":null,"OCF_SALES":183.386874713171,"TOTAL_PARENT_EQUITY":157326907.52,"DEBT_ASSET_RATIO":3.999463807,"OPERATE_PROFIT":-11157986.56,"PRETAX_PROFIT":-11331973.12,"NETCASH_OPERATE":3511365.12,"NETCASH_INVEST":null,"NETCASH_FINANCE":5861941.12,"END_CASH":10745866.88,"DIVI_RATIO":null,"DIVIDEND_RATE":null,"CURRENT_RATIO":16.709880681056,"COMMON_ACS":1200000000000,"CURRENTDEBT_DEBT":100,"ISSUED_COMMON_SHARES":412596600,"HK_COMMON_SHARES":412596600,"PER_SHARES":10000,"TOTAL_MARKET_CAP":259935858,"HKSK_MARKET_CAP":259935858,"PE_TTM":-15.254451760563,"PB_TTM":1.711275201454,"REPORT_DATE_SQ":"2019-06-30 00:00:00","REPORT_TYPE_SQ":"2019年中报","OPERATE_INCOME_SQ":540303.99,"DPS_HKD":null,"OPERATE_INCOME_QOQ_SQ":0,"NET_PROFIT_RATIO_SQ":-8832.8881469115,"HOLDER_PROFIT_SQ":-47724447.09,"HOLDER_PROFIT_QOQ_SQ":0,"ROE_AVG_SQ":-18.724375591673,"PE_TTM_SQ":-4.060595426711,"PB_TTM_SQ":0.989141586163,"ROA_SQ":-18.211733038691,"START_DATE":"2020-04-01 00:00:00","FISCAL_YEAR":"3-31","CURRENCY":"HKD","IS_CNY_CODE":0,"DPS_HKD_LY":null,"ORG_TYPE":"证券","PREMIUM_INCOME":null,"PREMIUM_INCOME_YOY":null,"NET_INTEREST_INCOME":null,"NET_INTEREST_INCOME_YOY":null,"FEE_COMMISSION_INCOME":null,"FEE_COMMISSION_INCOME_YOY":null,"ACCOUNTS_RECE_TDAYS":null,"INVENTORY_TDAYS":null,"CURRENT_ASSETS_TDAYS":0.016369981106,"TOTAL_ASSETS_TDAYS":0.011514144326,"PREMIUM_EXPENSE":null,"LOAN_DEPOSIT":null,"LOAN_EQUITY":null,"LOAN_ASSETS":null,"DEPOSIT_EQUITY":null,"DEPOSIT_ASSETS":null,"EQUITY_MULTIPLIER":1.041660848633,"EQUITY_RATIO":0.041660848632}],"count":43},"success":true,"message":"ok","code":0}